,成交时间,成交价格,成交金额,成交量,性质
0,09:25:00,12.53,11265723,8991,卖盘
1,09:30:00,12.52,2582567,2062,卖盘
2,09:30:03,12.5,5684329,4544,卖盘
3,09:30:06,12.5,596644,477,卖盘
4,09:30:09,12.51,5283436,4226,买盘
5,09:30:12,12.51,898480,718,卖盘
6,09:30:15,12.5,619099,495,卖盘
7,09:30:18,12.5,1239751,992,卖盘
8,09:30:21,12.5,717500,574,卖盘
9,09:30:24,12.5,142426,114,买盘
10,09:30:27,12.5,2468977,1974,买盘
11,09:30:30,12.5,156217,125,买盘
12,09:30:33,12.5,560962,449,买盘
13,09:30:36,12.49,197449,158,卖盘
14,09:30:39,12.49,643279,515,卖盘
15,09:30:42,12.47,5368649,4304,卖盘
16,09:30:45,12.49,1032563,827,买盘
17,09:30:48,12.49,559679,448,卖盘
18,09:30:51,12.48,273436,219,卖盘
19,09:30:54,12.48,851160,682,卖盘
20,09:30:57,12.47,396651,318,卖盘
21,09:31:00,12.47,1773816,1422,卖盘
22,09:31:03,12.47,194605,156,卖盘
23,09:31:06,12.48,1011228,811,买盘
24,09:31:09,12.48,616173,494,买盘
25,09:31:12,12.48,615081,493,买盘
26,09:31:15,12.47,1061272,851,卖盘
27,09:31:18,12.48,535171,429,买盘
28,09:31:21,12.49,516706,414,买盘
29,09:31:24,12.48,940921,754,卖盘
30,09:31:27,12.48,1014023,812,卖盘
31,09:31:30,12.49,581873,466,买盘
32,09:31:33,12.49,129817,104,买盘
33,09:31:36,12.48,350728,281,卖盘
34,09:31:39,12.49,415705,333,买盘
35,09:31:42,12.49,258358,207,买盘
36,09:31:45,12.49,522028,418,买盘
37,09:31:48,12.48,850379,681,卖盘
38,09:31:51,12.49,714428,572,买盘
39,09:31:54,12.49,134892,108,卖盘
40,09:31:57,12.5,79953,64,买盘
41,09:32:00,12.49,92456,74,卖盘
42,09:32:03,12.5,128653,103,买盘
43,09:32:06,12.49,183640,147,卖盘
44,09:32:09,12.5,436196,349,买盘
45,09:32:12,12.49,853243,683,卖盘
46,09:32:15,12.49,2053360,1644,卖盘
47,09:32:18,12.48,686599,550,卖盘
48,09:32:21,12.47,1244147,997,卖盘
49,09:32:24,12.47,560245,449,卖盘
50,09:32:27,12.47,943441,756,卖盘
51,09:32:30,12.47,482892,387,卖盘
52,09:32:33,12.48,2995162,2400,买盘
53,09:32:36,12.48,395912,317,卖盘
54,09:32:39,12.5,267313,214,买盘
55,09:32:42,12.5,1195046,956,买盘
56,09:32:45,12.5,491318,393,卖盘
57,09:32:48,12.51,338743,271,买盘
58,09:32:51,12.5,371132,297,卖盘
59,09:32:54,12.49,301255,241,卖盘
60,09:32:57,12.5,148747,119,买盘
61,09:33:00,12.5,312502,250,卖盘
62,09:33:03,12.5,546250,437,卖盘
63,09:33:06,12.5,188764,151,卖盘
64,09:33:09,12.51,310243,248,买盘
65,09:33:12,12.51,38780,31,买盘
66,09:33:15,12.51,223898,179,买盘
67,09:33:18,12.51,670349,536,买盘
68,09:33:21,12.5,2509093,2007,卖盘
69,09:33:24,12.5,1183364,946,卖盘
70,09:33:27,12.5,702748,562,卖盘
71,09:33:30,12.51,3445980,2755,买盘
72,09:33:33,12.51,375324,300,卖盘
73,09:33:36,12.51,506850,405,卖盘
74,09:33:39,12.51,436739,349,卖盘
75,09:33:42,12.51,315295,252,卖盘
76,09:33:45,12.51,237725,190,卖盘
77,09:33:48,12.52,648474,518,买盘
78,09:33:51,12.51,496669,397,卖盘
79,09:33:54,12.51,274036,219,卖盘
80,09:33:57,12.51,319057,255,卖盘
81,09:34:00,12.51,530483,424,卖盘
82,09:34:03,12.5,8867081,7088,卖盘
83,09:34:06,12.5,1587796,1270,卖盘
84,09:34:09,12.51,786254,629,买盘
85,09:34:12,12.5,841301,673,卖盘
86,09:34:15,12.5,475274,380,卖盘
87,09:34:18,12.5,226356,181,卖盘
88,09:34:21,12.5,208856,167,卖盘
89,09:34:24,12.5,282551,226,卖盘
90,09:34:27,12.51,122529,98,买盘
91,09:34:30,12.51,212558,170,买盘
92,09:34:33,12.51,67551,54,买盘
93,09:34:36,12.51,165079,132,买盘
94,09:34:39,12.51,6261938,5006,买盘
95,09:34:42,12.51,774403,619,卖盘
96,09:34:45,12.51,401581,321,卖盘
97,09:34:48,12.5,10185879,8148,卖盘
98,09:34:51,12.48,850444,681,卖盘
99,09:34:54,12.49,1270698,1018,买盘
100,09:34:57,12.48,810026,649,卖盘
101,09:35:00,12.49,822914,659,买盘
102,09:35:03,12.48,1296706,1039,卖盘
103,09:35:06,12.48,582584,467,买盘
104,09:35:09,12.48,1768303,1418,买盘
105,09:35:12,12.48,653575,524,买盘
106,09:35:15,12.48,1195223,958,买盘
107,09:35:18,12.48,527696,423,买盘
108,09:35:21,12.47,507627,407,卖盘
109,09:35:24,12.46,6413820,5146,卖盘
110,09:35:27,12.45,9856981,7918,卖盘
111,09:35:30,12.44,1005287,808,卖盘
112,09:35:33,12.44,1857312,1494,买盘
113,09:35:36,12.44,545718,439,买盘
114,09:35:39,12.44,2161076,1738,买盘
115,09:35:42,12.43,2153981,1732,卖盘
116,09:35:45,12.43,1724919,1387,卖盘
117,09:35:48,12.42,2903104,2337,卖盘
118,09:35:51,12.42,3864476,3110,买盘
119,09:35:54,12.43,2494259,2007,买盘
120,09:35:57,12.43,861504,693,卖盘
121,09:36:00,12.44,2527231,2032,买盘
122,09:36:03,12.42,1414520,1138,卖盘
123,09:36:06,12.43,358001,288,中性盘
124,09:36:09,12.44,1824838,1468,买盘
125,09:36:12,12.46,6741772,5415,买盘
126,09:36:15,12.46,386159,310,买盘
127,09:36:18,12.45,1073838,863,卖盘
128,09:36:21,12.46,287771,231,买盘
129,09:36:24,12.46,325434,261,卖盘
130,09:36:27,12.47,317864,255,买盘
131,09:36:30,12.47,223267,179,卖盘
132,09:36:33,12.48,753976,605,买盘
133,09:36:36,12.46,170814,137,卖盘
134,09:36:39,12.47,567090,455,买盘
135,09:36:42,12.47,243100,195,卖盘
136,09:36:45,12.47,620564,498,买盘
137,09:36:48,12.47,66067,53,买盘
138,09:36:51,12.47,327801,263,买盘
139,09:36:54,12.46,274187,220,卖盘
140,09:36:57,12.47,77286,62,买盘
141,09:37:00,12.46,1243626,998,卖盘
142,09:37:03,12.46,2880104,2313,买盘
143,09:37:06,12.44,2451990,1971,卖盘
144,09:37:09,12.44,82104,66,买盘
145,09:37:12,12.44,526011,423,买盘
146,09:37:15,12.45,187842,151,买盘
147,09:37:18,12.45,189118,152,买盘
148,09:37:21,12.45,2680587,2154,买盘
149,09:37:24,12.45,128288,103,中性盘
150,09:37:27,12.45,246464,198,买盘
151,09:37:30,12.44,575148,462,卖盘
152,09:37:33,12.45,65985,53,买盘
153,09:37:36,12.45,266388,214,买盘
154,09:37:39,12.45,1025757,824,买盘
155,09:37:42,12.45,136984,110,卖盘
156,09:37:45,12.45,271531,218,卖盘
157,09:37:48,12.45,171810,138,卖盘
158,09:37:51,12.45,2390446,1920,卖盘
159,09:37:54,12.46,156895,126,买盘
160,09:37:57,12.45,92130,74,卖盘
161,09:38:00,12.45,411043,330,卖盘
162,09:38:03,12.45,896442,720,卖盘
163,09:38:06,12.45,179391,144,卖盘
164,09:38:09,12.45,115800,93,卖盘
165,09:38:12,12.45,145707,117,卖盘
166,09:38:15,12.45,705902,567,卖盘
167,09:38:18,12.45,94620,76,买盘
168,09:38:21,12.45,239039,192,买盘
169,09:38:24,12.45,1466218,1177,买盘
170,09:38:27,12.45,39840,32,卖盘
171,09:38:30,12.45,925095,743,卖盘
172,09:38:33,12.45,490530,394,卖盘
173,09:38:36,12.45,695949,559,买盘
174,09:38:39,12.45,102129,82,中性盘
175,09:38:42,12.45,220335,177,买盘
176,09:38:45,12.45,1426794,1146,买盘
177,09:38:48,12.45,84660,68,卖盘
178,09:38:51,12.45,1414320,1136,卖盘
179,09:38:54,12.46,12452,10,买盘
180,09:38:57,12.45,441978,355,卖盘
181,09:39:00,12.45,209162,168,卖盘
182,09:39:03,12.45,37361,30,卖盘
183,09:39:06,12.45,422069,339,卖盘
184,09:39:09,12.45,2112497,1698,买盘
185,09:39:12,12.45,795076,639,买盘
186,09:39:15,12.44,497714,400,卖盘
187,09:39:18,12.45,271360,218,买盘
188,09:39:21,12.45,439138,353,买盘
189,09:39:24,12.45,293820,236,买盘
190,09:39:27,12.44,715326,575,卖盘
191,09:39:30,12.45,454139,365,买盘
192,09:39:33,12.44,268774,216,卖盘
193,09:39:36,12.45,4359560,3502,买盘
194,09:39:39,12.45,222792,179,买盘
195,09:39:42,12.44,119448,96,卖盘
196,09:39:45,12.44,1253887,1007,卖盘
197,09:39:48,12.45,282584,227,买盘
198,09:39:51,12.45,426907,343,卖盘
199,09:39:54,12.45,23655,19,买盘
200,09:39:57,12.45,491775,395,买盘
201,09:40:00,12.45,447938,360,买盘
202,09:40:03,12.45,2648086,2127,买盘
203,09:40:06,12.44,174250,140,卖盘
204,09:40:09,12.45,144420,116,买盘
205,09:40:12,12.45,771369,620,买盘
206,09:40:15,12.44,79631,64,卖盘
207,09:40:18,12.44,4393835,3532,卖盘
208,09:40:21,12.44,2971090,2387,买盘
209,09:40:24,12.44,125592,101,买盘
210,09:40:27,12.43,905074,728,卖盘
211,09:40:30,12.43,1940503,1561,卖盘
212,09:40:33,12.43,11300146,9091,卖盘
213,09:40:36,12.42,893239,719,卖盘
214,09:40:39,12.43,755426,608,买盘
215,09:40:42,12.42,247290,199,卖盘
216,09:40:45,12.43,423574,341,买盘
217,09:40:48,12.42,1771162,1426,卖盘
218,09:40:51,12.42,1445886,1164,卖盘
219,09:40:54,12.43,6457257,5195,买盘
220,09:40:57,12.43,1124904,905,卖盘
221,09:41:00,12.43,1134874,913,买盘
222,09:41:03,12.43,1175878,946,卖盘
223,09:41:06,12.43,646380,520,卖盘
224,09:41:09,12.43,701069,564,卖盘
225,09:41:12,12.43,781896,629,卖盘
226,09:41:15,12.43,6607005,5312,卖盘
227,09:41:18,12.43,740883,596,卖盘
228,09:41:21,12.43,339355,273,卖盘
229,09:41:24,12.42,719907,579,卖盘
230,09:41:27,12.43,381682,307,买盘
231,09:41:30,12.42,185184,149,卖盘
232,09:41:33,12.42,637394,513,卖盘
233,09:41:36,12.43,132979,107,买盘
234,09:41:39,12.43,561574,452,买盘
235,09:41:42,12.43,195067,157,买盘
236,09:41:45,12.43,89482,72,买盘
237,09:41:48,12.43,7022960,5650,买盘
238,09:41:51,12.43,698466,562,卖盘
239,09:41:54,12.43,420197,338,中性盘
240,09:41:57,12.43,382869,308,卖盘
241,09:42:00,12.43,510918,411,卖盘
242,09:42:03,12.43,1284030,1033,卖盘
243,09:42:06,12.43,4290109,3449,卖盘
244,09:42:09,12.43,3064179,2465,卖盘
245,09:42:12,12.43,495954,399,卖盘
246,09:42:15,12.43,527149,424,卖盘
247,09:42:18,12.43,135507,109,卖盘
248,09:42:21,12.43,326921,263,卖盘
249,09:42:24,12.44,2977077,2395,买盘
250,09:42:27,12.44,146678,118,买盘
251,09:42:30,12.43,164076,132,卖盘
252,09:42:33,12.43,303315,244,卖盘
253,09:42:36,12.43,203868,164,卖盘
254,09:42:39,12.43,626493,504,卖盘
255,09:42:42,12.45,7919311,6366,买盘
256,09:42:45,12.44,306064,246,卖盘
257,09:42:48,12.45,683450,549,买盘
258,09:42:51,12.45,608545,489,买盘
259,09:42:54,12.45,559880,450,买盘
260,09:42:57,12.45,902605,725,买盘
261,09:43:00,12.44,4330092,3478,卖盘
262,09:43:03,12.45,189124,152,买盘
263,09:43:06,12.44,167996,135,卖盘
264,09:43:09,12.44,153023,123,卖盘
265,09:43:12,12.45,441631,355,买盘
266,09:43:15,12.45,150544,121,买盘
267,09:43:18,12.45,108276,87,买盘
268,09:43:21,12.44,979073,787,卖盘
269,09:43:24,12.43,347028,279,卖盘
270,09:43:27,12.44,146791,118,买盘
271,09:43:30,12.44,505034,406,买盘
272,09:43:33,12.44,406775,327,买盘
273,09:43:36,12.44,352052,283,买盘
274,09:43:39,12.44,99543,80,卖盘
275,09:43:42,12.45,111986,90,买盘
276,09:43:45,12.44,612048,492,卖盘
277,09:43:48,12.44,116936,94,买盘
278,09:43:51,12.44,104453,84,买盘
279,09:43:54,12.44,185289,149,买盘
280,09:43:57,12.44,93293,75,买盘
281,09:44:00,12.44,108228,87,买盘
282,09:44:03,12.44,735202,591,买盘
283,09:44:06,12.43,312205,251,卖盘
284,09:44:09,12.44,263710,212,买盘
285,09:44:12,12.44,274924,221,买盘
286,09:44:15,12.44,88324,71,买盘
287,09:44:18,12.43,896639,721,卖盘
288,09:44:21,12.44,968495,779,买盘
289,09:44:24,12.44,104495,84,买盘
290,09:44:27,12.44,109452,88,买盘
291,09:44:30,12.43,611646,492,卖盘
292,09:44:33,12.44,232537,187,买盘
293,09:44:36,12.43,179099,144,卖盘
294,09:44:39,12.43,248633,200,卖盘
295,09:44:42,12.43,1068286,859,卖盘
296,09:44:45,12.44,1536622,1236,买盘
297,09:44:48,12.43,386883,311,卖盘
298,09:44:51,12.44,92026,74,买盘
299,09:44:54,12.44,52234,42,买盘
300,09:44:57,12.44,292134,235,买盘
301,09:45:00,12.43,457493,368,卖盘
302,09:45:03,12.44,3995520,3212,买盘
303,09:45:06,12.44,268678,216,买盘
304,09:45:09,12.44,1998787,1608,买盘
305,09:45:12,12.43,2962332,2383,卖盘
306,09:45:15,12.43,188945,152,卖盘
307,09:45:18,12.43,335646,270,卖盘
308,09:45:21,12.44,105707,85,买盘
309,09:45:24,12.43,106974,86,卖盘
310,09:45:27,12.43,105671,85,卖盘
311,09:45:30,12.43,65909,53,卖盘
312,09:45:33,12.44,385569,310,买盘
313,09:45:36,12.44,326933,263,买盘
314,09:45:39,12.43,2234986,1798,卖盘
315,09:45:42,12.42,6843457,5506,卖盘
316,09:45:45,12.43,593845,478,买盘
317,09:45:48,12.43,452359,364,买盘
318,09:45:51,12.42,483318,389,卖盘
319,09:45:54,12.43,293990,237,买盘
320,09:45:57,12.43,98179,79,买盘
321,09:46:00,12.42,484631,390,卖盘
322,09:46:03,12.42,15719923,12657,卖盘
323,09:46:06,12.42,1197752,965,买盘
324,09:46:09,12.42,782207,630,买盘
325,09:46:12,12.42,541222,436,买盘
326,09:46:15,12.41,420751,339,卖盘
327,09:46:18,12.41,8335855,6717,卖盘
328,09:46:21,12.41,3823527,3081,卖盘
329,09:46:24,12.41,599272,483,买盘
330,09:46:27,12.4,461578,372,卖盘
331,09:46:30,12.41,630233,508,买盘
332,09:46:33,12.4,2315142,1867,卖盘
333,09:46:36,12.4,1405483,1133,卖盘
334,09:46:39,12.4,16717727,13482,卖盘
335,09:46:42,12.39,665843,537,卖盘
336,09:46:45,12.4,1088194,878,买盘
337,09:46:48,12.4,1177491,950,买盘
338,09:46:51,12.4,739829,597,买盘
339,09:46:54,12.4,482157,389,买盘
340,09:46:57,12.4,298734,241,买盘
341,09:47:00,12.39,752548,607,卖盘
342,09:47:03,12.39,536677,433,卖盘
343,09:47:06,12.39,691837,558,卖盘
344,09:47:09,12.4,633152,511,买盘
345,09:47:12,12.39,1348094,1088,卖盘
346,09:47:15,12.4,459743,371,买盘
347,09:47:18,12.4,172285,139,买盘
348,09:47:21,12.39,928640,749,卖盘
349,09:47:24,12.4,1197760,966,买盘
350,09:47:27,12.39,483593,390,卖盘
351,09:47:30,12.4,931046,751,买盘
352,09:47:33,12.4,1420193,1146,买盘
353,09:47:36,12.4,752328,607,买盘
354,09:47:39,12.4,1455966,1175,买盘
355,09:47:42,12.4,799347,645,买盘
356,09:47:45,12.39,3691788,2979,卖盘
357,09:47:48,12.4,2657700,2145,买盘
358,09:47:51,12.39,515472,416,卖盘
359,09:47:54,12.39,441174,356,卖盘
360,09:47:57,12.39,314720,254,卖盘
361,09:48:00,12.39,883907,713,卖盘
362,09:48:03,12.39,555116,448,卖盘
363,09:48:06,12.39,956545,772,卖盘
364,09:48:09,12.39,1906625,1538,卖盘
365,09:48:12,12.4,494397,399,买盘
366,09:48:15,12.39,5183748,4183,卖盘
367,09:48:18,12.4,319672,258,买盘
368,09:48:21,12.4,272636,220,买盘
369,09:48:24,12.4,5494293,4431,买盘
370,09:48:27,12.4,279016,225,卖盘
371,09:48:30,12.41,2927653,2361,买盘
372,09:48:33,12.41,198442,160,买盘
373,09:48:36,12.4,1402907,1131,卖盘
374,09:48:39,12.41,254208,205,买盘
375,09:48:42,12.4,652250,526,卖盘
376,09:48:45,12.4,342424,276,卖盘
377,09:48:48,12.4,3014497,2431,卖盘
378,09:48:51,12.4,510848,412,卖盘
379,09:48:54,12.41,868236,700,买盘
380,09:48:57,12.4,213323,172,卖盘
381,09:49:00,12.4,518326,418,卖盘
382,09:49:03,12.4,874211,705,卖盘
383,09:49:06,12.41,824725,665,买盘
384,09:49:09,12.39,291400,235,卖盘
385,09:49:12,12.4,308682,249,买盘
386,09:49:15,12.4,812141,655,买盘
387,09:49:18,12.4,417882,337,买盘
388,09:49:21,12.4,395542,319,卖盘
389,09:49:24,12.4,143841,116,卖盘
390,09:49:27,12.4,223201,180,卖盘
391,09:49:30,12.4,252976,204,卖盘
392,09:49:33,12.4,163681,132,卖盘
393,09:49:36,12.4,192216,155,卖盘
394,09:49:39,12.4,121553,98,卖盘
395,09:49:42,12.4,179805,145,卖盘
396,09:49:45,12.4,2956928,2383,卖盘
397,09:49:48,12.4,332382,268,卖盘
398,09:49:51,12.4,74416,60,卖盘
399,09:49:54,12.4,1362829,1099,卖盘
400,09:49:57,12.41,5054275,4076,买盘
401,09:50:00,12.41,611331,493,买盘
402,09:50:03,12.4,1168089,942,卖盘
403,09:50:06,12.39,1092122,881,卖盘
404,09:50:09,12.4,1283510,1035,买盘
405,09:50:12,12.4,225679,182,卖盘
406,09:50:15,12.4,209574,169,卖盘
407,09:50:18,12.4,882728,712,买盘
408,09:50:21,12.4,1765778,1425,买盘
409,09:50:24,12.39,2243680,1810,卖盘
410,09:50:27,12.39,509388,411,卖盘
411,09:50:30,12.4,679186,548,买盘
412,09:50:33,12.4,214411,173,买盘
413,09:50:36,12.4,311064,251,买盘
414,09:50:39,12.39,2636641,2128,卖盘
415,09:50:42,12.4,745983,602,买盘
416,09:50:45,12.39,297371,240,卖盘
417,09:50:48,12.4,210642,170,买盘
418,09:50:51,12.39,185889,150,卖盘
419,09:50:54,12.39,574902,464,卖盘
420,09:50:57,12.4,1843641,1488,买盘
421,09:51:00,12.39,1278684,1032,卖盘
422,09:51:03,12.4,1035886,836,买盘
423,09:51:06,12.4,244094,197,买盘
424,09:51:09,12.4,457203,369,买盘
425,09:51:12,12.4,559172,451,买盘
426,09:51:15,12.4,259099,209,买盘
427,09:51:18,12.39,235504,190,卖盘
428,09:51:21,12.4,159853,129,买盘
429,09:51:24,12.39,4566976,3686,卖盘
430,09:51:27,12.38,2911171,2350,卖盘
431,09:51:30,12.38,999341,807,卖盘
432,09:51:33,12.38,251396,203,卖盘
433,09:51:36,12.38,1713471,1383,卖盘
434,09:51:39,12.38,671032,542,卖盘
435,09:51:42,12.38,196945,159,卖盘
436,09:51:45,12.38,203068,164,卖盘
437,09:51:48,12.38,182042,147,卖盘
438,09:51:51,12.38,411255,332,卖盘
439,09:51:54,12.39,433503,350,买盘
440,09:51:57,12.38,3830949,3092,卖盘
441,09:52:00,12.39,841117,679,买盘
442,09:52:03,12.39,4962048,4005,买盘
443,09:52:06,12.4,1113877,899,买盘
444,09:52:09,12.39,1744515,1408,卖盘
445,09:52:12,12.39,535254,432,卖盘
446,09:52:15,12.4,633150,511,买盘
447,09:52:18,12.39,1401459,1131,卖盘
448,09:52:21,12.39,1521515,1228,卖盘
449,09:52:24,12.38,599541,484,卖盘
450,09:52:27,12.39,236641,191,买盘
451,09:52:30,12.39,335604,271,买盘
452,09:52:33,12.38,452129,365,卖盘
453,09:52:36,12.39,443512,358,买盘
454,09:52:39,12.38,2431537,1963,卖盘
455,09:52:42,12.39,167190,135,买盘
456,09:52:45,12.39,423526,342,买盘
457,09:52:48,12.38,230376,186,卖盘
458,09:52:51,12.38,816197,659,卖盘
459,09:52:54,12.39,163471,132,买盘
460,09:52:57,12.38,507935,410,卖盘
461,09:53:00,12.4,2971092,2398,买盘
462,09:53:03,12.39,1301029,1050,卖盘
463,09:53:06,12.39,2040639,1647,卖盘
464,09:53:09,12.39,296141,239,卖盘
465,09:53:12,12.39,213126,172,卖盘
466,09:53:15,12.39,101600,82,卖盘
467,09:53:18,12.39,418788,338,卖盘
468,09:53:21,12.39,407632,329,卖盘
469,09:53:24,12.4,117798,95,买盘
470,09:53:27,12.4,426431,344,买盘
471,09:53:30,12.39,587646,474,卖盘
472,09:53:33,12.4,556494,449,买盘
473,09:53:36,12.39,187138,151,卖盘
474,09:53:39,12.39,250447,202,卖盘
475,09:53:42,12.39,2168745,1749,卖盘
476,09:53:45,12.4,693142,559,买盘
477,09:53:48,12.4,212011,171,买盘
478,09:53:51,12.4,989364,798,买盘
479,09:53:54,12.4,1823991,1471,买盘
480,09:53:57,12.39,273846,221,卖盘
481,09:54:00,12.39,404124,326,卖盘
482,09:54:03,12.4,115238,93,买盘
483,09:54:06,12.4,344696,278,买盘
484,09:54:09,12.39,194607,157,卖盘
485,09:54:12,12.39,256638,207,卖盘
486,09:54:15,12.4,89279,72,买盘
487,09:54:18,12.39,797231,643,卖盘
488,09:54:21,12.4,234350,189,买盘
489,09:54:24,12.4,4454080,3592,买盘
490,09:54:27,12.41,158740,128,买盘
491,09:54:30,12.4,194787,157,卖盘
492,09:54:33,12.4,45888,37,卖盘
493,09:54:36,12.4,370968,299,卖盘
494,09:54:39,12.4,439079,354,卖盘
495,09:54:42,12.4,18613,15,卖盘
496,09:54:45,12.41,325121,262,买盘
497,09:54:48,12.41,31024,25,买盘
498,09:54:51,12.41,74430,60,买盘
499,09:54:54,12.41,201033,162,买盘
500,09:54:57,12.41,1561093,1258,买盘
501,09:55:00,12.41,342295,276,买盘
502,09:55:03,12.41,3827242,3084,买盘
503,09:55:06,12.41,466973,376,卖盘
504,09:55:09,12.41,80672,65,卖盘
505,09:55:12,12.42,1213132,977,买盘
506,09:55:15,12.42,678930,547,买盘
507,09:55:18,12.41,2025397,1632,卖盘
508,09:55:21,12.41,350009,282,卖盘
509,09:55:24,12.42,518900,418,买盘
510,09:55:27,12.42,685534,552,买盘
511,09:55:30,12.41,48431,39,卖盘
512,09:55:33,12.41,373562,301,卖盘
513,09:55:36,12.41,73239,59,卖盘
514,09:55:39,12.42,136552,110,买盘
515,09:55:42,12.41,136618,110,卖盘
516,09:55:45,12.41,23581,19,卖盘
517,09:55:48,12.42,150235,121,买盘
518,09:55:51,12.41,18616,15,卖盘
519,09:55:54,12.41,1777149,1432,卖盘
520,09:55:57,12.41,868633,700,买盘
521,09:56:00,12.41,100505,81,买盘
522,09:56:03,12.41,426606,344,买盘
523,09:56:06,12.41,4286459,3456,买盘
524,09:56:09,12.4,848213,684,卖盘
525,09:56:12,12.41,694548,560,买盘
526,09:56:15,12.41,431629,348,买盘
527,09:56:18,12.41,98002,79,买盘
528,09:56:21,12.4,99268,80,卖盘
529,09:56:24,12.4,116620,94,卖盘
530,09:56:27,12.4,63256,51,卖盘
531,09:56:30,12.4,1902169,1534,卖盘
532,09:56:33,12.41,244400,197,买盘
533,09:56:36,12.4,52081,42,卖盘
534,09:56:39,12.41,243220,196,买盘
535,09:56:42,12.41,306323,247,买盘
536,09:56:45,12.41,111626,90,买盘
537,09:56:48,12.41,1454576,1173,买盘
538,09:56:51,12.4,1500412,1210,卖盘
539,09:56:54,12.4,744037,600,卖盘
540,09:56:57,12.4,691925,558,卖盘
541,09:57:00,12.41,236881,191,买盘
542,09:57:03,12.41,426577,344,买盘
543,09:57:06,12.41,558006,450,买盘
544,09:57:09,12.4,2697094,2175,卖盘
545,09:57:12,12.4,639721,516,卖盘
546,09:57:15,12.4,264057,213,买盘
547,09:57:18,12.39,363252,293,卖盘
548,09:57:21,12.4,195792,158,买盘
549,09:57:24,12.39,190822,154,卖盘
550,09:57:27,12.4,205830,166,买盘
551,09:57:30,12.4,1400100,1130,买盘
552,09:57:33,12.4,224393,181,买盘
553,09:57:36,12.39,296160,239,卖盘
554,09:57:39,12.39,4101591,3310,卖盘
555,09:57:42,12.39,1231568,994,卖盘
556,09:57:45,12.4,401450,324,买盘
557,09:57:48,12.4,3718,3,买盘
558,09:57:51,12.4,106565,86,买盘
559,09:57:54,12.4,101627,82,买盘
560,09:57:57,12.4,390421,315,买盘
561,09:58:00,12.39,722397,583,卖盘
562,09:58:03,12.4,352050,284,买盘
563,09:58:06,12.4,345776,279,买盘
564,09:58:09,12.39,75615,61,卖盘
565,09:58:12,12.39,96657,78,卖盘
566,09:58:15,12.39,97913,79,卖盘
567,09:58:18,12.4,100406,81,买盘
568,09:58:21,12.4,240229,194,买盘
569,09:58:24,12.39,199591,161,卖盘
570,09:58:27,12.4,304802,246,买盘
571,09:58:30,12.4,514557,415,买盘
572,09:58:33,12.4,342045,276,买盘
573,09:58:36,12.39,94225,76,卖盘
574,09:58:39,12.4,863672,697,买盘
575,09:58:42,12.4,79297,64,买盘
576,09:58:45,12.4,123962,100,买盘
577,09:58:48,12.4,1432196,1155,买盘
578,09:58:51,12.4,541675,437,买盘
579,09:58:54,12.4,3059737,2468,买盘
580,09:58:57,12.41,930001,750,买盘
581,09:59:00,12.4,200881,162,卖盘
582,09:59:03,12.4,84328,68,卖盘
583,09:59:06,12.41,68245,55,买盘
584,09:59:09,12.4,323673,261,卖盘
585,09:59:12,12.4,57049,46,卖盘
586,09:59:15,12.4,1155785,932,卖盘
587,09:59:18,12.4,233121,188,卖盘
588,09:59:21,12.4,23562,19,卖盘
589,09:59:24,12.41,410671,331,买盘
590,09:59:27,12.41,187242,151,买盘
591,09:59:30,12.41,245692,198,买盘
592,09:59:33,12.4,395819,319,卖盘
593,09:59:36,12.41,2900369,2339,买盘
594,09:59:39,12.4,539456,435,卖盘
595,09:59:42,12.41,1680240,1355,买盘
596,09:59:45,12.4,296389,239,卖盘
597,09:59:48,12.41,91770,74,买盘
598,09:59:51,12.41,183526,148,买盘
599,09:59:54,12.4,50866,41,卖盘
600,09:59:57,12.41,93032,75,买盘
601,10:00:00,12.41,75669,61,买盘
602,10:00:03,12.41,493562,398,买盘
603,10:00:06,12.4,1863733,1503,卖盘
604,10:00:09,12.4,319923,258,卖盘
605,10:00:12,12.4,307553,248,卖盘
606,10:00:15,12.41,85601,69,买盘
607,10:00:18,12.4,701856,566,卖盘
608,10:00:21,12.4,1813293,1462,卖盘
609,10:00:24,12.39,1371684,1107,卖盘
610,10:00:27,12.4,1489349,1202,买盘
611,10:00:30,12.39,671587,542,卖盘
612,10:00:33,12.39,664206,536,卖盘
613,10:00:36,12.39,1185842,957,卖盘
614,10:00:39,12.39,1018514,822,卖盘
615,10:00:42,12.39,6724085,5427,卖盘
616,10:00:45,12.39,990834,800,卖盘
617,10:00:48,12.39,437081,353,买盘
618,10:00:51,12.39,331884,268,买盘
619,10:00:54,12.39,444579,359,买盘
620,10:00:57,12.39,4135733,3338,买盘
621,10:01:00,12.39,660363,533,买盘
622,10:01:03,12.38,380205,307,卖盘
623,10:01:06,12.39,604394,488,买盘
624,10:01:09,12.39,479437,387,买盘
625,10:01:12,12.39,550968,445,买盘
626,10:01:15,12.39,156067,126,买盘
627,10:01:18,12.4,604592,488,买盘
628,10:01:21,12.39,65650,53,卖盘
629,10:01:24,12.39,817632,660,买盘
630,10:01:27,12.4,309780,250,买盘
631,10:01:30,12.39,277546,224,卖盘
632,10:01:33,12.39,206928,167,卖盘
633,10:01:36,12.39,130121,105,卖盘
634,10:01:39,12.4,48356,39,买盘
635,10:01:42,12.39,1906857,1539,卖盘
636,10:01:45,12.39,101864,82,卖盘
637,10:01:48,12.4,183373,148,买盘
638,10:01:51,12.39,37172,30,卖盘
639,10:01:54,12.39,64433,52,卖盘
640,10:01:57,12.4,44639,36,买盘
641,10:02:00,12.4,937952,757,买盘
642,10:02:03,12.39,384111,310,卖盘
643,10:02:06,12.39,85492,69,卖盘
644,10:02:09,12.4,3718,3,买盘
645,10:02:12,12.4,156137,126,买盘
646,10:02:15,12.39,287455,232,卖盘
647,10:02:18,12.4,172330,139,买盘
648,10:02:21,12.4,28515,23,买盘
649,10:02:24,12.4,146203,118,买盘
650,10:02:27,12.4,390600,315,买盘
651,10:02:30,12.4,52075,42,买盘
652,10:02:33,12.39,153676,124,卖盘
653,10:02:36,12.39,79356,64,卖盘
654,10:02:39,12.39,21070,17,卖盘
655,10:02:42,12.4,251720,203,买盘
656,10:02:45,12.4,14869,12,买盘
657,10:02:48,12.4,58278,47,买盘
658,10:02:51,12.39,2392542,1931,卖盘
659,10:02:54,12.39,423739,342,卖盘
660,10:02:57,12.39,4341540,3504,卖盘
661,10:03:00,12.39,279780,226,卖盘
662,10:03:03,12.39,185871,150,卖盘
663,10:03:06,12.39,519237,419,卖盘
664,10:03:09,12.4,168572,136,买盘
665,10:03:12,12.4,84281,68,买盘
666,10:03:15,12.4,123967,100,买盘
667,10:03:18,12.39,517988,418,卖盘
668,10:03:21,12.39,394008,318,卖盘
669,10:03:24,12.4,22311,18,买盘
670,10:03:27,12.4,141301,114,买盘
671,10:03:30,12.4,126427,102,买盘
672,10:03:33,12.4,416511,336,买盘
673,10:03:36,12.4,291266,235,买盘
674,10:03:39,12.39,188418,152,卖盘
675,10:03:42,12.39,127667,103,卖盘
676,10:03:45,12.4,4202253,3389,买盘
677,10:03:48,12.4,896421,723,买盘
678,10:03:51,12.4,292515,236,买盘
679,10:03:54,12.4,158691,128,买盘
680,10:03:57,12.4,424050,342,买盘
681,10:04:00,12.4,765038,617,买盘
682,10:04:03,12.39,239277,193,卖盘
683,10:04:06,12.39,224275,181,卖盘
684,10:04:09,12.4,75617,61,买盘
685,10:04:12,12.39,19824,16,卖盘
686,10:04:15,12.4,126397,102,买盘
687,10:04:18,12.4,62000,50,买盘
688,10:04:21,12.4,8680,7,买盘
689,10:04:24,12.4,178459,144,买盘
690,10:04:27,12.4,26039,21,买盘
691,10:04:30,12.4,3557257,2871,买盘
692,10:04:33,12.4,1156068,933,买盘
693,10:04:36,12.39,206934,167,卖盘
694,10:04:39,12.4,187140,151,买盘
695,10:04:42,12.4,116520,94,买盘
696,10:04:45,12.39,86736,70,卖盘
697,10:04:48,12.39,141334,114,卖盘
698,10:04:51,12.4,96690,78,买盘
699,10:04:54,12.39,190913,154,卖盘
700,10:04:57,12.4,18590,15,买盘
701,10:05:00,12.4,106627,86,买盘
702,10:05:03,12.39,671544,542,卖盘
703,10:05:06,12.4,263967,213,买盘
704,10:05:09,12.4,68171,55,买盘
705,10:05:12,12.4,4212604,3400,买盘
706,10:05:15,12.39,2689899,2171,卖盘
707,10:05:18,12.39,1326970,1071,卖盘
708,10:05:21,12.39,9483304,7654,卖盘
709,10:05:24,12.39,1374292,1110,买盘
710,10:05:27,12.39,1447506,1169,买盘
711,10:05:30,12.38,4024123,3248,卖盘
712,10:05:33,12.39,247707,200,买盘
713,10:05:36,12.39,381360,308,买盘
714,10:05:39,12.39,388891,314,买盘
715,10:05:42,12.39,968882,782,买盘
716,10:05:45,12.39,1708472,1379,买盘
717,10:05:48,12.39,146192,118,买盘
718,10:05:51,12.38,309720,250,卖盘
719,10:05:54,12.39,315923,255,买盘
720,10:05:57,12.39,1318296,1064,买盘
721,10:06:00,12.39,530308,428,买盘
722,10:06:03,12.39,759508,613,卖盘
723,10:06:06,12.39,32216,26,卖盘
724,10:06:09,12.39,175939,142,卖盘
725,10:06:12,12.4,54518,44,买盘
726,10:06:15,12.4,75639,61,买盘
727,10:06:18,12.39,6196,5,卖盘
728,10:06:21,12.4,242871,196,买盘
729,10:06:24,12.4,47089,38,买盘
730,10:06:27,12.4,1034150,834,买盘
731,10:06:30,12.4,166134,134,买盘
732,10:06:33,12.4,57032,46,买盘
733,10:06:36,12.39,34710,28,卖盘
734,10:06:39,12.4,326117,263,买盘
735,10:06:42,12.4,70676,57,买盘
736,10:06:45,12.4,84302,68,买盘
737,10:06:48,12.4,429961,347,买盘
738,10:06:51,12.4,95475,77,买盘
739,10:06:54,12.4,63238,51,买盘
740,10:06:57,12.4,257820,208,买盘
741,10:07:00,12.39,208212,168,卖盘
742,10:07:03,12.4,636080,513,买盘
743,10:07:06,12.4,58280,47,买盘
744,10:07:09,12.4,185944,150,买盘
745,10:07:12,12.4,19840,16,买盘
746,10:07:15,12.4,99185,80,买盘
747,10:07:18,12.4,662136,534,买盘
748,10:07:21,12.4,602161,486,买盘
749,10:07:24,12.4,24784,20,买盘
750,10:07:27,12.4,38440,31,买盘
751,10:07:30,12.39,649744,524,卖盘
752,10:07:33,12.4,9916,8,买盘
753,10:07:36,12.39,71868,58,卖盘
754,10:07:39,12.4,99142,80,买盘
755,10:07:42,12.4,1103595,890,买盘
756,10:07:45,12.4,647280,522,买盘
757,10:07:48,12.39,193325,156,卖盘
758,10:07:51,12.39,194534,157,卖盘
759,10:07:54,12.4,197020,159,买盘
760,10:07:57,12.4,660587,533,买盘
761,10:08:00,12.4,68200,55,买盘
762,10:08:03,12.4,63215,51,买盘
763,10:08:06,12.39,21074,17,卖盘
764,10:08:09,12.4,6200,5,买盘
765,10:08:12,12.4,847732,684,买盘
766,10:08:15,12.4,121520,98,买盘
767,10:08:18,12.4,24800,20,买盘
768,10:08:21,12.4,145080,117,买盘
769,10:08:24,12.4,66952,54,买盘
770,10:08:27,12.4,140120,113,买盘
771,10:08:30,12.4,322355,260,买盘
772,10:08:33,12.4,86800,70,买盘
773,10:08:36,12.4,32240,26,买盘
774,10:08:39,12.4,340958,275,买盘
775,10:08:42,12.39,92963,75,卖盘
776,10:08:45,12.4,162336,131,买盘
777,10:08:48,12.39,4489946,3621,卖盘
778,10:08:51,12.4,107880,87,买盘
779,10:08:54,12.4,58270,47,买盘
780,10:08:57,12.4,2539495,2048,买盘
781,10:09:00,12.4,808439,652,买盘
782,10:09:03,12.4,672079,542,买盘
783,10:09:06,12.4,200867,162,买盘
784,10:09:09,12.4,378175,305,买盘
785,10:09:12,12.4,3747165,3022,买盘
786,10:09:15,12.4,4920220,3968,买盘
787,10:09:18,12.4,1810326,1460,买盘
788,10:09:21,12.4,562919,454,买盘
789,10:09:24,12.4,1036640,836,买盘
790,10:09:27,12.4,517043,417,买盘
791,10:09:30,12.41,674324,544,买盘
792,10:09:33,12.4,350810,283,卖盘
793,10:09:36,12.4,76880,62,买盘
794,10:09:39,12.39,479562,387,卖盘
795,10:09:42,12.4,43400,35,买盘
796,10:09:45,12.4,380680,307,买盘
797,10:09:48,12.4,125240,101,买盘
798,10:09:51,12.39,194657,157,卖盘
799,10:09:54,12.38,18837774,15204,卖盘
800,10:09:57,12.39,1375488,1111,买盘
801,10:10:00,12.39,142396,115,买盘
802,10:10:03,12.39,96609,78,买盘
803,10:10:06,12.39,584808,472,买盘
804,10:10:09,12.38,78021,63,卖盘
805,10:10:12,12.39,174687,141,买盘
806,10:10:15,12.39,2478,2,买盘
807,10:10:18,12.39,351723,284,买盘
808,10:10:21,12.39,211840,171,买盘
809,10:10:24,12.38,131298,106,卖盘
810,10:10:27,12.39,380285,307,买盘
811,10:10:30,12.38,112734,91,卖盘
812,10:10:33,12.38,111480,90,卖盘
813,10:10:36,12.39,380330,307,买盘
814,10:10:39,12.39,409898,331,买盘
815,10:10:42,12.38,206903,167,卖盘
816,10:10:45,12.39,1152256,930,买盘
817,10:10:48,12.39,61950,50,买盘
818,10:10:51,12.39,221781,179,买盘
819,10:10:54,12.39,273690,221,买盘
820,10:10:57,12.39,182133,147,买盘
821,10:11:00,12.39,296022,239,买盘
822,10:11:03,12.39,350637,283,买盘
823,10:11:06,12.39,297295,240,卖盘
824,10:11:09,12.39,230441,186,买盘
825,10:11:12,12.38,702000,567,卖盘
826,10:11:15,12.38,115149,93,卖盘
827,10:11:18,12.39,1412643,1141,买盘
828,10:11:21,12.39,637782,515,买盘
829,10:11:24,12.38,120093,97,卖盘
830,10:11:27,12.39,164728,133,买盘
831,10:11:30,12.39,3387304,2736,买盘
832,10:11:33,12.38,309670,250,卖盘
833,10:11:36,12.39,276255,223,买盘
834,10:11:39,12.38,19808,16,卖盘
835,10:11:42,12.39,66889,54,买盘
836,10:11:45,12.39,7434,6,买盘
837,10:11:48,12.38,59441,48,卖盘
838,10:11:51,12.39,426190,344,买盘
839,10:11:54,12.38,30971,25,卖盘
840,10:11:57,12.39,80531,65,买盘
841,10:12:00,12.39,273650,221,买盘
842,10:12:03,12.39,537498,434,买盘
843,10:12:06,12.39,148652,120,买盘
844,10:12:09,12.39,87961,71,买盘
845,10:12:12,12.38,232867,188,卖盘
846,10:12:15,12.39,935279,755,买盘
847,10:12:18,12.39,30973,25,买盘
848,10:12:21,12.39,298459,241,买盘
849,10:12:24,12.39,52025,42,买盘
850,10:12:27,12.39,403863,326,买盘
851,10:12:30,12.39,143648,116,买盘
852,10:12:33,12.39,421247,340,买盘
853,10:12:36,12.39,50790,41,买盘
854,10:12:39,12.39,153597,124,买盘
855,10:12:42,12.39,58233,47,买盘
856,10:12:45,12.39,423619,342,买盘
857,10:12:48,12.39,111498,90,买盘
858,10:12:51,12.39,28497,23,买盘
859,10:12:54,12.39,130069,105,买盘
860,10:12:57,12.39,216784,175,买盘
861,10:13:00,12.38,464537,375,卖盘
862,10:13:03,12.38,74330,60,卖盘
863,10:13:06,12.39,265080,214,买盘
864,10:13:09,12.39,2477,2,买盘
865,10:13:12,12.39,185808,150,买盘
866,10:13:15,12.39,231572,187,买盘
867,10:13:18,12.39,297359,240,买盘
868,10:13:21,12.39,300914,243,买盘
869,10:13:24,12.39,169733,137,买盘
870,10:13:27,12.38,128810,104,卖盘
871,10:13:30,12.39,7433,6,买盘
872,10:13:33,12.39,115215,93,买盘
873,10:13:36,12.39,42115,34,买盘
874,10:13:39,12.39,217953,176,买盘
875,10:13:42,12.39,183348,148,买盘
876,10:13:45,12.39,80507,65,买盘
877,10:13:48,12.39,279904,226,买盘
878,10:13:51,12.39,30965,25,买盘
879,10:13:54,12.39,4263370,3441,买盘
880,10:13:57,12.38,231692,187,卖盘
881,10:14:00,12.39,600623,485,买盘
882,10:14:03,12.39,460688,372,买盘
883,10:14:06,12.38,101527,82,卖盘
884,10:14:09,12.39,208138,168,买盘
885,10:14:12,12.39,82994,67,买盘
886,10:14:15,12.38,278717,225,卖盘
887,10:14:18,12.38,224229,181,卖盘
888,10:14:21,12.39,215577,174,买盘
889,10:14:24,12.38,73061,59,卖盘
890,10:14:27,12.39,102797,83,买盘
891,10:14:30,12.38,528721,427,卖盘
892,10:14:33,12.39,204383,165,买盘
893,10:14:36,12.39,330757,267,买盘
894,10:14:39,12.39,142415,115,买盘
895,10:14:42,12.38,40874,33,卖盘
896,10:14:45,12.38,136260,110,卖盘
897,10:14:48,12.38,860517,695,卖盘
898,10:14:51,12.38,643863,520,卖盘
899,10:14:54,12.39,201929,163,买盘
900,10:14:57,12.38,138710,112,卖盘
901,10:15:00,12.39,240324,194,买盘
902,10:15:03,12.38,1001105,808,卖盘
903,10:15:06,12.38,428618,346,卖盘
904,10:15:09,12.38,874267,706,卖盘
905,10:15:12,12.38,252582,204,卖盘
906,10:15:15,12.39,115208,93,买盘
907,10:15:18,12.38,95350,77,卖盘
908,10:15:21,12.38,86681,70,卖盘
909,10:15:24,12.38,1619196,1307,卖盘
910,10:15:27,12.38,1402687,1133,卖盘
911,10:15:30,12.39,284833,230,买盘
912,10:15:33,12.39,2894129,2336,买盘
913,10:15:36,12.39,184542,149,买盘
914,10:15:39,12.39,807536,652,买盘
915,10:15:42,12.39,225498,182,买盘
916,10:15:45,12.38,418777,338,卖盘
917,10:15:48,12.39,621938,502,买盘
918,10:15:51,12.39,342969,277,买盘
919,10:15:54,12.39,577283,466,买盘
920,10:15:57,12.38,1672567,1350,卖盘
921,10:16:00,12.38,322043,260,卖盘
922,10:16:03,12.39,434790,351,买盘
923,10:16:06,12.39,163516,132,买盘
924,10:16:09,12.38,275037,222,卖盘
925,10:16:12,12.39,349334,282,买盘
926,10:16:15,12.38,846056,683,卖盘
927,10:16:18,12.39,59442,48,买盘
928,10:16:21,12.4,354326,286,买盘
929,10:16:24,12.4,511772,413,买盘
930,10:16:27,12.4,234229,189,买盘
931,10:16:30,12.4,276309,223,买盘
932,10:16:33,12.39,133877,108,卖盘
933,10:16:36,12.4,449817,363,买盘
934,10:16:39,12.39,45843,37,卖盘
935,10:16:42,12.4,188376,152,买盘
936,10:16:45,12.39,1199351,968,卖盘
937,10:16:48,12.39,401344,324,买盘
938,10:16:51,12.39,1810098,1461,买盘
939,10:16:54,12.39,431116,348,买盘
940,10:16:57,12.39,960117,775,买盘
941,10:17:00,12.4,141215,114,买盘
942,10:17:03,12.39,900753,727,卖盘
943,10:17:06,12.39,121442,98,卖盘
944,10:17:09,12.39,89213,72,卖盘
945,10:17:12,12.39,42126,34,卖盘
946,10:17:15,12.4,126390,102,买盘
947,10:17:18,12.39,59487,48,卖盘
948,10:17:21,12.39,86737,70,卖盘
949,10:17:24,12.4,526982,425,买盘
950,10:17:27,12.4,80580,65,买盘
951,10:17:30,12.4,319672,258,买盘
952,10:17:33,12.4,145016,117,买盘
953,10:17:36,12.4,121445,98,买盘
954,10:17:39,12.39,212037,171,卖盘
955,10:17:42,12.4,221959,179,买盘
956,10:17:45,12.39,16117,13,卖盘
957,10:17:48,12.4,115319,93,买盘
958,10:17:51,12.39,12390,10,卖盘
959,10:17:54,12.39,94215,76,卖盘
960,10:17:57,12.39,266409,215,卖盘
961,10:18:00,12.39,61999,50,卖盘
962,10:18:03,12.4,572867,462,买盘
963,10:18:06,12.4,403929,326,买盘
964,10:18:09,12.39,17349,14,卖盘
965,10:18:12,12.4,172284,139,买盘
966,10:18:15,12.4,42160,34,买盘
967,10:18:18,12.4,215760,174,买盘
968,10:18:21,12.39,49599,40,卖盘
969,10:18:24,12.4,116484,94,买盘
970,10:18:27,12.4,127683,103,买盘
971,10:18:30,12.4,60738,49,买盘
972,10:18:33,12.4,33475,27,买盘
973,10:18:36,12.39,173510,140,卖盘
974,10:18:39,12.39,244096,197,卖盘
975,10:18:42,12.39,94189,76,卖盘
976,10:18:45,12.4,405173,327,买盘
977,10:18:48,12.39,145063,117,卖盘
978,10:18:51,12.39,306033,247,卖盘
979,10:18:54,12.4,52068,42,买盘
980,10:18:57,12.4,86732,70,买盘
981,10:19:00,12.39,3717,3,卖盘
982,10:19:03,12.4,112804,91,买盘
983,10:19:06,12.39,94169,76,卖盘
984,10:19:09,12.4,17358,14,买盘
985,10:19:12,12.4,74400,60,买盘
986,10:19:15,12.39,63195,51,卖盘
987,10:19:18,12.39,4533525,3659,卖盘
988,10:19:21,12.39,2861103,2309,卖盘
989,10:19:24,12.39,949074,766,卖盘
990,10:19:27,12.39,117705,95,卖盘
991,10:19:30,12.39,86735,70,卖盘
992,10:19:33,12.39,540228,436,卖盘
993,10:19:36,12.4,71863,58,买盘
994,10:19:39,12.39,60714,49,卖盘
995,10:19:42,12.39,76818,62,卖盘
996,10:19:45,12.39,411418,332,卖盘
997,10:19:48,12.4,335818,271,买盘
998,10:19:51,12.39,2972461,2399,卖盘
999,10:19:54,12.39,49589,40,卖盘
1000,10:19:57,12.4,120244,97,买盘
1001,10:20:00,12.4,38440,31,买盘
1002,10:20:03,12.4,417615,337,买盘
1003,10:20:06,12.4,57037,46,买盘
1004,10:20:09,12.4,50834,41,买盘
1005,10:20:12,12.4,91759,74,买盘
1006,10:20:15,12.39,503050,406,卖盘
1007,10:20:18,12.39,501814,405,卖盘
1008,10:20:21,12.4,88016,71,买盘
1009,10:20:24,12.39,458460,370,卖盘
1010,10:20:27,12.4,142583,115,买盘
1011,10:20:33,12.4,33459,27,买盘
1012,10:20:36,12.39,231702,187,卖盘
1013,10:20:39,12.4,545227,440,买盘
1014,10:20:42,12.4,17360,14,买盘
1015,10:20:45,12.4,76860,62,买盘
1016,10:20:48,12.4,301102,243,买盘
1017,10:20:51,12.39,514465,415,卖盘
1018,10:20:54,12.39,233056,188,卖盘
1019,10:20:57,12.4,143826,116,买盘
1020,10:21:00,12.39,66921,54,卖盘
1021,10:21:03,12.39,128889,104,卖盘
1022,10:21:06,12.39,13634,11,卖盘
1023,10:21:09,12.39,14868,12,卖盘
1024,10:21:12,12.39,421294,340,卖盘
1025,10:21:15,12.39,380526,307,卖盘
1026,10:21:18,12.39,524139,423,卖盘
1027,10:21:21,12.39,2308260,1863,卖盘
1028,10:21:24,12.39,1065540,860,卖盘
1029,10:21:27,12.39,702518,567,卖盘
1030,10:21:30,12.39,695081,561,卖盘
1031,10:21:33,12.39,280047,226,卖盘
1032,10:21:36,12.39,180908,146,卖盘
1033,10:21:39,12.39,270117,218,卖盘
1034,10:21:42,12.39,380374,307,卖盘
1035,10:21:45,12.39,230454,186,卖盘
1036,10:21:48,12.39,852432,688,卖盘
1037,10:21:51,12.38,305939,247,卖盘
1038,10:21:54,12.39,175936,142,买盘
1039,10:21:57,12.38,267621,216,卖盘
1040,10:22:00,12.39,115177,93,买盘
1041,10:22:03,12.39,167260,135,买盘
1042,10:22:06,12.38,80492,65,卖盘
1043,10:22:09,12.39,634328,512,买盘
1044,10:22:12,12.39,199442,161,买盘
1045,10:22:15,12.39,320707,259,买盘
1046,10:22:18,12.39,321897,260,买盘
1047,10:22:21,12.38,167231,135,卖盘
1048,10:22:24,12.39,39631,32,买盘
1049,10:22:27,12.39,95352,77,买盘
1050,10:22:30,12.39,132522,107,买盘
1051,10:22:33,12.39,811533,655,买盘
1052,10:22:36,12.38,475611,384,卖盘
1053,10:22:39,12.39,1577247,1273,买盘
1054,10:22:42,12.39,45861,37,卖盘
1055,10:22:45,12.39,571197,461,卖盘
1056,10:22:48,12.39,34692,28,卖盘
1057,10:22:51,12.4,71918,58,买盘
1058,10:22:54,12.39,102837,83,卖盘
1059,10:22:57,12.4,167350,135,买盘
1060,10:23:00,12.39,161174,130,卖盘
1061,10:23:03,12.4,40888,33,买盘
1062,10:23:06,12.39,359340,290,卖盘
1063,10:23:09,12.39,244219,197,卖盘
1064,10:23:12,12.39,159897,129,卖盘
1065,10:23:15,12.4,130171,105,买盘
1066,10:23:18,12.4,53280,43,买盘
1067,10:23:21,12.4,69385,56,买盘
1068,10:23:24,12.39,144965,117,卖盘
1069,10:23:27,12.39,33453,27,卖盘
1070,10:23:30,12.4,1029190,830,买盘
1071,10:23:33,12.4,68176,55,买盘
1072,10:23:36,12.39,163617,132,卖盘
1073,10:23:39,12.4,76877,62,买盘
1074,10:23:42,12.39,225667,182,卖盘
1075,10:23:45,12.4,111595,90,买盘
1076,10:23:48,12.4,90520,73,买盘
1077,10:23:51,12.4,390286,315,买盘
1078,10:23:54,12.39,30985,25,卖盘
1079,10:23:57,12.4,48360,39,买盘
1080,10:24:00,12.4,31000,25,买盘
1081,10:24:03,12.4,57006,46,买盘
1082,10:24:06,12.4,12396,10,买盘
1083,10:24:09,12.39,60731,49,卖盘
1084,10:24:12,12.4,69440,56,买盘
1085,10:24:15,12.4,61999,50,买盘
1086,10:24:18,12.4,133918,108,买盘
1087,10:24:21,12.39,256514,207,卖盘
1088,10:24:24,12.39,1134924,916,卖盘
1089,10:24:27,12.39,24790,20,卖盘
1090,10:24:30,12.4,22319,18,买盘
1091,10:24:33,12.39,38409,31,卖盘
1092,10:24:36,12.4,35958,29,买盘
1093,10:24:39,12.4,32218,26,买盘
1094,10:24:42,12.39,294882,238,卖盘
1095,10:24:45,12.39,33478,27,卖盘
1096,10:24:48,12.4,35959,29,买盘
1097,10:24:51,12.39,52040,42,卖盘
1098,10:24:54,12.39,32234,26,卖盘
1099,10:24:57,12.39,66908,54,卖盘
1100,10:25:00,12.39,13639,11,卖盘
1101,10:25:03,12.39,49580,40,卖盘
1102,10:25:06,12.39,127634,103,卖盘
1103,10:25:09,12.39,304818,246,卖盘
1104,10:25:12,12.4,70680,57,买盘
1105,10:25:15,12.39,30983,25,卖盘
1106,10:25:18,12.39,78057,63,卖盘
1107,10:25:21,12.39,37192,30,卖盘
1108,10:25:24,12.39,37184,30,卖盘
1109,10:25:27,12.39,223031,180,卖盘
1110,10:25:30,12.39,80540,65,卖盘
1111,10:25:33,12.39,464645,375,卖盘
1112,10:25:36,12.39,697567,563,卖盘
1113,10:25:39,12.39,3354139,2707,卖盘
1114,10:25:42,12.39,962707,777,卖盘
1115,10:25:45,12.39,4954738,3999,卖盘
1116,10:25:48,12.39,324493,262,买盘
1117,10:25:51,12.39,377783,305,买盘
1118,10:25:54,12.39,91680,74,买盘
1119,10:25:57,12.39,189486,153,买盘
1120,10:26:00,12.39,39648,32,买盘
1121,10:26:03,12.39,60692,49,买盘
1122,10:26:06,12.38,251315,203,卖盘
1123,10:26:09,12.39,868089,701,买盘
1124,10:26:12,12.39,163521,132,买盘
1125,10:26:15,12.39,48285,39,买盘
1126,10:26:18,12.39,783699,633,买盘
1127,10:26:21,12.38,1079545,872,卖盘
1128,10:26:24,12.38,157236,127,卖盘
1129,10:26:27,12.39,85455,69,买盘
1130,10:26:30,12.38,7429,6,卖盘
1131,10:26:33,12.38,23522,19,卖盘
1132,10:26:36,12.38,612813,495,卖盘
1133,10:26:39,12.38,21049,17,卖盘
1134,10:26:42,12.38,191900,155,卖盘
1135,10:26:45,12.38,56948,46,卖盘
1136,10:26:48,12.38,1319728,1066,卖盘
1137,10:26:51,12.38,37145,30,卖盘
1138,10:26:54,12.39,318220,257,买盘
1139,10:26:57,12.38,1262774,1020,卖盘
1140,10:27:00,12.38,2294034,1853,卖盘
1141,10:27:03,12.38,387548,313,卖盘
1142,10:27:06,12.38,1027545,830,卖盘
1143,10:27:09,12.38,6577514,5313,卖盘
1144,10:27:12,12.38,862962,697,卖盘
1145,10:27:15,12.39,387655,313,买盘
1146,10:27:18,12.38,833651,673,卖盘
1147,10:27:21,12.38,167209,135,卖盘
1148,10:27:24,12.39,48314,39,买盘
1149,10:27:27,12.39,180792,146,买盘
1150,10:27:30,12.39,78038,63,买盘
1151,10:27:33,12.39,518804,419,买盘
1152,10:27:36,12.39,38398,31,买盘
1153,10:27:39,12.39,1079585,872,买盘
1154,10:27:42,12.39,331915,268,买盘
1155,10:27:45,12.38,287251,232,卖盘
1156,10:27:48,12.38,3585256,2896,卖盘
1157,10:27:51,12.38,16655494,13455,卖盘
1158,10:27:54,12.37,2147442,1736,卖盘
1159,10:27:57,12.37,1268182,1025,卖盘
1160,10:28:00,12.37,787984,637,卖盘
1161,10:28:03,12.37,29235363,23637,卖盘
1162,10:28:06,12.36,4554950,3685,卖盘
1163,10:28:09,12.36,2813218,2276,卖盘
1164,10:28:12,12.37,3710552,3002,买盘
1165,10:28:15,12.37,921155,745,买盘
1166,10:28:18,12.37,2589432,2095,买盘
1167,10:28:21,12.37,6941528,5612,买盘
1168,10:28:24,12.37,797318,645,买盘
1169,10:28:27,12.37,538930,436,买盘
1170,10:28:30,12.37,1207913,977,买盘
1171,10:28:33,12.37,506946,410,买盘
1172,10:28:36,12.37,1174559,950,买盘
1173,10:28:39,12.36,331284,268,卖盘
1174,10:28:42,12.37,280799,227,买盘
1175,10:28:45,12.37,578916,468,卖盘
1176,10:28:48,12.38,335294,271,买盘
1177,10:28:51,12.37,399362,323,卖盘
1178,10:28:54,12.38,194246,157,买盘
1179,10:28:57,12.37,999496,808,卖盘
1180,10:29:00,12.37,348944,282,卖盘
1181,10:29:03,12.37,210291,170,卖盘
1182,10:29:06,12.38,421873,341,买盘
1183,10:29:09,12.37,1620404,1309,卖盘
1184,10:29:12,12.38,337778,273,买盘
1185,10:29:15,12.37,150930,122,卖盘
1186,10:29:18,12.38,523578,423,买盘
1187,10:29:21,12.37,341412,276,卖盘
1188,10:29:24,12.38,113820,92,买盘
1189,10:29:27,12.37,3583602,2897,卖盘
1190,10:29:30,12.38,246189,199,买盘
1191,10:29:33,12.37,879528,711,卖盘
1192,10:29:36,12.37,196591,159,买盘
1193,10:29:39,12.37,1185651,959,买盘
1194,10:29:42,12.37,859179,695,买盘
1195,10:29:45,12.37,169420,137,买盘
1196,10:29:48,12.36,275696,223,卖盘
1197,10:29:51,12.37,241127,195,买盘
1198,10:29:54,12.36,676171,547,卖盘
1199,10:29:57,12.36,440297,356,卖盘
1200,10:30:00,12.37,291773,236,买盘
1201,10:30:03,12.36,61810,50,卖盘
1202,10:30:06,12.37,589643,477,买盘
1203,10:30:09,12.37,809948,655,买盘
1204,10:30:12,12.36,263374,213,卖盘
1205,10:30:15,12.37,401949,325,买盘
1206,10:30:18,12.37,242381,196,买盘
1207,10:30:21,12.37,698744,565,买盘
1208,10:30:24,12.36,864215,699,卖盘
1209,10:30:27,12.36,348688,282,卖盘
1210,10:30:30,12.37,335123,271,买盘
1211,10:30:33,12.37,774011,626,买盘
1212,10:30:36,12.37,974047,788,买盘
1213,10:30:39,12.37,457586,370,买盘
1214,10:30:42,12.37,195395,158,买盘
1215,10:30:45,12.36,3059267,2475,卖盘
1216,10:30:48,12.36,834481,675,卖盘
1217,10:30:51,12.36,819726,663,卖盘
1218,10:30:54,12.36,2391702,1935,卖盘
1219,10:30:57,12.36,1601892,1296,卖盘
1220,10:31:00,12.37,551388,446,买盘
1221,10:31:03,12.36,2216447,1793,卖盘
1222,10:31:06,12.36,1315192,1064,卖盘
1223,10:31:09,12.36,4858779,3931,卖盘
1224,10:31:12,12.36,4881915,3948,买盘
