,成交时间,成交价格,成交金额,成交量,性质
0,09:25:00,23.16,812916,351,卖盘
1,09:30:00,23.12,43912,19,卖盘
2,09:30:03,23.14,540767,234,买盘
3,09:30:06,23.08,27713,12,卖盘
4,09:30:09,23.1,200803,87,买盘
5,09:30:12,23.1,90096,39,买盘
6,09:30:15,23.12,32331,14,买盘
7,09:30:18,23.08,11544,5,卖盘
8,09:30:21,23.09,362379,157,买盘
9,09:30:24,23.11,30036,13,买盘
10,09:30:27,23.09,27708,12,卖盘
11,09:30:30,23.09,207930,90,卖盘
12,09:30:33,23.08,13846,6,卖盘
13,09:30:36,23.07,48451,21,中性盘
14,09:30:39,23.07,92355,40,卖盘
15,09:30:42,23.07,16164,7,卖盘
16,09:30:45,23.12,1064076,460,买盘
17,09:30:48,23.1,62402,27,卖盘
18,09:30:51,23.12,249473,108,中性盘
19,09:30:54,23.16,23156,10,买盘
20,09:30:57,23.14,129707,56,中性盘
21,09:31:00,23.13,6941,3,卖盘
22,09:31:03,23.15,25457,11,买盘
23,09:31:06,23.15,11575,5,买盘
24,09:31:09,23.13,233674,101,卖盘
25,09:31:12,23.13,2313,1,卖盘
26,09:31:18,23.13,372304,161,卖盘
27,09:31:21,23.15,247651,107,中性盘
28,09:31:24,23.13,60138,26,卖盘
29,09:31:27,23.15,27778,12,买盘
30,09:31:33,23.13,122577,53,买盘
31,09:31:36,23.12,36998,16,卖盘
32,09:31:39,23.13,64760,28,买盘
33,09:31:42,23.1,43902,19,卖盘
34,09:31:45,23.1,23100,10,卖盘
35,09:31:48,23.1,11553,5,卖盘
36,09:31:51,23.1,78540,34,卖盘
37,09:31:54,23.1,13860,6,买盘
38,09:31:57,23.08,129310,56,卖盘
39,09:32:00,23.1,16163,7,买盘
40,09:32:03,23.09,13852,6,卖盘
41,09:32:06,23.1,92400,40,买盘
42,09:32:09,23.09,173225,75,卖盘
43,09:32:12,23.13,307209,133,买盘
44,09:32:15,23.15,99503,43,买盘
45,09:32:18,23.14,4627,2,买盘
46,09:32:24,23.15,9260,4,买盘
47,09:32:27,23.13,62451,27,卖盘
48,09:32:30,23.14,87920,38,买盘
49,09:32:36,23.12,152586,66,卖盘
50,09:32:39,23.12,25432,11,中性盘
51,09:32:45,23.12,212691,92,买盘
52,09:32:48,23.12,25432,11,卖盘
53,09:32:51,23.12,57805,25,卖盘
54,09:32:54,23.12,60112,26,买盘
55,09:32:57,23.13,4626,2,买盘
56,09:33:00,23.12,18496,8,卖盘
57,09:33:03,23.13,57825,25,买盘
58,09:33:06,23.14,19887,9,买盘
59,09:33:09,23.12,2312,1,卖盘
60,09:33:12,23.14,11570,5,买盘
61,09:33:15,23.15,13886,6,买盘
62,09:33:18,23.14,64818,28,卖盘
63,09:33:21,23.15,6944,3,买盘
64,09:33:24,23.16,23151,10,买盘
65,09:33:27,23.16,23160,10,买盘
66,09:33:30,23.16,120432,52,买盘
67,09:33:33,23.17,4634,2,买盘
68,09:33:36,23.18,34770,15,买盘
69,09:33:39,23.18,6954,3,买盘
70,09:33:42,23.18,62586,27,买盘
71,09:33:45,23.18,78812,34,买盘
72,09:33:48,23.17,155311,67,卖盘
73,09:33:51,23.17,9268,4,买盘
74,09:33:54,23.17,11585,5,买盘
75,09:34:03,23.17,4634,2,买盘
76,09:34:06,23.17,4633,2,买盘
77,09:34:09,23.16,23160,10,卖盘
78,09:34:12,23.16,64864,28,卖盘
79,09:34:15,23.17,106573,46,买盘
80,09:34:18,23.17,99610,43,买盘
81,09:34:21,23.16,16212,7,卖盘
82,09:34:24,23.17,71815,31,买盘
83,09:34:27,23.17,264133,114,买盘
84,09:34:30,23.17,125118,54,卖盘
85,09:34:33,23.17,30121,13,买盘
86,09:34:36,23.17,2317,1,买盘
87,09:34:39,23.17,16214,7,买盘
88,09:34:42,23.17,13902,6,买盘
89,09:34:45,23.16,6950,3,卖盘
90,09:34:48,23.17,25487,11,买盘
91,09:34:51,23.17,6951,3,买盘
92,09:34:54,23.18,97318,42,买盘
93,09:35:03,23.19,1344023,580,买盘
94,09:35:06,23.2,37112,16,买盘
95,09:35:09,23.2,85833,37,买盘
96,09:35:12,23.19,48709,21,卖盘
97,09:35:15,23.18,90422,39,卖盘
98,09:35:18,23.2,173919,75,买盘
99,09:35:21,23.18,53327,23,中性盘
100,09:35:24,23.19,192327,83,买盘
101,09:35:30,23.18,69491,30,买盘
102,09:35:33,23.19,1194209,515,买盘
103,09:35:36,23.16,2316,1,卖盘
104,09:35:39,23.2,74218,32,买盘
105,09:35:42,23.19,39423,17,卖盘
106,09:35:45,23.18,6954,3,买盘
107,09:35:48,23.18,30144,13,卖盘
108,09:35:51,23.17,16224,7,卖盘
109,09:35:54,23.18,88066,38,买盘
110,09:35:57,23.18,48678,21,买盘
111,09:36:00,23.17,57937,25,卖盘
112,09:36:03,23.18,150559,65,中性盘
113,09:36:09,23.18,13906,6,买盘
114,09:36:12,23.18,67222,29,买盘
115,09:36:15,23.19,113571,49,买盘
116,09:36:18,23.22,496512,214,买盘
117,09:36:21,23.22,18574,8,买盘
118,09:36:24,23.22,37126,16,买盘
119,09:36:27,23.25,1061597,457,买盘
120,09:36:30,23.23,25553,11,卖盘
121,09:36:33,23.25,2325,1,买盘
122,09:36:36,23.26,299985,129,买盘
123,09:36:39,23.26,4652,2,买盘
124,09:36:42,23.27,109292,47,买盘
125,09:36:45,23.25,6975,3,卖盘
126,09:36:48,23.27,155906,67,买盘
127,09:36:51,23.25,151205,65,卖盘
128,09:36:54,23.27,237354,102,卖盘
129,09:36:57,23.25,60467,26,卖盘
130,09:37:00,23.25,67427,29,卖盘
131,09:37:03,23.25,100018,43,卖盘
132,09:37:06,23.25,176700,76,买盘
133,09:37:09,23.28,188504,81,买盘
134,09:37:12,23.28,65176,28,买盘
135,09:37:15,23.27,60526,26,中性盘
136,09:37:18,23.28,53541,23,买盘
137,09:37:21,23.28,18624,8,买盘
138,09:37:24,23.26,239730,103,卖盘
139,09:37:27,23.27,23270,10,中性盘
140,09:37:30,23.28,48860,21,买盘
141,09:37:33,23.28,153630,66,买盘
142,09:37:36,23.29,155913,67,买盘
143,09:37:39,23.28,93123,40,卖盘
144,09:37:42,23.29,60544,26,买盘
145,09:37:45,23.28,4656,2,卖盘
146,09:37:48,23.28,44237,19,卖盘
147,09:37:51,23.27,321258,138,卖盘
148,09:37:57,23.27,2327,1,买盘
149,09:38:00,23.26,18608,8,卖盘
150,09:38:03,23.27,18614,8,买盘
151,09:38:06,23.27,1107290,476,买盘
152,09:38:09,23.26,65128,28,买盘
153,09:38:12,23.26,11630,5,买盘
154,09:38:15,23.26,32564,14,买盘
155,09:38:18,23.26,20928,9,买盘
156,09:38:21,23.26,141879,61,买盘
157,09:38:24,23.27,190719,82,买盘
158,09:38:27,23.28,120964,52,买盘
159,09:38:30,23.28,30248,13,买盘
160,09:38:33,23.27,4654,2,买盘
161,09:38:36,23.27,123331,53,买盘
162,09:38:39,23.26,55821,24,中性盘
163,09:38:42,23.26,51151,22,买盘
164,09:38:45,23.25,27900,12,卖盘
165,09:38:48,23.25,2325,1,卖盘
166,09:38:51,23.26,232494,100,买盘
167,09:38:54,23.26,11630,5,买盘
168,09:38:57,23.25,23250,10,买盘
169,09:39:00,23.23,118479,51,卖盘
170,09:39:03,23.25,13950,6,买盘
171,09:39:06,23.25,165065,71,买盘
172,09:39:09,23.25,569625,245,买盘
173,09:39:12,23.24,27887,12,卖盘
174,09:39:15,23.24,99944,43,买盘
175,09:39:21,23.23,25554,11,卖盘
176,09:39:24,23.24,32536,14,买盘
177,09:39:27,23.25,97650,42,买盘
178,09:39:30,23.25,16270,7,买盘
179,09:39:33,23.24,20920,9,卖盘
180,09:39:36,23.24,311416,134,卖盘
181,09:39:39,23.24,11620,5,买盘
182,09:39:45,23.23,25553,11,卖盘
183,09:39:48,23.24,23240,10,买盘
184,09:39:51,23.23,20907,9,卖盘
185,09:39:54,23.23,37168,16,卖盘
186,09:39:57,23.23,218362,94,卖盘
187,09:40:00,23.23,95259,41,卖盘
188,09:40:03,23.23,11615,5,卖盘
189,09:40:06,23.23,213702,92,卖盘
190,09:40:09,23.21,2321,1,卖盘
191,09:40:12,23.23,18577,8,买盘
192,09:40:21,23.22,26796,12,买盘
193,09:40:24,23.21,92849,40,卖盘
194,09:40:27,23.21,109087,47,卖盘
195,09:40:33,23.21,60346,26,卖盘
196,09:40:36,23.21,112468,48,卖盘
197,09:40:39,23.2,74267,32,卖盘
198,09:40:45,23.22,37150,16,买盘
199,09:40:48,23.21,2321,1,买盘
200,09:40:54,23.21,69629,30,买盘
201,09:40:57,23.21,2321,1,卖盘
202,09:41:00,23.21,9284,4,卖盘
203,09:41:03,23.21,58025,25,卖盘
204,09:41:06,23.21,13926,6,卖盘
205,09:41:09,23.21,60346,26,卖盘
206,09:41:12,23.2,4640,2,卖盘
207,09:41:15,23.21,118321,51,买盘
208,09:41:18,23.2,18560,8,卖盘
209,09:41:21,23.19,292291,126,卖盘
210,09:41:24,23.18,2318,1,卖盘
211,09:41:27,23.18,30141,13,卖盘
212,09:41:30,23.18,41724,18,卖盘
213,09:41:33,23.18,32452,14,卖盘
214,09:41:36,23.18,104310,45,卖盘
215,09:41:39,23.18,9272,4,卖盘
216,09:41:42,23.18,18542,8,买盘
217,09:41:45,23.17,25487,11,卖盘
218,09:41:48,23.17,11585,5,买盘
219,09:41:51,23.17,27804,12,买盘
220,09:41:54,23.18,6952,3,买盘
221,09:42:00,23.18,11590,5,买盘
222,09:42:09,23.18,4636,2,卖盘
223,09:42:15,23.19,51009,22,买盘
224,09:42:18,23.19,16238,7,卖盘
225,09:42:21,23.19,25515,11,卖盘
226,09:42:24,23.19,11595,5,卖盘
227,09:42:27,23.18,11590,5,卖盘
228,09:42:30,23.18,6956,3,卖盘
229,09:42:36,23.19,27827,12,买盘
230,09:42:45,23.18,13909,6,卖盘
231,09:42:48,23.18,6954,3,卖盘
232,09:42:51,23.18,50996,22,卖盘
233,09:42:54,23.18,62602,27,卖盘
234,09:42:57,23.18,2318,1,卖盘
235,09:43:00,23.18,27816,12,卖盘
236,09:43:09,23.18,32452,14,卖盘
237,09:43:15,23.17,20853,9,卖盘
238,09:43:18,23.18,37088,16,买盘
239,09:43:21,23.18,148291,64,买盘
240,09:43:24,23.18,32449,14,买盘
241,09:43:27,23.18,11590,5,卖盘
242,09:43:30,23.19,9276,4,买盘
243,09:43:33,23.19,16233,7,买盘
244,09:43:36,23.19,2319,1,买盘
245,09:43:39,23.19,6957,3,买盘
246,09:43:42,23.18,23180,10,卖盘
247,09:43:45,23.19,32466,14,买盘
248,09:43:48,23.18,2318,1,卖盘
249,09:43:51,23.18,62588,27,卖盘
250,09:43:54,23.18,20862,9,卖盘
251,09:43:57,23.18,2318,1,卖盘
252,09:44:03,23.18,39406,17,卖盘
253,09:44:09,23.17,113577,49,卖盘
254,09:44:12,23.17,6951,3,卖盘
255,09:44:15,23.17,20853,9,卖盘
256,09:44:18,23.18,57929,25,买盘
257,09:44:21,23.16,55607,24,卖盘
258,09:44:30,23.16,4632,2,卖盘
259,09:44:39,23.17,88040,38,买盘
260,09:44:42,23.17,2317,1,卖盘
261,09:44:48,23.17,23170,10,卖盘
262,09:44:51,23.17,6951,3,卖盘
263,09:44:54,23.17,23170,10,卖盘
264,09:45:00,23.18,18542,8,买盘
265,09:45:03,23.17,2317,1,卖盘
266,09:45:06,23.16,231604,100,卖盘
267,09:45:09,23.16,46320,20,买盘
268,09:45:15,23.15,13895,6,卖盘
269,09:45:18,23.15,32410,14,卖盘
270,09:45:21,23.15,71765,31,卖盘
271,09:45:24,23.15,9260,4,卖盘
272,09:45:27,23.15,27780,12,卖盘
273,09:45:30,23.15,53245,23,卖盘
274,09:45:33,23.16,11577,5,买盘
275,09:45:36,23.15,9260,4,卖盘
276,09:45:39,23.16,18528,8,买盘
277,09:45:42,23.15,11575,5,卖盘
278,09:45:45,23.15,120380,52,卖盘
279,09:45:48,23.15,53245,23,卖盘
280,09:45:51,23.15,13890,6,卖盘
281,09:45:54,23.15,32410,14,卖盘
282,09:45:57,23.15,11575,5,卖盘
283,09:46:00,23.15,11575,5,卖盘
284,09:46:03,23.14,83325,36,卖盘
285,09:46:06,23.14,57869,25,卖盘
286,09:46:09,23.14,9256,4,卖盘
287,09:46:18,23.14,9256,4,卖盘
288,09:46:21,23.14,101821,44,卖盘
289,09:46:24,23.14,94874,41,卖盘
290,09:46:27,23.13,20825,9,卖盘
291,09:46:30,23.13,11567,5,卖盘
292,09:46:33,23.13,4626,2,卖盘
293,09:46:36,23.14,173548,75,买盘
294,09:46:39,23.14,11570,5,买盘
295,09:46:42,23.13,11565,5,卖盘
296,09:46:45,23.12,127210,55,卖盘
297,09:46:48,23.12,145718,63,卖盘
298,09:46:51,23.12,62424,27,卖盘
299,09:46:54,23.12,9248,4,卖盘
300,09:47:03,23.12,62418,27,买盘
301,09:47:06,23.14,581011,251,买盘
302,09:47:09,23.14,701141,303,买盘
303,09:47:12,23.14,16196,7,买盘
304,09:47:15,23.14,25457,11,卖盘
305,09:47:18,23.14,201322,87,卖盘
306,09:47:21,23.14,106399,46,买盘
307,09:47:27,23.14,90246,39,卖盘
308,09:47:33,23.15,69449,30,买盘
309,09:47:36,23.13,4626,2,卖盘
310,09:47:39,23.13,2313,1,卖盘
311,09:47:45,23.13,4626,2,买盘
312,09:47:48,23.12,4624,2,卖盘
313,09:47:51,23.13,23130,10,买盘
314,09:47:54,23.13,4626,2,买盘
315,09:47:57,23.12,13873,6,卖盘
316,09:48:00,23.12,2312,1,卖盘
317,09:48:03,23.12,25439,11,卖盘
318,09:48:06,23.12,4624,2,卖盘
319,09:48:09,23.12,5202,2,卖盘
320,09:48:12,23.12,71672,31,卖盘
321,09:48:15,23.11,96522,42,卖盘
322,09:48:18,23.11,20799,9,卖盘
323,09:48:21,23.12,13872,6,买盘
324,09:48:24,23.11,11557,5,卖盘
325,09:48:27,23.11,50877,22,卖盘
326,09:48:30,23.11,57775,25,卖盘
327,09:48:36,23.13,6935,3,买盘
328,09:48:42,23.13,11565,5,买盘
329,09:48:45,23.14,18512,8,买盘
330,09:48:51,23.13,18504,8,卖盘
331,09:48:54,23.13,23130,10,卖盘
332,09:48:57,23.13,11565,5,中性盘
333,09:49:03,23.13,9253,4,卖盘
334,09:49:06,23.13,6939,3,卖盘
335,09:49:09,23.13,124971,54,卖盘
336,09:49:18,23.13,13878,6,卖盘
337,09:49:21,23.16,185278,80,买盘
338,09:49:24,23.16,2316,1,卖盘
339,09:49:27,23.16,2316,1,卖盘
340,09:49:30,23.17,16219,7,买盘
341,09:49:33,23.16,9264,4,卖盘
342,09:49:36,23.16,97281,42,卖盘
343,09:49:39,23.16,6948,3,卖盘
344,09:49:42,23.16,284868,123,卖盘
345,09:49:48,23.16,27791,12,买盘
346,09:49:51,23.15,2315,1,卖盘
347,09:50:00,23.16,39370,17,买盘
348,09:50:03,23.15,37040,16,卖盘
349,09:50:06,23.15,37041,16,卖盘
350,09:50:09,23.14,16207,7,卖盘
351,09:50:15,23.14,2314,1,卖盘
352,09:50:18,23.14,23140,10,买盘
353,09:50:21,23.14,2314,1,中性盘
354,09:50:30,23.15,2315,1,买盘
355,09:50:36,23.15,305580,132,卖盘
356,09:50:39,23.15,46300,20,买盘
357,09:50:45,23.14,11570,5,买盘
358,09:50:48,23.13,43949,19,卖盘
359,09:50:51,23.14,6942,3,买盘
360,09:50:57,23.14,4628,2,卖盘
361,09:51:03,23.14,23140,10,买盘
362,09:51:06,23.14,6944,3,卖盘
363,09:51:12,23.14,46280,20,卖盘
364,09:51:15,23.14,4628,2,卖盘
365,09:51:18,23.14,6942,3,卖盘
366,09:51:21,23.14,143468,62,卖盘
367,09:51:24,23.14,11570,5,中性盘
368,09:51:33,23.14,34710,15,买盘
369,09:51:39,23.15,6945,3,买盘
370,09:51:42,23.15,4630,2,买盘
371,09:51:57,23.15,2315,1,买盘
372,09:52:00,23.15,9260,4,买盘
373,09:52:06,23.15,69428,30,买盘
374,09:52:12,23.14,4628,2,卖盘
375,09:52:15,23.14,30090,13,卖盘
376,09:52:18,23.13,11567,5,卖盘
377,09:52:30,23.16,111581,48,买盘
378,09:52:36,23.16,11580,5,买盘
379,09:52:45,23.15,43997,19,卖盘
380,09:52:51,23.15,115750,50,卖盘
381,09:52:54,23.16,6948,3,买盘
382,09:52:57,23.16,113252,49,买盘
383,09:53:09,23.16,9264,4,卖盘
384,09:53:18,23.17,56303,24,买盘
385,09:53:24,23.18,2318,1,买盘
386,09:53:27,23.17,69528,30,卖盘
387,09:53:30,23.18,6954,3,买盘
388,09:53:36,23.18,13908,6,买盘
389,09:53:42,23.18,25498,11,买盘
390,09:53:48,23.18,32452,14,卖盘
391,09:53:51,23.18,74176,32,卖盘
392,09:53:54,23.19,71876,31,买盘
393,09:54:00,23.18,62606,27,卖盘
394,09:54:03,23.18,6954,3,卖盘
395,09:54:06,23.19,99714,43,买盘
396,09:54:15,23.19,25509,11,买盘
397,09:54:18,23.19,37104,16,买盘
398,09:54:21,23.19,13914,6,买盘
399,09:54:33,23.19,6957,3,买盘
400,09:54:36,23.19,227255,98,买盘
401,09:54:39,23.2,46398,20,买盘
402,09:54:45,23.19,76527,33,卖盘
403,09:54:48,23.2,32470,14,买盘
404,09:54:57,23.2,23200,10,买盘
405,09:55:00,23.2,2320,1,买盘
406,09:55:03,23.19,23190,10,卖盘
407,09:55:06,23.2,51040,22,买盘
408,09:55:09,23.2,16235,7,买盘
409,09:55:18,23.2,11600,5,买盘
410,09:55:27,23.2,2320,1,买盘
411,09:55:30,23.2,4640,2,买盘
412,09:55:36,23.19,2319,1,卖盘
413,09:55:39,23.19,92760,40,卖盘
414,09:55:45,23.18,9272,4,卖盘
415,09:55:48,23.18,57950,25,卖盘
416,09:55:54,23.19,83473,36,买盘
417,09:56:00,23.18,208620,90,卖盘
418,09:56:03,23.17,30121,13,卖盘
419,09:56:06,23.18,27812,12,买盘
420,09:56:09,23.17,11585,5,卖盘
421,09:56:12,23.18,34765,15,买盘
422,09:56:18,23.17,2317,1,卖盘
423,09:56:21,23.18,11590,5,买盘
424,09:56:27,23.17,136742,59,卖盘
425,09:56:36,23.18,69540,30,卖盘
426,09:56:39,23.19,85780,37,买盘
427,09:56:42,23.18,20862,9,卖盘
428,09:56:45,23.18,18544,8,卖盘
429,09:56:48,23.18,4636,2,卖盘
430,09:56:54,23.18,2318,1,卖盘
431,09:56:57,23.18,4636,2,卖盘
432,09:57:00,23.19,133303,58,买盘
433,09:57:03,23.19,2319,1,卖盘
434,09:57:06,23.19,24350,11,卖盘
435,09:57:09,23.19,13912,6,买盘
436,09:57:15,23.19,81158,35,买盘
437,09:57:18,23.17,23173,10,卖盘
438,09:57:21,23.17,2317,1,卖盘
439,09:57:27,23.18,6954,3,买盘
440,09:57:33,23.18,2318,1,卖盘
441,09:57:39,23.18,32452,14,买盘
442,09:57:42,23.18,20862,9,卖盘
443,09:57:51,23.18,2318,1,买盘
444,09:57:54,23.17,50974,22,卖盘
445,09:57:57,23.17,4634,2,卖盘
446,09:58:00,23.18,32440,14,买盘
447,09:58:03,23.17,20853,9,卖盘
448,09:58:06,23.18,39403,17,买盘
449,09:58:09,23.18,37088,16,买盘
450,09:58:12,23.19,176169,76,买盘
451,09:58:15,23.19,143770,62,买盘
452,09:58:18,23.18,17158,7,卖盘
453,09:58:24,23.2,46395,20,买盘
454,09:58:27,23.2,46400,20,买盘
455,09:58:30,23.2,23195,10,买盘
456,09:58:33,23.2,176320,76,买盘
457,09:58:36,23.19,20871,9,卖盘
458,09:58:42,23.2,2320,1,买盘
459,09:58:48,23.19,150785,65,卖盘
460,09:58:51,23.2,20873,9,买盘
461,09:58:54,23.2,6958,3,买盘
462,09:59:00,23.2,83497,36,买盘
463,09:59:03,23.2,46390,20,买盘
464,09:59:06,23.19,23190,10,买盘
465,09:59:09,23.18,9272,4,卖盘
466,09:59:12,23.19,37104,16,买盘
467,09:59:18,23.18,9272,4,卖盘
468,09:59:21,23.19,6957,3,买盘
469,09:59:24,23.18,4636,2,卖盘
470,09:59:33,23.19,2319,1,买盘
471,09:59:42,23.19,48699,21,买盘
472,09:59:45,23.18,9272,4,卖盘
473,09:59:48,23.18,4636,2,卖盘
474,09:59:54,23.18,4636,2,卖盘
475,09:59:57,23.18,2318,1,卖盘
476,10:00:00,23.18,162260,70,卖盘
477,10:00:03,23.18,20862,9,卖盘
478,10:00:06,23.18,13908,6,卖盘
479,10:00:09,23.18,85766,37,卖盘
480,10:00:12,23.17,23170,10,卖盘
481,10:00:15,23.18,25498,11,买盘
482,10:00:18,23.18,9272,4,卖盘
483,10:00:21,23.19,16231,7,买盘
484,10:00:30,23.19,111312,48,买盘
485,10:00:33,23.18,16226,7,卖盘
486,10:00:36,23.18,111264,48,卖盘
487,10:00:39,23.18,11590,5,卖盘
488,10:00:42,23.18,69540,30,卖盘
489,10:00:45,23.17,13902,6,卖盘
490,10:00:54,23.18,97353,42,买盘
491,10:00:57,23.18,11590,5,卖盘
492,10:01:00,23.19,57975,25,买盘
493,10:01:03,23.19,95076,41,买盘
494,10:01:06,23.18,13908,6,卖盘
495,10:01:12,23.18,9736,4,卖盘
496,10:01:15,23.18,2318,1,卖盘
497,10:01:18,23.18,6954,3,卖盘
498,10:01:24,23.18,18544,8,卖盘
499,10:01:27,23.18,11590,5,卖盘
500,10:01:36,23.19,25507,11,买盘
501,10:01:45,23.18,50996,22,卖盘
502,10:01:48,23.19,13910,6,买盘
503,10:01:51,23.18,4636,2,卖盘
504,10:01:54,23.18,4636,2,卖盘
505,10:01:57,23.18,2318,1,卖盘
506,10:02:00,23.18,6490,3,卖盘
507,10:02:03,23.18,6954,3,买盘
508,10:02:06,23.2,515372,222,买盘
509,10:02:09,23.19,97430,42,卖盘
510,10:02:12,23.2,255194,110,买盘
511,10:02:15,23.21,106766,46,买盘
512,10:02:18,23.22,178727,77,买盘
513,10:02:21,23.21,20889,9,卖盘
514,10:02:24,23.21,44099,19,卖盘
515,10:02:27,23.2,11602,5,卖盘
516,10:02:33,23.21,6963,3,买盘
517,10:02:42,23.21,13928,6,卖盘
518,10:02:45,23.21,9284,4,卖盘
519,10:02:54,23.22,92388,40,买盘
520,10:02:57,23.22,16254,7,卖盘
521,10:03:00,23.23,16255,7,买盘
522,10:03:03,23.23,199776,86,买盘
523,10:03:06,23.23,11615,5,卖盘
524,10:03:09,23.23,16261,7,卖盘
525,10:03:12,23.23,160317,69,卖盘
526,10:03:15,23.23,11615,5,买盘
527,10:03:21,23.22,2322,1,卖盘
528,10:03:24,23.22,157896,68,卖盘
529,10:03:27,23.22,23225,10,卖盘
530,10:03:33,23.22,13932,6,卖盘
531,10:03:36,23.22,2322,1,卖盘
532,10:03:39,23.23,28335,12,买盘
533,10:03:51,23.23,27865,12,买盘
534,10:04:00,23.22,6966,3,卖盘
535,10:04:12,23.22,20898,9,卖盘
536,10:04:15,23.22,30191,13,卖盘
537,10:04:18,23.22,9288,4,卖盘
538,10:04:21,23.22,11610,5,买盘
539,10:04:24,23.23,13935,6,买盘
540,10:04:30,23.22,6966,3,买盘
541,10:04:33,23.22,30186,13,买盘
542,10:04:36,23.22,85936,37,卖盘
543,10:04:39,23.22,4645,2,卖盘
544,10:04:42,23.22,4644,2,卖盘
545,10:04:45,23.21,25541,11,卖盘
546,10:04:57,23.21,25531,11,卖盘
547,10:05:15,23.22,65016,28,买盘
548,10:05:18,23.23,20438,9,买盘
549,10:05:24,23.23,211358,91,买盘
550,10:05:27,23.23,44137,19,买盘
551,10:05:36,23.23,9292,4,买盘
552,10:05:42,23.22,58050,25,卖盘
553,10:05:48,23.22,2322,1,卖盘
554,10:05:51,23.22,4644,2,卖盘
555,10:05:54,23.22,6966,3,卖盘
556,10:05:57,23.22,2322,1,卖盘
557,10:06:00,23.23,20907,9,买盘
558,10:06:06,23.22,125438,54,卖盘
559,10:06:09,23.23,211161,91,买盘
560,10:06:12,23.24,104580,45,买盘
561,10:06:15,23.24,37184,16,买盘
562,10:06:18,23.23,11615,5,卖盘
563,10:06:21,23.24,34850,15,买盘
564,10:06:24,23.23,9292,4,卖盘
565,10:06:27,23.23,9292,4,卖盘
566,10:06:33,23.24,2324,1,买盘
567,10:06:42,23.24,51128,22,买盘
568,10:06:45,23.24,6972,3,买盘
569,10:06:48,23.23,11615,5,卖盘
570,10:06:51,23.24,4648,2,买盘
571,10:06:54,23.23,297576,128,卖盘
572,10:06:57,23.23,2323,1,买盘
573,10:07:03,23.22,69660,30,卖盘
574,10:07:06,23.22,9288,4,卖盘
575,10:07:09,23.22,32508,14,卖盘
576,10:07:12,23.22,18576,8,卖盘
577,10:07:15,23.22,11610,5,卖盘
578,10:07:21,23.22,4644,2,买盘
579,10:07:24,23.22,16254,7,买盘
580,10:07:27,23.22,2322,1,买盘
581,10:07:36,23.22,69660,30,买盘
582,10:07:39,23.19,331845,143,卖盘
583,10:07:42,23.18,204274,88,卖盘
584,10:07:45,23.21,6961,3,中性盘
585,10:07:48,23.21,32494,14,买盘
586,10:08:00,23.2,16240,7,卖盘
587,10:08:03,23.2,6960,3,卖盘
588,10:08:06,23.21,16244,7,买盘
589,10:08:09,23.2,18560,8,卖盘
590,10:08:12,23.2,13920,6,卖盘
591,10:08:15,23.2,95120,41,卖盘
592,10:08:21,23.2,23199,10,买盘
593,10:08:27,23.19,41747,18,卖盘
594,10:08:33,23.2,139180,60,买盘
595,10:08:39,23.2,4639,2,买盘
596,10:08:42,23.19,113631,49,卖盘
597,10:08:45,23.2,9277,4,买盘
598,10:08:48,23.19,27828,12,卖盘
599,10:08:51,23.19,122907,53,卖盘
600,10:08:57,23.18,23180,10,卖盘
601,10:09:00,23.18,18544,8,卖盘
602,10:09:03,23.18,11590,5,卖盘
603,10:09:06,23.18,50996,22,卖盘
604,10:09:09,23.18,30134,13,买盘
605,10:09:12,23.18,199363,86,买盘
606,10:09:15,23.2,296724,128,买盘
607,10:09:18,23.19,92731,40,中性盘
608,10:09:21,23.2,4640,2,买盘
609,10:09:27,23.19,34785,15,中性盘
610,10:09:33,23.2,6960,3,买盘
611,10:09:36,23.2,34790,15,买盘
612,10:09:39,23.2,9280,4,买盘
613,10:09:45,23.19,11595,5,卖盘
614,10:09:48,23.2,6960,3,买盘
615,10:09:51,23.2,11600,5,买盘
616,10:10:00,23.19,23190,10,卖盘
617,10:10:06,23.19,18557,8,卖盘
618,10:10:09,23.19,23190,10,卖盘
619,10:10:21,23.19,6957,3,买盘
620,10:10:24,23.19,2319,1,买盘
621,10:10:27,23.18,23180,10,卖盘
622,10:10:36,23.18,9272,4,卖盘
623,10:10:39,23.18,50996,22,卖盘
624,10:10:45,23.19,2319,1,买盘
625,10:10:48,23.19,2319,1,买盘
626,10:10:51,23.18,9273,4,卖盘
627,10:10:54,23.18,4636,2,卖盘
628,10:10:57,23.18,37089,16,卖盘
629,10:11:03,23.18,115900,50,卖盘
630,10:11:06,23.18,2318,1,卖盘
631,10:11:09,23.18,20862,9,卖盘
632,10:11:12,23.18,11590,5,卖盘
633,10:11:15,23.18,129808,56,卖盘
634,10:11:18,23.17,18536,8,卖盘
635,10:11:21,23.17,23170,10,卖盘
636,10:11:24,23.18,27806,12,买盘
637,10:11:27,23.17,9268,4,卖盘
638,10:11:30,23.17,18536,8,卖盘
639,10:11:33,23.18,16225,7,买盘
640,10:11:36,23.17,25487,11,卖盘
641,10:11:45,23.18,2318,1,买盘
642,10:11:48,23.17,2317,1,卖盘
643,10:11:51,23.17,13902,6,卖盘
644,10:12:00,23.17,6256,3,卖盘
645,10:12:03,23.17,11584,5,买盘
646,10:12:06,23.15,231825,100,卖盘
647,10:12:09,23.15,55339,24,卖盘
648,10:12:15,23.17,50970,22,买盘
649,10:12:18,23.16,9263,4,买盘
650,10:12:30,23.15,2315,1,卖盘
651,10:12:33,23.15,16207,7,卖盘
652,10:12:36,23.16,37046,16,买盘
653,10:12:45,23.15,11575,5,卖盘
654,10:12:48,23.15,9260,4,卖盘
655,10:12:51,23.16,4632,2,买盘
656,10:12:57,23.15,6947,3,卖盘
657,10:13:00,23.16,13891,6,买盘
658,10:13:03,23.16,27792,12,卖盘
659,10:13:12,23.17,13897,6,买盘
660,10:13:15,23.16,27792,12,卖盘
661,10:13:21,23.16,13896,6,卖盘
662,10:13:24,23.17,18536,8,买盘
663,10:13:30,23.17,2317,1,买盘
664,10:13:33,23.17,16219,7,买盘
665,10:13:36,23.17,23170,10,买盘
666,10:13:39,23.16,25476,11,卖盘
667,10:13:54,23.17,2317,1,买盘
668,10:14:00,23.17,85722,37,买盘
669,10:14:03,23.16,2316,1,卖盘
670,10:14:06,23.16,4632,2,卖盘
671,10:14:09,23.16,6948,3,卖盘
672,10:14:15,23.16,222336,96,卖盘
673,10:14:18,23.16,13896,6,卖盘
674,10:14:21,23.16,46320,20,卖盘
675,10:14:27,23.15,9260,4,卖盘
676,10:14:36,23.15,4630,2,卖盘
677,10:14:39,23.15,94915,41,卖盘
678,10:14:45,23.15,48615,21,卖盘
679,10:14:48,23.16,50952,22,买盘
680,10:14:54,23.15,23156,10,卖盘
681,10:14:57,23.15,2315,1,卖盘
682,10:15:03,23.15,11575,5,卖盘
683,10:15:12,23.15,6945,3,卖盘
684,10:15:15,23.16,34730,15,买盘
685,10:15:18,23.16,122747,53,买盘
686,10:15:21,23.17,37072,16,买盘
687,10:15:27,23.16,2316,1,卖盘
688,10:15:45,23.18,4636,2,买盘
689,10:15:54,23.17,6951,3,卖盘
690,10:15:57,23.18,41708,18,买盘
691,10:16:00,23.17,4634,2,卖盘
692,10:16:03,23.17,11585,5,卖盘
693,10:16:06,23.17,2317,1,卖盘
694,10:16:09,23.17,30121,13,卖盘
695,10:16:12,23.17,27804,12,卖盘
696,10:16:15,23.17,4634,2,买盘
697,10:16:18,23.17,23170,10,买盘
698,10:16:21,23.17,2317,1,中性盘
699,10:16:24,23.17,2317,1,卖盘
700,10:16:36,23.17,4634,2,卖盘
701,10:16:39,23.17,4633,2,买盘
702,10:16:42,23.17,13902,6,买盘
703,10:16:45,23.17,159873,69,买盘
704,10:16:48,23.16,4632,2,卖盘
705,10:17:00,23.17,4634,2,卖盘
706,10:17:06,23.17,9268,4,卖盘
707,10:17:12,23.17,6951,3,卖盘
708,10:17:15,23.17,2317,1,卖盘
709,10:17:18,23.17,92680,40,卖盘
710,10:17:21,23.17,2317,1,卖盘
711,10:17:24,23.17,23170,10,卖盘
712,10:17:27,23.18,74174,32,买盘
713,10:17:36,23.17,2317,1,卖盘
714,10:17:39,23.18,4636,2,买盘
715,10:18:09,23.18,66758,29,买盘
716,10:18:12,23.18,30134,13,卖盘
717,10:18:18,23.18,197030,85,卖盘
718,10:18:21,23.18,464,0,卖盘
719,10:18:24,23.17,2317,1,卖盘
720,10:18:36,23.17,2317,1,卖盘
721,10:18:39,23.17,11585,5,卖盘
722,10:18:48,23.18,266469,115,买盘
723,10:19:06,23.18,23180,10,买盘
724,10:19:09,23.18,11590,5,买盘
725,10:19:15,23.18,6954,3,买盘
726,10:19:21,23.19,53316,23,买盘
727,10:19:24,23.19,6957,3,买盘
728,10:19:33,23.19,6957,3,买盘
729,10:19:36,23.19,25509,11,买盘
730,10:19:42,23.19,23190,10,买盘
731,10:19:48,23.19,168824,73,买盘
732,10:20:00,23.19,18552,8,卖盘
733,10:20:03,23.19,20871,9,买盘
734,10:20:06,23.19,90441,39,买盘
735,10:20:09,23.18,23185,10,卖盘
736,10:20:12,23.2,4640,2,买盘
737,10:20:33,23.19,11598,5,中性盘
738,10:20:36,23.19,18552,8,中性盘
739,10:20:39,23.19,4638,2,卖盘
740,10:20:54,23.2,39440,17,买盘
741,10:20:57,23.2,13915,6,买盘
742,10:21:15,23.19,6957,3,卖盘
743,10:21:24,23.19,41742,18,卖盘
744,10:21:30,23.18,88084,38,卖盘
745,10:21:36,23.18,18539,8,买盘
746,10:21:39,23.18,30124,13,买盘
747,10:21:45,23.17,11585,5,卖盘
748,10:21:48,23.16,695076,300,卖盘
749,10:21:51,23.16,106536,46,卖盘
750,10:21:54,23.16,48636,21,卖盘
751,10:21:57,23.16,13896,6,买盘
752,10:22:00,23.15,64820,28,卖盘
753,10:22:03,23.15,62505,27,卖盘
754,10:22:06,23.15,16205,7,卖盘
755,10:22:09,23.15,60190,26,卖盘
756,10:22:18,23.16,11580,5,买盘
757,10:22:51,23.16,4632,2,卖盘
758,10:22:54,23.17,46340,20,买盘
759,10:23:00,23.18,46360,20,买盘
760,10:23:03,23.18,2318,1,卖盘
761,10:23:09,23.18,6954,3,卖盘
762,10:23:12,23.18,6954,3,卖盘
763,10:23:21,23.18,6954,3,卖盘
764,10:23:30,23.18,50996,22,卖盘
765,10:23:45,23.18,30134,13,买盘
766,10:23:57,23.18,4636,2,买盘
767,10:24:00,23.17,23179,10,卖盘
768,10:24:03,23.17,106582,46,卖盘
769,10:24:06,23.17,6951,3,买盘
770,10:24:12,23.17,2317,1,买盘
771,10:24:18,23.16,30119,13,卖盘
772,10:24:21,23.17,11589,5,中性盘
773,10:24:24,23.18,30124,13,买盘
774,10:24:27,23.18,2318,1,买盘
775,10:24:30,23.18,48678,21,买盘
776,10:24:33,23.18,2318,1,买盘
777,10:24:36,23.18,13908,6,买盘
778,10:24:39,23.18,41714,18,买盘
779,10:24:42,23.18,2318,1,买盘
780,10:24:48,23.16,4632,2,卖盘
781,10:25:03,23.16,78744,34,卖盘
782,10:25:12,23.16,27792,12,买盘
783,10:25:15,23.14,222223,96,卖盘
784,10:25:30,23.14,39338,17,卖盘
785,10:25:39,23.16,85692,37,买盘
786,10:25:42,23.14,215211,93,卖盘
787,10:25:45,23.14,67106,29,卖盘
788,10:25:54,23.14,13884,6,卖盘
789,10:25:57,23.15,6945,3,买盘
790,10:26:06,23.14,261482,113,卖盘
791,10:26:09,23.15,314736,136,买盘
792,10:26:12,23.14,67112,29,卖盘
793,10:26:18,23.14,6942,3,卖盘
794,10:26:21,23.14,4628,2,买盘
795,10:26:24,23.15,4630,2,买盘
796,10:26:42,23.15,20835,9,买盘
797,10:26:54,23.15,53245,23,买盘
798,10:27:09,23.14,231400,100,卖盘
799,10:27:15,23.13,115650,50,卖盘
800,10:27:21,23.14,4628,2,买盘
801,10:27:27,23.13,4626,2,卖盘
802,10:27:36,23.13,92520,40,卖盘
803,10:27:39,23.13,67424,29,卖盘
804,10:27:45,23.13,11565,5,卖盘
805,10:27:51,23.14,32396,14,买盘
806,10:27:57,23.13,27758,12,卖盘
807,10:28:00,23.14,11570,5,买盘
808,10:28:03,23.14,2314,1,买盘
809,10:28:06,23.13,25450,11,卖盘
810,10:28:09,23.14,60164,26,买盘
811,10:28:18,23.14,13884,6,买盘
812,10:28:24,23.14,2083,1,买盘
813,10:28:30,23.16,259376,112,买盘
814,10:28:36,23.18,4636,2,买盘
815,10:28:48,23.16,4632,2,卖盘
816,10:28:54,23.18,169214,73,买盘
817,10:29:03,23.18,39406,17,卖盘
818,10:29:06,23.18,16226,7,卖盘
819,10:29:09,23.18,18544,8,卖盘
820,10:29:12,23.18,4636,2,卖盘
821,10:29:18,23.19,27828,12,买盘
822,10:29:24,23.19,18546,8,买盘
823,10:29:33,23.19,16233,7,买盘
824,10:29:36,23.19,16233,7,买盘
825,10:29:39,23.19,18550,8,买盘
826,10:29:42,23.18,2236870,965,卖盘
827,10:29:45,23.16,27792,12,卖盘
828,10:29:48,23.17,11583,5,买盘
829,10:29:51,23.16,2316,1,卖盘
830,10:30:06,23.16,16214,7,卖盘
831,10:30:09,23.18,85766,37,买盘
832,10:30:12,23.18,39392,17,买盘
833,10:30:15,23.18,118214,51,买盘
834,10:30:18,23.18,398695,172,买盘
835,10:30:21,23.17,637417,275,卖盘
836,10:30:24,23.18,155291,67,买盘
837,10:30:27,23.17,2317,1,卖盘
838,10:30:30,23.18,76494,33,买盘
839,10:30:33,23.18,48677,21,买盘
840,10:30:39,23.17,99634,43,卖盘
841,10:30:42,23.17,2317,1,卖盘
842,10:30:48,23.18,11590,5,买盘
843,10:30:51,23.17,9268,4,卖盘
844,10:31:00,23.17,9268,4,卖盘
845,10:31:03,23.18,2318,1,买盘
846,10:31:15,23.18,4636,2,买盘
847,10:31:24,23.18,347700,150,买盘
848,10:31:27,23.18,50996,22,买盘
849,10:31:30,23.19,11595,5,买盘
850,10:31:42,23.19,6957,3,买盘
851,10:32:00,23.18,6954,3,卖盘
852,10:32:06,23.21,912009,393,买盘
853,10:32:09,23.21,192643,83,买盘
854,10:32:12,23.21,6963,3,买盘
855,10:32:21,23.22,44118,19,买盘
856,10:32:27,23.21,30176,13,卖盘
857,10:32:30,23.22,2322,1,买盘
858,10:32:33,23.22,23220,10,买盘
859,10:32:36,23.22,4644,2,买盘
860,10:32:42,23.22,116100,50,买盘
861,10:32:45,23.22,49459,21,买盘
862,10:32:51,23.22,3947,2,卖盘
863,10:32:57,23.22,136998,59,买盘
864,10:33:03,23.22,4644,2,买盘
865,10:33:09,23.22,4644,2,买盘
866,10:33:21,23.23,160952,69,买盘
867,10:33:24,23.23,227654,98,买盘
868,10:33:27,23.23,2323,1,卖盘
869,10:33:30,23.23,6969,3,卖盘
870,10:33:42,23.23,51106,22,卖盘
871,10:33:45,23.23,232300,100,买盘
872,10:33:48,23.24,1146525,494,买盘
873,10:33:51,23.25,51149,22,买盘
874,10:33:54,23.25,62775,27,买盘
875,10:33:57,23.26,1463940,630,买盘
876,10:34:00,23.26,148861,64,买盘
877,10:34:03,23.26,216316,93,买盘
878,10:34:06,23.26,46520,20,买盘
879,10:34:09,23.25,2325,1,卖盘
880,10:34:12,23.33,5712375,2453,买盘
881,10:34:15,23.33,620016,266,买盘
882,10:34:18,23.33,34994,15,买盘
883,10:34:21,23.31,9324,4,卖盘
884,10:34:24,23.33,249629,107,买盘
885,10:34:27,23.33,142326,61,买盘
886,10:34:30,23.35,480959,206,买盘
887,10:34:33,23.32,868192,372,卖盘
888,10:34:36,23.34,83982,36,买盘
889,10:34:39,23.34,179714,77,买盘
890,10:34:42,23.32,46665,20,中性盘
891,10:34:45,23.32,25652,11,买盘
892,10:34:48,23.31,44297,19,卖盘
893,10:34:51,23.32,46640,20,买盘
894,10:34:54,23.32,81620,35,卖盘
895,10:35:00,23.32,44317,19,卖盘
896,10:35:03,23.33,158644,68,买盘
897,10:35:06,23.33,11665,5,卖盘
898,10:35:09,23.33,109651,47,卖盘
899,10:35:12,23.33,713842,306,卖盘
900,10:35:15,23.33,303290,130,买盘
901,10:35:21,23.31,114278,49,卖盘
902,10:35:27,23.31,11655,5,买盘
903,10:35:30,23.31,25641,11,买盘
904,10:35:33,23.31,534673,229,买盘
905,10:35:39,23.32,90926,39,买盘
906,10:35:42,23.32,11660,5,卖盘
907,10:35:45,23.33,53649,23,买盘
908,10:35:48,23.32,102638,44,中性盘
909,10:35:51,23.32,23320,10,买盘
910,10:35:54,23.32,30316,13,买盘
911,10:35:57,23.32,37312,16,买盘
912,10:36:00,23.32,41976,18,买盘
913,10:36:03,23.31,233101,100,卖盘
914,10:36:06,23.31,233100,100,卖盘
915,10:36:09,23.31,41966,18,卖盘
916,10:36:12,23.31,60618,26,卖盘
917,10:36:15,23.3,1201735,516,卖盘
918,10:36:18,23.29,30277,13,卖盘
919,10:36:21,23.3,4660,2,买盘
920,10:36:24,23.3,18640,8,买盘
921,10:36:30,23.3,27960,12,买盘
922,10:36:33,23.29,6987,3,卖盘
923,10:36:36,23.3,34950,15,买盘
924,10:36:39,23.3,16308,7,买盘
925,10:36:42,23.29,46587,20,卖盘
926,10:36:48,23.3,6990,3,买盘
927,10:36:54,23.29,41922,18,卖盘
928,10:36:57,23.31,456856,196,买盘
929,10:37:03,23.31,27972,12,买盘
930,10:37:06,23.32,207446,89,买盘
931,10:37:12,23.3,11650,5,卖盘
932,10:37:15,23.3,9319,4,买盘
933,10:37:18,23.31,69926,30,买盘
934,10:37:21,23.3,4660,2,中性盘
935,10:37:24,23.3,23300,10,卖盘
936,10:37:27,23.3,6990,3,卖盘
937,10:37:33,23.3,4661,2,卖盘
938,10:37:36,23.3,6990,3,卖盘
939,10:37:39,23.3,6990,3,卖盘
940,10:37:42,23.3,53590,23,卖盘
941,10:37:48,23.3,20970,9,卖盘
942,10:37:51,23.29,97854,42,卖盘
943,10:38:00,23.29,13974,6,卖盘
944,10:38:03,23.29,11645,5,卖盘
945,10:38:06,23.29,44252,19,卖盘
946,10:38:09,23.3,116500,50,买盘
947,10:38:15,23.31,83884,36,买盘
948,10:38:21,23.3,11650,5,卖盘
949,10:38:24,23.3,37284,16,卖盘
950,10:38:27,23.3,60580,26,卖盘
951,10:38:33,23.29,1161870,499,卖盘
952,10:38:36,23.31,622281,267,买盘
953,10:38:39,23.3,11650,5,中性盘
954,10:38:48,23.3,25629,11,买盘
955,10:38:51,23.29,18632,8,卖盘
956,10:38:57,23.29,4658,2,买盘
957,10:39:00,23.27,13962,6,卖盘
958,10:39:03,23.29,23290,10,买盘
959,10:39:15,23.28,9312,4,中性盘
960,10:39:18,23.29,9316,4,买盘
961,10:39:24,23.28,23280,10,中性盘
962,10:39:27,23.27,79118,34,卖盘
963,10:39:39,23.27,72137,31,买盘
964,10:39:48,23.28,48888,21,买盘
965,10:39:54,23.28,30264,13,卖盘
966,10:39:57,23.28,83808,36,卖盘
967,10:40:00,23.28,23280,10,卖盘
968,10:40:03,23.26,609913,262,卖盘
969,10:40:06,23.28,11639,5,买盘
970,10:40:09,23.26,6978,3,卖盘
971,10:40:15,23.27,23270,10,买盘
972,10:40:18,23.26,35474,15,卖盘
973,10:40:21,23.26,27912,12,卖盘
974,10:40:24,23.26,23260,10,卖盘
975,10:40:27,23.26,293076,126,卖盘
976,10:40:30,23.25,4070,2,卖盘
977,10:40:33,23.25,2325,1,卖盘
978,10:40:39,23.26,6978,3,买盘
979,10:40:51,23.26,6978,3,买盘
980,10:41:12,23.25,34879,15,卖盘
981,10:41:21,23.25,23250,10,卖盘
982,10:41:30,23.26,2326,1,买盘
983,10:41:36,23.26,11630,5,买盘
984,10:42:03,23.26,2326,1,买盘
985,10:42:06,23.25,11625,5,卖盘
986,10:42:15,23.25,39525,17,卖盘
987,10:42:18,23.24,127872,55,卖盘
988,10:42:21,23.25,9299,4,买盘
989,10:42:30,23.25,4650,2,买盘
990,10:42:45,23.24,23240,10,卖盘
991,10:42:48,23.24,6972,3,卖盘
992,10:42:54,23.25,4650,2,买盘
993,10:43:06,23.24,16268,7,卖盘
994,10:43:09,23.24,27888,12,卖盘
995,10:43:12,23.24,6972,3,卖盘
996,10:43:15,23.24,28469,12,卖盘
997,10:43:18,23.24,23240,10,卖盘
998,10:43:21,23.24,23240,10,卖盘
999,10:43:33,23.24,6972,3,卖盘
1000,10:43:36,23.24,55195,24,卖盘
1001,10:43:39,23.24,4648,2,买盘
1002,10:43:42,23.24,16268,7,买盘
1003,10:43:45,23.24,6972,3,买盘
1004,10:43:48,23.24,60424,26,买盘
1005,10:43:54,23.24,7553,3,买盘
1006,10:43:57,23.24,11622,5,卖盘
1007,10:44:00,23.23,55753,24,卖盘
1008,10:44:06,23.23,213788,92,卖盘
1009,10:44:21,23.23,23237,10,卖盘
1010,10:44:24,23.25,6975,3,买盘
1011,10:44:27,23.24,6972,3,卖盘
1012,10:44:33,23.24,2324,1,卖盘
1013,10:44:36,23.23,4646,2,卖盘
1014,10:44:42,23.24,44138,19,买盘
1015,10:44:45,23.24,2324,1,买盘
1016,10:44:48,23.24,2324,1,买盘
1017,10:44:51,23.23,11616,5,卖盘
1018,10:45:00,23.24,2324,1,买盘
1019,10:45:06,23.24,23240,10,买盘
1020,10:45:18,23.24,4648,2,买盘
1021,10:45:21,23.24,6972,3,买盘
1022,10:45:24,23.24,4648,2,买盘
1023,10:45:30,23.24,11620,5,买盘
1024,10:45:33,23.23,222428,96,卖盘
1025,10:45:36,23.23,25553,11,买盘
1026,10:45:39,23.23,93501,40,买盘
1027,10:45:57,23.23,11615,5,卖盘
1028,10:46:09,23.24,9296,4,买盘
1029,10:46:18,23.24,69720,30,买盘
1030,10:46:21,23.24,2324,1,买盘
1031,10:46:27,23.24,4648,2,买盘
1032,10:46:33,23.24,18592,8,买盘
1033,10:46:36,23.24,2324,1,买盘
1034,10:46:39,23.24,223009,96,买盘
1035,10:46:45,23.24,13944,6,买盘
1036,10:46:51,23.24,13944,6,买盘
1037,10:46:54,23.24,34855,15,买盘
1038,10:46:57,23.23,6969,3,卖盘
1039,10:47:00,23.23,144026,62,卖盘
1040,10:47:09,23.24,11620,5,买盘
1041,10:47:21,23.24,72044,31,买盘
1042,10:47:24,23.24,23240,10,买盘
1043,10:47:39,23.23,23230,10,卖盘
1044,10:47:45,23.23,16263,7,卖盘
1045,10:47:57,23.23,23230,10,卖盘
1046,10:48:06,23.24,11620,5,买盘
1047,10:48:18,23.23,148091,64,卖盘
1048,10:48:24,23.23,76659,33,买盘
1049,10:48:30,23.23,11615,5,买盘
1050,10:48:33,23.23,76656,33,买盘
1051,10:48:36,23.22,199692,86,卖盘
1052,10:48:39,23.22,27861,12,买盘
1053,10:48:42,23.22,2322,1,卖盘
1054,10:48:51,23.22,4644,2,买盘
1055,10:48:54,23.22,23220,10,买盘
1056,10:49:09,23.22,2322,1,买盘
1057,10:49:12,23.21,164791,71,卖盘
1058,10:49:15,23.21,76593,33,买盘
1059,10:49:24,23.21,23210,10,卖盘
1060,10:49:27,23.21,2321,1,卖盘
1061,10:49:30,23.21,4642,2,卖盘
1062,10:49:36,23.22,6966,3,买盘
1063,10:49:39,23.22,9287,4,买盘
1064,10:49:48,23.21,44099,19,卖盘
1065,10:49:51,23.21,9284,4,买盘
1066,10:49:54,23.21,9284,4,买盘
1067,10:49:57,23.21,2321,1,买盘
1068,10:50:00,23.2,23200,10,卖盘
1069,10:50:06,23.2,23200,10,卖盘
1070,10:50:18,23.2,113680,49,卖盘
1071,10:50:21,23.21,4642,2,买盘
1072,10:50:24,23.2,23200,10,卖盘
1073,10:50:30,23.2,4640,2,卖盘
1074,10:50:33,23.21,4642,2,买盘
1075,10:50:36,23.2,11600,5,卖盘
1076,10:50:42,23.21,2321,1,买盘
1077,10:50:45,23.2,6962,3,卖盘
1078,10:50:51,23.21,23210,10,买盘
1079,10:50:54,23.21,9284,4,买盘
1080,10:50:57,23.21,4642,2,买盘
1081,10:51:00,23.2,13924,6,卖盘
1082,10:51:06,23.21,11605,5,买盘
1083,10:51:12,23.2,32480,14,卖盘
1084,10:51:15,23.21,69630,30,买盘
1085,10:51:30,23.2,11600,5,卖盘
1086,10:51:33,23.2,11600,5,卖盘
1087,10:51:39,23.2,69600,30,卖盘
1088,10:51:42,23.2,2320,1,卖盘
1089,10:51:45,23.2,2320,1,卖盘
1090,10:51:48,23.2,104400,45,卖盘
1091,10:51:51,23.2,6960,3,卖盘
1092,10:51:54,23.2,13920,6,卖盘
1093,10:51:57,23.2,46400,20,卖盘
1094,10:52:00,23.2,18560,8,卖盘
1095,10:52:03,23.2,85840,37,卖盘
1096,10:52:09,23.19,13914,6,卖盘
1097,10:52:12,23.19,23190,10,卖盘
1098,10:52:15,23.19,113631,49,卖盘
1099,10:52:18,23.19,27828,12,买盘
1100,10:52:21,23.2,27840,12,买盘
1101,10:52:24,23.19,34785,15,卖盘
1102,10:52:33,23.19,4638,2,卖盘
1103,10:52:36,23.19,53337,23,卖盘
1104,10:52:39,23.19,9276,4,买盘
1105,10:52:42,23.19,6957,3,买盘
1106,10:52:45,23.19,51018,22,买盘
1107,10:52:48,23.2,81137,35,买盘
1108,10:52:51,23.2,74238,32,买盘
1109,10:52:57,23.19,4638,2,卖盘
1110,10:53:00,23.19,13914,6,买盘
1111,10:53:03,23.19,4638,2,卖盘
1112,10:53:06,23.18,6954,3,卖盘
1113,10:53:18,23.2,2320,1,买盘
1114,10:53:48,23.2,34800,15,买盘
1115,10:53:57,23.19,2319,1,卖盘
1116,10:54:00,23.19,81165,35,卖盘
1117,10:54:09,23.18,2318,1,卖盘
1118,10:54:12,23.19,4638,2,买盘
1119,10:54:18,23.19,67223,29,买盘
1120,10:54:21,23.18,2318,1,卖盘
1121,10:54:24,23.19,122906,53,买盘
1122,10:54:27,23.19,2319,1,卖盘
1123,10:54:36,23.2,236540,102,买盘
1124,10:54:45,23.19,11595,5,中性盘
1125,10:54:54,23.2,23200,10,买盘
1126,10:54:57,23.19,2319,1,卖盘
1127,10:55:03,23.2,53360,23,买盘
1128,10:55:09,23.2,76560,33,卖盘
1129,10:55:15,23.2,2320,1,买盘
1130,10:55:18,23.2,11600,5,买盘
1131,10:55:27,23.19,34785,15,卖盘
1132,10:55:30,23.19,11595,5,买盘
1133,10:55:33,23.2,9280,4,买盘
1134,10:55:36,23.18,2318,1,卖盘
1135,10:55:42,23.18,115900,50,卖盘
1136,10:55:54,23.18,23180,10,卖盘
1137,10:55:57,23.19,2319,1,买盘
1138,10:56:03,23.18,83448,36,卖盘
1139,10:56:06,23.18,25498,11,卖盘
1140,10:56:15,23.18,2318,1,卖盘
1141,10:56:21,23.18,23180,10,卖盘
1142,10:56:45,23.18,245708,106,卖盘
1143,10:56:48,23.18,41736,18,卖盘
1144,10:56:51,23.18,69540,30,卖盘
1145,10:56:54,23.19,2319,1,买盘
1146,10:57:00,23.18,9272,4,卖盘
1147,10:57:06,23.19,23190,10,买盘
1148,10:57:15,23.18,11590,5,卖盘
1149,10:57:24,23.19,16233,7,买盘
1150,10:57:27,23.18,25508,11,卖盘
1151,10:57:36,23.19,13914,6,买盘
1152,10:57:48,23.18,176168,76,卖盘
1153,10:57:51,23.18,74176,32,卖盘
1154,10:57:54,23.18,2318,1,卖盘
1155,10:57:57,23.17,507640,219,卖盘
1156,10:58:00,23.17,64876,28,卖盘
1157,10:58:03,23.16,2316,1,卖盘
1158,10:58:06,23.16,4632,2,卖盘
1159,10:58:09,23.16,13898,6,卖盘
1160,10:58:12,23.16,6948,3,卖盘
1161,10:58:15,23.16,298765,129,卖盘
1162,10:58:21,23.15,53245,23,卖盘
1163,10:58:24,23.15,20835,9,卖盘
1164,10:58:27,23.15,588010,254,卖盘
1165,10:58:30,23.14,20826,9,卖盘
1166,10:58:36,23.15,43985,19,买盘
1167,10:58:39,23.15,2315,1,卖盘
1168,10:58:42,23.14,20831,9,卖盘
1169,10:58:45,23.14,9256,4,卖盘
1170,10:58:48,23.15,472055,204,买盘
1171,10:58:51,23.13,120358,52,卖盘
1172,10:58:54,23.13,13878,6,卖盘
1173,10:58:57,23.14,55532,24,买盘
1174,10:59:03,23.13,319194,138,卖盘
1175,10:59:06,23.13,18504,8,买盘
1176,10:59:09,23.13,23130,10,买盘
1177,10:59:15,23.13,23130,10,卖盘
1178,10:59:18,23.14,55524,24,买盘
1179,10:59:21,23.13,23139,10,卖盘
1180,10:59:24,23.14,11570,5,中性盘
1181,10:59:30,23.15,46293,20,买盘
1182,10:59:33,23.13,6940,3,卖盘
1183,10:59:39,23.13,69390,30,卖盘
1184,10:59:48,23.14,4627,2,买盘
1185,10:59:51,23.14,9256,4,买盘
1186,10:59:54,23.14,39338,17,买盘
1187,11:00:00,23.13,69400,30,卖盘
1188,11:00:06,23.16,23160,10,买盘
1189,11:00:09,23.16,4632,2,买盘
1190,11:00:15,23.14,101820,44,卖盘
1191,11:00:18,23.14,85618,37,买盘
1192,11:00:21,23.16,23160,10,买盘
1193,11:00:27,23.16,11580,5,买盘
1194,11:00:36,23.16,11580,5,买盘
1195,11:00:39,23.15,4630,2,卖盘
1196,11:00:45,23.14,13884,6,卖盘
1197,11:00:48,23.15,4630,2,买盘
1198,11:00:57,23.15,4630,2,买盘
1199,11:01:00,23.15,11575,5,买盘
1200,11:01:03,23.15,46300,20,买盘
1201,11:01:06,23.15,30093,13,买盘
1202,11:01:09,23.15,4630,2,买盘
1203,11:01:21,23.15,4630,2,卖盘
1204,11:01:36,23.16,39369,17,买盘
1205,11:01:45,23.15,6945,3,卖盘
1206,11:02:03,23.15,4630,2,卖盘
1207,11:02:06,23.15,120380,52,卖盘
1208,11:02:09,23.15,37040,16,卖盘
1209,11:02:12,23.15,11575,5,买盘
1210,11:02:18,23.15,2315,1,买盘
1211,11:02:21,23.14,4628,2,卖盘
1212,11:02:24,23.15,83340,36,买盘
1213,11:02:30,23.15,30095,13,卖盘
1214,11:02:42,23.15,4630,2,卖盘
1215,11:02:45,23.16,13896,6,买盘
1216,11:02:48,23.16,32424,14,买盘
1217,11:02:51,23.16,30108,13,买盘
1218,11:02:57,23.16,2316,1,卖盘
1219,11:03:06,23.16,9264,4,卖盘
1220,11:03:09,23.16,69480,30,卖盘
1221,11:03:30,23.16,25481,11,卖盘
1222,11:04:00,23.16,46320,20,买盘
1223,11:04:12,23.15,201517,87,卖盘
1224,11:04:24,23.15,11575,5,卖盘
1225,11:04:27,23.16,37056,16,中性盘
1226,11:04:33,23.15,115750,50,卖盘
1227,11:04:39,23.15,6945,3,卖盘
1228,11:04:42,23.16,4632,2,买盘
1229,11:04:45,23.15,30095,13,卖盘
1230,11:04:57,23.15,20835,9,卖盘
1231,11:05:00,23.15,23150,10,卖盘
1232,11:05:12,23.16,4632,2,买盘
1233,11:05:18,23.16,11580,5,买盘
1234,11:05:21,23.16,16212,7,买盘
1235,11:05:27,23.15,11575,5,卖盘
1236,11:05:33,23.15,2315,1,卖盘
1237,11:06:00,23.15,11575,5,卖盘
1238,11:06:06,23.15,4630,2,卖盘
1239,11:06:09,23.15,4630,2,卖盘
1240,11:06:24,23.16,13892,6,买盘
1241,11:06:33,23.15,4630,2,卖盘
1242,11:06:36,23.15,4630,2,卖盘
1243,11:06:42,23.16,2316,1,买盘
1244,11:06:45,23.16,2316,1,买盘
1245,11:06:48,23.16,11580,5,买盘
1246,11:06:57,23.16,4632,2,买盘
1247,11:07:06,23.16,2316,1,买盘
1248,11:07:09,23.15,23155,10,卖盘
1249,11:07:15,23.15,13890,6,卖盘
1250,11:07:24,23.15,2315,1,卖盘
1251,11:07:30,23.16,37056,16,买盘
1252,11:07:45,23.15,13890,6,卖盘
1253,11:07:48,23.15,143530,62,卖盘
1254,11:07:51,23.15,74080,32,卖盘
1255,11:07:54,23.15,4630,2,卖盘
1256,11:08:03,23.15,157420,68,卖盘
1257,11:08:06,23.14,6942,3,卖盘
1258,11:08:09,23.15,4630,2,买盘
1259,11:08:21,23.15,32410,14,买盘
1260,11:08:24,23.15,115750,50,买盘
1261,11:08:33,23.14,23140,10,卖盘
1262,11:08:48,23.14,64792,28,卖盘
1263,11:08:54,23.14,34710,15,卖盘
1264,11:09:06,23.15,9260,4,买盘
1265,11:09:09,23.15,4630,2,买盘
1266,11:09:12,23.15,83340,36,买盘
1267,11:09:30,23.15,23150,10,卖盘
1268,11:09:39,23.15,11575,5,卖盘
1269,11:10:06,23.16,6948,3,买盘
1270,11:10:12,23.16,50942,22,买盘
1271,11:10:18,23.15,23150,10,卖盘
1272,11:10:27,23.17,46340,20,买盘
1273,11:10:30,23.15,127336,55,卖盘
1274,11:10:39,23.17,6951,3,卖盘
1275,11:10:45,23.17,4634,2,卖盘
1276,11:10:48,23.17,6951,3,卖盘
1277,11:11:12,23.18,60268,26,买盘
1278,11:11:18,23.17,23170,10,卖盘
1279,11:11:24,23.17,37072,16,卖盘
1280,11:11:33,23.18,23180,10,买盘
1281,11:11:36,23.17,30121,13,卖盘
1282,11:11:39,23.18,11590,5,买盘
1283,11:11:45,23.18,18544,8,买盘
1284,11:11:51,23.18,34770,15,买盘
1285,11:12:09,23.18,81130,35,买盘
1286,11:12:15,23.18,23180,10,买盘
1287,11:12:21,23.18,6954,3,买盘
1288,11:12:24,23.17,176092,76,卖盘
1289,11:12:27,23.18,27812,12,买盘
1290,11:12:30,23.18,2318,1,卖盘
1291,11:12:39,23.2,310845,134,买盘
1292,11:12:54,23.18,13908,6,卖盘
1293,11:12:57,23.19,4638,2,买盘
1294,11:13:00,23.19,2319,1,买盘
1295,11:13:06,23.2,48700,21,买盘
1296,11:13:09,23.19,6957,3,卖盘
1297,11:13:21,23.2,4640,2,买盘
1298,11:13:27,23.19,23190,10,卖盘
1299,11:13:36,23.19,41742,18,卖盘
1300,11:13:48,23.2,132240,57,买盘
1301,11:13:57,23.2,4640,2,买盘
1302,11:14:03,23.19,11595,5,卖盘
1303,11:14:18,23.2,4640,2,买盘
1304,11:14:33,23.2,23200,10,买盘
1305,11:14:36,23.19,46381,20,卖盘
1306,11:14:45,23.2,2320,1,买盘
1307,11:14:51,23.2,2320,1,买盘
1308,11:15:00,23.19,4638,2,卖盘
1309,11:15:03,23.19,60294,26,卖盘
1310,11:15:12,23.19,4639,2,卖盘
1311,11:15:21,23.19,4638,2,卖盘
1312,11:15:30,23.19,6957,3,卖盘
1313,11:15:33,23.19,9276,4,卖盘
1314,11:15:36,23.19,9277,4,卖盘
1315,11:15:39,23.19,25509,11,卖盘
1316,11:15:42,23.19,23190,10,卖盘
1317,11:15:54,23.19,139135,60,买盘
1318,11:15:57,23.18,46360,20,卖盘
1319,11:16:12,23.18,16226,7,卖盘
1320,11:16:24,23.19,6957,3,买盘
1321,11:16:27,23.19,34785,15,买盘
1322,11:16:36,23.19,11595,5,卖盘
1323,11:16:51,23.2,9280,4,买盘
1324,11:16:54,23.2,37120,16,买盘
1325,11:16:57,23.2,37120,16,买盘
1326,11:17:00,23.2,2320,1,卖盘
1327,11:17:03,23.2,16240,7,卖盘
1328,11:17:06,23.19,102046,44,卖盘
1329,11:17:42,23.2,4640,2,卖盘
1330,11:17:48,23.2,9280,4,卖盘
1331,11:18:18,23.19,11595,5,卖盘
1332,11:18:21,23.2,18553,8,买盘
1333,11:18:27,23.2,102080,44,买盘
1334,11:18:42,23.2,18560,8,买盘
1335,11:18:48,23.2,46400,20,买盘
1336,11:19:06,23.2,4640,2,买盘
1337,11:19:36,23.2,2320,1,买盘
1338,11:19:45,23.19,6957,3,卖盘
1339,11:20:03,23.19,30147,13,卖盘
1340,11:20:15,23.2,2320,1,买盘
1341,11:20:18,23.19,9276,4,卖盘
1342,11:20:21,23.19,11595,5,卖盘
1343,11:20:48,23.2,11600,5,买盘
1344,11:20:51,23.19,3363,1,卖盘
1345,11:20:57,23.19,33741,15,卖盘
1346,11:21:00,23.19,23190,10,买盘
1347,11:21:18,23.19,6957,3,买盘
1348,11:21:48,23.19,11595,5,买盘
1349,11:22:06,23.19,106643,46,买盘
1350,11:22:18,23.18,177791,77,卖盘
1351,11:22:21,23.18,4636,2,卖盘
1352,11:22:24,23.18,23180,10,卖盘
1353,11:22:45,23.16,575222,248,卖盘
1354,11:22:48,23.16,541249,234,买盘
1355,11:22:51,23.15,115820,50,卖盘
1356,11:23:15,23.16,16219,7,卖盘
1357,11:23:21,23.19,13914,6,买盘
1358,11:23:27,23.19,127407,55,买盘
1359,11:23:30,23.19,20871,9,卖盘
1360,11:23:33,23.19,2319,1,卖盘
1361,11:23:39,23.19,4638,2,卖盘
1362,11:23:42,23.19,44061,19,卖盘
1363,11:24:15,23.16,4632,2,卖盘
1364,11:24:51,23.16,9264,4,卖盘
1365,11:24:57,23.16,23160,10,卖盘
1366,11:25:15,23.17,4634,2,买盘
1367,11:25:21,23.18,18544,8,买盘
1368,11:25:24,23.18,4636,2,买盘
1369,11:25:30,23.19,16230,7,买盘
1370,11:25:36,23.18,132181,57,买盘
1371,11:26:03,23.18,11590,5,卖盘
1372,11:26:12,23.18,11590,5,卖盘
1373,11:26:21,23.18,4636,2,买盘
1374,11:26:27,23.19,23186,10,买盘
1375,11:26:30,23.17,4634,2,中性盘
1376,11:26:45,23.17,37072,16,卖盘
1377,11:26:51,23.17,11586,5,卖盘
1378,11:26:54,23.17,71827,31,卖盘
1379,11:26:57,23.17,4634,2,买盘
1380,11:27:00,23.17,30121,13,买盘
1381,11:27:09,23.17,6951,3,买盘
1382,11:27:12,23.17,243285,105,买盘
1383,11:27:18,23.17,4634,2,卖盘
1384,11:27:21,23.19,78846,34,买盘
1385,11:27:33,23.19,4638,2,买盘
1386,11:28:06,23.18,18544,8,卖盘
1387,11:28:18,23.18,13908,6,买盘
1388,11:28:39,23.18,81130,35,买盘
1389,11:28:51,23.17,16219,7,卖盘
1390,11:28:57,23.18,34770,15,买盘
1391,11:29:15,23.18,2318,1,卖盘
1392,11:29:18,23.18,13908,6,卖盘
1393,11:29:24,23.18,4636,2,卖盘
1394,11:29:39,23.18,2318,1,卖盘
1395,11:29:45,23.18,11590,5,卖盘
1396,11:29:54,23.18,81130,35,卖盘
1397,11:29:57,23.17,2317,1,卖盘
1398,13:00:00,23.18,64904,28,买盘
1399,13:00:03,23.18,340758,147,卖盘
1400,13:00:06,23.17,83448,36,卖盘
1401,13:00:09,23.17,173775,75,卖盘
1402,13:00:12,23.17,6949,3,买盘
1403,13:00:15,23.17,11584,5,买盘
1404,13:00:18,23.17,32438,14,卖盘
1405,13:00:21,23.16,9267,4,卖盘
1406,13:00:24,23.16,18535,8,卖盘
1407,13:00:27,23.17,11585,5,买盘
1408,13:00:30,23.16,11580,5,卖盘
1409,13:00:33,23.16,2316,1,卖盘
1410,13:00:36,23.16,4632,2,卖盘
1411,13:00:39,23.16,2316,1,卖盘
1412,13:00:42,23.16,2316,1,卖盘
1413,13:00:45,23.16,2316,1,卖盘
1414,13:00:48,23.16,2316,1,卖盘
1415,13:00:51,23.16,4632,2,卖盘
1416,13:00:57,23.16,11580,5,卖盘
1417,13:01:00,23.16,2316,1,卖盘
1418,13:01:03,23.17,2317,1,买盘
1419,13:01:06,23.17,2317,1,买盘
1420,13:01:12,23.16,2316,1,卖盘
1421,13:01:21,23.17,39389,17,买盘
1422,13:01:30,23.17,2317,1,卖盘
1423,13:01:33,23.17,2317,1,卖盘
1424,13:01:54,23.17,6951,3,卖盘
1425,13:02:21,23.17,4634,2,卖盘
1426,13:02:36,23.17,11585,5,卖盘
1427,13:02:39,23.17,46340,20,卖盘
1428,13:03:12,23.16,18528,8,卖盘
1429,13:03:15,23.16,4632,2,卖盘
1430,13:03:21,23.16,13896,6,卖盘
1431,13:03:24,23.16,169068,73,卖盘
1432,13:03:27,23.16,6948,3,卖盘
1433,13:03:30,23.17,132054,57,买盘
1434,13:03:33,23.17,30121,13,买盘
1435,13:03:54,23.16,9264,4,卖盘
1436,13:04:09,23.16,4632,2,卖盘
1437,13:04:12,23.17,2317,1,买盘
1438,13:04:15,23.15,231521,100,卖盘
1439,13:04:21,23.16,2316,1,买盘
1440,13:04:24,23.17,2317,1,买盘
1441,13:04:27,23.17,23170,10,买盘
1442,13:04:54,23.17,6951,3,买盘
1443,13:05:06,23.16,2316,1,卖盘
1444,13:05:09,23.17,4634,2,买盘
1445,13:05:18,23.17,9268,4,买盘
1446,13:05:21,23.17,25487,11,买盘
1447,13:05:39,23.17,2317,1,买盘
1448,13:05:48,23.17,23170,10,买盘
1449,13:06:12,23.17,2317,1,买盘
1450,13:06:15,23.16,2316,1,卖盘
1451,13:06:45,23.16,46320,20,卖盘
1452,13:07:00,23.17,6951,3,买盘
1453,13:07:30,23.16,2316,1,卖盘
1454,13:07:51,23.17,55608,24,买盘
1455,13:07:54,23.17,11585,5,卖盘
1456,13:08:06,23.17,4634,2,卖盘
1457,13:08:12,23.17,2317,1,卖盘
1458,13:08:21,23.18,11590,5,买盘
1459,13:08:33,23.18,11590,5,买盘
1460,13:08:42,23.18,6954,3,买盘
1461,13:08:54,23.18,16226,7,买盘
1462,13:09:03,23.17,9269,4,卖盘
1463,13:09:06,23.18,227163,98,买盘
1464,13:09:09,23.18,20861,9,买盘
1465,13:09:12,23.19,2319,1,买盘
1466,13:09:15,23.19,71889,31,买盘
1467,13:09:27,23.19,9276,4,买盘
1468,13:09:39,23.18,11590,5,卖盘
1469,13:09:45,23.18,23180,10,卖盘
1470,13:09:48,23.18,2318,1,卖盘
1471,13:10:09,23.18,2318,1,卖盘
1472,13:10:12,23.19,2319,1,买盘
1473,13:10:18,23.18,6954,3,卖盘
1474,13:10:27,23.19,25508,11,买盘
1475,13:10:30,23.19,86963,38,买盘
1476,13:10:33,23.19,23190,10,卖盘
1477,13:10:54,23.2,410478,177,买盘
1478,13:11:00,23.2,9280,4,卖盘
1479,13:11:30,23.2,32484,14,卖盘
1480,13:11:33,23.2,4640,2,卖盘
1481,13:11:39,23.2,44080,19,卖盘
1482,13:11:48,23.2,9280,4,卖盘
1483,13:11:51,23.2,9280,4,卖盘
1484,13:11:54,23.2,11600,5,卖盘
1485,13:11:57,23.2,27840,12,卖盘
1486,13:12:00,23.2,2320,1,卖盘
1487,13:12:03,23.2,9280,4,卖盘
1488,13:12:09,23.2,2320,1,卖盘
1489,13:12:12,23.2,2320,1,卖盘
1490,13:12:15,23.2,2320,1,卖盘
1491,13:12:18,23.21,116050,50,买盘
1492,13:12:51,23.21,6963,3,买盘
1493,13:12:54,23.21,2321,1,买盘
1494,13:13:00,23.21,30173,13,买盘
1495,13:13:03,23.21,4642,2,卖盘
1496,13:13:06,23.21,11605,5,卖盘
1497,13:13:09,23.21,2321,1,买盘
1498,13:13:15,23.21,48741,21,买盘
1499,13:13:27,23.22,25541,11,买盘
1500,13:13:45,23.22,2322,1,买盘
1501,13:13:54,23.21,41778,18,卖盘
1502,13:13:57,23.22,11610,5,买盘
1503,13:14:03,23.22,23212,10,买盘
1504,13:14:06,23.21,6961,3,买盘
1505,13:14:21,23.2,392242,169,卖盘
1506,13:14:24,23.19,2319,1,卖盘
1507,13:14:30,23.19,4638,2,卖盘
1508,13:14:33,23.2,9280,4,买盘
1509,13:14:39,23.19,2319,1,卖盘
1510,13:14:51,23.19,4638,2,卖盘
1511,13:15:03,23.19,9277,4,卖盘
1512,13:15:09,23.19,4638,2,卖盘
1513,13:15:18,23.19,11595,5,卖盘
1514,13:15:33,23.19,119429,52,卖盘
1515,13:15:36,23.19,6956,3,买盘
1516,13:15:39,23.18,2318,1,卖盘
1517,13:15:51,23.19,2319,1,买盘
1518,13:16:00,23.18,4636,2,卖盘
1519,13:16:09,23.18,2318,1,卖盘
1520,13:16:12,23.18,2318,1,卖盘
1521,13:16:21,23.19,11595,5,买盘
1522,13:16:42,23.19,18552,8,买盘
1523,13:16:45,23.18,25498,11,卖盘
1524,13:16:48,23.18,6954,3,卖盘
1525,13:17:03,23.18,20862,9,卖盘
1526,13:17:09,23.18,67222,29,卖盘
1527,13:17:12,23.19,11595,5,买盘
1528,13:17:18,23.19,11594,5,买盘
1529,13:17:21,23.19,18552,8,买盘
1530,13:17:24,23.18,6954,3,卖盘
1531,13:17:27,23.19,68411,30,买盘
1532,13:17:33,23.18,231821,100,卖盘
1533,13:17:39,23.19,6957,3,买盘
1534,13:17:48,23.19,4638,2,买盘
1535,13:18:09,23.18,2318,1,卖盘
1536,13:18:18,23.18,39408,17,卖盘
1537,13:18:24,23.19,23190,10,买盘
1538,13:18:27,23.19,74208,32,买盘
1539,13:18:36,23.19,2319,1,卖盘
1540,13:18:39,23.2,13920,6,买盘
1541,13:19:12,23.2,2320,1,买盘
1542,13:19:33,23.2,30160,13,买盘
1543,13:19:48,23.19,16233,7,卖盘
1544,13:19:51,23.19,2319,1,卖盘
1545,13:19:54,23.19,78846,34,卖盘
1546,13:20:03,23.18,23180,10,卖盘
1547,13:20:18,23.19,2319,1,买盘
1548,13:20:42,23.19,2319,1,买盘
1549,13:20:48,23.18,2318,1,卖盘
1550,13:20:57,23.18,2318,1,卖盘
1551,13:21:15,23.18,30134,13,卖盘
1552,13:21:18,23.18,2318,1,卖盘
1553,13:21:21,23.19,115950,50,买盘
1554,13:21:27,23.18,2318,1,卖盘
1555,13:21:39,23.18,20862,9,卖盘
1556,13:21:45,23.19,2319,1,买盘
1557,13:21:54,23.19,11595,5,买盘
1558,13:22:15,23.19,23188,10,买盘
1559,13:22:18,23.19,9276,4,买盘
1560,13:22:21,23.19,13914,6,买盘
1561,13:22:24,23.19,6957,3,卖盘
1562,13:22:42,23.19,13916,6,卖盘
1563,13:23:06,23.2,11600,5,买盘
1564,13:23:09,23.2,18560,8,买盘
1565,13:23:15,23.19,27828,12,卖盘
1566,13:23:42,23.19,6957,3,卖盘
1567,13:23:45,23.19,2319,1,卖盘
1568,13:24:09,23.19,9276,4,卖盘
1569,13:24:21,23.19,2319,1,卖盘
1570,13:24:24,23.2,23200,10,买盘
1571,13:24:33,23.2,4640,2,买盘
1572,13:24:39,23.19,2319,1,卖盘
1573,13:24:48,23.19,4638,2,卖盘
1574,13:24:54,23.2,2320,1,买盘
1575,13:25:09,23.2,11600,5,买盘
1576,13:25:12,23.2,9280,4,买盘
1577,13:25:21,23.2,232000,100,买盘
1578,13:25:24,23.2,138270,60,买盘
1579,13:25:27,23.2,7888,3,卖盘
1580,13:25:30,23.2,4640,2,买盘
1581,13:25:39,23.19,6957,3,卖盘
1582,13:25:42,23.19,6957,3,卖盘
1583,13:25:48,23.19,20871,9,卖盘
1584,13:25:54,23.19,41742,18,卖盘
1585,13:26:00,23.19,89513,39,卖盘
1586,13:26:03,23.19,2319,1,卖盘
1587,13:26:12,23.19,9276,4,卖盘
1588,13:26:18,23.18,20863,9,卖盘
1589,13:26:21,23.18,6954,3,卖盘
1590,13:26:30,23.19,6958,3,买盘
1591,13:26:33,23.19,4638,2,买盘
1592,13:26:48,23.19,6957,3,卖盘
1593,13:26:51,23.19,30147,13,卖盘
1594,13:26:54,23.19,6957,3,买盘
1595,13:26:57,23.19,9276,4,买盘
1596,13:27:09,23.19,20871,9,买盘
1597,13:27:12,23.19,32466,14,买盘
1598,13:27:15,23.19,18552,8,买盘
1599,13:27:18,23.19,13914,6,买盘
1600,13:27:24,23.19,25509,11,买盘
1601,13:27:33,23.19,13914,6,卖盘
1602,13:27:51,23.19,2319,1,卖盘
1603,13:28:18,23.19,4638,2,卖盘
1604,13:28:21,23.18,2318,1,卖盘
1605,13:28:24,23.18,2318,1,卖盘
1606,13:28:33,23.18,4636,2,卖盘
1607,13:28:39,23.18,2318,1,卖盘
1608,13:28:42,23.18,2318,1,卖盘
1609,13:28:51,23.18,4636,2,卖盘
1610,13:28:54,23.19,2319,1,买盘
1611,13:29:00,23.18,2318,1,卖盘
1612,13:29:03,23.18,4636,2,卖盘
1613,13:29:15,23.18,4636,2,卖盘
1614,13:29:18,23.19,11594,5,买盘
1615,13:29:33,23.19,53337,23,买盘
1616,13:29:42,23.19,30147,13,买盘
1617,13:29:45,23.18,2318,1,卖盘
1618,13:29:48,23.18,2318,1,卖盘
1619,13:29:54,23.19,18552,8,买盘
1620,13:30:00,23.19,13913,6,买盘
1621,13:30:06,23.19,34785,15,买盘
1622,13:30:12,23.19,6957,3,买盘
1623,13:30:15,23.18,2318,1,卖盘
1624,13:30:24,23.18,39421,17,卖盘
1625,13:30:27,23.18,4636,2,卖盘
1626,13:30:33,23.19,41742,18,买盘
1627,13:30:36,23.2,2320,1,买盘
1628,13:30:48,23.2,4640,2,买盘
1629,13:30:51,23.19,2319,1,卖盘
1630,13:30:54,23.19,55656,24,卖盘
1631,13:30:57,23.2,2320,1,买盘
1632,13:31:06,23.19,2319,1,卖盘
1633,13:31:12,23.19,2319,1,卖盘
1634,13:31:18,23.18,57969,25,卖盘
1635,13:31:21,23.18,4636,2,卖盘
1636,13:31:24,23.18,2318,1,卖盘
1637,13:31:36,23.18,397305,171,卖盘
1638,13:31:39,23.17,6951,3,卖盘
1639,13:31:45,23.17,16219,7,卖盘
1640,13:31:51,23.18,16223,7,买盘
1641,13:31:54,23.18,4636,2,买盘
1642,13:32:00,23.17,13902,6,卖盘
1643,13:32:18,23.17,25487,11,卖盘
1644,13:32:24,23.18,2318,1,买盘
1645,13:32:27,23.18,2318,1,买盘
1646,13:32:39,23.17,2317,1,卖盘
1647,13:32:45,23.18,6954,3,买盘
1648,13:33:09,23.17,69510,30,卖盘
1649,13:33:12,23.17,4634,2,卖盘
1650,13:33:18,23.17,101948,44,卖盘
1651,13:33:21,23.17,2317,1,卖盘
1652,13:33:24,23.17,2317,1,卖盘
1653,13:33:39,23.17,30121,13,卖盘
1654,13:33:48,23.17,4634,2,卖盘
1655,13:34:00,23.18,11590,5,买盘
1656,13:34:09,23.19,416330,180,买盘
1657,13:34:12,23.19,9277,4,中性盘
1658,13:34:21,23.19,9276,4,买盘
1659,13:34:30,23.19,11595,5,卖盘
1660,13:34:33,23.19,9276,4,卖盘
1661,13:34:36,23.2,252880,109,买盘
1662,13:34:57,23.21,2321,1,买盘
1663,13:35:03,23.2,2320,1,卖盘
1664,13:35:15,23.21,25531,11,买盘
1665,13:35:36,23.21,9284,4,买盘
1666,13:35:42,23.21,51062,22,买盘
1667,13:35:51,23.21,13926,6,买盘
1668,13:36:03,23.21,76593,33,买盘
1669,13:36:21,23.21,2321,1,卖盘
1670,13:36:27,23.21,16247,7,卖盘
1671,13:36:48,23.22,13932,6,买盘
1672,13:36:51,23.21,23210,10,卖盘
1673,13:36:57,23.21,2321,1,卖盘
1674,13:37:00,23.22,46440,20,买盘
1675,13:37:03,23.22,2322,1,买盘
1676,13:37:09,23.21,2321,1,卖盘
1677,13:37:12,23.2,273871,118,卖盘
1678,13:37:15,23.19,162372,70,卖盘
1679,13:37:18,23.18,4636,2,卖盘
1680,13:37:24,23.18,4636,2,卖盘
1681,13:37:27,23.18,11590,5,卖盘
1682,13:37:39,23.19,9276,4,买盘
1683,13:37:54,23.19,11595,5,买盘
1684,13:37:57,23.18,46360,20,卖盘
1685,13:38:03,23.18,136762,59,卖盘
1686,13:38:27,23.18,25498,11,卖盘
1687,13:38:33,23.18,9272,4,卖盘
1688,13:38:36,23.19,254990,110,买盘
1689,13:38:39,23.19,51004,22,买盘
1690,13:38:45,23.18,2318,1,买盘
1691,13:38:54,23.17,4634,2,卖盘
1692,13:38:57,23.18,2318,1,买盘
1693,13:39:18,23.17,215481,93,卖盘
1694,13:39:51,23.17,9268,4,卖盘
1695,13:39:57,23.17,20853,9,卖盘
1696,13:40:00,23.17,9268,4,卖盘
1697,13:40:09,23.17,16219,7,卖盘
1698,13:40:12,23.17,9268,4,卖盘
1699,13:40:15,23.17,18536,8,卖盘
1700,13:40:18,23.17,9268,4,卖盘
1701,13:40:45,23.17,11585,5,卖盘
1702,13:40:57,23.18,20862,9,买盘
1703,13:41:15,23.17,53298,23,卖盘
1704,13:41:18,23.18,9272,4,买盘
1705,13:41:24,23.17,46340,20,卖盘
1706,13:41:39,23.17,2317,1,卖盘
1707,13:41:54,23.18,2318,1,买盘
1708,13:41:57,23.17,23170,10,卖盘
1709,13:42:00,23.18,187758,81,买盘
1710,13:42:12,23.19,34772,15,买盘
1711,13:42:15,23.18,11590,5,卖盘
1712,13:42:21,23.19,2319,1,买盘
1713,13:42:33,23.18,41724,18,卖盘
1714,13:42:36,23.17,2317,1,卖盘
1715,13:42:39,23.18,20862,9,买盘
1716,13:42:54,23.17,23170,10,卖盘
1717,13:43:03,23.17,16219,7,卖盘
1718,13:43:21,23.17,27806,12,卖盘
1719,13:43:39,23.18,46360,20,买盘
1720,13:44:06,23.17,27804,12,卖盘
1721,13:44:12,23.17,25488,11,卖盘
1722,13:44:15,23.16,349829,151,卖盘
1723,13:44:18,23.16,23170,10,卖盘
1724,13:44:21,23.17,13901,6,买盘
1725,13:44:24,23.16,115800,50,卖盘
1726,13:44:39,23.16,2316,1,卖盘
1727,13:44:42,23.16,389088,168,卖盘
1728,13:44:45,23.16,4632,2,买盘
1729,13:44:54,23.16,16212,7,买盘
1730,13:44:57,23.15,60213,26,卖盘
1731,13:45:00,23.16,2316,1,买盘
1732,13:45:03,23.16,90324,39,买盘
1733,13:45:06,23.16,18528,8,卖盘
1734,13:45:09,23.16,6948,3,卖盘
1735,13:45:21,23.16,32424,14,卖盘
1736,13:45:27,23.17,46340,20,买盘
1737,13:45:33,23.16,2316,1,卖盘
1738,13:45:42,23.17,6951,3,买盘
1739,13:45:48,23.17,2317,1,卖盘
1740,13:46:03,23.18,2318,1,买盘
1741,13:46:06,23.16,2316,1,卖盘
1742,13:46:24,23.17,6951,3,卖盘
1743,13:46:42,23.18,315248,136,买盘
1744,13:46:45,23.17,6951,3,卖盘
1745,13:46:57,23.18,2318,1,买盘
1746,13:47:06,23.17,83412,36,卖盘
1747,13:47:09,23.17,2317,1,卖盘
1748,13:47:21,23.18,23180,10,买盘
1749,13:47:24,23.18,2318,1,买盘
1750,13:47:42,23.18,11590,5,买盘
1751,13:47:45,23.17,6951,3,卖盘
1752,13:47:54,23.18,13905,6,买盘
1753,13:48:00,23.17,11585,5,卖盘
1754,13:48:24,23.18,2318,1,买盘
1755,13:48:27,23.18,115900,50,买盘
1756,13:48:42,23.18,9272,4,买盘
1757,13:48:45,23.18,20857,9,卖盘
1758,13:48:48,23.18,4636,2,买盘
1759,13:48:54,23.19,23190,10,买盘
1760,13:49:00,23.19,23190,10,买盘
1761,13:49:06,23.19,9276,4,买盘
1762,13:49:09,23.18,9272,4,买盘
1763,13:49:12,23.18,2318,1,买盘
1764,13:49:15,23.17,16219,7,卖盘
1765,13:49:18,23.18,11587,5,买盘
1766,13:49:27,23.17,46340,20,卖盘
1767,13:49:33,23.16,206127,89,卖盘
1768,13:49:36,23.16,9264,4,买盘
1769,13:49:39,23.16,83376,36,买盘
1770,13:49:42,23.16,20844,9,买盘
1771,13:49:45,23.16,44004,19,买盘
1772,13:49:48,23.16,9264,4,买盘
1773,13:49:54,23.16,11580,5,买盘
1774,13:50:18,23.16,18528,8,卖盘
1775,13:50:30,23.16,2316,1,卖盘
1776,13:50:51,23.17,2317,1,买盘
1777,13:50:54,23.16,16212,7,卖盘
1778,13:51:03,23.17,2317,1,买盘
1779,13:51:12,23.16,23160,10,卖盘
1780,13:51:36,23.16,11580,5,卖盘
1781,13:51:45,23.17,20850,9,买盘
1782,13:51:48,23.16,69480,30,卖盘
1783,13:51:57,23.16,2316,1,卖盘
1784,13:52:03,23.16,23160,10,卖盘
1785,13:52:21,23.17,9268,4,买盘
1786,13:52:36,23.17,13902,6,买盘
1787,13:52:42,23.17,2317,1,买盘
1788,13:52:54,23.17,39389,17,买盘
1789,13:52:57,23.16,6949,3,卖盘
1790,13:53:09,23.16,6948,3,卖盘
1791,13:53:18,23.17,9268,4,买盘
1792,13:53:21,23.16,34745,15,卖盘
1793,13:53:36,23.16,13896,6,卖盘
1794,13:53:42,23.17,16216,7,买盘
1795,13:53:45,23.17,4634,2,卖盘
1796,13:54:00,23.17,2317,1,买盘
1797,13:54:06,23.18,76491,33,买盘
1798,13:54:15,23.17,37072,16,卖盘
1799,13:54:18,23.18,23180,10,买盘
1800,13:54:24,23.18,67222,29,买盘
1801,13:54:27,23.18,9272,4,卖盘
1802,13:54:30,23.18,6954,3,卖盘
1803,13:54:39,23.18,4636,2,卖盘
1804,13:54:42,23.18,18546,8,卖盘
1805,13:55:06,23.19,2319,1,买盘
1806,13:55:27,23.18,13908,6,卖盘
1807,13:55:30,23.19,4638,2,买盘
1808,13:55:33,23.19,11595,5,买盘
1809,13:55:39,23.17,23178,10,卖盘
1810,13:56:06,23.17,2317,1,卖盘
1811,13:56:12,23.18,27816,12,买盘
1812,13:56:15,23.18,9272,4,买盘
1813,13:56:18,23.18,9272,4,买盘
1814,13:56:24,23.17,141353,61,卖盘
1815,13:56:42,23.18,4636,2,卖盘
1816,13:56:51,23.19,48679,21,买盘
1817,13:56:54,23.19,2319,1,买盘
1818,13:57:09,23.18,18546,8,卖盘
1819,13:57:12,23.18,2318,1,买盘
1820,13:57:42,23.18,6954,3,买盘
1821,13:57:45,23.18,2318,1,买盘
1822,13:58:12,23.17,2317,1,卖盘
1823,13:58:24,23.18,2318,1,买盘
1824,13:58:36,23.17,2317,1,卖盘
1825,13:58:54,23.18,27806,12,买盘
1826,13:59:03,23.17,13902,6,卖盘
1827,13:59:09,23.18,25498,11,买盘
1828,13:59:12,23.17,2317,1,卖盘
1829,13:59:18,23.18,9270,4,买盘
1830,13:59:27,23.17,6951,3,卖盘
1831,13:59:30,23.17,2317,1,卖盘
1832,13:59:33,23.18,25496,11,买盘
1833,13:59:36,23.18,11588,5,买盘
1834,13:59:42,23.18,6954,3,买盘
1835,13:59:45,23.17,4634,2,卖盘
1836,13:59:51,23.18,143716,62,买盘
1837,13:59:54,23.18,18547,8,卖盘
1838,13:59:57,23.19,4638,2,买盘
1839,14:00:06,23.18,2318,1,卖盘
1840,14:00:09,23.19,9275,4,买盘
1841,14:00:12,23.18,55618,24,中性盘
1842,14:00:18,23.18,20862,9,卖盘
1843,14:00:21,23.18,2318,1,卖盘
1844,14:00:27,23.19,2319,1,买盘
1845,14:00:30,23.19,16233,7,买盘
1846,14:00:39,23.18,2318,1,卖盘
1847,14:00:54,23.19,11595,5,买盘
1848,14:01:15,23.19,11595,5,买盘
1849,14:01:18,23.19,41742,18,买盘
1850,14:01:21,23.19,4638,2,买盘
1851,14:01:24,23.19,2319,1,买盘
1852,14:01:27,23.18,2318,1,卖盘
1853,14:01:30,23.19,4638,2,买盘
1854,14:01:36,23.19,4637,2,买盘
1855,14:01:45,23.19,97398,42,买盘
1856,14:01:48,23.19,32466,14,买盘
1857,14:01:51,23.18,48679,21,卖盘
1858,14:01:54,23.19,6957,3,买盘
1859,14:02:03,23.19,67239,29,买盘
1860,14:02:21,23.18,2318,1,卖盘
1861,14:02:30,23.18,23180,10,卖盘
1862,14:02:39,23.2,18553,8,买盘
1863,14:03:24,23.2,97429,42,买盘
1864,14:03:27,23.18,2318,1,卖盘
1865,14:03:30,23.19,18552,8,买盘
1866,14:03:36,23.19,4638,2,买盘
1867,14:03:54,23.19,11595,5,买盘
1868,14:04:15,23.19,39423,17,买盘
1869,14:04:18,23.19,39423,17,卖盘
1870,14:04:21,23.19,13914,6,买盘
1871,14:04:27,23.19,2319,1,买盘
1872,14:04:36,23.19,2319,1,买盘
1873,14:04:42,23.19,25509,11,买盘
1874,14:04:45,23.19,2319,1,卖盘
1875,14:05:03,23.19,23190,10,卖盘
1876,14:05:12,23.2,23200,10,买盘
1877,14:05:18,23.2,9280,4,买盘
1878,14:05:24,23.2,53360,23,买盘
1879,14:05:27,23.2,2320,1,买盘
1880,14:05:36,23.19,2319,1,卖盘
1881,14:05:39,23.19,11595,5,买盘
1882,14:05:54,23.2,13920,6,买盘
1883,14:06:06,23.2,4640,2,买盘
1884,14:06:15,23.2,6960,3,买盘
1885,14:06:18,23.19,115950,50,卖盘
1886,14:06:21,23.19,83484,36,卖盘
1887,14:06:24,23.19,11595,5,卖盘
1888,14:06:27,23.19,20871,9,卖盘
1889,14:06:30,23.19,16238,7,中性盘
1890,14:06:45,23.19,11595,5,买盘
1891,14:06:48,23.19,11595,5,买盘
1892,14:06:54,23.19,4638,2,买盘
1893,14:07:06,23.19,23190,10,卖盘
1894,14:07:27,23.19,2319,1,买盘
1895,14:07:39,23.19,2319,1,买盘
1896,14:07:54,23.19,32466,14,买盘
1897,14:08:00,23.2,13920,6,买盘
1898,14:08:06,23.2,58000,25,买盘
1899,14:08:15,23.2,9280,4,买盘
1900,14:08:21,23.19,23190,10,卖盘
1901,14:08:30,23.19,171606,74,卖盘
1902,14:08:45,23.19,6957,3,卖盘
1903,14:08:48,23.19,2319,1,卖盘
1904,14:08:54,23.2,20880,9,买盘
1905,14:09:03,23.19,23190,10,卖盘
1906,14:09:06,23.19,92759,40,卖盘
1907,14:09:09,23.19,6956,3,买盘
1908,14:09:12,23.2,11599,5,买盘
1909,14:10:18,23.18,183125,79,卖盘
1910,14:10:21,23.18,6954,3,卖盘
1911,14:10:24,23.18,53314,23,卖盘
1912,14:10:27,23.17,2317,1,卖盘
1913,14:10:51,23.18,6954,3,买盘
1914,14:11:03,23.17,180726,78,卖盘
1915,14:11:06,23.16,2316,1,卖盘
1916,14:11:09,23.16,37056,16,卖盘
1917,14:11:12,23.16,2316,1,卖盘
1918,14:11:15,23.17,23170,10,买盘
1919,14:11:18,23.16,37059,16,卖盘
1920,14:11:36,23.16,37056,16,卖盘
1921,14:11:45,23.16,152856,66,卖盘
1922,14:11:48,23.16,4632,2,卖盘
1923,14:11:57,23.16,18528,8,卖盘
1924,14:12:12,23.17,4634,2,买盘
1925,14:12:15,23.17,6951,3,买盘
1926,14:12:24,23.17,2317,1,买盘
1927,14:12:27,23.16,50952,22,卖盘
1928,14:12:30,23.16,27792,12,卖盘
1929,14:12:33,23.15,264015,114,卖盘
1930,14:12:36,23.16,2316,1,买盘
1931,14:12:42,23.16,46320,20,买盘
1932,14:12:45,23.16,18528,8,买盘
1933,14:12:54,23.16,44004,19,买盘
1934,14:12:57,23.16,23855,10,卖盘
1935,14:13:06,23.17,115850,50,买盘
1936,14:13:24,23.18,50996,22,买盘
1937,14:13:33,23.18,2318,1,买盘
1938,14:13:39,23.17,23170,10,卖盘
1939,14:13:45,23.18,23180,10,买盘
1940,14:13:57,23.18,25498,11,买盘
1941,14:14:00,23.18,4636,2,买盘
1942,14:14:06,23.18,44042,19,买盘
1943,14:14:09,23.18,71858,31,买盘
1944,14:14:12,23.19,2319,1,买盘
1945,14:14:18,23.18,13909,6,卖盘
1946,14:14:21,23.18,2318,1,卖盘
1947,14:14:27,23.19,34785,15,买盘
1948,14:14:33,23.19,11595,5,买盘
1949,14:14:39,23.19,78846,34,买盘
1950,14:14:42,23.19,2319,1,买盘
1951,14:14:45,23.19,53337,23,买盘
1952,14:14:48,23.19,46379,20,买盘
1953,14:14:54,23.19,2319,1,买盘
1954,14:14:57,23.19,23190,10,买盘
1955,14:15:12,23.19,11591,5,买盘
1956,14:15:27,23.19,44061,19,买盘
1957,14:15:30,23.19,23190,10,买盘
1958,14:15:36,23.19,23190,10,买盘
1959,14:15:48,23.19,23190,10,买盘
1960,14:15:51,23.18,39406,17,卖盘
1961,14:16:00,23.19,171602,74,买盘
1962,14:16:06,23.19,6957,3,买盘
1963,14:16:15,23.19,25509,11,买盘
1964,14:16:21,23.18,2318,1,卖盘
1965,14:16:30,23.19,69570,30,买盘
1966,14:16:33,23.19,4637,2,买盘
1967,14:16:39,23.18,18544,8,卖盘
1968,14:16:45,23.19,241076,104,买盘
1969,14:16:48,23.18,9270,4,买盘
1970,14:16:51,23.18,11590,5,买盘
1971,14:16:54,23.18,11590,5,买盘
1972,14:17:00,23.18,4636,2,买盘
1973,14:17:06,23.19,41726,18,买盘
1974,14:17:09,23.17,16219,7,卖盘
1975,14:17:57,23.18,4636,2,买盘
1976,14:18:06,23.18,48678,21,中性盘
1977,14:18:12,23.17,2317,1,卖盘
1978,14:18:21,23.17,39389,17,卖盘
1979,14:18:27,23.18,2318,1,买盘
1980,14:18:39,23.17,11585,5,卖盘
1981,14:18:42,23.18,4636,2,买盘
1982,14:19:06,23.18,6954,3,买盘
1983,14:19:09,23.18,4636,2,买盘
1984,14:19:27,23.18,2318,1,买盘
1985,14:19:30,23.18,9272,4,买盘
1986,14:19:51,23.18,11590,5,买盘
1987,14:19:54,23.18,20862,9,买盘
1988,14:19:57,23.18,2318,1,买盘
1989,14:20:27,23.17,2317,1,卖盘
1990,14:20:30,23.17,141337,61,卖盘
1991,14:20:33,23.17,27804,12,卖盘
1992,14:20:36,23.17,4634,2,卖盘
1993,14:20:54,23.17,2317,1,卖盘
1994,14:20:57,23.17,111216,48,卖盘
1995,14:21:00,23.17,2317,1,卖盘
1996,14:21:03,23.17,2317,1,卖盘
1997,14:21:06,23.18,18544,8,买盘
1998,14:21:12,23.17,2317,1,卖盘
1999,14:21:15,23.17,2317,1,卖盘
2000,14:21:18,23.17,92680,40,卖盘
2001,14:21:21,23.18,6950,3,买盘
2002,14:21:27,23.18,9272,4,买盘
2003,14:21:39,23.18,23179,10,买盘
2004,14:21:45,23.18,4636,2,买盘
2005,14:21:57,23.18,53314,23,买盘
2006,14:22:00,23.18,20861,9,买盘
2007,14:22:03,23.18,34770,15,买盘
2008,14:22:06,23.18,25498,11,买盘
2009,14:22:09,23.18,2318,1,买盘
2010,14:22:12,23.18,4635,2,买盘
2011,14:22:15,23.17,11585,5,卖盘
2012,14:22:18,23.17,310478,134,卖盘
2013,14:22:24,23.16,4632,2,卖盘
2014,14:22:33,23.17,11585,5,买盘
2015,14:22:36,23.16,2316,1,卖盘
2016,14:22:39,23.16,2316,1,卖盘
2017,14:22:42,23.16,2316,1,卖盘
2018,14:22:45,23.16,4632,2,卖盘
2019,14:22:51,23.16,2316,1,卖盘
2020,14:22:54,23.17,2317,1,买盘
2021,14:22:57,23.16,2316,1,卖盘
2022,14:23:03,23.16,2316,1,卖盘
2023,14:23:06,23.16,4632,2,卖盘
2024,14:23:15,23.16,9267,4,卖盘
2025,14:23:18,23.16,706393,305,卖盘
2026,14:23:21,23.15,481013,208,卖盘
2027,14:23:24,23.15,34725,15,卖盘
2028,14:23:27,23.15,4630,2,卖盘
2029,14:23:30,23.15,6946,3,卖盘
2030,14:23:33,23.15,16205,7,卖盘
2031,14:23:39,23.15,41670,18,卖盘
2032,14:23:42,23.15,97256,42,卖盘
2033,14:23:45,23.15,32410,14,卖盘
2034,14:23:48,23.15,90285,39,卖盘
2035,14:23:51,23.15,625054,270,卖盘
2036,14:23:54,23.15,287181,124,卖盘
2037,14:23:57,23.15,9260,4,卖盘
2038,14:24:00,23.14,1782476,770,卖盘
2039,14:24:03,23.14,178178,77,卖盘
2040,14:24:06,23.14,226748,98,中性盘
2041,14:24:09,23.13,11565,5,卖盘
2042,14:24:15,23.13,48573,21,卖盘
2043,14:24:18,23.13,2313,1,卖盘
2044,14:24:21,23.13,23130,10,卖盘
2045,14:24:24,23.14,4627,2,买盘
2046,14:24:30,23.13,2313,1,卖盘
2047,14:24:33,23.14,120280,52,买盘
2048,14:24:36,23.13,4626,2,卖盘
2049,14:24:39,23.13,1020033,441,卖盘
2050,14:24:42,23.12,34680,15,卖盘
2051,14:24:48,23.12,18496,8,卖盘
2052,14:24:51,23.12,13877,6,卖盘
2053,14:24:54,23.12,34680,15,卖盘
2054,14:25:00,23.12,18496,8,卖盘
2055,14:25:03,23.12,11560,5,卖盘
2056,14:25:06,23.13,11564,5,买盘
2057,14:25:12,23.13,4626,2,买盘
2058,14:25:15,23.13,11565,5,买盘
2059,14:25:27,23.12,6938,3,卖盘
2060,14:25:30,23.12,13876,6,卖盘
2061,14:25:36,23.13,335385,145,买盘
2062,14:25:39,23.14,30082,13,买盘
2063,14:25:42,23.14,13884,6,买盘
2064,14:25:48,23.14,16198,7,买盘
2065,14:25:54,23.13,9253,4,卖盘
2066,14:26:00,23.14,18512,8,买盘
2067,14:26:03,23.15,543795,235,买盘
2068,14:26:06,23.15,30095,13,买盘
2069,14:26:09,23.15,94915,41,买盘
2070,14:26:18,23.17,13902,6,买盘
2071,14:26:39,23.15,25465,11,卖盘
2072,14:26:42,23.15,74140,32,卖盘
2073,14:26:48,23.16,2316,1,买盘
2074,14:27:03,23.16,2316,1,买盘
2075,14:27:06,23.16,2316,1,买盘
2076,14:27:09,23.16,118116,51,买盘
2077,14:27:12,23.15,25475,11,卖盘
2078,14:27:15,23.15,64828,28,卖盘
2079,14:27:18,23.15,23150,10,卖盘
2080,14:27:24,23.15,11575,5,卖盘
2081,14:27:27,23.15,2315,1,卖盘
2082,14:27:30,23.16,2316,1,买盘
2083,14:27:45,23.16,9264,4,买盘
2084,14:27:51,23.16,9264,4,买盘
2085,14:27:57,23.16,4632,2,买盘
2086,14:28:00,23.15,16205,7,卖盘
2087,14:28:03,23.15,127325,55,卖盘
2088,14:28:12,23.15,16205,7,卖盘
2089,14:28:18,23.16,2316,1,买盘
2090,14:28:21,23.16,4632,2,买盘
2091,14:28:27,23.16,34740,15,买盘
2092,14:28:30,23.16,115800,50,买盘
2093,14:28:33,23.16,9264,4,买盘
2094,14:28:36,23.16,477095,206,买盘
2095,14:28:39,23.16,48635,21,买盘
2096,14:28:42,23.15,4631,2,卖盘
2097,14:29:00,23.15,23150,10,卖盘
2098,14:29:03,23.15,9260,4,卖盘
2099,14:29:06,23.16,9264,4,买盘
2100,14:29:18,23.15,20835,9,卖盘
2101,14:29:21,23.16,11580,5,买盘
2102,14:29:24,23.15,902850,390,卖盘
2103,14:29:27,23.14,18512,8,卖盘
2104,14:29:36,23.15,2315,1,买盘
2105,14:29:39,23.15,6945,3,买盘
2106,14:29:45,23.14,67111,29,卖盘
2107,14:29:48,23.14,2314,1,卖盘
2108,14:29:51,23.14,2314,1,卖盘
2109,14:29:54,23.15,916509,396,买盘
2110,14:29:57,23.14,62501,27,卖盘
2111,14:30:00,23.16,4632,2,买盘
2112,14:30:03,23.14,2314,1,卖盘
2113,14:30:06,23.16,803650,347,买盘
2114,14:30:12,23.16,69482,30,卖盘
2115,14:30:15,23.16,9264,4,卖盘
2116,14:30:18,23.15,20841,9,卖盘
2117,14:30:21,23.16,2316,1,买盘
2118,14:30:24,23.16,6948,3,买盘
2119,14:30:30,23.17,9268,4,买盘
2120,14:30:42,23.17,4634,2,买盘
2121,14:30:48,23.16,4632,2,卖盘
2122,14:30:54,23.17,6951,3,买盘
2123,14:30:57,23.17,4634,2,买盘
2124,14:31:03,23.17,2317,1,买盘
2125,14:31:06,23.16,11584,5,卖盘
2126,14:31:09,23.17,2317,1,买盘
2127,14:31:12,23.16,30120,13,卖盘
2128,14:31:15,23.17,20853,9,买盘
2129,14:31:18,23.16,6949,3,卖盘
2130,14:31:27,23.17,2317,1,买盘
2131,14:31:30,23.17,2317,1,买盘
2132,14:32:03,23.16,46320,20,卖盘
2133,14:32:30,23.16,23160,10,卖盘
2134,14:32:36,23.17,13902,6,买盘
2135,14:32:39,23.16,23160,10,卖盘
2136,14:32:45,23.17,9268,4,买盘
2137,14:32:51,23.17,9268,4,买盘
2138,14:32:57,23.17,11582,5,买盘
2139,14:33:06,23.17,9268,4,买盘
2140,14:33:15,23.16,23160,10,卖盘
2141,14:33:27,23.17,287308,124,买盘
2142,14:33:30,23.17,23178,10,卖盘
2143,14:33:33,23.18,27816,12,买盘
2144,14:33:36,23.17,23174,10,卖盘
2145,14:33:39,23.17,41706,18,卖盘
2146,14:33:42,23.17,6951,3,卖盘
2147,14:34:00,23.17,13902,6,卖盘
2148,14:34:09,23.18,2318,1,买盘
2149,14:34:15,23.18,46360,20,买盘
2150,14:34:27,23.18,48676,21,买盘
2151,14:34:33,23.18,4636,2,买盘
2152,14:34:39,23.18,152988,66,买盘
2153,14:34:42,23.19,2319,1,买盘
2154,14:34:45,23.19,11595,5,买盘
2155,14:34:48,23.19,2319,1,买盘
2156,14:34:51,23.19,62591,27,买盘
2157,14:34:54,23.19,4638,2,买盘
2158,14:34:57,23.19,23190,10,买盘
2159,14:35:03,23.19,4638,2,买盘
2160,14:35:06,23.19,23190,10,买盘
2161,14:35:09,23.19,2319,1,买盘
2162,14:35:12,23.19,9276,4,买盘
2163,14:35:21,23.19,4638,2,买盘
2164,14:35:24,23.18,150675,65,卖盘
2165,14:35:27,23.18,13908,6,卖盘
2166,14:35:30,23.18,39410,17,卖盘
2167,14:35:33,23.18,2318,1,卖盘
2168,14:35:36,23.18,6954,3,卖盘
2169,14:35:39,23.18,48698,21,卖盘
2170,14:35:42,23.18,62612,27,卖盘
2171,14:35:45,23.19,41742,18,买盘
2172,14:36:03,23.19,2319,1,买盘
2173,14:36:06,23.19,9276,4,买盘
2174,14:36:09,23.19,62613,27,买盘
2175,14:36:15,23.19,11595,5,买盘
2176,14:36:18,23.19,2319,1,买盘
2177,14:36:21,23.18,23180,10,卖盘
2178,14:36:24,23.19,2319,1,买盘
2179,14:36:30,23.19,97398,42,买盘
2180,14:36:33,23.19,81154,35,买盘
2181,14:36:36,23.18,11590,5,卖盘
2182,14:36:48,23.19,20871,9,买盘
2183,14:36:51,23.18,16231,7,卖盘
2184,14:37:06,23.19,9276,4,买盘
2185,14:37:12,23.19,2319,1,买盘
2186,14:37:18,23.18,99674,43,卖盘
2187,14:37:21,23.19,48696,21,买盘
2188,14:37:27,23.18,9272,4,卖盘
2189,14:37:33,23.19,9276,4,买盘
2190,14:37:36,23.18,108948,47,卖盘
2191,14:37:45,23.19,6957,3,买盘
2192,14:37:48,23.18,2318,1,卖盘
2193,14:37:57,23.19,88112,38,买盘
2194,14:38:00,23.19,51018,22,买盘
2195,14:38:03,23.19,4638,2,买盘
2196,14:38:12,23.19,2319,1,买盘
2197,14:38:15,23.19,9276,4,买盘
2198,14:38:30,23.18,2318,1,卖盘
2199,14:38:33,23.19,9275,4,买盘
2200,14:38:36,23.18,4636,2,卖盘
2201,14:38:39,23.18,16226,7,卖盘
2202,14:38:42,23.19,34785,15,买盘
2203,14:38:48,23.18,99674,43,卖盘
2204,14:38:54,23.18,25498,11,卖盘
2205,14:39:00,23.18,11590,5,卖盘
2206,14:39:03,23.17,342928,148,卖盘
2207,14:39:06,23.17,34755,15,买盘
2208,14:39:12,23.16,23161,10,卖盘
2209,14:39:24,23.17,4634,2,买盘
2210,14:39:30,23.17,2317,1,买盘
2211,14:39:33,23.17,6951,3,买盘
2212,14:39:36,23.16,27792,12,卖盘
2213,14:39:39,23.17,2317,1,买盘
2214,14:39:42,23.17,2317,1,买盘
2215,14:39:45,23.17,6951,3,买盘
2216,14:39:48,23.16,2316,1,卖盘
2217,14:39:57,23.18,85749,37,买盘
2218,14:40:03,23.17,6951,3,卖盘
2219,14:40:15,23.18,2318,1,买盘
2220,14:40:18,23.17,64878,28,卖盘
2221,14:40:21,23.17,57925,25,买盘
2222,14:40:24,23.17,32438,14,买盘
2223,14:40:27,23.17,4634,2,买盘
2224,14:40:30,23.17,2317,1,买盘
2225,14:40:33,23.17,9268,4,买盘
2226,14:40:36,23.17,6951,3,买盘
2227,14:40:39,23.17,4634,2,买盘
2228,14:40:42,23.17,2317,1,买盘
2229,14:40:48,23.17,4634,2,买盘
2230,14:40:51,23.16,2316,1,卖盘
2231,14:40:54,23.17,6951,3,买盘
2232,14:40:57,23.17,25485,11,买盘
2233,14:41:00,23.17,11586,5,卖盘
2234,14:41:06,23.17,37080,16,卖盘
2235,14:41:15,23.16,11582,5,卖盘
2236,14:41:24,23.16,16212,7,卖盘
2237,14:41:27,23.16,25478,11,卖盘
2238,14:41:30,23.16,4632,2,卖盘
2239,14:41:33,23.16,377508,163,卖盘
2240,14:41:36,23.16,20844,9,买盘
2241,14:41:39,23.16,2316,1,买盘
2242,14:41:45,23.15,34725,15,卖盘
2243,14:41:48,23.16,2316,1,买盘
2244,14:41:51,23.16,78744,34,买盘
2245,14:41:57,23.16,4632,2,买盘
2246,14:42:00,23.16,2316,1,买盘
2247,14:42:03,23.16,11576,5,买盘
2248,14:42:06,23.16,90324,39,买盘
2249,14:42:09,23.17,4634,2,买盘
2250,14:42:12,23.17,6951,3,买盘
2251,14:42:15,23.18,50968,22,买盘
2252,14:42:18,23.17,2317,1,卖盘
2253,14:42:21,23.16,27797,12,卖盘
2254,14:42:27,23.18,4636,2,买盘
2255,14:42:30,23.18,9272,4,买盘
2256,14:42:33,23.17,16216,7,买盘
2257,14:42:39,23.18,108946,47,买盘
2258,14:42:45,23.17,6951,3,卖盘
2259,14:43:06,23.18,2318,1,买盘
2260,14:43:09,23.18,4636,2,买盘
2261,14:43:12,23.18,2318,1,买盘
2262,14:43:18,23.18,2318,1,买盘
2263,14:43:21,23.18,32442,14,买盘
2264,14:43:24,23.17,23170,10,卖盘
2265,14:43:36,23.18,88059,38,买盘
2266,14:43:42,23.17,145971,63,卖盘
2267,14:43:48,23.18,2318,1,买盘
2268,14:43:57,23.18,2318,1,买盘
2269,14:44:00,23.18,6954,3,买盘
2270,14:44:09,23.17,4634,2,卖盘
2271,14:44:12,23.17,9271,4,卖盘
2272,14:44:15,23.18,9272,4,买盘
2273,14:44:18,23.17,106582,46,卖盘
2274,14:44:21,23.17,2317,1,买盘
2275,14:44:27,23.17,115850,50,买盘
2276,14:44:33,23.17,30121,13,买盘
2277,14:44:36,23.17,78777,34,买盘
2278,14:44:42,23.16,18528,8,卖盘
2279,14:44:45,23.17,90363,39,买盘
2280,14:44:48,23.17,23170,10,买盘
2281,14:44:51,23.16,23160,10,卖盘
2282,14:44:54,23.16,4632,2,卖盘
2283,14:44:57,23.16,210756,91,卖盘
2284,14:45:03,23.17,13902,6,买盘
2285,14:45:12,23.17,6951,3,买盘
2286,14:45:18,23.16,53276,23,卖盘
2287,14:45:21,23.16,23160,10,卖盘
2288,14:45:30,23.16,2316,1,卖盘
2289,14:45:33,23.17,2317,1,买盘
2290,14:45:36,23.17,34755,15,买盘
2291,14:45:39,23.16,2316,1,卖盘
2292,14:45:48,23.16,23160,10,卖盘
2293,14:45:51,23.17,2317,1,买盘
2294,14:45:54,23.17,50974,22,买盘
2295,14:46:00,23.17,78778,34,买盘
2296,14:46:03,23.17,240970,104,买盘
2297,14:46:06,23.18,6952,3,买盘
2298,14:46:09,23.18,13903,6,买盘
2299,14:46:24,23.17,4634,2,卖盘
2300,14:46:27,23.18,39406,17,买盘
2301,14:46:30,23.18,50976,22,买盘
2302,14:46:36,23.18,2318,1,买盘
2303,14:46:42,23.18,46360,20,买盘
2304,14:46:45,23.17,94998,41,卖盘
2305,14:46:54,23.17,9269,4,卖盘
2306,14:46:57,23.17,13907,6,卖盘
2307,14:47:00,23.17,2317,1,卖盘
2308,14:47:06,23.18,118208,51,买盘
2309,14:47:09,23.17,69510,30,卖盘
2310,14:47:15,23.17,11585,5,卖盘
2311,14:47:21,23.17,50974,22,卖盘
2312,14:47:24,23.17,41712,18,卖盘
2313,14:47:27,23.17,2317,1,卖盘
2314,14:47:30,23.17,11585,5,卖盘
2315,14:47:33,23.18,4636,2,买盘
2316,14:47:36,23.17,210847,91,卖盘
2317,14:47:39,23.17,46351,20,买盘
2318,14:47:42,23.17,4634,2,卖盘
2319,14:47:45,23.18,27807,12,买盘
2320,14:47:48,23.17,9268,4,卖盘
2321,14:48:00,23.17,2317,1,买盘
2322,14:48:12,23.17,6951,3,买盘
2323,14:48:24,23.17,50973,22,买盘
2324,14:48:27,23.18,118160,51,买盘
2325,14:48:33,23.17,6951,3,买盘
2326,14:48:36,23.17,153663,66,买盘
2327,14:48:39,23.18,4636,2,买盘
2328,14:48:45,23.18,92720,40,买盘
2329,14:48:48,23.17,54868,24,卖盘
2330,14:48:51,23.17,33180,14,买盘
2331,14:48:54,23.17,50233,22,卖盘
2332,14:48:57,23.17,9268,4,买盘
2333,14:49:00,23.17,11585,5,买盘
2334,14:49:06,23.17,16220,7,买盘
2335,14:49:09,23.17,2317,1,买盘
2336,14:49:18,23.17,6951,3,买盘
2337,14:49:27,23.17,4634,2,买盘
2338,14:49:30,23.17,69510,30,买盘
2339,14:49:33,23.18,9272,4,买盘
2340,14:49:39,23.17,18536,8,卖盘
2341,14:49:48,23.17,37072,16,卖盘
2342,14:49:54,23.17,2317,1,买盘
2343,14:49:57,23.17,32438,14,买盘
2344,14:50:00,23.18,199298,86,买盘
2345,14:50:03,23.16,16220,7,卖盘
2346,14:50:06,23.18,13900,6,买盘
2347,14:50:09,23.17,2317,1,卖盘
2348,14:50:12,23.17,4634,2,买盘
2349,14:50:15,23.17,2317,1,卖盘
2350,14:50:18,23.17,254871,110,卖盘
2351,14:50:21,23.17,81095,35,卖盘
2352,14:50:24,23.17,11585,5,卖盘
2353,14:50:27,23.17,44023,19,卖盘
2354,14:50:30,23.17,9268,4,卖盘
2355,14:50:33,23.18,95037,41,买盘
2356,14:50:36,23.17,27806,12,卖盘
2357,14:50:42,23.18,11590,5,买盘
2358,14:50:45,23.18,50996,22,买盘
2359,14:50:48,23.17,125128,54,卖盘
2360,14:51:06,23.17,4634,2,卖盘
2361,14:51:09,23.18,2318,1,买盘
2362,14:51:24,23.17,6951,3,卖盘
2363,14:51:33,23.17,18443,8,卖盘
2364,14:51:36,23.18,159883,69,买盘
2365,14:51:39,23.17,129752,56,卖盘
2366,14:51:45,23.17,37072,16,卖盘
2367,14:51:48,23.17,2317,1,卖盘
2368,14:51:51,23.18,76494,33,买盘
2369,14:52:00,23.17,74144,32,卖盘
2370,14:52:03,23.17,159966,69,卖盘
2371,14:52:06,23.17,27804,12,买盘
2372,14:52:09,23.17,85729,37,买盘
2373,14:52:15,23.17,9268,4,买盘
2374,14:52:24,23.16,30108,13,卖盘
2375,14:52:48,23.16,2316,1,卖盘
2376,14:52:51,23.16,47710,21,卖盘
2377,14:52:54,23.16,34740,15,卖盘
2378,14:52:57,23.17,463400,200,买盘
2379,14:53:00,23.18,164471,71,买盘
2380,14:53:03,23.17,23175,10,卖盘
2381,14:53:06,23.17,2317,1,卖盘
2382,14:53:09,23.18,4636,2,买盘
2383,14:53:12,23.17,50975,22,卖盘
2384,14:53:15,23.18,261934,113,买盘
2385,14:53:18,23.18,231800,100,买盘
2386,14:53:21,23.17,37072,16,卖盘
2387,14:53:24,23.18,2318,1,买盘
2388,14:53:27,23.18,9272,4,买盘
2389,14:53:30,23.17,6951,3,卖盘
2390,14:53:33,23.18,2318,1,买盘
2391,14:53:36,23.17,236434,102,卖盘
2392,14:53:39,23.17,4634,2,卖盘
2393,14:53:48,23.17,2317,1,卖盘
2394,14:53:54,23.18,6954,3,买盘
2395,14:54:00,23.17,4634,2,卖盘
2396,14:54:03,23.18,4636,2,买盘
2397,14:54:06,23.17,16224,7,卖盘
2398,14:54:09,23.18,48677,21,买盘
2399,14:54:12,23.17,238751,103,卖盘
2400,14:54:15,23.18,16224,7,买盘
2401,14:54:18,23.18,2318,1,买盘
2402,14:54:21,23.18,4636,2,买盘
2403,14:54:24,23.18,370879,160,买盘
2404,14:54:27,23.18,34768,15,买盘
2405,14:54:30,23.18,6954,3,卖盘
2406,14:54:36,23.18,23180,10,买盘
2407,14:54:42,23.18,352206,152,买盘
2408,14:54:45,23.18,9272,4,卖盘
2409,14:54:48,23.19,275892,119,买盘
2410,14:54:51,23.19,25500,11,买盘
2411,14:54:54,23.19,16233,7,买盘
2412,14:55:00,23.19,34785,15,买盘
2413,14:55:03,23.19,32465,14,买盘
2414,14:55:06,23.18,69553,30,卖盘
2415,14:55:09,23.18,16226,7,卖盘
2416,14:55:12,23.17,428819,185,卖盘
2417,14:55:15,23.18,50984,22,买盘
2418,14:55:18,23.19,85767,37,买盘
2419,14:55:21,23.16,2316,1,卖盘
2420,14:55:27,23.18,25498,11,买盘
2421,14:55:30,23.17,32441,14,卖盘
2422,14:55:33,23.16,34740,15,卖盘
2423,14:55:36,23.16,694980,300,卖盘
2424,14:55:39,23.17,71799,31,买盘
2425,14:55:42,23.17,11585,5,卖盘
2426,14:55:45,23.17,2317,1,中性盘
2427,14:55:51,23.17,2317,1,卖盘
2428,14:55:57,23.17,2317,1,卖盘
2429,14:56:00,23.18,11590,5,买盘
2430,14:56:06,23.17,18536,8,卖盘
2431,14:56:09,23.18,248015,107,买盘
2432,14:56:12,23.17,46359,20,卖盘
2433,14:56:15,23.17,39389,17,卖盘
2434,14:56:18,23.18,139080,60,买盘
2435,14:56:21,23.18,25498,11,买盘
2436,14:56:24,23.18,136762,59,买盘
2437,14:56:27,23.17,74158,32,卖盘
2438,14:56:30,23.17,152985,66,卖盘
2439,14:56:33,23.17,25487,11,卖盘
2440,14:56:36,23.17,23175,10,卖盘
2441,14:56:39,23.18,57950,25,买盘
2442,14:56:42,23.18,185434,80,买盘
2443,14:56:45,23.18,76494,33,卖盘
2444,14:56:48,23.18,4636,2,卖盘
2445,14:56:57,23.18,6954,3,卖盘
2446,14:57:00,23.19,16232,7,买盘
2447,15:00:00,23.19,2869994,1238,卖盘
