,成交时间,成交价格,成交金额,成交量,性质
0,09:25:00,12.46,4145442,3327,卖盘
1,09:30:00,12.45,3050844,2449,卖盘
2,09:30:03,12.46,6861619,5507,买盘
3,09:30:06,12.46,972398,780,卖盘
4,09:30:09,12.46,630844,506,卖盘
5,09:30:12,12.46,1719256,1380,卖盘
6,09:30:15,12.44,2335602,1876,卖盘
7,09:30:18,12.44,3899032,3133,卖盘
8,09:30:21,12.44,352116,283,买盘
9,09:30:24,12.45,1422912,1144,买盘
10,09:30:27,12.44,968540,778,卖盘
11,09:30:30,12.45,296246,238,中性盘
12,09:30:33,12.45,1251207,1005,卖盘
13,09:30:36,12.44,409341,329,卖盘
14,09:30:39,12.44,986352,793,买盘
15,09:30:42,12.43,587002,472,卖盘
16,09:30:45,12.44,700280,563,买盘
17,09:30:48,12.44,267467,215,卖盘
18,09:30:51,12.44,47289,38,卖盘
19,09:30:54,12.44,131878,106,卖盘
20,09:30:57,12.44,732716,589,卖盘
21,09:31:00,12.44,267460,215,买盘
22,09:31:03,12.43,798475,642,卖盘
23,09:31:06,12.43,171549,138,卖盘
24,09:31:09,12.44,207624,167,买盘
25,09:31:12,12.43,1137001,914,卖盘
26,09:31:15,12.44,142956,115,买盘
27,09:31:18,12.44,55955,45,买盘
28,09:31:21,12.43,187793,151,卖盘
29,09:31:24,12.44,162888,131,买盘
30,09:31:27,12.44,96973,78,买盘
31,09:31:30,12.43,195159,157,卖盘
32,09:31:33,12.44,52209,42,买盘
33,09:31:36,12.45,1475340,1186,买盘
34,09:31:39,12.44,77169,62,卖盘
35,09:31:42,12.44,325937,262,卖盘
36,09:31:45,12.44,684335,550,卖盘
37,09:31:48,12.45,256420,206,中性盘
38,09:31:51,12.45,212936,171,卖盘
39,09:31:54,12.45,703823,565,卖盘
40,09:31:57,12.45,408605,328,卖盘
41,09:32:00,12.45,133216,107,卖盘
42,09:32:03,12.46,454719,365,买盘
43,09:32:06,12.46,449837,361,卖盘
44,09:32:09,12.45,388821,312,卖盘
45,09:32:12,12.46,140752,113,买盘
46,09:32:15,12.46,223021,179,买盘
47,09:32:18,12.46,256692,206,卖盘
48,09:32:21,12.47,247972,199,买盘
49,09:32:24,12.47,152017,122,买盘
50,09:32:27,12.47,805630,646,买盘
51,09:32:30,12.48,96081,77,买盘
52,09:32:33,12.46,350285,281,卖盘
53,09:32:36,12.47,53621,43,卖盘
54,09:32:39,12.47,852340,683,卖盘
55,09:32:42,12.48,198389,159,买盘
56,09:32:45,12.48,227127,182,买盘
57,09:32:48,12.48,259537,208,买盘
58,09:32:51,12.48,111011,89,买盘
59,09:32:54,12.48,269380,216,买盘
60,09:32:57,12.47,1490609,1195,卖盘
61,09:33:00,12.48,794798,637,买盘
62,09:33:03,12.48,535204,429,买盘
63,09:33:06,12.48,345442,277,买盘
64,09:33:09,12.48,124730,100,买盘
65,09:33:12,12.48,1264647,1013,买盘
66,09:33:15,12.48,391872,314,卖盘
67,09:33:18,12.47,274081,220,卖盘
68,09:33:21,12.48,209638,168,买盘
69,09:33:24,12.48,365664,293,买盘
70,09:33:27,12.47,184669,148,卖盘
71,09:33:30,12.48,269557,216,买盘
72,09:33:33,12.47,2884592,2313,卖盘
73,09:33:36,12.47,335443,269,买盘
74,09:33:39,12.47,115960,93,买盘
75,09:33:42,12.46,321536,258,卖盘
76,09:33:45,12.46,1019985,818,卖盘
77,09:33:48,12.47,102254,82,买盘
78,09:33:51,12.46,143404,115,卖盘
79,09:33:54,12.46,375316,301,卖盘
80,09:33:57,12.46,117217,94,卖盘
81,09:34:00,12.47,58581,47,买盘
82,09:34:03,12.47,246870,198,买盘
83,09:34:06,12.46,1361639,1092,卖盘
84,09:34:09,12.46,1315921,1056,卖盘
85,09:34:12,12.46,77252,62,卖盘
86,09:34:15,12.47,39894,32,买盘
87,09:34:18,12.46,109669,88,卖盘
88,09:34:21,12.46,107181,86,卖盘
89,09:34:24,12.47,79767,64,买盘
90,09:34:27,12.46,32397,26,卖盘
91,09:34:30,12.46,706496,567,卖盘
92,09:34:33,12.46,158316,127,卖盘
93,09:34:36,12.46,620522,498,卖盘
94,09:34:39,12.46,282965,227,卖盘
95,09:34:42,12.47,284129,228,买盘
96,09:34:45,12.47,423725,340,买盘
97,09:34:48,12.47,285465,229,买盘
98,09:34:51,12.46,240643,193,卖盘
99,09:34:54,12.46,365331,293,卖盘
100,09:34:57,12.46,107217,86,卖盘
101,09:35:00,12.46,206941,166,卖盘
102,09:35:03,12.47,387710,311,买盘
103,09:35:06,12.47,118436,95,买盘
104,09:35:09,12.47,3168636,2541,买盘
105,09:35:12,12.47,127294,102,卖盘
106,09:35:15,12.47,124792,100,卖盘
107,09:35:18,12.48,54912,44,买盘
108,09:35:21,12.48,27452,22,买盘
109,09:35:24,12.48,41175,33,买盘
110,09:35:27,12.48,286931,230,买盘
111,09:35:30,12.47,106044,85,卖盘
112,09:35:33,12.48,1091949,875,买盘
113,09:35:36,12.48,388063,311,买盘
114,09:35:39,12.47,256915,206,卖盘
115,09:35:42,12.48,3584824,2872,买盘
116,09:35:45,12.48,228502,183,卖盘
117,09:35:48,12.48,32451,26,卖盘
118,09:35:51,12.49,453377,363,买盘
119,09:35:54,12.48,171106,137,卖盘
120,09:35:57,12.48,230960,185,卖盘
121,09:36:00,12.49,82418,66,买盘
122,09:36:03,12.49,412170,330,买盘
123,09:36:06,12.49,664445,532,买盘
124,09:36:09,12.49,233562,187,买盘
125,09:36:12,12.49,1367655,1095,买盘
126,09:36:15,12.49,871857,698,卖盘
127,09:36:18,12.49,918634,735,卖盘
128,09:36:21,12.49,227466,182,卖盘
129,09:36:24,12.5,823120,659,买盘
130,09:36:27,12.5,918694,735,买盘
131,09:36:30,12.5,69957,56,买盘
132,09:36:33,12.5,138721,111,买盘
133,09:36:36,12.49,157452,126,卖盘
134,09:36:39,12.5,782191,626,买盘
135,09:36:42,12.5,326243,261,买盘
136,09:36:45,12.49,233682,187,卖盘
137,09:36:48,12.5,102466,82,买盘
138,09:36:51,12.5,71202,57,买盘
139,09:36:54,12.49,98704,79,卖盘
140,09:36:57,12.49,6248,5,卖盘
141,09:37:00,12.5,382410,306,买盘
142,09:37:03,12.5,562315,450,买盘
143,09:37:06,12.5,94983,76,买盘
144,09:37:09,12.49,164907,132,卖盘
145,09:37:12,12.5,577281,462,买盘
146,09:37:15,12.5,66249,53,买盘
147,09:37:18,12.49,543326,435,卖盘
148,09:37:21,12.5,984458,788,买盘
149,09:37:24,12.5,203620,163,买盘
150,09:37:27,12.5,476028,381,买盘
151,09:37:30,12.5,149978,120,买盘
152,09:37:33,12.49,378517,303,卖盘
153,09:37:36,12.49,227368,182,卖盘
154,09:37:39,12.5,616152,493,买盘
155,09:37:42,12.5,124924,100,买盘
156,09:37:45,12.5,5484493,4387,买盘
157,09:37:48,12.51,293882,235,买盘
158,09:37:51,12.5,120015,96,卖盘
159,09:37:54,12.51,158862,127,买盘
160,09:37:57,12.51,96290,77,买盘
161,09:38:00,12.51,2316361,1853,买盘
162,09:38:03,12.5,333857,267,卖盘
163,09:38:06,12.5,374971,300,买盘
164,09:38:09,12.5,162466,130,卖盘
165,09:38:12,12.49,763687,611,卖盘
166,09:38:15,12.5,94974,76,买盘
167,09:38:18,12.49,2385782,1910,卖盘
168,09:38:21,12.49,43746,35,卖盘
169,09:38:24,12.49,44970,36,卖盘
170,09:38:27,12.49,108677,87,卖盘
171,09:38:30,12.49,1733612,1388,卖盘
172,09:38:33,12.5,584542,468,买盘
173,09:38:36,12.5,613503,491,买盘
174,09:38:39,12.49,169975,136,卖盘
175,09:38:42,12.5,346033,277,买盘
176,09:38:45,12.49,88684,71,卖盘
177,09:38:48,12.49,323571,259,卖盘
178,09:38:51,12.5,237323,190,买盘
179,09:38:54,12.49,504596,404,卖盘
180,09:38:57,12.49,428411,343,卖盘
181,09:39:00,12.48,89925,72,卖盘
182,09:39:03,12.49,249651,200,买盘
183,09:39:06,12.48,78668,63,卖盘
184,09:39:09,12.49,533304,427,买盘
185,09:39:12,12.49,430855,345,买盘
186,09:39:15,12.49,380925,305,买盘
187,09:39:18,12.49,609374,488,买盘
188,09:39:21,12.5,1317920,1055,买盘
189,09:39:24,12.5,42467,34,买盘
190,09:39:27,12.49,144908,116,卖盘
191,09:39:30,12.49,504910,404,卖盘
192,09:39:33,12.5,132396,106,买盘
193,09:39:36,12.49,101218,81,卖盘
194,09:39:39,12.49,23744,19,卖盘
195,09:39:42,12.49,69981,56,卖盘
196,09:39:45,12.5,93705,75,买盘
197,09:39:48,12.5,872477,698,买盘
198,09:39:51,12.49,76231,61,卖盘
199,09:39:54,12.5,162470,130,买盘
200,09:39:57,12.49,337482,270,卖盘
201,09:40:00,12.49,401143,321,卖盘
202,09:40:03,12.5,323544,259,买盘
203,09:40:06,12.5,107500,86,买盘
204,09:40:09,12.49,263648,211,卖盘
205,09:40:12,12.5,255000,204,买盘
206,09:40:15,12.5,171231,137,买盘
207,09:40:18,12.5,171246,137,买盘
208,09:40:24,12.49,124945,100,卖盘
209,09:40:27,12.5,114951,92,买盘
210,09:40:30,12.5,61225,49,买盘
211,09:40:33,12.48,5697937,4562,卖盘
212,09:40:36,12.48,917962,735,卖盘
213,09:40:39,12.48,113613,91,卖盘
214,09:40:42,12.49,142345,114,买盘
215,09:40:45,12.48,348349,279,卖盘
216,09:40:48,12.48,318454,255,卖盘
217,09:40:51,12.49,290812,233,买盘
218,09:40:54,12.49,234628,188,买盘
219,09:40:57,12.48,269646,216,卖盘
220,09:41:00,12.49,546728,438,买盘
221,09:41:03,12.49,430855,345,买盘
222,09:41:06,12.48,209665,168,卖盘
223,09:41:09,12.48,387117,310,卖盘
224,09:41:12,12.48,22466,18,卖盘
225,09:41:15,12.48,323287,259,卖盘
226,09:41:18,12.48,297074,238,卖盘
227,09:41:21,12.48,339499,272,卖盘
228,09:41:24,12.48,143606,115,卖盘
229,09:41:27,12.49,282098,226,买盘
230,09:41:30,12.48,111082,89,卖盘
231,09:41:33,12.48,214762,172,卖盘
232,09:41:36,12.49,1253228,1004,买盘
233,09:41:39,12.48,456772,366,卖盘
234,09:41:42,12.48,127297,102,卖盘
235,09:41:45,12.48,249673,200,卖盘
236,09:41:48,12.48,116064,93,卖盘
237,09:41:51,12.49,495841,397,买盘
238,09:41:54,12.49,304537,244,买盘
239,09:41:57,12.48,366915,294,卖盘
240,09:42:00,12.49,289588,232,买盘
241,09:42:03,12.49,62415,50,买盘
242,09:42:06,12.48,119818,96,卖盘
243,09:42:09,12.48,72351,58,买盘
244,09:42:12,12.48,68640,55,买盘
245,09:42:15,12.48,167219,134,买盘
246,09:42:18,12.48,742491,595,买盘
247,09:42:21,12.48,427999,343,买盘
248,09:42:24,12.48,170976,137,卖盘
249,09:42:27,12.48,677598,543,卖盘
250,09:42:30,12.48,359424,288,卖盘
251,09:42:33,12.48,62400,50,买盘
252,09:42:36,12.48,217144,174,买盘
253,09:42:39,12.47,162204,130,卖盘
254,09:42:42,12.47,622295,499,卖盘
255,09:42:45,12.47,357952,287,卖盘
256,09:42:48,12.47,73599,59,卖盘
257,09:42:51,12.48,63621,51,买盘
258,09:42:54,12.47,81056,65,卖盘
259,09:42:57,12.47,335449,269,卖盘
260,09:43:00,12.47,500055,401,卖盘
261,09:43:03,12.47,437698,351,卖盘
262,09:43:06,12.47,329208,264,卖盘
263,09:43:09,12.47,787507,632,买盘
264,09:43:12,12.47,1025034,822,买盘
265,09:43:15,12.47,112244,90,卖盘
266,09:43:18,12.46,125883,101,卖盘
267,09:43:21,12.47,19952,16,买盘
268,09:43:24,12.46,16198,13,卖盘
269,09:43:27,12.47,332987,267,买盘
270,09:43:30,12.46,29910,24,卖盘
271,09:43:33,12.46,58591,47,卖盘
272,09:43:36,12.46,314164,252,卖盘
273,09:43:39,12.46,188216,151,卖盘
274,09:43:42,12.46,211950,170,卖盘
275,09:43:45,12.46,166992,134,卖盘
276,09:43:48,12.46,22428,18,卖盘
277,09:43:51,12.47,7480,6,买盘
278,09:43:54,12.47,296629,238,买盘
279,09:43:57,12.47,170704,137,买盘
280,09:44:00,12.47,255529,205,买盘
281,09:44:03,12.47,27413,22,买盘
282,09:44:06,12.47,159590,128,买盘
283,09:44:09,12.47,17458,14,买盘
284,09:44:12,12.46,87263,70,卖盘
285,09:44:15,12.46,18700,15,卖盘
286,09:44:18,12.46,71022,57,卖盘
287,09:44:21,12.47,286673,230,买盘
288,09:44:24,12.46,1462804,1174,卖盘
289,09:44:27,12.46,88474,71,卖盘
290,09:44:30,12.46,586867,471,卖盘
291,09:44:33,12.46,1698312,1363,卖盘
292,09:44:36,12.46,458606,368,卖盘
293,09:44:39,12.47,4056370,3253,买盘
294,09:44:42,12.47,1996767,1600,卖盘
295,09:44:45,12.47,137179,110,卖盘
296,09:44:48,12.47,163378,131,卖盘
297,09:44:51,12.47,64855,52,卖盘
298,09:44:54,12.48,17466,14,买盘
299,09:44:57,12.47,2088725,1675,卖盘
300,09:45:00,12.48,381878,306,买盘
301,09:45:03,12.48,46148,37,买盘
302,09:45:06,12.48,3147893,2523,买盘
303,09:45:09,12.48,78624,63,卖盘
304,09:45:12,12.48,69888,56,卖盘
305,09:45:15,12.48,88626,71,卖盘
306,09:45:18,12.48,138553,111,卖盘
307,09:45:21,12.48,177216,142,卖盘
308,09:45:24,12.49,104909,84,买盘
309,09:45:27,12.48,695661,557,卖盘
310,09:45:30,12.49,2988879,2393,买盘
311,09:45:33,12.49,103667,83,卖盘
312,09:45:36,12.49,378447,303,买盘
313,09:45:39,12.49,1081621,866,卖盘
314,09:45:42,12.48,71143,57,卖盘
315,09:45:45,12.48,38702,31,卖盘
316,09:45:48,12.48,151019,121,卖盘
317,09:45:51,12.49,118613,95,买盘
318,09:45:54,12.49,149880,120,买盘
319,09:45:57,12.48,2495897,2000,卖盘
320,09:46:00,12.48,102315,82,买盘
321,09:46:03,12.48,59898,48,买盘
322,09:46:06,12.48,124800,100,买盘
323,09:46:09,12.48,1161860,931,买盘
324,09:46:12,12.48,159719,128,买盘
325,09:46:15,12.47,24943,20,卖盘
326,09:46:18,12.48,21203,17,买盘
327,09:46:21,12.47,672627,539,卖盘
328,09:46:24,12.47,357889,287,卖盘
329,09:46:27,12.47,324220,260,卖盘
330,09:46:30,12.47,1247,1,卖盘
331,09:46:33,12.47,239434,192,卖盘
332,09:46:36,12.47,1102348,884,卖盘
333,09:46:39,12.47,61084,49,买盘
334,09:46:42,12.47,211854,170,买盘
335,09:46:45,12.47,27434,22,买盘
336,09:46:48,12.46,95969,77,卖盘
337,09:46:51,12.46,135814,109,卖盘
338,09:46:54,12.47,950158,762,买盘
339,09:46:57,12.47,86026,69,买盘
340,09:47:00,12.46,340206,273,卖盘
341,09:47:03,12.46,5872389,4713,卖盘
342,09:47:06,12.46,176824,142,买盘
343,09:47:09,12.45,1386935,1114,卖盘
344,09:47:12,12.45,23657,19,卖盘
345,09:47:15,12.45,1845091,1482,卖盘
346,09:47:18,12.45,159360,128,卖盘
347,09:47:21,12.45,577913,464,卖盘
348,09:47:24,12.45,923790,742,卖盘
349,09:47:27,12.45,1316554,1058,卖盘
350,09:47:30,12.45,276492,222,卖盘
351,09:47:33,12.44,1474039,1185,卖盘
352,09:47:36,12.44,218942,176,买盘
353,09:47:39,12.44,293381,236,买盘
354,09:47:42,12.44,269931,217,买盘
355,09:47:45,12.44,133042,107,买盘
356,09:47:48,12.43,323224,260,卖盘
357,09:47:51,12.43,718466,578,卖盘
358,09:47:54,12.44,650591,523,买盘
359,09:47:57,12.43,97011,78,卖盘
360,09:48:00,12.43,193941,156,卖盘
361,09:48:03,12.43,100694,81,卖盘
362,09:48:06,12.43,3402106,2737,卖盘
363,09:48:09,12.43,896216,721,卖盘
364,09:48:12,12.43,121818,98,卖盘
365,09:48:15,12.43,38533,31,卖盘
366,09:48:18,12.43,579252,466,卖盘
367,09:48:21,12.43,249909,201,卖盘
368,09:48:24,12.44,423864,341,买盘
369,09:48:27,12.43,482284,388,卖盘
370,09:48:30,12.43,778087,626,卖盘
371,09:48:33,12.42,1740651,1401,卖盘
372,09:48:36,12.43,396489,319,买盘
373,09:48:39,12.42,170187,137,卖盘
374,09:48:42,12.42,350274,282,卖盘
375,09:48:45,12.42,31060,25,卖盘
376,09:48:48,12.42,1523954,1227,卖盘
377,09:48:51,12.42,18630,15,卖盘
378,09:48:54,12.43,315511,254,买盘
379,09:48:57,12.42,269614,217,卖盘
380,09:49:00,12.42,69556,56,卖盘
381,09:49:03,12.43,290635,234,买盘
382,09:49:06,12.42,1542587,1242,卖盘
383,09:49:09,12.43,4971,4,买盘
384,09:49:12,12.43,4330935,3487,买盘
385,09:49:15,12.43,186406,150,买盘
386,09:49:18,12.42,82037,66,卖盘
387,09:49:21,12.43,68323,55,买盘
388,09:49:24,12.43,244829,197,买盘
389,09:49:27,12.43,1344925,1082,买盘
390,09:49:30,12.44,14928,12,买盘
391,09:49:33,12.43,47242,38,卖盘
392,09:49:36,12.43,134247,108,卖盘
393,09:49:39,12.43,1243,1,卖盘
394,09:49:42,12.44,575961,463,买盘
395,09:49:45,12.44,72137,58,买盘
396,09:49:48,12.43,258594,208,卖盘
397,09:49:51,12.44,191569,154,买盘
398,09:49:54,12.43,295846,238,卖盘
399,09:49:57,12.43,565751,455,卖盘
400,09:50:00,12.43,18645,15,卖盘
401,09:50:03,12.43,232493,187,卖盘
402,09:50:06,12.43,70893,57,卖盘
403,09:50:09,12.43,53449,43,卖盘
404,09:50:12,12.43,33561,27,卖盘
405,09:50:15,12.43,135487,109,卖盘
406,09:50:18,12.43,59678,48,卖盘
407,09:50:21,12.43,178994,144,卖盘
408,09:50:24,12.43,359235,289,卖盘
409,09:50:27,12.42,3008042,2420,卖盘
410,09:50:30,12.42,207415,167,卖盘
411,09:50:33,12.42,134162,108,卖盘
412,09:50:36,12.43,215032,173,买盘
413,09:50:39,12.43,278236,224,买盘
414,09:50:42,12.42,265904,214,卖盘
415,09:50:45,12.43,126763,102,买盘
416,09:50:48,12.42,82017,66,卖盘
417,09:50:51,12.42,49681,40,卖盘
418,09:50:54,12.43,136634,110,买盘
419,09:50:57,12.43,19888,16,买盘
420,09:51:00,12.42,39745,32,卖盘
421,09:51:03,12.42,59621,48,卖盘
422,09:51:06,12.42,142830,115,卖盘
423,09:51:09,12.43,45991,37,买盘
424,09:51:12,12.42,70814,57,卖盘
425,09:51:15,12.43,111859,90,买盘
426,09:51:18,12.42,91908,74,卖盘
427,09:51:21,12.42,331643,267,卖盘
428,09:51:24,12.42,105620,85,卖盘
429,09:51:27,12.43,799199,643,买盘
430,09:51:30,12.43,486013,391,买盘
431,09:51:33,12.44,91955,74,买盘
432,09:51:36,12.43,16163,13,中性盘
433,09:51:39,12.44,36066,29,买盘
434,09:51:42,12.43,330763,266,卖盘
435,09:51:45,12.44,212565,171,买盘
436,09:51:48,12.43,464887,374,卖盘
437,09:51:51,12.42,324227,261,卖盘
438,09:51:57,12.43,3729,3,卖盘
439,09:52:00,12.43,60921,49,卖盘
440,09:52:03,12.43,794277,639,卖盘
441,09:52:06,12.43,136740,110,中性盘
442,09:52:09,12.43,4142203,3330,中性盘
443,09:52:12,12.43,75826,61,卖盘
444,09:52:15,12.44,83273,67,买盘
445,09:52:18,12.44,73383,59,买盘
446,09:52:21,12.43,96982,78,卖盘
447,09:52:24,12.42,270913,218,卖盘
448,09:52:27,12.42,116805,94,卖盘
449,09:52:30,12.42,124229,100,卖盘
450,09:52:33,12.43,357785,288,买盘
451,09:52:36,12.43,29810,24,买盘
452,09:52:39,12.43,120024,97,卖盘
453,09:52:42,12.43,54694,44,卖盘
454,09:52:48,12.44,41039,33,买盘
455,09:52:51,12.43,162833,131,卖盘
456,09:52:54,12.43,63429,51,卖盘
457,09:52:57,12.43,124300,100,卖盘
458,09:53:00,12.44,33569,27,买盘
459,09:53:06,12.44,9947,8,买盘
460,09:53:09,12.43,13673,11,卖盘
461,09:53:12,12.43,26104,21,卖盘
462,09:53:15,12.43,53469,43,卖盘
463,09:53:18,12.44,77117,62,买盘
464,09:53:21,12.43,196394,158,卖盘
465,09:53:24,12.44,2488,2,买盘
466,09:53:27,12.44,54726,44,买盘
467,09:53:30,12.43,27347,22,卖盘
468,09:53:33,12.43,220011,177,卖盘
469,09:53:36,12.42,1116729,898,卖盘
470,09:53:39,12.42,42249,34,卖盘
471,09:53:42,12.43,57178,46,买盘
472,09:53:45,12.42,41006,33,卖盘
473,09:53:48,12.43,1111242,894,买盘
474,09:53:51,12.43,57153,46,买盘
475,09:53:54,12.43,188936,152,买盘
476,09:53:57,12.43,883032,710,买盘
477,09:54:00,12.43,740806,596,买盘
478,09:54:03,12.43,363986,293,买盘
479,09:54:06,12.43,31075,25,买盘
480,09:54:09,12.42,44719,36,卖盘
481,09:54:12,12.43,49720,40,买盘
482,09:54:15,12.42,274512,221,卖盘
483,09:54:18,12.42,255859,206,卖盘
484,09:54:21,12.42,95681,77,卖盘
485,09:54:24,12.42,319442,257,卖盘
486,09:54:27,12.42,108054,87,卖盘
487,09:54:30,12.43,42244,34,买盘
488,09:54:33,12.42,840250,676,卖盘
489,09:54:36,12.43,115594,93,买盘
490,09:54:42,12.42,95704,77,卖盘
491,09:54:45,12.43,372818,300,买盘
492,09:54:48,12.43,21132,17,买盘
493,09:54:51,12.43,24860,20,卖盘
494,09:54:54,12.43,615315,495,卖盘
495,09:54:57,12.44,93227,75,买盘
496,09:55:00,12.44,11196,9,买盘
497,09:55:03,12.43,167805,135,卖盘
498,09:55:06,12.43,129272,104,卖盘
499,09:55:09,12.43,216283,174,卖盘
500,09:55:12,12.43,1010646,813,卖盘
501,09:55:15,12.43,270834,218,买盘
502,09:55:18,12.43,209936,169,买盘
503,09:55:21,12.43,1280675,1030,买盘
504,09:55:24,12.43,339340,273,卖盘
505,09:55:27,12.43,128036,103,卖盘
506,09:55:30,12.42,264633,213,卖盘
507,09:55:33,12.42,386270,311,卖盘
508,09:55:36,12.42,387526,312,卖盘
509,09:55:39,12.43,323018,260,买盘
510,09:55:42,12.42,147851,119,卖盘
511,09:55:45,12.42,140346,113,卖盘
512,09:55:48,12.42,141588,114,卖盘
513,09:55:51,12.42,1268664,1021,卖盘
514,09:55:54,12.42,354060,285,卖盘
515,09:55:57,12.43,400212,322,买盘
516,09:56:00,12.43,274860,221,卖盘
517,09:56:03,12.43,190206,153,卖盘
518,09:56:06,12.43,90754,73,卖盘
519,09:56:09,12.43,65879,53,卖盘
520,09:56:12,12.43,210067,169,卖盘
521,09:56:15,12.43,53453,43,卖盘
522,09:56:18,12.43,457410,368,卖盘
523,09:56:21,12.43,878949,707,买盘
524,09:56:24,12.43,247240,199,卖盘
525,09:56:27,12.43,23617,19,买盘
526,09:56:30,12.43,518194,417,买盘
527,09:56:33,12.43,86974,70,买盘
528,09:56:36,12.43,150399,121,买盘
529,09:56:39,12.43,87010,70,卖盘
530,09:56:42,12.43,128009,103,买盘
531,09:56:45,12.43,16149,13,买盘
532,09:56:48,12.43,364026,293,买盘
533,09:56:51,12.43,178875,144,买盘
534,09:56:54,12.42,190076,153,卖盘
535,09:56:57,12.42,132942,107,卖盘
536,09:57:00,12.43,766873,617,买盘
537,09:57:03,12.42,162728,131,卖盘
538,09:57:06,12.42,277000,223,卖盘
539,09:57:09,12.42,479415,386,卖盘
540,09:57:12,12.43,111781,90,买盘
541,09:57:15,12.43,26085,21,买盘
542,09:57:18,12.42,233496,188,卖盘
543,09:57:21,12.43,124300,100,买盘
544,09:57:24,12.43,24860,20,买盘
545,09:57:27,12.42,59624,48,卖盘
546,09:57:30,12.42,634663,511,卖盘
547,09:57:33,12.42,13662,11,卖盘
548,09:57:39,12.43,118008,95,买盘
549,09:57:42,12.42,39764,32,卖盘
550,09:57:45,12.42,99385,80,卖盘
551,09:57:48,12.42,121811,98,卖盘
552,09:57:51,12.43,832989,670,买盘
553,09:57:54,12.43,7458,6,卖盘
554,09:57:57,12.44,55980,45,买盘
555,09:58:00,12.43,129272,104,卖盘
556,09:58:03,12.43,434007,349,卖盘
557,09:58:06,12.43,190179,153,卖盘
558,09:58:09,12.44,93239,75,买盘
559,09:58:12,12.43,272217,219,卖盘
560,09:58:15,12.43,118085,95,卖盘
561,09:58:18,12.44,379131,305,买盘
562,09:58:21,12.44,55941,45,买盘
563,09:58:24,12.44,128052,103,买盘
564,09:58:27,12.43,31075,25,卖盘
565,09:58:30,12.43,77076,62,卖盘
566,09:58:33,12.43,231198,186,卖盘
567,09:58:36,12.43,211310,170,卖盘
568,09:58:39,12.43,94468,76,卖盘
569,09:58:42,12.44,740830,596,买盘
570,09:58:45,12.44,874425,703,买盘
571,09:58:48,12.43,187743,151,卖盘
572,09:58:51,12.43,159142,128,卖盘
573,09:58:54,12.43,23617,19,卖盘
574,09:59:00,12.44,325904,262,买盘
575,09:59:03,12.44,200138,161,买盘
576,09:59:06,12.43,85768,69,卖盘
577,09:59:09,12.44,124302,100,买盘
578,09:59:12,12.43,175241,141,卖盘
579,09:59:15,12.42,72036,58,卖盘
580,09:59:18,12.42,782473,630,卖盘
581,09:59:21,12.42,847580,682,卖盘
582,09:59:24,12.42,301842,243,卖盘
583,09:59:27,12.43,48467,39,买盘
584,09:59:30,12.43,173910,140,买盘
585,09:59:33,12.42,88223,71,卖盘
586,09:59:36,12.43,1243,1,买盘
587,09:59:39,12.42,60873,49,卖盘
588,09:59:42,12.42,83214,67,卖盘
589,09:59:45,12.42,29808,24,卖盘
590,09:59:48,12.43,16154,13,买盘
591,09:59:51,12.42,132935,107,卖盘
592,09:59:54,12.42,24840,20,卖盘
593,09:59:57,12.43,296844,239,买盘
594,10:00:00,12.43,473454,381,买盘
595,10:00:03,12.42,67068,54,卖盘
596,10:00:06,12.42,150282,121,卖盘
597,10:00:09,12.42,214866,173,卖盘
598,10:00:12,12.42,236025,190,卖盘
599,10:00:15,12.42,166448,134,卖盘
600,10:00:18,12.42,145321,117,卖盘
601,10:00:21,12.42,238478,192,卖盘
602,10:00:24,12.43,72546,58,买盘
603,10:00:27,12.42,18630,15,卖盘
604,10:00:30,12.42,1420351,1144,卖盘
605,10:00:33,12.42,327882,264,卖盘
606,10:00:36,12.42,881921,710,买盘
607,10:00:39,12.42,233436,188,买盘
608,10:00:42,12.42,114265,92,卖盘
609,10:00:45,12.42,21114,17,卖盘
610,10:00:48,12.42,838918,675,卖盘
611,10:00:51,12.42,115511,93,卖盘
612,10:00:54,12.42,50937,41,卖盘
613,10:00:57,12.43,42232,34,买盘
614,10:01:00,12.42,144075,116,卖盘
615,10:01:03,12.42,783703,631,卖盘
616,10:01:06,12.42,224802,181,卖盘
617,10:01:09,12.42,58374,47,卖盘
618,10:01:12,12.41,150216,121,卖盘
619,10:01:15,12.41,114228,92,卖盘
620,10:01:18,12.41,459200,370,卖盘
621,10:01:21,12.41,69502,56,卖盘
622,10:01:24,12.41,342524,276,卖盘
623,10:01:27,12.42,832120,670,买盘
624,10:01:30,12.42,152712,123,买盘
625,10:01:33,12.41,13651,11,卖盘
626,10:01:36,12.42,57131,46,买盘
627,10:01:39,12.41,54622,44,卖盘
628,10:01:42,12.41,358882,289,卖盘
629,10:01:45,12.41,8687,7,卖盘
630,10:01:48,12.42,95607,77,买盘
631,10:01:51,12.41,53393,43,卖盘
632,10:01:54,12.41,52137,42,卖盘
633,10:01:57,12.41,150161,121,卖盘
634,10:02:00,12.41,199820,161,卖盘
635,10:02:03,12.41,147750,119,卖盘
636,10:02:06,12.42,74506,60,买盘
637,10:02:09,12.42,1429541,1151,买盘
638,10:02:12,12.41,845737,681,卖盘
639,10:02:15,12.42,937123,755,买盘
640,10:02:18,12.42,26081,21,买盘
641,10:02:21,12.42,78246,63,买盘
642,10:02:24,12.42,22346,18,买盘
643,10:02:27,12.42,63315,51,买盘
644,10:02:30,12.42,93145,75,买盘
645,10:02:33,12.42,214846,173,买盘
646,10:02:36,12.42,363806,293,买盘
647,10:02:39,12.42,55848,45,买盘
648,10:02:42,12.41,151468,122,卖盘
649,10:02:45,12.41,109258,88,卖盘
650,10:02:48,12.42,86880,70,买盘
651,10:02:51,12.42,22342,18,买盘
652,10:02:54,12.41,62050,50,卖盘
653,10:02:57,12.42,700469,564,买盘
654,10:03:00,12.41,167610,135,卖盘
655,10:03:03,12.41,2114664,1704,卖盘
656,10:03:06,12.41,1041199,839,卖盘
657,10:03:09,12.41,525016,423,卖盘
658,10:03:12,12.41,219657,177,卖盘
659,10:03:15,12.41,21097,17,卖盘
660,10:03:18,12.41,1149783,926,卖盘
661,10:03:21,12.41,62050,50,卖盘
662,10:03:24,12.42,38491,31,买盘
663,10:03:27,12.42,557608,449,买盘
664,10:03:30,12.41,178769,144,卖盘
665,10:03:33,12.41,712408,574,卖盘
666,10:03:36,12.42,39731,32,买盘
667,10:03:39,12.42,181215,146,买盘
668,10:03:42,12.41,940137,757,卖盘
669,10:03:45,12.41,170019,137,卖盘
670,10:03:48,12.42,26082,21,买盘
671,10:03:51,12.42,370082,298,买盘
672,10:03:54,12.41,26061,21,卖盘
673,10:03:57,12.42,70794,57,买盘
674,10:04:00,12.41,32266,26,卖盘
675,10:04:03,12.42,218506,176,买盘
676,10:04:06,12.41,103010,83,卖盘
677,10:04:09,12.41,142753,115,卖盘
678,10:04:12,12.41,902211,727,卖盘
679,10:04:15,12.41,26071,21,卖盘
680,10:04:18,12.41,99354,80,卖盘
681,10:04:21,12.41,163943,132,卖盘
682,10:04:24,12.41,37253,30,卖盘
683,10:04:27,12.42,2076613,1672,买盘
684,10:04:30,12.42,2484,2,卖盘
685,10:04:33,12.43,350482,282,买盘
686,10:04:39,12.42,62116,50,卖盘
687,10:04:42,12.43,19882,16,买盘
688,10:04:45,12.42,80730,65,卖盘
689,10:04:48,12.43,12425,10,买盘
690,10:04:54,12.42,506747,408,卖盘
691,10:04:57,12.42,24842,20,卖盘
692,10:05:00,12.43,34794,28,买盘
693,10:05:03,12.43,212519,171,买盘
694,10:05:06,12.42,44713,36,卖盘
695,10:05:09,12.42,79523,64,卖盘
696,10:05:12,12.42,984250,792,卖盘
697,10:05:15,12.43,159096,128,买盘
698,10:05:18,12.43,1661878,1337,买盘
699,10:05:21,12.43,611568,492,卖盘
700,10:05:24,12.44,48492,39,买盘
701,10:05:27,12.44,1548780,1245,买盘
702,10:05:30,12.44,94519,76,买盘
703,10:05:33,12.43,360675,290,卖盘
704,10:05:36,12.43,193966,156,卖盘
705,10:05:39,12.43,64636,52,卖盘
706,10:05:42,12.43,1489128,1198,卖盘
707,10:05:45,12.43,95730,77,卖盘
708,10:05:48,12.44,959188,771,买盘
709,10:05:51,12.44,100704,81,买盘
710,10:05:54,12.43,272382,219,卖盘
711,10:05:57,12.43,205223,165,卖盘
712,10:06:00,12.44,289732,233,买盘
713,10:06:03,12.44,365721,294,买盘
714,10:06:06,12.45,2986865,2401,买盘
715,10:06:09,12.45,85855,69,买盘
716,10:06:12,12.44,893859,718,卖盘
717,10:06:15,12.45,39840,32,买盘
718,10:06:18,12.44,47298,38,卖盘
719,10:06:21,12.45,237712,191,买盘
720,10:06:24,12.44,24895,20,卖盘
721,10:06:27,12.45,47297,38,买盘
722,10:06:30,12.45,113223,91,买盘
723,10:06:33,12.44,638636,513,卖盘
724,10:06:36,12.44,38569,31,卖盘
725,10:06:39,12.45,207910,167,买盘
726,10:06:42,12.45,776820,624,买盘
727,10:06:45,12.45,307452,247,买盘
728,10:06:48,12.45,191820,154,买盘
729,10:06:51,12.45,408665,328,卖盘
730,10:06:54,12.45,49815,40,卖盘
731,10:06:57,12.45,18675,15,卖盘
732,10:07:00,12.45,31130,25,卖盘
733,10:07:03,12.45,3735,3,卖盘
734,10:07:06,12.45,6225,5,卖盘
735,10:07:09,12.45,32370,26,卖盘
736,10:07:12,12.45,150660,121,卖盘
737,10:07:15,12.45,31125,25,卖盘
738,10:07:18,12.45,44820,36,卖盘
739,10:07:21,12.45,27401,22,卖盘
740,10:07:24,12.45,34860,28,卖盘
741,10:07:27,12.45,169320,136,卖盘
742,10:07:30,12.46,78478,63,买盘
743,10:07:33,12.45,1191174,956,卖盘
744,10:07:36,12.46,19927,16,买盘
745,10:07:39,12.45,78441,63,卖盘
746,10:07:42,12.46,39843,32,买盘
747,10:07:45,12.45,62255,50,卖盘
748,10:07:48,12.46,6230,5,买盘
749,10:07:51,12.46,976852,784,买盘
750,10:07:54,12.45,341306,274,卖盘
751,10:07:57,12.46,606780,487,买盘
752,10:08:00,12.45,67259,54,卖盘
753,10:08:03,12.46,635216,510,买盘
754,10:08:06,12.47,254141,204,买盘
755,10:08:09,12.46,103370,83,买盘
756,10:08:12,12.45,784228,629,卖盘
757,10:08:15,12.46,164472,132,卖盘
758,10:08:18,12.46,58579,47,卖盘
759,10:08:21,12.47,799303,641,买盘
760,10:08:30,12.47,92278,74,买盘
761,10:08:33,12.47,12470,10,买盘
762,10:08:36,12.47,48604,39,买盘
763,10:08:39,12.47,374093,300,买盘
764,10:08:42,12.47,220646,177,买盘
765,10:08:45,12.46,86032,69,卖盘
766,10:08:51,12.47,57352,46,买盘
767,10:08:54,12.46,2977594,2388,卖盘
768,10:08:57,12.47,894603,717,买盘
769,10:09:00,12.47,143405,115,卖盘
770,10:09:03,12.48,650177,521,买盘
771,10:09:06,12.48,553337,444,买盘
772,10:09:09,12.47,128437,103,卖盘
773,10:09:12,12.46,853438,684,卖盘
774,10:09:15,12.47,112229,90,买盘
775,10:09:18,12.46,68572,55,卖盘
776,10:09:21,12.47,103501,83,中性盘
777,10:09:24,12.47,108474,87,买盘
778,10:09:27,12.47,98513,79,买盘
779,10:09:30,12.47,123465,99,买盘
780,10:09:33,12.47,51121,41,买盘
781,10:09:36,12.47,36163,29,买盘
782,10:09:39,12.47,351624,282,买盘
783,10:09:42,12.47,107238,86,买盘
784,10:09:45,12.47,2484832,1994,买盘
785,10:09:48,12.47,709507,569,买盘
786,10:09:51,12.47,236930,190,买盘
787,10:09:54,12.47,66091,53,卖盘
788,10:09:57,12.47,33669,27,卖盘
789,10:10:00,12.46,149590,120,卖盘
790,10:10:03,12.47,250501,201,买盘
791,10:10:06,12.47,56071,45,买盘
792,10:10:09,12.46,123354,99,卖盘
793,10:10:12,12.46,127112,102,卖盘
794,10:10:15,12.47,43645,35,买盘
795,10:10:18,12.47,67285,54,买盘
796,10:10:21,12.46,300294,241,卖盘
797,10:10:24,12.47,68569,55,买盘
798,10:10:27,12.47,24935,20,买盘
799,10:10:33,12.46,53578,43,卖盘
800,10:10:39,12.47,4985,4,买盘
801,10:10:42,12.46,64792,52,卖盘
802,10:10:45,12.46,49852,40,卖盘
803,10:10:48,12.46,746932,599,卖盘
804,10:10:51,12.46,48613,39,卖盘
805,10:10:54,12.47,16201,13,买盘
806,10:10:57,12.47,28680,23,买盘
807,10:11:00,12.46,22428,18,卖盘
808,10:11:03,12.46,2087050,1675,卖盘
809,10:11:06,12.47,32406,26,买盘
810,10:11:09,12.46,6230,5,卖盘
811,10:11:12,12.46,213066,171,卖盘
812,10:11:15,12.46,12457,10,买盘
813,10:11:18,12.45,36133,29,卖盘
814,10:11:21,12.45,145680,117,卖盘
815,10:11:24,12.45,108389,87,卖盘
816,10:11:27,12.45,1755316,1410,卖盘
817,10:11:30,12.45,42300,34,买盘
818,10:11:33,12.45,150574,121,买盘
819,10:11:36,12.45,363333,292,买盘
820,10:11:39,12.45,67183,54,买盘
821,10:11:42,12.44,72161,58,卖盘
822,10:11:45,12.44,41067,33,卖盘
823,10:11:48,12.44,161720,130,卖盘
824,10:11:51,12.44,6220,5,卖盘
825,10:11:54,12.44,37320,30,卖盘
826,10:11:57,12.45,75885,61,买盘
827,10:12:00,12.45,39839,32,买盘
828,10:12:03,12.45,80871,65,买盘
829,10:12:06,12.45,37323,30,买盘
830,10:12:09,12.44,32345,26,卖盘
831,10:12:12,12.45,43559,35,买盘
832,10:12:18,12.45,34860,28,买盘
833,10:12:24,12.45,845220,679,买盘
834,10:12:27,12.45,1750337,1407,买盘
835,10:12:30,12.45,48555,39,买盘
836,10:12:33,12.45,16182,13,买盘
837,10:12:36,12.45,34860,28,买盘
838,10:12:39,12.45,645651,519,买盘
839,10:12:42,12.44,197828,159,卖盘
840,10:12:45,12.45,92111,74,买盘
841,10:12:48,12.45,837884,673,买盘
842,10:12:51,12.45,324947,261,买盘
843,10:12:54,12.46,78450,63,买盘
844,10:12:57,12.45,83414,67,卖盘
845,10:13:00,12.45,52290,42,买盘
846,10:13:03,12.45,99599,80,卖盘
847,10:13:06,12.45,332430,267,买盘
848,10:13:09,12.45,173055,139,卖盘
849,10:13:12,12.45,9960,8,卖盘
850,10:13:15,12.46,51060,41,买盘
851,10:13:18,12.45,26145,21,卖盘
852,10:13:21,12.44,263913,212,卖盘
853,10:13:24,12.45,179230,144,买盘
854,10:13:27,12.44,481518,387,卖盘
855,10:13:30,12.44,1244,1,卖盘
856,10:13:33,12.44,57221,46,卖盘
857,10:13:36,12.45,134353,108,买盘
858,10:13:39,12.44,32346,26,卖盘
859,10:13:42,12.44,27368,22,卖盘
860,10:13:45,12.44,78422,63,卖盘
861,10:13:48,12.44,37320,30,卖盘
862,10:13:51,12.44,31100,25,卖盘
863,10:13:54,12.44,67176,54,卖盘
864,10:13:57,12.45,26145,21,买盘
865,10:14:03,12.45,277427,223,买盘
866,10:14:06,12.44,370716,298,卖盘
867,10:14:09,12.44,48516,39,卖盘
868,10:14:12,12.44,187844,151,卖盘
869,10:14:15,12.43,27366,22,卖盘
870,10:14:18,12.44,21132,17,买盘
871,10:14:21,12.44,62200,50,买盘
872,10:14:24,12.43,4974,4,卖盘
873,10:14:27,12.44,21148,17,买盘
874,10:14:33,12.44,18658,15,买盘
875,10:14:36,12.44,92056,74,买盘
876,10:14:39,12.44,95728,77,买盘
877,10:14:42,12.43,2486,2,卖盘
878,10:14:45,12.43,18646,15,卖盘
879,10:14:48,12.43,22384,18,卖盘
880,10:14:51,12.43,12435,10,卖盘
881,10:14:54,12.43,133001,107,卖盘
882,10:14:57,12.43,125548,101,卖盘
883,10:15:00,12.43,43505,35,卖盘
884,10:15:03,12.43,248600,200,卖盘
885,10:15:06,12.43,103171,83,卖盘
886,10:15:09,12.43,359227,289,卖盘
887,10:15:12,12.44,3732,3,买盘
888,10:15:15,12.43,7459,6,卖盘
889,10:15:18,12.44,21148,17,买盘
890,10:15:21,12.43,31079,25,卖盘
891,10:15:24,12.44,207734,167,买盘
892,10:15:27,12.43,27347,22,卖盘
893,10:15:30,12.44,28595,23,买盘
894,10:15:33,12.44,68418,55,买盘
895,10:15:36,12.43,19903,16,卖盘
896,10:15:39,12.44,41020,33,买盘
897,10:15:42,12.43,23617,19,卖盘
898,10:15:48,12.43,60908,49,卖盘
899,10:15:51,12.44,36061,29,买盘
900,10:15:54,12.43,145446,117,卖盘
901,10:15:57,12.44,18660,15,买盘
902,10:16:00,12.44,3732,3,买盘
903,10:16:03,12.43,140459,113,卖盘
904,10:16:06,12.43,36047,29,卖盘
905,10:16:12,12.44,821010,660,买盘
906,10:16:15,12.44,235082,189,买盘
907,10:16:18,12.43,210235,169,卖盘
908,10:16:21,12.44,47272,38,买盘
909,10:16:24,12.44,149277,120,买盘
910,10:16:27,12.43,41032,33,卖盘
911,10:16:30,12.44,113201,91,买盘
912,10:16:33,12.43,177772,143,卖盘
913,10:16:39,12.44,33576,27,买盘
914,10:16:42,12.44,41026,33,买盘
915,10:16:45,12.43,17402,14,卖盘
916,10:16:48,12.43,1243,1,卖盘
917,10:16:51,12.43,21131,17,卖盘
918,10:16:54,12.43,17402,14,卖盘
919,10:16:57,12.44,6220,5,买盘
920,10:17:00,12.44,4975,4,买盘
921,10:17:03,12.43,85788,69,卖盘
922,10:17:06,12.44,93300,75,买盘
923,10:17:09,12.44,105721,85,买盘
924,10:17:12,12.44,962856,774,买盘
925,10:17:15,12.43,724003,582,卖盘
926,10:17:18,12.44,164208,132,买盘
927,10:17:21,12.44,36076,29,卖盘
928,10:17:24,12.44,23636,19,卖盘
929,10:17:27,12.44,14928,12,卖盘
930,10:17:30,12.44,17419,14,卖盘
931,10:17:33,12.44,1244,1,卖盘
932,10:17:36,12.44,13684,11,卖盘
933,10:17:39,12.44,151768,122,卖盘
934,10:17:42,12.44,18660,15,卖盘
935,10:17:45,12.44,54741,44,卖盘
936,10:17:48,12.45,36105,29,买盘
937,10:17:51,12.45,204180,164,买盘
938,10:17:54,12.45,737020,592,买盘
939,10:17:57,12.45,215352,173,买盘
940,10:18:00,12.44,171682,138,卖盘
941,10:18:03,12.43,1803764,1450,卖盘
942,10:18:06,12.43,98210,79,卖盘
943,10:18:09,12.43,70903,57,卖盘
944,10:18:12,12.43,221255,178,卖盘
945,10:18:15,12.43,555642,447,卖盘
946,10:18:18,12.44,182738,147,买盘
947,10:18:21,12.43,55935,45,卖盘
948,10:18:24,12.44,19903,16,买盘
949,10:18:27,12.43,9944,8,卖盘
950,10:18:30,12.44,16171,13,买盘
951,10:18:33,12.44,24862,20,买盘
952,10:18:36,12.43,126786,102,卖盘
953,10:18:39,12.43,22374,18,卖盘
954,10:18:42,12.43,242385,195,卖盘
955,10:18:45,12.43,68365,55,卖盘
956,10:18:48,12.43,128037,103,卖盘
957,10:18:51,12.43,34824,28,卖盘
958,10:18:54,12.43,100683,81,卖盘
959,10:18:57,12.43,67132,54,卖盘
960,10:19:00,12.43,32319,26,卖盘
961,10:19:03,12.44,146744,118,买盘
962,10:19:06,12.44,67156,54,买盘
963,10:19:12,12.43,12430,10,卖盘
964,10:19:15,12.43,1327281,1067,卖盘
965,10:19:18,12.43,17402,14,卖盘
966,10:19:21,12.43,12430,10,卖盘
967,10:19:24,12.44,18660,15,买盘
968,10:19:27,12.43,74620,60,卖盘
969,10:19:30,12.43,47271,38,卖盘
970,10:19:33,12.44,82096,66,买盘
971,10:19:36,12.43,302284,243,卖盘
972,10:19:39,12.44,124393,100,买盘
973,10:19:42,12.43,16159,13,卖盘
974,10:19:45,12.43,50973,41,卖盘
975,10:19:48,12.43,23617,19,卖盘
976,10:19:51,12.44,172903,139,买盘
977,10:19:54,12.44,89558,72,买盘
978,10:19:57,12.44,93275,75,买盘
979,10:20:00,12.43,278632,224,卖盘
980,10:20:03,12.43,31075,25,卖盘
981,10:20:06,12.43,181596,146,卖盘
982,10:20:09,12.43,4972,4,卖盘
983,10:20:12,12.43,62154,50,卖盘
984,10:20:15,12.44,48516,39,买盘
985,10:20:18,12.44,74627,60,买盘
986,10:20:21,12.43,12431,10,卖盘
987,10:20:24,12.44,75867,61,买盘
988,10:20:27,12.43,1252944,1008,卖盘
989,10:20:30,12.43,18659,15,卖盘
990,10:20:33,12.44,68411,55,买盘
991,10:20:36,12.43,29833,24,卖盘
992,10:20:39,12.43,79606,64,卖盘
993,10:20:42,12.44,235023,189,买盘
994,10:20:45,12.43,89496,72,卖盘
995,10:20:48,12.43,79595,64,卖盘
996,10:20:51,12.43,96954,78,卖盘
997,10:20:54,12.44,149280,120,买盘
998,10:20:57,12.43,2517075,2025,卖盘
999,10:21:00,12.43,643368,518,买盘
1000,10:21:03,12.43,65842,53,买盘
1001,10:21:06,12.42,94404,76,卖盘
1002,10:21:09,12.43,19887,16,买盘
1003,10:21:12,12.42,42237,34,卖盘
1004,10:21:15,12.43,6215,5,买盘
1005,10:21:18,12.42,104366,84,卖盘
1006,10:21:21,12.42,67088,54,卖盘
1007,10:21:24,12.43,18645,15,买盘
1008,10:21:27,12.42,165280,133,卖盘
1009,10:21:30,12.42,95634,77,卖盘
1010,10:21:33,12.42,9936,8,卖盘
1011,10:21:36,12.42,28581,23,卖盘
1012,10:21:39,12.42,73278,59,卖盘
1013,10:21:42,12.42,119307,96,卖盘
1014,10:21:45,12.43,89459,72,买盘
1015,10:21:48,12.43,80745,65,买盘
1016,10:21:51,12.42,16146,13,卖盘
1017,10:21:54,12.43,480669,387,买盘
1018,10:21:57,12.43,62130,50,买盘
1019,10:22:00,12.43,52168,42,买盘
1020,10:22:03,12.43,16156,13,买盘
1021,10:22:06,12.42,226059,182,卖盘
1022,10:22:09,12.42,5483430,4415,卖盘
1023,10:22:12,12.42,372600,300,卖盘
1024,10:22:15,12.41,10818017,8716,卖盘
1025,10:22:18,12.41,65767,53,买盘
1026,10:22:21,12.4,143916,116,卖盘
1027,10:22:24,12.41,442768,357,买盘
1028,10:22:27,12.41,2482,2,买盘
1029,10:22:30,12.4,31020,25,卖盘
1030,10:22:33,12.41,32266,26,买盘
1031,10:22:36,12.41,69446,56,买盘
1032,10:22:39,12.4,455446,367,卖盘
1033,10:22:42,12.4,130266,105,卖盘
1034,10:22:45,12.4,119125,96,卖盘
1035,10:22:48,12.41,121575,98,买盘
1036,10:22:51,12.4,1138426,918,卖盘
1037,10:22:54,12.41,79371,64,买盘
1038,10:22:57,12.41,394611,318,买盘
1039,10:23:00,12.41,33487,27,买盘
1040,10:23:03,12.4,40926,33,卖盘
1041,10:23:06,12.41,27302,22,买盘
1042,10:23:09,12.4,186062,150,卖盘
1043,10:23:12,12.41,23575,19,买盘
1044,10:23:15,12.41,73219,59,买盘
1045,10:23:18,12.41,8685,7,买盘
1046,10:23:21,12.4,1375177,1109,卖盘
1047,10:23:24,12.41,902107,727,买盘
1048,10:23:27,12.41,141462,114,买盘
1049,10:23:30,12.41,48382,39,买盘
1050,10:23:33,12.41,31025,25,买盘
1051,10:23:39,12.41,116631,94,买盘
1052,10:23:42,12.41,101759,82,买盘
1053,10:23:45,12.41,206004,166,买盘
1054,10:23:48,12.41,1795617,1447,买盘
1055,10:23:51,12.41,642838,518,买盘
1056,10:23:54,12.41,40953,33,买盘
1057,10:23:57,12.41,380987,307,买盘
1058,10:24:00,12.4,638655,515,卖盘
1059,10:24:03,12.41,269297,217,买盘
1060,10:24:06,12.41,308914,249,买盘
1061,10:24:09,12.41,335084,270,买盘
1062,10:24:12,12.41,213428,172,买盘
1063,10:24:18,12.41,28543,23,买盘
1064,10:24:21,12.41,40942,33,买盘
1065,10:24:24,12.41,48391,39,买盘
1066,10:24:27,12.41,50871,41,买盘
1067,10:24:30,12.41,127822,103,买盘
1068,10:24:33,12.41,189872,153,买盘
1069,10:24:36,12.41,208519,168,买盘
1070,10:24:39,12.41,141489,114,买盘
1071,10:24:45,12.41,121617,98,买盘
1072,10:24:48,12.41,111667,90,买盘
1073,10:24:51,12.41,122858,99,买盘
1074,10:24:54,12.41,490195,395,买盘
1075,10:24:57,12.41,127823,103,买盘
1076,10:25:00,12.41,88105,71,买盘
1077,10:25:03,12.41,4989874,4024,买盘
1078,10:25:06,12.41,21097,17,买盘
1079,10:25:09,12.4,231881,187,卖盘
1080,10:25:12,12.41,218416,176,买盘
1081,10:25:15,12.41,27302,22,买盘
1082,10:25:18,12.4,24801,20,卖盘
1083,10:25:21,12.41,69496,56,买盘
1084,10:25:24,12.41,89315,72,买盘
1085,10:25:27,12.4,38460,31,卖盘
1086,10:25:30,12.41,8687,7,买盘
1087,10:25:33,12.41,1857557,1498,买盘
1088,10:25:36,12.41,26060,21,买盘
1089,10:25:39,12.4,207106,167,卖盘
1090,10:25:42,12.4,228160,184,卖盘
1091,10:25:45,12.41,136433,110,买盘
1092,10:25:48,12.4,3720,3,卖盘
1093,10:25:51,12.4,16129,13,卖盘
1094,10:25:57,12.4,78147,63,卖盘
1095,10:26:00,12.4,4454101,3592,卖盘
1096,10:26:03,12.39,12215792,9852,卖盘
1097,10:26:06,12.39,101605,82,卖盘
1098,10:26:09,12.39,855065,690,卖盘
1099,10:26:12,12.39,64433,52,卖盘
1100,10:26:15,12.4,48336,39,买盘
1101,10:26:18,12.39,21063,17,卖盘
1102,10:26:21,12.39,187101,151,卖盘
1103,10:26:24,12.4,1387451,1119,买盘
1104,10:26:27,12.4,638121,515,买盘
1105,10:26:30,12.39,43390,35,卖盘
1106,10:26:33,12.4,309875,250,买盘
1107,10:26:36,12.4,18600,15,买盘
1108,10:26:39,12.4,166059,134,买盘
1109,10:26:42,12.39,7021428,5668,卖盘
1110,10:26:45,12.38,210559,170,卖盘
1111,10:26:48,12.39,99122,80,买盘
1112,10:26:51,12.4,154880,125,买盘
1113,10:26:54,12.38,1151397,930,卖盘
1114,10:26:57,12.39,109032,88,买盘
1115,10:27:00,12.39,229195,185,买盘
1116,10:27:03,12.39,344425,278,买盘
1117,10:27:06,12.38,548744,443,卖盘
1118,10:27:09,12.39,294882,238,买盘
1119,10:27:12,12.38,48292,39,卖盘
1120,10:27:15,12.39,1239,1,买盘
1121,10:27:18,12.39,220423,178,买盘
1122,10:27:21,12.39,12390,10,买盘
1123,10:27:24,12.39,64396,52,买盘
1124,10:27:27,12.38,89146,72,卖盘
1125,10:27:30,12.38,78014,63,卖盘
1126,10:27:33,12.38,513970,415,卖盘
1127,10:27:36,12.39,107756,87,买盘
1128,10:27:39,12.38,371400,300,卖盘
1129,10:27:42,12.39,792960,640,买盘
1130,10:27:45,12.39,91671,74,买盘
1131,10:27:48,12.39,132526,107,买盘
1132,10:27:51,12.39,605735,489,买盘
1133,10:27:54,12.39,24770,20,买盘
1134,10:27:57,12.39,45842,37,买盘
1135,10:28:00,12.39,260190,210,买盘
1136,10:28:03,12.39,123896,100,买盘
1137,10:28:06,12.39,307272,248,买盘
1138,10:28:09,12.38,329408,266,卖盘
1139,10:28:12,12.38,23532,19,卖盘
1140,10:28:15,12.39,92925,75,买盘
1141,10:28:18,12.39,76808,62,买盘
1142,10:28:21,12.39,1014737,819,买盘
1143,10:28:24,12.39,415040,335,买盘
1144,10:28:27,12.39,309740,250,买盘
1145,10:28:30,12.39,96641,78,买盘
1146,10:28:33,12.39,80526,65,买盘
1147,10:28:36,12.39,247759,200,买盘
1148,10:28:39,12.39,80530,65,买盘
1149,10:28:42,12.38,106545,86,卖盘
1150,10:28:45,12.39,738433,596,买盘
1151,10:28:48,12.38,356782,288,卖盘
1152,10:28:51,12.39,147436,119,买盘
1153,10:28:54,12.39,447270,361,卖盘
1154,10:28:57,12.39,70623,57,卖盘
1155,10:29:00,12.39,156223,126,卖盘
1156,10:29:03,12.39,199517,161,卖盘
1157,10:29:06,12.39,34692,28,买盘
1158,10:29:09,12.39,130150,105,卖盘
1159,10:29:12,12.39,21063,17,卖盘
1160,10:29:15,12.4,80576,65,买盘
1161,10:29:18,12.4,117724,95,买盘
1162,10:29:21,12.4,7440,6,买盘
1163,10:29:24,12.39,61951,50,卖盘
1164,10:29:27,12.39,50804,41,卖盘
1165,10:29:30,12.39,8675,7,卖盘
1166,10:29:33,12.39,8673,7,卖盘
1167,10:29:36,12.39,53278,43,卖盘
1168,10:29:39,12.39,59472,48,卖盘
1169,10:29:42,12.4,255372,206,买盘
1170,10:29:45,12.39,937933,757,卖盘
1171,10:29:48,12.39,29736,24,卖盘
1172,10:29:51,12.39,40887,33,卖盘
1173,10:29:54,12.39,284953,230,卖盘
1174,10:29:57,12.39,127585,103,买盘
1175,10:30:00,12.39,69368,56,买盘
1176,10:30:03,12.39,198184,160,买盘
1177,10:30:06,12.39,175921,142,买盘
1178,10:30:09,12.39,18585,15,卖盘
1179,10:30:12,12.39,115227,93,卖盘
1180,10:30:15,12.39,211869,171,卖盘
1181,10:30:18,12.4,65680,53,买盘
1182,10:30:21,12.4,7440,6,买盘
1183,10:30:24,12.4,80550,65,买盘
1184,10:30:33,12.39,39654,32,卖盘
1185,10:30:36,12.4,42131,34,买盘
1186,10:30:39,12.39,48326,39,卖盘
1187,10:30:42,12.39,117705,95,卖盘
1188,10:30:45,12.39,57029,46,卖盘
1189,10:30:48,12.39,291190,235,卖盘
1190,10:30:51,12.4,117715,95,买盘
1191,10:30:54,12.39,76818,62,卖盘
1192,10:30:57,12.39,99143,80,卖盘
1193,10:31:00,12.4,49585,40,买盘
1194,10:31:03,12.39,135069,109,卖盘
1195,10:31:06,12.39,57009,46,卖盘
1196,10:31:09,12.39,127617,103,卖盘
1197,10:31:12,12.39,2699781,2179,卖盘
1198,10:31:15,12.39,56993,46,买盘
1199,10:31:18,12.39,24780,20,买盘
1200,10:31:21,12.38,267516,216,卖盘
1201,10:31:24,12.38,60677,49,卖盘
1202,10:31:27,12.38,60687,49,卖盘
1203,10:31:30,12.38,279818,226,卖盘
1204,10:31:33,12.39,120183,97,买盘
1205,10:31:36,12.39,71826,58,买盘
1206,10:31:39,12.38,50788,41,卖盘
1207,10:31:42,12.38,50779,41,卖盘
1208,10:31:45,12.39,302096,244,买盘
1209,10:31:48,12.38,22284,18,卖盘
1210,10:31:51,12.38,10316026,8333,卖盘
1211,10:31:54,12.37,381135,308,卖盘
1212,10:31:57,12.38,223991,181,买盘
1213,10:32:00,12.38,38359,31,买盘
1214,10:32:03,12.38,29695,24,买盘
1215,10:32:06,12.37,237529,192,卖盘
1216,10:32:09,12.37,58139,47,卖盘
1217,10:32:12,12.37,111330,90,卖盘
1218,10:32:15,12.37,6233243,5039,卖盘
1219,10:32:18,12.36,422719,342,卖盘
1220,10:32:21,12.37,473758,383,买盘
1221,10:32:24,12.37,372232,301,买盘
1222,10:32:27,12.37,50704,41,买盘
1223,10:32:30,12.37,3339894,2700,买盘
1224,10:32:33,12.37,84116,68,卖盘
1225,10:32:36,12.37,96486,78,卖盘
1226,10:32:42,12.37,61850,50,卖盘
1227,10:32:45,12.38,691497,559,买盘
1228,10:32:48,12.38,60628,49,买盘
1229,10:32:51,12.37,14844,12,卖盘
1230,10:32:54,12.37,18555,15,卖盘
1231,10:32:57,12.37,232556,188,卖盘
1232,10:33:03,12.38,306834,248,买盘
1233,10:33:06,12.37,513662,415,卖盘
1234,10:33:09,12.37,316899,256,卖盘
1235,10:33:12,12.38,113877,92,买盘
1236,10:33:15,12.38,103909,84,买盘
1237,10:33:18,12.37,65562,53,卖盘
1238,10:33:21,12.37,127417,103,卖盘
1239,10:33:24,12.38,1074956,869,买盘
1240,10:33:27,12.38,147229,119,买盘
1241,10:33:30,12.37,201696,163,卖盘
1242,10:33:33,12.37,827553,669,卖盘
1243,10:33:36,12.37,235035,190,卖盘
1244,10:33:39,12.37,247400,200,卖盘
1245,10:33:42,12.37,58146,47,卖盘
1246,10:33:45,12.37,92775,75,卖盘
1247,10:33:48,12.37,12371,10,卖盘
1248,10:33:51,12.37,22266,18,卖盘
1249,10:33:54,12.38,128749,104,买盘
1250,10:33:57,12.38,1169080,945,买盘
1251,10:34:00,12.37,745911,603,卖盘
1252,10:34:03,12.38,29692,24,买盘
1253,10:34:06,12.37,87859,71,卖盘
1254,10:34:09,12.38,24750,20,买盘
1255,10:34:12,12.38,19794,16,买盘
1256,10:34:15,12.37,199281,161,卖盘
1257,10:34:18,12.37,35882,29,卖盘
1258,10:34:21,12.38,44568,36,买盘
1259,10:34:24,12.37,757061,612,卖盘
1260,10:34:27,12.37,21029,17,卖盘
1261,10:34:33,12.38,173258,140,买盘
1262,10:34:36,12.37,4376739,3538,卖盘
1263,10:34:39,12.38,1159079,937,买盘
1264,10:34:42,12.37,32162,26,卖盘
1265,10:34:45,12.36,291927,236,卖盘
1266,10:34:48,12.36,262233,212,卖盘
1267,10:34:51,12.37,164521,133,买盘
1268,10:34:54,12.37,118735,96,买盘
1269,10:34:57,12.37,113739,92,买盘
1270,10:35:00,12.37,1272844,1029,买盘
1271,10:35:03,12.37,1078478,872,买盘
1272,10:35:06,12.37,638288,516,买盘
1273,10:35:09,12.36,96426,78,卖盘
1274,10:35:12,12.36,182979,148,卖盘
1275,10:35:15,12.37,127411,103,买盘
1276,10:35:18,12.36,1312427,1061,卖盘
1277,10:35:21,12.37,213979,173,买盘
1278,10:35:24,12.37,92772,75,买盘
1279,10:35:27,12.37,478689,387,买盘
1280,10:35:30,12.37,29677,24,买盘
1281,10:35:33,12.36,30914,25,卖盘
1282,10:35:36,12.37,1521492,1230,买盘
1283,10:35:39,12.37,2482656,2007,买盘
1284,10:35:42,12.37,76694,62,卖盘
1285,10:35:45,12.37,128648,104,卖盘
1286,10:35:48,12.37,122463,99,卖盘
1287,10:35:51,12.37,25997,21,卖盘
1288,10:35:54,12.37,214170,173,卖盘
1289,10:35:57,12.37,45771,37,卖盘
1290,10:36:00,12.37,38362,31,卖盘
1291,10:36:03,12.37,426798,345,卖盘
1292,10:36:06,12.38,34660,28,买盘
1293,10:36:09,12.37,17320,14,卖盘
1294,10:36:12,12.38,1238,1,买盘
1295,10:36:15,12.38,194338,157,买盘
1296,10:36:18,12.38,13618,11,买盘
1297,10:36:21,12.38,126265,102,买盘
1298,10:36:24,12.38,274808,222,买盘
1299,10:36:27,12.37,225315,182,卖盘
1300,10:36:30,12.38,378828,306,买盘
1301,10:36:33,12.38,45811,37,卖盘
1302,10:36:36,12.38,26013,21,卖盘
1303,10:36:39,12.39,22299,18,买盘
1304,10:36:45,12.38,22284,18,卖盘
1305,10:36:48,12.38,159703,129,卖盘
1306,10:36:51,12.38,127525,103,卖盘
1307,10:36:54,12.39,35914,29,买盘
1308,10:36:57,12.38,14866,12,卖盘
1309,10:37:00,12.39,9912,8,买盘
1310,10:37:03,12.38,58209,47,卖盘
1311,10:37:06,12.39,26002,21,买盘
1312,10:37:09,12.38,29719,24,卖盘
1313,10:37:12,12.39,1239,1,买盘
1314,10:37:15,12.39,172220,139,买盘
1315,10:37:18,12.39,19823,16,买盘
1316,10:37:21,12.38,102774,83,卖盘
1317,10:37:24,12.38,43334,35,卖盘
1318,10:37:27,12.39,12390,10,买盘
1319,10:37:30,12.38,13618,11,卖盘
1320,10:37:33,12.38,1282331,1035,卖盘
1321,10:37:36,12.38,21046,17,卖盘
1322,10:37:39,12.38,116379,94,卖盘
1323,10:37:42,12.38,3714,3,卖盘
1324,10:37:45,12.39,17342,14,买盘
1325,10:37:48,12.39,39636,32,买盘
1326,10:37:51,12.39,64428,52,买盘
1327,10:37:54,12.38,111420,90,卖盘
1328,10:37:57,12.38,23524,19,卖盘
1329,10:38:00,12.38,39617,32,卖盘
1330,10:38:03,12.38,40872,33,卖盘
1331,10:38:06,12.39,69351,56,买盘
1332,10:38:09,12.38,34664,28,卖盘
1333,10:38:12,12.38,2476,2,卖盘
1334,10:38:18,12.39,29736,24,买盘
1335,10:38:21,12.38,327046,264,卖盘
1336,10:38:24,12.38,123800,100,卖盘
1337,10:38:27,12.38,30951,25,卖盘
1338,10:38:30,12.39,245319,198,买盘
1339,10:38:33,12.39,329328,266,买盘
1340,10:38:36,12.39,4955,4,买盘
1341,10:38:39,12.38,325594,263,卖盘
1342,10:38:42,12.38,198217,160,卖盘
1343,10:38:45,12.38,54472,44,卖盘
1344,10:38:48,12.38,14856,12,卖盘
1345,10:38:51,12.38,26018,21,卖盘
1346,10:38:54,12.39,82973,67,买盘
1347,10:38:57,12.38,12380,10,卖盘
1348,10:39:00,12.38,85427,69,卖盘
1349,10:39:03,12.38,575735,465,卖盘
1350,10:39:06,12.38,851749,688,卖盘
1351,10:39:09,12.38,84184,68,卖盘
1352,10:39:12,12.38,21046,17,卖盘
1353,10:39:15,12.38,178272,144,卖盘
1354,10:39:18,12.39,112740,91,买盘
1355,10:39:21,12.38,79232,64,卖盘
1356,10:39:24,12.39,232754,188,买盘
1357,10:39:30,12.38,12380,10,卖盘
1358,10:39:33,12.38,206746,167,卖盘
1359,10:39:36,12.39,69384,56,买盘
1360,10:39:39,12.38,164654,133,卖盘
1361,10:39:42,12.38,64376,52,卖盘
1362,10:39:51,12.38,128752,104,卖盘
1363,10:39:57,12.38,50759,41,卖盘
1364,10:40:03,12.39,17345,14,买盘
1365,10:40:06,12.38,123800,100,卖盘
1366,10:40:09,12.38,47044,38,卖盘
1367,10:40:12,12.38,121324,98,卖盘
1368,10:40:15,12.39,35904,29,买盘
1369,10:40:18,12.38,214733,173,卖盘
1370,10:40:21,12.38,17333,14,卖盘
1371,10:40:24,12.38,1311042,1059,卖盘
1372,10:40:27,12.38,102757,83,卖盘
1373,10:40:30,12.38,23530,19,卖盘
1374,10:40:33,12.38,1194670,965,卖盘
1375,10:40:36,12.38,553397,447,卖盘
1376,10:40:39,12.39,42103,34,买盘
1377,10:40:42,12.39,48292,39,买盘
1378,10:40:45,12.39,7430,6,买盘
1379,10:40:51,12.38,142375,115,卖盘
1380,10:40:54,12.38,164654,133,卖盘
1381,10:40:57,12.38,705671,570,卖盘
1382,10:41:00,12.37,206320,167,卖盘
1383,10:41:03,12.38,263691,213,买盘
1384,10:41:06,12.38,564528,456,买盘
1385,10:41:09,12.37,16084,13,卖盘
1386,10:41:12,12.37,70509,57,卖盘
1387,10:41:15,12.38,136180,110,买盘
1388,10:41:18,12.38,69328,56,买盘
1389,10:41:21,12.37,117589,95,卖盘
1390,10:41:24,12.38,120086,97,买盘
1391,10:41:27,12.38,269884,218,买盘
1392,10:41:30,12.38,163403,132,买盘
1393,10:41:33,12.37,238889,193,卖盘
1394,10:41:36,12.38,5092775,4117,买盘
1395,10:41:39,12.37,2585334,2090,卖盘
1396,10:41:42,12.38,609891,493,买盘
1397,10:41:45,12.37,596234,482,卖盘
1398,10:41:48,12.37,134833,109,卖盘
1399,10:41:51,12.37,195472,158,卖盘
1400,10:41:54,12.38,82885,67,买盘
1401,10:41:57,12.37,679085,549,卖盘
1402,10:42:00,12.37,260888,211,卖盘
1403,10:42:03,12.37,327663,265,买盘
1404,10:42:06,12.37,284439,230,买盘
1405,10:42:09,12.37,881905,713,买盘
1406,10:42:12,12.36,207650,168,卖盘
1407,10:42:15,12.37,116207,94,买盘
1408,10:42:18,12.36,2373315,1920,卖盘
1409,10:42:21,12.36,730976,591,卖盘
1410,10:42:24,12.37,722282,584,买盘
1411,10:42:27,12.38,185562,150,买盘
1412,10:42:30,12.37,84116,68,卖盘
1413,10:42:33,12.37,11133,9,卖盘
1414,10:42:36,12.38,126233,102,买盘
1415,10:42:39,12.37,134833,109,卖盘
1416,10:42:42,12.38,51969,42,买盘
1417,10:42:45,12.37,68035,55,卖盘
1418,10:42:48,12.37,38360,31,卖盘
1419,10:42:51,12.37,113804,92,卖盘
1420,10:42:54,12.38,818926,662,买盘
1421,10:42:57,12.37,285747,231,卖盘
1422,10:43:00,12.38,92790,75,买盘
1423,10:43:03,12.37,8660,7,卖盘
1424,10:43:06,12.37,55665,45,卖盘
1425,10:43:09,12.37,13607,11,卖盘
1426,10:43:12,12.37,61850,50,卖盘
1427,10:43:15,12.37,87827,71,卖盘
1428,10:43:18,12.37,77945,63,卖盘
1429,10:43:21,12.38,44536,36,买盘
1430,10:43:24,12.37,29698,24,卖盘
1431,10:43:27,12.37,35873,29,卖盘
1432,10:43:30,12.37,53191,43,卖盘
1433,10:43:33,12.37,8659,7,卖盘
1434,10:43:36,12.38,61880,50,买盘
1435,10:43:39,12.38,30937,25,买盘
1436,10:43:45,12.38,30950,25,买盘
1437,10:43:48,12.38,18560,15,买盘
1438,10:43:51,12.37,28461,23,卖盘
1439,10:43:54,12.37,152203,123,卖盘
1440,10:43:57,12.38,207954,168,买盘
1441,10:44:00,12.37,340339,275,卖盘
1442,10:44:03,12.38,331674,268,买盘
1443,10:44:06,12.37,110121,89,卖盘
1444,10:44:09,12.38,147310,119,买盘
1445,10:44:12,12.38,184343,149,买盘
1446,10:44:15,12.38,181955,147,买盘
1447,10:44:18,12.37,113832,92,卖盘
1448,10:44:21,12.37,204140,165,卖盘
1449,10:44:24,12.38,181885,147,买盘
1450,10:44:27,12.37,72983,59,卖盘
1451,10:44:30,12.37,12370,10,卖盘
1452,10:44:33,12.37,8659,7,卖盘
1453,10:44:36,12.38,245031,198,买盘
1454,10:44:39,12.37,102671,83,卖盘
1455,10:44:42,12.37,256059,207,卖盘
1456,10:44:45,12.38,112574,91,买盘
1457,10:44:48,12.38,1254081,1013,买盘
1458,10:44:51,12.38,851432,688,买盘
1459,10:44:54,12.38,339040,274,买盘
1460,10:44:57,12.38,254957,206,买盘
1461,10:45:00,12.38,124970,101,买盘
1462,10:45:03,12.38,1327119,1072,买盘
1463,10:45:06,12.37,491270,397,卖盘
1464,10:45:09,12.37,150925,122,卖盘
1465,10:45:12,12.37,251151,203,卖盘
1466,10:45:15,12.37,97723,79,卖盘
1467,10:45:18,12.38,76704,62,买盘
1468,10:45:21,12.37,33399,27,卖盘
1469,10:45:24,12.37,68035,55,卖盘
1470,10:45:27,12.37,53191,43,卖盘
1471,10:45:30,12.37,362710,293,卖盘
1472,10:45:33,12.38,217717,176,买盘
1473,10:45:36,12.38,145987,118,买盘
1474,10:45:39,12.38,224034,181,买盘
1475,10:45:42,12.37,113804,92,卖盘
1476,10:45:45,12.38,226494,183,买盘
1477,10:45:48,12.38,60618,49,买盘
1478,10:45:51,12.38,6190,5,买盘
1479,10:45:54,12.38,97728,79,买盘
1480,10:45:57,12.37,28451,23,卖盘
1481,10:46:00,12.38,34637,28,买盘
1482,10:46:03,12.37,33419,27,卖盘
1483,10:46:06,12.38,283497,229,买盘
1484,10:46:09,12.37,168262,136,卖盘
1485,10:46:12,12.37,154698,125,卖盘
1486,10:46:15,12.37,54433,44,卖盘
1487,10:46:18,12.38,18557,15,买盘
1488,10:46:21,12.38,24760,20,买盘
1489,10:46:24,12.37,84116,68,卖盘
1490,10:46:27,12.37,18555,15,卖盘
1491,10:46:30,12.37,12370,10,卖盘
1492,10:46:33,12.37,43308,35,卖盘
1493,10:46:36,12.37,582627,471,卖盘
1494,10:46:39,12.38,294527,238,买盘
1495,10:46:42,12.37,188024,152,卖盘
1496,10:46:45,12.38,347661,281,买盘
1497,10:46:48,12.38,232575,188,买盘
1498,10:46:51,12.38,190503,154,买盘
1499,10:46:54,12.37,65562,53,卖盘
1500,10:46:57,12.38,174549,141,买盘
1501,10:47:00,12.37,108856,88,卖盘
1502,10:47:03,12.38,43306,35,买盘
1503,10:47:06,12.37,7422,6,卖盘
1504,10:47:09,12.38,14856,12,买盘
1505,10:47:12,12.37,150914,122,卖盘
1506,10:47:15,12.38,365176,295,买盘
1507,10:47:18,12.38,231341,187,买盘
1508,10:47:21,12.38,60619,49,买盘
1509,10:47:24,12.38,34659,28,买盘
1510,10:47:27,12.38,1247898,1008,买盘
1511,10:47:30,12.38,268441,217,买盘
1512,10:47:33,12.38,507515,410,买盘
1513,10:47:36,12.38,638716,516,买盘
1514,10:47:39,12.37,142255,115,卖盘
1515,10:47:42,12.38,7427,6,买盘
1516,10:47:45,12.38,357769,289,买盘
1517,10:47:48,12.38,453021,366,买盘
1518,10:47:51,12.38,193054,156,买盘
1519,10:47:54,12.38,34643,28,买盘
1520,10:47:57,12.38,1334747,1079,买盘
1521,10:48:00,12.38,303082,245,买盘
1522,10:48:03,12.38,123736,100,买盘
1523,10:48:06,12.38,450454,364,买盘
1524,10:48:09,12.37,133613,108,卖盘
1525,10:48:12,12.38,14846,12,买盘
1526,10:48:15,12.38,13609,11,买盘
1527,10:48:18,12.38,259979,210,买盘
1528,10:48:21,12.37,133648,108,卖盘
1529,10:48:24,12.37,45792,37,卖盘
1530,10:48:27,12.38,276068,223,买盘
1531,10:48:30,12.38,117555,95,买盘
1532,10:48:33,12.38,28463,23,买盘
1533,10:48:36,12.38,32188,26,买盘
1534,10:48:39,12.37,122488,99,卖盘
1535,10:48:42,12.38,181954,147,买盘
1536,10:48:45,12.38,143576,116,买盘
1537,10:48:48,12.38,49498,40,买盘
1538,10:48:51,12.38,204133,165,买盘
1539,10:48:54,12.38,170797,138,买盘
1540,10:48:57,12.38,141134,114,卖盘
1541,10:49:00,12.39,300836,243,买盘
1542,10:49:03,12.38,85422,69,卖盘
1543,10:49:06,12.38,12380,10,卖盘
1544,10:49:09,12.38,28474,23,卖盘
1545,10:49:12,12.38,25999,21,卖盘
1546,10:49:15,12.38,40854,33,卖盘
1547,10:49:18,12.38,68090,55,卖盘
1548,10:49:21,12.39,345416,279,买盘
1549,10:49:24,12.38,111430,90,卖盘
1550,10:49:27,12.38,12384,10,卖盘
1551,10:49:30,12.39,9908,8,买盘
1552,10:49:33,12.38,438593,354,卖盘
1553,10:49:36,12.38,319508,258,卖盘
1554,10:49:39,12.38,113896,92,卖盘
1555,10:49:42,12.38,32200,26,卖盘
1556,10:49:45,12.39,14865,12,买盘
1557,10:49:48,12.39,94101,76,买盘
1558,10:49:51,12.38,48303,39,卖盘
1559,10:49:54,12.38,2229632,1801,卖盘
1560,10:49:57,12.38,596349,482,买盘
1561,10:50:00,12.38,184338,149,买盘
1562,10:50:03,12.38,193120,156,买盘
1563,10:50:06,12.39,76761,62,买盘
1564,10:50:09,12.37,205458,166,卖盘
1565,10:50:12,12.38,87846,71,买盘
1566,10:50:15,12.38,39608,32,买盘
1567,10:50:18,12.38,207976,168,买盘
1568,10:50:21,12.38,55710,45,买盘
1569,10:50:24,12.38,24760,20,卖盘
1570,10:50:27,12.38,12384,10,卖盘
1571,10:50:30,12.39,53238,43,买盘
1572,10:50:33,12.38,14856,12,卖盘
1573,10:50:36,12.39,16107,13,买盘
1574,10:50:42,12.39,257584,208,买盘
1575,10:50:45,12.38,113896,92,卖盘
1576,10:50:48,12.38,16094,13,卖盘
1577,10:50:51,12.38,37140,30,卖盘
1578,10:50:54,12.38,11142,9,卖盘
1579,10:50:57,12.39,47046,38,买盘
1580,10:51:00,12.39,18575,15,买盘
1581,10:51:03,12.39,77996,63,买盘
1582,10:51:06,12.38,21046,17,卖盘
1583,10:51:09,12.38,990450,800,卖盘
1584,10:51:12,12.38,316961,256,卖盘
1585,10:51:15,12.39,306020,247,买盘
1586,10:51:18,12.38,92850,75,卖盘
1587,10:51:27,12.39,87969,71,买盘
1588,10:51:30,12.38,71806,58,卖盘
1589,10:51:33,12.38,32189,26,卖盘
1590,10:51:36,12.39,158591,128,买盘
1591,10:51:39,12.39,70586,57,买盘
1592,10:51:42,12.39,39642,32,买盘
1593,10:51:45,12.39,59465,48,买盘
1594,10:51:48,12.39,21050,17,买盘
1595,10:51:54,12.39,4956,4,买盘
1596,10:51:57,12.39,14868,12,买盘
1597,10:52:00,12.38,7428,6,卖盘
1598,10:52:03,12.38,185700,150,卖盘
1599,10:52:06,12.39,875932,707,买盘
1600,10:52:09,12.39,224087,181,买盘
1601,10:52:12,12.38,65614,53,卖盘
1602,10:52:15,12.39,1204778,973,买盘
1603,10:52:18,12.39,377648,305,买盘
1604,10:52:21,12.38,107774,87,卖盘
1605,10:52:24,12.38,22284,18,卖盘
1606,10:52:27,12.38,12380,10,卖盘
1607,10:52:30,12.38,43330,35,卖盘
1608,10:52:33,12.39,28485,23,买盘
1609,10:52:36,12.39,284970,230,买盘
1610,10:52:39,12.38,77995,63,卖盘
1611,10:52:42,12.39,2478,2,买盘
1612,10:52:45,12.38,102793,83,卖盘
1613,10:52:48,12.38,37140,30,卖盘
1614,10:52:51,12.39,66869,54,买盘
1615,10:52:54,12.38,45808,37,卖盘
1616,10:52:57,12.39,115207,93,买盘
1617,10:53:00,12.38,49520,40,卖盘
1618,10:53:03,12.38,148560,120,卖盘
1619,10:53:06,12.38,42092,34,卖盘
1620,10:53:09,12.38,21046,17,卖盘
1621,10:53:12,12.39,78021,63,买盘
1622,10:53:15,12.39,27243,22,买盘
1623,10:53:18,12.38,116372,94,卖盘
1624,10:53:21,12.38,367918,297,卖盘
1625,10:53:24,12.39,252654,204,买盘
1626,10:53:27,12.39,69348,56,买盘
1627,10:53:30,12.38,21058,17,卖盘
1628,10:53:33,12.38,52036,42,卖盘
1629,10:53:36,12.39,29722,24,买盘
1630,10:53:39,12.38,26018,21,卖盘
1631,10:53:42,12.39,193129,156,买盘
1632,10:53:45,12.38,69328,56,卖盘
1633,10:53:48,12.38,95372,77,卖盘
1634,10:53:51,12.38,81713,66,卖盘
1635,10:53:54,12.38,16094,13,卖盘
1636,10:53:57,12.39,12390,10,买盘
1637,10:54:00,12.39,359272,290,买盘
1638,10:54:03,12.39,157259,127,买盘
1639,10:54:06,12.39,48308,39,买盘
1640,10:54:09,12.38,117628,95,卖盘
1641,10:54:12,12.38,39616,32,卖盘
1642,10:54:15,12.39,238967,193,买盘
1643,10:54:18,12.38,90376,73,卖盘
1644,10:54:21,12.39,352909,285,买盘
1645,10:54:24,12.39,94092,76,买盘
1646,10:54:27,12.39,21063,17,买盘
1647,10:54:30,12.38,7428,6,卖盘
1648,10:54:33,12.39,92901,75,买盘
1649,10:54:36,12.39,55736,45,买盘
1650,10:54:39,12.38,92912,75,卖盘
1651,10:54:42,12.38,432387,349,卖盘
1652,10:54:45,12.38,106468,86,卖盘
1653,10:54:48,12.38,23522,19,卖盘
1654,10:54:51,12.38,24760,20,卖盘
1655,10:54:54,12.39,89208,72,买盘
1656,10:54:57,12.38,37147,30,卖盘
1657,10:55:00,12.39,23541,19,买盘
1658,10:55:03,12.39,198232,160,买盘
1659,10:55:06,12.39,60672,49,买盘
1660,10:55:09,12.39,45843,37,买盘
1661,10:55:12,12.38,30958,25,卖盘
1662,10:55:15,12.38,44568,36,卖盘
1663,10:55:18,12.38,142370,115,卖盘
1664,10:55:21,12.39,136254,110,买盘
1665,10:55:24,12.38,32188,26,卖盘
1666,10:55:27,12.38,460905,372,卖盘
1667,10:55:30,12.38,129999,105,卖盘
1668,10:55:33,12.39,166026,134,买盘
1669,10:55:36,12.38,100307,81,卖盘
1670,10:55:39,12.39,53266,43,买盘
1671,10:55:42,12.39,34683,28,买盘
1672,10:55:48,12.39,54493,44,买盘
1673,10:55:51,12.39,60695,49,买盘
1674,10:55:54,12.38,437356,353,卖盘
1675,10:55:57,12.38,120094,97,卖盘
1676,10:56:00,12.39,107776,87,买盘
1677,10:56:03,12.39,175913,142,买盘
1678,10:56:06,12.38,37140,30,卖盘
1679,10:56:09,12.39,68095,55,买盘
1680,10:56:12,12.39,118926,96,买盘
1681,10:56:15,12.38,539788,436,卖盘
1682,10:56:18,12.38,132466,107,卖盘
1683,10:56:21,12.38,3709130,2996,卖盘
1684,10:56:24,12.38,1289373,1042,卖盘
1685,10:56:27,12.38,1203751,973,卖盘
1686,10:56:30,12.38,293224,237,买盘
1687,10:56:33,12.38,263679,213,买盘
1688,10:56:36,12.38,141132,114,买盘
1689,10:56:39,12.39,146118,118,买盘
1690,10:56:42,12.38,121396,98,卖盘
1691,10:56:45,12.38,23522,19,卖盘
1692,10:56:48,12.39,410109,331,买盘
1693,10:56:51,12.38,108944,88,卖盘
1694,10:56:54,12.39,146121,118,买盘
1695,10:56:57,12.38,48282,39,卖盘
1696,10:57:00,12.39,493027,398,买盘
1697,10:57:03,12.38,231567,187,卖盘
1698,10:57:06,12.39,61919,50,买盘
1699,10:57:09,12.38,66852,54,卖盘
1700,10:57:12,12.39,551330,445,买盘
1701,10:57:15,12.39,239004,193,买盘
1702,10:57:18,12.39,123878,100,买盘
1703,10:57:21,12.38,144899,117,卖盘
1704,10:57:24,12.39,153598,124,买盘
1705,10:57:27,12.39,58203,47,买盘
1706,10:57:30,12.38,6190,5,卖盘
1707,10:57:33,12.39,18585,15,买盘
1708,10:57:36,12.39,423738,342,买盘
1709,10:57:39,12.38,324526,262,卖盘
1710,10:57:42,12.38,96605,78,卖盘
1711,10:57:45,12.39,126369,102,买盘
1712,10:57:48,12.38,116444,94,卖盘
1713,10:57:51,12.38,53259,43,卖盘
1714,10:57:54,12.38,73092,59,卖盘
1715,10:57:57,12.38,153512,124,卖盘
1716,10:58:00,12.38,69348,56,卖盘
1717,10:58:03,12.39,151143,122,买盘
1718,10:58:06,12.38,37140,30,卖盘
1719,10:58:09,12.39,1093368,883,买盘
1720,10:58:12,12.38,281026,227,卖盘
1721,10:58:15,12.39,153619,124,买盘
1722,10:58:18,12.38,242752,196,卖盘
1723,10:58:21,12.38,90395,73,卖盘
1724,10:58:24,12.39,113962,92,买盘
1725,10:58:27,12.38,28474,23,卖盘
1726,10:58:30,12.38,106481,86,卖盘
1727,10:58:33,12.39,96612,78,买盘
1728,10:58:36,12.38,18570,15,卖盘
1729,10:58:39,12.38,50758,41,卖盘
1730,10:58:42,12.38,1573498,1271,卖盘
1731,10:58:45,12.38,1761690,1423,卖盘
1732,10:58:48,12.38,362446,293,买盘
1733,10:58:51,12.38,32186,26,买盘
1734,10:58:54,12.38,324307,262,买盘
1735,10:58:57,12.37,80405,65,卖盘
1736,10:59:00,12.37,148440,120,卖盘
1737,10:59:03,12.37,54438,44,卖盘
1738,10:59:06,12.38,68088,55,买盘
1739,10:59:09,12.37,54428,44,卖盘
1740,10:59:12,12.37,163304,132,卖盘
1741,10:59:15,12.38,1062598,859,买盘
1742,10:59:18,12.38,289470,234,买盘
1743,10:59:21,12.37,137307,111,卖盘
1744,10:59:24,12.37,40823,33,卖盘
1745,10:59:27,12.38,92844,75,买盘
1746,10:59:30,12.37,66806,54,卖盘
1747,10:59:33,12.38,18561,15,买盘
1748,10:59:36,12.38,34661,28,买盘
1749,10:59:39,12.37,22268,18,卖盘
1750,10:59:45,12.37,247400,200,卖盘
1751,10:59:48,12.38,741211,599,买盘
1752,10:59:51,12.38,247460,200,买盘
1753,10:59:54,12.38,259965,210,买盘
1754,10:59:57,12.37,63087,51,卖盘
1755,11:00:03,12.38,8660,7,买盘
1756,11:00:06,12.37,1347120,1089,卖盘
1757,11:00:09,12.38,442896,358,买盘
1758,11:00:12,12.38,107686,87,买盘
1759,11:00:15,12.37,71746,58,卖盘
1760,11:00:18,12.37,13607,11,卖盘
1761,11:00:24,12.38,18570,15,买盘
1762,11:00:27,12.37,51981,42,卖盘
1763,11:00:30,12.38,82930,67,买盘
1764,11:00:33,12.37,17318,14,卖盘
1765,11:00:36,12.37,1237,1,卖盘
1766,11:00:42,12.38,37140,30,买盘
1767,11:00:45,12.37,137307,111,卖盘
1768,11:00:48,12.38,90332,73,买盘
1769,11:00:51,12.38,30938,25,买盘
1770,11:00:54,12.38,4949,4,买盘
1771,11:00:57,12.38,483997,391,买盘
1772,11:01:00,12.37,129885,105,卖盘
1773,11:01:03,12.38,81708,66,买盘
1774,11:01:06,12.38,50741,41,买盘
1775,11:01:09,12.37,27229,22,卖盘
1776,11:01:12,12.37,278532,225,卖盘
1777,11:01:15,12.37,82879,67,卖盘
1778,11:01:18,12.38,4952,4,买盘
1779,11:01:21,12.37,47006,38,卖盘
1780,11:01:24,12.37,1408966,1139,卖盘
1781,11:01:27,12.37,508407,411,卖盘
1782,11:01:30,12.37,110093,89,卖盘
1783,11:01:33,12.37,89084,72,卖盘
1784,11:01:36,12.37,84131,68,卖盘
1785,11:01:39,12.37,169469,137,卖盘
1786,11:01:45,12.38,519542,420,买盘
1787,11:01:51,12.37,82896,67,卖盘
1788,11:01:54,12.38,50758,41,买盘
1789,11:01:57,12.38,55710,45,买盘
1790,11:02:00,12.38,33426,27,买盘
1791,11:02:06,12.37,1237,1,卖盘
1792,11:02:09,12.38,23522,19,买盘
1793,11:02:12,12.38,18570,15,买盘
1794,11:02:15,12.38,18570,15,买盘
1795,11:02:18,12.38,101496,82,买盘
1796,11:02:21,12.37,49499,40,卖盘
1797,11:02:24,12.38,51995,42,买盘
1798,11:02:27,12.38,13618,11,买盘
1799,11:02:30,12.37,3711,3,卖盘
1800,11:02:33,12.37,17318,14,卖盘
1801,11:02:36,12.37,445320,360,卖盘
1802,11:02:39,12.37,55685,45,卖盘
1803,11:02:42,12.37,4948,4,卖盘
1804,11:02:45,12.38,43310,35,买盘
1805,11:02:48,12.37,101434,82,卖盘
1806,11:02:51,12.38,66852,54,买盘
1807,11:02:54,12.38,48260,39,买盘
1808,11:02:57,12.37,21029,17,卖盘
1809,11:03:00,12.38,19808,16,买盘
1810,11:03:06,12.37,23503,19,卖盘
1811,11:03:09,12.38,298325,241,买盘
1812,11:03:12,12.37,126174,102,卖盘
1813,11:03:15,12.37,853532,690,卖盘
1814,11:03:18,12.37,144746,117,卖盘
1815,11:03:21,12.37,12370,10,卖盘
1816,11:03:24,12.38,132391,107,买盘
1817,11:03:27,12.37,47006,38,卖盘
1818,11:03:30,12.37,14844,12,卖盘
1819,11:03:33,12.37,30925,25,卖盘
1820,11:03:36,12.38,243884,197,买盘
1821,11:03:45,12.38,81708,66,买盘
1822,11:03:48,12.38,50758,41,买盘
1823,11:03:51,12.37,81682,66,卖盘
1824,11:03:54,12.37,37125,30,卖盘
1825,11:03:57,12.37,321630,260,卖盘
1826,11:04:00,12.37,16081,13,卖盘
1827,11:04:03,12.37,267402,216,卖盘
1828,11:04:06,12.37,252352,204,卖盘
1829,11:04:09,12.37,110094,89,卖盘
1830,11:04:12,12.37,105150,85,卖盘
1831,11:04:15,12.38,75472,61,买盘
1832,11:04:18,12.38,19808,16,买盘
1833,11:04:24,12.37,59376,48,卖盘
1834,11:04:33,12.38,307024,248,买盘
1835,11:04:36,12.37,399780,323,卖盘
1836,11:04:39,12.37,40821,33,卖盘
1837,11:04:42,12.38,6190,5,买盘
1838,11:04:45,12.38,144845,117,买盘
1839,11:04:48,12.38,43303,35,买盘
1840,11:04:51,12.37,21034,17,卖盘
1841,11:04:57,12.37,37114,30,卖盘
1842,11:05:03,12.37,232556,188,卖盘
1843,11:05:06,12.37,210376,170,卖盘
1844,11:05:09,12.37,1825812,1476,卖盘
1845,11:05:12,12.37,264728,214,卖盘
1846,11:05:15,12.36,8148952,6589,卖盘
1847,11:05:18,12.37,1704547,1379,买盘
1848,11:05:21,12.36,168161,136,卖盘
1849,11:05:27,12.36,9889248,8001,卖盘
1850,11:05:30,12.37,2176636,1761,买盘
1851,11:05:33,12.35,2111069,1708,卖盘
1852,11:05:36,12.36,257029,208,买盘
1853,11:05:39,12.35,12356,10,卖盘
1854,11:05:42,12.35,33348,27,卖盘
1855,11:05:45,12.36,92669,75,买盘
1856,11:05:48,12.36,950191,769,买盘
1857,11:05:51,12.36,147084,119,卖盘
1858,11:05:54,12.36,525584,425,卖盘
1859,11:05:57,12.36,212298,172,卖盘
1860,11:06:00,12.36,72924,59,买盘
1861,11:06:03,12.36,224891,182,买盘
1862,11:06:06,12.36,19773,16,买盘
1863,11:06:09,12.36,107472,87,买盘
1864,11:06:12,12.36,61800,50,买盘
1865,11:06:15,12.35,1952867,1580,卖盘
1866,11:06:18,12.36,168096,136,买盘
1867,11:06:21,12.36,163052,132,买盘
1868,11:06:24,12.36,1498032,1212,买盘
1869,11:06:27,12.35,67961,55,卖盘
1870,11:06:30,12.36,343599,278,买盘
1871,11:06:33,12.36,569780,461,买盘
1872,11:06:36,12.36,273051,221,买盘
1873,11:06:39,12.36,84048,68,买盘
1874,11:06:42,12.36,65498,53,买盘
1875,11:06:45,12.35,185389,150,卖盘
1876,11:06:48,12.36,821939,665,买盘
1877,11:06:51,12.36,1113576,901,买盘
1878,11:06:54,12.36,100095,81,买盘
1879,11:06:57,12.36,21012,17,买盘
1880,11:07:00,12.36,294168,238,买盘
1881,11:07:03,12.36,145848,118,买盘
1882,11:07:06,12.35,63005,51,卖盘
1883,11:07:09,12.36,835536,676,买盘
1884,11:07:12,12.36,46968,38,买盘
1885,11:07:15,12.36,122344,99,买盘
1886,11:07:18,12.36,697104,564,买盘
1887,11:07:21,12.36,50670,41,买盘
1888,11:07:24,12.36,67980,55,买盘
1889,11:07:27,12.36,709456,574,买盘
1890,11:07:30,12.36,296630,240,买盘
1891,11:07:33,12.36,294168,238,买盘
1892,11:07:36,12.36,556181,450,买盘
1893,11:07:39,12.35,186621,151,卖盘
1894,11:07:42,12.35,237292,192,卖盘
1895,11:07:45,12.36,1236,1,买盘
1896,11:07:48,12.35,38291,31,卖盘
1897,11:07:51,12.35,27170,22,卖盘
1898,11:07:54,12.36,85284,69,买盘
1899,11:07:57,12.36,22248,18,买盘
1900,11:08:00,12.36,134631,109,买盘
1901,11:08:03,12.36,67946,55,买盘
1902,11:08:06,12.36,13587,11,买盘
1903,11:08:09,12.36,160680,130,买盘
1904,11:08:12,12.35,2470,2,卖盘
1905,11:08:15,12.36,279331,226,买盘
1906,11:08:18,12.36,105040,85,买盘
1907,11:08:21,12.35,56811,46,卖盘
1908,11:08:24,12.35,190190,154,卖盘
1909,11:08:27,12.35,227347,184,卖盘
1910,11:08:30,12.36,40770,33,买盘
1911,11:08:33,12.35,24700,20,卖盘
1912,11:08:36,12.36,133488,108,买盘
1913,11:08:42,12.35,124735,101,卖盘
1914,11:08:45,12.36,111190,90,买盘
1915,11:08:48,12.36,40765,33,买盘
1916,11:08:51,12.36,76620,62,买盘
1917,11:08:54,12.35,180313,146,卖盘
1918,11:08:57,12.36,48186,39,买盘
1919,11:09:00,12.36,118653,96,买盘
1920,11:09:03,12.36,53131,43,买盘
1921,11:09:06,12.36,38316,31,买盘
1922,11:09:09,12.35,61754,50,卖盘
1923,11:09:12,12.36,34608,28,买盘
1924,11:09:15,12.35,983806,796,卖盘
1925,11:09:18,12.36,24720,20,买盘
1926,11:09:21,12.35,85229,69,卖盘
1927,11:09:24,12.35,11115,9,卖盘
1928,11:09:27,12.35,24700,20,卖盘
1929,11:09:30,12.36,58085,47,买盘
1930,11:09:33,12.36,58092,47,买盘
1931,11:09:36,12.35,376819,305,卖盘
1932,11:09:39,12.36,30900,25,买盘
1933,11:09:42,12.35,51880,42,卖盘
1934,11:09:45,12.36,6180,5,买盘
1935,11:09:48,12.35,67952,55,卖盘
1936,11:09:51,12.36,23480,19,买盘
1937,11:09:54,12.35,46946,38,卖盘
1938,11:09:57,12.35,124735,101,卖盘
1939,11:10:00,12.36,28427,23,买盘
1940,11:10:03,12.35,38285,31,卖盘
1941,11:10:06,12.36,7416,6,买盘
1942,11:10:09,12.35,296571,240,卖盘
1943,11:10:12,12.35,319870,259,卖盘
1944,11:10:15,12.35,33351,27,卖盘
1945,11:10:18,12.36,6180,5,买盘
1946,11:10:21,12.35,751380,608,卖盘
1947,11:10:24,12.35,113636,92,卖盘
1948,11:10:27,12.35,79050,64,卖盘
1949,11:10:30,12.36,111160,90,买盘
1950,11:10:33,12.36,27191,22,买盘
1951,11:10:36,12.36,91464,74,买盘
1952,11:10:39,12.36,250867,203,买盘
1953,11:10:42,12.35,170530,138,卖盘
1954,11:10:45,12.36,6180,5,买盘
1955,11:10:48,12.36,106286,86,买盘
1956,11:10:51,12.36,142030,115,买盘
1957,11:10:54,12.36,12360,10,买盘
1958,11:10:57,12.36,28426,23,买盘
1959,11:11:00,12.36,203780,165,买盘
1960,11:11:03,12.36,69216,56,买盘
1961,11:11:06,12.36,95115,77,买盘
1962,11:11:09,12.36,8652,7,买盘
1963,11:11:12,12.35,1253536,1015,卖盘
1964,11:11:15,12.36,9888,8,买盘
1965,11:11:18,12.35,1347386,1091,卖盘
1966,11:11:21,12.36,531472,430,买盘
1967,11:11:24,12.36,605561,490,买盘
1968,11:11:27,12.36,472129,382,买盘
1969,11:11:30,12.35,41994,34,卖盘
1970,11:11:33,12.35,352234,285,卖盘
1971,11:11:36,12.36,238548,193,买盘
1972,11:11:39,12.35,996712,807,卖盘
1973,11:11:42,12.36,714407,578,买盘
1974,11:11:45,12.36,1183208,958,买盘
1975,11:11:48,12.35,86450,70,卖盘
1976,11:11:51,12.36,126072,102,买盘
1977,11:11:54,12.36,40787,33,买盘
1978,11:11:57,12.36,1900088,1538,买盘
1979,11:12:00,12.35,1932815,1565,卖盘
1980,11:12:03,12.35,1357285,1099,卖盘
1981,11:12:06,12.35,217552,176,卖盘
1982,11:12:09,12.36,60564,49,买盘
1983,11:12:12,12.36,552467,447,卖盘
1984,11:12:15,12.36,262172,212,买盘
1985,11:12:18,12.36,1061739,859,卖盘
1986,11:12:21,12.36,273156,221,买盘
1987,11:12:24,12.36,50676,41,买盘
1988,11:12:27,12.35,129776,105,卖盘
1989,11:12:30,12.36,1463424,1184,买盘
1990,11:12:33,12.36,482040,390,买盘
1991,11:12:36,12.36,327543,265,卖盘
1992,11:12:39,12.36,131031,106,卖盘
1993,11:12:42,12.36,444960,360,买盘
1994,11:12:45,12.36,25956,21,买盘
1995,11:12:48,12.36,69216,56,买盘
1996,11:12:51,12.36,33368,27,买盘
1997,11:12:54,12.36,35844,29,买盘
1998,11:12:57,12.35,313743,254,卖盘
1999,11:13:03,12.35,12358,10,卖盘
2000,11:13:06,12.36,135927,110,买盘
2001,11:13:09,12.36,2472,2,买盘
2002,11:13:15,12.36,30900,25,买盘
2003,11:13:18,12.36,524064,424,买盘
2004,11:13:21,12.36,287988,233,买盘
2005,11:13:24,12.36,2865055,2318,买盘
2006,11:13:27,12.36,22248,18,卖盘
2007,11:13:39,12.37,116278,94,买盘
2008,11:13:42,12.36,2472,2,卖盘
2009,11:13:45,12.37,11133,9,买盘
2010,11:13:48,12.37,738489,597,买盘
2011,11:13:51,12.37,48219,39,买盘
2012,11:13:54,12.37,6185,5,买盘
2013,11:13:57,12.37,440372,356,买盘
2014,11:14:00,12.37,127314,103,买盘
2015,11:14:03,12.36,16068,13,卖盘
2016,11:14:06,12.36,72924,59,卖盘
2017,11:14:09,12.37,21027,17,买盘
2018,11:14:12,12.36,222555,180,卖盘
2019,11:14:15,12.36,169432,137,卖盘
2020,11:14:27,12.36,30905,25,卖盘
2021,11:14:30,12.36,91487,74,卖盘
2022,11:14:36,12.36,2472,2,卖盘
2023,11:14:39,12.37,34636,28,买盘
2024,11:14:42,12.36,24720,20,卖盘
2025,11:14:45,12.36,198996,161,卖盘
2026,11:14:48,12.36,63036,51,卖盘
2027,11:14:51,12.36,35852,29,卖盘
2028,11:14:57,12.37,1138370,921,买盘
2029,11:15:00,12.36,87756,71,卖盘
2030,11:15:03,12.37,48214,39,买盘
2031,11:15:06,12.37,1237,1,买盘
2032,11:15:09,12.37,32162,26,买盘
2033,11:15:12,12.36,177986,144,卖盘
2034,11:15:15,12.36,148337,120,卖盘
2035,11:15:18,12.37,39562,32,买盘
2036,11:15:21,12.36,38316,31,卖盘
2037,11:15:24,12.36,12360,10,卖盘
2038,11:15:27,12.36,22248,18,卖盘
2039,11:15:30,12.36,82817,67,卖盘
2040,11:15:33,12.36,274408,222,卖盘
2041,11:15:36,12.36,32136,26,卖盘
2042,11:15:39,12.36,247200,200,卖盘
2043,11:15:42,12.36,75417,61,卖盘
2044,11:15:45,12.37,93994,76,买盘
2045,11:15:48,12.37,500933,405,买盘
2046,11:15:51,12.37,268213,217,买盘
2047,11:15:54,12.37,68015,55,买盘
2048,11:16:00,12.36,17304,14,卖盘
2049,11:16:03,12.37,12370,10,买盘
2050,11:16:06,12.36,471291,381,卖盘
2051,11:16:09,12.37,60569,49,买盘
2052,11:16:12,12.36,1921981,1555,卖盘
2053,11:16:15,12.36,85284,69,卖盘
2054,11:16:18,12.37,63038,51,买盘
2055,11:16:21,12.36,147084,119,卖盘
2056,11:16:24,12.36,13596,11,卖盘
2057,11:16:27,12.36,102588,83,卖盘
2058,11:16:30,12.36,440355,356,卖盘
2059,11:16:33,12.37,1237,1,买盘
2060,11:16:36,12.36,42024,34,卖盘
2061,11:16:39,12.37,74170,60,买盘
2062,11:16:42,12.36,1097172,887,卖盘
2063,11:16:45,12.36,30900,25,卖盘
2064,11:16:48,12.37,40820,33,买盘
2065,11:16:51,12.36,21016,17,卖盘
2066,11:16:54,12.36,69216,56,卖盘
2067,11:16:57,12.36,91517,74,卖盘
2068,11:17:00,12.36,442839,358,卖盘
2069,11:17:03,12.36,164470,133,卖盘
2070,11:17:06,12.36,18540,15,卖盘
2071,11:17:09,12.36,35844,29,卖盘
2072,11:17:12,12.36,102670,83,卖盘
2073,11:17:15,12.37,431713,349,买盘
2074,11:17:18,12.37,2474,2,买盘
2075,11:17:21,12.37,1083582,876,买盘
2076,11:17:24,12.37,17318,14,买盘
2077,11:17:27,12.37,441609,357,买盘
2078,11:17:30,12.36,14833,12,卖盘
2079,11:17:33,12.36,187966,152,卖盘
2080,11:17:36,12.37,61850,50,买盘
2081,11:17:39,12.37,249874,202,买盘
2082,11:17:42,12.37,12370,10,买盘
2083,11:17:45,12.37,129865,105,买盘
2084,11:17:51,12.36,16080,13,卖盘
2085,11:17:54,12.37,18555,15,买盘
2086,11:17:57,12.37,60580,49,买盘
2087,11:18:00,12.36,61801,50,卖盘
2088,11:18:03,12.36,1388916,1123,卖盘
2089,11:18:06,12.37,562776,455,买盘
2090,11:18:09,12.37,129880,105,买盘
2091,11:18:12,12.37,4232066,3424,买盘
2092,11:18:15,12.37,32152,26,买盘
2093,11:18:18,12.36,25956,21,卖盘
2094,11:18:21,12.36,139668,113,卖盘
2095,11:18:24,12.36,8652,7,卖盘
2096,11:18:27,12.36,45732,37,卖盘
2097,11:18:30,12.36,48209,39,卖盘
2098,11:18:33,12.36,35844,29,卖盘
2099,11:18:36,12.36,9888,8,卖盘
2100,11:18:39,12.36,9888,8,卖盘
2101,11:18:42,12.36,16068,13,卖盘
2102,11:18:45,12.36,194052,157,卖盘
2103,11:18:48,12.37,216475,175,买盘
2104,11:18:51,12.37,37081,30,买盘
2105,11:18:54,12.36,16068,13,卖盘
2106,11:18:57,12.36,34608,28,卖盘
2107,11:19:00,12.37,1237,1,买盘
2108,11:19:03,12.36,22248,18,卖盘
2109,11:19:06,12.36,42025,34,卖盘
2110,11:19:12,12.36,21012,17,卖盘
2111,11:19:15,12.37,184303,149,买盘
2112,11:19:18,12.36,84089,68,卖盘
2113,11:19:21,12.37,1237,1,买盘
2114,11:19:24,12.36,86520,70,卖盘
2115,11:19:27,12.37,46979,38,买盘
2116,11:19:30,12.37,61850,50,买盘
2117,11:19:33,12.36,111320,90,卖盘
2118,11:19:42,12.37,1237,1,买盘
2119,11:19:45,12.36,85328,69,卖盘
2120,11:19:48,12.37,49480,40,买盘
2121,11:19:51,12.37,44530,36,买盘
2122,11:19:54,12.37,1237,1,买盘
2123,11:19:57,12.37,96486,78,买盘
2124,11:20:00,12.37,608573,492,买盘
2125,11:20:03,12.37,132263,107,买盘
2126,11:20:06,12.37,953727,771,买盘
2127,11:20:09,12.37,164513,133,买盘
2128,11:20:12,12.37,33399,27,买盘
2129,11:20:15,12.37,65543,53,买盘
2130,11:20:18,12.36,163168,132,卖盘
2131,11:20:21,12.37,136070,110,买盘
2132,11:20:24,12.37,12370,10,买盘
2133,11:20:27,12.36,42024,34,卖盘
2134,11:20:30,12.36,430472,348,卖盘
2135,11:20:36,12.37,50717,41,买盘
2136,11:20:45,12.37,6185,5,买盘
2137,11:20:51,12.37,19792,16,买盘
2138,11:20:54,12.37,24740,20,买盘
2139,11:20:57,12.37,50717,41,买盘
2140,11:21:00,12.36,1236,1,卖盘
2141,11:21:03,12.37,682791,552,买盘
2142,11:21:06,12.36,17306,14,卖盘
2143,11:21:12,12.36,111250,90,卖盘
2144,11:21:15,12.37,32162,26,买盘
2145,11:21:18,12.37,53189,43,买盘
2146,11:21:21,12.36,34612,28,卖盘
2147,11:21:27,12.37,2474,2,买盘
2148,11:21:30,12.37,58123,47,买盘
2149,11:21:33,12.37,195446,158,买盘
2150,11:21:36,12.37,98938,80,买盘
2151,11:21:39,12.37,192972,156,买盘
2152,11:21:42,12.37,175654,142,卖盘
2153,11:21:45,12.37,16081,13,卖盘
2154,11:21:48,12.37,45769,37,卖盘
2155,11:21:51,12.37,69279,56,卖盘
2156,11:21:54,12.37,18555,15,卖盘
2157,11:21:57,12.37,11133,9,卖盘
2158,11:22:00,12.37,28451,23,卖盘
2159,11:22:03,12.38,131149,106,买盘
2160,11:22:06,12.37,64324,52,卖盘
2161,11:22:09,12.37,19792,16,卖盘
2162,11:22:12,12.37,504696,408,卖盘
2163,11:22:15,12.37,168232,136,卖盘
2164,11:22:18,12.37,69272,56,卖盘
2165,11:22:21,12.37,259962,210,卖盘
2166,11:22:24,12.37,1237,1,卖盘
2167,11:22:27,12.37,17320,14,卖盘
2168,11:22:30,12.37,69327,56,卖盘
2169,11:22:33,12.38,64329,52,买盘
2170,11:22:36,12.38,30930,25,买盘
2171,11:22:39,12.37,7423,6,卖盘
2172,11:22:45,12.38,14856,12,买盘
2173,11:22:48,12.37,22266,18,卖盘
2174,11:22:57,12.37,299571,242,卖盘
2175,11:23:03,12.38,293389,237,买盘
2176,11:23:12,12.37,21029,17,卖盘
2177,11:23:15,12.37,16081,13,卖盘
2178,11:23:18,12.38,35887,29,买盘
2179,11:23:21,12.37,42058,34,卖盘
2180,11:23:24,12.38,230187,186,买盘
2181,11:23:27,12.37,32164,26,卖盘
2182,11:23:33,12.38,18570,15,买盘
2183,11:23:36,12.37,27214,22,卖盘
2184,11:23:39,12.37,4948,4,卖盘
2185,11:23:42,12.37,22266,18,卖盘
2186,11:23:45,12.37,786118,635,卖盘
2187,11:23:48,12.37,110093,89,卖盘
2188,11:23:51,12.37,268634,217,卖盘
2189,11:23:57,12.38,155988,126,买盘
2190,11:24:00,12.37,8663,7,卖盘
2191,11:24:03,12.37,25977,21,卖盘
2192,11:24:06,12.37,42067,34,卖盘
2193,11:24:09,12.38,523645,423,买盘
2194,11:24:12,12.38,1445984,1168,买盘
2195,11:24:15,12.38,507580,410,买盘
2196,11:24:18,12.37,101466,82,卖盘
2197,11:24:21,12.39,1138350,919,买盘
2198,11:24:24,12.39,1239,1,买盘
2199,11:24:27,12.38,8666,7,卖盘
2200,11:24:30,12.38,77994,63,卖盘
2201,11:24:33,12.37,177018,143,卖盘
2202,11:24:36,12.38,17332,14,卖盘
2203,11:24:39,12.38,18570,15,买盘
2204,11:24:42,12.38,16094,13,买盘
2205,11:24:45,12.38,889238,718,买盘
2206,11:24:48,12.38,73042,59,卖盘
2207,11:24:51,12.37,105213,85,卖盘
2208,11:24:54,12.38,214174,173,买盘
2209,11:24:57,12.37,42068,34,卖盘
2210,11:25:00,12.37,50717,41,卖盘
2211,11:25:03,12.38,19796,16,买盘
2212,11:25:06,12.37,12370,10,卖盘
2213,11:25:09,12.38,3714,3,买盘
2214,11:25:12,12.37,23503,19,卖盘
2215,11:25:15,12.38,27223,22,买盘
2216,11:25:18,12.38,69328,56,买盘
2217,11:25:21,12.37,444429,359,卖盘
2218,11:25:24,12.38,12380,10,买盘
2219,11:25:27,12.37,70519,57,卖盘
2220,11:25:30,12.38,203029,164,买盘
2221,11:25:33,12.37,19806,16,卖盘
2222,11:25:36,12.37,6185,5,卖盘
2223,11:25:39,12.37,4948,4,卖盘
2224,11:25:42,12.37,186787,151,卖盘
2225,11:25:48,12.37,85353,69,卖盘
2226,11:25:51,12.37,63087,51,卖盘
2227,11:25:54,12.37,12370,10,卖盘
2228,11:25:57,12.38,3714,3,买盘
2229,11:26:03,12.37,71746,58,卖盘
2230,11:26:06,12.37,1237,1,卖盘
2231,11:26:12,12.38,30950,25,买盘
2232,11:26:15,12.38,24752,20,买盘
2233,11:26:18,12.37,120023,97,卖盘
2234,11:26:21,12.37,17318,14,卖盘
2235,11:26:24,12.37,48244,39,卖盘
2236,11:26:27,12.37,192972,156,卖盘
2237,11:26:30,12.37,106382,86,卖盘
2238,11:26:33,12.38,56921,46,买盘
2239,11:26:39,12.38,120065,97,买盘
2240,11:26:42,12.38,1238,1,买盘
2241,11:26:48,12.38,65570,53,买盘
2242,11:26:51,12.37,16086,13,卖盘
2243,11:26:54,12.37,189382,153,卖盘
2244,11:26:57,12.36,9080220,7343,卖盘
2245,11:27:00,12.36,14832,12,卖盘
2246,11:27:03,12.37,16081,13,买盘
2247,11:27:09,12.37,1237,1,买盘
2248,11:27:12,12.36,570230,461,卖盘
2249,11:27:15,12.37,252348,204,买盘
2250,11:27:18,12.37,1237,1,买盘
2251,11:27:21,12.36,37080,30,卖盘
2252,11:27:24,12.36,39552,32,卖盘
2253,11:27:27,12.36,29664,24,卖盘
2254,11:27:30,12.36,55621,45,卖盘
2255,11:27:33,12.36,33372,27,卖盘
2256,11:27:36,12.37,53190,43,买盘
2257,11:27:39,12.37,77928,63,买盘
2258,11:27:42,12.37,13607,11,买盘
2259,11:27:45,12.36,426760,345,卖盘
2260,11:27:48,12.37,2474,2,买盘
2261,11:27:51,12.36,220174,178,卖盘
2262,11:27:54,12.36,24722,20,卖盘
2263,11:28:00,12.36,38316,31,卖盘
2264,11:28:03,12.36,2472,2,卖盘
2265,11:28:06,12.37,23503,19,买盘
2266,11:28:09,12.37,17318,14,买盘
2267,11:28:15,12.36,21012,17,卖盘
2268,11:28:18,12.37,533146,431,买盘
2269,11:28:21,12.36,176878,143,卖盘
2270,11:28:24,12.37,71758,58,买盘
2271,11:28:27,12.37,169469,137,卖盘
2272,11:28:30,12.36,116242,94,卖盘
2273,11:28:33,12.36,60572,49,卖盘
2274,11:28:36,12.36,79106,64,卖盘
2275,11:28:39,12.37,69272,56,买盘
2276,11:28:42,12.37,35873,29,卖盘
2277,11:28:45,12.37,18555,15,卖盘
2278,11:28:48,12.37,56902,46,卖盘
2279,11:28:51,12.37,49481,40,卖盘
2280,11:28:54,12.38,61878,50,买盘
2281,11:28:57,12.37,18555,15,卖盘
2282,11:29:00,12.38,34651,28,买盘
2283,11:29:03,12.38,35874,29,买盘
2284,11:29:06,12.37,24740,20,卖盘
2285,11:29:09,12.37,16081,13,卖盘
2286,11:29:12,12.37,75458,61,卖盘
2287,11:29:15,12.38,6190,5,买盘
2288,11:29:18,12.38,106461,86,买盘
2289,11:29:21,12.37,290695,235,卖盘
2290,11:29:27,12.37,25977,21,卖盘
2291,11:29:30,12.38,48281,39,买盘
2292,11:29:33,12.37,4949,4,卖盘
2293,11:29:36,12.37,363678,294,卖盘
2294,11:29:42,12.37,4948,4,卖盘
2295,11:29:45,12.38,6190,5,买盘
2296,11:29:48,12.37,1237,1,卖盘
2297,11:29:54,12.38,12375,10,买盘
2298,11:29:57,12.37,123700,100,卖盘
2299,11:30:00,12.37,89080,72,卖盘
2300,13:00:00,12.37,736084,595,卖盘
2301,13:00:03,12.37,4268956,3450,卖盘
2302,13:00:06,12.37,997920,807,买盘
2303,13:00:09,12.37,77896,63,买盘
2304,13:00:12,12.36,993251,803,卖盘
2305,13:00:15,12.37,1797361,1453,买盘
2306,13:00:18,12.36,594949,481,卖盘
2307,13:00:21,12.38,1688509,1365,买盘
2308,13:00:24,12.37,120001,97,卖盘
2309,13:00:27,12.37,81642,66,卖盘
2310,13:00:30,12.37,727372,588,卖盘
2311,13:00:33,12.37,17318,14,买盘
2312,13:00:36,12.37,8659,7,买盘
2313,13:00:39,12.37,131063,106,买盘
2314,13:00:42,12.37,12370,10,买盘
2315,13:00:45,12.37,4948,4,买盘
2316,13:00:48,12.37,676516,547,买盘
2317,13:00:51,12.37,80405,65,卖盘
2318,13:00:54,12.37,137320,111,卖盘
2319,13:00:57,12.37,16081,13,卖盘
2320,13:01:00,12.37,34647,28,卖盘
2321,13:01:03,12.37,6185,5,卖盘
2322,13:01:06,12.38,18567,15,买盘
2323,13:01:12,12.38,77994,63,买盘
2324,13:01:15,12.38,2476,2,买盘
2325,13:01:18,12.38,82891,67,买盘
2326,13:01:24,12.37,1371910,1109,卖盘
2327,13:01:27,12.37,288242,233,卖盘
2328,13:01:30,12.37,3711,3,卖盘
2329,13:01:33,12.37,21029,17,卖盘
2330,13:01:39,12.37,7422,6,卖盘
2331,13:01:45,12.38,21042,17,买盘
2332,13:01:48,12.38,12380,10,买盘
2333,13:01:51,12.37,920328,744,卖盘
2334,13:01:54,12.37,71761,58,卖盘
2335,13:01:57,12.37,129885,105,卖盘
2336,13:02:00,12.38,76749,62,买盘
2337,13:02:03,12.38,4245189,3429,买盘
2338,13:02:06,12.39,30957,25,买盘
2339,13:02:09,12.39,39632,32,买盘
2340,13:02:12,12.39,61950,50,买盘
2341,13:02:15,12.38,81721,66,卖盘
2342,13:02:18,12.37,29695,24,卖盘
2343,13:02:21,12.39,323194,261,买盘
2344,13:02:24,12.38,121324,98,卖盘
2345,13:02:27,12.38,16094,13,卖盘
2346,13:02:30,12.38,24760,20,卖盘
2347,13:02:33,12.38,2476,2,卖盘
2348,13:02:36,12.38,113896,92,卖盘
2349,13:02:39,12.38,13618,11,卖盘
2350,13:02:42,12.39,44583,36,买盘
2351,13:02:45,12.38,86665,70,卖盘
2352,13:02:48,12.38,170844,138,卖盘
2353,13:02:51,12.38,999066,807,卖盘
2354,13:02:54,12.38,42092,34,买盘
2355,13:02:57,12.38,102754,83,买盘
2356,13:03:00,12.37,65592,53,卖盘
2357,13:03:03,12.38,146079,118,买盘
2358,13:03:06,12.38,9904,8,买盘
2359,13:03:09,12.38,153512,124,买盘
2360,13:03:12,12.38,643759,520,买盘
2361,13:03:15,12.38,55709,45,买盘
2362,13:03:18,12.38,18570,15,买盘
2363,13:03:21,12.38,17319,14,买盘
2364,13:03:27,12.38,42092,34,买盘
2365,13:03:30,12.37,33424,27,卖盘
2366,13:03:33,12.38,16094,13,买盘
2367,13:03:36,12.38,18570,15,买盘
2368,13:03:39,12.37,18566,15,卖盘
2369,13:03:45,12.37,414709,335,卖盘
2370,13:03:48,12.38,428331,346,买盘
2371,13:03:51,12.38,16094,13,卖盘
2372,13:03:54,12.38,19808,16,卖盘
2373,13:03:57,12.38,18570,15,卖盘
2374,13:04:00,12.38,37140,30,卖盘
2375,13:04:03,12.38,102754,83,卖盘
2376,13:04:06,12.38,3714,3,卖盘
2377,13:04:09,12.38,39616,32,卖盘
2378,13:04:12,12.38,1238,1,卖盘
2379,13:04:15,12.38,37140,30,卖盘
2380,13:04:18,12.38,293406,237,卖盘
2381,13:04:21,12.38,156068,126,卖盘
2382,13:04:24,12.38,450632,364,卖盘
2383,13:04:27,12.39,158529,128,买盘
2384,13:04:33,12.39,6195,5,买盘
2385,13:04:36,12.38,1238,1,卖盘
2386,13:04:39,12.38,1238,1,卖盘
2387,13:04:42,12.39,8671,7,买盘
2388,13:04:45,12.39,341964,276,买盘
2389,13:04:48,12.39,1824947,1473,买盘
2390,13:04:57,12.39,19824,16,买盘
2391,13:05:00,12.38,1238,1,卖盘
2392,13:05:03,12.38,68140,55,卖盘
2393,13:05:06,12.38,2476,2,卖盘
2394,13:05:09,12.39,142485,115,买盘
2395,13:05:12,12.39,115135,93,买盘
2396,13:05:15,12.38,12380,10,卖盘
2397,13:05:18,12.39,416304,336,买盘
2398,13:05:24,12.38,848630,685,卖盘
2399,13:05:27,12.38,3714,3,卖盘
2400,13:05:30,12.38,32188,26,卖盘
2401,13:05:33,12.38,7428,6,卖盘
2402,13:05:36,12.38,2476,2,卖盘
2403,13:05:39,12.38,9904,8,卖盘
2404,13:05:42,12.38,1099344,888,卖盘
2405,13:05:45,12.37,212935,172,卖盘
2406,13:05:48,12.37,158412,128,卖盘
2407,13:05:51,12.38,163416,132,买盘
2408,13:05:54,12.37,516243,417,卖盘
2409,13:05:57,12.38,372638,301,买盘
2410,13:06:00,12.38,772512,624,买盘
2411,13:06:03,12.39,47048,38,买盘
2412,13:06:09,12.38,11142,9,卖盘
2413,13:06:12,12.38,4952,4,卖盘
2414,13:06:15,12.39,1239,1,买盘
2415,13:06:18,12.38,138656,112,卖盘
2416,13:06:21,12.39,43359,35,买盘
2417,13:06:24,12.39,1239,1,买盘
2418,13:06:27,12.39,29727,24,买盘
2419,13:06:30,12.38,16094,13,卖盘
2420,13:06:33,12.38,1238000,1000,卖盘
2421,13:06:36,12.39,12390,10,买盘
2422,13:06:39,12.39,367983,297,买盘
2423,13:06:42,12.38,30950,25,卖盘
2424,13:06:45,12.38,12380,10,卖盘
2425,13:06:48,12.38,86660,70,卖盘
2426,13:06:51,12.38,833834,673,卖盘
2427,13:06:54,12.39,54508,44,买盘
2428,13:06:57,12.38,42092,34,卖盘
2429,13:07:03,12.38,19808,16,卖盘
2430,13:07:09,12.39,34672,28,买盘
2431,13:07:12,12.39,123900,100,买盘
2432,13:07:15,12.38,26018,21,卖盘
2433,13:07:18,12.38,14856,12,卖盘
2434,13:07:24,12.38,8666,7,卖盘
2435,13:07:27,12.38,44568,36,卖盘
2436,13:07:30,12.38,39631,32,卖盘
2437,13:07:33,12.39,86680,70,买盘
2438,13:07:36,12.39,170865,138,买盘
2439,13:07:48,12.39,23531,19,买盘
2440,13:07:51,12.38,32196,26,卖盘
2441,13:07:54,12.38,313214,253,卖盘
2442,13:07:57,12.39,39646,32,买盘
2443,13:08:00,12.39,81712,66,买盘
2444,13:08:03,12.39,211869,171,买盘
2445,13:08:06,12.38,2721341,2198,卖盘
2446,13:08:09,12.38,17332,14,买盘
2447,13:08:12,12.38,28474,23,买盘
2448,13:08:15,12.38,551113,445,买盘
2449,13:08:18,12.37,75515,61,卖盘
2450,13:08:21,12.39,42112,34,买盘
2451,13:08:27,12.39,447201,361,买盘
2452,13:08:30,12.38,194366,157,卖盘
2453,13:08:33,12.38,96564,78,卖盘
2454,13:08:36,12.38,163438,132,买盘
2455,13:08:39,12.38,16096,13,卖盘
2456,13:08:45,12.38,1238,1,卖盘
2457,13:08:48,12.38,131228,106,卖盘
2458,13:08:51,12.38,2476,2,卖盘
2459,13:08:54,12.38,13618,11,卖盘
2460,13:08:57,12.38,27257,22,卖盘
2461,13:09:00,12.38,66852,54,卖盘
2462,13:09:03,12.38,60662,49,卖盘
2463,13:09:09,12.38,35917,29,卖盘
2464,13:09:12,12.38,75527,61,卖盘
2465,13:09:15,12.39,42112,34,买盘
2466,13:09:21,12.38,25998,21,卖盘
2467,13:09:27,12.38,7428,6,卖盘
2468,13:09:30,12.38,9904,8,卖盘
2469,13:09:33,12.38,51996,42,卖盘
2470,13:09:36,12.39,26019,21,买盘
2471,13:09:39,12.39,42106,34,买盘
2472,13:09:42,12.39,18585,15,买盘
2473,13:09:48,12.38,1238,1,卖盘
2474,13:09:54,12.39,32209,26,买盘
2475,13:09:57,12.39,27258,22,买盘
2476,13:10:00,12.38,557519,450,卖盘
2477,13:10:03,12.38,86661,70,卖盘
2478,13:10:06,12.38,38388,31,卖盘
2479,13:10:09,12.38,24760,20,卖盘
2480,13:10:12,12.38,21046,17,卖盘
2481,13:10:15,12.39,40882,33,买盘
2482,13:10:18,12.39,34692,28,买盘
2483,13:10:21,12.39,39648,32,买盘
2484,13:10:24,12.38,163448,132,卖盘
2485,13:10:27,12.39,70620,57,买盘
2486,13:10:36,12.39,24780,20,买盘
2487,13:10:39,12.38,6190,5,卖盘
2488,13:10:42,12.39,24780,20,买盘
2489,13:10:48,12.38,24779,20,卖盘
2490,13:10:51,12.39,32197,26,买盘
2491,13:10:54,12.39,13629,11,买盘
2492,13:10:57,12.39,292404,236,买盘
2493,13:11:00,12.39,9912,8,买盘
2494,13:11:03,12.38,198235,160,卖盘
2495,13:11:06,12.38,14860,12,卖盘
2496,13:11:12,12.38,7431,6,卖盘
2497,13:11:15,12.39,87935,71,买盘
2498,13:11:18,12.38,26001,21,卖盘
2499,13:11:21,12.38,34664,28,卖盘
2500,13:11:24,12.38,84189,68,卖盘
2501,13:11:27,12.39,30953,25,买盘
2502,13:11:30,12.38,50758,41,卖盘
2503,13:11:33,12.38,17332,14,卖盘
2504,13:11:36,12.39,38408,31,买盘
2505,13:11:39,12.38,84184,68,卖盘
2506,13:11:42,12.38,423599,342,卖盘
2507,13:11:45,12.39,244012,197,买盘
2508,13:11:48,12.38,543620,439,卖盘
2509,13:11:54,12.38,289839,234,卖盘
2510,13:11:57,12.39,53274,43,买盘
2511,13:12:03,12.38,26017,21,卖盘
2512,13:12:06,12.38,921663,744,卖盘
2513,13:12:09,12.39,21062,17,买盘
2514,13:12:12,12.39,175921,142,买盘
2515,13:12:15,12.38,65635,53,卖盘
2516,13:12:18,12.38,71804,58,卖盘
2517,13:12:24,12.39,4956,4,买盘
2518,13:12:27,12.38,301037,243,卖盘
2519,13:12:30,12.39,111473,90,买盘
2520,13:12:33,12.39,25999,21,买盘
2521,13:12:36,12.39,26019,21,买盘
2522,13:12:39,12.39,27258,22,买盘
2523,13:12:48,12.39,80535,65,买盘
2524,13:12:51,12.39,9912,8,买盘
2525,13:12:54,12.39,252756,204,买盘
2526,13:12:57,12.39,792944,640,买盘
2527,13:13:00,12.39,107793,87,买盘
2528,13:13:03,12.38,148650,120,卖盘
2529,13:13:09,12.38,620685,501,卖盘
2530,13:13:12,12.39,581091,469,买盘
2531,13:13:15,12.39,299838,242,买盘
2532,13:13:18,12.39,32210,26,买盘
2533,13:13:24,12.4,422525,341,买盘
2534,13:13:27,12.39,1239,1,买盘
2535,13:13:33,12.39,428694,346,买盘
2536,13:13:36,12.4,117725,95,买盘
2537,13:13:39,12.39,2362773,1907,卖盘
2538,13:13:42,12.38,115134,93,卖盘
2539,13:13:45,12.39,78056,63,买盘
2540,13:13:48,12.39,18585,15,买盘
2541,13:13:51,12.39,12390,10,买盘
2542,13:13:54,12.39,474537,383,买盘
2543,13:13:57,12.39,402675,325,买盘
2544,13:14:00,12.39,47082,38,卖盘
2545,13:14:03,12.39,40887,33,卖盘
2546,13:14:06,12.39,43365,35,买盘
2547,13:14:09,12.39,26010,21,买盘
2548,13:14:12,12.39,162240,131,买盘
2549,13:14:15,12.38,893884,721,卖盘
2550,13:14:18,12.39,332052,268,买盘
2551,13:14:21,12.39,58201,47,买盘
2552,13:14:24,12.38,233982,189,卖盘
2553,13:14:27,12.38,70566,57,卖盘
2554,13:14:30,12.39,122572,99,买盘
2555,13:14:33,12.39,157352,127,买盘
2556,13:14:36,12.39,82978,67,买盘
2557,13:14:39,12.38,23522,19,卖盘
2558,13:14:42,12.38,6190,5,卖盘
2559,13:14:45,12.38,56948,46,卖盘
2560,13:14:48,12.38,298358,241,卖盘
2561,13:14:51,12.38,103992,84,卖盘
2562,13:14:54,12.38,1365524,1103,卖盘
2563,13:14:57,12.39,131263,106,买盘
2564,13:15:00,12.38,22284,18,卖盘
2565,13:15:03,12.38,54472,44,卖盘
2566,13:15:06,12.38,60675,49,卖盘
2567,13:15:09,12.38,694518,561,卖盘
2568,13:15:12,12.38,229030,185,卖盘
2569,13:15:15,12.38,153524,124,卖盘
2570,13:15:18,12.38,108965,88,卖盘
2571,13:15:21,12.38,87898,71,卖盘
2572,13:15:24,12.39,402589,325,买盘
2573,13:15:30,12.38,848048,685,卖盘
2574,13:15:33,12.38,1238,1,卖盘
2575,13:15:36,12.39,45826,37,买盘
2576,13:15:39,12.39,11151,9,买盘
2577,13:15:42,12.39,4956,4,买盘
2578,13:15:45,12.39,1239,1,买盘
2579,13:15:51,12.39,1239,1,买盘
2580,13:15:54,12.38,111420,90,卖盘
2581,13:15:57,12.38,34685,28,卖盘
2582,13:16:00,12.39,29736,24,买盘
2583,13:16:03,12.38,52024,42,卖盘
2584,13:16:06,12.38,37148,30,卖盘
2585,13:16:09,12.39,39647,32,买盘
2586,13:16:12,12.39,27258,22,买盘
2587,13:16:15,12.39,27243,22,买盘
2588,13:16:18,12.38,38398,31,卖盘
2589,13:16:21,12.38,6190,5,卖盘
2590,13:16:24,12.39,7434,6,买盘
2591,13:16:27,12.38,3714,3,卖盘
2592,13:16:30,12.38,44585,36,卖盘
2593,13:16:33,12.38,45806,37,卖盘
2594,13:16:36,12.39,84250,68,买盘
2595,13:16:39,12.38,1238,1,卖盘
2596,13:16:42,12.38,3714,3,卖盘
2597,13:16:45,12.38,90385,73,卖盘
2598,13:16:48,12.38,1238,1,卖盘
2599,13:16:51,12.39,13629,11,买盘
2600,13:16:54,12.38,2048898,1655,卖盘
2601,13:16:57,12.39,195705,158,买盘
2602,13:17:00,12.38,112658,91,卖盘
2603,13:17:03,12.39,178312,144,买盘
2604,13:17:06,12.38,2476,2,卖盘
2605,13:17:09,12.38,521197,421,卖盘
2606,13:17:12,12.37,43296,35,卖盘
2607,13:17:18,12.38,29710,24,买盘
2608,13:17:21,12.38,53234,43,买盘
2609,13:17:24,12.38,142370,115,买盘
2610,13:17:27,12.37,3711,3,卖盘
2611,13:17:30,12.37,16086,13,卖盘
2612,13:17:36,12.38,24760,20,买盘
2613,13:17:42,12.38,27236,22,买盘
2614,13:17:45,12.38,128752,104,买盘
2615,13:17:48,12.37,86590,70,卖盘
2616,13:17:51,12.38,4952,4,买盘
2617,13:17:54,12.38,263694,213,买盘
2618,13:17:57,12.38,61897,50,买盘
2619,13:18:00,12.37,168362,136,卖盘
2620,13:18:03,12.37,22267,18,卖盘
2621,13:18:06,12.38,6190,5,买盘
2622,13:18:09,12.38,3714,3,买盘
2623,13:18:12,12.37,466727,377,卖盘
2624,13:18:18,12.37,50741,41,卖盘
2625,13:18:21,12.38,85356,69,买盘
2626,13:18:24,12.38,16094,13,买盘
2627,13:18:27,12.37,4948,4,卖盘
2628,13:18:30,12.37,1237,1,卖盘
2629,13:18:33,12.38,185697,150,买盘
2630,13:18:36,12.38,190650,154,买盘
2631,13:18:39,12.39,94116,76,买盘
2632,13:18:45,12.38,208012,168,卖盘
2633,13:18:48,12.39,221603,179,买盘
2634,13:18:51,12.38,18570,15,卖盘
2635,13:18:54,12.38,1238,1,卖盘
2636,13:18:57,12.39,71862,58,买盘
2637,13:19:00,12.38,255028,206,卖盘
2638,13:19:03,12.38,290930,235,卖盘
2639,13:19:06,12.39,3909045,3155,买盘
2640,13:19:09,12.39,492982,398,买盘
2641,13:19:12,12.38,141235,114,卖盘
2642,13:19:15,12.38,422158,341,卖盘
2643,13:19:18,12.39,253995,205,买盘
2644,13:19:21,12.38,120182,97,卖盘
2645,13:19:27,12.39,58233,47,卖盘
2646,13:19:30,12.4,13634,11,买盘
2647,13:19:33,12.4,84267,68,买盘
2648,13:19:36,12.4,24800,20,买盘
2649,13:19:39,12.39,65667,53,卖盘
2650,13:19:42,12.39,89208,72,卖盘
2651,13:19:45,12.39,56994,46,买盘
2652,13:19:48,12.39,285005,230,卖盘
2653,13:19:51,12.4,12400,10,买盘
2654,13:19:54,12.39,156189,126,卖盘
2655,13:19:57,12.4,24800,20,买盘
2656,13:20:00,12.39,14868,12,卖盘
2657,13:20:12,12.39,43365,35,卖盘
2658,13:20:15,12.39,21063,17,卖盘
2659,13:20:18,12.4,26040,21,买盘
2660,13:20:21,12.4,22320,18,买盘
2661,13:20:24,12.39,12390,10,卖盘
2662,13:20:30,12.39,170982,138,卖盘
2663,13:20:36,12.39,319721,258,卖盘
2664,13:20:39,12.4,18600,15,买盘
2665,13:20:45,12.39,48336,39,卖盘
2666,13:20:48,12.39,16107,13,卖盘
2667,13:20:51,12.4,29760,24,买盘
2668,13:20:54,12.39,69406,56,卖盘
2669,13:20:57,12.4,870474,702,买盘
2670,13:21:00,12.4,16120,13,买盘
2671,13:21:03,12.4,38440,31,买盘
2672,13:21:06,12.4,3720,3,买盘
2673,13:21:09,12.4,50840,41,买盘
2674,13:21:15,12.4,39680,32,买盘
2675,13:21:18,12.4,26039,21,买盘
2676,13:21:21,12.4,21068,17,买盘
2677,13:21:24,12.39,1239,1,卖盘
2678,13:21:27,12.39,24780,20,卖盘
2679,13:21:30,12.4,1248679,1007,买盘
2680,13:21:33,12.39,123900,100,卖盘
2681,13:21:36,12.39,861140,695,卖盘
2682,13:21:39,12.39,226737,183,卖盘
2683,13:21:42,12.39,132589,107,卖盘
2684,13:21:45,12.39,125239,101,卖盘
2685,13:21:48,12.4,3719,3,买盘
2686,13:21:51,12.4,19839,16,买盘
2687,13:21:54,12.4,43394,35,买盘
2688,13:21:57,12.4,169853,137,买盘
2689,13:22:00,12.39,61950,50,卖盘
2690,13:22:03,12.39,24783,20,卖盘
2691,13:22:06,12.4,6200,5,买盘
2692,13:22:09,12.39,48321,39,卖盘
2693,13:22:12,12.4,283934,229,买盘
2694,13:22:15,12.4,524465,423,买盘
2695,13:22:18,12.4,7435,6,买盘
2696,13:22:21,12.4,52048,42,买盘
2697,13:22:30,12.39,86744,70,卖盘
2698,13:22:33,12.4,6200,5,买盘
2699,13:22:36,12.4,37200,30,买盘
2700,13:22:45,12.4,2480,2,买盘
2701,13:22:51,12.4,200880,162,买盘
2702,13:22:54,12.4,11160,9,买盘
2703,13:22:57,12.4,172360,139,买盘
2704,13:23:00,12.4,39676,32,买盘
2705,13:23:03,12.39,37185,30,卖盘
2706,13:23:06,12.4,12400,10,买盘
2707,13:23:09,12.39,158592,128,卖盘
2708,13:23:12,12.39,21063,17,卖盘
2709,13:23:15,12.39,21075,17,卖盘
2710,13:23:18,12.39,101636,82,卖盘
2711,13:23:21,12.4,124000,100,买盘
2712,13:23:24,12.4,69388,56,买盘
2713,13:23:30,12.39,1015980,820,卖盘
2714,13:23:33,12.39,42126,34,卖盘
2715,13:23:36,12.4,176080,142,买盘
2716,13:23:39,12.39,23541,19,卖盘
2717,13:23:42,12.4,55800,45,买盘
2718,13:23:45,12.39,361789,292,卖盘
2719,13:23:48,12.39,21063,17,卖盘
2720,13:23:54,12.39,3717,3,卖盘
2721,13:23:57,12.4,24800,20,买盘
2722,13:24:00,12.39,281253,227,卖盘
2723,13:24:03,12.39,581191,469,卖盘
2724,13:24:06,12.39,13629,11,卖盘
2725,13:24:09,12.4,368136,297,买盘
2726,13:24:12,12.39,224344,181,卖盘
2727,13:24:15,12.39,96642,78,卖盘
2728,13:24:18,12.39,32234,26,卖盘
2729,13:24:21,12.4,43391,35,买盘
2730,13:24:24,12.39,58263,47,卖盘
2731,13:24:27,12.4,17360,14,买盘
2732,13:24:30,12.39,26019,21,卖盘
2733,13:24:33,12.4,13630,11,买盘
2734,13:24:36,12.4,88040,71,买盘
2735,13:24:39,12.39,87969,71,卖盘
2736,13:24:42,12.39,104100,84,卖盘
2737,13:24:45,12.4,184759,149,买盘
2738,13:24:48,12.39,12398,10,卖盘
2739,13:24:51,12.39,28497,23,卖盘
2740,13:24:54,12.39,122679,99,卖盘
2741,13:24:57,12.39,146248,118,卖盘
2742,13:25:00,12.4,185854,150,买盘
2743,13:25:03,12.4,732840,591,买盘
2744,13:25:09,12.4,1240,1,买盘
2745,13:25:15,12.4,31000,25,买盘
2746,13:25:18,12.4,95480,77,买盘
2747,13:25:24,12.4,1240,1,买盘
2748,13:25:27,12.39,913158,737,卖盘
2749,13:25:30,12.39,49563,40,卖盘
2750,13:25:33,12.4,18600,15,买盘
2751,13:25:36,12.39,154895,125,卖盘
2752,13:25:39,12.39,1239,1,卖盘
2753,13:25:42,12.4,33468,27,买盘
2754,13:25:48,12.39,4956,4,卖盘
2755,13:25:51,12.39,102837,83,卖盘
2756,13:25:54,12.38,1473039,1189,卖盘
2757,13:25:57,12.39,76814,62,买盘
2758,13:26:00,12.38,26014,21,卖盘
2759,13:26:03,12.39,159728,129,买盘
2760,13:26:06,12.38,203192,164,卖盘
2761,13:26:09,12.39,450948,364,买盘
2762,13:26:12,12.38,23522,19,卖盘
2763,13:26:15,12.38,123817,100,卖盘
2764,13:26:18,12.39,24780,20,买盘
2765,13:26:21,12.39,29719,24,买盘
2766,13:26:24,12.38,1238,1,卖盘
2767,13:26:27,12.38,27241,22,卖盘
2768,13:26:30,12.38,24760,20,卖盘
2769,13:26:36,12.39,40875,33,买盘
2770,13:26:39,12.38,407302,329,卖盘
2771,13:26:42,12.39,105245,85,买盘
2772,13:26:45,12.38,35915,29,卖盘
2773,13:26:48,12.38,1238,1,卖盘
2774,13:26:51,12.38,37140,30,卖盘
2775,13:26:54,12.38,619000,500,卖盘
2776,13:26:57,12.38,78014,63,卖盘
2777,13:27:00,12.38,42092,34,卖盘
2778,13:27:03,12.38,24760,20,卖盘
2779,13:27:06,12.38,169606,137,卖盘
2780,13:27:09,12.38,14856,12,买盘
2781,13:27:12,12.38,43310,35,买盘
2782,13:27:15,12.37,91601,74,卖盘
2783,13:27:18,12.38,25998,21,买盘
2784,13:27:21,12.37,14844,12,卖盘
2785,13:27:24,12.38,56944,46,买盘
2786,13:27:30,12.37,21029,17,卖盘
2787,13:27:36,12.38,183223,148,买盘
2788,13:27:39,12.38,275974,223,买盘
2789,13:27:45,12.37,35885,29,卖盘
2790,13:27:48,12.37,21044,17,卖盘
2791,13:27:51,12.37,37136,30,卖盘
2792,13:27:57,12.38,25998,21,买盘
2793,13:28:06,12.38,3714,3,买盘
2794,13:28:09,12.38,151036,122,买盘
2795,13:28:12,12.37,9896,8,卖盘
2796,13:28:18,12.37,64356,52,卖盘
2797,13:28:21,12.38,34659,28,买盘
2798,13:28:27,12.38,44568,36,买盘
2799,13:28:30,12.37,195446,158,卖盘
2800,13:28:33,12.38,28467,23,买盘
2801,13:28:36,12.38,70566,57,买盘
2802,13:28:42,12.37,75457,61,卖盘
2803,13:28:45,12.37,153511,124,卖盘
2804,13:28:48,12.38,257303,208,买盘
2805,13:28:51,12.37,32162,26,卖盘
2806,13:28:54,12.37,1237,1,卖盘
2807,13:28:57,12.38,120039,97,买盘
2808,13:29:03,12.37,34662,28,卖盘
2809,13:29:06,12.38,4952,4,买盘
2810,13:29:09,12.38,33419,27,买盘
2811,13:29:12,12.38,2476,2,买盘
2812,13:29:15,12.38,38378,31,买盘
2813,13:29:18,12.38,54459,44,买盘
2814,13:29:21,12.37,280921,227,卖盘
2815,13:29:24,12.38,4952,4,买盘
2816,13:29:27,12.37,21033,17,卖盘
2817,13:29:36,12.38,76756,62,买盘
2818,13:29:39,12.38,22284,18,买盘
2819,13:29:42,12.38,2476,2,买盘
2820,13:29:45,12.38,13618,11,买盘
2821,13:29:48,12.37,21039,17,卖盘
2822,13:29:51,12.38,22268,18,买盘
2823,13:29:54,12.37,988486,799,卖盘
2824,13:29:57,12.38,39615,32,买盘
2825,13:30:00,12.38,14856,12,买盘
2826,13:30:03,12.38,39585,32,买盘
2827,13:30:06,12.37,54428,44,卖盘
2828,13:30:09,12.37,34639,28,卖盘
2829,13:30:12,12.38,42085,34,买盘
2830,13:30:15,12.38,79182,64,买盘
2831,13:30:18,12.37,25997,21,卖盘
2832,13:30:21,12.37,38347,31,卖盘
2833,13:30:24,12.37,12370,10,卖盘
2834,13:30:27,12.38,122478,99,买盘
2835,13:30:30,12.38,152274,123,买盘
2836,13:30:36,12.38,42092,34,买盘
2837,13:30:39,12.37,138570,112,卖盘
2838,13:30:42,12.37,40825,33,卖盘
2839,13:30:45,12.37,4948,4,卖盘
2840,13:30:48,12.37,50756,41,卖盘
2841,13:30:51,12.37,168232,136,卖盘
2842,13:30:54,12.38,505936,409,买盘
2843,13:30:57,12.38,54472,44,买盘
2844,13:31:00,12.38,43309,35,买盘
2845,13:31:06,12.38,214123,173,买盘
2846,13:31:09,12.37,47006,38,卖盘
2847,13:31:12,12.37,127411,103,卖盘
2848,13:31:15,12.37,4948,4,卖盘
2849,13:31:18,12.38,24760,20,买盘
2850,13:31:21,12.37,199183,161,卖盘
2851,13:31:27,12.38,18570,15,买盘
2852,13:31:30,12.38,11142,9,买盘
2853,13:31:33,12.38,21036,17,买盘
2854,13:31:36,12.38,74280,60,买盘
2855,13:31:39,12.38,183224,148,买盘
2856,13:31:42,12.38,3714,3,买盘
2857,13:31:45,12.38,774957,626,买盘
2858,13:31:48,12.37,65563,53,卖盘
2859,13:31:54,12.37,1237,1,卖盘
2860,13:31:57,12.37,94058,76,卖盘
2861,13:32:00,12.37,12370,10,卖盘
2862,13:32:03,12.37,1237,1,卖盘
2863,13:32:06,12.37,32164,26,卖盘
2864,13:32:09,12.38,18570,15,买盘
2865,13:32:12,12.37,1237,1,卖盘
2866,13:32:15,12.38,162178,131,买盘
2867,13:32:18,12.37,143598,116,卖盘
2868,13:32:21,12.38,16094,13,买盘
2869,13:32:24,12.37,1237,1,卖盘
2870,13:32:27,12.38,1238,1,买盘
2871,13:32:33,12.38,56948,46,买盘
2872,13:32:36,12.38,247600,200,买盘
2873,13:32:39,12.38,734134,593,买盘
2874,13:32:42,12.38,189414,153,买盘
2875,13:32:45,12.38,81707,66,买盘
2876,13:32:48,12.38,339209,274,买盘
2877,13:32:51,12.37,581524,470,卖盘
2878,13:32:54,12.38,9904,8,买盘
2879,13:32:57,12.38,102754,83,买盘
2880,13:33:00,12.37,54462,44,卖盘
2881,13:33:03,12.37,63090,51,卖盘
2882,13:33:06,12.38,32188,26,买盘
2883,13:33:12,12.37,59376,48,卖盘
2884,13:33:15,12.38,71788,58,买盘
2885,13:33:18,12.38,85395,69,买盘
2886,13:33:21,12.37,51954,42,卖盘
2887,13:33:24,12.38,154750,125,买盘
2888,13:33:27,12.37,4948,4,卖盘
2889,13:33:30,12.37,18555,15,卖盘
2890,13:33:36,12.38,25998,21,买盘
2891,13:33:39,12.37,28451,23,卖盘
2892,13:33:42,12.37,51980,42,卖盘
2893,13:33:45,12.38,172082,139,买盘
2894,13:33:54,12.38,18570,15,买盘
2895,13:33:57,12.38,24760,20,买盘
2896,13:34:00,12.38,173320,140,买盘
2897,13:34:03,12.38,735369,594,买盘
2898,13:34:06,12.38,1238,1,买盘
2899,13:34:09,12.37,18560,15,卖盘
2900,13:34:15,12.38,11142,9,买盘
2901,13:34:18,12.38,108944,88,买盘
2902,13:34:21,12.37,9903,8,卖盘
2903,13:34:24,12.37,14844,12,卖盘
2904,13:34:27,12.38,2476,2,买盘
2905,13:34:30,12.38,29708,24,买盘
2906,13:34:33,12.37,90359,73,卖盘
2907,13:34:36,12.37,33399,27,卖盘
2908,13:34:39,12.37,34658,28,卖盘
2909,13:34:42,12.37,6185,5,卖盘
2910,13:34:45,12.37,25979,21,卖盘
2911,13:34:48,12.37,13609,11,卖盘
2912,13:34:51,12.38,34664,28,买盘
2913,13:34:54,12.38,8665,7,买盘
2914,13:34:57,12.38,28474,23,买盘
2915,13:35:00,12.38,6190,5,买盘
2916,13:35:03,12.37,75457,61,卖盘
2917,13:35:06,12.37,14852,12,卖盘
2918,13:35:12,12.38,42074,34,买盘
2919,13:35:15,12.38,53194,43,买盘
2920,13:35:18,12.38,37130,30,买盘
2921,13:35:21,12.38,6190,5,买盘
2922,13:35:27,12.37,48269,39,卖盘
2923,13:35:30,12.37,3711,3,卖盘
2924,13:35:33,12.38,21044,17,买盘
2925,13:35:36,12.38,37131,30,买盘
2926,13:35:39,12.38,3714,3,买盘
2927,13:35:45,12.37,44537,36,卖盘
2928,13:35:48,12.38,43330,35,买盘
2929,13:35:51,12.37,38347,31,卖盘
2930,13:35:54,12.38,39616,32,买盘
2931,13:35:57,12.38,24760,20,买盘
2932,13:36:00,12.37,65561,53,卖盘
2933,13:36:03,12.38,44567,36,买盘
2934,13:36:06,12.37,43295,35,卖盘
2935,13:36:09,12.37,27230,22,卖盘
2936,13:36:12,12.37,212929,172,卖盘
2937,13:36:15,12.38,7428,6,买盘
2938,13:36:18,12.38,96507,78,买盘
2939,13:36:21,12.37,101434,82,卖盘
2940,13:36:24,12.37,500985,405,卖盘
2941,13:36:27,12.37,22266,18,卖盘
2942,13:36:30,12.37,60648,49,卖盘
2943,13:36:33,12.38,12380,10,买盘
2944,13:36:36,12.37,35874,29,卖盘
2945,13:36:39,12.38,42092,34,买盘
2946,13:36:42,12.37,105145,85,卖盘
2947,13:36:51,12.37,18556,15,卖盘
2948,13:36:54,12.37,487378,394,卖盘
2949,13:36:57,12.38,69293,56,买盘
2950,13:37:00,12.37,8421497,6808,卖盘
2951,13:37:03,12.37,7422,6,买盘
2952,13:37:06,12.36,70490,57,卖盘
2953,13:37:09,12.37,92775,75,买盘
2954,13:37:12,12.37,128628,104,买盘
2955,13:37:15,12.37,89064,72,买盘
2956,13:37:18,12.37,61850,50,买盘
2957,13:37:21,12.37,43295,35,买盘
2958,13:37:24,12.37,35866,29,买盘
2959,13:37:27,12.37,122463,99,买盘
2960,13:37:30,12.36,21022,17,卖盘
2961,13:37:33,12.36,291769,236,卖盘
2962,13:37:36,12.36,30902,25,卖盘
2963,13:37:39,12.37,59358,48,买盘
2964,13:37:42,12.37,14844,12,买盘
2965,13:37:45,12.36,32143,26,卖盘
2966,13:37:48,12.37,60613,49,买盘
2967,13:37:51,12.36,22248,18,卖盘
2968,13:37:57,12.36,63069,51,卖盘
2969,13:38:00,12.36,51912,42,卖盘
2970,13:38:03,12.36,79104,64,卖盘
2971,13:38:06,12.36,32136,26,卖盘
2972,13:38:09,12.36,12360,10,卖盘
2973,13:38:12,12.37,29666,24,买盘
2974,13:38:15,12.36,25956,21,卖盘
2975,13:38:18,12.36,153285,124,卖盘
2976,13:38:21,12.36,50685,41,卖盘
2977,13:38:24,12.36,12360,10,卖盘
2978,13:38:27,12.37,77885,63,买盘
2979,13:38:30,12.36,58108,47,卖盘
2980,13:38:33,12.36,24720,20,卖盘
2981,13:38:36,12.36,77906,63,卖盘
2982,13:38:39,12.37,37106,30,买盘
2983,13:38:42,12.37,133496,108,买盘
2984,13:38:45,12.37,14844,12,买盘
2985,13:38:51,12.36,46982,38,卖盘
2986,13:38:54,12.36,18540,15,卖盘
2987,13:38:57,12.36,2782287,2251,卖盘
2988,13:39:00,12.35,16394270,13264,卖盘
2989,13:39:03,12.35,636146,515,卖盘
2990,13:39:06,12.35,92625,75,卖盘
2991,13:39:09,12.35,153149,124,卖盘
2992,13:39:12,12.36,160592,130,买盘
2993,13:39:15,12.35,112433,91,卖盘
2994,13:39:18,12.36,210060,170,买盘
2995,13:39:21,12.36,165590,134,买盘
2996,13:39:24,12.36,108768,88,买盘
2997,13:39:27,12.36,32130,26,买盘
2998,13:39:30,12.35,11119,9,卖盘
2999,13:39:33,12.36,69201,56,买盘
3000,13:39:36,12.36,58085,47,买盘
3001,13:39:39,12.35,48196,39,卖盘
3002,13:39:42,12.36,3730956,3021,买盘
3003,13:39:45,12.35,234788,190,卖盘
3004,13:39:48,12.36,95127,77,买盘
3005,13:39:51,12.35,253175,205,卖盘
3006,13:39:54,12.35,159328,129,卖盘
3007,13:39:57,12.35,93888,76,卖盘
3008,13:40:00,12.35,485364,393,卖盘
3009,13:40:03,12.35,410027,332,卖盘
3010,13:40:06,12.35,5620486,4551,卖盘
3011,13:40:09,12.35,1588210,1286,卖盘
3012,13:40:12,12.35,869440,704,卖盘
3013,13:40:15,12.35,1826565,1479,卖盘
3014,13:40:18,12.35,119831,97,卖盘
3015,13:40:21,12.35,887965,719,卖盘
3016,13:40:24,12.35,1782108,1443,卖盘
3017,13:40:27,12.35,831230,673,卖盘
3018,13:40:30,12.35,957121,775,卖盘
3019,13:40:33,12.35,161781,131,买盘
3020,13:40:36,12.35,190190,154,买盘
3021,13:40:39,12.34,580012,470,卖盘
3022,13:40:42,12.35,183974,149,买盘
3023,13:40:45,12.35,51834,42,买盘
3024,13:40:48,12.34,182737,148,卖盘
3025,13:40:51,12.35,74047,60,买盘
3026,13:40:54,12.35,102443,83,买盘
3027,13:40:57,12.35,287751,233,买盘
3028,13:41:00,12.35,87634,71,买盘
3029,13:41:03,12.35,333391,270,买盘
3030,13:41:06,12.34,6170,5,卖盘
3031,13:41:09,12.35,140790,114,买盘
3032,13:41:12,12.34,112295,91,卖盘
3033,13:41:15,12.34,1395698,1131,卖盘
3034,13:41:18,12.34,122215,99,卖盘
3035,13:41:21,12.35,621203,503,买盘
3036,13:41:24,12.35,276622,224,买盘
3037,13:41:27,12.34,91332,74,卖盘
3038,13:41:30,12.34,29626,24,卖盘
3039,13:41:33,12.35,247000,200,买盘
3040,13:41:36,12.34,17284,14,卖盘
3041,13:41:39,12.35,965526,782,买盘
3042,13:41:42,12.34,87641,71,卖盘
3043,13:41:45,12.35,9875,8,买盘
3044,13:41:48,12.35,51841,42,买盘
3045,13:41:51,12.34,54296,44,卖盘
3046,13:41:54,12.35,137006,111,买盘
3047,13:41:57,12.35,230945,187,买盘
3048,13:42:00,12.34,34579,28,卖盘
3049,13:42:03,12.35,245642,199,买盘
3050,13:42:06,12.35,206225,167,买盘
3051,13:42:09,12.35,166725,135,买盘
3052,13:42:12,12.34,198765,161,卖盘
3053,13:42:15,12.35,207459,168,买盘
3054,13:42:18,12.34,221007,179,卖盘
3055,13:42:21,12.34,1263632,1024,卖盘
3056,13:42:24,12.35,659476,534,买盘
3057,13:42:27,12.35,133287,108,买盘
3058,13:42:30,12.35,234584,190,买盘
3059,13:42:33,12.34,37042,30,卖盘
3060,13:42:36,12.35,25935,21,买盘
3061,13:42:39,12.34,69159,56,卖盘
3062,13:42:42,12.35,275367,223,买盘
3063,13:42:45,12.35,97565,79,买盘
3064,13:42:48,12.35,91390,74,买盘
3065,13:42:51,12.36,108682,88,买盘
3066,13:42:54,12.35,114855,93,卖盘
3067,13:42:57,12.36,96351,78,买盘
3068,13:43:00,12.35,7410,6,卖盘
3069,13:43:03,12.35,124745,101,卖盘
3070,13:43:06,12.36,14832,12,买盘
3071,13:43:12,12.35,44460,36,卖盘
3072,13:43:15,12.35,46931,38,卖盘
3073,13:43:18,12.35,258150,209,卖盘
3074,13:43:21,12.35,40755,33,卖盘
3075,13:43:24,12.36,16056,13,买盘
3076,13:43:27,12.35,54343,44,卖盘
3077,13:43:30,12.35,48165,39,卖盘
3078,13:43:39,12.35,46950,38,卖盘
