,成交时间,成交价格,成交金额,成交量,性质
0,09:25:00,12.33,5586723,4531,卖盘
1,09:30:00,12.33,4640842,3761,卖盘
2,09:30:03,12.34,6948510,5633,买盘
3,09:30:06,12.35,6099066,4940,买盘
4,09:30:09,12.34,3114356,2523,买盘
5,09:30:12,12.35,1624883,1316,买盘
6,09:30:15,12.35,3039113,2460,卖盘
7,09:30:18,12.35,2489233,2017,买盘
8,09:30:21,12.36,1243223,1006,买盘
9,09:30:24,12.36,417712,338,买盘
10,09:30:27,12.36,1259306,1019,买盘
11,09:30:30,12.36,4012792,3247,买盘
12,09:30:33,12.36,432650,350,卖盘
13,09:30:36,12.36,787370,637,买盘
14,09:30:39,12.36,422715,342,卖盘
15,09:30:42,12.36,217494,176,卖盘
16,09:30:45,12.35,1058573,857,卖盘
17,09:30:48,12.35,96287,78,买盘
18,09:30:51,12.35,406305,329,买盘
19,09:30:54,12.34,876345,710,卖盘
20,09:30:57,12.34,344508,279,卖盘
21,09:31:00,12.34,501271,406,卖盘
22,09:31:03,12.34,1625068,1316,卖盘
23,09:31:06,12.35,255604,207,买盘
24,09:31:09,12.35,619967,502,卖盘
25,09:31:12,12.35,264290,214,卖盘
26,09:31:15,12.35,894234,724,卖盘
27,09:31:18,12.35,29647,24,卖盘
28,09:31:21,12.36,1152270,933,买盘
29,09:31:24,12.36,868850,703,买盘
30,09:31:27,12.38,12483616,10089,买盘
31,09:31:30,12.38,3069776,2478,卖盘
32,09:31:33,12.39,596957,482,买盘
33,09:31:36,12.39,368991,298,买盘
34,09:31:39,12.38,953484,770,卖盘
35,09:31:42,12.38,505032,408,买盘
36,09:31:45,12.38,482803,390,买盘
37,09:31:48,12.39,4677369,3778,买盘
38,09:31:51,12.38,943761,762,卖盘
39,09:31:54,12.38,683446,552,卖盘
40,09:31:57,12.39,8114702,6549,买盘
41,09:32:00,12.39,612210,494,卖盘
42,09:32:03,12.4,7774053,6268,买盘
43,09:32:06,12.41,2316709,1867,中性盘
44,09:32:09,12.4,275295,222,卖盘
45,09:32:12,12.41,5965690,4803,买盘
46,09:32:15,12.41,3102955,2500,卖盘
47,09:32:18,12.42,711302,573,买盘
48,09:32:21,12.41,797921,643,卖盘
49,09:32:24,12.41,2639914,2127,买盘
50,09:32:27,12.41,1080229,870,中性盘
51,09:32:30,12.41,788385,635,卖盘
52,09:32:33,12.42,4737007,3814,买盘
53,09:32:36,12.43,1600432,1288,买盘
54,09:32:39,12.43,2634681,2121,买盘
55,09:32:42,12.42,1144411,921,卖盘
56,09:32:45,12.43,1003034,807,买盘
57,09:32:48,12.43,1962242,1579,买盘
58,09:32:51,12.43,1789206,1440,买盘
59,09:32:54,12.42,873280,703,卖盘
60,09:32:57,12.42,2011036,1619,卖盘
61,09:33:00,12.42,3301279,2658,买盘
62,09:33:03,12.43,1718048,1383,买盘
63,09:33:06,12.42,3745822,3015,卖盘
64,09:33:09,12.42,1317731,1061,卖盘
65,09:33:12,12.42,784911,632,买盘
66,09:33:15,12.42,1091614,879,买盘
67,09:33:18,12.41,849518,684,卖盘
68,09:33:21,12.41,471915,380,卖盘
69,09:33:24,12.42,1851669,1492,买盘
70,09:33:27,12.41,1118306,901,卖盘
71,09:33:30,12.41,1083409,873,买盘
72,09:33:33,12.42,3002885,2418,买盘
73,09:33:36,12.42,1070492,862,买盘
74,09:33:39,12.42,1364418,1099,买盘
75,09:33:42,12.41,1144272,922,卖盘
76,09:33:45,12.42,691734,557,买盘
77,09:33:48,12.42,593257,478,买盘
78,09:33:51,12.42,1245321,1003,买盘
79,09:33:54,12.41,360089,290,卖盘
80,09:33:57,12.42,669212,539,买盘
81,09:34:00,12.42,407086,328,买盘
82,09:34:03,12.42,537755,433,买盘
83,09:34:06,12.42,1324178,1067,买盘
84,09:34:09,12.42,684074,551,买盘
85,09:34:12,12.41,512635,413,卖盘
86,09:34:15,12.41,1174009,946,卖盘
87,09:34:18,12.4,255583,206,卖盘
88,09:34:21,12.4,1080809,871,卖盘
89,09:34:24,12.4,1584895,1278,卖盘
90,09:34:27,12.41,393093,317,买盘
91,09:34:30,12.4,2057322,1659,卖盘
92,09:34:33,12.41,219642,177,买盘
93,09:34:36,12.41,212121,171,买盘
94,09:34:39,12.41,172446,139,买盘
95,09:34:42,12.41,555940,448,买盘
96,09:34:45,12.4,2702568,2179,卖盘
97,09:34:48,12.4,396949,320,卖盘
98,09:34:51,12.41,400572,323,买盘
99,09:34:54,12.4,1443434,1164,卖盘
100,09:34:57,12.4,943640,761,买盘
101,09:35:00,12.4,1507924,1217,买盘
102,09:35:03,12.4,271529,219,买盘
103,09:35:06,12.39,199628,161,卖盘
104,09:35:09,12.4,601166,485,买盘
105,09:35:12,12.39,1644164,1327,卖盘
106,09:35:15,12.39,372782,301,买盘
107,09:35:18,12.39,279812,226,买盘
108,09:35:21,12.38,319420,258,卖盘
109,09:35:24,12.39,252568,204,买盘
110,09:35:27,12.38,245209,198,卖盘
111,09:35:30,12.38,100325,81,卖盘
112,09:35:33,12.39,123895,100,买盘
113,09:35:36,12.39,1079122,871,买盘
114,09:35:39,12.39,208037,168,买盘
115,09:35:42,12.39,384040,310,买盘
116,09:35:45,12.38,95359,77,卖盘
117,09:35:48,12.38,53244,43,卖盘
118,09:35:51,12.39,1185679,957,买盘
119,09:35:54,12.39,562465,454,买盘
120,09:35:57,12.4,386559,312,买盘
121,09:36:00,12.39,61951,50,卖盘
122,09:36:03,12.4,5284934,4262,买盘
123,09:36:06,12.4,537280,433,卖盘
124,09:36:09,12.4,1475341,1189,卖盘
125,09:36:12,12.4,635232,512,卖盘
126,09:36:15,12.41,2546490,2052,买盘
127,09:36:18,12.4,2741991,2211,卖盘
128,09:36:21,12.4,4161633,3355,买盘
129,09:36:24,12.4,1005631,811,买盘
130,09:36:27,12.4,2806487,2262,买盘
131,09:36:30,12.42,4711204,3796,买盘
132,09:36:33,12.43,9125237,7347,买盘
133,09:36:36,12.44,10923329,8786,买盘
134,09:36:39,12.44,2530274,2034,买盘
135,09:36:42,12.44,3669733,2949,买盘
136,09:36:45,12.45,5669645,4554,买盘
137,09:36:48,12.44,5128990,4120,卖盘
138,09:36:51,12.45,3083800,2476,买盘
139,09:36:54,12.46,1895961,1522,买盘
140,09:36:57,12.46,1433829,1151,买盘
141,09:37:00,12.45,1382178,1110,卖盘
142,09:37:03,12.45,816700,656,买盘
143,09:37:06,12.44,4037561,3244,卖盘
144,09:37:09,12.44,655719,527,卖盘
145,09:37:12,12.44,3937823,3164,买盘
146,09:37:15,12.44,577122,464,买盘
147,09:37:18,12.42,1269866,1022,卖盘
148,09:37:21,12.43,428825,345,买盘
149,09:37:24,12.43,1835456,1476,买盘
150,09:37:27,12.43,376785,303,卖盘
151,09:37:30,12.43,256218,206,卖盘
152,09:37:33,12.44,437598,352,买盘
153,09:37:36,12.43,356747,287,卖盘
154,09:37:39,12.43,1349584,1085,卖盘
155,09:37:42,12.44,144228,116,买盘
156,09:37:45,12.43,282274,227,卖盘
157,09:37:48,12.43,818007,658,卖盘
158,09:37:51,12.42,182707,147,卖盘
159,09:37:54,12.43,141655,114,买盘
160,09:37:57,12.42,195103,157,卖盘
161,09:38:00,12.42,182643,147,卖盘
162,09:38:03,12.43,2009977,1618,买盘
163,09:38:06,12.42,545340,439,卖盘
164,09:38:09,12.42,693036,558,卖盘
165,09:38:12,12.42,393570,317,买盘
166,09:38:15,12.42,483130,389,买盘
167,09:38:18,12.42,430987,347,卖盘
168,09:38:21,12.42,588793,474,卖盘
169,09:38:24,12.41,335324,270,卖盘
170,09:38:27,12.43,571535,460,买盘
171,09:38:30,12.42,386262,311,卖盘
172,09:38:33,12.41,326614,263,卖盘
173,09:38:36,12.43,1117068,899,买盘
174,09:38:39,12.42,75762,61,买盘
175,09:38:42,12.42,196236,158,买盘
176,09:38:45,12.41,427060,344,卖盘
177,09:38:48,12.4,4774360,3847,卖盘
178,09:38:51,12.4,689903,556,卖盘
179,09:38:54,12.4,137657,111,卖盘
180,09:38:57,12.4,336040,271,卖盘
181,09:39:00,12.4,426621,344,卖盘
182,09:39:03,12.4,616280,497,卖盘
183,09:39:06,12.4,2269209,1830,卖盘
184,09:39:09,12.4,332304,268,买盘
185,09:39:12,12.4,666642,538,买盘
186,09:39:15,12.4,359542,290,买盘
187,09:39:18,12.39,288709,233,卖盘
188,09:39:21,12.39,87977,71,卖盘
189,09:39:24,12.4,321015,259,买盘
190,09:39:27,12.4,290017,234,买盘
191,09:39:30,12.4,462447,373,买盘
192,09:39:33,12.4,648371,523,买盘
193,09:39:36,12.4,731083,590,买盘
194,09:39:39,12.42,15032088,12120,买盘
195,09:39:42,12.43,2321104,1871,买盘
196,09:39:45,12.42,6993748,5626,卖盘
197,09:39:48,12.43,39786,32,卖盘
198,09:39:51,12.43,1006842,810,卖盘
199,09:39:54,12.43,136701,110,买盘
200,09:39:57,12.43,65845,53,买盘
201,09:40:00,12.42,80756,65,卖盘
202,09:40:03,12.43,204965,165,买盘
203,09:40:06,12.42,322931,260,卖盘
204,09:40:09,12.43,541648,436,买盘
205,09:40:12,12.42,4243914,3417,卖盘
206,09:40:15,12.41,474261,382,卖盘
207,09:40:18,12.42,1449144,1167,买盘
208,09:40:21,12.42,633490,510,买盘
209,09:40:24,12.42,167670,135,卖盘
210,09:40:27,12.42,206178,166,卖盘
211,09:40:30,12.42,165186,133,卖盘
212,09:40:33,12.42,670681,540,卖盘
213,09:40:36,12.42,101844,82,买盘
214,09:40:39,12.42,146523,118,买盘
215,09:40:42,12.42,39732,32,买盘
216,09:40:45,12.42,105570,85,买盘
217,09:40:48,12.42,171292,138,买盘
218,09:40:51,12.41,49652,40,卖盘
219,09:40:54,12.42,67040,54,买盘
220,09:40:57,12.41,321444,259,卖盘
221,09:41:00,12.42,59604,48,买盘
222,09:41:03,12.41,3232807,2605,卖盘
223,09:41:06,12.41,275410,222,买盘
224,09:41:09,12.41,126545,102,买盘
225,09:41:12,12.4,306486,247,卖盘
226,09:41:15,12.4,1410845,1137,卖盘
227,09:41:18,12.4,867058,699,卖盘
228,09:41:21,12.4,473840,382,卖盘
229,09:41:24,12.4,62002,50,卖盘
230,09:41:27,12.4,218332,176,卖盘
231,09:41:30,12.41,3799857,3062,买盘
232,09:41:33,12.41,460390,371,卖盘
233,09:41:36,12.4,1498682,1208,卖盘
234,09:41:39,12.41,246865,199,买盘
235,09:41:42,12.4,194781,157,卖盘
236,09:41:45,12.4,38451,31,卖盘
237,09:41:48,12.41,86852,70,买盘
238,09:41:51,12.4,213356,172,卖盘
239,09:41:54,12.41,163797,132,买盘
240,09:41:57,12.41,62030,50,买盘
241,09:42:00,12.41,6205,5,买盘
242,09:42:03,12.41,811613,654,买盘
243,09:42:06,12.42,1433359,1155,买盘
244,09:42:09,12.41,228414,184,卖盘
245,09:42:12,12.41,712404,574,卖盘
246,09:42:15,12.42,110452,89,买盘
247,09:42:18,12.41,67031,54,卖盘
248,09:42:21,12.41,115415,93,卖盘
249,09:42:24,12.41,897251,723,卖盘
250,09:42:27,12.41,1102018,888,卖盘
251,09:42:30,12.4,331414,267,卖盘
252,09:42:33,12.41,210970,170,买盘
253,09:42:36,12.41,142717,115,卖盘
254,09:42:39,12.41,63294,51,卖盘
255,09:42:42,12.41,475330,383,卖盘
256,09:42:45,12.4,120340,97,卖盘
257,09:42:48,12.4,12400,10,卖盘
258,09:42:51,12.4,79366,64,卖盘
259,09:42:54,12.41,193448,156,买盘
260,09:42:57,12.41,961110,775,买盘
261,09:43:00,12.4,105400,85,卖盘
262,09:43:03,12.41,47158,38,买盘
263,09:43:06,12.41,19856,16,买盘
264,09:43:09,12.41,91819,74,买盘
265,09:43:12,12.4,7440,6,卖盘
266,09:43:15,12.41,50861,41,买盘
267,09:43:18,12.41,132971,107,买盘
268,09:43:21,12.4,917649,740,卖盘
269,09:43:24,12.4,24805,20,卖盘
270,09:43:27,12.4,673620,543,卖盘
271,09:43:30,12.4,55067,44,卖盘
272,09:43:33,12.4,18602,15,卖盘
273,09:43:36,12.41,53361,43,买盘
274,09:43:39,12.4,1065182,859,卖盘
275,09:43:42,12.4,80608,65,卖盘
276,09:43:45,12.4,94262,76,卖盘
277,09:43:48,12.41,266629,215,买盘
278,09:43:51,12.4,38448,31,卖盘
279,09:43:54,12.41,313936,253,买盘
280,09:43:57,12.41,48367,39,买盘
281,09:44:00,12.41,4095226,3300,买盘
282,09:44:03,12.41,856264,690,买盘
283,09:44:06,12.41,310238,250,买盘
284,09:44:09,12.41,2249937,1813,买盘
285,09:44:12,12.42,1373495,1106,买盘
286,09:44:15,12.43,7651038,6160,买盘
287,09:44:18,12.42,495648,399,卖盘
288,09:44:21,12.42,751912,605,卖盘
289,09:44:24,12.44,5025412,4043,买盘
290,09:44:27,12.43,406477,327,卖盘
291,09:44:30,12.44,3746749,3014,买盘
292,09:44:33,12.43,838426,674,卖盘
293,09:44:36,12.43,50974,41,卖盘
294,09:44:39,12.43,83321,67,卖盘
295,09:44:42,12.43,2058395,1656,卖盘
296,09:44:45,12.43,753258,606,买盘
297,09:44:48,12.42,418862,337,卖盘
298,09:44:51,12.43,55908,45,买盘
299,09:44:54,12.42,3917927,3150,卖盘
300,09:44:57,12.43,18641,15,买盘
301,09:45:00,12.43,193836,156,买盘
302,09:45:03,12.42,509241,410,卖盘
303,09:45:06,12.42,851395,685,卖盘
304,09:45:09,12.43,151554,122,买盘
305,09:45:12,12.42,177643,143,卖盘
306,09:45:15,12.43,320694,258,买盘
307,09:45:18,12.42,79490,64,卖盘
308,09:45:21,12.42,132913,107,卖盘
309,09:45:24,12.42,2291557,1845,卖盘
310,09:45:27,12.42,3275226,2637,买盘
311,09:45:30,12.42,167670,135,卖盘
312,09:45:33,12.42,134138,108,卖盘
313,09:45:36,12.42,1047006,843,卖盘
314,09:45:39,12.42,363906,293,买盘
315,09:45:42,12.42,2004390,1615,买盘
316,09:45:45,12.42,99360,80,买盘
317,09:45:48,12.42,26081,21,买盘
318,09:45:51,12.41,145267,117,卖盘
319,09:45:54,12.41,1128071,909,卖盘
320,09:45:57,12.41,16135,13,卖盘
321,09:46:00,12.41,271780,219,卖盘
322,09:46:03,12.42,322894,260,买盘
323,09:46:06,12.41,217188,175,卖盘
324,09:46:09,12.41,333834,269,卖盘
325,09:46:12,12.42,85679,69,买盘
326,09:46:15,12.41,2091123,1685,卖盘
327,09:46:18,12.41,58330,47,卖盘
328,09:46:21,12.41,2386450,1923,卖盘
329,09:46:24,12.41,245728,198,卖盘
330,09:46:27,12.41,649057,523,卖盘
331,09:46:30,12.41,1610819,1298,卖盘
332,09:46:33,12.42,108009,87,买盘
333,09:46:36,12.41,84388,68,卖盘
334,09:46:39,12.41,343765,277,卖盘
335,09:46:42,12.42,12420,10,买盘
336,09:46:45,12.41,444286,358,卖盘
337,09:46:48,12.41,150161,121,卖盘
338,09:46:51,12.41,582035,469,卖盘
339,09:46:54,12.41,235791,190,卖盘
340,09:46:57,12.42,19857,16,买盘
341,09:47:00,12.41,496401,400,卖盘
342,09:47:03,12.41,318937,257,买盘
343,09:47:06,12.41,1041199,839,买盘
344,09:47:09,12.42,682583,550,买盘
345,09:47:12,12.41,222165,179,卖盘
346,09:47:15,12.42,1143864,921,买盘
347,09:47:18,12.42,1695270,1365,买盘
348,09:47:21,12.42,3416735,2751,买盘
349,09:47:24,12.42,43470,35,卖盘
350,09:47:27,12.42,73301,59,卖盘
351,09:47:30,12.42,134136,108,卖盘
352,09:47:33,12.42,439719,354,卖盘
353,09:47:36,12.42,70814,57,卖盘
354,09:47:39,12.42,24830,20,买盘
355,09:47:42,12.41,89362,72,卖盘
356,09:47:45,12.42,47159,38,买盘
357,09:47:48,12.41,89372,72,卖盘
358,09:47:51,12.41,81924,66,卖盘
359,09:47:54,12.41,58337,47,卖盘
360,09:47:57,12.42,31026,25,买盘
361,09:48:00,12.42,170054,137,买盘
362,09:48:03,12.42,247158,199,买盘
363,09:48:06,12.42,1346328,1084,买盘
364,09:48:09,12.42,119236,96,卖盘
365,09:48:12,12.42,284419,229,卖盘
366,09:48:15,12.42,116748,94,卖盘
367,09:48:18,12.43,1252891,1008,买盘
368,09:48:21,12.43,228531,184,买盘
369,09:48:27,12.43,3920405,3154,买盘
370,09:48:30,12.43,124301,100,卖盘
371,09:48:33,12.43,241142,194,卖盘
372,09:48:36,12.43,137971,111,买盘
373,09:48:39,12.43,156599,126,买盘
374,09:48:42,12.43,36024,29,买盘
375,09:48:45,12.43,17402,14,买盘
376,09:48:48,12.43,50953,41,买盘
377,09:48:51,12.43,522045,420,买盘
378,09:48:54,12.43,78304,63,买盘
379,09:48:57,12.43,182674,147,买盘
380,09:49:00,12.43,172646,139,买盘
381,09:49:03,12.43,325648,262,买盘
382,09:49:06,12.43,284587,229,买盘
383,09:49:09,12.43,270974,218,买盘
384,09:49:12,12.43,111870,90,买盘
385,09:49:15,12.43,241142,194,买盘
386,09:49:18,12.43,104412,84,买盘
387,09:49:21,12.43,2080782,1674,买盘
388,09:49:24,12.42,165303,133,卖盘
389,09:49:27,12.43,1655666,1332,买盘
390,09:49:30,12.43,136674,110,买盘
391,09:49:33,12.42,21130,17,卖盘
392,09:49:36,12.43,58415,47,买盘
393,09:49:39,12.43,32318,26,买盘
394,09:49:42,12.42,39744,32,卖盘
395,09:49:45,12.43,111847,90,买盘
396,09:49:48,12.43,467368,376,买盘
397,09:49:51,12.43,19888,16,买盘
398,09:49:54,12.42,37269,30,卖盘
399,09:49:57,12.42,2484,2,卖盘
400,09:50:00,12.43,1129835,909,买盘
401,09:50:03,12.42,395161,318,卖盘
402,09:50:06,12.43,135456,109,买盘
403,09:50:09,12.43,1296431,1043,买盘
404,09:50:12,12.43,513392,413,卖盘
405,09:50:15,12.43,394031,317,卖盘
406,09:50:18,12.44,1379375,1109,买盘
407,09:50:21,12.43,281134,226,卖盘
408,09:50:24,12.44,47272,38,买盘
409,09:50:27,12.44,119384,96,买盘
410,09:50:30,12.43,201514,162,卖盘
411,09:50:33,12.44,88319,71,买盘
412,09:50:36,12.43,43530,35,卖盘
413,09:50:39,12.43,67123,54,卖盘
414,09:50:42,12.44,138049,111,买盘
415,09:50:45,12.43,75823,61,卖盘
416,09:50:48,12.43,276071,222,卖盘
417,09:50:51,12.44,109462,88,买盘
418,09:50:54,12.45,11978527,9629,买盘
419,09:50:57,12.44,528893,425,卖盘
420,09:51:00,12.45,230143,185,买盘
421,09:51:03,12.45,1888593,1517,买盘
422,09:51:06,12.44,1340782,1077,卖盘
423,09:51:09,12.45,186749,150,买盘
424,09:51:12,12.44,801227,644,卖盘
425,09:51:15,12.44,360769,290,卖盘
426,09:51:18,12.44,240142,193,卖盘
427,09:51:21,12.45,289924,233,买盘
428,09:51:24,12.45,321048,258,买盘
429,09:51:27,12.44,408231,328,卖盘
430,09:51:30,12.45,282495,227,买盘
431,09:51:33,12.44,1398198,1124,卖盘
432,09:51:36,12.44,618024,497,买盘
433,09:51:39,12.44,1491426,1199,买盘
434,09:51:42,12.43,32327,26,卖盘
435,09:51:45,12.44,98238,79,买盘
436,09:51:48,12.44,1492779,1200,买盘
437,09:51:51,12.44,4974,4,买盘
438,09:51:54,12.43,26105,21,卖盘
439,09:51:57,12.44,44771,36,买盘
440,09:52:00,12.44,16171,13,买盘
441,09:52:03,12.43,68406,55,卖盘
442,09:52:06,12.43,129291,104,卖盘
443,09:52:09,12.44,2488,2,买盘
444,09:52:12,12.44,825700,664,买盘
445,09:52:15,12.44,50982,41,买盘
446,09:52:18,12.44,339376,273,买盘
447,09:52:21,12.44,606613,488,买盘
448,09:52:24,12.43,397760,320,卖盘
449,09:52:27,12.44,1136108,914,买盘
450,09:52:30,12.43,156618,126,卖盘
451,09:52:33,12.42,90688,73,卖盘
452,09:52:36,12.43,77066,62,买盘
453,09:52:39,12.42,10209260,8220,卖盘
454,09:52:42,12.42,124176,100,买盘
455,09:52:45,12.41,223425,180,卖盘
456,09:52:48,12.41,7449,6,卖盘
457,09:52:51,12.42,65809,53,买盘
458,09:52:54,12.42,13661,11,买盘
459,09:52:57,12.42,80730,65,买盘
460,09:53:00,12.42,49652,40,买盘
461,09:53:03,12.42,67057,54,买盘
462,09:53:06,12.42,253179,204,买盘
463,09:53:09,12.4,2263762,1824,卖盘
464,09:53:12,12.4,101710,82,卖盘
465,09:53:15,12.4,86867,70,卖盘
466,09:53:18,12.41,59555,48,买盘
467,09:53:21,12.4,593972,479,卖盘
468,09:53:24,12.41,152562,123,买盘
469,09:53:27,12.41,125308,101,买盘
470,09:53:30,12.41,43435,35,买盘
471,09:53:33,12.41,153881,124,买盘
472,09:53:36,12.41,63274,51,买盘
473,09:53:39,12.4,213280,172,卖盘
474,09:53:42,12.41,47140,38,买盘
475,09:53:45,12.41,151402,122,买盘
476,09:53:48,12.41,83110,67,买盘
477,09:53:51,12.41,109181,88,买盘
478,09:53:54,12.4,84329,68,卖盘
479,09:53:57,12.4,28527,23,卖盘
480,09:54:00,12.4,156241,126,卖盘
481,09:54:03,12.4,226964,183,卖盘
482,09:54:06,12.4,94286,76,卖盘
483,09:54:09,12.4,45880,37,卖盘
484,09:54:12,12.4,151379,122,卖盘
485,09:54:15,12.41,342447,276,买盘
486,09:54:18,12.4,26042,21,卖盘
487,09:54:21,12.4,80603,65,卖盘
488,09:54:24,12.41,158834,128,买盘
489,09:54:27,12.4,432765,349,卖盘
490,09:54:30,12.4,146325,118,卖盘
491,09:54:33,12.4,2480,2,卖盘
492,09:54:36,12.4,198514,160,卖盘
493,09:54:39,12.4,100441,81,卖盘
494,09:54:42,12.4,32251,26,卖盘
495,09:54:45,12.4,244291,197,卖盘
496,09:54:48,12.4,1353503,1091,卖盘
497,09:54:51,12.4,117806,95,卖盘
498,09:54:54,12.4,279017,225,卖盘
499,09:54:57,12.4,1722360,1389,卖盘
500,09:55:00,12.4,282776,228,卖盘
501,09:55:03,12.4,1302000,1050,卖盘
502,09:55:06,12.4,60760,49,卖盘
503,09:55:09,12.4,155000,125,卖盘
504,09:55:12,12.41,21088,17,买盘
505,09:55:15,12.4,75650,61,卖盘
506,09:55:18,12.41,63242,51,买盘
507,09:55:21,12.41,203455,164,买盘
508,09:55:24,12.4,90521,73,卖盘
509,09:55:27,12.4,319970,258,卖盘
510,09:55:30,12.41,42163,34,买盘
511,09:55:33,12.4,55826,45,卖盘
512,09:55:36,12.4,768800,620,卖盘
513,09:55:39,12.4,172390,139,卖盘
514,09:55:42,12.41,21084,17,买盘
515,09:55:45,12.41,65723,53,买盘
516,09:55:48,12.41,680808,549,买盘
517,09:55:51,12.41,74437,60,买盘
518,09:55:54,12.41,246830,199,买盘
519,09:55:57,12.41,1753379,1414,买盘
520,09:56:00,12.4,44641,36,卖盘
521,09:56:03,12.41,171180,138,买盘
522,09:56:06,12.41,256681,207,买盘
523,09:56:09,12.4,419131,338,卖盘
524,09:56:12,12.4,38445,31,卖盘
525,09:56:15,12.4,106641,86,卖盘
526,09:56:18,12.4,1903534,1534,卖盘
527,09:56:21,12.4,249240,201,卖盘
528,09:56:24,12.41,71977,58,买盘
529,09:56:27,12.4,88047,71,卖盘
530,09:56:30,12.41,76897,62,买盘
531,09:56:33,12.4,250498,202,卖盘
532,09:56:36,12.4,62000,50,卖盘
533,09:56:39,12.4,23560,19,卖盘
534,09:56:42,12.41,33487,27,买盘
535,09:56:45,12.41,29770,24,买盘
536,09:56:48,12.41,38456,31,买盘
537,09:56:51,12.4,16120,13,卖盘
538,09:56:54,12.4,310000,250,卖盘
539,09:56:57,12.4,152610,123,卖盘
540,09:57:00,12.4,63240,51,卖盘
541,09:57:03,12.4,155006,125,卖盘
542,09:57:06,12.4,3257500,2627,卖盘
543,09:57:09,12.39,52048,42,卖盘
544,09:57:12,12.4,117787,95,买盘
545,09:57:15,12.39,80555,65,卖盘
546,09:57:18,12.4,198390,160,买盘
547,09:57:21,12.39,45844,37,卖盘
548,09:57:24,12.39,148760,120,卖盘
549,09:57:27,12.39,102847,83,卖盘
550,09:57:30,12.39,350646,283,卖盘
551,09:57:33,12.39,223020,180,卖盘
552,09:57:36,12.39,330813,267,卖盘
553,09:57:39,12.39,562836,454,卖盘
554,09:57:42,12.39,369230,298,卖盘
555,09:57:45,12.39,287448,232,卖盘
556,09:57:48,12.4,111566,90,买盘
557,09:57:51,12.39,39648,32,卖盘
558,09:57:54,12.39,235410,190,卖盘
559,09:57:57,12.39,32214,26,卖盘
560,09:58:00,12.39,291185,235,卖盘
561,09:58:03,12.39,152423,123,卖盘
562,09:58:06,12.4,39649,32,买盘
563,09:58:09,12.4,1215945,981,买盘
564,09:58:12,12.39,9912,8,卖盘
565,09:58:15,12.39,57014,46,卖盘
566,09:58:18,12.4,52080,42,买盘
567,09:58:21,12.4,58248,47,买盘
568,09:58:24,12.39,27259,22,卖盘
569,09:58:27,12.39,86735,70,卖盘
570,09:58:30,12.4,9917,8,买盘
571,09:58:33,12.4,2480,2,买盘
572,09:58:36,12.39,37190,30,卖盘
573,09:58:39,12.39,125145,101,卖盘
574,09:58:42,12.39,100385,81,卖盘
575,09:58:45,12.39,52038,42,卖盘
576,09:58:48,12.39,55755,45,卖盘
577,09:58:51,12.39,113988,92,卖盘
578,09:58:54,12.39,215588,174,卖盘
579,09:58:57,12.39,56994,46,卖盘
580,09:59:00,12.39,294884,238,卖盘
581,09:59:03,12.39,2501536,2019,卖盘
582,09:59:06,12.38,39630,32,卖盘
583,09:59:09,12.38,302103,244,卖盘
584,09:59:12,12.38,22289,18,卖盘
585,09:59:15,12.38,43334,35,卖盘
586,09:59:18,12.38,28487,23,卖盘
587,09:59:21,12.38,4186922,3380,卖盘
588,09:59:24,12.38,1056759,853,卖盘
589,09:59:27,12.39,371533,300,买盘
590,09:59:30,12.39,111510,90,买盘
591,09:59:33,12.38,44585,36,卖盘
592,09:59:36,12.39,1057256,854,买盘
593,09:59:39,12.39,111432,90,买盘
594,09:59:42,12.39,459322,371,买盘
595,09:59:45,12.38,33427,27,卖盘
596,09:59:48,12.38,107707,87,卖盘
597,09:59:51,12.38,133728,108,卖盘
598,09:59:54,12.38,80511,65,卖盘
599,09:59:57,12.38,242676,196,卖盘
600,10:00:00,12.38,200576,162,卖盘
601,10:00:03,12.38,7290547,5889,卖盘
602,10:00:06,12.37,40823,33,卖盘
603,10:00:09,12.38,136094,110,买盘
604,10:00:12,12.38,267306,216,买盘
605,10:00:15,12.38,516246,417,买盘
606,10:00:18,12.38,1651462,1334,买盘
607,10:00:21,12.38,1380386,1115,卖盘
608,10:00:24,12.38,349121,282,卖盘
609,10:00:27,12.38,444444,359,卖盘
610,10:00:30,12.38,555980,449,卖盘
611,10:00:33,12.38,392462,317,卖盘
612,10:00:36,12.38,750232,606,卖盘
613,10:00:39,12.38,75523,61,卖盘
614,10:00:42,12.38,37140,30,卖盘
615,10:00:45,12.38,103999,84,卖盘
616,10:00:48,12.38,4255827,3439,卖盘
617,10:00:51,12.38,413498,334,卖盘
618,10:00:54,12.38,748972,605,买盘
619,10:00:57,12.37,127411,103,卖盘
620,10:01:00,12.38,226482,183,买盘
621,10:01:03,12.38,243863,197,买盘
622,10:01:06,12.37,139860,113,卖盘
623,10:01:09,12.37,126197,102,卖盘
624,10:01:12,12.37,1710771,1383,卖盘
625,10:01:15,12.39,1861932,1504,买盘
626,10:01:18,12.39,92851,75,买盘
627,10:01:21,12.39,75528,61,买盘
628,10:01:24,12.39,28481,23,买盘
629,10:01:27,12.39,104011,84,买盘
630,10:01:30,12.38,82956,67,卖盘
631,10:01:33,12.38,180748,146,卖盘
632,10:01:36,12.38,740829,598,卖盘
633,10:01:39,12.39,97804,79,买盘
634,10:01:42,12.39,646721,522,买盘
635,10:01:45,12.38,74316,60,卖盘
636,10:01:48,12.38,446002,360,卖盘
637,10:01:51,12.39,1339342,1081,买盘
638,10:01:54,12.4,796035,642,买盘
639,10:01:57,12.4,240498,194,买盘
640,10:02:00,12.39,154909,125,卖盘
641,10:02:03,12.4,135084,109,买盘
642,10:02:06,12.39,116466,94,卖盘
643,10:02:09,12.39,86742,70,卖盘
644,10:02:12,12.39,346920,280,卖盘
645,10:02:15,12.39,6195,5,卖盘
646,10:02:18,12.39,17346,14,卖盘
647,10:02:21,12.39,4956,4,卖盘
648,10:02:24,12.39,1239,1,卖盘
649,10:02:27,12.39,35931,29,卖盘
650,10:02:30,12.39,293649,237,卖盘
651,10:02:33,12.39,40888,33,卖盘
652,10:02:36,12.39,11157,9,卖盘
653,10:02:39,12.39,530292,428,卖盘
654,10:02:42,12.39,107793,87,卖盘
655,10:02:45,12.39,24780,20,卖盘
656,10:02:48,12.39,3719,3,卖盘
657,10:02:51,12.4,1240,1,买盘
658,10:02:54,12.39,22302,18,卖盘
659,10:02:57,12.39,63199,51,卖盘
660,10:03:00,12.39,78058,63,卖盘
661,10:03:03,12.39,210643,170,卖盘
662,10:03:06,12.39,154875,125,卖盘
663,10:03:09,12.4,84285,68,买盘
664,10:03:12,12.4,443614,358,买盘
665,10:03:15,12.39,69404,56,卖盘
666,10:03:18,12.39,395269,319,卖盘
667,10:03:21,12.39,11151,9,卖盘
668,10:03:24,12.39,1267497,1023,卖盘
669,10:03:27,12.39,293645,237,买盘
670,10:03:30,12.4,24783,20,买盘
671,10:03:33,12.4,11155,9,买盘
672,10:03:36,12.39,32214,26,卖盘
673,10:03:39,12.39,68151,55,卖盘
674,10:03:42,12.4,535376,432,买盘
675,10:03:45,12.4,76825,62,买盘
676,10:03:48,12.41,9043803,7293,买盘
677,10:03:51,12.4,228255,184,卖盘
678,10:03:54,12.41,98038,79,买盘
679,10:03:57,12.41,54604,44,买盘
680,10:04:00,12.41,63291,51,买盘
681,10:04:03,12.4,99260,80,卖盘
682,10:04:06,12.4,29762,24,卖盘
683,10:04:09,12.4,143848,116,卖盘
684,10:04:12,12.41,26041,21,买盘
685,10:04:15,12.41,6203,5,买盘
686,10:04:18,12.41,18615,15,买盘
687,10:04:21,12.4,162513,131,卖盘
688,10:04:24,12.41,197301,159,买盘
689,10:04:27,12.4,107882,87,卖盘
690,10:04:30,12.41,161238,130,买盘
691,10:04:33,12.41,387191,312,买盘
692,10:04:36,12.41,31010,25,买盘
693,10:04:42,12.4,55806,45,卖盘
694,10:04:45,12.4,64490,52,卖盘
695,10:04:48,12.41,128976,104,买盘
696,10:04:51,12.4,140120,113,卖盘
697,10:04:54,12.41,127813,103,买盘
698,10:04:57,12.4,7445,6,卖盘
699,10:05:00,12.41,38452,31,买盘
700,10:05:03,12.41,80624,65,买盘
701,10:05:06,12.4,168754,136,卖盘
702,10:05:09,12.4,95481,77,卖盘
703,10:05:12,12.4,355886,287,卖盘
704,10:05:15,12.4,84320,68,卖盘
705,10:05:18,12.41,102937,83,买盘
706,10:05:21,12.4,22320,18,卖盘
707,10:05:24,12.41,33495,27,买盘
708,10:05:27,12.41,43401,35,买盘
709,10:05:30,12.4,1449560,1169,卖盘
710,10:05:33,12.4,26040,21,卖盘
711,10:05:36,12.4,14880,12,卖盘
712,10:05:39,12.4,38440,31,卖盘
713,10:05:48,12.4,112840,91,卖盘
714,10:05:51,12.4,54560,44,卖盘
715,10:05:54,12.4,35960,29,卖盘
716,10:05:57,12.41,83095,67,买盘
717,10:06:00,12.4,11161,9,卖盘
718,10:06:03,12.41,19842,16,买盘
719,10:06:06,12.4,102943,83,卖盘
720,10:06:09,12.4,8680,7,卖盘
721,10:06:12,12.4,28520,23,卖盘
722,10:06:15,12.4,156240,126,卖盘
723,10:06:18,12.4,22320,18,卖盘
724,10:06:21,12.41,378203,305,买盘
725,10:06:24,12.4,6203,5,卖盘
726,10:06:27,12.4,66970,54,卖盘
727,10:06:30,12.4,194685,157,卖盘
728,10:06:33,12.4,34720,28,卖盘
729,10:06:36,12.4,284007,229,卖盘
730,10:06:39,12.4,1098468,886,卖盘
731,10:06:42,12.41,204605,165,买盘
732,10:06:45,12.4,270320,218,卖盘
733,10:06:48,12.41,80665,65,买盘
734,10:06:51,12.41,212098,171,买盘
735,10:06:54,12.4,125246,101,卖盘
736,10:06:57,12.4,35960,29,卖盘
737,10:07:00,12.4,305040,246,卖盘
738,10:07:03,12.4,472472,381,卖盘
739,10:07:06,12.4,71924,58,卖盘
740,10:07:09,12.4,155000,125,买盘
741,10:07:12,12.39,156228,126,卖盘
742,10:07:15,12.4,81809,66,买盘
743,10:07:18,12.39,396495,320,卖盘
744,10:07:21,12.4,182179,147,买盘
745,10:07:24,12.39,639356,516,卖盘
746,10:07:27,12.39,179744,145,卖盘
747,10:07:30,12.4,58244,47,买盘
748,10:07:33,12.39,102840,83,卖盘
749,10:07:36,12.39,2868271,2315,卖盘
750,10:07:39,12.38,161016,130,卖盘
751,10:07:42,12.38,92868,75,卖盘
752,10:07:45,12.38,44589,36,卖盘
753,10:07:48,12.38,69361,56,卖盘
754,10:07:51,12.38,29729,24,卖盘
755,10:07:54,12.39,43346,35,买盘
756,10:08:00,12.38,75539,61,卖盘
757,10:08:03,12.39,30975,25,买盘
758,10:08:06,12.38,529864,428,卖盘
759,10:08:09,12.39,11151,9,买盘
760,10:08:12,12.38,185777,150,卖盘
761,10:08:15,12.38,1238,1,卖盘
762,10:08:18,12.38,87898,71,卖盘
763,10:08:21,12.39,101542,82,买盘
764,10:08:24,12.38,186938,151,卖盘
765,10:08:27,12.38,167131,135,卖盘
766,10:08:30,12.38,2236228,1806,卖盘
767,10:08:33,12.38,393730,318,卖盘
768,10:08:36,12.38,534821,432,卖盘
769,10:08:39,12.38,292168,236,卖盘
770,10:08:42,12.39,11143,9,买盘
771,10:08:45,12.38,79232,64,卖盘
772,10:08:48,12.38,286130,231,卖盘
773,10:08:51,12.37,168361,136,卖盘
774,10:08:54,12.37,681854,551,卖盘
775,10:08:57,12.38,49520,40,中性盘
776,10:09:00,12.37,237680,192,卖盘
777,10:09:03,12.37,40821,33,卖盘
778,10:09:06,12.38,209146,169,买盘
779,10:09:09,12.38,128658,104,买盘
780,10:09:12,12.38,81647,66,买盘
781,10:09:15,12.37,263600,213,卖盘
782,10:09:18,12.37,84116,68,卖盘
783,10:09:21,12.37,125028,101,卖盘
784,10:09:24,12.37,102686,83,卖盘
785,10:09:27,12.37,133688,108,卖盘
786,10:09:30,12.37,169532,137,卖盘
787,10:09:33,12.37,106392,86,卖盘
788,10:09:36,12.37,117515,95,卖盘
789,10:09:42,12.37,462638,374,卖盘
790,10:09:45,12.38,1238,1,买盘
791,10:09:48,12.37,64346,52,卖盘
792,10:09:51,12.38,377590,305,买盘
793,10:09:54,12.38,157226,127,买盘
794,10:09:57,12.38,44568,36,买盘
795,10:10:00,12.38,734134,593,买盘
796,10:10:03,12.37,193073,156,卖盘
797,10:10:06,12.38,162170,131,买盘
798,10:10:09,12.37,68078,55,卖盘
799,10:10:12,12.38,131226,106,买盘
800,10:10:15,12.37,456748,369,卖盘
801,10:10:18,12.38,319404,258,卖盘
802,10:10:21,12.38,287216,232,卖盘
803,10:10:24,12.38,1238,1,卖盘
804,10:10:27,12.39,75572,61,买盘
805,10:10:30,12.39,380291,307,买盘
806,10:10:33,12.39,561267,453,买盘
807,10:10:36,12.39,514281,415,买盘
808,10:10:39,12.4,65678,53,买盘
809,10:10:42,12.39,43365,35,卖盘
810,10:10:48,12.4,11160,9,买盘
811,10:10:51,12.39,929254,750,卖盘
812,10:10:54,12.39,54516,44,买盘
813,10:10:57,12.39,59470,48,买盘
814,10:11:00,12.39,56994,46,买盘
815,10:11:03,12.39,215586,174,买盘
816,10:11:06,12.38,50796,41,卖盘
817,10:11:09,12.38,44601,36,卖盘
818,10:11:12,12.38,1238,1,卖盘
819,10:11:15,12.38,1238,1,卖盘
820,10:11:18,12.39,38407,31,买盘
821,10:11:21,12.38,54500,44,卖盘
822,10:11:24,12.38,237701,192,卖盘
823,10:11:27,12.38,64376,52,卖盘
824,10:11:30,12.39,68142,55,买盘
825,10:11:33,12.39,422496,341,买盘
826,10:11:36,12.4,1524117,1230,买盘
827,10:11:39,12.4,115251,93,买盘
828,10:11:42,12.4,1087472,877,买盘
829,10:11:45,12.4,40910,33,买盘
830,10:11:48,12.39,37170,30,卖盘
831,10:11:51,12.39,363255,293,卖盘
832,10:11:54,12.4,2479,2,买盘
833,10:11:57,12.39,2478,2,卖盘
834,10:12:00,12.4,189654,153,买盘
835,10:12:03,12.4,1268517,1023,买盘
836,10:12:06,12.4,179799,145,买盘
837,10:12:09,12.39,225529,182,卖盘
838,10:12:12,12.4,45880,37,买盘
839,10:12:15,12.39,157422,127,卖盘
840,10:12:18,12.4,391838,316,买盘
841,10:12:21,12.4,38440,31,卖盘
842,10:12:24,12.4,365800,295,卖盘
843,10:12:27,12.4,193440,156,买盘
844,10:12:30,12.4,311240,251,卖盘
845,10:12:33,12.4,471200,380,卖盘
846,10:12:36,12.4,31000,25,买盘
847,10:12:39,12.39,92958,75,卖盘
848,10:12:42,12.4,219451,177,买盘
849,10:12:45,12.4,50825,41,买盘
850,10:12:48,12.39,59475,48,卖盘
851,10:12:51,12.39,349398,282,卖盘
852,10:12:54,12.39,1412462,1140,卖盘
853,10:12:57,12.38,78046,63,卖盘
854,10:13:00,12.39,96577,78,买盘
855,10:13:03,12.38,30962,25,卖盘
856,10:13:06,12.39,268863,217,买盘
857,10:13:09,12.39,14868,12,卖盘
858,10:13:12,12.39,6195,5,卖盘
859,10:13:15,12.4,19825,16,买盘
860,10:13:21,12.4,9920,8,买盘
861,10:13:24,12.4,85545,69,买盘
862,10:13:27,12.39,179686,145,卖盘
863,10:13:30,12.39,505512,408,卖盘
864,10:13:33,12.39,24781,20,卖盘
865,10:13:36,12.4,43393,35,买盘
866,10:13:39,12.4,996960,804,买盘
867,10:13:42,12.4,128882,104,买盘
868,10:13:45,12.39,86750,70,卖盘
869,10:13:48,12.4,34720,28,买盘
870,10:13:51,12.4,3720,3,买盘
871,10:13:54,12.39,6195,5,卖盘
872,10:13:57,12.4,155000,125,买盘
873,10:14:00,12.4,18591,15,买盘
874,10:14:03,12.4,12399,10,买盘
875,10:14:06,12.39,16107,13,卖盘
876,10:14:09,12.39,34692,28,卖盘
877,10:14:12,12.4,166084,134,买盘
878,10:14:15,12.39,13639,11,卖盘
879,10:14:18,12.39,30975,25,卖盘
880,10:14:21,12.4,14880,12,买盘
881,10:14:24,12.4,476160,384,买盘
882,10:14:27,12.39,292544,236,卖盘
883,10:14:30,12.4,265220,214,买盘
884,10:14:36,12.4,38415,31,买盘
885,10:14:39,12.39,2478,2,卖盘
886,10:14:42,12.4,123901,100,买盘
887,10:14:45,12.39,2479,2,卖盘
888,10:14:48,12.39,12395,10,卖盘
889,10:14:51,12.4,18586,15,买盘
890,10:15:00,12.39,106604,86,卖盘
891,10:15:03,12.39,38415,31,卖盘
892,10:15:06,12.4,49580,40,买盘
893,10:15:09,12.39,1239,1,卖盘
894,10:15:12,12.4,432416,349,买盘
895,10:15:15,12.39,68165,55,卖盘
896,10:15:18,12.4,1240,1,买盘
897,10:15:21,12.4,28519,23,买盘
898,10:15:24,12.39,44604,36,卖盘
899,10:15:27,12.39,21074,17,卖盘
900,10:15:30,12.4,62000,50,买盘
901,10:15:33,12.4,282690,228,买盘
902,10:15:36,12.4,119040,96,买盘
903,10:15:39,12.4,555520,448,买盘
904,10:15:42,12.4,977108,788,买盘
905,10:15:45,12.4,168640,136,买盘
906,10:15:48,12.4,184750,149,买盘
907,10:15:51,12.4,430267,347,买盘
908,10:15:54,12.4,78093,63,买盘
909,10:15:57,12.4,68199,55,买盘
910,10:16:00,12.4,4957,4,买盘
911,10:16:03,12.39,111549,90,卖盘
912,10:16:06,12.39,18586,15,卖盘
913,10:16:09,12.39,16107,13,卖盘
914,10:16:12,12.39,1239,1,卖盘
915,10:16:15,12.39,30975,25,卖盘
916,10:16:18,12.39,37170,30,卖盘
917,10:16:21,12.39,39672,32,卖盘
918,10:16:24,12.39,64479,52,卖盘
919,10:16:27,12.39,1239,1,卖盘
920,10:16:30,12.4,39680,32,买盘
921,10:16:33,12.4,30980,25,买盘
922,10:16:36,12.39,14871,12,卖盘
923,10:16:42,12.39,83020,67,卖盘
924,10:16:45,12.4,68157,55,买盘
925,10:16:48,12.4,37182,30,买盘
926,10:16:51,12.39,38420,31,卖盘
927,10:16:54,12.4,142585,115,买盘
928,10:16:57,12.39,33476,27,卖盘
929,10:17:00,12.4,26027,21,买盘
930,10:17:03,12.39,1271215,1026,卖盘
931,10:17:06,12.39,133820,108,卖盘
932,10:17:09,12.39,76850,62,卖盘
933,10:17:12,12.39,19830,16,卖盘
934,10:17:15,12.39,26024,21,卖盘
935,10:17:18,12.39,8674,7,卖盘
936,10:17:21,12.39,1239,1,卖盘
937,10:17:24,12.39,14868,12,卖盘
938,10:17:27,12.39,34692,28,卖盘
939,10:17:30,12.39,106565,86,卖盘
940,10:17:33,12.39,1299733,1049,卖盘
941,10:17:36,12.39,161070,130,卖盘
942,10:17:39,12.39,86750,70,卖盘
943,10:17:42,12.39,190806,154,卖盘
944,10:17:45,12.39,641810,518,卖盘
945,10:17:48,12.39,7434,6,买盘
946,10:17:51,12.39,121410,98,买盘
947,10:17:54,12.38,14857,12,卖盘
948,10:17:57,12.39,12390,10,买盘
949,10:18:00,12.38,22286,18,卖盘
950,10:18:03,12.39,16104,13,买盘
951,10:18:09,12.38,37140,30,卖盘
952,10:18:12,12.39,6195,5,买盘
953,10:18:15,12.38,13628,11,卖盘
954,10:18:18,12.38,469561,379,卖盘
955,10:18:21,12.39,17345,14,买盘
956,10:18:24,12.39,13629,11,买盘
957,10:18:27,12.38,19808,16,卖盘
958,10:18:30,12.39,27257,22,买盘
959,10:18:33,12.39,66856,54,买盘
960,10:18:36,12.39,16106,13,买盘
961,10:18:39,12.39,157316,127,买盘
962,10:18:42,12.38,4952,4,卖盘
963,10:18:45,12.38,68090,55,卖盘
964,10:18:51,12.38,6190,5,卖盘
965,10:18:54,12.38,335598,271,卖盘
966,10:18:57,12.38,63138,51,卖盘
967,10:19:00,12.38,328100,265,卖盘
968,10:19:03,12.39,47079,38,买盘
969,10:19:06,12.38,49520,40,卖盘
970,10:19:09,12.38,55733,45,卖盘
971,10:19:15,12.38,53234,43,卖盘
972,10:19:18,12.39,262463,212,买盘
973,10:19:21,12.38,43330,35,卖盘
974,10:19:24,12.38,55745,45,卖盘
975,10:19:27,12.39,1115100,900,买盘
976,10:19:30,12.39,60696,49,买盘
977,10:19:33,12.39,7434,6,买盘
978,10:19:36,12.39,38409,31,买盘
979,10:19:39,12.39,3717,3,买盘
980,10:19:42,12.39,23541,19,买盘
981,10:19:45,12.39,40887,33,买盘
982,10:19:48,12.39,99070,80,买盘
983,10:19:51,12.38,157244,127,卖盘
984,10:19:54,12.38,493981,399,卖盘
985,10:19:57,12.38,8666,7,卖盘
986,10:20:00,12.38,374176,302,卖盘
987,10:20:03,12.38,139924,113,卖盘
988,10:20:06,12.38,58188,47,卖盘
989,10:20:09,12.38,39646,32,卖盘
990,10:20:12,12.39,6195,5,买盘
991,10:20:15,12.38,12388,10,卖盘
992,10:20:18,12.38,56960,46,卖盘
993,10:20:21,12.38,210480,170,卖盘
994,10:20:24,12.38,2476,2,卖盘
995,10:20:27,12.39,91636,74,买盘
996,10:20:30,12.39,56982,46,买盘
997,10:20:33,12.39,54492,44,买盘
998,10:20:36,12.38,81772,66,卖盘
999,10:20:39,12.38,191944,155,卖盘
1000,10:20:42,12.38,18571,15,卖盘
1001,10:20:45,12.39,1239,1,买盘
1002,10:20:48,12.39,123900,100,买盘
1003,10:20:54,12.38,14856,12,卖盘
1004,10:20:57,12.38,52016,42,卖盘
1005,10:21:00,12.39,30954,25,买盘
1006,10:21:03,12.39,58208,47,买盘
1007,10:21:06,12.38,24769,20,卖盘
1008,10:21:09,12.38,1238,1,卖盘
1009,10:21:15,12.38,2476,2,卖盘
1010,10:21:18,12.39,12384,10,买盘
1011,10:21:21,12.39,9912,8,买盘
1012,10:21:24,12.38,24778,20,卖盘
1013,10:21:27,12.38,14856,12,卖盘
1014,10:21:30,12.39,22286,18,买盘
1015,10:21:33,12.39,4953,4,买盘
1016,10:21:36,12.39,12389,10,买盘
1017,10:21:45,12.39,109004,88,买盘
1018,10:21:48,12.38,68124,55,卖盘
1019,10:21:51,12.39,765201,618,买盘
1020,10:21:54,12.38,21046,17,卖盘
1021,10:21:57,12.39,1239,1,买盘
1022,10:22:00,12.38,271123,219,卖盘
1023,10:22:03,12.39,115224,93,买盘
1024,10:22:06,12.39,190708,154,买盘
1025,10:22:09,12.39,1239,1,买盘
1026,10:22:12,12.39,1239,1,买盘
1027,10:22:15,12.38,6191,5,卖盘
1028,10:22:21,12.38,8666,7,卖盘
1029,10:22:24,12.38,1238,1,卖盘
1030,10:22:30,12.38,23529,19,卖盘
1031,10:22:33,12.38,21046,17,卖盘
1032,10:22:36,12.38,152297,123,卖盘
1033,10:22:39,12.38,157228,127,卖盘
1034,10:22:42,12.38,111420,90,卖盘
1035,10:22:48,12.39,4955,4,买盘
1036,10:22:51,12.38,524926,424,卖盘
1037,10:22:54,12.38,2476,2,卖盘
1038,10:22:57,12.39,45839,37,买盘
1039,10:23:00,12.38,112668,91,卖盘
1040,10:23:03,12.39,52015,42,买盘
1041,10:23:06,12.38,61900,50,卖盘
1042,10:23:09,12.39,54487,44,买盘
1043,10:23:15,12.39,163548,132,买盘
1044,10:23:18,12.38,4953,4,卖盘
1045,10:23:21,12.38,6192,5,卖盘
1046,10:23:24,12.38,8666,7,卖盘
1047,10:23:27,12.39,30958,25,买盘
1048,10:23:30,12.38,17333,14,卖盘
1049,10:23:33,12.38,34664,28,卖盘
1050,10:23:36,12.38,53237,43,卖盘
1051,10:23:39,12.39,39621,32,买盘
1052,10:23:42,12.39,11150,9,买盘
1053,10:23:45,12.38,211748,171,卖盘
1054,10:23:48,12.38,12380,10,卖盘
1055,10:23:51,12.39,232804,188,买盘
1056,10:23:54,12.39,6194,5,买盘
1057,10:23:57,12.38,32188,26,卖盘
1058,10:24:00,12.39,86709,70,买盘
1059,10:24:03,12.38,22287,18,卖盘
1060,10:24:06,12.38,85432,69,卖盘
1061,10:24:09,12.38,16094,13,卖盘
1062,10:24:12,12.38,34670,28,卖盘
1063,10:24:15,12.39,37170,30,买盘
1064,10:24:18,12.38,34664,28,卖盘
1065,10:24:21,12.38,24770,20,卖盘
1066,10:24:24,12.38,8667,7,卖盘
1067,10:24:30,12.38,73100,59,卖盘
1068,10:24:33,12.39,1239,1,买盘
1069,10:24:36,12.39,42122,34,买盘
1070,10:24:39,12.39,17346,14,买盘
1071,10:24:45,12.38,27253,22,卖盘
1072,10:24:48,12.39,27256,22,买盘
1073,10:24:51,12.38,335729,271,卖盘
1074,10:24:54,12.38,52013,42,卖盘
1075,10:24:57,12.38,70595,57,卖盘
1076,10:25:00,12.38,50776,41,卖盘
1077,10:25:03,12.39,85487,69,买盘
1078,10:25:06,12.38,91612,74,卖盘
1079,10:25:09,12.39,1239,1,买盘
1080,10:25:12,12.39,52038,42,买盘
1081,10:25:15,12.39,128854,104,买盘
1082,10:25:18,12.39,107723,87,买盘
1083,10:25:21,12.38,7431,6,卖盘
1084,10:25:24,12.39,9912,8,买盘
1085,10:25:27,12.38,19816,16,卖盘
1086,10:25:30,12.39,6195,5,买盘
1087,10:25:33,12.39,79289,64,买盘
1088,10:25:36,12.38,29722,24,卖盘
1089,10:25:39,12.39,195762,158,买盘
1090,10:25:42,12.39,115196,93,买盘
1091,10:25:45,12.39,158592,128,买盘
1092,10:25:48,12.39,40887,33,买盘
1093,10:25:51,12.39,956498,772,买盘
1094,10:25:54,12.39,83012,67,买盘
1095,10:25:57,12.39,65666,53,买盘
1096,10:26:00,12.38,19819,16,卖盘
1097,10:26:06,12.39,128855,104,买盘
1098,10:26:09,12.39,90444,73,买盘
1099,10:26:12,12.38,32213,26,卖盘
1100,10:26:15,12.38,18570,15,卖盘
1101,10:26:18,12.39,2478,2,买盘
1102,10:26:21,12.38,66852,54,卖盘
1103,10:26:24,12.38,56963,46,卖盘
1104,10:26:27,12.38,84184,68,卖盘
1105,10:26:30,12.38,39616,32,卖盘
1106,10:26:33,12.38,196874,159,卖盘
1107,10:26:36,12.38,279798,226,卖盘
1108,10:26:39,12.38,113896,92,卖盘
1109,10:26:42,12.38,1722058,1391,卖盘
1110,10:26:45,12.39,497684,402,买盘
1111,10:26:48,12.38,225316,182,卖盘
1112,10:26:51,12.39,40855,33,买盘
1113,10:26:54,12.38,190688,154,卖盘
1114,10:26:57,12.39,8673,7,买盘
1115,10:27:00,12.38,30969,25,卖盘
1116,10:27:03,12.39,3195388,2581,买盘
1117,10:27:06,12.39,17337,14,买盘
1118,10:27:09,12.38,402350,325,卖盘
1119,10:27:12,12.38,85422,69,卖盘
1120,10:27:15,12.38,23522,19,卖盘
1121,10:27:18,12.38,2476,2,卖盘
1122,10:27:21,12.39,28488,23,买盘
1123,10:27:27,12.39,4015499,3241,买盘
1124,10:27:30,12.38,105244,85,卖盘
1125,10:27:33,12.38,33427,27,卖盘
1126,10:27:36,12.39,50794,41,买盘
1127,10:27:39,12.39,2478,2,买盘
1128,10:27:42,12.38,32188,26,卖盘
1129,10:27:45,12.39,102807,83,买盘
1130,10:27:48,12.38,16094,13,卖盘
1131,10:27:51,12.39,116466,94,买盘
1132,10:27:54,12.39,22302,18,买盘
1133,10:27:57,12.39,157353,127,买盘
1134,10:28:00,12.39,2917847,2355,买盘
1135,10:28:03,12.4,4960,4,买盘
1136,10:28:06,12.39,29759,24,卖盘
1137,10:28:12,12.39,47105,38,卖盘
1138,10:28:18,12.4,287680,232,买盘
1139,10:28:21,12.4,13640,11,买盘
1140,10:28:24,12.4,101680,82,买盘
1141,10:28:30,12.39,8673,7,卖盘
1142,10:28:33,12.39,22308,18,卖盘
1143,10:28:36,12.4,26040,21,买盘
1144,10:28:39,12.4,21080,17,买盘
1145,10:28:42,12.4,73160,59,买盘
1146,10:28:45,12.39,50810,41,卖盘
1147,10:28:48,12.4,8479119,6838,买盘
1148,10:28:51,12.4,323640,261,卖盘
1149,10:28:54,12.4,17361,14,卖盘
1150,10:28:57,12.41,277884,224,买盘
1151,10:29:00,12.4,47144,38,卖盘
1152,10:29:03,12.41,43418,35,买盘
1153,10:29:06,12.41,101762,82,买盘
1154,10:29:09,12.41,131497,106,买盘
1155,10:29:12,12.4,245567,198,卖盘
1156,10:29:18,12.4,59565,48,卖盘
1157,10:29:21,12.41,42189,34,买盘
1158,10:29:24,12.41,666299,537,买盘
1159,10:29:27,12.41,2482,2,买盘
1160,10:29:30,12.4,71968,58,卖盘
1161,10:29:33,12.41,17374,14,买盘
1162,10:29:36,12.4,1240,1,卖盘
1163,10:29:39,12.41,66998,54,买盘
1164,10:29:42,12.4,3753493,3027,卖盘
1165,10:29:48,12.41,42187,34,买盘
1166,10:29:51,12.4,28520,23,卖盘
1167,10:29:54,12.41,86805,70,买盘
1168,10:29:57,12.4,150053,121,卖盘
1169,10:30:00,12.41,158848,128,买盘
1170,10:30:03,12.41,187359,151,买盘
1171,10:30:06,12.41,26061,21,买盘
1172,10:30:09,12.4,184906,149,卖盘
1173,10:30:12,12.41,134008,108,买盘
1174,10:30:15,12.41,188622,152,买盘
1175,10:30:18,12.4,85608,69,卖盘
1176,10:30:21,12.41,18602,15,买盘
1177,10:30:24,12.41,132787,107,买盘
1178,10:30:27,12.41,121602,98,买盘
1179,10:30:30,12.41,151402,122,买盘
1180,10:30:33,12.4,39685,32,卖盘
1181,10:30:36,12.41,198484,160,买盘
1182,10:30:39,12.41,325112,262,买盘
1183,10:30:42,12.41,122857,99,买盘
1184,10:30:45,12.41,161330,130,买盘
1185,10:30:48,12.4,71947,58,卖盘
1186,10:30:51,12.41,323901,261,买盘
1187,10:30:54,12.41,2639607,2127,买盘
1188,10:30:57,12.41,644415,519,买盘
1189,10:31:00,12.41,112845,91,买盘
1190,10:31:03,12.41,446579,360,买盘
1191,10:31:06,12.41,576630,465,买盘
1192,10:31:09,12.41,480000,387,买盘
1193,10:31:12,12.4,55800,45,卖盘
1194,10:31:15,12.41,114108,92,买盘
1195,10:31:18,12.41,38458,31,买盘
1196,10:31:21,12.41,171224,138,买盘
1197,10:31:24,12.41,40936,33,买盘
1198,10:31:27,12.4,34740,28,卖盘
1199,10:31:30,12.41,271779,219,买盘
1200,10:31:33,12.4,18600,15,卖盘
1201,10:31:36,12.4,45907,37,卖盘
1202,10:31:39,12.41,31025,25,买盘
1203,10:31:42,12.4,35960,29,卖盘
1204,10:31:45,12.41,116654,94,买盘
1205,10:31:48,12.41,3251420,2620,买盘
1206,10:31:51,12.41,1332586,1074,买盘
1207,10:31:54,12.41,81906,66,卖盘
1208,10:31:57,12.42,38479,31,买盘
1209,10:32:00,12.41,58328,47,卖盘
1210,10:32:03,12.41,64532,52,卖盘
1211,10:32:06,12.41,55850,45,卖盘
1212,10:32:09,12.41,69496,56,卖盘
1213,10:32:12,12.42,26063,21,买盘
1214,10:32:15,12.42,31050,25,买盘
1215,10:32:18,12.41,38471,31,卖盘
1216,10:32:21,12.41,2011884,1621,卖盘
1217,10:32:24,12.41,187274,151,买盘
1218,10:32:27,12.4,65725,53,卖盘
1219,10:32:30,12.4,105441,85,卖盘
1220,10:32:33,12.4,42161,34,卖盘
1221,10:32:36,12.4,390903,315,卖盘
1222,10:32:39,12.4,90575,73,卖盘
1223,10:32:42,12.41,6205,5,买盘
1224,10:32:45,12.4,595200,480,卖盘
1225,10:32:48,12.4,11160,9,卖盘
1226,10:32:51,12.4,78122,63,卖盘
1227,10:32:54,12.4,29778,24,卖盘
1228,10:32:57,12.4,22320,18,卖盘
1229,10:33:00,12.4,6200,5,卖盘
1230,10:33:03,12.4,3910476,3154,卖盘
1231,10:33:09,12.4,47098,38,买盘
1232,10:33:12,12.39,70641,57,卖盘
1233,10:33:15,12.4,120202,97,买盘
1234,10:33:18,12.39,78078,63,卖盘
1235,10:33:21,12.4,109107,88,买盘
1236,10:33:27,12.39,1239,1,卖盘
1237,10:33:30,12.4,18600,15,买盘
1238,10:33:33,12.39,1239,1,卖盘
1239,10:33:39,12.4,166039,134,买盘
1240,10:33:45,12.39,115239,93,卖盘
1241,10:33:48,12.4,44632,36,买盘
1242,10:33:54,12.39,37171,30,卖盘
1243,10:33:57,12.39,223170,180,卖盘
1244,10:34:00,12.4,37200,30,买盘
1245,10:34:03,12.39,328503,265,卖盘
1246,10:34:06,12.4,44628,36,买盘
1247,10:34:09,12.4,55800,45,买盘
1248,10:34:12,12.4,42160,34,买盘
1249,10:34:15,12.39,132573,107,卖盘
1250,10:34:18,12.39,44628,36,卖盘
1251,10:34:21,12.4,380674,307,买盘
1252,10:34:24,12.39,117705,95,卖盘
1253,10:34:27,12.39,14868,12,卖盘
1254,10:34:30,12.39,16107,13,卖盘
1255,10:34:36,12.39,74368,60,卖盘
1256,10:34:39,12.4,89257,72,买盘
1257,10:34:42,12.4,4957,4,买盘
1258,10:34:45,12.39,34696,28,卖盘
1259,10:34:51,12.39,1239,1,卖盘
1260,10:34:54,12.4,76872,62,买盘
1261,10:34:57,12.39,109043,88,卖盘
1262,10:35:00,12.39,380373,307,卖盘
1263,10:35:06,12.39,9912,8,卖盘
1264,10:35:09,12.39,111571,90,卖盘
1265,10:35:12,12.39,140096,113,卖盘
1266,10:35:15,12.4,275208,222,买盘
1267,10:35:18,12.39,182134,147,卖盘
1268,10:35:21,12.4,168640,136,买盘
1269,10:35:24,12.39,141296,114,卖盘
1270,10:35:27,12.39,38409,31,卖盘
1271,10:35:30,12.4,338265,273,买盘
1272,10:35:33,12.39,6199,5,卖盘
1273,10:35:36,12.4,34720,28,买盘
1274,10:35:39,12.4,40920,33,买盘
1275,10:35:42,12.4,2479,2,买盘
1276,10:35:45,12.39,43397,35,卖盘
1277,10:35:48,12.4,4960,4,买盘
1278,10:35:51,12.4,75630,61,买盘
1279,10:35:54,12.4,31000,25,买盘
1280,10:35:57,12.39,1239,1,卖盘
1281,10:36:00,12.4,99156,80,买盘
1282,10:36:03,12.39,234198,189,卖盘
1283,10:36:06,12.39,39648,32,卖盘
1284,10:36:09,12.39,39648,32,卖盘
1285,10:36:12,12.39,1239,1,卖盘
1286,10:36:15,12.4,11160,9,买盘
1287,10:36:18,12.39,1239,1,卖盘
1288,10:36:21,12.4,60722,49,买盘
1289,10:36:24,12.39,1239,1,卖盘
1290,10:36:27,12.39,55799,45,卖盘
1291,10:36:30,12.39,1239,1,卖盘
1292,10:36:33,12.4,19840,16,买盘
1293,10:36:36,12.39,27258,22,卖盘
1294,10:36:39,12.39,135054,109,卖盘
1295,10:36:42,12.39,23541,19,卖盘
1296,10:36:45,12.4,12400,10,买盘
1297,10:36:48,12.4,9920,8,买盘
1298,10:36:51,12.39,1239,1,卖盘
1299,10:36:54,12.4,32219,26,买盘
1300,10:36:57,12.4,511868,413,买盘
1301,10:37:00,12.39,241630,195,卖盘
1302,10:37:03,12.39,117705,95,卖盘
1303,10:37:06,12.4,32240,26,买盘
1304,10:37:09,12.4,92971,75,买盘
1305,10:37:12,12.4,86800,70,买盘
1306,10:37:15,12.39,447601,361,卖盘
1307,10:37:18,12.39,39649,32,卖盘
1308,10:37:21,12.39,94227,76,卖盘
1309,10:37:24,12.39,1239,1,卖盘
1310,10:37:27,12.39,2478,2,卖盘
1311,10:37:30,12.39,229288,185,卖盘
1312,10:37:33,12.39,38409,31,卖盘
1313,10:37:36,12.39,63202,51,卖盘
1314,10:37:39,12.39,27268,22,卖盘
1315,10:37:42,12.4,11160,9,买盘
1316,10:37:45,12.4,209559,169,买盘
1317,10:37:48,12.39,111510,90,卖盘
1318,10:37:51,12.4,715400,577,买盘
1319,10:37:54,12.39,27258,22,卖盘
1320,10:37:57,12.39,22312,18,卖盘
1321,10:38:00,12.39,195820,158,卖盘
1322,10:38:03,12.39,13629,11,卖盘
1323,10:38:06,12.39,293645,237,卖盘
1324,10:38:12,12.39,1239,1,卖盘
1325,10:38:15,12.39,212039,171,卖盘
1326,10:38:18,12.39,260190,210,卖盘
1327,10:38:24,12.39,23558,19,卖盘
1328,10:38:27,12.39,131334,106,卖盘
1329,10:38:30,12.39,4956,4,卖盘
1330,10:38:33,12.39,1886997,1523,卖盘
1331,10:38:36,12.39,401436,324,卖盘
1332,10:38:39,12.39,131252,106,买盘
1333,10:38:42,12.39,24780,20,买盘
1334,10:38:48,12.39,128819,104,买盘
1335,10:38:54,12.38,38396,31,卖盘
1336,10:39:00,12.39,58233,47,买盘
1337,10:39:03,12.38,68090,55,卖盘
1338,10:39:06,12.38,44580,36,卖盘
1339,10:39:09,12.38,4952,4,卖盘
1340,10:39:12,12.39,149919,121,买盘
1341,10:39:15,12.39,7434,6,买盘
1342,10:39:18,12.39,53277,43,买盘
1343,10:39:21,12.39,147441,119,买盘
1344,10:39:24,12.39,44603,36,买盘
1345,10:39:27,12.39,66876,54,买盘
1346,10:39:30,12.38,1238,1,卖盘
1347,10:39:33,12.39,1484309,1198,买盘
1348,10:39:36,12.39,199479,161,卖盘
1349,10:39:39,12.39,113988,92,卖盘
1350,10:39:42,12.39,71862,58,卖盘
1351,10:39:45,12.4,24800,20,买盘
1352,10:39:48,12.39,314706,254,卖盘
1353,10:39:54,12.39,3717,3,卖盘
1354,10:39:57,12.39,117775,95,卖盘
1355,10:40:00,12.39,16107,13,卖盘
1356,10:40:03,12.38,3344043,2699,卖盘
1357,10:40:06,12.38,131302,106,卖盘
1358,10:40:09,12.39,146202,118,买盘
1359,10:40:12,12.39,4956,4,买盘
1360,10:40:15,12.38,136265,110,卖盘
1361,10:40:18,12.38,23522,19,卖盘
1362,10:40:21,12.38,75548,61,卖盘
1363,10:40:33,12.38,74280,60,卖盘
1364,10:40:36,12.39,3717,3,买盘
1365,10:40:39,12.39,4956,4,买盘
1366,10:40:42,12.39,63160,51,买盘
1367,10:40:45,12.38,247600,200,卖盘
1368,10:40:48,12.38,29714,24,卖盘
1369,10:40:51,12.38,56968,46,卖盘
1370,10:40:57,12.38,3714,3,卖盘
1371,10:41:00,12.39,27246,22,买盘
1372,10:41:03,12.38,64377,52,卖盘
1373,10:41:06,12.39,115137,93,买盘
1374,10:41:12,12.38,19808,16,卖盘
1375,10:41:15,12.39,12390,10,买盘
1376,10:41:21,12.38,159702,129,卖盘
1377,10:41:24,12.38,278627,225,卖盘
1378,10:41:27,12.38,27236,22,卖盘
1379,10:41:30,12.38,117635,95,卖盘
1380,10:41:33,12.38,16094,13,卖盘
1381,10:41:36,12.38,42092,34,卖盘
1382,10:41:39,12.38,287217,232,卖盘
1383,10:41:42,12.38,111420,90,卖盘
1384,10:41:45,12.39,132524,107,买盘
1385,10:41:48,12.39,40887,33,买盘
1386,10:41:51,12.39,6195,5,买盘
1387,10:41:54,12.39,271341,219,买盘
1388,10:41:57,12.39,6195,5,买盘
1389,10:42:00,12.39,14868,12,买盘
1390,10:42:03,12.39,9912,8,买盘
1391,10:42:06,12.38,23522,19,卖盘
1392,10:42:12,12.38,8666,7,卖盘
1393,10:42:15,12.39,3717,3,买盘
1394,10:42:18,12.39,238946,193,买盘
1395,10:42:21,12.38,4559527,3683,卖盘
1396,10:42:24,12.37,81669,66,卖盘
1397,10:42:27,12.38,25997,21,买盘
1398,10:42:30,12.38,85394,69,买盘
1399,10:42:33,12.38,40847,33,买盘
1400,10:42:36,12.37,2474,2,卖盘
1401,10:42:39,12.37,49480,40,卖盘
1402,10:42:42,12.37,95249,77,卖盘
1403,10:42:45,12.38,12380,10,买盘
1404,10:42:51,12.37,30925,25,卖盘
1405,10:42:54,12.38,60662,49,买盘
1406,10:42:57,12.38,80470,65,买盘
1407,10:43:00,12.38,12380,10,买盘
1408,10:43:03,12.38,175734,142,买盘
1409,10:43:06,12.37,116286,94,卖盘
1410,10:43:09,12.38,121324,98,买盘
1411,10:43:12,12.38,111405,90,买盘
1412,10:43:15,12.38,14856,12,买盘
1413,10:43:18,12.38,356544,288,买盘
1414,10:43:21,12.38,698995,565,买盘
1415,10:43:24,12.38,37140,30,买盘
1416,10:43:27,12.38,2476,2,买盘
1417,10:43:30,12.38,1238,1,买盘
1418,10:43:33,12.38,7428,6,买盘
1419,10:43:36,12.38,125038,101,买盘
1420,10:43:39,12.37,18555,15,卖盘
1421,10:43:45,12.38,18570,15,买盘
1422,10:43:48,12.38,6190,5,买盘
1423,10:43:54,12.38,16094,13,买盘
1424,10:43:57,12.38,74280,60,买盘
1425,10:44:03,12.37,68044,55,卖盘
1426,10:44:06,12.38,196791,159,买盘
1427,10:44:12,12.37,145973,118,卖盘
1428,10:44:15,12.38,72992,59,买盘
1429,10:44:21,12.38,34664,28,买盘
1430,10:44:24,12.38,299416,242,买盘
1431,10:44:27,12.38,1557350,1258,买盘
1432,10:44:30,12.38,471678,381,买盘
1433,10:44:33,12.38,27236,22,买盘
1434,10:44:36,12.38,48282,39,买盘
1435,10:44:39,12.37,2475,2,卖盘
1436,10:44:42,12.38,11142,9,买盘
1437,10:44:45,12.38,37140,30,买盘
1438,10:44:48,12.37,27224,22,卖盘
1439,10:44:51,12.38,39586,32,买盘
1440,10:44:54,12.37,29700,24,卖盘
1441,10:44:57,12.38,95326,77,买盘
1442,10:45:00,12.37,28454,23,卖盘
1443,10:45:03,12.37,21036,17,卖盘
1444,10:45:06,12.38,2476,2,买盘
1445,10:45:09,12.38,11142,9,买盘
1446,10:45:12,12.37,1237,1,卖盘
1447,10:45:15,12.37,128682,104,卖盘
1448,10:45:18,12.37,23508,19,卖盘
1449,10:45:27,12.38,7428,6,买盘
1450,10:45:30,12.38,22284,18,买盘
1451,10:45:33,12.37,138554,112,卖盘
1452,10:45:36,12.37,35874,29,卖盘
1453,10:45:39,12.38,42064,34,买盘
1454,10:45:42,12.38,18570,15,买盘
1455,10:45:48,12.38,61868,50,买盘
1456,10:45:51,12.38,247476,200,买盘
1457,10:45:54,12.38,179510,145,买盘
1458,10:45:57,12.37,25981,21,卖盘
1459,10:46:00,12.38,29708,24,买盘
1460,10:46:03,12.38,43328,35,买盘
1461,10:46:06,12.37,32162,26,卖盘
1462,10:46:09,12.38,55693,45,买盘
1463,10:46:12,12.38,237696,192,买盘
1464,10:46:15,12.38,685852,554,买盘
1465,10:46:18,12.38,497663,402,买盘
1466,10:46:21,12.38,113896,92,买盘
1467,10:46:24,12.37,152268,123,卖盘
1468,10:46:27,12.38,113896,92,买盘
1469,10:46:30,12.38,39616,32,卖盘
1470,10:46:33,12.38,719279,581,卖盘
1471,10:46:36,12.38,1238,1,卖盘
1472,10:46:48,12.39,2478,2,买盘
1473,10:47:00,12.38,25998,21,卖盘
1474,10:47:03,12.38,42104,34,卖盘
1475,10:47:06,12.38,65614,53,卖盘
1476,10:47:09,12.38,40854,33,卖盘
1477,10:47:12,12.38,16094,13,卖盘
1478,10:47:15,12.39,8673,7,买盘
1479,10:47:18,12.38,63138,51,卖盘
1480,10:47:21,12.38,18570,15,卖盘
1481,10:47:24,12.38,147322,119,卖盘
1482,10:47:27,12.38,30950,25,卖盘
1483,10:47:30,12.39,261229,211,买盘
1484,10:47:33,12.38,92850,75,卖盘
1485,10:47:36,12.39,29726,24,买盘
1486,10:47:39,12.38,28474,23,卖盘
1487,10:47:42,12.38,12380,10,卖盘
1488,10:47:45,12.38,7428,6,卖盘
1489,10:47:48,12.38,43350,35,卖盘
1490,10:47:51,12.38,49520,40,卖盘
1491,10:47:54,12.38,32188,26,卖盘
1492,10:47:57,12.38,272361,220,卖盘
1493,10:48:03,12.37,19795,16,卖盘
1494,10:48:06,12.37,21033,17,卖盘
1495,10:48:09,12.38,12380,10,买盘
1496,10:48:18,12.38,22271,18,买盘
1497,10:48:21,12.37,87828,71,卖盘
1498,10:48:24,12.38,1688867,1365,买盘
1499,10:48:27,12.37,138544,112,卖盘
1500,10:48:30,12.37,84116,68,卖盘
1501,10:48:33,12.38,237512,192,买盘
1502,10:48:36,12.38,186800,151,买盘
1503,10:48:39,12.38,12380,10,买盘
1504,10:48:42,12.38,138644,112,买盘
1505,10:48:45,12.37,506332,409,卖盘
1506,10:48:51,12.38,45800,37,买盘
1507,10:48:54,12.37,3711,3,卖盘
1508,10:49:00,12.37,1237,1,卖盘
1509,10:49:03,12.37,27234,22,卖盘
1510,10:49:06,12.38,11142,9,买盘
1511,10:49:09,12.38,14851,12,买盘
1512,10:49:12,12.37,9896,8,卖盘
1513,10:49:15,12.38,7428,6,买盘
1514,10:49:21,12.38,79215,64,买盘
1515,10:49:24,12.38,268646,217,买盘
1516,10:49:27,12.38,65614,53,买盘
1517,10:49:30,12.37,18569,15,卖盘
1518,10:49:36,12.38,68089,55,买盘
1519,10:49:39,12.38,17332,14,买盘
1520,10:49:42,12.38,250076,202,买盘
1521,10:49:45,12.38,47044,38,买盘
1522,10:49:48,12.38,7427,6,买盘
1523,10:49:51,12.37,76736,62,卖盘
1524,10:49:54,12.38,28474,23,买盘
1525,10:49:57,12.37,1237,1,卖盘
1526,10:50:00,12.38,17031,14,买盘
1527,10:50:03,12.37,38368,31,卖盘
1528,10:50:06,12.37,19792,16,卖盘
1529,10:50:09,12.37,154685,125,卖盘
1530,10:50:12,12.37,19796,16,卖盘
1531,10:50:18,12.37,71800,58,卖盘
1532,10:50:21,12.38,66846,54,买盘
1533,10:50:24,12.37,263481,213,卖盘
1534,10:50:27,12.37,263482,213,卖盘
1535,10:50:30,12.38,361496,292,买盘
1536,10:50:33,12.38,258742,209,买盘
1537,10:50:36,12.38,267408,216,买盘
1538,10:50:39,12.38,51992,42,买盘
1539,10:50:42,12.38,2072417,1674,买盘
1540,10:50:45,12.38,773818,625,卖盘
1541,10:50:48,12.38,255028,206,卖盘
1542,10:50:51,12.39,29736,24,买盘
1543,10:50:54,12.39,146202,118,买盘
1544,10:50:57,12.39,97881,79,买盘
1545,10:51:00,12.39,35926,29,买盘
1546,10:51:03,12.39,13628,11,买盘
1547,10:51:06,12.39,30975,25,买盘
1548,10:51:09,12.39,66906,54,买盘
1549,10:51:12,12.39,49556,40,买盘
1550,10:51:15,12.39,7433,6,买盘
1551,10:51:18,12.38,45806,37,卖盘
1552,10:51:21,12.39,109032,88,买盘
1553,10:51:24,12.38,70610,57,卖盘
1554,10:51:27,12.38,38378,31,卖盘
1555,10:51:33,12.38,42092,34,卖盘
1556,10:51:36,12.38,60676,49,卖盘
1557,10:51:39,12.38,18570,15,卖盘
1558,10:51:42,12.38,27240,22,卖盘
1559,10:51:45,12.38,16094,13,卖盘
1560,10:51:54,12.38,58186,47,卖盘
1561,10:51:57,12.38,14856,12,卖盘
1562,10:52:00,12.38,6190,5,卖盘
1563,10:52:03,12.38,1254107,1013,卖盘
1564,10:52:06,12.39,12390,10,买盘
1565,10:52:12,12.39,649236,524,买盘
1566,10:52:15,12.38,13618,11,卖盘
1567,10:52:21,12.39,12390,10,买盘
1568,10:52:24,12.38,12380,10,卖盘
1569,10:52:27,12.39,537711,434,买盘
1570,10:52:33,12.39,4955,4,买盘
1571,10:52:36,12.39,3717,3,买盘
1572,10:52:39,12.38,27256,22,卖盘
1573,10:52:45,12.38,38378,31,卖盘
1574,10:52:54,12.38,1238,1,卖盘
1575,10:52:57,12.38,169606,137,卖盘
1576,10:53:00,12.38,30953,25,卖盘
1577,10:53:03,12.38,34685,28,卖盘
1578,10:53:06,12.39,8671,7,买盘
1579,10:53:09,12.38,1309805,1058,卖盘
1580,10:53:12,12.38,310739,251,卖盘
1581,10:53:18,12.38,24750,20,买盘
1582,10:53:21,12.38,2476,2,买盘
1583,10:53:27,12.38,102752,83,买盘
1584,10:53:30,12.38,16094,13,买盘
1585,10:53:33,12.38,91604,74,买盘
1586,10:53:36,12.38,25998,21,买盘
1587,10:53:39,12.38,2476,2,买盘
1588,10:53:42,12.38,14856,12,买盘
1589,10:53:48,12.38,6190,5,买盘
1590,10:53:54,12.37,35873,29,卖盘
1591,10:53:57,12.37,35900,29,卖盘
1592,10:54:00,12.38,13617,11,买盘
1593,10:54:03,12.38,282220,228,买盘
1594,10:54:09,12.37,392429,317,卖盘
1595,10:54:12,12.37,144757,117,卖盘
1596,10:54:15,12.37,14844,12,卖盘
1597,10:54:18,12.38,120060,97,买盘
1598,10:54:21,12.37,221517,179,卖盘
1599,10:54:24,12.37,35888,29,卖盘
1600,10:54:27,12.37,14844,12,卖盘
1601,10:54:30,12.38,16090,13,买盘
1602,10:54:33,12.37,24747,20,卖盘
1603,10:54:39,12.38,63138,51,买盘
1604,10:54:42,12.38,8666,7,买盘
1605,10:54:45,12.38,21042,17,买盘
1606,10:54:48,12.38,21033,17,买盘
1607,10:54:51,12.37,14844,12,卖盘
1608,10:54:54,12.37,27214,22,卖盘
1609,10:54:57,12.38,23518,19,买盘
1610,10:55:00,12.38,6190,5,买盘
1611,10:55:03,12.38,55709,45,买盘
1612,10:55:06,12.38,86660,70,买盘
1613,10:55:09,12.38,34662,28,买盘
1614,10:55:12,12.38,3714,3,买盘
1615,10:55:15,12.37,56923,46,卖盘
1616,10:55:18,12.38,4952,4,买盘
1617,10:55:21,12.37,227779,184,卖盘
1618,10:55:24,12.38,30950,25,买盘
1619,10:55:27,12.38,27236,22,买盘
1620,10:55:30,12.38,4951,4,买盘
1621,10:55:33,12.37,128666,104,卖盘
1622,10:55:36,12.37,18321,15,卖盘
1623,10:55:39,12.38,42092,34,买盘
1624,10:55:42,12.38,43330,35,买盘
1625,10:55:48,12.37,8661,7,卖盘
1626,10:55:54,12.37,124937,101,卖盘
1627,10:55:57,12.37,1237,1,卖盘
1628,10:56:00,12.38,12375,10,买盘
1629,10:56:03,12.38,186936,151,买盘
1630,10:56:06,12.38,4952,4,买盘
1631,10:56:12,12.38,1238,1,买盘
1632,10:56:15,12.38,33424,27,买盘
1633,10:56:21,12.37,169576,137,卖盘
1634,10:56:24,12.37,22279,18,卖盘
1635,10:56:27,12.37,3711,3,卖盘
1636,10:56:30,12.38,9898,8,买盘
1637,10:56:33,12.38,8665,7,买盘
1638,10:56:36,12.37,22266,18,卖盘
1639,10:56:39,12.37,137417,111,卖盘
1640,10:56:42,12.37,195491,158,卖盘
1641,10:56:45,12.38,232743,188,买盘
1642,10:56:48,12.38,17332,14,买盘
1643,10:56:51,12.38,35896,29,买盘
1644,10:56:54,12.37,18555,15,卖盘
1645,10:56:57,12.38,3712,3,买盘
1646,10:57:00,12.37,40821,33,卖盘
1647,10:57:03,12.38,23521,19,买盘
1648,10:57:09,12.37,27214,22,卖盘
1649,10:57:12,12.38,12380,10,买盘
1650,10:57:15,12.37,7422,6,卖盘
1651,10:57:21,12.37,1237,1,卖盘
1652,10:57:24,12.37,13607,11,卖盘
1653,10:57:27,12.37,16081,13,卖盘
1654,10:57:33,12.37,149682,121,卖盘
1655,10:57:36,12.38,120042,97,买盘
1656,10:57:39,12.38,221523,179,买盘
1657,10:57:42,12.38,49483,40,买盘
1658,10:57:45,12.37,85353,69,卖盘
1659,10:57:48,12.38,72997,59,买盘
1660,10:57:51,12.38,225295,182,买盘
1661,10:57:54,12.38,29712,24,买盘
1662,10:57:57,12.38,70559,57,买盘
1663,10:58:00,12.37,25977,21,卖盘
1664,10:58:03,12.37,35880,29,卖盘
1665,10:58:06,12.38,1238,1,买盘
1666,10:58:09,12.37,63087,51,卖盘
1667,10:58:12,12.37,24740,20,卖盘
1668,10:58:15,12.37,1237,1,卖盘
1669,10:58:18,12.37,25977,21,卖盘
1670,10:58:21,12.37,1237,1,卖盘
1671,10:58:24,12.37,38347,31,卖盘
1672,10:58:27,12.37,63097,51,卖盘
1673,10:58:30,12.37,39473,32,卖盘
1674,10:58:33,12.38,65593,53,买盘
1675,10:58:36,12.37,16081,13,卖盘
1676,10:58:39,12.37,54448,44,卖盘
1677,10:58:42,12.37,69272,56,卖盘
1678,10:58:45,12.38,1551408,1254,买盘
1679,10:58:48,12.37,123700,100,卖盘
1680,10:58:51,12.37,64325,52,卖盘
1681,10:58:54,12.37,179365,145,卖盘
1682,10:58:57,12.37,32162,26,卖盘
1683,10:59:00,12.37,150915,122,卖盘
1684,10:59:03,12.37,89131,72,卖盘
1685,10:59:06,12.37,235200,190,卖盘
1686,10:59:09,12.38,9991,8,买盘
1687,10:59:12,12.37,11133,9,卖盘
1688,10:59:15,12.37,33406,27,卖盘
1689,10:59:18,12.38,13618,11,买盘
1690,10:59:21,12.38,19793,16,买盘
1691,10:59:24,12.38,74280,60,买盘
1692,10:59:27,12.37,65585,53,卖盘
1693,10:59:30,12.38,37140,30,买盘
1694,10:59:33,12.38,199187,161,买盘
1695,10:59:36,12.37,123700,100,卖盘
1696,10:59:39,12.37,56942,46,卖盘
1697,10:59:45,12.37,99009,80,卖盘
1698,10:59:48,12.37,101458,82,卖盘
1699,10:59:51,12.37,73031,59,卖盘
1700,10:59:54,12.38,115058,93,买盘
1701,10:59:57,12.37,33418,27,卖盘
1702,11:00:00,12.37,110155,89,卖盘
1703,11:00:03,12.37,285751,231,卖盘
1704,11:00:06,12.37,22266,18,卖盘
1705,11:00:12,12.37,117515,95,卖盘
1706,11:00:18,12.37,8659,7,卖盘
1707,11:00:21,12.38,386237,312,买盘
1708,11:00:24,12.37,30935,25,卖盘
1709,11:00:27,12.38,4952,4,买盘
1710,11:00:30,12.38,74279,60,买盘
1711,11:00:33,12.37,48247,39,卖盘
1712,11:00:39,12.37,22279,18,卖盘
1713,11:00:42,12.37,23506,19,卖盘
1714,11:00:48,12.37,51981,42,卖盘
1715,11:00:51,12.37,1237,1,卖盘
1716,11:00:54,12.37,44562,36,卖盘
1717,11:00:57,12.37,1237,1,卖盘
1718,11:01:00,12.37,38347,31,卖盘
1719,11:01:03,12.37,153502,124,卖盘
1720,11:01:06,12.38,96502,78,买盘
1721,11:01:09,12.37,18565,15,卖盘
1722,11:01:12,12.37,160813,130,卖盘
1723,11:01:15,12.38,334259,270,买盘
1724,11:01:18,12.38,84183,68,买盘
1725,11:01:21,12.37,59388,48,卖盘
1726,11:01:24,12.38,137362,111,买盘
1727,11:01:27,12.38,71794,58,买盘
1728,11:01:30,12.37,1185091,958,卖盘
1729,11:01:33,12.38,165823,134,买盘
1730,11:01:36,12.38,105230,85,买盘
1731,11:01:39,12.38,55710,45,买盘
1732,11:01:42,12.38,115134,93,买盘
1733,11:01:45,12.37,184437,149,卖盘
1734,11:01:48,12.38,125038,101,买盘
1735,11:01:51,12.37,200550,162,卖盘
1736,11:01:54,12.37,87897,71,卖盘
1737,11:01:57,12.38,33426,27,买盘
1738,11:02:00,12.39,2744666,2217,买盘
1739,11:02:03,12.38,106516,86,卖盘
1740,11:02:06,12.38,17342,14,卖盘
1741,11:02:09,12.39,76818,62,买盘
1742,11:02:12,12.39,125058,101,买盘
1743,11:02:15,12.39,28479,23,买盘
1744,11:02:18,12.39,142484,115,买盘
1745,11:02:21,12.39,90384,73,买盘
1746,11:02:24,12.38,18570,15,卖盘
1747,11:02:27,12.39,402674,325,买盘
1748,11:02:30,12.39,242794,196,买盘
1749,11:02:33,12.39,459519,371,买盘
1750,11:02:36,12.39,1010970,816,买盘
1751,11:02:39,12.39,96602,78,买盘
1752,11:02:42,12.39,420020,339,买盘
1753,11:02:45,12.39,708706,572,买盘
1754,11:02:48,12.39,26019,21,买盘
1755,11:02:51,12.4,136387,110,买盘
1756,11:03:03,12.4,66913,54,买盘
1757,11:03:09,12.39,11151,9,卖盘
1758,11:03:12,12.39,4959,4,卖盘
1759,11:03:15,12.4,71894,58,买盘
1760,11:03:18,12.4,286320,231,买盘
1761,11:03:21,12.39,114021,92,卖盘
1762,11:03:24,12.4,27270,22,买盘
1763,11:03:30,12.39,70623,57,卖盘
1764,11:03:33,12.4,12400,10,买盘
1765,11:03:36,12.39,50839,41,卖盘
1766,11:03:39,12.39,241593,195,卖盘
1767,11:03:42,12.4,427800,345,买盘
1768,11:03:45,12.39,63189,51,卖盘
1769,11:03:48,12.39,2107522,1701,卖盘
1770,11:03:51,12.38,135010,109,卖盘
1771,11:03:54,12.39,27258,22,买盘
1772,11:03:57,12.38,48320,39,卖盘
1773,11:04:00,12.38,38378,31,卖盘
1774,11:04:03,12.38,43345,35,卖盘
1775,11:04:06,12.39,780008,630,买盘
1776,11:04:09,12.38,26013,21,卖盘
1777,11:04:15,12.39,39648,32,买盘
1778,11:04:18,12.39,153636,124,买盘
1779,11:04:21,12.38,53271,43,卖盘
1780,11:04:24,12.38,65637,53,卖盘
1781,11:04:27,12.39,16107,13,买盘
1782,11:04:30,12.38,1238,1,卖盘
1783,11:04:33,12.38,85475,69,卖盘
1784,11:04:36,12.39,45843,37,买盘
1785,11:04:39,12.39,14868,12,买盘
1786,11:04:42,12.38,4955,4,卖盘
1787,11:04:45,12.38,68144,55,卖盘
1788,11:04:48,12.39,61950,50,买盘
1789,11:04:51,12.38,23522,19,卖盘
1790,11:04:54,12.39,11151,9,买盘
1791,11:04:57,12.38,1238,1,卖盘
1792,11:05:00,12.38,38399,31,卖盘
1793,11:05:03,12.39,2478,2,买盘
1794,11:05:06,12.39,35931,29,买盘
1795,11:05:09,12.38,45841,37,卖盘
1796,11:05:12,12.39,18585,15,买盘
1797,11:05:15,12.38,118913,96,卖盘
1798,11:05:18,12.39,19816,16,买盘
1799,11:05:21,12.38,1238,1,卖盘
1800,11:05:24,12.39,17346,14,买盘
1801,11:05:27,12.38,35902,29,卖盘
1802,11:05:30,12.39,85491,69,买盘
1803,11:05:33,12.38,1116676,902,卖盘
1804,11:05:39,12.39,64428,52,买盘
1805,11:05:45,12.39,247800,200,买盘
1806,11:05:48,12.38,141132,114,卖盘
1807,11:05:51,12.39,3717,3,买盘
1808,11:05:57,12.38,4953,4,卖盘
1809,11:06:00,12.38,1238,1,卖盘
1810,11:06:03,12.39,9912,8,买盘
1811,11:06:06,12.39,23541,19,买盘
1812,11:06:12,12.39,11150,9,买盘
1813,11:06:15,12.38,81731,66,卖盘
1814,11:06:18,12.38,23537,19,卖盘
1815,11:06:21,12.38,75528,61,卖盘
1816,11:06:24,12.38,28474,23,卖盘
1817,11:06:27,12.39,16107,13,买盘
1818,11:06:30,12.38,40863,33,卖盘
1819,11:06:33,12.38,4952,4,卖盘
1820,11:06:36,12.38,34664,28,卖盘
1821,11:06:45,12.39,22302,18,买盘
1822,11:06:48,12.38,61900,50,卖盘
1823,11:06:54,12.38,11142,9,卖盘
1824,11:07:00,12.38,18570,15,卖盘
1825,11:07:03,12.38,23532,19,卖盘
1826,11:07:06,12.39,92920,75,买盘
1827,11:07:09,12.38,32188,26,卖盘
1828,11:07:12,12.39,12390,10,买盘
1829,11:07:15,12.38,30950,25,卖盘
1830,11:07:18,12.38,454405,367,卖盘
1831,11:07:21,12.39,1239,1,买盘
1832,11:07:24,12.38,21053,17,卖盘
1833,11:07:27,12.38,13618,11,卖盘
1834,11:07:30,12.38,1238,1,卖盘
1835,11:07:33,12.38,12380,10,卖盘
1836,11:07:36,12.38,8666,7,卖盘
1837,11:07:39,12.38,371400,300,卖盘
1838,11:07:42,12.38,2476,2,卖盘
1839,11:07:45,12.39,11150,9,买盘
1840,11:07:48,12.38,50758,41,卖盘
1841,11:07:51,12.38,6190,5,卖盘
1842,11:07:54,12.38,44569,36,卖盘
1843,11:07:57,12.38,95326,77,卖盘
1844,11:08:00,12.38,1355610,1095,卖盘
1845,11:08:03,12.38,2476,2,买盘
1846,11:08:06,12.37,100215,81,卖盘
1847,11:08:09,12.37,87837,71,卖盘
1848,11:08:12,12.37,17322,14,卖盘
1849,11:08:15,12.37,1237,1,卖盘
1850,11:08:18,12.37,19792,16,卖盘
1851,11:08:21,12.38,4952,4,买盘
1852,11:08:24,12.37,123700,100,卖盘
1853,11:08:27,12.37,22266,18,卖盘
1854,11:08:30,12.38,21030,17,买盘
1855,11:08:36,12.38,8666,7,买盘
1856,11:08:48,12.38,368918,298,买盘
1857,11:08:51,12.38,252534,204,买盘
1858,11:08:54,12.37,117515,95,卖盘
1859,11:08:57,12.38,443204,358,买盘
1860,11:09:00,12.38,321810,260,买盘
1861,11:09:03,12.38,32188,26,买盘
1862,11:09:06,12.38,21040,17,买盘
1863,11:09:09,12.38,49520,40,买盘
1864,11:09:12,12.38,71804,58,买盘
1865,11:09:15,12.38,30941,25,买盘
1866,11:09:18,12.37,74264,60,卖盘
1867,11:09:24,12.38,56948,46,买盘
1868,11:09:27,12.38,94087,76,买盘
1869,11:09:30,12.38,118838,96,买盘
1870,11:09:33,12.39,1828387,1477,买盘
1871,11:09:36,12.38,13618,11,卖盘
1872,11:09:39,12.38,16094,13,卖盘
1873,11:09:42,12.39,55741,45,买盘
1874,11:09:45,12.38,92850,75,卖盘
1875,11:09:51,12.39,59427,48,买盘
1876,11:09:54,12.39,40887,33,买盘
1877,11:09:57,12.38,33448,27,卖盘
1878,11:10:00,12.38,70566,57,卖盘
1879,11:10:03,12.38,35908,29,卖盘
1880,11:10:06,12.39,17346,14,买盘
1881,11:10:09,12.39,42126,34,买盘
1882,11:10:12,12.38,17344,14,卖盘
1883,11:10:15,12.38,23531,19,卖盘
1884,11:10:18,12.39,3030592,2446,买盘
1885,11:10:21,12.39,108976,88,买盘
1886,11:10:27,12.39,131229,106,买盘
1887,11:10:30,12.38,11150,9,卖盘
1888,11:10:33,12.39,3717,3,买盘
1889,11:10:36,12.38,3716,3,卖盘
1890,11:10:39,12.39,14868,12,买盘
1891,11:10:42,12.38,18570,15,卖盘
1892,11:10:45,12.39,12390,10,买盘
1893,11:10:48,12.38,4953,4,卖盘
1894,11:10:51,12.38,1238,1,卖盘
1895,11:10:54,12.38,13619,11,卖盘
1896,11:10:57,12.38,14856,12,卖盘
1897,11:11:00,12.38,7428,6,卖盘
1898,11:11:06,12.39,87968,71,买盘
1899,11:11:09,12.38,90436,73,卖盘
1900,11:11:12,12.39,104076,84,买盘
1901,11:11:15,12.39,13629,11,买盘
1902,11:11:21,12.39,63171,51,买盘
1903,11:11:24,12.38,22289,18,卖盘
1904,11:11:27,12.38,4565744,3688,卖盘
1905,11:11:30,12.38,376352,304,卖盘
1906,11:11:36,12.38,12380,10,买盘
1907,11:11:39,12.37,61899,50,卖盘
1908,11:11:42,12.38,16094,13,买盘
1909,11:11:48,12.38,12380,10,买盘
1910,11:11:51,12.37,9898,8,卖盘
1911,11:11:54,12.38,22284,18,买盘
1912,11:11:57,12.38,16087,13,买盘
1913,11:12:00,12.38,17329,14,买盘
1914,11:12:06,12.38,107706,87,买盘
1915,11:12:09,12.38,47034,38,买盘
1916,11:12:12,12.38,55692,45,买盘
1917,11:12:15,12.38,29711,24,买盘
1918,11:12:18,12.38,299596,242,买盘
1919,11:12:21,12.37,113895,92,卖盘
1920,11:12:24,12.38,23506,19,买盘
1921,11:12:27,12.38,29712,24,买盘
1922,11:12:30,12.39,23530,19,买盘
1923,11:12:33,12.38,162080,131,卖盘
1924,11:12:36,12.38,24760,20,买盘
1925,11:12:39,12.38,49520,40,卖盘
1926,11:12:42,12.38,17332,14,买盘
1927,11:12:45,12.38,45806,37,买盘
1928,11:12:48,12.38,3714,3,买盘
1929,11:12:54,12.37,47006,38,卖盘
1930,11:12:57,12.38,243886,197,买盘
1931,11:13:00,12.38,47044,38,买盘
1932,11:13:03,12.38,19808,16,买盘
1933,11:13:06,12.38,1238,1,买盘
1934,11:13:09,12.38,367686,297,买盘
1935,11:13:12,12.37,40821,33,卖盘
1936,11:13:15,12.38,92849,75,买盘
1937,11:13:21,12.38,17332,14,买盘
1938,11:13:24,12.38,163416,132,买盘
1939,11:13:27,12.38,49520,40,买盘
1940,11:13:30,12.38,21046,17,买盘
1941,11:13:33,12.38,43330,35,卖盘
1942,11:13:36,12.37,11141,9,卖盘
1943,11:13:39,12.38,21046,17,买盘
1944,11:13:42,12.38,33426,27,买盘
1945,11:13:45,12.38,12380,10,买盘
1946,11:13:48,12.37,55679,45,卖盘
1947,11:13:51,12.38,7428,6,买盘
1948,11:13:54,12.37,13617,11,卖盘
1949,11:13:57,12.38,56948,46,买盘
1950,11:14:00,12.38,13618,11,买盘
1951,11:14:03,12.37,37133,30,卖盘
1952,11:14:06,12.37,1237,1,卖盘
1953,11:14:09,12.37,258727,209,卖盘
1954,11:14:12,12.37,6189,5,卖盘
1955,11:14:15,12.37,18555,15,卖盘
1956,11:14:18,12.38,66852,54,买盘
1957,11:14:21,12.37,14855,12,卖盘
1958,11:14:24,12.38,45805,37,买盘
1959,11:14:27,12.37,21045,17,卖盘
1960,11:14:30,12.37,24740,20,卖盘
1961,11:14:33,12.37,128701,104,卖盘
1962,11:14:36,12.38,347878,281,买盘
1963,11:14:39,12.38,18570,15,买盘
1964,11:14:45,12.38,115133,93,买盘
1965,11:14:48,12.38,6190,5,买盘
1966,11:14:51,12.38,8666,7,买盘
1967,11:14:54,12.38,6190,5,买盘
1968,11:14:57,12.38,23521,19,买盘
1969,11:15:00,12.38,9904,8,买盘
1970,11:15:03,12.38,29709,24,买盘
1971,11:15:06,12.38,60662,49,买盘
1972,11:15:09,12.38,55710,45,买盘
1973,11:15:12,12.37,44553,36,卖盘
1974,11:15:18,12.37,103989,84,卖盘
1975,11:15:21,12.38,95325,77,买盘
1976,11:15:24,12.37,22266,18,卖盘
1977,11:15:27,12.37,173237,140,卖盘
1978,11:15:30,12.37,64324,52,卖盘
1979,11:15:33,12.38,14855,12,买盘
1980,11:15:36,12.37,18564,15,卖盘
1981,11:15:39,12.37,42079,34,卖盘
1982,11:15:42,12.37,27223,22,卖盘
1983,11:15:45,12.37,45783,37,卖盘
1984,11:15:48,12.37,27214,22,卖盘
1985,11:15:51,12.38,101495,82,买盘
1986,11:15:54,12.37,79168,64,卖盘
1987,11:15:57,12.38,541006,437,买盘
1988,11:16:00,12.38,84183,68,买盘
1989,11:16:03,12.38,40853,33,买盘
1990,11:16:06,12.38,33426,27,卖盘
1991,11:16:09,12.38,24754,20,买盘
1992,11:16:12,12.38,37129,30,买盘
1993,11:16:15,12.37,24740,20,卖盘
1994,11:16:18,12.38,27234,22,买盘
1995,11:16:21,12.38,126276,102,买盘
1996,11:16:24,12.37,141018,114,卖盘
1997,11:16:30,12.37,29688,24,卖盘
1998,11:16:33,12.37,4703074,3802,卖盘
1999,11:16:36,12.37,2634006,2129,卖盘
2000,11:16:39,12.37,6185,5,买盘
2001,11:16:42,12.37,185550,150,买盘
2002,11:16:45,12.37,103908,84,买盘
2003,11:16:48,12.37,55665,45,买盘
2004,11:16:51,12.37,40821,33,买盘
2005,11:16:54,12.37,231319,187,卖盘
2006,11:16:57,12.37,128607,104,卖盘
2007,11:17:00,12.37,144639,117,买盘
2008,11:17:03,12.37,13607,11,买盘
2009,11:17:06,12.37,378226,306,买盘
2010,11:17:09,12.37,19792,16,买盘
2011,11:17:12,12.36,79114,64,卖盘
2012,11:17:15,12.36,270784,219,卖盘
2013,11:17:18,12.36,29675,24,卖盘
2014,11:17:21,12.37,59376,48,买盘
2015,11:17:24,12.36,64281,52,卖盘
2016,11:17:27,12.37,21029,17,买盘
2017,11:17:30,12.37,268428,217,买盘
2018,11:17:33,12.37,186787,151,买盘
2019,11:17:36,12.38,167041,135,买盘
2020,11:17:39,12.38,132367,107,买盘
2021,11:17:42,12.37,111330,90,卖盘
2022,11:17:45,12.37,59376,48,卖盘
2023,11:17:48,12.37,1237,1,卖盘
2024,11:17:51,12.37,19792,16,卖盘
2025,11:17:54,12.38,60642,49,买盘
2026,11:17:57,12.37,624685,505,卖盘
2027,11:18:00,12.38,33413,27,买盘
2028,11:18:03,12.37,4948,4,卖盘
2029,11:18:06,12.37,82879,67,卖盘
2030,11:18:09,12.37,50716,41,卖盘
2031,11:18:12,12.37,1034129,836,买盘
2032,11:18:15,12.37,13607,11,买盘
2033,11:18:18,12.37,19792,16,买盘
2034,11:18:21,12.37,3711,3,买盘
2035,11:18:24,12.36,108772,88,卖盘
2036,11:18:27,12.37,85353,69,买盘
2037,11:18:30,12.36,81577,66,卖盘
2038,11:18:33,12.36,8658,7,卖盘
2039,11:18:36,12.36,12360,10,卖盘
2040,11:18:42,12.37,29688,24,买盘
2041,11:18:45,12.37,685297,554,买盘
2042,11:18:48,12.37,9896,8,买盘
2043,11:18:51,12.36,17312,14,卖盘
2044,11:18:54,12.37,19777,16,买盘
2045,11:18:57,12.36,61814,50,卖盘
2046,11:19:00,12.36,17316,14,卖盘
2047,11:19:03,12.37,27214,22,买盘
2048,11:19:06,12.37,202827,164,买盘
2049,11:19:09,12.36,66753,54,卖盘
2050,11:19:12,12.36,51939,42,卖盘
2051,11:19:15,12.36,11131,9,卖盘
2052,11:19:18,12.37,163284,132,买盘
2053,11:19:21,12.36,749502,606,卖盘
2054,11:19:24,12.36,1236,1,卖盘
2055,11:19:27,12.37,37110,30,买盘
2056,11:19:30,12.36,1236,1,卖盘
2057,11:19:33,12.37,12365,10,买盘
2058,11:19:36,12.36,29687,24,卖盘
2059,11:19:42,12.37,60612,49,买盘
2060,11:19:45,12.36,545116,441,卖盘
2061,11:19:48,12.37,33399,27,买盘
2062,11:19:51,12.36,21012,17,卖盘
2063,11:19:54,12.37,17311,14,买盘
2064,11:19:57,12.36,263271,213,卖盘
2065,11:20:00,12.36,71688,58,卖盘
2066,11:20:03,12.36,1236,1,卖盘
2067,11:20:06,12.37,13607,11,买盘
2068,11:20:09,12.36,3708,3,卖盘
2069,11:20:12,12.37,34616,28,买盘
2070,11:20:15,12.37,321419,260,买盘
2071,11:20:18,12.36,671663,543,卖盘
2072,11:20:21,12.36,97694,79,卖盘
2073,11:20:27,12.37,74163,60,买盘
2074,11:20:30,12.36,18540,15,卖盘
2075,11:20:33,12.37,148440,120,买盘
2076,11:20:36,12.36,13596,11,卖盘
2077,11:20:39,12.36,30900,25,卖盘
2078,11:20:42,12.36,128644,104,卖盘
2079,11:20:45,12.36,32145,26,卖盘
2080,11:20:48,12.36,21012,17,卖盘
2081,11:20:51,12.36,1236,1,卖盘
2082,11:20:54,12.36,3708,3,卖盘
2083,11:20:57,12.37,13607,11,买盘
2084,11:21:00,12.36,56864,46,卖盘
2085,11:21:03,12.36,312760,253,卖盘
2086,11:21:06,12.36,49440,40,卖盘
2087,11:21:09,12.36,13596,11,卖盘
2088,11:21:12,12.36,9888,8,卖盘
2089,11:21:15,12.37,106360,86,买盘
2090,11:21:18,12.36,14832,12,卖盘
2091,11:21:21,12.37,1237,1,买盘
2092,11:21:24,12.36,18554,15,卖盘
2093,11:21:27,12.36,110006,89,卖盘
2094,11:21:30,12.36,21012,17,卖盘
2095,11:21:33,12.36,85284,69,卖盘
2096,11:21:36,12.36,50685,41,卖盘
2097,11:21:39,12.36,54384,44,卖盘
2098,11:21:42,12.36,160680,130,卖盘
2099,11:21:48,12.36,51912,42,卖盘
2100,11:21:51,12.37,122384,99,买盘
2101,11:21:54,12.37,14840,12,买盘
2102,11:21:57,12.37,123700,100,买盘
2103,11:22:00,12.37,7422,6,买盘
2104,11:22:03,12.37,6185,5,买盘
2105,11:22:06,12.36,347339,281,卖盘
2106,11:22:09,12.37,33384,27,买盘
2107,11:22:12,12.36,17304,14,卖盘
2108,11:22:15,12.36,60575,49,卖盘
2109,11:22:18,12.36,45732,37,卖盘
2110,11:22:21,12.36,61800,50,卖盘
2111,11:22:24,12.36,23494,19,卖盘
2112,11:22:27,12.36,23484,19,卖盘
2113,11:22:30,12.36,6435852,5207,卖盘
2114,11:22:33,12.36,103824,84,卖盘
2115,11:22:36,12.36,488220,395,卖盘
2116,11:22:39,12.36,3976978,3218,卖盘
2117,11:22:42,12.36,688452,557,卖盘
2118,11:22:45,12.36,506760,410,卖盘
2119,11:22:48,12.36,3707234,2999,卖盘
2120,11:22:51,12.35,2026649,1641,卖盘
2121,11:22:54,12.35,665682,539,卖盘
2122,11:22:57,12.35,990486,802,卖盘
2123,11:23:00,12.36,4944,4,买盘
2124,11:23:03,12.35,33345,27,卖盘
2125,11:23:06,12.35,624910,506,卖盘
2126,11:23:09,12.35,133442,108,卖盘
2127,11:23:12,12.35,390310,316,卖盘
2128,11:23:15,12.35,92649,75,卖盘
2129,11:23:21,12.36,453307,367,买盘
2130,11:23:24,12.35,4940,4,卖盘
2131,11:23:27,12.35,53122,43,卖盘
2132,11:23:30,12.36,100060,81,买盘
2133,11:23:33,12.36,4944,4,买盘
2134,11:23:36,12.35,607620,492,卖盘
2135,11:23:42,12.36,137161,111,买盘
2136,11:23:45,12.36,5031402,4074,买盘
2137,11:23:48,12.35,342149,277,卖盘
2138,11:23:51,12.36,5137603,4160,买盘
2139,11:23:54,12.35,146965,119,卖盘
2140,11:23:57,12.36,202541,164,买盘
2141,11:24:00,12.35,242070,196,卖盘
2142,11:24:03,12.35,95095,77,卖盘
2143,11:24:09,12.35,5124023,4149,卖盘
2144,11:24:12,12.35,789094,639,卖盘
2145,11:24:15,12.35,172900,140,买盘
2146,11:24:18,12.35,724945,587,买盘
2147,11:24:21,12.36,190204,154,买盘
2148,11:24:24,12.35,92653,75,卖盘
2149,11:24:27,12.35,545879,442,卖盘
2150,11:24:30,12.35,76570,62,卖盘
2151,11:24:33,12.35,4940,4,卖盘
2152,11:24:36,12.36,29649,24,买盘
2153,11:24:39,12.35,17290,14,卖盘
2154,11:24:42,12.36,32120,26,买盘
2155,11:24:45,12.36,61800,50,买盘
2156,11:24:48,12.36,71688,58,买盘
2157,11:24:51,12.35,74100,60,卖盘
2158,11:24:54,12.36,12360,10,买盘
2159,11:24:57,12.36,46937,38,买盘
2160,11:25:00,12.35,22234,18,卖盘
2161,11:25:03,12.35,39534,32,卖盘
2162,11:25:06,12.36,39528,32,买盘
2163,11:25:09,12.36,6180,5,买盘
2164,11:25:12,12.35,182788,148,卖盘
2165,11:25:15,12.36,30900,25,买盘
2166,11:25:18,12.35,313690,254,卖盘
2167,11:25:21,12.36,1236,1,买盘
2168,11:25:24,12.35,1235,1,卖盘
2169,11:25:27,12.36,19776,16,买盘
2170,11:25:30,12.36,9887,8,买盘
2171,11:25:33,12.35,680492,551,卖盘
2172,11:25:36,12.35,7410,6,卖盘
2173,11:25:39,12.34,2900973,2349,卖盘
2174,11:25:42,12.34,159259,129,卖盘
2175,11:25:45,12.35,111067,90,买盘
2176,11:25:48,12.34,25933,21,卖盘
2177,11:25:51,12.35,17288,14,买盘
2178,11:25:54,12.35,14820,12,买盘
2179,11:25:57,12.35,95095,77,买盘
2180,11:26:00,12.35,134612,109,买盘
2181,11:26:03,12.35,501393,406,买盘
2182,11:26:06,12.35,32108,26,买盘
2183,11:26:09,12.35,192651,156,买盘
2184,11:26:12,12.35,8645,7,买盘
2185,11:26:15,12.35,112380,91,买盘
2186,11:26:18,12.35,72840,59,买盘
2187,11:26:21,12.34,127190,103,卖盘
2188,11:26:24,12.34,2945166,2387,卖盘
2189,11:26:27,12.35,164162,133,买盘
2190,11:26:30,12.34,93790,76,卖盘
2191,11:26:33,12.34,198736,161,卖盘
2192,11:26:36,12.34,92577,75,卖盘
2193,11:26:39,12.35,120996,98,买盘
2194,11:26:42,12.35,67877,55,买盘
2195,11:26:45,12.35,2470,2,买盘
2196,11:26:48,12.34,58005,47,卖盘
2197,11:26:51,12.35,755249,612,买盘
2198,11:26:54,12.34,56789,46,卖盘
2199,11:26:57,12.34,65408,53,卖盘
2200,11:27:00,12.35,11114,9,买盘
2201,11:27:03,12.35,188916,153,买盘
2202,11:27:06,12.35,19754,16,买盘
2203,11:27:09,12.34,39510,32,卖盘
2204,11:27:12,12.35,23463,19,买盘
2205,11:27:15,12.35,12350,10,买盘
2206,11:27:18,12.34,256879,208,卖盘
2207,11:27:21,12.34,102501,83,卖盘
2208,11:27:24,12.34,14813,12,卖盘
2209,11:27:27,12.34,2468,2,卖盘
2210,11:27:30,12.34,99956,81,卖盘
2211,11:27:33,12.34,976094,791,卖盘
2212,11:27:36,12.35,14814,12,买盘
2213,11:27:39,12.34,1234,1,卖盘
2214,11:27:42,12.34,48146,39,卖盘
2215,11:27:45,12.34,30850,25,卖盘
2216,11:27:48,12.34,32084,26,卖盘
2217,11:27:51,12.34,27158,22,卖盘
2218,11:27:54,12.34,14814,12,卖盘
2219,11:27:57,12.34,125940,102,卖盘
2220,11:28:00,12.35,129581,105,买盘
2221,11:28:03,12.35,207459,168,买盘
2222,11:28:09,12.34,33327,27,卖盘
2223,11:28:12,12.34,155484,126,卖盘
2224,11:28:15,12.35,1235,1,买盘
2225,11:28:18,12.35,5041252,4082,买盘
2226,11:28:21,12.35,82754,67,卖盘
2227,11:28:24,12.35,582934,472,卖盘
2228,11:28:27,12.35,88919,72,买盘
2229,11:28:30,12.35,1249820,1012,买盘
2230,11:28:33,12.35,60514,49,买盘
2231,11:28:36,12.34,6174,5,卖盘
2232,11:28:39,12.35,67885,55,买盘
2233,11:28:42,12.35,1441245,1167,买盘
2234,11:28:45,12.35,1372084,1111,买盘
2235,11:28:48,12.35,201265,163,买盘
2236,11:28:51,12.35,28404,23,买盘
2237,11:28:54,12.34,1234,1,卖盘
2238,11:28:57,12.35,39520,32,买盘
2239,11:29:00,12.35,2469,2,买盘
2240,11:29:03,12.35,16054,13,买盘
2241,11:29:06,12.35,62984,51,买盘
2242,11:29:09,12.35,2470,2,买盘
2243,11:29:12,12.34,267797,217,卖盘
2244,11:29:15,12.34,44424,36,卖盘
2245,11:29:18,12.34,510888,414,卖盘
2246,11:29:21,12.34,51828,42,卖盘
2247,11:29:27,12.34,1192894,966,卖盘
2248,11:29:30,12.34,113540,92,卖盘
2249,11:29:33,12.34,613310,497,卖盘
2250,11:29:36,12.34,149314,121,卖盘
2251,11:29:39,12.34,75293,61,卖盘
2252,11:29:42,12.34,14808,12,卖盘
2253,11:29:45,12.34,50599,41,卖盘
2254,11:29:48,12.34,62934,51,卖盘
2255,11:29:51,12.35,117325,95,买盘
2256,11:29:54,12.35,2470,2,买盘
2257,11:29:57,12.35,34573,28,买盘
2258,13:00:00,12.34,827232,670,卖盘
2259,13:00:03,12.35,6341930,5137,买盘
2260,13:00:06,12.35,845874,685,买盘
2261,13:00:09,12.35,566482,459,买盘
2262,13:00:12,12.35,461782,374,买盘
2263,13:00:15,12.34,309870,251,卖盘
2264,13:00:18,12.35,213570,173,买盘
2265,13:00:21,12.35,64172,52,买盘
2266,13:00:24,12.35,176526,143,买盘
2267,13:00:27,12.35,39498,32,买盘
2268,13:00:30,12.35,121011,98,买盘
2269,13:00:33,12.35,40740,33,买盘
2270,13:00:36,12.34,154371,125,卖盘
2271,13:00:39,12.35,674278,546,买盘
2272,13:00:42,12.35,174135,141,买盘
2273,13:00:45,12.35,13585,11,买盘
2274,13:00:48,12.35,44460,36,买盘
2275,13:00:51,12.35,83941,68,买盘
2276,13:00:54,12.35,29640,24,买盘
2277,13:00:57,12.35,51870,42,买盘
2278,13:01:00,12.35,56810,46,买盘
2279,13:01:03,12.34,4936,4,卖盘
2280,13:01:06,12.35,1154713,935,买盘
2281,13:01:09,12.35,732345,593,买盘
2282,13:01:12,12.35,169198,137,买盘
2283,13:01:15,12.35,45692,37,买盘
2284,13:01:18,12.35,48202,39,卖盘
2285,13:01:24,12.36,77868,63,买盘
2286,13:01:27,12.35,13590,11,卖盘
2287,13:01:30,12.35,2474940,2004,卖盘
2288,13:01:33,12.35,329775,267,卖盘
2289,13:01:36,12.35,74100,60,卖盘
2290,13:01:39,12.36,76572,62,买盘
2291,13:01:42,12.36,97614,79,买盘
2292,13:01:45,12.35,413726,335,卖盘
2293,13:01:48,12.35,2482360,2010,卖盘
2294,13:01:51,12.35,76570,62,卖盘
2295,13:01:54,12.36,296412,240,买盘
2296,13:01:57,12.35,91390,74,卖盘
2297,13:02:00,12.35,27179,22,卖盘
2298,13:02:03,12.35,482002,390,卖盘
2299,13:02:06,12.36,12360,10,买盘
2300,13:02:09,12.35,35826,29,卖盘
2301,13:02:12,12.35,101275,82,卖盘
2302,13:02:15,12.36,38316,31,买盘
2303,13:02:18,12.35,24700,20,卖盘
2304,13:02:21,12.36,69216,56,买盘
2305,13:02:24,12.36,6180,5,买盘
2306,13:02:27,12.36,1236,1,买盘
2307,13:02:30,12.36,21012,17,买盘
2308,13:02:33,12.36,1236,1,买盘
2309,13:02:36,12.36,23484,19,买盘
2310,13:02:39,12.35,192811,156,卖盘
2311,13:02:42,12.35,59313,48,卖盘
2312,13:02:48,12.36,76632,62,买盘
2313,13:02:51,12.36,30877,25,买盘
2314,13:02:54,12.36,23484,19,买盘
2315,13:03:03,12.36,19776,16,买盘
2316,13:03:06,12.35,8645,7,卖盘
2317,13:03:09,12.35,12350,10,卖盘
2318,13:03:12,12.36,88992,72,买盘
2319,13:03:15,12.35,56836,46,卖盘
2320,13:03:18,12.36,56836,46,买盘
2321,13:03:21,12.35,28405,23,卖盘
2322,13:03:24,12.36,17304,14,买盘
2323,13:03:27,12.36,6180,5,买盘
2324,13:03:33,12.36,116154,94,买盘
2325,13:03:36,12.36,2472,2,买盘
2326,13:03:39,12.36,27192,22,买盘
2327,13:03:42,12.35,118611,96,卖盘
2328,13:03:45,12.35,70432,57,卖盘
2329,13:03:48,12.36,21012,17,买盘
2330,13:03:51,12.36,12360,10,买盘
2331,13:03:54,12.36,56856,46,买盘
2332,13:03:57,12.36,66724,54,买盘
2333,13:04:00,12.36,21012,17,买盘
2334,13:04:03,12.36,3515184,2844,买盘
2335,13:04:06,12.37,42051,34,买盘
2336,13:04:09,12.37,4059836,3282,买盘
2337,13:04:12,12.37,12370,10,卖盘
2338,13:04:15,12.37,165788,134,卖盘
2339,13:04:21,12.37,165880,134,卖盘
2340,13:04:24,12.38,23507,19,买盘
2341,13:04:27,12.37,355102,287,卖盘
2342,13:04:30,12.37,40836,33,卖盘
2343,13:04:33,12.38,68061,55,买盘
2344,13:04:36,12.38,13618,11,买盘
2345,13:04:39,12.37,40824,33,卖盘
2346,13:04:42,12.38,23517,19,买盘
2347,13:04:45,12.37,18555,15,卖盘
2348,13:04:48,12.38,22284,18,买盘
2349,13:04:51,12.38,19808,16,买盘
2350,13:04:54,12.38,33419,27,买盘
2351,13:04:57,12.38,39614,32,买盘
2352,13:05:00,12.38,9902,8,买盘
2353,13:05:03,12.38,157216,127,买盘
2354,13:05:06,12.37,122525,99,卖盘
2355,13:05:09,12.37,74220,60,卖盘
2356,13:05:12,12.37,12370,10,卖盘
2357,13:05:15,12.38,48282,39,买盘
2358,13:05:18,12.37,162050,131,卖盘
2359,13:05:21,12.37,18555,15,卖盘
2360,13:05:27,12.37,39601,32,卖盘
2361,13:05:30,12.37,77931,63,卖盘
2362,13:05:33,12.37,1823339,1474,卖盘
2363,13:05:36,12.37,2706553,2188,卖盘
2364,13:05:39,12.36,39569,32,卖盘
2365,13:05:42,12.37,8659,7,买盘
2366,13:05:45,12.37,24740,20,买盘
2367,13:05:48,12.37,112567,91,买盘
2368,13:05:51,12.37,138544,112,买盘
2369,13:05:54,12.37,12370,10,买盘
2370,13:05:57,12.37,175638,142,买盘
2371,13:06:00,12.37,71702,58,买盘
2372,13:06:03,12.36,131034,106,卖盘
2373,13:06:06,12.37,619737,501,买盘
2374,13:06:09,12.37,23503,19,买盘
2375,13:06:12,12.36,142190,115,卖盘
2376,13:06:18,12.37,70494,57,买盘
2377,13:06:21,12.37,25977,21,买盘
2378,13:06:24,12.36,317672,257,卖盘
2379,13:06:27,12.36,1908384,1544,卖盘
2380,13:06:30,12.36,65508,53,买盘
2381,13:06:33,12.36,102588,83,买盘
2382,13:06:36,12.36,28427,23,买盘
2383,13:06:39,12.36,16068,13,买盘
2384,13:06:42,12.36,25956,21,买盘
2385,13:06:45,12.36,69189,56,买盘
2386,13:06:48,12.36,2472,2,买盘
2387,13:06:51,12.36,27191,22,买盘
2388,13:06:54,12.36,39552,32,买盘
2389,13:06:57,12.36,42024,34,买盘
2390,13:07:00,12.36,9888,8,买盘
2391,13:07:03,12.36,318788,258,买盘
2392,13:07:06,12.36,58092,47,买盘
2393,13:07:09,12.35,45709,37,卖盘
2394,13:07:12,12.36,2472,2,买盘
2395,13:07:15,12.36,165535,134,买盘
2396,13:07:18,12.36,18539,15,买盘
2397,13:07:21,12.36,3707,3,买盘
2398,13:07:24,12.36,95172,77,买盘
2399,13:07:27,12.36,97583,79,买盘
2400,13:07:30,12.36,6180,5,买盘
2401,13:07:33,12.36,3708,3,买盘
2402,13:07:36,12.36,27192,22,买盘
2403,13:07:39,12.36,30887,25,买盘
2404,13:07:42,12.36,17304,14,买盘
2405,13:07:45,12.35,159326,129,卖盘
2406,13:07:48,12.36,236076,191,买盘
2407,13:07:51,12.35,646397,523,卖盘
2408,13:07:54,12.36,3708,3,买盘
2409,13:07:57,12.36,35831,29,买盘
2410,13:08:00,12.36,55607,45,买盘
2411,13:08:03,12.36,34608,28,买盘
2412,13:08:06,12.36,53148,43,买盘
2413,13:08:09,12.36,24720,20,买盘
2414,13:08:12,12.35,113711,92,卖盘
2415,13:08:15,12.36,121128,98,买盘
2416,13:08:18,12.35,13595,11,卖盘
2417,13:08:21,12.36,23484,19,买盘
2418,13:08:24,12.36,75396,61,买盘
2419,13:08:27,12.36,2472,2,买盘
2420,13:08:30,12.36,40766,33,买盘
2421,13:08:33,12.36,64236,52,买盘
2422,13:08:36,12.36,54384,44,买盘
2423,13:08:39,12.36,553728,448,买盘
2424,13:08:42,12.36,38316,31,买盘
2425,13:08:45,12.36,38298,31,买盘
2426,13:08:48,12.35,144611,117,卖盘
2427,13:08:51,12.36,168096,136,买盘
2428,13:08:54,12.36,24709,20,买盘
2429,13:08:57,12.36,29664,24,买盘
2430,13:09:00,12.36,102588,83,买盘
2431,13:09:03,12.36,175512,142,买盘
2432,13:09:06,12.36,84042,68,买盘
2433,13:09:09,12.36,23484,19,买盘
2434,13:09:12,12.35,23468,19,卖盘
2435,13:09:15,12.36,74160,60,买盘
2436,13:09:18,12.36,32136,26,买盘
2437,13:09:21,12.35,16067,13,卖盘
2438,13:09:24,12.36,42023,34,买盘
2439,13:09:27,12.36,30900,25,买盘
2440,13:09:30,12.36,21012,17,买盘
2441,13:09:33,12.36,30900,25,买盘
2442,13:09:36,12.36,27182,22,买盘
2443,13:09:39,12.36,192815,156,买盘
2444,13:09:42,12.35,4942,4,卖盘
2445,13:09:45,12.36,84048,68,买盘
2446,13:09:48,12.35,95106,77,卖盘
2447,13:09:51,12.36,109947,89,买盘
2448,13:09:54,12.35,34597,28,卖盘
2449,13:09:57,12.36,16068,13,买盘
2450,13:10:00,12.36,174174,141,买盘
2451,13:10:03,12.36,108700,88,买盘
2452,13:10:06,12.36,14832,12,买盘
2453,13:10:09,12.36,58047,47,买盘
2454,13:10:12,12.36,66743,54,买盘
2455,13:10:15,12.36,11124,9,买盘
2456,13:10:18,12.36,50676,41,买盘
2457,13:10:21,12.36,140818,114,买盘
2458,13:10:24,12.36,35817,29,买盘
2459,13:10:27,12.36,56832,46,买盘
2460,13:10:30,12.36,66744,54,买盘
2461,13:10:33,12.36,77853,63,买盘
2462,13:10:36,12.36,17304,14,买盘
2463,13:10:39,12.36,33372,27,买盘
2464,13:10:42,12.36,116184,94,买盘
2465,13:10:45,12.36,195232,158,买盘
2466,13:10:48,12.36,87750,71,买盘
2467,13:10:51,12.36,19772,16,买盘
2468,13:10:54,12.36,207648,168,买盘
2469,13:10:57,12.36,62996,51,买盘
2470,13:11:00,12.36,82812,67,买盘
2471,13:11:03,12.36,42024,34,买盘
2472,13:11:06,12.36,3277818,2652,买盘
2473,13:11:09,12.37,16071,13,买盘
2474,13:11:12,12.37,21021,17,买盘
2475,13:11:15,12.36,55637,45,卖盘
2476,13:11:18,12.37,2474,2,买盘
2477,13:11:21,12.37,2474,2,买盘
2478,13:11:24,12.37,8655,7,买盘
2479,13:11:27,12.37,27214,22,买盘
2480,13:11:30,12.37,43282,35,买盘
2481,13:11:33,12.37,2474,2,买盘
2482,13:11:36,12.37,18542,15,买盘
2483,13:11:39,12.37,49457,40,买盘
2484,13:11:42,12.37,12363,10,买盘
2485,13:11:45,12.36,306545,248,卖盘
2486,13:11:48,12.37,24735,20,买盘
2487,13:11:51,12.36,212594,172,卖盘
2488,13:11:54,12.37,4946,4,买盘
2489,13:11:57,12.37,3056631,2473,买盘
2490,13:12:00,12.36,223721,181,卖盘
2491,13:12:03,12.36,217536,176,买盘
2492,13:12:06,12.37,1014764,821,买盘
2493,13:12:09,12.37,3711,3,买盘
2494,13:12:12,12.37,2474,2,买盘
2495,13:12:15,12.37,90239,73,买盘
2496,13:12:18,12.37,2474,2,买盘
2497,13:12:21,12.37,6183,5,买盘
2498,13:12:24,12.37,37082,30,买盘
2499,13:12:27,12.37,50712,41,买盘
2500,13:12:30,12.37,54428,44,买盘
2501,13:12:33,12.37,2474,2,买盘
2502,13:12:36,12.37,22266,18,买盘
2503,13:12:39,12.37,3711,3,买盘
2504,13:12:42,12.36,24722,20,卖盘
2505,13:12:45,12.37,2474,2,买盘
2506,13:12:48,12.37,69233,56,买盘
2507,13:12:51,12.37,4948,4,买盘
2508,13:12:54,12.37,3710,3,买盘
2509,13:12:57,12.37,22266,18,买盘
2510,13:13:00,12.37,2474,2,买盘
2511,13:13:03,12.37,16081,13,买盘
2512,13:13:06,12.37,119903,97,买盘
2513,13:13:09,12.37,98898,80,买盘
2514,13:13:12,12.37,2474,2,买盘
2515,13:13:15,12.37,4948,4,买盘
2516,13:13:18,12.36,38332,31,卖盘
2517,13:13:21,12.37,16081,13,买盘
2518,13:13:24,12.36,3710,3,卖盘
2519,13:13:27,12.37,27204,22,买盘
2520,13:13:30,12.37,33399,27,买盘
2521,13:13:33,12.37,34636,28,买盘
2522,13:13:36,12.37,2474,2,买盘
2523,13:13:39,12.37,77931,63,买盘
2524,13:13:42,12.37,49480,40,买盘
2525,13:13:45,12.37,14844,12,买盘
2526,13:13:48,12.37,95249,77,买盘
2527,13:13:51,12.37,19792,16,买盘
2528,13:13:54,12.37,9891,8,买盘
2529,13:13:57,12.36,25958,21,卖盘
2530,13:14:00,12.37,37097,30,买盘
2531,13:14:03,12.36,263421,213,卖盘
2532,13:14:06,12.37,202814,164,买盘
2533,13:14:09,12.37,21014,17,买盘
2534,13:14:12,12.37,68018,55,买盘
2535,13:14:15,12.37,171806,139,买盘
2536,13:14:18,12.37,34610,28,买盘
2537,13:14:21,12.36,53165,43,卖盘
2538,13:14:24,12.37,11133,9,买盘
2539,13:14:27,12.37,3711,3,买盘
2540,13:14:30,12.37,3710,3,买盘
2541,13:14:33,12.37,144654,117,买盘
2542,13:14:36,12.37,2474,2,买盘
2543,13:14:39,12.37,29679,24,买盘
2544,13:14:42,12.37,32139,26,买盘
2545,13:14:45,12.37,93964,76,买盘
2546,13:14:48,12.36,19778,16,卖盘
2547,13:14:51,12.37,2474,2,买盘
2548,13:14:54,12.37,55637,45,买盘
2549,13:14:57,12.37,16081,13,买盘
2550,13:15:00,12.37,32139,26,买盘
2551,13:15:03,12.37,22250,18,买盘
2552,13:15:06,12.37,25977,21,买盘
2553,13:15:09,12.37,25960,21,买盘
2554,13:15:12,12.37,8654,7,买盘
2555,13:15:15,12.37,38333,31,买盘
2556,13:15:18,12.37,23487,19,买盘
2557,13:15:21,12.37,75398,61,买盘
2558,13:15:24,12.37,144627,117,买盘
2559,13:15:27,12.36,27209,22,卖盘
2560,13:15:30,12.37,2474,2,买盘
2561,13:15:33,12.37,17318,14,买盘
2562,13:15:36,12.37,61825,50,买盘
2563,13:15:39,12.37,2474,2,买盘
2564,13:15:42,12.36,3710,3,卖盘
2565,13:15:45,12.37,9895,8,买盘
2566,13:15:48,12.37,28451,23,买盘
2567,13:15:51,12.37,34636,28,买盘
2568,13:15:54,12.37,19792,16,买盘
2569,13:15:57,12.37,171806,139,买盘
2570,13:16:00,12.36,60582,49,卖盘
2571,13:16:03,12.37,93997,76,买盘
2572,13:16:06,12.37,13607,11,买盘
2573,13:16:09,12.37,205195,166,买盘
2574,13:16:12,12.36,74162,60,卖盘
2575,13:16:15,12.36,206414,167,卖盘
2576,13:16:18,12.37,307913,249,买盘
2577,13:16:21,12.37,23503,19,买盘
2578,13:16:24,12.37,55661,45,买盘
2579,13:16:27,12.37,93952,76,买盘
2580,13:16:30,12.36,42048,34,卖盘
2581,13:16:33,12.36,145851,118,卖盘
2582,13:16:36,12.36,44517,36,卖盘
2583,13:16:42,12.36,42040,34,卖盘
2584,13:16:45,12.36,24720,20,卖盘
2585,13:16:48,12.36,37080,30,卖盘
2586,13:16:51,12.37,21026,17,买盘
2587,13:16:54,12.37,158336,128,买盘
2588,13:16:57,12.36,18540,15,卖盘
2589,13:17:00,12.36,150798,122,卖盘
2590,13:17:03,12.36,72940,59,卖盘
2591,13:17:06,12.36,85284,69,卖盘
2592,13:17:09,12.36,229896,186,卖盘
2593,13:17:12,12.36,2390451,1934,卖盘
2594,13:17:15,12.36,2365687,1914,卖盘
2595,13:17:18,12.36,248436,201,买盘
2596,13:17:21,12.36,1174185,950,卖盘
2597,13:17:24,12.37,525304,425,买盘
2598,13:17:27,12.36,569620,461,卖盘
2599,13:17:30,12.37,1152069,932,买盘
2600,13:17:33,12.36,150792,122,卖盘
2601,13:17:36,12.37,13597,11,买盘
2602,13:17:39,12.36,27192,22,卖盘
2603,13:17:45,12.36,164388,133,卖盘
2604,13:17:48,12.37,7422,6,买盘
2605,13:17:51,12.36,134724,109,卖盘
2606,13:17:54,12.36,257093,208,卖盘
2607,13:17:57,12.36,59329,48,卖盘
2608,13:18:00,12.37,86546,70,买盘
2609,13:18:03,12.37,1237,1,买盘
2610,13:18:06,12.36,23484,19,卖盘
2611,13:18:09,12.36,574740,465,卖盘
2612,13:18:12,12.36,148321,120,卖盘
2613,13:18:15,12.36,634481,513,卖盘
2614,13:18:18,12.37,19777,16,买盘
2615,13:18:21,12.36,95172,77,卖盘
2616,13:18:24,12.36,65508,53,中性盘
2617,13:18:27,12.36,7416,6,卖盘
2618,13:18:30,12.36,80352,65,卖盘
2619,13:18:33,12.37,114954,93,买盘
2620,13:18:36,12.37,3710,3,买盘
2621,13:18:39,12.36,148320,120,卖盘
2622,13:18:42,12.37,142255,115,买盘
2623,13:18:45,12.37,39584,32,买盘
2624,13:18:48,12.36,186636,151,卖盘
2625,13:18:51,12.36,66744,54,卖盘
2626,13:18:54,12.37,29679,24,买盘
2627,13:18:57,12.37,24740,20,买盘
2628,13:19:00,12.37,12370,10,买盘
2629,13:19:03,12.36,820717,664,卖盘
2630,13:19:06,12.36,34608,28,卖盘
2631,13:19:09,12.36,51926,42,卖盘
2632,13:19:12,12.36,16068,13,卖盘
2633,13:19:15,12.37,21029,17,买盘
2634,13:19:18,12.37,133491,108,买盘
2635,13:19:21,12.36,145849,118,卖盘
2636,13:19:24,12.36,30900,25,卖盘
2637,13:19:27,12.37,96427,78,买盘
2638,13:19:30,12.36,48204,39,卖盘
2639,13:19:33,12.36,3708,3,卖盘
2640,13:19:36,12.37,19792,16,买盘
2641,13:19:39,12.37,166988,135,买盘
2642,13:19:42,12.36,133488,108,卖盘
2643,13:19:45,12.37,154513,125,买盘
2644,13:19:48,12.36,74162,60,卖盘
2645,13:19:51,12.36,107536,87,卖盘
2646,13:19:54,12.37,166883,135,买盘
2647,13:19:57,12.37,6185,5,买盘
2648,13:20:00,12.37,155752,126,买盘
2649,13:20:03,12.37,144622,117,买盘
2650,13:20:06,12.36,102604,83,卖盘
2651,13:20:12,12.37,907808,734,买盘
2652,13:20:15,12.37,2474,2,买盘
2653,13:20:18,12.36,242288,196,卖盘
2654,13:20:21,12.37,2474,2,买盘
2655,13:20:24,12.37,6185,5,买盘
2656,13:20:27,12.37,12370,10,买盘
2657,13:20:30,12.37,76694,62,买盘
2658,13:20:33,12.37,9895,8,买盘
2659,13:20:36,12.37,341412,276,买盘
2660,13:20:39,12.36,364721,295,卖盘
2661,13:20:42,12.37,3711,3,买盘
2662,13:20:45,12.36,25976,21,卖盘
2663,13:20:48,12.37,32162,26,买盘
2664,13:20:51,12.37,56902,46,买盘
2665,13:20:54,12.36,35869,29,卖盘
2666,13:20:57,12.37,27211,22,买盘
2667,13:21:00,12.37,145916,118,买盘
2668,13:21:03,12.37,14844,12,买盘
2669,13:21:06,12.37,212655,172,买盘
2670,13:21:09,12.37,592523,479,买盘
2671,13:21:12,12.37,604893,489,买盘
2672,13:21:15,12.37,432933,350,买盘
2673,13:21:18,12.37,72982,59,买盘
2674,13:21:21,12.37,69272,56,买盘
2675,13:21:24,12.37,650162,526,买盘
2676,13:21:27,12.37,144632,117,买盘
2677,13:21:30,12.36,32141,26,卖盘
2678,13:21:33,12.37,56893,46,买盘
2679,13:21:36,12.36,17305,14,卖盘
2680,13:21:39,12.36,226188,183,卖盘
2681,13:21:42,12.37,28449,23,买盘
2682,13:21:48,12.36,56856,46,卖盘
2683,13:21:51,12.37,54394,44,买盘
2684,13:21:54,12.37,682287,552,买盘
2685,13:21:57,12.37,65532,53,买盘
2686,13:22:00,12.37,45767,37,买盘
2687,13:22:03,12.37,267192,216,买盘
2688,13:22:06,12.37,220063,178,买盘
2689,13:22:09,12.37,19792,16,买盘
2690,13:22:12,12.37,1237,1,买盘
2691,13:22:15,12.37,60592,49,买盘
2692,13:22:18,12.37,1848092,1494,买盘
2693,13:22:21,12.38,27234,22,买盘
2694,13:22:24,12.37,163284,132,卖盘
2695,13:22:27,12.38,18570,15,买盘
2696,13:22:33,12.38,2476,2,买盘
2697,13:22:36,12.38,58185,47,买盘
2698,13:22:39,12.38,66852,54,买盘
2699,13:22:42,12.38,17332,14,买盘
2700,13:22:45,12.37,247400,200,卖盘
2701,13:22:48,12.37,4950,4,卖盘
2702,13:22:51,12.37,200410,162,卖盘
2703,13:22:54,12.37,244928,198,卖盘
2704,13:22:57,12.37,11139,9,卖盘
2705,13:23:00,12.38,22282,18,买盘
2706,13:23:03,12.37,118847,96,卖盘
2707,13:23:06,12.38,50748,41,买盘
2708,13:23:09,12.37,23518,19,卖盘
2709,13:23:12,12.38,39616,32,买盘
2710,13:23:15,12.38,174558,141,买盘
2711,13:23:18,12.38,37140,30,买盘
2712,13:23:21,12.37,237674,192,卖盘
2713,13:23:24,12.37,11133,9,卖盘
2714,13:23:30,12.37,101434,82,卖盘
2715,13:23:33,12.38,39608,32,买盘
2716,13:23:36,12.38,21046,17,买盘
2717,13:23:39,12.38,216547,175,买盘
2718,13:23:42,12.38,6190,5,买盘
2719,13:23:45,12.38,32178,26,买盘
2720,13:23:48,12.38,1238,1,买盘
2721,13:23:51,12.38,53234,43,买盘
2722,13:23:54,12.38,34664,28,买盘
2723,13:23:57,12.37,1237,1,卖盘
2724,13:24:03,12.37,144845,117,卖盘
2725,13:24:06,12.37,84163,68,卖盘
2726,13:24:09,12.38,125038,101,买盘
2727,13:24:12,12.38,6190,5,买盘
2728,13:24:18,12.38,17332,14,买盘
2729,13:24:21,12.38,32188,26,买盘
2730,13:24:24,12.38,125037,101,买盘
2731,13:24:27,12.38,3714,3,买盘
2732,13:24:30,12.38,18570,15,买盘
2733,13:24:33,12.38,16094,13,买盘
2734,13:24:36,12.37,154637,125,卖盘
2735,13:24:39,12.38,34664,28,买盘
2736,13:24:42,12.37,3713,3,卖盘
2737,13:24:48,12.37,141032,114,卖盘
2738,13:24:51,12.38,12380,10,买盘
2739,13:24:54,12.38,25998,21,买盘
2740,13:24:57,12.38,17332,14,买盘
2741,13:25:00,12.37,3713,3,卖盘
2742,13:25:03,12.38,50754,41,买盘
2743,13:25:06,12.37,34652,28,卖盘
2744,13:25:09,12.38,2476,2,买盘
2745,13:25:12,12.38,1525216,1232,买盘
2746,13:25:15,12.38,30950,25,买盘
2747,13:25:18,12.37,2475,2,卖盘
2748,13:25:21,12.38,495200,400,买盘
2749,13:25:24,12.38,50756,41,买盘
2750,13:25:27,12.37,2475,2,卖盘
2751,13:25:30,12.38,4952,4,买盘
2752,13:25:33,12.38,1238,1,买盘
2753,13:25:36,12.38,117609,95,买盘
2754,13:25:39,12.37,18557,15,卖盘
2755,13:25:42,12.37,34663,28,卖盘
2756,13:25:45,12.38,102754,83,买盘
2757,13:25:48,12.38,176913,143,买盘
2758,13:25:51,12.38,471402,381,买盘
2759,13:25:54,12.37,1172679,948,卖盘
2760,13:25:57,12.38,306811,248,买盘
2761,13:26:00,12.38,89085,72,买盘
2762,13:26:03,12.37,179365,145,卖盘
2763,13:26:06,12.37,47006,38,卖盘
2764,13:26:09,12.37,17318,14,卖盘
2765,13:26:12,12.37,61850,50,卖盘
2766,13:26:15,12.37,23503,19,卖盘
2767,13:26:18,12.38,38378,31,买盘
2768,13:26:24,12.37,279566,226,卖盘
2769,13:26:27,12.38,17332,14,买盘
2770,13:26:30,12.38,105164,85,买盘
2771,13:26:33,12.38,1238,1,买盘
2772,13:26:36,12.37,164619,133,卖盘
2773,13:26:39,12.37,1237,1,卖盘
2774,13:26:42,12.38,22284,18,买盘
2775,13:26:45,12.38,27236,22,买盘
2776,13:26:48,12.37,6185,5,卖盘
2777,13:26:51,12.38,82935,67,买盘
2778,13:26:54,12.37,6185,5,卖盘
2779,13:26:57,12.37,1237,1,卖盘
2780,13:27:00,12.38,35887,29,买盘
2781,13:27:03,12.37,313064,253,卖盘
2782,13:27:06,12.38,168258,136,买盘
2783,13:27:09,12.37,909195,735,卖盘
2784,13:27:12,12.38,257312,208,买盘
2785,13:27:15,12.38,70523,57,买盘
2786,13:27:18,12.37,61850,50,卖盘
2787,13:27:21,12.38,105159,85,买盘
2788,13:27:24,12.37,40821,33,卖盘
2789,13:27:27,12.38,13615,11,买盘
2790,13:27:30,12.38,79198,64,买盘
2791,13:27:33,12.37,158353,128,卖盘
2792,13:27:36,12.37,132363,107,卖盘
2793,13:27:39,12.37,44545,36,卖盘
2794,13:27:42,12.37,571833,462,卖盘
2795,13:27:45,12.37,64324,52,卖盘
2796,13:27:48,12.38,39598,32,买盘
2797,13:27:51,12.37,155862,126,卖盘
2798,13:27:54,12.37,301844,244,卖盘
2799,13:27:57,12.37,74248,60,卖盘
2800,13:28:00,12.37,226387,183,卖盘
2801,13:28:03,12.37,160810,130,卖盘
2802,13:28:06,12.37,87843,71,卖盘
2803,13:28:09,12.37,42078,34,卖盘
2804,13:28:12,12.38,39616,32,买盘
2805,13:28:15,12.37,91553,74,卖盘
2806,13:28:18,12.37,55672,45,卖盘
2807,13:28:21,12.38,18569,15,买盘
2808,13:28:24,12.38,141032,114,买盘
2809,13:28:30,12.37,111330,90,卖盘
2810,13:28:33,12.38,39599,32,买盘
2811,13:28:36,12.38,38378,31,买盘
2812,13:28:39,12.38,108876,88,买盘
2813,13:28:42,12.38,100221,81,买盘
2814,13:28:45,12.38,143510,116,买盘
2815,13:28:48,12.37,92779,75,卖盘
2816,13:28:51,12.37,66798,54,卖盘
2817,13:28:54,12.38,81659,66,买盘
2818,13:28:57,12.38,149694,121,买盘
2819,13:29:00,12.36,70483,57,卖盘
2820,13:29:03,12.37,158307,128,买盘
2821,13:29:06,12.37,144699,117,买盘
2822,13:29:09,12.37,498515,403,买盘
2823,13:29:12,12.37,24740,20,卖盘
2824,13:29:15,12.37,284524,230,卖盘
2825,13:29:18,12.38,70566,57,买盘
2826,13:29:21,12.37,124937,101,卖盘
2827,13:29:24,12.37,65561,53,卖盘
2828,13:29:27,12.38,18570,15,买盘
2829,13:29:30,12.38,94019,76,买盘
2830,13:29:33,12.38,22284,18,买盘
2831,13:29:36,12.38,287212,232,买盘
2832,13:29:39,12.38,17332,14,买盘
2833,13:29:42,12.38,77932,63,买盘
2834,13:29:48,12.38,37140,30,买盘
2835,13:29:51,12.38,165892,134,买盘
2836,13:29:54,12.37,129885,105,卖盘
2837,13:29:57,12.37,178141,144,卖盘
2838,13:30:00,12.38,51996,42,买盘
2839,13:30:03,12.37,12370,10,卖盘
2840,13:30:06,12.37,92777,75,卖盘
2841,13:30:09,12.37,39598,32,卖盘
2842,13:30:12,12.37,2474,2,卖盘
2843,13:30:15,12.37,37110,30,卖盘
2844,13:30:18,12.38,77964,63,买盘
2845,13:30:21,12.38,334016,270,买盘
2846,13:30:24,12.37,94012,76,卖盘
2847,13:30:27,12.38,2476,2,买盘
2848,13:30:30,12.37,145981,118,卖盘
2849,13:30:33,12.37,48246,39,卖盘
2850,13:30:36,12.37,118752,96,卖盘
2851,13:30:39,12.38,275956,223,买盘
2852,13:30:42,12.37,613552,496,卖盘
2853,13:30:45,12.37,932698,754,买盘
2854,13:30:48,12.37,85353,69,买盘
2855,13:30:51,12.37,269653,218,买盘
2856,13:30:54,12.37,305527,247,买盘
2857,13:30:57,12.37,79173,64,卖盘
2858,13:31:00,12.37,40840,33,卖盘
2859,13:31:03,12.38,49520,40,买盘
2860,13:31:06,12.37,12375,10,卖盘
2861,13:31:09,12.37,96486,78,卖盘
2862,13:31:12,12.37,306776,248,卖盘
2863,13:31:15,12.37,81662,66,卖盘
2864,13:31:18,12.38,126189,102,买盘
2865,13:31:21,12.37,69272,56,卖盘
2866,13:31:24,12.38,123774,100,买盘
2867,13:31:30,12.37,160840,130,卖盘
2868,13:31:33,12.37,24740,20,卖盘
2869,13:31:36,12.37,18555,15,卖盘
2870,13:31:39,12.37,180607,146,卖盘
2871,13:31:42,12.37,136076,110,卖盘
2872,13:31:45,12.38,147231,119,买盘
2873,13:31:48,12.37,17318,14,卖盘
2874,13:31:51,12.38,158349,128,买盘
2875,13:31:54,12.38,1238,1,买盘
2876,13:31:57,12.38,54448,44,买盘
2877,13:32:00,12.37,195446,158,卖盘
2878,13:32:06,12.38,111365,90,买盘
2879,13:32:12,12.38,6190,5,买盘
2880,13:32:15,12.38,47044,38,买盘
2881,13:32:18,12.38,45786,37,买盘
2882,13:32:21,12.37,149690,121,卖盘
2883,13:32:24,12.37,744674,602,卖盘
2884,13:32:27,12.36,447779,362,卖盘
2885,13:32:30,12.36,105140,85,卖盘
2886,13:32:33,12.37,812707,657,买盘
2887,13:32:36,12.37,37110,30,买盘
2888,13:32:39,12.37,155853,126,买盘
2889,13:32:42,12.37,1053924,852,买盘
2890,13:32:45,12.36,136032,110,卖盘
2891,13:32:48,12.36,1236,1,卖盘
2892,13:32:51,12.36,24739,20,卖盘
2893,13:32:57,12.37,74190,60,买盘
2894,13:33:00,12.37,63042,51,买盘
2895,13:33:03,12.37,30925,25,买盘
2896,13:33:06,12.37,30911,25,买盘
2897,13:33:09,12.37,12369,10,买盘
2898,13:33:12,12.37,27214,22,买盘
2899,13:33:15,12.37,9895,8,买盘
2900,13:33:18,12.37,45761,37,买盘
2901,13:33:21,12.36,4946,4,卖盘
2902,13:33:24,12.37,37095,30,买盘
2903,13:33:27,12.36,1725456,1396,卖盘
2904,13:33:30,12.37,784249,634,买盘
2905,13:33:33,12.37,199053,161,买盘
2906,13:33:36,12.37,21029,17,买盘
2907,13:33:39,12.36,69250,56,卖盘
2908,13:33:42,12.37,56898,46,买盘
2909,13:33:45,12.37,17318,14,买盘
2910,13:33:48,12.37,692720,560,买盘
2911,13:33:51,12.37,1237,1,买盘
2912,13:33:54,12.37,23503,19,买盘
2913,13:33:57,12.37,374811,303,买盘
2914,13:34:00,12.37,325331,263,卖盘
2915,13:34:03,12.37,469877,380,卖盘
2916,13:34:06,12.37,110094,89,买盘
2917,13:34:09,12.37,274614,222,卖盘
2918,13:34:12,12.37,4948,4,买盘
2919,13:34:15,12.37,163284,132,买盘
2920,13:34:18,12.37,45756,37,买盘
2921,13:34:21,12.37,145881,118,买盘
2922,13:34:24,12.37,71746,58,买盘
2923,13:34:27,12.37,180602,146,买盘
2924,13:34:30,12.37,6185,5,买盘
2925,13:34:33,12.37,24739,20,买盘
2926,13:34:36,12.36,107571,87,卖盘
2927,13:34:39,12.37,646879,523,买盘
2928,13:34:42,12.38,188162,152,买盘
2929,13:34:45,12.38,58154,47,买盘
2930,13:34:51,12.38,8666,7,买盘
2931,13:34:54,12.37,28451,23,卖盘
2932,13:34:57,12.38,17332,14,买盘
2933,13:35:00,12.37,105145,85,卖盘
2934,13:35:03,12.37,258553,209,卖盘
2935,13:35:06,12.37,417958,338,卖盘
2936,13:35:09,12.37,117515,95,买盘
2937,13:35:12,12.37,61848,50,买盘
2938,13:35:15,12.37,14844,12,买盘
2939,13:35:18,12.37,844802,683,买盘
2940,13:35:21,12.37,199157,161,买盘
2941,13:35:24,12.37,28451,23,买盘
2942,13:35:27,12.37,24740,20,买盘
2943,13:35:30,12.37,19792,16,买盘
2944,13:35:33,12.37,12370,10,买盘
2945,13:35:39,12.37,18555,15,买盘
2946,13:35:45,12.37,50717,41,买盘
2947,13:35:51,12.36,14832,12,卖盘
2948,13:35:54,12.36,137306,111,卖盘
2949,13:35:57,12.36,147107,119,卖盘
2950,13:36:00,12.36,18540,15,卖盘
2951,13:36:03,12.37,914101,739,买盘
2952,13:36:06,12.37,34636,28,买盘
2953,13:36:09,12.37,39584,32,买盘
2954,13:36:12,12.37,53191,43,买盘
2955,13:36:15,12.36,1236,1,卖盘
2956,13:36:18,12.37,18555,15,买盘
2957,13:36:24,12.37,157089,127,买盘
2958,13:36:27,12.37,58139,47,买盘
2959,13:36:30,12.37,19792,16,买盘
2960,13:36:33,12.37,153388,124,买盘
2961,13:36:39,12.37,18555,15,买盘
2962,13:36:42,12.36,826312,668,卖盘
2963,13:36:45,12.37,30910,25,买盘
2964,13:36:48,12.37,3711,3,买盘
2965,13:36:51,12.37,61827,50,买盘
2966,13:36:54,12.37,32162,26,买盘
2967,13:36:57,12.36,1236,1,卖盘
2968,13:37:00,12.37,74220,60,买盘
2969,13:37:03,12.37,58138,47,买盘
2970,13:37:06,12.37,56902,46,买盘
2971,13:37:09,12.36,7421,6,卖盘
2972,13:37:12,12.36,55639,45,卖盘
2973,13:37:15,12.37,139781,113,买盘
2974,13:37:18,12.37,21020,17,买盘
2975,13:37:21,12.36,763207,617,卖盘
2976,13:37:24,12.37,175654,142,买盘
2977,13:37:30,12.37,128578,104,买盘
2978,13:37:33,12.37,1237,1,买盘
2979,13:37:36,12.37,149575,121,买盘
2980,13:37:39,12.36,7416,6,卖盘
2981,13:37:42,12.37,72967,59,买盘
2982,13:37:45,12.36,77928,63,卖盘
2983,13:37:48,12.37,19792,16,买盘
2984,13:37:51,12.37,24739,20,买盘
2985,13:37:54,12.36,18540,15,卖盘
2986,13:37:57,12.37,37099,30,买盘
2987,13:38:00,12.36,24720,20,卖盘
2988,13:38:03,12.36,34608,28,卖盘
2989,13:38:06,12.37,106379,86,买盘
2990,13:38:12,12.37,14844,12,买盘
2991,13:38:15,12.37,6185,5,买盘
2992,13:38:18,12.37,18555,15,买盘
2993,13:38:24,12.36,106308,86,卖盘
2994,13:38:27,12.36,2472,2,卖盘
2995,13:38:30,12.37,21029,17,买盘
2996,13:38:33,12.37,2473,2,买盘
2997,13:38:36,12.36,13596,11,卖盘
2998,13:38:39,12.36,12360,10,卖盘
2999,13:38:42,12.36,129796,105,卖盘
3000,13:38:45,12.36,110004,89,卖盘
3001,13:38:48,12.36,35844,29,卖盘
3002,13:38:51,12.36,46984,38,卖盘
3003,13:38:54,12.36,9888,8,卖盘
3004,13:38:57,12.36,4944,4,卖盘
3005,13:39:00,12.37,302835,245,买盘
3006,13:39:03,12.36,34621,28,卖盘
3007,13:39:09,12.36,7416,6,卖盘
3008,13:39:12,12.36,186709,151,卖盘
3009,13:39:15,12.37,64305,52,买盘
3010,13:39:18,12.37,12370,10,买盘
3011,13:39:21,12.36,3484284,2819,卖盘
3012,13:39:24,12.36,197762,160,卖盘
3013,13:39:27,12.36,91497,74,卖盘
3014,13:39:30,12.36,45752,37,卖盘
3015,13:39:33,12.37,87821,71,买盘
3016,13:39:36,12.37,1237,1,买盘
3017,13:39:39,12.37,17318,14,买盘
3018,13:39:42,12.36,106296,86,卖盘
3019,13:39:45,12.37,1295109,1047,买盘
3020,13:39:51,12.36,44512,36,卖盘
3021,13:39:54,12.36,1125526,910,卖盘
3022,13:39:57,12.37,2474,2,买盘
3023,13:40:00,12.36,24720,20,卖盘
3024,13:40:03,12.37,28446,23,买盘
3025,13:40:06,12.36,1236,1,卖盘
3026,13:40:09,12.36,7419,6,卖盘
3027,13:40:12,12.37,58106,47,买盘
3028,13:40:15,12.36,1236,1,卖盘
3029,13:40:18,12.36,4944,4,卖盘
3030,13:40:24,12.37,21028,17,买盘
3031,13:40:27,12.37,784216,634,买盘
3032,13:40:30,12.37,19786,16,买盘
3033,13:40:33,12.36,58137,47,卖盘
3034,13:40:36,12.36,60597,49,卖盘
3035,13:40:39,12.37,22265,18,买盘
3036,13:40:42,12.36,4945,4,卖盘
3037,13:40:45,12.37,162035,131,买盘
3038,13:40:48,12.36,174276,141,卖盘
3039,13:40:51,12.37,16081,13,买盘
3040,13:40:54,12.37,143390,116,买盘
3041,13:40:57,12.36,22248,18,卖盘
3042,13:41:03,12.37,796625,644,买盘
3043,13:41:06,12.37,21029,17,买盘
3044,13:41:09,12.36,50676,41,卖盘
3045,13:41:12,12.36,79104,64,卖盘
3046,13:41:15,12.36,88992,72,卖盘
3047,13:41:18,12.37,974755,788,买盘
3048,13:41:21,12.37,17318,14,买盘
3049,13:41:24,12.36,63078,51,卖盘
3050,13:41:27,12.37,17318,14,买盘
3051,13:41:30,12.36,11124,9,卖盘
3052,13:41:33,12.37,1237,1,买盘
3053,13:41:36,12.36,12360,10,卖盘
3054,13:41:39,12.36,210120,170,卖盘
3055,13:41:42,12.36,27213,22,卖盘
3056,13:41:45,12.37,107613,87,买盘
3057,13:41:48,12.37,959911,776,买盘
3058,13:41:51,12.37,279561,226,买盘
3059,13:41:54,12.37,37110,30,买盘
3060,13:41:57,12.37,14844,12,买盘
3061,13:42:00,12.37,1237,1,买盘
3062,13:42:03,12.37,138446,112,买盘
3063,13:42:09,12.36,23497,19,卖盘
3064,13:42:12,12.36,1236,1,卖盘
3065,13:42:15,12.36,25973,21,卖盘
3066,13:42:18,12.36,373275,302,卖盘
3067,13:42:21,12.36,1236,1,卖盘
3068,13:42:24,12.37,23498,19,买盘
3069,13:42:27,12.36,25957,21,卖盘
3070,13:42:33,12.37,6185,5,买盘
3071,13:42:36,12.36,82843,67,卖盘
3072,13:42:39,12.37,869588,703,买盘
3073,13:42:42,12.37,45752,37,买盘
3074,13:42:45,12.37,13607,11,买盘
3075,13:42:51,12.37,25977,21,买盘
3076,13:42:54,12.37,72935,59,买盘
3077,13:42:57,12.37,23489,19,买盘
3078,13:43:00,12.36,19791,16,卖盘
3079,13:43:03,12.37,6185,5,买盘
3080,13:43:06,12.37,1237,1,买盘
3081,13:43:09,12.36,3708,3,卖盘
3082,13:43:12,12.36,705773,571,卖盘
3083,13:43:15,12.36,129781,105,卖盘
3084,13:43:18,12.37,32157,26,买盘
3085,13:43:21,12.37,39554,32,买盘
3086,13:43:24,12.36,71707,58,卖盘
3087,13:43:30,12.37,1130618,914,买盘
3088,13:43:33,12.37,139776,113,买盘
3089,13:43:36,12.36,105062,85,卖盘
3090,13:43:39,12.37,75428,61,买盘
3091,13:43:42,12.36,22263,18,卖盘
3092,13:43:45,12.36,192940,156,卖盘
3093,13:43:48,12.36,54386,44,卖盘
3094,13:43:51,12.36,71698,58,卖盘
3095,13:43:54,12.36,61823,50,卖盘
3096,13:43:57,12.36,155740,126,卖盘
3097,13:44:00,12.36,32139,26,卖盘
3098,13:44:03,12.37,24735,20,买盘
3099,13:44:06,12.37,17318,14,买盘
3100,13:44:09,12.36,29664,24,卖盘
3101,13:44:12,12.37,1028984,832,买盘
