,成交时间,成交价格,成交金额,成交量,性质
0,09:25:00,12.53,11265723,8991,卖盘
1,09:30:00,12.52,2582567,2062,卖盘
2,09:30:03,12.5,5684329,4544,卖盘
3,09:30:06,12.5,596644,477,卖盘
4,09:30:09,12.51,5283436,4226,买盘
5,09:30:12,12.51,898480,718,卖盘
6,09:30:15,12.5,619099,495,卖盘
7,09:30:18,12.5,1239751,992,卖盘
8,09:30:21,12.5,717500,574,卖盘
9,09:30:24,12.5,142426,114,买盘
10,09:30:27,12.5,2468977,1974,买盘
11,09:30:30,12.5,156217,125,买盘
12,09:30:33,12.5,560962,449,买盘
13,09:30:36,12.49,197449,158,卖盘
14,09:30:39,12.49,643279,515,卖盘
15,09:30:42,12.47,5368649,4304,卖盘
16,09:30:45,12.49,1032563,827,买盘
17,09:30:48,12.49,559679,448,卖盘
18,09:30:51,12.48,273436,219,卖盘
19,09:30:54,12.48,851160,682,卖盘
20,09:30:57,12.47,396651,318,卖盘
21,09:31:00,12.47,1773816,1422,卖盘
22,09:31:03,12.47,194605,156,卖盘
23,09:31:06,12.48,1011228,811,买盘
24,09:31:09,12.48,616173,494,买盘
25,09:31:12,12.48,615081,493,买盘
26,09:31:15,12.47,1061272,851,卖盘
27,09:31:18,12.48,535171,429,买盘
28,09:31:21,12.49,516706,414,买盘
29,09:31:24,12.48,940921,754,卖盘
30,09:31:27,12.48,1014023,812,卖盘
31,09:31:30,12.49,581873,466,买盘
32,09:31:33,12.49,129817,104,买盘
33,09:31:36,12.48,350728,281,卖盘
34,09:31:39,12.49,415705,333,买盘
35,09:31:42,12.49,258358,207,买盘
36,09:31:45,12.49,522028,418,买盘
37,09:31:48,12.48,850379,681,卖盘
38,09:31:51,12.49,714428,572,买盘
39,09:31:54,12.49,134892,108,卖盘
40,09:31:57,12.5,79953,64,买盘
41,09:32:00,12.49,92456,74,卖盘
42,09:32:03,12.5,128653,103,买盘
43,09:32:06,12.49,183640,147,卖盘
44,09:32:09,12.5,436196,349,买盘
45,09:32:12,12.49,853243,683,卖盘
46,09:32:15,12.49,2053360,1644,卖盘
47,09:32:18,12.48,686599,550,卖盘
48,09:32:21,12.47,1244147,997,卖盘
49,09:32:24,12.47,560245,449,卖盘
50,09:32:27,12.47,943441,756,卖盘
51,09:32:30,12.47,482892,387,卖盘
52,09:32:33,12.48,2995162,2400,买盘
53,09:32:36,12.48,395912,317,卖盘
54,09:32:39,12.5,267313,214,买盘
55,09:32:42,12.5,1195046,956,买盘
56,09:32:45,12.5,491318,393,卖盘
57,09:32:48,12.51,338743,271,买盘
58,09:32:51,12.5,371132,297,卖盘
59,09:32:54,12.49,301255,241,卖盘
60,09:32:57,12.5,148747,119,买盘
61,09:33:00,12.5,312502,250,卖盘
62,09:33:03,12.5,546250,437,卖盘
63,09:33:06,12.5,188764,151,卖盘
64,09:33:09,12.51,310243,248,买盘
65,09:33:12,12.51,38780,31,买盘
66,09:33:15,12.51,223898,179,买盘
67,09:33:18,12.51,670349,536,买盘
68,09:33:21,12.5,2509093,2007,卖盘
69,09:33:24,12.5,1183364,946,卖盘
70,09:33:27,12.5,702748,562,卖盘
71,09:33:30,12.51,3445980,2755,买盘
72,09:33:33,12.51,375324,300,卖盘
73,09:33:36,12.51,506850,405,卖盘
74,09:33:39,12.51,436739,349,卖盘
75,09:33:42,12.51,315295,252,卖盘
76,09:33:45,12.51,237725,190,卖盘
77,09:33:48,12.52,648474,518,买盘
78,09:33:51,12.51,496669,397,卖盘
79,09:33:54,12.51,274036,219,卖盘
80,09:33:57,12.51,319057,255,卖盘
81,09:34:00,12.51,530483,424,卖盘
82,09:34:03,12.5,8867081,7088,卖盘
83,09:34:06,12.5,1587796,1270,卖盘
84,09:34:09,12.51,786254,629,买盘
85,09:34:12,12.5,841301,673,卖盘
86,09:34:15,12.5,475274,380,卖盘
87,09:34:18,12.5,226356,181,卖盘
88,09:34:21,12.5,208856,167,卖盘
89,09:34:24,12.5,282551,226,卖盘
90,09:34:27,12.51,122529,98,买盘
91,09:34:30,12.51,212558,170,买盘
92,09:34:33,12.51,67551,54,买盘
93,09:34:36,12.51,165079,132,买盘
94,09:34:39,12.51,6261938,5006,买盘
95,09:34:42,12.51,774403,619,卖盘
96,09:34:45,12.51,401581,321,卖盘
97,09:34:48,12.5,10185879,8148,卖盘
98,09:34:51,12.48,850444,681,卖盘
99,09:34:54,12.49,1270698,1018,买盘
100,09:34:57,12.48,810026,649,卖盘
101,09:35:00,12.49,822914,659,买盘
102,09:35:03,12.48,1296706,1039,卖盘
103,09:35:06,12.48,582584,467,买盘
104,09:35:09,12.48,1768303,1418,买盘
105,09:35:12,12.48,653575,524,买盘
106,09:35:15,12.48,1195223,958,买盘
107,09:35:18,12.48,527696,423,买盘
108,09:35:21,12.47,507627,407,卖盘
109,09:35:24,12.46,6413820,5146,卖盘
110,09:35:27,12.45,9856981,7918,卖盘
111,09:35:30,12.44,1005287,808,卖盘
112,09:35:33,12.44,1857312,1494,买盘
113,09:35:36,12.44,545718,439,买盘
114,09:35:39,12.44,2161076,1738,买盘
115,09:35:42,12.43,2153981,1732,卖盘
116,09:35:45,12.43,1724919,1387,卖盘
117,09:35:48,12.42,2903104,2337,卖盘
118,09:35:51,12.42,3864476,3110,买盘
119,09:35:54,12.43,2494259,2007,买盘
120,09:35:57,12.43,861504,693,卖盘
121,09:36:00,12.44,2527231,2032,买盘
122,09:36:03,12.42,1414520,1138,卖盘
123,09:36:06,12.43,358001,288,中性盘
124,09:36:09,12.44,1824838,1468,买盘
125,09:36:12,12.46,6741772,5415,买盘
126,09:36:15,12.46,386159,310,买盘
127,09:36:18,12.45,1073838,863,卖盘
128,09:36:21,12.46,287771,231,买盘
129,09:36:24,12.46,325434,261,卖盘
130,09:36:27,12.47,317864,255,买盘
131,09:36:30,12.47,223267,179,卖盘
132,09:36:33,12.48,753976,605,买盘
133,09:36:36,12.46,170814,137,卖盘
134,09:36:39,12.47,567090,455,买盘
135,09:36:42,12.47,243100,195,卖盘
136,09:36:45,12.47,620564,498,买盘
137,09:36:48,12.47,66067,53,买盘
138,09:36:51,12.47,327801,263,买盘
139,09:36:54,12.46,274187,220,卖盘
140,09:36:57,12.47,77286,62,买盘
141,09:37:00,12.46,1243626,998,卖盘
142,09:37:03,12.46,2880104,2313,买盘
143,09:37:06,12.44,2451990,1971,卖盘
144,09:37:09,12.44,82104,66,买盘
145,09:37:12,12.44,526011,423,买盘
146,09:37:15,12.45,187842,151,买盘
147,09:37:18,12.45,189118,152,买盘
148,09:37:21,12.45,2680587,2154,买盘
149,09:37:24,12.45,128288,103,中性盘
150,09:37:27,12.45,246464,198,买盘
151,09:37:30,12.44,575148,462,卖盘
152,09:37:33,12.45,65985,53,买盘
153,09:37:36,12.45,266388,214,买盘
154,09:37:39,12.45,1025757,824,买盘
155,09:37:42,12.45,136984,110,卖盘
156,09:37:45,12.45,271531,218,卖盘
157,09:37:48,12.45,171810,138,卖盘
158,09:37:51,12.45,2390446,1920,卖盘
159,09:37:54,12.46,156895,126,买盘
160,09:37:57,12.45,92130,74,卖盘
161,09:38:00,12.45,411043,330,卖盘
162,09:38:03,12.45,896442,720,卖盘
163,09:38:06,12.45,179391,144,卖盘
164,09:38:09,12.45,115800,93,卖盘
165,09:38:12,12.45,145707,117,卖盘
166,09:38:15,12.45,705902,567,卖盘
167,09:38:18,12.45,94620,76,买盘
168,09:38:21,12.45,239039,192,买盘
169,09:38:24,12.45,1466218,1177,买盘
170,09:38:27,12.45,39840,32,卖盘
171,09:38:30,12.45,925095,743,卖盘
172,09:38:33,12.45,490530,394,卖盘
173,09:38:36,12.45,695949,559,买盘
174,09:38:39,12.45,102129,82,中性盘
175,09:38:42,12.45,220335,177,买盘
176,09:38:45,12.45,1426794,1146,买盘
177,09:38:48,12.45,84660,68,卖盘
178,09:38:51,12.45,1414320,1136,卖盘
179,09:38:54,12.46,12452,10,买盘
180,09:38:57,12.45,441978,355,卖盘
181,09:39:00,12.45,209162,168,卖盘
182,09:39:03,12.45,37361,30,卖盘
183,09:39:06,12.45,422069,339,卖盘
184,09:39:09,12.45,2112497,1698,买盘
185,09:39:12,12.45,795076,639,买盘
186,09:39:15,12.44,497714,400,卖盘
187,09:39:18,12.45,271360,218,买盘
188,09:39:21,12.45,439138,353,买盘
189,09:39:24,12.45,293820,236,买盘
190,09:39:27,12.44,715326,575,卖盘
191,09:39:30,12.45,454139,365,买盘
192,09:39:33,12.44,268774,216,卖盘
193,09:39:36,12.45,4359560,3502,买盘
194,09:39:39,12.45,222792,179,买盘
195,09:39:42,12.44,119448,96,卖盘
196,09:39:45,12.44,1253887,1007,卖盘
197,09:39:48,12.45,282584,227,买盘
198,09:39:51,12.45,426907,343,卖盘
199,09:39:54,12.45,23655,19,买盘
200,09:39:57,12.45,491775,395,买盘
201,09:40:00,12.45,447938,360,买盘
202,09:40:03,12.45,2648086,2127,买盘
203,09:40:06,12.44,174250,140,卖盘
204,09:40:09,12.45,144420,116,买盘
205,09:40:12,12.45,771369,620,买盘
206,09:40:15,12.44,79631,64,卖盘
207,09:40:18,12.44,4393835,3532,卖盘
208,09:40:21,12.44,2971090,2387,买盘
209,09:40:24,12.44,125592,101,买盘
210,09:40:27,12.43,905074,728,卖盘
211,09:40:30,12.43,1940503,1561,卖盘
212,09:40:33,12.43,11300146,9091,卖盘
213,09:40:36,12.42,893239,719,卖盘
214,09:40:39,12.43,755426,608,买盘
215,09:40:42,12.42,247290,199,卖盘
216,09:40:45,12.43,423574,341,买盘
217,09:40:48,12.42,1771162,1426,卖盘
218,09:40:51,12.42,1445886,1164,卖盘
219,09:40:54,12.43,6457257,5195,买盘
220,09:40:57,12.43,1124904,905,卖盘
221,09:41:00,12.43,1134874,913,买盘
222,09:41:03,12.43,1175878,946,卖盘
223,09:41:06,12.43,646380,520,卖盘
224,09:41:09,12.43,701069,564,卖盘
225,09:41:12,12.43,781896,629,卖盘
226,09:41:15,12.43,6607005,5312,卖盘
227,09:41:18,12.43,740883,596,卖盘
228,09:41:21,12.43,339355,273,卖盘
229,09:41:24,12.42,719907,579,卖盘
230,09:41:27,12.43,381682,307,买盘
231,09:41:30,12.42,185184,149,卖盘
232,09:41:33,12.42,637394,513,卖盘
233,09:41:36,12.43,132979,107,买盘
234,09:41:39,12.43,561574,452,买盘
235,09:41:42,12.43,195067,157,买盘
236,09:41:45,12.43,89482,72,买盘
237,09:41:48,12.43,7022960,5650,买盘
238,09:41:51,12.43,698466,562,卖盘
239,09:41:54,12.43,420197,338,中性盘
240,09:41:57,12.43,382869,308,卖盘
241,09:42:00,12.43,510918,411,卖盘
242,09:42:03,12.43,1284030,1033,卖盘
243,09:42:06,12.43,4290109,3449,卖盘
244,09:42:09,12.43,3064179,2465,卖盘
245,09:42:12,12.43,495954,399,卖盘
246,09:42:15,12.43,527149,424,卖盘
247,09:42:18,12.43,135507,109,卖盘
248,09:42:21,12.43,326921,263,卖盘
249,09:42:24,12.44,2977077,2395,买盘
250,09:42:27,12.44,146678,118,买盘
251,09:42:30,12.43,164076,132,卖盘
252,09:42:33,12.43,303315,244,卖盘
253,09:42:36,12.43,203868,164,卖盘
254,09:42:39,12.43,626493,504,卖盘
255,09:42:42,12.45,7919311,6366,买盘
256,09:42:45,12.44,306064,246,卖盘
257,09:42:48,12.45,683450,549,买盘
258,09:42:51,12.45,608545,489,买盘
259,09:42:54,12.45,559880,450,买盘
260,09:42:57,12.45,902605,725,买盘
261,09:43:00,12.44,4330092,3478,卖盘
262,09:43:03,12.45,189124,152,买盘
263,09:43:06,12.44,167996,135,卖盘
264,09:43:09,12.44,153023,123,卖盘
265,09:43:12,12.45,441631,355,买盘
266,09:43:15,12.45,150544,121,买盘
267,09:43:18,12.45,108276,87,买盘
268,09:43:21,12.44,979073,787,卖盘
269,09:43:24,12.43,347028,279,卖盘
270,09:43:27,12.44,146791,118,买盘
271,09:43:30,12.44,505034,406,买盘
272,09:43:33,12.44,406775,327,买盘
273,09:43:36,12.44,352052,283,买盘
274,09:43:39,12.44,99543,80,卖盘
275,09:43:42,12.45,111986,90,买盘
276,09:43:45,12.44,612048,492,卖盘
277,09:43:48,12.44,116936,94,买盘
278,09:43:51,12.44,104453,84,买盘
279,09:43:54,12.44,185289,149,买盘
280,09:43:57,12.44,93293,75,买盘
281,09:44:00,12.44,108228,87,买盘
282,09:44:03,12.44,735202,591,买盘
283,09:44:06,12.43,312205,251,卖盘
284,09:44:09,12.44,263710,212,买盘
285,09:44:12,12.44,274924,221,买盘
286,09:44:15,12.44,88324,71,买盘
287,09:44:18,12.43,896639,721,卖盘
288,09:44:21,12.44,968495,779,买盘
289,09:44:24,12.44,104495,84,买盘
290,09:44:27,12.44,109452,88,买盘
291,09:44:30,12.43,611646,492,卖盘
292,09:44:33,12.44,232537,187,买盘
293,09:44:36,12.43,179099,144,卖盘
294,09:44:39,12.43,248633,200,卖盘
295,09:44:42,12.43,1068286,859,卖盘
296,09:44:45,12.44,1536622,1236,买盘
297,09:44:48,12.43,386883,311,卖盘
298,09:44:51,12.44,92026,74,买盘
299,09:44:54,12.44,52234,42,买盘
300,09:44:57,12.44,292134,235,买盘
301,09:45:00,12.43,457493,368,卖盘
302,09:45:03,12.44,3995520,3212,买盘
303,09:45:06,12.44,268678,216,买盘
304,09:45:09,12.44,1998787,1608,买盘
305,09:45:12,12.43,2962332,2383,卖盘
306,09:45:15,12.43,188945,152,卖盘
307,09:45:18,12.43,335646,270,卖盘
308,09:45:21,12.44,105707,85,买盘
309,09:45:24,12.43,106974,86,卖盘
310,09:45:27,12.43,105671,85,卖盘
311,09:45:30,12.43,65909,53,卖盘
312,09:45:33,12.44,385569,310,买盘
313,09:45:36,12.44,326933,263,买盘
314,09:45:39,12.43,2234986,1798,卖盘
315,09:45:42,12.42,6843457,5506,卖盘
316,09:45:45,12.43,593845,478,买盘
317,09:45:48,12.43,452359,364,买盘
318,09:45:51,12.42,483318,389,卖盘
319,09:45:54,12.43,293990,237,买盘
320,09:45:57,12.43,98179,79,买盘
321,09:46:00,12.42,484631,390,卖盘
322,09:46:03,12.42,15719923,12657,卖盘
323,09:46:06,12.42,1197752,965,买盘
324,09:46:09,12.42,782207,630,买盘
325,09:46:12,12.42,541222,436,买盘
326,09:46:15,12.41,420751,339,卖盘
327,09:46:18,12.41,8335855,6717,卖盘
328,09:46:21,12.41,3823527,3081,卖盘
329,09:46:24,12.41,599272,483,买盘
330,09:46:27,12.4,461578,372,卖盘
331,09:46:30,12.41,630233,508,买盘
332,09:46:33,12.4,2315142,1867,卖盘
333,09:46:36,12.4,1405483,1133,卖盘
334,09:46:39,12.4,16717727,13482,卖盘
335,09:46:42,12.39,665843,537,卖盘
336,09:46:45,12.4,1088194,878,买盘
337,09:46:48,12.4,1177491,950,买盘
338,09:46:51,12.4,739829,597,买盘
339,09:46:54,12.4,482157,389,买盘
340,09:46:57,12.4,298734,241,买盘
341,09:47:00,12.39,752548,607,卖盘
342,09:47:03,12.39,536677,433,卖盘
343,09:47:06,12.39,691837,558,卖盘
344,09:47:09,12.4,633152,511,买盘
345,09:47:12,12.39,1348094,1088,卖盘
346,09:47:15,12.4,459743,371,买盘
347,09:47:18,12.4,172285,139,买盘
348,09:47:21,12.39,928640,749,卖盘
349,09:47:24,12.4,1197760,966,买盘
350,09:47:27,12.39,483593,390,卖盘
351,09:47:30,12.4,931046,751,买盘
352,09:47:33,12.4,1420193,1146,买盘
353,09:47:36,12.4,752328,607,买盘
354,09:47:39,12.4,1455966,1175,买盘
355,09:47:42,12.4,799347,645,买盘
356,09:47:45,12.39,3691788,2979,卖盘
357,09:47:48,12.4,2657700,2145,买盘
358,09:47:51,12.39,515472,416,卖盘
359,09:47:54,12.39,441174,356,卖盘
360,09:47:57,12.39,314720,254,卖盘
361,09:48:00,12.39,883907,713,卖盘
362,09:48:03,12.39,555116,448,卖盘
363,09:48:06,12.39,956545,772,卖盘
364,09:48:09,12.39,1906625,1538,卖盘
365,09:48:12,12.4,494397,399,买盘
366,09:48:15,12.39,5183748,4183,卖盘
367,09:48:18,12.4,319672,258,买盘
368,09:48:21,12.4,272636,220,买盘
369,09:48:24,12.4,5494293,4431,买盘
370,09:48:27,12.4,279016,225,卖盘
371,09:48:30,12.41,2927653,2361,买盘
372,09:48:33,12.41,198442,160,买盘
373,09:48:36,12.4,1402907,1131,卖盘
374,09:48:39,12.41,254208,205,买盘
375,09:48:42,12.4,652250,526,卖盘
376,09:48:45,12.4,342424,276,卖盘
377,09:48:48,12.4,3014497,2431,卖盘
378,09:48:51,12.4,510848,412,卖盘
379,09:48:54,12.41,868236,700,买盘
380,09:48:57,12.4,213323,172,卖盘
381,09:49:00,12.4,518326,418,卖盘
382,09:49:03,12.4,874211,705,卖盘
383,09:49:06,12.41,824725,665,买盘
384,09:49:09,12.39,291400,235,卖盘
385,09:49:12,12.4,308682,249,买盘
386,09:49:15,12.4,812141,655,买盘
387,09:49:18,12.4,417882,337,买盘
388,09:49:21,12.4,395542,319,卖盘
389,09:49:24,12.4,143841,116,卖盘
390,09:49:27,12.4,223201,180,卖盘
391,09:49:30,12.4,252976,204,卖盘
392,09:49:33,12.4,163681,132,卖盘
393,09:49:36,12.4,192216,155,卖盘
394,09:49:39,12.4,121553,98,卖盘
395,09:49:42,12.4,179805,145,卖盘
396,09:49:45,12.4,2956928,2383,卖盘
397,09:49:48,12.4,332382,268,卖盘
398,09:49:51,12.4,74416,60,卖盘
399,09:49:54,12.4,1362829,1099,卖盘
400,09:49:57,12.41,5054275,4076,买盘
401,09:50:00,12.41,611331,493,买盘
402,09:50:03,12.4,1168089,942,卖盘
403,09:50:06,12.39,1092122,881,卖盘
404,09:50:09,12.4,1283510,1035,买盘
405,09:50:12,12.4,225679,182,卖盘
406,09:50:15,12.4,209574,169,卖盘
407,09:50:18,12.4,882728,712,买盘
408,09:50:21,12.4,1765778,1425,买盘
409,09:50:24,12.39,2243680,1810,卖盘
410,09:50:27,12.39,509388,411,卖盘
411,09:50:30,12.4,679186,548,买盘
412,09:50:33,12.4,214411,173,买盘
413,09:50:36,12.4,311064,251,买盘
414,09:50:39,12.39,2636641,2128,卖盘
415,09:50:42,12.4,745983,602,买盘
416,09:50:45,12.39,297371,240,卖盘
417,09:50:48,12.4,210642,170,买盘
418,09:50:51,12.39,185889,150,卖盘
419,09:50:54,12.39,574902,464,卖盘
420,09:50:57,12.4,1843641,1488,买盘
421,09:51:00,12.39,1278684,1032,卖盘
422,09:51:03,12.4,1035886,836,买盘
423,09:51:06,12.4,244094,197,买盘
424,09:51:09,12.4,457203,369,买盘
425,09:51:12,12.4,559172,451,买盘
426,09:51:15,12.4,259099,209,买盘
427,09:51:18,12.39,235504,190,卖盘
428,09:51:21,12.4,159853,129,买盘
429,09:51:24,12.39,4566976,3686,卖盘
430,09:51:27,12.38,2911171,2350,卖盘
431,09:51:30,12.38,999341,807,卖盘
432,09:51:33,12.38,251396,203,卖盘
433,09:51:36,12.38,1713471,1383,卖盘
434,09:51:39,12.38,671032,542,卖盘
435,09:51:42,12.38,196945,159,卖盘
436,09:51:45,12.38,203068,164,卖盘
437,09:51:48,12.38,182042,147,卖盘
438,09:51:51,12.38,411255,332,卖盘
439,09:51:54,12.39,433503,350,买盘
440,09:51:57,12.38,3830949,3092,卖盘
441,09:52:00,12.39,841117,679,买盘
442,09:52:03,12.39,4962048,4005,买盘
443,09:52:06,12.4,1113877,899,买盘
444,09:52:09,12.39,1744515,1408,卖盘
445,09:52:12,12.39,535254,432,卖盘
446,09:52:15,12.4,633150,511,买盘
447,09:52:18,12.39,1401459,1131,卖盘
448,09:52:21,12.39,1521515,1228,卖盘
449,09:52:24,12.38,599541,484,卖盘
450,09:52:27,12.39,236641,191,买盘
451,09:52:30,12.39,335604,271,买盘
452,09:52:33,12.38,452129,365,卖盘
453,09:52:36,12.39,443512,358,买盘
454,09:52:39,12.38,2431537,1963,卖盘
455,09:52:42,12.39,167190,135,买盘
456,09:52:45,12.39,423526,342,买盘
457,09:52:48,12.38,230376,186,卖盘
458,09:52:51,12.38,816197,659,卖盘
459,09:52:54,12.39,163471,132,买盘
460,09:52:57,12.38,507935,410,卖盘
461,09:53:00,12.4,2971092,2398,买盘
462,09:53:03,12.39,1301029,1050,卖盘
463,09:53:06,12.39,2040639,1647,卖盘
464,09:53:09,12.39,296141,239,卖盘
465,09:53:12,12.39,213126,172,卖盘
466,09:53:15,12.39,101600,82,卖盘
467,09:53:18,12.39,418788,338,卖盘
468,09:53:21,12.39,407632,329,卖盘
469,09:53:24,12.4,117798,95,买盘
470,09:53:27,12.4,426431,344,买盘
471,09:53:30,12.39,587646,474,卖盘
472,09:53:33,12.4,556494,449,买盘
473,09:53:36,12.39,187138,151,卖盘
474,09:53:39,12.39,250447,202,卖盘
475,09:53:42,12.39,2168745,1749,卖盘
476,09:53:45,12.4,693142,559,买盘
477,09:53:48,12.4,212011,171,买盘
478,09:53:51,12.4,989364,798,买盘
479,09:53:54,12.4,1823991,1471,买盘
480,09:53:57,12.39,273846,221,卖盘
481,09:54:00,12.39,404124,326,卖盘
482,09:54:03,12.4,115238,93,买盘
483,09:54:06,12.4,344696,278,买盘
484,09:54:09,12.39,194607,157,卖盘
485,09:54:12,12.39,256638,207,卖盘
486,09:54:15,12.4,89279,72,买盘
487,09:54:18,12.39,797231,643,卖盘
488,09:54:21,12.4,234350,189,买盘
489,09:54:24,12.4,4454080,3592,买盘
490,09:54:27,12.41,158740,128,买盘
491,09:54:30,12.4,194787,157,卖盘
492,09:54:33,12.4,45888,37,卖盘
493,09:54:36,12.4,370968,299,卖盘
494,09:54:39,12.4,439079,354,卖盘
495,09:54:42,12.4,18613,15,卖盘
496,09:54:45,12.41,325121,262,买盘
497,09:54:48,12.41,31024,25,买盘
498,09:54:51,12.41,74430,60,买盘
499,09:54:54,12.41,201033,162,买盘
500,09:54:57,12.41,1561093,1258,买盘
501,09:55:00,12.41,342295,276,买盘
502,09:55:03,12.41,3827242,3084,买盘
503,09:55:06,12.41,466973,376,卖盘
504,09:55:09,12.41,80672,65,卖盘
505,09:55:12,12.42,1213132,977,买盘
506,09:55:15,12.42,678930,547,买盘
507,09:55:18,12.41,2025397,1632,卖盘
508,09:55:21,12.41,350009,282,卖盘
509,09:55:24,12.42,518900,418,买盘
510,09:55:27,12.42,685534,552,买盘
511,09:55:30,12.41,48431,39,卖盘
512,09:55:33,12.41,373562,301,卖盘
513,09:55:36,12.41,73239,59,卖盘
514,09:55:39,12.42,136552,110,买盘
515,09:55:42,12.41,136618,110,卖盘
516,09:55:45,12.41,23581,19,卖盘
517,09:55:48,12.42,150235,121,买盘
518,09:55:51,12.41,18616,15,卖盘
519,09:55:54,12.41,1777149,1432,卖盘
520,09:55:57,12.41,868633,700,买盘
521,09:56:00,12.41,100505,81,买盘
522,09:56:03,12.41,426606,344,买盘
523,09:56:06,12.41,4286459,3456,买盘
524,09:56:09,12.4,848213,684,卖盘
525,09:56:12,12.41,694548,560,买盘
526,09:56:15,12.41,431629,348,买盘
527,09:56:18,12.41,98002,79,买盘
528,09:56:21,12.4,99268,80,卖盘
529,09:56:24,12.4,116620,94,卖盘
530,09:56:27,12.4,63256,51,卖盘
531,09:56:30,12.4,1902169,1534,卖盘
532,09:56:33,12.41,244400,197,买盘
533,09:56:36,12.4,52081,42,卖盘
534,09:56:39,12.41,243220,196,买盘
535,09:56:42,12.41,306323,247,买盘
536,09:56:45,12.41,111626,90,买盘
537,09:56:48,12.41,1454576,1173,买盘
538,09:56:51,12.4,1500412,1210,卖盘
539,09:56:54,12.4,744037,600,卖盘
540,09:56:57,12.4,691925,558,卖盘
541,09:57:00,12.41,236881,191,买盘
542,09:57:03,12.41,426577,344,买盘
543,09:57:06,12.41,558006,450,买盘
544,09:57:09,12.4,2697094,2175,卖盘
545,09:57:12,12.4,639721,516,卖盘
546,09:57:15,12.4,264057,213,买盘
547,09:57:18,12.39,363252,293,卖盘
548,09:57:21,12.4,195792,158,买盘
549,09:57:24,12.39,190822,154,卖盘
550,09:57:27,12.4,205830,166,买盘
551,09:57:30,12.4,1400100,1130,买盘
552,09:57:33,12.4,224393,181,买盘
553,09:57:36,12.39,296160,239,卖盘
554,09:57:39,12.39,4101591,3310,卖盘
555,09:57:42,12.39,1231568,994,卖盘
556,09:57:45,12.4,401450,324,买盘
557,09:57:48,12.4,3718,3,买盘
558,09:57:51,12.4,106565,86,买盘
559,09:57:54,12.4,101627,82,买盘
560,09:57:57,12.4,390421,315,买盘
561,09:58:00,12.39,722397,583,卖盘
562,09:58:03,12.4,352050,284,买盘
563,09:58:06,12.4,345776,279,买盘
564,09:58:09,12.39,75615,61,卖盘
565,09:58:12,12.39,96657,78,卖盘
566,09:58:15,12.39,97913,79,卖盘
567,09:58:18,12.4,100406,81,买盘
568,09:58:21,12.4,240229,194,买盘
569,09:58:24,12.39,199591,161,卖盘
570,09:58:27,12.4,304802,246,买盘
571,09:58:30,12.4,514557,415,买盘
572,09:58:33,12.4,342045,276,买盘
573,09:58:36,12.39,94225,76,卖盘
574,09:58:39,12.4,863672,697,买盘
575,09:58:42,12.4,79297,64,买盘
576,09:58:45,12.4,123962,100,买盘
577,09:58:48,12.4,1432196,1155,买盘
578,09:58:51,12.4,541675,437,买盘
579,09:58:54,12.4,3059737,2468,买盘
580,09:58:57,12.41,930001,750,买盘
581,09:59:00,12.4,200881,162,卖盘
582,09:59:03,12.4,84328,68,卖盘
583,09:59:06,12.41,68245,55,买盘
584,09:59:09,12.4,323673,261,卖盘
585,09:59:12,12.4,57049,46,卖盘
586,09:59:15,12.4,1155785,932,卖盘
587,09:59:18,12.4,233121,188,卖盘
588,09:59:21,12.4,23562,19,卖盘
589,09:59:24,12.41,410671,331,买盘
590,09:59:27,12.41,187242,151,买盘
591,09:59:30,12.41,245692,198,买盘
592,09:59:33,12.4,395819,319,卖盘
593,09:59:36,12.41,2900369,2339,买盘
594,09:59:39,12.4,539456,435,卖盘
595,09:59:42,12.41,1680240,1355,买盘
596,09:59:45,12.4,296389,239,卖盘
597,09:59:48,12.41,91770,74,买盘
598,09:59:51,12.41,183526,148,买盘
599,09:59:54,12.4,50866,41,卖盘
600,09:59:57,12.41,93032,75,买盘
601,10:00:00,12.41,75669,61,买盘
602,10:00:03,12.41,493562,398,买盘
603,10:00:06,12.4,1863733,1503,卖盘
604,10:00:09,12.4,319923,258,卖盘
605,10:00:12,12.4,307553,248,卖盘
606,10:00:15,12.41,85601,69,买盘
607,10:00:18,12.4,701856,566,卖盘
608,10:00:21,12.4,1813293,1462,卖盘
609,10:00:24,12.39,1371684,1107,卖盘
610,10:00:27,12.4,1489349,1202,买盘
611,10:00:30,12.39,671587,542,卖盘
612,10:00:33,12.39,664206,536,卖盘
613,10:00:36,12.39,1185842,957,卖盘
614,10:00:39,12.39,1018514,822,卖盘
615,10:00:42,12.39,6724085,5427,卖盘
616,10:00:45,12.39,990834,800,卖盘
617,10:00:48,12.39,437081,353,买盘
618,10:00:51,12.39,331884,268,买盘
619,10:00:54,12.39,444579,359,买盘
620,10:00:57,12.39,4135733,3338,买盘
621,10:01:00,12.39,660363,533,买盘
622,10:01:03,12.38,380205,307,卖盘
623,10:01:06,12.39,604394,488,买盘
624,10:01:09,12.39,479437,387,买盘
625,10:01:12,12.39,550968,445,买盘
626,10:01:15,12.39,156067,126,买盘
627,10:01:18,12.4,604592,488,买盘
628,10:01:21,12.39,65650,53,卖盘
629,10:01:24,12.39,817632,660,买盘
630,10:01:27,12.4,309780,250,买盘
631,10:01:30,12.39,277546,224,卖盘
632,10:01:33,12.39,206928,167,卖盘
633,10:01:36,12.39,130121,105,卖盘
634,10:01:39,12.4,48356,39,买盘
635,10:01:42,12.39,1906857,1539,卖盘
636,10:01:45,12.39,101864,82,卖盘
637,10:01:48,12.4,183373,148,买盘
638,10:01:51,12.39,37172,30,卖盘
639,10:01:54,12.39,64433,52,卖盘
640,10:01:57,12.4,44639,36,买盘
641,10:02:00,12.4,937952,757,买盘
642,10:02:03,12.39,384111,310,卖盘
643,10:02:06,12.39,85492,69,卖盘
644,10:02:09,12.4,3718,3,买盘
645,10:02:12,12.4,156137,126,买盘
646,10:02:15,12.39,287455,232,卖盘
647,10:02:18,12.4,172330,139,买盘
648,10:02:21,12.4,28515,23,买盘
649,10:02:24,12.4,146203,118,买盘
650,10:02:27,12.4,390600,315,买盘
651,10:02:30,12.4,52075,42,买盘
652,10:02:33,12.39,153676,124,卖盘
653,10:02:36,12.39,79356,64,卖盘
654,10:02:39,12.39,21070,17,卖盘
655,10:02:42,12.4,251720,203,买盘
656,10:02:45,12.4,14869,12,买盘
657,10:02:48,12.4,58278,47,买盘
658,10:02:51,12.39,2392542,1931,卖盘
659,10:02:54,12.39,423739,342,卖盘
660,10:02:57,12.39,4341540,3504,卖盘
661,10:03:00,12.39,279780,226,卖盘
662,10:03:03,12.39,185871,150,卖盘
663,10:03:06,12.39,519237,419,卖盘
664,10:03:09,12.4,168572,136,买盘
665,10:03:12,12.4,84281,68,买盘
666,10:03:15,12.4,123967,100,买盘
667,10:03:18,12.39,517988,418,卖盘
668,10:03:21,12.39,394008,318,卖盘
669,10:03:24,12.4,22311,18,买盘
670,10:03:27,12.4,141301,114,买盘
671,10:03:30,12.4,126427,102,买盘
672,10:03:33,12.4,416511,336,买盘
673,10:03:36,12.4,291266,235,买盘
674,10:03:39,12.39,188418,152,卖盘
675,10:03:42,12.39,127667,103,卖盘
676,10:03:45,12.4,4202253,3389,买盘
677,10:03:48,12.4,896421,723,买盘
678,10:03:51,12.4,292515,236,买盘
679,10:03:54,12.4,158691,128,买盘
680,10:03:57,12.4,424050,342,买盘
681,10:04:00,12.4,765038,617,买盘
682,10:04:03,12.39,239277,193,卖盘
683,10:04:06,12.39,224275,181,卖盘
684,10:04:09,12.4,75617,61,买盘
685,10:04:12,12.39,19824,16,卖盘
686,10:04:15,12.4,126397,102,买盘
687,10:04:18,12.4,62000,50,买盘
688,10:04:21,12.4,8680,7,买盘
689,10:04:24,12.4,178459,144,买盘
690,10:04:27,12.4,26039,21,买盘
691,10:04:30,12.4,3557257,2871,买盘
692,10:04:33,12.4,1156068,933,买盘
693,10:04:36,12.39,206934,167,卖盘
694,10:04:39,12.4,187140,151,买盘
695,10:04:42,12.4,116520,94,买盘
696,10:04:45,12.39,86736,70,卖盘
697,10:04:48,12.39,141334,114,卖盘
698,10:04:51,12.4,96690,78,买盘
699,10:04:54,12.39,190913,154,卖盘
700,10:04:57,12.4,18590,15,买盘
701,10:05:00,12.4,106627,86,买盘
702,10:05:03,12.39,671544,542,卖盘
703,10:05:06,12.4,263967,213,买盘
704,10:05:09,12.4,68171,55,买盘
705,10:05:12,12.4,4212604,3400,买盘
706,10:05:15,12.39,2689899,2171,卖盘
707,10:05:18,12.39,1326970,1071,卖盘
708,10:05:21,12.39,9483304,7654,卖盘
709,10:05:24,12.39,1374292,1110,买盘
710,10:05:27,12.39,1447506,1169,买盘
711,10:05:30,12.38,4024123,3248,卖盘
712,10:05:33,12.39,247707,200,买盘
713,10:05:36,12.39,381360,308,买盘
714,10:05:39,12.39,388891,314,买盘
715,10:05:42,12.39,968882,782,买盘
716,10:05:45,12.39,1708472,1379,买盘
717,10:05:48,12.39,146192,118,买盘
718,10:05:51,12.38,309720,250,卖盘
719,10:05:54,12.39,315923,255,买盘
720,10:05:57,12.39,1318296,1064,买盘
721,10:06:00,12.39,530308,428,买盘
722,10:06:03,12.39,759508,613,卖盘
723,10:06:06,12.39,32216,26,卖盘
724,10:06:09,12.39,175939,142,卖盘
725,10:06:12,12.4,54518,44,买盘
726,10:06:15,12.4,75639,61,买盘
727,10:06:18,12.39,6196,5,卖盘
728,10:06:21,12.4,242871,196,买盘
729,10:06:24,12.4,47089,38,买盘
730,10:06:27,12.4,1034150,834,买盘
731,10:06:30,12.4,166134,134,买盘
732,10:06:33,12.4,57032,46,买盘
733,10:06:36,12.39,34710,28,卖盘
734,10:06:39,12.4,326117,263,买盘
735,10:06:42,12.4,70676,57,买盘
736,10:06:45,12.4,84302,68,买盘
737,10:06:48,12.4,429961,347,买盘
738,10:06:51,12.4,95475,77,买盘
739,10:06:54,12.4,63238,51,买盘
740,10:06:57,12.4,257820,208,买盘
741,10:07:00,12.39,208212,168,卖盘
742,10:07:03,12.4,636080,513,买盘
743,10:07:06,12.4,58280,47,买盘
744,10:07:09,12.4,185944,150,买盘
745,10:07:12,12.4,19840,16,买盘
746,10:07:15,12.4,99185,80,买盘
747,10:07:18,12.4,662136,534,买盘
748,10:07:21,12.4,602161,486,买盘
749,10:07:24,12.4,24784,20,买盘
750,10:07:27,12.4,38440,31,买盘
751,10:07:30,12.39,649744,524,卖盘
752,10:07:33,12.4,9916,8,买盘
753,10:07:36,12.39,71868,58,卖盘
754,10:07:39,12.4,99142,80,买盘
755,10:07:42,12.4,1103595,890,买盘
756,10:07:45,12.4,647280,522,买盘
757,10:07:48,12.39,193325,156,卖盘
758,10:07:51,12.39,194534,157,卖盘
759,10:07:54,12.4,197020,159,买盘
760,10:07:57,12.4,660587,533,买盘
761,10:08:00,12.4,68200,55,买盘
762,10:08:03,12.4,63215,51,买盘
763,10:08:06,12.39,21074,17,卖盘
764,10:08:09,12.4,6200,5,买盘
765,10:08:12,12.4,847732,684,买盘
766,10:08:15,12.4,121520,98,买盘
767,10:08:18,12.4,24800,20,买盘
768,10:08:21,12.4,145080,117,买盘
769,10:08:24,12.4,66952,54,买盘
770,10:08:27,12.4,140120,113,买盘
771,10:08:30,12.4,322355,260,买盘
772,10:08:33,12.4,86800,70,买盘
773,10:08:36,12.4,32240,26,买盘
774,10:08:39,12.4,340958,275,买盘
775,10:08:42,12.39,92963,75,卖盘
776,10:08:45,12.4,162336,131,买盘
777,10:08:48,12.39,4489946,3621,卖盘
778,10:08:51,12.4,107880,87,买盘
779,10:08:54,12.4,58270,47,买盘
780,10:08:57,12.4,2539495,2048,买盘
781,10:09:00,12.4,808439,652,买盘
782,10:09:03,12.4,672079,542,买盘
783,10:09:06,12.4,200867,162,买盘
784,10:09:09,12.4,378175,305,买盘
785,10:09:12,12.4,3747165,3022,买盘
786,10:09:15,12.4,4920220,3968,买盘
787,10:09:18,12.4,1810326,1460,买盘
788,10:09:21,12.4,562919,454,买盘
789,10:09:24,12.4,1036640,836,买盘
790,10:09:27,12.4,517043,417,买盘
791,10:09:30,12.41,674324,544,买盘
792,10:09:33,12.4,350810,283,卖盘
793,10:09:36,12.4,76880,62,买盘
794,10:09:39,12.39,479562,387,卖盘
795,10:09:42,12.4,43400,35,买盘
796,10:09:45,12.4,380680,307,买盘
797,10:09:48,12.4,125240,101,买盘
798,10:09:51,12.39,194657,157,卖盘
799,10:09:54,12.38,18837774,15204,卖盘
800,10:09:57,12.39,1375488,1111,买盘
801,10:10:00,12.39,142396,115,买盘
802,10:10:03,12.39,96609,78,买盘
803,10:10:06,12.39,584808,472,买盘
804,10:10:09,12.38,78021,63,卖盘
805,10:10:12,12.39,174687,141,买盘
806,10:10:15,12.39,2478,2,买盘
807,10:10:18,12.39,351723,284,买盘
808,10:10:21,12.39,211840,171,买盘
809,10:10:24,12.38,131298,106,卖盘
810,10:10:27,12.39,380285,307,买盘
811,10:10:30,12.38,112734,91,卖盘
812,10:10:33,12.38,111480,90,卖盘
813,10:10:36,12.39,380330,307,买盘
814,10:10:39,12.39,409898,331,买盘
815,10:10:42,12.38,206903,167,卖盘
816,10:10:45,12.39,1152256,930,买盘
817,10:10:48,12.39,61950,50,买盘
818,10:10:51,12.39,221781,179,买盘
819,10:10:54,12.39,273690,221,买盘
820,10:10:57,12.39,182133,147,买盘
821,10:11:00,12.39,296022,239,买盘
822,10:11:03,12.39,350637,283,买盘
823,10:11:06,12.39,297295,240,卖盘
824,10:11:09,12.39,230441,186,买盘
825,10:11:12,12.38,702000,567,卖盘
826,10:11:15,12.38,115149,93,卖盘
827,10:11:18,12.39,1412643,1141,买盘
828,10:11:21,12.39,637782,515,买盘
829,10:11:24,12.38,120093,97,卖盘
830,10:11:27,12.39,164728,133,买盘
831,10:11:30,12.39,3387304,2736,买盘
832,10:11:33,12.38,309670,250,卖盘
833,10:11:36,12.39,276255,223,买盘
834,10:11:39,12.38,19808,16,卖盘
835,10:11:42,12.39,66889,54,买盘
836,10:11:45,12.39,7434,6,买盘
837,10:11:48,12.38,59441,48,卖盘
838,10:11:51,12.39,426190,344,买盘
839,10:11:54,12.38,30971,25,卖盘
840,10:11:57,12.39,80531,65,买盘
841,10:12:00,12.39,273650,221,买盘
842,10:12:03,12.39,537498,434,买盘
843,10:12:06,12.39,148652,120,买盘
844,10:12:09,12.39,87961,71,买盘
845,10:12:12,12.38,232867,188,卖盘
846,10:12:15,12.39,935279,755,买盘
847,10:12:18,12.39,30973,25,买盘
848,10:12:21,12.39,298459,241,买盘
849,10:12:24,12.39,52025,42,买盘
850,10:12:27,12.39,403863,326,买盘
851,10:12:30,12.39,143648,116,买盘
852,10:12:33,12.39,421247,340,买盘
853,10:12:36,12.39,50790,41,买盘
854,10:12:39,12.39,153597,124,买盘
855,10:12:42,12.39,58233,47,买盘
856,10:12:45,12.39,423619,342,买盘
857,10:12:48,12.39,111498,90,买盘
858,10:12:51,12.39,28497,23,买盘
859,10:12:54,12.39,130069,105,买盘
860,10:12:57,12.39,216784,175,买盘
861,10:13:00,12.38,464537,375,卖盘
862,10:13:03,12.38,74330,60,卖盘
863,10:13:06,12.39,265080,214,买盘
864,10:13:09,12.39,2477,2,买盘
865,10:13:12,12.39,185808,150,买盘
866,10:13:15,12.39,231572,187,买盘
867,10:13:18,12.39,297359,240,买盘
868,10:13:21,12.39,300914,243,买盘
869,10:13:24,12.39,169733,137,买盘
870,10:13:27,12.38,128810,104,卖盘
871,10:13:30,12.39,7433,6,买盘
872,10:13:33,12.39,115215,93,买盘
873,10:13:36,12.39,42115,34,买盘
874,10:13:39,12.39,217953,176,买盘
875,10:13:42,12.39,183348,148,买盘
876,10:13:45,12.39,80507,65,买盘
877,10:13:48,12.39,279904,226,买盘
878,10:13:51,12.39,30965,25,买盘
879,10:13:54,12.39,4263370,3441,买盘
880,10:13:57,12.38,231692,187,卖盘
881,10:14:00,12.39,600623,485,买盘
882,10:14:03,12.39,460688,372,买盘
883,10:14:06,12.38,101527,82,卖盘
884,10:14:09,12.39,208138,168,买盘
885,10:14:12,12.39,82994,67,买盘
886,10:14:15,12.38,278717,225,卖盘
887,10:14:18,12.38,224229,181,卖盘
888,10:14:21,12.39,215577,174,买盘
889,10:14:24,12.38,73061,59,卖盘
890,10:14:27,12.39,102797,83,买盘
891,10:14:30,12.38,528721,427,卖盘
892,10:14:33,12.39,204383,165,买盘
893,10:14:36,12.39,330757,267,买盘
894,10:14:39,12.39,142415,115,买盘
895,10:14:42,12.38,40874,33,卖盘
896,10:14:45,12.38,136260,110,卖盘
897,10:14:48,12.38,860517,695,卖盘
898,10:14:51,12.38,643863,520,卖盘
899,10:14:54,12.39,201929,163,买盘
900,10:14:57,12.38,138710,112,卖盘
901,10:15:00,12.39,240324,194,买盘
902,10:15:03,12.38,1001105,808,卖盘
903,10:15:06,12.38,428618,346,卖盘
904,10:15:09,12.38,874267,706,卖盘
905,10:15:12,12.38,252582,204,卖盘
906,10:15:15,12.39,115208,93,买盘
907,10:15:18,12.38,95350,77,卖盘
908,10:15:21,12.38,86681,70,卖盘
909,10:15:24,12.38,1619196,1307,卖盘
910,10:15:27,12.38,1402687,1133,卖盘
911,10:15:30,12.39,284833,230,买盘
912,10:15:33,12.39,2894129,2336,买盘
913,10:15:36,12.39,184542,149,买盘
914,10:15:39,12.39,807536,652,买盘
915,10:15:42,12.39,225498,182,买盘
916,10:15:45,12.38,418777,338,卖盘
917,10:15:48,12.39,621938,502,买盘
918,10:15:51,12.39,342969,277,买盘
919,10:15:54,12.39,577283,466,买盘
920,10:15:57,12.38,1672567,1350,卖盘
921,10:16:00,12.38,322043,260,卖盘
922,10:16:03,12.39,434790,351,买盘
923,10:16:06,12.39,163516,132,买盘
924,10:16:09,12.38,275037,222,卖盘
925,10:16:12,12.39,349334,282,买盘
926,10:16:15,12.38,846056,683,卖盘
927,10:16:18,12.39,59442,48,买盘
928,10:16:21,12.4,354326,286,买盘
929,10:16:24,12.4,511772,413,买盘
930,10:16:27,12.4,234229,189,买盘
931,10:16:30,12.4,276309,223,买盘
932,10:16:33,12.39,133877,108,卖盘
933,10:16:36,12.4,449817,363,买盘
934,10:16:39,12.39,45843,37,卖盘
935,10:16:42,12.4,188376,152,买盘
936,10:16:45,12.39,1199351,968,卖盘
937,10:16:48,12.39,401344,324,买盘
938,10:16:51,12.39,1810098,1461,买盘
939,10:16:54,12.39,431116,348,买盘
940,10:16:57,12.39,960117,775,买盘
941,10:17:00,12.4,141215,114,买盘
942,10:17:03,12.39,900753,727,卖盘
943,10:17:06,12.39,121442,98,卖盘
944,10:17:09,12.39,89213,72,卖盘
945,10:17:12,12.39,42126,34,卖盘
946,10:17:15,12.4,126390,102,买盘
947,10:17:18,12.39,59487,48,卖盘
948,10:17:21,12.39,86737,70,卖盘
949,10:17:24,12.4,526982,425,买盘
950,10:17:27,12.4,80580,65,买盘
951,10:17:30,12.4,319672,258,买盘
952,10:17:33,12.4,145016,117,买盘
953,10:17:36,12.4,121445,98,买盘
954,10:17:39,12.39,212037,171,卖盘
955,10:17:42,12.4,221959,179,买盘
956,10:17:45,12.39,16117,13,卖盘
957,10:17:48,12.4,115319,93,买盘
958,10:17:51,12.39,12390,10,卖盘
959,10:17:54,12.39,94215,76,卖盘
960,10:17:57,12.39,266409,215,卖盘
961,10:18:00,12.39,61999,50,卖盘
962,10:18:03,12.4,572867,462,买盘
963,10:18:06,12.4,403929,326,买盘
964,10:18:09,12.39,17349,14,卖盘
965,10:18:12,12.4,172284,139,买盘
966,10:18:15,12.4,42160,34,买盘
967,10:18:18,12.4,215760,174,买盘
968,10:18:21,12.39,49599,40,卖盘
969,10:18:24,12.4,116484,94,买盘
970,10:18:27,12.4,127683,103,买盘
971,10:18:30,12.4,60738,49,买盘
972,10:18:33,12.4,33475,27,买盘
973,10:18:36,12.39,173510,140,卖盘
974,10:18:39,12.39,244096,197,卖盘
975,10:18:42,12.39,94189,76,卖盘
976,10:18:45,12.4,405173,327,买盘
977,10:18:48,12.39,145063,117,卖盘
978,10:18:51,12.39,306033,247,卖盘
979,10:18:54,12.4,52068,42,买盘
980,10:18:57,12.4,86732,70,买盘
981,10:19:00,12.39,3717,3,卖盘
982,10:19:03,12.4,112804,91,买盘
983,10:19:06,12.39,94169,76,卖盘
984,10:19:09,12.4,17358,14,买盘
985,10:19:12,12.4,74400,60,买盘
986,10:19:15,12.39,63195,51,卖盘
987,10:19:18,12.39,4533525,3659,卖盘
988,10:19:21,12.39,2861103,2309,卖盘
989,10:19:24,12.39,949074,766,卖盘
990,10:19:27,12.39,117705,95,卖盘
991,10:19:30,12.39,86735,70,卖盘
992,10:19:33,12.39,540228,436,卖盘
993,10:19:36,12.4,71863,58,买盘
994,10:19:39,12.39,60714,49,卖盘
995,10:19:42,12.39,76818,62,卖盘
996,10:19:45,12.39,411418,332,卖盘
997,10:19:48,12.4,335818,271,买盘
998,10:19:51,12.39,2972461,2399,卖盘
999,10:19:54,12.39,49589,40,卖盘
1000,10:19:57,12.4,120244,97,买盘
1001,10:20:00,12.4,38440,31,买盘
1002,10:20:03,12.4,417615,337,买盘
1003,10:20:06,12.4,57037,46,买盘
1004,10:20:09,12.4,50834,41,买盘
1005,10:20:12,12.4,91759,74,买盘
1006,10:20:15,12.39,503050,406,卖盘
1007,10:20:18,12.39,501814,405,卖盘
1008,10:20:21,12.4,88016,71,买盘
1009,10:20:24,12.39,458460,370,卖盘
1010,10:20:27,12.4,142583,115,买盘
1011,10:20:33,12.4,33459,27,买盘
1012,10:20:36,12.39,231702,187,卖盘
1013,10:20:39,12.4,545227,440,买盘
1014,10:20:42,12.4,17360,14,买盘
1015,10:20:45,12.4,76860,62,买盘
1016,10:20:48,12.4,301102,243,买盘
1017,10:20:51,12.39,514465,415,卖盘
1018,10:20:54,12.39,233056,188,卖盘
1019,10:20:57,12.4,143826,116,买盘
1020,10:21:00,12.39,66921,54,卖盘
1021,10:21:03,12.39,128889,104,卖盘
1022,10:21:06,12.39,13634,11,卖盘
1023,10:21:09,12.39,14868,12,卖盘
1024,10:21:12,12.39,421294,340,卖盘
1025,10:21:15,12.39,380526,307,卖盘
1026,10:21:18,12.39,524139,423,卖盘
1027,10:21:21,12.39,2308260,1863,卖盘
1028,10:21:24,12.39,1065540,860,卖盘
1029,10:21:27,12.39,702518,567,卖盘
1030,10:21:30,12.39,695081,561,卖盘
1031,10:21:33,12.39,280047,226,卖盘
1032,10:21:36,12.39,180908,146,卖盘
1033,10:21:39,12.39,270117,218,卖盘
1034,10:21:42,12.39,380374,307,卖盘
1035,10:21:45,12.39,230454,186,卖盘
1036,10:21:48,12.39,852432,688,卖盘
1037,10:21:51,12.38,305939,247,卖盘
1038,10:21:54,12.39,175936,142,买盘
1039,10:21:57,12.38,267621,216,卖盘
1040,10:22:00,12.39,115177,93,买盘
1041,10:22:03,12.39,167260,135,买盘
1042,10:22:06,12.38,80492,65,卖盘
1043,10:22:09,12.39,634328,512,买盘
1044,10:22:12,12.39,199442,161,买盘
1045,10:22:15,12.39,320707,259,买盘
1046,10:22:18,12.39,321897,260,买盘
1047,10:22:21,12.38,167231,135,卖盘
1048,10:22:24,12.39,39631,32,买盘
1049,10:22:27,12.39,95352,77,买盘
1050,10:22:30,12.39,132522,107,买盘
1051,10:22:33,12.39,811533,655,买盘
1052,10:22:36,12.38,475611,384,卖盘
1053,10:22:39,12.39,1577247,1273,买盘
1054,10:22:42,12.39,45861,37,卖盘
1055,10:22:45,12.39,571197,461,卖盘
1056,10:22:48,12.39,34692,28,卖盘
1057,10:22:51,12.4,71918,58,买盘
1058,10:22:54,12.39,102837,83,卖盘
1059,10:22:57,12.4,167350,135,买盘
1060,10:23:00,12.39,161174,130,卖盘
1061,10:23:03,12.4,40888,33,买盘
1062,10:23:06,12.39,359340,290,卖盘
1063,10:23:09,12.39,244219,197,卖盘
1064,10:23:12,12.39,159897,129,卖盘
1065,10:23:15,12.4,130171,105,买盘
1066,10:23:18,12.4,53280,43,买盘
1067,10:23:21,12.4,69385,56,买盘
1068,10:23:24,12.39,144965,117,卖盘
1069,10:23:27,12.39,33453,27,卖盘
1070,10:23:30,12.4,1029190,830,买盘
1071,10:23:33,12.4,68176,55,买盘
1072,10:23:36,12.39,163617,132,卖盘
1073,10:23:39,12.4,76877,62,买盘
1074,10:23:42,12.39,225667,182,卖盘
1075,10:23:45,12.4,111595,90,买盘
1076,10:23:48,12.4,90520,73,买盘
1077,10:23:51,12.4,390286,315,买盘
1078,10:23:54,12.39,30985,25,卖盘
1079,10:23:57,12.4,48360,39,买盘
1080,10:24:00,12.4,31000,25,买盘
1081,10:24:03,12.4,57006,46,买盘
1082,10:24:06,12.4,12396,10,买盘
1083,10:24:09,12.39,60731,49,卖盘
1084,10:24:12,12.4,69440,56,买盘
1085,10:24:15,12.4,61999,50,买盘
1086,10:24:18,12.4,133918,108,买盘
1087,10:24:21,12.39,256514,207,卖盘
1088,10:24:24,12.39,1134924,916,卖盘
1089,10:24:27,12.39,24790,20,卖盘
1090,10:24:30,12.4,22319,18,买盘
1091,10:24:33,12.39,38409,31,卖盘
1092,10:24:36,12.4,35958,29,买盘
1093,10:24:39,12.4,32218,26,买盘
1094,10:24:42,12.39,294882,238,卖盘
1095,10:24:45,12.39,33478,27,卖盘
1096,10:24:48,12.4,35959,29,买盘
1097,10:24:51,12.39,52040,42,卖盘
1098,10:24:54,12.39,32234,26,卖盘
1099,10:24:57,12.39,66908,54,卖盘
1100,10:25:00,12.39,13639,11,卖盘
1101,10:25:03,12.39,49580,40,卖盘
1102,10:25:06,12.39,127634,103,卖盘
1103,10:25:09,12.39,304818,246,卖盘
1104,10:25:12,12.4,70680,57,买盘
1105,10:25:15,12.39,30983,25,卖盘
1106,10:25:18,12.39,78057,63,卖盘
1107,10:25:21,12.39,37192,30,卖盘
1108,10:25:24,12.39,37184,30,卖盘
1109,10:25:27,12.39,223031,180,卖盘
1110,10:25:30,12.39,80540,65,卖盘
1111,10:25:33,12.39,464645,375,卖盘
1112,10:25:36,12.39,697567,563,卖盘
1113,10:25:39,12.39,3354139,2707,卖盘
1114,10:25:42,12.39,962707,777,卖盘
1115,10:25:45,12.39,4954738,3999,卖盘
1116,10:25:48,12.39,324493,262,买盘
1117,10:25:51,12.39,377783,305,买盘
1118,10:25:54,12.39,91680,74,买盘
1119,10:25:57,12.39,189486,153,买盘
1120,10:26:00,12.39,39648,32,买盘
1121,10:26:03,12.39,60692,49,买盘
1122,10:26:06,12.38,251315,203,卖盘
1123,10:26:09,12.39,868089,701,买盘
1124,10:26:12,12.39,163521,132,买盘
1125,10:26:15,12.39,48285,39,买盘
1126,10:26:18,12.39,783699,633,买盘
1127,10:26:21,12.38,1079545,872,卖盘
1128,10:26:24,12.38,157236,127,卖盘
1129,10:26:27,12.39,85455,69,买盘
1130,10:26:30,12.38,7429,6,卖盘
1131,10:26:33,12.38,23522,19,卖盘
1132,10:26:36,12.38,612813,495,卖盘
1133,10:26:39,12.38,21049,17,卖盘
1134,10:26:42,12.38,191900,155,卖盘
1135,10:26:45,12.38,56948,46,卖盘
1136,10:26:48,12.38,1319728,1066,卖盘
1137,10:26:51,12.38,37145,30,卖盘
1138,10:26:54,12.39,318220,257,买盘
1139,10:26:57,12.38,1262774,1020,卖盘
1140,10:27:00,12.38,2294034,1853,卖盘
1141,10:27:03,12.38,387548,313,卖盘
1142,10:27:06,12.38,1027545,830,卖盘
1143,10:27:09,12.38,6577514,5313,卖盘
1144,10:27:12,12.38,862962,697,卖盘
1145,10:27:15,12.39,387655,313,买盘
1146,10:27:18,12.38,833651,673,卖盘
1147,10:27:21,12.38,167209,135,卖盘
1148,10:27:24,12.39,48314,39,买盘
1149,10:27:27,12.39,180792,146,买盘
1150,10:27:30,12.39,78038,63,买盘
1151,10:27:33,12.39,518804,419,买盘
1152,10:27:36,12.39,38398,31,买盘
1153,10:27:39,12.39,1079585,872,买盘
1154,10:27:42,12.39,331915,268,买盘
1155,10:27:45,12.38,287251,232,卖盘
1156,10:27:48,12.38,3585256,2896,卖盘
1157,10:27:51,12.38,16655494,13455,卖盘
1158,10:27:54,12.37,2147442,1736,卖盘
1159,10:27:57,12.37,1268182,1025,卖盘
1160,10:28:00,12.37,787984,637,卖盘
1161,10:28:03,12.37,29235363,23637,卖盘
1162,10:28:06,12.36,4554950,3685,卖盘
1163,10:28:09,12.36,2813218,2276,卖盘
1164,10:28:12,12.37,3710552,3002,买盘
1165,10:28:15,12.37,921155,745,买盘
1166,10:28:18,12.37,2589432,2095,买盘
1167,10:28:21,12.37,6941528,5612,买盘
1168,10:28:24,12.37,797318,645,买盘
1169,10:28:27,12.37,538930,436,买盘
1170,10:28:30,12.37,1207913,977,买盘
1171,10:28:33,12.37,506946,410,买盘
1172,10:28:36,12.37,1174559,950,买盘
1173,10:28:39,12.36,331284,268,卖盘
1174,10:28:42,12.37,280799,227,买盘
1175,10:28:45,12.37,578916,468,卖盘
1176,10:28:48,12.38,335294,271,买盘
1177,10:28:51,12.37,399362,323,卖盘
1178,10:28:54,12.38,194246,157,买盘
1179,10:28:57,12.37,999496,808,卖盘
1180,10:29:00,12.37,348944,282,卖盘
1181,10:29:03,12.37,210291,170,卖盘
1182,10:29:06,12.38,421873,341,买盘
1183,10:29:09,12.37,1620404,1309,卖盘
1184,10:29:12,12.38,337778,273,买盘
1185,10:29:15,12.37,150930,122,卖盘
1186,10:29:18,12.38,523578,423,买盘
1187,10:29:21,12.37,341412,276,卖盘
1188,10:29:24,12.38,113820,92,买盘
1189,10:29:27,12.37,3583602,2897,卖盘
1190,10:29:30,12.38,246189,199,买盘
1191,10:29:33,12.37,879528,711,卖盘
1192,10:29:36,12.37,196591,159,买盘
1193,10:29:39,12.37,1185651,959,买盘
1194,10:29:42,12.37,859179,695,买盘
1195,10:29:45,12.37,169420,137,买盘
1196,10:29:48,12.36,275696,223,卖盘
1197,10:29:51,12.37,241127,195,买盘
1198,10:29:54,12.36,676171,547,卖盘
1199,10:29:57,12.36,440297,356,卖盘
1200,10:30:00,12.37,291773,236,买盘
1201,10:30:03,12.36,61810,50,卖盘
1202,10:30:06,12.37,589643,477,买盘
1203,10:30:09,12.37,809948,655,买盘
1204,10:30:12,12.36,263374,213,卖盘
1205,10:30:15,12.37,401949,325,买盘
1206,10:30:18,12.37,242381,196,买盘
1207,10:30:21,12.37,698744,565,买盘
1208,10:30:24,12.36,864215,699,卖盘
1209,10:30:27,12.36,348688,282,卖盘
1210,10:30:30,12.37,335123,271,买盘
1211,10:30:33,12.37,774011,626,买盘
1212,10:30:36,12.37,974047,788,买盘
1213,10:30:39,12.37,457586,370,买盘
1214,10:30:42,12.37,195395,158,买盘
1215,10:30:45,12.36,3059267,2475,卖盘
1216,10:30:48,12.36,834481,675,卖盘
1217,10:30:51,12.36,819726,663,卖盘
1218,10:30:54,12.36,2391702,1935,卖盘
1219,10:30:57,12.36,1601892,1296,卖盘
1220,10:31:00,12.37,551388,446,买盘
1221,10:31:03,12.36,2216447,1793,卖盘
1222,10:31:06,12.36,1315192,1064,卖盘
1223,10:31:09,12.36,4858779,3931,卖盘
1224,10:31:12,12.36,4881915,3948,买盘
1225,10:31:15,12.36,988124,800,买盘
1226,10:31:18,12.36,727496,589,买盘
1227,10:31:21,12.36,913142,739,买盘
1228,10:31:24,12.35,3770712,3053,卖盘
1229,10:31:27,12.35,1355213,1097,卖盘
1230,10:31:30,12.36,365688,296,买盘
1231,10:31:33,12.36,499308,404,买盘
1232,10:31:36,12.36,286683,232,买盘
1233,10:31:39,12.36,436137,353,买盘
1234,10:31:42,12.36,749739,607,买盘
1235,10:31:45,12.36,35843,29,买盘
1236,10:31:48,12.36,128544,104,买盘
1237,10:31:51,12.35,55615,45,卖盘
1238,10:31:54,12.36,5302599,4290,买盘
1239,10:31:57,12.37,2747641,2223,买盘
1240,10:32:00,12.36,772031,625,卖盘
1241,10:32:03,12.36,451120,365,卖盘
1242,10:32:06,12.35,457165,370,卖盘
1243,10:32:09,12.36,174245,141,买盘
1244,10:32:12,12.36,1487432,1204,买盘
1245,10:32:15,12.36,207648,168,买盘
1246,10:32:18,12.36,479568,388,买盘
1247,10:32:21,12.36,139726,113,卖盘
1248,10:32:24,12.36,278131,225,卖盘
1249,10:32:27,12.36,186636,151,卖盘
1250,10:32:30,12.36,118671,96,卖盘
1251,10:32:33,12.36,138444,112,卖盘
1252,10:32:36,12.36,150870,122,卖盘
1253,10:32:39,12.36,561184,454,卖盘
1254,10:32:42,12.37,1264214,1022,买盘
1255,10:32:45,12.37,37104,30,买盘
1256,10:32:48,12.37,1397760,1130,买盘
1257,10:32:51,12.36,165642,134,卖盘
1258,10:32:54,12.36,336236,272,卖盘
1259,10:32:57,12.37,367183,297,买盘
1260,10:33:00,12.37,982652,795,买盘
1261,10:33:03,12.37,112536,91,买盘
1262,10:33:06,12.37,35873,29,买盘
1263,10:33:09,12.37,117496,95,买盘
1264,10:33:12,12.37,211519,171,买盘
1265,10:33:15,12.37,484849,392,买盘
1266,10:33:18,12.37,2351537,1901,买盘
1267,10:33:21,12.37,325477,263,卖盘
1268,10:33:24,12.38,214147,173,买盘
1269,10:33:27,12.37,765732,619,卖盘
1270,10:33:30,12.38,134844,109,买盘
1271,10:33:33,12.37,129922,105,卖盘
1272,10:33:36,12.36,1643902,1329,卖盘
1273,10:33:39,12.37,91502,74,买盘
1274,10:33:42,12.37,614413,497,买盘
1275,10:33:45,12.36,55625,45,卖盘
1276,10:33:48,12.37,28439,23,买盘
1277,10:33:51,12.37,43271,35,买盘
1278,10:33:54,12.37,91530,74,买盘
1279,10:33:57,12.37,14834,12,买盘
1280,10:34:00,12.37,107609,87,买盘
1281,10:34:03,12.36,977987,791,卖盘
1282,10:34:06,12.36,1386481,1121,卖盘
1283,10:34:09,12.37,401791,325,买盘
1284,10:34:12,12.36,218772,177,卖盘
1285,10:34:15,12.36,165733,134,卖盘
1286,10:34:18,12.36,17304,14,卖盘
1287,10:34:21,12.37,132337,107,买盘
1288,10:34:24,12.36,234860,190,卖盘
1289,10:34:27,12.37,1397729,1130,买盘
1290,10:34:30,12.37,209029,169,买盘
1291,10:34:33,12.36,3082619,2494,卖盘
1292,10:34:36,12.37,207759,168,买盘
1293,10:34:39,12.37,138504,112,买盘
1294,10:34:42,12.37,262061,212,买盘
1295,10:34:45,12.37,2683408,2171,买盘
1296,10:34:48,12.36,33372,27,卖盘
1297,10:34:51,12.36,2628982,2127,卖盘
1298,10:34:54,12.36,573504,464,卖盘
1299,10:34:57,12.36,285516,231,卖盘
1300,10:35:00,12.36,663733,537,卖盘
1301,10:35:03,12.36,126102,102,卖盘
1302,10:35:06,12.37,425198,344,买盘
1303,10:35:09,12.36,35847,29,卖盘
1304,10:35:12,12.36,40788,33,卖盘
1305,10:35:15,12.36,143388,116,卖盘
1306,10:35:18,12.37,509371,412,买盘
1307,10:35:21,12.37,65524,53,买盘
1308,10:35:24,12.37,9896,8,买盘
1309,10:35:27,12.37,63077,51,买盘
1310,10:35:30,12.37,302829,245,买盘
1311,10:35:33,12.37,53163,43,买盘
1312,10:35:36,12.37,25976,21,买盘
1313,10:35:39,12.37,42048,34,买盘
1314,10:35:42,12.37,590039,477,买盘
1315,10:35:45,12.36,276864,224,卖盘
1316,10:35:48,12.37,329034,266,买盘
1317,10:35:51,12.37,1575938,1274,买盘
1318,10:35:54,12.36,1266919,1025,卖盘
1319,10:35:57,12.37,1291384,1044,买盘
1320,10:36:00,12.37,132351,107,买盘
1321,10:36:03,12.37,93948,76,买盘
1322,10:36:06,12.37,285584,231,买盘
1323,10:36:09,12.37,24740,20,买盘
1324,10:36:12,12.37,154550,125,买盘
1325,10:36:15,12.37,398039,322,买盘
1326,10:36:18,12.36,605656,490,卖盘
1327,10:36:21,12.37,753965,610,买盘
1328,10:36:24,12.37,143476,116,买盘
1329,10:36:27,12.37,18555,15,买盘
1330,10:36:30,12.37,95249,77,买盘
1331,10:36:33,12.36,298004,241,卖盘
1332,10:36:36,12.36,145937,118,卖盘
1333,10:36:39,12.37,21024,17,买盘
1334,10:36:42,12.37,310265,251,买盘
1335,10:36:45,12.37,118702,96,买盘
1336,10:36:48,12.37,86586,70,买盘
1337,10:36:51,12.36,18540,15,卖盘
1338,10:36:54,12.36,43291,35,卖盘
1339,10:36:57,12.37,320179,259,买盘
1340,10:37:00,12.37,85328,69,买盘
1341,10:37:03,12.37,170578,138,买盘
1342,10:37:06,12.37,66752,54,买盘
1343,10:37:09,12.36,97667,79,卖盘
1344,10:37:12,12.37,80354,65,买盘
1345,10:37:15,12.36,8652,7,卖盘
1346,10:37:18,12.37,123617,100,买盘
1347,10:37:21,12.37,865822,700,买盘
1348,10:37:24,12.37,27197,22,买盘
1349,10:37:27,12.37,66794,54,买盘
1350,10:37:30,12.37,4948,4,买盘
1351,10:37:33,12.36,752724,609,卖盘
1352,10:37:36,12.37,122437,99,买盘
1353,10:37:39,12.37,291698,236,买盘
1354,10:37:42,12.37,217540,176,买盘
1355,10:37:45,12.36,113715,92,卖盘
1356,10:37:48,12.37,6185,5,买盘
1357,10:37:51,12.36,77878,63,卖盘
1358,10:37:54,12.37,80401,65,买盘
1359,10:37:57,12.36,48229,39,卖盘
1360,10:38:00,12.36,108790,88,卖盘
1361,10:38:03,12.37,162010,131,买盘
1362,10:38:06,12.37,169344,137,买盘
1363,10:38:09,12.37,381938,309,买盘
1364,10:38:12,12.37,34618,28,买盘
1365,10:38:15,12.36,60597,49,卖盘
1366,10:38:18,12.36,96453,78,卖盘
1367,10:38:21,12.36,71741,58,卖盘
1368,10:38:24,12.37,154620,125,买盘
1369,10:38:27,12.37,101370,82,买盘
1370,10:38:30,12.37,420417,340,买盘
1371,10:38:33,12.37,1032094,835,买盘
1372,10:38:36,12.37,1219943,987,买盘
1373,10:38:39,12.36,1602149,1296,卖盘
1374,10:38:42,12.36,141013,114,卖盘
1375,10:38:45,12.37,356028,288,买盘
1376,10:38:48,12.37,94012,76,买盘
1377,10:38:51,12.37,56902,46,买盘
1378,10:38:54,12.37,210268,170,买盘
1379,10:38:57,12.36,45739,37,卖盘
1380,10:39:00,12.37,42055,34,买盘
1381,10:39:03,12.37,75457,61,买盘
1382,10:39:06,12.36,33398,27,卖盘
1383,10:39:09,12.36,59358,48,卖盘
1384,10:39:12,12.37,143475,116,买盘
1385,10:39:15,12.36,128647,104,卖盘
1386,10:39:18,12.37,8657,7,买盘
1387,10:39:21,12.36,1698887,1374,卖盘
1388,10:39:24,12.37,100154,81,买盘
1389,10:39:27,12.37,1266688,1024,买盘
1390,10:39:30,12.37,23503,19,买盘
1391,10:39:33,12.37,1586584,1283,买盘
1392,10:39:36,12.36,549213,444,卖盘
1393,10:39:39,12.37,544219,440,买盘
1394,10:39:42,12.37,842397,681,买盘
1395,10:39:45,12.37,157078,127,买盘
1396,10:39:48,12.37,982178,794,买盘
1397,10:39:51,12.37,225103,182,买盘
1398,10:39:54,12.37,1469177,1188,买盘
1399,10:39:57,12.37,602790,487,卖盘
1400,10:40:00,12.37,35873,29,买盘
1401,10:40:03,12.37,233793,189,买盘
1402,10:40:06,12.36,236266,191,卖盘
1403,10:40:09,12.37,85341,69,买盘
1404,10:40:12,12.37,490653,397,买盘
1405,10:40:15,12.37,330514,267,卖盘
1406,10:40:18,12.37,91494,74,买盘
1407,10:40:21,12.37,113804,92,买盘
1408,10:40:24,12.36,696407,563,卖盘
1409,10:40:27,12.37,106370,86,买盘
1410,10:40:30,12.37,143468,116,买盘
1411,10:40:33,12.37,356207,288,买盘
1412,10:40:36,12.37,201631,163,买盘
1413,10:40:39,12.37,249854,202,买盘
1414,10:40:42,12.37,2584588,2091,买盘
1415,10:40:45,12.37,692205,560,买盘
1416,10:40:48,12.36,263403,213,卖盘
1417,10:40:51,12.36,1837782,1486,卖盘
1418,10:40:54,12.37,69251,56,买盘
1419,10:40:57,12.36,94010,76,卖盘
1420,10:41:00,12.36,1755125,1420,卖盘
1421,10:41:03,12.36,417783,338,卖盘
1422,10:41:06,12.37,357265,289,买盘
1423,10:41:09,12.36,45753,37,卖盘
1424,10:41:12,12.36,44496,36,卖盘
1425,10:41:15,12.37,42040,34,买盘
1426,10:41:18,12.36,108789,88,卖盘
1427,10:41:21,12.36,357282,289,卖盘
1428,10:41:24,12.36,148320,120,卖盘
1429,10:41:27,12.37,48234,39,买盘
1430,10:41:30,12.37,90301,73,买盘
1431,10:41:33,12.37,261006,211,买盘
1432,10:41:36,12.36,257290,208,卖盘
1433,10:41:39,12.37,107619,87,买盘
1434,10:41:42,12.37,197920,160,买盘
1435,10:41:45,12.37,148416,120,买盘
1436,10:41:48,12.37,184243,149,买盘
1437,10:41:51,12.37,1394099,1127,买盘
1438,10:41:54,12.36,463575,375,卖盘
1439,10:41:57,12.37,72970,59,买盘
1440,10:42:00,12.37,112520,91,买盘
1441,10:42:03,12.36,2190274,1771,卖盘
1442,10:42:06,12.36,14775147,11954,卖盘
1443,10:42:09,12.36,81575,66,买盘
1444,10:42:12,12.36,311307,252,买盘
1445,10:42:15,12.36,575958,466,买盘
1446,10:42:18,12.36,143277,116,买盘
1447,10:42:21,12.36,129780,105,买盘
1448,10:42:24,12.36,297848,241,买盘
1449,10:42:27,12.36,295404,239,买盘
1450,10:42:30,12.36,803204,650,买盘
1451,10:42:33,12.37,8653,7,买盘
1452,10:42:36,12.36,173040,140,卖盘
1453,10:42:39,12.36,43290,35,卖盘
1454,10:42:42,12.36,186636,151,卖盘
1455,10:42:45,12.36,116184,94,卖盘
1456,10:42:48,12.36,416532,337,卖盘
1457,10:42:51,12.37,51953,42,买盘
1458,10:42:54,12.36,38316,31,卖盘
1459,10:42:57,12.36,18546,15,卖盘
1460,10:43:00,12.37,58122,47,买盘
1461,10:43:03,12.37,7422,6,买盘
1462,10:43:06,12.36,338664,274,卖盘
1463,10:43:09,12.37,61846,50,买盘
1464,10:43:12,12.37,81642,66,买盘
1465,10:43:15,12.37,63085,51,买盘
1466,10:43:18,12.37,982176,794,买盘
1467,10:43:21,12.37,411881,333,买盘
1468,10:43:24,12.37,102671,83,买盘
1469,10:43:27,12.37,2725123,2203,买盘
1470,10:43:30,12.38,421889,341,买盘
1471,10:43:33,12.38,14856,12,买盘
1472,10:43:36,12.38,222799,180,买盘
1473,10:43:39,12.38,95326,77,买盘
1474,10:43:42,12.38,108884,88,买盘
1475,10:43:45,12.38,220312,178,买盘
1476,10:43:48,12.37,1755343,1419,卖盘
1477,10:43:51,12.37,139840,113,卖盘
1478,10:43:54,12.38,84184,68,买盘
1479,10:43:57,12.37,437945,354,卖盘
1480,10:44:00,12.37,147255,119,卖盘
1481,10:44:03,12.38,38378,31,买盘
1482,10:44:06,12.37,94050,76,卖盘
1483,10:44:09,12.38,200548,162,买盘
1484,10:44:12,12.37,14850,12,卖盘
1485,10:44:15,12.38,227771,184,买盘
1486,10:44:18,12.37,127497,103,卖盘
1487,10:44:21,12.38,418109,338,买盘
1488,10:44:24,12.37,195574,158,卖盘
1489,10:44:27,12.38,77994,63,买盘
1490,10:44:30,12.37,150934,122,卖盘
1491,10:44:33,12.37,38357,31,卖盘
1492,10:44:36,12.38,133701,108,买盘
1493,10:44:39,12.38,86602,70,买盘
1494,10:44:42,12.37,116328,94,卖盘
1495,10:44:45,12.37,262253,212,卖盘
1496,10:44:48,12.37,6462189,5224,卖盘
1497,10:44:51,12.37,1305545,1055,卖盘
1498,10:44:54,12.37,630882,510,卖盘
1499,10:44:57,12.37,295713,239,卖盘
1500,10:45:00,12.37,430626,348,卖盘
1501,10:45:03,12.38,1901429,1537,买盘
1502,10:45:06,12.37,598708,484,卖盘
1503,10:45:09,12.37,403262,326,卖盘
1504,10:45:12,12.37,451525,365,卖盘
1505,10:45:15,12.37,710042,574,卖盘
1506,10:45:18,12.37,1269858,1027,卖盘
1507,10:45:21,12.36,1028567,832,卖盘
1508,10:45:24,12.36,1127267,912,卖盘
1509,10:45:27,12.37,886259,717,买盘
1510,10:45:30,12.36,566215,458,卖盘
1511,10:45:33,12.36,2143369,1734,卖盘
1512,10:45:36,12.37,178050,144,买盘
1513,10:45:39,12.37,553776,448,买盘
1514,10:45:42,12.37,729468,590,买盘
1515,10:45:45,12.36,64311,52,卖盘
1516,10:45:48,12.37,998076,807,买盘
1517,10:45:51,12.37,483668,391,卖盘
1518,10:45:54,12.37,447794,362,卖盘
1519,10:45:57,12.37,136120,110,卖盘
1520,10:46:00,12.38,75518,61,买盘
1521,10:46:03,12.38,175722,142,买盘
1522,10:46:06,12.38,112623,91,买盘
1523,10:46:09,12.37,210451,170,卖盘
1524,10:46:12,12.38,116372,94,买盘
1525,10:46:15,12.37,64325,52,卖盘
1526,10:46:18,12.37,29688,24,卖盘
1527,10:46:21,12.37,1725624,1395,卖盘
1528,10:46:24,12.37,95249,77,卖盘
1529,10:46:27,12.38,72984,59,买盘
1530,10:46:30,12.37,136170,110,卖盘
1531,10:46:33,12.38,21046,17,买盘
1532,10:46:36,12.38,7428,6,买盘
1533,10:46:39,12.37,629660,509,卖盘
1534,10:46:42,12.38,152176,123,买盘
1535,10:46:45,12.37,54433,44,卖盘
1536,10:46:48,12.37,54453,44,卖盘
1537,10:46:51,12.38,66816,54,买盘
1538,10:46:54,12.38,223902,181,买盘
1539,10:46:57,12.37,124973,101,卖盘
1540,10:47:00,12.37,128675,104,卖盘
1541,10:47:03,12.37,141018,114,卖盘
1542,10:47:06,12.37,112572,91,卖盘
1543,10:47:09,12.37,38348,31,卖盘
1544,10:47:12,12.38,126184,102,买盘
1545,10:47:15,12.37,168234,136,卖盘
1546,10:47:18,12.37,293201,237,卖盘
1547,10:47:21,12.37,320385,259,卖盘
1548,10:47:24,12.37,194242,157,卖盘
1549,10:47:27,12.37,237554,192,卖盘
1550,10:47:30,12.37,185550,150,卖盘
1551,10:47:33,12.38,466399,377,买盘
1552,10:47:36,12.37,2336693,1889,卖盘
1553,10:47:39,12.37,1919829,1552,卖盘
1554,10:47:42,12.37,1220657,987,卖盘
1555,10:47:45,12.36,1028467,832,卖盘
1556,10:47:48,12.37,72978,59,买盘
1557,10:47:51,12.36,599465,485,卖盘
1558,10:47:54,12.37,54412,44,买盘
1559,10:47:57,12.36,199019,161,卖盘
1560,10:48:00,12.36,255960,207,卖盘
1561,10:48:03,12.37,76690,62,买盘
1562,10:48:06,12.37,499455,404,买盘
1563,10:48:09,12.37,89062,72,买盘
1564,10:48:12,12.37,483667,391,买盘
1565,10:48:15,12.37,121159,98,买盘
1566,10:48:18,12.36,220181,178,卖盘
1567,10:48:21,12.36,237318,192,卖盘
1568,10:48:24,12.36,56856,46,卖盘
1569,10:48:27,12.36,12365,10,卖盘
1570,10:48:30,12.37,2517292,2035,买盘
1571,10:48:33,12.37,86535,70,买盘
1572,10:48:36,12.37,1421118,1149,买盘
1573,10:48:39,12.36,238735,193,卖盘
1574,10:48:42,12.37,38347,31,买盘
1575,10:48:45,12.37,32160,26,中性盘
1576,10:48:48,12.38,77988,63,买盘
1577,10:48:51,12.37,246163,199,卖盘
1578,10:48:54,12.37,9896,8,卖盘
1579,10:48:57,12.37,4950,4,卖盘
1580,10:49:00,12.37,200403,162,卖盘
1581,10:49:03,12.37,321675,260,卖盘
1582,10:49:06,12.38,6190,5,买盘
1583,10:49:09,12.37,1542597,1247,卖盘
1584,10:49:12,12.37,217886,176,卖盘
1585,10:49:15,12.37,12370,10,卖盘
1586,10:49:18,12.37,44539,36,卖盘
1587,10:49:21,12.37,70556,57,卖盘
1588,10:49:24,12.37,79207,64,卖盘
1589,10:49:27,12.37,110129,89,卖盘
1590,10:49:30,12.37,164590,133,卖盘
1591,10:49:33,12.37,497274,402,卖盘
1592,10:49:36,12.38,4627570,3738,买盘
1593,10:49:39,12.39,75578,61,买盘
1594,10:49:42,12.38,234009,189,卖盘
1595,10:49:45,12.38,71861,58,卖盘
1596,10:49:48,12.39,153532,124,买盘
1597,10:49:51,12.39,105315,85,买盘
1598,10:49:54,12.38,484446,391,卖盘
1599,10:49:57,12.38,48292,39,卖盘
1600,10:50:00,12.39,167246,135,买盘
1601,10:50:03,12.39,97881,79,买盘
1602,10:50:06,12.38,201856,163,卖盘
1603,10:50:09,12.39,781791,631,买盘
1604,10:50:15,12.39,26019,21,买盘
1605,10:50:18,12.39,410093,331,买盘
1606,10:50:21,12.39,220394,178,买盘
1607,10:50:24,12.39,83013,67,买盘
1608,10:50:27,12.38,73096,59,卖盘
1609,10:50:30,12.38,97867,79,卖盘
1610,10:50:33,12.38,116461,94,卖盘
1611,10:50:36,12.39,127587,103,买盘
1612,10:50:39,12.38,12380,10,卖盘
1613,10:50:42,12.39,28491,23,买盘
1614,10:50:45,12.38,125049,101,卖盘
1615,10:50:48,12.39,74340,60,买盘
1616,10:50:51,12.38,32205,26,卖盘
1617,10:50:54,12.39,401133,324,买盘
1618,10:50:57,12.38,1628056,1315,卖盘
1619,10:51:00,12.38,2188798,1768,卖盘
1620,10:51:03,12.38,768823,621,卖盘
1621,10:51:06,12.38,87916,71,卖盘
1622,10:51:09,12.38,40869,33,卖盘
1623,10:51:12,12.38,22286,18,卖盘
1624,10:51:15,12.39,686388,554,买盘
1625,10:51:18,12.39,137519,111,买盘
1626,10:51:21,12.39,185849,150,买盘
1627,10:51:24,12.39,2478,2,买盘
1628,10:51:27,12.39,4956,4,买盘
1629,10:51:30,12.39,19823,16,买盘
1630,10:51:33,12.39,2477,2,买盘
1631,10:51:36,12.39,6195,5,买盘
1632,10:51:39,12.38,84234,68,卖盘
1633,10:51:42,12.39,377744,305,买盘
1634,10:51:45,12.39,102837,83,买盘
1635,10:51:48,12.39,83013,67,买盘
1636,10:51:51,12.39,8671,7,买盘
1637,10:51:54,12.39,12390,10,买盘
1638,10:51:57,12.39,94110,76,买盘
1639,10:52:00,12.38,465492,376,卖盘
1640,10:52:03,12.39,1260418,1018,买盘
1641,10:52:06,12.39,1019697,823,买盘
1642,10:52:09,12.39,24764,20,买盘
1643,10:52:12,12.38,137527,111,卖盘
1644,10:52:15,12.39,1239,1,买盘
1645,10:52:18,12.39,12390,10,买盘
1646,10:52:21,12.39,1459395,1178,买盘
1647,10:52:24,12.38,314485,254,卖盘
1648,10:52:27,12.39,143724,116,买盘
1649,10:52:30,12.39,49560,40,买盘
1650,10:52:33,12.39,37155,30,买盘
1651,10:52:36,12.39,30971,25,买盘
1652,10:52:39,12.39,182107,147,买盘
1653,10:52:42,12.38,24760,20,卖盘
1654,10:52:45,12.39,334530,270,买盘
1655,10:52:48,12.39,9399256,7586,买盘
1656,10:52:51,12.39,299978,242,卖盘
1657,10:52:54,12.39,206979,167,卖盘
1658,10:52:57,12.39,28497,23,卖盘
1659,10:53:00,12.4,33475,27,买盘
1660,10:53:03,12.4,306131,247,买盘
1661,10:53:06,12.4,21080,17,买盘
1662,10:53:09,12.4,13640,11,买盘
1663,10:53:12,12.4,214410,173,买盘
1664,10:53:15,12.4,53320,43,买盘
1665,10:53:18,12.4,226800,183,买盘
1666,10:53:24,12.39,123911,100,卖盘
1667,10:53:27,12.4,71920,58,买盘
1668,10:53:30,12.4,140100,113,买盘
1669,10:53:33,12.39,18585,15,卖盘
1670,10:53:36,12.4,478372,386,买盘
1671,10:53:39,12.4,85535,69,买盘
1672,10:53:42,12.39,201960,163,卖盘
1673,10:53:45,12.39,871017,703,卖盘
1674,10:53:48,12.39,54498,44,买盘
1675,10:53:51,12.39,76818,62,买盘
1676,10:53:54,12.39,39648,32,买盘
1677,10:53:57,12.39,322140,260,买盘
1678,10:54:00,12.39,83011,67,买盘
1679,10:54:03,12.38,66874,54,卖盘
1680,10:54:06,12.39,60682,49,买盘
1681,10:54:09,12.39,111509,90,买盘
1682,10:54:12,12.38,60707,49,卖盘
1683,10:54:15,12.38,7428,6,卖盘
1684,10:54:18,12.39,19824,16,买盘
1685,10:54:21,12.38,71823,58,卖盘
1686,10:54:24,12.39,217919,176,买盘
1687,10:54:27,12.39,16101,13,买盘
1688,10:54:30,12.39,21063,17,买盘
1689,10:54:33,12.39,16107,13,买盘
1690,10:54:36,12.39,106550,86,买盘
1691,10:54:39,12.39,54490,44,买盘
1692,10:54:42,12.39,73101,59,买盘
1693,10:54:45,12.38,157351,127,卖盘
1694,10:54:48,12.38,97810,79,卖盘
1695,10:54:51,12.38,257504,208,卖盘
1696,10:54:54,12.39,1846369,1491,买盘
1697,10:54:57,12.38,28485,23,卖盘
1698,10:55:00,12.39,19822,16,买盘
1699,10:55:03,12.38,257564,208,卖盘
1700,10:55:09,12.38,32189,26,卖盘
1701,10:55:12,12.39,666131,538,买盘
1702,10:55:15,12.39,649975,525,买盘
1703,10:55:18,12.39,6241989,5042,买盘
1704,10:55:21,12.38,606820,490,卖盘
1705,10:55:24,12.38,812128,656,买盘
1706,10:55:27,12.38,2486841,2009,买盘
1707,10:55:30,12.38,1437499,1161,买盘
1708,10:55:36,12.38,231567,187,卖盘
1709,10:55:39,12.38,19812,16,卖盘
1710,10:55:42,12.38,284788,230,卖盘
1711,10:55:45,12.38,4952,4,卖盘
1712,10:55:48,12.39,125051,101,买盘
1713,10:55:51,12.38,871553,704,卖盘
1714,10:55:54,12.38,316928,256,买盘
1715,10:55:57,12.38,210460,170,买盘
1716,10:56:00,12.37,2474,2,卖盘
1717,10:56:03,12.37,96520,78,卖盘
1718,10:56:06,12.38,267408,216,买盘
1719,10:56:09,12.38,3936839,3180,买盘
1720,10:56:12,12.38,27236,22,卖盘
1721,10:56:15,12.38,40865,33,卖盘
1722,10:56:18,12.39,273604,221,买盘
1723,10:56:21,12.39,332052,268,买盘
1724,10:56:24,12.39,272432,220,买盘
1725,10:56:27,12.39,65667,53,买盘
1726,10:56:30,12.39,322128,260,买盘
1727,10:56:33,12.39,139967,113,买盘
1728,10:56:36,12.39,24780,20,买盘
1729,10:56:39,12.39,16107,13,买盘
1730,10:56:42,12.38,198193,160,卖盘
1731,10:56:45,12.39,21063,17,买盘
1732,10:56:48,12.39,24765,20,买盘
1733,10:56:51,12.39,4956,4,买盘
1734,10:56:54,12.39,75551,61,买盘
1735,10:56:57,12.38,49537,40,卖盘
1736,10:57:00,12.38,195604,158,卖盘
1737,10:57:03,12.38,214198,173,卖盘
1738,10:57:06,12.39,1062211,858,买盘
1739,10:57:09,12.39,490253,396,买盘
1740,10:57:12,12.39,1616849,1306,买盘
1741,10:57:15,12.38,1260288,1018,卖盘
1742,10:57:18,12.38,1004021,811,卖盘
1743,10:57:21,12.39,151055,122,买盘
1744,10:57:24,12.38,87921,71,卖盘
1745,10:57:27,12.39,61950,50,买盘
1746,10:57:30,12.39,21063,17,买盘
1747,10:57:33,12.39,125138,101,买盘
1748,10:57:36,12.39,265146,214,买盘
1749,10:57:39,12.39,123900,100,买盘
1750,10:57:42,12.38,220394,178,卖盘
1751,10:57:45,12.39,23541,19,买盘
1752,10:57:48,12.38,256267,207,卖盘
1753,10:57:51,12.39,12390,10,买盘
1754,10:57:54,12.39,157352,127,买盘
1755,10:57:57,12.39,8673,7,买盘
1756,10:58:00,12.38,2476,2,卖盘
1757,10:58:03,12.39,153590,124,买盘
1758,10:58:06,12.39,48319,39,买盘
1759,10:58:09,12.38,35906,29,卖盘
1760,10:58:12,12.38,111440,90,卖盘
1761,10:58:15,12.38,268646,217,卖盘
1762,10:58:18,12.39,8673,7,买盘
1763,10:58:21,12.38,300836,243,卖盘
1764,10:58:24,12.38,345418,279,卖盘
1765,10:58:27,12.38,18570,15,卖盘
1766,10:58:30,12.38,92859,75,卖盘
1767,10:58:33,12.39,340664,275,买盘
1768,10:58:36,12.39,71854,58,买盘
1769,10:58:39,12.38,126276,102,卖盘
1770,10:58:42,12.38,9904,8,卖盘
1771,10:58:45,12.38,35913,29,卖盘
1772,10:58:48,12.39,39626,32,买盘
1773,10:58:51,12.39,18577,15,买盘
1774,10:58:54,12.39,68095,55,买盘
1775,10:58:57,12.39,1267495,1023,买盘
1776,10:59:00,12.39,14866,12,买盘
1777,10:59:03,12.39,273643,221,买盘
1778,10:59:06,12.39,30962,25,买盘
1779,10:59:09,12.39,40887,33,买盘
1780,10:59:12,12.39,206851,167,买盘
1781,10:59:15,12.38,89136,72,卖盘
1782,10:59:18,12.38,47066,38,卖盘
1783,10:59:21,12.38,12386,10,卖盘
1784,10:59:27,12.39,90385,73,买盘
1785,10:59:30,12.39,84234,68,买盘
1786,10:59:33,12.38,175855,142,卖盘
1787,10:59:36,12.39,116458,94,买盘
1788,10:59:39,12.39,44604,36,买盘
1789,10:59:42,12.39,274849,222,买盘
1790,10:59:45,12.39,65646,53,买盘
1791,10:59:48,12.38,1506690,1217,卖盘
1792,10:59:51,12.39,113988,92,买盘
1793,10:59:54,12.39,90447,73,买盘
1794,10:59:57,12.38,81773,66,卖盘
1795,11:00:00,12.39,361770,292,买盘
1796,11:00:03,12.39,42126,34,买盘
1797,11:00:06,12.39,90447,73,买盘
1798,11:00:09,12.39,713664,576,买盘
1799,11:00:12,12.39,496622,401,买盘
1800,11:00:15,12.38,164749,133,卖盘
1801,11:00:18,12.39,30965,25,买盘
1802,11:00:21,12.39,213084,172,买盘
1803,11:00:24,12.39,209241,169,买盘
1804,11:00:27,12.39,1402658,1133,买盘
1805,11:00:30,12.38,282407,228,卖盘
1806,11:00:33,12.38,21046,17,卖盘
1807,11:00:36,12.38,214194,173,卖盘
1808,11:00:39,12.38,515100,416,卖盘
1809,11:00:42,12.37,721454,583,卖盘
1810,11:00:45,12.37,212786,172,卖盘
1811,11:00:48,12.37,28459,23,卖盘
1812,11:00:51,12.37,606487,490,卖盘
1813,11:00:54,12.38,58165,47,买盘
1814,11:00:57,12.37,24740,20,卖盘
1815,11:01:00,12.38,170841,138,买盘
1816,11:01:03,12.37,81676,66,卖盘
1817,11:01:06,12.37,185585,150,卖盘
1818,11:01:09,12.38,133617,108,买盘
1819,11:01:12,12.38,481361,389,买盘
1820,11:01:15,12.38,42079,34,买盘
1821,11:01:18,12.38,19803,16,买盘
1822,11:01:21,12.38,259926,210,买盘
1823,11:01:24,12.37,100247,81,卖盘
1824,11:01:27,12.37,13607,11,卖盘
1825,11:01:30,12.38,201786,163,买盘
1826,11:01:33,12.38,32188,26,买盘
1827,11:01:36,12.38,116332,94,买盘
1828,11:01:39,12.38,170795,138,买盘
1829,11:01:42,12.37,633484,512,卖盘
1830,11:01:45,12.38,421859,341,买盘
1831,11:01:48,12.37,21030,17,卖盘
1832,11:01:51,12.38,184455,149,买盘
1833,11:01:54,12.37,73015,59,卖盘
1834,11:01:57,12.37,29697,24,卖盘
1835,11:02:00,12.38,174556,141,买盘
1836,11:02:03,12.38,120066,97,买盘
1837,11:02:06,12.37,119989,97,卖盘
1838,11:02:09,12.38,585553,473,买盘
1839,11:02:12,12.37,487533,394,卖盘
1840,11:02:15,12.38,148549,120,买盘
1841,11:02:18,12.37,123705,100,卖盘
1842,11:02:21,12.38,199318,161,买盘
1843,11:02:24,12.37,405736,328,卖盘
1844,11:02:27,12.38,43328,35,买盘
1845,11:02:30,12.38,198080,160,买盘
1846,11:02:33,12.38,3714,3,买盘
1847,11:02:36,12.38,84144,68,买盘
1848,11:02:39,12.38,84167,68,买盘
1849,11:02:42,12.37,423294,342,卖盘
1850,11:02:45,12.38,203031,164,买盘
1851,11:02:48,12.38,157126,127,买盘
1852,11:02:51,12.38,238903,193,买盘
1853,11:02:54,12.38,282250,228,买盘
1854,11:02:57,12.38,24760,20,买盘
1855,11:03:00,12.38,325592,263,买盘
1856,11:03:03,12.38,367444,297,买盘
1857,11:03:06,12.37,69277,56,卖盘
1858,11:03:09,12.38,265958,215,买盘
1859,11:03:12,12.37,217872,176,卖盘
1860,11:03:15,12.37,70560,57,卖盘
1861,11:03:18,12.37,48272,39,卖盘
1862,11:03:21,12.38,454115,367,买盘
1863,11:03:24,12.37,122494,99,卖盘
1864,11:03:27,12.37,4948,4,卖盘
1865,11:03:30,12.38,328010,265,买盘
1866,11:03:33,12.38,16094,13,买盘
1867,11:03:36,12.37,34636,28,卖盘
1868,11:03:39,12.37,362461,293,卖盘
1869,11:03:42,12.37,204250,165,卖盘
1870,11:03:45,12.38,227643,184,买盘
1871,11:03:48,12.38,154725,125,买盘
1872,11:03:51,12.38,584336,472,买盘
1873,11:03:54,12.37,40821,33,卖盘
1874,11:03:57,12.37,84118,68,卖盘
1875,11:04:00,12.38,217849,176,买盘
1876,11:04:03,12.37,106391,86,卖盘
1877,11:04:06,12.37,2146091,1734,卖盘
1878,11:04:09,12.37,2996016,2422,卖盘
1879,11:04:12,12.37,3862547,3122,卖盘
1880,11:04:15,12.37,884475,715,卖盘
1881,11:04:18,12.37,465115,376,卖盘
1882,11:04:21,12.37,780681,631,卖盘
1883,11:04:24,12.37,272140,220,卖盘
1884,11:04:27,12.36,4869998,3937,卖盘
1885,11:04:30,12.37,199153,161,买盘
1886,11:04:33,12.37,30925,25,买盘
1887,11:04:36,12.36,45732,37,卖盘
1888,11:04:39,12.37,19777,16,买盘
1889,11:04:42,12.36,242410,196,卖盘
1890,11:04:45,12.36,37080,30,卖盘
1891,11:04:48,12.37,804032,650,买盘
1892,11:04:51,12.36,401867,325,卖盘
1893,11:04:54,12.36,38316,31,卖盘
1894,11:04:57,12.37,75406,61,买盘
1895,11:05:00,12.37,211509,171,买盘
1896,11:05:03,12.36,404173,327,卖盘
1897,11:05:06,12.37,906020,733,买盘
1898,11:05:09,12.37,38334,31,买盘
1899,11:05:12,12.37,173180,140,买盘
1900,11:05:15,12.36,51943,42,卖盘
1901,11:05:18,12.37,96435,78,买盘
1902,11:05:21,12.36,343885,278,卖盘
1903,11:05:24,12.37,192972,156,买盘
1904,11:05:27,12.37,103869,84,买盘
1905,11:05:30,12.37,1288944,1042,买盘
1906,11:05:33,12.36,258358,209,卖盘
1907,11:05:36,12.37,133584,108,买盘
1908,11:05:39,12.37,42057,34,买盘
1909,11:05:42,12.36,283243,229,卖盘
1910,11:05:45,12.36,363483,294,卖盘
1911,11:05:48,12.36,60612,49,卖盘
1912,11:05:51,12.36,478626,387,卖盘
1913,11:05:54,12.37,1039080,840,买盘
1914,11:05:57,12.37,701670,567,卖盘
1915,11:06:00,12.37,260989,211,买盘
1916,11:06:03,12.37,239964,194,买盘
1917,11:06:06,12.37,165758,134,买盘
1918,11:06:09,12.37,30925,25,买盘
1919,11:06:12,12.37,186786,151,买盘
1920,11:06:15,12.37,275760,223,买盘
1921,11:06:18,12.36,194188,157,卖盘
1922,11:06:21,12.37,468810,379,买盘
1923,11:06:24,12.37,241040,195,买盘
1924,11:06:27,12.36,111320,90,卖盘
1925,11:06:30,12.37,205320,166,买盘
1926,11:06:33,12.36,45740,37,卖盘
1927,11:06:36,12.36,233738,189,卖盘
1928,11:06:39,12.37,2002703,1619,买盘
1929,11:06:42,12.37,570257,461,买盘
1930,11:06:45,12.37,91544,74,卖盘
1931,11:06:48,12.38,142328,115,买盘
1932,11:06:51,12.38,199301,161,买盘
1933,11:06:54,12.38,56948,46,买盘
1934,11:06:57,12.38,835612,675,买盘
1935,11:07:00,12.38,251307,203,买盘
1936,11:07:03,12.37,440372,356,卖盘
1937,11:07:06,12.38,127492,103,买盘
1938,11:07:09,12.37,102671,83,卖盘
1939,11:07:12,12.37,365051,295,卖盘
1940,11:07:15,12.37,87828,71,卖盘
1941,11:07:18,12.37,348836,282,卖盘
1942,11:07:21,12.37,275851,223,买盘
1943,11:07:24,12.37,18555,15,买盘
1944,11:07:27,12.37,98960,80,买盘
1945,11:07:30,12.37,1404554,1136,买盘
1946,11:07:33,12.37,539104,436,买盘
1947,11:07:36,12.37,296830,240,卖盘
1948,11:07:39,12.37,86565,70,买盘
1949,11:07:42,12.37,259761,210,买盘
1950,11:07:45,12.37,555259,449,买盘
1951,11:07:48,12.37,77918,63,买盘
1952,11:07:51,12.37,280757,227,买盘
1953,11:07:54,12.36,64322,52,卖盘
1954,11:07:57,12.36,296841,240,卖盘
1955,11:08:00,12.37,195444,158,买盘
1956,11:08:03,12.37,37095,30,买盘
1957,11:08:06,12.37,12370,10,买盘
1958,11:08:09,12.37,153375,124,买盘
1959,11:08:12,12.37,251111,203,买盘
1960,11:08:15,12.36,175616,142,卖盘
1961,11:08:18,12.37,71746,58,买盘
1962,11:08:21,12.36,698474,565,卖盘
1963,11:08:24,12.36,450115,364,卖盘
1964,11:08:27,12.37,101413,82,买盘
1965,11:08:30,12.37,420381,340,买盘
1966,11:08:33,12.36,253381,205,卖盘
1967,11:08:36,12.37,807158,653,买盘
1968,11:08:39,12.36,208886,169,卖盘
1969,11:08:42,12.37,445308,360,买盘
1970,11:08:45,12.37,14844,12,买盘
1971,11:08:48,12.36,131066,106,卖盘
1972,11:08:51,12.37,166995,135,买盘
1973,11:08:54,12.37,129885,105,买盘
1974,11:08:57,12.37,186750,151,买盘
1975,11:09:00,12.37,278322,225,买盘
1976,11:09:03,12.36,374600,303,卖盘
1977,11:09:06,12.37,378342,306,买盘
1978,11:09:09,12.37,165674,134,买盘
1979,11:09:12,12.36,316571,256,卖盘
1980,11:09:15,12.36,74182,60,卖盘
1981,11:09:18,12.36,2060698,1666,卖盘
1982,11:09:21,12.37,348785,282,买盘
1983,11:09:24,12.37,6185,5,买盘
1984,11:09:30,12.37,236238,191,买盘
1985,11:09:33,12.37,113767,92,买盘
1986,11:09:36,12.37,113767,92,买盘
1987,11:09:39,12.37,273361,221,买盘
1988,11:09:42,12.36,317833,257,卖盘
1989,11:09:45,12.37,336197,272,买盘
1990,11:09:48,12.37,1332429,1078,买盘
1991,11:09:51,12.37,620608,502,买盘
1992,11:09:54,12.37,33399,27,买盘
1993,11:09:57,12.36,1488147,1204,卖盘
1994,11:10:00,12.37,257222,208,买盘
1995,11:10:03,12.37,35871,29,买盘
1996,11:10:06,12.36,51913,42,卖盘
1997,11:10:09,12.37,51953,42,买盘
1998,11:10:12,12.37,304234,246,买盘
1999,11:10:15,12.36,180479,146,卖盘
2000,11:10:18,12.36,139668,113,卖盘
2001,11:10:21,12.37,552625,447,买盘
2002,11:10:24,12.36,1049457,849,卖盘
2003,11:10:27,12.36,3018323,2442,卖盘
2004,11:10:30,12.36,1885034,1525,卖盘
2005,11:10:33,12.36,175515,142,卖盘
2006,11:10:36,12.36,279338,226,卖盘
2007,11:10:39,12.36,210153,170,卖盘
2008,11:10:42,12.36,231287,187,卖盘
2009,11:10:45,12.37,85352,69,买盘
2010,11:10:48,12.36,12360,10,卖盘
2011,11:10:51,12.37,441536,357,买盘
2012,11:10:54,12.37,154550,125,买盘
2013,11:10:57,12.37,288174,233,买盘
2014,11:11:00,12.37,207805,168,买盘
2015,11:11:03,12.37,451149,365,买盘
2016,11:11:06,12.36,585874,474,卖盘
2017,11:11:09,12.36,124864,101,卖盘
2018,11:11:12,12.37,230036,186,买盘
2019,11:11:15,12.37,13606,11,买盘
2020,11:11:18,12.36,215064,174,卖盘
2021,11:11:21,12.37,190495,154,买盘
2022,11:11:24,12.37,111330,90,买盘
2023,11:11:30,12.37,338928,274,买盘
2024,11:11:33,12.37,39584,32,买盘
2025,11:11:36,12.36,108808,88,卖盘
2026,11:11:39,12.37,14843,12,买盘
2027,11:11:42,12.36,269588,218,卖盘
2028,11:11:45,12.36,336223,272,卖盘
2029,11:11:48,12.36,681056,551,卖盘
2030,11:11:51,12.37,235015,190,买盘
2031,11:11:54,12.36,12360,10,卖盘
2032,11:11:57,12.36,59338,48,卖盘
2033,11:12:00,12.37,169467,137,买盘
2034,11:12:03,12.37,6185,5,买盘
2035,11:12:06,12.36,25956,21,卖盘
2036,11:12:09,12.37,143492,116,买盘
2037,11:12:12,12.37,190481,154,买盘
2038,11:12:15,12.37,244841,198,买盘
2039,11:12:18,12.37,65523,53,买盘
2040,11:12:21,12.37,175654,142,买盘
2041,11:12:24,12.36,1030272,833,卖盘
2042,11:12:27,12.37,32149,26,买盘
2043,11:12:30,12.36,535547,433,卖盘
2044,11:12:33,12.37,165758,134,买盘
2045,11:12:36,12.37,2214193,1790,买盘
2046,11:12:39,12.36,85303,69,卖盘
2047,11:12:42,12.37,303064,245,买盘
2048,11:12:45,12.36,203952,165,卖盘
2049,11:12:48,12.36,112487,91,卖盘
2050,11:12:51,12.37,184309,149,买盘
2051,11:12:54,12.36,90248,73,卖盘
2052,11:12:57,12.36,444020,359,卖盘
2053,11:13:00,12.37,222636,180,买盘
2054,11:13:03,12.37,18553,15,买盘
2055,11:13:06,12.37,227439,184,买盘
2056,11:13:09,12.36,180560,146,卖盘
2057,11:13:12,12.37,294406,238,买盘
2058,11:13:15,12.37,60613,49,买盘
2059,11:13:18,12.36,149556,121,卖盘
2060,11:13:21,12.37,324028,262,买盘
2061,11:13:27,12.36,119937,97,卖盘
2062,11:13:30,12.37,545514,441,买盘
2063,11:13:33,12.37,1252309,1012,买盘
2064,11:13:36,12.37,49442,40,买盘
2065,11:13:39,12.37,58139,47,买盘
2066,11:13:42,12.37,400788,324,买盘
2067,11:13:45,12.36,652986,528,卖盘
2068,11:13:51,12.36,179356,145,卖盘
2069,11:13:54,12.36,9895,8,卖盘
2070,11:13:57,12.36,190408,154,卖盘
2071,11:14:00,12.37,227605,184,买盘
2072,11:14:03,12.37,17314,14,买盘
2073,11:14:06,12.36,937645,758,卖盘
2074,11:14:09,12.37,674165,545,买盘
2075,11:14:12,12.37,338915,274,买盘
2076,11:14:15,12.36,39583,32,卖盘
2077,11:14:18,12.37,65522,53,买盘
2078,11:14:21,12.37,319146,258,买盘
2079,11:14:24,12.36,166914,135,卖盘
2080,11:14:27,12.37,961008,777,买盘
2081,11:14:30,12.37,176891,143,买盘
2082,11:14:33,12.37,405684,328,买盘
2083,11:14:36,12.37,165718,134,买盘
2084,11:14:39,12.37,326566,264,买盘
2085,11:14:42,12.37,379759,307,买盘
2086,11:14:45,12.37,235010,190,卖盘
2087,11:14:48,12.37,137297,111,买盘
2088,11:14:51,12.37,191734,155,买盘
2089,11:14:54,12.36,289254,234,卖盘
2090,11:14:57,12.37,114997,93,买盘
2091,11:15:00,12.37,288211,233,买盘
2092,11:15:06,12.37,222497,180,买盘
2093,11:15:09,12.37,170703,138,买盘
2094,11:15:12,12.37,1243185,1005,买盘
2095,11:15:15,12.37,368579,298,卖盘
2096,11:15:18,12.37,201530,163,买盘
2097,11:15:21,12.37,324041,262,买盘
2098,11:15:24,12.37,45769,37,卖盘
2099,11:15:27,12.37,112567,91,买盘
2100,11:15:30,12.37,237468,192,买盘
2101,11:15:33,12.37,9896,8,卖盘
2102,11:15:36,12.37,91554,74,买盘
2103,11:15:39,12.37,51954,42,卖盘
2104,11:15:42,12.38,178271,144,买盘
2105,11:15:45,12.38,866251,700,买盘
2106,11:15:48,12.38,80470,65,买盘
2107,11:15:51,12.37,436844,353,卖盘
2108,11:15:54,12.38,8665,7,买盘
2109,11:15:57,12.38,200444,162,买盘
2110,11:16:00,12.38,173317,140,买盘
2111,11:16:03,12.37,45778,37,卖盘
2112,11:16:09,12.37,28472,23,卖盘
2113,11:16:12,12.38,402329,325,买盘
2114,11:16:18,12.37,61858,50,卖盘
2115,11:16:21,12.38,280936,227,买盘
2116,11:16:27,12.37,283273,229,卖盘
2117,11:16:30,12.37,295781,239,卖盘
2118,11:16:33,12.37,59415,48,卖盘
2119,11:16:36,12.37,113809,92,卖盘
2120,11:16:39,12.37,4228066,3418,卖盘
2121,11:16:42,12.37,210290,170,买盘
2122,11:16:45,12.37,98963,80,买盘
2123,11:16:48,12.37,458770,371,买盘
2124,11:16:51,12.38,216609,175,买盘
2125,11:16:54,12.38,107689,87,买盘
2126,11:16:57,12.38,65570,53,买盘
2127,11:17:00,12.38,425664,344,买盘
2128,11:17:03,12.38,25983,21,买盘
2129,11:17:06,12.38,360068,291,买盘
2130,11:17:09,12.38,70566,57,买盘
2131,11:17:12,12.38,236456,191,买盘
2132,11:17:15,12.37,178177,144,卖盘
2133,11:17:18,12.37,174435,141,卖盘
2134,11:17:21,12.37,169605,137,卖盘
2135,11:17:24,12.37,170824,138,卖盘
2136,11:17:27,12.37,183191,148,卖盘
2137,11:17:30,12.38,200553,162,买盘
2138,11:17:33,12.38,120081,97,买盘
2139,11:17:36,12.37,330279,267,卖盘
2140,11:17:39,12.37,39613,32,卖盘
2141,11:17:42,12.37,287126,232,卖盘
2142,11:17:45,12.37,43326,35,卖盘
2143,11:17:48,12.38,237545,192,买盘
2144,11:17:51,12.37,257472,208,卖盘
2145,11:17:54,12.38,1238,1,买盘
2146,11:17:57,12.37,49480,40,卖盘
2147,11:18:00,12.38,194347,157,买盘
2148,11:18:03,12.37,884456,715,卖盘
2149,11:18:06,12.37,470076,380,卖盘
2150,11:18:09,12.38,55710,45,买盘
2151,11:18:12,12.37,230243,186,卖盘
2152,11:18:15,12.37,150940,122,卖盘
2153,11:18:18,12.37,70509,57,卖盘
2154,11:18:21,12.38,269821,218,买盘
2155,11:18:24,12.38,476281,385,买盘
2156,11:18:27,12.37,252388,204,卖盘
2157,11:18:30,12.37,1447273,1170,卖盘
2158,11:18:33,12.37,184313,149,买盘
2159,11:18:36,12.37,516949,418,买盘
2160,11:18:39,12.37,92812,75,卖盘
2161,11:18:42,12.38,324260,262,买盘
2162,11:18:45,12.37,76754,62,卖盘
2163,11:18:48,12.37,18555,15,卖盘
2164,11:18:51,12.38,326705,264,买盘
2165,11:18:54,12.37,1237,1,卖盘
2166,11:18:57,12.37,1349567,1091,卖盘
2167,11:19:00,12.37,238739,193,买盘
2168,11:19:03,12.37,139735,113,买盘
2169,11:19:06,12.36,1104466,893,卖盘
2170,11:19:09,12.38,1257981,1017,买盘
2171,11:19:12,12.37,484886,392,买盘
2172,11:19:15,12.38,839924,679,买盘
2173,11:19:18,12.37,69272,56,卖盘
2174,11:19:21,12.38,212923,172,买盘
2175,11:19:24,12.37,23521,19,卖盘
2176,11:19:27,12.38,77993,63,买盘
2177,11:19:30,12.37,472673,382,卖盘
2178,11:19:33,12.38,539574,436,买盘
2179,11:19:36,12.37,45769,37,卖盘
2180,11:19:39,12.37,142297,115,卖盘
2181,11:19:42,12.37,169604,137,卖盘
2182,11:19:45,12.37,252548,204,卖盘
2183,11:19:48,12.37,233794,189,卖盘
2184,11:19:51,12.37,186936,151,卖盘
2185,11:19:54,12.37,17318,14,卖盘
2186,11:19:57,12.37,128648,104,卖盘
2187,11:20:00,12.37,1281667,1036,卖盘
2188,11:20:03,12.38,143544,116,买盘
2189,11:20:06,12.38,16082,13,买盘
2190,11:20:09,12.38,14854,12,买盘
2191,11:20:12,12.38,180738,146,买盘
2192,11:20:15,12.38,155917,126,买盘
2193,11:20:18,12.37,163302,132,卖盘
2194,11:20:21,12.38,607656,491,买盘
2195,11:20:24,12.37,6185,5,卖盘
2196,11:20:27,12.37,353802,286,卖盘
2197,11:20:30,12.38,233943,189,买盘
2198,11:20:33,12.38,3714,3,买盘
2199,11:20:36,12.38,24754,20,买盘
2200,11:20:39,12.38,144807,117,买盘
2201,11:20:42,12.38,256266,207,买盘
2202,11:20:45,12.37,21029,17,卖盘
2203,11:20:48,12.38,24750,20,买盘
2204,11:20:51,12.38,248792,201,买盘
2205,11:20:54,12.38,106468,86,买盘
2206,11:20:57,12.37,75458,61,卖盘
2207,11:21:00,12.37,373842,302,卖盘
2208,11:21:03,12.37,4948,4,卖盘
2209,11:21:06,12.37,241247,195,卖盘
2210,11:21:09,12.38,7427,6,买盘
2211,11:21:12,12.38,232744,188,买盘
2212,11:21:15,12.38,132405,107,买盘
2213,11:21:18,12.38,144737,117,买盘
2214,11:21:21,12.37,194347,157,卖盘
2215,11:21:24,12.38,116372,94,买盘
2216,11:21:27,12.37,35890,29,卖盘
2217,11:21:30,12.37,267377,216,卖盘
2218,11:21:33,12.38,80441,65,买盘
2219,11:21:36,12.38,94075,76,买盘
2220,11:21:39,12.37,47006,38,卖盘
2221,11:21:42,12.38,269819,218,买盘
2222,11:21:45,12.38,77977,63,买盘
2223,11:21:48,12.38,232597,188,买盘
2224,11:21:51,12.37,236457,191,卖盘
2225,11:21:54,12.38,64376,52,买盘
2226,11:21:57,12.37,139856,113,卖盘
2227,11:22:00,12.38,172077,139,买盘
2228,11:22:03,12.38,160924,130,买盘
2229,11:22:06,12.37,184413,149,卖盘
2230,11:22:09,12.37,442903,358,卖盘
2231,11:22:12,12.37,207951,168,卖盘
2232,11:22:15,12.37,160839,130,卖盘
2233,11:22:18,12.38,77941,63,买盘
2234,11:22:21,12.38,168368,136,买盘
2235,11:22:24,12.37,131221,106,卖盘
2236,11:22:27,12.37,267212,216,卖盘
2237,11:22:30,12.38,168367,136,买盘
2238,11:22:33,12.37,18557,15,卖盘
2239,11:22:36,12.37,256060,207,卖盘
2240,11:22:39,12.37,47006,38,卖盘
2241,11:22:42,12.38,183224,148,买盘
2242,11:22:45,12.38,49500,40,买盘
2243,11:22:48,12.38,198050,160,买盘
2244,11:22:51,12.38,168368,136,买盘
2245,11:22:54,12.38,8664,7,买盘
2246,11:22:57,12.37,111331,90,卖盘
2247,11:23:00,12.38,189396,153,买盘
2248,11:23:03,12.37,6186237,5001,卖盘
2249,11:23:06,12.36,45768,37,卖盘
2250,11:23:09,12.37,457542,370,买盘
2251,11:23:12,12.37,202861,164,买盘
2252,11:23:15,12.36,38343,31,卖盘
2253,11:23:18,12.37,332701,269,买盘
2254,11:23:21,12.36,317855,257,卖盘
2255,11:23:24,12.36,191715,155,卖盘
2256,11:23:27,12.37,21029,17,买盘
2257,11:23:30,12.37,170706,138,买盘
2258,11:23:33,12.37,14843,12,买盘
2259,11:23:36,12.36,45767,37,卖盘
2260,11:23:39,12.36,45732,37,卖盘
2261,11:23:42,12.37,183076,148,买盘
2262,11:23:45,12.36,1236,1,卖盘
2263,11:23:48,12.36,673620,545,卖盘
2264,11:23:51,12.36,412975,334,卖盘
2265,11:23:54,12.36,16068,13,卖盘
2266,11:23:57,12.36,54384,44,卖盘
2267,11:24:00,12.37,242392,196,买盘
2268,11:24:03,12.36,778680,630,卖盘
2269,11:24:06,12.36,213863,173,卖盘
2270,11:24:12,12.36,267122,216,卖盘
2271,11:24:15,12.36,21017,17,卖盘
2272,11:24:18,12.37,1720516,1392,买盘
2273,11:24:21,12.36,262171,212,卖盘
2274,11:24:24,12.36,2472,2,卖盘
2275,11:24:27,12.37,305380,247,买盘
2276,11:24:30,12.36,846796,685,卖盘
2277,11:24:33,12.36,216300,175,卖盘
2278,11:24:36,12.36,64312,52,卖盘
2279,11:24:39,12.36,91483,74,卖盘
2280,11:24:42,12.36,369724,299,卖盘
2281,11:24:45,12.36,180464,146,卖盘
2282,11:24:48,12.36,1378151,1115,卖盘
2283,11:24:51,12.36,605874,490,卖盘
2284,11:24:54,12.37,619267,501,买盘
2285,11:24:57,12.36,152067,123,卖盘
2286,11:25:00,12.36,205312,166,卖盘
2287,11:25:03,12.36,23495,19,卖盘
2288,11:25:06,12.37,964676,780,买盘
2289,11:25:09,12.37,216322,175,买盘
2290,11:25:12,12.37,305478,247,买盘
2291,11:25:15,12.37,132255,107,买盘
2292,11:25:18,12.37,153269,124,买盘
2293,11:25:21,12.37,514321,416,买盘
2294,11:25:24,12.37,46971,38,买盘
2295,11:25:27,12.36,76643,62,卖盘
2296,11:25:30,12.36,274551,222,卖盘
2297,11:25:33,12.37,79155,64,买盘
2298,11:25:36,12.36,43271,35,卖盘
2299,11:25:39,12.36,54384,44,卖盘
2300,11:25:42,12.36,1293012,1046,卖盘
2301,11:25:45,12.37,89014,72,买盘
2302,11:25:48,12.36,399297,323,卖盘
2303,11:25:51,12.36,366000,296,卖盘
2304,11:25:54,12.37,14842,12,买盘
2305,11:25:57,12.36,231142,187,卖盘
2306,11:26:00,12.37,3606890,2916,买盘
2307,11:26:03,12.37,24740,20,买盘
2308,11:26:06,12.36,17304,14,卖盘
2309,11:26:09,12.37,341412,276,买盘
2310,11:26:12,12.36,494725,400,卖盘
2311,11:26:15,12.36,45742,37,卖盘
2312,11:26:18,12.36,101352,82,卖盘
2313,11:26:21,12.37,226368,183,买盘
2314,11:26:24,12.37,85344,69,买盘
2315,11:26:27,12.36,397016,321,卖盘
2316,11:26:30,12.37,501972,406,买盘
2317,11:26:33,12.36,82822,67,卖盘
2318,11:26:36,12.37,2474,2,买盘
2319,11:26:39,12.37,45769,37,买盘
2320,11:26:42,12.37,199132,161,买盘
2321,11:26:48,12.36,40789,33,卖盘
2322,11:26:51,12.37,462417,374,买盘
2323,11:26:54,12.37,37109,30,买盘
2324,11:26:57,12.37,71725,58,买盘
2325,11:27:00,12.37,202865,164,买盘
2326,11:27:03,12.37,730492,591,买盘
2327,11:27:06,12.37,39553,32,买盘
2328,11:27:09,12.37,284286,230,买盘
2329,11:27:12,12.36,237468,192,卖盘
2330,11:27:15,12.36,50676,41,卖盘
2331,11:27:18,12.36,363384,294,卖盘
2332,11:27:21,12.36,796321,644,卖盘
2333,11:27:24,12.36,1034688,837,卖盘
2334,11:27:27,12.36,11023884,8919,卖盘
2335,11:27:30,12.36,2470777,1999,卖盘
2336,11:27:33,12.35,174157,141,卖盘
2337,11:27:36,12.35,542583,439,卖盘
2338,11:27:39,12.36,1344767,1088,买盘
2339,11:27:42,12.36,201605,163,卖盘
2340,11:27:45,12.36,11124,9,卖盘
2341,11:27:48,12.36,202704,164,卖盘
2342,11:27:51,12.37,265881,215,买盘
2343,11:27:54,12.36,100126,81,卖盘
2344,11:27:57,12.37,381955,309,买盘
2345,11:28:00,12.37,215223,174,买盘
2346,11:28:03,12.36,1257181,1017,卖盘
2347,11:28:06,12.36,29664,24,卖盘
2348,11:28:09,12.36,22253,18,卖盘
2349,11:28:12,12.36,254773,206,卖盘
2350,11:28:15,12.37,32138,26,买盘
2351,11:28:18,12.37,1064236,861,买盘
2352,11:28:21,12.37,265881,215,买盘
2353,11:28:24,12.36,8656,7,卖盘
2354,11:28:27,12.36,2366427,1914,卖盘
2355,11:28:30,12.36,361048,292,卖盘
2356,11:28:33,12.36,30916,25,卖盘
2357,11:28:36,12.36,77868,63,卖盘
2358,11:28:39,12.37,1237,1,买盘
2359,11:28:42,12.36,774272,626,卖盘
2360,11:28:45,12.37,140935,114,买盘
2361,11:28:48,12.36,96412,78,卖盘
2362,11:28:51,12.37,1551197,1254,买盘
2363,11:28:54,12.37,44529,36,买盘
2364,11:28:57,12.36,61825,50,卖盘
2365,11:29:00,12.37,174415,141,买盘
2366,11:29:03,12.37,779300,630,买盘
2367,11:29:06,12.36,264508,214,卖盘
2368,11:29:09,12.36,186636,151,卖盘
2369,11:29:12,12.36,745444,603,卖盘
2370,11:29:15,12.37,133588,108,买盘
2371,11:29:18,12.36,111240,90,卖盘
2372,11:29:21,12.36,185536,150,卖盘
2373,11:29:24,12.36,64274,52,卖盘
2374,11:29:27,12.37,218941,177,买盘
2375,11:29:30,12.37,263465,213,买盘
2376,11:29:33,12.36,4944,4,卖盘
2377,11:29:36,12.37,1406463,1137,买盘
2378,11:29:39,12.37,117433,95,买盘
2379,11:29:42,12.36,246104,199,卖盘
2380,11:29:45,12.36,18540,15,卖盘
2381,11:29:48,12.36,250963,203,卖盘
2382,11:29:51,12.37,402025,325,买盘
2383,11:29:54,12.37,282036,228,买盘
2384,11:29:57,12.37,158326,128,买盘
2385,11:30:00,12.37,110091,89,买盘
2386,13:00:00,12.37,2064903,1670,买盘
2387,13:00:03,12.37,12141384,9818,买盘
2388,13:00:06,12.38,2678202,2165,买盘
2389,13:00:09,12.37,2966599,2398,卖盘
2390,13:00:12,12.37,822808,665,卖盘
2391,13:00:15,12.37,280809,227,卖盘
2392,13:00:18,12.37,345129,279,卖盘
2393,13:00:21,12.37,363678,294,卖盘
2394,13:00:24,12.37,936409,757,卖盘
2395,13:00:27,12.37,1792416,1449,卖盘
2396,13:00:30,12.37,374779,303,卖盘
2397,13:00:33,12.37,159464,129,买盘
2398,13:00:36,12.37,37109,30,买盘
2399,13:00:39,12.36,218894,177,卖盘
2400,13:00:42,12.36,141005,114,卖盘
2401,13:00:45,12.37,571165,462,买盘
2402,13:00:48,12.37,30915,25,买盘
2403,13:00:51,12.37,24740,20,买盘
2404,13:00:54,12.36,74160,60,卖盘
2405,13:00:57,12.36,60575,49,卖盘
2406,13:01:00,12.36,385732,312,卖盘
2407,13:01:03,12.36,552908,447,卖盘
2408,13:01:06,12.37,132274,107,买盘
2409,13:01:09,12.36,281829,228,卖盘
2410,13:01:12,12.37,16081,13,买盘
2411,13:01:15,12.36,148358,120,卖盘
2412,13:01:18,12.36,131024,106,卖盘
2413,13:01:21,12.36,3708,3,卖盘
2414,13:01:24,12.37,51954,42,买盘
2415,13:01:27,12.36,185400,150,卖盘
2416,13:01:30,12.36,179299,145,卖盘
2417,13:01:33,12.37,187939,152,买盘
2418,13:01:36,12.36,110015,89,卖盘
2419,13:01:39,12.36,268334,217,卖盘
2420,13:01:42,12.37,214001,173,买盘
2421,13:01:45,12.37,311523,252,买盘
2422,13:01:48,12.37,339974,275,买盘
2423,13:01:51,12.37,323945,262,买盘
2424,13:01:54,12.37,86540,70,买盘
2425,13:01:57,12.37,2474,2,买盘
2426,13:02:00,12.36,100129,81,卖盘
2427,13:02:03,12.36,216308,175,卖盘
2428,13:02:06,12.37,480981,389,买盘
2429,13:02:09,12.36,286802,232,卖盘
2430,13:02:12,12.36,238550,193,卖盘
2431,13:02:15,12.37,248486,201,买盘
2432,13:02:18,12.37,51917,42,买盘
2433,13:02:21,12.37,1305268,1056,买盘
2434,13:02:24,12.37,44509,36,买盘
2435,13:02:27,12.36,218935,177,卖盘
2436,13:02:30,12.37,249699,202,买盘
2437,13:02:33,12.37,8654,7,买盘
2438,13:02:36,12.37,179345,145,买盘
2439,13:02:39,12.37,115041,93,买盘
2440,13:02:42,12.36,192891,156,卖盘
2441,13:02:45,12.36,60579,49,卖盘
2442,13:02:48,12.37,53151,43,买盘
2443,13:02:51,12.37,110034,89,买盘
2444,13:02:54,12.37,34636,28,买盘
2445,13:02:57,12.37,149674,121,买盘
2446,13:03:00,12.36,68033,55,卖盘
2447,13:03:03,12.36,28448,23,卖盘
2448,13:03:06,12.36,48204,39,卖盘
2449,13:03:09,12.37,23498,19,买盘
2450,13:03:12,12.37,452536,366,买盘
2451,13:03:15,12.37,350018,283,买盘
2452,13:03:18,12.37,170706,138,买盘
2453,13:03:21,12.37,124892,101,买盘
2454,13:03:24,12.37,32162,26,买盘
2455,13:03:27,12.37,410634,332,买盘
2456,13:03:30,12.36,8657,7,卖盘
2457,13:03:33,12.37,162006,131,买盘
2458,13:03:36,12.37,237495,192,买盘
2459,13:03:39,12.37,27207,22,买盘
2460,13:03:42,12.37,1403935,1135,买盘
2461,13:03:45,12.36,164429,133,卖盘
2462,13:03:48,12.37,180522,146,买盘
2463,13:03:51,12.37,404320,327,买盘
2464,13:03:54,12.37,7422,6,买盘
2465,13:03:57,12.37,33390,27,买盘
2466,13:04:00,12.36,76688,62,卖盘
2467,13:04:03,12.37,35873,29,买盘
2468,13:04:06,12.37,35868,29,买盘
2469,13:04:09,12.36,28436,23,卖盘
2470,13:04:12,12.37,51951,42,买盘
2471,13:04:15,12.37,133566,108,买盘
2472,13:04:18,12.36,332749,269,卖盘
2473,13:04:21,12.37,106364,86,买盘
2474,13:04:24,12.36,51931,42,卖盘
2475,13:04:27,12.36,81630,66,卖盘
2476,13:04:30,12.37,363500,294,买盘
2477,13:04:33,12.36,39556,32,卖盘
2478,13:04:36,12.37,171838,139,买盘
2479,13:04:39,12.37,106358,86,买盘
2480,13:04:42,12.37,169466,137,买盘
2481,13:04:45,12.36,19786,16,卖盘
2482,13:04:48,12.36,356242,288,卖盘
2483,13:04:51,12.37,137295,111,买盘
2484,13:04:54,12.36,105125,85,卖盘
2485,13:04:57,12.37,14837,12,买盘
2486,13:05:00,12.36,48241,39,卖盘
2487,13:05:03,12.36,19785,16,卖盘
2488,13:05:06,12.36,1236,1,卖盘
2489,13:05:09,12.37,2106611,1703,买盘
2490,13:05:12,12.37,563925,456,买盘
2491,13:05:15,12.37,79148,64,买盘
2492,13:05:18,12.37,60613,49,买盘
2493,13:05:21,12.37,209053,169,买盘
2494,13:05:24,12.37,121227,98,买盘
2495,13:05:27,12.37,131119,106,卖盘
2496,13:05:30,12.37,455216,368,买盘
2497,13:05:33,12.37,180629,146,卖盘
2498,13:05:36,12.37,792926,641,卖盘
2499,13:05:39,12.37,336474,272,买盘
2500,13:05:42,12.37,129885,105,卖盘
2501,13:05:45,12.37,111330,90,卖盘
2502,13:05:48,12.38,68040,55,买盘
2503,13:05:51,12.38,190503,154,买盘
2504,13:05:54,12.37,145966,118,卖盘
2505,13:05:57,12.37,17322,14,卖盘
2506,13:06:00,12.37,6185,5,卖盘
2507,13:06:03,12.37,23503,19,卖盘
2508,13:06:06,12.38,125008,101,买盘
2509,13:06:09,12.37,201633,163,卖盘
2510,13:06:12,12.38,29698,24,买盘
2511,13:06:15,12.38,116366,94,买盘
2512,13:06:18,12.38,94086,76,买盘
2513,13:06:21,12.38,28459,23,买盘
2514,13:06:24,12.38,39596,32,买盘
2515,13:06:27,12.38,1267931,1025,买盘
2516,13:06:30,12.37,241220,195,卖盘
2517,13:06:33,12.38,128752,104,买盘
2518,13:06:36,12.37,44541,36,卖盘
2519,13:06:39,12.38,25985,21,买盘
2520,13:06:42,12.37,1610632,1302,卖盘
2521,13:06:45,12.38,6190,5,买盘
2522,13:06:48,12.37,278345,225,卖盘
2523,13:06:51,12.37,38347,31,卖盘
2524,13:06:54,12.38,143497,116,买盘
2525,13:06:57,12.37,4948,4,卖盘
2526,13:07:00,12.37,1237,1,卖盘
2527,13:07:03,12.37,34650,28,卖盘
2528,13:07:06,12.38,8663,7,买盘
2529,13:07:09,12.37,13609,11,卖盘
2530,13:07:12,12.38,189262,153,买盘
2531,13:07:15,12.37,222660,180,卖盘
2532,13:07:18,12.37,95321,77,卖盘
2533,13:07:21,12.37,4138548,3343,卖盘
2534,13:07:24,12.37,8661,7,卖盘
2535,13:07:27,12.38,111342,90,买盘
2536,13:07:30,12.37,40829,33,卖盘
2537,13:07:33,12.37,9898,8,卖盘
2538,13:07:36,12.37,137336,111,卖盘
2539,13:07:39,12.37,45793,37,卖盘
2540,13:07:42,12.38,76753,62,买盘
2541,13:07:45,12.37,4949,4,卖盘
2542,13:07:48,12.38,3114794,2516,买盘
2543,13:07:51,12.37,232592,188,卖盘
2544,13:07:54,12.38,360004,291,买盘
2545,13:07:57,12.38,70562,57,买盘
2546,13:08:00,12.38,303306,245,买盘
2547,13:08:03,12.38,178266,144,买盘
2548,13:08:06,12.38,72998,59,买盘
2549,13:08:09,12.38,82939,67,买盘
2550,13:08:12,12.37,110153,89,卖盘
2551,13:08:15,12.37,42088,34,卖盘
2552,13:08:18,12.38,55707,45,买盘
2553,13:08:21,12.38,258734,209,买盘
2554,13:08:24,12.37,1266451,1023,卖盘
2555,13:08:27,12.37,9898,8,卖盘
2556,13:08:30,12.38,2597763,2100,买盘
2557,13:08:33,12.37,898074,726,卖盘
2558,13:08:36,12.37,87827,71,卖盘
2559,13:08:39,12.37,3711,3,卖盘
2560,13:08:42,12.37,267404,216,卖盘
2561,13:08:45,12.37,42084,34,卖盘
2562,13:08:48,12.37,118784,96,卖盘
2563,13:08:51,12.37,1277821,1033,卖盘
2564,13:08:54,12.37,148531,120,卖盘
2565,13:08:57,12.38,336719,272,买盘
2566,13:09:00,12.37,29688,24,卖盘
2567,13:09:03,12.37,9898,8,卖盘
2568,13:09:06,12.37,4948,4,卖盘
2569,13:09:09,12.38,13608,11,买盘
2570,13:09:12,12.37,207831,168,卖盘
2571,13:09:15,12.37,79228,64,卖盘
2572,13:09:18,12.37,19792,16,卖盘
2573,13:09:21,12.37,14851,12,卖盘
2574,13:09:24,12.37,627254,507,卖盘
2575,13:09:27,12.37,61865,50,卖盘
2576,13:09:30,12.37,17318,14,卖盘
2577,13:09:33,12.38,74275,60,买盘
2578,13:09:36,12.37,50749,41,卖盘
2579,13:09:39,12.37,14853,12,卖盘
2580,13:09:42,12.37,482435,390,卖盘
2581,13:09:45,12.37,144739,117,卖盘
2582,13:09:48,12.38,2111562,1707,买盘
2583,13:09:51,12.36,9364103,7570,卖盘
2584,13:09:54,12.36,141014,114,卖盘
2585,13:09:57,12.36,1378114,1114,卖盘
2586,13:10:00,12.36,71720,58,卖盘
2587,13:10:03,12.36,94009,76,卖盘
2588,13:10:06,12.36,64312,52,卖盘
2589,13:10:09,12.37,164517,133,买盘
2590,13:10:12,12.37,11130,9,买盘
2591,13:10:15,12.36,182968,148,卖盘
2592,13:10:18,12.37,16077,13,买盘
2593,13:10:21,12.36,63083,51,卖盘
2594,13:10:24,12.37,352541,285,买盘
2595,13:10:27,12.37,284507,230,买盘
2596,13:10:30,12.36,21013,17,卖盘
2597,13:10:33,12.36,259618,210,卖盘
2598,13:10:36,12.36,43276,35,卖盘
2599,13:10:39,12.36,131110,106,卖盘
2600,13:10:42,12.37,221363,179,买盘
2601,13:10:45,12.36,4944,4,卖盘
2602,13:10:48,12.36,88992,72,卖盘
2603,13:10:51,12.36,19786,16,卖盘
2604,13:10:54,12.36,14832,12,卖盘
2605,13:10:57,12.36,69269,56,卖盘
2606,13:11:00,12.36,139718,113,卖盘
2607,13:11:03,12.36,520568,421,卖盘
2608,13:11:06,12.36,23494,19,卖盘
2609,13:11:09,12.36,51938,42,卖盘
2610,13:11:12,12.36,1446157,1170,卖盘
2611,13:11:15,12.36,343687,278,卖盘
2612,13:11:18,12.37,1515266,1225,买盘
2613,13:11:21,12.37,96449,78,买盘
2614,13:11:24,12.37,29685,24,买盘
2615,13:11:27,12.36,53185,43,卖盘
2616,13:11:30,12.36,410681,332,卖盘
2617,13:11:33,12.36,61846,50,卖盘
2618,13:11:36,12.37,326550,264,买盘
2619,13:11:39,12.36,19787,16,卖盘
2620,13:11:42,12.37,164491,133,买盘
2621,13:11:45,12.36,21024,17,卖盘
2622,13:11:48,12.36,9892,8,卖盘
2623,13:11:51,12.36,296652,240,卖盘
2624,13:11:54,12.37,693930,561,买盘
2625,13:11:57,12.36,8653,7,卖盘
2626,13:12:00,12.36,105077,85,卖盘
2627,13:12:03,12.37,241110,195,买盘
2628,13:12:06,12.37,169385,137,买盘
2629,13:12:09,12.37,29677,24,买盘
2630,13:12:12,12.36,71702,58,卖盘
2631,13:12:15,12.37,69258,56,买盘
2632,13:12:18,12.36,2457202,1988,卖盘
2633,13:12:21,12.36,43276,35,卖盘
2634,13:12:24,12.36,170663,138,卖盘
2635,13:12:27,12.36,438818,355,卖盘
2636,13:12:30,12.36,43261,35,卖盘
2637,13:12:33,12.37,192819,156,买盘
2638,13:12:36,12.36,9889,8,卖盘
2639,13:12:39,12.36,7417,6,卖盘
2640,13:12:42,12.37,100120,81,买盘
2641,13:12:45,12.37,348568,282,买盘
2642,13:12:48,12.36,35868,29,卖盘
2643,13:12:51,12.36,638285,516,卖盘
2644,13:12:54,12.36,300538,243,卖盘
2645,13:12:57,12.37,166921,135,买盘
2646,13:13:00,12.36,1010487,817,卖盘
2647,13:13:03,12.37,91505,74,买盘
2648,13:13:06,12.37,43763,35,买盘
2649,13:13:09,12.37,346357,280,买盘
2650,13:13:12,12.36,224982,182,卖盘
2651,13:13:15,12.36,224956,182,卖盘
2652,13:13:18,12.36,119953,97,卖盘
2653,13:13:21,12.36,134813,109,卖盘
2654,13:13:24,12.36,121185,98,卖盘
2655,13:13:27,12.36,95183,77,卖盘
2656,13:13:30,12.36,540554,437,卖盘
2657,13:13:33,12.37,178124,144,买盘
2658,13:13:36,12.36,25972,21,卖盘
2659,13:13:39,12.36,23500,19,卖盘
2660,13:13:42,12.36,454882,368,卖盘
2661,13:13:45,12.37,103843,84,买盘
2662,13:13:48,12.37,11130,9,买盘
2663,13:13:51,12.37,923887,747,买盘
2664,13:13:54,12.37,456450,369,买盘
2665,13:13:57,12.36,536704,434,卖盘
2666,13:14:00,12.37,119982,97,买盘
2667,13:14:03,12.36,395832,320,卖盘
2668,13:14:06,12.37,150910,122,买盘
2669,13:14:09,12.36,55635,45,卖盘
2670,13:14:12,12.37,380972,308,买盘
2671,13:14:15,12.37,2053576,1661,买盘
2672,13:14:18,12.37,384703,311,买盘
2673,13:14:21,12.37,431708,349,买盘
2674,13:14:24,12.36,152054,123,卖盘
2675,13:14:27,12.37,141019,114,买盘
2676,13:14:30,12.36,356210,288,卖盘
2677,13:14:33,12.36,431676,349,卖盘
2678,13:14:36,12.37,200290,162,买盘
2679,13:14:39,12.37,69273,56,买盘
2680,13:14:42,12.36,33396,27,卖盘
2681,13:14:45,12.37,40814,33,买盘
2682,13:14:48,12.36,276996,224,卖盘
2683,13:14:51,12.37,49478,40,买盘
2684,13:14:54,12.36,105138,85,卖盘
2685,13:14:57,12.36,42042,34,卖盘
2686,13:15:00,12.36,70499,57,卖盘
2687,13:15:03,12.36,53175,43,卖盘
2688,13:15:06,12.37,145918,118,买盘
2689,13:15:09,12.36,107615,87,卖盘
2690,13:15:12,12.37,270736,219,买盘
2691,13:15:15,12.36,114978,93,卖盘
2692,13:15:18,12.37,103895,84,买盘
2693,13:15:21,12.37,301786,244,买盘
2694,13:15:24,12.37,1297613,1049,买盘
2695,13:15:27,12.37,902996,730,卖盘
2696,13:15:30,12.38,179368,145,买盘
2697,13:15:33,12.38,137289,111,买盘
2698,13:15:36,12.37,126168,102,中性盘
2699,13:15:39,12.37,350055,283,买盘
2700,13:15:42,12.37,227611,184,买盘
2701,13:15:45,12.37,332738,269,卖盘
2702,13:15:48,12.37,113817,92,卖盘
2703,13:15:51,12.37,361202,292,卖盘
2704,13:15:54,12.37,367398,297,买盘
2705,13:15:57,12.37,576461,466,卖盘
2706,13:16:00,12.37,577775,467,卖盘
2707,13:16:03,12.38,122465,99,买盘
2708,13:16:06,12.37,24744,20,卖盘
2709,13:16:09,12.37,19793,16,卖盘
2710,13:16:12,12.37,200470,162,卖盘
2711,13:16:15,12.38,620976,502,买盘
2712,13:16:18,12.38,165774,134,买盘
2713,13:16:21,12.38,134938,109,买盘
2714,13:16:24,12.37,284511,230,卖盘
2715,13:16:27,12.37,55666,45,卖盘
2716,13:16:30,12.37,50734,41,卖盘
2717,13:16:33,12.37,1969376,1592,卖盘
2718,13:16:36,12.36,408216,330,卖盘
2719,13:16:39,12.37,201627,163,买盘
2720,13:16:42,12.37,215202,174,卖盘
2721,13:16:45,12.37,101395,82,卖盘
2722,13:16:48,12.36,154623,125,卖盘
2723,13:16:51,12.36,390874,316,卖盘
2724,13:16:54,12.37,143457,116,买盘
2725,13:16:57,12.37,287006,232,买盘
2726,13:17:00,12.36,89075,72,卖盘
2727,13:17:03,12.36,202861,164,卖盘
2728,13:17:06,12.37,134772,109,买盘
2729,13:17:09,12.37,202849,164,买盘
2730,13:17:12,12.37,258533,209,卖盘
2731,13:17:15,12.36,112490,91,卖盘
2732,13:17:18,12.37,113777,92,买盘
2733,13:17:21,12.37,200388,162,买盘
2734,13:17:24,12.36,133493,108,卖盘
2735,13:17:27,12.36,138504,112,卖盘
2736,13:17:30,12.36,114986,93,卖盘
2737,13:17:33,12.37,53157,43,买盘
2738,13:17:36,12.36,71730,58,卖盘
2739,13:17:39,12.36,124852,101,卖盘
2740,13:17:42,12.36,101375,82,卖盘
2741,13:17:45,12.36,2657421,2150,卖盘
2742,13:17:48,12.36,698345,565,卖盘
2743,13:17:51,12.36,368339,298,卖盘
2744,13:17:54,12.37,283078,229,买盘
2745,13:17:57,12.37,91517,74,买盘
2746,13:18:00,12.37,56897,46,买盘
2747,13:18:03,12.37,278203,225,买盘
2748,13:18:06,12.36,128645,104,卖盘
2749,13:18:09,12.36,11130,9,卖盘
2750,13:18:12,12.36,165755,134,卖盘
2751,13:18:15,12.36,280791,227,卖盘
2752,13:18:18,12.36,9892,8,卖盘
2753,13:18:21,12.36,46972,38,卖盘
2754,13:18:24,12.36,28448,23,卖盘
2755,13:18:27,12.37,28448,23,买盘
2756,13:18:30,12.36,17315,14,卖盘
2757,13:18:33,12.37,264506,214,买盘
2758,13:18:36,12.36,137304,111,卖盘
2759,13:18:39,12.37,53188,43,买盘
2760,13:18:42,12.36,7418,6,卖盘
2761,13:18:45,12.37,48232,39,买盘
2762,13:18:48,12.37,129862,105,买盘
2763,13:18:51,12.37,110038,89,买盘
2764,13:18:54,12.36,203959,165,卖盘
2765,13:18:57,12.36,30921,25,卖盘
2766,13:19:00,12.37,246124,199,买盘
2767,13:19:03,12.37,1537586,1243,买盘
2768,13:19:06,12.37,25973,21,买盘
2769,13:19:09,12.36,161932,131,卖盘
2770,13:19:12,12.36,395574,320,卖盘
2771,13:19:15,12.36,68031,55,卖盘
2772,13:19:18,12.36,28432,23,卖盘
2773,13:19:21,12.36,30901,25,卖盘
2774,13:19:24,12.37,579729,469,买盘
2775,13:19:27,12.36,16078,13,卖盘
2776,13:19:30,12.36,106367,86,卖盘
2777,13:19:33,12.36,246043,199,卖盘
2778,13:19:36,12.37,32148,26,买盘
2779,13:19:39,12.37,107566,87,买盘
2780,13:19:42,12.37,6182,5,买盘
2781,13:19:45,12.36,188003,152,卖盘
2782,13:19:48,12.36,34632,28,卖盘
2783,13:19:51,12.36,224963,182,卖盘
2784,13:19:54,12.37,25974,21,买盘
2785,13:19:57,12.36,170573,138,卖盘
2786,13:20:00,12.36,44523,36,卖盘
2787,13:20:03,12.36,661378,535,卖盘
2788,13:20:06,12.36,121134,98,卖盘
2789,13:20:09,12.36,75397,61,卖盘
2790,13:20:12,12.37,222615,180,买盘
2791,13:20:15,12.37,242418,196,买盘
2792,13:20:18,12.36,312757,253,卖盘
2793,13:20:21,12.36,4185103,3386,卖盘
2794,13:20:24,12.36,1123532,909,卖盘
2795,13:20:27,12.36,369656,299,卖盘
2796,13:20:30,12.37,184170,149,买盘
2797,13:20:33,12.37,1067906,864,买盘
2798,13:20:36,12.36,2554846,2067,卖盘
2799,13:20:39,12.36,729262,590,卖盘
2800,13:20:42,12.37,315181,255,买盘
2801,13:20:45,12.37,50699,41,买盘
2802,13:20:48,12.36,181694,147,卖盘
2803,13:20:51,12.36,1093195,884,卖盘
2804,13:20:54,12.36,108784,88,卖盘
2805,13:20:57,12.36,111255,90,卖盘
2806,13:21:00,12.37,248637,201,买盘
2807,13:21:03,12.37,3711,3,买盘
2808,13:21:06,12.36,169438,137,卖盘
2809,13:21:09,12.36,81577,66,卖盘
2810,13:21:12,12.36,46976,38,卖盘
2811,13:21:15,12.37,278236,225,买盘
2812,13:21:18,12.37,14843,12,买盘
2813,13:21:21,12.36,194164,157,卖盘
2814,13:21:24,12.36,289444,234,卖盘
2815,13:21:27,12.36,17315,14,卖盘
2816,13:21:30,12.37,97723,79,买盘
2817,13:21:33,12.36,105104,85,卖盘
2818,13:21:36,12.36,51912,42,卖盘
2819,13:21:39,12.37,55661,45,买盘
2820,13:21:42,12.36,274392,222,卖盘
2821,13:21:45,12.37,114988,93,买盘
2822,13:21:48,12.36,60601,49,卖盘
2823,13:21:51,12.36,38316,31,卖盘
2824,13:21:54,12.36,48205,39,卖盘
2825,13:21:57,12.36,164388,133,卖盘
2826,13:22:00,12.37,133547,108,买盘
2827,13:22:03,12.36,13606,11,卖盘
2828,13:22:06,12.36,283246,229,卖盘
2829,13:22:09,12.37,9896,8,买盘
2830,13:22:12,12.37,242414,196,买盘
2831,13:22:15,12.37,29675,24,买盘
2832,13:22:18,12.37,79108,64,买盘
2833,13:22:21,12.37,23491,19,买盘
2834,13:22:24,12.37,53169,43,买盘
2835,13:22:27,12.36,22248,18,卖盘
2836,13:22:30,12.37,43295,35,买盘
2837,13:22:33,12.36,88993,72,卖盘
2838,13:22:36,12.36,451167,365,卖盘
2839,13:22:39,12.37,648908,525,买盘
2840,13:22:42,12.36,95196,77,卖盘
2841,13:22:45,12.36,3708,3,卖盘
2842,13:22:48,12.36,330229,267,卖盘
2843,13:22:51,12.36,34608,28,卖盘
2844,13:22:54,12.37,110015,89,买盘
2845,13:23:00,12.37,98942,80,买盘
2846,13:23:03,12.36,321391,260,卖盘
2847,13:23:06,12.36,222600,180,卖盘
2848,13:23:09,12.36,37090,30,卖盘
2849,13:23:12,12.36,105070,85,卖盘
2850,13:23:15,12.37,3711,3,买盘
2851,13:23:21,12.36,1273105,1030,卖盘
2852,13:23:24,12.36,65528,53,卖盘
2853,13:23:27,12.37,117504,95,买盘
2854,13:23:30,12.37,22266,18,买盘
2855,13:23:33,12.37,25977,21,买盘
2856,13:23:36,12.37,261007,211,买盘
2857,13:23:39,12.37,215096,174,买盘
2858,13:23:42,12.37,63087,51,买盘
2859,13:23:45,12.36,69250,56,卖盘
2860,13:23:48,12.37,91534,74,买盘
2861,13:23:51,12.37,43275,35,买盘
2862,13:23:54,12.36,32157,26,卖盘
2863,13:23:57,12.37,42058,34,买盘
2864,13:24:00,12.36,18540,15,卖盘
2865,13:24:03,12.37,91490,74,买盘
2866,13:24:06,12.36,18540,15,卖盘
2867,13:24:09,12.37,12370,10,买盘
2868,13:24:12,12.37,191677,155,买盘
2869,13:24:15,12.37,1350154,1092,买盘
2870,13:24:18,12.37,80405,65,买盘
2871,13:24:21,12.36,60602,49,卖盘
2872,13:24:24,12.37,573540,464,买盘
2873,13:24:27,12.36,558996,452,卖盘
2874,13:24:30,12.37,54428,44,买盘
2875,13:24:33,12.37,30911,25,买盘
2876,13:24:36,12.37,28431,23,买盘
2877,13:24:39,12.36,132319,107,卖盘
2878,13:24:42,12.37,11133,9,买盘
2879,13:24:45,12.36,113730,92,卖盘
2880,13:24:48,12.36,1307488,1057,卖盘
2881,13:24:51,12.37,123618,100,买盘
2882,13:24:54,12.37,32150,26,买盘
2883,13:24:57,12.37,80353,65,买盘
2884,13:25:00,12.37,96486,78,买盘
2885,13:25:03,12.37,38323,31,买盘
2886,13:25:06,12.36,123632,100,卖盘
2887,13:25:09,12.37,145925,118,买盘
2888,13:25:12,12.37,37110,30,买盘
2889,13:25:15,12.37,1264438,1023,买盘
2890,13:25:18,12.36,237490,192,卖盘
2891,13:25:21,12.37,587536,475,买盘
2892,13:25:24,12.36,445288,360,卖盘
2893,13:25:27,12.37,119989,97,买盘
2894,13:25:30,12.36,13601,11,卖盘
2895,13:25:33,12.37,18555,15,买盘
2896,13:25:36,12.37,322857,261,买盘
2897,13:25:39,12.37,123624,100,买盘
2898,13:25:42,12.37,58135,47,买盘
2899,13:25:45,12.37,39575,32,买盘
2900,13:25:48,12.37,61850,50,买盘
2901,13:25:51,12.37,77926,63,买盘
2902,13:25:54,12.37,56902,46,买盘
2903,13:25:57,12.37,264718,214,买盘
2904,13:26:00,12.37,13607,11,买盘
2905,13:26:03,12.36,357231,289,卖盘
2906,13:26:06,12.37,81642,66,买盘
2907,13:26:09,12.37,46977,38,买盘
2908,13:26:12,12.37,101369,82,买盘
2909,13:26:15,12.37,98926,80,买盘
2910,13:26:18,12.37,121197,98,买盘
2911,13:26:21,12.37,102668,83,买盘
2912,13:26:24,12.37,33399,27,买盘
2913,13:26:27,12.37,108856,88,买盘
2914,13:26:30,12.37,4948,4,买盘
2915,13:26:33,12.37,49469,40,买盘
2916,13:26:36,12.36,74204,60,卖盘
2917,13:26:39,12.36,67990,55,卖盘
2918,13:26:42,12.36,352461,285,卖盘
2919,13:26:45,12.36,218927,177,卖盘
2920,13:26:48,12.37,79155,64,买盘
2921,13:26:51,12.36,56892,46,卖盘
2922,13:26:54,12.37,97689,79,买盘
2923,13:26:57,12.37,155862,126,买盘
2924,13:27:00,12.37,17318,14,买盘
2925,13:27:03,12.37,180570,146,买盘
2926,13:27:06,12.37,1042192,843,买盘
2927,13:27:09,12.36,744293,602,卖盘
2928,13:27:12,12.37,4465599,3610,买盘
2929,13:27:15,12.37,341526,276,卖盘
2930,13:27:18,12.37,153391,124,卖盘
2931,13:27:21,12.37,398314,322,卖盘
2932,13:27:24,12.37,1282769,1037,卖盘
2933,13:27:27,12.37,305564,247,卖盘
2934,13:27:30,12.37,147291,119,卖盘
2935,13:27:33,12.37,118818,96,卖盘
2936,13:27:36,12.38,63122,51,买盘
2937,13:27:42,12.37,123716,100,卖盘
2938,13:27:45,12.38,28474,23,买盘
2939,13:27:48,12.38,38348,31,买盘
2940,13:27:51,12.37,16082,13,卖盘
2941,13:27:54,12.37,393651,318,卖盘
2942,13:27:57,12.38,39601,32,买盘
2943,13:28:00,12.38,75458,61,买盘
2944,13:28:03,12.38,279635,226,买盘
2945,13:28:06,12.38,339117,274,买盘
2946,13:28:09,12.37,60629,49,卖盘
2947,13:28:12,12.37,53191,43,卖盘
2948,13:28:15,12.37,75481,61,卖盘
2949,13:28:18,12.38,222719,180,买盘
2950,13:28:21,12.37,37110,30,卖盘
2951,13:28:24,12.38,178265,144,买盘
2952,13:28:27,12.38,8661,7,买盘
2953,13:28:30,12.38,678423,548,买盘
2954,13:28:33,12.38,8666,7,买盘
2955,13:28:36,12.38,146083,118,买盘
2956,13:28:39,12.37,37135,30,卖盘
2957,13:28:42,12.37,92831,75,卖盘
2958,13:28:45,12.37,1157432,935,卖盘
2959,13:28:48,12.38,33426,27,买盘
2960,13:28:51,12.37,175654,142,卖盘
2961,13:28:54,12.37,158341,128,卖盘
2962,13:28:57,12.38,49520,40,买盘
2963,13:29:00,12.38,180748,146,买盘
2964,13:29:03,12.37,2465356,1993,卖盘
2965,13:29:06,12.37,164525,133,卖盘
2966,13:29:09,12.37,38377,31,卖盘
2967,13:29:12,12.37,23503,19,卖盘
2968,13:29:15,12.38,81673,66,买盘
2969,13:29:18,12.37,192974,156,卖盘
2970,13:29:21,12.38,45798,37,买盘
2971,13:29:24,12.38,81708,66,买盘
2972,13:29:27,12.38,21046,17,买盘
2973,13:29:30,12.37,64325,52,卖盘
2974,13:29:33,12.37,34636,28,卖盘
2975,13:29:36,12.37,126210,102,卖盘
2976,13:29:39,12.37,307008,248,卖盘
2977,13:29:42,12.38,55688,45,买盘
2978,13:29:45,12.38,2043527,1652,买盘
2979,13:29:48,12.37,2247629,1817,卖盘
2980,13:29:51,12.37,319242,258,卖盘
2981,13:29:54,12.38,25993,21,买盘
2982,13:29:57,12.38,2476,2,买盘
2983,13:30:00,12.37,17319,14,卖盘
2984,13:30:03,12.38,195554,158,买盘
2985,13:30:06,12.38,318166,257,买盘
2986,13:30:09,12.37,21029,17,卖盘
2987,13:30:15,12.37,61874,50,卖盘
2988,13:30:18,12.37,128649,104,卖盘
2989,13:30:21,12.37,69277,56,卖盘
2990,13:30:24,12.38,24742,20,买盘
2991,13:30:27,12.37,64354,52,卖盘
2992,13:30:30,12.38,1859476,1502,买盘
2993,13:30:33,12.37,43318,35,卖盘
2994,13:30:36,12.38,21033,17,买盘
2995,13:30:39,12.37,243738,197,卖盘
2996,13:30:42,12.37,174542,141,卖盘
2997,13:30:45,12.37,125020,101,卖盘
2998,13:30:48,12.37,80405,65,卖盘
2999,13:30:51,12.37,462682,374,卖盘
3000,13:30:54,12.38,221502,179,买盘
3001,13:30:57,12.37,115052,93,卖盘
3002,13:31:00,12.38,1238,1,买盘
3003,13:31:03,12.37,108906,88,卖盘
3004,13:31:06,12.38,59422,48,买盘
3005,13:31:09,12.37,492649,398,卖盘
3006,13:31:12,12.38,133603,108,买盘
3007,13:31:15,12.38,162178,131,买盘
3008,13:31:18,12.38,38378,31,买盘
3009,13:31:21,12.38,385018,311,买盘
3010,13:31:24,12.38,81698,66,买盘
3011,13:31:27,12.37,1237,1,卖盘
3012,13:31:30,12.38,42092,34,买盘
3013,13:31:33,12.38,227779,184,买盘
3014,13:31:36,12.38,173260,140,买盘
3015,13:31:39,12.38,27221,22,买盘
3016,13:31:42,12.37,11137,9,卖盘
3017,13:31:45,12.38,123800,100,买盘
3018,13:31:48,12.38,37131,30,买盘
3019,13:31:51,12.38,3714,3,买盘
3020,13:31:54,12.38,1432331,1157,买盘
3021,13:31:57,12.38,1913890,1546,买盘
3022,13:32:00,12.38,594983,481,买盘
3023,13:32:03,12.38,770526,622,卖盘
3024,13:32:06,12.38,143608,116,买盘
