,成交时间,成交价格,成交金额,成交量,性质
0,09:25:00,23.38,360052,154,买盘
1,09:30:00,23.4,58458,25,买盘
2,09:30:03,23.38,359880,154,卖盘
3,09:30:06,23.31,88695,38,卖盘
4,09:30:09,23.37,28032,12,买盘
5,09:30:12,23.38,14022,6,买盘
6,09:30:15,23.38,70135,30,买盘
7,09:30:18,23.36,58413,25,卖盘
8,09:30:21,23.37,9348,4,中性盘
9,09:30:24,23.39,4678,2,买盘
10,09:30:27,23.39,72536,31,卖盘
11,09:30:30,23.4,21058,9,买盘
12,09:30:33,23.4,177809,76,买盘
13,09:30:36,23.41,154500,66,买盘
14,09:30:39,23.42,224819,96,买盘
15,09:30:42,23.45,67996,29,买盘
16,09:30:45,23.43,11717,5,卖盘
17,09:30:48,23.43,16407,7,卖盘
18,09:30:51,23.48,2348,1,买盘
19,09:30:54,23.44,4689,2,卖盘
20,09:30:57,23.48,44612,19,买盘
21,09:31:00,23.45,32841,14,卖盘
22,09:31:03,23.48,150296,64,卖盘
23,09:31:06,23.46,14082,6,卖盘
24,09:31:09,23.5,39903,17,买盘
25,09:31:12,23.48,122096,52,买盘
26,09:31:15,23.48,30514,13,买盘
27,09:31:18,23.49,30532,13,买盘
28,09:31:21,23.48,98636,42,卖盘
29,09:31:24,23.5,42268,18,买盘
30,09:31:27,23.49,4698,2,中性盘
31,09:31:30,23.49,82210,35,中性盘
32,09:31:33,23.51,289049,123,买盘
33,09:31:36,23.49,14097,6,卖盘
34,09:31:39,23.51,7055,3,中性盘
35,09:31:42,23.51,11752,5,买盘
36,09:31:45,23.49,68126,29,卖盘
37,09:31:48,23.48,347504,148,卖盘
38,09:31:51,23.46,25807,11,卖盘
39,09:31:54,23.48,35208,15,买盘
40,09:31:57,23.45,4690,2,卖盘
41,09:32:00,23.43,210969,90,卖盘
42,09:32:03,23.48,56237,24,买盘
43,09:32:06,23.45,7038,3,卖盘
44,09:32:09,23.48,14088,6,买盘
45,09:32:12,23.45,61010,26,卖盘
46,09:32:15,23.47,25805,11,买盘
47,09:32:18,23.47,272549,116,买盘
48,09:32:21,23.51,378398,161,中性盘
49,09:32:24,23.5,75215,32,卖盘
50,09:32:27,23.48,23493,10,卖盘
51,09:32:30,23.48,21132,9,卖盘
52,09:32:33,23.48,25826,11,买盘
53,09:32:36,23.48,28201,12,买盘
54,09:32:39,23.48,4696,2,卖盘
55,09:32:42,23.47,305220,130,卖盘
56,09:32:45,23.48,4694,2,中性盘
57,09:32:48,23.49,382796,163,卖盘
58,09:32:51,23.48,18791,8,卖盘
59,09:32:54,23.48,65746,28,卖盘
60,09:32:57,23.48,23480,10,买盘
61,09:33:00,23.48,25828,11,买盘
62,09:33:03,23.49,458022,195,买盘
63,09:33:06,23.48,21839,9,卖盘
64,09:33:09,23.48,28176,12,卖盘
65,09:33:12,23.48,7044,3,卖盘
66,09:33:18,23.48,7046,3,卖盘
67,09:33:21,23.5,21146,9,买盘
68,09:33:24,23.49,30541,13,卖盘
69,09:33:27,23.5,77520,33,买盘
70,09:33:30,23.49,61075,26,卖盘
71,09:33:33,23.49,35235,15,买盘
72,09:33:36,23.49,7047,3,买盘
73,09:33:39,23.48,30532,13,卖盘
74,09:33:42,23.49,49324,21,买盘
75,09:33:45,23.48,192584,82,卖盘
76,09:33:48,23.5,9400,4,买盘
77,09:33:51,23.5,32900,14,买盘
78,09:33:54,23.5,51717,22,卖盘
79,09:33:57,23.51,9404,4,买盘
80,09:34:00,23.51,79921,34,卖盘
81,09:34:03,23.51,61113,26,卖盘
82,09:34:06,23.5,9400,4,卖盘
83,09:34:12,23.47,594159,253,卖盘
84,09:34:15,23.45,44621,19,卖盘
85,09:34:18,23.45,23470,10,卖盘
86,09:34:21,23.45,4690,2,卖盘
87,09:34:24,23.45,46896,20,卖盘
88,09:34:27,23.44,2344,1,卖盘
89,09:34:30,23.45,4690,2,买盘
90,09:34:33,23.45,9377,4,买盘
91,09:34:36,23.44,51569,22,卖盘
92,09:34:39,23.45,4690,2,买盘
93,09:34:42,23.44,28128,12,卖盘
94,09:34:45,23.44,9376,4,卖盘
95,09:34:48,23.43,159384,68,卖盘
96,09:34:51,23.43,4686,2,卖盘
97,09:34:57,23.43,4686,2,卖盘
98,09:35:00,23.44,82019,35,中性盘
99,09:35:03,23.44,14066,6,卖盘
100,09:35:06,23.43,67977,29,卖盘
101,09:35:12,23.45,21098,9,买盘
102,09:35:15,23.43,65610,28,卖盘
103,09:35:21,23.43,35145,15,卖盘
104,09:35:24,23.43,35614,15,卖盘
105,09:35:30,23.43,21087,9,卖盘
106,09:35:33,23.43,63266,27,卖盘
107,09:35:36,23.44,255436,109,买盘
108,09:35:39,23.45,7035,3,买盘
109,09:35:42,23.44,25787,11,卖盘
110,09:35:45,23.44,28136,12,卖盘
111,09:35:48,23.44,222774,95,卖盘
112,09:35:51,23.46,7038,3,买盘
113,09:35:54,23.48,2348,1,买盘
114,09:35:57,23.47,9388,4,中性盘
115,09:36:00,23.46,4692,2,卖盘
116,09:36:03,23.47,16429,7,卖盘
117,09:36:06,23.47,23470,10,卖盘
118,09:36:09,23.46,110305,47,卖盘
119,09:36:12,23.46,32844,14,卖盘
120,09:36:15,23.45,7035,3,卖盘
121,09:36:21,23.46,105532,45,买盘
122,09:36:24,23.46,75080,32,中性盘
123,09:36:27,23.46,39882,17,买盘
124,09:36:30,23.46,28149,12,买盘
125,09:36:33,23.46,21115,9,卖盘
126,09:36:36,23.46,126746,54,卖盘
127,09:36:39,23.46,7038,3,卖盘
128,09:36:45,23.47,4694,2,卖盘
129,09:36:48,23.48,79781,34,买盘
130,09:36:51,23.46,25816,11,卖盘
131,09:36:57,23.47,241811,103,买盘
132,09:37:00,23.48,7746,3,买盘
133,09:37:06,23.48,23488,10,卖盘
134,09:37:09,23.48,14093,6,卖盘
135,09:37:12,23.48,7044,3,卖盘
136,09:37:15,23.48,4696,2,卖盘
137,09:37:18,23.48,42264,18,卖盘
138,09:37:21,23.46,29806,13,卖盘
139,09:37:24,23.47,68766,29,买盘
140,09:37:27,23.47,72786,31,卖盘
141,09:37:30,23.48,58712,25,买盘
142,09:37:36,23.48,16436,7,卖盘
143,09:37:39,23.48,7044,3,卖盘
144,09:37:42,23.48,158021,67,卖盘
145,09:37:45,23.48,37574,16,卖盘
146,09:37:48,23.48,140880,60,卖盘
147,09:37:51,23.48,72798,31,卖盘
148,09:37:54,23.48,84528,36,卖盘
149,09:37:57,23.49,44614,19,买盘
150,09:38:00,23.49,68121,29,买盘
151,09:38:03,23.49,11745,5,买盘
152,09:38:06,23.48,2348,1,卖盘
153,09:38:12,23.49,39930,17,买盘
154,09:38:15,23.48,72098,31,卖盘
155,09:38:18,23.47,4694,2,卖盘
156,09:38:24,23.47,65012,28,卖盘
157,09:38:27,23.46,30511,13,卖盘
158,09:38:33,23.46,4692,2,卖盘
159,09:38:36,23.46,63342,27,卖盘
160,09:38:39,23.48,227675,97,买盘
161,09:38:42,23.45,2345,1,卖盘
162,09:38:45,23.45,4690,2,卖盘
163,09:38:48,23.45,11725,5,卖盘
164,09:38:51,23.45,56280,24,卖盘
165,09:38:54,23.44,9379,4,卖盘
166,09:38:57,23.45,28140,12,买盘
167,09:39:00,23.45,180586,77,买盘
168,09:39:03,23.44,2344,1,卖盘
169,09:39:06,23.44,2344,1,卖盘
170,09:39:09,23.44,9376,4,卖盘
171,09:39:12,23.44,126576,54,卖盘
172,09:39:15,23.44,4688,2,卖盘
173,09:39:18,23.45,42210,18,买盘
174,09:39:21,23.45,16418,7,卖盘
175,09:39:24,23.45,16417,7,卖盘
176,09:39:27,23.47,171310,73,买盘
177,09:39:30,23.47,2347,1,卖盘
178,09:39:39,23.47,96229,41,卖盘
179,09:39:42,23.44,2344,1,卖盘
180,09:39:45,23.47,624921,266,买盘
181,09:39:48,23.47,2347,1,卖盘
182,09:39:51,23.46,2346,1,卖盘
183,09:39:54,23.47,9388,4,卖盘
184,09:40:03,23.47,63377,27,卖盘
185,09:40:06,23.47,35205,15,买盘
186,09:40:09,23.48,25817,11,买盘
187,09:40:12,23.47,4694,2,买盘
188,09:40:18,23.46,2346,1,卖盘
189,09:40:21,23.44,72691,31,卖盘
190,09:40:24,23.44,16408,7,卖盘
191,09:40:27,23.46,25798,11,买盘
192,09:40:30,23.44,2344,1,卖盘
193,09:40:33,23.44,11720,5,卖盘
194,09:40:36,23.44,46886,20,卖盘
195,09:40:39,23.44,206272,88,卖盘
196,09:40:42,23.43,18747,8,卖盘
197,09:40:45,23.43,56232,24,卖盘
198,09:40:51,23.42,100745,43,卖盘
199,09:40:54,23.42,2342,1,卖盘
200,09:40:57,23.42,7026,3,卖盘
201,09:41:00,23.41,245895,105,卖盘
202,09:41:03,23.42,21078,9,买盘
203,09:41:06,23.4,91260,39,卖盘
204,09:41:09,23.4,18720,8,卖盘
205,09:41:12,23.4,46818,20,卖盘
206,09:41:15,23.4,224640,96,卖盘
207,09:41:18,23.38,25726,11,卖盘
208,09:41:21,23.37,2337,1,卖盘
209,09:41:27,23.36,81779,35,卖盘
210,09:41:30,23.37,86460,37,买盘
211,09:41:33,23.35,21015,9,卖盘
212,09:41:36,23.35,56056,24,卖盘
213,09:41:39,23.35,37361,16,买盘
214,09:41:42,23.37,116840,50,买盘
215,09:41:45,23.37,66605,29,卖盘
216,09:41:48,23.37,53751,23,卖盘
217,09:41:51,23.37,18696,8,卖盘
218,09:41:54,23.37,32718,14,卖盘
219,09:41:57,23.39,70170,30,买盘
220,09:42:00,23.4,16378,7,买盘
221,09:42:03,23.38,619617,265,卖盘
222,09:42:06,23.4,44460,19,卖盘
223,09:42:09,23.39,346140,148,卖盘
224,09:42:12,23.4,149702,64,中性盘
225,09:42:15,23.38,14030,6,卖盘
226,09:42:18,23.39,9354,4,中性盘
227,09:42:21,23.39,11694,5,买盘
228,09:42:24,23.38,4676,2,卖盘
229,09:42:27,23.39,264197,113,中性盘
230,09:42:30,23.39,28068,12,卖盘
231,09:42:33,23.39,121628,52,卖盘
232,09:42:36,23.38,4676,2,卖盘
233,09:42:39,23.38,25718,11,卖盘
234,09:42:45,23.38,9352,4,卖盘
235,09:42:48,23.38,30394,13,卖盘
236,09:42:51,23.39,180073,77,买盘
237,09:42:54,23.38,2427814,1040,卖盘
238,09:42:57,23.41,208320,89,买盘
239,09:43:00,23.38,81903,35,卖盘
240,09:43:09,23.39,4678,2,卖盘
241,09:43:12,23.39,84200,36,卖盘
242,09:43:15,23.39,4678,2,卖盘
243,09:43:18,23.39,2339,1,卖盘
244,09:43:24,23.38,116901,50,卖盘
245,09:43:27,23.36,88873,38,卖盘
246,09:43:30,23.34,511276,219,卖盘
247,09:43:36,23.36,49056,21,卖盘
248,09:43:39,23.36,49056,21,卖盘
249,09:43:42,23.36,11680,5,买盘
250,09:43:45,23.36,23359,10,卖盘
251,09:43:54,23.36,35040,15,卖盘
252,09:43:57,23.36,4672,2,卖盘
253,09:44:00,23.36,49056,21,卖盘
254,09:44:03,23.39,28066,12,买盘
255,09:44:06,23.38,21042,9,卖盘
256,09:44:12,23.36,2336,1,卖盘
257,09:44:15,23.36,93440,40,卖盘
258,09:44:18,23.36,233600,100,中性盘
259,09:44:21,23.37,77097,33,中性盘
260,09:44:24,23.36,49056,21,卖盘
261,09:44:30,23.37,2337,1,中性盘
262,09:44:33,23.36,273333,117,卖盘
263,09:44:36,23.36,203232,87,买盘
264,09:44:39,23.37,11682,5,中性盘
265,09:44:42,23.37,79458,34,卖盘
266,09:44:45,23.37,23370,10,卖盘
267,09:44:48,23.37,7011,3,卖盘
268,09:44:51,23.37,2337,1,卖盘
269,09:44:57,23.37,58435,25,卖盘
270,09:45:00,23.36,9344,4,卖盘
271,09:45:03,23.36,10747,5,卖盘
272,09:45:06,23.36,11680,5,卖盘
273,09:45:09,23.36,9344,4,卖盘
274,09:45:12,23.36,2336,1,卖盘
275,09:45:15,23.36,75686,32,卖盘
276,09:45:18,23.35,9340,4,卖盘
277,09:45:24,23.35,7005,3,卖盘
278,09:45:30,23.36,172864,74,买盘
279,09:45:33,23.36,53706,23,买盘
280,09:45:36,23.35,66809,29,卖盘
281,09:45:39,23.35,123759,53,卖盘
282,09:45:42,23.35,7005,3,卖盘
283,09:45:45,23.37,266362,114,买盘
284,09:45:48,23.39,277946,119,买盘
285,09:45:51,23.35,25690,11,卖盘
286,09:45:54,23.35,2335,1,卖盘
287,09:46:00,23.35,30355,13,卖盘
288,09:46:03,23.35,30355,13,卖盘
289,09:46:06,23.35,46700,20,卖盘
290,09:46:09,23.35,123755,53,卖盘
291,09:46:12,23.35,16345,7,卖盘
292,09:46:15,23.35,16345,7,卖盘
293,09:46:18,23.34,42023,18,卖盘
294,09:46:21,23.35,23348,10,买盘
295,09:46:24,23.33,30333,13,卖盘
296,09:46:27,23.35,37357,16,买盘
297,09:46:30,23.33,7003,3,卖盘
298,09:46:33,23.33,4666,2,卖盘
299,09:46:36,23.33,126081,54,卖盘
300,09:46:39,23.35,7004,3,买盘
301,09:46:42,23.33,34995,15,买盘
302,09:46:48,23.32,254189,109,卖盘
303,09:46:51,23.34,25669,11,买盘
304,09:46:54,23.33,18670,8,卖盘
305,09:46:57,23.33,2333,1,卖盘
306,09:47:03,23.31,135242,58,卖盘
307,09:47:06,23.33,46660,20,买盘
308,09:47:09,23.31,53633,23,卖盘
309,09:47:12,23.33,34985,15,买盘
310,09:47:15,23.32,18661,8,卖盘
311,09:47:18,23.31,32650,14,卖盘
312,09:47:21,23.31,11655,5,卖盘
313,09:47:24,23.31,51282,22,卖盘
314,09:47:27,23.31,114219,49,卖盘
315,09:47:30,23.31,95591,41,卖盘
316,09:47:33,23.3,971832,417,卖盘
317,09:47:36,23.31,27971,12,中性盘
318,09:47:45,23.33,317242,136,买盘
319,09:47:48,23.32,49032,21,中性盘
320,09:48:00,23.33,86317,37,卖盘
321,09:48:03,23.33,118983,51,卖盘
322,09:48:06,23.33,34995,15,卖盘
323,09:48:09,23.33,51326,22,卖盘
324,09:48:21,23.33,62970,27,买盘
325,09:48:27,23.33,18662,8,买盘
326,09:48:30,23.32,2332,1,卖盘
327,09:48:36,23.32,226262,97,卖盘
328,09:48:39,23.32,2332,1,卖盘
329,09:48:42,23.33,48993,21,中性盘
330,09:48:45,23.34,25674,11,买盘
331,09:48:48,23.33,2333,1,卖盘
332,09:48:54,23.33,163320,70,卖盘
333,09:48:57,23.35,79387,34,买盘
334,09:49:00,23.35,58371,25,中性盘
335,09:49:03,23.35,95735,41,卖盘
336,09:49:06,23.36,233600,100,中性盘
337,09:49:09,23.34,4669,2,卖盘
338,09:49:12,23.36,7008,3,卖盘
339,09:49:18,23.36,37376,16,买盘
340,09:49:21,23.36,14016,6,卖盘
341,09:49:30,23.36,2336,1,卖盘
342,09:49:33,23.37,7011,3,买盘
343,09:49:36,23.36,21024,9,卖盘
344,09:49:39,23.36,18688,8,卖盘
345,09:49:42,23.36,18688,8,卖盘
346,09:49:45,23.36,105120,45,卖盘
347,09:49:48,23.35,11675,5,卖盘
348,09:49:51,23.34,189127,81,卖盘
349,09:49:54,23.33,18671,8,卖盘
350,09:49:57,23.33,6999,3,卖盘
351,09:50:00,23.35,7003,3,中性盘
352,09:50:06,23.33,9332,4,卖盘
353,09:50:09,23.36,4672,2,买盘
354,09:50:12,23.33,2333,1,卖盘
355,09:50:15,23.33,2333,1,卖盘
356,09:50:21,23.34,4668,2,卖盘
357,09:50:24,23.34,546803,234,中性盘
358,09:50:27,23.38,2338,1,买盘
359,09:50:30,23.35,46700,20,卖盘
360,09:50:33,23.35,9340,4,卖盘
361,09:50:39,23.35,14010,6,卖盘
362,09:50:42,23.35,37360,16,卖盘
363,09:50:45,23.33,28002,12,卖盘
364,09:50:48,23.35,28016,12,买盘
365,09:50:54,23.35,23350,10,卖盘
366,09:50:57,23.35,2335,1,卖盘
367,09:51:00,23.34,11670,5,卖盘
368,09:51:06,23.33,28003,12,卖盘
369,09:51:09,23.33,11665,5,卖盘
370,09:51:12,23.33,2333,1,卖盘
371,09:51:15,23.33,95653,41,卖盘
372,09:51:18,23.33,2333,1,卖盘
373,09:51:21,23.33,2333,1,卖盘
374,09:51:24,23.34,32670,14,买盘
375,09:51:27,23.33,2333,1,卖盘
376,09:51:30,23.33,4666,2,卖盘
377,09:51:33,23.33,135348,58,卖盘
378,09:51:39,23.34,7002,3,卖盘
379,09:51:45,23.37,18694,8,买盘
380,09:51:51,23.35,16345,7,中性盘
381,09:52:03,23.35,7005,3,卖盘
382,09:52:09,23.35,4671,2,卖盘
383,09:52:12,23.35,14013,6,卖盘
384,09:52:15,23.35,91066,39,卖盘
385,09:52:18,23.35,91065,39,卖盘
386,09:52:21,23.39,331944,142,买盘
387,09:52:30,23.38,14030,6,卖盘
388,09:52:33,23.38,11690,5,卖盘
389,09:52:42,23.37,7013,3,卖盘
390,09:52:45,23.37,2337,1,卖盘
391,09:52:57,23.4,84234,36,买盘
392,09:53:00,23.4,49140,21,买盘
393,09:53:12,23.38,9352,4,卖盘
394,09:53:15,23.38,2338,1,卖盘
395,09:53:18,23.38,32732,14,卖盘
396,09:53:21,23.38,28066,12,卖盘
397,09:53:24,23.38,2338,1,卖盘
398,09:53:27,23.38,42084,18,卖盘
399,09:53:30,23.37,4674,2,卖盘
400,09:53:33,23.38,32730,14,买盘
401,09:53:36,23.37,11688,5,卖盘
402,09:53:39,23.37,7011,3,卖盘
403,09:53:42,23.37,39729,17,卖盘
404,09:53:45,23.36,2336,1,卖盘
405,09:53:54,23.39,91154,39,买盘
406,09:53:57,23.36,16352,7,中性盘
407,09:54:00,23.36,11680,5,买盘
408,09:54:03,23.37,2337,1,卖盘
409,09:54:12,23.37,4674,2,卖盘
410,09:54:18,23.37,2337,1,卖盘
411,09:54:24,23.37,14022,6,卖盘
412,09:54:27,23.37,7011,3,卖盘
413,09:54:33,23.37,2337,1,卖盘
414,09:54:39,23.37,2337,1,卖盘
415,09:54:42,23.35,112134,48,卖盘
416,09:54:54,23.35,212752,91,卖盘
417,09:55:00,23.36,4672,2,中性盘
418,09:55:03,23.36,11680,5,卖盘
419,09:55:06,23.36,46720,20,卖盘
420,09:55:12,23.35,21015,9,卖盘
421,09:55:15,23.35,7005,3,卖盘
422,09:55:18,23.35,28020,12,卖盘
423,09:55:21,23.35,49048,21,卖盘
424,09:55:24,23.35,53705,23,卖盘
425,09:55:27,23.34,126071,54,卖盘
426,09:55:30,23.34,23340,10,买盘
427,09:55:33,23.33,13998,6,卖盘
428,09:55:36,23.33,25663,11,卖盘
429,09:55:39,23.33,16331,7,卖盘
430,09:55:42,23.33,44337,19,卖盘
431,09:55:45,23.33,13998,6,卖盘
432,09:55:48,23.33,6999,3,卖盘
433,09:55:51,23.33,39661,17,卖盘
434,09:55:54,23.33,62991,27,卖盘
435,09:55:57,23.33,9332,4,卖盘
436,09:56:00,23.32,368557,158,卖盘
437,09:56:12,23.31,16317,7,卖盘
438,09:56:15,23.31,2331,1,卖盘
439,09:56:18,23.3,258719,111,卖盘
440,09:56:24,23.3,316882,136,卖盘
441,09:56:27,23.31,202724,87,中性盘
442,09:56:30,23.3,9323,4,卖盘
443,09:56:33,23.3,4660,2,卖盘
444,09:56:36,23.31,128157,55,买盘
445,09:56:39,23.31,18648,8,买盘
446,09:56:42,23.3,30291,13,卖盘
447,09:56:45,23.31,16314,7,买盘
448,09:56:48,23.31,25631,11,买盘
449,09:56:51,23.3,20970,9,卖盘
450,09:56:54,23.29,39603,17,卖盘
451,09:56:57,23.3,23300,10,中性盘
452,09:57:03,23.29,41922,18,卖盘
453,09:57:06,23.3,11650,5,买盘
454,09:57:12,23.29,23290,10,卖盘
455,09:57:18,23.28,232850,100,卖盘
456,09:57:27,23.28,179256,77,卖盘
457,09:57:30,23.28,90119,39,买盘
458,09:57:33,23.28,41904,18,卖盘
459,09:57:39,23.28,62856,27,卖盘
460,09:57:42,23.28,370152,159,卖盘
461,09:57:45,23.3,16302,7,买盘
462,09:57:48,23.28,4656,2,卖盘
463,09:57:51,23.29,4658,2,中性盘
464,09:57:54,23.3,253920,109,买盘
465,09:57:57,23.31,34960,15,买盘
466,09:58:03,23.3,102520,44,卖盘
467,09:58:06,23.3,174750,75,买盘
468,09:58:09,23.29,41922,18,卖盘
469,09:58:12,23.3,74560,32,买盘
470,09:58:15,23.29,20966,9,卖盘
471,09:58:18,23.3,4660,2,买盘
472,09:58:21,23.29,88510,38,中性盘
473,09:58:24,23.29,365653,157,中性盘
474,09:58:27,23.3,34936,15,买盘
475,09:58:30,23.28,228159,98,卖盘
476,09:58:33,23.27,465457,200,卖盘
477,09:58:36,23.27,44213,19,卖盘
478,09:58:39,23.27,32583,14,卖盘
479,09:58:42,23.28,51198,22,中性盘
480,09:58:45,23.27,2327,1,卖盘
481,09:58:48,23.26,13956,6,卖盘
482,09:58:51,23.26,60498,26,卖盘
483,09:58:54,23.26,116300,50,卖盘
484,09:58:57,23.27,623753,268,买盘
485,09:59:00,23.26,932743,401,卖盘
486,09:59:03,23.26,34903,15,卖盘
487,09:59:06,23.26,53518,23,卖盘
488,09:59:09,23.27,2327,1,中性盘
489,09:59:12,23.26,241909,104,卖盘
490,09:59:15,23.26,162821,70,卖盘
491,09:59:18,23.27,272254,117,买盘
492,09:59:21,23.26,69780,30,卖盘
493,09:59:24,23.27,411736,177,买盘
494,09:59:27,23.26,476876,205,卖盘
495,09:59:30,23.26,127931,55,卖盘
496,09:59:33,23.26,34895,15,卖盘
497,09:59:36,23.27,125655,54,买盘
498,09:59:39,23.26,55851,24,卖盘
499,09:59:42,23.27,4653,2,中性盘
500,09:59:45,23.28,16294,7,买盘
501,09:59:48,23.28,4656,2,卖盘
502,09:59:54,23.28,2328,1,卖盘
503,09:59:57,23.28,379168,163,卖盘
504,10:00:00,23.28,2328,1,买盘
505,10:00:03,23.27,47712,21,卖盘
506,10:00:06,23.28,37244,16,买盘
507,10:00:09,23.28,20952,9,卖盘
508,10:00:12,23.28,39576,17,卖盘
509,10:00:15,23.28,16296,7,卖盘
510,10:00:18,23.27,13966,6,卖盘
511,10:00:21,23.28,37939,16,买盘
512,10:00:24,23.3,86179,37,买盘
513,10:00:27,23.28,4656,2,卖盘
514,10:00:30,23.3,20967,9,买盘
515,10:00:33,23.28,18625,8,卖盘
516,10:00:36,23.28,153648,66,卖盘
517,10:00:39,23.28,27946,12,卖盘
518,10:00:42,23.28,4656,2,卖盘
519,10:00:48,23.28,11640,5,卖盘
520,10:00:51,23.28,55872,24,卖盘
521,10:00:54,23.28,6984,3,卖盘
522,10:00:57,23.28,88464,38,卖盘
523,10:01:00,23.28,4656,2,卖盘
524,10:01:03,23.28,25608,11,卖盘
525,10:01:09,23.28,25608,11,卖盘
526,10:01:12,23.28,60528,26,卖盘
527,10:01:15,23.28,153648,66,卖盘
528,10:01:18,23.28,253054,109,卖盘
529,10:01:21,23.26,11633,5,卖盘
530,10:01:24,23.26,4652,2,卖盘
531,10:01:27,23.26,46520,20,卖盘
532,10:01:30,23.26,58151,25,卖盘
533,10:01:33,23.26,51172,22,卖盘
534,10:01:42,23.26,16282,7,买盘
535,10:01:45,23.25,176705,76,卖盘
536,10:01:48,23.26,16279,7,中性盘
537,10:01:54,23.26,200037,86,卖盘
538,10:01:57,23.26,46520,20,卖盘
539,10:02:00,23.27,41882,18,买盘
540,10:02:06,23.29,30267,13,买盘
541,10:02:09,23.29,58224,25,买盘
542,10:02:12,23.29,58220,25,买盘
543,10:02:15,23.29,37260,16,买盘
544,10:02:18,23.28,377197,162,卖盘
545,10:02:21,23.28,27936,12,买盘
546,10:02:24,23.28,23280,10,买盘
547,10:02:27,23.28,48888,21,卖盘
548,10:02:30,23.28,18624,8,卖盘
549,10:02:33,23.28,11640,5,卖盘
550,10:02:36,23.28,23280,10,卖盘
551,10:02:39,23.27,39574,17,卖盘
552,10:02:42,23.27,60502,26,卖盘
553,10:02:45,23.27,2327,1,卖盘
554,10:02:48,23.27,2327,1,卖盘
555,10:02:51,23.27,25597,11,卖盘
556,10:02:54,23.27,9308,4,卖盘
557,10:02:57,23.28,6984,3,买盘
558,10:03:00,23.28,13968,6,卖盘
559,10:03:03,23.27,93097,40,卖盘
560,10:03:06,23.27,27929,12,卖盘
561,10:03:09,23.29,239868,103,买盘
562,10:03:12,23.28,16294,7,买盘
563,10:03:15,23.27,18616,8,卖盘
564,10:03:21,23.28,34910,15,买盘
565,10:03:24,23.27,130319,56,卖盘
566,10:03:27,23.26,23269,10,卖盘
567,10:03:30,23.27,32578,14,买盘
568,10:03:36,23.26,27912,12,卖盘
569,10:03:42,23.26,6978,3,卖盘
570,10:03:45,23.26,16282,7,卖盘
571,10:03:54,23.26,4652,2,卖盘
572,10:04:00,23.26,30238,13,卖盘
573,10:04:03,23.26,6978,3,卖盘
574,10:04:09,23.27,30251,13,买盘
575,10:04:12,23.26,134936,58,卖盘
576,10:04:15,23.28,9310,4,买盘
577,10:04:18,23.28,30264,13,买盘
578,10:04:21,23.29,9315,4,买盘
579,10:04:24,23.28,23280,10,卖盘
580,10:04:30,23.28,18624,8,买盘
581,10:04:33,23.28,51216,22,买盘
582,10:04:36,23.29,2329,1,买盘
583,10:04:39,23.3,60564,26,买盘
584,10:04:42,23.3,37280,16,买盘
585,10:04:45,23.29,88502,38,卖盘
586,10:04:48,23.28,4656,2,卖盘
587,10:04:51,23.29,9314,4,买盘
588,10:04:54,23.28,16296,7,卖盘
589,10:05:00,23.26,416451,179,卖盘
590,10:05:03,23.26,9304,4,卖盘
591,10:05:09,23.26,39554,17,卖盘
592,10:05:18,23.26,67454,29,卖盘
593,10:05:21,23.26,9304,4,卖盘
594,10:05:33,23.26,16282,7,卖盘
595,10:05:39,23.27,67474,29,买盘
596,10:05:42,23.27,11635,5,中性盘
597,10:05:45,23.26,2326,1,卖盘
598,10:05:48,23.26,6978,3,卖盘
599,10:05:51,23.26,2326,1,卖盘
600,10:05:54,23.26,11630,5,卖盘
601,10:05:57,23.27,13959,6,买盘
602,10:06:00,23.26,123278,53,卖盘
603,10:06:03,23.26,4652,2,卖盘
604,10:06:06,23.26,55824,24,卖盘
605,10:06:09,23.27,46540,20,买盘
606,10:06:12,23.26,30259,13,卖盘
607,10:06:15,23.26,4652,2,卖盘
608,10:06:18,23.27,2327,1,买盘
609,10:06:21,23.26,11630,5,卖盘
610,10:06:24,23.26,146538,63,卖盘
611,10:06:27,23.26,25589,11,卖盘
612,10:06:30,23.26,6978,3,卖盘
613,10:06:39,23.26,4652,2,卖盘
614,10:06:42,23.26,2326,1,卖盘
615,10:06:51,23.27,76778,33,买盘
616,10:07:03,23.28,153584,66,买盘
617,10:07:06,23.27,23270,10,卖盘
618,10:07:18,23.27,6981,3,卖盘
619,10:07:30,23.27,39559,17,卖盘
620,10:07:33,23.28,23280,10,买盘
621,10:07:36,23.28,6984,3,买盘
622,10:07:42,23.28,25608,11,卖盘
623,10:07:45,23.28,48888,21,买盘
624,10:07:51,23.29,13973,6,买盘
625,10:07:54,23.29,34935,15,卖盘
626,10:08:00,23.28,4656,2,卖盘
627,10:08:03,23.28,4656,2,卖盘
628,10:08:06,23.29,2329,1,买盘
629,10:08:15,23.29,2329,1,买盘
630,10:08:18,23.29,11645,5,卖盘
631,10:08:30,23.28,62863,27,卖盘
632,10:08:33,23.3,502856,216,买盘
633,10:08:39,23.3,23300,10,买盘
634,10:08:42,23.3,4660,2,买盘
635,10:08:45,23.29,4658,2,中性盘
636,10:08:48,23.28,11642,5,卖盘
637,10:08:51,23.29,13974,6,买盘
638,10:09:09,23.29,97818,42,卖盘
639,10:09:12,23.28,18629,8,卖盘
640,10:09:18,23.28,27936,12,卖盘
641,10:09:21,23.3,6986,3,买盘
642,10:09:30,23.3,25630,11,买盘
643,10:09:33,23.28,6984,3,卖盘
644,10:09:39,23.28,4656,2,卖盘
645,10:09:42,23.28,4656,2,卖盘
646,10:09:51,23.29,55896,24,买盘
647,10:09:57,23.28,11640,5,卖盘
648,10:10:00,23.28,116400,50,卖盘
649,10:10:06,23.29,2329,1,买盘
650,10:10:09,23.29,2329,1,买盘
651,10:10:15,23.28,2328,1,卖盘
652,10:10:21,23.28,25613,11,卖盘
653,10:10:27,23.28,2328,1,卖盘
654,10:10:30,23.29,2329,1,买盘
655,10:10:33,23.29,4658,2,卖盘
656,10:10:39,23.3,4660,2,买盘
657,10:10:48,23.28,25617,11,卖盘
658,10:11:03,23.28,23280,10,卖盘
659,10:11:06,23.28,39576,17,卖盘
660,10:11:09,23.28,123384,53,卖盘
661,10:11:15,23.28,39576,17,卖盘
662,10:11:18,23.28,6984,3,买盘
663,10:11:21,23.29,18631,8,买盘
664,10:11:27,23.27,309566,133,卖盘
665,10:11:30,23.27,137293,59,买盘
666,10:11:33,23.29,62878,27,买盘
667,10:11:36,23.29,13974,6,卖盘
668,10:11:51,23.3,4660,2,买盘
669,10:11:57,23.29,6987,3,卖盘
670,10:12:00,23.3,44256,19,买盘
671,10:12:03,23.26,525936,226,卖盘
672,10:12:06,23.27,18617,8,中性盘
673,10:12:09,23.26,4652,2,卖盘
674,10:12:12,23.28,11640,5,买盘
675,10:12:15,23.26,9304,4,卖盘
676,10:12:18,23.26,16282,7,卖盘
677,10:12:21,23.27,13961,6,中性盘
678,10:12:24,23.26,46520,20,卖盘
679,10:12:27,23.26,4652,2,卖盘
680,10:12:30,23.26,41868,18,卖盘
681,10:12:36,23.26,295402,127,卖盘
682,10:12:42,23.25,6975,3,卖盘
683,10:12:45,23.26,79080,34,买盘
684,10:12:48,23.25,285975,123,卖盘
685,10:12:51,23.26,6978,3,买盘
686,10:12:54,23.26,162818,70,买盘
687,10:12:57,23.25,216573,93,卖盘
688,10:13:00,23.25,2325,1,卖盘
689,10:13:06,23.25,32550,14,卖盘
690,10:13:09,23.26,95326,41,买盘
691,10:13:12,23.26,41852,18,买盘
692,10:13:15,23.26,9302,4,买盘
693,10:13:18,23.27,9308,4,买盘
694,10:13:24,23.26,72106,31,卖盘
695,10:13:27,23.26,2326,1,卖盘
696,10:13:39,23.27,23270,10,卖盘
697,10:13:51,23.27,23270,10,卖盘
698,10:14:03,23.27,6981,3,卖盘
699,10:14:06,23.27,4654,2,卖盘
700,10:14:15,23.27,6981,3,卖盘
701,10:14:27,23.27,2327,1,卖盘
702,10:14:30,23.27,2327,1,卖盘
703,10:14:36,23.27,25597,11,卖盘
704,10:14:42,23.27,69810,30,卖盘
705,10:14:48,23.27,41886,18,买盘
706,10:14:57,23.29,235029,101,买盘
707,10:15:00,23.29,39593,17,买盘
708,10:15:03,23.29,6987,3,买盘
709,10:15:06,23.29,6987,3,买盘
710,10:15:09,23.29,2329,1,买盘
711,10:15:12,23.27,25597,11,卖盘
712,10:15:15,23.27,20959,9,卖盘
713,10:15:18,23.29,13974,6,买盘
714,10:15:24,23.29,2329,1,卖盘
715,10:15:27,23.3,53579,23,买盘
716,10:15:30,23.3,4660,2,买盘
717,10:15:33,23.29,44261,19,卖盘
718,10:15:36,23.28,2328,1,卖盘
719,10:15:42,23.29,32606,14,买盘
720,10:15:45,23.29,107134,46,买盘
721,10:15:51,23.29,9316,4,卖盘
722,10:16:03,23.3,146790,63,买盘
723,10:16:06,23.3,111840,48,买盘
724,10:16:09,23.3,37280,16,买盘
725,10:16:12,23.3,41940,18,买盘
726,10:16:18,23.32,4664,2,买盘
727,10:16:21,23.32,144584,62,买盘
728,10:16:27,23.32,23320,10,买盘
729,10:16:33,23.3,2330,1,卖盘
730,10:16:42,23.32,6996,3,买盘
731,10:16:54,23.32,6996,3,买盘
732,10:17:00,23.3,456703,196,卖盘
733,10:17:03,23.32,16324,7,买盘
734,10:17:06,23.32,16324,7,买盘
735,10:17:09,23.32,44308,19,买盘
736,10:17:12,23.33,6999,3,买盘
737,10:17:15,23.32,44308,19,卖盘
738,10:17:18,23.32,2332,1,卖盘
739,10:17:27,23.31,2331,1,买盘
740,10:17:30,23.31,18648,8,卖盘
741,10:17:33,23.31,6993,3,卖盘
742,10:17:36,23.31,16316,7,中性盘
743,10:17:45,23.3,83880,36,卖盘
744,10:17:48,23.31,23310,10,买盘
745,10:17:57,23.29,2329,1,卖盘
746,10:18:03,23.3,249317,107,卖盘
747,10:18:06,23.29,6987,3,卖盘
748,10:18:09,23.3,2330,1,中性盘
749,10:18:15,23.29,58230,25,卖盘
750,10:18:21,23.3,13978,6,买盘
751,10:18:27,23.31,67599,29,买盘
752,10:18:30,23.31,25641,11,买盘
753,10:18:36,23.31,72261,31,买盘
754,10:18:39,23.3,18640,8,卖盘
755,10:18:42,23.3,60605,26,卖盘
756,10:18:45,23.3,4660,2,卖盘
757,10:18:54,23.3,6990,3,卖盘
758,10:19:00,23.31,11655,5,买盘
759,10:19:06,23.32,16324,7,买盘
760,10:19:09,23.32,18656,8,买盘
761,10:19:12,23.31,6993,3,卖盘
762,10:19:15,23.31,2331,1,卖盘
763,10:19:18,23.31,2331,1,卖盘
764,10:19:21,23.31,11655,5,卖盘
765,10:19:27,23.31,6993,3,卖盘
766,10:19:30,23.31,23310,10,卖盘
767,10:19:33,23.32,121216,52,买盘
768,10:19:36,23.32,9328,4,买盘
769,10:19:39,23.31,9324,4,卖盘
770,10:19:42,23.32,11659,5,买盘
771,10:19:45,23.31,9324,4,卖盘
772,10:19:48,23.31,146853,63,卖盘
773,10:19:57,23.3,46600,20,卖盘
774,10:20:09,23.31,2331,1,买盘
775,10:20:21,23.3,23300,10,卖盘
776,10:20:24,23.3,9320,4,卖盘
777,10:20:27,23.3,11650,5,卖盘
778,10:20:30,23.3,2330,1,买盘
779,10:20:33,23.3,11650,5,中性盘
780,10:20:36,23.29,13974,6,卖盘
781,10:20:39,23.29,6987,3,卖盘
782,10:20:42,23.29,109463,47,卖盘
783,10:20:45,23.29,37264,16,卖盘
784,10:20:48,23.29,2329,1,买盘
785,10:20:54,23.28,53544,23,卖盘
786,10:20:57,23.28,13968,6,卖盘
787,10:21:03,23.28,28172,12,卖盘
788,10:21:06,23.29,6987,3,买盘
789,10:21:09,23.29,169992,73,买盘
790,10:21:12,23.3,2330,1,买盘
791,10:21:27,23.29,41922,18,卖盘
792,10:21:30,23.3,76890,33,买盘
793,10:21:33,23.3,4660,2,买盘
794,10:21:39,23.3,4660,2,买盘
795,10:22:00,23.29,139740,60,卖盘
796,10:22:03,23.3,23300,10,买盘
797,10:22:06,23.3,41934,18,买盘
798,10:22:09,23.29,76826,33,中性盘
799,10:22:15,23.27,25597,11,卖盘
800,10:22:18,23.27,4654,2,卖盘
801,10:22:21,23.27,23270,10,卖盘
802,10:22:24,23.27,218835,94,卖盘
803,10:22:27,23.27,6981,3,买盘
804,10:22:30,23.26,81430,35,卖盘
805,10:22:33,23.26,11630,5,卖盘
806,10:22:36,23.26,4652,2,卖盘
807,10:23:00,23.26,2326,1,卖盘
808,10:23:03,23.25,246544,106,卖盘
809,10:23:09,23.25,537075,231,卖盘
810,10:23:15,23.28,74466,32,买盘
811,10:23:30,23.28,4656,2,买盘
812,10:23:33,23.28,23289,10,卖盘
813,10:23:36,23.29,13974,6,买盘
814,10:23:39,23.29,4658,2,买盘
815,10:23:42,23.29,27948,12,买盘
816,10:23:48,23.31,377483,162,买盘
817,10:24:03,23.31,25641,11,卖盘
818,10:24:06,23.3,86210,37,卖盘
819,10:24:12,23.29,121117,52,卖盘
820,10:24:15,23.29,11645,5,卖盘
821,10:24:18,23.3,4660,2,买盘
822,10:24:21,23.29,25620,11,卖盘
823,10:24:30,23.29,9316,4,卖盘
824,10:24:33,23.29,9316,4,买盘
825,10:24:42,23.29,9316,4,买盘
826,10:24:51,23.3,93166,40,买盘
827,10:24:57,23.29,2329,1,卖盘
828,10:25:03,23.29,83844,36,卖盘
829,10:25:12,23.29,67541,29,卖盘
830,10:25:15,23.3,107180,46,买盘
831,10:25:18,23.31,30294,13,买盘
832,10:25:21,23.31,2331,1,买盘
833,10:25:24,23.31,11655,5,买盘
834,10:25:27,23.32,15154,7,买盘
835,10:25:33,23.32,9328,4,买盘
836,10:25:57,23.31,6993,3,卖盘
837,10:26:00,23.31,45455,20,卖盘
838,10:26:03,23.31,32634,14,买盘
839,10:26:09,23.31,4662,2,买盘
840,10:26:12,23.3,2330,1,卖盘
841,10:26:24,23.3,4660,2,卖盘
842,10:26:33,23.29,123452,53,卖盘
843,10:26:36,23.28,11644,5,卖盘
844,10:26:39,23.28,4656,2,卖盘
845,10:26:45,23.28,2328,1,卖盘
846,10:26:48,23.29,11645,5,买盘
847,10:26:54,23.27,372377,160,卖盘
848,10:26:57,23.27,2327,1,卖盘
849,10:27:03,23.27,11635,5,卖盘
850,10:27:06,23.27,6981,3,卖盘
851,10:27:24,23.3,16310,7,买盘
852,10:27:36,23.27,18616,8,卖盘
853,10:28:06,23.28,214350,92,中性盘
854,10:28:09,23.29,4658,2,中性盘
855,10:28:12,23.29,27940,12,中性盘
856,10:28:15,23.28,4656,2,卖盘
857,10:28:18,23.3,53590,23,买盘
858,10:28:21,23.28,9312,4,卖盘
859,10:28:24,23.28,9316,4,卖盘
860,10:28:33,23.28,11640,5,卖盘
861,10:28:36,23.28,9312,4,卖盘
862,10:28:42,23.28,4656,2,卖盘
863,10:28:57,23.28,165288,71,卖盘
864,10:29:03,23.28,16295,7,买盘
865,10:29:06,23.28,44232,19,买盘
866,10:29:09,23.28,4656,2,卖盘
867,10:29:18,23.29,2329,1,买盘
868,10:29:30,23.28,11640,5,卖盘
869,10:29:33,23.27,151318,65,卖盘
870,10:29:36,23.28,13968,6,买盘
871,10:29:48,23.27,20948,9,卖盘
872,10:29:51,23.28,162960,70,买盘
873,10:29:54,23.28,11636,5,中性盘
874,10:30:00,23.28,267705,115,中性盘
875,10:30:03,23.29,4658,2,买盘
876,10:30:06,23.27,9308,4,卖盘
877,10:30:24,23.28,30264,13,中性盘
878,10:30:27,23.27,23275,10,卖盘
879,10:30:30,23.28,4656,2,买盘
880,10:30:39,23.28,4656,2,卖盘
881,10:30:45,23.29,6987,3,买盘
882,10:30:48,23.28,11640,5,卖盘
883,10:30:51,23.29,6987,3,买盘
884,10:31:03,23.29,9313,4,买盘
885,10:31:09,23.28,4656,2,买盘
886,10:31:12,23.28,4656,2,卖盘
887,10:31:18,23.28,23280,10,卖盘
888,10:31:21,23.27,102434,44,卖盘
889,10:31:24,23.26,928468,399,卖盘
890,10:31:30,23.26,23260,10,卖盘
891,10:31:39,23.27,98871,43,买盘
892,10:31:42,23.27,6981,3,买盘
893,10:31:51,23.27,6981,3,买盘
894,10:31:54,23.26,11630,5,卖盘
895,10:31:57,23.26,9304,4,卖盘
896,10:32:00,23.26,39546,17,卖盘
897,10:32:03,23.26,30238,13,卖盘
898,10:32:09,23.26,11630,5,卖盘
899,10:32:12,23.26,16282,7,卖盘
900,10:32:15,23.26,213995,92,卖盘
901,10:32:18,23.26,2326,1,卖盘
902,10:32:27,23.26,11634,5,卖盘
903,10:32:30,23.28,6984,3,买盘
904,10:32:36,23.28,11640,5,卖盘
905,10:32:42,23.29,18632,8,买盘
906,10:32:45,23.28,13968,6,卖盘
907,10:32:48,23.28,9312,4,买盘
908,10:32:57,23.27,9308,4,卖盘
909,10:33:03,23.28,9312,4,买盘
910,10:33:06,23.29,76827,33,买盘
911,10:33:18,23.28,18624,8,卖盘
912,10:33:27,23.28,11640,5,买盘
913,10:33:33,23.27,18616,8,卖盘
914,10:33:45,23.27,44215,19,卖盘
915,10:33:51,23.26,74432,32,卖盘
916,10:33:54,23.27,6981,3,买盘
917,10:33:57,23.27,23270,10,买盘
918,10:34:03,23.27,81421,35,买盘
919,10:34:06,23.27,74464,32,卖盘
920,10:34:09,23.27,9308,4,中性盘
921,10:34:12,23.26,2326,1,卖盘
922,10:34:15,23.26,6978,3,卖盘
923,10:34:18,23.28,4656,2,买盘
924,10:34:21,23.27,6982,3,中性盘
925,10:34:24,23.26,74432,32,卖盘
926,10:34:33,23.25,726675,313,卖盘
927,10:34:36,23.25,30225,13,买盘
928,10:34:39,23.24,13947,6,卖盘
929,10:34:42,23.24,16268,7,卖盘
930,10:34:51,23.24,6972,3,买盘
931,10:34:54,23.23,148677,64,卖盘
932,10:34:57,23.23,13938,6,卖盘
933,10:35:00,23.24,4648,2,中性盘
934,10:35:03,23.23,132411,57,卖盘
935,10:35:06,23.23,6969,3,卖盘
936,10:35:09,23.24,11620,5,买盘
937,10:35:12,23.24,2324,1,买盘
938,10:35:18,23.22,197409,85,卖盘
939,10:35:21,23.22,60392,26,卖盘
940,10:35:30,23.22,9288,4,卖盘
941,10:35:33,23.22,2322,1,卖盘
942,10:35:42,23.22,32508,14,卖盘
943,10:35:45,23.22,6966,3,卖盘
944,10:35:48,23.21,225137,97,卖盘
945,10:35:54,23.2,118320,51,卖盘
946,10:35:57,23.2,46400,20,卖盘
947,10:36:00,23.22,471167,203,买盘
948,10:36:03,23.23,125399,54,买盘
949,10:36:06,23.22,9290,4,卖盘
950,10:36:09,23.23,20907,9,买盘
951,10:36:12,23.23,65276,28,买盘
952,10:36:15,23.23,46460,20,卖盘
953,10:36:18,23.23,6969,3,卖盘
954,10:36:21,23.25,83659,36,买盘
955,10:36:27,23.25,4650,2,中性盘
956,10:36:30,23.21,496985,214,卖盘
957,10:36:36,23.21,69643,30,卖盘
958,10:36:51,23.21,118413,51,卖盘
959,10:36:54,23.22,20898,9,买盘
960,10:37:00,23.22,39474,17,卖盘
961,10:37:03,23.22,11610,5,卖盘
962,10:37:06,23.22,27864,12,卖盘
963,10:37:09,23.22,6966,3,卖盘
964,10:37:12,23.22,32513,14,卖盘
965,10:37:15,23.22,90558,39,卖盘
966,10:37:21,23.21,13926,6,卖盘
967,10:37:24,23.21,32494,14,卖盘
968,10:37:27,23.21,111408,48,卖盘
969,10:37:30,23.21,99803,43,卖盘
970,10:37:33,23.2,573014,247,卖盘
971,10:37:36,23.2,13920,6,卖盘
972,10:37:45,23.2,183280,79,卖盘
973,10:37:51,23.21,269127,116,买盘
974,10:37:54,23.2,34800,15,卖盘
975,10:37:57,23.2,6960,3,卖盘
976,10:38:00,23.2,2320,1,卖盘
977,10:38:06,23.2,41760,18,卖盘
978,10:38:12,23.2,53360,23,卖盘
979,10:38:15,23.2,48720,21,卖盘
980,10:38:18,23.2,16240,7,卖盘
981,10:38:21,23.22,1018233,439,买盘
982,10:38:24,23.22,2322,1,卖盘
983,10:38:39,23.22,23222,10,卖盘
984,10:38:51,23.22,11610,5,卖盘
985,10:38:57,23.22,18576,8,卖盘
986,10:39:06,23.23,2323,1,中性盘
987,10:39:18,23.23,2323,1,卖盘
988,10:39:27,23.23,23230,10,卖盘
989,10:39:39,23.24,11620,5,买盘
990,10:39:42,23.24,30212,13,买盘
991,10:39:48,23.24,11620,5,买盘
992,10:39:51,23.24,39517,17,卖盘
993,10:40:03,23.23,30204,13,卖盘
994,10:40:06,23.23,9292,4,卖盘
995,10:40:15,23.23,2323,1,卖盘
996,10:40:24,23.23,53429,23,卖盘
997,10:40:33,23.23,2323,1,买盘
998,10:40:36,23.22,11613,5,卖盘
999,10:40:39,23.22,13935,6,卖盘
1000,10:40:42,23.22,11612,5,卖盘
1001,10:40:45,23.22,6966,3,卖盘
1002,10:40:48,23.23,6969,3,买盘
1003,10:40:57,23.22,2090,1,卖盘
1004,10:41:03,23.22,4644,2,卖盘
1005,10:41:09,23.22,4644,2,卖盘
1006,10:41:15,23.22,257742,111,卖盘
1007,10:41:21,23.23,6967,3,买盘
1008,10:41:24,23.23,46451,20,买盘
1009,10:41:33,23.23,34845,15,卖盘
1010,10:41:36,23.23,60398,26,买盘
1011,10:41:42,23.23,51108,22,卖盘
1012,10:41:45,23.25,67397,29,买盘
1013,10:41:48,23.23,2323,1,卖盘
1014,10:41:51,23.23,6971,3,卖盘
1015,10:42:00,23.24,16268,7,买盘
1016,10:42:06,23.24,20916,9,卖盘
1017,10:42:18,23.25,4650,2,买盘
1018,10:42:39,23.24,9296,4,卖盘
1019,10:42:54,23.24,2324,1,卖盘
1020,10:43:06,23.25,4650,2,买盘
1021,10:43:18,23.24,4648,2,卖盘
1022,10:43:24,23.25,53457,23,买盘
1023,10:43:36,23.24,6972,3,卖盘
1024,10:43:57,23.25,2325,1,买盘
1025,10:44:00,23.25,104625,45,买盘
1026,10:44:03,23.26,2326,1,买盘
1027,10:44:09,23.25,16281,7,卖盘
1028,10:44:12,23.26,74432,32,买盘
1029,10:44:15,23.26,13956,6,买盘
1030,10:44:18,23.26,13956,6,买盘
1031,10:44:24,23.26,2326,1,卖盘
1032,10:44:30,23.27,4653,2,买盘
1033,10:44:36,23.27,9308,4,卖盘
1034,10:44:39,23.27,6981,3,卖盘
1035,10:44:51,23.27,4654,2,买盘
1036,10:44:54,23.27,4654,2,买盘
1037,10:44:57,23.27,39559,17,买盘
1038,10:45:03,23.28,23280,10,买盘
1039,10:45:06,23.28,2328,1,买盘
1040,10:45:12,23.28,4656,2,卖盘
1041,10:45:15,23.27,6981,3,卖盘
1042,10:45:18,23.28,11640,5,买盘
1043,10:45:21,23.28,4656,2,买盘
1044,10:45:30,23.29,25619,11,买盘
1045,10:45:39,23.29,9316,4,买盘
1046,10:45:45,23.28,11640,5,卖盘
1047,10:46:00,23.29,4657,2,买盘
1048,10:46:12,23.3,69884,30,买盘
1049,10:46:21,23.28,30264,13,买盘
1050,10:46:24,23.28,2328,1,买盘
1051,10:46:39,23.29,2329,1,买盘
1052,10:46:42,23.29,4658,2,买盘
1053,10:46:45,23.29,2329,1,买盘
1054,10:46:48,23.29,32606,14,买盘
1055,10:46:54,23.29,41922,18,卖盘
1056,10:46:57,23.29,2329,1,卖盘
1057,10:47:03,23.29,11645,5,买盘
1058,10:47:09,23.27,72163,31,卖盘
1059,10:47:12,23.27,20943,9,卖盘
1060,10:47:15,23.27,48891,21,卖盘
1061,10:47:18,23.28,23280,10,中性盘
1062,10:47:21,23.27,2327,1,卖盘
1063,10:47:27,23.28,4656,2,卖盘
1064,10:47:33,23.27,25605,11,卖盘
1065,10:47:45,23.27,41886,18,卖盘
1066,10:47:51,23.27,9309,4,卖盘
1067,10:48:06,23.28,4656,2,买盘
1068,10:48:18,23.28,6984,3,买盘
1069,10:48:24,23.28,37248,16,买盘
1070,10:48:27,23.28,48868,21,买盘
1071,10:48:30,23.28,16296,7,买盘
1072,10:48:39,23.28,11640,5,买盘
1073,10:48:42,23.28,27936,12,买盘
1074,10:48:45,23.28,16296,7,买盘
1075,10:48:48,23.28,6984,3,买盘
1076,10:48:51,23.28,204864,88,买盘
1077,10:48:54,23.29,9314,4,买盘
1078,10:49:09,23.29,32606,14,买盘
1079,10:49:12,23.27,6981,3,中性盘
1080,10:49:15,23.29,16300,7,买盘
1081,10:49:18,23.29,4658,2,买盘
1082,10:49:21,23.29,4658,2,买盘
1083,10:49:30,23.29,4658,2,买盘
1084,10:49:33,23.29,6987,3,买盘
1085,10:49:39,23.29,11645,5,买盘
1086,10:50:00,23.26,679192,292,卖盘
1087,10:50:06,23.28,41886,18,买盘
1088,10:50:21,23.27,9308,4,中性盘
1089,10:50:39,23.27,6981,3,卖盘
1090,10:50:45,23.27,11635,5,买盘
1091,10:50:48,23.25,2325,1,卖盘
1092,10:51:00,23.25,11628,5,卖盘
1093,10:51:12,23.25,9300,4,卖盘
1094,10:51:15,23.27,2327,1,买盘
1095,10:51:18,23.25,4650,2,卖盘
1096,10:51:27,23.26,13956,6,买盘
1097,10:51:33,23.26,95366,41,卖盘
1098,10:51:36,23.26,46520,20,买盘
1099,10:51:54,23.27,9308,4,买盘
1100,10:51:57,23.25,6975,3,卖盘
1101,10:52:00,23.27,2327,1,买盘
1102,10:52:06,23.27,160563,69,买盘
1103,10:52:09,23.28,2328,1,买盘
1104,10:52:27,23.27,93080,40,卖盘
1105,10:52:39,23.27,32578,14,卖盘
1106,10:52:45,23.28,2328,1,买盘
1107,10:53:00,23.28,23280,10,买盘
1108,10:53:06,23.28,6984,3,买盘
1109,10:53:12,23.28,9312,4,买盘
1110,10:53:18,23.29,97817,42,买盘
1111,10:53:21,23.29,174675,75,买盘
1112,10:53:24,23.29,9316,4,买盘
1113,10:53:36,23.29,23290,10,卖盘
1114,10:53:57,23.28,27936,12,卖盘
1115,10:54:03,23.28,2328,1,卖盘
1116,10:54:27,23.29,20961,9,买盘
1117,10:54:30,23.29,2329,1,买盘
1118,10:54:45,23.29,4658,2,买盘
1119,10:54:51,23.29,34935,15,买盘
1120,10:54:54,23.29,53567,23,买盘
1121,10:54:57,23.29,2329,1,买盘
1122,10:55:00,23.28,53551,23,卖盘
1123,10:55:03,23.28,18630,8,卖盘
1124,10:55:09,23.28,4656,2,卖盘
1125,10:55:24,23.28,2328,1,卖盘
1126,10:55:33,23.28,2328,1,卖盘
1127,10:55:39,23.28,3026,1,卖盘
1128,10:55:45,23.28,13968,6,卖盘
1129,10:55:51,23.28,6984,3,卖盘
1130,10:56:09,23.28,20952,9,卖盘
1131,10:56:21,23.28,23280,10,卖盘
1132,10:56:45,23.29,11645,5,买盘
1133,10:56:51,23.29,2329,1,买盘
1134,10:56:57,23.29,13974,6,买盘
1135,10:57:03,23.29,58225,25,买盘
1136,10:57:51,23.29,9316,4,买盘
1137,10:58:03,23.29,4658,2,卖盘
1138,10:58:06,23.29,300441,129,卖盘
1139,10:58:45,23.28,13968,6,卖盘
1140,10:58:48,23.28,2328,1,卖盘
1141,10:58:54,23.28,2328,1,卖盘
1142,10:58:57,23.28,76824,33,卖盘
1143,10:59:06,23.28,11640,5,卖盘
1144,10:59:09,23.28,13968,6,卖盘
1145,10:59:15,23.27,176927,76,卖盘
1146,10:59:18,23.28,2328,1,买盘
1147,10:59:21,23.27,16289,7,卖盘
1148,10:59:33,23.27,30251,13,卖盘
1149,10:59:36,23.28,79119,34,买盘
1150,10:59:42,23.29,6987,3,买盘
1151,10:59:51,23.29,2329,1,买盘
1152,11:00:00,23.27,288590,124,卖盘
1153,11:00:03,23.27,37232,16,买盘
1154,11:00:06,23.27,11635,5,买盘
1155,11:00:09,23.27,53521,23,买盘
1156,11:00:18,23.27,4654,2,买盘
1157,11:00:21,23.27,9308,4,买盘
1158,11:00:27,23.26,11630,5,卖盘
1159,11:00:30,23.26,53498,23,卖盘
1160,11:00:39,23.26,18602,8,买盘
1161,11:00:48,23.25,11625,5,卖盘
1162,11:00:51,23.25,6975,3,卖盘
1163,11:01:06,23.25,123225,53,卖盘
1164,11:01:09,23.25,11625,5,卖盘
1165,11:01:12,23.24,2324,1,卖盘
1166,11:01:18,23.24,11620,5,卖盘
1167,11:01:24,23.24,6972,3,卖盘
1168,11:01:27,23.24,30212,13,卖盘
1169,11:01:30,23.24,6972,3,卖盘
1170,11:01:42,23.24,4648,2,卖盘
1171,11:01:45,23.24,111552,48,卖盘
1172,11:01:48,23.24,6972,3,买盘
1173,11:02:06,23.25,18600,8,买盘
1174,11:02:51,23.25,13950,6,卖盘
1175,11:02:57,23.26,13956,6,买盘
1176,11:03:03,23.26,200036,86,卖盘
1177,11:03:06,23.25,2325,1,卖盘
1178,11:03:12,23.26,41868,18,买盘
1179,11:03:30,23.27,23270,10,买盘
1180,11:03:42,23.27,46540,20,买盘
1181,11:03:48,23.27,9308,4,买盘
1182,11:03:57,23.26,69780,30,卖盘
1183,11:04:03,23.27,9308,4,买盘
1184,11:04:09,23.26,4652,2,卖盘
1185,11:04:12,23.26,4652,2,卖盘
1186,11:04:27,23.26,2326,1,卖盘
1187,11:04:48,23.26,9304,4,卖盘
1188,11:04:51,23.26,158168,68,卖盘
1189,11:04:54,23.26,32564,14,买盘
1190,11:05:00,23.26,6978,3,买盘
1191,11:05:03,23.26,6978,3,买盘
1192,11:05:15,23.26,34888,15,买盘
1193,11:05:18,23.27,6981,3,买盘
1194,11:05:21,23.26,102344,44,卖盘
1195,11:05:33,23.27,2327,1,买盘
1196,11:05:36,23.27,2327,1,买盘
1197,11:05:39,23.27,4654,2,买盘
1198,11:05:42,23.26,25586,11,卖盘
1199,11:05:51,23.26,32564,14,卖盘
1200,11:06:03,23.26,6978,3,卖盘
1201,11:06:09,23.26,197710,85,卖盘
1202,11:06:12,23.25,2325,1,卖盘
1203,11:06:21,23.26,2326,1,买盘
1204,11:06:27,23.25,2325,1,卖盘
1205,11:06:36,23.26,86062,37,买盘
1206,11:07:27,23.27,11635,5,买盘
1207,11:07:33,23.26,32567,14,卖盘
1208,11:07:39,23.26,183756,79,卖盘
1209,11:07:45,23.26,11633,5,卖盘
1210,11:07:51,23.26,4652,2,卖盘
1211,11:07:54,23.26,46520,20,卖盘
1212,11:08:15,23.27,11635,5,买盘
1213,11:08:27,23.27,72136,31,买盘
1214,11:08:30,23.27,4654,2,买盘
1215,11:08:33,23.27,13962,6,买盘
1216,11:08:42,23.28,23280,10,买盘
1217,11:08:51,23.27,6981,3,卖盘
1218,11:09:03,23.28,6984,3,买盘
1219,11:09:09,23.28,2328,1,买盘
1220,11:09:15,23.27,9308,4,卖盘
1221,11:09:36,23.28,2328,1,买盘
1222,11:09:39,23.28,2328,1,卖盘
1223,11:09:51,23.28,4656,2,卖盘
1224,11:09:54,23.28,148992,64,卖盘
1225,11:10:00,23.27,2327,1,卖盘
1226,11:10:06,23.27,2327,1,卖盘
1227,11:10:09,23.27,74464,32,卖盘
1228,11:10:36,23.27,4654,2,买盘
1229,11:10:48,23.26,6978,3,卖盘
1230,11:11:06,23.26,100018,43,卖盘
1231,11:11:09,23.26,113974,49,卖盘
1232,11:11:12,23.26,2326,1,卖盘
1233,11:11:18,23.26,109322,47,卖盘
1234,11:11:21,23.26,90714,39,卖盘
1235,11:11:33,23.25,9300,4,卖盘
1236,11:11:36,23.25,4651,2,卖盘
1237,11:11:42,23.26,6978,3,买盘
1238,11:11:48,23.26,11630,5,卖盘
1239,11:13:12,23.27,30251,13,买盘
1240,11:13:15,23.26,13956,6,卖盘
1241,11:13:24,23.27,25597,11,买盘
1242,11:13:27,23.28,2328,1,买盘
1243,11:13:33,23.27,34905,15,卖盘
1244,11:13:45,23.27,11635,5,买盘
1245,11:13:48,23.27,2327,1,买盘
1246,11:13:51,23.27,4654,2,卖盘
1247,11:14:00,23.27,97734,42,卖盘
1248,11:14:03,23.28,9311,4,买盘
1249,11:14:06,23.27,6981,3,卖盘
1250,11:14:15,23.27,11635,5,卖盘
1251,11:14:24,23.27,46540,20,卖盘
1252,11:14:39,23.28,2328,1,买盘
1253,11:15:00,23.28,2328,1,买盘
1254,11:15:06,23.28,4656,2,买盘
1255,11:15:36,23.28,121105,52,卖盘
1256,11:15:42,23.29,30277,13,买盘
1257,11:15:54,23.28,23280,10,卖盘
1258,11:15:57,23.29,44251,19,买盘
1259,11:16:00,23.29,2329,1,买盘
1260,11:16:06,23.29,4658,2,卖盘
1261,11:16:15,23.29,163030,70,卖盘
1262,11:16:39,23.3,23300,10,买盘
1263,11:16:42,23.29,2329,1,卖盘
1264,11:17:18,23.29,4658,2,卖盘
1265,11:17:21,23.3,11650,5,买盘
1266,11:17:24,23.3,23300,10,买盘
1267,11:17:27,23.3,13980,6,买盘
1268,11:17:30,23.3,5358,2,买盘
1269,11:17:33,23.31,421734,181,买盘
1270,11:17:36,23.31,2331,1,买盘
1271,11:17:51,23.31,46616,20,买盘
1272,11:18:00,23.29,4658,2,卖盘
1273,11:18:03,23.3,4660,2,卖盘
1274,11:18:21,23.3,27960,12,卖盘
1275,11:18:30,23.3,69900,30,买盘
1276,11:18:33,23.31,128180,55,买盘
1277,11:18:42,23.32,79288,34,买盘
1278,11:18:45,23.32,69960,30,买盘
1279,11:18:48,23.32,11660,5,买盘
1280,11:19:09,23.32,116600,50,买盘
1281,11:19:18,23.3,128187,55,卖盘
1282,11:19:30,23.29,69870,30,卖盘
1283,11:19:33,23.3,4660,2,买盘
1284,11:19:36,23.3,11650,5,买盘
1285,11:19:42,23.29,18637,8,卖盘
1286,11:20:30,23.31,34960,15,买盘
1287,11:20:33,23.31,2331,1,买盘
1288,11:20:36,23.32,46622,20,买盘
1289,11:20:51,23.32,165509,71,买盘
1290,11:20:57,23.32,18656,8,买盘
1291,11:21:03,23.32,116600,50,买盘
1292,11:21:09,23.32,25652,11,买盘
1293,11:21:24,23.32,2332,1,买盘
1294,11:21:27,23.31,48951,21,卖盘
1295,11:21:33,23.32,5830,3,买盘
1296,11:21:36,23.32,4664,2,卖盘
1297,11:21:51,23.32,149250,64,卖盘
1298,11:21:54,23.33,11665,5,买盘
1299,11:21:57,23.33,76968,33,买盘
1300,11:22:00,23.33,44327,19,买盘
1301,11:22:06,23.32,71126,31,卖盘
1302,11:22:09,23.32,13992,6,买盘
1303,11:22:21,23.31,9324,4,卖盘
1304,11:22:24,23.32,25648,11,买盘
1305,11:22:33,23.31,9324,4,卖盘
1306,11:22:36,23.32,44308,19,买盘
1307,11:22:45,23.32,13988,6,买盘
1308,11:22:48,23.31,4662,2,卖盘
1309,11:22:57,23.31,25641,11,卖盘
1310,11:23:12,23.31,4662,2,卖盘
1311,11:23:18,23.31,6993,3,卖盘
1312,11:23:21,23.31,27972,12,卖盘
1313,11:23:24,23.31,2331,1,卖盘
1314,11:23:27,23.32,4664,2,买盘
1315,11:23:30,23.31,20979,9,卖盘
1316,11:23:39,23.3,6990,3,卖盘
1317,11:23:51,23.3,4660,2,卖盘
1318,11:23:57,23.3,27960,12,卖盘
1319,11:24:03,23.3,4660,2,卖盘
1320,11:24:06,23.3,104850,45,卖盘
1321,11:24:09,23.3,20977,9,卖盘
1322,11:24:15,23.31,11655,5,买盘
1323,11:24:27,23.31,195804,84,买盘
1324,11:24:30,23.31,13986,6,买盘
1325,11:24:33,23.31,4662,2,买盘
1326,11:24:36,23.31,6993,3,买盘
1327,11:24:42,23.31,9324,4,买盘
1328,11:24:45,23.31,16317,7,买盘
1329,11:24:57,23.31,4662,2,卖盘
1330,11:25:00,23.31,25641,11,卖盘
1331,11:25:03,23.31,34966,15,卖盘
1332,11:25:06,23.31,18648,8,卖盘
1333,11:25:12,23.3,4660,2,卖盘
1334,11:25:27,23.31,179487,77,买盘
1335,11:25:30,23.32,16324,7,买盘
1336,11:25:33,23.32,9328,4,买盘
1337,11:25:36,23.31,30303,13,卖盘
1338,11:26:15,23.32,37312,16,买盘
1339,11:26:21,23.31,4662,2,卖盘
1340,11:26:27,23.31,39627,17,卖盘
1341,11:26:30,23.31,4662,2,买盘
1342,11:26:39,23.32,23312,10,买盘
1343,11:26:42,23.3,4660,2,卖盘
1344,11:26:54,23.31,2331,1,买盘
1345,11:26:57,23.31,4662,2,卖盘
1346,11:27:06,23.31,11655,5,卖盘
1347,11:27:09,23.3,9320,4,卖盘
1348,11:27:12,23.3,4660,2,卖盘
1349,11:27:24,23.3,13980,6,卖盘
1350,11:27:39,23.3,2330,1,卖盘
1351,11:27:42,23.31,37296,16,买盘
1352,11:27:48,23.3,6990,3,卖盘
1353,11:28:12,23.3,18640,8,卖盘
1354,11:28:15,23.3,2330,1,卖盘
1355,11:28:18,23.3,81550,35,卖盘
1356,11:28:24,23.3,260960,112,卖盘
1357,11:28:27,23.29,39593,17,卖盘
1358,11:28:36,23.29,2329,1,卖盘
1359,11:28:39,23.29,6987,3,卖盘
1360,11:28:42,23.29,30277,13,卖盘
1361,11:28:54,23.28,9312,4,卖盘
1362,11:29:03,23.29,13974,6,买盘
1363,11:29:12,23.28,6984,3,卖盘
1364,11:29:15,23.29,39592,17,买盘
1365,11:29:18,23.27,4654,2,卖盘
1366,11:29:33,23.29,41669,18,买盘
1367,11:29:36,23.29,27951,12,卖盘
1368,11:29:51,23.29,6987,3,中性盘
1369,11:29:54,23.29,9316,4,买盘
1370,13:00:00,23.27,93087,40,卖盘
1371,13:00:03,23.29,251530,108,买盘
1372,13:00:06,23.29,11645,5,买盘
1373,13:00:09,23.3,30282,13,买盘
1374,13:00:12,23.29,6989,3,卖盘
1375,13:00:18,23.3,9323,4,中性盘
1376,13:00:24,23.3,4660,2,卖盘
1377,13:00:39,23.3,13980,6,买盘
1378,13:00:48,23.31,9324,4,买盘
1379,13:01:12,23.31,30303,13,买盘
1380,13:01:15,23.32,2332,1,买盘
1381,13:01:18,23.31,44289,19,卖盘
1382,13:01:21,23.3,97873,42,卖盘
1383,13:01:24,23.29,18632,8,卖盘
1384,13:01:27,23.29,20961,9,卖盘
1385,13:01:48,23.29,4658,2,卖盘
1386,13:01:57,23.29,121108,52,卖盘
1387,13:02:15,23.28,4656,2,卖盘
1388,13:02:18,23.28,34920,15,卖盘
1389,13:02:24,23.3,62892,27,买盘
1390,13:02:27,23.27,4654,2,卖盘
1391,13:02:54,23.28,6984,3,卖盘
1392,13:03:33,23.28,4656,2,卖盘
1393,13:04:00,23.28,9312,4,卖盘
1394,13:04:15,23.28,46560,20,卖盘
1395,13:04:21,23.28,2328,1,买盘
1396,13:04:39,23.28,2328,1,买盘
1397,13:04:54,23.27,13962,6,卖盘
1398,13:05:00,23.3,69892,30,买盘
1399,13:05:03,23.27,23278,10,卖盘
1400,13:05:21,23.3,32590,14,买盘
1401,13:05:24,23.27,2327,1,卖盘
1402,13:05:27,23.3,55917,24,买盘
1403,13:05:30,23.3,13980,6,卖盘
1404,13:05:33,23.31,25638,11,买盘
1405,13:05:39,23.3,65240,28,卖盘
1406,13:05:45,23.3,2330,1,卖盘
1407,13:06:09,23.3,18640,8,卖盘
1408,13:06:15,23.3,53590,23,卖盘
1409,13:06:18,23.3,90870,39,卖盘
1410,13:06:24,23.29,2329,1,买盘
1411,13:06:33,23.29,2329,1,买盘
1412,13:06:39,23.27,18616,8,卖盘
1413,13:06:48,23.29,13974,6,买盘
1414,13:07:03,23.29,4658,2,买盘
1415,13:07:12,23.27,2327,1,卖盘
1416,13:07:15,23.27,13962,6,卖盘
1417,13:07:33,23.28,4656,2,买盘
1418,13:07:36,23.28,16296,7,卖盘
1419,13:07:39,23.28,2328,1,卖盘
1420,13:07:42,23.27,32578,14,卖盘
1421,13:07:48,23.27,16289,7,卖盘
1422,13:07:54,23.27,23270,10,卖盘
1423,13:08:09,23.27,16289,7,卖盘
1424,13:08:24,23.27,4654,2,卖盘
1425,13:08:27,23.28,18624,8,买盘
1426,13:08:33,23.27,39559,17,卖盘
1427,13:08:45,23.27,46540,20,买盘
1428,13:08:51,23.28,116387,50,买盘
1429,13:09:06,23.26,20941,9,卖盘
1430,13:09:09,23.27,16289,7,买盘
1431,13:09:15,23.27,9308,4,卖盘
1432,13:09:21,23.28,16290,7,买盘
1433,13:09:27,23.26,13956,6,卖盘
1434,13:09:33,23.26,44194,19,卖盘
1435,13:09:42,23.27,2327,1,买盘
1436,13:09:57,23.26,97692,42,卖盘
1437,13:10:00,23.26,13956,6,卖盘
1438,13:10:03,23.27,2327,1,买盘
1439,13:10:06,23.26,2326,1,卖盘
1440,13:10:15,23.27,4654,2,买盘
1441,13:10:18,23.26,25586,11,卖盘
1442,13:10:27,23.26,13956,6,卖盘
1443,13:10:33,23.27,23270,10,买盘
1444,13:10:42,23.26,13956,6,卖盘
1445,13:10:45,23.26,6978,3,卖盘
1446,13:10:54,23.26,46520,20,卖盘
1447,13:11:15,23.26,62802,27,卖盘
1448,13:11:18,23.26,4652,2,卖盘
1449,13:11:21,23.27,25587,11,买盘
1450,13:11:24,23.26,11630,5,卖盘
1451,13:11:48,23.25,37201,16,卖盘
1452,13:11:51,23.26,2326,1,买盘
1453,13:11:54,23.27,179118,77,买盘
1454,13:12:00,23.25,25575,11,卖盘
1455,13:12:03,23.26,6978,3,卖盘
1456,13:12:06,23.26,2326,1,卖盘
1457,13:12:09,23.26,25586,11,卖盘
1458,13:12:12,23.26,2326,1,卖盘
1459,13:12:21,23.26,4652,2,卖盘
1460,13:12:24,23.27,18616,8,买盘
1461,13:12:27,23.27,4654,2,买盘
1462,13:12:33,23.27,6981,3,买盘
1463,13:12:39,23.27,6981,3,买盘
1464,13:12:42,23.27,2327,1,买盘
1465,13:12:45,23.27,2327,1,买盘
1466,13:12:54,23.27,18611,8,买盘
1467,13:13:00,23.26,41868,18,卖盘
1468,13:13:06,23.27,23270,10,买盘
1469,13:13:09,23.27,6981,3,买盘
1470,13:13:12,23.27,30251,13,买盘
1471,13:13:30,23.27,3025,1,卖盘
1472,13:13:45,23.27,23270,10,卖盘
1473,13:13:48,23.27,6283,3,卖盘
1474,13:13:51,23.27,4654,2,买盘
1475,13:14:03,23.27,4189,2,买盘
1476,13:14:24,23.27,19081,8,卖盘
1477,13:14:51,23.26,218611,94,卖盘
1478,13:14:57,23.26,2326,1,买盘
1479,13:15:00,23.24,16268,7,卖盘
1480,13:15:03,23.24,13944,6,卖盘
1481,13:15:06,23.24,16268,7,卖盘
1482,13:15:09,23.24,60424,26,卖盘
1483,13:15:12,23.24,74368,32,买盘
1484,13:15:15,23.24,6972,3,卖盘
1485,13:15:18,23.25,13945,6,买盘
1486,13:15:27,23.23,6969,3,卖盘
1487,13:15:30,23.24,6972,3,买盘
1488,13:15:36,23.24,4880,2,卖盘
1489,13:15:45,23.24,4648,2,卖盘
1490,13:15:54,23.24,13712,6,卖盘
1491,13:16:00,23.23,4646,2,卖盘
1492,13:16:06,23.23,23230,10,卖盘
1493,13:16:09,23.23,302080,130,卖盘
1494,13:16:18,23.24,2324,1,买盘
1495,13:16:27,23.22,23220,10,卖盘
1496,13:16:30,23.24,6971,3,买盘
1497,13:16:39,23.22,44130,19,卖盘
1498,13:16:48,23.23,44137,19,中性盘
1499,13:16:51,23.23,46460,20,卖盘
1500,13:16:54,23.23,4646,2,卖盘
1501,13:16:57,23.23,51106,22,卖盘
1502,13:17:00,23.23,137057,59,卖盘
1503,13:17:15,23.23,4646,2,卖盘
1504,13:17:21,23.24,2324,1,买盘
1505,13:17:27,23.24,16268,7,买盘
1506,13:17:30,23.24,41832,18,买盘
1507,13:17:36,23.25,4650,2,卖盘
1508,13:17:45,23.25,4650,2,卖盘
1509,13:17:51,23.25,6975,3,卖盘
1510,13:17:54,23.26,6978,3,买盘
1511,13:17:57,23.25,23250,10,卖盘
1512,13:18:09,23.25,16275,7,卖盘
1513,13:18:12,23.25,4650,2,卖盘
1514,13:18:18,23.25,16275,7,卖盘
1515,13:18:21,23.25,11625,5,卖盘
1516,13:18:24,23.25,13950,6,卖盘
1517,13:18:27,23.25,30225,13,卖盘
1518,13:18:39,23.24,79016,34,卖盘
1519,13:18:42,23.24,41832,18,买盘
1520,13:19:00,23.24,2324,1,卖盘
1521,13:19:06,23.24,2324,1,卖盘
1522,13:19:09,23.24,11621,5,卖盘
1523,13:19:15,23.26,25573,11,买盘
1524,13:19:54,23.25,4650,2,买盘
1525,13:20:00,23.24,20916,9,卖盘
1526,13:20:06,23.24,13944,6,卖盘
1527,13:20:09,23.24,4648,2,卖盘
1528,13:20:12,23.24,2324,1,买盘
1529,13:20:18,23.24,4648,2,买盘
1530,13:20:21,23.24,6972,3,买盘
1531,13:20:39,23.24,79016,34,卖盘
1532,13:20:45,23.24,4648,2,卖盘
1533,13:20:51,23.24,11620,5,卖盘
1534,13:20:54,23.25,16270,7,买盘
1535,13:21:06,23.26,25577,11,买盘
1536,13:21:09,23.26,16282,7,买盘
1537,13:21:12,23.25,497550,214,卖盘
1538,13:21:15,23.25,20925,9,卖盘
1539,13:21:24,23.25,76728,33,卖盘
1540,13:21:48,23.26,4652,2,买盘
1541,13:22:09,23.25,9300,4,卖盘
1542,13:22:12,23.25,9300,4,卖盘
1543,13:22:33,23.26,2326,1,买盘
1544,13:22:36,23.26,2326,1,买盘
1545,13:22:45,23.26,118626,51,买盘
1546,13:23:00,23.27,13962,6,买盘
1547,13:23:03,23.27,4654,2,买盘
1548,13:23:06,23.26,27450,12,卖盘
1549,13:23:09,23.26,34896,15,卖盘
1550,13:23:39,23.26,139560,60,卖盘
1551,13:23:57,23.28,4656,2,买盘
1552,13:24:12,23.28,104760,45,买盘
1553,13:24:24,23.29,2329,1,买盘
1554,13:24:36,23.26,90745,39,卖盘
1555,13:24:39,23.26,20934,9,卖盘
1556,13:24:42,23.26,23263,10,卖盘
1557,13:25:09,23.27,16289,7,买盘
1558,13:25:18,23.26,6978,3,卖盘
1559,13:26:00,23.27,4654,2,卖盘
1560,13:26:09,23.26,204766,88,卖盘
1561,13:26:12,23.26,74442,32,卖盘
1562,13:26:15,23.26,20934,9,卖盘
1563,13:26:18,23.26,13956,6,卖盘
1564,13:26:24,23.26,25586,11,卖盘
1565,13:26:33,23.26,16282,7,卖盘
1566,13:27:00,23.26,11630,5,卖盘
1567,13:27:09,23.27,6981,3,买盘
1568,13:27:24,23.26,2326,1,卖盘
1569,13:27:33,23.27,20943,9,买盘
1570,13:27:36,23.27,2327,1,中性盘
1571,13:27:48,23.26,46520,20,卖盘
1572,13:27:51,23.26,23260,10,卖盘
1573,13:28:12,23.27,46540,20,买盘
1574,13:28:15,23.25,234858,101,卖盘
1575,13:28:33,23.26,2326,1,卖盘
1576,13:28:51,23.26,2326,1,卖盘
1577,13:28:54,23.27,4654,2,买盘
1578,13:29:03,23.26,2326,1,卖盘
1579,13:29:18,23.27,9308,4,买盘
1580,13:30:00,23.27,4654,2,买盘
1581,13:30:15,23.26,18608,8,卖盘
1582,13:30:24,23.26,74432,32,卖盘
1583,13:30:42,23.26,13956,6,卖盘
1584,13:30:45,23.26,4652,2,卖盘
1585,13:31:12,23.27,20943,9,买盘
1586,13:31:18,23.26,18608,8,卖盘
1587,13:31:21,23.26,2326,1,买盘
1588,13:31:24,23.25,51163,22,卖盘
1589,13:31:33,23.26,18608,8,买盘
1590,13:31:36,23.26,2326,1,买盘
1591,13:31:42,23.26,2326,1,买盘
1592,13:31:51,23.25,2325,1,卖盘
1593,13:31:54,23.25,160428,69,卖盘
1594,13:32:00,23.26,18608,8,买盘
1595,13:32:03,23.25,2325,1,卖盘
1596,13:32:06,23.25,4650,2,卖盘
1597,13:32:18,23.26,4652,2,买盘
1598,13:32:21,23.25,32558,14,卖盘
1599,13:32:39,23.25,4650,2,卖盘
1600,13:32:48,23.25,4650,2,卖盘
1601,13:33:00,23.26,18608,8,卖盘
1602,13:33:03,23.27,58158,25,买盘
1603,13:33:06,23.27,6981,3,买盘
1604,13:33:09,23.26,2326,1,卖盘
1605,13:33:12,23.26,27912,12,卖盘
1606,13:33:48,23.26,2326,1,卖盘
1607,13:34:06,23.26,13958,6,卖盘
1608,13:34:21,23.26,146538,63,卖盘
1609,13:34:24,23.26,23253,10,买盘
1610,13:34:30,23.27,30242,13,买盘
1611,13:34:33,23.27,93065,40,买盘
1612,13:34:45,23.26,2326,1,中性盘
1613,13:34:48,23.26,13956,6,卖盘
1614,13:34:51,23.26,6978,3,卖盘
1615,13:35:03,23.25,34875,15,卖盘
1616,13:35:06,23.25,2325,1,卖盘
1617,13:35:09,23.25,23250,10,卖盘
1618,13:35:24,23.25,16275,7,卖盘
1619,13:35:45,23.25,11625,5,卖盘
1620,13:36:27,23.25,23250,10,卖盘
1621,13:36:33,23.25,11625,5,卖盘
1622,13:36:36,23.26,72106,31,买盘
1623,13:36:45,23.25,13950,6,卖盘
1624,13:36:54,23.25,6975,3,卖盘
1625,13:36:57,23.25,4650,2,卖盘
1626,13:37:00,23.25,6975,3,卖盘
1627,13:37:12,23.25,116250,50,卖盘
1628,13:37:15,23.25,130200,56,卖盘
1629,13:37:18,23.25,23250,10,卖盘
1630,13:37:24,23.25,93000,40,卖盘
1631,13:37:30,23.25,4650,2,卖盘
1632,13:37:45,23.25,237160,102,卖盘
1633,13:38:18,23.24,4648,2,卖盘
1634,13:38:33,23.25,2325,1,买盘
1635,13:38:48,23.25,2325,1,买盘
1636,13:38:54,23.24,6972,3,卖盘
1637,13:39:03,23.24,30212,13,卖盘
1638,13:39:06,23.24,20916,9,卖盘
1639,13:39:09,23.24,4648,2,卖盘
1640,13:39:12,23.24,9296,4,卖盘
1641,13:39:15,23.23,323011,139,卖盘
1642,13:39:21,23.23,2323,1,卖盘
1643,13:39:33,23.23,2323,1,卖盘
1644,13:39:36,23.23,9292,4,卖盘
1645,13:39:45,23.23,11615,5,卖盘
1646,13:39:48,23.23,34845,15,卖盘
1647,13:39:51,23.23,174218,75,卖盘
1648,13:39:54,23.23,18581,8,买盘
1649,13:39:57,23.22,9288,4,卖盘
1650,13:40:00,23.22,58054,25,卖盘
1651,13:40:03,23.22,13932,6,卖盘
1652,13:40:06,23.22,55728,24,卖盘
1653,13:40:18,23.22,13932,6,卖盘
1654,13:40:21,23.22,18583,8,中性盘
1655,13:40:27,23.23,4646,2,买盘
1656,13:40:30,23.22,16254,7,卖盘
1657,13:40:33,23.22,51084,22,买盘
1658,13:40:36,23.22,6966,3,买盘
1659,13:40:39,23.21,9284,4,卖盘
1660,13:40:42,23.22,18576,8,买盘
1661,13:40:45,23.22,4644,2,卖盘
1662,13:40:48,23.21,90536,39,卖盘
1663,13:40:54,23.21,30190,13,卖盘
1664,13:41:06,23.22,48762,21,买盘
1665,13:41:24,23.22,18576,8,卖盘
1666,13:41:27,23.22,32507,14,买盘
1667,13:41:36,23.23,11615,5,买盘
1668,13:41:45,23.22,97524,42,卖盘
1669,13:42:06,23.23,13938,6,买盘
1670,13:42:15,23.23,11615,5,买盘
1671,13:42:30,23.23,6969,3,买盘
1672,13:42:33,23.23,2323,1,买盘
1673,13:42:36,23.23,41814,18,买盘
1674,13:42:42,23.23,22069,10,买盘
1675,13:42:45,23.23,23230,10,卖盘
1676,13:42:51,23.23,44137,19,卖盘
1677,13:43:06,23.24,16264,7,买盘
1678,13:43:09,23.23,2323,1,卖盘
1679,13:43:12,23.24,25564,11,买盘
1680,13:43:39,23.24,27888,12,卖盘
1681,13:44:00,23.23,9292,4,卖盘
1682,13:44:03,23.24,4648,2,买盘
1683,13:44:12,23.23,6969,3,卖盘
1684,13:44:15,23.23,4646,2,卖盘
1685,13:44:24,23.23,2323,1,卖盘
1686,13:44:30,23.23,67367,29,卖盘
1687,13:44:45,23.23,13938,6,卖盘
1688,13:44:48,23.23,11615,5,买盘
1689,13:44:51,23.23,2323,1,买盘
1690,13:44:57,23.23,2323,1,买盘
1691,13:45:03,23.23,4646,2,买盘
1692,13:45:06,23.23,4646,2,买盘
1693,13:45:09,23.23,4646,2,买盘
1694,13:45:12,23.23,25553,11,买盘
1695,13:45:21,23.23,9294,4,卖盘
1696,13:45:24,23.23,16261,7,卖盘
1697,13:45:42,23.23,55752,24,卖盘
1698,13:46:00,23.24,83664,36,买盘
1699,13:46:24,23.25,4650,2,买盘
1700,13:46:27,23.25,6975,3,买盘
1701,13:46:30,23.25,4650,2,买盘
1702,13:46:33,23.24,11620,5,卖盘
1703,13:46:36,23.25,46500,20,买盘
1704,13:46:39,23.25,4650,2,买盘
1705,13:46:42,23.25,2325,1,买盘
1706,13:46:45,23.25,9300,4,买盘
1707,13:46:48,23.25,2325,1,买盘
1708,13:46:51,23.25,4650,2,买盘
1709,13:46:57,23.25,93000,40,买盘
1710,13:47:00,23.25,2325,1,买盘
1711,13:47:24,23.24,4648,2,卖盘
1712,13:47:27,23.25,44175,19,买盘
1713,13:47:33,23.25,2325,1,买盘
1714,13:47:36,23.25,46505,20,卖盘
1715,13:47:39,23.25,2325,1,卖盘
1716,13:47:42,23.25,16275,7,卖盘
1717,13:47:48,23.25,9300,4,卖盘
1718,13:47:57,23.25,4650,2,卖盘
1719,13:48:15,23.25,6975,3,卖盘
1720,13:48:27,23.25,6975,3,买盘
1721,13:48:30,23.26,4652,2,买盘
1722,13:48:33,23.25,2325,1,卖盘
1723,13:48:45,23.25,13950,6,卖盘
1724,13:48:48,23.24,255700,110,卖盘
1725,13:48:51,23.26,23257,10,买盘
1726,13:49:06,23.24,9296,4,卖盘
1727,13:49:27,23.24,267260,115,卖盘
1728,13:49:30,23.25,18600,8,买盘
1729,13:49:33,23.24,39513,17,卖盘
1730,13:49:51,23.25,11625,5,买盘
1731,13:49:54,23.25,6975,3,卖盘
1732,13:50:15,23.25,2325,1,卖盘
1733,13:50:24,23.26,2326,1,买盘
1734,13:50:30,23.25,13950,6,卖盘
1735,13:50:33,23.24,44172,19,卖盘
1736,13:50:36,23.24,13944,6,卖盘
1737,13:50:39,23.25,11625,5,买盘
1738,13:50:42,23.24,11621,5,卖盘
1739,13:50:51,23.25,2325,1,买盘
1740,13:50:54,23.24,20916,9,卖盘
1741,13:50:57,23.24,13944,6,卖盘
1742,13:51:00,23.24,2324,1,卖盘
1743,13:51:06,23.25,4650,2,买盘
1744,13:51:09,23.24,109228,47,卖盘
1745,13:51:12,23.24,2324,1,买盘
1746,13:51:21,23.23,148673,64,卖盘
1747,13:51:30,23.24,6972,3,买盘
1748,13:51:39,23.24,23240,10,卖盘
1749,13:51:42,23.24,11620,5,卖盘
1750,13:51:45,23.23,46464,20,卖盘
1751,13:51:54,23.2,1123432,484,卖盘
1752,13:52:18,23.23,116150,50,卖盘
1753,13:52:24,23.25,16267,7,买盘
1754,13:52:39,23.23,51106,22,卖盘
1755,13:52:51,23.23,20907,9,卖盘
1756,13:52:54,23.23,11615,5,卖盘
1757,13:53:06,23.23,23230,10,买盘
1758,13:53:09,23.22,6966,3,卖盘
1759,13:53:12,23.22,2322,1,卖盘
1760,13:53:15,23.22,6966,3,卖盘
1761,13:53:18,23.22,11610,5,买盘
1762,13:53:21,23.22,4644,2,卖盘
1763,13:53:24,23.22,2322,1,卖盘
1764,13:53:33,23.22,4644,2,卖盘
1765,13:53:36,23.22,11610,5,买盘
1766,13:53:48,23.22,4644,2,买盘
1767,13:53:54,23.21,90519,39,卖盘
1768,13:54:00,23.22,32506,14,买盘
1769,13:54:03,23.22,23220,10,买盘
1770,13:54:06,23.22,78948,34,买盘
1771,13:54:12,23.23,11615,5,买盘
1772,13:54:48,23.22,2322,1,卖盘
1773,13:55:03,23.22,30197,13,卖盘
1774,13:55:09,23.22,13932,6,卖盘
1775,13:55:18,23.22,11610,5,卖盘
1776,13:55:27,23.21,37150,16,卖盘
1777,13:55:30,23.22,4644,2,买盘
1778,13:55:33,23.22,9288,4,买盘
1779,13:55:42,23.22,4644,2,卖盘
1780,13:55:48,23.22,2322,1,卖盘
1781,13:55:51,23.21,278527,120,卖盘
1782,13:55:57,23.22,4643,2,买盘
1783,13:56:00,23.21,2321,1,卖盘
1784,13:56:03,23.22,23220,10,买盘
1785,13:56:12,23.22,2322,1,买盘
1786,13:56:15,23.22,9288,4,买盘
1787,13:56:18,23.23,37166,16,买盘
1788,13:56:27,23.23,13938,6,卖盘
1789,13:56:36,23.23,9292,4,卖盘
1790,13:56:39,23.24,2324,1,买盘
1791,13:56:54,23.23,13938,6,卖盘
1792,13:57:03,23.23,4646,2,卖盘
1793,13:57:06,23.23,4646,2,卖盘
1794,13:57:15,23.23,6971,3,卖盘
1795,13:57:33,23.24,18592,8,买盘
1796,13:57:54,23.25,23243,10,买盘
1797,13:58:15,23.25,2325,1,买盘
1798,13:58:21,23.25,99975,43,买盘
1799,13:58:24,23.24,18592,8,卖盘
1800,13:58:45,23.24,25564,11,卖盘
1801,13:58:48,23.24,18592,8,卖盘
1802,13:58:51,23.25,11625,5,买盘
1803,13:58:54,23.24,6972,3,卖盘
1804,13:58:57,23.24,13944,6,卖盘
1805,13:59:00,23.24,2324,1,卖盘
1806,13:59:03,23.23,30202,13,卖盘
1807,13:59:06,23.23,4646,2,卖盘
1808,13:59:09,23.23,6969,3,卖盘
1809,13:59:15,23.23,16261,7,卖盘
1810,13:59:18,23.24,30203,13,买盘
1811,13:59:30,23.22,92880,40,卖盘
1812,13:59:33,23.22,9288,4,卖盘
1813,13:59:39,23.22,9288,4,卖盘
1814,13:59:57,23.22,11610,5,卖盘
1815,14:00:00,23.24,6970,3,买盘
1816,14:00:03,23.23,2323,1,中性盘
1817,14:00:09,23.23,2323,1,买盘
1818,14:00:12,23.24,44155,19,买盘
1819,14:00:18,23.24,25564,11,买盘
1820,14:00:24,23.24,2324,1,买盘
1821,14:00:30,23.24,2324,1,买盘
1822,14:00:33,23.24,2324,1,买盘
1823,14:00:36,23.24,32536,14,买盘
1824,14:00:42,23.25,13950,6,买盘
1825,14:00:48,23.24,6972,3,卖盘
1826,14:00:57,23.24,13944,6,卖盘
1827,14:01:03,23.25,23250,10,买盘
1828,14:01:42,23.25,2325,1,买盘
1829,14:01:45,23.24,2324,1,卖盘
1830,14:01:48,23.25,2325,1,买盘
1831,14:01:51,23.25,111600,48,买盘
1832,14:01:54,23.25,69750,30,卖盘
1833,14:02:12,23.25,122295,53,卖盘
1834,14:02:18,23.26,530328,228,买盘
1835,14:02:21,23.27,2327,1,买盘
1836,14:02:24,23.26,13956,6,卖盘
1837,14:02:33,23.26,4652,2,卖盘
1838,14:02:39,23.27,2327,1,买盘
1839,14:02:45,23.26,9304,4,卖盘
1840,14:02:54,23.26,2326,1,买盘
1841,14:03:00,23.26,11630,5,卖盘
1842,14:03:09,23.27,11635,5,买盘
1843,14:03:36,23.27,37232,16,买盘
1844,14:03:39,23.27,88426,38,买盘
1845,14:03:45,23.27,34905,15,卖盘
1846,14:03:48,23.27,25597,11,买盘
1847,14:03:57,23.27,11635,5,买盘
1848,14:04:09,23.27,58175,25,卖盘
1849,14:04:27,23.26,34896,15,卖盘
1850,14:04:30,23.29,577410,248,买盘
1851,14:04:33,23.3,69880,30,买盘
1852,14:04:36,23.29,139740,60,卖盘
1853,14:04:51,23.3,2330,1,买盘
1854,14:04:54,23.29,11645,5,卖盘
1855,14:04:57,23.31,470730,202,买盘
1856,14:05:21,23.32,132879,57,买盘
1857,14:05:24,23.31,9324,4,卖盘
1858,14:05:27,23.34,777201,333,买盘
1859,14:05:33,23.32,9328,4,中性盘
1860,14:05:39,23.33,128369,55,卖盘
1861,14:05:51,23.33,27996,12,买盘
1862,14:06:03,23.33,23330,10,买盘
1863,14:06:12,23.32,2332,1,卖盘
1864,14:06:24,23.32,76956,33,卖盘
1865,14:06:27,23.32,2332,1,卖盘
1866,14:06:33,23.32,104950,45,卖盘
1867,14:06:42,23.32,11660,5,买盘
1868,14:06:51,23.32,13992,6,买盘
1869,14:06:54,23.32,6996,3,买盘
1870,14:07:00,23.32,16324,7,买盘
1871,14:07:03,23.32,104940,45,买盘
1872,14:07:06,23.33,16331,7,买盘
1873,14:07:09,23.32,6996,3,卖盘
1874,14:07:24,23.32,46640,20,卖盘
1875,14:07:27,23.32,11660,5,卖盘
1876,14:07:30,23.32,2332,1,卖盘
1877,14:07:36,23.33,20990,9,买盘
1878,14:07:45,23.33,51326,22,买盘
1879,14:07:48,23.32,23320,10,买盘
1880,14:07:51,23.32,11660,5,买盘
1881,14:07:54,23.31,32634,14,卖盘
1882,14:08:15,23.31,11655,5,卖盘
1883,14:08:30,23.31,116550,50,卖盘
1884,14:08:33,23.32,2332,1,买盘
1885,14:08:36,23.34,1234586,529,买盘
1886,14:08:39,23.32,2332,1,中性盘
1887,14:08:57,23.33,9332,4,买盘
1888,14:09:00,23.33,2333,1,买盘
1889,14:09:03,23.31,46620,20,卖盘
1890,14:09:06,23.31,128210,55,卖盘
1891,14:09:24,23.31,71329,31,卖盘
1892,14:09:27,23.31,6993,3,卖盘
1893,14:09:33,23.31,67599,29,卖盘
1894,14:09:36,23.31,58275,25,卖盘
1895,14:09:39,23.31,3263,1,卖盘
1896,14:09:48,23.31,4662,2,买盘
1897,14:10:06,23.31,4662,2,买盘
1898,14:10:15,23.31,9324,4,买盘
1899,14:10:18,23.31,18648,8,买盘
1900,14:10:21,23.31,2331,1,中性盘
1901,14:10:24,23.31,4662,2,买盘
1902,14:10:48,23.3,30290,13,卖盘
1903,14:10:51,23.31,25640,11,买盘
1904,14:10:54,23.3,18640,8,卖盘
1905,14:10:57,23.3,2330,1,卖盘
1906,14:11:06,23.3,2330,1,卖盘
1907,14:11:09,23.31,501165,215,买盘
1908,14:11:15,23.32,25644,11,买盘
1909,14:11:18,23.31,23310,10,卖盘
1910,14:11:21,23.32,4664,2,买盘
1911,14:11:39,23.33,25662,11,买盘
1912,14:11:54,23.32,23320,10,卖盘
1913,14:12:03,23.31,13986,6,卖盘
1914,14:12:09,23.31,48951,21,卖盘
1915,14:12:12,23.31,62937,27,卖盘
1916,14:12:15,23.31,30303,13,卖盘
1917,14:12:42,23.3,4660,2,卖盘
1918,14:12:57,23.3,6990,3,卖盘
1919,14:13:15,23.3,116500,50,卖盘
1920,14:13:18,23.3,13978,6,卖盘
1921,14:13:33,23.3,11650,5,买盘
1922,14:13:51,23.29,90831,39,卖盘
1923,14:13:54,23.29,20961,9,中性盘
1924,14:14:21,23.29,6987,3,卖盘
1925,14:14:24,23.3,2330,1,买盘
1926,14:14:27,23.3,2330,1,中性盘
1927,14:14:30,23.29,118805,51,卖盘
1928,14:14:48,23.31,104895,45,买盘
1929,14:14:51,23.31,6993,3,买盘
1930,14:14:57,23.31,4662,2,买盘
1931,14:15:00,23.31,2331,1,买盘
1932,14:15:03,23.31,2331,1,买盘
1933,14:15:09,23.31,44289,19,买盘
1934,14:15:18,23.33,368472,158,买盘
1935,14:15:21,23.33,53659,23,买盘
1936,14:15:24,23.33,6999,3,买盘
1937,14:15:39,23.34,2334,1,买盘
1938,14:15:42,23.34,7002,3,买盘
1939,14:15:48,23.34,23340,10,卖盘
1940,14:15:51,23.34,14004,6,卖盘
1941,14:16:03,23.35,364260,156,买盘
1942,14:16:06,23.35,11675,5,买盘
1943,14:16:18,23.35,2335,1,买盘
1944,14:16:30,23.34,4668,2,卖盘
1945,14:16:36,23.34,11670,5,卖盘
1946,14:16:54,23.33,198332,85,卖盘
1947,14:17:18,23.33,2333,1,卖盘
1948,14:17:24,23.34,4668,2,买盘
1949,14:17:30,23.34,2334,1,卖盘
1950,14:17:39,23.35,9340,4,买盘
1951,14:17:42,23.34,2334,1,中性盘
1952,14:18:00,23.35,4670,2,买盘
1953,14:18:06,23.35,119085,51,买盘
1954,14:18:21,23.35,4670,2,买盘
1955,14:18:24,23.35,23350,10,买盘
1956,14:18:27,23.33,128315,55,卖盘
1957,14:19:03,23.33,86321,37,卖盘
1958,14:19:06,23.32,4664,2,卖盘
1959,14:19:15,23.32,2332,1,卖盘
1960,14:19:24,23.32,9328,4,卖盘
1961,14:19:27,23.32,13992,6,卖盘
1962,14:19:30,23.32,6996,3,卖盘
1963,14:19:39,23.33,494596,212,买盘
1964,14:19:42,23.33,13998,6,买盘
1965,14:19:45,23.33,2333,1,买盘
1966,14:19:48,23.33,2333,1,买盘
1967,14:19:54,23.33,2333,1,买盘
1968,14:19:57,23.32,4664,2,卖盘
1969,14:20:03,23.32,6996,3,卖盘
1970,14:20:06,23.32,13995,6,卖盘
1971,14:20:09,23.32,72292,31,卖盘
1972,14:20:21,23.32,116600,50,卖盘
1973,14:20:27,23.32,13992,6,卖盘
1974,14:20:33,23.32,2332,1,卖盘
1975,14:20:39,23.32,11660,5,卖盘
1976,14:20:45,23.32,9328,4,卖盘
1977,14:20:51,23.32,2332,1,卖盘
1978,14:21:03,23.32,2332,1,卖盘
1979,14:21:12,23.32,109604,47,卖盘
1980,14:21:18,23.32,2332,1,买盘
1981,14:21:21,23.31,9324,4,卖盘
1982,14:21:30,23.31,32634,14,卖盘
1983,14:21:33,23.31,2331,1,买盘
1984,14:21:36,23.31,11655,5,买盘
1985,14:21:57,23.31,9324,4,卖盘
1986,14:22:03,23.31,11655,5,卖盘
1987,14:22:12,23.32,11660,5,买盘
1988,14:22:15,23.32,4664,2,买盘
1989,14:22:30,23.31,6993,3,卖盘
1990,14:22:42,23.32,2332,1,买盘
1991,14:22:45,23.31,2331,1,卖盘
1992,14:23:03,23.31,2331,1,卖盘
1993,14:23:06,23.31,25641,11,卖盘
1994,14:23:09,23.31,16317,7,卖盘
1995,14:23:21,23.31,2331,1,卖盘
1996,14:23:24,23.32,67625,29,买盘
1997,14:23:27,23.32,4664,2,卖盘
1998,14:23:30,23.32,9328,4,卖盘
1999,14:23:33,23.33,240298,103,买盘
2000,14:23:39,23.34,2334,1,买盘
2001,14:23:42,23.34,4668,2,买盘
2002,14:24:09,23.35,28020,12,买盘
2003,14:24:12,23.34,16338,7,卖盘
2004,14:24:21,23.34,16338,7,卖盘
2005,14:24:36,23.34,2334,1,买盘
2006,14:24:39,23.34,28008,12,买盘
2007,14:24:54,23.34,11670,5,卖盘
2008,14:24:57,23.34,7002,3,卖盘
2009,14:25:06,23.35,2335,1,买盘
2010,14:25:18,23.35,25685,11,买盘
2011,14:25:21,23.34,9338,4,卖盘
2012,14:25:24,23.35,4670,2,买盘
2013,14:25:27,23.35,4670,2,买盘
2014,14:25:30,23.35,2335,1,买盘
2015,14:25:51,23.35,72370,31,买盘
2016,14:25:54,23.35,46695,20,卖盘
2017,14:26:03,23.35,107410,46,卖盘
2018,14:26:06,23.36,7008,3,买盘
2019,14:26:09,23.36,11680,5,买盘
2020,14:26:12,23.36,46720,20,买盘
2021,14:26:27,23.36,2336,1,买盘
2022,14:26:42,23.35,2335,1,卖盘
2023,14:26:51,23.34,9336,4,卖盘
2024,14:27:03,23.34,30342,13,卖盘
2025,14:27:12,23.35,46701,20,买盘
2026,14:27:15,23.34,24740,11,卖盘
2027,14:27:18,23.34,46681,20,卖盘
2028,14:27:24,23.34,7002,3,卖盘
2029,14:27:51,23.35,11675,5,买盘
2030,14:27:57,23.34,14004,6,卖盘
2031,14:28:03,23.35,14010,6,买盘
2032,14:28:06,23.35,7005,3,买盘
2033,14:28:09,23.35,2335,1,买盘
2034,14:28:12,23.35,42030,18,买盘
2035,14:28:15,23.35,74720,32,卖盘
2036,14:28:18,23.35,2335,1,买盘
2037,14:28:21,23.35,21015,9,买盘
2038,14:28:24,23.35,4670,2,买盘
2039,14:28:36,23.35,2335,1,买盘
2040,14:28:39,23.35,16345,7,买盘
2041,14:28:42,23.35,11675,5,买盘
2042,14:28:45,23.35,56040,24,买盘
2043,14:28:48,23.34,4668,2,卖盘
2044,14:28:54,23.35,2335,1,卖盘
2045,14:29:00,23.35,2335,1,买盘
2046,14:29:09,23.34,56035,24,卖盘
2047,14:29:12,23.34,2334,1,卖盘
2048,14:29:15,23.34,9336,4,卖盘
2049,14:29:18,23.34,4668,2,卖盘
2050,14:29:33,23.34,7002,3,卖盘
2051,14:29:36,23.34,11670,5,卖盘
2052,14:29:42,23.35,2335,1,买盘
2053,14:29:45,23.34,23340,10,卖盘
2054,14:29:51,23.34,9336,4,卖盘
2055,14:29:54,23.35,4670,2,买盘
2056,14:30:03,23.35,14010,6,买盘
2057,14:30:06,23.35,2335,1,买盘
2058,14:30:09,23.34,184386,79,卖盘
2059,14:30:12,23.34,2334,1,买盘
2060,14:30:15,23.33,11668,5,卖盘
2061,14:30:18,23.34,2334,1,卖盘
2062,14:30:21,23.33,700,0,卖盘
2063,14:30:24,23.34,18672,8,买盘
2064,14:30:45,23.34,9336,4,买盘
2065,14:30:48,23.34,11670,5,买盘
2066,14:30:54,23.34,2334,1,买盘
2067,14:30:57,23.34,32676,14,买盘
2068,14:31:15,23.35,67715,29,买盘
2069,14:31:21,23.36,2336,1,买盘
2070,14:31:30,23.35,2335,1,买盘
2071,14:31:36,23.35,11675,5,买盘
2072,14:31:39,23.35,18679,8,买盘
2073,14:31:45,23.35,4670,2,买盘
2074,14:31:48,23.35,2335,1,买盘
2075,14:32:00,23.35,37360,16,买盘
2076,14:32:03,23.35,4670,2,卖盘
2077,14:32:27,23.36,105120,45,买盘
2078,14:32:42,23.36,2336,1,卖盘
2079,14:32:48,23.37,4674,2,买盘
2080,14:32:51,23.37,63093,27,买盘
2081,14:32:54,23.37,2337,1,买盘
2082,14:32:57,23.37,70110,30,买盘
2083,14:33:12,23.38,23380,10,买盘
2084,14:33:15,23.38,11690,5,买盘
2085,14:33:18,23.37,2337,1,卖盘
2086,14:33:21,23.38,4676,2,买盘
2087,14:33:24,23.37,137883,59,卖盘
2088,14:33:27,23.36,7008,3,卖盘
2089,14:33:30,23.36,7008,3,卖盘
2090,14:33:36,23.37,14019,6,中性盘
2091,14:33:42,23.37,2337,1,买盘
2092,14:33:45,23.37,42066,18,买盘
2093,14:33:48,23.35,11678,5,卖盘
2094,14:33:54,23.35,7007,3,卖盘
2095,14:34:00,23.37,35055,15,买盘
2096,14:34:21,23.38,142616,61,买盘
2097,14:34:24,23.37,11685,5,卖盘
2098,14:34:30,23.37,49077,21,卖盘
2099,14:34:33,23.37,4674,2,卖盘
2100,14:34:39,23.37,9348,4,中性盘
2101,14:34:42,23.37,2337,1,买盘
2102,14:34:51,23.37,2337,1,买盘
2103,14:34:57,23.37,2337,1,买盘
2104,14:35:03,23.36,35040,15,买盘
2105,14:35:06,23.37,4674,2,买盘
2106,14:35:09,23.38,116898,50,买盘
2107,14:35:12,23.38,4676,2,买盘
2108,14:35:18,23.36,72416,31,卖盘
2109,14:35:21,23.38,2338,1,买盘
2110,14:35:33,23.38,2338,1,买盘
2111,14:35:36,23.36,11683,5,卖盘
2112,14:35:42,23.37,4674,2,买盘
2113,14:35:45,23.37,11681,5,买盘
2114,14:35:51,23.36,49056,21,卖盘
2115,14:35:57,23.36,2336,1,卖盘
2116,14:36:00,23.37,7009,3,买盘
2117,14:36:06,23.38,9349,4,买盘
2118,14:36:21,23.38,79487,34,买盘
2119,14:36:48,23.38,2338,1,买盘
2120,14:36:54,23.38,222110,95,买盘
2121,14:36:57,23.38,2338,1,卖盘
2122,14:37:00,23.38,28056,12,卖盘
2123,14:37:03,23.38,7014,3,卖盘
2124,14:37:06,23.38,4676,2,买盘
2125,14:37:12,23.38,21042,9,买盘
2126,14:37:24,23.38,11690,5,买盘
2127,14:37:33,23.37,4674,2,卖盘
2128,14:37:36,23.37,25707,11,卖盘
2129,14:37:39,23.38,2338,1,买盘
2130,14:37:48,23.38,2338,1,买盘
2131,14:37:51,23.37,175296,75,卖盘
2132,14:37:57,23.37,4674,2,卖盘
2133,14:38:00,23.37,4674,2,卖盘
2134,14:38:09,23.37,4674,2,卖盘
2135,14:38:12,23.37,11685,5,卖盘
2136,14:38:18,23.37,88806,38,卖盘
2137,14:38:24,23.37,44403,19,买盘
2138,14:38:51,23.37,2337,1,卖盘
2139,14:38:54,23.38,2338,1,买盘
2140,14:39:09,23.38,11690,5,买盘
2141,14:39:12,23.37,2337,1,卖盘
2142,14:39:15,23.36,549091,235,卖盘
2143,14:39:27,23.37,7011,3,卖盘
2144,14:39:30,23.36,14016,6,卖盘
2145,14:39:39,23.36,2336,1,卖盘
2146,14:40:00,23.36,114464,49,卖盘
2147,14:40:03,23.37,14021,6,买盘
2148,14:40:06,23.37,28040,12,买盘
2149,14:40:15,23.35,4670,2,卖盘
2150,14:40:18,23.35,2335,1,卖盘
2151,14:40:24,23.36,2336,1,卖盘
2152,14:40:30,23.36,18688,8,卖盘
2153,14:40:36,23.36,18688,8,卖盘
2154,14:40:42,23.36,42048,18,买盘
2155,14:40:48,23.35,2335,1,卖盘
2156,14:40:54,23.36,2336,1,买盘
2157,14:40:57,23.36,30358,13,买盘
2158,14:41:03,23.35,2335,1,卖盘
2159,14:41:21,23.36,245180,105,买盘
2160,14:41:30,23.35,70050,30,卖盘
2161,14:41:36,23.35,35025,15,卖盘
2162,14:41:45,23.36,25696,11,买盘
2163,14:41:48,23.36,2336,1,买盘
2164,14:41:51,23.35,4670,2,卖盘
2165,14:41:57,23.35,25689,11,卖盘
2166,14:42:03,23.35,2335,1,卖盘
2167,14:42:09,23.36,2336,1,买盘
2168,14:42:27,23.35,2335,1,卖盘
2169,14:42:48,23.36,2336,1,买盘
2170,14:43:03,23.36,58400,25,买盘
2171,14:43:27,23.36,58400,25,卖盘
2172,14:43:30,23.36,4672,2,卖盘
2173,14:43:42,23.36,28032,12,卖盘
2174,14:43:45,23.36,39712,17,买盘
2175,14:43:48,23.37,2337,1,买盘
2176,14:43:51,23.36,49056,21,卖盘
2177,14:43:54,23.37,4674,2,买盘
2178,14:44:30,23.37,2337,1,买盘
2179,14:44:33,23.36,2336,1,卖盘
2180,14:44:42,23.37,2337,1,买盘
2181,14:44:45,23.37,2337,1,买盘
2182,14:44:48,23.37,4674,2,买盘
2183,14:44:51,23.36,21024,9,卖盘
2184,14:44:57,23.37,114513,49,买盘
2185,14:45:00,23.37,23370,10,买盘
2186,14:45:03,23.36,116801,50,卖盘
2187,14:45:06,23.37,4674,2,买盘
2188,14:45:09,23.37,4674,2,买盘
2189,14:45:18,23.36,2336,1,卖盘
2190,14:45:24,23.36,11682,5,卖盘
2191,14:45:33,23.37,4674,2,买盘
2192,14:45:36,23.36,4673,2,卖盘
2193,14:45:39,23.36,18688,8,卖盘
2194,14:45:42,23.37,4674,2,买盘
2195,14:45:48,23.36,7008,3,卖盘
2196,14:45:51,23.36,249997,107,卖盘
2197,14:45:54,23.36,9344,4,买盘
2198,14:45:57,23.36,28036,12,卖盘
2199,14:46:00,23.36,11680,5,卖盘
2200,14:46:09,23.37,7011,3,买盘
2201,14:46:12,23.36,16353,7,卖盘
2202,14:46:33,23.36,2336,1,卖盘
2203,14:46:48,23.36,39728,17,卖盘
2204,14:46:54,23.36,9344,4,卖盘
2205,14:47:00,23.37,9348,4,买盘
2206,14:47:03,23.36,217292,93,卖盘
2207,14:47:06,23.37,2337,1,中性盘
2208,14:47:18,23.37,11685,5,卖盘
2209,14:47:33,23.38,11690,5,买盘
2210,14:47:51,23.37,9348,4,卖盘
2211,14:47:54,23.38,7014,3,买盘
2212,14:47:57,23.37,28044,12,卖盘
2213,14:48:00,23.37,7011,3,买盘
2214,14:48:03,23.37,23362,10,买盘
2215,14:48:06,23.37,21781,9,买盘
2216,14:48:12,23.37,21033,9,卖盘
2217,14:48:15,23.37,23370,10,卖盘
2218,14:48:21,23.37,6263,3,卖盘
2219,14:48:27,23.37,86469,37,买盘
2220,14:48:30,23.38,89559,38,买盘
2221,14:49:00,23.38,9352,4,买盘
2222,14:49:03,23.37,4674,2,卖盘
2223,14:49:06,23.37,53751,23,卖盘
2224,14:49:09,23.37,14022,6,买盘
2225,14:49:12,23.38,74788,32,买盘
2226,14:49:21,23.37,23370,10,卖盘
2227,14:49:24,23.38,4676,2,买盘
2228,14:49:27,23.38,93520,40,买盘
2229,14:49:30,23.37,11685,5,卖盘
2230,14:49:33,23.37,11685,5,卖盘
2231,14:49:39,23.38,9352,4,买盘
2232,14:49:42,23.36,21030,9,卖盘
2233,14:49:45,23.37,21033,9,中性盘
2234,14:49:48,23.37,105148,45,买盘
2235,14:49:51,23.37,2337,1,买盘
2236,14:49:54,23.37,2337,1,买盘
2237,14:49:57,23.37,18696,8,买盘
2238,14:50:00,23.36,14016,6,卖盘
2239,14:50:06,23.37,16358,7,买盘
2240,14:50:09,23.37,14022,6,买盘
2241,14:50:12,23.37,35055,15,买盘
2242,14:50:21,23.37,49074,21,买盘
2243,14:50:24,23.37,2337,1,卖盘
2244,14:50:27,23.37,9348,4,买盘
2245,14:50:30,23.37,35055,15,买盘
2246,14:50:33,23.37,25707,11,买盘
2247,14:50:39,23.37,9346,4,买盘
2248,14:50:48,23.37,9348,4,买盘
2249,14:50:54,23.37,46740,20,买盘
2250,14:50:57,23.37,30379,13,买盘
2251,14:51:00,23.37,23370,10,买盘
2252,14:51:06,23.37,161185,69,买盘
2253,14:51:12,23.37,23370,10,买盘
2254,14:51:15,23.36,60757,26,卖盘
2255,14:51:18,23.36,81760,35,卖盘
2256,14:51:21,23.36,28033,12,卖盘
2257,14:51:24,23.37,74782,32,买盘
2258,14:51:30,23.36,18688,8,卖盘
2259,14:51:42,23.37,16359,7,买盘
2260,14:51:45,23.37,28044,12,买盘
2261,14:51:48,23.37,46740,20,买盘
