,成交时间,成交价格,成交金额,成交量,性质
0,09:25:00,51.61,1192191,231,卖盘
1,09:30:00,51.61,159980,31,卖盘
2,09:30:03,51.6,3576606,693,卖盘
3,09:30:06,51.53,422519,82,卖盘
4,09:30:09,51.48,154432,30,卖盘
5,09:30:12,51.45,627713,122,卖盘
6,09:30:15,51.41,210784,41,卖盘
7,09:30:18,51.41,251908,49,卖盘
8,09:30:21,51.4,945766,184,卖盘
9,09:30:24,51.43,889449,173,买盘
10,09:30:27,51.43,457778,89,卖盘
11,09:30:30,51.46,375527,73,买盘
12,09:30:33,51.39,565452,110,卖盘
13,09:30:36,51.42,318748,62,买盘
14,09:30:39,51.5,596914,116,买盘
15,09:30:42,51.5,952698,185,买盘
16,09:30:45,51.49,190462,37,中性盘
17,09:30:48,51.5,530094,103,买盘
18,09:30:51,51.46,205873,40,卖盘
19,09:30:54,51.49,87531,17,中性盘
20,09:30:57,51.5,406782,79,买盘
21,09:31:00,51.52,15456,3,买盘
22,09:31:03,51.52,293491,57,买盘
23,09:31:06,51.46,360464,70,卖盘
24,09:31:09,51.46,15442,3,卖盘
25,09:31:12,51.46,92638,18,卖盘
26,09:31:15,51.48,411667,80,买盘
27,09:31:18,51.47,185255,36,买盘
28,09:31:21,51.48,324198,63,买盘
29,09:31:24,51.43,246892,48,卖盘
30,09:31:27,51.44,437242,85,卖盘
31,09:31:30,51.46,46297,9,中性盘
32,09:31:33,51.44,200590,39,中性盘
33,09:31:36,51.43,185151,36,卖盘
34,09:31:39,51.42,66860,13,卖盘
35,09:31:42,51.44,118273,23,买盘
36,09:31:45,51.43,164585,32,买盘
37,09:31:48,51.43,133718,26,卖盘
38,09:31:51,51.45,56587,11,买盘
39,09:31:54,51.46,138917,27,买盘
40,09:31:57,51.43,473005,92,卖盘
41,09:32:00,51.43,128620,25,卖盘
42,09:32:03,51.46,282996,55,买盘
43,09:32:06,51.47,741064,144,买盘
44,09:32:09,51.47,51465,10,卖盘
45,09:32:12,51.46,20589,4,卖盘
46,09:32:15,51.47,82356,16,卖盘
47,09:32:18,51.48,113227,22,中性盘
48,09:32:21,51.48,97806,19,卖盘
49,09:32:24,51.49,633382,123,买盘
50,09:32:27,51.44,118379,23,卖盘
51,09:32:30,51.49,92689,18,卖盘
52,09:32:33,51.49,20596,4,买盘
53,09:32:36,51.45,66933,13,卖盘
54,09:32:39,51.45,25729,5,卖盘
55,09:32:42,51.5,520080,101,买盘
56,09:32:45,51.46,46313,9,中性盘
57,09:32:48,51.5,41192,8,买盘
58,09:32:51,51.49,324117,63,中性盘
59,09:32:54,51.46,15440,3,卖盘
60,09:32:57,51.45,154379,30,卖盘
61,09:33:00,51.45,41161,8,卖盘
62,09:33:03,51.46,102933,20,买盘
63,09:33:06,51.46,113184,22,买盘
64,09:33:09,51.43,46296,9,卖盘
65,09:33:12,51.43,97726,19,卖盘
66,09:33:15,51.5,422119,82,买盘
67,09:33:18,51.5,180253,35,卖盘
68,09:33:21,51.48,46339,9,卖盘
69,09:33:24,51.45,87501,17,卖盘
70,09:33:27,51.45,72040,14,卖盘
71,09:33:30,51.49,159507,31,中性盘
72,09:33:33,51.49,324472,63,买盘
73,09:33:39,51.5,36058,7,卖盘
74,09:33:42,51.53,185412,36,买盘
75,09:33:45,51.53,345225,67,买盘
76,09:33:48,51.53,169979,33,买盘
77,09:33:51,51.49,30900,6,卖盘
78,09:33:54,51.5,108126,21,卖盘
79,09:33:57,51.46,61752,12,卖盘
80,09:34:00,51.46,41175,8,卖盘
81,09:34:03,51.46,303617,59,卖盘
82,09:34:06,51.46,102930,20,卖盘
83,09:34:12,51.46,138946,27,卖盘
84,09:34:15,51.47,25734,5,中性盘
85,09:34:18,51.46,92632,18,卖盘
86,09:34:21,51.47,20588,4,买盘
87,09:34:24,51.48,211055,41,买盘
88,09:34:27,51.49,10297,2,买盘
89,09:34:30,51.48,20592,4,卖盘
90,09:34:33,51.49,5149,1,买盘
91,09:34:36,51.49,180207,35,买盘
92,09:34:39,51.49,61788,12,买盘
93,09:34:42,51.49,30893,6,买盘
94,09:34:45,51.5,525287,102,买盘
95,09:34:48,51.5,15450,3,卖盘
96,09:34:51,51.5,15450,3,买盘
97,09:34:54,51.5,82400,16,买盘
98,09:34:57,51.5,87546,17,买盘
99,09:35:00,51.5,144178,28,买盘
100,09:35:03,51.5,206000,40,买盘
101,09:35:06,51.5,422167,82,买盘
102,09:35:09,51.49,36042,7,买盘
103,09:35:12,51.47,92657,18,卖盘
104,09:35:15,51.46,138970,27,卖盘
105,09:35:18,51.45,128649,25,卖盘
106,09:35:21,51.46,56607,11,中性盘
107,09:35:24,51.45,437327,85,卖盘
108,09:35:27,51.43,2478900,482,卖盘
109,09:35:30,51.43,56573,11,买盘
110,09:35:33,51.43,323888,63,买盘
111,09:35:36,51.46,1985361,386,买盘
112,09:35:39,51.46,123541,24,卖盘
113,09:35:42,51.5,437378,85,买盘
114,09:35:45,51.44,77222,15,卖盘
115,09:35:48,51.5,128613,25,买盘
116,09:35:51,51.47,46323,9,中性盘
117,09:35:54,51.49,87511,17,中性盘
118,09:35:57,51.47,15441,3,卖盘
119,09:36:00,51.47,10294,2,卖盘
120,09:36:03,51.49,108097,21,买盘
121,09:36:09,51.48,41180,8,中性盘
122,09:36:12,51.48,15442,3,买盘
123,09:36:15,51.49,200788,39,买盘
124,09:36:18,51.5,690084,134,买盘
125,09:36:21,51.5,339899,66,买盘
126,09:36:24,51.5,169952,33,卖盘
127,09:36:27,51.5,169912,33,中性盘
128,09:36:30,51.49,41190,8,中性盘
129,09:36:33,51.49,56644,11,卖盘
130,09:36:36,51.5,128743,25,买盘
131,09:36:39,51.49,102982,20,卖盘
132,09:36:42,51.47,92669,18,卖盘
133,09:36:45,51.49,25745,5,买盘
134,09:36:48,51.49,10298,2,买盘
135,09:36:51,51.47,180148,35,卖盘
136,09:36:54,51.47,61762,12,买盘
137,09:36:57,51.47,82337,16,买盘
138,09:37:00,51.46,20584,4,卖盘
139,09:37:03,51.5,617834,120,买盘
140,09:37:06,51.48,15444,3,中性盘
141,09:37:09,51.48,51480,10,卖盘
142,09:37:12,51.49,46334,9,中性盘
143,09:37:15,51.48,72078,14,卖盘
144,09:37:18,51.5,731359,142,买盘
145,09:37:21,51.5,25752,5,卖盘
146,09:37:24,51.5,350214,68,卖盘
147,09:37:27,51.5,77250,15,卖盘
148,09:37:30,51.5,5150,1,卖盘
149,09:37:33,51.5,175142,34,卖盘
150,09:37:36,51.5,5150,1,卖盘
151,09:37:39,51.5,211169,41,卖盘
152,09:37:42,51.48,139003,27,卖盘
153,09:37:45,51.48,97837,19,卖盘
154,09:37:48,51.49,77227,15,买盘
155,09:37:51,51.48,102986,20,卖盘
156,09:37:54,51.48,51491,10,卖盘
157,09:37:57,51.47,77219,15,卖盘
158,09:38:00,51.47,190445,37,卖盘
159,09:38:03,51.49,288314,56,买盘
160,09:38:06,51.5,236895,46,买盘
161,09:38:09,51.49,92693,18,卖盘
162,09:38:12,51.51,221441,43,买盘
163,09:38:15,51.51,25754,5,买盘
164,09:38:18,51.51,1076389,209,买盘
165,09:38:21,51.51,226639,44,买盘
166,09:38:24,51.5,123600,24,卖盘
167,09:38:27,51.49,123580,24,卖盘
168,09:38:30,51.49,128747,25,卖盘
169,09:38:36,51.51,561349,109,买盘
170,09:38:39,51.5,159651,31,卖盘
171,09:38:42,51.51,118473,23,买盘
172,09:38:45,51.51,25754,5,买盘
173,09:38:48,51.51,154529,30,买盘
174,09:38:51,51.5,46352,9,卖盘
175,09:38:54,51.5,41200,8,卖盘
176,09:38:57,51.55,999594,194,买盘
177,09:39:00,51.55,46395,9,卖盘
178,09:39:03,51.55,61860,12,卖盘
179,09:39:06,51.55,1144410,222,卖盘
180,09:39:09,51.54,288497,56,买盘
181,09:39:12,51.5,237016,46,卖盘
182,09:39:15,51.52,144210,28,中性盘
183,09:39:18,51.49,92683,18,卖盘
184,09:39:21,51.48,133852,26,卖盘
185,09:39:24,51.49,46341,9,买盘
186,09:39:27,51.48,51489,10,中性盘
187,09:39:30,51.5,82376,16,买盘
188,09:39:33,51.5,401697,78,买盘
189,09:39:36,51.51,133906,26,中性盘
190,09:39:39,51.49,66945,13,卖盘
191,09:39:42,51.48,30893,6,卖盘
192,09:39:45,51.48,164800,32,卖盘
193,09:39:48,51.5,211150,41,买盘
194,09:39:51,51.51,25746,5,买盘
195,09:39:54,51.51,103035,20,卖盘
196,09:39:57,51.52,169988,33,中性盘
197,09:40:00,51.53,5153,1,买盘
198,09:40:03,51.51,180312,35,卖盘
199,09:40:06,51.52,15451,3,中性盘
200,09:40:09,51.49,87537,17,卖盘
201,09:40:12,51.49,36045,7,卖盘
202,09:40:15,51.5,267780,52,买盘
203,09:40:18,51.5,92702,18,卖盘
204,09:40:21,51.5,123600,24,卖盘
205,09:40:24,51.5,144213,28,卖盘
206,09:40:27,51.5,61801,12,卖盘
207,09:40:30,51.5,20600,4,卖盘
208,09:40:33,51.49,25747,5,卖盘
209,09:40:36,51.5,72093,14,买盘
210,09:40:39,51.49,72084,14,卖盘
211,09:40:42,51.5,56643,11,买盘
212,09:40:45,51.51,216299,42,买盘
213,09:40:48,51.55,376092,73,买盘
214,09:40:51,51.57,92794,18,买盘
215,09:40:54,51.53,180552,35,卖盘
216,09:40:57,51.53,10311,2,卖盘
217,09:41:00,51.6,87698,17,买盘
218,09:41:03,51.6,72240,14,买盘
219,09:41:06,51.6,30954,6,买盘
220,09:41:09,51.6,56742,11,买盘
221,09:41:12,51.6,82556,16,买盘
222,09:41:15,51.6,51585,10,买盘
223,09:41:18,51.57,46432,9,卖盘
224,09:41:21,51.54,10311,2,卖盘
225,09:41:24,51.57,10314,2,中性盘
226,09:41:27,51.57,51559,10,买盘
227,09:41:30,51.53,46389,9,卖盘
228,09:41:33,51.52,72189,14,卖盘
229,09:41:36,51.52,25760,5,卖盘
230,09:41:39,51.6,237294,46,买盘
231,09:41:42,51.53,25779,5,卖盘
232,09:41:45,51.6,309429,60,买盘
233,09:41:48,51.61,46414,9,买盘
234,09:41:51,51.61,82576,16,买盘
235,09:41:54,51.62,10324,2,买盘
236,09:41:57,51.62,41292,8,买盘
237,09:42:00,51.64,175531,34,买盘
238,09:42:03,51.67,495900,96,买盘
239,09:42:09,51.7,403219,78,买盘
240,09:42:12,51.7,475641,92,买盘
241,09:42:15,51.69,325708,63,卖盘
242,09:42:18,51.7,46530,9,买盘
243,09:42:21,51.68,191252,37,卖盘
244,09:42:24,51.69,604574,117,买盘
245,09:42:27,51.67,222116,43,中性盘
246,09:42:30,51.65,72310,14,卖盘
247,09:42:33,51.65,87787,17,买盘
248,09:42:36,51.65,72286,14,买盘
249,09:42:39,51.67,330502,64,买盘
250,09:42:42,51.67,108488,21,买盘
251,09:42:45,51.67,175661,34,买盘
252,09:42:48,51.67,51659,10,买盘
253,09:42:51,51.65,30994,6,卖盘
254,09:42:54,51.65,92997,18,卖盘
255,09:42:57,51.65,232469,45,卖盘
256,09:43:00,51.66,36167,7,买盘
257,09:43:03,51.65,160118,31,卖盘
258,09:43:06,51.66,67149,13,买盘
259,09:43:09,51.66,92979,18,买盘
260,09:43:12,51.66,154980,30,买盘
261,09:43:15,51.67,82661,16,买盘
262,09:43:18,51.66,315126,61,卖盘
263,09:43:21,51.66,304794,59,卖盘
264,09:43:24,51.66,934986,181,买盘
265,09:43:27,51.66,56826,11,买盘
266,09:43:30,51.66,113652,22,买盘
267,09:43:33,51.66,25826,5,买盘
268,09:43:36,51.65,25828,5,卖盘
269,09:43:39,51.65,51650,10,买盘
270,09:43:42,51.65,30978,6,买盘
271,09:43:45,51.65,51650,10,买盘
272,09:43:48,51.65,113620,22,买盘
273,09:43:51,51.66,180807,35,买盘
274,09:43:54,51.66,20661,4,买盘
275,09:43:57,51.67,51666,10,买盘
276,09:44:00,51.67,25835,5,买盘
277,09:44:03,51.67,10334,2,买盘
278,09:44:06,51.68,542647,105,买盘
279,09:44:09,51.69,196457,38,中性盘
280,09:44:12,51.68,113702,22,卖盘
281,09:44:15,51.7,113721,22,买盘
282,09:44:18,51.69,15508,3,卖盘
283,09:44:21,51.69,77537,15,卖盘
284,09:44:24,51.7,67202,13,买盘
285,09:44:27,51.73,496434,96,买盘
286,09:44:30,51.73,429359,83,卖盘
287,09:44:33,51.7,1100912,213,卖盘
288,09:44:36,51.7,217100,42,买盘
289,09:44:39,51.69,248158,48,中性盘
290,09:44:42,51.66,149896,29,卖盘
291,09:44:45,51.66,25842,5,卖盘
292,09:44:48,51.67,118819,23,中性盘
293,09:44:51,51.66,294410,57,中性盘
294,09:44:54,51.65,41316,8,中性盘
295,09:44:57,51.66,61992,12,买盘
296,09:45:03,51.62,758898,147,卖盘
297,09:45:06,51.61,123867,24,卖盘
298,09:45:09,51.61,46449,9,卖盘
299,09:45:12,51.62,108402,21,买盘
300,09:45:18,51.61,118733,23,卖盘
301,09:45:21,51.62,77424,15,买盘
302,09:45:24,51.61,20644,4,卖盘
303,09:45:27,51.62,159998,31,买盘
304,09:45:30,51.61,103222,20,卖盘
305,09:45:36,51.61,30966,6,卖盘
306,09:45:39,51.61,15483,3,买盘
307,09:45:42,51.6,15480,3,卖盘
308,09:45:45,51.6,20640,4,卖盘
309,09:45:48,51.61,30962,6,买盘
310,09:45:51,51.6,30960,6,卖盘
311,09:45:54,51.6,134160,26,卖盘
312,09:45:57,51.61,350974,68,买盘
313,09:46:00,51.61,51614,10,卖盘
314,09:46:03,51.61,5161,1,卖盘
315,09:46:06,51.62,185828,36,买盘
316,09:46:09,51.61,41288,8,卖盘
317,09:46:12,51.63,30978,6,买盘
318,09:46:15,51.64,232330,45,买盘
319,09:46:18,51.63,41303,8,买盘
320,09:46:21,51.64,67122,13,买盘
321,09:46:24,51.64,10328,2,买盘
322,09:46:27,51.64,67138,13,买盘
323,09:46:33,51.65,139443,27,买盘
324,09:46:36,51.64,180783,35,卖盘
325,09:46:42,51.65,5165,1,中性盘
326,09:46:45,51.67,36166,7,买盘
327,09:46:51,51.68,15502,3,买盘
328,09:46:54,51.67,46505,9,卖盘
329,09:46:57,51.68,139517,27,买盘
330,09:47:00,51.67,46498,9,中性盘
331,09:47:03,51.66,92999,18,卖盘
332,09:47:06,51.69,108508,21,买盘
333,09:47:09,51.65,36165,7,卖盘
334,09:47:12,51.65,61997,12,卖盘
335,09:47:15,51.65,82696,16,卖盘
336,09:47:18,51.67,51672,10,卖盘
337,09:47:21,51.68,20669,4,中性盘
338,09:47:24,51.68,36182,7,中性盘
339,09:47:27,51.68,103353,20,中性盘
340,09:47:30,51.66,72337,14,卖盘
341,09:47:33,51.65,87827,17,卖盘
342,09:47:36,51.67,175677,34,中性盘
343,09:47:39,51.69,144732,28,卖盘
344,09:47:42,51.69,51690,10,卖盘
345,09:47:45,51.68,67178,13,卖盘
346,09:47:48,51.68,36175,7,卖盘
347,09:47:51,51.65,175656,34,卖盘
348,09:47:54,51.65,46505,9,卖盘
349,09:47:57,51.67,36157,7,中性盘
350,09:48:00,51.67,5167,1,买盘
351,09:48:09,51.67,20667,4,买盘
352,09:48:12,51.67,149828,29,买盘
353,09:48:15,51.66,191184,37,卖盘
354,09:48:18,51.66,20668,4,卖盘
355,09:48:21,51.65,129152,25,卖盘
356,09:48:27,51.66,10332,2,卖盘
357,09:48:30,51.67,77518,15,卖盘
358,09:48:33,51.68,10336,2,买盘
359,09:48:36,51.67,15501,3,卖盘
360,09:48:39,51.68,82678,16,买盘
361,09:48:45,51.68,118867,23,卖盘
362,09:48:48,51.66,206712,40,卖盘
363,09:48:51,51.68,36176,7,卖盘
364,09:48:54,51.68,103347,20,买盘
365,09:48:57,51.65,46502,9,卖盘
366,09:49:00,51.66,41325,8,买盘
367,09:49:06,51.65,129164,25,卖盘
368,09:49:09,51.65,25825,5,卖盘
369,09:49:12,51.64,351211,68,卖盘
370,09:49:15,51.63,87786,17,卖盘
371,09:49:18,51.63,67119,13,卖盘
372,09:49:21,51.64,139410,27,买盘
373,09:49:24,51.64,5164,1,卖盘
374,09:49:27,51.64,51649,10,卖盘
375,09:49:30,51.65,56815,11,买盘
376,09:49:33,51.64,46476,9,卖盘
377,09:49:36,51.64,144612,28,卖盘
378,09:49:39,51.64,361477,70,卖盘
379,09:49:42,51.64,30981,6,买盘
380,09:49:45,51.64,25816,5,买盘
381,09:49:48,51.62,15486,3,卖盘
382,09:49:51,51.64,10326,2,买盘
383,09:49:54,51.65,185926,36,买盘
384,09:49:57,51.67,242834,47,买盘
385,09:50:00,51.67,67171,13,买盘
386,09:50:03,51.68,46505,9,买盘
387,09:50:06,51.68,67176,13,买盘
388,09:50:09,51.66,25831,5,卖盘
389,09:50:12,51.68,273899,53,买盘
390,09:50:15,51.69,294687,57,中性盘
391,09:50:18,51.69,206734,40,中性盘
392,09:50:21,51.71,87907,17,买盘
393,09:50:24,51.71,31026,6,买盘
394,09:50:27,51.71,134456,26,买盘
395,09:50:30,51.72,155113,30,买盘
396,09:50:36,51.72,72408,14,买盘
397,09:50:39,51.72,118956,23,买盘
398,09:50:42,51.72,15516,3,买盘
399,09:50:45,51.73,25861,5,买盘
400,09:50:48,51.72,144834,28,卖盘
401,09:50:51,51.72,51724,10,卖盘
402,09:50:54,51.72,93106,18,卖盘
403,09:50:57,51.73,243152,47,买盘
404,09:51:00,51.74,25870,5,中性盘
405,09:51:03,51.73,98310,19,卖盘
406,09:51:06,51.75,238047,46,买盘
407,09:51:09,51.76,175950,34,买盘
408,09:51:12,51.76,46584,9,买盘
409,09:51:15,51.76,10352,2,卖盘
410,09:51:18,51.76,217386,42,卖盘
411,09:51:21,51.77,403802,78,买盘
412,09:51:24,51.78,5178,1,买盘
413,09:51:27,51.78,553929,107,买盘
414,09:51:30,51.78,77670,15,买盘
415,09:51:33,51.75,108717,21,卖盘
416,09:51:36,51.75,124200,24,卖盘
417,09:51:39,51.73,46574,9,卖盘
418,09:51:42,51.77,155277,30,买盘
419,09:51:45,51.77,284723,55,买盘
420,09:51:48,51.77,124254,24,卖盘
421,09:51:51,51.77,124259,24,卖盘
422,09:51:54,51.77,36241,7,卖盘
423,09:51:57,51.77,238163,46,卖盘
424,09:52:00,51.77,31066,6,卖盘
425,09:52:03,51.77,15532,3,卖盘
426,09:52:06,51.82,2221927,429,买盘
427,09:52:09,51.78,937419,181,卖盘
428,09:52:12,51.77,20708,4,卖盘
429,09:52:15,51.78,41428,8,中性盘
430,09:52:18,51.77,1024967,198,卖盘
431,09:52:21,51.79,46596,9,买盘
432,09:52:24,51.78,232966,45,中性盘
433,09:52:27,51.77,88009,17,卖盘
434,09:52:30,51.78,88011,17,买盘
435,09:52:33,51.78,155339,30,买盘
436,09:52:36,51.78,62139,12,卖盘
437,09:52:39,51.78,10356,2,卖盘
438,09:52:42,51.79,36250,7,买盘
439,09:52:45,51.78,113930,22,卖盘
440,09:52:48,51.79,41432,8,买盘
441,09:52:51,51.78,134646,26,卖盘
442,09:52:54,51.78,119116,23,卖盘
443,09:52:57,51.79,108758,21,买盘
444,09:53:00,51.8,160568,31,买盘
445,09:53:03,51.8,25900,5,卖盘
446,09:53:06,51.79,611109,118,卖盘
447,09:53:09,51.77,62133,12,卖盘
448,09:53:12,51.78,144970,28,买盘
449,09:53:15,51.77,56947,11,卖盘
450,09:53:18,51.77,46597,9,卖盘
451,09:53:21,51.77,67301,13,卖盘
452,09:53:24,51.78,134608,26,买盘
453,09:53:27,51.77,10354,2,卖盘
454,09:53:30,51.77,25885,5,买盘
455,09:53:36,51.77,67297,13,卖盘
456,09:53:39,51.76,31056,6,卖盘
457,09:53:42,51.76,20707,4,中性盘
458,09:53:45,51.76,25880,5,中性盘
459,09:53:48,51.76,31055,6,买盘
460,09:53:51,51.75,15525,3,卖盘
461,09:53:54,51.76,87992,17,买盘
462,09:53:57,51.75,51752,10,卖盘
463,09:54:00,51.73,253536,49,卖盘
464,09:54:03,51.73,56908,11,卖盘
465,09:54:06,51.73,36211,7,卖盘
466,09:54:09,51.73,72435,14,卖盘
467,09:54:12,51.73,10347,2,卖盘
468,09:54:15,51.73,20692,4,卖盘
469,09:54:18,51.72,15518,3,卖盘
470,09:54:21,51.72,51725,10,卖盘
471,09:54:24,51.73,20690,4,买盘
472,09:54:27,51.72,15516,3,卖盘
473,09:54:30,51.72,25860,5,卖盘
474,09:54:33,51.72,62064,12,卖盘
475,09:54:36,51.73,56897,11,买盘
476,09:54:39,51.73,72410,14,买盘
477,09:54:42,51.72,98278,19,卖盘
478,09:54:45,51.73,15517,3,买盘
479,09:54:48,51.72,160333,31,卖盘
480,09:54:51,51.7,36196,7,卖盘
481,09:54:54,51.72,36192,7,买盘
482,09:54:57,51.71,56877,11,中性盘
483,09:55:00,51.7,25851,5,卖盘
484,09:55:03,51.7,10340,2,卖盘
485,09:55:06,51.7,134430,26,卖盘
486,09:55:09,51.71,56877,11,买盘
487,09:55:12,51.7,25850,5,卖盘
488,09:55:15,51.69,82722,16,卖盘
489,09:55:18,51.69,36185,7,卖盘
490,09:55:21,51.69,56868,11,卖盘
491,09:55:24,51.68,62022,12,卖盘
492,09:55:27,51.67,77525,15,卖盘
493,09:55:33,51.68,62009,12,中性盘
494,09:55:36,51.67,20671,4,卖盘
495,09:55:39,51.67,36169,7,买盘
496,09:55:42,51.66,118838,23,卖盘
497,09:55:45,51.71,604689,117,买盘
498,09:55:48,51.65,61990,12,卖盘
499,09:55:51,51.66,123983,24,买盘
500,09:55:54,51.66,72321,14,买盘
501,09:55:57,51.7,124017,24,买盘
502,09:56:00,51.7,5170,1,卖盘
503,09:56:03,51.7,175780,34,卖盘
504,09:56:06,51.7,67210,13,卖盘
505,09:56:09,51.7,5170,1,卖盘
506,09:56:12,51.71,36192,7,买盘
507,09:56:15,51.71,67222,13,买盘
508,09:56:18,51.72,10344,2,买盘
509,09:56:21,51.7,387942,75,卖盘
510,09:56:24,51.72,5172,1,卖盘
511,09:56:27,51.73,41384,8,买盘
512,09:56:30,51.71,10343,2,卖盘
513,09:56:33,51.71,41373,8,卖盘
514,09:56:36,51.71,15513,3,卖盘
515,09:56:39,51.73,212076,41,买盘
516,09:56:42,51.73,5173,1,卖盘
517,09:56:48,51.73,36211,7,卖盘
518,09:56:51,51.75,243148,47,买盘
519,09:56:54,51.74,10348,2,卖盘
520,09:56:57,51.75,10349,2,买盘
521,09:57:00,51.74,82785,16,卖盘
522,09:57:03,51.75,5175,1,买盘
523,09:57:06,51.74,46567,9,卖盘
524,09:57:09,51.74,56912,11,买盘
525,09:57:12,51.74,10347,2,买盘
526,09:57:15,51.73,15519,3,卖盘
527,09:57:18,51.73,5173,1,卖盘
528,09:57:21,51.73,5173,1,卖盘
529,09:57:24,51.73,31038,6,卖盘
530,09:57:27,51.73,20693,4,卖盘
531,09:57:30,51.73,15519,3,卖盘
532,09:57:33,51.72,243116,47,卖盘
533,09:57:36,51.71,25857,5,卖盘
534,09:57:39,51.71,5171,1,卖盘
535,09:57:42,51.71,263806,51,卖盘
536,09:57:45,51.72,10344,2,卖盘
537,09:57:48,51.72,15515,3,中性盘
538,09:57:51,51.71,124105,24,卖盘
539,09:57:54,51.71,10342,2,卖盘
540,09:57:57,51.71,5171,1,卖盘
541,09:58:00,51.72,25860,5,买盘
542,09:58:03,51.72,77580,15,卖盘
543,09:58:06,51.72,51728,10,卖盘
544,09:58:09,51.73,5173,1,买盘
545,09:58:12,51.75,517348,100,买盘
546,09:58:15,51.72,5172,1,卖盘
547,09:58:18,51.75,46575,9,买盘
548,09:58:21,51.75,36225,7,买盘
549,09:58:24,51.75,56906,11,买盘
550,09:58:27,51.74,10348,2,中性盘
551,09:58:30,51.75,93145,18,买盘
552,09:58:33,51.74,5174,1,卖盘
553,09:58:36,51.75,46575,9,买盘
554,09:58:39,51.75,87969,17,买盘
555,09:58:42,51.74,10349,2,卖盘
556,09:58:45,51.75,320788,62,买盘
557,09:58:48,51.75,46559,9,买盘
558,09:58:51,51.73,31039,6,卖盘
559,09:58:54,51.75,46575,9,买盘
560,09:58:57,51.73,51742,10,卖盘
561,09:59:00,51.7,987764,191,卖盘
562,09:59:03,51.7,1106364,214,卖盘
563,09:59:06,51.69,25838,5,中性盘
564,09:59:09,51.66,449672,87,卖盘
565,09:59:12,51.67,36168,7,中性盘
566,09:59:15,51.67,15500,3,买盘
567,09:59:18,51.65,87818,17,卖盘
568,09:59:21,51.66,5166,1,中性盘
569,09:59:24,51.66,41328,8,卖盘
570,09:59:27,51.68,15504,3,买盘
571,09:59:30,51.67,36170,7,中性盘
572,09:59:33,51.67,15500,3,买盘
573,09:59:36,51.66,170540,33,卖盘
574,09:59:39,51.67,1611587,312,中性盘
575,09:59:42,51.67,253173,49,买盘
576,09:59:45,51.66,25833,5,卖盘
577,09:59:48,51.67,31002,6,中性盘
578,09:59:54,51.66,62012,12,卖盘
579,09:59:57,51.66,113652,22,卖盘
580,10:00:03,51.64,335724,65,卖盘
581,10:00:06,51.65,129119,25,买盘
582,10:00:09,51.65,41320,8,卖盘
583,10:00:12,51.66,56824,11,买盘
584,10:00:15,51.66,51660,10,买盘
585,10:00:18,51.66,36160,7,买盘
586,10:00:21,51.65,108479,21,卖盘
587,10:00:24,51.66,134315,26,买盘
588,10:00:27,51.66,36166,7,卖盘
589,10:00:30,51.65,20662,4,卖盘
590,10:00:36,51.66,25827,5,买盘
591,10:00:39,51.65,15495,3,卖盘
592,10:00:42,51.65,5165,1,卖盘
593,10:00:45,51.65,41327,8,卖盘
594,10:00:48,51.65,36156,7,卖盘
595,10:00:51,51.65,67145,13,卖盘
596,10:00:54,51.66,103320,20,买盘
597,10:00:57,51.66,67148,13,买盘
598,10:01:00,51.65,5165,1,卖盘
599,10:01:03,51.65,118796,23,卖盘
600,10:01:09,51.66,41324,8,买盘
601,10:01:12,51.67,273843,53,买盘
602,10:01:15,51.68,20671,4,买盘
603,10:01:18,51.69,36178,7,买盘
604,10:01:21,51.68,20672,4,卖盘
605,10:01:24,51.68,10336,2,买盘
606,10:01:27,51.71,325611,63,买盘
607,10:01:30,51.71,5171,1,买盘
608,10:01:33,51.7,62041,12,卖盘
609,10:01:36,51.71,46533,9,买盘
610,10:01:42,51.72,170648,33,买盘
611,10:01:45,51.71,31026,6,卖盘
612,10:01:48,51.71,10342,2,卖盘
613,10:01:51,51.72,82752,16,买盘
614,10:01:54,51.73,46557,9,卖盘
615,10:01:57,51.74,67262,13,买盘
616,10:02:00,51.72,87940,17,卖盘
617,10:02:03,51.74,103452,20,买盘
618,10:02:06,51.7,15512,3,卖盘
619,10:02:12,51.75,181028,35,买盘
620,10:02:15,51.7,72380,14,中性盘
621,10:02:18,51.72,41370,8,买盘
622,10:02:21,51.72,25860,5,卖盘
623,10:02:24,51.72,51720,10,卖盘
624,10:02:27,51.75,325982,63,买盘
625,10:02:33,51.73,51730,10,卖盘
626,10:02:36,51.73,20694,4,卖盘
627,10:02:39,51.73,31041,6,卖盘
628,10:02:42,51.72,98287,19,卖盘
629,10:02:45,51.73,5173,1,买盘
630,10:02:48,51.73,118978,23,买盘
631,10:02:54,51.75,558832,108,买盘
632,10:02:57,51.72,62092,12,卖盘
633,10:03:00,51.72,5172,1,卖盘
634,10:03:03,51.75,5175,1,买盘
635,10:03:06,51.73,5173,1,卖盘
636,10:03:09,51.75,5175,1,买盘
637,10:03:12,51.76,103506,20,买盘
638,10:03:15,51.75,15525,3,卖盘
639,10:03:21,51.75,51750,10,买盘
640,10:03:24,51.75,20700,4,卖盘
641,10:03:27,51.76,119043,23,买盘
642,10:03:30,51.75,10350,2,卖盘
643,10:03:36,51.75,181153,35,卖盘
644,10:03:39,51.75,15525,3,卖盘
645,10:03:42,51.76,98344,19,买盘
646,10:03:45,51.76,25880,5,买盘
647,10:03:48,51.76,67286,13,买盘
648,10:03:51,51.76,77640,15,买盘
649,10:03:54,51.76,5176,1,买盘
650,10:03:57,51.76,119046,23,买盘
651,10:04:00,51.76,25880,5,买盘
652,10:04:03,51.78,341708,66,买盘
653,10:04:06,51.77,31066,6,卖盘
654,10:04:09,51.77,5177,1,卖盘
655,10:04:12,51.77,300319,58,卖盘
656,10:04:15,51.76,41414,8,卖盘
657,10:04:18,51.77,98348,19,买盘
658,10:04:21,51.76,20705,4,中性盘
659,10:04:24,51.76,10352,2,买盘
660,10:04:27,51.76,62112,12,买盘
661,10:04:30,51.76,25880,5,卖盘
662,10:04:33,51.76,31056,6,卖盘
663,10:04:39,51.76,62112,12,买盘
664,10:04:42,51.77,212254,41,买盘
665,10:04:45,51.77,88024,17,卖盘
666,10:04:48,51.77,15531,3,卖盘
667,10:04:51,51.77,5177,1,卖盘
668,10:04:54,51.77,88009,17,卖盘
669,10:04:57,51.77,25885,5,卖盘
670,10:05:00,51.77,82832,16,卖盘
671,10:05:03,51.77,36239,7,卖盘
672,10:05:06,51.77,5177,1,买盘
673,10:05:09,51.76,5176,1,卖盘
674,10:05:12,51.76,93173,18,卖盘
675,10:05:15,51.76,315799,61,买盘
676,10:05:18,51.76,10352,2,卖盘
677,10:05:21,51.76,51760,10,卖盘
678,10:05:24,51.75,20703,4,卖盘
679,10:05:27,51.75,25878,5,卖盘
680,10:05:30,51.76,15527,3,买盘
681,10:05:33,51.76,15528,3,卖盘
682,10:05:36,51.77,77653,15,买盘
683,10:05:39,51.76,41408,8,卖盘
684,10:05:42,51.75,15525,3,卖盘
685,10:05:45,51.76,165640,32,买盘
686,10:05:54,51.76,5176,1,买盘
687,10:05:57,51.76,15528,3,买盘
688,10:06:00,51.75,186316,36,卖盘
689,10:06:03,51.75,62107,12,卖盘
690,10:06:09,51.75,87975,17,卖盘
691,10:06:12,51.74,25870,5,卖盘
692,10:06:15,51.74,25870,5,卖盘
693,10:06:18,51.74,56914,11,卖盘
694,10:06:21,51.74,31044,6,卖盘
695,10:06:24,51.71,31030,6,卖盘
696,10:06:27,51.7,36198,7,卖盘
697,10:06:30,51.71,51710,10,中性盘
698,10:06:33,51.7,62043,12,卖盘
699,10:06:36,51.7,67210,13,卖盘
700,10:06:39,51.7,103397,20,卖盘
701,10:06:42,51.68,62034,12,卖盘
702,10:06:45,51.7,31020,6,买盘
703,10:06:51,51.68,77548,15,卖盘
704,10:06:54,51.68,31008,6,卖盘
705,10:06:57,51.71,56871,11,买盘
706,10:07:00,51.7,25850,5,卖盘
707,10:07:06,51.7,51700,10,卖盘
708,10:07:09,51.69,56871,11,卖盘
709,10:07:12,51.69,51693,10,卖盘
710,10:07:15,51.69,36183,7,卖盘
711,10:07:18,51.7,149919,29,买盘
712,10:07:21,51.68,41344,8,卖盘
713,10:07:24,51.69,15507,3,买盘
714,10:07:27,51.68,67184,13,卖盘
715,10:07:30,51.68,67184,13,卖盘
716,10:07:33,51.68,51680,10,卖盘
717,10:07:36,51.67,36173,7,卖盘
718,10:07:39,51.67,56837,11,卖盘
719,10:07:42,51.67,129175,25,卖盘
720,10:07:45,51.67,15501,3,卖盘
721,10:07:48,51.66,56836,11,卖盘
722,10:07:51,51.66,10334,2,卖盘
723,10:07:54,51.68,10336,2,买盘
724,10:07:57,51.66,67158,13,卖盘
725,10:08:00,51.66,15498,3,卖盘
726,10:08:03,51.65,444248,86,卖盘
727,10:08:06,51.65,123970,24,卖盘
728,10:08:12,51.65,98136,19,卖盘
729,10:08:15,51.66,113633,22,买盘
730,10:08:21,51.66,25830,5,买盘
731,10:08:27,51.65,36159,7,卖盘
732,10:08:30,51.65,25827,5,卖盘
733,10:08:33,51.65,134290,26,卖盘
734,10:08:36,51.65,216930,42,卖盘
735,10:08:39,51.64,129114,25,卖盘
736,10:08:42,51.64,118773,23,卖盘
737,10:08:45,51.64,123936,24,卖盘
738,10:08:48,51.64,454432,88,卖盘
739,10:08:51,51.64,72296,14,卖盘
740,10:08:54,51.63,72294,14,卖盘
741,10:08:57,51.63,77446,15,卖盘
742,10:09:00,51.63,227172,44,卖盘
743,10:09:03,51.62,170346,33,卖盘
744,10:09:06,51.61,67102,13,卖盘
745,10:09:09,51.61,247736,48,卖盘
746,10:09:12,51.61,526428,102,卖盘
747,10:09:15,51.61,144509,28,卖盘
748,10:09:18,51.61,20644,4,买盘
749,10:09:21,51.6,67080,13,卖盘
750,10:09:24,51.6,180601,35,卖盘
751,10:09:27,51.6,412800,80,卖盘
752,10:09:30,51.6,175441,34,卖盘
753,10:09:33,51.59,118677,23,卖盘
754,10:09:36,51.59,46431,9,卖盘
755,10:09:39,51.59,113503,22,卖盘
756,10:09:42,51.59,206360,40,卖盘
757,10:09:45,51.59,469443,91,卖盘
758,10:09:48,51.58,87686,17,卖盘
759,10:09:54,51.58,175372,34,卖盘
760,10:09:57,51.59,577808,112,买盘
761,10:10:00,51.59,25798,5,卖盘
762,10:10:03,51.59,61909,12,卖盘
763,10:10:06,51.59,15477,3,卖盘
764,10:10:09,51.59,51596,10,卖盘
765,10:10:12,51.6,123840,24,买盘
766,10:10:15,51.6,41277,8,买盘
767,10:10:18,51.6,180618,35,买盘
768,10:10:21,51.6,36122,7,卖盘
769,10:10:24,51.6,25798,5,中性盘
770,10:10:27,51.6,10319,2,买盘
771,10:10:30,51.6,67080,13,买盘
772,10:10:33,51.61,15483,3,买盘
773,10:10:36,51.6,36120,7,卖盘
774,10:10:39,51.6,77400,15,卖盘
775,10:10:42,51.62,165155,32,买盘
776,10:10:45,51.61,123845,24,中性盘
777,10:10:48,51.62,10324,2,买盘
778,10:10:51,51.61,61932,12,卖盘
779,10:10:54,51.61,5161,1,中性盘
780,10:10:57,51.6,15482,3,卖盘
781,10:11:00,51.61,67083,13,中性盘
782,10:11:03,51.61,25805,5,卖盘
783,10:11:06,51.62,134212,26,买盘
784,10:11:09,51.61,72257,14,卖盘
785,10:11:12,51.62,10324,2,卖盘
786,10:11:18,51.62,82593,16,卖盘
787,10:11:21,51.61,92913,18,卖盘
788,10:11:24,51.63,196171,38,买盘
789,10:11:27,51.62,134208,26,中性盘
790,10:11:30,51.62,51619,10,买盘
791,10:11:33,51.63,77434,15,买盘
792,10:11:36,51.62,10324,2,买盘
793,10:11:42,51.62,36134,7,中性盘
794,10:11:45,51.63,5163,1,买盘
795,10:11:48,51.62,41296,8,卖盘
796,10:11:54,51.65,573136,111,买盘
797,10:12:03,51.63,61968,12,卖盘
798,10:12:09,51.63,56805,11,卖盘
799,10:12:12,51.65,160115,31,买盘
800,10:12:15,51.64,25823,5,卖盘
801,10:12:18,51.65,20660,4,卖盘
802,10:12:21,51.65,20660,4,卖盘
803,10:12:24,51.65,25825,5,中性盘
804,10:12:27,51.65,82640,16,中性盘
805,10:12:30,51.64,20656,4,卖盘
806,10:12:33,51.66,294444,57,买盘
807,10:12:39,51.65,5165,1,卖盘
808,10:12:42,51.64,87803,17,卖盘
809,10:12:45,51.63,61967,12,卖盘
810,10:12:48,51.64,36145,7,买盘
811,10:12:51,51.64,15492,3,中性盘
812,10:12:54,51.63,51637,10,卖盘
813,10:12:57,51.64,5164,1,中性盘
814,10:13:00,51.65,15494,3,买盘
815,10:13:03,51.65,25824,5,买盘
816,10:13:06,51.64,15492,3,卖盘
817,10:13:09,51.64,46476,9,卖盘
818,10:13:12,51.63,139401,27,卖盘
819,10:13:15,51.62,5162,1,中性盘
820,10:13:18,51.63,10326,2,买盘
821,10:13:21,51.63,20649,4,买盘
822,10:13:24,51.62,51626,10,卖盘
823,10:13:27,51.62,61944,12,卖盘
824,10:13:30,51.62,87754,17,卖盘
825,10:13:36,51.62,56772,11,买盘
826,10:13:42,51.62,190994,37,买盘
827,10:13:45,51.62,5162,1,卖盘
828,10:13:48,51.62,41296,8,卖盘
829,10:13:51,51.63,123912,24,买盘
830,10:13:54,51.63,25815,5,卖盘
831,10:13:57,51.63,25816,5,卖盘
832,10:14:00,51.63,36141,7,卖盘
833,10:14:03,51.64,154920,30,买盘
834,10:14:06,51.64,20656,4,卖盘
835,10:14:09,51.63,160069,31,卖盘
836,10:14:12,51.65,72305,14,买盘
837,10:14:15,51.63,61976,12,卖盘
838,10:14:18,51.63,10326,2,卖盘
839,10:14:21,51.64,5164,1,买盘
840,10:14:27,51.63,10327,2,卖盘
841,10:14:33,51.64,15492,3,买盘
842,10:14:36,51.64,5164,1,中性盘
843,10:14:39,51.64,15491,3,买盘
844,10:14:42,51.65,129111,25,买盘
845,10:14:45,51.64,92952,18,买盘
846,10:14:48,51.64,10328,2,卖盘
847,10:14:51,51.65,10330,2,买盘
848,10:14:57,51.65,51643,10,买盘
849,10:15:00,51.64,30984,6,卖盘
850,10:15:03,51.65,25824,5,买盘
851,10:15:06,51.64,170412,33,卖盘
852,10:15:09,51.63,5163,1,卖盘
853,10:15:12,51.63,82608,16,卖盘
854,10:15:15,51.62,67116,13,卖盘
855,10:15:18,51.63,46467,9,卖盘
856,10:15:21,51.64,206554,40,买盘
857,10:15:24,51.64,5164,1,买盘
858,10:15:27,51.63,10326,2,卖盘
859,10:15:36,51.63,72282,14,卖盘
860,10:15:39,51.62,92921,18,卖盘
861,10:15:42,51.63,41298,8,买盘
862,10:15:48,51.63,30978,6,买盘
863,10:15:51,51.62,5162,1,卖盘
864,10:15:54,51.62,10324,2,卖盘
865,10:15:57,51.62,196156,38,卖盘
866,10:16:00,51.62,5162,1,卖盘
867,10:16:03,51.62,113564,22,卖盘
868,10:16:06,51.61,242600,47,卖盘
869,10:16:09,51.61,15483,3,卖盘
870,10:16:12,51.61,61931,12,卖盘
871,10:16:15,51.62,98060,19,买盘
872,10:16:21,51.6,61925,12,卖盘
873,10:16:24,51.61,51610,10,买盘
874,10:16:27,51.61,77415,15,买盘
875,10:16:30,51.61,41288,8,卖盘
876,10:16:33,51.61,15483,3,卖盘
877,10:16:39,51.61,247752,48,卖盘
878,10:16:42,51.61,92912,18,卖盘
879,10:16:45,51.62,175507,34,买盘
880,10:16:48,51.61,30966,6,卖盘
881,10:16:51,51.62,51617,10,买盘
882,10:16:54,51.61,15483,3,卖盘
883,10:17:00,51.61,15484,3,卖盘
884,10:17:03,51.61,98070,19,卖盘
885,10:17:06,51.61,108381,21,卖盘
886,10:17:09,51.61,20644,4,卖盘
887,10:17:12,51.62,36130,7,买盘
888,10:17:15,51.63,123900,24,买盘
889,10:17:18,51.62,67106,13,中性盘
890,10:17:21,51.62,46464,9,卖盘
891,10:17:24,51.63,87771,17,买盘
892,10:17:27,51.62,325158,63,卖盘
893,10:17:30,51.58,3142592,609,卖盘
894,10:17:33,51.58,882018,171,卖盘
895,10:17:36,51.56,257839,50,卖盘
896,10:17:39,51.55,36086,7,卖盘
897,10:17:42,51.56,103116,20,买盘
898,10:17:45,51.55,201045,39,卖盘
899,10:17:48,51.54,46386,9,卖盘
900,10:17:51,51.53,5153,1,卖盘
901,10:17:54,51.54,77300,15,买盘
902,10:17:57,51.52,87604,17,卖盘
903,10:18:00,51.52,46368,9,卖盘
904,10:18:03,51.52,5152,1,卖盘
905,10:18:06,51.52,10304,2,卖盘
906,10:18:09,51.53,72132,14,买盘
907,10:18:12,51.52,36064,7,买盘
908,10:18:15,51.51,113337,22,卖盘
909,10:18:18,51.52,66970,13,买盘
910,10:18:21,51.52,103040,20,卖盘
911,10:18:24,51.52,61824,12,卖盘
912,10:18:27,51.52,61824,12,卖盘
913,10:18:30,51.51,82429,16,卖盘
914,10:18:33,51.52,36064,7,买盘
915,10:18:36,51.51,56661,11,卖盘
916,10:18:39,51.51,41208,8,卖盘
917,10:18:42,51.51,41208,8,卖盘
918,10:18:45,51.51,108171,21,卖盘
919,10:18:48,51.51,169985,33,卖盘
920,10:18:51,51.51,10302,2,卖盘
921,10:18:54,51.51,36057,7,卖盘
922,10:18:57,51.51,46365,9,卖盘
923,10:19:00,51.51,15453,3,卖盘
924,10:19:03,51.51,169983,33,卖盘
925,10:19:06,51.5,108169,21,卖盘
926,10:19:09,51.51,20604,4,买盘
927,10:19:12,51.51,195736,38,买盘
928,10:19:15,51.5,82408,16,卖盘
929,10:19:18,51.49,1297790,252,卖盘
930,10:19:21,51.48,133850,26,卖盘
931,10:19:24,51.48,77220,15,卖盘
932,10:19:27,51.48,51477,10,买盘
933,10:19:30,51.47,30882,6,卖盘
934,10:19:33,51.47,56621,11,卖盘
935,10:19:42,51.46,10292,2,卖盘
936,10:19:45,51.47,5147,1,买盘
937,10:19:48,51.46,56606,11,卖盘
938,10:19:54,51.46,10292,2,卖盘
939,10:19:57,51.46,77190,15,卖盘
940,10:20:00,51.47,36027,7,买盘
941,10:20:03,51.47,452927,88,买盘
942,10:20:06,51.47,10294,2,卖盘
943,10:20:09,51.47,61764,12,卖盘
944,10:20:18,51.47,72058,14,卖盘
945,10:20:21,51.47,15441,3,卖盘
946,10:20:24,51.47,77205,15,卖盘
947,10:20:27,51.47,15441,3,买盘
948,10:20:30,51.47,56612,11,买盘
949,10:20:33,51.47,46317,9,买盘
950,10:20:36,51.46,36027,7,卖盘
951,10:20:39,51.46,36024,7,卖盘
952,10:20:42,51.46,25730,5,卖盘
953,10:20:45,51.46,25732,5,卖盘
954,10:20:48,51.46,15438,3,卖盘
955,10:20:51,51.46,25730,5,卖盘
956,10:20:54,51.46,41172,8,卖盘
957,10:20:57,51.47,46323,9,买盘
958,10:21:00,51.47,72054,14,买盘
959,10:21:03,51.46,247051,48,卖盘
960,10:21:06,51.47,10294,2,买盘
961,10:21:09,51.46,15439,3,卖盘
962,10:21:12,51.46,82337,16,卖盘
963,10:21:18,51.46,61752,12,卖盘
964,10:21:21,51.46,5146,1,卖盘
965,10:21:24,51.46,138942,27,卖盘
966,10:21:27,51.46,108066,21,卖盘
967,10:21:30,51.47,710150,138,买盘
968,10:21:33,51.47,56604,11,买盘
969,10:21:36,51.46,56615,11,中性盘
970,10:21:39,51.46,25731,5,卖盘
971,10:21:42,51.46,15439,3,卖盘
972,10:21:45,51.45,66897,13,卖盘
973,10:21:48,51.46,66886,13,买盘
974,10:21:51,51.45,149206,29,卖盘
975,10:21:54,51.45,195521,38,卖盘
976,10:21:57,51.45,77185,15,卖盘
977,10:22:00,51.45,72030,14,卖盘
978,10:22:03,51.45,200657,39,卖盘
979,10:22:06,51.45,200655,39,卖盘
980,10:22:09,51.45,10290,2,卖盘
981,10:22:12,51.45,56595,11,卖盘
982,10:22:21,51.46,77177,15,买盘
983,10:22:24,51.46,61747,12,买盘
984,10:22:27,51.45,164640,32,卖盘
985,10:22:30,51.46,20584,4,买盘
986,10:22:33,51.45,77175,15,卖盘
987,10:22:36,51.44,411597,80,卖盘
988,10:22:39,51.45,200617,39,买盘
989,10:22:45,51.45,30865,6,买盘
990,10:22:48,51.44,329266,64,卖盘
991,10:22:51,51.44,10288,2,卖盘
992,10:22:57,51.45,51450,10,买盘
993,10:23:00,51.44,30865,6,卖盘
994,10:23:03,51.45,66882,13,买盘
995,10:23:06,51.45,499065,97,买盘
996,10:23:09,51.45,72030,14,卖盘
997,10:23:12,51.44,25720,5,卖盘
998,10:23:15,51.45,10290,2,买盘
999,10:23:18,51.45,51450,10,买盘
1000,10:23:21,51.45,36015,7,卖盘
1001,10:23:24,51.45,36015,7,中性盘
1002,10:23:27,51.46,20583,4,买盘
1003,10:23:30,51.46,20583,4,买盘
1004,10:23:33,51.45,5145,1,卖盘
1005,10:23:36,51.45,102907,20,卖盘
1006,10:23:39,51.45,41161,8,卖盘
1007,10:23:42,51.46,210949,41,买盘
1008,10:23:45,51.45,46305,9,中性盘
1009,10:23:48,51.46,30875,6,买盘
1010,10:23:51,51.46,102911,20,买盘
1011,10:23:54,51.45,159505,31,卖盘
1012,10:23:57,51.45,5145,1,卖盘
1013,10:24:00,51.46,51455,10,买盘
1014,10:24:03,51.46,20583,4,买盘
1015,10:24:06,51.45,15435,3,卖盘
1016,10:24:09,51.46,30872,6,买盘
1017,10:24:12,51.46,108065,21,买盘
1018,10:24:15,51.46,10291,2,买盘
1019,10:24:18,51.46,128648,25,买盘
1020,10:24:21,51.46,30874,6,买盘
1021,10:24:24,51.45,473340,92,卖盘
1022,10:24:27,51.46,72033,14,买盘
1023,10:24:30,51.46,10292,2,买盘
1024,10:24:33,51.46,20584,4,买盘
1025,10:24:39,51.46,15438,3,买盘
1026,10:24:42,51.46,51460,10,买盘
1027,10:24:45,51.45,51455,10,卖盘
1028,10:24:48,51.46,25730,5,买盘
1029,10:24:51,51.45,20581,4,卖盘
1030,10:24:57,51.45,5145,1,卖盘
1031,10:25:00,51.46,30876,6,买盘
1032,10:25:03,51.46,185236,36,买盘
1033,10:25:06,51.45,5145,1,卖盘
1034,10:25:09,51.46,25726,5,买盘
1035,10:25:12,51.46,128638,25,买盘
1036,10:25:15,51.46,210986,41,买盘
1037,10:25:18,51.46,41168,8,卖盘
1038,10:25:21,51.46,41168,8,卖盘
1039,10:25:24,51.47,15441,3,买盘
1040,10:25:30,51.46,5146,1,卖盘
1041,10:25:33,51.47,30882,6,买盘
1042,10:25:36,51.47,5147,1,买盘
1043,10:25:39,51.47,180142,35,买盘
1044,10:25:42,51.47,25735,5,买盘
1045,10:25:45,51.48,5148,1,买盘
1046,10:25:48,51.47,41176,8,卖盘
1047,10:25:51,51.47,46323,9,中性盘
1048,10:25:57,51.47,15441,3,买盘
1049,10:26:00,51.47,5147,1,买盘
1050,10:26:03,51.44,2819532,548,卖盘
1051,10:26:06,51.43,349728,68,卖盘
1052,10:26:09,51.42,180001,35,卖盘
1053,10:26:12,51.42,133708,26,卖盘
1054,10:26:15,51.43,66859,13,买盘
1055,10:26:18,51.42,97698,19,卖盘
1056,10:26:21,51.42,82282,16,卖盘
1057,10:26:24,51.42,5142,1,卖盘
1058,10:26:27,51.42,102840,20,卖盘
1059,10:26:30,51.42,15426,3,卖盘
1060,10:26:33,51.41,550178,107,卖盘
1061,10:26:36,51.41,66833,13,卖盘
1062,10:26:39,51.41,56551,11,卖盘
1063,10:26:42,51.41,56553,11,卖盘
1064,10:26:45,51.41,416424,81,卖盘
1065,10:26:48,51.41,51410,10,卖盘
1066,10:26:51,51.41,77115,15,卖盘
1067,10:26:54,51.41,82256,16,卖盘
1068,10:27:00,51.41,159344,31,买盘
1069,10:27:03,51.38,3643736,709,卖盘
1070,10:27:06,51.37,35960,7,卖盘
1071,10:27:09,51.37,61646,12,卖盘
1072,10:27:12,51.37,195194,38,买盘
1073,10:27:15,51.36,82177,16,卖盘
1074,10:27:18,51.35,174613,34,卖盘
1075,10:27:21,51.35,102715,20,卖盘
1076,10:27:24,51.36,164328,32,买盘
1077,10:27:27,51.35,56492,11,卖盘
1078,10:27:30,51.35,138669,27,卖盘
1079,10:27:33,51.36,30816,6,卖盘
1080,10:27:42,51.36,118128,23,卖盘
1081,10:27:45,51.36,15408,3,卖盘
1082,10:27:51,51.36,143810,28,卖盘
1083,10:27:57,51.36,118128,23,卖盘
1084,10:28:03,51.36,426235,83,卖盘
1085,10:28:06,51.36,46224,9,卖盘
1086,10:28:09,51.37,87324,17,买盘
1087,10:28:12,51.37,25685,5,买盘
1088,10:28:18,51.37,87321,17,买盘
1089,10:28:21,51.37,87326,17,买盘
1090,10:28:24,51.36,272245,53,卖盘
1091,10:28:27,51.37,35958,7,买盘
1092,10:28:30,51.36,97586,19,卖盘
1093,10:28:33,51.38,51380,10,买盘
1094,10:28:36,51.37,5137,1,卖盘
1095,10:28:39,51.37,20546,4,买盘
1096,10:28:42,51.37,10274,2,买盘
1097,10:28:45,51.37,61644,12,买盘
1098,10:28:48,51.36,164358,32,卖盘
1099,10:28:51,51.36,41088,8,卖盘
1100,10:28:54,51.35,487918,95,卖盘
1101,10:28:57,51.36,15410,3,中性盘
1102,10:29:00,51.37,61644,12,买盘
1103,10:29:03,51.36,118129,23,卖盘
1104,10:29:06,51.37,41092,8,买盘
1105,10:29:09,51.36,200294,39,卖盘
1106,10:29:12,51.36,35954,7,买盘
1107,10:29:15,51.36,82189,16,卖盘
1108,10:29:18,51.36,559765,109,卖盘
1109,10:29:21,51.36,51362,10,卖盘
1110,10:29:24,51.36,87320,17,买盘
1111,10:29:27,51.37,56506,11,买盘
1112,10:29:30,51.36,41090,8,卖盘
1113,10:29:33,51.35,1263229,246,卖盘
1114,10:29:36,51.34,102682,20,卖盘
1115,10:29:39,51.34,35940,7,卖盘
1116,10:29:42,51.35,61611,12,买盘
1117,10:29:45,51.34,25670,5,卖盘
1118,10:29:48,51.33,785444,153,卖盘
1119,10:29:51,51.32,41058,8,卖盘
1120,10:29:54,51.34,56471,11,买盘
1121,10:29:57,51.32,15400,3,卖盘
1122,10:30:00,51.35,25665,5,买盘
1123,10:30:03,51.32,513220,100,卖盘
1124,10:30:06,51.34,5134,1,中性盘
1125,10:30:09,51.33,20534,4,卖盘
1126,10:30:12,51.34,10268,2,买盘
1127,10:30:15,51.34,35936,7,买盘
1128,10:30:18,51.32,472176,92,卖盘
1129,10:30:21,51.31,5131,1,卖盘
1130,10:30:24,51.32,61584,12,买盘
1131,10:30:27,51.31,5131,1,卖盘
1132,10:30:30,51.31,5131,1,卖盘
1133,10:30:33,51.31,400218,78,卖盘
1134,10:30:36,51.31,61572,12,买盘
1135,10:30:39,51.31,46179,9,中性盘
1136,10:30:42,51.31,148818,29,卖盘
1137,10:30:45,51.3,133420,26,卖盘
1138,10:30:48,51.32,76980,15,买盘
1139,10:30:51,51.31,82102,16,卖盘
1140,10:30:54,51.35,215600,42,买盘
1141,10:30:57,51.33,5133,1,卖盘
1142,10:31:00,51.36,195128,38,买盘
1143,10:31:03,51.36,30816,6,买盘
1144,10:31:09,51.35,25667,5,买盘
1145,10:31:12,51.33,41065,8,卖盘
1146,10:31:15,51.33,210555,41,卖盘
1147,10:31:18,51.36,5136,1,买盘
1148,10:31:21,51.32,282344,55,卖盘
1149,10:31:24,51.34,10268,2,中性盘
1150,10:31:30,51.33,25665,5,卖盘
1151,10:31:33,51.33,46199,9,卖盘
1152,10:31:36,51.34,66751,13,卖盘
1153,10:31:39,51.34,51348,10,卖盘
1154,10:31:42,51.34,20538,4,卖盘
1155,10:31:45,51.35,5135,1,卖盘
1156,10:31:48,51.33,143782,28,卖盘
1157,10:31:57,51.36,107856,21,买盘
1158,10:32:00,51.35,15405,3,卖盘
1159,10:32:03,51.36,41088,8,买盘
1160,10:32:06,51.35,5135,1,卖盘
1161,10:32:12,51.36,169465,33,买盘
1162,10:32:15,51.36,30816,6,买盘
1163,10:32:18,51.35,87307,17,卖盘
1164,10:32:21,51.35,51357,10,中性盘
1165,10:32:24,51.34,30810,6,卖盘
1166,10:32:27,51.35,41087,8,中性盘
1167,10:32:30,51.34,15404,3,卖盘
1168,10:32:33,51.35,15403,3,中性盘
1169,10:32:36,51.34,71882,14,卖盘
1170,10:32:39,51.34,5134,1,卖盘
1171,10:32:42,51.36,15408,3,买盘
1172,10:32:45,51.35,10270,2,中性盘
1173,10:32:48,51.36,195161,38,买盘
1174,10:32:51,51.36,25680,5,买盘
1175,10:32:54,51.37,15407,3,买盘
1176,10:32:57,51.35,10270,2,卖盘
1177,10:33:06,51.35,313212,61,卖盘
1178,10:33:09,51.36,61623,12,买盘
1179,10:33:12,51.35,30813,6,卖盘
1180,10:33:15,51.35,66757,13,卖盘
1181,10:33:18,51.36,25676,5,买盘
1182,10:33:21,51.35,71899,14,买盘
1183,10:33:24,51.34,518509,101,卖盘
1184,10:33:27,51.36,15408,3,买盘
1185,10:33:36,51.36,25680,5,买盘
1186,10:33:39,51.36,328698,64,买盘
1187,10:33:42,51.36,5136,1,买盘
1188,10:33:45,51.36,10272,2,卖盘
1189,10:33:48,51.37,25685,5,买盘
1190,10:33:51,51.37,256850,50,买盘
1191,10:33:54,51.36,35956,7,卖盘
1192,10:33:57,51.37,20547,4,买盘
1193,10:34:00,51.37,35959,7,买盘
1194,10:34:03,51.37,25685,5,卖盘
1195,10:34:06,51.38,195244,38,买盘
1196,10:34:09,51.38,15414,3,买盘
1197,10:34:15,51.39,61668,12,买盘
1198,10:34:18,51.38,5138,1,卖盘
1199,10:34:21,51.39,15417,3,买盘
1200,10:34:24,51.4,61669,12,买盘
1201,10:34:27,51.4,5140,1,买盘
1202,10:34:30,51.4,56539,11,买盘
1203,10:34:33,51.4,5140,1,买盘
1204,10:34:36,51.4,41119,8,买盘
1205,10:34:39,51.4,71960,14,买盘
1206,10:34:42,51.41,46259,9,买盘
1207,10:34:45,51.4,10280,2,卖盘
1208,10:34:51,51.41,5141,1,买盘
1209,10:34:54,51.41,15423,3,买盘
1210,10:35:00,51.41,82250,16,买盘
1211,10:35:03,51.41,118243,23,买盘
1212,10:35:06,51.41,10282,2,买盘
1213,10:35:09,51.41,20564,4,买盘
1214,10:35:12,51.4,282701,55,卖盘
1215,10:35:15,51.39,30834,6,卖盘
1216,10:35:18,51.37,1418294,276,卖盘
1217,10:35:24,51.37,41097,8,卖盘
1218,10:35:27,51.37,10274,2,卖盘
1219,10:35:33,51.37,15411,3,卖盘
1220,10:35:36,51.38,10276,2,买盘
1221,10:35:42,51.38,20552,4,买盘
1222,10:35:45,51.38,5138,1,卖盘
1223,10:35:48,51.38,5138,1,卖盘
1224,10:35:51,51.38,61656,12,卖盘
1225,10:35:54,51.39,15417,3,买盘
1226,10:35:57,51.39,25695,5,买盘
1227,10:36:00,51.39,10278,2,买盘
1228,10:36:03,51.39,10278,2,买盘
1229,10:36:06,51.38,149003,29,卖盘
1230,10:36:12,51.39,5139,1,买盘
1231,10:36:15,51.39,30834,6,买盘
1232,10:36:18,51.39,77074,15,买盘
1233,10:36:24,51.39,41112,8,买盘
1234,10:36:27,51.38,97639,19,卖盘
1235,10:36:30,51.39,15417,3,买盘
1236,10:36:33,51.39,51390,10,买盘
1237,10:36:36,51.39,10278,2,卖盘
1238,10:36:42,51.4,51400,10,买盘
1239,10:36:48,51.38,10276,2,卖盘
1240,10:36:51,51.38,5138,1,卖盘
1241,10:36:54,51.38,5138,1,卖盘
1242,10:36:57,51.39,585735,114,中性盘
1243,10:37:00,51.39,5139,1,买盘
1244,10:37:06,51.39,51390,10,买盘
1245,10:37:09,51.39,10278,2,买盘
1246,10:37:15,51.38,5138,1,卖盘
1247,10:37:21,51.38,10276,2,卖盘
1248,10:37:24,51.38,5138,1,卖盘
1249,10:37:27,51.39,20555,4,买盘
1250,10:37:30,51.38,20552,4,卖盘
1251,10:37:36,51.39,56529,11,买盘
1252,10:37:39,51.39,5139,1,买盘
1253,10:37:42,51.38,51380,10,卖盘
1254,10:37:48,51.39,159309,31,买盘
1255,10:37:57,51.39,10278,2,买盘
1256,10:38:06,51.39,15417,3,买盘
1257,10:38:21,51.39,56529,11,卖盘
1258,10:38:24,51.39,35973,7,卖盘
1259,10:38:30,51.39,56529,11,卖盘
1260,10:38:33,51.39,118197,23,卖盘
1261,10:38:36,51.38,25690,5,卖盘
1262,10:38:39,51.39,51390,10,买盘
1263,10:38:42,51.39,5139,1,卖盘
1264,10:38:45,51.39,35973,7,卖盘
1265,10:38:48,51.38,20555,4,卖盘
1266,10:38:51,51.39,51390,10,卖盘
1267,10:38:54,51.38,41110,8,卖盘
1268,10:38:57,51.39,25695,5,买盘
1269,10:39:00,51.38,10276,2,卖盘
1270,10:39:06,51.39,51390,10,买盘
1271,10:39:09,51.38,41107,8,卖盘
1272,10:39:12,51.39,25694,5,买盘
1273,10:39:15,51.39,10277,2,买盘
1274,10:39:27,51.38,30829,6,卖盘
1275,10:39:30,51.38,133589,26,卖盘
1276,10:39:33,51.38,15414,3,卖盘
1277,10:39:39,51.38,5138,1,卖盘
1278,10:39:42,51.39,41105,8,买盘
1279,10:39:45,51.38,10276,2,卖盘
1280,10:39:48,51.38,46242,9,卖盘
1281,10:39:54,51.39,20554,4,买盘
1282,10:39:57,51.39,71941,14,买盘
1283,10:40:00,51.38,10276,2,卖盘
1284,10:40:03,51.39,56520,11,买盘
1285,10:40:06,51.38,20552,4,卖盘
1286,10:40:09,51.38,51380,10,卖盘
1287,10:40:12,51.37,858038,167,卖盘
1288,10:40:15,51.37,41096,8,卖盘
1289,10:40:18,51.37,10274,2,卖盘
1290,10:40:21,51.37,15412,3,卖盘
1291,10:40:24,51.37,41096,8,卖盘
1292,10:40:27,51.37,5137,1,卖盘
1293,10:40:30,51.37,82200,16,卖盘
1294,10:40:33,51.38,251762,49,买盘
1295,10:40:36,51.37,20551,4,卖盘
1296,10:40:39,51.37,15411,3,卖盘
1297,10:40:45,51.37,15411,3,卖盘
1298,10:40:48,51.37,10274,2,卖盘
1299,10:40:54,51.37,35959,7,卖盘
1300,10:40:57,51.38,20551,4,买盘
1301,10:41:00,51.38,5138,1,买盘
1302,10:41:03,51.38,10276,2,买盘
1303,10:41:15,51.38,25690,5,买盘
1304,10:41:24,51.37,10275,2,卖盘
1305,10:41:27,51.37,5137,1,卖盘
1306,10:41:30,51.37,66781,13,卖盘
1307,10:41:33,51.37,35959,7,卖盘
1308,10:41:36,51.37,56508,11,卖盘
1309,10:41:39,51.37,20548,4,卖盘
1310,10:41:42,51.37,97603,19,卖盘
1311,10:41:45,51.38,10276,2,买盘
1312,10:41:48,51.38,10276,2,买盘
1313,10:41:51,51.36,61640,12,卖盘
1314,10:41:57,51.36,56504,11,卖盘
1315,10:42:00,51.36,25680,5,卖盘
1316,10:42:03,51.36,5136,1,卖盘
1317,10:42:12,51.36,210587,41,卖盘
1318,10:42:15,51.36,97584,19,卖盘
1319,10:42:18,51.36,10272,2,卖盘
1320,10:42:21,51.37,35954,7,买盘
1321,10:42:27,51.36,102720,20,卖盘
1322,10:42:30,51.36,30821,6,卖盘
1323,10:42:33,51.36,56496,11,卖盘
1324,10:42:36,51.36,30816,6,卖盘
1325,10:42:39,51.37,15411,3,买盘
1326,10:42:45,51.36,20545,4,卖盘
1327,10:42:48,51.36,5136,1,卖盘
1328,10:42:51,51.36,20544,4,卖盘
1329,10:42:57,51.36,30816,6,卖盘
1330,10:43:00,51.36,123264,24,卖盘
1331,10:43:03,51.35,30810,6,卖盘
1332,10:43:06,51.35,308101,60,卖盘
1333,10:43:09,51.35,441610,86,卖盘
1334,10:43:12,51.35,25671,5,买盘
1335,10:43:15,51.34,71877,14,卖盘
1336,10:43:18,51.34,30804,6,卖盘
1337,10:43:21,51.34,5134,1,买盘
1338,10:43:24,51.35,97543,19,买盘
1339,10:43:27,51.33,374723,73,卖盘
1340,10:43:30,51.33,5133,1,卖盘
1341,10:43:33,51.33,25671,5,卖盘
1342,10:43:39,51.33,30799,6,卖盘
1343,10:43:42,51.33,82128,16,卖盘
1344,10:43:45,51.33,35926,7,买盘
1345,10:43:51,51.33,66729,13,买盘
1346,10:43:54,51.32,51320,10,卖盘
1347,10:44:03,51.32,159092,31,卖盘
1348,10:44:06,51.32,164230,32,卖盘
1349,10:44:09,51.32,210412,41,卖盘
1350,10:44:12,51.33,5133,1,买盘
1351,10:44:15,51.32,35927,7,卖盘
1352,10:44:18,51.33,30798,6,买盘
1353,10:44:21,51.32,30792,6,卖盘
1354,10:44:27,51.32,46188,9,卖盘
1355,10:44:30,51.32,5132,1,卖盘
1356,10:44:33,51.32,71848,14,卖盘
1357,10:44:39,51.33,30793,6,买盘
1358,10:44:45,51.33,10265,2,买盘
1359,10:44:51,51.32,20529,4,卖盘
1360,10:44:54,51.32,51320,10,卖盘
1361,10:45:03,51.32,30792,6,卖盘
1362,10:45:06,51.32,61584,12,卖盘
1363,10:45:09,51.32,30792,6,卖盘
1364,10:45:12,51.32,41056,8,卖盘
1365,10:45:15,51.32,10264,2,卖盘
1366,10:45:24,51.32,35924,7,卖盘
1367,10:45:27,51.31,1708646,333,卖盘
1368,10:45:33,51.31,5131,1,买盘
1369,10:45:36,51.3,46170,9,卖盘
1370,10:45:39,51.31,159060,31,买盘
1371,10:45:42,51.3,51300,10,卖盘
1372,10:45:45,51.31,66699,13,买盘
1373,10:45:48,51.31,374500,73,买盘
1374,10:45:51,51.3,25654,5,卖盘
1375,10:45:54,51.31,5131,1,买盘
1376,10:45:57,51.3,20520,4,卖盘
1377,10:46:00,51.3,107730,21,卖盘
1378,10:46:03,51.31,56441,11,买盘
1379,10:46:06,51.31,15392,3,买盘
1380,10:46:09,51.31,451528,88,买盘
1381,10:46:12,51.3,246261,48,卖盘
1382,10:46:15,51.32,51320,10,买盘
1383,10:46:21,51.31,20524,4,卖盘
1384,10:46:24,51.31,30787,6,卖盘
1385,10:46:27,51.31,107751,21,卖盘
1386,10:46:30,51.32,66714,13,买盘
1387,10:46:33,51.32,10264,2,买盘
1388,10:46:42,51.32,10264,2,买盘
1389,10:46:51,51.32,10264,2,买盘
1390,10:47:00,51.32,143696,28,买盘
1391,10:47:03,51.31,35917,7,卖盘
1392,10:47:09,51.31,41048,8,卖盘
1393,10:47:12,51.31,76967,15,卖盘
1394,10:47:15,51.32,51315,10,中性盘
1395,10:47:18,51.32,10264,2,买盘
1396,10:47:24,51.32,20528,4,卖盘
1397,10:47:27,51.32,20528,4,卖盘
1398,10:47:30,51.32,10264,2,卖盘
1399,10:47:42,51.32,20528,4,卖盘
1400,10:47:45,51.33,261783,51,买盘
1401,10:47:48,51.32,395214,77,卖盘
1402,10:47:54,51.31,128299,25,卖盘
1403,10:47:57,51.31,10263,2,卖盘
1404,10:48:00,51.31,20525,4,卖盘
1405,10:48:03,51.32,10265,2,卖盘
1406,10:48:06,51.32,5132,1,卖盘
1407,10:48:15,51.31,107771,21,卖盘
1408,10:48:18,51.31,35919,7,卖盘
1409,10:48:21,51.31,5131,1,卖盘
1410,10:48:24,51.31,5131,1,卖盘
1411,10:48:30,51.31,10263,2,卖盘
1412,10:48:33,51.31,138537,27,卖盘
1413,10:48:36,51.3,523359,102,卖盘
1414,10:48:39,51.3,51300,10,卖盘
1415,10:48:42,51.3,174422,34,卖盘
1416,10:48:45,51.3,292410,57,卖盘
1417,10:48:48,51.3,61560,12,卖盘
1418,10:48:51,51.3,35914,7,卖盘
1419,10:48:54,51.31,20524,4,买盘
1420,10:48:57,51.3,82080,16,卖盘
1421,10:49:03,51.3,25650,5,卖盘
1422,10:49:12,51.3,651510,127,卖盘
1423,10:49:15,51.31,256539,50,买盘
1424,10:49:18,51.3,25650,5,卖盘
1425,10:49:21,51.3,256500,50,卖盘
1426,10:49:24,51.3,5130,1,卖盘
1427,10:49:27,51.3,10260,2,卖盘
1428,10:49:30,51.31,56440,11,买盘
1429,10:49:33,51.3,1118340,218,卖盘
1430,10:49:36,51.31,15393,3,买盘
1431,10:49:39,51.3,15390,3,卖盘
1432,10:49:42,51.3,56434,11,卖盘
1433,10:49:48,51.31,133406,26,买盘
1434,10:49:54,51.3,5130,1,卖盘
1435,10:49:57,51.3,184681,36,卖盘
1436,10:50:00,51.3,159030,31,卖盘
1437,10:50:03,51.31,25655,5,买盘
1438,10:50:06,51.3,5130,1,卖盘
1439,10:50:09,51.3,10260,2,卖盘
1440,10:50:12,51.3,5130,1,卖盘
1441,10:50:15,51.31,15393,3,买盘
1442,10:50:18,51.3,30782,6,卖盘
1443,10:50:24,51.3,138516,27,卖盘
1444,10:50:27,51.3,15390,3,卖盘
1445,10:50:33,51.3,30780,6,卖盘
1446,10:50:36,51.3,76951,15,卖盘
1447,10:50:39,51.29,61553,12,卖盘
1448,10:50:42,51.3,10260,2,买盘
1449,10:50:45,51.3,102600,20,买盘
1450,10:50:51,51.3,10260,2,买盘
1451,10:51:03,51.3,5130,1,买盘
1452,10:51:06,51.3,15390,3,买盘
1453,10:51:09,51.29,25645,5,卖盘
1454,10:51:18,51.29,15387,3,卖盘
1455,10:51:21,51.3,30777,6,买盘
1456,10:51:24,51.29,164137,32,卖盘
1457,10:51:27,51.29,51290,10,卖盘
1458,10:51:30,51.3,133374,26,买盘
1459,10:51:36,51.29,15387,3,卖盘
1460,10:51:39,51.29,61548,12,卖盘
1461,10:51:42,51.29,30774,6,卖盘
1462,10:51:45,51.3,71816,14,买盘
1463,10:51:48,51.3,25646,5,买盘
1464,10:51:54,51.3,51296,10,买盘
1465,10:51:57,51.3,56420,11,买盘
1466,10:52:00,51.29,97463,19,卖盘
1467,10:52:03,51.3,15390,3,买盘
1468,10:52:06,51.32,820978,160,买盘
1469,10:52:15,51.33,5133,1,买盘
1470,10:52:18,51.33,41064,8,买盘
1471,10:52:21,51.34,97546,19,买盘
1472,10:52:24,51.34,35936,7,买盘
1473,10:52:27,51.34,46206,9,买盘
1474,10:52:30,51.34,20536,4,卖盘
1475,10:52:36,51.34,374782,73,买盘
1476,10:52:39,51.35,41074,8,买盘
1477,10:52:45,51.35,20540,4,买盘
1478,10:52:48,51.36,41088,8,买盘
1479,10:52:54,51.36,10273,2,卖盘
1480,10:52:57,51.35,20540,4,卖盘
1481,10:53:00,51.37,10273,2,买盘
1482,10:53:03,51.37,20548,4,买盘
1483,10:53:12,51.36,5136,1,卖盘
1484,10:53:15,51.36,5136,1,卖盘
1485,10:53:27,51.36,15408,3,卖盘
1486,10:53:30,51.36,5136,1,卖盘
1487,10:53:33,51.35,46221,9,卖盘
1488,10:53:42,51.35,15406,3,卖盘
1489,10:53:57,51.35,77025,15,卖盘
1490,10:54:03,51.35,5135,1,卖盘
1491,10:54:06,51.35,20540,4,卖盘
1492,10:54:09,51.35,5135,1,卖盘
1493,10:54:12,51.35,61620,12,卖盘
1494,10:54:15,51.36,41083,8,买盘
1495,10:54:18,51.35,15405,3,卖盘
1496,10:54:21,51.35,20540,4,卖盘
1497,10:54:24,51.35,51358,10,卖盘
1498,10:54:27,51.36,35946,7,买盘
1499,10:54:30,51.36,66764,13,买盘
1500,10:54:33,51.35,148915,29,卖盘
1501,10:54:39,51.35,15405,3,卖盘
1502,10:54:42,51.36,5136,1,买盘
1503,10:54:45,51.36,10271,2,买盘
1504,10:54:51,51.34,20536,4,卖盘
1505,10:54:54,51.34,10268,2,卖盘
1506,10:55:00,51.34,35938,7,卖盘
1507,10:55:12,51.35,41080,8,买盘
1508,10:55:18,51.35,10270,2,卖盘
1509,10:55:21,51.35,20540,4,卖盘
1510,10:55:24,51.35,41080,8,卖盘
1511,10:55:27,51.35,15405,3,卖盘
1512,10:55:33,51.35,25676,5,卖盘
1513,10:55:36,51.35,174586,34,卖盘
1514,10:55:45,51.35,10270,2,卖盘
1515,10:55:48,51.36,15406,3,买盘
1516,10:55:51,51.35,200265,39,卖盘
1517,10:55:54,51.35,5135,1,中性盘
1518,10:55:57,51.34,41072,8,卖盘
1519,10:56:00,51.33,41066,8,卖盘
1520,10:56:03,51.33,71862,14,卖盘
1521,10:56:09,51.33,51330,10,卖盘
1522,10:56:15,51.33,41067,8,卖盘
1523,10:56:18,51.33,51330,10,卖盘
1524,10:56:21,51.34,51340,10,买盘
1525,10:56:30,51.33,30798,6,卖盘
1526,10:56:33,51.33,97536,19,卖盘
1527,10:56:36,51.33,5133,1,卖盘
1528,10:56:39,51.33,30798,6,卖盘
1529,10:56:42,51.34,15401,3,买盘
1530,10:56:48,51.33,20532,4,卖盘
1531,10:56:54,51.33,118059,23,卖盘
1532,10:56:57,51.33,15399,3,卖盘
1533,10:57:00,51.32,51323,10,卖盘
1534,10:57:06,51.32,5132,1,买盘
1535,10:57:09,51.31,76965,15,卖盘
1536,10:57:12,51.31,82096,16,卖盘
1537,10:57:18,51.31,10262,2,卖盘
1538,10:57:21,51.31,66703,13,卖盘
1539,10:57:24,51.31,61576,12,卖盘
1540,10:57:27,51.32,20528,4,买盘
1541,10:57:30,51.31,51310,10,卖盘
1542,10:57:33,51.32,15396,3,买盘
1543,10:57:39,51.31,5131,1,卖盘
1544,10:57:48,51.31,76965,15,卖盘
1545,10:57:51,51.31,35917,7,卖盘
1546,10:57:54,51.32,5132,1,买盘
1547,10:57:57,51.31,20524,4,卖盘
1548,10:58:00,51.31,25655,5,卖盘
1549,10:58:03,51.31,35918,7,卖盘
1550,10:58:06,51.31,123144,24,卖盘
1551,10:58:09,51.3,97488,19,卖盘
1552,10:58:12,51.3,20521,4,卖盘
1553,10:58:15,51.31,92342,18,买盘
1554,10:58:18,51.3,41040,8,卖盘
1555,10:58:21,51.3,15390,3,卖盘
1556,10:58:24,51.28,1297806,253,卖盘
1557,10:58:27,51.28,76920,15,卖盘
1558,10:58:30,51.28,107693,21,卖盘
1559,10:58:33,51.28,133328,26,卖盘
1560,10:58:36,51.28,30768,6,卖盘
1561,10:58:39,51.27,502538,98,卖盘
1562,10:58:42,51.27,153810,30,卖盘
1563,10:58:45,51.26,82031,16,卖盘
1564,10:58:48,51.26,5126,1,卖盘
1565,10:58:51,51.26,92268,18,卖盘
1566,10:58:54,51.26,30756,6,卖盘
1567,10:58:57,51.26,61512,12,卖盘
1568,10:59:00,51.26,66646,13,卖盘
1569,10:59:03,51.27,10253,2,买盘
1570,10:59:06,51.26,30756,6,卖盘
1571,10:59:09,51.25,158908,31,卖盘
1572,10:59:12,51.25,56378,11,卖盘
1573,10:59:15,51.26,5126,1,买盘
1574,10:59:18,51.24,369005,72,卖盘
1575,10:59:21,51.25,35875,7,买盘
1576,10:59:24,51.2,1024211,200,卖盘
1577,10:59:27,51.24,112746,22,买盘
1578,10:59:30,51.26,779069,152,买盘
1579,10:59:33,51.27,768913,150,买盘
1580,10:59:36,51.29,71794,14,买盘
1581,10:59:39,51.29,41032,8,卖盘
1582,10:59:42,51.3,5130,1,买盘
1583,10:59:45,51.27,41016,8,卖盘
1584,10:59:48,51.29,87193,17,中性盘
1585,10:59:51,51.27,51272,10,卖盘
1586,10:59:54,51.27,51270,10,卖盘
1587,10:59:57,51.29,589722,115,买盘
1588,11:00:00,51.27,71784,14,卖盘
1589,11:00:06,51.27,5127,1,卖盘
1590,11:00:09,51.27,5127,1,卖盘
1591,11:00:12,51.28,15383,3,买盘
1592,11:00:15,51.27,25635,5,卖盘
1593,11:00:18,51.27,30762,6,卖盘
1594,11:00:21,51.28,92304,18,买盘
1595,11:00:24,51.27,15383,3,卖盘
1596,11:00:27,51.29,10256,2,买盘
1597,11:00:30,51.27,25638,5,卖盘
1598,11:00:33,51.29,846294,165,买盘
1599,11:00:36,51.28,148730,29,卖盘
1600,11:00:48,51.3,20520,4,卖盘
1601,11:00:51,51.3,5130,1,卖盘
1602,11:01:00,51.3,82052,16,买盘
1603,11:01:03,51.3,15390,3,买盘
1604,11:01:06,51.3,25642,5,买盘
1605,11:01:09,51.3,5130,1,买盘
1606,11:01:15,51.29,20516,4,买盘
1607,11:01:18,51.27,25638,5,卖盘
1608,11:01:21,51.28,10256,2,中性盘
1609,11:01:24,51.27,10254,2,卖盘
1610,11:01:27,51.27,20508,4,卖盘
1611,11:01:33,51.25,348532,68,卖盘
1612,11:01:36,51.24,40998,8,卖盘
1613,11:01:42,51.26,712379,139,买盘
1614,11:01:45,51.27,51265,10,买盘
1615,11:01:48,51.26,10252,2,中性盘
1616,11:01:57,51.25,158876,31,卖盘
1617,11:02:00,51.25,20500,4,卖盘
1618,11:02:03,51.26,5126,1,买盘
1619,11:02:06,51.26,56386,11,买盘
1620,11:02:09,51.25,46120,9,中性盘
1621,11:02:12,51.25,30745,6,买盘
1622,11:02:15,51.25,20500,4,买盘
1623,11:02:18,51.25,87115,17,买盘
1624,11:02:27,51.24,128100,25,卖盘
1625,11:02:30,51.24,51240,10,卖盘
1626,11:02:42,51.23,35865,7,卖盘
1627,11:02:48,51.23,5123,1,卖盘
1628,11:02:51,51.23,97343,19,卖盘
1629,11:02:57,51.23,5123,1,卖盘
1630,11:03:00,51.23,20492,4,卖盘
1631,11:03:03,51.23,30738,6,卖盘
1632,11:03:06,51.24,117852,23,买盘
1633,11:03:09,51.24,40992,8,买盘
1634,11:03:12,51.24,5124,1,买盘
1635,11:03:21,51.24,40992,8,买盘
1636,11:03:27,51.24,15372,3,买盘
1637,11:03:30,51.24,102480,20,买盘
1638,11:03:33,51.23,25616,5,卖盘
1639,11:03:36,51.24,40992,8,买盘
1640,11:03:39,51.23,61478,12,卖盘
1641,11:03:42,51.23,5123,1,卖盘
1642,11:03:45,51.24,61486,12,买盘
1643,11:03:48,51.24,5124,1,买盘
1644,11:03:54,51.23,10246,2,卖盘
1645,11:03:57,51.24,30744,6,买盘
1646,11:04:03,51.24,15372,3,买盘
1647,11:04:06,51.23,30738,6,卖盘
1648,11:04:12,51.24,25618,5,买盘
1649,11:04:15,51.24,5124,1,买盘
1650,11:04:18,51.23,61476,12,卖盘
1651,11:04:21,51.23,122952,24,卖盘
1652,11:04:24,51.23,5123,1,卖盘
1653,11:04:27,51.23,92214,18,卖盘
1654,11:04:30,51.24,51231,10,买盘
1655,11:04:33,51.23,20492,4,卖盘
1656,11:04:39,51.22,358571,70,卖盘
1657,11:04:42,51.24,297145,58,买盘
1658,11:04:45,51.21,337990,66,卖盘
1659,11:04:48,51.2,501812,98,卖盘
1660,11:04:51,51.23,97286,19,买盘
1661,11:04:54,51.21,25605,5,卖盘
1662,11:04:57,51.23,40984,8,买盘
1663,11:05:03,51.21,51210,10,卖盘
1664,11:05:12,51.21,25609,5,卖盘
1665,11:05:18,51.21,102420,20,卖盘
1666,11:05:24,51.21,302141,59,卖盘
1667,11:05:30,51.21,20484,4,卖盘
1668,11:05:33,51.2,92169,18,卖盘
1669,11:05:39,51.21,261154,51,买盘
1670,11:05:42,51.21,56331,11,买盘
1671,11:05:45,51.21,5121,1,买盘
1672,11:05:48,51.21,168993,33,买盘
1673,11:05:51,51.22,61455,12,买盘
1674,11:05:54,51.21,30726,6,卖盘
1675,11:05:57,51.22,5122,1,买盘
1676,11:06:00,51.21,15363,3,卖盘
1677,11:06:03,51.21,10242,2,卖盘
1678,11:06:06,51.21,112663,22,卖盘
1679,11:06:09,51.21,51210,10,卖盘
1680,11:06:12,51.21,25608,5,卖盘
1681,11:06:18,51.2,5120,1,卖盘
1682,11:06:21,51.2,40961,8,卖盘
1683,11:06:24,51.21,10242,2,买盘
1684,11:06:27,51.21,102410,20,买盘
1685,11:06:30,51.2,194576,38,卖盘
1686,11:06:36,51.21,10242,2,卖盘
1687,11:06:39,51.21,92185,18,买盘
1688,11:06:42,51.21,5121,1,卖盘
1689,11:06:45,51.21,15363,3,卖盘
1690,11:06:48,51.21,20484,4,卖盘
1691,11:06:54,51.21,25605,5,卖盘
1692,11:06:57,51.21,20484,4,卖盘
1693,11:07:00,51.21,5121,1,卖盘
1694,11:07:06,51.21,102420,20,卖盘
1695,11:07:12,51.21,40968,8,买盘
1696,11:07:15,51.21,40967,8,买盘
1697,11:07:18,51.21,399368,78,买盘
1698,11:07:24,51.21,30722,6,买盘
1699,11:07:27,51.2,40960,8,卖盘
1700,11:07:30,51.2,25600,5,卖盘
1701,11:07:39,51.2,10240,2,卖盘
1702,11:07:42,51.2,20482,4,卖盘
1703,11:07:45,51.2,51200,10,卖盘
1704,11:07:48,51.21,10242,2,买盘
1705,11:07:51,51.2,107520,21,卖盘
1706,11:07:54,51.21,25603,5,买盘
1707,11:07:57,51.2,107520,21,卖盘
1708,11:08:00,51.2,20480,4,卖盘
1709,11:08:03,51.2,143360,28,卖盘
1710,11:08:06,51.21,25603,5,买盘
1711,11:08:09,51.2,122880,24,卖盘
1712,11:08:12,51.21,92162,18,买盘
1713,11:08:15,51.2,25600,5,卖盘
1714,11:08:18,51.2,30720,6,卖盘
1715,11:08:21,51.2,5120,1,卖盘
1716,11:08:24,51.2,40960,8,卖盘
1717,11:08:27,51.2,87042,17,卖盘
1718,11:08:30,51.2,46080,9,卖盘
1719,11:08:33,51.2,148480,29,卖盘
1720,11:08:36,51.19,35833,7,卖盘
1721,11:08:42,51.19,46071,9,卖盘
1722,11:08:45,51.19,25595,5,卖盘
1723,11:08:48,51.19,107499,21,卖盘
1724,11:08:51,51.19,174046,34,卖盘
1725,11:08:54,51.19,133095,26,卖盘
1726,11:08:57,51.19,107499,21,卖盘
1727,11:09:00,51.18,35826,7,卖盘
1728,11:09:03,51.18,66537,13,卖盘
1729,11:09:06,51.18,46062,9,卖盘
1730,11:09:09,51.18,179131,35,卖盘
1731,11:09:12,51.17,414547,81,卖盘
1732,11:09:15,51.18,51171,10,买盘
1733,11:09:18,51.19,1028724,201,买盘
1734,11:09:21,51.18,30708,6,卖盘
1735,11:09:24,51.2,5120,1,买盘
1736,11:09:27,51.19,261021,51,中性盘
1737,11:09:30,51.18,15354,3,卖盘
1738,11:09:33,51.19,20474,4,买盘
1739,11:09:39,51.19,117717,23,买盘
1740,11:09:45,51.19,199638,39,买盘
1741,11:09:48,51.18,25590,5,卖盘
1742,11:09:54,51.2,337920,66,买盘
1743,11:09:57,51.23,353386,69,买盘
1744,11:10:00,51.22,10244,2,卖盘
1745,11:10:06,51.23,51230,10,买盘
1746,11:10:12,51.23,20492,4,买盘
1747,11:10:15,51.23,5123,1,买盘
1748,11:10:18,51.22,25610,5,卖盘
1749,11:10:21,51.22,25610,5,卖盘
1750,11:10:27,51.22,20488,4,买盘
1751,11:10:33,51.21,10242,2,买盘
1752,11:10:39,51.21,5121,1,买盘
1753,11:10:42,51.21,15362,3,买盘
1754,11:10:45,51.21,15363,3,卖盘
1755,11:10:51,51.22,5122,1,买盘
1756,11:10:54,51.21,51210,10,卖盘
1757,11:10:57,51.2,102400,20,卖盘
1758,11:11:00,51.21,5121,1,买盘
1759,11:11:03,51.21,25605,5,买盘
1760,11:11:06,51.2,40960,8,卖盘
1761,11:11:09,51.21,35847,7,买盘
1762,11:11:12,51.21,5121,1,卖盘
1763,11:11:15,51.21,10242,2,卖盘
1764,11:11:18,51.2,117760,23,卖盘
1765,11:11:24,51.19,35834,7,卖盘
1766,11:11:33,51.19,61428,12,卖盘
1767,11:11:45,51.19,15357,3,卖盘
1768,11:11:48,51.19,20476,4,卖盘
1769,11:11:51,51.19,15357,3,买盘
1770,11:11:57,51.2,266226,52,买盘
1771,11:12:00,51.2,5120,1,卖盘
1772,11:12:03,51.18,35826,7,卖盘
1773,11:12:09,51.19,5119,1,卖盘
1774,11:12:12,51.18,25590,5,卖盘
1775,11:12:15,51.19,5119,1,卖盘
1776,11:12:21,51.18,66537,13,卖盘
1777,11:12:24,51.18,5118,1,卖盘
1778,11:12:27,51.19,15357,3,卖盘
1779,11:12:30,51.19,46071,9,卖盘
1780,11:12:36,51.19,10238,2,买盘
1781,11:12:42,51.19,15357,3,买盘
1782,11:12:45,51.18,5118,1,卖盘
1783,11:12:51,51.18,25593,5,卖盘
1784,11:12:54,51.18,46062,9,卖盘
1785,11:12:57,51.19,250831,49,买盘
1786,11:13:06,51.19,20476,4,卖盘
1787,11:13:09,51.19,5119,1,卖盘
1788,11:13:12,51.2,46080,9,买盘
1789,11:13:18,51.2,5120,1,买盘
1790,11:13:21,51.2,66550,13,买盘
1791,11:13:24,51.2,46080,9,买盘
1792,11:13:27,51.19,15358,3,卖盘
1793,11:13:30,51.19,30715,6,卖盘
1794,11:13:33,51.2,92160,18,买盘
1795,11:13:36,51.21,51205,10,买盘
1796,11:13:42,51.21,66573,13,买盘
1797,11:13:45,51.21,15362,3,买盘
1798,11:13:51,51.21,35846,7,买盘
1799,11:13:54,51.21,25603,5,买盘
1800,11:13:57,51.21,10242,2,买盘
1801,11:14:00,51.21,66570,13,买盘
1802,11:14:06,51.21,81936,16,买盘
1803,11:14:09,51.21,66573,13,买盘
1804,11:14:12,51.21,15363,3,买盘
1805,11:14:15,51.21,107541,21,买盘
1806,11:14:18,51.21,5121,1,卖盘
1807,11:14:21,51.22,10244,2,买盘
1808,11:14:30,51.21,20484,4,卖盘
1809,11:14:36,51.22,5122,1,买盘
1810,11:14:39,51.21,5121,1,卖盘
1811,11:14:42,51.22,56342,11,买盘
1812,11:14:45,51.22,51220,10,买盘
1813,11:14:48,51.22,20488,4,买盘
1814,11:14:54,51.24,307425,60,买盘
1815,11:14:57,51.25,15375,3,买盘
1816,11:15:00,51.24,20498,4,卖盘
1817,11:15:03,51.27,174282,34,买盘
1818,11:15:06,51.26,5126,1,卖盘
1819,11:15:09,51.27,25635,5,买盘
1820,11:15:12,51.28,5128,1,买盘
1821,11:15:18,51.3,20515,4,买盘
1822,11:15:21,51.29,538649,105,中性盘
1823,11:15:24,51.3,15389,3,买盘
1824,11:15:27,51.3,66677,13,买盘
1825,11:15:30,51.28,15384,3,卖盘
1826,11:15:33,51.28,15384,3,买盘
1827,11:15:39,51.28,41024,8,买盘
1828,11:15:42,51.28,143584,28,卖盘
1829,11:15:45,51.28,20512,4,卖盘
1830,11:15:51,51.28,25640,5,卖盘
1831,11:15:54,51.29,133331,26,买盘
1832,11:15:57,51.28,123072,24,卖盘
1833,11:16:00,51.28,20512,4,卖盘
1834,11:16:03,51.28,10256,2,买盘
1835,11:16:06,51.28,10256,2,买盘
1836,11:16:09,51.28,46152,9,买盘
1837,11:16:12,51.28,10256,2,卖盘
1838,11:16:15,51.28,10256,2,卖盘
1839,11:16:24,51.28,5128,1,卖盘
1840,11:16:27,51.27,15381,3,卖盘
1841,11:16:39,51.27,102551,20,卖盘
1842,11:16:42,51.27,112814,22,卖盘
1843,11:16:54,51.27,10254,2,卖盘
1844,11:16:57,51.28,15383,3,买盘
1845,11:17:03,51.26,10252,2,卖盘
1846,11:17:06,51.27,5127,1,买盘
1847,11:17:12,51.28,25638,5,买盘
1848,11:17:15,51.26,15378,3,卖盘
1849,11:17:18,51.27,20505,4,买盘
1850,11:17:21,51.25,15377,3,卖盘
1851,11:17:24,51.25,5125,1,卖盘
1852,11:17:30,51.25,20500,4,卖盘
1853,11:17:33,51.25,15375,3,卖盘
1854,11:17:36,51.24,25622,5,卖盘
1855,11:17:42,51.24,51243,10,卖盘
1856,11:17:45,51.25,128125,25,买盘
1857,11:17:51,51.25,30750,6,卖盘
1858,11:17:57,51.25,128125,25,卖盘
1859,11:18:00,51.25,92250,18,卖盘
1860,11:18:03,51.25,10250,2,卖盘
1861,11:18:06,51.25,112750,22,卖盘
1862,11:18:09,51.25,15375,3,卖盘
1863,11:18:12,51.25,20500,4,卖盘
1864,11:18:21,51.24,10248,2,卖盘
1865,11:18:24,51.24,102496,20,卖盘
1866,11:18:27,51.25,30750,6,买盘
1867,11:18:30,51.25,20500,4,卖盘
1868,11:18:33,51.24,10248,2,卖盘
1869,11:18:42,51.25,112730,22,买盘
1870,11:18:45,51.25,15372,3,买盘
1871,11:18:48,51.23,35862,7,卖盘
1872,11:18:54,51.23,25623,5,卖盘
1873,11:19:00,51.25,5125,1,买盘
1874,11:19:03,51.25,25625,5,买盘
1875,11:19:09,51.25,10250,2,买盘
1876,11:19:15,51.25,10250,2,买盘
1877,11:19:18,51.25,5125,1,买盘
1878,11:19:21,51.24,20496,4,卖盘
1879,11:19:24,51.24,30744,6,卖盘
1880,11:19:27,51.23,35861,7,卖盘
1881,11:19:30,51.23,40984,8,卖盘
1882,11:19:33,51.23,10246,2,卖盘
1883,11:19:36,51.23,30738,6,卖盘
1884,11:19:39,51.23,25615,5,卖盘
1885,11:19:45,51.23,102460,20,卖盘
1886,11:19:48,51.23,20492,4,卖盘
1887,11:19:54,51.24,25618,5,买盘
1888,11:20:00,51.23,10246,2,卖盘
1889,11:20:03,51.23,51230,10,卖盘
1890,11:20:18,51.24,5124,1,买盘
1891,11:20:21,51.24,5124,1,买盘
1892,11:20:24,51.23,5123,1,卖盘
1893,11:20:27,51.23,30738,6,卖盘
1894,11:20:30,51.23,25615,5,卖盘
1895,11:20:33,51.23,40984,8,卖盘
1896,11:20:36,51.23,30738,6,卖盘
1897,11:20:39,51.23,15369,3,卖盘
1898,11:20:42,51.23,15369,3,卖盘
1899,11:20:48,51.23,30738,6,卖盘
1900,11:20:57,51.23,46108,9,卖盘
1901,11:21:03,51.23,87091,17,卖盘
1902,11:21:06,51.23,20492,4,卖盘
1903,11:21:15,51.23,25615,5,卖盘
1904,11:21:21,51.23,10246,2,卖盘
1905,11:21:24,51.23,71732,14,卖盘
1906,11:21:33,51.23,25615,5,卖盘
1907,11:21:36,51.23,5123,1,卖盘
1908,11:21:39,51.23,30738,6,卖盘
1909,11:21:54,51.23,87091,17,卖盘
1910,11:21:57,51.23,40987,8,中性盘
1911,11:22:03,51.22,61464,12,卖盘
1912,11:22:06,51.22,40976,8,卖盘
1913,11:22:12,51.22,20490,4,卖盘
1914,11:22:18,51.22,5122,1,卖盘
1915,11:22:21,51.22,10244,2,卖盘
1916,11:22:24,51.22,66589,13,卖盘
1917,11:22:27,51.22,76833,15,卖盘
1918,11:22:33,51.22,20488,4,卖盘
1919,11:22:36,51.23,10246,2,卖盘
1920,11:22:39,51.23,40984,8,卖盘
1921,11:22:42,51.22,40976,8,卖盘
1922,11:22:45,51.23,87077,17,买盘
1923,11:22:48,51.23,10245,2,买盘
1924,11:22:51,51.22,1116596,218,卖盘
1925,11:22:54,51.21,25605,5,卖盘
1926,11:22:57,51.21,46093,9,卖盘
1927,11:23:03,51.21,56331,11,卖盘
1928,11:23:09,51.21,143391,28,卖盘
1929,11:23:12,51.2,5120,1,卖盘
1930,11:23:15,51.2,46082,9,卖盘
1931,11:23:18,51.2,92160,18,卖盘
1932,11:23:24,51.2,5120,1,卖盘
1933,11:23:27,51.2,384000,75,卖盘
1934,11:23:30,51.2,35843,7,卖盘
1935,11:23:36,51.2,153603,30,卖盘
1936,11:23:39,51.19,20476,4,卖盘
1937,11:23:45,51.2,56301,11,买盘
1938,11:23:48,51.18,5118,1,卖盘
1939,11:23:51,51.19,56309,11,买盘
1940,11:23:54,51.18,71652,14,卖盘
1941,11:23:57,51.18,46064,9,卖盘
1942,11:24:06,51.2,148471,29,买盘
1943,11:24:12,51.21,133121,26,买盘
1944,11:24:15,51.21,20484,4,买盘
1945,11:24:21,51.21,30725,6,买盘
1946,11:24:24,51.21,20484,4,买盘
1947,11:24:27,51.2,30721,6,卖盘
1948,11:24:30,51.19,15359,3,卖盘
1949,11:24:36,51.21,40960,8,买盘
1950,11:24:39,51.2,10240,2,买盘
1951,11:24:45,51.2,5120,1,买盘
1952,11:24:48,51.2,4096,1,买盘
1953,11:24:57,51.21,10242,2,买盘
1954,11:25:06,51.21,10241,2,买盘
1955,11:25:12,51.2,20480,4,卖盘
1956,11:25:15,51.21,5121,1,买盘
1957,11:25:18,51.2,20480,4,卖盘
1958,11:25:24,51.21,10242,2,买盘
1959,11:25:27,51.2,61442,12,卖盘
1960,11:25:30,51.2,10240,2,卖盘
1961,11:25:36,51.21,5121,1,买盘
1962,11:25:39,51.2,66562,13,卖盘
1963,11:25:42,51.21,10242,2,买盘
1964,11:25:45,51.22,138269,27,买盘
1965,11:25:51,51.2,15360,3,卖盘
1966,11:25:54,51.22,189512,37,买盘
1967,11:25:57,51.22,61465,12,买盘
1968,11:26:03,51.23,15367,3,买盘
1969,11:26:06,51.23,10246,2,买盘
1970,11:26:09,51.22,5122,1,卖盘
1971,11:26:12,51.23,15369,3,买盘
1972,11:26:15,51.23,51230,10,买盘
1973,11:26:18,51.23,35861,7,买盘
1974,11:26:21,51.22,10245,2,卖盘
1975,11:26:27,51.24,10248,2,买盘
1976,11:26:30,51.24,15371,3,买盘
1977,11:26:36,51.22,20492,4,卖盘
1978,11:26:39,51.24,20494,4,买盘
1979,11:26:42,51.23,35855,7,中性盘
1980,11:26:45,51.22,10245,2,卖盘
1981,11:26:51,51.23,5123,1,买盘
1982,11:26:54,51.23,117829,23,买盘
1983,11:26:57,51.23,15371,3,卖盘
1984,11:27:03,51.23,133214,26,卖盘
1985,11:27:06,51.23,15370,3,卖盘
1986,11:27:09,51.24,25620,5,买盘
1987,11:27:12,51.24,10248,2,买盘
1988,11:27:15,51.24,10248,2,买盘
1989,11:27:21,51.24,40987,8,买盘
1990,11:27:27,51.24,5124,1,买盘
1991,11:27:30,51.24,5124,1,买盘
1992,11:27:33,51.23,5123,1,卖盘
1993,11:27:36,51.24,10248,2,买盘
1994,11:27:42,51.24,10248,2,买盘
1995,11:27:45,51.24,5124,1,买盘
1996,11:27:51,51.23,5123,1,卖盘
1997,11:27:57,51.23,15371,3,卖盘
1998,11:28:00,51.23,10246,2,卖盘
1999,11:28:03,51.23,10246,2,卖盘
2000,11:28:06,51.24,10247,2,买盘
2001,11:28:09,51.24,25620,5,买盘
2002,11:28:12,51.24,10248,2,买盘
2003,11:28:15,51.24,30744,6,买盘
2004,11:28:18,51.23,10246,2,卖盘
2005,11:28:21,51.24,5124,1,买盘
2006,11:28:24,51.24,20494,4,买盘
2007,11:28:27,51.24,46112,9,买盘
2008,11:28:30,51.23,15369,3,卖盘
2009,11:28:36,51.24,51240,10,买盘
2010,11:28:39,51.24,5124,1,买盘
2011,11:28:42,51.24,20496,4,买盘
2012,11:28:45,51.24,10248,2,买盘
2013,11:28:51,51.24,20496,4,买盘
2014,11:28:57,51.24,5124,1,买盘
2015,11:29:00,51.24,5124,1,买盘
2016,11:29:03,51.23,148594,29,卖盘
2017,11:29:06,51.23,30741,6,卖盘
2018,11:29:09,51.23,5123,1,卖盘
2019,11:29:12,51.23,5123,1,卖盘
2020,11:29:15,51.23,87089,17,卖盘
2021,11:29:18,51.22,25610,5,卖盘
2022,11:29:21,51.23,5123,1,买盘
2023,11:29:27,51.23,10246,2,买盘
2024,11:29:30,51.22,5122,1,卖盘
2025,11:29:33,51.23,25615,5,买盘
2026,11:29:36,51.23,92214,18,买盘
2027,11:29:39,51.23,40984,8,买盘
2028,11:29:45,51.23,10246,2,买盘
2029,11:29:48,51.23,30737,6,买盘
2030,11:29:51,51.22,25610,5,卖盘
2031,11:29:54,51.23,81967,16,买盘
2032,11:29:57,51.24,5124,1,买盘
2033,11:30:00,51.23,25615,5,卖盘
2034,13:00:00,51.24,92215,18,买盘
2035,13:00:03,51.23,707064,138,卖盘
2036,13:00:06,51.24,184465,36,卖盘
2037,13:00:09,51.25,25624,5,买盘
2038,13:00:12,51.25,112750,22,买盘
2039,13:00:15,51.24,51251,10,卖盘
2040,13:00:18,51.25,40995,8,买盘
2041,13:00:24,51.24,204960,40,卖盘
2042,13:00:27,51.23,35864,7,卖盘
2043,13:00:30,51.23,15369,3,卖盘
2044,13:00:33,51.24,10248,2,买盘
2045,13:00:36,51.25,56373,11,买盘
2046,13:00:39,51.24,5124,1,中性盘
2047,13:00:42,51.24,46112,9,买盘
2048,13:00:45,51.23,10247,2,卖盘
2049,13:00:48,51.23,10246,2,卖盘
2050,13:00:51,51.23,56354,11,卖盘
2051,13:00:54,51.23,25615,5,卖盘
2052,13:00:57,51.23,40986,8,卖盘
2053,13:01:00,51.23,5123,1,卖盘
2054,13:01:03,51.23,245904,48,卖盘
2055,13:01:06,51.24,46108,9,买盘
2056,13:01:09,51.23,46107,9,卖盘
2057,13:01:12,51.23,61475,12,卖盘
2058,13:01:15,51.24,10248,2,买盘
2059,13:01:18,51.23,25615,5,中性盘
2060,13:01:21,51.22,179270,35,卖盘
2061,13:01:24,51.23,20489,4,买盘
2062,13:01:27,51.23,5123,1,买盘
2063,13:01:30,51.23,10245,2,买盘
2064,13:01:33,51.23,51219,10,买盘
2065,13:01:36,51.22,5122,1,买盘
2066,13:01:42,51.21,30727,6,卖盘
2067,13:01:45,51.22,15365,3,买盘
2068,13:01:48,51.22,30732,6,买盘
2069,13:01:54,51.22,25610,5,买盘
2070,13:01:57,51.22,10245,2,卖盘
2071,13:02:00,51.22,20488,4,卖盘
2072,13:02:03,51.22,35854,7,卖盘
2073,13:02:06,51.23,15368,3,买盘
2074,13:02:09,51.21,30727,6,卖盘
2075,13:02:12,51.21,92178,18,卖盘
2076,13:02:15,51.2,66567,13,卖盘
2077,13:02:24,51.2,40960,8,卖盘
2078,13:02:27,51.2,81922,16,卖盘
2079,13:02:30,51.2,35845,7,卖盘
2080,13:02:33,51.21,10242,2,买盘
2081,13:02:36,51.22,15364,3,买盘
2082,13:02:39,51.21,15363,3,卖盘
2083,13:02:42,51.21,20484,4,卖盘
2084,13:02:45,51.22,10244,2,买盘
2085,13:02:48,51.21,15363,3,卖盘
2086,13:02:54,51.22,15366,3,买盘
2087,13:02:57,51.22,5122,1,买盘
2088,13:03:06,51.21,35848,7,卖盘
2089,13:03:12,51.21,10242,2,卖盘
2090,13:03:15,51.22,81940,16,买盘
2091,13:03:21,51.2,25600,5,卖盘
2092,13:03:24,51.2,122880,24,卖盘
2093,13:03:27,51.2,30723,6,卖盘
2094,13:03:30,51.2,10240,2,卖盘
2095,13:03:33,51.2,35840,7,卖盘
2096,13:03:36,51.2,20483,4,卖盘
2097,13:03:39,51.2,5120,1,卖盘
2098,13:03:45,51.22,5122,1,买盘
2099,13:03:54,51.21,15363,3,买盘
2100,13:03:57,51.22,15366,3,买盘
2101,13:04:03,51.22,763303,149,买盘
2102,13:04:06,51.25,10247,2,买盘
2103,13:04:15,51.24,10248,2,买盘
2104,13:04:18,51.24,10248,2,买盘
2105,13:04:21,51.24,10248,2,买盘
2106,13:04:24,51.23,51231,10,卖盘
2107,13:04:27,51.24,15373,3,卖盘
2108,13:04:30,51.25,51242,10,买盘
2109,13:04:36,51.25,25625,5,买盘
2110,13:04:42,51.25,15375,3,买盘
2111,13:04:45,51.24,35870,7,卖盘
2112,13:04:51,51.24,20496,4,卖盘
2113,13:04:57,51.24,5124,1,买盘
2114,13:05:03,51.23,5123,1,卖盘
2115,13:05:06,51.23,143446,28,卖盘
2116,13:05:09,51.22,20488,4,卖盘
2117,13:05:12,51.24,333025,65,买盘
2118,13:05:15,51.24,15368,3,买盘
2119,13:05:27,51.24,809688,158,买盘
2120,13:05:30,51.25,76873,15,买盘
2121,13:05:33,51.25,5125,1,卖盘
2122,13:05:36,51.26,25626,5,买盘
2123,13:05:42,51.26,35877,7,买盘
2124,13:05:45,51.25,51250,10,卖盘
2125,13:05:48,51.25,5125,1,买盘
2126,13:05:51,51.25,51250,10,买盘
2127,13:05:54,51.25,20500,4,买盘
2128,13:05:57,51.26,5126,1,买盘
2129,13:06:03,51.26,25630,5,买盘
2130,13:06:06,51.25,25627,5,卖盘
2131,13:06:09,51.26,20502,4,买盘
2132,13:06:12,51.25,809790,158,卖盘
2133,13:06:15,51.25,276750,54,买盘
2134,13:06:18,51.25,128125,25,买盘
2135,13:06:21,51.25,138381,27,卖盘
2136,13:06:24,51.24,5124,1,卖盘
2137,13:06:27,51.24,76870,15,卖盘
2138,13:06:33,51.24,5124,1,卖盘
2139,13:06:36,51.24,112728,22,卖盘
2140,13:06:39,51.24,46116,9,买盘
2141,13:06:45,51.24,10247,2,买盘
2142,13:06:54,51.24,5124,1,买盘
2143,13:06:57,51.24,66602,13,买盘
2144,13:07:00,51.24,56364,11,买盘
2145,13:07:03,51.23,71735,14,卖盘
2146,13:07:06,51.24,20493,4,买盘
2147,13:07:09,51.23,15369,3,中性盘
2148,13:07:12,51.23,5123,1,卖盘
2149,13:07:15,51.24,10248,2,买盘
2150,13:07:18,51.22,51220,10,卖盘
2151,13:07:21,51.23,399517,78,买盘
2152,13:07:27,51.22,5122,1,买盘
2153,13:07:36,51.22,15366,3,买盘
2154,13:07:39,51.22,15365,3,买盘
2155,13:07:42,51.21,317502,62,卖盘
2156,13:07:45,51.21,5121,1,买盘
2157,13:07:48,51.21,66562,13,买盘
2158,13:07:54,51.2,5120,1,卖盘
2159,13:07:57,51.2,10241,2,卖盘
2160,13:08:00,51.2,35840,7,卖盘
2161,13:08:03,51.2,15360,3,卖盘
2162,13:08:06,51.21,10242,2,买盘
2163,13:08:15,51.21,5121,1,买盘
2164,13:08:21,51.2,5120,1,卖盘
2165,13:08:27,51.21,35846,7,买盘
2166,13:08:30,51.2,61440,12,卖盘
2167,13:08:33,51.2,5120,1,卖盘
2168,13:08:36,51.21,66569,13,买盘
2169,13:08:39,51.21,25605,5,买盘
2170,13:08:42,51.21,20484,4,买盘
2171,13:08:45,51.21,10242,2,买盘
2172,13:08:48,51.21,10242,2,买盘
2173,13:08:51,51.21,61452,12,买盘
2174,13:08:54,51.21,235566,46,买盘
2175,13:08:57,51.2,71684,14,卖盘
2176,13:09:03,51.21,10242,2,卖盘
2177,13:09:06,51.22,10244,2,买盘
2178,13:09:09,51.21,5121,1,卖盘
2179,13:09:12,51.21,30721,6,买盘
2180,13:09:15,51.21,25604,5,买盘
2181,13:09:18,51.21,5121,1,买盘
2182,13:09:27,51.21,10242,2,买盘
2183,13:09:30,51.21,20484,4,买盘
2184,13:09:33,51.21,117779,23,买盘
2185,13:09:36,51.2,25603,5,卖盘
2186,13:09:39,51.21,25605,5,买盘
2187,13:09:45,51.22,15364,3,买盘
2188,13:09:57,51.21,15365,3,卖盘
2189,13:10:00,51.21,10243,2,卖盘
2190,13:10:03,51.21,5121,1,卖盘
2191,13:10:06,51.21,10243,2,卖盘
2192,13:10:09,51.22,189492,37,买盘
2193,13:10:12,51.22,30732,6,买盘
2194,13:10:15,51.22,15365,3,买盘
2195,13:10:18,51.22,5122,1,买盘
2196,13:10:21,51.22,40976,8,买盘
2197,13:10:27,51.22,15366,3,买盘
2198,13:10:30,51.21,92178,18,卖盘
2199,13:10:36,51.22,271465,53,买盘
2200,13:10:39,51.23,102460,20,买盘
2201,13:10:42,51.23,5123,1,卖盘
2202,13:10:45,51.24,10247,2,买盘
2203,13:10:48,51.23,20494,4,卖盘
2204,13:10:54,51.24,138348,27,买盘
2205,13:10:57,51.24,15374,3,卖盘
2206,13:11:06,51.25,10250,2,买盘
2207,13:11:09,51.25,102500,20,买盘
2208,13:11:12,51.24,163968,32,卖盘
2209,13:11:15,51.24,46110,9,买盘
2210,13:11:18,51.23,10246,2,卖盘
2211,13:11:21,51.24,194712,38,买盘
2212,13:11:24,51.23,56363,11,卖盘
2213,13:11:27,51.25,10250,2,买盘
2214,13:11:30,51.24,15372,3,卖盘
2215,13:11:33,51.23,5123,1,卖盘
2216,13:11:36,51.25,5125,1,买盘
2217,13:11:39,51.23,5123,1,卖盘
2218,13:11:45,51.24,25623,5,中性盘
2219,13:11:48,51.25,81990,16,买盘
2220,13:11:51,51.24,10248,2,买盘
2221,13:11:57,51.23,10247,2,卖盘
2222,13:12:00,51.23,153692,30,卖盘
2223,13:12:03,51.23,76846,15,买盘
2224,13:12:06,51.24,40986,8,买盘
2225,13:12:12,51.24,25616,5,买盘
2226,13:12:15,51.24,261294,51,买盘
2227,13:12:21,51.23,10246,2,卖盘
2228,13:12:27,51.23,15371,3,卖盘
2229,13:12:30,51.23,10246,2,卖盘
2230,13:12:36,51.24,5124,1,买盘
2231,13:12:39,51.24,5124,1,买盘
2232,13:12:45,51.25,5125,1,买盘
2233,13:12:48,51.24,15372,3,卖盘
2234,13:12:51,51.22,158809,31,卖盘
2235,13:12:57,51.23,10246,2,买盘
2236,13:13:00,51.22,15367,3,卖盘
2237,13:13:03,51.22,15366,3,卖盘
2238,13:13:06,51.22,20490,4,卖盘
2239,13:13:09,51.23,814400,159,买盘
2240,13:13:12,51.21,15365,3,卖盘
2241,13:13:15,51.22,163875,32,买盘
2242,13:13:27,51.22,5122,1,买盘
2243,13:13:30,51.21,5121,1,卖盘
2244,13:13:33,51.22,15366,3,买盘
2245,13:13:36,51.22,56333,11,买盘
2246,13:13:42,51.21,46089,9,卖盘
2247,13:13:45,51.22,138268,27,买盘
2248,13:13:51,51.21,5121,1,卖盘
2249,13:13:54,51.21,87062,17,卖盘
2250,13:13:57,51.21,51209,10,买盘
2251,13:14:00,51.21,10242,2,卖盘
2252,13:14:03,51.21,20484,4,卖盘
2253,13:14:06,51.22,92179,18,买盘
2254,13:14:09,51.21,46089,9,卖盘
2255,13:14:12,51.21,46085,9,买盘
2256,13:14:15,51.2,107521,21,卖盘
2257,13:14:18,51.2,66561,13,卖盘
2258,13:14:21,51.2,5120,1,卖盘
2259,13:14:24,51.2,128001,25,卖盘
2260,13:14:27,51.2,92166,18,卖盘
2261,13:14:30,51.2,30720,6,卖盘
2262,13:14:33,51.18,1970845,385,卖盘
2263,13:14:36,51.17,56288,11,卖盘
2264,13:14:42,51.17,92106,18,卖盘
2265,13:14:45,51.18,30704,6,买盘
2266,13:14:48,51.16,301901,59,卖盘
2267,13:14:51,51.16,35812,7,卖盘
2268,13:14:54,51.16,25580,5,卖盘
2269,13:14:57,51.16,230232,45,卖盘
2270,13:15:00,51.16,20468,4,卖盘
2271,13:15:06,51.16,20470,4,卖盘
2272,13:15:12,51.16,199524,39,卖盘
2273,13:15:15,51.16,306960,60,卖盘
2274,13:15:18,51.15,10231,2,卖盘
2275,13:15:21,51.16,25576,5,买盘
2276,13:15:24,51.15,138107,27,卖盘
2277,13:15:27,51.16,92084,18,买盘
2278,13:15:30,51.16,5116,1,卖盘
2279,13:15:33,51.16,1038373,203,卖盘
2280,13:15:36,51.15,56267,11,卖盘
2281,13:15:39,51.15,15345,3,卖盘
2282,13:15:42,51.14,61374,12,卖盘
2283,13:15:45,51.15,35804,7,买盘
2284,13:15:48,51.14,81827,16,中性盘
2285,13:15:51,51.14,25574,5,卖盘
2286,13:15:54,51.14,92065,18,卖盘
2287,13:15:57,51.14,92054,18,买盘
2288,13:16:00,51.14,86936,17,买盘
2289,13:16:03,51.13,86928,17,卖盘
2290,13:16:06,51.13,168731,33,卖盘
2291,13:16:12,51.13,97148,19,中性盘
2292,13:16:15,51.14,10228,2,中性盘
2293,13:16:24,51.12,20454,4,卖盘
2294,13:16:27,51.12,66462,13,卖盘
2295,13:16:30,51.12,46008,9,卖盘
2296,13:16:33,51.14,5114,1,买盘
2297,13:16:36,51.14,347709,68,买盘
2298,13:16:39,51.13,40906,8,卖盘
2299,13:16:42,51.15,10230,2,买盘
2300,13:16:45,51.15,20457,4,买盘
2301,13:16:51,51.14,15344,3,卖盘
2302,13:16:54,51.14,20456,4,卖盘
2303,13:16:57,51.15,15345,3,买盘
2304,13:17:00,51.15,71600,14,买盘
2305,13:17:03,51.14,35798,7,卖盘
2306,13:17:06,51.15,40916,8,买盘
2307,13:17:09,51.14,61368,12,卖盘
2308,13:17:12,51.14,5114,1,卖盘
2309,13:17:15,51.14,102281,20,卖盘
2310,13:17:18,51.14,15342,3,买盘
2311,13:17:21,51.13,15339,3,卖盘
2312,13:17:24,51.13,5113,1,卖盘
2313,13:17:27,51.14,25570,5,买盘
2314,13:17:30,51.14,5114,1,买盘
2315,13:17:33,51.14,61361,12,买盘
2316,13:17:36,51.14,5114,1,买盘
2317,13:17:39,51.14,15342,3,买盘
2318,13:17:42,51.14,15342,3,卖盘
2319,13:17:45,51.15,20458,4,买盘
2320,13:17:48,51.15,15345,3,买盘
2321,13:17:51,51.15,15343,3,买盘
2322,13:17:54,51.14,56259,11,卖盘
2323,13:17:57,51.14,86939,17,卖盘
2324,13:18:03,51.13,40904,8,卖盘
2325,13:18:06,51.13,30680,6,卖盘
2326,13:18:09,51.14,97159,19,买盘
2327,13:18:12,51.14,1012462,198,卖盘
2328,13:18:15,51.15,30690,6,买盘
2329,13:18:18,51.14,5114,1,中性盘
2330,13:18:21,51.13,5113,1,卖盘
2331,13:18:27,51.14,10228,2,买盘
2332,13:18:30,51.13,40904,8,卖盘
2333,13:18:33,51.14,10228,2,买盘
2334,13:18:36,51.14,46026,9,买盘
2335,13:18:45,51.14,20456,4,买盘
2336,13:18:48,51.13,81808,16,卖盘
2337,13:18:51,51.12,10224,2,卖盘
2338,13:18:57,51.14,5114,1,买盘
2339,13:19:00,51.13,10226,2,卖盘
2340,13:19:03,51.13,5113,1,卖盘
2341,13:19:06,51.14,5114,1,买盘
2342,13:19:09,51.13,66471,13,卖盘
2343,13:19:12,51.13,20452,4,买盘
2344,13:19:15,51.13,35793,7,卖盘
2345,13:19:18,51.12,10225,2,卖盘
2346,13:19:21,51.13,15340,3,中性盘
2347,13:19:24,51.14,132957,26,买盘
2348,13:19:27,51.14,117602,23,买盘
2349,13:19:30,51.14,281263,55,买盘
2350,13:19:33,51.14,66482,13,买盘
2351,13:19:36,51.15,148318,29,买盘
2352,13:19:39,51.13,132970,26,卖盘
2353,13:19:42,51.14,76715,15,卖盘
2354,13:19:45,51.15,10230,2,买盘
2355,13:19:51,51.14,35798,7,卖盘
2356,13:19:57,51.15,51144,10,买盘
2357,13:20:00,51.14,30684,6,卖盘
2358,13:20:03,51.14,20457,4,卖盘
2359,13:20:06,51.14,107406,21,卖盘
2360,13:20:12,51.14,71596,14,卖盘
2361,13:20:15,51.15,61371,12,买盘
2362,13:20:18,51.15,20459,4,买盘
2363,13:20:21,51.15,81835,16,买盘
2364,13:20:24,51.15,81829,16,买盘
2365,13:20:27,51.15,56265,11,买盘
2366,13:20:30,51.15,10230,2,买盘
2367,13:20:36,51.15,30690,6,买盘
2368,13:20:39,51.15,30689,6,买盘
2369,13:20:45,51.16,10232,2,买盘
2370,13:20:51,51.16,10232,2,买盘
2371,13:20:54,51.15,15345,3,卖盘
2372,13:20:57,51.16,15347,3,买盘
2373,13:21:00,51.15,5115,1,卖盘
2374,13:21:06,51.16,51160,10,买盘
2375,13:21:09,51.16,51160,10,买盘
2376,13:21:15,51.13,516515,101,卖盘
2377,13:21:21,51.16,56276,11,买盘
2378,13:21:27,51.13,46021,9,卖盘
2379,13:21:30,51.14,15342,3,中性盘
2380,13:21:33,51.14,76706,15,中性盘
2381,13:21:36,51.14,5114,1,中性盘
2382,13:21:39,51.13,10226,2,卖盘
2383,13:21:42,51.14,10228,2,买盘
2384,13:21:45,51.14,35793,7,买盘
2385,13:21:48,51.13,51130,10,卖盘
2386,13:21:51,51.13,10226,2,卖盘
2387,13:21:57,51.14,30681,6,买盘
2388,13:22:00,51.13,40904,8,卖盘
2389,13:22:03,51.13,5113,1,卖盘
2390,13:22:06,51.13,66472,13,卖盘
2391,13:22:12,51.14,10228,2,买盘
2392,13:22:15,51.14,15342,3,买盘
2393,13:22:24,51.14,35798,7,买盘
2394,13:22:27,51.14,5114,1,买盘
2395,13:22:30,51.13,30678,6,卖盘
2396,13:22:33,51.13,35792,7,卖盘
2397,13:22:36,51.15,10229,2,买盘
2398,13:22:42,51.14,117602,23,买盘
2399,13:22:45,51.14,10227,2,买盘
2400,13:22:48,51.14,5114,1,买盘
2401,13:22:51,51.14,10228,2,买盘
2402,13:22:57,51.14,20458,4,卖盘
2403,13:23:03,51.13,35796,7,卖盘
2404,13:23:06,51.15,5115,1,买盘
2405,13:23:09,51.14,5114,1,卖盘
2406,13:23:12,51.15,5115,1,买盘
2407,13:23:15,51.15,76712,15,买盘
2408,13:23:24,51.14,51140,10,卖盘
2409,13:23:27,51.15,15345,3,买盘
2410,13:23:30,51.13,46024,9,卖盘
2411,13:23:36,51.15,30690,6,买盘
2412,13:23:42,51.15,15345,3,买盘
2413,13:23:45,51.13,20456,4,卖盘
2414,13:23:51,51.15,10230,2,买盘
2415,13:23:54,51.14,10228,2,卖盘
2416,13:23:57,51.15,5115,1,买盘
2417,13:24:00,51.15,189255,37,买盘
2418,13:24:06,51.16,92088,18,买盘
2419,13:24:12,51.16,153480,30,买盘
2420,13:24:15,51.17,102320,20,买盘
2421,13:24:18,51.17,81869,16,买盘
2422,13:24:21,51.16,30701,6,卖盘
2423,13:24:24,51.17,46045,9,买盘
2424,13:24:27,51.16,56279,11,卖盘
2425,13:24:30,51.16,15347,3,买盘
2426,13:24:36,51.15,10231,2,卖盘
2427,13:24:45,51.16,10232,2,买盘
2428,13:24:51,51.16,5116,1,买盘
2429,13:24:54,51.16,81845,16,买盘
2430,13:24:57,51.16,51156,10,买盘
2431,13:25:03,51.16,10232,2,买盘
2432,13:25:06,51.16,20462,4,买盘
2433,13:25:09,51.16,25579,5,买盘
2434,13:25:12,51.16,61392,12,买盘
2435,13:25:15,51.16,35808,7,买盘
2436,13:25:18,51.16,15348,3,买盘
2437,13:25:21,51.16,25580,5,买盘
2438,13:25:24,51.16,20464,4,买盘
2439,13:25:27,51.16,10233,2,卖盘
2440,13:25:30,51.16,5116,1,卖盘
2441,13:25:33,51.16,10232,2,卖盘
2442,13:25:36,51.17,25582,5,买盘
2443,13:25:39,51.16,5116,1,卖盘
2444,13:25:45,51.17,5117,1,买盘
2445,13:25:48,51.16,20464,4,卖盘
2446,13:25:51,51.16,15348,3,卖盘
2447,13:25:54,51.16,35812,7,卖盘
2448,13:25:57,51.16,163722,32,卖盘
2449,13:26:00,51.16,46044,9,买盘
2450,13:26:06,51.16,15348,3,买盘
2451,13:26:09,51.16,51160,10,买盘
2452,13:26:12,51.16,51160,10,卖盘
2453,13:26:15,51.16,40928,8,买盘
2454,13:26:18,51.17,189324,37,买盘
2455,13:26:21,51.17,5117,1,买盘
2456,13:26:27,51.16,30697,6,卖盘
2457,13:26:30,51.17,71638,14,买盘
2458,13:26:33,51.17,25585,5,买盘
2459,13:26:36,51.17,40934,8,买盘
2460,13:26:39,51.17,112574,22,买盘
2461,13:26:45,51.18,15354,3,买盘
2462,13:26:48,51.18,15354,3,买盘
2463,13:26:51,51.18,15354,3,买盘
2464,13:26:54,51.17,10234,2,卖盘
2465,13:26:57,51.18,5118,1,买盘
2466,13:27:00,51.18,25589,5,买盘
2467,13:27:03,51.18,35826,7,买盘
2468,13:27:06,51.18,10236,2,买盘
2469,13:27:12,51.18,10236,2,买盘
2470,13:27:15,51.18,10236,2,买盘
2471,13:27:24,51.18,25590,5,买盘
2472,13:27:27,51.18,20472,4,买盘
2473,13:27:33,51.18,25590,5,买盘
2474,13:27:36,51.18,40944,8,买盘
2475,13:27:39,51.18,30708,6,买盘
2476,13:27:45,51.18,10236,2,买盘
2477,13:27:51,51.17,240499,47,卖盘
2478,13:27:54,51.17,5117,1,卖盘
2479,13:27:57,51.18,35826,7,买盘
2480,13:28:00,51.17,25585,5,卖盘
2481,13:28:03,51.18,71648,14,买盘
2482,13:28:06,51.18,481092,94,买盘
2483,13:28:09,51.19,35833,7,买盘
2484,13:28:12,51.19,102380,20,买盘
2485,13:28:15,51.19,10238,2,买盘
2486,13:28:18,51.19,15357,3,买盘
2487,13:28:21,51.19,122856,24,买盘
2488,13:28:27,51.19,20478,4,卖盘
2489,13:28:33,51.2,30720,6,买盘
2490,13:28:36,51.2,35840,7,买盘
2491,13:28:39,51.19,30718,6,卖盘
2492,13:28:42,51.19,10238,2,中性盘
2493,13:28:45,51.2,5120,1,买盘
2494,13:28:48,51.18,10238,2,卖盘
2495,13:28:51,51.2,107520,21,买盘
2496,13:28:54,51.2,5120,1,买盘
2497,13:28:57,51.2,51195,10,买盘
2498,13:29:00,51.2,10240,2,买盘
2499,13:29:06,51.2,30720,6,买盘
2500,13:29:12,51.19,25598,5,卖盘
2501,13:29:15,51.2,71678,14,买盘
2502,13:29:27,51.2,76801,15,卖盘
2503,13:29:30,51.19,5119,1,卖盘
2504,13:29:33,51.2,30719,6,买盘
2505,13:29:36,51.2,10240,2,买盘
2506,13:29:39,51.2,256000,50,买盘
2507,13:29:42,51.2,5120,1,买盘
2508,13:29:45,51.2,5120,1,买盘
2509,13:29:54,51.2,5120,1,买盘
2510,13:29:57,51.2,20480,4,买盘
2511,13:30:03,51.2,46080,9,买盘
2512,13:30:06,51.21,30722,6,买盘
2513,13:30:09,51.2,5120,1,卖盘
2514,13:30:12,51.21,25602,5,买盘
2515,13:30:15,51.21,35841,7,买盘
2516,13:30:18,51.21,40967,8,买盘
2517,13:30:21,51.21,20484,4,买盘
2518,13:30:24,51.21,5121,1,买盘
2519,13:30:27,51.21,51210,10,买盘
2520,13:30:33,51.21,10242,2,买盘
2521,13:30:36,51.21,5121,1,买盘
2522,13:30:39,51.2,10241,2,卖盘
2523,13:30:45,51.21,10242,2,买盘
2524,13:30:48,51.2,5120,1,卖盘
2525,13:30:51,51.2,20480,4,卖盘
2526,13:30:54,51.2,35840,7,卖盘
2527,13:30:57,51.2,20481,4,卖盘
2528,13:31:00,51.2,5120,1,卖盘
2529,13:31:06,51.2,163840,32,卖盘
2530,13:31:09,51.19,5119,1,卖盘
2531,13:31:12,51.19,5119,1,卖盘
2532,13:31:15,51.19,25594,5,买盘
2533,13:31:18,51.18,5118,1,卖盘
2534,13:31:21,51.18,10236,2,卖盘
2535,13:31:24,51.19,20475,4,买盘
2536,13:31:27,51.19,10238,2,买盘
2537,13:31:30,51.18,250782,49,卖盘
2538,13:31:33,51.17,5117,1,卖盘
2539,13:31:36,51.17,15352,3,卖盘
2540,13:31:42,51.18,179130,35,买盘
2541,13:31:45,51.18,107462,21,买盘
2542,13:31:48,51.17,35822,7,卖盘
2543,13:31:51,51.17,76755,15,卖盘
2544,13:31:54,51.18,573216,112,买盘
2545,13:31:57,51.17,30709,6,卖盘
2546,13:32:06,51.2,168928,33,买盘
2547,13:32:09,51.2,25596,5,买盘
2548,13:32:12,51.19,30714,6,卖盘
2549,13:32:15,51.2,10240,2,买盘
2550,13:32:18,51.2,399357,78,买盘
2551,13:32:21,51.21,384001,75,买盘
2552,13:32:24,51.2,215072,42,卖盘
2553,13:32:27,51.21,51210,10,买盘
2554,13:32:33,51.22,409722,80,买盘
2555,13:32:36,51.22,51220,10,买盘
2556,13:32:39,51.22,10244,2,买盘
2557,13:32:42,51.21,20484,4,卖盘
2558,13:32:45,51.22,5122,1,买盘
2559,13:32:48,51.22,25610,5,买盘
2560,13:32:54,51.22,30732,6,买盘
2561,13:32:57,51.22,25610,5,买盘
2562,13:33:00,51.23,35860,7,买盘
2563,13:33:06,51.23,76845,15,买盘
2564,13:33:12,51.23,15369,3,买盘
2565,13:33:15,51.22,122928,24,卖盘
2566,13:33:18,51.22,5122,1,买盘
2567,13:33:21,51.22,51220,10,买盘
2568,13:33:24,51.23,225404,44,买盘
2569,13:33:27,51.23,35863,7,卖盘
2570,13:33:33,51.24,15371,3,买盘
2571,13:33:36,51.23,15371,3,卖盘
2572,13:33:39,51.23,35866,7,卖盘
2573,13:33:45,51.24,10248,2,买盘
2574,13:33:54,51.24,30744,6,买盘
2575,13:33:57,51.24,5124,1,买盘
2576,13:34:00,51.24,10248,2,买盘
2577,13:34:03,51.24,10248,2,买盘
2578,13:34:06,51.25,10250,2,买盘
2579,13:34:09,51.25,35874,7,买盘
2580,13:34:12,51.25,15375,3,买盘
2581,13:34:15,51.25,20499,4,买盘
2582,13:34:18,51.24,10248,2,卖盘
2583,13:34:24,51.24,199869,39,卖盘
2584,13:34:27,51.25,41000,8,买盘
2585,13:34:30,51.25,10250,2,卖盘
2586,13:34:33,51.25,30750,6,卖盘
2587,13:34:36,51.26,35882,7,买盘
2588,13:34:39,51.26,5126,1,买盘
2589,13:34:42,51.26,30756,6,买盘
2590,13:34:45,51.26,30751,6,买盘
2591,13:34:48,51.26,25630,5,买盘
2592,13:34:51,51.26,5126,1,卖盘
2593,13:34:54,51.26,51260,10,卖盘
2594,13:34:57,51.26,15380,3,卖盘
2595,13:35:03,51.27,87159,17,买盘
2596,13:35:06,51.27,10255,2,卖盘
2597,13:35:12,51.27,10254,2,卖盘
2598,13:35:15,51.27,358867,70,卖盘
2599,13:35:18,51.27,35888,7,中性盘
2600,13:35:21,51.27,5127,1,买盘
2601,13:35:24,51.27,15381,3,买盘
2602,13:35:27,51.27,20508,4,买盘
2603,13:35:30,51.27,25635,5,卖盘
2604,13:35:33,51.27,5127,1,卖盘
2605,13:35:36,51.28,10256,2,买盘
2606,13:35:39,51.28,15382,3,买盘
2607,13:35:42,51.28,10256,2,买盘
2608,13:35:45,51.28,5128,1,买盘
2609,13:35:51,51.28,10256,2,买盘
2610,13:35:54,51.26,292234,57,卖盘
2611,13:35:57,51.27,46137,9,买盘
2612,13:36:03,51.26,41014,8,卖盘
2613,13:36:06,51.27,10254,2,买盘
2614,13:36:09,51.27,5127,1,卖盘
2615,13:36:12,51.27,25635,5,卖盘
2616,13:36:15,51.28,5128,1,买盘
2617,13:36:18,51.26,51265,10,卖盘
2618,13:36:21,51.26,138402,27,卖盘
2619,13:36:27,51.27,35884,7,买盘
2620,13:36:30,51.26,10252,2,买盘
2621,13:36:36,51.26,30756,6,买盘
2622,13:36:45,51.26,10252,2,买盘
2623,13:36:54,51.26,10252,2,买盘
2624,13:36:57,51.26,10252,2,买盘
2625,13:37:00,51.26,10252,2,买盘
2626,13:37:03,51.26,10252,2,买盘
2627,13:37:06,51.26,15378,3,买盘
2628,13:37:09,51.24,399748,78,卖盘
2629,13:37:12,51.22,40984,8,卖盘
2630,13:37:15,51.23,209984,41,中性盘
2631,13:37:18,51.21,25605,5,卖盘
2632,13:37:21,51.22,25610,5,中性盘
2633,13:37:27,51.21,35850,7,卖盘
2634,13:37:36,51.22,5122,1,买盘
2635,13:37:39,51.21,30727,6,卖盘
2636,13:37:42,51.22,25610,5,买盘
2637,13:37:45,51.22,10244,2,买盘
2638,13:37:51,51.21,51210,10,卖盘
2639,13:37:54,51.22,112664,22,买盘
2640,13:37:57,51.22,56342,11,买盘
2641,13:38:06,51.22,46098,9,买盘
2642,13:38:09,51.22,51220,10,买盘
2643,13:38:12,51.22,40976,8,买盘
2644,13:38:15,51.22,10244,2,买盘
2645,13:38:18,51.22,20488,4,买盘
2646,13:38:24,51.22,5122,1,买盘
2647,13:38:27,51.21,30727,6,卖盘
2648,13:38:30,51.21,5121,1,卖盘
2649,13:38:33,51.21,5121,1,卖盘
2650,13:38:36,51.22,10244,2,买盘
2651,13:38:42,51.22,5122,1,买盘
2652,13:38:45,51.22,5122,1,买盘
2653,13:38:48,51.21,10243,2,卖盘
2654,13:38:51,51.21,10242,2,卖盘
2655,13:38:54,51.22,61462,12,买盘
2656,13:38:57,51.21,15365,3,中性盘
2657,13:39:00,51.2,25600,5,卖盘
2658,13:39:03,51.21,25604,5,中性盘
2659,13:39:06,51.2,35841,7,卖盘
2660,13:39:09,51.21,163872,32,买盘
2661,13:39:12,51.21,81937,16,卖盘
2662,13:39:15,51.22,51205,10,买盘
2663,13:39:24,51.21,30726,6,买盘
2664,13:39:27,51.2,25601,5,卖盘
2665,13:39:33,51.21,40968,8,卖盘
2666,13:39:36,51.21,10243,2,卖盘
2667,13:39:45,51.21,46091,9,卖盘
2668,13:39:48,51.21,30726,6,卖盘
2669,13:39:51,51.22,15364,3,买盘
2670,13:39:54,51.21,5121,1,买盘
2671,13:39:57,51.2,10241,2,卖盘
2672,13:40:00,51.2,5120,1,卖盘
2673,13:40:03,51.2,20483,4,卖盘
2674,13:40:06,51.21,10242,2,买盘
2675,13:40:09,51.21,15363,3,买盘
2676,13:40:12,51.2,15362,3,卖盘
2677,13:40:15,51.21,87048,17,买盘
2678,13:40:18,51.2,56320,11,卖盘
2679,13:40:27,51.21,10242,2,买盘
2680,13:40:36,51.21,56331,11,买盘
2681,13:40:39,51.21,10241,2,买盘
2682,13:40:42,51.21,5121,1,买盘
2683,13:40:45,51.21,15363,3,买盘
2684,13:40:48,51.2,35840,7,卖盘
2685,13:40:57,51.21,5121,1,买盘
2686,13:41:00,51.21,5121,1,买盘
2687,13:41:06,51.2,92171,18,卖盘
2688,13:41:12,51.21,5121,1,买盘
2689,13:41:15,51.2,97282,19,卖盘
2690,13:41:18,51.21,10241,2,买盘
2691,13:41:21,51.2,61440,12,卖盘
2692,13:41:24,51.21,133139,26,买盘
2693,13:41:27,51.2,25604,5,卖盘
2694,13:41:36,51.21,10242,2,买盘
2695,13:41:45,51.21,35841,7,买盘
2696,13:41:51,51.19,148471,29,卖盘
2697,13:41:54,51.19,81914,16,卖盘
2698,13:41:57,51.2,15359,3,买盘
2699,13:42:06,51.2,5120,1,买盘
2700,13:42:09,51.2,92160,18,买盘
2701,13:42:12,51.2,15360,3,买盘
2702,13:42:15,51.2,35840,7,卖盘
2703,13:42:18,51.2,5120,1,卖盘
2704,13:42:27,51.19,66548,13,卖盘
2705,13:42:30,51.19,15357,3,卖盘
2706,13:42:33,51.2,20480,4,买盘
2707,13:42:36,51.19,61430,12,卖盘
2708,13:42:39,51.2,10239,2,买盘
2709,13:42:42,51.19,25595,5,卖盘
2710,13:42:45,51.2,10240,2,买盘
2711,13:42:48,51.2,35835,7,买盘
2712,13:42:51,51.19,10238,2,卖盘
2713,13:42:54,51.2,10240,2,买盘
2714,13:42:57,51.2,35838,7,买盘
2715,13:43:00,51.19,15357,3,卖盘
2716,13:43:03,51.17,486247,95,卖盘
2717,13:43:06,51.17,61406,12,卖盘
2718,13:43:09,51.17,35821,7,卖盘
2719,13:43:15,51.18,92107,18,买盘
2720,13:43:18,51.18,107462,21,买盘
2721,13:43:21,51.17,5117,1,卖盘
2722,13:43:24,51.17,25585,5,卖盘
2723,13:43:27,51.17,56289,11,卖盘
2724,13:43:30,51.18,15352,3,买盘
2725,13:43:33,51.17,25585,5,卖盘
2726,13:43:36,51.18,40940,8,买盘
2727,13:43:39,51.18,5118,1,买盘
2728,13:43:42,51.18,10236,2,买盘
2729,13:43:45,51.17,30704,6,卖盘
2730,13:43:48,51.17,5117,1,卖盘
2731,13:43:57,51.18,5118,1,买盘
2732,13:44:00,51.17,20470,4,卖盘
2733,13:44:06,51.18,25587,5,买盘
2734,13:44:09,51.17,86990,17,卖盘
2735,13:44:12,51.17,10235,2,卖盘
2736,13:44:15,51.18,5118,1,买盘
2737,13:44:18,51.17,35820,7,卖盘
2738,13:44:21,51.17,10234,2,卖盘
2739,13:44:24,51.17,46053,9,卖盘
2740,13:44:27,51.18,5118,1,买盘
2741,13:44:30,51.17,40936,8,卖盘
2742,13:44:33,51.17,66521,13,卖盘
2743,13:44:36,51.17,25587,5,卖盘
2744,13:44:42,51.18,15352,3,买盘
2745,13:44:45,51.18,40939,8,买盘
2746,13:44:48,51.17,5117,1,卖盘
2747,13:44:51,51.17,230271,45,卖盘
2748,13:44:54,51.17,15351,3,卖盘
2749,13:44:57,51.17,20468,4,买盘
2750,13:45:00,51.16,71624,14,卖盘
2751,13:45:03,51.16,5116,1,卖盘
2752,13:45:06,51.16,35814,7,卖盘
2753,13:45:09,51.16,117673,23,卖盘
2754,13:45:15,51.17,15350,3,买盘
2755,13:45:18,51.16,66514,13,卖盘
2756,13:45:21,51.17,5117,1,买盘
2757,13:45:24,51.17,5117,1,买盘
2758,13:45:27,51.17,71638,14,买盘
2759,13:45:30,51.17,117691,23,买盘
2760,13:45:33,51.18,220074,43,买盘
2761,13:45:36,51.17,209802,41,卖盘
2762,13:45:39,51.17,25585,5,买盘
2763,13:45:42,51.17,15351,3,买盘
2764,13:45:45,51.17,20468,4,买盘
2765,13:45:48,51.17,10234,2,买盘
2766,13:45:51,51.17,10234,2,买盘
2767,13:45:54,51.17,15351,3,买盘
2768,13:45:57,51.17,15351,3,买盘
2769,13:46:00,51.17,5117,1,买盘
2770,13:46:03,51.17,40932,8,买盘
2771,13:46:06,51.17,56286,11,买盘
2772,13:46:09,51.17,10234,2,买盘
2773,13:46:12,51.17,25585,5,买盘
2774,13:46:15,51.17,20468,4,买盘
2775,13:46:21,51.16,25580,5,卖盘
2776,13:46:24,51.16,35812,7,卖盘
2777,13:46:27,51.17,20468,4,买盘
2778,13:46:30,51.16,869720,170,卖盘
2779,13:46:33,51.16,5116,1,买盘
2780,13:46:36,51.16,5116,1,买盘
2781,13:46:39,51.16,61387,12,买盘
2782,13:46:42,51.16,25580,5,买盘
2783,13:46:45,51.16,10232,2,买盘
2784,13:46:48,51.15,25575,5,卖盘
2785,13:46:51,51.15,20460,4,卖盘
2786,13:46:57,51.15,40921,8,卖盘
2787,13:47:00,51.15,5115,1,卖盘
2788,13:47:06,51.16,10232,2,买盘
2789,13:47:12,51.15,25575,5,卖盘
2790,13:47:15,51.16,5116,1,买盘
2791,13:47:18,51.15,86957,17,卖盘
2792,13:47:21,51.15,61383,12,卖盘
2793,13:47:24,51.16,5116,1,买盘
2794,13:47:27,51.16,86965,17,买盘
2795,13:47:36,51.16,15348,3,买盘
2796,13:47:39,51.16,30696,6,买盘
2797,13:47:45,51.16,5116,1,买盘
2798,13:47:54,51.15,10230,2,卖盘
2799,13:47:57,51.16,10232,2,买盘
2800,13:48:00,51.15,25575,5,卖盘
2801,13:48:03,51.15,122764,24,卖盘
2802,13:48:06,51.15,20461,4,卖盘
2803,13:48:15,51.16,10232,2,买盘
2804,13:48:21,51.15,112530,22,卖盘
2805,13:48:27,51.16,30692,6,买盘
2806,13:48:36,51.16,81855,16,买盘
2807,13:48:39,51.15,10230,2,卖盘
2808,13:48:42,51.16,112540,22,买盘
2809,13:48:45,51.16,20464,4,买盘
2810,13:48:48,51.15,15347,3,卖盘
2811,13:48:54,51.15,25575,5,卖盘
2812,13:48:57,51.16,5116,1,买盘
2813,13:49:00,51.15,56266,11,卖盘
2814,13:49:06,51.15,35807,7,卖盘
2815,13:49:12,51.15,25575,5,卖盘
2816,13:49:15,51.15,10231,2,卖盘
2817,13:49:18,51.16,15347,3,买盘
2818,13:49:24,51.15,35805,7,卖盘
2819,13:49:27,51.16,15348,3,买盘
2820,13:49:30,51.16,5116,1,买盘
2821,13:49:36,51.16,5116,1,买盘
2822,13:49:39,51.15,20460,4,卖盘
2823,13:49:42,51.16,347884,68,买盘
2824,13:49:45,51.17,46046,9,买盘
2825,13:49:48,51.17,15351,3,买盘
2826,13:49:51,51.16,5116,1,卖盘
2827,13:49:54,51.17,383775,75,买盘
2828,13:49:57,51.16,168846,33,卖盘
2829,13:50:00,51.16,20464,4,卖盘
2830,13:50:03,51.17,61403,12,买盘
2831,13:50:06,51.18,30704,6,买盘
2832,13:50:09,51.17,5117,1,卖盘
2833,13:50:15,51.18,5118,1,买盘
2834,13:50:18,51.17,30702,6,卖盘
2835,13:50:21,51.17,10234,2,卖盘
2836,13:50:24,51.17,10234,2,买盘
2837,13:50:27,51.17,10234,2,买盘
2838,13:50:30,51.17,15351,3,中性盘
2839,13:50:33,51.17,10234,2,卖盘
2840,13:50:36,51.18,5118,1,买盘
2841,13:50:42,51.18,71643,14,买盘
2842,13:50:45,51.17,20469,4,卖盘
2843,13:50:48,51.18,5118,1,买盘
2844,13:50:51,51.17,25585,5,卖盘
2845,13:50:54,51.18,5118,1,买盘
2846,13:50:57,51.17,25587,5,卖盘
2847,13:51:00,51.17,10235,2,卖盘
2848,13:51:03,51.17,5117,1,卖盘
2849,13:51:06,51.17,107464,21,卖盘
2850,13:51:09,51.17,10234,2,卖盘
2851,13:51:15,51.18,10236,2,买盘
2852,13:51:18,51.17,20468,4,卖盘
2853,13:51:27,51.18,20472,4,买盘
2854,13:51:30,51.16,424704,83,卖盘
2855,13:51:33,51.17,46047,9,买盘
2856,13:51:36,51.16,15350,3,卖盘
2857,13:51:39,51.16,40928,8,卖盘
2858,13:51:42,51.16,25580,5,卖盘
2859,13:51:45,51.17,92089,18,买盘
2860,13:51:48,51.16,271148,53,卖盘
2861,13:51:51,51.16,30696,6,卖盘
2862,13:51:57,51.17,35817,7,买盘
2863,13:52:00,51.16,86972,17,卖盘
2864,13:52:03,51.16,15348,3,卖盘
2865,13:52:06,51.17,5117,1,买盘
2866,13:52:09,51.17,5117,1,买盘
2867,13:52:12,51.16,46044,9,卖盘
2868,13:52:15,51.17,30700,6,买盘
2869,13:52:18,51.16,35812,7,卖盘
2870,13:52:21,51.16,5116,1,卖盘
2871,13:52:24,51.17,10234,2,买盘
2872,13:52:27,51.17,10234,2,买盘
2873,13:52:30,51.16,20464,4,卖盘
2874,13:52:33,51.16,76740,15,卖盘
2875,13:52:36,51.16,20467,4,卖盘
2876,13:52:39,51.17,10234,2,买盘
2877,13:52:42,51.16,10232,2,卖盘
2878,13:52:45,51.17,10234,2,买盘
2879,13:52:48,51.16,81856,16,卖盘
2880,13:52:51,51.16,5116,1,卖盘
2881,13:52:54,51.16,5116,1,卖盘
2882,13:52:57,51.16,35813,7,卖盘
2883,13:53:00,51.16,5116,1,卖盘
2884,13:53:03,51.17,30697,6,买盘
2885,13:53:06,51.17,15350,3,买盘
2886,13:53:15,51.17,66509,13,买盘
2887,13:53:18,51.16,97205,19,卖盘
2888,13:53:21,51.16,10232,2,卖盘
2889,13:53:24,51.16,35812,7,卖盘
2890,13:53:27,51.17,56279,11,买盘
2891,13:53:30,51.16,10232,2,卖盘
2892,13:53:33,51.16,25580,5,卖盘
2893,13:53:36,51.16,10233,2,卖盘
2894,13:53:39,51.16,35812,7,卖盘
2895,13:53:42,51.16,1043663,204,卖盘
2896,13:53:45,51.16,2374256,464,买盘
2897,13:53:48,51.16,133016,26,买盘
2898,13:53:51,51.15,30693,6,卖盘
2899,13:53:54,51.17,25581,5,买盘
2900,13:53:57,51.16,97214,19,卖盘
2901,13:54:00,51.17,46052,9,买盘
2902,13:54:03,51.18,557823,109,买盘
2903,13:54:06,51.19,5119,1,买盘
2904,13:54:09,51.19,127975,25,买盘
2905,13:54:12,51.19,66547,13,买盘
2906,13:54:15,51.2,25597,5,买盘
2907,13:54:18,51.2,71678,14,买盘
2908,13:54:21,51.19,35839,7,卖盘
2909,13:54:27,51.2,15360,3,买盘
2910,13:54:30,51.2,51200,10,买盘
2911,13:54:36,51.21,35844,7,买盘
2912,13:54:42,51.21,5121,1,买盘
2913,13:54:45,51.21,5121,1,买盘
2914,13:54:48,51.21,5121,1,买盘
2915,13:54:54,51.21,10242,2,买盘
2916,13:54:57,51.2,61443,12,卖盘
2917,13:55:00,51.2,5120,1,卖盘
2918,13:55:06,51.21,5121,1,买盘
2919,13:55:15,51.21,5121,1,买盘
2920,13:55:18,51.2,71681,14,卖盘
2921,13:55:24,51.21,20482,4,买盘
2922,13:55:27,51.21,10242,2,买盘
2923,13:55:30,51.21,163872,32,买盘
2924,13:55:33,51.21,5121,1,卖盘
2925,13:55:36,51.22,5122,1,买盘
2926,13:55:39,51.21,30726,6,卖盘
2927,13:55:42,51.21,10242,2,卖盘
2928,13:55:45,51.21,15363,3,卖盘
2929,13:55:48,51.2,15361,3,卖盘
2930,13:55:51,51.22,35850,7,买盘
2931,13:55:57,51.22,5122,1,买盘
2932,13:56:03,51.21,40968,8,卖盘
2933,13:56:06,51.21,30728,6,卖盘
2934,13:56:15,51.22,20486,4,买盘
2935,13:56:27,51.22,20488,4,买盘
2936,13:56:36,51.21,10243,2,卖盘
2937,13:56:42,51.21,5121,1,卖盘
2938,13:56:45,51.22,15364,3,买盘
2939,13:56:57,51.22,5122,1,买盘
2940,13:57:00,51.21,66573,13,卖盘
2941,13:57:03,51.21,15363,3,卖盘
2942,13:57:06,51.21,10243,2,卖盘
2943,13:57:12,51.21,15363,3,卖盘
2944,13:57:15,51.21,20484,4,买盘
2945,13:57:21,51.21,10241,2,买盘
2946,13:57:27,51.21,5121,1,买盘
2947,13:57:30,51.21,51210,10,买盘
2948,13:57:33,51.2,102400,20,卖盘
2949,13:57:36,51.21,15362,3,买盘
2950,13:57:42,51.2,30721,6,卖盘
2951,13:57:45,51.21,5121,1,买盘
2952,13:57:51,51.2,5120,1,卖盘
2953,13:57:57,51.21,10242,2,买盘
2954,13:58:03,51.2,30720,6,卖盘
2955,13:58:06,51.21,15363,3,买盘
2956,13:58:09,51.2,5120,1,卖盘
2957,13:58:15,51.21,10242,2,买盘
2958,13:58:18,51.19,51197,10,卖盘
2959,13:58:27,51.21,5121,1,买盘
2960,13:58:33,51.2,5120,1,卖盘
2961,13:58:36,51.21,10241,2,买盘
2962,13:58:42,51.2,5120,1,卖盘
2963,13:58:45,51.2,20482,4,卖盘
2964,13:58:48,51.2,220121,43,买盘
2965,13:58:51,51.18,184254,36,卖盘
2966,13:58:54,51.19,15357,3,中性盘
2967,13:58:57,51.19,46071,9,买盘
2968,13:59:00,51.2,25599,5,买盘
2969,13:59:03,51.18,15354,3,卖盘
2970,13:59:06,51.2,10240,2,买盘
2971,13:59:09,51.19,15357,3,卖盘
2972,13:59:12,51.19,5119,1,卖盘
2973,13:59:15,51.2,35835,7,买盘
2974,13:59:21,51.2,40955,8,买盘
2975,13:59:24,51.19,25595,5,卖盘
2976,13:59:27,51.2,10240,2,买盘
2977,13:59:30,51.2,46078,9,买盘
2978,13:59:33,51.2,5120,1,买盘
2979,13:59:36,51.2,10239,2,买盘
2980,13:59:39,51.2,5120,1,买盘
2981,13:59:45,51.2,40960,8,买盘
2982,13:59:48,51.2,51191,10,买盘
2983,13:59:51,51.2,5120,1,买盘
2984,13:59:54,51.2,81920,16,买盘
2985,13:59:57,51.2,20480,4,买盘
2986,14:00:03,51.19,25595,5,卖盘
2987,14:00:06,51.21,212484,42,买盘
2988,14:00:09,51.2,25600,5,卖盘
2989,14:00:12,51.2,20480,4,卖盘
2990,14:00:15,51.21,20482,4,买盘
2991,14:00:18,51.2,5120,1,卖盘
2992,14:00:21,51.2,5120,1,卖盘
2993,14:00:24,51.2,20481,4,卖盘
2994,14:00:27,51.2,61441,12,卖盘
2995,14:00:30,51.19,17917,4,卖盘
2996,14:00:33,51.19,15359,3,卖盘
2997,14:00:36,51.2,15359,3,买盘
2998,14:00:39,51.19,46071,9,卖盘
2999,14:00:42,51.19,235477,46,卖盘
3000,14:00:45,51.2,5120,1,买盘
3001,14:00:48,51.19,35833,7,卖盘
3002,14:00:51,51.19,66547,13,卖盘
3003,14:00:54,51.2,61435,12,买盘
3004,14:00:57,51.19,20478,4,卖盘
3005,14:01:00,51.19,15357,3,卖盘
3006,14:01:06,51.2,5120,1,买盘
3007,14:01:09,51.19,61428,12,卖盘
3008,14:01:12,51.19,5119,1,卖盘
3009,14:01:15,51.2,10240,2,买盘
3010,14:01:18,51.19,322557,63,卖盘
3011,14:01:21,51.19,20479,4,卖盘
3012,14:01:24,51.2,5120,1,买盘
3013,14:01:27,51.2,5120,1,买盘
3014,14:01:30,51.19,35835,7,卖盘
3015,14:01:33,51.19,40952,8,卖盘
3016,14:01:36,51.2,56320,11,买盘
3017,14:01:45,51.2,56311,11,买盘
3018,14:01:48,51.19,71666,14,卖盘
3019,14:01:51,51.19,40952,8,卖盘
3020,14:01:54,51.19,15357,3,卖盘
3021,14:01:57,51.19,30715,6,卖盘
3022,14:02:00,51.19,10237,2,买盘
3023,14:02:03,51.18,51180,10,卖盘
3024,14:02:06,51.19,20476,4,买盘
3025,14:02:12,51.19,10238,2,买盘
3026,14:02:15,51.19,10237,2,买盘
3027,14:02:18,51.18,35826,7,卖盘
3028,14:02:21,51.19,35828,7,买盘
3029,14:02:27,51.18,15356,3,卖盘
3030,14:02:30,51.19,97261,19,买盘
3031,14:02:33,51.18,10236,2,卖盘
3032,14:02:36,51.2,5120,1,买盘
3033,14:02:45,51.2,20478,4,买盘
3034,14:02:48,51.19,20478,4,卖盘
3035,14:02:51,51.19,5119,1,卖盘
3036,14:02:54,51.19,30715,6,卖盘
3037,14:02:57,51.2,5120,1,买盘
3038,14:03:00,51.2,261083,51,买盘
3039,14:03:03,51.2,56320,11,买盘
3040,14:03:06,51.2,10240,2,买盘
3041,14:03:09,51.2,102369,20,买盘
3042,14:03:12,51.2,10240,2,买盘
3043,14:03:15,51.2,10239,2,买盘
3044,14:03:21,51.19,97271,19,卖盘
3045,14:03:24,51.19,179175,35,卖盘
3046,14:03:27,51.19,25596,5,卖盘
3047,14:03:33,51.19,5119,1,卖盘
3048,14:03:36,51.19,25597,5,卖盘
3049,14:03:39,51.19,71668,14,卖盘
3050,14:03:42,51.19,20476,4,卖盘
3051,14:03:45,51.19,35836,7,卖盘
3052,14:03:48,51.2,46076,9,买盘
3053,14:03:51,51.19,25595,5,卖盘
3054,14:03:54,51.19,92142,18,卖盘
3055,14:03:57,51.19,15359,3,卖盘
3056,14:04:06,51.19,56310,11,卖盘
3057,14:04:09,51.19,107499,21,卖盘
3058,14:04:12,51.19,66547,13,卖盘
3059,14:04:15,51.19,163808,32,卖盘
3060,14:04:21,51.19,5119,1,中性盘
3061,14:04:24,51.19,5119,1,买盘
3062,14:04:27,51.2,76796,15,买盘
3063,14:04:30,51.18,5118,1,卖盘
3064,14:04:33,51.18,184260,36,卖盘
3065,14:04:36,51.19,20476,4,卖盘
3066,14:04:39,51.18,51180,10,卖盘
3067,14:04:45,51.18,35827,7,卖盘
3068,14:04:48,51.18,30708,6,卖盘
3069,14:04:51,51.18,30709,6,卖盘
3070,14:04:57,51.19,15357,3,买盘
3071,14:05:06,51.19,10238,2,买盘
3072,14:05:12,51.18,25590,5,卖盘
3073,14:05:15,51.19,5119,1,买盘
3074,14:05:21,51.18,5118,1,卖盘
3075,14:05:27,51.19,10238,2,买盘
3076,14:05:30,51.18,10236,2,卖盘
3077,14:05:36,51.19,5119,1,买盘
3078,14:05:45,51.18,87008,17,卖盘
3079,14:05:48,51.18,30709,6,卖盘
3080,14:05:51,51.18,76777,15,卖盘
3081,14:05:54,51.19,10238,2,买盘
3082,14:05:57,51.18,35827,7,卖盘
3083,14:06:03,51.18,378741,74,卖盘
3084,14:06:06,51.18,61418,12,卖盘
3085,14:06:09,51.18,71652,14,卖盘
3086,14:06:12,51.18,30708,6,卖盘
3087,14:06:15,51.19,66545,13,买盘
3088,14:06:21,51.18,46062,9,卖盘
3089,14:06:24,51.18,56299,11,卖盘
3090,14:06:27,51.18,20473,4,卖盘
3091,14:06:30,51.18,30708,6,卖盘
3092,14:06:33,51.18,307080,60,卖盘
3093,14:06:36,51.18,117716,23,卖盘
3094,14:06:42,51.18,168894,33,卖盘
3095,14:06:45,51.19,76771,15,买盘
3096,14:06:48,51.18,30708,6,中性盘
3097,14:06:51,51.18,15354,3,卖盘
3098,14:06:54,51.19,20476,4,买盘
3099,14:06:57,51.19,15357,3,买盘
3100,14:07:00,51.18,56298,11,卖盘
3101,14:07:03,51.18,179130,35,卖盘
3102,14:07:06,51.18,25591,5,中性盘
3103,14:07:09,51.19,15357,3,买盘
3104,14:07:12,51.18,15355,3,中性盘
3105,14:07:15,51.19,56303,11,买盘
3106,14:07:18,51.18,107485,21,卖盘
3107,14:07:21,51.17,30707,6,卖盘
3108,14:07:24,51.18,20472,4,买盘
3109,14:07:27,51.18,35826,7,买盘
3110,14:07:30,51.18,5118,1,卖盘
3111,14:07:36,51.19,15356,3,买盘
3112,14:07:39,51.18,10236,2,卖盘
3113,14:07:42,51.17,56291,11,卖盘
3114,14:07:45,51.19,15355,3,买盘
3115,14:07:57,51.19,5119,1,买盘
3116,14:08:06,51.19,10238,2,买盘
3117,14:08:15,51.18,66535,13,卖盘
3118,14:08:18,51.18,10236,2,卖盘
3119,14:08:21,51.18,25590,5,卖盘
3120,14:08:24,51.18,61416,12,卖盘
3121,14:08:27,51.18,76769,15,卖盘
3122,14:08:30,51.18,51173,10,买盘
3123,14:08:33,51.17,25589,5,卖盘
3124,14:08:36,51.18,15353,3,买盘
3125,14:08:39,51.18,5118,1,卖盘
3126,14:08:42,51.17,10234,2,卖盘
3127,14:08:45,51.19,30711,6,买盘
3128,14:08:48,51.17,5117,1,卖盘
3129,14:08:51,51.17,40945,8,卖盘
3130,14:08:57,51.17,97225,19,卖盘
3131,14:09:00,51.17,5117,1,卖盘
3132,14:09:03,51.17,46060,9,卖盘
3133,14:09:06,51.18,15354,3,买盘
3134,14:09:09,51.18,46062,9,卖盘
3135,14:09:15,51.18,56298,11,买盘
3136,14:09:18,51.17,56291,11,卖盘
3137,14:09:21,51.17,61408,12,卖盘
3138,14:09:24,51.17,25585,5,卖盘
3139,14:09:27,51.17,15355,3,卖盘
3140,14:09:33,51.17,5117,1,卖盘
3141,14:09:36,51.18,10236,2,买盘
3142,14:09:39,51.18,40945,8,卖盘
3143,14:09:42,51.18,5118,1,卖盘
3144,14:09:45,51.17,97226,19,卖盘
3145,14:09:48,51.17,40937,8,卖盘
3146,14:09:51,51.17,844305,165,卖盘
3147,14:09:54,51.17,25585,5,卖盘
3148,14:09:57,51.17,97238,19,卖盘
3149,14:10:00,51.17,15352,3,卖盘
3150,14:10:03,51.17,40936,8,卖盘
3151,14:10:06,51.18,15352,3,买盘
3152,14:10:09,51.18,5118,1,买盘
3153,14:10:12,51.17,35820,7,卖盘
3154,14:10:15,51.18,250736,49,买盘
3155,14:10:18,51.17,61404,12,卖盘
3156,14:10:21,51.17,71640,14,卖盘
3157,14:10:24,51.17,117691,23,卖盘
3158,14:10:27,51.17,71639,14,卖盘
3159,14:10:30,51.17,10234,2,卖盘
3160,14:10:33,51.17,5117,1,卖盘
3161,14:10:36,51.18,10236,2,买盘
3162,14:10:39,51.17,81872,16,卖盘
3163,14:10:42,51.17,573104,112,卖盘
3164,14:10:45,51.18,46055,9,买盘
3165,14:10:48,51.17,46053,9,卖盘
3166,14:10:51,51.17,312138,61,卖盘
3167,14:10:54,51.17,81872,16,卖盘
3168,14:10:57,51.18,61412,12,买盘
3169,14:11:00,51.17,92106,18,卖盘
3170,14:11:03,51.17,51170,10,卖盘
3171,14:11:06,51.16,1135974,222,卖盘
3172,14:11:09,51.16,25581,5,卖盘
3173,14:11:12,51.16,86972,17,卖盘
3174,14:11:15,51.17,281432,55,买盘
3175,14:11:18,51.16,255837,50,卖盘
3176,14:11:24,51.17,10233,2,买盘
3177,14:11:27,51.16,81858,16,卖盘
3178,14:11:30,51.16,56276,11,卖盘
3179,14:11:33,51.16,20464,4,卖盘
3180,14:11:36,51.17,20465,4,买盘
3181,14:11:39,51.16,46044,9,卖盘
3182,14:11:42,51.16,56276,11,卖盘
3183,14:11:45,51.16,25583,5,卖盘
3184,14:11:51,51.16,15348,3,卖盘
3185,14:11:54,51.16,20464,4,卖盘
3186,14:11:57,51.17,209797,41,买盘
3187,14:12:00,51.17,5117,1,买盘
3188,14:12:06,51.17,61404,12,买盘
3189,14:12:09,51.16,61399,12,卖盘
3190,14:12:12,51.16,30696,6,卖盘
3191,14:12:15,51.16,480905,94,卖盘
3192,14:12:18,51.16,296738,58,卖盘
3193,14:12:21,51.14,3703722,724,卖盘
3194,14:12:24,51.14,450039,88,卖盘
3195,14:12:27,51.15,117625,23,买盘
3196,14:12:30,51.14,230130,45,卖盘
3197,14:12:33,51.14,66482,13,卖盘
3198,14:12:36,51.14,25571,5,卖盘
3199,14:12:39,51.13,199442,39,卖盘
3200,14:12:45,51.13,10227,2,卖盘
3201,14:12:48,51.13,15339,3,卖盘
3202,14:12:51,51.13,20452,4,卖盘
3203,14:12:54,51.13,46017,9,卖盘
3204,14:12:57,51.13,61358,12,卖盘
3205,14:13:00,51.13,86921,17,卖盘
3206,14:13:03,51.13,25565,5,卖盘
3207,14:13:06,51.13,15340,3,卖盘
3208,14:13:09,51.13,30678,6,卖盘
3209,14:13:12,51.13,5113,1,卖盘
3210,14:13:15,51.14,10228,2,买盘
3211,14:13:18,51.13,25566,5,卖盘
3212,14:13:21,51.13,86921,17,卖盘
