,成交时间,成交价格,成交金额,成交量,性质
0,09:25:00,50.99,892325,175,卖盘
1,09:30:00,51.1,729233,143,买盘
2,09:30:03,51.04,699152,137,卖盘
3,09:30:06,51.0,270594,53,卖盘
4,09:30:09,51.01,576394,113,中性盘
5,09:30:12,51.04,158178,31,买盘
6,09:30:15,51.01,209127,41,卖盘
7,09:30:18,51.0,86685,17,中性盘
8,09:30:21,51.0,35699,7,卖盘
9,09:30:24,51.01,193806,38,买盘
10,09:30:27,51.01,132589,26,买盘
11,09:30:30,51.01,214259,42,买盘
12,09:30:33,51.05,25525,5,买盘
13,09:30:36,51.01,214318,42,卖盘
14,09:30:39,51.0,311178,61,卖盘
15,09:30:42,50.91,290359,57,卖盘
16,09:30:45,50.84,742814,146,卖盘
17,09:30:48,50.81,116876,23,卖盘
18,09:30:51,50.85,96651,19,中性盘
19,09:30:54,50.85,35602,7,中性盘
20,09:30:57,50.87,223727,44,买盘
21,09:31:00,50.88,157706,31,买盘
22,09:31:03,50.9,5090,1,买盘
23,09:31:06,50.87,30528,6,卖盘
24,09:31:09,50.88,213769,42,中性盘
25,09:31:12,50.87,122080,24,卖盘
26,09:31:15,50.87,239019,47,买盘
27,09:31:18,50.85,127126,25,卖盘
28,09:31:21,50.85,127156,25,买盘
29,09:31:24,50.9,106849,21,买盘
30,09:31:27,50.85,422103,83,卖盘
31,09:31:30,50.93,259656,51,买盘
32,09:31:33,50.85,127101,25,卖盘
33,09:31:36,50.88,127134,25,中性盘
34,09:31:39,50.87,132322,26,卖盘
35,09:31:42,50.87,208631,41,卖盘
36,09:31:45,50.92,117056,23,买盘
37,09:31:48,50.94,213852,42,买盘
38,09:31:51,50.91,61088,12,中性盘
39,09:31:54,50.9,870431,171,卖盘
40,09:31:57,50.92,397028,78,中性盘
41,09:32:00,50.9,310604,61,中性盘
42,09:32:03,50.9,45819,9,卖盘
43,09:32:06,50.9,25455,5,卖盘
44,09:32:09,50.9,10180,2,卖盘
45,09:32:12,50.88,717459,141,卖盘
46,09:32:15,50.9,579997,114,买盘
47,09:32:18,50.85,539194,106,卖盘
48,09:32:21,50.85,91530,18,卖盘
49,09:32:24,50.84,50851,10,卖盘
50,09:32:27,50.84,96603,19,卖盘
51,09:32:30,50.84,127109,25,卖盘
52,09:32:33,50.84,111827,22,买盘
53,09:32:36,50.85,132181,26,买盘
54,09:32:39,50.84,50842,10,卖盘
55,09:32:42,50.83,25417,5,卖盘
56,09:32:45,50.84,132239,26,中性盘
57,09:32:48,50.84,40679,8,中性盘
58,09:32:51,50.84,15252,3,卖盘
59,09:32:54,50.87,35592,7,中性盘
60,09:32:57,50.84,20336,4,卖盘
61,09:33:00,50.85,330548,65,卖盘
62,09:33:03,50.85,35595,7,卖盘
63,09:33:06,50.85,523759,103,卖盘
64,09:33:09,50.86,96606,19,买盘
65,09:33:12,50.84,360987,71,卖盘
66,09:33:15,50.86,55935,11,买盘
67,09:33:18,50.86,371208,73,买盘
68,09:33:21,50.91,305311,60,买盘
69,09:33:24,50.94,25455,5,买盘
70,09:33:27,50.92,106939,21,中性盘
71,09:33:30,50.92,5092,1,买盘
72,09:33:33,50.87,40697,8,卖盘
73,09:33:36,50.88,183127,36,买盘
74,09:33:39,50.89,142465,28,中性盘
75,09:33:42,50.88,96672,19,卖盘
76,09:33:45,50.88,122121,24,买盘
77,09:33:48,50.87,61051,12,卖盘
78,09:33:51,50.86,513688,101,卖盘
79,09:33:54,50.86,167827,33,买盘
80,09:33:57,50.87,118139,23,买盘
81,09:34:00,50.86,91548,18,卖盘
82,09:34:03,50.87,528918,104,买盘
83,09:34:06,50.86,101719,20,中性盘
84,09:34:09,50.87,35603,7,买盘
85,09:34:12,50.86,55948,11,卖盘
86,09:34:15,50.86,96628,19,买盘
87,09:34:18,50.85,1381946,272,卖盘
88,09:34:21,50.85,1221317,240,买盘
89,09:34:24,50.88,71191,14,中性盘
90,09:34:27,50.85,45765,9,卖盘
91,09:34:30,50.85,30510,6,卖盘
92,09:34:33,50.85,137370,27,卖盘
93,09:34:36,50.89,55945,11,买盘
94,09:34:39,50.85,10170,2,卖盘
95,09:34:42,50.89,50876,10,买盘
96,09:34:45,50.85,66105,13,卖盘
97,09:34:48,50.88,71198,14,买盘
98,09:34:51,50.85,20340,4,卖盘
99,09:34:54,50.86,40686,8,中性盘
100,09:34:57,50.88,40689,8,买盘
101,09:35:00,50.86,10172,2,卖盘
102,09:35:03,50.85,213559,42,卖盘
103,09:35:06,50.85,254346,50,卖盘
104,09:35:09,50.86,30514,6,买盘
105,09:35:12,50.86,76279,15,中性盘
106,09:35:15,50.86,40691,8,卖盘
107,09:35:18,50.85,50866,10,卖盘
108,09:35:21,50.85,132212,26,卖盘
109,09:35:24,50.85,183071,36,卖盘
110,09:35:27,50.85,76295,15,卖盘
111,09:35:30,50.85,1175180,231,卖盘
112,09:35:33,50.88,620389,122,买盘
113,09:35:36,50.89,452833,89,买盘
114,09:35:39,50.89,152668,30,买盘
115,09:35:42,50.88,361248,71,卖盘
116,09:35:45,50.86,30522,6,卖盘
117,09:35:48,50.88,193257,38,买盘
118,09:35:51,50.88,101729,20,买盘
119,09:35:54,50.85,15255,3,卖盘
120,09:35:57,50.87,55937,11,中性盘
121,09:36:00,50.85,300017,59,卖盘
122,09:36:03,50.84,71184,14,卖盘
123,09:36:06,50.85,71189,14,买盘
124,09:36:09,50.86,793280,156,买盘
125,09:36:12,50.88,218773,43,买盘
126,09:36:15,50.89,229004,45,买盘
127,09:36:21,50.9,40714,8,买盘
128,09:36:24,50.9,20359,4,买盘
129,09:36:27,50.89,111965,22,卖盘
130,09:36:30,50.88,45793,9,卖盘
131,09:36:33,50.89,20356,4,买盘
132,09:36:36,50.88,86512,17,卖盘
133,09:36:39,50.91,127240,25,买盘
134,09:36:42,50.9,20360,4,中性盘
135,09:36:45,50.91,223929,44,买盘
136,09:36:48,50.9,25447,5,买盘
137,09:36:51,50.9,40718,8,买盘
138,09:36:54,50.9,111988,22,买盘
139,09:36:57,50.92,55998,11,买盘
140,09:37:00,50.92,61104,12,买盘
141,09:37:03,50.9,702322,138,卖盘
142,09:37:06,50.9,564794,111,买盘
143,09:37:09,50.9,86521,17,卖盘
144,09:37:12,50.9,229011,45,买盘
145,09:37:15,50.89,86524,17,卖盘
146,09:37:18,50.89,76335,15,买盘
147,09:37:21,50.88,81420,16,卖盘
148,09:37:24,50.89,30534,6,买盘
149,09:37:27,50.88,188256,37,卖盘
150,09:37:30,50.89,117026,23,买盘
151,09:37:33,50.88,45793,9,卖盘
152,09:37:36,50.88,30529,6,卖盘
153,09:37:39,50.88,81408,16,买盘
154,09:37:42,50.88,213691,42,买盘
155,09:37:45,50.88,101775,20,卖盘
156,09:37:48,50.92,1007636,198,买盘
157,09:37:51,50.88,111961,22,卖盘
158,09:37:54,50.92,30534,6,买盘
159,09:37:57,50.89,284937,56,卖盘
160,09:38:00,50.9,15270,3,买盘
161,09:38:03,50.89,25445,5,卖盘
162,09:38:06,50.9,96703,19,买盘
163,09:38:09,50.92,30542,6,买盘
164,09:38:12,50.92,45814,9,买盘
165,09:38:21,50.92,35635,7,买盘
166,09:38:24,50.9,81455,16,卖盘
167,09:38:27,50.9,30540,6,卖盘
168,09:38:30,50.92,10184,2,买盘
169,09:38:33,50.92,81449,16,买盘
170,09:38:36,50.92,356440,70,买盘
171,09:38:39,50.93,239324,47,买盘
172,09:38:42,50.93,71302,14,买盘
173,09:38:45,50.93,10186,2,买盘
174,09:38:48,50.93,50930,10,买盘
175,09:38:51,50.93,25465,5,买盘
176,09:38:54,50.95,157923,31,买盘
177,09:38:57,50.96,66244,13,买盘
178,09:39:00,50.97,10194,2,买盘
179,09:39:03,50.98,96844,19,买盘
180,09:39:06,50.97,91752,18,卖盘
181,09:39:09,50.97,76455,15,买盘
182,09:39:12,50.97,81550,16,买盘
183,09:39:15,50.97,10197,2,卖盘
184,09:39:18,50.97,30582,6,卖盘
185,09:39:21,50.99,5099,1,买盘
186,09:39:24,51.0,76497,15,买盘
187,09:39:27,51.01,336598,66,买盘
188,09:39:30,51.0,107111,21,卖盘
189,09:39:33,51.01,15303,3,中性盘
190,09:39:36,51.04,45936,9,买盘
191,09:39:39,51.04,148016,29,买盘
192,09:39:42,51.04,158221,31,买盘
193,09:39:45,51.04,20416,4,卖盘
194,09:39:48,51.06,25530,5,中性盘
195,09:39:51,51.04,45936,9,卖盘
196,09:39:54,51.05,71461,14,买盘
197,09:39:57,51.05,51048,10,买盘
198,09:40:00,51.05,51043,10,中性盘
199,09:40:03,51.01,204173,40,卖盘
200,09:40:06,51.03,469217,92,买盘
201,09:40:09,51.02,142828,28,买盘
202,09:40:12,51.0,504900,99,卖盘
203,09:40:15,51.0,158096,31,买盘
204,09:40:18,51.02,25500,5,买盘
205,09:40:21,51.01,20402,4,买盘
206,09:40:24,51.01,219327,43,买盘
207,09:40:27,51.0,30599,6,卖盘
208,09:40:30,51.0,35697,7,买盘
209,09:40:33,50.99,76489,15,中性盘
210,09:40:36,50.98,20394,4,卖盘
211,09:40:39,50.99,61178,12,买盘
212,09:40:42,50.98,101945,20,中性盘
213,09:40:45,50.98,91764,18,卖盘
214,09:40:48,50.98,112130,22,卖盘
215,09:40:51,50.98,112108,22,买盘
216,09:40:54,50.98,35674,7,买盘
217,09:40:57,50.95,978255,192,卖盘
218,09:41:00,50.95,677615,133,卖盘
219,09:41:03,50.93,35646,7,卖盘
220,09:41:09,50.9,330900,65,卖盘
221,09:41:12,50.92,25454,5,中性盘
222,09:41:15,50.9,351212,69,卖盘
223,09:41:18,50.89,992547,195,卖盘
224,09:41:21,50.9,152682,30,买盘
225,09:41:24,50.89,20356,4,卖盘
226,09:41:27,50.89,157764,31,卖盘
227,09:41:30,50.88,10177,2,卖盘
228,09:41:36,50.89,55973,11,买盘
229,09:41:39,50.89,35622,7,买盘
230,09:41:42,50.89,86513,17,买盘
231,09:41:45,50.89,101778,20,买盘
232,09:41:48,50.88,10176,2,卖盘
233,09:41:51,50.89,5089,1,买盘
234,09:41:54,50.88,213736,42,卖盘
235,09:41:57,50.89,173022,34,买盘
236,09:42:00,50.89,152670,30,买盘
237,09:42:03,50.88,20353,4,卖盘
238,09:42:06,50.88,152649,30,卖盘
239,09:42:09,50.88,91594,18,卖盘
240,09:42:12,50.89,101773,20,中性盘
241,09:42:15,50.89,15266,3,中性盘
242,09:42:18,50.88,86512,17,卖盘
243,09:42:21,50.89,142492,28,买盘
244,09:42:27,50.89,152664,30,买盘
245,09:42:30,50.88,91584,18,卖盘
246,09:42:33,50.88,768286,151,卖盘
247,09:42:36,50.88,40698,8,买盘
248,09:42:39,50.88,55958,11,买盘
249,09:42:42,50.86,122082,24,卖盘
250,09:42:45,50.88,20350,4,买盘
251,09:42:48,50.87,35609,7,中性盘
252,09:42:51,50.87,55955,11,买盘
253,09:42:54,50.86,25432,5,卖盘
254,09:42:57,50.86,20346,4,卖盘
255,09:43:00,50.86,66118,13,卖盘
256,09:43:03,50.86,839161,165,卖盘
257,09:43:06,50.85,142380,28,卖盘
258,09:43:09,50.85,25425,5,卖盘
259,09:43:12,50.86,1266170,249,买盘
260,09:43:15,50.85,152559,30,买盘
261,09:43:18,50.86,152546,30,买盘
262,09:43:21,50.91,1292434,254,买盘
263,09:43:24,50.9,305458,60,卖盘
264,09:43:27,50.92,25460,5,买盘
265,09:43:30,50.94,5094,1,中性盘
266,09:43:33,50.94,10188,2,卖盘
267,09:43:36,50.93,117153,23,卖盘
268,09:43:39,50.93,20374,4,卖盘
269,09:43:48,50.95,40760,8,卖盘
270,09:43:51,50.95,35669,7,卖盘
271,09:43:54,50.95,25478,5,卖盘
272,09:43:57,50.96,96824,19,买盘
273,09:44:00,50.95,35669,7,卖盘
274,09:44:03,50.96,5096,1,买盘
275,09:44:06,50.95,35667,7,卖盘
276,09:44:09,50.96,71332,14,买盘
277,09:44:12,50.97,81537,16,买盘
278,09:44:18,50.98,5098,1,买盘
279,09:44:21,50.96,5096,1,卖盘
280,09:44:27,50.97,5097,1,买盘
281,09:44:33,50.96,188531,37,卖盘
282,09:44:36,50.95,30575,6,卖盘
283,09:44:39,50.96,10192,2,买盘
284,09:44:42,50.95,5095,1,卖盘
285,09:44:45,50.95,137565,27,卖盘
286,09:44:48,50.94,86613,17,卖盘
287,09:44:51,50.95,15285,3,买盘
288,09:44:54,50.94,35664,7,卖盘
289,09:45:03,50.94,25470,5,卖盘
290,09:45:06,50.94,15282,3,卖盘
291,09:45:09,50.95,15284,3,买盘
292,09:45:12,50.94,178290,35,卖盘
293,09:45:15,50.94,35653,7,买盘
294,09:45:18,50.93,35658,7,中性盘
295,09:45:21,50.93,5093,1,中性盘
296,09:45:24,50.95,229240,45,买盘
297,09:45:27,50.94,20376,4,中性盘
298,09:45:30,50.95,101891,20,买盘
299,09:45:33,50.95,40856,8,买盘
300,09:45:36,50.95,35559,7,买盘
301,09:45:39,50.93,5093,1,卖盘
302,09:45:42,50.94,56034,11,买盘
303,09:45:45,50.94,61128,12,买盘
304,09:45:48,50.94,5094,1,卖盘
305,09:45:51,50.94,35658,7,中性盘
306,09:45:54,50.95,193712,38,买盘
307,09:45:57,50.97,193668,38,买盘
308,09:46:00,50.96,107046,21,卖盘
309,09:46:03,50.96,15286,3,中性盘
310,09:46:06,50.96,76428,15,买盘
311,09:46:09,50.96,20383,4,买盘
312,09:46:12,50.96,152880,30,买盘
313,09:46:15,50.97,56056,11,买盘
314,09:46:18,50.96,40763,8,中性盘
315,09:46:21,50.97,91739,18,买盘
316,09:46:24,50.96,10192,2,卖盘
317,09:46:27,50.97,40776,8,买盘
318,09:46:30,50.96,20385,4,卖盘
319,09:46:33,50.96,86632,17,买盘
320,09:46:36,50.98,280309,55,买盘
321,09:46:39,50.97,15291,3,中性盘
322,09:46:42,50.97,40779,8,卖盘
323,09:46:45,50.98,45881,9,买盘
324,09:46:48,50.98,35685,7,买盘
325,09:46:51,50.98,158015,31,买盘
326,09:46:54,50.99,5099,1,买盘
327,09:46:57,51.0,229470,45,买盘
328,09:47:03,51.01,15302,3,中性盘
329,09:47:06,51.01,45914,9,中性盘
330,09:47:09,51.02,173437,34,买盘
331,09:47:12,51.03,66327,13,买盘
332,09:47:15,51.04,35722,7,买盘
333,09:47:18,51.04,35723,7,买盘
334,09:47:21,51.03,61245,12,卖盘
335,09:47:24,51.02,10204,2,卖盘
336,09:47:30,51.04,30618,6,买盘
337,09:47:33,51.03,5103,1,买盘
338,09:47:36,51.04,86760,17,买盘
339,09:47:39,51.04,25520,5,卖盘
340,09:47:42,51.05,20420,4,买盘
341,09:47:45,51.04,117414,23,卖盘
342,09:47:48,51.04,30626,6,卖盘
343,09:47:51,51.06,306380,60,买盘
344,09:47:54,51.06,86805,17,卖盘
345,09:47:57,51.08,178757,35,买盘
346,09:48:00,51.09,158356,31,买盘
347,09:48:03,51.09,15327,3,卖盘
348,09:48:06,51.08,648811,127,卖盘
349,09:48:09,51.07,178767,35,买盘
350,09:48:15,51.07,25535,5,买盘
351,09:48:18,51.05,832277,163,卖盘
352,09:48:21,51.03,954307,187,卖盘
353,09:48:24,51.0,35717,7,卖盘
354,09:48:27,51.0,10200,2,卖盘
355,09:48:30,51.03,280660,55,买盘
356,09:48:33,51.03,66349,13,卖盘
357,09:48:36,51.03,86766,17,卖盘
358,09:48:39,51.03,341899,67,卖盘
359,09:48:42,51.03,71429,14,买盘
360,09:48:45,51.03,132670,26,买盘
361,09:48:51,51.02,45926,9,中性盘
362,09:48:54,51.03,168397,33,买盘
363,09:48:57,51.02,10204,2,中性盘
364,09:49:00,51.03,66339,13,买盘
365,09:49:03,51.03,61236,12,卖盘
366,09:49:06,51.04,219458,43,买盘
367,09:49:09,51.02,5102,1,卖盘
368,09:49:18,51.03,10206,2,买盘
369,09:49:21,51.03,25515,5,卖盘
370,09:49:24,51.02,239797,47,卖盘
371,09:49:27,51.04,30622,6,买盘
372,09:49:30,51.02,214318,42,卖盘
373,09:49:33,51.03,10206,2,买盘
374,09:49:36,51.02,20408,4,卖盘
375,09:49:39,51.02,15306,3,卖盘
376,09:49:42,51.01,81629,16,卖盘
377,09:49:45,51.01,51010,10,卖盘
378,09:49:48,51.01,51010,10,卖盘
379,09:49:51,51.01,35707,7,卖盘
380,09:49:54,51.01,107131,21,卖盘
381,09:49:57,51.01,20404,4,卖盘
382,09:50:00,51.01,76515,15,卖盘
383,09:50:03,50.99,1014890,199,卖盘
384,09:50:06,51.01,285516,56,买盘
385,09:50:09,50.98,61189,12,卖盘
386,09:50:12,51.0,81603,16,中性盘
387,09:50:15,50.98,20392,4,卖盘
388,09:50:18,50.97,173364,34,卖盘
389,09:50:21,50.99,5099,1,中性盘
390,09:50:24,50.99,25495,5,卖盘
391,09:50:27,50.99,45893,9,买盘
392,09:50:33,50.99,5099,1,买盘
393,09:50:36,50.98,15295,3,卖盘
394,09:50:39,50.99,40791,8,买盘
395,09:50:42,50.98,15295,3,卖盘
396,09:50:45,50.99,5099,1,买盘
397,09:50:48,50.97,173344,34,卖盘
398,09:50:51,50.97,5097,1,卖盘
399,09:50:54,50.99,122363,24,买盘
400,09:50:57,50.97,10194,2,卖盘
401,09:51:00,50.99,20395,4,买盘
402,09:51:03,50.97,188589,37,卖盘
403,09:51:06,50.96,224224,44,卖盘
404,09:51:09,50.95,10190,2,卖盘
405,09:51:12,50.95,137463,27,卖盘
406,09:51:15,50.95,10190,2,买盘
407,09:51:18,50.95,56037,11,买盘
408,09:51:21,50.93,560337,110,卖盘
409,09:51:24,50.93,30558,6,卖盘
410,09:51:27,50.93,5093,1,卖盘
411,09:51:30,50.93,25464,5,卖盘
412,09:51:33,50.93,173133,34,买盘
413,09:51:36,50.91,101822,20,卖盘
414,09:51:39,50.92,15274,3,买盘
415,09:51:42,50.91,96747,19,卖盘
416,09:51:45,50.91,50911,10,卖盘
417,09:51:48,50.92,56011,11,买盘
418,09:51:51,50.92,10184,2,卖盘
419,09:51:54,50.91,315685,62,卖盘
420,09:52:03,50.92,10184,2,卖盘
421,09:52:06,50.91,71276,14,卖盘
422,09:52:12,50.92,20368,4,卖盘
423,09:52:15,50.92,30552,6,卖盘
424,09:52:18,50.91,20364,4,卖盘
425,09:52:21,50.92,254600,50,买盘
426,09:52:24,50.91,66188,13,卖盘
427,09:52:27,50.92,5092,1,买盘
428,09:52:30,50.93,117119,23,买盘
429,09:52:33,50.93,86568,17,买盘
430,09:52:39,50.94,137513,27,买盘
431,09:52:42,50.95,91696,18,买盘
432,09:52:45,50.96,106962,21,买盘
433,09:52:48,50.96,122286,24,买盘
434,09:52:51,50.96,76438,15,买盘
435,09:52:57,50.96,5096,1,买盘
436,09:53:00,50.95,5095,1,卖盘
437,09:53:03,50.95,40760,8,卖盘
438,09:53:06,50.94,213957,42,卖盘
439,09:53:09,50.95,5095,1,买盘
440,09:53:12,50.94,5094,1,卖盘
441,09:53:15,50.96,107002,21,买盘
442,09:53:21,50.95,30570,6,买盘
443,09:53:24,50.94,66227,13,卖盘
444,09:53:27,50.95,10190,2,中性盘
445,09:53:30,50.95,50952,10,卖盘
446,09:53:33,50.95,117185,23,卖盘
447,09:53:39,50.95,453700,89,买盘
448,09:53:42,51.0,10200,2,买盘
449,09:53:45,51.0,153000,30,买盘
450,09:53:48,51.01,45904,9,买盘
451,09:53:51,51.01,10202,2,买盘
452,09:53:54,51.01,10201,2,买盘
453,09:53:57,51.01,10202,2,买盘
454,09:54:00,51.01,10202,2,买盘
455,09:54:03,51.0,5100,1,卖盘
456,09:54:06,51.01,112202,22,买盘
457,09:54:09,51.01,35703,7,买盘
458,09:54:12,51.01,25505,5,买盘
459,09:54:15,51.01,45909,9,买盘
460,09:54:18,51.01,204037,40,买盘
461,09:54:21,51.02,40816,8,买盘
462,09:54:27,51.01,30608,6,卖盘
463,09:54:30,51.01,10202,2,卖盘
464,09:54:33,51.02,71428,14,买盘
465,09:54:36,51.02,81632,16,买盘
466,09:54:42,51.01,5101,1,卖盘
467,09:54:45,51.01,20404,4,卖盘
468,09:54:48,51.02,30610,6,买盘
469,09:54:51,51.02,168366,33,买盘
470,09:54:54,51.02,56235,11,卖盘
471,09:55:00,51.03,168399,33,买盘
472,09:55:03,51.03,25520,5,卖盘
473,09:55:06,51.03,265409,52,卖盘
474,09:55:09,51.03,20413,4,卖盘
475,09:55:15,51.04,5104,1,中性盘
476,09:55:18,51.03,35736,7,卖盘
477,09:55:21,51.05,20419,4,买盘
478,09:55:27,51.05,25524,5,买盘
479,09:55:30,51.04,56154,11,卖盘
480,09:55:33,51.04,40835,8,卖盘
481,09:55:36,51.03,51039,10,卖盘
482,09:55:39,51.04,25518,5,买盘
483,09:55:42,51.04,40832,8,买盘
484,09:55:45,51.05,132728,26,买盘
485,09:55:48,51.04,30628,6,卖盘
486,09:55:51,51.04,15311,3,买盘
487,09:55:54,51.04,20416,4,买盘
488,09:55:57,51.03,10207,2,卖盘
489,09:56:03,51.04,10208,2,买盘
490,09:56:06,51.04,10208,2,买盘
491,09:56:09,51.04,5104,1,买盘
492,09:56:12,51.04,20415,4,买盘
493,09:56:15,51.03,5103,1,卖盘
494,09:56:18,51.04,45933,9,买盘
495,09:56:21,51.04,239888,47,买盘
496,09:56:24,51.03,25517,5,卖盘
497,09:56:30,51.03,5103,1,卖盘
498,09:56:45,51.03,25518,5,卖盘
499,09:56:48,51.04,260291,51,买盘
500,09:56:51,51.04,5104,1,卖盘
501,09:56:54,51.04,20416,4,卖盘
502,09:56:57,51.05,45945,9,买盘
503,09:57:00,51.05,122520,24,买盘
504,09:57:03,51.04,153149,30,卖盘
505,09:57:06,51.05,112310,22,买盘
506,09:57:09,51.05,127638,25,买盘
507,09:57:12,51.05,5105,1,卖盘
508,09:57:15,51.06,76579,15,买盘
509,09:57:18,51.05,30630,6,卖盘
510,09:57:21,51.06,107208,21,买盘
511,09:57:24,51.07,132782,26,买盘
512,09:57:27,51.06,10212,2,卖盘
513,09:57:30,51.07,10214,2,买盘
514,09:57:33,51.1,929887,182,买盘
515,09:57:36,51.11,224884,44,买盘
516,09:57:39,51.12,20445,4,买盘
517,09:57:42,51.12,81792,16,买盘
518,09:57:45,51.13,71575,14,买盘
519,09:57:48,51.11,5111,1,卖盘
520,09:57:51,51.12,40892,8,买盘
521,09:57:54,51.12,148245,29,买盘
522,09:57:57,51.13,173814,34,买盘
523,09:58:00,51.13,25563,5,买盘
524,09:58:03,51.13,189172,37,买盘
525,09:58:06,51.14,138054,27,买盘
526,09:58:09,51.14,2208821,432,买盘
527,09:58:12,51.14,25567,5,买盘
528,09:58:15,51.14,61368,12,买盘
529,09:58:18,51.15,15344,3,买盘
530,09:58:21,51.15,40917,8,买盘
531,09:58:24,51.15,122758,24,买盘
532,09:58:27,51.14,46031,9,卖盘
533,09:58:30,51.15,35805,7,买盘
534,09:58:33,51.14,179023,35,卖盘
535,09:58:36,51.15,107412,21,买盘
536,09:58:39,51.15,25574,5,中性盘
537,09:58:42,51.15,97193,19,买盘
538,09:58:45,51.16,173941,34,买盘
539,09:58:48,51.16,56276,11,买盘
540,09:58:51,51.16,15348,3,买盘
541,09:58:54,51.17,61393,12,买盘
542,09:58:57,51.15,5115,1,卖盘
543,09:59:00,51.16,5116,1,卖盘
544,09:59:06,51.17,92101,18,买盘
545,09:59:09,51.17,194445,38,买盘
546,09:59:12,51.16,117670,23,卖盘
547,09:59:15,51.15,240451,47,卖盘
548,09:59:18,51.15,86967,17,卖盘
549,09:59:21,51.16,20464,4,买盘
550,09:59:24,51.16,10232,2,买盘
551,09:59:27,51.16,1919671,375,买盘
552,09:59:30,51.16,235488,46,卖盘
553,09:59:33,51.17,10233,2,买盘
554,09:59:36,51.17,81860,16,买盘
555,09:59:39,51.16,132993,26,卖盘
556,09:59:42,51.17,86989,17,买盘
557,09:59:45,51.17,56287,11,买盘
558,09:59:48,51.16,347917,68,卖盘
559,09:59:51,51.18,353033,69,买盘
560,09:59:54,51.19,163808,32,买盘
561,09:59:57,51.2,138240,27,买盘
562,10:00:00,51.19,1812450,354,卖盘
563,10:00:03,51.19,1151995,225,卖盘
564,10:00:06,51.2,184304,36,买盘
565,10:00:09,51.2,414715,81,买盘
566,10:00:12,51.19,51191,10,卖盘
567,10:00:15,51.19,10238,2,买盘
568,10:00:18,51.19,102380,20,买盘
569,10:00:21,51.15,194461,38,卖盘
570,10:00:24,51.19,235402,46,买盘
571,10:00:27,51.15,25575,5,卖盘
572,10:00:30,51.16,71615,14,买盘
573,10:00:36,51.16,40928,8,买盘
574,10:00:39,51.18,133063,26,买盘
575,10:00:42,51.18,56299,11,卖盘
576,10:00:45,51.17,122831,24,卖盘
577,10:00:48,51.17,10234,2,卖盘
578,10:00:51,51.18,51177,10,买盘
579,10:00:54,51.18,20470,4,买盘
580,10:00:57,51.18,5118,1,买盘
581,10:01:00,51.17,71641,14,卖盘
582,10:01:03,51.17,15351,3,卖盘
583,10:01:06,51.17,97223,19,卖盘
584,10:01:09,51.17,20468,4,买盘
585,10:01:12,51.17,20466,4,买盘
586,10:01:15,51.16,127905,25,卖盘
587,10:01:18,51.18,1115738,218,买盘
588,10:01:21,51.21,563182,110,买盘
589,10:01:24,51.21,717076,140,中性盘
590,10:01:27,51.21,81935,16,买盘
591,10:01:30,51.2,51208,10,卖盘
592,10:01:33,51.21,10241,2,买盘
593,10:01:36,51.2,81920,16,卖盘
594,10:01:39,51.21,174103,34,买盘
595,10:01:42,51.2,46080,9,中性盘
596,10:01:45,51.21,87046,17,买盘
597,10:01:48,51.2,163845,32,卖盘
598,10:01:51,51.22,317501,62,买盘
599,10:01:54,51.21,81936,16,卖盘
600,10:01:57,51.21,5121,1,卖盘
601,10:02:00,51.22,81952,16,买盘
602,10:02:03,51.22,56339,11,买盘
603,10:02:06,51.23,46103,9,买盘
604,10:02:09,51.23,117826,23,买盘
605,10:02:12,51.23,148565,29,买盘
606,10:02:15,51.23,25615,5,买盘
607,10:02:18,51.24,46115,9,买盘
608,10:02:21,51.23,56354,11,卖盘
609,10:02:24,51.24,61487,12,买盘
610,10:02:27,51.23,112708,22,卖盘
611,10:02:30,51.23,46114,9,卖盘
612,10:02:33,51.23,163965,32,卖盘
613,10:02:36,51.24,61479,12,买盘
614,10:02:39,51.23,25615,5,卖盘
615,10:02:42,51.24,409872,80,买盘
616,10:02:45,51.24,189587,37,中性盘
617,10:02:48,51.23,455936,89,卖盘
618,10:02:51,51.18,527475,103,卖盘
619,10:02:54,51.21,358483,70,买盘
620,10:02:57,51.18,10236,2,卖盘
621,10:03:00,51.2,92158,18,买盘
622,10:03:03,51.18,5118,1,卖盘
623,10:03:09,51.19,35831,7,买盘
624,10:03:12,51.18,25591,5,卖盘
625,10:03:15,51.18,56302,11,卖盘
626,10:03:18,51.19,66540,13,买盘
627,10:03:21,51.19,66540,13,买盘
628,10:03:24,51.18,143328,28,卖盘
629,10:03:27,51.19,25593,5,买盘
630,10:03:30,51.18,20475,4,卖盘
631,10:03:33,51.18,40949,8,卖盘
632,10:03:36,51.18,20472,4,卖盘
633,10:03:39,51.19,629672,123,买盘
634,10:03:42,51.18,25590,5,卖盘
635,10:03:45,51.18,20472,4,卖盘
636,10:03:48,51.17,46059,9,卖盘
637,10:03:51,51.15,521766,102,卖盘
638,10:03:54,51.13,46025,9,卖盘
639,10:03:57,51.13,25565,5,卖盘
640,10:04:00,51.13,5113,1,卖盘
641,10:04:03,51.13,15341,3,卖盘
642,10:04:06,51.13,15341,3,卖盘
643,10:04:09,51.14,173899,34,买盘
644,10:04:12,51.14,15342,3,买盘
645,10:04:15,51.13,5113,1,卖盘
646,10:04:18,51.14,20455,4,买盘
647,10:04:21,51.14,15342,3,卖盘
648,10:04:24,51.15,122738,24,买盘
649,10:04:27,51.15,30689,6,买盘
650,10:04:30,51.14,40916,8,卖盘
651,10:04:33,51.15,92071,18,买盘
652,10:04:36,51.17,230222,45,买盘
653,10:04:39,51.17,61404,12,买盘
654,10:04:42,51.18,138186,27,买盘
655,10:04:45,51.19,102359,20,买盘
656,10:04:48,51.18,92122,18,中性盘
657,10:04:51,51.18,5118,1,卖盘
658,10:04:57,51.19,291780,57,买盘
659,10:05:00,51.18,30713,6,卖盘
660,10:05:03,51.2,158660,31,买盘
661,10:05:06,51.19,20474,4,中性盘
662,10:05:09,51.2,102387,20,买盘
663,10:05:12,51.19,61428,12,卖盘
664,10:05:15,51.19,51190,10,买盘
665,10:05:18,51.18,71667,14,卖盘
666,10:05:21,51.18,56298,11,卖盘
667,10:05:24,51.19,61419,12,买盘
668,10:05:27,51.19,30711,6,买盘
669,10:05:33,51.18,5118,1,中性盘
670,10:05:36,51.18,35826,7,卖盘
671,10:05:39,51.17,5117,1,卖盘
672,10:05:45,51.17,56292,11,卖盘
673,10:05:48,51.16,404241,79,卖盘
674,10:05:51,51.15,15345,3,卖盘
675,10:05:57,51.15,46035,9,卖盘
676,10:06:00,51.15,10230,2,卖盘
677,10:06:03,51.16,20462,4,买盘
678,10:06:06,51.15,102300,20,卖盘
679,10:06:09,51.14,25572,5,卖盘
680,10:06:12,51.14,15343,3,卖盘
681,10:06:15,51.15,15345,3,买盘
682,10:06:18,51.14,117642,23,卖盘
683,10:06:21,51.14,173876,34,卖盘
684,10:06:24,51.13,10226,2,卖盘
685,10:06:27,51.13,5113,1,卖盘
686,10:06:30,51.13,224972,44,卖盘
687,10:06:33,51.13,20452,4,卖盘
688,10:06:36,51.13,20452,4,卖盘
689,10:06:39,51.13,76695,15,卖盘
690,10:06:42,51.13,25565,5,卖盘
691,10:06:45,51.14,271038,53,买盘
692,10:06:48,51.13,5113,1,卖盘
693,10:06:51,51.13,5113,1,卖盘
694,10:06:54,51.14,127850,25,买盘
695,10:06:57,51.14,112508,22,买盘
696,10:07:00,51.15,112530,22,买盘
697,10:07:03,51.15,158565,31,买盘
698,10:07:06,51.15,199491,39,卖盘
699,10:07:09,51.15,393855,77,买盘
700,10:07:12,51.14,61370,12,卖盘
701,10:07:15,51.15,141835,28,买盘
702,10:07:18,51.15,56264,11,卖盘
703,10:07:27,51.16,46044,9,买盘
704,10:07:30,51.17,138154,27,买盘
705,10:07:33,51.16,127900,25,卖盘
706,10:07:36,51.16,5116,1,卖盘
707,10:07:39,51.17,10234,2,买盘
708,10:07:42,51.17,51170,10,买盘
709,10:07:45,51.18,15353,3,买盘
710,10:07:48,51.17,10234,2,卖盘
711,10:07:51,51.17,10234,2,卖盘
712,10:07:54,51.17,46059,9,卖盘
713,10:07:57,51.18,578312,113,买盘
714,10:08:00,51.16,15348,3,卖盘
715,10:08:06,51.16,10232,2,卖盘
716,10:08:09,51.17,5117,1,买盘
717,10:08:12,51.16,10232,2,中性盘
718,10:08:15,51.17,153510,30,买盘
719,10:08:18,51.17,10234,2,卖盘
720,10:08:21,51.17,35824,7,卖盘
721,10:08:24,51.18,10235,2,买盘
722,10:08:27,51.18,10236,2,中性盘
723,10:08:30,51.18,5118,1,买盘
724,10:08:36,51.18,10236,2,买盘
725,10:08:39,51.18,66526,13,买盘
726,10:08:42,51.18,30703,6,买盘
727,10:08:45,51.18,40944,8,买盘
728,10:08:48,51.17,76769,15,卖盘
729,10:08:51,51.17,5117,1,卖盘
730,10:08:54,51.17,25585,5,卖盘
731,10:08:57,51.18,214956,42,买盘
732,10:09:03,51.18,71652,14,买盘
733,10:09:09,51.18,5118,1,买盘
734,10:09:12,51.17,40937,8,卖盘
735,10:09:15,51.17,25585,5,卖盘
736,10:09:18,51.17,204682,40,卖盘
737,10:09:21,51.17,35819,7,卖盘
738,10:09:24,51.17,76755,15,卖盘
739,10:09:27,51.17,76755,15,卖盘
740,10:09:30,51.17,56287,11,卖盘
741,10:09:33,51.17,56287,11,卖盘
742,10:09:36,51.16,5116,1,卖盘
743,10:09:39,51.16,92088,18,卖盘
744,10:09:45,51.16,30696,6,买盘
745,10:09:48,51.15,10230,2,卖盘
746,10:09:51,51.16,25580,5,买盘
747,10:09:54,51.15,61380,12,卖盘
748,10:10:03,51.15,10230,2,卖盘
749,10:10:06,51.16,153479,30,买盘
750,10:10:09,51.16,15347,3,买盘
751,10:10:12,51.16,235336,46,买盘
752,10:10:15,51.16,35817,7,卖盘
753,10:10:18,51.16,15348,3,卖盘
754,10:10:21,51.17,5117,1,买盘
755,10:10:24,51.17,153510,30,买盘
756,10:10:27,51.16,20464,4,卖盘
757,10:10:33,51.18,10235,2,买盘
758,10:10:36,51.18,102350,20,买盘
759,10:10:39,51.17,30703,6,卖盘
760,10:10:45,51.17,20468,4,卖盘
761,10:10:48,51.17,10234,2,卖盘
762,10:10:51,51.17,35821,7,卖盘
763,10:10:54,51.17,61411,12,卖盘
764,10:10:57,51.17,35819,7,买盘
765,10:11:00,51.17,5117,1,买盘
766,10:11:03,51.16,10233,2,卖盘
767,10:11:06,51.16,117681,23,卖盘
768,10:11:09,51.16,30696,6,卖盘
769,10:11:12,51.17,25585,5,买盘
770,10:11:15,51.16,10232,2,卖盘
771,10:11:18,51.17,40935,8,买盘
772,10:11:21,51.16,40931,8,卖盘
773,10:11:24,51.17,102340,20,买盘
774,10:11:27,51.16,5116,1,卖盘
775,10:11:33,51.16,35812,7,卖盘
776,10:11:36,51.15,235307,46,卖盘
777,10:11:39,51.13,1712944,335,卖盘
778,10:11:42,51.13,97099,19,买盘
779,10:11:45,51.1,10223,2,卖盘
780,10:11:48,51.12,71558,14,买盘
781,10:11:51,51.1,20440,4,卖盘
782,10:11:54,51.1,45994,9,卖盘
783,10:11:57,51.1,15330,3,卖盘
784,10:12:00,51.1,10220,2,卖盘
785,10:12:06,51.1,30660,6,卖盘
786,10:12:09,51.1,40880,8,卖盘
787,10:12:12,51.09,45981,9,卖盘
788,10:12:15,51.1,112420,22,买盘
789,10:12:21,51.1,20438,4,买盘
790,10:12:24,51.1,45987,9,买盘
791,10:12:27,51.1,5110,1,买盘
792,10:12:30,51.09,15329,3,卖盘
793,10:12:33,51.1,102200,20,买盘
794,10:12:36,51.1,122640,24,买盘
795,10:12:39,51.1,286157,56,买盘
796,10:12:42,51.1,119263,23,买盘
797,10:12:45,51.12,235123,46,买盘
798,10:12:57,51.12,112464,22,买盘
799,10:13:00,51.12,153360,30,买盘
800,10:13:03,51.12,10224,2,买盘
801,10:13:06,51.12,168696,33,买盘
802,10:13:09,51.12,51120,10,买盘
803,10:13:12,51.11,61334,12,卖盘
804,10:13:15,51.11,35777,7,卖盘
805,10:13:18,51.11,214662,42,卖盘
806,10:13:21,51.11,10222,2,卖盘
807,10:13:30,51.11,30462,6,卖盘
808,10:13:33,51.11,168872,33,卖盘
809,10:13:36,51.12,112442,22,买盘
810,10:13:39,51.12,5112,1,买盘
811,10:13:42,51.12,40896,8,买盘
812,10:13:45,51.12,56212,11,买盘
813,10:13:48,51.12,40896,8,买盘
814,10:13:57,51.11,81775,16,买盘
815,10:14:00,51.11,25555,5,卖盘
816,10:14:03,51.12,25560,5,买盘
817,10:14:06,51.11,40888,8,卖盘
818,10:14:09,51.12,10224,2,买盘
819,10:14:12,51.12,35784,7,买盘
820,10:14:15,51.12,20448,4,买盘
821,10:14:18,51.11,45999,9,卖盘
822,10:14:21,51.11,30666,6,卖盘
823,10:14:24,51.11,1134644,222,卖盘
824,10:14:27,51.11,153301,30,买盘
825,10:14:30,51.09,710861,139,卖盘
826,10:14:33,51.11,56209,11,买盘
827,10:14:36,51.12,86894,17,买盘
828,10:14:39,51.11,117553,23,卖盘
829,10:14:42,51.12,20447,4,买盘
830,10:14:51,51.12,20448,4,买盘
831,10:14:54,51.11,25559,5,卖盘
832,10:14:57,51.12,35783,7,买盘
833,10:15:00,51.12,281157,55,买盘
834,10:15:03,51.11,15333,3,卖盘
835,10:15:06,51.11,51119,10,卖盘
836,10:15:09,51.12,61344,12,买盘
837,10:15:12,51.11,51119,10,卖盘
838,10:15:15,51.12,61344,12,买盘
839,10:15:18,51.13,153384,30,买盘
840,10:15:21,51.12,40903,8,卖盘
841,10:15:27,51.14,20453,4,买盘
842,10:15:30,51.14,15342,3,买盘
843,10:15:33,51.15,76715,15,买盘
844,10:15:36,51.13,20456,4,卖盘
845,10:15:39,51.14,15343,3,中性盘
846,10:15:42,51.15,25575,5,买盘
847,10:15:45,51.14,35794,7,买盘
848,10:15:48,51.15,15345,3,买盘
849,10:15:51,51.14,15342,3,卖盘
850,10:15:54,51.15,61374,12,买盘
851,10:15:57,51.15,35803,7,买盘
852,10:16:00,51.15,35802,7,买盘
853,10:16:03,51.15,332467,65,买盘
854,10:16:06,51.15,51144,10,买盘
855,10:16:09,51.15,327360,64,买盘
856,10:16:12,51.15,271137,53,卖盘
857,10:16:15,51.16,20462,4,买盘
858,10:16:18,51.16,143241,28,买盘
859,10:16:21,51.14,593352,116,卖盘
860,10:16:24,51.16,189228,37,买盘
861,10:16:27,51.16,92075,18,买盘
862,10:16:30,51.17,112553,22,买盘
863,10:16:33,51.17,102320,20,买盘
864,10:16:36,51.18,97226,19,买盘
865,10:16:39,51.18,15350,3,买盘
866,10:16:42,51.17,40934,8,买盘
867,10:16:45,51.15,15345,3,卖盘
868,10:16:48,51.15,10232,2,卖盘
869,10:16:54,51.14,173889,34,卖盘
870,10:16:57,51.14,71591,14,买盘
871,10:17:00,51.13,10226,2,卖盘
872,10:17:03,51.14,71592,14,买盘
873,10:17:06,51.14,56248,11,买盘
874,10:17:09,51.14,10228,2,买盘
875,10:17:15,51.12,531689,104,卖盘
876,10:17:18,51.11,25556,5,卖盘
877,10:17:21,51.1,71562,14,卖盘
878,10:17:27,51.08,45988,9,卖盘
879,10:17:33,51.11,81775,16,买盘
880,10:17:36,51.08,5108,1,卖盘
881,10:17:39,51.09,10217,2,中性盘
882,10:17:45,51.08,25540,5,卖盘
883,10:17:48,51.09,5109,1,买盘
884,10:17:51,51.08,199222,39,卖盘
885,10:17:57,51.09,15326,3,买盘
886,10:18:00,51.09,112378,22,买盘
887,10:18:03,51.09,61308,12,买盘
888,10:18:06,51.09,20433,4,买盘
889,10:18:09,51.09,20436,4,买盘
890,10:18:12,51.09,20436,4,买盘
891,10:18:15,51.09,189043,37,买盘
892,10:18:18,51.1,45988,9,买盘
893,10:18:21,51.12,122666,24,买盘
894,10:18:24,51.1,209510,41,卖盘
895,10:18:27,51.1,20438,4,买盘
896,10:18:30,51.1,577430,113,买盘
897,10:18:33,51.1,66418,13,买盘
898,10:18:36,51.09,10218,2,卖盘
899,10:18:39,51.1,10220,2,买盘
900,10:18:45,51.09,5109,1,卖盘
901,10:18:48,51.1,10220,2,买盘
902,10:18:51,51.08,189032,37,卖盘
903,10:18:54,51.08,337146,66,卖盘
904,10:18:57,51.08,143026,28,卖盘
905,10:19:00,51.08,10216,2,卖盘
906,10:19:03,51.08,5108,1,卖盘
907,10:19:09,51.08,127700,25,卖盘
908,10:19:12,51.08,112362,22,买盘
909,10:19:15,51.07,5107,1,卖盘
910,10:19:18,51.08,76620,15,买盘
911,10:19:21,51.07,66392,13,卖盘
912,10:19:24,51.07,20428,4,卖盘
913,10:19:27,51.07,51070,10,卖盘
914,10:19:30,51.07,15321,3,卖盘
915,10:19:33,51.07,40856,8,卖盘
916,10:19:36,51.08,761090,149,买盘
917,10:19:39,51.08,97052,19,卖盘
918,10:19:42,51.09,20434,4,买盘
919,10:19:51,51.08,10216,2,卖盘
920,10:19:54,51.09,10217,2,买盘
921,10:19:57,51.09,5109,1,买盘
922,10:20:00,51.09,66417,13,买盘
923,10:20:03,51.1,250344,49,买盘
924,10:20:06,51.1,163524,32,买盘
925,10:20:09,51.1,56210,11,买盘
926,10:20:12,51.11,15332,3,买盘
927,10:20:18,51.12,30673,6,买盘
928,10:20:21,51.11,30665,6,卖盘
929,10:20:24,51.13,15339,3,买盘
930,10:20:30,51.12,25560,5,买盘
931,10:20:33,51.1,30675,6,卖盘
932,10:20:36,51.13,30672,6,买盘
933,10:20:39,51.11,10222,2,卖盘
934,10:20:42,51.12,15335,3,买盘
935,10:20:45,51.15,1585472,310,买盘
936,10:20:48,51.1,15330,3,卖盘
937,10:20:54,51.1,10220,2,卖盘
938,10:21:03,51.12,5112,1,买盘
939,10:21:06,51.12,20446,4,买盘
940,10:21:12,51.12,15336,3,买盘
941,10:21:15,51.12,25552,5,买盘
942,10:21:21,51.11,10223,2,中性盘
943,10:21:24,51.11,10222,2,卖盘
944,10:21:30,51.12,15336,3,买盘
945,10:21:33,51.12,20448,4,买盘
946,10:21:36,51.13,235161,46,买盘
947,10:21:39,51.14,35794,7,买盘
948,10:21:45,51.14,40912,8,买盘
949,10:21:48,51.14,25568,5,买盘
950,10:21:51,51.15,40919,8,买盘
951,10:21:54,51.15,51147,10,买盘
952,10:21:57,51.16,51150,10,买盘
953,10:22:00,51.16,40923,8,买盘
954,10:22:03,51.16,168850,33,买盘
955,10:22:06,51.14,25573,5,卖盘
956,10:22:09,51.16,40918,8,买盘
957,10:22:12,51.14,97182,19,卖盘
958,10:22:15,51.14,15344,3,卖盘
959,10:22:21,51.16,56274,11,买盘
960,10:22:24,51.14,71614,14,卖盘
961,10:22:27,51.18,568043,111,买盘
962,10:22:30,51.16,10232,2,卖盘
963,10:22:33,51.17,56274,11,买盘
964,10:22:39,51.17,46058,9,买盘
965,10:22:42,51.18,117712,23,买盘
966,10:22:45,51.18,10236,2,卖盘
967,10:22:48,51.19,225221,44,买盘
968,10:22:51,51.17,25588,5,卖盘
969,10:22:54,51.17,20470,4,卖盘
970,10:22:57,51.18,15353,3,买盘
971,10:23:00,51.18,10236,2,买盘
972,10:23:03,51.18,25590,5,买盘
973,10:23:06,51.18,51180,10,买盘
974,10:23:09,51.18,25590,5,买盘
975,10:23:12,51.18,25590,5,买盘
976,10:23:15,51.17,10234,2,买盘
977,10:23:18,51.15,10230,2,卖盘
978,10:23:21,51.17,35819,7,买盘
979,10:23:24,51.15,25575,5,卖盘
980,10:23:30,51.15,5115,1,卖盘
981,10:23:36,51.15,30686,6,卖盘
982,10:23:39,51.15,20460,4,卖盘
983,10:23:48,51.14,127852,25,卖盘
984,10:23:54,51.15,76725,15,买盘
985,10:23:57,51.14,5114,1,卖盘
986,10:24:09,51.15,51147,10,买盘
987,10:24:12,51.14,603453,118,卖盘
988,10:24:15,51.15,204586,40,买盘
989,10:24:18,51.13,5113,1,卖盘
990,10:24:24,51.15,35799,7,买盘
991,10:24:27,51.15,25572,5,买盘
992,10:24:30,51.12,5112,1,卖盘
993,10:24:33,51.15,5115,1,买盘
994,10:24:36,51.15,5115,1,买盘
995,10:24:39,51.12,5112,1,卖盘
996,10:24:42,51.15,40920,8,买盘
997,10:24:45,51.15,25575,5,买盘
998,10:24:48,51.14,25571,5,中性盘
999,10:24:54,51.14,235233,46,卖盘
1000,10:24:57,51.16,51160,10,买盘
1001,10:25:03,51.15,35805,7,买盘
1002,10:25:06,51.16,5116,1,买盘
1003,10:25:09,51.15,219957,43,卖盘
1004,10:25:12,51.15,363164,71,买盘
1005,10:25:15,51.16,209755,41,买盘
1006,10:25:18,51.17,250732,49,买盘
1007,10:25:21,51.17,76755,15,卖盘
1008,10:25:24,51.16,25584,5,卖盘
1009,10:25:27,51.17,92121,18,买盘
1010,10:25:33,51.17,10234,2,卖盘
1011,10:25:36,51.18,15352,3,买盘
1012,10:25:45,51.18,40944,8,买盘
1013,10:25:51,51.17,25585,5,卖盘
1014,10:25:54,51.17,30707,6,卖盘
1015,10:25:57,51.18,10236,2,买盘
1016,10:26:03,51.17,46053,9,卖盘
1017,10:26:09,51.17,10234,2,买盘
1018,10:26:12,51.16,10232,2,卖盘
1019,10:26:15,51.16,15348,3,卖盘
1020,10:26:18,51.17,10234,2,买盘
1021,10:26:21,51.17,10234,2,买盘
1022,10:26:27,51.16,225104,44,卖盘
1023,10:26:30,51.15,373395,73,卖盘
1024,10:26:33,51.15,97185,19,买盘
1025,10:26:39,51.15,30690,6,买盘
1026,10:26:42,51.14,15342,3,卖盘
1027,10:26:45,51.15,35805,7,买盘
1028,10:26:51,51.15,291555,57,买盘
1029,10:26:54,51.15,71611,14,卖盘
1030,10:27:00,51.15,133015,26,卖盘
1031,10:27:03,51.16,35806,7,买盘
1032,10:27:06,51.15,5115,1,卖盘
1033,10:27:12,51.16,20463,4,买盘
1034,10:27:15,51.16,271148,53,买盘
1035,10:27:18,51.15,30691,6,卖盘
1036,10:27:21,51.16,5116,1,买盘
1037,10:27:24,51.16,35812,7,买盘
1038,10:27:27,51.17,404188,79,买盘
1039,10:27:30,51.17,35819,7,买盘
1040,10:27:33,51.15,593448,116,卖盘
1041,10:27:36,51.15,199485,39,买盘
1042,10:27:39,51.15,81836,16,买盘
1043,10:27:42,51.15,204598,40,买盘
1044,10:27:45,51.15,20460,4,买盘
1045,10:27:48,51.21,3796956,742,买盘
1046,10:27:51,51.22,174148,34,买盘
1047,10:27:54,51.2,51215,10,中性盘
1048,10:27:57,51.19,30729,6,卖盘
1049,10:28:06,51.19,5119,1,卖盘
1050,10:28:09,51.2,40955,8,买盘
1051,10:28:12,51.18,153562,30,卖盘
1052,10:28:15,51.18,15354,3,卖盘
1053,10:28:21,51.18,76770,15,卖盘
1054,10:28:24,51.18,189366,37,卖盘
1055,10:28:27,51.18,204720,40,卖盘
1056,10:28:33,51.17,5117,1,卖盘
1057,10:28:36,51.16,20467,4,卖盘
1058,10:28:39,51.17,5117,1,买盘
1059,10:28:42,51.15,81854,16,卖盘
1060,10:28:48,51.17,20468,4,买盘
1061,10:28:51,51.17,66509,13,买盘
1062,10:28:54,51.17,5117,1,买盘
1063,10:29:00,51.16,5116,1,卖盘
1064,10:29:03,51.16,5116,1,卖盘
1065,10:29:06,51.16,15348,3,卖盘
1066,10:29:09,51.17,35813,7,买盘
1067,10:29:12,51.16,5116,1,卖盘
1068,10:29:15,51.16,465646,91,卖盘
1069,10:29:18,51.16,10233,2,卖盘
1070,10:29:21,51.17,40933,8,买盘
1071,10:29:27,51.17,25585,5,买盘
1072,10:29:30,51.16,25580,5,卖盘
1073,10:29:33,51.17,15351,3,买盘
1074,10:29:36,51.17,56280,11,买盘
1075,10:29:39,51.17,51170,10,买盘
1076,10:29:42,51.17,5117,1,买盘
1077,10:29:48,51.16,92093,18,卖盘
1078,10:29:51,51.16,40928,8,卖盘
1079,10:29:54,51.16,35812,7,卖盘
1080,10:30:00,51.17,76741,15,买盘
1081,10:30:03,51.16,40928,8,卖盘
1082,10:30:06,51.16,66496,13,买盘
1083,10:30:09,51.17,296745,58,买盘
1084,10:30:12,51.16,30693,6,中性盘
1085,10:30:15,51.16,30696,6,买盘
1086,10:30:18,51.16,81859,16,买盘
1087,10:30:21,51.16,20464,4,买盘
1088,10:30:24,51.16,81856,16,买盘
1089,10:30:27,51.16,15348,3,买盘
1090,10:30:33,51.16,97197,19,买盘
1091,10:30:36,51.16,20464,4,买盘
1092,10:30:45,51.16,10232,2,买盘
1093,10:30:48,51.15,97190,19,卖盘
1094,10:30:51,51.15,10231,2,卖盘
1095,10:30:54,51.16,97187,19,买盘
1096,10:31:00,51.16,271148,53,买盘
1097,10:31:03,51.16,163712,32,卖盘
1098,10:31:09,51.16,20465,4,卖盘
1099,10:31:12,51.17,40934,8,买盘
1100,10:31:15,51.17,30700,6,买盘
1101,10:31:18,51.17,271195,53,买盘
1102,10:31:21,51.17,15351,3,卖盘
1103,10:31:27,51.17,332633,65,卖盘
1104,10:31:30,51.18,15352,3,买盘
1105,10:31:33,51.15,317246,62,卖盘
1106,10:31:36,51.16,5116,1,卖盘
1107,10:31:48,51.17,133018,26,买盘
1108,10:31:54,51.16,230220,45,卖盘
1109,10:31:57,51.16,15348,3,卖盘
1110,10:32:00,51.16,61392,12,卖盘
1111,10:32:03,51.17,10234,2,买盘
1112,10:32:06,51.16,46045,9,卖盘
1113,10:32:09,51.16,10232,2,卖盘
1114,10:32:12,51.16,40928,8,卖盘
1115,10:32:15,51.15,35811,7,卖盘
1116,10:32:18,51.16,40927,8,买盘
1117,10:32:21,51.16,46044,9,买盘
1118,10:32:24,51.16,839191,164,买盘
1119,10:32:27,51.15,148359,29,卖盘
1120,10:32:30,51.16,56268,11,卖盘
1121,10:32:33,51.21,885993,173,买盘
1122,10:32:36,51.24,107554,21,买盘
1123,10:32:39,51.23,901823,176,中性盘
1124,10:32:42,51.26,1101898,215,买盘
1125,10:32:45,51.26,410083,80,中性盘
1126,10:32:48,51.25,5125,1,卖盘
1127,10:32:51,51.25,10252,2,卖盘
1128,10:32:54,51.27,35887,7,买盘
1129,10:33:00,51.27,107644,21,买盘
1130,10:33:03,51.24,51240,10,卖盘
1131,10:33:06,51.25,35872,7,买盘
1132,10:33:09,51.25,25625,5,买盘
1133,10:33:12,51.24,66612,13,卖盘
1134,10:33:15,51.25,199862,39,买盘
1135,10:33:18,51.25,46120,9,买盘
1136,10:33:21,51.23,56373,11,卖盘
1137,10:33:24,51.25,153730,30,买盘
1138,10:33:27,51.24,5124,1,中性盘
1139,10:33:30,51.25,169114,33,买盘
1140,10:33:33,51.23,15369,3,卖盘
1141,10:33:36,51.23,25615,5,卖盘
1142,10:33:39,51.23,10246,2,卖盘
1143,10:33:42,51.23,122955,24,卖盘
1144,10:33:45,51.23,66599,13,卖盘
1145,10:33:48,51.23,56353,11,卖盘
1146,10:33:51,51.22,404695,79,卖盘
1147,10:33:54,51.22,20488,4,买盘
1148,10:33:57,51.21,5121,1,卖盘
1149,10:34:00,51.21,128025,25,卖盘
1150,10:34:03,51.21,66578,13,卖盘
1151,10:34:06,51.21,117783,23,卖盘
1152,10:34:09,51.22,245851,48,买盘
1153,10:34:12,51.22,5122,1,卖盘
1154,10:34:15,51.22,25610,5,卖盘
1155,10:34:18,51.21,179268,35,卖盘
1156,10:34:21,51.2,92169,18,卖盘
1157,10:34:24,51.19,15359,3,卖盘
1158,10:34:27,51.2,25600,5,买盘
1159,10:34:30,51.2,10239,2,买盘
1160,10:34:33,51.16,30696,6,卖盘
1161,10:34:36,51.15,46036,9,卖盘
1162,10:34:39,51.13,235233,46,卖盘
1163,10:34:42,51.16,102320,20,买盘
1164,10:34:45,51.16,276262,54,买盘
1165,10:34:48,51.15,199444,39,卖盘
1166,10:34:51,51.16,122766,24,卖盘
1167,10:34:54,51.16,15349,3,中性盘
1168,10:35:03,51.16,35817,7,卖盘
1169,10:35:06,51.16,56277,11,卖盘
1170,10:35:12,51.16,15348,3,卖盘
1171,10:35:18,51.17,230262,45,买盘
1172,10:35:21,51.17,10235,2,中性盘
1173,10:35:24,51.16,51165,10,卖盘
1174,10:35:30,51.18,15353,3,买盘
1175,10:35:33,51.17,5117,1,卖盘
1176,10:35:36,51.18,15353,3,买盘
1177,10:35:39,51.18,35826,7,买盘
1178,10:35:42,51.18,97242,19,买盘
1179,10:35:45,51.19,20476,4,买盘
1180,10:35:48,51.18,15354,3,卖盘
1181,10:35:51,51.19,10238,2,买盘
1182,10:35:54,51.19,25595,5,买盘
1183,10:36:00,51.19,35833,7,买盘
1184,10:36:03,51.19,5119,1,买盘
1185,10:36:06,51.18,30709,6,卖盘
1186,10:36:09,51.19,25595,5,买盘
1187,10:36:12,51.19,15357,3,买盘
1188,10:36:15,51.18,15356,3,卖盘
1189,10:36:18,51.18,5118,1,卖盘
1190,10:36:21,51.18,5118,1,卖盘
1191,10:36:24,51.18,153540,30,卖盘
1192,10:36:27,51.18,20472,4,卖盘
1193,10:36:30,51.19,184279,36,买盘
1194,10:36:33,51.18,5118,1,卖盘
1195,10:36:36,51.19,5119,1,买盘
1196,10:36:39,51.19,40951,8,买盘
1197,10:36:42,51.19,122856,24,买盘
1198,10:36:45,51.2,102400,20,买盘
1199,10:36:48,51.2,174111,34,卖盘
1200,10:36:51,51.21,102428,20,买盘
1201,10:37:00,51.23,15369,3,买盘
1202,10:37:03,51.23,10246,2,卖盘
1203,10:37:06,51.22,81970,16,卖盘
1204,10:37:09,51.24,71726,14,买盘
1205,10:37:21,51.23,40984,8,买盘
1206,10:37:24,51.23,5123,1,卖盘
1207,10:37:27,51.23,15370,3,卖盘
1208,10:37:30,51.23,5123,1,卖盘
1209,10:37:36,51.23,10246,2,卖盘
1210,10:37:39,51.24,10248,2,买盘
1211,10:37:42,51.23,46108,9,卖盘
1212,10:37:45,51.23,51230,10,卖盘
1213,10:37:48,51.23,61480,12,卖盘
1214,10:37:54,51.24,102477,20,买盘
1215,10:37:57,51.23,5123,1,中性盘
1216,10:38:00,51.24,102479,20,买盘
1217,10:38:03,51.23,5123,1,买盘
1218,10:38:09,51.23,25615,5,买盘
1219,10:38:12,51.23,10246,2,买盘
1220,10:38:18,51.23,51230,10,买盘
1221,10:38:21,51.23,15369,3,买盘
1222,10:38:24,51.24,30739,6,买盘
1223,10:38:27,51.23,5123,1,卖盘
1224,10:38:30,51.24,71734,14,买盘
1225,10:38:36,51.23,25615,5,买盘
1226,10:38:42,51.23,20490,4,买盘
1227,10:38:45,51.23,138321,27,买盘
1228,10:38:48,51.23,20492,4,买盘
1229,10:38:51,51.23,51230,10,买盘
1230,10:38:54,51.23,312523,61,买盘
1231,10:38:57,51.24,179343,35,买盘
1232,10:39:00,51.25,215249,42,买盘
1233,10:39:03,51.25,20500,4,买盘
1234,10:39:06,51.25,963547,188,买盘
1235,10:39:09,51.25,420261,82,卖盘
1236,10:39:12,51.25,466375,91,买盘
1237,10:39:15,51.25,46125,9,买盘
1238,10:39:18,51.26,61507,12,买盘
1239,10:39:21,51.26,35882,7,卖盘
1240,10:39:24,51.26,66638,13,卖盘
1241,10:39:27,51.26,123027,24,买盘
1242,10:39:33,51.27,66641,13,买盘
1243,10:39:36,51.25,10250,2,卖盘
1244,10:39:39,51.27,20506,4,买盘
1245,10:39:42,51.25,10251,2,卖盘
1246,10:39:45,51.25,143524,28,卖盘
1247,10:39:48,51.26,10252,2,中性盘
1248,10:39:51,51.27,148682,29,买盘
1249,10:39:54,51.27,92286,18,买盘
1250,10:39:57,51.27,15381,3,买盘
1251,10:40:00,51.27,128179,25,买盘
1252,10:40:03,51.27,107672,21,卖盘
1253,10:40:06,51.28,220391,43,买盘
1254,10:40:09,51.27,10250,2,中性盘
1255,10:40:12,51.27,153802,30,买盘
1256,10:40:15,51.28,169198,33,买盘
1257,10:40:21,51.27,5127,1,买盘
1258,10:40:24,51.25,61500,12,买盘
1259,10:40:27,51.26,20504,4,买盘
1260,10:40:30,51.22,81981,16,卖盘
1261,10:40:33,51.23,10246,2,买盘
1262,10:40:36,51.22,10244,2,卖盘
1263,10:40:39,51.22,15366,3,卖盘
1264,10:40:42,51.24,174169,34,买盘
1265,10:40:45,51.25,128120,25,买盘
1266,10:40:48,51.25,10250,2,卖盘
1267,10:40:51,51.26,25630,5,买盘
1268,10:41:00,51.25,25628,5,卖盘
1269,10:41:12,51.25,40999,8,买盘
1270,10:41:15,51.25,107624,21,买盘
1271,10:41:18,51.26,20504,4,买盘
1272,10:41:21,51.26,25627,5,买盘
1273,10:41:24,51.26,5126,1,买盘
1274,10:41:30,51.25,112766,22,卖盘
1275,10:41:33,51.26,25626,5,买盘
1276,10:41:36,51.27,2061366,402,买盘
1277,10:41:39,51.29,15384,3,中性盘
1278,10:41:42,51.29,41032,8,买盘
1279,10:41:45,51.29,15387,3,卖盘
1280,10:41:48,51.3,271887,53,买盘
1281,10:41:51,51.3,117987,23,买盘
1282,10:41:54,51.3,87210,17,买盘
1283,10:41:57,51.3,51296,10,买盘
1284,10:42:00,51.3,477090,93,买盘
1285,10:42:03,51.29,25645,5,卖盘
1286,10:42:09,51.3,46168,9,买盘
1287,10:42:12,51.29,133379,26,卖盘
1288,10:42:15,51.3,5130,1,买盘
1289,10:42:18,51.3,30780,6,买盘
1290,10:42:21,51.3,117990,23,买盘
1291,10:42:24,51.3,66690,13,买盘
1292,10:42:27,51.29,56423,11,卖盘
1293,10:42:30,51.3,5130,1,买盘
1294,10:42:33,51.3,148769,29,买盘
1295,10:42:36,51.29,20518,4,卖盘
1296,10:42:39,51.3,200070,39,买盘
1297,10:42:42,51.3,266760,52,买盘
1298,10:42:45,51.29,179515,35,卖盘
1299,10:42:48,51.29,153885,30,卖盘
1300,10:42:51,51.3,5130,1,买盘
1301,10:42:54,51.3,277019,54,买盘
1302,10:42:57,51.3,56430,11,买盘
1303,10:43:00,51.3,35908,7,买盘
1304,10:43:03,51.3,41039,8,买盘
1305,10:43:06,51.3,20520,4,买盘
1306,10:43:09,51.3,210330,41,买盘
1307,10:43:12,51.3,92340,18,买盘
1308,10:43:15,51.3,323190,63,买盘
1309,10:43:18,51.3,66690,13,买盘
1310,10:43:21,51.32,107760,21,买盘
1311,10:43:24,51.32,169313,33,买盘
1312,10:43:27,51.32,164223,32,买盘
1313,10:43:30,51.32,41056,8,卖盘
1314,10:43:33,51.33,195055,38,买盘
1315,10:43:36,51.33,56463,11,卖盘
1316,10:43:39,51.35,179691,35,买盘
1317,10:43:42,51.35,87279,17,买盘
1318,10:43:45,51.32,564590,110,卖盘
1319,10:43:48,51.34,46193,9,买盘
1320,10:43:51,51.34,51336,10,买盘
1321,10:43:54,51.34,5134,1,买盘
1322,10:43:57,51.32,174499,34,卖盘
1323,10:44:00,51.34,153984,30,买盘
1324,10:44:03,51.34,51329,10,买盘
1325,10:44:06,51.34,66724,13,买盘
1326,10:44:09,51.31,123138,24,卖盘
1327,10:44:12,51.32,5132,1,中性盘
1328,10:44:18,51.31,292518,57,卖盘
1329,10:44:24,51.31,25655,5,买盘
1330,10:44:27,51.31,10262,2,买盘
1331,10:44:30,51.3,5130,1,卖盘
1332,10:44:33,51.31,61572,12,买盘
1333,10:44:36,51.32,46188,9,买盘
1334,10:44:39,51.32,5132,1,卖盘
1335,10:44:42,51.33,15398,3,买盘
1336,10:44:45,51.32,82112,16,卖盘
1337,10:44:48,51.32,236074,46,买盘
1338,10:44:51,51.31,5131,1,卖盘
1339,10:44:54,51.31,25655,5,卖盘
1340,10:44:57,51.32,5132,1,买盘
1341,10:45:00,51.32,15396,3,买盘
1342,10:45:03,51.32,30787,6,买盘
1343,10:45:06,51.32,10263,2,买盘
1344,10:45:09,51.34,1041995,203,买盘
1345,10:45:12,51.32,10264,2,买盘
1346,10:45:15,51.32,41056,8,买盘
1347,10:45:18,51.32,477276,93,买盘
1348,10:45:21,51.32,56452,11,买盘
1349,10:45:27,51.31,35919,7,卖盘
1350,10:45:30,51.31,128299,25,卖盘
1351,10:45:33,51.32,5132,1,买盘
1352,10:45:36,51.32,56443,11,买盘
1353,10:45:39,51.32,10264,2,买盘
1354,10:45:42,51.32,123168,24,买盘
1355,10:45:45,51.32,71843,14,买盘
1356,10:45:51,51.32,66716,13,买盘
1357,10:45:54,51.32,118035,23,买盘
1358,10:45:57,51.32,230940,45,买盘
1359,10:46:00,51.32,5132,1,卖盘
1360,10:46:06,51.33,41064,8,买盘
1361,10:46:09,51.34,359380,70,买盘
1362,10:46:12,51.34,118100,23,卖盘
1363,10:46:15,51.35,112962,22,买盘
1364,10:46:21,51.35,107830,21,买盘
1365,10:46:24,51.34,20536,4,卖盘
1366,10:46:27,51.34,15402,3,卖盘
1367,10:46:33,51.34,51340,10,卖盘
1368,10:46:39,51.34,5134,1,买盘
1369,10:46:42,51.34,215598,42,买盘
1370,10:46:45,51.34,71876,14,买盘
1371,10:46:48,51.34,10268,2,卖盘
1372,10:46:51,51.34,107814,21,卖盘
1373,10:46:54,51.34,35938,7,卖盘
1374,10:46:57,51.34,220762,43,卖盘
1375,10:47:00,51.33,46204,9,卖盘
1376,10:47:03,51.33,30798,6,卖盘
1377,10:47:06,51.33,5133,1,买盘
1378,10:47:09,51.32,10264,2,卖盘
1379,10:47:12,51.32,272034,53,卖盘
1380,10:47:15,51.32,559388,109,卖盘
1381,10:47:18,51.33,564568,110,买盘
1382,10:47:21,51.33,15399,3,卖盘
1383,10:47:27,51.33,164268,32,买盘
1384,10:47:30,51.33,25667,5,卖盘
1385,10:47:33,51.33,41064,8,卖盘
1386,10:47:39,51.32,35925,7,卖盘
1387,10:47:42,51.33,41064,8,买盘
1388,10:47:45,51.33,61596,12,买盘
1389,10:47:48,51.32,46196,9,卖盘
1390,10:47:51,51.33,20532,4,买盘
1391,10:47:57,51.33,10266,2,买盘
1392,10:48:00,51.33,25665,5,买盘
1393,10:48:03,51.32,15396,3,卖盘
1394,10:48:09,51.33,302847,59,买盘
1395,10:48:12,51.33,35931,7,卖盘
1396,10:48:18,51.34,498014,97,买盘
1397,10:48:21,51.33,148885,29,卖盘
1398,10:48:24,51.34,20536,4,买盘
1399,10:48:30,51.34,25670,5,买盘
1400,10:48:33,51.33,246384,48,卖盘
1401,10:48:36,51.33,128349,25,中性盘
1402,10:48:39,51.32,30795,6,卖盘
1403,10:48:42,51.34,41071,8,买盘
1404,10:48:45,51.32,5132,1,卖盘
1405,10:48:48,51.32,5132,1,卖盘
1406,10:48:51,51.33,46191,9,买盘
1407,10:48:57,51.32,87248,17,卖盘
1408,10:49:00,51.32,30792,6,卖盘
1409,10:49:03,51.33,10266,2,买盘
1410,10:49:09,51.32,5132,1,卖盘
1411,10:49:12,51.32,20528,4,卖盘
1412,10:49:15,51.33,5133,1,买盘
1413,10:49:18,51.31,323315,63,卖盘
1414,10:49:21,51.31,10263,2,卖盘
1415,10:49:24,51.32,61579,12,买盘
1416,10:49:30,51.31,210372,41,卖盘
1417,10:49:33,51.31,71827,14,买盘
1418,10:49:36,51.35,1524489,297,买盘
1419,10:49:39,51.35,118105,23,买盘
1420,10:49:42,51.35,410795,80,买盘
1421,10:49:45,51.35,318368,62,买盘
1422,10:49:48,51.34,236167,46,卖盘
1423,10:49:51,51.35,277256,54,买盘
1424,10:49:54,51.35,179718,35,买盘
1425,10:49:57,51.35,46215,9,买盘
1426,10:50:00,51.35,215657,42,买盘
1427,10:50:03,51.35,82160,16,买盘
1428,10:50:06,51.35,82151,16,买盘
1429,10:50:09,51.35,164320,32,买盘
1430,10:50:12,51.34,97553,19,卖盘
1431,10:50:15,51.35,46215,9,买盘
1432,10:50:18,51.35,128375,25,买盘
1433,10:50:21,51.36,374903,73,买盘
1434,10:50:24,51.35,71903,14,中性盘
1435,10:50:27,51.35,66751,13,买盘
1436,10:50:30,51.35,56485,11,买盘
1437,10:50:33,51.34,82144,16,卖盘
1438,10:50:36,51.33,5133,1,卖盘
1439,10:50:42,51.35,102682,20,买盘
1440,10:50:48,51.34,385158,75,卖盘
1441,10:50:51,51.35,10269,2,买盘
1442,10:50:54,51.36,41082,8,买盘
1443,10:50:57,51.34,30805,6,卖盘
1444,10:51:00,51.34,359476,70,卖盘
1445,10:51:03,51.35,56485,11,卖盘
1446,10:51:06,51.35,102696,20,买盘
1447,10:51:09,51.35,10270,2,中性盘
1448,10:51:12,51.34,123238,24,卖盘
1449,10:51:15,51.35,10270,2,买盘
1450,10:51:18,51.35,123239,24,买盘
1451,10:51:21,51.35,51350,10,买盘
1452,10:51:24,51.35,5135,1,买盘
1453,10:51:27,51.36,10272,2,买盘
1454,10:51:30,51.37,97587,19,买盘
1455,10:51:33,51.37,118151,23,买盘
1456,10:51:36,51.37,30822,6,买盘
1457,10:51:39,51.38,159266,31,买盘
1458,10:51:45,51.37,61647,12,买盘
1459,10:51:48,51.37,51370,10,中性盘
1460,10:51:51,51.38,87335,17,买盘
1461,10:51:54,51.35,10270,2,卖盘
1462,10:51:57,51.38,102750,20,买盘
1463,10:52:00,51.37,256894,50,卖盘
1464,10:52:03,51.39,154170,30,买盘
1465,10:52:06,51.38,133591,26,卖盘
1466,10:52:09,51.38,20552,4,买盘
1467,10:52:12,51.38,61660,12,买盘
1468,10:52:15,51.38,25688,5,买盘
1469,10:52:18,51.38,10275,2,买盘
1470,10:52:24,51.37,66792,13,卖盘
1471,10:52:27,51.38,159301,31,买盘
1472,10:52:30,51.39,46251,9,买盘
1473,10:52:33,51.39,20556,4,买盘
1474,10:52:36,51.39,133614,26,买盘
1475,10:52:39,51.39,200421,39,买盘
1476,10:52:42,51.39,138752,27,买盘
1477,10:52:45,51.4,210738,41,买盘
1478,10:52:48,51.4,71951,14,买盘
1479,10:52:54,51.4,30840,6,买盘
1480,10:53:00,51.4,20558,4,买盘
1481,10:53:03,51.4,436900,85,买盘
1482,10:53:06,51.4,61679,12,买盘
1483,10:53:09,51.4,56540,11,买盘
1484,10:53:12,51.4,231300,45,买盘
1485,10:53:15,51.4,200460,39,买盘
1486,10:53:18,51.4,30840,6,买盘
1487,10:53:21,51.4,102800,20,买盘
1488,10:53:27,51.4,5140,1,买盘
1489,10:53:30,51.41,200467,39,买盘
1490,10:53:33,51.4,87391,17,中性盘
1491,10:53:36,51.4,154226,30,卖盘
1492,10:53:39,51.41,66818,13,买盘
1493,10:53:42,51.4,92513,18,买盘
1494,10:53:45,51.4,5140,1,买盘
1495,10:53:48,51.38,940395,183,卖盘
1496,10:53:51,51.39,174715,34,买盘
1497,10:53:54,51.39,35973,7,买盘
1498,10:53:57,51.39,128475,25,买盘
1499,10:54:00,51.39,5139,1,卖盘
1500,10:54:03,51.39,385405,75,卖盘
1501,10:54:09,51.38,41105,8,卖盘
1502,10:54:12,51.38,46245,9,卖盘
1503,10:54:15,51.39,41111,8,买盘
1504,10:54:18,51.39,107907,21,中性盘
1505,10:54:21,51.4,97654,19,买盘
1506,10:54:24,51.4,61677,12,买盘
1507,10:54:27,51.4,10280,2,买盘
1508,10:54:30,51.41,51409,10,买盘
1509,10:54:33,51.4,51394,10,买盘
1510,10:54:36,51.4,10280,2,买盘
1511,10:54:39,51.39,5139,1,卖盘
1512,10:54:42,51.4,30840,6,买盘
1513,10:54:45,51.39,231255,45,卖盘
1514,10:54:48,51.39,56523,11,买盘
1515,10:54:51,51.38,56518,11,卖盘
1516,10:54:54,51.38,46245,9,卖盘
1517,10:54:57,51.38,66805,13,卖盘
1518,10:55:03,51.38,77070,15,卖盘
1519,10:55:06,51.38,20552,4,卖盘
1520,10:55:09,51.38,61666,12,卖盘
1521,10:55:12,51.38,205520,40,卖盘
1522,10:55:15,51.38,113036,22,卖盘
1523,10:55:18,51.38,149002,29,买盘
1524,10:55:21,51.38,35971,7,卖盘
1525,10:55:24,51.37,246576,48,卖盘
1526,10:55:30,51.38,25686,5,买盘
1527,10:55:33,51.37,25685,5,买盘
1528,10:55:36,51.37,61642,12,卖盘
1529,10:55:39,51.38,5138,1,买盘
1530,10:55:48,51.38,30828,6,买盘
1531,10:55:51,51.39,457279,89,买盘
1532,10:55:54,51.38,328832,64,卖盘
1533,10:55:57,51.39,56529,11,买盘
1534,10:56:00,51.39,5139,1,买盘
1535,10:56:03,51.38,20555,4,卖盘
1536,10:56:06,51.38,107898,21,卖盘
1537,10:56:09,51.39,87359,17,买盘
1538,10:56:12,51.39,20556,4,买盘
1539,10:56:15,51.38,5138,1,卖盘
1540,10:56:18,51.38,334009,65,卖盘
1541,10:56:21,51.39,179862,35,买盘
1542,10:56:24,51.38,77079,15,卖盘
1543,10:56:27,51.39,5139,1,买盘
1544,10:56:30,51.39,25695,5,买盘
1545,10:56:33,51.39,236393,46,买盘
1546,10:56:36,51.38,529315,103,卖盘
1547,10:56:39,51.39,220977,43,买盘
1548,10:56:42,51.39,154170,30,买盘
1549,10:56:45,51.4,221009,43,买盘
1550,10:56:48,51.39,5139,1,卖盘
1551,10:56:51,51.4,210739,41,买盘
1552,10:56:54,51.4,5140,1,中性盘
1553,10:56:57,51.4,25700,5,买盘
1554,10:57:00,51.4,25700,5,买盘
1555,10:57:03,51.39,210734,41,卖盘
1556,10:57:06,51.4,118219,23,买盘
1557,10:57:09,51.4,10280,2,买盘
1558,10:57:12,51.4,308400,60,买盘
1559,10:57:15,51.42,385603,75,买盘
1560,10:57:18,51.42,25710,5,买盘
1561,10:57:21,51.42,113124,22,买盘
1562,10:57:24,51.42,46278,9,买盘
1563,10:57:27,51.41,30846,6,卖盘
1564,10:57:30,51.42,46277,9,买盘
1565,10:57:33,51.42,375366,73,买盘
1566,10:57:39,51.43,10286,2,买盘
1567,10:57:42,51.43,113146,22,买盘
1568,10:57:45,51.44,77158,15,买盘
1569,10:57:48,51.44,169752,33,买盘
1570,10:57:51,51.44,324081,63,买盘
1571,10:57:54,51.44,77173,15,卖盘
1572,10:57:57,51.44,46299,9,卖盘
1573,10:58:00,51.45,432180,84,买盘
1574,10:58:03,51.44,133767,26,卖盘
1575,10:58:06,51.45,159495,31,买盘
1576,10:58:09,51.44,46304,9,卖盘
1577,10:58:12,51.44,61730,12,卖盘
1578,10:58:15,51.45,46298,9,买盘
1579,10:58:18,51.44,66883,13,卖盘
1580,10:58:21,51.44,72029,14,卖盘
1581,10:58:24,51.45,25723,5,买盘
1582,10:58:27,51.44,41159,8,卖盘
1583,10:58:30,51.44,41155,8,卖盘
1584,10:58:33,51.45,138905,27,买盘
1585,10:58:36,51.44,282960,55,卖盘
1586,10:58:39,51.45,46305,9,买盘
1587,10:58:42,51.44,128605,25,卖盘
1588,10:58:45,51.44,61730,12,卖盘
1589,10:58:48,51.45,87455,17,买盘
1590,10:58:51,51.45,113190,22,买盘
1591,10:58:54,51.45,15433,3,买盘
1592,10:58:57,51.44,46301,9,卖盘
1593,10:59:00,51.44,190364,37,卖盘
1594,10:59:03,51.45,221235,43,买盘
1595,10:59:06,51.44,144043,28,卖盘
1596,10:59:09,51.45,97744,19,买盘
1597,10:59:12,51.45,216079,42,买盘
1598,10:59:15,51.45,20578,4,买盘
1599,10:59:18,51.45,118326,23,买盘
1600,10:59:21,51.45,221203,43,买盘
1601,10:59:24,51.45,97755,19,买盘
1602,10:59:27,51.45,72028,14,买盘
1603,10:59:30,51.45,133770,26,买盘
1604,10:59:33,51.45,231508,45,买盘
1605,10:59:36,51.45,200655,39,买盘
1606,10:59:39,51.45,97755,19,买盘
1607,10:59:42,51.45,138915,27,买盘
1608,10:59:45,51.45,15435,3,买盘
1609,10:59:48,51.45,30870,6,买盘
1610,10:59:51,51.44,180074,35,卖盘
1611,10:59:54,51.44,97741,19,卖盘
1612,10:59:57,51.46,1003278,195,买盘
1613,11:00:00,51.45,267565,52,中性盘
1614,11:00:03,51.47,1744590,339,买盘
1615,11:00:06,51.48,211068,41,买盘
1616,11:00:09,51.48,154440,30,买盘
1617,11:00:12,51.48,36036,7,买盘
1618,11:00:15,51.48,92664,18,买盘
1619,11:00:18,51.48,205919,40,买盘
1620,11:00:21,51.48,61776,12,买盘
1621,11:00:24,51.49,77222,15,买盘
1622,11:00:27,51.48,25741,5,卖盘
1623,11:00:30,51.47,128699,25,卖盘
1624,11:00:33,51.48,87516,17,买盘
1625,11:00:36,51.47,1348473,262,卖盘
1626,11:00:39,51.48,175023,34,买盘
1627,11:00:42,51.47,25737,5,中性盘
1628,11:00:45,51.47,72056,14,买盘
1629,11:00:51,51.45,277935,54,卖盘
1630,11:00:54,51.47,118381,23,买盘
1631,11:00:57,51.46,15439,3,中性盘
1632,11:01:00,51.47,128671,25,买盘
1633,11:01:06,51.46,30876,6,买盘
1634,11:01:09,51.46,46314,9,买盘
1635,11:01:12,51.48,257357,50,买盘
1636,11:01:18,51.46,5146,1,卖盘
1637,11:01:21,51.47,5147,1,买盘
1638,11:01:24,51.47,128674,25,买盘
1639,11:01:27,51.47,51470,10,买盘
1640,11:01:30,51.47,231615,45,买盘
1641,11:01:33,51.48,61773,12,买盘
1642,11:01:36,51.45,118335,23,卖盘
1643,11:01:39,51.45,5145,1,卖盘
1644,11:01:42,51.45,185308,36,卖盘
1645,11:01:45,51.47,51470,10,买盘
1646,11:01:48,51.45,277830,54,卖盘
1647,11:01:51,51.44,30869,6,卖盘
1648,11:01:54,51.44,10288,2,卖盘
1649,11:02:00,51.45,401245,78,买盘
1650,11:02:03,51.44,77165,15,卖盘
1651,11:02:06,51.44,87458,17,卖盘
1652,11:02:09,51.44,154321,30,卖盘
1653,11:02:12,51.44,318928,62,买盘
1654,11:02:21,51.44,329214,64,买盘
1655,11:02:24,51.44,5144,1,买盘
1656,11:02:30,51.44,401242,78,买盘
1657,11:02:33,51.44,36008,7,卖盘
1658,11:02:36,51.44,5144,1,卖盘
1659,11:02:39,51.44,133769,26,卖盘
1660,11:02:42,51.44,25720,5,卖盘
1661,11:02:45,51.44,25720,5,卖盘
1662,11:02:48,51.46,699731,136,买盘
1663,11:02:51,51.45,560834,109,卖盘
1664,11:02:54,51.45,5145,1,买盘
1665,11:02:57,51.43,1687578,328,卖盘
1666,11:03:00,51.46,30872,6,买盘
1667,11:03:03,51.44,149156,29,中性盘
1668,11:03:06,51.45,20577,4,买盘
1669,11:03:09,51.45,154350,30,买盘
1670,11:03:12,51.42,25715,5,卖盘
1671,11:03:21,51.44,61728,12,买盘
1672,11:03:24,51.42,334234,65,卖盘
1673,11:03:27,51.42,77130,15,买盘
1674,11:03:33,51.41,272575,53,卖盘
1675,11:03:36,51.41,128533,25,卖盘
1676,11:03:39,51.42,66846,13,中性盘
1677,11:03:42,51.41,51420,10,卖盘
1678,11:03:48,51.41,257050,50,卖盘
1679,11:03:51,51.45,1157474,225,买盘
1680,11:03:54,51.45,113182,22,买盘
1681,11:03:57,51.46,128578,25,买盘
1682,11:04:03,51.45,10290,2,买盘
1683,11:04:12,51.44,20576,4,卖盘
1684,11:04:15,51.44,36008,7,卖盘
1685,11:04:18,51.45,61740,12,买盘
1686,11:04:21,51.44,149186,29,卖盘
1687,11:04:24,51.44,272647,53,卖盘
1688,11:04:33,51.42,848590,165,卖盘
1689,11:04:36,51.42,128550,25,卖盘
1690,11:04:39,51.43,20570,4,买盘
1691,11:04:42,51.43,61714,12,买盘
1692,11:04:45,51.41,87397,17,卖盘
1693,11:04:48,51.43,20570,4,买盘
1694,11:04:51,51.41,35987,7,卖盘
1695,11:04:54,51.4,25702,5,卖盘
1696,11:05:00,51.4,82242,16,卖盘
1697,11:05:03,51.39,15417,3,卖盘
1698,11:05:06,51.39,195282,38,卖盘
1699,11:05:15,51.37,164410,32,卖盘
1700,11:05:18,51.36,118156,23,卖盘
1701,11:05:21,51.36,10272,2,卖盘
1702,11:05:27,51.35,118105,23,卖盘
1703,11:05:30,51.36,564959,110,买盘
1704,11:05:33,51.35,246481,48,卖盘
1705,11:05:36,51.34,10268,2,卖盘
1706,11:05:39,51.34,5134,1,卖盘
1707,11:05:42,51.34,5134,1,买盘
1708,11:05:45,51.34,35932,7,买盘
1709,11:05:48,51.34,51332,10,买盘
1710,11:05:51,51.35,123215,24,买盘
1711,11:06:00,51.35,112968,22,买盘
1712,11:06:03,51.34,66754,13,卖盘
1713,11:06:06,51.35,15404,3,买盘
1714,11:06:09,51.34,25672,5,卖盘
1715,11:06:12,51.35,30805,6,买盘
1716,11:06:15,51.35,744556,145,买盘
1717,11:06:18,51.35,225962,44,买盘
1718,11:06:21,51.35,20540,4,卖盘
1719,11:06:24,51.37,56507,11,买盘
1720,11:06:27,51.38,20552,4,买盘
1721,11:06:30,51.39,51390,10,买盘
1722,11:06:33,51.4,344354,67,买盘
1723,11:06:36,51.4,30840,6,卖盘
1724,11:06:39,51.42,25709,5,买盘
1725,11:06:42,51.4,77115,15,卖盘
1726,11:06:45,51.44,149155,29,买盘
1727,11:06:48,51.43,5143,1,卖盘
1728,11:06:51,51.44,174901,34,买盘
1729,11:06:54,51.45,5145,1,买盘
1730,11:06:57,51.45,144080,28,买盘
1731,11:07:00,51.45,51452,10,卖盘
1732,11:07:03,51.47,684491,133,买盘
1733,11:07:06,51.46,72055,14,卖盘
1734,11:07:09,51.47,15440,3,买盘
1735,11:07:12,51.48,787530,153,买盘
1736,11:07:15,51.46,10292,2,卖盘
1737,11:07:21,51.46,10292,2,买盘
1738,11:07:24,51.46,174957,34,买盘
1739,11:07:27,51.46,15436,3,买盘
1740,11:07:30,51.45,15435,3,中性盘
1741,11:07:33,51.44,10289,2,卖盘
1742,11:07:36,51.46,149217,29,买盘
1743,11:07:39,51.46,20583,4,中性盘
1744,11:07:42,51.46,66909,13,中性盘
1745,11:07:45,51.46,77188,15,买盘
1746,11:07:48,51.46,56606,11,买盘
1747,11:07:51,51.45,20581,4,中性盘
1748,11:07:54,51.44,25720,5,卖盘
1749,11:08:03,51.41,133666,26,卖盘
1750,11:08:06,51.38,92534,18,卖盘
1751,11:08:09,51.41,77115,15,买盘
1752,11:08:15,51.41,46266,9,买盘
1753,11:08:18,51.4,25702,5,卖盘
1754,11:08:21,51.42,61699,12,买盘
1755,11:08:24,51.42,5142,1,卖盘
1756,11:08:30,51.42,35994,7,买盘
1757,11:08:36,51.41,15423,3,卖盘
1758,11:08:39,51.41,143949,28,卖盘
1759,11:08:42,51.43,71991,14,买盘
1760,11:08:48,51.4,190180,37,卖盘
1761,11:08:51,51.39,5139,1,卖盘
1762,11:08:54,51.39,5139,1,卖盘
1763,11:08:57,51.39,25695,5,卖盘
1764,11:09:00,51.39,5139,1,卖盘
1765,11:09:03,51.39,5139,1,卖盘
1766,11:09:06,51.41,87386,17,买盘
1767,11:09:09,51.39,25695,5,卖盘
1768,11:09:12,51.4,10280,2,买盘
1769,11:09:15,51.41,107943,21,买盘
1770,11:09:18,51.41,15423,3,卖盘
1771,11:09:21,51.42,560475,109,买盘
1772,11:09:27,51.42,231363,45,买盘
1773,11:09:30,51.42,61702,12,买盘
1774,11:09:39,51.43,51421,10,买盘
1775,11:09:45,51.42,46284,9,卖盘
1776,11:09:48,51.43,180003,35,买盘
1777,11:09:51,51.43,66859,13,买盘
1778,11:09:54,51.44,149174,29,买盘
1779,11:09:57,51.43,15428,3,买盘
1780,11:10:00,51.45,41160,8,买盘
1781,11:10:03,51.45,133706,26,买盘
1782,11:10:18,51.42,241677,47,卖盘
1783,11:10:21,51.41,107964,21,卖盘
1784,11:10:27,51.41,10283,2,卖盘
1785,11:10:30,51.41,10283,2,中性盘
1786,11:10:33,51.4,25704,5,卖盘
1787,11:10:36,51.41,66833,13,买盘
1788,11:10:39,51.41,35987,7,买盘
1789,11:10:42,51.42,41133,8,买盘
1790,11:10:45,51.42,15426,3,卖盘
1791,11:10:48,51.42,56562,11,买盘
1792,11:10:51,51.42,20568,4,卖盘
1793,11:10:54,51.42,10284,2,卖盘
1794,11:10:57,51.42,20568,4,买盘
1795,11:11:00,51.44,277729,54,买盘
1796,11:11:06,51.44,72016,14,买盘
1797,11:11:09,51.45,66884,13,买盘
1798,11:11:15,51.45,25725,5,买盘
1799,11:11:18,51.45,61740,12,买盘
1800,11:11:21,51.45,36015,7,买盘
1801,11:11:24,51.46,82322,16,买盘
1802,11:11:27,51.44,25720,5,卖盘
1803,11:11:30,51.45,10290,2,卖盘
1804,11:11:33,51.44,51440,10,卖盘
1805,11:11:36,51.45,169810,33,买盘
1806,11:11:39,51.45,10289,2,买盘
1807,11:11:42,51.45,97755,19,买盘
1808,11:11:48,51.47,370540,72,买盘
1809,11:11:51,51.46,10291,2,中性盘
1810,11:11:54,51.46,113192,22,买盘
1811,11:11:57,51.46,72045,14,中性盘
1812,11:12:00,51.47,190435,37,买盘
1813,11:12:03,51.47,164703,32,买盘
1814,11:12:06,51.47,108099,21,中性盘
1815,11:12:09,51.47,159586,31,卖盘
1816,11:12:12,51.48,123552,24,买盘
1817,11:12:15,51.47,211058,41,卖盘
1818,11:12:18,51.48,36036,7,买盘
1819,11:12:21,51.48,25737,5,买盘
1820,11:12:24,51.48,30884,6,买盘
1821,11:12:27,51.47,355143,69,卖盘
1822,11:12:30,51.47,30882,6,买盘
1823,11:12:33,51.47,298526,58,买盘
1824,11:12:36,51.47,36029,7,卖盘
1825,11:12:39,51.47,41181,8,中性盘
1826,11:12:42,51.47,10293,2,买盘
1827,11:12:45,51.48,586819,114,买盘
1828,11:12:48,51.47,5147,1,中性盘
1829,11:12:51,51.48,56628,11,买盘
1830,11:12:54,51.47,87498,17,卖盘
1831,11:12:57,51.48,138989,27,买盘
1832,11:13:03,51.47,5147,1,卖盘
1833,11:13:06,51.48,97812,19,买盘
1834,11:13:12,51.48,15444,3,买盘
1835,11:13:15,51.48,51480,10,买盘
1836,11:13:18,51.46,20584,4,卖盘
1837,11:13:21,51.46,10292,2,卖盘
1838,11:13:27,51.46,123518,24,卖盘
1839,11:13:30,51.46,267597,52,卖盘
1840,11:13:33,51.45,185249,36,卖盘
1841,11:13:36,51.46,56602,11,买盘
1842,11:13:39,51.42,601742,117,卖盘
1843,11:13:42,51.42,5142,1,买盘
1844,11:13:45,51.41,25705,5,卖盘
1845,11:13:48,51.42,35992,7,买盘
1846,11:13:51,51.42,113141,22,买盘
1847,11:13:54,51.43,20570,4,中性盘
1848,11:13:57,51.44,30864,6,买盘
1849,11:14:00,51.44,10288,2,买盘
1850,11:14:03,51.45,154350,30,买盘
1851,11:14:06,51.46,221273,43,买盘
1852,11:14:09,51.46,149232,29,买盘
1853,11:14:12,51.46,5146,1,买盘
1854,11:14:15,51.46,128650,25,买盘
1855,11:14:18,51.45,108046,21,卖盘
1856,11:14:21,51.46,20584,4,买盘
1857,11:14:24,51.46,56606,11,买盘
1858,11:14:27,51.45,20582,4,卖盘
1859,11:14:33,51.45,51450,10,卖盘
1860,11:14:36,51.45,370443,72,卖盘
1861,11:14:39,51.45,5145,1,买盘
1862,11:14:45,51.44,5144,1,卖盘
1863,11:14:48,51.44,51441,10,卖盘
1864,11:14:51,51.45,20580,4,买盘
1865,11:14:54,51.44,10288,2,卖盘
1866,11:15:00,51.45,46303,9,买盘
1867,11:15:03,51.44,10288,2,卖盘
1868,11:15:12,51.45,5145,1,买盘
1869,11:15:15,51.44,61736,12,卖盘
1870,11:15:18,51.44,61728,12,卖盘
1871,11:15:21,51.45,128624,25,买盘
1872,11:15:24,51.45,87454,17,买盘
1873,11:15:27,51.45,25724,5,买盘
1874,11:15:30,51.45,30870,6,买盘
1875,11:15:33,51.45,72030,14,买盘
1876,11:15:36,51.44,20578,4,卖盘
1877,11:15:39,51.45,20579,4,买盘
1878,11:15:42,51.45,195510,38,买盘
1879,11:15:45,51.44,66881,13,卖盘
1880,11:15:48,51.45,77175,15,买盘
1881,11:15:51,51.45,41160,8,买盘
1882,11:15:54,51.45,61740,12,买盘
1883,11:15:57,51.44,25724,5,卖盘
1884,11:16:00,51.45,46305,9,买盘
1885,11:16:03,51.45,174927,34,买盘
1886,11:16:06,51.45,66885,13,买盘
1887,11:16:09,51.44,133781,26,卖盘
1888,11:16:12,51.44,534979,104,卖盘
1889,11:16:15,51.44,5144,1,卖盘
1890,11:16:21,51.46,61742,12,买盘
1891,11:16:27,51.44,5144,1,卖盘
1892,11:16:30,51.45,5145,1,买盘
1893,11:16:33,51.45,30865,6,买盘
1894,11:16:36,51.44,10288,2,卖盘
1895,11:16:39,51.44,221193,43,卖盘
1896,11:16:51,51.44,15434,3,卖盘
1897,11:17:00,51.44,30864,6,卖盘
1898,11:17:03,51.45,5145,1,买盘
1899,11:17:09,51.45,5145,1,买盘
1900,11:17:12,51.44,15434,3,卖盘
1901,11:17:15,51.45,30870,6,买盘
1902,11:17:18,51.45,226371,44,买盘
1903,11:17:21,51.46,411551,80,买盘
1904,11:17:24,51.45,36016,7,中性盘
1905,11:17:27,51.45,20582,4,卖盘
1906,11:17:30,51.45,41160,8,中性盘
1907,11:17:33,51.45,46305,9,买盘
1908,11:17:36,51.45,61742,12,买盘
1909,11:17:39,51.46,15436,3,买盘
1910,11:17:42,51.45,87477,17,卖盘
1911,11:17:45,51.46,20584,4,买盘
1912,11:17:48,51.45,77183,15,卖盘
1913,11:17:51,51.45,169786,33,卖盘
1914,11:17:54,51.45,10290,2,中性盘
1915,11:18:03,51.45,10290,2,买盘
1916,11:18:06,51.45,5145,1,买盘
1917,11:18:15,51.45,10290,2,买盘
1918,11:18:18,51.45,144060,28,买盘
1919,11:18:21,51.44,30864,6,卖盘
1920,11:18:24,51.45,102900,20,买盘
1921,11:18:27,51.46,401311,78,买盘
1922,11:18:30,51.45,20581,4,中性盘
1923,11:18:33,51.45,128643,25,卖盘
1924,11:18:36,51.45,77175,15,卖盘
1925,11:18:39,51.45,159502,31,买盘
1926,11:18:42,51.46,267586,52,买盘
1927,11:18:45,51.46,87474,17,买盘
1928,11:18:48,51.46,236716,46,买盘
1929,11:18:51,51.46,36022,7,买盘
1930,11:18:54,51.46,46314,9,买盘
1931,11:18:57,51.45,571202,111,卖盘
1932,11:19:03,51.45,15435,3,卖盘
1933,11:19:06,51.46,72032,14,买盘
1934,11:19:09,51.44,36018,7,卖盘
1935,11:19:12,51.46,622653,121,买盘
1936,11:19:15,51.46,36021,7,买盘
1937,11:19:18,51.46,20584,4,买盘
1938,11:19:21,51.46,25730,5,买盘
1939,11:19:24,51.46,25730,5,买盘
1940,11:19:27,51.44,51448,10,卖盘
1941,11:19:30,51.46,15438,3,买盘
1942,11:19:33,51.44,51440,10,卖盘
1943,11:19:36,51.46,20582,4,买盘
1944,11:19:39,51.46,108064,21,买盘
1945,11:19:45,51.44,210964,41,卖盘
1946,11:19:57,51.45,10291,2,中性盘
1947,11:20:00,51.45,56595,11,卖盘
1948,11:20:03,51.45,5145,1,买盘
1949,11:20:06,51.44,25722,5,卖盘
1950,11:20:09,51.45,15434,3,买盘
1951,11:20:18,51.44,10288,2,卖盘
1952,11:20:21,51.45,51450,10,买盘
1953,11:20:24,51.44,10288,2,卖盘
1954,11:20:30,51.44,5144,1,卖盘
1955,11:20:33,51.44,308698,60,卖盘
1956,11:20:36,51.44,10289,2,卖盘
1957,11:20:39,51.45,20580,4,买盘
1958,11:20:42,51.44,46296,9,卖盘
1959,11:20:51,51.44,5144,1,买盘
1960,11:20:54,51.42,339446,66,卖盘
1961,11:20:57,51.42,113124,22,卖盘
1962,11:21:00,51.44,565824,110,买盘
1963,11:21:06,51.42,10285,2,卖盘
1964,11:21:09,51.43,149147,29,买盘
1965,11:21:12,51.43,36001,7,买盘
1966,11:21:15,51.42,15426,3,卖盘
1967,11:21:18,51.43,102860,20,买盘
1968,11:21:21,51.42,51423,10,卖盘
1969,11:21:27,51.44,92591,18,买盘
1970,11:21:30,51.42,15426,3,卖盘
1971,11:21:33,51.43,10286,2,卖盘
1972,11:21:36,51.42,41148,8,卖盘
1973,11:21:42,51.42,10284,2,买盘
1974,11:21:45,51.41,5141,1,卖盘
1975,11:21:48,51.41,41129,8,卖盘
1976,11:21:51,51.41,138807,27,买盘
1977,11:21:54,51.42,20568,4,买盘
1978,11:22:00,51.42,92556,18,买盘
1979,11:22:03,51.42,10284,2,买盘
1980,11:22:06,51.41,143971,28,卖盘
1981,11:22:09,51.42,128550,25,买盘
1982,11:22:12,51.42,5142,1,卖盘
1983,11:22:15,51.42,15426,3,卖盘
1984,11:22:18,51.43,77145,15,买盘
1985,11:22:21,51.43,10286,2,卖盘
1986,11:22:24,51.42,66847,13,卖盘
1987,11:22:27,51.41,10282,2,卖盘
1988,11:22:30,51.41,10282,2,卖盘
1989,11:22:33,51.4,20563,4,卖盘
1990,11:22:36,51.41,370084,72,中性盘
1991,11:22:39,51.41,30843,6,买盘
1992,11:22:42,51.41,102821,20,买盘
1993,11:22:48,51.42,10284,2,买盘
1994,11:22:54,51.41,20567,4,卖盘
1995,11:23:00,51.41,5141,1,卖盘
1996,11:23:03,51.41,149089,29,卖盘
1997,11:23:12,51.39,10278,2,卖盘
1998,11:23:15,51.39,41112,8,卖盘
1999,11:23:18,51.38,87346,17,卖盘
2000,11:23:21,51.37,15413,3,卖盘
2001,11:23:27,51.37,46233,9,卖盘
2002,11:23:30,51.36,205468,40,卖盘
2003,11:23:33,51.36,5136,1,卖盘
2004,11:23:36,51.36,92448,18,买盘
2005,11:23:39,51.35,15407,3,卖盘
2006,11:23:42,51.36,77040,15,买盘
2007,11:23:45,51.37,25682,5,买盘
2008,11:23:51,51.36,5136,1,卖盘
2009,11:23:54,51.36,46224,9,卖盘
2010,11:24:00,51.37,87329,17,买盘
2011,11:24:03,51.36,46224,9,卖盘
2012,11:24:06,51.35,20540,4,卖盘
2013,11:24:15,51.35,15405,3,卖盘
2014,11:24:24,51.35,107836,21,卖盘
2015,11:24:27,51.35,35950,7,卖盘
2016,11:24:33,51.36,35952,7,买盘
2017,11:24:36,51.36,46224,9,买盘
2018,11:24:39,51.36,10272,2,买盘
2019,11:24:42,51.35,102714,20,卖盘
2020,11:24:48,51.36,61632,12,买盘
2021,11:24:51,51.37,30822,6,买盘
2022,11:24:54,51.36,20544,4,卖盘
2023,11:25:03,51.37,41096,8,买盘
2024,11:25:15,51.37,97596,19,买盘
2025,11:25:18,51.36,20544,4,卖盘
2026,11:25:21,51.37,41096,8,买盘
2027,11:25:24,51.38,15414,3,买盘
2028,11:25:30,51.37,51370,10,卖盘
2029,11:25:33,51.38,102760,20,买盘
2030,11:25:36,51.38,20552,4,买盘
2031,11:25:39,51.38,128449,25,买盘
2032,11:25:42,51.39,61668,12,买盘
2033,11:25:45,51.4,77093,15,买盘
2034,11:25:51,51.4,159310,31,买盘
2035,11:25:54,51.4,97660,19,买盘
2036,11:25:57,51.4,56540,11,买盘
2037,11:26:00,51.39,5139,1,卖盘
2038,11:26:03,51.39,30834,6,卖盘
2039,11:26:06,51.38,10277,2,卖盘
2040,11:26:09,51.38,30828,6,卖盘
2041,11:26:18,51.39,25695,5,买盘
2042,11:26:21,51.4,10280,2,买盘
2043,11:26:27,51.39,20556,4,卖盘
2044,11:26:30,51.4,246720,48,买盘
2045,11:26:33,51.41,97679,19,买盘
2046,11:26:36,51.4,5140,1,卖盘
2047,11:26:39,51.41,46269,9,买盘
2048,11:26:45,51.4,51400,10,卖盘
2049,11:26:51,51.41,5141,1,卖盘
2050,11:26:54,51.42,35994,7,买盘
2051,11:26:57,51.41,164542,32,卖盘
2052,11:27:03,51.41,10282,2,卖盘
2053,11:27:09,51.41,195358,38,卖盘
2054,11:27:12,51.4,15420,3,卖盘
2055,11:27:15,51.4,5140,1,卖盘
2056,11:27:18,51.41,41128,8,买盘
2057,11:27:24,51.41,113102,22,买盘
2058,11:27:27,51.41,15423,3,中性盘
2059,11:27:30,51.41,15423,3,买盘
2060,11:27:33,51.42,87409,17,买盘
2061,11:27:36,51.42,241671,47,买盘
2062,11:27:39,51.42,287962,56,买盘
2063,11:27:42,51.43,25715,5,买盘
2064,11:27:45,51.44,56584,11,买盘
2065,11:27:48,51.44,25720,5,买盘
2066,11:27:51,51.43,5143,1,卖盘
2067,11:27:54,51.43,10286,2,卖盘
2068,11:27:57,51.43,10286,2,卖盘
2069,11:28:00,51.43,51436,10,卖盘
2070,11:28:03,51.43,25715,5,卖盘
2071,11:28:06,51.44,56584,11,买盘
2072,11:28:12,51.43,51430,10,卖盘
2073,11:28:15,51.44,15432,3,买盘
2074,11:28:21,51.44,56582,11,买盘
2075,11:28:24,51.43,41144,8,卖盘
2076,11:28:27,51.43,5143,1,卖盘
2077,11:28:30,51.43,15429,3,卖盘
2078,11:28:36,51.43,10286,2,卖盘
2079,11:28:39,51.44,10287,2,买盘
2080,11:28:48,51.44,5144,1,买盘
2081,11:28:51,51.43,61716,12,卖盘
2082,11:28:54,51.43,30858,6,卖盘
2083,11:28:57,51.43,10286,2,卖盘
2084,11:29:00,51.43,246885,48,卖盘
2085,11:29:03,51.44,159444,31,买盘
2086,11:29:09,51.44,133719,26,买盘
2087,11:29:12,51.43,10286,2,卖盘
2088,11:29:15,51.44,36008,7,买盘
2089,11:29:18,51.43,20572,4,卖盘
2090,11:29:21,51.43,5143,1,买盘
2091,11:29:24,51.42,66846,13,卖盘
2092,11:29:27,51.43,35996,7,买盘
2093,11:29:30,51.42,5142,1,卖盘
2094,11:29:33,51.42,15426,3,卖盘
2095,11:29:36,51.42,92556,18,卖盘
2096,11:29:39,51.43,102860,20,买盘
2097,11:29:42,51.43,72001,14,买盘
2098,11:29:45,51.42,210822,41,卖盘
2099,11:29:48,51.43,36001,7,买盘
2100,11:29:51,51.43,154280,30,买盘
2101,11:29:54,51.42,210830,41,卖盘
2102,11:30:00,51.43,108002,21,买盘
2103,13:00:00,51.44,504067,98,买盘
2104,13:00:03,51.45,2587576,503,买盘
2105,13:00:06,51.43,288089,56,卖盘
2106,13:00:09,51.44,344633,67,买盘
2107,13:00:12,51.46,411665,80,买盘
2108,13:00:15,51.49,5384405,1046,买盘
2109,13:00:18,51.51,7318031,1421,买盘
2110,13:00:21,51.53,149378,29,买盘
2111,13:00:24,51.54,231927,45,买盘
2112,13:00:27,51.54,221644,43,买盘
2113,13:00:30,51.54,237090,46,卖盘
2114,13:00:33,51.55,268050,52,买盘
2115,13:00:36,51.53,87622,17,卖盘
2116,13:00:39,51.53,386616,75,卖盘
2117,13:00:42,51.54,30924,6,中性盘
2118,13:00:45,51.55,159801,31,买盘
2119,13:00:48,51.55,10309,2,买盘
2120,13:00:51,51.54,56703,11,卖盘
2121,13:00:54,51.54,61848,12,买盘
2122,13:00:57,51.54,25770,5,买盘
2123,13:01:00,51.55,195871,38,买盘
2124,13:01:03,51.55,5155,1,买盘
2125,13:01:06,51.53,87608,17,卖盘
2126,13:01:09,51.53,190714,37,卖盘
2127,13:01:12,51.55,206176,40,买盘
2128,13:01:15,51.55,154642,30,买盘
2129,13:01:18,51.54,61856,12,卖盘
2130,13:01:21,51.54,5154,1,卖盘
2131,13:01:24,51.55,113407,22,买盘
2132,13:01:27,51.55,10309,2,买盘
2133,13:01:30,51.55,103097,20,买盘
2134,13:01:33,51.54,20616,4,卖盘
2135,13:01:36,51.55,92790,18,买盘
2136,13:01:39,51.55,46392,9,买盘
2137,13:01:42,51.54,149492,29,卖盘
2138,13:01:45,51.55,46387,9,买盘
2139,13:01:48,51.54,72166,14,卖盘
2140,13:01:51,51.55,51546,10,买盘
2141,13:01:54,51.55,103094,20,买盘
2142,13:02:00,51.55,61859,12,买盘
2143,13:02:06,51.54,170082,33,卖盘
2144,13:02:09,51.54,61848,12,买盘
2145,13:02:12,51.54,20614,4,买盘
2146,13:02:15,51.54,5154,1,买盘
2147,13:02:21,51.53,118524,23,卖盘
2148,13:02:24,51.53,66990,13,卖盘
2149,13:02:27,51.53,463748,90,卖盘
2150,13:02:30,51.54,149447,29,买盘
2151,13:02:33,51.52,5152,1,卖盘
2152,13:02:36,51.52,10304,2,卖盘
2153,13:02:42,51.53,190649,37,买盘
2154,13:02:45,51.53,87599,17,买盘
2155,13:02:48,51.52,30915,6,卖盘
2156,13:02:51,51.53,61832,12,买盘
2157,13:02:54,51.52,25760,5,卖盘
2158,13:02:57,51.52,61833,12,卖盘
2159,13:03:00,51.53,484398,94,买盘
2160,13:03:03,51.53,226731,44,卖盘
2161,13:03:06,51.53,97917,19,卖盘
2162,13:03:09,51.55,726721,141,买盘
2163,13:03:12,51.54,103063,20,中性盘
2164,13:03:18,51.54,5154,1,买盘
2165,13:03:24,51.53,5153,1,卖盘
2166,13:03:27,51.53,92768,18,卖盘
2167,13:03:33,51.54,66992,13,买盘
2168,13:03:36,51.54,5154,1,卖盘
2169,13:03:39,51.54,15462,3,卖盘
2170,13:03:42,51.54,41237,8,卖盘
2171,13:03:45,51.54,170082,33,买盘
2172,13:03:48,51.54,67002,13,买盘
2173,13:03:51,51.53,324652,63,卖盘
2174,13:03:54,51.54,56694,11,买盘
2175,13:04:03,51.54,51540,10,买盘
2176,13:04:09,51.54,118542,23,买盘
2177,13:04:12,51.54,25770,5,卖盘
2178,13:04:15,51.54,10308,2,卖盘
2179,13:04:18,51.54,87625,17,卖盘
2180,13:04:21,51.54,46388,9,卖盘
2181,13:04:24,51.55,15463,3,买盘
2182,13:04:27,51.55,15465,3,买盘
2183,13:04:30,51.55,5155,1,买盘
2184,13:04:33,51.55,159789,31,买盘
2185,13:04:39,51.55,46395,9,买盘
2186,13:04:42,51.55,5155,1,买盘
2187,13:04:45,51.54,195863,38,卖盘
2188,13:04:48,51.54,36078,7,卖盘
2189,13:04:51,51.55,30927,6,买盘
2190,13:04:54,51.55,77324,15,买盘
2191,13:04:57,51.55,56705,11,买盘
2192,13:05:00,51.54,56694,11,卖盘
2193,13:05:03,51.54,56700,11,卖盘
2194,13:05:06,51.55,149490,29,买盘
2195,13:05:09,51.54,195856,38,卖盘
2196,13:05:12,51.54,5154,1,卖盘
2197,13:05:15,51.54,139182,27,卖盘
2198,13:05:27,51.55,10310,2,买盘
2199,13:05:30,51.55,113394,22,买盘
2200,13:05:33,51.54,175265,34,卖盘
2201,13:05:36,51.54,20617,4,卖盘
2202,13:05:42,51.54,20616,4,卖盘
2203,13:05:45,51.55,41236,8,买盘
2204,13:05:48,51.55,108245,21,买盘
2205,13:05:51,51.54,25770,5,卖盘
2206,13:05:54,51.55,30930,6,买盘
2207,13:06:00,51.54,30924,6,卖盘
2208,13:06:03,51.54,520642,101,卖盘
2209,13:06:06,51.54,97943,19,卖盘
2210,13:06:09,51.55,77325,15,买盘
2211,13:06:12,51.55,3325366,645,买盘
2212,13:06:15,51.57,46405,9,买盘
2213,13:06:18,51.57,72197,14,买盘
2214,13:06:21,51.57,103140,20,买盘
2215,13:06:24,51.57,92826,18,买盘
2216,13:06:27,51.57,283655,55,买盘
2217,13:06:30,51.58,56728,11,买盘
2218,13:06:33,51.57,185686,36,中性盘
2219,13:06:36,51.58,25790,5,买盘
2220,13:06:39,51.58,345583,67,买盘
2221,13:06:42,51.58,128950,25,买盘
2222,13:06:45,51.58,288848,56,买盘
2223,13:06:48,51.58,30948,6,买盘
2224,13:06:51,51.58,10316,2,买盘
2225,13:06:54,51.57,391932,76,卖盘
2226,13:06:57,51.56,5156,1,卖盘
2227,13:07:00,51.56,195925,38,卖盘
2228,13:07:03,51.55,72176,14,卖盘
2229,13:07:06,51.55,72183,14,中性盘
2230,13:07:09,51.56,41248,8,中性盘
2231,13:07:15,51.55,139185,27,卖盘
2232,13:07:18,51.56,30936,6,买盘
2233,13:07:21,51.56,67021,13,买盘
2234,13:07:24,51.56,123744,24,买盘
2235,13:07:27,51.56,20624,4,买盘
2236,13:07:30,51.55,180457,35,卖盘
2237,13:07:33,51.57,72189,14,买盘
2238,13:07:36,51.57,56727,11,买盘
2239,13:07:39,51.56,46411,9,卖盘
2240,13:07:42,51.57,77354,15,买盘
2241,13:07:45,51.57,30942,6,买盘
2242,13:07:48,51.56,72194,14,卖盘
2243,13:07:51,51.56,77345,15,卖盘
2244,13:07:54,51.57,5157,1,买盘
2245,13:08:00,51.57,92826,18,买盘
2246,13:08:03,51.57,77353,15,买盘
2247,13:08:06,51.58,72204,14,买盘
2248,13:08:09,51.57,30942,6,卖盘
2249,13:08:12,51.58,30944,6,买盘
2250,13:08:15,51.58,41264,8,买盘
2251,13:08:18,51.57,190844,37,卖盘
2252,13:08:21,51.57,108297,21,卖盘
2253,13:08:24,51.58,15474,3,买盘
2254,13:08:27,51.58,139266,27,买盘
2255,13:08:30,51.58,77363,15,买盘
2256,13:08:33,51.57,46417,9,卖盘
2257,13:08:36,51.57,190836,37,卖盘
2258,13:08:39,51.57,56737,11,卖盘
2259,13:08:42,51.58,72212,14,买盘
2260,13:08:48,51.57,41263,8,卖盘
2261,13:08:51,51.58,10316,2,买盘
2262,13:08:54,51.58,41264,8,买盘
2263,13:08:57,51.57,417717,81,卖盘
2264,13:09:00,51.58,5158,1,买盘
2265,13:09:03,51.58,299160,58,买盘
2266,13:09:06,51.58,61895,12,买盘
2267,13:09:09,51.58,87692,17,买盘
2268,13:09:12,51.59,242466,47,买盘
2269,13:09:18,51.59,92861,18,买盘
2270,13:09:21,51.59,10318,2,买盘
2271,13:09:24,51.58,20632,4,卖盘
2272,13:09:27,51.59,319850,62,买盘
2273,13:09:30,51.59,15477,3,买盘
2274,13:09:33,51.59,20635,4,买盘
2275,13:09:36,51.59,82534,16,买盘
2276,13:09:39,51.59,154770,30,买盘
2277,13:09:42,51.59,72226,14,买盘
2278,13:09:45,51.59,175406,34,买盘
2279,13:09:48,51.59,541595,105,买盘
2280,13:09:51,51.59,56749,11,买盘
2281,13:09:54,51.58,5158,1,卖盘
2282,13:09:57,51.58,5158,1,卖盘
2283,13:10:00,51.59,36113,7,买盘
2284,13:10:03,51.59,5159,1,买盘
2285,13:10:06,51.58,10316,2,卖盘
2286,13:10:09,51.59,87703,17,买盘
2287,13:10:12,51.58,61898,12,卖盘
2288,13:10:18,51.58,366218,71,卖盘
2289,13:10:21,51.58,51580,10,买盘
2290,13:10:24,51.57,5157,1,卖盘
2291,13:10:27,51.57,165054,32,卖盘
2292,13:10:30,51.57,20628,4,卖盘
2293,13:10:33,51.57,41257,8,卖盘
2294,13:10:36,51.57,170188,33,卖盘
2295,13:10:42,51.58,10316,2,买盘
2296,13:10:45,51.57,10314,2,卖盘
2297,13:10:48,51.57,15471,3,卖盘
2298,13:10:51,51.57,67049,13,卖盘
2299,13:10:54,51.58,72208,14,买盘
2300,13:11:03,51.58,67052,13,买盘
2301,13:11:09,51.57,67043,13,卖盘
2302,13:11:12,51.57,20628,4,卖盘
2303,13:11:15,51.56,567266,110,卖盘
2304,13:11:18,51.56,314517,61,卖盘
2305,13:11:21,51.55,10310,2,卖盘
2306,13:11:24,51.55,15467,3,卖盘
2307,13:11:27,51.55,237130,46,卖盘
2308,13:11:30,51.54,30929,6,卖盘
2309,13:11:33,51.54,77323,15,卖盘
2310,13:11:36,51.54,20616,4,中性盘
2311,13:11:39,51.55,221665,43,买盘
2312,13:11:42,51.54,118529,23,卖盘
2313,13:11:48,51.54,20616,4,卖盘
2314,13:11:51,51.55,72157,14,买盘
2315,13:11:54,51.54,10308,2,卖盘
2316,13:11:57,51.54,10308,2,卖盘
2317,13:12:00,51.54,5154,1,卖盘
2318,13:12:03,51.54,10308,2,卖盘
2319,13:12:06,51.54,144312,28,卖盘
2320,13:12:09,51.54,56694,11,买盘
2321,13:12:12,51.53,10306,2,卖盘
2322,13:12:15,51.53,10306,2,卖盘
2323,13:12:21,51.54,36075,7,买盘
2324,13:12:24,51.53,20613,4,卖盘
2325,13:12:27,51.53,51530,10,卖盘
2326,13:12:30,51.53,5153,1,卖盘
2327,13:12:33,51.53,92756,18,卖盘
2328,13:12:36,51.53,5153,1,卖盘
2329,13:12:39,51.53,15459,3,卖盘
2330,13:12:42,51.54,20614,4,买盘
2331,13:12:45,51.54,469013,91,买盘
2332,13:12:48,51.54,201006,39,买盘
2333,13:12:51,51.54,211314,41,买盘
2334,13:12:54,51.54,113405,22,卖盘
2335,13:12:57,51.54,5154,1,卖盘
2336,13:13:00,51.54,149466,29,卖盘
2337,13:13:03,51.55,5155,1,买盘
2338,13:13:06,51.54,407244,79,卖盘
2339,13:13:09,51.56,46404,9,买盘
2340,13:13:12,51.57,10313,2,买盘
2341,13:13:15,51.56,206279,40,卖盘
2342,13:13:18,51.56,211396,41,卖盘
2343,13:13:24,51.56,30941,6,卖盘
2344,13:13:27,51.57,15470,3,买盘
2345,13:13:30,51.57,113450,22,买盘
2346,13:13:33,51.57,25785,5,买盘
2347,13:13:36,51.57,46413,9,买盘
2348,13:13:39,51.57,25785,5,买盘
2349,13:13:42,51.56,15469,3,卖盘
2350,13:13:45,51.58,381619,74,买盘
2351,13:13:48,51.58,67054,13,买盘
2352,13:13:51,51.58,216633,42,买盘
2353,13:13:54,51.58,134108,26,买盘
2354,13:13:57,51.58,159895,31,买盘
2355,13:14:00,51.58,98000,19,买盘
2356,13:14:03,51.58,113487,22,买盘
2357,13:14:06,51.58,5158,1,中性盘
2358,13:14:09,51.59,77385,15,买盘
2359,13:14:12,51.58,46427,9,卖盘
2360,13:14:15,51.57,134116,26,卖盘
2361,13:14:18,51.58,77370,15,买盘
2362,13:14:21,51.58,36106,7,买盘
2363,13:14:24,51.59,448831,87,买盘
2364,13:14:27,51.58,314700,61,卖盘
2365,13:14:30,51.58,134108,26,买盘
2366,13:14:33,51.59,46431,9,买盘
2367,13:14:36,51.59,77390,15,卖盘
2368,13:14:39,51.58,5158,1,买盘
2369,13:14:42,51.57,20628,4,卖盘
2370,13:14:45,51.58,30948,6,买盘
2371,13:14:48,51.58,61895,12,买盘
2372,13:14:51,51.59,134117,26,买盘
2373,13:15:00,51.58,56738,11,买盘
2374,13:15:03,51.59,61908,12,买盘
2375,13:15:06,51.58,10316,2,卖盘
2376,13:15:09,51.59,330182,64,买盘
2377,13:15:12,51.59,98023,19,卖盘
2378,13:15:15,51.6,459229,89,买盘
2379,13:15:18,51.59,61914,12,卖盘
2380,13:15:21,51.6,92877,18,买盘
2381,13:15:24,51.59,41272,8,卖盘
2382,13:15:27,51.59,15479,3,卖盘
2383,13:15:30,51.6,216698,42,买盘
2384,13:15:33,51.59,25795,5,中性盘
2385,13:15:36,51.59,36113,7,买盘
2386,13:15:39,51.59,159922,31,买盘
2387,13:15:42,51.59,82545,16,卖盘
2388,13:15:45,51.59,51590,10,买盘
2389,13:15:48,51.6,196062,38,买盘
2390,13:15:51,51.6,30960,6,买盘
2391,13:15:54,51.59,5159,1,买盘
2392,13:15:57,51.58,15476,3,卖盘
2393,13:16:00,51.58,15474,3,卖盘
2394,13:16:03,51.59,56749,11,买盘
2395,13:16:06,51.59,56749,11,买盘
2396,13:16:09,51.59,46431,9,买盘
2397,13:16:12,51.59,25795,5,卖盘
2398,13:16:15,51.59,20636,4,卖盘
2399,13:16:18,51.59,25795,5,买盘
2400,13:16:21,51.58,144446,28,卖盘
2401,13:16:24,51.59,77385,15,买盘
2402,13:16:27,51.58,10316,2,卖盘
2403,13:16:30,51.59,61908,12,买盘
2404,13:16:36,51.59,92861,18,买盘
2405,13:16:39,51.58,67060,13,卖盘
2406,13:16:42,51.58,108337,21,卖盘
2407,13:16:45,51.58,5158,1,卖盘
2408,13:16:48,51.58,128960,25,卖盘
2409,13:16:51,51.59,128972,25,买盘
2410,13:16:54,51.59,77382,15,买盘
2411,13:17:00,51.58,5158,1,卖盘
2412,13:17:03,51.58,577696,112,卖盘
2413,13:17:06,51.58,242439,47,卖盘
2414,13:17:09,51.58,180530,35,卖盘
2415,13:17:12,51.57,67050,13,卖盘
2416,13:17:15,51.57,489915,95,卖盘
2417,13:17:18,51.58,36102,7,买盘
2418,13:17:27,51.56,10312,2,卖盘
2419,13:17:30,51.57,5157,1,买盘
2420,13:17:33,51.57,5157,1,买盘
2421,13:17:36,51.57,20628,4,买盘
2422,13:17:39,51.57,118620,23,买盘
2423,13:17:42,51.57,15471,3,卖盘
2424,13:17:45,51.57,448740,87,卖盘
2425,13:17:48,51.57,25785,5,卖盘
2426,13:17:51,51.57,5157,1,卖盘
2427,13:17:54,51.58,206320,40,买盘
2428,13:17:57,51.58,103158,20,买盘
2429,13:18:00,51.58,185686,36,买盘
2430,13:18:03,51.58,72212,14,买盘
2431,13:18:06,51.59,1753829,340,买盘
2432,13:18:09,51.59,46431,9,买盘
2433,13:18:12,51.6,82558,16,买盘
2434,13:18:15,51.6,454030,88,买盘
2435,13:18:18,51.59,397319,77,中性盘
2436,13:18:21,51.59,356035,69,卖盘
2437,13:18:24,51.59,36113,7,卖盘
2438,13:18:27,51.59,531447,103,卖盘
2439,13:18:30,51.59,423038,82,买盘
2440,13:18:33,51.6,1140360,221,买盘
2441,13:18:36,51.61,717312,139,买盘
2442,13:18:39,51.6,144494,28,卖盘
2443,13:18:42,51.6,118702,23,卖盘
2444,13:18:45,51.63,1868415,362,买盘
2445,13:18:48,51.63,289132,56,买盘
2446,13:18:51,51.63,227141,44,卖盘
2447,13:18:54,51.64,113588,22,买盘
2448,13:18:57,51.65,144616,28,买盘
2449,13:19:00,51.65,129120,25,买盘
2450,13:19:03,51.64,72296,14,买盘
2451,13:19:06,51.65,382083,74,买盘
2452,13:19:09,51.64,5164,1,中性盘
2453,13:19:12,51.65,108462,21,买盘
2454,13:19:15,51.64,98125,19,卖盘
2455,13:19:18,51.64,61974,12,卖盘
2456,13:19:21,51.64,10328,2,卖盘
2457,13:19:24,51.65,56811,11,买盘
2458,13:19:27,51.64,144604,28,卖盘
2459,13:19:30,51.65,30990,6,买盘
2460,13:19:33,51.65,511336,99,买盘
2461,13:19:36,51.66,454608,88,买盘
2462,13:19:39,51.66,237627,46,买盘
2463,13:19:42,51.66,10332,2,买盘
2464,13:19:45,51.66,196308,38,买盘
2465,13:19:48,51.65,67154,13,卖盘
2466,13:19:51,51.66,25830,5,买盘
2467,13:19:54,51.66,15498,3,买盘
2468,13:19:57,51.66,87821,17,买盘
2469,13:20:00,51.66,20663,4,买盘
2470,13:20:03,51.65,98143,19,卖盘
2471,13:20:06,51.65,15495,3,卖盘
2472,13:20:09,51.65,77486,15,卖盘
2473,13:20:12,51.65,5165,1,卖盘
2474,13:20:15,51.66,134296,26,买盘
2475,13:20:18,51.65,325396,63,卖盘
2476,13:20:21,51.64,5164,1,卖盘
2477,13:20:24,51.64,77468,15,卖盘
2478,13:20:27,51.65,67144,13,买盘
2479,13:20:30,51.64,5164,1,卖盘
2480,13:20:33,51.66,268582,52,买盘
2481,13:20:36,51.65,10330,2,买盘
2482,13:20:39,51.65,253131,49,卖盘
2483,13:20:42,51.65,15496,3,卖盘
2484,13:20:45,51.65,123972,24,卖盘
2485,13:20:48,51.66,387427,75,买盘
2486,13:20:51,51.66,20661,4,买盘
2487,13:20:54,51.65,253085,49,卖盘
2488,13:20:57,51.65,25825,5,卖盘
2489,13:21:00,51.65,98146,19,买盘
2490,13:21:03,51.65,51650,10,买盘
2491,13:21:06,51.65,20660,4,买盘
2492,13:21:09,51.65,108465,21,买盘
2493,13:21:12,51.64,72309,14,卖盘
2494,13:21:15,51.64,258210,50,卖盘
2495,13:21:18,51.65,87805,17,买盘
2496,13:21:21,51.65,20660,4,买盘
2497,13:21:27,51.65,10330,2,买盘
2498,13:21:30,51.65,30989,6,买盘
2499,13:21:33,51.64,36152,7,卖盘
2500,13:21:36,51.65,15494,3,买盘
2501,13:21:45,51.65,113626,22,买盘
2502,13:21:48,51.64,82632,16,卖盘
2503,13:21:51,51.65,10330,2,买盘
2504,13:21:54,51.64,134285,26,卖盘
2505,13:21:57,51.64,154920,30,卖盘
2506,13:22:00,51.64,20656,4,卖盘
2507,13:22:06,51.64,10328,2,卖盘
2508,13:22:09,51.64,345988,67,卖盘
2509,13:22:12,51.64,61978,12,卖盘
2510,13:22:15,51.64,30984,6,卖盘
2511,13:22:18,51.65,72309,14,买盘
2512,13:22:21,51.65,5165,1,买盘
2513,13:22:24,51.64,144593,28,卖盘
2514,13:22:30,51.64,51640,10,卖盘
2515,13:22:33,51.64,5164,1,卖盘
2516,13:22:36,51.64,103280,20,卖盘
2517,13:22:39,51.65,30985,6,买盘
2518,13:22:42,51.64,46476,9,卖盘
2519,13:22:45,51.65,5165,1,买盘
2520,13:22:48,51.65,61980,12,买盘
2521,13:22:51,51.65,247920,48,买盘
2522,13:22:54,51.65,72310,14,买盘
2523,13:22:57,51.65,25825,5,买盘
2524,13:23:00,51.64,10329,2,卖盘
2525,13:23:03,51.64,20656,4,卖盘
2526,13:23:06,51.64,118791,23,卖盘
2527,13:23:09,51.65,56814,11,买盘
2528,13:23:12,51.65,30989,6,买盘
2529,13:23:15,51.64,5164,1,卖盘
2530,13:23:18,51.64,10328,2,卖盘
2531,13:23:21,51.65,232386,45,买盘
2532,13:23:24,51.64,15492,3,卖盘
2533,13:23:30,51.65,5165,1,买盘
2534,13:23:33,51.64,10328,2,卖盘
2535,13:23:36,51.64,5164,1,卖盘
2536,13:23:39,51.64,10329,2,卖盘
2537,13:23:42,51.64,20656,4,卖盘
2538,13:23:45,51.65,170438,33,买盘
2539,13:23:48,51.64,113625,22,卖盘
2540,13:23:51,51.65,129105,25,买盘
2541,13:23:54,51.64,5164,1,卖盘
2542,13:23:57,51.65,10330,2,买盘
2543,13:24:00,51.65,108465,21,买盘
2544,13:24:03,51.64,154938,30,卖盘
2545,13:24:06,51.64,98133,19,卖盘
2546,13:24:09,51.65,82639,16,买盘
2547,13:24:12,51.64,51649,10,卖盘
2548,13:24:15,51.64,30986,6,卖盘
2549,13:24:18,51.65,46485,9,买盘
2550,13:24:21,51.65,15495,3,买盘
2551,13:24:24,51.65,134290,26,买盘
2552,13:24:27,51.65,98135,19,买盘
2553,13:24:30,51.65,30987,6,买盘
2554,13:24:33,51.64,15493,3,卖盘
2555,13:24:36,51.64,30984,6,卖盘
2556,13:24:39,51.65,30989,6,买盘
2557,13:24:42,51.65,278910,54,买盘
2558,13:24:45,51.64,5164,1,卖盘
2559,13:24:48,51.65,77475,15,买盘
2560,13:24:54,51.64,51640,10,卖盘
2561,13:24:57,51.64,10328,2,卖盘
2562,13:25:00,51.65,547389,106,买盘
2563,13:25:03,51.64,46482,9,卖盘
2564,13:25:06,51.64,51640,10,卖盘
2565,13:25:09,51.64,5164,1,卖盘
2566,13:25:12,51.64,30984,6,卖盘
2567,13:25:15,51.64,87793,17,卖盘
2568,13:25:18,51.65,46483,9,买盘
2569,13:25:21,51.65,10330,2,买盘
2570,13:25:24,51.64,61977,12,卖盘
2571,13:25:27,51.64,36148,7,卖盘
2572,13:25:30,51.64,20656,4,卖盘
2573,13:25:33,51.65,144618,28,买盘
2574,13:25:36,51.65,139452,27,买盘
2575,13:25:39,51.64,5164,1,卖盘
2576,13:25:42,51.64,72308,14,卖盘
2577,13:25:45,51.65,10330,2,买盘
2578,13:25:48,51.65,46485,9,买盘
2579,13:25:51,51.64,144613,28,卖盘
2580,13:25:54,51.65,46483,9,买盘
2581,13:25:57,51.64,10328,2,卖盘
2582,13:26:00,51.65,216930,42,买盘
2583,13:26:03,51.65,309900,60,买盘
2584,13:26:06,51.65,118795,23,买盘
2585,13:26:09,51.65,154950,30,买盘
2586,13:26:12,51.65,20660,4,买盘
2587,13:26:15,51.64,56814,11,卖盘
2588,13:26:18,51.65,113630,22,买盘
2589,13:26:21,51.66,1012349,196,买盘
2590,13:26:24,51.65,578537,112,卖盘
2591,13:26:27,51.66,154976,30,买盘
2592,13:26:30,51.65,5165,1,卖盘
2593,13:26:33,51.66,5166,1,买盘
2594,13:26:36,51.65,36156,7,卖盘
2595,13:26:39,51.65,20660,4,卖盘
2596,13:26:42,51.66,67158,13,买盘
2597,13:26:45,51.66,201473,39,买盘
2598,13:26:48,51.66,5166,1,买盘
2599,13:26:51,51.66,36162,7,买盘
2600,13:26:54,51.65,413200,80,卖盘
2601,13:26:57,51.65,36158,7,卖盘
2602,13:27:00,51.65,46491,9,卖盘
2603,13:27:06,51.66,263451,51,买盘
2604,13:27:09,51.66,10332,2,买盘
2605,13:27:12,51.65,165310,32,卖盘
2606,13:27:15,51.66,98154,19,买盘
2607,13:27:18,51.65,61991,12,卖盘
2608,13:27:21,51.66,160146,31,买盘
2609,13:27:24,51.65,681906,132,卖盘
2610,13:27:27,51.66,185975,36,买盘
2611,13:27:30,51.65,25827,5,卖盘
2612,13:27:36,51.66,1152051,223,买盘
2613,13:27:39,51.67,25833,5,买盘
2614,13:27:42,51.69,3205604,620,买盘
2615,13:27:45,51.69,232598,45,买盘
2616,13:27:48,51.69,542745,105,买盘
2617,13:27:51,51.69,175746,34,买盘
2618,13:27:54,51.69,180915,35,买盘
2619,13:27:57,51.69,160244,31,买盘
2620,13:28:00,51.69,129228,25,买盘
2621,13:28:03,51.69,20676,4,买盘
2622,13:28:06,51.7,320493,62,买盘
2623,13:28:09,51.69,62039,12,卖盘
2624,13:28:12,51.7,615230,119,买盘
2625,13:28:15,51.71,444769,86,买盘
2626,13:28:18,51.73,175871,34,买盘
2627,13:28:21,51.72,87933,17,卖盘
2628,13:28:24,51.74,72426,14,买盘
2629,13:28:27,51.74,248335,48,买盘
2630,13:28:30,51.74,279384,54,买盘
2631,13:28:33,51.74,222514,43,卖盘
2632,13:28:36,51.75,155237,30,买盘
2633,13:28:39,51.74,72448,14,卖盘
2634,13:28:42,51.75,351900,68,买盘
2635,13:28:45,51.76,683248,132,买盘
2636,13:28:48,51.77,155303,30,买盘
2637,13:28:51,51.77,62124,12,买盘
2638,13:28:54,51.77,134619,26,买盘
2639,13:28:57,51.78,82843,16,买盘
2640,13:29:00,51.78,10356,2,买盘
2641,13:29:03,51.78,605793,117,买盘
2642,13:29:06,51.77,212273,41,中性盘
2643,13:29:09,51.78,445302,86,买盘
2644,13:29:12,51.76,393319,76,卖盘
2645,13:29:15,51.74,413923,80,卖盘
2646,13:29:18,51.73,87941,17,卖盘
2647,13:29:21,51.71,10344,2,卖盘
2648,13:29:24,51.72,25860,5,买盘
2649,13:29:27,51.71,20684,4,卖盘
2650,13:29:30,51.72,31024,6,买盘
2651,13:29:33,51.7,56870,11,卖盘
2652,13:29:36,51.7,108559,21,中性盘
2653,13:29:39,51.7,485800,94,买盘
2654,13:29:42,51.7,15510,3,买盘
2655,13:29:48,51.65,155027,30,卖盘
2656,13:29:51,51.64,284104,55,卖盘
2657,13:29:57,51.67,5167,1,中性盘
2658,13:30:00,51.68,20670,4,买盘
2659,13:30:03,51.67,36168,7,买盘
2660,13:30:06,51.68,25836,5,买盘
2661,13:30:09,51.69,15505,3,买盘
2662,13:30:12,51.67,124077,24,卖盘
2663,13:30:15,51.66,227376,44,卖盘
2664,13:30:18,51.65,211799,41,卖盘
2665,13:30:21,51.67,129145,25,买盘
2666,13:30:24,51.67,165329,32,买盘
2667,13:30:30,51.64,123924,24,中性盘
2668,13:30:33,51.67,134285,26,买盘
2669,13:30:36,51.62,314947,61,卖盘
2670,13:30:39,51.62,278752,54,买盘
2671,13:30:42,51.64,30979,6,买盘
2672,13:30:45,51.64,15492,3,卖盘
2673,13:30:48,51.63,30988,6,中性盘
2674,13:30:51,51.65,20657,4,买盘
2675,13:30:54,51.62,191004,37,卖盘
2676,13:30:57,51.62,51618,10,买盘
2677,13:31:00,51.61,87756,17,卖盘
2678,13:31:03,51.65,20654,4,买盘
2679,13:31:06,51.65,67139,13,买盘
2680,13:31:09,51.65,20660,4,买盘
2681,13:31:12,51.65,56796,11,买盘
2682,13:31:15,51.65,10330,2,买盘
2683,13:31:18,51.64,30984,6,买盘
2684,13:31:21,51.64,170412,33,买盘
2685,13:31:24,51.65,92954,18,买盘
2686,13:31:27,51.63,72293,14,卖盘
2687,13:31:33,51.65,67145,13,买盘
2688,13:31:36,51.66,36158,7,买盘
2689,13:31:39,51.66,10332,2,卖盘
2690,13:31:42,51.67,56837,11,买盘
2691,13:31:48,51.67,10334,2,买盘
2692,13:31:51,51.67,41335,8,买盘
2693,13:31:54,51.67,93006,18,买盘
2694,13:31:57,51.66,82666,16,卖盘
2695,13:32:03,51.66,36162,7,卖盘
2696,13:32:06,51.65,211771,41,卖盘
2697,13:32:12,51.63,61975,12,卖盘
2698,13:32:21,51.63,170381,33,卖盘
2699,13:32:24,51.63,25815,5,卖盘
2700,13:32:27,51.65,20660,4,买盘
2701,13:32:30,51.63,46467,9,卖盘
2702,13:32:33,51.63,129079,25,卖盘
2703,13:32:36,51.63,5163,1,卖盘
2704,13:32:39,51.63,61951,12,买盘
2705,13:32:48,51.62,572983,111,卖盘
2706,13:32:51,51.61,20646,4,卖盘
2707,13:32:54,51.63,758828,147,买盘
2708,13:33:00,51.63,46469,9,卖盘
2709,13:33:09,51.62,77436,15,买盘
2710,13:33:12,51.62,10324,2,卖盘
2711,13:33:15,51.65,738476,143,买盘
2712,13:33:18,51.62,46466,9,中性盘
2713,13:33:21,51.62,30972,6,卖盘
2714,13:33:24,51.63,46464,9,买盘
2715,13:33:27,51.65,36145,7,买盘
2716,13:33:30,51.62,15489,3,卖盘
2717,13:33:33,51.65,15495,3,买盘
2718,13:33:36,51.62,180670,35,卖盘
2719,13:33:42,51.63,25815,5,卖盘
2720,13:33:51,51.62,10325,2,卖盘
2721,13:33:54,51.63,36139,7,买盘
2722,13:33:57,51.62,36136,7,卖盘
2723,13:34:00,51.62,36140,7,卖盘
2724,13:34:03,51.63,10326,2,买盘
2725,13:34:06,51.64,30982,6,买盘
2726,13:34:09,51.64,20656,4,买盘
2727,13:34:15,51.63,531840,103,卖盘
2728,13:34:18,51.65,41320,8,买盘
2729,13:34:21,51.65,139455,27,买盘
2730,13:34:24,51.65,5165,1,买盘
2731,13:34:27,51.64,30984,6,卖盘
2732,13:34:36,51.66,180792,35,买盘
2733,13:34:39,51.66,134307,26,买盘
2734,13:34:42,51.66,103323,20,买盘
2735,13:34:45,51.66,5166,1,中性盘
2736,13:34:48,51.67,36169,7,买盘
2737,13:34:51,51.67,108513,21,买盘
2738,13:34:54,51.68,222217,43,买盘
2739,13:34:57,51.68,25840,5,买盘
2740,13:35:00,51.68,93019,18,买盘
2741,13:35:03,51.68,51687,10,买盘
2742,13:35:06,51.67,5167,1,卖盘
2743,13:35:09,51.67,20668,4,卖盘
2744,13:35:12,51.68,51677,10,买盘
2745,13:35:15,51.67,5167,1,卖盘
2746,13:35:21,51.67,289353,56,卖盘
2747,13:35:24,51.68,361750,70,买盘
2748,13:35:27,51.68,51675,10,买盘
2749,13:35:30,51.67,20667,4,中性盘
2750,13:35:36,51.67,20668,4,买盘
2751,13:35:39,51.67,87842,17,买盘
2752,13:35:42,51.67,20668,4,卖盘
2753,13:35:45,51.68,51674,10,买盘
2754,13:35:48,51.68,15504,3,买盘
2755,13:35:54,51.67,108507,21,卖盘
2756,13:35:57,51.66,87822,17,卖盘
2757,13:36:00,51.67,5167,1,中性盘
2758,13:36:03,51.65,253130,49,卖盘
2759,13:36:09,51.65,5165,1,卖盘
2760,13:36:15,51.65,10330,2,卖盘
2761,13:36:18,51.64,315055,61,卖盘
2762,13:36:21,51.65,25828,5,中性盘
2763,13:36:24,51.67,77479,15,买盘
2764,13:36:30,51.65,129125,25,卖盘
2765,13:36:33,51.64,30994,6,卖盘
2766,13:36:39,51.65,5165,1,买盘
2767,13:36:48,51.65,30990,6,买盘
2768,13:37:00,51.65,25825,5,买盘
2769,13:37:03,51.65,25825,5,买盘
2770,13:37:06,51.65,20660,4,买盘
2771,13:37:09,51.65,5165,1,买盘
2772,13:37:21,51.65,56808,11,买盘
2773,13:37:27,51.64,232385,45,卖盘
2774,13:37:30,51.64,5164,1,买盘
2775,13:37:33,51.63,5163,1,卖盘
2776,13:37:39,51.64,20654,4,买盘
2777,13:37:48,51.63,20652,4,卖盘
2778,13:37:51,51.63,154914,30,卖盘
2779,13:37:57,51.64,160074,31,买盘
2780,13:38:00,51.64,51640,10,买盘
2781,13:38:03,51.64,82624,16,买盘
2782,13:38:06,51.64,160084,31,买盘
2783,13:38:09,51.65,325385,63,买盘
2784,13:38:12,51.64,92964,18,卖盘
2785,13:38:15,51.65,103300,20,买盘
2786,13:38:18,51.66,46489,9,买盘
2787,13:38:27,51.65,10330,2,卖盘
2788,13:38:30,51.65,46485,9,卖盘
2789,13:38:33,51.66,10332,2,买盘
2790,13:38:39,51.66,10332,2,买盘
2791,13:38:45,51.65,15495,3,卖盘
2792,13:38:48,51.65,5165,1,卖盘
2793,13:38:54,51.65,5165,1,卖盘
2794,13:39:00,51.65,108467,21,卖盘
2795,13:39:03,51.65,56815,11,卖盘
2796,13:39:06,51.65,51650,10,买盘
2797,13:39:12,51.64,10328,2,卖盘
2798,13:39:18,51.64,10328,2,卖盘
2799,13:39:21,51.64,5164,1,卖盘
2800,13:39:24,51.64,15492,3,卖盘
2801,13:39:27,51.65,10330,2,买盘
2802,13:39:30,51.64,5164,1,卖盘
2803,13:39:36,51.64,36148,7,卖盘
2804,13:39:39,51.65,5165,1,买盘
2805,13:39:42,51.64,30988,6,卖盘
2806,13:39:45,51.64,5164,1,卖盘
2807,13:39:48,51.64,20656,4,卖盘
2808,13:39:51,51.64,15494,3,卖盘
2809,13:39:54,51.65,46480,9,买盘
2810,13:39:57,51.65,10330,2,买盘
2811,13:40:00,51.64,5164,1,卖盘
2812,13:40:03,51.64,25820,5,卖盘
2813,13:40:06,51.64,154920,30,卖盘
2814,13:40:12,51.64,247915,48,卖盘
2815,13:40:15,51.64,36148,7,卖盘
2816,13:40:18,51.65,5165,1,买盘
2817,13:40:21,51.65,5165,1,买盘
2818,13:40:27,51.65,25825,5,买盘
2819,13:40:30,51.64,82624,16,卖盘
2820,13:40:33,51.64,36148,7,卖盘
2821,13:40:36,51.64,67132,13,卖盘
2822,13:40:39,51.65,154950,30,买盘
2823,13:40:42,51.65,5165,1,买盘
2824,13:40:45,51.65,72309,14,买盘
2825,13:40:48,51.65,56812,11,买盘
2826,13:40:51,51.65,82636,16,买盘
2827,13:40:54,51.65,46484,9,买盘
2828,13:40:57,51.65,87805,17,买盘
2829,13:41:00,51.65,242759,47,买盘
2830,13:41:03,51.66,418430,81,买盘
2831,13:41:06,51.66,77490,15,买盘
2832,13:41:09,51.66,15500,3,卖盘
2833,13:41:12,51.67,5167,1,买盘
2834,13:41:15,51.66,10332,2,卖盘
2835,13:41:18,51.67,191179,37,买盘
2836,13:41:21,51.68,51679,10,买盘
2837,13:41:24,51.67,5167,1,卖盘
2838,13:41:27,51.68,5168,1,买盘
2839,13:41:30,51.68,82688,16,买盘
2840,13:41:33,51.67,20668,4,卖盘
2841,13:41:36,51.67,5167,1,卖盘
2842,13:41:39,51.67,51670,10,买盘
2843,13:41:42,51.67,72338,14,买盘
2844,13:41:45,51.66,25834,5,卖盘
2845,13:41:57,51.66,72328,14,卖盘
2846,13:42:00,51.66,10332,2,卖盘
2847,13:42:03,51.66,30996,6,买盘
2848,13:42:06,51.66,30992,6,买盘
2849,13:42:09,51.65,118795,23,卖盘
2850,13:42:12,51.65,867515,168,买盘
2851,13:42:15,51.62,505945,98,卖盘
2852,13:42:18,51.61,1264623,245,卖盘
2853,13:42:21,51.61,41288,8,卖盘
2854,13:42:24,51.6,170310,33,卖盘
2855,13:42:30,51.6,5160,1,卖盘
2856,13:42:33,51.6,51600,10,卖盘
2857,13:42:36,51.6,67085,13,卖盘
2858,13:42:39,51.61,25801,5,买盘
2859,13:42:42,51.6,5160,1,卖盘
2860,13:42:45,51.6,25800,5,卖盘
2861,13:42:48,51.6,221880,43,卖盘
2862,13:42:51,51.59,882359,171,卖盘
2863,13:42:54,51.6,15478,3,买盘
2864,13:42:57,51.59,51590,10,卖盘
2865,13:43:00,51.59,46432,9,卖盘
2866,13:43:03,51.59,36113,7,卖盘
2867,13:43:06,51.59,36113,7,卖盘
2868,13:43:09,51.59,5159,1,买盘
2869,13:43:12,51.58,144449,28,卖盘
2870,13:43:15,51.56,15470,3,卖盘
2871,13:43:18,51.58,30948,6,中性盘
2872,13:43:21,51.57,25785,5,卖盘
2873,13:43:24,51.56,51568,10,卖盘
2874,13:43:27,51.56,5156,1,卖盘
2875,13:43:30,51.56,30936,6,卖盘
2876,13:43:33,51.56,232020,45,卖盘
2877,13:43:36,51.55,30930,6,卖盘
2878,13:43:39,51.55,67015,13,卖盘
2879,13:43:42,51.55,82483,16,卖盘
2880,13:43:45,51.55,51550,10,买盘
2881,13:43:48,51.54,5154,1,卖盘
2882,13:43:51,51.55,56699,11,买盘
2883,13:43:54,51.54,164928,32,卖盘
2884,13:43:57,51.53,252544,49,卖盘
2885,13:44:00,51.52,41216,8,卖盘
2886,13:44:03,51.52,36065,7,卖盘
2887,13:44:06,51.52,30912,6,卖盘
2888,13:44:09,51.52,77280,15,卖盘
2889,13:44:12,51.52,82432,16,卖盘
2890,13:44:18,51.52,185482,36,卖盘
2891,13:44:21,51.52,36063,7,卖盘
2892,13:44:24,51.53,231841,45,买盘
2893,13:44:27,51.52,36064,7,卖盘
2894,13:44:30,51.52,494593,96,卖盘
2895,13:44:33,51.52,51520,10,买盘
2896,13:44:36,51.51,20604,4,卖盘
2897,13:44:39,51.51,51519,10,卖盘
2898,13:44:42,51.52,15454,3,买盘
2899,13:44:45,51.52,46368,9,买盘
2900,13:44:48,51.51,169983,33,卖盘
2901,13:44:51,51.51,5151,1,卖盘
2902,13:44:54,51.51,87571,17,卖盘
2903,13:44:57,51.51,164829,32,卖盘
2904,13:45:00,51.5,15451,3,卖盘
2905,13:45:03,51.51,5151,1,买盘
2906,13:45:06,51.5,92700,18,卖盘
2907,13:45:09,51.5,30901,6,卖盘
2908,13:45:12,51.5,262650,51,卖盘
2909,13:45:15,51.5,205998,40,卖盘
2910,13:45:21,51.47,25735,5,卖盘
2911,13:45:24,51.5,41200,8,买盘
2912,13:45:27,51.46,72056,14,卖盘
2913,13:45:30,51.47,56617,11,买盘
2914,13:45:33,51.47,25734,5,卖盘
2915,13:45:36,51.47,20586,4,买盘
2916,13:45:39,51.46,144088,28,卖盘
2917,13:45:42,51.46,5146,1,买盘
2918,13:45:45,51.45,36016,7,卖盘
2919,13:45:48,51.45,15435,3,卖盘
2920,13:45:51,51.45,128635,25,卖盘
2921,13:45:54,51.45,457938,89,卖盘
2922,13:45:57,51.46,169810,33,买盘
2923,13:46:00,51.46,180080,35,买盘
2924,13:46:03,51.46,30874,6,买盘
2925,13:46:06,51.45,164645,32,卖盘
2926,13:46:09,51.46,61742,12,买盘
2927,13:46:12,51.45,20583,4,卖盘
2928,13:46:15,51.45,15436,3,卖盘
2929,13:46:18,51.46,46315,9,买盘
2930,13:46:21,51.46,41165,8,买盘
2931,13:46:24,51.45,25729,5,卖盘
2932,13:46:27,51.45,30870,6,卖盘
2933,13:46:30,51.46,82336,16,买盘
2934,13:46:33,51.45,205833,40,卖盘
2935,13:46:36,51.47,370532,72,买盘
2936,13:46:39,51.47,30882,6,买盘
2937,13:46:42,51.47,97783,19,买盘
2938,13:46:45,51.48,102943,20,买盘
2939,13:46:48,51.48,5148,1,买盘
2940,13:46:51,51.48,5148,1,买盘
2941,13:46:54,51.48,20592,4,买盘
2942,13:46:57,51.48,72085,14,卖盘
2943,13:47:06,51.5,118447,23,买盘
2944,13:47:09,51.5,221450,43,买盘
2945,13:47:12,51.5,5150,1,卖盘
2946,13:47:15,51.51,113318,22,买盘
2947,13:47:18,51.51,30906,6,买盘
2948,13:47:21,51.52,15456,3,买盘
2949,13:47:24,51.53,72129,14,买盘
2950,13:47:27,51.53,25761,5,买盘
2951,13:47:30,51.52,30914,6,卖盘
2952,13:47:33,51.53,66989,13,买盘
2953,13:47:36,51.52,41219,8,卖盘
2954,13:47:42,51.53,175201,34,买盘
2955,13:47:45,51.54,36078,7,买盘
2956,13:47:48,51.55,20618,4,买盘
2957,13:47:51,51.55,30930,6,买盘
2958,13:47:54,51.55,51550,10,买盘
2959,13:47:57,51.55,25775,5,买盘
2960,13:48:00,51.55,5155,1,卖盘
2961,13:48:03,51.55,134028,26,卖盘
2962,13:48:06,51.56,51552,10,买盘
2963,13:48:09,51.58,82516,16,买盘
2964,13:48:12,51.54,30929,6,卖盘
2965,13:48:15,51.58,15473,3,买盘
2966,13:48:21,51.57,5157,1,买盘
2967,13:48:24,51.55,36085,7,卖盘
2968,13:48:27,51.56,51554,10,买盘
2969,13:48:30,51.55,46395,9,买盘
2970,13:48:33,51.55,15465,3,买盘
2971,13:48:36,51.55,25775,5,买盘
2972,13:48:39,51.56,20621,4,买盘
2973,13:48:42,51.54,77320,15,卖盘
2974,13:48:45,51.54,36079,7,卖盘
2975,13:48:51,51.54,134004,26,卖盘
2976,13:48:57,51.53,185510,36,卖盘
2977,13:49:00,51.55,51550,10,买盘
2978,13:49:03,51.54,25770,5,中性盘
2979,13:49:06,51.54,41232,8,买盘
2980,13:49:09,51.54,20617,4,买盘
2981,13:49:12,51.54,36078,7,买盘
2982,13:49:15,51.55,30925,6,买盘
2983,13:49:18,51.55,10310,2,买盘
2984,13:49:24,51.55,30929,6,买盘
2985,13:49:30,51.54,103085,20,卖盘
2986,13:49:33,51.54,10309,2,卖盘
2987,13:49:39,51.53,20616,4,卖盘
2988,13:49:42,51.53,103060,20,卖盘
2989,13:49:48,51.52,15459,3,卖盘
2990,13:49:51,51.52,231840,45,卖盘
2991,13:49:54,51.52,10304,2,买盘
2992,13:49:57,51.51,10303,2,卖盘
2993,13:50:00,51.52,15456,3,买盘
2994,13:50:03,51.51,103025,20,卖盘
2995,13:50:06,51.52,5152,1,买盘
2996,13:50:09,51.52,226655,44,买盘
2997,13:50:15,51.51,46359,9,卖盘
2998,13:50:18,51.5,334763,65,卖盘
2999,13:50:21,51.49,10298,2,卖盘
3000,13:50:27,51.49,30890,6,买盘
3001,13:50:30,51.48,41184,8,卖盘
3002,13:50:33,51.48,272852,53,卖盘
3003,13:50:39,51.47,10294,2,卖盘
3004,13:50:42,51.48,20592,4,买盘
3005,13:50:45,51.47,41176,8,卖盘
3006,13:50:48,51.48,149279,29,买盘
3007,13:50:51,51.48,56627,11,买盘
3008,13:50:54,51.48,10296,2,卖盘
3009,13:50:57,51.48,25740,5,卖盘
3010,13:51:00,51.48,5148,1,卖盘
3011,13:51:06,51.47,92663,18,卖盘
3012,13:51:09,51.48,20589,4,买盘
3013,13:51:12,51.48,190476,37,买盘
3014,13:51:15,51.47,25735,5,卖盘
3015,13:51:21,51.46,169849,33,卖盘
3016,13:51:24,51.46,41168,8,卖盘
3017,13:51:27,51.47,118376,23,买盘
3018,13:51:30,51.46,51460,10,卖盘
3019,13:51:33,51.46,200691,39,卖盘
3020,13:51:36,51.46,10292,2,买盘
3021,13:51:39,51.45,180109,35,卖盘
3022,13:51:42,51.45,20582,4,卖盘
3023,13:51:48,51.47,447706,87,买盘
3024,13:51:51,51.47,313952,61,买盘
3025,13:51:54,51.46,5146,1,中性盘
3026,13:51:57,51.47,123523,24,买盘
3027,13:52:00,51.47,25735,5,卖盘
3028,13:52:03,51.46,46322,9,卖盘
3029,13:52:06,51.47,10294,2,中性盘
3030,13:52:12,51.48,10296,2,买盘
3031,13:52:21,51.48,5148,1,买盘
3032,13:52:24,51.47,51470,10,卖盘
3033,13:52:30,51.47,66911,13,卖盘
3034,13:52:33,51.47,61764,12,卖盘
3035,13:52:36,51.47,15441,3,卖盘
3036,13:52:39,51.48,102960,20,买盘
3037,13:52:42,51.48,5148,1,买盘
3038,13:52:45,51.48,30888,6,买盘
3039,13:52:48,51.48,30888,6,买盘
3040,13:52:51,51.47,5147,1,卖盘
3041,13:52:54,51.47,10295,2,卖盘
3042,13:52:57,51.48,5148,1,买盘
3043,13:53:00,51.48,5148,1,买盘
3044,13:53:06,51.47,82357,16,卖盘
3045,13:53:09,51.47,25735,5,卖盘
3046,13:53:21,51.47,5147,1,卖盘
3047,13:53:24,51.47,46323,9,卖盘
3048,13:53:27,51.47,30882,6,买盘
3049,13:53:30,51.47,5147,1,买盘
3050,13:53:33,51.47,108086,21,买盘
3051,13:53:36,51.46,5146,1,卖盘
3052,13:53:39,51.46,77192,15,卖盘
3053,13:53:42,51.46,51460,10,卖盘
3054,13:53:45,51.47,5147,1,买盘
3055,13:53:51,51.47,15439,3,买盘
3056,13:53:54,51.47,36028,7,买盘
3057,13:53:57,51.47,5147,1,买盘
3058,13:54:00,51.47,87499,17,买盘
3059,13:54:03,51.46,61753,12,卖盘
3060,13:54:06,51.47,5147,1,中性盘
3061,13:54:09,51.47,25735,5,卖盘
3062,13:54:12,51.47,56611,11,卖盘
3063,13:54:15,51.48,20589,4,买盘
3064,13:54:18,51.48,5148,1,买盘
3065,13:54:21,51.48,5148,1,买盘
3066,13:54:36,51.48,51480,10,买盘
3067,13:54:39,51.48,154440,30,买盘
3068,13:54:42,51.48,324324,63,买盘
3069,13:54:45,51.5,118429,23,买盘
3070,13:54:48,51.5,10300,2,买盘
3071,13:54:51,51.5,10300,2,买盘
3072,13:54:54,51.5,5150,1,买盘
3073,13:54:57,51.5,5150,1,买盘
3074,13:55:00,51.5,309000,60,买盘
3075,13:55:03,51.5,123600,24,买盘
3076,13:55:06,51.5,15450,3,买盘
3077,13:55:09,51.5,72100,14,买盘
3078,13:55:12,51.5,97850,19,买盘
3079,13:55:18,51.51,5151,1,买盘
3080,13:55:27,51.51,25755,5,买盘
3081,13:55:36,51.5,236903,46,卖盘
3082,13:55:39,51.51,77263,15,买盘
3083,13:55:42,51.51,66962,13,卖盘
3084,13:55:45,51.51,36057,7,买盘
3085,13:55:48,51.51,123621,24,买盘
3086,13:55:57,51.49,25747,5,卖盘
3087,13:56:06,51.49,149324,29,卖盘
3088,13:56:09,51.51,154527,30,买盘
3089,13:56:15,51.5,5150,1,中性盘
3090,13:56:18,51.5,10300,2,卖盘
3091,13:56:21,51.49,77242,15,卖盘
3092,13:56:24,51.49,118427,23,卖盘
3093,13:56:27,51.49,15447,3,卖盘
3094,13:56:30,51.48,211102,41,卖盘
3095,13:56:33,51.48,41184,8,卖盘
3096,13:56:36,51.48,51481,10,卖盘
3097,13:56:42,51.48,30888,6,卖盘
3098,13:56:45,51.48,25740,5,卖盘
3099,13:56:48,51.48,51480,10,卖盘
3100,13:56:51,51.48,10296,2,卖盘
3101,13:56:54,51.48,51481,10,卖盘
3102,13:56:57,51.48,10296,2,卖盘
3103,13:57:03,51.48,56628,11,卖盘
3104,13:57:06,51.48,231660,45,卖盘
3105,13:57:09,51.47,10294,2,卖盘
3106,13:57:12,51.48,5148,1,买盘
3107,13:57:15,51.47,41177,8,卖盘
3108,13:57:18,51.47,20588,4,卖盘
3109,13:57:21,51.47,51470,10,卖盘
3110,13:57:24,51.46,169850,33,卖盘
3111,13:57:27,51.47,36029,7,买盘
3112,13:57:33,51.47,25735,5,卖盘
3113,13:57:36,51.47,36029,7,卖盘
3114,13:57:39,51.47,61764,12,卖盘
3115,13:57:42,51.47,15441,3,卖盘
3116,13:57:45,51.46,339636,66,卖盘
3117,13:57:48,51.47,10294,2,中性盘
3118,13:57:54,51.46,5146,1,卖盘
3119,13:57:57,51.46,15438,3,卖盘
3120,13:58:00,51.46,5146,1,卖盘
3121,13:58:03,51.46,102920,20,卖盘
3122,13:58:06,51.46,185255,36,卖盘
3123,13:58:09,51.46,5146,1,买盘
3124,13:58:12,51.45,36015,7,卖盘
3125,13:58:15,51.45,632835,123,卖盘
3126,13:58:18,51.45,190331,37,买盘
3127,13:58:21,51.45,77162,15,买盘
3128,13:58:24,51.45,108026,21,买盘
3129,13:58:27,51.44,5144,1,卖盘
3130,13:58:30,51.45,10289,2,买盘
3131,13:58:33,51.44,5144,1,卖盘
3132,13:58:36,51.44,30865,6,卖盘
3133,13:58:39,51.44,349792,68,卖盘
3134,13:58:42,51.44,82304,16,卖盘
3135,13:58:45,51.44,118312,23,卖盘
3136,13:58:48,51.45,5145,1,买盘
3137,13:58:51,51.44,20577,4,卖盘
3138,13:58:57,51.44,92592,18,卖盘
3139,13:59:00,51.43,46287,9,卖盘
3140,13:59:03,51.44,318857,62,买盘
3141,13:59:06,51.42,10284,2,卖盘
3142,13:59:09,51.42,30852,6,卖盘
3143,13:59:12,51.43,308579,60,买盘
3144,13:59:15,51.41,164566,32,卖盘
3145,13:59:18,51.44,324049,63,买盘
3146,13:59:21,51.44,72016,14,卖盘
3147,13:59:24,51.44,56584,11,卖盘
3148,13:59:27,51.44,46296,9,卖盘
3149,13:59:30,51.44,15432,3,卖盘
3150,13:59:33,51.44,41152,8,卖盘
3151,13:59:36,51.44,10288,2,卖盘
3152,13:59:39,51.44,15432,3,买盘
3153,13:59:45,51.43,41147,8,卖盘
3154,13:59:48,51.44,46295,9,买盘
3155,13:59:51,51.44,20574,4,买盘
3156,13:59:57,51.44,20576,4,买盘
3157,14:00:00,51.44,10287,2,买盘
3158,14:00:06,51.44,66872,13,买盘
3159,14:00:09,51.43,72017,14,卖盘
3160,14:00:12,51.41,257124,50,卖盘
3161,14:00:15,51.43,72009,14,中性盘
3162,14:00:18,51.43,36001,7,卖盘
3163,14:00:21,51.42,20568,4,卖盘
3164,14:00:24,51.42,51422,10,卖盘
3165,14:00:30,51.42,20568,4,卖盘
3166,14:00:33,51.42,10284,2,卖盘
3167,14:00:36,51.43,35995,7,买盘
3168,14:00:39,51.43,159433,31,买盘
3169,14:00:42,51.42,113141,22,卖盘
3170,14:00:45,51.42,452581,88,卖盘
3171,14:00:48,51.44,108022,21,买盘
3172,14:00:51,51.44,252056,49,买盘
3173,14:01:00,51.44,123457,24,卖盘
3174,14:01:06,51.45,10290,2,买盘
3175,14:01:09,51.45,169773,33,买盘
3176,14:01:12,51.45,25725,5,买盘
3177,14:01:15,51.45,77165,15,买盘
3178,14:01:18,51.45,339563,66,买盘
3179,14:01:21,51.44,138889,27,卖盘
3180,14:01:24,51.45,5145,1,买盘
