,成交时间,成交价格,成交金额,成交量,性质
0,09:25:00,50.65,1519500,300,买盘
1,09:30:00,50.65,65836,13,买盘
2,09:30:03,50.68,582727,115,买盘
3,09:30:06,50.65,511575,101,卖盘
4,09:30:09,50.64,379754,75,卖盘
5,09:30:12,50.61,303623,60,卖盘
6,09:30:15,50.58,657684,130,卖盘
7,09:30:18,50.56,121368,24,卖盘
8,09:30:21,50.56,15167,3,买盘
9,09:30:24,50.59,364086,72,买盘
10,09:30:27,50.6,15176,3,买盘
11,09:30:30,50.59,121447,24,中性盘
12,09:30:33,50.61,50618,10,卖盘
13,09:30:36,50.6,156867,31,卖盘
14,09:30:39,50.6,15182,3,卖盘
15,09:30:42,50.6,65782,13,卖盘
16,09:30:45,50.64,445417,88,买盘
17,09:30:48,50.61,5061,1,卖盘
18,09:30:51,50.62,354561,70,中性盘
19,09:30:54,50.62,25310,5,卖盘
20,09:30:57,50.64,30378,6,买盘
21,09:31:00,50.63,116486,23,中性盘
22,09:31:03,50.58,460662,91,卖盘
23,09:31:06,50.56,60726,12,卖盘
24,09:31:09,50.56,10112,2,卖盘
25,09:31:12,50.57,20229,4,中性盘
26,09:31:15,50.56,70785,14,卖盘
27,09:31:18,50.56,434827,86,卖盘
28,09:31:21,50.56,20224,4,中性盘
29,09:31:24,50.57,192193,38,买盘
30,09:31:27,50.61,35419,7,买盘
31,09:31:30,50.59,91080,18,卖盘
32,09:31:33,50.57,10115,2,卖盘
33,09:31:36,50.53,35393,7,卖盘
34,09:31:39,50.53,15159,3,卖盘
35,09:31:42,50.52,90944,18,卖盘
36,09:31:45,50.52,20210,4,卖盘
37,09:31:48,50.52,65677,13,卖盘
38,09:31:51,50.53,868832,172,买盘
39,09:31:54,50.5,55594,11,卖盘
40,09:31:57,50.52,45478,9,中性盘
41,09:32:00,50.5,141402,28,卖盘
42,09:32:03,50.52,30304,6,买盘
43,09:32:06,50.5,35350,7,卖盘
44,09:32:09,50.53,257598,51,买盘
45,09:32:12,50.5,131343,26,卖盘
46,09:32:15,50.5,55550,11,卖盘
47,09:32:18,50.54,65682,13,买盘
48,09:32:21,50.53,35367,7,卖盘
49,09:32:24,50.54,20216,4,买盘
50,09:32:27,50.51,10105,2,卖盘
51,09:32:30,50.52,20209,4,中性盘
52,09:32:36,50.51,60621,12,卖盘
53,09:32:39,50.51,5051,1,卖盘
54,09:32:42,50.51,40409,8,卖盘
55,09:32:45,50.51,40408,8,中性盘
56,09:32:48,50.5,25250,5,卖盘
57,09:32:51,50.51,45452,9,买盘
58,09:32:54,50.51,101006,20,买盘
59,09:32:57,50.51,50505,10,买盘
60,09:33:00,50.51,80804,16,买盘
61,09:33:03,50.49,35346,7,卖盘
62,09:33:06,50.48,262539,52,卖盘
63,09:33:09,50.46,30283,6,卖盘
64,09:33:12,50.47,20186,4,中性盘
65,09:33:15,50.46,136242,27,卖盘
66,09:33:18,50.45,116056,23,卖盘
67,09:33:21,50.48,20186,4,买盘
68,09:33:24,50.46,30272,6,中性盘
69,09:33:27,50.45,40366,8,卖盘
70,09:33:30,50.46,161469,32,买盘
71,09:33:33,50.42,166447,33,卖盘
72,09:33:39,50.44,5044,1,卖盘
73,09:33:45,50.44,65571,13,买盘
74,09:33:48,50.42,40335,8,卖盘
75,09:33:51,50.42,20168,4,卖盘
76,09:33:54,50.41,60492,12,卖盘
77,09:33:57,50.41,216729,43,买盘
78,09:34:00,50.39,55437,11,卖盘
79,09:34:03,50.4,65516,13,中性盘
80,09:34:06,50.39,85674,17,卖盘
81,09:34:09,50.39,327629,65,买盘
82,09:34:12,50.39,151172,30,卖盘
83,09:34:15,50.4,50397,10,中性盘
84,09:34:18,50.41,45359,9,买盘
85,09:34:21,50.4,10080,2,卖盘
86,09:34:24,50.41,80656,16,买盘
87,09:34:27,50.43,277277,55,买盘
88,09:34:30,50.41,166352,33,卖盘
89,09:34:33,50.42,146190,29,买盘
90,09:34:36,50.41,15123,3,卖盘
91,09:34:39,50.41,120980,24,卖盘
92,09:34:42,50.4,156261,31,卖盘
93,09:34:45,50.42,35287,7,买盘
94,09:34:48,50.41,10081,2,中性盘
95,09:34:51,50.42,20168,4,买盘
96,09:34:54,50.41,35292,7,卖盘
97,09:34:57,50.42,50416,10,买盘
98,09:35:00,50.44,80689,16,买盘
99,09:35:03,50.44,15132,3,卖盘
100,09:35:06,50.44,65582,13,卖盘
101,09:35:09,50.45,131164,26,买盘
102,09:35:12,50.45,55495,11,卖盘
103,09:35:15,50.45,30270,6,卖盘
104,09:35:18,50.44,136217,27,卖盘
105,09:35:21,50.46,100910,20,买盘
106,09:35:30,50.45,156389,31,买盘
107,09:35:33,50.42,45386,9,卖盘
108,09:35:36,50.44,100880,20,买盘
109,09:35:39,50.45,131145,26,买盘
110,09:35:42,50.44,297588,59,买盘
111,09:35:45,50.45,40360,8,买盘
112,09:35:48,50.44,262295,52,卖盘
113,09:35:54,50.45,10091,2,卖盘
114,09:35:57,50.44,519642,103,卖盘
115,09:36:00,50.46,237162,47,买盘
116,09:36:03,50.47,216970,43,买盘
117,09:36:06,50.47,10094,2,卖盘
118,09:36:12,50.48,15143,3,买盘
119,09:36:15,50.46,45422,9,卖盘
120,09:36:18,50.45,60556,12,卖盘
121,09:36:21,50.47,70640,14,买盘
122,09:36:24,50.43,40352,8,卖盘
123,09:36:27,50.43,35304,7,卖盘
124,09:36:30,50.43,115990,23,卖盘
125,09:36:33,50.42,90761,18,卖盘
126,09:36:36,50.43,80675,16,买盘
127,09:36:39,50.42,40336,8,卖盘
128,09:36:42,50.42,50420,10,买盘
129,09:36:45,50.42,55462,11,买盘
130,09:36:48,50.41,50411,10,卖盘
131,09:36:51,50.42,201643,40,买盘
132,09:36:54,50.41,110885,22,买盘
133,09:37:00,50.41,131061,26,买盘
134,09:37:03,50.41,60487,12,买盘
135,09:37:06,50.4,25202,5,卖盘
136,09:37:09,50.4,25204,5,卖盘
137,09:37:12,50.41,40328,8,买盘
138,09:37:15,50.45,257188,51,买盘
139,09:37:18,50.45,105934,21,买盘
140,09:37:21,50.44,171499,34,卖盘
141,09:37:24,50.42,25217,5,卖盘
142,09:37:27,50.44,30256,6,中性盘
143,09:37:30,50.42,35307,7,卖盘
144,09:37:33,50.45,55476,11,买盘
145,09:37:36,50.42,45385,9,卖盘
146,09:37:39,50.43,15129,3,卖盘
147,09:37:42,50.42,95798,19,卖盘
148,09:37:45,50.43,45395,9,中性盘
149,09:37:48,50.43,25215,5,卖盘
150,09:37:51,50.43,90784,18,卖盘
151,09:37:54,50.43,151264,30,买盘
152,09:37:57,50.43,40343,8,买盘
153,09:38:00,50.43,5043,1,卖盘
154,09:38:03,50.43,20172,4,卖盘
155,09:38:06,50.43,5043,1,卖盘
156,09:38:09,50.44,5044,1,买盘
157,09:38:12,50.43,35302,7,卖盘
158,09:38:15,50.44,126097,25,买盘
159,09:38:18,50.44,5044,1,买盘
160,09:38:21,50.43,110964,22,卖盘
161,09:38:24,50.43,25216,5,卖盘
162,09:38:27,50.43,65559,13,卖盘
163,09:38:30,50.44,30259,6,买盘
164,09:38:33,50.44,65572,13,买盘
165,09:38:36,50.43,30258,6,卖盘
166,09:38:39,50.43,80689,16,卖盘
167,09:38:42,50.42,317707,63,卖盘
168,09:38:45,50.43,10086,2,买盘
169,09:38:48,50.42,272270,54,卖盘
170,09:38:51,50.4,196596,39,卖盘
171,09:38:54,50.4,55440,11,卖盘
172,09:38:57,50.4,559454,111,卖盘
173,09:39:00,50.41,846725,168,买盘
174,09:39:03,50.4,176400,35,卖盘
175,09:39:06,50.4,110881,22,卖盘
176,09:39:09,50.41,80642,16,买盘
177,09:39:12,50.4,25204,5,卖盘
178,09:39:15,50.4,15121,3,卖盘
179,09:39:18,50.4,146175,29,卖盘
180,09:39:21,50.4,5040,1,卖盘
181,09:39:24,50.4,524160,104,卖盘
182,09:39:27,50.4,80640,16,卖盘
183,09:39:30,50.4,80640,16,卖盘
184,09:39:33,50.4,50399,10,卖盘
185,09:39:36,50.39,35275,7,卖盘
186,09:39:39,50.39,221716,44,卖盘
187,09:39:42,50.39,25195,5,卖盘
188,09:39:45,50.39,40312,8,卖盘
189,09:39:48,50.36,2745355,545,卖盘
190,09:39:51,50.37,90645,18,买盘
191,09:39:54,50.35,100708,20,卖盘
192,09:39:57,50.36,5036,1,买盘
193,09:40:00,50.35,80570,16,卖盘
194,09:40:03,50.35,120844,24,卖盘
195,09:40:06,50.35,191331,38,卖盘
196,09:40:09,50.36,35247,7,买盘
197,09:40:12,50.35,266861,53,卖盘
198,09:40:15,50.35,45315,9,卖盘
199,09:40:18,50.35,10070,2,卖盘
200,09:40:21,50.35,20140,4,卖盘
201,09:40:24,50.35,50350,10,卖盘
202,09:40:27,50.35,196365,39,卖盘
203,09:40:30,50.35,166171,33,卖盘
204,09:40:33,50.35,35246,7,卖盘
205,09:40:36,50.35,317205,63,卖盘
206,09:40:39,50.35,80559,16,卖盘
207,09:40:42,50.35,20140,4,卖盘
208,09:40:45,50.36,65456,13,买盘
209,09:40:48,50.34,50347,10,卖盘
210,09:40:51,50.35,659776,131,中性盘
211,09:40:54,50.36,55402,11,卖盘
212,09:40:57,50.36,90654,18,卖盘
213,09:41:00,50.36,60435,12,卖盘
214,09:41:03,50.36,15109,3,卖盘
215,09:41:06,50.36,45337,9,卖盘
216,09:41:09,50.36,20144,4,卖盘
217,09:41:12,50.38,40292,8,中性盘
218,09:41:15,50.36,20144,4,卖盘
219,09:41:18,50.36,35256,7,卖盘
220,09:41:21,50.36,417992,83,卖盘
221,09:41:24,50.36,50366,10,卖盘
222,09:41:27,50.37,50364,10,中性盘
223,09:41:30,50.37,25185,5,卖盘
224,09:41:33,50.38,70527,14,买盘
225,09:41:36,50.37,181332,36,卖盘
226,09:41:39,50.38,95723,19,买盘
227,09:41:42,50.38,55422,11,卖盘
228,09:41:45,50.39,10077,2,买盘
229,09:41:48,50.39,110855,22,买盘
230,09:41:51,50.4,403200,80,买盘
231,09:41:54,50.39,65527,13,中性盘
232,09:41:57,50.4,5040,1,中性盘
233,09:42:00,50.39,5039,1,卖盘
234,09:42:03,50.42,141164,28,买盘
235,09:42:06,50.41,90738,18,卖盘
236,09:42:09,50.41,30246,6,卖盘
237,09:42:12,50.41,30246,6,卖盘
238,09:42:15,50.39,65513,13,卖盘
239,09:42:18,50.41,5041,1,卖盘
240,09:42:21,50.42,468904,93,买盘
241,09:42:24,50.42,20168,4,卖盘
242,09:42:27,50.42,40339,8,卖盘
243,09:42:30,50.4,15123,3,卖盘
244,09:42:39,50.4,45360,9,卖盘
245,09:42:42,50.4,90720,18,卖盘
246,09:42:45,50.39,20159,4,卖盘
247,09:42:48,50.4,40317,8,买盘
248,09:42:51,50.4,40320,8,卖盘
249,09:42:54,50.4,20160,4,卖盘
250,09:42:57,50.4,40320,8,卖盘
251,09:43:00,50.41,151220,30,买盘
252,09:43:03,50.41,85687,17,卖盘
253,09:43:06,50.42,15126,3,买盘
254,09:43:09,50.42,5042,1,买盘
255,09:43:15,50.42,5042,1,买盘
256,09:43:18,50.41,15124,3,卖盘
257,09:43:21,50.41,20164,4,卖盘
258,09:43:24,50.41,55454,11,卖盘
259,09:43:27,50.41,70577,14,卖盘
260,09:43:30,50.41,15123,3,卖盘
261,09:43:33,50.41,30246,6,卖盘
262,09:43:36,50.41,30246,6,卖盘
263,09:43:39,50.4,60490,12,卖盘
264,09:43:42,50.4,5040,1,卖盘
265,09:43:45,50.4,20163,4,卖盘
266,09:43:48,50.4,35280,7,卖盘
267,09:43:51,50.39,30234,6,卖盘
268,09:43:54,50.4,20157,4,买盘
269,09:43:57,50.4,15119,3,买盘
270,09:44:00,50.39,20156,4,卖盘
271,09:44:06,50.39,20156,4,卖盘
272,09:44:09,50.39,25197,5,卖盘
273,09:44:12,50.39,85665,17,卖盘
274,09:44:15,50.38,166276,33,卖盘
275,09:44:18,50.39,45344,9,中性盘
276,09:44:21,50.38,60457,12,卖盘
277,09:44:24,50.38,40304,8,卖盘
278,09:44:27,50.37,750658,149,卖盘
279,09:44:30,50.37,50370,10,卖盘
280,09:44:33,50.38,40299,8,买盘
281,09:44:36,50.37,120891,24,卖盘
282,09:44:39,50.38,176308,35,买盘
283,09:44:42,50.39,231774,46,买盘
284,09:44:45,50.39,5039,1,卖盘
285,09:44:48,50.39,292262,58,卖盘
286,09:44:51,50.39,85663,17,卖盘
287,09:44:54,50.36,35256,7,卖盘
288,09:45:00,50.36,20146,4,卖盘
289,09:45:03,50.36,90650,18,卖盘
290,09:45:06,50.36,10072,2,卖盘
291,09:45:09,50.36,10072,2,卖盘
292,09:45:12,50.36,85614,17,卖盘
293,09:45:15,50.36,35252,7,卖盘
294,09:45:18,50.36,5036,1,卖盘
295,09:45:21,50.38,15112,3,买盘
296,09:45:27,50.37,15110,3,买盘
297,09:45:30,50.36,105756,21,卖盘
298,09:45:33,50.37,25185,5,买盘
299,09:45:36,50.36,15109,3,卖盘
300,09:45:39,50.36,10073,2,卖盘
301,09:45:42,50.35,302152,60,卖盘
302,09:45:45,50.36,70505,14,中性盘
303,09:45:48,50.36,50360,10,卖盘
304,09:45:51,50.36,40286,8,买盘
305,09:45:57,50.35,181290,36,卖盘
306,09:46:00,50.36,55396,11,买盘
307,09:46:03,50.35,70503,14,卖盘
308,09:46:09,50.35,271900,54,卖盘
309,09:46:12,50.36,40285,8,买盘
310,09:46:15,50.35,15106,3,卖盘
311,09:46:18,50.35,5035,1,卖盘
312,09:46:21,50.35,10071,2,卖盘
313,09:46:24,50.35,45318,9,卖盘
314,09:46:27,50.35,100700,20,卖盘
315,09:46:30,50.36,80572,16,买盘
316,09:46:33,50.35,35248,7,卖盘
317,09:46:36,50.35,35251,7,卖盘
318,09:46:39,50.35,45320,9,卖盘
319,09:46:42,50.35,332310,66,卖盘
320,09:46:45,50.36,50359,10,买盘
321,09:46:48,50.36,141008,28,买盘
322,09:46:51,50.35,35246,7,卖盘
323,09:46:54,50.36,216507,43,中性盘
324,09:46:57,50.36,45320,9,中性盘
325,09:47:00,50.35,15105,3,卖盘
326,09:47:03,50.35,40287,8,卖盘
327,09:47:06,50.36,65456,13,买盘
328,09:47:09,50.36,30212,6,买盘
329,09:47:12,50.36,30216,6,买盘
330,09:47:15,50.35,45322,9,卖盘
331,09:47:18,50.36,5036,1,买盘
332,09:47:21,50.36,80576,16,买盘
333,09:47:24,50.36,110793,22,卖盘
334,09:47:27,50.36,10072,2,卖盘
335,09:47:30,50.36,40288,8,卖盘
336,09:47:33,50.35,5035,1,卖盘
337,09:47:36,50.35,55395,11,卖盘
338,09:47:39,50.36,35251,7,买盘
339,09:47:45,50.36,5036,1,买盘
340,09:47:48,50.36,634645,126,买盘
341,09:47:51,50.35,110780,22,卖盘
342,09:47:57,50.35,5035,1,卖盘
343,09:48:00,50.36,10074,2,卖盘
344,09:48:03,50.36,15108,3,卖盘
345,09:48:06,50.36,100719,20,卖盘
346,09:48:09,50.35,226575,45,卖盘
347,09:48:12,50.35,75526,15,卖盘
348,09:48:15,50.35,5035,1,卖盘
349,09:48:21,50.35,5035,1,卖盘
350,09:48:24,50.36,5036,1,买盘
351,09:48:27,50.35,5035,1,卖盘
352,09:48:30,50.35,90630,18,卖盘
353,09:48:33,50.35,105735,21,卖盘
354,09:48:36,50.35,251743,50,卖盘
355,09:48:39,50.34,80555,16,卖盘
356,09:48:42,50.34,75513,15,卖盘
357,09:48:45,50.34,15104,3,卖盘
358,09:48:48,50.34,226532,45,卖盘
359,09:48:51,50.34,201363,40,卖盘
360,09:48:54,50.34,15102,3,卖盘
361,09:48:57,50.34,166125,33,卖盘
362,09:49:00,50.34,422856,84,卖盘
363,09:49:03,50.33,45303,9,卖盘
364,09:49:06,50.33,65431,13,卖盘
365,09:49:09,50.33,15099,3,卖盘
366,09:49:12,50.34,442954,88,买盘
367,09:49:15,50.33,156023,31,卖盘
368,09:49:18,50.33,135891,27,卖盘
369,09:49:21,50.32,85556,17,卖盘
370,09:49:24,50.33,30194,6,买盘
371,09:49:27,50.33,75491,15,买盘
372,09:49:30,50.32,60394,12,卖盘
373,09:49:33,50.32,256632,51,卖盘
374,09:49:36,50.32,10064,2,买盘
375,09:49:39,50.31,442732,88,卖盘
376,09:49:42,50.32,35224,7,买盘
377,09:49:45,50.31,40248,8,卖盘
378,09:49:48,50.31,35217,7,卖盘
379,09:49:51,50.32,105671,21,买盘
380,09:49:54,50.31,95589,19,卖盘
381,09:49:57,50.31,5031,1,卖盘
382,09:50:00,50.31,80496,16,卖盘
383,09:50:03,50.31,55341,11,卖盘
384,09:50:06,50.32,40255,8,买盘
385,09:50:09,50.31,231429,46,卖盘
386,09:50:12,50.32,20127,4,买盘
387,09:50:15,50.31,50316,10,卖盘
388,09:50:18,50.31,40252,8,卖盘
389,09:50:21,50.31,15095,3,卖盘
390,09:50:24,50.31,70434,14,卖盘
391,09:50:27,50.31,166024,33,卖盘
392,09:50:30,50.31,20126,4,卖盘
393,09:50:33,50.31,70434,14,卖盘
394,09:50:36,50.32,40256,8,买盘
395,09:50:39,50.32,1811623,360,买盘
396,09:50:42,50.31,10062,2,卖盘
397,09:50:45,50.32,115736,23,卖盘
398,09:50:48,50.31,35222,7,卖盘
399,09:50:51,50.31,55347,11,卖盘
400,09:50:57,50.34,20135,4,买盘
401,09:51:00,50.33,10066,2,中性盘
402,09:51:03,50.32,25164,5,卖盘
403,09:51:06,50.32,5032,1,卖盘
404,09:51:09,50.31,120757,24,卖盘
405,09:51:12,50.33,55362,11,买盘
406,09:51:15,50.32,55352,11,卖盘
407,09:51:18,50.32,35230,7,卖盘
408,09:51:21,50.32,15096,3,卖盘
409,09:51:24,50.32,15096,3,卖盘
410,09:51:27,50.33,25161,5,买盘
411,09:51:30,50.32,5032,1,卖盘
412,09:51:33,50.33,25162,5,买盘
413,09:51:36,50.32,5032,1,卖盘
414,09:51:39,50.33,10065,2,买盘
415,09:51:42,50.33,95617,19,买盘
416,09:51:45,50.33,130842,26,买盘
417,09:51:48,50.33,60398,12,买盘
418,09:51:51,50.34,10068,2,买盘
419,09:51:54,50.33,65429,13,卖盘
420,09:51:57,50.34,151002,30,买盘
421,09:52:00,50.33,10066,2,中性盘
422,09:52:03,50.33,10066,2,卖盘
423,09:52:12,50.34,80519,16,买盘
424,09:52:15,50.32,20131,4,卖盘
425,09:52:18,50.32,281800,56,卖盘
426,09:52:21,50.33,40262,8,买盘
427,09:52:24,50.32,10064,2,卖盘
428,09:52:27,50.32,216379,43,卖盘
429,09:52:30,50.32,15096,3,卖盘
430,09:52:33,50.32,256597,51,卖盘
431,09:52:36,50.31,80503,16,卖盘
432,09:52:39,50.32,10063,2,买盘
433,09:52:42,50.32,10064,2,买盘
434,09:52:45,50.32,30192,6,买盘
435,09:52:48,50.31,110699,22,卖盘
436,09:52:51,50.32,30190,6,买盘
437,09:52:54,50.32,35223,7,买盘
438,09:52:57,50.31,186183,37,卖盘
439,09:53:00,50.35,1263461,251,买盘
440,09:53:03,50.36,20148,4,中性盘
441,09:53:06,50.37,15111,3,中性盘
442,09:53:09,50.37,136027,27,中性盘
443,09:53:12,50.42,267166,53,买盘
444,09:53:15,50.39,20159,4,中性盘
445,09:53:18,50.4,262311,52,卖盘
446,09:53:21,50.4,20164,4,卖盘
447,09:53:24,50.4,15120,3,卖盘
448,09:53:27,50.4,5040,1,卖盘
449,09:53:30,50.38,10076,2,卖盘
450,09:53:33,50.37,10075,2,卖盘
451,09:53:36,50.4,95753,19,买盘
452,09:53:39,50.36,20155,4,卖盘
453,09:53:42,50.4,65506,13,买盘
454,09:53:45,50.36,5036,1,中性盘
455,09:53:48,50.36,5036,1,卖盘
456,09:53:54,50.36,60432,12,卖盘
457,09:53:57,50.36,25180,5,买盘
458,09:54:00,50.4,10080,2,买盘
459,09:54:03,50.39,10078,2,卖盘
460,09:54:06,50.39,10078,2,卖盘
461,09:54:09,50.4,171359,34,买盘
462,09:54:15,50.4,20160,4,卖盘
463,09:54:18,50.4,151239,30,卖盘
464,09:54:21,50.46,5046,1,买盘
465,09:54:24,50.41,45369,9,卖盘
466,09:54:27,50.4,35283,7,卖盘
467,09:54:30,50.4,30240,6,卖盘
468,09:54:33,50.4,196755,39,卖盘
469,09:54:36,50.44,5044,1,买盘
470,09:54:48,50.43,15131,3,中性盘
471,09:54:51,50.4,60491,12,卖盘
472,09:54:57,50.41,25205,5,买盘
473,09:55:00,50.4,95762,19,卖盘
474,09:55:03,50.4,25200,5,卖盘
475,09:55:06,50.4,60485,12,卖盘
476,09:55:09,50.42,201631,40,买盘
477,09:55:12,50.39,70548,14,卖盘
478,09:55:15,50.38,35274,7,卖盘
479,09:55:18,50.38,5038,1,卖盘
480,09:55:21,50.39,70543,14,买盘
481,09:55:24,50.39,10078,2,卖盘
482,09:55:27,50.39,10078,2,卖盘
483,09:55:30,50.38,156206,31,卖盘
484,09:55:33,50.38,25190,5,卖盘
485,09:55:36,50.38,65496,13,卖盘
486,09:55:39,50.37,105786,21,卖盘
487,09:55:42,50.37,125925,25,卖盘
488,09:55:45,50.37,10074,2,卖盘
489,09:55:48,50.37,70518,14,卖盘
490,09:55:51,50.38,100741,20,买盘
491,09:55:54,50.36,75541,15,卖盘
492,09:55:57,50.39,347628,69,买盘
493,09:56:00,50.36,10072,2,卖盘
494,09:56:03,50.36,5036,1,卖盘
495,09:56:06,50.36,50362,10,卖盘
496,09:56:09,50.36,20144,4,卖盘
497,09:56:12,50.38,70530,14,买盘
498,09:56:15,50.37,141012,28,买盘
499,09:56:18,50.37,10074,2,卖盘
500,09:56:21,50.36,156115,31,卖盘
501,09:56:27,50.35,20140,4,卖盘
502,09:56:30,50.35,30210,6,卖盘
503,09:56:36,50.34,327263,65,卖盘
504,09:56:39,50.33,20137,4,卖盘
505,09:56:45,50.32,367415,73,卖盘
506,09:56:48,50.32,10064,2,卖盘
507,09:56:51,50.32,35225,7,卖盘
508,09:56:54,50.32,35224,7,卖盘
509,09:56:57,50.31,457897,91,卖盘
510,09:57:00,50.31,513167,102,卖盘
511,09:57:03,50.3,2439627,485,卖盘
512,09:57:06,50.29,1468687,292,卖盘
513,09:57:09,50.27,201121,40,卖盘
514,09:57:12,50.27,60329,12,卖盘
515,09:57:15,50.27,35190,7,卖盘
516,09:57:18,50.26,35185,7,卖盘
517,09:57:21,50.26,65341,13,卖盘
518,09:57:24,50.27,45238,9,买盘
519,09:57:27,50.26,120624,24,卖盘
520,09:57:30,50.26,65339,13,卖盘
521,09:57:33,50.26,30160,6,卖盘
522,09:57:36,50.27,125675,25,买盘
523,09:57:39,50.27,15081,3,卖盘
524,09:57:42,50.27,75415,15,卖盘
525,09:57:45,50.27,50270,10,卖盘
526,09:57:48,50.29,20113,4,买盘
527,09:57:51,50.29,110638,22,买盘
528,09:57:54,50.31,35206,7,买盘
529,09:57:57,50.28,15086,3,卖盘
530,09:58:00,50.28,15084,3,卖盘
531,09:58:03,50.28,85488,17,卖盘
532,09:58:06,50.28,50281,10,卖盘
533,09:58:09,50.29,95534,19,买盘
534,09:58:12,50.28,130735,26,卖盘
535,09:58:15,50.29,125706,25,买盘
536,09:58:18,50.28,10056,2,中性盘
537,09:58:21,50.27,15082,3,卖盘
538,09:58:24,50.28,50280,10,买盘
539,09:58:27,50.27,10054,2,卖盘
540,09:58:30,50.27,170919,34,卖盘
541,09:58:33,50.27,10054,2,买盘
542,09:58:36,50.26,196016,39,卖盘
543,09:58:39,50.27,120629,24,买盘
544,09:58:42,50.26,5026,1,卖盘
545,09:58:45,50.26,50260,10,卖盘
546,09:58:48,50.26,45234,9,卖盘
547,09:58:51,50.26,35183,7,卖盘
548,09:58:54,50.26,130676,26,卖盘
549,09:59:03,50.26,321654,64,买盘
550,09:59:06,50.26,35177,7,买盘
551,09:59:09,50.25,15076,3,卖盘
552,09:59:12,50.25,110560,22,卖盘
553,09:59:15,50.26,226126,45,买盘
554,09:59:18,50.26,90453,18,买盘
555,09:59:21,50.24,723597,144,卖盘
556,09:59:24,50.24,65312,13,卖盘
557,09:59:27,50.25,55265,11,买盘
558,09:59:30,50.23,40184,8,卖盘
559,09:59:33,50.23,115530,23,卖盘
560,09:59:36,50.24,55254,11,买盘
561,09:59:39,50.22,391777,78,卖盘
562,09:59:42,50.22,30138,6,卖盘
563,09:59:45,50.23,401732,80,买盘
564,09:59:48,50.2,241010,48,卖盘
565,09:59:51,50.2,205829,41,卖盘
566,09:59:54,50.2,256022,51,卖盘
567,09:59:57,50.2,85340,17,卖盘
568,10:00:00,50.19,361398,72,卖盘
569,10:00:03,50.18,95352,19,卖盘
570,10:00:06,50.18,50186,10,卖盘
571,10:00:09,50.18,5018,1,卖盘
572,10:00:12,50.18,155558,31,卖盘
573,10:00:15,50.18,45156,9,买盘
574,10:00:18,50.17,75255,15,卖盘
575,10:00:21,50.16,205665,41,卖盘
576,10:00:24,50.16,310993,62,卖盘
577,10:00:27,50.16,351119,70,卖盘
578,10:00:30,50.16,110326,22,卖盘
579,10:00:33,50.14,145444,29,卖盘
580,10:00:36,50.14,80236,16,卖盘
581,10:00:39,50.16,501433,100,买盘
582,10:00:42,50.15,1083345,216,卖盘
583,10:00:45,50.16,105330,21,买盘
584,10:00:48,50.16,85258,17,买盘
585,10:00:51,50.16,105325,21,买盘
586,10:00:54,50.14,35096,7,卖盘
587,10:00:57,50.14,55152,11,买盘
588,10:01:00,50.13,65183,13,卖盘
589,10:01:03,50.14,85238,17,买盘
590,10:01:06,50.15,401058,80,买盘
591,10:01:09,50.14,30085,6,中性盘
592,10:01:12,50.14,25071,5,卖盘
593,10:01:15,50.14,60168,12,卖盘
594,10:01:18,50.14,70198,14,卖盘
595,10:01:21,50.13,75201,15,卖盘
596,10:01:24,50.12,135341,27,卖盘
597,10:01:27,50.12,125316,25,卖盘
598,10:01:30,50.13,626619,125,买盘
599,10:01:33,50.12,15038,3,卖盘
600,10:01:36,50.13,75195,15,买盘
601,10:01:39,50.12,706726,141,卖盘
602,10:01:42,50.13,320769,64,买盘
603,10:01:45,50.11,5011,1,卖盘
604,10:01:48,50.13,35089,7,买盘
605,10:01:51,50.13,671502,134,买盘
606,10:01:54,50.14,70189,14,买盘
607,10:01:57,50.12,110272,22,卖盘
608,10:02:00,50.12,50120,10,卖盘
609,10:02:03,50.12,25063,5,卖盘
610,10:02:06,50.13,80195,16,买盘
611,10:02:09,50.12,115280,23,卖盘
612,10:02:12,50.12,115276,23,买盘
613,10:02:15,50.13,401006,80,买盘
614,10:02:18,50.16,396166,79,买盘
615,10:02:21,50.16,75213,15,买盘
616,10:02:24,50.15,20054,4,中性盘
617,10:02:27,50.16,586867,117,买盘
618,10:02:33,50.16,5016,1,卖盘
619,10:02:36,50.16,85278,17,卖盘
620,10:02:39,50.17,45153,9,买盘
621,10:02:42,50.17,60213,12,卖盘
622,10:02:45,50.17,110375,22,卖盘
623,10:02:48,50.18,115413,23,买盘
624,10:02:51,50.17,40137,8,卖盘
625,10:02:54,50.17,50175,10,卖盘
626,10:02:57,50.18,35126,7,买盘
627,10:03:00,50.17,10034,2,卖盘
628,10:03:03,50.17,130442,26,卖盘
629,10:03:06,50.18,250879,50,买盘
630,10:03:09,50.15,40124,8,卖盘
631,10:03:12,50.16,50161,10,中性盘
632,10:03:15,50.18,85306,17,买盘
633,10:03:21,50.18,95334,19,卖盘
634,10:03:24,50.15,130398,26,卖盘
635,10:03:27,50.18,15054,3,买盘
636,10:03:30,50.18,30108,6,买盘
637,10:03:33,50.18,140503,28,买盘
638,10:03:36,50.18,30108,6,卖盘
639,10:03:39,50.18,15055,3,卖盘
640,10:03:42,50.18,85320,17,卖盘
641,10:03:45,50.18,5018,1,卖盘
642,10:03:48,50.19,35133,7,买盘
643,10:03:51,50.19,60224,12,买盘
644,10:03:54,50.19,30114,6,卖盘
645,10:03:57,50.18,75281,15,卖盘
646,10:04:00,50.19,25093,5,卖盘
647,10:04:03,50.18,15056,3,卖盘
648,10:04:06,50.18,15055,3,卖盘
649,10:04:09,50.19,40147,8,买盘
650,10:04:12,50.19,85318,17,买盘
651,10:04:15,50.19,20076,4,买盘
652,10:04:21,50.19,30115,6,卖盘
653,10:04:24,50.19,40152,8,卖盘
654,10:04:30,50.19,130494,26,买盘
655,10:04:33,50.19,5019,1,卖盘
656,10:04:36,50.2,15058,3,买盘
657,10:04:42,50.19,80318,16,卖盘
658,10:04:45,50.2,10040,2,买盘
659,10:04:48,50.19,80314,16,卖盘
660,10:04:51,50.2,75297,15,买盘
661,10:04:54,50.2,426697,85,买盘
662,10:04:57,50.21,185749,37,买盘
663,10:05:03,50.21,25105,5,买盘
664,10:05:06,50.21,60252,12,买盘
665,10:05:09,50.21,5021,1,卖盘
666,10:05:12,50.22,155732,31,买盘
667,10:05:15,50.22,30135,6,卖盘
668,10:05:18,50.25,25116,5,买盘
669,10:05:24,50.22,65313,13,卖盘
670,10:05:27,50.23,10046,2,卖盘
671,10:05:30,50.23,90422,18,卖盘
672,10:05:33,50.21,105465,21,卖盘
673,10:05:36,50.21,90412,18,卖盘
674,10:05:39,50.22,50216,10,买盘
675,10:05:42,50.2,276154,55,卖盘
676,10:05:45,50.2,20082,4,卖盘
677,10:05:48,50.2,55223,11,卖盘
678,10:05:51,50.2,100400,20,卖盘
679,10:05:54,50.2,30120,6,卖盘
680,10:05:57,50.2,15060,3,卖盘
681,10:06:00,50.21,25101,5,买盘
682,10:06:03,50.21,130524,26,买盘
683,10:06:06,50.2,55220,11,卖盘
684,10:06:09,50.2,235971,47,卖盘
685,10:06:12,50.2,110437,22,买盘
686,10:06:15,50.2,35138,7,买盘
687,10:06:18,50.19,115439,23,卖盘
688,10:06:21,50.19,456771,91,卖盘
689,10:06:24,50.19,55213,11,卖盘
690,10:06:27,50.19,75294,15,卖盘
691,10:06:30,50.19,65247,13,卖盘
692,10:06:33,50.19,25097,5,卖盘
693,10:06:36,50.19,85323,17,卖盘
694,10:06:39,50.19,10038,2,卖盘
695,10:06:42,50.19,55217,11,卖盘
696,10:06:45,50.2,55216,11,买盘
697,10:06:48,50.2,15060,3,卖盘
698,10:06:51,50.2,10039,2,买盘
699,10:06:54,50.19,250950,50,卖盘
700,10:06:57,50.2,70280,14,买盘
701,10:07:00,50.2,65260,13,买盘
702,10:07:06,50.2,5020,1,买盘
703,10:07:09,50.19,55209,11,卖盘
704,10:07:12,50.2,55217,11,买盘
705,10:07:15,50.19,45171,9,卖盘
706,10:07:21,50.2,5020,1,买盘
707,10:07:24,50.19,5019,1,卖盘
708,10:07:27,50.19,70270,14,卖盘
709,10:07:30,50.2,50200,10,买盘
710,10:07:36,50.2,25098,5,买盘
711,10:07:42,50.2,65259,13,买盘
712,10:07:45,50.2,15060,3,买盘
713,10:07:48,50.2,40160,8,买盘
714,10:07:51,50.18,341293,68,卖盘
715,10:07:54,50.2,135524,27,买盘
716,10:07:57,50.19,10038,2,中性盘
717,10:08:00,50.19,15057,3,卖盘
718,10:08:03,50.19,35133,7,卖盘
719,10:08:06,50.18,40147,8,卖盘
720,10:08:09,50.19,10037,2,买盘
721,10:08:12,50.19,45170,9,买盘
722,10:08:15,50.19,95356,19,买盘
723,10:08:18,50.18,245882,49,卖盘
724,10:08:21,50.19,80304,16,买盘
725,10:08:27,50.19,120456,24,卖盘
726,10:08:30,50.18,20074,4,卖盘
727,10:08:36,50.19,10038,2,买盘
728,10:08:42,50.19,60224,12,买盘
729,10:08:45,50.19,25095,5,买盘
730,10:08:48,50.19,10038,2,买盘
731,10:08:51,50.2,15060,3,买盘
732,10:08:54,50.19,5019,1,中性盘
733,10:08:57,50.2,20080,4,买盘
734,10:09:00,50.18,105398,21,卖盘
735,10:09:03,50.18,5018,1,卖盘
736,10:09:06,50.18,30109,6,卖盘
737,10:09:09,50.19,20075,4,中性盘
738,10:09:12,50.18,40146,8,卖盘
739,10:09:15,50.18,10037,2,卖盘
740,10:09:21,50.18,10036,2,卖盘
741,10:09:24,50.18,5018,1,卖盘
742,10:09:27,50.18,632268,126,卖盘
743,10:09:33,50.18,95352,19,卖盘
744,10:09:36,50.18,20072,4,卖盘
745,10:09:39,50.18,15054,3,卖盘
746,10:09:42,50.18,85313,17,卖盘
747,10:09:45,50.18,5018,1,卖盘
748,10:09:48,50.18,95342,19,卖盘
749,10:09:51,50.19,50182,10,买盘
750,10:09:54,50.18,65234,13,卖盘
751,10:09:57,50.18,80287,16,买盘
752,10:10:00,50.17,15051,3,卖盘
753,10:10:03,50.18,5018,1,买盘
754,10:10:06,50.18,551975,110,买盘
755,10:10:09,50.2,828208,165,买盘
756,10:10:12,50.19,185716,37,卖盘
757,10:10:15,50.2,5020,1,卖盘
758,10:10:18,50.23,10043,2,买盘
759,10:10:21,50.2,10040,2,卖盘
760,10:10:24,50.2,15060,3,卖盘
761,10:10:27,50.21,35141,7,买盘
762,10:10:33,50.21,25104,5,买盘
763,10:10:36,50.2,20082,4,卖盘
764,10:10:39,50.2,5020,1,卖盘
765,10:10:42,50.2,115476,23,卖盘
766,10:10:45,50.21,10042,2,买盘
767,10:10:51,50.21,50210,10,买盘
768,10:10:54,50.21,10042,2,买盘
769,10:10:57,50.21,75315,15,买盘
770,10:11:00,50.22,40176,8,买盘
771,10:11:03,50.23,190874,38,买盘
772,10:11:06,50.26,411969,82,买盘
773,10:11:09,50.26,15078,3,买盘
774,10:11:18,50.26,5026,1,买盘
775,10:11:21,50.26,60312,12,买盘
776,10:11:24,50.26,20103,4,买盘
777,10:11:27,50.25,155798,31,卖盘
778,10:11:30,50.24,35174,7,卖盘
779,10:11:39,50.24,20095,4,买盘
780,10:11:42,50.24,40188,8,买盘
781,10:11:45,50.24,25121,5,卖盘
782,10:11:48,50.24,35165,7,买盘
783,10:11:51,50.24,25120,5,买盘
784,10:11:54,50.25,65323,13,买盘
785,10:11:57,50.22,10046,2,卖盘
786,10:12:00,50.25,80398,16,卖盘
787,10:12:03,50.24,10049,2,卖盘
788,10:12:06,50.24,10048,2,卖盘
789,10:12:09,50.25,10050,2,买盘
790,10:12:12,50.24,20097,4,卖盘
791,10:12:18,50.24,5024,1,卖盘
792,10:12:21,50.25,115572,23,买盘
793,10:12:24,50.24,10048,2,卖盘
794,10:12:27,50.25,85423,17,买盘
795,10:12:30,50.25,15073,3,买盘
796,10:12:33,50.26,90451,18,买盘
797,10:12:36,50.25,70350,14,卖盘
798,10:12:39,50.26,20104,4,买盘
799,10:12:42,50.26,65336,13,买盘
800,10:12:45,50.26,35182,7,买盘
801,10:12:48,50.26,10052,2,卖盘
802,10:12:54,50.27,155837,31,买盘
803,10:12:57,50.27,20106,4,买盘
804,10:13:00,50.26,286536,57,卖盘
805,10:13:03,50.26,45236,9,卖盘
806,10:13:06,50.27,90485,18,买盘
807,10:13:09,50.26,5026,1,卖盘
808,10:13:12,50.27,95513,19,买盘
809,10:13:15,50.26,55294,11,卖盘
810,10:13:18,50.26,5026,1,卖盘
811,10:13:24,50.26,115598,23,卖盘
812,10:13:27,50.25,20100,4,卖盘
813,10:13:33,50.25,75376,15,卖盘
814,10:13:36,50.25,15075,3,卖盘
815,10:13:39,50.25,40200,8,卖盘
816,10:13:42,50.25,20100,4,卖盘
817,10:13:45,50.25,15075,3,卖盘
818,10:13:48,50.25,15075,3,卖盘
819,10:13:51,50.24,396965,79,卖盘
820,10:13:54,50.26,5026,1,买盘
821,10:13:57,50.23,40194,8,卖盘
822,10:14:00,50.22,75348,15,卖盘
823,10:14:03,50.21,50218,10,卖盘
824,10:14:06,50.21,30126,6,卖盘
825,10:14:09,50.22,5022,1,买盘
826,10:14:12,50.21,20084,4,卖盘
827,10:14:15,50.21,5021,1,卖盘
828,10:14:18,50.22,5022,1,买盘
829,10:14:21,50.22,75326,15,买盘
830,10:14:24,50.22,25110,5,卖盘
831,10:14:27,50.23,316449,63,买盘
832,10:14:30,50.22,35154,7,卖盘
833,10:14:36,50.23,30133,6,买盘
834,10:14:42,50.22,130592,26,卖盘
835,10:14:45,50.22,10044,2,卖盘
836,10:14:48,50.23,15067,3,买盘
837,10:14:51,50.22,20088,4,卖盘
838,10:15:00,50.23,35159,7,买盘
839,10:15:03,50.22,60265,12,卖盘
840,10:15:06,50.23,55240,11,买盘
841,10:15:09,50.21,10042,2,卖盘
842,10:15:12,50.21,10042,2,卖盘
843,10:15:15,50.21,55240,11,卖盘
844,10:15:18,50.21,15063,3,卖盘
845,10:15:21,50.21,5021,1,卖盘
846,10:15:24,50.21,65273,13,卖盘
847,10:15:27,50.22,35148,7,买盘
848,10:15:30,50.21,15063,3,卖盘
849,10:15:33,50.21,10042,2,卖盘
850,10:15:36,50.21,5021,1,卖盘
851,10:15:39,50.21,35147,7,卖盘
852,10:15:42,50.21,45197,9,卖盘
853,10:15:45,50.21,20084,4,卖盘
854,10:15:51,50.21,20085,4,卖盘
855,10:15:54,50.21,55241,11,卖盘
856,10:16:00,50.22,5022,1,买盘
857,10:16:03,50.22,195858,39,买盘
858,10:16:06,50.21,35148,7,卖盘
859,10:16:12,50.22,100452,20,买盘
860,10:16:15,50.23,40182,8,买盘
861,10:16:18,50.22,5022,1,卖盘
862,10:16:21,50.23,60276,12,买盘
863,10:16:27,50.22,20088,4,卖盘
864,10:16:33,50.22,20088,4,卖盘
865,10:16:36,50.22,15066,3,卖盘
866,10:16:42,50.23,190871,38,买盘
867,10:16:45,50.23,60276,12,买盘
868,10:16:48,50.22,25111,5,卖盘
869,10:16:51,50.23,60266,12,买盘
870,10:16:54,50.22,20090,4,卖盘
871,10:16:57,50.22,35154,7,卖盘
872,10:17:00,50.22,5022,1,卖盘
873,10:17:03,50.23,35157,7,买盘
874,10:17:09,50.22,10045,2,卖盘
875,10:17:12,50.23,95437,19,买盘
876,10:17:15,50.22,15066,3,卖盘
877,10:17:18,50.23,130574,26,买盘
878,10:17:21,50.23,190874,38,买盘
879,10:17:24,50.22,15067,3,卖盘
880,10:17:30,50.22,5022,1,卖盘
881,10:17:33,50.23,15070,3,中性盘
882,10:17:36,50.23,20094,4,卖盘
883,10:17:42,50.24,105501,21,买盘
884,10:17:45,50.23,50230,10,卖盘
885,10:17:48,50.23,15069,3,卖盘
886,10:17:51,50.24,115552,23,买盘
887,10:17:54,50.24,35166,7,中性盘
888,10:17:57,50.23,10046,2,卖盘
889,10:18:00,50.23,35165,7,卖盘
890,10:18:03,50.24,45213,9,买盘
891,10:18:06,50.23,45212,9,卖盘
892,10:18:12,50.25,65320,13,买盘
893,10:18:15,50.25,20100,4,买盘
894,10:18:18,50.24,40192,8,卖盘
895,10:18:21,50.24,20096,4,卖盘
896,10:18:24,50.25,5025,1,买盘
897,10:18:30,50.25,5025,1,买盘
898,10:18:33,50.24,5024,1,卖盘
899,10:18:36,50.24,35168,7,卖盘
900,10:18:39,50.23,50239,10,卖盘
901,10:18:42,50.24,155762,31,买盘
902,10:18:45,50.23,15069,3,卖盘
903,10:18:48,50.23,85391,17,卖盘
904,10:18:51,50.23,75350,15,卖盘
905,10:18:54,50.23,25115,5,卖盘
906,10:18:57,50.23,15069,3,卖盘
907,10:19:00,50.23,25115,5,卖盘
908,10:19:03,50.23,5023,1,卖盘
909,10:19:09,50.23,20092,4,卖盘
910,10:19:12,50.23,15069,3,卖盘
911,10:19:15,50.23,15069,3,中性盘
912,10:19:18,50.23,25115,5,卖盘
913,10:19:21,50.22,30132,6,卖盘
914,10:19:24,50.22,10044,2,卖盘
915,10:19:27,50.22,15066,3,卖盘
916,10:19:30,50.24,50228,10,买盘
917,10:19:33,50.23,10046,2,卖盘
918,10:19:36,50.23,5023,1,卖盘
919,10:19:39,50.24,5024,1,买盘
920,10:19:42,50.24,70333,14,买盘
921,10:19:48,50.23,15069,3,卖盘
922,10:19:51,50.23,30138,6,卖盘
923,10:19:54,50.23,20093,4,卖盘
924,10:19:57,50.23,10047,2,卖盘
925,10:20:00,50.24,30141,6,买盘
926,10:20:03,50.24,40192,8,买盘
927,10:20:06,50.24,5024,1,买盘
928,10:20:09,50.23,10046,2,卖盘
929,10:20:12,50.23,105499,21,卖盘
930,10:20:18,50.23,10046,2,卖盘
931,10:20:21,50.23,15069,3,卖盘
932,10:20:24,50.23,80368,16,卖盘
933,10:20:27,50.23,165764,33,卖盘
934,10:20:30,50.22,75339,15,卖盘
935,10:20:33,50.22,75340,15,卖盘
936,10:20:36,50.23,35156,7,买盘
937,10:20:39,50.22,20088,4,卖盘
938,10:20:42,50.22,155682,31,卖盘
939,10:20:45,50.23,125551,25,买盘
940,10:20:48,50.21,20087,4,卖盘
941,10:20:51,50.21,70298,14,卖盘
942,10:20:54,50.21,20084,4,卖盘
943,10:20:57,50.21,10042,2,卖盘
944,10:21:00,50.21,100420,20,卖盘
945,10:21:03,50.21,10042,2,买盘
946,10:21:06,50.21,25104,5,买盘
947,10:21:09,50.21,175712,35,买盘
948,10:21:12,50.2,527101,105,卖盘
949,10:21:15,50.21,175735,35,买盘
950,10:21:18,50.21,15063,3,卖盘
951,10:21:21,50.22,65282,13,买盘
952,10:21:24,50.21,40168,8,卖盘
953,10:21:27,50.21,25105,5,卖盘
954,10:21:30,50.21,45189,9,卖盘
955,10:21:33,50.21,10041,2,买盘
956,10:21:36,50.2,180720,36,卖盘
957,10:21:39,50.2,5020,1,买盘
958,10:21:42,50.2,60238,12,买盘
959,10:21:45,50.19,5019,1,卖盘
960,10:21:48,50.2,25100,5,买盘
961,10:21:51,50.19,5019,1,卖盘
962,10:21:54,50.2,30117,6,买盘
963,10:21:57,50.2,25100,5,买盘
964,10:22:00,50.21,95385,19,买盘
965,10:22:06,50.21,65273,13,买盘
966,10:22:09,50.19,517052,103,卖盘
967,10:22:12,50.2,185740,37,买盘
968,10:22:15,50.2,471957,94,卖盘
969,10:22:18,50.2,130521,26,卖盘
970,10:22:21,50.2,10040,2,卖盘
971,10:22:24,50.21,145608,29,买盘
972,10:22:27,50.21,20084,4,卖盘
973,10:22:30,50.21,5021,1,卖盘
974,10:22:33,50.21,15063,3,卖盘
975,10:22:36,50.21,5021,1,卖盘
976,10:22:39,50.21,20084,4,卖盘
977,10:22:42,50.21,30126,6,卖盘
978,10:22:51,50.21,25105,5,卖盘
979,10:22:54,50.21,5021,1,卖盘
980,10:23:03,50.2,25100,5,卖盘
981,10:23:06,50.21,50208,10,买盘
982,10:23:09,50.2,10040,2,卖盘
983,10:23:15,50.2,10040,2,卖盘
984,10:23:18,50.2,30124,6,卖盘
985,10:23:27,50.19,95368,19,卖盘
986,10:23:30,50.2,40160,8,买盘
987,10:23:33,50.2,40160,8,卖盘
988,10:23:36,50.21,20084,4,买盘
989,10:23:42,50.2,45180,9,卖盘
990,10:23:48,50.2,20080,4,卖盘
991,10:23:54,50.21,20082,4,买盘
992,10:23:57,50.2,130509,26,卖盘
993,10:24:03,50.2,65248,13,买盘
994,10:24:06,50.18,40148,8,卖盘
995,10:24:09,50.18,55198,11,卖盘
996,10:24:12,50.19,15057,3,买盘
997,10:24:15,50.18,40144,8,卖盘
998,10:24:18,50.18,35126,7,卖盘
999,10:24:21,50.18,15054,3,卖盘
1000,10:24:27,50.18,20072,4,卖盘
1001,10:24:30,50.19,105385,21,买盘
1002,10:24:33,50.18,205738,41,卖盘
1003,10:24:36,50.17,411394,82,卖盘
1004,10:24:39,50.18,125435,25,买盘
1005,10:24:42,50.18,301068,60,买盘
1006,10:24:45,50.16,20064,4,卖盘
1007,10:24:48,50.16,25082,5,卖盘
1008,10:24:51,50.2,526979,105,买盘
1009,10:24:57,50.19,20073,4,买盘
1010,10:25:03,50.18,85306,17,卖盘
1011,10:25:06,50.18,105378,21,卖盘
1012,10:25:12,50.18,25090,5,买盘
1013,10:25:15,50.18,15052,3,买盘
1014,10:25:18,50.18,35124,7,买盘
1015,10:25:21,50.17,80273,16,卖盘
1016,10:25:24,50.19,797825,159,买盘
1017,10:25:27,50.17,25088,5,卖盘
1018,10:25:30,50.17,5017,1,卖盘
1019,10:25:36,50.19,45171,9,买盘
1020,10:25:42,50.19,20076,4,卖盘
1021,10:25:48,50.17,50172,10,卖盘
1022,10:25:51,50.18,5018,1,中性盘
1023,10:25:57,50.17,10035,2,卖盘
1024,10:26:00,50.17,5017,1,卖盘
1025,10:26:03,50.18,10036,2,买盘
1026,10:26:12,50.17,10034,2,卖盘
1027,10:26:15,50.18,416486,83,买盘
1028,10:26:18,50.18,70257,14,卖盘
1029,10:26:24,50.18,10035,2,中性盘
1030,10:26:27,50.18,15054,3,中性盘
1031,10:26:30,50.2,30119,6,买盘
1032,10:26:33,50.2,5020,1,卖盘
1033,10:26:36,50.2,30120,6,卖盘
1034,10:26:39,50.18,15056,3,卖盘
1035,10:26:42,50.18,30109,6,卖盘
1036,10:26:48,50.19,40146,8,买盘
1037,10:26:51,50.18,10036,2,卖盘
1038,10:26:54,50.17,145509,29,卖盘
1039,10:26:57,50.17,5017,1,卖盘
1040,10:27:00,50.17,25086,5,卖盘
1041,10:27:03,50.17,105359,21,卖盘
1042,10:27:09,50.17,15051,3,卖盘
1043,10:27:12,50.17,70239,14,卖盘
1044,10:27:15,50.17,25085,5,卖盘
1045,10:27:21,50.16,145490,29,卖盘
1046,10:27:27,50.18,5018,1,买盘
1047,10:27:30,50.17,160527,32,卖盘
1048,10:27:36,50.17,5017,1,买盘
1049,10:27:39,50.16,396264,79,卖盘
1050,10:27:42,50.17,45147,9,买盘
1051,10:27:45,50.17,70229,14,买盘
1052,10:27:48,50.17,30097,6,买盘
1053,10:27:51,50.16,50160,10,卖盘
1054,10:27:57,50.16,90288,18,卖盘
1055,10:28:00,50.15,85263,17,卖盘
1056,10:28:03,50.17,155511,31,买盘
1057,10:28:09,50.17,45153,9,卖盘
1058,10:28:12,50.16,165556,33,卖盘
1059,10:28:15,50.16,130407,26,买盘
1060,10:28:24,50.16,15048,3,买盘
1061,10:28:27,50.15,35108,7,卖盘
1062,10:28:30,50.14,596784,119,卖盘
1063,10:28:33,50.14,60168,12,卖盘
1064,10:28:36,50.14,105294,21,卖盘
1065,10:28:39,50.14,70191,14,买盘
1066,10:28:42,50.14,25066,5,买盘
1067,10:28:45,50.13,396030,79,卖盘
1068,10:28:51,50.14,35096,7,买盘
1069,10:28:54,50.13,70186,14,卖盘
1070,10:28:57,50.12,45117,9,卖盘
1071,10:29:00,50.14,35091,7,买盘
1072,10:29:03,50.13,60156,12,卖盘
1073,10:29:06,50.13,35091,7,卖盘
1074,10:29:09,50.14,65174,13,买盘
1075,10:29:12,50.13,175455,35,卖盘
1076,10:29:15,50.14,135356,27,买盘
1077,10:29:18,50.13,15039,3,卖盘
1078,10:29:21,50.13,60157,12,卖盘
1079,10:29:24,50.14,20053,4,买盘
1080,10:29:27,50.14,25070,5,买盘
1081,10:29:30,50.13,40105,8,卖盘
1082,10:29:33,50.14,90250,18,买盘
1083,10:29:36,50.13,20052,4,卖盘
1084,10:29:39,50.13,35091,7,卖盘
1085,10:29:42,50.13,5013,1,卖盘
1086,10:29:48,50.13,45123,9,卖盘
1087,10:29:51,50.14,55146,11,买盘
1088,10:29:54,50.14,30082,6,买盘
1089,10:29:57,50.14,25070,5,买盘
1090,10:30:00,50.14,100279,20,买盘
1091,10:30:03,50.13,20053,4,卖盘
1092,10:30:06,50.14,25070,5,买盘
1093,10:30:09,50.15,20059,4,买盘
1094,10:30:12,50.15,5015,1,买盘
1095,10:30:18,50.15,10030,2,买盘
1096,10:30:21,50.15,10030,2,买盘
1097,10:30:24,50.15,45135,9,买盘
1098,10:30:27,50.14,10028,2,卖盘
1099,10:30:36,50.14,30084,6,卖盘
1100,10:30:42,50.15,50150,10,买盘
1101,10:30:45,50.14,75221,15,卖盘
1102,10:30:48,50.15,55155,11,买盘
1103,10:30:51,50.14,25070,5,卖盘
1104,10:30:54,50.14,65182,13,卖盘
1105,10:30:57,50.15,5015,1,买盘
1106,10:31:00,50.14,60173,12,卖盘
1107,10:31:03,50.15,100296,20,买盘
1108,10:31:06,50.14,25070,5,卖盘
1109,10:31:09,50.18,937943,187,买盘
1110,10:31:12,50.16,5016,1,卖盘
1111,10:31:15,50.16,85273,17,卖盘
1112,10:31:18,50.16,20067,4,卖盘
1113,10:31:24,50.18,65231,13,买盘
1114,10:31:27,50.18,15053,3,买盘
1115,10:31:30,50.17,90307,18,卖盘
1116,10:31:39,50.17,50170,10,卖盘
1117,10:31:42,50.16,10032,2,卖盘
1118,10:31:45,50.16,10032,2,卖盘
1119,10:31:48,50.16,90288,18,卖盘
1120,10:31:54,50.16,70224,14,卖盘
1121,10:31:57,50.16,275885,55,卖盘
1122,10:32:00,50.15,20062,4,卖盘
1123,10:32:03,50.14,40120,8,卖盘
1124,10:32:06,50.16,5016,1,买盘
1125,10:32:09,50.15,40117,8,买盘
1126,10:32:12,50.15,55170,11,买盘
1127,10:32:18,50.15,60180,12,买盘
1128,10:32:21,50.15,15045,3,卖盘
1129,10:32:24,50.15,5015,1,卖盘
1130,10:32:27,50.15,255814,51,卖盘
1131,10:32:30,50.16,80245,16,买盘
1132,10:32:33,50.15,30092,6,买盘
1133,10:32:36,50.15,20060,4,卖盘
1134,10:32:42,50.15,85271,17,卖盘
1135,10:32:48,50.15,110343,22,卖盘
1136,10:32:57,50.16,60182,12,买盘
1137,10:33:00,50.16,45144,9,买盘
1138,10:33:03,50.18,386316,77,买盘
1139,10:33:06,50.2,150592,30,买盘
1140,10:33:09,50.21,732922,146,买盘
1141,10:33:12,50.22,75330,15,买盘
1142,10:33:15,50.22,10044,2,买盘
1143,10:33:18,50.2,10041,2,卖盘
1144,10:33:21,50.21,5021,1,中性盘
1145,10:33:24,50.2,15060,3,卖盘
1146,10:33:27,50.2,35141,7,卖盘
1147,10:33:30,50.19,50200,10,卖盘
1148,10:33:33,50.19,15057,3,卖盘
1149,10:33:36,50.21,5021,1,买盘
1150,10:33:39,50.19,5019,1,卖盘
1151,10:33:42,50.2,5020,1,卖盘
1152,10:33:54,50.2,10040,2,买盘
1153,10:33:57,50.18,10038,2,卖盘
1154,10:34:00,50.17,542140,108,卖盘
1155,10:34:06,50.18,15054,3,卖盘
1156,10:34:09,50.18,5018,1,卖盘
1157,10:34:12,50.18,25091,5,卖盘
1158,10:34:15,50.18,15054,3,卖盘
1159,10:34:21,50.18,65234,13,卖盘
1160,10:34:24,50.19,50190,10,买盘
1161,10:34:30,50.19,5019,1,买盘
1162,10:34:33,50.18,5018,1,卖盘
1163,10:34:36,50.18,25092,5,卖盘
1164,10:34:42,50.19,40152,8,买盘
1165,10:34:48,50.19,120456,24,买盘
1166,10:34:51,50.19,25094,5,买盘
1167,10:34:54,50.19,5019,1,买盘
1168,10:34:57,50.2,5020,1,买盘
1169,10:35:00,50.2,35131,7,买盘
1170,10:35:03,50.2,5020,1,买盘
1171,10:35:06,50.2,55220,11,买盘
1172,10:35:09,50.2,10040,2,买盘
1173,10:35:12,50.19,20076,4,卖盘
1174,10:35:15,50.2,10039,2,买盘
1175,10:35:18,50.2,607420,121,买盘
1176,10:35:24,50.21,30126,6,卖盘
1177,10:35:27,50.23,15067,3,买盘
1178,10:35:30,50.22,20088,4,卖盘
1179,10:35:39,50.21,155678,31,买盘
1180,10:35:42,50.21,25102,5,买盘
1181,10:35:45,50.21,10042,2,买盘
1182,10:35:48,50.2,15060,3,卖盘
1183,10:35:57,50.21,15062,3,买盘
1184,10:36:00,50.2,10040,2,卖盘
1185,10:36:03,50.2,110444,22,卖盘
1186,10:36:06,50.2,30120,6,卖盘
1187,10:36:09,50.2,30122,6,卖盘
1188,10:36:12,50.2,20080,4,卖盘
1189,10:36:15,50.2,100400,20,卖盘
1190,10:36:21,50.2,35140,7,卖盘
1191,10:36:27,50.2,80321,16,卖盘
1192,10:36:30,50.21,95399,19,买盘
1193,10:36:39,50.21,10042,2,卖盘
1194,10:36:45,50.22,20086,4,买盘
1195,10:36:48,50.22,5022,1,买盘
1196,10:36:54,50.21,456993,91,卖盘
1197,10:36:57,50.22,15066,3,买盘
1198,10:37:00,50.22,80352,16,买盘
1199,10:37:06,50.21,40169,8,卖盘
1200,10:37:09,50.21,10042,2,卖盘
1201,10:37:12,50.22,20088,4,买盘
1202,10:37:15,50.22,10044,2,买盘
1203,10:37:18,50.21,30129,6,卖盘
1204,10:37:21,50.22,15066,3,买盘
1205,10:37:24,50.23,236067,47,买盘
1206,10:37:27,50.22,30132,6,卖盘
1207,10:37:30,50.22,45198,9,卖盘
1208,10:37:33,50.23,25115,5,买盘
1209,10:37:36,50.22,15066,3,卖盘
1210,10:37:42,50.22,5022,1,卖盘
1211,10:37:45,50.23,5023,1,买盘
1212,10:37:51,50.23,25113,5,买盘
1213,10:37:54,50.23,50222,10,买盘
1214,10:37:57,50.23,5023,1,买盘
1215,10:38:00,50.22,5022,1,卖盘
1216,10:38:03,50.22,5022,1,卖盘
1217,10:38:06,50.22,15066,3,卖盘
1218,10:38:12,50.22,10044,2,卖盘
1219,10:38:18,50.2,120503,24,卖盘
1220,10:38:21,50.2,5020,1,卖盘
1221,10:38:24,50.2,40160,8,卖盘
1222,10:38:27,50.2,15060,3,卖盘
1223,10:38:33,50.2,15060,3,卖盘
1224,10:38:39,50.2,125500,25,卖盘
1225,10:38:42,50.2,50200,10,卖盘
1226,10:38:48,50.23,1014319,202,买盘
1227,10:38:51,50.23,65299,13,卖盘
1228,10:38:54,50.22,30132,6,卖盘
1229,10:38:57,50.23,35160,7,买盘
1230,10:39:00,50.22,30132,6,卖盘
1231,10:39:03,50.22,50225,10,卖盘
1232,10:39:06,50.2,60251,12,卖盘
1233,10:39:09,50.23,155705,31,买盘
1234,10:39:15,50.23,45207,9,买盘
1235,10:39:18,50.2,45188,9,卖盘
1236,10:39:24,50.22,5022,1,买盘
1237,10:39:30,50.21,15063,3,卖盘
1238,10:39:42,50.21,5021,1,卖盘
1239,10:39:45,50.21,25106,5,卖盘
1240,10:39:51,50.21,45182,9,买盘
1241,10:39:57,50.2,20080,4,卖盘
1242,10:40:03,50.2,10040,2,卖盘
1243,10:40:06,50.2,50201,10,卖盘
1244,10:40:09,50.2,165676,33,卖盘
1245,10:40:18,50.21,120502,24,买盘
1246,10:40:21,50.21,75314,15,买盘
1247,10:40:24,50.2,25100,5,卖盘
1248,10:40:27,50.2,15060,3,卖盘
1249,10:40:30,50.21,30125,6,买盘
1250,10:40:39,50.22,456946,91,买盘
1251,10:40:42,50.22,35154,7,买盘
1252,10:40:45,50.24,853819,170,买盘
1253,10:40:48,50.25,5025,1,买盘
1254,10:40:54,50.24,5024,1,卖盘
1255,10:40:57,50.23,45210,9,卖盘
1256,10:41:03,50.23,5023,1,卖盘
1257,10:41:06,50.24,155717,31,买盘
1258,10:41:09,50.23,15069,3,卖盘
1259,10:41:15,50.21,30134,6,卖盘
1260,10:41:18,50.21,15063,3,卖盘
1261,10:41:24,50.21,20085,4,卖盘
1262,10:41:42,50.22,20088,4,买盘
1263,10:41:45,50.21,35147,7,卖盘
1264,10:41:48,50.21,45189,9,卖盘
1265,10:41:51,50.21,10042,2,卖盘
1266,10:41:54,50.21,5021,1,卖盘
1267,10:41:57,50.22,50220,10,买盘
1268,10:42:03,50.22,55242,11,买盘
1269,10:42:09,50.22,40182,8,卖盘
1270,10:42:12,50.23,50229,10,买盘
1271,10:42:15,50.21,5021,1,卖盘
1272,10:42:21,50.21,10042,2,卖盘
1273,10:42:24,50.21,5021,1,卖盘
1274,10:42:36,50.22,90370,18,买盘
1275,10:42:42,50.19,75289,15,卖盘
1276,10:42:45,50.19,5019,1,卖盘
1277,10:42:48,50.19,10038,2,卖盘
1278,10:42:51,50.21,120499,24,买盘
1279,10:42:57,50.21,10042,2,卖盘
1280,10:43:03,50.2,50197,10,卖盘
1281,10:43:06,50.19,20077,4,卖盘
1282,10:43:09,50.19,311129,62,卖盘
1283,10:43:12,50.18,15054,3,卖盘
1284,10:43:15,50.19,316137,63,买盘
1285,10:43:18,50.19,35129,7,买盘
1286,10:43:27,50.18,160617,32,买盘
1287,10:43:33,50.18,40147,8,卖盘
1288,10:43:36,50.17,90322,18,卖盘
1289,10:43:39,50.18,5018,1,买盘
1290,10:43:42,50.18,15054,3,买盘
1291,10:43:45,50.17,50170,10,卖盘
1292,10:43:48,50.18,476574,95,买盘
1293,10:43:51,50.17,15051,3,中性盘
1294,10:43:54,50.2,431720,86,买盘
1295,10:43:57,50.2,281085,56,卖盘
1296,10:44:00,50.2,10040,2,卖盘
1297,10:44:09,50.2,251000,50,卖盘
1298,10:44:15,50.22,35152,7,买盘
1299,10:44:18,50.2,50200,10,卖盘
1300,10:44:21,50.19,15057,3,卖盘
1301,10:44:24,50.19,90347,18,卖盘
1302,10:44:27,50.19,45171,9,卖盘
1303,10:44:30,50.19,15057,3,卖盘
1304,10:44:36,50.19,55209,11,卖盘
1305,10:44:39,50.18,55208,11,卖盘
1306,10:44:42,50.18,35126,7,卖盘
1307,10:44:45,50.18,65234,13,卖盘
1308,10:44:48,50.18,10036,2,卖盘
1309,10:44:51,50.18,120432,24,卖盘
1310,10:44:54,50.17,20069,4,卖盘
1311,10:44:57,50.18,40142,8,买盘
1312,10:45:03,50.17,95323,19,卖盘
1313,10:45:06,50.17,20068,4,买盘
1314,10:45:09,50.17,10034,2,买盘
1315,10:45:12,50.17,35119,7,买盘
1316,10:45:15,50.17,230782,46,买盘
1317,10:45:21,50.17,90321,18,卖盘
1318,10:45:24,50.18,672412,134,买盘
1319,10:45:27,50.19,40150,8,买盘
1320,10:45:36,50.18,15054,3,卖盘
1321,10:45:42,50.18,5018,1,卖盘
1322,10:45:45,50.19,10038,2,买盘
1323,10:45:48,50.19,45168,9,买盘
1324,10:46:03,50.19,10038,2,买盘
1325,10:46:06,50.17,45158,9,卖盘
1326,10:46:09,50.17,10034,2,卖盘
1327,10:46:12,50.17,35122,7,卖盘
1328,10:46:15,50.17,15051,3,卖盘
1329,10:46:21,50.17,25088,5,卖盘
1330,10:46:24,50.18,35124,7,买盘
1331,10:46:27,50.17,45161,9,卖盘
1332,10:46:30,50.18,105378,21,买盘
1333,10:46:36,50.17,20068,4,卖盘
1334,10:46:39,50.17,15051,3,卖盘
1335,10:46:42,50.18,15054,3,买盘
1336,10:46:48,50.18,15052,3,买盘
1337,10:46:51,50.17,10034,2,卖盘
1338,10:46:54,50.18,10036,2,买盘
1339,10:46:57,50.17,10034,2,卖盘
1340,10:47:03,50.17,25085,5,卖盘
1341,10:47:06,50.17,15051,3,卖盘
1342,10:47:09,50.17,326105,65,卖盘
1343,10:47:12,50.16,75249,15,卖盘
1344,10:47:18,50.16,5016,1,卖盘
1345,10:47:21,50.17,120407,24,买盘
1346,10:47:24,50.17,5017,1,买盘
1347,10:47:30,50.16,20064,4,卖盘
1348,10:47:36,50.16,45144,9,卖盘
1349,10:47:42,50.16,25080,5,卖盘
1350,10:47:45,50.16,5016,1,卖盘
1351,10:47:48,50.17,90302,18,买盘
1352,10:47:51,50.17,15051,3,买盘
1353,10:47:54,50.17,20068,4,买盘
1354,10:48:03,50.17,75255,15,买盘
1355,10:48:09,50.16,20067,4,卖盘
1356,10:48:12,50.16,10032,2,卖盘
1357,10:48:18,50.16,10033,2,卖盘
1358,10:48:21,50.17,5017,1,买盘
1359,10:48:24,50.16,20064,4,卖盘
1360,10:48:27,50.16,35112,7,卖盘
1361,10:48:30,50.16,35112,7,卖盘
1362,10:48:33,50.16,40129,8,卖盘
1363,10:48:36,50.16,10032,2,卖盘
1364,10:48:39,50.16,491576,98,卖盘
1365,10:48:42,50.15,35109,7,卖盘
1366,10:48:45,50.15,15045,3,卖盘
1367,10:48:48,50.15,366095,73,卖盘
1368,10:48:54,50.15,20062,4,卖盘
1369,10:48:57,50.15,25078,5,卖盘
1370,10:49:00,50.16,5016,1,买盘
1371,10:49:03,50.15,55166,11,卖盘
1372,10:49:06,50.15,30090,6,卖盘
1373,10:49:09,50.15,116298,23,卖盘
1374,10:49:12,50.14,90268,18,卖盘
1375,10:49:15,50.14,10029,2,卖盘
1376,10:49:21,50.14,275770,55,卖盘
1377,10:49:24,50.15,95271,19,买盘
1378,10:49:27,50.14,15042,3,卖盘
1379,10:49:30,50.14,30084,6,卖盘
1380,10:49:33,50.14,60170,12,卖盘
1381,10:49:36,50.14,70197,14,卖盘
1382,10:49:39,50.15,20060,4,买盘
1383,10:49:42,50.15,50150,10,买盘
1384,10:49:45,50.15,401123,80,买盘
1385,10:49:51,50.14,4813,1,卖盘
1386,10:49:54,50.14,199607,40,卖盘
1387,10:49:57,50.14,5014,1,卖盘
1388,10:50:00,50.14,35098,7,卖盘
1389,10:50:03,50.14,15042,3,卖盘
1390,10:50:06,50.15,295794,59,买盘
1391,10:50:09,50.13,25068,5,卖盘
1392,10:50:18,50.15,110330,22,买盘
1393,10:50:21,50.15,50150,10,买盘
1394,10:50:24,50.14,20056,4,卖盘
1395,10:50:27,50.14,20057,4,卖盘
1396,10:50:33,50.15,135403,27,买盘
1397,10:50:42,50.14,5014,1,卖盘
1398,10:50:45,50.15,5015,1,买盘
1399,10:50:51,50.14,15042,3,卖盘
1400,10:50:54,50.15,10030,2,买盘
1401,10:50:57,50.14,30087,6,卖盘
1402,10:51:03,50.14,5014,1,卖盘
1403,10:51:06,50.14,10028,2,卖盘
1404,10:51:15,50.15,15045,3,买盘
1405,10:51:21,50.14,10028,2,卖盘
1406,10:51:24,50.14,30086,6,卖盘
1407,10:51:27,50.14,35098,7,卖盘
1408,10:51:30,50.13,140387,28,卖盘
1409,10:51:36,50.14,180503,36,买盘
1410,10:51:39,50.14,40112,8,卖盘
1411,10:51:42,50.14,40112,8,卖盘
1412,10:51:45,50.13,15039,3,卖盘
1413,10:51:48,50.14,20054,4,买盘
1414,10:51:51,50.13,35095,7,卖盘
1415,10:51:54,50.13,105285,21,卖盘
1416,10:51:57,50.14,50140,10,买盘
1417,10:52:03,50.14,5014,1,买盘
1418,10:52:06,50.13,626625,125,卖盘
1419,10:52:09,50.14,10028,2,买盘
1420,10:52:12,50.13,135357,27,卖盘
1421,10:52:18,50.13,15039,3,卖盘
1422,10:52:21,50.13,15039,3,卖盘
1423,10:52:24,50.14,40112,8,买盘
1424,10:52:27,50.13,5013,1,卖盘
1425,10:52:30,50.14,210588,42,买盘
1426,10:52:36,50.14,5014,1,卖盘
1427,10:52:45,50.14,5014,1,卖盘
1428,10:52:48,50.15,155465,31,买盘
1429,10:52:51,50.14,10028,2,卖盘
1430,10:52:54,50.15,40118,8,买盘
1431,10:52:57,50.15,105315,21,买盘
1432,10:53:00,50.14,5014,1,卖盘
1433,10:53:06,50.15,120360,24,买盘
1434,10:53:09,50.15,5015,1,买盘
1435,10:53:12,50.15,50150,10,买盘
1436,10:53:15,50.14,5014,1,卖盘
1437,10:53:18,50.15,135405,27,买盘
1438,10:53:24,50.16,10032,2,买盘
1439,10:53:27,50.15,95287,19,卖盘
1440,10:53:30,50.15,15045,3,卖盘
1441,10:53:33,50.15,55165,11,卖盘
1442,10:53:39,50.16,10032,2,买盘
1443,10:53:42,50.14,95281,19,卖盘
1444,10:53:45,50.15,35103,7,买盘
1445,10:53:48,50.14,45126,9,卖盘
1446,10:53:51,50.14,25070,5,卖盘
1447,10:53:54,50.14,5014,1,卖盘
1448,10:53:57,50.14,165462,33,卖盘
1449,10:54:03,50.14,150420,30,卖盘
1450,10:54:12,50.14,471329,94,卖盘
1451,10:54:15,50.13,125346,25,卖盘
1452,10:54:18,50.13,40104,8,卖盘
1453,10:54:24,50.14,25070,5,买盘
1454,10:54:27,50.13,15039,3,卖盘
1455,10:54:33,50.14,50140,10,买盘
1456,10:54:36,50.14,25070,5,中性盘
1457,10:54:42,50.13,10027,2,卖盘
1458,10:54:45,50.13,50131,10,卖盘
1459,10:54:51,50.15,45135,9,买盘
1460,10:54:54,50.14,5014,1,卖盘
1461,10:54:57,50.14,5014,1,卖盘
1462,10:55:00,50.14,135378,27,卖盘
1463,10:55:03,50.14,100280,20,买盘
1464,10:55:06,50.13,40104,8,卖盘
1465,10:55:09,50.13,5013,1,卖盘
1466,10:55:12,50.13,35091,7,卖盘
1467,10:55:18,50.14,30079,6,中性盘
1468,10:55:24,50.13,15039,3,卖盘
1469,10:55:27,50.13,10027,2,卖盘
1470,10:55:39,50.13,45117,9,卖盘
1471,10:55:45,50.13,95263,19,卖盘
1472,10:55:48,50.13,35093,7,卖盘
1473,10:55:51,50.13,15039,3,卖盘
1474,10:55:54,50.13,431118,86,卖盘
1475,10:56:00,50.13,5013,1,卖盘
1476,10:56:06,50.14,10028,2,买盘
1477,10:56:09,50.14,195518,39,买盘
1478,10:56:12,50.13,80208,16,卖盘
1479,10:56:15,50.14,5014,1,买盘
1480,10:56:18,50.13,35091,7,卖盘
1481,10:56:21,50.13,20054,4,卖盘
1482,10:56:24,50.14,20056,4,买盘
1483,10:56:27,50.14,10028,2,买盘
1484,10:56:33,50.14,155438,31,买盘
1485,10:56:36,50.15,5015,1,买盘
1486,10:56:39,50.15,35105,7,买盘
1487,10:56:42,50.15,10029,2,买盘
1488,10:56:45,50.14,300840,60,卖盘
1489,10:56:48,50.14,5014,1,卖盘
1490,10:56:51,50.14,20056,4,卖盘
1491,10:56:57,50.14,40118,8,卖盘
1492,10:57:00,50.15,10030,2,买盘
1493,10:57:03,50.15,10030,2,买盘
1494,10:57:06,50.14,25074,5,卖盘
1495,10:57:09,50.14,10028,2,卖盘
1496,10:57:12,50.15,150440,30,买盘
1497,10:57:15,50.14,35098,7,卖盘
1498,10:57:18,50.14,5014,1,卖盘
1499,10:57:21,50.15,240703,48,买盘
1500,10:57:24,50.14,160448,32,卖盘
1501,10:57:27,50.14,5014,1,卖盘
1502,10:57:30,50.15,5015,1,买盘
1503,10:57:33,50.14,120336,24,卖盘
1504,10:57:36,50.13,10027,2,卖盘
1505,10:57:39,50.13,25066,5,卖盘
1506,10:57:45,50.13,35092,7,卖盘
1507,10:57:48,50.13,10026,2,卖盘
1508,10:57:51,50.13,20052,4,卖盘
1509,10:57:54,50.14,50140,10,买盘
1510,10:58:00,50.14,100268,20,买盘
1511,10:58:03,50.14,20056,4,买盘
1512,10:58:06,50.14,15042,3,买盘
1513,10:58:09,50.14,40108,8,买盘
1514,10:58:12,50.14,20056,4,买盘
1515,10:58:15,50.13,35091,7,卖盘
1516,10:58:21,50.14,150420,30,卖盘
1517,10:58:24,50.15,100300,20,买盘
1518,10:58:27,50.15,5015,1,买盘
1519,10:58:33,50.16,571799,114,买盘
1520,10:58:36,50.15,300913,60,卖盘
1521,10:58:42,50.17,30097,6,买盘
1522,10:58:45,50.17,30102,6,买盘
1523,10:58:51,50.18,50180,10,买盘
1524,10:59:00,50.19,10038,2,买盘
1525,10:59:03,50.19,331298,66,买盘
1526,10:59:06,50.2,1124480,224,买盘
1527,10:59:09,50.2,240960,48,买盘
1528,10:59:12,50.21,426780,85,买盘
1529,10:59:15,50.2,150609,30,卖盘
1530,10:59:30,50.21,165707,33,卖盘
1531,10:59:36,50.2,10041,2,卖盘
1532,10:59:39,50.2,25102,5,卖盘
1533,10:59:48,50.2,10040,2,卖盘
1534,10:59:51,50.2,30120,6,卖盘
1535,10:59:57,50.2,55220,11,卖盘
1536,11:00:00,50.2,155621,31,卖盘
1537,11:00:03,50.2,20080,4,卖盘
1538,11:00:06,50.2,170680,34,卖盘
1539,11:00:09,50.2,195780,39,卖盘
1540,11:00:12,50.2,10040,2,卖盘
1541,11:00:15,50.2,170680,34,卖盘
1542,11:00:18,50.21,170709,34,买盘
1543,11:00:21,50.23,582459,116,买盘
1544,11:00:27,50.22,55243,11,卖盘
1545,11:00:30,50.23,95438,19,买盘
1546,11:00:33,50.22,15067,3,卖盘
1547,11:00:36,50.23,145642,29,买盘
1548,11:00:39,50.23,90426,18,卖盘
1549,11:00:45,50.23,55253,11,买盘
1550,11:00:48,50.23,25115,5,卖盘
1551,11:00:51,50.23,15069,3,卖盘
1552,11:00:54,50.22,50228,10,卖盘
1553,11:00:57,50.22,10044,2,卖盘
1554,11:01:00,50.23,5023,1,买盘
1555,11:01:03,50.22,130597,26,卖盘
1556,11:01:06,50.24,15068,3,买盘
1557,11:01:09,50.22,15066,3,卖盘
1558,11:01:12,50.23,20092,4,买盘
1559,11:01:15,50.22,125549,25,卖盘
1560,11:01:18,50.21,10042,2,卖盘
1561,11:01:21,50.22,25110,5,买盘
1562,11:01:24,50.21,70306,14,卖盘
1563,11:01:30,50.22,5022,1,卖盘
1564,11:01:33,50.23,50227,10,买盘
1565,11:01:36,50.23,10045,2,中性盘
1566,11:01:39,50.22,15066,3,卖盘
1567,11:01:42,50.23,60273,12,买盘
1568,11:01:48,50.23,20092,4,卖盘
1569,11:01:51,50.23,15069,3,卖盘
1570,11:01:54,50.23,105488,21,卖盘
1571,11:01:57,50.22,25110,5,卖盘
1572,11:02:00,50.22,20088,4,卖盘
1573,11:02:03,50.26,1532556,305,买盘
1574,11:02:06,50.27,201018,40,买盘
1575,11:02:09,50.28,5028,1,买盘
1576,11:02:12,50.27,10054,2,卖盘
1577,11:02:15,50.29,55306,11,买盘
1578,11:02:18,50.28,15084,3,买盘
1579,11:02:21,50.27,135731,27,卖盘
1580,11:02:24,50.27,10055,2,卖盘
1581,11:02:27,50.28,55308,11,卖盘
1582,11:02:30,50.29,150844,30,买盘
1583,11:02:33,50.27,25135,5,卖盘
1584,11:02:36,50.27,25135,5,卖盘
1585,11:02:39,50.28,15084,3,买盘
1586,11:02:42,50.27,35189,7,卖盘
1587,11:02:45,50.28,85453,17,买盘
1588,11:02:48,50.28,15084,3,买盘
1589,11:02:51,50.26,236225,47,卖盘
1590,11:02:54,50.26,10053,2,卖盘
1591,11:03:00,50.27,150804,30,买盘
1592,11:03:03,50.28,30168,6,买盘
1593,11:03:06,50.27,10054,2,卖盘
1594,11:03:09,50.27,15081,3,卖盘
1595,11:03:15,50.27,5027,1,中性盘
1596,11:03:21,50.28,15084,3,买盘
1597,11:03:24,50.26,165876,33,卖盘
1598,11:03:27,50.26,15078,3,卖盘
1599,11:03:30,50.26,20104,4,卖盘
1600,11:03:33,50.26,120647,24,卖盘
1601,11:03:36,50.26,196017,39,卖盘
1602,11:03:39,50.26,125649,25,卖盘
1603,11:03:42,50.25,30155,6,卖盘
1604,11:03:45,50.25,50250,10,卖盘
1605,11:03:48,50.25,150750,30,卖盘
1606,11:03:51,50.25,15075,3,卖盘
1607,11:03:54,50.25,211050,42,卖盘
1608,11:03:57,50.25,25125,5,卖盘
1609,11:04:00,50.25,35175,7,卖盘
1610,11:04:03,50.24,145723,29,卖盘
1611,11:04:09,50.24,20096,4,卖盘
1612,11:04:12,50.23,80381,16,卖盘
1613,11:04:15,50.23,30140,6,卖盘
1614,11:04:18,50.23,10046,2,卖盘
1615,11:04:21,50.23,5023,1,卖盘
1616,11:04:24,50.23,70322,14,卖盘
1617,11:04:27,50.23,45207,9,卖盘
1618,11:04:30,50.23,40184,8,卖盘
1619,11:04:36,50.23,25115,5,卖盘
1620,11:04:39,50.24,50240,10,买盘
1621,11:04:42,50.23,30138,6,卖盘
1622,11:04:48,50.23,40184,8,卖盘
1623,11:04:51,50.23,20092,4,买盘
1624,11:04:54,50.22,20088,4,卖盘
1625,11:04:57,50.21,20084,4,卖盘
1626,11:05:00,50.21,195829,39,卖盘
1627,11:05:03,50.2,5020,1,卖盘
1628,11:05:06,50.19,150599,30,卖盘
1629,11:05:12,50.19,25095,5,卖盘
1630,11:05:15,50.2,40156,8,买盘
1631,11:05:18,50.19,15059,3,卖盘
1632,11:05:21,50.19,15057,3,卖盘
1633,11:05:24,50.19,5019,1,卖盘
1634,11:05:27,50.19,15057,3,卖盘
1635,11:05:30,50.2,40158,8,买盘
1636,11:05:39,50.19,15057,3,卖盘
1637,11:05:42,50.18,145542,29,卖盘
1638,11:05:45,50.18,65234,13,卖盘
1639,11:05:48,50.17,25085,5,卖盘
1640,11:05:51,50.17,401360,80,卖盘
1641,11:05:54,50.16,85272,17,卖盘
1642,11:05:57,50.14,100299,20,卖盘
1643,11:06:00,50.15,35105,7,买盘
1644,11:06:06,50.14,100301,20,卖盘
1645,11:06:09,50.14,30087,6,卖盘
1646,11:06:12,50.14,60168,12,卖盘
1647,11:06:15,50.15,5015,1,中性盘
1648,11:06:18,50.15,315945,63,卖盘
1649,11:06:21,50.15,20060,4,卖盘
1650,11:06:24,50.15,45135,9,卖盘
1651,11:06:27,50.15,45135,9,卖盘
1652,11:06:30,50.15,25075,5,买盘
1653,11:06:33,50.15,5015,1,卖盘
1654,11:06:36,50.15,10030,2,卖盘
1655,11:06:39,50.15,150450,30,卖盘
1656,11:06:42,50.16,15046,3,买盘
1657,11:06:45,50.15,50150,10,卖盘
1658,11:06:48,50.15,45135,9,卖盘
1659,11:06:51,50.15,180540,36,卖盘
1660,11:06:54,50.15,10030,2,卖盘
1661,11:06:57,50.14,15042,3,卖盘
1662,11:07:03,50.15,30090,6,买盘
1663,11:07:06,50.16,40128,8,买盘
1664,11:07:09,50.16,195629,39,买盘
1665,11:07:12,50.17,40136,8,买盘
1666,11:07:15,50.17,20068,4,卖盘
1667,11:07:24,50.18,40144,8,买盘
1668,11:07:27,50.17,10034,2,卖盘
1669,11:07:36,50.17,10034,2,卖盘
1670,11:07:39,50.18,20072,4,买盘
1671,11:07:42,50.17,100340,20,卖盘
1672,11:07:48,50.16,40134,8,卖盘
1673,11:07:51,50.16,5016,1,卖盘
1674,11:07:54,50.16,35107,7,买盘
1675,11:07:57,50.15,30091,6,卖盘
1676,11:08:00,50.15,20060,4,卖盘
1677,11:08:03,50.15,40121,8,卖盘
1678,11:08:06,50.16,90288,18,买盘
1679,11:08:12,50.18,612153,122,买盘
1680,11:08:15,50.18,10036,2,卖盘
1681,11:08:21,50.18,55198,11,卖盘
1682,11:08:24,50.2,10040,2,买盘
1683,11:08:30,50.17,25087,5,卖盘
1684,11:08:33,50.17,5017,1,卖盘
1685,11:08:42,50.18,20072,4,卖盘
1686,11:08:45,50.18,10036,2,卖盘
1687,11:08:48,50.18,150540,30,卖盘
1688,11:08:51,50.18,35126,7,卖盘
1689,11:08:54,50.18,160577,32,卖盘
1690,11:08:57,50.17,20069,4,卖盘
1691,11:09:00,50.17,30109,6,卖盘
1692,11:09:03,50.18,25093,5,中性盘
1693,11:09:06,50.2,75287,15,买盘
1694,11:09:09,50.18,60216,12,卖盘
1695,11:09:12,50.18,15054,3,卖盘
1696,11:09:15,50.18,10036,2,卖盘
1697,11:09:18,50.2,180720,36,买盘
1698,11:09:21,50.2,40161,8,卖盘
1699,11:09:27,50.23,35161,7,买盘
1700,11:09:30,50.22,10044,2,中性盘
1701,11:09:36,50.21,30126,6,卖盘
1702,11:09:39,50.21,10042,2,卖盘
1703,11:09:42,50.21,10043,2,卖盘
1704,11:09:48,50.21,15063,3,卖盘
1705,11:09:51,50.2,5020,1,卖盘
1706,11:09:57,50.2,5020,1,卖盘
1707,11:10:00,50.2,35140,7,卖盘
1708,11:10:03,50.2,20078,4,卖盘
1709,11:10:06,50.19,10038,2,卖盘
1710,11:10:09,50.2,5020,1,买盘
1711,11:10:12,50.19,5019,1,卖盘
1712,11:10:15,50.19,15057,3,卖盘
1713,11:10:18,50.2,271080,54,买盘
1714,11:10:21,50.2,225903,45,买盘
1715,11:10:24,50.2,15060,3,卖盘
1716,11:10:33,50.2,110440,22,卖盘
1717,11:10:36,50.21,451881,90,买盘
1718,11:10:39,50.21,40168,8,卖盘
1719,11:10:45,50.21,5021,1,卖盘
1720,11:10:48,50.21,5021,1,卖盘
1721,11:10:51,50.21,30126,6,卖盘
1722,11:10:54,50.22,5022,1,买盘
1723,11:10:57,50.21,5021,1,卖盘
1724,11:11:00,50.21,150630,30,卖盘
1725,11:11:03,50.21,5021,1,卖盘
1726,11:11:09,50.21,25105,5,卖盘
1727,11:11:15,50.21,25105,5,卖盘
1728,11:11:18,50.22,170718,34,买盘
1729,11:11:21,50.21,10042,2,卖盘
1730,11:11:24,50.2,35143,7,卖盘
1731,11:11:27,50.2,20081,4,卖盘
1732,11:11:30,50.2,150600,30,卖盘
1733,11:11:36,50.2,256051,51,卖盘
1734,11:11:42,50.2,150602,30,卖盘
1735,11:11:45,50.21,10042,2,中性盘
1736,11:11:51,50.2,125500,25,卖盘
1737,11:11:54,50.2,35140,7,买盘
1738,11:11:57,50.2,10040,2,中性盘
1739,11:12:06,50.21,45189,9,买盘
1740,11:12:09,50.19,55224,11,卖盘
1741,11:12:15,50.2,25104,5,卖盘
1742,11:12:18,50.25,683173,136,买盘
1743,11:12:24,50.25,20100,4,买盘
1744,11:12:27,50.27,155817,31,买盘
1745,11:12:30,50.27,603253,120,买盘
1746,11:12:33,50.28,10056,2,买盘
1747,11:12:36,50.28,70405,14,卖盘
1748,11:12:39,50.29,10058,2,买盘
1749,11:12:42,50.29,60348,12,买盘
1750,11:12:45,50.29,5029,1,买盘
1751,11:12:48,50.29,60348,12,买盘
1752,11:12:51,50.29,10058,2,买盘
1753,11:12:54,50.28,60347,12,卖盘
1754,11:12:57,50.29,130729,26,买盘
1755,11:13:03,50.29,25145,5,买盘
1756,11:13:06,50.29,15087,3,买盘
1757,11:13:09,50.29,10058,2,买盘
1758,11:13:12,50.28,90504,18,卖盘
1759,11:13:18,50.28,30168,6,买盘
1760,11:13:21,50.29,75411,15,买盘
1761,11:13:24,50.29,10058,2,买盘
1762,11:13:27,50.29,211168,42,买盘
1763,11:13:30,50.29,5029,1,卖盘
1764,11:13:33,50.29,120715,24,卖盘
1765,11:13:36,50.3,467788,93,买盘
1766,11:13:39,50.3,45270,9,买盘
1767,11:13:42,50.31,25152,5,买盘
1768,11:13:48,50.3,30180,6,买盘
1769,11:13:51,50.29,45262,9,卖盘
1770,11:13:54,50.3,10059,2,买盘
1771,11:14:03,50.28,5028,1,卖盘
1772,11:14:06,50.28,105625,21,卖盘
1773,11:14:09,50.3,5030,1,买盘
1774,11:14:12,50.3,70417,14,买盘
1775,11:14:15,50.3,105623,21,买盘
1776,11:14:24,50.29,10058,2,卖盘
1777,11:14:27,50.29,20116,4,卖盘
1778,11:14:30,50.29,5029,1,卖盘
1779,11:14:33,50.3,5030,1,买盘
1780,11:14:36,50.29,55319,11,卖盘
1781,11:14:39,50.29,60348,12,卖盘
1782,11:14:42,50.29,35207,7,卖盘
1783,11:14:45,50.29,10058,2,卖盘
1784,11:14:57,50.29,60351,12,卖盘
1785,11:15:00,50.29,95562,19,卖盘
1786,11:15:03,50.3,251490,50,买盘
1787,11:15:06,50.3,20120,4,卖盘
1788,11:15:09,50.3,35210,7,卖盘
1789,11:15:12,50.3,15090,3,卖盘
1790,11:15:15,50.3,120724,24,卖盘
1791,11:15:18,50.32,910626,181,买盘
1792,11:15:24,50.33,5033,1,买盘
1793,11:15:30,50.33,80521,16,买盘
1794,11:15:33,50.33,30194,6,买盘
1795,11:15:36,50.32,5032,1,卖盘
1796,11:15:39,50.32,30193,6,卖盘
1797,11:15:42,50.31,40256,8,卖盘
1798,11:15:45,50.32,5032,1,买盘
1799,11:15:48,50.32,50320,10,买盘
1800,11:15:51,50.32,5032,1,买盘
1801,11:16:06,50.31,5031,1,卖盘
1802,11:16:09,50.31,5031,1,卖盘
1803,11:16:12,50.31,5031,1,卖盘
1804,11:16:15,50.32,65415,13,买盘
1805,11:16:18,50.32,55352,11,买盘
1806,11:16:21,50.31,10062,2,卖盘
1807,11:16:24,50.31,5031,1,卖盘
1808,11:16:30,50.32,25160,5,买盘
1809,11:16:33,50.31,25155,5,卖盘
1810,11:16:36,50.32,5032,1,买盘
1811,11:16:39,50.31,15093,3,卖盘
1812,11:16:42,50.31,70446,14,卖盘
1813,11:16:45,50.31,5031,1,卖盘
1814,11:16:48,50.31,30186,6,卖盘
1815,11:16:51,50.32,20125,4,买盘
1816,11:16:54,50.31,10062,2,卖盘
1817,11:17:00,50.32,25157,5,买盘
1818,11:17:06,50.31,15093,3,卖盘
1819,11:17:09,50.32,140889,28,买盘
1820,11:17:12,50.31,5031,1,卖盘
1821,11:17:18,50.32,15096,3,买盘
1822,11:17:24,50.32,729739,145,买盘
1823,11:17:27,50.32,45288,9,卖盘
1824,11:17:30,50.32,30195,6,卖盘
1825,11:17:33,50.33,10066,2,买盘
1826,11:17:36,50.33,10066,2,买盘
1827,11:17:39,50.33,25162,5,中性盘
1828,11:17:45,50.33,10066,2,买盘
1829,11:17:54,50.32,20131,4,卖盘
1830,11:17:57,50.32,20130,4,卖盘
1831,11:18:00,50.32,110703,22,卖盘
1832,11:18:03,50.33,55357,11,买盘
1833,11:18:06,50.32,5032,1,卖盘
1834,11:18:09,50.33,120785,24,买盘
1835,11:18:12,50.32,20131,4,卖盘
1836,11:18:15,50.32,15098,3,卖盘
1837,11:18:18,50.34,60400,12,买盘
1838,11:18:24,50.32,15098,3,卖盘
1839,11:18:30,50.32,40256,8,卖盘
1840,11:18:33,50.32,161024,32,买盘
1841,11:18:36,50.33,85565,17,买盘
1842,11:18:39,50.31,271730,54,卖盘
1843,11:18:42,50.33,10066,2,中性盘
1844,11:18:45,50.31,427636,85,卖盘
1845,11:18:48,50.31,15092,3,买盘
1846,11:18:51,50.31,5031,1,买盘
1847,11:18:54,50.3,15090,3,卖盘
1848,11:18:57,50.31,15091,3,买盘
1849,11:19:00,50.3,75460,15,卖盘
1850,11:19:03,50.3,25150,5,卖盘
1851,11:19:06,50.31,10061,2,买盘
1852,11:19:09,50.3,30180,6,卖盘
1853,11:19:12,50.29,55329,11,卖盘
1854,11:19:15,50.29,20118,4,卖盘
1855,11:19:18,50.3,55322,11,买盘
1856,11:19:21,50.29,65377,13,卖盘
1857,11:19:24,50.29,25145,5,卖盘
1858,11:19:27,50.29,5029,1,卖盘
1859,11:19:30,50.3,130773,26,买盘
1860,11:19:33,50.3,40240,8,卖盘
1861,11:19:36,50.3,20120,4,卖盘
1862,11:19:39,50.3,5030,1,买盘
1863,11:19:45,50.29,10059,2,卖盘
1864,11:19:48,50.29,15087,3,卖盘
1865,11:19:51,50.29,25145,5,卖盘
1866,11:19:54,50.29,5029,1,买盘
1867,11:19:57,50.29,5029,1,买盘
1868,11:20:00,50.29,10058,2,卖盘
1869,11:20:03,50.3,50300,10,买盘
1870,11:20:06,50.28,5028,1,卖盘
1871,11:20:09,50.28,20115,4,卖盘
1872,11:20:15,50.29,55312,11,买盘
1873,11:20:18,50.29,120693,24,买盘
1874,11:20:21,50.29,236360,47,买盘
1875,11:20:24,50.29,50288,10,买盘
1876,11:20:27,50.29,45261,9,买盘
1877,11:20:30,50.29,55319,11,买盘
1878,11:20:33,50.29,5029,1,买盘
1879,11:20:36,50.28,15086,3,卖盘
1880,11:20:57,50.29,15087,3,买盘
1881,11:21:00,50.29,387268,77,买盘
1882,11:21:03,50.29,115688,23,卖盘
1883,11:21:06,50.32,256536,51,买盘
1884,11:21:12,50.31,10062,2,卖盘
1885,11:21:18,50.32,20128,4,买盘
1886,11:21:21,50.31,10062,2,卖盘
1887,11:21:24,50.32,100637,20,买盘
1888,11:21:33,50.32,15096,3,卖盘
1889,11:21:36,50.32,50320,10,卖盘
1890,11:21:39,50.32,60384,12,卖盘
1891,11:21:42,50.33,55363,11,买盘
1892,11:21:45,50.32,5032,1,卖盘
1893,11:21:48,50.33,105693,21,买盘
1894,11:21:51,50.33,25165,5,买盘
1895,11:21:57,50.33,5033,1,买盘
1896,11:22:00,50.32,35226,7,卖盘
1897,11:22:03,50.32,20130,4,卖盘
1898,11:22:06,50.33,25165,5,买盘
1899,11:22:09,50.33,5033,1,买盘
1900,11:22:12,50.33,25162,5,买盘
1901,11:22:15,50.33,5033,1,买盘
1902,11:22:21,50.32,40256,8,卖盘
1903,11:22:24,50.32,5032,1,卖盘
1904,11:22:27,50.31,110700,22,卖盘
1905,11:22:30,50.32,150925,30,买盘
1906,11:22:33,50.28,20112,4,卖盘
1907,11:22:39,50.28,25140,5,卖盘
1908,11:22:42,50.28,5028,1,卖盘
1909,11:22:48,50.28,20112,4,卖盘
1910,11:22:51,50.31,85527,17,买盘
1911,11:22:54,50.31,5031,1,卖盘
1912,11:22:57,50.32,20125,4,买盘
1913,11:23:00,50.31,40248,8,卖盘
1914,11:23:03,50.28,125772,25,卖盘
1915,11:23:06,50.31,25155,5,买盘
1916,11:23:15,50.28,10056,2,卖盘
1917,11:23:18,50.28,5028,1,卖盘
1918,11:23:21,50.28,10056,2,卖盘
1919,11:23:24,50.28,25140,5,卖盘
1920,11:23:27,50.3,15086,3,买盘
1921,11:23:30,50.3,45264,9,买盘
1922,11:23:33,50.28,5028,1,卖盘
1923,11:23:36,50.3,50288,10,买盘
1924,11:23:39,50.28,35197,7,卖盘
1925,11:23:42,50.28,30169,6,卖盘
1926,11:23:48,50.27,140782,28,卖盘
1927,11:23:51,50.29,10056,2,买盘
1928,11:23:54,50.27,75405,15,卖盘
1929,11:23:57,50.26,45234,9,卖盘
1930,11:24:00,50.26,10052,2,卖盘
1931,11:24:03,50.26,25130,5,卖盘
1932,11:24:06,50.25,241247,48,卖盘
1933,11:24:09,50.25,20100,4,卖盘
1934,11:24:12,50.25,70350,14,卖盘
1935,11:24:15,50.25,5025,1,卖盘
1936,11:24:21,50.24,10048,2,卖盘
1937,11:24:24,50.24,80400,16,卖盘
1938,11:24:27,50.25,75382,15,中性盘
1939,11:24:33,50.26,5026,1,买盘
1940,11:24:36,50.26,5026,1,买盘
1941,11:24:39,50.25,15075,3,卖盘
1942,11:24:48,50.26,5026,1,买盘
1943,11:24:51,50.25,5025,1,卖盘
1944,11:24:54,50.24,35169,7,卖盘
1945,11:24:57,50.23,25118,5,卖盘
1946,11:25:03,50.23,30138,6,卖盘
1947,11:25:06,50.21,10043,2,卖盘
1948,11:25:09,50.22,100440,20,卖盘
1949,11:25:12,50.22,35160,7,卖盘
1950,11:25:15,50.21,376582,75,卖盘
1951,11:25:18,50.22,10045,2,卖盘
1952,11:25:21,50.22,90398,18,卖盘
1953,11:25:24,50.22,5022,1,卖盘
1954,11:25:30,50.22,5022,1,卖盘
1955,11:25:33,50.23,452074,90,买盘
1956,11:25:36,50.24,15072,3,买盘
1957,11:25:39,50.24,5024,1,买盘
1958,11:25:42,50.24,30144,6,买盘
1959,11:25:45,50.24,5024,1,买盘
1960,11:25:48,50.23,15071,3,卖盘
1961,11:25:51,50.25,20097,4,买盘
1962,11:25:54,50.24,5024,1,卖盘
1963,11:25:57,50.23,25117,5,卖盘
1964,11:26:03,50.24,10048,2,买盘
1965,11:26:06,50.25,15075,3,买盘
1966,11:26:09,50.25,10050,2,买盘
1967,11:26:12,50.25,45225,9,买盘
1968,11:26:15,50.24,10048,2,卖盘
1969,11:26:18,50.29,10055,2,买盘
1970,11:26:21,50.26,35178,7,买盘
1971,11:26:27,50.24,35179,7,卖盘
1972,11:26:33,50.28,5028,1,买盘
1973,11:26:36,50.26,10052,2,卖盘
1974,11:26:45,50.28,10056,2,买盘
1975,11:26:48,50.28,20108,4,买盘
1976,11:26:51,50.28,10054,2,买盘
1977,11:26:57,50.28,5028,1,买盘
1978,11:27:03,50.28,40215,8,买盘
1979,11:27:06,50.26,25130,5,卖盘
1980,11:27:09,50.26,10052,2,卖盘
1981,11:27:12,50.25,80405,16,卖盘
1982,11:27:15,50.25,20100,4,卖盘
1983,11:27:18,50.26,40200,8,买盘
1984,11:27:24,50.25,30150,6,卖盘
1985,11:27:27,50.25,5025,1,卖盘
1986,11:27:30,50.26,45231,9,买盘
1987,11:27:33,50.25,20100,4,卖盘
1988,11:27:45,50.25,346725,69,卖盘
1989,11:27:48,50.25,50250,10,卖盘
1990,11:27:51,50.25,5025,1,卖盘
1991,11:27:57,50.25,5025,1,卖盘
1992,11:28:00,50.25,20100,4,卖盘
1993,11:28:03,50.25,5025,1,卖盘
1994,11:28:06,50.25,20100,4,卖盘
1995,11:28:09,50.25,30150,6,卖盘
1996,11:28:12,50.25,60300,12,卖盘
1997,11:28:15,50.24,45216,9,卖盘
1998,11:28:18,50.24,30144,6,卖盘
1999,11:28:21,50.24,10048,2,卖盘
2000,11:28:24,50.24,10048,2,卖盘
2001,11:28:27,50.24,40192,8,卖盘
2002,11:28:30,50.24,331584,66,卖盘
2003,11:28:33,50.23,25119,5,卖盘
2004,11:28:36,50.23,10046,2,卖盘
2005,11:28:39,50.23,15069,3,卖盘
2006,11:28:45,50.23,45207,9,卖盘
2007,11:28:48,50.22,70321,14,卖盘
2008,11:28:51,50.22,20088,4,卖盘
2009,11:28:54,50.22,10044,2,卖盘
2010,11:28:57,50.22,35154,7,卖盘
2011,11:29:00,50.22,20091,4,卖盘
2012,11:29:03,50.22,135629,27,卖盘
2013,11:29:06,50.22,40176,8,卖盘
2014,11:29:09,50.22,5022,1,卖盘
2015,11:29:12,50.22,10044,2,卖盘
2016,11:29:15,50.22,25110,5,卖盘
2017,11:29:18,50.22,30132,6,卖盘
2018,11:29:24,50.22,15066,3,卖盘
2019,11:29:27,50.23,25114,5,买盘
2020,11:29:30,50.21,85360,17,卖盘
2021,11:29:33,50.22,10044,2,卖盘
2022,11:29:39,50.22,60254,12,买盘
2023,11:29:42,50.23,59110,12,买盘
2024,11:29:45,50.22,20088,4,卖盘
2025,11:29:48,50.21,205898,41,卖盘
2026,11:29:51,50.21,15063,3,卖盘
2027,11:29:54,50.22,10044,2,买盘
2028,13:00:00,50.23,165748,33,买盘
2029,13:00:03,50.23,467099,93,卖盘
2030,13:00:06,50.24,25120,5,买盘
2031,13:00:09,50.23,20095,4,卖盘
2032,13:00:12,50.24,45209,9,买盘
2033,13:00:15,50.23,50234,10,卖盘
2034,13:00:18,50.22,110506,22,卖盘
2035,13:00:21,50.22,10044,2,卖盘
2036,13:00:24,50.22,20088,4,卖盘
2037,13:00:30,50.22,20089,4,卖盘
2038,13:00:36,50.22,5022,1,卖盘
2039,13:00:39,50.22,15066,3,卖盘
2040,13:00:45,50.23,80363,16,买盘
2041,13:00:48,50.23,5023,1,买盘
2042,13:00:51,50.23,75338,15,买盘
2043,13:00:54,50.27,653255,130,买盘
2044,13:00:57,50.27,10054,2,买盘
2045,13:01:00,50.27,10054,2,买盘
2046,13:01:03,50.25,25125,5,卖盘
2047,13:01:06,50.28,40222,8,买盘
2048,13:01:09,50.29,412297,82,买盘
2049,13:01:12,50.3,60355,12,买盘
2050,13:01:15,50.29,362150,72,中性盘
2051,13:01:18,50.3,55329,11,买盘
2052,13:01:21,50.29,155899,31,卖盘
2053,13:01:24,50.29,55320,11,卖盘
2054,13:01:27,50.29,25146,5,卖盘
2055,13:01:30,50.29,10058,2,卖盘
2056,13:01:33,50.3,10060,2,买盘
2057,13:01:39,50.32,291798,58,买盘
2058,13:01:42,50.33,145957,29,买盘
2059,13:01:45,50.32,60389,12,中性盘
2060,13:01:48,50.33,10066,2,买盘
2061,13:01:57,50.32,50324,10,卖盘
2062,13:02:03,50.33,5033,1,买盘
2063,13:02:06,50.33,65419,13,买盘
2064,13:02:09,50.31,20129,4,卖盘
2065,13:02:18,50.31,25155,5,卖盘
2066,13:02:21,50.29,75453,15,卖盘
2067,13:02:24,50.27,10056,2,卖盘
2068,13:02:27,50.29,5029,1,买盘
2069,13:02:30,50.26,70377,14,卖盘
2070,13:02:33,50.26,30158,6,卖盘
2071,13:02:36,50.26,10052,2,卖盘
2072,13:02:39,50.26,30157,6,卖盘
2073,13:02:42,50.28,35195,7,买盘
2074,13:02:54,50.28,85460,17,买盘
2075,13:03:00,50.28,30166,6,买盘
2076,13:03:03,50.28,20110,4,买盘
2077,13:03:09,50.27,10054,2,卖盘
2078,13:03:15,50.27,60324,12,卖盘
2079,13:03:18,50.27,20108,4,卖盘
2080,13:03:21,50.26,5026,1,卖盘
2081,13:03:30,50.26,65338,13,卖盘
2082,13:03:36,50.25,25125,5,卖盘
2083,13:03:39,50.26,65332,13,买盘
2084,13:03:45,50.26,65338,13,卖盘
2085,13:03:48,50.26,45234,9,卖盘
2086,13:03:51,50.26,15078,3,卖盘
2087,13:03:54,50.26,5026,1,卖盘
2088,13:03:57,50.26,5026,1,卖盘
2089,13:04:00,50.25,15075,3,卖盘
2090,13:04:03,50.25,25126,5,卖盘
2091,13:04:06,50.25,15075,3,卖盘
2092,13:04:09,50.25,150794,30,卖盘
2093,13:04:18,50.26,45236,9,买盘
2094,13:04:21,50.26,35182,7,中性盘
2095,13:04:30,50.26,10052,2,卖盘
2096,13:04:33,50.26,5026,1,卖盘
2097,13:04:36,50.25,85433,17,卖盘
2098,13:04:45,50.26,5026,1,卖盘
2099,13:04:48,50.26,175888,35,买盘
2100,13:04:51,50.28,497682,99,买盘
2101,13:04:54,50.29,482763,96,买盘
2102,13:04:57,50.29,65379,13,买盘
2103,13:05:00,50.32,25150,5,买盘
2104,13:05:03,50.3,186110,37,中性盘
2105,13:05:06,50.29,45263,9,卖盘
2106,13:05:09,50.31,15093,3,买盘
2107,13:05:15,50.32,65415,13,买盘
2108,13:05:24,50.31,15094,3,卖盘
2109,13:05:27,50.3,15092,3,卖盘
2110,13:05:30,50.31,15093,3,买盘
2111,13:05:33,50.28,15087,3,卖盘
2112,13:05:36,50.31,35217,7,买盘
2113,13:05:42,50.28,5028,1,卖盘
2114,13:05:48,50.28,10057,2,卖盘
2115,13:05:54,50.31,30178,6,买盘
2116,13:05:57,50.31,30186,6,买盘
2117,13:06:00,50.33,649139,129,买盘
2118,13:06:03,50.34,85578,17,买盘
2119,13:06:06,50.33,150990,30,卖盘
2120,13:06:15,50.32,10064,2,卖盘
2121,13:06:21,50.32,5032,1,卖盘
2122,13:06:24,50.31,15093,3,卖盘
2123,13:06:27,50.31,10062,2,卖盘
2124,13:06:33,50.3,25154,5,卖盘
2125,13:06:39,50.31,5031,1,买盘
2126,13:06:42,50.3,30184,6,卖盘
2127,13:06:45,50.3,25150,5,卖盘
2128,13:06:48,50.3,35210,7,卖盘
2129,13:06:51,50.29,15087,3,卖盘
2130,13:06:54,50.3,20120,4,买盘
2131,13:07:00,50.3,100609,20,买盘
2132,13:07:03,50.29,5029,1,卖盘
2133,13:07:09,50.31,5031,1,买盘
2134,13:07:12,50.29,5029,1,卖盘
2135,13:07:15,50.31,25147,5,中性盘
2136,13:07:18,50.29,5029,1,卖盘
2137,13:07:21,50.31,25151,5,买盘
2138,13:07:24,50.29,10058,2,卖盘
2139,13:07:27,50.29,85493,17,卖盘
2140,13:07:30,50.32,60363,12,买盘
2141,13:07:33,50.32,10064,2,买盘
2142,13:07:39,50.3,45270,9,卖盘
2143,13:07:42,50.31,20123,4,买盘
2144,13:07:51,50.29,10059,2,卖盘
2145,13:07:54,50.29,25143,5,买盘
2146,13:07:57,50.28,20113,4,卖盘
2147,13:08:00,50.29,286666,57,买盘
2148,13:08:03,50.29,40236,8,卖盘
2149,13:08:06,50.31,95588,19,买盘
2150,13:08:09,50.31,25155,5,买盘
2151,13:08:21,50.3,25150,5,卖盘
2152,13:08:24,50.3,5030,1,中性盘
2153,13:08:27,50.29,10058,2,卖盘
2154,13:08:39,50.29,35208,7,卖盘
2155,13:08:42,50.29,5029,1,卖盘
2156,13:08:48,50.29,30176,6,卖盘
2157,13:08:54,50.29,10058,2,卖盘
2158,13:09:03,50.29,10058,2,卖盘
2159,13:09:06,50.3,10060,2,买盘
2160,13:09:09,50.29,35203,7,卖盘
2161,13:09:12,50.29,55329,11,卖盘
2162,13:09:18,50.29,15087,3,卖盘
2163,13:09:24,50.29,125726,25,卖盘
2164,13:09:30,50.28,50280,10,卖盘
2165,13:09:33,50.28,5028,1,卖盘
2166,13:09:36,50.28,10056,2,卖盘
2167,13:09:39,50.29,35200,7,买盘
2168,13:09:42,50.29,35198,7,买盘
2169,13:09:45,50.28,60337,12,卖盘
2170,13:09:48,50.28,15084,3,卖盘
2171,13:09:54,50.28,40224,8,卖盘
2172,13:09:57,50.28,5028,1,卖盘
2173,13:10:00,50.28,196092,39,卖盘
2174,13:10:03,50.28,40229,8,卖盘
2175,13:10:06,50.28,15084,3,卖盘
2176,13:10:09,50.28,70388,14,卖盘
2177,13:10:15,50.28,231250,46,买盘
2178,13:10:18,50.29,90520,18,买盘
2179,13:10:21,50.28,181008,36,卖盘
2180,13:10:24,50.28,70396,14,卖盘
2181,13:10:27,50.28,55300,11,买盘
2182,13:10:36,50.26,5026,1,卖盘
2183,13:10:42,50.26,30156,6,卖盘
2184,13:10:45,50.26,110572,22,卖盘
2185,13:10:48,50.26,5026,1,买盘
2186,13:10:51,50.25,10050,2,卖盘
2187,13:10:54,50.26,90474,18,买盘
2188,13:10:57,50.26,356846,71,卖盘
2189,13:11:03,50.26,30156,6,买盘
2190,13:11:06,50.27,15080,3,买盘
2191,13:11:09,50.26,95494,19,卖盘
2192,13:11:12,50.27,75391,15,买盘
2193,13:11:15,50.26,40208,8,卖盘
2194,13:11:18,50.25,5025,1,卖盘
2195,13:11:24,50.25,95490,19,卖盘
2196,13:11:27,50.27,55286,11,买盘
2197,13:11:33,50.27,10053,2,买盘
2198,13:11:36,50.26,15078,3,中性盘
2199,13:11:39,50.27,20108,4,买盘
2200,13:11:42,50.25,5025,1,卖盘
2201,13:11:51,50.25,25127,5,卖盘
2202,13:11:54,50.25,10050,2,卖盘
2203,13:12:00,50.25,5025,1,卖盘
2204,13:12:09,50.25,10050,2,卖盘
2205,13:12:12,50.24,226122,45,卖盘
2206,13:12:15,50.24,15072,3,卖盘
2207,13:12:18,50.23,231109,46,卖盘
2208,13:12:21,50.23,40190,8,卖盘
2209,13:12:24,50.23,25115,5,卖盘
2210,13:12:27,50.24,20096,4,买盘
2211,13:12:36,50.24,45216,9,买盘
2212,13:12:39,50.24,120575,24,买盘
2213,13:12:45,50.23,25123,5,卖盘
2214,13:12:48,50.24,45216,9,买盘
2215,13:12:51,50.23,35167,7,卖盘
2216,13:12:54,50.24,25120,5,买盘
2217,13:12:57,50.23,221012,44,卖盘
2218,13:13:00,50.22,20089,4,卖盘
2219,13:13:03,50.22,30135,6,卖盘
2220,13:13:06,50.22,10044,2,卖盘
2221,13:13:15,50.23,30138,6,买盘
2222,13:13:18,50.23,406869,81,买盘
2223,13:13:21,50.23,10046,2,卖盘
2224,13:13:27,50.23,20092,4,卖盘
2225,13:13:30,50.23,10046,2,卖盘
2226,13:13:33,50.24,10048,2,买盘
2227,13:13:36,50.24,20096,4,买盘
2228,13:13:39,50.24,10048,2,买盘
2229,13:13:42,50.23,20092,4,卖盘
2230,13:13:45,50.23,15069,3,卖盘
2231,13:13:48,50.23,35161,7,卖盘
2232,13:13:51,50.24,20096,4,买盘
2233,13:13:57,50.23,346587,69,卖盘
2234,13:14:00,50.24,5024,1,买盘
2235,13:14:03,50.23,20092,4,卖盘
2236,13:14:06,50.23,5023,1,卖盘
2237,13:14:12,50.23,45207,9,卖盘
2238,13:14:18,50.23,20092,4,卖盘
2239,13:14:24,50.23,5023,1,卖盘
2240,13:14:30,50.23,20092,4,卖盘
2241,13:14:33,50.23,40184,8,卖盘
2242,13:14:36,50.23,40184,8,卖盘
2243,13:14:42,50.24,125589,25,买盘
2244,13:14:45,50.22,25110,5,卖盘
2245,13:14:51,50.23,5023,1,卖盘
2246,13:15:03,50.24,45212,9,买盘
2247,13:15:06,50.22,5022,1,卖盘
2248,13:15:09,50.22,15066,3,卖盘
2249,13:15:12,50.22,30134,6,卖盘
2250,13:15:24,50.24,20095,4,买盘
2251,13:15:27,50.23,5023,1,中性盘
2252,13:15:30,50.22,40176,8,卖盘
2253,13:15:33,50.24,105489,21,买盘
2254,13:15:39,50.22,5022,1,卖盘
2255,13:15:42,50.22,25110,5,卖盘
2256,13:15:45,50.22,5022,1,卖盘
2257,13:15:48,50.22,160704,32,卖盘
2258,13:15:51,50.23,10046,2,买盘
2259,13:15:54,50.22,5022,1,卖盘
2260,13:16:03,50.23,165755,33,买盘
2261,13:16:06,50.22,45199,9,卖盘
2262,13:16:09,50.22,386696,77,卖盘
2263,13:16:12,50.24,256223,51,买盘
2264,13:16:15,50.23,30138,6,卖盘
2265,13:16:30,50.23,10046,2,卖盘
2266,13:16:36,50.23,5023,1,卖盘
2267,13:16:42,50.23,5023,1,卖盘
2268,13:16:45,50.23,25115,5,卖盘
2269,13:16:48,50.23,60276,12,卖盘
2270,13:16:54,50.23,40185,8,卖盘
2271,13:16:57,50.23,20092,4,卖盘
2272,13:17:03,50.24,20094,4,买盘
2273,13:17:06,50.23,15069,3,卖盘
2274,13:17:09,50.22,35157,7,卖盘
2275,13:17:15,50.22,55243,11,卖盘
2276,13:17:21,50.22,5022,1,卖盘
2277,13:17:27,50.23,25111,5,买盘
2278,13:17:30,50.22,15066,3,卖盘
2279,13:17:33,50.22,125552,25,卖盘
2280,13:17:36,50.23,5023,1,买盘
2281,13:17:39,50.22,35154,7,卖盘
2282,13:17:45,50.22,25110,5,卖盘
2283,13:17:48,50.22,15066,3,卖盘
2284,13:17:51,50.22,45198,9,卖盘
2285,13:17:54,50.22,45198,9,卖盘
2286,13:17:57,50.22,85374,17,卖盘
2287,13:18:03,50.22,25110,5,卖盘
2288,13:18:06,50.22,20088,4,卖盘
2289,13:18:09,50.21,30131,6,卖盘
2290,13:18:12,50.22,5022,1,买盘
2291,13:18:24,50.2,673965,134,卖盘
2292,13:18:30,50.2,15060,3,卖盘
2293,13:18:36,50.2,5020,1,卖盘
2294,13:18:39,50.2,30120,6,卖盘
2295,13:18:42,50.2,35145,7,卖盘
2296,13:18:51,50.2,15060,3,卖盘
2297,13:18:54,50.2,30122,6,卖盘
2298,13:18:57,50.2,10040,2,卖盘
2299,13:19:00,50.2,105440,21,卖盘
2300,13:19:03,50.2,15060,3,卖盘
2301,13:19:06,50.2,30120,6,卖盘
2302,13:19:12,50.21,5021,1,买盘
2303,13:19:18,50.21,20081,4,买盘
2304,13:19:21,50.21,10042,2,买盘
2305,13:19:24,50.2,10040,2,卖盘
2306,13:19:27,50.2,15060,3,卖盘
2307,13:19:36,50.21,15061,3,买盘
2308,13:19:39,50.2,5020,1,卖盘
2309,13:19:42,50.2,25103,5,卖盘
2310,13:19:45,50.21,5021,1,买盘
2311,13:19:51,50.2,10040,2,卖盘
2312,13:19:54,50.2,40160,8,卖盘
2313,13:19:57,50.2,20081,4,卖盘
2314,13:20:00,50.2,5020,1,卖盘
2315,13:20:03,50.2,45180,9,卖盘
2316,13:20:12,50.2,5020,1,卖盘
2317,13:20:15,50.2,30120,6,卖盘
2318,13:20:18,50.2,20081,4,卖盘
2319,13:20:21,50.2,30122,6,卖盘
2320,13:20:27,50.19,702784,140,卖盘
2321,13:20:30,50.19,5019,1,买盘
2322,13:20:33,50.2,366463,73,买盘
2323,13:20:39,50.2,10040,2,买盘
2324,13:20:42,50.19,80311,16,卖盘
2325,13:20:45,50.2,5020,1,卖盘
2326,13:20:48,50.21,45187,9,买盘
2327,13:20:51,50.2,15060,3,卖盘
2328,13:20:54,50.2,10040,2,卖盘
2329,13:20:57,50.21,10042,2,买盘
2330,13:21:00,50.21,5021,1,买盘
2331,13:21:03,50.2,271082,54,卖盘
2332,13:21:06,50.19,10039,2,卖盘
2333,13:21:12,50.2,5020,1,买盘
2334,13:21:15,50.19,25099,5,卖盘
2335,13:21:18,50.19,45171,9,卖盘
2336,13:21:21,50.2,100400,20,买盘
2337,13:21:30,50.2,25100,5,中性盘
2338,13:21:42,50.2,10040,2,卖盘
2339,13:21:45,50.2,5020,1,卖盘
2340,13:21:48,50.2,10040,2,卖盘
2341,13:21:51,50.2,35140,7,卖盘
2342,13:21:54,50.2,10040,2,卖盘
2343,13:21:57,50.2,220880,44,卖盘
2344,13:22:00,50.19,40158,8,卖盘
2345,13:22:03,50.2,15060,3,中性盘
2346,13:22:06,50.2,55223,11,卖盘
2347,13:22:09,50.19,120468,24,卖盘
2348,13:22:12,50.19,30114,6,卖盘
2349,13:22:15,50.2,20080,4,买盘
2350,13:22:18,50.2,25096,5,买盘
2351,13:22:21,50.19,240910,48,卖盘
2352,13:22:27,50.18,10036,2,卖盘
2353,13:22:30,50.18,35128,7,卖盘
2354,13:22:36,50.19,5019,1,买盘
2355,13:22:39,50.19,5019,1,买盘
2356,13:22:42,50.18,15054,3,卖盘
2357,13:22:45,50.18,20072,4,卖盘
2358,13:22:48,50.19,10038,2,买盘
2359,13:22:51,50.18,60216,12,卖盘
2360,13:22:54,50.19,20076,4,买盘
2361,13:22:57,50.19,25095,5,买盘
2362,13:23:00,50.19,5019,1,买盘
2363,13:23:03,50.19,5019,1,买盘
2364,13:23:09,50.18,40145,8,卖盘
2365,13:23:12,50.18,60216,12,卖盘
2366,13:23:15,50.19,5019,1,买盘
2367,13:23:18,50.19,75285,15,买盘
2368,13:23:21,50.2,5020,1,买盘
2369,13:23:24,50.19,25098,5,卖盘
2370,13:23:27,50.21,25101,5,买盘
2371,13:23:39,50.2,10040,2,卖盘
2372,13:23:45,50.2,15060,3,卖盘
2373,13:23:48,50.2,35140,7,卖盘
2374,13:23:51,50.21,5021,1,买盘
2375,13:23:54,50.2,35140,7,卖盘
2376,13:24:03,50.2,115482,23,卖盘
2377,13:24:09,50.2,20083,4,卖盘
2378,13:24:12,50.2,30120,6,卖盘
2379,13:24:18,50.2,25100,5,卖盘
2380,13:24:24,50.2,25100,5,卖盘
2381,13:24:33,50.2,115470,23,卖盘
2382,13:24:36,50.21,10042,2,买盘
2383,13:24:39,50.21,35141,7,买盘
2384,13:24:45,50.2,20080,4,卖盘
2385,13:24:51,50.2,10040,2,卖盘
2386,13:24:54,50.2,30120,6,卖盘
2387,13:25:03,50.21,95399,19,买盘
2388,13:25:06,50.2,20080,4,卖盘
2389,13:25:09,50.2,20080,4,卖盘
2390,13:25:12,50.2,20080,4,卖盘
2391,13:25:15,50.21,20081,4,买盘
2392,13:25:18,50.22,296249,59,买盘
2393,13:25:21,50.21,391638,78,卖盘
2394,13:25:24,50.22,225990,45,买盘
2395,13:25:27,50.22,20088,4,买盘
2396,13:25:33,50.22,25110,5,买盘
2397,13:25:36,50.22,25106,5,买盘
2398,13:25:42,50.22,70308,14,买盘
2399,13:25:45,50.22,65286,13,买盘
2400,13:25:48,50.22,75330,15,买盘
2401,13:25:51,50.22,180767,36,买盘
2402,13:25:57,50.22,5022,1,买盘
2403,13:26:06,50.21,10042,2,卖盘
2404,13:26:18,50.22,5022,1,买盘
2405,13:26:21,50.22,5022,1,买盘
2406,13:26:27,50.21,20084,4,卖盘
2407,13:26:30,50.22,65286,13,买盘
2408,13:26:33,50.21,5021,1,卖盘
2409,13:26:36,50.21,105441,21,卖盘
2410,13:26:39,50.22,20086,4,买盘
2411,13:26:48,50.21,25105,5,卖盘
2412,13:26:51,50.22,35154,7,买盘
2413,13:26:57,50.22,10043,2,买盘
2414,13:27:03,50.22,25107,5,买盘
2415,13:27:09,50.21,35150,7,卖盘
2416,13:27:15,50.22,20085,4,买盘
2417,13:27:18,50.22,85373,17,买盘
2418,13:27:24,50.22,15066,3,卖盘
2419,13:27:27,50.23,15068,3,买盘
2420,13:27:30,50.22,40179,8,卖盘
2421,13:27:33,50.24,140646,28,买盘
2422,13:27:36,50.24,85408,17,买盘
2423,13:27:39,50.25,5025,1,买盘
2424,13:27:45,50.24,15073,3,卖盘
2425,13:27:48,50.24,45216,9,卖盘
2426,13:27:54,50.24,45216,9,买盘
2427,13:28:00,50.24,5024,1,卖盘
2428,13:28:03,50.23,65308,13,卖盘
2429,13:28:09,50.25,15073,3,买盘
2430,13:28:12,50.23,25115,5,卖盘
2431,13:28:15,50.23,40189,8,卖盘
2432,13:28:18,50.23,20093,4,卖盘
2433,13:28:21,50.24,45216,9,买盘
2434,13:28:27,50.23,20092,4,卖盘
2435,13:28:30,50.23,20095,4,卖盘
2436,13:28:33,50.24,15072,3,买盘
2437,13:28:42,50.24,35167,7,买盘
2438,13:28:48,50.23,15069,3,卖盘
2439,13:28:51,50.24,40188,8,买盘
2440,13:28:54,50.24,120575,24,买盘
2441,13:29:03,50.26,341704,68,买盘
2442,13:29:06,50.26,20106,4,中性盘
2443,13:29:09,50.28,45251,9,买盘
2444,13:29:12,50.29,10058,2,买盘
2445,13:29:15,50.29,50285,10,买盘
2446,13:29:18,50.29,236360,47,买盘
2447,13:29:21,50.3,40240,8,买盘
2448,13:29:24,50.3,5030,1,买盘
2449,13:29:27,50.3,145869,29,买盘
2450,13:29:30,50.29,30175,6,卖盘
2451,13:29:36,50.29,10058,2,卖盘
2452,13:29:39,50.3,45270,9,买盘
2453,13:29:45,50.28,266540,53,卖盘
2454,13:29:48,50.28,25142,5,卖盘
2455,13:29:51,50.28,20112,4,卖盘
2456,13:29:54,50.26,15082,3,卖盘
2457,13:29:57,50.26,25131,5,卖盘
2458,13:30:00,50.26,10052,2,卖盘
2459,13:30:03,50.26,25130,5,卖盘
2460,13:30:06,50.26,40213,8,卖盘
2461,13:30:09,50.26,95494,19,卖盘
2462,13:30:12,50.26,55284,11,买盘
2463,13:30:15,50.26,45228,9,卖盘
2464,13:30:18,50.26,10052,2,卖盘
2465,13:30:21,50.27,10054,2,买盘
2466,13:30:24,50.27,90480,18,买盘
2467,13:30:27,50.27,55294,11,买盘
2468,13:30:30,50.26,160833,32,卖盘
2469,13:30:33,50.26,40208,8,卖盘
2470,13:30:36,50.25,10050,2,卖盘
2471,13:30:39,50.27,50273,10,中性盘
2472,13:30:42,50.27,10054,2,卖盘
2473,13:30:45,50.27,50270,10,卖盘
2474,13:30:48,50.27,125678,25,卖盘
2475,13:30:51,50.26,140754,28,卖盘
2476,13:30:54,50.26,95504,19,卖盘
2477,13:30:57,50.26,10052,2,卖盘
2478,13:31:00,50.26,15078,3,卖盘
2479,13:31:03,50.26,30156,6,卖盘
2480,13:31:06,50.25,90450,18,卖盘
2481,13:31:09,50.23,30142,6,卖盘
2482,13:31:12,50.23,85399,17,卖盘
2483,13:31:15,50.24,15072,3,中性盘
2484,13:31:18,50.23,10046,2,卖盘
2485,13:31:21,50.25,115564,23,买盘
2486,13:31:24,50.24,35167,7,卖盘
2487,13:31:30,50.25,5025,1,买盘
2488,13:31:33,50.25,60291,12,买盘
2489,13:31:36,50.24,65313,13,卖盘
2490,13:31:39,50.25,110538,22,买盘
2491,13:31:42,50.25,35171,7,买盘
2492,13:31:45,50.25,45224,9,买盘
2493,13:31:48,50.28,522735,104,买盘
2494,13:31:51,50.27,10054,2,中性盘
2495,13:31:54,50.27,65351,13,卖盘
2496,13:31:57,50.27,5027,1,卖盘
2497,13:32:03,50.29,668783,133,买盘
2498,13:32:09,50.29,261503,52,卖盘
2499,13:32:12,50.28,80449,16,卖盘
2500,13:32:15,50.29,15087,3,买盘
2501,13:32:18,50.29,20116,4,买盘
2502,13:32:21,50.29,10058,2,中性盘
2503,13:32:24,50.3,15088,3,买盘
2504,13:32:27,50.29,10058,2,买盘
2505,13:32:30,50.29,60348,12,买盘
2506,13:32:33,50.29,196130,39,买盘
2507,13:32:36,50.29,75432,15,卖盘
2508,13:32:42,50.29,105626,21,卖盘
2509,13:32:45,50.29,10058,2,卖盘
2510,13:32:48,50.29,20116,4,卖盘
2511,13:32:51,50.26,382060,76,卖盘
2512,13:32:54,50.27,341787,68,买盘
2513,13:32:57,50.28,5028,1,中性盘
2514,13:33:00,50.27,175947,35,卖盘
2515,13:33:03,50.26,452422,90,卖盘
2516,13:33:06,50.26,45234,9,卖盘
2517,13:33:09,50.25,60312,12,卖盘
2518,13:33:12,50.26,15078,3,中性盘
2519,13:33:15,50.25,45229,9,卖盘
2520,13:33:18,50.25,25125,5,卖盘
2521,13:33:21,50.24,70344,14,卖盘
2522,13:33:24,50.27,40207,8,买盘
2523,13:33:27,50.24,10048,2,卖盘
2524,13:33:30,50.25,25123,5,中性盘
2525,13:33:33,50.24,20096,4,卖盘
2526,13:33:36,50.27,155799,31,买盘
2527,13:33:39,50.24,15072,3,卖盘
2528,13:33:42,50.24,60288,12,卖盘
2529,13:33:45,50.23,100478,20,卖盘
2530,13:33:48,50.24,30142,6,中性盘
2531,13:33:51,50.25,10050,2,中性盘
2532,13:33:54,50.23,15071,3,卖盘
2533,13:34:00,50.23,15071,3,卖盘
2534,13:34:03,50.23,55258,11,卖盘
2535,13:34:06,50.22,90397,18,卖盘
2536,13:34:09,50.22,20088,4,卖盘
2537,13:34:12,50.22,10045,2,卖盘
2538,13:34:15,50.23,95437,19,买盘
2539,13:34:18,50.23,120552,24,卖盘
2540,13:34:21,50.23,40184,8,卖盘
2541,13:34:24,50.23,15069,3,卖盘
2542,13:34:27,50.23,30136,6,卖盘
2543,13:34:30,50.22,55242,11,卖盘
2544,13:34:33,50.24,120562,24,买盘
2545,13:34:36,50.22,241056,48,卖盘
2546,13:34:39,50.23,5023,1,中性盘
2547,13:34:42,50.24,40187,8,买盘
2548,13:34:45,50.23,10046,2,卖盘
2549,13:34:48,50.23,25111,5,买盘
2550,13:34:51,50.22,25110,5,卖盘
2551,13:34:57,50.22,20088,4,卖盘
2552,13:35:00,50.22,5022,1,卖盘
2553,13:35:03,50.22,20088,4,卖盘
2554,13:35:06,50.22,25110,5,卖盘
2555,13:35:15,50.22,5022,1,卖盘
2556,13:35:18,50.22,135594,27,卖盘
2557,13:35:21,50.22,50220,10,卖盘
2558,13:35:24,50.21,25106,5,卖盘
2559,13:35:27,50.21,20084,4,卖盘
2560,13:35:30,50.22,15064,3,买盘
2561,13:35:36,50.21,5021,1,卖盘
2562,13:35:39,50.22,25110,5,买盘
2563,13:35:42,50.21,10042,2,卖盘
2564,13:35:45,50.21,70294,14,卖盘
2565,13:35:48,50.21,5021,1,卖盘
2566,13:35:51,50.21,30126,6,卖盘
2567,13:35:54,50.21,115483,23,卖盘
2568,13:35:57,50.21,100420,20,卖盘
2569,13:36:00,50.21,30126,6,卖盘
2570,13:36:03,50.22,5022,1,买盘
2571,13:36:09,50.21,70294,14,卖盘
2572,13:36:12,50.22,15066,3,买盘
2573,13:36:15,50.2,25103,5,卖盘
2574,13:36:18,50.2,25101,5,卖盘
2575,13:36:27,50.22,45182,9,买盘
2576,13:36:30,50.21,20082,4,买盘
2577,13:36:36,50.21,5021,1,卖盘
2578,13:36:42,50.21,20084,4,卖盘
2579,13:36:45,50.21,20084,4,买盘
2580,13:36:48,50.2,35143,7,卖盘
2581,13:36:51,50.21,25103,5,买盘
2582,13:36:54,50.2,65263,13,卖盘
2583,13:36:57,50.2,15060,3,卖盘
2584,13:37:00,50.21,40167,8,买盘
2585,13:37:03,50.2,40160,8,卖盘
2586,13:37:06,50.2,25100,5,卖盘
2587,13:37:09,50.2,50200,10,卖盘
2588,13:37:12,50.21,20082,4,买盘
2589,13:37:15,50.2,165663,33,卖盘
2590,13:37:18,50.2,5020,1,卖盘
2591,13:37:21,50.2,10040,2,卖盘
2592,13:37:24,50.2,271080,54,卖盘
2593,13:37:27,50.2,75300,15,卖盘
2594,13:37:30,50.19,10038,2,卖盘
2595,13:37:36,50.19,25096,5,卖盘
2596,13:37:39,50.19,10038,2,卖盘
2597,13:37:45,50.19,25095,5,卖盘
2598,13:37:48,50.2,25100,5,买盘
2599,13:37:51,50.19,30114,6,卖盘
2600,13:37:54,50.19,5019,1,卖盘
2601,13:37:57,50.19,35139,7,卖盘
2602,13:38:00,50.19,75285,15,卖盘
2603,13:38:03,50.2,296185,59,买盘
2604,13:38:06,50.22,55232,11,买盘
2605,13:38:09,50.22,100440,20,买盘
2606,13:38:12,50.22,30132,6,卖盘
2607,13:38:15,50.22,45206,9,卖盘
2608,13:38:18,50.22,30132,6,卖盘
2609,13:38:21,50.21,15065,3,卖盘
2610,13:38:24,50.21,100421,20,卖盘
2611,13:38:27,50.21,10042,2,卖盘
2612,13:38:30,50.21,10042,2,卖盘
2613,13:38:33,50.21,20084,4,卖盘
2614,13:38:36,50.21,10042,2,卖盘
2615,13:38:39,50.22,30129,6,买盘
2616,13:38:42,50.21,5021,1,卖盘
2617,13:38:45,50.21,20084,4,卖盘
2618,13:38:48,50.22,40169,8,买盘
2619,13:38:51,50.22,35148,7,买盘
2620,13:38:54,50.21,15064,3,卖盘
2621,13:38:57,50.22,5022,1,买盘
2622,13:39:03,50.21,25107,5,卖盘
2623,13:39:06,50.21,60252,12,卖盘
2624,13:39:09,50.2,20082,4,卖盘
2625,13:39:12,50.2,40160,8,卖盘
2626,13:39:15,50.2,20080,4,卖盘
2627,13:39:18,50.2,80320,16,卖盘
2628,13:39:21,50.19,10038,2,卖盘
2629,13:39:27,50.2,15058,3,买盘
2630,13:39:30,50.19,10038,2,卖盘
2631,13:39:33,50.19,15057,3,卖盘
2632,13:39:36,50.19,10038,2,卖盘
2633,13:39:39,50.19,20076,4,卖盘
2634,13:39:42,50.2,45176,9,买盘
2635,13:39:45,50.19,105399,21,卖盘
2636,13:39:48,50.19,50194,10,卖盘
2637,13:39:51,50.19,180684,36,卖盘
2638,13:39:54,50.19,30117,6,卖盘
2639,13:39:57,50.19,130494,26,卖盘
2640,13:40:03,50.19,5019,1,卖盘
2641,13:40:06,50.19,15056,3,卖盘
2642,13:40:12,50.19,135510,27,买盘
2643,13:40:15,50.19,30114,6,卖盘
2644,13:40:18,50.25,803702,160,买盘
2645,13:40:21,50.25,60299,12,买盘
2646,13:40:24,50.24,261248,52,卖盘
2647,13:40:27,50.24,115548,23,买盘
2648,13:40:33,50.23,15069,3,买盘
2649,13:40:36,50.24,291392,58,买盘
2650,13:40:42,50.23,35167,7,卖盘
2651,13:40:48,50.23,15070,3,卖盘
2652,13:40:54,50.24,5024,1,买盘
2653,13:40:57,50.24,20096,4,买盘
2654,13:41:00,50.23,40187,8,卖盘
2655,13:41:06,50.25,251228,50,买盘
2656,13:41:09,50.25,110549,22,买盘
2657,13:41:12,50.26,10052,2,买盘
2658,13:41:15,50.26,5026,1,买盘
2659,13:41:18,50.26,15078,3,买盘
2660,13:41:21,50.26,60307,12,买盘
2661,13:41:33,50.24,25121,5,卖盘
2662,13:41:42,50.26,145754,29,买盘
2663,13:41:45,50.25,20102,4,卖盘
2664,13:41:54,50.26,55286,11,中性盘
2665,13:41:57,50.26,5026,1,卖盘
2666,13:42:00,50.27,15081,3,买盘
2667,13:42:06,50.26,15078,3,卖盘
2668,13:42:09,50.26,10052,2,卖盘
2669,13:42:12,50.26,50260,10,卖盘
2670,13:42:18,50.27,25135,5,买盘
2671,13:42:21,50.26,10052,2,卖盘
2672,13:42:24,50.26,20104,4,卖盘
2673,13:42:30,50.26,35177,7,买盘
2674,13:42:33,50.25,15075,3,卖盘
2675,13:42:36,50.26,20104,4,买盘
2676,13:42:39,50.26,110572,22,买盘
2677,13:42:42,50.25,5025,1,卖盘
2678,13:42:45,50.25,15076,3,卖盘
2679,13:42:48,50.26,55276,11,买盘
2680,13:42:57,50.26,10052,2,买盘
2681,13:43:00,50.25,15075,3,卖盘
2682,13:43:03,50.26,266374,53,买盘
2683,13:43:06,50.27,5027,1,买盘
2684,13:43:09,50.26,20104,4,卖盘
2685,13:43:15,50.26,20103,4,买盘
2686,13:43:18,50.26,15077,3,买盘
2687,13:43:24,50.26,15078,3,买盘
2688,13:43:27,50.26,10051,2,买盘
2689,13:43:30,50.26,5026,1,买盘
2690,13:43:33,50.26,25129,5,买盘
2691,13:43:39,50.25,30150,6,卖盘
2692,13:43:42,50.25,10050,2,卖盘
2693,13:43:45,50.26,5026,1,买盘
2694,13:43:48,50.26,5026,1,买盘
2695,13:43:51,50.25,10050,2,卖盘
2696,13:43:54,50.25,60300,12,卖盘
2697,13:43:57,50.25,30150,6,卖盘
2698,13:44:03,50.25,10050,2,卖盘
2699,13:44:06,50.25,25125,5,卖盘
2700,13:44:09,50.25,30150,6,卖盘
2701,13:44:12,50.26,40201,8,买盘
2702,13:44:15,50.25,70350,14,卖盘
2703,13:44:18,50.25,15075,3,卖盘
2704,13:44:21,50.25,10050,2,卖盘
2705,13:44:24,50.25,10050,2,卖盘
2706,13:44:27,50.26,65335,13,买盘
2707,13:44:30,50.25,20100,4,卖盘
2708,13:44:33,50.25,60300,12,卖盘
2709,13:44:36,50.25,156127,31,卖盘
2710,13:44:39,50.25,80400,16,卖盘
2711,13:44:42,50.24,35169,7,卖盘
2712,13:44:45,50.24,100481,20,卖盘
2713,13:44:51,50.25,15075,3,买盘
2714,13:44:54,50.25,15075,3,买盘
2715,13:45:03,50.24,5024,1,卖盘
2716,13:45:06,50.25,45220,9,买盘
2717,13:45:09,50.24,45224,9,卖盘
2718,13:45:12,50.24,130627,26,卖盘
2719,13:45:15,50.24,100480,20,卖盘
2720,13:45:18,50.24,20096,4,卖盘
2721,13:45:27,50.24,50240,10,卖盘
2722,13:45:30,50.24,30144,6,卖盘
2723,13:45:33,50.25,65315,13,买盘
2724,13:45:36,50.23,85407,17,卖盘
2725,13:45:39,50.23,25115,5,卖盘
2726,13:45:42,50.24,5024,1,中性盘
2727,13:45:48,50.24,50235,10,买盘
2728,13:45:54,50.23,115529,23,卖盘
2729,13:45:57,50.23,5023,1,卖盘
2730,13:46:03,50.24,266258,53,买盘
2731,13:46:06,50.24,35168,7,卖盘
2732,13:46:09,50.23,15069,3,卖盘
2733,13:46:21,50.24,15072,3,买盘
2734,13:46:24,50.24,95456,19,买盘
2735,13:46:27,50.24,35168,7,卖盘
2736,13:46:30,50.24,125601,25,卖盘
2737,13:46:33,50.24,15072,3,卖盘
2738,13:46:36,50.24,40192,8,卖盘
2739,13:46:39,50.24,10048,2,卖盘
2740,13:46:42,50.25,80385,16,买盘
2741,13:46:48,50.24,10048,2,卖盘
2742,13:46:51,50.24,25120,5,卖盘
2743,13:46:54,50.24,30144,6,卖盘
2744,13:47:00,50.24,5024,1,卖盘
2745,13:47:03,50.24,75365,15,卖盘
2746,13:47:06,50.23,20093,4,卖盘
2747,13:47:12,50.24,5024,1,卖盘
2748,13:47:21,50.23,15071,3,卖盘
2749,13:47:24,50.23,155742,31,卖盘
2750,13:47:27,50.23,150692,30,卖盘
2751,13:47:30,50.23,5023,1,卖盘
2752,13:47:33,50.23,80368,16,卖盘
2753,13:47:36,50.23,25115,5,卖盘
2754,13:47:54,50.24,15072,3,买盘
2755,13:47:57,50.23,75346,15,卖盘
2756,13:48:00,50.24,30144,6,买盘
2757,13:48:03,50.23,25115,5,卖盘
2758,13:48:06,50.24,20093,4,买盘
2759,13:48:09,50.24,15072,3,买盘
2760,13:48:12,50.24,30144,6,买盘
2761,13:48:15,50.24,45216,9,买盘
2762,13:48:18,50.23,25117,5,卖盘
2763,13:48:24,50.23,50239,10,卖盘
2764,13:48:27,50.25,145677,29,买盘
2765,13:48:30,50.23,5023,1,卖盘
2766,13:48:33,50.23,65302,13,卖盘
2767,13:48:39,50.24,20096,4,买盘
2768,13:48:42,50.24,15072,3,买盘
2769,13:48:51,50.24,45216,9,卖盘
2770,13:48:54,50.24,20096,4,卖盘
2771,13:48:57,50.24,5024,1,卖盘
2772,13:49:00,50.24,15073,3,卖盘
2773,13:49:03,50.24,45216,9,卖盘
2774,13:49:06,50.24,30144,6,买盘
2775,13:49:09,50.23,20098,4,卖盘
2776,13:49:12,50.25,35169,7,买盘
2777,13:49:18,50.24,5024,1,买盘
2778,13:49:21,50.24,15072,3,买盘
2779,13:49:24,50.24,55264,11,买盘
2780,13:49:27,50.24,25118,5,买盘
2781,13:49:30,50.24,30144,6,卖盘
2782,13:49:33,50.24,120576,24,卖盘
2783,13:49:39,50.24,15072,3,卖盘
2784,13:49:42,50.24,40192,8,卖盘
2785,13:49:48,50.24,10048,2,卖盘
2786,13:49:51,50.24,5024,1,卖盘
2787,13:49:54,50.24,20096,4,卖盘
2788,13:49:57,50.25,266324,53,买盘
2789,13:50:00,50.25,30150,6,卖盘
2790,13:50:03,50.26,40203,8,买盘
2791,13:50:06,50.25,125625,25,卖盘
2792,13:50:09,50.25,70350,14,卖盘
2793,13:50:15,50.25,20103,4,卖盘
2794,13:50:18,50.25,20100,4,卖盘
2795,13:50:24,50.25,5025,1,卖盘
2796,13:50:27,50.26,10052,2,买盘
2797,13:50:33,50.25,25128,5,卖盘
2798,13:50:36,50.25,15075,3,卖盘
2799,13:50:39,50.25,15075,3,卖盘
2800,13:50:42,50.25,20100,4,卖盘
2801,13:50:45,50.25,5025,1,卖盘
2802,13:50:48,50.25,25125,5,卖盘
2803,13:50:51,50.25,40200,8,卖盘
2804,13:50:54,50.25,65325,13,卖盘
2805,13:50:57,50.24,55271,11,卖盘
2806,13:51:00,50.25,110550,22,买盘
2807,13:51:06,50.25,100501,20,卖盘
2808,13:51:12,50.25,45231,9,卖盘
2809,13:51:15,50.25,10050,2,卖盘
2810,13:51:18,50.26,5026,1,买盘
2811,13:51:24,50.25,15075,3,卖盘
2812,13:51:33,50.26,5026,1,买盘
2813,13:51:45,50.26,30156,6,买盘
2814,13:51:48,50.26,5026,1,买盘
2815,13:51:51,50.26,60312,12,买盘
2816,13:51:54,50.25,125638,25,卖盘
2817,13:51:57,50.26,35178,7,买盘
2818,13:52:00,50.26,5026,1,买盘
2819,13:52:03,50.26,40208,8,买盘
2820,13:52:06,50.26,5026,1,买盘
2821,13:52:12,50.25,5025,1,卖盘
2822,13:52:15,50.26,5026,1,买盘
2823,13:52:18,50.26,10052,2,买盘
2824,13:52:21,50.25,20100,4,卖盘
2825,13:52:24,50.25,30150,6,卖盘
2826,13:52:30,50.25,115575,23,卖盘
2827,13:52:36,50.25,10050,2,卖盘
2828,13:52:39,50.25,115578,23,卖盘
2829,13:52:42,50.25,45229,9,卖盘
2830,13:52:45,50.26,15078,3,买盘
2831,13:52:48,50.26,25128,5,买盘
2832,13:52:51,50.25,50252,10,卖盘
2833,13:52:54,50.25,50250,10,卖盘
2834,13:52:57,50.25,25125,5,卖盘
2835,13:53:00,50.25,40206,8,卖盘
2836,13:53:03,50.25,5025,1,卖盘
2837,13:53:06,50.25,10050,2,卖盘
2838,13:53:09,50.25,10050,2,卖盘
2839,13:53:12,50.25,20100,4,卖盘
2840,13:53:15,50.25,10050,2,卖盘
2841,13:53:18,50.25,55282,11,卖盘
2842,13:53:21,50.24,190941,38,卖盘
2843,13:53:24,50.26,55276,11,买盘
2844,13:53:27,50.24,10048,2,卖盘
2845,13:53:30,50.24,10048,2,卖盘
2846,13:53:33,50.24,10048,2,卖盘
2847,13:53:36,50.24,25120,5,卖盘
2848,13:53:39,50.24,5024,1,卖盘
2849,13:53:42,50.26,5026,1,买盘
2850,13:53:48,50.25,40201,8,中性盘
2851,13:53:51,50.24,25122,5,卖盘
2852,13:53:54,50.24,75370,15,卖盘
2853,13:54:00,50.26,15076,3,买盘
2854,13:54:03,50.25,10050,2,卖盘
2855,13:54:15,50.26,5026,1,买盘
2856,13:54:18,50.24,25120,5,卖盘
2857,13:54:21,50.24,30144,6,卖盘
2858,13:54:27,50.25,25125,5,买盘
2859,13:54:30,50.24,140672,28,卖盘
2860,13:54:36,50.25,30147,6,买盘
2861,13:54:45,50.24,5024,1,卖盘
2862,13:54:48,50.24,55264,11,卖盘
2863,13:54:51,50.24,90432,18,卖盘
2864,13:54:54,50.24,65312,13,卖盘
2865,13:55:00,50.24,25120,5,卖盘
2866,13:55:03,50.25,40194,8,买盘
2867,13:55:06,50.24,40198,8,卖盘
2868,13:55:09,50.24,10048,2,卖盘
2869,13:55:12,50.24,15072,3,卖盘
2870,13:55:15,50.24,40190,8,卖盘
2871,13:55:18,50.24,20096,4,卖盘
2872,13:55:21,50.24,130624,26,卖盘
2873,13:55:24,50.24,20096,4,中性盘
2874,13:55:27,50.24,5024,1,卖盘
2875,13:55:30,50.24,45216,9,卖盘
2876,13:55:33,50.24,10048,2,卖盘
2877,13:55:36,50.25,5025,1,买盘
2878,13:55:42,50.24,25123,5,卖盘
2879,13:55:45,50.23,30145,6,卖盘
2880,13:55:48,50.23,35162,7,卖盘
2881,13:55:51,50.24,35165,7,买盘
2882,13:55:54,50.23,55259,11,卖盘
2883,13:56:06,50.25,40200,8,买盘
2884,13:56:09,50.24,5024,1,中性盘
2885,13:56:12,50.24,105504,21,卖盘
2886,13:56:15,50.25,45219,9,买盘
2887,13:56:18,50.24,145697,29,卖盘
2888,13:56:21,50.25,15075,3,买盘
2889,13:56:24,50.25,10050,2,买盘
2890,13:56:30,50.25,5025,1,买盘
2891,13:56:36,50.24,5024,1,卖盘
2892,13:56:39,50.24,30145,6,卖盘
2893,13:56:42,50.24,50243,10,卖盘
2894,13:56:45,50.24,10048,2,卖盘
2895,13:56:51,50.25,55267,11,买盘
2896,13:56:57,50.25,35175,7,买盘
2897,13:57:00,50.24,25120,5,卖盘
2898,13:57:06,50.24,85424,17,卖盘
2899,13:57:09,50.24,20096,4,卖盘
2900,13:57:12,50.24,45222,9,卖盘
2901,13:57:33,50.25,231150,46,买盘
2902,13:57:36,50.25,201006,40,中性盘
2903,13:57:39,50.25,50247,10,卖盘
2904,13:57:42,50.25,30150,6,买盘
2905,13:57:45,50.26,15076,3,买盘
2906,13:57:48,50.25,40206,8,卖盘
2907,13:57:51,50.25,10050,2,卖盘
2908,13:57:57,50.26,15078,3,买盘
2909,13:58:06,50.25,25125,5,卖盘
2910,13:58:09,50.25,75380,15,卖盘
2911,13:58:12,50.24,15073,3,卖盘
2912,13:58:18,50.25,10050,2,买盘
2913,13:58:21,50.26,15078,3,买盘
2914,13:58:27,50.26,20101,4,买盘
2915,13:58:30,50.26,55284,11,买盘
2916,13:58:33,50.24,20099,4,卖盘
2917,13:58:36,50.25,20100,4,卖盘
2918,13:58:39,50.26,60301,12,买盘
2919,13:58:42,50.25,50247,10,买盘
2920,13:58:45,50.25,35175,7,买盘
2921,13:58:48,50.24,30148,6,卖盘
2922,13:58:51,50.24,70341,14,卖盘
2923,13:58:54,50.25,95475,19,买盘
2924,13:58:57,50.25,10050,2,卖盘
2925,13:59:00,50.26,10052,2,买盘
2926,13:59:03,50.25,55275,11,卖盘
2927,13:59:06,50.25,105529,21,卖盘
2928,13:59:09,50.25,25125,5,卖盘
2929,13:59:12,50.25,391950,78,卖盘
2930,13:59:15,50.25,25125,5,卖盘
2931,13:59:18,50.24,50240,10,卖盘
2932,13:59:21,50.24,35168,7,买盘
2933,13:59:30,50.24,5024,1,买盘
2934,13:59:33,50.24,60287,12,买盘
2935,13:59:36,50.24,60280,12,买盘
2936,13:59:39,50.23,15069,3,卖盘
2937,13:59:42,50.24,15072,3,买盘
2938,13:59:45,50.24,15072,3,买盘
2939,13:59:48,50.24,5024,1,买盘
2940,13:59:54,50.24,110528,22,买盘
2941,13:59:57,50.25,15075,3,买盘
2942,14:00:03,50.25,90450,18,买盘
2943,14:00:06,50.25,20098,4,买盘
2944,14:00:09,50.25,20100,4,买盘
2945,14:00:12,50.26,306527,61,买盘
2946,14:00:15,50.25,30150,6,卖盘
2947,14:00:18,50.25,221142,44,中性盘
2948,14:00:21,50.26,115598,23,买盘
2949,14:00:24,50.26,95489,19,买盘
2950,14:00:27,50.25,85429,17,卖盘
2951,14:00:30,50.26,30158,6,买盘
2952,14:00:36,50.26,10052,2,买盘
2953,14:00:39,50.26,50260,10,买盘
2954,14:00:42,50.26,5026,1,买盘
2955,14:00:45,50.26,5026,1,买盘
2956,14:00:51,50.26,5026,1,买盘
2957,14:00:57,50.26,50260,10,买盘
2958,14:01:00,50.26,90460,18,买盘
2959,14:01:03,50.25,5025,1,卖盘
2960,14:01:06,50.26,45234,9,买盘
2961,14:01:09,50.26,45234,9,买盘
2962,14:01:12,50.26,35188,7,中性盘
2963,14:01:18,50.26,25130,5,卖盘
2964,14:01:24,50.26,140701,28,买盘
2965,14:01:27,50.25,120600,24,卖盘
2966,14:01:30,50.24,30149,6,卖盘
2967,14:01:33,50.24,40192,8,卖盘
2968,14:01:36,50.25,5025,1,买盘
2969,14:01:39,50.25,35175,7,买盘
2970,14:01:42,50.25,10049,2,买盘
2971,14:01:45,50.25,30150,6,买盘
2972,14:01:51,50.25,25125,5,买盘
2973,14:01:54,50.25,5025,1,买盘
2974,14:01:57,50.25,5025,1,卖盘
2975,14:02:00,50.26,15078,3,买盘
2976,14:02:03,50.25,5025,1,卖盘
2977,14:02:09,50.25,65316,13,卖盘
2978,14:02:18,50.26,15078,3,买盘
2979,14:02:21,50.26,30156,6,买盘
2980,14:02:24,50.25,130650,26,卖盘
2981,14:02:27,50.24,45225,9,卖盘
2982,14:02:33,50.25,85425,17,卖盘
2983,14:02:42,50.26,75376,15,买盘
2984,14:02:51,50.25,5025,1,卖盘
2985,14:02:54,50.25,60306,12,卖盘
2986,14:02:57,50.25,45229,9,卖盘
2987,14:03:00,50.25,30150,6,卖盘
2988,14:03:06,50.26,170889,34,买盘
2989,14:03:09,50.26,85442,17,卖盘
2990,14:03:15,50.25,125625,25,卖盘
2991,14:03:24,50.25,70350,14,买盘
2992,14:03:27,50.24,10048,2,卖盘
2993,14:03:30,50.25,15075,3,买盘
2994,14:03:33,50.25,70359,14,卖盘
2995,14:03:36,50.26,45234,9,买盘
2996,14:03:39,50.26,20104,4,买盘
2997,14:03:42,50.27,20106,4,买盘
2998,14:03:48,50.28,231245,46,买盘
2999,14:03:51,50.28,321811,64,买盘
3000,14:03:54,50.29,15087,3,中性盘
3001,14:03:57,50.29,35203,7,卖盘
3002,14:04:00,50.29,40232,8,买盘
3003,14:04:03,50.29,40228,8,买盘
3004,14:04:06,50.29,50290,10,买盘
3005,14:04:09,50.28,20112,4,卖盘
3006,14:04:12,50.29,10058,2,买盘
3007,14:04:21,50.28,10056,2,卖盘
3008,14:04:24,50.28,25140,5,卖盘
3009,14:04:27,50.28,30168,6,卖盘
3010,14:04:30,50.28,10056,2,卖盘
3011,14:04:33,50.29,50290,10,买盘
3012,14:04:42,50.29,10057,2,买盘
3013,14:04:45,50.28,10056,2,卖盘
3014,14:04:51,50.28,50280,10,卖盘
3015,14:04:54,50.28,30168,6,卖盘
3016,14:04:57,50.28,5028,1,卖盘
3017,14:05:00,50.28,40224,8,卖盘
3018,14:05:06,50.29,25143,5,买盘
3019,14:05:09,50.28,20112,4,卖盘
3020,14:05:12,50.28,145814,29,卖盘
3021,14:05:15,50.27,251350,50,卖盘
3022,14:05:18,50.3,115670,23,买盘
3023,14:05:21,50.29,30174,6,卖盘
3024,14:05:24,50.28,45252,9,卖盘
3025,14:05:27,50.28,120672,24,卖盘
3026,14:05:33,50.29,5029,1,买盘
3027,14:05:36,50.29,15087,3,买盘
3028,14:05:39,50.29,85489,17,买盘
3029,14:05:42,50.29,45261,9,买盘
3030,14:05:45,50.3,5030,1,买盘
3031,14:05:48,50.3,40240,8,买盘
3032,14:05:51,50.29,25147,5,卖盘
3033,14:05:54,50.29,50293,10,买盘
3034,14:05:57,50.3,50297,10,买盘
3035,14:06:03,50.29,15087,3,卖盘
3036,14:06:06,50.29,15087,3,卖盘
3037,14:06:09,50.29,15087,3,买盘
3038,14:06:12,50.28,40228,8,卖盘
3039,14:06:15,50.28,10056,2,卖盘
3040,14:06:18,50.3,5030,1,买盘
3041,14:06:21,50.29,5029,1,卖盘
3042,14:06:24,50.29,10058,2,买盘
3043,14:06:27,50.29,55319,11,卖盘
3044,14:06:30,50.29,40232,8,买盘
3045,14:06:39,50.29,90522,18,买盘
3046,14:06:48,50.29,5029,1,卖盘
3047,14:06:51,50.3,60360,12,买盘
3048,14:07:00,50.3,35210,7,买盘
3049,14:07:03,50.3,5030,1,买盘
3050,14:07:06,50.3,5030,1,买盘
3051,14:07:09,50.29,10058,2,卖盘
3052,14:07:12,50.29,125725,25,卖盘
3053,14:07:15,50.29,70406,14,卖盘
3054,14:07:18,50.29,80466,16,卖盘
3055,14:07:21,50.28,40234,8,卖盘
3056,14:07:24,50.28,191092,38,卖盘
3057,14:07:27,50.28,25140,5,卖盘
3058,14:07:33,50.28,70393,14,卖盘
3059,14:07:45,50.28,55308,11,卖盘
3060,14:07:48,50.28,60341,12,卖盘
3061,14:07:51,50.28,20112,4,卖盘
3062,14:07:54,50.29,95543,19,买盘
3063,14:08:00,50.28,5028,1,中性盘
3064,14:08:03,50.28,75428,15,买盘
3065,14:08:06,50.29,95527,19,买盘
3066,14:08:09,50.29,45250,9,买盘
3067,14:08:12,50.29,20116,4,买盘
3068,14:08:15,50.28,10056,2,卖盘
3069,14:08:18,50.28,15084,3,买盘
3070,14:08:21,50.28,10056,2,卖盘
3071,14:08:27,50.28,10056,2,卖盘
3072,14:08:30,50.28,45252,9,卖盘
3073,14:08:33,50.29,15087,3,买盘
3074,14:08:36,50.28,15084,3,买盘
3075,14:08:39,50.27,135729,27,卖盘
3076,14:08:45,50.29,10058,2,买盘
3077,14:08:48,50.29,115667,23,买盘
3078,14:08:51,50.3,15088,3,买盘
3079,14:08:54,50.28,50280,10,卖盘
3080,14:08:57,50.27,95528,19,卖盘
3081,14:09:00,50.27,135729,27,卖盘
3082,14:09:06,50.27,30162,6,卖盘
3083,14:09:09,50.27,10054,2,卖盘
3084,14:09:12,50.28,10057,2,卖盘
3085,14:09:15,50.29,45258,9,买盘
3086,14:09:18,50.29,25148,5,中性盘
3087,14:09:21,50.29,35197,7,买盘
3088,14:09:24,50.29,5029,1,买盘
3089,14:09:27,50.29,15087,3,买盘
3090,14:09:33,50.28,5028,1,卖盘
3091,14:09:39,50.28,25143,5,卖盘
3092,14:09:42,50.29,15087,3,买盘
3093,14:09:51,50.28,50281,10,卖盘
3094,14:09:54,50.28,90504,18,卖盘
3095,14:09:57,50.28,5028,1,中性盘
3096,14:10:03,50.28,80448,16,买盘
3097,14:10:06,50.28,20112,4,买盘
3098,14:10:09,50.27,40216,8,卖盘
3099,14:10:12,50.27,130702,26,卖盘
3100,14:10:15,50.27,5027,1,卖盘
3101,14:10:18,50.29,266484,53,买盘
3102,14:10:21,50.28,65365,13,卖盘
3103,14:10:24,50.28,30168,6,卖盘
3104,14:10:27,50.28,25140,5,卖盘
3105,14:10:33,50.28,135760,27,卖盘
3106,14:10:39,50.29,35199,7,买盘
3107,14:10:42,50.27,35190,7,卖盘
3108,14:10:48,50.28,15084,3,买盘
3109,14:10:51,50.28,5028,1,买盘
3110,14:10:54,50.28,75426,15,买盘
3111,14:10:57,50.28,10056,2,卖盘
3112,14:11:00,50.28,50280,10,买盘
3113,14:11:09,50.28,5028,1,卖盘
3114,14:11:12,50.28,25140,5,买盘
3115,14:11:15,50.29,30171,6,买盘
3116,14:11:18,50.29,65377,13,买盘
3117,14:11:21,50.28,20113,4,卖盘
3118,14:11:24,50.28,90504,18,买盘
3119,14:11:27,50.28,40224,8,卖盘
3120,14:11:30,50.3,170976,34,买盘
3121,14:11:33,50.28,35196,7,卖盘
3122,14:11:36,50.3,15090,3,买盘
3123,14:11:39,50.29,10059,2,卖盘
3124,14:11:42,50.3,65384,13,买盘
3125,14:11:45,50.3,5030,1,买盘
3126,14:11:48,50.3,286705,57,买盘
3127,14:11:51,50.29,130759,26,卖盘
3128,14:11:54,50.29,35205,7,卖盘
3129,14:12:03,50.3,5030,1,买盘
3130,14:12:06,50.3,55327,11,买盘
3131,14:12:09,50.28,10056,2,卖盘
3132,14:12:12,50.3,40236,8,买盘
3133,14:12:15,50.28,45252,9,卖盘
3134,14:12:18,50.29,10058,2,中性盘
3135,14:12:30,50.29,10058,2,卖盘
3136,14:12:33,50.29,10058,2,买盘
3137,14:12:36,50.29,50287,10,卖盘
3138,14:12:45,50.29,5029,1,卖盘
3139,14:12:51,50.29,20116,4,卖盘
3140,14:13:00,50.29,5029,1,买盘
3141,14:13:03,50.28,35196,7,卖盘
3142,14:13:06,50.28,25140,5,卖盘
3143,14:13:12,50.29,65377,13,买盘
3144,14:13:15,50.3,45267,9,买盘
3145,14:13:21,50.28,5028,1,卖盘
3146,14:13:24,50.29,30174,6,买盘
3147,14:13:27,50.28,5028,1,卖盘
3148,14:13:30,50.3,60360,12,买盘
3149,14:13:33,50.3,150911,30,买盘
3150,14:13:36,50.31,5031,1,买盘
3151,14:13:39,50.31,45271,9,买盘
3152,14:13:42,50.3,5030,1,卖盘
3153,14:13:45,50.31,10062,2,买盘
3154,14:13:48,50.31,25155,5,买盘
3155,14:13:51,50.3,10060,2,卖盘
3156,14:13:54,50.3,15090,3,卖盘
3157,14:13:57,50.31,15093,3,买盘
3158,14:14:00,50.31,130806,26,买盘
3159,14:14:03,50.3,90546,18,卖盘
3160,14:14:06,50.31,60369,12,买盘
3161,14:14:09,50.3,35210,7,卖盘
3162,14:14:12,50.3,65396,13,卖盘
3163,14:14:15,50.3,15091,3,卖盘
3164,14:14:18,50.3,30182,6,卖盘
3165,14:14:27,50.3,120723,24,卖盘
3166,14:14:30,50.31,30186,6,买盘
3167,14:14:33,50.31,10062,2,卖盘
3168,14:14:36,50.31,60378,12,卖盘
3169,14:14:39,50.32,25158,5,买盘
3170,14:14:42,50.31,40254,8,卖盘
3171,14:14:45,50.32,10064,2,买盘
3172,14:14:51,50.32,171090,34,买盘
3173,14:14:54,50.32,15096,3,卖盘
3174,14:14:57,50.33,55356,11,买盘
3175,14:15:00,50.33,120792,24,买盘
3176,14:15:03,50.32,55360,11,卖盘
3177,14:15:06,50.32,15098,3,卖盘
3178,14:15:09,50.32,110744,22,卖盘
3179,14:15:12,50.32,10064,2,卖盘
3180,14:15:15,50.34,20135,4,买盘
3181,14:15:18,50.35,120815,24,买盘
3182,14:15:21,50.35,493428,98,买盘
3183,14:15:24,50.35,191308,38,买盘
3184,14:15:27,50.34,166150,33,卖盘
3185,14:15:30,50.35,50342,10,中性盘
3186,14:15:33,50.35,10070,2,买盘
3187,14:15:39,50.35,15105,3,卖盘
3188,14:15:42,50.35,161153,32,卖盘
3189,14:15:45,50.35,40280,8,卖盘
3190,14:15:48,50.38,302248,60,买盘
3191,14:15:51,50.36,55396,11,卖盘
3192,14:15:54,50.36,20144,4,卖盘
3193,14:15:57,50.37,5037,1,卖盘
3194,14:16:06,50.37,45331,9,买盘
3195,14:16:09,50.37,15111,3,买盘
3196,14:16:12,50.36,20146,4,卖盘
3197,14:16:15,50.36,10072,2,卖盘
3198,14:16:18,50.36,20144,4,卖盘
3199,14:16:21,50.36,40289,8,卖盘
3200,14:16:24,50.37,35253,7,买盘
3201,14:16:27,50.35,20143,4,卖盘
3202,14:16:30,50.36,10073,2,卖盘
3203,14:16:33,50.36,5036,1,卖盘
3204,14:16:36,50.36,10072,2,卖盘
3205,14:16:39,50.36,10072,2,卖盘
3206,14:16:45,50.36,20142,4,买盘
3207,14:16:48,50.35,201400,40,卖盘
3208,14:16:54,50.35,30210,6,卖盘
3209,14:16:57,50.35,140980,28,卖盘
3210,14:17:03,50.34,20134,4,卖盘
3211,14:17:12,50.33,60399,12,卖盘
3212,14:17:15,50.33,50330,10,卖盘
3213,14:17:18,50.34,35234,7,买盘
3214,14:17:24,50.32,10066,2,卖盘
3215,14:17:33,50.32,5032,1,卖盘
3216,14:17:36,50.32,10064,2,卖盘
3217,14:17:42,50.33,85561,17,买盘
3218,14:17:45,50.35,15105,3,买盘
3219,14:17:48,50.33,10067,2,卖盘
3220,14:17:54,50.34,30201,6,买盘
