,成交时间,成交价格,成交金额,成交量,性质
0,09:25:00,56.51,2353076,416,卖盘
1,09:30:00,56.52,429552,76,买盘
2,09:30:03,56.51,1271466,225,卖盘
3,09:30:06,56.52,548193,97,买盘
4,09:30:09,56.52,977773,173,卖盘
5,09:30:12,56.52,808168,143,卖盘
6,09:30:15,56.54,316491,56,买盘
7,09:30:18,56.55,316517,56,买盘
8,09:30:21,56.48,192102,34,卖盘
9,09:30:24,56.48,502766,89,卖盘
10,09:30:27,56.47,570325,101,卖盘
11,09:30:30,56.41,982089,174,卖盘
12,09:30:33,56.4,609236,108,卖盘
13,09:30:36,56.39,4980310,883,卖盘
14,09:30:39,56.45,964461,171,买盘
15,09:30:42,56.44,1043493,185,中性盘
16,09:30:45,56.36,360886,64,卖盘
17,09:30:48,56.39,761133,135,中性盘
18,09:30:51,56.35,231104,41,卖盘
19,09:30:54,56.35,326931,58,卖盘
20,09:30:57,56.33,901571,160,卖盘
21,09:31:00,56.33,140890,25,卖盘
22,09:31:03,56.26,2545030,452,卖盘
23,09:31:06,56.25,945624,168,卖盘
24,09:31:09,56.26,218388,39,卖盘
25,09:31:12,56.26,686339,122,卖盘
26,09:31:15,56.28,241988,43,买盘
27,09:31:18,56.35,258900,46,买盘
28,09:31:21,56.3,67572,12,中性盘
29,09:31:24,56.31,95749,17,卖盘
30,09:31:27,56.29,168909,30,卖盘
31,09:31:30,56.3,185818,33,中性盘
32,09:31:33,56.32,129535,23,买盘
33,09:31:36,56.32,67584,12,买盘
34,09:31:39,56.32,90110,16,买盘
35,09:31:42,56.31,489937,87,卖盘
36,09:31:45,56.33,129525,23,买盘
37,09:31:48,56.35,535043,95,买盘
38,09:31:51,56.35,135240,24,卖盘
39,09:31:54,56.33,208470,37,卖盘
40,09:31:57,56.36,157784,28,买盘
41,09:32:00,56.32,140845,25,卖盘
42,09:32:03,56.32,152089,27,卖盘
43,09:32:06,56.34,174613,31,买盘
44,09:32:09,56.35,152113,27,买盘
45,09:32:12,56.35,146508,26,买盘
46,09:32:15,56.33,1413990,251,卖盘
47,09:32:18,56.35,360529,64,买盘
48,09:32:21,56.36,90174,16,买盘
49,09:32:24,56.35,95799,17,卖盘
50,09:32:27,56.36,253606,45,买盘
51,09:32:30,56.35,405756,72,卖盘
52,09:32:33,56.35,152156,27,买盘
53,09:32:36,56.32,771813,137,卖盘
54,09:32:39,56.31,428071,76,卖盘
55,09:32:42,56.3,641884,114,卖盘
56,09:32:45,56.29,264626,47,卖盘
57,09:32:48,56.29,399629,71,买盘
58,09:32:51,56.32,230829,41,买盘
59,09:32:54,56.31,157679,28,卖盘
60,09:32:57,56.3,225281,40,卖盘
61,09:33:00,56.32,78836,14,中性盘
62,09:33:03,56.31,78836,14,卖盘
63,09:33:06,56.32,309792,55,买盘
64,09:33:09,56.3,73211,13,卖盘
65,09:33:12,56.3,197082,35,卖盘
66,09:33:15,56.31,118250,21,卖盘
67,09:33:18,56.31,78833,14,卖盘
68,09:33:21,56.31,354764,63,买盘
69,09:33:24,56.33,185841,33,买盘
70,09:33:27,56.33,112628,20,卖盘
71,09:33:30,56.35,225356,40,买盘
72,09:33:33,56.34,90151,16,卖盘
73,09:33:36,56.34,107053,19,卖盘
74,09:33:39,56.35,146494,26,买盘
75,09:33:42,56.34,264809,47,卖盘
76,09:33:45,56.34,259190,46,卖盘
77,09:33:48,56.32,304206,54,卖盘
78,09:33:51,56.34,22537,4,中性盘
79,09:33:54,56.34,247815,44,卖盘
80,09:33:57,56.33,157723,28,中性盘
81,09:34:00,56.32,185856,33,卖盘
82,09:34:03,56.33,518144,92,中性盘
83,09:34:06,56.32,270335,48,中性盘
84,09:34:09,56.33,343515,61,买盘
85,09:34:12,56.31,292827,52,卖盘
86,09:34:15,56.32,50693,9,卖盘
87,09:34:18,56.32,349204,62,卖盘
88,09:34:21,56.32,163350,29,卖盘
89,09:34:24,56.32,191486,34,卖盘
90,09:34:27,56.31,208347,37,卖盘
91,09:34:30,56.3,551875,98,卖盘
92,09:34:33,56.3,816380,145,卖盘
93,09:34:36,56.3,878289,156,卖盘
94,09:34:39,56.3,720434,128,买盘
95,09:34:42,56.3,185790,33,买盘
96,09:34:45,56.3,624793,111,买盘
97,09:34:48,56.27,191402,34,卖盘
98,09:34:51,56.28,151989,27,卖盘
99,09:34:54,56.28,118185,21,卖盘
100,09:34:57,56.27,106922,19,卖盘
101,09:35:00,56.27,140677,25,卖盘
102,09:35:03,56.27,185700,33,卖盘
103,09:35:06,56.29,135054,24,买盘
104,09:35:09,56.27,427651,76,卖盘
105,09:35:12,56.27,118167,21,买盘
106,09:35:15,56.27,596421,106,买盘
107,09:35:18,56.28,506385,90,买盘
108,09:35:21,56.27,22508,4,卖盘
109,09:35:24,56.27,146305,26,卖盘
110,09:35:27,56.28,326371,58,买盘
111,09:35:30,56.32,213895,38,买盘
112,09:35:33,56.28,208253,37,卖盘
113,09:35:36,56.27,50644,9,卖盘
114,09:35:42,56.28,298299,53,卖盘
115,09:35:45,56.3,163244,29,买盘
116,09:35:51,56.3,382840,68,卖盘
117,09:35:54,56.3,118233,21,卖盘
118,09:35:57,56.3,287126,51,买盘
119,09:36:00,56.3,45040,8,买盘
120,09:36:03,56.3,377200,67,买盘
121,09:36:06,56.3,135109,24,卖盘
122,09:36:09,56.3,90079,16,买盘
123,09:36:12,56.28,506576,90,卖盘
124,09:36:15,56.27,348946,62,卖盘
125,09:36:18,56.27,112545,20,卖盘
126,09:36:21,56.27,286990,51,卖盘
127,09:36:24,56.27,303876,54,卖盘
128,09:36:27,56.27,422083,75,卖盘
129,09:36:30,56.28,112551,20,买盘
130,09:36:33,56.28,771000,137,买盘
131,09:36:36,56.28,61902,11,卖盘
132,09:36:39,56.29,118206,21,买盘
133,09:36:42,56.29,151968,27,买盘
134,09:36:45,56.28,84422,15,卖盘
135,09:36:48,56.29,236418,42,买盘
136,09:36:51,56.29,112582,20,买盘
137,09:36:54,56.29,213902,38,卖盘
138,09:36:57,56.29,112583,20,卖盘
139,09:37:00,56.29,61921,11,卖盘
140,09:37:03,56.29,101322,18,卖盘
141,09:37:06,56.29,78806,14,卖盘
142,09:37:09,56.29,253313,45,卖盘
143,09:37:12,56.28,427814,76,卖盘
144,09:37:15,56.33,1047207,186,买盘
145,09:37:18,56.32,78871,14,卖盘
146,09:37:21,56.3,174551,31,卖盘
147,09:37:24,56.3,118231,21,卖盘
148,09:37:27,56.32,523731,93,买盘
149,09:37:30,56.33,163351,29,买盘
150,09:37:33,56.34,28166,5,买盘
151,09:37:36,56.33,236624,42,卖盘
152,09:37:39,56.34,33799,6,买盘
153,09:37:42,56.32,518197,92,卖盘
154,09:37:45,56.3,78843,14,卖盘
155,09:37:51,56.31,230905,41,卖盘
156,09:37:54,56.33,602710,107,买盘
157,09:37:57,56.3,28154,5,卖盘
158,09:38:00,56.33,152078,27,买盘
159,09:38:03,56.31,118260,21,卖盘
160,09:38:06,56.3,304022,54,卖盘
161,09:38:09,56.29,647447,115,卖盘
162,09:38:12,56.29,303989,54,卖盘
163,09:38:15,56.31,835605,148,买盘
164,09:38:18,56.29,22518,4,卖盘
165,09:38:21,56.31,304063,54,买盘
166,09:38:24,56.3,33775,6,中性盘
167,09:38:27,56.28,253291,45,卖盘
168,09:38:30,56.3,135120,24,买盘
169,09:38:33,56.3,33780,6,买盘
170,09:38:36,56.29,118220,21,卖盘
171,09:38:39,56.29,33779,6,卖盘
172,09:38:42,56.3,90080,16,买盘
173,09:38:45,56.29,410943,73,卖盘
174,09:38:48,56.29,118221,21,卖盘
175,09:38:51,56.29,388403,69,卖盘
176,09:38:54,56.29,84446,15,卖盘
177,09:38:57,56.29,225160,40,卖盘
178,09:39:00,56.29,129474,23,卖盘
179,09:39:03,56.29,225175,40,卖盘
180,09:39:06,56.28,45029,8,卖盘
181,09:39:09,56.29,78802,14,买盘
182,09:39:12,56.28,101309,18,卖盘
183,09:39:15,56.28,45029,8,卖盘
184,09:39:18,56.29,287076,51,买盘
185,09:39:21,56.29,135085,24,买盘
186,09:39:24,56.29,540298,96,买盘
187,09:39:27,56.29,388336,69,买盘
188,09:39:30,56.29,1035632,184,买盘
189,09:39:33,56.29,388365,69,卖盘
190,09:39:36,56.28,292692,52,卖盘
191,09:39:39,56.28,56287,10,卖盘
192,09:39:42,56.26,2721307,484,卖盘
193,09:39:45,56.25,1659606,295,卖盘
194,09:39:48,56.22,3149624,560,卖盘
195,09:39:51,56.2,1096083,195,卖盘
196,09:39:54,56.2,1185892,211,卖盘
197,09:39:57,56.23,573393,102,买盘
198,09:40:00,56.2,1742277,310,卖盘
199,09:40:03,56.21,252923,45,卖盘
200,09:40:06,56.21,781203,139,买盘
201,09:40:09,56.21,134904,24,卖盘
202,09:40:12,56.21,78700,14,卖盘
203,09:40:15,56.21,1421983,253,卖盘
204,09:40:18,56.21,623955,111,卖盘
205,09:40:21,56.21,123662,22,买盘
206,09:40:24,56.21,207962,37,买盘
207,09:40:27,56.2,438371,78,卖盘
208,09:40:30,56.2,314687,56,买盘
209,09:40:33,56.2,241660,43,买盘
210,09:40:36,56.19,2146324,382,卖盘
211,09:40:39,56.19,623672,111,卖盘
212,09:40:42,56.19,264102,47,卖盘
213,09:40:45,56.19,185440,33,卖盘
214,09:40:48,56.23,89930,16,买盘
215,09:40:51,56.19,297806,53,卖盘
216,09:40:54,56.19,151712,27,买盘
217,09:40:57,56.19,269679,48,买盘
218,09:41:00,56.18,129218,23,卖盘
219,09:41:03,56.18,61805,11,卖盘
220,09:41:06,56.19,415759,74,买盘
221,09:41:09,56.18,258462,46,卖盘
222,09:41:12,56.19,219119,39,买盘
223,09:41:15,56.19,168566,30,买盘
224,09:41:18,56.19,140475,25,买盘
225,09:41:21,56.23,634962,113,买盘
226,09:41:24,56.18,595622,106,卖盘
227,09:41:27,56.19,22482,4,卖盘
228,09:41:30,56.19,112383,20,卖盘
229,09:41:33,56.19,224759,40,卖盘
230,09:41:36,56.19,471949,84,中性盘
231,09:41:39,56.19,140470,25,买盘
232,09:41:42,56.19,230378,41,买盘
233,09:41:45,56.19,736076,131,卖盘
234,09:41:48,56.2,471997,84,买盘
235,09:41:51,56.2,11240,2,买盘
236,09:41:54,56.2,1188869,212,买盘
237,09:41:57,56.18,247224,44,卖盘
238,09:42:00,56.18,387669,69,卖盘
239,09:42:03,56.18,101131,18,卖盘
240,09:42:06,56.17,1337002,238,卖盘
241,09:42:09,56.16,372979,66,卖盘
242,09:42:12,56.16,202194,36,卖盘
243,09:42:15,56.17,2504635,446,买盘
244,09:42:18,56.16,297654,53,卖盘
245,09:42:21,56.16,174098,31,卖盘
246,09:42:24,56.15,393126,70,卖盘
247,09:42:27,56.14,1650687,294,卖盘
248,09:42:30,56.11,1268276,226,卖盘
249,09:42:33,56.11,235705,42,卖盘
250,09:42:36,56.11,1363367,243,卖盘
251,09:42:39,56.1,768594,137,卖盘
252,09:42:42,56.1,992970,177,买盘
253,09:42:45,56.1,611445,109,买盘
254,09:42:48,56.1,841459,150,买盘
255,09:42:51,56.1,330938,59,卖盘
256,09:42:54,56.1,370191,66,卖盘
257,09:42:57,56.1,589003,105,买盘
258,09:43:00,56.1,678485,121,买盘
259,09:43:03,56.1,61710,11,卖盘
260,09:43:06,56.1,1205877,215,卖盘
261,09:43:09,56.1,577740,103,卖盘
262,09:43:12,56.1,78552,14,卖盘
263,09:43:15,56.12,22448,4,买盘
264,09:43:18,56.12,207590,37,买盘
265,09:43:21,56.12,28052,5,买盘
266,09:43:24,56.13,729560,130,买盘
267,09:43:27,56.12,39284,7,买盘
268,09:43:30,56.12,331048,59,卖盘
269,09:43:33,56.14,999163,178,买盘
270,09:43:36,56.13,695941,124,卖盘
271,09:43:39,56.12,241339,43,卖盘
272,09:43:42,56.13,353528,63,买盘
273,09:43:45,56.12,291831,52,买盘
274,09:43:48,56.11,140276,25,卖盘
275,09:43:51,56.1,100997,18,卖盘
276,09:43:54,56.1,841586,150,卖盘
277,09:43:57,56.1,50493,9,卖盘
278,09:44:00,56.11,22442,4,买盘
279,09:44:03,56.1,61711,11,卖盘
280,09:44:06,56.11,353487,63,买盘
281,09:44:09,56.11,106609,19,买盘
282,09:44:12,56.11,112219,20,买盘
283,09:44:15,56.1,325408,58,卖盘
284,09:44:18,56.11,84156,15,买盘
285,09:44:21,56.11,628438,112,买盘
286,09:44:24,56.11,72943,13,卖盘
287,09:44:27,56.12,72946,13,买盘
288,09:44:30,56.11,258143,46,卖盘
289,09:44:33,56.12,392837,70,买盘
290,09:44:36,56.12,404061,72,买盘
291,09:44:39,56.12,162761,29,买盘
292,09:44:42,56.11,56117,10,卖盘
293,09:44:45,56.12,129075,23,买盘
294,09:44:48,56.11,67343,12,卖盘
295,09:44:51,56.12,95395,17,中性盘
296,09:44:54,56.12,11225,2,卖盘
297,09:44:57,56.11,95404,17,卖盘
298,09:45:00,56.12,5612,1,中性盘
299,09:45:03,56.12,813635,145,卖盘
300,09:45:06,56.11,286177,51,卖盘
301,09:45:09,56.12,308605,55,买盘
302,09:45:12,56.12,2743740,489,买盘
303,09:45:15,56.12,33672,6,卖盘
304,09:45:18,56.12,207643,37,买盘
305,09:45:21,56.12,33672,6,买盘
306,09:45:24,56.12,28057,5,买盘
307,09:45:27,56.11,347882,62,卖盘
308,09:45:30,56.11,72943,13,买盘
309,09:45:33,56.11,230028,41,买盘
310,09:45:36,56.11,566767,101,买盘
311,09:45:39,56.1,207585,37,卖盘
312,09:45:42,56.11,11222,2,买盘
313,09:45:45,56.1,28053,5,卖盘
314,09:45:48,56.11,67329,12,买盘
315,09:45:51,56.11,61720,11,买盘
316,09:45:54,56.11,218822,39,买盘
317,09:45:57,56.11,117831,21,买盘
318,09:46:00,56.12,336671,60,买盘
319,09:46:03,56.12,185170,33,买盘
320,09:46:06,56.11,39281,7,卖盘
321,09:46:09,56.11,454492,81,卖盘
322,09:46:12,56.11,533027,95,卖盘
323,09:46:15,56.1,269303,48,卖盘
324,09:46:18,56.11,84156,15,买盘
325,09:46:21,56.1,785405,140,卖盘
326,09:46:24,56.1,100966,18,买盘
327,09:46:27,56.1,22437,4,买盘
328,09:46:30,56.1,426296,76,买盘
329,09:46:33,56.09,2607862,465,卖盘
330,09:46:36,56.08,185073,33,中性盘
331,09:46:39,56.07,274757,49,卖盘
332,09:46:42,56.07,213075,38,卖盘
333,09:46:45,56.07,173819,31,卖盘
334,09:46:48,56.07,224280,40,买盘
335,09:46:51,56.07,61674,11,买盘
336,09:46:54,56.07,583043,104,买盘
337,09:46:57,56.07,168200,30,买盘
338,09:47:00,56.06,151365,27,卖盘
339,09:47:03,56.06,112125,20,卖盘
340,09:47:06,56.07,190630,34,买盘
341,09:47:09,56.07,409314,73,卖盘
342,09:47:12,56.06,117728,21,卖盘
343,09:47:15,56.06,39246,7,卖盘
344,09:47:18,56.07,39247,7,买盘
345,09:47:21,56.07,95319,17,买盘
346,09:47:24,56.06,437279,78,卖盘
347,09:47:27,56.06,134558,24,卖盘
348,09:47:30,56.07,123354,22,卖盘
349,09:47:33,56.06,117741,21,卖盘
350,09:47:36,56.07,476593,85,买盘
351,09:47:39,56.07,302729,54,买盘
352,09:47:42,56.07,185031,33,卖盘
353,09:47:45,56.06,112137,20,卖盘
354,09:47:48,56.08,314022,56,买盘
355,09:47:51,56.07,106533,19,买盘
356,09:47:54,56.06,639095,114,卖盘
357,09:47:57,56.07,179405,32,中性盘
358,09:48:00,56.07,156988,28,买盘
359,09:48:03,56.06,61666,11,卖盘
360,09:48:06,56.06,67273,12,卖盘
361,09:48:09,56.06,510231,91,卖盘
362,09:48:12,56.06,22425,4,卖盘
363,09:48:15,56.06,67282,12,卖盘
364,09:48:18,56.07,201839,36,买盘
365,09:48:21,56.07,28034,5,买盘
366,09:48:27,56.07,67283,12,买盘
367,09:48:30,56.07,874692,156,买盘
368,09:48:33,56.07,78498,14,卖盘
369,09:48:36,56.07,39249,7,卖盘
370,09:48:39,56.07,67295,12,卖盘
371,09:48:42,56.08,16823,3,买盘
372,09:48:45,56.08,44861,8,买盘
373,09:48:48,56.07,560785,100,卖盘
374,09:48:51,56.07,78511,14,卖盘
375,09:48:54,56.08,163754,29,买盘
376,09:48:57,56.08,72904,13,卖盘
377,09:49:00,56.08,50475,9,卖盘
378,09:49:03,56.09,392576,70,买盘
379,09:49:06,56.08,28041,5,卖盘
380,09:49:09,56.08,44869,8,卖盘
381,09:49:12,56.08,319660,57,卖盘
382,09:49:15,56.08,1002740,179,卖盘
383,09:49:18,56.07,33642,6,卖盘
384,09:49:21,56.08,246738,44,买盘
385,09:49:24,56.07,1642825,293,卖盘
386,09:49:27,56.07,95315,17,买盘
387,09:49:30,56.07,117741,21,买盘
388,09:49:33,56.07,162597,29,买盘
389,09:49:36,56.06,134558,24,卖盘
390,09:49:39,56.06,465356,83,卖盘
391,09:49:42,56.06,252336,45,卖盘
392,09:49:45,56.06,50454,9,卖盘
393,09:49:48,56.06,235457,42,卖盘
394,09:49:51,56.06,190619,34,卖盘
395,09:49:54,56.06,156985,28,卖盘
396,09:49:57,56.07,56067,10,买盘
397,09:50:00,56.06,28030,5,卖盘
398,09:50:03,56.06,392459,70,卖盘
399,09:50:06,56.06,84101,15,卖盘
400,09:50:09,56.06,33638,6,卖盘
401,09:50:12,56.06,11212,2,卖盘
402,09:50:15,56.06,622376,111,卖盘
403,09:50:18,56.07,78491,14,买盘
404,09:50:21,56.06,95310,17,卖盘
405,09:50:24,56.06,622371,111,卖盘
406,09:50:27,56.06,151382,27,卖盘
407,09:50:30,56.06,454158,81,卖盘
408,09:50:33,56.06,106524,19,卖盘
409,09:50:36,56.07,263519,47,买盘
410,09:50:39,56.07,33642,6,买盘
411,09:50:42,56.07,145770,26,买盘
412,09:50:45,56.07,269133,48,买盘
413,09:50:48,56.06,89707,16,卖盘
414,09:50:51,56.07,112136,20,买盘
415,09:50:54,56.07,185030,33,买盘
416,09:50:57,56.07,106532,19,买盘
417,09:51:00,56.07,274742,49,卖盘
418,09:51:03,56.06,162598,29,卖盘
419,09:51:06,56.06,330806,59,卖盘
420,09:51:09,56.07,28032,5,买盘
421,09:51:12,56.06,11212,2,卖盘
422,09:51:15,56.06,11212,2,卖盘
423,09:51:18,56.06,67273,12,卖盘
424,09:51:21,56.06,639153,114,卖盘
425,09:51:24,56.07,173811,31,买盘
426,09:51:27,56.06,219765,39,卖盘
427,09:51:30,56.08,269126,48,买盘
428,09:51:33,56.07,370067,66,卖盘
429,09:51:36,56.07,208572,37,买盘
430,09:51:39,56.06,61670,11,卖盘
431,09:51:42,56.07,33642,6,买盘
432,09:51:45,56.07,28035,5,买盘
433,09:51:48,56.07,106533,19,买盘
434,09:51:51,56.07,756945,135,买盘
435,09:51:54,56.08,28040,5,买盘
436,09:51:57,56.07,56070,10,卖盘
437,09:52:00,56.07,123358,22,卖盘
438,09:52:03,56.07,588654,105,卖盘
439,09:52:06,56.07,386947,69,卖盘
440,09:52:09,56.07,44857,8,卖盘
441,09:52:12,56.08,28040,5,买盘
442,09:52:15,56.07,5607,1,卖盘
443,09:52:18,56.07,95320,17,卖盘
444,09:52:21,56.07,975622,174,卖盘
445,09:52:24,56.06,930625,166,卖盘
446,09:52:27,56.06,72883,13,卖盘
447,09:52:30,56.06,128954,23,卖盘
448,09:52:33,56.07,168203,30,中性盘
449,09:52:36,56.06,84093,15,卖盘
450,09:52:39,56.07,381318,68,买盘
451,09:52:42,56.07,16821,3,卖盘
452,09:52:45,56.07,50463,9,卖盘
453,09:52:48,56.07,100925,18,买盘
454,09:52:54,56.07,106533,19,买盘
455,09:52:57,56.07,106533,19,卖盘
456,09:53:00,56.07,28035,5,卖盘
457,09:53:03,56.08,28036,5,买盘
458,09:53:06,56.07,22428,4,卖盘
459,09:53:09,56.07,218671,39,卖盘
460,09:53:12,56.08,56080,10,买盘
461,09:53:15,56.07,403734,72,卖盘
462,09:53:18,56.07,16821,3,卖盘
463,09:53:21,56.07,11214,2,卖盘
464,09:53:24,56.07,173816,31,卖盘
465,09:53:27,56.07,112140,20,卖盘
466,09:53:30,56.07,16823,3,卖盘
467,09:53:33,56.07,61677,11,卖盘
468,09:53:36,56.08,499040,89,买盘
469,09:53:39,56.07,106546,19,卖盘
470,09:53:42,56.07,218674,39,卖盘
471,09:53:45,56.08,39253,7,买盘
472,09:53:48,56.08,11216,2,买盘
473,09:53:51,56.07,297171,53,卖盘
474,09:53:54,56.08,190671,34,买盘
475,09:53:57,56.07,28035,5,卖盘
476,09:54:00,56.08,61686,11,买盘
477,09:54:03,56.07,56079,10,卖盘
478,09:54:06,56.07,61682,11,卖盘
479,09:54:09,56.07,28036,5,卖盘
480,09:54:12,56.07,61677,11,卖盘
481,09:54:15,56.08,39253,7,买盘
482,09:54:18,56.07,50465,9,卖盘
483,09:54:21,56.07,84106,15,卖盘
484,09:54:24,56.08,325264,58,买盘
485,09:54:27,56.08,16824,3,买盘
486,09:54:30,56.07,325206,58,卖盘
487,09:54:33,56.08,5608,1,买盘
488,09:54:36,56.08,33645,6,买盘
489,09:54:39,56.08,11216,2,买盘
490,09:54:42,56.08,16824,3,买盘
491,09:54:45,56.08,33648,6,买盘
492,09:54:48,56.08,22432,4,买盘
493,09:54:51,56.08,751462,134,买盘
494,09:54:54,56.08,123376,22,买盘
495,09:54:57,56.07,140198,25,卖盘
496,09:55:00,56.08,11216,2,买盘
497,09:55:03,56.07,549581,98,卖盘
498,09:55:06,56.07,112145,20,卖盘
499,09:55:09,56.07,145793,26,卖盘
500,09:55:12,56.07,302808,54,卖盘
501,09:55:15,56.08,78505,14,买盘
502,09:55:18,56.08,106547,19,买盘
503,09:55:21,56.08,100938,18,买盘
504,09:55:24,56.08,95334,17,买盘
505,09:55:27,56.07,50466,9,卖盘
506,09:55:30,56.07,84110,15,卖盘
507,09:55:33,56.07,2686288,479,卖盘
508,09:55:36,56.06,196219,35,卖盘
509,09:55:39,56.06,207424,37,卖盘
510,09:55:42,56.06,375602,67,卖盘
511,09:55:45,56.06,577440,103,卖盘
512,09:55:48,56.06,521390,93,卖盘
513,09:55:51,56.06,106523,19,卖盘
514,09:55:54,56.06,190606,34,卖盘
515,09:55:57,56.06,454136,81,卖盘
516,09:56:00,56.07,349827,62,买盘
517,09:56:03,56.06,594236,106,卖盘
518,09:56:06,56.02,7892098,1408,卖盘
519,09:56:09,56.02,442599,79,卖盘
520,09:56:12,56.01,1131402,202,卖盘
521,09:56:15,56.02,67218,12,买盘
522,09:56:18,56.01,761742,136,卖盘
523,09:56:21,56.01,291252,52,卖盘
524,09:56:24,56.01,168040,30,卖盘
525,09:56:27,56.01,492888,88,卖盘
526,09:56:30,56.01,28005,5,卖盘
527,09:56:33,56.01,380868,68,卖盘
528,09:56:36,56.01,1030481,184,卖盘
529,09:56:39,56.01,621710,111,买盘
530,09:56:42,56.0,632819,113,卖盘
531,09:56:45,56.01,190424,34,买盘
532,09:56:48,56.0,207220,37,卖盘
533,09:56:51,56.0,274400,49,卖盘
534,09:56:54,56.0,156801,28,卖盘
535,09:56:57,56.0,464803,83,卖盘
536,09:57:00,56.0,683200,122,卖盘
537,09:57:03,56.01,1086567,194,买盘
538,09:57:06,56.01,308055,55,卖盘
539,09:57:09,56.02,184833,33,买盘
540,09:57:12,56.0,196033,35,卖盘
541,09:57:15,56.01,128803,23,买盘
542,09:57:18,56.01,2335223,417,买盘
543,09:57:21,56.0,504018,90,卖盘
544,09:57:24,56.01,50407,9,买盘
545,09:57:27,56.01,504091,90,卖盘
546,09:57:30,56.01,364045,65,买盘
547,09:57:33,56.01,89614,16,买盘
548,09:57:36,56.0,397609,71,卖盘
549,09:57:39,56.0,22400,4,卖盘
550,09:57:42,56.0,78405,14,卖盘
551,09:57:45,56.0,1523200,272,卖盘
552,09:57:48,56.0,347169,62,买盘
553,09:57:51,55.98,1304566,233,卖盘
554,09:57:54,55.98,1685008,301,卖盘
555,09:57:57,55.96,794678,142,卖盘
556,09:58:00,55.95,442107,79,卖盘
557,09:58:03,55.92,4423902,791,卖盘
558,09:58:06,55.9,2264507,405,卖盘
559,09:58:09,55.94,100671,18,买盘
560,09:58:12,55.9,1146430,205,卖盘
561,09:58:15,55.9,106208,19,买盘
562,09:58:18,55.89,771227,138,卖盘
563,09:58:21,55.88,486220,87,卖盘
564,09:58:24,55.96,335480,60,买盘
565,09:58:27,55.9,95091,17,卖盘
566,09:58:30,55.9,150931,27,卖盘
567,09:58:33,55.95,178916,32,买盘
568,09:58:36,55.9,122998,22,卖盘
569,09:58:39,55.94,16782,3,买盘
570,09:58:42,55.94,117428,21,买盘
571,09:58:45,55.94,246101,44,买盘
572,09:58:48,55.93,11187,2,卖盘
573,09:58:51,55.93,11186,2,卖盘
574,09:58:54,55.95,654602,117,买盘
575,09:58:57,55.94,61534,11,卖盘
576,09:59:00,55.94,134259,24,卖盘
577,09:59:03,55.95,346794,62,买盘
578,09:59:06,55.94,183482,33,卖盘
579,09:59:09,55.93,268479,48,卖盘
580,09:59:12,55.94,22376,4,卖盘
581,09:59:15,55.94,55945,10,卖盘
582,09:59:18,55.95,252884,45,买盘
583,09:59:21,55.93,61523,11,卖盘
584,09:59:24,55.94,106275,19,买盘
585,09:59:27,55.93,95081,17,中性盘
586,09:59:30,55.93,89478,16,买盘
587,09:59:33,55.92,201316,36,卖盘
588,09:59:36,55.92,134229,24,卖盘
589,09:59:39,55.92,128617,23,卖盘
590,09:59:42,55.92,67104,12,卖盘
591,09:59:45,55.93,117451,21,买盘
592,09:59:51,55.94,117456,21,买盘
593,09:59:54,55.93,55930,10,卖盘
594,09:59:57,55.94,111871,20,买盘
595,10:00:00,55.93,123046,22,卖盘
596,10:00:03,55.93,296401,53,卖盘
597,10:00:06,55.93,290838,52,卖盘
598,10:00:09,55.91,911421,163,卖盘
599,10:00:12,55.92,229259,41,买盘
600,10:00:15,55.92,139788,25,买盘
601,10:00:18,55.91,301922,54,卖盘
602,10:00:21,55.92,262791,47,买盘
603,10:00:24,55.91,178920,32,卖盘
604,10:00:27,55.91,134182,24,买盘
605,10:00:30,55.91,117398,21,买盘
606,10:00:33,55.9,363353,65,卖盘
607,10:00:36,55.91,150956,27,买盘
608,10:00:39,55.91,441661,79,买盘
609,10:00:42,55.9,268343,48,卖盘
610,10:00:45,55.91,106211,19,买盘
611,10:00:48,55.9,207980,37,卖盘
612,10:00:51,55.91,11182,2,中性盘
613,10:00:54,55.91,313096,56,卖盘
614,10:00:57,55.91,123021,22,卖盘
615,10:01:00,55.91,190094,34,卖盘
616,10:01:03,55.91,318728,57,卖盘
617,10:01:06,55.92,55916,10,买盘
618,10:01:09,55.93,72709,13,买盘
619,10:01:12,55.92,11183,2,中性盘
620,10:01:15,55.92,195703,35,中性盘
621,10:01:18,55.91,134205,24,卖盘
622,10:01:21,55.92,22368,4,中性盘
623,10:01:24,55.91,413733,74,卖盘
624,10:01:27,55.91,100636,18,买盘
625,10:01:30,55.91,497540,89,买盘
626,10:01:33,55.91,313094,56,买盘
627,10:01:36,55.92,61511,11,买盘
628,10:01:39,55.92,190111,34,买盘
629,10:01:42,55.92,11184,2,中性盘
630,10:01:45,55.93,78301,14,买盘
631,10:01:48,55.93,78291,14,买盘
632,10:01:51,55.92,55927,10,卖盘
633,10:01:54,55.93,83891,15,买盘
634,10:01:57,55.92,61512,11,卖盘
635,10:02:00,55.93,83884,15,买盘
636,10:02:03,55.93,72708,13,买盘
637,10:02:06,55.93,39151,7,卖盘
638,10:02:09,55.93,39153,7,卖盘
639,10:02:12,55.93,16780,3,卖盘
640,10:02:18,55.94,139821,25,买盘
641,10:02:21,55.94,89489,16,买盘
642,10:02:24,55.93,123062,22,卖盘
643,10:02:27,55.94,285291,51,买盘
644,10:02:30,55.94,100692,18,买盘
645,10:02:33,55.94,33563,6,买盘
646,10:02:36,55.93,83913,15,卖盘
647,10:02:39,55.94,22373,4,中性盘
648,10:02:42,55.95,39155,7,买盘
649,10:02:45,55.94,111878,20,卖盘
650,10:02:48,55.94,139849,25,买盘
651,10:02:51,55.94,55934,10,买盘
652,10:02:54,55.94,67123,12,买盘
653,10:02:57,55.93,128655,23,卖盘
654,10:03:00,55.94,201362,36,买盘
655,10:03:03,55.93,117459,21,卖盘
656,10:03:06,55.93,290835,52,卖盘
657,10:03:09,55.93,67116,12,买盘
658,10:03:12,55.93,72701,13,买盘
659,10:03:15,55.94,447479,80,买盘
660,10:03:18,55.94,89504,16,中性盘
661,10:03:21,55.95,335603,60,买盘
662,10:03:24,55.94,106282,19,卖盘
663,10:03:27,55.96,207017,37,买盘
664,10:03:30,55.96,302175,54,买盘
665,10:03:33,55.98,106355,19,买盘
666,10:03:36,55.99,369300,66,买盘
667,10:03:39,56.0,459184,82,买盘
668,10:03:42,55.97,33586,6,卖盘
669,10:03:45,56.0,33592,6,买盘
670,10:03:48,55.99,11198,2,中性盘
671,10:03:51,55.98,341480,61,卖盘
672,10:03:54,55.97,55970,10,卖盘
673,10:03:57,55.98,16794,3,买盘
674,10:04:00,55.97,39184,7,卖盘
675,10:04:03,55.97,123138,22,卖盘
676,10:04:06,55.97,492522,88,卖盘
677,10:04:09,55.95,95121,17,卖盘
678,10:04:12,55.96,72739,13,买盘
679,10:04:15,55.95,95116,17,卖盘
680,10:04:18,55.96,72736,13,买盘
681,10:04:21,55.95,78330,14,买盘
682,10:04:24,55.94,27973,5,卖盘
683,10:04:27,55.95,61545,11,买盘
684,10:04:30,55.94,22377,4,卖盘
685,10:04:33,55.94,44757,8,卖盘
686,10:04:36,55.94,285294,51,卖盘
687,10:04:39,55.94,67126,12,买盘
688,10:04:42,55.94,33564,6,买盘
689,10:04:45,55.94,33564,6,买盘
690,10:04:48,55.94,44752,8,买盘
691,10:04:51,55.94,391543,70,卖盘
692,10:04:54,55.94,162227,29,卖盘
693,10:04:57,55.93,33565,6,卖盘
694,10:05:00,55.94,16782,3,中性盘
695,10:05:03,55.94,89509,16,买盘
696,10:05:06,55.93,620943,111,卖盘
697,10:05:09,55.95,27973,5,买盘
698,10:05:12,55.94,11189,2,卖盘
699,10:05:15,55.94,55946,10,卖盘
700,10:05:18,55.95,27974,5,买盘
701,10:05:21,55.95,362498,65,买盘
702,10:05:24,55.95,11190,2,卖盘
703,10:05:27,55.95,72738,13,卖盘
704,10:05:30,55.96,123105,22,买盘
705,10:05:33,55.95,67145,12,卖盘
706,10:05:36,55.96,604273,108,买盘
707,10:05:39,55.95,83918,15,卖盘
708,10:05:42,55.94,128664,23,卖盘
709,10:05:45,55.94,398307,71,卖盘
710,10:05:48,55.95,162227,29,买盘
711,10:05:51,55.94,408352,73,卖盘
712,10:05:54,55.94,682353,122,买盘
713,10:05:57,55.93,430671,77,卖盘
714,10:06:00,55.94,212568,38,买盘
715,10:06:03,55.93,22375,4,卖盘
716,10:06:06,55.93,346766,62,卖盘
717,10:06:09,55.94,39156,7,买盘
718,10:06:12,55.93,89494,16,卖盘
719,10:06:15,55.93,324405,58,卖盘
720,10:06:18,55.93,151004,27,买盘
721,10:06:21,55.93,419424,75,买盘
722,10:06:24,55.93,391498,70,买盘
723,10:06:27,55.93,218109,39,卖盘
724,10:06:30,55.93,794099,142,卖盘
725,10:06:33,55.93,167784,30,买盘
726,10:06:36,55.92,346742,62,卖盘
727,10:06:39,55.92,111842,20,卖盘
728,10:06:42,55.92,111853,20,卖盘
729,10:06:45,55.92,83885,15,卖盘
730,10:06:48,55.92,89475,16,卖盘
731,10:06:51,55.92,391440,70,卖盘
732,10:06:54,55.93,83885,15,买盘
733,10:07:00,55.93,67116,12,买盘
734,10:07:03,55.93,55921,10,买盘
735,10:07:06,55.92,676678,121,卖盘
736,10:07:09,55.92,1308476,234,买盘
737,10:07:12,55.91,27959,5,卖盘
738,10:07:15,55.92,50325,9,买盘
739,10:07:18,55.92,27958,5,买盘
740,10:07:21,55.91,413739,74,卖盘
741,10:07:24,55.92,55920,10,买盘
742,10:07:27,55.92,3767862,674,买盘
743,10:07:30,55.91,313099,56,卖盘
744,10:07:33,55.91,55911,10,卖盘
745,10:07:36,55.91,262766,47,卖盘
746,10:07:39,55.9,1362842,244,卖盘
747,10:07:42,55.9,117390,21,买盘
748,10:07:45,55.89,754515,135,卖盘
749,10:07:48,55.9,61485,11,买盘
750,10:07:51,55.89,352111,63,卖盘
751,10:07:54,55.89,50301,9,卖盘
752,10:07:57,55.89,1877892,336,卖盘
753,10:08:00,55.89,44707,8,买盘
754,10:08:03,55.89,229117,41,买盘
755,10:08:06,55.88,530878,95,卖盘
756,10:08:09,55.89,83831,15,买盘
757,10:08:12,55.88,134131,24,卖盘
758,10:08:15,55.89,352102,63,买盘
759,10:08:18,55.88,122952,22,卖盘
760,10:08:21,55.89,413535,74,买盘
761,10:08:24,55.9,100605,18,买盘
762,10:08:30,55.9,16770,3,买盘
763,10:08:33,55.9,61490,11,买盘
764,10:08:36,55.89,536575,96,卖盘
765,10:08:39,55.9,33536,6,买盘
766,10:08:42,55.89,27949,5,卖盘
767,10:08:45,55.9,5590,1,买盘
768,10:08:48,55.9,139737,25,买盘
769,10:08:51,55.89,530990,95,卖盘
770,10:08:54,55.9,16770,3,买盘
771,10:08:57,55.89,380104,68,卖盘
772,10:09:00,55.9,27950,5,买盘
773,10:09:03,55.9,2945047,527,买盘
774,10:09:06,55.89,184431,33,卖盘
775,10:09:09,55.89,394581,71,买盘
776,10:09:12,55.89,190053,34,卖盘
777,10:09:15,55.89,190027,34,卖盘
778,10:09:18,55.9,564590,101,买盘
779,10:09:21,55.9,715457,128,买盘
780,10:09:24,55.9,134160,24,买盘
781,10:09:27,55.9,117390,21,买盘
782,10:09:30,55.9,39127,7,买盘
783,10:09:33,55.9,117387,21,买盘
784,10:09:36,55.91,956994,171,买盘
785,10:09:39,55.91,279542,50,买盘
786,10:09:42,55.91,95047,17,买盘
787,10:09:45,55.91,50319,9,买盘
788,10:09:48,55.88,2906128,520,卖盘
789,10:09:51,55.91,123002,22,卖盘
790,10:09:54,55.92,1241381,222,买盘
791,10:09:57,55.92,44736,8,买盘
792,10:10:00,55.92,61507,11,买盘
793,10:10:03,55.91,55916,10,卖盘
794,10:10:06,55.9,1481517,265,卖盘
795,10:10:09,55.91,67088,12,买盘
796,10:10:12,55.92,229270,41,买盘
797,10:10:15,55.92,218088,39,买盘
798,10:10:18,55.92,2236804,400,买盘
799,10:10:21,55.92,111840,20,卖盘
800,10:10:24,55.92,44736,8,买盘
801,10:10:27,55.92,173352,31,买盘
802,10:10:30,55.91,234829,42,卖盘
803,10:10:33,55.92,55920,10,买盘
804,10:10:36,55.91,246013,44,卖盘
805,10:10:39,55.91,16773,3,买盘
806,10:10:42,55.91,16773,3,买盘
807,10:10:45,55.91,167728,30,买盘
808,10:10:48,55.91,16773,3,买盘
809,10:10:51,55.91,95046,17,卖盘
810,10:10:54,55.92,285144,51,买盘
811,10:10:57,55.92,33548,6,买盘
812,10:11:00,55.92,22366,4,买盘
813,10:11:06,55.92,190133,34,卖盘
814,10:11:09,55.92,39144,7,买盘
815,10:11:12,55.92,67095,12,买盘
816,10:11:15,55.91,39138,7,卖盘
817,10:11:18,55.92,150984,27,买盘
818,10:11:21,55.91,106229,19,卖盘
819,10:11:24,55.91,39137,7,买盘
820,10:11:27,55.9,335443,60,卖盘
821,10:11:30,55.9,145373,26,卖盘
822,10:11:33,55.9,27950,5,卖盘
823,10:11:36,55.92,475198,85,买盘
824,10:11:39,55.92,5592,1,卖盘
825,10:11:42,55.92,72701,13,卖盘
826,10:11:45,55.93,27962,5,买盘
827,10:11:48,55.92,11184,2,卖盘
828,10:11:51,55.93,419413,75,买盘
829,10:11:54,55.93,151011,27,买盘
830,10:11:57,55.94,16782,3,买盘
831,10:12:03,55.94,27970,5,买盘
832,10:12:06,55.93,447451,80,卖盘
833,10:12:09,55.94,22376,4,买盘
834,10:12:12,55.94,16784,3,卖盘
835,10:12:15,55.95,61535,11,买盘
836,10:12:18,55.95,458857,82,买盘
837,10:12:21,55.94,330052,59,卖盘
838,10:12:24,55.95,39168,7,卖盘
839,10:12:30,55.96,61546,11,买盘
840,10:12:33,55.96,89536,16,买盘
841,10:12:36,55.95,436395,78,卖盘
842,10:12:39,55.95,117495,21,买盘
843,10:12:42,55.96,111900,20,买盘
844,10:12:45,55.96,106324,19,中性盘
845,10:12:48,55.97,313343,56,中性盘
846,10:12:51,55.95,50355,9,卖盘
847,10:12:54,55.94,22379,4,卖盘
848,10:12:57,55.96,330112,59,买盘
849,10:13:00,55.95,27975,5,中性盘
850,10:13:03,55.95,89514,16,买盘
851,10:13:06,55.94,195827,35,卖盘
852,10:13:09,55.95,61545,11,买盘
853,10:13:12,55.95,67140,12,买盘
854,10:13:15,55.95,27974,5,买盘
855,10:13:18,55.94,27973,5,卖盘
856,10:13:21,55.94,206980,37,卖盘
857,10:13:24,55.94,72722,13,买盘
858,10:13:27,55.94,22376,4,买盘
859,10:13:30,55.94,72721,13,买盘
860,10:13:33,55.93,11186,2,卖盘
861,10:13:36,55.92,178974,32,卖盘
862,10:13:39,55.93,246091,44,买盘
863,10:13:42,55.94,95092,17,买盘
864,10:13:45,55.94,39154,7,买盘
865,10:13:48,55.94,33562,6,买盘
866,10:13:51,55.93,335584,60,卖盘
867,10:13:54,55.94,61531,11,中性盘
868,10:13:57,55.94,33564,6,卖盘
869,10:14:00,55.94,55940,10,卖盘
870,10:14:03,55.93,61526,11,卖盘
871,10:14:06,55.94,341176,61,买盘
872,10:14:09,55.94,72720,13,买盘
873,10:14:12,55.94,11188,2,买盘
874,10:14:15,55.95,16785,3,买盘
875,10:14:21,55.94,123071,22,卖盘
876,10:14:24,55.94,78316,14,买盘
877,10:14:27,55.94,72722,13,买盘
878,10:14:30,55.93,78315,14,卖盘
879,10:14:33,55.94,134241,24,买盘
880,10:14:36,55.93,341175,61,卖盘
881,10:14:39,55.93,44746,8,卖盘
882,10:14:45,55.94,55934,10,买盘
883,10:14:48,55.93,44747,8,卖盘
884,10:14:51,55.94,436263,78,买盘
885,10:14:54,55.94,44752,8,买盘
886,10:14:57,55.94,240542,43,买盘
887,10:15:00,55.93,11187,2,卖盘
888,10:15:03,55.95,234911,42,买盘
889,10:15:06,55.92,324397,58,卖盘
890,10:15:09,55.94,195771,35,买盘
891,10:15:12,55.93,5593,1,中性盘
892,10:15:15,55.93,72712,13,卖盘
893,10:15:18,55.93,55928,10,买盘
894,10:15:21,55.92,570443,102,卖盘
895,10:15:24,55.92,33553,6,卖盘
896,10:15:27,55.94,55940,10,买盘
897,10:15:30,55.94,11188,2,买盘
898,10:15:33,55.93,72718,13,卖盘
899,10:15:36,55.93,391521,70,卖盘
900,10:15:39,55.94,22376,4,买盘
901,10:15:42,55.94,22376,4,买盘
902,10:15:45,55.94,16782,3,买盘
903,10:15:48,55.93,72715,13,卖盘
904,10:15:51,55.93,352365,63,卖盘
905,10:15:57,55.95,67131,12,买盘
906,10:16:03,55.95,39165,7,买盘
907,10:16:06,55.94,262920,47,卖盘
908,10:16:09,55.94,229354,41,买盘
909,10:16:12,55.94,22376,4,买盘
910,10:16:15,55.94,162240,29,卖盘
911,10:16:18,55.94,11188,2,卖盘
912,10:16:21,55.94,358021,64,卖盘
913,10:16:24,55.94,16782,3,卖盘
914,10:16:27,55.95,100710,18,买盘
915,10:16:30,55.94,179011,32,卖盘
916,10:16:33,55.95,593045,106,买盘
917,10:16:36,55.96,425237,76,买盘
918,10:16:39,55.96,44768,8,买盘
919,10:16:42,55.96,374937,67,卖盘
920,10:16:45,55.97,5597,1,买盘
921,10:16:48,55.97,16791,3,买盘
922,10:16:51,55.96,335768,60,卖盘
923,10:16:54,55.96,27980,5,买盘
924,10:16:57,55.96,363689,65,买盘
925,10:17:00,55.98,151084,27,买盘
926,10:17:03,55.94,1907791,341,卖盘
927,10:17:06,55.93,481017,86,卖盘
928,10:17:09,55.93,11186,2,卖盘
929,10:17:12,55.93,88373,16,卖盘
930,10:17:15,55.92,564797,101,卖盘
931,10:17:18,55.93,67116,12,卖盘
932,10:17:21,55.93,27965,5,买盘
933,10:17:24,55.93,504435,90,买盘
934,10:17:27,55.92,139818,25,中性盘
935,10:17:33,55.93,5593,1,卖盘
936,10:17:36,55.93,123046,22,卖盘
937,10:17:39,55.92,27960,5,卖盘
938,10:17:42,55.93,33558,6,买盘
939,10:17:45,55.92,128630,23,卖盘
940,10:17:48,55.93,218124,39,买盘
941,10:17:51,55.92,369095,66,卖盘
942,10:17:54,55.92,55922,10,卖盘
943,10:17:57,55.93,11186,2,卖盘
944,10:18:03,55.94,27967,5,买盘
945,10:18:06,55.93,55931,10,卖盘
946,10:18:09,55.93,206940,37,买盘
947,10:18:12,55.93,167788,30,买盘
948,10:18:18,55.94,72720,13,买盘
949,10:18:21,55.93,307629,55,卖盘
950,10:18:24,55.93,257278,46,卖盘
951,10:18:27,55.93,106264,19,买盘
952,10:18:30,55.93,5593,1,买盘
953,10:18:33,55.93,44741,8,买盘
954,10:18:36,55.93,128658,23,卖盘
955,10:18:39,55.93,363540,65,买盘
956,10:18:42,55.93,5593,1,卖盘
957,10:18:45,55.94,184601,33,买盘
958,10:18:48,55.93,27967,5,卖盘
959,10:18:51,55.93,61523,11,卖盘
960,10:18:54,55.93,498854,89,卖盘
961,10:18:57,55.93,95079,17,买盘
962,10:19:03,55.92,72696,13,卖盘
963,10:19:06,55.93,39149,7,买盘
964,10:19:09,55.92,369079,66,卖盘
965,10:19:12,55.92,61516,11,卖盘
966,10:19:15,55.93,39146,7,买盘
967,10:19:18,55.92,39144,7,卖盘
968,10:19:21,55.92,5592,1,卖盘
969,10:19:24,55.93,570428,102,买盘
970,10:19:27,55.93,134230,24,买盘
971,10:19:30,55.92,123032,22,卖盘
972,10:19:33,55.92,22369,4,卖盘
973,10:19:36,55.92,67114,12,卖盘
974,10:19:39,55.93,341114,61,买盘
975,10:19:42,55.92,5592,1,卖盘
976,10:19:45,55.93,67116,12,买盘
977,10:19:48,55.93,55928,10,买盘
978,10:19:51,55.93,50335,9,买盘
979,10:19:54,55.92,329928,59,卖盘
980,10:19:57,55.92,44736,8,卖盘
981,10:20:00,55.93,39151,7,买盘
982,10:20:03,55.93,44737,8,买盘
983,10:20:06,55.93,134224,24,买盘
984,10:20:09,55.92,329928,59,卖盘
985,10:20:12,55.93,78300,14,买盘
986,10:20:18,55.93,200205,36,买盘
987,10:20:21,55.93,61519,11,买盘
988,10:20:24,55.92,27960,5,卖盘
989,10:20:27,55.92,240450,43,买盘
990,10:20:30,55.92,134208,24,买盘
991,10:20:33,55.92,27958,5,买盘
992,10:20:36,55.92,44733,8,买盘
993,10:20:39,55.91,346645,62,卖盘
994,10:20:42,55.91,106234,19,卖盘
995,10:20:45,55.9,1397734,250,卖盘
996,10:20:48,55.9,156523,28,卖盘
997,10:20:51,55.9,234797,42,卖盘
998,10:20:54,55.91,385720,69,买盘
999,10:20:57,55.9,117405,21,卖盘
1000,10:21:00,55.91,115172,21,买盘
1001,10:21:03,55.91,39137,7,卖盘
1002,10:21:06,55.91,44733,8,卖盘
1003,10:21:09,55.91,164375,29,卖盘
1004,10:21:12,55.91,238175,43,买盘
1005,10:21:15,55.92,5592,1,买盘
1006,10:21:18,55.91,44728,8,卖盘
1007,10:21:21,55.91,5591,1,卖盘
1008,10:21:24,55.91,225876,40,卖盘
1009,10:21:27,55.91,50317,9,买盘
1010,10:21:30,55.91,67083,12,买盘
1011,10:21:33,55.9,95036,17,卖盘
1012,10:21:36,55.9,134172,24,卖盘
1013,10:21:39,55.9,346580,62,卖盘
1014,10:21:42,55.91,39135,7,买盘
1015,10:21:45,55.91,128587,23,买盘
1016,10:21:48,55.91,788192,141,买盘
1017,10:21:51,55.9,536640,96,卖盘
1018,10:21:54,55.89,922325,165,卖盘
1019,10:21:57,55.89,581262,104,卖盘
1020,10:22:00,55.88,659398,118,卖盘
1021,10:22:03,55.86,3704416,663,卖盘
1022,10:22:06,55.86,78203,14,买盘
1023,10:22:09,55.85,787507,141,卖盘
1024,10:22:12,55.86,206668,37,中性盘
1025,10:22:15,55.86,223408,40,中性盘
1026,10:22:18,55.86,156400,28,买盘
1027,10:22:21,55.86,61450,11,卖盘
1028,10:22:24,55.87,374270,67,买盘
1029,10:22:27,55.87,145242,26,买盘
1030,10:22:30,55.86,72617,13,卖盘
1031,10:22:33,55.86,134064,24,买盘
1032,10:22:36,55.86,55857,10,买盘
1033,10:22:39,55.85,284836,51,卖盘
1034,10:22:42,55.85,89357,16,买盘
1035,10:22:45,55.85,5585,1,卖盘
1036,10:22:48,55.86,117291,21,买盘
1037,10:22:51,55.85,78195,14,卖盘
1038,10:22:54,55.86,368617,66,买盘
1039,10:22:57,55.85,78194,14,卖盘
1040,10:23:00,55.85,217815,39,卖盘
1041,10:23:03,55.84,247970,44,卖盘
1042,10:23:06,55.85,111705,20,中性盘
1043,10:23:09,55.84,374135,67,卖盘
1044,10:23:12,55.84,44679,8,卖盘
1045,10:23:15,55.85,27921,5,买盘
1046,10:23:18,55.85,184310,33,卖盘
1047,10:23:21,55.85,290381,52,卖盘
1048,10:23:24,55.85,184310,33,卖盘
1049,10:23:27,55.85,156380,28,买盘
1050,10:23:30,55.84,290413,52,卖盘
1051,10:23:33,55.86,55852,10,买盘
1052,10:23:36,55.85,111700,20,卖盘
1053,10:23:39,55.85,240155,43,卖盘
1054,10:23:42,55.85,111694,20,买盘
1055,10:23:45,55.85,61435,11,买盘
1056,10:23:48,55.85,5585,1,卖盘
1057,10:23:51,55.86,39102,7,买盘
1058,10:23:54,55.85,251325,45,卖盘
1059,10:23:57,55.85,128455,23,买盘
1060,10:24:00,55.86,83781,15,买盘
1061,10:24:03,55.86,5586,1,买盘
1062,10:24:06,55.85,217815,39,卖盘
1063,10:24:09,55.85,55845,10,买盘
1064,10:24:12,55.85,33510,6,买盘
1065,10:24:15,55.85,67020,12,买盘
1066,10:24:18,55.85,50264,9,买盘
1067,10:24:21,55.85,497024,89,买盘
1068,10:24:24,55.85,441156,79,买盘
1069,10:24:27,55.85,89360,16,卖盘
1070,10:24:30,55.85,83775,15,卖盘
1071,10:24:33,55.86,117297,21,买盘
1072,10:24:36,55.85,430051,77,卖盘
1073,10:24:39,55.86,363030,65,买盘
1074,10:24:42,55.86,11172,2,买盘
1075,10:24:45,55.86,139629,25,买盘
1076,10:24:48,55.86,122892,22,买盘
1077,10:24:51,55.85,33515,6,卖盘
1078,10:24:54,55.85,363035,65,卖盘
1079,10:24:57,55.86,977364,175,买盘
1080,10:25:00,55.86,469224,84,买盘
1081,10:25:03,55.86,55861,10,卖盘
1082,10:25:09,55.86,379852,68,卖盘
1083,10:25:15,55.86,33519,6,卖盘
1084,10:25:18,55.86,301649,54,卖盘
1085,10:25:21,55.86,27930,5,买盘
1086,10:25:24,55.86,335101,60,买盘
1087,10:25:27,55.85,94947,17,卖盘
1088,10:25:30,55.85,100532,18,卖盘
1089,10:25:33,55.85,78190,14,卖盘
1090,10:25:36,55.85,50265,9,卖盘
1091,10:25:39,55.85,363030,65,卖盘
1092,10:25:42,55.85,5585,1,卖盘
1093,10:25:45,55.85,5585,1,卖盘
1094,10:25:48,55.86,111705,20,买盘
1095,10:25:51,55.85,33510,6,卖盘
1096,10:25:54,55.85,457970,82,卖盘
1097,10:25:57,55.84,39094,7,卖盘
1098,10:26:00,55.84,89359,16,卖盘
1099,10:26:03,55.85,11170,2,买盘
1100,10:26:06,55.85,167550,30,买盘
1101,10:26:09,55.85,759431,136,买盘
1102,10:26:12,55.85,195475,35,买盘
1103,10:26:15,55.85,27925,5,卖盘
1104,10:26:18,55.85,5585,1,卖盘
1105,10:26:21,55.86,22344,4,买盘
1106,10:26:24,55.85,374197,67,卖盘
1107,10:26:27,55.85,228977,41,卖盘
1108,10:26:30,55.85,16755,3,买盘
1109,10:26:33,55.85,173126,31,买盘
1110,10:26:36,55.84,78179,14,卖盘
1111,10:26:39,55.84,351794,63,卖盘
1112,10:26:42,55.84,340599,61,卖盘
1113,10:26:45,55.83,111674,20,卖盘
1114,10:26:48,55.83,686725,123,卖盘
1115,10:26:51,55.83,94912,17,卖盘
1116,10:26:54,55.84,513668,92,买盘
1117,10:26:57,55.84,189825,34,中性盘
1118,10:27:00,55.84,223391,40,中性盘
1119,10:27:03,55.83,33501,6,卖盘
1120,10:27:06,55.84,173088,31,买盘
1121,10:27:09,55.83,39082,7,卖盘
1122,10:27:12,55.82,887600,159,卖盘
1123,10:27:15,55.83,39081,7,买盘
1124,10:27:18,55.83,22335,4,卖盘
1125,10:27:21,55.83,27916,5,卖盘
1126,10:27:24,55.84,647669,116,买盘
1127,10:27:27,55.85,27923,5,买盘
1128,10:27:30,55.85,167536,30,买盘
1129,10:27:33,55.85,279202,50,买盘
1130,10:27:36,55.84,178704,32,卖盘
1131,10:27:39,55.84,452317,81,卖盘
1132,10:27:42,55.84,256875,46,卖盘
1133,10:27:45,55.84,27920,5,买盘
1134,10:27:48,55.84,55840,10,买盘
1135,10:27:51,55.84,5584,1,买盘
1136,10:27:54,55.84,385235,69,买盘
1137,10:27:57,55.84,55840,10,买盘
1138,10:28:00,55.84,72586,13,买盘
1139,10:28:03,55.83,33501,6,卖盘
1140,10:28:06,55.83,117250,21,卖盘
1141,10:28:09,55.84,457802,82,买盘
1142,10:28:12,55.83,27915,5,中性盘
1143,10:28:15,55.83,16751,3,卖盘
1144,10:28:18,55.83,195410,35,卖盘
1145,10:28:21,55.83,128409,23,卖盘
1146,10:28:24,55.83,284725,51,买盘
1147,10:28:27,55.83,72579,13,买盘
1148,10:28:30,55.83,122813,22,买盘
1149,10:28:33,55.83,89323,16,买盘
1150,10:28:36,55.83,407533,73,买盘
1151,10:28:39,55.83,329397,59,卖盘
1152,10:28:42,55.83,44670,8,卖盘
1153,10:28:45,55.83,5583,1,卖盘
1154,10:28:51,55.83,106095,19,卖盘
1155,10:28:54,55.83,614153,110,卖盘
1156,10:28:57,55.84,44666,8,买盘
1157,10:29:00,55.84,134003,24,买盘
1158,10:29:03,55.83,128423,23,卖盘
1159,10:29:06,55.84,33500,6,买盘
1160,10:29:09,55.84,377415,68,买盘
1161,10:29:12,55.84,100502,18,买盘
1162,10:29:15,55.84,55840,10,买盘
1163,10:29:18,55.85,50259,9,买盘
1164,10:29:21,55.84,16752,3,卖盘
1165,10:29:24,55.83,357364,64,卖盘
1166,10:29:27,55.85,173117,31,买盘
1167,10:29:30,55.85,83750,15,买盘
1168,10:29:33,55.83,11168,2,卖盘
1169,10:29:36,55.84,61424,11,卖盘
1170,10:29:39,55.83,145169,26,卖盘
1171,10:29:42,55.84,67001,12,买盘
1172,10:29:45,55.83,72586,13,卖盘
1173,10:29:48,55.84,413216,74,买盘
1174,10:29:51,55.85,145209,26,买盘
1175,10:29:54,55.84,329456,59,卖盘
1176,10:29:57,55.84,346156,62,买盘
1177,10:30:00,55.84,117247,21,买盘
1178,10:30:03,55.85,67013,12,买盘
1179,10:30:06,55.83,413170,74,卖盘
1180,10:30:09,55.83,122813,22,卖盘
1181,10:30:12,55.84,178648,32,买盘
1182,10:30:15,55.84,27916,5,买盘
1183,10:30:18,55.82,318193,57,卖盘
1184,10:30:21,55.84,11168,2,买盘
1185,10:30:24,55.82,602863,108,卖盘
1186,10:30:27,55.82,145142,26,卖盘
1187,10:30:30,55.83,329390,59,买盘
1188,10:30:33,55.83,39081,7,买盘
1189,10:30:36,55.83,44664,8,卖盘
1190,10:30:39,55.83,245615,44,卖盘
1191,10:30:42,55.83,44660,8,买盘
1192,10:30:45,55.82,167471,30,卖盘
1193,10:30:48,55.83,161888,29,买盘
1194,10:30:51,55.82,452152,81,卖盘
1195,10:30:54,55.82,538128,96,卖盘
1196,10:30:57,55.81,379526,68,卖盘
1197,10:31:00,55.81,39071,7,卖盘
1198,10:31:03,55.83,83726,15,买盘
1199,10:31:06,55.83,120610,22,买盘
1200,10:31:09,55.81,373946,67,卖盘
1201,10:31:12,55.83,5583,1,中性盘
1202,10:31:15,55.83,55825,10,买盘
1203,10:31:18,55.83,27917,5,卖盘
1204,10:31:21,55.81,273492,49,卖盘
1205,10:31:24,55.83,50240,9,中性盘
1206,10:31:27,55.81,178608,32,卖盘
1207,10:31:30,55.81,78139,14,卖盘
1208,10:31:33,55.81,133964,24,卖盘
1209,10:31:36,55.81,580445,104,卖盘
1210,10:31:39,55.81,357237,64,卖盘
1211,10:31:42,55.82,11164,2,中性盘
1212,10:31:45,55.82,66978,12,卖盘
1213,10:31:48,55.81,78137,14,卖盘
1214,10:31:51,55.82,128373,23,买盘
1215,10:31:54,55.82,546957,98,买盘
1216,10:31:57,55.82,161866,29,买盘
1217,10:32:00,55.82,88182,16,卖盘
1218,10:32:03,55.82,106058,19,卖盘
1219,10:32:06,55.81,66974,12,卖盘
1220,10:32:09,55.82,1791729,321,买盘
1221,10:32:12,55.82,33495,6,卖盘
1222,10:32:15,55.82,55821,10,卖盘
1223,10:32:18,55.83,94906,17,买盘
1224,10:32:21,55.82,128399,23,卖盘
1225,10:32:24,55.82,334934,60,卖盘
1226,10:32:27,55.83,33498,6,卖盘
1227,10:32:30,55.83,284707,51,卖盘
1228,10:32:33,55.84,161929,29,买盘
1229,10:32:36,55.84,173104,31,买盘
1230,10:32:39,55.84,368550,66,卖盘
1231,10:32:42,55.84,22338,4,卖盘
1232,10:32:45,55.85,11169,2,买盘
1233,10:32:48,55.85,78189,14,买盘
1234,10:32:51,55.85,67020,12,买盘
1235,10:32:54,55.84,212192,38,卖盘
1236,10:32:57,55.84,189854,34,买盘
1237,10:33:00,55.84,15635,3,卖盘
1238,10:33:03,55.86,212234,38,买盘
1239,10:33:06,55.86,301644,54,买盘
1240,10:33:09,55.88,569730,102,买盘
1241,10:33:12,55.86,16759,3,中性盘
1242,10:33:15,55.83,217782,39,卖盘
1243,10:33:18,55.88,72628,13,买盘
1244,10:33:21,55.85,614205,110,中性盘
1245,10:33:24,55.83,318251,57,卖盘
1246,10:33:27,55.83,390755,70,买盘
1247,10:33:30,55.82,33494,6,卖盘
1248,10:33:33,55.88,27934,5,买盘
1249,10:33:36,55.88,16761,3,买盘
1250,10:33:39,55.84,39096,7,卖盘
1251,10:33:45,55.84,27923,5,卖盘
1252,10:33:48,55.85,44677,8,买盘
1253,10:33:51,55.84,307139,55,卖盘
1254,10:33:54,55.84,27920,5,卖盘
1255,10:33:57,55.84,50256,9,买盘
1256,10:34:00,55.84,72592,13,买盘
1257,10:34:03,55.84,94928,17,买盘
1258,10:34:06,55.84,318266,57,买盘
1259,10:34:09,55.82,1803317,323,卖盘
1260,10:34:12,55.82,273531,49,卖盘
1261,10:34:15,55.83,318185,57,买盘
1262,10:34:18,55.82,5582,1,卖盘
1263,10:34:21,55.83,111645,20,买盘
1264,10:34:24,55.83,982542,176,买盘
1265,10:34:27,55.83,16749,3,卖盘
1266,10:34:30,55.83,558207,100,卖盘
1267,10:34:33,55.83,94901,17,卖盘
1268,10:34:36,55.83,33498,6,买盘
1269,10:34:39,55.83,346087,62,买盘
1270,10:34:42,55.83,22332,4,买盘
1271,10:34:45,55.82,292520,52,卖盘
1272,10:34:48,55.83,5583,1,买盘
1273,10:34:51,55.83,173073,31,卖盘
1274,10:34:54,55.82,195400,35,卖盘
1275,10:34:57,55.83,251231,45,买盘
1276,10:35:00,55.83,150747,27,卖盘
1277,10:35:03,55.84,33499,6,买盘
1278,10:35:06,55.84,27919,5,买盘
1279,10:35:09,55.84,524807,94,买盘
1280,10:35:12,55.83,117259,21,卖盘
1281,10:35:15,55.84,39088,7,买盘
1282,10:35:18,55.84,39088,7,买盘
1283,10:35:21,55.83,245669,44,卖盘
1284,10:35:24,55.84,500311,90,中性盘
1285,10:35:27,55.87,184336,33,买盘
1286,10:35:30,55.84,16754,3,卖盘
1287,10:35:36,55.85,5585,1,中性盘
1288,10:35:39,55.86,33512,6,买盘
1289,10:35:42,55.84,368542,66,卖盘
1290,10:35:45,55.83,178656,32,卖盘
1291,10:35:48,55.84,61421,11,买盘
1292,10:35:51,55.84,496960,89,买盘
1293,10:35:54,55.84,11168,2,卖盘
1294,10:35:57,55.84,111680,20,卖盘
1295,10:36:00,55.84,39088,7,买盘
1296,10:36:03,55.83,374156,67,卖盘
1297,10:36:06,55.84,139591,25,买盘
1298,10:36:09,55.85,67020,12,买盘
1299,10:36:12,55.85,357383,64,买盘
1300,10:36:15,55.85,67020,12,买盘
1301,10:36:18,55.86,50272,9,买盘
1302,10:36:21,55.87,61457,11,买盘
1303,10:36:24,55.87,5587,1,买盘
1304,10:36:27,55.85,329517,59,卖盘
1305,10:36:33,55.86,22344,4,中性盘
1306,10:36:36,55.86,33516,6,卖盘
1307,10:36:39,55.86,78209,14,卖盘
1308,10:36:42,55.86,22344,4,卖盘
1309,10:36:45,55.86,33516,6,买盘
1310,10:36:48,55.85,240196,43,卖盘
1311,10:36:51,55.86,55860,10,买盘
1312,10:36:54,55.87,50277,9,买盘
1313,10:36:57,55.86,379791,68,卖盘
1314,10:37:00,55.86,22345,4,卖盘
1315,10:37:03,55.86,44694,8,卖盘
1316,10:37:06,55.86,419017,75,卖盘
1317,10:37:09,55.88,687301,123,买盘
1318,10:37:12,55.86,480450,86,卖盘
1319,10:37:15,55.86,55873,10,卖盘
1320,10:37:21,55.87,61462,11,卖盘
1321,10:37:24,55.87,363101,65,买盘
1322,10:37:27,55.87,564203,101,卖盘
1323,10:37:30,55.86,100564,18,卖盘
1324,10:37:33,55.88,44704,8,买盘
1325,10:37:36,55.88,11176,2,中性盘
1326,10:37:39,55.87,206698,37,卖盘
1327,10:37:42,55.87,27935,5,卖盘
1328,10:37:45,55.86,94966,17,卖盘
1329,10:37:51,55.87,122914,22,买盘
1330,10:37:54,55.87,72624,13,买盘
1331,10:37:57,55.87,474835,85,买盘
1332,10:38:00,55.87,27935,5,买盘
1333,10:38:03,55.88,67046,12,买盘
1334,10:38:06,55.87,27936,5,卖盘
1335,10:38:09,55.87,50283,9,中性盘
1336,10:38:12,55.87,614498,110,买盘
1337,10:38:15,55.86,72618,13,中性盘
1338,10:38:18,55.86,27930,5,买盘
1339,10:38:21,55.85,117297,21,卖盘
1340,10:38:27,55.86,368619,66,买盘
1341,10:38:30,55.86,22344,4,买盘
1342,10:38:33,55.85,5585,1,卖盘
1343,10:38:36,55.86,27930,5,买盘
1344,10:38:39,55.86,5586,1,卖盘
1345,10:38:42,55.85,117304,21,卖盘
1346,10:38:45,55.85,78201,14,卖盘
1347,10:38:48,55.86,1167640,209,买盘
1348,10:38:51,55.87,22348,4,中性盘
1349,10:38:54,55.88,11175,2,买盘
1350,10:38:57,55.85,441315,79,卖盘
1351,10:39:00,55.86,22346,4,卖盘
1352,10:39:03,55.87,592127,106,买盘
1353,10:39:06,55.86,111720,20,卖盘
1354,10:39:09,55.88,709405,127,买盘
1355,10:39:12,55.86,72620,13,卖盘
1356,10:39:15,55.85,150796,27,卖盘
1357,10:39:18,55.86,212233,38,买盘
1358,10:39:21,55.86,301643,54,买盘
1359,10:39:24,55.87,44696,8,买盘
1360,10:39:27,55.86,392193,70,卖盘
1361,10:39:30,55.89,72651,13,买盘
1362,10:39:36,55.9,150906,27,买盘
1363,10:39:39,55.9,72669,13,买盘
1364,10:39:42,55.88,139724,25,卖盘
1365,10:39:45,55.89,39123,7,买盘
1366,10:39:48,55.89,89413,16,买盘
1367,10:39:51,55.89,55890,10,买盘
1368,10:39:54,55.89,67068,12,买盘
1369,10:39:57,55.87,189993,34,卖盘
1370,10:40:00,55.87,156436,28,卖盘
1371,10:40:03,55.88,122936,22,买盘
1372,10:40:06,55.87,27937,5,卖盘
1373,10:40:09,55.87,5587,1,卖盘
1374,10:40:12,55.87,391091,70,卖盘
1375,10:40:15,55.86,134083,24,卖盘
1376,10:40:18,55.87,100557,18,买盘
1377,10:40:21,55.86,44692,8,卖盘
1378,10:40:24,55.86,22345,4,卖盘
1379,10:40:27,55.87,402220,72,买盘
1380,10:40:30,55.88,16764,3,买盘
1381,10:40:33,55.87,167622,30,卖盘
1382,10:40:36,55.9,22360,4,买盘
1383,10:40:39,55.9,67090,12,买盘
1384,10:40:42,55.88,78232,14,卖盘
1385,10:40:45,55.88,201165,36,买盘
1386,10:40:48,55.87,33525,6,卖盘
1387,10:40:51,55.87,44700,8,卖盘
1388,10:40:54,55.87,441377,79,卖盘
1389,10:40:57,55.86,446921,80,卖盘
1390,10:41:00,55.86,139663,25,卖盘
1391,10:41:03,55.86,100548,18,卖盘
1392,10:41:06,55.86,357509,64,卖盘
1393,10:41:09,55.87,50279,9,买盘
1394,10:41:12,55.86,491568,88,卖盘
1395,10:41:15,55.87,72621,13,买盘
1396,10:41:18,55.86,72618,13,卖盘
1397,10:41:21,55.87,11173,2,买盘
1398,10:41:24,55.87,11174,2,买盘
1399,10:41:27,55.86,374264,67,卖盘
1400,10:41:30,55.86,374328,67,卖盘
1401,10:41:36,55.87,117317,21,买盘
1402,10:41:39,55.86,89378,16,卖盘
1403,10:41:42,55.87,328459,59,买盘
1404,10:41:48,55.87,33522,6,买盘
1405,10:41:51,55.87,5587,1,买盘
1406,10:41:54,55.88,3012159,539,买盘
1407,10:41:57,55.87,61450,11,中性盘
1408,10:42:00,55.86,11172,2,买盘
1409,10:42:03,55.84,1234098,221,卖盘
1410,10:42:06,55.85,22342,4,卖盘
1411,10:42:09,55.86,469191,84,买盘
1412,10:42:12,55.86,402129,72,卖盘
1413,10:42:15,55.85,22340,4,卖盘
1414,10:42:18,55.85,11170,2,卖盘
1415,10:42:21,55.86,33516,6,卖盘
1416,10:42:24,55.86,16758,3,卖盘
1417,10:42:27,55.86,256956,46,卖盘
1418,10:42:30,55.86,27930,5,买盘
1419,10:42:33,55.86,5586,1,买盘
1420,10:42:36,55.86,173134,31,买盘
1421,10:42:39,55.85,251281,45,中性盘
1422,10:42:42,55.84,255751,46,卖盘
1423,10:42:45,55.83,223328,40,卖盘
1424,10:42:48,55.84,234496,42,买盘
1425,10:42:51,55.83,307065,55,卖盘
1426,10:42:54,55.84,100498,18,买盘
1427,10:42:57,55.84,357319,64,买盘
1428,10:43:00,55.84,40205,7,买盘
1429,10:43:03,55.83,16751,3,卖盘
1430,10:43:06,55.83,39084,7,卖盘
1431,10:43:09,55.84,27920,5,买盘
1432,10:43:12,55.85,452289,81,买盘
1433,10:43:15,55.83,5583,1,卖盘
1434,10:43:18,55.84,33501,6,中性盘
1435,10:43:21,55.83,66996,12,卖盘
1436,10:43:27,55.84,217776,39,卖盘
1437,10:43:30,55.84,128432,23,买盘
1438,10:43:33,55.84,61424,11,买盘
1439,10:43:36,55.84,11168,2,买盘
1440,10:43:39,55.84,5584,1,买盘
1441,10:43:42,55.83,323815,58,卖盘
1442,10:43:45,55.83,614133,110,卖盘
1443,10:43:51,55.83,89338,16,卖盘
1444,10:43:57,55.83,323822,58,卖盘
1445,10:44:00,55.84,407704,73,中性盘
1446,10:44:03,55.85,22340,4,买盘
1447,10:44:06,55.85,5585,1,买盘
1448,10:44:09,55.87,78211,14,买盘
1449,10:44:12,55.86,83804,15,卖盘
1450,10:44:18,55.86,156376,28,买盘
1451,10:44:21,55.84,94940,17,卖盘
1452,10:44:24,55.84,212197,38,卖盘
1453,10:44:27,55.84,167522,30,卖盘
1454,10:44:30,55.84,161932,29,买盘
1455,10:44:33,55.84,173107,31,买盘
1456,10:44:36,55.83,83745,15,卖盘
1457,10:44:42,55.84,245696,44,卖盘
1458,10:44:45,55.84,11168,2,买盘
1459,10:44:48,55.84,89344,16,买盘
1460,10:44:51,55.83,228927,41,卖盘
1461,10:44:54,55.85,67020,12,买盘
1462,10:44:57,55.85,519372,93,买盘
1463,10:45:00,55.85,100535,18,中性盘
1464,10:45:06,55.87,100549,18,买盘
1465,10:45:09,55.87,5587,1,中性盘
1466,10:45:12,55.87,55870,10,卖盘
1467,10:45:15,55.86,100564,18,卖盘
1468,10:45:21,55.86,16759,3,卖盘
1469,10:45:24,55.87,44696,8,买盘
1470,10:45:27,55.86,139653,25,卖盘
1471,10:45:30,55.86,446880,80,买盘
1472,10:45:33,55.87,33519,6,买盘
1473,10:45:36,55.86,16759,3,卖盘
1474,10:45:39,55.86,55863,10,卖盘
1475,10:45:42,55.87,418956,75,买盘
1476,10:45:45,55.87,33522,6,买盘
1477,10:45:48,55.88,134087,24,买盘
1478,10:45:51,55.88,106131,19,买盘
1479,10:45:54,55.87,72609,13,中性盘
1480,10:45:57,55.86,83812,15,卖盘
1481,10:46:00,55.86,72618,13,买盘
1482,10:46:03,55.86,234613,42,买盘
1483,10:46:06,55.88,39112,7,买盘
1484,10:46:09,55.86,16761,3,卖盘
1485,10:46:12,55.88,396690,71,买盘
1486,10:46:15,55.88,167640,30,卖盘
1487,10:46:18,55.89,16767,3,买盘
1488,10:46:24,55.89,134135,24,买盘
1489,10:46:27,55.88,329695,59,卖盘
1490,10:46:30,55.89,50299,9,买盘
1491,10:46:36,55.91,67086,12,买盘
1492,10:46:39,55.89,11178,2,买盘
1493,10:46:42,55.89,44712,8,卖盘
1494,10:46:45,55.88,223548,40,卖盘
1495,10:46:48,55.88,16764,3,买盘
1496,10:46:51,55.87,452761,81,卖盘
1497,10:46:57,55.92,402386,72,买盘
1498,10:47:00,55.88,16764,3,中性盘
1499,10:47:03,55.89,173279,31,卖盘
1500,10:47:06,55.9,22359,4,买盘
1501,10:47:09,55.89,33534,6,卖盘
1502,10:47:12,55.91,799255,143,买盘
1503,10:47:15,55.87,83810,15,卖盘
1504,10:47:18,55.87,22351,4,卖盘
1505,10:47:21,55.87,100572,18,卖盘
1506,10:47:24,55.88,27940,5,中性盘
1507,10:47:27,55.87,284939,51,卖盘
1508,10:47:30,55.87,39107,7,买盘
1509,10:47:33,55.87,11174,2,买盘
1510,10:47:36,55.87,61454,11,买盘
1511,10:47:39,55.87,67043,12,买盘
1512,10:47:42,55.87,530701,95,买盘
1513,10:47:48,55.88,162052,29,买盘
1514,10:47:51,55.88,39116,7,买盘
1515,10:47:54,55.89,11178,2,买盘
1516,10:47:57,55.88,440235,79,卖盘
1517,10:48:00,55.87,122934,22,中性盘
1518,10:48:06,55.88,312900,56,买盘
1519,10:48:09,55.88,27943,5,卖盘
1520,10:48:12,55.87,290575,52,卖盘
1521,10:48:15,55.89,67061,12,买盘
1522,10:48:18,55.86,78220,14,卖盘
1523,10:48:21,55.86,27934,5,卖盘
1524,10:48:24,55.86,111737,20,卖盘
1525,10:48:27,55.86,150822,27,卖盘
1526,10:48:30,55.86,27930,5,买盘
1527,10:48:33,55.86,27930,5,买盘
1528,10:48:36,55.86,195510,35,买盘
1529,10:48:39,55.85,111705,20,卖盘
1530,10:48:42,55.85,318353,57,卖盘
1531,10:48:45,55.86,27933,5,中性盘
1532,10:48:48,55.87,5587,1,买盘
1533,10:48:54,55.86,44688,8,卖盘
1534,10:48:57,55.86,111732,20,卖盘
1535,10:49:00,55.86,72615,13,买盘
1536,10:49:03,55.86,502739,90,买盘
1537,10:49:06,55.86,5586,1,中性盘
1538,10:49:09,55.87,27935,5,买盘
1539,10:49:12,55.87,458095,82,买盘
1540,10:49:18,55.87,78218,14,卖盘
1541,10:49:24,55.88,22349,4,中性盘
1542,10:49:27,55.87,357569,64,卖盘
1543,10:49:30,55.87,128500,23,卖盘
1544,10:49:33,55.88,78232,14,买盘
1545,10:49:36,55.88,178815,32,买盘
1546,10:49:39,55.88,78232,14,买盘
1547,10:49:42,55.88,396687,71,买盘
1548,10:49:45,55.87,257025,46,卖盘
1549,10:49:48,55.88,257006,46,买盘
1550,10:49:51,55.88,167655,30,卖盘
1551,10:49:54,55.88,407947,73,卖盘
1552,10:49:57,55.88,592405,106,卖盘
1553,10:50:00,55.92,212481,38,买盘
1554,10:50:03,55.93,352354,63,买盘
1555,10:50:06,55.93,78302,14,买盘
1556,10:50:09,55.89,27953,5,中性盘
1557,10:50:12,55.88,324108,58,卖盘
1558,10:50:18,55.88,39121,7,卖盘
1559,10:50:21,55.89,5589,1,中性盘
1560,10:50:24,55.89,78246,14,卖盘
1561,10:50:27,55.89,374405,67,买盘
1562,10:50:30,55.88,22354,4,卖盘
1563,10:50:33,55.89,50301,9,买盘
1564,10:50:36,55.9,27947,5,买盘
1565,10:50:39,55.89,33536,6,卖盘
1566,10:50:42,55.9,497450,89,买盘
1567,10:50:45,55.9,223546,40,卖盘
1568,10:50:48,55.91,27953,5,买盘
1569,10:50:51,55.9,122980,22,中性盘
1570,10:50:54,55.91,72666,13,买盘
1571,10:50:57,55.88,771150,138,卖盘
1572,10:51:00,55.89,16767,3,买盘
1573,10:51:03,55.88,22353,4,卖盘
1574,10:51:06,55.89,2236,0,买盘
1575,10:51:09,55.89,44709,8,卖盘
1576,10:51:12,55.89,14531,3,卖盘
1577,10:51:15,55.89,16767,3,买盘
1578,10:51:18,55.89,22356,4,买盘
1579,10:51:21,55.89,39119,7,买盘
1580,10:51:24,55.89,27945,5,买盘
1581,10:51:27,55.88,385584,69,卖盘
1582,10:51:30,55.89,122958,22,买盘
1583,10:51:36,55.88,72646,13,卖盘
1584,10:51:39,55.88,22352,4,卖盘
1585,10:51:42,55.88,379989,68,卖盘
1586,10:51:45,55.88,22352,4,卖盘
1587,10:51:48,55.89,61476,11,买盘
1588,10:51:51,55.89,16767,3,买盘
1589,10:51:54,55.89,139710,25,买盘
1590,10:51:57,55.88,346456,62,卖盘
1591,10:52:00,55.89,89413,16,买盘
1592,10:52:03,55.89,16767,3,买盘
1593,10:52:06,55.89,447090,80,买盘
1594,10:52:09,55.89,91660,16,买盘
1595,10:52:12,55.89,346522,62,卖盘
1596,10:52:15,55.89,44712,8,卖盘
1597,10:52:18,55.89,64832,12,卖盘
1598,10:52:21,55.89,102838,18,买盘
1599,10:52:24,55.89,5589,1,卖盘
1600,10:52:27,55.89,441551,79,卖盘
1601,10:52:30,55.89,11178,2,卖盘
1602,10:52:33,55.89,204578,37,卖盘
1603,10:52:39,55.89,16767,3,买盘
1604,10:52:42,55.88,413519,74,卖盘
1605,10:52:45,55.89,61478,11,买盘
1606,10:52:48,55.88,44710,8,卖盘
1607,10:52:51,55.89,13414,2,买盘
1608,10:52:57,55.89,27945,5,卖盘
1609,10:53:00,55.88,70419,13,卖盘
1610,10:53:03,55.89,111780,20,买盘
1611,10:53:06,55.89,156490,28,买盘
1612,10:53:09,55.89,1153370,206,买盘
1613,10:53:12,55.89,115133,21,卖盘
1614,10:53:15,55.88,16766,3,卖盘
1615,10:53:18,55.88,206757,37,卖盘
1616,10:53:21,55.89,11178,2,买盘
1617,10:53:27,55.88,340872,61,卖盘
1618,10:53:30,55.88,94989,17,买盘
1619,10:53:33,55.88,335280,60,买盘
1620,10:53:36,55.89,11177,2,买盘
1621,10:53:39,55.88,89408,16,卖盘
1622,10:53:42,55.88,279419,50,卖盘
1623,10:53:45,55.87,134103,24,卖盘
1624,10:53:48,55.87,83805,15,卖盘
1625,10:53:51,55.87,5587,1,卖盘
1626,10:53:54,55.88,27940,5,买盘
1627,10:53:57,55.87,11174,2,卖盘
1628,10:54:00,55.88,318460,57,买盘
1629,10:54:03,55.88,50292,9,买盘
1630,10:54:06,55.88,50291,9,买盘
1631,10:54:09,55.88,83815,15,买盘
1632,10:54:12,55.87,5587,1,卖盘
1633,10:54:15,55.87,195545,35,卖盘
1634,10:54:18,55.86,39107,7,卖盘
1635,10:54:21,55.86,5586,1,卖盘
1636,10:54:24,55.87,22347,4,买盘
1637,10:54:27,55.86,22346,4,卖盘
1638,10:54:30,55.87,670331,120,买盘
1639,10:54:33,55.86,5586,1,卖盘
1640,10:54:36,55.86,178764,32,卖盘
1641,10:54:39,55.86,50280,9,卖盘
1642,10:54:42,55.86,318402,57,卖盘
1643,10:54:45,55.86,111720,20,卖盘
1644,10:54:48,55.87,78218,14,买盘
1645,10:54:51,55.88,72637,13,买盘
1646,10:54:57,55.87,324047,58,卖盘
1647,10:55:00,55.88,1552996,278,买盘
1648,10:55:03,55.87,122895,22,中性盘
1649,10:55:06,55.86,22344,4,卖盘
1650,10:55:09,55.87,33520,6,买盘
1651,10:55:12,55.86,94965,17,卖盘
1652,10:55:15,55.86,72614,13,买盘
1653,10:55:18,55.86,1440986,258,买盘
1654,10:55:21,55.86,234589,42,买盘
1655,10:55:27,55.85,357443,64,卖盘
1656,10:55:30,55.86,16757,3,买盘
1657,10:55:33,55.85,284868,51,卖盘
1658,10:55:36,55.85,72615,13,卖盘
1659,10:55:42,55.85,390961,70,卖盘
1660,10:55:48,55.86,33512,6,买盘
1661,10:55:51,55.86,245745,44,买盘
1662,10:55:54,55.86,16758,3,买盘
1663,10:55:57,55.85,329515,59,卖盘
1664,10:56:00,55.86,122888,22,买盘
1665,10:56:06,55.86,55859,10,买盘
1666,10:56:12,55.85,452387,81,卖盘
1667,10:56:15,55.86,83786,15,买盘
1668,10:56:18,55.86,33516,6,买盘
1669,10:56:24,55.87,374329,67,买盘
1670,10:56:27,55.86,27932,5,卖盘
1671,10:56:33,55.87,391019,70,买盘
1672,10:56:36,55.87,27933,5,买盘
1673,10:56:39,55.86,16758,3,卖盘
1674,10:56:42,55.86,402225,72,卖盘
1675,10:56:45,55.86,106130,19,买盘
1676,10:56:48,55.86,72618,13,买盘
1677,10:56:51,55.86,72618,13,买盘
1678,10:56:54,55.86,39102,7,买盘
1679,10:56:57,55.85,379795,68,卖盘
1680,10:57:00,55.85,195478,35,卖盘
1681,10:57:03,55.85,363039,65,卖盘
1682,10:57:06,55.85,27928,5,卖盘
1683,10:57:09,55.86,55859,10,买盘
1684,10:57:12,55.85,55861,10,卖盘
1685,10:57:15,55.85,39100,7,卖盘
1686,10:57:18,55.85,156386,28,卖盘
1687,10:57:21,55.86,117306,21,买盘
1688,10:57:24,55.85,11171,2,卖盘
1689,10:57:27,55.85,16755,3,卖盘
1690,10:57:30,55.85,323930,58,卖盘
1691,10:57:33,55.85,245740,44,卖盘
1692,10:57:36,55.86,16758,3,买盘
1693,10:57:39,55.85,22340,4,卖盘
1694,10:57:42,55.85,301590,54,卖盘
1695,10:57:45,55.85,83771,15,买盘
1696,10:57:48,55.84,100522,18,卖盘
1697,10:57:51,55.85,161957,29,买盘
1698,10:57:54,55.85,11170,2,买盘
1699,10:57:57,55.85,16755,3,买盘
1700,10:58:00,55.85,346211,62,买盘
1701,10:58:03,55.85,83771,15,买盘
1702,10:58:06,55.85,5585,1,买盘
1703,10:58:09,55.85,134040,24,买盘
1704,10:58:12,55.85,44676,8,买盘
1705,10:58:15,55.86,737161,132,买盘
1706,10:58:18,55.86,100544,18,买盘
1707,10:58:21,55.86,22344,4,买盘
1708,10:58:24,55.86,111717,20,买盘
1709,10:58:27,55.86,134064,24,买盘
1710,10:58:30,55.86,435650,78,买盘
1711,10:58:33,55.87,150824,27,买盘
1712,10:58:36,55.86,11172,2,卖盘
1713,10:58:39,55.86,16758,3,卖盘
1714,10:58:42,55.86,346289,62,卖盘
1715,10:58:45,55.86,156404,28,买盘
1716,10:58:48,55.84,329510,59,卖盘
1717,10:58:51,55.85,100526,18,买盘
1718,10:58:54,55.85,5585,1,买盘
1719,10:58:57,55.85,100524,18,买盘
1720,10:59:00,55.84,379718,68,卖盘
1721,10:59:03,55.85,55846,10,买盘
1722,10:59:06,55.85,61435,11,买盘
1723,10:59:09,55.85,67016,12,买盘
1724,10:59:12,55.84,251321,45,卖盘
1725,10:59:15,55.85,502571,90,买盘
1726,10:59:18,55.84,33504,6,卖盘
1727,10:59:21,55.84,67013,12,卖盘
1728,10:59:24,55.85,33510,6,买盘
1729,10:59:27,55.84,44675,8,卖盘
1730,10:59:30,55.85,396472,71,买盘
1731,10:59:33,55.84,446721,80,卖盘
1732,10:59:36,55.84,72591,13,买盘
1733,10:59:39,55.84,44669,8,买盘
1734,10:59:42,55.84,11168,2,买盘
1735,10:59:45,55.83,602964,108,卖盘
1736,10:59:48,55.83,178657,32,卖盘
1737,10:59:51,55.84,251264,45,买盘
1738,10:59:54,55.84,27920,5,买盘
1739,10:59:57,55.83,675547,121,卖盘
1740,11:00:00,55.83,396400,71,卖盘
1741,11:00:03,55.84,279200,50,买盘
1742,11:00:06,55.83,50251,9,卖盘
1743,11:00:09,55.83,55839,10,卖盘
1744,11:00:12,55.84,61420,11,买盘
1745,11:00:15,55.84,770598,138,买盘
1746,11:00:21,55.85,39091,7,买盘
1747,11:00:24,55.85,458040,82,买盘
1748,11:00:27,55.85,33511,6,卖盘
1749,11:00:30,55.86,435657,78,买盘
1750,11:00:33,55.87,5587,1,买盘
1751,11:00:36,55.85,84900,15,卖盘
1752,11:00:39,55.87,72631,13,买盘
1753,11:00:42,55.88,22352,4,买盘
1754,11:00:45,55.88,346397,62,买盘
1755,11:00:51,55.88,575687,103,买盘
1756,11:00:54,55.89,89411,16,中性盘
1757,11:00:57,55.89,5589,1,买盘
1758,11:01:00,55.89,346459,62,买盘
1759,11:01:03,55.88,55880,10,买盘
1760,11:01:06,55.89,173210,31,买盘
1761,11:01:09,55.88,11176,2,卖盘
1762,11:01:15,55.88,55880,10,卖盘
1763,11:01:24,55.87,72631,13,卖盘
1764,11:01:27,55.88,72634,13,买盘
1765,11:01:30,55.86,357565,64,卖盘
1766,11:01:33,55.86,78207,14,卖盘
1767,11:01:36,55.87,117326,21,买盘
1768,11:01:39,55.86,5586,1,卖盘
1769,11:01:42,55.86,89383,16,卖盘
1770,11:01:45,55.87,329575,59,买盘
1771,11:01:51,55.89,262653,47,买盘
1772,11:01:54,55.89,100602,18,买盘
1773,11:02:00,55.89,346460,62,买盘
1774,11:02:03,55.9,162086,29,买盘
1775,11:02:06,55.9,78248,14,买盘
1776,11:02:12,55.9,156520,28,买盘
1777,11:02:15,55.89,156493,28,卖盘
1778,11:02:18,55.89,67068,12,买盘
1779,11:02:21,55.89,167670,30,买盘
1780,11:02:24,55.89,50301,9,买盘
1781,11:02:27,55.89,285134,51,买盘
1782,11:02:30,55.89,597963,107,买盘
1783,11:02:33,55.89,83835,15,买盘
1784,11:02:36,55.89,5589,1,卖盘
1785,11:02:39,55.9,5590,1,买盘
1786,11:02:42,55.9,22360,4,买盘
1787,11:02:45,55.89,201204,36,卖盘
1788,11:02:51,55.89,78246,14,买盘
1789,11:02:54,55.89,16767,3,买盘
1790,11:02:57,55.89,16767,3,买盘
1791,11:03:00,55.88,441452,79,卖盘
1792,11:03:03,55.89,61473,11,买盘
1793,11:03:06,55.89,44712,8,买盘
1794,11:03:09,55.88,167664,30,卖盘
1795,11:03:12,55.9,55893,10,买盘
1796,11:03:15,55.89,312984,56,卖盘
1797,11:03:21,55.89,16767,3,卖盘
1798,11:03:24,55.9,5590,1,买盘
1799,11:03:27,55.9,44713,8,买盘
1800,11:03:30,55.89,318573,57,卖盘
1801,11:03:33,55.89,78256,14,卖盘
1802,11:03:36,55.9,89440,16,买盘
1803,11:03:39,55.89,33534,6,卖盘
1804,11:03:42,55.89,89434,16,卖盘
1805,11:03:45,55.89,447140,80,卖盘
1806,11:03:51,55.89,145314,26,卖盘
1807,11:03:54,55.9,363301,65,买盘
1808,11:03:57,55.89,162102,29,卖盘
1809,11:04:00,55.89,162081,29,卖盘
1810,11:04:03,55.88,78242,14,卖盘
1811,11:04:06,55.89,61479,11,买盘
1812,11:04:09,55.88,39118,7,卖盘
1813,11:04:12,55.89,89420,16,买盘
1814,11:04:15,55.89,698602,125,买盘
1815,11:04:18,55.89,106184,19,买盘
1816,11:04:21,55.89,89424,16,买盘
1817,11:04:24,55.9,44720,8,买盘
1818,11:04:27,55.89,55893,10,卖盘
1819,11:04:30,55.89,475065,85,卖盘
1820,11:04:33,55.89,156492,28,卖盘
1821,11:04:36,55.89,27945,5,买盘
1822,11:04:39,55.89,72652,13,买盘
1823,11:04:42,55.88,67064,12,卖盘
1824,11:04:45,55.89,329695,59,买盘
1825,11:04:48,55.88,117348,21,卖盘
1826,11:04:51,55.88,106173,19,卖盘
1827,11:04:54,55.88,318516,57,卖盘
1828,11:04:57,55.88,1480829,265,卖盘
1829,11:05:00,55.88,301752,54,卖盘
1830,11:05:03,55.88,100579,18,买盘
1831,11:05:06,55.87,385526,69,卖盘
1832,11:05:12,55.88,106168,19,买盘
1833,11:05:15,55.87,195545,35,卖盘
1834,11:05:18,55.86,178778,32,卖盘
1835,11:05:21,55.87,27935,5,买盘
1836,11:05:24,55.87,128494,23,买盘
1837,11:05:27,55.86,27931,5,卖盘
1838,11:05:30,55.87,441301,79,买盘
1839,11:05:33,55.86,55861,10,卖盘
1840,11:05:36,55.86,16759,3,卖盘
1841,11:05:39,55.86,33517,6,卖盘
1842,11:05:42,55.86,5586,1,卖盘
1843,11:05:45,55.86,262542,47,卖盘
1844,11:05:48,55.86,16758,3,买盘
1845,11:05:51,55.85,16755,3,卖盘
1846,11:05:54,55.85,5585,1,卖盘
1847,11:05:57,55.85,16757,3,卖盘
1848,11:06:00,55.85,329518,59,卖盘
1849,11:06:03,55.85,22340,4,卖盘
1850,11:06:06,55.86,33516,6,买盘
1851,11:06:09,55.85,44683,8,卖盘
1852,11:06:12,55.86,111705,20,买盘
1853,11:06:15,55.86,351862,63,买盘
1854,11:06:18,55.85,39095,7,卖盘
1855,11:06:21,55.86,184316,33,买盘
1856,11:06:24,55.85,11170,2,卖盘
1857,11:06:27,55.86,11172,2,买盘
1858,11:06:30,55.85,357441,64,卖盘
1859,11:06:33,55.86,27930,5,买盘
1860,11:06:36,55.85,27925,5,卖盘
1861,11:06:39,55.86,228986,41,买盘
1862,11:06:42,55.86,27926,5,买盘
1863,11:06:45,55.85,167550,30,卖盘
1864,11:06:48,55.84,161942,29,卖盘
1865,11:06:51,55.85,184293,33,买盘
1866,11:06:54,55.84,206608,37,卖盘
1867,11:06:57,55.84,39088,7,卖盘
1868,11:07:00,55.84,340634,61,卖盘
1869,11:07:03,55.84,178660,32,买盘
1870,11:07:06,55.84,206592,37,买盘
1871,11:07:09,55.85,396475,71,买盘
1872,11:07:12,55.85,72605,13,买盘
1873,11:07:15,55.85,441159,79,卖盘
1874,11:07:18,55.87,396602,71,买盘
1875,11:07:21,55.84,44686,8,卖盘
1876,11:07:24,55.85,106120,19,中性盘
1877,11:07:27,55.84,33509,6,卖盘
1878,11:07:30,55.85,111706,20,卖盘
1879,11:07:33,55.84,301548,54,卖盘
1880,11:07:36,55.83,223342,40,卖盘
1881,11:07:42,55.84,22337,4,卖盘
1882,11:07:45,55.84,55840,10,卖盘
1883,11:07:48,55.83,128409,23,卖盘
1884,11:07:51,55.84,50256,9,买盘
1885,11:07:54,55.84,89340,16,买盘
1886,11:07:57,55.84,44672,8,买盘
1887,11:08:00,55.84,848668,152,买盘
1888,11:08:03,55.84,67009,12,卖盘
1889,11:08:09,55.84,16752,3,卖盘
1890,11:08:12,55.86,346275,62,买盘
1891,11:08:15,55.84,323915,58,卖盘
1892,11:08:18,55.84,50259,9,卖盘
1893,11:08:21,55.86,55856,10,买盘
1894,11:08:24,55.86,100542,18,买盘
1895,11:08:27,55.84,329473,59,卖盘
1896,11:08:30,55.84,357432,64,卖盘
1897,11:08:33,55.84,480236,86,卖盘
1898,11:08:36,55.84,189838,34,买盘
1899,11:08:39,55.83,189833,34,卖盘
1900,11:08:42,55.85,27922,5,买盘
1901,11:08:45,55.84,67008,12,卖盘
1902,11:08:48,55.84,374128,67,买盘
1903,11:08:51,55.85,5585,1,买盘
1904,11:08:54,55.85,16753,3,买盘
1905,11:08:57,55.85,78180,14,买盘
1906,11:09:00,55.84,418853,75,卖盘
1907,11:09:06,55.85,83773,15,卖盘
1908,11:09:09,55.85,55845,10,卖盘
1909,11:09:12,55.86,11172,2,买盘
1910,11:09:15,55.84,418879,75,卖盘
1911,11:09:18,55.86,111709,20,买盘
1912,11:09:21,55.86,94962,17,买盘
1913,11:09:24,55.86,89376,16,卖盘
1914,11:09:27,55.87,67044,12,买盘
1915,11:09:30,55.86,150823,27,卖盘
1916,11:09:33,55.85,50265,9,卖盘
1917,11:09:36,55.85,201060,36,卖盘
1918,11:09:39,55.84,234568,42,卖盘
1919,11:09:42,55.86,78204,14,买盘
1920,11:09:45,55.85,323921,58,卖盘
1921,11:09:48,55.85,122870,22,买盘
1922,11:09:51,55.85,50264,9,买盘
1923,11:09:54,55.85,279210,50,买盘
1924,11:09:57,55.85,50257,9,买盘
1925,11:10:00,55.85,335044,60,买盘
1926,11:10:03,55.85,39086,7,买盘
1927,11:10:06,55.85,22340,4,买盘
1928,11:10:12,55.84,61434,11,卖盘
1929,11:10:15,55.84,351794,63,卖盘
1930,11:10:18,55.85,122856,22,买盘
1931,11:10:24,55.85,44679,8,买盘
1932,11:10:27,55.85,67017,12,买盘
1933,11:10:30,55.84,178688,32,卖盘
1934,11:10:33,55.84,55840,10,买盘
1935,11:10:36,55.83,284763,51,卖盘
1936,11:10:39,55.85,134017,24,买盘
1937,11:10:42,55.84,27920,5,卖盘
1938,11:10:45,55.84,245696,44,卖盘
1939,11:10:48,55.84,122845,22,买盘
1940,11:10:51,55.85,100515,18,买盘
1941,11:10:54,55.85,89360,16,买盘
1942,11:10:57,55.85,106115,19,买盘
1943,11:11:00,55.85,368555,66,买盘
1944,11:11:03,55.86,100534,18,买盘
1945,11:11:06,55.85,33510,6,中性盘
1946,11:11:15,55.85,128461,23,卖盘
1947,11:11:18,55.85,89357,16,买盘
1948,11:11:24,55.84,27920,5,卖盘
1949,11:11:27,55.85,16755,3,买盘
1950,11:11:30,55.85,357383,64,买盘
1951,11:11:33,55.84,72592,13,卖盘
1952,11:11:36,55.85,106111,19,买盘
1953,11:11:39,55.85,173131,31,买盘
1954,11:11:42,55.85,89374,16,卖盘
1955,11:11:45,55.85,307175,55,卖盘
1956,11:11:48,55.85,61431,11,买盘
1957,11:11:51,55.84,37973,7,卖盘
1958,11:11:54,55.84,228953,41,卖盘
1959,11:12:00,55.85,323874,58,买盘
1960,11:12:03,55.84,251318,45,卖盘
1961,11:12:06,55.86,117304,21,买盘
1962,11:12:09,55.86,167580,30,买盘
1963,11:12:12,55.86,340746,61,买盘
1964,11:12:15,55.86,11172,2,卖盘
1965,11:12:18,55.86,83790,15,买盘
1966,11:12:21,55.86,22344,4,买盘
1967,11:12:24,55.86,78204,14,买盘
1968,11:12:27,55.86,351918,63,买盘
1969,11:12:30,55.86,335164,60,卖盘
1970,11:12:33,55.88,201121,36,买盘
1971,11:12:36,55.86,89397,16,卖盘
1972,11:12:45,55.87,229067,41,卖盘
1973,11:12:48,55.87,134087,24,买盘
1974,11:12:51,55.87,50283,9,买盘
1975,11:12:54,55.87,61457,11,买盘
1976,11:12:57,55.86,33521,6,卖盘
1977,11:13:00,55.86,307234,55,卖盘
1978,11:13:03,55.87,156430,28,买盘
1979,11:13:06,55.9,201205,36,买盘
1980,11:13:09,55.89,50307,9,卖盘
1981,11:13:12,55.9,11180,2,买盘
1982,11:13:15,55.89,318574,57,卖盘
1983,11:13:18,55.9,100609,18,买盘
1984,11:13:21,55.9,86101,15,卖盘
1985,11:13:27,55.91,5591,1,中性盘
1986,11:13:30,55.91,363390,65,中性盘
1987,11:13:39,55.92,106248,19,买盘
1988,11:13:42,55.92,16776,3,买盘
1989,11:13:45,55.91,167730,30,卖盘
1990,11:13:48,55.91,257179,46,买盘
1991,11:13:54,55.91,117393,21,买盘
1992,11:13:57,55.9,70434,13,卖盘
1993,11:14:00,55.89,262686,47,卖盘
1994,11:14:03,55.88,352116,63,卖盘
1995,11:14:06,55.89,111788,20,中性盘
1996,11:14:09,55.9,72653,13,买盘
1997,11:14:12,55.9,22360,4,买盘
1998,11:14:15,55.89,324133,58,卖盘
1999,11:14:18,55.88,95001,17,卖盘
2000,11:14:21,55.88,100590,18,卖盘
2001,11:14:24,55.88,5588,1,卖盘
2002,11:14:27,55.87,229096,41,卖盘
2003,11:14:30,55.88,67054,12,卖盘
2004,11:14:33,55.88,22352,4,买盘
2005,11:14:36,55.86,502882,90,卖盘
2006,11:14:39,55.86,83799,15,卖盘
2007,11:14:42,55.86,39108,7,卖盘
2008,11:14:45,55.86,516177,92,卖盘
2009,11:14:48,55.88,33528,6,买盘
2010,11:14:51,55.87,78208,14,买盘
2011,11:14:54,55.87,83805,15,买盘
2012,11:14:57,55.88,78220,14,买盘
2013,11:15:00,55.86,379864,68,卖盘
2014,11:15:03,55.88,22352,4,买盘
2015,11:15:06,55.87,83817,15,卖盘
2016,11:15:09,55.88,27940,5,买盘
2017,11:15:12,55.88,11176,2,卖盘
2018,11:15:15,55.88,134112,24,卖盘
2019,11:15:18,55.88,134112,24,买盘
2020,11:15:21,55.89,178834,32,买盘
2021,11:15:27,55.9,11180,2,买盘
2022,11:15:30,55.89,122969,22,卖盘
2023,11:15:33,55.89,33534,6,买盘
2024,11:15:36,55.89,251503,45,买盘
2025,11:15:39,55.9,55900,10,买盘
2026,11:15:45,55.89,240329,43,卖盘
2027,11:15:48,55.89,128547,23,买盘
2028,11:15:51,55.9,11180,2,买盘
2029,11:15:54,55.91,111805,20,买盘
2030,11:15:57,55.9,11180,2,卖盘
2031,11:16:00,55.9,184471,33,卖盘
2032,11:16:03,55.9,162110,29,买盘
2033,11:16:06,55.91,44721,8,买盘
2034,11:16:09,55.91,33546,6,买盘
2035,11:16:12,55.9,100637,18,卖盘
2036,11:16:15,55.92,587004,105,买盘
2037,11:16:21,55.91,33546,6,中性盘
2038,11:16:27,55.93,315392,56,买盘
2039,11:16:30,55.91,42496,8,卖盘
2040,11:16:36,55.92,404789,72,买盘
2041,11:16:39,55.91,27960,5,卖盘
2042,11:16:42,55.93,11186,2,买盘
2043,11:16:45,55.92,324280,58,卖盘
2044,11:16:48,55.91,100659,18,卖盘
2045,11:16:51,55.93,27965,5,买盘
2046,11:16:54,55.92,22368,4,卖盘
2047,11:16:57,55.93,78291,14,买盘
2048,11:17:00,55.91,167751,30,卖盘
2049,11:17:03,55.92,615163,110,买盘
2050,11:17:06,55.93,22370,4,买盘
2051,11:17:09,55.93,11186,2,买盘
2052,11:17:12,55.93,167790,30,买盘
2053,11:17:15,55.92,313152,56,卖盘
2054,11:17:18,55.94,304283,54,买盘
2055,11:17:21,55.95,1464510,262,买盘
2056,11:17:24,55.95,44760,8,买盘
2057,11:17:27,55.95,5595,1,买盘
2058,11:17:30,55.95,346832,62,买盘
2059,11:17:33,55.94,16784,3,中性盘
2060,11:17:36,55.95,16785,3,买盘
2061,11:17:39,55.95,5595,1,买盘
2062,11:17:42,55.95,16785,3,买盘
2063,11:17:45,55.94,50347,9,卖盘
2064,11:17:48,55.95,363623,65,买盘
2065,11:17:51,55.96,39170,7,买盘
2066,11:17:54,55.96,44768,8,买盘
2067,11:17:57,55.95,50361,9,卖盘
2068,11:18:00,55.93,833599,149,卖盘
2069,11:18:03,55.93,89513,16,卖盘
2070,11:18:06,55.94,5594,1,中性盘
2071,11:18:09,55.96,151066,27,买盘
2072,11:18:12,55.94,39160,7,买盘
2073,11:18:15,55.93,176739,32,卖盘
2074,11:18:18,55.93,106267,19,买盘
2075,11:18:21,55.93,27965,5,买盘
2076,11:18:24,55.93,2237,0,买盘
2077,11:18:27,55.94,33559,6,买盘
2078,11:18:30,55.93,111884,20,卖盘
2079,11:18:33,55.94,72722,13,买盘
2080,11:18:36,55.94,234948,42,买盘
2081,11:18:39,55.93,50345,9,卖盘
2082,11:18:45,55.95,318815,57,买盘
2083,11:18:48,55.95,16784,3,买盘
2084,11:18:51,55.95,39164,7,买盘
2085,11:18:54,55.94,5594,1,卖盘
2086,11:18:57,55.94,78322,14,卖盘
2087,11:19:00,55.93,117488,21,卖盘
2088,11:19:03,55.94,89504,16,买盘
2089,11:19:06,55.94,139844,25,买盘
2090,11:19:09,55.93,67116,12,卖盘
2091,11:19:12,55.93,89490,16,卖盘
2092,11:19:15,55.94,568233,102,买盘
2093,11:19:18,55.94,293126,52,买盘
2094,11:19:21,55.94,134259,24,卖盘
2095,11:19:24,55.95,39160,7,买盘
2096,11:19:27,55.95,5595,1,买盘
2097,11:19:30,55.95,380396,68,买盘
2098,11:19:33,55.94,104046,19,卖盘
2099,11:19:36,55.94,69366,12,买盘
2100,11:19:42,55.94,22376,4,卖盘
2101,11:19:45,55.94,53702,10,卖盘
2102,11:19:48,55.94,50342,9,买盘
2103,11:19:51,55.94,5594,1,买盘
2104,11:19:54,55.94,270750,48,买盘
2105,11:20:00,55.94,171176,31,卖盘
2106,11:20:03,55.94,5594,1,买盘
2107,11:20:06,55.94,33564,6,买盘
2108,11:20:09,55.94,343471,61,买盘
2109,11:20:12,55.94,22379,4,卖盘
2110,11:20:15,55.94,53702,10,卖盘
2111,11:20:18,55.94,223751,40,买盘
2112,11:20:21,55.93,201348,36,卖盘
2113,11:20:24,55.94,67128,12,买盘
2114,11:20:27,55.93,39152,7,卖盘
2115,11:20:30,55.93,167791,30,卖盘
2116,11:20:33,55.93,61523,11,买盘
2117,11:20:36,55.93,27965,5,买盘
2118,11:20:39,55.93,27962,5,买盘
2119,11:20:42,55.93,27965,5,买盘
2120,11:20:45,55.92,223683,40,卖盘
2121,11:20:48,55.92,5592,1,买盘
2122,11:20:51,55.92,251640,45,买盘
2123,11:20:54,55.92,100656,18,买盘
2124,11:21:00,55.91,55917,10,卖盘
2125,11:21:03,55.92,576025,103,买盘
2126,11:21:06,55.94,458704,82,买盘
2127,11:21:09,55.94,27970,5,买盘
2128,11:21:12,55.94,33564,6,买盘
2129,11:21:15,55.93,151016,27,卖盘
2130,11:21:18,55.92,111855,20,卖盘
2131,11:21:21,55.92,67114,12,卖盘
2132,11:21:24,55.93,95081,17,买盘
2133,11:21:30,55.93,33558,6,卖盘
2134,11:21:33,55.93,285242,51,买盘
2135,11:21:36,55.93,335636,60,中性盘
2136,11:21:39,55.94,11188,2,买盘
2137,11:21:42,55.93,72709,13,卖盘
2138,11:21:45,55.92,363487,65,卖盘
2139,11:21:51,55.93,5593,1,买盘
2140,11:21:54,55.93,55930,10,买盘
2141,11:21:57,55.93,151008,27,买盘
2142,11:22:00,55.92,296377,53,卖盘
2143,11:22:03,55.92,279594,50,买盘
2144,11:22:06,55.92,22368,4,买盘
2145,11:22:09,55.92,44736,8,买盘
2146,11:22:12,55.92,33552,6,买盘
2147,11:22:15,55.92,592752,106,卖盘
2148,11:22:18,55.91,16773,3,卖盘
2149,11:22:21,55.92,117439,21,中性盘
2150,11:22:24,55.91,95052,17,卖盘
2151,11:22:27,55.92,123023,22,买盘
2152,11:22:30,55.91,223671,40,卖盘
2153,11:22:33,55.92,218086,39,买盘
2154,11:22:36,55.92,61513,11,卖盘
2155,11:22:39,55.92,55920,10,卖盘
2156,11:22:42,55.93,123046,22,买盘
2157,11:22:45,55.92,307560,55,卖盘
2158,11:22:48,55.91,134189,24,卖盘
2159,11:22:51,55.91,33552,6,卖盘
2160,11:22:54,55.93,139824,25,买盘
2161,11:22:57,55.93,128599,23,买盘
2162,11:23:00,55.91,413734,74,卖盘
2163,11:23:03,55.91,55906,10,买盘
2164,11:23:06,55.92,11184,2,买盘
2165,11:23:09,55.92,128616,23,买盘
2166,11:23:12,55.92,44732,8,买盘
2167,11:23:15,55.91,44727,8,卖盘
2168,11:23:18,55.9,39130,7,卖盘
2169,11:23:21,55.9,581509,104,卖盘
2170,11:23:24,55.92,22366,4,买盘
2171,11:23:27,55.91,22366,4,卖盘
2172,11:23:30,55.9,368969,66,卖盘
2173,11:23:33,55.93,27965,5,买盘
2174,11:23:39,55.92,27960,5,卖盘
2175,11:23:42,55.91,251642,45,卖盘
2176,11:23:45,55.9,16772,3,卖盘
2177,11:23:48,55.91,178912,32,买盘
2178,11:23:51,55.9,11181,2,卖盘
2179,11:23:54,55.91,162114,29,买盘
2180,11:23:57,55.91,229231,41,买盘
2181,11:24:00,55.91,307505,55,卖盘
2182,11:24:03,55.93,111836,20,买盘
2183,11:24:06,55.92,44734,8,中性盘
2184,11:24:12,55.92,33552,6,卖盘
2185,11:24:15,55.92,27961,5,卖盘
2186,11:24:18,55.92,22368,4,买盘
2187,11:24:21,55.92,218088,39,买盘
2188,11:24:24,55.92,156571,28,买盘
2189,11:24:27,55.92,22368,4,买盘
2190,11:24:30,55.91,173326,31,卖盘
2191,11:24:33,55.91,106229,19,买盘
2192,11:24:36,55.91,33546,6,买盘
2193,11:24:39,55.91,16772,3,买盘
2194,11:24:42,55.91,95038,17,买盘
2195,11:24:45,55.9,318630,57,卖盘
2196,11:24:48,55.91,5591,1,中性盘
2197,11:24:51,55.9,27950,5,卖盘
2198,11:24:54,55.91,39132,7,买盘
2199,11:24:57,55.91,11182,2,中性盘
2200,11:25:00,55.91,95049,17,卖盘
2201,11:25:03,55.9,251591,45,卖盘
2202,11:25:06,55.91,134182,24,买盘
2203,11:25:09,55.91,357824,64,卖盘
2204,11:25:15,55.91,313096,56,卖盘
2205,11:25:18,55.91,83865,15,卖盘
2206,11:25:21,55.91,178916,32,卖盘
2207,11:25:24,55.91,27955,5,卖盘
2208,11:25:27,55.91,44728,8,卖盘
2209,11:25:30,55.9,408088,73,卖盘
2210,11:25:33,55.92,184520,33,买盘
2211,11:25:36,55.92,55920,10,买盘
2212,11:25:39,55.91,11182,2,卖盘
2213,11:25:45,55.9,335407,60,卖盘
2214,11:25:48,55.91,39132,7,中性盘
2215,11:25:51,55.92,27960,5,买盘
2216,11:25:54,55.92,44736,8,买盘
2217,11:26:00,55.92,27960,5,买盘
2218,11:26:03,55.91,134184,24,卖盘
2219,11:26:06,55.91,27955,5,买盘
2220,11:26:09,55.91,11182,2,买盘
2221,11:26:12,55.91,117411,21,买盘
2222,11:26:15,55.9,107331,19,卖盘
2223,11:26:18,55.91,413669,74,买盘
2224,11:26:21,55.89,469563,84,卖盘
2225,11:26:24,55.91,11182,2,买盘
2226,11:26:27,55.9,217983,39,中性盘
2227,11:26:30,55.9,27949,5,中性盘
2228,11:26:33,55.89,530987,95,卖盘
2229,11:26:36,55.91,16772,3,买盘
2230,11:26:39,55.89,27945,5,卖盘
2231,11:26:42,55.91,16772,3,买盘
2232,11:26:48,55.89,250387,45,卖盘
2233,11:26:51,55.89,50298,9,买盘
2234,11:26:54,55.89,27945,5,买盘
2235,11:26:57,55.89,11178,2,买盘
2236,11:27:00,55.9,44717,8,买盘
2237,11:27:03,55.88,324106,58,卖盘
2238,11:27:06,55.89,22354,4,买盘
2239,11:27:09,55.89,89424,16,买盘
2240,11:27:12,55.88,16766,3,卖盘
2241,11:27:15,55.88,497322,89,卖盘
2242,11:27:21,55.88,681736,122,买盘
2243,11:27:24,55.88,212344,38,卖盘
2244,11:27:27,55.89,22356,4,买盘
2245,11:27:30,55.89,89435,16,卖盘
2246,11:27:33,55.89,55890,10,卖盘
2247,11:27:36,55.89,61478,11,买盘
2248,11:27:39,55.89,11178,2,买盘
2249,11:27:42,55.89,72657,13,买盘
2250,11:27:45,55.89,39123,7,买盘
2251,11:27:48,55.89,614684,110,买盘
2252,11:27:51,55.88,391160,70,中性盘
2253,11:27:54,55.87,206720,37,卖盘
2254,11:27:57,55.88,16764,3,买盘
2255,11:28:00,55.87,11174,2,卖盘
2256,11:28:03,55.88,480513,86,买盘
2257,11:28:06,55.88,33529,6,卖盘
2258,11:28:09,55.88,189981,34,卖盘
2259,11:28:12,55.88,39112,7,买盘
2260,11:28:15,55.88,39113,7,买盘
2261,11:28:18,55.88,363164,65,买盘
2262,11:28:21,55.87,128521,23,卖盘
2263,11:28:24,55.86,83804,15,卖盘
2264,11:28:27,55.87,189926,34,买盘
2265,11:28:30,55.86,61456,11,卖盘
2266,11:28:33,55.86,391020,70,卖盘
2267,11:28:36,55.86,296068,53,卖盘
2268,11:28:39,55.87,128501,23,买盘
2269,11:28:42,55.87,11174,2,卖盘
2270,11:28:45,55.87,83797,15,卖盘
2271,11:28:48,55.86,16758,3,卖盘
2272,11:28:51,55.86,134081,24,卖盘
2273,11:28:54,55.86,16758,3,卖盘
2274,11:28:57,55.87,22348,4,买盘
2275,11:29:00,55.86,11173,2,卖盘
2276,11:29:03,55.86,575277,103,卖盘
2277,11:29:09,55.85,16755,3,卖盘
2278,11:29:12,55.86,55860,10,买盘
2279,11:29:15,55.85,201060,36,卖盘
2280,11:29:18,55.85,312760,56,卖盘
2281,11:29:21,55.86,16758,3,买盘
2282,11:29:24,55.85,150795,27,卖盘
2283,11:29:27,55.85,256893,46,买盘
2284,11:29:30,55.86,16758,3,买盘
2285,11:29:33,55.84,111700,20,卖盘
2286,11:29:36,55.85,27924,5,买盘
2287,11:29:39,55.85,50265,9,买盘
2288,11:29:42,55.84,139601,25,卖盘
2289,11:29:45,55.84,67013,12,卖盘
2290,11:29:48,55.85,541654,97,买盘
2291,11:29:51,55.84,11168,2,卖盘
2292,11:29:57,55.85,111686,20,买盘
2293,13:00:00,55.86,2200032,394,买盘
2294,13:00:03,55.86,7103184,1272,卖盘
2295,13:00:06,55.88,156451,28,买盘
2296,13:00:09,55.87,1965849,352,卖盘
2297,13:00:15,55.86,307099,55,买盘
2298,13:00:18,55.85,273608,49,买盘
2299,13:00:21,55.83,44667,8,卖盘
2300,13:00:24,55.83,78172,14,卖盘
2301,13:00:27,55.85,27924,5,买盘
2302,13:00:30,55.83,39083,7,卖盘
2303,13:00:33,55.84,401984,72,买盘
2304,13:00:36,55.84,27920,5,买盘
2305,13:00:39,55.84,83750,15,买盘
2306,13:00:42,55.83,173073,31,卖盘
2307,13:00:45,55.84,145178,26,买盘
2308,13:00:48,55.82,294277,53,卖盘
2309,13:00:51,55.83,55830,10,买盘
2310,13:00:54,55.83,374043,67,买盘
2311,13:00:57,55.83,145149,26,买盘
2312,13:01:00,55.83,117241,21,买盘
2313,13:01:03,55.84,480099,86,买盘
2314,13:01:06,55.83,39081,7,中性盘
2315,13:01:09,55.85,184267,33,买盘
2316,13:01:12,55.84,39088,7,中性盘
2317,13:01:15,55.85,5585,1,买盘
2318,13:01:18,55.84,508072,91,买盘
2319,13:01:21,55.83,100509,18,卖盘
2320,13:01:24,55.83,78169,14,卖盘
2321,13:01:27,55.84,16751,3,买盘
2322,13:01:30,55.83,16749,3,卖盘
2323,13:01:33,55.83,457818,82,卖盘
2324,13:01:36,55.84,61415,11,买盘
2325,13:01:39,55.83,206604,37,卖盘
2326,13:01:42,55.84,67005,12,买盘
2327,13:01:45,55.84,166400,30,买盘
2328,13:01:48,55.83,362903,65,卖盘
2329,13:01:51,55.84,94924,17,卖盘
2330,13:01:54,55.83,66999,12,卖盘
2331,13:02:00,55.85,78172,14,买盘
2332,13:02:03,55.84,167520,30,卖盘
2333,13:02:06,55.84,122839,22,买盘
2334,13:02:09,55.84,50256,9,买盘
2335,13:02:12,55.84,72592,13,买盘
2336,13:02:15,55.85,615940,110,买盘
2337,13:02:18,55.83,351751,63,卖盘
2338,13:02:21,55.84,39088,7,卖盘
2339,13:02:24,55.84,16752,3,卖盘
2340,13:02:27,55.84,27920,5,卖盘
2341,13:02:30,55.84,89345,16,卖盘
2342,13:02:33,55.84,463511,83,卖盘
2343,13:02:36,55.84,5584,1,卖盘
2344,13:02:39,55.84,67018,12,卖盘
2345,13:02:42,55.85,206634,37,买盘
2346,13:02:45,55.85,173135,31,买盘
2347,13:02:48,55.84,189863,34,卖盘
2348,13:02:51,55.84,94928,17,买盘
2349,13:02:54,55.85,111682,20,买盘
2350,13:02:57,55.83,139590,25,卖盘
2351,13:03:00,55.85,67016,12,买盘
2352,13:03:03,55.84,385254,69,中性盘
2353,13:03:06,55.84,72598,13,买盘
2354,13:03:09,55.85,122851,22,买盘
2355,13:03:12,55.85,11170,2,买盘
2356,13:03:15,55.84,16752,3,卖盘
2357,13:03:18,55.84,117263,21,卖盘
2358,13:03:21,55.84,83759,15,买盘
2359,13:03:24,55.83,117247,21,卖盘
2360,13:03:27,55.84,11168,2,买盘
2361,13:03:30,55.84,16752,3,买盘
2362,13:03:33,55.83,792788,142,卖盘
2363,13:03:36,55.84,547173,98,买盘
2364,13:03:42,55.85,78190,14,买盘
2365,13:03:45,55.85,22339,4,买盘
2366,13:03:48,55.85,368551,66,买盘
2367,13:03:51,55.85,67020,12,买盘
2368,13:03:54,55.84,485813,87,卖盘
2369,13:03:57,55.84,33509,6,卖盘
2370,13:04:00,55.84,5584,1,卖盘
2371,13:04:03,55.84,212191,38,卖盘
2372,13:04:06,55.83,94915,17,卖盘
2373,13:04:09,55.83,295899,53,卖盘
2374,13:04:12,55.84,33504,6,买盘
2375,13:04:15,55.84,223358,40,买盘
2376,13:04:18,55.84,374072,67,买盘
2377,13:04:21,55.82,457795,82,卖盘
2378,13:04:24,55.84,83760,15,买盘
2379,13:04:27,55.84,27920,5,卖盘
2380,13:04:30,55.84,212192,38,卖盘
2381,13:04:33,55.84,150768,27,中性盘
2382,13:04:36,55.84,390911,70,买盘
2383,13:04:39,55.84,22336,4,卖盘
2384,13:04:42,55.85,11169,2,买盘
2385,13:04:45,55.84,5584,1,卖盘
2386,13:04:48,55.85,625465,112,买盘
2387,13:04:51,55.86,16758,3,买盘
2388,13:04:54,55.86,22344,4,买盘
2389,13:04:57,55.86,55860,10,买盘
2390,13:05:00,55.86,22342,4,买盘
2391,13:05:03,55.86,323933,58,买盘
2392,13:05:06,55.86,11172,2,买盘
2393,13:05:09,55.86,217852,39,买盘
2394,13:05:12,55.86,27930,5,买盘
2395,13:05:15,55.86,418949,75,买盘
2396,13:05:18,55.85,329527,59,卖盘
2397,13:05:21,55.86,33520,6,卖盘
2398,13:05:27,55.85,39100,7,卖盘
2399,13:05:30,55.86,58093,10,买盘
2400,13:05:33,55.85,304941,55,卖盘
2401,13:05:36,55.85,11170,2,买盘
2402,13:05:39,55.85,78181,14,买盘
2403,13:05:42,55.84,44679,8,卖盘
2404,13:05:45,55.85,513759,92,买盘
2405,13:05:48,55.84,206608,37,卖盘
2406,13:05:51,55.84,27920,5,买盘
2407,13:05:54,55.84,240112,43,买盘
2408,13:05:57,55.85,385260,69,买盘
2409,13:06:00,55.84,22339,4,卖盘
2410,13:06:03,55.84,256864,46,卖盘
2411,13:06:06,55.84,33503,6,买盘
2412,13:06:09,55.84,111680,20,买盘
2413,13:06:12,55.84,61418,11,买盘
2414,13:06:15,55.84,50256,9,中性盘
2415,13:06:18,55.83,446654,80,卖盘
2416,13:06:21,55.83,139587,25,卖盘
2417,13:06:24,55.83,251245,45,卖盘
2418,13:06:27,55.84,78175,14,卖盘
2419,13:06:30,55.83,854324,153,卖盘
2420,13:06:33,55.84,55840,10,中性盘
2421,13:06:36,55.84,318238,57,买盘
2422,13:06:39,55.83,27917,5,卖盘
2423,13:06:42,55.84,89341,16,买盘
2424,13:06:45,55.83,5583,1,卖盘
2425,13:06:48,55.83,502475,90,卖盘
2426,13:06:51,55.83,5583,1,卖盘
2427,13:06:54,55.83,301494,54,卖盘
2428,13:06:57,55.83,66996,12,卖盘
2429,13:07:00,55.84,401989,72,买盘
2430,13:07:03,55.83,206551,37,中性盘
2431,13:07:06,55.83,173073,31,买盘
2432,13:07:09,55.83,22332,4,买盘
2433,13:07:12,55.83,145154,26,买盘
2434,13:07:15,55.83,78159,14,买盘
2435,13:07:18,55.82,3550183,636,卖盘
2436,13:07:21,55.82,1568550,281,卖盘
2437,13:07:24,55.82,200954,36,卖盘
2438,13:07:27,55.82,100492,18,卖盘
2439,13:07:30,55.82,72576,13,卖盘
2440,13:07:33,55.82,566630,102,卖盘
2441,13:07:36,55.82,170195,30,买盘
2442,13:07:39,55.82,33492,6,卖盘
2443,13:07:42,55.82,5582,1,卖盘
2444,13:07:45,55.82,16748,3,卖盘
2445,13:07:48,55.82,312592,56,卖盘
2446,13:07:51,55.83,72573,13,买盘
2447,13:07:54,55.82,11164,2,卖盘
2448,13:07:57,55.83,189792,34,买盘
2449,13:08:00,55.83,11166,2,买盘
2450,13:08:03,55.82,362787,65,卖盘
2451,13:08:06,55.82,72566,13,买盘
2452,13:08:09,55.82,83730,15,买盘
2453,13:08:12,55.82,117221,21,买盘
2454,13:08:15,55.81,39071,7,卖盘
2455,13:08:18,55.82,396267,71,买盘
2456,13:08:21,55.82,44656,8,买盘
2457,13:08:24,55.82,630659,113,买盘
2458,13:08:27,55.82,83728,15,买盘
2459,13:08:33,55.81,368379,66,卖盘
2460,13:08:36,55.83,33493,6,买盘
2461,13:08:39,55.82,139550,25,卖盘
2462,13:08:45,55.83,33498,6,买盘
2463,13:08:48,55.82,240030,43,卖盘
2464,13:08:51,55.82,50238,9,买盘
2465,13:08:54,55.82,167460,30,买盘
2466,13:08:57,55.82,50238,9,买盘
2467,13:09:00,55.82,401838,72,买盘
2468,13:09:03,55.82,502301,90,中性盘
2469,13:09:06,55.82,27910,5,卖盘
2470,13:09:09,55.82,22328,4,卖盘
2471,13:09:12,55.82,106058,19,卖盘
2472,13:09:15,55.82,55820,10,卖盘
2473,13:09:18,55.82,440978,79,卖盘
2474,13:09:21,55.82,286885,51,买盘
2475,13:09:24,55.81,362795,65,卖盘
2476,13:09:27,55.82,89312,16,买盘
2477,13:09:30,55.82,368412,66,卖盘
2478,13:09:33,55.82,524716,94,卖盘
2479,13:09:36,55.82,334920,60,卖盘
2480,13:09:39,55.82,50240,9,买盘
2481,13:09:42,55.83,94890,17,买盘
2482,13:09:45,55.83,128395,23,买盘
2483,13:09:48,55.82,133969,24,卖盘
2484,13:09:51,55.82,22328,4,买盘
2485,13:09:54,55.81,407419,73,卖盘
2486,13:09:57,55.82,22328,4,买盘
2487,13:10:00,55.82,139550,25,买盘
2488,13:10:03,55.81,301374,54,卖盘
2489,13:10:06,55.81,346038,62,卖盘
2490,13:10:09,55.81,89309,16,卖盘
2491,13:10:12,55.82,72564,13,买盘
2492,13:10:15,55.81,55817,10,卖盘
2493,13:10:18,55.81,323698,58,卖盘
2494,13:10:21,55.81,318118,57,卖盘
2495,13:10:24,55.82,11164,2,买盘
2496,13:10:27,55.82,33489,6,买盘
2497,13:10:30,55.82,39073,7,买盘
2498,13:10:33,55.82,418589,75,买盘
2499,13:10:36,55.82,234406,42,买盘
2500,13:10:39,55.81,1233406,221,卖盘
2501,13:10:42,55.81,301375,54,卖盘
2502,13:10:45,55.81,692045,124,卖盘
2503,13:10:48,55.82,496730,89,买盘
2504,13:10:51,55.81,2360765,423,卖盘
2505,13:10:54,55.81,39069,7,卖盘
2506,13:10:57,55.81,870639,156,卖盘
2507,13:11:00,55.82,379511,68,买盘
2508,13:11:03,55.81,550904,99,卖盘
2509,13:11:06,55.81,1528936,274,买盘
2510,13:11:09,55.8,172993,31,卖盘
2511,13:11:12,55.81,1216455,218,买盘
2512,13:11:15,55.72,22867684,4099,卖盘
2513,13:11:18,55.7,2763124,496,卖盘
2514,13:11:21,55.69,941323,169,卖盘
2515,13:11:24,55.67,1147009,206,卖盘
2516,13:11:27,55.66,345145,62,卖盘
2517,13:11:30,55.67,1552762,279,买盘
2518,13:11:33,55.68,1291641,232,买盘
2519,13:11:36,55.68,11136,2,卖盘
2520,13:11:39,55.67,77967,14,卖盘
2521,13:11:42,55.7,44556,8,买盘
2522,13:11:45,55.7,16710,3,买盘
2523,13:11:48,55.68,501134,90,卖盘
2524,13:11:54,55.68,122512,22,卖盘
2525,13:11:57,55.68,122496,22,买盘
2526,13:12:00,55.7,211584,38,买盘
2527,13:12:03,55.68,244994,44,卖盘
2528,13:12:06,55.68,289505,52,买盘
2529,13:12:09,55.68,100232,18,卖盘
2530,13:12:12,55.68,228354,41,卖盘
2531,13:12:15,55.7,11139,2,买盘
2532,13:12:18,55.68,517848,93,卖盘
2533,13:12:21,55.69,61239,11,中性盘
2534,13:12:27,55.69,144794,26,买盘
2535,13:12:30,55.68,300672,54,卖盘
2536,13:12:33,55.68,300683,54,卖盘
2537,13:12:36,55.69,328530,59,买盘
2538,13:12:39,55.69,27841,5,买盘
2539,13:12:42,55.69,27845,5,买盘
2540,13:12:45,55.69,167069,30,买盘
2541,13:12:48,55.68,1097031,197,卖盘
2542,13:12:51,55.69,50121,9,买盘
2543,13:12:54,55.69,5569,1,买盘
2544,13:12:57,55.69,22276,4,买盘
2545,13:13:00,55.68,33408,6,卖盘
2546,13:13:03,55.69,590260,106,买盘
2547,13:13:06,55.69,651393,117,买盘
2548,13:13:09,55.69,77960,14,买盘
2549,13:13:12,55.68,567952,102,卖盘
2550,13:13:15,55.68,272847,49,卖盘
2551,13:13:18,55.68,361866,65,买盘
2552,13:13:21,55.68,662524,119,买盘
2553,13:13:27,55.69,27841,5,买盘
2554,13:13:30,55.69,94673,17,买盘
2555,13:13:33,55.69,595828,107,买盘
2556,13:13:36,55.69,128087,23,买盘
2557,13:13:39,55.68,77957,14,卖盘
2558,13:13:42,55.7,317422,57,买盘
2559,13:13:45,55.69,77967,14,卖盘
2560,13:13:48,55.69,300726,54,卖盘
2561,13:13:51,55.7,122525,22,买盘
2562,13:13:54,55.7,5570,1,买盘
2563,13:13:57,55.7,22280,4,买盘
2564,13:14:00,55.69,16709,3,卖盘
2565,13:14:03,55.7,356425,64,买盘
2566,13:14:06,55.69,50129,9,卖盘
2567,13:14:09,55.69,105819,19,卖盘
2568,13:14:12,55.7,122524,22,买盘
2569,13:14:15,55.69,306303,55,卖盘
2570,13:14:18,55.69,762953,137,卖盘
2571,13:14:21,55.69,50119,9,买盘
2572,13:14:24,55.69,194914,35,买盘
2573,13:14:27,55.69,94671,17,买盘
2574,13:14:30,55.69,167066,30,买盘
2575,13:14:33,55.68,395340,71,卖盘
2576,13:14:36,55.69,423215,76,买盘
2577,13:14:39,55.69,5569,1,卖盘
2578,13:14:42,55.7,5570,1,买盘
2579,13:14:45,55.69,11138,2,卖盘
2580,13:14:48,55.7,378706,68,买盘
2581,13:14:51,55.69,178216,32,卖盘
2582,13:14:54,55.69,44556,8,卖盘
2583,13:14:57,55.7,89117,16,买盘
2584,13:15:00,55.69,77978,14,卖盘
2585,13:15:03,55.7,517947,93,买盘
2586,13:15:06,55.69,724043,130,卖盘
2587,13:15:09,55.69,562473,101,卖盘
2588,13:15:12,55.69,651553,117,卖盘
2589,13:15:15,55.69,77962,14,买盘
2590,13:15:18,55.69,400910,72,买盘
2591,13:15:21,55.69,27845,5,买盘
2592,13:15:24,55.69,38983,7,买盘
2593,13:15:27,55.69,44552,8,买盘
2594,13:15:30,55.69,55690,10,买盘
2595,13:15:33,55.69,439894,79,买盘
2596,13:15:36,55.68,61251,11,卖盘
2597,13:15:39,55.69,83533,15,买盘
2598,13:15:42,55.69,233898,42,买盘
2599,13:15:45,55.68,1080272,194,卖盘
2600,13:15:48,55.68,283968,51,卖盘
2601,13:15:51,55.67,244960,44,卖盘
2602,13:15:54,55.67,400845,72,卖盘
2603,13:15:57,55.67,22268,4,卖盘
2604,13:16:00,55.67,27836,5,卖盘
2605,13:16:03,55.67,467638,84,卖盘
2606,13:16:06,55.67,61243,11,卖盘
2607,13:16:09,55.67,55676,10,卖盘
2608,13:16:15,55.68,27840,5,买盘
2609,13:16:18,55.67,489914,88,卖盘
2610,13:16:21,55.67,172576,31,买盘
2611,13:16:24,55.66,740283,133,卖盘
2612,13:16:27,55.67,5567,1,买盘
2613,13:16:30,55.66,562204,101,卖盘
2614,13:16:33,55.66,345093,62,卖盘
2615,13:16:36,55.66,467564,84,卖盘
2616,13:16:39,55.66,233774,42,卖盘
2617,13:16:42,55.66,38965,7,卖盘
2618,13:16:45,55.66,16698,3,卖盘
2619,13:16:48,55.66,1074238,193,卖盘
2620,13:16:51,55.66,128004,23,买盘
2621,13:16:54,55.66,434137,78,买盘
2622,13:16:57,55.66,205931,37,买盘
2623,13:17:00,55.65,1875425,337,卖盘
2624,13:17:03,55.66,573149,103,买盘
2625,13:17:06,55.63,522985,94,卖盘
2626,13:17:09,55.64,55639,10,买盘
2627,13:17:12,55.64,378339,68,买盘
2628,13:17:15,55.64,72332,13,卖盘
2629,13:17:18,55.64,216998,39,卖盘
2630,13:17:21,55.64,55640,10,买盘
2631,13:17:24,55.64,139100,25,买盘
2632,13:17:27,55.65,33385,6,买盘
2633,13:17:30,55.63,72327,13,卖盘
2634,13:17:33,55.64,133520,24,卖盘
2635,13:17:36,55.64,27820,5,买盘
2636,13:17:39,55.64,144664,26,买盘
2637,13:17:42,55.64,22256,4,买盘
2638,13:17:45,55.64,5564,1,买盘
2639,13:17:48,55.63,483995,87,卖盘
2640,13:17:51,55.64,194710,35,买盘
2641,13:17:54,55.64,38948,7,买盘
2642,13:17:57,55.64,22256,4,买盘
2643,13:18:00,55.63,199167,36,卖盘
2644,13:18:03,55.64,328223,59,买盘
2645,13:18:06,55.64,934699,168,买盘
2646,13:18:09,55.63,868943,156,卖盘
2647,13:18:12,55.63,328188,59,买盘
2648,13:18:15,55.63,105695,19,买盘
2649,13:18:18,55.62,1590735,286,卖盘
2650,13:18:21,55.61,828597,149,卖盘
2651,13:18:24,55.61,94541,17,卖盘
2652,13:18:27,55.61,150155,27,卖盘
2653,13:18:30,55.61,183513,33,卖盘
2654,13:18:33,55.61,494930,89,卖盘
2655,13:18:36,55.61,116781,21,卖盘
2656,13:18:39,55.62,83422,15,买盘
2657,13:18:42,55.62,339230,61,买盘
2658,13:18:45,55.62,100116,18,买盘
2659,13:18:48,55.62,372593,67,买盘
2660,13:18:51,55.61,205760,37,卖盘
2661,13:18:54,55.61,561761,101,卖盘
2662,13:18:57,55.62,194659,35,买盘
2663,13:19:00,55.61,50055,9,卖盘
2664,13:19:03,55.61,439342,79,卖盘
2665,13:19:06,55.61,739661,133,卖盘
2666,13:19:09,55.61,88976,16,买盘
2667,13:19:12,55.61,94534,17,买盘
2668,13:19:15,55.61,22244,4,卖盘
2669,13:19:18,55.61,305855,55,卖盘
2670,13:19:21,55.61,367035,66,卖盘
2671,13:19:24,55.62,16685,3,买盘
2672,13:19:27,55.61,83415,15,卖盘
2673,13:19:30,55.61,22244,4,卖盘
2674,13:19:33,55.61,350353,63,卖盘
2675,13:19:36,55.63,2213692,398,买盘
2676,13:19:39,55.62,77861,14,卖盘
2677,13:19:42,55.62,66742,12,卖盘
2678,13:19:45,55.62,83442,15,卖盘
2679,13:19:48,55.61,739673,133,卖盘
2680,13:19:51,55.62,44496,8,买盘
2681,13:19:54,55.62,44489,8,买盘
2682,13:19:57,55.61,88978,16,卖盘
2683,13:20:00,55.61,16684,3,卖盘
2684,13:20:03,55.61,405969,73,卖盘
2685,13:20:06,55.62,94554,17,买盘
2686,13:20:09,55.62,66739,12,买盘
2687,13:20:12,55.61,317031,57,卖盘
2688,13:20:15,55.62,61181,11,买盘
2689,13:20:18,55.61,389280,70,卖盘
2690,13:20:21,55.62,133466,24,买盘
2691,13:20:24,55.62,27809,5,买盘
2692,13:20:27,55.62,77868,14,买盘
2693,13:20:30,55.62,144612,26,买盘
2694,13:20:33,55.61,305858,55,卖盘
2695,13:20:36,55.62,111240,20,买盘
2696,13:20:39,55.61,105677,19,卖盘
2697,13:20:42,55.62,5562,1,买盘
2698,13:20:45,55.61,33370,6,卖盘
2699,13:20:48,55.62,294786,53,卖盘
2700,13:20:51,55.62,489461,88,买盘
2701,13:20:54,55.62,333715,60,卖盘
2702,13:20:57,55.62,906596,163,买盘
2703,13:21:00,55.62,1223471,220,卖盘
2704,13:21:03,55.61,116794,21,卖盘
2705,13:21:06,55.62,38933,7,买盘
2706,13:21:09,55.61,177960,32,卖盘
2707,13:21:12,55.61,1028785,185,卖盘
2708,13:21:15,55.61,166828,30,买盘
2709,13:21:18,55.6,316925,57,卖盘
2710,13:21:21,55.62,500491,90,买盘
2711,13:21:24,55.6,683904,123,卖盘
2712,13:21:27,55.61,16683,3,卖盘
2713,13:21:30,55.6,44484,8,卖盘
2714,13:21:33,55.6,383650,69,卖盘
2715,13:21:36,55.61,27805,5,中性盘
2716,13:21:39,55.61,44488,8,买盘
2717,13:21:42,55.6,38926,7,卖盘
2718,13:21:45,55.61,44485,8,买盘
2719,13:21:48,55.6,394766,71,卖盘
2720,13:21:51,55.6,50048,9,卖盘
2721,13:21:54,55.6,22242,4,卖盘
2722,13:21:57,55.6,16682,3,卖盘
2723,13:22:00,55.6,139015,25,卖盘
2724,13:22:03,55.6,328054,59,卖盘
2725,13:22:06,55.61,22244,4,中性盘
2726,13:22:09,55.61,88976,16,卖盘
2727,13:22:12,55.61,16683,3,卖盘
2728,13:22:15,55.61,33369,6,卖盘
2729,13:22:18,55.61,289172,52,卖盘
2730,13:22:21,55.61,55614,10,买盘
2731,13:22:24,55.61,189079,34,卖盘
2732,13:22:27,55.62,77860,14,买盘
2733,13:22:33,55.61,394837,71,卖盘
2734,13:22:36,55.62,72306,13,买盘
2735,13:22:39,55.61,72302,13,卖盘
2736,13:22:42,55.62,27807,5,买盘
2737,13:22:45,55.62,11124,2,买盘
2738,13:22:48,55.61,283611,51,卖盘
2739,13:22:51,55.62,50055,9,买盘
2740,13:22:54,55.61,5561,1,卖盘
2741,13:22:57,55.62,11123,2,买盘
2742,13:23:00,55.61,133464,24,卖盘
2743,13:23:03,55.61,1406941,253,卖盘
2744,13:23:06,55.61,361422,65,买盘
2745,13:23:09,55.6,161257,29,卖盘
2746,13:23:12,55.61,544978,98,买盘
2747,13:23:15,55.61,44488,8,卖盘
2748,13:23:18,55.61,934248,168,卖盘
2749,13:23:21,55.62,294735,53,买盘
2750,13:23:24,55.61,33366,6,卖盘
2751,13:23:33,55.61,1245666,224,卖盘
2752,13:23:36,55.61,378148,68,卖盘
2753,13:23:39,55.62,1106645,199,买盘
2754,13:23:42,55.6,1095372,197,卖盘
2755,13:23:45,55.6,355860,64,卖盘
2756,13:23:48,55.61,622800,112,买盘
2757,13:23:51,55.61,316925,57,买盘
2758,13:23:54,55.61,155708,28,买盘
2759,13:23:57,55.61,166821,30,卖盘
2760,13:24:00,55.61,261367,47,卖盘
2761,13:24:03,55.61,200196,36,买盘
2762,13:24:06,55.6,528200,95,卖盘
2763,13:24:09,55.61,316976,57,买盘
2764,13:24:12,55.61,239123,43,卖盘
2765,13:24:15,55.6,50048,9,卖盘
2766,13:24:18,55.61,50056,9,中性盘
2767,13:24:21,55.61,366972,66,卖盘
2768,13:24:24,55.6,55607,10,卖盘
2769,13:24:27,55.61,11122,2,买盘
2770,13:24:30,55.6,611600,110,卖盘
2771,13:24:33,55.59,3869715,696,卖盘
2772,13:24:36,55.59,605943,109,卖盘
2773,13:24:39,55.59,500225,90,买盘
2774,13:24:42,55.59,894863,161,买盘
2775,13:24:45,55.58,61148,11,卖盘
2776,13:24:48,55.59,100060,18,买盘
2777,13:24:51,55.59,305694,55,买盘
2778,13:24:54,55.58,1183905,213,卖盘
2779,13:24:57,55.58,222334,40,卖盘
2780,13:25:00,55.59,400248,72,买盘
2781,13:25:03,55.58,111170,20,卖盘
2782,13:25:06,55.59,483574,87,买盘
2783,13:25:09,55.59,16677,3,买盘
2784,13:25:12,55.58,38911,7,卖盘
2785,13:25:15,55.59,11118,2,买盘
2786,13:25:18,55.59,33351,6,买盘
2787,13:25:21,55.59,516919,93,买盘
2788,13:25:24,55.59,272391,49,买盘
2789,13:25:27,55.59,77825,14,买盘
2790,13:25:30,55.59,116739,21,买盘
2791,13:25:33,55.6,55597,10,买盘
2792,13:25:36,55.59,94503,17,卖盘
2793,13:25:39,55.58,400235,72,卖盘
2794,13:25:42,55.59,166766,30,买盘
2795,13:25:45,55.58,833750,150,卖盘
2796,13:25:48,55.58,311277,56,卖盘
2797,13:25:51,55.59,283461,51,卖盘
2798,13:25:54,55.6,33360,6,买盘
2799,13:25:57,55.6,11119,2,买盘
2800,13:26:00,55.6,77840,14,买盘
2801,13:26:03,55.6,55600,10,买盘
2802,13:26:06,55.6,422496,76,买盘
2803,13:26:09,55.6,316886,57,买盘
2804,13:26:12,55.6,66712,12,买盘
2805,13:26:15,55.59,83387,15,卖盘
2806,13:26:18,55.6,77840,14,买盘
2807,13:26:21,55.59,455853,82,卖盘
2808,13:26:24,55.6,138996,25,买盘
2809,13:26:27,55.6,133420,24,买盘
2810,13:26:30,55.6,266880,48,买盘
2811,13:26:33,55.6,66720,12,买盘
2812,13:26:36,55.6,322428,58,买盘
2813,13:26:39,55.6,155668,28,买盘
2814,13:26:45,55.59,194594,35,卖盘
2815,13:26:48,55.6,433679,78,买盘
2816,13:26:51,55.59,500397,90,卖盘
2817,13:26:54,55.62,105666,19,买盘
2818,13:26:57,55.6,33360,6,卖盘
2819,13:27:00,55.62,50058,9,买盘
2820,13:27:03,55.6,144586,26,卖盘
2821,13:27:06,55.61,300245,54,中性盘
2822,13:27:09,55.62,144579,26,买盘
2823,13:27:12,55.6,38931,7,卖盘
2824,13:27:15,55.62,61181,11,买盘
2825,13:27:18,55.61,83425,15,卖盘
2826,13:27:21,55.6,127900,23,卖盘
2827,13:27:24,55.61,27805,5,买盘
2828,13:27:27,55.61,11122,2,买盘
2829,13:27:30,55.61,94535,17,买盘
2830,13:27:33,55.6,55604,10,卖盘
2831,13:27:36,55.61,494880,89,买盘
2832,13:27:39,55.61,61171,11,买盘
2833,13:27:42,55.61,105658,19,买盘
2834,13:27:45,55.61,133458,24,买盘
2835,13:27:48,55.61,44488,8,买盘
2836,13:27:51,55.61,467048,84,买盘
2837,13:27:57,55.6,211315,38,卖盘
2838,13:28:00,55.6,1601814,288,卖盘
2839,13:28:03,55.6,440358,79,卖盘
2840,13:28:06,55.61,16683,3,买盘
2841,13:28:09,55.63,122354,22,买盘
2842,13:28:12,55.61,72294,13,卖盘
2843,13:28:15,55.62,133469,24,买盘
2844,13:28:18,55.62,94551,17,买盘
2845,13:28:21,55.63,367052,66,买盘
2846,13:28:24,55.63,228082,41,买盘
2847,13:28:27,55.63,11126,2,买盘
2848,13:28:30,55.63,111260,20,买盘
2849,13:28:33,55.65,150201,27,买盘
2850,13:28:36,55.61,127934,23,卖盘
2851,13:28:39,55.61,189107,34,卖盘
2852,13:28:42,55.62,139050,25,买盘
2853,13:28:45,55.62,278097,50,买盘
2854,13:28:48,55.62,139059,25,中性盘
2855,13:28:51,55.62,344818,62,卖盘
2856,13:28:54,55.62,11124,2,卖盘
2857,13:28:57,55.63,33378,6,买盘
2858,13:29:00,55.63,11126,2,买盘
2859,13:29:03,55.63,100134,18,买盘
2860,13:29:06,55.62,383780,69,卖盘
2861,13:29:09,55.63,44501,8,买盘
2862,13:29:12,55.63,22252,4,买盘
2863,13:29:15,55.63,38941,7,买盘
2864,13:29:18,55.63,61193,11,买盘
2865,13:29:21,55.63,300354,54,买盘
2866,13:29:24,55.64,300403,54,买盘
2867,13:29:27,55.63,66756,12,卖盘
2868,13:29:30,55.63,211394,38,卖盘
2869,13:29:33,55.63,61193,11,卖盘
2870,13:29:36,55.63,383861,69,卖盘
2871,13:29:39,55.63,311506,56,买盘
2872,13:29:45,55.63,89009,16,卖盘
2873,13:29:48,55.63,50067,9,买盘
2874,13:29:51,55.63,305919,55,买盘
2875,13:29:54,55.63,16689,3,买盘
2876,13:29:57,55.63,5563,1,卖盘
2877,13:30:00,55.64,5564,1,买盘
2878,13:30:03,55.63,61203,11,卖盘
2879,13:30:06,55.63,289278,52,卖盘
2880,13:30:09,55.64,161353,29,买盘
2881,13:30:12,55.63,144662,26,卖盘
2882,13:30:15,55.64,44512,8,买盘
2883,13:30:18,55.64,5564,1,买盘
2884,13:30:21,55.64,383869,69,买盘
2885,13:30:24,55.64,105716,19,买盘
2886,13:30:27,55.64,172484,31,卖盘
2887,13:30:30,55.64,77907,14,卖盘
2888,13:30:33,55.65,22260,4,买盘
2889,13:30:36,55.65,289333,52,买盘
2890,13:30:39,55.65,77910,14,买盘
2891,13:30:42,55.64,153589,28,卖盘
2892,13:30:45,55.65,217024,39,买盘
2893,13:30:48,55.65,50085,9,买盘
2894,13:30:51,55.65,356113,64,买盘
2895,13:30:54,55.65,105735,19,买盘
2896,13:30:57,55.65,83474,15,买盘
2897,13:31:00,55.65,155818,28,买盘
2898,13:31:03,55.65,22260,4,买盘
2899,13:31:06,55.65,339419,61,买盘
2900,13:31:09,55.65,200347,36,买盘
2901,13:31:12,55.65,111307,20,卖盘
2902,13:31:15,55.66,44526,8,买盘
2903,13:31:18,55.66,61226,11,买盘
2904,13:31:21,55.68,1035193,186,买盘
2905,13:31:24,55.68,5568,1,中性盘
2906,13:31:27,55.66,77942,14,卖盘
2907,13:31:33,55.68,55679,10,买盘
2908,13:31:36,55.68,350720,63,买盘
2909,13:31:39,55.68,239414,43,卖盘
2910,13:31:42,55.69,55685,10,买盘
2911,13:31:45,55.67,311722,56,卖盘
2912,13:31:48,55.66,111337,20,卖盘
2913,13:31:51,55.66,311705,56,卖盘
2914,13:31:54,55.67,50103,9,买盘
2915,13:31:57,55.67,33402,6,买盘
2916,13:32:00,55.67,44536,8,买盘
2917,13:32:03,55.67,38969,7,买盘
2918,13:32:06,55.68,328441,59,买盘
2919,13:32:09,55.68,38976,7,买盘
2920,13:32:12,55.68,44544,8,买盘
2921,13:32:15,55.67,33403,6,卖盘
2922,13:32:18,55.68,89088,16,买盘
2923,13:32:21,55.67,322890,58,卖盘
2924,13:32:24,55.67,139167,25,买盘
2925,13:32:27,55.67,150309,27,买盘
2926,13:32:30,55.68,27840,5,买盘
2927,13:32:33,55.68,27840,5,买盘
2928,13:32:36,55.68,256095,46,卖盘
2929,13:32:39,55.69,11138,2,买盘
2930,13:32:42,55.69,289593,52,买盘
2931,13:32:45,55.7,22278,4,买盘
2932,13:32:48,55.7,128099,23,买盘
2933,13:32:51,55.7,345272,62,买盘
2934,13:32:54,55.7,61270,11,买盘
2935,13:32:57,55.69,27847,5,卖盘
2936,13:33:00,55.7,27849,5,买盘
2937,13:33:03,55.7,72409,13,买盘
2938,13:33:06,55.69,345278,62,卖盘
2939,13:33:09,55.69,55689,10,买盘
2940,13:33:12,55.69,72395,13,买盘
2941,13:33:15,55.69,300724,54,买盘
2942,13:33:18,55.69,44555,8,卖盘
2943,13:33:21,55.68,261735,47,卖盘
2944,13:33:24,55.69,61256,11,买盘
2945,13:33:27,55.69,105809,19,买盘
2946,13:33:30,55.69,89105,16,买盘
2947,13:33:33,55.69,211638,38,卖盘
2948,13:33:36,55.69,105810,19,卖盘
2949,13:33:39,55.68,824128,148,卖盘
2950,13:33:42,55.68,33410,6,卖盘
2951,13:33:45,55.68,44544,8,买盘
2952,13:33:48,55.68,50112,9,买盘
2953,13:33:51,55.68,244950,44,买盘
2954,13:33:54,55.68,150335,27,买盘
2955,13:33:57,55.68,27840,5,买盘
2956,13:34:00,55.69,16707,3,买盘
2957,13:34:03,55.68,44544,8,卖盘
2958,13:34:06,55.68,116928,21,卖盘
2959,13:34:09,55.67,44539,8,卖盘
2960,13:34:12,55.68,50112,9,买盘
2961,13:34:15,55.67,66810,12,卖盘
2962,13:34:18,55.68,11136,2,买盘
2963,13:34:21,55.67,217113,39,卖盘
2964,13:34:24,55.67,111335,20,买盘
2965,13:34:27,55.66,155862,28,卖盘
2966,13:34:33,55.66,16698,3,卖盘
2967,13:34:36,55.67,244905,44,买盘
2968,13:34:39,55.66,228241,41,卖盘
2969,13:34:42,55.67,189248,34,买盘
2970,13:34:45,55.66,66800,12,中性盘
2971,13:34:48,55.66,16698,3,买盘
2972,13:34:51,55.65,534242,96,卖盘
2973,13:34:54,55.65,38960,7,卖盘
2974,13:35:00,55.65,33393,6,卖盘
2975,13:35:06,55.65,272688,49,卖盘
2976,13:35:09,55.66,22263,4,买盘
2977,13:35:15,55.66,16700,3,卖盘
2978,13:35:18,55.67,100206,18,买盘
2979,13:35:21,55.66,94622,17,卖盘
2980,13:35:24,55.66,77924,14,买盘
2981,13:35:27,55.66,144716,26,买盘
2982,13:35:30,55.66,144741,26,卖盘
2983,13:35:33,55.67,38969,7,买盘
2984,13:35:36,55.66,228209,41,卖盘
2985,13:35:39,55.67,27835,5,买盘
2986,13:35:42,55.67,33403,6,卖盘
2987,13:35:45,55.67,89078,16,卖盘
2988,13:35:48,55.68,27838,5,买盘
2989,13:35:51,55.67,89070,16,卖盘
2990,13:35:54,55.67,22268,4,买盘
2991,13:36:00,55.67,72371,13,买盘
2992,13:36:03,55.66,11132,2,卖盘
2993,13:36:06,55.66,200376,36,卖盘
2994,13:36:09,55.67,183685,33,买盘
2995,13:36:12,55.67,55670,10,买盘
2996,13:36:15,55.66,50095,9,卖盘
2997,13:36:18,55.67,33402,6,买盘
2998,13:36:21,55.66,233778,42,卖盘
2999,13:36:24,55.66,105745,19,买盘
3000,13:36:27,55.65,61221,11,卖盘
3001,13:36:30,55.66,806938,145,买盘
3002,13:36:33,55.64,139111,25,卖盘
3003,13:36:36,55.64,345008,62,卖盘
3004,13:36:39,55.64,155771,28,买盘
3005,13:36:42,55.64,83460,15,买盘
3006,13:36:45,55.64,66765,12,买盘
3007,13:36:48,55.65,144670,26,买盘
3008,13:36:51,55.65,244787,44,买盘
3009,13:36:54,55.65,72332,13,买盘
3010,13:37:00,55.64,94588,17,卖盘
3011,13:37:03,55.65,33390,6,买盘
3012,13:37:06,55.63,305974,55,卖盘
3013,13:37:09,55.63,133547,24,卖盘
3014,13:37:12,55.65,22260,4,买盘
3015,13:37:15,55.65,38953,7,买盘
3016,13:37:21,55.63,233656,42,卖盘
3017,13:37:24,55.65,83455,15,买盘
3018,13:37:27,55.63,50067,9,卖盘
3019,13:37:30,55.63,94581,17,卖盘
3020,13:37:33,55.63,44504,8,卖盘
3021,13:37:36,55.63,77892,14,中性盘
3022,13:37:39,55.63,300402,54,买盘
3023,13:37:42,55.64,138747,25,买盘
3024,13:37:45,55.64,44511,8,买盘
3025,13:37:48,55.65,89024,16,买盘
3026,13:37:54,55.65,11130,2,买盘
3027,13:37:57,55.65,140238,25,买盘
3028,13:38:00,55.67,55667,10,买盘
3029,13:38:03,55.7,712646,128,买盘
3030,13:38:06,55.68,590201,106,卖盘
3031,13:38:09,55.71,66842,12,买盘
3032,13:38:12,55.71,116961,21,买盘
3033,13:38:15,55.7,38992,7,中性盘
3034,13:38:18,55.69,111391,20,卖盘
3035,13:38:21,55.7,211654,38,中性盘
3036,13:38:24,55.69,83536,15,卖盘
3037,13:38:27,55.69,261728,47,买盘
3038,13:38:30,55.68,44543,8,卖盘
3039,13:38:33,55.68,55676,10,卖盘
3040,13:38:36,55.68,44540,8,中性盘
3041,13:38:39,55.68,5568,1,卖盘
3042,13:38:42,55.69,66828,12,买盘
3043,13:38:45,55.69,77966,14,买盘
3044,13:38:48,55.7,83538,15,买盘
3045,13:38:51,55.7,228368,41,买盘
3046,13:38:54,55.7,22279,4,买盘
3047,13:38:57,55.7,105830,19,买盘
3048,13:39:00,55.7,289703,52,买盘
3049,13:39:03,55.71,55706,10,中性盘
3050,13:39:06,55.71,50138,9,卖盘
3051,13:39:09,55.71,33425,6,卖盘
3052,13:39:12,55.7,774233,139,卖盘
3053,13:39:15,55.69,261762,47,卖盘
3054,13:39:18,55.68,206036,37,卖盘
3055,13:39:21,55.7,83531,15,买盘
3056,13:39:24,55.69,233872,42,买盘
3057,13:39:27,55.68,16705,3,卖盘
3058,13:39:30,55.68,94656,17,卖盘
3059,13:39:33,55.68,50120,9,卖盘
3060,13:39:36,55.68,189325,34,卖盘
3061,13:39:39,55.68,27840,5,买盘
3062,13:39:42,55.68,61247,11,买盘
3063,13:39:45,55.68,38976,7,买盘
3064,13:39:48,55.67,189283,34,卖盘
3065,13:39:51,55.67,155887,28,卖盘
3066,13:39:54,55.68,33403,6,买盘
3067,13:39:57,55.67,83518,15,卖盘
3068,13:40:00,55.68,256123,46,买盘
3069,13:40:03,55.68,55680,10,买盘
3070,13:40:06,55.68,61245,11,买盘
3071,13:40:09,55.68,11136,2,买盘
3072,13:40:12,55.68,100214,18,买盘
3073,13:40:15,55.68,27840,5,买盘
3074,13:40:18,55.67,38973,7,卖盘
3075,13:40:21,55.67,61243,11,卖盘
3076,13:40:24,55.67,33407,6,卖盘
3077,13:40:27,55.68,16704,3,买盘
3078,13:40:30,55.68,178176,32,买盘
3079,13:40:39,55.68,105799,19,卖盘
3080,13:40:42,55.69,27845,5,买盘
3081,13:40:45,55.69,38981,7,买盘
3082,13:40:48,55.69,116949,21,买盘
3083,13:40:51,55.69,100242,18,买盘
3084,13:40:54,55.7,194921,35,买盘
3085,13:40:57,55.71,94714,17,买盘
3086,13:41:00,55.73,100278,18,中性盘
3087,13:41:03,55.71,38992,7,中性盘
3088,13:41:06,55.7,27852,5,卖盘
3089,13:41:09,55.71,116991,21,买盘
3090,13:41:12,55.71,33430,6,卖盘
3091,13:41:15,55.73,122597,22,买盘
3092,13:41:18,55.72,89158,16,卖盘
3093,13:41:21,55.73,78028,14,买盘
3094,13:41:24,55.72,16716,3,卖盘
3095,13:41:27,55.73,39007,7,买盘
3096,13:41:30,55.72,61299,11,卖盘
3097,13:41:33,55.73,351040,63,买盘
3098,13:41:36,55.74,33436,6,买盘
3099,13:41:39,55.73,5573,1,中性盘
3100,13:41:42,55.74,16722,3,买盘
3101,13:41:45,55.72,117039,21,卖盘
3102,13:41:48,55.73,44584,8,中性盘
3103,13:41:54,55.73,72448,13,买盘
3104,13:41:57,55.73,22292,4,买盘
3105,13:42:00,55.73,33438,6,买盘
3106,13:42:03,55.72,55724,10,卖盘
3107,13:42:06,55.73,200628,36,买盘
3108,13:42:09,55.73,11146,2,买盘
3109,13:42:12,55.75,289810,52,买盘
3110,13:42:15,55.75,22299,4,买盘
3111,13:42:18,55.74,55742,10,卖盘
3112,13:42:21,55.75,16725,3,买盘
3113,13:42:24,55.74,312199,56,卖盘
3114,13:42:27,55.75,39025,7,买盘
3115,13:42:30,55.75,55750,10,买盘
3116,13:42:33,55.75,16725,3,买盘
3117,13:42:36,55.75,61325,11,买盘
3118,13:42:39,55.75,167254,30,买盘
3119,13:42:42,55.76,39029,7,买盘
3120,13:42:45,55.76,44607,8,买盘
3121,13:42:48,55.76,156126,28,买盘
3122,13:42:51,55.77,27882,5,买盘
3123,13:42:54,55.77,66924,12,买盘
3124,13:42:57,55.78,156164,28,买盘
3125,13:43:00,55.77,105961,19,卖盘
3126,13:43:03,55.77,44616,8,中性盘
3127,13:43:06,55.78,89245,16,买盘
3128,13:43:09,55.78,83670,15,买盘
