,成交时间,成交价格,成交金额,成交量,性质
0,09:25:00,57.1,7998568,1401,卖盘
1,09:30:00,57.04,2131159,373,卖盘
2,09:30:03,57.04,3176937,557,卖盘
3,09:30:06,57.04,2098546,368,卖盘
4,09:30:09,57.01,1071649,188,中性盘
5,09:30:12,56.91,199363,35,卖盘
6,09:30:15,56.9,574737,101,卖盘
7,09:30:18,56.88,278738,49,卖盘
8,09:30:21,56.91,96724,17,买盘
9,09:30:24,56.88,489429,86,卖盘
10,09:30:27,56.9,164972,29,买盘
11,09:30:30,56.94,113830,20,买盘
12,09:30:33,56.92,85408,15,中性盘
13,09:30:36,57.0,1777714,312,买盘
14,09:30:39,57.02,114028,20,买盘
15,09:30:42,57.04,182525,32,买盘
16,09:30:45,57.04,182523,32,卖盘
17,09:30:48,57.02,62722,11,卖盘
18,09:30:51,57.02,285122,50,买盘
19,09:30:54,57.02,285021,50,买盘
20,09:30:57,57.02,729788,128,买盘
21,09:31:00,57.02,165331,29,买盘
22,09:31:03,56.99,467432,82,卖盘
23,09:31:06,57.08,2953846,518,买盘
24,09:31:09,57.08,205500,36,买盘
25,09:31:12,57.07,308077,54,买盘
26,09:31:15,57.05,108350,19,卖盘
27,09:31:18,57.07,376675,66,买盘
28,09:31:21,57.06,62771,11,中性盘
29,09:31:24,57.01,302217,53,卖盘
30,09:31:27,57.06,2690904,472,买盘
31,09:31:30,57.05,85555,15,中性盘
32,09:31:33,57.06,148311,26,买盘
33,09:31:36,57.05,131201,23,中性盘
34,09:31:39,57.03,131197,23,中性盘
35,09:31:42,57.03,125490,22,卖盘
36,09:31:45,57.03,62735,11,卖盘
37,09:31:48,57.01,57026,10,卖盘
38,09:31:51,57.03,79830,14,买盘
39,09:31:54,57.02,17104,3,中性盘
40,09:31:57,57.01,724114,127,卖盘
41,09:32:00,57.03,199567,35,买盘
42,09:32:03,57.02,85527,15,中性盘
43,09:32:06,57.01,387669,68,卖盘
44,09:32:09,57.01,91216,16,买盘
45,09:32:12,57.0,228007,40,卖盘
46,09:32:15,57.01,131113,23,买盘
47,09:32:18,57.0,222310,39,卖盘
48,09:32:21,56.99,188089,33,卖盘
49,09:32:24,57.0,28496,5,买盘
50,09:32:27,57.01,142505,25,买盘
51,09:32:30,56.99,233708,41,卖盘
52,09:32:33,57.0,2932876,515,中性盘
53,09:32:36,56.99,199508,35,卖盘
54,09:32:39,57.0,28503,5,中性盘
55,09:32:42,57.02,68408,12,中性盘
56,09:32:45,57.02,91244,16,卖盘
57,09:32:48,57.04,167656,29,买盘
58,09:32:51,57.05,199663,35,买盘
59,09:32:54,57.0,220041,39,卖盘
60,09:32:57,57.01,524798,92,买盘
61,09:33:00,57.0,28506,5,卖盘
62,09:33:03,57.0,153913,27,卖盘
63,09:33:06,57.01,102648,18,中性盘
64,09:33:09,57.04,598830,105,买盘
65,09:33:12,57.01,39916,7,卖盘
66,09:33:15,57.01,136824,24,卖盘
67,09:33:18,57.03,165383,29,买盘
68,09:33:21,57.01,131135,23,卖盘
69,09:33:24,57.01,91225,16,卖盘
70,09:33:27,57.03,741301,130,买盘
71,09:33:30,57.04,233823,41,买盘
72,09:33:33,57.03,114073,20,卖盘
73,09:33:36,57.04,96956,17,买盘
74,09:33:39,57.04,45628,8,买盘
75,09:33:42,57.05,96970,17,买盘
76,09:33:45,57.04,79858,14,卖盘
77,09:33:48,57.04,159724,28,卖盘
78,09:33:51,57.04,28521,5,买盘
79,09:33:54,57.04,114078,20,买盘
80,09:33:57,57.04,131194,23,买盘
81,09:34:00,57.04,62744,11,卖盘
82,09:34:03,57.04,211068,37,卖盘
83,09:34:06,57.03,114068,20,卖盘
84,09:34:09,57.04,102664,18,卖盘
85,09:34:12,57.02,102647,18,卖盘
86,09:34:15,57.02,256634,45,卖盘
87,09:34:18,57.02,57020,10,卖盘
88,09:34:21,57.03,34216,6,买盘
89,09:34:24,57.02,250888,44,卖盘
90,09:34:27,57.03,307878,54,买盘
91,09:34:30,57.01,39975,7,卖盘
92,09:34:33,57.02,68424,12,买盘
93,09:34:36,57.01,182434,32,卖盘
94,09:34:39,57.01,165338,29,卖盘
95,09:34:45,57.02,153949,27,买盘
96,09:34:48,57.01,421880,74,卖盘
97,09:34:51,57.01,188125,33,买盘
98,09:34:54,57.0,34200,6,卖盘
99,09:34:57,57.0,5700,1,卖盘
100,09:35:00,57.0,421817,74,卖盘
101,09:35:03,57.0,102604,18,卖盘
102,09:35:06,57.0,279303,49,卖盘
103,09:35:09,56.99,991833,174,卖盘
104,09:35:12,56.99,79789,14,卖盘
105,09:35:15,56.99,199465,35,卖盘
106,09:35:18,56.98,153859,27,卖盘
107,09:35:21,56.98,153856,27,卖盘
108,09:35:24,56.98,51282,9,卖盘
109,09:35:27,57.0,102584,18,买盘
110,09:35:30,56.98,74077,13,卖盘
111,09:35:33,56.98,62678,11,买盘
112,09:35:36,57.02,1337177,235,买盘
113,09:35:39,57.02,68423,12,买盘
114,09:35:42,57.02,228012,40,买盘
115,09:35:45,57.01,22804,4,卖盘
116,09:35:48,57.01,45607,8,买盘
117,09:35:51,57.01,17103,3,买盘
118,09:35:54,57.0,22800,4,卖盘
119,09:35:57,57.01,39901,7,买盘
120,09:36:00,57.01,712623,125,买盘
121,09:36:03,57.03,1098263,193,买盘
122,09:36:06,57.05,211058,37,买盘
123,09:36:09,57.05,462094,81,买盘
124,09:36:12,57.06,156318,27,买盘
125,09:36:15,57.05,473575,83,卖盘
126,09:36:18,57.07,365185,64,买盘
127,09:36:21,57.07,39949,7,卖盘
128,09:36:24,57.07,17121,3,卖盘
129,09:36:27,57.07,102732,18,卖盘
130,09:36:30,57.07,216866,38,卖盘
131,09:36:33,57.06,188337,33,卖盘
132,09:36:36,57.08,273958,48,买盘
133,09:36:39,57.09,79913,14,买盘
134,09:36:42,57.08,91335,16,卖盘
135,09:36:45,57.08,736341,129,卖盘
136,09:36:48,57.09,251187,44,买盘
137,09:36:51,57.08,359620,63,卖盘
138,09:36:54,57.09,234066,41,买盘
139,09:36:57,57.09,159828,28,中性盘
140,09:37:00,57.09,34254,6,买盘
141,09:37:03,57.09,5709,1,买盘
142,09:37:06,57.09,17126,3,买盘
143,09:37:09,57.09,165540,29,买盘
144,09:37:12,57.07,154089,27,卖盘
145,09:37:15,57.08,793295,139,买盘
146,09:37:18,57.07,148379,26,中性盘
147,09:37:21,57.08,102728,18,买盘
148,09:37:24,57.08,108438,19,买盘
149,09:37:27,57.07,62777,11,卖盘
150,09:37:30,57.07,51369,9,卖盘
151,09:37:33,57.07,22828,4,卖盘
152,09:37:36,57.07,176922,31,卖盘
153,09:37:39,57.07,91321,16,卖盘
154,09:37:42,57.06,216859,38,卖盘
155,09:37:45,57.05,79878,14,卖盘
156,09:37:48,57.05,154072,27,卖盘
157,09:37:51,57.05,45646,8,卖盘
158,09:37:54,57.05,154038,27,卖盘
159,09:37:57,57.05,142632,25,卖盘
160,09:38:00,57.05,119805,21,卖盘
161,09:38:03,57.07,351458,62,买盘
162,09:38:06,57.06,142629,25,中性盘
163,09:38:09,57.05,182564,32,卖盘
164,09:38:12,57.07,373229,65,买盘
165,09:38:15,57.09,485179,85,买盘
166,09:38:18,57.08,239767,42,卖盘
167,09:38:21,57.08,79925,14,卖盘
168,09:38:24,57.09,544644,95,买盘
169,09:38:27,57.09,884966,155,卖盘
170,09:38:30,57.1,79927,14,买盘
171,09:38:33,57.1,165579,29,买盘
172,09:38:36,57.09,245480,43,中性盘
173,09:38:39,57.1,645189,113,买盘
174,09:38:42,57.12,479725,84,买盘
175,09:38:45,57.12,108521,19,买盘
176,09:38:48,57.12,119945,21,买盘
177,09:38:51,57.12,79969,14,卖盘
178,09:38:54,57.13,131387,23,买盘
179,09:38:57,57.13,91402,16,买盘
180,09:39:00,57.13,108537,19,买盘
181,09:39:03,57.13,177101,31,买盘
182,09:39:06,57.13,26278,5,买盘
183,09:39:09,57.13,990821,173,卖盘
184,09:39:12,57.15,17145,3,买盘
185,09:39:15,57.16,628648,110,买盘
186,09:39:18,57.14,131435,23,卖盘
187,09:39:21,57.14,45711,8,买盘
188,09:39:24,57.14,34286,6,卖盘
189,09:39:27,57.16,74293,13,买盘
190,09:39:30,57.14,108594,19,卖盘
191,09:39:33,57.15,28577,5,卖盘
192,09:39:36,57.15,22860,4,卖盘
193,09:39:39,57.16,520130,91,买盘
194,09:39:42,57.15,428660,75,卖盘
195,09:39:45,57.15,165732,29,买盘
196,09:39:48,57.15,274319,48,买盘
197,09:39:51,57.17,257265,45,买盘
198,09:39:54,57.17,102899,18,卖盘
199,09:39:57,57.17,85735,15,买盘
200,09:40:00,57.17,148645,26,买盘
201,09:40:03,57.17,280111,49,卖盘
202,09:40:06,57.15,154327,27,卖盘
203,09:40:09,57.16,560060,98,中性盘
204,09:40:12,57.17,400061,70,买盘
205,09:40:15,57.16,228602,40,中性盘
206,09:40:18,57.15,502913,88,卖盘
207,09:40:21,57.15,177149,31,买盘
208,09:40:24,57.13,234263,41,卖盘
209,09:40:27,57.15,177105,31,买盘
210,09:40:30,57.12,22852,4,卖盘
211,09:40:33,57.11,97101,17,卖盘
212,09:40:36,57.1,125620,22,卖盘
213,09:40:39,57.09,439678,77,卖盘
214,09:40:42,57.11,28553,5,买盘
215,09:40:48,57.1,17130,3,中性盘
216,09:40:51,57.09,142743,25,卖盘
217,09:40:54,57.1,211248,37,买盘
218,09:40:57,57.1,228349,40,买盘
219,09:41:00,57.1,559513,98,卖盘
220,09:41:03,57.11,45687,8,买盘
221,09:41:06,57.11,34266,6,卖盘
222,09:41:09,57.11,85670,15,卖盘
223,09:41:12,57.11,28551,5,中性盘
224,09:41:15,57.1,171303,30,卖盘
225,09:41:18,57.09,62810,11,卖盘
226,09:41:21,57.1,787998,138,买盘
227,09:41:24,57.1,211270,37,买盘
228,09:41:27,57.09,279748,49,卖盘
229,09:41:30,57.07,125579,22,卖盘
230,09:41:33,57.1,399635,70,买盘
231,09:41:36,57.07,119874,21,中性盘
232,09:41:39,57.07,119829,21,卖盘
233,09:41:42,57.07,273960,48,卖盘
234,09:41:45,57.07,11414,2,卖盘
235,09:41:48,57.08,85611,15,买盘
236,09:41:51,57.09,445228,78,买盘
237,09:41:54,57.11,188436,33,买盘
238,09:41:57,57.09,519582,91,卖盘
239,09:42:00,57.1,5710,1,中性盘
240,09:42:03,57.1,11420,2,卖盘
241,09:42:06,57.12,199908,35,买盘
242,09:42:09,57.1,97084,17,中性盘
243,09:42:12,57.12,11422,2,买盘
244,09:42:15,57.1,68529,12,卖盘
245,09:42:18,57.1,11420,2,买盘
246,09:42:21,57.1,79931,14,买盘
247,09:42:24,57.11,34261,6,买盘
248,09:42:27,57.11,79938,14,买盘
249,09:42:30,57.12,97090,17,买盘
250,09:42:33,57.12,262723,46,买盘
251,09:42:36,57.11,33129,6,卖盘
252,09:42:39,57.11,57121,10,卖盘
253,09:42:42,57.12,554062,97,买盘
254,09:42:45,57.14,182817,32,买盘
255,09:42:48,57.14,91393,16,买盘
256,09:42:51,57.14,97108,17,买盘
257,09:42:54,57.14,108558,19,买盘
258,09:42:57,57.14,291442,51,买盘
259,09:43:00,57.15,120006,21,买盘
260,09:43:03,57.15,108563,19,买盘
261,09:43:06,57.15,34290,6,买盘
262,09:43:09,57.15,125729,22,买盘
263,09:43:12,57.15,28574,5,买盘
264,09:43:15,57.15,34287,6,买盘
265,09:43:18,57.15,142864,25,买盘
266,09:43:21,57.14,22856,4,卖盘
267,09:43:24,57.14,28570,5,买盘
268,09:43:27,57.15,234293,41,买盘
269,09:43:30,57.13,34283,6,卖盘
270,09:43:33,57.15,34290,6,买盘
271,09:43:36,57.14,68566,12,卖盘
272,09:43:39,57.14,62859,11,卖盘
273,09:43:42,57.15,22858,4,买盘
274,09:43:45,57.14,51428,9,卖盘
275,09:43:48,57.13,79993,14,卖盘
276,09:43:51,57.14,74276,13,买盘
277,09:43:54,57.13,17139,3,卖盘
278,09:43:57,57.14,202273,35,买盘
279,09:44:00,57.15,245731,43,买盘
280,09:44:03,57.13,411352,72,卖盘
281,09:44:06,57.13,148537,26,买盘
282,09:44:09,57.12,108537,19,卖盘
283,09:44:12,57.13,154266,27,买盘
284,09:44:15,57.13,51417,9,卖盘
285,09:44:18,57.13,74279,13,卖盘
286,09:44:21,57.13,394201,69,卖盘
287,09:44:24,57.12,171365,30,卖盘
288,09:44:27,57.12,651276,114,卖盘
289,09:44:30,57.13,74267,13,买盘
290,09:44:33,57.14,125694,22,买盘
291,09:44:36,57.14,108550,19,买盘
292,09:44:39,57.13,119962,21,买盘
293,09:44:42,57.12,51416,9,卖盘
294,09:44:45,57.13,1680263,294,买盘
295,09:44:48,57.14,62864,11,中性盘
296,09:44:51,57.14,148567,26,卖盘
297,09:44:54,57.14,68566,12,中性盘
298,09:44:57,57.13,102839,18,卖盘
299,09:45:00,57.13,102818,18,买盘
300,09:45:03,57.12,97105,17,卖盘
301,09:45:06,57.12,319872,56,卖盘
302,09:45:09,57.11,474155,83,卖盘
303,09:45:12,57.12,62823,11,中性盘
304,09:45:15,57.12,91392,16,买盘
305,09:45:18,57.13,171376,30,买盘
306,09:45:21,57.11,68539,12,卖盘
307,09:45:24,57.11,68547,12,卖盘
308,09:45:27,57.13,39991,7,买盘
309,09:45:30,57.13,45701,8,中性盘
310,09:45:33,57.14,131407,23,买盘
311,09:45:36,57.14,91425,16,买盘
312,09:45:39,57.16,102875,18,买盘
313,09:45:42,57.16,102864,18,买盘
314,09:45:45,57.17,874640,153,买盘
315,09:45:48,57.15,388654,68,卖盘
316,09:45:51,57.17,74331,13,中性盘
317,09:45:54,57.18,570715,100,买盘
318,09:45:57,57.18,251605,44,卖盘
319,09:46:00,57.19,17157,3,买盘
320,09:46:03,57.17,165820,29,卖盘
321,09:46:06,57.17,142943,25,卖盘
322,09:46:09,57.17,474590,83,卖盘
323,09:46:12,57.18,211581,37,中性盘
324,09:46:15,57.19,257365,45,买盘
325,09:46:18,57.2,497639,87,买盘
326,09:46:21,57.2,772200,135,买盘
327,09:46:24,57.2,2337482,409,买盘
328,09:46:27,57.19,17159,3,卖盘
329,09:46:30,57.19,11438,2,卖盘
330,09:46:33,57.2,11440,2,买盘
331,09:46:36,57.19,28595,5,卖盘
332,09:46:39,57.2,211627,37,买盘
333,09:46:42,57.2,995280,174,买盘
334,09:46:45,57.2,108679,19,买盘
335,09:46:48,57.2,80080,14,买盘
336,09:46:51,57.2,188758,33,买盘
337,09:46:54,57.19,68635,12,卖盘
338,09:46:57,57.19,171588,30,卖盘
339,09:47:00,57.21,51485,9,买盘
340,09:47:03,57.2,102960,18,卖盘
341,09:47:06,57.2,410809,72,卖盘
342,09:47:09,57.23,560650,98,买盘
343,09:47:12,57.21,97258,17,卖盘
344,09:47:15,57.22,28607,5,买盘
345,09:47:18,57.22,97274,17,买盘
346,09:47:21,57.22,160194,28,买盘
347,09:47:24,57.22,68658,12,买盘
348,09:47:27,57.2,97256,17,卖盘
349,09:47:30,57.21,62925,11,中性盘
350,09:47:33,57.2,57200,10,卖盘
351,09:47:36,57.2,45760,8,卖盘
352,09:47:39,57.2,57204,10,卖盘
353,09:47:42,57.2,91523,16,卖盘
354,09:47:45,57.21,240247,42,买盘
355,09:47:48,57.2,57203,10,卖盘
356,09:47:51,57.2,143002,25,卖盘
357,09:47:54,57.2,12584,2,卖盘
358,09:47:57,57.2,143000,25,买盘
359,09:48:00,57.19,57190,10,卖盘
360,09:48:03,57.19,85793,15,卖盘
361,09:48:09,57.16,223034,39,卖盘
362,09:48:12,57.16,114334,20,卖盘
363,09:48:15,57.14,440118,77,卖盘
364,09:48:18,57.13,91430,16,卖盘
365,09:48:21,57.14,97152,17,买盘
366,09:48:24,57.13,74275,13,卖盘
367,09:48:27,57.16,177137,31,中性盘
368,09:48:30,57.18,68598,12,买盘
369,09:48:33,57.18,194294,34,买盘
370,09:48:36,57.18,80048,14,买盘
371,09:48:39,57.14,69722,12,卖盘
372,09:48:42,57.18,11432,2,买盘
373,09:48:45,57.17,5717,1,卖盘
374,09:48:48,57.17,17151,3,卖盘
375,09:48:51,57.17,11434,2,买盘
376,09:48:54,57.18,137221,24,买盘
377,09:48:57,57.16,68592,12,卖盘
378,09:49:00,57.17,257250,45,买盘
379,09:49:03,57.15,74309,13,卖盘
380,09:49:06,57.14,68580,12,卖盘
381,09:49:09,57.15,5715,1,卖盘
382,09:49:12,57.15,17145,3,买盘
383,09:49:15,57.15,28575,5,卖盘
384,09:49:21,57.15,100581,18,买盘
385,09:49:24,57.15,142868,25,买盘
386,09:49:27,57.17,97173,17,买盘
387,09:49:30,57.14,234333,41,卖盘
388,09:49:33,57.16,53730,9,中性盘
389,09:49:36,57.15,240065,42,卖盘
390,09:49:39,57.16,5716,1,中性盘
391,09:49:42,57.16,11433,2,中性盘
392,09:49:45,57.15,91443,16,卖盘
393,09:49:51,57.15,74305,13,卖盘
394,09:49:54,57.17,51452,9,买盘
395,09:49:57,57.17,125756,22,买盘
396,09:50:03,57.16,80017,14,买盘
397,09:50:06,57.15,560070,98,卖盘
398,09:50:09,57.15,786384,138,卖盘
399,09:50:12,57.15,468630,82,买盘
400,09:50:15,57.16,408067,71,买盘
401,09:50:18,57.15,1284500,225,卖盘
402,09:50:21,57.17,137187,24,买盘
403,09:50:24,57.15,131484,23,卖盘
404,09:50:27,57.16,142900,25,买盘
405,09:50:30,57.16,571599,100,买盘
406,09:50:33,57.16,125752,22,买盘
407,09:50:36,57.17,228646,40,买盘
408,09:50:39,57.16,462997,81,卖盘
409,09:50:45,57.16,62871,11,买盘
410,09:50:48,57.15,371533,65,卖盘
411,09:50:51,57.16,57160,10,买盘
412,09:50:54,57.14,68577,12,卖盘
413,09:51:00,57.14,182851,32,卖盘
414,09:51:03,57.14,57148,10,卖盘
415,09:51:06,57.14,57146,10,卖盘
416,09:51:09,57.15,51434,9,买盘
417,09:51:12,57.15,268594,47,买盘
418,09:51:15,57.15,1003701,176,买盘
419,09:51:18,57.17,97185,17,买盘
420,09:51:21,57.16,22867,4,卖盘
421,09:51:24,57.17,5717,1,买盘
422,09:51:30,57.17,5717,1,买盘
423,09:51:33,57.16,62876,11,卖盘
424,09:51:36,57.18,657465,115,买盘
425,09:51:39,57.16,434508,76,卖盘
426,09:51:42,57.18,405978,71,买盘
427,09:51:45,57.18,131526,23,卖盘
428,09:51:48,57.18,28590,5,卖盘
429,09:51:51,57.19,772053,135,买盘
430,09:51:54,57.2,73208,13,买盘
431,09:51:57,57.2,28600,5,买盘
432,09:52:00,57.2,11440,2,买盘
433,09:52:03,57.2,343181,60,买盘
434,09:52:06,57.22,1177282,206,买盘
435,09:52:09,57.22,143025,25,买盘
436,09:52:12,57.22,337634,59,买盘
437,09:52:15,57.23,28615,5,买盘
438,09:52:18,57.22,68666,12,卖盘
439,09:52:21,57.23,211749,37,买盘
440,09:52:24,57.24,11445,2,买盘
441,09:52:27,57.22,131634,23,卖盘
442,09:52:30,57.23,80107,14,中性盘
443,09:52:33,57.23,303354,53,卖盘
444,09:52:36,57.22,85836,15,卖盘
445,09:52:39,57.21,62939,11,卖盘
446,09:52:42,57.22,62937,11,买盘
447,09:52:45,57.22,251775,44,买盘
448,09:52:48,57.22,74389,13,卖盘
449,09:52:51,57.22,194548,34,卖盘
450,09:52:54,57.21,412042,72,卖盘
451,09:52:57,57.23,286150,50,买盘
452,09:53:00,57.23,91558,16,买盘
453,09:53:03,57.23,354821,62,买盘
454,09:53:06,57.22,11445,2,中性盘
455,09:53:09,57.21,171670,30,卖盘
456,09:53:12,57.22,125876,22,买盘
457,09:53:15,57.21,114428,20,卖盘
458,09:53:18,57.23,148777,26,买盘
459,09:53:21,57.22,34331,6,中性盘
460,09:53:24,57.23,5723,1,买盘
461,09:53:27,57.23,74396,13,买盘
462,09:53:30,57.23,45780,8,买盘
463,09:53:33,57.23,28615,5,买盘
464,09:53:36,57.22,45776,8,卖盘
465,09:53:39,57.22,28612,5,卖盘
466,09:53:42,57.22,5722,1,卖盘
467,09:53:45,57.23,120173,21,买盘
468,09:53:48,57.22,22891,4,中性盘
469,09:53:51,57.22,57228,10,卖盘
470,09:53:54,57.23,223170,39,买盘
471,09:53:57,57.22,5722,1,卖盘
472,09:54:00,57.23,45781,8,买盘
473,09:54:03,57.23,5723,1,买盘
474,09:54:06,57.22,143054,25,卖盘
475,09:54:09,57.21,57219,10,卖盘
476,09:54:12,57.22,11444,2,买盘
477,09:54:15,57.21,28607,5,卖盘
478,09:54:18,57.22,40052,7,买盘
479,09:54:21,57.22,188803,33,买盘
480,09:54:24,57.21,45771,8,卖盘
481,09:54:27,57.21,17163,3,卖盘
482,09:54:30,57.21,137305,24,卖盘
483,09:54:33,57.21,11442,2,买盘
484,09:54:36,57.2,114407,20,卖盘
485,09:54:39,57.2,34320,6,卖盘
486,09:54:42,57.21,51484,9,买盘
487,09:54:45,57.21,223101,39,买盘
488,09:54:48,57.2,137281,24,卖盘
489,09:54:51,57.21,360407,63,买盘
490,09:54:54,57.21,194543,34,卖盘
491,09:54:57,57.21,34327,6,卖盘
492,09:55:00,57.21,709409,124,卖盘
493,09:55:03,57.21,177366,31,卖盘
494,09:55:06,57.21,194518,34,卖盘
495,09:55:09,57.21,114420,20,卖盘
496,09:55:12,57.21,91533,16,买盘
497,09:55:15,57.2,22883,4,卖盘
498,09:55:18,57.21,177326,31,买盘
499,09:55:21,57.2,131577,23,卖盘
500,09:55:24,57.21,297446,52,买盘
501,09:55:27,57.2,177344,31,卖盘
502,09:55:30,57.2,108680,19,卖盘
503,09:55:33,57.2,978120,171,卖盘
504,09:55:36,57.21,715002,125,买盘
505,09:55:39,57.2,474760,83,卖盘
506,09:55:42,57.21,34323,6,买盘
507,09:55:45,57.19,132684,23,卖盘
508,09:55:48,57.19,469047,82,卖盘
509,09:55:51,57.2,45759,8,买盘
510,09:55:54,57.18,80075,14,卖盘
511,09:55:57,57.2,11440,2,买盘
512,09:56:00,57.18,349942,61,卖盘
513,09:56:03,57.18,154367,27,买盘
514,09:56:06,57.17,228653,40,卖盘
515,09:56:09,57.16,11432,2,卖盘
516,09:56:12,57.17,182942,32,买盘
517,09:56:15,57.16,480148,84,卖盘
518,09:56:18,57.16,251481,44,买盘
519,09:56:21,57.16,11432,2,卖盘
520,09:56:24,57.16,217208,38,卖盘
521,09:56:27,57.16,22864,4,卖盘
522,09:56:30,57.16,34299,6,卖盘
523,09:56:33,57.16,154332,27,卖盘
524,09:56:36,57.16,5716,1,卖盘
525,09:56:39,57.16,17148,3,卖盘
526,09:56:42,57.16,34301,6,卖盘
527,09:56:45,57.16,97172,17,卖盘
528,09:56:48,57.16,165770,29,卖盘
529,09:56:51,57.15,943002,165,卖盘
530,09:56:54,57.15,34290,6,买盘
531,09:56:57,57.15,211454,37,买盘
532,09:57:00,57.15,240029,42,买盘
533,09:57:03,57.14,108578,19,卖盘
534,09:57:06,57.14,200022,35,卖盘
535,09:57:09,57.13,34284,6,卖盘
536,09:57:12,57.15,131432,23,买盘
537,09:57:15,57.14,57131,10,中性盘
538,09:57:18,57.15,57142,10,买盘
539,09:57:21,57.13,5713,1,卖盘
540,09:57:24,57.15,165695,29,买盘
541,09:57:27,57.13,79994,14,卖盘
542,09:57:30,57.15,62865,11,买盘
543,09:57:33,57.15,79990,14,中性盘
544,09:57:36,57.13,182826,32,卖盘
545,09:57:39,57.13,85706,15,卖盘
546,09:57:42,57.16,5716,1,买盘
547,09:57:45,57.13,211381,37,卖盘
548,09:57:48,57.14,11428,2,中性盘
549,09:57:51,57.15,68573,12,买盘
550,09:57:54,57.12,222795,39,卖盘
551,09:57:57,57.13,34278,6,买盘
552,09:58:00,57.12,28560,5,卖盘
553,09:58:03,57.13,79981,14,买盘
554,09:58:06,57.12,199929,35,卖盘
555,09:58:12,57.12,22848,4,卖盘
556,09:58:15,57.11,182771,32,卖盘
557,09:58:21,57.11,148496,26,卖盘
558,09:58:24,57.11,816673,143,卖盘
559,09:58:27,57.11,199879,35,卖盘
560,09:58:30,57.11,165613,29,买盘
561,09:58:33,57.11,68521,12,买盘
562,09:58:36,57.11,51399,9,买盘
563,09:58:39,57.09,1257329,220,卖盘
564,09:58:42,57.09,194137,34,卖盘
565,09:58:45,57.09,108471,19,卖盘
566,09:58:48,57.09,68508,12,卖盘
567,09:58:51,57.1,51383,9,买盘
568,09:58:54,57.09,2317112,406,卖盘
569,09:58:57,57.09,228404,40,卖盘
570,09:59:00,57.11,228369,40,买盘
571,09:59:03,57.09,45674,8,卖盘
572,09:59:06,57.11,34264,6,买盘
573,09:59:09,57.12,439714,77,买盘
574,09:59:12,57.11,17133,3,中性盘
575,09:59:15,57.1,199861,35,卖盘
576,09:59:18,57.1,85671,15,卖盘
577,09:59:21,57.1,1039221,182,卖盘
578,09:59:24,57.09,114240,20,卖盘
579,09:59:27,57.09,119898,21,卖盘
580,09:59:30,57.11,199929,35,中性盘
581,09:59:33,57.1,17131,3,中性盘
582,09:59:36,57.09,302577,53,卖盘
583,09:59:39,57.1,39975,7,中性盘
584,09:59:42,57.11,11421,2,买盘
585,09:59:45,57.12,91367,16,买盘
586,09:59:48,57.1,11420,2,卖盘
587,09:59:51,57.09,11418,2,卖盘
588,09:59:54,57.1,279727,49,买盘
589,09:59:57,57.1,97070,17,买盘
590,10:00:00,57.09,57096,10,卖盘
591,10:00:03,57.09,1901876,333,卖盘
592,10:00:06,57.09,536477,94,买盘
593,10:00:09,57.09,114140,20,买盘
594,10:00:12,57.09,28544,5,买盘
595,10:00:15,57.05,148340,26,卖盘
596,10:00:18,57.06,102721,18,中性盘
597,10:00:21,57.05,302484,53,卖盘
598,10:00:24,57.03,650296,114,卖盘
599,10:00:27,57.04,17112,3,中性盘
600,10:00:30,57.04,17112,3,卖盘
601,10:00:33,57.04,165404,29,买盘
602,10:00:36,57.04,102669,18,买盘
603,10:00:39,57.03,102657,18,卖盘
604,10:00:45,57.03,11407,2,卖盘
605,10:00:48,57.04,171140,30,买盘
606,10:00:51,57.06,22824,4,买盘
607,10:00:54,57.07,148356,26,买盘
608,10:00:57,57.07,11412,2,买盘
609,10:01:00,57.07,74193,13,买盘
610,10:01:03,57.09,57085,10,买盘
611,10:01:06,57.09,91311,16,买盘
612,10:01:09,57.07,22828,4,中性盘
613,10:01:12,57.07,22828,4,卖盘
614,10:01:15,57.07,102737,18,买盘
615,10:01:18,57.07,5707,1,卖盘
616,10:01:21,57.07,28539,5,卖盘
617,10:01:24,57.08,22832,4,买盘
618,10:01:27,57.07,319597,56,卖盘
619,10:01:30,57.08,319611,56,买盘
620,10:01:33,57.08,159821,28,买盘
621,10:01:36,57.07,114145,20,中性盘
622,10:01:39,57.08,28540,5,买盘
623,10:01:42,57.08,968802,170,买盘
624,10:01:45,57.06,142666,25,卖盘
625,10:01:48,57.03,1037990,182,卖盘
626,10:01:51,57.04,68447,12,中性盘
627,10:01:54,57.03,142586,25,卖盘
628,10:01:57,57.03,17110,3,卖盘
629,10:02:00,57.03,5703,1,卖盘
630,10:02:03,57.04,34224,6,买盘
631,10:02:06,57.04,182505,32,买盘
632,10:02:09,57.03,142575,25,卖盘
633,10:02:12,57.03,153981,27,买盘
634,10:02:15,57.01,404792,71,卖盘
635,10:02:18,57.01,541602,95,卖盘
636,10:02:21,57.02,74126,13,买盘
637,10:02:24,57.03,51324,9,买盘
638,10:02:27,57.03,222371,39,买盘
639,10:02:30,57.03,1294022,227,买盘
640,10:02:33,57.02,108351,19,卖盘
641,10:02:36,57.03,666949,117,中性盘
642,10:02:39,57.02,28514,5,中性盘
643,10:02:42,57.03,22814,4,卖盘
644,10:02:45,57.02,5702,1,卖盘
645,10:02:51,57.03,136854,24,买盘
646,10:02:54,57.03,159663,28,买盘
647,10:02:57,57.05,193918,34,买盘
648,10:03:00,57.05,68459,12,买盘
649,10:03:03,57.03,51333,9,卖盘
650,10:03:06,57.04,62750,11,卖盘
651,10:03:09,57.05,68452,12,买盘
652,10:03:12,57.07,85599,15,买盘
653,10:03:15,57.05,171169,30,卖盘
654,10:03:18,57.06,39942,7,中性盘
655,10:03:21,57.06,11412,2,卖盘
656,10:03:24,57.06,17118,3,卖盘
657,10:03:27,57.07,45653,8,买盘
658,10:03:30,57.07,22828,4,买盘
659,10:03:33,57.06,68472,12,卖盘
660,10:03:36,57.06,74178,13,卖盘
661,10:03:39,57.07,262515,46,买盘
662,10:03:42,57.08,136981,24,买盘
663,10:03:45,57.07,610549,107,卖盘
664,10:03:48,57.08,119864,21,买盘
665,10:03:51,57.08,159820,28,买盘
666,10:03:54,57.06,536385,94,卖盘
667,10:03:57,57.08,28536,5,买盘
668,10:04:00,57.07,5707,1,卖盘
669,10:04:03,57.07,91309,16,买盘
670,10:04:06,57.07,656205,115,卖盘
671,10:04:09,57.06,34236,6,卖盘
672,10:04:12,57.07,22829,4,中性盘
673,10:04:15,57.06,291053,51,卖盘
674,10:04:18,57.06,39946,7,卖盘
675,10:04:21,57.07,102716,18,买盘
676,10:04:24,57.06,621966,109,卖盘
677,10:04:27,57.06,17118,3,卖盘
678,10:04:33,57.07,34245,6,卖盘
679,10:04:36,57.09,393839,69,买盘
680,10:04:39,57.06,79890,14,卖盘
681,10:04:42,57.06,34241,6,卖盘
682,10:04:45,57.07,45650,8,买盘
683,10:04:48,57.07,5707,1,买盘
684,10:04:51,57.07,11414,2,买盘
685,10:04:57,57.07,17121,3,买盘
686,10:05:00,57.07,28532,5,买盘
687,10:05:03,57.07,17119,3,买盘
688,10:05:06,57.06,199720,35,卖盘
689,10:05:09,57.06,62766,11,卖盘
690,10:05:12,57.06,730368,128,卖盘
691,10:05:15,57.05,136937,24,卖盘
692,10:05:18,57.05,393645,69,卖盘
693,10:05:21,57.05,51346,9,卖盘
694,10:05:24,57.05,28525,5,卖盘
695,10:05:27,57.05,79876,14,卖盘
696,10:05:30,57.05,102702,18,卖盘
697,10:05:33,57.05,5705,1,卖盘
698,10:05:36,57.05,142627,25,卖盘
699,10:05:39,57.06,108414,19,买盘
700,10:05:42,57.05,199679,35,卖盘
701,10:05:45,57.05,302380,53,卖盘
702,10:05:48,57.05,62765,11,卖盘
703,10:05:54,57.05,211093,37,卖盘
704,10:06:00,57.07,279563,49,买盘
705,10:06:03,57.05,39935,7,卖盘
706,10:06:06,57.05,136924,24,卖盘
707,10:06:09,57.04,136899,24,卖盘
708,10:06:12,57.04,22819,4,卖盘
709,10:06:15,57.05,239558,42,买盘
710,10:06:18,57.06,5706,1,买盘
711,10:06:21,57.05,79873,14,卖盘
712,10:06:24,57.05,268135,47,卖盘
713,10:06:27,57.05,513450,90,卖盘
714,10:06:30,57.03,154016,27,卖盘
715,10:06:33,57.03,68436,12,卖盘
716,10:06:36,57.03,17109,3,卖盘
717,10:06:39,57.03,68446,12,卖盘
718,10:06:42,57.05,68449,12,买盘
719,10:06:45,57.05,28520,5,买盘
720,10:06:48,57.05,17114,3,买盘
721,10:06:51,57.04,22816,4,买盘
722,10:06:54,57.03,62736,11,卖盘
723,10:07:00,57.03,22815,4,卖盘
724,10:07:03,57.03,39921,7,卖盘
725,10:07:06,57.04,108363,19,买盘
726,10:07:09,57.02,296527,52,卖盘
727,10:07:12,57.0,872199,153,卖盘
728,10:07:15,57.0,399003,70,卖盘
729,10:07:18,57.0,153919,27,卖盘
730,10:07:21,57.0,39904,7,卖盘
731,10:07:24,57.0,57000,10,卖盘
732,10:07:27,57.0,39900,7,卖盘
733,10:07:30,57.0,644100,113,卖盘
734,10:07:33,57.0,233700,41,卖盘
735,10:07:36,57.0,604200,106,卖盘
736,10:07:39,57.0,678310,119,卖盘
737,10:07:42,56.99,142497,25,卖盘
738,10:07:45,56.99,108281,19,卖盘
739,10:07:48,56.99,79796,14,卖盘
740,10:07:51,56.99,142495,25,卖盘
741,10:07:54,56.98,290610,51,卖盘
742,10:07:57,56.98,113960,20,卖盘
743,10:08:00,56.98,170940,30,卖盘
744,10:08:03,56.97,307688,54,卖盘
745,10:08:06,56.96,250660,44,卖盘
746,10:08:09,56.96,85457,15,卖盘
747,10:08:12,56.96,193680,34,卖盘
748,10:08:15,56.96,347457,61,卖盘
749,10:08:18,56.96,91136,16,卖盘
750,10:08:21,56.95,125315,22,卖盘
751,10:08:24,56.95,227801,40,卖盘
752,10:08:27,56.95,85425,15,卖盘
753,10:08:30,56.96,227802,40,买盘
754,10:08:33,56.96,91126,16,买盘
755,10:08:36,56.95,39867,7,卖盘
756,10:08:39,56.95,74041,13,卖盘
757,10:08:42,56.95,85425,15,卖盘
758,10:08:45,56.94,108202,19,卖盘
759,10:08:48,56.96,51257,9,买盘
760,10:08:51,56.94,39862,7,卖盘
761,10:08:54,56.94,79724,14,卖盘
762,10:08:57,56.94,85413,15,卖盘
763,10:09:00,56.94,187902,33,卖盘
764,10:09:03,56.94,233454,41,卖盘
765,10:09:06,56.93,1832505,322,卖盘
766,10:09:09,56.91,28457,5,卖盘
767,10:09:12,56.92,85392,15,中性盘
768,10:09:15,56.92,506579,89,卖盘
769,10:09:18,56.91,102443,18,卖盘
770,10:09:21,56.91,85365,15,买盘
771,10:09:24,56.9,62598,11,卖盘
772,10:09:27,56.91,56920,10,卖盘
773,10:09:30,56.91,56910,10,卖盘
774,10:09:33,56.91,159348,28,卖盘
775,10:09:36,56.91,330054,58,卖盘
776,10:09:39,56.91,119523,21,中性盘
777,10:09:42,56.91,85376,15,卖盘
778,10:09:45,56.91,165050,29,卖盘
779,10:09:48,56.91,5691,1,卖盘
780,10:09:51,56.91,267481,47,卖盘
781,10:09:54,56.9,466650,82,卖盘
782,10:09:57,56.93,62619,11,买盘
783,10:10:00,56.9,233290,41,卖盘
784,10:10:03,56.91,409726,72,卖盘
785,10:10:06,56.93,193562,34,买盘
786,10:10:09,56.92,130908,23,卖盘
787,10:10:12,56.92,375608,66,买盘
788,10:10:15,56.92,347182,61,卖盘
789,10:10:18,56.9,56905,10,卖盘
790,10:10:21,56.89,147931,26,卖盘
791,10:10:24,56.92,261824,46,买盘
792,10:10:27,56.92,22768,4,卖盘
793,10:10:30,56.92,79674,14,中性盘
794,10:10:33,56.92,5692,1,买盘
795,10:10:39,56.9,130873,23,卖盘
796,10:10:42,56.9,136561,24,卖盘
797,10:10:45,56.9,28450,5,卖盘
798,10:10:48,56.91,73983,13,买盘
799,10:10:51,56.91,11382,2,卖盘
800,10:10:54,56.92,34149,6,买盘
801,10:10:57,56.91,28455,5,卖盘
802,10:11:00,56.92,5692,1,买盘
803,10:11:03,56.9,283381,50,卖盘
804,10:11:06,56.92,39842,7,买盘
805,10:11:09,56.9,68291,12,卖盘
806,10:11:12,56.91,51227,9,中性盘
807,10:11:15,56.91,17074,3,卖盘
808,10:11:18,56.91,91056,16,卖盘
809,10:11:21,56.92,34148,6,买盘
810,10:11:24,56.9,364234,64,卖盘
811,10:11:27,56.91,51219,9,中性盘
812,10:11:30,56.91,17073,3,买盘
813,10:11:33,56.92,22767,4,买盘
814,10:11:36,56.91,11382,2,卖盘
815,10:11:42,56.92,51228,9,买盘
816,10:11:45,56.92,85376,15,买盘
817,10:11:48,56.92,68296,12,买盘
818,10:11:51,56.92,45536,8,买盘
819,10:11:54,56.92,51228,9,买盘
820,10:11:57,56.92,108148,19,买盘
821,10:12:00,56.92,22768,4,卖盘
822,10:12:03,56.92,68304,12,卖盘
823,10:12:06,56.92,17076,3,中性盘
824,10:12:09,56.92,512366,90,卖盘
825,10:12:12,56.92,17077,3,卖盘
826,10:12:15,56.93,819791,144,买盘
827,10:12:18,56.92,341604,60,卖盘
828,10:12:24,56.92,68309,12,卖盘
829,10:12:27,56.92,68306,12,卖盘
830,10:12:30,56.92,28460,5,卖盘
831,10:12:33,56.92,113852,20,卖盘
832,10:12:36,56.92,119547,21,卖盘
833,10:12:39,56.92,313067,55,卖盘
834,10:12:42,56.93,176479,31,买盘
835,10:12:45,56.93,313144,55,卖盘
836,10:12:48,56.93,96796,17,卖盘
837,10:12:51,56.93,113894,20,卖盘
838,10:12:54,56.97,301801,53,买盘
839,10:12:57,56.94,17082,3,中性盘
840,10:13:00,56.97,28481,5,买盘
841,10:13:03,56.94,91146,16,卖盘
842,10:13:06,56.95,45571,8,中性盘
843,10:13:09,56.99,284909,50,买盘
844,10:13:12,56.99,113958,20,买盘
845,10:13:15,56.99,17097,3,买盘
846,10:13:18,56.99,518654,91,买盘
847,10:13:21,57.0,290583,51,买盘
848,10:13:24,57.0,5700,1,买盘
849,10:13:27,57.01,416099,73,买盘
850,10:13:30,56.99,57001,10,卖盘
851,10:13:33,56.99,34207,6,卖盘
852,10:13:36,56.98,102592,18,卖盘
853,10:13:39,56.97,91177,16,卖盘
854,10:13:42,57.0,108283,19,买盘
855,10:13:45,56.99,45610,8,买盘
856,10:13:48,57.02,34208,6,买盘
857,10:13:51,57.02,17106,3,买盘
858,10:13:54,56.99,34206,6,卖盘
859,10:13:57,57.03,119754,21,买盘
860,10:14:03,57.0,28507,5,卖盘
861,10:14:06,57.01,96923,17,中性盘
862,10:14:09,56.99,45597,8,卖盘
863,10:14:12,56.99,17097,3,卖盘
864,10:14:15,56.99,216568,38,卖盘
865,10:14:18,56.99,62689,11,买盘
866,10:14:21,56.99,68388,12,买盘
867,10:14:27,57.0,108275,19,买盘
868,10:14:30,56.97,672362,118,卖盘
869,10:14:33,56.97,34182,6,卖盘
870,10:14:36,56.96,22787,4,卖盘
871,10:14:39,56.96,34176,6,卖盘
872,10:14:42,56.96,85440,15,卖盘
873,10:14:48,56.95,17086,3,卖盘
874,10:14:54,56.97,17089,3,买盘
875,10:14:57,56.95,17085,3,卖盘
876,10:15:00,56.98,34188,6,买盘
877,10:15:06,56.97,51280,9,中性盘
878,10:15:09,56.98,56978,10,买盘
879,10:15:12,56.95,119626,21,卖盘
880,10:15:15,56.97,5697,1,中性盘
881,10:15:18,56.97,5697,1,卖盘
882,10:15:21,56.97,22788,4,卖盘
883,10:15:24,56.97,34185,6,卖盘
884,10:15:27,56.97,22786,4,卖盘
885,10:15:30,56.97,5697,1,卖盘
886,10:15:33,56.96,45580,8,卖盘
887,10:15:36,56.98,91158,16,买盘
888,10:15:39,56.96,5696,1,卖盘
889,10:15:42,56.97,11394,2,中性盘
890,10:15:45,56.97,22788,4,卖盘
891,10:15:48,56.97,45576,8,卖盘
892,10:15:51,56.97,34182,6,卖盘
893,10:15:54,56.97,125334,22,卖盘
894,10:15:57,56.96,74053,13,卖盘
895,10:16:00,56.97,227857,40,买盘
896,10:16:03,56.95,62662,11,卖盘
897,10:16:06,56.95,5695,1,卖盘
898,10:16:09,56.95,45564,8,卖盘
899,10:16:12,56.93,666157,117,卖盘
900,10:16:15,56.94,45550,8,中性盘
901,10:16:18,56.94,11388,2,卖盘
902,10:16:21,56.96,34171,6,买盘
903,10:16:27,56.95,11390,2,买盘
904,10:16:30,56.94,284708,50,卖盘
905,10:16:33,56.95,74046,13,卖盘
906,10:16:36,56.95,102512,18,卖盘
907,10:16:39,56.95,74025,13,买盘
908,10:16:42,56.96,93407,16,买盘
909,10:16:45,56.93,288087,51,卖盘
910,10:16:48,56.93,301821,53,卖盘
911,10:16:51,56.94,17082,3,中性盘
912,10:16:57,56.93,125258,22,卖盘
913,10:17:03,56.95,34165,6,中性盘
914,10:17:09,56.94,113871,20,买盘
915,10:17:12,56.93,56930,10,卖盘
916,10:17:15,56.94,68328,12,买盘
917,10:17:18,56.93,102474,18,卖盘
918,10:17:21,56.93,148035,26,卖盘
919,10:17:24,56.93,45544,8,买盘
920,10:17:27,56.93,34158,6,买盘
921,10:17:30,56.92,5692,1,卖盘
922,10:17:36,56.93,62623,11,买盘
923,10:17:39,56.92,5692,1,卖盘
924,10:17:42,56.92,79699,14,卖盘
925,10:17:45,56.93,28463,5,买盘
926,10:17:51,56.92,199230,35,卖盘
927,10:17:54,56.93,79692,14,买盘
928,10:17:57,56.92,170769,30,卖盘
929,10:18:00,56.92,5692,1,卖盘
930,10:18:03,56.92,165068,29,卖盘
931,10:18:06,56.92,130919,23,卖盘
932,10:18:12,56.93,34158,6,买盘
933,10:18:15,56.93,45539,8,买盘
934,10:18:18,56.93,28465,5,买盘
935,10:18:21,56.93,56930,10,买盘
936,10:18:24,56.93,91088,16,买盘
937,10:18:27,56.93,216334,38,买盘
938,10:18:30,56.93,28465,5,买盘
939,10:18:33,56.93,153708,27,买盘
940,10:18:36,56.93,45538,8,买盘
941,10:18:39,56.93,130928,23,买盘
942,10:18:42,56.92,62613,11,卖盘
943,10:18:45,56.93,17079,3,买盘
944,10:18:48,56.93,318755,56,买盘
945,10:18:51,56.92,187855,33,卖盘
946,10:18:54,56.93,74007,13,买盘
947,10:18:57,56.92,11384,2,卖盘
948,10:19:00,56.93,335886,59,买盘
949,10:19:03,56.93,5693,1,买盘
950,10:19:06,56.93,91088,16,买盘
951,10:19:09,56.92,324463,57,卖盘
952,10:19:12,56.92,130919,23,卖盘
953,10:19:15,56.92,376861,66,卖盘
954,10:19:18,56.91,50084,9,卖盘
955,10:19:21,56.91,586173,103,卖盘
956,10:19:24,56.91,79674,14,卖盘
957,10:19:27,56.92,28456,5,买盘
958,10:19:30,56.92,51225,9,买盘
959,10:19:33,56.92,39838,7,买盘
960,10:19:36,56.92,290292,51,买盘
961,10:19:39,56.92,11384,2,买盘
962,10:19:45,56.91,28456,5,卖盘
963,10:19:48,56.92,11384,2,买盘
964,10:19:51,56.92,5692,1,买盘
965,10:19:54,56.92,11384,2,买盘
966,10:19:57,56.91,341491,60,卖盘
967,10:20:03,56.91,55772,10,卖盘
968,10:20:06,56.92,660170,116,买盘
969,10:20:09,56.91,1138,0,卖盘
970,10:20:15,56.9,125187,22,卖盘
971,10:20:18,56.9,73973,13,卖盘
972,10:20:21,56.91,91045,16,买盘
973,10:20:24,56.9,5690,1,卖盘
974,10:20:30,56.9,529170,93,卖盘
975,10:20:33,56.89,507538,89,卖盘
976,10:20:36,56.88,1046724,184,卖盘
977,10:20:39,56.89,604097,106,买盘
978,10:20:42,56.88,153579,27,卖盘
979,10:20:45,56.89,642763,113,买盘
980,10:20:48,56.89,91024,16,卖盘
981,10:20:51,56.88,68265,12,卖盘
982,10:20:54,56.88,73956,13,卖盘
983,10:20:57,56.88,28442,5,卖盘
984,10:21:00,56.88,73948,13,卖盘
985,10:21:03,56.89,28441,5,买盘
986,10:21:06,56.9,108097,19,买盘
987,10:21:09,56.89,22758,4,卖盘
988,10:21:18,56.89,34134,6,卖盘
989,10:21:21,56.9,17068,3,买盘
990,10:21:24,56.9,364118,64,买盘
991,10:21:27,56.89,5689,1,卖盘
992,10:21:30,56.9,28450,5,买盘
993,10:21:33,56.9,102417,18,买盘
994,10:21:36,56.9,5690,1,买盘
995,10:21:39,56.9,39830,7,买盘
996,10:21:42,56.9,72833,13,买盘
997,10:21:45,56.9,17070,3,卖盘
998,10:21:48,56.9,73973,13,卖盘
999,10:21:51,56.9,17072,3,卖盘
1000,10:21:54,56.9,96742,17,卖盘
1001,10:21:57,56.9,56900,10,卖盘
1002,10:22:00,56.91,39835,7,买盘
1003,10:22:06,56.91,56909,10,买盘
1004,10:22:09,56.91,5691,1,买盘
1005,10:22:12,56.91,28455,5,买盘
1006,10:22:15,56.91,102433,18,买盘
1007,10:22:18,56.9,204841,36,卖盘
1008,10:22:21,56.9,22761,4,卖盘
1009,10:22:24,56.9,34140,6,卖盘
1010,10:22:27,56.9,11381,2,卖盘
1011,10:22:30,56.91,34142,6,买盘
1012,10:22:33,56.91,113820,20,买盘
1013,10:22:36,56.91,51216,9,买盘
1014,10:22:39,56.91,79664,14,买盘
1015,10:22:42,56.91,17073,3,买盘
1016,10:22:45,56.9,563310,99,卖盘
1017,10:22:48,56.92,108133,19,买盘
1018,10:22:51,56.91,91058,16,卖盘
1019,10:22:54,56.9,153652,27,卖盘
1020,10:22:57,56.91,17073,3,买盘
1021,10:23:00,56.9,165011,29,卖盘
1022,10:23:03,56.91,73980,13,买盘
1023,10:23:06,56.91,153652,27,买盘
1024,10:23:09,56.91,51219,9,买盘
1025,10:23:12,56.91,17073,3,买盘
1026,10:23:15,56.91,79674,14,买盘
1027,10:23:18,56.91,392677,69,买盘
1028,10:23:21,56.91,313058,55,中性盘
1029,10:23:24,56.9,182138,32,卖盘
1030,10:23:27,56.91,45532,8,中性盘
1031,10:23:30,56.91,22764,4,卖盘
1032,10:23:33,56.9,96742,17,卖盘
1033,10:23:36,56.91,39837,7,中性盘
1034,10:23:39,56.91,17073,3,卖盘
1035,10:23:42,56.91,62601,11,中性盘
1036,10:23:45,56.9,5690,1,卖盘
1037,10:23:51,56.9,165019,29,卖盘
1038,10:23:54,56.91,22763,4,买盘
1039,10:23:57,56.95,950702,167,买盘
1040,10:24:00,56.91,11382,2,卖盘
1041,10:24:03,56.94,5694,1,买盘
1042,10:24:06,56.9,136592,24,卖盘
1043,10:24:09,56.9,45526,8,卖盘
1044,10:24:15,56.91,11382,2,买盘
1045,10:24:18,56.91,96767,17,中性盘
1046,10:24:27,56.91,22764,4,卖盘
1047,10:24:30,56.91,5691,1,卖盘
1048,10:24:33,56.95,45552,8,买盘
1049,10:24:39,56.94,5694,1,中性盘
1050,10:24:45,56.92,5692,1,卖盘
1051,10:24:48,56.91,11382,2,卖盘
1052,10:24:51,56.92,34148,6,买盘
1053,10:24:54,56.92,58628,10,卖盘
1054,10:25:06,56.92,391040,69,卖盘
1055,10:25:15,56.91,79681,14,卖盘
1056,10:25:18,56.91,85370,15,卖盘
1057,10:25:21,56.9,204871,36,卖盘
1058,10:25:24,56.9,11380,2,卖盘
1059,10:25:27,56.9,22760,4,卖盘
1060,10:25:30,56.92,5692,1,买盘
1061,10:25:33,56.91,17072,3,中性盘
1062,10:25:36,56.9,17071,3,卖盘
1063,10:25:42,56.9,17070,3,卖盘
1064,10:25:45,56.9,28450,5,卖盘
1065,10:25:48,56.91,36417,6,买盘
1066,10:25:51,56.91,62601,11,买盘
1067,10:25:54,56.9,130870,23,卖盘
1068,10:25:57,56.9,318642,56,卖盘
1069,10:26:00,56.9,28450,5,卖盘
1070,10:26:03,56.91,45521,8,买盘
1071,10:26:06,56.9,128594,23,卖盘
1072,10:26:09,56.9,36416,6,买盘
1073,10:26:12,56.9,56900,10,卖盘
1074,10:26:15,56.9,45520,8,卖盘
1075,10:26:21,56.9,91046,16,卖盘
1076,10:26:24,56.91,5691,1,买盘
1077,10:26:27,56.9,191184,34,卖盘
1078,10:26:30,56.89,99003,17,卖盘
1079,10:26:33,56.91,39827,7,买盘
1080,10:26:36,56.91,22764,4,买盘
1081,10:26:39,56.89,119469,21,卖盘
1082,10:26:45,56.9,153604,27,买盘
1083,10:26:48,56.89,182048,32,卖盘
1084,10:26:51,56.9,68279,12,买盘
1085,10:26:54,56.89,675865,119,卖盘
1086,10:26:57,56.89,28443,5,买盘
1087,10:27:00,56.89,51195,9,买盘
1088,10:27:03,56.88,1392409,245,卖盘
1089,10:27:06,56.9,489299,86,买盘
1090,10:27:09,56.89,28445,5,买盘
1091,10:27:12,56.88,51198,9,中性盘
1092,10:27:15,56.88,45504,8,卖盘
1093,10:27:18,56.88,5688,1,买盘
1094,10:27:21,56.88,11376,2,买盘
1095,10:27:24,56.88,22752,4,买盘
1096,10:27:27,56.86,494729,87,卖盘
1097,10:27:33,56.87,51179,9,买盘
1098,10:27:36,56.86,68241,12,卖盘
1099,10:27:39,56.86,56860,10,卖盘
1100,10:27:42,56.86,34117,6,卖盘
1101,10:27:45,56.86,716436,126,卖盘
1102,10:27:48,56.85,22743,4,卖盘
1103,10:27:51,56.86,79601,14,买盘
1104,10:27:54,56.86,51171,9,买盘
1105,10:27:57,56.86,102337,18,买盘
1106,10:28:00,56.86,34116,6,买盘
1107,10:28:03,56.85,856846,151,卖盘
1108,10:28:06,56.86,56859,10,卖盘
1109,10:28:09,56.86,45488,8,卖盘
1110,10:28:12,56.85,56857,10,卖盘
1111,10:28:15,56.86,11372,2,中性盘
1112,10:28:18,56.86,505968,89,中性盘
1113,10:28:21,56.85,62536,11,卖盘
1114,10:28:24,56.85,51172,9,卖盘
1115,10:28:27,56.86,5686,1,买盘
1116,10:28:30,56.85,147818,26,卖盘
1117,10:28:33,56.85,113700,20,卖盘
1118,10:28:36,56.85,17056,3,卖盘
1119,10:28:39,56.86,11372,2,买盘
1120,10:28:45,56.86,90967,16,买盘
1121,10:28:48,56.86,28428,5,买盘
1122,10:28:51,56.86,56860,10,卖盘
1123,10:28:54,56.87,90974,16,买盘
1124,10:28:57,56.86,181967,32,卖盘
1125,10:29:00,56.87,67098,12,买盘
1126,10:29:03,56.86,34118,6,卖盘
1127,10:29:06,56.86,79608,14,卖盘
1128,10:29:09,56.86,17058,3,卖盘
1129,10:29:12,56.86,68236,12,卖盘
1130,10:29:15,56.87,73919,13,买盘
1131,10:29:18,56.87,62557,11,买盘
1132,10:29:21,56.87,28435,5,买盘
1133,10:29:24,56.87,536853,94,买盘
1134,10:29:27,56.88,28440,5,买盘
1135,10:29:30,56.88,28440,5,买盘
1136,10:29:33,56.87,11374,2,卖盘
1137,10:29:36,56.88,36401,6,买盘
1138,10:29:39,56.88,85310,15,买盘
1139,10:29:42,56.88,34128,6,买盘
1140,10:29:45,56.88,28440,5,买盘
1141,10:29:48,56.88,22751,4,买盘
1142,10:29:54,56.89,11378,2,买盘
1143,10:29:57,56.88,45504,8,卖盘
1144,10:30:00,56.88,125143,22,卖盘
1145,10:30:03,56.88,22752,4,买盘
1146,10:30:06,56.88,22752,4,买盘
1147,10:30:09,56.88,142178,25,买盘
1148,10:30:12,56.88,11376,2,买盘
1149,10:30:15,56.88,85320,15,买盘
1150,10:30:18,56.88,28441,5,卖盘
1151,10:30:21,56.89,5689,1,买盘
1152,10:30:24,56.88,39816,7,卖盘
1153,10:30:30,56.89,22756,4,买盘
1154,10:30:33,56.88,227520,40,卖盘
1155,10:30:36,56.88,22752,4,买盘
1156,10:30:39,56.88,22749,4,买盘
1157,10:30:42,56.87,28435,5,卖盘
1158,10:30:45,56.88,39816,7,买盘
1159,10:30:51,56.88,5688,1,买盘
1160,10:30:54,56.88,11376,2,买盘
1161,10:30:57,56.88,830448,146,买盘
1162,10:31:00,56.9,267361,47,买盘
1163,10:31:03,56.9,39830,7,买盘
1164,10:31:06,56.91,56901,10,买盘
1165,10:31:09,56.89,17068,3,卖盘
1166,10:31:12,56.89,79647,14,卖盘
1167,10:31:15,56.91,159348,28,买盘
1168,10:31:21,56.91,28455,5,卖盘
1169,10:31:24,56.91,22766,4,卖盘
1170,10:31:27,56.92,17076,3,买盘
1171,10:31:30,56.92,5692,1,买盘
1172,10:31:33,56.91,28457,5,卖盘
1173,10:31:36,56.92,28460,5,买盘
1174,10:31:39,56.92,58058,10,买盘
1175,10:31:42,56.92,39850,7,卖盘
1176,10:31:48,56.93,34158,6,买盘
1177,10:31:51,56.92,28460,5,卖盘
1178,10:31:54,56.92,34157,6,卖盘
1179,10:32:00,56.93,39849,7,买盘
1180,10:32:06,56.92,141163,25,卖盘
1181,10:32:09,56.92,290292,51,买盘
1182,10:32:15,56.92,45534,8,买盘
1183,10:32:18,56.91,5691,1,卖盘
1184,10:32:24,56.92,130915,23,买盘
1185,10:32:27,56.91,250404,44,卖盘
1186,10:32:30,56.91,461047,81,卖盘
1187,10:32:33,56.91,22767,4,卖盘
1188,10:32:36,56.91,5691,1,卖盘
1189,10:32:39,56.91,5691,1,卖盘
1190,10:32:42,56.92,11384,2,买盘
1191,10:32:45,56.92,22768,4,买盘
1192,10:32:48,56.92,11384,2,买盘
1193,10:32:51,56.92,221980,39,买盘
1194,10:32:54,56.91,165061,29,卖盘
1195,10:32:57,56.92,194666,34,买盘
1196,10:33:00,56.93,45543,8,买盘
1197,10:33:03,56.93,45541,8,买盘
1198,10:33:06,56.92,11384,2,卖盘
1199,10:33:09,56.93,45544,8,买盘
1200,10:33:12,56.93,79702,14,买盘
1201,10:33:15,56.93,85389,15,买盘
1202,10:33:18,56.92,22768,4,卖盘
1203,10:33:21,56.94,39855,7,买盘
1204,10:33:24,56.92,34157,6,卖盘
1205,10:33:27,56.92,17076,3,卖盘
1206,10:33:33,56.94,45547,8,买盘
1207,10:33:36,56.93,56930,10,卖盘
1208,10:33:39,56.93,11386,2,卖盘
1209,10:33:42,56.94,210675,37,买盘
1210,10:33:45,56.94,1007838,177,卖盘
1211,10:33:48,56.94,17082,3,买盘
1212,10:33:51,56.95,125287,22,买盘
1213,10:33:54,56.93,56936,10,卖盘
1214,10:33:57,56.94,5694,1,中性盘
1215,10:34:00,56.93,45554,8,卖盘
1216,10:34:03,56.95,307530,54,买盘
1217,10:34:06,56.95,108214,19,卖盘
1218,10:34:09,56.96,5696,1,买盘
1219,10:34:12,56.95,28475,5,卖盘
1220,10:34:15,56.96,85430,15,买盘
1221,10:34:18,56.95,34170,6,卖盘
1222,10:34:21,56.95,125296,22,卖盘
1223,10:34:24,56.96,5696,1,买盘
1224,10:34:27,56.96,28479,5,买盘
1225,10:34:30,56.94,22779,4,卖盘
1226,10:34:33,56.95,5695,1,买盘
1227,10:34:36,56.97,39872,7,买盘
1228,10:34:39,56.94,17082,3,卖盘
1229,10:34:42,56.96,22784,4,中性盘
1230,10:34:45,56.96,11392,2,买盘
1231,10:34:48,56.94,11388,2,卖盘
1232,10:34:54,56.96,11392,2,中性盘
1233,10:34:57,56.97,17091,3,买盘
1234,10:35:00,56.95,131015,23,卖盘
1235,10:35:03,56.95,34170,6,买盘
1236,10:35:09,56.95,34170,6,卖盘
1237,10:35:12,56.95,392961,69,卖盘
1238,10:35:15,56.94,222097,39,卖盘
1239,10:35:18,56.94,68329,12,卖盘
1240,10:35:21,56.94,22778,4,卖盘
1241,10:35:24,56.94,34166,6,卖盘
1242,10:35:27,56.94,17082,3,卖盘
1243,10:35:30,56.95,45560,8,买盘
1244,10:35:33,56.95,5695,1,中性盘
1245,10:35:39,56.95,51255,9,卖盘
1246,10:35:42,56.95,5695,1,卖盘
1247,10:35:45,56.95,62645,11,买盘
1248,10:35:48,56.94,11388,2,卖盘
1249,10:35:51,56.95,17085,3,买盘
1250,10:35:54,56.95,45558,8,买盘
1251,10:35:57,56.95,17085,3,买盘
1252,10:36:00,56.95,22777,4,买盘
1253,10:36:06,56.94,34169,6,卖盘
1254,10:36:15,56.95,56950,10,买盘
1255,10:36:24,56.95,11390,2,买盘
1256,10:36:27,56.95,102507,18,买盘
1257,10:36:30,56.95,39865,7,买盘
1258,10:36:33,56.96,34176,6,买盘
1259,10:36:36,56.95,17085,3,卖盘
1260,10:36:48,56.95,5695,1,卖盘
1261,10:36:54,56.96,22783,4,买盘
1262,10:36:57,56.96,142383,25,买盘
1263,10:37:00,56.94,79727,14,卖盘
1264,10:37:03,56.96,34174,6,买盘
1265,10:37:06,56.96,56960,10,买盘
1266,10:37:12,56.96,17088,3,买盘
1267,10:37:18,56.97,91152,16,买盘
1268,10:37:21,56.98,79772,14,买盘
1269,10:37:24,56.98,5698,1,买盘
1270,10:37:33,57.0,250762,44,买盘
1271,10:37:36,56.99,17098,3,卖盘
1272,10:37:39,56.99,45598,8,中性盘
1273,10:37:45,56.99,5699,1,买盘
1274,10:37:48,56.99,17097,3,买盘
1275,10:37:54,57.0,17098,3,买盘
1276,10:38:00,57.0,17100,3,买盘
1277,10:38:03,57.01,456004,80,买盘
1278,10:38:06,57.01,5701,1,卖盘
1279,10:38:09,57.01,28505,5,卖盘
1280,10:38:12,57.02,57016,10,买盘
1281,10:38:15,57.02,17105,3,买盘
1282,10:38:18,57.02,17106,3,买盘
1283,10:38:21,57.02,11404,2,买盘
1284,10:38:24,57.01,11402,2,卖盘
1285,10:38:27,57.0,199519,35,卖盘
1286,10:38:30,56.99,11398,2,卖盘
1287,10:38:33,56.99,11398,2,卖盘
1288,10:38:36,56.99,17097,3,卖盘
1289,10:38:39,56.99,22796,4,卖盘
1290,10:38:42,56.98,279247,49,卖盘
1291,10:38:45,56.97,17091,3,卖盘
1292,10:38:48,56.97,28487,5,卖盘
1293,10:38:51,57.0,68374,12,买盘
1294,10:38:57,56.97,5697,1,卖盘
1295,10:39:00,56.98,17094,3,中性盘
1296,10:39:03,56.98,11396,2,买盘
1297,10:39:06,56.97,11394,2,卖盘
1298,10:39:15,56.98,22792,4,买盘
1299,10:39:18,56.97,5697,1,卖盘
1300,10:39:21,56.98,39886,7,买盘
1301,10:39:27,56.99,34191,6,买盘
1302,10:39:33,56.97,5697,1,卖盘
1303,10:39:39,56.97,5697,1,卖盘
1304,10:39:42,56.98,17092,3,买盘
1305,10:39:48,56.98,28489,5,买盘
1306,10:39:54,56.97,5697,1,卖盘
1307,10:39:57,56.98,91177,16,买盘
1308,10:40:00,56.98,39885,7,买盘
1309,10:40:03,56.97,11394,2,卖盘
1310,10:40:06,56.97,188016,33,卖盘
1311,10:40:09,56.98,74072,13,买盘
1312,10:40:12,56.97,11394,2,卖盘
1313,10:40:15,56.98,56980,10,买盘
1314,10:40:18,56.97,34182,6,卖盘
1315,10:40:21,56.97,5697,1,卖盘
1316,10:40:24,56.97,5697,1,卖盘
1317,10:40:27,56.97,11395,2,卖盘
1318,10:40:33,56.97,5697,1,卖盘
1319,10:40:36,56.98,68370,12,买盘
1320,10:40:45,56.97,11394,2,卖盘
1321,10:40:48,56.97,11394,2,卖盘
1322,10:40:51,56.97,108243,19,卖盘
1323,10:40:54,56.97,5697,1,卖盘
1324,10:41:00,56.97,5697,1,买盘
1325,10:41:03,56.96,187978,33,卖盘
1326,10:41:06,56.97,39878,7,买盘
1327,10:41:09,56.96,62658,11,卖盘
1328,10:41:12,56.96,39872,7,买盘
1329,10:41:15,56.96,5696,1,买盘
1330,10:41:18,56.95,182240,32,卖盘
1331,10:41:24,56.95,45560,8,卖盘
1332,10:41:27,56.95,28475,5,中性盘
1333,10:41:30,56.94,34166,6,卖盘
1334,10:41:33,56.95,5695,1,买盘
1335,10:41:36,56.95,5695,1,卖盘
1336,10:41:39,56.95,11390,2,卖盘
1337,10:41:42,56.96,22784,4,买盘
1338,10:41:45,56.96,74048,13,买盘
1339,10:41:48,56.96,11392,2,买盘
1340,10:41:51,56.95,455600,80,卖盘
1341,10:41:54,56.95,125290,22,买盘
1342,10:41:57,56.95,5695,1,卖盘
1343,10:42:00,56.95,187971,33,卖盘
1344,10:42:03,56.95,130993,23,卖盘
1345,10:42:06,56.95,495465,87,买盘
1346,10:42:09,56.95,666315,117,买盘
1347,10:42:12,56.94,182220,32,卖盘
1348,10:42:15,56.95,5695,1,买盘
1349,10:42:18,56.94,28471,5,卖盘
1350,10:42:21,56.94,5694,1,卖盘
1351,10:42:24,56.94,85416,15,卖盘
1352,10:42:33,56.94,28473,5,卖盘
1353,10:42:36,56.95,11390,2,买盘
1354,10:42:45,56.95,51252,9,买盘
1355,10:42:48,56.94,5694,1,卖盘
1356,10:42:51,56.94,74026,13,卖盘
1357,10:42:57,56.95,17083,3,买盘
1358,10:43:00,56.94,51246,9,卖盘
1359,10:43:03,56.95,62645,11,买盘
1360,10:43:09,56.95,79730,14,买盘
1361,10:43:12,56.95,210688,37,买盘
1362,10:43:21,56.94,74034,13,卖盘
1363,10:43:24,56.95,51252,9,买盘
1364,10:43:27,56.94,34164,6,卖盘
1365,10:43:30,56.94,56940,10,卖盘
1366,10:43:36,56.94,56940,10,卖盘
1367,10:43:39,56.94,28470,5,卖盘
1368,10:43:42,56.94,17084,3,卖盘
1369,10:43:45,56.95,11390,2,买盘
1370,10:43:54,56.95,244884,43,买盘
1371,10:43:57,56.95,5695,1,买盘
1372,10:44:03,56.94,28473,5,卖盘
1373,10:44:09,56.94,34169,6,卖盘
1374,10:44:15,56.94,56940,10,卖盘
1375,10:44:18,56.94,34166,6,卖盘
1376,10:44:21,56.95,142355,25,买盘
1377,10:44:24,56.95,3576461,628,买盘
1378,10:44:27,56.94,28474,5,卖盘
1379,10:44:30,56.94,5694,1,卖盘
1380,10:44:33,56.94,28470,5,卖盘
1381,10:44:36,56.94,39864,7,卖盘
1382,10:44:39,56.94,5694,1,卖盘
1383,10:44:42,56.95,5695,1,买盘
1384,10:44:45,56.94,11388,2,卖盘
1385,10:44:48,56.94,22776,4,买盘
1386,10:44:57,56.95,5695,1,买盘
1387,10:45:06,56.95,159460,28,买盘
1388,10:45:09,56.95,56950,10,中性盘
1389,10:45:12,56.94,17082,3,卖盘
1390,10:45:15,56.95,5695,1,买盘
1391,10:45:27,56.95,56950,10,买盘
1392,10:45:30,56.95,11390,2,买盘
1393,10:45:33,56.94,28471,5,卖盘
1394,10:45:36,56.95,28475,5,买盘
1395,10:45:42,56.95,39865,7,买盘
1396,10:45:45,56.95,318920,56,卖盘
1397,10:45:48,56.96,189076,33,买盘
1398,10:45:51,56.95,55815,10,卖盘
1399,10:45:54,56.95,17085,3,买盘
1400,10:45:57,56.94,5694,1,卖盘
1401,10:46:00,56.95,92245,16,买盘
1402,10:46:03,56.95,5695,1,卖盘
1403,10:46:06,56.96,17088,3,买盘
1404,10:46:18,56.96,39872,7,买盘
1405,10:46:24,56.96,34174,6,买盘
1406,10:46:30,56.96,5696,1,买盘
1407,10:46:36,56.95,11390,2,卖盘
1408,10:46:42,56.95,5695,1,买盘
1409,10:46:48,56.94,56940,10,卖盘
1410,10:46:51,56.94,22776,4,卖盘
1411,10:46:57,56.94,22779,4,卖盘
1412,10:47:00,56.94,28470,5,卖盘
1413,10:47:03,56.94,22777,4,卖盘
1414,10:47:06,56.95,62644,11,买盘
1415,10:47:09,56.95,17083,3,买盘
1416,10:47:12,56.95,125290,22,买盘
1417,10:47:15,56.95,22780,4,卖盘
1418,10:47:18,56.95,5695,1,卖盘
1419,10:47:24,56.95,17085,3,卖盘
1420,10:47:27,56.95,28475,5,卖盘
1421,10:47:33,56.95,11390,2,卖盘
1422,10:47:36,56.96,11392,2,买盘
1423,10:47:42,56.96,148096,26,买盘
1424,10:47:45,56.97,119636,21,买盘
1425,10:47:48,56.96,5696,1,卖盘
1426,10:47:51,56.97,28485,5,买盘
1427,10:47:54,56.96,56963,10,卖盘
1428,10:47:57,56.96,5696,1,卖盘
1429,10:48:00,56.97,5697,1,买盘
1430,10:48:03,56.97,34179,6,买盘
1431,10:48:06,56.96,5696,1,卖盘
1432,10:48:12,56.97,22788,4,买盘
1433,10:48:18,56.96,5696,1,卖盘
1434,10:48:21,56.96,102534,18,卖盘
1435,10:48:24,56.96,28480,5,卖盘
1436,10:48:30,56.95,28479,5,卖盘
1437,10:48:33,56.94,199323,35,卖盘
1438,10:48:36,56.96,119607,21,买盘
1439,10:48:39,56.94,5694,1,卖盘
1440,10:48:42,56.94,34169,6,卖盘
1441,10:48:45,56.95,39865,7,买盘
1442,10:48:51,56.95,74035,13,买盘
1443,10:49:00,56.95,62645,11,买盘
1444,10:49:06,56.94,85410,15,卖盘
1445,10:49:15,56.95,307530,54,买盘
1446,10:49:18,56.95,62645,11,卖盘
1447,10:49:21,56.95,11390,2,买盘
1448,10:49:33,56.96,62652,11,买盘
1449,10:49:39,56.95,5695,1,卖盘
1450,10:49:42,56.96,11391,2,买盘
1451,10:49:45,56.95,74035,13,卖盘
1452,10:49:51,56.95,11390,2,买盘
1453,10:49:57,56.94,39858,7,卖盘
1454,10:50:03,56.95,5695,1,买盘
1455,10:50:06,56.94,5694,1,卖盘
1456,10:50:09,56.94,5694,1,卖盘
1457,10:50:12,56.94,5694,1,卖盘
1458,10:50:21,56.94,203848,36,卖盘
1459,10:50:24,56.94,51246,9,卖盘
1460,10:50:27,56.94,22776,4,卖盘
1461,10:50:30,56.94,5694,1,卖盘
1462,10:50:33,56.94,28470,5,卖盘
1463,10:50:36,56.94,17082,3,卖盘
1464,10:50:39,56.94,204986,36,卖盘
1465,10:50:42,56.95,466924,82,买盘
1466,10:50:45,56.95,11390,2,买盘
1467,10:50:51,56.94,17082,3,卖盘
1468,10:50:54,56.94,17082,3,卖盘
1469,10:51:00,56.94,5694,1,卖盘
1470,10:51:03,56.95,51247,9,买盘
1471,10:51:06,56.94,28470,5,卖盘
1472,10:51:09,56.94,74022,13,卖盘
1473,10:51:12,56.94,33025,6,卖盘
1474,10:51:15,56.94,130962,23,卖盘
1475,10:51:18,56.94,56940,10,卖盘
1476,10:51:21,56.94,230038,40,卖盘
1477,10:51:24,56.93,5693,1,卖盘
1478,10:51:27,56.93,34161,6,卖盘
1479,10:51:30,56.93,5693,1,卖盘
1480,10:51:33,56.94,11388,2,买盘
1481,10:51:36,56.94,11388,2,买盘
1482,10:51:42,56.93,17081,3,卖盘
1483,10:51:45,56.93,5693,1,卖盘
1484,10:51:48,56.93,56930,10,卖盘
1485,10:51:51,56.94,199257,35,买盘
1486,10:51:54,56.93,45544,8,卖盘
1487,10:51:57,56.93,233413,41,卖盘
1488,10:52:00,56.94,45550,8,买盘
1489,10:52:03,56.93,142325,25,卖盘
1490,10:52:06,56.94,108171,19,买盘
1491,10:52:15,56.93,51241,9,卖盘
1492,10:52:21,56.94,11388,2,买盘
1493,10:52:24,56.93,5693,1,卖盘
1494,10:52:30,56.94,56940,10,买盘
1495,10:52:33,56.94,51246,9,买盘
1496,10:52:36,56.94,119574,21,买盘
1497,10:52:42,56.93,17079,3,卖盘
1498,10:52:45,56.93,39851,7,卖盘
1499,10:52:51,56.93,28469,5,卖盘
1500,10:52:54,56.94,79716,14,买盘
1501,10:53:00,56.94,592175,104,买盘
1502,10:53:03,56.94,51246,9,买盘
1503,10:53:06,56.94,34164,6,买盘
1504,10:53:09,56.94,17080,3,买盘
1505,10:53:12,56.93,5693,1,卖盘
1506,10:53:18,56.93,91088,16,卖盘
1507,10:53:21,56.94,34164,6,买盘
1508,10:53:24,56.94,5694,1,买盘
1509,10:53:30,56.94,62624,11,买盘
1510,10:53:36,56.94,68328,12,买盘
1511,10:53:45,56.93,17079,3,卖盘
1512,10:53:51,56.94,17081,3,买盘
1513,10:53:54,56.93,39851,7,卖盘
1514,10:53:57,56.92,791309,139,卖盘
1515,10:54:03,56.92,5692,1,卖盘
1516,10:54:06,56.92,11384,2,卖盘
1517,10:54:09,56.93,5693,1,买盘
1518,10:54:12,56.93,22772,4,买盘
1519,10:54:15,56.93,34155,6,买盘
1520,10:54:18,56.93,28462,5,买盘
1521,10:54:24,56.92,5692,1,卖盘
1522,10:54:27,56.92,11384,2,卖盘
1523,10:54:30,56.93,51233,9,买盘
1524,10:54:42,56.92,5692,1,卖盘
1525,10:54:45,56.92,22771,4,卖盘
1526,10:54:51,56.93,17079,3,买盘
1527,10:54:54,56.92,73997,13,卖盘
1528,10:54:57,56.93,17079,3,买盘
1529,10:55:00,56.93,39851,7,买盘
1530,10:55:03,56.93,267568,47,买盘
1531,10:55:06,56.93,136632,24,买盘
1532,10:55:09,56.93,34158,6,买盘
1533,10:55:12,56.93,96781,17,买盘
1534,10:55:15,56.93,45544,8,买盘
1535,10:55:18,56.92,34152,6,卖盘
1536,10:55:21,56.93,11385,2,买盘
1537,10:55:24,56.93,22772,4,买盘
1538,10:55:30,56.93,5693,1,买盘
1539,10:55:36,56.92,244756,43,卖盘
1540,10:55:42,56.92,147992,26,卖盘
1541,10:55:48,56.91,249309,44,卖盘
1542,10:55:51,56.92,11384,2,买盘
1543,10:56:00,56.91,22764,4,卖盘
1544,10:56:06,56.92,17076,3,买盘
1545,10:56:09,56.92,5692,1,买盘
1546,10:56:12,56.91,34146,6,卖盘
1547,10:56:18,56.92,5692,1,买盘
1548,10:56:21,56.91,62601,11,卖盘
1549,10:56:27,56.91,170730,30,卖盘
1550,10:56:36,56.91,17073,3,卖盘
1551,10:56:42,56.92,17075,3,买盘
1552,10:56:48,56.92,22766,4,买盘
1553,10:56:54,56.91,17073,3,卖盘
1554,10:56:57,56.91,56910,10,卖盘
1555,10:57:00,56.91,199180,35,卖盘
1556,10:57:03,56.9,204840,36,卖盘
1557,10:57:06,56.91,28454,5,买盘
1558,10:57:09,56.9,347090,61,卖盘
1559,10:57:12,56.9,28450,5,卖盘
1560,10:57:18,56.9,91040,16,卖盘
1561,10:57:21,56.9,17070,3,卖盘
1562,10:57:24,56.9,68280,12,卖盘
1563,10:57:27,56.89,5689,1,卖盘
1564,10:57:30,56.9,39830,7,买盘
1565,10:57:36,56.89,11378,2,卖盘
1566,10:57:39,56.89,11378,2,卖盘
1567,10:57:42,56.9,11379,2,买盘
1568,10:57:45,56.89,176359,31,卖盘
1569,10:57:48,56.9,62588,11,买盘
1570,10:57:51,56.89,5689,1,卖盘
1571,10:57:54,56.89,56890,10,卖盘
1572,10:58:03,56.89,39823,7,卖盘
1573,10:58:06,56.89,73957,13,卖盘
1574,10:58:09,56.89,62579,11,卖盘
1575,10:58:12,56.89,290139,51,卖盘
1576,10:58:15,56.89,204804,36,卖盘
1577,10:58:18,56.88,11376,2,卖盘
1578,10:58:24,56.88,62571,11,卖盘
1579,10:58:27,56.88,159264,28,卖盘
1580,10:58:30,56.88,34130,6,卖盘
1581,10:58:33,56.88,56884,10,卖盘
1582,10:58:36,56.88,11376,2,卖盘
1583,10:58:39,56.88,5688,1,卖盘
1584,10:58:42,56.88,415224,73,卖盘
1585,10:58:45,56.88,182003,32,买盘
1586,10:58:48,56.87,17063,3,卖盘
1587,10:58:51,56.87,17061,3,卖盘
1588,10:58:54,56.87,28435,5,卖盘
1589,10:58:57,56.87,870111,153,卖盘
1590,10:59:00,56.87,85305,15,卖盘
1591,10:59:03,56.86,69378,12,卖盘
1592,10:59:09,56.86,289987,51,卖盘
1593,10:59:12,56.86,68238,12,卖盘
1594,10:59:15,56.86,73918,13,卖盘
1595,10:59:18,56.86,170580,30,卖盘
1596,10:59:21,56.86,289986,51,卖盘
1597,10:59:24,56.86,22744,4,卖盘
1598,10:59:27,56.86,39802,7,卖盘
1599,10:59:30,56.85,28425,5,卖盘
1600,10:59:33,56.85,102330,18,卖盘
1601,10:59:36,56.86,85279,15,买盘
1602,10:59:42,56.85,39795,7,卖盘
1603,10:59:45,56.85,5685,1,卖盘
1604,10:59:48,56.85,28428,5,卖盘
1605,10:59:51,56.86,17058,3,买盘
1606,10:59:54,56.86,705063,124,买盘
1607,10:59:57,56.85,335425,59,卖盘
1608,11:00:00,56.85,187606,33,卖盘
1609,11:00:03,56.86,39796,7,买盘
1610,11:00:06,56.85,773124,136,卖盘
1611,11:00:09,56.85,5685,1,中性盘
1612,11:00:12,56.85,34111,6,买盘
1613,11:00:15,56.85,17055,3,卖盘
1614,11:00:18,56.85,142125,25,卖盘
1615,11:00:21,56.85,5685,1,买盘
1616,11:00:24,56.85,653775,115,买盘
1617,11:00:27,56.84,147809,26,卖盘
1618,11:00:30,56.85,136451,24,中性盘
1619,11:00:33,56.85,466250,82,买盘
1620,11:00:36,56.85,39796,7,卖盘
1621,11:00:39,56.86,39801,7,买盘
1622,11:00:42,56.87,62549,11,买盘
1623,11:00:45,56.87,5687,1,买盘
1624,11:00:48,56.86,22747,4,卖盘
1625,11:00:51,56.87,254772,45,买盘
1626,11:00:54,56.86,102355,18,卖盘
1627,11:01:00,56.88,5688,1,买盘
1628,11:01:03,56.88,5688,1,买盘
1629,11:01:06,56.87,11374,2,卖盘
1630,11:01:09,56.87,17062,3,卖盘
1631,11:01:12,56.87,39813,7,卖盘
1632,11:01:18,56.88,278712,49,买盘
1633,11:01:21,56.88,17064,3,买盘
1634,11:01:24,56.88,5688,1,买盘
1635,11:01:27,56.88,17064,3,买盘
1636,11:01:30,56.87,22748,4,卖盘
1637,11:01:42,56.87,28435,5,卖盘
1638,11:01:48,56.87,11374,2,卖盘
1639,11:01:54,56.87,130801,23,卖盘
1640,11:01:57,56.87,62557,11,卖盘
1641,11:02:00,56.87,22748,4,卖盘
1642,11:02:03,56.88,22749,4,买盘
1643,11:02:09,56.87,5687,1,卖盘
1644,11:02:12,56.88,5688,1,买盘
1645,11:02:15,56.88,5688,1,买盘
1646,11:02:21,56.88,22752,4,买盘
1647,11:02:24,56.87,113740,20,卖盘
1648,11:02:27,56.87,272979,48,卖盘
1649,11:02:30,56.88,17063,3,买盘
1650,11:02:33,56.87,164923,29,卖盘
1651,11:02:36,56.87,39806,7,买盘
1652,11:02:42,56.86,56860,10,卖盘
1653,11:02:48,56.86,28430,5,卖盘
1654,11:02:54,56.86,34116,6,卖盘
1655,11:02:57,56.87,34122,6,买盘
1656,11:03:00,56.87,62557,11,买盘
1657,11:03:09,56.86,17060,3,卖盘
1658,11:03:15,56.86,5686,1,卖盘
1659,11:03:18,56.87,5687,1,买盘
1660,11:03:21,56.87,17059,3,买盘
1661,11:03:30,56.86,34116,6,卖盘
1662,11:03:33,56.86,73921,13,卖盘
1663,11:03:36,56.86,5686,1,卖盘
1664,11:03:39,56.87,5687,1,买盘
1665,11:03:42,56.86,28430,5,卖盘
1666,11:03:45,56.86,5686,1,卖盘
1667,11:03:48,56.86,11372,2,卖盘
1668,11:03:54,56.86,11372,2,卖盘
1669,11:03:57,56.86,204701,36,卖盘
1670,11:04:00,56.86,56862,10,卖盘
1671,11:04:03,56.87,187671,33,买盘
1672,11:04:12,56.87,28435,5,买盘
1673,11:04:15,56.87,45496,8,买盘
1674,11:04:18,56.86,22747,4,卖盘
1675,11:04:21,56.86,11372,2,卖盘
1676,11:04:30,56.87,181984,32,买盘
1677,11:04:33,56.87,277529,49,买盘
1678,11:04:36,56.86,56866,10,卖盘
1679,11:04:45,56.87,5687,1,卖盘
1680,11:04:48,56.86,284313,50,卖盘
1681,11:04:51,56.87,22748,4,买盘
1682,11:04:54,56.86,51174,9,卖盘
1683,11:04:57,56.86,56860,10,卖盘
1684,11:05:00,56.86,210384,37,卖盘
1685,11:05:03,56.87,5687,1,买盘
1686,11:05:06,56.86,79604,14,卖盘
1687,11:05:09,56.87,5687,1,买盘
1688,11:05:12,56.86,17058,3,卖盘
1689,11:05:21,56.86,17058,3,卖盘
1690,11:05:24,56.87,17061,3,买盘
1691,11:05:27,56.86,22744,4,卖盘
1692,11:05:30,56.85,434408,76,卖盘
1693,11:05:33,56.85,34110,6,卖盘
1694,11:05:36,56.85,17056,3,卖盘
1695,11:05:39,56.85,34112,6,卖盘
1696,11:05:42,56.86,295670,52,买盘
1697,11:05:45,56.86,5686,1,买盘
1698,11:05:51,56.85,17055,3,卖盘
1699,11:05:54,56.85,187606,33,卖盘
1700,11:06:06,56.86,79594,14,买盘
1701,11:06:09,56.85,51165,9,卖盘
1702,11:06:12,56.85,17055,3,卖盘
1703,11:06:15,56.85,62541,11,卖盘
1704,11:06:18,56.86,22743,4,买盘
1705,11:06:21,56.85,113700,20,卖盘
1706,11:06:27,56.85,11370,2,卖盘
1707,11:06:30,56.85,17055,3,卖盘
1708,11:06:33,56.85,39795,7,卖盘
1709,11:06:36,56.85,51165,9,卖盘
1710,11:06:42,56.83,1517691,267,卖盘
1711,11:06:48,56.83,45464,8,卖盘
1712,11:06:54,56.83,56830,10,卖盘
1713,11:07:00,56.83,5683,1,卖盘
1714,11:07:06,56.83,102294,18,卖盘
1715,11:07:09,56.83,5683,1,买盘
1716,11:07:12,56.82,11365,2,卖盘
1717,11:07:15,56.8,1482672,261,卖盘
1718,11:07:18,56.8,73840,13,卖盘
1719,11:07:24,56.81,306764,54,买盘
1720,11:07:30,56.81,17043,3,卖盘
1721,11:07:33,56.82,22728,4,买盘
1722,11:07:36,56.81,56810,10,卖盘
1723,11:07:42,56.81,261328,46,卖盘
1724,11:07:45,56.82,170454,30,买盘
1725,11:07:48,56.81,147704,26,卖盘
1726,11:07:51,56.82,5682,1,买盘
1727,11:07:57,56.81,39767,7,卖盘
1728,11:08:03,56.81,448799,79,卖盘
1729,11:08:06,56.81,62493,11,卖盘
1730,11:08:09,56.81,68172,12,卖盘
1731,11:08:12,56.81,107939,19,卖盘
1732,11:08:18,56.81,124982,22,卖盘
1733,11:08:21,56.8,68171,12,卖盘
1734,11:08:24,56.81,51123,9,买盘
1735,11:08:27,56.81,56810,10,买盘
1736,11:08:30,56.81,11362,2,买盘
1737,11:08:33,56.8,170400,30,卖盘
1738,11:08:36,56.81,45443,8,买盘
1739,11:08:39,56.81,11362,2,买盘
1740,11:08:42,56.81,505599,89,买盘
1741,11:08:45,56.81,187470,33,买盘
1742,11:08:48,56.81,45445,8,买盘
1743,11:08:51,56.8,45443,8,卖盘
1744,11:08:57,56.8,56801,10,卖盘
1745,11:09:00,56.8,22720,4,卖盘
1746,11:09:03,56.8,1760821,310,卖盘
1747,11:09:06,56.81,62481,11,买盘
1748,11:09:09,56.81,96563,17,买盘
1749,11:09:12,56.81,215872,38,买盘
1750,11:09:15,56.81,107938,19,买盘
1751,11:09:18,56.8,153372,27,卖盘
1752,11:09:21,56.8,17040,3,卖盘
1753,11:09:24,56.81,17043,3,买盘
1754,11:09:27,56.81,56810,10,买盘
1755,11:09:30,56.8,73849,13,卖盘
1756,11:09:33,56.82,45452,8,买盘
1757,11:09:39,56.82,28410,5,买盘
1758,11:09:42,56.82,39770,7,买盘
1759,11:09:45,56.81,28405,5,卖盘
1760,11:09:48,56.81,56810,10,卖盘
1761,11:09:51,56.81,17043,3,卖盘
1762,11:09:54,56.82,17045,3,买盘
1763,11:09:57,56.82,39771,7,买盘
1764,11:10:00,56.82,11363,2,买盘
1765,11:10:06,56.82,431725,76,买盘
1766,11:10:09,56.81,11362,2,买盘
1767,11:10:12,56.8,102246,18,卖盘
1768,11:10:15,56.82,85224,15,买盘
1769,11:10:18,56.81,45448,8,中性盘
1770,11:10:21,56.8,5680,1,卖盘
1771,11:10:24,56.81,403330,71,买盘
1772,11:10:27,56.81,22724,4,买盘
1773,11:10:30,56.81,5681,1,卖盘
1774,11:10:33,56.8,109064,19,卖盘
1775,11:10:36,56.82,28406,5,买盘
1776,11:10:39,56.81,45447,8,中性盘
1777,11:10:42,56.81,51128,9,买盘
1778,11:10:48,56.8,11360,2,卖盘
1779,11:10:51,56.81,56805,10,买盘
1780,11:10:54,56.8,22721,4,卖盘
1781,11:10:57,56.8,56800,10,卖盘
1782,11:11:00,56.81,11362,2,买盘
1783,11:11:03,56.8,1180304,208,卖盘
1784,11:11:06,56.8,22720,4,买盘
1785,11:11:09,56.79,11358,2,卖盘
1786,11:11:12,56.79,28399,5,卖盘
1787,11:11:15,56.8,34080,6,买盘
1788,11:11:18,56.79,335061,59,卖盘
1789,11:11:21,56.79,11358,2,买盘
1790,11:11:24,56.78,312332,55,卖盘
1791,11:11:27,56.79,5679,1,买盘
1792,11:11:30,56.79,5679,1,买盘
1793,11:11:45,56.79,363445,64,买盘
1794,11:11:48,56.79,28396,5,卖盘
1795,11:11:51,56.79,115852,20,卖盘
1796,11:11:54,56.78,567882,100,卖盘
1797,11:11:57,56.79,56790,10,买盘
1798,11:12:00,56.79,584809,103,买盘
1799,11:12:03,56.78,17036,3,卖盘
1800,11:12:06,56.78,5678,1,买盘
1801,11:12:09,56.78,51102,9,买盘
1802,11:12:12,56.78,34068,6,买盘
1803,11:12:15,56.78,164661,29,卖盘
1804,11:12:18,56.78,73826,13,卖盘
1805,11:12:21,56.79,11358,2,买盘
1806,11:12:24,56.79,170370,30,卖盘
1807,11:12:27,56.79,17037,3,卖盘
1808,11:12:30,56.79,11359,2,卖盘
1809,11:12:33,56.79,56790,10,卖盘
1810,11:12:36,56.8,22720,4,买盘
1811,11:12:45,56.8,11360,2,买盘
1812,11:12:48,56.79,5679,1,卖盘
1813,11:12:51,56.8,5680,1,买盘
1814,11:12:54,56.79,7951,1,卖盘
1815,11:13:00,56.8,5680,1,买盘
1816,11:13:03,56.8,698637,123,买盘
1817,11:13:06,56.8,278320,49,买盘
1818,11:13:09,56.8,834960,147,买盘
1819,11:13:12,56.8,142000,25,买盘
1820,11:13:15,56.8,130640,23,买盘
1821,11:13:18,56.8,73840,13,买盘
1822,11:13:21,56.8,39759,7,买盘
1823,11:13:24,56.8,11360,2,买盘
1824,11:13:27,56.8,62476,11,买盘
1825,11:13:30,56.8,273776,48,买盘
1826,11:13:33,56.81,11362,2,买盘
1827,11:13:36,56.81,28405,5,买盘
1828,11:13:39,56.81,5681,1,买盘
1829,11:13:42,56.8,73848,13,卖盘
1830,11:13:45,56.81,34085,6,买盘
1831,11:13:48,56.8,34084,6,卖盘
1832,11:13:51,56.81,34085,6,买盘
1833,11:13:54,56.82,11364,2,买盘
1834,11:13:57,56.81,34086,6,卖盘
1835,11:14:00,56.82,68184,12,买盘
1836,11:14:03,56.82,96584,17,买盘
1837,11:14:06,56.82,56820,10,买盘
1838,11:14:09,56.82,45456,8,买盘
1839,11:14:12,56.82,39773,7,买盘
1840,11:14:15,56.82,73866,13,买盘
1841,11:14:18,56.82,113649,20,买盘
1842,11:14:21,56.82,45456,8,买盘
1843,11:14:24,56.82,73866,13,买盘
1844,11:14:30,56.84,647864,114,买盘
1845,11:14:33,56.85,5685,1,买盘
1846,11:14:36,56.85,5685,1,买盘
1847,11:14:39,56.84,22737,4,卖盘
1848,11:14:42,56.85,5685,1,买盘
1849,11:14:45,56.84,45472,8,卖盘
1850,11:14:54,56.85,17054,3,买盘
1851,11:14:57,56.85,11369,2,买盘
1852,11:15:00,56.85,85272,15,买盘
1853,11:15:03,56.83,51150,9,卖盘
1854,11:15:06,56.84,11368,2,买盘
1855,11:15:09,56.84,17052,3,买盘
1856,11:15:18,56.83,85249,15,卖盘
1857,11:15:21,56.83,17048,3,中性盘
1858,11:15:24,56.82,17046,3,卖盘
1859,11:15:27,56.82,51146,9,卖盘
1860,11:15:30,56.82,5682,1,卖盘
1861,11:15:36,56.83,5683,1,买盘
1862,11:15:39,56.83,45462,8,买盘
1863,11:15:42,56.82,5682,1,卖盘
1864,11:15:45,56.83,51140,9,买盘
1865,11:15:48,56.83,73879,13,买盘
1866,11:15:51,56.83,22732,4,卖盘
1867,11:15:54,56.83,17049,3,卖盘
1868,11:15:57,56.83,28418,5,卖盘
1869,11:16:00,56.84,17052,3,买盘
1870,11:16:06,56.83,11366,2,卖盘
1871,11:16:09,56.83,51148,9,卖盘
1872,11:16:12,56.83,45464,8,卖盘
1873,11:16:18,56.84,17052,3,买盘
1874,11:16:21,56.84,17052,3,买盘
1875,11:16:24,56.84,17052,3,买盘
1876,11:16:27,56.84,11368,2,买盘
1877,11:16:30,56.84,28416,5,买盘
1878,11:16:33,56.84,79576,14,买盘
1879,11:16:36,56.85,34106,6,买盘
1880,11:16:42,56.85,45473,8,买盘
1881,11:16:45,56.85,11370,2,买盘
1882,11:16:54,56.85,5685,1,买盘
1883,11:17:00,56.85,5685,1,买盘
1884,11:17:03,56.85,17053,3,买盘
1885,11:17:06,56.84,22736,4,卖盘
1886,11:17:09,56.84,11368,2,卖盘
1887,11:17:12,56.85,102324,18,买盘
1888,11:17:15,56.85,17055,3,买盘
1889,11:17:18,56.84,17051,3,卖盘
1890,11:17:21,56.83,39790,7,卖盘
1891,11:17:24,56.83,5683,1,卖盘
1892,11:17:30,56.84,56840,10,买盘
1893,11:17:33,56.83,11366,2,卖盘
1894,11:17:36,56.83,17049,3,卖盘
1895,11:17:45,56.84,5684,1,买盘
1896,11:17:48,56.84,17052,3,买盘
1897,11:17:54,56.84,5684,1,买盘
1898,11:17:57,56.84,39788,7,买盘
1899,11:18:00,56.84,22735,4,买盘
1900,11:18:09,56.84,892389,157,买盘
1901,11:18:12,56.84,318304,56,卖盘
1902,11:18:15,56.84,45468,8,买盘
1903,11:18:21,56.83,295602,52,卖盘
1904,11:18:24,56.84,11367,2,买盘
1905,11:18:27,56.83,198906,35,卖盘
1906,11:18:30,56.83,11366,2,卖盘
1907,11:18:42,56.84,73883,13,买盘
1908,11:18:48,56.84,11368,2,买盘
1909,11:19:00,56.84,17052,3,买盘
1910,11:19:06,56.84,22736,4,卖盘
1911,11:19:12,56.84,17052,3,卖盘
1912,11:19:18,56.84,11368,2,买盘
1913,11:19:21,56.84,22736,4,买盘
1914,11:19:33,56.84,22736,4,买盘
1915,11:19:36,56.84,28420,5,买盘
1916,11:19:39,56.84,102312,18,买盘
1917,11:19:42,56.83,34103,6,卖盘
1918,11:19:45,56.85,136402,24,买盘
1919,11:19:51,56.84,90958,16,卖盘
1920,11:19:54,56.85,34110,6,买盘
1921,11:19:57,56.84,34104,6,卖盘
1922,11:20:00,56.84,11368,2,买盘
1923,11:20:06,56.84,34104,6,买盘
1924,11:20:15,56.84,28420,5,买盘
1925,11:20:21,56.84,17052,3,买盘
1926,11:20:24,56.83,22732,4,卖盘
1927,11:20:27,56.84,39786,7,买盘
1928,11:20:33,56.83,5683,1,卖盘
1929,11:20:36,56.83,22732,4,卖盘
1930,11:20:39,56.84,96612,17,买盘
1931,11:20:42,56.83,34098,6,卖盘
1932,11:20:45,56.83,352346,62,卖盘
1933,11:20:54,56.84,22736,4,买盘
1934,11:21:00,56.84,28420,5,买盘
1935,11:21:09,56.84,11367,2,买盘
1936,11:21:12,56.84,28420,5,买盘
1937,11:21:15,56.84,136416,24,买盘
1938,11:21:18,56.84,56840,10,买盘
1939,11:21:21,56.84,45472,8,买盘
1940,11:21:24,56.84,17052,3,买盘
1941,11:21:30,56.83,113660,20,卖盘
1942,11:21:33,56.83,22733,4,卖盘
1943,11:21:36,56.83,5683,1,卖盘
1944,11:21:39,56.84,85246,15,买盘
1945,11:21:42,56.84,5684,1,买盘
1946,11:21:45,56.83,45464,8,卖盘
1947,11:21:48,56.83,56831,10,卖盘
1948,11:21:51,56.83,17049,3,卖盘
1949,11:21:54,56.83,5683,1,卖盘
1950,11:22:00,56.84,17052,3,买盘
1951,11:22:03,56.82,221619,39,卖盘
1952,11:22:06,56.83,22732,4,卖盘
1953,11:22:12,56.83,11367,2,卖盘
1954,11:22:15,56.83,11367,2,卖盘
1955,11:22:18,56.82,102293,18,卖盘
1956,11:22:21,56.82,102276,18,卖盘
1957,11:22:33,56.82,45456,8,卖盘
1958,11:22:36,56.82,5682,1,卖盘
1959,11:22:42,56.82,28410,5,卖盘
1960,11:22:48,56.83,5683,1,买盘
1961,11:22:51,56.82,289782,51,卖盘
1962,11:22:54,56.81,34088,6,卖盘
1963,11:23:00,56.82,17046,3,买盘
1964,11:23:12,56.81,79534,14,卖盘
1965,11:23:15,56.82,51137,9,买盘
1966,11:23:18,56.81,136344,24,卖盘
1967,11:23:21,56.82,45455,8,买盘
1968,11:23:24,56.81,51132,9,卖盘
1969,11:23:27,56.82,352284,62,买盘
1970,11:23:30,56.82,125004,22,买盘
1971,11:23:33,56.82,22728,4,买盘
1972,11:23:36,56.82,5682,1,买盘
1973,11:23:39,56.82,5682,1,买盘
1974,11:23:42,56.81,159095,28,卖盘
1975,11:23:45,56.82,17046,3,买盘
1976,11:23:48,56.82,102265,18,买盘
1977,11:23:51,56.81,39769,7,卖盘
1978,11:23:57,56.82,5682,1,买盘
1979,11:24:03,56.82,113630,20,买盘
1980,11:24:06,56.81,17044,3,卖盘
1981,11:24:12,56.82,45456,8,买盘
1982,11:24:15,56.81,227240,40,卖盘
1983,11:24:21,56.82,511292,90,买盘
1984,11:24:24,56.81,28409,5,卖盘
1985,11:24:30,56.81,5681,1,卖盘
1986,11:24:33,56.82,5682,1,买盘
1987,11:24:36,56.81,39773,7,卖盘
1988,11:25:03,56.81,68179,12,卖盘
1989,11:25:09,56.82,5682,1,买盘
1990,11:25:18,56.82,5682,1,买盘
1991,11:25:21,56.82,11364,2,买盘
1992,11:25:27,56.82,11364,2,买盘
1993,11:25:30,56.81,22724,4,卖盘
1994,11:25:33,56.81,17044,3,卖盘
1995,11:25:39,56.81,56819,10,卖盘
1996,11:25:45,56.82,124998,22,买盘
1997,11:25:48,56.82,11364,2,买盘
1998,11:25:51,56.82,5682,1,买盘
1999,11:25:54,56.82,5682,1,买盘
2000,11:25:57,56.82,5682,1,买盘
2001,11:26:00,56.82,306828,54,买盘
2002,11:26:03,56.82,727296,128,买盘
2003,11:26:06,56.82,130686,23,买盘
2004,11:26:09,56.83,687523,121,买盘
2005,11:26:12,56.83,17048,3,买盘
2006,11:26:15,56.82,51144,9,卖盘
2007,11:26:18,56.83,28415,5,买盘
2008,11:26:21,56.83,227320,40,买盘
2009,11:26:24,56.84,11368,2,买盘
2010,11:26:27,56.84,5684,1,买盘
2011,11:26:33,56.84,62524,11,买盘
2012,11:26:36,56.83,5683,1,卖盘
2013,11:26:39,56.84,17051,3,买盘
2014,11:26:42,56.84,28420,5,买盘
2015,11:26:45,56.83,5683,1,卖盘
2016,11:26:48,56.84,45472,8,买盘
2017,11:26:51,56.84,34104,6,买盘
2018,11:26:54,56.84,17051,3,买盘
2019,11:26:57,56.84,73892,13,买盘
2020,11:27:03,56.85,17055,3,买盘
2021,11:27:12,56.85,5685,1,买盘
2022,11:27:21,56.85,5685,1,买盘
2023,11:27:24,56.85,68220,12,买盘
2024,11:27:30,56.85,34109,6,买盘
2025,11:27:36,56.84,68217,12,卖盘
2026,11:27:42,56.84,11369,2,卖盘
2027,11:27:45,56.85,5685,1,买盘
2028,11:27:48,56.85,56850,10,买盘
2029,11:27:51,56.85,11369,2,买盘
2030,11:27:54,56.84,45479,8,卖盘
2031,11:27:57,56.84,28420,5,卖盘
2032,11:28:00,56.85,22739,4,买盘
2033,11:28:03,56.85,11370,2,买盘
2034,11:28:06,56.86,79591,14,买盘
2035,11:28:12,56.85,113712,20,卖盘
2036,11:28:15,56.85,5685,1,买盘
2037,11:28:18,56.85,22740,4,买盘
2038,11:28:21,56.84,17052,3,卖盘
2039,11:28:24,56.84,73895,13,卖盘
2040,11:28:30,56.84,5684,1,卖盘
2041,11:28:36,56.85,68220,12,买盘
2042,11:28:39,56.85,11370,2,买盘
2043,11:28:42,56.85,28425,5,买盘
2044,11:28:45,56.85,22737,4,买盘
2045,11:28:51,56.84,90950,16,卖盘
2046,11:28:54,56.85,11370,2,中性盘
2047,11:29:00,56.83,181893,32,卖盘
2048,11:29:06,56.85,11370,2,买盘
2049,11:29:12,56.83,11366,2,卖盘
2050,11:29:15,56.84,11368,2,买盘
2051,11:29:21,56.83,22733,4,卖盘
2052,11:29:27,56.84,5684,1,买盘
2053,11:29:30,56.85,130738,23,买盘
2054,11:29:33,56.85,22739,4,买盘
2055,11:29:36,56.85,5685,1,买盘
2056,11:29:39,56.85,5685,1,买盘
2057,11:29:42,56.84,5684,1,卖盘
2058,11:29:45,56.84,5684,1,卖盘
2059,11:29:48,56.86,130765,23,买盘
2060,11:29:51,56.85,5685,1,卖盘
2061,13:00:00,56.86,85280,15,买盘
2062,13:00:03,56.85,938021,165,卖盘
2063,13:00:06,56.84,335418,59,卖盘
2064,13:00:09,56.88,216047,38,买盘
2065,13:00:12,56.86,39808,7,卖盘
2066,13:00:15,56.88,11376,2,买盘
2067,13:00:18,56.86,102335,18,卖盘
2068,13:00:21,56.86,45485,8,买盘
2069,13:00:27,56.85,34111,6,卖盘
2070,13:00:30,56.86,51174,9,买盘
2071,13:00:33,56.85,11372,2,卖盘
2072,13:00:39,56.86,22744,4,买盘
2073,13:00:42,56.85,11371,2,卖盘
2074,13:00:45,56.85,11371,2,卖盘
2075,13:00:48,56.86,5686,1,买盘
2076,13:00:51,56.84,210343,37,卖盘
2077,13:00:54,56.86,45485,8,买盘
2078,13:01:06,56.86,5686,1,买盘
2079,13:01:09,56.86,22744,4,买盘
2080,13:01:12,56.86,73913,13,卖盘
2081,13:01:15,56.86,17058,3,买盘
2082,13:01:21,56.86,28430,5,买盘
2083,13:01:33,56.86,15920,3,买盘
2084,13:01:36,56.86,45486,8,买盘
2085,13:01:39,56.86,11372,2,买盘
2086,13:01:42,56.85,5685,1,卖盘
2087,13:01:45,56.86,56853,10,买盘
2088,13:01:48,56.86,17058,3,买盘
2089,13:01:51,56.85,68220,12,卖盘
2090,13:01:54,56.85,28425,5,卖盘
2091,13:01:57,56.85,12506,2,卖盘
2092,13:02:00,56.85,22737,4,买盘
2093,13:02:03,56.84,22739,4,卖盘
2094,13:02:06,56.84,45475,8,卖盘
2095,13:02:09,56.85,17054,3,买盘
2096,13:02:12,56.84,61394,11,卖盘
2097,13:02:18,56.84,17052,3,卖盘
2098,13:02:24,56.84,5684,1,卖盘
2099,13:02:27,56.84,39790,7,卖盘
2100,13:02:30,56.85,11370,2,买盘
2101,13:02:36,56.84,22736,4,卖盘
2102,13:02:39,56.84,5684,1,卖盘
2103,13:02:42,56.84,11369,2,卖盘
2104,13:02:48,56.84,136416,24,卖盘
2105,13:02:51,56.85,28424,5,买盘
2106,13:02:54,56.85,11369,2,买盘
2107,13:03:00,56.85,11369,2,买盘
2108,13:03:03,56.84,159152,28,卖盘
2109,13:03:06,56.84,251239,44,卖盘
2110,13:03:09,56.84,68208,12,买盘
2111,13:03:12,56.83,17051,3,卖盘
2112,13:03:15,56.84,22736,4,买盘
2113,13:03:21,56.83,62513,11,卖盘
2114,13:03:24,56.84,56840,10,买盘
2115,13:03:36,56.84,11368,2,买盘
2116,13:03:39,56.83,45469,8,卖盘
2117,13:03:42,56.84,28420,5,买盘
2118,13:03:45,56.84,107996,19,买盘
2119,13:03:48,56.84,39788,7,买盘
2120,13:03:51,56.83,73880,13,卖盘
2121,13:03:54,56.83,96613,17,卖盘
2122,13:03:57,56.84,11368,2,买盘
2123,13:04:00,56.84,39786,7,买盘
2124,13:04:03,56.83,346663,61,卖盘
2125,13:04:06,56.83,68196,12,买盘
2126,13:04:09,56.84,960349,169,买盘
2127,13:04:12,56.84,142099,25,买盘
2128,13:04:15,56.84,51141,9,买盘
2129,13:04:18,56.84,130732,23,买盘
2130,13:04:21,56.83,102314,18,卖盘
2131,13:04:27,56.84,17053,3,中性盘
2132,13:04:33,56.85,11370,2,买盘
2133,13:04:45,56.84,45472,8,卖盘
2134,13:04:48,56.85,5685,1,买盘
2135,13:04:54,56.84,136418,24,卖盘
2136,13:04:57,56.84,22736,4,买盘
2137,13:05:00,56.85,39794,7,买盘
2138,13:05:03,56.84,22736,4,买盘
2139,13:05:15,56.85,45478,8,买盘
2140,13:05:18,56.85,11370,2,买盘
2141,13:05:21,56.85,11370,2,买盘
2142,13:05:24,56.84,11368,2,卖盘
2143,13:05:30,56.84,5684,1,卖盘
2144,13:05:33,56.84,39788,7,卖盘
2145,13:05:36,56.84,335358,59,卖盘
2146,13:05:39,56.85,62529,11,买盘
2147,13:05:42,56.85,272879,48,买盘
2148,13:05:45,56.86,375219,66,买盘
2149,13:05:48,56.85,437710,77,卖盘
2150,13:05:51,56.86,39802,7,买盘
2151,13:05:54,56.86,5686,1,买盘
2152,13:05:57,56.86,11372,2,买盘
2153,13:06:00,56.86,11372,2,买盘
2154,13:06:03,56.86,56860,10,买盘
2155,13:06:06,56.85,39798,7,卖盘
2156,13:06:09,56.86,22744,4,买盘
2157,13:06:12,56.86,22744,4,买盘
2158,13:06:18,56.86,56860,10,买盘
2159,13:06:21,56.83,284196,50,卖盘
2160,13:06:24,56.85,45480,8,买盘
2161,13:06:27,56.86,39801,7,买盘
2162,13:06:33,56.86,5686,1,买盘
2163,13:06:45,56.84,11368,2,卖盘
2164,13:06:48,56.85,45480,8,买盘
2165,13:06:51,56.86,39796,7,买盘
2166,13:06:54,56.86,28426,5,买盘
2167,13:06:57,56.86,17058,3,买盘
2168,13:07:00,56.84,56840,10,卖盘
2169,13:07:03,56.84,5684,1,卖盘
2170,13:07:09,56.86,45486,8,买盘
2171,13:07:12,56.86,11371,2,买盘
2172,13:07:15,56.86,5686,1,买盘
2173,13:07:18,56.86,22744,4,买盘
2174,13:07:21,56.86,17056,3,买盘
2175,13:07:24,56.86,17058,3,买盘
2176,13:07:33,56.85,17055,3,卖盘
2177,13:07:36,56.84,28422,5,卖盘
2178,13:07:39,56.86,28425,5,买盘
2179,13:07:42,56.86,5686,1,买盘
2180,13:07:54,56.85,17055,3,中性盘
2181,13:07:57,56.84,113699,20,卖盘
2182,13:08:03,56.85,22740,4,买盘
2183,13:08:06,56.86,5686,1,买盘
2184,13:08:12,56.86,11372,2,买盘
2185,13:08:18,56.85,11369,2,中性盘
2186,13:08:21,56.84,147788,26,卖盘
2187,13:08:24,56.85,11370,2,买盘
2188,13:08:27,56.85,62533,11,买盘
2189,13:08:30,56.85,5685,1,买盘
2190,13:08:36,56.84,51162,9,卖盘
2191,13:08:39,56.85,250140,44,买盘
2192,13:08:42,56.86,113692,20,买盘
2193,13:08:48,56.86,5686,1,买盘
2194,13:08:51,56.86,11372,2,买盘
2195,13:08:54,56.86,5686,1,买盘
2196,13:09:00,56.86,34111,6,买盘
2197,13:09:03,56.85,11370,2,卖盘
2198,13:09:06,56.85,17056,3,卖盘
2199,13:09:09,56.85,34111,6,卖盘
2200,13:09:12,56.86,22744,4,买盘
2201,13:09:15,56.85,90964,16,卖盘
2202,13:09:18,56.86,5686,1,买盘
2203,13:09:21,56.85,5685,1,卖盘
2204,13:09:30,56.86,11372,2,买盘
2205,13:09:36,56.86,56858,10,买盘
2206,13:09:42,56.86,136464,24,买盘
2207,13:09:45,56.86,45487,8,买盘
2208,13:09:48,56.86,363904,64,买盘
2209,13:09:51,56.85,119419,21,卖盘
2210,13:09:54,56.87,22748,4,买盘
2211,13:09:57,56.86,5686,1,卖盘
2212,13:10:00,56.86,5686,1,卖盘
2213,13:10:03,56.86,28431,5,卖盘
2214,13:10:06,56.86,11372,2,买盘
2215,13:10:09,56.86,180787,32,买盘
2216,13:10:12,56.86,11372,2,买盘
2217,13:10:18,56.85,22740,4,卖盘
2218,13:10:21,56.85,17057,3,卖盘
2219,13:10:27,56.85,136460,24,卖盘
2220,13:10:30,56.85,22746,4,卖盘
2221,13:10:33,56.85,17059,3,卖盘
2222,13:10:36,56.85,5685,1,卖盘
2223,13:10:39,56.86,5686,1,中性盘
2224,13:10:42,56.85,11370,2,卖盘
2225,13:10:51,56.87,5687,1,买盘
2226,13:10:54,56.86,17059,3,中性盘
2227,13:11:00,56.87,17060,3,买盘
2228,13:11:09,56.86,39802,7,卖盘
2229,13:11:15,56.87,5687,1,买盘
2230,13:11:18,56.87,312785,55,买盘
2231,13:11:21,56.87,108066,19,卖盘
2232,13:11:24,56.87,22751,4,卖盘
2233,13:11:27,56.88,17064,3,买盘
2234,13:11:30,56.87,28439,5,卖盘
2235,13:11:33,56.88,17062,3,买盘
2236,13:11:39,56.87,5687,1,卖盘
2237,13:11:42,56.88,17064,3,买盘
2238,13:11:45,56.87,125116,22,卖盘
2239,13:11:48,56.88,125133,22,买盘
2240,13:11:51,56.89,51195,9,买盘
2241,13:11:57,56.88,11376,2,卖盘
2242,13:12:00,56.88,17064,3,买盘
2243,13:12:03,56.88,34128,6,买盘
2244,13:12:06,56.89,5689,1,买盘
2245,13:12:09,56.87,170617,30,卖盘
2246,13:12:12,56.88,22752,4,买盘
2247,13:12:21,56.88,5688,1,买盘
2248,13:12:24,56.88,45504,8,中性盘
2249,13:12:30,56.88,11376,2,买盘
2250,13:12:39,56.88,11376,2,买盘
2251,13:12:48,56.88,45504,8,买盘
2252,13:12:51,56.88,17064,3,买盘
2253,13:12:54,56.88,5688,1,买盘
2254,13:13:00,56.87,11375,2,卖盘
2255,13:13:03,56.88,22752,4,买盘
2256,13:13:09,56.88,130824,23,买盘
2257,13:13:12,56.88,51191,9,买盘
2258,13:13:15,56.88,68256,12,买盘
2259,13:13:18,56.88,45504,8,买盘
2260,13:13:21,56.88,5688,1,买盘
2261,13:13:24,56.88,68256,12,买盘
2262,13:13:27,56.87,147878,26,卖盘
2263,13:13:30,56.88,28440,5,买盘
2264,13:13:33,56.87,68254,12,卖盘
2265,13:13:36,56.89,45506,8,买盘
2266,13:13:39,56.89,17067,3,买盘
2267,13:13:42,56.89,11378,2,买盘
2268,13:13:45,56.88,34128,6,卖盘
2269,13:13:51,56.88,5688,1,买盘
2270,13:13:54,56.88,17064,3,买盘
2271,13:14:00,56.88,11375,2,买盘
2272,13:14:06,56.88,56880,10,买盘
2273,13:14:09,56.88,170639,30,卖盘
2274,13:14:12,56.87,22750,4,卖盘
2275,13:14:15,56.87,102384,18,卖盘
2276,13:14:18,56.87,39811,7,卖盘
2277,13:14:21,56.87,22750,4,卖盘
2278,13:14:24,56.88,11376,2,买盘
2279,13:14:27,56.88,17064,3,买盘
2280,13:14:30,56.88,17064,3,买盘
2281,13:14:45,56.89,113761,20,买盘
2282,13:14:48,56.88,45504,8,卖盘
2283,13:14:51,56.87,96695,17,卖盘
2284,13:14:54,56.88,28438,5,买盘
2285,13:15:00,56.88,17064,3,买盘
2286,13:15:03,56.87,22751,4,卖盘
2287,13:15:09,56.89,22754,4,买盘
2288,13:15:15,56.89,11378,2,买盘
2289,13:15:18,56.89,11378,2,买盘
2290,13:15:21,56.88,11376,2,卖盘
2291,13:15:24,56.88,17065,3,卖盘
2292,13:15:27,56.88,51194,9,卖盘
2293,13:15:30,56.87,28435,5,卖盘
2294,13:15:33,56.89,34130,6,买盘
2295,13:15:36,56.88,5688,1,卖盘
2296,13:15:39,56.88,5688,1,卖盘
2297,13:15:42,56.89,11378,2,买盘
2298,13:15:45,56.88,233219,41,卖盘
2299,13:15:48,56.89,22756,4,买盘
2300,13:15:51,56.88,11376,2,卖盘
2301,13:16:00,56.88,22752,4,卖盘
2302,13:16:03,56.88,34132,6,卖盘
2303,13:16:06,56.89,5689,1,买盘
2304,13:16:12,56.89,17067,3,买盘
2305,13:16:15,56.89,22756,4,买盘
2306,13:16:30,56.88,11377,2,卖盘
2307,13:16:39,56.89,5689,1,买盘
2308,13:16:45,56.88,79632,14,卖盘
2309,13:16:48,56.88,28440,5,卖盘
2310,13:16:51,56.89,22756,4,买盘
2311,13:16:57,56.88,267336,47,卖盘
2312,13:17:00,56.89,39822,7,买盘
2313,13:17:03,56.88,39818,7,卖盘
2314,13:17:06,56.88,187708,33,卖盘
2315,13:17:09,56.89,34130,6,买盘
2316,13:17:12,56.88,96711,17,卖盘
2317,13:17:15,56.88,147911,26,卖盘
2318,13:17:18,56.89,39823,7,买盘
2319,13:17:21,56.89,170644,30,买盘
2320,13:17:24,56.88,51199,9,卖盘
2321,13:17:27,56.88,62573,11,卖盘
2322,13:17:30,56.89,11378,2,买盘
2323,13:17:33,56.88,11376,2,卖盘
2324,13:17:36,56.89,62577,11,买盘
2325,13:17:39,56.9,17067,3,买盘
2326,13:17:51,56.9,70556,12,买盘
2327,13:17:54,56.9,5690,1,卖盘
2328,13:18:00,56.9,62590,11,卖盘
2329,13:18:03,56.91,5691,1,买盘
2330,13:18:06,56.9,11380,2,卖盘
2331,13:18:12,56.91,5691,1,买盘
2332,13:18:21,56.91,34146,6,买盘
2333,13:18:24,56.91,5691,1,买盘
2334,13:18:27,56.91,17073,3,买盘
2335,13:18:30,56.9,91040,16,卖盘
2336,13:18:36,56.91,17073,3,买盘
2337,13:18:39,56.91,22764,4,买盘
2338,13:18:45,56.91,11382,2,买盘
2339,13:18:48,56.91,17073,3,买盘
2340,13:18:54,56.91,5691,1,买盘
2341,13:19:00,56.9,17070,3,卖盘
2342,13:19:03,56.91,94461,17,买盘
2343,13:19:06,56.9,5690,1,中性盘
2344,13:19:09,56.9,5690,1,买盘
2345,13:19:12,56.89,5689,1,卖盘
2346,13:19:18,56.89,5689,1,卖盘
2347,13:19:24,56.89,11378,2,卖盘
2348,13:19:27,56.89,5689,1,卖盘
2349,13:19:36,56.9,62590,11,买盘
2350,13:19:39,56.9,147916,26,买盘
2351,13:19:42,56.9,56900,10,买盘
2352,13:19:45,56.9,168414,30,买盘
2353,13:19:48,56.9,36416,6,卖盘
2354,13:19:51,56.9,94454,17,买盘
2355,13:19:54,56.9,22762,4,卖盘
2356,13:19:57,56.9,5690,1,卖盘
2357,13:20:03,56.89,28447,5,卖盘
2358,13:20:06,56.9,11380,2,买盘
2359,13:20:09,56.9,91029,16,买盘
2360,13:20:15,56.9,17070,3,买盘
2361,13:20:24,56.89,11378,2,卖盘
2362,13:20:27,56.89,85337,15,卖盘
2363,13:20:30,56.9,45507,8,买盘
2364,13:20:33,56.89,11378,2,买盘
2365,13:20:36,56.89,11378,2,买盘
2366,13:20:39,56.89,17067,3,中性盘
2367,13:20:42,56.89,17067,3,买盘
2368,13:20:45,56.88,17064,3,卖盘
2369,13:20:48,56.89,56890,10,买盘
2370,13:20:51,56.89,5689,1,买盘
2371,13:20:54,56.89,17069,3,中性盘
2372,13:20:57,56.89,5689,1,卖盘
2373,13:21:00,56.89,64845,11,中性盘
2374,13:21:03,56.88,5688,1,卖盘
2375,13:21:09,56.89,17069,3,卖盘
2376,13:21:15,56.89,11378,2,买盘
2377,13:21:18,56.89,17065,3,买盘
2378,13:21:21,56.87,1652930,291,卖盘
2379,13:21:24,56.85,881349,155,卖盘
2380,13:21:27,56.86,295623,52,买盘
2381,13:21:30,56.85,5685,1,卖盘
2382,13:21:33,56.85,22740,4,卖盘
2383,13:21:36,56.86,28427,5,买盘
2384,13:21:39,56.86,62546,11,买盘
2385,13:21:42,56.85,119400,21,卖盘
2386,13:21:48,56.85,11370,2,买盘
2387,13:21:51,56.85,68220,12,买盘
2388,13:21:57,56.85,119385,21,卖盘
2389,13:22:03,56.85,11370,2,卖盘
2390,13:22:06,56.83,153470,27,卖盘
2391,13:22:09,56.84,34104,6,买盘
2392,13:22:12,56.84,11368,2,中性盘
2393,13:22:15,56.85,11370,2,买盘
2394,13:22:18,56.85,22741,4,买盘
2395,13:22:21,56.86,204679,36,买盘
2396,13:22:27,56.86,5686,1,买盘
2397,13:22:33,56.86,11371,2,买盘
2398,13:22:36,56.85,5685,1,卖盘
2399,13:22:39,56.86,108034,19,买盘
2400,13:22:42,56.86,56860,10,卖盘
2401,13:22:51,56.84,17052,3,卖盘
2402,13:22:54,56.85,17055,3,买盘
2403,13:22:57,56.84,11368,2,卖盘
2404,13:23:00,56.84,11368,2,卖盘
2405,13:23:03,56.84,28422,5,卖盘
2406,13:23:06,56.85,22740,4,买盘
2407,13:23:09,56.85,11370,2,买盘
2408,13:23:12,56.84,68208,12,卖盘
2409,13:23:15,56.85,5685,1,买盘
2410,13:23:39,56.85,28425,5,买盘
2411,13:23:51,56.85,108015,19,买盘
2412,13:23:54,56.85,119385,21,买盘
2413,13:24:00,56.85,5685,1,买盘
2414,13:24:03,56.85,11370,2,买盘
2415,13:24:06,56.85,22740,4,买盘
2416,13:24:09,56.85,11370,2,买盘
2417,13:24:12,56.85,11370,2,卖盘
2418,13:24:15,56.84,34104,6,卖盘
2419,13:24:18,56.86,28430,5,买盘
2420,13:24:21,56.85,51173,9,卖盘
2421,13:24:24,56.86,11372,2,买盘
2422,13:24:33,56.85,17057,3,卖盘
2423,13:24:36,56.85,5685,1,卖盘
2424,13:24:39,56.85,39796,7,卖盘
2425,13:24:42,56.84,79578,14,卖盘
2426,13:25:00,56.84,5684,1,卖盘
2427,13:25:06,56.84,17052,3,卖盘
2428,13:25:09,56.84,34104,6,卖盘
2429,13:25:12,56.84,130732,23,卖盘
2430,13:25:15,56.85,5685,1,买盘
2431,13:25:30,56.84,335362,59,卖盘
2432,13:25:33,56.84,5684,1,买盘
2433,13:25:39,56.83,119343,21,卖盘
2434,13:25:42,56.83,79571,14,卖盘
2435,13:25:45,56.83,181857,32,卖盘
2436,13:25:48,56.82,380752,67,卖盘
2437,13:25:51,56.82,113640,20,卖盘
2438,13:25:54,56.82,22729,4,卖盘
2439,13:26:03,56.82,28411,5,卖盘
2440,13:26:09,56.82,34097,6,卖盘
2441,13:26:15,56.82,5682,1,卖盘
2442,13:26:18,56.83,22731,4,买盘
2443,13:26:21,56.83,454575,80,买盘
2444,13:26:24,56.82,142050,25,卖盘
2445,13:26:27,56.82,22728,4,卖盘
2446,13:26:30,56.81,153416,27,卖盘
2447,13:26:33,56.82,5682,1,中性盘
2448,13:26:39,56.82,11364,2,卖盘
2449,13:26:45,56.82,39774,7,卖盘
2450,13:26:48,56.82,17047,3,卖盘
2451,13:26:51,56.82,5682,1,卖盘
2452,13:26:54,56.82,22728,4,卖盘
2453,13:26:57,56.83,17049,3,买盘
2454,13:27:00,56.82,5682,1,卖盘
2455,13:27:03,56.82,170460,30,卖盘
2456,13:27:12,56.83,11366,2,买盘
2457,13:27:15,56.83,22732,4,买盘
2458,13:27:18,56.83,164807,29,买盘
2459,13:27:21,56.83,85245,15,买盘
2460,13:27:24,56.83,51147,9,买盘
2461,13:27:30,56.83,17049,3,卖盘
2462,13:27:33,56.84,5684,1,买盘
2463,13:27:39,56.83,96612,17,卖盘
2464,13:27:42,56.83,164823,29,卖盘
2465,13:27:48,56.84,11368,2,买盘
2466,13:27:51,56.84,68201,12,买盘
2467,13:27:57,56.84,22736,4,买盘
2468,13:28:00,56.84,73892,13,买盘
2469,13:28:03,56.84,278536,49,买盘
2470,13:28:06,56.84,85260,15,买盘
2471,13:28:15,56.84,11368,2,卖盘
2472,13:28:18,56.84,17053,3,卖盘
2473,13:28:21,56.85,39790,7,买盘
2474,13:28:36,56.85,22740,4,买盘
2475,13:28:39,56.84,187601,33,卖盘
2476,13:28:45,56.84,5684,1,卖盘
2477,13:28:48,56.84,45472,8,卖盘
2478,13:28:51,56.86,5686,1,买盘
2479,13:28:54,56.85,17055,3,买盘
2480,13:28:57,56.85,28423,5,买盘
2481,13:29:00,56.85,5685,1,买盘
2482,13:29:03,56.85,5685,1,买盘
2483,13:29:06,56.85,22738,4,买盘
2484,13:29:09,56.84,5684,1,卖盘
2485,13:29:12,56.84,5684,1,卖盘
2486,13:29:15,56.84,68213,12,卖盘
2487,13:29:18,56.84,28422,5,卖盘
2488,13:29:21,56.84,107996,19,卖盘
2489,13:29:24,56.85,17055,3,买盘
2490,13:29:27,56.84,17052,3,卖盘
2491,13:29:30,56.85,176206,31,买盘
2492,13:29:36,56.84,28422,5,卖盘
2493,13:29:42,56.85,96645,17,买盘
2494,13:29:48,56.84,528612,93,卖盘
2495,13:29:51,56.81,1136411,200,卖盘
2496,13:29:54,56.81,159122,28,卖盘
2497,13:29:57,56.84,51134,9,买盘
2498,13:30:06,56.83,5683,1,买盘
2499,13:30:15,56.83,51139,9,买盘
2500,13:30:21,56.83,5683,1,卖盘
2501,13:30:24,56.84,22736,4,买盘
2502,13:30:27,56.83,102296,18,卖盘
2503,13:30:30,56.84,210274,37,买盘
2504,13:30:36,56.83,22732,4,买盘
2505,13:30:45,56.83,85244,15,买盘
2506,13:30:48,56.83,5683,1,卖盘
2507,13:30:51,56.84,5684,1,买盘
2508,13:30:54,56.82,164779,29,卖盘
2509,13:30:57,56.83,34097,6,买盘
2510,13:31:00,56.82,39777,7,卖盘
2511,13:31:03,56.84,11366,2,买盘
2512,13:31:06,56.84,28420,5,买盘
2513,13:31:09,56.82,142050,25,卖盘
2514,13:31:12,56.82,267054,47,卖盘
2515,13:31:15,56.82,125004,22,卖盘
2516,13:31:18,56.81,22727,4,卖盘
2517,13:31:21,56.83,11366,2,买盘
2518,13:31:24,56.81,34086,6,卖盘
2519,13:31:33,56.81,51135,9,卖盘
2520,13:31:36,56.81,11362,2,卖盘
2521,13:31:39,56.81,22724,4,卖盘
2522,13:31:45,56.81,39772,7,卖盘
2523,13:31:48,56.81,102258,18,卖盘
2524,13:31:51,56.82,17046,3,买盘
2525,13:31:54,56.83,113656,20,买盘
2526,13:31:57,56.82,5682,1,中性盘
2527,13:32:00,56.82,73866,13,买盘
2528,13:32:06,56.82,56820,10,卖盘
2529,13:32:09,56.82,11364,2,卖盘
2530,13:32:12,56.82,39774,7,买盘
2531,13:32:33,56.82,113640,20,卖盘
2532,13:32:36,56.83,96611,17,买盘
2533,13:32:39,56.83,85245,15,买盘
2534,13:32:45,56.83,17049,3,卖盘
2535,13:32:48,56.82,193203,34,卖盘
2536,13:32:51,56.82,17046,3,卖盘
2537,13:32:57,56.82,17046,3,卖盘
2538,13:33:00,56.83,5683,1,买盘
2539,13:33:09,56.83,142075,25,买盘
2540,13:33:12,56.82,5682,1,卖盘
2541,13:33:15,56.83,5683,1,买盘
2542,13:33:21,56.82,17048,3,卖盘
2543,13:33:24,56.83,39781,7,买盘
2544,13:33:30,56.83,17048,3,买盘
2545,13:33:33,56.82,45462,8,卖盘
2546,13:33:39,56.82,17046,3,卖盘
2547,13:33:42,56.82,210240,37,卖盘
2548,13:33:45,56.82,17047,3,卖盘
2549,13:33:48,56.82,22728,4,卖盘
2550,13:33:51,56.83,45464,8,买盘
2551,13:33:54,56.82,17046,3,卖盘
2552,13:33:57,56.83,17047,3,买盘
2553,13:34:00,56.82,22728,4,卖盘
2554,13:34:06,56.82,79552,14,卖盘
2555,13:34:09,56.83,5683,1,买盘
2556,13:34:12,56.83,164806,29,买盘
2557,13:34:15,56.83,45460,8,买盘
2558,13:34:18,56.83,39780,7,买盘
2559,13:34:21,56.83,215975,38,卖盘
2560,13:34:27,56.83,147759,26,卖盘
2561,13:34:36,56.83,11366,2,卖盘
2562,13:34:39,56.82,34092,6,卖盘
2563,13:34:42,56.82,22728,4,卖盘
2564,13:34:45,56.83,5683,1,买盘
2565,13:34:57,56.83,17049,3,买盘
2566,13:35:00,56.83,34098,6,买盘
2567,13:35:03,56.83,5683,1,买盘
2568,13:35:06,56.83,17049,3,买盘
2569,13:35:12,56.83,17049,3,买盘
2570,13:35:18,56.83,17049,3,买盘
2571,13:35:21,56.82,5682,1,卖盘
2572,13:35:24,56.82,17046,3,卖盘
2573,13:35:27,56.82,39777,7,卖盘
2574,13:35:30,56.82,22728,4,卖盘
2575,13:35:33,56.82,414786,73,卖盘
2576,13:35:36,56.82,79546,14,中性盘
2577,13:35:39,56.82,51138,9,卖盘
2578,13:35:42,56.82,22728,4,买盘
2579,13:35:45,56.82,5682,1,买盘
2580,13:35:48,56.82,17044,3,买盘
2581,13:35:51,56.82,39771,7,买盘
2582,13:35:54,56.82,22728,4,买盘
2583,13:35:57,56.82,5682,1,卖盘
2584,13:36:06,56.82,17046,3,卖盘
2585,13:36:09,56.81,124987,22,卖盘
2586,13:36:12,56.82,11363,2,中性盘
2587,13:36:15,56.82,17046,3,卖盘
2588,13:36:18,56.82,5682,1,卖盘
2589,13:36:21,56.82,34093,6,卖盘
2590,13:36:24,56.81,420410,74,卖盘
2591,13:36:27,56.81,34088,6,卖盘
2592,13:36:30,56.81,22724,4,卖盘
2593,13:36:33,56.81,11362,2,卖盘
2594,13:36:39,56.82,17046,3,买盘
2595,13:36:45,56.82,11364,2,买盘
2596,13:36:51,56.82,11364,2,买盘
2597,13:36:54,56.82,397690,70,买盘
2598,13:36:57,56.81,68183,12,卖盘
2599,13:37:00,56.81,5681,1,卖盘
2600,13:37:09,56.81,130680,23,卖盘
2601,13:37:12,56.8,499930,88,卖盘
2602,13:37:15,56.8,45440,8,卖盘
2603,13:37:18,56.8,5680,1,卖盘
2604,13:37:21,56.81,136344,24,买盘
2605,13:37:24,56.81,107939,19,卖盘
2606,13:37:27,56.81,22724,4,卖盘
2607,13:37:30,56.81,102258,18,卖盘
2608,13:37:33,56.8,28401,5,卖盘
2609,13:37:36,56.8,17042,3,卖盘
2610,13:37:42,56.81,5681,1,买盘
2611,13:37:45,56.81,295462,52,中性盘
2612,13:37:48,56.82,22726,4,买盘
2613,13:37:51,56.81,5681,1,中性盘
2614,13:37:54,56.8,5680,1,卖盘
2615,13:37:57,56.82,22727,4,买盘
2616,13:38:00,56.8,17042,3,卖盘
2617,13:38:03,56.8,1249601,220,卖盘
2618,13:38:06,56.8,289683,51,卖盘
2619,13:38:09,56.8,17040,3,卖盘
2620,13:38:12,56.81,5681,1,买盘
2621,13:38:15,56.8,34080,6,卖盘
2622,13:38:18,56.8,5680,1,卖盘
2623,13:38:21,56.79,1652873,291,卖盘
2624,13:38:24,56.79,96544,17,卖盘
2625,13:38:27,56.79,136296,24,卖盘
2626,13:38:30,56.79,22716,4,卖盘
2627,13:38:33,56.8,90879,16,买盘
2628,13:38:36,56.79,39753,7,卖盘
2629,13:38:39,56.79,11359,2,卖盘
2630,13:38:45,56.8,102240,18,买盘
2631,13:38:51,56.8,39760,7,买盘
2632,13:39:00,56.8,17040,3,买盘
2633,13:39:03,56.79,11359,2,卖盘
2634,13:39:09,56.8,136320,24,买盘
2635,13:39:12,56.79,170370,30,卖盘
2636,13:39:15,56.79,68158,12,卖盘
2637,13:39:18,56.8,68160,12,买盘
2638,13:39:21,56.8,5680,1,买盘
2639,13:39:24,56.8,5680,1,买盘
2640,13:39:27,56.79,34075,6,卖盘
2641,13:39:30,56.8,62480,11,买盘
2642,13:39:33,56.82,102251,18,买盘
2643,13:39:36,56.8,17040,3,卖盘
2644,13:39:45,56.8,5680,1,买盘
2645,13:39:48,56.82,45450,8,买盘
2646,13:39:51,56.81,5681,1,中性盘
2647,13:40:00,56.81,11362,2,买盘
2648,13:40:03,56.8,34080,6,卖盘
2649,13:40:06,56.8,45440,8,卖盘
2650,13:40:09,56.8,5680,1,卖盘
2651,13:40:12,56.8,85205,15,卖盘
2652,13:40:15,56.81,34086,6,买盘
2653,13:40:24,56.8,193157,34,卖盘
2654,13:40:30,56.81,22725,4,买盘
2655,13:40:33,56.82,130648,23,买盘
2656,13:40:36,56.81,56819,10,卖盘
2657,13:40:39,56.82,28410,5,买盘
2658,13:40:42,56.81,45453,8,卖盘
2659,13:40:45,56.81,56810,10,卖盘
2660,13:40:54,56.81,56806,10,买盘
2661,13:40:57,56.8,51121,9,卖盘
2662,13:41:03,56.81,11362,2,买盘
2663,13:41:06,56.81,11362,2,买盘
2664,13:41:09,56.8,39761,7,卖盘
2665,13:41:12,56.8,56802,10,卖盘
2666,13:41:15,56.8,90881,16,卖盘
2667,13:41:18,56.8,11360,2,买盘
2668,13:41:21,56.8,130640,23,买盘
2669,13:41:24,56.79,170408,30,卖盘
2670,13:41:27,56.8,255566,45,中性盘
2671,13:41:30,56.83,374996,66,买盘
2672,13:41:36,56.81,51129,9,买盘
2673,13:41:39,56.81,22724,4,买盘
2674,13:41:45,56.8,5680,1,卖盘
2675,13:41:54,56.8,5680,1,卖盘
2676,13:42:00,56.81,73847,13,买盘
2677,13:42:03,56.83,56829,10,买盘
2678,13:42:06,56.83,28414,5,买盘
2679,13:42:09,56.81,56816,10,卖盘
2680,13:42:12,56.81,17043,3,卖盘
2681,13:42:15,56.83,125026,22,买盘
2682,13:42:24,56.8,153389,27,卖盘
2683,13:42:27,56.83,34097,6,买盘
2684,13:42:30,56.83,17049,3,买盘
2685,13:42:33,56.8,45441,8,卖盘
2686,13:42:36,56.83,22732,4,买盘
2687,13:42:42,56.8,45440,8,卖盘
2688,13:42:45,56.82,56819,10,买盘
2689,13:42:48,56.8,204449,36,中性盘
2690,13:42:54,56.81,17043,3,买盘
2691,13:42:57,56.8,5680,1,中性盘
2692,13:43:00,56.81,11362,2,买盘
2693,13:43:03,56.81,34086,6,买盘
2694,13:43:06,56.81,11362,2,买盘
2695,13:43:09,56.8,45442,8,卖盘
2696,13:43:12,56.82,28410,5,买盘
2697,13:43:18,56.8,11360,2,卖盘
2698,13:43:24,56.8,56800,10,卖盘
2699,13:43:27,56.8,22720,4,买盘
2700,13:43:30,56.8,11360,2,买盘
2701,13:43:33,56.8,17040,3,买盘
2702,13:43:36,56.81,22720,4,买盘
2703,13:43:39,56.81,11362,2,买盘
2704,13:43:42,56.81,5681,1,买盘
2705,13:43:45,56.8,51128,9,卖盘
2706,13:43:48,56.79,17040,3,卖盘
2707,13:43:51,56.81,22723,4,买盘
2708,13:43:57,56.81,5681,1,买盘
2709,13:44:03,56.79,22717,4,卖盘
2710,13:44:09,56.81,113594,20,买盘
2711,13:44:12,56.81,51123,9,买盘
2712,13:44:15,56.81,68162,12,买盘
2713,13:44:18,56.79,124947,22,卖盘
2714,13:44:21,56.79,39753,7,卖盘
2715,13:44:24,56.79,28395,5,卖盘
2716,13:44:27,56.79,17037,3,卖盘
2717,13:44:33,56.79,102222,18,卖盘
2718,13:44:36,56.79,414585,73,卖盘
2719,13:44:39,56.79,62476,11,卖盘
2720,13:44:42,56.79,34078,6,卖盘
2721,13:44:48,56.8,5680,1,买盘
2722,13:44:51,56.8,34080,6,买盘
2723,13:44:54,56.79,44296,8,卖盘
2724,13:44:57,56.79,28395,5,买盘
2725,13:45:00,56.79,56790,10,买盘
2726,13:45:03,56.79,39753,7,买盘
2727,13:45:06,56.79,68148,12,买盘
2728,13:45:12,56.79,52247,9,买盘
2729,13:45:15,56.8,90880,16,买盘
2730,13:45:18,56.8,5680,1,买盘
2731,13:45:21,56.8,17040,3,买盘
2732,13:45:24,56.8,34075,6,买盘
2733,13:45:33,56.8,39760,7,买盘
2734,13:45:42,56.79,5679,1,卖盘
2735,13:45:45,56.8,45440,8,买盘
2736,13:45:48,56.8,17040,3,买盘
2737,13:45:51,56.8,22720,4,买盘
2738,13:45:54,56.8,56800,10,买盘
2739,13:45:57,56.8,17039,3,买盘
2740,13:46:00,56.79,39753,7,卖盘
2741,13:46:06,56.8,51119,9,买盘
2742,13:46:12,56.79,130620,23,卖盘
2743,13:46:15,56.8,45440,8,买盘
2744,13:46:18,56.79,11358,2,卖盘
2745,13:46:27,56.8,11360,2,买盘
2746,13:46:33,56.8,49977,9,买盘
2747,13:46:39,56.78,5678,1,卖盘
2748,13:46:45,56.79,51118,9,卖盘
2749,13:46:48,56.79,17037,3,买盘
2750,13:46:51,56.79,39754,7,买盘
2751,13:46:54,56.78,119238,21,卖盘
2752,13:47:00,56.79,11359,2,卖盘
2753,13:47:06,56.78,73829,13,卖盘
2754,13:47:09,56.8,17040,3,买盘
2755,13:47:12,56.8,5680,1,买盘
2756,13:47:18,56.8,11360,2,买盘
2757,13:47:21,56.8,34077,6,买盘
2758,13:47:24,56.8,17040,3,买盘
2759,13:47:30,56.8,39760,7,买盘
2760,13:47:33,56.79,107914,19,卖盘
2761,13:47:36,56.79,11358,2,卖盘
2762,13:47:42,56.79,153333,27,卖盘
2763,13:47:45,56.79,79516,14,卖盘
2764,13:47:48,56.8,5680,1,买盘
2765,13:47:51,56.8,22720,4,买盘
2766,13:47:54,56.79,45432,8,卖盘
2767,13:48:00,56.79,17037,3,卖盘
2768,13:48:03,56.81,107920,19,买盘
2769,13:48:06,56.79,22717,4,卖盘
2770,13:48:09,56.81,34086,6,买盘
2771,13:48:12,56.81,68172,12,买盘
2772,13:48:15,56.82,68173,12,买盘
2773,13:48:18,56.8,193204,34,卖盘
2774,13:48:21,56.8,7952,1,卖盘
2775,13:48:24,56.82,22730,4,买盘
2776,13:48:27,56.83,79560,14,买盘
2777,13:48:30,56.83,90928,16,买盘
2778,13:48:33,56.85,181889,32,买盘
2779,13:48:36,56.84,56840,10,买盘
2780,13:48:39,56.81,147738,26,卖盘
2781,13:48:42,56.85,244455,43,买盘
2782,13:48:45,56.83,45476,8,卖盘
2783,13:48:48,56.86,73882,13,买盘
2784,13:48:54,56.86,22740,4,买盘
2785,13:48:57,56.82,51138,9,卖盘
2786,13:49:00,56.83,5683,1,买盘
2787,13:49:06,56.83,62503,11,买盘
2788,13:49:09,56.84,39786,7,买盘
2789,13:49:15,56.82,5682,1,卖盘
2790,13:49:18,56.84,62515,11,买盘
2791,13:49:21,56.81,56810,10,卖盘
2792,13:49:24,56.8,11360,2,卖盘
2793,13:49:27,56.81,11362,2,卖盘
2794,13:49:30,56.82,5682,1,买盘
2795,13:49:33,56.81,11362,2,卖盘
2796,13:49:36,56.82,17046,3,中性盘
2797,13:49:42,56.83,5683,1,买盘
2798,13:49:51,56.81,51141,9,卖盘
2799,13:49:54,56.81,39768,7,卖盘
2800,13:50:09,56.83,68185,12,买盘
2801,13:50:12,56.81,11362,2,卖盘
2802,13:50:15,56.81,62491,11,卖盘
2803,13:50:18,56.81,73853,13,买盘
2804,13:50:21,56.81,68166,12,买盘
2805,13:50:24,56.81,96577,17,买盘
2806,13:50:27,56.8,335143,59,卖盘
2807,13:50:30,56.8,11360,2,卖盘
2808,13:50:33,56.81,5681,1,买盘
2809,13:50:36,56.8,90884,16,卖盘
2810,13:50:39,56.82,51130,9,买盘
2811,13:50:42,56.82,5682,1,买盘
2812,13:50:48,56.81,5681,1,买盘
2813,13:50:51,56.81,73853,13,买盘
2814,13:50:54,56.81,11362,2,买盘
2815,13:50:57,56.8,45443,8,卖盘
2816,13:51:00,56.81,11362,2,买盘
2817,13:51:03,56.82,17044,3,买盘
2818,13:51:06,56.82,17046,3,买盘
2819,13:51:12,56.82,45456,8,买盘
2820,13:51:18,56.81,39773,7,卖盘
2821,13:51:21,56.82,17046,3,买盘
2822,13:51:24,56.81,51136,9,卖盘
2823,13:51:27,56.81,5681,1,卖盘
2824,13:51:33,56.82,5682,1,买盘
2825,13:51:39,56.82,34092,6,买盘
2826,13:51:42,56.82,34092,6,买盘
2827,13:51:45,56.82,45456,8,买盘
2828,13:51:48,56.81,5681,1,卖盘
2829,13:51:54,56.82,62502,11,买盘
2830,13:52:00,56.82,11364,2,买盘
2831,13:52:03,56.82,17046,3,买盘
2832,13:52:09,56.81,164749,29,卖盘
2833,13:52:12,56.8,28404,5,卖盘
2834,13:52:15,56.8,22720,4,卖盘
2835,13:52:21,56.8,346480,61,卖盘
2836,13:52:24,56.79,85197,15,卖盘
2837,13:52:27,56.8,34080,6,买盘
2838,13:52:30,56.8,56800,10,买盘
2839,13:52:33,56.8,45433,8,买盘
2840,13:52:36,56.8,11360,2,买盘
2841,13:52:51,56.8,22720,4,买盘
2842,13:52:57,56.79,29531,5,卖盘
2843,13:53:03,56.8,62477,11,买盘
2844,13:53:06,56.8,11360,2,买盘
2845,13:53:15,56.79,5679,1,卖盘
2846,13:53:18,56.8,85200,15,买盘
2847,13:53:21,56.79,45435,8,卖盘
2848,13:53:24,56.79,5679,1,卖盘
2849,13:53:36,56.8,39760,7,买盘
2850,13:53:39,56.8,22720,4,买盘
2851,13:53:42,56.8,34080,6,买盘
2852,13:53:45,56.81,107916,19,买盘
2853,13:53:48,56.81,17041,3,买盘
2854,13:53:51,56.81,17042,3,买盘
2855,13:53:57,56.8,11360,2,买盘
2856,13:54:00,56.8,11360,2,中性盘
2857,13:54:03,56.8,5680,1,买盘
2858,13:54:06,56.79,62469,11,卖盘
2859,13:54:09,56.8,73840,13,买盘
2860,13:54:12,56.8,22720,4,买盘
2861,13:54:15,56.8,102240,18,买盘
2862,13:54:18,56.8,17040,3,卖盘
2863,13:54:21,56.81,73853,13,买盘
2864,13:54:24,56.81,5681,1,买盘
2865,13:54:27,56.81,5681,1,买盘
2866,13:54:30,56.81,11362,2,买盘
2867,13:54:33,56.82,96578,17,买盘
2868,13:54:36,56.82,28410,5,买盘
2869,13:54:42,56.81,28405,5,卖盘
2870,13:54:45,56.8,39762,7,卖盘
2871,13:54:48,56.81,11362,2,中性盘
2872,13:54:54,56.81,17043,3,买盘
2873,13:54:57,56.81,56811,10,卖盘
2874,13:55:00,56.82,11364,2,买盘
2875,13:55:03,56.82,45456,8,买盘
2876,13:55:06,56.82,62498,11,买盘
2877,13:55:12,56.81,22724,4,卖盘
2878,13:55:18,56.82,22725,4,买盘
2879,13:55:21,56.81,68174,12,卖盘
2880,13:55:24,56.81,79534,14,卖盘
2881,13:55:27,56.8,17042,3,卖盘
2882,13:55:33,56.8,39766,7,卖盘
2883,13:55:36,56.8,11360,2,卖盘
2884,13:55:39,56.8,176083,31,卖盘
2885,13:55:42,56.81,73853,13,买盘
2886,13:55:45,56.81,17043,3,买盘
2887,13:55:48,56.8,5680,1,卖盘
2888,13:55:51,56.81,90895,16,买盘
2889,13:56:00,56.81,17043,3,买盘
2890,13:56:03,56.81,51129,9,买盘
2891,13:56:09,56.8,28400,5,卖盘
2892,13:56:12,56.8,181781,32,卖盘
2893,13:56:15,56.8,227230,40,卖盘
2894,13:56:18,56.8,11360,2,卖盘
2895,13:56:21,56.81,34082,6,买盘
2896,13:56:27,56.8,34080,6,卖盘
2897,13:56:30,56.8,85201,15,卖盘
2898,13:56:33,56.81,136343,24,买盘
2899,13:56:36,56.8,5680,1,卖盘
2900,13:56:42,56.81,73852,13,买盘
2901,13:56:45,56.81,17042,3,买盘
2902,13:56:48,56.81,5681,1,买盘
2903,13:56:51,56.81,79534,14,买盘
2904,13:56:54,56.81,136342,24,买盘
2905,13:56:57,56.81,159068,28,买盘
2906,13:57:00,56.81,590824,104,买盘
2907,13:57:03,56.81,79531,14,买盘
2908,13:57:06,56.81,313594,55,买盘
2909,13:57:09,56.81,5681,1,卖盘
2910,13:57:18,56.81,147710,26,卖盘
2911,13:57:21,56.8,79532,14,卖盘
2912,13:57:24,56.8,11360,2,卖盘
2913,13:57:27,56.81,11362,2,买盘
2914,13:57:33,56.81,62491,11,买盘
2915,13:57:36,56.82,45452,8,买盘
2916,13:57:42,56.8,34080,6,卖盘
2917,13:57:45,56.81,34086,6,买盘
2918,13:57:48,56.8,499845,88,卖盘
2919,13:57:51,56.8,102240,18,卖盘
2920,13:57:54,56.8,538406,95,卖盘
2921,13:57:57,56.79,85185,15,卖盘
2922,13:58:00,56.8,28396,5,买盘
2923,13:58:03,56.8,5680,1,买盘
2924,13:58:06,56.8,34080,6,买盘
2925,13:58:09,56.8,56800,10,买盘
2926,13:58:12,56.81,6817,1,买盘
2927,13:58:18,56.81,22724,4,买盘
2928,13:58:21,56.8,34081,6,卖盘
2929,13:58:24,56.8,34083,6,卖盘
2930,13:58:27,56.8,5680,1,卖盘
2931,13:58:30,56.8,11360,2,卖盘
2932,13:58:36,56.8,68160,12,卖盘
2933,13:58:39,56.8,56800,10,卖盘
2934,13:58:42,56.8,28402,5,卖盘
2935,13:58:45,56.8,17042,3,卖盘
2936,13:58:54,56.81,39766,7,买盘
2937,13:58:57,56.81,17043,3,买盘
2938,13:59:00,56.81,17041,3,买盘
2939,13:59:03,56.81,17043,3,买盘
2940,13:59:06,56.8,136320,24,卖盘
2941,13:59:09,56.8,56801,10,卖盘
2942,13:59:12,56.8,119266,21,卖盘
2943,13:59:15,56.81,11361,2,买盘
2944,13:59:18,56.81,22724,4,买盘
2945,13:59:21,56.81,39765,7,买盘
2946,13:59:24,56.79,96557,17,卖盘
2947,13:59:27,56.79,73828,13,卖盘
2948,13:59:30,56.8,17040,3,买盘
2949,13:59:33,56.79,34074,6,卖盘
2950,13:59:36,56.79,22718,4,卖盘
2951,13:59:39,56.8,11360,2,买盘
2952,13:59:42,56.8,56800,10,买盘
2953,13:59:45,56.81,85205,15,买盘
2954,13:59:48,56.81,17043,3,买盘
2955,13:59:51,56.81,136344,24,买盘
2956,13:59:54,56.81,45447,8,买盘
2957,13:59:57,56.81,90896,16,买盘
2958,14:00:00,56.82,39774,7,买盘
2959,14:00:03,56.81,17043,3,卖盘
2960,14:00:06,56.81,51132,9,卖盘
2961,14:00:09,56.81,17043,3,卖盘
2962,14:00:15,56.82,102275,18,买盘
2963,14:00:18,56.82,11363,2,买盘
2964,14:00:21,56.82,125003,22,买盘
2965,14:00:24,56.81,17043,3,卖盘
2966,14:00:27,56.82,17045,3,买盘
2967,14:00:30,56.81,5681,1,卖盘
2968,14:00:33,56.81,62501,11,卖盘
2969,14:00:36,56.82,51130,9,买盘
2970,14:00:39,56.81,45455,8,卖盘
2971,14:00:42,56.81,51129,9,卖盘
2972,14:00:45,56.82,90900,16,买盘
2973,14:00:48,56.81,90896,16,卖盘
2974,14:00:51,56.8,329497,58,卖盘
2975,14:00:54,56.8,39761,7,卖盘
2976,14:00:57,56.83,1190976,210,买盘
2977,14:01:03,56.83,90928,16,卖盘
2978,14:01:06,56.83,22732,4,卖盘
2979,14:01:09,56.83,5683,1,卖盘
2980,14:01:12,56.84,68206,12,买盘
2981,14:01:15,56.83,56830,10,卖盘
2982,14:01:18,56.83,5683,1,卖盘
2983,14:01:21,56.83,11367,2,卖盘
2984,14:01:24,56.84,51151,9,买盘
2985,14:01:27,56.84,17052,3,买盘
2986,14:01:30,56.84,73892,13,买盘
2987,14:01:33,56.83,62518,11,卖盘
2988,14:01:36,56.84,22736,4,买盘
2989,14:01:39,56.83,56830,10,卖盘
2990,14:01:42,56.83,28419,5,卖盘
2991,14:01:45,56.83,34098,6,卖盘
2992,14:01:48,56.84,11368,2,买盘
2993,14:01:54,56.81,2377749,418,卖盘
2994,14:01:57,56.82,318135,56,买盘
2995,14:02:00,56.81,85208,15,中性盘
2996,14:02:03,56.81,45450,8,卖盘
2997,14:02:06,56.8,79529,14,卖盘
2998,14:02:09,56.8,62480,11,卖盘
2999,14:02:12,56.8,45440,8,卖盘
3000,14:02:15,56.8,11360,2,卖盘
3001,14:02:21,56.8,5680,1,卖盘
3002,14:02:24,56.81,17043,3,买盘
3003,14:02:27,56.81,56810,10,买盘
3004,14:02:33,56.81,5681,1,卖盘
3005,14:02:39,56.82,102263,18,买盘
3006,14:02:42,56.82,5682,1,买盘
3007,14:02:45,56.81,79534,14,卖盘
3008,14:02:51,56.81,17043,3,买盘
3009,14:02:54,56.81,39765,7,买盘
3010,14:02:57,56.81,28405,5,买盘
3011,14:03:03,56.8,11360,2,卖盘
3012,14:03:06,56.81,5681,1,买盘
3013,14:03:09,56.8,5680,1,卖盘
3014,14:03:15,56.81,5681,1,买盘
3015,14:03:21,56.8,51125,9,卖盘
3016,14:03:24,56.8,68160,12,卖盘
3017,14:03:27,56.8,17041,3,卖盘
3018,14:03:30,56.81,17043,3,买盘
3019,14:03:33,56.81,28405,5,买盘
3020,14:03:36,56.83,578434,102,买盘
3021,14:03:42,56.83,1312773,231,卖盘
3022,14:03:45,56.81,75014,13,卖盘
3023,14:03:48,56.82,39768,7,买盘
3024,14:03:51,56.82,73863,13,买盘
3025,14:04:06,56.81,28405,5,卖盘
3026,14:04:09,56.81,45448,8,卖盘
3027,14:04:12,56.81,85215,15,卖盘
3028,14:04:15,56.81,51130,9,卖盘
3029,14:04:30,56.82,11363,2,买盘
3030,14:04:42,56.82,5682,1,买盘
3031,14:04:45,56.82,5682,1,买盘
3032,14:04:51,56.81,11363,2,卖盘
3033,14:04:54,56.81,193187,34,卖盘
3034,14:05:03,56.81,51130,9,卖盘
3035,14:05:06,56.82,11364,2,买盘
3036,14:05:09,56.82,85230,15,买盘
3037,14:05:12,56.81,17043,3,卖盘
3038,14:05:15,56.81,11362,2,卖盘
3039,14:05:18,56.81,11362,2,卖盘
3040,14:05:21,56.81,62496,11,卖盘
3041,14:05:24,56.81,28407,5,卖盘
3042,14:05:27,56.81,5681,1,卖盘
3043,14:05:30,56.82,17044,3,买盘
3044,14:05:33,56.82,39768,7,买盘
3045,14:05:36,56.82,68173,12,买盘
3046,14:05:39,56.81,11363,2,卖盘
3047,14:05:42,56.81,56817,10,卖盘
3048,14:05:45,56.81,130664,23,卖盘
3049,14:05:48,56.81,96577,17,卖盘
3050,14:05:51,56.81,142027,25,卖盘
3051,14:05:54,56.81,56812,10,卖盘
3052,14:05:57,56.81,136344,24,卖盘
3053,14:06:00,56.81,45448,8,卖盘
3054,14:06:03,56.81,5681,1,买盘
3055,14:06:06,56.8,11360,2,卖盘
3056,14:06:09,56.8,204480,36,卖盘
3057,14:06:12,56.79,1732393,305,卖盘
3058,14:06:15,56.79,363463,64,卖盘
3059,14:06:18,56.79,34074,6,卖盘
3060,14:06:21,56.79,39754,7,卖盘
3061,14:06:24,56.79,650813,115,卖盘
3062,14:06:27,56.78,153306,27,卖盘
3063,14:06:30,56.78,22712,4,卖盘
3064,14:06:33,56.78,5678,1,卖盘
3065,14:06:39,56.79,5679,1,买盘
3066,14:06:42,56.79,28395,5,买盘
3067,14:06:45,56.78,156721,28,卖盘
3068,14:06:48,56.78,56783,10,卖盘
3069,14:06:51,56.78,164662,29,卖盘
3070,14:06:54,56.78,153306,27,卖盘
3071,14:06:57,56.78,170365,30,卖盘
3072,14:07:00,56.79,85182,15,买盘
3073,14:07:03,56.78,62463,11,卖盘
3074,14:07:06,56.79,73827,13,买盘
3075,14:07:09,56.79,5679,1,买盘
3076,14:07:12,56.79,68141,12,买盘
3077,14:07:15,56.79,5679,1,买盘
3078,14:07:18,56.79,39753,7,买盘
3079,14:07:21,56.79,28395,5,买盘
3080,14:07:24,56.79,62469,11,买盘
3081,14:07:27,56.79,34074,6,买盘
3082,14:07:30,56.79,51112,9,买盘
3083,14:07:36,56.79,5679,1,卖盘
3084,14:07:39,56.79,5679,1,卖盘
3085,14:07:54,56.79,22716,4,卖盘
3086,14:08:06,56.79,187407,33,卖盘
3087,14:08:09,56.8,113581,20,买盘
3088,14:08:12,56.79,164691,29,卖盘
3089,14:08:15,56.79,17037,3,中性盘
3090,14:08:18,56.79,34073,6,买盘
3091,14:08:21,56.79,17036,3,买盘
3092,14:08:24,56.79,79505,14,买盘
3093,14:08:27,56.79,17035,3,买盘
3094,14:08:30,56.78,45424,8,卖盘
3095,14:08:33,56.78,22715,4,卖盘
3096,14:08:36,56.79,17035,3,买盘
3097,14:08:39,56.79,22716,4,买盘
3098,14:08:45,56.79,22713,4,买盘
3099,14:08:48,56.78,11357,2,卖盘
3100,14:08:54,56.79,34074,6,买盘
3101,14:08:57,56.78,96526,17,卖盘
3102,14:09:00,56.79,34072,6,买盘
3103,14:09:03,56.79,5679,1,买盘
3104,14:09:12,56.79,17037,3,买盘
3105,14:09:21,56.78,17035,3,卖盘
3106,14:09:24,56.78,5678,1,卖盘
3107,14:09:27,56.79,34073,6,买盘
3108,14:09:39,56.78,5678,1,卖盘
3109,14:09:42,56.78,51102,9,卖盘
3110,14:09:45,56.78,5678,1,卖盘
3111,14:09:48,56.78,62458,11,卖盘
3112,14:09:51,56.78,573483,101,卖盘
3113,14:09:54,56.78,1481958,261,卖盘
3114,14:09:57,56.77,607489,107,卖盘
3115,14:10:00,56.77,85155,15,卖盘
3116,14:10:03,56.77,164640,29,卖盘
3117,14:10:06,56.77,198695,35,卖盘
3118,14:10:09,56.77,96519,17,卖盘
3119,14:10:12,56.77,601767,106,卖盘
3120,14:10:15,56.77,124910,22,卖盘
3121,14:10:18,56.77,85158,15,卖盘
3122,14:10:21,56.77,11355,2,卖盘
3123,14:10:24,56.77,295204,52,卖盘
3124,14:10:27,56.77,113542,20,卖盘
3125,14:10:30,56.76,204369,36,卖盘
3126,14:10:33,56.76,102187,18,卖盘
3127,14:10:36,56.76,5676,1,卖盘
3128,14:10:39,56.77,17031,3,中性盘
3129,14:10:42,56.77,22707,4,卖盘
3130,14:10:45,56.77,908208,160,卖盘
3131,14:10:48,56.76,624363,110,卖盘
3132,14:10:51,56.75,669759,118,卖盘
3133,14:10:54,56.75,51076,9,卖盘
3134,14:10:57,56.77,249736,44,买盘
3135,14:11:00,56.75,397252,70,卖盘
3136,14:11:03,56.74,516405,91,卖盘
3137,14:11:06,56.71,238262,42,卖盘
3138,14:11:09,56.7,317577,56,卖盘
3139,14:11:12,56.71,328880,58,中性盘
3140,14:11:15,56.72,5672,1,买盘
3141,14:11:18,56.71,79393,14,卖盘
3142,14:11:21,56.71,5671,1,卖盘
3143,14:11:24,56.71,260873,46,卖盘
3144,14:11:27,56.72,85077,15,买盘
3145,14:11:30,56.71,107766,19,卖盘
3146,14:11:33,56.71,45369,8,卖盘
3147,14:11:36,56.73,124785,22,买盘
3148,14:11:42,56.74,11348,2,买盘
3149,14:11:48,56.74,22693,4,买盘
3150,14:11:51,56.74,17021,3,买盘
3151,14:11:54,56.73,17019,3,卖盘
3152,14:11:57,56.72,22688,4,卖盘
3153,14:12:00,56.73,45379,8,买盘
3154,14:12:12,56.73,39711,7,买盘
3155,14:12:18,56.73,102121,18,卖盘
3156,14:12:21,56.73,17018,3,买盘
3157,14:12:24,56.73,34039,6,买盘
3158,14:12:27,56.73,45386,8,卖盘
3159,14:12:30,56.73,153171,27,卖盘
3160,14:12:36,56.72,73743,13,卖盘
3161,14:12:39,56.73,11345,2,买盘
3162,14:12:42,56.73,17019,3,买盘
3163,14:12:45,56.73,17019,3,买盘
3164,14:12:48,56.73,56730,10,买盘
3165,14:12:51,56.73,79417,14,买盘
3166,14:12:54,56.72,11344,2,卖盘
3167,14:12:57,56.73,62403,11,买盘
3168,14:13:00,56.73,85095,15,买盘
3169,14:13:03,56.73,17019,3,买盘
3170,14:13:06,56.73,68076,12,买盘
3171,14:13:09,56.73,39711,7,买盘
3172,14:13:15,56.73,17019,3,卖盘
3173,14:13:18,56.74,5674,1,买盘
3174,14:13:21,56.73,22692,4,卖盘
3175,14:13:24,56.74,22695,4,买盘
3176,14:13:27,56.74,17022,3,买盘
3177,14:13:30,56.74,34044,6,买盘
3178,14:13:33,56.74,28370,5,买盘
3179,14:13:36,56.74,51066,9,买盘
3180,14:13:39,56.74,124823,22,买盘
3181,14:13:42,56.73,5673,1,卖盘
3182,14:13:45,56.73,5673,1,卖盘
3183,14:13:48,56.73,22692,4,卖盘
3184,14:13:51,56.73,96441,17,卖盘
3185,14:13:54,56.73,51057,9,卖盘
3186,14:13:57,56.73,221275,39,卖盘
3187,14:14:00,56.72,136130,24,卖盘
3188,14:14:06,56.72,147477,26,卖盘
3189,14:14:09,56.72,90752,16,卖盘
3190,14:14:12,56.73,5673,1,买盘
3191,14:14:15,56.73,28365,5,买盘
3192,14:14:18,56.72,5672,1,卖盘
3193,14:14:21,56.73,7942,1,买盘
3194,14:14:24,56.73,22692,4,买盘
3195,14:14:27,56.73,100979,18,买盘
3196,14:14:30,56.73,17020,3,卖盘
3197,14:14:33,56.73,5673,1,卖盘
