,成交时间,成交价格,成交金额,成交量,性质
0,09:25:00,56.57,2262800,400,买盘
1,09:30:00,56.65,254714,45,买盘
2,09:30:03,56.59,4257844,752,卖盘
3,09:30:06,56.63,2886606,510,买盘
4,09:30:09,56.59,690693,122,卖盘
5,09:30:12,56.59,1154337,204,买盘
6,09:30:15,56.59,1295905,229,买盘
7,09:30:18,56.68,571820,101,买盘
8,09:30:21,56.64,629352,111,卖盘
9,09:30:24,56.7,130305,23,中性盘
10,09:30:27,56.68,141587,25,中性盘
11,09:30:30,56.61,407730,72,卖盘
12,09:30:33,56.6,73619,13,卖盘
13,09:30:36,56.65,73620,13,买盘
14,09:30:39,56.65,152991,27,中性盘
15,09:30:42,56.61,271764,48,卖盘
16,09:30:45,56.51,3245966,574,卖盘
17,09:30:48,56.56,288328,51,买盘
18,09:30:51,56.56,248795,44,买盘
19,09:30:54,56.56,84822,15,买盘
20,09:30:57,56.59,537442,95,买盘
21,09:31:00,56.64,175526,31,买盘
22,09:31:03,56.63,56632,10,中性盘
23,09:31:06,56.64,243435,43,买盘
24,09:31:09,56.64,481053,85,买盘
25,09:31:12,56.63,192477,34,中性盘
26,09:31:15,56.6,277323,49,卖盘
27,09:31:18,56.63,328291,58,买盘
28,09:31:21,56.61,237920,42,卖盘
29,09:31:24,56.7,1112577,196,买盘
30,09:31:27,56.64,51005,9,卖盘
31,09:31:30,56.64,62340,11,中性盘
32,09:31:33,56.72,482112,85,买盘
33,09:31:36,56.68,130426,23,中性盘
34,09:31:39,56.71,5671,1,中性盘
35,09:31:42,56.7,130421,23,中性盘
36,09:31:45,56.71,102076,18,中性盘
37,09:31:48,56.69,493303,87,卖盘
38,09:31:51,56.71,119049,21,买盘
39,09:31:54,56.66,51003,9,卖盘
40,09:31:57,56.6,362424,64,卖盘
41,09:32:00,56.61,187038,33,中性盘
42,09:32:03,56.67,90588,16,中性盘
43,09:32:06,56.68,96346,17,买盘
44,09:32:09,56.69,73685,13,买盘
45,09:32:12,56.7,884486,156,买盘
46,09:32:15,56.71,464946,82,买盘
47,09:32:18,56.67,351480,62,卖盘
48,09:32:21,56.67,549700,97,卖盘
49,09:32:24,56.66,79329,14,卖盘
50,09:32:27,56.65,28324,5,卖盘
51,09:32:30,56.67,84992,15,买盘
52,09:32:33,56.65,311611,55,卖盘
53,09:32:36,56.65,141649,25,中性盘
54,09:32:39,56.64,317265,56,卖盘
55,09:32:42,56.65,232288,41,中性盘
56,09:32:45,56.66,288910,51,买盘
57,09:32:48,56.65,419108,74,卖盘
58,09:32:51,56.65,158620,28,买盘
59,09:32:54,56.65,33987,6,买盘
60,09:32:57,56.64,283203,50,卖盘
61,09:33:00,56.63,560600,99,卖盘
62,09:33:03,56.6,124520,22,卖盘
63,09:33:06,56.59,1482767,262,卖盘
64,09:33:09,56.52,503461,89,卖盘
65,09:33:12,56.6,164115,29,买盘
66,09:33:15,56.6,11320,2,买盘
67,09:33:18,56.61,407513,72,买盘
68,09:33:21,56.64,407674,72,买盘
69,09:33:24,56.64,498379,88,买盘
70,09:33:27,56.64,277350,49,买盘
71,09:33:30,56.64,1646991,291,买盘
72,09:33:33,56.65,220913,39,买盘
73,09:33:36,56.65,181272,32,买盘
74,09:33:39,56.65,266254,47,买盘
75,09:33:42,56.64,90638,16,卖盘
76,09:33:45,56.65,56645,10,买盘
77,09:33:48,56.64,436198,77,卖盘
78,09:33:51,56.64,33983,6,买盘
79,09:33:54,56.65,203907,36,买盘
80,09:33:57,56.65,243535,43,买盘
81,09:34:00,56.64,45319,8,中性盘
82,09:34:03,56.61,571870,101,卖盘
83,09:34:06,56.63,288669,51,中性盘
84,09:34:09,56.6,62268,11,卖盘
85,09:34:12,56.6,135854,24,卖盘
86,09:34:15,56.6,815028,144,卖盘
87,09:34:18,56.6,605705,107,买盘
88,09:34:21,56.62,90571,16,买盘
89,09:34:24,56.62,129078,23,买盘
90,09:34:27,56.64,260388,46,买盘
91,09:34:30,56.63,209540,37,中性盘
92,09:34:33,56.62,175488,31,中性盘
93,09:34:36,56.64,28318,5,买盘
94,09:34:39,56.64,33984,6,买盘
95,09:34:42,56.64,90622,16,买盘
96,09:34:45,56.63,600409,106,卖盘
97,09:34:48,56.62,3224248,570,卖盘
98,09:34:51,56.63,254736,45,买盘
99,09:34:54,56.6,3015968,534,中性盘
100,09:34:57,56.54,1850299,328,卖盘
101,09:35:00,56.55,180823,32,买盘
102,09:35:03,56.56,124413,22,买盘
103,09:35:06,56.57,90499,16,买盘
104,09:35:09,56.56,118773,21,中性盘
105,09:35:12,56.56,16962,3,买盘
106,09:35:15,56.55,90456,16,买盘
107,09:35:18,56.55,11312,2,中性盘
108,09:35:21,56.57,237505,42,买盘
109,09:35:24,56.56,107468,19,卖盘
110,09:35:27,56.56,141416,25,卖盘
111,09:35:30,56.59,164065,29,买盘
112,09:35:33,56.56,378916,67,卖盘
113,09:35:36,56.56,22622,4,买盘
114,09:35:39,56.54,28272,5,卖盘
115,09:35:42,56.53,113082,20,卖盘
116,09:35:45,56.52,124370,22,中性盘
117,09:35:48,56.54,152619,27,买盘
118,09:35:51,56.51,276956,49,卖盘
119,09:35:54,56.49,1254354,222,卖盘
120,09:35:57,56.5,124287,22,买盘
121,09:36:00,56.5,112989,20,买盘
122,09:36:03,56.49,361559,64,卖盘
123,09:36:06,56.48,39531,7,中性盘
124,09:36:09,56.47,56470,10,中性盘
125,09:36:12,56.47,158100,28,买盘
126,09:36:15,56.47,146796,26,买盘
127,09:36:18,56.46,62108,11,中性盘
128,09:36:21,56.47,237152,42,买盘
129,09:36:24,56.47,73405,13,买盘
130,09:36:27,56.47,197591,35,买盘
131,09:36:30,56.47,146822,26,卖盘
132,09:36:33,56.47,107300,19,卖盘
133,09:36:36,56.5,378460,67,买盘
134,09:36:39,56.49,2711492,480,卖盘
135,09:36:42,56.5,107308,19,买盘
136,09:36:45,56.47,333147,59,买盘
137,09:36:48,56.49,767985,136,买盘
138,09:36:51,56.48,118612,21,卖盘
139,09:36:54,56.47,299301,53,卖盘
140,09:36:57,56.47,62117,11,中性盘
141,09:37:00,56.44,508114,90,卖盘
142,09:37:03,56.42,496659,88,卖盘
143,09:37:06,56.45,152385,27,买盘
144,09:37:12,56.42,169263,30,卖盘
145,09:37:15,56.42,112867,20,卖盘
146,09:37:18,56.47,637478,113,买盘
147,09:37:21,56.47,355695,63,买盘
148,09:37:24,56.47,101634,18,买盘
149,09:37:27,56.42,73348,13,卖盘
150,09:37:30,56.43,11286,2,中性盘
151,09:37:33,56.42,28216,5,卖盘
152,09:37:36,56.44,90286,16,买盘
153,09:37:39,56.44,22576,4,买盘
154,09:37:42,56.44,67732,12,买盘
155,09:37:45,56.45,45154,8,买盘
156,09:37:48,56.45,73384,13,买盘
157,09:37:51,56.45,372570,66,买盘
158,09:37:54,56.46,287898,51,买盘
159,09:37:57,56.45,62110,11,中性盘
160,09:38:00,56.49,445994,79,买盘
161,09:38:03,56.49,50832,9,买盘
162,09:38:06,56.48,5648,1,卖盘
163,09:38:09,56.49,33892,6,买盘
164,09:38:12,56.47,39541,7,卖盘
165,09:38:18,56.49,39543,7,买盘
166,09:38:21,56.5,197731,35,买盘
167,09:38:24,56.48,146848,26,卖盘
168,09:38:27,56.48,525263,93,买盘
169,09:38:30,56.5,254220,45,买盘
170,09:38:33,56.5,39550,7,买盘
171,09:38:36,56.5,50850,9,买盘
172,09:38:39,56.49,192066,34,卖盘
173,09:38:42,56.47,417879,74,卖盘
174,09:38:45,56.49,107320,19,买盘
175,09:38:48,56.49,84726,15,买盘
176,09:38:51,56.49,683461,121,买盘
177,09:38:54,56.49,62127,11,买盘
178,09:38:57,56.47,39527,7,卖盘
179,09:39:00,56.46,192042,34,卖盘
180,09:39:06,56.48,146821,26,买盘
181,09:39:09,56.46,22584,4,中性盘
182,09:39:12,56.45,163714,29,卖盘
183,09:39:15,56.45,361392,64,卖盘
184,09:39:18,56.47,22588,4,中性盘
185,09:39:21,56.47,16940,3,买盘
186,09:39:24,56.47,33880,6,买盘
187,09:39:27,56.47,39526,7,买盘
188,09:39:30,56.47,248420,44,买盘
189,09:39:33,56.47,146793,26,买盘
190,09:39:39,56.45,62103,11,卖盘
191,09:39:42,56.46,22583,4,买盘
192,09:39:45,56.45,5645,1,卖盘
193,09:39:48,56.47,604184,107,买盘
194,09:39:51,56.47,16939,3,中性盘
195,09:39:54,56.48,5648,1,买盘
196,09:39:57,56.46,90348,16,卖盘
197,09:40:00,56.46,39523,7,卖盘
198,09:40:03,56.46,101636,18,卖盘
199,09:40:06,56.46,570249,101,中性盘
200,09:40:09,56.48,124256,22,买盘
201,09:40:12,56.48,62124,11,买盘
202,09:40:15,56.48,28240,5,买盘
203,09:40:18,56.48,525264,93,买盘
204,09:40:21,56.49,90378,16,买盘
205,09:40:24,56.49,457524,81,买盘
206,09:40:27,56.49,73433,13,买盘
207,09:40:30,56.47,316269,56,卖盘
208,09:40:33,56.47,62128,11,卖盘
209,09:40:36,56.47,56470,10,卖盘
210,09:40:39,56.48,73424,13,买盘
211,09:40:42,56.49,485761,86,买盘
212,09:40:45,56.49,101682,18,卖盘
213,09:40:48,56.47,208962,37,卖盘
214,09:40:51,56.44,1817962,322,卖盘
215,09:40:54,56.47,116317,21,买盘
216,09:40:57,56.47,118590,21,卖盘
217,09:41:00,56.47,770251,136,卖盘
218,09:41:03,56.45,536475,95,卖盘
219,09:41:06,56.46,621029,110,中性盘
220,09:41:09,56.46,242642,43,买盘
221,09:41:12,56.45,174995,31,卖盘
222,09:41:15,56.45,118545,21,卖盘
223,09:41:18,56.41,332838,59,卖盘
224,09:41:21,56.42,22568,4,中性盘
225,09:41:24,56.45,598308,106,买盘
226,09:41:27,56.45,56450,10,卖盘
227,09:41:30,56.45,141125,25,卖盘
228,09:41:33,56.45,39515,7,卖盘
229,09:41:36,56.45,84686,15,卖盘
230,09:41:39,56.45,28225,5,卖盘
231,09:41:42,56.45,417653,74,卖盘
232,09:41:45,56.45,95961,17,卖盘
233,09:41:48,56.45,67740,12,买盘
234,09:41:51,56.45,169345,30,买盘
235,09:41:54,56.45,118543,21,买盘
236,09:41:57,56.45,28225,5,买盘
237,09:42:00,56.45,530669,94,买盘
238,09:42:03,56.45,41782,7,卖盘
239,09:42:06,56.47,45174,8,买盘
240,09:42:09,56.47,67763,12,买盘
241,09:42:12,56.45,242759,43,卖盘
242,09:42:15,56.46,175026,31,买盘
243,09:42:18,56.46,112920,20,买盘
244,09:42:21,56.44,471902,84,卖盘
245,09:42:24,56.44,90299,16,买盘
246,09:42:27,56.42,632111,112,卖盘
247,09:42:30,56.42,39494,7,卖盘
248,09:42:33,56.42,124134,22,卖盘
249,09:42:36,56.43,265219,47,买盘
250,09:42:39,56.44,11288,2,买盘
251,09:42:42,56.44,45147,8,买盘
252,09:42:45,56.44,90304,16,买盘
253,09:42:48,56.44,474092,84,买盘
254,09:42:51,56.44,62079,11,买盘
255,09:42:54,56.44,135452,24,买盘
256,09:42:57,56.44,237033,42,买盘
257,09:43:00,56.44,62080,11,买盘
258,09:43:03,56.43,237012,42,卖盘
259,09:43:06,56.43,39502,7,卖盘
260,09:43:09,56.43,519189,92,卖盘
261,09:43:12,56.44,380406,67,买盘
262,09:43:15,56.46,513670,91,买盘
263,09:43:18,56.46,282266,50,买盘
264,09:43:21,56.48,739595,131,买盘
265,09:43:24,56.48,62111,11,买盘
266,09:43:27,56.48,5648,1,买盘
267,09:43:30,56.48,22592,4,买盘
268,09:43:33,56.49,96014,17,买盘
269,09:43:36,56.49,67786,12,买盘
270,09:43:39,56.49,56489,10,买盘
271,09:43:42,56.49,112979,20,买盘
272,09:43:45,56.48,56487,10,卖盘
273,09:43:48,56.48,146852,26,卖盘
274,09:43:51,56.48,133303,24,卖盘
275,09:43:54,56.49,39539,7,中性盘
276,09:43:57,56.48,86979,15,卖盘
277,09:44:00,56.48,11295,2,买盘
278,09:44:03,56.48,124254,22,买盘
279,09:44:06,56.47,96012,17,卖盘
280,09:44:09,56.48,28240,5,买盘
281,09:44:12,56.47,16942,3,卖盘
282,09:44:15,56.47,118586,21,卖盘
283,09:44:18,56.47,28235,5,买盘
284,09:44:21,56.47,45176,8,买盘
285,09:44:24,56.47,124234,22,买盘
286,09:44:27,56.47,101645,18,买盘
287,09:44:30,56.47,84700,15,买盘
288,09:44:33,56.47,208935,37,买盘
289,09:44:36,56.47,28233,5,卖盘
290,09:44:42,56.47,73422,13,中性盘
291,09:44:45,56.46,338767,60,卖盘
292,09:44:48,56.45,880782,156,卖盘
293,09:44:51,56.46,67744,12,买盘
294,09:44:54,56.45,5645,1,卖盘
295,09:44:57,56.46,462896,82,买盘
296,09:45:00,56.46,56457,10,买盘
297,09:45:03,56.45,11290,2,卖盘
298,09:45:06,56.44,756325,134,卖盘
299,09:45:09,56.45,50799,9,买盘
300,09:45:12,56.44,90314,16,卖盘
301,09:45:15,56.43,214457,38,卖盘
302,09:45:18,56.44,56440,10,中性盘
303,09:45:21,56.45,112880,20,买盘
304,09:45:24,56.44,62078,11,中性盘
305,09:45:27,56.44,11288,2,买盘
306,09:45:30,56.44,16931,3,买盘
307,09:45:33,56.44,112880,20,买盘
308,09:45:36,56.45,316113,56,买盘
309,09:45:39,56.44,242699,43,卖盘
310,09:45:42,56.44,33863,6,买盘
311,09:45:45,56.44,169317,30,买盘
312,09:45:48,56.43,22572,4,卖盘
313,09:45:51,56.44,152374,27,买盘
314,09:45:54,56.44,95948,17,买盘
315,09:45:57,56.44,79010,14,买盘
316,09:46:00,56.43,67723,12,卖盘
317,09:46:03,56.46,1213541,215,买盘
318,09:46:06,56.46,5646,1,买盘
319,09:46:09,56.46,50813,9,买盘
320,09:46:12,56.47,378275,67,买盘
321,09:46:15,56.45,270947,48,卖盘
322,09:46:18,56.46,231436,41,买盘
323,09:46:21,56.46,50810,9,买盘
324,09:46:24,56.45,101610,18,卖盘
325,09:46:27,56.46,28227,5,买盘
326,09:46:30,56.47,316217,56,买盘
327,09:46:33,56.48,169425,30,买盘
328,09:46:36,56.48,45176,8,买盘
329,09:46:39,56.47,11295,2,卖盘
330,09:46:42,56.48,84715,15,买盘
331,09:46:45,56.48,192027,34,买盘
332,09:46:48,56.48,50832,9,买盘
333,09:46:51,56.48,79072,14,买盘
334,09:46:54,56.47,141190,25,卖盘
335,09:46:57,56.47,11294,2,卖盘
336,09:47:00,56.46,50819,9,卖盘
337,09:47:03,56.47,11294,2,买盘
338,09:47:06,56.47,5647,1,买盘
339,09:47:09,56.47,5647,1,买盘
340,09:47:12,56.47,124246,22,买盘
341,09:47:15,56.48,16943,3,买盘
342,09:47:18,56.48,101652,18,买盘
343,09:47:21,56.46,146796,26,卖盘
344,09:47:24,56.47,39525,7,买盘
345,09:47:27,56.48,756812,134,买盘
346,09:47:30,56.48,22592,4,卖盘
347,09:47:33,56.47,56477,10,卖盘
348,09:47:39,56.49,79072,14,买盘
349,09:47:42,56.49,56490,10,买盘
350,09:47:45,56.49,299347,53,买盘
351,09:47:48,56.49,90362,16,买盘
352,09:47:51,56.49,220311,39,买盘
353,09:47:54,56.51,259904,46,买盘
354,09:47:57,56.51,84760,15,买盘
355,09:48:00,56.51,33906,6,买盘
356,09:48:03,56.49,39552,7,卖盘
357,09:48:06,56.5,45207,8,中性盘
358,09:48:09,56.51,11302,2,买盘
359,09:48:12,56.51,5651,1,卖盘
360,09:48:18,56.49,333444,59,卖盘
361,09:48:21,56.52,22605,4,买盘
362,09:48:24,56.5,372844,66,中性盘
363,09:48:27,56.5,39549,7,买盘
364,09:48:30,56.5,254274,45,买盘
365,09:48:33,56.5,5650,1,卖盘
366,09:48:36,56.51,45200,8,中性盘
367,09:48:39,56.5,192100,34,卖盘
368,09:48:42,56.48,67794,12,卖盘
369,09:48:45,56.48,16944,3,卖盘
370,09:48:48,56.48,73424,13,卖盘
371,09:48:51,56.5,33892,6,买盘
372,09:48:54,56.5,50844,9,买盘
373,09:48:57,56.5,28250,5,买盘
374,09:49:00,56.5,33900,6,买盘
375,09:49:03,56.48,440694,78,卖盘
376,09:49:06,56.51,175179,31,买盘
377,09:49:09,56.51,16951,3,买盘
378,09:49:12,56.5,28253,5,卖盘
379,09:49:24,56.51,73460,13,买盘
380,09:49:27,56.5,33904,6,卖盘
381,09:49:30,56.5,463308,82,卖盘
382,09:49:33,56.5,28248,5,买盘
383,09:49:36,56.5,39547,7,买盘
384,09:49:39,56.5,11300,2,买盘
385,09:49:48,56.49,163821,29,卖盘
386,09:49:51,56.49,45191,8,买盘
387,09:49:54,56.49,22596,4,买盘
388,09:49:57,56.48,79073,14,卖盘
389,09:50:00,56.48,231569,41,卖盘
390,09:50:03,56.48,11296,2,买盘
391,09:50:06,56.48,22592,4,买盘
392,09:50:09,56.48,39536,7,买盘
393,09:50:12,56.48,180738,32,买盘
394,09:50:15,56.49,56487,10,买盘
395,09:50:18,56.49,62132,11,买盘
396,09:50:21,56.49,11298,2,买盘
397,09:50:24,56.48,112963,20,卖盘
398,09:50:27,56.48,112954,20,卖盘
399,09:50:30,56.48,389662,69,买盘
400,09:50:33,56.48,118607,21,买盘
401,09:50:39,56.48,11296,2,卖盘
402,09:50:42,56.48,5648,1,卖盘
403,09:50:48,56.48,39536,7,买盘
404,09:50:51,56.48,79072,14,卖盘
405,09:50:54,56.49,67782,12,买盘
406,09:50:57,56.48,16944,3,卖盘
407,09:51:00,56.48,299344,53,卖盘
408,09:51:03,56.47,869655,154,卖盘
409,09:51:06,56.46,191964,34,卖盘
410,09:51:09,56.46,28230,5,卖盘
411,09:51:12,56.48,242795,43,买盘
412,09:51:15,56.48,56474,10,买盘
413,09:51:18,56.46,67757,12,卖盘
414,09:51:21,56.47,28237,5,中性盘
415,09:51:24,56.46,11292,2,卖盘
416,09:51:27,56.47,50823,9,中性盘
417,09:51:30,56.46,73400,13,卖盘
418,09:51:33,56.47,62113,11,买盘
419,09:51:36,56.46,124213,22,卖盘
420,09:51:39,56.46,28231,5,中性盘
421,09:51:42,56.46,45164,8,买盘
422,09:51:45,56.46,203259,36,买盘
423,09:51:48,56.46,73398,13,卖盘
424,09:51:51,56.46,50814,9,卖盘
425,09:51:54,56.47,5647,1,买盘
426,09:51:57,56.47,169409,30,买盘
427,09:52:03,56.47,67763,12,买盘
428,09:52:06,56.48,39524,7,买盘
429,09:52:09,56.46,56460,10,卖盘
430,09:52:12,56.47,5647,1,买盘
431,09:52:15,56.46,141150,25,卖盘
432,09:52:18,56.46,22584,4,中性盘
433,09:52:21,56.48,112941,20,买盘
434,09:52:24,56.47,56470,10,卖盘
435,09:52:27,56.47,39529,7,卖盘
436,09:52:30,56.48,163766,29,买盘
437,09:52:33,56.47,67764,12,中性盘
438,09:52:36,56.48,333195,59,买盘
439,09:52:39,56.48,73424,13,买盘
440,09:52:42,56.48,135551,24,买盘
441,09:52:45,56.49,440582,78,买盘
442,09:52:48,56.5,90397,16,买盘
443,09:52:51,56.5,62150,11,买盘
444,09:52:54,56.5,5650,1,买盘
445,09:53:00,56.5,5650,1,买盘
446,09:53:03,56.49,107331,19,卖盘
447,09:53:06,56.48,84726,15,卖盘
448,09:53:09,56.48,28240,5,卖盘
449,09:53:12,56.49,225944,40,买盘
450,09:53:15,56.48,33888,6,卖盘
451,09:53:18,56.48,92642,16,卖盘
452,09:53:21,56.49,39541,7,买盘
453,09:53:24,56.48,231609,41,卖盘
454,09:53:27,56.5,141250,25,买盘
455,09:53:30,56.51,123683,22,买盘
456,09:53:33,56.49,242915,43,卖盘
457,09:53:36,56.51,56509,10,买盘
458,09:53:42,56.51,11302,2,买盘
459,09:53:51,56.51,5651,1,买盘
460,09:53:54,56.51,84758,15,买盘
461,09:53:57,56.51,5651,1,买盘
462,09:54:00,56.51,502886,89,买盘
463,09:54:03,56.51,158228,28,买盘
464,09:54:06,56.51,33905,6,买盘
465,09:54:09,56.52,175188,31,买盘
466,09:54:12,56.53,96064,17,买盘
467,09:54:15,56.53,28265,5,买盘
468,09:54:18,56.53,39570,7,买盘
469,09:54:21,56.54,5654,1,买盘
470,09:54:24,56.54,39578,7,买盘
471,09:54:27,56.53,124366,22,卖盘
472,09:54:30,56.53,73484,13,买盘
473,09:54:33,56.53,56530,10,买盘
474,09:54:36,56.53,163937,29,买盘
475,09:54:39,56.51,237414,42,卖盘
476,09:54:42,56.53,226115,40,买盘
477,09:54:45,56.53,39571,7,买盘
478,09:54:48,56.53,28265,5,买盘
479,09:54:51,56.53,180895,32,买盘
480,09:54:54,56.54,39574,7,买盘
481,09:54:57,56.54,73496,13,买盘
482,09:55:00,56.54,67842,12,买盘
483,09:55:03,56.54,101772,18,买盘
484,09:55:06,56.54,39578,7,买盘
485,09:55:09,56.54,5654,1,买盘
486,09:55:12,56.54,62194,11,买盘
487,09:55:15,56.57,1552679,275,买盘
488,09:55:18,56.58,107495,19,买盘
489,09:55:21,56.58,22631,4,买盘
490,09:55:24,56.57,271569,48,卖盘
491,09:55:27,56.6,56588,10,买盘
492,09:55:30,56.59,11318,2,卖盘
493,09:55:33,56.59,260307,46,买盘
494,09:55:36,56.58,198026,35,卖盘
495,09:55:39,56.59,11318,2,买盘
496,09:55:42,56.61,322595,57,买盘
497,09:55:45,56.59,50931,9,中性盘
498,09:55:48,56.6,124504,22,买盘
499,09:55:51,56.58,130151,23,卖盘
500,09:55:54,56.59,118816,21,买盘
501,09:55:57,56.59,45267,8,买盘
502,09:56:03,56.57,152765,27,卖盘
503,09:56:06,56.59,1466662,259,买盘
504,09:56:09,56.6,5660,1,买盘
505,09:56:18,56.57,16971,3,卖盘
506,09:56:21,56.57,56570,10,中性盘
507,09:56:24,56.61,848907,150,买盘
508,09:56:27,56.6,56605,10,卖盘
509,09:56:30,56.61,130191,23,买盘
510,09:56:36,56.6,294320,52,卖盘
511,09:56:39,56.6,22640,4,卖盘
512,09:56:42,56.61,905697,160,买盘
513,09:56:45,56.59,22642,4,卖盘
514,09:56:48,56.56,147096,26,卖盘
515,09:56:51,56.6,124520,22,买盘
516,09:56:54,56.61,181130,32,买盘
517,09:56:57,56.62,67944,12,买盘
518,09:57:00,56.62,5662,1,买盘
519,09:57:03,56.62,79268,14,买盘
520,09:57:06,56.6,339629,60,卖盘
521,09:57:09,56.62,73605,13,买盘
522,09:57:21,56.61,56610,10,卖盘
523,09:57:27,56.61,90561,16,买盘
524,09:57:30,56.61,39627,7,买盘
525,09:57:33,56.61,33966,6,买盘
526,09:57:36,56.61,118878,21,买盘
527,09:57:39,56.61,45281,8,买盘
528,09:57:42,56.61,67932,12,买盘
529,09:57:45,56.61,50949,9,卖盘
530,09:57:48,56.62,39634,7,买盘
531,09:57:51,56.61,209457,37,卖盘
532,09:57:54,56.6,73591,13,卖盘
533,09:57:57,56.61,28301,5,买盘
534,09:58:00,56.61,1035790,183,买盘
535,09:58:03,56.56,588500,104,卖盘
536,09:58:06,56.57,96160,17,买盘
537,09:58:09,56.57,45255,8,买盘
538,09:58:12,56.57,135768,24,买盘
539,09:58:15,56.57,84855,15,买盘
540,09:58:18,56.57,90508,16,买盘
541,09:58:21,56.57,50913,9,买盘
542,09:58:24,56.57,401675,71,买盘
543,09:58:27,56.59,22636,4,买盘
544,09:58:30,56.59,16977,3,买盘
545,09:58:33,56.59,16976,3,买盘
546,09:58:36,56.58,84897,15,中性盘
547,09:58:39,56.6,28300,5,买盘
548,09:58:42,56.59,90525,16,买盘
549,09:58:48,56.59,50917,9,买盘
550,09:58:51,56.58,22631,4,中性盘
551,09:58:54,56.57,28286,5,卖盘
552,09:59:00,56.59,96191,17,买盘
553,09:59:06,56.58,79212,14,卖盘
554,09:59:09,56.58,175393,31,买盘
555,09:59:12,56.57,56579,10,卖盘
556,09:59:15,56.58,203669,36,买盘
557,09:59:18,56.58,84869,15,买盘
558,09:59:21,56.57,90513,16,卖盘
559,09:59:24,56.57,56577,10,卖盘
560,09:59:27,56.58,90514,16,买盘
561,09:59:30,56.58,73551,13,买盘
562,09:59:39,56.58,11316,2,买盘
563,09:59:42,56.58,33940,6,买盘
564,09:59:45,56.58,203687,36,买盘
565,09:59:48,56.57,5657,1,卖盘
566,09:59:57,56.57,56574,10,卖盘
567,10:00:00,56.58,45258,8,买盘
568,10:00:03,56.57,33943,6,卖盘
569,10:00:06,56.55,214927,38,卖盘
570,10:00:09,56.57,33934,6,买盘
571,10:00:15,56.6,1188213,210,买盘
572,10:00:18,56.57,135785,24,中性盘
573,10:00:21,56.57,67884,12,买盘
574,10:00:24,56.59,56574,10,买盘
575,10:00:27,56.55,237558,42,卖盘
576,10:00:39,56.55,11310,2,卖盘
577,10:00:42,56.55,67860,12,买盘
578,10:00:45,56.55,11310,2,中性盘
579,10:00:48,56.55,101790,18,买盘
580,10:00:51,56.56,45247,8,买盘
581,10:00:54,56.55,5655,1,卖盘
582,10:00:57,56.55,73515,13,卖盘
583,10:01:00,56.55,45242,8,卖盘
584,10:01:03,56.56,28280,5,买盘
585,10:01:06,56.55,45242,8,卖盘
586,10:01:12,56.56,62216,11,买盘
587,10:01:15,56.56,113117,20,买盘
588,10:01:18,56.56,90503,16,买盘
589,10:01:21,56.56,62223,11,买盘
590,10:01:24,56.57,96166,17,买盘
591,10:01:27,56.58,152777,27,买盘
592,10:01:30,56.59,73556,13,买盘
593,10:01:33,56.59,45266,8,买盘
594,10:01:36,56.59,28294,5,买盘
595,10:01:39,56.57,277190,49,卖盘
596,10:01:42,56.55,56569,10,卖盘
597,10:01:45,56.58,175360,31,买盘
598,10:01:48,56.54,638974,113,卖盘
599,10:01:51,56.53,84795,15,卖盘
600,10:01:54,56.54,22616,4,买盘
601,10:01:57,56.54,11307,2,买盘
602,10:02:00,56.54,107422,19,买盘
603,10:02:03,56.53,130063,23,卖盘
604,10:02:06,56.57,22619,4,买盘
605,10:02:09,56.54,5654,1,卖盘
606,10:02:12,56.58,22631,4,买盘
607,10:02:15,56.57,45254,8,中性盘
608,10:02:18,56.56,22624,4,买盘
609,10:02:21,56.56,28278,5,买盘
610,10:02:24,56.57,33937,6,买盘
611,10:02:27,56.56,135739,24,买盘
612,10:02:33,56.54,384509,68,卖盘
613,10:02:36,56.56,118744,21,买盘
614,10:02:39,56.54,45234,8,卖盘
615,10:02:42,56.53,226156,40,卖盘
616,10:02:45,56.53,56530,10,卖盘
617,10:02:48,56.53,356141,63,卖盘
618,10:02:51,56.52,141293,25,卖盘
619,10:02:54,56.51,293853,52,卖盘
620,10:02:57,56.49,480244,85,卖盘
621,10:03:00,56.49,112980,20,卖盘
622,10:03:03,56.49,11298,2,卖盘
623,10:03:06,56.5,62143,11,买盘
624,10:03:09,56.5,146893,26,买盘
625,10:03:12,56.49,79095,14,卖盘
626,10:03:15,56.5,322050,57,买盘
627,10:03:18,56.5,265549,47,买盘
628,10:03:21,56.5,67800,12,卖盘
629,10:03:24,56.5,22600,4,买盘
630,10:03:27,56.5,11300,2,买盘
631,10:03:30,56.5,50850,9,买盘
632,10:03:33,56.5,56496,10,买盘
633,10:03:36,56.5,141250,25,买盘
634,10:03:39,56.5,11300,2,卖盘
635,10:03:42,56.5,16950,3,卖盘
636,10:03:45,56.5,73453,13,卖盘
637,10:03:48,56.51,118670,21,买盘
638,10:03:54,56.5,50854,9,卖盘
639,10:03:57,56.5,28253,5,卖盘
640,10:04:03,56.51,28255,5,买盘
641,10:04:06,56.51,220389,39,买盘
642,10:04:12,56.52,129994,23,买盘
643,10:04:15,56.52,107380,19,中性盘
644,10:04:18,56.52,11304,2,中性盘
645,10:04:21,56.53,16957,3,买盘
646,10:04:24,56.52,158279,28,卖盘
647,10:04:30,56.53,45212,8,买盘
648,10:04:33,56.51,5651,1,卖盘
649,10:04:36,56.52,33909,6,买盘
650,10:04:39,56.52,11304,2,买盘
651,10:04:42,56.52,11304,2,买盘
652,10:04:45,56.51,50861,9,卖盘
653,10:04:48,56.51,101718,18,卖盘
654,10:04:54,56.52,11304,2,买盘
655,10:05:03,56.51,16955,3,卖盘
656,10:05:06,56.51,28255,5,卖盘
657,10:05:09,56.52,84777,15,买盘
658,10:05:15,56.51,124340,22,卖盘
659,10:05:18,56.52,5652,1,卖盘
660,10:05:21,56.51,56519,10,卖盘
661,10:05:24,56.53,39566,7,买盘
662,10:05:27,56.53,163933,29,买盘
663,10:05:30,56.53,79138,14,买盘
664,10:05:33,56.53,180876,32,买盘
665,10:05:36,56.53,33918,6,卖盘
666,10:05:39,56.53,22612,4,卖盘
667,10:05:45,56.52,56524,10,卖盘
668,10:05:48,56.52,28260,5,卖盘
669,10:05:51,56.52,50868,9,卖盘
670,10:05:54,56.52,5652,1,卖盘
671,10:06:00,56.52,16956,3,卖盘
672,10:06:03,56.52,11305,2,卖盘
673,10:06:09,56.52,5652,1,卖盘
674,10:06:12,56.52,11304,2,卖盘
675,10:06:15,56.52,5652,1,卖盘
676,10:06:18,56.52,45218,8,卖盘
677,10:06:21,56.52,130011,23,卖盘
678,10:06:24,56.52,11304,2,卖盘
679,10:06:27,56.52,5652,1,卖盘
680,10:06:30,56.52,22608,4,卖盘
681,10:06:39,56.51,344711,61,卖盘
682,10:06:42,56.51,124326,22,卖盘
683,10:06:45,56.52,118691,21,买盘
684,10:06:48,56.52,28259,5,买盘
685,10:06:51,56.52,62164,11,买盘
686,10:06:54,56.51,11302,2,卖盘
687,10:06:57,56.52,50861,9,买盘
688,10:07:00,56.51,62171,11,卖盘
689,10:07:03,56.51,28258,5,卖盘
690,10:07:06,56.51,67815,12,卖盘
691,10:07:09,56.51,118671,21,卖盘
692,10:07:12,56.5,5650,1,卖盘
693,10:07:15,56.5,39551,7,卖盘
694,10:07:18,56.51,33906,6,买盘
695,10:07:21,56.5,22600,4,卖盘
696,10:07:24,56.5,28253,5,卖盘
697,10:07:27,56.49,2622048,464,卖盘
698,10:07:30,56.47,2236530,396,卖盘
699,10:07:33,56.46,101641,18,卖盘
700,10:07:36,56.46,79044,14,卖盘
701,10:07:39,56.47,11294,2,买盘
702,10:07:42,56.46,39528,7,卖盘
703,10:07:45,56.46,90342,16,卖盘
704,10:07:51,56.46,33876,6,卖盘
705,10:07:54,56.47,11293,2,买盘
706,10:07:57,56.47,135528,24,买盘
707,10:08:00,56.46,22587,4,卖盘
708,10:08:03,56.46,440388,78,卖盘
709,10:08:06,56.45,191949,34,卖盘
710,10:08:09,56.46,11292,2,中性盘
711,10:08:12,56.46,16938,3,卖盘
712,10:08:15,56.47,609874,108,买盘
713,10:08:18,56.47,28235,5,卖盘
714,10:08:24,56.47,310585,55,买盘
715,10:08:27,56.47,95999,17,卖盘
716,10:08:30,56.47,33882,6,卖盘
717,10:08:36,56.48,28237,5,买盘
718,10:08:39,56.47,45176,8,卖盘
719,10:08:45,56.47,101646,18,卖盘
720,10:08:48,56.46,79051,14,卖盘
721,10:08:51,56.47,11293,2,中性盘
722,10:08:54,56.48,28236,5,买盘
723,10:08:57,56.48,39536,7,买盘
724,10:09:00,56.48,45177,8,买盘
725,10:09:06,56.46,22586,4,卖盘
726,10:09:09,56.46,33876,6,卖盘
727,10:09:12,56.46,56468,10,卖盘
728,10:09:15,56.48,33888,6,买盘
729,10:09:18,56.47,135507,24,买盘
730,10:09:21,56.47,11293,2,买盘
731,10:09:24,56.47,95999,17,买盘
732,10:09:27,56.46,16938,3,卖盘
733,10:09:30,56.46,90346,16,卖盘
734,10:09:33,56.46,33876,6,卖盘
735,10:09:36,56.46,197612,35,卖盘
736,10:09:39,56.46,56460,10,卖盘
737,10:09:42,56.46,11292,2,卖盘
738,10:09:45,56.47,11294,2,买盘
739,10:09:48,56.46,50814,9,卖盘
740,10:09:51,56.47,67758,12,买盘
741,10:09:54,56.47,28233,5,买盘
742,10:09:57,56.47,28231,5,买盘
743,10:10:00,56.47,129865,23,买盘
744,10:10:03,56.46,112939,20,卖盘
745,10:10:06,56.46,33877,6,卖盘
746,10:10:09,56.46,67753,12,卖盘
747,10:10:12,56.46,33876,6,卖盘
748,10:10:15,56.46,101643,18,卖盘
749,10:10:18,56.47,33880,6,买盘
750,10:10:21,56.47,118580,21,买盘
751,10:10:24,56.48,242815,43,买盘
752,10:10:27,56.47,84696,15,中性盘
753,10:10:30,56.46,39527,7,卖盘
754,10:10:33,56.46,95995,17,卖盘
755,10:10:36,56.46,67761,12,卖盘
756,10:10:39,56.47,56470,10,买盘
757,10:10:42,56.46,282301,50,卖盘
758,10:10:45,56.46,118580,21,卖盘
759,10:10:48,56.46,149057,26,卖盘
760,10:10:51,56.47,28232,5,买盘
761,10:10:54,56.47,124223,22,买盘
762,10:10:57,56.47,67764,12,买盘
763,10:11:00,56.47,22588,4,买盘
764,10:11:03,56.47,67760,12,买盘
765,10:11:06,56.47,67759,12,买盘
766,10:11:09,56.47,142300,25,买盘
767,10:11:12,56.47,135508,24,卖盘
768,10:11:15,56.46,90343,16,卖盘
769,10:11:18,56.48,129871,23,买盘
770,10:11:21,56.46,22584,4,卖盘
771,10:11:24,56.46,33876,6,卖盘
772,10:11:27,56.47,28234,5,买盘
773,10:11:30,56.46,16938,3,卖盘
774,10:11:33,56.47,45173,8,买盘
775,10:11:36,56.47,5647,1,买盘
776,10:11:39,56.46,152442,27,卖盘
777,10:11:42,56.46,22584,4,卖盘
778,10:11:51,56.47,169410,30,买盘
779,10:11:54,56.46,56460,10,卖盘
780,10:11:57,56.46,666242,118,卖盘
781,10:12:00,56.46,11293,2,卖盘
782,10:12:03,56.46,199871,35,卖盘
783,10:12:06,56.46,39522,7,买盘
784,10:12:09,56.46,22584,4,买盘
785,10:12:12,56.46,225840,40,买盘
786,10:12:15,56.46,79043,14,买盘
787,10:12:18,56.46,67752,12,买盘
788,10:12:21,56.46,5646,1,买盘
789,10:12:24,56.45,263097,47,卖盘
790,10:12:27,56.47,28233,5,买盘
791,10:12:30,56.47,5647,1,买盘
792,10:12:33,56.46,33877,6,卖盘
793,10:12:39,56.47,45174,8,买盘
794,10:12:42,56.47,135528,24,买盘
795,10:12:45,56.46,468641,83,卖盘
796,10:12:48,56.47,11294,2,买盘
797,10:12:51,56.47,22588,4,买盘
798,10:12:57,56.47,56470,10,买盘
799,10:13:00,56.46,28230,5,卖盘
800,10:13:06,56.47,5647,1,买盘
801,10:13:12,56.47,22588,4,买盘
802,10:13:15,56.47,5647,1,买盘
803,10:13:18,56.47,5647,1,买盘
804,10:13:21,56.47,39529,7,买盘
805,10:13:24,56.46,45168,8,卖盘
806,10:13:27,56.46,45168,8,卖盘
807,10:13:30,56.46,95982,17,卖盘
808,10:13:33,56.46,33878,6,卖盘
809,10:13:36,56.46,5646,1,卖盘
810,10:13:39,56.47,22587,4,买盘
811,10:13:42,56.47,22585,4,买盘
812,10:13:48,56.47,5647,1,买盘
813,10:13:51,56.46,16938,3,卖盘
814,10:13:54,56.47,5647,1,买盘
815,10:13:57,56.46,73406,13,卖盘
816,10:14:00,56.47,50823,9,买盘
817,10:14:03,56.46,16938,3,卖盘
818,10:14:06,56.46,5646,1,卖盘
819,10:14:09,56.46,79054,14,卖盘
820,10:14:12,56.47,5647,1,买盘
821,10:14:18,56.46,112923,20,卖盘
822,10:14:21,56.46,180696,32,卖盘
823,10:14:27,56.47,468701,83,买盘
824,10:14:30,56.47,199904,35,卖盘
825,10:14:33,56.47,254155,45,卖盘
826,10:14:36,56.48,16944,3,买盘
827,10:14:39,56.48,22592,4,买盘
828,10:14:42,56.48,28240,5,买盘
829,10:14:45,56.47,5647,1,卖盘
830,10:14:48,56.48,22592,4,买盘
831,10:14:57,56.47,96007,17,卖盘
832,10:15:00,56.48,152496,27,买盘
833,10:15:03,56.47,237208,42,卖盘
834,10:15:06,56.48,96016,17,买盘
835,10:15:09,56.48,158149,28,中性盘
836,10:15:12,56.48,5648,1,买盘
837,10:15:15,56.49,33892,6,买盘
838,10:15:18,56.49,22595,4,买盘
839,10:15:21,56.49,5649,1,买盘
840,10:15:24,56.48,39538,7,卖盘
841,10:15:27,56.49,5649,1,买盘
842,10:15:30,56.49,11298,2,买盘
843,10:15:33,56.49,33894,6,买盘
844,10:15:36,56.49,11298,2,卖盘
845,10:15:39,56.5,11300,2,买盘
846,10:15:42,56.5,163850,29,买盘
847,10:15:45,56.51,16952,3,买盘
848,10:15:48,56.51,62161,11,买盘
849,10:15:51,56.51,62161,11,买盘
850,10:15:54,56.52,5652,1,买盘
851,10:15:57,56.52,62172,11,买盘
852,10:16:00,56.52,5652,1,卖盘
853,10:16:03,56.53,203508,36,买盘
854,10:16:06,56.53,5653,1,卖盘
855,10:16:09,56.54,45228,8,买盘
856,10:16:12,56.53,56527,10,中性盘
857,10:16:15,56.54,16962,3,买盘
858,10:16:18,56.54,39578,7,买盘
859,10:16:21,56.54,62199,11,买盘
860,10:16:24,56.55,84823,15,买盘
861,10:16:27,56.55,67855,12,买盘
862,10:16:30,56.55,33930,6,买盘
863,10:16:33,56.54,50895,9,卖盘
864,10:16:36,56.56,62216,11,买盘
865,10:16:39,56.56,5656,1,买盘
866,10:16:42,56.55,33930,6,卖盘
867,10:16:45,56.56,28276,5,买盘
868,10:16:48,56.55,22622,4,卖盘
869,10:16:51,56.56,5656,1,买盘
870,10:16:54,56.56,28279,5,买盘
871,10:16:57,56.56,28277,5,买盘
872,10:17:00,56.55,84825,15,卖盘
873,10:17:03,56.55,45240,8,卖盘
874,10:17:09,56.56,158350,28,买盘
875,10:17:12,56.55,56550,10,买盘
876,10:17:15,56.54,39578,7,卖盘
877,10:17:21,56.53,480497,85,卖盘
878,10:17:24,56.53,169602,30,买盘
879,10:17:27,56.52,5652,1,卖盘
880,10:17:30,56.53,11304,2,买盘
881,10:17:33,56.53,16957,3,买盘
882,10:17:36,56.52,90444,16,卖盘
883,10:17:39,56.53,45221,8,买盘
884,10:17:42,56.53,50877,9,买盘
885,10:17:45,56.53,203508,36,买盘
886,10:17:48,56.54,107421,19,买盘
887,10:17:54,56.55,231835,41,买盘
888,10:17:57,56.55,39584,7,买盘
889,10:18:00,56.53,62212,11,卖盘
890,10:18:03,56.54,5654,1,中性盘
891,10:18:06,56.55,152660,27,买盘
892,10:18:09,56.54,56546,10,买盘
893,10:18:12,56.55,67860,12,买盘
894,10:18:15,56.55,56550,10,中性盘
895,10:18:18,56.56,339351,60,买盘
896,10:18:21,56.57,73536,13,买盘
897,10:18:24,56.57,73541,13,买盘
898,10:18:27,56.58,130113,23,买盘
899,10:18:30,56.57,11314,2,卖盘
900,10:18:33,56.57,79199,14,卖盘
901,10:18:36,56.57,73552,13,卖盘
902,10:18:42,56.57,62227,11,买盘
903,10:18:45,56.57,22628,4,卖盘
904,10:18:48,56.57,67884,12,卖盘
905,10:18:51,56.56,11312,2,卖盘
906,10:18:57,56.56,39595,7,卖盘
907,10:19:00,56.56,231898,41,卖盘
908,10:19:06,56.56,50896,9,买盘
909,10:19:09,56.56,16968,3,买盘
910,10:19:12,56.54,90480,16,卖盘
911,10:19:18,56.56,16965,3,买盘
912,10:19:21,56.54,16964,3,卖盘
913,10:19:24,56.56,5656,1,买盘
914,10:19:27,56.54,28270,5,卖盘
915,10:19:30,56.56,39589,7,买盘
916,10:19:33,56.56,39592,7,买盘
917,10:19:42,56.55,11310,2,卖盘
918,10:19:45,56.56,16968,3,买盘
919,10:19:48,56.56,169664,30,买盘
920,10:19:51,56.55,96136,17,买盘
921,10:19:54,56.56,67875,12,买盘
922,10:19:57,56.57,22622,4,买盘
923,10:20:00,56.57,5657,1,买盘
924,10:20:03,56.57,56570,10,买盘
925,10:20:06,56.57,39599,7,买盘
926,10:20:09,56.58,56580,10,买盘
927,10:20:12,56.58,55447,10,买盘
928,10:20:15,56.58,192342,34,买盘
929,10:20:18,56.58,62238,11,买盘
930,10:20:21,56.56,85971,15,卖盘
931,10:20:24,56.58,265894,47,买盘
932,10:20:27,56.56,95044,17,卖盘
933,10:20:33,56.57,39604,7,卖盘
934,10:20:36,56.57,5657,1,卖盘
935,10:20:39,56.56,67881,12,卖盘
936,10:20:42,56.58,33948,6,买盘
937,10:20:45,56.57,73549,13,卖盘
938,10:20:48,56.58,50928,9,中性盘
939,10:20:51,56.58,5658,1,买盘
940,10:20:54,56.58,243256,43,买盘
941,10:20:57,56.58,84870,15,买盘
942,10:21:03,56.59,45270,8,买盘
943,10:21:06,56.59,5659,1,买盘
944,10:21:12,56.58,101846,18,卖盘
945,10:21:15,56.58,175398,31,买盘
946,10:21:18,56.58,198030,35,买盘
947,10:21:24,56.57,33946,6,卖盘
948,10:21:27,56.58,39606,7,买盘
949,10:21:30,56.57,62227,11,卖盘
950,10:21:33,56.57,50920,9,买盘
951,10:21:45,56.56,113130,20,卖盘
952,10:21:48,56.57,90504,16,买盘
953,10:21:54,56.57,11313,2,买盘
954,10:21:57,56.57,11313,2,买盘
955,10:22:00,56.56,39595,7,卖盘
956,10:22:06,56.56,11312,2,买盘
957,10:22:09,56.56,11312,2,买盘
958,10:22:12,56.55,84833,15,卖盘
959,10:22:15,56.56,130075,23,买盘
960,10:22:18,56.55,5655,1,卖盘
961,10:22:21,56.55,79170,14,卖盘
962,10:22:24,56.55,11310,2,买盘
963,10:22:27,56.55,11310,2,买盘
964,10:22:30,56.55,39584,7,买盘
965,10:22:33,56.55,542890,96,买盘
966,10:22:36,56.54,135728,24,卖盘
967,10:22:39,56.56,56560,10,买盘
968,10:22:42,56.56,5656,1,卖盘
969,10:22:45,56.57,96169,17,买盘
970,10:22:48,56.56,62221,11,卖盘
971,10:22:51,56.57,50910,9,买盘
972,10:22:54,56.57,33942,6,买盘
973,10:22:57,56.57,50913,9,买盘
974,10:23:00,56.57,62227,11,买盘
975,10:23:03,56.57,5657,1,买盘
976,10:23:06,56.57,70144,12,卖盘
977,10:23:09,56.57,67892,12,买盘
978,10:23:12,56.57,5657,1,卖盘
979,10:23:15,56.58,22629,4,买盘
980,10:23:18,56.57,5657,1,卖盘
981,10:23:21,56.58,256873,45,买盘
982,10:23:24,56.56,88272,16,卖盘
983,10:23:30,56.57,5657,1,卖盘
984,10:23:33,56.58,62238,11,买盘
985,10:23:36,56.59,33950,6,买盘
986,10:23:39,56.59,56590,10,买盘
987,10:23:42,56.59,16977,3,买盘
988,10:23:45,56.59,56590,10,买盘
989,10:23:48,56.59,22636,4,买盘
990,10:23:54,56.58,5658,1,卖盘
991,10:23:57,56.59,22636,4,买盘
992,10:24:00,56.58,56583,10,卖盘
993,10:24:06,56.58,22632,4,买盘
994,10:24:09,56.58,50922,9,买盘
995,10:24:15,56.58,67896,12,买盘
996,10:24:18,56.58,22632,4,买盘
997,10:24:21,56.58,84870,15,买盘
998,10:24:24,56.59,39613,7,买盘
999,10:24:30,56.58,67898,12,卖盘
1000,10:24:33,56.59,192381,34,买盘
1001,10:24:36,56.58,56589,10,中性盘
1002,10:24:39,56.58,33950,6,卖盘
1003,10:24:42,56.58,79212,14,买盘
1004,10:24:45,56.58,22632,4,买盘
1005,10:24:54,56.58,16974,3,买盘
1006,10:25:00,56.57,5657,1,卖盘
1007,10:25:03,56.56,39593,7,卖盘
1008,10:25:06,56.56,56562,10,卖盘
1009,10:25:09,56.57,67882,12,买盘
1010,10:25:12,56.56,486426,86,卖盘
1011,10:25:15,56.55,286159,51,卖盘
1012,10:25:18,56.55,158389,28,卖盘
1013,10:25:21,56.54,62201,11,卖盘
1014,10:25:24,56.56,33934,6,买盘
1015,10:25:27,56.56,28280,5,买盘
1016,10:25:33,56.56,152712,27,买盘
1017,10:25:36,56.55,96156,17,卖盘
1018,10:25:39,56.56,5656,1,中性盘
1019,10:25:42,56.55,5655,1,卖盘
1020,10:25:45,56.56,39592,7,买盘
1021,10:25:48,56.55,11310,2,卖盘
1022,10:25:51,56.56,28280,5,买盘
1023,10:25:54,56.56,28280,5,买盘
1024,10:26:00,56.55,39585,7,卖盘
1025,10:26:06,56.55,5655,1,卖盘
1026,10:26:09,56.56,282800,50,买盘
1027,10:26:12,56.56,158384,28,卖盘
1028,10:26:15,56.57,5657,1,买盘
1029,10:26:21,56.57,22626,4,买盘
1030,10:26:24,56.57,62227,11,买盘
1031,10:26:27,56.57,16971,3,买盘
1032,10:26:33,56.57,22628,4,买盘
1033,10:26:36,56.56,5656,1,卖盘
1034,10:26:45,56.57,5657,1,买盘
1035,10:26:48,56.56,571256,101,卖盘
1036,10:26:51,56.57,118796,21,买盘
1037,10:26:57,56.57,147062,26,买盘
1038,10:27:00,56.57,39599,7,买盘
1039,10:27:03,56.57,33942,6,买盘
1040,10:27:06,56.57,96158,17,买盘
1041,10:27:09,56.57,67884,12,买盘
1042,10:27:12,56.57,73536,13,买盘
1043,10:27:15,56.57,56570,10,买盘
1044,10:27:18,56.57,152738,27,买盘
1045,10:27:21,56.57,5657,1,买盘
1046,10:27:24,56.57,5657,1,买盘
1047,10:27:27,56.57,50913,9,买盘
1048,10:27:30,56.57,107483,19,买盘
1049,10:27:33,56.58,47523,8,买盘
1050,10:27:36,56.57,50916,9,卖盘
1051,10:27:39,56.58,5658,1,买盘
1052,10:27:42,56.58,56580,10,买盘
1053,10:27:45,56.58,5658,1,买盘
1054,10:27:48,56.58,45264,8,买盘
1055,10:27:51,56.58,33948,6,买盘
1056,10:27:57,56.57,5657,1,卖盘
1057,10:28:00,56.58,90527,16,买盘
1058,10:28:03,56.58,429985,76,买盘
1059,10:28:06,56.59,16975,3,买盘
1060,10:28:09,56.57,22628,4,买盘
1061,10:28:12,56.56,11312,2,卖盘
1062,10:28:15,56.57,16971,3,买盘
1063,10:28:18,56.57,84851,15,买盘
1064,10:28:21,56.57,73548,13,卖盘
1065,10:28:24,56.56,50904,9,卖盘
1066,10:28:27,56.58,39596,7,买盘
1067,10:28:30,56.57,5657,1,中性盘
1068,10:28:33,56.57,5657,1,买盘
1069,10:28:36,56.57,28285,5,买盘
1070,10:28:39,56.57,113139,20,买盘
1071,10:28:42,56.58,22629,4,买盘
1072,10:28:45,56.58,45264,8,买盘
1073,10:28:48,56.58,33948,6,买盘
1074,10:28:51,56.57,39605,7,中性盘
1075,10:28:54,56.58,118811,21,买盘
1076,10:28:57,56.58,33947,6,买盘
1077,10:29:03,56.57,11314,2,买盘
1078,10:29:12,56.56,231896,41,卖盘
1079,10:29:15,56.56,118789,21,卖盘
1080,10:29:18,56.57,2172010,384,买盘
1081,10:29:21,56.56,503575,89,卖盘
1082,10:29:24,56.57,16971,3,买盘
1083,10:29:27,56.57,45252,8,买盘
1084,10:29:30,56.57,73541,13,买盘
1085,10:29:33,56.57,45256,8,买盘
1086,10:29:36,56.57,11314,2,买盘
1087,10:29:39,56.57,56564,10,买盘
1088,10:29:42,56.57,56568,10,买盘
1089,10:29:45,56.57,50907,9,买盘
1090,10:29:48,56.57,22627,4,买盘
1091,10:29:51,56.56,11313,2,卖盘
1092,10:29:57,56.57,141425,25,买盘
1093,10:30:00,56.57,56575,10,买盘
1094,10:30:03,56.56,113120,20,卖盘
1095,10:30:06,56.57,28285,5,买盘
1096,10:30:09,56.58,135774,24,买盘
1097,10:30:12,56.56,33937,6,卖盘
1098,10:30:15,56.58,73554,13,买盘
1099,10:30:18,56.58,50922,9,买盘
1100,10:30:21,56.58,28288,5,买盘
1101,10:30:24,56.58,22631,4,买盘
1102,10:30:27,56.59,33948,6,买盘
1103,10:30:30,56.57,16971,3,卖盘
1104,10:30:36,56.57,56574,10,卖盘
1105,10:30:39,56.57,28286,5,中性盘
1106,10:30:42,56.57,90507,16,中性盘
1107,10:30:45,56.56,33936,6,卖盘
1108,10:30:48,56.57,28284,5,买盘
1109,10:30:57,56.56,96153,17,卖盘
1110,10:31:00,56.56,79192,14,卖盘
1111,10:31:03,56.56,45254,8,卖盘
1112,10:31:06,56.55,463793,82,卖盘
1113,10:31:09,56.56,695794,123,买盘
1114,10:31:12,56.57,33937,6,中性盘
1115,10:31:15,56.56,135782,24,中性盘
1116,10:31:18,56.57,84853,15,买盘
1117,10:31:21,56.57,39599,7,卖盘
1118,10:31:24,56.57,16971,3,买盘
1119,10:31:27,56.57,5657,1,买盘
1120,10:31:30,56.58,28286,5,买盘
1121,10:31:33,56.56,11312,2,卖盘
1122,10:31:36,56.55,5655,1,卖盘
1123,10:31:39,56.56,5656,1,买盘
1124,10:31:51,56.56,5656,1,买盘
1125,10:31:57,56.56,79184,14,买盘
1126,10:32:03,56.57,45253,8,买盘
1127,10:32:06,56.58,16974,3,买盘
1128,10:32:09,56.58,39605,7,买盘
1129,10:32:15,56.57,16971,3,买盘
1130,10:32:21,56.57,56568,10,卖盘
1131,10:32:24,56.58,11316,2,买盘
1132,10:32:27,56.57,11314,2,卖盘
1133,10:32:33,56.57,5657,1,买盘
1134,10:32:36,56.56,56566,10,卖盘
1135,10:32:39,56.56,45250,8,卖盘
1136,10:32:42,56.56,90504,16,卖盘
1137,10:32:45,56.56,33936,6,买盘
1138,10:32:48,56.55,67863,12,卖盘
1139,10:32:51,56.56,96152,17,买盘
1140,10:32:54,56.56,56567,10,卖盘
1141,10:32:57,56.56,90510,16,卖盘
1142,10:33:00,56.56,22627,4,卖盘
1143,10:33:03,56.57,22628,4,买盘
1144,10:33:09,56.57,11314,2,买盘
1145,10:33:12,56.57,28285,5,买盘
1146,10:33:15,56.57,22628,4,买盘
1147,10:33:18,56.57,73541,13,买盘
1148,10:33:21,56.58,520445,92,买盘
1149,10:33:24,56.58,158424,28,买盘
1150,10:33:27,56.57,16973,3,卖盘
1151,10:33:30,56.57,11314,2,卖盘
1152,10:33:33,56.58,28290,5,买盘
1153,10:33:36,56.58,33948,6,买盘
1154,10:33:39,56.58,28289,5,买盘
1155,10:33:45,56.58,11315,2,买盘
1156,10:33:48,56.56,124450,22,卖盘
1157,10:33:51,56.56,67879,12,卖盘
1158,10:33:54,56.56,22624,4,卖盘
1159,10:33:57,56.56,56565,10,卖盘
1160,10:34:00,56.57,5657,1,买盘
1161,10:34:03,56.57,22628,4,买盘
1162,10:34:06,56.57,22628,4,买盘
1163,10:34:09,56.57,39595,7,买盘
1164,10:34:12,56.57,237554,42,买盘
1165,10:34:15,56.56,62226,11,卖盘
1166,10:34:18,56.56,203616,36,卖盘
1167,10:34:21,56.56,79194,14,卖盘
1168,10:34:24,56.57,56570,10,买盘
1169,10:34:27,56.56,79184,14,卖盘
1170,10:34:30,56.57,130111,23,买盘
1171,10:34:36,56.57,16971,3,买盘
1172,10:34:39,56.57,11314,2,买盘
1173,10:34:42,56.57,45256,8,买盘
1174,10:34:45,56.57,124451,22,买盘
1175,10:34:48,56.57,5657,1,卖盘
1176,10:34:51,56.58,28290,5,买盘
1177,10:34:54,56.58,28286,5,买盘
1178,10:35:03,56.58,164072,29,买盘
1179,10:35:06,56.58,45264,8,买盘
1180,10:35:12,56.58,11316,2,买盘
1181,10:35:18,56.57,101826,18,卖盘
1182,10:35:24,56.57,5657,1,卖盘
1183,10:35:27,56.57,5657,1,卖盘
1184,10:35:33,56.57,33942,6,买盘
1185,10:35:36,56.56,5656,1,卖盘
1186,10:35:42,56.56,28283,5,卖盘
1187,10:35:45,56.56,96152,17,卖盘
1188,10:35:48,56.56,113129,20,卖盘
1189,10:35:51,56.57,169719,30,买盘
1190,10:35:54,56.58,16973,3,买盘
1191,10:35:57,56.57,28285,5,卖盘
1192,10:36:00,56.57,33942,6,卖盘
1193,10:36:03,56.58,33947,6,买盘
1194,10:36:06,56.57,16971,3,买盘
1195,10:36:09,56.56,5656,1,卖盘
1196,10:36:15,56.57,62227,11,买盘
1197,10:36:18,56.56,16968,3,卖盘
1198,10:36:21,56.56,5656,1,卖盘
1199,10:36:24,56.57,28285,5,买盘
1200,10:36:27,56.57,169688,30,买盘
1201,10:36:30,56.57,56570,10,卖盘
1202,10:36:33,56.58,158424,28,买盘
1203,10:36:36,56.58,28288,5,买盘
1204,10:36:39,56.58,16974,3,买盘
1205,10:36:42,56.58,45264,8,买盘
1206,10:36:45,56.58,22632,4,买盘
1207,10:36:54,56.58,50922,9,买盘
1208,10:36:57,56.58,5658,1,买盘
1209,10:37:00,56.57,90512,16,卖盘
1210,10:37:03,56.56,50918,9,卖盘
1211,10:37:09,56.56,141400,25,卖盘
1212,10:37:15,56.56,5656,1,卖盘
1213,10:37:18,56.56,39596,7,卖盘
1214,10:37:21,56.56,169687,30,卖盘
1215,10:37:24,56.56,11312,2,卖盘
1216,10:37:27,56.56,571189,101,卖盘
1217,10:37:30,56.57,226258,40,买盘
1218,10:37:33,56.56,22624,4,买盘
1219,10:37:36,56.57,50907,9,买盘
1220,10:37:39,56.57,79204,14,卖盘
1221,10:37:42,56.56,16970,3,卖盘
1222,10:37:51,56.57,16970,3,买盘
1223,10:37:57,56.55,96167,17,卖盘
1224,10:38:00,56.57,39599,7,买盘
1225,10:38:03,56.57,28285,5,买盘
1226,10:38:06,56.56,28284,5,卖盘
1227,10:38:09,56.57,28285,5,买盘
1228,10:38:12,56.58,175368,31,买盘
1229,10:38:15,56.56,141427,25,卖盘
1230,10:38:18,56.58,16973,3,买盘
1231,10:38:21,56.57,5657,1,中性盘
1232,10:38:24,56.57,28289,5,卖盘
1233,10:38:27,56.57,16973,3,卖盘
1234,10:38:33,56.56,28283,5,卖盘
1235,10:38:36,56.58,33948,6,买盘
1236,10:38:45,56.56,50915,9,卖盘
1237,10:38:48,56.58,203688,36,买盘
1238,10:38:51,56.57,152777,27,卖盘
1239,10:38:54,56.58,5658,1,中性盘
1240,10:38:57,56.57,39601,7,卖盘
1241,10:39:00,56.58,5658,1,卖盘
1242,10:39:06,56.58,28290,5,买盘
1243,10:39:09,56.58,16974,3,买盘
1244,10:39:15,56.58,22631,4,买盘
1245,10:39:21,56.57,62229,11,卖盘
1246,10:39:36,56.56,73539,13,卖盘
1247,10:39:39,56.57,96169,17,买盘
1248,10:39:42,56.57,175401,31,卖盘
1249,10:39:48,56.57,16971,3,卖盘
1250,10:39:51,56.57,130123,23,买盘
1251,10:39:54,56.58,11316,2,买盘
1252,10:39:57,56.57,31679,6,卖盘
1253,10:40:00,56.58,28290,5,买盘
1254,10:40:03,56.57,107488,19,卖盘
1255,10:40:09,56.58,28290,5,买盘
1256,10:40:12,56.57,11314,2,卖盘
1257,10:40:18,56.57,11314,2,卖盘
1258,10:40:21,56.58,22632,4,买盘
1259,10:40:24,56.57,16971,3,卖盘
1260,10:40:27,56.58,209346,37,买盘
1261,10:40:33,56.59,45265,8,买盘
1262,10:40:36,56.57,11314,2,卖盘
1263,10:40:45,56.57,109753,19,卖盘
1264,10:40:48,56.57,56570,10,卖盘
1265,10:40:51,56.58,33948,6,买盘
1266,10:41:00,56.58,16972,3,买盘
1267,10:41:09,56.57,11314,2,卖盘
1268,10:41:12,56.58,79206,14,买盘
1269,10:41:15,56.58,16973,3,买盘
1270,10:41:18,56.58,33948,6,买盘
1271,10:41:21,56.58,62238,11,买盘
1272,10:41:24,56.58,45264,8,买盘
1273,10:41:27,56.58,11316,2,买盘
1274,10:41:39,56.58,124478,22,买盘
1275,10:41:42,56.59,50930,9,买盘
1276,10:41:45,56.58,5658,1,卖盘
1277,10:41:51,56.59,16977,3,买盘
1278,10:41:54,56.58,79212,14,卖盘
1279,10:41:57,56.57,497884,88,卖盘
1280,10:42:00,56.57,90510,16,买盘
1281,10:42:03,56.57,39599,7,买盘
1282,10:42:06,56.57,45256,8,买盘
1283,10:42:09,56.57,73546,13,买盘
1284,10:42:12,56.58,56571,10,买盘
1285,10:42:15,56.58,39606,7,买盘
1286,10:42:18,56.57,96169,17,卖盘
1287,10:42:21,56.57,33942,6,卖盘
1288,10:42:24,56.57,45256,8,买盘
1289,10:42:27,56.57,5657,1,买盘
1290,10:42:30,56.57,22628,4,买盘
1291,10:42:33,56.57,28285,5,买盘
1292,10:42:39,56.57,28285,5,买盘
1293,10:42:48,56.56,73532,13,卖盘
1294,10:42:51,56.58,39602,7,买盘
1295,10:42:57,56.57,45256,8,卖盘
1296,10:43:00,56.57,16972,3,卖盘
1297,10:43:03,56.58,186712,33,买盘
1298,10:43:06,56.56,520409,92,卖盘
1299,10:43:09,56.58,22627,4,买盘
1300,10:43:12,56.57,192338,34,买盘
1301,10:43:15,56.57,5657,1,买盘
1302,10:43:18,56.57,22628,4,买盘
1303,10:43:21,56.57,418616,74,买盘
1304,10:43:24,56.58,67881,12,买盘
1305,10:43:27,56.58,118821,21,买盘
1306,10:43:30,56.59,39608,7,买盘
1307,10:43:33,56.59,265973,47,买盘
1308,10:43:36,56.59,130146,23,买盘
1309,10:43:39,56.59,22636,4,买盘
1310,10:43:42,56.59,28295,5,买盘
1311,10:43:45,56.57,45263,8,卖盘
1312,10:43:48,56.59,39613,7,买盘
1313,10:43:51,56.59,164111,29,买盘
1314,10:43:54,56.59,147134,26,买盘
1315,10:43:57,56.59,79226,14,买盘
1316,10:44:00,56.59,22636,4,卖盘
1317,10:44:06,56.6,11320,2,买盘
1318,10:44:15,56.6,11320,2,买盘
1319,10:44:18,56.6,11320,2,买盘
1320,10:44:21,56.6,16980,3,买盘
1321,10:44:27,56.6,16980,3,买盘
1322,10:44:30,56.59,1324438,234,卖盘
1323,10:44:33,56.6,362240,64,买盘
1324,10:44:36,56.6,5660,1,买盘
1325,10:44:39,56.6,118860,21,买盘
1326,10:44:42,56.6,79240,14,买盘
1327,10:44:45,56.59,22637,4,卖盘
1328,10:44:48,56.6,73580,13,买盘
1329,10:44:51,56.6,33960,6,买盘
1330,10:44:54,56.6,33960,6,买盘
1331,10:45:00,56.6,28300,5,买盘
1332,10:45:03,56.6,39620,7,买盘
1333,10:45:06,56.6,28300,5,买盘
1334,10:45:09,56.6,16980,3,买盘
1335,10:45:12,56.59,96218,17,卖盘
1336,10:45:15,56.6,379170,67,买盘
1337,10:45:18,56.6,118850,21,买盘
1338,10:45:21,56.59,50934,9,中性盘
1339,10:45:27,56.6,33960,6,买盘
1340,10:45:30,56.6,16980,3,买盘
1341,10:45:33,56.6,113200,20,买盘
1342,10:45:36,56.61,186793,33,买盘
1343,10:45:39,56.61,28303,5,买盘
1344,10:45:42,56.61,33966,6,买盘
1345,10:45:48,56.61,16983,3,买盘
1346,10:45:51,56.59,33961,6,卖盘
1347,10:45:57,56.61,16983,3,买盘
1348,10:46:03,56.61,16983,3,买盘
1349,10:46:06,56.6,28304,5,卖盘
1350,10:46:09,56.6,735912,130,卖盘
1351,10:46:12,56.62,198167,35,买盘
1352,10:46:15,56.62,16986,3,买盘
1353,10:46:18,56.62,67933,12,买盘
1354,10:46:21,56.62,28309,5,买盘
1355,10:46:24,56.61,16983,3,中性盘
1356,10:46:27,56.62,16986,3,买盘
1357,10:46:33,56.62,22647,4,买盘
1358,10:46:36,56.61,115391,20,卖盘
1359,10:46:39,56.61,45293,8,卖盘
1360,10:46:42,56.61,150712,27,卖盘
1361,10:46:48,56.61,28305,5,卖盘
1362,10:46:54,56.62,22647,4,买盘
1363,10:46:57,56.61,11322,2,卖盘
1364,10:47:00,56.62,33972,6,买盘
1365,10:47:06,56.62,164186,29,买盘
1366,10:47:09,56.61,79259,14,卖盘
1367,10:47:12,56.61,11322,2,买盘
1368,10:47:15,56.61,11322,2,买盘
1369,10:47:18,56.61,39629,7,卖盘
1370,10:47:21,56.61,39629,7,卖盘
1371,10:47:24,56.62,28310,5,买盘
1372,10:47:27,56.61,22646,4,卖盘
1373,10:47:30,56.59,118869,21,卖盘
1374,10:47:33,56.6,39620,7,买盘
1375,10:47:36,56.59,22637,4,卖盘
1376,10:47:39,56.6,22640,4,买盘
1377,10:47:42,56.6,50940,9,买盘
1378,10:47:48,56.59,11319,2,卖盘
1379,10:47:51,56.6,28300,5,买盘
1380,10:47:54,56.59,11318,2,卖盘
1381,10:47:57,56.59,22636,4,卖盘
1382,10:48:00,56.6,62260,11,买盘
1383,10:48:03,56.6,5660,1,买盘
1384,10:48:06,56.59,13583,2,卖盘
1385,10:48:09,56.6,22640,4,买盘
1386,10:48:12,56.6,5660,1,买盘
1387,10:48:15,56.6,50940,9,买盘
1388,10:48:21,56.59,22637,4,卖盘
1389,10:48:27,56.59,679196,120,卖盘
1390,10:48:30,56.61,141521,25,买盘
1391,10:48:33,56.59,22637,4,卖盘
1392,10:48:36,56.61,16983,3,买盘
1393,10:48:45,56.61,5661,1,中性盘
1394,10:48:48,56.62,243465,43,买盘
1395,10:48:51,56.63,67954,12,买盘
1396,10:48:54,56.62,5662,1,卖盘
1397,10:49:00,56.62,29442,5,卖盘
1398,10:49:03,56.62,27176,5,卖盘
1399,10:49:06,56.62,28310,5,买盘
1400,10:49:09,56.62,6794,1,买盘
1401,10:49:12,56.63,72480,13,买盘
1402,10:49:15,56.62,73602,13,买盘
1403,10:49:18,56.62,11324,2,买盘
1404,10:49:21,56.61,84927,15,卖盘
1405,10:49:24,56.62,67934,12,买盘
1406,10:49:27,56.61,11322,2,卖盘
1407,10:49:30,56.61,5661,1,卖盘
1408,10:49:39,56.61,33966,6,买盘
1409,10:49:42,56.6,22640,4,卖盘
1410,10:49:45,56.6,118863,21,卖盘
1411,10:49:48,56.61,50949,9,买盘
1412,10:49:54,56.61,22644,4,买盘
1413,10:50:00,56.6,5660,1,卖盘
1414,10:50:03,56.61,5661,1,买盘
1415,10:50:06,56.61,73592,13,买盘
1416,10:50:09,56.62,56615,10,买盘
1417,10:50:12,56.61,152847,27,买盘
1418,10:50:15,56.6,183418,32,卖盘
1419,10:50:18,56.62,283090,50,买盘
1420,10:50:21,56.6,96244,17,卖盘
1421,10:50:24,56.61,124538,22,买盘
1422,10:50:27,56.62,33972,6,买盘
1423,10:50:30,56.62,220817,39,买盘
1424,10:50:33,56.62,158526,28,买盘
1425,10:50:36,56.62,33968,6,买盘
1426,10:50:39,56.61,5661,1,卖盘
1427,10:50:45,56.61,5661,1,卖盘
1428,10:50:48,56.62,22646,4,买盘
1429,10:50:51,56.62,22648,4,买盘
1430,10:50:54,56.61,73593,13,卖盘
1431,10:50:57,56.62,671523,119,买盘
1432,10:51:00,56.62,28310,5,卖盘
1433,10:51:03,56.6,634018,112,卖盘
1434,10:51:06,56.6,1794219,317,买盘
1435,10:51:09,56.62,356659,63,买盘
1436,10:51:15,56.63,84941,15,买盘
1437,10:51:18,56.63,16989,3,买盘
1438,10:51:21,56.63,16989,3,买盘
1439,10:51:24,56.63,181216,32,买盘
1440,10:51:30,56.62,5662,1,卖盘
1441,10:51:33,56.63,16989,3,买盘
1442,10:51:36,56.63,5663,1,买盘
1443,10:51:39,56.64,16988,3,买盘
1444,10:51:42,56.62,5662,1,卖盘
1445,10:51:45,56.63,152901,27,买盘
1446,10:51:51,56.64,5664,1,买盘
1447,10:51:54,56.63,39647,7,卖盘
1448,10:51:57,56.63,16989,3,卖盘
1449,10:52:03,56.63,39637,7,买盘
1450,10:52:06,56.63,33978,6,买盘
1451,10:52:09,56.64,28320,5,买盘
1452,10:52:15,56.64,50972,9,买盘
1453,10:52:21,56.64,147264,26,买盘
1454,10:52:24,56.64,67965,12,买盘
1455,10:52:27,56.64,33984,6,买盘
1456,10:52:33,56.64,11328,2,买盘
1457,10:52:39,56.63,28318,5,卖盘
1458,10:52:42,56.63,56630,10,卖盘
1459,10:52:45,56.63,67958,12,卖盘
1460,10:52:48,56.64,16992,3,买盘
1461,10:52:51,56.64,11328,2,买盘
1462,10:52:54,56.64,50976,9,买盘
1463,10:52:57,56.64,11328,2,买盘
1464,10:53:03,56.64,11328,2,买盘
1465,10:53:06,56.64,16992,3,买盘
1466,10:53:09,56.64,101952,18,买盘
1467,10:53:12,56.64,62301,11,买盘
1468,10:53:15,56.63,243542,43,卖盘
1469,10:53:18,56.64,50976,9,买盘
1470,10:53:27,56.63,45308,8,卖盘
1471,10:53:33,56.64,5664,1,买盘
1472,10:53:36,56.63,5663,1,卖盘
1473,10:53:39,56.64,5664,1,买盘
1474,10:53:45,56.62,226498,40,卖盘
1475,10:53:48,56.64,460882,81,买盘
1476,10:53:51,56.64,711512,126,卖盘
1477,10:53:54,56.62,243553,43,卖盘
1478,10:54:03,56.63,39641,7,买盘
1479,10:54:09,56.63,16989,3,买盘
1480,10:54:12,56.62,5662,1,卖盘
1481,10:54:18,56.62,5662,1,卖盘
1482,10:54:21,56.63,147213,26,买盘
1483,10:54:24,56.63,5663,1,买盘
1484,10:54:27,56.63,141575,25,买盘
1485,10:54:30,56.63,28314,5,买盘
1486,10:54:33,56.62,33972,6,卖盘
1487,10:54:39,56.62,5662,1,卖盘
1488,10:54:42,56.63,28315,5,买盘
1489,10:54:45,56.63,5663,1,买盘
1490,10:54:51,56.63,33978,6,买盘
1491,10:54:57,56.63,22652,4,买盘
1492,10:55:03,56.63,39641,7,买盘
1493,10:55:06,56.62,33972,6,卖盘
1494,10:55:09,56.62,11324,2,卖盘
1495,10:55:12,56.63,16987,3,买盘
1496,10:55:15,56.62,50963,9,卖盘
1497,10:55:18,56.62,33972,6,买盘
1498,10:55:21,56.61,33974,6,卖盘
1499,10:55:24,56.63,5663,1,买盘
1500,10:55:27,56.63,16989,3,买盘
1501,10:55:33,56.62,11324,2,中性盘
1502,10:55:36,56.62,39634,7,买盘
1503,10:55:39,56.61,107576,19,卖盘
1504,10:55:42,56.61,22645,4,卖盘
1505,10:55:45,56.62,11324,2,买盘
1506,10:55:54,56.62,16986,3,买盘
1507,10:55:57,56.62,22648,4,买盘
1508,10:56:00,56.62,28310,5,买盘
1509,10:56:03,56.61,16983,3,卖盘
1510,10:56:06,56.62,84928,15,买盘
1511,10:56:09,56.61,39627,7,卖盘
1512,10:56:12,56.62,11324,2,买盘
1513,10:56:15,56.61,73597,13,卖盘
1514,10:56:18,56.61,50957,9,卖盘
1515,10:56:21,56.62,28310,5,买盘
1516,10:56:24,56.63,311410,55,买盘
1517,10:56:27,56.62,79277,14,中性盘
1518,10:56:30,56.61,62284,11,卖盘
1519,10:56:33,56.61,79278,14,卖盘
1520,10:56:36,56.63,33976,6,买盘
1521,10:56:48,56.62,16986,3,卖盘
1522,10:56:51,56.62,28310,5,买盘
1523,10:56:57,56.63,45298,8,买盘
1524,10:57:00,56.62,11324,2,买盘
1525,10:57:03,56.61,11322,2,卖盘
1526,10:57:06,56.62,56620,10,买盘
1527,10:57:15,56.63,209513,37,买盘
1528,10:57:18,56.63,28313,5,买盘
1529,10:57:21,56.63,198178,35,买盘
1530,10:57:24,56.63,198166,35,买盘
1531,10:57:27,56.64,164244,29,买盘
1532,10:57:30,56.64,56638,10,买盘
1533,10:57:33,56.63,50967,9,买盘
1534,10:57:36,56.63,39641,7,卖盘
1535,10:57:39,56.61,56624,10,卖盘
1536,10:57:42,56.64,28320,5,买盘
1537,10:57:48,56.62,5662,1,卖盘
1538,10:57:54,56.62,5662,1,卖盘
1539,10:58:03,56.62,33972,6,卖盘
1540,10:58:06,56.62,22650,4,卖盘
1541,10:58:09,56.62,169874,30,卖盘
1542,10:58:12,56.63,16988,3,买盘
1543,10:58:15,56.62,39639,7,卖盘
1544,10:58:21,56.62,39634,7,卖盘
1545,10:58:30,56.63,67956,12,买盘
1546,10:58:33,56.62,22648,4,卖盘
1547,10:58:42,56.63,84944,15,买盘
1548,10:58:45,56.63,5663,1,买盘
1549,10:58:48,56.63,67948,12,买盘
1550,10:58:57,56.62,11324,2,卖盘
1551,10:59:00,56.63,16989,3,买盘
1552,10:59:03,56.62,45301,8,卖盘
1553,10:59:06,56.63,16989,3,买盘
1554,10:59:09,56.63,45304,8,买盘
1555,10:59:12,56.63,192512,34,买盘
1556,10:59:15,56.62,62291,11,卖盘
1557,10:59:18,56.62,22650,4,卖盘
1558,10:59:21,56.63,22651,4,买盘
1559,10:59:24,56.63,56630,10,买盘
1560,10:59:27,56.63,11326,2,买盘
1561,10:59:30,56.63,45304,8,买盘
1562,10:59:33,56.63,84944,15,买盘
1563,10:59:36,56.63,152884,27,买盘
1564,10:59:39,56.62,101928,18,卖盘
1565,10:59:42,56.63,56630,10,买盘
1566,10:59:45,56.64,22655,4,买盘
1567,10:59:48,56.64,113278,20,买盘
1568,10:59:51,56.64,22656,4,买盘
1569,10:59:54,56.64,226562,40,买盘
1570,10:59:57,56.63,334124,59,卖盘
1571,11:00:00,56.65,226534,40,买盘
1572,11:00:03,56.64,73630,13,买盘
1573,11:00:06,56.64,56644,10,卖盘
1574,11:00:09,56.65,22657,4,买盘
1575,11:00:12,56.65,11329,2,买盘
1576,11:00:15,56.65,39655,7,买盘
1577,11:00:18,56.64,5664,1,卖盘
1578,11:00:21,56.63,28316,5,卖盘
1579,11:00:24,56.63,28323,5,卖盘
1580,11:00:27,56.65,5665,1,买盘
1581,11:00:30,56.64,135939,24,卖盘
1582,11:00:33,56.65,45319,8,买盘
1583,11:00:36,56.64,487104,86,卖盘
1584,11:00:39,56.64,11328,2,买盘
1585,11:00:42,56.63,39642,7,卖盘
1586,11:00:45,56.63,33981,6,卖盘
1587,11:00:48,56.64,209568,37,买盘
1588,11:00:51,56.65,96301,17,买盘
1589,11:00:54,56.64,22657,4,卖盘
1590,11:01:03,56.65,113297,20,买盘
1591,11:01:06,56.65,11330,2,买盘
1592,11:01:09,56.65,39655,7,买盘
1593,11:01:12,56.65,11329,2,买盘
1594,11:01:15,56.65,16995,3,买盘
1595,11:01:18,56.65,11330,2,买盘
1596,11:01:21,56.65,625303,110,买盘
1597,11:01:24,56.65,209626,37,卖盘
1598,11:01:27,56.64,113281,20,卖盘
1599,11:01:30,56.66,56659,10,买盘
1600,11:01:33,56.65,73645,13,买盘
1601,11:01:36,56.65,73645,13,买盘
1602,11:01:39,56.65,67982,12,卖盘
1603,11:01:42,56.65,583579,103,卖盘
1604,11:01:45,56.66,11331,2,买盘
1605,11:01:48,56.66,124647,22,买盘
1606,11:01:54,56.64,28325,5,卖盘
1607,11:01:57,56.65,5665,1,买盘
1608,11:02:00,56.65,33990,6,买盘
1609,11:02:03,56.66,243637,43,买盘
1610,11:02:06,56.66,107650,19,买盘
1611,11:02:09,56.65,135962,24,卖盘
1612,11:02:12,56.65,62318,11,买盘
1613,11:02:18,56.66,5666,1,买盘
1614,11:02:21,56.66,147293,26,买盘
1615,11:02:24,56.66,39662,7,买盘
1616,11:02:27,56.65,11330,2,卖盘
1617,11:02:30,56.65,135962,24,卖盘
1618,11:02:33,56.64,5664,1,卖盘
1619,11:02:36,56.65,28323,5,买盘
1620,11:02:39,56.65,135948,24,买盘
1621,11:02:42,56.65,5665,1,买盘
1622,11:02:45,56.65,16995,3,买盘
1623,11:02:51,56.65,22660,4,买盘
1624,11:02:54,56.65,11330,2,买盘
1625,11:02:57,56.65,16995,3,买盘
1626,11:03:00,56.65,56650,10,买盘
1627,11:03:03,56.64,16992,3,卖盘
1628,11:03:06,56.64,179098,32,卖盘
1629,11:03:12,56.64,28320,5,买盘
1630,11:03:15,56.64,5664,1,买盘
1631,11:03:18,56.64,11328,2,买盘
1632,11:03:21,56.63,5663,1,卖盘
1633,11:03:24,56.63,5663,1,卖盘
1634,11:03:27,56.63,164235,29,卖盘
1635,11:03:30,56.64,39645,7,买盘
1636,11:03:36,56.63,401979,71,买盘
1637,11:03:39,56.63,96262,17,买盘
1638,11:03:45,56.6,39620,7,卖盘
1639,11:03:51,56.6,5660,1,卖盘
1640,11:03:57,56.62,22648,4,买盘
1641,11:04:00,56.6,96220,17,卖盘
1642,11:04:03,56.6,141511,25,卖盘
1643,11:04:06,56.6,113211,20,卖盘
1644,11:04:09,56.6,62267,11,卖盘
1645,11:04:12,56.6,96219,17,买盘
1646,11:04:15,56.59,50939,9,卖盘
1647,11:04:18,56.59,28297,5,卖盘
1648,11:04:21,56.59,50938,9,卖盘
1649,11:04:24,56.6,33960,6,买盘
1650,11:04:30,56.6,5660,1,卖盘
1651,11:04:33,56.6,135840,24,卖盘
1652,11:04:36,56.6,147170,26,卖盘
1653,11:04:39,56.6,11320,2,卖盘
1654,11:04:42,56.6,226419,40,卖盘
1655,11:04:45,56.6,124528,22,买盘
1656,11:04:48,56.59,33959,6,卖盘
1657,11:04:51,56.6,16980,3,买盘
1658,11:04:54,56.59,16979,3,卖盘
1659,11:04:57,56.59,246732,44,卖盘
1660,11:05:00,56.59,67908,12,买盘
1661,11:05:03,56.58,16974,3,卖盘
1662,11:05:06,56.58,203688,36,卖盘
1663,11:05:09,56.59,67903,12,买盘
1664,11:05:15,56.58,124476,22,卖盘
1665,11:05:18,56.57,786453,139,卖盘
1666,11:05:21,56.58,181054,32,买盘
1667,11:05:24,56.57,16971,3,卖盘
1668,11:05:30,56.57,107483,19,卖盘
1669,11:05:33,56.56,56574,10,卖盘
1670,11:05:36,56.57,73541,13,买盘
1671,11:05:39,56.57,197995,35,买盘
1672,11:05:42,56.58,67895,12,买盘
1673,11:05:45,56.58,67896,12,买盘
1674,11:05:48,56.59,22634,4,买盘
1675,11:05:51,56.58,45268,8,卖盘
1676,11:05:54,56.58,5658,1,卖盘
1677,11:05:57,56.58,152783,27,卖盘
1678,11:06:00,56.58,84883,15,卖盘
1679,11:06:03,56.58,45271,8,卖盘
1680,11:06:09,56.58,181068,32,卖盘
1681,11:06:12,56.58,45265,8,卖盘
1682,11:06:15,56.57,62237,11,卖盘
1683,11:06:18,56.57,16971,3,卖盘
1684,11:06:21,56.57,11314,2,卖盘
1685,11:06:24,56.57,73544,13,卖盘
1686,11:06:33,56.57,56570,10,卖盘
1687,11:06:36,56.58,45263,8,买盘
1688,11:06:39,56.58,84870,15,买盘
1689,11:06:42,56.58,33948,6,买盘
1690,11:06:45,56.58,28290,5,买盘
1691,11:06:48,56.58,50928,9,卖盘
1692,11:06:51,56.59,39613,7,买盘
1693,11:06:54,56.59,22636,4,买盘
1694,11:06:57,56.6,392756,69,买盘
1695,11:07:00,56.62,152860,27,买盘
1696,11:07:03,56.61,11322,2,卖盘
1697,11:07:06,56.61,33966,6,买盘
1698,11:07:09,56.62,28309,5,买盘
1699,11:07:15,56.59,28295,5,卖盘
1700,11:07:18,56.59,11318,2,买盘
1701,11:07:21,56.6,22638,4,买盘
1702,11:07:24,56.59,11318,2,买盘
1703,11:07:30,56.6,5660,1,买盘
1704,11:07:33,56.59,22636,4,卖盘
1705,11:07:42,56.6,5660,1,买盘
1706,11:07:48,56.58,28292,5,卖盘
1707,11:07:51,56.58,5658,1,卖盘
1708,11:07:54,56.6,33960,6,买盘
1709,11:07:57,56.6,56604,10,买盘
1710,11:08:00,56.6,33958,6,买盘
1711,11:08:03,56.59,11318,2,卖盘
1712,11:08:06,56.59,35086,6,卖盘
1713,11:08:12,56.59,11318,2,卖盘
1714,11:08:18,56.59,5659,1,卖盘
1715,11:08:21,56.6,130180,23,买盘
1716,11:08:24,56.59,45284,8,卖盘
1717,11:08:30,56.6,186780,33,买盘
1718,11:08:33,56.6,152820,27,卖盘
1719,11:08:36,56.59,39613,7,卖盘
1720,11:08:39,56.59,50936,9,卖盘
1721,11:08:42,56.59,11318,2,卖盘
1722,11:08:45,56.59,22636,4,卖盘
1723,11:08:48,56.59,16977,3,卖盘
1724,11:08:51,56.6,33955,6,买盘
1725,11:08:54,56.6,33958,6,买盘
1726,11:08:57,56.6,28300,5,买盘
1727,11:09:00,56.59,5659,1,卖盘
1728,11:09:03,56.6,45280,8,买盘
1729,11:09:06,56.6,152820,27,买盘
1730,11:09:09,56.6,67919,12,买盘
1731,11:09:12,56.6,16980,3,买盘
1732,11:09:15,56.59,28299,5,卖盘
1733,11:09:18,56.6,5660,1,买盘
1734,11:09:21,56.6,11320,2,买盘
1735,11:09:27,56.59,5659,1,卖盘
1736,11:09:30,56.6,28300,5,买盘
1737,11:09:33,56.6,39620,7,买盘
1738,11:09:36,56.6,56600,10,买盘
1739,11:09:39,56.59,39617,7,卖盘
1740,11:09:42,56.6,5660,1,买盘
1741,11:09:45,56.6,79227,14,买盘
1742,11:09:48,56.6,11320,2,买盘
1743,11:09:54,56.6,33960,6,买盘
1744,11:09:57,56.59,50937,9,卖盘
1745,11:10:00,56.6,56600,10,买盘
1746,11:10:03,56.6,56600,10,买盘
1747,11:10:06,56.6,11320,2,卖盘
1748,11:10:09,56.6,22640,4,卖盘
1749,11:10:12,56.6,283006,50,卖盘
1750,11:10:18,56.6,50939,9,买盘
1751,11:10:21,56.59,16978,3,卖盘
1752,11:10:24,56.59,124498,22,卖盘
1753,11:10:27,56.59,118839,21,卖盘
1754,11:10:30,56.59,67917,12,卖盘
1755,11:10:39,56.59,62249,11,卖盘
1756,11:10:42,56.6,33959,6,买盘
1757,11:10:45,56.59,39618,7,卖盘
1758,11:10:48,56.59,5659,1,卖盘
1759,11:10:51,56.59,11318,2,卖盘
1760,11:10:54,56.6,28300,5,买盘
1761,11:10:57,56.6,22637,4,买盘
1762,11:11:00,56.59,22637,4,卖盘
1763,11:11:03,56.6,33960,6,买盘
1764,11:11:06,56.59,39619,7,卖盘
1765,11:11:09,56.6,11320,2,买盘
1766,11:11:12,56.6,11320,2,买盘
1767,11:11:15,56.6,11319,2,买盘
1768,11:11:18,56.59,11318,2,卖盘
1769,11:11:21,56.6,90550,16,买盘
1770,11:11:24,56.61,396222,70,买盘
1771,11:11:27,56.6,16980,3,卖盘
1772,11:11:30,56.62,124563,22,买盘
1773,11:11:33,56.61,5661,1,卖盘
1774,11:11:36,56.62,33969,6,买盘
1775,11:11:39,56.6,5660,1,卖盘
1776,11:11:42,56.62,28310,5,买盘
1777,11:11:48,56.61,5661,1,卖盘
1778,11:11:51,56.62,11324,2,中性盘
1779,11:11:54,56.62,11324,2,卖盘
1780,11:11:57,56.61,11322,2,卖盘
1781,11:12:00,56.62,45296,8,买盘
1782,11:12:03,56.62,28310,5,买盘
1783,11:12:09,56.62,16986,3,买盘
1784,11:12:12,56.62,11324,2,买盘
1785,11:12:15,56.62,39634,7,买盘
1786,11:12:18,56.62,113231,20,买盘
1787,11:12:21,56.61,56617,10,卖盘
1788,11:12:24,56.61,22645,4,买盘
1789,11:12:30,56.62,28310,5,买盘
1790,11:12:33,56.63,28314,5,买盘
1791,11:12:42,56.63,11326,2,买盘
1792,11:12:45,56.61,28305,5,卖盘
1793,11:12:48,56.61,5661,1,卖盘
1794,11:12:51,56.61,28311,5,卖盘
1795,11:12:57,56.61,11322,2,卖盘
1796,11:13:00,56.62,16986,3,买盘
1797,11:13:03,56.61,5661,1,卖盘
1798,11:13:09,56.62,16986,3,买盘
1799,11:13:15,56.61,11322,2,卖盘
1800,11:13:21,56.62,16986,3,买盘
1801,11:13:24,56.62,90592,16,买盘
1802,11:13:27,56.62,22648,4,买盘
1803,11:13:30,56.61,56610,10,卖盘
1804,11:13:33,56.62,33972,6,买盘
1805,11:13:36,56.61,16984,3,卖盘
1806,11:13:39,56.62,33972,6,买盘
1807,11:13:42,56.63,73614,13,买盘
1808,11:13:45,56.62,11324,2,卖盘
1809,11:13:51,56.62,5662,1,卖盘
1810,11:13:54,56.62,16986,3,卖盘
1811,11:13:57,56.63,67949,12,买盘
1812,11:14:00,56.63,45302,8,买盘
1813,11:14:03,56.63,118923,21,买盘
1814,11:14:06,56.64,209544,37,买盘
1815,11:14:09,56.64,107613,19,买盘
1816,11:14:12,56.65,107618,19,买盘
1817,11:14:15,56.65,39653,7,买盘
1818,11:14:18,56.65,16994,3,买盘
1819,11:14:21,56.64,22656,4,卖盘
1820,11:14:24,56.65,45319,8,买盘
1821,11:14:27,56.65,11330,2,买盘
1822,11:14:30,56.65,16993,3,买盘
1823,11:14:36,56.65,33989,6,买盘
1824,11:14:39,56.65,33990,6,买盘
1825,11:14:42,56.65,33990,6,买盘
1826,11:14:45,56.65,101970,18,买盘
1827,11:14:48,56.65,56650,10,买盘
1828,11:14:51,56.65,62320,11,买盘
1829,11:14:54,56.64,62304,11,卖盘
1830,11:14:57,56.64,50974,9,买盘
1831,11:15:00,56.64,237888,42,买盘
1832,11:15:03,56.63,73631,13,卖盘
1833,11:15:06,56.65,96288,17,买盘
1834,11:15:09,56.63,45307,8,卖盘
1835,11:15:12,56.64,5664,1,买盘
1836,11:15:15,56.63,5663,1,卖盘
1837,11:15:18,56.63,39644,7,卖盘
1838,11:15:21,56.64,90620,16,买盘
1839,11:15:24,56.63,5663,1,卖盘
1840,11:15:27,56.64,11328,2,买盘
1841,11:15:30,56.62,45306,8,卖盘
1842,11:15:33,56.64,50972,9,买盘
1843,11:15:36,56.64,11326,2,中性盘
1844,11:15:39,56.64,5664,1,买盘
1845,11:15:42,56.64,28319,5,买盘
1846,11:15:45,56.63,56641,10,卖盘
1847,11:15:48,56.65,22657,4,买盘
1848,11:15:51,56.63,124594,22,卖盘
1849,11:15:54,56.64,84948,15,买盘
1850,11:15:57,56.63,73642,13,卖盘
1851,11:16:00,56.65,169941,30,买盘
1852,11:16:03,56.63,90622,16,卖盘
1853,11:16:09,56.63,11326,2,卖盘
1854,11:16:15,56.64,16992,3,买盘
1855,11:16:21,56.63,39641,7,卖盘
1856,11:16:24,56.63,33981,6,卖盘
1857,11:16:27,56.64,73631,13,买盘
1858,11:16:30,56.64,11327,2,买盘
1859,11:16:33,56.64,50972,9,买盘
1860,11:16:45,56.64,62301,11,买盘
1861,11:16:48,56.64,56640,10,买盘
1862,11:16:51,56.63,11327,2,卖盘
1863,11:16:54,56.65,11330,2,买盘
1864,11:16:57,56.65,5665,1,买盘
1865,11:17:00,56.65,147277,26,买盘
1866,11:17:03,56.65,11328,2,买盘
1867,11:17:06,56.65,50985,9,买盘
1868,11:17:09,56.65,5665,1,买盘
1869,11:17:12,56.64,28321,5,中性盘
1870,11:17:15,56.64,90628,16,买盘
1871,11:17:18,56.65,67973,12,买盘
1872,11:17:21,56.63,135943,24,卖盘
1873,11:17:24,56.65,16994,3,买盘
1874,11:17:27,56.65,62315,11,买盘
1875,11:17:30,56.67,1385831,245,买盘
1876,11:17:33,56.68,96342,17,买盘
1877,11:17:36,56.68,243723,43,买盘
1878,11:17:39,56.68,28339,5,买盘
1879,11:17:42,56.68,447772,79,买盘
1880,11:17:45,56.69,725546,128,买盘
1881,11:17:48,56.69,22678,4,卖盘
1882,11:17:51,56.69,130409,23,卖盘
1883,11:17:54,56.7,11339,2,买盘
1884,11:17:57,56.69,119049,21,卖盘
1885,11:18:00,56.68,28341,5,卖盘
1886,11:18:03,56.69,45346,8,买盘
1887,11:18:06,56.68,17004,3,卖盘
1888,11:18:09,56.68,17004,3,买盘
1889,11:18:12,56.68,22672,4,买盘
1890,11:18:15,56.65,45341,8,卖盘
1891,11:18:21,56.68,11336,2,买盘
1892,11:18:24,56.68,17004,3,买盘
1893,11:18:27,56.68,68016,12,买盘
1894,11:18:30,56.68,28340,5,卖盘
1895,11:18:33,56.69,11338,2,买盘
1896,11:18:36,56.68,85017,15,买盘
1897,11:18:39,56.68,45344,8,买盘
1898,11:18:42,56.69,113353,20,买盘
1899,11:18:45,56.69,45351,8,买盘
1900,11:18:48,56.68,158716,28,卖盘
1901,11:18:51,56.67,79347,14,卖盘
1902,11:18:54,56.69,68023,12,买盘
1903,11:19:00,56.68,5668,1,买盘
1904,11:19:03,56.68,17004,3,买盘
1905,11:19:06,56.66,22666,4,卖盘
1906,11:19:09,56.68,34006,6,买盘
1907,11:19:12,56.68,11336,2,买盘
1908,11:19:15,56.68,34008,6,买盘
1909,11:19:18,56.68,39676,7,买盘
1910,11:19:21,56.68,45344,8,买盘
1911,11:19:24,56.68,22671,4,买盘
1912,11:19:27,56.67,187034,33,卖盘
1913,11:19:30,56.67,119018,21,卖盘
1914,11:19:33,56.68,11336,2,买盘
1915,11:19:36,56.67,45336,8,卖盘
1916,11:19:39,56.69,28343,5,买盘
1917,11:19:42,56.68,73684,13,卖盘
1918,11:19:48,56.68,28337,5,买盘
1919,11:19:51,56.67,17001,3,卖盘
1920,11:19:57,56.67,5667,1,卖盘
1921,11:20:00,56.67,17001,3,卖盘
1922,11:20:03,56.67,141680,25,卖盘
1923,11:20:06,56.67,28335,5,卖盘
1924,11:20:09,56.65,475973,84,卖盘
1925,11:20:12,56.65,124677,22,卖盘
1926,11:20:15,56.67,28327,5,买盘
1927,11:20:18,56.67,28335,5,买盘
1928,11:20:21,56.68,79336,14,买盘
1929,11:20:24,56.67,135968,24,中性盘
1930,11:20:27,56.68,90688,16,买盘
1931,11:20:33,56.68,17004,3,买盘
1932,11:20:36,56.68,45349,8,卖盘
1933,11:20:39,56.67,34003,6,卖盘
1934,11:20:42,56.68,5668,1,中性盘
1935,11:20:45,56.68,45344,8,中性盘
1936,11:20:48,56.68,34013,6,卖盘
1937,11:20:51,56.67,11334,2,卖盘
1938,11:21:00,56.68,90688,16,买盘
1939,11:21:03,56.67,124674,22,卖盘
1940,11:21:06,56.67,45336,8,买盘
1941,11:21:09,56.66,294683,52,卖盘
1942,11:21:12,56.66,198319,35,卖盘
1943,11:21:15,56.66,113320,20,买盘
1944,11:21:18,56.65,90655,16,卖盘
1945,11:21:21,56.65,50985,9,卖盘
1946,11:21:24,56.66,5666,1,买盘
1947,11:21:27,56.66,11332,2,买盘
1948,11:21:30,56.65,5665,1,卖盘
1949,11:21:33,56.66,402217,71,买盘
1950,11:21:36,56.65,169966,30,卖盘
1951,11:21:39,56.65,33990,6,卖盘
1952,11:21:42,56.65,90640,16,卖盘
1953,11:21:45,56.65,56654,10,中性盘
1954,11:21:48,56.66,73647,13,买盘
1955,11:21:51,56.65,45324,8,买盘
1956,11:21:54,56.66,73654,13,买盘
1957,11:21:57,56.65,56654,10,卖盘
1958,11:22:00,56.65,11330,2,卖盘
1959,11:22:03,56.65,33994,6,卖盘
1960,11:22:06,56.66,11332,2,买盘
1961,11:22:09,56.66,56657,10,买盘
1962,11:22:12,56.65,50985,9,卖盘
1963,11:22:15,56.65,5665,1,卖盘
1964,11:22:18,56.65,56650,10,卖盘
1965,11:22:21,56.65,96305,17,卖盘
1966,11:22:24,56.65,107632,19,买盘
1967,11:22:27,56.65,11329,2,买盘
1968,11:22:30,56.64,5664,1,卖盘
1969,11:22:33,56.64,22656,4,卖盘
1970,11:22:39,56.63,124606,22,卖盘
1971,11:22:42,56.63,50980,9,卖盘
1972,11:22:45,56.64,39648,7,买盘
1973,11:22:48,56.63,16989,3,卖盘
1974,11:22:51,56.64,33982,6,买盘
1975,11:22:54,56.63,62302,11,卖盘
1976,11:23:00,56.63,356768,63,卖盘
1977,11:23:03,56.62,62292,11,卖盘
1978,11:23:06,56.62,73616,13,卖盘
1979,11:23:09,56.62,5662,1,卖盘
1980,11:23:12,56.63,73616,13,买盘
1981,11:23:15,56.62,113250,20,卖盘
1982,11:23:18,56.62,96265,17,卖盘
1983,11:23:21,56.61,39630,7,卖盘
1984,11:23:24,56.62,33972,6,买盘
1985,11:23:27,56.6,271702,48,卖盘
1986,11:23:30,56.62,79269,14,买盘
1987,11:23:33,56.61,22644,4,卖盘
1988,11:23:39,56.61,22644,4,卖盘
1989,11:23:42,56.62,33971,6,买盘
1990,11:23:45,56.62,5662,1,卖盘
1991,11:23:51,56.61,16983,3,卖盘
1992,11:23:54,56.62,16986,3,买盘
1993,11:23:57,56.62,288788,51,买盘
1994,11:24:00,56.63,96266,17,买盘
1995,11:24:03,56.61,5661,1,卖盘
1996,11:24:09,56.63,101928,18,买盘
1997,11:24:15,56.61,11323,2,卖盘
1998,11:24:18,56.62,16986,3,卖盘
1999,11:24:24,56.62,16986,3,卖盘
2000,11:24:27,56.62,36237,6,卖盘
2001,11:24:30,56.62,50964,9,卖盘
2002,11:24:33,56.62,5662,1,卖盘
2003,11:24:36,56.62,79279,14,卖盘
2004,11:24:39,56.62,56620,10,卖盘
2005,11:24:42,56.62,5662,1,卖盘
2006,11:24:45,56.62,173263,31,卖盘
2007,11:24:48,56.62,56620,10,买盘
2008,11:24:54,56.61,56617,10,卖盘
2009,11:24:57,56.62,33972,6,买盘
2010,11:25:00,56.61,39628,7,卖盘
2011,11:25:03,56.61,11322,2,卖盘
2012,11:25:06,56.61,5661,1,卖盘
2013,11:25:09,56.61,11322,2,卖盘
2014,11:25:12,56.62,16984,3,买盘
2015,11:25:15,56.62,181180,32,买盘
2016,11:25:18,56.62,1185650,209,买盘
2017,11:25:21,56.62,50961,9,卖盘
2018,11:25:24,56.62,288844,51,卖盘
2019,11:25:27,56.64,5664,1,买盘
2020,11:25:42,56.63,22653,4,卖盘
2021,11:25:45,56.64,22656,4,买盘
2022,11:25:51,56.64,5664,1,买盘
2023,11:25:57,56.64,11327,2,买盘
2024,11:26:03,56.64,5664,1,买盘
2025,11:26:06,56.63,56639,10,中性盘
2026,11:26:09,56.64,11328,2,中性盘
2027,11:26:12,56.65,50984,9,买盘
2028,11:26:15,56.63,11326,2,卖盘
2029,11:26:18,56.64,5664,1,买盘
2030,11:26:21,56.63,39644,7,卖盘
2031,11:26:24,56.62,16986,3,卖盘
2032,11:26:27,56.63,22652,4,买盘
2033,11:26:33,56.64,124600,22,买盘
2034,11:26:36,56.64,56640,10,买盘
2035,11:26:39,56.63,5663,1,卖盘
2036,11:26:42,56.64,16992,3,买盘
2037,11:26:45,56.63,11326,2,中性盘
2038,11:26:51,56.63,11326,2,买盘
2039,11:26:54,56.62,28312,5,卖盘
2040,11:26:57,56.63,33978,6,买盘
2041,11:27:00,56.63,39641,7,买盘
2042,11:27:09,56.64,22654,4,买盘
2043,11:27:12,56.62,16986,3,卖盘
2044,11:27:15,56.66,1133038,200,买盘
2045,11:27:18,56.64,16992,3,中性盘
2046,11:27:21,56.63,5663,1,卖盘
2047,11:27:24,56.64,73632,13,买盘
2048,11:27:27,56.64,62304,11,买盘
2049,11:27:30,56.64,11328,2,买盘
2050,11:27:33,56.64,45312,8,买盘
2051,11:27:36,56.64,45312,8,买盘
2052,11:27:39,56.65,28325,5,买盘
2053,11:27:42,56.64,56643,10,卖盘
2054,11:27:45,56.63,56637,10,卖盘
2055,11:27:48,56.64,90616,16,买盘
2056,11:27:51,56.63,16989,3,卖盘
2057,11:27:54,56.62,28310,5,卖盘
2058,11:27:57,56.64,90620,16,买盘
2059,11:28:00,56.63,22651,4,中性盘
2060,11:28:03,56.62,22650,4,卖盘
2061,11:28:06,56.62,50963,9,卖盘
2062,11:28:12,56.63,11326,2,买盘
2063,11:28:15,56.62,11324,2,卖盘
2064,11:28:21,56.62,198187,35,卖盘
2065,11:28:24,56.61,73620,13,卖盘
2066,11:28:27,56.62,67944,12,买盘
2067,11:28:30,56.61,33969,6,卖盘
2068,11:28:36,56.62,33972,6,买盘
2069,11:28:39,56.62,28308,5,买盘
2070,11:28:42,56.62,22648,4,买盘
2071,11:28:45,56.61,16983,3,卖盘
2072,11:28:48,56.62,11323,2,买盘
2073,11:28:51,56.62,45294,8,买盘
2074,11:28:54,56.61,198136,35,卖盘
2075,11:28:57,56.6,124536,22,卖盘
2076,11:29:00,56.6,169814,30,卖盘
2077,11:29:03,56.6,22643,4,卖盘
2078,11:29:06,56.6,367969,65,卖盘
2079,11:29:09,56.6,11320,2,卖盘
2080,11:29:12,56.6,56605,10,卖盘
2081,11:29:15,56.6,11320,2,卖盘
2082,11:29:18,56.61,39625,7,买盘
2083,11:29:21,56.61,45286,8,买盘
2084,11:29:27,56.6,33961,6,卖盘
2085,11:29:30,56.6,5660,1,卖盘
2086,11:29:33,56.61,50945,9,买盘
2087,11:29:36,56.6,50942,9,卖盘
2088,11:29:39,56.6,90560,16,卖盘
2089,11:29:42,56.6,5660,1,卖盘
2090,11:29:51,56.6,45280,8,卖盘
2091,11:29:54,56.6,5660,1,卖盘
2092,11:29:57,56.6,5660,1,卖盘
2093,11:30:00,56.61,67929,12,买盘
2094,13:00:00,56.61,152835,27,买盘
2095,13:00:03,56.62,1398307,247,买盘
2096,13:00:06,56.62,373682,66,买盘
2097,13:00:09,56.63,152871,27,买盘
2098,13:00:12,56.64,526694,93,买盘
2099,13:00:15,56.63,249177,44,卖盘
2100,13:00:18,56.69,5144738,908,买盘
2101,13:00:21,56.69,1576445,278,卖盘
2102,13:00:24,56.72,340208,60,买盘
2103,13:00:27,56.7,62360,11,买盘
2104,13:00:30,56.68,73684,13,卖盘
2105,13:00:33,56.68,68017,12,中性盘
2106,13:00:36,56.69,288919,51,买盘
2107,13:00:39,56.71,475899,84,买盘
2108,13:00:42,56.71,215457,38,买盘
2109,13:00:45,56.72,204054,36,买盘
2110,13:00:48,56.72,39704,7,买盘
2111,13:00:51,56.72,11344,2,买盘
2112,13:00:54,56.72,5672,1,买盘
2113,13:00:57,56.72,56693,10,买盘
2114,13:01:00,56.71,11338,2,买盘
2115,13:01:03,56.67,22668,4,卖盘
2116,13:01:06,56.68,153043,27,中性盘
2117,13:01:09,56.69,51027,9,中性盘
2118,13:01:12,56.72,73734,13,买盘
2119,13:01:15,56.71,51042,9,买盘
2120,13:01:18,56.72,62385,11,买盘
2121,13:01:21,56.72,640891,113,买盘
2122,13:01:24,56.72,147478,26,买盘
2123,13:01:27,56.71,4911204,866,卖盘
2124,13:01:30,56.72,709312,125,卖盘
2125,13:01:33,56.75,187199,33,买盘
2126,13:01:36,56.75,11350,2,买盘
2127,13:01:39,56.75,442647,78,买盘
2128,13:01:42,56.75,170266,30,卖盘
2129,13:01:45,56.75,181622,32,卖盘
2130,13:01:48,56.75,294983,52,卖盘
2131,13:01:51,56.77,226861,40,买盘
2132,13:01:54,56.68,181485,32,卖盘
2133,13:01:57,56.75,243774,43,买盘
2134,13:02:00,56.76,11351,2,买盘
2135,13:02:03,56.68,119043,21,卖盘
2136,13:02:06,56.76,22700,4,买盘
2137,13:02:09,56.75,39725,7,买盘
2138,13:02:12,56.74,11348,2,卖盘
2139,13:02:21,56.74,11347,2,买盘
2140,13:02:24,56.72,5672,1,中性盘
2141,13:02:27,56.74,73737,13,买盘
2142,13:02:36,56.74,22689,4,买盘
2143,13:02:39,56.73,22690,4,中性盘
2144,13:02:42,56.73,28365,5,买盘
2145,13:02:45,56.73,5673,1,买盘
2146,13:02:48,56.73,34038,6,买盘
2147,13:02:51,56.72,11345,2,卖盘
2148,13:03:00,56.73,17019,3,买盘
2149,13:03:03,56.75,506137,89,买盘
2150,13:03:06,56.75,102163,18,卖盘
2151,13:03:09,56.75,51079,9,卖盘
2152,13:03:12,56.76,34058,6,中性盘
2153,13:03:15,56.76,51084,9,买盘
2154,13:03:18,56.75,476587,84,卖盘
2155,13:03:21,56.76,79452,14,买盘
2156,13:03:24,56.75,17022,3,中性盘
2157,13:03:27,56.76,56759,10,买盘
2158,13:03:30,56.74,5674,1,买盘
2159,13:03:33,56.74,62396,11,买盘
2160,13:03:36,56.74,11348,2,买盘
2161,13:03:39,56.74,79436,14,买盘
2162,13:03:42,56.73,204261,36,卖盘
2163,13:03:45,56.74,34044,6,买盘
2164,13:03:48,56.74,17022,3,买盘
2165,13:03:51,56.75,39721,7,买盘
2166,13:03:54,56.74,5674,1,卖盘
2167,13:03:57,56.75,56739,10,买盘
2168,13:04:03,56.76,249710,44,买盘
2169,13:04:06,56.74,68096,12,卖盘
2170,13:04:09,56.76,56757,10,买盘
2171,13:04:12,56.76,11352,2,买盘
2172,13:04:15,56.75,39725,7,卖盘
2173,13:04:18,56.75,28379,5,卖盘
2174,13:04:21,56.76,45404,8,买盘
2175,13:04:24,56.76,34054,6,买盘
2176,13:04:27,56.76,22704,4,买盘
2177,13:04:30,56.77,561969,99,买盘
2178,13:04:33,56.78,312232,55,买盘
2179,13:04:36,56.78,147626,26,买盘
2180,13:04:39,56.78,45424,8,买盘
2181,13:04:42,56.78,96526,17,买盘
2182,13:04:45,56.78,158963,28,买盘
2183,13:04:48,56.78,11356,2,买盘
2184,13:04:51,56.78,164662,29,买盘
2185,13:04:54,56.76,22706,4,卖盘
2186,13:04:57,56.79,800688,141,买盘
2187,13:05:00,56.79,210140,37,卖盘
2188,13:05:03,56.79,85195,15,卖盘
2189,13:05:06,56.8,73831,13,买盘
2190,13:05:09,56.78,278249,49,卖盘
2191,13:05:12,56.78,249899,44,卖盘
2192,13:05:15,56.79,232864,41,买盘
2193,13:05:18,56.79,312376,55,卖盘
2194,13:05:21,56.79,62476,11,卖盘
2195,13:05:24,56.8,590714,104,买盘
2196,13:05:27,56.79,408955,72,卖盘
2197,13:05:30,56.8,215835,38,买盘
2198,13:05:33,56.8,170400,30,买盘
2199,13:05:36,56.79,102236,18,卖盘
2200,13:05:39,56.8,96561,17,买盘
2201,13:05:42,56.81,68172,12,买盘
2202,13:05:45,56.8,295360,52,卖盘
2203,13:05:48,56.8,142012,25,卖盘
2204,13:05:51,56.8,68162,12,卖盘
2205,13:05:54,56.79,62478,11,卖盘
2206,13:05:57,56.8,45440,8,买盘
2207,13:06:00,56.8,22720,4,买盘
2208,13:06:03,56.8,164719,29,买盘
2209,13:06:06,56.81,11362,2,买盘
2210,13:06:09,56.8,5680,1,卖盘
2211,13:06:12,56.81,22723,4,买盘
2212,13:06:15,56.81,107939,19,买盘
2213,13:06:18,56.81,56810,10,买盘
2214,13:06:21,56.82,215882,38,买盘
2215,13:06:24,56.81,56812,10,卖盘
2216,13:06:27,56.81,22726,4,卖盘
2217,13:06:30,56.81,107941,19,卖盘
2218,13:06:33,56.82,28410,5,买盘
2219,13:06:36,56.82,2864521,504,买盘
2220,13:06:39,56.81,517198,91,卖盘
2221,13:06:42,56.82,113663,20,中性盘
2222,13:06:45,56.84,653578,115,买盘
2223,13:06:48,56.83,90925,16,买盘
2224,13:06:51,56.82,73875,13,卖盘
2225,13:06:54,56.82,39779,7,卖盘
2226,13:06:57,56.83,90928,16,买盘
2227,13:07:00,56.82,85234,15,卖盘
2228,13:07:03,56.83,28412,5,买盘
2229,13:07:06,56.83,51147,9,买盘
2230,13:07:09,56.82,85243,15,卖盘
2231,13:07:12,56.83,159114,28,买盘
2232,13:07:15,56.83,90928,16,买盘
2233,13:07:18,56.83,119336,21,买盘
2234,13:07:21,56.83,102304,18,买盘
2235,13:07:24,56.85,113684,20,买盘
2236,13:07:27,56.84,227312,40,卖盘
2237,13:07:30,56.84,45472,8,买盘
2238,13:07:33,56.84,17052,3,买盘
2239,13:07:36,56.84,73892,13,买盘
2240,13:07:39,56.85,34110,6,买盘
2241,13:07:42,56.84,5684,1,卖盘
2242,13:07:45,56.84,34106,6,卖盘
2243,13:07:48,56.84,34108,6,卖盘
2244,13:07:51,56.84,39794,7,卖盘
2245,13:07:54,56.84,130754,23,卖盘
2246,13:07:57,56.84,267167,47,卖盘
2247,13:08:00,56.85,602610,106,买盘
2248,13:08:03,56.85,102329,18,买盘
2249,13:08:06,56.84,51162,9,卖盘
2250,13:08:09,56.85,829999,146,买盘
2251,13:08:12,56.85,562818,99,买盘
2252,13:08:15,56.85,250143,44,买盘
2253,13:08:18,56.86,68230,12,买盘
2254,13:08:21,56.85,193301,34,卖盘
2255,13:08:24,56.86,159212,28,买盘
2256,13:08:27,56.86,96675,17,卖盘
2257,13:08:30,56.87,96665,17,买盘
2258,13:08:33,56.86,56863,10,中性盘
2259,13:08:36,56.85,113709,20,卖盘
2260,13:08:39,56.85,102342,18,卖盘
2261,13:08:42,56.87,199018,35,买盘
2262,13:08:45,56.86,11372,2,中性盘
2263,13:08:48,56.85,744740,131,卖盘
2264,13:08:51,56.86,318410,56,中性盘
2265,13:08:54,56.86,682325,120,卖盘
2266,13:08:57,56.86,79603,14,买盘
2267,13:09:00,56.86,96660,17,买盘
2268,13:09:03,56.84,346785,61,卖盘
2269,13:09:06,56.86,85286,15,买盘
2270,13:09:09,56.86,56860,10,买盘
2271,13:09:12,56.85,409386,72,卖盘
2272,13:09:15,56.86,147819,26,买盘
2273,13:09:18,56.83,153475,27,卖盘
2274,13:09:21,56.86,22742,4,买盘
2275,13:09:24,56.83,329805,58,卖盘
2276,13:09:27,56.83,56840,10,卖盘
2277,13:09:30,56.85,11369,2,买盘
2278,13:09:33,56.84,5684,1,卖盘
2279,13:09:36,56.83,79564,14,卖盘
2280,13:09:39,56.84,85256,15,买盘
2281,13:09:42,56.84,39788,7,卖盘
2282,13:09:45,56.84,85262,15,卖盘
2283,13:09:48,56.85,119371,21,买盘
2284,13:09:51,56.85,130739,23,买盘
2285,13:09:54,56.84,73892,13,卖盘
2286,13:09:57,56.84,62524,11,卖盘
2287,13:10:00,56.83,5683,1,卖盘
2288,13:10:03,56.84,164821,29,买盘
2289,13:10:06,56.84,34104,6,买盘
2290,13:10:09,56.83,56832,10,卖盘
2291,13:10:12,56.83,181856,32,买盘
2292,13:10:15,56.82,17048,3,卖盘
2293,13:10:18,56.82,73871,13,卖盘
2294,13:10:21,56.83,11366,2,买盘
2295,13:10:24,56.82,693204,122,卖盘
2296,13:10:27,56.82,210222,37,卖盘
2297,13:10:30,56.81,176131,31,卖盘
2298,13:10:33,56.81,90894,16,买盘
2299,13:10:36,56.81,221522,39,买盘
2300,13:10:39,56.8,181762,32,卖盘
2301,13:10:42,56.8,159048,28,卖盘
2302,13:10:45,56.81,73853,13,买盘
2303,13:10:48,56.8,210161,37,卖盘
2304,13:10:51,56.81,56806,10,买盘
2305,13:10:54,56.8,39760,7,卖盘
2306,13:10:57,56.81,90884,16,买盘
2307,13:11:00,56.79,22717,4,卖盘
2308,13:11:03,56.8,56798,10,买盘
2309,13:11:09,56.79,17039,3,卖盘
2310,13:11:12,56.79,567900,100,卖盘
2311,13:11:15,56.78,266895,47,卖盘
2312,13:11:18,56.8,85168,15,买盘
2313,13:11:21,56.78,28391,5,中性盘
2314,13:11:24,56.77,164659,29,卖盘
2315,13:11:27,56.8,141998,25,买盘
2316,13:11:30,56.8,68159,12,买盘
2317,13:11:33,56.81,255607,45,买盘
2318,13:11:36,56.82,1318039,232,买盘
2319,13:11:39,56.83,414789,73,买盘
2320,13:11:42,56.83,62513,11,买盘
2321,13:11:45,56.82,17046,3,卖盘
2322,13:11:48,56.81,255656,45,卖盘
2323,13:11:51,56.81,56812,10,买盘
2324,13:11:54,56.83,62509,11,买盘
2325,13:11:57,56.82,11364,2,买盘
2326,13:12:00,56.82,147730,26,买盘
2327,13:12:03,56.8,107947,19,卖盘
2328,13:12:09,56.8,45443,8,卖盘
2329,13:12:12,56.81,45448,8,中性盘
2330,13:12:15,56.8,22720,4,卖盘
2331,13:12:21,56.81,11362,2,买盘
2332,13:12:24,56.8,17040,3,卖盘
2333,13:12:27,56.81,153381,27,买盘
2334,13:12:30,56.81,193133,34,卖盘
2335,13:12:33,56.81,39767,7,买盘
2336,13:12:36,56.8,28400,5,卖盘
2337,13:12:39,56.8,22720,4,买盘
2338,13:12:42,56.79,45435,8,卖盘
2339,13:12:45,56.79,601980,106,卖盘
2340,13:12:48,56.82,170425,30,买盘
2341,13:12:51,56.82,39772,7,买盘
2342,13:12:54,56.81,51133,9,卖盘
2343,13:12:57,56.8,340818,60,卖盘
2344,13:13:00,56.81,142025,25,买盘
2345,13:13:03,56.81,380687,67,买盘
2346,13:13:06,56.82,579544,102,买盘
2347,13:13:09,56.83,113650,20,买盘
2348,13:13:12,56.82,73877,13,卖盘
2349,13:13:15,56.83,73879,13,买盘
2350,13:13:18,56.81,619292,109,卖盘
2351,13:13:21,56.83,210271,37,买盘
2352,13:13:24,56.82,85224,15,卖盘
2353,13:13:27,56.82,45454,8,卖盘
2354,13:13:30,56.81,22724,4,卖盘
2355,13:13:36,56.83,409113,72,买盘
2356,13:13:39,56.83,113660,20,买盘
2357,13:13:42,56.81,5681,1,卖盘
2358,13:13:45,56.81,17047,3,卖盘
2359,13:13:48,56.8,102275,18,卖盘
2360,13:13:51,56.82,62507,11,中性盘
2361,13:13:54,56.82,5682,1,卖盘
2362,13:13:57,56.83,62503,11,买盘
2363,13:14:00,56.82,28412,5,卖盘
2364,13:14:03,56.83,254576,45,买盘
2365,13:14:06,56.84,73877,13,买盘
2366,13:14:12,56.83,11365,2,买盘
2367,13:14:15,56.82,102286,18,卖盘
2368,13:14:18,56.84,62516,11,买盘
2369,13:14:21,56.83,62514,11,卖盘
2370,13:14:27,56.83,244360,43,买盘
2371,13:14:30,56.84,28420,5,买盘
2372,13:14:33,56.81,130677,23,卖盘
2373,13:14:36,56.8,79532,14,卖盘
2374,13:14:42,56.81,73848,13,卖盘
2375,13:14:45,56.81,22724,4,买盘
2376,13:14:48,56.8,45443,8,卖盘
2377,13:14:51,56.81,11362,2,买盘
2378,13:14:54,56.81,73853,13,卖盘
2379,13:14:57,56.8,22720,4,卖盘
2380,13:15:00,56.81,5681,1,买盘
2381,13:15:03,56.8,153370,27,卖盘
2382,13:15:06,56.79,170402,30,卖盘
2383,13:15:09,56.81,45448,8,买盘
2384,13:15:12,56.81,136339,24,买盘
2385,13:15:15,56.81,181770,32,买盘
2386,13:15:18,56.81,51129,9,买盘
2387,13:15:21,56.81,62490,11,买盘
2388,13:15:24,56.81,414688,73,买盘
2389,13:15:27,56.81,157931,28,买盘
2390,13:15:30,56.81,358974,63,买盘
2391,13:15:33,56.81,119298,21,买盘
2392,13:15:36,56.81,62482,11,买盘
2393,13:15:39,56.8,261196,46,卖盘
2394,13:15:42,56.81,357630,63,买盘
2395,13:15:45,56.76,136280,24,卖盘
2396,13:15:48,56.81,45419,8,买盘
2397,13:15:51,56.81,119211,21,买盘
2398,13:15:54,56.8,249762,44,中性盘
2399,13:15:57,56.8,45427,8,买盘
2400,13:16:03,56.77,5677,1,卖盘
2401,13:16:06,56.78,73802,13,中性盘
2402,13:16:09,56.79,22716,4,买盘
2403,13:16:12,56.78,11356,2,买盘
2404,13:16:15,56.78,62452,11,买盘
2405,13:16:18,56.77,79484,14,卖盘
2406,13:16:21,56.77,119217,21,卖盘
2407,13:16:24,56.79,777485,137,买盘
2408,13:16:27,56.78,130610,23,买盘
2409,13:16:30,56.78,45424,8,买盘
2410,13:16:33,56.78,11356,2,买盘
2411,13:16:36,56.76,34060,6,卖盘
2412,13:16:39,56.76,62436,11,卖盘
2413,13:16:42,56.77,28379,5,买盘
2414,13:16:45,56.74,28374,5,卖盘
2415,13:16:48,56.75,45394,8,买盘
2416,13:16:51,56.75,136130,24,买盘
2417,13:16:54,56.75,822117,145,买盘
2418,13:16:57,56.74,164558,29,买盘
2419,13:17:00,56.75,22700,4,买盘
2420,13:17:03,56.71,158788,28,卖盘
2421,13:17:06,56.71,221202,39,卖盘
2422,13:17:09,56.71,1047995,185,买盘
2423,13:17:12,56.75,130524,23,买盘
2424,13:17:15,56.75,153153,27,买盘
2425,13:17:18,56.72,28368,5,中性盘
2426,13:17:24,56.72,158844,28,卖盘
2427,13:17:27,56.73,85101,15,中性盘
2428,13:17:30,56.75,17024,3,买盘
2429,13:17:33,56.74,102147,18,卖盘
2430,13:17:36,56.75,11350,2,买盘
2431,13:17:42,56.74,119164,21,卖盘
2432,13:17:45,56.75,22700,4,买盘
2433,13:17:51,56.75,96465,17,买盘
2434,13:18:00,56.73,51061,9,卖盘
2435,13:18:03,56.74,22696,4,买盘
2436,13:18:06,56.75,22697,4,买盘
2437,13:18:09,56.75,153225,27,买盘
2438,13:18:12,56.76,124857,22,买盘
2439,13:18:15,56.78,56765,10,买盘
2440,13:18:18,56.75,45406,8,卖盘
2441,13:18:24,56.78,90828,16,买盘
2442,13:18:27,56.76,34057,6,卖盘
2443,13:18:33,56.76,11352,2,卖盘
2444,13:18:36,56.78,22708,4,买盘
2445,13:18:39,56.78,22712,4,买盘
2446,13:18:42,56.76,45413,8,卖盘
2447,13:18:48,56.78,85170,15,买盘
2448,13:18:51,56.78,28394,5,中性盘
2449,13:19:00,56.79,34074,6,买盘
2450,13:19:03,56.78,96526,17,卖盘
2451,13:19:06,56.79,17036,3,买盘
2452,13:19:12,56.8,204454,36,买盘
2453,13:19:15,56.79,73832,13,卖盘
2454,13:19:18,56.79,79511,14,卖盘
2455,13:19:21,56.79,170374,30,卖盘
2456,13:19:24,56.8,39755,7,买盘
2457,13:19:27,56.79,22716,4,买盘
2458,13:19:30,56.79,45432,8,买盘
2459,13:19:33,56.79,11358,2,买盘
2460,13:19:36,56.79,68154,12,卖盘
2461,13:19:39,56.79,51111,9,卖盘
2462,13:19:42,56.79,79508,14,卖盘
2463,13:19:45,56.79,22716,4,卖盘
2464,13:19:48,56.79,51115,9,卖盘
2465,13:19:51,56.8,39759,7,买盘
2466,13:19:54,56.8,164710,29,买盘
2467,13:19:57,56.8,11360,2,买盘
2468,13:20:00,56.8,90879,16,买盘
2469,13:20:03,56.8,244239,43,买盘
2470,13:20:06,56.81,45447,8,买盘
2471,13:20:09,56.79,119274,21,卖盘
2472,13:20:12,56.8,62486,11,买盘
2473,13:20:15,56.8,295321,52,卖盘
2474,13:20:18,56.79,130625,23,卖盘
2475,13:20:21,56.78,85187,15,卖盘
2476,13:20:24,56.79,17037,3,买盘
2477,13:20:30,56.79,28394,5,买盘
2478,13:20:33,56.79,11358,2,买盘
2479,13:20:36,56.78,39746,7,卖盘
2480,13:20:39,56.79,17037,3,买盘
2481,13:20:42,56.79,28395,5,中性盘
2482,13:20:45,56.79,136298,24,卖盘
2483,13:20:48,56.8,34080,6,买盘
2484,13:20:51,56.81,255628,45,买盘
2485,13:20:54,56.8,96569,17,卖盘
2486,13:20:57,56.8,443065,78,卖盘
2487,13:21:00,56.82,73863,13,买盘
2488,13:21:03,56.83,153434,27,买盘
2489,13:21:06,56.83,96604,17,买盘
2490,13:21:09,56.83,289833,51,买盘
2491,13:21:12,56.83,96596,17,买盘
2492,13:21:15,56.81,79556,14,卖盘
2493,13:21:18,56.82,136348,24,买盘
2494,13:21:21,56.81,79534,14,卖盘
2495,13:21:24,56.82,130670,23,买盘
2496,13:21:27,56.83,295472,52,买盘
2497,13:21:30,56.82,96601,17,卖盘
2498,13:21:33,56.82,227299,40,买盘
2499,13:21:36,56.83,636502,112,买盘
2500,13:21:39,56.83,153438,27,买盘
2501,13:21:42,56.83,113658,20,买盘
2502,13:21:45,56.84,147755,26,买盘
2503,13:21:48,56.83,73890,13,卖盘
2504,13:21:51,56.83,56824,10,买盘
2505,13:21:54,56.81,34090,6,卖盘
2506,13:22:03,56.82,28410,5,买盘
2507,13:22:06,56.83,34092,6,买盘
2508,13:22:09,56.84,142090,25,买盘
2509,13:22:12,56.82,34092,6,买盘
2510,13:22:18,56.81,74990,13,卖盘
2511,13:22:21,56.82,11363,2,买盘
2512,13:22:27,56.83,272771,48,买盘
2513,13:22:30,56.81,142057,25,卖盘
2514,13:22:33,56.81,34086,6,卖盘
2515,13:22:36,56.84,125038,22,买盘
2516,13:22:39,56.83,28415,5,买盘
2517,13:22:42,56.83,11366,2,买盘
2518,13:22:48,56.83,56830,10,买盘
2519,13:22:54,56.83,17049,3,买盘
2520,13:22:57,56.83,73879,13,买盘
2521,13:23:00,56.83,34098,6,买盘
2522,13:23:03,56.83,11366,2,买盘
2523,13:23:06,56.83,113653,20,买盘
2524,13:23:09,56.83,51146,9,买盘
2525,13:23:15,56.83,45464,8,买盘
2526,13:23:18,56.83,79560,14,买盘
2527,13:23:21,56.82,17048,3,卖盘
2528,13:23:24,56.82,107958,19,卖盘
2529,13:23:27,56.82,5682,1,卖盘
2530,13:23:30,56.82,45456,8,卖盘
2531,13:23:33,56.82,68186,12,卖盘
2532,13:23:36,56.82,17048,3,卖盘
2533,13:23:39,56.82,68184,12,卖盘
2534,13:23:42,56.82,90913,16,卖盘
2535,13:23:48,56.81,34086,6,卖盘
2536,13:23:51,56.82,34087,6,买盘
2537,13:23:54,56.82,51138,9,买盘
2538,13:23:57,56.82,56820,10,买盘
2539,13:24:00,56.81,102273,18,卖盘
2540,13:24:03,56.82,715932,126,买盘
2541,13:24:06,56.82,380760,67,卖盘
2542,13:24:09,56.83,73875,13,买盘
2543,13:24:12,56.82,187537,33,卖盘
2544,13:24:15,56.84,147772,26,买盘
2545,13:24:18,56.84,164829,29,买盘
2546,13:24:21,56.83,102300,18,卖盘
2547,13:24:24,56.82,119339,21,卖盘
2548,13:24:27,56.83,11366,2,买盘
2549,13:24:30,56.83,5683,1,买盘
2550,13:24:39,56.83,96605,17,买盘
2551,13:24:42,56.83,153441,27,买盘
2552,13:24:45,56.83,51147,9,买盘
2553,13:24:48,56.83,278466,49,买盘
2554,13:24:51,56.83,68196,12,买盘
2555,13:24:57,56.83,51147,9,买盘
2556,13:25:00,56.83,96611,17,卖盘
2557,13:25:03,56.83,45468,8,卖盘
2558,13:25:06,56.83,17048,3,卖盘
2559,13:25:12,56.83,11366,2,买盘
2560,13:25:15,56.83,39781,7,买盘
2561,13:25:18,56.84,107994,19,买盘
2562,13:25:21,56.83,136392,24,卖盘
2563,13:25:24,56.84,125039,22,买盘
2564,13:25:27,56.83,22732,4,卖盘
2565,13:25:30,56.83,28417,5,卖盘
2566,13:25:33,56.83,11366,2,卖盘
2567,13:25:36,56.83,90929,16,卖盘
2568,13:25:39,56.84,11368,2,买盘
2569,13:25:42,56.83,289833,51,卖盘
2570,13:25:45,56.84,68207,12,买盘
2571,13:25:48,56.84,79575,14,买盘
2572,13:25:51,56.84,164825,29,买盘
2573,13:25:54,56.84,22736,4,买盘
2574,13:25:57,56.83,11366,2,卖盘
2575,13:26:00,56.83,5683,1,卖盘
2576,13:26:03,56.84,39788,7,买盘
2577,13:26:06,56.87,3232395,569,买盘
2578,13:26:09,56.88,847372,149,买盘
2579,13:26:12,56.87,210452,37,中性盘
2580,13:26:15,56.88,182016,32,买盘
2581,13:26:18,56.88,113760,20,买盘
2582,13:26:21,56.88,108066,19,买盘
2583,13:26:24,56.88,853200,150,买盘
2584,13:26:27,56.89,56886,10,买盘
2585,13:26:30,56.88,28440,5,卖盘
2586,13:26:33,56.89,284450,50,买盘
2587,13:26:36,56.88,170654,30,卖盘
2588,13:26:39,56.89,267383,47,买盘
2589,13:26:42,56.88,142210,25,卖盘
2590,13:26:45,56.88,5688,1,卖盘
2591,13:26:48,56.89,5689,1,买盘
2592,13:26:51,56.88,51192,9,卖盘
2593,13:26:54,56.88,409546,72,卖盘
2594,13:26:57,56.89,182041,32,买盘
2595,13:27:00,56.89,261673,46,买盘
2596,13:27:03,56.89,17067,3,买盘
2597,13:27:06,56.88,187717,33,卖盘
2598,13:27:09,56.88,22752,4,买盘
2599,13:27:12,56.9,802054,141,买盘
2600,13:27:15,56.89,79656,14,卖盘
2601,13:27:18,56.88,460807,81,卖盘
2602,13:27:21,56.88,34129,6,买盘
2603,13:27:27,56.88,164971,29,卖盘
2604,13:27:30,56.89,221870,39,买盘
2605,13:27:33,56.88,79644,14,卖盘
2606,13:27:36,56.89,79640,14,买盘
2607,13:27:39,56.89,233249,41,卖盘
2608,13:27:42,56.89,85335,15,买盘
2609,13:27:45,56.9,1052630,185,买盘
2610,13:27:48,56.89,79649,14,买盘
2611,13:27:51,56.88,267380,47,卖盘
2612,13:27:54,56.9,102417,18,买盘
2613,13:27:57,56.9,102420,18,买盘
2614,13:28:00,56.89,102390,18,卖盘
2615,13:28:03,56.89,17067,3,卖盘
2616,13:28:06,56.89,28445,5,卖盘
2617,13:28:09,56.89,688469,121,卖盘
2618,13:28:12,56.89,34132,6,卖盘
2619,13:28:15,56.89,125177,22,卖盘
2620,13:28:18,56.9,85350,15,买盘
2621,13:28:21,56.9,11380,2,买盘
2622,13:28:24,56.89,221908,39,卖盘
2623,13:28:27,56.89,34134,6,卖盘
2624,13:28:30,56.9,68274,12,买盘
2625,13:28:33,56.9,199152,35,卖盘
2626,13:28:36,56.9,68281,12,卖盘
2627,13:28:39,56.9,28450,5,卖盘
2628,13:28:42,56.89,39830,7,卖盘
2629,13:28:45,56.89,56893,10,卖盘
2630,13:28:48,56.9,34140,6,买盘
2631,13:28:54,56.9,17070,3,买盘
2632,13:28:57,56.9,56895,10,买盘
2633,13:29:00,56.89,11378,2,卖盘
2634,13:29:03,56.89,28445,5,卖盘
2635,13:29:06,56.9,11380,2,买盘
2636,13:29:09,56.9,204837,36,买盘
2637,13:29:12,56.9,45520,8,卖盘
2638,13:29:15,56.9,85350,15,卖盘
2639,13:29:18,56.91,165025,29,买盘
2640,13:29:21,56.9,108110,19,卖盘
2641,13:29:24,56.9,51210,9,卖盘
2642,13:29:27,56.91,187791,33,买盘
2643,13:29:30,56.91,1217964,214,买盘
2644,13:29:33,56.91,409769,72,卖盘
2645,13:29:36,56.91,159363,28,卖盘
2646,13:29:39,56.91,45533,8,买盘
2647,13:29:42,56.92,318751,56,买盘
2648,13:29:45,56.92,108130,19,买盘
2649,13:29:48,56.9,28451,5,卖盘
2650,13:29:51,56.91,11382,2,买盘
2651,13:29:54,56.91,68292,12,买盘
2652,13:29:57,56.92,193522,34,买盘
2653,13:30:00,56.92,34151,6,买盘
2654,13:30:03,56.92,85377,15,买盘
2655,13:30:06,56.92,1383149,243,买盘
2656,13:30:09,56.92,261815,46,买盘
2657,13:30:12,56.91,233370,41,卖盘
2658,13:30:15,56.91,142297,25,卖盘
2659,13:30:18,56.91,39837,7,卖盘
2660,13:30:21,56.91,34146,6,卖盘
2661,13:30:24,56.92,5692,1,买盘
2662,13:30:27,56.92,130915,23,买盘
2663,13:30:30,56.91,79685,14,卖盘
2664,13:30:33,56.91,91058,16,卖盘
2665,13:30:36,56.92,443974,78,买盘
2666,13:30:39,56.92,142298,25,买盘
2667,13:30:42,56.92,347212,61,买盘
2668,13:30:45,56.92,489510,86,买盘
2669,13:30:48,56.92,194671,34,买盘
2670,13:30:51,56.95,17916512,3147,买盘
2671,13:30:54,56.94,1047764,184,卖盘
2672,13:30:57,56.94,130987,23,卖盘
2673,13:31:00,56.96,690864,121,买盘
2674,13:31:03,56.97,580856,102,买盘
2675,13:31:06,57.0,3840811,674,买盘
2676,13:31:09,57.0,330425,58,买盘
2677,13:31:12,57.0,1379399,242,买盘
2678,13:31:15,57.0,1265388,222,买盘
2679,13:31:18,56.99,119694,21,卖盘
2680,13:31:21,57.0,883493,155,买盘
2681,13:31:24,57.0,2946883,517,买盘
2682,13:31:27,57.0,649787,114,买盘
2683,13:31:30,57.04,2535533,445,买盘
2684,13:31:33,57.04,119735,21,买盘
2685,13:31:36,57.02,558708,98,卖盘
2686,13:31:39,57.04,148292,26,买盘
2687,13:31:42,57.05,216784,38,买盘
2688,13:31:45,57.05,524850,92,买盘
2689,13:31:48,57.06,399414,70,买盘
2690,13:31:51,57.06,262490,46,卖盘
2691,13:31:54,57.06,330990,58,卖盘
2692,13:31:57,57.07,131255,23,买盘
2693,13:32:00,57.07,410899,72,买盘
2694,13:32:03,57.07,234001,41,卖盘
2695,13:32:06,57.07,2481879,435,卖盘
2696,13:32:09,57.01,439316,77,卖盘
2697,13:32:12,57.0,650042,114,卖盘
2698,13:32:15,57.0,1180928,207,卖盘
2699,13:32:18,57.01,28505,5,卖盘
2700,13:32:21,57.01,34206,6,卖盘
2701,13:32:24,57.05,114048,20,买盘
2702,13:32:27,57.03,136914,24,卖盘
2703,13:32:30,57.06,268062,47,买盘
2704,13:32:33,57.02,57056,10,卖盘
2705,13:32:36,57.06,125521,22,买盘
2706,13:32:39,57.02,216761,38,卖盘
2707,13:32:42,57.03,19396,3,中性盘
2708,13:32:45,57.05,91262,16,买盘
2709,13:32:48,57.03,57030,10,卖盘
2710,13:32:51,57.03,397021,70,卖盘
2711,13:32:54,57.03,28515,5,卖盘
2712,13:32:57,57.03,62733,11,卖盘
2713,13:33:00,57.03,22812,4,卖盘
2714,13:33:03,57.02,478985,84,卖盘
2715,13:33:06,57.02,222409,39,卖盘
2716,13:33:09,57.02,68435,12,卖盘
2717,13:33:12,57.02,290817,51,卖盘
2718,13:33:15,57.02,638792,112,卖盘
2719,13:33:18,57.02,319355,56,卖盘
2720,13:33:21,57.01,57014,10,卖盘
2721,13:33:24,57.02,45609,8,买盘
2722,13:33:27,57.02,45616,8,买盘
2723,13:33:33,57.02,5702,1,买盘
2724,13:33:36,57.01,199536,35,卖盘
2725,13:33:39,57.02,45609,8,买盘
2726,13:33:42,57.02,68417,12,买盘
2727,13:33:45,57.01,57012,10,卖盘
2728,13:33:48,57.01,296452,52,卖盘
2729,13:33:51,57.01,62717,11,卖盘
2730,13:33:54,57.01,108327,19,卖盘
2731,13:33:57,57.01,34207,6,卖盘
2732,13:34:00,57.01,45608,8,卖盘
2733,13:34:03,57.01,205267,36,卖盘
2734,13:34:06,57.01,11402,2,卖盘
2735,13:34:09,57.01,22804,4,卖盘
2736,13:34:12,57.01,131123,23,卖盘
2737,13:34:15,57.01,108320,19,卖盘
2738,13:34:18,57.01,125433,22,卖盘
2739,13:34:21,57.01,285080,50,卖盘
2740,13:34:24,57.0,239436,42,卖盘
2741,13:34:27,57.0,11400,2,卖盘
2742,13:34:30,57.0,45602,8,卖盘
2743,13:34:33,57.0,74105,13,卖盘
2744,13:34:36,57.0,62708,11,卖盘
2745,13:34:39,57.0,108312,19,卖盘
2746,13:34:42,57.0,558683,98,卖盘
2747,13:34:45,57.0,28502,5,卖盘
2748,13:34:48,57.01,480811,84,买盘
2749,13:34:51,57.01,153938,27,卖盘
2750,13:34:54,57.03,57021,10,买盘
2751,13:34:57,57.02,153972,27,卖盘
2752,13:35:00,57.02,96943,17,中性盘
2753,13:35:03,57.02,22808,4,买盘
2754,13:35:06,57.02,79834,14,卖盘
2755,13:35:09,57.03,342178,60,买盘
2756,13:35:12,57.02,119760,21,卖盘
2757,13:35:15,57.02,91233,16,卖盘
2758,13:35:18,57.02,108340,19,卖盘
2759,13:35:21,57.02,5702,1,卖盘
2760,13:35:24,57.03,131154,23,买盘
2761,13:35:27,57.01,51312,9,卖盘
2762,13:35:30,57.0,1639947,288,卖盘
2763,13:35:33,57.0,159603,28,卖盘
2764,13:35:36,57.0,503538,88,卖盘
2765,13:35:39,57.0,547212,96,卖盘
2766,13:35:42,56.98,1759311,309,卖盘
2767,13:35:45,56.98,142458,25,卖盘
2768,13:35:48,56.98,28492,5,卖盘
2769,13:35:51,56.98,34188,6,卖盘
2770,13:35:54,56.99,34189,6,买盘
2771,13:35:57,56.98,96867,17,卖盘
2772,13:36:00,56.98,284899,50,卖盘
2773,13:36:03,56.98,34186,6,买盘
2774,13:36:06,56.98,85469,15,买盘
2775,13:36:09,56.97,28488,5,卖盘
2776,13:36:12,56.97,34182,6,卖盘
2777,13:36:15,56.97,235744,41,卖盘
2778,13:36:18,56.97,125344,22,卖盘
2779,13:36:21,56.98,746345,131,买盘
2780,13:36:24,56.98,102564,18,卖盘
2781,13:36:27,56.95,145959,26,卖盘
2782,13:36:30,56.96,153829,27,中性盘
2783,13:36:33,56.97,7862,1,买盘
2784,13:36:36,56.95,45571,8,卖盘
2785,13:36:42,56.97,34179,6,买盘
2786,13:36:45,56.95,170864,30,卖盘
2787,13:36:48,56.95,62654,11,卖盘
2788,13:36:54,56.97,108253,19,买盘
2789,13:36:57,56.97,5697,1,卖盘
2790,13:37:00,56.98,17092,3,买盘
2791,13:37:03,56.97,91152,16,卖盘
2792,13:37:06,56.97,11394,2,卖盘
2793,13:37:09,57.0,1547557,272,买盘
2794,13:37:12,57.0,142500,25,卖盘
2795,13:37:15,57.0,17100,3,卖盘
2796,13:37:18,56.97,14016,2,卖盘
2797,13:37:21,57.0,22800,4,买盘
2798,13:37:24,57.0,11400,2,买盘
2799,13:37:27,57.0,17100,3,买盘
2800,13:37:30,57.0,108292,19,买盘
2801,13:37:33,57.0,62700,11,卖盘
2802,13:37:36,57.0,108302,19,卖盘
2803,13:37:39,57.0,11400,2,卖盘
2804,13:37:45,57.0,62699,11,买盘
2805,13:37:48,57.0,889200,156,买盘
2806,13:37:51,57.0,34196,6,买盘
2807,13:37:54,56.99,28495,5,卖盘
2808,13:37:57,56.99,68395,12,卖盘
2809,13:38:00,56.99,330588,58,卖盘
2810,13:38:03,56.99,14817,3,卖盘
2811,13:38:06,57.0,57000,10,买盘
2812,13:38:09,57.0,34200,6,买盘
2813,13:38:12,56.99,5699,1,卖盘
2814,13:38:15,57.0,524400,92,买盘
2815,13:38:18,57.0,11400,2,卖盘
2816,13:38:21,57.0,22800,4,卖盘
2817,13:38:24,57.01,17103,3,买盘
2818,13:38:27,57.0,57000,10,卖盘
2819,13:38:30,57.0,11400,2,卖盘
2820,13:38:33,57.0,5700,1,卖盘
2821,13:38:36,57.02,627110,110,买盘
2822,13:38:39,57.02,91224,16,买盘
2823,13:38:42,57.01,5701,1,卖盘
2824,13:38:45,57.01,28506,5,卖盘
2825,13:38:48,57.01,57010,10,卖盘
2826,13:38:51,57.01,17103,3,卖盘
2827,13:38:54,57.02,22807,4,买盘
2828,13:38:57,57.01,39913,7,卖盘
2829,13:39:00,57.02,17105,3,买盘
2830,13:39:03,57.01,28508,5,卖盘
2831,13:39:06,57.02,102636,18,买盘
2832,13:39:09,57.01,34206,6,卖盘
2833,13:39:12,57.02,68424,12,买盘
2834,13:39:15,57.02,11404,2,买盘
2835,13:39:21,57.01,5701,1,卖盘
2836,13:39:24,57.02,17105,3,买盘
2837,13:39:27,57.01,5701,1,卖盘
2838,13:39:30,57.02,22808,4,买盘
2839,13:39:33,57.02,22806,4,买盘
2840,13:39:36,57.02,119742,21,买盘
2841,13:39:39,57.02,11403,2,买盘
2842,13:39:42,57.01,62721,11,卖盘
2843,13:39:45,57.01,28505,5,卖盘
2844,13:39:48,57.02,57020,10,买盘
2845,13:39:51,57.02,34211,6,买盘
2846,13:39:54,57.02,28510,5,买盘
2847,13:39:57,57.01,28505,5,卖盘
2848,13:40:00,57.01,11402,2,卖盘
2849,13:40:03,57.01,22804,4,卖盘
2850,13:40:06,57.01,62711,11,卖盘
2851,13:40:09,57.01,57010,10,卖盘
2852,13:40:12,57.01,193852,34,卖盘
2853,13:40:15,57.01,79814,14,卖盘
2854,13:40:18,56.99,1436365,252,卖盘
2855,13:40:21,56.96,634744,111,卖盘
2856,13:40:24,56.95,56958,10,卖盘
2857,13:40:27,56.95,28479,5,卖盘
2858,13:40:30,56.95,17085,3,卖盘
2859,13:40:33,56.96,34176,6,买盘
2860,13:40:36,56.95,11390,2,卖盘
2861,13:40:39,56.94,153764,27,卖盘
2862,13:40:42,56.96,307531,54,买盘
2863,13:40:45,56.94,261929,46,卖盘
2864,13:40:48,56.93,45553,8,卖盘
2865,13:40:51,56.95,45558,8,中性盘
2866,13:40:54,56.95,22780,4,卖盘
2867,13:40:57,56.96,5696,1,买盘
2868,13:41:00,56.95,45561,8,卖盘
2869,13:41:03,56.95,45561,8,卖盘
2870,13:41:06,56.96,108223,19,买盘
2871,13:41:09,56.96,85438,15,买盘
2872,13:41:15,56.95,45567,8,卖盘
2873,13:41:18,56.96,56954,10,买盘
2874,13:41:21,56.95,119596,21,卖盘
2875,13:41:24,56.96,85430,15,买盘
2876,13:41:27,56.95,239190,42,卖盘
2877,13:41:30,56.95,34173,6,卖盘
2878,13:41:33,56.96,125296,22,买盘
2879,13:41:36,56.95,11390,2,卖盘
2880,13:41:39,56.95,34173,6,卖盘
2881,13:41:42,56.95,68340,12,卖盘
2882,13:41:45,56.95,5695,1,卖盘
2883,13:41:48,56.95,51255,9,卖盘
2884,13:41:51,56.95,108209,19,中性盘
2885,13:41:54,56.95,34173,6,卖盘
2886,13:42:00,56.95,205020,36,买盘
2887,13:42:03,56.94,85415,15,卖盘
2888,13:42:06,56.94,22779,4,卖盘
2889,13:42:09,56.94,96798,17,卖盘
2890,13:42:12,56.94,182181,32,买盘
2891,13:42:15,56.91,253946,45,卖盘
2892,13:42:18,56.91,22764,4,卖盘
2893,13:42:21,56.91,39841,7,卖盘
2894,13:42:24,56.91,136594,24,卖盘
2895,13:42:27,56.91,62601,11,卖盘
2896,13:42:30,56.9,5690,1,卖盘
2897,13:42:33,56.9,56901,10,卖盘
2898,13:42:36,56.9,813671,143,卖盘
2899,13:42:39,56.9,39831,7,卖盘
2900,13:42:42,56.9,56893,10,买盘
2901,13:42:45,56.89,108095,19,卖盘
2902,13:42:48,56.9,631657,111,买盘
2903,13:42:51,56.92,79675,14,买盘
2904,13:42:54,56.91,17073,3,中性盘
2905,13:42:57,56.91,79674,14,买盘
2906,13:43:00,56.9,85352,15,卖盘
2907,13:43:03,56.9,51220,9,卖盘
2908,13:43:06,56.91,68292,12,买盘
2909,13:43:09,56.9,204842,36,卖盘
2910,13:43:12,56.9,119501,21,卖盘
2911,13:43:15,56.91,5691,1,买盘
2912,13:43:18,56.91,39831,7,买盘
2913,13:43:21,56.91,159336,28,买盘
2914,13:43:24,56.91,51218,9,买盘
2915,13:43:27,56.91,51225,9,卖盘
2916,13:43:30,56.91,11382,2,卖盘
2917,13:43:33,56.92,73993,13,买盘
2918,13:43:36,56.92,22768,4,买盘
2919,13:43:39,56.91,56910,10,卖盘
2920,13:43:42,56.91,5691,1,卖盘
2921,13:43:45,56.91,11382,2,卖盘
2922,13:43:48,56.91,34147,6,卖盘
2923,13:43:51,56.91,233331,41,卖盘
2924,13:43:54,56.91,28455,5,卖盘
2925,13:43:57,56.91,91066,16,卖盘
2926,13:44:00,56.91,96747,17,卖盘
2927,13:44:03,56.9,813775,143,卖盘
2928,13:44:06,56.89,204835,36,卖盘
2929,13:44:09,56.86,699588,123,卖盘
2930,13:44:12,56.86,62561,11,卖盘
2931,13:44:15,56.86,125093,22,卖盘
2932,13:44:18,56.87,17059,3,买盘
2933,13:44:21,56.85,22740,4,卖盘
2934,13:44:24,56.85,56864,10,卖盘
2935,13:44:27,56.85,62535,11,卖盘
2936,13:44:30,56.85,22740,4,卖盘
2937,13:44:33,56.88,261613,46,买盘
2938,13:44:36,56.87,11374,2,卖盘
2939,13:44:42,56.85,1216623,214,卖盘
2940,13:44:45,56.84,90944,16,卖盘
2941,13:44:48,56.83,113672,20,卖盘
2942,13:44:51,56.83,73883,13,卖盘
2943,13:44:54,56.84,28418,5,中性盘
2944,13:44:57,56.82,96614,17,卖盘
2945,13:45:00,56.85,238770,42,买盘
2946,13:45:03,56.82,363652,64,卖盘
2947,13:45:06,56.83,56831,10,买盘
2948,13:45:09,56.85,68220,12,买盘
2949,13:45:12,56.82,68184,12,卖盘
2950,13:45:15,56.85,28413,5,买盘
2951,13:45:18,56.82,17047,3,卖盘
2952,13:45:21,56.83,28413,5,卖盘
2953,13:45:24,56.82,85244,15,卖盘
2954,13:45:27,56.83,17050,3,卖盘
2955,13:45:30,56.82,107992,19,卖盘
2956,13:45:33,56.82,56838,10,卖盘
2957,13:45:39,56.83,85247,15,卖盘
2958,13:45:42,56.83,22734,4,卖盘
2959,13:45:48,56.83,90928,16,卖盘
2960,13:45:51,56.83,19325,3,卖盘
2961,13:45:54,56.83,5683,1,卖盘
2962,13:45:57,56.83,51147,9,卖盘
2963,13:46:00,56.83,22734,4,卖盘
2964,13:46:03,56.84,73884,13,买盘
2965,13:46:06,56.83,56830,10,卖盘
2966,13:46:09,56.82,591065,104,卖盘
2967,13:46:12,56.82,153419,27,卖盘
2968,13:46:15,56.82,39775,7,卖盘
2969,13:46:18,56.82,51139,9,卖盘
2970,13:46:21,56.81,90917,16,卖盘
2971,13:46:24,56.81,73863,13,卖盘
2972,13:46:27,56.82,340861,60,买盘
2973,13:46:30,56.82,73866,13,买盘
2974,13:46:33,56.83,130696,23,买盘
2975,13:46:36,56.83,79561,14,买盘
2976,13:46:39,56.84,96615,17,买盘
2977,13:46:42,56.83,17049,3,卖盘
2978,13:46:45,56.84,51152,9,买盘
2979,13:46:48,56.84,159152,28,买盘
2980,13:46:51,56.84,81841,14,买盘
2981,13:46:54,56.84,204624,36,买盘
2982,13:46:57,56.84,45472,8,买盘
2983,13:47:00,56.84,56839,10,买盘
2984,13:47:03,56.85,45480,8,买盘
2985,13:47:06,56.85,22740,4,买盘
2986,13:47:09,56.86,45488,8,买盘
2987,13:47:12,56.85,11370,2,卖盘
2988,13:47:15,56.87,5687,1,买盘
2989,13:47:21,56.86,17060,3,卖盘
2990,13:47:24,56.87,131948,23,买盘
2991,13:47:27,56.87,85311,15,卖盘
2992,13:47:30,56.87,39813,7,卖盘
2993,13:47:33,56.87,32985,6,卖盘
2994,13:47:36,56.89,420873,74,买盘
2995,13:47:39,56.87,17061,3,中性盘
2996,13:47:42,56.87,68244,12,卖盘
2997,13:47:45,56.87,159233,28,买盘
2998,13:47:48,56.86,272962,48,卖盘
2999,13:47:54,56.87,51183,9,买盘
3000,13:47:57,56.87,56862,10,买盘
3001,13:48:03,56.86,22744,4,卖盘
3002,13:48:06,56.86,39802,7,卖盘
3003,13:48:09,56.87,227478,40,买盘
3004,13:48:12,56.86,90976,16,卖盘
3005,13:48:15,56.86,62546,11,买盘
3006,13:48:18,56.85,142129,25,卖盘
3007,13:48:21,56.85,11370,2,卖盘
3008,13:48:24,56.86,11372,2,买盘
3009,13:48:27,56.86,56860,10,买盘
3010,13:48:30,56.86,22744,4,买盘
3011,13:48:33,56.89,2809373,494,买盘
3012,13:48:36,56.88,238829,42,卖盘
3013,13:48:39,56.88,75092,13,卖盘
3014,13:48:42,56.89,147920,26,中性盘
3015,13:48:45,56.89,51198,9,卖盘
3016,13:48:48,56.88,39822,7,卖盘
3017,13:48:51,56.88,56884,10,卖盘
3018,13:48:54,56.88,130850,23,卖盘
3019,13:48:57,56.9,34140,6,买盘
3020,13:49:00,56.9,386870,68,买盘
3021,13:49:03,56.92,113810,20,买盘
3022,13:49:06,56.91,51226,9,卖盘
3023,13:49:09,56.91,28455,5,买盘
3024,13:49:12,56.92,17076,3,买盘
3025,13:49:15,56.91,91062,16,卖盘
3026,13:49:18,56.92,51228,9,买盘
3027,13:49:21,56.92,11384,2,买盘
3028,13:49:24,56.92,17076,3,买盘
3029,13:49:27,56.92,5692,1,卖盘
3030,13:49:30,56.93,125245,22,买盘
3031,13:49:33,56.92,62612,11,卖盘
3032,13:49:36,56.92,5692,1,卖盘
3033,13:49:39,56.91,62611,11,卖盘
3034,13:49:42,56.91,73993,13,卖盘
3035,13:49:45,56.91,73983,13,卖盘
3036,13:49:51,56.91,39837,7,卖盘
3037,13:49:54,56.91,56910,10,卖盘
3038,13:49:57,56.91,119517,21,卖盘
3039,13:50:00,56.9,147961,26,卖盘
3040,13:50:03,56.91,34146,6,中性盘
3041,13:50:09,56.92,56920,10,买盘
3042,13:50:12,56.91,352842,62,卖盘
3043,13:50:15,56.9,119500,21,卖盘
3044,13:50:18,56.9,51210,9,卖盘
3045,13:50:21,56.9,113801,20,卖盘
3046,13:50:24,56.89,204838,36,卖盘
3047,13:50:27,56.89,85324,15,卖盘
3048,13:50:30,56.89,11378,2,卖盘
3049,13:50:33,56.88,142226,25,卖盘
3050,13:50:39,56.88,51195,9,卖盘
3051,13:50:42,56.88,17064,3,卖盘
3052,13:50:45,56.89,193420,34,买盘
3053,13:50:48,56.88,125146,22,卖盘
3054,13:50:51,56.89,34132,6,买盘
3055,13:50:54,56.89,51201,9,卖盘
3056,13:50:57,56.89,28445,5,卖盘
3057,13:51:00,56.89,34134,6,卖盘
3058,13:51:03,56.9,147920,26,买盘
3059,13:51:06,56.9,5690,1,买盘
3060,13:51:09,56.9,386920,68,买盘
3061,13:51:12,56.91,22761,4,买盘
3062,13:51:15,56.9,17070,3,中性盘
3063,13:51:21,56.9,113797,20,买盘
3064,13:51:24,56.89,301519,53,卖盘
3065,13:51:30,56.91,73980,13,买盘
3066,13:51:33,56.9,79657,14,买盘
3067,13:51:36,56.9,5690,1,卖盘
3068,13:51:45,56.91,34141,6,买盘
3069,13:51:54,56.9,5690,1,卖盘
3070,13:51:57,56.9,5690,1,卖盘
3071,13:52:00,56.91,5691,1,买盘
3072,13:52:03,56.9,28450,5,卖盘
3073,13:52:06,56.9,5690,1,卖盘
3074,13:52:09,56.9,22760,4,卖盘
3075,13:52:15,56.9,79660,14,卖盘
3076,13:52:24,56.9,17070,3,卖盘
3077,13:52:27,56.89,22756,4,卖盘
3078,13:52:30,56.9,119466,21,买盘
3079,13:52:33,56.88,5688,1,卖盘
3080,13:52:36,56.88,5688,1,卖盘
3081,13:52:39,56.88,28440,5,卖盘
3082,13:52:45,56.88,141062,25,卖盘
3083,13:52:48,56.87,22748,4,卖盘
3084,13:52:51,56.87,22748,4,卖盘
3085,13:52:54,56.87,56870,10,卖盘
3086,13:53:00,56.87,51183,9,买盘
3087,13:53:03,56.86,79611,14,卖盘
3088,13:53:09,56.86,34116,6,卖盘
3089,13:53:12,56.88,153550,27,买盘
3090,13:53:15,56.87,11374,2,卖盘
3091,13:53:21,56.88,96696,17,买盘
3092,13:53:24,56.87,56870,10,卖盘
3093,13:53:27,56.87,22748,4,卖盘
3094,13:53:30,56.88,574488,101,买盘
3095,13:53:33,56.88,62559,11,买盘
3096,13:53:36,56.86,62555,11,卖盘
3097,13:53:39,56.87,39808,7,买盘
3098,13:53:42,56.86,17058,3,卖盘
3099,13:53:45,56.87,136484,24,买盘
3100,13:53:48,56.87,56870,10,卖盘
3101,13:53:51,56.87,34122,6,卖盘
3102,13:53:54,56.87,17061,3,卖盘
3103,13:53:57,56.86,22744,4,卖盘
3104,13:54:00,56.86,39802,7,卖盘
3105,13:54:06,56.86,17058,3,卖盘
3106,13:54:09,56.87,142170,25,买盘
3107,13:54:12,56.86,11372,2,卖盘
3108,13:54:15,56.86,45494,8,卖盘
3109,13:54:18,56.86,181972,32,卖盘
3110,13:54:21,56.88,62562,11,买盘
3111,13:54:24,56.87,68244,12,卖盘
3112,13:54:27,56.88,91006,16,买盘
3113,13:54:30,56.88,164950,29,买盘
3114,13:54:33,56.89,194521,34,买盘
3115,13:54:36,56.88,28443,5,中性盘
3116,13:54:39,56.88,130832,23,卖盘
3117,13:54:42,56.89,17067,3,买盘
3118,13:54:45,56.9,28446,5,买盘
3119,13:54:48,56.89,68275,12,卖盘
3120,13:54:51,56.9,73970,13,买盘
3121,13:54:54,56.89,187768,33,卖盘
3122,13:54:57,56.89,79655,14,卖盘
3123,13:55:00,56.89,130874,23,卖盘
3124,13:55:06,56.91,102435,18,买盘
3125,13:55:09,56.92,187772,33,买盘
3126,13:55:12,56.92,28460,5,买盘
3127,13:55:15,56.91,11382,2,中性盘
3128,13:55:21,56.91,39836,7,买盘
3129,13:55:24,56.9,28450,5,卖盘
3130,13:55:27,56.89,17068,3,卖盘
3131,13:55:30,56.89,5689,1,卖盘
3132,13:55:33,56.89,34135,6,卖盘
3133,13:55:39,56.88,17064,3,卖盘
3134,13:55:42,56.89,79643,14,买盘
3135,13:55:45,56.88,17064,3,卖盘
3136,13:55:48,56.88,17064,3,卖盘
3137,13:55:51,56.88,51192,9,卖盘
3138,13:55:57,56.88,39816,7,买盘
3139,13:56:00,56.88,28442,5,卖盘
3140,13:56:03,56.88,5688,1,中性盘
3141,13:56:06,56.87,142195,25,卖盘
3142,13:56:09,56.87,108064,19,卖盘
3143,13:56:15,56.87,284350,50,卖盘
3144,13:56:18,56.87,39809,7,卖盘
3145,13:56:21,56.87,73932,13,卖盘
3146,13:56:27,56.88,56871,10,买盘
3147,13:56:30,56.87,22748,4,卖盘
3148,13:56:33,56.87,199045,35,卖盘
3149,13:56:36,56.86,408299,72,卖盘
3150,13:56:39,56.86,28430,5,卖盘
3151,13:56:42,56.86,68236,12,卖盘
3152,13:56:45,56.87,68240,12,买盘
3153,13:56:48,56.86,39802,7,卖盘
3154,13:56:51,56.86,45488,8,卖盘
3155,13:56:54,56.86,45493,8,卖盘
3156,13:56:57,56.86,45488,8,卖盘
3157,13:57:00,56.86,51174,9,卖盘
3158,13:57:06,56.86,5686,1,卖盘
3159,13:57:09,56.86,79604,14,卖盘
3160,13:57:12,56.86,73919,13,卖盘
3161,13:57:15,56.85,113723,20,卖盘
3162,13:57:18,56.86,34116,6,买盘
3163,13:57:21,56.85,85288,15,卖盘
3164,13:57:24,56.85,17055,3,卖盘
3165,13:57:27,56.85,11371,2,卖盘
3166,13:57:30,56.85,56858,10,卖盘
3167,13:57:33,56.85,68222,12,卖盘
3168,13:57:39,56.85,96647,17,卖盘
3169,13:57:42,56.85,34110,6,卖盘
3170,13:57:45,56.87,28433,5,买盘
3171,13:57:48,56.86,11372,2,买盘
3172,13:57:51,56.85,62535,11,卖盘
3173,13:57:54,56.85,11370,2,卖盘
3174,13:57:57,56.86,56856,10,买盘
3175,13:58:00,56.85,193290,34,卖盘
3176,13:58:03,56.85,56850,10,卖盘
3177,13:58:06,56.85,11370,2,卖盘
3178,13:58:09,56.84,62533,11,卖盘
3179,13:58:12,56.84,5684,1,卖盘
3180,13:58:15,56.84,11369,2,卖盘
3181,13:58:18,56.84,73892,13,卖盘
3182,13:58:21,56.84,39790,7,卖盘
