,成交时间,成交价格,成交金额,成交量,性质
0,09:25:00,22.19,2363235,1065,卖盘
1,09:30:00,22.19,729308,329,买盘
2,09:30:03,22.15,4485796,2024,卖盘
3,09:30:06,22.15,2672874,1207,买盘
4,09:30:09,22.14,741819,335,卖盘
5,09:30:12,22.1,190227,86,卖盘
6,09:30:15,22.12,324899,147,中性盘
7,09:30:18,22.09,165781,75,卖盘
8,09:30:21,22.09,101629,46,卖盘
9,09:30:24,22.1,251918,114,买盘
10,09:30:27,22.09,276272,125,卖盘
11,09:30:30,22.1,101658,46,中性盘
12,09:30:33,22.09,165675,75,卖盘
13,09:30:36,22.07,353195,160,卖盘
14,09:30:39,22.03,893157,405,卖盘
15,09:30:42,22.03,381056,173,中性盘
16,09:30:45,22.03,365909,166,卖盘
17,09:30:48,22.03,44071,20,卖盘
18,09:30:51,22.05,745034,338,买盘
19,09:30:54,22.03,913879,415,卖盘
20,09:30:57,22.03,449705,204,买盘
21,09:31:00,22.03,101320,46,买盘
22,09:31:03,21.98,1405580,639,卖盘
23,09:31:06,22.0,175944,80,买盘
24,09:31:09,21.97,140567,64,卖盘
25,09:31:12,21.97,26364,12,买盘
26,09:31:15,21.95,632325,288,卖盘
27,09:31:18,21.94,30728,14,卖盘
28,09:31:21,21.93,92149,42,卖盘
29,09:31:24,21.94,304973,139,买盘
30,09:31:27,21.93,155739,71,卖盘
31,09:31:30,21.93,524182,239,卖盘
32,09:31:33,21.92,552584,252,卖盘
33,09:31:36,21.93,127172,58,买盘
34,09:31:39,21.91,732155,334,卖盘
35,09:31:42,21.92,379071,173,买盘
36,09:31:45,21.91,854644,390,卖盘
37,09:31:48,21.92,537052,245,买盘
38,09:31:51,21.91,124880,57,卖盘
39,09:31:54,21.92,120546,55,买盘
40,09:31:57,21.91,278305,127,卖盘
41,09:32:00,21.91,89834,41,卖盘
42,09:32:03,21.92,159958,73,买盘
43,09:32:06,21.92,210376,96,买盘
44,09:32:09,21.91,637723,291,卖盘
45,09:32:12,21.91,569443,260,买盘
46,09:32:15,21.91,635223,290,买盘
47,09:32:18,21.9,398631,182,卖盘
48,09:32:21,21.9,311046,142,卖盘
49,09:32:24,21.91,429312,196,买盘
50,09:32:27,21.91,265092,121,买盘
51,09:32:30,21.9,208124,95,卖盘
52,09:32:33,21.9,814781,372,卖盘
53,09:32:36,21.9,1502611,686,卖盘
54,09:32:39,21.9,908813,415,卖盘
55,09:32:42,21.89,391831,179,卖盘
56,09:32:45,21.9,275847,126,买盘
57,09:32:48,21.89,72233,33,卖盘
58,09:32:51,21.89,477372,218,买盘
59,09:32:54,21.9,107279,49,买盘
60,09:32:57,21.9,251792,115,卖盘
61,09:33:00,21.9,173005,79,卖盘
62,09:33:03,21.91,162079,74,买盘
63,09:33:06,21.91,140223,64,买盘
64,09:33:09,21.91,219100,100,卖盘
65,09:33:12,21.91,865088,395,买盘
66,09:33:15,21.91,76676,35,买盘
67,09:33:18,21.91,105151,48,买盘
68,09:33:21,21.91,503811,230,买盘
69,09:33:24,21.9,512446,234,卖盘
70,09:33:27,21.89,339430,155,卖盘
71,09:33:30,21.89,532348,243,卖盘
72,09:33:33,21.9,450979,206,买盘
73,09:33:36,21.9,488246,223,买盘
74,09:33:39,21.89,210229,96,卖盘
75,09:33:42,21.92,308941,141,买盘
76,09:33:45,21.9,35040,16,卖盘
77,09:33:48,21.9,205867,94,卖盘
78,09:33:51,21.89,781667,357,卖盘
79,09:33:54,21.9,869438,397,买盘
80,09:33:57,21.9,308742,141,买盘
81,09:34:00,21.89,142320,65,卖盘
82,09:34:03,21.88,380879,174,卖盘
83,09:34:06,21.87,2673181,1222,卖盘
84,09:34:09,21.86,456905,209,卖盘
85,09:34:12,21.84,804092,368,卖盘
86,09:34:15,21.82,567753,260,卖盘
87,09:34:18,21.81,532308,244,卖盘
88,09:34:21,21.82,257312,118,买盘
89,09:34:24,21.8,673681,309,卖盘
90,09:34:27,21.8,1218538,559,卖盘
91,09:34:30,21.8,344452,158,卖盘
92,09:34:33,21.78,1221524,561,卖盘
93,09:34:36,21.78,265740,122,买盘
94,09:34:39,21.79,853724,392,买盘
95,09:34:42,21.77,542495,249,卖盘
96,09:34:45,21.78,211196,97,卖盘
97,09:34:48,21.78,564441,259,卖盘
98,09:34:51,21.78,248280,114,买盘
99,09:34:54,21.78,339806,156,买盘
100,09:34:57,21.79,1836291,843,买盘
101,09:35:00,21.83,516997,237,买盘
102,09:35:03,21.86,275237,126,买盘
103,09:35:06,21.89,146517,67,买盘
104,09:35:09,21.86,198811,91,卖盘
105,09:35:12,21.88,74385,34,中性盘
106,09:35:15,21.89,142246,65,买盘
107,09:35:18,21.88,214363,98,卖盘
108,09:35:21,21.89,37212,17,卖盘
109,09:35:24,21.87,376305,172,卖盘
110,09:35:27,21.86,553721,253,卖盘
111,09:35:30,21.88,13124,6,中性盘
112,09:35:33,21.87,139964,64,卖盘
113,09:35:36,21.87,80906,37,买盘
114,09:35:39,21.87,273317,125,卖盘
115,09:35:42,21.87,170541,78,买盘
116,09:35:45,21.85,198892,91,卖盘
117,09:35:48,21.85,885157,405,买盘
118,09:35:51,21.83,218453,100,卖盘
119,09:35:54,21.83,194335,89,卖盘
120,09:35:57,21.83,39294,18,买盘
121,09:36:00,21.84,239497,110,买盘
122,09:36:03,21.84,280286,128,卖盘
123,09:36:06,21.84,288298,132,卖盘
124,09:36:09,21.85,146388,67,买盘
125,09:36:12,21.84,91727,42,卖盘
126,09:36:15,21.84,196540,90,买盘
127,09:36:18,21.84,205272,94,买盘
128,09:36:21,21.86,2441130,1118,买盘
129,09:36:24,21.85,452426,207,卖盘
130,09:36:27,21.9,669425,306,买盘
131,09:36:30,21.9,118260,54,买盘
132,09:36:33,21.93,67971,31,买盘
133,09:36:36,21.93,87720,40,买盘
134,09:36:39,21.94,116252,53,买盘
135,09:36:42,21.94,15358,7,卖盘
136,09:36:45,21.95,440884,201,买盘
137,09:36:48,21.95,122874,56,买盘
138,09:36:51,21.95,15363,7,买盘
139,09:36:54,21.94,151422,69,中性盘
140,09:36:57,21.9,48204,22,卖盘
141,09:37:00,21.91,6573,3,卖盘
142,09:37:03,21.89,361364,165,卖盘
143,09:37:06,21.87,32823,15,卖盘
144,09:37:09,21.87,37189,17,卖盘
145,09:37:12,21.87,1023508,468,卖盘
146,09:37:15,21.87,150901,69,买盘
147,09:37:18,21.86,800662,366,卖盘
148,09:37:21,21.86,144380,66,卖盘
149,09:37:24,21.86,144388,66,卖盘
150,09:37:27,21.88,271315,124,中性盘
151,09:37:30,21.89,801497,366,中性盘
152,09:37:33,21.89,166394,76,卖盘
153,09:37:36,21.9,70053,32,买盘
154,09:37:39,21.89,54730,25,卖盘
155,09:37:42,21.88,28449,13,卖盘
156,09:37:45,21.88,70016,32,买盘
157,09:37:48,21.87,220917,101,卖盘
158,09:37:51,21.87,131220,60,买盘
159,09:37:54,21.87,85280,39,买盘
160,09:37:57,21.88,179334,82,买盘
161,09:38:00,21.87,122482,56,卖盘
162,09:38:03,21.87,148716,68,卖盘
163,09:38:06,21.87,2187,1,卖盘
164,09:38:09,21.87,347737,159,卖盘
165,09:38:12,21.87,72176,33,卖盘
166,09:38:15,21.87,131221,60,卖盘
167,09:38:18,21.88,139978,64,买盘
168,09:38:21,21.87,150913,69,卖盘
169,09:38:24,21.87,74348,34,买盘
170,09:38:27,21.87,122435,56,买盘
171,09:38:30,21.86,504973,231,卖盘
172,09:38:33,21.85,128940,59,卖盘
173,09:38:36,21.85,48080,22,卖盘
174,09:38:39,21.85,194476,89,卖盘
175,09:38:42,21.85,150731,69,买盘
176,09:38:45,21.84,144166,66,卖盘
177,09:38:48,21.83,480336,220,卖盘
178,09:38:51,21.84,144144,66,买盘
179,09:38:54,21.82,724901,332,卖盘
180,09:38:57,21.83,124419,57,中性盘
181,09:39:00,21.83,176774,81,卖盘
182,09:39:03,21.9,979528,448,买盘
183,09:39:06,21.87,144428,66,卖盘
184,09:39:09,21.87,6561,3,卖盘
185,09:39:12,21.91,267254,122,买盘
186,09:39:15,21.91,15337,7,卖盘
187,09:39:18,21.93,32875,15,买盘
188,09:39:21,21.91,138033,63,卖盘
189,09:39:24,21.93,48220,22,买盘
190,09:39:27,21.95,241129,110,买盘
191,09:39:30,21.88,383188,175,卖盘
192,09:39:33,21.93,497811,227,卖盘
193,09:39:36,21.91,85494,39,中性盘
194,09:39:39,21.9,278338,127,卖盘
195,09:39:42,21.9,111709,51,卖盘
196,09:39:45,21.93,234473,107,买盘
197,09:39:48,21.92,52595,24,中性盘
198,09:39:51,21.91,70130,32,卖盘
199,09:39:54,21.91,352617,161,卖盘
200,09:39:57,21.89,50379,23,卖盘
201,09:40:00,21.9,61313,28,买盘
202,09:40:03,21.89,59129,27,卖盘
203,09:40:06,21.89,225521,103,卖盘
204,09:40:09,21.88,652189,298,卖盘
205,09:40:12,21.88,67852,31,卖盘
206,09:40:15,21.9,928454,424,买盘
207,09:40:18,21.9,396390,181,卖盘
208,09:40:21,21.91,24100,11,买盘
209,09:40:24,21.9,258423,118,卖盘
210,09:40:27,21.9,512566,234,卖盘
211,09:40:30,21.9,124836,57,卖盘
212,09:40:33,21.89,78804,36,卖盘
213,09:40:36,21.89,8756,4,买盘
214,09:40:39,21.88,89725,41,卖盘
215,09:40:42,21.88,286708,131,卖盘
216,09:40:45,21.88,43766,20,卖盘
217,09:40:48,21.89,94112,43,买盘
218,09:40:51,21.88,249467,114,卖盘
219,09:40:57,21.88,660591,302,卖盘
220,09:41:00,21.88,192523,88,买盘
221,09:41:03,21.88,129105,59,卖盘
222,09:41:06,21.89,717014,328,买盘
223,09:41:12,21.87,586196,268,卖盘
224,09:41:15,21.93,372509,170,买盘
225,09:41:18,21.91,63535,29,卖盘
226,09:41:21,21.91,377154,172,卖盘
227,09:41:27,21.91,324312,148,卖盘
228,09:41:30,21.9,109511,50,卖盘
229,09:41:33,21.9,30660,14,卖盘
230,09:41:36,21.9,13140,6,买盘
231,09:41:39,21.9,192715,88,买盘
232,09:41:42,21.91,111665,51,买盘
233,09:41:45,21.9,129209,59,买盘
234,09:41:48,21.9,39436,18,卖盘
235,09:41:51,21.93,1018791,465,买盘
236,09:41:54,21.91,199573,91,卖盘
237,09:41:57,21.96,24156,11,买盘
238,09:42:00,21.93,61454,28,中性盘
239,09:42:03,21.93,13158,6,卖盘
240,09:42:06,21.96,125114,57,买盘
241,09:42:09,21.93,59238,27,卖盘
242,09:42:12,21.93,32903,15,卖盘
243,09:42:15,21.95,175580,80,买盘
244,09:42:18,21.93,114042,52,卖盘
245,09:42:21,21.93,26316,12,卖盘
246,09:42:24,21.93,76765,35,卖盘
247,09:42:27,21.93,6581,3,卖盘
248,09:42:30,21.93,37293,17,卖盘
249,09:42:33,21.93,269802,123,卖盘
250,09:42:36,21.92,162227,74,卖盘
251,09:42:39,21.93,28508,13,买盘
252,09:42:42,21.93,21930,10,买盘
253,09:42:45,21.93,241131,110,买盘
254,09:42:48,21.93,87693,40,买盘
255,09:42:51,21.92,19728,9,卖盘
256,09:42:54,21.92,298205,136,卖盘
257,09:42:57,21.92,398944,182,卖盘
258,09:43:00,21.92,179805,82,卖盘
259,09:43:03,21.93,10961,5,买盘
260,09:43:06,21.92,219200,100,卖盘
261,09:43:09,21.92,223634,102,卖盘
262,09:43:12,21.91,24108,11,卖盘
263,09:43:15,21.92,59184,27,买盘
264,09:43:18,21.94,85566,39,买盘
265,09:43:21,21.92,98669,45,卖盘
266,09:43:24,21.96,867291,395,买盘
267,09:43:27,21.97,101062,46,卖盘
268,09:43:30,21.99,13192,6,中性盘
269,09:43:33,21.99,76894,35,买盘
270,09:43:36,21.95,237482,108,中性盘
271,09:43:39,21.98,41734,19,买盘
272,09:43:42,21.93,6583,3,卖盘
273,09:43:45,21.97,63699,29,买盘
274,09:43:48,21.95,94325,43,中性盘
275,09:43:51,21.97,256944,117,买盘
276,09:43:54,21.96,28530,13,中性盘
277,09:43:57,21.97,746883,340,买盘
278,09:44:00,21.97,2197,1,卖盘
279,09:44:03,21.96,421853,192,卖盘
280,09:44:06,21.96,26356,12,中性盘
281,09:44:09,21.97,107607,49,买盘
282,09:44:12,21.96,87835,40,买盘
283,09:44:15,21.97,30732,14,买盘
284,09:44:18,21.95,68048,31,卖盘
285,09:44:21,21.95,6585,3,买盘
286,09:44:24,21.94,144808,66,卖盘
287,09:44:27,21.94,13164,6,买盘
288,09:44:30,21.94,2194,1,买盘
289,09:44:33,21.93,32900,15,卖盘
290,09:44:36,21.93,52651,24,卖盘
291,09:44:39,21.94,2194,1,买盘
292,09:44:42,21.94,67986,31,买盘
293,09:44:45,21.93,133773,61,卖盘
294,09:44:48,21.93,19737,9,买盘
295,09:44:51,21.93,26316,12,买盘
296,09:44:54,21.94,197391,90,买盘
297,09:44:57,21.93,142554,65,卖盘
298,09:45:00,21.93,13158,6,卖盘
299,09:45:03,21.93,105243,48,中性盘
300,09:45:06,21.93,35088,16,卖盘
301,09:45:09,21.93,37291,17,中性盘
302,09:45:12,21.92,175365,80,卖盘
303,09:45:15,21.92,4384,2,卖盘
304,09:45:18,21.92,151268,69,卖盘
305,09:45:21,21.92,94256,43,卖盘
306,09:45:24,21.92,236714,108,卖盘
307,09:45:27,21.92,260811,119,卖盘
308,09:45:30,21.91,2191,1,卖盘
309,09:45:33,21.91,153388,70,卖盘
310,09:45:36,21.91,8764,4,卖盘
311,09:45:39,21.91,13146,6,卖盘
312,09:45:42,21.91,46027,21,卖盘
313,09:45:45,21.91,94213,43,卖盘
314,09:45:48,21.92,78877,36,买盘
315,09:45:51,21.91,124887,57,卖盘
316,09:45:54,21.92,751676,343,买盘
317,09:45:57,21.93,15346,7,买盘
318,09:46:00,21.92,188512,86,卖盘
319,09:46:03,21.92,65765,30,卖盘
320,09:46:06,21.92,35058,16,买盘
321,09:46:09,21.91,8765,4,卖盘
322,09:46:12,21.9,615892,281,卖盘
323,09:46:18,21.93,170868,78,买盘
324,09:46:21,21.92,216858,99,卖盘
325,09:46:27,21.9,339465,155,卖盘
326,09:46:30,21.9,13140,6,买盘
327,09:46:33,21.9,56929,26,中性盘
328,09:46:36,21.88,52535,24,卖盘
329,09:46:39,21.89,63472,29,买盘
330,09:46:42,21.88,323826,148,卖盘
331,09:46:45,21.88,10940,5,卖盘
332,09:46:48,21.88,41577,19,卖盘
333,09:46:51,21.87,146599,67,卖盘
334,09:46:54,21.88,306316,140,买盘
335,09:46:57,21.87,113744,52,卖盘
336,09:47:00,21.87,87481,40,卖盘
337,09:47:03,21.87,50293,23,买盘
338,09:47:06,21.88,839970,384,买盘
339,09:47:09,21.86,91861,42,卖盘
340,09:47:12,21.86,327952,150,卖盘
341,09:47:15,21.87,76545,35,买盘
342,09:47:18,21.88,133438,61,买盘
343,09:47:21,21.88,78763,36,买盘
344,09:47:24,21.87,201205,92,卖盘
345,09:47:27,21.87,8748,4,买盘
346,09:47:30,21.86,34979,16,卖盘
347,09:47:33,21.87,76511,35,买盘
348,09:47:36,21.86,244832,112,卖盘
349,09:47:39,21.86,104935,48,买盘
350,09:47:42,21.85,61213,28,卖盘
351,09:47:45,21.85,249090,114,卖盘
352,09:47:48,21.85,4370,2,卖盘
353,09:47:51,21.85,78665,36,卖盘
354,09:47:54,21.85,159497,73,卖盘
355,09:47:57,21.85,21850,10,买盘
356,09:48:00,21.84,50254,23,卖盘
357,09:48:03,21.83,307883,141,卖盘
358,09:48:06,21.83,1536430,704,卖盘
359,09:48:09,21.82,6546,3,卖盘
360,09:48:12,21.83,50197,23,买盘
361,09:48:15,21.82,54550,25,卖盘
362,09:48:18,21.83,48015,22,买盘
363,09:48:21,21.82,91644,42,卖盘
364,09:48:24,21.82,144016,66,卖盘
365,09:48:27,21.82,52368,24,买盘
366,09:48:30,21.81,141794,65,卖盘
367,09:48:33,21.82,172366,79,买盘
368,09:48:36,21.82,135311,62,卖盘
369,09:48:39,21.83,163678,75,中性盘
370,09:48:42,21.81,309846,142,卖盘
371,09:48:45,21.84,189890,87,买盘
372,09:48:48,21.82,155014,71,卖盘
373,09:48:51,21.84,32736,15,中性盘
374,09:48:54,21.84,54600,25,卖盘
375,09:48:57,21.83,87383,40,卖盘
376,09:49:00,21.83,1252276,574,卖盘
377,09:49:03,21.84,50215,23,中性盘
378,09:49:06,21.83,82954,38,买盘
379,09:49:09,21.85,104815,48,买盘
380,09:49:12,21.83,85157,39,卖盘
381,09:49:15,21.83,107012,49,卖盘
382,09:49:18,21.85,342916,157,买盘
383,09:49:21,21.84,102675,47,卖盘
384,09:49:24,21.86,281980,129,中性盘
385,09:49:27,21.87,76545,35,中性盘
386,09:49:30,21.87,135599,62,卖盘
387,09:49:33,21.88,74371,34,买盘
388,09:49:36,21.86,177157,81,卖盘
389,09:49:39,21.86,32799,15,卖盘
390,09:49:42,21.86,142137,65,卖盘
391,09:49:45,21.86,10926,5,买盘
392,09:49:48,21.86,21862,10,买盘
393,09:49:51,21.86,28406,13,买盘
394,09:49:54,21.86,117986,54,买盘
395,09:49:57,21.85,39315,18,卖盘
396,09:50:00,21.85,45905,21,卖盘
397,09:50:03,21.85,65556,30,卖盘
398,09:50:06,21.85,17480,8,卖盘
399,09:50:09,21.86,268867,123,买盘
400,09:50:15,21.86,89626,41,卖盘
401,09:50:18,21.86,139904,64,卖盘
402,09:50:21,21.86,133441,61,卖盘
403,09:50:24,21.88,65640,30,买盘
404,09:50:30,21.87,314929,144,中性盘
405,09:50:33,21.88,28435,13,买盘
406,09:50:36,21.89,295340,135,买盘
407,09:50:39,21.88,109360,50,中性盘
408,09:50:42,21.87,109377,50,卖盘
409,09:50:45,21.89,10943,5,买盘
410,09:50:48,21.88,144372,66,买盘
411,09:50:51,21.88,1111633,508,买盘
412,09:50:54,21.87,2187,1,买盘
413,09:50:57,21.87,13122,6,买盘
414,09:51:00,21.87,32819,15,卖盘
415,09:51:03,21.87,30619,14,卖盘
416,09:51:06,21.87,59059,27,卖盘
417,09:51:09,21.87,6561,3,卖盘
418,09:51:12,21.87,17517,8,卖盘
419,09:51:15,21.87,30618,14,卖盘
420,09:51:18,21.88,4376,2,买盘
421,09:51:21,21.88,13127,6,买盘
422,09:51:24,21.87,37181,17,卖盘
423,09:51:27,21.88,50324,23,买盘
424,09:51:30,21.87,201204,92,卖盘
425,09:51:36,21.86,19674,9,卖盘
426,09:51:39,21.87,4374,2,买盘
427,09:51:42,21.86,43720,20,卖盘
428,09:51:45,21.85,710293,325,卖盘
429,09:51:48,21.86,2186,1,中性盘
430,09:51:51,21.87,133389,61,买盘
431,09:51:54,21.85,19665,9,卖盘
432,09:51:57,21.88,1168243,534,买盘
433,09:52:00,21.89,96358,44,卖盘
434,09:52:03,21.88,30643,14,卖盘
435,09:52:06,21.89,37210,17,中性盘
436,09:52:09,21.89,19701,9,买盘
437,09:52:12,21.88,43760,20,卖盘
438,09:52:15,21.89,26265,12,卖盘
439,09:52:18,21.9,144507,66,买盘
440,09:52:21,21.91,181784,83,买盘
441,09:52:24,21.91,89816,41,卖盘
442,09:52:27,21.91,2191,1,卖盘
443,09:52:33,21.91,8764,4,卖盘
444,09:52:36,21.91,8764,4,卖盘
445,09:52:39,21.92,144607,66,买盘
446,09:52:42,21.91,54785,25,卖盘
447,09:52:45,21.9,197137,90,卖盘
448,09:52:48,21.91,749561,342,卖盘
449,09:52:51,21.92,2192,1,中性盘
450,09:52:54,21.93,2193,1,买盘
451,09:52:57,21.93,96492,44,买盘
452,09:53:00,21.92,17537,8,卖盘
453,09:53:03,21.94,50442,23,买盘
454,09:53:06,21.93,8772,4,卖盘
455,09:53:09,21.93,10965,5,卖盘
456,09:53:15,21.94,109698,50,买盘
457,09:53:18,21.93,67983,31,卖盘
458,09:53:21,21.92,54820,25,卖盘
459,09:53:24,21.93,81144,37,买盘
460,09:53:27,21.94,26324,12,买盘
461,09:53:30,21.93,127204,58,卖盘
462,09:53:33,21.93,103083,47,卖盘
463,09:53:36,21.94,17551,8,买盘
464,09:53:39,21.93,131621,60,卖盘
465,09:53:42,21.94,285220,130,买盘
466,09:53:45,21.93,353075,161,卖盘
467,09:53:48,21.93,24123,11,买盘
468,09:53:51,21.92,111792,51,卖盘
469,09:53:54,21.92,10960,5,买盘
470,09:53:57,21.92,56989,26,买盘
471,09:54:00,21.91,39440,18,卖盘
472,09:54:03,21.95,1721105,785,买盘
473,09:54:06,21.95,10975,5,买盘
474,09:54:09,21.95,72394,33,买盘
475,09:54:12,21.94,6582,3,卖盘
476,09:54:15,21.94,10970,5,卖盘
477,09:54:18,21.94,8776,4,卖盘
478,09:54:21,21.94,43895,20,卖盘
479,09:54:24,21.94,41686,19,买盘
480,09:54:27,21.93,52647,24,卖盘
481,09:54:30,21.94,48268,22,买盘
482,09:54:33,21.94,24129,11,买盘
483,09:54:36,21.94,32910,15,买盘
484,09:54:39,21.94,61432,28,买盘
485,09:54:42,21.95,4390,2,买盘
486,09:54:45,21.95,28523,13,买盘
487,09:54:48,21.95,83409,38,买盘
488,09:54:51,21.95,54875,25,卖盘
489,09:54:54,21.95,41718,19,卖盘
490,09:54:57,21.97,72469,33,买盘
491,09:55:00,21.96,19764,9,卖盘
492,09:55:03,21.97,61513,28,买盘
493,09:55:06,21.98,8792,4,买盘
494,09:55:09,21.96,15375,7,卖盘
495,09:55:12,21.98,17584,8,买盘
496,09:55:15,21.98,15378,7,买盘
497,09:55:18,21.97,8788,4,买盘
498,09:55:21,21.98,63717,29,买盘
499,09:55:24,21.96,85707,39,卖盘
500,09:55:30,21.97,72501,33,卖盘
501,09:55:33,21.97,30758,14,卖盘
502,09:55:39,21.97,79066,36,买盘
503,09:55:42,21.97,30758,14,买盘
504,09:55:45,21.96,221796,101,卖盘
505,09:55:48,21.96,184540,84,中性盘
506,09:55:51,21.96,19764,9,卖盘
507,09:55:54,21.97,8785,4,买盘
508,09:55:57,21.96,109763,50,卖盘
509,09:56:00,21.95,4391,2,卖盘
510,09:56:03,21.95,13172,6,卖盘
511,09:56:06,21.95,226088,103,卖盘
512,09:56:09,21.95,32925,15,卖盘
513,09:56:12,21.95,13170,6,卖盘
514,09:56:15,21.95,37316,17,卖盘
515,09:56:18,21.95,164690,75,卖盘
516,09:56:21,21.95,39510,18,卖盘
517,09:56:24,21.95,79021,36,卖盘
518,09:56:27,21.95,173411,79,卖盘
519,09:56:30,21.95,87830,40,卖盘
520,09:56:33,21.95,8780,4,卖盘
521,09:56:36,21.95,17565,8,卖盘
522,09:56:39,21.96,43905,20,买盘
523,09:56:42,21.95,46095,21,卖盘
524,09:56:48,21.95,63665,29,卖盘
525,09:56:51,21.96,17564,8,买盘
526,09:56:54,21.95,41705,19,卖盘
527,09:56:57,21.95,89997,41,卖盘
528,09:57:00,21.95,19755,9,卖盘
529,09:57:03,21.95,155890,71,卖盘
530,09:57:06,21.95,564115,257,卖盘
531,09:57:15,21.94,129446,59,卖盘
532,09:57:18,21.94,48267,22,卖盘
533,09:57:21,21.94,116282,53,买盘
534,09:57:24,21.94,24133,11,买盘
535,09:57:30,21.93,46073,21,卖盘
536,09:57:33,21.93,21930,10,卖盘
537,09:57:36,21.93,26316,12,卖盘
538,09:57:39,21.94,359788,164,买盘
539,09:57:42,21.93,504597,230,卖盘
540,09:57:45,21.93,15355,7,卖盘
541,09:57:48,21.94,32907,15,买盘
542,09:57:51,21.94,52673,24,卖盘
543,09:57:54,21.94,428022,195,卖盘
544,09:57:57,21.94,28523,13,卖盘
545,09:58:00,21.94,52657,24,卖盘
546,09:58:03,21.95,452183,206,买盘
547,09:58:06,21.97,193248,88,买盘
548,09:58:09,21.98,85691,39,买盘
549,09:58:12,21.98,63766,29,中性盘
550,09:58:15,21.98,8792,4,卖盘
551,09:58:18,21.98,79154,36,卖盘
552,09:58:21,21.99,230890,105,买盘
553,09:58:24,21.99,4398,2,买盘
554,09:58:27,21.99,57171,26,买盘
555,09:58:30,21.99,83562,38,卖盘
556,09:58:33,21.99,393621,179,卖盘
557,09:58:36,21.98,13193,6,卖盘
558,09:58:39,22.0,158382,72,买盘
559,09:58:42,21.99,19791,9,卖盘
560,09:58:45,21.99,57184,26,卖盘
561,09:58:48,21.99,35169,16,买盘
562,09:58:51,21.98,72562,33,卖盘
563,09:58:54,21.99,10995,5,买盘
564,09:58:57,21.99,65968,30,买盘
565,09:59:00,21.98,114322,52,卖盘
566,09:59:03,21.99,50573,23,买盘
567,09:59:06,21.99,15393,7,买盘
568,09:59:09,21.99,4398,2,中性盘
569,09:59:12,22.0,114394,52,买盘
570,09:59:15,22.01,345405,157,买盘
571,09:59:18,22.01,99042,45,买盘
572,09:59:21,22.01,50623,23,卖盘
573,09:59:24,22.02,44020,20,买盘
574,09:59:27,22.01,22010,10,买盘
575,09:59:30,22.02,184955,84,买盘
576,09:59:33,22.02,11007,5,买盘
577,09:59:36,22.02,6604,3,买盘
578,09:59:39,22.02,55034,25,买盘
579,09:59:42,22.02,15413,7,买盘
580,09:59:45,22.01,70432,32,卖盘
581,09:59:48,22.02,193660,88,买盘
582,09:59:51,22.02,41834,19,买盘
583,09:59:54,22.01,85844,39,中性盘
584,09:59:57,22.0,15403,7,卖盘
585,10:00:00,21.99,57209,26,卖盘
586,10:00:06,22.02,255341,116,买盘
587,10:00:09,22.03,248797,113,买盘
588,10:00:12,22.04,275385,125,买盘
589,10:00:15,22.05,26452,12,买盘
590,10:00:18,22.04,50702,23,卖盘
591,10:00:21,22.05,68339,31,买盘
592,10:00:24,22.04,39672,18,买盘
593,10:00:27,22.03,39658,18,卖盘
594,10:00:30,22.04,44072,20,买盘
595,10:00:33,22.04,83748,38,买盘
596,10:00:36,22.03,116801,53,中性盘
597,10:00:42,22.02,11010,5,卖盘
598,10:00:45,22.03,41857,19,买盘
599,10:00:48,22.03,11015,5,买盘
600,10:00:51,22.03,70503,32,买盘
601,10:00:54,22.04,26447,12,买盘
602,10:00:57,22.03,8812,4,卖盘
603,10:01:00,22.02,1204498,547,卖盘
604,10:01:03,22.02,22020,10,买盘
605,10:01:06,22.0,13203,6,卖盘
606,10:01:09,22.0,143002,65,卖盘
607,10:01:15,22.0,2200,1,卖盘
608,10:01:18,22.0,138600,63,卖盘
609,10:01:21,22.0,169410,77,卖盘
610,10:01:24,22.0,358600,163,卖盘
611,10:01:30,21.99,26398,12,卖盘
612,10:01:33,21.99,116547,53,卖盘
613,10:01:36,21.99,21990,10,买盘
614,10:01:39,21.98,101108,46,卖盘
615,10:01:42,21.97,13182,6,卖盘
616,10:01:45,21.97,112047,51,卖盘
617,10:01:48,21.97,43940,20,买盘
618,10:01:51,21.97,87880,40,卖盘
619,10:01:54,21.96,107643,49,卖盘
620,10:02:00,21.96,15372,7,卖盘
621,10:02:03,21.96,61488,28,卖盘
622,10:02:06,21.96,87840,40,卖盘
623,10:02:15,21.96,26350,12,买盘
624,10:02:18,21.95,28538,13,卖盘
625,10:02:21,21.95,54875,25,卖盘
626,10:02:24,21.95,48290,22,卖盘
627,10:02:27,21.95,50495,23,卖盘
628,10:02:30,21.95,35120,16,卖盘
629,10:02:33,21.94,6582,3,卖盘
630,10:02:36,21.94,19746,9,卖盘
631,10:02:39,21.95,228276,104,买盘
632,10:02:45,21.94,26338,12,卖盘
633,10:02:51,21.94,221686,101,买盘
634,10:02:54,21.94,35104,16,中性盘
635,10:02:57,21.94,8776,4,买盘
636,10:03:00,21.93,120621,55,卖盘
637,10:03:03,21.93,37288,17,卖盘
638,10:03:09,21.94,10970,5,卖盘
639,10:03:12,21.96,274491,125,买盘
640,10:03:15,21.96,21960,10,卖盘
641,10:03:18,21.97,35147,16,买盘
642,10:03:21,21.96,10980,5,卖盘
643,10:03:27,21.95,175689,80,卖盘
644,10:03:30,21.95,19763,9,卖盘
645,10:03:33,21.96,15369,7,买盘
646,10:03:36,21.95,4390,2,卖盘
647,10:03:39,21.97,125156,57,买盘
648,10:03:42,21.96,10980,5,卖盘
649,10:03:45,21.97,184540,84,买盘
650,10:03:48,21.97,43940,20,卖盘
651,10:03:51,21.98,15381,7,买盘
652,10:03:54,21.97,6591,3,卖盘
653,10:03:57,21.96,2196,1,卖盘
654,10:04:00,21.97,59319,27,买盘
655,10:04:03,21.96,8784,4,卖盘
656,10:04:09,21.96,10980,5,卖盘
657,10:04:12,21.96,90046,41,卖盘
658,10:04:18,21.96,131710,60,买盘
659,10:04:21,21.95,4390,2,卖盘
660,10:04:27,21.95,111945,51,卖盘
661,10:04:30,21.94,63649,29,卖盘
662,10:04:33,21.94,28529,13,卖盘
663,10:04:36,21.95,70213,32,买盘
664,10:04:39,21.94,68015,31,卖盘
665,10:04:42,21.94,46074,21,买盘
666,10:04:45,21.93,2193,1,卖盘
667,10:04:48,21.94,19745,9,买盘
668,10:04:51,21.95,89961,41,买盘
669,10:04:54,21.95,19755,9,卖盘
670,10:04:57,21.95,41705,19,卖盘
671,10:05:03,21.95,6585,3,卖盘
672,10:05:06,21.95,267790,122,卖盘
673,10:05:09,21.95,26350,12,卖盘
674,10:05:12,21.95,30730,14,卖盘
675,10:05:15,21.95,19755,9,卖盘
676,10:05:18,21.95,50485,23,卖盘
677,10:05:21,21.94,111914,51,卖盘
678,10:05:24,21.94,10972,5,卖盘
679,10:05:27,21.94,2194,1,卖盘
680,10:05:30,21.94,2194,1,卖盘
681,10:05:33,21.94,10970,5,卖盘
682,10:05:39,21.96,142671,65,买盘
683,10:05:42,21.94,28523,13,卖盘
684,10:05:45,21.94,109700,50,卖盘
685,10:05:48,21.94,76790,35,卖盘
686,10:05:51,21.94,30716,14,买盘
687,10:05:54,21.96,118493,54,买盘
688,10:06:00,21.96,239162,109,买盘
689,10:06:03,21.95,32925,15,卖盘
690,10:06:06,21.96,4392,2,买盘
691,10:06:09,21.95,26340,12,卖盘
692,10:06:12,21.94,15362,7,卖盘
693,10:06:15,21.95,8780,4,中性盘
694,10:06:18,21.94,54859,25,卖盘
695,10:06:21,21.93,46076,21,卖盘
696,10:06:24,21.95,4390,2,买盘
697,10:06:27,21.94,37303,17,卖盘
698,10:06:30,21.93,85567,39,卖盘
699,10:06:33,21.93,8772,4,卖盘
700,10:06:36,21.94,37283,17,中性盘
701,10:06:39,21.93,52632,24,卖盘
702,10:06:42,21.94,6582,3,买盘
703,10:06:45,21.94,24125,11,买盘
704,10:06:48,21.93,74597,34,卖盘
705,10:06:51,21.93,160089,73,卖盘
706,10:06:54,21.93,247809,113,卖盘
707,10:07:00,21.92,206048,94,卖盘
708,10:07:03,21.91,24110,11,卖盘
709,10:07:06,21.93,41653,19,买盘
710,10:07:09,21.91,61355,28,卖盘
711,10:07:15,21.91,85459,39,卖盘
712,10:07:18,21.91,39458,18,卖盘
713,10:07:24,21.91,48203,22,卖盘
714,10:07:27,21.91,54780,25,卖盘
715,10:07:30,21.91,214718,98,卖盘
716,10:07:33,21.91,109550,50,买盘
717,10:07:36,21.91,85449,39,卖盘
718,10:07:42,21.91,602272,275,卖盘
719,10:07:45,21.91,131460,60,买盘
720,10:07:48,21.91,2191,1,卖盘
721,10:07:51,21.91,32865,15,卖盘
722,10:07:54,21.91,24101,11,卖盘
723,10:07:57,21.91,78876,36,卖盘
724,10:08:03,21.9,118260,54,卖盘
725,10:08:06,21.9,8760,4,卖盘
726,10:08:09,21.9,13140,6,卖盘
727,10:08:12,21.9,74460,34,卖盘
728,10:08:15,21.9,78840,36,卖盘
729,10:08:18,21.9,19710,9,卖盘
730,10:08:21,21.9,39420,18,卖盘
731,10:08:24,21.89,30646,14,卖盘
732,10:08:27,21.89,21890,10,卖盘
733,10:08:30,21.89,43782,20,卖盘
734,10:08:33,21.89,67856,31,卖盘
735,10:08:36,21.88,472608,216,卖盘
736,10:08:39,21.88,32820,15,买盘
737,10:08:42,21.87,15309,7,卖盘
738,10:08:45,21.87,30618,14,卖盘
739,10:08:48,21.87,139968,64,卖盘
740,10:08:51,21.87,122472,56,卖盘
741,10:08:57,21.87,227354,104,买盘
742,10:09:03,21.86,242651,111,卖盘
743,10:09:06,21.86,129028,59,卖盘
744,10:09:09,21.87,234040,107,买盘
745,10:09:12,21.88,67772,31,买盘
746,10:09:15,21.87,8748,4,卖盘
747,10:09:18,21.86,192441,88,卖盘
748,10:09:21,21.86,441574,202,卖盘
749,10:09:24,21.86,203303,93,卖盘
750,10:09:27,21.85,8741,4,卖盘
751,10:09:30,21.85,187914,86,卖盘
752,10:09:33,21.86,74299,34,买盘
753,10:09:36,21.85,161713,74,卖盘
754,10:09:39,21.86,61195,28,卖盘
755,10:09:45,21.85,61180,28,卖盘
756,10:09:48,21.86,21860,10,买盘
757,10:09:51,21.86,441373,202,买盘
758,10:09:54,21.85,37145,17,卖盘
759,10:09:57,21.86,93998,43,买盘
760,10:10:00,21.85,216345,99,卖盘
761,10:10:03,21.86,83045,38,买盘
762,10:10:06,21.86,45905,21,买盘
763,10:10:09,21.86,181387,83,买盘
764,10:10:12,21.86,19674,9,卖盘
765,10:10:15,21.86,19674,9,卖盘
766,10:10:18,21.86,4372,2,卖盘
767,10:10:21,21.86,146462,67,卖盘
768,10:10:24,21.87,72169,33,买盘
769,10:10:27,21.87,13118,6,卖盘
770,10:10:30,21.86,24055,11,卖盘
771,10:10:33,21.87,102782,47,买盘
772,10:10:36,21.86,314878,144,卖盘
773,10:10:39,21.88,37178,17,买盘
774,10:10:42,21.87,19683,9,卖盘
775,10:10:45,21.88,32808,15,买盘
776,10:10:48,21.87,54676,25,卖盘
777,10:10:51,21.87,78730,36,买盘
778,10:10:54,21.86,456897,209,卖盘
779,10:10:57,21.86,30604,14,买盘
780,10:11:00,21.86,28418,13,买盘
781,10:11:03,21.86,100522,46,买盘
782,10:11:06,21.87,54646,25,买盘
783,10:11:09,21.86,8746,4,卖盘
784,10:11:15,21.86,10930,5,卖盘
785,10:11:18,21.87,190203,87,买盘
786,10:11:21,21.88,210002,96,买盘
787,10:11:27,21.87,100583,46,卖盘
788,10:11:30,21.86,41541,19,卖盘
789,10:11:33,21.86,39357,18,卖盘
790,10:11:36,21.86,96199,44,卖盘
791,10:11:39,21.86,80895,37,卖盘
792,10:11:42,21.87,6561,3,卖盘
793,10:11:45,21.88,78741,36,买盘
794,10:11:48,21.86,109300,50,卖盘
795,10:11:51,21.88,32808,15,买盘
796,10:11:54,21.88,251403,115,买盘
797,10:11:57,21.88,308491,141,买盘
798,10:12:03,21.87,6561,3,卖盘
799,10:12:09,21.87,41554,19,卖盘
800,10:12:12,21.86,1305085,597,卖盘
801,10:12:15,21.86,30616,14,卖盘
802,10:12:21,21.86,48112,22,卖盘
803,10:12:24,21.86,41545,19,卖盘
804,10:12:27,21.87,2187,1,买盘
805,10:12:30,21.86,10930,5,卖盘
806,10:12:33,21.86,54651,25,卖盘
807,10:12:36,21.87,91840,42,买盘
808,10:12:39,21.86,205494,94,卖盘
809,10:12:42,21.87,30614,14,买盘
810,10:12:45,21.87,87469,40,买盘
811,10:12:48,21.86,2186,1,卖盘
812,10:12:51,21.86,54650,25,卖盘
813,10:12:54,21.86,529016,242,卖盘
814,10:12:57,21.86,63394,29,卖盘
815,10:13:00,21.86,225158,103,卖盘
816,10:13:03,21.86,45916,21,卖盘
817,10:13:09,21.86,4372,2,卖盘
818,10:13:12,21.86,37178,17,卖盘
819,10:13:15,21.86,32790,15,卖盘
820,10:13:18,21.86,8744,4,卖盘
821,10:13:21,21.87,19683,9,买盘
822,10:13:24,21.86,56845,26,卖盘
823,10:13:27,21.86,28422,13,卖盘
824,10:13:30,21.86,260149,119,卖盘
825,10:13:33,21.87,76520,35,买盘
826,10:13:36,21.87,6561,3,买盘
827,10:13:39,21.86,39348,18,卖盘
828,10:13:42,21.87,24051,11,买盘
829,10:13:45,21.87,56843,26,买盘
830,10:13:48,21.87,109350,50,买盘
831,10:13:51,21.87,15304,7,买盘
832,10:13:54,21.87,28423,13,买盘
833,10:13:57,21.87,48106,22,买盘
834,10:14:00,21.87,137750,63,买盘
835,10:14:03,21.86,491855,225,卖盘
836,10:14:06,21.87,249210,114,买盘
837,10:14:09,21.87,334576,153,买盘
838,10:14:12,21.86,28428,13,卖盘
839,10:14:15,21.87,292935,134,买盘
840,10:14:18,21.87,43740,20,买盘
841,10:14:21,21.87,30617,14,买盘
842,10:14:24,21.86,34979,16,卖盘
843,10:14:27,21.87,48114,22,买盘
844,10:14:30,21.86,19679,9,卖盘
845,10:14:33,21.86,4372,2,卖盘
846,10:14:36,21.87,133369,61,买盘
847,10:14:39,21.87,45922,21,买盘
848,10:14:42,21.87,37172,17,买盘
849,10:14:45,21.87,155269,71,买盘
850,10:14:48,21.86,24052,11,卖盘
851,10:14:51,21.87,34992,16,卖盘
852,10:14:54,21.87,24058,11,卖盘
853,10:14:57,21.88,135656,62,买盘
854,10:15:00,21.88,13128,6,买盘
855,10:15:03,21.87,10935,5,卖盘
856,10:15:06,21.87,21870,10,卖盘
857,10:15:09,21.89,65642,30,买盘
858,10:15:12,21.87,2187,1,卖盘
859,10:15:18,21.88,56894,26,卖盘
860,10:15:21,21.88,91905,42,卖盘
861,10:15:24,21.88,2188,1,卖盘
862,10:15:27,21.88,207860,95,卖盘
863,10:15:30,21.88,4376,2,卖盘
864,10:15:33,21.89,192547,88,买盘
865,10:15:36,21.89,4378,2,买盘
866,10:15:39,21.89,28457,13,买盘
867,10:15:42,21.89,4378,2,买盘
868,10:15:45,21.89,24070,11,买盘
869,10:15:48,21.88,13128,6,卖盘
870,10:15:51,21.88,19692,9,卖盘
871,10:15:54,21.89,21890,10,买盘
872,10:15:57,21.89,155358,71,买盘
873,10:16:00,21.89,28447,13,买盘
874,10:16:03,21.89,129127,59,买盘
875,10:16:09,21.88,133470,61,卖盘
876,10:16:12,21.88,30628,14,买盘
877,10:16:15,21.88,2188,1,买盘
878,10:16:18,21.88,17502,8,买盘
879,10:16:21,21.87,78733,36,卖盘
880,10:16:27,21.88,13128,6,买盘
881,10:16:30,21.87,174965,80,卖盘
882,10:16:33,21.87,209952,96,卖盘
883,10:16:36,21.87,111537,51,卖盘
884,10:16:39,21.87,2187,1,卖盘
885,10:16:42,21.87,37179,17,卖盘
886,10:16:45,21.87,39366,18,卖盘
887,10:16:48,21.87,2187,1,卖盘
888,10:16:51,21.87,61236,28,卖盘
889,10:16:54,21.87,2187,1,卖盘
890,10:16:57,21.87,284306,130,卖盘
891,10:17:00,21.87,13122,6,买盘
892,10:17:03,21.86,15302,7,卖盘
893,10:17:06,21.87,185815,85,买盘
894,10:17:09,21.86,2186,1,卖盘
895,10:17:12,21.87,63414,29,买盘
896,10:17:15,21.86,776030,355,卖盘
897,10:17:18,21.86,74325,34,卖盘
898,10:17:21,21.87,631804,289,买盘
899,10:17:24,21.87,13122,6,买盘
900,10:17:27,21.87,24052,11,买盘
901,10:17:30,21.86,124602,57,卖盘
902,10:17:33,21.86,115866,53,卖盘
903,10:17:36,21.86,28418,13,卖盘
904,10:17:39,21.87,83074,38,买盘
905,10:17:42,21.86,21861,10,卖盘
906,10:17:45,21.86,10930,5,卖盘
907,10:17:48,21.87,65610,30,买盘
908,10:17:51,21.87,4374,2,买盘
909,10:17:54,21.86,8744,4,卖盘
910,10:17:57,21.86,185810,85,卖盘
911,10:18:00,21.86,87440,40,卖盘
912,10:18:03,21.86,19674,9,卖盘
913,10:18:06,21.87,251395,115,买盘
914,10:18:09,21.86,72138,33,卖盘
915,10:18:12,21.86,59024,27,卖盘
916,10:18:15,21.86,2186,1,卖盘
917,10:18:18,21.86,214228,98,卖盘
918,10:18:27,21.86,26232,12,卖盘
919,10:18:30,21.86,63394,29,卖盘
920,10:18:33,21.86,39353,18,卖盘
921,10:18:36,21.87,120270,55,买盘
922,10:18:39,21.86,76535,35,卖盘
923,10:18:48,21.86,54650,25,卖盘
924,10:18:51,21.86,2186,1,卖盘
925,10:18:54,21.87,24051,11,买盘
926,10:18:57,21.86,144286,66,卖盘
927,10:19:00,21.85,113670,52,卖盘
928,10:19:03,21.86,83077,38,卖盘
929,10:19:06,21.86,4372,2,买盘
930,10:19:09,21.86,10930,5,买盘
931,10:19:15,21.85,360525,165,卖盘
932,10:19:18,21.85,39331,18,卖盘
933,10:19:21,21.85,21850,10,卖盘
934,10:19:24,21.86,209856,96,买盘
935,10:19:27,21.86,32780,15,买盘
936,10:19:30,21.85,393302,180,卖盘
937,10:19:33,21.85,334305,153,卖盘
938,10:19:36,21.85,85215,39,卖盘
939,10:19:39,21.85,43700,20,卖盘
940,10:19:42,21.85,96140,44,卖盘
941,10:19:45,21.85,292793,134,卖盘
942,10:19:48,21.86,50257,23,买盘
943,10:19:51,21.86,65580,30,买盘
944,10:19:54,21.86,10930,5,买盘
945,10:20:00,21.86,10930,5,买盘
946,10:20:03,21.85,24035,11,卖盘
947,10:20:06,21.85,28408,13,卖盘
948,10:20:09,21.86,32785,15,买盘
949,10:20:12,21.86,19674,9,买盘
950,10:20:15,21.85,10925,5,卖盘
951,10:20:21,21.85,78670,36,卖盘
952,10:20:24,21.85,45885,21,卖盘
953,10:20:30,21.85,6556,3,卖盘
954,10:20:33,21.85,17480,8,卖盘
955,10:20:36,21.85,28405,13,卖盘
956,10:20:39,21.85,6555,3,卖盘
957,10:20:42,21.85,24045,11,卖盘
958,10:20:45,21.85,168266,77,卖盘
959,10:20:48,21.85,67735,31,卖盘
960,10:20:51,21.86,24043,11,买盘
961,10:20:54,21.85,21850,10,卖盘
962,10:20:57,21.85,37145,17,卖盘
963,10:21:00,21.85,113620,52,卖盘
964,10:21:03,21.85,45885,21,卖盘
965,10:21:06,21.85,91781,42,卖盘
966,10:21:09,21.86,2186,1,买盘
967,10:21:12,21.85,21855,10,卖盘
968,10:21:15,21.86,13116,6,买盘
969,10:21:18,21.84,187850,86,卖盘
970,10:21:21,21.85,87380,40,买盘
971,10:21:24,21.85,4370,2,买盘
972,10:21:27,21.84,41496,19,卖盘
973,10:21:30,21.85,87400,40,买盘
974,10:21:33,21.84,21840,10,卖盘
975,10:21:36,21.84,137592,63,卖盘
976,10:21:39,21.85,26209,12,买盘
977,10:21:42,21.84,98300,45,卖盘
978,10:21:45,21.85,13110,6,买盘
979,10:21:48,21.84,181272,83,卖盘
980,10:21:51,21.84,58968,27,买盘
981,10:21:54,21.84,2184,1,买盘
982,10:21:57,21.83,100418,46,卖盘
983,10:22:00,21.83,13100,6,卖盘
984,10:22:03,21.83,962708,441,卖盘
985,10:22:09,21.82,10910,5,卖盘
986,10:22:12,21.82,266217,122,卖盘
987,10:22:15,21.82,89462,41,卖盘
988,10:22:18,21.82,170209,78,卖盘
989,10:22:21,21.82,115659,53,卖盘
990,10:22:24,21.82,65460,30,卖盘
991,10:22:27,21.82,34924,16,卖盘
992,10:22:30,21.82,104736,48,卖盘
993,10:22:33,21.82,30548,14,卖盘
994,10:22:36,21.82,41462,19,卖盘
995,10:22:39,21.82,139650,64,卖盘
996,10:22:42,21.83,39294,18,买盘
997,10:22:45,21.82,148376,68,卖盘
998,10:22:48,21.82,63278,29,卖盘
999,10:22:51,21.82,87280,40,卖盘
1000,10:22:54,21.82,26184,12,卖盘
1001,10:22:57,21.82,130920,60,卖盘
1002,10:23:00,21.81,4363,2,卖盘
1003,10:23:03,21.82,30545,14,买盘
1004,10:23:06,21.81,479840,220,卖盘
1005,10:23:09,21.81,113429,52,卖盘
1006,10:23:12,21.81,383999,176,卖盘
1007,10:23:15,21.82,109098,50,买盘
1008,10:23:18,21.82,113427,52,卖盘
1009,10:23:21,21.82,76341,35,买盘
1010,10:23:24,21.82,32729,15,买盘
1011,10:23:27,21.81,109080,50,卖盘
1012,10:23:30,21.83,128722,59,买盘
1013,10:23:33,21.83,74214,34,买盘
1014,10:23:36,21.81,15268,7,卖盘
1015,10:23:39,21.82,355510,163,买盘
1016,10:23:42,21.83,154992,71,买盘
1017,10:23:45,21.84,17465,8,买盘
1018,10:23:48,21.83,34928,16,卖盘
1019,10:23:51,21.83,2183,1,卖盘
1020,10:23:54,21.83,6549,3,卖盘
1021,10:23:57,21.84,34934,16,买盘
1022,10:24:00,21.82,641644,294,卖盘
1023,10:24:03,21.82,28366,13,卖盘
1024,10:24:06,21.83,10911,5,买盘
1025,10:24:09,21.82,24002,11,卖盘
1026,10:24:12,21.82,8728,4,卖盘
1027,10:24:15,21.82,100377,46,卖盘
1028,10:24:18,21.82,100382,46,卖盘
1029,10:24:21,21.83,93836,43,买盘
1030,10:24:27,21.82,4364,2,卖盘
1031,10:24:30,21.82,8728,4,卖盘
1032,10:24:33,21.82,56744,26,卖盘
1033,10:24:36,21.82,26184,12,卖盘
1034,10:24:39,21.81,272676,125,卖盘
1035,10:24:45,21.82,4364,2,卖盘
1036,10:24:48,21.82,288036,132,卖盘
1037,10:24:51,21.82,4364,2,买盘
1038,10:24:54,21.82,43640,20,买盘
1039,10:24:57,21.82,122156,56,买盘
1040,10:25:00,21.82,111283,51,买盘
1041,10:25:03,21.81,115595,53,卖盘
1042,10:25:09,21.82,13092,6,买盘
1043,10:25:12,21.81,15269,7,卖盘
1044,10:25:15,21.81,34909,16,卖盘
1045,10:25:18,21.82,37087,17,买盘
1046,10:25:21,21.81,69794,32,卖盘
1047,10:25:24,21.82,113464,52,买盘
1048,10:25:27,21.82,13092,6,卖盘
1049,10:25:30,21.82,172386,79,卖盘
1050,10:25:33,21.82,19638,9,卖盘
1051,10:25:36,21.82,2182,1,卖盘
1052,10:25:42,21.82,32730,15,卖盘
1053,10:25:45,21.82,24002,11,卖盘
1054,10:25:48,21.82,21820,10,卖盘
1055,10:25:51,21.82,15274,7,买盘
1056,10:25:54,21.82,56732,26,买盘
1057,10:25:57,21.81,119993,55,卖盘
1058,10:26:00,21.81,47983,22,卖盘
1059,10:26:03,21.81,47992,22,卖盘
1060,10:26:06,21.82,163633,75,买盘
1061,10:26:09,21.82,13092,6,卖盘
1062,10:26:12,21.82,28367,13,卖盘
1063,10:26:18,21.82,34924,16,卖盘
1064,10:26:21,21.82,91647,42,卖盘
1065,10:26:24,21.83,30553,14,买盘
1066,10:26:27,21.82,126559,58,卖盘
1067,10:26:30,21.83,37110,17,买盘
1068,10:26:33,21.83,8732,4,卖盘
1069,10:26:36,21.83,50209,23,卖盘
1070,10:26:39,21.83,65461,30,买盘
1071,10:26:42,21.83,163665,75,买盘
1072,10:26:45,21.83,50209,23,买盘
1073,10:26:48,21.83,13098,6,卖盘
1074,10:26:54,21.84,10920,5,买盘
1075,10:26:57,21.83,2183,1,卖盘
1076,10:27:00,21.83,19652,9,卖盘
1077,10:27:03,21.83,30562,14,卖盘
1078,10:27:06,21.83,176822,81,卖盘
1079,10:27:09,21.83,24013,11,买盘
1080,10:27:12,21.82,26194,12,卖盘
1081,10:27:15,21.82,19639,9,卖盘
1082,10:27:18,21.82,2182,1,卖盘
1083,10:27:21,21.82,4364,2,卖盘
1084,10:27:24,21.83,202996,93,买盘
1085,10:27:27,21.83,117862,54,买盘
1086,10:27:30,21.83,67668,31,卖盘
1087,10:27:33,21.82,82930,38,卖盘
1088,10:27:39,21.83,6549,3,卖盘
1089,10:27:48,21.83,157105,72,买盘
1090,10:27:51,21.82,4364,2,卖盘
1091,10:27:54,21.83,8732,4,买盘
1092,10:27:57,21.83,28379,13,买盘
1093,10:28:00,21.82,2182,1,卖盘
1094,10:28:03,21.82,6546,3,卖盘
1095,10:28:06,21.83,109140,50,买盘
1096,10:28:09,21.82,8728,4,卖盘
1097,10:28:12,21.82,104779,48,卖盘
1098,10:28:15,21.82,65460,30,卖盘
1099,10:28:18,21.82,56732,26,卖盘
1100,10:28:21,21.82,82916,38,卖盘
1101,10:28:24,21.82,63278,29,卖盘
1102,10:28:27,21.83,63284,29,买盘
1103,10:28:30,21.83,37109,17,买盘
1104,10:28:33,21.82,21820,10,卖盘
1105,10:28:36,21.83,15281,7,买盘
1106,10:28:39,21.82,76389,35,卖盘
1107,10:28:42,21.82,10910,5,卖盘
1108,10:28:45,21.82,102555,47,卖盘
1109,10:28:48,21.82,30548,14,卖盘
1110,10:28:51,21.83,24013,11,买盘
1111,10:28:54,21.82,56744,26,卖盘
1112,10:28:57,21.83,10915,5,买盘
1113,10:29:00,21.82,28375,13,卖盘
1114,10:29:03,21.82,152786,70,卖盘
1115,10:29:06,21.83,8729,4,买盘
1116,10:29:09,21.82,63279,29,卖盘
1117,10:29:12,21.83,80749,37,买盘
1118,10:29:15,21.83,13098,6,买盘
1119,10:29:18,21.82,37094,17,卖盘
1120,10:29:21,21.82,61102,28,卖盘
1121,10:29:24,21.82,194198,89,卖盘
1122,10:29:27,21.83,189921,87,买盘
1123,10:29:30,21.83,21830,10,卖盘
1124,10:29:33,21.83,30562,14,卖盘
1125,10:29:36,21.82,17463,8,卖盘
1126,10:29:39,21.83,26194,12,买盘
1127,10:29:42,21.83,4366,2,买盘
1128,10:29:45,21.82,338215,155,卖盘
1129,10:29:48,21.83,54570,25,买盘
1130,10:29:51,21.83,24003,11,买盘
1131,10:29:54,21.83,111333,51,买盘
1132,10:29:57,21.82,98195,45,卖盘
1133,10:30:03,21.83,26186,12,买盘
1134,10:30:06,21.82,128738,59,卖盘
1135,10:30:09,21.82,43640,20,卖盘
1136,10:30:12,21.82,152740,70,卖盘
1137,10:30:15,21.83,76405,35,买盘
1138,10:30:18,21.83,26192,12,买盘
1139,10:30:24,21.82,436318,200,卖盘
1140,10:30:30,21.82,21825,10,卖盘
1141,10:30:33,21.83,24009,11,买盘
1142,10:30:36,21.82,8728,4,卖盘
1143,10:30:39,21.82,28370,13,卖盘
1144,10:30:42,21.82,2182,1,卖盘
1145,10:30:45,21.83,2183,1,买盘
1146,10:30:48,21.83,37111,17,买盘
1147,10:30:51,21.83,4365,2,买盘
1148,10:30:54,21.83,106951,49,买盘
1149,10:30:57,21.83,150597,69,买盘
1150,10:31:00,21.82,2182,1,卖盘
1151,10:31:03,21.83,141890,65,买盘
1152,10:31:06,21.83,19645,9,买盘
1153,10:31:09,21.83,4366,2,买盘
1154,10:31:12,21.83,50209,23,买盘
1155,10:31:15,21.82,72026,33,卖盘
1156,10:31:18,21.83,4366,2,买盘
1157,10:31:24,21.83,2183,1,买盘
1158,10:31:27,21.83,8731,4,买盘
1159,10:31:30,21.82,135286,62,卖盘
1160,10:31:33,21.82,6546,3,卖盘
1161,10:31:36,21.83,39294,18,买盘
1162,10:31:39,21.82,2182,1,卖盘
1163,10:31:42,21.83,4366,2,买盘
1164,10:31:48,21.83,4366,2,买盘
1165,10:31:51,21.82,26191,12,卖盘
1166,10:31:54,21.83,17464,8,买盘
1167,10:31:57,21.82,10910,5,卖盘
1168,10:32:00,21.82,26184,12,卖盘
1169,10:32:03,21.82,39278,18,卖盘
1170,10:32:06,21.83,100395,46,买盘
1171,10:32:09,21.82,89498,41,卖盘
1172,10:32:12,21.83,19647,9,卖盘
1173,10:32:18,21.83,43660,20,买盘
1174,10:32:21,21.83,17460,8,买盘
1175,10:32:24,21.83,17460,8,买盘
1176,10:32:27,21.83,72039,33,买盘
1177,10:32:30,21.83,26196,12,买盘
1178,10:32:33,21.83,19647,9,卖盘
1179,10:32:39,21.84,28381,13,买盘
1180,10:32:42,21.84,4368,2,买盘
1181,10:32:45,21.84,4368,2,买盘
1182,10:32:48,21.84,13100,6,买盘
1183,10:32:51,21.84,50232,23,买盘
1184,10:32:54,21.84,190008,87,买盘
1185,10:32:57,21.84,63336,29,买盘
1186,10:33:00,21.84,17472,8,卖盘
1187,10:33:03,21.85,78646,36,买盘
1188,10:33:06,21.85,10925,5,买盘
1189,10:33:09,21.84,26208,12,卖盘
1190,10:33:12,21.84,24034,11,卖盘
1191,10:33:15,21.85,126707,58,买盘
1192,10:33:24,21.85,43700,20,买盘
1193,10:33:27,21.85,8740,4,买盘
1194,10:33:30,21.85,45885,21,买盘
1195,10:33:33,21.85,78637,36,买盘
1196,10:33:36,21.85,48056,22,买盘
1197,10:33:39,21.85,32775,15,买盘
1198,10:33:42,21.84,15291,7,卖盘
1199,10:33:45,21.85,39322,18,买盘
1200,10:33:48,21.84,34959,16,卖盘
1201,10:33:51,21.85,32775,15,买盘
1202,10:33:54,21.85,4370,2,买盘
1203,10:33:57,21.85,2185,1,买盘
1204,10:34:00,21.84,104865,48,卖盘
1205,10:34:03,21.85,417231,191,买盘
1206,10:34:06,21.84,61156,28,卖盘
1207,10:34:09,21.85,17480,8,买盘
1208,10:34:12,21.85,273100,125,买盘
1209,10:34:15,21.85,30590,14,买盘
1210,10:34:18,21.84,2184,1,卖盘
1211,10:34:21,21.85,17480,8,买盘
1212,10:34:24,21.84,3652385,1674,卖盘
1213,10:34:27,21.82,106932,49,卖盘
1214,10:34:30,21.84,52394,24,买盘
1215,10:34:33,21.82,78552,36,卖盘
1216,10:34:36,21.81,13086,6,卖盘
1217,10:34:39,21.81,17448,8,卖盘
1218,10:34:42,21.8,484194,222,卖盘
1219,10:34:45,21.81,28351,13,买盘
1220,10:34:48,21.81,21810,10,买盘
1221,10:34:51,21.81,54523,25,买盘
1222,10:34:54,21.81,87201,40,买盘
1223,10:34:57,21.81,98145,45,买盘
1224,10:35:00,21.81,21807,10,买盘
1225,10:35:03,21.8,41421,19,卖盘
1226,10:35:06,21.81,13086,6,买盘
1227,10:35:09,21.81,58878,27,买盘
1228,10:35:12,21.81,37077,17,买盘
1229,10:35:15,21.81,106833,49,买盘
1230,10:35:18,21.81,21810,10,买盘
1231,10:35:21,21.8,69760,32,卖盘
1232,10:35:24,21.81,117774,54,买盘
1233,10:35:27,21.81,10905,5,买盘
1234,10:35:30,21.81,26175,12,卖盘
1235,10:35:33,21.81,17448,8,卖盘
1236,10:35:36,21.81,85059,39,卖盘
1237,10:35:39,21.81,28358,13,卖盘
1238,10:35:42,21.81,45801,21,卖盘
1239,10:35:45,21.81,6543,3,卖盘
1240,10:35:48,21.81,8724,4,卖盘
1241,10:35:51,21.82,13092,6,买盘
1242,10:35:54,21.82,19638,9,买盘
1243,10:35:57,21.83,71990,33,买盘
1244,10:36:00,21.82,2182,1,卖盘
1245,10:36:03,21.81,322824,148,卖盘
1246,10:36:09,21.83,91686,42,买盘
1247,10:36:12,21.82,100415,46,卖盘
1248,10:36:18,21.82,21820,10,卖盘
1249,10:36:21,21.82,26184,12,卖盘
1250,10:36:24,21.82,34914,16,买盘
1251,10:36:27,21.82,17456,8,卖盘
1252,10:36:30,21.83,26196,12,买盘
1253,10:36:33,21.83,43655,20,买盘
1254,10:36:39,21.83,45843,21,卖盘
1255,10:36:42,21.83,52392,24,卖盘
1256,10:36:45,21.83,28377,13,买盘
1257,10:36:48,21.83,45842,21,买盘
1258,10:36:51,21.83,28372,13,买盘
1259,10:36:54,21.82,4364,2,卖盘
1260,10:36:57,21.82,26184,12,卖盘
1261,10:37:00,21.82,2182,1,卖盘
1262,10:37:03,21.83,69853,32,买盘
1263,10:37:06,21.83,67671,31,买盘
1264,10:37:09,21.83,2183,1,买盘
1265,10:37:15,21.83,65490,30,买盘
1266,10:37:18,21.82,318572,146,卖盘
1267,10:37:21,21.83,21830,10,买盘
1268,10:37:27,21.82,91645,42,卖盘
1269,10:37:33,21.82,8728,4,卖盘
1270,10:37:36,21.83,2183,1,买盘
1271,10:37:39,21.82,17461,8,卖盘
1272,10:37:45,21.83,135346,62,买盘
1273,10:37:48,21.83,109150,50,卖盘
1274,10:37:51,21.84,26202,12,买盘
1275,10:37:54,21.83,6549,3,卖盘
1276,10:37:57,21.83,8732,4,卖盘
1277,10:38:00,21.82,4364,2,卖盘
1278,10:38:03,21.83,10915,5,买盘
1279,10:38:09,21.82,24011,11,卖盘
1280,10:38:12,21.83,13098,6,买盘
1281,10:38:15,21.83,19647,9,卖盘
1282,10:38:18,21.82,45823,21,卖盘
1283,10:38:21,21.82,2182,1,卖盘
1284,10:38:27,21.82,10910,5,卖盘
1285,10:38:30,21.82,54550,25,卖盘
1286,10:38:33,21.82,220382,101,卖盘
1287,10:38:39,21.81,281363,129,卖盘
1288,10:38:42,21.82,50186,23,买盘
1289,10:38:45,21.82,10910,5,卖盘
1290,10:38:48,21.83,91673,42,买盘
1291,10:38:51,21.82,113464,52,卖盘
1292,10:38:54,21.82,26184,12,卖盘
1293,10:38:57,21.82,15274,7,买盘
1294,10:39:00,21.81,246464,113,卖盘
1295,10:39:06,21.81,13086,6,卖盘
1296,10:39:12,21.81,26172,12,卖盘
1297,10:39:15,21.81,242091,111,卖盘
1298,10:39:18,21.81,30534,14,卖盘
1299,10:39:21,21.81,87258,40,卖盘
1300,10:39:24,21.81,242091,111,卖盘
1301,10:39:27,21.8,128674,59,卖盘
1302,10:39:30,21.8,23990,11,卖盘
1303,10:39:33,21.81,202765,93,买盘
1304,10:39:36,21.81,170118,78,买盘
1305,10:39:39,21.81,87240,40,卖盘
1306,10:39:42,21.82,98151,45,买盘
1307,10:39:45,21.81,4362,2,卖盘
1308,10:39:48,21.81,2181,1,卖盘
1309,10:39:51,21.82,17453,8,买盘
1310,10:40:00,21.81,50169,23,卖盘
1311,10:40:03,21.81,281349,129,卖盘
1312,10:40:06,21.8,137340,63,卖盘
1313,10:40:09,21.8,834941,383,卖盘
1314,10:40:12,21.8,374960,172,卖盘
1315,10:40:15,21.81,89388,41,买盘
1316,10:40:18,21.8,65400,30,卖盘
1317,10:40:21,21.8,47960,22,卖盘
1318,10:40:24,21.8,93759,43,卖盘
1319,10:40:27,21.8,470882,216,卖盘
1320,10:40:30,21.8,71940,33,卖盘
1321,10:40:33,21.81,584457,268,买盘
1322,10:40:36,21.8,3921820,1799,卖盘
1323,10:40:39,21.79,45764,21,卖盘
1324,10:40:42,21.8,32691,15,买盘
1325,10:40:45,21.79,869421,399,卖盘
1326,10:40:48,21.79,43580,20,卖盘
1327,10:40:51,21.79,379147,174,卖盘
1328,10:40:54,21.79,187394,86,卖盘
1329,10:40:57,21.79,61012,28,买盘
1330,10:41:00,21.79,252764,116,买盘
1331,10:41:03,21.79,67549,31,卖盘
1332,10:41:06,21.79,10895,5,卖盘
1333,10:41:09,21.79,21790,10,卖盘
1334,10:41:12,21.79,21790,10,卖盘
1335,10:41:15,21.8,472945,217,买盘
1336,10:41:18,21.79,699459,321,卖盘
1337,10:41:27,21.78,71874,33,卖盘
1338,10:41:30,21.78,15252,7,卖盘
1339,10:41:33,21.78,233046,107,卖盘
1340,10:41:36,21.78,564320,259,卖盘
1341,10:41:42,21.79,65350,30,买盘
1342,10:41:45,21.78,145926,67,卖盘
1343,10:41:48,21.79,23962,11,买盘
1344,10:41:51,21.78,113271,52,卖盘
1345,10:41:54,21.78,71874,33,卖盘
1346,10:41:57,21.78,78419,36,卖盘
1347,10:42:00,21.78,26136,12,卖盘
1348,10:42:03,21.79,91478,42,买盘
1349,10:42:06,21.78,230868,106,卖盘
1350,10:42:09,21.78,145926,67,卖盘
1351,10:42:12,21.78,65345,30,卖盘
1352,10:42:15,21.79,182957,84,买盘
1353,10:42:21,21.79,95867,44,买盘
1354,10:42:24,21.79,67549,31,买盘
1355,10:42:27,21.79,37036,17,买盘
1356,10:42:30,21.78,2178,1,卖盘
1357,10:42:33,21.78,357222,164,卖盘
1358,10:42:36,21.79,65342,30,买盘
1359,10:42:39,21.79,23964,11,买盘
1360,10:42:45,21.79,6537,3,买盘
1361,10:42:48,21.79,19611,9,买盘
1362,10:42:51,21.78,63167,29,卖盘
1363,10:42:54,21.78,10890,5,卖盘
1364,10:42:57,21.79,8716,4,买盘
1365,10:43:00,21.78,67524,31,卖盘
1366,10:43:03,21.79,45759,21,买盘
1367,10:43:06,21.79,113307,52,买盘
1368,10:43:09,21.79,98055,45,买盘
1369,10:43:12,21.78,71885,33,卖盘
1370,10:43:18,21.79,2179,1,买盘
1371,10:43:21,21.78,23964,11,卖盘
1372,10:43:24,21.78,145941,67,卖盘
1373,10:43:27,21.78,30492,14,卖盘
1374,10:43:30,21.78,2178,1,卖盘
1375,10:43:33,21.79,379146,174,买盘
1376,10:43:36,21.79,17432,8,卖盘
1377,10:43:39,21.79,26148,12,卖盘
1378,10:43:42,21.79,10895,5,卖盘
1379,10:43:45,21.79,6537,3,卖盘
1380,10:43:48,21.79,21790,10,买盘
1381,10:43:51,21.79,39222,18,买盘
1382,10:43:54,21.78,318017,146,卖盘
1383,10:43:57,21.79,39222,18,卖盘
1384,10:44:00,21.79,30506,14,卖盘
1385,10:44:03,21.79,2179,1,卖盘
1386,10:44:06,21.78,23966,11,卖盘
1387,10:44:12,21.79,47938,22,买盘
1388,10:44:18,21.79,4358,2,买盘
1389,10:44:21,21.78,23958,11,卖盘
1390,10:44:24,21.79,52288,24,买盘
1391,10:44:27,21.79,2179,1,买盘
1392,10:44:30,21.78,54473,25,卖盘
1393,10:44:33,21.79,19611,9,买盘
1394,10:44:39,21.79,108950,50,买盘
1395,10:44:42,21.78,45739,21,卖盘
1396,10:44:45,21.79,67525,31,买盘
1397,10:44:48,21.79,21790,10,买盘
1398,10:44:51,21.78,8712,4,卖盘
1399,10:44:54,21.79,4357,2,买盘
1400,10:45:00,21.79,39209,18,买盘
1401,10:45:03,21.79,26147,12,买盘
1402,10:45:06,21.78,71874,33,卖盘
1403,10:45:09,21.78,41387,19,卖盘
1404,10:45:12,21.78,257006,118,卖盘
1405,10:45:15,21.79,13074,6,买盘
1406,10:45:18,21.78,84952,39,卖盘
1407,10:45:21,21.78,121973,56,卖盘
1408,10:45:24,21.79,54453,25,买盘
1409,10:45:27,21.78,47916,22,卖盘
1410,10:45:30,21.78,4356,2,卖盘
1411,10:45:36,21.78,91476,42,卖盘
1412,10:45:39,21.79,50117,23,买盘
1413,10:45:42,21.78,47916,22,卖盘
1414,10:45:45,21.78,217850,100,卖盘
1415,10:45:48,21.78,32670,15,卖盘
1416,10:45:54,21.78,339791,156,卖盘
1417,10:46:00,21.78,10890,5,卖盘
1418,10:46:03,21.79,15252,7,买盘
1419,10:46:06,21.78,34848,16,卖盘
1420,10:46:09,21.78,45748,21,卖盘
1421,10:46:12,21.78,28315,13,卖盘
1422,10:46:15,21.78,15246,7,卖盘
1423,10:46:18,21.79,163351,75,买盘
1424,10:46:21,21.79,394221,181,买盘
1425,10:46:24,21.78,411642,189,卖盘
1426,10:46:27,21.77,97984,45,卖盘
1427,10:46:30,21.77,41363,19,卖盘
1428,10:46:33,21.78,1419508,652,买盘
1429,10:46:36,21.77,69674,32,卖盘
1430,10:46:39,21.78,39196,18,买盘
1431,10:46:42,21.78,37019,17,买盘
1432,10:46:45,21.77,304780,140,卖盘
1433,10:46:48,21.77,78372,36,卖盘
1434,10:46:51,21.77,134976,62,卖盘
1435,10:46:54,21.77,52248,24,卖盘
1436,10:46:57,21.77,206815,95,卖盘
1437,10:47:00,21.78,217800,100,买盘
1438,10:47:03,21.77,19593,9,卖盘
1439,10:47:06,21.77,45717,21,卖盘
1440,10:47:09,21.77,100142,46,卖盘
1441,10:47:12,21.77,89258,41,卖盘
1442,10:47:15,21.77,158921,73,卖盘
1443,10:47:21,21.77,476768,219,卖盘
1444,10:47:24,21.77,15239,7,卖盘
1445,10:47:27,21.77,26124,12,卖盘
1446,10:47:30,21.76,47892,22,卖盘
1447,10:47:33,21.77,41361,19,买盘
1448,10:47:36,21.77,43540,20,买盘
1449,10:47:39,21.77,37009,17,卖盘
1450,10:47:42,21.77,23937,11,买盘
1451,10:47:45,21.76,87050,40,卖盘
1452,10:47:48,21.76,34816,16,卖盘
1453,10:47:51,21.76,50048,23,卖盘
1454,10:47:54,21.76,65280,30,卖盘
1455,10:47:57,21.76,208902,96,卖盘
1456,10:48:00,21.76,56580,26,卖盘
1457,10:48:03,21.76,922625,424,卖盘
1458,10:48:06,21.77,52226,24,买盘
1459,10:48:09,21.76,226306,104,卖盘
1460,10:48:12,21.76,10880,5,卖盘
1461,10:48:15,21.76,60931,28,卖盘
1462,10:48:18,21.75,1131469,520,卖盘
1463,10:48:21,21.74,2770683,1274,卖盘
1464,10:48:24,21.73,89094,41,卖盘
1465,10:48:27,21.73,234689,108,卖盘
1466,10:48:30,21.73,173840,80,卖盘
1467,10:48:33,21.73,217306,100,卖盘
1468,10:48:36,21.73,284664,131,卖盘
1469,10:48:39,21.73,21730,10,卖盘
1470,10:48:42,21.73,34768,16,买盘
1471,10:48:45,21.73,210781,97,买盘
1472,10:48:48,21.73,134711,62,买盘
1473,10:48:51,21.72,475676,219,卖盘
1474,10:48:54,21.72,295401,136,卖盘
1475,10:48:57,21.73,219373,101,买盘
1476,10:49:00,21.72,58644,27,卖盘
1477,10:49:03,21.73,351908,162,买盘
1478,10:49:06,21.72,343210,158,卖盘
1479,10:49:09,21.72,100958,46,卖盘
1480,10:49:12,21.72,45622,21,卖盘
1481,10:49:15,21.72,26069,12,卖盘
1482,10:49:18,21.73,149872,69,买盘
1483,10:49:21,21.74,549715,253,买盘
1484,10:49:24,21.75,191318,88,买盘
1485,10:49:27,21.74,52177,24,卖盘
1486,10:49:30,21.74,97820,45,卖盘
1487,10:49:33,21.74,58698,27,卖盘
1488,10:49:39,21.73,28249,13,卖盘
1489,10:49:42,21.73,169540,78,卖盘
1490,10:49:45,21.73,28249,13,卖盘
1491,10:49:48,21.73,97839,45,卖盘
1492,10:49:51,21.76,341464,157,买盘
1493,10:49:54,21.74,126092,58,卖盘
1494,10:49:57,21.75,2175,1,买盘
1495,10:50:00,21.75,84825,39,买盘
1496,10:50:03,21.74,145685,67,卖盘
1497,10:50:06,21.75,47840,22,买盘
1498,10:50:09,21.75,67399,31,买盘
1499,10:50:12,21.74,10870,5,卖盘
1500,10:50:15,21.75,30447,14,买盘
1501,10:50:18,21.75,78266,36,买盘
1502,10:50:21,21.75,45675,21,买盘
1503,10:50:24,21.75,141375,65,买盘
1504,10:50:27,21.74,69574,32,卖盘
1505,10:50:30,21.74,115251,53,卖盘
1506,10:50:33,21.75,71752,33,买盘
1507,10:50:39,21.75,4350,2,买盘
1508,10:50:42,21.74,36963,17,卖盘
1509,10:50:45,21.74,45661,21,卖盘
1510,10:50:48,21.75,117418,54,买盘
1511,10:50:51,21.74,17392,8,卖盘
1512,10:50:54,21.74,28264,13,卖盘
1513,10:50:57,21.74,78266,36,卖盘
1514,10:51:00,21.74,8696,4,卖盘
1515,10:51:03,21.75,171751,79,买盘
1516,10:51:09,21.74,67394,31,卖盘
1517,10:51:12,21.73,26083,12,卖盘
1518,10:51:15,21.74,73916,34,买盘
1519,10:51:18,21.73,4346,2,卖盘
1520,10:51:21,21.73,341212,157,卖盘
1521,10:51:24,21.74,26088,12,买盘
1522,10:51:27,21.74,86956,40,卖盘
1523,10:51:30,21.74,73933,34,卖盘
1524,10:51:33,21.74,134788,62,卖盘
1525,10:51:36,21.74,95656,44,卖盘
1526,10:51:39,21.74,26088,12,卖盘
1527,10:51:42,21.74,26088,12,卖盘
1528,10:51:45,21.74,17390,8,买盘
1529,10:51:48,21.73,39114,18,卖盘
1530,10:51:51,21.73,52163,24,卖盘
1531,10:51:54,21.73,97785,45,卖盘
1532,10:51:57,21.73,293389,135,卖盘
1533,10:52:00,21.73,13038,6,卖盘
1534,10:52:03,21.73,10865,5,卖盘
1535,10:52:06,21.73,52159,24,卖盘
1536,10:52:09,21.74,15223,7,中性盘
1537,10:52:12,21.73,89130,41,卖盘
1538,10:52:15,21.73,795319,366,卖盘
1539,10:52:18,21.73,152110,70,买盘
1540,10:52:21,21.74,136958,63,买盘
1541,10:52:24,21.74,47828,22,卖盘
1542,10:52:27,21.74,156528,72,卖盘
1543,10:52:30,21.74,63046,29,卖盘
1544,10:52:33,21.75,15225,7,买盘
1545,10:52:36,21.74,32611,15,卖盘
1546,10:52:42,21.74,23914,11,买盘
1547,10:52:45,21.74,82592,38,买盘
1548,10:52:48,21.73,45639,21,卖盘
1549,10:52:51,21.74,10867,5,买盘
1550,10:52:54,21.73,4346,2,卖盘
1551,10:53:00,21.73,15211,7,卖盘
1552,10:53:03,21.74,15217,7,买盘
1553,10:53:09,21.74,45639,21,买盘
1554,10:53:15,21.73,71735,33,卖盘
1555,10:53:18,21.74,6522,3,买盘
1556,10:53:21,21.73,76057,35,卖盘
1557,10:53:24,21.74,45634,21,买盘
1558,10:53:27,21.73,58673,27,卖盘
1559,10:53:30,21.73,39114,18,卖盘
1560,10:53:33,21.73,89093,41,卖盘
1561,10:53:36,21.73,43460,20,卖盘
1562,10:53:39,21.73,154283,71,卖盘
1563,10:53:42,21.73,2173,1,卖盘
1564,10:53:45,21.73,99958,46,卖盘
1565,10:53:48,21.73,63024,29,卖盘
1566,10:53:51,21.74,43480,20,买盘
1567,10:53:54,21.73,54325,25,卖盘
1568,10:53:57,21.73,43460,20,卖盘
1569,10:54:00,21.73,106477,49,卖盘
1570,10:54:03,21.73,36941,17,卖盘
1571,10:54:06,21.73,10865,5,卖盘
1572,10:54:09,21.72,84743,39,卖盘
1573,10:54:15,21.73,4346,2,买盘
1574,10:54:18,21.72,2042813,941,卖盘
1575,10:54:21,21.72,28236,13,买盘
1576,10:54:24,21.71,130270,60,卖盘
1577,10:54:27,21.71,369074,170,卖盘
1578,10:54:30,21.71,877084,404,卖盘
1579,10:54:33,21.71,206245,95,卖盘
1580,10:54:36,21.71,141120,65,卖盘
1581,10:54:39,21.71,733798,338,卖盘
1582,10:54:42,21.71,254007,117,卖盘
1583,10:54:45,21.71,340852,157,卖盘
1584,10:54:48,21.71,462423,213,卖盘
1585,10:54:51,21.71,149821,69,买盘
1586,10:54:54,21.71,47770,22,卖盘
1587,10:54:57,21.7,527322,243,卖盘
1588,10:55:00,21.71,132385,61,买盘
1589,10:55:03,21.7,340742,157,卖盘
1590,10:55:06,21.71,1610186,742,买盘
1591,10:55:09,21.71,119399,55,卖盘
1592,10:55:12,21.71,65130,30,卖盘
1593,10:55:15,21.72,876393,403,买盘
1594,10:55:18,21.71,204091,94,卖盘
1595,10:55:27,21.72,28236,13,买盘
1596,10:55:30,21.71,151971,70,卖盘
1597,10:55:33,21.71,167167,77,买盘
1598,10:55:36,21.71,17369,8,卖盘
1599,10:55:42,21.71,145464,67,卖盘
1600,10:55:45,21.7,41241,19,卖盘
1601,10:55:48,21.71,21710,10,买盘
1602,10:55:51,21.71,21705,10,买盘
1603,10:55:54,21.7,30392,14,卖盘
1604,10:55:57,21.7,457931,211,卖盘
1605,10:56:00,21.7,32551,15,卖盘
1606,10:56:03,21.7,301692,139,卖盘
1607,10:56:06,21.7,10851,5,卖盘
1608,10:56:09,21.71,151950,70,买盘
1609,10:56:12,21.71,214835,99,买盘
1610,10:56:15,21.71,47754,22,买盘
1611,10:56:18,21.71,232282,107,卖盘
1612,10:56:21,21.71,23881,11,买盘
1613,10:56:24,21.7,10850,5,卖盘
1614,10:56:27,21.71,134566,62,买盘
1615,10:56:30,21.7,10853,5,卖盘
1616,10:56:33,21.71,75955,35,买盘
1617,10:56:36,21.71,154086,71,买盘
1618,10:56:42,21.71,2171,1,卖盘
1619,10:56:45,21.71,264967,122,卖盘
1620,10:56:48,21.71,121576,56,卖盘
1621,10:56:51,21.71,49933,23,卖盘
1622,10:56:54,21.71,26053,12,卖盘
1623,10:56:57,21.71,4342,2,卖盘
1624,10:57:00,21.71,41249,19,卖盘
1625,10:57:06,21.72,125939,58,买盘
1626,10:57:09,21.71,99866,46,卖盘
1627,10:57:15,21.7,134609,62,卖盘
1628,10:57:21,21.71,76004,35,卖盘
1629,10:57:24,21.71,17368,8,买盘
1630,10:57:27,21.71,8684,4,买盘
1631,10:57:33,21.71,4342,2,卖盘
1632,10:57:36,21.71,19540,9,卖盘
1633,10:57:42,21.71,60788,28,卖盘
1634,10:57:45,21.72,887654,409,买盘
1635,10:57:51,21.7,28220,13,卖盘
1636,10:57:54,21.7,86800,40,卖盘
1637,10:57:57,21.71,258237,119,买盘
1638,10:58:00,21.71,49923,23,买盘
1639,10:58:06,21.71,28223,13,买盘
1640,10:58:09,21.7,121523,56,卖盘
1641,10:58:12,21.71,52078,24,买盘
1642,10:58:21,21.7,19536,9,卖盘
1643,10:58:24,21.7,2170,1,卖盘
1644,10:58:27,21.7,54250,25,卖盘
1645,10:58:30,21.7,193130,89,卖盘
1646,10:58:33,21.69,216900,100,卖盘
1647,10:58:36,21.7,23870,11,买盘
1648,10:58:39,21.69,121483,56,卖盘
1649,10:58:42,21.68,1686903,778,卖盘
1650,10:58:48,21.67,34677,16,卖盘
1651,10:58:51,21.67,95348,44,卖盘
1652,10:58:54,21.67,173355,80,卖盘
1653,10:58:57,21.66,64986,30,卖盘
1654,10:59:00,21.67,312048,144,买盘
1655,10:59:03,21.68,1166076,538,买盘
1656,10:59:06,21.69,47672,22,买盘
1657,10:59:09,21.68,114871,53,中性盘
1658,10:59:12,21.67,28174,13,卖盘
1659,10:59:15,21.67,112694,52,卖盘
1660,10:59:18,21.68,312139,144,买盘
1661,10:59:21,21.68,45528,21,中性盘
1662,10:59:24,21.68,43360,20,卖盘
1663,10:59:30,21.68,36856,17,买盘
1664,10:59:33,21.68,117072,54,买盘
1665,10:59:36,21.68,23849,11,卖盘
1666,10:59:39,21.67,227593,105,卖盘
1667,10:59:42,21.68,54200,25,买盘
1668,10:59:45,21.68,45546,21,卖盘
1669,10:59:51,21.7,145351,67,买盘
1670,10:59:54,21.69,97615,45,卖盘
1671,10:59:57,21.71,900183,415,买盘
1672,11:00:00,21.7,2170,1,卖盘
1673,11:00:03,21.71,13022,6,买盘
1674,11:00:06,21.7,39071,18,卖盘
1675,11:00:09,21.7,73785,34,卖盘
1676,11:00:12,21.71,30394,14,买盘
1677,11:00:15,21.71,644495,297,买盘
1678,11:00:18,21.71,115063,53,买盘
1679,11:00:21,21.71,638119,294,买盘
1680,11:00:27,21.71,138944,64,卖盘
1681,11:00:30,21.71,49934,23,卖盘
1682,11:00:33,21.71,45591,21,卖盘
1683,11:00:36,21.72,4344,2,买盘
1684,11:00:39,21.72,32569,15,买盘
1685,11:00:42,21.71,49946,23,卖盘
1686,11:00:45,21.72,10860,5,买盘
1687,11:00:48,21.72,15200,7,买盘
1688,11:00:51,21.72,2172,1,买盘
1689,11:00:54,21.72,60789,28,买盘
1690,11:00:57,21.72,191136,88,买盘
1691,11:01:00,21.72,30408,14,卖盘
1692,11:01:03,21.72,125976,58,卖盘
1693,11:01:06,21.72,23892,11,中性盘
1694,11:01:15,21.73,13033,6,买盘
1695,11:01:18,21.72,43440,20,卖盘
1696,11:01:21,21.72,10860,5,买盘
1697,11:01:24,21.72,62983,29,买盘
1698,11:01:27,21.72,19548,9,卖盘
1699,11:01:30,21.73,6519,3,买盘
1700,11:01:33,21.72,2172,1,卖盘
1701,11:01:36,21.72,65160,30,卖盘
1702,11:01:39,21.73,110773,51,买盘
1703,11:01:42,21.71,21710,10,卖盘
1704,11:01:51,21.71,26055,12,卖盘
1705,11:01:54,21.71,93355,43,卖盘
1706,11:01:57,21.72,2172,1,卖盘
1707,11:02:00,21.73,139072,64,买盘
1708,11:02:03,21.73,78228,36,卖盘
1709,11:02:12,21.73,54325,25,买盘
1710,11:02:15,21.73,28249,13,买盘
1711,11:02:18,21.72,4344,2,卖盘
1712,11:02:21,21.73,10865,5,买盘
1713,11:02:24,21.73,336665,155,买盘
1714,11:02:27,21.72,28238,13,卖盘
1715,11:02:33,21.73,4346,2,买盘
1716,11:02:36,21.72,82536,38,卖盘
1717,11:02:39,21.72,139008,64,买盘
1718,11:02:45,21.71,17374,8,卖盘
1719,11:02:48,21.72,36925,17,卖盘
1720,11:02:51,21.73,52152,24,买盘
1721,11:02:54,21.72,43440,20,卖盘
1722,11:02:57,21.72,8688,4,卖盘
1723,11:03:03,21.72,21725,10,卖盘
1724,11:03:06,21.73,73857,34,买盘
1725,11:03:09,21.72,34762,16,卖盘
1726,11:03:12,21.73,123861,57,买盘
1727,11:03:15,21.73,4346,2,买盘
1728,11:03:18,21.72,10862,5,卖盘
1729,11:03:21,21.73,71709,33,买盘
1730,11:03:27,21.73,8692,4,买盘
1731,11:03:30,21.73,15211,7,买盘
1732,11:03:39,21.73,369410,170,卖盘
1733,11:03:42,21.73,8692,4,买盘
1734,11:03:45,21.72,76030,35,卖盘
1735,11:03:51,21.73,4346,2,买盘
1736,11:03:54,21.73,10865,5,买盘
1737,11:04:00,21.73,60844,28,买盘
1738,11:04:03,21.73,13038,6,买盘
1739,11:04:06,21.74,110798,51,买盘
1740,11:04:18,21.74,34781,16,买盘
1741,11:04:21,21.73,4346,2,卖盘
1742,11:04:24,21.74,13044,6,买盘
1743,11:04:27,21.74,10869,5,买盘
1744,11:04:30,21.74,10870,5,买盘
1745,11:04:33,21.74,2174,1,买盘
1746,11:04:36,21.74,86960,40,买盘
1747,11:04:39,21.74,15218,7,买盘
1748,11:04:42,21.73,28249,13,卖盘
1749,11:04:45,21.74,113047,52,买盘
1750,11:04:48,21.75,4350,2,买盘
1751,11:04:54,21.74,10872,5,卖盘
1752,11:04:57,21.75,34800,16,买盘
1753,11:05:00,21.74,21740,10,卖盘
1754,11:05:03,21.75,17400,8,买盘
1755,11:05:06,21.75,17400,8,买盘
1756,11:05:09,21.74,6524,3,卖盘
1757,11:05:12,21.76,495929,228,买盘
1758,11:05:18,21.77,41363,19,买盘
1759,11:05:27,21.77,21770,10,买盘
1760,11:05:30,21.77,8707,4,买盘
1761,11:05:33,21.77,54425,25,买盘
1762,11:05:39,21.77,10885,5,卖盘
1763,11:05:42,21.77,82731,38,卖盘
1764,11:05:45,21.77,13062,6,卖盘
1765,11:05:48,21.78,45737,21,买盘
1766,11:05:57,21.77,8708,4,卖盘
1767,11:06:00,21.77,45722,21,卖盘
1768,11:06:03,21.78,45736,21,买盘
1769,11:06:06,21.77,137173,63,卖盘
1770,11:06:09,21.76,39182,18,卖盘
1771,11:06:12,21.77,6531,3,卖盘
1772,11:06:15,21.78,470337,216,买盘
1773,11:06:18,21.77,8709,4,中性盘
1774,11:06:21,21.76,93610,43,卖盘
1775,11:06:24,21.77,17416,8,中性盘
1776,11:06:27,21.77,6532,3,卖盘
1777,11:06:30,21.77,17418,8,卖盘
1778,11:06:33,21.77,17416,8,卖盘
1779,11:06:36,21.78,26133,12,买盘
1780,11:06:39,21.77,2177,1,卖盘
1781,11:06:45,21.77,6533,3,卖盘
1782,11:06:48,21.77,21770,10,卖盘
1783,11:06:51,21.78,39201,18,买盘
1784,11:06:54,21.78,6534,3,买盘
1785,11:06:57,21.78,2178,1,买盘
1786,11:07:00,21.78,10890,5,买盘
1787,11:07:03,21.78,21780,10,买盘
1788,11:07:06,21.78,50094,23,买盘
1789,11:07:12,21.78,76216,35,买盘
1790,11:07:15,21.78,21780,10,买盘
1791,11:07:18,21.78,30492,14,买盘
1792,11:07:21,21.78,78408,36,卖盘
1793,11:07:24,21.78,4356,2,中性盘
1794,11:07:27,21.77,30479,14,卖盘
1795,11:07:30,21.77,23947,11,卖盘
1796,11:07:36,21.77,10885,5,卖盘
1797,11:07:39,21.77,87104,40,卖盘
1798,11:07:42,21.77,106688,49,卖盘
1799,11:07:45,21.78,4356,2,买盘
1800,11:07:48,21.77,26124,12,卖盘
1801,11:07:54,21.77,50076,23,卖盘
1802,11:07:57,21.77,8708,4,买盘
1803,11:08:00,21.77,10885,5,买盘
1804,11:08:03,21.76,47882,22,卖盘
1805,11:08:06,21.76,23936,11,卖盘
1806,11:08:09,21.76,47872,22,卖盘
1807,11:08:12,21.76,34816,16,卖盘
1808,11:08:15,21.76,21762,10,卖盘
1809,11:08:18,21.75,174004,80,卖盘
1810,11:08:21,21.75,15225,7,卖盘
1811,11:08:24,21.75,65250,30,卖盘
1812,11:08:27,21.75,13050,6,卖盘
1813,11:08:33,21.75,13045,6,买盘
1814,11:08:36,21.75,50016,23,买盘
1815,11:08:39,21.75,10875,5,买盘
1816,11:08:42,21.75,213146,98,买盘
1817,11:08:45,21.76,58736,27,买盘
1818,11:08:51,21.76,8704,4,卖盘
1819,11:08:57,21.77,326528,150,买盘
1820,11:09:00,21.77,45732,21,中性盘
1821,11:09:03,21.79,6537,3,买盘
1822,11:09:06,21.79,599225,275,买盘
1823,11:09:09,21.79,17432,8,卖盘
1824,11:09:15,21.8,26160,12,买盘
1825,11:09:18,21.79,113358,52,卖盘
1826,11:09:21,21.8,2180,1,买盘
1827,11:09:24,21.8,43584,20,买盘
1828,11:09:27,21.8,15258,7,买盘
1829,11:09:33,21.8,19618,9,买盘
1830,11:09:36,21.8,8720,4,买盘
1831,11:09:39,21.79,61016,28,卖盘
1832,11:09:42,21.8,10900,5,买盘
1833,11:09:45,21.79,8716,4,卖盘
1834,11:09:48,21.8,100280,46,买盘
1835,11:09:57,21.79,28328,13,卖盘
1836,11:10:00,21.8,2180,1,买盘
1837,11:10:03,21.79,2179,1,卖盘
1838,11:10:06,21.79,15255,7,卖盘
1839,11:10:09,21.81,385546,177,买盘
1840,11:10:12,21.81,54525,25,买盘
1841,11:10:15,21.8,17446,8,卖盘
1842,11:10:18,21.8,47969,22,卖盘
1843,11:10:21,21.82,50163,23,买盘
1844,11:10:24,21.81,19629,9,卖盘
1845,11:10:27,21.81,43620,20,卖盘
1846,11:10:30,21.81,4362,2,买盘
1847,11:10:36,21.81,2181,1,买盘
1848,11:10:39,21.81,32715,15,买盘
1849,11:10:42,21.8,37070,17,卖盘
1850,11:10:45,21.81,2181,1,买盘
1851,11:10:51,21.81,26162,12,买盘
1852,11:10:57,21.81,76335,35,买盘
1853,11:11:03,21.81,10905,5,卖盘
1854,11:11:06,21.82,2182,1,买盘
1855,11:11:09,21.82,4364,2,买盘
1856,11:11:12,21.82,45822,21,买盘
1857,11:11:15,21.82,21820,10,买盘
1858,11:11:18,21.81,124327,57,卖盘
1859,11:11:24,21.82,10908,5,买盘
1860,11:11:27,21.82,8728,4,买盘
1861,11:11:30,21.82,183288,84,买盘
1862,11:11:33,21.82,74173,34,买盘
1863,11:11:36,21.82,4364,2,买盘
1864,11:11:42,21.82,185469,85,买盘
1865,11:11:45,21.82,76361,35,买盘
1866,11:11:48,21.82,10910,5,卖盘
1867,11:11:51,21.82,21820,10,卖盘
1868,11:11:54,21.82,10910,5,买盘
1869,11:12:03,21.81,54540,25,卖盘
1870,11:12:06,21.82,43632,20,买盘
1871,11:12:12,21.81,28353,13,卖盘
1872,11:12:15,21.82,4364,2,买盘
1873,11:12:24,21.82,24002,11,买盘
1874,11:12:27,21.82,54537,25,买盘
1875,11:12:33,21.81,104692,48,卖盘
1876,11:12:36,21.81,17448,8,卖盘
1877,11:12:39,21.82,15274,7,买盘
1878,11:12:42,21.82,6546,3,买盘
1879,11:12:45,21.82,17456,8,买盘
1880,11:12:48,21.82,2182,1,买盘
1881,11:12:51,21.82,2182,1,买盘
1882,11:12:57,21.82,6546,3,买盘
1883,11:13:00,21.82,13092,6,买盘
1884,11:13:03,21.82,2182,1,买盘
1885,11:13:06,21.83,17464,8,买盘
1886,11:13:09,21.83,4366,2,买盘
1887,11:13:15,21.82,24002,11,卖盘
1888,11:13:18,21.83,21830,10,买盘
1889,11:13:21,21.82,41458,19,卖盘
1890,11:13:24,21.82,13093,6,卖盘
1891,11:13:27,21.83,10912,5,买盘
1892,11:13:30,21.82,13092,6,买盘
1893,11:13:33,21.82,67642,31,买盘
1894,11:13:36,21.82,32730,15,买盘
1895,11:13:42,21.82,4364,2,买盘
1896,11:13:45,21.82,10910,5,买盘
1897,11:13:48,21.81,39263,18,卖盘
1898,11:13:51,21.81,32725,15,卖盘
1899,11:13:54,21.81,276989,127,卖盘
1900,11:13:57,21.83,218288,100,买盘
1901,11:14:03,21.8,170082,78,卖盘
1902,11:14:06,21.82,161468,74,卖盘
1903,11:14:09,21.81,26172,12,卖盘
1904,11:14:12,21.82,10910,5,买盘
1905,11:14:18,21.82,21820,10,买盘
1906,11:14:21,21.82,6546,3,买盘
1907,11:14:30,21.81,226824,104,卖盘
1908,11:14:33,21.81,47982,22,买盘
1909,11:14:36,21.82,606319,278,买盘
1910,11:14:39,21.82,13092,6,买盘
1911,11:14:42,21.82,13092,6,买盘
1912,11:14:45,21.82,4364,2,买盘
1913,11:14:51,21.82,13092,6,买盘
1914,11:14:54,21.82,19638,9,买盘
1915,11:14:57,21.81,10905,5,卖盘
1916,11:15:00,21.81,63254,29,卖盘
1917,11:15:03,21.83,222653,102,买盘
1918,11:15:12,21.83,15281,7,买盘
1919,11:15:15,21.83,41477,19,买盘
1920,11:15:18,21.82,15279,7,卖盘
1921,11:15:21,21.83,6549,3,买盘
1922,11:15:27,21.83,6549,3,买盘
1923,11:15:30,21.83,2183,1,买盘
1924,11:15:33,21.83,4366,2,买盘
1925,11:15:39,21.83,6549,3,买盘
1926,11:15:45,21.83,6549,3,买盘
1927,11:15:51,21.82,6546,3,卖盘
1928,11:15:54,21.82,26184,12,卖盘
1929,11:15:57,21.82,19638,9,卖盘
1930,11:16:00,21.82,96038,44,卖盘
1931,11:16:03,21.82,21820,10,买盘
1932,11:16:06,21.82,2182,1,买盘
1933,11:16:09,21.82,21820,10,买盘
1934,11:16:15,21.82,24002,11,卖盘
1935,11:16:18,21.82,54550,25,卖盘
1936,11:16:21,21.82,8728,4,卖盘
1937,11:16:24,21.82,8728,4,卖盘
1938,11:16:27,21.82,61096,28,卖盘
1939,11:16:30,21.83,21830,10,买盘
1940,11:16:33,21.83,17462,8,买盘
1941,11:16:36,21.84,364577,167,买盘
1942,11:16:39,21.84,37123,17,买盘
1943,11:16:42,21.85,43697,20,买盘
1944,11:16:48,21.85,28405,13,买盘
1945,11:16:51,21.86,100543,46,买盘
1946,11:16:54,21.86,2186,1,买盘
1947,11:16:57,21.85,192280,88,卖盘
1948,11:17:00,21.85,115772,53,买盘
1949,11:17:06,21.84,21840,10,买盘
1950,11:17:09,21.84,54600,25,卖盘
1951,11:17:12,21.84,30576,14,买盘
1952,11:17:15,21.83,13100,6,卖盘
1953,11:17:18,21.84,48028,22,买盘
1954,11:17:24,21.82,100425,46,卖盘
1955,11:17:27,21.84,34944,16,买盘
1956,11:17:30,21.82,8728,4,卖盘
1957,11:17:36,21.82,19638,9,买盘
1958,11:17:39,21.81,21819,10,卖盘
1959,11:17:48,21.81,17454,8,卖盘
1960,11:17:51,21.82,17456,8,中性盘
1961,11:17:57,21.82,13092,6,卖盘
1962,11:18:03,21.82,21820,10,买盘
1963,11:18:09,21.82,24002,11,卖盘
1964,11:18:18,21.83,24012,11,买盘
1965,11:18:21,21.82,56732,26,卖盘
1966,11:18:24,21.82,2182,1,卖盘
1967,11:18:27,21.82,2182,1,卖盘
1968,11:18:30,21.82,41458,19,卖盘
1969,11:18:39,21.82,28366,13,卖盘
1970,11:18:48,21.81,6543,3,卖盘
1971,11:18:51,21.82,10910,5,买盘
1972,11:18:54,21.82,21820,10,买盘
1973,11:19:06,21.81,41439,19,卖盘
1974,11:19:15,21.82,23997,11,买盘
1975,11:19:21,21.82,4364,2,买盘
1976,11:19:24,21.82,10910,5,买盘
1977,11:19:27,21.82,6546,3,买盘
1978,11:19:33,21.82,13092,6,买盘
1979,11:19:36,21.81,6543,3,卖盘
1980,11:19:42,21.82,65460,30,买盘
1981,11:19:45,21.82,2182,1,买盘
1982,11:19:48,21.82,15274,7,卖盘
1983,11:20:00,21.82,21820,10,卖盘
1984,11:20:06,21.82,63278,29,卖盘
1985,11:20:12,21.82,120010,55,卖盘
1986,11:20:15,21.81,21819,10,卖盘
1987,11:20:24,21.81,43620,20,卖盘
1988,11:20:30,21.81,28353,13,卖盘
1989,11:20:36,21.81,8724,4,卖盘
1990,11:20:39,21.82,4364,2,买盘
1991,11:20:48,21.82,61070,28,买盘
1992,11:20:51,21.82,165832,76,买盘
1993,11:20:54,21.81,21819,10,卖盘
1994,11:21:00,21.81,8724,4,卖盘
1995,11:21:12,21.81,10905,5,卖盘
1996,11:21:15,21.81,6543,3,卖盘
1997,11:21:18,21.81,6543,3,卖盘
1998,11:21:24,21.81,21810,10,卖盘
1999,11:21:27,21.81,6543,3,卖盘
2000,11:21:30,21.82,4364,2,买盘
2001,11:21:42,21.82,10910,5,买盘
2002,11:21:45,21.81,21810,10,卖盘
2003,11:21:48,21.81,23991,11,卖盘
2004,11:21:54,21.81,95964,44,卖盘
2005,11:21:57,21.81,87240,40,中性盘
2006,11:22:00,21.81,15267,7,买盘
2007,11:22:12,21.81,21810,10,卖盘
2008,11:22:15,21.81,15267,7,卖盘
2009,11:22:21,21.8,2180,1,卖盘
2010,11:22:24,21.8,2180,1,卖盘
2011,11:22:27,21.8,39241,18,卖盘
2012,11:22:30,21.8,39240,18,卖盘
2013,11:22:36,21.8,41420,19,卖盘
2014,11:22:39,21.8,34882,16,卖盘
2015,11:22:45,21.8,2180,1,卖盘
2016,11:22:48,21.81,21810,10,买盘
2017,11:22:51,21.81,69766,32,买盘
2018,11:22:54,21.8,6540,3,卖盘
2019,11:22:57,21.81,4362,2,买盘
2020,11:23:03,21.8,13080,6,卖盘
2021,11:23:12,21.8,71949,33,卖盘
2022,11:23:15,21.8,41420,19,卖盘
2023,11:23:18,21.8,4360,2,卖盘
2024,11:23:21,21.8,10900,5,卖盘
2025,11:23:24,21.81,6543,3,买盘
2026,11:23:36,21.81,2181,1,买盘
2027,11:23:39,21.81,4362,2,买盘
2028,11:23:42,21.8,61053,28,卖盘
2029,11:23:48,21.8,15260,7,卖盘
2030,11:23:51,21.8,32700,15,卖盘
2031,11:23:54,21.8,50140,23,卖盘
2032,11:23:57,21.81,26171,12,买盘
2033,11:24:00,21.81,6543,3,买盘
2034,11:24:03,21.8,122080,56,卖盘
2035,11:24:06,21.8,45791,21,卖盘
2036,11:24:09,21.81,30534,14,买盘
2037,11:24:15,21.8,78480,36,卖盘
2038,11:24:18,21.81,58861,27,买盘
2039,11:24:21,21.81,6543,3,买盘
2040,11:24:24,21.81,61052,28,买盘
2041,11:24:27,21.81,50163,23,买盘
2042,11:24:30,21.8,4360,2,卖盘
2043,11:24:33,21.8,34880,16,卖盘
2044,11:24:39,21.81,28345,13,买盘
2045,11:24:45,21.8,10900,5,卖盘
2046,11:24:54,21.81,10905,5,买盘
2047,11:24:57,21.8,21802,10,卖盘
2048,11:25:00,21.8,2180,1,卖盘
2049,11:25:06,21.8,43600,20,卖盘
2050,11:25:15,21.81,2181,1,买盘
2051,11:25:18,21.81,10902,5,买盘
2052,11:25:21,21.81,8723,4,买盘
2053,11:25:24,21.8,13080,6,卖盘
2054,11:25:33,21.8,13080,6,卖盘
2055,11:25:36,21.8,21800,10,卖盘
2056,11:25:51,21.8,23980,11,卖盘
2057,11:26:00,21.8,30520,14,卖盘
2058,11:26:06,21.8,10900,5,卖盘
2059,11:26:09,21.8,6540,3,卖盘
2060,11:26:12,21.8,220180,101,卖盘
2061,11:26:15,21.8,178760,82,卖盘
2062,11:26:18,21.8,431640,198,卖盘
2063,11:26:21,21.78,363870,167,卖盘
2064,11:26:27,21.8,28332,13,买盘
2065,11:26:42,21.79,10898,5,卖盘
2066,11:26:45,21.78,2178,1,卖盘
2067,11:26:54,21.78,13068,6,卖盘
2068,11:26:57,21.79,47930,22,买盘
2069,11:27:03,21.79,56654,26,买盘
2070,11:27:06,21.79,4358,2,卖盘
2071,11:27:09,21.8,13080,6,买盘
2072,11:27:12,21.79,6537,3,卖盘
2073,11:27:15,21.8,13080,6,买盘
2074,11:27:18,21.79,30506,14,卖盘
2075,11:27:21,21.8,433797,199,买盘
2076,11:27:24,21.79,100262,46,卖盘
2077,11:27:36,21.8,10900,5,卖盘
2078,11:27:39,21.8,21800,10,卖盘
2079,11:27:42,21.8,15260,7,卖盘
2080,11:27:51,21.8,4360,2,买盘
2081,11:27:54,21.79,8716,4,卖盘
2082,11:27:57,21.8,37060,17,买盘
2083,11:28:00,21.79,21790,10,卖盘
2084,11:28:03,21.79,13074,6,卖盘
2085,11:28:12,21.8,78480,36,买盘
2086,11:28:15,21.8,17440,8,卖盘
2087,11:28:21,21.8,8720,4,卖盘
2088,11:28:24,21.8,13080,6,卖盘
2089,11:28:27,21.81,52343,24,买盘
2090,11:28:36,21.81,132981,61,买盘
2091,11:28:39,21.81,26172,12,买盘
2092,11:28:48,21.81,54525,25,买盘
2093,11:28:54,21.81,39250,18,买盘
2094,11:28:57,21.8,56680,26,卖盘
2095,11:29:06,21.8,26160,12,卖盘
2096,11:29:12,21.79,19611,9,卖盘
2097,11:29:18,21.8,117720,54,买盘
2098,11:29:24,21.81,6542,3,买盘
2099,11:29:27,21.81,4362,2,买盘
2100,11:29:30,21.81,28343,13,买盘
2101,11:29:33,21.81,4362,2,买盘
2102,11:29:36,21.81,4362,2,买盘
2103,11:29:42,21.81,165756,76,买盘
2104,11:29:45,21.8,355489,163,卖盘
2105,11:29:48,21.81,2181,1,卖盘
2106,11:29:54,21.82,2182,1,买盘
2107,13:00:00,21.8,189700,87,卖盘
2108,13:00:03,21.81,693283,318,买盘
2109,13:00:06,21.8,63220,29,卖盘
2110,13:00:09,21.8,10900,5,买盘
2111,13:00:12,21.79,65370,30,卖盘
2112,13:00:15,21.8,67580,31,买盘
2113,13:00:18,21.79,69728,32,卖盘
2114,13:00:21,21.79,34864,16,卖盘
2115,13:00:24,21.79,26148,12,买盘
2116,13:00:27,21.79,32696,15,卖盘
2117,13:00:30,21.79,45757,21,卖盘
2118,13:00:36,21.78,311454,143,卖盘
2119,13:00:39,21.78,19602,9,卖盘
2120,13:00:42,21.78,106722,49,卖盘
2121,13:00:45,21.77,28301,13,卖盘
2122,13:00:48,21.78,4356,2,买盘
2123,13:00:51,21.77,15239,7,卖盘
2124,13:00:54,21.77,30478,14,卖盘
2125,13:01:00,21.77,241647,111,卖盘
2126,13:01:03,21.75,204520,94,卖盘
2127,13:01:15,21.76,30470,14,卖盘
2128,13:01:18,21.77,4354,2,买盘
2129,13:01:21,21.77,417804,192,买盘
2130,13:01:27,21.76,4352,2,卖盘
2131,13:01:30,21.76,47884,22,卖盘
2132,13:01:36,21.76,26112,12,卖盘
2133,13:01:39,21.76,13056,6,买盘
2134,13:01:45,21.76,15232,7,买盘
2135,13:01:48,21.75,17405,8,卖盘
2136,13:01:51,21.76,15232,7,中性盘
2137,13:01:54,21.76,6528,3,卖盘
2138,13:01:57,21.76,2176,1,买盘
2139,13:02:00,21.74,995895,458,卖盘
2140,13:02:03,21.74,28262,13,卖盘
2141,13:02:06,21.73,8692,4,卖盘
2142,13:02:12,21.73,30422,14,卖盘
2143,13:02:15,21.73,39114,18,卖盘
2144,13:02:18,21.74,19566,9,买盘
2145,13:02:21,21.74,10870,5,买盘
2146,13:02:30,21.73,32595,15,卖盘
2147,13:02:33,21.73,2173,1,卖盘
2148,13:02:42,21.74,97830,45,买盘
2149,13:02:45,21.74,32609,15,买盘
2150,13:02:48,21.74,8696,4,中性盘
2151,13:02:51,21.73,32605,15,卖盘
2152,13:02:54,21.73,19557,9,卖盘
2153,13:02:57,21.73,4346,2,卖盘
2154,13:03:00,21.73,39121,18,卖盘
2155,13:03:03,21.73,47806,22,卖盘
2156,13:03:09,21.75,32625,15,买盘
2157,13:03:12,21.73,82597,38,卖盘
2158,13:03:15,21.73,65200,30,卖盘
2159,13:03:18,21.73,158629,73,卖盘
2160,13:03:27,21.74,21733,10,买盘
2161,13:03:30,21.72,84732,39,卖盘
2162,13:03:33,21.72,21720,10,卖盘
2163,13:03:39,21.73,28248,13,买盘
2164,13:03:45,21.73,21730,10,卖盘
2165,13:03:48,21.74,13039,6,买盘
2166,13:03:51,21.73,60844,28,卖盘
2167,13:03:54,21.72,173838,80,卖盘
2168,13:03:57,21.73,2173,1,买盘
2169,13:04:00,21.72,80386,37,卖盘
2170,13:04:03,21.75,358694,165,买盘
2171,13:04:06,21.75,4350,2,买盘
2172,13:04:09,21.75,117429,54,买盘
2173,13:04:12,21.75,89175,41,卖盘
2174,13:04:18,21.76,200186,92,买盘
2175,13:04:21,21.75,67427,31,卖盘
2176,13:04:24,21.77,8708,4,买盘
2177,13:04:30,21.76,6528,3,卖盘
2178,13:04:33,21.76,84864,39,卖盘
2179,13:04:36,21.76,17408,8,买盘
2180,13:04:39,21.76,8704,4,买盘
2181,13:04:42,21.76,2176,1,买盘
2182,13:04:45,21.75,28275,13,卖盘
2183,13:04:48,21.75,26100,12,卖盘
2184,13:04:51,21.75,28275,13,卖盘
2185,13:04:54,21.76,10880,5,买盘
2186,13:04:57,21.76,43520,20,买盘
2187,13:05:03,21.76,28288,13,卖盘
2188,13:05:06,21.75,202275,93,卖盘
2189,13:05:09,21.74,6524,3,卖盘
2190,13:05:12,21.75,2175,1,买盘
2191,13:05:18,21.74,71742,33,卖盘
2192,13:05:24,21.73,26084,12,卖盘
2193,13:05:27,21.74,2174,1,买盘
2194,13:05:30,21.73,78241,36,卖盘
2195,13:05:36,21.74,6522,3,卖盘
2196,13:05:39,21.74,23914,11,卖盘
2197,13:05:48,21.73,4346,2,卖盘
2198,13:05:51,21.73,54325,25,卖盘
2199,13:05:54,21.74,52176,24,买盘
2200,13:05:57,21.74,4348,2,买盘
2201,13:06:00,21.73,302060,139,卖盘
2202,13:06:03,21.73,41287,19,买盘
2203,13:06:06,21.73,395486,182,买盘
2204,13:06:15,21.74,10870,5,卖盘
2205,13:06:21,21.74,10870,5,卖盘
2206,13:06:27,21.74,8696,4,买盘
2207,13:06:33,21.74,4348,2,买盘
2208,13:06:36,21.73,158629,73,卖盘
2209,13:06:45,21.73,47806,22,买盘
2210,13:06:48,21.72,4344,2,卖盘
2211,13:06:54,21.73,49979,23,买盘
2212,13:06:57,21.72,28236,13,卖盘
2213,13:07:00,21.73,56498,26,买盘
2214,13:07:03,21.73,15208,7,买盘
2215,13:07:09,21.73,328219,151,买盘
2216,13:07:15,21.75,67395,31,买盘
2217,13:07:27,21.74,26088,12,卖盘
2218,13:07:30,21.74,4348,2,买盘
2219,13:07:33,21.74,10870,5,买盘
2220,13:07:36,21.74,17391,8,买盘
2221,13:07:39,21.74,21740,10,买盘
2222,13:07:42,21.73,113000,52,卖盘
2223,13:07:45,21.74,23904,11,买盘
2224,13:07:51,21.73,10865,5,卖盘
2225,13:07:54,21.73,2173,1,卖盘
2226,13:08:00,21.74,36951,17,买盘
2227,13:08:03,21.74,8694,4,买盘
2228,13:08:09,21.73,6519,3,卖盘
2229,13:08:12,21.74,15218,7,中性盘
2230,13:08:18,21.74,10870,5,买盘
2231,13:08:21,21.73,23903,11,卖盘
2232,13:08:30,21.73,2173,1,卖盘
2233,13:08:33,21.74,36943,17,买盘
2234,13:08:36,21.74,30433,14,买盘
2235,13:08:39,21.74,32610,15,买盘
2236,13:08:42,21.73,223821,103,卖盘
2237,13:08:45,21.74,6522,3,买盘
2238,13:08:48,21.74,69568,32,买盘
2239,13:08:51,21.73,78231,36,卖盘
2240,13:08:54,21.74,19566,9,买盘
2241,13:08:57,21.73,119515,55,卖盘
2242,13:09:00,21.74,113033,52,买盘
2243,13:09:03,21.74,182579,84,买盘
2244,13:09:06,21.74,4348,2,卖盘
2245,13:09:12,21.74,84786,39,卖盘
2246,13:09:15,21.75,67408,31,买盘
2247,13:09:18,21.75,108750,50,买盘
2248,13:09:21,21.75,34800,16,买盘
2249,13:09:24,21.74,4348,2,卖盘
2250,13:09:27,21.74,26090,12,卖盘
2251,13:09:30,21.74,19566,9,卖盘
2252,13:09:33,21.75,10875,5,买盘
2253,13:09:39,21.74,21740,10,卖盘
2254,13:09:42,21.76,106579,49,买盘
2255,13:09:45,21.76,32640,15,买盘
2256,13:09:54,21.76,26102,12,买盘
2257,13:09:57,21.75,4350,2,卖盘
2258,13:10:00,21.76,43520,20,买盘
2259,13:10:03,21.76,30464,14,买盘
2260,13:10:09,21.76,41344,19,卖盘
2261,13:10:15,21.77,108850,50,买盘
2262,13:10:18,21.77,30478,14,卖盘
2263,13:10:21,21.77,2177,1,卖盘
2264,13:10:27,21.77,30478,14,卖盘
2265,13:10:33,21.77,2177,1,买盘
2266,13:10:39,21.77,30478,14,买盘
2267,13:10:42,21.77,156673,72,买盘
2268,13:10:45,21.77,2177,1,买盘
2269,13:10:51,21.77,102299,47,买盘
2270,13:10:54,21.77,19593,9,买盘
2271,13:11:00,21.78,13068,6,买盘
2272,13:11:03,21.78,4356,2,买盘
2273,13:11:06,21.77,187222,86,卖盘
2274,13:11:09,21.76,143592,66,卖盘
2275,13:11:21,21.76,2176,1,买盘
2276,13:11:42,21.75,34800,16,卖盘
2277,13:11:45,21.75,6525,3,卖盘
2278,13:11:57,21.75,15225,7,卖盘
2279,13:12:00,21.75,30450,14,卖盘
2280,13:12:03,21.75,56557,26,卖盘
2281,13:12:06,21.75,15225,7,卖盘
2282,13:12:09,21.75,4350,2,卖盘
2283,13:12:15,21.75,15225,7,卖盘
2284,13:12:18,21.76,47867,22,买盘
2285,13:12:21,21.75,32625,15,卖盘
2286,13:12:24,21.75,13050,6,卖盘
2287,13:12:27,21.76,21760,10,买盘
2288,13:12:30,21.76,65280,30,买盘
2289,13:12:33,21.75,4350,2,卖盘
2290,13:12:45,21.75,2175,1,卖盘
2291,13:12:51,21.75,113103,52,卖盘
2292,13:12:54,21.75,39158,18,卖盘
2293,13:12:57,21.76,47859,22,买盘
2294,13:13:00,21.75,13051,6,卖盘
2295,13:13:03,21.75,26100,12,卖盘
2296,13:13:06,21.75,10875,5,卖盘
2297,13:13:12,21.75,10875,5,卖盘
2298,13:13:15,21.76,19580,9,买盘
2299,13:13:18,21.75,21750,10,卖盘
2300,13:13:24,21.76,26109,12,买盘
2301,13:13:36,21.76,4352,2,买盘
2302,13:13:39,21.76,13051,6,买盘
2303,13:13:42,21.76,21760,10,买盘
2304,13:13:45,21.76,4352,2,买盘
2305,13:13:48,21.76,10880,5,买盘
2306,13:13:54,21.77,10885,5,买盘
2307,13:13:57,21.76,13056,6,卖盘
2308,13:14:00,21.77,84891,39,买盘
2309,13:14:03,21.74,354616,163,卖盘
2310,13:14:12,21.75,50025,23,买盘
2311,13:14:15,21.75,15225,7,卖盘
2312,13:14:18,21.75,10875,5,卖盘
2313,13:14:21,21.76,19584,9,买盘
2314,13:14:24,21.75,47855,22,卖盘
2315,13:14:27,21.75,19575,9,卖盘
2316,13:14:30,21.76,715634,329,买盘
2317,13:14:33,21.76,8704,4,买盘
2318,13:14:36,21.75,4350,2,卖盘
2319,13:14:39,21.75,28275,13,卖盘
2320,13:14:42,21.75,752392,346,卖盘
2321,13:14:45,21.75,36975,17,买盘
2322,13:14:51,21.74,2174,1,卖盘
2323,13:14:57,21.74,15218,7,卖盘
2324,13:15:00,21.74,4348,2,卖盘
2325,13:15:12,21.73,106477,49,卖盘
2326,13:15:18,21.74,56504,26,买盘
2327,13:15:21,21.73,52171,24,卖盘
2328,13:15:24,21.74,6522,3,买盘
2329,13:15:30,21.74,69568,32,卖盘
2330,13:15:33,21.74,23909,11,卖盘
2331,13:15:36,21.74,19566,9,中性盘
2332,13:15:39,21.74,36958,17,卖盘
2333,13:15:42,21.74,6522,3,卖盘
2334,13:15:45,21.74,89134,41,买盘
2335,13:15:48,21.74,19566,9,买盘
2336,13:15:51,21.73,15211,7,卖盘
2337,13:15:57,21.73,13038,6,卖盘
2338,13:16:00,21.73,91266,42,卖盘
2339,13:16:03,21.74,2174,1,买盘
2340,13:16:15,21.74,15216,7,买盘
2341,13:16:21,21.74,23910,11,买盘
2342,13:16:24,21.73,99965,46,卖盘
2343,13:16:27,21.73,8695,4,卖盘
2344,13:16:30,21.73,28249,13,卖盘
2345,13:16:36,21.73,2173,1,卖盘
2346,13:16:39,21.73,17389,8,卖盘
2347,13:16:42,21.73,199916,92,卖盘
2348,13:16:45,21.73,56498,26,卖盘
2349,13:16:51,21.72,4344,2,卖盘
2350,13:16:54,21.72,17376,8,卖盘
2351,13:16:57,21.73,26071,12,买盘
2352,13:17:00,21.72,132492,61,卖盘
2353,13:17:06,21.72,41280,19,卖盘
2354,13:17:12,21.73,21730,10,买盘
2355,13:17:21,21.72,230332,106,卖盘
2356,13:17:24,21.73,2173,1,买盘
2357,13:17:27,21.73,97783,45,买盘
2358,13:17:30,21.73,4346,2,卖盘
2359,13:17:33,21.73,23903,11,买盘
2360,13:17:36,21.72,2172,1,卖盘
2361,13:17:48,21.72,43440,20,卖盘
2362,13:17:51,21.72,82539,38,卖盘
2363,13:17:54,21.72,605988,279,卖盘
2364,13:18:00,21.72,28236,13,卖盘
2365,13:18:03,21.72,4344,2,卖盘
2366,13:18:06,21.72,8688,4,卖盘
2367,13:18:12,21.72,43440,20,卖盘
2368,13:18:15,21.73,10865,5,买盘
2369,13:18:18,21.73,78213,36,买盘
2370,13:18:24,21.73,8692,4,卖盘
2371,13:18:30,21.73,60844,28,卖盘
2372,13:18:33,21.74,8696,4,买盘
2373,13:18:36,21.73,15211,7,卖盘
2374,13:18:39,21.73,97785,45,卖盘
2375,13:18:42,21.73,17384,8,买盘
2376,13:18:45,21.73,10865,5,买盘
2377,13:18:51,21.72,86880,40,卖盘
2378,13:18:54,21.72,8688,4,卖盘
2379,13:18:57,21.72,54320,25,卖盘
2380,13:19:00,21.72,28236,13,卖盘
2381,13:19:03,21.73,115121,53,买盘
2382,13:19:06,21.72,6516,3,卖盘
2383,13:19:15,21.73,8689,4,买盘
2384,13:19:18,21.72,39096,18,卖盘
2385,13:19:21,21.72,13030,6,买盘
2386,13:19:27,21.72,10860,5,买盘
2387,13:19:30,21.71,28223,13,卖盘
2388,13:19:33,21.72,696892,321,买盘
2389,13:19:36,21.71,86840,40,卖盘
2390,13:19:39,21.71,10855,5,卖盘
2391,13:19:45,21.71,8684,4,卖盘
2392,13:19:51,21.72,4344,2,买盘
2393,13:19:54,21.72,4344,2,买盘
2394,13:19:57,21.72,60816,28,买盘
2395,13:20:06,21.72,47784,22,卖盘
2396,13:20:09,21.72,17376,8,卖盘
2397,13:20:12,21.72,10860,5,卖盘
2398,13:20:15,21.73,21721,10,买盘
2399,13:20:18,21.72,30414,14,卖盘
2400,13:20:21,21.72,141180,65,卖盘
2401,13:20:24,21.72,58644,27,卖盘
2402,13:20:30,21.71,47762,22,卖盘
2403,13:20:33,21.72,10860,5,买盘
2404,13:20:36,21.72,10860,5,买盘
2405,13:20:39,21.72,4344,2,买盘
2406,13:20:42,21.71,338681,156,卖盘
2407,13:20:45,21.71,30399,14,卖盘
2408,13:20:48,21.72,15199,7,买盘
2409,13:20:54,21.72,4344,2,买盘
2410,13:20:57,21.72,13032,6,买盘
2411,13:21:00,21.71,54275,25,卖盘
2412,13:21:03,21.72,128148,59,买盘
2413,13:21:06,21.71,173683,80,卖盘
2414,13:21:12,21.72,15202,7,买盘
2415,13:21:15,21.71,58617,27,卖盘
2416,13:21:18,21.71,56446,26,卖盘
2417,13:21:21,21.72,154142,71,买盘
2418,13:21:24,21.71,8684,4,卖盘
2419,13:21:27,21.71,6513,3,卖盘
2420,13:21:39,21.71,21710,10,买盘
2421,13:21:42,21.7,112865,52,卖盘
2422,13:21:45,21.7,844139,389,卖盘
2423,13:21:48,21.7,41236,19,卖盘
2424,13:21:51,21.71,30386,14,买盘
2425,13:21:57,21.71,13025,6,买盘
2426,13:22:03,21.71,8684,4,买盘
2427,13:22:06,21.71,56446,26,买盘
2428,13:22:09,21.71,26052,12,买盘
2429,13:22:12,21.71,123744,57,买盘
2430,13:22:18,21.71,2171,1,卖盘
2431,13:22:27,21.72,91208,42,买盘
2432,13:22:30,21.71,32565,15,卖盘
2433,13:22:33,21.71,19539,9,卖盘
2434,13:22:36,21.71,17370,8,卖盘
2435,13:22:39,21.71,132431,61,卖盘
2436,13:22:48,21.71,6513,3,卖盘
2437,13:22:51,21.71,13026,6,卖盘
2438,13:22:54,21.71,65130,30,卖盘
2439,13:23:03,21.71,54275,25,卖盘
2440,13:23:12,21.7,13020,6,卖盘
2441,13:23:21,21.71,47750,22,买盘
2442,13:23:33,21.71,8684,4,买盘
2443,13:23:39,21.7,82460,38,卖盘
2444,13:23:42,21.71,34736,16,买盘
2445,13:23:45,21.7,45570,21,卖盘
2446,13:23:48,21.71,4342,2,买盘
2447,13:23:54,21.7,6511,3,卖盘
2448,13:23:57,21.7,13020,6,卖盘
2449,13:24:00,21.7,84630,39,卖盘
2450,13:24:03,21.7,45590,21,卖盘
2451,13:24:06,21.7,6510,3,卖盘
2452,13:24:12,21.7,21703,10,卖盘
2453,13:24:15,21.7,447033,206,卖盘
2454,13:24:18,21.71,102036,47,买盘
2455,13:24:21,21.7,13023,6,卖盘
2456,13:24:24,21.71,4341,2,买盘
2457,13:24:27,21.7,212673,98,卖盘
2458,13:24:30,21.71,26052,12,买盘
2459,13:24:33,21.71,6513,3,买盘
2460,13:24:36,21.71,6513,3,买盘
2461,13:24:39,21.71,4342,2,买盘
2462,13:24:42,21.71,30394,14,买盘
2463,13:24:45,21.71,36892,17,买盘
2464,13:24:48,21.71,78147,36,买盘
2465,13:24:51,21.71,21710,10,买盘
2466,13:24:54,21.71,19538,9,买盘
2467,13:24:57,21.71,65130,30,买盘
2468,13:25:00,21.71,89011,41,买盘
2469,13:25:03,21.7,30389,14,卖盘
2470,13:25:09,21.71,60788,28,买盘
2471,13:25:12,21.71,47753,22,买盘
2472,13:25:15,21.71,26052,12,买盘
2473,13:25:18,21.71,56438,26,买盘
2474,13:25:21,21.71,23881,11,买盘
2475,13:25:24,21.71,6513,3,买盘
2476,13:25:27,21.71,17368,8,买盘
2477,13:25:30,21.72,4344,2,买盘
2478,13:25:33,21.71,4342,2,卖盘
2479,13:25:36,21.72,123759,57,买盘
2480,13:25:42,21.72,80364,37,买盘
2481,13:25:45,21.71,36914,17,卖盘
2482,13:25:48,21.72,297561,137,买盘
2483,13:25:51,21.72,45612,21,买盘
2484,13:25:54,21.72,10860,5,卖盘
2485,13:25:57,21.72,56472,26,卖盘
2486,13:26:00,21.72,45613,21,卖盘
2487,13:26:03,21.72,19548,9,卖盘
2488,13:26:06,21.73,4346,2,买盘
2489,13:26:09,21.72,86885,40,卖盘
2490,13:26:15,21.72,80364,37,卖盘
2491,13:26:18,21.72,15204,7,卖盘
2492,13:26:21,21.72,4344,2,卖盘
2493,13:26:27,21.73,10865,5,买盘
2494,13:26:30,21.73,89093,41,买盘
2495,13:26:33,21.73,41287,19,买盘
2496,13:26:36,21.72,13033,6,卖盘
2497,13:26:39,21.72,8688,4,卖盘
2498,13:26:45,21.72,10860,5,卖盘
2499,13:26:54,21.72,23902,11,卖盘
2500,13:26:57,21.72,6516,3,卖盘
2501,13:27:03,21.73,28249,13,买盘
2502,13:27:09,21.73,80401,37,买盘
2503,13:27:12,21.73,393296,181,买盘
2504,13:27:30,21.74,117396,54,买盘
2505,13:27:36,21.74,2174,1,买盘
2506,13:27:39,21.74,45653,21,买盘
2507,13:27:42,21.74,4348,2,买盘
2508,13:27:48,21.74,21740,10,卖盘
2509,13:27:51,21.74,30436,14,卖盘
2510,13:27:54,21.74,6522,3,卖盘
2511,13:27:57,21.74,52176,24,卖盘
2512,13:28:00,21.74,17392,8,买盘
2513,13:28:03,21.74,21739,10,买盘
2514,13:28:06,21.74,6522,3,卖盘
2515,13:28:09,21.74,4348,2,卖盘
2516,13:28:12,21.75,110925,51,买盘
2517,13:28:15,21.75,160950,74,卖盘
2518,13:28:18,21.75,26100,12,卖盘
2519,13:28:21,21.74,43480,20,卖盘
2520,13:28:24,21.75,21750,10,买盘
2521,13:28:27,21.75,21750,10,买盘
2522,13:28:33,21.74,47828,22,卖盘
2523,13:28:36,21.74,58698,27,卖盘
2524,13:28:39,21.75,106544,49,买盘
2525,13:28:42,21.75,67425,31,买盘
2526,13:28:48,21.75,21747,10,买盘
2527,13:28:57,21.74,134790,62,卖盘
2528,13:29:00,21.73,752132,346,卖盘
2529,13:29:03,21.74,269359,124,买盘
2530,13:29:09,21.74,2174,1,买盘
2531,13:29:15,21.74,408712,188,买盘
2532,13:29:18,21.73,45643,21,卖盘
2533,13:29:21,21.73,17379,8,买盘
2534,13:29:24,21.75,47850,22,买盘
2535,13:29:30,21.74,34795,16,中性盘
2536,13:29:33,21.74,10870,5,卖盘
2537,13:29:36,21.74,43487,20,卖盘
2538,13:29:42,21.73,6519,3,卖盘
2539,13:29:51,21.73,4346,2,卖盘
2540,13:29:57,21.73,19564,9,卖盘
2541,13:30:00,21.74,2174,1,买盘
2542,13:30:03,21.74,10870,5,买盘
2543,13:30:06,21.73,6519,3,卖盘
2544,13:30:09,21.74,45654,21,买盘
2545,13:30:15,21.74,19566,9,买盘
2546,13:30:18,21.73,23904,11,卖盘
2547,13:30:24,21.74,28262,13,卖盘
2548,13:30:30,21.74,6522,3,卖盘
2549,13:30:33,21.75,21750,10,买盘
2550,13:30:39,21.74,23914,11,卖盘
2551,13:30:51,21.74,10874,5,卖盘
2552,13:30:54,21.74,30436,14,卖盘
2553,13:30:57,21.74,2174,1,中性盘
2554,13:31:03,21.75,8700,4,买盘
2555,13:31:06,21.74,26088,12,卖盘
2556,13:31:12,21.73,6521,3,卖盘
2557,13:31:15,21.74,2174,1,买盘
2558,13:31:18,21.73,10865,5,卖盘
2559,13:31:21,21.74,158632,73,买盘
2560,13:31:24,21.73,19565,9,卖盘
2561,13:31:27,21.73,2173,1,卖盘
2562,13:31:33,21.73,4346,2,卖盘
2563,13:31:36,21.73,30422,14,卖盘
2564,13:31:39,21.73,123861,57,卖盘
2565,13:31:42,21.73,47806,22,卖盘
2566,13:31:45,21.74,26086,12,买盘
2567,13:31:48,21.73,295528,136,卖盘
2568,13:31:51,21.73,193397,89,卖盘
2569,13:31:57,21.72,10860,5,卖盘
2570,13:32:00,21.72,43440,20,卖盘
2571,13:32:06,21.73,8692,4,买盘
2572,13:32:12,21.72,43440,20,卖盘
2573,13:32:15,21.73,6519,3,买盘
2574,13:32:18,21.72,4344,2,卖盘
2575,13:32:21,21.73,15211,7,买盘
2576,13:32:24,21.72,36924,17,卖盘
2577,13:32:30,21.72,6516,3,卖盘
2578,13:32:36,21.73,17380,8,买盘
2579,13:32:39,21.73,21730,10,买盘
2580,13:32:42,21.73,6519,3,买盘
2581,13:32:45,21.72,13032,6,卖盘
2582,13:32:48,21.72,30408,14,卖盘
2583,13:32:51,21.72,15204,7,卖盘
2584,13:32:54,21.72,41268,19,卖盘
2585,13:32:57,21.72,2172,1,卖盘
2586,13:33:00,21.73,104304,48,买盘
2587,13:33:06,21.72,8689,4,卖盘
2588,13:33:12,21.72,128153,59,卖盘
2589,13:33:15,21.72,2172,1,卖盘
2590,13:33:21,21.72,10860,5,卖盘
2591,13:33:27,21.72,4344,2,卖盘
2592,13:33:30,21.72,17376,8,卖盘
2593,13:33:39,21.72,145532,67,卖盘
2594,13:33:42,21.72,17376,8,卖盘
2595,13:33:45,21.72,26064,12,卖盘
2596,13:33:48,21.72,30408,14,卖盘
2597,13:33:51,21.72,28243,13,卖盘
2598,13:33:54,21.72,4344,2,卖盘
2599,13:33:57,21.74,478090,220,买盘
2600,13:34:00,21.74,65220,30,买盘
2601,13:34:03,21.75,1193609,549,买盘
2602,13:34:06,21.76,97876,45,买盘
2603,13:34:09,21.75,2175,1,卖盘
2604,13:34:12,21.75,2175,1,卖盘
2605,13:34:18,21.76,4352,2,买盘
2606,13:34:21,21.76,71798,33,买盘
2607,13:34:24,21.75,113100,52,卖盘
2608,13:34:27,21.75,10875,5,买盘
2609,13:34:30,21.75,13050,6,买盘
2610,13:34:36,21.75,158775,73,买盘
2611,13:34:39,21.75,80475,37,买盘
2612,13:34:42,21.74,41306,19,卖盘
2613,13:34:45,21.74,69568,32,卖盘
2614,13:34:51,21.75,128325,59,买盘
2615,13:34:54,21.75,15225,7,买盘
2616,13:34:57,21.75,32625,15,买盘
2617,13:35:00,21.75,117450,54,买盘
2618,13:35:03,21.75,21750,10,买盘
2619,13:35:06,21.75,15225,7,买盘
2620,13:35:09,21.75,34800,16,买盘
2621,13:35:12,21.75,2175,1,中性盘
2622,13:35:15,21.74,17392,8,卖盘
2623,13:35:18,21.74,2174,1,卖盘
2624,13:35:21,21.74,4348,2,卖盘
2625,13:35:24,21.75,6525,3,买盘
2626,13:35:27,21.74,43488,20,卖盘
2627,13:35:30,21.76,10880,5,买盘
2628,13:35:33,21.74,43480,20,卖盘
2629,13:35:36,21.75,156544,72,中性盘
2630,13:35:39,21.74,2174,1,卖盘
2631,13:35:45,21.75,6525,3,买盘
2632,13:35:48,21.75,10875,5,买盘
2633,13:35:51,21.75,23925,11,买盘
2634,13:35:54,21.75,60900,28,卖盘
2635,13:35:57,21.76,2176,1,买盘
2636,13:36:03,21.76,21760,10,买盘
2637,13:36:09,21.76,6528,3,买盘
2638,13:36:12,21.76,8704,4,买盘
2639,13:36:15,21.75,119630,55,卖盘
2640,13:36:21,21.76,41337,19,买盘
2641,13:36:24,21.76,6528,3,买盘
2642,13:36:27,21.76,6528,3,买盘
2643,13:36:36,21.76,65252,30,买盘
2644,13:36:39,21.75,19575,9,卖盘
2645,13:36:45,21.75,4350,2,卖盘
2646,13:36:51,21.75,4350,2,卖盘
2647,13:36:54,21.76,10880,5,买盘
2648,13:36:57,21.75,154425,71,卖盘
2649,13:37:03,21.75,2175,1,卖盘
2650,13:37:06,21.76,2176,1,买盘
2651,13:37:09,21.75,87005,40,卖盘
2652,13:37:12,21.74,8697,4,卖盘
2653,13:37:21,21.75,6525,3,买盘
2654,13:37:24,21.74,13044,6,卖盘
2655,13:37:33,21.75,19567,9,买盘
2656,13:37:42,21.75,2175,1,买盘
2657,13:37:45,21.75,28270,13,买盘
2658,13:37:48,21.74,10871,5,卖盘
2659,13:37:54,21.74,13039,6,买盘
2660,13:38:00,21.74,19558,9,买盘
2661,13:38:03,21.73,143418,66,卖盘
2662,13:38:06,21.74,4348,2,买盘
2663,13:38:09,21.73,21730,10,卖盘
2664,13:38:12,21.73,156456,72,卖盘
2665,13:38:15,21.73,13038,6,卖盘
2666,13:38:21,21.73,41287,19,卖盘
2667,13:38:24,21.73,6519,3,卖盘
2668,13:38:27,21.73,2173,1,卖盘
2669,13:38:30,21.73,21730,10,卖盘
2670,13:38:33,21.74,13044,6,买盘
2671,13:38:36,21.73,49979,23,卖盘
2672,13:38:42,21.74,39124,18,买盘
2673,13:38:45,21.73,232492,107,卖盘
2674,13:38:48,21.73,4346,2,买盘
2675,13:38:51,21.72,4344,2,卖盘
2676,13:38:54,21.73,8692,4,买盘
2677,13:38:57,21.73,4346,2,买盘
2678,13:39:00,21.73,2173,1,中性盘
2679,13:39:03,21.72,112947,52,卖盘
2680,13:39:06,21.72,26072,12,卖盘
2681,13:39:12,21.73,13038,6,买盘
2682,13:39:15,21.72,23892,11,卖盘
2683,13:39:18,21.73,2173,1,买盘
2684,13:39:21,21.72,19548,9,卖盘
2685,13:39:24,21.72,19550,9,卖盘
2686,13:39:27,21.72,21720,10,卖盘
2687,13:39:30,21.72,26064,12,卖盘
2688,13:39:33,21.73,89093,41,买盘
2689,13:39:36,21.73,2173,1,卖盘
2690,13:39:39,21.73,126034,58,卖盘
2691,13:39:42,21.73,34762,16,买盘
2692,13:39:45,21.72,128148,59,卖盘
2693,13:39:48,21.73,19557,9,买盘
2694,13:39:51,21.73,15206,7,买盘
2695,13:39:54,21.72,6516,3,卖盘
2696,13:39:57,21.72,13032,6,卖盘
2697,13:40:03,21.72,2172,1,卖盘
2698,13:40:06,21.72,2172,1,卖盘
2699,13:40:09,21.72,160728,74,卖盘
2700,13:40:12,21.72,86890,40,卖盘
2701,13:40:15,21.73,6519,3,买盘
2702,13:40:21,21.73,21730,10,买盘
2703,13:40:27,21.72,76045,35,卖盘
2704,13:40:30,21.73,19550,9,买盘
2705,13:40:33,21.73,43458,20,买盘
2706,13:40:36,21.73,28242,13,买盘
2707,13:40:39,21.73,19555,9,买盘
2708,13:40:42,21.73,6519,3,买盘
2709,13:40:45,21.72,10860,5,卖盘
2710,13:40:48,21.73,2173,1,买盘
2711,13:40:51,21.73,206435,95,买盘
2712,13:41:00,21.73,121688,56,卖盘
2713,13:41:03,21.73,4346,2,卖盘
2714,13:41:09,21.73,32595,15,卖盘
2715,13:41:15,21.74,2174,1,买盘
2716,13:41:18,21.74,69537,32,买盘
2717,13:41:21,21.74,10870,5,买盘
2718,13:41:27,21.74,43480,20,买盘
2719,13:41:33,21.73,84756,39,卖盘
2720,13:41:36,21.73,26078,12,卖盘
2721,13:41:39,21.74,10870,5,买盘
2722,13:41:42,21.74,4348,2,买盘
2723,13:41:45,21.74,19566,9,买盘
2724,13:41:48,21.74,17392,8,买盘
2725,13:41:54,21.74,32610,15,买盘
2726,13:41:57,21.74,10870,5,买盘
2727,13:42:03,21.74,13044,6,买盘
2728,13:42:06,21.74,13044,6,中性盘
2729,13:42:09,21.75,6525,3,买盘
2730,13:42:12,21.74,26088,12,卖盘
2731,13:42:18,21.74,141310,65,卖盘
2732,13:42:24,21.74,2174,1,买盘
2733,13:42:33,21.74,10870,5,买盘
2734,13:42:36,21.73,4346,2,卖盘
2735,13:42:39,21.74,21740,10,买盘
2736,13:42:42,21.73,26076,12,卖盘
2737,13:42:45,21.73,6519,3,卖盘
2738,13:42:48,21.74,254358,117,买盘
2739,13:42:54,21.74,6522,3,卖盘
2740,13:42:57,21.74,6522,3,卖盘
2741,13:43:00,21.74,76090,35,卖盘
2742,13:43:06,21.74,108700,50,卖盘
2743,13:43:12,21.74,2174,1,卖盘
2744,13:43:18,21.74,58698,27,卖盘
2745,13:43:24,21.73,2173,1,卖盘
2746,13:43:33,21.74,23914,11,买盘
2747,13:43:39,21.73,406351,187,卖盘
2748,13:43:42,21.74,795476,366,买盘
2749,13:43:48,21.74,326100,150,卖盘
2750,13:43:51,21.73,15211,7,卖盘
2751,13:43:54,21.73,2173,1,卖盘
2752,13:43:57,21.73,23903,11,卖盘
2753,13:44:00,21.74,82586,38,买盘
2754,13:44:03,21.73,2173,1,卖盘
2755,13:44:09,21.73,132553,61,卖盘
2756,13:44:12,21.74,15218,7,买盘
2757,13:44:21,21.74,10870,5,买盘
2758,13:44:24,21.73,560631,258,卖盘
2759,13:44:27,21.73,158629,73,卖盘
2760,13:44:30,21.74,67394,31,买盘
2761,13:44:39,21.74,60864,28,买盘
2762,13:44:42,21.73,21730,10,卖盘
2763,13:44:48,21.73,2173,1,卖盘
2764,13:44:51,21.73,8692,4,卖盘
2765,13:44:54,21.73,65190,30,卖盘
2766,13:44:57,21.73,41287,19,卖盘
2767,13:45:00,21.73,212861,98,卖盘
2768,13:45:03,21.72,204260,94,卖盘
2769,13:45:06,21.73,2173,1,买盘
2770,13:45:15,21.72,282360,130,卖盘
2771,13:45:18,21.71,15199,7,卖盘
2772,13:45:24,21.72,210684,97,买盘
2773,13:45:27,21.72,19548,9,买盘
2774,13:45:30,21.71,128092,59,卖盘
2775,13:45:36,21.72,104242,48,买盘
2776,13:45:39,21.72,23892,11,买盘
2777,13:45:42,21.72,47782,22,买盘
2778,13:45:45,21.71,814144,375,卖盘
2779,13:45:48,21.71,10855,5,卖盘
2780,13:45:51,21.71,21710,10,卖盘
2781,13:45:54,21.71,80327,37,卖盘
2782,13:45:57,21.71,6513,3,卖盘
2783,13:46:00,21.71,308292,142,卖盘
2784,13:46:03,21.72,117242,54,买盘
2785,13:46:06,21.71,10855,5,卖盘
2786,13:46:09,21.72,829389,382,买盘
2787,13:46:12,21.72,60816,28,卖盘
2788,13:46:18,21.72,23892,11,卖盘
2789,13:46:21,21.72,49956,23,卖盘
2790,13:46:24,21.73,6519,3,买盘
2791,13:46:27,21.72,304080,140,卖盘
2792,13:46:30,21.72,10860,5,买盘
2793,13:46:36,21.72,21711,10,买盘
2794,13:46:42,21.71,32565,15,卖盘
2795,13:46:45,21.71,62963,29,卖盘
2796,13:46:48,21.71,23881,11,卖盘
2797,13:46:54,21.71,99866,46,卖盘
2798,13:46:57,21.71,15197,7,卖盘
2799,13:47:00,21.71,4342,2,卖盘
2800,13:47:06,21.71,8684,4,卖盘
2801,13:47:09,21.71,4343,2,卖盘
2802,13:47:18,21.71,141115,65,卖盘
2803,13:47:24,21.71,154209,71,卖盘
2804,13:47:30,21.71,13026,6,卖盘
2805,13:47:33,21.72,4344,2,买盘
2806,13:47:36,21.71,8687,4,卖盘
2807,13:47:39,21.72,58644,27,买盘
2808,13:47:42,21.72,136781,63,买盘
2809,13:47:45,21.72,2172,1,买盘
2810,13:47:51,21.72,15204,7,卖盘
2811,13:48:00,21.72,17376,8,卖盘
2812,13:48:06,21.72,19548,9,买盘
2813,13:48:12,21.71,13026,6,卖盘
2814,13:48:15,21.72,13027,6,买盘
2815,13:48:18,21.72,65160,30,买盘
2816,13:48:21,21.72,21720,10,买盘
2817,13:48:24,21.72,2172,1,买盘
2818,13:48:33,21.71,4342,2,卖盘
2819,13:48:39,21.71,167167,77,卖盘
2820,13:48:42,21.71,17368,8,卖盘
2821,13:48:45,21.71,195470,90,卖盘
2822,13:48:48,21.71,284401,131,卖盘
2823,13:48:51,21.71,104208,48,卖盘
2824,13:48:54,21.7,266946,123,卖盘
2825,13:48:57,21.71,17367,8,中性盘
2826,13:49:00,21.71,1803281,831,买盘
2827,13:49:03,21.71,4342,2,买盘
2828,13:49:06,21.7,10850,5,卖盘
2829,13:49:09,21.7,101995,47,卖盘
2830,13:49:15,21.7,420980,194,卖盘
2831,13:49:18,21.7,36890,17,卖盘
2832,13:49:21,21.7,21700,10,卖盘
2833,13:49:24,21.7,23870,11,卖盘
2834,13:49:27,21.71,88971,41,买盘
2835,13:49:30,21.7,39072,18,卖盘
2836,13:49:33,21.7,154073,71,卖盘
2837,13:49:39,21.71,10855,5,买盘
2838,13:49:45,21.7,112840,52,卖盘
2839,13:49:48,21.7,8680,4,买盘
2840,13:49:51,21.7,41248,19,卖盘
2841,13:49:54,21.7,190960,88,卖盘
2842,13:49:57,21.7,10850,5,卖盘
2843,13:50:00,21.7,4340,2,卖盘
2844,13:50:03,21.7,104160,48,卖盘
2845,13:50:06,21.7,110704,51,卖盘
2846,13:50:09,21.7,167090,77,卖盘
2847,13:50:12,21.7,10850,5,卖盘
2848,13:50:18,21.7,182280,84,买盘
2849,13:50:21,21.7,39060,18,买盘
2850,13:50:24,21.7,6509,3,买盘
2851,13:50:27,21.7,15190,7,买盘
2852,13:50:30,21.69,45563,21,卖盘
2853,13:50:33,21.7,6510,3,买盘
2854,13:50:36,21.69,245097,113,卖盘
2855,13:50:39,21.69,8676,4,卖盘
2856,13:50:42,21.7,93278,43,买盘
2857,13:50:45,21.69,26033,12,卖盘
2858,13:50:48,21.69,8677,4,卖盘
2859,13:50:51,21.7,8680,4,买盘
2860,13:50:54,21.69,2169,1,卖盘
2861,13:50:57,21.7,4340,2,买盘
2862,13:51:00,21.7,43400,20,买盘
2863,13:51:03,21.7,28210,13,买盘
2864,13:51:09,21.7,991690,457,买盘
2865,13:51:12,21.69,336305,155,卖盘
2866,13:51:15,21.71,78121,36,买盘
2867,13:51:18,21.7,84630,39,卖盘
2868,13:51:21,21.7,8680,4,卖盘
2869,13:51:24,21.7,62934,29,卖盘
2870,13:51:27,21.7,219161,101,卖盘
2871,13:51:30,21.7,15190,7,买盘
2872,13:51:33,21.7,49910,23,买盘
2873,13:51:36,21.7,351540,162,买盘
2874,13:51:39,21.69,214769,99,卖盘
2875,13:51:42,21.71,6513,3,买盘
2876,13:51:45,21.71,2171,1,买盘
2877,13:51:51,21.71,17362,8,买盘
2878,13:51:54,21.71,10855,5,买盘
2879,13:51:57,21.7,2170,1,卖盘
2880,13:52:00,21.7,8680,4,卖盘
2881,13:52:03,21.71,17368,8,买盘
2882,13:52:06,21.7,15190,7,卖盘
2883,13:52:09,21.7,23870,11,卖盘
2884,13:52:15,21.7,238710,110,卖盘
2885,13:52:18,21.7,78120,36,卖盘
2886,13:52:21,21.7,6510,3,买盘
2887,13:52:24,21.7,43394,20,买盘
2888,13:52:27,21.7,17360,8,卖盘
2889,13:52:30,21.7,138870,64,买盘
2890,13:52:33,21.7,4340,2,买盘
2891,13:52:36,21.7,54235,25,买盘
2892,13:52:39,21.7,43390,20,买盘
2893,13:52:42,21.69,6507,3,卖盘
2894,13:52:45,21.69,62902,29,卖盘
2895,13:52:48,21.7,6510,3,买盘
2896,13:52:51,21.69,110622,51,卖盘
2897,13:52:57,21.69,95436,44,卖盘
2898,13:53:00,21.7,15185,7,买盘
2899,13:53:03,21.7,2170,1,买盘
2900,13:53:06,21.69,45565,21,卖盘
2901,13:53:09,21.7,10850,5,买盘
2902,13:53:12,21.69,6507,3,卖盘
2903,13:53:15,21.69,655038,302,卖盘
2904,13:53:18,21.69,39047,18,卖盘
2905,13:53:21,21.7,4340,2,买盘
2906,13:53:24,21.69,2169,1,卖盘
2907,13:53:27,21.69,2169,1,卖盘
2908,13:53:30,21.7,312480,144,买盘
2909,13:53:33,21.71,21710,10,买盘
2910,13:53:36,21.7,23879,11,卖盘
2911,13:53:39,21.7,30389,14,卖盘
2912,13:53:42,21.71,36906,17,买盘
2913,13:53:45,21.7,368915,170,卖盘
2914,13:53:48,21.7,49910,23,买盘
2915,13:53:54,21.7,13020,6,卖盘
2916,13:54:00,21.7,13024,6,卖盘
2917,13:54:03,21.71,119405,55,买盘
2918,13:54:06,21.71,108550,50,卖盘
2919,13:54:09,21.71,36907,17,卖盘
2920,13:54:15,21.71,6513,3,卖盘
2921,13:54:24,21.71,154141,71,卖盘
2922,13:54:27,21.71,39077,18,买盘
2923,13:54:30,21.71,6513,3,买盘
2924,13:54:39,21.71,2171,1,买盘
2925,13:54:42,21.71,30386,14,买盘
2926,13:54:45,21.71,6513,3,买盘
2927,13:54:48,21.71,28223,13,买盘
2928,13:54:51,21.71,23875,11,买盘
2929,13:54:54,21.7,34723,16,卖盘
2930,13:54:57,21.71,4342,2,买盘
2931,13:55:00,21.71,134552,62,买盘
2932,13:55:03,21.7,71611,33,卖盘
2933,13:55:09,21.71,2171,1,买盘
2934,13:55:12,21.71,130261,60,买盘
2935,13:55:15,21.71,23880,11,买盘
2936,13:55:18,21.71,99866,46,买盘
2937,13:55:21,21.7,13020,6,卖盘
2938,13:55:27,21.71,15192,7,买盘
2939,13:55:36,21.71,23880,11,买盘
2940,13:55:39,21.71,230126,106,买盘
2941,13:55:45,21.72,30404,14,买盘
2942,13:55:48,21.71,6513,3,卖盘
2943,13:55:51,21.71,8684,4,卖盘
2944,13:55:54,21.71,112892,52,卖盘
2945,13:55:57,21.71,6513,3,买盘
2946,13:56:03,21.7,397110,183,卖盘
2947,13:56:09,21.7,184495,85,卖盘
2948,13:56:12,21.71,225784,104,买盘
2949,13:56:15,21.71,75985,35,买盘
2950,13:56:18,21.71,32565,15,卖盘
2951,13:56:21,21.71,4342,2,卖盘
2952,13:56:24,21.71,30394,14,卖盘
2953,13:56:30,21.71,8684,4,买盘
2954,13:56:33,21.71,2171,1,买盘
2955,13:56:36,21.71,4341,2,买盘
2956,13:56:39,21.71,43420,20,买盘
2957,13:56:42,21.7,71611,33,卖盘
2958,13:56:45,21.7,4340,2,卖盘
2959,13:56:48,21.71,551284,254,买盘
2960,13:56:51,21.71,15197,7,卖盘
2961,13:56:57,21.72,13032,6,买盘
2962,13:57:00,21.71,4342,2,卖盘
2963,13:57:03,21.71,60788,28,卖盘
2964,13:57:06,21.71,4342,2,买盘
2965,13:57:12,21.7,13023,6,卖盘
2966,13:57:18,21.71,21710,10,买盘
2967,13:57:24,21.71,17368,8,买盘
2968,13:57:27,21.71,82498,38,买盘
2969,13:57:30,21.7,182348,84,卖盘
2970,13:57:33,21.7,13025,6,卖盘
2971,13:57:36,21.7,112840,52,卖盘
2972,13:57:39,21.7,43400,20,卖盘
2973,13:57:45,21.71,19539,9,买盘
2974,13:57:57,21.7,258230,119,卖盘
2975,13:58:00,21.7,65100,30,卖盘
2976,13:58:03,21.7,75980,35,卖盘
2977,13:58:06,21.7,41230,19,卖盘
2978,13:58:12,21.7,117180,54,卖盘
2979,13:58:15,21.71,15197,7,买盘
2980,13:58:21,21.7,10850,5,卖盘
2981,13:58:24,21.7,108500,50,卖盘
2982,13:58:27,21.71,13021,6,买盘
2983,13:58:30,21.71,65120,30,买盘
2984,13:58:33,21.71,175847,81,买盘
2985,13:58:36,21.71,238810,110,买盘
2986,13:58:42,21.71,91182,42,卖盘
2987,13:58:48,21.71,23881,11,买盘
2988,13:58:51,21.71,15192,7,买盘
2989,13:58:54,21.71,119405,55,买盘
2990,13:58:57,21.71,2171,1,买盘
2991,13:59:00,21.71,2171,1,买盘
2992,13:59:03,21.71,8684,4,买盘
2993,13:59:06,21.71,2171,1,卖盘
2994,13:59:09,21.71,6513,3,卖盘
2995,13:59:15,21.72,10860,5,买盘
2996,13:59:18,21.72,6514,3,买盘
2997,13:59:21,21.72,4344,2,买盘
2998,13:59:24,21.72,39096,18,买盘
2999,13:59:30,21.71,41253,19,卖盘
3000,13:59:33,21.72,13032,6,买盘
3001,13:59:36,21.71,47767,22,卖盘
3002,13:59:39,21.72,56472,26,买盘
3003,13:59:42,21.72,15204,7,买盘
3004,13:59:45,21.73,219386,101,买盘
3005,13:59:48,21.72,132492,61,卖盘
3006,13:59:51,21.72,60816,28,买盘
3007,13:59:54,21.72,134664,62,买盘
3008,13:59:57,21.72,19548,9,买盘
3009,14:00:00,21.71,4342,2,卖盘
3010,14:00:03,21.73,256300,118,买盘
3011,14:00:06,21.72,191090,88,卖盘
3012,14:00:09,21.73,13038,6,买盘
3013,14:00:12,21.73,19556,9,买盘
3014,14:00:15,21.73,52152,24,买盘
3015,14:00:18,21.73,13038,6,买盘
3016,14:00:21,21.74,465037,214,买盘
3017,14:00:24,21.73,15213,7,卖盘
3018,14:00:27,21.74,34780,16,买盘
3019,14:00:33,21.74,180442,83,卖盘
3020,14:00:36,21.74,13044,6,买盘
3021,14:00:39,21.74,43480,20,买盘
3022,14:00:42,21.74,2174,1,买盘
3023,14:00:45,21.74,8696,4,买盘
3024,14:00:48,21.74,19566,9,买盘
3025,14:00:54,21.74,2174,1,买盘
3026,14:01:00,21.74,6522,3,买盘
3027,14:01:03,21.74,2174,1,买盘
3028,14:01:06,21.74,2174,1,买盘
3029,14:01:09,21.74,113000,52,买盘
3030,14:01:12,21.74,6521,3,买盘
3031,14:01:18,21.74,26088,12,买盘
3032,14:01:21,21.74,50002,23,买盘
3033,14:01:24,21.74,60872,28,买盘
3034,14:01:27,21.74,126087,58,买盘
3035,14:01:30,21.74,32610,15,买盘
3036,14:01:33,21.74,21740,10,买盘
3037,14:01:36,21.73,39122,18,卖盘
3038,14:01:39,21.73,15216,7,卖盘
3039,14:01:42,21.73,436773,201,卖盘
3040,14:01:45,21.73,4346,2,买盘
3041,14:01:48,21.73,8692,4,买盘
3042,14:01:51,21.73,6519,3,买盘
3043,14:01:54,21.73,34768,16,买盘
3044,14:01:57,21.72,17378,8,卖盘
3045,14:02:00,21.72,571236,263,卖盘
3046,14:02:03,21.72,4344,2,买盘
3047,14:02:06,21.72,49956,23,卖盘
3048,14:02:09,21.72,36924,17,卖盘
3049,14:02:12,21.72,86880,40,买盘
3050,14:02:15,21.71,4343,2,卖盘
3051,14:02:18,21.72,293220,135,买盘
3052,14:02:21,21.72,297564,137,买盘
3053,14:02:24,21.72,19548,9,买盘
3054,14:02:30,21.73,15209,7,买盘
3055,14:02:33,21.73,10865,5,买盘
3056,14:02:36,21.72,8688,4,卖盘
3057,14:02:42,21.75,4026678,1853,买盘
3058,14:02:45,21.75,2175,1,买盘
3059,14:02:48,21.75,202275,93,买盘
3060,14:02:51,21.75,43500,20,中性盘
3061,14:02:54,21.75,26100,12,买盘
3062,14:02:57,21.75,45665,21,买盘
3063,14:03:03,21.75,56550,26,买盘
3064,14:03:06,21.75,15225,7,买盘
3065,14:03:09,21.75,26097,12,买盘
3066,14:03:12,21.74,184829,85,卖盘
3067,14:03:15,21.75,215325,99,买盘
3068,14:03:18,21.75,21750,10,买盘
3069,14:03:21,21.74,50012,23,卖盘
3070,14:03:24,21.75,56549,26,买盘
3071,14:03:27,21.75,1270947,584,买盘
3072,14:03:30,21.75,21750,10,买盘
3073,14:03:33,21.72,212888,98,卖盘
3074,14:03:36,21.75,47808,22,买盘
3075,14:03:39,21.74,19558,9,中性盘
3076,14:03:45,21.74,15218,7,买盘
3077,14:03:51,21.74,108700,50,买盘
3078,14:03:54,21.74,4348,2,中性盘
3079,14:03:57,21.74,273902,126,中性盘
3080,14:04:00,21.73,2173,1,卖盘
3081,14:04:03,21.74,13044,6,买盘
3082,14:04:06,21.75,19559,9,买盘
3083,14:04:12,21.75,34800,16,买盘
3084,14:04:15,21.73,43463,20,卖盘
3085,14:04:18,21.74,50002,23,卖盘
3086,14:04:21,21.73,26076,12,卖盘
3087,14:04:24,21.74,13044,6,买盘
3088,14:04:27,21.75,6524,3,买盘
3089,14:04:30,21.75,6525,3,买盘
3090,14:04:33,21.74,73916,34,卖盘
3091,14:04:36,21.74,2174,1,卖盘
3092,14:04:39,21.74,2174,1,买盘
3093,14:04:42,21.74,4348,2,买盘
3094,14:04:48,21.74,86960,40,买盘
3095,14:04:51,21.74,21740,10,卖盘
3096,14:04:54,21.74,21740,10,卖盘
3097,14:04:57,21.75,10871,5,买盘
3098,14:05:03,21.75,234900,108,买盘
3099,14:05:06,21.75,52198,24,买盘
3100,14:05:09,21.75,10875,5,买盘
3101,14:05:15,21.75,21750,10,买盘
3102,14:05:18,21.75,226180,104,买盘
3103,14:05:21,21.75,30450,14,卖盘
3104,14:05:24,21.76,32627,15,买盘
3105,14:05:27,21.75,2175,1,卖盘
3106,14:05:33,21.75,21755,10,卖盘
3107,14:05:36,21.75,50047,23,卖盘
3108,14:05:39,21.75,21750,10,卖盘
3109,14:05:42,21.76,32639,15,买盘
3110,14:05:48,21.75,19575,9,卖盘
3111,14:05:54,21.75,141375,65,卖盘
3112,14:06:06,21.75,228375,105,卖盘
3113,14:06:09,21.75,2175,1,买盘
3114,14:06:12,21.74,50002,23,卖盘
3115,14:06:18,21.74,4348,2,卖盘
3116,14:06:21,21.75,45675,21,买盘
3117,14:06:24,21.75,104396,48,买盘
3118,14:06:27,21.75,208800,96,买盘
3119,14:06:30,21.74,28262,13,卖盘
3120,14:06:33,21.75,13050,6,买盘
3121,14:06:36,21.74,39134,18,卖盘
3122,14:06:39,21.75,50025,23,买盘
3123,14:06:42,21.75,26100,12,买盘
3124,14:06:48,21.75,39147,18,买盘
3125,14:06:51,21.74,8696,4,卖盘
3126,14:07:00,21.75,2175,1,买盘
3127,14:07:06,21.75,6525,3,买盘
3128,14:07:09,21.75,4350,2,买盘
3129,14:07:12,21.75,43500,20,买盘
3130,14:07:15,21.74,15223,7,卖盘
3131,14:07:18,21.75,6525,3,买盘
3132,14:07:21,21.74,110874,51,卖盘
3133,14:07:24,21.75,23924,11,买盘
3134,14:07:27,21.75,26099,12,买盘
3135,14:07:30,21.75,317550,146,买盘
3136,14:07:33,21.75,4350,2,买盘
3137,14:07:36,21.75,4350,2,买盘
3138,14:07:39,21.74,108700,50,卖盘
3139,14:07:42,21.75,117450,54,买盘
3140,14:07:45,21.75,41325,19,买盘
3141,14:07:48,21.75,139200,64,买盘
3142,14:07:51,21.74,63052,29,卖盘
3143,14:07:54,21.75,102225,47,买盘
3144,14:08:00,21.75,141353,65,买盘
3145,14:08:03,21.75,95700,44,买盘
3146,14:08:06,21.75,39150,18,卖盘
3147,14:08:09,21.75,134827,62,卖盘
3148,14:08:12,21.75,13050,6,卖盘
3149,14:08:15,21.75,63075,29,买盘
3150,14:08:18,21.75,19575,9,中性盘
3151,14:08:21,21.76,4352,2,买盘
3152,14:08:30,21.76,15232,7,买盘
3153,14:08:39,21.76,2176,1,买盘
3154,14:08:42,21.76,15226,7,买盘
3155,14:08:45,21.76,32630,15,买盘
3156,14:08:48,21.75,60900,28,卖盘
3157,14:08:51,21.75,15225,7,买盘
3158,14:08:54,21.75,93525,43,买盘
3159,14:08:57,21.75,19575,9,买盘
3160,14:09:00,21.75,54370,25,买盘
3161,14:09:06,21.75,26100,12,买盘
3162,14:09:09,21.75,10875,5,买盘
3163,14:09:12,21.74,458714,211,卖盘
3164,14:09:18,21.75,6525,3,买盘
3165,14:09:21,21.75,10875,5,买盘
3166,14:09:27,21.75,10875,5,买盘
3167,14:09:30,21.75,4350,2,买盘
3168,14:09:33,21.74,104352,48,卖盘
3169,14:09:36,21.75,2175,1,买盘
3170,14:09:42,21.74,332624,153,卖盘
3171,14:09:45,21.74,47837,22,卖盘
3172,14:09:48,21.75,206536,95,买盘
3173,14:09:51,21.74,41306,19,卖盘
