,成交时间,成交价格,成交金额,成交量,性质
0,09:25:00,20.07,7411851,3693,卖盘
1,09:30:00,20.07,2173325,1083,买盘
2,09:30:03,20.08,10769981,5369,中性盘
3,09:30:06,20.05,2469564,1231,卖盘
4,09:30:09,20.07,2671164,1332,买盘
5,09:30:12,20.06,493264,246,卖盘
6,09:30:15,20.01,226586,113,卖盘
7,09:30:18,20.08,1931901,963,买盘
8,09:30:21,20.02,984427,491,卖盘
9,09:30:24,20.06,360723,180,买盘
10,09:30:27,20.05,447151,223,卖盘
11,09:30:30,20.03,555055,277,卖盘
12,09:30:33,20.02,1852823,926,卖盘
13,09:30:36,20.02,1169040,584,卖盘
14,09:30:39,20.0,798115,399,卖盘
15,09:30:42,19.95,2142938,1073,卖盘
16,09:30:45,19.93,4557838,2284,卖盘
17,09:30:48,19.94,2361803,1182,买盘
18,09:30:51,19.92,948538,476,卖盘
19,09:30:54,19.94,4310542,2158,买盘
20,09:30:57,19.92,2033727,1021,卖盘
21,09:31:00,19.91,213030,107,卖盘
22,09:31:03,19.91,1914605,962,买盘
23,09:31:06,19.9,632814,318,卖盘
24,09:31:09,19.89,322272,162,卖盘
25,09:31:12,19.89,1517974,763,中性盘
26,09:31:15,19.88,2715679,1366,卖盘
27,09:31:18,19.86,1436469,723,卖盘
28,09:31:21,19.86,466465,235,卖盘
29,09:31:24,19.85,291720,147,中性盘
30,09:31:27,19.85,2996135,1508,中性盘
31,09:31:30,19.85,1791715,902,卖盘
32,09:31:33,19.86,2699658,1360,买盘
33,09:31:36,19.86,744710,375,买盘
34,09:31:39,19.86,1078183,543,买盘
35,09:31:42,19.85,1367761,689,卖盘
36,09:31:45,19.86,1665430,839,买盘
37,09:31:48,19.85,980207,494,卖盘
38,09:31:51,19.85,1032563,520,买盘
39,09:31:54,19.85,3383811,1703,卖盘
40,09:31:57,19.84,372614,188,卖盘
41,09:32:00,19.85,1762925,888,买盘
42,09:32:03,19.84,585616,295,卖盘
43,09:32:06,19.85,615817,310,中性盘
44,09:32:09,19.87,673120,339,买盘
45,09:32:12,19.87,629690,317,买盘
46,09:32:15,19.88,383618,193,买盘
47,09:32:18,19.88,357880,180,卖盘
48,09:32:21,19.85,3521624,1773,卖盘
49,09:32:24,19.85,688678,347,买盘
50,09:32:27,19.85,396976,200,买盘
51,09:32:30,19.85,1196939,603,卖盘
52,09:32:33,19.86,446719,225,买盘
53,09:32:36,19.86,625339,315,买盘
54,09:32:39,19.86,442842,223,买盘
55,09:32:42,19.87,371504,187,买盘
56,09:32:45,19.86,117271,59,卖盘
57,09:32:48,19.86,1499759,755,卖盘
58,09:32:51,19.86,2335935,1176,卖盘
59,09:32:54,19.86,715146,360,卖盘
60,09:32:57,19.87,838282,422,买盘
61,09:33:00,19.87,892017,449,买盘
62,09:33:03,19.88,413282,208,买盘
63,09:33:06,19.87,184836,93,卖盘
64,09:33:09,19.88,1073320,540,买盘
65,09:33:12,19.88,610249,307,买盘
66,09:33:15,19.89,616437,310,买盘
67,09:33:18,19.87,2348822,1181,卖盘
68,09:33:21,19.87,562350,283,买盘
69,09:33:24,19.85,4337824,2185,卖盘
70,09:33:27,19.83,1098840,554,卖盘
71,09:33:30,19.83,624702,315,卖盘
72,09:33:33,19.83,436266,220,卖盘
73,09:33:36,19.84,715673,361,买盘
74,09:33:39,19.82,1151609,581,卖盘
75,09:33:42,19.83,557130,281,买盘
76,09:33:45,19.83,602624,304,买盘
77,09:33:48,19.83,2979164,1504,买盘
78,09:33:51,19.82,2082274,1051,中性盘
79,09:33:54,19.81,451655,228,卖盘
80,09:33:57,19.81,501195,253,买盘
81,09:34:00,19.81,790212,399,买盘
82,09:34:03,19.81,1061867,536,卖盘
83,09:34:06,19.81,837992,423,卖盘
84,09:34:09,19.82,418042,211,买盘
85,09:34:12,19.81,445768,225,卖盘
86,09:34:15,19.81,921210,465,卖盘
87,09:34:18,19.81,992845,501,卖盘
88,09:34:21,19.82,334881,169,中性盘
89,09:34:24,19.81,973113,491,卖盘
90,09:34:27,19.82,527572,266,中性盘
91,09:34:30,19.81,489604,247,卖盘
92,09:34:33,19.82,458046,231,中性盘
93,09:34:36,19.83,269563,136,买盘
94,09:34:39,19.83,505386,255,买盘
95,09:34:42,19.82,978912,494,买盘
96,09:34:45,19.83,707800,357,买盘
97,09:34:48,19.84,1929467,973,买盘
98,09:34:51,19.82,632667,319,卖盘
99,09:34:54,19.83,1257351,634,买盘
100,09:34:57,19.83,1011796,510,卖盘
101,09:35:00,19.83,422416,213,卖盘
102,09:35:03,19.85,665231,335,买盘
103,09:35:06,19.86,402581,203,买盘
104,09:35:09,19.84,958455,483,卖盘
105,09:35:12,19.84,547488,276,买盘
106,09:35:15,19.83,851384,429,卖盘
107,09:35:18,19.83,688124,347,卖盘
108,09:35:21,19.82,337070,170,卖盘
109,09:35:24,19.83,713796,360,买盘
110,09:35:27,19.82,499775,252,卖盘
111,09:35:30,19.84,428626,216,中性盘
112,09:35:33,19.84,830905,419,卖盘
113,09:35:36,19.88,2042095,1028,买盘
114,09:35:39,19.92,849731,427,买盘
115,09:35:42,19.88,1302585,655,卖盘
116,09:35:45,19.89,887061,446,买盘
117,09:35:48,19.9,863965,434,买盘
118,09:35:51,19.9,1459576,734,买盘
119,09:35:54,19.9,589226,296,买盘
120,09:35:57,19.9,720558,362,买盘
121,09:36:00,19.9,585062,294,卖盘
122,09:36:03,19.89,1388763,698,卖盘
123,09:36:06,19.88,459317,231,卖盘
124,09:36:09,19.88,2308561,1162,卖盘
125,09:36:12,19.89,1320116,664,买盘
126,09:36:15,19.88,2685663,1352,卖盘
127,09:36:18,19.92,807957,406,买盘
128,09:36:21,19.89,1378463,693,卖盘
129,09:36:24,19.88,3048594,1533,卖盘
130,09:36:27,19.87,472704,238,中性盘
131,09:36:30,19.86,867575,437,中性盘
132,09:36:33,19.88,1916525,965,买盘
133,09:36:36,19.88,1810434,911,买盘
134,09:36:39,19.86,234458,118,中性盘
135,09:36:42,19.88,522463,263,买盘
136,09:36:45,19.87,441270,222,卖盘
137,09:36:48,19.86,542473,273,卖盘
138,09:36:51,19.87,480799,242,买盘
139,09:36:54,19.87,403303,203,买盘
140,09:36:57,19.87,222572,112,卖盘
141,09:37:00,19.89,671928,338,买盘
142,09:37:03,19.9,706115,355,买盘
143,09:37:06,19.9,453611,228,买盘
144,09:37:09,19.9,308420,155,买盘
145,09:37:12,19.89,567194,285,卖盘
146,09:37:15,19.9,334311,168,买盘
147,09:37:18,19.91,917519,461,买盘
148,09:37:21,19.91,1027442,516,买盘
149,09:37:24,19.91,37844,19,卖盘
150,09:37:27,19.92,286853,144,买盘
151,09:37:30,19.91,571699,287,卖盘
152,09:37:33,19.93,476039,239,买盘
153,09:37:36,19.93,2349400,1178,买盘
154,09:37:39,19.95,512793,257,买盘
155,09:37:42,19.94,492565,247,卖盘
156,09:37:45,19.92,1343773,674,卖盘
157,09:37:48,19.95,1707319,856,买盘
158,09:37:51,19.96,626653,314,买盘
159,09:37:54,19.96,546709,274,卖盘
160,09:37:57,19.97,830473,416,买盘
161,09:38:00,19.99,2541612,1273,买盘
162,09:38:03,19.99,1255212,628,买盘
163,09:38:06,19.98,507586,254,卖盘
164,09:38:09,19.98,2031848,1017,买盘
165,09:38:12,19.99,2091964,1047,买盘
166,09:38:15,20.0,1261420,631,买盘
167,09:38:18,20.0,2154485,1077,买盘
168,09:38:21,20.01,1969924,983,中性盘
169,09:38:24,20.02,634620,317,买盘
170,09:38:27,20.06,815712,407,买盘
171,09:38:30,20.05,2408000,1200,中性盘
172,09:38:33,20.06,5861568,2919,买盘
173,09:38:36,20.06,457336,228,买盘
174,09:38:39,20.04,1977840,986,卖盘
175,09:38:42,20.07,493610,246,买盘
176,09:38:45,20.07,1262368,629,买盘
177,09:38:48,20.07,1360942,678,卖盘
178,09:38:51,20.05,1017386,507,卖盘
179,09:38:54,20.07,4866182,2423,买盘
180,09:38:57,20.08,554040,276,买盘
181,09:39:00,20.07,905259,451,卖盘
182,09:39:03,20.03,5954896,2969,卖盘
183,09:39:06,20.0,2002857,1001,卖盘
184,09:39:09,19.99,1089956,545,中性盘
185,09:39:12,20.02,3570688,1783,买盘
186,09:39:15,20.0,484356,242,卖盘
187,09:39:18,20.01,178096,89,买盘
188,09:39:21,20.01,408245,204,卖盘
189,09:39:24,20.02,640409,320,买盘
190,09:39:27,20.02,694660,347,买盘
191,09:39:30,20.02,671244,335,卖盘
192,09:39:33,20.02,624777,312,卖盘
193,09:39:36,20.02,182192,91,卖盘
194,09:39:39,20.02,826604,413,买盘
195,09:39:42,20.01,446245,223,卖盘
196,09:39:45,20.01,426302,213,买盘
197,09:39:48,20.0,178121,89,卖盘
198,09:39:51,19.99,2307964,1154,卖盘
199,09:39:54,19.99,373944,187,卖盘
200,09:39:57,19.99,819828,410,卖盘
201,09:40:00,20.0,491879,246,买盘
202,09:40:03,20.0,633866,317,买盘
203,09:40:06,19.97,1456774,729,卖盘
204,09:40:09,19.98,823070,412,买盘
205,09:40:12,19.98,229716,115,买盘
206,09:40:15,19.97,449459,225,卖盘
207,09:40:18,19.97,1314143,658,卖盘
208,09:40:21,19.98,787003,394,买盘
209,09:40:24,19.99,499272,250,买盘
210,09:40:27,19.98,1841339,922,卖盘
211,09:40:30,19.98,209823,105,卖盘
212,09:40:33,19.99,433733,217,买盘
213,09:40:36,20.0,173934,87,买盘
214,09:40:39,19.99,403698,202,买盘
215,09:40:42,19.98,409739,205,卖盘
216,09:40:45,19.99,923616,462,买盘
217,09:40:48,20.0,809641,405,买盘
218,09:40:51,20.0,717860,359,买盘
219,09:40:54,19.98,335856,168,卖盘
220,09:40:57,19.98,415665,208,卖盘
221,09:41:00,19.99,409781,205,买盘
222,09:41:03,20.0,1915702,958,买盘
223,09:41:06,20.0,1404947,703,买盘
224,09:41:09,19.98,227854,114,卖盘
225,09:41:12,19.98,905445,453,卖盘
226,09:41:15,19.99,255846,128,买盘
227,09:41:18,19.99,335742,168,买盘
228,09:41:21,19.98,523648,262,卖盘
229,09:41:24,19.99,811648,406,买盘
230,09:41:27,19.98,331780,166,卖盘
231,09:41:30,19.98,1953800,978,卖盘
232,09:41:33,19.97,1517863,760,卖盘
233,09:41:36,19.96,610845,306,卖盘
234,09:41:39,19.95,209550,105,卖盘
235,09:41:42,19.95,1039445,521,卖盘
236,09:41:45,19.96,606639,304,买盘
237,09:41:48,19.97,525238,263,买盘
238,09:41:51,19.98,579272,290,买盘
239,09:41:54,19.98,163810,82,买盘
240,09:41:57,19.99,129908,65,买盘
241,09:42:00,19.98,73959,37,中性盘
242,09:42:03,19.99,175885,88,买盘
243,09:42:06,19.99,137897,69,买盘
244,09:42:09,20.0,261773,131,买盘
245,09:42:12,19.99,513520,257,卖盘
246,09:42:15,19.99,167909,84,买盘
247,09:42:18,19.99,133910,67,买盘
248,09:42:21,19.99,605551,303,买盘
249,09:42:24,19.98,269719,135,中性盘
250,09:42:27,19.99,263848,132,买盘
251,09:42:30,19.98,531640,266,卖盘
252,09:42:33,20.0,663985,332,买盘
253,09:42:36,19.98,195896,98,卖盘
254,09:42:39,20.0,297856,149,买盘
255,09:42:42,20.0,101981,51,买盘
256,09:42:45,20.0,733955,367,买盘
257,09:42:48,20.0,312029,156,卖盘
258,09:42:51,20.0,638079,319,卖盘
259,09:42:54,19.99,190001,95,卖盘
260,09:42:57,20.01,242048,121,买盘
261,09:43:00,20.0,287969,144,卖盘
262,09:43:03,20.0,222017,111,买盘
263,09:43:06,20.01,646157,323,买盘
264,09:43:09,20.01,264178,132,买盘
265,09:43:12,20.03,292211,146,买盘
266,09:43:15,20.03,352542,176,买盘
267,09:43:18,20.02,348461,174,卖盘
268,09:43:21,20.02,320309,160,买盘
269,09:43:24,20.0,314369,157,卖盘
270,09:43:27,20.02,456570,228,中性盘
271,09:43:30,20.01,788086,394,买盘
272,09:43:33,20.01,140074,70,买盘
273,09:43:36,20.01,438141,219,卖盘
274,09:43:39,20.02,1233143,616,买盘
275,09:43:42,20.03,86122,43,买盘
276,09:43:45,20.03,262317,131,买盘
277,09:43:48,20.03,128169,64,买盘
278,09:43:51,20.03,620752,310,买盘
279,09:43:54,20.02,196253,98,卖盘
280,09:43:57,20.03,522358,261,买盘
281,09:44:00,20.03,210314,105,卖盘
282,09:44:03,20.01,382542,191,卖盘
283,09:44:06,20.03,174192,87,买盘
284,09:44:09,20.02,496549,248,中性盘
285,09:44:12,20.02,184127,92,买盘
286,09:44:15,20.0,604290,302,卖盘
287,09:44:18,20.0,470007,235,卖盘
288,09:44:21,20.0,408028,204,买盘
289,09:44:24,20.0,131966,66,买盘
290,09:44:27,20.0,1171745,586,买盘
291,09:44:30,20.02,158057,79,买盘
292,09:44:33,20.01,286042,143,买盘
293,09:44:36,20.02,160131,80,买盘
294,09:44:39,20.02,248233,124,买盘
295,09:44:42,20.0,144103,72,卖盘
296,09:44:45,20.01,94063,47,买盘
297,09:44:48,20.02,128103,64,买盘
298,09:44:51,20.02,138081,69,买盘
299,09:44:54,20.02,130159,65,卖盘
300,09:44:57,20.03,166210,83,买盘
301,09:45:00,20.02,340313,170,中性盘
302,09:45:03,20.0,3678087,1839,卖盘
303,09:45:06,19.99,99935,50,中性盘
304,09:45:09,19.99,189842,95,买盘
305,09:45:12,19.98,69957,35,卖盘
306,09:45:15,19.99,561528,281,买盘
307,09:45:18,19.98,185824,93,卖盘
308,09:45:21,19.98,473496,237,买盘
309,09:45:24,19.98,223699,112,买盘
310,09:45:27,19.98,167776,84,买盘
311,09:45:30,19.97,359495,180,卖盘
312,09:45:33,19.98,349609,175,买盘
313,09:45:36,19.97,271637,136,卖盘
314,09:45:39,19.97,53931,27,卖盘
315,09:45:42,19.98,223709,112,买盘
316,09:45:45,19.97,253619,127,卖盘
317,09:45:48,19.96,199656,100,卖盘
318,09:45:51,19.96,69863,35,卖盘
319,09:45:54,19.96,317395,159,卖盘
320,09:45:57,19.96,1996,1,买盘
321,09:46:00,19.95,219487,110,卖盘
322,09:46:03,19.95,566584,284,卖盘
323,09:46:06,19.96,341182,171,买盘
324,09:46:09,19.98,3453287,1730,买盘
325,09:46:12,19.98,333679,167,买盘
326,09:46:15,19.97,305509,153,卖盘
327,09:46:18,19.99,181803,91,买盘
328,09:46:21,19.98,117903,59,卖盘
329,09:46:24,19.99,321983,161,中性盘
330,09:46:27,19.99,67958,34,买盘
331,09:46:30,19.99,171896,86,买盘
332,09:46:33,19.99,279843,140,卖盘
333,09:46:36,19.99,185870,93,买盘
334,09:46:39,19.99,311843,156,卖盘
335,09:46:42,19.98,75954,38,卖盘
336,09:46:45,19.98,75924,38,卖盘
337,09:46:48,19.98,163891,82,卖盘
338,09:46:51,19.98,565458,283,卖盘
339,09:46:54,19.98,407643,204,卖盘
340,09:46:57,19.99,3998,2,买盘
341,09:47:00,19.99,55971,28,买盘
342,09:47:03,19.99,299857,150,买盘
343,09:47:06,20.01,1374378,687,买盘
344,09:47:09,20.01,74049,37,卖盘
345,09:47:12,20.01,366358,183,卖盘
346,09:47:15,20.01,102076,51,卖盘
347,09:47:18,20.01,418319,209,卖盘
348,09:47:21,20.01,152088,76,卖盘
349,09:47:24,19.99,98037,49,卖盘
350,09:47:27,20.0,119990,60,买盘
351,09:47:30,20.0,841754,421,买盘
352,09:47:33,19.99,327933,164,卖盘
353,09:47:36,19.99,167953,84,卖盘
354,09:47:39,19.99,269978,135,卖盘
355,09:47:42,20.0,139958,70,买盘
356,09:47:45,19.99,121948,61,卖盘
357,09:47:48,19.98,211889,106,卖盘
358,09:47:51,19.99,2853932,1427,买盘
359,09:47:54,19.99,249888,125,买盘
360,09:47:57,20.0,55985,28,买盘
361,09:48:00,19.99,1007164,504,卖盘
362,09:48:03,19.99,189944,95,卖盘
363,09:48:06,20.0,291982,146,买盘
364,09:48:09,19.99,186005,93,卖盘
365,09:48:12,20.0,351947,176,买盘
366,09:48:15,19.99,107935,54,卖盘
367,09:48:18,20.0,229920,115,买盘
368,09:48:21,19.98,99934,50,卖盘
369,09:48:24,19.99,77972,39,买盘
370,09:48:27,19.99,149886,75,卖盘
371,09:48:30,20.0,103973,52,买盘
372,09:48:33,19.99,41979,21,卖盘
373,09:48:36,20.0,107978,54,买盘
374,09:48:39,19.99,101952,51,卖盘
375,09:48:42,20.0,243950,122,买盘
376,09:48:45,19.99,79960,40,卖盘
377,09:48:48,19.99,377847,189,卖盘
378,09:48:51,19.99,383831,192,卖盘
379,09:48:54,19.98,443608,222,卖盘
380,09:48:57,19.98,273753,137,卖盘
381,09:49:00,19.98,323678,162,卖盘
382,09:49:03,19.98,507518,254,卖盘
383,09:49:06,19.98,77922,39,卖盘
384,09:49:09,19.97,655363,328,卖盘
385,09:49:12,19.98,31960,16,买盘
386,09:49:15,19.98,603379,302,买盘
387,09:49:18,19.98,319680,160,卖盘
388,09:49:21,19.98,281741,141,卖盘
389,09:49:24,19.98,85907,43,买盘
390,09:49:27,19.97,195790,98,卖盘
391,09:49:30,19.98,49931,25,买盘
392,09:49:33,19.98,249665,125,买盘
393,09:49:36,19.97,413379,207,卖盘
394,09:49:39,19.97,83899,42,卖盘
395,09:49:42,19.97,87868,44,卖盘
396,09:49:45,19.97,493289,247,卖盘
397,09:49:48,19.97,31954,16,卖盘
398,09:49:51,19.97,421394,211,卖盘
399,09:49:54,19.97,161757,81,卖盘
400,09:49:57,19.96,91840,46,卖盘
401,09:50:00,19.96,89820,45,卖盘
402,09:50:03,19.96,1592935,798,卖盘
403,09:50:06,19.95,77811,39,卖盘
404,09:50:09,19.95,293298,147,卖盘
405,09:50:12,19.95,69825,35,卖盘
406,09:50:15,19.96,562699,282,买盘
407,09:50:18,19.96,1963770,984,买盘
408,09:50:21,19.96,534981,268,卖盘
409,09:50:24,19.98,1471701,737,买盘
410,09:50:27,19.99,1166864,584,买盘
411,09:50:30,19.99,391803,196,买盘
412,09:50:33,19.99,2591670,1297,买盘
413,09:50:36,19.98,229802,115,卖盘
414,09:50:39,19.98,1417327,709,卖盘
415,09:50:42,19.98,391666,196,卖盘
416,09:50:45,19.99,309864,155,买盘
417,09:50:48,19.99,151882,76,卖盘
418,09:50:51,19.98,421669,211,卖盘
419,09:50:54,19.98,695382,348,卖盘
420,09:50:57,19.98,179875,90,卖盘
421,09:51:00,19.98,1342766,672,卖盘
422,09:51:03,19.98,325792,163,卖盘
423,09:51:06,19.98,697788,349,卖盘
424,09:51:09,19.99,115935,58,买盘
425,09:51:12,20.02,4288748,2145,买盘
426,09:51:15,20.01,776820,388,卖盘
427,09:51:18,20.04,586826,293,买盘
428,09:51:21,20.03,807601,403,卖盘
429,09:51:24,20.03,52078,26,卖盘
430,09:51:27,20.04,2030388,1013,买盘
431,09:51:30,20.04,372991,186,卖盘
432,09:51:33,20.03,685185,342,卖盘
433,09:51:36,20.02,649288,324,卖盘
434,09:51:39,20.02,232414,116,卖盘
435,09:51:42,20.03,174276,87,买盘
436,09:51:45,20.03,418725,209,卖盘
437,09:51:48,20.04,262518,131,买盘
438,09:51:51,20.03,2152289,1074,卖盘
439,09:51:54,20.06,24062,12,买盘
440,09:51:57,20.06,966772,482,买盘
441,09:52:00,20.06,368315,184,买盘
442,09:52:03,20.06,375230,187,卖盘
443,09:52:06,20.06,112336,56,卖盘
444,09:52:09,20.04,3338746,1668,卖盘
445,09:52:12,20.06,794612,396,买盘
446,09:52:15,20.05,212438,106,中性盘
447,09:52:18,20.04,274731,137,卖盘
448,09:52:21,20.05,142363,71,买盘
449,09:52:24,20.05,1942027,969,买盘
450,09:52:27,20.05,473406,236,买盘
451,09:52:30,20.05,166531,83,卖盘
452,09:52:33,20.06,274955,137,中性盘
453,09:52:36,20.08,679595,339,买盘
454,09:52:39,20.07,382231,190,卖盘
455,09:52:42,20.07,293022,146,买盘
456,09:52:45,20.07,1929237,962,买盘
457,09:52:48,20.04,441471,220,卖盘
458,09:52:51,20.07,704735,351,买盘
459,09:52:54,20.08,146512,73,买盘
460,09:52:57,20.07,158616,79,卖盘
461,09:53:00,20.08,379481,189,买盘
462,09:53:03,20.08,1007966,502,买盘
463,09:53:06,20.08,271060,135,买盘
464,09:53:09,20.07,1300601,648,卖盘
465,09:53:12,20.05,3363973,1676,卖盘
466,09:53:15,20.06,2646370,1319,中性盘
467,09:53:18,20.07,1227880,612,买盘
468,09:53:21,20.07,1129695,563,买盘
469,09:53:24,20.07,862702,430,买盘
470,09:53:27,20.05,479662,239,卖盘
471,09:53:30,20.05,270888,135,卖盘
472,09:53:33,20.07,385316,192,买盘
473,09:53:36,20.06,246829,123,卖盘
474,09:53:39,20.07,156542,78,买盘
475,09:53:42,20.07,569757,284,买盘
476,09:53:45,20.06,130419,65,卖盘
477,09:53:48,20.06,2052915,1023,买盘
478,09:53:51,20.06,246648,123,买盘
479,09:53:54,20.05,583675,291,卖盘
480,09:53:57,20.04,928378,463,卖盘
481,09:54:00,20.04,465002,232,买盘
482,09:54:03,20.04,146278,73,买盘
483,09:54:06,20.03,308453,154,卖盘
484,09:54:09,20.02,210312,105,卖盘
485,09:54:12,20.04,286432,143,买盘
486,09:54:15,20.03,132186,66,买盘
487,09:54:18,20.04,440741,220,买盘
488,09:54:21,20.04,456688,228,卖盘
489,09:54:24,20.05,168405,84,买盘
490,09:54:27,20.05,128310,64,买盘
491,09:54:30,20.05,180524,90,卖盘
492,09:54:33,20.05,1907166,952,卖盘
493,09:54:36,20.05,146360,73,买盘
494,09:54:39,20.05,539345,269,买盘
495,09:54:42,20.06,284774,142,买盘
496,09:54:45,20.05,108302,54,卖盘
497,09:54:48,20.05,1018462,508,卖盘
498,09:54:51,20.04,492996,246,中性盘
499,09:54:54,20.04,1164628,581,买盘
500,09:54:57,20.02,76134,38,卖盘
501,09:55:00,20.03,232383,116,中性盘
502,09:55:03,20.04,3632635,1815,买盘
503,09:55:06,20.01,212262,106,卖盘
504,09:55:09,20.03,522706,261,买盘
505,09:55:12,20.03,272300,136,买盘
506,09:55:15,20.02,462692,231,中性盘
507,09:55:18,20.03,118174,59,买盘
508,09:55:21,20.03,182265,91,买盘
509,09:55:24,20.03,228280,114,买盘
510,09:55:27,20.03,438755,219,卖盘
511,09:55:30,20.05,292509,146,买盘
512,09:55:33,20.07,3162514,1576,买盘
513,09:55:36,20.06,176553,88,中性盘
514,09:55:39,20.06,469185,234,买盘
515,09:55:42,20.06,180555,90,买盘
516,09:55:45,20.07,359115,179,买盘
517,09:55:48,20.07,467629,233,买盘
518,09:55:51,20.09,2307096,1149,买盘
519,09:55:54,20.08,208884,104,卖盘
520,09:55:57,20.1,2205943,1098,买盘
521,09:56:00,20.1,667218,332,买盘
522,09:56:03,20.09,7306700,3637,卖盘
523,09:56:06,20.07,3336805,1662,卖盘
524,09:56:09,20.06,831913,415,买盘
525,09:56:12,20.04,777589,388,卖盘
526,09:56:15,20.06,669258,334,买盘
527,09:56:18,20.05,754080,376,卖盘
528,09:56:21,20.05,1168933,583,卖盘
529,09:56:24,20.05,1128108,563,买盘
530,09:56:27,20.02,1119719,559,卖盘
531,09:56:30,20.05,1002636,501,买盘
532,09:56:33,20.02,402258,201,卖盘
533,09:56:36,20.01,896642,448,卖盘
534,09:56:39,20.01,274300,137,卖盘
535,09:56:42,20.04,146282,73,买盘
536,09:56:45,20.03,666175,333,中性盘
537,09:56:48,20.02,190195,95,中性盘
538,09:56:51,20.04,262318,131,买盘
539,09:56:54,20.03,306374,153,中性盘
540,09:56:57,20.03,288399,144,买盘
541,09:57:00,20.02,480518,240,卖盘
542,09:57:03,20.02,472289,236,买盘
543,09:57:06,20.01,598359,299,卖盘
544,09:57:09,20.01,302189,151,卖盘
545,09:57:12,20.04,270293,135,买盘
546,09:57:15,20.03,679427,339,中性盘
547,09:57:18,20.03,721385,360,卖盘
548,09:57:21,20.03,280449,140,卖盘
549,09:57:24,20.03,278536,139,买盘
550,09:57:27,20.05,168309,84,买盘
551,09:57:30,20.04,98243,49,卖盘
552,09:57:33,20.05,148351,74,买盘
553,09:57:36,20.03,663371,331,卖盘
554,09:57:39,20.04,346612,173,买盘
555,09:57:42,20.04,184345,92,买盘
556,09:57:45,20.04,128237,64,买盘
557,09:57:48,20.03,216415,108,卖盘
558,09:57:51,20.04,104193,52,买盘
559,09:57:54,20.03,268466,134,卖盘
560,09:57:57,20.04,476619,238,买盘
561,09:58:00,20.04,218360,109,买盘
562,09:58:03,20.03,292383,146,买盘
563,09:58:06,20.03,426491,213,买盘
564,09:58:09,20.01,948476,474,卖盘
565,09:58:12,20.02,120099,60,买盘
566,09:58:15,20.03,140165,70,买盘
567,09:58:18,20.03,140186,70,买盘
568,09:58:21,20.02,284325,142,卖盘
569,09:58:24,20.01,442486,221,卖盘
570,09:58:27,20.02,162154,81,买盘
571,09:58:30,20.02,158151,79,买盘
572,09:58:33,20.02,306177,153,买盘
573,09:58:36,20.02,150135,75,买盘
574,09:58:39,20.02,1072850,536,买盘
575,09:58:42,20.02,200251,100,卖盘
576,09:58:45,20.02,108139,54,卖盘
577,09:58:48,20.02,244242,122,卖盘
578,09:58:51,20.02,288248,144,买盘
579,09:58:54,20.02,156138,78,买盘
580,09:58:57,20.02,214160,107,买盘
581,09:59:00,20.02,310168,155,买盘
582,09:59:03,20.0,1461918,731,卖盘
583,09:59:06,19.99,2750594,1376,卖盘
584,09:59:09,20.0,239899,120,买盘
585,09:59:12,20.0,99981,50,买盘
586,09:59:15,19.98,169946,85,卖盘
587,09:59:18,20.0,271913,136,买盘
588,09:59:21,20.0,527906,264,买盘
589,09:59:24,20.0,711871,356,买盘
590,09:59:27,19.98,79984,40,卖盘
591,09:59:30,19.98,129977,65,卖盘
592,09:59:33,19.98,121944,61,卖盘
593,09:59:36,19.99,259842,130,买盘
594,09:59:39,19.99,169888,85,买盘
595,09:59:42,19.97,957102,479,卖盘
596,09:59:45,19.98,379619,190,买盘
597,09:59:48,19.98,173799,87,买盘
598,09:59:51,19.97,403474,202,卖盘
599,09:59:54,19.98,323650,162,买盘
600,09:59:57,19.98,79948,40,卖盘
601,10:00:00,19.99,413691,207,买盘
602,10:00:03,19.98,151899,76,卖盘
603,10:00:06,19.98,211847,106,卖盘
604,10:00:09,19.98,193867,97,卖盘
605,10:00:12,19.98,201890,101,卖盘
606,10:00:15,19.99,113938,57,买盘
607,10:00:18,19.98,177884,89,卖盘
608,10:00:21,20.0,135975,68,买盘
609,10:00:24,20.0,235912,118,买盘
610,10:00:27,20.0,99981,50,买盘
611,10:00:30,19.98,219941,110,卖盘
612,10:00:33,19.99,35982,18,买盘
613,10:00:36,19.98,279791,140,卖盘
614,10:00:39,19.98,187864,94,卖盘
615,10:00:42,19.99,139930,70,买盘
616,10:00:45,19.98,1510519,756,卖盘
617,10:00:48,19.98,121877,61,买盘
618,10:00:51,19.98,119875,60,买盘
619,10:00:54,19.98,1907217,955,买盘
620,10:00:57,19.98,167790,84,买盘
621,10:01:00,19.96,119872,60,卖盘
622,10:01:03,19.97,79876,40,买盘
623,10:01:06,19.97,119815,60,买盘
624,10:01:09,19.97,411402,206,卖盘
625,10:01:12,19.97,259659,130,卖盘
626,10:01:15,19.97,133841,67,卖盘
627,10:01:18,19.97,471292,236,卖盘
628,10:01:21,19.97,55916,28,买盘
629,10:01:24,19.96,485190,243,卖盘
630,10:01:27,19.96,924177,463,卖盘
631,10:01:30,19.96,504988,253,买盘
632,10:01:33,19.96,311280,156,买盘
633,10:01:36,19.96,121756,61,买盘
634,10:01:39,19.95,367128,184,卖盘
635,10:01:42,19.95,516835,259,卖盘
636,10:01:45,19.95,662559,332,卖盘
637,10:01:48,19.95,608529,305,卖盘
638,10:01:51,19.95,145660,73,卖盘
639,10:01:54,19.95,448923,225,卖盘
640,10:01:57,19.96,135707,68,买盘
641,10:02:00,19.96,650752,326,买盘
642,10:02:03,19.95,115774,58,卖盘
643,10:02:06,19.96,41916,21,买盘
644,10:02:09,19.96,423060,212,卖盘
645,10:02:12,19.95,209540,105,卖盘
646,10:02:15,19.96,113803,57,中性盘
647,10:02:18,19.97,653531,327,买盘
648,10:02:21,19.97,237641,119,卖盘
649,10:02:24,19.98,177800,89,买盘
650,10:02:27,19.98,63936,32,买盘
651,10:02:30,19.98,487403,244,买盘
652,10:02:33,19.98,159828,80,买盘
653,10:02:36,19.98,105894,53,买盘
654,10:02:39,19.99,225838,113,买盘
655,10:02:42,19.98,641539,321,卖盘
656,10:02:45,19.98,1067627,534,卖盘
657,10:02:48,20.0,285925,143,买盘
658,10:02:51,20.0,106000,53,买盘
659,10:02:54,20.0,227957,114,买盘
660,10:02:57,20.0,225940,113,买盘
661,10:03:00,20.0,179991,90,买盘
662,10:03:03,19.99,379837,190,卖盘
663,10:03:06,20.0,205989,103,买盘
664,10:03:09,20.0,111982,56,买盘
665,10:03:12,20.0,333922,167,买盘
666,10:03:15,19.98,269835,135,卖盘
667,10:03:18,19.98,129930,65,卖盘
668,10:03:21,19.99,91950,46,买盘
669,10:03:24,19.99,165890,83,买盘
670,10:03:27,19.99,806242,404,买盘
671,10:03:30,19.98,239872,120,卖盘
672,10:03:33,19.99,101935,51,买盘
673,10:03:36,19.99,161898,81,买盘
674,10:03:39,19.98,55967,28,卖盘
675,10:03:42,19.99,411771,206,买盘
676,10:03:45,19.99,71953,36,买盘
677,10:03:48,19.99,425787,213,买盘
678,10:03:51,19.99,141932,71,卖盘
679,10:03:54,20.0,141957,71,买盘
680,10:03:57,19.99,47996,24,卖盘
681,10:04:00,19.99,69998,35,卖盘
682,10:04:03,20.0,59980,30,买盘
683,10:04:06,19.99,193934,97,卖盘
684,10:04:09,19.99,53973,27,卖盘
685,10:04:12,19.99,133967,67,卖盘
686,10:04:15,19.99,111954,56,卖盘
687,10:04:18,20.0,339868,170,买盘
688,10:04:21,19.98,547714,274,卖盘
689,10:04:24,19.99,63961,32,买盘
690,10:04:27,19.99,91939,46,买盘
691,10:04:30,19.99,91952,46,买盘
692,10:04:33,19.98,73944,37,卖盘
693,10:04:36,19.99,451581,226,买盘
694,10:04:39,19.99,329808,165,买盘
695,10:04:42,20.0,139956,70,买盘
696,10:04:45,20.0,19995,10,买盘
697,10:04:48,20.0,249913,125,买盘
698,10:04:51,19.99,29985,15,卖盘
699,10:04:54,20.0,288000,144,买盘
700,10:04:57,20.0,826000,413,买盘
701,10:05:00,20.01,349937,175,买盘
702,10:05:03,20.01,76006,38,买盘
703,10:05:06,20.01,176065,88,买盘
704,10:05:09,19.99,2815943,1408,卖盘
705,10:05:12,19.99,353816,177,卖盘
706,10:05:15,19.98,187870,94,卖盘
707,10:05:18,19.99,71963,36,买盘
708,10:05:21,19.99,25985,13,中性盘
709,10:05:24,19.99,183897,92,买盘
710,10:05:27,19.98,73956,37,卖盘
711,10:05:30,19.99,7996,4,买盘
712,10:05:33,19.98,507522,254,卖盘
713,10:05:36,19.99,1093330,547,买盘
714,10:05:39,19.99,43978,22,卖盘
715,10:05:42,19.98,1123333,562,卖盘
716,10:05:45,19.97,2898240,1451,卖盘
717,10:05:48,19.98,177736,89,买盘
718,10:05:51,19.97,127820,64,卖盘
719,10:05:54,19.96,81843,41,卖盘
720,10:05:57,19.97,65900,33,买盘
721,10:06:00,19.97,45917,23,买盘
722,10:06:03,19.97,231652,116,买盘
723,10:06:06,19.97,85857,43,卖盘
724,10:06:09,19.96,93875,47,卖盘
725,10:06:12,19.97,115831,58,卖盘
726,10:06:15,19.97,107870,54,卖盘
727,10:06:18,19.97,7988,4,卖盘
728,10:06:21,19.98,255653,128,买盘
729,10:06:24,19.97,43934,22,卖盘
730,10:06:27,19.98,223728,112,买盘
731,10:06:30,19.97,686956,344,卖盘
732,10:06:33,19.96,2067932,1036,卖盘
733,10:06:36,19.95,161604,81,卖盘
734,10:06:39,19.95,73845,37,卖盘
735,10:06:42,19.96,800323,401,买盘
736,10:06:45,19.95,147700,74,卖盘
737,10:06:48,19.95,3990,2,卖盘
738,10:06:51,19.95,169604,85,卖盘
739,10:06:54,19.95,99773,50,卖盘
740,10:06:57,19.95,243422,122,卖盘
741,10:07:00,19.95,85785,43,买盘
742,10:07:03,19.94,887358,445,卖盘
743,10:07:06,19.94,307128,154,卖盘
744,10:07:09,19.95,574550,288,买盘
745,10:07:12,19.95,345135,173,卖盘
746,10:07:15,19.94,231438,116,卖盘
747,10:07:18,19.94,79760,40,卖盘
748,10:07:21,19.94,185473,93,卖盘
749,10:07:24,19.94,422728,212,卖盘
750,10:07:27,19.93,223257,112,卖盘
751,10:07:30,19.93,370732,186,卖盘
752,10:07:33,19.91,3660426,1837,卖盘
753,10:07:36,19.9,45778,23,卖盘
754,10:07:39,19.9,206987,104,卖盘
755,10:07:42,19.91,153231,77,买盘
756,10:07:45,19.9,608973,306,卖盘
757,10:07:48,19.9,2042962,1027,卖盘
758,10:07:51,19.9,95513,48,买盘
759,10:07:54,19.89,294379,148,卖盘
760,10:07:57,19.89,214851,108,卖盘
761,10:08:00,19.89,59670,30,卖盘
762,10:08:03,19.89,204817,103,买盘
763,10:08:06,19.89,306171,154,买盘
764,10:08:09,19.89,521039,262,买盘
765,10:08:12,19.87,1077267,542,卖盘
766,10:08:15,19.88,252468,127,卖盘
767,10:08:18,19.87,1635951,823,卖盘
768,10:08:21,19.87,246544,124,卖盘
769,10:08:24,19.87,353807,178,卖盘
770,10:08:27,19.87,536548,270,卖盘
771,10:08:30,19.87,703398,354,卖盘
772,10:08:33,19.88,443230,223,买盘
773,10:08:36,19.87,107298,54,卖盘
774,10:08:39,19.87,506541,255,卖盘
775,10:08:42,19.86,133102,67,卖盘
776,10:08:45,19.88,258314,130,买盘
777,10:08:48,19.87,520409,262,卖盘
778,10:08:51,19.87,35766,18,买盘
779,10:08:54,19.86,430974,217,卖盘
780,10:08:57,19.87,139048,70,买盘
781,10:09:00,19.87,228391,115,买盘
782,10:09:03,19.87,168846,85,买盘
783,10:09:06,19.86,426995,215,卖盘
784,10:09:09,19.86,107287,54,卖盘
785,10:09:12,19.86,117212,59,卖盘
786,10:09:15,19.87,190724,96,买盘
787,10:09:18,19.86,305811,154,卖盘
788,10:09:21,19.86,166824,84,买盘
789,10:09:24,19.86,542110,273,买盘
790,10:09:27,19.87,367445,185,买盘
791,10:09:30,19.89,2473589,1245,买盘
792,10:09:33,19.89,186850,94,买盘
793,10:09:36,19.89,172950,87,买盘
794,10:09:39,19.87,302084,152,卖盘
795,10:09:42,19.89,707417,356,买盘
796,10:09:45,19.88,568614,286,卖盘
797,10:09:48,19.88,125245,63,卖盘
798,10:09:51,19.88,67589,34,买盘
799,10:09:54,19.88,234561,118,买盘
800,10:09:57,19.87,115279,58,卖盘
801,10:10:00,19.88,35784,18,买盘
802,10:10:03,19.88,343946,173,卖盘
803,10:10:06,19.88,17892,9,卖盘
804,10:10:09,19.88,111360,56,卖盘
805,10:10:12,19.89,61656,31,买盘
806,10:10:15,19.88,3297816,1660,卖盘
807,10:10:18,19.88,1035776,521,卖盘
808,10:10:21,19.9,49750,25,买盘
809,10:10:24,19.88,252497,127,卖盘
810,10:10:27,19.9,467633,235,买盘
811,10:10:30,19.9,232829,117,买盘
812,10:10:33,19.9,155215,78,买盘
813,10:10:36,19.9,131348,66,卖盘
814,10:10:39,19.91,113476,57,买盘
815,10:10:42,19.91,513683,258,买盘
816,10:10:45,19.91,841922,423,卖盘
817,10:10:48,19.91,344365,173,买盘
818,10:10:51,19.92,77688,39,买盘
819,10:10:54,19.91,203133,102,卖盘
820,10:10:57,19.92,143395,72,买盘
821,10:11:00,19.92,815232,409,买盘
822,10:11:03,19.91,145387,73,中性盘
823,10:11:06,19.92,25890,13,买盘
824,10:11:09,19.91,95599,48,卖盘
825,10:11:12,19.9,230926,116,卖盘
826,10:11:15,19.89,401994,202,卖盘
827,10:11:18,19.91,1466642,737,买盘
828,10:11:21,19.91,374307,188,买盘
829,10:11:24,19.91,322543,162,卖盘
830,10:11:27,19.92,223095,112,买盘
831,10:11:30,19.92,446419,224,中性盘
832,10:11:33,19.92,147455,74,卖盘
833,10:11:36,19.94,272999,137,买盘
834,10:11:39,19.94,151558,76,中性盘
835,10:11:42,19.94,732128,367,卖盘
836,10:11:45,19.96,83832,42,买盘
837,10:11:48,19.95,59848,30,卖盘
838,10:11:51,19.96,53877,27,买盘
839,10:11:54,19.98,708711,355,买盘
840,10:11:57,19.96,237348,119,中性盘
841,10:12:00,19.95,45865,23,中性盘
842,10:12:03,19.95,405088,203,买盘
843,10:12:06,19.94,67800,34,卖盘
844,10:12:09,19.94,67819,34,卖盘
845,10:12:12,19.94,105683,53,卖盘
846,10:12:15,19.95,362890,182,买盘
847,10:12:18,19.93,111611,56,卖盘
848,10:12:21,19.93,428615,215,卖盘
849,10:12:24,19.92,203239,102,卖盘
850,10:12:27,19.94,57815,29,买盘
851,10:12:30,19.93,185295,93,买盘
852,10:12:33,19.92,296907,149,卖盘
853,10:12:36,19.92,131509,66,卖盘
854,10:12:39,19.93,147458,74,买盘
855,10:12:42,19.92,250992,126,卖盘
856,10:12:45,19.92,183272,92,买盘
857,10:12:48,19.93,454357,228,买盘
858,10:12:51,19.93,302953,152,卖盘
859,10:12:54,19.93,37867,19,卖盘
860,10:12:57,19.94,223254,112,买盘
861,10:13:00,19.93,73742,37,卖盘
862,10:13:03,19.94,707863,355,买盘
863,10:13:06,19.95,65804,33,买盘
864,10:13:09,19.95,101740,51,买盘
865,10:13:12,19.94,440631,221,卖盘
866,10:13:15,19.94,155540,78,买盘
867,10:13:18,19.93,73775,37,卖盘
868,10:13:21,19.94,129604,65,买盘
869,10:13:24,19.94,432716,217,买盘
870,10:13:27,19.95,305226,153,买盘
871,10:13:30,19.94,91756,46,卖盘
872,10:13:33,19.94,279187,140,卖盘
873,10:13:36,19.95,95734,48,买盘
874,10:13:39,19.95,568422,285,买盘
875,10:13:42,19.95,307144,154,买盘
876,10:13:45,19.95,273243,137,买盘
877,10:13:48,19.94,77802,39,中性盘
878,10:13:51,19.94,65802,33,中性盘
879,10:13:54,19.93,11963,6,卖盘
880,10:13:57,19.93,61813,31,卖盘
881,10:14:00,19.93,65769,33,卖盘
882,10:14:03,19.93,139539,70,卖盘
883,10:14:06,19.93,564259,283,卖盘
884,10:14:09,19.94,109660,55,买盘
885,10:14:12,19.93,89685,45,卖盘
886,10:14:15,19.93,271071,136,卖盘
887,10:14:18,19.92,259126,130,卖盘
888,10:14:21,19.93,157436,79,买盘
889,10:14:24,19.93,13951,7,买盘
890,10:14:27,19.93,81713,41,买盘
891,10:14:30,19.92,37848,19,卖盘
892,10:14:33,19.92,75722,38,卖盘
893,10:14:36,19.93,23910,12,买盘
894,10:14:39,19.92,161383,81,卖盘
895,10:14:42,19.93,241151,121,买盘
896,10:14:45,19.93,177377,89,买盘
897,10:14:48,19.93,1993,1,卖盘
898,10:14:51,19.93,123596,62,卖盘
899,10:14:54,19.93,23916,12,卖盘
900,10:14:57,19.93,69777,35,卖盘
901,10:15:00,19.93,89695,45,卖盘
902,10:15:03,19.94,141542,71,买盘
903,10:15:06,19.93,649727,326,卖盘
904,10:15:09,19.93,113628,57,卖盘
905,10:15:12,19.95,350993,176,买盘
906,10:15:15,19.95,89754,45,买盘
907,10:15:18,19.94,37886,19,卖盘
908,10:15:21,19.95,281229,141,买盘
909,10:15:24,19.94,81754,41,卖盘
910,10:15:27,19.94,127624,64,买盘
911,10:15:30,19.94,141574,71,卖盘
912,10:15:33,19.95,69821,35,买盘
913,10:15:36,19.94,85777,43,卖盘
914,10:15:39,19.94,91750,46,卖盘
915,10:15:42,19.95,416950,209,买盘
916,10:15:45,19.95,125677,63,卖盘
917,10:15:48,19.95,27930,14,买盘
918,10:15:51,19.95,237402,119,买盘
919,10:15:54,19.94,95732,48,卖盘
920,10:15:57,19.95,594510,298,买盘
921,10:16:00,19.95,377055,189,买盘
922,10:16:03,19.96,610836,306,买盘
923,10:16:06,19.97,17973,9,中性盘
924,10:16:09,19.97,251626,126,买盘
925,10:16:12,19.97,59891,30,买盘
926,10:16:15,19.97,85834,43,买盘
927,10:16:18,19.96,177584,89,买盘
928,10:16:21,19.96,123741,62,买盘
929,10:16:24,19.96,83802,42,买盘
930,10:16:27,19.95,79837,40,卖盘
931,10:16:30,19.95,71829,36,卖盘
932,10:16:33,19.95,540678,271,卖盘
933,10:16:36,19.94,115702,58,卖盘
934,10:16:39,19.96,143669,72,买盘
935,10:16:42,19.96,3992,2,买盘
936,10:16:45,19.94,117688,59,卖盘
937,10:16:48,19.95,107753,54,买盘
938,10:16:51,19.95,119700,60,卖盘
939,10:16:54,19.95,71818,36,买盘
940,10:16:57,19.95,113685,57,买盘
941,10:17:00,19.95,31916,16,买盘
942,10:17:03,19.95,203482,102,买盘
943,10:17:06,19.95,15953,8,买盘
944,10:17:09,19.95,95743,48,买盘
945,10:17:12,19.94,121636,61,卖盘
946,10:17:15,19.95,117696,59,买盘
947,10:17:18,19.94,27916,14,卖盘
948,10:17:21,19.94,197442,99,卖盘
949,10:17:24,19.94,49850,25,卖盘
950,10:17:27,19.95,374884,188,买盘
951,10:17:30,19.93,85711,43,卖盘
952,10:17:33,19.94,45862,23,买盘
953,10:17:36,19.94,1994,1,买盘
954,10:17:39,19.94,109670,55,买盘
955,10:17:42,19.93,111623,56,卖盘
956,10:17:45,19.94,37879,19,买盘
957,10:17:48,19.93,73756,37,卖盘
958,10:17:51,19.93,21923,11,卖盘
959,10:17:54,19.94,113617,57,买盘
960,10:17:57,19.92,679662,341,卖盘
961,10:18:00,19.92,450195,226,卖盘
962,10:18:03,19.92,105586,53,卖盘
963,10:18:06,19.94,1708698,857,买盘
964,10:18:09,19.95,374832,188,买盘
965,10:18:12,19.95,145545,73,买盘
966,10:18:15,19.93,141503,71,卖盘
967,10:18:18,19.93,1384496,695,卖盘
968,10:18:21,19.93,81676,41,买盘
969,10:18:24,19.91,2412156,1211,卖盘
970,10:18:27,19.91,292692,147,卖盘
971,10:18:30,19.91,471867,237,卖盘
972,10:18:33,19.9,55720,28,卖盘
973,10:18:36,19.9,346333,174,卖盘
974,10:18:39,19.9,1548220,778,卖盘
975,10:18:42,19.89,306365,154,卖盘
976,10:18:45,19.89,55707,28,卖盘
977,10:18:48,19.9,87541,44,买盘
978,10:18:51,19.89,25857,13,卖盘
979,10:18:54,19.89,650418,327,卖盘
980,10:18:57,19.89,39773,20,卖盘
981,10:19:00,19.88,139200,70,卖盘
982,10:19:03,19.88,232602,117,卖盘
983,10:19:06,19.88,308161,155,卖盘
984,10:19:09,19.88,272356,137,卖盘
985,10:19:12,19.89,324058,163,买盘
986,10:19:15,19.88,757443,381,卖盘
987,10:19:18,19.88,188786,95,买盘
988,10:19:21,19.87,268265,135,卖盘
989,10:19:24,19.87,127139,64,买盘
990,10:19:27,19.86,591934,298,卖盘
991,10:19:30,19.86,444876,224,卖盘
992,10:19:33,19.86,1326645,668,卖盘
993,10:19:36,19.85,129030,65,卖盘
994,10:19:39,19.86,875798,441,买盘
995,10:19:42,19.86,77455,39,卖盘
996,10:19:45,19.86,671269,338,卖盘
997,10:19:48,19.86,554137,279,卖盘
998,10:19:51,19.86,174768,88,卖盘
999,10:19:54,19.85,85368,43,卖盘
1000,10:19:57,19.86,240307,121,买盘
1001,10:20:00,19.86,859546,433,买盘
1002,10:20:03,19.85,1945614,980,卖盘
1003,10:20:06,19.85,530111,267,卖盘
1004,10:20:09,19.86,111185,56,卖盘
1005,10:20:12,19.87,586097,295,买盘
1006,10:20:15,19.87,45701,23,卖盘
1007,10:20:18,19.88,168960,85,买盘
1008,10:20:21,19.87,49692,25,卖盘
1009,10:20:24,19.88,184885,93,卖盘
1010,10:20:27,19.89,230649,116,买盘
1011,10:20:30,19.9,564765,284,买盘
1012,10:20:33,19.89,21879,11,卖盘
1013,10:20:36,19.9,69619,35,买盘
1014,10:20:39,19.89,103429,52,卖盘
1015,10:20:42,19.89,479553,241,中性盘
1016,10:20:45,19.89,165138,83,中性盘
1017,10:20:48,19.9,25859,13,买盘
1018,10:20:51,19.88,206848,104,卖盘
1019,10:20:54,19.89,119340,60,中性盘
1020,10:20:57,19.89,12914172,6504,买盘
1021,10:21:00,19.89,3592107,1805,买盘
1022,10:21:03,19.88,250522,126,卖盘
1023,10:21:06,19.93,2088949,1048,买盘
1024,10:21:09,19.9,3980,2,卖盘
1025,10:21:12,19.91,101541,51,买盘
1026,10:21:15,19.9,57710,29,卖盘
1027,10:21:18,19.9,181115,91,卖盘
1028,10:21:21,19.89,147263,74,卖盘
1029,10:21:24,19.88,31815,16,卖盘
1030,10:21:27,19.91,216877,109,买盘
1031,10:21:30,19.88,3977,2,卖盘
1032,10:21:33,19.9,43770,22,买盘
1033,10:21:36,19.88,125331,63,卖盘
1034,10:21:39,19.9,185051,93,买盘
1035,10:21:42,19.88,129223,65,卖盘
1036,10:21:45,19.89,588708,296,买盘
1037,10:21:48,19.89,103427,52,买盘
1038,10:21:51,19.88,43748,22,卖盘
1039,10:21:54,19.89,240567,121,买盘
1040,10:21:57,19.89,194828,98,买盘
1041,10:22:00,19.89,143148,72,买盘
1042,10:22:03,19.89,101395,51,买盘
1043,10:22:06,19.88,27835,14,卖盘
1044,10:22:09,19.89,11934,6,买盘
1045,10:22:12,19.89,459368,231,买盘
1046,10:22:15,19.89,387697,195,买盘
1047,10:22:18,19.88,133209,67,卖盘
1048,10:22:21,19.89,111384,56,中性盘
1049,10:22:24,19.9,149172,75,买盘
1050,10:22:27,19.9,57708,29,买盘
1051,10:22:30,19.9,31839,16,买盘
1052,10:22:33,19.88,41768,21,卖盘
1053,10:22:36,19.9,600774,302,买盘
1054,10:22:39,19.89,135312,68,卖盘
1055,10:22:42,19.89,39780,20,卖盘
1056,10:22:45,19.89,59699,30,卖盘
1057,10:22:48,19.88,994499,500,卖盘
1058,10:22:51,19.9,83542,42,买盘
1059,10:22:54,19.9,55684,28,买盘
1060,10:23:00,19.9,51724,26,买盘
1061,10:23:03,19.9,880842,443,买盘
1062,10:23:06,19.9,2043876,1028,买盘
1063,10:23:09,19.9,41789,21,买盘
1064,10:23:12,19.91,1866688,938,买盘
1065,10:23:15,19.91,441913,222,买盘
1066,10:23:18,19.91,517682,260,买盘
1067,10:23:21,19.91,113505,57,卖盘
1068,10:23:24,19.92,316577,159,买盘
1069,10:23:27,19.91,37834,19,卖盘
1070,10:23:30,19.91,298691,150,卖盘
1071,10:23:33,19.91,27880,14,卖盘
1072,10:23:36,19.91,33847,17,卖盘
1073,10:23:39,19.91,219019,110,卖盘
1074,10:23:42,19.91,479802,241,卖盘
1075,10:23:45,19.91,9952,5,买盘
1076,10:23:48,19.9,95546,48,卖盘
1077,10:23:51,19.91,374129,188,买盘
1078,10:23:54,19.9,159222,80,卖盘
1079,10:23:57,19.9,491769,247,买盘
1080,10:24:00,19.89,113413,57,卖盘
1081,10:24:03,19.9,15920,8,卖盘
1082,10:24:09,19.9,7960,4,买盘
1083,10:24:12,19.89,528857,266,卖盘
1084,10:24:15,19.88,19881,10,卖盘
1085,10:24:18,19.88,27845,14,卖盘
1086,10:24:21,19.89,69605,35,买盘
1087,10:24:24,19.88,49700,25,卖盘
1088,10:24:27,19.88,13917,7,卖盘
1089,10:24:30,19.89,280440,141,买盘
1090,10:24:33,19.89,109405,55,卖盘
1091,10:24:36,19.89,29835,15,卖盘
1092,10:24:39,19.9,135263,68,买盘
1093,10:24:42,19.89,188955,95,卖盘
1094,10:24:45,19.89,27845,14,买盘
1095,10:24:48,19.88,65607,33,卖盘
1096,10:24:51,19.89,135225,68,买盘
1097,10:24:54,19.88,27842,14,卖盘
1098,10:24:57,19.88,286292,144,卖盘
1099,10:25:00,19.88,77552,39,卖盘
1100,10:25:03,19.89,119300,60,买盘
1101,10:25:06,19.87,89443,45,卖盘
1102,10:25:12,19.87,63584,32,卖盘
1103,10:25:15,19.88,141087,71,买盘
1104,10:25:18,19.87,39740,20,卖盘
1105,10:25:21,19.87,262331,132,卖盘
1106,10:25:24,19.88,200788,101,买盘
1107,10:25:27,19.87,131158,66,卖盘
1108,10:25:33,19.86,1410544,710,卖盘
1109,10:25:36,19.87,17883,9,中性盘
1110,10:25:39,19.86,1986,1,卖盘
1111,10:25:42,19.87,188680,95,买盘
1112,10:25:45,19.87,182718,92,买盘
1113,10:25:48,19.86,125123,63,卖盘
1114,10:25:51,19.87,85411,43,买盘
1115,10:25:54,19.87,95330,48,买盘
1116,10:25:57,19.86,9930,5,卖盘
1117,10:26:00,19.87,71514,36,买盘
1118,10:26:03,19.86,9930,5,卖盘
1119,10:26:06,19.86,224421,113,卖盘
1120,10:26:09,19.86,198668,100,卖盘
1121,10:26:12,19.86,202642,102,卖盘
1122,10:26:15,19.86,59580,30,卖盘
1123,10:26:18,19.87,1348608,679,买盘
1124,10:26:21,19.86,17882,9,卖盘
1125,10:26:24,19.86,107244,54,卖盘
1126,10:26:27,19.85,387232,195,卖盘
1127,10:26:30,19.85,85397,43,卖盘
1128,10:26:33,19.86,37728,19,买盘
1129,10:26:36,19.87,214498,108,买盘
1130,10:26:39,19.85,406936,205,卖盘
1131,10:26:42,19.86,13902,7,买盘
1132,10:26:45,19.86,63560,32,买盘
1133,10:26:48,19.85,430813,217,卖盘
1134,10:26:51,19.85,966966,487,卖盘
1135,10:26:54,19.85,222321,112,卖盘
1136,10:26:57,19.85,194577,98,卖盘
1137,10:27:00,19.85,93336,47,卖盘
1138,10:27:03,19.86,758608,382,买盘
1139,10:27:06,19.86,266124,134,卖盘
1140,10:27:09,19.86,59581,30,卖盘
1141,10:27:12,19.87,53640,27,买盘
1142,10:27:15,19.87,641290,323,买盘
1143,10:27:18,19.86,83420,42,卖盘
1144,10:27:21,19.88,1125180,566,买盘
1145,10:27:24,19.89,3978,2,中性盘
1146,10:27:27,19.89,35805,18,买盘
1147,10:27:30,19.9,749694,377,买盘
1148,10:27:33,19.9,41790,21,买盘
1149,10:27:36,19.9,83573,42,买盘
1150,10:27:39,19.89,75594,38,卖盘
1151,10:27:42,19.9,23880,12,买盘
1152,10:27:45,19.9,49747,25,买盘
1153,10:27:48,19.9,67645,34,买盘
1154,10:27:51,19.9,898773,452,买盘
1155,10:27:54,19.91,71659,36,买盘
1156,10:27:57,19.9,216810,109,中性盘
1157,10:28:00,19.89,33814,17,中性盘
1158,10:28:03,19.9,31828,16,买盘
1159,10:28:06,19.9,41778,21,买盘
1160,10:28:09,19.89,37798,19,卖盘
1161,10:28:12,19.9,137281,69,买盘
1162,10:28:15,19.9,85557,43,买盘
1163,10:28:18,19.89,73608,37,卖盘
1164,10:28:21,19.91,537295,270,买盘
1165,10:28:24,19.9,276717,139,卖盘
1166,10:28:27,19.9,101500,51,卖盘
1167,10:28:30,19.91,1991,1,中性盘
1168,10:28:33,19.9,39810,20,卖盘
1169,10:28:36,19.91,121442,61,买盘
1170,10:28:39,19.9,41803,21,卖盘
1171,10:28:42,19.91,11946,6,买盘
1172,10:28:45,19.91,47778,24,买盘
1173,10:28:48,19.91,752282,378,买盘
1174,10:28:51,19.92,1260004,633,买盘
1175,10:28:54,19.91,51766,26,卖盘
1176,10:28:57,19.91,469732,236,卖盘
1177,10:29:00,19.92,219042,110,买盘
1178,10:29:03,19.92,93594,47,买盘
1179,10:29:06,19.92,107568,54,卖盘
1180,10:29:09,19.93,396600,199,买盘
1181,10:29:12,19.93,33880,17,买盘
1182,10:29:15,19.93,1993,1,卖盘
1183,10:29:18,19.93,147488,74,卖盘
1184,10:29:21,19.93,165424,83,卖盘
1185,10:29:24,19.93,93671,47,买盘
1186,10:29:27,19.92,53798,27,卖盘
1187,10:29:30,19.92,523984,263,卖盘
1188,10:29:33,19.93,326808,164,买盘
1189,10:29:36,19.92,65736,33,卖盘
1190,10:29:39,19.92,109573,55,卖盘
1191,10:29:42,19.92,51792,26,卖盘
1192,10:29:45,19.92,296808,149,买盘
1193,10:29:48,19.92,101592,51,买盘
1194,10:29:51,19.91,1445913,726,卖盘
1195,10:29:54,19.92,529671,266,中性盘
1196,10:29:57,19.93,141542,71,买盘
1197,10:30:00,19.93,127562,64,卖盘
1198,10:30:03,19.94,175450,88,买盘
1199,10:30:06,19.93,149499,75,卖盘
1200,10:30:09,19.93,97690,49,买盘
1201,10:30:12,19.93,89685,45,买盘
1202,10:30:15,19.93,97657,49,买盘
1203,10:30:18,19.93,460191,231,卖盘
1204,10:30:21,19.92,75717,38,卖盘
1205,10:30:24,19.92,45829,23,卖盘
1206,10:30:27,19.93,57790,29,买盘
1207,10:30:30,19.93,1014244,509,买盘
1208,10:30:33,19.93,143496,72,卖盘
1209,10:30:36,19.94,81714,41,买盘
1210,10:30:39,19.93,149475,75,卖盘
1211,10:30:42,19.93,211258,106,卖盘
1212,10:30:45,19.93,39860,20,卖盘
1213,10:30:48,19.93,161397,81,卖盘
1214,10:30:51,19.93,239168,120,卖盘
1215,10:30:54,19.93,390801,196,卖盘
1216,10:30:57,19.94,466800,234,卖盘
1217,10:31:00,19.94,63808,32,卖盘
1218,10:31:03,19.95,275282,138,买盘
1219,10:31:06,19.92,199268,100,卖盘
1220,10:31:09,19.93,51837,26,中性盘
1221,10:31:12,19.94,29905,15,中性盘
1222,10:31:15,19.94,51844,26,买盘
1223,10:31:18,19.93,65781,33,卖盘
1224,10:31:21,19.94,247224,124,买盘
1225,10:31:24,19.92,81731,41,卖盘
1226,10:31:27,19.94,354711,178,买盘
1227,10:31:30,19.92,665414,334,卖盘
1228,10:31:33,19.92,311056,156,卖盘
1229,10:31:36,19.93,19915,10,买盘
1230,10:31:39,19.91,63723,32,卖盘
1231,10:31:42,19.91,2046909,1028,卖盘
1232,10:31:45,19.91,921504,463,买盘
1233,10:31:48,19.91,976009,490,买盘
1234,10:31:51,19.93,796709,400,买盘
1235,10:31:54,19.91,736407,370,卖盘
1236,10:31:57,19.93,2742427,1376,买盘
1237,10:32:00,19.93,235206,118,卖盘
1238,10:32:03,19.94,1054395,529,买盘
1239,10:32:06,19.94,59810,30,买盘
1240,10:32:09,19.93,81731,41,卖盘
1241,10:32:12,19.93,306951,154,卖盘
1242,10:32:15,19.94,3988,2,买盘
1243,10:32:18,19.93,978563,491,卖盘
1244,10:32:21,19.93,358654,180,卖盘
1245,10:32:24,19.91,117472,59,卖盘
1246,10:32:27,19.9,201005,101,卖盘
1247,10:32:30,19.91,230939,116,买盘
1248,10:32:33,19.91,39811,20,买盘
1249,10:32:36,19.9,21893,11,卖盘
1250,10:32:39,19.9,246766,124,卖盘
1251,10:32:42,19.9,81622,41,卖盘
1252,10:32:45,19.91,81605,41,买盘
1253,10:32:48,19.91,1063191,534,买盘
1254,10:32:51,19.91,151311,76,买盘
1255,10:32:54,19.92,1481304,744,买盘
1256,10:32:57,19.92,557760,280,买盘
1257,10:33:00,19.92,65756,33,中性盘
1258,10:33:03,19.93,336602,169,买盘
1259,10:33:06,19.92,25890,13,中性盘
1260,10:33:09,19.92,147401,74,买盘
1261,10:33:12,19.92,115488,58,中性盘
1262,10:33:15,19.91,85634,43,卖盘
1263,10:33:18,19.91,670967,337,卖盘
1264,10:33:21,19.91,91542,46,买盘
1265,10:33:24,19.92,2660313,1336,买盘
1266,10:33:27,19.93,669648,336,买盘
1267,10:33:30,19.92,1876427,942,卖盘
1268,10:33:33,19.93,25898,13,买盘
1269,10:33:36,19.92,119520,60,卖盘
1270,10:33:39,19.93,139504,70,买盘
1271,10:33:42,19.93,599881,301,买盘
1272,10:33:45,19.93,9965,5,卖盘
1273,10:33:48,19.93,171398,86,卖盘
1274,10:33:51,19.94,1662799,834,买盘
1275,10:33:54,19.94,105689,53,卖盘
1276,10:33:57,19.95,13965,7,买盘
1277,10:34:00,19.95,540618,271,买盘
1278,10:34:03,19.95,103740,52,买盘
1279,10:34:06,19.95,793948,398,买盘
1280,10:34:09,19.94,972860,488,卖盘
1281,10:34:12,19.94,634515,318,卖盘
1282,10:34:15,19.96,115692,58,买盘
1283,10:34:18,19.95,163611,82,中性盘
1284,10:34:21,19.94,604484,303,卖盘
1285,10:34:24,19.96,405018,203,买盘
1286,10:34:27,19.95,175571,88,中性盘
1287,10:34:30,19.94,749963,376,卖盘
1288,10:34:33,19.94,143592,72,卖盘
1289,10:34:36,19.95,183550,92,卖盘
1290,10:34:39,19.95,732377,367,卖盘
1291,10:34:42,19.96,107755,54,中性盘
1292,10:34:45,19.96,19958,10,卖盘
1293,10:34:48,19.97,1162286,582,买盘
1294,10:34:51,19.98,915506,458,中性盘
1295,10:34:54,19.98,101975,51,中性盘
1296,10:34:57,19.99,503787,252,中性盘
1297,10:35:00,19.99,341762,171,买盘
1298,10:35:03,20.02,6512878,3255,买盘
1299,10:35:06,20.01,45984,23,买盘
1300,10:35:09,19.99,1578574,789,卖盘
1301,10:35:12,20.0,345922,173,中性盘
1302,10:35:15,20.0,805789,403,买盘
1303,10:35:18,19.99,171952,86,卖盘
1304,10:35:21,20.0,1893950,947,买盘
1305,10:35:24,20.0,289980,145,买盘
1306,10:35:27,19.97,379817,190,卖盘
1307,10:35:30,19.99,1721092,862,中性盘
1308,10:35:33,20.0,1769618,885,买盘
1309,10:35:36,19.96,399491,200,卖盘
1310,10:35:39,19.99,1623779,813,中性盘
1311,10:35:42,20.0,187921,94,中性盘
1312,10:35:45,20.0,129959,65,买盘
1313,10:35:48,19.97,63904,32,卖盘
1314,10:35:51,20.0,1892463,946,买盘
1315,10:35:54,20.0,3154219,1580,中性盘
1316,10:35:57,19.97,283896,142,卖盘
1317,10:36:00,19.99,283687,142,中性盘
1318,10:36:03,20.0,139874,70,买盘
1319,10:36:06,19.99,13993,7,卖盘
1320,10:36:09,19.99,399981,200,卖盘
1321,10:36:12,20.0,148000,74,买盘
1322,10:36:15,19.99,255920,128,卖盘
1323,10:36:18,19.99,487845,244,买盘
1324,10:36:21,20.0,182015,91,中性盘
1325,10:36:24,20.01,606257,303,买盘
1326,10:36:27,20.02,64057,32,买盘
1327,10:36:30,20.02,1078680,539,买盘
1328,10:36:33,20.01,156146,78,卖盘
1329,10:36:36,20.01,358385,179,卖盘
1330,10:36:39,20.02,550550,275,买盘
1331,10:36:42,20.03,380410,190,买盘
1332,10:36:45,20.02,140114,70,买盘
1333,10:36:48,20.03,250151,125,买盘
1334,10:36:51,20.02,258081,129,买盘
1335,10:36:54,20.0,753727,377,中性盘
1336,10:36:57,19.99,973541,487,中性盘
1337,10:37:00,19.99,403882,202,买盘
1338,10:37:03,20.0,1123438,562,买盘
1339,10:37:06,20.0,416095,208,卖盘
1340,10:37:09,20.01,1092001,546,买盘
1341,10:37:12,20.01,678276,339,买盘
1342,10:37:15,20.01,186144,93,卖盘
1343,10:37:18,20.01,274117,137,买盘
1344,10:37:21,20.01,196126,98,卖盘
1345,10:37:24,20.01,126063,63,买盘
1346,10:37:27,20.01,68034,34,买盘
1347,10:37:30,20.01,648470,324,卖盘
1348,10:37:33,20.01,112059,56,中性盘
1349,10:37:36,20.01,104052,52,买盘
1350,10:37:39,19.99,92024,46,卖盘
1351,10:37:42,20.01,40018,20,买盘
1352,10:37:45,19.99,639848,320,卖盘
1353,10:37:48,19.99,241844,121,买盘
1354,10:37:51,19.98,121931,61,卖盘
1355,10:37:54,19.99,661670,331,买盘
1356,10:37:57,20.0,59997,30,买盘
1357,10:38:00,19.99,267880,134,卖盘
1358,10:38:03,20.0,165957,83,买盘
1359,10:38:06,20.0,52000,26,买盘
1360,10:38:09,19.99,1345363,673,卖盘
1361,10:38:12,19.99,225854,113,买盘
1362,10:38:15,19.98,165871,83,卖盘
1363,10:38:18,19.98,187786,94,中性盘
1364,10:38:21,19.97,87882,44,卖盘
1365,10:38:24,19.97,491295,246,卖盘
1366,10:38:27,19.93,582606,292,卖盘
1367,10:38:30,19.93,145617,73,卖盘
1368,10:38:33,19.94,358648,180,买盘
1369,10:38:36,19.91,153464,77,卖盘
1370,10:38:39,19.91,296980,149,卖盘
1371,10:38:42,19.93,189245,95,买盘
1372,10:38:45,19.94,215192,108,买盘
1373,10:38:48,19.91,139463,70,卖盘
1374,10:38:51,19.93,45829,23,买盘
1375,10:38:54,19.92,87618,44,买盘
1376,10:38:57,19.91,249108,125,卖盘
1377,10:39:00,19.92,1141383,573,中性盘
1378,10:39:03,19.93,43842,22,买盘
1379,10:39:06,19.93,57794,29,买盘
1380,10:39:09,19.93,69737,35,买盘
1381,10:39:12,19.93,223204,112,买盘
1382,10:39:15,19.93,121554,61,买盘
1383,10:39:18,19.93,57797,29,买盘
1384,10:39:21,19.93,75734,38,买盘
1385,10:39:24,19.93,129521,65,买盘
1386,10:39:27,19.92,157431,79,卖盘
1387,10:39:30,19.93,310802,156,中性盘
1388,10:39:33,19.93,63772,32,买盘
1389,10:39:36,19.93,129494,65,买盘
1390,10:39:39,19.92,619525,311,中性盘
1391,10:39:42,19.91,258975,130,卖盘
1392,10:39:45,19.92,77707,39,卖盘
1393,10:39:48,19.93,89669,45,买盘
1394,10:39:51,19.92,378513,190,卖盘
1395,10:39:54,19.92,119510,60,卖盘
1396,10:39:57,19.92,87634,44,买盘
1397,10:40:00,19.92,107552,54,买盘
1398,10:40:03,19.9,1198592,602,卖盘
1399,10:40:06,19.92,916053,460,买盘
1400,10:40:09,19.91,115452,58,买盘
1401,10:40:12,19.91,83603,42,买盘
1402,10:40:15,19.9,674850,339,卖盘
1403,10:40:18,19.91,157276,79,买盘
1404,10:40:21,19.9,135351,68,卖盘
1405,10:40:24,19.91,310556,156,买盘
1406,10:40:27,19.9,240792,121,卖盘
1407,10:40:30,19.9,89585,45,卖盘
1408,10:40:33,19.91,481692,242,买盘
1409,10:40:36,19.91,109502,55,买盘
1410,10:40:39,19.92,544907,274,买盘
1411,10:40:42,19.91,67715,34,卖盘
1412,10:40:45,19.91,133429,67,卖盘
1413,10:40:48,19.92,55768,28,买盘
1414,10:40:51,19.91,87627,44,卖盘
1415,10:40:54,19.92,83647,42,买盘
1416,10:40:57,19.92,69718,35,买盘
1417,10:41:00,19.92,23904,12,买盘
1418,10:41:03,19.91,340563,171,卖盘
1419,10:41:06,19.92,51779,26,买盘
1420,10:41:09,19.92,139440,70,买盘
1421,10:41:12,19.91,197128,99,卖盘
1422,10:41:15,19.92,89640,45,买盘
1423,10:41:18,19.91,191180,96,卖盘
1424,10:41:21,19.92,73693,37,买盘
1425,10:41:24,19.94,1030530,517,买盘
1426,10:41:27,19.91,81649,41,卖盘
1427,10:41:30,19.91,238982,120,卖盘
1428,10:41:33,19.92,99613,50,卖盘
1429,10:41:36,19.93,37867,19,买盘
1430,10:41:39,19.92,245055,123,卖盘
1431,10:41:42,19.92,69764,35,卖盘
1432,10:41:45,19.94,71779,36,买盘
1433,10:41:48,19.94,103649,52,卖盘
1434,10:41:51,19.94,59818,30,买盘
1435,10:41:54,19.93,81713,41,卖盘
1436,10:41:57,19.94,87732,44,买盘
1437,10:42:00,19.93,219242,110,卖盘
1438,10:42:03,19.93,276918,139,买盘
1439,10:42:06,19.92,322792,162,卖盘
1440,10:42:09,19.92,51805,26,卖盘
1441,10:42:12,19.91,223042,112,卖盘
1442,10:42:15,19.9,625193,314,卖盘
1443,10:42:18,19.9,819938,412,卖盘
1444,10:42:21,19.9,157227,79,卖盘
1445,10:42:24,19.9,692545,348,卖盘
1446,10:42:27,19.9,125345,63,买盘
1447,10:42:30,19.89,228766,115,卖盘
1448,10:42:33,19.89,262563,132,卖盘
1449,10:42:36,19.9,87559,44,买盘
1450,10:42:39,19.88,171050,86,卖盘
1451,10:42:42,19.89,69632,35,中性盘
1452,10:42:45,19.89,125302,63,买盘
1453,10:42:48,19.87,1248840,628,卖盘
1454,10:42:51,19.88,447302,225,买盘
1455,10:42:54,19.89,79560,40,买盘
1456,10:42:57,19.88,228633,115,卖盘
1457,10:43:00,19.88,55691,28,卖盘
1458,10:43:03,19.88,1235651,622,卖盘
1459,10:43:06,19.89,1386565,698,买盘
1460,10:43:09,19.89,133160,67,买盘
1461,10:43:12,19.89,200802,101,买盘
1462,10:43:15,19.89,65664,33,卖盘
1463,10:43:18,19.9,198911,100,买盘
1464,10:43:21,19.89,190934,96,卖盘
1465,10:43:24,19.89,178985,90,买盘
1466,10:43:27,19.88,1596365,803,卖盘
1467,10:43:30,19.89,264458,133,买盘
1468,10:43:33,19.89,147164,74,买盘
1469,10:43:36,19.9,117384,59,买盘
1470,10:43:39,19.9,145262,73,买盘
1471,10:43:42,19.9,278577,140,买盘
1472,10:43:45,19.89,258685,130,卖盘
1473,10:43:48,19.9,141359,71,买盘
1474,10:43:51,19.92,189301,95,买盘
1475,10:43:54,19.93,581890,292,买盘
1476,10:43:57,19.92,43843,22,卖盘
1477,10:44:00,19.92,105628,53,卖盘
1478,10:44:03,19.93,306922,154,买盘
1479,10:44:06,19.92,135473,68,卖盘
1480,10:44:09,19.93,213250,107,买盘
1481,10:44:12,19.91,109551,55,卖盘
1482,10:44:15,19.91,57739,29,买盘
1483,10:44:18,19.9,69691,35,卖盘
1484,10:44:21,19.92,53783,27,买盘
1485,10:44:24,19.92,43824,22,买盘
1486,10:44:27,19.92,49800,25,买盘
1487,10:44:30,19.91,69713,35,卖盘
1488,10:44:33,19.92,89630,45,买盘
1489,10:44:36,19.92,151314,76,买盘
1490,10:44:39,19.91,77649,39,买盘
1491,10:44:42,19.9,41810,21,卖盘
1492,10:44:45,19.9,95549,48,卖盘
1493,10:44:48,19.9,475631,239,卖盘
1494,10:44:51,19.91,81628,41,买盘
1495,10:44:54,19.91,81613,41,买盘
1496,10:44:57,19.91,121424,61,买盘
1497,10:45:00,19.91,19910,10,买盘
1498,10:45:03,19.91,61721,31,买盘
1499,10:45:06,19.92,51787,26,买盘
1500,10:45:09,19.92,161330,81,买盘
1501,10:45:12,19.91,33862,17,卖盘
1502,10:45:15,19.92,282669,142,买盘
1503,10:45:18,19.92,276888,139,买盘
1504,10:45:21,19.93,65769,33,买盘
1505,10:45:24,19.93,49825,25,买盘
1506,10:45:27,19.92,157435,79,卖盘
1507,10:45:30,19.93,59787,30,买盘
1508,10:45:33,19.92,350592,176,卖盘
1509,10:45:36,19.92,25896,13,买盘
1510,10:45:39,19.92,83660,42,买盘
1511,10:45:42,19.91,121467,61,卖盘
1512,10:45:45,19.92,25896,13,买盘
1513,10:45:48,19.91,364434,183,卖盘
1514,10:45:51,19.91,27874,14,买盘
1515,10:45:54,19.91,65702,33,买盘
1516,10:45:57,19.91,69665,35,买盘
1517,10:46:00,19.91,185099,93,买盘
1518,10:46:03,19.91,77627,39,买盘
1519,10:46:06,19.91,137339,69,买盘
1520,10:46:09,19.91,69685,35,买盘
1521,10:46:12,19.91,75658,38,买盘
1522,10:46:15,19.91,33846,17,买盘
1523,10:46:18,19.91,83613,42,买盘
1524,10:46:21,19.91,125388,63,买盘
1525,10:46:24,19.9,491530,247,卖盘
1526,10:46:27,19.9,83575,42,买盘
1527,10:46:30,19.89,177066,89,卖盘
1528,10:46:33,19.89,77598,39,卖盘
1529,10:46:36,19.9,111440,56,买盘
1530,10:46:39,19.9,55720,28,买盘
1531,10:46:42,19.91,77640,39,买盘
1532,10:46:45,19.9,366188,184,卖盘
1533,10:46:48,19.9,71640,36,买盘
1534,10:46:51,19.89,61672,31,卖盘
1535,10:46:54,19.89,93528,47,卖盘
1536,10:46:57,19.89,57704,29,卖盘
1537,10:47:00,19.9,85570,43,买盘
1538,10:47:03,19.91,173155,87,买盘
1539,10:47:06,19.91,69667,35,买盘
1540,10:47:09,19.91,87584,44,买盘
1541,10:47:12,19.91,71670,36,买盘
1542,10:47:15,19.91,224783,113,买盘
1543,10:47:18,19.91,55748,28,买盘
1544,10:47:21,19.91,59719,30,买盘
1545,10:47:24,19.91,550989,277,买盘
1546,10:47:27,19.9,79600,40,中性盘
1547,10:47:30,19.9,51740,26,买盘
1548,10:47:33,19.9,37808,19,买盘
1549,10:47:36,19.9,67660,34,买盘
1550,10:47:39,19.88,81566,41,卖盘
1551,10:47:42,19.9,53728,27,买盘
1552,10:47:45,19.9,87534,44,买盘
1553,10:47:48,19.9,73604,37,买盘
1554,10:47:51,19.9,39800,20,买盘
1555,10:47:54,19.88,45744,23,卖盘
1556,10:47:57,19.9,111424,56,买盘
1557,10:48:00,19.9,375764,189,买盘
1558,10:48:03,19.88,103442,52,卖盘
1559,10:48:06,19.88,63638,32,卖盘
1560,10:48:09,19.9,85570,43,买盘
1561,10:48:12,19.9,31840,16,买盘
1562,10:48:15,19.9,139279,70,买盘
1563,10:48:18,19.88,33820,17,卖盘
1564,10:48:21,19.89,77571,39,中性盘
1565,10:48:24,19.87,429395,216,卖盘
1566,10:48:27,19.88,83491,42,买盘
1567,10:48:30,19.88,71562,36,买盘
1568,10:48:33,19.88,81520,41,买盘
1569,10:48:36,19.87,256334,129,卖盘
1570,10:48:39,19.88,73556,37,买盘
1571,10:48:42,19.88,29820,15,卖盘
1572,10:48:45,19.89,77512,39,买盘
1573,10:48:48,19.89,25857,13,买盘
1574,10:48:51,19.89,39771,20,买盘
1575,10:48:54,19.89,326207,164,卖盘
1576,10:48:57,19.9,73628,37,买盘
1577,10:49:00,19.9,53719,27,买盘
1578,10:49:03,19.9,127337,64,买盘
1579,10:49:06,19.9,61680,31,买盘
1580,10:49:09,19.9,99494,50,买盘
1581,10:49:12,19.9,35817,18,买盘
1582,10:49:15,19.9,93521,47,买盘
1583,10:49:18,19.9,45783,23,卖盘
1584,10:49:21,19.91,69677,35,买盘
1585,10:49:24,19.9,449733,226,卖盘
1586,10:49:27,19.9,125341,63,买盘
1587,10:49:30,19.9,157209,79,买盘
1588,10:49:33,19.9,101479,51,买盘
1589,10:49:36,19.9,260680,131,买盘
1590,10:49:39,19.9,95520,48,买盘
1591,10:49:42,19.91,25883,13,买盘
1592,10:49:45,19.91,63697,32,买盘
1593,10:49:48,19.91,196968,99,买盘
1594,10:49:51,19.9,39800,20,买盘
1595,10:49:54,19.9,87560,44,买盘
1596,10:49:57,19.9,23880,12,买盘
1597,10:50:00,19.89,188990,95,卖盘
1598,10:50:03,19.89,27859,14,卖盘
1599,10:50:06,19.9,95502,48,买盘
1600,10:50:09,19.89,87555,44,卖盘
1601,10:50:12,19.9,87551,44,买盘
1602,10:50:15,19.9,31840,16,买盘
1603,10:50:18,19.9,59699,30,买盘
1604,10:50:21,19.9,23880,12,买盘
1605,10:50:24,19.9,123350,62,买盘
1606,10:50:27,19.89,71631,36,卖盘
1607,10:50:30,19.9,53730,27,买盘
1608,10:50:33,19.89,161124,81,卖盘
1609,10:50:36,19.91,127345,64,买盘
1610,10:50:39,19.91,19910,10,买盘
1611,10:50:42,19.91,89583,45,买盘
1612,10:50:45,19.9,41805,21,卖盘
1613,10:50:48,19.91,69684,35,买盘
1614,10:50:51,19.9,33846,17,卖盘
1615,10:50:54,19.91,224973,113,买盘
1616,10:50:57,19.91,67674,34,买盘
1617,10:51:00,19.91,97533,49,买盘
1618,10:51:03,19.91,57721,29,买盘
1619,10:51:06,19.91,63711,32,买盘
1620,10:51:09,19.9,191073,96,卖盘
1621,10:51:12,19.9,63680,32,买盘
1622,10:51:15,19.9,77625,39,卖盘
1623,10:51:18,19.9,107493,54,卖盘
1624,10:51:21,19.9,77610,39,买盘
1625,10:51:24,19.9,113420,57,买盘
1626,10:51:27,19.9,161169,81,买盘
1627,10:51:30,19.91,228965,115,买盘
1628,10:51:33,19.9,67681,34,卖盘
1629,10:51:36,19.9,344287,173,卖盘
1630,10:51:39,19.91,99510,50,买盘
1631,10:51:42,19.9,25870,13,买盘
1632,10:51:45,19.89,163214,82,卖盘
1633,10:51:48,19.89,57694,29,卖盘
1634,10:51:51,19.9,123368,62,买盘
1635,10:51:54,19.91,35836,18,买盘
1636,10:51:57,19.91,63712,32,买盘
1637,10:52:00,19.91,49805,25,买盘
1638,10:52:03,19.91,141366,71,买盘
1639,10:52:06,19.92,55760,28,买盘
1640,10:52:09,19.92,73700,37,买盘
1641,10:52:12,19.92,93611,47,买盘
1642,10:52:15,19.92,944208,474,买盘
1643,10:52:18,19.92,199238,100,买盘
1644,10:52:21,19.93,63776,32,买盘
1645,10:52:24,19.93,29899,15,买盘
1646,10:52:27,19.94,139561,70,买盘
1647,10:52:30,19.94,137586,69,买盘
1648,10:52:33,19.94,85727,43,买盘
1649,10:52:36,19.94,25922,13,买盘
1650,10:52:39,19.93,49846,25,中性盘
1651,10:52:42,19.93,71755,36,买盘
1652,10:52:45,19.92,83675,42,卖盘
1653,10:52:48,19.91,286826,144,卖盘
1654,10:52:51,19.93,155443,78,买盘
1655,10:52:54,19.93,115574,58,买盘
1656,10:52:57,19.94,53821,27,买盘
1657,10:53:00,19.94,141498,71,买盘
1658,10:53:03,19.93,820738,412,中性盘
1659,10:53:06,19.92,262887,132,买盘
1660,10:53:09,19.91,45810,23,卖盘
1661,10:53:12,19.92,61752,31,买盘
1662,10:53:15,19.92,35856,18,买盘
1663,10:53:18,19.92,81672,41,买盘
1664,10:53:21,19.92,139438,70,买盘
1665,10:53:24,19.92,109560,55,买盘
1666,10:53:27,19.92,65736,33,买盘
1667,10:53:30,19.92,229101,115,卖盘
1668,10:53:33,19.93,31881,16,买盘
1669,10:53:36,19.92,75689,38,买盘
1670,10:53:39,19.92,99615,50,卖盘
1671,10:53:42,19.93,113562,57,买盘
1672,10:53:45,19.92,79680,40,卖盘
1673,10:53:48,19.93,173387,87,买盘
1674,10:53:51,19.93,97624,49,买盘
1675,10:53:54,19.93,41853,21,买盘
1676,10:53:57,19.93,83706,42,买盘
1677,10:54:00,19.93,65762,33,买盘
1678,10:54:03,19.92,340650,171,卖盘
1679,10:54:06,19.93,461959,232,买盘
1680,10:54:09,19.9,49796,25,卖盘
1681,10:54:12,19.92,55776,28,买盘
1682,10:54:15,19.93,263055,132,买盘
1683,10:54:18,19.92,107559,54,中性盘
1684,10:54:21,19.92,21910,11,买盘
1685,10:54:24,19.93,35863,18,买盘
1686,10:54:27,19.93,63776,32,买盘
1687,10:54:30,19.92,29894,15,卖盘
1688,10:54:33,19.92,93658,47,卖盘
1689,10:54:36,19.91,91633,46,卖盘
1690,10:54:39,19.93,33871,17,买盘
1691,10:54:42,19.91,221022,111,卖盘
1692,10:54:45,19.91,316569,159,买盘
1693,10:54:48,19.91,882013,443,买盘
1694,10:54:51,19.92,73693,37,买盘
1695,10:54:54,19.91,155314,78,卖盘
1696,10:54:57,19.92,67728,34,买盘
1697,10:55:00,19.91,93600,47,卖盘
1698,10:55:03,19.92,1205842,605,买盘
1699,10:55:06,19.93,25921,13,卖盘
1700,10:55:09,19.93,93671,47,买盘
1701,10:55:12,19.93,43845,22,卖盘
1702,10:55:15,19.93,51818,26,买盘
1703,10:55:18,19.92,91632,46,卖盘
1704,10:55:21,19.93,127518,64,买盘
1705,10:55:24,19.92,41832,21,卖盘
1706,10:55:27,19.92,215071,108,买盘
1707,10:55:30,19.93,39841,20,买盘
1708,10:55:33,19.93,109546,55,买盘
1709,10:55:36,19.93,19930,10,买盘
1710,10:55:39,19.93,95642,48,买盘
1711,10:55:42,19.93,71746,36,买盘
1712,10:55:45,19.93,63772,32,买盘
1713,10:55:48,19.93,21923,11,买盘
1714,10:55:51,19.93,221194,111,买盘
1715,10:55:54,19.93,25906,13,买盘
1716,10:55:57,19.93,368545,185,买盘
1717,10:56:00,19.92,95628,48,卖盘
1718,10:56:03,19.92,31872,16,买盘
1719,10:56:06,19.92,51792,26,买盘
1720,10:56:09,19.91,143369,72,卖盘
1721,10:56:12,19.92,115536,58,买盘
1722,10:56:15,19.92,43824,22,买盘
1723,10:56:18,19.92,193164,97,买盘
1724,10:56:21,19.92,87648,44,买盘
1725,10:56:24,19.92,856541,430,买盘
1726,10:56:27,19.92,233058,117,买盘
1727,10:56:30,19.92,149368,75,买盘
1728,10:56:33,19.92,33863,17,买盘
1729,10:56:36,19.92,69712,35,买盘
1730,10:56:39,19.91,87621,44,卖盘
1731,10:56:42,19.92,77688,39,买盘
1732,10:56:45,19.92,117526,59,买盘
1733,10:56:48,19.92,256967,129,买盘
1734,10:56:51,19.91,111525,56,卖盘
1735,10:56:54,19.91,107550,54,卖盘
1736,10:56:57,19.92,39840,20,买盘
1737,10:57:00,19.92,91624,46,买盘
1738,10:57:03,19.92,51783,26,买盘
1739,10:57:06,19.92,51792,26,买盘
1740,10:57:09,19.92,55770,28,卖盘
1741,10:57:12,19.92,93609,47,买盘
1742,10:57:15,19.92,141385,71,卖盘
1743,10:57:18,19.92,131463,66,买盘
1744,10:57:21,19.92,27888,14,买盘
1745,10:57:24,19.92,105572,53,买盘
1746,10:57:27,19.92,135456,68,买盘
1747,10:57:30,19.93,151418,76,买盘
1748,10:57:33,19.92,1898370,953,卖盘
1749,10:57:36,19.92,521665,262,买盘
1750,10:57:39,19.91,53749,27,买盘
1751,10:57:42,19.91,77649,39,买盘
1752,10:57:45,19.91,513865,258,买盘
1753,10:57:48,19.91,69708,35,卖盘
1754,10:57:51,19.91,77651,39,中性盘
1755,10:57:54,19.9,83591,42,卖盘
1756,10:57:57,19.91,63712,32,买盘
1757,10:58:00,19.9,632835,318,卖盘
1758,10:58:03,19.91,181108,91,买盘
1759,10:58:06,19.92,187174,94,买盘
1760,10:58:09,19.92,97587,49,买盘
1761,10:58:12,19.9,1329965,668,卖盘
1762,10:58:15,19.9,87555,44,买盘
1763,10:58:18,19.89,63736,32,卖盘
1764,10:58:21,19.9,69650,35,买盘
1765,10:58:24,19.9,79574,40,买盘
1766,10:58:27,19.9,69650,35,买盘
1767,10:58:30,19.89,171069,86,卖盘
1768,10:58:33,19.9,95515,48,买盘
1769,10:58:36,19.9,69670,35,卖盘
1770,10:58:39,19.9,137334,69,卖盘
1771,10:58:42,19.9,85570,43,卖盘
1772,10:58:45,19.9,83570,42,买盘
1773,10:58:48,19.89,85541,43,卖盘
1774,10:58:51,19.9,89537,45,买盘
1775,10:58:54,19.88,147179,74,卖盘
1776,10:58:57,19.9,107454,54,买盘
1777,10:59:00,19.88,403737,203,卖盘
1778,10:59:03,19.89,67626,34,买盘
1779,10:59:06,19.88,65617,33,卖盘
1780,10:59:09,19.89,469213,236,买盘
1781,10:59:12,19.88,139175,70,卖盘
1782,10:59:15,19.89,151116,76,买盘
1783,10:59:18,19.88,83510,42,卖盘
1784,10:59:21,19.88,181013,91,卖盘
1785,10:59:24,19.88,260306,131,卖盘
1786,10:59:27,19.88,610316,307,买盘
1787,10:59:30,19.88,59640,30,买盘
1788,10:59:33,19.87,286318,144,卖盘
1789,10:59:36,19.88,43731,22,买盘
1790,10:59:39,19.87,109354,55,卖盘
1791,10:59:42,19.89,69610,35,买盘
1792,10:59:45,19.88,51710,26,卖盘
1793,10:59:48,19.89,334145,168,买盘
1794,10:59:51,19.89,429604,216,卖盘
1795,10:59:54,19.89,89537,45,卖盘
1796,10:59:57,19.89,175060,88,卖盘
1797,11:00:00,19.9,135297,68,买盘
1798,11:00:03,19.89,153219,77,卖盘
1799,11:00:06,19.89,127291,64,买盘
1800,11:00:09,19.89,89482,45,买盘
1801,11:00:12,19.89,137213,69,买盘
1802,11:00:15,19.88,27845,14,卖盘
1803,11:00:18,19.89,234662,118,买盘
1804,11:00:21,19.89,367953,185,买盘
1805,11:00:24,19.9,266529,134,买盘
1806,11:00:27,19.9,99471,50,买盘
1807,11:00:30,19.89,53704,27,卖盘
1808,11:00:33,19.88,346080,174,卖盘
1809,11:00:36,19.9,1990,1,买盘
1810,11:00:39,19.89,71604,36,卖盘
1811,11:00:42,19.89,55695,28,卖盘
1812,11:00:45,19.89,31824,16,卖盘
1813,11:00:48,19.89,75608,38,卖盘
1814,11:00:51,19.89,1217816,612,卖盘
1815,11:00:57,19.89,75582,38,卖盘
1816,11:01:00,19.89,25857,13,卖盘
1817,11:01:03,19.89,662668,333,卖盘
1818,11:01:06,19.9,19900,10,买盘
1819,11:01:09,19.9,89529,45,买盘
1820,11:01:12,19.89,115368,58,卖盘
1821,11:01:15,19.89,11934,6,卖盘
1822,11:01:18,19.89,47737,24,卖盘
1823,11:01:21,19.89,9945,5,卖盘
1824,11:01:24,19.9,298759,150,买盘
1825,11:01:27,19.9,41790,21,卖盘
1826,11:01:30,19.9,63680,32,卖盘
1827,11:01:33,19.91,65686,33,买盘
1828,11:01:36,19.9,21890,11,卖盘
1829,11:01:39,19.9,27860,14,卖盘
1830,11:01:42,19.9,13930,7,卖盘
1831,11:01:45,19.9,29853,15,卖盘
1832,11:01:48,19.9,9950,5,卖盘
1833,11:01:51,19.9,93271,47,卖盘
1834,11:01:54,19.9,23880,12,买盘
1835,11:01:57,19.9,19900,10,买盘
1836,11:02:00,19.9,119400,60,买盘
1837,11:02:03,19.9,81590,41,买盘
1838,11:02:09,19.89,11937,6,卖盘
1839,11:02:15,19.89,27846,14,卖盘
1840,11:02:18,19.9,111414,56,买盘
1841,11:02:21,19.9,7960,4,买盘
1842,11:02:27,19.89,42033,21,卖盘
1843,11:02:30,19.89,439310,221,卖盘
1844,11:02:33,19.89,67603,34,买盘
1845,11:02:36,19.89,35802,18,买盘
1846,11:02:39,19.89,867601,436,买盘
1847,11:02:42,19.89,93502,47,卖盘
1848,11:02:45,19.89,131274,66,卖盘
1849,11:02:48,19.89,113375,57,卖盘
1850,11:02:51,19.89,79562,40,卖盘
1851,11:02:54,19.9,21880,11,买盘
1852,11:02:57,19.9,3980,2,买盘
1853,11:03:00,19.89,37804,19,卖盘
1854,11:03:03,19.89,81549,41,卖盘
1855,11:03:06,19.9,13930,7,买盘
1856,11:03:09,19.9,63680,32,买盘
1857,11:03:12,19.9,105470,53,卖盘
1858,11:03:15,19.9,87560,44,卖盘
1859,11:03:18,19.9,97523,49,卖盘
1860,11:03:21,19.9,49744,25,买盘
1861,11:03:24,19.89,23879,12,卖盘
1862,11:03:27,19.9,159173,80,中性盘
1863,11:03:30,19.9,9950,5,买盘
1864,11:03:33,19.89,143224,72,卖盘
1865,11:03:36,19.89,49725,25,卖盘
1866,11:03:39,19.88,1191339,599,卖盘
1867,11:03:42,19.88,69609,35,卖盘
1868,11:03:48,19.88,39763,20,卖盘
1869,11:03:51,19.88,43736,22,卖盘
1870,11:03:57,19.89,39780,20,买盘
1871,11:04:00,19.88,97422,49,卖盘
1872,11:04:03,19.88,206754,104,卖盘
1873,11:04:06,19.88,290248,146,卖盘
1874,11:04:09,19.88,105364,53,卖盘
1875,11:04:12,19.88,19883,10,卖盘
1876,11:04:15,19.89,399621,201,买盘
1877,11:04:18,19.88,91448,46,卖盘
1878,11:04:21,19.89,41749,21,买盘
1879,11:04:24,19.88,25844,13,卖盘
1880,11:04:27,19.88,99400,50,卖盘
1881,11:04:33,19.88,145114,73,买盘
1882,11:04:36,19.89,2774060,1395,买盘
1883,11:04:39,19.89,123320,62,卖盘
1884,11:04:42,19.89,19890,10,卖盘
1885,11:04:45,19.88,1988,1,卖盘
1886,11:04:48,19.89,2029180,1019,买盘
1887,11:04:51,19.89,5967,3,卖盘
1888,11:04:54,19.89,3978,2,中性盘
1889,11:04:57,19.9,19894,10,买盘
1890,11:05:00,19.89,1989,1,卖盘
1891,11:05:03,19.89,17901,9,买盘
1892,11:05:06,19.89,17907,9,卖盘
1893,11:05:09,19.89,31834,16,卖盘
1894,11:05:12,19.89,3978,2,中性盘
1895,11:05:15,19.88,9940,5,卖盘
1896,11:05:18,19.89,35802,18,买盘
1897,11:05:24,19.89,29835,15,买盘
1898,11:05:30,19.89,113367,57,买盘
1899,11:05:33,19.88,33796,17,卖盘
1900,11:05:36,19.88,19885,10,卖盘
1901,11:05:39,19.88,41748,21,卖盘
1902,11:05:42,19.88,3671456,1848,卖盘
1903,11:05:48,19.88,19877,10,买盘
1904,11:05:51,19.87,9935,5,卖盘
1905,11:05:54,19.88,11923,6,买盘
1906,11:05:57,19.87,19870,10,卖盘
1907,11:06:00,19.88,9938,5,买盘
1908,11:06:03,19.87,25831,13,卖盘
1909,11:06:06,19.87,29805,15,卖盘
1910,11:06:09,19.87,21857,11,卖盘
1911,11:06:12,19.86,31789,16,卖盘
1912,11:06:15,19.86,67525,34,卖盘
1913,11:06:18,19.87,347870,175,买盘
1914,11:06:21,19.87,3974,2,卖盘
1915,11:06:24,19.86,77462,39,卖盘
1916,11:06:27,19.87,23836,12,中性盘
1917,11:06:30,19.86,83417,42,卖盘
1918,11:06:33,19.88,9938,5,买盘
1919,11:06:36,19.86,43692,22,卖盘
1920,11:06:39,19.86,19860,10,卖盘
1921,11:06:42,19.86,131183,66,卖盘
1922,11:06:45,19.88,19874,10,买盘
1923,11:06:51,19.87,31792,16,买盘
1924,11:06:54,19.87,27818,14,卖盘
1925,11:07:00,19.86,61577,31,卖盘
1926,11:07:03,19.87,89404,45,买盘
1927,11:07:06,19.87,117233,59,买盘
1928,11:07:09,19.87,23844,12,卖盘
1929,11:07:12,19.86,1675029,843,卖盘
1930,11:07:15,19.87,280167,141,买盘
1931,11:07:18,19.87,53649,27,买盘
1932,11:07:21,19.86,111216,56,卖盘
1933,11:07:24,19.87,39732,20,买盘
1934,11:07:27,19.86,49655,25,卖盘
1935,11:07:30,19.86,148950,75,卖盘
1936,11:07:33,19.87,202581,102,买盘
1937,11:07:36,19.86,182712,92,卖盘
1938,11:07:39,19.87,254217,128,买盘
1939,11:07:42,19.86,39730,20,卖盘
1940,11:07:45,19.86,625577,315,卖盘
1941,11:07:48,19.85,49630,25,卖盘
1942,11:07:51,19.86,1516559,764,买盘
1943,11:07:54,19.85,347408,175,卖盘
1944,11:07:57,19.85,115130,58,卖盘
1945,11:08:00,19.86,158819,80,买盘
1946,11:08:03,19.85,13895,7,卖盘
1947,11:08:06,19.84,9920,5,卖盘
1948,11:08:09,19.84,160738,81,卖盘
1949,11:08:12,19.85,204353,103,买盘
1950,11:08:15,19.85,454348,229,买盘
1951,11:08:18,19.84,242059,122,卖盘
1952,11:08:21,19.84,124992,63,卖盘
1953,11:08:24,19.84,380928,192,卖盘
1954,11:08:27,19.84,1382164,697,买盘
1955,11:08:30,19.83,3966,2,卖盘
1956,11:08:33,19.83,83306,42,卖盘
1957,11:08:36,19.83,59490,30,卖盘
1958,11:08:39,19.83,233994,118,卖盘
1959,11:08:42,19.83,644661,325,买盘
1960,11:08:45,19.83,130904,66,卖盘
1961,11:08:48,19.83,15864,8,卖盘
1962,11:08:51,19.83,65465,33,卖盘
1963,11:08:54,19.82,1987353,1002,卖盘
1964,11:08:57,19.83,630462,318,中性盘
1965,11:09:00,19.83,265715,134,卖盘
1966,11:09:03,19.84,63465,32,买盘
1967,11:09:06,19.85,458310,231,买盘
1968,11:09:09,19.85,581599,293,买盘
1969,11:09:12,19.84,561715,283,卖盘
1970,11:09:15,19.85,65527,33,卖盘
1971,11:09:18,19.84,148867,75,卖盘
1972,11:09:21,19.85,827393,417,买盘
1973,11:09:24,19.85,79369,40,买盘
1974,11:09:27,19.85,61530,31,买盘
1975,11:09:30,19.85,85340,43,买盘
1976,11:09:33,19.85,170653,86,买盘
1977,11:09:36,19.85,1637166,825,买盘
1978,11:09:39,19.84,551599,278,卖盘
1979,11:09:42,19.85,287698,145,中性盘
1980,11:09:45,19.84,275786,139,卖盘
1981,11:09:48,19.86,698449,352,买盘
1982,11:09:51,19.85,49625,25,卖盘
1983,11:09:54,19.85,434722,219,卖盘
1984,11:09:57,19.86,273937,138,买盘
1985,11:10:00,19.85,3970,2,卖盘
1986,11:10:03,19.85,15880,8,卖盘
1987,11:10:06,19.86,748269,377,买盘
1988,11:10:09,19.85,939374,473,卖盘
1989,11:10:12,19.86,21846,11,买盘
1990,11:10:15,19.85,150920,76,卖盘
1991,11:10:18,19.85,661313,333,卖盘
1992,11:10:21,19.84,1258942,634,卖盘
1993,11:10:24,19.86,148950,75,买盘
1994,11:10:27,19.85,287828,145,卖盘
1995,11:10:30,19.85,41700,21,卖盘
1996,11:10:33,19.85,895252,451,卖盘
1997,11:10:36,19.85,190560,96,卖盘
1998,11:10:39,19.85,23822,12,卖盘
1999,11:10:45,19.85,21836,11,卖盘
2000,11:10:48,19.86,33755,17,买盘
2001,11:10:51,19.86,11915,6,买盘
2002,11:10:54,19.85,718570,362,卖盘
2003,11:10:57,19.85,156813,79,买盘
2004,11:11:00,19.85,41692,21,卖盘
2005,11:11:03,19.85,7940,4,卖盘
2006,11:11:06,19.86,220428,111,买盘
2007,11:11:09,19.85,65530,33,卖盘
2008,11:11:12,19.85,121124,61,卖盘
2009,11:11:15,19.85,45674,23,卖盘
2010,11:11:18,19.86,7942,4,买盘
2011,11:11:21,19.85,21838,11,卖盘
2012,11:11:24,19.85,69487,35,卖盘
2013,11:11:27,19.85,57568,29,卖盘
2014,11:11:30,19.85,246150,124,卖盘
2015,11:11:33,19.86,5957,3,买盘
2016,11:11:36,19.86,1223076,616,买盘
2017,11:11:39,19.85,630939,318,卖盘
2018,11:11:42,19.85,17865,9,卖盘
2019,11:11:45,19.85,67495,34,卖盘
2020,11:11:48,19.84,81365,41,卖盘
2021,11:11:51,19.86,1184750,597,买盘
2022,11:11:54,19.84,265871,134,卖盘
2023,11:11:57,19.85,309571,156,中性盘
2024,11:12:00,19.85,23820,12,买盘
2025,11:12:03,19.86,126993,64,买盘
2026,11:12:06,19.85,75405,38,中性盘
2027,11:12:09,19.85,37725,19,买盘
2028,11:12:12,19.86,67517,34,买盘
2029,11:12:15,19.85,1985,1,卖盘
2030,11:12:18,19.86,71494,36,买盘
2031,11:12:21,19.86,111167,56,买盘
2032,11:12:24,19.86,15887,8,买盘
2033,11:12:27,19.86,19858,10,买盘
2034,11:12:30,19.85,123070,62,卖盘
2035,11:12:33,19.85,127077,64,卖盘
2036,11:12:36,19.85,27790,14,卖盘
2037,11:12:39,19.85,3970,2,卖盘
2038,11:12:42,19.86,67518,34,买盘
2039,11:12:48,19.85,1985,1,卖盘
2040,11:12:51,19.85,9925,5,卖盘
2041,11:12:57,19.86,113176,57,买盘
2042,11:13:00,19.86,37729,19,买盘
2043,11:13:03,19.87,2383680,1200,买盘
2044,11:13:06,19.87,63596,32,中性盘
2045,11:13:09,19.87,37750,19,买盘
2046,11:13:12,19.88,196808,99,买盘
2047,11:13:15,19.87,23844,12,卖盘
2048,11:13:18,19.86,1986,1,卖盘
2049,11:13:21,19.88,55660,28,买盘
2050,11:13:24,19.88,17889,9,买盘
2051,11:13:27,19.87,5961,3,卖盘
2052,11:13:30,19.88,373746,188,买盘
2053,11:13:33,19.88,13916,7,卖盘
2054,11:13:36,19.88,145124,73,卖盘
2055,11:13:39,19.89,280371,141,买盘
2056,11:13:42,19.89,180991,91,买盘
2057,11:13:45,19.89,33812,17,买盘
2058,11:13:48,19.89,230612,116,买盘
2059,11:13:51,19.88,465192,234,卖盘
2060,11:13:54,19.88,431386,217,买盘
2061,11:13:57,19.88,87404,44,买盘
2062,11:14:00,19.86,51673,26,卖盘
2063,11:14:03,19.88,413137,208,买盘
2064,11:14:06,19.87,845957,426,中性盘
2065,11:14:09,19.88,13914,7,买盘
2066,11:14:15,19.88,19880,10,买盘
2067,11:14:18,19.86,59632,30,卖盘
2068,11:14:21,19.88,238504,120,买盘
2069,11:14:24,19.88,37775,19,卖盘
2070,11:14:27,19.87,23854,12,卖盘
2071,11:14:33,19.88,19880,10,中性盘
2072,11:14:36,19.87,19870,10,卖盘
2073,11:14:39,19.88,27832,14,买盘
2074,11:14:42,19.88,49700,25,卖盘
2075,11:14:45,19.88,3976,2,卖盘
2076,11:14:48,19.88,133196,67,卖盘
2077,11:14:51,19.88,618348,311,买盘
2078,11:14:54,19.87,41740,21,卖盘
2079,11:14:57,19.88,11928,6,买盘
2080,11:15:00,19.88,11928,6,买盘
2081,11:15:03,19.87,135114,68,卖盘
2082,11:15:06,19.87,9935,5,买盘
2083,11:15:09,19.87,202657,102,买盘
2084,11:15:12,19.88,107336,54,买盘
2085,11:15:15,19.88,5962,3,买盘
2086,11:15:18,19.87,232479,117,卖盘
2087,11:15:21,19.87,63614,32,卖盘
2088,11:15:27,19.87,218755,110,卖盘
2089,11:15:30,19.87,1987,1,卖盘
2090,11:15:33,19.87,59610,30,卖盘
2091,11:15:36,19.87,39740,20,卖盘
2092,11:15:39,19.88,71535,36,买盘
2093,11:15:42,19.88,17884,9,买盘
2094,11:15:45,19.87,37753,19,卖盘
2095,11:15:48,19.86,11916,6,卖盘
2096,11:15:51,19.87,51656,26,买盘
2097,11:15:54,19.86,21846,11,卖盘
2098,11:15:57,19.86,180726,91,卖盘
2099,11:16:00,19.86,661338,333,卖盘
2100,11:16:03,19.86,160842,81,买盘
2101,11:16:06,19.86,37734,19,买盘
2102,11:16:09,19.87,451039,227,买盘
2103,11:16:12,19.86,53622,27,卖盘
2104,11:16:15,19.87,148975,75,买盘
2105,11:16:18,19.86,5958,3,卖盘
2106,11:16:21,19.86,61566,31,卖盘
2107,11:16:24,19.86,45681,23,买盘
2108,11:16:27,19.86,5958,3,卖盘
2109,11:16:30,19.86,13899,7,买盘
2110,11:16:33,19.86,49650,25,买盘
2111,11:16:36,19.86,911570,459,买盘
2112,11:16:39,19.86,643464,324,买盘
2113,11:16:42,19.87,15896,8,买盘
2114,11:16:45,19.86,9930,5,卖盘
2115,11:16:51,19.86,53622,27,卖盘
2116,11:16:57,19.87,1987,1,买盘
2117,11:17:00,19.85,81418,41,卖盘
2118,11:17:03,19.87,19870,10,买盘
2119,11:17:06,19.87,121188,61,买盘
2120,11:17:09,19.86,11916,6,卖盘
2121,11:17:12,19.86,3972,2,卖盘
2122,11:17:15,19.87,49675,25,买盘
2123,11:17:18,19.86,351530,177,卖盘
2124,11:17:21,19.86,9930,5,卖盘
2125,11:17:24,19.87,27815,14,买盘
2126,11:17:27,19.87,101337,51,买盘
2127,11:17:33,19.86,47664,24,卖盘
2128,11:17:36,19.86,9930,5,卖盘
2129,11:17:39,19.86,57594,29,卖盘
2130,11:17:42,19.86,23832,12,卖盘
2131,11:17:45,19.86,101321,51,卖盘
2132,11:17:48,19.86,129090,65,卖盘
2133,11:17:51,19.87,71501,36,买盘
2134,11:17:54,19.87,649740,327,买盘
2135,11:17:57,19.86,91376,46,卖盘
2136,11:18:00,19.86,41706,21,卖盘
2137,11:18:03,19.86,17874,9,卖盘
2138,11:18:06,19.86,716946,361,卖盘
2139,11:18:09,19.89,1009904,508,买盘
2140,11:18:12,19.87,154911,78,买盘
2141,11:18:15,19.86,21856,11,卖盘
2142,11:18:18,19.87,55641,28,买盘
2143,11:18:21,19.86,75486,38,卖盘
2144,11:18:24,19.87,13909,7,买盘
2145,11:18:27,19.86,83412,42,卖盘
2146,11:18:30,19.87,23841,12,买盘
2147,11:18:33,19.85,73481,37,卖盘
2148,11:18:36,19.85,562007,283,卖盘
2149,11:18:42,19.87,87399,44,买盘
2150,11:18:48,19.87,5961,3,买盘
2151,11:18:51,19.86,21854,11,卖盘
2152,11:18:57,19.86,1986,1,卖盘
2153,11:19:00,19.86,53622,27,卖盘
2154,11:19:03,19.86,5958,3,卖盘
2155,11:19:06,19.87,456804,230,买盘
2156,11:19:09,19.87,1987,1,中性盘
2157,11:19:12,19.86,91356,46,中性盘
2158,11:19:15,19.87,53631,27,买盘
2159,11:19:18,19.87,23833,12,买盘
2160,11:19:21,19.85,107204,54,卖盘
2161,11:19:24,19.87,29799,15,买盘
2162,11:19:27,19.87,516122,260,买盘
2163,11:19:30,19.88,57624,29,买盘
2164,11:19:33,19.87,27830,14,卖盘
2165,11:19:36,19.87,43714,22,卖盘
2166,11:19:39,19.88,23856,12,买盘
2167,11:19:45,19.87,65573,33,卖盘
2168,11:19:48,19.88,21868,11,买盘
2169,11:19:51,19.87,152999,77,卖盘
2170,11:19:54,19.87,538727,271,卖盘
2171,11:19:57,19.87,3975,2,卖盘
2172,11:20:00,19.88,1988,1,买盘
2173,11:20:03,19.87,198700,100,卖盘
2174,11:20:06,19.87,21857,11,卖盘
2175,11:20:09,19.88,21858,11,买盘
2176,11:20:12,19.87,21862,11,卖盘
2177,11:20:15,19.88,35782,18,买盘
2178,11:20:18,19.88,101368,51,买盘
2179,11:20:24,19.88,9939,5,买盘
2180,11:20:27,19.88,127208,64,买盘
2181,11:20:30,19.88,17884,9,买盘
2182,11:20:36,19.87,242414,122,卖盘
2183,11:20:39,19.86,228396,115,卖盘
2184,11:20:42,19.86,47664,24,卖盘
2185,11:20:45,19.86,91319,46,买盘
2186,11:20:48,19.86,19860,10,买盘
2187,11:20:51,19.86,57575,29,买盘
2188,11:20:57,19.86,79410,40,买盘
2189,11:21:00,19.85,57575,29,卖盘
2190,11:21:03,19.86,77443,39,买盘
2191,11:21:06,19.86,309816,156,卖盘
2192,11:21:09,19.85,59574,30,卖盘
2193,11:21:12,19.87,19870,10,买盘
2194,11:21:15,19.85,21839,11,卖盘
2195,11:21:18,19.85,33745,17,卖盘
2196,11:21:21,19.86,5958,3,中性盘
2197,11:21:24,19.86,107246,54,卖盘
2198,11:21:33,19.86,65510,33,买盘
2199,11:21:36,19.85,27790,14,卖盘
2200,11:21:39,19.85,121135,61,卖盘
2201,11:21:42,19.85,176665,89,卖盘
2202,11:21:45,19.85,154832,78,卖盘
2203,11:21:48,19.85,17865,9,卖盘
2204,11:21:51,19.85,33745,17,卖盘
2205,11:21:57,19.85,31760,16,卖盘
2206,11:22:00,19.85,5955,3,卖盘
2207,11:22:03,19.85,176710,89,卖盘
2208,11:22:06,19.86,7944,4,买盘
2209,11:22:09,19.85,11910,6,卖盘
2210,11:22:12,19.85,83370,42,卖盘
2211,11:22:15,19.85,1289609,650,卖盘
2212,11:22:18,19.83,57552,29,卖盘
2213,11:22:21,19.84,55574,28,中性盘
2214,11:22:24,19.85,33731,17,买盘
2215,11:22:27,19.84,99166,50,买盘
2216,11:22:30,19.82,4279993,2159,卖盘
2217,11:22:33,19.83,27762,14,中性盘
2218,11:22:36,19.83,59461,30,买盘
2219,11:22:39,19.82,786814,397,卖盘
2220,11:22:42,19.82,138781,70,买盘
2221,11:22:45,19.82,3833280,1935,卖盘
2222,11:22:48,19.82,37660,19,卖盘
2223,11:22:51,19.82,1650197,833,卖盘
2224,11:22:54,19.83,267572,135,买盘
2225,11:22:57,19.83,299432,151,买盘
2226,11:23:00,19.84,91219,46,买盘
2227,11:23:03,19.84,23806,12,买盘
2228,11:23:06,19.83,138810,70,卖盘
2229,11:23:09,19.84,79325,40,买盘
2230,11:23:12,19.84,7042265,3556,买盘
2231,11:23:15,19.82,67409,34,卖盘
2232,11:23:18,19.83,45619,23,中性盘
2233,11:23:21,19.83,37668,19,卖盘
2234,11:23:24,19.82,9912,5,卖盘
2235,11:23:27,19.83,586605,296,买盘
2236,11:23:30,19.83,35681,18,卖盘
2237,11:23:33,19.83,43626,22,卖盘
2238,11:23:36,19.83,45609,23,买盘
2239,11:23:39,19.83,5949,3,卖盘
2240,11:23:42,19.83,49574,25,卖盘
2241,11:23:48,19.83,59481,30,卖盘
2242,11:23:51,19.84,5952,3,买盘
2243,11:23:54,19.83,142774,72,卖盘
2244,11:23:57,19.84,13884,7,买盘
2245,11:24:03,19.84,265734,134,买盘
2246,11:24:06,19.83,37677,19,卖盘
2247,11:24:09,19.84,168578,85,买盘
2248,11:24:12,19.83,29758,15,卖盘
2249,11:24:15,19.83,39670,20,卖盘
2250,11:24:18,19.83,9915,5,卖盘
2251,11:24:24,19.83,725798,366,卖盘
2252,11:24:27,19.83,61473,31,买盘
2253,11:24:30,19.83,101093,51,中性盘
2254,11:24:33,19.83,218073,110,卖盘
2255,11:24:36,19.83,55518,28,买盘
2256,11:24:39,19.84,152648,77,买盘
2257,11:24:42,19.83,3966,2,卖盘
2258,11:24:45,19.82,25768,13,卖盘
2259,11:24:48,19.82,319104,161,卖盘
2260,11:24:51,19.82,162594,82,卖盘
2261,11:24:54,19.83,29731,15,中性盘
2262,11:24:57,19.82,45589,23,卖盘
2263,11:25:00,19.84,39645,20,买盘
2264,11:25:03,19.83,41643,21,买盘
2265,11:25:06,19.83,5949,3,买盘
2266,11:25:09,19.82,15858,8,卖盘
2267,11:25:12,19.82,37665,19,卖盘
2268,11:25:15,19.81,182348,92,卖盘
2269,11:25:18,19.83,1203621,607,买盘
2270,11:25:21,19.82,69436,35,卖盘
2271,11:25:24,19.83,7929,4,中性盘
2272,11:25:27,19.83,29735,15,买盘
2273,11:25:30,19.83,19830,10,卖盘
2274,11:25:33,19.83,23798,12,卖盘
2275,11:25:36,19.83,103143,52,卖盘
2276,11:25:39,19.84,29759,15,买盘
2277,11:25:45,19.84,25791,13,买盘
2278,11:25:48,19.84,237962,120,买盘
2279,11:25:51,19.84,848952,428,买盘
2280,11:25:54,19.85,111119,56,买盘
2281,11:25:57,19.85,35730,18,买盘
2282,11:26:00,19.85,357135,180,买盘
2283,11:26:03,19.85,3970,2,买盘
2284,11:26:09,19.84,81346,41,卖盘
2285,11:26:12,19.84,198377,100,卖盘
2286,11:26:15,19.82,119008,60,卖盘
2287,11:26:18,19.82,15858,8,卖盘
2288,11:26:21,19.83,77309,39,中性盘
2289,11:26:24,19.82,25776,13,卖盘
2290,11:26:27,19.83,19822,10,中性盘
2291,11:26:30,19.84,39662,20,买盘
2292,11:26:33,19.82,73357,37,卖盘
2293,11:26:36,19.82,29735,15,卖盘
2294,11:26:39,19.82,69378,35,卖盘
2295,11:26:42,19.84,7935,4,买盘
2296,11:26:45,19.82,15856,8,卖盘
2297,11:26:48,19.83,27763,14,买盘
2298,11:26:51,19.84,89205,45,买盘
2299,11:26:54,19.82,29731,15,卖盘
2300,11:26:57,19.82,61454,31,卖盘
2301,11:27:00,19.82,112981,57,卖盘
2302,11:27:03,19.83,25776,13,买盘
2303,11:27:09,19.82,7931,4,卖盘
2304,11:27:12,19.83,91179,46,买盘
2305,11:27:15,19.82,329109,166,卖盘
2306,11:27:18,19.84,69430,35,买盘
2307,11:27:21,19.83,93207,47,卖盘
2308,11:27:24,19.83,45611,23,卖盘
2309,11:27:27,19.84,59516,30,买盘
2310,11:27:30,19.85,11910,6,买盘
2311,11:27:33,19.85,1786802,901,买盘
2312,11:27:36,19.85,295714,149,买盘
2313,11:27:39,19.85,426771,215,卖盘
2314,11:27:42,19.83,138892,70,卖盘
2315,11:27:48,19.86,892571,450,买盘
2316,11:27:51,19.85,3970,2,中性盘
2317,11:27:54,19.85,21834,11,买盘
2318,11:27:57,19.84,200384,101,卖盘
2319,11:28:00,19.84,1984,1,卖盘
2320,11:28:03,19.84,51575,26,卖盘
2321,11:28:06,19.85,13889,7,买盘
2322,11:28:09,19.84,9922,5,卖盘
2323,11:28:12,19.84,27775,14,买盘
2324,11:28:15,19.83,13881,7,卖盘
2325,11:28:18,19.84,13888,7,买盘
2326,11:28:21,19.84,3968,2,买盘
2327,11:28:24,19.83,15865,8,卖盘
2328,11:28:27,19.84,59500,30,买盘
2329,11:28:30,19.84,89256,45,买盘
2330,11:28:33,19.84,188397,95,买盘
2331,11:28:36,19.84,19838,10,买盘
2332,11:28:39,19.83,198300,100,卖盘
2333,11:28:42,19.83,1983,1,卖盘
2334,11:28:45,19.83,33711,17,卖盘
2335,11:28:48,19.83,138810,70,卖盘
2336,11:28:51,19.84,85292,43,买盘
2337,11:28:54,19.83,87252,44,卖盘
2338,11:29:00,19.83,47609,24,卖盘
2339,11:29:03,19.84,966225,487,买盘
2340,11:29:06,19.83,71388,36,卖盘
2341,11:29:09,19.83,11899,6,卖盘
2342,11:29:12,19.84,7936,4,买盘
2343,11:29:15,19.83,198300,100,卖盘
2344,11:29:18,19.83,13886,7,卖盘
2345,11:29:21,19.83,35697,18,卖盘
2346,11:29:30,19.83,37677,19,卖盘
2347,11:29:33,19.84,65448,33,买盘
2348,11:29:36,19.83,232020,117,卖盘
2349,11:29:42,19.84,3968,2,买盘
2350,11:29:45,19.83,120973,61,卖盘
2351,11:29:48,19.83,5949,3,卖盘
2352,11:29:51,19.84,160669,81,买盘
2353,11:29:54,19.84,91239,46,中性盘
2354,11:30:00,19.84,43648,22,买盘
2355,13:00:00,19.82,1756688,886,卖盘
2356,13:00:03,19.84,4767879,2403,买盘
2357,13:00:06,19.86,551863,278,买盘
2358,13:00:09,19.86,539999,272,买盘
2359,13:00:12,19.86,220605,111,卖盘
2360,13:00:15,19.86,21846,11,买盘
2361,13:00:18,19.86,9930,5,卖盘
2362,13:00:21,19.86,75480,38,卖盘
2363,13:00:24,19.9,2343511,1178,买盘
2364,13:00:27,19.91,712400,358,买盘
2365,13:00:30,19.9,115476,58,卖盘
2366,13:00:33,19.9,272640,137,卖盘
2367,13:00:36,19.9,53725,27,买盘
2368,13:00:39,19.91,644702,324,买盘
2369,13:00:45,19.9,467650,235,买盘
2370,13:00:48,19.9,47760,24,买盘
2371,13:00:51,19.9,71640,36,买盘
2372,13:00:54,19.9,75620,38,买盘
2373,13:00:57,19.9,13930,7,卖盘
2374,13:01:00,19.89,15919,8,卖盘
2375,13:01:03,19.88,576869,290,卖盘
2376,13:01:06,19.89,19890,10,买盘
2377,13:01:09,19.88,11928,6,卖盘
2378,13:01:12,19.89,45734,23,买盘
2379,13:01:18,19.88,176932,89,卖盘
2380,13:01:21,19.88,1648907,829,中性盘
2381,13:01:24,19.88,29807,15,买盘
2382,13:01:27,19.88,19880,10,买盘
2383,13:01:30,19.87,157049,79,卖盘
2384,13:01:33,19.9,3027243,1522,买盘
2385,13:01:36,19.9,449727,226,买盘
2386,13:01:39,19.9,742627,373,中性盘
2387,13:01:42,19.92,91593,46,买盘
2388,13:01:45,19.92,286846,144,买盘
2389,13:01:48,19.92,43814,22,买盘
2390,13:01:51,19.92,85650,43,买盘
2391,13:01:54,19.92,370411,186,买盘
2392,13:01:57,19.91,185245,93,卖盘
2393,13:02:00,19.92,364536,183,买盘
2394,13:02:03,19.93,51806,26,买盘
2395,13:02:06,19.93,699273,351,买盘
2396,13:02:09,19.93,759199,381,买盘
2397,13:02:12,19.93,131534,66,买盘
2398,13:02:15,19.92,37864,19,卖盘
2399,13:02:18,19.93,69755,35,买盘
2400,13:02:21,19.93,31888,16,买盘
2401,13:02:24,19.92,201279,101,卖盘
2402,13:02:30,19.92,63745,32,卖盘
2403,13:02:33,19.92,374582,188,卖盘
2404,13:02:36,19.93,81674,41,买盘
2405,13:02:39,19.91,5973,3,卖盘
2406,13:02:48,19.92,5976,3,买盘
2407,13:02:51,19.91,9958,5,卖盘
2408,13:02:54,19.92,201172,101,买盘
2409,13:02:57,19.91,304662,153,卖盘
2410,13:03:00,19.92,746989,375,买盘
2411,13:03:03,19.93,322856,162,买盘
2412,13:03:06,19.92,81674,41,卖盘
2413,13:03:09,19.93,1014684,509,买盘
2414,13:03:12,19.95,538599,270,买盘
2415,13:03:15,19.96,1422640,713,买盘
2416,13:03:18,19.96,939330,471,买盘
2417,13:03:21,19.96,1996,1,买盘
2418,13:03:24,19.94,99740,50,卖盘
2419,13:03:27,19.96,13969,7,买盘
2420,13:03:30,19.94,1427125,715,卖盘
2421,13:03:33,19.96,45908,23,买盘
2422,13:03:36,19.96,99790,50,买盘
2423,13:03:39,19.95,97757,49,中性盘
2424,13:03:42,19.95,91792,46,中性盘
2425,13:03:45,19.95,225514,113,卖盘
2426,13:03:48,19.96,85828,43,买盘
2427,13:03:51,19.96,43902,22,买盘
2428,13:03:54,19.96,117764,59,买盘
2429,13:03:57,19.96,73852,37,卖盘
2430,13:04:00,19.96,269448,135,买盘
2431,13:04:03,19.96,419165,210,卖盘
2432,13:04:06,19.97,453319,227,买盘
2433,13:04:09,19.97,1337980,670,买盘
2434,13:04:12,19.98,73892,37,买盘
2435,13:04:15,19.98,65923,33,买盘
2436,13:04:18,19.97,455441,228,卖盘
2437,13:04:21,19.97,359639,180,卖盘
2438,13:04:24,19.97,7990,4,卖盘
2439,13:04:27,19.98,439514,220,买盘
2440,13:04:30,19.98,999000,500,卖盘
2441,13:04:33,19.98,1068929,535,卖盘
2442,13:04:36,19.98,37962,19,卖盘
2443,13:04:39,19.98,17982,9,买盘
2444,13:04:42,19.97,79912,40,卖盘
2445,13:04:45,19.97,5991,3,卖盘
2446,13:04:48,19.97,361559,181,卖盘
2447,13:04:51,19.97,1997,1,卖盘
2448,13:04:54,19.98,307540,154,买盘
2449,13:04:57,19.97,165741,83,卖盘
2450,13:05:00,19.96,125748,63,卖盘
2451,13:05:03,19.97,71892,36,买盘
2452,13:05:06,19.96,173656,87,卖盘
2453,13:05:09,19.97,267589,134,买盘
2454,13:05:12,19.95,233456,117,卖盘
2455,13:05:15,19.96,75848,38,买盘
2456,13:05:18,19.95,73815,37,卖盘
2457,13:05:21,19.96,57883,29,买盘
2458,13:05:24,19.95,71827,36,卖盘
2459,13:05:27,19.95,75810,38,卖盘
2460,13:05:30,19.95,69855,35,卖盘
2461,13:05:33,19.95,25940,13,卖盘
2462,13:05:36,19.95,1995,1,卖盘
2463,13:05:39,19.96,49900,25,买盘
2464,13:05:42,19.96,127744,64,买盘
2465,13:05:45,19.97,133742,67,买盘
2466,13:05:48,19.96,73852,37,卖盘
2467,13:05:51,19.95,39912,20,卖盘
2468,13:05:54,19.95,57883,29,卖盘
2469,13:05:57,19.96,41916,21,买盘
2470,13:06:00,19.96,11976,6,卖盘
2471,13:06:03,19.96,21956,11,卖盘
2472,13:06:06,19.96,175649,88,卖盘
2473,13:06:09,19.96,25954,13,卖盘
2474,13:06:12,19.97,223659,112,买盘
2475,13:06:15,19.96,179696,90,卖盘
2476,13:06:18,19.97,135795,68,买盘
2477,13:06:21,19.97,101847,51,买盘
2478,13:06:24,19.97,175735,88,买盘
2479,13:06:27,19.98,1998,1,买盘
2480,13:06:30,19.97,83880,42,卖盘
2481,13:06:33,19.98,581393,291,买盘
2482,13:06:36,19.97,569211,285,卖盘
2483,13:06:39,19.98,155787,78,买盘
2484,13:06:42,19.98,11988,6,买盘
2485,13:06:45,19.98,65931,33,买盘
2486,13:06:48,19.98,103896,52,买盘
2487,13:06:51,19.98,63931,32,买盘
2488,13:06:54,19.98,385614,193,买盘
2489,13:06:57,19.97,742925,372,卖盘
2490,13:07:00,19.98,9990,5,买盘
2491,13:07:03,19.97,37961,19,卖盘
2492,13:07:06,19.97,17980,9,卖盘
2493,13:07:09,19.98,119828,60,买盘
2494,13:07:12,19.98,885109,443,买盘
2495,13:07:15,19.98,47953,24,中性盘
2496,13:07:18,19.99,79950,40,买盘
2497,13:07:21,19.98,121936,61,卖盘
2498,13:07:24,19.98,67933,34,卖盘
2499,13:07:27,19.99,37964,19,买盘
2500,13:07:30,19.98,81919,41,卖盘
2501,13:07:33,19.99,35982,18,买盘
2502,13:07:36,19.99,465740,233,买盘
2503,13:07:39,19.99,3998,2,买盘
2504,13:07:42,19.99,61950,31,买盘
2505,13:07:45,19.98,15985,8,卖盘
2506,13:07:48,19.99,67949,34,买盘
2507,13:07:51,19.99,29978,15,买盘
2508,13:07:54,19.98,9993,5,卖盘
2509,13:07:57,19.98,191809,96,卖盘
2510,13:08:00,19.99,51974,26,买盘
2511,13:08:03,19.98,11989,6,卖盘
2512,13:08:06,19.99,23981,12,买盘
2513,13:08:09,19.98,13991,7,卖盘
2514,13:08:12,19.98,93937,47,卖盘
2515,13:08:15,19.99,201879,101,买盘
2516,13:08:18,19.98,63947,32,卖盘
2517,13:08:21,19.98,75949,38,卖盘
2518,13:08:24,19.99,277740,139,买盘
2519,13:08:27,19.99,23988,12,买盘
2520,13:08:30,19.99,9995,5,买盘
2521,13:08:33,19.99,303848,152,买盘
2522,13:08:36,19.98,41959,21,卖盘
2523,13:08:39,19.98,37965,19,卖盘
2524,13:08:42,19.98,183878,92,卖盘
2525,13:08:45,19.99,273817,137,买盘
2526,13:08:48,19.99,685657,343,买盘
2527,13:08:51,19.98,15990,8,卖盘
2528,13:08:54,19.99,7996,4,买盘
2529,13:08:57,19.99,1999,1,买盘
2530,13:09:00,19.98,15986,8,卖盘
2531,13:09:03,19.98,165891,83,卖盘
2532,13:09:06,19.99,915542,458,买盘
2533,13:09:09,19.99,567694,284,买盘
2534,13:09:12,19.98,197886,99,卖盘
2535,13:09:15,19.99,147876,74,买盘
2536,13:09:18,19.99,117938,59,买盘
2537,13:09:21,19.99,187905,94,买盘
2538,13:09:24,19.99,105947,53,买盘
2539,13:09:27,19.99,149913,75,买盘
2540,13:09:30,19.99,277779,139,买盘
2541,13:09:33,19.99,69955,35,买盘
2542,13:09:36,19.99,425774,213,买盘
2543,13:09:39,19.98,511744,256,卖盘
2544,13:09:42,19.99,277877,139,买盘
2545,13:09:45,19.99,161889,81,卖盘
2546,13:09:48,19.99,149926,75,卖盘
2547,13:09:51,20.0,19992,10,买盘
2548,13:09:54,20.0,53981,27,买盘
2549,13:09:57,19.99,119976,60,卖盘
2550,13:10:00,20.0,213942,107,买盘
2551,13:10:03,19.99,1129435,565,卖盘
2552,13:10:06,19.99,27986,14,买盘
2553,13:10:09,19.99,89954,45,买盘
2554,13:10:12,19.99,141860,71,买盘
2555,13:10:15,19.98,37963,19,卖盘
2556,13:10:18,19.99,141923,71,买盘
2557,13:10:21,19.99,37981,19,卖盘
2558,13:10:24,19.99,489794,245,买盘
2559,13:10:27,19.99,1095436,548,卖盘
2560,13:10:30,19.98,91909,46,卖盘
2561,13:10:33,19.99,25981,13,买盘
2562,13:10:36,19.98,203897,102,卖盘
2563,13:10:39,20.0,9017,5,买盘
2564,13:10:42,19.98,3997,2,卖盘
2565,13:10:45,20.0,3021977,1511,买盘
2566,13:10:48,19.99,591776,296,卖盘
2567,13:10:51,20.0,317969,159,买盘
2568,13:10:54,20.0,2000,1,买盘
2569,13:10:57,20.0,23990,12,买盘
2570,13:11:00,20.0,24000,12,买盘
2571,13:11:03,20.0,45980,23,买盘
2572,13:11:06,20.0,113989,57,买盘
2573,13:11:09,20.0,143990,72,买盘
2574,13:11:12,20.0,45990,23,买盘
2575,13:11:15,19.99,17992,9,卖盘
2576,13:11:18,20.0,19993,10,买盘
2577,13:11:21,19.99,263994,132,卖盘
2578,13:11:24,20.0,143950,72,买盘
2579,13:11:27,20.0,193918,97,买盘
2580,13:11:30,20.0,179950,90,买盘
2581,13:11:33,20.0,271999,136,买盘
2582,13:11:36,20.0,137967,69,买盘
2583,13:11:39,20.0,21991,11,买盘
2584,13:11:42,19.99,147981,74,卖盘
2585,13:11:45,19.99,69986,35,卖盘
2586,13:11:48,19.99,137947,69,卖盘
2587,13:11:51,20.0,111983,56,买盘
2588,13:11:54,19.99,1413226,707,卖盘
2589,13:11:57,20.0,901719,451,买盘
2590,13:12:00,19.99,49958,25,中性盘
2591,13:12:03,19.99,521820,261,买盘
2592,13:12:06,19.99,85957,43,买盘
2593,13:12:09,19.99,169894,85,买盘
2594,13:12:12,20.0,183986,92,买盘
2595,13:12:15,19.99,55982,28,卖盘
2596,13:12:18,20.0,47978,24,买盘
2597,13:12:21,19.99,49986,25,卖盘
2598,13:12:24,20.0,143950,72,买盘
2599,13:12:27,19.99,239983,120,卖盘
2600,13:12:30,20.0,643950,322,买盘
2601,13:12:33,19.99,657671,329,卖盘
2602,13:12:36,19.99,39980,20,买盘
2603,13:12:39,19.99,25978,13,买盘
2604,13:12:42,19.99,1999,1,买盘
2605,13:12:45,19.99,21980,11,买盘
2606,13:12:48,19.99,39979,20,买盘
2607,13:12:51,19.98,119892,60,卖盘
2608,13:12:54,19.98,1538458,770,卖盘
2609,13:12:57,19.98,3996,2,买盘
2610,13:13:00,19.98,31968,16,买盘
2611,13:13:03,19.98,257716,129,买盘
2612,13:13:06,19.97,23966,12,卖盘
2613,13:13:09,19.97,241639,121,卖盘
2614,13:13:12,19.97,75868,38,买盘
2615,13:13:15,19.97,235579,118,买盘
2616,13:13:18,19.97,29942,15,买盘
2617,13:13:21,19.96,195678,98,卖盘
2618,13:13:24,19.97,139722,70,买盘
2619,13:13:27,19.97,1479660,741,买盘
2620,13:13:30,19.98,217590,109,买盘
2621,13:13:33,19.98,749250,375,买盘
2622,13:13:36,19.97,25973,13,卖盘
2623,13:13:39,19.99,5995,3,买盘
2624,13:13:42,19.98,51951,26,卖盘
2625,13:13:45,19.99,33968,17,买盘
2626,13:13:48,19.98,83927,42,卖盘
2627,13:13:51,19.99,7996,4,买盘
2628,13:13:54,19.98,635067,318,卖盘
2629,13:13:57,19.98,181818,91,买盘
2630,13:14:00,19.98,7992,4,买盘
2631,13:14:03,19.98,13981,7,买盘
2632,13:14:06,19.98,125823,63,买盘
2633,13:14:09,19.98,73916,37,买盘
2634,13:14:12,19.97,301661,151,卖盘
2635,13:14:15,19.97,57920,29,卖盘
2636,13:14:18,19.97,99851,50,卖盘
2637,13:14:21,19.96,75852,38,卖盘
2638,13:14:24,19.97,23954,12,买盘
2639,13:14:27,19.96,73853,37,卖盘
2640,13:14:30,19.95,833946,418,卖盘
2641,13:14:33,19.95,271317,136,买盘
2642,13:14:36,19.95,41894,21,买盘
2643,13:14:39,19.95,3989,2,买盘
2644,13:14:42,19.95,31915,16,买盘
2645,13:14:45,19.95,49864,25,买盘
2646,13:14:48,19.94,402789,202,卖盘
2647,13:14:51,19.93,149491,75,卖盘
2648,13:14:54,19.93,350840,176,卖盘
2649,13:14:57,19.94,53819,27,买盘
2650,13:15:00,19.94,137542,69,买盘
2651,13:15:03,19.94,73760,37,买盘
2652,13:15:06,19.94,1994,1,买盘
2653,13:15:09,19.94,456409,229,买盘
2654,13:15:12,19.94,85707,43,买盘
2655,13:15:15,19.94,71774,36,买盘
2656,13:15:18,19.94,73779,37,卖盘
2657,13:15:21,19.94,71766,36,卖盘
2658,13:15:24,19.95,482773,242,买盘
2659,13:15:27,19.97,450779,226,买盘
2660,13:15:30,19.96,61819,31,中性盘
2661,13:15:33,19.96,1996,1,买盘
2662,13:15:36,19.97,23943,12,买盘
2663,13:15:39,19.95,698254,350,卖盘
2664,13:15:42,19.96,5989,3,中性盘
2665,13:15:45,19.96,13970,7,买盘
2666,13:15:48,19.97,117798,59,买盘
2667,13:15:51,19.97,23954,12,买盘
2668,13:15:54,19.97,1695426,849,买盘
2669,13:15:57,19.97,95857,48,卖盘
2670,13:16:00,19.98,39952,20,买盘
2671,13:16:03,19.98,37945,19,买盘
2672,13:16:06,19.97,495482,248,卖盘
2673,13:16:09,19.98,7991,4,买盘
2674,13:16:12,19.97,235646,118,卖盘
2675,13:16:15,19.97,13979,7,买盘
2676,13:16:18,19.98,219680,110,买盘
2677,13:16:21,19.98,21976,11,买盘
2678,13:16:24,19.97,203703,102,卖盘
2679,13:16:27,19.98,75923,38,买盘
2680,13:16:30,19.97,81898,41,卖盘
2681,13:16:33,19.97,25964,13,卖盘
2682,13:16:36,19.97,89870,45,卖盘
2683,13:16:39,19.97,107838,54,卖盘
2684,13:16:42,19.97,199700,100,卖盘
2685,13:16:45,19.97,13979,7,卖盘
2686,13:16:48,19.97,75886,38,卖盘
2687,13:16:51,19.97,427358,214,买盘
2688,13:16:54,19.97,93859,47,买盘
2689,13:16:57,19.97,1997,1,买盘
2690,13:17:00,19.96,23958,12,卖盘
2691,13:17:03,19.96,53892,27,卖盘
2692,13:17:06,19.96,33932,17,卖盘
2693,13:17:09,19.96,7984,4,卖盘
2694,13:17:15,19.96,9980,5,卖盘
2695,13:17:18,19.96,97845,49,卖盘
2696,13:17:21,19.96,5988,3,卖盘
2697,13:17:24,19.96,17964,9,卖盘
2698,13:17:27,19.96,187716,94,卖盘
2699,13:17:33,19.96,165668,83,卖盘
2700,13:17:36,19.96,99800,50,卖盘
2701,13:17:39,19.97,59906,30,买盘
2702,13:17:45,19.96,25948,13,卖盘
2703,13:17:48,19.96,2587418,1297,卖盘
2704,13:17:51,19.95,9977,5,卖盘
2705,13:17:54,19.95,37914,19,卖盘
2706,13:17:57,19.96,45906,23,买盘
2707,13:18:00,19.95,57879,29,卖盘
2708,13:18:03,19.96,55888,28,中性盘
2709,13:18:06,19.95,53873,27,卖盘
2710,13:18:09,19.95,233442,117,卖盘
2711,13:18:12,19.94,113698,57,卖盘
2712,13:18:15,19.95,59850,30,买盘
2713,13:18:18,19.96,1769592,887,买盘
2714,13:18:21,19.96,31937,16,卖盘
2715,13:18:24,19.96,33932,17,卖盘
2716,13:18:27,19.95,103776,52,卖盘
2717,13:18:30,19.95,7980,4,卖盘
2718,13:18:33,19.95,5986,3,卖盘
2719,13:18:36,19.95,15960,8,卖盘
2720,13:18:39,19.95,61845,31,卖盘
2721,13:18:42,19.95,7980,4,卖盘
2722,13:18:48,19.95,1995,1,卖盘
2723,13:18:51,19.95,11970,6,卖盘
2724,13:18:54,19.95,5985,3,卖盘
2725,13:18:57,19.95,37905,19,卖盘
2726,13:19:00,19.95,27938,14,卖盘
2727,13:19:03,19.95,71838,36,卖盘
2728,13:19:06,19.95,21945,11,卖盘
2729,13:19:12,19.95,59850,30,卖盘
2730,13:19:18,19.96,29935,15,买盘
2731,13:19:21,19.95,1067829,535,卖盘
2732,13:19:24,19.96,73852,37,买盘
2733,13:19:27,19.96,19965,10,卖盘
2734,13:19:30,19.96,25948,13,卖盘
2735,13:19:33,19.96,155756,78,卖盘
2736,13:19:36,19.96,249575,125,卖盘
2737,13:19:39,19.96,205676,103,卖盘
2738,13:19:42,19.97,159748,80,买盘
2739,13:19:45,19.97,59910,30,买盘
2740,13:19:48,19.97,67898,34,卖盘
2741,13:19:51,19.97,189715,95,卖盘
2742,13:19:54,19.98,335597,168,买盘
2743,13:19:57,19.97,9985,5,卖盘
2744,13:20:00,19.97,31952,16,卖盘
2745,13:20:03,19.98,77922,39,买盘
2746,13:20:06,19.97,293560,147,卖盘
2747,13:20:09,19.97,7988,4,卖盘
2748,13:20:12,19.97,29955,15,卖盘
2749,13:20:15,19.98,747236,374,买盘
2750,13:20:18,19.98,321658,161,买盘
2751,13:20:21,19.98,159840,80,买盘
2752,13:20:24,19.99,1974029,988,买盘
2753,13:20:27,19.99,605697,303,买盘
2754,13:20:30,19.99,109945,55,买盘
2755,13:20:33,19.99,53972,27,买盘
2756,13:20:36,19.98,677656,339,卖盘
2757,13:20:39,19.97,3634245,1819,卖盘
2758,13:20:42,19.96,147762,74,卖盘
2759,13:20:48,19.97,65901,33,卖盘
2760,13:20:51,19.96,81867,41,卖盘
2761,13:20:57,19.97,427556,214,买盘
2762,13:21:00,19.97,39940,20,卖盘
2763,13:21:03,19.97,37943,19,卖盘
2764,13:21:06,19.97,189665,95,卖盘
2765,13:21:09,19.97,49925,25,买盘
2766,13:21:12,19.97,57913,29,买盘
2767,13:21:15,19.96,193612,97,卖盘
2768,13:21:18,19.97,103842,52,买盘
2769,13:21:21,19.96,209660,105,卖盘
2770,13:21:24,19.97,49925,25,买盘
2771,13:21:27,19.96,89830,45,卖盘
2772,13:21:30,19.97,3994,2,买盘
2773,13:21:33,19.96,9980,5,卖盘
2774,13:21:36,19.96,63878,32,卖盘
2775,13:21:39,19.96,69860,35,卖盘
2776,13:21:42,19.96,139720,70,卖盘
2777,13:21:45,19.96,5988,3,卖盘
2778,13:21:48,19.96,107784,54,卖盘
2779,13:21:51,19.96,29940,15,卖盘
2780,13:21:54,19.96,5988,3,卖盘
2781,13:21:57,19.96,15971,8,卖盘
2782,13:22:00,19.96,491016,246,卖盘
2783,13:22:03,19.96,79840,40,卖盘
2784,13:22:06,19.95,39900,20,卖盘
2785,13:22:09,19.96,7984,4,买盘
2786,13:22:12,19.95,13965,7,卖盘
2787,13:22:15,19.96,97789,49,买盘
2788,13:22:18,19.96,1996,1,买盘
2789,13:22:21,19.95,113769,57,卖盘
2790,13:22:24,19.96,87804,44,买盘
2791,13:22:27,19.96,165618,83,买盘
2792,13:22:30,19.95,508818,255,卖盘
2793,13:22:33,19.95,55853,28,买盘
2794,13:22:36,19.95,3989,2,买盘
2795,13:22:45,19.95,215414,108,买盘
2796,13:22:48,19.95,117651,59,买盘
2797,13:22:51,19.95,97743,49,买盘
2798,13:22:54,19.95,512704,257,买盘
2799,13:22:57,19.94,221354,111,卖盘
2800,13:23:00,19.95,119651,60,买盘
2801,13:23:06,19.95,15960,8,买盘
2802,13:23:09,19.94,7976,4,卖盘
2803,13:23:15,19.95,169575,85,买盘
2804,13:23:21,19.95,1995,1,卖盘
2805,13:23:27,19.95,5985,3,卖盘
2806,13:23:30,19.95,23940,12,卖盘
2807,13:23:33,19.95,15966,8,卖盘
2808,13:23:36,19.95,137693,69,卖盘
2809,13:23:39,19.96,33917,17,买盘
2810,13:23:42,19.96,53892,27,买盘
2811,13:23:45,19.96,395208,198,买盘
2812,13:23:48,19.95,391213,196,卖盘
2813,13:23:51,19.97,203602,102,买盘
2814,13:23:54,19.96,5988,3,卖盘
2815,13:23:57,19.96,151757,76,卖盘
2816,13:24:00,19.96,51912,26,卖盘
2817,13:24:03,19.96,95849,48,卖盘
2818,13:24:06,19.96,89860,45,卖盘
2819,13:24:09,19.96,1119756,561,卖盘
2820,13:24:12,19.97,313474,157,买盘
2821,13:24:15,19.97,23954,12,买盘
2822,13:24:18,19.97,67898,34,买盘
2823,13:24:21,19.97,57913,29,买盘
2824,13:24:24,19.97,129805,65,买盘
2825,13:24:27,19.98,153846,77,买盘
2826,13:24:33,19.98,107891,54,买盘
2827,13:24:36,19.98,5994,3,买盘
2828,13:24:39,19.98,171808,86,买盘
2829,13:24:42,19.97,103890,52,卖盘
2830,13:24:45,19.98,127872,64,买盘
2831,13:24:48,19.98,285662,143,买盘
2832,13:24:51,19.99,155885,78,买盘
2833,13:24:54,19.98,1998,1,卖盘
2834,13:24:57,19.99,53973,27,买盘
2835,13:25:00,19.98,205795,103,卖盘
2836,13:25:03,19.99,869565,435,买盘
2837,13:25:06,19.99,717640,359,买盘
2838,13:25:09,20.0,257949,129,买盘
2839,13:25:12,20.0,1339999,670,买盘
2840,13:25:15,20.0,677980,339,买盘
2841,13:25:18,20.0,181990,91,买盘
2842,13:25:21,20.0,386000,193,买盘
2843,13:25:24,20.0,155976,78,买盘
2844,13:25:27,20.01,28004,14,买盘
2845,13:25:30,20.01,50008,25,买盘
2846,13:25:33,20.01,40019,20,买盘
2847,13:25:36,20.01,108054,54,买盘
2848,13:25:42,20.01,622311,311,买盘
2849,13:25:45,20.0,100017,50,卖盘
2850,13:25:48,20.0,194071,97,卖盘
2851,13:25:51,20.0,430004,215,卖盘
2852,13:25:54,20.0,83978,42,买盘
2853,13:25:57,20.0,801949,401,买盘
2854,13:26:00,20.0,52000,26,买盘
2855,13:26:03,20.0,52000,26,买盘
2856,13:26:06,20.0,366180,183,卖盘
2857,13:26:09,20.01,1035613,518,买盘
2858,13:26:12,20.01,44002,22,买盘
2859,13:26:15,20.01,134067,67,买盘
2860,13:26:18,20.01,108056,54,卖盘
2861,13:26:21,20.02,12007,6,买盘
2862,13:26:24,20.01,1147096,573,卖盘
2863,13:26:27,20.01,170159,85,卖盘
2864,13:26:30,20.02,66066,33,买盘
2865,13:26:33,20.02,114064,57,买盘
2866,13:26:36,20.02,6006,3,卖盘
2867,13:26:39,20.02,82093,41,卖盘
2868,13:26:42,20.02,276311,138,卖盘
2869,13:26:45,20.03,92095,46,买盘
2870,13:26:48,20.02,426437,213,卖盘
2871,13:26:51,20.03,1345677,672,买盘
2872,13:26:54,20.01,106067,53,卖盘
2873,13:26:57,20.02,182133,91,买盘
2874,13:27:00,20.01,264111,132,卖盘
2875,13:27:03,20.0,324136,162,卖盘
2876,13:27:06,20.01,492072,246,买盘
2877,13:27:09,20.02,118088,59,买盘
2878,13:27:12,20.01,296148,148,卖盘
2879,13:27:15,20.02,2002,1,买盘
2880,13:27:18,20.02,12008,6,买盘
2881,13:27:21,20.02,84054,42,买盘
2882,13:27:24,20.02,68068,34,买盘
2883,13:27:27,20.02,324314,162,买盘
2884,13:27:30,20.01,60045,30,卖盘
2885,13:27:33,20.02,136084,68,买盘
2886,13:27:36,20.02,240220,120,买盘
2887,13:27:39,20.01,34028,17,卖盘
2888,13:27:42,20.02,424276,212,买盘
2889,13:27:45,20.0,1704557,852,卖盘
2890,13:27:48,20.01,90045,45,买盘
2891,13:27:51,20.0,132000,66,卖盘
2892,13:27:54,19.99,97983,49,卖盘
2893,13:27:57,20.01,10003,5,买盘
2894,13:28:03,20.01,68034,34,买盘
2895,13:28:06,20.01,102041,51,买盘
2896,13:28:09,20.02,318205,159,买盘
2897,13:28:15,20.0,434181,217,卖盘
2898,13:28:18,20.0,42006,21,卖盘
2899,13:28:21,20.0,126053,63,卖盘
2900,13:28:24,19.99,268064,134,卖盘
2901,13:28:30,20.0,40000,20,买盘
2902,13:28:33,20.01,658185,329,买盘
2903,13:28:36,19.99,217891,109,卖盘
2904,13:28:42,19.99,5997,3,卖盘
2905,13:28:45,19.99,421931,211,卖盘
2906,13:28:48,19.99,27991,14,卖盘
2907,13:28:51,19.98,139913,70,卖盘
2908,13:28:57,19.99,53973,27,买盘
2909,13:29:00,19.99,125927,63,买盘
2910,13:29:03,19.99,359651,180,买盘
2911,13:29:06,19.98,15984,8,卖盘
2912,13:29:09,19.99,59941,30,买盘
2913,13:29:12,19.99,211792,106,买盘
2914,13:29:15,19.99,59968,30,买盘
2915,13:29:18,19.99,19990,10,买盘
2916,13:29:21,19.99,15987,8,买盘
2917,13:29:24,19.99,143927,72,买盘
2918,13:29:27,19.99,27986,14,买盘
2919,13:29:30,19.99,21989,11,买盘
2920,13:29:33,19.99,75962,38,买盘
2921,13:29:39,19.99,75962,38,买盘
2922,13:29:42,19.99,9995,5,买盘
2923,13:29:45,19.99,51974,26,买盘
2924,13:29:48,19.99,41979,21,卖盘
2925,13:29:51,19.99,93994,47,卖盘
2926,13:29:54,19.99,77961,39,卖盘
2927,13:29:57,19.99,5997,3,卖盘
2928,13:30:00,20.0,442000,221,买盘
2929,13:30:03,20.0,80000,40,卖盘
2930,13:30:06,20.0,38000,19,卖盘
2931,13:30:09,19.99,1447491,724,卖盘
2932,13:30:12,19.98,161838,81,卖盘
2933,13:30:18,19.99,585625,293,买盘
2934,13:30:21,19.99,1999,1,买盘
2935,13:30:24,19.98,53961,27,卖盘
2936,13:30:27,19.98,23986,12,卖盘
2937,13:30:30,19.99,5997,3,买盘
2938,13:30:33,19.99,7996,4,卖盘
2939,13:30:36,19.99,19990,10,卖盘
2940,13:30:42,19.99,155922,78,卖盘
2941,13:30:45,19.98,169852,85,卖盘
2942,13:30:48,19.99,71964,36,卖盘
2943,13:30:51,19.98,15991,8,卖盘
2944,13:30:54,19.99,9995,5,买盘
2945,13:30:57,19.98,15984,8,卖盘
2946,13:31:00,19.98,81918,41,卖盘
2947,13:31:03,19.98,67932,34,卖盘
2948,13:31:06,19.98,65934,33,卖盘
2949,13:31:09,19.97,605389,303,卖盘
2950,13:31:12,19.97,9985,5,卖盘
2951,13:31:15,19.97,143795,72,卖盘
2952,13:31:18,19.97,513244,257,卖盘
2953,13:31:21,19.97,105841,53,卖盘
2954,13:31:24,19.96,27957,14,卖盘
2955,13:31:27,19.98,744888,373,买盘
2956,13:31:30,19.98,53926,27,买盘
2957,13:31:33,19.97,19971,10,卖盘
2958,13:31:36,19.98,71919,36,买盘
2959,13:31:39,19.97,109835,55,卖盘
2960,13:31:42,19.97,53929,27,卖盘
2961,13:31:45,19.97,617131,309,卖盘
2962,13:31:48,19.97,185721,93,卖盘
2963,13:31:51,19.97,327508,164,卖盘
2964,13:31:54,19.97,147778,74,卖盘
2965,13:31:57,19.97,723056,362,卖盘
2966,13:32:00,19.97,47928,24,卖盘
2967,13:32:03,19.97,173824,87,卖盘
2968,13:32:06,19.99,27973,14,买盘
2969,13:32:09,19.98,31968,16,卖盘
2970,13:32:12,19.99,41963,21,买盘
2971,13:32:15,19.99,5997,3,买盘
2972,13:32:18,19.99,383808,192,买盘
2973,13:32:21,19.99,61969,31,卖盘
2974,13:32:24,19.99,427796,214,卖盘
2975,13:32:27,19.99,133928,67,买盘
2976,13:32:30,19.99,83958,42,买盘
2977,13:32:33,19.99,49996,25,卖盘
2978,13:32:36,20.0,745968,373,买盘
2979,13:32:39,20.0,412000,206,卖盘
2980,13:32:42,20.0,176000,88,卖盘
2981,13:32:48,19.99,79960,40,卖盘
2982,13:32:54,19.99,1999,1,卖盘
2983,13:32:57,20.0,310000,155,买盘
2984,13:33:00,19.99,491900,246,卖盘
2985,13:33:03,20.0,483994,242,买盘
2986,13:33:06,20.0,354100,177,卖盘
2987,13:33:09,20.0,24000,12,买盘
2988,13:33:21,20.0,20000,10,买盘
2989,13:33:24,20.0,513998,257,买盘
2990,13:33:27,19.99,71964,36,卖盘
2991,13:33:30,19.99,57987,29,卖盘
2992,13:33:33,19.99,29995,15,卖盘
2993,13:33:36,19.99,19990,10,卖盘
2994,13:33:39,19.99,143978,72,卖盘
2995,13:33:42,19.99,9995,5,卖盘
2996,13:33:45,19.98,15988,8,卖盘
2997,13:33:48,19.98,15995,8,卖盘
2998,13:33:51,20.0,61956,31,买盘
2999,13:33:54,20.0,77993,39,买盘
3000,13:33:57,19.98,199819,100,卖盘
3001,13:34:00,19.99,1999,1,中性盘
3002,13:34:03,19.99,269950,135,买盘
3003,13:34:09,19.99,311844,156,卖盘
3004,13:34:12,19.99,139930,70,买盘
3005,13:34:15,19.98,49968,25,卖盘
3006,13:34:18,20.0,565484,283,买盘
3007,13:34:21,19.98,29976,15,卖盘
3008,13:34:24,19.99,503997,252,中性盘
3009,13:34:27,19.98,7992,4,卖盘
3010,13:34:33,19.99,19990,10,卖盘
3011,13:34:36,20.0,203993,102,买盘
3012,13:34:39,19.99,5997,3,中性盘
3013,13:34:42,19.98,51956,26,卖盘
3014,13:34:45,20.0,157930,79,买盘
3015,13:34:48,19.99,121939,61,卖盘
3016,13:34:51,20.0,935979,468,买盘
3017,13:34:54,19.99,59971,30,卖盘
3018,13:34:57,19.99,1999,1,卖盘
3019,13:35:00,19.99,41980,21,卖盘
3020,13:35:03,19.99,129940,65,卖盘
3021,13:35:06,19.99,827586,414,卖盘
3022,13:35:09,19.98,13986,7,卖盘
3023,13:35:12,20.0,207937,104,买盘
3024,13:35:15,19.98,1052941,527,卖盘
3025,13:35:18,19.97,71902,36,卖盘
3026,13:35:21,19.98,203796,102,买盘
3027,13:35:24,19.98,9990,5,买盘
3028,13:35:27,19.97,211688,106,卖盘
3029,13:35:30,19.98,79920,40,买盘
3030,13:35:33,19.97,209745,105,卖盘
3031,13:35:36,19.97,91862,46,买盘
3032,13:35:39,19.97,23964,12,买盘
3033,13:35:42,19.97,365450,183,买盘
3034,13:35:45,19.98,17982,9,买盘
3035,13:35:51,19.98,1998,1,买盘
3036,13:35:54,19.97,117872,59,卖盘
3037,13:36:03,19.97,253741,127,卖盘
3038,13:36:06,19.98,43939,22,中性盘
3039,13:36:09,19.98,47952,24,买盘
3040,13:36:12,19.98,39945,20,买盘
3041,13:36:15,19.98,33950,17,买盘
3042,13:36:18,19.98,9990,5,买盘
3043,13:36:21,19.97,15982,8,卖盘
3044,13:36:24,19.97,59925,30,卖盘
3045,13:36:27,19.96,1531148,767,卖盘
3046,13:36:33,19.97,187716,94,买盘
3047,13:36:36,19.96,19968,10,卖盘
3048,13:36:39,19.95,27940,14,卖盘
3049,13:36:54,19.95,31930,16,卖盘
3050,13:37:00,19.96,29939,15,买盘
3051,13:37:03,19.96,11972,6,买盘
3052,13:37:09,19.96,257360,129,买盘
3053,13:37:12,19.95,93767,47,卖盘
3054,13:37:15,19.96,1002681,503,买盘
3055,13:37:18,19.95,23940,12,卖盘
3056,13:37:21,19.94,583345,292,卖盘
3057,13:37:24,19.94,560276,281,卖盘
3058,13:37:27,19.94,131570,66,卖盘
3059,13:37:30,19.94,233298,117,买盘
3060,13:37:33,19.93,143535,72,卖盘
3061,13:37:36,19.94,1649145,828,中性盘
3062,13:37:42,19.93,35874,18,买盘
3063,13:37:45,19.94,233234,117,买盘
3064,13:37:48,19.92,555647,279,卖盘
3065,13:37:51,19.93,103636,52,买盘
3066,13:37:54,19.92,33865,17,卖盘
3067,13:37:57,19.92,13944,7,卖盘
3068,13:38:00,19.9,519692,261,卖盘
3069,13:38:03,19.9,9950,5,卖盘
3070,13:38:06,19.92,163343,82,买盘
3071,13:38:09,19.92,177259,89,卖盘
3072,13:38:12,19.91,9959,5,卖盘
3073,13:38:15,19.9,386303,194,卖盘
