,成交时间,成交价格,成交金额,成交量,性质
0,09:25:00,19.9,5979950,3005,卖盘
1,09:30:00,19.89,1790641,900,卖盘
2,09:30:03,19.9,12858533,6460,买盘
3,09:30:06,19.92,2360368,1187,卖盘
4,09:30:09,19.9,873637,439,卖盘
5,09:30:12,19.9,260822,131,卖盘
6,09:30:15,19.89,747958,376,卖盘
7,09:30:18,19.9,571226,287,中性盘
8,09:30:21,19.89,364014,183,卖盘
9,09:30:24,19.89,1319058,663,卖盘
10,09:30:27,19.88,218769,110,卖盘
11,09:30:30,19.87,63597,32,中性盘
12,09:30:33,19.86,677312,341,卖盘
13,09:30:36,19.86,689116,347,买盘
14,09:30:39,19.85,399172,201,卖盘
15,09:30:42,19.87,782619,394,买盘
16,09:30:45,19.85,907552,457,卖盘
17,09:30:48,19.86,345564,174,买盘
18,09:30:51,19.88,1823821,918,买盘
19,09:30:54,19.89,228653,115,买盘
20,09:30:57,19.88,155070,78,卖盘
21,09:31:00,19.88,373721,188,买盘
22,09:31:03,19.87,349792,176,卖盘
23,09:31:06,19.87,308108,155,卖盘
24,09:31:09,19.89,471005,237,买盘
25,09:31:12,19.88,304193,153,卖盘
26,09:31:15,19.89,829168,417,买盘
27,09:31:18,19.88,1966167,989,卖盘
28,09:31:21,19.87,101368,51,卖盘
29,09:31:24,19.86,566171,285,卖盘
30,09:31:27,19.87,172843,87,买盘
31,09:31:30,19.86,150908,76,卖盘
32,09:31:33,19.87,571983,288,买盘
33,09:31:36,19.86,71522,36,卖盘
34,09:31:39,19.86,427165,215,卖盘
35,09:31:42,19.87,490580,247,中性盘
36,09:31:45,19.86,1378659,694,卖盘
37,09:31:48,19.86,911243,459,卖盘
38,09:31:51,19.86,448802,226,买盘
39,09:31:54,19.88,2769021,1394,买盘
40,09:31:57,19.88,700060,352,卖盘
41,09:32:00,19.88,322080,162,卖盘
42,09:32:03,19.88,832755,419,卖盘
43,09:32:06,19.9,1012931,509,买盘
44,09:32:09,19.88,1108416,557,卖盘
45,09:32:12,19.89,101464,51,买盘
46,09:32:15,19.88,218748,110,卖盘
47,09:32:18,19.91,49738,25,买盘
48,09:32:21,19.89,157195,79,卖盘
49,09:32:24,19.89,208840,105,卖盘
50,09:32:27,19.9,163200,82,买盘
51,09:32:30,19.9,69655,35,卖盘
52,09:32:33,19.9,65676,33,卖盘
53,09:32:36,19.9,153248,77,卖盘
54,09:32:39,19.91,1431497,719,买盘
55,09:32:42,19.92,207148,104,买盘
56,09:32:45,19.92,109553,55,买盘
57,09:32:48,19.93,205224,103,买盘
58,09:32:51,19.92,191270,96,卖盘
59,09:32:54,19.92,290886,146,卖盘
60,09:32:57,19.93,683462,343,买盘
61,09:33:00,19.92,253019,127,卖盘
62,09:33:03,19.92,2874162,1444,买盘
63,09:33:06,19.91,1160418,583,买盘
64,09:33:09,19.9,3961983,1990,卖盘
65,09:33:12,19.89,270524,136,卖盘
66,09:33:15,19.89,387887,195,卖盘
67,09:33:18,19.9,342075,172,买盘
68,09:33:21,19.88,712192,358,卖盘
69,09:33:24,19.88,552795,278,卖盘
70,09:33:27,19.91,1626876,817,买盘
71,09:33:30,19.91,197161,99,卖盘
72,09:33:33,19.92,85626,43,买盘
73,09:33:36,19.92,836383,420,买盘
74,09:33:39,19.93,623349,313,买盘
75,09:33:42,19.93,388532,195,买盘
76,09:33:45,19.93,300955,151,买盘
77,09:33:48,19.94,215302,108,买盘
78,09:33:51,19.95,133642,67,买盘
79,09:33:54,19.94,271202,136,卖盘
80,09:33:57,19.94,229256,115,买盘
81,09:34:00,19.93,410866,206,卖盘
82,09:34:03,19.93,326880,164,卖盘
83,09:34:06,19.93,225227,113,中性盘
84,09:34:09,19.93,139514,70,卖盘
85,09:34:12,19.93,491927,247,卖盘
86,09:34:15,19.93,199323,100,买盘
87,09:34:18,19.91,103546,52,卖盘
88,09:34:21,19.91,141418,71,卖盘
89,09:34:24,19.93,358445,180,买盘
90,09:34:27,19.91,213048,107,买盘
91,09:34:30,19.91,163230,82,买盘
92,09:34:33,19.91,185088,93,买盘
93,09:34:36,19.91,350321,176,买盘
94,09:34:39,19.9,316523,159,卖盘
95,09:34:42,19.91,226943,114,买盘
96,09:34:45,19.9,312494,157,卖盘
97,09:34:48,19.9,559203,281,卖盘
98,09:34:51,19.9,616982,310,卖盘
99,09:34:54,19.91,129397,65,买盘
100,09:34:57,19.9,125393,63,卖盘
101,09:35:00,19.9,153238,77,卖盘
102,09:35:03,19.91,207037,104,买盘
103,09:35:06,19.91,119471,60,卖盘
104,09:35:09,19.92,553592,278,买盘
105,09:35:12,19.92,318641,160,买盘
106,09:35:15,19.94,871149,437,买盘
107,09:35:18,19.94,113688,57,买盘
108,09:35:21,19.94,151600,76,卖盘
109,09:35:24,19.95,400950,201,买盘
110,09:35:27,19.95,133690,67,卖盘
111,09:35:30,19.95,69838,35,卖盘
112,09:35:33,19.95,421128,211,卖盘
113,09:35:36,19.96,249403,125,买盘
114,09:35:39,19.95,486856,244,卖盘
115,09:35:42,19.96,443072,222,买盘
116,09:35:45,19.96,103792,52,卖盘
117,09:35:48,19.97,49910,25,买盘
118,09:35:51,19.96,235636,118,卖盘
119,09:35:54,19.97,608842,305,买盘
120,09:35:57,19.96,287659,144,卖盘
121,09:36:00,19.97,1092354,547,卖盘
122,09:36:03,19.96,149711,75,卖盘
123,09:36:06,19.97,693035,347,买盘
124,09:36:09,19.97,315492,158,卖盘
125,09:36:12,19.97,95835,48,买盘
126,09:36:15,19.96,229603,115,卖盘
127,09:36:18,19.94,3813337,1913,卖盘
128,09:36:21,19.92,237094,119,卖盘
129,09:36:24,19.9,203231,102,卖盘
130,09:36:27,19.9,121447,61,卖盘
131,09:36:30,19.9,215035,108,卖盘
132,09:36:33,19.91,290617,146,中性盘
133,09:36:36,19.91,119471,60,卖盘
134,09:36:39,19.91,219074,110,卖盘
135,09:36:42,19.91,83597,42,买盘
136,09:36:45,19.89,561249,282,卖盘
137,09:36:48,19.88,821477,413,卖盘
138,09:36:51,19.88,280391,141,卖盘
139,09:36:54,19.89,208791,105,买盘
140,09:36:57,19.88,99403,50,卖盘
141,09:37:00,19.88,727689,366,卖盘
142,09:37:03,19.88,89463,45,卖盘
143,09:37:06,19.88,320144,161,卖盘
144,09:37:09,19.88,97412,49,卖盘
145,09:37:12,19.89,204795,103,买盘
146,09:37:15,19.88,228673,115,卖盘
147,09:37:18,19.88,505041,254,卖盘
148,09:37:21,19.88,312147,157,卖盘
149,09:37:24,19.89,272453,137,买盘
150,09:37:27,19.89,1751603,881,买盘
151,09:37:30,19.89,1010322,508,卖盘
152,09:37:33,19.88,538852,271,卖盘
153,09:37:36,19.88,300305,151,卖盘
154,09:37:39,19.89,194837,98,买盘
155,09:37:42,19.88,202784,102,卖盘
156,09:37:45,19.9,1692832,851,买盘
157,09:37:48,19.91,2563214,1288,买盘
158,09:37:51,19.9,127379,64,卖盘
159,09:37:54,19.91,282660,142,买盘
160,09:37:57,19.91,117485,59,卖盘
161,09:38:00,19.91,252881,127,卖盘
162,09:38:03,19.91,282853,142,卖盘
163,09:38:06,19.93,531777,267,中性盘
164,09:38:09,19.93,113565,57,买盘
165,09:38:12,19.92,131405,66,中性盘
166,09:38:15,19.92,199261,100,卖盘
167,09:38:18,19.9,93601,47,卖盘
168,09:38:21,19.92,107569,54,买盘
169,09:38:24,19.91,434169,218,卖盘
170,09:38:27,19.9,63702,32,卖盘
171,09:38:30,19.91,155275,78,买盘
172,09:38:33,19.91,736343,370,买盘
173,09:38:36,19.91,109505,55,卖盘
174,09:38:39,19.91,274749,138,卖盘
175,09:38:42,19.91,131411,66,买盘
176,09:38:45,19.9,330516,166,卖盘
177,09:38:48,19.9,37818,19,卖盘
178,09:38:51,19.9,63680,32,卖盘
179,09:38:54,19.91,135347,68,买盘
180,09:38:57,19.91,358484,180,卖盘
181,09:39:00,19.9,163197,82,卖盘
182,09:39:03,19.9,177108,89,买盘
183,09:39:06,19.9,33830,17,买盘
184,09:39:09,19.89,403841,203,卖盘
185,09:39:12,19.89,171068,86,卖盘
186,09:39:15,19.9,332301,167,买盘
187,09:39:18,19.89,513181,258,卖盘
188,09:39:21,19.88,111366,56,卖盘
189,09:39:24,19.88,182960,92,卖盘
190,09:39:27,19.89,282352,142,买盘
191,09:39:30,19.88,507035,255,卖盘
192,09:39:33,19.88,2359946,1187,卖盘
193,09:39:36,19.86,3025382,1523,卖盘
194,09:39:39,19.85,403157,203,卖盘
195,09:39:42,19.85,335526,169,卖盘
196,09:39:45,19.85,994560,501,卖盘
197,09:39:48,19.84,1148906,579,卖盘
198,09:39:51,19.84,115045,58,买盘
199,09:39:54,19.87,1246756,628,买盘
200,09:39:57,19.86,133067,67,卖盘
201,09:40:00,19.86,135051,68,卖盘
202,09:40:03,19.85,214483,108,卖盘
203,09:40:06,19.87,417161,210,买盘
204,09:40:09,19.86,373319,188,卖盘
205,09:40:12,19.86,77454,39,买盘
206,09:40:15,19.86,290023,146,卖盘
207,09:40:18,19.86,186688,94,卖盘
208,09:40:21,19.86,59564,30,买盘
209,09:40:24,19.86,351422,177,买盘
210,09:40:27,19.86,391100,197,买盘
211,09:40:30,19.85,3702007,1865,卖盘
212,09:40:33,19.84,867137,437,卖盘
213,09:40:36,19.83,1530822,772,卖盘
214,09:40:39,19.83,497518,251,买盘
215,09:40:42,19.82,709462,358,卖盘
216,09:40:45,19.81,315058,159,卖盘
217,09:40:48,19.81,2020229,1020,卖盘
218,09:40:51,19.8,162391,82,卖盘
219,09:40:54,19.8,1334611,674,卖盘
220,09:40:57,19.8,1736633,877,卖盘
221,09:41:00,19.8,898926,454,卖盘
222,09:41:03,19.8,2576256,1301,卖盘
223,09:41:06,19.8,1891027,955,卖盘
224,09:41:09,19.81,497289,251,买盘
225,09:41:12,19.8,475343,240,卖盘
226,09:41:15,19.81,265481,134,买盘
227,09:41:18,19.8,89135,45,卖盘
228,09:41:21,19.8,289092,146,卖盘
229,09:41:24,19.8,247507,125,卖盘
230,09:41:27,19.8,574317,290,卖盘
231,09:41:30,19.79,467283,236,卖盘
232,09:41:33,19.8,114825,58,买盘
233,09:41:36,19.79,1047134,529,卖盘
234,09:41:39,19.79,282983,143,买盘
235,09:41:42,19.79,828956,419,买盘
236,09:41:45,19.78,518324,262,中性盘
237,09:41:48,19.78,219462,111,中性盘
238,09:41:51,19.77,460808,233,卖盘
239,09:41:54,19.78,900022,455,中性盘
240,09:41:57,19.82,2427281,1226,买盘
241,09:42:00,19.79,630094,318,卖盘
242,09:42:03,19.8,511072,258,卖盘
243,09:42:06,19.83,376670,190,买盘
244,09:42:09,19.8,954624,482,卖盘
245,09:42:12,19.79,235557,119,卖盘
246,09:42:15,19.8,320744,162,买盘
247,09:42:18,19.79,1759582,889,卖盘
248,09:42:21,19.79,128618,65,买盘
249,09:42:24,19.79,2925300,1478,买盘
250,09:42:27,19.8,1237401,625,买盘
251,09:42:30,19.79,619585,313,卖盘
252,09:42:33,19.79,1120119,566,卖盘
253,09:42:36,19.8,635241,321,买盘
254,09:42:39,19.79,318619,161,卖盘
255,09:42:42,19.79,249259,126,买盘
256,09:42:45,19.78,407538,206,卖盘
257,09:42:48,19.78,154298,78,卖盘
258,09:42:51,19.79,63304,32,买盘
259,09:42:54,19.78,991258,501,卖盘
260,09:42:57,19.79,253228,128,中性盘
261,09:43:00,19.78,1103752,558,卖盘
262,09:43:03,19.78,57371,29,卖盘
263,09:43:06,19.78,613436,310,卖盘
264,09:43:09,19.78,263094,133,卖盘
265,09:43:12,19.79,182077,92,卖盘
266,09:43:15,19.8,1821486,920,买盘
267,09:43:18,19.82,204001,103,买盘
268,09:43:21,19.81,69310,35,中性盘
269,09:43:24,19.82,223891,113,买盘
270,09:43:27,19.81,49526,25,卖盘
271,09:43:30,19.81,348631,176,买盘
272,09:43:33,19.8,217858,110,卖盘
273,09:43:36,19.8,283250,143,卖盘
274,09:43:39,19.8,293072,148,卖盘
275,09:43:42,19.8,229673,116,卖盘
276,09:43:45,19.8,154381,78,买盘
277,09:43:48,19.8,166286,84,买盘
278,09:43:51,19.79,306751,155,卖盘
279,09:43:54,19.78,237481,120,卖盘
280,09:43:57,19.78,241353,122,卖盘
281,09:44:00,19.8,209773,106,买盘
282,09:44:03,19.79,215731,109,卖盘
283,09:44:06,19.79,259260,131,卖盘
284,09:44:09,19.79,89055,45,买盘
285,09:44:12,19.79,154342,78,买盘
286,09:44:15,19.79,427347,216,买盘
287,09:44:18,19.78,1054261,533,卖盘
288,09:44:21,19.77,2761611,1397,卖盘
289,09:44:24,19.75,2863318,1449,卖盘
290,09:44:27,19.75,6683587,3384,卖盘
291,09:44:30,19.75,653688,331,买盘
292,09:44:33,19.73,456065,231,卖盘
293,09:44:36,19.74,300255,152,中性盘
294,09:44:39,19.77,562987,285,买盘
295,09:44:42,19.77,1810905,916,买盘
296,09:44:45,19.76,341963,173,卖盘
297,09:44:48,19.77,644350,326,买盘
298,09:44:51,19.77,239177,121,卖盘
299,09:44:54,19.76,991622,502,卖盘
300,09:44:57,19.76,120585,61,卖盘
301,09:45:00,19.77,92877,47,买盘
302,09:45:03,19.76,667952,338,卖盘
303,09:45:06,19.76,600642,304,买盘
304,09:45:09,19.77,152153,77,买盘
305,09:45:12,19.77,195638,99,买盘
306,09:45:15,19.76,260898,132,卖盘
307,09:45:18,19.75,1181822,598,卖盘
308,09:45:21,19.77,337976,171,买盘
309,09:45:24,19.76,1417375,717,卖盘
310,09:45:27,19.78,351965,178,买盘
311,09:45:30,19.78,1997973,1010,买盘
312,09:45:33,19.78,899974,455,卖盘
313,09:45:36,19.79,617337,312,买盘
314,09:45:39,19.79,122698,62,卖盘
315,09:45:42,19.79,89055,45,卖盘
316,09:45:45,19.79,338468,171,卖盘
317,09:45:48,19.8,251418,127,买盘
318,09:45:51,19.8,223644,113,买盘
319,09:45:54,19.79,229642,116,卖盘
320,09:45:57,19.8,13860,7,买盘
321,09:46:00,19.81,613783,310,买盘
322,09:46:03,19.8,892442,451,卖盘
323,09:46:06,19.8,150477,76,卖盘
324,09:46:09,19.8,21780,11,买盘
325,09:46:12,19.79,96984,49,卖盘
326,09:46:15,19.79,2208268,1117,卖盘
327,09:46:18,19.78,1107769,560,卖盘
328,09:46:21,19.8,344476,174,买盘
329,09:46:24,19.79,506794,256,中性盘
330,09:46:27,19.79,110843,56,卖盘
331,09:46:30,19.79,152383,77,卖盘
332,09:46:33,19.8,1360360,687,买盘
333,09:46:36,19.8,497011,251,卖盘
334,09:46:39,19.8,239599,121,卖盘
335,09:46:42,19.8,211852,107,卖盘
336,09:46:45,19.8,89102,45,卖盘
337,09:46:48,19.8,23760,12,买盘
338,09:46:51,19.8,95030,48,买盘
339,09:46:54,19.8,102953,52,买盘
340,09:46:57,19.8,89078,45,买盘
341,09:47:00,19.79,239533,121,卖盘
342,09:47:03,19.8,415783,210,买盘
343,09:47:06,19.79,158361,80,卖盘
344,09:47:09,19.79,1475202,745,卖盘
345,09:47:12,19.8,154407,78,卖盘
346,09:47:15,19.79,69316,35,卖盘
347,09:47:18,19.8,61389,31,卖盘
348,09:47:21,19.8,188101,95,卖盘
349,09:47:24,19.82,610395,308,买盘
350,09:47:27,19.83,271622,137,买盘
351,09:47:30,19.84,285586,144,买盘
352,09:47:33,19.84,337431,170,卖盘
353,09:47:36,19.85,884552,446,中性盘
354,09:47:39,19.84,182647,92,中性盘
355,09:47:42,19.83,87324,44,卖盘
356,09:47:45,19.84,123008,62,买盘
357,09:47:48,19.84,799265,403,卖盘
358,09:47:51,19.84,55552,28,卖盘
359,09:47:54,19.84,236084,119,卖盘
360,09:47:57,19.83,420723,212,卖盘
361,09:48:00,19.84,69412,35,买盘
362,09:48:03,19.83,184441,93,卖盘
363,09:48:06,19.83,120980,61,卖盘
364,09:48:09,19.83,285534,144,卖盘
365,09:48:12,19.83,158639,80,买盘
366,09:48:15,19.83,69400,35,买盘
367,09:48:18,19.82,166522,84,卖盘
368,09:48:21,19.82,295318,149,卖盘
369,09:48:24,19.82,513285,259,买盘
370,09:48:27,19.82,453709,229,卖盘
371,09:48:30,19.81,101089,51,卖盘
372,09:48:33,19.8,47546,24,卖盘
373,09:48:36,19.81,11887,6,卖盘
374,09:48:39,19.82,77236,39,买盘
375,09:48:42,19.82,3964,2,买盘
376,09:48:45,19.82,849989,429,买盘
377,09:48:48,19.82,1081782,546,卖盘
378,09:48:51,19.83,33700,17,买盘
379,09:48:54,19.82,75333,38,卖盘
380,09:48:57,19.82,160525,81,卖盘
381,09:49:00,19.83,374722,189,买盘
382,09:49:03,19.83,241903,122,买盘
383,09:49:06,19.83,89221,45,买盘
384,09:49:09,19.83,148702,75,买盘
385,09:49:12,19.83,126912,64,买盘
386,09:49:15,19.82,156631,79,卖盘
387,09:49:18,19.83,13881,7,中性盘
388,09:49:21,19.83,687945,347,卖盘
389,09:49:24,19.84,271781,137,买盘
390,09:49:27,19.84,198337,100,买盘
391,09:49:30,19.86,2171011,1094,买盘
392,09:49:33,19.86,236362,119,卖盘
393,09:49:36,19.85,208509,105,卖盘
394,09:49:39,19.85,176665,89,买盘
395,09:49:42,19.85,248117,125,买盘
396,09:49:45,19.85,194480,98,买盘
397,09:49:48,19.84,43659,22,卖盘
398,09:49:51,19.85,369157,186,买盘
399,09:49:54,19.86,131013,66,买盘
400,09:49:57,19.85,339440,171,卖盘
401,09:50:00,19.85,53595,27,买盘
402,09:50:03,19.84,674577,340,卖盘
403,09:50:06,19.85,248121,125,买盘
404,09:50:09,19.86,61537,31,买盘
405,09:50:12,19.85,1325942,668,卖盘
406,09:50:15,19.85,19852,10,卖盘
407,09:50:18,19.85,39703,20,卖盘
408,09:50:21,19.83,458380,231,卖盘
409,09:50:24,19.82,838741,423,卖盘
410,09:50:27,19.8,202079,102,卖盘
411,09:50:30,19.8,95070,48,卖盘
412,09:50:33,19.8,41582,21,卖盘
413,09:50:36,19.8,384229,194,卖盘
414,09:50:39,19.8,407894,206,卖盘
415,09:50:42,19.8,455402,230,卖盘
416,09:50:45,19.79,83128,42,卖盘
417,09:50:48,19.8,623695,315,买盘
418,09:50:51,19.8,207900,105,卖盘
419,09:50:54,19.8,611822,309,卖盘
420,09:50:57,19.81,869633,439,买盘
421,09:51:00,19.81,552621,279,卖盘
422,09:51:03,19.8,194041,98,中性盘
423,09:51:06,19.8,217793,110,卖盘
424,09:51:09,19.8,471037,238,买盘
425,09:51:12,19.79,136561,69,卖盘
426,09:51:15,19.79,116762,59,卖盘
427,09:51:18,19.78,47474,24,卖盘
428,09:51:21,19.79,645069,326,买盘
429,09:51:24,19.78,1305927,660,卖盘
430,09:51:27,19.78,332371,168,卖盘
431,09:51:30,19.78,336295,170,卖盘
432,09:51:33,19.78,130548,66,买盘
433,09:51:36,19.78,460717,233,买盘
434,09:51:39,19.78,474493,240,买盘
435,09:51:42,19.79,120636,61,买盘
436,09:51:45,19.79,716081,362,买盘
437,09:51:48,19.76,1090929,552,卖盘
438,09:51:51,19.77,217540,110,卖盘
439,09:51:54,19.77,355877,180,卖盘
440,09:51:57,19.77,426921,216,买盘
441,09:52:00,19.76,563273,285,卖盘
442,09:52:03,19.75,160075,81,卖盘
443,09:52:06,19.76,254902,129,卖盘
444,09:52:09,19.76,543182,275,买盘
445,09:52:12,19.76,132392,67,买盘
446,09:52:15,19.76,325979,165,买盘
447,09:52:18,19.75,695350,352,卖盘
448,09:52:21,19.76,430747,218,买盘
449,09:52:24,19.76,324164,164,卖盘
450,09:52:27,19.75,276597,140,卖盘
451,09:52:30,19.76,729044,369,买盘
452,09:52:33,19.77,92892,47,买盘
453,09:52:36,19.76,2462979,1247,卖盘
454,09:52:39,19.75,193554,98,卖盘
455,09:52:42,19.75,122412,62,中性盘
456,09:52:45,19.75,562663,285,买盘
457,09:52:48,19.74,53320,27,卖盘
458,09:52:51,19.74,430344,218,卖盘
459,09:52:54,19.74,381016,193,卖盘
460,09:52:57,19.75,1719022,870,买盘
461,09:53:00,19.76,270819,137,卖盘
462,09:53:03,19.77,229329,116,中性盘
463,09:53:06,19.77,314434,159,卖盘
464,09:53:09,19.77,215520,109,卖盘
465,09:53:12,19.77,45469,23,卖盘
466,09:53:15,19.76,108709,55,卖盘
467,09:53:18,19.76,23715,12,卖盘
468,09:53:21,19.76,150189,76,卖盘
469,09:53:24,19.77,401251,203,买盘
470,09:53:27,19.77,363747,184,买盘
471,09:53:30,19.77,85014,43,卖盘
472,09:53:33,19.77,166097,84,卖盘
473,09:53:36,19.77,235280,119,卖盘
474,09:53:39,19.77,318306,161,卖盘
475,09:53:42,19.77,460638,233,卖盘
476,09:53:45,19.77,45477,23,卖盘
477,09:53:48,19.77,110762,56,买盘
478,09:53:51,19.77,41527,21,卖盘
479,09:53:54,19.77,201654,102,卖盘
480,09:53:57,19.76,35583,18,卖盘
481,09:54:00,19.76,94868,48,卖盘
482,09:54:03,19.77,112689,57,买盘
483,09:54:06,19.76,13832,7,卖盘
484,09:54:09,19.78,166068,84,买盘
485,09:54:12,19.77,55358,28,卖盘
486,09:54:15,19.78,25702,13,买盘
487,09:54:18,19.78,21748,11,买盘
488,09:54:21,19.78,1574506,796,买盘
489,09:54:24,19.79,191939,97,买盘
490,09:54:27,19.8,71237,36,买盘
491,09:54:30,19.79,219764,111,中性盘
492,09:54:33,19.8,205915,104,买盘
493,09:54:36,19.8,184211,93,卖盘
494,09:54:39,19.8,93061,47,卖盘
495,09:54:42,19.81,219833,111,买盘
496,09:54:45,19.81,219886,111,买盘
497,09:54:48,19.81,45550,23,中性盘
498,09:54:51,19.81,102993,52,买盘
499,09:54:54,19.8,120819,61,卖盘
500,09:54:57,19.81,152491,77,买盘
501,09:55:00,19.81,89140,45,买盘
502,09:55:03,19.8,205943,104,卖盘
503,09:55:06,19.79,368091,186,卖盘
504,09:55:09,19.79,310765,157,买盘
505,09:55:12,19.79,110840,56,卖盘
506,09:55:15,19.78,77145,39,卖盘
507,09:55:18,19.79,174166,88,买盘
508,09:55:21,19.79,284982,144,卖盘
509,09:55:24,19.8,199898,101,买盘
510,09:55:27,19.79,437359,221,卖盘
511,09:55:30,19.79,831020,420,卖盘
512,09:55:33,19.78,156265,79,卖盘
513,09:55:36,19.78,148314,75,买盘
514,09:55:39,19.78,110727,56,买盘
515,09:55:42,19.77,90963,46,卖盘
516,09:55:45,19.76,258959,131,卖盘
517,09:55:48,19.76,92883,47,卖盘
518,09:55:51,19.76,4086523,2069,卖盘
519,09:55:54,19.76,260854,132,买盘
520,09:55:57,19.78,911340,461,买盘
521,09:56:00,19.77,1581244,800,中性盘
522,09:56:03,19.77,166097,84,卖盘
523,09:56:06,19.77,640631,324,卖盘
524,09:56:09,19.78,298531,151,买盘
525,09:56:12,19.77,255033,129,卖盘
526,09:56:15,19.77,128493,65,买盘
527,09:56:18,19.77,106723,54,买盘
528,09:56:21,19.77,203629,103,买盘
529,09:56:24,19.77,470370,238,买盘
530,09:56:27,19.77,219391,111,买盘
531,09:56:30,19.76,268736,136,卖盘
532,09:56:33,19.76,549312,278,买盘
533,09:56:36,19.76,94866,48,卖盘
534,09:56:39,19.77,241155,122,买盘
535,09:56:42,19.76,334044,169,卖盘
536,09:56:45,19.77,395293,200,买盘
537,09:56:48,19.76,407043,206,卖盘
538,09:56:51,19.76,657877,333,买盘
539,09:56:54,19.76,256816,130,中性盘
540,09:56:57,19.75,114564,58,卖盘
541,09:57:00,19.75,1562269,791,卖盘
542,09:57:03,19.75,217275,110,卖盘
543,09:57:06,19.75,576702,292,卖盘
544,09:57:09,19.75,3108083,1574,卖盘
545,09:57:12,19.75,304150,154,卖盘
546,09:57:15,19.75,365367,185,卖盘
547,09:57:18,19.74,90810,46,卖盘
548,09:57:21,19.75,80947,41,买盘
549,09:57:24,19.74,159895,81,卖盘
550,09:57:27,19.74,144119,73,卖盘
551,09:57:30,19.74,495636,251,卖盘
552,09:57:33,19.75,505402,256,买盘
553,09:57:36,19.75,479705,243,买盘
554,09:57:39,19.74,457968,232,卖盘
555,09:57:42,19.75,1119514,567,买盘
556,09:57:45,19.75,1447611,733,买盘
557,09:57:48,19.75,1106155,560,卖盘
558,09:57:51,19.75,1119359,567,卖盘
559,09:57:54,19.75,321866,163,买盘
560,09:57:57,19.75,88874,45,卖盘
561,09:58:00,19.74,341527,173,卖盘
562,09:58:03,19.74,3469894,1757,卖盘
563,09:58:06,19.75,1129296,572,买盘
564,09:58:09,19.74,1612771,817,卖盘
565,09:58:12,19.74,256590,130,买盘
566,09:58:15,19.74,595874,302,买盘
567,09:58:18,19.73,361060,183,卖盘
568,09:58:21,19.73,1477787,749,卖盘
569,09:58:24,19.73,325556,165,卖盘
570,09:58:27,19.73,899697,456,卖盘
571,09:58:30,19.73,883914,448,卖盘
572,09:58:33,19.73,818770,415,卖盘
573,09:58:36,19.73,189408,96,买盘
574,09:58:39,19.72,3778490,1916,卖盘
575,09:58:42,19.7,11762030,5970,卖盘
576,09:58:45,19.69,2055491,1044,卖盘
577,09:58:48,19.69,761686,387,买盘
578,09:58:51,19.68,4212157,2140,卖盘
579,09:58:54,19.68,805182,409,卖盘
580,09:58:57,19.67,1273256,647,卖盘
581,09:59:00,19.68,3046985,1549,中性盘
582,09:59:03,19.67,428999,218,卖盘
583,09:59:06,19.67,3263883,1659,卖盘
584,09:59:09,19.67,1288568,655,卖盘
585,09:59:12,19.69,2976946,1514,买盘
586,09:59:15,19.67,1203902,612,卖盘
587,09:59:18,19.67,334367,170,买盘
588,09:59:21,19.66,2441877,1242,卖盘
589,09:59:24,19.67,1782091,906,买盘
590,09:59:27,19.66,1614439,821,卖盘
591,09:59:30,19.66,381461,194,卖盘
592,09:59:33,19.65,1252653,637,卖盘
593,09:59:36,19.66,932389,474,卖盘
594,09:59:39,19.67,1681337,855,中性盘
595,09:59:42,19.67,3318075,1687,买盘
596,09:59:45,19.66,1783548,907,卖盘
597,09:59:48,19.66,414956,211,卖盘
598,09:59:51,19.67,469962,239,中性盘
599,09:59:54,19.68,957414,487,买盘
600,09:59:57,19.66,330329,168,卖盘
601,10:00:00,19.67,2197302,1118,买盘
602,10:00:03,19.67,2014735,1024,买盘
603,10:00:06,19.67,480026,244,卖盘
604,10:00:09,19.68,586176,298,买盘
605,10:00:12,19.67,1000998,509,卖盘
606,10:00:15,19.69,529319,269,买盘
607,10:00:18,19.69,141699,72,买盘
608,10:00:21,19.67,627767,319,卖盘
609,10:00:24,19.68,438805,223,买盘
610,10:00:27,19.68,517412,263,买盘
611,10:00:30,19.68,145637,74,买盘
612,10:00:33,19.68,338473,172,卖盘
613,10:00:36,19.67,303038,154,卖盘
614,10:00:39,19.67,541116,275,卖盘
615,10:00:42,19.68,249954,127,中性盘
616,10:00:45,19.68,938734,477,卖盘
617,10:00:48,19.68,806532,410,买盘
618,10:00:51,19.67,247850,126,卖盘
619,10:00:54,19.68,511680,260,卖盘
620,10:00:57,19.7,2461159,1250,买盘
621,10:01:00,19.7,482517,245,买盘
622,10:01:03,19.7,1055738,536,买盘
623,10:01:06,19.69,1299592,660,卖盘
624,10:01:09,19.68,70853,36,卖盘
625,10:01:12,19.69,580577,295,买盘
626,10:01:15,19.68,314874,160,卖盘
627,10:01:18,19.68,135746,69,买盘
628,10:01:21,19.68,129876,66,买盘
629,10:01:24,19.67,796733,405,卖盘
630,10:01:27,19.67,1082181,550,卖盘
631,10:01:30,19.68,6649709,3380,买盘
632,10:01:33,19.69,1227090,623,卖盘
633,10:01:36,19.7,370499,188,买盘
634,10:01:39,19.69,198918,101,卖盘
635,10:01:42,19.7,234320,119,中性盘
636,10:01:45,19.71,565385,287,买盘
637,10:01:48,19.7,2449542,1244,中性盘
638,10:01:51,19.71,360467,183,买盘
639,10:01:54,19.7,84716,43,卖盘
640,10:01:57,19.69,173332,88,卖盘
641,10:02:00,19.71,1085853,551,买盘
642,10:02:03,19.72,268147,136,买盘
643,10:02:06,19.71,494759,251,卖盘
644,10:02:09,19.71,183303,93,买盘
645,10:02:12,19.71,510325,259,买盘
646,10:02:15,19.7,41388,21,卖盘
647,10:02:18,19.71,932096,473,买盘
648,10:02:21,19.71,51263,26,中性盘
649,10:02:24,19.72,25629,13,买盘
650,10:02:27,19.7,439523,223,卖盘
651,10:02:30,19.71,122204,62,卖盘
652,10:02:33,19.71,201057,102,卖盘
653,10:02:36,19.7,137983,70,卖盘
654,10:02:39,19.71,86714,44,买盘
655,10:02:42,19.71,104439,53,卖盘
656,10:02:45,19.71,289824,147,卖盘
657,10:02:48,19.71,409990,208,卖盘
658,10:02:51,19.71,45328,23,买盘
659,10:02:54,19.71,106399,54,买盘
660,10:02:57,19.7,612827,311,卖盘
661,10:03:00,19.7,106426,54,卖盘
662,10:03:03,19.7,1830658,929,卖盘
663,10:03:06,19.71,157650,80,买盘
664,10:03:09,19.72,1561110,792,买盘
665,10:03:12,19.71,104491,53,卖盘
666,10:03:15,19.72,685946,348,买盘
667,10:03:18,19.71,2912671,1478,卖盘
668,10:03:21,19.71,715554,363,卖盘
669,10:03:24,19.72,37468,19,中性盘
670,10:03:27,19.72,1641895,833,卖盘
671,10:03:30,19.72,72952,37,买盘
672,10:03:33,19.71,179386,91,卖盘
673,10:03:36,19.72,69015,35,买盘
674,10:03:39,19.72,218868,111,买盘
675,10:03:42,19.72,209058,106,买盘
676,10:03:45,19.74,1067400,541,买盘
677,10:03:48,19.74,78929,40,买盘
678,10:03:51,19.74,21709,11,买盘
679,10:03:54,19.73,61188,31,卖盘
680,10:03:57,19.74,73038,37,买盘
681,10:04:00,19.73,88791,45,卖盘
682,10:04:03,19.74,408580,207,买盘
683,10:04:06,19.73,274310,139,卖盘
684,10:04:09,19.73,100658,51,卖盘
685,10:04:12,19.74,268376,136,买盘
686,10:04:15,19.73,572352,290,卖盘
687,10:04:18,19.74,53299,27,卖盘
688,10:04:21,19.74,603817,306,卖盘
689,10:04:24,19.74,49353,25,买盘
690,10:04:27,19.73,3561295,1805,卖盘
691,10:04:30,19.73,323422,164,买盘
692,10:04:33,19.73,339395,172,卖盘
693,10:04:36,19.73,110488,56,卖盘
694,10:04:39,19.74,374874,190,买盘
695,10:04:42,19.73,546537,277,卖盘
696,10:04:45,19.73,25656,13,卖盘
697,10:04:48,19.73,678958,344,卖盘
698,10:04:51,19.74,232888,118,买盘
699,10:04:54,19.74,128292,65,买盘
700,10:04:57,19.74,67111,34,买盘
701,10:05:00,19.74,37506,19,卖盘
702,10:05:03,19.74,100676,51,卖盘
703,10:05:06,19.74,67123,34,买盘
704,10:05:09,19.74,29610,15,卖盘
705,10:05:12,19.75,578372,293,买盘
706,10:05:15,19.75,938028,475,买盘
707,10:05:18,19.74,126397,64,卖盘
708,10:05:21,19.74,71084,36,卖盘
709,10:05:24,19.74,154046,78,卖盘
710,10:05:27,19.74,154011,78,卖盘
711,10:05:30,19.74,343581,174,卖盘
712,10:05:33,19.75,98740,50,买盘
713,10:05:36,19.74,41460,21,卖盘
714,10:05:39,19.74,120414,61,卖盘
715,10:05:42,19.74,80934,41,卖盘
716,10:05:45,19.74,221167,112,卖盘
717,10:05:48,19.74,163898,83,卖盘
718,10:05:51,19.74,787624,399,卖盘
719,10:05:54,19.74,925443,469,买盘
720,10:05:57,19.73,134190,68,卖盘
721,10:06:00,19.73,564276,286,卖盘
722,10:06:03,19.73,33540,17,卖盘
723,10:06:06,19.73,209138,106,买盘
724,10:06:09,19.73,112463,57,买盘
725,10:06:12,19.73,124291,63,卖盘
726,10:06:15,19.73,96672,49,买盘
727,10:06:18,19.73,276220,140,买盘
728,10:06:21,19.74,1485760,753,买盘
729,10:06:24,19.73,465637,236,卖盘
730,10:06:27,19.73,126272,64,买盘
731,10:06:30,19.73,136122,69,买盘
732,10:06:33,19.72,122269,62,卖盘
733,10:06:36,19.73,136122,69,买盘
734,10:06:39,19.73,163701,83,买盘
735,10:06:42,19.73,343178,174,买盘
736,10:06:45,19.73,159755,81,买盘
737,10:06:48,19.73,777332,394,买盘
738,10:06:51,19.74,80930,41,买盘
739,10:06:54,19.74,534549,271,买盘
740,10:06:57,19.73,84840,43,卖盘
741,10:07:00,19.73,140125,71,买盘
742,10:07:03,19.74,225021,114,买盘
743,10:07:06,19.74,217049,110,买盘
744,10:07:09,19.73,9865,5,卖盘
745,10:07:12,19.73,78927,40,卖盘
746,10:07:15,19.74,236768,120,买盘
747,10:07:18,19.74,73032,37,买盘
748,10:07:21,19.73,27624,14,卖盘
749,10:07:24,19.73,84859,43,卖盘
750,10:07:27,19.74,1974,1,买盘
751,10:07:30,19.73,493251,250,卖盘
752,10:07:33,19.74,1901100,964,买盘
753,10:07:36,19.74,586262,297,买盘
754,10:07:39,19.75,1022413,518,买盘
755,10:07:42,19.75,47391,24,买盘
756,10:07:45,19.74,296111,150,卖盘
757,10:07:48,19.74,31584,16,买盘
758,10:07:51,19.73,41433,21,卖盘
759,10:07:54,19.74,61185,31,买盘
760,10:07:57,19.74,45385,23,买盘
761,10:08:00,19.74,65138,33,买盘
762,10:08:03,19.74,232847,118,买盘
763,10:08:06,19.73,252548,128,卖盘
764,10:08:09,19.74,104617,53,买盘
765,10:08:12,19.74,39463,20,买盘
766,10:08:18,19.74,118428,60,买盘
767,10:08:21,19.75,2493591,1263,买盘
768,10:08:24,19.75,118499,60,买盘
769,10:08:27,19.75,1224500,620,买盘
770,10:08:30,19.76,426675,216,买盘
771,10:08:33,19.76,215296,109,买盘
772,10:08:36,19.75,161905,82,中性盘
773,10:08:39,19.75,221134,112,买盘
774,10:08:42,19.74,254772,129,卖盘
775,10:08:45,19.74,335726,170,卖盘
776,10:08:48,19.74,19740,10,买盘
777,10:08:51,19.74,19740,10,买盘
778,10:08:54,19.74,92778,47,买盘
779,10:08:57,19.74,96726,49,卖盘
780,10:09:00,19.74,49354,25,卖盘
781,10:09:03,19.75,108627,55,买盘
782,10:09:06,19.75,9875,5,买盘
783,10:09:09,19.74,41465,21,卖盘
784,10:09:12,19.74,173718,88,卖盘
785,10:09:15,19.74,197459,100,卖盘
786,10:09:18,19.74,152010,77,卖盘
787,10:09:21,19.74,84900,43,卖盘
788,10:09:24,19.74,61196,31,卖盘
789,10:09:27,19.74,63171,32,卖盘
790,10:09:30,19.74,57264,29,卖盘
791,10:09:33,19.74,116488,59,卖盘
792,10:09:36,19.75,21720,11,买盘
793,10:09:39,19.74,1159273,587,卖盘
794,10:09:42,19.74,19740,10,卖盘
795,10:09:45,19.74,155946,79,卖盘
796,10:09:48,19.74,45382,23,买盘
797,10:09:51,19.74,185555,94,买盘
798,10:09:54,19.74,98715,50,买盘
799,10:09:57,19.75,98705,50,买盘
800,10:10:00,19.74,33563,17,卖盘
801,10:10:03,19.74,128307,65,卖盘
802,10:10:06,19.74,189475,96,买盘
803,10:10:09,19.74,607686,308,买盘
804,10:10:12,19.74,61186,31,买盘
805,10:10:15,19.74,134208,68,买盘
806,10:10:18,19.74,71041,36,买盘
807,10:10:21,19.74,19739,10,买盘
808,10:10:24,19.74,65139,33,买盘
809,10:10:27,19.73,485360,246,卖盘
810,10:10:30,19.73,11838,6,卖盘
811,10:10:33,19.73,1114827,565,卖盘
812,10:10:36,19.74,1495572,758,买盘
813,10:10:39,19.74,2606452,1321,卖盘
814,10:10:42,19.74,35531,18,买盘
815,10:10:45,19.73,181548,92,卖盘
816,10:10:48,19.73,424195,215,卖盘
817,10:10:51,19.73,126251,64,买盘
818,10:10:54,19.72,37484,19,卖盘
819,10:10:57,19.73,3946,2,买盘
820,10:11:00,19.74,19732,10,买盘
821,10:11:03,19.73,260431,132,卖盘
822,10:11:06,19.73,35521,18,卖盘
823,10:11:09,19.74,408417,207,买盘
824,10:11:12,19.74,288203,146,买盘
825,10:11:15,19.73,179572,91,卖盘
826,10:11:18,19.74,90768,46,买盘
827,10:11:21,19.73,402492,204,卖盘
828,10:11:24,19.73,173624,88,卖盘
829,10:11:27,19.73,136143,69,卖盘
830,10:11:30,19.73,80900,41,卖盘
831,10:11:33,19.73,13811,7,卖盘
832,10:11:36,19.74,25657,13,买盘
833,10:11:39,19.73,21704,11,卖盘
834,10:11:42,19.73,120399,61,卖盘
835,10:11:45,19.73,21703,11,卖盘
836,10:11:48,19.74,773436,392,买盘
837,10:11:51,19.73,23676,12,卖盘
838,10:11:54,19.73,76957,39,卖盘
839,10:11:57,19.74,132209,67,买盘
840,10:12:00,19.73,272275,138,卖盘
841,10:12:03,19.73,161840,82,卖盘
842,10:12:06,19.73,149952,76,卖盘
843,10:12:09,19.73,132193,67,卖盘
844,10:12:12,19.72,284101,144,卖盘
845,10:12:15,19.73,53268,27,买盘
846,10:12:18,19.73,552328,280,买盘
847,10:12:21,19.73,21697,11,买盘
848,10:12:24,19.73,33541,17,买盘
849,10:12:27,19.73,741561,376,买盘
850,10:12:30,19.73,45379,23,卖盘
851,10:12:33,19.74,501360,254,买盘
852,10:12:36,19.73,63166,32,卖盘
853,10:12:39,19.74,861045,436,卖盘
854,10:12:42,19.75,100720,51,买盘
855,10:12:45,19.74,152003,77,卖盘
856,10:12:48,19.74,434306,220,卖盘
857,10:12:51,19.74,90820,46,买盘
858,10:12:54,19.74,331677,168,卖盘
859,10:12:57,19.75,124401,63,买盘
860,10:13:00,19.75,311985,158,买盘
861,10:13:03,19.75,1190850,603,买盘
862,10:13:06,19.74,191561,97,卖盘
863,10:13:09,19.75,268520,136,卖盘
864,10:13:12,19.75,272611,138,卖盘
865,10:13:15,19.75,438450,222,买盘
866,10:13:18,19.74,556754,282,卖盘
867,10:13:21,19.75,96814,49,中性盘
868,10:13:24,19.74,100733,51,卖盘
869,10:13:27,19.76,73078,37,买盘
870,10:13:30,19.75,73102,37,卖盘
871,10:13:33,19.75,69130,35,卖盘
872,10:13:36,19.75,53315,27,买盘
873,10:13:39,19.75,65172,33,买盘
874,10:13:42,19.74,120439,61,卖盘
875,10:13:45,19.75,31593,16,买盘
876,10:13:48,19.75,33575,17,买盘
877,10:13:51,19.75,266611,135,买盘
878,10:13:54,19.75,106620,54,买盘
879,10:13:57,19.75,47389,24,买盘
880,10:14:00,19.75,43450,22,买盘
881,10:14:03,19.76,193535,98,买盘
882,10:14:06,19.76,197587,100,买盘
883,10:14:09,19.76,560938,284,买盘
884,10:14:12,19.75,635972,322,卖盘
885,10:14:15,19.76,77064,39,买盘
886,10:14:18,19.76,112587,57,买盘
887,10:14:21,19.75,142241,72,卖盘
888,10:14:24,19.75,272564,138,卖盘
889,10:14:27,19.75,319950,162,买盘
890,10:14:30,19.76,136299,69,买盘
891,10:14:33,19.75,671523,340,卖盘
892,10:14:36,19.76,132352,67,买盘
893,10:14:39,19.76,187704,95,买盘
894,10:14:42,19.77,790305,400,买盘
895,10:14:45,19.76,25688,13,卖盘
896,10:14:48,19.77,51402,26,买盘
897,10:14:51,19.77,535746,271,买盘
898,10:14:54,19.76,875478,443,卖盘
899,10:14:57,19.76,650095,329,卖盘
900,10:15:00,19.76,1547208,783,买盘
901,10:15:03,19.78,3033390,1535,买盘
902,10:15:06,19.78,19780,10,买盘
903,10:15:09,19.78,17802,9,买盘
904,10:15:12,19.77,357865,181,卖盘
905,10:15:15,19.77,229332,116,买盘
906,10:15:18,19.79,128582,65,买盘
907,10:15:21,19.78,120701,61,卖盘
908,10:15:24,19.78,646847,327,卖盘
909,10:15:27,19.79,3958,2,买盘
910,10:15:30,19.78,116735,59,卖盘
911,10:15:33,19.77,818888,414,卖盘
912,10:15:36,19.77,13839,7,卖盘
913,10:15:39,19.79,2524995,1276,买盘
914,10:15:42,19.78,67267,34,卖盘
915,10:15:45,19.78,393612,199,卖盘
916,10:15:48,19.78,73186,37,买盘
917,10:15:51,19.8,2428583,1227,买盘
918,10:15:54,19.78,607366,307,卖盘
919,10:15:57,19.8,29700,15,买盘
920,10:16:00,19.79,31679,16,卖盘
921,10:16:03,19.78,61325,31,卖盘
922,10:16:06,19.79,9895,5,买盘
923,10:16:09,19.8,637239,322,买盘
924,10:16:12,19.8,49494,25,买盘
925,10:16:15,19.79,1219031,616,卖盘
926,10:16:18,19.79,453218,229,买盘
927,10:16:21,19.8,96995,49,买盘
928,10:16:24,19.79,100926,51,卖盘
929,10:16:27,19.79,178110,90,买盘
930,10:16:30,19.79,37591,19,买盘
931,10:16:33,19.79,2685771,1357,买盘
932,10:16:36,19.79,5937,3,买盘
933,10:16:39,19.79,71232,36,买盘
934,10:16:42,19.8,9896,5,买盘
935,10:16:45,19.79,356219,180,卖盘
936,10:16:51,19.79,33636,17,买盘
937,10:16:54,19.78,269036,136,卖盘
938,10:16:57,19.79,547990,277,买盘
939,10:17:00,19.8,73254,37,买盘
940,10:17:03,19.78,867191,438,卖盘
941,10:17:06,19.81,35658,18,买盘
942,10:17:09,19.81,231756,117,买盘
943,10:17:12,19.82,204145,103,买盘
944,10:17:15,19.84,891806,450,买盘
945,10:17:18,19.84,101183,51,买盘
946,10:17:21,19.83,444289,224,卖盘
947,10:17:24,19.82,384528,194,卖盘
948,10:17:27,19.81,39628,20,卖盘
949,10:17:30,19.81,53503,27,卖盘
950,10:17:33,19.81,231772,117,卖盘
951,10:17:36,19.81,176309,89,买盘
952,10:17:39,19.82,297147,150,买盘
953,10:17:42,19.82,37657,19,买盘
954,10:17:45,19.82,641884,324,买盘
955,10:17:48,19.83,166500,84,买盘
956,10:17:51,19.82,3638352,1836,卖盘
957,10:17:54,19.82,97104,49,买盘
958,10:17:57,19.82,69365,35,买盘
959,10:18:00,19.82,81262,41,买盘
960,10:18:03,19.81,400183,202,卖盘
961,10:18:06,19.82,255570,129,买盘
962,10:18:09,19.81,253688,128,卖盘
963,10:18:12,19.8,372364,188,卖盘
964,10:18:15,19.8,59400,30,卖盘
965,10:18:18,19.8,198066,100,卖盘
966,10:18:21,19.81,128759,65,买盘
967,10:18:24,19.8,766265,387,卖盘
968,10:18:27,19.8,2044223,1032,买盘
969,10:18:30,19.79,11877,6,卖盘
970,10:18:33,19.79,716401,362,卖盘
971,10:18:36,19.79,19790,10,买盘
972,10:18:39,19.79,21759,11,买盘
973,10:18:42,19.79,29683,15,买盘
974,10:18:45,19.79,243301,123,买盘
975,10:18:48,19.78,13848,7,卖盘
976,10:18:51,19.78,571642,289,卖盘
977,10:18:54,19.77,106775,54,卖盘
978,10:18:57,19.77,57352,29,卖盘
979,10:19:00,19.78,25706,13,买盘
980,10:19:03,19.77,138411,70,卖盘
981,10:19:06,19.78,308473,156,买盘
982,10:19:09,19.78,114711,58,买盘
983,10:19:12,19.77,448792,227,卖盘
984,10:19:15,19.78,96902,49,买盘
985,10:19:18,19.78,55372,28,买盘
986,10:19:21,19.78,1117570,565,买盘
987,10:19:24,19.8,1625962,822,买盘
988,10:19:27,19.8,158400,80,买盘
989,10:19:30,19.81,1566170,791,买盘
990,10:19:33,19.81,231812,117,卖盘
991,10:19:36,19.83,523069,264,买盘
992,10:19:39,19.82,170507,86,卖盘
993,10:19:42,19.82,148650,75,卖盘
994,10:19:45,19.81,255593,129,卖盘
995,10:19:48,19.82,261526,132,买盘
996,10:19:51,19.81,23783,12,卖盘
997,10:19:54,19.81,641977,324,卖盘
998,10:19:57,19.81,414029,209,买盘
999,10:20:00,19.81,776366,392,卖盘
1000,10:20:03,19.81,89161,45,卖盘
1001,10:20:06,19.8,152515,77,卖盘
1002,10:20:09,19.8,291198,147,卖盘
1003,10:20:12,19.8,223756,113,卖盘
1004,10:20:15,19.8,778177,393,卖盘
1005,10:20:18,19.8,102986,52,卖盘
1006,10:20:21,19.8,95052,48,卖盘
1007,10:20:24,19.81,625693,316,买盘
1008,10:20:27,19.8,35651,18,卖盘
1009,10:20:30,19.8,1708738,863,卖盘
1010,10:20:33,19.8,1126600,569,买盘
1011,10:20:36,19.79,98998,50,卖盘
1012,10:20:39,19.79,221688,112,卖盘
1013,10:20:42,19.79,45529,23,卖盘
1014,10:20:45,19.79,33657,17,卖盘
1015,10:20:48,19.79,55420,28,卖盘
1016,10:20:51,19.79,71263,36,卖盘
1017,10:20:54,19.79,47496,24,卖盘
1018,10:20:57,19.8,273238,138,买盘
1019,10:21:00,19.8,376195,190,买盘
1020,10:21:03,19.8,439548,222,买盘
1021,10:21:06,19.8,43560,22,买盘
1022,10:21:09,19.8,241459,122,买盘
1023,10:21:12,19.8,49500,25,买盘
1024,10:21:15,19.79,138530,70,卖盘
1025,10:21:18,19.8,304768,154,买盘
1026,10:21:21,19.79,61349,31,卖盘
1027,10:21:24,19.8,45525,23,买盘
1028,10:21:27,19.8,25728,13,买盘
1029,10:21:30,19.8,425489,215,买盘
1030,10:21:33,19.79,100929,51,卖盘
1031,10:21:36,19.8,25732,13,买盘
1032,10:21:39,19.79,304766,154,卖盘
1033,10:21:42,19.8,720697,364,买盘
1034,10:21:45,19.79,516726,261,卖盘
1035,10:21:48,19.79,102942,52,卖盘
1036,10:21:51,19.79,330519,167,卖盘
1037,10:21:54,19.79,53411,27,买盘
1038,10:21:57,19.79,45497,23,买盘
1039,10:22:00,19.79,90992,46,买盘
1040,10:22:03,19.78,116722,59,卖盘
1041,10:22:06,19.78,1419900,718,卖盘
1042,10:22:09,19.76,71165,36,卖盘
1043,10:22:12,19.77,251068,127,中性盘
1044,10:22:15,19.78,1119537,566,买盘
1045,10:22:18,19.77,452734,229,卖盘
1046,10:22:21,19.77,47437,24,卖盘
1047,10:22:24,19.76,772840,391,卖盘
1048,10:22:30,19.76,373781,189,卖盘
1049,10:22:33,19.76,126476,64,卖盘
1050,10:22:36,19.76,47424,24,卖盘
1051,10:22:39,19.76,195624,99,卖盘
1052,10:22:42,19.76,187668,95,买盘
1053,10:22:45,19.75,84940,43,卖盘
1054,10:22:48,19.75,215276,109,卖盘
1055,10:22:51,19.76,51352,26,买盘
1056,10:22:54,19.75,19750,10,卖盘
1057,10:22:57,19.76,11853,6,买盘
1058,10:23:00,19.76,424677,215,买盘
1059,10:23:03,19.75,33585,17,卖盘
1060,10:23:06,19.75,152075,77,卖盘
1061,10:23:09,19.75,428726,217,卖盘
1062,10:23:12,19.76,132356,67,卖盘
1063,10:23:15,19.76,116567,59,卖盘
1064,10:23:18,19.76,98794,50,买盘
1065,10:23:21,19.77,35576,18,买盘
1066,10:23:24,19.76,171895,87,卖盘
1067,10:23:27,19.76,77037,39,买盘
1068,10:23:30,19.76,280560,142,买盘
1069,10:23:33,19.76,29637,15,买盘
1070,10:23:36,19.75,961825,487,卖盘
1071,10:23:39,19.75,282380,143,卖盘
1072,10:23:42,19.75,106650,54,卖盘
1073,10:23:45,19.76,492010,249,买盘
1074,10:23:48,19.77,521772,264,买盘
1075,10:23:51,19.76,278751,141,卖盘
1076,10:23:54,19.76,213386,108,卖盘
1077,10:23:57,19.76,13832,7,中性盘
1078,10:24:00,19.75,446367,226,卖盘
1079,10:24:03,19.75,163926,83,卖盘
1080,10:24:06,19.76,124472,63,买盘
1081,10:24:09,19.75,55300,28,卖盘
1082,10:24:12,19.75,33570,17,卖盘
1083,10:24:15,19.76,55297,28,买盘
1084,10:24:18,19.75,7900,4,卖盘
1085,10:24:21,19.75,11850,6,卖盘
1086,10:24:24,19.74,627851,318,卖盘
1087,10:24:27,19.74,47395,24,卖盘
1088,10:24:30,19.75,138185,70,买盘
1089,10:24:33,19.74,1263377,640,卖盘
1090,10:24:36,19.74,333503,169,买盘
1091,10:24:39,19.73,359174,182,卖盘
1092,10:24:42,19.73,677066,343,卖盘
1093,10:24:45,19.75,1249696,633,买盘
1094,10:24:48,19.76,256868,130,买盘
1095,10:24:51,19.76,47441,24,卖盘
1096,10:24:54,19.76,98796,50,卖盘
1097,10:24:57,19.76,217360,110,卖盘
1098,10:25:00,19.76,106704,54,买盘
1099,10:25:03,19.76,45447,23,买盘
1100,10:25:06,19.76,3952,2,卖盘
1101,10:25:09,19.77,136346,69,买盘
1102,10:25:12,19.78,695656,352,买盘
1103,10:25:15,19.78,490558,248,买盘
1104,10:25:21,19.78,1978,1,卖盘
1105,10:25:24,19.78,172101,87,卖盘
1106,10:25:27,19.79,170194,86,买盘
1107,10:25:30,19.8,25735,13,买盘
1108,10:25:33,19.79,29689,15,卖盘
1109,10:25:36,19.8,85110,43,买盘
1110,10:25:39,19.8,227690,115,买盘
1111,10:25:42,19.79,81155,41,卖盘
1112,10:25:45,19.79,136551,69,卖盘
1113,10:25:48,19.79,261244,132,卖盘
1114,10:25:51,19.79,83117,42,买盘
1115,10:25:54,19.79,61349,31,买盘
1116,10:25:57,19.79,29671,15,买盘
1117,10:26:00,19.78,3956,2,卖盘
1118,10:26:03,19.79,55401,28,买盘
1119,10:26:06,19.78,152381,77,卖盘
1120,10:26:09,19.79,555971,281,买盘
1121,10:26:12,19.79,365946,185,买盘
1122,10:26:15,19.78,102873,52,卖盘
1123,10:26:18,19.79,162269,82,买盘
1124,10:26:21,19.78,77180,39,卖盘
1125,10:26:24,19.79,1979,1,买盘
1126,10:26:27,19.78,168135,85,卖盘
1127,10:26:30,19.78,15827,8,卖盘
1128,10:26:33,19.78,39560,20,卖盘
1129,10:26:36,19.78,81135,41,卖盘
1130,10:26:39,19.8,37610,19,买盘
1131,10:26:42,19.78,108810,55,卖盘
1132,10:26:45,19.78,670363,339,卖盘
1133,10:26:48,19.77,73164,37,卖盘
1134,10:26:51,19.77,45487,23,卖盘
1135,10:26:54,19.77,90942,46,卖盘
1136,10:26:57,19.79,168115,85,买盘
1137,10:27:00,19.78,132579,67,卖盘
1138,10:27:03,19.78,27692,14,卖盘
1139,10:27:06,19.78,308569,156,卖盘
1140,10:27:09,19.79,29680,15,买盘
1141,10:27:12,19.78,47492,24,卖盘
1142,10:27:15,19.78,33634,17,卖盘
1143,10:27:18,19.79,25727,13,买盘
1144,10:27:21,19.78,122675,62,卖盘
1145,10:27:24,19.79,1979,1,买盘
1146,10:27:27,19.79,59370,30,买盘
1147,10:27:30,19.79,25722,13,卖盘
1148,10:27:33,19.78,41538,21,卖盘
1149,10:27:36,19.79,591775,299,买盘
1150,10:27:39,19.79,419548,212,买盘
1151,10:27:42,19.78,23747,12,卖盘
1152,10:27:45,19.79,11874,6,买盘
1153,10:27:48,19.78,33626,17,卖盘
1154,10:27:51,19.78,134504,68,卖盘
1155,10:27:54,19.78,124615,63,卖盘
1156,10:27:57,19.78,59342,30,卖盘
1157,10:28:00,19.79,870760,440,买盘
1158,10:28:03,19.79,275070,139,买盘
1159,10:28:06,19.79,1649986,834,买盘
1160,10:28:09,19.79,189974,96,买盘
1161,10:28:12,19.78,11873,6,卖盘
1162,10:28:18,19.78,67252,34,卖盘
1163,10:28:21,19.79,146374,74,买盘
1164,10:28:24,19.78,278905,141,卖盘
1165,10:28:27,19.77,23731,12,卖盘
1166,10:28:30,19.78,27688,14,买盘
1167,10:28:33,19.77,338126,171,卖盘
1168,10:28:36,19.77,419222,212,卖盘
1169,10:28:39,19.79,96955,49,买盘
1170,10:28:42,19.78,160262,81,卖盘
1171,10:28:45,19.79,57385,29,买盘
1172,10:28:48,19.78,112751,57,卖盘
1173,10:28:51,19.78,27692,14,卖盘
1174,10:28:54,19.78,25712,13,卖盘
1175,10:28:57,19.79,166153,84,买盘
1176,10:29:00,19.79,31664,16,买盘
1177,10:29:03,19.78,90988,46,卖盘
1178,10:29:06,19.77,33613,17,卖盘
1179,10:29:09,19.78,63295,32,买盘
1180,10:29:12,19.78,178000,90,买盘
1181,10:29:15,19.78,336260,170,买盘
1182,10:29:18,19.78,23736,12,卖盘
1183,10:29:21,19.78,9890,5,卖盘
1184,10:29:24,19.78,213619,108,卖盘
1185,10:29:27,19.77,266975,135,卖盘
1186,10:29:30,19.78,1978,1,中性盘
1187,10:29:33,19.79,25724,13,买盘
1188,10:29:36,19.78,96921,49,卖盘
1189,10:29:39,19.77,96873,49,卖盘
1190,10:29:42,19.77,555540,281,卖盘
1191,10:29:45,19.76,100810,51,卖盘
1192,10:29:48,19.76,9883,5,卖盘
1193,10:29:51,19.76,118600,60,卖盘
1194,10:29:54,19.76,9880,5,卖盘
1195,10:29:57,19.78,63265,32,买盘
1196,10:30:00,19.77,7908,4,卖盘
1197,10:30:03,19.78,130489,66,买盘
1198,10:30:06,19.77,69195,35,卖盘
1199,10:30:09,19.77,71172,36,买盘
1200,10:30:12,19.78,45467,23,买盘
1201,10:30:15,19.79,490531,248,买盘
1202,10:30:18,19.79,545947,276,买盘
1203,10:30:21,19.79,2109691,1066,买盘
1204,10:30:24,19.8,35625,18,买盘
1205,10:30:27,19.79,623392,315,卖盘
1206,10:30:30,19.8,1306799,660,买盘
1207,10:30:33,19.79,55418,28,卖盘
1208,10:30:36,19.78,91014,46,卖盘
1209,10:30:39,19.79,11874,6,买盘
1210,10:30:42,19.79,51431,26,买盘
1211,10:30:45,19.78,41538,21,卖盘
1212,10:30:48,19.78,19780,10,卖盘
1213,10:30:51,19.78,19781,10,卖盘
1214,10:30:54,19.78,387688,196,卖盘
1215,10:30:57,19.77,21747,11,卖盘
1216,10:31:00,19.77,11865,6,卖盘
1217,10:31:03,19.77,37563,19,卖盘
1218,10:31:06,19.78,126532,64,买盘
1219,10:31:09,19.77,19779,10,卖盘
1220,10:31:12,19.77,75138,38,卖盘
1221,10:31:15,19.78,3956,2,买盘
1222,10:31:18,19.78,57338,29,买盘
1223,10:31:21,19.78,67242,34,买盘
1224,10:31:24,19.77,92919,47,卖盘
1225,10:31:27,19.77,51402,26,卖盘
1226,10:31:30,19.78,225459,114,买盘
1227,10:31:33,19.77,5931,3,卖盘
1228,10:31:36,19.77,59310,30,卖盘
1229,10:31:42,19.77,221439,112,卖盘
1230,10:31:45,19.77,35586,18,卖盘
1231,10:31:48,19.77,270849,137,卖盘
1232,10:31:51,19.77,88948,45,买盘
1233,10:31:54,19.77,17790,9,买盘
1234,10:31:57,19.76,154128,78,卖盘
1235,10:32:00,19.76,571064,289,卖盘
1236,10:32:03,19.76,480159,243,买盘
1237,10:32:06,19.77,146276,74,买盘
1238,10:32:09,19.76,3952,2,中性盘
1239,10:32:12,19.76,1976,1,卖盘
1240,10:32:15,19.76,223241,113,卖盘
1241,10:32:18,19.76,75059,38,卖盘
1242,10:32:21,19.75,35567,18,卖盘
1243,10:32:24,19.75,953925,483,卖盘
1244,10:32:27,19.76,324003,164,买盘
1245,10:32:30,19.76,258776,131,卖盘
1246,10:32:33,19.75,213364,108,卖盘
1247,10:32:36,19.76,116622,59,买盘
1248,10:32:39,19.76,29640,15,卖盘
1249,10:32:42,19.76,73112,37,卖盘
1250,10:32:45,19.76,136344,69,卖盘
1251,10:32:48,19.76,39517,20,卖盘
1252,10:32:51,19.76,71138,36,卖盘
1253,10:32:54,19.76,124488,63,卖盘
1254,10:32:57,19.76,130454,66,买盘
1255,10:33:00,19.76,9880,5,卖盘
1256,10:33:03,19.77,381523,193,买盘
1257,10:33:06,19.77,164098,83,买盘
1258,10:33:09,19.77,92919,47,卖盘
1259,10:33:12,19.77,110730,56,卖盘
1260,10:33:15,19.78,269008,136,买盘
1261,10:33:18,19.78,160223,81,卖盘
1262,10:33:21,19.76,118616,60,卖盘
1263,10:33:24,19.76,55328,28,卖盘
1264,10:33:27,19.75,241077,122,卖盘
1265,10:33:30,19.77,63238,32,买盘
1266,10:33:33,19.76,102710,52,卖盘
1267,10:33:36,19.75,187625,95,卖盘
1268,10:33:39,19.75,156076,79,卖盘
1269,10:33:42,19.75,53325,27,卖盘
1270,10:33:45,19.76,130376,66,买盘
1271,10:33:51,19.74,132320,67,卖盘
1272,10:33:54,19.75,11850,6,买盘
1273,10:33:57,19.75,146182,74,卖盘
1274,10:34:00,19.75,361425,183,卖盘
1275,10:34:03,19.75,317975,161,卖盘
1276,10:34:06,19.75,649675,329,卖盘
1277,10:34:09,19.75,347576,176,卖盘
1278,10:34:12,19.74,1939380,983,卖盘
1279,10:34:15,19.74,398887,202,卖盘
1280,10:34:18,19.73,497320,252,卖盘
1281,10:34:21,19.74,217035,110,中性盘
1282,10:34:24,19.73,588013,298,卖盘
1283,10:34:27,19.74,39480,20,卖盘
1284,10:34:30,19.74,211184,107,卖盘
1285,10:34:33,19.73,145957,74,卖盘
1286,10:34:36,19.73,94727,48,卖盘
1287,10:34:39,19.73,382767,194,卖盘
1288,10:34:42,19.72,234783,119,卖盘
1289,10:34:45,19.73,146025,74,卖盘
1290,10:34:48,19.73,146002,74,卖盘
1291,10:34:51,19.74,3948,2,中性盘
1292,10:34:54,19.73,88809,45,卖盘
1293,10:34:57,19.73,45389,23,卖盘
1294,10:35:00,19.73,118387,60,卖盘
1295,10:35:03,19.73,1418606,719,卖盘
1296,10:35:06,19.73,17757,9,卖盘
1297,10:35:09,19.73,246587,125,卖盘
1298,10:35:12,19.73,566078,287,买盘
1299,10:35:15,19.72,264262,134,卖盘
1300,10:35:18,19.73,183410,93,中性盘
1301,10:35:21,19.72,51288,26,卖盘
1302,10:35:24,19.72,631074,320,卖盘
1303,10:35:27,19.73,146019,74,中性盘
1304,10:35:30,19.73,288010,146,买盘
1305,10:35:33,19.73,49317,25,卖盘
1306,10:35:36,19.73,78925,40,卖盘
1307,10:35:39,19.73,375017,190,卖盘
1308,10:35:42,19.73,51299,26,卖盘
1309,10:35:45,19.74,165777,84,买盘
1310,10:35:48,19.73,1177904,597,卖盘
1311,10:35:51,19.73,1049169,532,买盘
1312,10:35:54,19.73,329347,167,买盘
1313,10:35:57,19.73,21698,11,买盘
1314,10:36:00,19.72,737591,374,卖盘
1315,10:36:03,19.72,43386,22,卖盘
1316,10:36:06,19.73,205090,104,买盘
1317,10:36:09,19.73,370905,188,买盘
1318,10:36:12,19.74,617282,313,买盘
1319,10:36:15,19.74,82843,42,买盘
1320,10:36:18,19.75,55283,28,买盘
1321,10:36:21,19.75,221079,112,买盘
1322,10:36:24,19.75,59245,30,买盘
1323,10:36:27,19.74,122399,62,卖盘
1324,10:36:33,19.75,11850,6,卖盘
1325,10:36:36,19.76,159995,81,买盘
1326,10:36:39,19.75,225152,114,卖盘
1327,10:36:42,19.75,35560,18,卖盘
1328,10:36:45,19.75,140248,71,卖盘
1329,10:36:48,19.75,47400,24,卖盘
1330,10:36:51,19.74,94760,48,卖盘
1331,10:36:54,19.74,61207,31,卖盘
1332,10:36:57,19.75,183668,93,买盘
1333,10:37:00,19.75,49360,25,买盘
1334,10:37:03,19.75,507574,257,买盘
1335,10:37:06,19.74,67116,34,卖盘
1336,10:37:09,19.74,203327,103,卖盘
1337,10:37:12,19.74,108579,55,卖盘
1338,10:37:15,19.74,412617,209,卖盘
1339,10:37:18,19.73,126290,64,卖盘
1340,10:37:21,19.74,106586,54,买盘
1341,10:37:24,19.73,246622,125,卖盘
1342,10:37:27,19.73,90760,46,买盘
1343,10:37:30,19.73,122355,62,卖盘
1344,10:37:33,19.73,1973,1,卖盘
1345,10:37:36,19.73,106542,54,卖盘
1346,10:37:39,19.74,104543,53,买盘
1347,10:37:42,19.73,295812,150,买盘
1348,10:37:45,19.73,175621,89,卖盘
1349,10:37:48,19.75,728557,369,买盘
1350,10:37:51,19.73,116448,59,卖盘
1351,10:37:57,19.73,140088,71,卖盘
1352,10:38:00,19.73,100631,51,卖盘
1353,10:38:03,19.74,161788,82,买盘
1354,10:38:06,19.73,63136,32,卖盘
1355,10:38:09,19.74,1093032,554,买盘
1356,10:38:12,19.74,189451,96,买盘
1357,10:38:15,19.73,524682,266,卖盘
1358,10:38:18,19.73,203126,103,买盘
1359,10:38:21,19.74,51299,26,买盘
1360,10:38:24,19.74,140084,71,买盘
1361,10:38:27,19.74,325633,165,买盘
1362,10:38:30,19.73,215057,109,卖盘
1363,10:38:33,19.72,406383,206,卖盘
1364,10:38:36,19.72,222909,113,卖盘
1365,10:38:39,19.74,23680,12,买盘
1366,10:38:42,19.73,21703,11,卖盘
1367,10:38:45,19.73,51298,26,卖盘
1368,10:38:48,19.74,15792,8,买盘
1369,10:38:51,19.74,84873,43,买盘
1370,10:38:54,19.73,609843,309,卖盘
1371,10:38:57,19.73,260448,132,卖盘
1372,10:39:00,19.73,149948,76,卖盘
1373,10:39:03,19.74,211217,107,买盘
1374,10:39:06,19.72,142046,72,卖盘
1375,10:39:09,19.72,94672,48,卖盘
1376,10:39:12,19.72,106491,54,卖盘
1377,10:39:15,19.72,118320,60,卖盘
1378,10:39:18,19.72,1972,1,卖盘
1379,10:39:21,19.72,171597,87,卖盘
1380,10:39:24,19.73,114404,58,买盘
1381,10:39:27,19.72,27608,14,卖盘
1382,10:39:30,19.72,130152,66,卖盘
1383,10:39:33,19.73,126225,64,买盘
1384,10:39:36,19.73,544448,276,买盘
1385,10:39:39,19.73,21712,11,卖盘
1386,10:39:42,19.73,13811,7,卖盘
1387,10:39:45,19.73,931132,472,卖盘
1388,10:39:48,19.73,86838,44,中性盘
1389,10:39:51,19.73,305805,155,卖盘
1390,10:39:54,19.72,364836,185,卖盘
1391,10:39:57,19.71,72929,37,卖盘
1392,10:40:00,19.71,327186,166,卖盘
1393,10:40:03,19.72,2119383,1074,买盘
1394,10:40:06,19.72,63104,32,卖盘
1395,10:40:09,19.72,589392,299,卖盘
1396,10:40:12,19.71,76886,39,卖盘
1397,10:40:15,19.73,364675,185,买盘
1398,10:40:18,19.73,128186,65,买盘
1399,10:40:21,19.73,215089,109,买盘
1400,10:40:24,19.73,23676,12,卖盘
1401,10:40:27,19.73,94704,48,卖盘
1402,10:40:30,19.73,73019,37,卖盘
1403,10:40:33,19.74,73016,37,买盘
1404,10:40:36,19.75,159908,81,买盘
1405,10:40:39,19.74,47376,24,卖盘
1406,10:40:42,19.74,15792,8,卖盘
1407,10:40:45,19.74,23689,12,卖盘
1408,10:40:48,19.74,19740,10,卖盘
1409,10:40:51,19.75,49356,25,买盘
1410,10:40:54,19.74,126336,64,卖盘
1411,10:40:57,19.74,118450,60,卖盘
1412,10:41:00,19.73,219112,111,卖盘
1413,10:41:03,19.73,61163,31,卖盘
1414,10:41:06,19.74,61166,31,买盘
1415,10:41:09,19.73,61163,31,卖盘
1416,10:41:12,19.73,67108,34,卖盘
1417,10:41:15,19.73,13811,7,卖盘
1418,10:41:18,19.74,331588,168,买盘
1419,10:41:21,19.74,71094,36,卖盘
1420,10:41:24,19.74,114494,58,卖盘
1421,10:41:27,19.74,90804,46,卖盘
1422,10:41:30,19.74,9870,5,卖盘
1423,10:41:33,19.75,185649,94,买盘
1424,10:41:36,19.75,343643,174,卖盘
1425,10:41:39,19.75,171800,87,卖盘
1426,10:41:42,19.74,294143,149,卖盘
1427,10:41:45,19.74,86856,44,卖盘
1428,10:41:51,19.74,39499,20,卖盘
1429,10:41:54,19.75,116537,59,买盘
1430,10:41:57,19.74,39489,20,卖盘
1431,10:42:00,19.74,57246,29,卖盘
1432,10:42:03,19.74,33558,17,卖盘
1433,10:42:06,19.74,31585,16,卖盘
1434,10:42:09,19.74,442176,224,卖盘
1435,10:42:12,19.74,39480,20,卖盘
1436,10:42:15,19.74,55267,28,买盘
1437,10:42:18,19.73,201270,102,卖盘
1438,10:42:21,19.73,102596,52,卖盘
1439,10:42:24,19.73,1018068,516,卖盘
1440,10:42:27,19.73,57217,29,卖盘
1441,10:42:30,19.73,236760,120,卖盘
1442,10:42:33,19.73,159814,81,卖盘
1443,10:42:36,19.73,126297,64,卖盘
1444,10:42:39,19.73,65109,33,卖盘
1445,10:42:42,19.74,246713,125,买盘
1446,10:42:45,19.75,157916,80,买盘
1447,10:42:48,19.73,120399,61,卖盘
1448,10:42:51,19.74,78951,40,卖盘
1449,10:42:54,19.74,37506,19,卖盘
1450,10:42:57,19.73,55270,28,卖盘
1451,10:43:00,19.74,88830,45,买盘
1452,10:43:03,19.74,189533,96,买盘
1453,10:43:06,19.74,90804,46,卖盘
1454,10:43:09,19.73,341417,173,卖盘
1455,10:43:12,19.74,33547,17,买盘
1456,10:43:15,19.74,124315,63,买盘
1457,10:43:18,19.73,41435,21,卖盘
1458,10:43:21,19.73,11838,6,卖盘
1459,10:43:24,19.74,55262,28,买盘
1460,10:43:27,19.73,11843,6,卖盘
1461,10:43:30,19.74,13816,7,买盘
1462,10:43:33,19.74,35531,18,买盘
1463,10:43:36,19.74,175681,89,买盘
1464,10:43:39,19.74,229009,116,买盘
1465,10:43:42,19.74,272491,138,卖盘
1466,10:43:45,19.75,223149,113,买盘
1467,10:43:48,19.74,337641,171,卖盘
1468,10:43:51,19.73,209292,106,卖盘
1469,10:43:54,19.75,1086514,550,买盘
1470,10:43:57,19.76,454303,230,买盘
1471,10:44:00,19.76,19765,10,卖盘
1472,10:44:03,19.75,400961,203,卖盘
1473,10:44:06,19.75,45425,23,卖盘
1474,10:44:09,19.76,138273,70,买盘
1475,10:44:12,19.76,7903,4,买盘
1476,10:44:15,19.77,2267194,1147,买盘
1477,10:44:18,19.75,185563,94,卖盘
1478,10:44:21,19.73,726135,368,卖盘
1479,10:44:24,19.73,205213,104,卖盘
1480,10:44:27,19.74,86822,44,买盘
1481,10:44:30,19.74,311781,158,买盘
1482,10:44:33,19.74,21706,11,买盘
1483,10:44:36,19.73,29595,15,卖盘
1484,10:44:39,19.74,84841,43,买盘
1485,10:44:42,19.74,130309,66,买盘
1486,10:44:45,19.74,76974,39,卖盘
1487,10:44:48,19.74,23688,12,买盘
1488,10:44:51,19.74,9872,5,卖盘
1489,10:44:54,19.75,25675,13,买盘
1490,10:44:57,19.75,305959,155,买盘
1491,10:45:00,19.75,270539,137,卖盘
1492,10:45:03,19.76,677927,343,买盘
1493,10:45:06,19.74,432338,219,卖盘
1494,10:45:09,19.76,527028,267,买盘
1495,10:45:12,19.76,49397,25,买盘
1496,10:45:15,19.76,51364,26,买盘
1497,10:45:18,19.75,254866,129,中性盘
1498,10:45:21,19.75,321948,163,卖盘
1499,10:45:24,19.74,201375,102,卖盘
1500,10:45:27,19.74,246781,125,卖盘
1501,10:45:30,19.74,394805,200,卖盘
1502,10:45:33,19.74,183582,93,买盘
1503,10:45:36,19.75,451954,229,买盘
1504,10:45:39,19.73,199289,101,卖盘
1505,10:45:42,19.73,140087,71,卖盘
1506,10:45:45,19.73,230912,117,卖盘
1507,10:45:48,19.74,49343,25,买盘
1508,10:45:51,19.74,108570,55,买盘
1509,10:45:54,19.74,333483,169,卖盘
1510,10:45:57,19.73,13811,7,卖盘
1511,10:46:00,19.74,59199,30,买盘
1512,10:46:03,19.73,78920,40,卖盘
1513,10:46:06,19.73,179528,91,卖盘
1514,10:46:09,19.73,329342,167,卖盘
1515,10:46:12,19.73,140096,71,卖盘
1516,10:46:15,19.72,187452,95,卖盘
1517,10:46:18,19.72,230779,117,卖盘
1518,10:46:21,19.74,3947,2,买盘
1519,10:46:24,19.72,45367,23,卖盘
1520,10:46:27,19.73,120302,61,中性盘
1521,10:46:30,19.74,3946,2,买盘
1522,10:46:33,19.72,21700,11,卖盘
1523,10:46:36,19.74,496898,252,买盘
1524,10:46:39,19.72,757259,384,卖盘
1525,10:46:42,19.73,96659,49,中性盘
1526,10:46:45,19.73,1020600,517,卖盘
1527,10:46:48,19.74,1337074,677,买盘
1528,10:46:51,19.74,276329,140,买盘
1529,10:46:54,19.73,761581,386,卖盘
1530,10:46:57,19.73,19730,10,买盘
1531,10:47:00,19.72,690500,350,卖盘
1532,10:47:03,19.72,461267,234,卖盘
1533,10:47:06,19.72,167566,85,卖盘
1534,10:47:09,19.72,122273,62,卖盘
1535,10:47:12,19.71,1397111,709,卖盘
1536,10:47:15,19.72,193194,98,卖盘
1537,10:47:18,19.71,368714,187,卖盘
1538,10:47:21,19.71,258252,131,卖盘
1539,10:47:24,19.71,108427,55,卖盘
1540,10:47:27,19.72,281811,143,中性盘
1541,10:47:30,19.71,815633,414,卖盘
1542,10:47:33,19.71,494578,251,卖盘
1543,10:47:36,19.7,116268,59,卖盘
1544,10:47:39,19.7,246360,125,卖盘
1545,10:47:42,19.71,21681,11,卖盘
1546,10:47:45,19.7,545756,277,卖盘
1547,10:47:48,19.71,1860195,944,中性盘
1548,10:47:51,19.71,78848,40,卖盘
1549,10:47:54,19.72,492892,250,中性盘
1550,10:47:57,19.73,295938,150,卖盘
1551,10:48:00,19.73,351024,178,卖盘
1552,10:48:03,19.72,102559,52,卖盘
1553,10:48:06,19.73,69055,35,买盘
1554,10:48:09,19.73,35514,18,卖盘
1555,10:48:12,19.74,207175,105,买盘
1556,10:48:15,19.73,55244,28,卖盘
1557,10:48:18,19.73,966773,490,卖盘
1558,10:48:21,19.73,142066,72,卖盘
1559,10:48:24,19.73,303877,154,卖盘
1560,10:48:27,19.72,295885,150,卖盘
1561,10:48:33,19.73,526552,267,买盘
1562,10:48:36,19.73,37487,19,卖盘
1563,10:48:39,19.73,9868,5,卖盘
1564,10:48:42,19.73,25649,13,卖盘
1565,10:48:45,19.73,82866,42,卖盘
1566,10:48:48,19.73,321603,163,卖盘
1567,10:48:51,19.73,1973,1,卖盘
1568,10:48:54,19.74,224939,114,买盘
1569,10:48:57,19.74,35516,18,买盘
1570,10:49:00,19.74,124346,63,买盘
1571,10:49:03,19.75,1873127,949,买盘
1572,10:49:06,19.75,282232,143,买盘
1573,10:49:09,19.74,418678,212,卖盘
1574,10:49:12,19.73,225077,114,卖盘
1575,10:49:15,19.75,55300,28,买盘
1576,10:49:18,19.74,90825,46,卖盘
1577,10:49:21,19.74,35542,18,买盘
1578,10:49:24,19.74,108604,55,卖盘
1579,10:49:27,19.75,82944,42,买盘
1580,10:49:30,19.75,1426055,722,买盘
1581,10:49:33,19.75,300414,152,卖盘
1582,10:49:36,19.75,19750,10,卖盘
1583,10:49:39,19.74,375139,190,卖盘
1584,10:49:42,19.77,15815,8,买盘
1585,10:49:45,19.77,260964,132,买盘
1586,10:49:48,19.78,43512,22,买盘
1587,10:49:51,19.78,347802,176,买盘
1588,10:49:54,19.78,96922,49,买盘
1589,10:49:57,19.78,106812,54,买盘
1590,10:50:00,19.78,59340,30,买盘
1591,10:50:03,19.78,219555,111,买盘
1592,10:50:06,19.77,347904,176,卖盘
1593,10:50:09,19.78,15821,8,买盘
1594,10:50:12,19.78,9886,5,买盘
1595,10:50:15,19.78,96898,49,买盘
1596,10:50:18,19.78,771420,390,买盘
1597,10:50:21,19.77,610996,309,卖盘
1598,10:50:24,19.77,508362,257,卖盘
1599,10:50:27,19.8,334490,169,买盘
1600,10:50:30,19.8,1980,1,买盘
1601,10:50:33,19.79,176202,89,卖盘
1602,10:50:36,19.79,184047,93,卖盘
1603,10:50:39,19.79,21774,11,卖盘
1604,10:50:42,19.79,45517,23,卖盘
1605,10:50:45,19.79,235486,119,卖盘
1606,10:50:48,19.78,31648,16,卖盘
1607,10:50:51,19.76,79098,40,卖盘
1608,10:50:54,19.78,316624,160,买盘
1609,10:50:57,19.78,63286,32,买盘
1610,10:51:00,19.77,59325,30,卖盘
1611,10:51:03,19.78,304412,154,买盘
1612,10:51:06,19.79,43521,22,买盘
1613,10:51:12,19.78,15826,8,卖盘
1614,10:51:15,19.79,415254,210,买盘
1615,10:51:18,19.79,108810,55,买盘
1616,10:51:21,19.78,223446,113,卖盘
1617,10:51:24,19.78,63299,32,买盘
1618,10:51:27,19.79,112803,57,买盘
1619,10:51:30,19.79,45517,23,卖盘
1620,10:51:36,19.77,142393,72,卖盘
1621,10:51:39,19.78,9890,5,中性盘
1622,10:51:42,19.79,13852,7,买盘
1623,10:51:45,19.8,5940,3,买盘
1624,10:51:48,19.8,142488,72,买盘
1625,10:51:51,19.8,207894,105,买盘
1626,10:51:54,19.8,2077020,1049,买盘
1627,10:51:57,19.79,83143,42,卖盘
1628,10:52:00,19.79,437450,221,卖盘
1629,10:52:03,19.79,1308669,661,卖盘
1630,10:52:06,19.79,237487,120,卖盘
1631,10:52:09,19.8,71307,36,卖盘
1632,10:52:12,19.81,217836,110,买盘
1633,10:52:15,19.81,55427,28,买盘
1634,10:52:18,19.81,19810,10,买盘
1635,10:52:21,19.81,7923,4,买盘
1636,10:52:24,19.81,166321,84,买盘
1637,10:52:27,19.81,207911,105,买盘
1638,10:52:30,19.79,172252,87,卖盘
1639,10:52:33,19.8,217804,110,卖盘
1640,10:52:36,19.8,31691,16,卖盘
1641,10:52:39,19.81,293178,148,买盘
1642,10:52:42,19.81,227737,115,买盘
1643,10:52:45,19.8,245532,124,卖盘
1644,10:52:48,19.8,1174701,593,卖盘
1645,10:52:51,19.82,901778,455,买盘
1646,10:52:54,19.83,218026,110,买盘
1647,10:52:57,19.81,103021,52,卖盘
1648,10:53:00,19.82,13875,7,卖盘
1649,10:53:03,19.83,1191548,601,买盘
1650,10:53:06,19.84,41646,21,买盘
1651,10:53:09,19.84,103168,52,买盘
1652,10:53:12,19.83,549593,277,卖盘
1653,10:53:15,19.85,31760,16,买盘
1654,10:53:18,19.85,107190,54,买盘
1655,10:53:21,19.85,93293,47,买盘
1656,10:53:24,19.86,1413286,712,买盘
1657,10:53:27,19.86,81396,41,买盘
1658,10:53:30,19.86,174718,88,买盘
1659,10:53:33,19.84,2236952,1127,卖盘
1660,10:53:36,19.85,186495,94,买盘
1661,10:53:39,19.82,174499,88,卖盘
1662,10:53:42,19.82,168453,85,卖盘
1663,10:53:45,19.84,323077,163,买盘
1664,10:53:48,19.84,240005,121,买盘
1665,10:53:51,19.84,251970,127,买盘
1666,10:53:54,19.84,162536,82,中性盘
1667,10:53:57,19.83,17847,9,卖盘
1668,10:54:00,19.84,41663,21,买盘
1669,10:54:03,19.83,7932,4,卖盘
1670,10:54:06,19.83,59484,30,买盘
1671,10:54:12,19.81,279608,141,卖盘
1672,10:54:15,19.81,41602,21,卖盘
1673,10:54:18,19.82,176320,89,买盘
1674,10:54:21,19.82,142695,72,买盘
1675,10:54:24,19.81,142632,72,卖盘
1676,10:54:27,19.81,416012,210,卖盘
1677,10:54:30,19.81,29715,15,买盘
1678,10:54:33,19.8,1900299,961,卖盘
1679,10:54:36,19.8,69300,35,买盘
1680,10:54:39,19.8,27707,14,中性盘
1681,10:54:42,19.8,152460,77,卖盘
1682,10:54:45,19.81,39620,20,买盘
1683,10:54:48,19.82,67377,34,买盘
1684,10:54:51,19.8,35641,18,卖盘
1685,10:54:54,19.8,180200,91,卖盘
1686,10:54:57,19.8,75247,38,卖盘
1687,10:55:00,19.81,7924,4,买盘
1688,10:55:03,19.8,154441,78,卖盘
1689,10:55:06,19.81,41581,21,买盘
1690,10:55:09,19.8,520762,263,卖盘
1691,10:55:12,19.8,128710,65,卖盘
1692,10:55:15,19.8,91075,46,买盘
1693,10:55:18,19.8,27720,14,买盘
1694,10:55:21,19.79,17817,9,卖盘
1695,10:55:30,19.8,41579,21,买盘
1696,10:55:33,19.8,83156,42,买盘
1697,10:55:36,19.8,7920,4,卖盘
1698,10:55:39,19.8,19800,10,卖盘
1699,10:55:42,19.8,263356,133,卖盘
1700,10:55:45,19.8,409860,207,中性盘
1701,10:55:48,19.81,83170,42,买盘
1702,10:55:51,19.81,104977,53,买盘
1703,10:55:54,19.8,164337,83,卖盘
1704,10:55:57,19.8,493264,249,卖盘
1705,10:56:00,19.81,9905,5,买盘
1706,10:56:03,19.8,207901,105,卖盘
1707,10:56:06,19.81,11886,6,买盘
1708,10:56:09,19.82,17834,9,买盘
1709,10:56:12,19.8,203955,103,卖盘
1710,10:56:18,19.81,11886,6,买盘
1711,10:56:21,19.8,91093,46,卖盘
1712,10:56:24,19.8,388080,196,卖盘
1713,10:56:27,19.81,83168,42,买盘
1714,10:56:30,19.81,51491,26,买盘
1715,10:56:33,19.81,239739,121,卖盘
1716,10:56:36,19.83,224024,113,买盘
1717,10:56:39,19.84,101124,51,买盘
1718,10:56:42,19.82,150640,76,卖盘
1719,10:56:45,19.82,25773,13,卖盘
1720,10:56:48,19.83,1983,1,买盘
1721,10:56:51,19.83,27761,14,买盘
1722,10:56:54,19.82,265636,134,卖盘
1723,10:56:57,19.84,105113,53,买盘
1724,10:57:00,19.83,63443,32,卖盘
1725,10:57:03,19.83,19824,10,买盘
1726,10:57:06,19.82,180375,91,卖盘
1727,10:57:09,19.81,174349,88,卖盘
1728,10:57:12,19.81,784480,396,卖盘
1729,10:57:15,19.82,281412,142,买盘
1730,10:57:18,19.82,126848,64,买盘
1731,10:57:21,19.82,251702,127,买盘
1732,10:57:24,19.82,164436,83,买盘
1733,10:57:30,19.82,101082,51,买盘
1734,10:57:33,19.81,368568,186,卖盘
1735,10:57:36,19.82,29722,15,买盘
1736,10:57:39,19.81,53494,27,卖盘
1737,10:57:42,19.82,156501,79,买盘
1738,10:57:45,19.81,45568,23,卖盘
1739,10:57:48,19.81,7924,4,卖盘
1740,10:57:51,19.81,83223,42,卖盘
1741,10:57:54,19.84,198157,100,买盘
1742,10:57:57,19.83,1983,1,中性盘
1743,10:58:00,19.82,1982,1,卖盘
1744,10:58:03,19.81,196126,99,卖盘
1745,10:58:12,19.82,83213,42,卖盘
1746,10:58:15,19.83,180363,91,买盘
1747,10:58:18,19.82,7928,4,卖盘
1748,10:58:21,19.83,15857,8,买盘
1749,10:58:24,19.83,1011704,510,买盘
1750,10:58:27,19.83,21813,11,卖盘
1751,10:58:30,19.87,4405479,2219,买盘
1752,10:58:33,19.87,202681,102,卖盘
1753,10:58:36,19.87,196622,99,买盘
1754,10:58:39,19.86,125133,63,卖盘
1755,10:58:42,19.85,172789,87,卖盘
1756,10:58:45,19.85,309628,156,买盘
1757,10:58:48,19.85,486330,245,卖盘
1758,10:58:51,19.85,1560213,786,买盘
1759,10:58:54,19.84,202446,102,卖盘
1760,10:58:57,19.87,435139,219,买盘
1761,10:59:00,19.86,51636,26,中性盘
1762,10:59:03,19.86,39718,20,卖盘
1763,10:59:06,19.86,23832,12,买盘
1764,10:59:09,19.88,937800,472,买盘
1765,10:59:12,19.87,278092,140,卖盘
1766,10:59:15,19.86,399201,201,中性盘
1767,10:59:18,19.86,284005,143,买盘
1768,10:59:21,19.86,101260,51,买盘
1769,10:59:24,19.87,395079,199,买盘
1770,10:59:27,19.83,123023,62,卖盘
1771,10:59:30,19.84,123012,62,中性盘
1772,10:59:33,19.83,2238916,1127,卖盘
1773,10:59:36,19.86,31776,16,买盘
1774,10:59:39,19.87,711077,358,买盘
1775,10:59:42,19.86,117154,59,卖盘
1776,10:59:45,19.86,373362,188,买盘
1777,10:59:48,19.87,109295,55,买盘
1778,10:59:51,19.88,109329,55,买盘
1779,10:59:54,19.88,856605,431,买盘
1780,10:59:57,19.88,2376549,1195,买盘
1781,11:00:00,19.88,139133,70,卖盘
1782,11:00:03,19.88,604404,304,卖盘
1783,11:00:06,19.88,772038,388,买盘
1784,11:00:09,19.87,149058,75,卖盘
1785,11:00:12,19.89,365838,184,买盘
1786,11:00:15,19.87,145029,73,中性盘
1787,11:00:18,19.85,67514,34,卖盘
1788,11:00:21,19.86,133101,67,卖盘
1789,11:00:24,19.85,220409,111,卖盘
1790,11:00:27,19.86,277897,140,买盘
1791,11:00:30,19.83,261881,132,卖盘
1792,11:00:33,19.85,234096,118,买盘
1793,11:00:36,19.83,180523,91,卖盘
1794,11:00:39,19.85,140935,71,中性盘
1795,11:00:42,19.86,170775,86,买盘
1796,11:00:45,19.86,256072,129,中性盘
1797,11:00:48,19.86,73474,37,买盘
1798,11:00:51,19.85,9925,5,卖盘
1799,11:00:54,19.85,267975,135,卖盘
1800,11:00:57,19.85,43675,22,卖盘
1801,11:01:00,19.86,73504,37,买盘
1802,11:01:03,19.85,289845,146,卖盘
1803,11:01:06,19.86,135048,68,买盘
1804,11:01:09,19.86,15888,8,卖盘
1805,11:01:12,19.86,115196,58,卖盘
1806,11:01:15,19.86,403158,203,卖盘
1807,11:01:18,19.85,45661,23,卖盘
1808,11:01:21,19.85,841993,424,卖盘
1809,11:01:24,19.85,506126,255,卖盘
1810,11:01:27,19.85,136965,69,买盘
1811,11:01:30,19.86,256154,129,买盘
1812,11:01:33,19.84,339403,171,卖盘
1813,11:01:36,19.87,138992,70,买盘
1814,11:01:39,19.86,282145,142,卖盘
1815,11:01:42,19.88,45706,23,买盘
1816,11:01:45,19.86,339735,171,卖盘
1817,11:01:48,19.88,83496,42,买盘
1818,11:01:51,19.88,147091,74,买盘
1819,11:01:54,19.88,1308629,658,买盘
1820,11:01:57,19.89,332277,167,买盘
1821,11:02:00,19.88,7954,4,卖盘
1822,11:02:03,19.88,210751,106,卖盘
1823,11:02:06,19.88,39760,20,买盘
1824,11:02:09,19.88,79533,40,买盘
1825,11:02:12,19.9,276493,139,买盘
1826,11:02:15,19.88,367726,185,卖盘
1827,11:02:18,19.87,268387,135,卖盘
1828,11:02:21,19.9,19896,10,买盘
1829,11:02:24,19.88,254375,128,卖盘
1830,11:02:27,19.86,345736,174,卖盘
1831,11:02:30,19.87,266149,134,买盘
1832,11:02:33,19.86,397099,200,卖盘
1833,11:02:36,19.89,97442,49,买盘
1834,11:02:39,19.89,79534,40,买盘
1835,11:02:42,19.89,101415,51,买盘
1836,11:02:45,19.88,480876,242,卖盘
1837,11:02:48,19.88,264356,133,买盘
1838,11:02:51,19.89,61658,31,买盘
1839,11:02:54,19.88,298192,150,卖盘
1840,11:02:57,19.88,220651,111,买盘
1841,11:03:00,19.88,73539,37,买盘
1842,11:03:03,19.88,256325,129,买盘
1843,11:03:06,19.9,1880257,945,买盘
1844,11:03:09,19.92,844231,424,买盘
1845,11:03:12,19.92,426287,214,买盘
1846,11:03:15,19.92,782623,393,买盘
1847,11:03:18,19.92,796990,400,买盘
1848,11:03:21,19.93,440444,221,买盘
1849,11:03:24,19.93,576003,289,卖盘
1850,11:03:27,19.94,273085,137,买盘
1851,11:03:30,19.93,137514,69,卖盘
1852,11:03:33,19.93,181363,91,买盘
1853,11:03:36,19.93,129545,65,买盘
1854,11:03:39,19.92,61768,31,卖盘
1855,11:03:42,19.92,316777,159,卖盘
1856,11:03:45,19.93,302803,152,买盘
1857,11:03:48,19.92,229097,115,卖盘
1858,11:03:51,19.93,89682,45,买盘
1859,11:03:54,19.92,505972,254,卖盘
1860,11:03:57,19.92,67728,34,买盘
1861,11:04:00,19.92,183265,92,买盘
1862,11:04:03,19.91,422178,212,卖盘
1863,11:04:06,19.9,971468,488,卖盘
1864,11:04:09,19.89,212738,107,中性盘
1865,11:04:12,19.89,85536,43,买盘
1866,11:04:15,19.88,284234,143,卖盘
1867,11:04:18,19.88,15904,8,买盘
1868,11:04:21,19.87,109310,55,卖盘
1869,11:04:24,19.87,345865,174,卖盘
1870,11:04:27,19.88,43729,22,中性盘
1871,11:04:30,19.88,65580,33,买盘
1872,11:04:33,19.88,331969,167,卖盘
1873,11:04:36,19.88,55664,28,买盘
1874,11:04:39,19.87,123230,62,卖盘
1875,11:04:42,19.87,1130638,569,卖盘
1876,11:04:45,19.89,1442725,726,买盘
1877,11:04:51,19.87,55648,28,卖盘
1878,11:04:54,19.87,238458,120,卖盘
1879,11:04:57,19.87,23844,12,买盘
1880,11:05:00,19.87,61618,31,买盘
1881,11:05:03,19.87,121246,61,卖盘
1882,11:05:06,19.86,55618,28,卖盘
1883,11:05:09,19.86,39720,20,卖盘
1884,11:05:12,19.87,524552,264,买盘
1885,11:05:15,19.88,462915,233,买盘
1886,11:05:18,19.87,182902,92,卖盘
1887,11:05:21,19.87,9935,5,买盘
1888,11:05:24,19.86,121153,61,卖盘
1889,11:05:27,19.86,214523,108,买盘
1890,11:05:30,19.87,176799,89,买盘
1891,11:05:33,19.87,168956,85,中性盘
1892,11:05:36,19.86,145004,73,卖盘
1893,11:05:39,19.9,1177097,592,买盘
1894,11:05:42,19.88,61638,31,中性盘
1895,11:05:45,19.89,325795,164,买盘
1896,11:05:48,19.86,141058,71,卖盘
1897,11:05:51,19.87,21857,11,卖盘
1898,11:05:54,19.86,309850,156,卖盘
1899,11:06:00,19.86,218462,110,卖盘
1900,11:06:03,19.86,13904,7,卖盘
1901,11:06:06,19.87,315810,159,买盘
1902,11:06:09,19.87,79460,40,卖盘
1903,11:06:12,19.87,37753,19,买盘
1904,11:06:15,19.85,297897,150,卖盘
1905,11:06:18,19.86,585857,295,买盘
1906,11:06:21,19.88,270258,136,买盘
1907,11:06:24,19.88,296082,149,买盘
1908,11:06:27,19.88,37772,19,买盘
1909,11:06:30,19.87,624186,314,卖盘
1910,11:06:33,19.87,69545,35,卖盘
1911,11:06:36,19.87,101337,51,卖盘
1912,11:06:39,19.86,73495,37,卖盘
1913,11:06:42,19.87,23844,12,买盘
1914,11:06:45,19.86,95328,48,卖盘
1915,11:06:48,19.86,456926,230,买盘
1916,11:06:51,19.88,15904,8,买盘
1917,11:06:54,19.86,244278,123,卖盘
1918,11:06:57,19.88,21862,11,买盘
1919,11:07:00,19.88,21867,11,买盘
1920,11:07:03,19.87,85421,43,卖盘
1921,11:07:06,19.87,258316,130,买盘
1922,11:07:09,19.91,1513928,761,买盘
1923,11:07:12,19.92,300784,151,买盘
1924,11:07:15,19.91,95568,48,卖盘
1925,11:07:18,19.91,11946,6,买盘
1926,11:07:21,19.93,561542,282,买盘
1927,11:07:24,19.92,332699,167,买盘
1928,11:07:27,19.92,21912,11,卖盘
1929,11:07:30,19.92,113549,57,卖盘
1930,11:07:33,19.92,292824,147,卖盘
1931,11:07:36,19.91,493788,248,卖盘
1932,11:07:39,19.91,684876,344,卖盘
1933,11:07:42,19.91,141324,71,买盘
1934,11:07:45,19.89,218787,110,卖盘
1935,11:07:48,19.9,2175577,1092,买盘
1936,11:07:51,19.89,422124,212,卖盘
1937,11:07:54,19.9,111440,56,卖盘
1938,11:07:57,19.9,67660,34,买盘
1939,11:08:00,19.9,97506,49,买盘
1940,11:08:03,19.89,181006,91,卖盘
1941,11:08:06,19.89,19890,10,买盘
1942,11:08:09,19.89,7956,4,买盘
1943,11:08:12,19.88,1677904,844,卖盘
1944,11:08:15,19.88,101377,51,买盘
1945,11:08:18,19.86,186755,94,卖盘
1946,11:08:21,19.86,186723,94,卖盘
1947,11:08:24,19.86,168810,85,卖盘
1948,11:08:27,19.86,186706,94,买盘
1949,11:08:30,19.86,55608,28,买盘
1950,11:08:33,19.85,496439,250,卖盘
1951,11:08:39,19.86,7944,4,中性盘
1952,11:08:42,19.85,51618,26,卖盘
1953,11:08:45,19.85,11915,6,卖盘
1954,11:08:48,19.86,9928,5,买盘
1955,11:08:51,19.85,65510,33,卖盘
1956,11:08:54,19.85,222321,112,卖盘
1957,11:08:57,19.86,359330,181,买盘
1958,11:09:00,19.84,51594,26,卖盘
1959,11:09:03,19.84,188559,95,卖盘
1960,11:09:06,19.84,216276,109,卖盘
1961,11:09:09,19.84,39681,20,卖盘
1962,11:09:12,19.85,15880,8,买盘
1963,11:09:15,19.84,180545,91,卖盘
1964,11:09:18,19.85,39700,20,买盘
1965,11:09:21,19.84,113089,57,卖盘
1966,11:09:27,19.84,41664,21,卖盘
1967,11:09:30,19.84,130949,66,卖盘
1968,11:09:33,19.85,140908,71,买盘
1969,11:09:36,19.84,29770,15,卖盘
1970,11:09:39,19.86,35731,18,买盘
1971,11:09:42,19.86,15885,8,买盘
1972,11:09:45,19.85,134917,68,中性盘
1973,11:09:48,19.85,3970,2,卖盘
1974,11:09:51,19.84,71424,36,卖盘
1975,11:09:54,19.83,680480,343,卖盘
1976,11:09:57,19.84,95205,48,买盘
1977,11:10:00,19.83,65439,33,卖盘
1978,11:10:03,19.84,41649,21,买盘
1979,11:10:06,19.83,5949,3,卖盘
1980,11:10:09,19.84,277744,140,买盘
1981,11:10:12,19.84,33729,17,卖盘
1982,11:10:15,19.84,333363,168,卖盘
1983,11:10:18,19.84,103169,52,卖盘
1984,11:10:21,19.84,15872,8,卖盘
1985,11:10:24,19.83,210237,106,卖盘
1986,11:10:30,19.84,349012,176,买盘
1987,11:10:33,19.83,343118,173,卖盘
1988,11:10:36,19.83,19835,10,卖盘
1989,11:10:39,19.83,101135,51,卖盘
1990,11:10:42,19.83,3966,2,卖盘
1991,11:10:45,19.83,59490,30,卖盘
1992,11:10:48,19.82,103114,52,卖盘
1993,11:10:54,19.84,138812,70,买盘
1994,11:10:57,19.82,3964,2,卖盘
1995,11:11:00,19.83,37668,19,买盘
1996,11:11:06,19.82,49555,25,卖盘
1997,11:11:09,19.83,37663,19,买盘
1998,11:11:12,19.83,39657,20,买盘
1999,11:11:15,19.82,7928,4,卖盘
2000,11:11:18,19.83,638254,322,买盘
2001,11:11:21,19.84,908424,458,买盘
2002,11:11:24,19.83,45609,23,卖盘
2003,11:11:27,19.83,146742,74,卖盘
2004,11:11:30,19.83,109064,55,买盘
2005,11:11:33,19.84,200291,101,买盘
2006,11:11:36,19.82,33696,17,卖盘
2007,11:11:42,19.83,73355,37,卖盘
2008,11:11:45,19.83,27771,14,买盘
2009,11:11:48,19.83,5949,3,卖盘
2010,11:11:51,19.82,33702,17,卖盘
2011,11:11:54,19.84,13885,7,买盘
2012,11:11:57,19.83,25779,13,卖盘
2013,11:12:00,19.83,37672,19,卖盘
2014,11:12:03,19.83,7929,4,买盘
2015,11:12:06,19.82,15857,8,卖盘
2016,11:12:09,19.83,344934,174,买盘
2017,11:12:12,19.83,97130,49,买盘
2018,11:12:15,19.82,79280,40,卖盘
2019,11:12:18,19.83,37659,19,买盘
2020,11:12:21,19.83,142707,72,买盘
2021,11:12:24,19.83,83269,42,买盘
2022,11:12:27,19.83,35677,18,买盘
2023,11:12:30,19.82,122884,62,卖盘
2024,11:12:33,19.82,598782,302,卖盘
2025,11:12:36,19.83,3966,2,买盘
2026,11:12:39,19.83,23796,12,买盘
2027,11:12:42,19.83,57491,29,买盘
2028,11:12:45,19.83,65439,33,卖盘
2029,11:12:48,19.83,19830,10,中性盘
2030,11:12:51,19.83,3966,2,卖盘
2031,11:12:54,19.82,41633,21,卖盘
2032,11:12:57,19.83,19830,10,买盘
2033,11:13:06,19.83,33711,17,买盘
2034,11:13:09,19.84,152698,77,买盘
2035,11:13:12,19.83,15868,8,卖盘
2036,11:13:18,19.84,121024,61,买盘
2037,11:13:21,19.83,81314,41,卖盘
2038,11:13:24,19.84,1984,1,买盘
2039,11:13:27,19.84,7936,4,买盘
2040,11:13:30,19.84,69440,35,买盘
2041,11:13:33,19.84,31744,16,买盘
2042,11:13:36,19.84,291648,147,买盘
2043,11:13:39,19.85,7940,4,买盘
2044,11:13:42,19.84,19849,10,卖盘
2045,11:13:45,19.85,27780,14,买盘
2046,11:13:48,19.84,33728,17,卖盘
2047,11:13:51,19.84,21825,11,卖盘
2048,11:13:54,19.85,33745,17,买盘
2049,11:13:57,19.84,53568,27,卖盘
2050,11:14:00,19.84,91300,46,卖盘
2051,11:14:03,19.84,45633,23,卖盘
2052,11:14:06,19.85,2558392,1289,买盘
2053,11:14:09,19.85,49625,25,卖盘
2054,11:14:12,19.85,19850,10,卖盘
2055,11:14:15,19.86,404900,204,买盘
2056,11:14:18,19.84,13888,7,卖盘
2057,11:14:21,19.87,184712,93,买盘
2058,11:14:24,19.87,17883,9,买盘
2059,11:14:27,19.87,252247,127,买盘
2060,11:14:30,19.87,109267,55,卖盘
2061,11:14:33,19.88,129173,65,买盘
2062,11:14:36,19.88,355638,179,买盘
2063,11:14:39,19.87,55636,28,卖盘
2064,11:14:42,19.87,1987,1,买盘
2065,11:14:45,19.87,248270,125,买盘
2066,11:14:48,19.87,47686,24,买盘
2067,11:14:51,19.86,33762,17,卖盘
2068,11:14:54,19.87,127172,64,买盘
2069,11:14:57,19.88,220558,111,买盘
2070,11:15:00,19.87,71532,36,卖盘
2071,11:15:03,19.87,85431,43,买盘
2072,11:15:06,19.86,280070,141,卖盘
2073,11:15:12,19.87,194685,98,买盘
2074,11:15:15,19.87,204562,103,买盘
2075,11:15:18,19.87,27808,14,买盘
2076,11:15:21,19.86,11921,6,卖盘
2077,11:15:24,19.86,9931,5,卖盘
2078,11:15:27,19.86,206544,104,卖盘
2079,11:15:30,19.86,125159,63,卖盘
2080,11:15:33,19.87,93349,47,买盘
2081,11:15:36,19.86,182708,92,卖盘
2082,11:15:39,19.86,214475,108,买盘
2083,11:15:42,19.87,71500,36,买盘
2084,11:15:45,19.86,222440,112,卖盘
2085,11:15:48,19.86,19862,10,卖盘
2086,11:15:54,19.87,77480,39,买盘
2087,11:15:57,19.86,81456,41,卖盘
2088,11:16:00,19.86,99333,50,卖盘
2089,11:16:03,19.87,21857,11,买盘
2090,11:16:06,19.87,35762,18,买盘
2091,11:16:09,19.86,23839,12,卖盘
2092,11:16:12,19.87,3974,2,买盘
2093,11:16:15,19.87,33766,17,买盘
2094,11:16:18,19.87,43714,22,买盘
2095,11:16:21,19.87,11921,6,买盘
2096,11:16:24,19.86,25818,13,卖盘
2097,11:16:27,19.87,5961,3,买盘
2098,11:16:30,19.86,5958,3,卖盘
2099,11:16:33,19.87,43698,22,买盘
2100,11:16:36,19.86,27804,14,卖盘
2101,11:16:39,19.87,1253494,631,买盘
2102,11:16:45,19.85,144968,73,卖盘
2103,11:16:48,19.85,77417,39,卖盘
2104,11:16:51,19.85,29783,15,卖盘
2105,11:16:54,19.86,178719,90,买盘
2106,11:16:57,19.85,95280,48,卖盘
2107,11:17:00,19.85,343405,173,买盘
2108,11:17:03,19.86,59564,30,买盘
2109,11:17:06,19.86,27794,14,买盘
2110,11:17:09,19.85,67490,34,卖盘
2111,11:17:12,19.86,67524,34,买盘
2112,11:17:15,19.86,59580,30,买盘
2113,11:17:18,19.86,138995,70,买盘
2114,11:17:21,19.86,333648,168,买盘
2115,11:17:24,19.87,87428,44,买盘
2116,11:17:27,19.87,55636,28,买盘
2117,11:17:30,19.86,135113,68,卖盘
2118,11:17:33,19.88,264276,133,买盘
2119,11:17:36,19.88,224640,113,买盘
2120,11:17:39,19.88,51688,26,买盘
2121,11:17:42,19.88,11928,6,买盘
2122,11:17:45,19.88,53676,27,买盘
2123,11:17:48,19.88,9940,5,买盘
2124,11:17:51,19.88,320068,161,买盘
2125,11:17:54,19.88,29820,15,卖盘
2126,11:17:57,19.88,69579,35,买盘
2127,11:18:00,19.87,19875,10,卖盘
2128,11:18:03,19.87,51672,26,卖盘
2129,11:18:09,19.87,5961,3,卖盘
2130,11:18:12,19.88,11928,6,买盘
2131,11:18:15,19.88,7952,4,买盘
2132,11:18:18,19.88,226632,114,买盘
2133,11:18:21,19.88,137172,69,买盘
2134,11:18:24,19.88,226632,114,买盘
2135,11:18:27,19.89,65637,33,买盘
2136,11:18:30,19.9,1231475,619,买盘
2137,11:18:33,19.92,489726,246,买盘
2138,11:18:36,19.92,67720,34,买盘
2139,11:18:39,19.92,15936,8,买盘
2140,11:18:42,19.92,67732,34,卖盘
2141,11:18:45,19.92,1179273,592,卖盘
2142,11:18:48,19.92,171291,86,买盘
2143,11:18:51,19.92,33864,17,买盘
2144,11:18:54,19.92,65726,33,买盘
2145,11:18:57,19.92,57768,29,买盘
2146,11:19:00,19.92,27888,14,买盘
2147,11:19:03,19.92,61754,31,卖盘
2148,11:19:06,19.92,55785,28,卖盘
2149,11:19:12,19.92,462148,232,卖盘
2150,11:19:15,19.91,481857,242,卖盘
2151,11:19:18,19.9,109502,55,卖盘
2152,11:19:21,19.9,125380,63,卖盘
2153,11:19:24,19.91,268727,135,买盘
2154,11:19:27,19.91,39820,20,中性盘
2155,11:19:30,19.91,35838,18,买盘
2156,11:19:33,19.9,306489,154,卖盘
2157,11:19:36,19.89,27856,14,卖盘
2158,11:19:39,19.9,41774,21,买盘
2159,11:19:45,19.9,45754,23,买盘
2160,11:19:48,19.9,511411,257,买盘
2161,11:19:51,19.9,181090,91,买盘
2162,11:19:54,19.91,268656,135,买盘
2163,11:20:00,19.91,49752,25,买盘
2164,11:20:03,19.91,31851,16,买盘
2165,11:20:06,19.9,147268,74,卖盘
2166,11:20:09,19.91,119446,60,买盘
2167,11:20:12,19.9,7960,4,中性盘
2168,11:20:15,19.9,51740,26,卖盘
2169,11:20:18,19.91,708786,356,买盘
2170,11:20:21,19.91,107464,54,买盘
2171,11:20:24,19.89,43778,22,卖盘
2172,11:20:27,19.89,77580,39,卖盘
2173,11:20:30,19.9,111438,56,买盘
2174,11:20:33,19.9,17909,9,买盘
2175,11:20:36,19.89,212895,107,卖盘
2176,11:20:39,19.9,17910,9,买盘
2177,11:20:42,19.9,3980,2,买盘
2178,11:20:45,19.91,125389,63,买盘
2179,11:20:48,19.9,5970,3,中性盘
2180,11:20:51,19.91,13927,7,买盘
2181,11:20:54,19.89,13923,7,卖盘
2182,11:20:57,19.9,69663,35,卖盘
2183,11:21:00,19.91,31845,16,买盘
2184,11:21:03,19.9,1990,1,卖盘
2185,11:21:09,19.91,266779,134,买盘
2186,11:21:12,19.91,13937,7,买盘
2187,11:21:15,19.91,1991,1,买盘
2188,11:21:18,19.9,85580,43,卖盘
2189,11:21:21,19.91,1991,1,买盘
2190,11:21:24,19.9,31844,16,卖盘
2191,11:21:27,19.91,1050744,528,买盘
2192,11:21:30,19.91,91558,46,买盘
2193,11:21:33,19.91,63712,32,买盘
2194,11:21:36,19.9,163261,82,卖盘
2195,11:21:39,19.91,91593,46,买盘
2196,11:21:42,19.92,123422,62,买盘
2197,11:21:45,19.91,33840,17,卖盘
2198,11:21:48,19.92,1992,1,买盘
2199,11:21:51,19.91,49792,25,卖盘
2200,11:21:54,19.92,91625,46,买盘
2201,11:21:57,19.92,35846,18,买盘
2202,11:22:00,19.91,59732,30,卖盘
2203,11:22:03,19.92,3983,2,买盘
2204,11:22:09,19.91,243013,122,卖盘
2205,11:22:12,19.91,29865,15,卖盘
2206,11:22:15,19.91,31856,16,卖盘
2207,11:22:18,19.91,43805,22,卖盘
2208,11:22:21,19.91,55751,28,卖盘
2209,11:22:24,19.91,125435,63,卖盘
2210,11:22:27,19.92,7966,4,买盘
2211,11:22:30,19.91,617510,310,卖盘
2212,11:22:33,19.92,13938,7,买盘
2213,11:22:36,19.91,1393221,700,卖盘
2214,11:22:39,19.91,31856,16,买盘
2215,11:22:42,19.91,29865,15,买盘
2216,11:22:45,19.91,195047,98,买盘
2217,11:22:48,19.9,11942,6,卖盘
2218,11:22:51,19.91,187079,94,买盘
2219,11:22:54,19.9,25870,13,卖盘
2220,11:22:57,19.9,143283,72,卖盘
2221,11:23:00,19.9,103506,52,卖盘
2222,11:23:03,19.91,7964,4,买盘
2223,11:23:06,19.9,141353,71,卖盘
2224,11:23:09,19.9,240903,121,卖盘
2225,11:23:12,19.89,1277573,642,卖盘
2226,11:23:15,19.89,87516,44,卖盘
2227,11:23:18,19.88,821341,413,卖盘
2228,11:23:21,19.89,157064,79,买盘
2229,11:23:24,19.88,103376,52,卖盘
2230,11:23:27,19.89,250614,126,买盘
2231,11:23:30,19.89,31811,16,买盘
2232,11:23:33,19.88,105374,53,卖盘
2233,11:23:36,19.88,159035,80,买盘
2234,11:23:39,19.88,268324,135,买盘
2235,11:23:42,19.87,1876582,944,卖盘
2236,11:23:45,19.87,162933,82,买盘
2237,11:23:48,19.89,1566701,789,买盘
2238,11:23:51,19.89,188787,95,买盘
2239,11:23:54,19.87,93402,47,卖盘
2240,11:23:57,19.89,7956,4,买盘
2241,11:24:00,19.87,37770,19,卖盘
2242,11:24:03,19.88,164952,83,买盘
2243,11:24:06,19.87,9935,5,卖盘
2244,11:24:09,19.88,73529,37,买盘
2245,11:24:12,19.87,9937,5,卖盘
2246,11:24:15,19.87,246390,124,卖盘
2247,11:24:18,19.88,9940,5,买盘
2248,11:24:21,19.88,45705,23,买盘
2249,11:24:24,19.88,828973,417,买盘
2250,11:24:27,19.88,371749,187,买盘
2251,11:24:30,19.87,109302,55,卖盘
2252,11:24:33,19.88,9940,5,买盘
2253,11:24:36,19.88,9940,5,买盘
2254,11:24:39,19.88,1988,1,买盘
2255,11:24:42,19.88,3976,2,买盘
2256,11:24:45,19.87,156973,79,卖盘
2257,11:24:48,19.88,157051,79,买盘
2258,11:24:51,19.86,1832000,922,卖盘
2259,11:24:54,19.86,13902,7,卖盘
2260,11:24:57,19.86,25818,13,买盘
2261,11:25:00,19.84,184602,93,卖盘
2262,11:25:06,19.85,47630,24,卖盘
2263,11:25:09,19.86,279976,141,买盘
2264,11:25:12,19.86,735769,371,买盘
2265,11:25:15,19.83,123018,62,卖盘
2266,11:25:18,19.84,11907,6,中性盘
2267,11:25:21,19.85,1985,1,买盘
2268,11:25:24,19.84,19840,10,卖盘
2269,11:25:27,19.85,111158,56,买盘
2270,11:25:30,19.85,35716,18,买盘
2271,11:25:33,19.85,59537,30,买盘
2272,11:25:36,19.84,9920,5,卖盘
2273,11:25:39,19.85,59550,30,买盘
2274,11:25:48,19.85,1985,1,买盘
2275,11:25:54,19.84,23815,12,卖盘
2276,11:25:57,19.85,85347,43,买盘
2277,11:26:00,19.85,1985,1,中性盘
2278,11:26:03,19.84,5954,3,卖盘
2279,11:26:09,19.85,19845,10,买盘
2280,11:26:12,19.85,19850,10,买盘
2281,11:26:15,19.85,31760,16,买盘
2282,11:26:18,19.84,15879,8,卖盘
2283,11:26:21,19.85,5955,3,卖盘
2284,11:26:24,19.85,27790,14,卖盘
2285,11:26:30,19.84,119090,60,卖盘
2286,11:26:33,19.85,27785,14,买盘
2287,11:26:36,19.85,25805,13,买盘
2288,11:26:39,19.86,21831,11,买盘
2289,11:26:42,19.85,107142,54,卖盘
2290,11:26:45,19.85,3970,2,买盘
2291,11:26:51,19.85,19841,10,买盘
2292,11:26:54,19.85,3969,2,买盘
2293,11:26:57,19.84,1984,1,卖盘
2294,11:27:00,19.85,29775,15,买盘
2295,11:27:03,19.84,41669,21,卖盘
2296,11:27:06,19.85,21835,11,买盘
2297,11:27:09,19.84,313423,158,卖盘
2298,11:27:12,19.83,51562,26,卖盘
2299,11:27:15,19.83,9915,5,卖盘
2300,11:27:24,19.83,9915,5,卖盘
2301,11:27:27,19.83,132861,67,卖盘
2302,11:27:30,19.83,17847,9,卖盘
2303,11:27:33,19.83,3966,2,卖盘
2304,11:27:36,19.83,41643,21,卖盘
2305,11:27:39,19.83,97167,49,中性盘
2306,11:27:42,19.82,9913,5,卖盘
2307,11:27:45,19.83,7932,4,中性盘
2308,11:27:48,19.82,49565,25,卖盘
2309,11:27:51,19.83,3966,2,买盘
2310,11:27:57,19.82,3964,2,卖盘
2311,11:28:00,19.83,81303,41,买盘
2312,11:28:03,19.83,13881,7,卖盘
2313,11:28:06,19.83,1983,1,卖盘
2314,11:28:09,19.83,5949,3,卖盘
2315,11:28:12,19.83,29738,15,买盘
2316,11:28:15,19.82,9910,5,卖盘
2317,11:28:18,19.83,47571,24,买盘
2318,11:28:21,19.83,21813,11,买盘
2319,11:28:24,19.83,71378,36,买盘
2320,11:28:27,19.82,146668,74,卖盘
2321,11:28:30,19.82,334961,169,卖盘
2322,11:28:33,19.82,45586,23,卖盘
2323,11:28:36,19.82,37659,19,卖盘
2324,11:28:39,19.83,342866,173,买盘
2325,11:28:42,19.82,17846,9,中性盘
2326,11:28:45,19.81,31700,16,卖盘
2327,11:28:48,19.82,37658,19,买盘
2328,11:28:51,19.82,35678,18,卖盘
2329,11:28:54,19.82,1982,1,卖盘
2330,11:28:57,19.83,17847,9,买盘
2331,11:29:00,19.83,23796,12,买盘
2332,11:29:09,19.82,39640,20,卖盘
2333,11:29:12,19.81,11886,6,卖盘
2334,11:29:15,19.82,49535,25,买盘
2335,11:29:18,19.82,37650,19,买盘
2336,11:29:21,19.82,55496,28,买盘
2337,11:29:27,19.82,99100,50,卖盘
2338,11:29:30,19.82,144687,73,卖盘
2339,11:29:33,19.83,93170,47,买盘
2340,11:29:36,19.83,53529,27,买盘
2341,11:29:39,19.82,19828,10,卖盘
2342,11:29:42,19.83,11898,6,买盘
2343,11:29:45,19.82,160542,81,卖盘
2344,11:29:48,19.83,31723,16,买盘
2345,11:29:51,19.82,11892,6,卖盘
2346,11:29:54,19.82,1982,1,卖盘
2347,11:30:00,19.81,251623,127,卖盘
2348,13:00:00,19.81,382390,193,卖盘
2349,13:00:03,19.81,2879184,1453,卖盘
2350,13:00:06,19.81,231815,117,卖盘
2351,13:00:09,19.81,210085,106,卖盘
2352,13:00:12,19.83,414481,209,买盘
2353,13:00:15,19.83,206258,104,卖盘
2354,13:00:18,19.84,17855,9,买盘
2355,13:00:21,19.83,47603,24,卖盘
2356,13:00:24,19.84,39680,20,买盘
2357,13:00:27,19.85,29762,15,买盘
2358,13:00:30,19.83,83320,42,卖盘
2359,13:00:33,19.85,45634,23,买盘
2360,13:00:36,19.85,113129,57,买盘
2361,13:00:39,19.87,490383,247,买盘
2362,13:00:42,19.87,99311,50,买盘
2363,13:00:45,19.87,57606,29,买盘
2364,13:00:48,19.87,41727,21,买盘
2365,13:00:51,19.86,59584,30,卖盘
2366,13:00:54,19.86,220530,111,卖盘
2367,13:00:57,19.88,59623,30,买盘
2368,13:01:00,19.87,47691,24,卖盘
2369,13:01:03,19.88,63608,32,买盘
2370,13:01:06,19.87,15896,8,卖盘
2371,13:01:09,19.87,113259,57,卖盘
2372,13:01:12,19.88,300071,151,买盘
2373,13:01:15,19.88,71551,36,买盘
2374,13:01:18,19.86,681535,343,卖盘
2375,13:01:21,19.87,180828,91,中性盘
2376,13:01:24,19.88,45724,23,买盘
2377,13:01:27,19.87,119220,60,卖盘
2378,13:01:30,19.87,87434,44,卖盘
2379,13:01:33,19.87,162990,82,卖盘
2380,13:01:36,19.89,117330,59,买盘
2381,13:01:39,19.89,9945,5,买盘
2382,13:01:42,19.88,210728,106,卖盘
2383,13:01:45,19.88,103376,52,卖盘
2384,13:01:48,19.87,13911,7,卖盘
2385,13:01:51,19.87,11922,6,卖盘
2386,13:01:54,19.87,244381,123,卖盘
2387,13:01:57,19.87,29805,15,买盘
2388,13:02:00,19.88,170945,86,买盘
2389,13:02:03,19.88,1384517,697,买盘
2390,13:02:06,19.88,83491,42,卖盘
2391,13:02:12,19.88,121239,61,卖盘
2392,13:02:15,19.89,91453,46,买盘
2393,13:02:18,19.88,43743,22,卖盘
2394,13:02:21,19.87,155073,78,卖盘
2395,13:02:24,19.87,236506,119,卖盘
2396,13:02:27,19.87,389452,196,卖盘
2397,13:02:30,19.87,97363,49,卖盘
2398,13:02:33,19.87,675962,340,卖盘
2399,13:02:36,19.87,99350,50,卖盘
2400,13:02:39,19.87,246508,124,卖盘
2401,13:02:42,19.87,13916,7,卖盘
2402,13:02:45,19.89,53686,27,买盘
2403,13:02:48,19.87,51662,26,卖盘
2404,13:02:54,19.89,45747,23,买盘
2405,13:02:57,19.88,135190,68,卖盘
2406,13:03:00,19.88,69580,35,卖盘
2407,13:03:03,19.88,19879,10,卖盘
2408,13:03:06,19.88,31808,16,买盘
2409,13:03:09,19.88,506924,255,买盘
2410,13:03:12,19.88,119285,60,卖盘
2411,13:03:15,19.88,51686,26,买盘
2412,13:03:18,19.87,254338,128,卖盘
2413,13:03:21,19.87,1829934,921,卖盘
2414,13:03:24,19.87,43713,22,买盘
2415,13:03:27,19.85,105216,53,卖盘
2416,13:03:30,19.87,51637,26,买盘
2417,13:03:33,19.86,23841,12,卖盘
2418,13:03:36,19.87,17883,9,买盘
2419,13:03:39,19.88,37772,19,买盘
2420,13:03:42,19.88,355787,179,买盘
2421,13:03:45,19.87,37767,19,卖盘
2422,13:03:51,19.87,47710,24,卖盘
2423,13:03:54,19.88,23852,12,买盘
2424,13:03:57,19.87,97374,49,卖盘
2425,13:04:00,19.88,29818,15,买盘
2426,13:04:03,19.88,15904,8,买盘
2427,13:04:06,19.88,29820,15,买盘
2428,13:04:09,19.88,163016,82,买盘
2429,13:04:12,19.88,85518,43,卖盘
2430,13:04:15,19.89,13923,7,买盘
2431,13:04:18,19.89,125307,63,买盘
2432,13:04:21,19.89,159118,80,买盘
2433,13:04:24,19.89,145197,73,买盘
2434,13:04:27,19.9,97437,49,买盘
2435,13:04:30,19.89,39780,20,卖盘
2436,13:04:36,19.9,103480,52,买盘
2437,13:04:39,19.9,7960,4,买盘
2438,13:04:42,19.9,37810,19,买盘
2439,13:04:45,19.89,79560,40,卖盘
2440,13:04:48,19.89,9945,5,买盘
2441,13:04:51,19.89,1597167,803,买盘
2442,13:04:57,19.89,19890,10,卖盘
2443,13:05:00,19.9,43763,22,买盘
2444,13:05:03,19.9,666642,335,买盘
2445,13:05:06,19.89,103440,52,卖盘
2446,13:05:09,19.89,67631,34,卖盘
2447,13:05:12,19.89,47733,24,买盘
2448,13:05:15,19.89,27841,14,买盘
2449,13:05:18,19.88,19889,10,卖盘
2450,13:05:21,19.89,7956,4,买盘
2451,13:05:24,19.88,31819,16,卖盘
2452,13:05:27,19.89,95472,48,买盘
2453,13:05:30,19.89,9945,5,买盘
2454,13:05:33,19.88,41749,21,卖盘
2455,13:05:36,19.89,63648,32,买盘
2456,13:05:39,19.88,15910,8,卖盘
2457,13:05:42,19.9,1990,1,买盘
2458,13:05:45,19.9,29850,15,买盘
2459,13:05:48,19.9,135285,68,买盘
2460,13:05:51,19.9,27856,14,买盘
2461,13:05:54,19.9,1990,1,买盘
2462,13:06:00,19.89,19890,10,卖盘
2463,13:06:03,19.89,169100,85,卖盘
2464,13:06:06,19.9,9947,5,买盘
2465,13:06:09,19.9,19895,10,买盘
2466,13:06:12,19.9,39800,20,买盘
2467,13:06:15,19.89,91530,46,卖盘
2468,13:06:21,19.89,69638,35,卖盘
2469,13:06:24,19.89,256581,129,卖盘
2470,13:06:27,19.89,1989,1,卖盘
2471,13:06:36,19.89,1989,1,卖盘
2472,13:06:42,19.89,51714,26,卖盘
2473,13:06:45,19.89,360009,181,卖盘
2474,13:06:48,19.89,43756,22,买盘
2475,13:06:51,19.89,218690,110,买盘
2476,13:06:54,19.88,29825,15,卖盘
2477,13:06:57,19.88,73564,37,卖盘
2478,13:07:00,19.89,95472,48,买盘
2479,13:07:06,19.89,37791,19,买盘
2480,13:07:09,19.89,31819,16,买盘
2481,13:07:12,19.89,9945,5,买盘
2482,13:07:15,19.89,11933,6,买盘
2483,13:07:18,19.88,172957,87,卖盘
2484,13:07:21,19.88,192836,97,卖盘
2485,13:07:24,19.88,103359,52,卖盘
2486,13:07:27,19.88,25837,13,买盘
2487,13:07:30,19.87,41732,21,卖盘
2488,13:07:33,19.87,37753,19,卖盘
2489,13:07:36,19.87,63584,32,卖盘
2490,13:07:39,19.87,53649,27,卖盘
2491,13:07:42,19.86,842466,424,卖盘
2492,13:07:45,19.87,65554,33,买盘
2493,13:07:48,19.86,71501,36,卖盘
2494,13:07:51,19.85,1032259,520,卖盘
2495,13:07:54,19.87,164897,83,买盘
2496,13:07:57,19.87,67524,34,买盘
2497,13:08:00,19.87,19870,10,买盘
2498,13:08:03,19.87,17878,9,买盘
2499,13:08:06,19.86,365571,184,卖盘
2500,13:08:09,19.85,49633,25,卖盘
2501,13:08:12,19.86,1986,1,买盘
2502,13:08:15,19.85,21835,11,卖盘
2503,13:08:18,19.86,117097,59,买盘
2504,13:08:21,19.86,13899,7,买盘
2505,13:08:24,19.85,19855,10,中性盘
2506,13:08:27,19.85,19850,10,买盘
2507,13:08:30,19.86,27802,14,买盘
2508,13:08:33,19.86,27795,14,买盘
2509,13:08:36,19.85,37723,19,卖盘
2510,13:08:39,19.85,35730,18,卖盘
2511,13:08:45,19.85,115138,58,卖盘
2512,13:08:48,19.84,17862,9,卖盘
2513,13:08:51,19.84,13890,7,卖盘
2514,13:08:54,19.85,9925,5,买盘
2515,13:08:57,19.85,1985,1,买盘
2516,13:09:00,19.84,57537,29,卖盘
2517,13:09:03,19.85,45633,23,买盘
2518,13:09:06,19.85,5955,3,买盘
2519,13:09:09,19.85,23820,12,买盘
2520,13:09:12,19.84,242048,122,卖盘
2521,13:09:15,19.84,182514,92,卖盘
2522,13:09:18,19.84,87262,44,买盘
2523,13:09:21,19.82,87235,44,卖盘
2524,13:09:24,19.82,33694,17,卖盘
2525,13:09:27,19.83,13881,7,买盘
2526,13:09:30,19.83,79320,40,买盘
2527,13:09:36,19.82,116970,59,卖盘
2528,13:09:39,19.83,3966,2,买盘
2529,13:09:42,19.82,204156,103,卖盘
2530,13:09:45,19.82,19820,10,卖盘
2531,13:09:48,19.81,114926,58,卖盘
2532,13:09:51,19.82,103064,52,买盘
2533,13:09:54,19.82,53514,27,买盘
2534,13:09:57,19.81,39622,20,卖盘
2535,13:10:00,19.81,55468,28,卖盘
2536,13:10:03,19.82,1242611,627,买盘
2537,13:10:06,19.82,152632,77,卖盘
2538,13:10:09,19.82,420049,212,卖盘
2539,13:10:12,19.83,142741,72,买盘
2540,13:10:15,19.82,99096,50,卖盘
2541,13:10:18,19.83,19830,10,买盘
2542,13:10:21,19.82,77298,39,卖盘
2543,13:10:24,19.82,13874,7,卖盘
2544,13:10:27,19.82,63424,32,卖盘
2545,13:10:30,19.82,19820,10,卖盘
2546,13:10:33,19.82,45586,23,卖盘
2547,13:10:36,19.83,174445,88,买盘
2548,13:10:39,19.83,45587,23,买盘
2549,13:10:42,19.81,25759,13,卖盘
2550,13:10:45,19.82,15856,8,买盘
2551,13:10:48,19.81,33677,17,卖盘
2552,13:10:51,19.81,9905,5,卖盘
2553,13:10:54,19.81,15848,8,卖盘
2554,13:10:57,19.81,204046,103,卖盘
2555,13:11:00,19.83,219956,111,买盘
2556,13:11:03,19.81,71328,36,中性盘
2557,13:11:06,19.83,140676,71,买盘
2558,13:11:09,19.82,609882,308,买盘
2559,13:11:12,19.8,198004,100,卖盘
2560,13:11:15,19.8,445513,225,卖盘
2561,13:11:18,19.8,180180,91,卖盘
2562,13:11:21,19.8,41581,21,卖盘
2563,13:11:24,19.8,354383,179,卖盘
2564,13:11:27,19.8,259254,131,买盘
2565,13:11:30,19.79,9895,5,卖盘
2566,13:11:33,19.79,47496,24,卖盘
2567,13:11:36,19.79,154372,78,卖盘
2568,13:11:39,19.79,100930,51,卖盘
2569,13:11:42,19.8,63331,32,买盘
2570,13:11:45,19.79,47496,24,卖盘
2571,13:11:51,19.79,35632,18,卖盘
2572,13:11:54,19.79,47496,24,卖盘
2573,13:11:57,19.79,53433,27,卖盘
2574,13:12:00,19.79,166236,84,卖盘
2575,13:12:03,19.79,126656,64,卖盘
2576,13:12:06,19.79,245396,124,卖盘
2577,13:12:09,19.78,522231,264,卖盘
2578,13:12:12,19.78,152307,77,卖盘
2579,13:12:15,19.78,1902848,962,卖盘
2580,13:12:18,19.78,472432,239,买盘
2581,13:12:21,19.75,410945,208,卖盘
2582,13:12:24,19.78,140358,71,买盘
2583,13:12:27,19.76,126486,64,卖盘
2584,13:12:30,19.77,5931,3,卖盘
2585,13:12:33,19.76,175932,89,卖盘
2586,13:12:36,19.76,140334,71,卖盘
2587,13:12:39,19.77,260964,132,买盘
2588,13:12:42,19.76,106725,54,卖盘
2589,13:12:45,19.79,235387,119,买盘
2590,13:12:48,19.77,136414,69,卖盘
2591,13:12:51,19.78,13846,7,买盘
2592,13:12:54,19.77,120645,61,卖盘
2593,13:12:57,19.79,120603,61,买盘
2594,13:13:00,19.79,37591,19,买盘
2595,13:13:03,19.78,83054,42,中性盘
2596,13:13:06,19.77,144355,73,卖盘
2597,13:13:09,19.78,71179,36,卖盘
2598,13:13:12,19.79,231343,117,买盘
2599,13:13:15,19.79,207776,105,买盘
2600,13:13:18,19.79,81139,41,卖盘
2601,13:13:21,19.79,21763,11,卖盘
2602,13:13:24,19.78,23742,12,卖盘
2603,13:13:27,19.8,364320,184,买盘
2604,13:13:30,19.8,120780,61,卖盘
2605,13:13:36,19.8,41580,21,卖盘
2606,13:13:39,19.8,29700,15,卖盘
2607,13:13:42,19.81,65373,33,买盘
2608,13:13:45,19.8,43563,22,卖盘
2609,13:13:48,19.79,437693,221,卖盘
2610,13:13:51,19.79,33644,17,卖盘
2611,13:13:54,19.8,112848,57,卖盘
2612,13:13:57,19.8,51480,26,卖盘
2613,13:14:00,19.8,1980,1,买盘
2614,13:14:03,19.8,11880,6,买盘
2615,13:14:06,19.8,19793,10,买盘
2616,13:14:09,19.8,79197,40,买盘
2617,13:14:12,19.78,1600363,809,卖盘
2618,13:14:15,19.78,571249,289,买盘
2619,13:14:21,19.78,494076,250,买盘
2620,13:14:24,19.78,379764,192,买盘
2621,13:14:27,19.78,251012,127,中性盘
2622,13:14:30,19.78,138383,70,买盘
2623,13:14:33,19.77,167975,85,卖盘
2624,13:14:36,19.77,88934,45,买盘
2625,13:14:39,19.76,166041,84,卖盘
2626,13:14:42,19.77,138385,70,买盘
2627,13:14:45,19.76,96888,49,卖盘
2628,13:14:48,19.76,243168,123,卖盘
2629,13:14:51,19.76,33595,17,卖盘
2630,13:14:54,19.76,96850,49,卖盘
2631,13:14:57,19.77,197700,100,中性盘
2632,13:15:00,19.77,156193,79,买盘
2633,13:15:06,19.77,85016,43,卖盘
2634,13:15:09,19.77,130492,66,卖盘
2635,13:15:12,19.78,21758,11,买盘
2636,13:15:15,19.77,213499,108,卖盘
2637,13:15:18,19.77,150253,76,买盘
2638,13:15:21,19.78,176000,89,买盘
2639,13:15:24,19.78,152360,77,卖盘
2640,13:15:27,19.79,79182,40,中性盘
2641,13:15:30,19.78,1118378,565,卖盘
2642,13:15:33,19.79,112818,57,卖盘
2643,13:15:36,19.79,108856,55,卖盘
2644,13:15:39,19.8,110823,56,买盘
2645,13:15:42,19.79,114790,58,卖盘
2646,13:15:45,19.79,89084,45,卖盘
2647,13:15:48,19.79,29695,15,卖盘
2648,13:15:51,19.8,138600,70,买盘
2649,13:15:54,19.8,168257,85,买盘
2650,13:15:57,19.8,31665,16,买盘
2651,13:16:00,19.81,203940,103,买盘
2652,13:16:03,19.82,1402548,708,买盘
2653,13:16:06,19.83,433956,219,买盘
2654,13:16:09,19.81,81271,41,卖盘
2655,13:16:12,19.82,47568,24,买盘
2656,13:16:15,19.82,91172,46,买盘
2657,13:16:18,19.81,11886,6,卖盘
2658,13:16:21,19.83,299420,151,买盘
2659,13:16:24,19.81,53492,27,卖盘
2660,13:16:30,19.81,25753,13,卖盘
2661,13:16:33,19.82,31722,16,卖盘
2662,13:16:36,19.83,29740,15,买盘
2663,13:16:39,19.8,526920,266,卖盘
2664,13:16:42,19.82,63397,32,买盘
2665,13:16:45,19.82,15856,8,买盘
2666,13:16:48,19.82,11892,6,卖盘
2667,13:16:51,19.82,226054,114,卖盘
2668,13:16:54,19.82,55523,28,卖盘
2669,13:16:57,19.83,43626,22,买盘
2670,13:17:00,19.82,79310,40,卖盘
2671,13:17:03,19.83,210036,106,买盘
2672,13:17:06,19.83,103114,52,买盘
2673,13:17:09,19.84,53552,27,买盘
2674,13:17:12,19.83,63439,32,卖盘
2675,13:17:15,19.82,481826,243,卖盘
2676,13:17:18,19.83,29745,15,买盘
2677,13:17:21,19.82,59480,30,卖盘
2678,13:17:24,19.83,7932,4,买盘
2679,13:17:27,19.83,73349,37,买盘
2680,13:17:30,19.82,59460,30,卖盘
2681,13:17:33,19.82,29730,15,卖盘
2682,13:17:36,19.83,182434,92,买盘
2683,13:17:39,19.83,39660,20,买盘
2684,13:17:42,19.84,3967,2,买盘
2685,13:17:45,19.84,101138,51,卖盘
2686,13:17:51,19.84,132942,67,卖盘
2687,13:17:57,19.84,11904,6,卖盘
2688,13:18:00,19.84,47635,24,卖盘
2689,13:18:03,19.84,69450,35,卖盘
2690,13:18:06,19.84,71426,36,卖盘
2691,13:18:09,19.85,29771,15,买盘
2692,13:18:12,19.83,59515,30,卖盘
2693,13:18:18,19.84,1984,1,买盘
2694,13:18:21,19.83,434554,219,卖盘
2695,13:18:24,19.84,33727,17,卖盘
2696,13:18:27,19.84,65486,33,卖盘
2697,13:18:30,19.85,140882,71,买盘
2698,13:18:36,19.84,49600,25,卖盘
2699,13:18:39,19.84,39683,20,卖盘
2700,13:18:42,19.85,635200,320,买盘
2701,13:18:45,19.85,27799,14,卖盘
2702,13:18:48,19.86,13902,7,买盘
2703,13:18:51,19.85,129086,65,卖盘
2704,13:18:54,19.87,3973,2,买盘
2705,13:18:57,19.85,51634,26,卖盘
2706,13:19:00,19.85,33749,17,卖盘
2707,13:19:03,19.86,25817,13,买盘
2708,13:19:06,19.87,210581,106,买盘
2709,13:19:12,19.85,841646,424,卖盘
2710,13:19:15,19.84,93280,47,卖盘
2711,13:19:18,19.85,152842,77,卖盘
2712,13:19:21,19.85,41668,21,买盘
2713,13:19:24,19.85,19850,10,买盘
2714,13:19:27,19.85,89293,45,买盘
2715,13:19:30,19.85,341259,172,买盘
2716,13:19:33,19.84,47619,24,卖盘
2717,13:19:36,19.85,43670,22,买盘
2718,13:19:39,19.84,27776,14,卖盘
2719,13:19:42,19.85,7940,4,买盘
2720,13:19:45,19.85,25805,13,买盘
2721,13:19:48,19.84,11904,6,卖盘
2722,13:19:51,19.84,45667,23,卖盘
2723,13:19:54,19.85,9925,5,中性盘
2724,13:19:57,19.84,202418,102,卖盘
2725,13:20:00,19.83,3276514,1654,卖盘
2726,13:20:03,19.84,43648,22,买盘
2727,13:20:09,19.84,152768,77,买盘
2728,13:20:12,19.81,71384,36,卖盘
2729,13:20:15,19.81,17831,9,卖盘
2730,13:20:18,19.81,45565,23,卖盘
2731,13:20:21,19.83,758722,383,买盘
2732,13:20:24,19.82,49550,25,中性盘
2733,13:20:27,19.84,71356,36,买盘
2734,13:20:30,19.84,11904,6,买盘
2735,13:20:36,19.84,43648,22,买盘
2736,13:20:39,19.84,1958549,989,买盘
2737,13:20:42,19.83,198315,100,卖盘
2738,13:20:45,19.81,61434,31,卖盘
2739,13:20:48,19.82,27750,14,卖盘
2740,13:20:51,19.83,283331,143,买盘
2741,13:20:54,19.8,2029558,1025,卖盘
2742,13:20:57,19.81,158596,80,中性盘
2743,13:21:00,19.82,17836,9,买盘
2744,13:21:03,19.82,1045480,528,买盘
2745,13:21:06,19.82,55487,28,买盘
2746,13:21:09,19.82,112885,57,买盘
2747,13:21:15,19.82,150545,76,买盘
2748,13:21:18,19.82,5946,3,买盘
2749,13:21:21,19.82,190162,96,买盘
2750,13:21:24,19.82,19811,10,买盘
2751,13:21:27,19.83,164449,83,买盘
2752,13:21:30,19.84,178470,90,买盘
2753,13:21:33,19.83,126908,64,卖盘
2754,13:21:36,19.82,103064,52,卖盘
2755,13:21:39,19.84,15867,8,买盘
2756,13:21:42,19.83,166473,84,中性盘
2757,13:21:45,19.85,259965,131,买盘
2758,13:21:48,19.84,83270,42,买盘
2759,13:21:51,19.84,19840,10,买盘
2760,13:21:54,19.83,19830,10,卖盘
2761,13:21:57,19.84,7936,4,买盘
2762,13:22:00,19.83,19830,10,卖盘
2763,13:22:03,19.84,11899,6,买盘
2764,13:22:06,19.84,140864,71,买盘
2765,13:22:09,19.82,29748,15,卖盘
2766,13:22:12,19.85,17857,9,买盘
2767,13:22:15,19.83,25787,13,卖盘
2768,13:22:18,19.84,61504,31,买盘
2769,13:22:21,19.85,57560,29,买盘
2770,13:22:27,19.85,9925,5,买盘
2771,13:22:30,19.85,3970,2,买盘
2772,13:22:33,19.85,11910,6,买盘
2773,13:22:42,19.85,246140,124,买盘
2774,13:22:45,19.86,63551,32,买盘
2775,13:22:51,19.86,115147,58,买盘
2776,13:22:54,19.86,57594,29,买盘
2777,13:22:57,19.86,208530,105,卖盘
2778,13:23:00,19.86,3972,2,卖盘
2779,13:23:03,19.88,397462,200,买盘
2780,13:23:06,19.88,27823,14,买盘
2781,13:23:09,19.87,17884,9,卖盘
2782,13:23:12,19.87,3974,2,卖盘
2783,13:23:15,19.87,89426,45,卖盘
2784,13:23:18,19.87,117247,59,卖盘
2785,13:23:21,19.87,71532,36,买盘
2786,13:23:24,19.87,59610,30,买盘
2787,13:23:27,19.86,15888,8,卖盘
2788,13:23:30,19.87,1987,1,买盘
2789,13:23:33,19.87,9935,5,买盘
2790,13:23:36,19.87,85441,43,买盘
2791,13:23:39,19.86,423019,213,卖盘
2792,13:23:42,19.87,25825,13,买盘
2793,13:23:48,19.86,21846,11,卖盘
2794,13:23:51,19.87,9935,5,买盘
2795,13:23:54,19.85,206551,104,卖盘
2796,13:23:57,19.86,73482,37,买盘
2797,13:24:03,19.86,5958,3,卖盘
2798,13:24:06,19.87,83417,42,买盘
2799,13:24:09,19.87,37738,19,买盘
2800,13:24:12,19.86,13904,7,卖盘
2801,13:24:15,19.86,53624,27,卖盘
2802,13:24:18,19.86,23832,12,卖盘
2803,13:24:21,19.86,15883,8,买盘
2804,13:24:24,19.86,19860,10,买盘
2805,13:24:30,19.86,19860,10,买盘
2806,13:24:33,19.86,63542,32,买盘
2807,13:24:36,19.86,65537,33,买盘
2808,13:24:39,19.86,248245,125,买盘
2809,13:24:42,19.86,13902,7,买盘
2810,13:24:45,19.85,61535,31,卖盘
2811,13:24:48,19.86,63535,32,买盘
2812,13:24:51,19.86,140972,71,买盘
2813,13:24:57,19.85,13897,7,卖盘
2814,13:25:00,19.86,31776,16,买盘
2815,13:25:03,19.86,57569,29,买盘
2816,13:25:06,19.85,398993,201,卖盘
2817,13:25:09,19.86,3972,2,买盘
2818,13:25:12,19.85,67494,34,卖盘
2819,13:25:15,19.86,71496,36,买盘
2820,13:25:18,19.86,180726,91,买盘
2821,13:25:21,19.86,250236,126,买盘
2822,13:25:24,19.86,85398,43,买盘
2823,13:25:27,19.86,182712,92,买盘
2824,13:25:30,19.86,97314,49,买盘
2825,13:25:36,19.86,133062,67,卖盘
2826,13:25:42,19.87,23839,12,买盘
2827,13:25:45,19.87,5961,3,买盘
2828,13:25:48,19.87,9935,5,买盘
2829,13:25:51,19.87,39740,20,买盘
2830,13:25:54,19.87,137089,69,买盘
2831,13:25:57,19.87,206564,104,买盘
2832,13:26:03,19.87,29804,15,买盘
2833,13:26:06,19.87,43704,22,买盘
2834,13:26:09,19.87,99350,50,买盘
2835,13:26:12,19.87,538480,271,买盘
2836,13:26:15,19.86,1368401,689,卖盘
2837,13:26:18,19.86,51636,26,买盘
2838,13:26:21,19.85,33752,17,卖盘
2839,13:26:24,19.86,89330,45,买盘
2840,13:26:27,19.85,31760,16,卖盘
2841,13:26:30,19.85,55590,28,卖盘
2842,13:26:33,19.86,33760,17,买盘
2843,13:26:36,19.85,5956,3,卖盘
2844,13:26:39,19.86,55608,28,买盘
2845,13:26:42,19.86,17870,9,卖盘
2846,13:26:45,19.85,29775,15,卖盘
2847,13:26:48,19.86,13902,7,买盘
2848,13:26:51,19.85,15880,8,卖盘
2849,13:26:54,19.85,39711,20,卖盘
2850,13:26:57,19.86,29782,15,买盘
2851,13:27:00,19.85,125085,63,卖盘
2852,13:27:03,19.85,214380,108,卖盘
2853,13:27:06,19.86,11913,6,买盘
2854,13:27:09,19.86,5958,3,买盘
2855,13:27:12,19.85,41695,21,卖盘
2856,13:27:15,19.86,1986,1,买盘
2857,13:27:18,19.86,1986,1,买盘
2858,13:27:21,19.86,11916,6,买盘
2859,13:27:24,19.85,37715,19,卖盘
2860,13:27:27,19.85,43670,22,卖盘
2861,13:27:30,19.85,97289,49,卖盘
2862,13:27:33,19.86,29780,15,买盘
2863,13:27:39,19.86,109210,55,买盘
2864,13:27:42,19.86,21846,11,买盘
2865,13:27:45,19.85,11910,6,卖盘
2866,13:27:48,19.85,7940,4,卖盘
2867,13:27:54,19.86,83381,42,买盘
2868,13:28:00,19.85,27792,14,卖盘
2869,13:28:03,19.85,37723,19,卖盘
2870,13:28:12,19.86,35743,18,买盘
2871,13:28:15,19.86,23832,12,买盘
2872,13:28:18,19.85,21835,11,卖盘
2873,13:28:21,19.86,63522,32,买盘
2874,13:28:24,19.86,11916,6,买盘
2875,13:28:30,19.85,39700,20,卖盘
2876,13:28:33,19.85,67490,34,卖盘
2877,13:28:36,19.85,63530,32,卖盘
2878,13:28:39,19.85,65505,33,卖盘
2879,13:28:45,19.86,11916,6,买盘
2880,13:28:48,19.85,246180,124,卖盘
2881,13:28:51,19.85,41685,21,卖盘
2882,13:28:54,19.85,87359,44,卖盘
2883,13:28:57,19.86,228276,115,买盘
2884,13:29:00,19.86,83406,42,买盘
2885,13:29:03,19.85,9925,5,卖盘
2886,13:29:06,19.86,13900,7,买盘
2887,13:29:09,19.86,23832,12,买盘
2888,13:29:12,19.85,19858,10,卖盘
2889,13:29:15,19.86,5958,3,买盘
2890,13:29:18,19.86,13902,7,买盘
2891,13:29:21,19.86,1986,1,买盘
2892,13:29:24,19.86,121146,61,买盘
2893,13:29:27,19.85,23822,12,卖盘
2894,13:29:33,19.85,25807,13,卖盘
2895,13:29:39,19.85,33745,17,卖盘
2896,13:29:42,19.85,99251,50,卖盘
2897,13:29:45,19.85,37715,19,卖盘
2898,13:29:48,19.85,33745,17,卖盘
2899,13:29:51,19.85,101236,51,卖盘
2900,13:29:54,19.85,63536,32,卖盘
2901,13:29:57,19.85,1056020,532,卖盘
2902,13:30:00,19.84,61504,31,卖盘
2903,13:30:03,19.85,37714,19,买盘
2904,13:30:06,19.85,103185,52,买盘
2905,13:30:09,19.85,35724,18,买盘
2906,13:30:12,19.84,11907,6,卖盘
2907,13:30:15,19.84,59520,30,卖盘
2908,13:30:18,19.85,27786,14,买盘
2909,13:30:21,19.84,291655,147,卖盘
2910,13:30:24,19.85,5955,3,买盘
2911,13:30:27,19.84,198460,100,卖盘
2912,13:30:30,19.85,51593,26,买盘
2913,13:30:33,19.84,353145,178,卖盘
2914,13:30:36,19.84,21824,11,卖盘
2915,13:30:39,19.84,41664,21,买盘
2916,13:30:42,19.84,51574,26,买盘
2917,13:30:45,19.84,3968,2,买盘
2918,13:30:48,19.84,123008,62,买盘
2919,13:30:51,19.84,25791,13,买盘
2920,13:30:54,19.83,47613,24,卖盘
2921,13:30:57,19.83,31732,16,卖盘
2922,13:31:00,19.84,9919,5,买盘
2923,13:31:03,19.81,1191328,601,卖盘
2924,13:31:06,19.84,3968,2,买盘
2925,13:31:09,19.83,41628,21,卖盘
2926,13:31:12,19.83,1983,1,卖盘
2927,13:31:15,19.83,19836,10,卖盘
2928,13:31:21,19.83,9919,5,卖盘
2929,13:31:24,19.83,103120,52,卖盘
2930,13:31:27,19.83,63456,32,买盘
2931,13:31:30,19.83,111058,56,卖盘
2932,13:31:33,19.83,33711,17,买盘
2933,13:31:36,19.84,285692,144,买盘
2934,13:31:39,19.85,3970,2,买盘
2935,13:31:42,19.84,61504,31,卖盘
2936,13:31:45,19.84,15872,8,卖盘
2937,13:31:51,19.85,15880,8,买盘
2938,13:31:57,19.85,17865,9,买盘
2939,13:32:03,19.84,115072,58,卖盘
2940,13:32:09,19.85,19850,10,买盘
2941,13:32:12,19.85,19850,10,买盘
2942,13:32:15,19.84,45638,23,卖盘
2943,13:32:18,19.84,265862,134,卖盘
2944,13:32:21,19.84,33728,17,卖盘
2945,13:32:24,19.84,39680,20,卖盘
2946,13:32:27,19.84,65475,33,卖盘
2947,13:32:30,19.85,246140,124,买盘
2948,13:32:33,19.85,9926,5,卖盘
2949,13:32:36,19.84,9926,5,卖盘
2950,13:32:39,19.85,73412,37,中性盘
2951,13:32:42,19.86,39707,20,买盘
2952,13:32:45,19.85,39681,20,中性盘
2953,13:32:48,19.86,670677,338,买盘
2954,13:32:51,19.84,9920,5,卖盘
2955,13:32:54,19.85,1985,1,中性盘
2956,13:32:57,19.84,33754,17,卖盘
2957,13:33:00,19.84,15874,8,卖盘
2958,13:33:03,19.86,15882,8,买盘
2959,13:33:06,19.85,27803,14,卖盘
2960,13:33:09,19.86,9930,5,买盘
2961,13:33:15,19.85,27791,14,卖盘
2962,13:33:18,19.85,218360,110,卖盘
2963,13:33:21,19.85,260057,131,卖盘
2964,13:33:24,19.84,51610,26,卖盘
2965,13:33:27,19.84,593226,299,卖盘
2966,13:33:30,19.84,89282,45,卖盘
2967,13:33:33,19.84,69440,35,卖盘
2968,13:33:36,19.84,202418,102,卖盘
2969,13:33:39,19.84,33728,17,卖盘
2970,13:33:42,19.84,5952,3,卖盘
2971,13:33:45,19.83,43644,22,卖盘
2972,13:33:48,19.85,9922,5,买盘
2973,13:33:51,19.83,23800,12,卖盘
2974,13:33:54,19.84,79368,40,中性盘
2975,13:33:57,19.84,23808,12,买盘
2976,13:34:03,19.84,7936,4,卖盘
2977,13:34:06,19.84,13888,7,卖盘
2978,13:34:09,19.85,5955,3,买盘
2979,13:34:12,19.85,51610,26,买盘
2980,13:34:15,19.85,5955,3,中性盘
2981,13:34:18,19.85,105163,53,卖盘
2982,13:34:21,19.85,1985,1,买盘
2983,13:34:24,19.85,13895,7,买盘
2984,13:34:27,19.84,3968,2,卖盘
2985,13:34:30,19.85,115130,58,买盘
2986,13:34:33,19.85,87307,44,买盘
2987,13:34:36,19.85,1985,1,买盘
2988,13:34:39,19.84,226282,114,卖盘
2989,13:34:42,19.84,33728,17,卖盘
2990,13:34:45,19.84,27776,14,卖盘
2991,13:34:48,19.84,5952,3,卖盘
2992,13:34:51,19.85,176626,89,买盘
2993,13:34:54,19.84,160704,81,卖盘
2994,13:34:57,19.85,33738,17,买盘
2995,13:35:00,19.84,111104,56,卖盘
2996,13:35:03,19.85,244134,123,买盘
2997,13:35:06,19.84,13891,7,卖盘
2998,13:35:15,19.85,43660,22,买盘
2999,13:35:18,19.84,130944,66,卖盘
3000,13:35:21,19.84,101184,51,卖盘
3001,13:35:24,19.84,1984,1,买盘
3002,13:35:30,19.84,5952,3,买盘
3003,13:35:33,19.84,35712,18,买盘
3004,13:35:36,19.85,55579,28,买盘
3005,13:35:42,19.85,3970,2,买盘
3006,13:35:45,19.84,19840,10,卖盘
3007,13:35:48,19.84,29767,15,卖盘
3008,13:35:51,19.84,41664,21,卖盘
3009,13:35:54,19.84,107137,54,卖盘
3010,13:35:57,19.83,117055,59,卖盘
3011,13:36:00,19.84,5952,3,买盘
3012,13:36:03,19.84,25792,13,买盘
3013,13:36:06,19.84,5952,3,买盘
3014,13:36:09,19.84,107132,54,买盘
3015,13:36:12,19.83,17847,9,卖盘
3016,13:36:15,19.83,13887,7,卖盘
3017,13:36:18,19.83,9915,5,卖盘
3018,13:36:21,19.84,3968,2,买盘
3019,13:36:24,19.84,51584,26,买盘
3020,13:36:30,19.84,3968,2,买盘
3021,13:36:33,19.84,17856,9,卖盘
3022,13:36:39,19.84,13888,7,卖盘
3023,13:36:42,19.84,19840,10,卖盘
3024,13:36:45,19.84,17856,9,卖盘
3025,13:36:48,19.83,23807,12,卖盘
3026,13:36:51,19.83,1983,1,卖盘
3027,13:36:54,19.83,15864,8,卖盘
3028,13:36:57,19.83,5950,3,卖盘
3029,13:37:03,19.83,31728,16,卖盘
3030,13:37:12,19.83,25779,13,卖盘
3031,13:37:15,19.83,61473,31,卖盘
3032,13:37:18,19.83,29745,15,卖盘
3033,13:37:21,19.83,5949,3,卖盘
3034,13:37:24,19.83,11898,6,卖盘
3035,13:37:27,19.83,19830,10,卖盘
3036,13:37:30,19.83,57509,29,卖盘
3037,13:37:33,19.83,257790,130,卖盘
3038,13:37:36,19.83,99164,50,卖盘
3039,13:37:39,19.84,380928,192,买盘
3040,13:37:42,19.84,680250,343,卖盘
3041,13:37:45,19.84,31744,16,卖盘
3042,13:37:48,19.84,7936,4,卖盘
3043,13:37:51,19.84,27776,14,卖盘
3044,13:38:03,19.84,17856,9,卖盘
3045,13:38:06,19.84,202370,102,卖盘
3046,13:38:09,19.84,9920,5,买盘
3047,13:38:15,19.84,29760,15,卖盘
3048,13:38:18,19.85,115092,58,买盘
3049,13:38:21,19.84,19840,10,卖盘
3050,13:38:24,19.84,35712,18,卖盘
3051,13:38:27,19.84,113088,57,卖盘
3052,13:38:30,19.84,206321,104,买盘
3053,13:38:33,19.84,5952,3,卖盘
3054,13:38:39,19.84,228160,115,卖盘
3055,13:38:42,19.84,107135,54,卖盘
3056,13:38:45,19.84,9918,5,买盘
3057,13:38:48,19.83,19831,10,卖盘
3058,13:38:51,19.83,99150,50,卖盘
3059,13:38:54,19.84,182446,92,买盘
3060,13:38:57,19.83,59490,30,卖盘
3061,13:39:00,19.83,87262,44,卖盘
3062,13:39:03,19.83,11898,6,卖盘
3063,13:39:06,19.83,138813,70,卖盘
3064,13:39:09,19.82,214158,108,卖盘
3065,13:39:12,19.81,408259,206,卖盘
3066,13:39:15,19.81,37641,19,卖盘
3067,13:39:18,19.82,122850,62,买盘
3068,13:39:21,19.81,41601,21,卖盘
3069,13:39:24,19.82,81226,41,买盘
3070,13:39:30,19.82,9910,5,买盘
3071,13:39:33,19.82,11892,6,买盘
3072,13:39:36,19.81,138686,70,卖盘
3073,13:39:39,19.8,3318678,1676,卖盘
3074,13:39:42,19.8,708860,358,买盘
3075,13:39:45,19.8,233627,118,买盘
3076,13:39:48,19.8,47503,24,买盘
3077,13:39:51,19.79,25727,13,卖盘
3078,13:39:54,19.79,87076,44,卖盘
3079,13:39:57,19.79,676818,342,卖盘
3080,13:40:00,19.79,334456,169,卖盘
3081,13:40:03,19.8,239527,121,买盘
3082,13:40:06,19.79,53433,27,卖盘
