,成交时间,成交价格,成交金额,成交量,性质
0,09:25:00,4.13,4571910,11070,卖盘
1,09:30:00,4.13,441559,1071,买盘
2,09:30:03,4.12,3943533,9553,卖盘
3,09:30:06,4.13,939185,2276,买盘
4,09:30:09,4.13,601725,1458,买盘
5,09:30:12,4.12,866665,2102,卖盘
6,09:30:15,4.12,364195,882,卖盘
7,09:30:18,4.12,206654,501,卖盘
8,09:30:21,4.13,899431,2178,买盘
9,09:30:24,4.12,160656,389,卖盘
10,09:30:27,4.13,50678,123,买盘
11,09:30:30,4.13,592771,1436,买盘
12,09:30:33,4.12,346236,839,卖盘
13,09:30:36,4.13,590381,1432,买盘
14,09:30:39,4.12,308137,747,卖盘
15,09:30:42,4.12,157232,381,卖盘
16,09:30:45,4.12,464803,1128,卖盘
17,09:30:48,4.13,210418,510,买盘
18,09:30:51,4.13,380798,924,买盘
19,09:30:54,4.13,3007487,7299,买盘
20,09:30:57,4.13,599067,1451,买盘
21,09:31:00,4.13,5006758,12152,买盘
22,09:31:03,4.11,8580406,20823,卖盘
23,09:31:06,4.12,1599036,3882,买盘
24,09:31:09,4.11,515442,1254,卖盘
25,09:31:12,4.11,22199,54,卖盘
26,09:31:15,4.11,107889,262,卖盘
27,09:31:18,4.11,4452467,10832,卖盘
28,09:31:21,4.11,54742,133,卖盘
29,09:31:24,4.11,4863390,11832,卖盘
30,09:31:27,4.11,411000,1000,卖盘
31,09:31:30,4.11,299662,729,卖盘
32,09:31:33,4.12,4245688,10330,买盘
33,09:31:36,4.11,260985,635,卖盘
34,09:31:39,4.11,821668,1999,卖盘
35,09:31:42,4.12,1202664,2926,买盘
36,09:31:45,4.12,123960,301,买盘
37,09:31:48,4.11,63746,155,卖盘
38,09:31:51,4.11,311223,757,卖盘
39,09:31:54,4.11,53507,130,卖盘
40,09:31:57,4.11,4339502,10558,卖盘
41,09:32:00,4.11,99079,241,卖盘
42,09:32:03,4.11,1499918,3649,卖盘
43,09:32:06,4.11,178381,434,卖盘
44,09:32:09,4.11,129922,316,卖盘
45,09:32:12,4.12,392238,954,买盘
46,09:32:15,4.11,56413,137,卖盘
47,09:32:18,4.11,4167993,10141,卖盘
48,09:32:21,4.11,9184525,22347,卖盘
49,09:32:24,4.11,265676,647,买盘
50,09:32:27,4.11,1328470,3233,买盘
51,09:32:30,4.1,1796798,4373,卖盘
52,09:32:33,4.11,2975173,7239,买盘
53,09:32:36,4.11,25482,62,卖盘
54,09:32:39,4.11,42333,103,卖盘
55,09:32:42,4.11,262629,639,卖盘
56,09:32:45,4.11,166461,405,卖盘
57,09:32:48,4.11,299708,728,卖盘
58,09:32:51,4.12,190790,464,买盘
59,09:32:54,4.11,71940,175,卖盘
60,09:32:57,4.11,303014,737,卖盘
61,09:33:00,4.11,477632,1162,卖盘
62,09:33:03,4.11,310008,753,卖盘
63,09:33:06,4.12,207216,504,买盘
64,09:33:09,4.11,285646,695,卖盘
65,09:33:12,4.11,1097781,2671,卖盘
66,09:33:15,4.11,233859,569,卖盘
67,09:33:18,4.11,221118,538,卖盘
68,09:33:21,4.11,651024,1584,卖盘
69,09:33:24,4.11,425055,1034,卖盘
70,09:33:27,4.12,144726,352,买盘
71,09:33:30,4.11,125768,306,卖盘
72,09:33:33,4.11,216248,526,卖盘
73,09:33:36,4.11,224821,547,卖盘
74,09:33:39,4.11,22202,54,卖盘
75,09:33:42,4.11,100695,245,卖盘
76,09:33:45,4.11,53861,131,卖盘
77,09:33:48,4.11,267991,652,卖盘
78,09:33:51,4.11,104394,254,卖盘
79,09:33:54,4.11,143473,349,卖盘
80,09:33:57,4.11,75684,184,卖盘
81,09:34:00,4.11,81379,198,卖盘
82,09:34:03,4.11,18084,44,卖盘
83,09:34:06,4.11,158235,385,卖盘
84,09:34:09,4.11,196869,479,卖盘
85,09:34:12,4.11,429089,1044,卖盘
86,09:34:15,4.11,277853,676,卖盘
87,09:34:18,4.11,196167,477,卖盘
88,09:34:21,4.12,170978,416,买盘
89,09:34:24,4.11,376538,916,卖盘
90,09:34:27,4.11,242080,589,卖盘
91,09:34:30,4.11,114320,278,卖盘
92,09:34:33,4.11,2194740,5340,卖盘
93,09:34:36,4.12,65364,159,买盘
94,09:34:39,4.11,39504,96,卖盘
95,09:34:42,4.12,148127,360,买盘
96,09:34:45,4.11,80558,196,卖盘
97,09:34:48,4.11,106860,260,卖盘
98,09:34:51,4.11,84666,206,卖盘
99,09:34:54,4.11,157414,383,卖盘
100,09:34:57,4.11,292632,712,卖盘
101,09:35:00,4.11,567764,1381,卖盘
102,09:35:03,4.11,295710,719,卖盘
103,09:35:06,4.11,136883,333,卖盘
104,09:35:09,4.11,587730,1430,卖盘
105,09:35:12,4.11,1768226,4301,卖盘
106,09:35:15,4.11,17234189,41942,卖盘
107,09:35:18,4.11,870144,2122,买盘
108,09:35:21,4.11,773593,1886,买盘
109,09:35:24,4.11,185964,453,买盘
110,09:35:27,4.11,728681,1777,买盘
111,09:35:30,4.1,1227888,2994,卖盘
112,09:35:33,4.11,841424,2051,买盘
113,09:35:36,4.11,261791,638,买盘
114,09:35:39,4.11,284795,694,买盘
115,09:35:42,4.1,164945,402,卖盘
116,09:35:45,4.1,78787,192,卖盘
117,09:35:48,4.1,84051,205,卖盘
118,09:35:51,4.1,161973,395,卖盘
119,09:35:54,4.1,716760,1745,卖盘
120,09:35:57,4.11,274830,670,买盘
121,09:36:00,4.1,4279520,10437,卖盘
122,09:36:03,4.11,161227,393,买盘
123,09:36:06,4.11,61925,151,买盘
124,09:36:09,4.1,456515,1111,卖盘
125,09:36:12,4.11,410081,1000,买盘
126,09:36:15,4.11,154398,376,买盘
127,09:36:18,4.11,465532,1133,买盘
128,09:36:21,4.1,264500,645,卖盘
129,09:36:24,4.11,142716,348,买盘
130,09:36:27,4.1,78820,192,卖盘
131,09:36:30,4.1,55410,135,卖盘
132,09:36:33,4.1,164000,400,卖盘
133,09:36:36,4.1,4640579,11316,卖盘
134,09:36:39,4.1,4204961,10256,卖盘
135,09:36:42,4.1,4307460,10506,卖盘
136,09:36:45,4.1,57472,140,卖盘
137,09:36:48,4.11,157251,383,买盘
138,09:36:51,4.11,64816,158,买盘
139,09:36:54,4.1,943130,2300,卖盘
140,09:36:57,4.11,552110,1346,买盘
141,09:37:00,4.1,13940,34,卖盘
142,09:37:03,4.11,80121,195,买盘
143,09:37:06,4.11,1116615,2723,买盘
144,09:37:09,4.1,2242089,5468,卖盘
145,09:37:12,4.1,1118495,2728,卖盘
146,09:37:15,4.1,1794028,4373,卖盘
147,09:37:18,4.11,578574,1411,买盘
148,09:37:21,4.11,46031,112,买盘
149,09:37:24,4.1,14770,36,卖盘
150,09:37:27,4.1,67269,164,卖盘
151,09:37:30,4.1,67391,164,卖盘
152,09:37:33,4.1,25011,61,卖盘
153,09:37:36,4.1,158317,386,卖盘
154,09:37:39,4.1,350997,856,卖盘
155,09:37:42,4.11,230099,561,买盘
156,09:37:45,4.1,172130,419,卖盘
157,09:37:48,4.11,192317,469,买盘
158,09:37:51,4.1,440470,1072,卖盘
159,09:37:54,4.1,132626,323,卖盘
160,09:37:57,4.11,82866,202,买盘
161,09:38:00,4.1,132650,323,卖盘
162,09:38:03,4.11,70152,171,买盘
163,09:38:06,4.1,95207,232,卖盘
164,09:38:09,4.11,907866,2211,买盘
165,09:38:12,4.11,178197,434,买盘
166,09:38:15,4.11,112953,275,买盘
167,09:38:18,4.1,136257,332,卖盘
168,09:38:21,4.11,123679,301,买盘
169,09:38:24,4.1,310592,756,卖盘
170,09:38:27,4.1,43890,107,卖盘
171,09:38:30,4.1,111158,271,卖盘
172,09:38:33,4.11,59490,145,买盘
173,09:38:36,4.11,123265,300,买盘
174,09:38:39,4.11,2018624,4912,买盘
175,09:38:42,4.11,5330548,12970,买盘
176,09:38:45,4.11,1157729,2817,买盘
177,09:38:48,4.11,512042,1246,买盘
178,09:38:51,4.11,996156,2424,买盘
179,09:38:54,4.11,351341,855,买盘
180,09:38:57,4.1,136746,333,卖盘
181,09:39:00,4.11,2359462,5742,买盘
182,09:39:03,4.11,13898744,33817,买盘
183,09:39:06,4.11,914078,2224,卖盘
184,09:39:09,4.11,153367,373,卖盘
185,09:39:12,4.11,660477,1607,卖盘
186,09:39:15,4.11,230218,560,卖盘
187,09:39:18,4.11,165655,403,卖盘
188,09:39:21,4.11,41100,100,卖盘
189,09:39:24,4.11,228185,555,卖盘
190,09:39:27,4.11,89726,218,卖盘
191,09:39:30,4.11,25905,63,卖盘
192,09:39:33,4.12,97206,236,买盘
193,09:39:36,4.11,42744,104,卖盘
194,09:39:39,4.11,272932,664,卖盘
195,09:39:42,4.11,110148,268,卖盘
196,09:39:45,4.11,152251,370,卖盘
197,09:39:48,4.11,65371,159,卖盘
198,09:39:51,4.11,2469341,6008,卖盘
199,09:39:54,4.11,157433,383,卖盘
200,09:39:57,4.11,565230,1375,卖盘
201,09:40:00,4.11,166455,405,卖盘
202,09:40:03,4.11,486213,1183,卖盘
203,09:40:06,4.11,368792,897,卖盘
204,09:40:09,4.11,291402,709,卖盘
205,09:40:12,4.11,520225,1265,卖盘
206,09:40:15,4.11,251121,611,卖盘
207,09:40:18,4.11,408143,993,卖盘
208,09:40:21,4.12,283315,689,买盘
209,09:40:24,4.12,63785,155,买盘
210,09:40:27,4.12,33302,81,买盘
211,09:40:30,4.11,4933,12,卖盘
212,09:40:33,4.11,76035,185,卖盘
213,09:40:36,4.11,129903,316,卖盘
214,09:40:39,4.12,64247,156,买盘
215,09:40:42,4.12,117173,285,买盘
216,09:40:45,4.11,88901,216,卖盘
217,09:40:48,4.11,13974,34,卖盘
218,09:40:51,4.11,100845,245,卖盘
219,09:40:54,4.11,49021,119,卖盘
220,09:40:57,4.12,100324,244,买盘
221,09:41:00,4.12,12358,30,买盘
222,09:41:03,4.12,176464,429,买盘
223,09:41:06,4.11,274716,668,卖盘
224,09:41:09,4.11,77679,189,卖盘
225,09:41:12,4.11,51787,126,卖盘
226,09:41:15,4.12,178538,434,买盘
227,09:41:18,4.11,237969,579,卖盘
228,09:41:21,4.11,76075,185,卖盘
229,09:41:24,4.12,296586,721,买盘
230,09:41:27,4.11,431139,1049,卖盘
231,09:41:30,4.11,310920,756,卖盘
232,09:41:33,4.11,699232,1701,卖盘
233,09:41:36,4.11,7026874,17097,卖盘
234,09:41:39,4.12,367599,894,买盘
235,09:41:42,4.11,152596,371,卖盘
236,09:41:45,4.12,64124,156,买盘
237,09:41:48,4.11,3696130,8993,卖盘
238,09:41:51,4.11,518283,1261,卖盘
239,09:41:54,4.12,853191,2075,买盘
240,09:41:57,4.11,64117,156,卖盘
241,09:42:00,4.11,550459,1339,卖盘
242,09:42:03,4.11,297737,724,卖盘
243,09:42:06,4.11,656499,1597,卖盘
244,09:42:09,4.11,467806,1138,卖盘
245,09:42:12,4.11,434016,1056,卖盘
246,09:42:15,4.11,798574,1943,卖盘
247,09:42:18,4.11,73981,180,卖盘
248,09:42:21,4.11,67903,165,卖盘
249,09:42:24,4.11,90022,219,卖盘
250,09:42:27,4.11,171281,416,卖盘
251,09:42:30,4.11,1353546,3286,卖盘
252,09:42:33,4.11,14418,35,卖盘
253,09:42:36,4.11,93297,227,卖盘
254,09:42:39,4.11,82729,201,卖盘
255,09:42:42,4.11,23849,58,卖盘
256,09:42:45,4.11,55566,135,卖盘
257,09:42:48,4.11,192765,469,卖盘
258,09:42:51,4.11,36168,88,卖盘
259,09:42:54,4.11,99873,243,卖盘
260,09:42:57,4.12,191535,466,买盘
261,09:43:00,4.11,2675562,6510,卖盘
262,09:43:03,4.11,221542,539,卖盘
263,09:43:06,4.11,73985,180,卖盘
264,09:43:09,4.12,76460,186,买盘
265,09:43:12,4.11,88376,215,卖盘
266,09:43:15,4.11,48498,118,卖盘
267,09:43:18,4.11,74498,181,卖盘
268,09:43:21,4.11,2055,5,卖盘
269,09:43:24,4.11,41512,101,卖盘
270,09:43:27,4.11,8637,21,卖盘
271,09:43:30,4.11,141875,345,卖盘
272,09:43:33,4.11,127974,311,卖盘
273,09:43:36,4.11,78684,191,卖盘
274,09:43:39,4.11,22605,55,卖盘
275,09:43:42,4.12,30488,74,买盘
276,09:43:45,4.12,1281264,3110,买盘
277,09:43:48,4.11,129241,314,卖盘
278,09:43:51,4.12,93046,226,买盘
279,09:43:54,4.12,408893,993,买盘
280,09:43:57,4.12,430850,1046,买盘
281,09:44:00,4.11,35839,87,卖盘
282,09:44:03,4.11,42767,104,卖盘
283,09:44:06,4.11,687440,1672,卖盘
284,09:44:09,4.12,85141,207,买盘
285,09:44:12,4.12,105251,256,买盘
286,09:44:15,4.11,131124,319,卖盘
287,09:44:18,4.12,434616,1055,买盘
288,09:44:21,4.11,154947,377,卖盘
289,09:44:24,4.11,191998,467,卖盘
290,09:44:27,4.12,41198,100,买盘
291,09:44:30,4.12,73718,179,买盘
292,09:44:33,4.12,168162,409,买盘
293,09:44:36,4.11,78611,191,卖盘
294,09:44:39,4.11,139891,340,卖盘
295,09:44:42,4.11,173515,422,卖盘
296,09:44:45,4.12,87198,212,买盘
297,09:44:48,4.12,79845,194,买盘
298,09:44:51,4.11,100295,244,卖盘
299,09:44:54,4.12,109787,267,买盘
300,09:44:57,4.12,6592,16,买盘
301,09:45:00,4.11,130759,318,卖盘
302,09:45:03,4.12,126023,306,买盘
303,09:45:06,4.11,162838,396,卖盘
304,09:45:09,4.12,91669,223,买盘
305,09:45:12,4.11,86745,211,卖盘
306,09:45:15,4.11,175696,427,卖盘
307,09:45:18,4.11,70750,172,卖盘
308,09:45:21,4.12,15242,37,买盘
309,09:45:24,4.11,99906,243,卖盘
310,09:45:27,4.12,151348,368,买盘
311,09:45:30,4.11,656781,1598,卖盘
312,09:45:33,4.11,79878,194,卖盘
313,09:45:36,4.11,39458,96,卖盘
314,09:45:39,4.11,9872,24,卖盘
315,09:45:42,4.11,46548,113,卖盘
316,09:45:45,4.12,700809,1701,买盘
317,09:45:48,4.12,99292,241,买盘
318,09:45:51,4.11,191913,466,卖盘
319,09:45:54,4.12,68754,167,买盘
320,09:45:57,4.12,44907,109,买盘
321,09:46:00,4.12,305693,742,买盘
322,09:46:03,4.12,25955,63,买盘
323,09:46:06,4.12,35367,86,买盘
324,09:46:09,4.11,161294,392,卖盘
325,09:46:12,4.12,69970,170,买盘
326,09:46:15,4.11,38232,93,卖盘
327,09:46:18,4.11,27170,66,卖盘
328,09:46:21,4.11,76999,187,卖盘
329,09:46:24,4.12,58409,142,买盘
330,09:46:27,4.11,16031,39,卖盘
331,09:46:30,4.12,67154,163,买盘
332,09:46:33,4.12,192030,467,买盘
333,09:46:36,4.12,62062,151,买盘
334,09:46:39,4.11,45210,110,卖盘
335,09:46:42,4.12,64262,156,买盘
336,09:46:45,4.11,91022,221,卖盘
337,09:46:48,4.12,96370,234,买盘
338,09:46:51,4.11,302087,735,卖盘
339,09:46:54,4.11,119329,290,卖盘
340,09:47:00,4.11,5343,13,卖盘
341,09:47:03,4.12,217530,528,买盘
342,09:47:06,4.11,34524,84,卖盘
343,09:47:09,4.11,72921,177,卖盘
344,09:47:12,4.11,106931,260,卖盘
345,09:47:15,4.12,112782,274,买盘
346,09:47:18,4.11,10690,26,卖盘
347,09:47:21,4.11,25071,61,卖盘
348,09:47:24,4.12,82343,200,买盘
349,09:47:27,4.11,194119,472,卖盘
350,09:47:30,4.12,369015,897,买盘
351,09:47:33,4.11,234649,570,卖盘
352,09:47:36,4.11,207419,504,卖盘
353,09:47:39,4.11,71514,174,卖盘
354,09:47:42,4.11,202908,493,卖盘
355,09:47:45,4.11,109503,266,卖盘
356,09:47:48,4.12,161235,392,买盘
357,09:47:51,4.12,231903,564,买盘
358,09:47:54,4.12,144055,350,买盘
359,09:47:57,4.12,11519,28,买盘
360,09:48:00,4.11,21783,53,卖盘
361,09:48:03,4.11,67474,164,卖盘
362,09:48:06,4.11,59211,144,卖盘
363,09:48:09,4.11,128449,312,卖盘
364,09:48:12,4.12,291816,710,买盘
365,09:48:15,4.12,122615,298,买盘
366,09:48:18,4.11,237969,579,卖盘
367,09:48:21,4.11,538234,1308,卖盘
368,09:48:24,4.11,53842,131,卖盘
369,09:48:27,4.11,122755,298,卖盘
370,09:48:30,4.12,26314,64,买盘
371,09:48:33,4.11,1233,3,卖盘
372,09:48:36,4.12,54725,133,买盘
373,09:48:39,4.12,74860,182,买盘
374,09:48:42,4.11,25488,62,卖盘
375,09:48:45,4.11,79857,194,卖盘
376,09:48:48,4.11,116751,284,卖盘
377,09:48:51,4.12,127140,309,买盘
378,09:48:54,4.11,180131,438,卖盘
379,09:48:57,4.12,80566,196,买盘
380,09:49:00,4.11,95531,232,卖盘
381,09:49:03,4.12,64184,156,买盘
382,09:49:06,4.11,99104,241,卖盘
383,09:49:09,4.11,57951,141,卖盘
384,09:49:12,4.12,149423,363,买盘
385,09:49:15,4.11,60904,148,卖盘
386,09:49:18,4.11,74042,180,卖盘
387,09:49:21,4.12,43255,105,买盘
388,09:49:24,4.11,42367,103,卖盘
389,09:49:27,4.11,73695,179,卖盘
390,09:49:30,4.11,319347,777,卖盘
391,09:49:33,4.12,286362,696,买盘
392,09:49:36,4.11,124219,302,卖盘
393,09:49:39,4.11,51786,126,卖盘
394,09:49:42,4.11,110390,268,卖盘
395,09:49:45,4.11,86386,210,卖盘
396,09:49:48,4.12,136211,331,买盘
397,09:49:51,4.11,34940,85,卖盘
398,09:49:54,4.11,83854,204,卖盘
399,09:49:57,4.12,176716,429,买盘
400,09:50:00,4.11,60832,148,卖盘
401,09:50:03,4.12,149824,364,买盘
402,09:50:06,4.12,104121,253,买盘
403,09:50:09,4.12,195831,476,买盘
404,09:50:12,4.12,22657,55,买盘
405,09:50:15,4.12,73728,179,买盘
406,09:50:18,4.11,44047,107,卖盘
407,09:50:21,4.12,64272,156,买盘
408,09:50:24,4.12,86882,211,买盘
409,09:50:27,4.12,108290,263,买盘
410,09:50:30,4.12,80286,195,买盘
411,09:50:33,4.12,98014,238,买盘
412,09:50:39,4.11,552819,1342,卖盘
413,09:50:42,4.11,91874,223,卖盘
414,09:50:45,4.12,31312,76,买盘
415,09:50:48,4.11,502442,1220,卖盘
416,09:50:51,4.12,138432,336,买盘
417,09:50:54,4.12,57248,139,买盘
418,09:50:57,4.12,534753,1299,买盘
419,09:51:00,4.12,1245723,3024,买盘
420,09:51:03,4.11,174182,423,卖盘
421,09:51:06,4.11,348798,847,卖盘
422,09:51:09,4.12,87749,213,买盘
423,09:51:12,4.11,153840,374,卖盘
424,09:51:15,4.12,250740,609,买盘
425,09:51:18,4.11,42745,104,卖盘
426,09:51:21,4.12,479526,1164,买盘
427,09:51:24,4.12,164249,399,买盘
428,09:51:27,4.12,580407,1409,买盘
429,09:51:30,4.12,381919,927,买盘
430,09:51:33,4.12,356331,865,买盘
431,09:51:36,4.11,225571,548,卖盘
432,09:51:39,4.11,283783,689,卖盘
433,09:51:42,4.11,182913,445,卖盘
434,09:51:45,4.12,149879,364,买盘
435,09:51:48,4.12,99206,241,买盘
436,09:51:51,4.12,295755,718,买盘
437,09:51:54,4.12,20412631,49545,买盘
438,09:51:57,4.13,1792689,4341,买盘
439,09:52:00,4.13,840294,2035,买盘
440,09:52:03,4.13,114355,277,买盘
441,09:52:06,4.13,39648,96,买盘
442,09:52:09,4.13,80928,196,买盘
443,09:52:12,4.13,554530,1343,买盘
444,09:52:15,4.12,119175,289,卖盘
445,09:52:18,4.13,97368,236,买盘
446,09:52:21,4.12,61829,150,卖盘
447,09:52:24,4.13,19411,47,买盘
448,09:52:27,4.13,262255,635,买盘
449,09:52:30,4.12,173125,420,卖盘
450,09:52:33,4.13,52451,127,买盘
451,09:52:36,4.12,34659,84,卖盘
452,09:52:39,4.13,45329,110,买盘
453,09:52:42,4.13,138244,335,买盘
454,09:52:45,4.13,144309,350,买盘
455,09:52:48,4.12,146108,354,卖盘
456,09:52:51,4.12,72567,176,卖盘
457,09:52:54,4.12,65569,159,卖盘
458,09:52:57,4.12,8654,21,卖盘
459,09:53:00,4.12,138348,335,卖盘
460,09:53:03,4.12,37168,90,卖盘
461,09:53:06,4.13,12803,31,买盘
462,09:53:09,4.12,62624,152,卖盘
463,09:53:12,4.12,65928,160,卖盘
464,09:53:15,4.12,212610,515,卖盘
465,09:53:18,4.12,190884,463,卖盘
466,09:53:21,4.13,51093,124,买盘
467,09:53:24,4.13,48298,117,买盘
468,09:53:27,4.12,47380,115,卖盘
469,09:53:30,4.13,88382,214,买盘
470,09:53:33,4.13,31343,76,买盘
471,09:53:36,4.13,250091,607,买盘
472,09:53:39,4.12,28053,68,卖盘
473,09:53:42,4.13,89620,217,买盘
474,09:53:45,4.13,41710,101,买盘
475,09:53:48,4.12,74596,181,卖盘
476,09:53:51,4.13,122661,297,买盘
477,09:53:54,4.12,63914,155,卖盘
478,09:53:57,4.13,156326,379,买盘
479,09:54:00,4.12,135336,328,卖盘
480,09:54:03,4.12,94798,230,卖盘
481,09:54:06,4.13,98070,238,买盘
482,09:54:09,4.13,83312,202,买盘
483,09:54:12,4.13,49147,119,买盘
484,09:54:15,4.12,173136,420,卖盘
485,09:54:18,4.13,86638,210,买盘
486,09:54:21,4.12,110117,267,卖盘
487,09:54:24,4.12,129950,315,卖盘
488,09:54:27,4.13,193807,470,买盘
489,09:54:30,4.12,31337,76,卖盘
490,09:54:33,4.13,19373,47,买盘
491,09:54:36,4.13,80866,196,买盘
492,09:54:39,4.12,79209,192,卖盘
493,09:54:42,4.12,117234,284,卖盘
494,09:54:45,4.12,157116,381,卖盘
495,09:54:48,4.12,152529,370,卖盘
496,09:54:51,4.12,152440,370,卖盘
497,09:54:54,4.12,106710,259,卖盘
498,09:54:57,4.13,79155,192,买盘
499,09:55:00,4.12,86933,211,卖盘
500,09:55:03,4.12,11545,28,卖盘
501,09:55:09,4.13,20691,50,买盘
502,09:55:12,4.13,2065,5,买盘
503,09:55:15,4.13,69286,168,买盘
504,09:55:18,4.13,144963,351,买盘
505,09:55:21,4.12,134099,325,卖盘
506,09:55:24,4.12,289724,703,卖盘
507,09:55:27,4.12,209562,508,卖盘
508,09:55:30,4.13,232260,563,买盘
509,09:55:33,4.12,121255,294,卖盘
510,09:55:36,4.13,119704,290,买盘
511,09:55:39,4.13,100696,244,买盘
512,09:55:42,4.13,302331,733,买盘
513,09:55:45,4.13,51212,124,买盘
514,09:55:48,4.13,1801093,4361,买盘
515,09:55:51,4.13,320854,777,买盘
516,09:55:54,4.13,99946,242,买盘
517,09:55:57,4.12,119311,289,卖盘
518,09:56:00,4.12,65623,159,卖盘
519,09:56:03,4.13,755104,1829,买盘
520,09:56:06,4.13,468307,1134,买盘
521,09:56:09,4.12,169158,410,卖盘
522,09:56:12,4.13,99942,242,买盘
523,09:56:15,4.13,131650,319,买盘
524,09:56:18,4.13,91261,221,买盘
525,09:56:21,4.13,26788,65,买盘
526,09:56:24,4.13,81746,198,买盘
527,09:56:27,4.12,62295,151,卖盘
528,09:56:30,4.12,1430110,3464,卖盘
529,09:56:33,4.13,1134973,2749,买盘
530,09:56:36,4.12,144074,349,卖盘
531,09:56:39,4.12,137880,334,卖盘
532,09:56:42,4.13,91237,221,买盘
533,09:56:45,4.12,276531,671,卖盘
534,09:56:48,4.12,71832,174,卖盘
535,09:56:51,4.13,67261,163,买盘
536,09:56:54,4.12,52346,127,卖盘
537,09:56:57,4.12,133203,323,卖盘
538,09:57:00,4.12,56856,138,卖盘
539,09:57:03,4.12,390554,946,卖盘
540,09:57:06,4.12,207547,503,卖盘
541,09:57:09,4.12,127336,309,卖盘
542,09:57:12,4.12,104851,254,卖盘
543,09:57:15,4.12,143898,349,卖盘
544,09:57:18,4.13,127007,308,买盘
545,09:57:21,4.13,135249,328,买盘
546,09:57:24,4.13,96202,233,买盘
547,09:57:27,4.12,291381,706,卖盘
548,09:57:30,4.12,231470,561,卖盘
549,09:57:33,4.13,103548,251,买盘
550,09:57:36,4.12,101979,247,卖盘
551,09:57:39,4.13,182983,444,买盘
552,09:57:42,4.12,94112,228,卖盘
553,09:57:45,4.12,51094,124,卖盘
554,09:57:48,4.13,37583,91,买盘
555,09:57:51,4.12,157491,382,卖盘
556,09:57:54,4.12,66360,161,卖盘
557,09:57:57,4.12,72607,176,卖盘
558,09:58:00,4.12,8656,21,卖盘
559,09:58:03,4.13,189831,460,买盘
560,09:58:06,4.12,132960,322,卖盘
561,09:58:09,4.12,101034,245,卖盘
562,09:58:12,4.12,89950,218,卖盘
563,09:58:15,4.13,172221,417,买盘
564,09:58:18,4.13,194727,472,买盘
565,09:58:21,4.13,118116,286,买盘
566,09:58:24,4.12,43692,106,卖盘
567,09:58:27,4.13,66855,162,买盘
568,09:58:30,4.12,303124,734,卖盘
569,09:58:33,4.13,193695,469,买盘
570,09:58:36,4.13,168828,409,买盘
571,09:58:39,4.13,651639,1578,买盘
572,09:58:42,4.12,220730,535,卖盘
573,09:58:45,4.12,81723,198,卖盘
574,09:58:48,4.13,275825,668,买盘
575,09:58:51,4.13,101554,246,买盘
576,09:58:54,4.13,65666,159,买盘
577,09:58:57,4.13,463239,1122,买盘
578,09:59:00,4.12,208664,506,卖盘
579,09:59:03,4.13,108155,262,买盘
580,09:59:06,4.13,92023,223,买盘
581,09:59:09,4.12,223335,541,卖盘
582,09:59:12,4.13,39985,97,买盘
583,09:59:15,4.13,157957,383,买盘
584,09:59:18,4.12,213327,517,卖盘
585,09:59:21,4.12,172767,419,卖盘
586,09:59:24,4.13,60209,146,买盘
587,09:59:27,4.12,160869,390,卖盘
588,09:59:30,4.12,62340,151,卖盘
589,09:59:33,4.12,326648,791,卖盘
590,09:59:36,4.12,128291,311,卖盘
591,09:59:39,4.12,106878,259,卖盘
592,09:59:42,4.13,160153,388,买盘
593,09:59:45,4.13,99847,242,买盘
594,09:59:48,4.12,164342,398,卖盘
595,09:59:51,4.13,60263,146,买盘
596,09:59:54,4.13,134585,326,买盘
597,09:59:57,4.13,199609,484,买盘
598,10:00:00,4.12,65929,160,卖盘
599,10:00:03,4.13,140278,340,买盘
600,10:00:06,4.12,71711,174,卖盘
601,10:00:09,4.13,77074,187,买盘
602,10:00:12,4.12,281403,682,卖盘
603,10:00:15,4.12,162646,394,卖盘
604,10:00:18,4.12,306811,744,卖盘
605,10:00:21,4.13,18166,44,买盘
606,10:00:24,4.13,134975,327,买盘
607,10:00:27,4.12,200504,486,卖盘
608,10:00:30,4.13,48726,118,买盘
609,10:00:33,4.12,289485,702,卖盘
610,10:00:36,4.12,193039,468,卖盘
611,10:00:39,4.12,184773,448,卖盘
612,10:00:42,4.12,65921,160,卖盘
613,10:00:45,4.12,379999,922,卖盘
614,10:00:48,4.13,370681,898,买盘
615,10:00:51,4.12,203722,494,卖盘
616,10:00:54,4.13,73345,178,买盘
617,10:00:57,4.12,91464,222,卖盘
618,10:01:00,4.13,364733,885,买盘
619,10:01:03,4.13,63893,155,买盘
620,10:01:06,4.12,68856,167,卖盘
621,10:01:09,4.13,75421,183,买盘
622,10:01:12,4.12,54384,132,卖盘
623,10:01:15,4.13,69734,169,买盘
624,10:01:18,4.13,54516,132,买盘
625,10:01:24,4.12,65102,158,卖盘
626,10:01:27,4.13,7420,18,买盘
627,10:01:30,4.12,83332,202,卖盘
628,10:01:33,4.13,7014,17,买盘
629,10:01:36,4.12,61811,150,卖盘
630,10:01:39,4.12,88168,214,卖盘
631,10:01:42,4.12,52028,126,卖盘
632,10:01:45,4.13,28860,70,买盘
633,10:01:48,4.13,54821,133,买盘
634,10:01:51,4.12,80340,195,卖盘
635,10:01:54,4.12,35490,86,卖盘
636,10:01:57,4.13,76818,186,买盘
637,10:02:00,4.12,57275,139,卖盘
638,10:02:03,4.13,161107,391,买盘
639,10:02:06,4.12,18540,45,卖盘
640,10:02:09,4.13,115954,281,买盘
641,10:02:12,4.12,52017,126,卖盘
642,10:02:15,4.13,42952,104,买盘
643,10:02:18,4.13,21475,52,买盘
644,10:02:21,4.12,10712,26,卖盘
645,10:02:24,4.12,63562,154,卖盘
646,10:02:27,4.12,42436,103,卖盘
647,10:02:30,4.13,80875,196,买盘
648,10:02:33,4.12,85284,207,卖盘
649,10:02:36,4.13,45017,109,买盘
650,10:02:39,4.12,66489,161,卖盘
651,10:02:42,4.13,30492,74,买盘
652,10:02:45,4.12,427245,1037,卖盘
653,10:02:48,4.12,42436,103,卖盘
654,10:02:51,4.12,21053,51,卖盘
655,10:02:54,4.12,3708,9,卖盘
656,10:02:57,4.12,52324,127,卖盘
657,10:03:00,4.12,39185,95,卖盘
658,10:03:03,4.12,34245,83,卖盘
659,10:03:06,4.12,37961,92,卖盘
660,10:03:09,4.12,69250,168,卖盘
661,10:03:12,4.12,4279451,10387,卖盘
662,10:03:15,4.12,169089,410,卖盘
663,10:03:18,4.12,292110,709,卖盘
664,10:03:21,4.12,8660,21,卖盘
665,10:03:24,4.12,127308,309,卖盘
666,10:03:27,4.12,732540,1778,卖盘
667,10:03:30,4.12,544252,1321,卖盘
668,10:03:33,4.13,267393,649,买盘
669,10:03:36,4.12,30900,75,卖盘
670,10:03:39,4.12,65508,159,卖盘
671,10:03:42,4.13,62775,152,买盘
672,10:03:45,4.12,113713,276,卖盘
673,10:03:48,4.13,701225,1702,买盘
674,10:03:51,4.12,17318,42,卖盘
675,10:03:54,4.13,121141,294,买盘
676,10:03:57,4.12,77067,187,卖盘
677,10:04:00,4.12,208888,507,卖盘
678,10:04:03,4.13,217581,528,买盘
679,10:04:06,4.12,61800,150,卖盘
680,10:04:09,4.12,412,1,卖盘
681,10:04:12,4.12,304056,738,卖盘
682,10:04:15,4.12,10300,25,卖盘
683,10:04:18,4.13,232369,564,买盘
684,10:04:21,4.12,101401,246,卖盘
685,10:04:24,4.12,60976,148,卖盘
686,10:04:27,4.12,3716,9,卖盘
687,10:04:30,4.12,63040,153,卖盘
688,10:04:33,4.13,31774,77,买盘
689,10:04:36,4.13,35496,86,买盘
690,10:04:39,4.13,2891,7,买盘
691,10:04:42,4.13,60981,148,买盘
692,10:04:45,4.13,21871,53,买盘
693,10:04:48,4.13,6195,15,买盘
694,10:04:51,4.12,124012,301,卖盘
695,10:04:54,4.13,42125,102,买盘
696,10:04:57,4.12,69664,169,卖盘
697,10:05:00,4.13,113089,274,买盘
698,10:05:03,4.13,583451,1416,买盘
699,10:05:06,4.12,68423,166,卖盘
700,10:05:09,4.12,36672,89,卖盘
701,10:05:12,4.12,49028,119,卖盘
702,10:05:15,4.12,59328,144,卖盘
703,10:05:18,4.12,19364,47,卖盘
704,10:05:21,4.12,67570,164,卖盘
705,10:05:24,4.12,125818,305,卖盘
706,10:05:27,4.12,118657,288,卖盘
707,10:05:30,4.13,42098,102,买盘
708,10:05:33,4.13,133184,323,买盘
709,10:05:36,4.13,11544,28,买盘
710,10:05:39,4.13,29323,71,买盘
711,10:05:42,4.13,35042,85,买盘
712,10:05:45,4.13,20640,50,买盘
713,10:05:51,4.12,36258,88,卖盘
714,10:05:54,4.12,81297,197,卖盘
715,10:05:57,4.12,45733,111,卖盘
716,10:06:00,4.12,19365,47,卖盘
717,10:06:03,4.13,115444,280,买盘
718,10:06:06,4.12,92288,224,卖盘
719,10:06:09,4.12,32143,78,卖盘
720,10:06:12,4.13,46610,113,买盘
721,10:06:15,4.12,23108,56,卖盘
722,10:06:18,4.13,31379,76,买盘
723,10:06:21,4.12,69272,168,卖盘
724,10:06:24,4.12,60281,146,卖盘
725,10:06:27,4.12,352953,856,卖盘
726,10:06:30,4.13,126293,306,买盘
727,10:06:33,4.12,37159,90,卖盘
728,10:06:36,4.12,128244,311,卖盘
729,10:06:39,4.13,195290,474,买盘
730,10:06:42,4.12,47386,115,卖盘
731,10:06:45,4.12,174464,423,卖盘
732,10:06:48,4.13,2888,7,买盘
733,10:06:51,4.12,26385,64,卖盘
734,10:06:54,4.12,683096,1658,卖盘
735,10:06:57,4.12,25960,63,卖盘
736,10:07:00,4.12,135290,328,卖盘
737,10:07:03,4.12,149169,362,卖盘
738,10:07:06,4.12,19777,48,卖盘
739,10:07:09,4.12,164206,398,卖盘
740,10:07:12,4.12,82830,201,卖盘
741,10:07:15,4.13,124126,301,买盘
742,10:07:18,4.12,757531,1835,卖盘
743,10:07:21,4.12,103000,250,卖盘
744,10:07:24,4.12,38736,94,卖盘
745,10:07:27,4.13,63505,154,买盘
746,10:07:30,4.12,40808,99,卖盘
747,10:07:33,4.12,117420,285,卖盘
748,10:07:36,4.12,10968676,26623,卖盘
749,10:07:39,4.12,3032735,7361,卖盘
750,10:07:42,4.12,875116,2124,卖盘
751,10:07:45,4.12,1539232,3736,卖盘
752,10:07:48,4.12,228248,554,卖盘
753,10:07:51,4.12,543571,1319,卖盘
754,10:07:54,4.12,980668,2380,卖盘
755,10:07:57,4.12,309004,750,卖盘
756,10:08:00,4.12,665792,1616,卖盘
757,10:08:03,4.12,60976,148,卖盘
758,10:08:06,4.12,200232,486,卖盘
759,10:08:09,4.12,187922,456,卖盘
760,10:08:12,4.12,51912,126,卖盘
761,10:08:15,4.12,290460,705,卖盘
762,10:08:18,4.12,57680,140,卖盘
763,10:08:21,4.12,228251,554,卖盘
764,10:08:24,4.12,1442009,3500,卖盘
765,10:08:27,4.12,2875356,6979,卖盘
766,10:08:30,4.12,1104127,2681,买盘
767,10:08:33,4.12,24714,60,买盘
768,10:08:36,4.11,192756,468,卖盘
769,10:08:39,4.11,13153,32,卖盘
770,10:08:42,4.12,32960,80,买盘
771,10:08:45,4.12,2884,7,买盘
772,10:08:48,4.11,29182,71,卖盘
773,10:08:51,4.12,120705,293,买盘
774,10:08:54,4.12,10711,26,买盘
775,10:08:57,4.12,145087,353,买盘
776,10:09:00,4.12,30851,75,买盘
777,10:09:03,4.12,120676,293,买盘
778,10:09:06,4.11,48504,118,卖盘
779,10:09:09,4.12,34544,84,买盘
780,10:09:12,4.11,4110,10,卖盘
781,10:09:15,4.11,79764,194,卖盘
782,10:09:18,4.12,7402,18,买盘
783,10:09:21,4.11,147138,358,卖盘
784,10:09:24,4.11,176740,430,卖盘
785,10:09:27,4.11,15619,38,卖盘
786,10:09:30,4.12,242217,588,买盘
787,10:09:36,4.11,76857,187,卖盘
788,10:09:39,4.12,100911,245,买盘
789,10:09:42,4.11,165643,403,卖盘
790,10:09:45,4.11,35766,87,卖盘
791,10:09:48,4.11,26304,64,卖盘
792,10:09:51,4.12,244425,594,买盘
793,10:09:54,4.11,19733,48,卖盘
794,10:09:57,4.11,411,1,卖盘
795,10:10:00,4.11,3288,8,卖盘
796,10:10:03,4.11,23895,58,卖盘
797,10:10:06,4.11,473904,1153,卖盘
798,10:10:09,4.11,235931,574,卖盘
799,10:10:12,4.11,65779,160,卖盘
800,10:10:15,4.12,93112,226,买盘
801,10:10:18,4.11,71941,175,卖盘
802,10:10:21,4.12,15212,37,买盘
803,10:10:24,4.11,10692,26,卖盘
804,10:10:27,4.12,7416,18,买盘
805,10:10:30,4.12,113856,277,买盘
806,10:10:33,4.11,135658,330,卖盘
807,10:10:36,4.11,33291,81,卖盘
808,10:10:39,4.12,13595,33,买盘
809,10:10:42,4.12,37402,91,买盘
810,10:10:45,4.12,4944,12,买盘
811,10:10:48,4.11,11510,28,卖盘
812,10:10:51,4.12,22198,54,买盘
813,10:10:54,4.12,22218,54,买盘
814,10:10:57,4.11,76035,185,卖盘
815,10:11:00,4.12,33295,81,买盘
816,10:11:03,4.12,25953,63,买盘
817,10:11:06,4.12,25955,63,买盘
818,10:11:09,4.12,31261,76,买盘
819,10:11:12,4.11,3288,8,卖盘
820,10:11:15,4.12,34937,85,买盘
821,10:11:18,4.11,2466,6,卖盘
822,10:11:21,4.11,67827,165,卖盘
823,10:11:24,4.11,360044,876,卖盘
824,10:11:27,4.11,1644,4,卖盘
825,10:11:30,4.11,421686,1026,卖盘
826,10:11:33,4.12,42346,103,买盘
827,10:11:36,4.11,14385,35,卖盘
828,10:11:39,4.11,26308,64,卖盘
829,10:11:42,4.11,12741,31,卖盘
830,10:11:45,4.12,4119,10,买盘
831,10:11:48,4.12,115561,281,买盘
832,10:11:51,4.11,9864,24,卖盘
833,10:11:54,4.11,411,1,卖盘
834,10:11:57,4.11,411,1,卖盘
835,10:12:00,4.12,108123,263,买盘
836,10:12:03,4.11,222457,541,卖盘
837,10:12:06,4.11,180943,440,卖盘
838,10:12:09,4.11,104805,255,卖盘
839,10:12:12,4.11,52658,128,卖盘
840,10:12:15,4.11,62883,153,卖盘
841,10:12:18,4.12,32508,79,买盘
842,10:12:21,4.11,54256,132,卖盘
843,10:12:24,4.11,70286,171,卖盘
844,10:12:27,4.11,70282,171,卖盘
845,10:12:30,4.11,34580,84,卖盘
846,10:12:33,4.12,609939,1484,买盘
847,10:12:36,4.11,19730,48,卖盘
848,10:12:39,4.11,209214,509,卖盘
849,10:12:42,4.11,3699,9,卖盘
850,10:12:45,4.11,23030,56,卖盘
851,10:12:48,4.11,18504,45,卖盘
852,10:12:51,4.11,11531,28,卖盘
853,10:12:54,4.11,28796,70,卖盘
854,10:12:57,4.11,14831,36,卖盘
855,10:13:00,4.11,70838,172,卖盘
856,10:13:03,4.11,85228,207,卖盘
857,10:13:06,4.11,282096,685,卖盘
858,10:13:09,4.11,336762,819,卖盘
859,10:13:15,4.12,62211,151,买盘
860,10:13:18,4.12,37833,92,买盘
861,10:13:21,4.12,6175,15,买盘
862,10:13:24,4.12,11936672,28973,买盘
863,10:13:27,4.12,3049416,7402,买盘
864,10:13:30,4.12,757115,1838,买盘
865,10:13:33,4.12,16068,39,买盘
866,10:13:36,4.12,7004,17,买盘
867,10:13:39,4.12,42773,104,买盘
868,10:13:42,4.12,381512,926,买盘
869,10:13:45,4.12,512934,1245,买盘
870,10:13:48,4.12,303630,737,买盘
871,10:13:51,4.12,171807,417,买盘
872,10:13:54,4.12,517896,1257,卖盘
873,10:13:57,4.13,85315,207,买盘
874,10:14:00,4.12,212636,516,卖盘
875,10:14:03,4.12,2507080,6085,卖盘
876,10:14:06,4.12,528537,1283,买盘
877,10:14:09,4.12,183570,446,卖盘
878,10:14:12,4.11,47283,115,卖盘
879,10:14:15,4.12,85277,207,买盘
880,10:14:18,4.12,327126,794,买盘
881,10:14:21,4.12,9456,23,买盘
882,10:14:24,4.13,99296,241,买盘
883,10:14:27,4.12,307772,747,卖盘
884,10:14:30,4.12,153676,373,卖盘
885,10:14:33,4.13,16082,39,买盘
886,10:14:36,4.12,234840,570,卖盘
887,10:14:39,4.13,23906,58,买盘
888,10:14:42,4.12,10300,25,卖盘
889,10:14:45,4.12,150415,365,卖盘
890,10:14:48,4.12,53972,131,卖盘
891,10:14:51,4.12,138021,335,卖盘
892,10:14:54,4.12,25132,61,卖盘
893,10:14:57,4.13,26795,65,买盘
894,10:15:03,4.12,63038,153,卖盘
895,10:15:06,4.12,16068,39,卖盘
896,10:15:09,4.12,49053,119,卖盘
897,10:15:12,4.13,932350,2263,买盘
898,10:15:15,4.12,374357,909,中性盘
899,10:15:18,4.12,340234,826,卖盘
900,10:15:21,4.11,117733,286,卖盘
901,10:15:24,4.12,60952,148,买盘
902,10:15:27,4.13,28432,69,买盘
903,10:15:30,4.12,105464,256,卖盘
904,10:15:33,4.12,125142,304,买盘
905,10:15:36,4.12,85655,208,买盘
906,10:15:39,4.11,37828,92,卖盘
907,10:15:42,4.12,28419,69,买盘
908,10:15:45,4.12,196592,478,买盘
909,10:15:48,4.12,32059,78,买盘
910,10:15:51,4.11,28783,70,卖盘
911,10:15:54,4.12,21002,51,买盘
912,10:15:57,4.12,13178,32,买盘
913,10:16:00,4.12,21011,51,买盘
914,10:16:03,4.11,72800,177,卖盘
915,10:16:06,4.11,61326,149,卖盘
916,10:16:09,4.12,114796,279,买盘
917,10:16:12,4.12,88168,214,买盘
918,10:16:15,4.12,49754,121,买盘
919,10:16:18,4.12,152835,371,买盘
920,10:16:21,4.12,76621,186,买盘
921,10:16:24,4.12,1385967,3364,买盘
922,10:16:27,4.12,45731,111,买盘
923,10:16:30,4.12,165849,403,买盘
924,10:16:33,4.11,122532,298,卖盘
925,10:16:36,4.11,27952,68,卖盘
926,10:16:42,4.12,60151,146,买盘
927,10:16:45,4.11,179760,437,卖盘
928,10:16:48,4.12,21012,51,买盘
929,10:16:51,4.12,21012,51,买盘
930,10:16:54,4.12,5768,14,买盘
931,10:16:57,4.11,145803,354,卖盘
932,10:17:00,4.12,41612,101,买盘
933,10:17:03,4.12,675995,1641,买盘
934,10:17:06,4.12,39140,95,买盘
935,10:17:09,4.12,12354,30,买盘
936,10:17:12,4.11,822823,2002,卖盘
937,10:17:15,4.11,13182,32,卖盘
938,10:17:18,4.12,7416,18,买盘
939,10:17:21,4.12,18952,46,买盘
940,10:17:24,4.12,4532,11,买盘
941,10:17:27,4.11,904200,2200,卖盘
942,10:17:33,4.11,8220,20,卖盘
943,10:17:36,4.12,64684,157,买盘
944,10:17:39,4.11,43155,105,卖盘
945,10:17:42,4.12,27550,67,买盘
946,10:17:45,4.12,48932,119,买盘
947,10:17:48,4.11,15211,37,卖盘
948,10:17:51,4.12,36209,88,买盘
949,10:17:54,4.11,27571,67,卖盘
950,10:17:57,4.12,16461,40,买盘
951,10:18:00,4.11,22197,54,卖盘
952,10:18:03,4.12,27545,67,买盘
953,10:18:06,4.11,3699,9,卖盘
954,10:18:09,4.11,209299,509,卖盘
955,10:18:12,4.12,37413,91,买盘
956,10:18:15,4.12,4532,11,买盘
957,10:18:18,4.11,175908,428,卖盘
958,10:18:21,4.12,53039,129,买盘
959,10:18:24,4.12,68796,167,买盘
960,10:18:27,4.12,336987,818,买盘
961,10:18:30,4.12,85495,208,买盘
962,10:18:33,4.12,780546,1899,买盘
963,10:18:36,4.12,97448,237,买盘
964,10:18:39,4.12,252376,614,买盘
965,10:18:42,4.11,45644,111,卖盘
966,10:18:45,4.12,68365,166,买盘
967,10:18:48,4.11,156196,380,卖盘
968,10:18:51,4.11,46060,112,卖盘
969,10:18:54,4.12,264294,643,买盘
970,10:18:57,4.12,1204202,2923,买盘
971,10:19:00,4.11,192450,468,卖盘
972,10:19:03,4.12,46862,114,买盘
973,10:19:06,4.11,4525,11,卖盘
974,10:19:09,4.11,23433,57,卖盘
975,10:19:12,4.12,62615,152,买盘
976,10:19:15,4.12,91677,223,买盘
977,10:19:18,4.12,992476,2409,买盘
978,10:19:21,4.11,325289,791,卖盘
979,10:19:24,4.11,63733,155,卖盘
980,10:19:27,4.11,87543,213,卖盘
981,10:19:30,4.11,70771,172,卖盘
982,10:19:33,4.12,47359,115,买盘
983,10:19:36,4.12,74458,181,买盘
984,10:19:39,4.12,35394,86,买盘
985,10:19:42,4.12,11527,28,买盘
986,10:19:45,4.11,50643,123,卖盘
987,10:19:48,4.11,24263,59,卖盘
988,10:19:51,4.11,95829,233,卖盘
989,10:19:54,4.11,17673,43,卖盘
990,10:19:57,4.11,41100,100,卖盘
991,10:20:00,4.11,37838,92,卖盘
992,10:20:03,4.11,4521,11,卖盘
993,10:20:06,4.12,23030,56,买盘
994,10:20:09,4.12,24710,60,买盘
995,10:20:12,4.12,6172,15,买盘
996,10:20:15,4.11,73989,180,卖盘
997,10:20:18,4.12,106557,259,买盘
998,10:20:21,4.12,19329,47,买盘
999,10:20:24,4.11,1233,3,卖盘
1000,10:20:27,4.12,2059,5,买盘
1001,10:20:30,4.12,22204,54,买盘
1002,10:20:33,4.12,112738,274,买盘
1003,10:20:36,4.11,72871,177,卖盘
1004,10:20:39,4.12,85545,208,买盘
1005,10:20:42,4.11,42777,104,卖盘
1006,10:20:45,4.11,32076,78,卖盘
1007,10:20:48,4.11,7405,18,卖盘
1008,10:20:51,4.11,411,1,卖盘
1009,10:20:54,4.11,3295,8,卖盘
1010,10:20:57,4.11,13152,32,卖盘
1011,10:21:00,4.11,87954,214,卖盘
1012,10:21:03,4.11,50553,123,卖盘
1013,10:21:06,4.11,18084,44,卖盘
1014,10:21:09,4.12,579515,1410,买盘
1015,10:21:12,4.11,159879,389,卖盘
1016,10:21:15,4.11,18084,44,卖盘
1017,10:21:18,4.12,21421,52,买盘
1018,10:21:21,4.11,85494,208,卖盘
1019,10:21:24,4.11,16029,39,卖盘
1020,10:21:27,4.11,37000,90,卖盘
1021,10:21:30,4.12,30456,74,买盘
1022,10:21:33,4.12,27952,68,买盘
1023,10:21:36,4.12,25947,63,买盘
1024,10:21:39,4.11,15207,37,卖盘
1025,10:21:42,4.12,8647,21,买盘
1026,10:21:45,4.11,49375,120,卖盘
1027,10:21:48,4.11,100284,244,卖盘
1028,10:21:51,4.11,27130,66,卖盘
1029,10:21:54,4.11,414296,1008,卖盘
1030,10:21:57,4.11,105273,256,卖盘
1031,10:22:00,4.11,112621,274,卖盘
1032,10:22:03,4.11,113847,277,卖盘
1033,10:22:06,4.11,85492,208,卖盘
1034,10:22:09,4.11,11919,29,卖盘
1035,10:22:12,4.11,3703,9,卖盘
1036,10:22:15,4.11,95788,233,卖盘
1037,10:22:18,4.11,15618,38,卖盘
1038,10:22:21,4.11,10686,26,卖盘
1039,10:22:24,4.11,6576,16,卖盘
1040,10:22:27,4.11,13977,34,卖盘
1041,10:22:30,4.11,100699,245,卖盘
1042,10:22:33,4.12,18091,44,买盘
1043,10:22:36,4.11,47676,116,卖盘
1044,10:22:39,4.11,547093,1331,卖盘
1045,10:22:42,4.12,137292,334,买盘
1046,10:22:45,4.12,20572,50,买盘
1047,10:22:48,4.12,53854,131,买盘
1048,10:22:51,4.12,11105,27,买盘
1049,10:22:54,4.11,411,1,卖盘
1050,10:22:57,4.11,45621,111,卖盘
1051,10:23:00,4.12,437882,1063,买盘
1052,10:23:03,4.11,111792,272,卖盘
1053,10:23:06,4.11,109338,266,卖盘
1054,10:23:09,4.11,707335,1721,卖盘
1055,10:23:12,4.12,110154,268,买盘
1056,10:23:15,4.12,44877,109,买盘
1057,10:23:18,4.11,285734,694,卖盘
1058,10:23:21,4.12,154967,377,买盘
1059,10:23:24,4.12,2190252,5329,买盘
1060,10:23:27,4.12,190812,464,买盘
1061,10:23:30,4.12,57215,139,买盘
1062,10:23:33,4.11,136524,332,卖盘
1063,10:23:36,4.11,8631,21,卖盘
1064,10:23:39,4.12,163792,398,买盘
1065,10:23:42,4.12,934552,2269,买盘
1066,10:23:45,4.12,259096,629,买盘
1067,10:23:48,4.11,5754,14,卖盘
1068,10:23:51,4.12,2059,5,买盘
1069,10:23:54,4.11,18495,45,卖盘
1070,10:23:57,4.11,4110,10,卖盘
1071,10:24:00,4.11,56733,138,卖盘
1072,10:24:03,4.11,5754,14,卖盘
1073,10:24:06,4.12,49012,119,买盘
1074,10:24:09,4.11,75628,184,卖盘
1075,10:24:12,4.11,55074,134,卖盘
1076,10:24:15,4.12,23434,57,买盘
1077,10:24:18,4.12,192794,469,买盘
1078,10:24:21,4.11,62472,152,卖盘
1079,10:24:24,4.11,32880,80,卖盘
1080,10:24:27,4.12,2059,5,买盘
1081,10:24:30,4.11,179620,437,卖盘
1082,10:24:33,4.11,133575,325,卖盘
1083,10:24:36,4.11,297975,725,卖盘
1084,10:24:39,4.11,10287,25,卖盘
1085,10:24:42,4.11,20961,51,卖盘
1086,10:24:45,4.11,167277,407,卖盘
1087,10:24:48,4.11,68334,166,卖盘
1088,10:24:51,4.11,118368,288,卖盘
1089,10:24:54,4.11,21378,52,卖盘
1090,10:24:57,4.11,11101,27,卖盘
1091,10:25:00,4.11,18495,45,卖盘
1092,10:25:03,4.12,4525,11,买盘
1093,10:25:06,4.11,255240,621,卖盘
1094,10:25:09,4.12,66994,163,买盘
1095,10:25:12,4.11,28373,69,卖盘
1096,10:25:15,4.11,56307,137,卖盘
1097,10:25:18,4.11,31647,77,卖盘
1098,10:25:21,4.11,17280,42,卖盘
1099,10:25:24,4.12,18952,46,买盘
1100,10:25:27,4.11,57547,140,卖盘
1101,10:25:30,4.12,43579,106,买盘
1102,10:25:33,4.11,3699,9,卖盘
1103,10:25:36,4.11,18127,44,卖盘
1104,10:25:39,4.12,28840,70,买盘
1105,10:25:42,4.12,1648,4,买盘
1106,10:25:45,4.11,14827,36,卖盘
1107,10:25:48,4.11,46854,114,卖盘
1108,10:25:51,4.11,74930,182,卖盘
1109,10:25:54,4.12,16477,40,买盘
1110,10:25:57,4.12,129660,315,买盘
1111,10:26:00,4.11,57152,139,卖盘
1112,10:26:03,4.12,47683,116,买盘
1113,10:26:06,4.12,19331,47,买盘
1114,10:26:09,4.11,315648,768,卖盘
1115,10:26:12,4.12,44084,107,买盘
1116,10:26:15,4.11,110970,270,卖盘
1117,10:26:18,4.11,6994,17,卖盘
1118,10:26:21,4.11,113928,277,卖盘
1119,10:26:24,4.12,63313,154,买盘
1120,10:26:27,4.11,38223,93,卖盘
1121,10:26:30,4.11,25071,61,卖盘
1122,10:26:33,4.12,84777,206,买盘
1123,10:26:36,4.12,16043,39,买盘
1124,10:26:39,4.12,50602,123,买盘
1125,10:26:42,4.12,1648,4,买盘
1126,10:26:45,4.11,2881,7,卖盘
1127,10:26:48,4.11,96585,235,卖盘
1128,10:26:51,4.11,47265,115,卖盘
1129,10:26:54,4.12,53023,129,买盘
1130,10:26:57,4.12,112859,274,买盘
1131,10:27:00,4.11,30414,74,卖盘
1132,10:27:03,4.11,6987,17,卖盘
1133,10:27:09,4.11,1234,3,卖盘
1134,10:27:12,4.11,28777,70,卖盘
1135,10:27:15,4.12,87344,212,买盘
1136,10:27:18,4.12,32068,78,买盘
1137,10:27:21,4.11,103161,251,卖盘
1138,10:27:24,4.11,16440,40,卖盘
1139,10:27:27,4.12,14399,35,买盘
1140,10:27:30,4.12,1234,3,买盘
1141,10:27:33,4.12,61656,150,买盘
1142,10:27:36,4.12,69988,170,买盘
1143,10:27:39,4.11,85949,209,卖盘
1144,10:27:42,4.11,22609,55,卖盘
1145,10:27:45,4.12,2896798,7048,买盘
1146,10:27:48,4.12,107529,261,买盘
1147,10:27:51,4.12,135301,329,买盘
1148,10:27:54,4.12,165868,403,买盘
1149,10:27:57,4.11,822,2,卖盘
1150,10:28:00,4.12,7818,19,买盘
1151,10:28:03,4.12,4944,12,买盘
1152,10:28:06,4.12,66314,161,买盘
1153,10:28:09,4.12,1648,4,买盘
1154,10:28:12,4.12,114004,277,买盘
1155,10:28:18,4.12,91048,221,买盘
1156,10:28:21,4.12,17301,42,买盘
1157,10:28:24,4.12,22660,55,买盘
1158,10:28:27,4.11,1235,3,卖盘
1159,10:28:30,4.12,90228,219,买盘
1160,10:28:33,4.12,6993,17,买盘
1161,10:28:36,4.12,11534,28,买盘
1162,10:28:39,4.12,4117,10,买盘
1163,10:28:42,4.11,54362,132,卖盘
1164,10:28:45,4.12,13184,32,买盘
1165,10:28:48,4.11,78250,190,卖盘
1166,10:28:51,4.12,111084,270,买盘
1167,10:28:54,4.12,9474,23,买盘
1168,10:28:57,4.11,53551,130,卖盘
1169,10:29:00,4.11,50240,122,卖盘
1170,10:29:03,4.11,22200,54,卖盘
1171,10:29:06,4.11,86923,211,卖盘
1172,10:29:09,4.11,106864,260,卖盘
1173,10:29:12,4.12,203130,494,买盘
1174,10:29:15,4.11,11114,27,卖盘
1175,10:29:18,4.12,5768,14,买盘
1176,10:29:21,4.11,95137,231,卖盘
1177,10:29:24,4.12,71252,173,买盘
1178,10:29:27,4.11,57556,140,卖盘
1179,10:29:30,4.11,114407,278,卖盘
1180,10:29:33,4.12,49415,120,买盘
1181,10:29:36,4.12,80664,196,买盘
1182,10:29:39,4.12,77024,187,买盘
1183,10:29:42,4.12,137944,335,买盘
1184,10:29:45,4.12,54783,133,买盘
1185,10:29:48,4.12,53966,131,买盘
1186,10:29:51,4.12,31724,77,买盘
1187,10:29:54,4.12,19364,47,买盘
1188,10:29:57,4.12,53560,130,买盘
1189,10:30:00,4.12,317217,771,买盘
1190,10:30:03,4.12,50264,122,买盘
1191,10:30:06,4.12,6591,16,买盘
1192,10:30:09,4.11,51375,125,卖盘
1193,10:30:12,4.12,56849,138,买盘
1194,10:30:15,4.12,6180,15,买盘
1195,10:30:18,4.12,802421,1948,买盘
1196,10:30:21,4.12,47771,116,买盘
1197,10:30:24,4.12,175051,425,买盘
1198,10:30:27,4.12,56032,136,买盘
1199,10:30:30,4.12,22247,54,买盘
1200,10:30:33,4.11,93815,228,卖盘
1201,10:30:36,4.12,79078,192,买盘
1202,10:30:39,4.12,84722,206,买盘
1203,10:30:42,4.12,284045,691,买盘
1204,10:30:45,4.11,2880,7,卖盘
1205,10:30:48,4.11,822,2,卖盘
1206,10:30:51,4.11,30426,74,卖盘
1207,10:30:54,4.11,353470,860,卖盘
1208,10:30:57,4.11,90618,220,卖盘
1209,10:31:00,4.12,102176,248,买盘
1210,10:31:03,4.11,175357,426,卖盘
1211,10:31:06,4.12,62088,151,买盘
1212,10:31:09,4.12,118835,289,买盘
1213,10:31:12,4.12,63346,154,买盘
1214,10:31:15,4.11,88069,214,卖盘
1215,10:31:18,4.11,38712,94,卖盘
1216,10:31:21,4.12,126611,308,买盘
1217,10:31:24,4.11,44419,108,卖盘
1218,10:31:27,4.12,8652,21,买盘
1219,10:31:30,4.11,5343,13,卖盘
1220,10:31:33,4.11,61758,150,卖盘
1221,10:31:36,4.11,265536,646,卖盘
1222,10:31:39,4.11,329158,799,卖盘
1223,10:31:42,4.12,7004,17,买盘
1224,10:31:45,4.12,143855,350,买盘
1225,10:31:48,4.12,2471,6,买盘
1226,10:31:51,4.12,64272,156,买盘
1227,10:31:54,4.11,7415,18,卖盘
1228,10:31:57,4.11,92496,225,卖盘
1229,10:32:00,4.11,74802,182,卖盘
1230,10:32:03,4.12,136719,332,买盘
1231,10:32:06,4.12,54369,132,买盘
1232,10:32:09,4.11,352477,856,卖盘
1233,10:32:12,4.12,75396,183,买盘
1234,10:32:15,4.12,92981,226,买盘
1235,10:32:18,4.12,10712,26,买盘
1236,10:32:21,4.12,47379,115,买盘
1237,10:32:24,4.12,35411,86,买盘
1238,10:32:27,4.11,221061,537,卖盘
1239,10:32:30,4.11,45216,110,卖盘
1240,10:32:33,4.12,79879,194,买盘
1241,10:32:36,4.12,58790,143,买盘
1242,10:32:39,4.12,28780,70,买盘
1243,10:32:45,4.11,9461,23,卖盘
1244,10:32:48,4.12,637512,1551,买盘
1245,10:32:51,4.12,59294,144,买盘
1246,10:32:54,4.12,8228,20,买盘
1247,10:32:57,4.12,190197,462,买盘
1248,10:33:00,4.12,14420,35,买盘
1249,10:33:03,4.12,4120,10,买盘
1250,10:33:06,4.12,39530,96,买盘
1251,10:33:09,4.11,17673,43,卖盘
1252,10:33:12,4.11,145547,354,卖盘
1253,10:33:15,4.11,173988,423,卖盘
1254,10:33:18,4.11,102385,249,卖盘
1255,10:33:21,4.12,10297,25,买盘
1256,10:33:24,4.11,74821,182,卖盘
1257,10:33:27,4.12,57618,140,买盘
1258,10:33:30,4.12,2060,5,买盘
1259,10:33:33,4.12,4120,10,买盘
1260,10:33:36,4.12,137196,333,买盘
1261,10:33:39,4.12,92510,225,买盘
1262,10:33:45,4.12,5768,14,买盘
1263,10:33:48,4.12,1235,3,买盘
1264,10:33:51,4.12,42024,102,买盘
1265,10:33:54,4.12,98407,239,买盘
1266,10:33:57,4.11,48194,117,卖盘
1267,10:34:00,4.12,46548,113,买盘
1268,10:34:03,4.12,222973,542,买盘
1269,10:34:06,4.12,44084,107,买盘
1270,10:34:09,4.12,42436,103,买盘
1271,10:34:12,4.12,80340,195,买盘
1272,10:34:15,4.11,55142,134,卖盘
1273,10:34:18,4.11,108308,263,卖盘
1274,10:34:21,4.12,88558,215,买盘
1275,10:34:24,4.12,27604,67,买盘
1276,10:34:27,4.11,9054,22,卖盘
1277,10:34:30,4.12,170936,415,买盘
1278,10:34:33,4.11,1646,4,卖盘
1279,10:34:36,4.11,52619,128,卖盘
1280,10:34:39,4.12,101352,246,买盘
1281,10:34:42,4.12,20600,50,买盘
1282,10:34:45,4.11,56031,136,卖盘
1283,10:34:48,4.12,181014,440,买盘
1284,10:34:51,4.12,37073,90,买盘
1285,10:34:54,4.12,70818,172,买盘
1286,10:34:57,4.11,53963,131,卖盘
1287,10:35:00,4.12,42336,103,买盘
1288,10:35:03,4.11,26335,64,卖盘
1289,10:35:06,4.12,66705,162,买盘
1290,10:35:09,4.12,419004,1017,买盘
1291,10:35:12,4.12,72344,176,买盘
1292,10:35:15,4.11,120439,293,卖盘
1293,10:35:18,4.11,73248,178,卖盘
1294,10:35:21,4.11,49374,120,卖盘
1295,10:35:24,4.11,105320,256,卖盘
1296,10:35:27,4.12,76966,187,买盘
1297,10:35:30,4.11,23464,57,卖盘
1298,10:35:33,4.11,275818,671,卖盘
1299,10:35:36,4.12,18540,45,买盘
1300,10:35:39,4.12,3296,8,买盘
1301,10:35:42,4.12,133589,325,买盘
1302,10:35:45,4.12,412,1,买盘
1303,10:35:48,4.12,2056,5,买盘
1304,10:35:51,4.12,81114,197,买盘
1305,10:35:54,4.12,4532,11,买盘
1306,10:35:57,4.12,156514,380,买盘
1307,10:36:00,4.11,41105,100,卖盘
1308,10:36:03,4.12,51802,126,买盘
1309,10:36:06,4.12,355556,863,买盘
1310,10:36:09,4.12,176403,429,买盘
1311,10:36:12,4.12,53957,131,买盘
1312,10:36:15,4.12,60838,148,买盘
1313,10:36:18,4.12,6180,15,买盘
1314,10:36:21,4.12,1234,3,买盘
1315,10:36:24,4.12,7416,18,买盘
1316,10:36:27,4.12,558672,1356,买盘
1317,10:36:30,4.12,2471,6,买盘
1318,10:36:33,4.12,176715,429,买盘
1319,10:36:36,4.11,41524,101,卖盘
1320,10:36:39,4.12,14395,35,买盘
1321,10:36:42,4.11,37405,91,卖盘
1322,10:36:45,4.12,4120,10,买盘
1323,10:36:48,4.11,36168,88,卖盘
1324,10:36:51,4.11,5343,13,卖盘
1325,10:36:54,4.12,110669,269,买盘
1326,10:36:57,4.11,87264,212,卖盘
1327,10:37:00,4.11,87967,214,卖盘
1328,10:37:03,4.11,47772,116,卖盘
1329,10:37:06,4.12,175932,428,买盘
1330,10:37:09,4.12,65096,158,买盘
1331,10:37:12,4.12,2470,6,买盘
1332,10:37:15,4.12,38274,93,买盘
1333,10:37:18,4.12,60964,148,买盘
1334,10:37:21,4.11,20550,50,卖盘
1335,10:37:24,4.11,822,2,卖盘
1336,10:37:27,4.11,43997,107,卖盘
1337,10:37:30,4.11,2055,5,卖盘
1338,10:37:33,4.11,62061,151,卖盘
1339,10:37:36,4.12,19364,47,买盘
1340,10:37:39,4.12,34196,83,买盘
1341,10:37:42,4.12,88481,215,买盘
1342,10:37:45,4.12,5356,13,买盘
1343,10:37:48,4.11,7809,19,卖盘
1344,10:37:51,4.12,2884,7,买盘
1345,10:37:54,4.11,149885,364,卖盘
1346,10:37:57,4.11,41923,102,卖盘
1347,10:38:00,4.12,412,1,买盘
1348,10:38:03,4.12,824,2,买盘
1349,10:38:06,4.12,224125,544,买盘
1350,10:38:09,4.12,4120,10,买盘
1351,10:38:12,4.12,4532,11,买盘
1352,10:38:15,4.12,152078,370,买盘
1353,10:38:18,4.12,56852,138,买盘
1354,10:38:21,4.12,821988,1997,买盘
1355,10:38:24,4.12,36256,88,买盘
1356,10:38:27,4.11,169336,412,卖盘
1357,10:38:30,4.12,43260,105,买盘
1358,10:38:33,4.12,12360,30,买盘
1359,10:38:36,4.11,126693,308,卖盘
1360,10:38:39,4.11,21783,53,卖盘
1361,10:38:42,4.11,12331,30,卖盘
1362,10:38:45,4.11,3690369,8979,卖盘
1363,10:38:48,4.11,126295,307,卖盘
1364,10:38:51,4.11,822,2,卖盘
1365,10:38:54,4.12,161828,393,买盘
1366,10:38:57,4.11,80247,195,卖盘
1367,10:39:00,4.11,50146,122,卖盘
1368,10:39:03,4.11,109326,266,卖盘
1369,10:39:06,4.11,55506,135,卖盘
1370,10:39:09,4.11,411,1,卖盘
1371,10:39:12,4.12,18094,44,买盘
1372,10:39:15,4.12,29196,71,买盘
1373,10:39:18,4.11,74558,181,卖盘
1374,10:39:21,4.11,206393,502,卖盘
1375,10:39:24,4.12,6991,17,买盘
1376,10:39:27,4.12,8639,21,买盘
1377,10:39:30,4.11,6165,15,卖盘
1378,10:39:33,4.11,247138,600,卖盘
1379,10:39:36,4.11,492382,1198,卖盘
1380,10:39:39,4.11,100284,244,卖盘
1381,10:39:42,4.11,544880,1323,卖盘
1382,10:39:45,4.12,105629,257,买盘
1383,10:39:48,4.11,127822,311,卖盘
1384,10:39:51,4.11,64116,156,卖盘
1385,10:39:54,4.12,111939,272,买盘
1386,10:39:57,4.12,110199,268,买盘
1387,10:40:00,4.11,51786,126,卖盘
1388,10:40:03,4.12,242596,590,买盘
1389,10:40:06,4.12,153362,373,买盘
1390,10:40:09,4.11,113027,275,卖盘
1391,10:40:12,4.11,20139,49,卖盘
1392,10:40:15,4.11,278352,677,卖盘
1393,10:40:18,4.11,120834,294,卖盘
1394,10:40:21,4.11,202240,492,卖盘
1395,10:40:24,4.11,169743,413,卖盘
1396,10:40:27,4.12,53147,129,买盘
1397,10:40:30,4.11,88365,215,卖盘
1398,10:40:33,4.11,57546,140,卖盘
1399,10:40:36,4.11,133165,324,卖盘
1400,10:40:39,4.11,53023,129,卖盘
1401,10:40:42,4.12,42754,104,买盘
1402,10:40:45,4.12,3703,9,买盘
1403,10:40:48,4.12,242283,589,买盘
1404,10:40:51,4.11,51499,125,卖盘
1405,10:40:54,4.11,13583,33,卖盘
1406,10:40:57,4.11,346473,843,卖盘
1407,10:41:00,4.11,21783,53,卖盘
1408,10:41:03,4.11,37005,90,卖盘
1409,10:41:06,4.12,11928,29,买盘
1410,10:41:09,4.12,53127,129,买盘
1411,10:41:12,4.11,3288,8,卖盘
1412,10:41:15,4.11,9868,24,卖盘
1413,10:41:18,4.11,63298,154,卖盘
1414,10:41:21,4.12,379800,924,买盘
1415,10:41:24,4.12,5768,14,买盘
1416,10:41:30,4.11,326551,794,卖盘
1417,10:41:33,4.12,127026,309,买盘
1418,10:41:36,4.11,24258,59,卖盘
1419,10:41:39,4.12,60564,147,买盘
1420,10:41:42,4.12,16051,39,买盘
1421,10:41:45,4.12,15636,38,买盘
1422,10:41:48,4.11,93405,227,卖盘
1423,10:41:51,4.12,3708,9,买盘
1424,10:41:54,4.11,1233,3,卖盘
1425,10:41:57,4.11,148782,362,卖盘
1426,10:42:00,4.12,108528,264,买盘
1427,10:42:06,4.11,20139,49,卖盘
1428,10:42:09,4.11,164505,400,卖盘
1429,10:42:12,4.11,127821,311,卖盘
1430,10:42:15,4.11,9453,23,卖盘
1431,10:42:18,4.11,12330,30,卖盘
1432,10:42:21,4.11,79838,194,卖盘
1433,10:42:24,4.11,80149,195,卖盘
1434,10:42:27,4.11,87958,214,卖盘
1435,10:42:30,4.11,57541,140,卖盘
1436,10:42:33,4.12,129987,316,买盘
1437,10:42:36,4.11,6576,16,卖盘
1438,10:42:39,4.11,9007065,21915,卖盘
1439,10:42:42,4.11,53841109,131002,卖盘
1440,10:42:45,4.11,95629,233,买盘
1441,10:42:48,4.11,21348,52,买盘
1442,10:42:51,4.1,54957,134,卖盘
1443,10:42:54,4.11,37390,91,买盘
1444,10:42:57,4.1,45105,110,卖盘
1445,10:43:00,4.11,14795,36,买盘
1446,10:43:03,4.11,23838,58,买盘
1447,10:43:06,4.11,20139,49,买盘
1448,10:43:12,4.11,11908,29,买盘
1449,10:43:15,4.11,30001,73,买盘
1450,10:43:18,4.11,679785,1654,买盘
1451,10:43:21,4.11,245367,597,买盘
1452,10:43:24,4.11,592218,1441,买盘
1453,10:43:27,4.11,154937,377,买盘
1454,10:43:30,4.11,122478,298,买盘
1455,10:43:33,4.11,285545,695,买盘
1456,10:43:36,4.1,155417,379,卖盘
1457,10:43:39,4.11,283179,689,买盘
1458,10:43:42,4.11,13974,34,买盘
1459,10:43:45,4.11,5341,13,买盘
1460,10:43:48,4.1,17672,43,卖盘
1461,10:43:51,4.11,37401,91,买盘
1462,10:43:54,4.11,218152,532,买盘
1463,10:43:57,4.1,57815,141,卖盘
1464,10:44:03,4.11,227684,554,买盘
1465,10:44:06,4.11,30414,74,买盘
1466,10:44:09,4.1,266169,649,卖盘
1467,10:44:12,4.11,5754,14,买盘
1468,10:44:15,4.11,27507,67,买盘
1469,10:44:18,4.11,103161,251,买盘
1470,10:44:21,4.11,39799,97,买盘
1471,10:44:24,4.11,424972,1034,买盘
1472,10:44:27,4.11,223561,544,买盘
1473,10:44:30,4.11,3545166,8626,买盘
1474,10:44:33,4.11,186639,454,卖盘
1475,10:44:36,4.11,327978,798,卖盘
1476,10:44:39,4.11,98672,240,卖盘
1477,10:44:42,4.11,21816,53,卖盘
1478,10:44:45,4.11,114258,278,卖盘
1479,10:44:48,4.11,59595,145,卖盘
1480,10:44:51,4.11,16033,39,卖盘
1481,10:44:54,4.11,144300,351,卖盘
1482,10:44:57,4.12,239654,583,买盘
1483,10:45:00,4.11,60421,147,卖盘
1484,10:45:03,4.11,1101480,2680,卖盘
1485,10:45:06,4.11,23020,56,卖盘
1486,10:45:09,4.11,43977,107,卖盘
1487,10:45:12,4.12,16067,39,买盘
1488,10:45:15,4.11,89191,217,卖盘
1489,10:45:18,4.11,284462,692,卖盘
1490,10:45:21,4.11,184958,450,卖盘
1491,10:45:24,4.11,2469725,6009,卖盘
1492,10:45:27,4.11,48536,118,卖盘
1493,10:45:30,4.11,20961,51,卖盘
1494,10:45:33,4.11,150015,365,卖盘
1495,10:45:36,4.11,392509,955,卖盘
1496,10:45:39,4.11,61255,149,卖盘
1497,10:45:42,4.11,6580,16,卖盘
1498,10:45:45,4.12,78228,190,买盘
1499,10:45:48,4.12,10299,25,买盘
1500,10:45:51,4.11,11919,29,卖盘
1501,10:45:54,4.11,19729,48,卖盘
1502,10:45:57,4.11,1644,4,卖盘
1503,10:46:00,4.12,3706,9,买盘
1504,10:46:03,4.11,29181,71,卖盘
1505,10:46:06,4.12,16480,40,买盘
1506,10:46:09,4.11,64116,156,卖盘
1507,10:46:12,4.11,11097,27,卖盘
1508,10:46:15,4.11,7398,18,卖盘
1509,10:46:18,4.11,124533,303,卖盘
1510,10:46:21,4.11,30837,75,卖盘
1511,10:46:24,4.11,337846,822,卖盘
1512,10:46:27,4.11,34524,84,卖盘
1513,10:46:30,4.11,78912,192,卖盘
1514,10:46:33,4.11,25482,62,卖盘
1515,10:46:36,4.12,415116,1010,买盘
1516,10:46:39,4.11,20961,51,卖盘
1517,10:46:42,4.12,304965,742,买盘
1518,10:46:45,4.11,11509,28,卖盘
1519,10:46:48,4.11,6576,16,卖盘
1520,10:46:51,4.11,18495,45,卖盘
1521,10:46:54,4.12,27129,66,买盘
1522,10:46:57,4.11,32058,78,卖盘
1523,10:47:00,4.11,41926,102,卖盘
1524,10:47:03,4.11,36176,88,卖盘
1525,10:47:06,4.12,77862,189,买盘
1526,10:47:09,4.12,46447,113,买盘
1527,10:47:12,4.11,13182,32,卖盘
1528,10:47:15,4.11,20555,50,卖盘
1529,10:47:18,4.12,316471,770,买盘
1530,10:47:21,4.12,1648,4,买盘
1531,10:47:24,4.12,1736077,4224,买盘
1532,10:47:27,4.11,90831,221,卖盘
1533,10:47:30,4.11,368617,896,卖盘
1534,10:47:33,4.11,1233,3,卖盘
1535,10:47:36,4.11,4110,10,卖盘
1536,10:47:39,4.11,23838,58,卖盘
1537,10:47:42,4.11,38223,93,卖盘
1538,10:47:45,4.12,12745,31,买盘
1539,10:47:48,4.11,21382,52,卖盘
1540,10:47:51,4.11,25494,62,卖盘
1541,10:47:54,4.11,97818,238,卖盘
1542,10:47:57,4.11,33719,82,卖盘
1543,10:48:00,4.11,133575,325,卖盘
1544,10:48:03,4.11,336617,819,卖盘
1545,10:48:06,4.11,297153,723,卖盘
1546,10:48:09,4.11,18088,44,卖盘
1547,10:48:12,4.12,98285,239,买盘
1548,10:48:15,4.12,3296,8,买盘
1549,10:48:18,4.11,256055,623,卖盘
1550,10:48:21,4.11,792010,1927,卖盘
1551,10:48:24,4.11,1688979,4109,卖盘
1552,10:48:27,4.12,66194,161,买盘
1553,10:48:30,4.11,76857,187,卖盘
1554,10:48:33,4.11,176323,429,卖盘
1555,10:48:36,4.11,81382,198,卖盘
1556,10:48:39,4.11,97407,237,卖盘
1557,10:48:42,4.11,140990,343,卖盘
1558,10:48:45,4.11,11512,28,卖盘
1559,10:48:48,4.11,920229,2239,卖盘
1560,10:48:51,4.11,359126,874,买盘
1561,10:48:54,4.11,45621,111,买盘
1562,10:48:57,4.11,11508,28,买盘
1563,10:49:00,4.11,4521,11,买盘
1564,10:49:03,4.11,5753,14,买盘
1565,10:49:06,4.11,30824,75,买盘
1566,10:49:09,4.1,410,1,卖盘
1567,10:49:12,4.11,9453,23,买盘
1568,10:49:15,4.11,6576,16,买盘
1569,10:49:18,4.11,78901,192,买盘
1570,10:49:21,4.11,1603622,3902,买盘
1571,10:49:24,4.11,659649,1605,买盘
1572,10:49:27,4.11,565947,1377,买盘
1573,10:49:30,4.12,2131923,5191,买盘
1574,10:49:33,4.11,44812,109,卖盘
1575,10:49:36,4.11,76857,187,卖盘
1576,10:49:39,4.11,354466,861,卖盘
1577,10:49:42,4.11,98240,239,卖盘
1578,10:49:45,4.11,58362,142,买盘
1579,10:49:48,4.1,8210,20,卖盘
1580,10:49:51,4.11,4932,12,买盘
1581,10:49:54,4.1,87342,213,卖盘
1582,10:49:57,4.11,28359,69,买盘
1583,10:50:00,4.11,41511,101,买盘
1584,10:50:03,4.11,10275,25,买盘
1585,10:50:06,4.1,50915,124,卖盘
1586,10:50:09,4.11,20522,50,买盘
1587,10:50:12,4.11,63581,155,买盘
1588,10:50:15,4.11,10275,25,买盘
1589,10:50:18,4.11,27507,67,买盘
1590,10:50:21,4.11,91242,222,买盘
1591,10:50:24,4.11,214883,523,买盘
1592,10:50:27,4.1,175365,427,卖盘
1593,10:50:30,4.11,41100,100,买盘
1594,10:50:33,4.11,6165,15,买盘
1595,10:50:36,4.11,25482,62,买盘
1596,10:50:39,4.1,39030,95,卖盘
1597,10:50:42,4.1,6150,15,卖盘
1598,10:50:45,4.11,108841,265,买盘
1599,10:50:48,4.11,152070,370,买盘
1600,10:50:51,4.11,36579,89,买盘
1601,10:50:54,4.11,1644,4,买盘
1602,10:50:57,4.1,36097,88,卖盘
1603,10:51:00,4.11,44799,109,买盘
1604,10:51:03,4.11,17250,42,买盘
1605,10:51:06,4.11,4932,12,买盘
1606,10:51:12,4.11,94530,230,买盘
1607,10:51:15,4.11,13563,33,买盘
1608,10:51:18,4.11,218652,532,买盘
1609,10:51:21,4.1,165092,402,卖盘
1610,10:51:24,4.1,94895,231,卖盘
1611,10:51:27,4.1,35673,87,卖盘
1612,10:51:30,4.11,35746,87,买盘
1613,10:51:33,4.1,6978,17,卖盘
1614,10:51:39,4.11,3694,9,买盘
1615,10:51:42,4.1,43475,106,卖盘
1616,10:51:45,4.11,48429,118,买盘
1617,10:51:48,4.1,61990,151,卖盘
1618,10:51:51,4.11,25471,62,买盘
1619,10:51:54,4.11,97616,238,买盘
1620,10:51:57,4.11,35343,86,买盘
1621,10:52:00,4.11,43566,106,买盘
1622,10:52:03,4.11,14382,35,买盘
1623,10:52:06,4.1,26705,65,卖盘
1624,10:52:09,4.11,82606,201,买盘
1625,10:52:12,4.11,11917,29,买盘
1626,10:52:15,4.11,411,1,买盘
1627,10:52:18,4.11,22605,55,买盘
1628,10:52:21,4.1,326078,794,卖盘
1629,10:52:24,4.11,522791,1272,买盘
1630,10:52:27,4.11,1436835,3496,买盘
1631,10:52:30,4.11,64527,157,卖盘
1632,10:52:33,4.11,253993,617,卖盘
1633,10:52:36,4.11,200900,488,卖盘
1634,10:52:39,4.12,132126,321,买盘
1635,10:52:42,4.11,37812,92,卖盘
1636,10:52:45,4.11,32058,78,卖盘
1637,10:52:48,4.11,6165,15,卖盘
1638,10:52:51,4.11,76450,186,卖盘
1639,10:52:54,4.11,71942,175,卖盘
1640,10:52:57,4.12,142644,347,买盘
1641,10:53:00,4.11,75218,183,卖盘
1642,10:53:03,4.11,137319,334,卖盘
1643,10:53:06,4.11,6987,17,卖盘
1644,10:53:09,4.11,184539,449,卖盘
1645,10:53:12,4.11,1099014,2674,卖盘
1646,10:53:15,4.11,509244,1239,卖盘
1647,10:53:18,4.12,357989,871,买盘
1648,10:53:21,4.11,21783,53,卖盘
1649,10:53:24,4.11,852418,2074,卖盘
1650,10:53:30,4.11,7809,19,卖盘
1651,10:53:33,4.11,34935,85,卖盘
1652,10:53:36,4.11,32469,79,卖盘
1653,10:53:39,4.12,4114,10,买盘
1654,10:53:42,4.11,416754,1014,卖盘
1655,10:53:45,4.12,480920,1170,买盘
1656,10:53:48,4.11,10275,25,卖盘
1657,10:53:51,4.12,1648,4,买盘
1658,10:53:54,4.12,9868,24,买盘
1659,10:54:03,4.11,3165181,7704,卖盘
1660,10:54:06,4.11,36168,88,买盘
1661,10:54:09,4.11,8220,20,买盘
1662,10:54:12,4.11,102750,250,买盘
1663,10:54:15,4.11,107934,263,买盘
1664,10:54:18,4.11,145398,354,买盘
1665,10:54:21,4.11,11508,28,买盘
1666,10:54:24,4.1,31598,77,卖盘
1667,10:54:27,4.11,42654,104,买盘
1668,10:54:30,4.11,15204,37,买盘
1669,10:54:33,4.11,53735,131,买盘
1670,10:54:36,4.11,12309,30,买盘
1671,10:54:39,4.11,65340,159,买盘
1672,10:54:42,4.1,61500,150,卖盘
1673,10:54:48,4.1,65285,159,卖盘
1674,10:54:51,4.11,8631,21,买盘
1675,10:54:54,4.1,28290,69,卖盘
1676,10:54:57,4.11,81594,199,买盘
1677,10:55:00,4.1,13940,34,卖盘
1678,10:55:03,4.11,17655,43,买盘
1679,10:55:06,4.1,4920,12,卖盘
1680,10:55:09,4.1,212380,518,卖盘
1681,10:55:12,4.1,76782,187,卖盘
1682,10:55:15,4.1,198030,483,卖盘
1683,10:55:18,4.11,33215,81,买盘
1684,10:55:21,4.1,65210,159,卖盘
1685,10:55:24,4.1,205000,500,卖盘
1686,10:55:27,4.11,557191,1359,买盘
1687,10:55:30,4.11,4110,10,买盘
1688,10:55:33,4.11,822,2,买盘
1689,10:55:36,4.11,11085,27,买盘
1690,10:55:39,4.11,411,1,买盘
1691,10:55:42,4.11,5343,13,买盘
1692,10:55:48,4.11,1644,4,买盘
1693,10:55:51,4.1,3280,8,卖盘
1694,10:55:54,4.11,108361,264,买盘
1695,10:55:57,4.11,1644,4,买盘
1696,10:56:00,4.11,21372,52,买盘
1697,10:56:03,4.11,2813062,6861,买盘
1698,10:56:06,4.1,410,1,卖盘
1699,10:56:09,4.11,57540,140,买盘
1700,10:56:12,4.11,77948,190,买盘
1701,10:56:15,4.1,4924,12,卖盘
1702,10:56:18,4.1,204205,498,卖盘
1703,10:56:21,4.1,14350,35,卖盘
1704,10:56:24,4.1,1642,4,卖盘
1705,10:56:30,4.1,15580,38,卖盘
1706,10:56:33,4.1,22961,56,卖盘
1707,10:56:36,4.1,227141,554,卖盘
1708,10:56:39,4.11,306701,748,买盘
1709,10:56:42,4.1,34854,85,卖盘
1710,10:56:45,4.1,415902,1012,卖盘
1711,10:56:48,4.1,2460,6,卖盘
1712,10:56:51,4.1,41000,100,卖盘
1713,10:56:54,4.1,28311,69,卖盘
1714,10:56:57,4.1,4924,12,卖盘
1715,10:57:00,4.1,173840,424,卖盘
1716,10:57:03,4.11,16415,40,买盘
1717,10:57:06,4.11,5754,14,买盘
1718,10:57:09,4.1,52074,127,卖盘
1719,10:57:12,4.1,16400,40,卖盘
1720,10:57:15,4.11,9042,22,买盘
1721,10:57:18,4.1,9020,22,卖盘
1722,10:57:24,4.11,5334,13,买盘
1723,10:57:27,4.1,20500,50,卖盘
1724,10:57:33,4.11,6165,15,买盘
1725,10:57:36,4.1,17220,42,卖盘
1726,10:57:39,4.1,414510,1011,卖盘
1727,10:57:42,4.11,440350,1074,买盘
1728,10:57:45,4.11,91864,224,买盘
1729,10:57:48,4.11,9021,22,买盘
1730,10:57:51,4.11,2054,5,买盘
1731,10:57:54,4.1,252150,615,卖盘
1732,10:57:57,4.1,40590,99,卖盘
1733,10:58:00,4.11,47264,115,买盘
1734,10:58:03,4.1,180022,439,卖盘
1735,10:58:06,4.1,60680,148,卖盘
1736,10:58:09,4.1,4920,12,卖盘
1737,10:58:12,4.1,129970,317,卖盘
1738,10:58:15,4.1,14372,35,卖盘
1739,10:58:18,4.1,31980,78,卖盘
1740,10:58:21,4.1,7798,19,卖盘
1741,10:58:24,4.1,109880,268,卖盘
1742,10:58:27,4.1,77080,188,卖盘
1743,10:58:30,4.1,11485,28,卖盘
1744,10:58:33,4.11,48386,118,买盘
1745,10:58:36,4.1,49613,121,卖盘
1746,10:58:39,4.11,25061,61,买盘
1747,10:58:42,4.11,33291,81,买盘
1748,10:58:45,4.1,227573,555,卖盘
1749,10:58:48,4.1,3227535,7872,卖盘
1750,10:58:51,4.1,1066898,2602,卖盘
1751,10:58:54,4.1,111544,272,卖盘
1752,10:58:57,4.11,12314,30,买盘
1753,10:59:00,4.1,8557110,20871,卖盘
1754,10:59:03,4.1,554740,1353,卖盘
1755,10:59:06,4.1,169860,414,卖盘
1756,10:59:09,4.1,175890,429,卖盘
1757,10:59:12,4.11,52907,129,买盘
1758,10:59:15,4.11,42642,104,买盘
1759,10:59:18,4.1,3690,9,卖盘
1760,10:59:21,4.1,1380911,3368,卖盘
1761,10:59:24,4.1,4514,11,卖盘
1762,10:59:27,4.1,46816,114,卖盘
1763,10:59:30,4.1,18040,44,卖盘
1764,10:59:33,4.1,136683,333,卖盘
1765,10:59:36,4.11,3284,8,买盘
1766,10:59:39,4.11,28765,70,买盘
1767,10:59:42,4.11,95536,233,买盘
1768,10:59:45,4.1,51250,125,卖盘
1769,10:59:48,4.1,21734,53,卖盘
1770,10:59:51,4.11,235383,574,买盘
1771,10:59:54,4.1,101698,248,卖盘
1772,10:59:57,4.1,17642,43,卖盘
1773,11:00:00,4.1,10685,26,卖盘
1774,11:00:03,4.1,4100,10,卖盘
1775,11:00:06,4.1,99630,243,卖盘
1776,11:00:09,4.1,27090,66,卖盘
1777,11:00:12,4.1,185730,453,卖盘
1778,11:00:15,4.11,28358,69,买盘
1779,11:00:18,4.1,383762,936,卖盘
1780,11:00:21,4.1,176710,431,卖盘
1781,11:00:24,4.1,16400,40,卖盘
1782,11:00:27,4.11,29978,73,买盘
1783,11:00:33,4.11,147263,359,买盘
1784,11:00:39,4.1,133023,324,卖盘
1785,11:00:42,4.11,29953,73,买盘
1786,11:00:45,4.1,275206,671,卖盘
1787,11:00:48,4.1,32467,79,卖盘
1788,11:00:51,4.1,82000,200,卖盘
1789,11:00:54,4.11,18081,44,买盘
1790,11:00:57,4.1,177134,432,卖盘
1791,11:01:00,4.1,403950,985,卖盘
1792,11:01:03,4.11,246846,602,买盘
1793,11:01:06,4.1,167280,408,卖盘
1794,11:01:09,4.1,9020,22,卖盘
1795,11:01:12,4.1,27060,66,卖盘
1796,11:01:15,4.1,34451,84,卖盘
1797,11:01:18,4.11,8210,20,买盘
1798,11:01:21,4.1,19285,47,卖盘
1799,11:01:24,4.11,1644,4,买盘
1800,11:01:27,4.1,15995,39,卖盘
1801,11:01:30,4.11,72184,176,买盘
1802,11:01:33,4.1,61990,151,卖盘
1803,11:01:36,4.1,83644,204,卖盘
1804,11:01:39,4.11,41460,101,买盘
1805,11:01:42,4.11,2054,5,买盘
1806,11:01:45,4.1,14350,35,卖盘
1807,11:01:51,4.1,685930,1673,卖盘
1808,11:01:54,4.1,10681,26,卖盘
1809,11:01:57,4.11,122184,298,买盘
1810,11:02:00,4.11,19727,48,买盘
1811,11:02:03,4.1,249280,608,卖盘
1812,11:02:06,4.1,165234,403,卖盘
1813,11:02:09,4.11,24221,59,买盘
1814,11:02:12,4.11,259987,634,买盘
1815,11:02:15,4.11,57919,141,买盘
1816,11:02:18,4.1,9020,22,卖盘
1817,11:02:21,4.11,18074,44,买盘
1818,11:02:24,4.11,33214,81,买盘
1819,11:02:27,4.1,6560,16,卖盘
1820,11:02:30,4.11,55358,135,买盘
1821,11:02:33,4.11,1644,4,买盘
1822,11:02:36,4.11,1644,4,买盘
1823,11:02:39,4.11,3288,8,买盘
1824,11:02:42,4.11,46032,112,买盘
1825,11:02:45,4.1,18044,44,卖盘
1826,11:02:48,4.1,820,2,卖盘
1827,11:02:51,4.11,11508,28,买盘
1828,11:02:54,4.11,21782,53,买盘
1829,11:03:00,4.11,18906,46,买盘
1830,11:03:03,4.11,294794,719,买盘
1831,11:03:06,4.11,46790,114,买盘
1832,11:03:09,4.1,98404,240,卖盘
1833,11:03:12,4.1,249988,609,卖盘
1834,11:03:15,4.1,179170,437,卖盘
1835,11:03:18,4.11,169076,412,买盘
1836,11:03:21,4.1,249690,609,卖盘
1837,11:03:24,4.11,29940,73,买盘
1838,11:03:27,4.11,41005,100,买盘
1839,11:03:30,4.1,41050,100,卖盘
1840,11:03:33,4.1,12710,31,卖盘
1841,11:03:36,4.1,29523,72,卖盘
1842,11:03:39,4.11,17634,43,买盘
1843,11:03:42,4.11,23014,56,买盘
1844,11:03:45,4.11,45210,110,买盘
1845,11:03:48,4.11,111584,272,买盘
1846,11:03:51,4.1,53723,131,卖盘
1847,11:03:54,4.1,6970,17,卖盘
1848,11:03:57,4.1,13120,32,卖盘
1849,11:04:00,4.1,80770,197,卖盘
1850,11:04:03,4.11,191484,467,买盘
1851,11:04:06,4.1,84050,205,卖盘
1852,11:04:09,4.11,411,1,买盘
1853,11:04:12,4.1,221625,540,卖盘
1854,11:04:15,4.1,63960,156,卖盘
1855,11:04:18,4.1,98404,240,卖盘
1856,11:04:21,4.1,11070,27,卖盘
1857,11:04:24,4.11,7396,18,买盘
1858,11:04:27,4.11,119601,291,买盘
1859,11:04:30,4.1,107012,261,卖盘
1860,11:04:33,4.1,112340,274,卖盘
1861,11:04:36,4.11,14766,36,买盘
1862,11:04:39,4.1,1230,3,卖盘
1863,11:04:42,4.11,6976,17,买盘
1864,11:04:45,4.1,142270,347,卖盘
1865,11:04:48,4.1,50446,123,卖盘
1866,11:04:51,4.11,73440,179,买盘
1867,11:04:54,4.11,86934,212,买盘
1868,11:04:57,4.11,150886,368,买盘
1869,11:05:00,4.11,76324,186,买盘
1870,11:05:03,4.1,84050,205,卖盘
1871,11:05:06,4.1,45944,112,卖盘
1872,11:05:09,4.1,150880,368,卖盘
1873,11:05:12,4.1,205649,501,卖盘
1874,11:05:15,4.1,3695,9,卖盘
1875,11:05:18,4.1,330313,804,卖盘
1876,11:05:21,4.1,59048,144,卖盘
1877,11:05:24,4.1,113184,276,卖盘
1878,11:05:27,4.11,370925,903,买盘
1879,11:05:30,4.11,92700,226,买盘
1880,11:05:33,4.11,30815,75,买盘
1881,11:05:36,4.1,177974,434,卖盘
1882,11:05:39,4.1,207886,507,卖盘
1883,11:05:42,4.1,11075,27,卖盘
1884,11:05:45,4.1,141050,344,卖盘
1885,11:05:48,4.1,6974,17,卖盘
1886,11:05:51,4.1,61500,150,卖盘
1887,11:05:54,4.1,106190,259,卖盘
1888,11:05:57,4.1,263224,642,卖盘
1889,11:06:00,4.1,75446,184,卖盘
1890,11:06:03,4.1,175484,428,卖盘
1891,11:06:06,4.1,1619929,3951,卖盘
1892,11:06:09,4.1,247279,603,卖盘
1893,11:06:12,4.11,275343,671,买盘
1894,11:06:15,4.1,138177,337,卖盘
1895,11:06:18,4.11,75861,185,买盘
1896,11:06:21,4.1,38130,93,卖盘
1897,11:06:24,4.1,237033,578,卖盘
1898,11:06:27,4.1,599924,1463,卖盘
1899,11:06:30,4.1,65204,159,卖盘
1900,11:06:33,4.11,31574,77,买盘
1901,11:06:36,4.1,101683,248,卖盘
1902,11:06:39,4.1,37314,91,卖盘
1903,11:06:42,4.1,59043,144,卖盘
1904,11:06:45,4.1,20512,50,卖盘
1905,11:06:48,4.1,341120,832,卖盘
1906,11:06:51,4.1,98000,239,卖盘
1907,11:06:54,4.11,4924,12,买盘
1908,11:06:57,4.1,471500,1150,卖盘
1909,11:07:00,4.1,42241,103,卖盘
1910,11:07:03,4.11,158690,387,买盘
1911,11:07:06,4.11,475615,1160,买盘
1912,11:07:09,4.1,129987,317,卖盘
1913,11:07:12,4.1,239669,584,卖盘
1914,11:07:15,4.1,182499,445,卖盘
1915,11:07:18,4.1,19684,48,卖盘
1916,11:07:21,4.1,303810,741,卖盘
1917,11:07:24,4.1,1916758,4675,卖盘
1918,11:07:27,4.1,692541,1689,卖盘
1919,11:07:30,4.1,59878,146,卖盘
1920,11:07:33,4.1,1146360,2796,卖盘
1921,11:07:36,4.11,135841,331,买盘
1922,11:07:39,4.11,94727,231,买盘
1923,11:07:42,4.11,145144,354,买盘
1924,11:07:45,4.1,244365,596,卖盘
1925,11:07:48,4.11,70130,171,买盘
1926,11:07:51,4.1,60271,147,卖盘
1927,11:07:54,4.1,21739,53,卖盘
1928,11:07:57,4.1,6560,16,卖盘
1929,11:08:00,4.1,621970,1517,卖盘
1930,11:08:03,4.1,187390,457,卖盘
1931,11:08:06,4.09,56197821,137068,卖盘
1932,11:08:09,4.09,5344858,13068,卖盘
1933,11:08:12,4.09,914115,2235,卖盘
1934,11:08:15,4.1,724993,1772,买盘
1935,11:08:18,4.09,636010,1555,卖盘
1936,11:08:21,4.09,620048,1516,卖盘
1937,11:08:24,4.1,760768,1860,买盘
1938,11:08:27,4.09,696940,1704,卖盘
1939,11:08:30,4.09,633950,1550,卖盘
1940,11:08:33,4.09,641344,1568,卖盘
1941,11:08:36,4.09,617181,1509,卖盘
1942,11:08:39,4.09,630269,1541,卖盘
1943,11:08:42,4.09,995939,2435,卖盘
1944,11:08:45,4.09,794642,1942,卖盘
1945,11:08:48,4.09,554604,1356,卖盘
1946,11:08:51,4.09,113335,277,卖盘
1947,11:08:54,4.09,49898,122,卖盘
1948,11:08:57,4.09,604958,1479,卖盘
1949,11:09:00,4.09,255220,624,卖盘
1950,11:09:03,4.09,173501,424,卖盘
1951,11:09:06,4.1,529147,1291,买盘
1952,11:09:09,4.09,246034,601,卖盘
1953,11:09:12,4.1,143348,350,买盘
1954,11:09:15,4.09,55257,135,卖盘
1955,11:09:18,4.1,15578,38,买盘
1956,11:09:21,4.1,6136,15,买盘
1957,11:09:24,4.09,157601,385,卖盘
1958,11:09:27,4.1,334841,817,买盘
1959,11:09:30,4.1,286497,699,买盘
1960,11:09:33,4.1,398715,974,买盘
1961,11:09:36,4.09,56487,138,卖盘
1962,11:09:39,4.1,113794,278,买盘
1963,11:09:42,4.1,77799,190,买盘
1964,11:09:45,4.09,409,1,卖盘
1965,11:09:48,4.09,83945,205,卖盘
1966,11:09:51,4.1,40159,98,买盘
1967,11:09:54,4.1,96704,236,买盘
1968,11:09:57,4.09,134271,328,卖盘
1969,11:10:00,4.09,99995,244,卖盘
1970,11:10:03,4.1,141370,345,买盘
1971,11:10:06,4.1,821934,2005,买盘
1972,11:10:09,4.1,189707,463,买盘
1973,11:10:12,4.1,6959617,16975,买盘
1974,11:10:15,4.1,1239164,3026,买盘
1975,11:10:18,4.1,2358966,5756,买盘
1976,11:10:21,4.1,591220,1442,卖盘
1977,11:10:24,4.1,193930,473,卖盘
1978,11:10:27,4.1,179220,437,卖盘
1979,11:10:30,4.1,235791,575,卖盘
1980,11:10:33,4.1,66830,163,卖盘
1981,11:10:36,4.1,12305,30,卖盘
1982,11:10:39,4.1,85693,209,卖盘
1983,11:10:42,4.1,133660,326,卖盘
1984,11:10:45,4.1,43460,106,卖盘
1985,11:10:48,4.1,41032,100,卖盘
1986,11:10:51,4.1,103324,252,卖盘
1987,11:10:54,4.1,72980,178,卖盘
1988,11:10:57,4.1,6150,15,卖盘
1989,11:11:00,4.11,8204,20,买盘
1990,11:11:03,4.1,41822,102,卖盘
1991,11:11:06,4.1,85694,209,卖盘
1992,11:11:09,4.1,71340,174,卖盘
1993,11:11:12,4.1,198850,485,卖盘
1994,11:11:15,4.1,96392,235,卖盘
1995,11:11:18,4.1,341940,834,卖盘
1996,11:11:21,4.1,226320,552,卖盘
1997,11:11:24,4.1,243130,593,卖盘
1998,11:11:27,4.1,102107,249,卖盘
1999,11:11:30,4.1,144740,353,卖盘
2000,11:11:33,4.11,590334,1438,买盘
2001,11:11:36,4.1,1988922,4851,卖盘
2002,11:11:39,4.1,166870,407,卖盘
2003,11:11:42,4.1,384591,938,卖盘
2004,11:11:45,4.1,141040,344,卖盘
2005,11:11:48,4.1,110700,270,卖盘
2006,11:11:51,4.1,212380,518,卖盘
2007,11:11:54,4.1,138580,338,卖盘
2008,11:11:57,4.1,16400,40,卖盘
2009,11:12:00,4.1,3280,8,卖盘
2010,11:12:03,4.11,618284,1508,买盘
2011,11:12:06,4.1,108650,265,卖盘
2012,11:12:09,4.1,883550,2155,卖盘
2013,11:12:12,4.1,522847,1276,买盘
2014,11:12:15,4.1,198440,484,卖盘
2015,11:12:18,4.1,68470,167,卖盘
2016,11:12:21,4.1,43050,105,卖盘
2017,11:12:24,4.1,174660,426,卖盘
2018,11:12:27,4.1,218437,533,买盘
2019,11:12:30,4.1,4920,12,买盘
2020,11:12:33,4.1,88048,215,买盘
2021,11:12:36,4.1,203770,497,买盘
2022,11:12:39,4.1,136437,333,中性盘
2023,11:12:42,4.1,90610,221,卖盘
2024,11:12:45,4.1,56075,137,买盘
2025,11:12:48,4.09,48293,118,卖盘
2026,11:12:51,4.1,77900,190,买盘
2027,11:12:54,4.1,10660,26,中性盘
2028,11:12:57,4.09,50311,123,卖盘
2029,11:13:00,4.1,19270,47,买盘
2030,11:13:03,4.1,125045,305,买盘
2031,11:13:06,4.1,360800,880,买盘
2032,11:13:09,4.1,135664,331,卖盘
2033,11:13:12,4.1,63419,155,中性盘
2034,11:13:15,4.1,8610,21,中性盘
2035,11:13:18,4.1,4510,11,买盘
2036,11:13:21,4.1,158787,388,买盘
2037,11:13:24,4.1,185320,452,买盘
2038,11:13:27,4.1,67650,165,卖盘
2039,11:13:30,4.1,1640,4,卖盘
2040,11:13:33,4.11,44290,108,买盘
2041,11:13:36,4.11,3693,9,买盘
2042,11:13:39,4.11,14772,36,买盘
2043,11:13:42,4.1,47987,117,卖盘
2044,11:13:45,4.1,6977,17,卖盘
2045,11:13:51,4.1,58633,143,卖盘
2046,11:13:54,4.1,82000,200,卖盘
2047,11:13:57,4.1,2461,6,卖盘
2048,11:14:00,4.11,45981,112,买盘
2049,11:14:03,4.1,37395,91,卖盘
2050,11:14:06,4.1,144320,352,卖盘
2051,11:14:09,4.1,6560,16,卖盘
2052,11:14:12,4.11,131109,319,买盘
2053,11:14:15,4.1,50020,122,卖盘
2054,11:14:18,4.1,3280,8,卖盘
2055,11:14:21,4.11,29173,71,买盘
2056,11:14:24,4.11,52197,127,买盘
2057,11:14:27,4.1,58220,142,卖盘
2058,11:14:33,4.1,12710,31,卖盘
2059,11:14:36,4.1,72160,176,卖盘
2060,11:14:39,4.1,2460,6,卖盘
2061,11:14:45,4.1,5338,13,卖盘
2062,11:14:51,4.1,41000,100,卖盘
2063,11:14:54,4.1,49200,120,卖盘
2064,11:14:57,4.1,84050,205,卖盘
2065,11:15:00,4.1,33222,81,卖盘
2066,11:15:03,4.1,15580,38,卖盘
2067,11:15:06,4.1,23822,58,卖盘
2068,11:15:09,4.11,52608,128,买盘
2069,11:15:12,4.11,11508,28,买盘
2070,11:15:15,4.1,12718,31,卖盘
2071,11:15:18,4.11,6564,16,买盘
2072,11:15:21,4.1,9430,23,卖盘
2073,11:15:24,4.1,25830,63,卖盘
2074,11:15:27,4.1,20090,49,卖盘
2075,11:15:30,4.1,13120,32,卖盘
2076,11:15:33,4.1,7790,19,卖盘
2077,11:15:36,4.1,11894,29,卖盘
2078,11:15:39,4.1,54940,134,卖盘
2079,11:15:42,4.1,37721,92,卖盘
2080,11:15:45,4.1,198442,484,卖盘
2081,11:15:48,4.1,38130,93,卖盘
2082,11:15:51,4.1,277980,678,卖盘
2083,11:15:54,4.1,55350,135,卖盘
2084,11:15:57,4.1,49200,120,卖盘
2085,11:16:00,4.1,108240,264,卖盘
2086,11:16:03,4.11,44796,109,买盘
2087,11:16:06,4.1,410,1,卖盘
2088,11:16:09,4.1,4100,10,卖盘
2089,11:16:12,4.11,79323,193,买盘
2090,11:16:15,4.1,96760,236,卖盘
2091,11:16:18,4.1,32810,80,卖盘
2092,11:16:27,4.1,42640,104,卖盘
2093,11:16:30,4.1,205000,500,卖盘
2094,11:16:33,4.1,11896,29,卖盘
2095,11:16:36,4.1,4100,10,卖盘
2096,11:16:39,4.1,53300,130,卖盘
2097,11:16:42,4.11,55764,136,买盘
2098,11:16:45,4.11,2466,6,买盘
2099,11:16:48,4.1,216480,528,卖盘
2100,11:16:51,4.1,380070,927,卖盘
2101,11:16:54,4.11,199677,487,买盘
2102,11:17:00,4.11,6565,16,买盘
2103,11:17:03,4.11,109900,268,买盘
2104,11:17:06,4.1,31570,77,卖盘
2105,11:17:09,4.1,13530,33,卖盘
2106,11:17:12,4.1,101510,247,卖盘
2107,11:17:15,4.1,55350,135,卖盘
2108,11:17:18,4.1,20094,49,卖盘
2109,11:17:21,4.1,25420,62,卖盘
2110,11:17:24,4.1,207870,507,卖盘
2111,11:17:30,4.1,595757,1453,卖盘
2112,11:17:33,4.1,22140,54,卖盘
2113,11:17:36,4.1,16400,40,卖盘
2114,11:17:39,4.1,2460,6,卖盘
2115,11:17:42,4.1,14350,35,卖盘
2116,11:17:45,4.1,9020,22,卖盘
2117,11:17:48,4.11,1644,4,买盘
2118,11:17:51,4.11,11484,28,买盘
2119,11:17:54,4.11,9844,24,买盘
2120,11:17:57,4.1,53300,130,卖盘
2121,11:18:03,4.11,13136,32,买盘
2122,11:18:06,4.1,214840,524,卖盘
2123,11:18:09,4.1,20090,49,卖盘
2124,11:18:12,4.11,241320,588,买盘
2125,11:18:15,4.1,29930,73,卖盘
2126,11:18:18,4.1,4510,11,卖盘
2127,11:18:21,4.1,4523939,11034,卖盘
2128,11:18:24,4.1,227504,555,买盘
2129,11:18:27,4.1,14349,35,买盘
2130,11:18:30,4.1,11890,29,买盘
2131,11:18:33,4.1,42152,103,买盘
2132,11:18:39,4.1,116030,283,买盘
2133,11:18:42,4.1,227550,555,买盘
2134,11:18:45,4.1,27060,66,买盘
2135,11:18:48,4.1,4097,10,买盘
2136,11:18:51,4.1,1235601,3021,买盘
2137,11:18:54,4.1,892980,2178,买盘
2138,11:18:57,4.1,3280,8,买盘
2139,11:19:00,4.1,104542,255,买盘
2140,11:19:03,4.1,2869,7,买盘
2141,11:19:06,4.1,79047,193,买盘
2142,11:19:09,4.1,354209,864,买盘
2143,11:19:12,4.1,4100,10,买盘
2144,11:19:15,4.1,473960,1156,买盘
2145,11:19:18,4.09,382110,932,卖盘
2146,11:19:21,4.1,64762,158,中性盘
2147,11:19:24,4.1,428450,1045,卖盘
2148,11:19:27,4.1,137350,335,卖盘
2149,11:19:30,4.1,614690,1499,卖盘
2150,11:19:33,4.11,4515,11,买盘
2151,11:19:36,4.1,16400,40,卖盘
2152,11:19:39,4.11,38956,95,买盘
2153,11:19:42,4.1,41820,102,卖盘
2154,11:19:45,4.11,57419,140,买盘
2155,11:19:48,4.1,38540,94,卖盘
2156,11:19:54,4.1,12300,30,卖盘
2157,11:19:57,4.1,28709,70,卖盘
2158,11:20:00,4.11,50963,124,买盘
2159,11:20:03,4.1,22550,55,卖盘
2160,11:20:06,4.1,410,1,卖盘
2161,11:20:09,4.1,71344,174,卖盘
2162,11:20:12,4.1,123000,300,卖盘
2163,11:20:15,4.1,1230,3,卖盘
2164,11:20:18,4.1,45197,110,卖盘
2165,11:20:24,4.1,280850,685,卖盘
2166,11:20:27,4.1,62320,152,卖盘
2167,11:20:30,4.11,416151,1015,买盘
2168,11:20:33,4.1,27891,68,卖盘
2169,11:20:36,4.1,149650,365,卖盘
2170,11:20:39,4.1,532180,1298,卖盘
2171,11:20:42,4.1,27082,66,卖盘
2172,11:20:45,4.1,336200,820,卖盘
2173,11:20:48,4.1,13944,34,中性盘
2174,11:20:51,4.09,88847,217,卖盘
2175,11:20:54,4.09,5730,14,卖盘
2176,11:20:57,4.1,61907,151,买盘
2177,11:21:00,4.1,15990,39,买盘
2178,11:21:03,4.1,70110,171,买盘
2179,11:21:06,4.1,40621,99,买盘
2180,11:21:09,4.1,42230,103,卖盘
2181,11:21:12,4.1,49610,121,卖盘
2182,11:21:15,4.1,43483,106,卖盘
2183,11:21:18,4.09,404259,986,卖盘
2184,11:21:21,4.1,178760,436,买盘
2185,11:21:24,4.11,61504,150,买盘
2186,11:21:27,4.1,20500,50,卖盘
2187,11:21:30,4.1,161950,395,卖盘
2188,11:21:33,4.1,410,1,卖盘
2189,11:21:36,4.1,225500,550,卖盘
2190,11:21:39,4.1,84460,206,卖盘
2191,11:21:42,4.1,29930,73,卖盘
2192,11:21:45,4.1,95120,232,卖盘
2193,11:21:48,4.1,410,1,卖盘
2194,11:21:51,4.1,72980,178,卖盘
2195,11:21:54,4.1,90610,221,卖盘
2196,11:21:57,4.1,56990,139,卖盘
2197,11:22:00,4.1,13940,34,卖盘
2198,11:22:03,4.11,29126,71,买盘
2199,11:22:06,4.1,15174,37,卖盘
2200,11:22:09,4.1,51250,125,卖盘
2201,11:22:12,4.11,24659,60,买盘
2202,11:22:15,4.1,410000,1000,卖盘
2203,11:22:18,4.1,106600,260,卖盘
2204,11:22:21,4.1,92671,226,卖盘
2205,11:22:24,4.1,44690,109,卖盘
2206,11:22:27,4.11,2464,6,买盘
2207,11:22:30,4.1,14774,36,卖盘
2208,11:22:33,4.1,164410,401,卖盘
2209,11:22:36,4.11,124234,303,买盘
2210,11:22:39,4.1,12710,31,卖盘
2211,11:22:42,4.1,25834,63,卖盘
2212,11:22:45,4.1,43460,106,卖盘
2213,11:22:48,4.1,38541,94,卖盘
2214,11:22:51,4.1,633450,1545,卖盘
2215,11:22:54,4.1,143090,349,卖盘
2216,11:22:57,4.1,1230,3,卖盘
2217,11:23:00,4.1,132020,322,卖盘
2218,11:23:03,4.1,68880,168,买盘
2219,11:23:06,4.09,8591,21,卖盘
2220,11:23:09,4.09,20089,49,卖盘
2221,11:23:12,4.1,179562,438,买盘
2222,11:23:15,4.09,21268,52,卖盘
2223,11:23:18,4.1,14350,35,买盘
2224,11:23:24,4.09,80290,196,卖盘
2225,11:23:27,4.1,35260,86,买盘
2226,11:23:30,4.1,13530,33,买盘
2227,11:23:33,4.1,4100,10,买盘
2228,11:23:36,4.1,32390,79,买盘
2229,11:23:39,4.1,71750,175,买盘
2230,11:23:42,4.1,38130,93,买盘
2231,11:23:45,4.1,177430,433,买盘
2232,11:23:48,4.1,1640,4,买盘
2233,11:23:51,4.09,77482,189,卖盘
2234,11:23:54,4.1,50430,123,买盘
2235,11:23:57,4.1,40997,100,买盘
2236,11:24:03,4.1,37310,91,买盘
2237,11:24:06,4.1,17193,42,买盘
2238,11:24:09,4.1,22140,54,买盘
2239,11:24:12,4.1,6150,15,买盘
2240,11:24:15,4.09,86820,212,卖盘
2241,11:24:18,4.1,145040,354,买盘
2242,11:24:21,4.1,28290,69,买盘
2243,11:24:24,4.09,36887,90,卖盘
2244,11:24:27,4.1,50430,123,买盘
2245,11:24:30,4.1,8200,20,买盘
2246,11:24:33,4.1,809340,1974,买盘
2247,11:24:36,4.1,14760,36,买盘
2248,11:24:39,4.1,216890,529,买盘
2249,11:24:42,4.1,2460,6,买盘
2250,11:24:45,4.1,11070,27,买盘
2251,11:24:48,4.1,120949,295,买盘
2252,11:24:51,4.1,21337,52,买盘
2253,11:24:54,4.1,15580,38,买盘
2254,11:24:57,4.1,113209,276,卖盘
2255,11:25:00,4.1,151290,369,买盘
2256,11:25:03,4.11,66422,162,买盘
2257,11:25:06,4.1,2050,5,中性盘
2258,11:25:09,4.1,1253517,3064,卖盘
2259,11:25:12,4.1,129150,315,买盘
2260,11:25:18,4.1,45100,110,卖盘
2261,11:25:21,4.1,10250,25,卖盘
2262,11:25:24,4.1,253380,618,卖盘
2263,11:25:27,4.1,253790,619,卖盘
2264,11:25:30,4.11,35678,87,买盘
2265,11:25:33,4.1,34030,83,卖盘
2266,11:25:36,4.1,1641,4,卖盘
2267,11:25:39,4.1,114800,280,卖盘
2268,11:25:42,4.1,32801,80,卖盘
2269,11:25:45,4.1,24191,59,卖盘
2270,11:25:51,4.1,17222,42,卖盘
2271,11:25:54,4.1,29545,72,卖盘
2272,11:25:57,4.1,15170,37,卖盘
2273,11:26:06,4.1,70930,173,卖盘
2274,11:26:09,4.1,66014,161,卖盘
2275,11:26:12,4.11,61649,150,买盘
2276,11:26:15,4.11,94429,230,买盘
2277,11:26:18,4.1,27898,68,卖盘
2278,11:26:21,4.1,147190,359,卖盘
2279,11:26:24,4.1,244360,596,卖盘
2280,11:26:27,4.1,330050,805,卖盘
2281,11:26:30,4.11,1644,4,买盘
2282,11:26:33,4.1,36900,90,卖盘
2283,11:26:36,4.1,10660,26,卖盘
2284,11:26:39,4.1,65600,160,卖盘
2285,11:26:42,4.1,821,2,卖盘
2286,11:26:48,4.1,26241,64,卖盘
2287,11:26:51,4.1,161110,392,卖盘
2288,11:26:54,4.1,47585,116,卖盘
2289,11:26:57,4.1,43469,106,卖盘
2290,11:27:06,4.1,9433,23,卖盘
2291,11:27:09,4.1,32390,79,卖盘
2292,11:27:12,4.1,7389,18,卖盘
2293,11:27:15,4.1,89798,219,卖盘
2294,11:27:18,4.1,20500,50,卖盘
2295,11:27:21,4.1,47150,115,卖盘
2296,11:27:24,4.11,411,1,买盘
2297,11:27:27,4.1,24600,60,卖盘
2298,11:27:30,4.1,21322,52,卖盘
2299,11:27:33,4.1,38540,94,卖盘
2300,11:27:36,4.1,9840,24,卖盘
2301,11:27:39,4.1,1640,4,卖盘
2302,11:27:42,4.11,2054,5,买盘
2303,11:27:45,4.11,104393,254,买盘
2304,11:27:48,4.11,4109,10,买盘
2305,11:27:51,4.11,18454,45,买盘
2306,11:27:54,4.11,76299,186,买盘
2307,11:27:57,4.1,10660,26,卖盘
2308,11:28:00,4.1,29930,73,卖盘
2309,11:28:03,4.1,29110,71,卖盘
2310,11:28:06,4.1,32800,80,卖盘
2311,11:28:15,4.1,71751,175,卖盘
2312,11:28:18,4.1,20946,51,卖盘
2313,11:28:21,4.1,88322,215,卖盘
2314,11:28:24,4.1,45108,110,卖盘
2315,11:28:27,4.1,211985,517,卖盘
2316,11:28:30,4.11,47155,115,买盘
2317,11:28:33,4.11,1644,4,买盘
2318,11:28:36,4.1,13940,34,卖盘
2319,11:28:39,4.11,85697,209,买盘
2320,11:28:42,4.11,2466,6,买盘
2321,11:28:45,4.11,25469,62,买盘
2322,11:28:48,4.11,18495,45,买盘
2323,11:28:51,4.11,39773,97,买盘
2324,11:28:54,4.1,24217,59,卖盘
2325,11:28:57,4.1,627116,1529,卖盘
2326,11:29:00,4.11,119028,290,买盘
2327,11:29:03,4.1,66037,161,卖盘
2328,11:29:06,4.1,82000,200,卖盘
2329,11:29:12,4.1,118900,290,卖盘
2330,11:29:15,4.1,820,2,卖盘
2331,11:29:21,4.11,340152,828,买盘
2332,11:29:24,4.1,8218,20,卖盘
2333,11:29:27,4.11,1644,4,买盘
2334,11:29:30,4.11,39449,96,买盘
2335,11:29:33,4.11,16838,41,买盘
2336,11:29:36,4.1,9850,24,卖盘
2337,11:29:39,4.1,1643,4,卖盘
2338,11:29:42,4.1,41020,100,卖盘
2339,11:29:45,4.11,105792,258,买盘
2340,11:29:48,4.11,9041,22,买盘
2341,11:29:54,4.11,411,1,买盘
2342,11:29:57,4.1,5330,13,卖盘
2343,13:00:00,4.1,1344947,3280,卖盘
2344,13:00:03,4.1,3858779,9409,卖盘
2345,13:00:06,4.1,1017268,2481,卖盘
2346,13:00:09,4.1,1086914,2651,卖盘
2347,13:00:12,4.1,157030,383,卖盘
2348,13:00:15,4.1,339890,829,卖盘
2349,13:00:18,4.1,111520,272,卖盘
2350,13:00:21,4.11,60285,147,买盘
2351,13:00:24,4.1,12300,30,卖盘
2352,13:00:27,4.1,410,1,卖盘
2353,13:00:30,4.1,23370,57,卖盘
2354,13:00:33,4.1,122244,298,卖盘
2355,13:00:36,4.1,27064,66,卖盘
2356,13:00:39,4.11,4929,12,买盘
2357,13:00:42,4.11,18493,45,买盘
2358,13:00:45,4.1,2870,7,卖盘
2359,13:00:48,4.1,34082,83,卖盘
2360,13:00:51,4.1,5330,13,卖盘
2361,13:00:54,4.11,1644,4,买盘
2362,13:00:57,4.1,35670,87,卖盘
2363,13:01:00,4.1,59450,145,卖盘
2364,13:01:03,4.1,37315,91,卖盘
2365,13:01:06,4.1,7790,19,卖盘
2366,13:01:09,4.11,18494,45,买盘
2367,13:01:12,4.1,79540,194,卖盘
2368,13:01:15,4.1,12710,31,卖盘
2369,13:01:21,4.1,410,1,卖盘
2370,13:01:24,4.11,50864,124,买盘
2371,13:01:27,4.1,7790,19,卖盘
2372,13:01:30,4.1,403030,983,卖盘
2373,13:01:33,4.11,72985,178,买盘
2374,13:01:36,4.1,410,1,卖盘
2375,13:01:39,4.11,411,1,买盘
2376,13:01:42,4.1,47634,116,卖盘
2377,13:01:45,4.11,11487,28,买盘
2378,13:01:48,4.1,51251,125,卖盘
2379,13:01:51,4.1,191478,467,卖盘
2380,13:01:54,4.1,585890,1429,卖盘
2381,13:01:57,4.1,7178694,17509,卖盘
2382,13:02:00,4.09,2470530,6026,卖盘
2383,13:02:03,4.1,146263,357,买盘
2384,13:02:06,4.09,21684,53,卖盘
2385,13:02:09,4.09,23722,58,卖盘
2386,13:02:12,4.09,56099,137,卖盘
2387,13:02:15,4.1,5328770,12997,买盘
2388,13:02:18,4.1,866047,2117,买盘
2389,13:02:21,4.1,11480,28,买盘
2390,13:02:24,4.1,35660,87,买盘
2391,13:02:27,4.09,62168,152,卖盘
2392,13:02:30,4.09,43385,106,卖盘
2393,13:02:33,4.09,27025,66,卖盘
2394,13:02:36,4.09,3681,9,卖盘
2395,13:02:39,4.09,4909,12,卖盘
2396,13:02:42,4.1,22957,56,买盘
2397,13:02:45,4.1,29098,71,买盘
2398,13:02:48,4.1,59441,145,买盘
2399,13:02:51,4.1,10638,26,买盘
2400,13:02:54,4.09,2863,7,卖盘
2401,13:02:57,4.09,8998,22,卖盘
2402,13:03:00,4.09,22904,56,卖盘
2403,13:03:03,4.1,95932,234,买盘
2404,13:03:06,4.1,32724,80,买盘
2405,13:03:09,4.09,6544,16,卖盘
2406,13:03:12,4.09,87121,213,卖盘
2407,13:03:15,4.09,28636,70,卖盘
2408,13:03:18,4.09,22505,55,卖盘
2409,13:03:21,4.09,7362,18,卖盘
2410,13:03:24,4.09,48368,118,卖盘
2411,13:03:27,4.09,29093,71,卖盘
2412,13:03:30,4.1,11048,27,买盘
2413,13:03:33,4.1,66259,162,买盘
2414,13:03:36,4.1,13938,34,买盘
2415,13:03:39,4.09,10225,25,卖盘
2416,13:03:42,4.1,34429,84,买盘
2417,13:03:45,4.09,14728,36,卖盘
2418,13:03:48,4.1,410,1,买盘
2419,13:03:54,4.09,14345,35,卖盘
2420,13:04:00,4.09,11459,28,卖盘
2421,13:04:03,4.09,27441,67,卖盘
2422,13:04:06,4.1,1811357,4418,买盘
2423,13:04:09,4.1,3769861,9195,买盘
2424,13:04:12,4.11,1033974,2516,买盘
2425,13:04:15,4.11,2874,7,买盘
2426,13:04:18,4.1,1641,4,卖盘
2427,13:04:21,4.1,41000,100,卖盘
2428,13:04:24,4.11,822,2,买盘
2429,13:04:27,4.1,12324,30,卖盘
2430,13:04:30,4.1,41000,100,卖盘
2431,13:04:33,4.11,54566,133,买盘
2432,13:04:36,4.11,40205,98,买盘
2433,13:04:39,4.1,46340,113,卖盘
2434,13:04:42,4.1,2870,7,卖盘
2435,13:04:45,4.1,13962,34,卖盘
2436,13:04:48,4.1,18074,44,卖盘
2437,13:04:51,4.11,10267,25,买盘
2438,13:04:54,4.11,32444,79,买盘
2439,13:05:00,4.1,11085,27,卖盘
2440,13:05:03,4.1,82410,201,卖盘
2441,13:05:06,4.11,24249,59,买盘
2442,13:05:09,4.1,6569,16,卖盘
2443,13:05:12,4.11,152481,371,买盘
2444,13:05:15,4.11,110460,269,买盘
2445,13:05:18,4.1,1230,3,卖盘
2446,13:05:21,4.11,9042,22,买盘
2447,13:05:27,4.1,41000,100,卖盘
2448,13:05:30,4.1,22559,55,卖盘
2449,13:05:33,4.1,25010,61,卖盘
2450,13:05:36,4.11,33291,81,买盘
2451,13:05:39,4.11,822,2,买盘
2452,13:05:45,4.1,45154,110,卖盘
2453,13:05:48,4.1,34850,85,卖盘
2454,13:05:51,4.1,15580,38,卖盘
2455,13:05:54,4.11,20139,49,买盘
2456,13:05:57,4.1,134070,327,卖盘
2457,13:06:00,4.11,25070,61,买盘
2458,13:06:03,4.11,41100,100,买盘
2459,13:06:06,4.11,4924,12,买盘
2460,13:06:15,4.1,6155,15,卖盘
2461,13:06:18,4.11,123480,301,买盘
2462,13:06:21,4.1,36980,90,卖盘
2463,13:06:24,4.11,21756,53,买盘
2464,13:06:27,4.1,28712,70,卖盘
2465,13:06:30,4.11,411,1,买盘
2466,13:06:36,4.11,1233,3,买盘
2467,13:06:39,4.11,822,2,买盘
2468,13:06:42,4.1,17633,43,卖盘
2469,13:06:45,4.11,24660,60,买盘
2470,13:06:48,4.11,13123,32,买盘
2471,13:06:51,4.1,55762,136,卖盘
2472,13:06:54,4.11,76334,186,买盘
2473,13:06:57,4.11,1233,3,买盘
2474,13:07:00,4.1,87332,213,卖盘
2475,13:07:03,4.11,50853,124,买盘
2476,13:07:06,4.11,35757,87,买盘
2477,13:07:09,4.11,37401,91,买盘
2478,13:07:12,4.11,2877,7,买盘
2479,13:07:15,4.11,822,2,买盘
2480,13:07:18,4.11,1233,3,买盘
2481,13:07:21,4.11,822,2,买盘
2482,13:07:24,4.11,76857,187,买盘
2483,13:07:27,4.11,2463,6,买盘
2484,13:07:30,4.11,22194,54,买盘
2485,13:07:33,4.11,9023,22,买盘
2486,13:07:36,4.11,42232,103,买盘
2487,13:07:39,4.11,20503,50,买盘
2488,13:07:42,4.11,2466,6,买盘
2489,13:07:45,4.11,30003,73,买盘
2490,13:07:48,4.11,24236,59,买盘
2491,13:07:51,4.11,822,2,买盘
2492,13:07:54,4.11,38566,94,买盘
2493,13:07:57,4.1,26657,65,卖盘
2494,13:08:00,4.11,822,2,买盘
2495,13:08:03,4.11,43566,106,买盘
2496,13:08:06,4.11,822,2,买盘
2497,13:08:09,4.11,2877,7,买盘
2498,13:08:12,4.11,5343,13,买盘
2499,13:08:15,4.11,56718,138,买盘
2500,13:08:18,4.11,1233,3,买盘
2501,13:08:21,4.11,231680,565,买盘
2502,13:08:24,4.11,23398,57,买盘
2503,13:08:27,4.11,51365,125,买盘
2504,13:08:30,4.11,26254,64,买盘
2505,13:08:33,4.11,44388,108,买盘
2506,13:08:36,4.11,17248,42,买盘
2507,13:08:39,4.11,1233,3,买盘
2508,13:08:42,4.11,56696,138,买盘
2509,13:08:45,4.11,41918,102,买盘
2510,13:08:48,4.1,143139,349,卖盘
2511,13:08:51,4.1,36494,89,卖盘
2512,13:08:54,4.11,77156,188,买盘
2513,13:08:57,4.11,33212,81,买盘
2514,13:09:00,4.11,2877,7,买盘
2515,13:09:03,4.11,17673,43,买盘
2516,13:09:06,4.1,6563,16,卖盘
2517,13:09:09,4.11,93896,229,买盘
2518,13:09:12,4.11,53383,130,买盘
2519,13:09:15,4.11,45927,112,买盘
2520,13:09:18,4.11,2466,6,买盘
2521,13:09:21,4.11,10685,26,买盘
2522,13:09:24,4.11,1233,3,买盘
2523,13:09:27,4.11,4512,11,买盘
2524,13:09:30,4.11,1233,3,买盘
2525,13:09:33,4.11,822,2,买盘
2526,13:09:36,4.11,822,2,买盘
2527,13:09:39,4.11,275370,670,买盘
2528,13:09:42,4.11,28770,70,买盘
2529,13:09:45,4.11,66931,163,买盘
2530,13:09:48,4.11,84666,206,买盘
2531,13:09:51,4.11,24225,59,买盘
2532,13:09:54,4.11,1644,4,买盘
2533,13:09:57,4.11,822,2,买盘
2534,13:10:00,4.11,97196,237,买盘
2535,13:10:03,4.11,822,2,买盘
2536,13:10:06,4.11,7388,18,买盘
2537,13:10:09,4.1,57094,139,卖盘
2538,13:10:12,4.1,195626,476,卖盘
2539,13:10:15,4.11,39045,95,买盘
2540,13:10:18,4.11,822,2,买盘
2541,13:10:21,4.11,21733,53,买盘
2542,13:10:24,4.11,5332,13,买盘
2543,13:10:27,4.11,35262,86,买盘
2544,13:10:30,4.11,5333,13,买盘
2545,13:10:33,4.11,25071,61,买盘
2546,13:10:36,4.11,95691,233,买盘
2547,13:10:39,4.1,84052,205,卖盘
2548,13:10:42,4.11,109216,266,买盘
2549,13:10:45,4.11,30003,73,买盘
2550,13:10:48,4.11,80001,195,买盘
2551,13:10:51,4.1,21340,52,卖盘
2552,13:10:54,4.1,4519,11,卖盘
2553,13:10:57,4.11,24660,60,买盘
2554,13:11:00,4.11,17222,42,买盘
2555,13:11:03,4.11,27492,67,买盘
2556,13:11:06,4.11,17262,42,买盘
2557,13:11:09,4.11,822,2,买盘
2558,13:11:12,4.11,11097,27,买盘
2559,13:11:15,4.1,38542,94,卖盘
2560,13:11:18,4.11,822,2,买盘
2561,13:11:21,4.11,11095,27,买盘
2562,13:11:24,4.11,822,2,买盘
2563,13:11:27,4.11,13553,33,买盘
2564,13:11:30,4.1,23379,57,卖盘
2565,13:11:33,4.1,40614,99,卖盘
2566,13:11:36,4.11,22143,54,买盘
2567,13:11:39,4.11,31595,77,买盘
2568,13:11:42,4.11,21367,52,买盘
2569,13:11:45,4.11,45151,110,买盘
2570,13:11:48,4.11,66098,161,买盘
2571,13:11:51,4.11,62472,152,买盘
2572,13:11:54,4.11,58773,143,买盘
2573,13:11:57,4.11,27883,68,买盘
2574,13:12:00,4.1,82822,202,卖盘
2575,13:12:03,4.1,5747,14,卖盘
2576,13:12:06,4.11,25886,63,买盘
2577,13:12:09,4.1,53729,131,卖盘
2578,13:12:12,4.11,1233,3,买盘
2579,13:12:15,4.1,44286,108,卖盘
2580,13:12:18,4.11,11097,27,买盘
2581,13:12:21,4.11,5335,13,买盘
2582,13:12:24,4.1,54536,133,卖盘
2583,13:12:27,4.11,2053,5,买盘
2584,13:12:30,4.1,16020,39,卖盘
2585,13:12:33,4.11,1233,3,买盘
2586,13:12:36,4.11,2466,6,买盘
2587,13:12:39,4.11,10663,26,买盘
2588,13:12:42,4.11,3698,9,买盘
2589,13:12:45,4.1,26259,64,卖盘
2590,13:12:48,4.11,15196,37,买盘
2591,13:12:51,4.11,822,2,买盘
2592,13:12:54,4.11,1643,4,买盘
2593,13:12:57,4.1,58632,143,卖盘
2594,13:13:00,4.11,11919,29,买盘
2595,13:13:03,4.11,6165,15,买盘
2596,13:13:06,4.11,822,2,买盘
2597,13:13:09,4.11,2877,7,买盘
2598,13:13:12,4.11,23016,56,买盘
2599,13:13:15,4.1,28704,70,卖盘
2600,13:13:18,4.1,3698,9,卖盘
2601,13:13:21,4.1,54974,134,卖盘
2602,13:13:24,4.11,21343,52,买盘
2603,13:13:27,4.11,11919,29,买盘
2604,13:13:30,4.1,23372,57,卖盘
2605,13:13:33,4.1,1643,4,卖盘
2606,13:13:36,4.11,10275,25,买盘
2607,13:13:39,4.11,28359,69,买盘
2608,13:13:42,4.1,15205,37,卖盘
2609,13:13:45,4.11,30825,75,买盘
2610,13:13:48,4.11,24624,60,买盘
2611,13:13:51,4.11,15207,37,买盘
2612,13:13:54,4.11,55896,136,买盘
2613,13:13:57,4.1,47628,116,卖盘
2614,13:14:00,4.11,28770,70,买盘
2615,13:14:03,4.11,42720,104,买盘
2616,13:14:06,4.11,84666,206,买盘
2617,13:14:09,4.11,1233,3,买盘
2618,13:14:12,4.11,66514,162,买盘
2619,13:14:15,4.1,76673,187,卖盘
2620,13:14:18,4.1,47152,115,卖盘
2621,13:14:21,4.11,96017,234,买盘
2622,13:14:24,4.11,35301,86,买盘
2623,13:14:27,4.11,205844,502,买盘
2624,13:14:30,4.11,50023,122,买盘
2625,13:14:33,4.11,436071,1061,买盘
2626,13:14:36,4.1,93482,228,卖盘
2627,13:14:39,4.1,108881,265,卖盘
2628,13:14:42,4.1,23012,56,卖盘
2629,13:14:45,4.11,11507,28,买盘
2630,13:14:48,4.11,4512,11,买盘
2631,13:14:51,4.11,20913,51,买盘
2632,13:14:54,4.11,95218,232,买盘
2633,13:14:57,4.11,2466,6,买盘
2634,13:15:00,4.1,79208,193,卖盘
2635,13:15:03,4.11,29982,73,买盘
2636,13:15:06,4.11,62733,153,买盘
2637,13:15:09,4.11,27063,66,买盘
2638,13:15:12,4.11,29180,71,买盘
2639,13:15:15,4.11,40601,99,买盘
2640,13:15:18,4.11,3699,9,买盘
2641,13:15:21,4.11,8203,20,买盘
2642,13:15:24,4.11,1232,3,买盘
2643,13:15:27,4.11,83264,203,买盘
2644,13:15:30,4.11,70998,173,买盘
2645,13:15:33,4.11,91495,223,买盘
2646,13:15:36,4.1,25890,63,卖盘
2647,13:15:39,4.11,30825,75,买盘
2648,13:15:42,4.11,2466,6,买盘
2649,13:15:45,4.11,6153,15,买盘
2650,13:15:48,4.11,44773,109,买盘
2651,13:15:51,4.11,50024,122,买盘
2652,13:15:54,4.11,9864,24,买盘
2653,13:15:57,4.11,61143,149,买盘
2654,13:16:00,4.1,25454,62,卖盘
2655,13:16:03,4.11,14385,35,买盘
2656,13:16:06,4.11,671173,1637,买盘
2657,13:16:09,4.11,2877,7,买盘
2658,13:16:12,4.11,137274,334,买盘
2659,13:16:15,4.11,2052,5,买盘
2660,13:16:18,4.11,52917,129,买盘
2661,13:16:21,4.11,110970,270,买盘
2662,13:16:24,4.1,72333,176,卖盘
2663,13:16:27,4.11,83403,203,买盘
2664,13:16:30,4.1,52579,128,卖盘
2665,13:16:33,4.1,123655,301,卖盘
2666,13:16:36,4.1,65318,159,卖盘
2667,13:16:39,4.11,2055,5,买盘
2668,13:16:42,4.1,22960,56,卖盘
2669,13:16:51,4.11,8220,20,买盘
2670,13:16:54,4.11,2874,7,买盘
2671,13:16:57,4.11,47178,115,买盘
2672,13:17:00,4.1,11890,29,卖盘
2673,13:17:03,4.1,36513,89,卖盘
2674,13:17:06,4.11,110292,269,买盘
2675,13:17:09,4.1,40180,98,卖盘
2676,13:17:12,4.11,54206,132,买盘
2677,13:17:15,4.11,20550,50,买盘
2678,13:17:27,4.1,4920,12,卖盘
2679,13:17:30,4.1,12300,30,卖盘
2680,13:17:33,4.1,10273,25,卖盘
2681,13:17:36,4.1,9431,23,卖盘
2682,13:17:39,4.1,5330,13,卖盘
2683,13:17:42,4.1,52509,128,卖盘
2684,13:17:45,4.1,39845,97,卖盘
2685,13:17:51,4.1,6150,15,卖盘
2686,13:17:54,4.11,1644,4,买盘
2687,13:17:57,4.11,8631,21,买盘
2688,13:18:00,4.1,26674,65,卖盘
2689,13:18:03,4.11,2055,5,买盘
2690,13:18:06,4.11,1233,3,买盘
2691,13:18:09,4.1,5330,13,卖盘
2692,13:18:12,4.11,1233,3,买盘
2693,13:18:15,4.11,4110,10,买盘
2694,13:18:18,4.1,47150,115,卖盘
2695,13:18:24,4.11,143094,349,买盘
2696,13:18:27,4.11,41915,102,买盘
2697,13:18:30,4.1,12710,31,卖盘
2698,13:18:33,4.11,11483,28,买盘
2699,13:18:36,4.11,411,1,买盘
2700,13:18:39,4.1,410,1,卖盘
2701,13:18:42,4.1,4100,10,卖盘
2702,13:18:45,4.11,79323,193,买盘
2703,13:18:48,4.11,411,1,买盘
2704,13:18:51,4.11,49721,121,买盘
2705,13:18:54,4.11,247232,603,买盘
2706,13:18:57,4.11,11919,29,买盘
2707,13:19:00,4.1,156778,382,卖盘
2708,13:19:03,4.1,82000,200,卖盘
2709,13:19:06,4.11,37360,91,买盘
2710,13:19:09,4.1,1640,4,卖盘
2711,13:19:12,4.11,45571,111,买盘
2712,13:19:15,4.11,57019,139,买盘
2713,13:19:18,4.1,31161,76,卖盘
2714,13:19:21,4.1,20549,50,卖盘
2715,13:19:24,4.1,75911,185,卖盘
2716,13:19:27,4.1,13971,34,卖盘
2717,13:19:30,4.1,17224,42,卖盘
2718,13:19:33,4.1,4100,10,卖盘
2719,13:19:36,4.11,411,1,买盘
2720,13:19:39,4.11,92272,225,买盘
2721,13:19:42,4.1,5740,14,卖盘
2722,13:19:45,4.11,32873,80,买盘
2723,13:19:48,4.1,39830,97,卖盘
2724,13:19:51,4.1,23781,58,卖盘
2725,13:19:54,4.1,20093,49,卖盘
2726,13:19:57,4.1,111520,272,卖盘
2727,13:20:00,4.1,1230,3,卖盘
2728,13:20:03,4.1,50095,122,卖盘
2729,13:20:06,4.1,18865,46,卖盘
2730,13:20:09,4.1,6150,15,卖盘
2731,13:20:12,4.11,22554,55,买盘
2732,13:20:15,4.1,86100,210,卖盘
2733,13:20:18,4.1,105370,257,卖盘
2734,13:20:21,4.11,57879,141,买盘
2735,13:20:24,4.1,41450,101,卖盘
2736,13:20:27,4.1,32057,78,卖盘
2737,13:20:33,4.11,13151,32,买盘
2738,13:20:36,4.11,9452,23,买盘
2739,13:20:42,4.11,20550,50,买盘
2740,13:20:45,4.1,70616,172,卖盘
2741,13:20:51,4.1,57539,140,卖盘
2742,13:20:54,4.1,86149,210,卖盘
2743,13:20:57,4.11,31640,77,买盘
2744,13:21:03,4.1,1640,4,卖盘
2745,13:21:06,4.11,67246,164,买盘
2746,13:21:09,4.11,4110,10,买盘
2747,13:21:12,4.11,9453,23,买盘
2748,13:21:15,4.11,40214,98,买盘
2749,13:21:18,4.11,22987,56,买盘
2750,13:21:21,4.1,4510,11,卖盘
2751,13:21:24,4.1,1230,3,卖盘
2752,13:21:27,4.1,21321,52,卖盘
2753,13:21:30,4.11,20932,51,买盘
2754,13:21:33,4.1,82937,202,卖盘
2755,13:21:36,4.1,2876,7,卖盘
2756,13:21:39,4.11,3699,9,买盘
2757,13:21:45,4.11,58361,142,买盘
2758,13:21:48,4.11,4932,12,买盘
2759,13:21:51,4.1,820,2,卖盘
2760,13:21:54,4.11,18495,45,买盘
2761,13:21:57,4.1,44338,108,卖盘
2762,13:22:03,4.1,15991,39,卖盘
2763,13:22:06,4.11,7398,18,买盘
2764,13:22:09,4.11,234615,571,买盘
2765,13:22:12,4.11,17246,42,买盘
2766,13:22:15,4.1,22551,55,卖盘
2767,13:22:18,4.11,50553,123,买盘
2768,13:22:21,4.1,5340,13,卖盘
2769,13:22:24,4.1,13530,33,卖盘
2770,13:22:27,4.1,1640,4,卖盘
2771,13:22:36,4.1,3281,8,卖盘
2772,13:22:45,4.11,31236,76,买盘
2773,13:22:48,4.1,120540,294,卖盘
2774,13:22:51,4.1,18069,44,卖盘
2775,13:22:54,4.1,86972,212,卖盘
2776,13:22:57,4.1,120699,294,卖盘
2777,13:23:00,4.1,415330,1013,卖盘
2778,13:23:03,4.1,227260,553,卖盘
2779,13:23:06,4.1,92251,225,卖盘
2780,13:23:09,4.11,76857,187,买盘
2781,13:23:12,4.11,16824,41,买盘
2782,13:23:15,4.11,41922,102,买盘
2783,13:23:18,4.11,32035,78,买盘
2784,13:23:21,4.1,1640,4,卖盘
2785,13:23:24,4.11,29180,71,买盘
2786,13:23:27,4.11,5337,13,买盘
2787,13:23:33,4.11,9042,22,买盘
2788,13:23:39,4.11,18896,46,买盘
2789,13:23:42,4.1,86940,212,卖盘
2790,13:23:45,4.11,52197,127,买盘
2791,13:23:48,4.11,411,1,买盘
2792,13:23:51,4.11,4930,12,买盘
2793,13:23:57,4.11,20550,50,买盘
2794,13:24:00,4.1,102600,250,卖盘
2795,13:24:03,4.11,5744,14,买盘
2796,13:24:06,4.1,39019,95,卖盘
2797,13:24:09,4.1,410,1,卖盘
2798,13:24:12,4.1,44739,109,卖盘
2799,13:24:15,4.11,4932,12,买盘
2800,13:24:18,4.1,11506,28,卖盘
2801,13:24:21,4.1,1230,3,卖盘
2802,13:24:24,4.1,410,1,卖盘
2803,13:24:27,4.1,14371,35,卖盘
2804,13:24:30,4.1,410,1,卖盘
2805,13:24:33,4.1,1640,4,卖盘
2806,13:24:36,4.1,22554,55,卖盘
2807,13:24:39,4.11,411,1,买盘
2808,13:24:42,4.11,24214,59,买盘
2809,13:24:45,4.11,39045,95,买盘
2810,13:24:48,4.11,821,2,买盘
2811,13:24:51,4.11,29953,73,买盘
2812,13:24:57,4.1,4510,11,卖盘
2813,13:25:00,4.1,2050,5,卖盘
2814,13:25:03,4.11,4110,10,买盘
2815,13:25:06,4.1,18467,45,卖盘
2816,13:25:09,4.11,37766,92,买盘
2817,13:25:12,4.1,93077,227,卖盘
2818,13:25:15,4.1,27526,67,卖盘
2819,13:25:18,4.1,39798,97,卖盘
2820,13:25:21,4.1,15580,38,卖盘
2821,13:25:24,4.1,3280,8,卖盘
2822,13:25:27,4.1,1640,4,卖盘
2823,13:25:30,4.11,9864,24,买盘
2824,13:25:33,4.1,64016,156,卖盘
2825,13:25:36,4.1,45567,111,卖盘
2826,13:25:39,4.1,20500,50,卖盘
2827,13:25:42,4.11,25444,62,买盘
2828,13:25:45,4.1,112001,273,卖盘
2829,13:25:48,4.1,100615,245,卖盘
2830,13:25:51,4.1,49613,121,卖盘
2831,13:25:54,4.1,27060,66,卖盘
2832,13:25:57,4.1,26302,64,卖盘
2833,13:26:00,4.1,4920,12,卖盘
2834,13:26:03,4.1,11891,29,卖盘
2835,13:26:06,4.1,4923,12,卖盘
2836,13:26:09,4.1,1331270,3247,卖盘
2837,13:26:12,4.1,213212,520,卖盘
2838,13:26:15,4.11,279888,681,买盘
2839,13:26:18,4.11,21329,52,买盘
2840,13:26:21,4.1,5330,13,卖盘
2841,13:26:24,4.11,18889,46,买盘
2842,13:26:27,4.1,10250,25,卖盘
2843,13:26:30,4.1,33238,81,卖盘
2844,13:26:33,4.11,14375,35,买盘
2845,13:26:36,4.11,6162,15,买盘
2846,13:26:39,4.1,88970,217,卖盘
2847,13:26:42,4.1,43514,106,卖盘
2848,13:26:45,4.1,202696,494,卖盘
2849,13:26:48,4.11,157140,383,买盘
2850,13:26:51,4.1,76690,187,卖盘
2851,13:26:54,4.1,172200,420,卖盘
2852,13:26:57,4.1,103477,252,卖盘
2853,13:27:00,4.11,102527,250,买盘
2854,13:27:03,4.11,596244,1454,买盘
2855,13:27:06,4.11,135168,329,买盘
2856,13:27:09,4.11,1233,3,买盘
2857,13:27:12,4.1,492015,1200,卖盘
2858,13:27:15,4.11,5754,14,买盘
2859,13:27:18,4.11,48857,119,买盘
2860,13:27:21,4.11,101106,246,买盘
2861,13:27:24,4.1,2876,7,卖盘
2862,13:27:27,4.11,32879,80,买盘
2863,13:27:30,4.1,45518,111,卖盘
2864,13:27:33,4.1,13145,32,卖盘
2865,13:27:36,4.1,13557,33,卖盘
2866,13:27:39,4.1,220990,539,卖盘
2867,13:27:42,4.1,5740,14,卖盘
2868,13:27:45,4.11,47676,116,买盘
2869,13:27:48,4.1,28357,69,卖盘
2870,13:27:51,4.11,411,1,买盘
2871,13:27:54,4.1,47150,115,卖盘
2872,13:27:57,4.11,29980,73,买盘
2873,13:28:00,4.11,41511,101,买盘
2874,13:28:03,4.11,1233,3,买盘
2875,13:28:06,4.11,22194,54,买盘
2876,13:28:09,4.1,13963,34,卖盘
2877,13:28:12,4.1,48794,119,卖盘
2878,13:28:15,4.11,76696,187,买盘
2879,13:28:18,4.1,107420,262,卖盘
2880,13:28:21,4.1,3940100,9610,卖盘
2881,13:28:24,4.1,348179,849,卖盘
2882,13:28:27,4.1,124232,303,卖盘
2883,13:28:30,4.11,606210,1475,买盘
2884,13:28:33,4.1,76346,186,卖盘
2885,13:28:36,4.1,330064,805,卖盘
2886,13:28:39,4.1,100456,245,卖盘
2887,13:28:42,4.1,20509,50,卖盘
2888,13:28:45,4.1,18869,46,卖盘
2889,13:28:48,4.1,144480,352,卖盘
2890,13:28:51,4.11,43468,106,买盘
2891,13:28:54,4.11,76424,186,买盘
2892,13:28:57,4.11,7793,19,买盘
2893,13:29:00,4.1,45921,112,卖盘
2894,13:29:03,4.11,43154,105,买盘
2895,13:29:06,4.1,31627,77,卖盘
2896,13:29:09,4.11,58771,143,买盘
2897,13:29:12,4.11,8219,20,买盘
2898,13:29:15,4.1,50906,124,卖盘
2899,13:29:18,4.1,14782,36,卖盘
2900,13:29:21,4.11,15614,38,买盘
2901,13:29:24,4.11,39044,95,买盘
2902,13:29:27,4.11,156591,381,买盘
2903,13:29:30,4.11,31236,76,买盘
2904,13:29:33,4.11,106038,258,买盘
2905,13:29:36,4.11,78910,192,买盘
2906,13:29:39,4.11,118368,288,买盘
2907,13:29:42,4.11,3287,8,买盘
2908,13:29:45,4.11,10686,26,买盘
2909,13:29:48,4.11,46030,112,买盘
2910,13:29:51,4.1,25021,61,卖盘
2911,13:29:54,4.11,6981,17,买盘
2912,13:29:57,4.11,1233,3,买盘
2913,13:30:00,4.1,27528,67,卖盘
2914,13:30:03,4.1,120411,293,卖盘
2915,13:30:06,4.11,3287,8,买盘
2916,13:30:09,4.11,2877,7,买盘
2917,13:30:12,4.11,25472,62,买盘
2918,13:30:15,4.11,23014,56,买盘
2919,13:30:21,4.1,1640,4,卖盘
2920,13:30:24,4.1,410,1,卖盘
2921,13:30:27,4.11,22194,54,买盘
2922,13:30:30,4.1,6560,16,卖盘
2923,13:30:33,4.1,1230,3,卖盘
2924,13:30:36,4.1,2871,7,卖盘
2925,13:30:39,4.1,7790,19,卖盘
2926,13:30:42,4.1,2460,6,卖盘
2927,13:30:45,4.1,8610,21,卖盘
2928,13:30:48,4.1,25830,63,卖盘
2929,13:30:51,4.1,20501,50,卖盘
2930,13:30:54,4.1,19680,48,卖盘
2931,13:30:57,4.1,6970,17,卖盘
2932,13:31:00,4.1,28306,69,卖盘
2933,13:31:03,4.1,31998,78,卖盘
2934,13:31:06,4.1,61096,149,卖盘
2935,13:31:09,4.1,4100,10,卖盘
2936,13:31:12,4.11,2055,5,买盘
2937,13:31:15,4.1,21320,52,卖盘
2938,13:31:18,4.1,217300,530,卖盘
2939,13:31:21,4.11,1643,4,买盘
2940,13:31:24,4.11,30824,75,买盘
2941,13:31:27,4.1,34440,84,卖盘
2942,13:31:30,4.1,205000,500,卖盘
2943,13:31:33,4.1,41820,102,卖盘
2944,13:31:36,4.11,48382,118,买盘
2945,13:31:39,4.1,32804,80,卖盘
2946,13:31:45,4.1,24605,60,卖盘
2947,13:31:48,4.1,20500,50,卖盘
2948,13:31:51,4.1,11893,29,卖盘
2949,13:31:54,4.1,16400,40,卖盘
2950,13:31:57,4.1,88970,217,卖盘
2951,13:32:00,4.1,410,1,卖盘
2952,13:32:03,4.11,25893,63,买盘
2953,13:32:06,4.11,70571,172,买盘
2954,13:32:09,4.11,55002,134,买盘
2955,13:32:12,4.11,13972,34,买盘
2956,13:32:15,4.1,242473,590,卖盘
2957,13:32:18,4.1,11918,29,卖盘
2958,13:32:21,4.11,6982,17,买盘
2959,13:32:24,4.1,13964,34,卖盘
2960,13:32:30,4.1,18860,46,卖盘
2961,13:32:33,4.1,45511,111,卖盘
2962,13:32:36,4.1,14350,35,卖盘
2963,13:32:39,4.1,59450,145,卖盘
2964,13:32:42,4.11,822,2,买盘
2965,13:32:45,4.1,23818,58,卖盘
2966,13:32:48,4.11,66085,161,买盘
2967,13:32:51,4.11,205500,500,买盘
2968,13:32:54,4.1,9430,23,卖盘
2969,13:32:57,4.1,35732,87,卖盘
2970,13:33:00,4.1,812211,1981,卖盘
2971,13:33:03,4.1,12308,30,卖盘
2972,13:33:06,4.11,59045,144,买盘
2973,13:33:09,4.11,3697,9,买盘
2974,13:33:12,4.1,59457,145,卖盘
2975,13:33:15,4.11,1644,4,买盘
2976,13:33:18,4.1,195987,478,卖盘
2977,13:33:21,4.1,6970,17,卖盘
2978,13:33:24,4.1,8200,20,卖盘
2979,13:33:27,4.11,25891,63,买盘
2980,13:33:30,4.1,1230,3,卖盘
2981,13:33:33,4.1,4100,10,卖盘
2982,13:33:36,4.1,1643,4,卖盘
2983,13:33:39,4.1,410,1,卖盘
2984,13:33:42,4.1,4100,10,卖盘
2985,13:33:45,4.1,820,2,卖盘
2986,13:33:48,4.1,8210,20,卖盘
2987,13:33:51,4.11,2877,7,买盘
2988,13:33:54,4.1,61913,151,卖盘
2989,13:33:57,4.11,6985,17,买盘
2990,13:34:00,4.11,109479,267,买盘
2991,13:34:03,4.11,9864,24,买盘
2992,13:34:06,4.11,62058,151,买盘
2993,13:34:09,4.11,17637,43,买盘
2994,13:34:12,4.1,77219,188,卖盘
2995,13:34:15,4.1,187784,458,卖盘
2996,13:34:18,4.1,51261,125,卖盘
2997,13:34:21,4.11,28766,70,买盘
2998,13:34:27,4.1,21730,53,卖盘
2999,13:34:30,4.11,2054,5,买盘
3000,13:34:33,4.11,24660,60,买盘
3001,13:34:36,4.1,17252,42,卖盘
3002,13:34:39,4.1,50543,123,卖盘
3003,13:34:42,4.1,392780,958,卖盘
3004,13:34:45,4.1,10679,26,卖盘
3005,13:34:48,4.1,22141,54,卖盘
3006,13:34:51,4.1,43461,106,卖盘
3007,13:34:54,4.1,410,1,卖盘
3008,13:34:57,4.1,6150,15,卖盘
3009,13:35:00,4.1,3690,9,卖盘
3010,13:35:03,4.11,66565,162,买盘
3011,13:35:06,4.11,20102,49,买盘
3012,13:35:12,4.11,19685,48,买盘
3013,13:35:15,4.1,23780,58,卖盘
3014,13:35:18,4.1,40590,99,卖盘
3015,13:35:21,4.1,22550,55,卖盘
3016,13:35:24,4.1,19270,47,卖盘
3017,13:35:27,4.1,39834,97,卖盘
3018,13:35:30,4.1,66010,161,卖盘
3019,13:35:33,4.1,15197,37,卖盘
3020,13:35:36,4.1,4925,12,卖盘
3021,13:35:39,4.1,53711,131,卖盘
3022,13:35:42,4.1,215315,525,卖盘
3023,13:35:45,4.11,33644,82,买盘
3024,13:35:48,4.11,822,2,买盘
3025,13:35:51,4.1,97581,238,卖盘
3026,13:35:54,4.1,4510,11,卖盘
3027,13:35:57,4.1,15990,39,卖盘
3028,13:36:00,4.1,25830,63,卖盘
3029,13:36:03,4.11,42744,104,买盘
3030,13:36:06,4.11,1233,3,买盘
3031,13:36:09,4.11,45210,110,买盘
3032,13:36:12,4.1,5740,14,卖盘
3033,13:36:15,4.1,17224,42,卖盘
3034,13:36:18,4.11,5343,13,买盘
3035,13:36:21,4.1,1640,4,卖盘
3036,13:36:24,4.11,51786,126,买盘
3037,13:36:27,4.1,16810,41,卖盘
3038,13:36:30,4.1,67750,165,卖盘
3039,13:36:33,4.11,26679,65,买盘
3040,13:36:36,4.11,129050,314,买盘
3041,13:36:39,4.1,126730,309,卖盘
3042,13:36:42,4.1,820,2,卖盘
3043,13:36:45,4.11,16439,40,买盘
3044,13:36:48,4.1,3692,9,卖盘
3045,13:36:51,4.1,821,2,卖盘
3046,13:36:54,4.1,27480,67,卖盘
3047,13:36:57,4.1,10250,25,卖盘
3048,13:37:00,4.1,410,1,卖盘
3049,13:37:03,4.1,1643,4,卖盘
3050,13:37:06,4.1,51260,125,卖盘
3051,13:37:09,4.1,127920,312,卖盘
3052,13:37:12,4.1,67650,165,卖盘
3053,13:37:15,4.11,8631,21,买盘
3054,13:37:18,4.1,40255,98,卖盘
3055,13:37:21,4.1,228840,558,卖盘
3056,13:37:24,4.1,38976,95,卖盘
3057,13:37:27,4.11,13951,34,买盘
3058,13:37:30,4.1,22550,55,卖盘
3059,13:37:33,4.1,17224,42,卖盘
3060,13:37:36,4.1,43462,106,卖盘
3061,13:37:39,4.1,4100,10,卖盘
3062,13:37:42,4.1,10268,25,卖盘
3063,13:37:45,4.1,25421,62,卖盘
3064,13:37:48,4.11,5744,14,买盘
3065,13:37:51,4.11,2054,5,买盘
3066,13:37:54,4.1,79650,194,卖盘
3067,13:37:57,4.1,820,2,卖盘
3068,13:38:00,4.1,36900,90,卖盘
3069,13:38:03,4.1,86920,212,卖盘
3070,13:38:06,4.11,128753,314,买盘
3071,13:38:09,4.11,231751,565,买盘
3072,13:38:12,4.11,13144,32,买盘
3073,13:38:15,4.1,24191,59,卖盘
3074,13:38:18,4.11,250110,610,买盘
3075,13:38:21,4.11,11075,27,买盘
3076,13:38:24,4.1,11484,28,卖盘
3077,13:38:30,4.1,3280,8,卖盘
3078,13:38:33,4.1,17220,42,卖盘
3079,13:38:36,4.1,43527,106,卖盘
3080,13:38:39,4.1,75031,183,卖盘
3081,13:38:42,4.1,7380,18,卖盘
3082,13:38:45,4.11,19315,47,买盘
3083,13:38:48,4.11,4932,12,买盘
3084,13:38:51,4.11,251390,613,买盘
3085,13:38:54,4.11,123931,302,买盘
3086,13:38:57,4.11,153106,373,买盘
3087,13:39:00,4.11,28297,69,买盘
3088,13:39:03,4.1,2109521,5142,卖盘
3089,13:39:06,4.1,266277,649,卖盘
3090,13:39:09,4.1,44725,109,卖盘
3091,13:39:12,4.1,240737,587,卖盘
3092,13:39:15,4.11,20526,50,买盘
3093,13:39:18,4.11,4110,10,买盘
3094,13:39:21,4.1,159900,390,卖盘
3095,13:39:24,4.11,146000,356,买盘
3096,13:39:27,4.11,411,1,买盘
3097,13:39:30,4.11,16401,40,买盘
3098,13:39:33,4.1,18451,45,卖盘
3099,13:39:36,4.1,46782,114,卖盘
3100,13:39:39,4.11,2872,7,买盘
3101,13:39:42,4.1,126281,308,卖盘
3102,13:39:48,4.1,69295,169,卖盘
3103,13:39:51,4.1,2461,6,卖盘
3104,13:39:54,4.1,6970,17,卖盘
3105,13:39:57,4.1,13940,34,卖盘
3106,13:40:00,4.1,54940,134,卖盘
3107,13:40:03,4.1,886894,2163,卖盘
3108,13:40:06,4.1,136539,333,卖盘
3109,13:40:09,4.1,5331,13,卖盘
3110,13:40:12,4.1,25025,61,卖盘
3111,13:40:15,4.11,3284,8,买盘
3112,13:40:18,4.11,87763,214,买盘
3113,13:40:21,4.1,237390,579,卖盘
3114,13:40:24,4.1,56171,137,卖盘
3115,13:40:27,4.11,1231,3,买盘
3116,13:40:30,4.1,5740,14,卖盘
3117,13:40:33,4.1,57400,140,卖盘
3118,13:40:36,4.11,29174,71,买盘
3119,13:40:39,4.1,27534,67,卖盘
3120,13:40:42,4.1,7795,19,卖盘
3121,13:40:45,4.11,39045,95,买盘
3122,13:40:48,4.11,114094,278,买盘
3123,13:40:51,4.1,15990,39,卖盘
3124,13:40:54,4.1,2051,5,卖盘
3125,13:40:57,4.1,32390,79,卖盘
3126,13:41:00,4.1,1230,3,卖盘
3127,13:41:03,4.1,3697,9,卖盘
3128,13:41:06,4.11,185460,452,买盘
3129,13:41:09,4.1,2460,6,卖盘
3130,13:41:12,4.11,48902,119,买盘
3131,13:41:15,4.1,25441,62,卖盘
3132,13:41:18,4.1,14760,36,卖盘
3133,13:41:21,4.1,21781,53,卖盘
3134,13:41:24,4.1,174803,426,卖盘
3135,13:41:27,4.1,68060,166,卖盘
3136,13:41:30,4.11,315232,767,买盘
3137,13:41:33,4.1,179580,438,卖盘
3138,13:41:36,4.1,21323,52,卖盘
3139,13:41:39,4.11,6158,15,买盘
3140,13:41:42,4.1,20090,49,卖盘
3141,13:41:45,4.1,14784,36,卖盘
3142,13:41:48,4.11,73976,180,买盘
3143,13:41:51,4.11,31647,77,买盘
3144,13:41:54,4.1,1640,4,卖盘
3145,13:41:57,4.11,23421,57,买盘
3146,13:42:00,4.1,50950,124,卖盘
3147,13:42:03,4.1,23796,58,卖盘
3148,13:42:06,4.1,103321,252,卖盘
3149,13:42:09,4.1,4510,11,卖盘
3150,13:42:12,4.11,4925,12,买盘
3151,13:42:15,4.1,47564,116,卖盘
3152,13:42:18,4.11,14793,36,买盘
3153,13:42:21,4.11,43053,105,买盘
3154,13:42:24,4.1,1024613,2499,卖盘
3155,13:42:27,4.11,25011,61,买盘
3156,13:42:30,4.1,6151,15,卖盘
3157,13:42:33,4.11,39822,97,买盘
3158,13:42:36,4.1,79540,194,卖盘
3159,13:42:39,4.1,50020,122,卖盘
3160,13:42:42,4.1,71756,175,卖盘
3161,13:42:45,4.11,325148,793,买盘
3162,13:42:48,4.11,17659,43,买盘
3163,13:42:51,4.1,139048,339,卖盘
3164,13:42:54,4.1,14350,35,卖盘
3165,13:42:57,4.1,54143,132,卖盘
3166,13:43:00,4.1,11074,27,卖盘
3167,13:43:03,4.1,62734,153,卖盘
3168,13:43:06,4.1,8610,21,卖盘
3169,13:43:09,4.11,6163,15,买盘
3170,13:43:12,4.1,86100,210,卖盘
3171,13:43:15,4.11,122286,298,买盘
3172,13:43:18,4.1,89790,219,卖盘
3173,13:43:21,4.1,20500,50,卖盘
3174,13:43:24,4.11,47239,115,买盘
3175,13:43:27,4.1,110791,270,卖盘
3176,13:43:30,4.11,47221,115,买盘
3177,13:43:33,4.1,26246,64,卖盘
3178,13:43:36,4.1,820,2,卖盘
3179,13:43:39,4.1,28711,70,卖盘
3180,13:43:42,4.1,6563,16,卖盘
3181,13:43:45,4.1,15997,39,卖盘
3182,13:43:48,4.1,16439,40,卖盘
3183,13:43:51,4.11,32879,80,买盘
3184,13:43:54,4.1,5330,13,卖盘
3185,13:43:57,4.11,2466,6,买盘
3186,13:44:00,4.1,16020,39,卖盘
3187,13:44:03,4.11,439940,1073,买盘
3188,13:44:06,4.1,19275,47,卖盘
3189,13:44:09,4.11,97175,237,买盘
3190,13:44:12,4.1,300541,733,卖盘
3191,13:44:15,4.1,5291054,12905,卖盘
3192,13:44:18,4.11,1195169,2915,买盘
3193,13:44:21,4.1,498643,1216,卖盘
3194,13:44:24,4.1,318982,778,卖盘
3195,13:44:27,4.11,16818,41,买盘
3196,13:44:30,4.11,201748,492,买盘
3197,13:44:33,4.11,36927,90,买盘
3198,13:44:36,4.11,87750,214,买盘
3199,13:44:39,4.1,7807,19,卖盘
3200,13:44:42,4.1,99632,243,卖盘
3201,13:44:45,4.11,233731,570,买盘
3202,13:44:48,4.11,18084,44,买盘
3203,13:44:51,4.11,27126,66,买盘
3204,13:44:54,4.11,107477,262,买盘
3205,13:44:57,4.1,7790,19,卖盘
3206,13:45:00,4.11,6984,17,买盘
3207,13:45:03,4.1,424035,1032,卖盘
3208,13:45:06,4.1,2751511,6711,卖盘
3209,13:45:09,4.1,503924,1229,卖盘
3210,13:45:12,4.1,999580,2438,卖盘
