,成交时间,成交价格,成交金额,成交量,性质
0,09:25:00,4.09,2529256,6184,卖盘
1,09:30:00,4.09,940366,2294,卖盘
2,09:30:03,4.1,10114760,24675,买盘
3,09:30:06,4.09,1977302,4828,卖盘
4,09:30:09,4.09,829375,2024,卖盘
5,09:30:12,4.1,49540,121,买盘
6,09:30:15,4.09,84391,206,卖盘
7,09:30:18,4.1,203224,496,买盘
8,09:30:21,4.1,106846,261,买盘
9,09:30:24,4.09,66393,162,卖盘
10,09:30:27,4.09,138098,337,卖盘
11,09:30:30,4.1,66364,162,买盘
12,09:30:33,4.1,430038,1050,买盘
13,09:30:36,4.1,202771,495,买盘
14,09:30:39,4.09,419343,1024,卖盘
15,09:30:42,4.09,198188,484,卖盘
16,09:30:45,4.1,415411,1015,买盘
17,09:30:48,4.1,527555,1288,买盘
18,09:30:51,4.09,290002,708,卖盘
19,09:30:54,4.1,440705,1075,买盘
20,09:30:57,4.1,112734,275,买盘
21,09:31:00,4.09,290068,708,卖盘
22,09:31:03,4.09,633678,1547,卖盘
23,09:31:06,4.1,267994,655,买盘
24,09:31:09,4.1,407140,994,买盘
25,09:31:12,4.1,216689,529,买盘
26,09:31:15,4.1,146719,358,买盘
27,09:31:18,4.09,202328,494,卖盘
28,09:31:21,4.1,882569,2153,买盘
29,09:31:24,4.1,1367751,3336,买盘
30,09:31:27,4.1,240615,586,卖盘
31,09:31:30,4.1,174367,425,卖盘
32,09:31:33,4.1,64371,157,卖盘
33,09:31:36,4.1,259251,631,卖盘
34,09:31:39,4.1,128053,312,卖盘
35,09:31:42,4.1,325212,793,卖盘
36,09:31:45,4.11,262299,639,买盘
37,09:31:48,4.1,193633,472,卖盘
38,09:31:51,4.1,305604,745,卖盘
39,09:31:54,4.1,196621,479,卖盘
40,09:31:57,4.1,196670,479,卖盘
41,09:32:00,4.1,152225,371,卖盘
42,09:32:03,4.1,279452,681,卖盘
43,09:32:06,4.1,219139,534,卖盘
44,09:32:09,4.1,200287,488,卖盘
45,09:32:12,4.1,489442,1193,卖盘
46,09:32:15,4.1,151294,369,卖盘
47,09:32:18,4.11,607747,1482,买盘
48,09:32:21,4.1,243703,594,卖盘
49,09:32:24,4.1,136620,333,卖盘
50,09:32:27,4.1,87851,214,卖盘
51,09:32:30,4.1,62837,153,卖盘
52,09:32:33,4.1,346136,844,卖盘
53,09:32:36,4.11,202814,494,买盘
54,09:32:39,4.1,77490,189,卖盘
55,09:32:42,4.11,111318,271,买盘
56,09:32:45,4.1,85714,209,卖盘
57,09:32:48,4.11,136955,334,买盘
58,09:32:51,4.1,117687,287,卖盘
59,09:32:54,4.11,131647,321,买盘
60,09:32:57,4.1,205000,500,卖盘
61,09:33:00,4.1,468671,1143,卖盘
62,09:33:03,4.1,902410,2201,卖盘
63,09:33:06,4.11,301050,734,买盘
64,09:33:09,4.1,230868,563,卖盘
65,09:33:12,4.11,117359,286,买盘
66,09:33:15,4.1,205820,502,卖盘
67,09:33:18,4.1,6525801,15917,卖盘
68,09:33:21,4.1,214880,525,买盘
69,09:33:24,4.1,221297,540,买盘
70,09:33:27,4.09,56492,138,卖盘
71,09:33:30,4.09,122520,299,卖盘
72,09:33:33,4.09,353000,862,卖盘
73,09:33:36,4.1,931750,2273,买盘
74,09:33:39,4.1,148109,362,买盘
75,09:33:42,4.1,51660,126,买盘
76,09:33:45,4.09,80573,197,卖盘
77,09:33:48,4.1,265550,649,买盘
78,09:33:51,4.1,12300,30,买盘
79,09:33:54,4.09,63806,156,卖盘
80,09:33:57,4.09,37253,91,卖盘
81,09:34:00,4.09,48272,118,卖盘
82,09:34:03,4.09,177298,433,卖盘
83,09:34:06,4.09,208605,510,卖盘
84,09:34:09,4.09,203002,496,卖盘
85,09:34:12,4.09,138652,339,卖盘
86,09:34:15,4.09,78171,191,卖盘
87,09:34:18,4.09,118647,290,卖盘
88,09:34:21,4.09,520685,1273,卖盘
89,09:34:24,4.09,201306,492,卖盘
90,09:34:27,4.09,68748,168,卖盘
91,09:34:30,4.09,266262,651,卖盘
92,09:34:33,4.1,195280,477,买盘
93,09:34:36,4.1,241865,591,买盘
94,09:34:39,4.09,143569,351,卖盘
95,09:34:42,4.1,630866,1540,买盘
96,09:34:45,4.1,121552,297,买盘
97,09:34:48,4.1,204795,500,买盘
98,09:34:51,4.09,104298,255,卖盘
99,09:34:54,4.09,98979,242,卖盘
100,09:34:57,4.09,142744,349,卖盘
101,09:35:00,4.09,4835607,11823,卖盘
102,09:35:03,4.09,1001910,2447,卖盘
103,09:35:06,4.09,5600281,13692,卖盘
104,09:35:09,4.09,236515,578,卖盘
105,09:35:12,4.09,4984517,12187,卖盘
106,09:35:15,4.09,600412,1468,卖盘
107,09:35:18,4.09,140287,343,卖盘
108,09:35:21,4.09,206545,505,卖盘
109,09:35:24,4.09,26994,66,卖盘
110,09:35:27,4.09,118204,289,卖盘
111,09:35:30,4.1,162792,398,买盘
112,09:35:33,4.09,685075,1675,卖盘
113,09:35:36,4.09,7189810,17579,卖盘
114,09:35:39,4.08,518958,1271,卖盘
115,09:35:42,4.08,3474281,8515,卖盘
116,09:35:45,4.09,90682,222,买盘
117,09:35:48,4.08,290091,711,卖盘
118,09:35:51,4.09,90337,221,买盘
119,09:35:54,4.08,97111,238,卖盘
120,09:35:57,4.08,573204,1402,卖盘
121,09:36:00,4.09,14695459,35931,买盘
122,09:36:03,4.09,693153,1694,卖盘
123,09:36:06,4.1,79375,194,买盘
124,09:36:09,4.09,119939,293,卖盘
125,09:36:12,4.09,126059,308,卖盘
126,09:36:15,4.09,69949,171,卖盘
127,09:36:18,4.09,265441,649,卖盘
128,09:36:21,4.09,243355,595,卖盘
129,09:36:24,4.09,243355,595,卖盘
130,09:36:27,4.09,153577,375,卖盘
131,09:36:30,4.09,179978,440,卖盘
132,09:36:33,4.09,279756,684,卖盘
133,09:36:36,4.09,102659,251,卖盘
134,09:36:39,4.09,133965,327,卖盘
135,09:36:42,4.09,293287,717,卖盘
136,09:36:45,4.09,93252,228,卖盘
137,09:36:48,4.09,24147,59,卖盘
138,09:36:51,4.09,83846,205,卖盘
139,09:36:54,4.09,60123,147,卖盘
140,09:36:57,4.09,11452,28,卖盘
141,09:37:00,4.09,18405,45,卖盘
142,09:37:03,4.09,484256,1184,卖盘
143,09:37:06,4.09,132615,324,卖盘
144,09:37:09,4.09,159102,389,卖盘
145,09:37:12,4.09,30675,75,卖盘
146,09:37:15,4.09,27404,67,卖盘
147,09:37:18,4.09,170981,418,卖盘
148,09:37:21,4.09,98160,240,卖盘
149,09:37:24,4.09,346960,848,卖盘
150,09:37:27,4.09,102689,251,卖盘
151,09:37:30,4.09,78937,193,卖盘
152,09:37:33,4.09,602052,1472,卖盘
153,09:37:36,4.09,57675,141,卖盘
154,09:37:39,4.1,67176,164,买盘
155,09:37:42,4.09,48681,119,卖盘
156,09:37:45,4.09,871998,2132,卖盘
157,09:37:48,4.1,86312,211,买盘
158,09:37:51,4.09,1038451,2539,卖盘
159,09:37:54,4.09,59715,146,卖盘
160,09:37:57,4.09,250717,613,卖盘
161,09:38:00,4.09,56442,138,卖盘
162,09:38:03,4.1,166975,408,买盘
163,09:38:06,4.09,44581,109,卖盘
164,09:38:09,4.09,178645,436,卖盘
165,09:38:12,4.09,158392,387,卖盘
166,09:38:15,4.09,37628,92,卖盘
167,09:38:18,4.09,53189,130,卖盘
168,09:38:21,4.09,83436,204,卖盘
169,09:38:24,4.09,31086,76,卖盘
170,09:38:27,4.09,120656,295,卖盘
171,09:38:30,4.09,40082,98,卖盘
172,09:38:33,4.09,301225,736,卖盘
173,09:38:36,4.09,185968,454,卖盘
174,09:38:39,4.09,170157,416,卖盘
175,09:38:42,4.09,38037,93,卖盘
176,09:38:45,4.09,240104,587,卖盘
177,09:38:48,4.09,129662,317,卖盘
178,09:38:51,4.09,327009,799,卖盘
179,09:38:54,4.09,107198,262,卖盘
180,09:38:57,4.09,13089,32,卖盘
181,09:39:00,4.1,194113,474,买盘
182,09:39:03,4.09,133864,327,卖盘
183,09:39:06,4.09,102364,250,卖盘
184,09:39:09,4.09,54497,133,卖盘
185,09:39:12,4.09,182024,445,卖盘
186,09:39:15,4.09,4910,12,卖盘
187,09:39:18,4.09,917953,2242,卖盘
188,09:39:21,4.1,175165,428,买盘
189,09:39:24,4.09,64220,157,卖盘
190,09:39:27,4.1,28231,69,买盘
191,09:39:30,4.09,125596,307,卖盘
192,09:39:33,4.09,1130520,2764,卖盘
193,09:39:36,4.09,753119,1841,卖盘
194,09:39:39,4.09,57263,140,卖盘
195,09:39:42,4.09,372623,911,卖盘
196,09:39:45,4.09,225881,552,卖盘
197,09:39:48,4.09,7907198,19333,卖盘
198,09:39:51,4.1,2220228,5428,买盘
199,09:39:54,4.09,521602,1275,卖盘
200,09:39:57,4.09,160079,391,卖盘
201,09:40:00,4.09,40519,99,卖盘
202,09:40:03,4.09,118201,289,卖盘
203,09:40:06,4.09,1647657,4028,卖盘
204,09:40:09,4.09,319838,782,卖盘
205,09:40:12,4.1,360987,882,买盘
206,09:40:15,4.09,123547,302,卖盘
207,09:40:18,4.09,40900,100,卖盘
208,09:40:21,4.1,274267,670,买盘
209,09:40:24,4.09,108062,264,卖盘
210,09:40:27,4.09,262588,642,卖盘
211,09:40:30,4.09,142036,347,卖盘
212,09:40:33,4.09,877423,2145,卖盘
213,09:40:36,4.09,677713,1657,卖盘
214,09:40:39,4.09,224132,548,卖盘
215,09:40:42,4.09,189785,464,卖盘
216,09:40:45,4.09,38037,93,卖盘
217,09:40:48,4.09,228503,558,卖盘
218,09:40:51,4.09,2222508,5434,卖盘
219,09:40:54,4.09,6100187,14915,卖盘
220,09:40:57,4.09,171505,420,买盘
221,09:41:00,4.09,343187,840,买盘
222,09:41:03,4.08,107442,263,卖盘
223,09:41:06,4.08,482989,1181,卖盘
224,09:41:09,4.08,134232,329,卖盘
225,09:41:12,4.09,1064068,2608,买盘
226,09:41:15,4.09,594185,1453,买盘
227,09:41:18,4.08,107115,262,卖盘
228,09:41:21,4.08,50189,123,卖盘
229,09:41:24,4.08,45696,112,卖盘
230,09:41:27,4.09,35116,86,买盘
231,09:41:30,4.08,130561,320,卖盘
232,09:41:33,4.08,104857,257,卖盘
233,09:41:36,4.08,255656,626,卖盘
234,09:41:39,4.08,76297,187,卖盘
235,09:41:42,4.08,1466352,3594,卖盘
236,09:41:45,4.08,204929,502,卖盘
237,09:41:48,4.08,102000,250,卖盘
238,09:41:51,4.08,1303968,3196,卖盘
239,09:41:54,4.08,149736,367,卖盘
240,09:41:57,4.08,23664,58,卖盘
241,09:42:00,4.08,90718,222,卖盘
242,09:42:03,4.08,851101,2086,卖盘
243,09:42:06,4.08,77928,191,卖盘
244,09:42:09,4.08,200758,492,卖盘
245,09:42:12,4.08,93025,228,卖盘
246,09:42:15,4.08,174653,428,卖盘
247,09:42:18,4.08,312111,764,卖盘
248,09:42:21,4.08,322450,790,卖盘
249,09:42:24,4.08,43656,107,卖盘
250,09:42:27,4.08,327649,803,卖盘
251,09:42:30,4.08,368839,904,卖盘
252,09:42:33,4.08,40396,99,卖盘
253,09:42:36,4.08,391056,957,卖盘
254,09:42:39,4.08,248472,609,卖盘
255,09:42:42,4.08,121604,298,卖盘
256,09:42:45,4.08,142400,349,卖盘
257,09:42:48,4.08,312120,765,卖盘
258,09:42:51,4.09,133459,327,买盘
259,09:42:54,4.08,450272,1103,卖盘
260,09:42:57,4.08,201578,494,卖盘
261,09:43:00,4.08,276733,678,卖盘
262,09:43:03,4.08,15912,39,卖盘
263,09:43:06,4.08,98785,242,卖盘
264,09:43:09,4.09,348535,854,买盘
265,09:43:12,4.08,37538,92,卖盘
266,09:43:15,4.09,60812,149,买盘
267,09:43:18,4.08,247099,605,卖盘
268,09:43:21,4.08,11832,29,卖盘
269,09:43:24,4.09,104875,257,买盘
270,09:43:27,4.08,133964,328,卖盘
271,09:43:30,4.08,70718,173,卖盘
272,09:43:33,4.08,156704,384,卖盘
273,09:43:36,4.09,135881,333,买盘
274,09:43:39,4.08,195999,480,卖盘
275,09:43:42,4.08,297447,729,卖盘
276,09:43:45,4.08,33468,82,卖盘
277,09:43:48,4.08,132601,325,卖盘
278,09:43:51,4.08,84456,207,卖盘
279,09:43:54,4.08,133824,328,卖盘
280,09:43:57,4.08,93506,229,卖盘
281,09:44:00,4.09,563261,1378,买盘
282,09:44:03,4.08,215911,529,卖盘
283,09:44:06,4.08,284791,698,卖盘
284,09:44:09,4.09,15534,38,买盘
285,09:44:12,4.08,32648,80,卖盘
286,09:44:15,4.09,502865,1232,买盘
287,09:44:18,4.08,112223,275,卖盘
288,09:44:21,4.08,211373,518,卖盘
289,09:44:24,4.08,4773650,11700,卖盘
290,09:44:27,4.08,952277,2334,卖盘
291,09:44:30,4.09,2956415,7246,买盘
292,09:44:33,4.08,439165,1076,卖盘
293,09:44:36,4.08,625063,1532,卖盘
294,09:44:39,4.08,49374,121,卖盘
295,09:44:42,4.08,107523,263,卖盘
296,09:44:45,4.08,1417584,3474,卖盘
297,09:44:48,4.08,233401,572,卖盘
298,09:44:51,4.08,71814,176,卖盘
299,09:44:54,4.09,59986,147,买盘
300,09:44:57,4.08,230520,565,卖盘
301,09:45:00,4.09,275938,676,买盘
302,09:45:03,4.08,453304,1111,卖盘
303,09:45:06,4.08,453309,1111,卖盘
304,09:45:09,4.08,59976,147,卖盘
305,09:45:12,4.08,552906,1355,卖盘
306,09:45:15,4.08,90199,221,卖盘
307,09:45:18,4.08,98956,242,卖盘
308,09:45:21,4.08,154632,379,卖盘
309,09:45:24,4.08,86188,211,卖盘
310,09:45:27,4.08,8985,22,卖盘
311,09:45:30,4.08,37575,92,卖盘
312,09:45:33,4.09,347647,852,买盘
313,09:45:36,4.08,84874,208,卖盘
314,09:45:39,4.09,24900,61,买盘
315,09:45:42,4.08,506368,1241,卖盘
316,09:45:45,4.08,79580,195,卖盘
317,09:45:48,4.08,22851,56,卖盘
318,09:45:51,4.08,58757,144,卖盘
319,09:45:54,4.08,353742,867,卖盘
320,09:45:57,4.08,2164848,5306,卖盘
321,09:46:00,4.08,419574,1028,卖盘
322,09:46:03,4.09,285217,699,买盘
323,09:46:06,4.08,239485,586,卖盘
324,09:46:09,4.08,113435,278,卖盘
325,09:46:12,4.08,147311,361,卖盘
326,09:46:15,4.08,521016,1277,卖盘
327,09:46:18,4.07,31015199,76018,卖盘
328,09:46:21,4.07,581180,1427,卖盘
329,09:46:24,4.07,342361,841,卖盘
330,09:46:27,4.07,66874,164,卖盘
331,09:46:30,4.08,332705,817,买盘
332,09:46:33,4.07,459902,1128,卖盘
333,09:46:36,4.07,100123,246,卖盘
334,09:46:39,4.07,89162,219,卖盘
335,09:46:42,4.08,225189,553,买盘
336,09:46:45,4.08,30942,76,买盘
337,09:46:48,4.08,2040,5,买盘
338,09:46:51,4.07,102593,252,卖盘
339,09:46:54,4.07,142113,349,卖盘
340,09:46:57,4.07,260093,639,卖盘
341,09:47:00,4.07,42328,104,卖盘
342,09:47:03,4.07,78227,192,卖盘
343,09:47:06,4.07,195056,479,卖盘
344,09:47:09,4.07,116429,286,卖盘
345,09:47:12,4.07,32164,79,卖盘
346,09:47:15,4.08,227313,558,买盘
347,09:47:18,4.07,234842,577,卖盘
348,09:47:21,4.07,334282,821,卖盘
349,09:47:24,4.07,123534,303,卖盘
350,09:47:27,4.07,56613,139,卖盘
351,09:47:30,4.08,124544,306,买盘
352,09:47:33,4.07,58287,143,卖盘
353,09:47:36,4.08,138715,340,买盘
354,09:47:39,4.08,72161,177,买盘
355,09:47:42,4.08,149829,368,买盘
356,09:47:45,4.08,110844,272,买盘
357,09:47:48,4.07,39105,96,卖盘
358,09:47:51,4.08,19976,49,买盘
359,09:47:54,4.07,592512,1453,卖盘
360,09:47:57,4.08,49279,121,买盘
361,09:48:00,4.07,285655,702,卖盘
362,09:48:03,4.07,407820,1002,卖盘
363,09:48:06,4.07,279220,686,卖盘
364,09:48:09,4.07,151504,372,卖盘
365,09:48:12,4.08,591609,1453,买盘
366,09:48:15,4.07,181122,445,卖盘
367,09:48:18,4.07,40700,100,卖盘
368,09:48:21,4.07,532567,1307,卖盘
369,09:48:24,4.07,39088,96,卖盘
370,09:48:27,4.08,340863,837,买盘
371,09:48:30,4.07,165266,406,卖盘
372,09:48:33,4.07,67155,165,卖盘
373,09:48:36,4.07,176638,434,卖盘
374,09:48:39,4.07,91989,226,卖盘
375,09:48:42,4.07,82627,203,卖盘
376,09:48:45,4.07,170971,420,卖盘
377,09:48:48,4.08,742560,1824,买盘
378,09:48:51,4.07,129833,319,卖盘
379,09:48:54,4.08,27689,68,买盘
380,09:48:57,4.07,201769,495,卖盘
381,09:49:00,4.08,223491,549,买盘
382,09:49:03,4.07,366314,900,卖盘
383,09:49:06,4.07,558017,1371,卖盘
384,09:49:09,4.07,145299,357,卖盘
385,09:49:12,4.08,63235,155,买盘
386,09:49:15,4.07,110297,271,卖盘
387,09:49:18,4.07,841686,2068,卖盘
388,09:49:21,4.07,183979,452,卖盘
389,09:49:24,4.08,114397,281,买盘
390,09:49:27,4.07,20350,50,卖盘
391,09:49:30,4.08,19548,48,买盘
392,09:49:33,4.07,4420462,10861,卖盘
393,09:49:36,4.07,303014,744,卖盘
394,09:49:39,4.08,4977671,12225,买盘
395,09:49:42,4.07,137594,338,卖盘
396,09:49:45,4.07,176653,434,卖盘
397,09:49:48,4.08,398053,978,买盘
398,09:49:51,4.07,496555,1220,卖盘
399,09:49:54,4.07,318726,783,卖盘
400,09:49:57,4.07,39072,96,卖盘
401,09:50:00,4.07,79025,194,卖盘
402,09:50:03,4.07,358162,880,卖盘
403,09:50:06,4.07,25642,63,卖盘
404,09:50:09,4.07,528286,1298,卖盘
405,09:50:12,4.07,52551,129,卖盘
406,09:50:15,4.07,103482,254,卖盘
407,09:50:18,4.07,88434,217,卖盘
408,09:50:21,4.07,156380,384,卖盘
409,09:50:24,4.07,151007,371,卖盘
410,09:50:27,4.07,172162,423,卖盘
411,09:50:30,4.07,194142,477,卖盘
412,09:50:33,4.07,824935,2026,卖盘
413,09:50:36,4.08,90361,222,买盘
414,09:50:39,4.07,72039,177,卖盘
415,09:50:42,4.07,186835,459,卖盘
416,09:50:45,4.07,181938,447,卖盘
417,09:50:48,4.07,143264,352,卖盘
418,09:50:51,4.07,135973,334,卖盘
419,09:50:54,4.07,139073,341,卖盘
420,09:50:57,4.07,16689,41,卖盘
421,09:51:00,4.07,129019,317,卖盘
422,09:51:03,4.07,479059,1177,卖盘
423,09:51:06,4.07,226312,556,卖盘
424,09:51:09,4.07,132682,326,卖盘
425,09:51:12,4.07,183160,450,卖盘
426,09:51:15,4.08,163283,401,买盘
427,09:51:18,4.07,242195,595,卖盘
428,09:51:21,4.07,273505,672,卖盘
429,09:51:24,4.07,577940,1420,卖盘
430,09:51:27,4.07,915036,2248,卖盘
431,09:51:30,4.07,221542,544,卖盘
432,09:51:33,4.07,213072,523,卖盘
433,09:51:36,4.07,436334,1072,卖盘
434,09:51:39,4.07,129429,318,卖盘
435,09:51:42,4.07,88751,218,卖盘
436,09:51:45,4.07,64338,158,卖盘
437,09:51:48,4.07,70004,172,卖盘
438,09:51:51,4.07,164885,405,卖盘
439,09:51:54,4.08,328077,805,买盘
440,09:51:57,4.07,124678,306,卖盘
441,09:52:00,4.08,67576,166,买盘
442,09:52:03,4.08,93214,229,买盘
443,09:52:06,4.07,181930,447,卖盘
444,09:52:09,4.07,124949,307,卖盘
445,09:52:12,4.08,126688,311,买盘
446,09:52:15,4.07,42751,105,卖盘
447,09:52:18,4.07,279222,685,卖盘
448,09:52:21,4.07,87099,214,卖盘
449,09:52:24,4.07,179090,440,卖盘
450,09:52:27,4.08,144185,354,买盘
451,09:52:30,4.07,153035,376,卖盘
452,09:52:33,4.07,369149,907,卖盘
453,09:52:36,4.07,341073,838,卖盘
454,09:52:39,4.08,40335,99,买盘
455,09:52:42,4.08,25704,63,买盘
456,09:52:45,4.07,21572,53,卖盘
457,09:52:48,4.07,5705,14,卖盘
458,09:52:51,4.08,81415,200,买盘
459,09:52:54,4.07,175824,432,卖盘
460,09:52:57,4.07,5294912,12978,卖盘
461,09:53:00,4.07,1061757,2606,卖盘
462,09:53:03,4.07,925179,2273,卖盘
463,09:53:06,4.07,290477,713,卖盘
464,09:53:09,4.08,79773,196,买盘
465,09:53:12,4.07,283767,697,卖盘
466,09:53:15,4.07,52177,128,卖盘
467,09:53:18,4.08,59838,147,买盘
468,09:53:21,4.07,31360,77,卖盘
469,09:53:24,4.07,137247,337,卖盘
470,09:53:27,4.07,272384,669,卖盘
471,09:53:30,4.07,32563,80,卖盘
472,09:53:33,4.08,500224,1229,买盘
473,09:53:36,4.07,168498,414,卖盘
474,09:53:39,4.07,72458,178,卖盘
475,09:53:42,4.07,641042,1575,卖盘
476,09:53:45,4.07,77753,191,卖盘
477,09:53:48,4.07,137179,337,卖盘
478,09:53:51,4.07,57795,142,卖盘
479,09:53:54,4.08,34655,85,买盘
480,09:53:57,4.07,151001,371,卖盘
481,09:54:00,4.07,177048,435,卖盘
482,09:54:03,4.08,51285,126,买盘
483,09:54:06,4.07,61122,150,卖盘
484,09:54:09,4.08,95748,235,买盘
485,09:54:12,4.07,218023,535,卖盘
486,09:54:15,4.08,8565,21,买盘
487,09:54:18,4.07,68796,169,卖盘
488,09:54:21,4.08,263514,646,买盘
489,09:54:24,4.08,201699,495,买盘
490,09:54:27,4.07,101343,249,卖盘
491,09:54:30,4.07,28086,69,卖盘
492,09:54:33,4.08,319960,786,买盘
493,09:54:36,4.07,151891,373,卖盘
494,09:54:39,4.07,61475,151,卖盘
495,09:54:42,4.07,38261,94,卖盘
496,09:54:45,4.07,129090,317,卖盘
497,09:54:48,4.07,50507,124,卖盘
498,09:54:51,4.07,68845,169,卖盘
499,09:54:54,4.08,283129,695,买盘
500,09:54:57,4.07,384687,945,卖盘
501,09:55:00,4.08,140968,346,买盘
502,09:55:03,4.07,115603,284,卖盘
503,09:55:06,4.07,242980,597,卖盘
504,09:55:09,4.07,801391,1969,卖盘
505,09:55:12,4.07,989513,2430,卖盘
506,09:55:15,4.07,939419,2308,卖盘
507,09:55:18,4.07,566461,1390,卖盘
508,09:55:21,4.07,274041,673,卖盘
509,09:55:24,4.07,287765,707,卖盘
510,09:55:27,4.07,91173,224,卖盘
511,09:55:30,4.07,199027,489,卖盘
512,09:55:33,4.08,606655,1489,买盘
513,09:55:36,4.07,1112738,2734,卖盘
514,09:55:39,4.07,6406588,15741,卖盘
515,09:55:42,4.07,486778,1196,卖盘
516,09:55:45,4.07,697207,1713,卖盘
517,09:55:48,4.07,1064305,2615,卖盘
518,09:55:51,4.07,160358,394,卖盘
519,09:55:54,4.07,193336,475,卖盘
520,09:55:57,4.07,1379882,3383,卖盘
521,09:56:00,4.08,247864,609,买盘
522,09:56:03,4.08,296335,728,买盘
523,09:56:06,4.07,479040,1177,卖盘
524,09:56:09,4.07,138788,341,卖盘
525,09:56:12,4.07,54945,135,卖盘
526,09:56:15,4.07,45593,112,卖盘
527,09:56:18,4.07,497766,1223,卖盘
528,09:56:21,4.07,1226698,3014,卖盘
529,09:56:24,4.07,163207,401,卖盘
530,09:56:27,4.07,468050,1150,卖盘
531,09:56:30,4.08,230492,566,买盘
532,09:56:33,4.07,170533,419,卖盘
533,09:56:36,4.08,234683,576,买盘
534,09:56:39,4.07,76522,188,卖盘
535,09:56:42,4.07,120473,296,卖盘
536,09:56:45,4.07,36224,89,卖盘
537,09:56:48,4.07,473748,1164,卖盘
538,09:56:51,4.07,453424,1114,卖盘
539,09:56:54,4.07,380545,935,卖盘
540,09:56:57,4.07,156321,384,卖盘
541,09:57:00,4.07,140829,346,卖盘
542,09:57:03,4.07,476624,1171,卖盘
543,09:57:06,4.07,216137,531,卖盘
544,09:57:09,4.07,274374,674,卖盘
545,09:57:12,4.07,264146,649,卖盘
546,09:57:15,4.07,683356,1679,卖盘
547,09:57:18,4.08,393996,968,买盘
548,09:57:21,4.07,502645,1235,卖盘
549,09:57:24,4.07,134727,331,卖盘
550,09:57:27,4.07,19547,48,卖盘
551,09:57:30,4.08,166017,407,买盘
552,09:57:33,4.08,159301,391,买盘
553,09:57:36,4.08,643125,1580,买盘
554,09:57:39,4.07,583231,1433,卖盘
555,09:57:42,4.08,181537,446,买盘
556,09:57:45,4.07,15066,37,卖盘
557,09:57:48,4.07,219790,540,卖盘
558,09:57:51,4.07,24428,60,卖盘
559,09:57:54,4.07,24436,60,卖盘
560,09:57:57,4.07,42745,105,卖盘
561,09:58:00,4.07,234972,577,卖盘
562,09:58:03,4.08,424349,1041,买盘
563,09:58:06,4.07,131505,323,卖盘
564,09:58:09,4.07,383838,943,卖盘
565,09:58:12,4.08,151435,372,买盘
566,09:58:15,4.07,317053,779,卖盘
567,09:58:18,4.07,319903,786,卖盘
568,09:58:21,4.08,528843,1299,买盘
569,09:58:24,4.08,57830,142,买盘
570,09:58:27,4.07,7083079,17403,卖盘
571,09:58:30,4.07,917391,2254,卖盘
572,09:58:33,4.07,1119355,2749,卖盘
573,09:58:36,4.07,778231,1912,卖盘
574,09:58:39,4.07,353077,867,卖盘
575,09:58:42,4.08,777091,1909,买盘
576,09:58:45,4.07,704558,1731,卖盘
577,09:58:48,4.07,493691,1213,卖盘
578,09:58:51,4.07,334961,823,卖盘
579,09:58:54,4.07,516077,1268,卖盘
580,09:58:57,4.08,184583,453,买盘
581,09:59:00,4.08,72448,178,买盘
582,09:59:03,4.07,805318,1978,卖盘
583,09:59:06,4.07,399679,982,卖盘
584,09:59:09,4.07,388595,954,卖盘
585,09:59:12,4.08,160359,394,买盘
586,09:59:15,4.07,20035481,49227,卖盘
587,09:59:18,4.07,482855,1189,买盘
588,09:59:21,4.06,495937,1219,卖盘
589,09:59:24,4.06,635873,1564,卖盘
590,09:59:27,4.06,34548,85,卖盘
591,09:59:30,4.07,215220,530,买盘
592,09:59:33,4.06,65088,160,卖盘
593,09:59:36,4.06,191329,471,卖盘
594,09:59:39,4.07,709433,1747,买盘
595,09:59:42,4.06,80796,199,卖盘
596,09:59:45,4.07,39383,97,买盘
597,09:59:48,4.06,363008,894,卖盘
598,09:59:51,4.06,47528,117,卖盘
599,09:59:54,4.06,94252,232,卖盘
600,09:59:57,4.07,737819,1817,买盘
601,10:00:00,4.07,324396,799,买盘
602,10:00:03,4.07,407678,1004,买盘
603,10:00:06,4.06,647793,1595,卖盘
604,10:00:09,4.06,269178,663,卖盘
605,10:00:12,4.06,158857,391,卖盘
606,10:00:15,4.07,10966,27,买盘
607,10:00:18,4.06,113719,280,卖盘
608,10:00:21,4.06,86519,213,卖盘
609,10:00:24,4.07,105155,259,买盘
610,10:00:27,4.06,8120,20,卖盘
611,10:00:30,4.06,192861,475,卖盘
612,10:00:33,4.07,173773,428,买盘
613,10:00:36,4.06,141694,349,卖盘
614,10:00:39,4.06,109237,269,卖盘
615,10:00:42,4.07,502865,1238,买盘
616,10:00:45,4.06,934618,2302,卖盘
617,10:00:48,4.06,359749,886,卖盘
618,10:00:51,4.07,187996,463,买盘
619,10:00:54,4.06,393082,966,卖盘
620,10:00:57,4.06,508726,1253,卖盘
621,10:01:00,4.06,477872,1177,卖盘
622,10:01:03,4.07,252556,622,买盘
623,10:01:06,4.07,82829,204,买盘
624,10:01:09,4.06,107205,264,卖盘
625,10:01:12,4.06,76359,188,卖盘
626,10:01:15,4.06,40209,99,卖盘
627,10:01:18,4.07,268822,662,买盘
628,10:01:21,4.06,892253,2193,卖盘
629,10:01:24,4.06,111650,275,卖盘
630,10:01:27,4.06,117395,289,卖盘
631,10:01:30,4.06,99470,245,卖盘
632,10:01:33,4.06,578675,1425,卖盘
633,10:01:36,4.06,149814,369,卖盘
634,10:01:39,4.06,275271,678,卖盘
635,10:01:42,4.06,1179967,2906,卖盘
636,10:01:45,4.06,129514,319,卖盘
637,10:01:48,4.07,45898,113,买盘
638,10:01:51,4.06,178652,440,卖盘
639,10:01:54,4.07,127112,313,买盘
640,10:01:57,4.07,166278,409,买盘
641,10:02:00,4.07,752513,1852,买盘
642,10:02:03,4.07,184439,454,买盘
643,10:02:06,4.06,966335,2380,卖盘
644,10:02:09,4.07,152383,375,买盘
645,10:02:12,4.07,347718,856,买盘
646,10:02:15,4.07,142701,351,买盘
647,10:02:18,4.07,9764,24,买盘
648,10:02:21,4.06,508532,1252,卖盘
649,10:02:24,4.07,446327,1099,买盘
650,10:02:27,4.06,121570,299,卖盘
651,10:02:30,4.07,163310,402,买盘
652,10:02:33,4.07,139716,344,买盘
653,10:02:36,4.06,154418,380,卖盘
654,10:02:39,4.07,105215,259,买盘
655,10:02:42,4.06,114606,282,卖盘
656,10:02:45,4.07,5989156,14716,买盘
657,10:02:48,4.07,5524280,13574,买盘
658,10:02:51,4.06,216062,531,卖盘
659,10:02:54,4.06,85002,209,卖盘
660,10:02:57,4.07,377896,929,买盘
661,10:03:00,4.07,104870,258,买盘
662,10:03:03,4.07,301444,741,买盘
663,10:03:06,4.07,1142185,2811,买盘
664,10:03:09,4.06,146736,361,卖盘
665,10:03:12,4.07,401385,987,买盘
666,10:03:15,4.06,88315,217,卖盘
667,10:03:18,4.06,358166,882,卖盘
668,10:03:21,4.06,62196,153,卖盘
669,10:03:24,4.06,263742,649,卖盘
670,10:03:27,4.06,47502,117,卖盘
671,10:03:30,4.06,107629,265,卖盘
672,10:03:33,4.07,141532,348,买盘
673,10:03:36,4.06,52872,130,卖盘
674,10:03:39,4.06,34124,84,卖盘
675,10:03:42,4.06,514140,1264,卖盘
676,10:03:45,4.06,151224,372,卖盘
677,10:03:48,4.07,1823753,4481,买盘
678,10:03:51,4.08,24158568,59357,买盘
679,10:03:54,4.07,280541,689,卖盘
680,10:03:57,4.07,599140,1472,卖盘
681,10:04:00,4.07,241758,594,卖盘
682,10:04:03,4.07,214914,528,卖盘
683,10:04:06,4.07,199837,491,卖盘
684,10:04:09,4.07,556372,1367,卖盘
685,10:04:12,4.07,1119250,2750,卖盘
686,10:04:15,4.07,251938,619,卖盘
687,10:04:18,4.07,68376,168,卖盘
688,10:04:21,4.07,222222,546,卖盘
689,10:04:24,4.07,37855,93,卖盘
690,10:04:27,4.08,101372,249,买盘
691,10:04:30,4.08,97428,239,买盘
692,10:04:33,4.07,238095,585,卖盘
693,10:04:36,4.07,39886,98,卖盘
694,10:04:39,4.07,148555,365,卖盘
695,10:04:42,4.07,43984,108,卖盘
696,10:04:45,4.07,92418,227,卖盘
697,10:04:48,4.08,121554,298,买盘
698,10:04:51,4.07,8954,22,卖盘
699,10:04:54,4.07,61864,152,卖盘
700,10:04:57,4.07,144078,354,卖盘
701,10:05:00,4.08,25296,62,买盘
702,10:05:03,4.08,47245,116,买盘
703,10:05:06,4.07,51282,126,卖盘
704,10:05:09,4.08,135408,332,买盘
705,10:05:12,4.08,37050,91,买盘
706,10:05:15,4.08,113273,278,买盘
707,10:05:18,4.07,69209,170,卖盘
708,10:05:21,4.07,95238,234,卖盘
709,10:05:24,4.07,65230,160,卖盘
710,10:05:27,4.07,45992,113,卖盘
711,10:05:30,4.07,30131,74,卖盘
712,10:05:33,4.08,169390,416,买盘
713,10:05:36,4.07,265399,652,卖盘
714,10:05:39,4.07,568577,1394,卖盘
715,10:05:42,4.08,136168,334,买盘
716,10:05:45,4.07,90354,222,卖盘
717,10:05:48,4.07,128205,315,卖盘
718,10:05:51,4.07,10181,25,卖盘
719,10:05:54,4.08,63900,157,买盘
720,10:05:57,4.07,10989,27,卖盘
721,10:06:00,4.07,11803,29,卖盘
722,10:06:03,4.08,106241,261,买盘
723,10:06:06,4.07,16689,41,卖盘
724,10:06:09,4.08,72948,179,买盘
725,10:06:12,4.07,175056,430,卖盘
726,10:06:15,4.08,93620,230,买盘
727,10:06:18,4.07,147742,363,卖盘
728,10:06:21,4.08,47669,117,买盘
729,10:06:24,4.07,125356,308,卖盘
730,10:06:27,4.07,45997,113,卖盘
731,10:06:30,4.07,199470,490,卖盘
732,10:06:33,4.07,113593,279,卖盘
733,10:06:36,4.07,157948,388,卖盘
734,10:06:39,4.07,280493,689,卖盘
735,10:06:42,4.08,99730,245,买盘
736,10:06:45,4.08,72043,177,买盘
737,10:06:48,4.07,188540,463,卖盘
738,10:06:51,4.07,298923,734,卖盘
739,10:06:54,4.07,70821,174,卖盘
740,10:06:57,4.07,39479,97,卖盘
741,10:07:00,4.07,25641,63,卖盘
742,10:07:03,4.07,52096,128,卖盘
743,10:07:06,4.07,96057,236,卖盘
744,10:07:09,4.07,94424,232,卖盘
745,10:07:12,4.07,91576,225,卖盘
746,10:07:15,4.07,84660,208,卖盘
747,10:07:18,4.08,816,2,买盘
748,10:07:21,4.07,115195,283,卖盘
749,10:07:24,4.07,3256,8,卖盘
750,10:07:27,4.07,34188,84,卖盘
751,10:07:30,4.08,8962,22,买盘
752,10:07:33,4.07,27285,67,卖盘
753,10:07:36,4.07,222693,547,卖盘
754,10:07:39,4.07,61864,152,卖盘
755,10:07:42,4.07,27269,67,卖盘
756,10:07:45,4.07,130655,321,卖盘
757,10:07:48,4.07,18724,46,卖盘
758,10:07:51,4.07,112739,277,卖盘
759,10:07:54,4.08,7330,18,买盘
760,10:07:57,4.07,115183,283,卖盘
761,10:08:00,4.07,43972,108,卖盘
762,10:08:03,4.07,136345,335,卖盘
763,10:08:06,4.07,227920,560,卖盘
764,10:08:09,4.07,254375,625,卖盘
765,10:08:12,4.07,63899,157,卖盘
766,10:08:18,4.07,4884,12,卖盘
767,10:08:21,4.07,133090,327,卖盘
768,10:08:24,4.07,256003,629,卖盘
769,10:08:27,4.07,143671,353,卖盘
770,10:08:30,4.08,115837,284,买盘
771,10:08:33,4.08,271502,667,买盘
772,10:08:36,4.07,45634,112,卖盘
773,10:08:39,4.07,420561,1033,卖盘
774,10:08:42,4.07,64717,159,卖盘
775,10:08:45,4.07,34259,84,卖盘
776,10:08:48,4.07,274725,675,卖盘
777,10:08:51,4.07,41575,102,卖盘
778,10:08:54,4.08,156372,384,买盘
779,10:08:57,4.07,4884,12,卖盘
780,10:09:00,4.07,38665,95,卖盘
781,10:09:03,4.08,158254,388,买盘
782,10:09:06,4.08,6115,15,买盘
783,10:09:09,4.08,39891,98,买盘
784,10:09:12,4.07,51282,126,卖盘
785,10:09:15,4.07,146163,359,卖盘
786,10:09:18,4.08,5297,13,买盘
787,10:09:21,4.07,82625,203,卖盘
788,10:09:24,4.08,122104,300,买盘
789,10:09:27,4.08,26049,64,买盘
790,10:09:30,4.07,14245,35,卖盘
791,10:09:33,4.08,121020,297,买盘
792,10:09:36,4.07,67562,166,卖盘
793,10:09:39,4.07,8140,20,卖盘
794,10:09:42,4.07,5702,14,卖盘
795,10:09:45,4.07,72921,179,卖盘
796,10:09:48,4.07,851920,2093,卖盘
797,10:09:51,4.07,68916,169,卖盘
798,10:09:54,4.07,273146,671,卖盘
799,10:09:57,4.07,101443,249,卖盘
800,10:10:00,4.07,32153,79,卖盘
801,10:10:03,4.07,28501,70,卖盘
802,10:10:06,4.07,140009,344,卖盘
803,10:10:09,4.08,72069,177,买盘
804,10:10:12,4.07,83842,206,卖盘
805,10:10:15,4.07,40724,100,卖盘
806,10:10:18,4.07,38266,94,卖盘
807,10:10:21,4.07,59911,147,卖盘
808,10:10:24,4.08,177550,436,买盘
809,10:10:27,4.07,26470,65,卖盘
810,10:10:30,4.08,110976,272,买盘
811,10:10:33,4.07,67619,166,卖盘
812,10:10:39,4.07,25264,62,卖盘
813,10:10:42,4.07,28505,70,卖盘
814,10:10:45,4.08,74593,183,买盘
815,10:10:48,4.07,9369,23,卖盘
816,10:10:51,4.07,13839,34,卖盘
817,10:10:54,4.08,30169,74,买盘
818,10:10:57,4.08,24886,61,买盘
819,10:11:03,4.07,2245859,5518,卖盘
820,10:11:06,4.08,73306,180,买盘
821,10:11:09,4.07,47263,116,卖盘
822,10:11:12,4.07,39495,97,卖盘
823,10:11:15,4.08,106230,261,买盘
824,10:11:18,4.07,94831,233,卖盘
825,10:11:21,4.07,350427,861,卖盘
826,10:11:24,4.07,13024,32,卖盘
827,10:11:27,4.07,86701,213,卖盘
828,10:11:30,4.08,171786,422,买盘
829,10:11:33,4.07,101797,250,卖盘
830,10:11:36,4.08,99729,245,买盘
831,10:11:39,4.07,122954,302,卖盘
832,10:11:42,4.07,58617,144,卖盘
833,10:11:45,4.07,16687,41,卖盘
834,10:11:48,4.07,28897,71,卖盘
835,10:11:51,4.08,21604,53,买盘
836,10:11:54,4.07,17914,44,卖盘
837,10:11:57,4.07,34233,84,卖盘
838,10:12:00,4.07,287662,706,卖盘
839,10:12:03,4.07,60246,148,卖盘
840,10:12:06,4.07,547008,1344,卖盘
841,10:12:09,4.07,3089134,7590,卖盘
842,10:12:12,4.07,494098,1214,卖盘
843,10:12:15,4.07,56988,140,卖盘
844,10:12:18,4.08,86787,213,买盘
845,10:12:21,4.07,17501,43,卖盘
846,10:12:24,4.07,32631,80,卖盘
847,10:12:27,4.08,10176,25,买盘
848,10:12:30,4.07,1296307,3185,卖盘
849,10:12:33,4.07,17094,42,卖盘
850,10:12:36,4.07,254569,624,卖盘
851,10:12:39,4.07,173386,426,卖盘
852,10:12:42,4.07,276399,679,卖盘
853,10:12:45,4.07,96477,237,卖盘
854,10:12:48,4.07,39479,97,卖盘
855,10:12:51,4.07,59855,147,卖盘
856,10:12:54,4.07,25641,63,卖盘
857,10:12:57,4.08,65542,161,买盘
858,10:13:00,4.07,21613,53,卖盘
859,10:13:03,4.07,271218,666,卖盘
860,10:13:06,4.07,96518,237,卖盘
861,10:13:09,4.07,85877,211,卖盘
862,10:13:12,4.08,29307,72,买盘
863,10:13:15,4.07,155077,381,卖盘
864,10:13:18,4.07,73373,180,卖盘
865,10:13:21,4.07,19149,47,卖盘
866,10:13:24,4.07,46805,115,卖盘
867,10:13:27,4.08,19584,48,买盘
868,10:13:30,4.07,838827,2061,卖盘
869,10:13:33,4.07,302185,742,卖盘
870,10:13:36,4.07,80998,199,卖盘
871,10:13:39,4.08,586035,1437,买盘
872,10:13:42,4.07,192057,471,卖盘
873,10:13:45,4.07,248271,610,卖盘
874,10:13:48,4.08,130443,320,买盘
875,10:13:51,4.07,22407,55,卖盘
876,10:13:54,4.07,30191,74,卖盘
877,10:13:57,4.07,138797,341,卖盘
878,10:14:00,4.07,110347,271,卖盘
879,10:14:03,4.07,123731,304,卖盘
880,10:14:06,4.08,32637,80,买盘
881,10:14:09,4.07,74074,182,卖盘
882,10:14:12,4.08,3260,8,买盘
883,10:14:15,4.07,67215,165,卖盘
884,10:14:18,4.08,100143,246,买盘
885,10:14:21,4.07,21998,54,卖盘
886,10:14:24,4.08,104602,257,买盘
887,10:14:27,4.07,61457,151,卖盘
888,10:14:30,4.07,98197,241,卖盘
889,10:14:33,4.07,155644,382,卖盘
890,10:14:36,4.07,107979,265,卖盘
891,10:14:39,4.08,61060,150,买盘
892,10:14:42,4.07,13868,34,卖盘
893,10:14:45,4.08,3672,9,买盘
894,10:14:48,4.07,230833,567,卖盘
895,10:14:51,4.08,181275,445,买盘
896,10:14:54,4.07,6523,16,卖盘
897,10:14:57,4.08,17544,43,买盘
898,10:15:00,4.08,28903,71,买盘
899,10:15:03,4.07,253567,623,卖盘
900,10:15:06,4.08,200016,491,买盘
901,10:15:09,4.08,254787,626,买盘
902,10:15:12,4.07,64857,159,卖盘
903,10:15:15,4.08,10992,27,买盘
904,10:15:18,4.07,39912,98,卖盘
905,10:15:21,4.08,72169,177,买盘
906,10:15:24,4.07,168624,414,卖盘
907,10:15:27,4.07,303215,745,卖盘
908,10:15:30,4.07,55352,136,卖盘
909,10:15:33,4.07,27676,68,卖盘
910,10:15:36,4.07,41107,101,卖盘
911,10:15:39,4.07,160717,394,卖盘
912,10:15:42,4.07,32627,80,卖盘
913,10:15:45,4.07,114431,281,卖盘
914,10:15:48,4.07,8153,20,卖盘
915,10:15:51,4.08,46103,113,买盘
916,10:15:54,4.07,120065,295,卖盘
917,10:15:57,4.07,20774,51,卖盘
918,10:16:00,4.08,4894,12,买盘
919,10:16:03,4.08,71291,175,买盘
920,10:16:06,4.07,215734,530,卖盘
921,10:16:09,4.07,71632,176,卖盘
922,10:16:12,4.08,41935,103,买盘
923,10:16:15,4.07,87997,216,卖盘
924,10:16:18,4.07,23203,57,卖盘
925,10:16:21,4.08,3258,8,买盘
926,10:16:24,4.08,194193,477,买盘
927,10:16:27,4.07,29304,72,卖盘
928,10:16:30,4.08,67682,166,买盘
929,10:16:33,4.08,82389,202,买盘
930,10:16:36,4.08,11424,28,买盘
931,10:16:39,4.08,193330,475,买盘
932,10:16:42,4.08,3257,8,买盘
933,10:16:45,4.08,45285,111,买盘
934,10:16:48,4.07,48437,119,卖盘
935,10:16:51,4.07,30525,75,卖盘
936,10:16:54,4.07,75018,184,卖盘
937,10:16:57,4.07,24830,61,卖盘
938,10:17:00,4.07,89133,219,卖盘
939,10:17:03,4.07,116409,286,卖盘
940,10:17:06,4.07,166870,410,卖盘
941,10:17:09,4.07,31746,78,卖盘
942,10:17:12,4.08,43656,107,买盘
943,10:17:15,4.08,91244,224,买盘
944,10:17:18,4.07,97796,240,卖盘
945,10:17:21,4.07,8548,21,卖盘
946,10:17:27,4.07,74234,182,卖盘
947,10:17:30,4.07,12210,30,卖盘
948,10:17:33,4.07,61941,152,卖盘
949,10:17:36,4.07,42800,105,卖盘
950,10:17:39,4.08,174222,428,买盘
951,10:17:42,4.08,54965,135,买盘
952,10:17:45,4.08,88345,217,买盘
953,10:17:48,4.08,62347,153,买盘
954,10:17:51,4.08,71740,176,买盘
955,10:17:54,4.08,65124,160,买盘
956,10:17:57,4.07,130539,320,卖盘
957,10:18:00,4.07,13841,34,卖盘
958,10:18:03,4.07,95645,235,卖盘
959,10:18:06,4.07,24023,59,卖盘
960,10:18:09,4.07,50875,125,卖盘
961,10:18:12,4.07,109117,268,卖盘
962,10:18:15,4.07,22435,55,卖盘
963,10:18:18,4.08,91577,225,买盘
964,10:18:21,4.07,12629,31,卖盘
965,10:18:24,4.08,2039,5,买盘
966,10:18:27,4.07,23199,57,卖盘
967,10:18:33,4.08,87260,214,买盘
968,10:18:36,4.07,151010,371,卖盘
969,10:18:39,4.07,185702,456,卖盘
970,10:18:42,4.07,324380,797,卖盘
971,10:18:45,4.08,216615,532,买盘
972,10:18:48,4.07,56986,140,卖盘
973,10:18:51,4.07,19129,47,卖盘
974,10:18:54,4.07,407,1,卖盘
975,10:18:57,4.07,110302,271,卖盘
976,10:19:00,4.07,105006,258,卖盘
977,10:19:03,4.07,10175,25,卖盘
978,10:19:06,4.07,99036,243,卖盘
979,10:19:09,4.07,19129,47,卖盘
980,10:19:12,4.08,10182,25,买盘
981,10:19:15,4.08,144089,354,买盘
982,10:19:18,4.07,102696,252,卖盘
983,10:19:21,4.07,18315,45,卖盘
984,10:19:24,4.07,207165,509,卖盘
985,10:19:27,4.08,214089,526,买盘
986,10:19:30,4.07,36223,89,卖盘
987,10:19:33,4.07,7733,19,卖盘
988,10:19:36,4.07,43956,108,卖盘
989,10:19:39,4.08,28495,70,买盘
990,10:19:42,4.07,59423,146,卖盘
991,10:19:45,4.08,85927,211,买盘
992,10:19:48,4.07,105017,258,卖盘
993,10:19:51,4.07,28490,70,卖盘
994,10:19:54,4.08,1630,4,买盘
995,10:19:57,4.07,114978,282,卖盘
996,10:20:00,4.08,155755,382,买盘
997,10:20:03,4.07,296131,726,卖盘
998,10:20:06,4.08,81146,199,买盘
999,10:20:09,4.08,90939,223,买盘
1000,10:20:12,4.07,176138,432,卖盘
1001,10:20:15,4.07,102180,251,卖盘
1002,10:20:18,4.07,969881,2383,卖盘
1003,10:20:21,4.08,89543,220,买盘
1004,10:20:24,4.08,17541,43,买盘
1005,10:20:27,4.07,95261,234,卖盘
1006,10:20:30,4.08,159359,391,买盘
1007,10:20:33,4.07,20381,50,卖盘
1008,10:20:36,4.07,153138,376,卖盘
1009,10:20:39,4.07,149810,368,卖盘
1010,10:20:42,4.07,25234,62,卖盘
1011,10:20:45,4.07,46398,114,卖盘
1012,10:20:48,4.07,146113,359,卖盘
1013,10:20:51,4.08,38266,94,买盘
1014,10:20:54,4.07,16718,41,卖盘
1015,10:20:57,4.07,18315,45,卖盘
1016,10:21:00,4.08,201467,495,买盘
1017,10:21:03,4.07,93203,229,卖盘
1018,10:21:06,4.07,33378,82,卖盘
1019,10:21:09,4.08,118320,290,买盘
1020,10:21:12,4.08,74493,183,买盘
1021,10:21:15,4.07,4070,10,卖盘
1022,10:21:18,4.08,8142,20,买盘
1023,10:21:21,4.07,64713,159,卖盘
1024,10:21:24,4.07,840060,2064,卖盘
1025,10:21:27,4.07,19255170,47310,卖盘
1026,10:21:30,4.07,1685799,4142,卖盘
1027,10:21:33,4.07,433496,1065,卖盘
1028,10:21:36,4.07,568292,1396,卖盘
1029,10:21:39,4.07,351652,864,卖盘
1030,10:21:42,4.07,297110,730,卖盘
1031,10:21:45,4.07,164026,403,卖盘
1032,10:21:48,4.07,77330,190,卖盘
1033,10:21:51,4.07,127392,313,卖盘
1034,10:21:54,4.07,271065,666,卖盘
1035,10:21:57,4.07,11188145,27490,卖盘
1036,10:22:00,4.07,1008446,2481,买盘
1037,10:22:03,4.06,143753,354,卖盘
1038,10:22:06,4.06,45986,113,卖盘
1039,10:22:09,4.07,20350,50,买盘
1040,10:22:12,4.06,141701,349,卖盘
1041,10:22:15,4.07,122502,301,买盘
1042,10:22:18,4.07,60101,148,买盘
1043,10:22:21,4.06,73502,181,卖盘
1044,10:22:24,4.07,94397,232,买盘
1045,10:22:27,4.07,20707,51,买盘
1046,10:22:30,4.07,76754,189,买盘
1047,10:22:33,4.07,17094,42,买盘
1048,10:22:36,4.07,21519,53,买盘
1049,10:22:39,4.07,49953,123,买盘
1050,10:22:42,4.06,83636,206,卖盘
1051,10:22:45,4.07,12603,31,买盘
1052,10:22:48,4.06,63346,156,卖盘
1053,10:22:51,4.07,13024,32,买盘
1054,10:22:54,4.06,5685,14,卖盘
1055,10:22:57,4.07,42638,105,买盘
1056,10:23:00,4.07,144674,356,买盘
1057,10:23:03,4.07,127557,314,买盘
1058,10:23:06,4.07,95168,234,买盘
1059,10:23:09,4.07,46774,115,买盘
1060,10:23:12,4.06,45936,113,卖盘
1061,10:23:15,4.07,24827,61,买盘
1062,10:23:18,4.07,9361,23,买盘
1063,10:23:21,4.06,116172,286,卖盘
1064,10:23:24,4.06,10962,27,卖盘
1065,10:23:27,4.06,27608,68,卖盘
1066,10:23:30,4.07,235959,581,买盘
1067,10:23:33,4.06,22762,56,卖盘
1068,10:23:36,4.07,59422,146,买盘
1069,10:23:39,4.07,349273,860,买盘
1070,10:23:42,4.07,14640,36,买盘
1071,10:23:45,4.07,1638572,4026,买盘
1072,10:23:48,4.07,763018,1875,买盘
1073,10:23:51,4.06,133878,329,卖盘
1074,10:23:54,4.07,301502,741,买盘
1075,10:23:57,4.07,38230,94,买盘
1076,10:24:00,4.07,137646,339,买盘
1077,10:24:03,4.07,569669,1403,买盘
1078,10:24:06,4.06,60494,149,卖盘
1079,10:24:09,4.07,229027,564,买盘
1080,10:24:12,4.06,100076,246,卖盘
1081,10:24:15,4.07,421444,1038,买盘
1082,10:24:18,4.07,76892,189,买盘
1083,10:24:21,4.06,86072,212,卖盘
1084,10:24:24,4.06,77546,191,卖盘
1085,10:24:27,4.06,651224,1604,卖盘
1086,10:24:30,4.07,36955,91,买盘
1087,10:24:33,4.06,177028,436,卖盘
1088,10:24:36,4.06,24390,60,卖盘
1089,10:24:39,4.07,4102946,10081,买盘
1090,10:24:42,4.07,505925,1244,买盘
1091,10:24:45,4.07,4088709,10046,买盘
1092,10:24:48,4.07,7113822,17479,买盘
1093,10:24:51,4.07,8639392,21227,买盘
1094,10:24:54,4.07,56237,138,卖盘
1095,10:24:57,4.07,238548,586,卖盘
1096,10:25:00,4.08,17924,44,买盘
1097,10:25:03,4.07,69597,171,卖盘
1098,10:25:06,4.07,32560,80,卖盘
1099,10:25:09,4.07,13842,34,卖盘
1100,10:25:12,4.07,89947,221,卖盘
1101,10:25:15,4.07,66748,164,卖盘
1102,10:25:18,4.07,35896,88,卖盘
1103,10:25:21,4.08,8147,20,买盘
1104,10:25:24,4.07,164121,403,卖盘
1105,10:25:27,4.08,147537,362,买盘
1106,10:25:30,4.08,408,1,买盘
1107,10:25:33,4.07,101750,250,卖盘
1108,10:25:36,4.07,27676,68,卖盘
1109,10:25:39,4.08,4488,11,买盘
1110,10:25:42,4.07,11803,29,卖盘
1111,10:25:45,4.08,2448,6,买盘
1112,10:25:48,4.07,93618,230,卖盘
1113,10:25:54,4.07,84249,207,卖盘
1114,10:25:57,4.07,5698,14,卖盘
1115,10:26:00,4.08,81146,199,买盘
1116,10:26:03,4.07,132683,326,卖盘
1117,10:26:06,4.08,24466,60,买盘
1118,10:26:09,4.07,5698,14,卖盘
1119,10:26:12,4.08,8153,20,买盘
1120,10:26:15,4.07,172569,424,卖盘
1121,10:26:18,4.07,47216,116,卖盘
1122,10:26:21,4.08,112341,276,买盘
1123,10:26:24,4.07,47624,117,卖盘
1124,10:26:27,4.07,23201,57,卖盘
1125,10:26:30,4.08,90167,221,买盘
1126,10:26:33,4.07,141229,347,卖盘
1127,10:26:36,4.08,158769,390,买盘
1128,10:26:39,4.08,26928,66,买盘
1129,10:26:42,4.07,400899,985,卖盘
1130,10:26:45,4.07,111781,274,卖盘
1131,10:26:48,4.08,55763,137,买盘
1132,10:26:51,4.07,32153,79,卖盘
1133,10:26:54,4.08,898733,2208,买盘
1134,10:26:57,4.07,93203,229,卖盘
1135,10:27:00,4.08,141643,348,买盘
1136,10:27:03,4.07,423283,1040,卖盘
1137,10:27:06,4.07,681725,1675,卖盘
1138,10:27:09,4.07,520960,1280,卖盘
1139,10:27:12,4.07,242027,594,卖盘
1140,10:27:15,4.07,124149,305,卖盘
1141,10:27:18,4.08,76551,188,买盘
1142,10:27:21,4.07,225892,555,卖盘
1143,10:27:24,4.07,46810,115,卖盘
1144,10:27:27,4.08,49738,122,买盘
1145,10:27:30,4.08,69599,171,买盘
1146,10:27:33,4.07,177531,436,卖盘
1147,10:27:36,4.07,214489,527,卖盘
1148,10:27:39,4.07,14251,35,卖盘
1149,10:27:42,4.08,39113,96,买盘
1150,10:27:45,4.08,42740,105,买盘
1151,10:27:48,4.07,143264,352,卖盘
1152,10:27:51,4.07,22385,55,卖盘
1153,10:27:54,4.08,22390,55,买盘
1154,10:27:57,4.07,2442,6,卖盘
1155,10:28:00,4.08,1632,4,买盘
1156,10:28:03,4.08,87517,215,买盘
1157,10:28:06,4.07,6934,17,卖盘
1158,10:28:09,4.07,113560,279,卖盘
1159,10:28:12,4.07,55814,137,卖盘
1160,10:28:15,4.07,148602,365,卖盘
1161,10:28:18,4.07,5291,13,卖盘
1162,10:28:21,4.07,74482,183,卖盘
1163,10:28:24,4.07,84656,208,卖盘
1164,10:28:27,4.08,50063,123,买盘
1165,10:28:30,4.08,48441,119,买盘
1166,10:28:33,4.07,144539,355,卖盘
1167,10:28:36,4.08,50592,124,买盘
1168,10:28:39,4.07,123179,302,卖盘
1169,10:28:42,4.08,226009,555,买盘
1170,10:28:45,4.07,22393,55,卖盘
1171,10:28:48,4.07,9768,24,卖盘
1172,10:28:51,4.07,44365,109,卖盘
1173,10:28:54,4.07,423280,1040,卖盘
1174,10:28:57,4.07,10989,27,卖盘
1175,10:29:00,4.08,156290,384,买盘
1176,10:29:03,4.07,48884,120,卖盘
1177,10:29:06,4.07,10175,25,卖盘
1178,10:29:09,4.08,26112,64,买盘
1179,10:29:12,4.07,6512,16,卖盘
1180,10:29:15,4.07,16280,40,卖盘
1181,10:29:18,4.07,186851,459,卖盘
1182,10:29:21,4.07,24420,60,卖盘
1183,10:29:24,4.08,73685,181,买盘
1184,10:29:27,4.07,48455,119,卖盘
1185,10:29:30,4.08,308111,757,买盘
1186,10:29:33,4.07,110299,271,卖盘
1187,10:29:36,4.07,199033,489,卖盘
1188,10:29:39,4.08,356157,875,买盘
1189,10:29:42,4.07,311773,766,卖盘
1190,10:29:45,4.07,88328,217,卖盘
1191,10:29:48,4.07,66795,164,卖盘
1192,10:29:51,4.07,61499,151,卖盘
1193,10:29:54,4.07,41921,103,卖盘
1194,10:29:57,4.08,254790,626,买盘
1195,10:30:00,4.08,59029,145,买盘
1196,10:30:03,4.07,938542,2306,卖盘
1197,10:30:06,4.07,86289,212,卖盘
1198,10:30:09,4.07,46398,114,卖盘
1199,10:30:12,4.08,16320,40,买盘
1200,10:30:15,4.08,46100,113,买盘
1201,10:30:18,4.08,50492,124,买盘
1202,10:30:21,4.07,112740,277,卖盘
1203,10:30:27,4.07,54538,134,卖盘
1204,10:30:30,4.08,44776,110,买盘
1205,10:30:33,4.08,137980,339,买盘
1206,10:30:36,4.08,90513,222,买盘
1207,10:30:42,4.08,88347,217,买盘
1208,10:30:45,4.07,314642,773,卖盘
1209,10:30:48,4.07,28898,71,卖盘
1210,10:30:51,4.07,548275,1347,卖盘
1211,10:30:54,4.07,142949,351,卖盘
1212,10:30:57,4.08,355544,872,买盘
1213,10:31:00,4.08,6528,16,买盘
1214,10:31:03,4.08,1004901,2469,买盘
1215,10:31:06,4.08,408,1,买盘
1216,10:31:09,4.07,117623,289,卖盘
1217,10:31:12,4.08,43247,106,买盘
1218,10:31:15,4.08,98104,241,买盘
1219,10:31:18,4.07,1150207,2826,卖盘
1220,10:31:21,4.07,389151,956,卖盘
1221,10:31:24,4.07,89133,219,卖盘
1222,10:31:27,4.07,146943,361,卖盘
1223,10:31:30,4.08,294683,724,买盘
1224,10:31:33,4.07,76995,189,卖盘
1225,10:31:36,4.07,52503,129,卖盘
1226,10:31:39,4.07,350837,862,卖盘
1227,10:31:42,4.07,256003,629,卖盘
1228,10:31:45,4.07,194973,479,卖盘
1229,10:31:48,4.07,69597,171,卖盘
1230,10:31:51,4.07,6903130,16961,卖盘
1231,10:31:54,4.07,315645,776,买盘
1232,10:31:57,4.06,194474,479,卖盘
1233,10:32:00,4.07,45505,112,买盘
1234,10:32:03,4.07,61815,152,买盘
1235,10:32:06,4.06,31274,77,卖盘
1236,10:32:09,4.07,44349,109,买盘
1237,10:32:12,4.07,915115,2249,买盘
1238,10:32:15,4.07,9745,24,买盘
1239,10:32:18,4.07,407,1,买盘
1240,10:32:21,4.07,25638,63,买盘
1241,10:32:24,4.07,96866,238,买盘
1242,10:32:30,4.07,380538,936,买盘
1243,10:32:33,4.06,945864,2324,卖盘
1244,10:32:36,4.07,738681,1815,买盘
1245,10:32:39,4.06,342056,841,卖盘
1246,10:32:42,4.06,38218,94,卖盘
1247,10:32:45,4.07,61843,152,买盘
1248,10:32:48,4.07,25641,63,买盘
1249,10:32:51,4.06,6500,16,卖盘
1250,10:32:54,4.06,40600,100,卖盘
1251,10:33:00,4.07,34595,85,买盘
1252,10:33:03,4.07,122077,300,买盘
1253,10:33:06,4.07,50875,125,买盘
1254,10:33:09,4.07,62233,153,买盘
1255,10:33:15,4.07,9361,23,买盘
1256,10:33:18,4.07,143368,353,买盘
1257,10:33:21,4.06,121830,300,卖盘
1258,10:33:24,4.07,155569,383,买盘
1259,10:33:27,4.06,70238,173,卖盘
1260,10:33:30,4.07,379633,935,买盘
1261,10:33:33,4.06,295043,726,卖盘
1262,10:33:36,4.06,3172086,7813,卖盘
1263,10:33:39,4.06,54404,134,卖盘
1264,10:33:42,4.06,32886,81,卖盘
1265,10:33:45,4.07,6091,15,买盘
1266,10:33:48,4.06,10556,26,卖盘
1267,10:33:51,4.06,26390,65,卖盘
1268,10:33:54,4.06,812,2,卖盘
1269,10:33:57,4.06,212864,524,卖盘
1270,10:34:00,4.07,47208,116,买盘
1271,10:34:03,4.06,34952,86,卖盘
1272,10:34:06,4.07,106392,262,买盘
1273,10:34:09,4.07,98770,243,买盘
1274,10:34:12,4.06,8120,20,卖盘
1275,10:34:15,4.07,48722,120,买盘
1276,10:34:18,4.06,133574,329,卖盘
1277,10:34:21,4.07,6903,17,买盘
1278,10:34:24,4.06,61306,151,卖盘
1279,10:34:27,4.07,21164,52,买盘
1280,10:34:30,4.07,8950,22,买盘
1281,10:34:33,4.07,8547,21,买盘
1282,10:34:36,4.06,6496,16,卖盘
1283,10:34:39,4.06,88521,218,卖盘
1284,10:34:42,4.07,198506,488,买盘
1285,10:34:45,4.06,33293,82,卖盘
1286,10:34:48,4.06,100688,248,卖盘
1287,10:34:51,4.06,403564,994,卖盘
1288,10:34:54,4.07,6512,16,买盘
1289,10:34:57,4.06,118552,292,卖盘
1290,10:35:00,4.07,26862,66,买盘
1291,10:35:03,4.06,33730,83,卖盘
1292,10:35:06,4.06,43036,106,卖盘
1293,10:35:09,4.06,153062,377,卖盘
1294,10:35:12,4.06,283469,698,卖盘
1295,10:35:15,4.07,56873,140,买盘
1296,10:35:18,4.07,64567,159,买盘
1297,10:35:21,4.06,62657,154,卖盘
1298,10:35:24,4.06,30876,76,卖盘
1299,10:35:27,4.06,118554,292,卖盘
1300,10:35:30,4.07,359718,886,买盘
1301,10:35:33,4.07,323163,795,买盘
1302,10:35:36,4.06,2030,5,卖盘
1303,10:35:39,4.06,13414,33,卖盘
1304,10:35:42,4.06,113309,279,卖盘
1305,10:35:45,4.07,80522,198,买盘
1306,10:35:48,4.07,44284,109,买盘
1307,10:35:51,4.06,71456,176,卖盘
1308,10:35:54,4.06,13804,34,卖盘
1309,10:35:57,4.06,6090,15,卖盘
1310,10:36:00,4.07,348033,857,买盘
1311,10:36:03,4.06,64555,159,卖盘
1312,10:36:06,4.07,68375,168,买盘
1313,10:36:09,4.06,406,1,卖盘
1314,10:36:12,4.07,10570,26,买盘
1315,10:36:15,4.06,127079,313,卖盘
1316,10:36:18,4.06,32480,80,卖盘
1317,10:36:21,4.06,10155,25,卖盘
1318,10:36:24,4.06,95816,236,卖盘
1319,10:36:27,4.07,8140,20,买盘
1320,10:36:30,4.07,99939,246,买盘
1321,10:36:33,4.07,6105,15,买盘
1322,10:36:36,4.06,19895,49,卖盘
1323,10:36:39,4.07,4883,12,买盘
1324,10:36:42,4.06,406,1,卖盘
1325,10:36:45,4.07,14652,36,买盘
1326,10:36:48,4.06,82418,203,卖盘
1327,10:36:51,4.07,73597,181,买盘
1328,10:36:54,4.07,56573,139,买盘
1329,10:36:57,4.07,12999,32,买盘
1330,10:37:00,4.07,11370,28,买盘
1331,10:37:03,4.06,149412,368,卖盘
1332,10:37:06,4.06,57654,142,卖盘
1333,10:37:09,4.06,25984,64,卖盘
1334,10:37:12,4.07,40700,100,买盘
1335,10:37:15,4.07,1628,4,买盘
1336,10:37:18,4.06,2030,5,卖盘
1337,10:37:21,4.06,75922,187,卖盘
1338,10:37:24,4.06,629707,1551,卖盘
1339,10:37:27,4.07,27609,68,买盘
1340,10:37:30,4.07,48324,119,买盘
1341,10:37:33,4.06,67510,166,卖盘
1342,10:37:39,4.06,95004,234,卖盘
1343,10:37:45,4.06,7718,19,卖盘
1344,10:37:48,4.06,219658,541,卖盘
1345,10:37:51,4.06,88519,218,卖盘
1346,10:37:54,4.06,97072,239,卖盘
1347,10:37:57,4.06,98302,242,卖盘
1348,10:38:00,4.07,31682,78,买盘
1349,10:38:03,4.06,9745,24,卖盘
1350,10:38:06,4.06,64183,158,卖盘
1351,10:38:09,4.06,25578,63,卖盘
1352,10:38:12,4.06,76328,188,卖盘
1353,10:38:15,4.07,31669,78,买盘
1354,10:38:18,4.06,1218,3,卖盘
1355,10:38:21,4.06,271814,669,卖盘
1356,10:38:24,4.07,179958,443,买盘
1357,10:38:27,4.06,76328,188,卖盘
1358,10:38:30,4.07,26802,66,买盘
1359,10:38:33,4.07,58490,144,买盘
1360,10:38:36,4.06,10580,26,卖盘
1361,10:38:39,4.06,12180,30,卖盘
1362,10:38:42,4.06,25578,63,卖盘
1363,10:38:45,4.06,43041,106,卖盘
1364,10:38:48,4.07,82618,203,买盘
1365,10:38:51,4.06,52792,130,卖盘
1366,10:38:54,4.07,21560,53,买盘
1367,10:38:57,4.06,96246,237,卖盘
1368,10:39:00,4.07,9361,23,买盘
1369,10:39:03,4.06,261465,644,卖盘
1370,10:39:06,4.07,59284,146,买盘
1371,10:39:09,4.06,103530,255,卖盘
1372,10:39:12,4.06,3248,8,卖盘
1373,10:39:15,4.07,58545,144,买盘
1374,10:39:18,4.06,42225,104,卖盘
1375,10:39:21,4.06,99966,246,卖盘
1376,10:39:24,4.07,24767,61,买盘
1377,10:39:27,4.06,95228,234,卖盘
1378,10:39:30,4.07,56491,139,买盘
1379,10:39:33,4.07,184138,453,买盘
1380,10:39:36,4.07,46370,114,买盘
1381,10:39:39,4.07,42717,105,买盘
1382,10:39:42,4.06,45117,111,卖盘
1383,10:39:45,4.06,25618,63,卖盘
1384,10:39:48,4.06,15843,39,卖盘
1385,10:39:51,4.06,33702,83,卖盘
1386,10:39:54,4.07,51282,126,买盘
1387,10:39:57,4.07,114100,281,买盘
1388,10:40:00,4.07,95084,234,买盘
1389,10:40:03,4.06,203000,500,卖盘
1390,10:40:06,4.07,4477,11,买盘
1391,10:40:09,4.07,30868,76,买盘
1392,10:40:12,4.06,62542,154,卖盘
1393,10:40:15,4.07,71870,177,买盘
1394,10:40:18,4.06,406,1,卖盘
1395,10:40:21,4.06,208301,513,卖盘
1396,10:40:24,4.07,2035,5,买盘
1397,10:40:27,4.06,141388,348,卖盘
1398,10:40:30,4.07,48740,120,买盘
1399,10:40:33,4.07,186397,458,买盘
1400,10:40:36,4.07,2442,6,买盘
1401,10:40:39,4.06,4466,11,卖盘
1402,10:40:42,4.07,11783,29,买盘
1403,10:40:45,4.07,14245,35,买盘
1404,10:40:48,4.06,10970,27,卖盘
1405,10:40:51,4.07,2848,7,买盘
1406,10:40:54,4.07,53647,132,买盘
1407,10:40:57,4.06,266021,655,卖盘
1408,10:41:00,4.07,83642,206,买盘
1409,10:41:03,4.06,42231,104,卖盘
1410,10:41:06,4.06,26832,66,卖盘
1411,10:41:09,4.07,285257,701,买盘
1412,10:41:12,4.07,212361,523,买盘
1413,10:41:15,4.07,49237,121,买盘
1414,10:41:18,4.06,36134,89,卖盘
1415,10:41:21,4.06,42630,105,卖盘
1416,10:41:27,4.07,38620,95,买盘
1417,10:41:30,4.07,69583,171,买盘
1418,10:41:33,4.07,212936,524,买盘
1419,10:41:36,4.06,4069,10,卖盘
1420,10:41:39,4.07,19942,49,买盘
1421,10:41:42,4.07,47109,116,买盘
1422,10:41:45,4.07,103284,254,买盘
1423,10:41:48,4.07,38665,95,买盘
1424,10:41:51,4.06,33756,83,卖盘
1425,10:41:54,4.06,54041,133,卖盘
1426,10:41:57,4.07,16677,41,买盘
1427,10:42:00,4.07,18722,46,买盘
1428,10:42:03,4.07,79335,195,买盘
1429,10:42:06,4.06,34124,84,卖盘
1430,10:42:09,4.06,101096,249,卖盘
1431,10:42:12,4.06,97545,240,卖盘
1432,10:42:15,4.06,103131,254,卖盘
1433,10:42:18,4.06,127562,314,卖盘
1434,10:42:21,4.07,25990,64,买盘
1435,10:42:24,4.06,18676,46,卖盘
1436,10:42:27,4.07,89893,221,买盘
1437,10:42:30,4.07,11789,29,买盘
1438,10:42:36,4.06,90944,224,卖盘
1439,10:42:39,4.06,58558,144,卖盘
1440,10:42:42,4.07,87803,216,买盘
1441,10:42:45,4.07,43042,106,买盘
1442,10:42:51,4.07,890733,2191,买盘
1443,10:42:54,4.07,110704,272,买盘
1444,10:42:57,4.06,103773,255,卖盘
1445,10:43:00,4.07,49540,122,买盘
1446,10:43:03,4.07,115131,283,买盘
1447,10:43:06,4.06,54836,135,卖盘
1448,10:43:09,4.07,3256,8,买盘
1449,10:43:15,4.07,493890,1214,买盘
1450,10:43:18,4.06,29241,72,卖盘
1451,10:43:21,4.07,70655,174,买盘
1452,10:43:24,4.07,163155,401,买盘
1453,10:43:27,4.07,2035,5,买盘
1454,10:43:30,4.07,7732,19,买盘
1455,10:43:33,4.07,137159,337,买盘
1456,10:43:36,4.07,56980,140,买盘
1457,10:43:39,4.07,40287,99,买盘
1458,10:43:42,4.06,5934644,14617,卖盘
1459,10:43:45,4.07,120009,295,买盘
1460,10:43:48,4.06,64994,160,卖盘
1461,10:43:51,4.06,28480,70,卖盘
1462,10:43:54,4.07,83836,206,买盘
1463,10:43:57,4.07,729750,1793,买盘
1464,10:44:00,4.07,1178020,2895,买盘
1465,10:44:03,4.07,4310708,10616,买盘
1466,10:44:06,4.07,178669,439,买盘
1467,10:44:09,4.07,4239077,10440,买盘
1468,10:44:12,4.06,174545,429,卖盘
1469,10:44:15,4.07,10498441,25852,买盘
1470,10:44:18,4.07,313590,771,买盘
1471,10:44:21,4.07,243402,599,买盘
1472,10:44:24,4.06,254388,626,卖盘
1473,10:44:27,4.06,203832,502,卖盘
1474,10:44:30,4.07,53223,131,买盘
1475,10:44:33,4.06,109693,270,卖盘
1476,10:44:36,4.07,48815,120,买盘
1477,10:44:39,4.06,2438,6,卖盘
1478,10:44:42,4.06,10964,27,卖盘
1479,10:44:45,4.06,44660,110,卖盘
1480,10:44:48,4.06,325968,801,卖盘
1481,10:44:51,4.07,65816,162,买盘
1482,10:44:54,4.06,90601,223,卖盘
1483,10:44:57,4.06,203599,501,卖盘
1484,10:45:00,4.06,29261,72,卖盘
1485,10:45:03,4.07,37024,91,买盘
1486,10:45:06,4.06,10982,27,卖盘
1487,10:45:09,4.06,44354,109,卖盘
1488,10:45:12,4.07,20757,51,买盘
1489,10:45:15,4.07,39789,98,买盘
1490,10:45:18,4.07,33781,83,买盘
1491,10:45:21,4.06,22736,56,卖盘
1492,10:45:24,4.06,65523,161,卖盘
1493,10:45:27,4.06,34114,84,卖盘
1494,10:45:30,4.07,37773,93,买盘
1495,10:45:33,4.07,23162,57,买盘
1496,10:45:36,4.07,20749,51,买盘
1497,10:45:39,4.06,190529,469,卖盘
1498,10:45:42,4.07,75532,186,买盘
1499,10:45:45,4.06,69058,170,卖盘
1500,10:45:48,4.06,8120,20,卖盘
1501,10:45:51,4.06,26411,65,卖盘
1502,10:45:54,4.06,82955,204,卖盘
1503,10:46:00,4.07,4066,10,买盘
1504,10:46:03,4.07,25638,63,买盘
1505,10:46:06,4.06,1624,4,卖盘
1506,10:46:09,4.06,49586,122,卖盘
1507,10:46:12,4.06,15428,38,卖盘
1508,10:46:15,4.06,96276,237,卖盘
1509,10:46:18,4.06,41019,101,卖盘
1510,10:46:21,4.07,65930,162,买盘
1511,10:46:24,4.06,66336,163,卖盘
1512,10:46:27,4.07,22339,55,买盘
1513,10:46:30,4.07,186750,459,买盘
1514,10:46:33,4.06,2842,7,卖盘
1515,10:46:36,4.07,28431,70,买盘
1516,10:46:39,4.07,149409,368,买盘
1517,10:46:42,4.06,446194,1099,卖盘
1518,10:46:45,4.06,299223,737,卖盘
1519,10:46:48,4.07,8933,22,买盘
1520,10:46:51,4.06,279338,688,卖盘
1521,10:46:54,4.07,171777,423,买盘
1522,10:46:57,4.07,27671,68,买盘
1523,10:47:00,4.07,49132,121,买盘
1524,10:47:03,4.07,200438,493,买盘
1525,10:47:06,4.06,2030,5,卖盘
1526,10:47:09,4.06,98659,243,卖盘
1527,10:47:12,4.06,165898,408,卖盘
1528,10:47:15,4.06,14627,36,卖盘
1529,10:47:18,4.06,123044,303,卖盘
1530,10:47:21,4.06,110611,272,卖盘
1531,10:47:24,4.06,15027,37,卖盘
1532,10:47:30,4.07,37358,92,买盘
1533,10:47:33,4.06,36134,89,卖盘
1534,10:47:36,4.06,202231,498,卖盘
1535,10:47:39,4.06,69842,172,卖盘
1536,10:47:42,4.06,372374,917,卖盘
1537,10:47:45,4.06,51205,126,卖盘
1538,10:47:48,4.06,55220,136,卖盘
1539,10:47:51,4.06,2436,6,卖盘
1540,10:47:54,4.06,21557,53,卖盘
1541,10:47:57,4.06,21112,52,卖盘
1542,10:48:00,4.07,101506,250,买盘
1543,10:48:03,4.06,51230,126,卖盘
1544,10:48:06,4.06,23144,57,卖盘
1545,10:48:09,4.07,109886,270,买盘
1546,10:48:12,4.06,66996,165,卖盘
1547,10:48:15,4.06,100743,248,卖盘
1548,10:48:18,4.06,111367,274,卖盘
1549,10:48:21,4.06,45902,113,卖盘
1550,10:48:24,4.06,70238,173,卖盘
1551,10:48:27,4.06,131960,325,卖盘
1552,10:48:30,4.07,87701,216,买盘
1553,10:48:33,4.07,46336,114,买盘
1554,10:48:36,4.06,7716,19,卖盘
1555,10:48:39,4.06,3659,9,卖盘
1556,10:48:42,4.06,74298,183,卖盘
1557,10:48:45,4.06,188843,464,卖盘
1558,10:48:48,4.07,407,1,买盘
1559,10:48:51,4.06,86073,212,卖盘
1560,10:48:54,4.06,69064,170,卖盘
1561,10:48:57,4.06,34981,86,卖盘
1562,10:49:00,4.07,24374,60,买盘
1563,10:49:03,4.06,395865,975,卖盘
1564,10:49:06,4.07,158752,391,买盘
1565,10:49:09,4.06,92569,228,卖盘
1566,10:49:12,4.06,41918,103,卖盘
1567,10:49:15,4.06,60112,148,卖盘
1568,10:49:18,4.06,90288,222,卖盘
1569,10:49:21,4.06,168094,414,卖盘
1570,10:49:24,4.06,771826,1901,卖盘
1571,10:49:27,4.07,2642738,6509,买盘
1572,10:49:30,4.07,381669,940,买盘
1573,10:49:33,4.06,105192,259,卖盘
1574,10:49:36,4.06,114086,281,卖盘
1575,10:49:39,4.06,2030,5,卖盘
1576,10:49:42,4.06,84448,208,卖盘
1577,10:49:45,4.06,3252,8,卖盘
1578,10:49:48,4.07,168128,414,买盘
1579,10:49:51,4.06,45066,111,卖盘
1580,10:49:54,4.06,138890,342,卖盘
1581,10:50:00,4.07,4066,10,买盘
1582,10:50:03,4.07,407,1,买盘
1583,10:50:06,4.06,31320,77,卖盘
1584,10:50:09,4.06,133195,328,卖盘
1585,10:50:12,4.06,1386084,3414,卖盘
1586,10:50:15,4.06,33320,82,卖盘
1587,10:50:18,4.07,92791,228,买盘
1588,10:50:21,4.06,58111,143,卖盘
1589,10:50:24,4.06,24365,60,卖盘
1590,10:50:27,4.07,238101,586,买盘
1591,10:50:30,4.07,7326,18,买盘
1592,10:50:33,4.07,111670,275,买盘
1593,10:50:36,4.07,1628,4,买盘
1594,10:50:39,4.06,249334,614,卖盘
1595,10:50:42,4.06,79982,197,卖盘
1596,10:50:45,4.06,139273,343,卖盘
1597,10:50:48,4.06,37758,93,卖盘
1598,10:50:51,4.06,15428,38,卖盘
1599,10:50:54,4.06,88141,217,卖盘
1600,10:50:57,4.06,118968,293,卖盘
1601,10:51:00,4.07,47508,117,买盘
1602,10:51:03,4.06,48721,120,卖盘
1603,10:51:06,4.07,248085,611,买盘
1604,10:51:09,4.07,177852,437,买盘
1605,10:51:12,4.07,85356,210,买盘
1606,10:51:15,4.07,70003,172,买盘
1607,10:51:18,4.07,79673,196,买盘
1608,10:51:21,4.07,892773,2194,买盘
1609,10:51:24,4.07,131822,324,买盘
1610,10:51:27,4.07,3428975,8425,买盘
1611,10:51:30,4.07,869751,2137,买盘
1612,10:51:33,4.06,246332,606,卖盘
1613,10:51:36,4.07,208290,513,买盘
1614,10:51:39,4.07,12200,30,买盘
1615,10:51:42,4.07,119245,293,买盘
1616,10:51:45,4.06,81200,200,卖盘
1617,10:51:48,4.07,42651,105,买盘
1618,10:51:51,4.06,23987,59,卖盘
1619,10:51:54,4.06,23189,57,卖盘
1620,10:51:57,4.07,472889,1162,买盘
1621,10:52:00,4.07,47619,117,买盘
1622,10:52:03,4.06,19517,48,卖盘
1623,10:52:06,4.07,185585,456,买盘
1624,10:52:09,4.07,223028,548,买盘
1625,10:52:12,4.06,372331,915,卖盘
1626,10:52:15,4.07,226470,557,买盘
1627,10:52:18,4.07,122507,301,买盘
1628,10:52:21,4.06,539651,1326,卖盘
1629,10:52:24,4.06,68724,169,卖盘
1630,10:52:27,4.07,883590,2171,买盘
1631,10:52:30,4.07,172551,424,买盘
1632,10:52:33,4.07,134581,331,买盘
1633,10:52:36,4.07,169719,417,买盘
1634,10:52:39,4.06,700344,1721,卖盘
1635,10:52:42,4.07,10989,27,买盘
1636,10:52:45,4.06,24767,61,卖盘
1637,10:52:48,4.06,15834,39,卖盘
1638,10:52:51,4.07,18272,45,买盘
1639,10:52:54,4.06,303526,746,卖盘
1640,10:52:57,4.07,119250,293,买盘
1641,10:53:00,4.07,37779,93,买盘
1642,10:53:03,4.07,9762,24,买盘
1643,10:53:06,4.07,3493275,8583,买盘
1644,10:53:09,4.07,19284802,47381,买盘
1645,10:53:12,4.08,425133,1044,买盘
1646,10:53:15,4.08,217354,533,买盘
1647,10:53:18,4.08,269603,661,买盘
1648,10:53:21,4.08,59968,147,买盘
1649,10:53:24,4.08,39984,98,买盘
1650,10:53:27,4.08,192360,472,买盘
1651,10:53:30,4.08,6520,16,买盘
1652,10:53:33,4.07,1222,3,卖盘
1653,10:53:36,4.08,816,2,买盘
1654,10:53:39,4.07,189695,466,卖盘
1655,10:53:42,4.07,904658,2218,卖盘
1656,10:53:45,4.08,204028,501,买盘
1657,10:53:48,4.07,25641,63,卖盘
1658,10:53:51,4.08,69294,170,买盘
1659,10:53:54,4.08,14280,35,买盘
1660,10:53:57,4.07,14652,36,卖盘
1661,10:54:00,4.07,21982,54,卖盘
1662,10:54:03,4.08,9384,23,买盘
1663,10:54:06,4.08,59150,145,买盘
1664,10:54:09,4.08,14688,36,买盘
1665,10:54:12,4.07,194559,478,卖盘
1666,10:54:15,4.07,13431,33,卖盘
1667,10:54:18,4.07,77027,189,卖盘
1668,10:54:21,4.08,2852,7,买盘
1669,10:54:24,4.08,28146,69,买盘
1670,10:54:27,4.08,408,1,买盘
1671,10:54:30,4.07,10597,26,卖盘
1672,10:54:33,4.07,728161,1789,卖盘
1673,10:54:36,4.08,97857,240,买盘
1674,10:54:39,4.08,64812,159,买盘
1675,10:54:42,4.07,167684,412,卖盘
1676,10:54:45,4.08,2443,6,买盘
1677,10:54:48,4.08,6930,17,买盘
1678,10:54:51,4.08,40389,99,买盘
1679,10:54:54,4.07,137196,337,卖盘
1680,10:54:57,4.08,1632,4,买盘
1681,10:55:00,4.08,84857,208,买盘
1682,10:55:03,4.08,989954,2432,买盘
1683,10:55:06,4.08,141528,347,买盘
1684,10:55:09,4.08,23255,57,买盘
1685,10:55:12,4.07,5291,13,卖盘
1686,10:55:15,4.07,85562,210,卖盘
1687,10:55:18,4.07,23606,58,卖盘
1688,10:55:21,4.07,35898,88,卖盘
1689,10:55:24,4.07,46467,114,卖盘
1690,10:55:27,4.08,19581,48,买盘
1691,10:55:30,4.08,7332,18,买盘
1692,10:55:33,4.08,29777,73,买盘
1693,10:55:36,4.08,78336,192,买盘
1694,10:55:39,4.08,38760,95,买盘
1695,10:55:42,4.08,408,1,买盘
1696,10:55:45,4.07,2442,6,卖盘
1697,10:55:48,4.07,23629,58,卖盘
1698,10:55:51,4.08,4891,12,买盘
1699,10:55:54,4.07,14687,36,卖盘
1700,10:55:57,4.08,102168,251,买盘
1701,10:56:00,4.08,37944,93,买盘
1702,10:56:03,4.07,150735,370,卖盘
1703,10:56:06,4.08,47321,116,买盘
1704,10:56:09,4.08,15096,37,买盘
1705,10:56:12,4.08,816,2,买盘
1706,10:56:15,4.08,61916,152,买盘
1707,10:56:18,4.08,14261,35,买盘
1708,10:56:21,4.08,21624,53,买盘
1709,10:56:24,4.08,14280,35,买盘
1710,10:56:30,4.08,45610,112,买盘
1711,10:56:33,4.07,22385,55,卖盘
1712,10:56:36,4.08,79788,196,买盘
1713,10:56:39,4.08,17136,42,买盘
1714,10:56:42,4.07,53819,132,卖盘
1715,10:56:45,4.08,44880,110,买盘
1716,10:56:48,4.07,53038,130,卖盘
1717,10:56:51,4.08,13048,32,买盘
1718,10:56:54,4.08,64866,159,买盘
1719,10:56:57,4.07,4892,12,卖盘
1720,10:57:00,4.08,97830,240,买盘
1721,10:57:03,4.08,12640,31,买盘
1722,10:57:06,4.07,24829,61,卖盘
1723,10:57:09,4.07,153904,378,卖盘
1724,10:57:12,4.08,1226706,3014,买盘
1725,10:57:15,4.07,135737,333,卖盘
1726,10:57:18,4.07,1628,4,卖盘
1727,10:57:21,4.07,403171,990,卖盘
1728,10:57:24,4.08,38295,94,买盘
1729,10:57:27,4.07,5291,13,卖盘
1730,10:57:30,4.08,59568,146,买盘
1731,10:57:33,4.07,2443,6,卖盘
1732,10:57:36,4.08,5292,13,买盘
1733,10:57:39,4.08,235818,578,买盘
1734,10:57:42,4.08,8146,20,买盘
1735,10:57:45,4.08,26058,64,买盘
1736,10:57:48,4.07,11009,27,卖盘
1737,10:57:51,4.07,85603,210,卖盘
1738,10:57:54,4.08,92902,228,买盘
1739,10:57:57,4.08,77056,189,买盘
1740,10:58:00,4.07,47282,116,卖盘
1741,10:58:03,4.07,153123,376,卖盘
1742,10:58:06,4.07,222738,546,卖盘
1743,10:58:09,4.07,52185,128,卖盘
1744,10:58:12,4.08,9786,24,买盘
1745,10:58:15,4.07,26456,65,卖盘
1746,10:58:18,4.08,27741,68,买盘
1747,10:58:21,4.07,50578,124,卖盘
1748,10:58:24,4.07,20798,51,卖盘
1749,10:58:27,4.08,11827,29,买盘
1750,10:58:30,4.08,47231,116,买盘
1751,10:58:33,4.08,252552,619,买盘
1752,10:58:36,4.08,21207,52,买盘
1753,10:58:39,4.07,55886,137,卖盘
1754,10:58:42,4.07,41202,101,卖盘
1755,10:58:45,4.08,18750,46,买盘
1756,10:58:48,4.07,7334,18,卖盘
1757,10:58:51,4.07,54541,134,卖盘
1758,10:58:54,4.07,31782,78,卖盘
1759,10:58:57,4.08,896345,2197,买盘
1760,10:59:00,4.08,160672,394,买盘
1761,10:59:03,4.08,127091,312,买盘
1762,10:59:06,4.07,27312,67,卖盘
1763,10:59:09,4.07,48942,120,卖盘
1764,10:59:12,4.07,1216959,2990,卖盘
1765,10:59:15,4.07,688768,1692,卖盘
1766,10:59:18,4.08,2166483,5323,买盘
1767,10:59:21,4.08,100758,247,买盘
1768,10:59:24,4.07,188481,463,卖盘
1769,10:59:27,4.08,73668,181,买盘
1770,10:59:30,4.08,132903,326,买盘
1771,10:59:33,4.07,81340,199,卖盘
1772,10:59:36,4.07,105478,259,卖盘
1773,10:59:39,4.07,2494574,6129,卖盘
1774,10:59:42,4.08,216636,531,买盘
1775,10:59:45,4.07,122730,301,卖盘
1776,10:59:48,4.07,38697,95,卖盘
1777,10:59:51,4.07,85475,210,卖盘
1778,10:59:54,4.07,39523,97,卖盘
1779,10:59:57,4.07,72039,177,卖盘
1780,11:00:00,4.07,79095,194,卖盘
1781,11:00:03,4.08,10200,25,买盘
1782,11:00:06,4.08,816,2,买盘
1783,11:00:09,4.08,76553,188,买盘
1784,11:00:12,4.07,21604,53,卖盘
1785,11:00:15,4.08,212048,521,买盘
1786,11:00:18,4.08,84679,208,买盘
1787,11:00:21,4.08,23256,57,买盘
1788,11:00:24,4.07,30590,75,卖盘
1789,11:00:27,4.08,3672,9,买盘
1790,11:00:30,4.08,259028,635,买盘
1791,11:00:33,4.08,154623,379,买盘
1792,11:00:36,4.07,28544,70,卖盘
1793,11:00:39,4.08,209665,514,买盘
1794,11:00:42,4.08,94655,232,买盘
1795,11:00:45,4.08,41143,101,买盘
1796,11:00:48,4.07,61867,152,卖盘
1797,11:00:51,4.07,90812,223,卖盘
1798,11:00:54,4.07,134840,331,卖盘
1799,11:00:57,4.08,5292,13,买盘
1800,11:01:00,4.08,48551,119,买盘
1801,11:01:03,4.08,168607,414,买盘
1802,11:01:06,4.07,123732,304,卖盘
1803,11:01:09,4.08,14687,36,买盘
1804,11:01:12,4.08,8976,22,买盘
1805,11:01:15,4.08,816,2,买盘
1806,11:01:18,4.08,33783,83,买盘
1807,11:01:21,4.07,10583,26,卖盘
1808,11:01:24,4.08,15095,37,买盘
1809,11:01:27,4.07,2854,7,卖盘
1810,11:01:30,4.08,59455,146,买盘
1811,11:01:33,4.08,3672,9,买盘
1812,11:01:36,4.08,93693,230,买盘
1813,11:01:39,4.08,14280,35,买盘
1814,11:01:42,4.08,1224,3,买盘
1815,11:01:45,4.07,28083,69,卖盘
1816,11:01:48,4.08,1138046,2796,买盘
1817,11:01:51,4.07,4480,11,卖盘
1818,11:01:54,4.08,186955,459,买盘
1819,11:01:57,4.07,105648,259,卖盘
1820,11:02:00,4.08,12648,31,买盘
1821,11:02:03,4.07,71793,176,卖盘
1822,11:02:06,4.08,10608,26,买盘
1823,11:02:09,4.08,19170,47,买盘
1824,11:02:12,4.08,2040,5,买盘
1825,11:02:15,4.07,94424,232,卖盘
1826,11:02:18,4.08,170863,419,买盘
1827,11:02:21,4.08,14247,35,买盘
1828,11:02:24,4.08,18360,45,买盘
1829,11:02:27,4.08,5304,13,买盘
1830,11:02:30,4.08,5712,14,买盘
1831,11:02:33,4.07,2446,6,卖盘
1832,11:02:36,4.08,26458,65,买盘
1833,11:02:39,4.07,82261,202,卖盘
1834,11:02:42,4.08,49268,121,买盘
1835,11:02:45,4.08,1224,3,买盘
1836,11:02:48,4.07,39887,98,卖盘
1837,11:02:51,4.08,67294,165,买盘
1838,11:02:54,4.07,16722,41,卖盘
1839,11:02:57,4.07,1223,3,卖盘
1840,11:03:00,4.07,11811,29,卖盘
1841,11:03:03,4.07,2038,5,卖盘
1842,11:03:06,4.08,40712,100,买盘
1843,11:03:09,4.07,83886,206,卖盘
1844,11:03:12,4.07,19130,47,卖盘
1845,11:03:15,4.07,45177,111,卖盘
1846,11:03:18,4.07,6108,15,卖盘
1847,11:03:21,4.08,4077,10,买盘
1848,11:03:24,4.07,45620,112,卖盘
1849,11:03:27,4.07,45993,113,卖盘
1850,11:03:30,4.07,126174,310,卖盘
1851,11:03:33,4.07,24423,60,卖盘
1852,11:03:36,4.08,37128,91,买盘
1853,11:03:39,4.08,14688,36,买盘
1854,11:03:42,4.08,6107,15,买盘
1855,11:03:48,4.08,194203,476,买盘
1856,11:03:51,4.08,83220,204,买盘
1857,11:03:54,4.08,17136,42,买盘
1858,11:03:57,4.08,53856,132,买盘
1859,11:04:00,4.07,71726,176,卖盘
1860,11:04:03,4.08,106286,261,买盘
1861,11:04:06,4.08,39983,98,买盘
1862,11:04:09,4.08,14688,36,买盘
1863,11:04:12,4.07,143347,352,卖盘
1864,11:04:15,4.08,31767,78,买盘
1865,11:04:18,4.08,29784,73,买盘
1866,11:04:21,4.07,46101,113,卖盘
1867,11:04:24,4.07,24862,61,卖盘
1868,11:04:27,4.07,1171350,2878,卖盘
1869,11:04:30,4.08,174688,429,买盘
1870,11:04:33,4.08,57101,140,买盘
1871,11:04:36,4.07,3258,8,卖盘
1872,11:04:39,4.08,125872,309,买盘
1873,11:04:42,4.08,815,2,买盘
1874,11:04:45,4.07,14653,36,卖盘
1875,11:04:48,4.08,62007,152,买盘
1876,11:04:51,4.07,15083,37,卖盘
1877,11:04:54,4.08,41615,102,买盘
1878,11:04:57,4.07,13432,33,卖盘
1879,11:05:00,4.07,14249,35,卖盘
1880,11:05:03,4.08,20792,51,买盘
1881,11:05:06,4.08,52968,130,买盘
1882,11:05:09,4.07,58238,143,卖盘
1883,11:05:12,4.07,45588,112,卖盘
1884,11:05:15,4.07,258852,636,卖盘
1885,11:05:18,4.07,8140,20,卖盘
1886,11:05:21,4.08,98171,241,买盘
1887,11:05:24,4.07,51815,127,卖盘
1888,11:05:27,4.07,13435,33,卖盘
1889,11:05:30,4.07,76522,188,卖盘
1890,11:05:33,4.07,243861,599,卖盘
1891,11:05:36,4.08,47216,116,买盘
1892,11:05:39,4.08,15504,38,买盘
1893,11:05:42,4.08,68079,167,买盘
1894,11:05:45,4.08,44442,109,买盘
1895,11:05:48,4.08,28556,70,买盘
1896,11:05:51,4.08,30179,74,买盘
1897,11:05:54,4.07,96088,236,卖盘
1898,11:05:57,4.08,111763,274,买盘
1899,11:06:00,4.08,1632,4,买盘
1900,11:06:03,4.08,184385,453,买盘
1901,11:06:06,4.08,15065,37,买盘
1902,11:06:09,4.08,14688,36,买盘
1903,11:06:12,4.07,113612,279,卖盘
1904,11:06:15,4.07,18342,45,卖盘
1905,11:06:18,4.07,32967,81,卖盘
1906,11:06:21,4.08,1629,4,买盘
1907,11:06:24,4.07,52946,130,卖盘
1908,11:06:27,4.07,19130,47,卖盘
1909,11:06:30,4.08,17509,43,买盘
1910,11:06:33,4.07,6117,15,卖盘
1911,11:06:36,4.08,4891,12,买盘
1912,11:06:39,4.07,210119,515,卖盘
1913,11:06:42,4.08,69714,171,买盘
1914,11:06:45,4.07,8955,22,卖盘
1915,11:06:48,4.07,24827,61,卖盘
1916,11:06:51,4.07,459115,1128,卖盘
1917,11:06:54,4.07,25269,62,卖盘
1918,11:06:57,4.07,39890,98,卖盘
1919,11:07:00,4.08,37911,93,买盘
1920,11:07:03,4.07,23252,57,卖盘
1921,11:07:06,4.08,122920,302,买盘
1922,11:07:09,4.07,22023,54,卖盘
1923,11:07:12,4.08,27744,68,买盘
1924,11:07:15,4.08,43656,107,买盘
1925,11:07:18,4.07,22792,56,卖盘
1926,11:07:21,4.07,40777,100,卖盘
1927,11:07:24,4.07,895843,2201,卖盘
1928,11:07:27,4.07,253561,623,卖盘
1929,11:07:30,4.08,1632,4,买盘
1930,11:07:33,4.08,1224,3,买盘
1931,11:07:36,4.07,2447,6,卖盘
1932,11:07:39,4.07,15094,37,卖盘
1933,11:07:42,4.08,28560,70,买盘
1934,11:07:45,4.07,356126,875,卖盘
1935,11:07:48,4.08,6517,16,买盘
1936,11:07:51,4.07,4074,10,卖盘
1937,11:07:54,4.08,70584,173,买盘
1938,11:07:57,4.07,42328,104,卖盘
1939,11:08:00,4.08,6120,15,买盘
1940,11:08:03,4.08,3666,9,买盘
1941,11:08:06,4.08,30529,75,买盘
1942,11:08:09,4.07,26491,65,卖盘
1943,11:08:12,4.08,3264,8,买盘
1944,11:08:15,4.08,54572,134,买盘
1945,11:08:18,4.07,50125,123,卖盘
1946,11:08:21,4.07,60649,149,卖盘
1947,11:08:24,4.07,85914,211,卖盘
1948,11:08:27,4.07,2039,5,卖盘
1949,11:08:30,4.08,1632,4,买盘
1950,11:08:33,4.08,408,1,买盘
1951,11:08:36,4.08,8964,22,买盘
1952,11:08:39,4.07,27722,68,卖盘
1953,11:08:42,4.07,153846,378,卖盘
1954,11:08:45,4.07,5291,13,卖盘
1955,11:08:48,4.08,39168,96,买盘
1956,11:08:51,4.07,118438,291,卖盘
1957,11:08:54,4.08,35855,88,买盘
1958,11:09:00,4.08,35471,87,买盘
1959,11:09:03,4.08,178414,438,买盘
1960,11:09:06,4.08,166464,408,买盘
1961,11:09:09,4.08,27744,68,买盘
1962,11:09:12,4.08,408,1,买盘
1963,11:09:18,4.07,27272,67,卖盘
1964,11:09:21,4.08,18723,46,买盘
1965,11:09:24,4.07,62777,154,卖盘
1966,11:09:27,4.07,17114,42,卖盘
1967,11:09:30,4.08,83032,204,买盘
1968,11:09:33,4.08,2448,6,买盘
1969,11:09:36,4.07,87983,216,卖盘
1970,11:09:39,4.08,19572,48,买盘
1971,11:09:42,4.07,1221,3,卖盘
1972,11:09:45,4.07,47694,117,卖盘
1973,11:09:48,4.07,146525,360,卖盘
1974,11:09:51,4.08,30180,74,买盘
1975,11:09:54,4.07,19165,47,卖盘
1976,11:09:57,4.07,47213,116,卖盘
1977,11:10:00,4.07,51702,127,卖盘
1978,11:10:03,4.08,41576,102,买盘
1979,11:10:06,4.08,20367,50,买盘
1980,11:10:09,4.08,90418,222,买盘
1981,11:10:12,4.07,17922,44,卖盘
1982,11:10:15,4.08,40392,99,买盘
1983,11:10:18,4.07,22797,56,卖盘
1984,11:10:21,4.07,58274,143,卖盘
1985,11:10:24,4.07,1040750,2557,卖盘
1986,11:10:27,4.07,81897,201,卖盘
1987,11:10:30,4.07,46403,114,卖盘
1988,11:10:33,4.08,6528,16,买盘
1989,11:10:36,4.08,24068,59,买盘
1990,11:10:39,4.08,14688,36,买盘
1991,11:10:42,4.07,4890,12,卖盘
1992,11:10:45,4.08,1224,3,买盘
1993,11:10:48,4.07,3663,9,卖盘
1994,11:10:51,4.08,15066,37,买盘
1995,11:10:54,4.08,43643,107,买盘
1996,11:10:57,4.08,21623,53,买盘
1997,11:11:00,4.08,2448,6,买盘
1998,11:11:03,4.07,87506,215,卖盘
1999,11:11:06,4.07,62272,153,卖盘
2000,11:11:09,4.08,23242,57,买盘
2001,11:11:12,4.07,5698,14,卖盘
2002,11:11:15,4.07,240028,589,卖盘
2003,11:11:18,4.07,73744,181,卖盘
2004,11:11:21,4.08,12237,30,买盘
2005,11:11:24,4.07,60272,148,卖盘
2006,11:11:30,4.08,2448,6,买盘
2007,11:11:33,4.08,816,2,买盘
2008,11:11:36,4.08,1224,3,买盘
2009,11:11:39,4.08,14688,36,买盘
2010,11:11:42,4.08,10200,25,买盘
2011,11:11:45,4.07,10195,25,卖盘
2012,11:11:48,4.08,2040,5,买盘
2013,11:11:51,4.08,23661,58,买盘
2014,11:11:54,4.08,14688,36,买盘
2015,11:11:57,4.08,8160,20,买盘
2016,11:12:00,4.07,9367,23,卖盘
2017,11:12:03,4.07,147040,361,卖盘
2018,11:12:06,4.08,1020351,2507,买盘
2019,11:12:09,4.08,87158,214,买盘
2020,11:12:12,4.08,408,1,买盘
2021,11:12:15,4.08,27744,68,买盘
2022,11:12:18,4.07,36261,89,卖盘
2023,11:12:21,4.07,1629,4,卖盘
2024,11:12:24,4.08,18758,46,买盘
2025,11:12:27,4.07,1221,3,卖盘
2026,11:12:30,4.08,2856,7,买盘
2027,11:12:33,4.07,56640,139,卖盘
2028,11:12:36,4.07,41922,103,卖盘
2029,11:12:39,4.07,19572,48,卖盘
2030,11:12:42,4.07,14246,35,卖盘
2031,11:12:45,4.07,35873,88,卖盘
2032,11:12:48,4.07,18728,46,卖盘
2033,11:12:51,4.07,46398,114,卖盘
2034,11:12:54,4.08,56202,138,买盘
2035,11:12:57,4.07,7733,19,卖盘
2036,11:13:00,4.08,2448,6,买盘
2037,11:13:03,4.07,1223,3,卖盘
2038,11:13:06,4.08,33029,81,买盘
2039,11:13:09,4.07,25677,63,卖盘
2040,11:13:12,4.07,6930,17,卖盘
2041,11:13:15,4.07,115462,283,卖盘
2042,11:13:18,4.07,24013,59,卖盘
2043,11:13:21,4.07,45184,111,卖盘
2044,11:13:24,4.07,14687,36,卖盘
2045,11:13:27,4.08,64739,159,买盘
2046,11:13:30,4.08,111933,275,买盘
2047,11:13:33,4.08,1632,4,买盘
2048,11:13:36,4.07,1223,3,卖盘
2049,11:13:39,4.08,37128,91,买盘
2050,11:13:42,4.08,24480,60,买盘
2051,11:13:45,4.08,5301,13,买盘
2052,11:13:48,4.07,2442,6,卖盘
2053,11:13:51,4.07,2037,5,卖盘
2054,11:13:54,4.07,1176266,2890,卖盘
2055,11:13:57,4.07,35049,86,卖盘
2056,11:14:00,4.08,23247,57,买盘
2057,11:14:03,4.07,50131,123,卖盘
2058,11:14:06,4.07,50883,125,卖盘
2059,11:14:09,4.08,57103,140,买盘
2060,11:14:12,4.08,566962,1393,买盘
2061,11:14:15,4.07,1170532,2876,卖盘
2062,11:14:18,4.07,19539,48,卖盘
2063,11:14:21,4.07,6106,15,卖盘
2064,11:14:24,4.07,48063,118,卖盘
2065,11:14:27,4.08,183719,451,买盘
2066,11:14:30,4.08,86711,213,买盘
2067,11:14:33,4.07,145769,358,卖盘
2068,11:14:36,4.08,4479,11,买盘
2069,11:14:39,4.07,74649,183,卖盘
2070,11:14:42,4.07,84656,208,卖盘
2071,11:14:45,4.07,88726,218,卖盘
2072,11:14:48,4.07,35409,87,卖盘
2073,11:14:51,4.07,82233,202,卖盘
2074,11:14:54,4.08,50558,124,买盘
2075,11:14:57,4.07,6105,15,卖盘
2076,11:15:00,4.07,27327,67,卖盘
2077,11:15:03,4.08,79041,194,买盘
2078,11:15:06,4.08,28945,71,买盘
2079,11:15:09,4.08,45218,111,买盘
2080,11:15:12,4.08,1632,4,买盘
2081,11:15:15,4.08,114648,281,买盘
2082,11:15:18,4.07,19945,49,卖盘
2083,11:15:21,4.08,63207,155,买盘
2084,11:15:24,4.08,57120,140,买盘
2085,11:15:27,4.08,56227,138,买盘
2086,11:15:30,4.08,2448,6,买盘
2087,11:15:33,4.08,6522,16,买盘
2088,11:15:36,4.08,2448,6,买盘
2089,11:15:39,4.07,35495,87,卖盘
2090,11:15:42,4.08,1222,3,买盘
2091,11:15:45,4.08,49368,121,买盘
2092,11:15:48,4.08,43244,106,买盘
2093,11:15:51,4.08,25296,62,买盘
2094,11:15:54,4.07,74997,184,卖盘
2095,11:15:57,4.08,106288,261,买盘
2096,11:16:00,4.07,33792,83,卖盘
2097,11:16:03,4.07,113162,278,卖盘
2098,11:16:06,4.08,1132687,2783,买盘
2099,11:16:09,4.08,17952,44,买盘
2100,11:16:12,4.07,19943,49,卖盘
2101,11:16:15,4.07,14275,35,卖盘
2102,11:16:18,4.08,27295,67,买盘
2103,11:16:21,4.08,75466,185,买盘
2104,11:16:24,4.08,97494,239,买盘
2105,11:16:27,4.07,1247498,3065,卖盘
2106,11:16:30,4.08,891366,2185,买盘
2107,11:16:33,4.08,20796,51,买盘
2108,11:16:36,4.08,363120,890,买盘
2109,11:16:39,4.07,18350,45,卖盘
2110,11:16:42,4.07,44012,108,卖盘
2111,11:16:45,4.08,48113,118,买盘
2112,11:16:48,4.07,26457,65,卖盘
2113,11:16:51,4.07,124952,307,卖盘
2114,11:16:54,4.08,34224,84,买盘
2115,11:16:57,4.08,2448,6,买盘
2116,11:17:00,4.07,91988,226,卖盘
2117,11:17:03,4.08,107918,265,买盘
2118,11:17:06,4.08,4886,12,买盘
2119,11:17:09,4.07,73015,179,卖盘
2120,11:17:12,4.08,11411,28,买盘
2121,11:17:15,4.08,1630,4,买盘
2122,11:17:18,4.07,275764,676,卖盘
2123,11:17:21,4.07,103004,253,卖盘
2124,11:17:24,4.08,80652,198,买盘
2125,11:17:27,4.08,20790,51,买盘
2126,11:17:30,4.07,72994,179,卖盘
2127,11:17:33,4.08,41208,101,买盘
2128,11:17:36,4.08,17949,44,买盘
2129,11:17:39,4.08,1126896,2762,买盘
2130,11:17:42,4.08,494851,1213,买盘
2131,11:17:45,4.08,1394542,3418,买盘
2132,11:17:48,4.08,146424,359,买盘
2133,11:17:51,4.07,28552,70,卖盘
2134,11:17:54,4.07,15502,38,卖盘
2135,11:17:57,4.08,98100,241,买盘
2136,11:18:00,4.08,192104,471,买盘
2137,11:18:03,4.07,20352,50,卖盘
2138,11:18:06,4.08,25642,63,买盘
2139,11:18:09,4.08,14688,36,买盘
2140,11:18:12,4.07,22847,56,卖盘
2141,11:18:15,4.07,75471,185,卖盘
2142,11:18:18,4.08,949606,2333,买盘
2143,11:18:21,4.08,26109,64,买盘
2144,11:18:24,4.08,15502,38,买盘
2145,11:18:27,4.07,21978,54,卖盘
2146,11:18:30,4.08,2856,7,买盘
2147,11:18:33,4.08,816,2,买盘
2148,11:18:36,4.08,383877,942,买盘
2149,11:18:39,4.08,67320,165,买盘
2150,11:18:42,4.08,24887,61,买盘
2151,11:18:45,4.08,9769,24,买盘
2152,11:18:48,4.08,15874,39,买盘
2153,11:18:51,4.08,97920,240,买盘
2154,11:18:54,4.08,119542,293,买盘
2155,11:18:57,4.07,98505,242,卖盘
2156,11:19:00,4.07,99019,243,卖盘
2157,11:19:03,4.07,49714,122,卖盘
2158,11:19:06,4.08,815,2,买盘
2159,11:19:09,4.07,62015,152,卖盘
2160,11:19:12,4.07,126742,311,卖盘
2161,11:19:15,4.08,52513,129,买盘
2162,11:19:18,4.08,88826,218,买盘
2163,11:19:21,4.07,112744,277,卖盘
2164,11:19:24,4.07,50992,125,卖盘
2165,11:19:27,4.07,89157,219,卖盘
2166,11:19:30,4.08,159873,392,买盘
2167,11:19:33,4.07,19946,49,卖盘
2168,11:19:36,4.08,7344,18,买盘
2169,11:19:39,4.08,16318,40,买盘
2170,11:19:42,4.08,50591,124,买盘
2171,11:19:45,4.07,13850,34,卖盘
2172,11:19:48,4.07,77866,191,卖盘
2173,11:19:51,4.07,35461,87,卖盘
2174,11:19:54,4.08,33441,82,买盘
2175,11:19:57,4.07,4079,10,卖盘
2176,11:20:00,4.08,59568,146,买盘
2177,11:20:03,4.08,36700,90,买盘
2178,11:20:06,4.08,35495,87,买盘
2179,11:20:09,4.08,105672,259,买盘
2180,11:20:12,4.07,5303,13,卖盘
2181,11:20:15,4.07,15093,37,卖盘
2182,11:20:18,4.08,896222,2202,买盘
2183,11:20:21,4.07,91636,225,卖盘
2184,11:20:24,4.08,87670,215,买盘
2185,11:20:27,4.07,28150,69,卖盘
2186,11:20:30,4.08,162326,398,买盘
2187,11:20:33,4.08,53789,132,买盘
2188,11:20:36,4.08,6528,16,买盘
2189,11:20:39,4.08,67697,166,买盘
2190,11:20:42,4.07,20757,51,卖盘
2191,11:20:45,4.07,48433,119,卖盘
2192,11:20:48,4.08,30135,74,买盘
2193,11:20:51,4.08,4080,10,买盘
2194,11:20:54,4.07,57920,142,卖盘
2195,11:20:57,4.07,2851,7,卖盘
2196,11:21:00,4.07,45660,112,卖盘
2197,11:21:03,4.07,1223,3,卖盘
2198,11:21:06,4.07,234849,577,卖盘
2199,11:21:09,4.08,79108,194,买盘
2200,11:21:12,4.08,95877,235,买盘
2201,11:21:15,4.08,21601,53,买盘
2202,11:21:18,4.07,17094,42,卖盘
2203,11:21:21,4.08,37939,93,买盘
2204,11:21:24,4.08,79866,196,买盘
2205,11:21:27,4.08,40800,100,买盘
2206,11:21:30,4.08,2175048,5331,买盘
2207,11:21:33,4.08,240311,589,买盘
2208,11:21:36,4.08,139533,342,买盘
2209,11:21:39,4.08,107253,263,买盘
2210,11:21:42,4.08,66096,162,买盘
2211,11:21:45,4.08,14279,35,买盘
2212,11:21:48,4.08,60787,149,买盘
2213,11:21:51,4.08,24887,61,买盘
2214,11:21:54,4.08,112598,276,买盘
2215,11:21:57,4.08,195803,480,买盘
2216,11:22:00,4.08,17102,42,买盘
2217,11:22:03,4.08,119952,294,买盘
2218,11:22:06,4.08,209303,513,买盘
2219,11:22:09,4.07,89747,220,卖盘
2220,11:22:12,4.08,122397,300,买盘
2221,11:22:15,4.08,7331,18,买盘
2222,11:22:18,4.08,76251,187,买盘
2223,11:22:21,4.07,17915,44,卖盘
2224,11:22:24,4.07,43178,106,卖盘
2225,11:22:27,4.07,1290190,3170,卖盘
2226,11:22:30,4.08,119130,292,买盘
2227,11:22:33,4.08,93346,229,买盘
2228,11:22:36,4.07,66503,163,卖盘
2229,11:22:39,4.08,51815,127,买盘
2230,11:22:42,4.08,102000,250,买盘
2231,11:22:45,4.08,146868,360,买盘
2232,11:22:48,4.08,11016,27,买盘
2233,11:22:51,4.08,62011,152,买盘
2234,11:22:54,4.08,145236,356,买盘
2235,11:22:57,4.07,32999,81,卖盘
2236,11:23:00,4.08,348014,853,买盘
2237,11:23:03,4.08,15096,37,买盘
2238,11:23:06,4.07,119478,293,卖盘
2239,11:23:09,4.08,16319,40,买盘
2240,11:23:12,4.07,2442,6,卖盘
2241,11:23:15,4.07,37485,92,卖盘
2242,11:23:18,4.08,127086,312,买盘
2243,11:23:21,4.07,133104,327,卖盘
2244,11:23:24,4.07,35445,87,卖盘
2245,11:23:27,4.07,98641,242,卖盘
2246,11:23:30,4.08,3264,8,买盘
2247,11:23:33,4.07,9383,23,卖盘
2248,11:23:36,4.08,114446,281,买盘
2249,11:23:39,4.08,184804,453,买盘
2250,11:23:42,4.07,199544,490,卖盘
2251,11:23:45,4.07,84861,208,卖盘
2252,11:23:48,4.08,53820,132,买盘
2253,11:23:51,4.08,30140,74,买盘
2254,11:23:54,4.08,39540,97,买盘
2255,11:23:57,4.08,390418,959,买盘
2256,11:24:00,4.08,4488,11,买盘
2257,11:24:03,4.07,76294,187,卖盘
2258,11:24:06,4.08,134311,330,买盘
2259,11:24:09,4.07,48083,118,卖盘
2260,11:24:12,4.08,41616,102,买盘
2261,11:24:15,4.07,7734,19,卖盘
2262,11:24:18,4.08,26886,66,买盘
2263,11:24:21,4.08,57491,141,买盘
2264,11:24:24,4.07,15095,37,卖盘
2265,11:24:27,4.07,286854,704,卖盘
2266,11:24:30,4.07,1156782,2842,卖盘
2267,11:24:33,4.07,127668,313,卖盘
2268,11:24:36,4.07,84852,208,卖盘
2269,11:24:39,4.08,19176,47,买盘
2270,11:24:42,4.07,2445,6,卖盘
2271,11:24:45,4.08,52629,129,买盘
2272,11:24:48,4.07,16725,41,卖盘
2273,11:24:51,4.08,82713,203,买盘
2274,11:24:54,4.08,27317,67,买盘
2275,11:24:57,4.08,105076,258,买盘
2276,11:25:00,4.07,110821,272,卖盘
2277,11:25:03,4.07,263450,647,卖盘
2278,11:25:06,4.08,77813,191,买盘
2279,11:25:09,4.08,75423,185,买盘
2280,11:25:12,4.07,44770,110,卖盘
2281,11:25:15,4.07,15466,38,卖盘
2282,11:25:18,4.07,115740,284,卖盘
2283,11:25:21,4.07,50128,123,卖盘
2284,11:25:24,4.07,83613,205,卖盘
2285,11:25:27,4.07,43648,107,卖盘
2286,11:25:30,4.08,108106,265,买盘
2287,11:25:33,4.07,13026,32,卖盘
2288,11:25:36,4.08,408,1,买盘
2289,11:25:39,4.07,15502,38,卖盘
2290,11:25:42,4.07,4070,10,卖盘
2291,11:25:48,4.07,26862,66,卖盘
2292,11:25:51,4.08,13048,32,买盘
2293,11:25:54,4.08,110422,271,买盘
2294,11:25:57,4.08,50592,124,买盘
2295,11:26:00,4.08,18768,46,买盘
2296,11:26:03,4.07,9773,24,卖盘
2297,11:26:06,4.08,13842,34,买盘
2298,11:26:09,4.08,24069,59,买盘
2299,11:26:12,4.08,11818,29,买盘
2300,11:26:15,4.07,65254,160,卖盘
2301,11:26:18,4.08,66034,162,买盘
2302,11:26:21,4.07,83852,206,卖盘
2303,11:26:24,4.08,15096,37,买盘
2304,11:26:27,4.08,8554,21,买盘
2305,11:26:30,4.08,9372,23,买盘
2306,11:26:33,4.08,18330,45,买盘
2307,11:26:36,4.08,61953,152,买盘
2308,11:26:39,4.08,64786,159,买盘
2309,11:26:45,4.07,12635,31,卖盘
2310,11:26:48,4.08,994388,2443,买盘
2311,11:26:51,4.08,127690,313,买盘
2312,11:26:54,4.08,150721,370,买盘
2313,11:26:57,4.07,21978,54,卖盘
2314,11:27:00,4.08,127637,313,买盘
2315,11:27:03,4.07,12647,31,卖盘
2316,11:27:06,4.07,20351,50,卖盘
2317,11:27:09,4.08,226012,555,买盘
2318,11:27:12,4.07,62709,154,卖盘
2319,11:27:15,4.07,26862,66,卖盘
2320,11:27:18,4.08,48126,118,买盘
2321,11:27:21,4.07,28900,71,卖盘
2322,11:27:24,4.07,102198,251,卖盘
2323,11:27:27,4.07,67972,167,卖盘
2324,11:27:30,4.07,112858,277,卖盘
2325,11:27:33,4.08,9373,23,买盘
2326,11:27:36,4.08,2856,7,买盘
2327,11:27:39,4.08,63211,155,买盘
2328,11:27:42,4.07,23606,58,卖盘
2329,11:27:45,4.08,815,2,买盘
2330,11:27:48,4.07,2849,7,卖盘
2331,11:27:51,4.08,206015,505,买盘
2332,11:27:54,4.07,19572,48,卖盘
2333,11:27:57,4.07,122188,300,卖盘
2334,11:28:00,4.07,79419,195,卖盘
2335,11:28:03,4.08,1224,3,买盘
2336,11:28:06,4.07,127488,313,卖盘
2337,11:28:09,4.08,130328,320,买盘
2338,11:28:12,4.07,13431,33,卖盘
2339,11:28:15,4.08,169564,416,买盘
2340,11:28:18,4.08,134628,330,买盘
2341,11:28:21,4.07,72887,179,卖盘
2342,11:28:24,4.07,40350,99,卖盘
2343,11:28:27,4.08,1458395,3583,买盘
2344,11:28:30,4.08,259401,636,买盘
2345,11:28:33,4.08,467176,1147,买盘
2346,11:28:36,4.08,173083,425,买盘
2347,11:28:39,4.07,347094,851,卖盘
2348,11:28:42,4.07,161319,396,卖盘
2349,11:28:45,4.08,45693,112,买盘
2350,11:28:48,4.07,8567,21,卖盘
2351,11:28:51,4.08,91282,224,买盘
2352,11:28:54,4.07,373288,915,卖盘
2353,11:28:57,4.07,59111,145,卖盘
2354,11:29:00,4.08,476245,1170,买盘
2355,11:29:03,4.07,143140,351,卖盘
2356,11:29:06,4.07,54548,134,卖盘
2357,11:29:09,4.07,106389,261,卖盘
2358,11:29:12,4.08,40800,100,买盘
2359,11:29:15,4.07,82216,202,卖盘
2360,11:29:18,4.08,215637,529,买盘
2361,11:29:21,4.07,275546,677,卖盘
2362,11:29:24,4.08,717172,1762,买盘
2363,11:29:27,4.07,61457,151,卖盘
2364,11:29:30,4.07,63190,155,卖盘
2365,11:29:33,4.07,12620,31,卖盘
2366,11:29:36,4.08,58730,144,买盘
2367,11:29:39,4.08,31815,78,买盘
2368,11:29:42,4.08,6120,15,买盘
2369,11:29:45,4.07,8152,20,卖盘
2370,11:29:48,4.07,179514,440,卖盘
2371,11:29:51,4.08,53842,132,买盘
2372,11:29:54,4.07,35445,87,卖盘
2373,11:29:57,4.07,7326,18,卖盘
2374,11:30:00,4.08,136272,334,买盘
2375,13:00:00,4.07,1086452,2669,卖盘
2376,13:00:03,4.08,3047621,7482,买盘
2377,13:00:06,4.07,287009,705,卖盘
2378,13:00:09,4.07,4332849,10645,卖盘
2379,13:00:12,4.07,1980941,4866,卖盘
2380,13:00:15,4.08,554540,1362,买盘
2381,13:00:18,4.07,262116,643,卖盘
2382,13:00:21,4.07,58205,143,卖盘
2383,13:00:24,4.07,65120,160,卖盘
2384,13:00:27,4.07,9768,24,卖盘
2385,13:00:30,4.07,302132,742,卖盘
2386,13:00:33,4.07,11809,29,卖盘
2387,13:00:36,4.07,337403,829,卖盘
2388,13:00:39,4.07,187810,461,卖盘
2389,13:00:42,4.07,407,1,卖盘
2390,13:00:45,4.07,5698,14,卖盘
2391,13:00:48,4.07,47212,116,卖盘
2392,13:00:51,4.07,118725,291,卖盘
2393,13:00:54,4.08,39977,98,买盘
2394,13:00:57,4.07,501138,1231,卖盘
2395,13:01:00,4.07,1872871,4601,卖盘
2396,13:01:03,4.08,26870,66,买盘
2397,13:01:06,4.08,9383,23,买盘
2398,13:01:09,4.08,20390,50,买盘
2399,13:01:12,4.07,1221,3,卖盘
2400,13:01:15,4.08,265070,651,买盘
2401,13:01:18,4.07,35028,86,卖盘
2402,13:01:21,4.07,85148,209,卖盘
2403,13:01:24,4.07,1156295,2841,卖盘
2404,13:01:27,4.07,35045,86,卖盘
2405,13:01:30,4.07,76116,187,卖盘
2406,13:01:33,4.07,67572,166,卖盘
2407,13:01:36,4.08,13464,33,买盘
2408,13:01:39,4.07,52910,130,卖盘
2409,13:01:42,4.07,9778,24,卖盘
2410,13:01:45,4.07,8140,20,卖盘
2411,13:01:48,4.07,32590,80,卖盘
2412,13:01:51,4.07,10991,27,卖盘
2413,13:01:54,4.08,12240,30,买盘
2414,13:01:57,4.07,27277,67,卖盘
2415,13:02:00,4.07,37043,91,卖盘
2416,13:02:03,4.07,32562,80,卖盘
2417,13:02:06,4.08,11818,29,买盘
2418,13:02:09,4.08,33456,82,买盘
2419,13:02:12,4.07,1628,4,卖盘
2420,13:02:15,4.07,37892,93,卖盘
2421,13:02:18,4.07,177046,435,卖盘
2422,13:02:21,4.07,296016,727,卖盘
2423,13:02:24,4.07,924337,2271,卖盘
2424,13:02:27,4.07,271638,666,卖盘
2425,13:02:30,4.07,30531,75,卖盘
2426,13:02:33,4.08,57090,140,买盘
2427,13:02:36,4.08,53756,132,买盘
2428,13:02:39,4.07,5698,14,卖盘
2429,13:02:42,4.07,42746,105,卖盘
2430,13:02:45,4.07,10582,26,卖盘
2431,13:02:48,4.08,86060,211,买盘
2432,13:02:51,4.08,17098,42,买盘
2433,13:02:54,4.07,146520,360,卖盘
2434,13:03:00,4.07,190905,469,卖盘
2435,13:03:03,4.07,7735,19,卖盘
2436,13:03:06,4.08,28127,69,买盘
2437,13:03:09,4.07,6919,17,卖盘
2438,13:03:12,4.07,8140,20,卖盘
2439,13:03:15,4.07,14656,36,卖盘
2440,13:03:18,4.07,58608,144,卖盘
2441,13:03:21,4.08,308514,758,买盘
2442,13:03:24,4.08,442834,1088,买盘
2443,13:03:27,4.07,48436,119,卖盘
2444,13:03:30,4.07,134209,329,卖盘
2445,13:03:33,4.08,994220,2442,买盘
2446,13:03:36,4.08,61190,150,买盘
2447,13:03:39,4.07,480486,1178,卖盘
2448,13:03:42,4.07,59045,145,卖盘
2449,13:03:45,4.07,72481,178,卖盘
2450,13:03:48,4.07,42328,104,卖盘
2451,13:03:51,4.07,205944,506,卖盘
2452,13:03:54,4.07,24827,61,卖盘
2453,13:03:57,4.07,44781,110,卖盘
2454,13:04:00,4.07,61140,150,卖盘
2455,13:04:03,4.07,8956,22,卖盘
2456,13:04:06,4.07,7329,18,卖盘
2457,13:04:09,4.08,46857,115,买盘
2458,13:04:12,4.07,97074,238,卖盘
2459,13:04:15,4.07,65120,160,卖盘
2460,13:04:18,4.08,182148,447,买盘
2461,13:04:21,4.07,21166,52,卖盘
2462,13:04:24,4.07,145536,357,卖盘
2463,13:04:27,4.07,265835,653,卖盘
2464,13:04:30,4.08,14663,36,买盘
2465,13:04:33,4.07,29337,72,卖盘
2466,13:04:36,4.08,33430,82,买盘
2467,13:04:39,4.07,51802,127,卖盘
2468,13:04:42,4.07,12210,30,卖盘
2469,13:04:45,4.07,935465,2298,卖盘
2470,13:04:48,4.07,1629,4,卖盘
2471,13:04:51,4.08,22019,54,买盘
2472,13:04:54,4.07,68388,168,卖盘
2473,13:04:57,4.07,24460,60,卖盘
2474,13:05:00,4.08,79550,195,买盘
2475,13:05:03,4.08,40392,99,买盘
2476,13:05:06,4.07,2330496,5726,卖盘
2477,13:05:09,4.08,77816,191,买盘
2478,13:05:12,4.07,59423,146,卖盘
2479,13:05:15,4.07,121101,297,卖盘
2480,13:05:18,4.07,26863,66,卖盘
2481,13:05:21,4.08,99755,245,买盘
2482,13:05:24,4.08,30128,74,买盘
2483,13:05:27,4.08,15079,37,买盘
2484,13:05:30,4.08,73322,180,买盘
2485,13:05:33,4.07,33029,81,卖盘
2486,13:05:36,4.08,34261,84,买盘
2487,13:05:39,4.07,2849,7,卖盘
2488,13:05:42,4.08,68126,167,买盘
2489,13:05:45,4.08,1224,3,买盘
2490,13:05:48,4.07,8140,20,卖盘
2491,13:05:51,4.08,16299,40,买盘
2492,13:05:54,4.07,8566,21,卖盘
2493,13:05:57,4.08,141570,347,买盘
2494,13:06:00,4.07,19564,48,卖盘
2495,13:06:03,4.08,213693,525,买盘
2496,13:06:06,4.07,4885,12,卖盘
2497,13:06:09,4.07,45585,112,卖盘
2498,13:06:12,4.08,694581,1706,买盘
2499,13:06:15,4.07,41515,102,卖盘
2500,13:06:18,4.08,45645,112,买盘
2501,13:06:21,4.07,25245,62,卖盘
2502,13:06:24,4.07,20799,51,卖盘
2503,13:06:27,4.07,514041,1263,卖盘
2504,13:06:30,4.08,132358,325,买盘
2505,13:06:33,4.07,212912,522,卖盘
2506,13:06:36,4.08,531139,1305,买盘
2507,13:06:39,4.08,81598,200,买盘
2508,13:06:42,4.07,94548,232,卖盘
2509,13:06:45,4.08,7330,18,买盘
2510,13:06:48,4.08,79560,195,买盘
2511,13:06:51,4.07,85551,210,卖盘
2512,13:06:54,4.08,28093,69,买盘
2513,13:06:57,4.08,40720,100,买盘
2514,13:07:00,4.07,24883,61,卖盘
2515,13:07:03,4.07,229143,563,卖盘
2516,13:07:06,4.07,30525,75,卖盘
2517,13:07:09,4.07,22385,55,卖盘
2518,13:07:12,4.08,28144,69,买盘
2519,13:07:15,4.07,4884,12,卖盘
2520,13:07:18,4.07,19129,47,卖盘
2521,13:07:21,4.08,408,1,买盘
2522,13:07:24,4.07,57387,141,卖盘
2523,13:07:27,4.07,46868,115,卖盘
2524,13:07:30,4.08,46456,114,买盘
2525,13:07:33,4.07,18346,45,卖盘
2526,13:07:36,4.08,33864,83,买盘
2527,13:07:39,4.08,365284,897,买盘
2528,13:07:42,4.07,376516,925,卖盘
2529,13:07:45,4.07,1221,3,卖盘
2530,13:07:48,4.07,8547,21,卖盘
2531,13:07:51,4.08,69678,171,买盘
2532,13:07:54,4.07,4480,11,卖盘
2533,13:08:00,4.08,53746,132,买盘
2534,13:08:03,4.08,1223,3,买盘
2535,13:08:06,4.07,40296,99,卖盘
2536,13:08:09,4.07,3256,8,卖盘
2537,13:08:12,4.07,591836,1454,卖盘
2538,13:08:15,4.08,40355,99,买盘
2539,13:08:18,4.08,32204,79,买盘
2540,13:08:21,4.08,8144,20,买盘
2541,13:08:24,4.07,814,2,卖盘
2542,13:08:27,4.07,9361,23,卖盘
2543,13:08:30,4.08,538886,1324,买盘
2544,13:08:33,4.07,2855,7,卖盘
2545,13:08:36,4.08,79560,195,买盘
2546,13:08:39,4.07,15466,38,卖盘
2547,13:08:42,4.07,15466,38,卖盘
2548,13:08:45,4.07,103785,255,卖盘
2549,13:08:48,4.07,10989,27,卖盘
2550,13:08:51,4.07,494100,1214,卖盘
2551,13:08:54,4.07,45991,113,卖盘
2552,13:08:57,4.08,29767,73,买盘
2553,13:09:00,4.07,52946,130,卖盘
2554,13:09:03,4.07,1894533,4654,卖盘
2555,13:09:06,4.07,51282,126,卖盘
2556,13:09:09,4.07,136753,336,卖盘
2557,13:09:12,4.08,57389,141,买盘
2558,13:09:15,4.07,765199,1880,卖盘
2559,13:09:18,4.07,288156,708,卖盘
2560,13:09:21,4.08,45244,111,买盘
2561,13:09:24,4.07,267770,657,卖盘
2562,13:09:27,4.08,59849,147,买盘
2563,13:09:30,4.07,45183,111,卖盘
2564,13:09:33,4.07,90070,221,卖盘
2565,13:09:36,4.08,79532,195,买盘
2566,13:09:39,4.07,122376,300,卖盘
2567,13:09:42,4.07,24069,59,卖盘
2568,13:09:45,4.08,4074,10,买盘
2569,13:09:48,4.08,283419,695,买盘
2570,13:09:51,4.08,13436,33,买盘
2571,13:09:54,4.07,814,2,卖盘
2572,13:09:57,4.07,577952,1420,卖盘
2573,13:10:00,4.08,609779,1498,买盘
2574,13:10:03,4.07,20354,50,卖盘
2575,13:10:06,4.07,11823,29,卖盘
2576,13:10:09,4.07,13024,32,卖盘
2577,13:10:12,4.07,199682,490,卖盘
2578,13:10:15,4.07,379344,932,卖盘
2579,13:10:18,4.07,214896,528,卖盘
2580,13:10:21,4.07,64309,158,卖盘
2581,13:10:24,4.07,85937,211,卖盘
2582,13:10:27,4.08,373693,918,买盘
2583,13:10:30,4.07,264201,649,卖盘
2584,13:10:33,4.08,27678,68,买盘
2585,13:10:36,4.08,2038,5,买盘
2586,13:10:39,4.08,2855,7,买盘
2587,13:10:42,4.08,287750,707,买盘
2588,13:10:45,4.08,22842,56,买盘
2589,13:10:48,4.08,29773,73,买盘
2590,13:10:51,4.07,80182,197,卖盘
2591,13:10:54,4.07,21978,54,卖盘
2592,13:10:57,4.07,101017,248,卖盘
2593,13:11:00,4.08,36234,89,买盘
2594,13:11:03,4.07,26510,65,卖盘
2595,13:11:06,4.07,14655,36,卖盘
2596,13:11:09,4.07,19536,48,卖盘
2597,13:11:12,4.08,30599,75,买盘
2598,13:11:15,4.07,910928,2233,卖盘
2599,13:11:18,4.07,63492,156,卖盘
2600,13:11:21,4.08,48056,118,买盘
2601,13:11:24,4.07,207163,509,卖盘
2602,13:11:27,4.07,108852,267,卖盘
2603,13:11:30,4.07,92806,228,卖盘
2604,13:11:33,4.07,292228,718,卖盘
2605,13:11:36,4.07,19975,49,卖盘
2606,13:11:39,4.07,31805,78,卖盘
2607,13:11:42,4.07,64306,158,卖盘
2608,13:11:45,4.08,235214,577,买盘
2609,13:11:48,4.08,107711,264,买盘
2610,13:11:51,4.08,18352,45,买盘
2611,13:11:54,4.08,28148,69,买盘
2612,13:11:57,4.08,50981,125,买盘
2613,13:12:00,4.07,41605,102,卖盘
2614,13:12:03,4.07,1436305,3529,卖盘
2615,13:12:06,4.07,910867,2238,卖盘
2616,13:12:09,4.07,12628,31,卖盘
2617,13:12:12,4.07,15468,38,卖盘
2618,13:12:15,4.08,7752,19,买盘
2619,13:12:18,4.07,43194,106,卖盘
2620,13:12:21,4.07,28493,70,卖盘
2621,13:12:24,4.08,61160,150,买盘
2622,13:12:27,4.08,16722,41,买盘
2623,13:12:30,4.07,91988,226,卖盘
2624,13:12:33,4.07,17096,42,卖盘
2625,13:12:36,4.07,10584,26,卖盘
2626,13:12:39,4.08,38718,95,买盘
2627,13:12:42,4.07,7733,19,卖盘
2628,13:12:45,4.07,3256,8,卖盘
2629,13:12:48,4.07,52910,130,卖盘
2630,13:12:51,4.07,4886,12,卖盘
2631,13:12:54,4.07,8141,20,卖盘
2632,13:12:57,4.07,65934,162,卖盘
2633,13:13:00,4.07,26868,66,卖盘
2634,13:13:03,4.07,30996,76,卖盘
2635,13:13:06,4.08,47717,117,买盘
2636,13:13:09,4.07,41951,103,卖盘
2637,13:13:12,4.07,16280,40,卖盘
2638,13:13:15,4.07,41121,101,卖盘
2639,13:13:18,4.08,35026,86,买盘
2640,13:13:21,4.07,86285,212,卖盘
2641,13:13:24,4.08,50591,124,买盘
2642,13:13:27,4.07,65976,162,卖盘
2643,13:13:30,4.07,33848,83,卖盘
2644,13:13:33,4.07,91179,224,卖盘
2645,13:13:36,4.07,33838,83,卖盘
2646,13:13:39,4.07,19167,47,卖盘
2647,13:13:42,4.07,23200,57,卖盘
2648,13:13:45,4.07,41529,102,卖盘
2649,13:13:48,4.08,177860,437,买盘
2650,13:13:51,4.07,29724,73,卖盘
2651,13:13:54,4.07,132391,325,卖盘
2652,13:13:57,4.07,688237,1691,卖盘
2653,13:14:00,4.07,46002,113,卖盘
2654,13:14:03,4.08,14665,36,买盘
2655,13:14:06,4.08,525438,1291,买盘
2656,13:14:09,4.07,32967,81,卖盘
2657,13:14:12,4.07,31746,78,卖盘
2658,13:14:15,4.08,69707,171,买盘
2659,13:14:18,4.07,46816,115,卖盘
2660,13:14:21,4.07,36632,90,卖盘
2661,13:14:24,4.07,136345,335,卖盘
2662,13:14:27,4.07,13024,32,卖盘
2663,13:14:30,4.07,59433,146,卖盘
2664,13:14:33,4.07,100763,247,卖盘
2665,13:14:36,4.07,173522,426,卖盘
2666,13:14:39,4.08,19987,49,买盘
2667,13:14:42,4.07,17916,44,卖盘
2668,13:14:45,4.07,2039,5,卖盘
2669,13:14:48,4.08,408,1,买盘
2670,13:14:51,4.07,56654,139,卖盘
2671,13:14:54,4.07,2849,7,卖盘
2672,13:14:57,4.08,24043,59,买盘
2673,13:15:00,4.08,107517,264,买盘
2674,13:15:03,4.07,1945064,4779,卖盘
2675,13:15:06,4.07,60236,148,卖盘
2676,13:15:09,4.07,219782,540,卖盘
2677,13:15:12,4.07,319495,785,卖盘
2678,13:15:15,4.07,126984,312,卖盘
2679,13:15:18,4.07,368335,905,卖盘
2680,13:15:21,4.07,43551,107,卖盘
2681,13:15:24,4.07,110761,272,卖盘
2682,13:15:27,4.07,107041,263,卖盘
2683,13:15:30,4.07,206762,508,卖盘
2684,13:15:33,4.08,514074,1263,买盘
2685,13:15:36,4.07,51691,127,卖盘
2686,13:15:39,4.07,50898,125,卖盘
2687,13:15:42,4.07,44009,108,卖盘
2688,13:15:45,4.08,22394,55,买盘
2689,13:15:48,4.07,82714,203,卖盘
2690,13:15:51,4.07,259697,638,卖盘
2691,13:15:54,4.07,33385,82,卖盘
2692,13:15:57,4.07,34595,85,卖盘
2693,13:16:00,4.07,39485,97,卖盘
2694,13:16:03,4.07,169201,415,卖盘
2695,13:16:06,4.08,57044,140,买盘
2696,13:16:09,4.07,85063,209,卖盘
2697,13:16:12,4.08,6936,17,买盘
2698,13:16:15,4.07,87204,214,卖盘
2699,13:16:18,4.08,90442,222,买盘
2700,13:16:21,4.08,185181,454,买盘
2701,13:16:24,4.07,46001,113,卖盘
2702,13:16:27,4.08,56182,138,买盘
2703,13:16:30,4.07,76981,189,卖盘
2704,13:16:33,4.07,31806,78,卖盘
2705,13:16:36,4.07,588526,1446,卖盘
2706,13:16:39,4.07,414738,1019,卖盘
2707,13:16:42,4.08,14249,35,买盘
2708,13:16:45,4.07,407,1,卖盘
2709,13:16:48,4.07,23234,57,卖盘
2710,13:16:51,4.07,97737,240,卖盘
2711,13:16:57,4.08,22433,55,买盘
2712,13:17:00,4.07,103432,254,卖盘
2713,13:17:03,4.07,1805490,4436,卖盘
2714,13:17:06,4.08,40312,99,买盘
2715,13:17:09,4.08,40347,99,买盘
2716,13:17:12,4.07,80181,197,卖盘
2717,13:17:15,4.07,369149,907,卖盘
2718,13:17:18,4.08,59620,146,买盘
2719,13:17:21,4.07,11825,29,卖盘
2720,13:17:24,4.07,4072,10,卖盘
2721,13:17:27,4.07,58609,144,卖盘
2722,13:17:30,4.07,12623,31,卖盘
2723,13:17:33,4.07,103447,254,卖盘
2724,13:17:36,4.07,45653,112,卖盘
2725,13:17:39,4.07,12210,30,卖盘
2726,13:17:42,4.07,389906,958,卖盘
2727,13:17:45,4.08,155076,381,买盘
2728,13:17:48,4.08,17944,44,买盘
2729,13:17:51,4.07,13839,34,卖盘
2730,13:17:57,4.07,2442,6,卖盘
2731,13:18:00,4.07,536481,1318,卖盘
2732,13:18:03,4.07,164490,404,卖盘
2733,13:18:06,4.07,87915,216,卖盘
2734,13:18:09,4.07,59015,145,卖盘
2735,13:18:12,4.07,825048,2027,卖盘
2736,13:18:15,4.07,62271,153,卖盘
2737,13:18:18,4.07,142131,349,卖盘
2738,13:18:21,4.07,10989,27,卖盘
2739,13:18:24,4.07,16688,41,卖盘
2740,13:18:27,4.08,36236,89,买盘
2741,13:18:30,4.07,25667,63,卖盘
2742,13:18:33,4.07,72106,177,卖盘
2743,13:18:36,4.07,37038,91,卖盘
2744,13:18:39,4.07,3663,9,卖盘
2745,13:18:42,4.08,38720,95,买盘
2746,13:18:45,4.07,1221,3,卖盘
2747,13:18:48,4.08,744066,1824,买盘
2748,13:18:51,4.07,161587,397,卖盘
2749,13:18:54,4.08,144840,355,买盘
2750,13:18:57,4.07,8547,21,卖盘
2751,13:19:00,4.07,28546,70,卖盘
2752,13:19:03,4.07,636588,1564,卖盘
2753,13:19:06,4.07,442816,1088,卖盘
2754,13:19:09,4.08,55808,137,买盘
2755,13:19:12,4.08,8150,20,买盘
2756,13:19:15,4.07,3257,8,卖盘
2757,13:19:18,4.07,21199,52,卖盘
2758,13:19:21,4.08,16306,40,买盘
2759,13:19:24,4.08,24480,60,买盘
2760,13:19:27,4.07,4072,10,卖盘
2761,13:19:30,4.08,42361,104,买盘
2762,13:19:33,4.07,19982,49,卖盘
2763,13:19:36,4.07,52098,128,卖盘
2764,13:19:39,4.07,14652,36,卖盘
2765,13:19:42,4.07,85929,211,卖盘
2766,13:19:45,4.07,2035,5,卖盘
2767,13:19:48,4.07,52184,128,卖盘
2768,13:19:51,4.07,34608,85,卖盘
2769,13:19:54,4.07,6512,16,卖盘
2770,13:19:57,4.07,275946,678,卖盘
2771,13:20:00,4.07,8954,22,卖盘
2772,13:20:03,4.07,66815,164,卖盘
2773,13:20:06,4.08,41164,101,买盘
2774,13:20:09,4.08,9785,24,买盘
2775,13:20:12,4.07,83435,205,卖盘
2776,13:20:15,4.07,646321,1588,卖盘
2777,13:20:18,4.07,524371,1288,卖盘
2778,13:20:21,4.08,4890,12,买盘
2779,13:20:24,4.07,13036,32,卖盘
2780,13:20:27,4.08,1223,3,买盘
2781,13:20:30,4.08,12637,31,买盘
2782,13:20:33,4.08,64030,157,买盘
2783,13:20:36,4.07,394383,969,卖盘
2784,13:20:39,4.07,129019,317,卖盘
2785,13:20:42,4.07,158730,390,卖盘
2786,13:20:45,4.08,132951,326,买盘
2787,13:20:48,4.07,70483,173,卖盘
2788,13:20:51,4.08,173114,425,买盘
2789,13:20:54,4.08,202763,497,买盘
2790,13:20:57,4.07,61864,152,卖盘
2791,13:21:00,4.08,37126,91,买盘
2792,13:21:03,4.08,20389,50,买盘
2793,13:21:06,4.08,26928,66,买盘
2794,13:21:09,4.07,57105,140,卖盘
2795,13:21:12,4.08,74560,183,买盘
2796,13:21:15,4.07,8547,21,卖盘
2797,13:21:18,4.07,158693,389,卖盘
2798,13:21:21,4.08,141351,347,买盘
2799,13:21:24,4.07,39072,96,卖盘
2800,13:21:27,4.08,9779,24,买盘
2801,13:21:33,4.08,80743,198,买盘
2802,13:21:36,4.07,3663,9,卖盘
2803,13:21:42,4.07,14652,36,卖盘
2804,13:21:45,4.07,1054130,2590,卖盘
2805,13:21:48,4.07,95033,233,卖盘
2806,13:21:51,4.08,2853,7,买盘
2807,13:21:57,4.07,91983,226,卖盘
2808,13:22:00,4.08,27739,68,买盘
2809,13:22:03,4.07,156325,384,卖盘
2810,13:22:06,4.08,25681,63,买盘
2811,13:22:09,4.08,54590,134,买盘
2812,13:22:12,4.07,28897,71,卖盘
2813,13:22:15,4.07,26048,64,卖盘
2814,13:22:18,4.07,61127,150,卖盘
2815,13:22:21,4.08,15089,37,买盘
2816,13:22:24,4.08,4488,11,买盘
2817,13:22:27,4.08,10595,26,买盘
2818,13:22:30,4.08,408,1,买盘
2819,13:22:33,4.07,22840,56,卖盘
2820,13:22:36,4.07,192511,473,卖盘
2821,13:22:39,4.08,46450,114,买盘
2822,13:22:42,4.07,407,1,卖盘
2823,13:22:45,4.07,18722,46,卖盘
2824,13:22:48,4.08,105873,260,买盘
2825,13:22:51,4.08,26870,66,买盘
2826,13:22:54,4.07,42735,105,卖盘
2827,13:22:57,4.07,2442,6,卖盘
2828,13:23:00,4.08,41575,102,买盘
2829,13:23:03,4.08,120225,295,买盘
2830,13:23:06,4.08,38729,95,买盘
2831,13:23:09,4.07,2849,7,卖盘
2832,13:23:12,4.07,66441,163,卖盘
2833,13:23:15,4.07,951566,2338,卖盘
2834,13:23:18,4.07,66376,163,卖盘
2835,13:23:21,4.08,42024,103,买盘
2836,13:23:24,4.07,36630,90,卖盘
2837,13:23:27,4.07,176186,432,卖盘
2838,13:23:30,4.07,93610,230,卖盘
2839,13:23:33,4.07,23204,57,卖盘
2840,13:23:36,4.08,41161,101,买盘
2841,13:23:39,4.08,37872,93,买盘
2842,13:23:42,4.08,15096,37,买盘
2843,13:23:45,4.07,4884,12,卖盘
2844,13:23:48,4.07,4070,10,卖盘
2845,13:23:51,4.07,230412,566,卖盘
2846,13:23:54,4.08,35478,87,买盘
2847,13:23:57,4.07,30935,76,卖盘
2848,13:24:00,4.08,58740,144,买盘
2849,13:24:03,4.08,816,2,买盘
2850,13:24:06,4.08,1223,3,买盘
2851,13:24:09,4.07,24015,59,卖盘
2852,13:24:12,4.07,461945,1135,卖盘
2853,13:24:15,4.07,93255,229,卖盘
2854,13:24:18,4.08,241932,594,买盘
2855,13:24:21,4.08,19173,47,买盘
2856,13:24:24,4.07,48026,118,卖盘
2857,13:24:27,4.07,13431,33,卖盘
2858,13:24:30,4.07,1076925,2646,卖盘
2859,13:24:33,4.08,230871,567,买盘
2860,13:24:36,4.07,6112,15,卖盘
2861,13:24:39,4.07,1234024,3032,卖盘
2862,13:24:42,4.07,144892,356,卖盘
2863,13:24:45,4.07,70476,173,卖盘
2864,13:24:48,4.08,45279,111,买盘
2865,13:24:51,4.07,43552,107,卖盘
2866,13:24:57,4.08,9792,24,买盘
2867,13:25:00,4.08,3665,9,买盘
2868,13:25:03,4.07,14903785,36619,卖盘
2869,13:25:06,4.07,2139188,5256,买盘
2870,13:25:09,4.06,106923,263,卖盘
2871,13:25:12,4.07,97058,239,买盘
2872,13:25:15,4.07,370284,910,买盘
2873,13:25:18,4.07,53713,132,买盘
2874,13:25:21,4.07,102946,253,买盘
2875,13:25:24,4.07,10173,25,买盘
2876,13:25:27,4.07,95948,236,买盘
2877,13:25:30,4.07,2847,7,买盘
2878,13:25:33,4.07,48840,120,买盘
2879,13:25:36,4.07,160721,395,买盘
2880,13:25:39,4.07,45584,112,买盘
2881,13:25:42,4.07,83832,206,买盘
2882,13:25:45,4.07,48722,120,买盘
2883,13:25:48,4.06,280571,691,卖盘
2884,13:25:51,4.06,101700,250,卖盘
2885,13:25:54,4.06,56434,139,卖盘
2886,13:25:57,4.07,507289,1249,买盘
2887,13:26:00,4.06,23192,57,卖盘
2888,13:26:03,4.07,43906,108,买盘
2889,13:26:06,4.07,34119,84,买盘
2890,13:26:09,4.06,27614,68,卖盘
2891,13:26:12,4.07,84178,207,买盘
2892,13:26:15,4.07,50468,124,买盘
2893,13:26:18,4.07,29691,73,买盘
2894,13:26:21,4.07,29238,72,买盘
2895,13:26:24,4.06,543969,1339,卖盘
2896,13:26:27,4.06,37785,93,卖盘
2897,13:26:30,4.07,249898,614,买盘
2898,13:26:33,4.06,64578,159,卖盘
2899,13:26:36,4.06,22736,56,卖盘
2900,13:26:39,4.06,64711,159,卖盘
2901,13:26:42,4.06,2842,7,卖盘
2902,13:26:45,4.07,432985,1064,买盘
2903,13:26:48,4.07,107727,265,买盘
2904,13:26:54,4.07,24420,60,买盘
2905,13:26:57,4.06,85777,211,卖盘
2906,13:27:00,4.07,46708,115,买盘
2907,13:27:03,4.06,63435,156,卖盘
2908,13:27:06,4.06,34593,85,卖盘
2909,13:27:09,4.06,34929,86,卖盘
2910,13:27:12,4.07,28490,70,买盘
2911,13:27:15,4.07,227088,558,买盘
2912,13:27:18,4.07,6883882,16918,买盘
2913,13:27:21,4.07,3342602,8213,买盘
2914,13:27:24,4.07,1538458,3780,买盘
2915,13:27:27,4.07,1017945,2502,买盘
2916,13:27:30,4.07,885160,2175,买盘
2917,13:27:33,4.07,885632,2176,买盘
2918,13:27:36,4.07,7275276,17875,买盘
2919,13:27:39,4.08,132328,325,买盘
2920,13:27:42,4.08,98555,242,买盘
2921,13:27:45,4.07,23199,57,卖盘
2922,13:27:48,4.07,21571,53,卖盘
2923,13:27:51,4.08,13842,34,买盘
2924,13:27:54,4.08,160019,393,买盘
2925,13:27:57,4.07,4884,12,卖盘
2926,13:28:00,4.08,14249,35,买盘
2927,13:28:03,4.07,12215,30,卖盘
2928,13:28:06,4.07,149781,368,卖盘
2929,13:28:09,4.07,484398,1190,卖盘
2930,13:28:12,4.07,71632,176,卖盘
2931,13:28:15,4.08,15892,39,买盘
2932,13:28:18,4.07,2039,5,卖盘
2933,13:28:24,4.07,12210,30,卖盘
2934,13:28:27,4.07,16280,40,卖盘
2935,13:28:30,4.08,23661,58,买盘
2936,13:28:33,4.07,3258,8,卖盘
2937,13:28:36,4.07,8140,20,卖盘
2938,13:28:39,4.08,64813,159,买盘
2939,13:28:42,4.07,61536,151,卖盘
2940,13:28:45,4.08,7749,19,买盘
2941,13:28:48,4.07,72458,178,卖盘
2942,13:28:51,4.08,3264,8,买盘
2943,13:28:54,4.07,211245,519,卖盘
2944,13:28:57,4.08,65186,160,买盘
2945,13:29:00,4.08,19584,48,买盘
2946,13:29:03,4.07,825805,2029,卖盘
2947,13:29:06,4.07,30119,74,卖盘
2948,13:29:09,4.07,181523,446,卖盘
2949,13:29:12,4.07,583638,1434,卖盘
2950,13:29:15,4.08,157917,388,买盘
2951,13:29:18,4.07,6512,16,卖盘
2952,13:29:21,4.08,28962,71,买盘
2953,13:29:27,4.07,1221,3,卖盘
2954,13:29:33,4.07,512821,1260,卖盘
2955,13:29:36,4.07,42328,104,卖盘
2956,13:29:39,4.08,2040,5,买盘
2957,13:29:42,4.08,10606,26,买盘
2958,13:29:45,4.08,24072,59,买盘
2959,13:29:48,4.07,2442,6,卖盘
2960,13:29:51,4.08,3669,9,买盘
2961,13:29:57,4.07,45998,113,卖盘
2962,13:30:00,4.07,2035,5,卖盘
2963,13:30:03,4.07,25236,62,卖盘
2964,13:30:06,4.07,4070,10,卖盘
2965,13:30:09,4.07,33374,82,卖盘
2966,13:30:12,4.07,50115,123,卖盘
2967,13:30:15,4.08,4896,12,买盘
2968,13:30:21,4.07,121295,298,卖盘
2969,13:30:24,4.07,60246,148,卖盘
2970,13:30:27,4.07,12617,31,卖盘
2971,13:30:30,4.07,57909,142,卖盘
2972,13:30:33,4.07,7126167,17509,卖盘
2973,13:30:36,4.07,269087,661,卖盘
2974,13:30:39,4.07,183965,452,卖盘
2975,13:30:42,4.07,18722,46,卖盘
2976,13:30:45,4.07,1221,3,卖盘
2977,13:30:48,4.08,48043,118,买盘
2978,13:30:51,4.07,44770,110,卖盘
2979,13:30:54,4.07,2107039,5177,卖盘
2980,13:30:57,4.07,501831,1233,卖盘
2981,13:31:00,4.07,198616,488,买盘
2982,13:31:03,4.07,365486,898,买盘
2983,13:31:06,4.07,63492,156,买盘
2984,13:31:09,4.07,492319,1211,买盘
2985,13:31:12,4.07,16280,40,买盘
2986,13:31:15,4.07,72853,179,买盘
2987,13:31:18,4.07,286528,704,买盘
2988,13:31:21,4.07,58608,144,买盘
2989,13:31:24,4.07,889109,2187,买盘
2990,13:31:27,4.07,93203,229,买盘
2991,13:31:30,4.07,45177,111,买盘
2992,13:31:33,4.07,494902,1216,买盘
2993,13:31:36,4.08,541767,1331,买盘
2994,13:31:39,4.07,66748,164,卖盘
2995,13:31:42,4.07,71632,176,卖盘
2996,13:31:45,4.08,159191,391,买盘
2997,13:31:48,4.07,17130,42,卖盘
2998,13:31:51,4.07,105006,258,卖盘
2999,13:31:54,4.07,3256,8,卖盘
3000,13:31:57,4.07,4070,10,卖盘
3001,13:32:00,4.08,2040,5,买盘
3002,13:32:03,4.07,15503,38,卖盘
3003,13:32:06,4.08,25293,62,买盘
3004,13:32:12,4.08,23256,57,买盘
3005,13:32:15,4.07,774928,1904,卖盘
3006,13:32:18,4.08,24473,60,买盘
3007,13:32:21,4.08,38760,95,买盘
3008,13:32:24,4.07,6115,15,卖盘
3009,13:32:27,4.08,10608,26,买盘
3010,13:32:33,4.08,56232,138,买盘
3011,13:32:36,4.07,9786,24,卖盘
3012,13:32:39,4.07,39142,96,卖盘
3013,13:32:42,4.07,62271,153,卖盘
3014,13:32:45,4.08,137200,337,买盘
3015,13:32:48,4.07,15502,38,卖盘
3016,13:32:51,4.07,407,1,卖盘
3017,13:32:54,4.08,659352,1620,买盘
3018,13:33:00,4.07,240952,592,卖盘
3019,13:33:03,4.08,399383,981,买盘
3020,13:33:06,4.08,408,1,买盘
3021,13:33:12,4.07,45991,113,卖盘
3022,13:33:15,4.07,38268,94,卖盘
3023,13:33:18,4.07,57424,141,卖盘
3024,13:33:21,4.07,27676,68,卖盘
3025,13:33:24,4.07,83842,206,卖盘
3026,13:33:27,4.08,143726,353,买盘
3027,13:33:30,4.07,12220,30,卖盘
3028,13:33:33,4.08,15912,39,买盘
3029,13:33:36,4.07,13431,33,卖盘
3030,13:33:42,4.08,17127,42,买盘
3031,13:33:48,4.07,72482,178,卖盘
3032,13:33:51,4.07,247049,607,卖盘
3033,13:33:54,4.08,60792,149,买盘
3034,13:33:57,4.07,4477,11,卖盘
3035,13:34:00,4.08,816,2,买盘
3036,13:34:03,4.07,33005,81,卖盘
3037,13:34:06,4.07,762311,1873,卖盘
3038,13:34:09,4.07,6105,15,卖盘
3039,13:34:12,4.08,742002,1823,买盘
3040,13:34:15,4.07,17501,43,卖盘
3041,13:34:18,4.07,55439,136,卖盘
3042,13:34:21,4.07,23606,58,卖盘
3043,13:34:24,4.07,277217,681,卖盘
3044,13:34:27,4.07,57387,141,卖盘
3045,13:34:30,4.07,52096,128,卖盘
3046,13:34:33,4.07,149407,367,卖盘
3047,13:34:36,4.07,39479,97,卖盘
3048,13:34:39,4.07,26862,66,卖盘
3049,13:34:42,4.07,4477,11,卖盘
3050,13:34:45,4.07,49654,122,卖盘
3051,13:34:48,4.07,46907,115,卖盘
3052,13:34:51,4.07,14245,35,卖盘
3053,13:34:54,4.07,63492,156,卖盘
3054,13:34:57,4.07,2263715,5562,卖盘
3055,13:35:00,4.07,39479,97,买盘
3056,13:35:03,4.07,1870979,4597,买盘
3057,13:35:06,4.07,9361,23,卖盘
3058,13:35:09,4.08,672013,1651,买盘
3059,13:35:12,4.07,44772,110,卖盘
3060,13:35:18,4.07,16723,41,卖盘
3061,13:35:21,4.08,140095,344,买盘
3062,13:35:27,4.07,101750,250,卖盘
3063,13:35:30,4.07,70004,172,卖盘
3064,13:35:33,4.08,36720,90,买盘
3065,13:35:36,4.08,21623,53,买盘
3066,13:35:39,4.07,30587,75,卖盘
3067,13:35:42,4.08,105829,260,买盘
3068,13:35:45,4.07,51695,127,卖盘
3069,13:35:48,4.08,53448,131,买盘
3070,13:35:51,4.07,65527,161,卖盘
3071,13:35:57,4.07,29744,73,卖盘
3072,13:36:00,4.07,4884,12,卖盘
3073,13:36:03,4.07,25679,63,卖盘
3074,13:36:06,4.07,46868,115,卖盘
3075,13:36:12,4.07,61888,152,卖盘
3076,13:36:18,4.08,61952,152,买盘
3077,13:36:21,4.07,12210,30,卖盘
3078,13:36:24,4.07,10596,26,卖盘
3079,13:36:27,4.07,1221,3,卖盘
3080,13:36:30,4.08,26514,65,买盘
3081,13:36:33,4.08,22831,56,买盘
3082,13:36:39,4.08,172162,423,买盘
3083,13:36:42,4.07,40700,100,卖盘
3084,13:36:45,4.07,20350,50,卖盘
3085,13:36:48,4.07,70854,174,卖盘
3086,13:36:51,4.08,11804,29,买盘
3087,13:36:54,4.07,12210,30,卖盘
3088,13:36:57,4.07,116078,285,卖盘
3089,13:37:00,4.08,99326,244,买盘
3090,13:37:03,4.08,17136,42,买盘
3091,13:37:09,4.07,164029,403,卖盘
3092,13:37:12,4.07,114774,282,卖盘
3093,13:37:15,4.07,5303,13,卖盘
3094,13:37:18,4.07,19572,48,卖盘
3095,13:37:21,4.07,33838,83,卖盘
3096,13:37:24,4.07,863247,2121,卖盘
3097,13:37:27,4.07,324391,797,卖盘
3098,13:37:33,4.07,25270,62,卖盘
3099,13:37:36,4.08,404564,994,买盘
3100,13:37:39,4.08,408,1,买盘
3101,13:37:45,4.08,92162,226,买盘
3102,13:37:48,4.08,1071215,2626,买盘
3103,13:37:51,4.07,27688,68,卖盘
3104,13:37:54,4.07,76516,188,卖盘
3105,13:37:57,4.07,402936,990,卖盘
3106,13:38:00,4.08,207602,509,买盘
3107,13:38:03,4.07,51694,127,卖盘
3108,13:38:06,4.08,27326,67,买盘
3109,13:38:09,4.08,24888,61,买盘
3110,13:38:12,4.07,87563,215,卖盘
3111,13:38:15,4.07,17094,42,卖盘
3112,13:38:18,4.08,66348,163,买盘
3113,13:38:21,4.07,37480,92,卖盘
3114,13:38:27,4.07,111538,274,卖盘
3115,13:38:30,4.07,35816,88,卖盘
3116,13:38:33,4.07,102159,251,卖盘
3117,13:38:36,4.07,55034,135,卖盘
3118,13:38:39,4.08,20352,50,买盘
3119,13:38:45,4.07,31746,78,卖盘
3120,13:38:51,4.08,35904,88,买盘
3121,13:38:54,4.07,223850,550,卖盘
3122,13:38:57,4.07,21164,52,卖盘
3123,13:39:00,4.08,26863,66,买盘
3124,13:39:03,4.07,52977,130,卖盘
3125,13:39:06,4.07,72501,178,卖盘
3126,13:39:09,4.07,65527,161,卖盘
3127,13:39:12,4.07,258445,635,卖盘
3128,13:39:15,4.07,122100,300,卖盘
3129,13:39:18,4.07,63899,157,卖盘
3130,13:39:21,4.08,64056,157,买盘
3131,13:39:27,4.07,52096,128,卖盘
3132,13:39:30,4.08,112005,275,买盘
3133,13:39:33,4.08,33419,82,买盘
3134,13:39:36,4.07,54577,134,卖盘
3135,13:39:39,4.07,130670,321,卖盘
3136,13:39:42,4.07,98494,242,卖盘
3137,13:39:45,4.07,76569,188,卖盘
3138,13:39:48,4.07,11803,29,卖盘
3139,13:39:51,4.07,179931,442,卖盘
3140,13:39:54,4.07,137973,339,卖盘
3141,13:39:57,4.07,92875,228,卖盘
3142,13:40:00,4.07,24827,61,卖盘
3143,13:40:03,4.07,19130,47,卖盘
3144,13:40:06,4.07,237318,583,卖盘
3145,13:40:09,4.07,432641,1063,卖盘
3146,13:40:12,4.07,133103,327,卖盘
3147,13:40:15,4.07,101343,249,卖盘
3148,13:40:18,4.08,24478,60,买盘
3149,13:40:21,4.07,23642,58,卖盘
3150,13:40:24,4.08,157981,388,买盘
3151,13:40:27,4.08,53848,132,买盘
3152,13:40:30,4.07,814,2,卖盘
3153,13:40:33,4.07,17537,43,卖盘
3154,13:40:36,4.07,30156,74,卖盘
3155,13:40:39,4.07,21990,54,卖盘
3156,13:40:42,4.07,27269,67,卖盘
3157,13:40:45,4.07,55410,136,卖盘
