,成交时间,成交价格,成交金额,成交量,性质
0,09:25:00,22.04,22555736,10234,买盘
1,09:30:00,22.07,1047282,474,买盘
2,09:30:03,22.06,7765483,3519,卖盘
3,09:30:06,22.07,2251466,1020,中性盘
4,09:30:09,22.06,633184,287,卖盘
5,09:30:12,22.04,1805970,819,卖盘
6,09:30:15,22.02,842028,382,卖盘
7,09:30:18,22.03,312624,142,买盘
8,09:30:21,22.0,1029778,468,卖盘
9,09:30:24,22.0,703856,320,买盘
10,09:30:27,21.99,164913,75,卖盘
11,09:30:30,21.96,705802,321,卖盘
12,09:30:33,21.99,2982174,1357,买盘
13,09:30:36,22.1,3632884,1648,买盘
14,09:30:39,22.13,495700,224,买盘
15,09:30:42,22.2,654047,295,买盘
16,09:30:45,22.15,821181,370,卖盘
17,09:30:48,22.16,403669,182,买盘
18,09:30:51,22.16,790740,357,买盘
19,09:30:54,22.2,396864,179,买盘
20,09:30:57,22.24,253213,114,买盘
21,09:31:00,22.2,350746,158,中性盘
22,09:31:03,22.23,293255,132,买盘
23,09:31:06,22.23,175560,79,卖盘
24,09:31:09,22.17,1717235,774,卖盘
25,09:31:12,22.15,265952,120,中性盘
26,09:31:15,22.1,398575,180,卖盘
27,09:31:18,22.09,207712,94,中性盘
28,09:31:21,22.07,423641,192,卖盘
29,09:31:24,22.07,138931,63,买盘
30,09:31:27,22.03,1378690,626,卖盘
31,09:31:30,22.03,491194,223,买盘
32,09:31:33,22.02,755580,343,中性盘
33,09:31:36,22.02,656136,298,卖盘
34,09:31:39,22.0,904535,411,卖盘
35,09:31:42,22.02,631732,287,买盘
36,09:31:45,22.02,585223,266,卖盘
37,09:31:48,22.02,484336,220,买盘
38,09:31:51,22.03,887652,403,买盘
39,09:31:54,22.02,935721,425,卖盘
40,09:31:57,22.03,669686,304,中性盘
41,09:32:00,22.02,554983,252,卖盘
42,09:32:03,22.01,237733,108,卖盘
43,09:32:06,22.01,303636,138,买盘
44,09:32:09,21.99,615990,280,卖盘
45,09:32:12,21.98,248551,113,卖盘
46,09:32:15,21.97,287945,131,卖盘
47,09:32:18,21.97,417442,190,卖盘
48,09:32:21,21.97,267866,122,买盘
49,09:32:24,21.95,439057,200,卖盘
50,09:32:27,21.95,1715809,782,买盘
51,09:32:30,21.94,987347,450,中性盘
52,09:32:33,21.95,304862,139,买盘
53,09:32:36,21.94,1932826,881,卖盘
54,09:32:39,21.92,842397,384,卖盘
55,09:32:42,21.94,344401,157,买盘
56,09:32:45,21.94,2892030,1318,卖盘
57,09:32:48,21.94,1359647,619,卖盘
58,09:32:51,21.96,1199786,546,中性盘
59,09:32:54,21.96,1883824,856,卖盘
60,09:32:57,21.95,1558830,710,卖盘
61,09:33:00,21.99,397552,181,卖盘
62,09:33:03,22.04,710955,323,买盘
63,09:33:06,22.04,204933,93,卖盘
64,09:33:09,22.08,97066,44,买盘
65,09:33:12,22.05,253805,115,中性盘
66,09:33:15,22.08,209890,95,中性盘
67,09:33:18,22.07,317993,144,卖盘
68,09:33:21,22.07,308816,140,买盘
69,09:33:24,22.05,271179,123,卖盘
70,09:33:27,22.05,242372,110,买盘
71,09:33:30,22.04,94768,43,卖盘
72,09:33:33,22.03,246771,112,卖盘
73,09:33:36,22.02,63884,29,中性盘
74,09:33:39,22.0,272899,124,卖盘
75,09:33:42,22.01,68246,31,中性盘
76,09:33:45,22.0,378414,172,卖盘
77,09:33:48,21.99,114379,52,卖盘
78,09:33:51,22.0,330024,150,卖盘
79,09:33:54,22.0,373966,170,卖盘
80,09:33:57,22.0,160571,73,买盘
81,09:34:00,22.0,158372,72,买盘
82,09:34:03,21.99,391595,178,卖盘
83,09:34:06,21.99,2418517,1099,卖盘
84,09:34:09,22.03,134315,61,中性盘
85,09:34:12,22.04,156328,71,买盘
86,09:34:15,22.04,231333,105,买盘
87,09:34:18,22.04,204972,93,卖盘
88,09:34:21,22.04,808266,367,卖盘
89,09:34:24,22.03,81511,37,中性盘
90,09:34:27,22.0,30813,14,卖盘
91,09:34:30,22.01,215712,98,卖盘
92,09:34:33,22.02,92440,42,买盘
93,09:34:36,22.02,303814,138,买盘
94,09:34:39,22.01,587857,267,卖盘
95,09:34:42,22.02,101290,46,卖盘
96,09:34:45,22.01,556646,253,卖盘
97,09:34:48,22.0,424451,193,卖盘
98,09:34:51,21.99,151737,69,中性盘
99,09:34:54,21.97,312128,142,卖盘
100,09:34:57,21.97,180168,82,卖盘
101,09:35:00,21.97,718606,327,卖盘
102,09:35:03,21.98,1109834,505,买盘
103,09:35:06,21.96,125216,57,卖盘
104,09:35:09,21.98,606379,276,买盘
105,09:35:12,21.98,417817,190,卖盘
106,09:35:15,21.97,169236,77,卖盘
107,09:35:18,21.98,59342,27,买盘
108,09:35:21,21.98,450477,205,买盘
109,09:35:24,21.97,520743,237,卖盘
110,09:35:27,21.96,1006207,458,卖盘
111,09:35:30,21.96,597362,272,卖盘
112,09:35:33,21.95,81224,37,卖盘
113,09:35:36,21.94,496077,226,卖盘
114,09:35:39,21.95,219493,100,买盘
115,09:35:42,21.94,537495,245,卖盘
116,09:35:45,21.94,419043,191,买盘
117,09:35:48,21.94,614149,280,买盘
118,09:35:51,21.95,3318160,1513,买盘
119,09:35:54,21.94,809726,369,卖盘
120,09:35:57,21.9,1363150,622,卖盘
121,09:36:00,21.93,613662,280,买盘
122,09:36:03,21.93,1393733,636,买盘
123,09:36:06,21.92,1277801,583,卖盘
124,09:36:09,21.92,662111,302,卖盘
125,09:36:12,21.94,958669,437,买盘
126,09:36:15,21.96,779381,355,买盘
127,09:36:18,21.94,1038288,473,卖盘
128,09:36:21,21.97,682873,311,买盘
129,09:36:24,21.96,147038,67,中性盘
130,09:36:27,21.93,171226,78,卖盘
131,09:36:30,21.94,35095,16,买盘
132,09:36:33,21.93,662615,302,卖盘
133,09:36:36,21.93,1085782,495,卖盘
134,09:36:39,21.93,557083,254,卖盘
135,09:36:42,21.94,436489,199,买盘
136,09:36:45,21.94,622909,284,卖盘
137,09:36:48,21.95,162368,74,买盘
138,09:36:51,21.94,87757,40,买盘
139,09:36:54,21.94,666743,304,买盘
140,09:36:57,21.95,289638,132,买盘
141,09:37:00,21.94,214949,98,买盘
142,09:37:03,21.97,2345176,1068,买盘
143,09:37:06,21.97,2086945,950,买盘
144,09:37:09,21.96,289935,132,卖盘
145,09:37:12,21.95,94402,43,卖盘
146,09:37:15,21.97,96602,44,买盘
147,09:37:18,21.98,342563,156,买盘
148,09:37:21,21.97,496213,226,中性盘
149,09:37:24,21.98,131797,60,买盘
150,09:37:27,21.98,615223,280,卖盘
151,09:37:30,21.97,116522,53,卖盘
152,09:37:33,21.98,230746,105,买盘
153,09:37:36,21.98,103276,47,买盘
154,09:37:39,21.98,215331,98,卖盘
155,09:37:42,21.98,94514,43,买盘
156,09:37:45,21.98,151671,69,卖盘
157,09:37:48,21.98,127459,58,买盘
158,09:37:51,21.98,32970,15,买盘
159,09:37:54,21.98,182350,83,买盘
160,09:37:57,21.97,103228,47,中性盘
161,09:38:00,21.96,177876,81,卖盘
162,09:38:03,21.97,267918,122,买盘
163,09:38:06,21.96,191010,87,中性盘
164,09:38:09,21.97,254780,116,买盘
165,09:38:12,21.97,922408,420,买盘
166,09:38:15,21.97,215321,98,买盘
167,09:38:18,21.97,314124,143,买盘
168,09:38:21,21.97,243778,111,卖盘
169,09:38:24,21.97,50535,23,卖盘
170,09:38:27,21.97,52744,24,卖盘
171,09:38:30,21.98,118641,54,买盘
172,09:38:33,21.98,134034,61,买盘
173,09:38:36,22.01,910456,414,买盘
174,09:38:39,22.01,332492,151,卖盘
175,09:38:42,22.01,15417,7,卖盘
176,09:38:45,22.01,17608,8,卖盘
177,09:38:48,22.04,160756,73,买盘
178,09:38:51,22.03,15421,7,卖盘
179,09:38:54,22.03,44060,20,卖盘
180,09:38:57,22.04,246761,112,买盘
181,09:39:00,22.04,112367,51,买盘
182,09:39:03,22.05,28653,13,买盘
183,09:39:06,22.05,498204,226,买盘
184,09:39:09,22.05,74980,34,中性盘
185,09:39:12,22.05,163167,74,买盘
186,09:39:15,22.04,233672,106,卖盘
187,09:39:18,22.03,891742,405,卖盘
188,09:39:21,22.01,217821,99,中性盘
189,09:39:24,22.01,39617,18,买盘
190,09:39:27,22.01,178295,81,买盘
191,09:39:30,22.01,96819,44,卖盘
192,09:39:33,22.0,515245,234,卖盘
193,09:39:36,22.0,204666,93,买盘
194,09:39:39,21.99,26389,12,中性盘
195,09:39:42,21.98,74736,34,卖盘
196,09:39:45,21.98,208810,95,卖盘
197,09:39:48,21.97,153795,70,卖盘
198,09:39:51,21.97,213155,97,卖盘
199,09:39:54,21.97,19773,9,买盘
200,09:39:57,21.97,109827,50,买盘
201,09:40:00,21.97,355783,162,买盘
202,09:40:03,21.96,278936,127,卖盘
203,09:40:06,21.96,309594,141,买盘
204,09:40:09,21.96,24150,11,买盘
205,09:40:12,21.96,274441,125,买盘
206,09:40:15,21.96,373156,170,买盘
207,09:40:18,21.95,212916,97,卖盘
208,09:40:21,21.95,136090,62,卖盘
209,09:40:24,21.94,35114,16,卖盘
210,09:40:27,21.95,302818,138,买盘
211,09:40:30,21.95,298467,136,买盘
212,09:40:33,21.95,197512,90,买盘
213,09:40:36,21.95,258936,118,买盘
214,09:40:39,21.95,177759,81,买盘
215,09:40:42,21.94,524428,239,卖盘
216,09:40:45,21.93,144803,66,卖盘
217,09:40:48,21.93,510966,233,卖盘
218,09:40:51,21.93,506394,231,买盘
219,09:40:54,21.92,181972,83,卖盘
220,09:40:57,21.92,429465,196,买盘
221,09:41:00,21.92,736351,336,买盘
222,09:41:03,21.91,747648,341,卖盘
223,09:41:06,21.93,309014,141,买盘
224,09:41:09,21.9,1066815,487,卖盘
225,09:41:12,21.91,527805,241,买盘
226,09:41:15,21.9,370156,169,卖盘
227,09:41:18,21.9,617541,282,买盘
228,09:41:21,21.9,1453891,664,买盘
229,09:41:24,21.9,418137,191,买盘
230,09:41:27,21.89,356814,163,卖盘
231,09:41:30,21.89,181686,83,买盘
232,09:41:33,21.88,1192542,545,卖盘
233,09:41:36,21.9,1930354,882,买盘
234,09:41:39,21.91,2205791,1007,买盘
235,09:41:42,21.93,164388,75,买盘
236,09:41:45,21.9,223462,102,卖盘
237,09:41:48,21.9,65705,30,买盘
238,09:41:51,21.91,137986,63,买盘
239,09:41:54,21.91,554314,253,买盘
240,09:41:57,21.91,293613,134,卖盘
241,09:42:00,21.93,179747,82,买盘
242,09:42:03,21.93,1127346,514,买盘
243,09:42:06,21.93,219268,100,卖盘
244,09:42:09,21.93,184260,84,卖盘
245,09:42:12,21.93,460592,210,卖盘
246,09:42:15,21.94,394797,180,买盘
247,09:42:18,21.92,201668,92,卖盘
248,09:42:21,21.92,114011,52,卖盘
249,09:42:24,21.92,442751,202,卖盘
250,09:42:27,21.92,258711,118,卖盘
251,09:42:30,21.92,745285,340,买盘
252,09:42:33,21.92,210533,96,卖盘
253,09:42:36,21.92,162261,74,卖盘
254,09:42:39,21.95,515623,235,买盘
255,09:42:42,21.95,304709,139,买盘
256,09:42:45,21.92,127183,58,卖盘
257,09:42:48,21.92,162379,74,卖盘
258,09:42:51,21.92,352994,161,卖盘
259,09:42:54,21.96,682192,311,买盘
260,09:42:57,21.97,647378,295,买盘
261,09:43:00,21.98,151453,69,买盘
262,09:43:03,21.97,158240,72,中性盘
263,09:43:06,21.98,199898,91,买盘
264,09:43:09,21.98,116522,53,卖盘
265,09:43:12,21.98,136276,62,卖盘
266,09:43:15,21.97,134074,61,卖盘
267,09:43:18,21.98,112098,51,买盘
268,09:43:21,21.99,26378,12,买盘
269,09:43:24,21.98,276944,126,卖盘
270,09:43:27,21.98,15380,7,买盘
271,09:43:30,21.94,303009,138,卖盘
272,09:43:33,21.94,32922,15,卖盘
273,09:43:36,21.94,147007,67,卖盘
274,09:43:39,21.94,21947,10,买盘
275,09:43:42,21.95,166740,76,中性盘
276,09:43:45,21.97,72428,33,买盘
277,09:43:48,21.97,78994,36,买盘
278,09:43:51,21.94,10971,5,卖盘
279,09:43:54,21.95,160160,73,买盘
280,09:43:57,21.94,155785,71,卖盘
281,09:44:00,21.95,243555,111,买盘
282,09:44:03,21.95,261368,119,卖盘
283,09:44:06,21.95,149306,68,卖盘
284,09:44:09,21.96,379906,173,买盘
285,09:44:12,21.96,459211,209,卖盘
286,09:44:15,21.96,70272,32,卖盘
287,09:44:18,21.96,46116,21,卖盘
288,09:44:21,21.96,254737,116,卖盘
289,09:44:24,21.97,41743,19,买盘
290,09:44:27,21.96,193315,88,卖盘
291,09:44:30,21.97,285573,130,买盘
292,09:44:33,21.97,265763,121,买盘
293,09:44:36,21.96,153720,70,卖盘
294,09:44:39,21.97,1099634,501,买盘
295,09:44:42,21.97,105477,48,卖盘
296,09:44:45,21.97,224175,102,卖盘
297,09:44:48,21.98,74721,34,买盘
298,09:44:51,21.98,59366,27,卖盘
299,09:44:54,21.98,39566,18,卖盘
300,09:44:57,21.98,448756,204,卖盘
301,09:45:00,22.01,118790,54,买盘
302,09:45:03,22.02,154117,70,买盘
303,09:45:06,21.99,149588,68,卖盘
304,09:45:09,22.02,50613,23,中性盘
305,09:45:12,22.02,52863,24,卖盘
306,09:45:15,22.02,39636,18,卖盘
307,09:45:18,22.03,57274,26,买盘
308,09:45:21,22.04,24244,11,买盘
309,09:45:24,22.05,138881,63,买盘
310,09:45:27,22.05,165328,75,买盘
311,09:45:30,22.05,59523,27,买盘
312,09:45:33,22.06,2206,1,中性盘
313,09:45:36,22.05,52936,24,卖盘
314,09:45:39,22.06,132366,60,中性盘
315,09:45:42,22.05,463187,210,卖盘
316,09:45:45,22.06,88231,40,买盘
317,09:45:48,22.06,66179,30,买盘
318,09:45:51,22.06,251484,114,卖盘
319,09:45:54,22.06,99238,45,卖盘
320,09:45:57,22.06,101487,46,买盘
321,09:46:00,22.06,28679,13,买盘
322,09:46:03,22.06,132390,60,中性盘
323,09:46:06,22.06,33091,15,卖盘
324,09:46:09,22.1,558817,253,买盘
325,09:46:12,22.1,253866,115,买盘
326,09:46:15,22.07,28700,13,卖盘
327,09:46:18,22.11,159018,72,买盘
328,09:46:21,22.08,64074,29,卖盘
329,09:46:24,22.1,154731,70,买盘
330,09:46:27,22.11,13266,6,买盘
331,09:46:30,22.12,329728,149,买盘
332,09:46:33,22.13,70791,32,买盘
333,09:46:36,22.13,101759,46,买盘
334,09:46:39,22.12,1728629,782,中性盘
335,09:46:42,22.1,555292,251,中性盘
336,09:46:45,22.13,103984,47,买盘
337,09:46:48,22.13,108437,49,买盘
338,09:46:51,22.12,177062,80,卖盘
339,09:46:54,22.13,159279,72,卖盘
340,09:46:57,22.13,272096,123,买盘
341,09:47:00,22.12,88503,40,中性盘
342,09:47:03,22.12,997888,451,买盘
343,09:47:06,22.11,61926,28,中性盘
344,09:47:09,22.12,252086,114,买盘
345,09:47:12,22.12,207913,94,买盘
346,09:47:15,22.12,769480,348,中性盘
347,09:47:18,22.11,1402315,635,买盘
348,09:47:21,22.09,68509,31,卖盘
349,09:47:24,22.1,44211,20,卖盘
350,09:47:27,22.1,128210,58,卖盘
351,09:47:30,22.1,181221,82,卖盘
352,09:47:33,22.1,103880,47,买盘
353,09:47:36,22.1,143641,65,买盘
354,09:47:39,22.1,44199,20,买盘
355,09:47:42,22.1,207747,94,买盘
356,09:47:45,22.1,121554,55,卖盘
357,09:47:48,22.11,148132,67,买盘
358,09:47:51,22.11,19902,9,卖盘
359,09:47:54,22.11,152571,69,卖盘
360,09:47:57,22.11,13266,6,买盘
361,09:48:00,22.11,603451,273,买盘
362,09:48:03,22.1,114937,52,卖盘
363,09:48:06,22.1,53056,24,中性盘
364,09:48:09,22.1,132598,60,买盘
365,09:48:12,22.09,134803,61,卖盘
366,09:48:15,22.09,801870,363,卖盘
367,09:48:18,22.09,304965,138,中性盘
368,09:48:21,22.08,35340,16,卖盘
369,09:48:24,22.08,156789,71,卖盘
370,09:48:27,22.09,1848374,837,买盘
371,09:48:30,22.08,6622,3,中性盘
372,09:48:33,22.07,81666,37,卖盘
373,09:48:36,22.06,174285,79,卖盘
374,09:48:39,22.06,189747,86,卖盘
375,09:48:42,22.06,44119,20,卖盘
376,09:48:45,22.05,66153,30,卖盘
377,09:48:48,22.05,736467,334,卖盘
378,09:48:51,22.05,121275,55,买盘
379,09:48:54,22.04,308659,140,卖盘
380,09:48:57,22.04,987631,448,卖盘
381,09:49:00,22.04,182945,83,买盘
382,09:49:03,22.04,167590,76,中性盘
383,09:49:06,22.04,79346,36,买盘
384,09:49:09,22.03,79341,36,卖盘
385,09:49:12,22.06,202843,92,买盘
386,09:49:15,22.08,476662,216,买盘
387,09:49:18,22.06,6618,3,卖盘
388,09:49:21,22.08,88308,40,买盘
389,09:49:24,22.09,30925,14,买盘
390,09:49:27,22.08,13248,6,卖盘
391,09:49:30,22.09,94969,43,买盘
392,09:49:33,22.07,203110,92,卖盘
393,09:49:36,22.07,41933,19,买盘
394,09:49:39,22.07,35316,16,买盘
395,09:49:42,22.07,81679,37,买盘
396,09:49:45,22.07,220698,100,卖盘
397,09:49:48,22.08,4416,2,中性盘
398,09:49:51,22.08,28703,13,买盘
399,09:49:54,22.08,39744,18,买盘
400,09:49:57,22.07,46350,21,卖盘
401,09:50:00,22.08,114815,52,买盘
402,09:50:03,22.08,68459,31,买盘
403,09:50:06,22.07,423842,192,卖盘
404,09:50:09,22.07,200833,91,买盘
405,09:50:12,22.06,134605,61,卖盘
406,09:50:15,22.06,11031,5,卖盘
407,09:50:18,22.07,8828,4,卖盘
408,09:50:21,22.08,41946,19,买盘
409,09:50:24,22.07,57372,26,买盘
410,09:50:27,22.07,37519,17,卖盘
411,09:50:30,22.08,28702,13,买盘
412,09:50:33,22.08,156731,71,卖盘
413,09:50:36,22.08,39743,18,买盘
414,09:50:39,22.08,86079,39,买盘
415,09:50:42,22.08,88292,40,买盘
416,09:50:45,22.07,150081,68,卖盘
417,09:50:48,22.07,15449,7,买盘
418,09:50:51,22.07,44137,20,买盘
419,09:50:54,22.07,127988,58,买盘
420,09:50:57,22.07,211868,96,卖盘
421,09:51:00,22.08,57385,26,买盘
422,09:51:03,22.08,286978,130,买盘
423,09:51:06,22.07,94932,43,卖盘
424,09:51:09,22.08,30899,14,买盘
425,09:51:12,22.07,99315,45,卖盘
426,09:51:15,22.07,6621,3,买盘
427,09:51:18,22.07,15454,7,卖盘
428,09:51:21,22.08,37536,17,买盘
429,09:51:24,22.08,28698,13,买盘
430,09:51:27,22.08,66237,30,买盘
431,09:51:30,22.08,24283,11,买盘
432,09:51:33,22.08,33115,15,买盘
433,09:51:36,22.07,77257,35,卖盘
434,09:51:39,22.07,83867,38,卖盘
435,09:51:42,22.08,203038,92,买盘
436,09:51:45,22.07,39732,18,卖盘
437,09:51:48,22.07,39738,18,卖盘
438,09:51:51,22.07,476712,216,卖盘
439,09:51:54,22.07,108143,49,买盘
440,09:51:57,22.07,502990,228,买盘
441,09:52:00,22.06,672889,305,卖盘
442,09:52:03,22.07,33094,15,买盘
443,09:52:06,22.07,260401,118,买盘
444,09:52:09,22.09,1200318,544,买盘
445,09:52:12,22.11,2059828,932,买盘
446,09:52:15,22.1,68546,31,卖盘
447,09:52:18,22.11,24317,11,买盘
448,09:52:21,22.11,128291,58,卖盘
449,09:52:24,22.13,338477,153,买盘
450,09:52:27,22.13,95159,43,买盘
451,09:52:30,22.13,24343,11,买盘
452,09:52:33,22.14,139480,63,买盘
453,09:52:36,22.13,194748,88,卖盘
454,09:52:39,22.14,95189,43,中性盘
455,09:52:42,22.13,183694,83,中性盘
456,09:52:45,22.12,157017,71,卖盘
457,09:52:48,22.11,79598,36,中性盘
458,09:52:51,22.12,212352,96,买盘
459,09:52:54,22.11,66359,30,中性盘
460,09:52:57,22.12,515334,233,买盘
461,09:53:00,22.12,42028,19,买盘
462,09:53:03,22.11,81833,37,卖盘
463,09:53:06,22.12,183521,83,买盘
464,09:53:09,22.11,553301,250,买盘
465,09:53:12,22.11,24330,11,卖盘
466,09:53:15,22.11,265294,120,卖盘
467,09:53:18,22.12,28756,13,买盘
468,09:53:21,22.12,371624,168,卖盘
469,09:53:24,22.12,588416,266,卖盘
470,09:53:27,22.12,234472,106,买盘
471,09:53:30,22.12,179167,81,买盘
472,09:53:33,22.12,103959,47,买盘
473,09:53:36,22.12,243318,110,买盘
474,09:53:39,22.12,103964,47,买盘
475,09:53:42,22.12,134932,61,买盘
476,09:53:45,22.12,145973,66,买盘
477,09:53:48,22.12,128291,58,买盘
478,09:53:51,22.12,15484,7,买盘
479,09:53:54,22.11,386995,175,卖盘
480,09:53:57,22.12,225588,102,卖盘
481,09:54:00,22.12,382567,173,买盘
482,09:54:03,22.11,360238,163,买盘
483,09:54:06,22.11,185674,84,买盘
484,09:54:09,22.11,15473,7,买盘
485,09:54:12,22.11,145909,66,买盘
486,09:54:15,22.11,289576,131,卖盘
487,09:54:18,22.11,15476,7,买盘
488,09:54:21,22.11,92860,42,买盘
489,09:54:24,22.11,17687,8,买盘
490,09:54:27,22.1,170170,77,卖盘
491,09:54:30,22.1,15470,7,买盘
492,09:54:33,22.1,134797,61,买盘
493,09:54:36,22.1,68490,31,买盘
494,09:54:39,22.1,83977,38,买盘
495,09:54:45,22.1,24309,11,买盘
496,09:54:48,22.1,234260,106,买盘
497,09:54:51,22.1,22100,10,卖盘
498,09:54:54,22.1,128220,58,卖盘
499,09:54:57,22.11,57485,26,买盘
500,09:55:00,22.12,26534,12,买盘
501,09:55:03,22.11,192361,87,卖盘
502,09:55:06,22.12,137144,62,买盘
503,09:55:09,22.09,989881,448,卖盘
504,09:55:12,22.1,342677,155,买盘
505,09:55:15,22.09,8839,4,卖盘
506,09:55:18,22.09,229817,104,卖盘
507,09:55:21,22.08,256134,116,卖盘
508,09:55:24,22.07,121482,55,卖盘
509,09:55:27,22.07,35317,16,卖盘
510,09:55:30,22.07,50771,23,卖盘
511,09:55:33,22.07,558260,253,买盘
512,09:55:36,22.07,39724,18,买盘
513,09:55:39,22.07,143444,65,买盘
514,09:55:42,22.06,194180,88,卖盘
515,09:55:45,22.06,52954,24,卖盘
516,09:55:48,22.07,258174,117,买盘
517,09:55:51,22.05,330783,150,卖盘
518,09:55:54,22.07,414545,188,买盘
519,09:55:57,22.08,169769,77,买盘
520,09:56:00,22.06,138923,63,中性盘
521,09:56:03,22.05,50727,23,卖盘
522,09:56:06,22.04,68334,31,卖盘
523,09:56:09,22.05,2205,1,中性盘
524,09:56:12,22.04,231458,105,卖盘
525,09:56:15,22.04,218210,99,卖盘
526,09:56:18,22.03,233540,106,卖盘
527,09:56:21,22.03,4406,2,卖盘
528,09:56:24,22.03,33048,15,卖盘
529,09:56:27,22.03,202703,92,卖盘
530,09:56:30,22.04,147614,67,中性盘
531,09:56:33,22.03,121173,55,卖盘
532,09:56:36,22.03,136598,62,卖盘
533,09:56:39,22.03,22030,10,卖盘
534,09:56:42,22.02,61656,28,卖盘
535,09:56:45,22.02,68262,31,卖盘
536,09:56:48,22.02,354525,161,卖盘
537,09:56:51,22.02,88063,40,买盘
538,09:56:54,22.01,127712,58,卖盘
539,09:56:57,22.01,19809,9,卖盘
540,09:57:00,22.02,200339,91,买盘
541,09:57:03,22.01,766306,348,卖盘
542,09:57:06,22.02,248739,113,中性盘
543,09:57:09,22.02,112306,51,卖盘
544,09:57:12,22.01,17611,8,卖盘
545,09:57:15,22.02,112284,51,买盘
546,09:57:18,22.02,96872,44,买盘
547,09:57:21,22.01,85840,39,卖盘
548,09:57:24,22.01,22010,10,卖盘
549,09:57:27,22.01,537031,244,卖盘
550,09:57:30,22.02,13208,6,买盘
551,09:57:33,22.01,110038,50,卖盘
552,09:57:36,22.01,50623,23,卖盘
553,09:57:39,22.02,48436,22,买盘
554,09:57:42,22.0,85816,39,卖盘
555,09:57:45,22.0,72626,33,卖盘
556,09:57:48,22.02,290404,132,买盘
557,09:57:51,22.0,682005,310,卖盘
558,09:57:54,22.01,204621,93,中性盘
559,09:57:57,22.0,398205,181,卖盘
560,09:58:00,22.01,96808,44,买盘
561,09:58:03,22.0,156220,71,卖盘
562,09:58:06,22.0,92383,42,买盘
563,09:58:09,22.01,103419,47,买盘
564,09:58:12,22.01,30813,14,卖盘
565,09:58:15,22.01,48422,22,卖盘
566,09:58:18,22.0,2200,1,卖盘
567,09:58:21,22.0,52800,24,卖盘
568,09:58:24,22.0,114403,52,卖盘
569,09:58:27,22.0,136400,62,卖盘
570,09:58:30,22.0,92382,42,买盘
571,09:58:33,21.99,52790,24,卖盘
572,09:58:36,21.99,301335,137,卖盘
573,09:58:39,22.0,13200,6,买盘
574,09:58:42,22.0,182498,83,买盘
575,09:58:45,21.99,6597,3,买盘
576,09:58:48,21.99,30786,14,买盘
577,09:58:51,21.98,129722,59,卖盘
578,09:58:54,21.98,477051,217,卖盘
579,09:58:57,21.98,90135,41,卖盘
580,09:59:00,21.98,158266,72,买盘
581,09:59:03,22.0,158372,72,买盘
582,09:59:06,22.0,334379,152,买盘
583,09:59:09,21.99,191415,87,卖盘
584,09:59:12,22.01,178239,81,买盘
585,09:59:15,22.01,70411,32,买盘
586,09:59:18,22.02,11007,5,买盘
587,09:59:21,22.01,74834,34,卖盘
588,09:59:24,22.01,17608,8,买盘
589,09:59:27,22.01,165005,75,买盘
590,09:59:30,22.0,74812,34,卖盘
591,09:59:33,22.0,44000,20,卖盘
592,09:59:36,22.0,63800,29,买盘
593,09:59:39,22.0,241893,110,买盘
594,09:59:42,22.0,613800,279,卖盘
595,09:59:45,21.99,217795,99,卖盘
596,09:59:48,21.99,15393,7,卖盘
597,09:59:51,21.99,63774,29,买盘
598,09:59:54,21.99,169378,77,买盘
599,09:59:57,21.99,134109,61,买盘
600,10:00:00,21.98,138511,63,卖盘
601,10:00:03,21.98,164864,75,卖盘
602,10:00:06,21.99,217685,99,买盘
603,10:00:09,21.98,298902,136,卖盘
604,10:00:12,21.98,57137,26,买盘
605,10:00:15,21.97,35163,16,卖盘
606,10:00:18,21.98,248369,113,买盘
607,10:00:21,21.97,391112,178,卖盘
608,10:00:24,21.97,61525,28,卖盘
609,10:00:27,21.97,230695,105,卖盘
610,10:00:30,21.97,68106,31,买盘
611,10:00:33,21.97,114247,52,买盘
612,10:00:36,21.96,142782,65,卖盘
613,10:00:39,21.96,125244,57,卖盘
614,10:00:42,21.99,30768,14,买盘
615,10:00:45,21.98,81305,37,卖盘
616,10:00:48,21.98,265858,121,买盘
617,10:00:51,21.96,322948,147,卖盘
618,10:00:54,21.96,197650,90,卖盘
619,10:00:57,21.96,101016,46,卖盘
620,10:01:00,21.96,461211,210,卖盘
621,10:01:03,21.96,250457,114,买盘
622,10:01:06,21.96,164700,75,卖盘
623,10:01:09,21.96,28548,13,卖盘
624,10:01:12,21.96,96624,44,卖盘
625,10:01:15,21.96,74672,34,卖盘
626,10:01:18,21.97,180074,82,买盘
627,10:01:21,21.97,46146,21,买盘
628,10:01:24,21.97,41744,19,中性盘
629,10:01:27,21.97,136218,62,卖盘
630,10:01:30,21.97,68107,31,卖盘
631,10:01:33,21.97,114252,52,卖盘
632,10:01:36,21.96,263520,120,卖盘
633,10:01:39,21.96,68076,31,买盘
634,10:01:42,21.96,28548,13,买盘
635,10:01:45,21.96,243735,111,卖盘
636,10:01:48,21.96,28545,13,买盘
637,10:01:51,21.96,147110,67,买盘
638,10:01:54,21.96,166880,76,卖盘
639,10:01:57,21.95,92203,42,卖盘
640,10:02:00,21.96,59278,27,买盘
641,10:02:03,21.96,270038,123,买盘
642,10:02:06,21.96,70272,32,买盘
643,10:02:09,21.95,274425,125,卖盘
644,10:02:12,21.95,19756,9,卖盘
645,10:02:15,21.96,21951,10,买盘
646,10:02:18,21.95,144904,66,卖盘
647,10:02:21,21.95,15365,7,卖盘
648,10:02:24,21.96,59268,27,买盘
649,10:02:27,21.95,362182,165,卖盘
650,10:02:30,21.96,92202,42,买盘
651,10:02:33,21.95,153654,70,卖盘
652,10:02:36,21.95,111945,51,买盘
653,10:02:39,21.94,109710,50,卖盘
654,10:02:42,21.94,92150,42,卖盘
655,10:02:45,21.94,267698,122,卖盘
656,10:02:48,21.94,201849,92,卖盘
657,10:02:51,21.93,85529,39,卖盘
658,10:02:54,21.94,149125,68,买盘
659,10:02:57,21.94,151318,69,买盘
660,10:03:00,21.94,76757,35,买盘
661,10:03:03,21.94,412276,188,买盘
662,10:03:06,21.93,423437,193,卖盘
663,10:03:09,21.95,4389,2,买盘
664,10:03:12,21.96,2054243,936,买盘
665,10:03:15,21.94,96557,44,卖盘
666,10:03:18,21.94,10970,5,卖盘
667,10:03:21,21.95,142665,65,买盘
668,10:03:24,21.94,63646,29,卖盘
669,10:03:27,21.95,155788,71,买盘
670,10:03:30,21.96,2203683,1005,买盘
671,10:03:33,21.96,57075,26,买盘
672,10:03:36,21.95,4390,2,中性盘
673,10:03:39,21.94,94411,43,卖盘
674,10:03:42,21.96,228394,104,买盘
675,10:03:45,21.97,6591,3,买盘
676,10:03:48,21.97,70299,32,买盘
677,10:03:51,21.98,15380,7,买盘
678,10:03:54,21.97,59319,27,卖盘
679,10:03:57,21.97,63694,29,买盘
680,10:04:00,21.98,28570,13,买盘
681,10:04:03,21.97,195621,89,卖盘
682,10:04:06,21.98,21980,10,买盘
683,10:04:09,21.98,645742,294,买盘
684,10:04:12,21.96,118605,54,卖盘
685,10:04:15,21.96,24166,11,卖盘
686,10:04:18,21.97,26364,12,买盘
687,10:04:21,21.97,57109,26,买盘
688,10:04:24,21.97,37349,17,买盘
689,10:04:27,21.97,283414,129,买盘
690,10:04:30,21.97,19773,9,卖盘
691,10:04:33,21.97,39554,18,卖盘
692,10:04:36,21.97,57123,26,卖盘
693,10:04:39,21.97,2197,1,卖盘
694,10:04:42,21.97,21970,10,卖盘
695,10:04:48,21.97,92281,42,卖盘
696,10:04:51,21.97,204321,93,卖盘
697,10:04:57,21.97,76892,35,买盘
698,10:05:00,21.96,318403,145,卖盘
699,10:05:03,21.96,184499,84,买盘
700,10:05:06,21.96,175648,80,买盘
701,10:05:09,21.95,35124,16,卖盘
702,10:05:12,21.96,6590,3,中性盘
703,10:05:15,21.96,8784,4,买盘
704,10:05:18,21.96,15370,7,买盘
705,10:05:21,21.95,96591,44,卖盘
706,10:05:24,21.95,880195,401,卖盘
707,10:05:27,21.95,201940,92,买盘
708,10:05:30,21.94,37312,17,卖盘
709,10:05:33,21.94,85587,39,卖盘
710,10:05:36,21.94,89954,41,卖盘
711,10:05:39,21.94,30717,14,卖盘
712,10:05:42,21.94,76790,35,卖盘
713,10:05:45,21.94,78992,36,买盘
714,10:05:48,21.93,107459,49,卖盘
715,10:05:51,21.93,65790,30,卖盘
716,10:05:54,21.93,146931,67,卖盘
717,10:05:57,21.93,78948,36,买盘
718,10:06:00,21.93,87691,40,买盘
719,10:06:03,21.92,201675,92,卖盘
720,10:06:06,21.92,87674,40,买盘
721,10:06:09,21.92,56983,26,买盘
722,10:06:12,21.92,52611,24,卖盘
723,10:06:15,21.93,304691,139,买盘
724,10:06:18,21.91,613747,280,卖盘
725,10:06:21,21.92,265143,121,买盘
726,10:06:24,21.91,21916,10,卖盘
727,10:06:27,21.91,221370,101,卖盘
728,10:06:30,21.92,534834,244,买盘
729,10:06:33,21.91,293667,134,卖盘
730,10:06:36,21.91,197201,90,卖盘
731,10:06:39,21.91,43820,20,卖盘
732,10:06:42,21.91,113933,52,卖盘
733,10:06:45,21.91,138035,63,卖盘
734,10:06:48,21.91,747145,341,卖盘
735,10:06:51,21.91,241035,110,卖盘
736,10:06:54,21.91,181853,83,卖盘
737,10:06:57,21.92,293601,134,买盘
738,10:07:00,21.92,265115,121,买盘
739,10:07:03,21.91,155574,71,卖盘
740,10:07:06,21.92,153440,70,买盘
741,10:07:09,21.92,210696,96,买盘
742,10:07:12,21.92,30688,14,卖盘
743,10:07:15,21.92,30330,14,卖盘
744,10:07:18,21.91,166553,76,卖盘
745,10:07:21,21.92,24111,11,买盘
746,10:07:24,21.92,267746,122,买盘
747,10:07:27,21.93,26299,12,买盘
748,10:07:30,21.92,24089,11,中性盘
749,10:07:33,21.91,129321,59,卖盘
750,10:07:36,21.92,10961,5,买盘
751,10:07:39,21.92,56992,26,卖盘
752,10:07:42,21.91,74497,34,卖盘
753,10:07:45,21.92,39449,18,买盘
754,10:07:48,21.92,499769,228,买盘
755,10:07:51,21.92,37264,17,中性盘
756,10:07:57,21.93,83297,38,买盘
757,10:08:00,21.93,103048,47,买盘
758,10:08:03,21.93,61396,28,买盘
759,10:08:06,21.92,19733,9,卖盘
760,10:08:09,21.92,41662,19,卖盘
761,10:08:12,21.92,81104,37,卖盘
762,10:08:15,21.92,52626,24,卖盘
763,10:08:18,21.92,50435,23,卖盘
764,10:08:21,21.93,203901,93,买盘
765,10:08:24,21.92,282774,129,卖盘
766,10:08:27,21.92,15349,7,卖盘
767,10:08:30,21.92,70149,32,卖盘
768,10:08:33,21.91,249897,114,卖盘
769,10:08:36,21.92,175284,80,买盘
770,10:08:39,21.92,692358,316,买盘
771,10:08:42,21.91,32866,15,卖盘
772,10:08:45,21.91,72305,33,卖盘
773,10:08:48,21.91,102982,47,卖盘
774,10:08:51,21.91,348020,159,卖盘
775,10:08:54,21.91,15688,7,买盘
776,10:08:57,21.91,26290,12,卖盘
777,10:09:00,21.92,43822,20,买盘
778,10:09:03,21.92,425243,194,买盘
779,10:09:06,21.92,460210,210,买盘
780,10:09:09,21.92,730144,333,买盘
781,10:09:12,21.94,250071,114,买盘
782,10:09:15,21.95,81158,37,买盘
783,10:09:21,21.95,8780,4,买盘
784,10:09:24,21.95,76799,35,买盘
785,10:09:27,21.95,63655,29,卖盘
786,10:09:30,21.95,6586,3,卖盘
787,10:09:33,21.96,94428,43,买盘
788,10:09:36,21.96,21960,10,卖盘
789,10:09:39,21.96,19764,9,卖盘
790,10:09:42,21.97,10985,5,买盘
791,10:09:45,21.96,4392,2,卖盘
792,10:09:48,21.97,43930,20,买盘
793,10:09:51,21.96,72478,33,卖盘
794,10:09:54,21.97,2197,1,买盘
795,10:09:57,21.96,35147,16,卖盘
796,10:10:00,21.97,39536,18,买盘
797,10:10:03,21.97,397660,181,买盘
798,10:10:06,21.97,68107,31,卖盘
799,10:10:09,21.97,39551,18,卖盘
800,10:10:12,21.97,4394,2,卖盘
801,10:10:15,21.97,81315,37,卖盘
802,10:10:18,21.98,98902,45,买盘
803,10:10:21,21.97,136213,62,卖盘
804,10:10:24,21.97,28561,13,买盘
805,10:10:27,21.97,68127,31,卖盘
806,10:10:30,21.98,373566,170,买盘
807,10:10:33,21.98,160454,73,买盘
808,10:10:36,21.98,6594,3,中性盘
809,10:10:39,21.98,10990,5,买盘
810,10:10:42,21.98,24172,11,买盘
811,10:10:45,21.98,10986,5,买盘
812,10:10:48,21.98,4396,2,买盘
813,10:10:51,21.98,147313,67,卖盘
814,10:10:54,21.99,2199,1,买盘
815,10:11:00,21.99,24187,11,买盘
816,10:11:03,21.99,105552,48,买盘
817,10:11:06,21.98,41769,19,卖盘
818,10:11:09,21.99,19791,9,买盘
819,10:11:12,21.99,41799,19,卖盘
820,10:11:15,21.99,39585,18,卖盘
821,10:11:18,21.99,24189,11,卖盘
822,10:11:21,21.99,114350,52,卖盘
823,10:11:24,22.0,2200,1,买盘
824,10:11:27,21.99,26388,12,中性盘
825,10:11:30,21.99,134105,61,买盘
826,10:11:33,21.99,63763,29,买盘
827,10:11:36,21.99,32985,15,卖盘
828,10:11:39,22.0,4400,2,买盘
829,10:11:42,22.0,22000,10,买盘
830,10:11:45,22.0,26398,12,买盘
831,10:11:48,22.0,57200,26,买盘
832,10:11:51,21.99,87967,40,卖盘
833,10:11:57,21.99,87960,40,买盘
834,10:12:00,22.0,114344,52,买盘
835,10:12:03,21.99,13197,6,中性盘
836,10:12:06,21.98,6594,3,卖盘
837,10:12:09,21.99,39582,18,买盘
838,10:12:12,21.98,85749,39,卖盘
839,10:12:18,21.99,32975,15,买盘
840,10:12:21,21.99,202221,92,买盘
841,10:12:24,21.98,158265,72,卖盘
842,10:12:27,21.99,186884,85,买盘
843,10:12:30,21.99,85744,39,买盘
844,10:12:33,21.98,35174,16,卖盘
845,10:12:36,21.98,87956,40,卖盘
846,10:12:39,21.98,389048,177,卖盘
847,10:12:42,21.98,17589,8,卖盘
848,10:12:45,21.99,74761,34,买盘
849,10:12:48,21.99,8796,4,卖盘
850,10:12:51,21.99,6598,3,卖盘
851,10:12:54,21.99,37384,17,卖盘
852,10:12:57,21.99,4398,2,卖盘
853,10:13:00,22.0,30787,14,买盘
854,10:13:03,22.0,65996,30,买盘
855,10:13:06,22.0,4400,2,买盘
856,10:13:09,22.0,81368,37,买盘
857,10:13:12,22.0,13199,6,买盘
858,10:13:15,21.99,70387,32,卖盘
859,10:13:18,22.0,66000,30,买盘
860,10:13:21,21.99,8796,4,中性盘
861,10:13:24,21.98,94525,43,卖盘
862,10:13:27,22.0,6600,3,买盘
863,10:13:30,22.0,17600,8,买盘
864,10:13:33,22.0,576381,262,买盘
865,10:13:36,22.03,281924,128,买盘
866,10:13:39,22.01,35224,16,卖盘
867,10:13:42,22.04,37462,17,买盘
868,10:13:45,22.01,77041,35,卖盘
869,10:13:48,22.05,103578,47,买盘
870,10:13:51,22.03,8812,4,中性盘
871,10:13:54,22.05,167580,76,买盘
872,10:13:57,22.01,61639,28,卖盘
873,10:14:00,22.04,24251,11,中性盘
874,10:14:03,22.05,90402,41,买盘
875,10:14:06,22.05,35279,16,卖盘
876,10:14:09,22.06,59540,27,买盘
877,10:14:12,22.06,112486,51,卖盘
878,10:14:15,22.06,445782,202,买盘
879,10:14:18,22.08,41938,19,买盘
880,10:14:21,22.07,37514,17,中性盘
881,10:14:24,22.08,50778,23,买盘
882,10:14:27,22.07,24277,11,中性盘
883,10:14:30,22.09,309079,140,买盘
884,10:14:33,22.08,2208,1,中性盘
885,10:14:36,22.08,22089,10,卖盘
886,10:14:39,22.09,936980,424,买盘
887,10:14:42,22.09,13249,6,买盘
888,10:14:45,22.08,68448,31,卖盘
889,10:14:48,22.1,145775,66,买盘
890,10:14:51,22.08,17664,8,买盘
891,10:14:54,22.08,19872,9,买盘
892,10:14:57,22.07,37521,17,卖盘
893,10:15:00,22.08,13248,6,买盘
894,10:15:03,22.07,55199,25,卖盘
895,10:15:06,22.08,24288,11,卖盘
896,10:15:09,22.07,26491,12,卖盘
897,10:15:12,22.08,8832,4,中性盘
898,10:15:15,22.09,150177,68,买盘
899,10:15:18,22.1,6628,3,买盘
900,10:15:21,22.1,4420,2,买盘
901,10:15:24,22.09,11045,5,卖盘
902,10:15:27,22.09,44190,20,卖盘
903,10:15:30,22.1,280458,127,买盘
904,10:15:33,22.09,88371,40,中性盘
905,10:15:36,22.09,4418,2,买盘
906,10:15:39,22.09,2209,1,买盘
907,10:15:42,22.09,39762,18,买盘
908,10:15:45,22.1,6629,3,买盘
909,10:15:51,22.1,13255,6,买盘
910,10:15:54,22.1,225409,102,买盘
911,10:15:57,22.1,28724,13,买盘
912,10:16:00,22.1,64070,29,买盘
913,10:16:03,22.1,853057,386,买盘
914,10:16:06,22.1,95030,43,卖盘
915,10:16:09,22.11,24316,11,买盘
916,10:16:12,22.11,99455,45,买盘
917,10:16:15,22.11,526079,238,买盘
918,10:16:18,22.11,340483,154,买盘
919,10:16:21,22.11,55275,25,买盘
920,10:16:24,22.1,161401,73,卖盘
921,10:16:27,22.1,22106,10,卖盘
922,10:16:30,22.11,119367,54,买盘
923,10:16:33,22.1,598875,271,卖盘
924,10:16:36,22.1,90610,41,买盘
925,10:16:39,22.09,33134,15,卖盘
926,10:16:42,22.08,108204,49,卖盘
927,10:16:45,22.08,1035548,469,卖盘
928,10:16:48,22.08,33120,15,卖盘
929,10:16:51,22.08,147903,67,买盘
930,10:16:54,22.08,26491,12,买盘
931,10:16:57,22.06,90508,41,卖盘
932,10:17:00,22.08,121396,55,买盘
933,10:17:03,22.08,238435,108,买盘
934,10:17:06,22.09,4417,2,买盘
935,10:17:09,22.08,6624,3,卖盘
936,10:17:12,22.08,79488,36,卖盘
937,10:17:15,22.08,6624,3,买盘
938,10:17:18,22.08,26496,12,买盘
939,10:17:21,22.08,77261,35,买盘
940,10:17:24,22.07,260491,118,卖盘
941,10:17:27,22.07,81659,37,卖盘
942,10:17:30,22.07,4414,2,中性盘
943,10:17:33,22.07,256100,116,买盘
944,10:17:36,22.08,165578,75,买盘
945,10:17:39,22.09,211995,96,买盘
946,10:17:42,22.09,39751,18,买盘
947,10:17:45,22.08,81732,37,中性盘
948,10:17:48,22.08,22080,10,卖盘
949,10:17:51,22.06,28692,13,卖盘
950,10:17:54,22.07,22070,10,中性盘
951,10:17:57,22.08,26496,12,中性盘
952,10:18:00,22.08,11037,5,买盘
953,10:18:03,22.09,33128,15,买盘
954,10:18:06,22.09,33123,15,买盘
955,10:18:09,22.09,536836,243,买盘
956,10:18:12,22.1,245297,111,买盘
957,10:18:15,22.1,22099,10,买盘
958,10:18:18,22.1,548080,248,买盘
959,10:18:21,22.1,15469,7,买盘
960,10:18:24,22.09,110450,50,卖盘
961,10:18:27,22.09,26518,12,卖盘
962,10:18:30,22.1,22099,10,买盘
963,10:18:33,22.09,150222,68,卖盘
964,10:18:36,22.1,53039,24,买盘
965,10:18:39,22.09,70688,32,卖盘
966,10:18:42,22.08,83935,38,卖盘
967,10:18:45,22.09,13254,6,买盘
968,10:18:48,22.09,77315,35,买盘
969,10:18:51,22.09,6627,3,买盘
970,10:18:57,22.09,72897,33,买盘
971,10:19:00,22.08,94964,43,卖盘
972,10:19:03,22.08,13253,6,卖盘
973,10:19:06,22.08,46369,21,卖盘
974,10:19:09,22.09,11045,5,买盘
975,10:19:15,22.09,2209,1,买盘
976,10:19:18,22.08,46368,21,卖盘
977,10:19:27,22.09,28705,13,买盘
978,10:19:30,22.08,156686,71,中性盘
979,10:19:33,22.08,8832,4,买盘
980,10:19:36,22.07,11031,5,买盘
981,10:19:39,22.06,44120,20,卖盘
982,10:19:42,22.06,101476,46,卖盘
983,10:19:45,22.06,48532,22,卖盘
984,10:19:48,22.07,4414,2,买盘
985,10:19:51,22.07,52964,24,买盘
986,10:19:54,22.07,2207,1,买盘
987,10:19:57,22.03,191744,87,卖盘
988,10:20:03,22.04,15446,7,卖盘
989,10:20:06,22.04,70536,32,卖盘
990,10:20:09,22.06,134446,61,买盘
991,10:20:12,22.03,116777,53,卖盘
992,10:20:15,22.03,11015,5,买盘
993,10:20:21,22.04,11020,5,卖盘
994,10:20:24,22.04,8816,4,卖盘
995,10:20:30,22.04,50692,23,卖盘
996,10:20:33,22.06,17644,8,买盘
997,10:20:39,22.04,30866,14,卖盘
998,10:20:42,22.04,152210,69,卖盘
999,10:20:45,22.05,2205,1,买盘
1000,10:20:48,22.04,249058,113,卖盘
1001,10:20:51,22.06,108015,49,买盘
1002,10:20:57,22.06,11030,5,买盘
1003,10:21:00,22.06,145596,66,买盘
1004,10:21:03,22.06,8824,4,卖盘
1005,10:21:06,22.06,158868,72,卖盘
1006,10:21:09,22.08,644467,292,买盘
1007,10:21:12,22.06,300234,136,卖盘
1008,10:21:15,22.07,22080,10,中性盘
1009,10:21:18,22.06,22066,10,卖盘
1010,10:21:21,22.07,11035,5,中性盘
1011,10:21:24,22.06,79434,36,卖盘
1012,10:21:27,22.05,19845,9,卖盘
1013,10:21:30,22.04,15429,7,卖盘
1014,10:21:33,22.04,48494,22,卖盘
1015,10:21:36,22.04,46284,21,卖盘
1016,10:21:39,22.05,211669,96,买盘
1017,10:21:42,22.05,28662,13,买盘
1018,10:21:45,22.04,66135,30,卖盘
1019,10:21:51,22.05,11025,5,买盘
1020,10:21:54,22.05,44085,20,买盘
1021,10:21:57,22.06,63937,29,买盘
1022,10:22:00,22.05,116877,53,卖盘
1023,10:22:03,22.05,44106,20,卖盘
1024,10:22:06,22.05,8820,4,卖盘
1025,10:22:09,22.06,4412,2,买盘
1026,10:22:15,22.05,79380,36,卖盘
1027,10:22:18,22.05,13230,6,买盘
1028,10:22:21,22.04,2204,1,卖盘
1029,10:22:24,22.04,50706,23,卖盘
1030,10:22:27,22.04,264480,120,卖盘
1031,10:22:30,22.05,19838,9,买盘
1032,10:22:33,22.05,74953,34,买盘
1033,10:22:39,22.04,121250,55,卖盘
1034,10:22:42,22.04,143270,65,卖盘
1035,10:22:45,22.04,4408,2,卖盘
1036,10:22:48,22.04,105792,48,卖盘
1037,10:22:51,22.04,74936,34,卖盘
1038,10:22:54,22.04,370273,168,卖盘
1039,10:22:57,22.04,61712,28,卖盘
1040,10:23:00,22.04,204969,93,买盘
1041,10:23:03,22.03,94733,43,卖盘
1042,10:23:06,22.04,337179,153,买盘
1043,10:23:09,22.06,368239,167,买盘
1044,10:23:12,22.04,88177,40,卖盘
1045,10:23:15,22.06,15440,7,买盘
1046,10:23:18,22.05,2205,1,中性盘
1047,10:23:21,22.04,4408,2,卖盘
1048,10:23:24,22.04,13228,6,卖盘
1049,10:23:27,22.05,19837,9,买盘
1050,10:23:30,22.03,15424,7,卖盘
1051,10:23:33,22.04,24244,11,买盘
1052,10:23:36,22.05,28664,13,买盘
1053,10:23:42,22.03,41872,19,卖盘
1054,10:23:45,22.03,41870,19,卖盘
1055,10:23:48,22.04,116812,53,买盘
1056,10:23:51,22.04,50695,23,卖盘
1057,10:23:54,22.04,63916,29,卖盘
1058,10:23:57,22.05,4410,2,买盘
1059,10:24:00,22.05,28655,13,买盘
1060,10:24:03,22.1,2664529,1206,买盘
1061,10:24:06,22.1,57460,26,卖盘
1062,10:24:09,22.1,64113,29,卖盘
1063,10:24:12,22.06,92674,42,卖盘
1064,10:24:18,22.1,88393,40,买盘
1065,10:24:24,22.09,11045,5,卖盘
1066,10:24:27,22.09,2209,1,卖盘
1067,10:24:30,22.09,95002,43,买盘
1068,10:24:33,22.09,13259,6,卖盘
1069,10:24:36,22.1,26520,12,买盘
1070,10:24:39,22.1,39770,18,买盘
1071,10:24:42,22.1,103869,47,买盘
1072,10:24:45,22.1,77348,35,买盘
1073,10:24:48,22.1,274040,124,买盘
1074,10:24:51,22.1,238774,108,卖盘
1075,10:24:54,22.11,42006,19,买盘
1076,10:24:57,22.11,17686,8,买盘
1077,10:25:00,22.11,26532,12,买盘
1078,10:25:03,22.1,48637,22,卖盘
1079,10:25:06,22.1,39791,18,卖盘
1080,10:25:09,22.1,66300,30,卖盘
1081,10:25:15,22.1,46410,21,卖盘
1082,10:25:18,22.11,39785,18,买盘
1083,10:25:21,22.11,181302,82,买盘
1084,10:25:24,22.1,738473,334,卖盘
1085,10:25:27,22.11,11055,5,中性盘
1086,10:25:30,22.1,64104,29,卖盘
1087,10:25:33,22.11,26532,12,买盘
1088,10:25:36,22.1,433160,196,卖盘
1089,10:25:39,22.1,66291,30,买盘
1090,10:25:42,22.09,4418,2,中性盘
1091,10:25:45,22.09,110450,50,买盘
1092,10:25:48,22.09,128122,58,买盘
1093,10:25:51,22.09,46389,21,卖盘
1094,10:25:54,22.09,203228,92,卖盘
1095,10:25:57,22.09,13254,6,买盘
1096,10:26:00,22.09,4418,2,买盘
1097,10:26:03,22.09,11045,5,买盘
1098,10:26:06,22.08,13248,6,卖盘
1099,10:26:09,22.08,46368,21,卖盘
1100,10:26:12,22.08,214257,97,卖盘
1101,10:26:15,22.09,30926,14,买盘
1102,10:26:18,22.08,24288,11,卖盘
1103,10:26:21,22.08,17666,8,卖盘
1104,10:26:24,22.09,17672,8,买盘
1105,10:26:30,22.09,4418,2,买盘
1106,10:26:33,22.08,159044,72,卖盘
1107,10:26:36,22.08,4416,2,卖盘
1108,10:26:39,22.08,125903,57,卖盘
1109,10:26:42,22.08,68456,31,卖盘
1110,10:26:45,22.08,19872,9,卖盘
1111,10:26:48,22.08,33125,15,卖盘
1112,10:26:51,22.08,59616,27,卖盘
1113,10:26:54,22.09,26504,12,买盘
1114,10:26:57,22.08,88325,40,卖盘
1115,10:27:00,22.08,209824,95,买盘
1116,10:27:03,22.04,901983,409,卖盘
1117,10:27:06,22.09,4418,2,中性盘
1118,10:27:09,22.09,11045,5,卖盘
1119,10:27:12,22.09,13254,6,卖盘
1120,10:27:15,22.08,13248,6,卖盘
1121,10:27:18,22.08,108221,49,卖盘
1122,10:27:21,22.08,19872,9,卖盘
1123,10:27:24,22.07,11039,5,卖盘
1124,10:27:27,22.08,22075,10,买盘
1125,10:27:30,22.09,4418,2,买盘
1126,10:27:33,22.09,6627,3,买盘
1127,10:27:36,22.08,11040,5,卖盘
1128,10:27:39,22.08,276000,125,卖盘
1129,10:27:42,22.07,324428,147,买盘
1130,10:27:45,22.08,26505,12,中性盘
1131,10:27:48,22.07,22070,10,卖盘
1132,10:27:54,22.08,101565,46,买盘
1133,10:27:57,22.07,94901,43,卖盘
1134,10:28:00,22.08,41952,19,买盘
1135,10:28:03,22.08,187717,85,买盘
1136,10:28:09,22.08,57408,26,买盘
1137,10:28:12,22.08,17664,8,买盘
1138,10:28:15,22.08,15458,7,卖盘
1139,10:28:18,22.09,13251,6,买盘
1140,10:28:21,22.09,4418,2,买盘
1141,10:28:24,22.09,6626,3,买盘
1142,10:28:27,22.09,6627,3,买盘
1143,10:28:30,22.09,68452,31,买盘
1144,10:28:33,22.08,117065,53,卖盘
1145,10:28:36,22.09,83922,38,买盘
1146,10:28:39,22.08,6625,3,卖盘
1147,10:28:42,22.09,72892,33,买盘
1148,10:28:45,22.09,11045,5,买盘
1149,10:28:51,22.08,17670,8,卖盘
1150,10:28:54,22.09,22090,10,买盘
1151,10:28:57,22.08,50784,23,卖盘
1152,10:29:00,22.08,11040,5,卖盘
1153,10:29:03,22.08,605165,274,卖盘
1154,10:29:06,22.08,64032,29,卖盘
1155,10:29:09,22.08,145759,66,卖盘
1156,10:29:12,22.08,41952,19,卖盘
1157,10:29:15,22.08,15456,7,买盘
1158,10:29:24,22.08,79475,36,买盘
1159,10:29:30,22.08,97152,44,买盘
1160,10:29:33,22.08,2208,1,卖盘
1161,10:29:45,22.09,22090,10,买盘
1162,10:29:48,22.09,35344,16,买盘
1163,10:29:51,22.09,26508,12,买盘
1164,10:29:54,22.09,287116,130,买盘
1165,10:29:57,22.09,103804,47,买盘
1166,10:30:00,22.09,8836,4,买盘
1167,10:30:03,22.09,154669,70,买盘
1168,10:30:06,22.09,61852,28,卖盘
1169,10:30:12,22.09,8836,4,卖盘
1170,10:30:15,22.09,15463,7,卖盘
1171,10:30:18,22.09,99419,45,卖盘
1172,10:30:21,22.09,13254,6,卖盘
1173,10:30:24,22.1,35345,16,买盘
1174,10:30:27,22.1,11050,5,买盘
1175,10:30:30,22.1,26511,12,买盘
1176,10:30:33,22.1,8840,4,买盘
1177,10:30:36,22.1,6628,3,买盘
1178,10:30:39,22.09,46395,21,卖盘
1179,10:30:42,22.09,117110,53,卖盘
1180,10:30:45,22.09,110473,50,卖盘
1181,10:30:51,22.09,4418,2,卖盘
1182,10:30:54,22.09,13254,6,卖盘
1183,10:30:57,22.09,110462,50,卖盘
1184,10:31:00,22.09,53035,24,卖盘
1185,10:31:03,22.09,402165,182,卖盘
1186,10:31:09,22.09,17678,8,卖盘
1187,10:31:12,22.1,72926,33,买盘
1188,10:31:15,22.1,8840,4,买盘
1189,10:31:18,22.09,26508,12,卖盘
1190,10:31:21,22.09,22090,10,买盘
1191,10:31:24,22.09,2209,1,买盘
1192,10:31:27,22.09,55222,25,买盘
1193,10:31:30,22.09,15463,7,买盘
1194,10:31:33,22.08,236268,107,卖盘
1195,10:31:36,22.08,280516,127,卖盘
1196,10:31:39,22.1,22089,10,买盘
1197,10:31:45,22.09,4418,2,卖盘
1198,10:31:48,22.08,13252,6,卖盘
1199,10:31:51,22.09,30931,14,买盘
1200,10:31:57,22.09,99405,45,买盘
1201,10:32:00,22.09,2209,1,买盘
1202,10:32:03,22.09,88362,40,卖盘
1203,10:32:06,22.09,59643,27,卖盘
1204,10:32:09,22.09,22090,10,买盘
1205,10:32:12,22.08,2208,1,卖盘
1206,10:32:15,22.08,13253,6,卖盘
1207,10:32:18,22.09,48582,22,买盘
1208,10:32:21,22.08,379776,172,卖盘
1209,10:32:24,22.08,4416,2,卖盘
1210,10:32:30,22.08,6623,3,买盘
1211,10:32:33,22.08,30912,14,买盘
1212,10:32:36,22.07,2207,1,卖盘
1213,10:32:39,22.07,119178,54,卖盘
1214,10:32:42,22.08,249493,113,买盘
1215,10:32:45,22.08,156768,71,买盘
1216,10:32:48,22.08,83904,38,卖盘
1217,10:32:51,22.08,37536,17,卖盘
1218,10:33:00,22.09,2209,1,买盘
1219,10:33:03,22.08,19877,9,卖盘
1220,10:33:09,22.08,2208,1,卖盘
1221,10:33:12,22.09,181109,82,买盘
1222,10:33:15,22.08,17668,8,卖盘
1223,10:33:18,22.08,19872,9,卖盘
1224,10:33:21,22.08,220800,100,卖盘
1225,10:33:24,22.07,4414,2,卖盘
1226,10:33:27,22.09,541155,245,买盘
1227,10:33:30,22.09,44180,20,卖盘
1228,10:33:33,22.09,88365,40,卖盘
1229,10:33:36,22.09,64061,29,卖盘
1230,10:33:39,22.09,4418,2,卖盘
1231,10:33:42,22.1,6630,3,买盘
1232,10:33:45,22.09,2209,1,卖盘
1233,10:33:48,22.1,192207,87,买盘
1234,10:33:51,22.1,44200,20,买盘
1235,10:33:54,22.09,15458,7,中性盘
1236,10:33:57,22.09,2209,1,卖盘
1237,10:34:00,22.1,227630,103,买盘
1238,10:34:03,22.09,41973,19,中性盘
1239,10:34:06,22.1,112710,51,买盘
1240,10:34:09,22.09,41971,19,卖盘
1241,10:34:12,22.09,46394,21,卖盘
1242,10:34:15,22.1,64070,29,买盘
1243,10:34:18,22.1,22100,10,买盘
1244,10:34:21,22.1,6630,3,买盘
1245,10:34:24,22.1,39767,18,买盘
1246,10:34:27,22.1,22100,10,买盘
1247,10:34:30,22.09,207646,94,卖盘
1248,10:34:33,22.09,291588,132,买盘
1249,10:34:36,22.08,8833,4,卖盘
1250,10:34:39,22.09,30926,14,买盘
1251,10:34:42,22.09,114868,52,买盘
1252,10:34:45,22.08,26496,12,卖盘
1253,10:34:48,22.09,33134,15,买盘
1254,10:34:51,22.09,33135,15,买盘
1255,10:34:54,22.09,2209,1,买盘
1256,10:34:57,22.09,22090,10,买盘
1257,10:35:00,22.08,70663,32,卖盘
1258,10:35:03,22.13,2978115,1347,买盘
1259,10:35:06,22.15,413987,187,买盘
1260,10:35:09,22.15,22150,10,买盘
1261,10:35:12,22.15,55374,25,买盘
1262,10:35:15,22.15,50945,23,买盘
1263,10:35:18,22.15,104085,47,买盘
1264,10:35:21,22.15,97460,44,买盘
1265,10:35:24,22.15,155050,70,买盘
1266,10:35:27,22.15,86380,39,买盘
1267,10:35:30,22.15,325498,147,买盘
1268,10:35:33,22.15,50945,23,买盘
1269,10:35:36,22.15,6646,3,中性盘
1270,10:35:39,22.16,13296,6,买盘
1271,10:35:42,22.16,28807,13,买盘
1272,10:35:45,22.16,157336,71,买盘
1273,10:35:48,22.16,600554,271,中性盘
1274,10:35:51,22.16,471867,213,中性盘
1275,10:35:54,22.16,562400,254,买盘
1276,10:35:57,22.16,383476,173,买盘
1277,10:36:00,22.16,22158,10,买盘
1278,10:36:03,22.13,57554,26,卖盘
1279,10:36:06,22.16,42095,19,买盘
1280,10:36:09,22.14,24354,11,卖盘
1281,10:36:12,22.16,13294,6,买盘
1282,10:36:15,22.16,46528,21,买盘
1283,10:36:18,22.14,95203,43,卖盘
1284,10:36:21,22.15,57572,26,买盘
1285,10:36:27,22.14,88560,40,卖盘
1286,10:36:30,22.14,28782,13,买盘
1287,10:36:33,22.13,101799,46,卖盘
1288,10:36:39,22.14,110650,50,买盘
1289,10:36:48,22.14,13284,6,买盘
1290,10:36:51,22.13,141644,64,卖盘
1291,10:36:54,22.12,117308,53,卖盘
1292,10:36:57,22.13,48686,22,买盘
1293,10:37:00,22.14,66420,30,买盘
1294,10:37:03,22.14,35420,16,买盘
1295,10:37:06,22.14,33210,15,中性盘
1296,10:37:09,22.15,33221,15,买盘
1297,10:37:12,22.13,130646,59,卖盘
1298,10:37:15,22.13,13278,6,买盘
1299,10:37:18,22.13,42047,19,买盘
1300,10:37:21,22.13,208054,94,买盘
1301,10:37:24,22.13,347441,157,买盘
1302,10:37:30,22.14,28772,13,买盘
1303,10:37:33,22.15,17711,8,买盘
1304,10:37:36,22.14,4428,2,卖盘
1305,10:37:39,22.15,4430,2,买盘
1306,10:37:42,22.15,26580,12,买盘
1307,10:37:45,22.15,37651,17,买盘
1308,10:37:48,22.15,11075,5,买盘
1309,10:37:51,22.15,70880,32,买盘
1310,10:37:54,22.15,33225,15,买盘
1311,10:37:57,22.15,55375,25,买盘
1312,10:38:00,22.15,245761,111,买盘
1313,10:38:03,22.14,146189,66,卖盘
1314,10:38:06,22.15,6645,3,买盘
1315,10:38:09,22.15,70880,32,买盘
1316,10:38:12,22.13,26561,12,卖盘
1317,10:38:15,22.14,22146,10,卖盘
1318,10:38:18,22.15,26578,12,买盘
1319,10:38:21,22.14,28794,13,卖盘
1320,10:38:30,22.14,64206,29,卖盘
1321,10:38:33,22.14,11070,5,买盘
1322,10:38:39,22.14,59778,27,买盘
1323,10:38:42,22.13,13278,6,卖盘
1324,10:38:45,22.14,13284,6,买盘
1325,10:38:48,22.14,2214,1,买盘
1326,10:38:51,22.14,11070,5,买盘
1327,10:38:54,22.13,106240,48,卖盘
1328,10:38:57,22.14,35424,16,买盘
1329,10:39:00,22.15,28784,13,买盘
1330,10:39:03,22.15,2215,1,买盘
1331,10:39:06,22.15,8860,4,买盘
1332,10:39:09,22.15,22150,10,买盘
1333,10:39:12,22.15,6645,3,买盘
1334,10:39:15,22.15,66449,30,买盘
1335,10:39:18,22.15,398597,180,卖盘
1336,10:39:21,22.13,6643,3,卖盘
1337,10:39:27,22.13,66410,30,卖盘
1338,10:39:30,22.14,84101,38,中性盘
1339,10:39:33,22.13,590814,267,卖盘
1340,10:39:36,22.13,70816,32,买盘
1341,10:39:39,22.12,4424,2,卖盘
1342,10:39:42,22.12,2212,1,卖盘
1343,10:39:45,22.12,148204,67,卖盘
1344,10:39:48,22.12,48664,22,买盘
1345,10:39:51,22.11,8844,4,卖盘
1346,10:39:54,22.11,64119,29,卖盘
1347,10:39:57,22.11,24321,11,卖盘
1348,10:40:00,22.11,2211,1,买盘
1349,10:40:03,22.11,11055,5,买盘
1350,10:40:09,22.1,159120,72,卖盘
1351,10:40:12,22.1,59670,27,卖盘
1352,10:40:15,22.1,70719,32,买盘
1353,10:40:18,22.09,68479,31,卖盘
1354,10:40:21,22.1,6628,3,买盘
1355,10:40:24,22.09,121545,55,卖盘
1356,10:40:30,22.1,114870,52,买盘
1357,10:40:33,22.1,2210,1,买盘
1358,10:40:36,22.1,22100,10,买盘
1359,10:40:42,22.09,48599,22,卖盘
1360,10:40:45,22.09,86151,39,卖盘
1361,10:40:48,22.08,2208,1,卖盘
1362,10:40:51,22.08,4416,2,卖盘
1363,10:40:54,22.08,88322,40,卖盘
1364,10:40:57,22.08,364331,165,卖盘
1365,10:41:00,22.08,494370,224,买盘
1366,10:41:03,22.07,136916,62,中性盘
1367,10:41:06,22.06,253691,115,卖盘
1368,10:41:09,22.06,105889,48,卖盘
1369,10:41:12,22.06,30886,14,卖盘
1370,10:41:15,22.06,4412,2,卖盘
1371,10:41:18,22.05,333008,151,卖盘
1372,10:41:21,22.06,6618,3,买盘
1373,10:41:24,22.05,35280,16,卖盘
1374,10:41:27,22.06,17647,8,买盘
1375,10:41:30,22.06,30874,14,买盘
1376,10:41:33,22.05,46316,21,卖盘
1377,10:41:36,22.05,222761,101,卖盘
1378,10:41:39,22.05,377118,171,卖盘
1379,10:41:42,22.05,39692,18,卖盘
1380,10:41:45,22.05,61760,28,买盘
1381,10:41:48,22.05,160918,73,买盘
1382,10:41:51,22.03,638904,290,卖盘
1383,10:41:54,22.04,11020,5,卖盘
1384,10:41:57,22.04,46297,21,卖盘
1385,10:42:00,22.05,209475,95,买盘
1386,10:42:03,22.04,2204,1,卖盘
1387,10:42:06,22.04,121187,55,买盘
1388,10:42:09,22.04,96965,44,买盘
1389,10:42:12,22.03,8812,4,卖盘
1390,10:42:15,22.03,220344,100,卖盘
1391,10:42:21,22.03,59465,27,买盘
1392,10:42:24,22.03,370104,168,买盘
1393,10:42:27,22.04,70516,32,买盘
1394,10:42:30,22.04,81513,37,买盘
1395,10:42:33,22.03,19829,9,卖盘
1396,10:42:36,22.04,167461,76,买盘
1397,10:42:39,22.04,2204,1,卖盘
1398,10:42:42,22.04,11020,5,卖盘
1399,10:42:45,22.04,13224,6,卖盘
1400,10:42:48,22.05,330603,150,买盘
1401,10:42:51,22.04,200564,91,卖盘
1402,10:42:54,22.04,422988,192,买盘
1403,10:42:57,22.03,24231,11,买盘
1404,10:43:00,22.03,99092,45,买盘
1405,10:43:03,22.03,66085,30,买盘
1406,10:43:06,22.02,308280,140,卖盘
1407,10:43:09,22.01,107892,49,卖盘
1408,10:43:12,22.01,8805,4,卖盘
1409,10:43:15,22.02,55048,25,买盘
1410,10:43:18,22.01,279547,127,卖盘
1411,10:43:21,22.03,4406,2,买盘
1412,10:43:24,22.03,184969,84,买盘
1413,10:43:27,22.03,30836,14,买盘
1414,10:43:30,22.02,66060,30,卖盘
1415,10:43:33,22.01,77069,35,卖盘
1416,10:43:36,22.02,22020,10,买盘
1417,10:43:39,22.02,13211,6,买盘
1418,10:43:42,22.02,94679,43,买盘
1419,10:43:45,22.02,226740,103,买盘
1420,10:43:48,22.02,103478,47,买盘
1421,10:43:51,22.02,41839,19,卖盘
1422,10:43:54,22.02,85883,39,买盘
1423,10:43:57,22.03,30830,14,买盘
1424,10:44:00,22.03,52850,24,买盘
1425,10:44:03,22.03,85893,39,买盘
1426,10:44:06,22.03,37446,17,买盘
1427,10:44:09,22.02,48444,22,卖盘
1428,10:44:12,22.03,46255,21,买盘
1429,10:44:15,22.03,213690,97,买盘
1430,10:44:18,22.03,90323,41,买盘
1431,10:44:21,22.03,176180,80,买盘
1432,10:44:24,22.03,656211,298,买盘
1433,10:44:27,22.02,129935,59,卖盘
1434,10:44:30,22.03,83680,38,买盘
1435,10:44:33,22.03,74891,34,买盘
1436,10:44:36,22.02,160790,73,卖盘
1437,10:44:39,22.02,607772,276,卖盘
1438,10:44:42,22.02,4404,2,买盘
1439,10:44:45,22.02,88080,40,买盘
1440,10:44:48,22.02,213594,97,买盘
1441,10:44:51,22.02,15414,7,买盘
1442,10:44:54,22.02,8808,4,卖盘
1443,10:45:00,22.03,50648,23,买盘
1444,10:45:06,22.03,74892,34,买盘
1445,10:45:09,22.03,11011,5,买盘
1446,10:45:12,22.04,44067,20,买盘
1447,10:45:15,22.02,4405,2,卖盘
1448,10:45:18,22.03,35248,16,中性盘
1449,10:45:21,22.04,44080,20,买盘
1450,10:45:30,22.04,6612,3,买盘
1451,10:45:33,22.03,297537,135,卖盘
1452,10:45:36,22.03,90359,41,卖盘
1453,10:45:39,22.03,8812,4,卖盘
1454,10:45:42,22.03,158628,72,卖盘
1455,10:45:45,22.04,37456,17,买盘
1456,10:45:48,22.03,123379,56,卖盘
1457,10:45:51,22.03,8812,4,卖盘
1458,10:45:54,22.04,52881,24,买盘
1459,10:45:57,22.03,191722,87,卖盘
1460,10:46:00,22.04,11020,5,买盘
1461,10:46:03,22.04,19833,9,买盘
1462,10:46:06,22.03,46263,21,卖盘
1463,10:46:09,22.04,13222,6,买盘
1464,10:46:12,22.04,22040,10,买盘
1465,10:46:15,22.04,33060,15,买盘
1466,10:46:18,22.04,158681,72,买盘
1467,10:46:27,22.05,4410,2,买盘
1468,10:46:30,22.05,4410,2,买盘
1469,10:46:33,22.04,11023,5,卖盘
1470,10:46:36,22.04,28652,13,卖盘
1471,10:46:39,22.05,44100,20,买盘
1472,10:46:42,22.04,79348,36,卖盘
1473,10:46:48,22.04,19839,9,卖盘
1474,10:46:54,22.05,52898,24,买盘
1475,10:47:00,22.05,28665,13,买盘
1476,10:47:03,22.05,13230,6,买盘
1477,10:47:09,22.05,11025,5,买盘
1478,10:47:12,22.05,116865,53,买盘
1479,10:47:15,22.05,48510,22,买盘
1480,10:47:21,22.06,6618,3,买盘
1481,10:47:27,22.05,70567,32,卖盘
1482,10:47:30,22.06,2206,1,买盘
1483,10:47:33,22.05,205066,93,卖盘
1484,10:47:36,22.06,28670,13,买盘
1485,10:47:39,22.06,88240,40,买盘
1486,10:47:42,22.05,4410,2,卖盘
1487,10:47:45,22.06,59557,27,买盘
1488,10:47:51,22.05,163165,74,卖盘
1489,10:47:54,22.05,26460,12,买盘
1490,10:47:57,22.04,487108,221,卖盘
1491,10:48:00,22.04,26438,12,买盘
1492,10:48:06,22.03,28639,13,卖盘
1493,10:48:09,22.03,44063,20,卖盘
1494,10:48:12,22.04,46283,21,买盘
1495,10:48:15,22.03,37461,17,卖盘
1496,10:48:18,22.03,17624,8,卖盘
1497,10:48:21,22.03,8813,4,卖盘
1498,10:48:24,22.03,50674,23,卖盘
1499,10:48:27,22.03,35253,16,卖盘
1500,10:48:30,22.04,37453,17,买盘
1501,10:48:33,22.03,414165,188,卖盘
1502,10:48:36,22.03,63887,29,买盘
1503,10:48:39,22.03,24233,11,卖盘
1504,10:48:42,22.02,129918,59,卖盘
1505,10:48:45,22.03,11015,5,买盘
1506,10:48:51,22.02,30828,14,卖盘
1507,10:48:54,22.02,156342,71,卖盘
1508,10:48:57,22.0,2086118,948,卖盘
1509,10:49:00,22.02,8811,4,中性盘
1510,10:49:03,22.01,6603,3,中性盘
1511,10:49:06,22.01,4402,2,卖盘
1512,10:49:09,22.0,448811,204,卖盘
1513,10:49:12,22.0,204600,93,买盘
1514,10:49:15,21.99,549750,250,卖盘
1515,10:49:18,21.99,13199,6,卖盘
1516,10:49:21,21.99,41786,19,卖盘
1517,10:49:24,21.99,151783,69,卖盘
1518,10:49:27,21.99,43983,20,卖盘
1519,10:49:30,22.0,52778,24,买盘
1520,10:49:33,21.99,204587,93,卖盘
1521,10:49:36,22.0,466396,212,买盘
1522,10:49:39,21.99,68182,31,卖盘
1523,10:49:42,21.99,4398,2,买盘
1524,10:49:45,21.99,32985,15,买盘
1525,10:49:48,21.99,17592,8,买盘
1526,10:49:51,21.99,2199,1,卖盘
1527,10:49:54,21.99,28587,13,卖盘
1528,10:49:57,21.99,182508,83,买盘
1529,10:50:00,21.99,4398,2,买盘
1530,10:50:03,22.01,4300982,1955,买盘
1531,10:50:06,22.03,52821,24,买盘
1532,10:50:09,22.03,46255,21,买盘
1533,10:50:12,22.03,33045,15,买盘
1534,10:50:15,22.03,11015,5,买盘
1535,10:50:18,22.03,4406,2,卖盘
1536,10:50:21,22.03,2203,1,卖盘
1537,10:50:24,22.04,101384,46,买盘
1538,10:50:27,22.04,11020,5,买盘
1539,10:50:30,22.05,68326,31,买盘
1540,10:50:33,22.05,11021,5,买盘
1541,10:50:36,22.05,28655,13,买盘
1542,10:50:39,22.05,11025,5,买盘
1543,10:50:42,22.04,4408,2,卖盘
1544,10:50:45,22.04,59513,27,卖盘
1545,10:50:48,22.04,13224,6,卖盘
1546,10:50:51,22.04,8816,4,卖盘
1547,10:50:54,22.04,2204,1,卖盘
1548,10:50:57,22.04,8816,4,卖盘
1549,10:51:00,22.04,19828,9,买盘
1550,10:51:03,22.04,253369,115,买盘
1551,10:51:06,22.04,180680,82,买盘
1552,10:51:12,22.04,2204,1,买盘
1553,10:51:15,22.04,11020,5,卖盘
1554,10:51:18,22.04,4408,2,卖盘
1555,10:51:21,22.04,108001,49,卖盘
1556,10:51:24,22.04,553405,251,卖盘
1557,10:51:30,22.05,4410,2,买盘
1558,10:51:33,22.05,22042,10,买盘
1559,10:51:36,22.04,6613,3,卖盘
1560,10:51:39,22.04,11020,5,卖盘
1561,10:51:42,22.05,130056,59,买盘
1562,10:51:45,22.04,101404,46,卖盘
1563,10:51:48,22.04,90382,41,卖盘
1564,10:51:54,22.04,4408,2,卖盘
1565,10:51:57,22.05,66150,30,买盘
1566,10:52:00,22.05,52918,24,买盘
1567,10:52:06,22.06,37502,17,买盘
1568,10:52:21,22.09,265059,120,买盘
1569,10:52:24,22.08,17664,8,卖盘
1570,10:52:27,22.1,669622,303,买盘
1571,10:52:30,22.11,19892,9,买盘
1572,10:52:33,22.08,28721,13,卖盘
1573,10:52:36,22.11,81807,37,买盘
1574,10:52:39,22.11,11059,5,卖盘
1575,10:52:42,22.08,391071,177,卖盘
1576,10:52:45,22.12,119418,54,买盘
1577,10:52:48,22.12,145992,66,卖盘
1578,10:52:54,22.11,117244,53,卖盘
1579,10:53:00,22.13,11063,5,买盘
1580,10:53:03,22.15,1306640,590,买盘
1581,10:53:06,22.15,4430,2,卖盘
1582,10:53:09,22.16,186144,84,买盘
1583,10:53:12,22.16,62040,28,买盘
1584,10:53:15,22.15,146237,66,卖盘
1585,10:53:21,22.14,11070,5,卖盘
1586,10:53:24,22.15,44300,20,买盘
1587,10:53:27,22.15,137329,62,买盘
1588,10:53:30,22.14,53136,24,中性盘
1589,10:53:33,22.14,646710,292,买盘
1590,10:53:36,22.14,44290,20,卖盘
1591,10:53:39,22.15,223706,101,买盘
1592,10:53:42,22.15,46515,21,卖盘
1593,10:53:45,22.17,221609,100,买盘
1594,10:53:48,22.17,15517,7,买盘
1595,10:53:51,22.17,166275,75,买盘
1596,10:53:54,22.19,805223,363,买盘
1597,10:53:57,22.2,1542841,695,买盘
1598,10:54:00,22.21,55502,25,买盘
1599,10:54:03,22.21,177662,80,买盘
1600,10:54:06,22.22,288850,130,买盘
1601,10:54:09,22.21,508455,229,卖盘
1602,10:54:12,22.21,128707,58,买盘
1603,10:54:15,22.18,135423,61,卖盘
1604,10:54:18,22.18,122057,55,卖盘
1605,10:54:21,22.19,310530,140,中性盘
1606,10:54:27,22.18,443600,200,中性盘
1607,10:54:30,22.19,101992,46,买盘
1608,10:54:33,22.17,17740,8,卖盘
1609,10:54:36,22.16,274907,124,卖盘
1610,10:54:39,22.17,24377,11,买盘
1611,10:54:42,22.15,35452,16,卖盘
1612,10:54:45,22.15,24374,11,卖盘
1613,10:54:48,22.15,121828,55,卖盘
1614,10:54:51,22.14,124009,56,卖盘
1615,10:54:54,22.15,15505,7,买盘
1616,10:54:57,22.13,55345,25,卖盘
1617,10:55:00,22.13,8852,4,卖盘
1618,10:55:03,22.13,61964,28,买盘
1619,10:55:06,22.12,68596,31,卖盘
1620,10:55:09,22.11,37587,17,卖盘
1621,10:55:12,22.11,64145,29,卖盘
1622,10:55:15,22.13,39851,18,中性盘
1623,10:55:18,22.13,81882,37,卖盘
1624,10:55:21,22.13,17704,8,卖盘
1625,10:55:24,22.13,263370,119,卖盘
1626,10:55:30,22.14,28772,13,买盘
1627,10:55:36,22.14,4428,2,卖盘
1628,10:55:39,22.15,121825,55,买盘
1629,10:55:42,22.16,11080,5,买盘
1630,10:55:45,22.15,6646,3,卖盘
1631,10:55:48,22.16,33240,15,买盘
1632,10:55:51,22.15,210425,95,卖盘
1633,10:55:54,22.16,15507,7,买盘
1634,10:55:57,22.12,356325,161,卖盘
1635,10:56:00,22.16,70882,32,买盘
1636,10:56:03,22.14,8856,4,卖盘
1637,10:56:06,22.15,232569,105,买盘
1638,10:56:09,22.14,13290,6,卖盘
1639,10:56:12,22.15,108512,49,买盘
1640,10:56:15,22.15,8860,4,中性盘
1641,10:56:18,22.14,84132,38,卖盘
1642,10:56:24,22.14,22140,10,买盘
1643,10:56:27,22.14,11070,5,买盘
1644,10:56:30,22.14,19926,9,买盘
1645,10:56:33,22.13,24347,11,卖盘
1646,10:56:36,22.12,35392,16,卖盘
1647,10:56:39,22.12,309802,140,卖盘
1648,10:56:45,22.12,37604,17,卖盘
1649,10:56:48,22.14,442793,200,买盘
1650,10:56:51,22.13,35408,16,买盘
1651,10:56:54,22.13,17704,8,买盘
1652,10:56:57,22.13,30982,14,卖盘
1653,10:57:00,22.14,4428,2,买盘
1654,10:57:03,22.12,989012,447,卖盘
1655,10:57:06,22.1,252021,114,卖盘
1656,10:57:09,22.13,110630,50,买盘
1657,10:57:12,22.1,22115,10,卖盘
1658,10:57:18,22.11,11055,5,卖盘
1659,10:57:21,22.11,2211,1,卖盘
1660,10:57:24,22.11,35376,16,卖盘
1661,10:57:27,22.11,145926,66,卖盘
1662,10:57:30,22.11,30954,14,买盘
1663,10:57:33,22.1,172381,78,卖盘
1664,10:57:36,22.1,17680,8,买盘
1665,10:57:39,22.1,15473,7,卖盘
1666,10:57:45,22.1,17680,8,卖盘
1667,10:57:51,22.1,110500,50,卖盘
1668,10:57:54,22.11,24320,11,买盘
1669,10:57:57,22.1,17680,8,卖盘
1670,10:58:00,22.1,15470,7,卖盘
1671,10:58:15,22.11,13266,6,买盘
1672,10:58:18,22.11,4422,2,买盘
1673,10:58:21,22.1,22100,10,卖盘
1674,10:58:27,22.11,4422,2,买盘
1675,10:58:30,22.11,2211,1,买盘
1676,10:58:36,22.1,33152,15,卖盘
1677,10:58:39,22.1,53059,24,卖盘
1678,10:58:45,22.1,145905,66,卖盘
1679,10:58:48,22.1,2210,1,卖盘
1680,10:58:51,22.11,6632,3,买盘
1681,10:58:54,22.1,8840,4,卖盘
1682,10:58:57,22.11,11055,5,买盘
1683,10:59:00,22.1,313820,142,卖盘
1684,10:59:03,22.11,254190,115,买盘
1685,10:59:15,22.1,6630,3,买盘
1686,10:59:21,22.11,19899,9,买盘
1687,10:59:33,22.1,106080,48,卖盘
1688,10:59:36,22.1,68510,31,卖盘
1689,10:59:39,22.1,19890,9,买盘
1690,10:59:54,22.09,22090,10,卖盘
1691,10:59:57,22.09,33135,15,卖盘
1692,11:00:00,22.1,148070,67,买盘
1693,11:00:06,22.1,13260,6,卖盘
1694,11:00:09,22.1,44200,20,卖盘
1695,11:00:12,22.1,6630,3,卖盘
1696,11:00:15,22.1,30940,14,卖盘
1697,11:00:21,22.11,4422,2,买盘
1698,11:00:33,22.09,203301,92,卖盘
1699,11:00:36,22.1,2210,1,中性盘
1700,11:00:48,22.1,35361,16,卖盘
1701,11:00:54,22.11,291841,132,买盘
1702,11:01:00,22.1,455382,206,卖盘
1703,11:01:03,22.11,81807,37,买盘
1704,11:01:06,22.11,33165,15,卖盘
1705,11:01:09,22.11,26532,12,卖盘
1706,11:01:12,22.11,22110,10,卖盘
1707,11:01:15,22.11,70767,32,卖盘
1708,11:01:18,22.12,11060,5,买盘
1709,11:01:21,22.12,13271,6,买盘
1710,11:01:24,22.12,148204,67,买盘
1711,11:01:27,22.11,103915,47,卖盘
1712,11:01:30,22.11,75160,34,买盘
1713,11:01:33,22.11,46431,21,买盘
1714,11:01:36,22.11,39798,18,买盘
1715,11:01:42,22.1,37578,17,卖盘
1716,11:01:45,22.11,2211,1,中性盘
1717,11:01:51,22.09,446360,202,卖盘
1718,11:01:57,22.1,30940,14,买盘
1719,11:02:00,22.09,30926,14,卖盘
1720,11:02:03,22.08,267262,121,卖盘
1721,11:02:06,22.08,17664,8,卖盘
1722,11:02:15,22.08,8832,4,卖盘
1723,11:02:18,22.09,55225,25,买盘
1724,11:02:21,22.08,132480,60,卖盘
1725,11:02:24,22.09,159048,72,买盘
1726,11:02:27,22.09,11045,5,卖盘
1727,11:02:30,22.09,2209,1,卖盘
1728,11:02:33,22.09,33135,15,卖盘
1729,11:02:42,22.09,24294,11,买盘
1730,11:02:48,22.09,64061,29,卖盘
1731,11:02:51,22.09,53016,24,卖盘
1732,11:02:54,22.09,8836,4,卖盘
1733,11:03:00,22.09,148053,67,卖盘
1734,11:03:03,22.08,136956,62,卖盘
1735,11:03:12,22.08,123670,56,卖盘
1736,11:03:15,22.11,419915,190,买盘
1737,11:03:18,22.11,42009,19,卖盘
1738,11:03:24,22.12,66360,30,买盘
1739,11:03:27,22.11,11055,5,卖盘
1740,11:03:30,22.12,22114,10,买盘
1741,11:03:33,22.12,183596,83,买盘
1742,11:03:39,22.13,26551,12,买盘
1743,11:03:42,22.12,2212,1,卖盘
1744,11:03:48,22.13,511565,231,买盘
1745,11:03:51,22.16,17716,8,买盘
1746,11:03:54,22.13,11065,5,中性盘
1747,11:04:00,22.15,15505,7,买盘
1748,11:04:03,22.15,166105,75,买盘
1749,11:04:06,22.15,15493,7,买盘
1750,11:04:09,22.15,152718,69,买盘
1751,11:04:12,22.15,380960,172,买盘
1752,11:04:15,22.14,8856,4,中性盘
1753,11:04:18,22.14,270108,122,买盘
1754,11:04:21,22.14,30996,14,买盘
1755,11:04:24,22.15,318898,144,买盘
1756,11:04:27,22.14,214687,97,卖盘
1757,11:04:30,22.15,449645,203,买盘
1758,11:04:33,22.15,66427,30,买盘
1759,11:04:36,22.14,8857,4,卖盘
1760,11:04:39,22.15,70880,32,买盘
1761,11:04:42,22.15,190490,86,卖盘
1762,11:04:45,22.15,11075,5,买盘
1763,11:04:51,22.15,6645,3,买盘
1764,11:04:54,22.15,68665,31,买盘
1765,11:05:00,22.15,203780,92,买盘
1766,11:05:03,22.15,79740,36,卖盘
1767,11:05:06,22.14,4428,2,卖盘
1768,11:05:09,22.14,11071,5,卖盘
1769,11:05:12,22.16,177214,80,买盘
1770,11:05:15,22.15,19935,9,卖盘
1771,11:05:21,22.15,168390,76,卖盘
1772,11:05:27,22.15,24365,11,卖盘
1773,11:05:30,22.15,230360,104,卖盘
1774,11:05:33,22.14,128417,58,卖盘
1775,11:05:36,22.14,59778,27,卖盘
1776,11:05:39,22.14,2214,1,卖盘
1777,11:05:42,22.14,17712,8,卖盘
1778,11:05:48,22.14,24364,11,卖盘
1779,11:05:51,22.14,95202,43,卖盘
1780,11:05:54,22.14,110700,50,买盘
1781,11:05:57,22.13,19918,9,卖盘
1782,11:06:00,22.12,542275,245,卖盘
1783,11:06:06,22.14,19915,9,买盘
1784,11:06:12,22.13,11065,5,卖盘
1785,11:06:15,22.14,8856,4,买盘
1786,11:06:21,22.14,24354,11,买盘
1787,11:06:27,22.14,33209,15,买盘
1788,11:06:30,22.14,39852,18,买盘
1789,11:06:33,22.14,8856,4,卖盘
1790,11:06:45,22.13,55325,25,卖盘
1791,11:06:48,22.14,33210,15,买盘
1792,11:06:51,22.13,55325,25,卖盘
1793,11:06:54,22.13,61964,28,买盘
1794,11:06:57,22.13,48686,22,买盘
1795,11:07:06,22.14,77490,35,买盘
1796,11:07:12,22.16,2366416,1068,买盘
1797,11:07:15,22.17,8868,4,买盘
1798,11:07:18,22.16,50968,23,买盘
1799,11:07:21,22.17,2217,1,买盘
1800,11:07:24,22.14,22144,10,卖盘
1801,11:07:27,22.15,155050,70,中性盘
1802,11:07:33,22.15,33235,15,中性盘
1803,11:07:42,22.15,31010,14,卖盘
1804,11:07:45,22.15,46515,21,卖盘
1805,11:07:48,22.16,367855,166,买盘
1806,11:07:54,22.16,50958,23,买盘
1807,11:08:03,22.16,70903,32,买盘
1808,11:08:06,22.15,544840,246,中性盘
1809,11:08:09,22.14,19932,9,中性盘
1810,11:08:12,22.15,24363,11,买盘
1811,11:08:15,22.15,188273,85,买盘
1812,11:08:18,22.16,288079,130,买盘
1813,11:08:21,22.14,28784,13,卖盘
1814,11:08:24,22.14,143915,65,卖盘
1815,11:08:27,22.15,26580,12,买盘
1816,11:08:30,22.15,2215,1,买盘
1817,11:08:33,22.14,64206,29,卖盘
1818,11:08:36,22.13,4426,2,卖盘
1819,11:08:39,22.13,4426,2,卖盘
1820,11:08:42,22.14,854495,386,买盘
1821,11:08:45,22.13,46456,21,买盘
1822,11:08:48,22.13,17704,8,买盘
1823,11:09:00,22.13,4426,2,买盘
1824,11:09:03,22.13,115076,52,买盘
1825,11:09:06,22.13,44260,20,买盘
1826,11:09:09,22.13,22130,10,买盘
1827,11:09:12,22.13,26534,12,买盘
1828,11:09:15,22.12,2212,1,卖盘
1829,11:09:21,22.12,13273,6,卖盘
1830,11:09:24,22.13,110650,50,买盘
1831,11:09:27,22.12,22120,10,卖盘
1832,11:09:36,22.12,2212,1,卖盘
1833,11:09:42,22.12,119448,54,卖盘
1834,11:09:45,22.13,146031,66,买盘
1835,11:09:54,22.11,35376,16,卖盘
1836,11:09:57,22.11,30966,14,卖盘
1837,11:10:00,22.11,6633,3,卖盘
1838,11:10:03,22.11,22110,10,卖盘
1839,11:10:06,22.11,81807,37,卖盘
1840,11:10:09,22.11,19899,9,中性盘
1841,11:10:21,22.1,44211,20,卖盘
1842,11:10:24,22.1,190060,86,卖盘
1843,11:10:27,22.09,130351,59,卖盘
1844,11:10:30,22.11,55245,25,买盘
1845,11:10:36,22.09,2209,1,卖盘
1846,11:10:39,22.09,22090,10,卖盘
1847,11:10:42,22.11,64111,29,买盘
1848,11:10:45,22.09,17677,8,卖盘
1849,11:10:48,22.09,41973,19,卖盘
1850,11:10:51,22.11,22110,10,买盘
1851,11:10:54,22.1,2210,1,卖盘
1852,11:11:00,22.09,4418,2,卖盘
1853,11:11:03,22.11,22110,10,买盘
1854,11:11:09,22.1,6630,3,买盘
1855,11:11:12,22.09,196614,89,卖盘
1856,11:11:15,22.09,4420,2,卖盘
1857,11:11:18,22.1,2210,1,卖盘
1858,11:11:24,22.11,2211,1,买盘
1859,11:11:27,22.11,110550,50,买盘
1860,11:11:33,22.1,4420,2,卖盘
1861,11:11:36,22.1,2210,1,卖盘
1862,11:11:45,22.1,11050,5,卖盘
1863,11:11:54,22.1,88400,40,卖盘
1864,11:11:57,22.09,83942,38,卖盘
1865,11:12:06,22.1,174590,79,买盘
1866,11:12:12,22.09,8836,4,卖盘
1867,11:12:15,22.09,2209,1,卖盘
1868,11:12:18,22.1,8840,4,卖盘
1869,11:12:21,22.1,41990,19,卖盘
1870,11:12:24,22.1,86192,39,卖盘
1871,11:12:30,22.1,28730,13,买盘
1872,11:12:33,22.1,22099,10,买盘
1873,11:12:36,22.1,192214,87,买盘
1874,11:12:42,22.1,4420,2,买盘
1875,11:12:51,22.1,46409,21,买盘
1876,11:12:57,22.1,37570,17,买盘
1877,11:13:03,22.09,2209,1,卖盘
1878,11:13:09,22.09,2209,1,卖盘
1879,11:13:12,22.1,13260,6,买盘
1880,11:13:15,22.09,35349,16,卖盘
1881,11:13:18,22.09,11045,5,卖盘
1882,11:13:24,22.09,17672,8,卖盘
1883,11:13:27,22.09,11045,5,卖盘
1884,11:13:30,22.09,11045,5,卖盘
1885,11:13:33,22.09,4418,2,卖盘
1886,11:13:36,22.09,19881,9,卖盘
1887,11:13:39,22.1,11050,5,买盘
1888,11:13:42,22.1,6630,3,买盘
1889,11:13:45,22.1,22099,10,买盘
1890,11:13:51,22.09,17672,8,卖盘
1891,11:13:54,22.1,101643,46,买盘
1892,11:13:57,22.1,44200,20,买盘
1893,11:14:03,22.09,2209,1,卖盘
1894,11:14:06,22.09,13254,6,卖盘
1895,11:14:09,22.09,8836,4,卖盘
1896,11:14:12,22.09,59649,27,卖盘
1897,11:14:15,22.09,68488,31,卖盘
1898,11:14:18,22.09,26508,12,卖盘
1899,11:14:21,22.1,28728,13,买盘
1900,11:14:30,22.09,198810,90,卖盘
1901,11:14:33,22.09,514898,233,卖盘
1902,11:14:36,22.09,112659,51,卖盘
1903,11:14:39,22.1,163508,74,买盘
1904,11:14:45,22.1,110500,50,卖盘
1905,11:14:48,22.1,6630,3,卖盘
1906,11:14:51,22.1,2210,1,卖盘
1907,11:14:57,22.1,15470,7,卖盘
1908,11:15:00,22.1,39780,18,买盘
1909,11:15:03,22.09,163502,74,卖盘
1910,11:15:09,22.09,44197,20,卖盘
1911,11:15:15,22.09,2209,1,卖盘
1912,11:15:24,22.1,2210,1,买盘
1913,11:15:30,22.09,79524,36,卖盘
1914,11:15:33,22.09,2209,1,卖盘
1915,11:15:36,22.1,30940,14,买盘
1916,11:15:42,22.1,28730,13,买盘
1917,11:15:45,22.1,2210,1,买盘
1918,11:15:51,22.09,2209,1,卖盘
1919,11:15:54,22.1,22100,10,买盘
1920,11:15:57,22.09,145844,66,卖盘
1921,11:16:03,22.09,94987,43,卖盘
1922,11:16:06,22.09,19881,9,卖盘
1923,11:16:09,22.09,26508,12,卖盘
1924,11:16:12,22.09,26508,12,卖盘
1925,11:16:15,22.09,55238,25,卖盘
1926,11:16:18,22.09,377739,171,卖盘
1927,11:16:21,22.1,97215,44,买盘
1928,11:16:24,22.08,24289,11,卖盘
1929,11:16:27,22.08,19879,9,卖盘
1930,11:16:30,22.09,4418,2,买盘
1931,11:16:33,22.09,4418,2,卖盘
1932,11:16:36,22.09,19881,9,卖盘
1933,11:16:39,22.09,106032,48,卖盘
1934,11:16:45,22.08,22080,10,卖盘
1935,11:16:51,22.08,48576,22,卖盘
1936,11:16:57,22.08,161184,73,卖盘
1937,11:17:00,22.08,258336,117,卖盘
1938,11:17:06,22.08,13248,6,卖盘
1939,11:17:09,22.08,64032,29,卖盘
1940,11:17:12,22.08,4416,2,卖盘
1941,11:17:15,22.09,11045,5,买盘
1942,11:17:18,22.09,4418,2,买盘
1943,11:17:21,22.08,11040,5,卖盘
1944,11:17:24,22.08,59616,27,卖盘
1945,11:17:27,22.09,11045,5,买盘
1946,11:17:30,22.08,22080,10,卖盘
1947,11:17:33,22.09,44165,20,买盘
1948,11:17:39,22.08,44160,20,卖盘
1949,11:17:42,22.09,46388,21,买盘
1950,11:17:45,22.09,66270,30,买盘
1951,11:17:51,22.08,4416,2,卖盘
1952,11:17:54,22.09,4418,2,买盘
1953,11:17:57,22.09,15463,7,买盘
1954,11:18:00,22.08,2208,1,卖盘
1955,11:18:03,22.08,17664,8,卖盘
1956,11:18:06,22.08,6624,3,卖盘
1957,11:18:09,22.04,1665666,755,卖盘
1958,11:18:12,22.04,544388,247,买盘
1959,11:18:15,22.03,63893,29,卖盘
1960,11:18:18,22.03,63887,29,卖盘
1961,11:18:21,22.03,24233,11,卖盘
1962,11:18:24,22.03,66110,30,卖盘
1963,11:18:30,22.03,46266,21,卖盘
1964,11:18:33,22.03,6609,3,卖盘
1965,11:18:36,22.04,17626,8,买盘
1966,11:18:39,22.04,83722,38,买盘
1967,11:18:42,22.03,72712,33,卖盘
1968,11:18:45,22.03,1181189,536,卖盘
1969,11:18:51,22.04,19836,9,卖盘
1970,11:18:54,22.04,26452,12,卖盘
1971,11:18:57,22.05,81585,37,中性盘
1972,11:19:00,22.08,125744,57,中性盘
1973,11:19:03,22.06,448390,203,卖盘
1974,11:19:12,22.06,2206,1,卖盘
1975,11:19:15,22.05,211707,96,卖盘
1976,11:19:18,22.08,8832,4,买盘
1977,11:19:27,22.06,105940,48,卖盘
1978,11:19:30,22.07,37551,17,卖盘
1979,11:19:33,22.09,44170,20,买盘
1980,11:19:39,22.09,59625,27,买盘
1981,11:19:42,22.06,6618,3,卖盘
1982,11:19:45,22.09,59569,27,买盘
1983,11:19:48,22.06,2206,1,卖盘
1984,11:19:51,22.07,13237,6,中性盘
1985,11:19:57,22.08,46367,21,买盘
1986,11:20:00,22.08,6624,3,买盘
1987,11:20:03,22.07,11035,5,卖盘
1988,11:20:06,22.07,2207,1,卖盘
1989,11:20:09,22.07,2207,1,卖盘
1990,11:20:12,22.08,2208,1,买盘
1991,11:20:15,22.07,105947,48,卖盘
1992,11:20:18,22.07,6621,3,买盘
1993,11:20:21,22.07,75038,34,买盘
1994,11:20:24,22.07,52952,24,卖盘
1995,11:20:33,22.07,44130,20,买盘
1996,11:20:36,22.07,410380,186,卖盘
1997,11:20:39,22.07,44138,20,买盘
1998,11:20:42,22.07,2207,1,卖盘
1999,11:20:45,22.07,22070,10,卖盘
2000,11:20:48,22.08,15455,7,买盘
2001,11:20:51,22.07,37519,17,卖盘
2002,11:21:00,22.07,11035,5,卖盘
2003,11:21:06,22.07,50771,23,卖盘
2004,11:21:09,22.08,6624,3,买盘
2005,11:21:12,22.07,24277,11,卖盘
2006,11:21:15,22.08,44160,20,买盘
2007,11:21:18,22.08,19872,9,买盘
2008,11:21:21,22.08,11040,5,买盘
2009,11:21:24,22.08,30899,14,买盘
2010,11:21:27,22.08,15456,7,买盘
2011,11:21:30,22.08,8832,4,买盘
2012,11:21:36,22.09,17669,8,买盘
2013,11:21:39,22.08,17664,8,卖盘
2014,11:21:42,22.08,2208,1,买盘
2015,11:21:48,22.08,28703,13,买盘
2016,11:21:51,22.08,30912,14,卖盘
2017,11:21:54,22.08,4416,2,卖盘
2018,11:21:57,22.08,2208,1,卖盘
2019,11:22:00,22.08,156768,71,卖盘
2020,11:22:06,22.08,2208,1,卖盘
2021,11:22:12,22.08,57408,26,卖盘
2022,11:22:15,22.08,6624,3,买盘
2023,11:22:18,22.08,4416,2,卖盘
2024,11:22:21,22.08,11040,5,卖盘
2025,11:22:27,22.07,101522,46,卖盘
2026,11:22:30,22.08,26496,12,买盘
2027,11:22:36,22.08,48558,22,买盘
2028,11:22:42,22.08,15451,7,买盘
2029,11:22:45,22.08,4416,2,买盘
2030,11:22:48,22.08,30912,14,卖盘
2031,11:22:51,22.08,15456,7,卖盘
2032,11:22:54,22.08,13248,6,卖盘
2033,11:22:57,22.08,19879,9,卖盘
2034,11:23:03,22.08,19872,9,卖盘
2035,11:23:06,22.08,2208,1,卖盘
2036,11:23:09,22.09,68478,31,买盘
2037,11:23:12,22.08,13248,6,卖盘
2038,11:23:15,22.08,22080,10,卖盘
2039,11:23:18,22.08,2208,1,卖盘
2040,11:23:21,22.08,6624,3,卖盘
2041,11:23:27,22.08,260644,118,卖盘
2042,11:23:30,22.08,229637,104,卖盘
2043,11:23:36,22.07,2207,1,卖盘
2044,11:23:39,22.08,11040,5,买盘
2045,11:23:42,22.08,48576,22,买盘
2046,11:23:45,22.08,13248,6,买盘
2047,11:23:48,22.07,11035,5,卖盘
2048,11:23:54,22.08,37520,17,买盘
2049,11:23:57,22.07,2207,1,卖盘
2050,11:24:00,22.08,22080,10,买盘
2051,11:24:03,22.08,11040,5,买盘
2052,11:24:06,22.07,11039,5,卖盘
2053,11:24:18,22.08,68447,31,买盘
2054,11:24:21,22.07,13242,6,卖盘
2055,11:24:27,22.08,37535,17,买盘
2056,11:24:36,22.08,50784,23,卖盘
2057,11:24:48,22.08,37537,17,卖盘
2058,11:24:51,22.08,192096,87,卖盘
2059,11:24:54,22.08,26496,12,买盘
2060,11:24:57,22.07,2207,1,卖盘
2061,11:25:00,22.08,92736,42,买盘
2062,11:25:03,22.08,8832,4,买盘
2063,11:25:06,22.08,48575,22,买盘
2064,11:25:09,22.08,4416,2,买盘
2065,11:25:18,22.08,8832,4,买盘
2066,11:25:21,22.07,147877,67,卖盘
2067,11:25:24,22.08,8832,4,买盘
2068,11:25:27,22.08,11040,5,买盘
2069,11:25:33,22.08,15456,7,买盘
2070,11:25:42,22.08,68448,31,买盘
2071,11:25:45,22.07,13242,6,卖盘
2072,11:25:51,22.07,13242,6,卖盘
2073,11:26:00,22.07,11035,5,卖盘
2074,11:26:06,22.07,37519,17,卖盘
2075,11:26:09,22.07,15449,7,卖盘
2076,11:26:15,22.08,125800,57,买盘
2077,11:26:21,22.08,17664,8,买盘
2078,11:26:27,22.08,2208,1,买盘
2079,11:26:33,22.07,6621,3,卖盘
2080,11:26:36,22.08,15456,7,买盘
2081,11:26:39,22.07,4414,2,卖盘
2082,11:26:42,22.08,19872,9,买盘
2083,11:26:48,22.07,97108,44,卖盘
2084,11:26:54,22.07,99315,45,卖盘
2085,11:26:57,22.08,4415,2,买盘
2086,11:27:03,22.07,41933,19,卖盘
2087,11:27:06,22.07,2207,1,卖盘
2088,11:27:09,22.07,22070,10,买盘
2089,11:27:12,22.07,33105,15,买盘
2090,11:27:18,22.06,55150,25,卖盘
2091,11:27:21,22.06,11030,5,卖盘
2092,11:27:24,22.06,26472,12,卖盘
2093,11:27:27,22.06,167656,76,卖盘
2094,11:27:30,22.07,8828,4,买盘
2095,11:27:36,22.06,24266,11,卖盘
2096,11:27:45,22.06,262514,119,卖盘
2097,11:27:48,22.05,22050,10,卖盘
2098,11:27:57,22.06,6618,3,买盘
2099,11:28:00,22.05,46312,21,卖盘
2100,11:28:03,22.06,48529,22,买盘
2101,11:28:06,22.05,35280,16,卖盘
2102,11:28:09,22.05,2205,1,卖盘
2103,11:28:12,22.05,13230,6,卖盘
2104,11:28:15,22.05,112473,51,卖盘
2105,11:28:21,22.06,2206,1,买盘
2106,11:28:24,22.06,2206,1,买盘
2107,11:28:27,22.05,8820,4,卖盘
2108,11:28:30,22.05,26460,12,卖盘
2109,11:28:33,22.06,8823,4,买盘
2110,11:28:36,22.05,94819,43,卖盘
2111,11:28:39,22.06,50738,23,买盘
2112,11:28:45,22.07,379423,172,买盘
2113,11:28:48,22.07,17656,8,卖盘
2114,11:28:54,22.07,77245,35,卖盘
2115,11:29:00,22.08,17664,8,买盘
2116,11:29:15,22.07,81662,37,卖盘
2117,11:29:24,22.07,15449,7,卖盘
2118,11:29:27,22.08,11040,5,买盘
2119,11:29:36,22.06,110322,50,卖盘
2120,11:29:45,22.07,22070,10,买盘
2121,11:29:48,22.06,41918,19,卖盘
2122,11:29:51,22.07,11035,5,买盘
2123,11:29:54,22.06,4412,2,卖盘
2124,11:29:57,22.06,70592,32,卖盘
2125,13:00:00,22.06,538242,244,卖盘
2126,13:00:03,22.06,847077,384,买盘
2127,13:00:06,22.05,288985,131,卖盘
2128,13:00:09,22.05,22050,10,卖盘
2129,13:00:12,22.06,6618,3,买盘
2130,13:00:15,22.05,4411,2,卖盘
2131,13:00:18,22.05,63945,29,卖盘
2132,13:00:21,22.05,28670,13,卖盘
2133,13:00:24,22.05,4410,2,买盘
2134,13:00:27,22.05,11025,5,买盘
2135,13:00:33,22.05,33075,15,买盘
2136,13:00:39,22.06,359526,163,买盘
2137,13:00:42,22.07,26484,12,买盘
2138,13:00:45,22.07,2207,1,买盘
2139,13:00:48,22.07,41933,19,买盘
2140,13:00:51,22.07,59582,27,中性盘
2141,13:00:54,22.07,13242,6,卖盘
2142,13:00:57,22.07,28691,13,卖盘
2143,13:01:03,22.08,2208,1,买盘
2144,13:01:06,22.07,64003,29,卖盘
2145,13:01:09,22.07,8828,4,卖盘
2146,13:01:12,22.07,125849,57,卖盘
2147,13:01:15,22.07,77272,35,卖盘
2148,13:01:18,22.06,249497,113,卖盘
2149,13:01:21,22.06,15442,7,买盘
2150,13:01:24,22.06,52944,24,买盘
2151,13:01:27,22.06,114708,52,买盘
2152,13:01:30,22.06,17648,8,卖盘
2153,13:01:33,22.06,17648,8,卖盘
2154,13:01:36,22.06,2206,1,卖盘
2155,13:01:39,22.07,152208,69,买盘
2156,13:01:51,22.06,26472,12,买盘
2157,13:01:54,22.06,61768,28,卖盘
2158,13:02:03,22.06,79389,36,买盘
2159,13:02:06,22.05,17640,8,卖盘
2160,13:02:09,22.05,50715,23,买盘
2161,13:02:12,22.05,11025,5,买盘
2162,13:02:15,22.05,127890,58,卖盘
2163,13:02:18,22.04,420995,191,卖盘
2164,13:02:21,22.04,6612,3,卖盘
2165,13:02:24,22.04,15428,7,买盘
2166,13:02:27,22.03,39669,18,卖盘
2167,13:02:30,22.03,37461,17,卖盘
2168,13:02:33,22.03,121165,55,卖盘
2169,13:02:39,22.03,11015,5,卖盘
2170,13:02:42,22.03,79308,36,卖盘
2171,13:02:48,22.0,3810284,1731,卖盘
2172,13:02:51,22.03,644616,293,买盘
2173,13:02:54,22.0,8800,4,卖盘
2174,13:02:57,22.03,57268,26,买盘
2175,13:03:00,22.0,28600,13,卖盘
2176,13:03:03,22.0,48400,22,卖盘
2177,13:03:06,22.0,3737433,1701,卖盘
2178,13:03:09,22.0,19800,9,买盘
2179,13:03:12,21.99,19791,9,卖盘
2180,13:03:15,21.99,17592,8,买盘
2181,13:03:18,21.99,61577,28,买盘
2182,13:03:21,21.98,343181,156,卖盘
2183,13:03:24,21.98,50564,23,卖盘
2184,13:03:27,21.98,81326,37,卖盘
2185,13:03:30,21.98,43960,20,买盘
2186,13:03:33,21.97,28563,13,卖盘
2187,13:03:36,21.97,167040,76,卖盘
2188,13:03:39,21.97,46121,21,买盘
2189,13:03:42,21.97,52705,24,买盘
2190,13:03:45,21.96,46126,21,卖盘
2191,13:03:48,21.96,202119,92,卖盘
2192,13:03:51,21.97,353565,161,买盘
2193,13:03:54,21.97,79070,36,买盘
2194,13:03:57,21.96,59317,27,卖盘
2195,13:04:00,21.98,230759,105,买盘
2196,13:04:03,21.96,411006,187,卖盘
2197,13:04:06,21.97,30756,14,中性盘
2198,13:04:12,22.0,61539,28,买盘
2199,13:04:15,21.98,107742,49,卖盘
2200,13:04:18,22.0,17595,8,买盘
2201,13:04:21,22.0,32999,15,买盘
2202,13:04:24,22.0,114398,52,买盘
2203,13:04:27,22.0,81400,37,卖盘
2204,13:04:30,22.0,22000,10,买盘
2205,13:04:33,22.03,8803,4,买盘
2206,13:04:36,22.0,35200,16,卖盘
2207,13:04:39,22.0,6603,3,卖盘
2208,13:04:42,22.0,52845,24,卖盘
2209,13:04:45,22.0,11000,5,卖盘
2210,13:04:48,22.01,2201,1,卖盘
2211,13:04:51,22.02,11010,5,卖盘
2212,13:04:54,22.03,13218,6,买盘
2213,13:04:57,22.01,11007,5,卖盘
2214,13:05:06,22.02,6606,3,买盘
2215,13:05:09,22.01,15407,7,卖盘
2216,13:05:12,22.02,123286,56,买盘
2217,13:05:15,22.01,187082,85,卖盘
2218,13:05:18,22.01,24211,11,买盘
2219,13:05:21,22.0,77009,35,卖盘
2220,13:05:24,22.0,246400,112,卖盘
2221,13:05:30,22.0,37401,17,卖盘
2222,13:05:33,22.0,83600,38,卖盘
2223,13:05:36,22.0,44000,20,卖盘
2224,13:05:39,22.0,2200,1,买盘
2225,13:05:42,21.99,4398,2,卖盘
2226,13:05:45,21.99,57174,26,卖盘
2227,13:05:48,22.0,83595,38,买盘
2228,13:05:51,21.99,184797,84,卖盘
2229,13:05:54,22.0,189200,86,买盘
2230,13:06:00,22.01,123192,56,买盘
2231,13:06:03,22.0,19800,9,卖盘
2232,13:06:06,22.0,13200,6,卖盘
2233,13:06:09,22.0,8800,4,买盘
2234,13:06:12,22.0,41800,19,卖盘
2235,13:06:15,22.0,4400,2,卖盘
2236,13:06:18,22.0,22000,10,卖盘
2237,13:06:21,22.0,4400,2,卖盘
2238,13:06:24,22.0,8800,4,卖盘
2239,13:06:27,22.0,184855,84,卖盘
2240,13:06:30,22.0,33003,15,卖盘
2241,13:06:36,22.0,61600,28,卖盘
2242,13:06:39,22.0,143003,65,卖盘
2243,13:06:42,22.01,6603,3,买盘
2244,13:06:45,22.01,24201,11,买盘
2245,13:06:48,22.01,55025,25,买盘
2246,13:06:51,22.0,24208,11,卖盘
2247,13:06:54,22.0,52800,24,卖盘
2248,13:06:57,22.01,11005,5,买盘
2249,13:07:00,22.0,63800,29,卖盘
2250,13:07:03,22.01,63829,29,买盘
2251,13:07:06,22.0,90207,41,卖盘
2252,13:07:09,22.0,88022,40,卖盘
2253,13:07:12,22.0,15402,7,卖盘
2254,13:07:15,22.01,22010,10,买盘
2255,13:07:18,22.0,33000,15,卖盘
2256,13:07:21,22.01,30801,14,买盘
2257,13:07:24,22.0,2200,1,卖盘
2258,13:07:27,22.0,11000,5,卖盘
2259,13:07:33,22.01,15407,7,买盘
2260,13:07:36,22.01,173881,79,买盘
2261,13:07:39,22.01,2201,1,卖盘
2262,13:07:42,22.01,28613,13,卖盘
2263,13:07:45,22.02,24212,11,买盘
2264,13:07:48,22.01,429002,195,买盘
2265,13:07:54,22.01,55025,25,买盘
2266,13:07:57,22.01,19809,9,买盘
2267,13:08:00,22.01,6603,3,买盘
2268,13:08:03,22.01,26412,12,卖盘
2269,13:08:06,22.01,6603,3,卖盘
2270,13:08:09,22.01,19809,9,卖盘
2271,13:08:15,22.0,4400,2,卖盘
2272,13:08:18,22.01,22010,10,买盘
2273,13:08:21,22.01,74825,34,买盘
2274,13:08:24,22.01,4402,2,买盘
2275,13:08:27,22.01,79236,36,买盘
2276,13:08:30,22.02,11010,5,买盘
2277,13:08:36,22.01,55025,25,卖盘
2278,13:08:42,22.01,39618,18,卖盘
2279,13:08:45,22.02,125514,57,买盘
2280,13:08:48,22.02,30828,14,卖盘
2281,13:08:51,22.03,6609,3,买盘
2282,13:08:54,22.02,169627,77,卖盘
2283,13:08:57,22.02,41842,19,卖盘
2284,13:09:00,22.02,33031,15,卖盘
2285,13:09:03,22.02,169554,77,卖盘
2286,13:09:06,22.0,581078,264,卖盘
2287,13:09:09,22.02,46242,21,买盘
2288,13:09:12,22.03,149778,68,买盘
2289,13:09:15,22.02,15414,7,卖盘
2290,13:09:18,22.02,11010,5,买盘
2291,13:09:21,22.0,347645,158,卖盘
2292,13:09:24,22.0,13200,6,卖盘
2293,13:09:27,22.01,17608,8,买盘
2294,13:09:30,22.0,83602,38,卖盘
2295,13:09:33,22.0,138612,63,卖盘
2296,13:09:39,22.0,66020,30,卖盘
2297,13:09:42,22.0,44001,20,卖盘
2298,13:09:48,22.01,200201,91,买盘
2299,13:09:51,22.01,41819,19,卖盘
2300,13:09:57,22.0,8800,4,卖盘
2301,13:10:00,22.0,61600,28,卖盘
2302,13:10:03,22.0,22000,10,卖盘
2303,13:10:06,22.0,24205,11,卖盘
2304,13:10:09,22.01,11005,5,买盘
2305,13:10:12,22.0,316800,144,卖盘
2306,13:10:15,22.0,334440,152,卖盘
2307,13:10:18,21.99,136343,62,卖盘
2308,13:10:21,22.0,109965,50,买盘
2309,13:10:24,22.0,26393,12,买盘
2310,13:10:27,22.0,39591,18,买盘
2311,13:10:30,22.0,2200,1,卖盘
2312,13:10:33,21.99,10995,5,卖盘
2313,13:10:36,22.0,92370,42,买盘
2314,13:10:39,22.0,118800,54,买盘
2315,13:10:42,21.99,52791,24,卖盘
2316,13:10:45,22.0,43990,20,买盘
2317,13:10:48,22.0,4400,2,买盘
2318,13:10:51,21.99,37393,17,卖盘
2319,13:10:54,22.0,44000,20,卖盘
2320,13:10:57,22.01,116570,53,买盘
2321,13:11:00,22.0,92400,42,中性盘
2322,13:11:06,22.0,30800,14,卖盘
2323,13:11:09,21.99,270546,123,卖盘
2324,13:11:12,22.0,138556,63,买盘
2325,13:11:15,21.98,50584,23,卖盘
2326,13:11:18,21.99,246212,112,买盘
2327,13:11:21,21.98,131885,60,卖盘
2328,13:11:24,21.99,17592,8,买盘
2329,13:11:30,21.98,114297,52,卖盘
2330,13:11:33,21.98,15386,7,卖盘
2331,13:11:36,21.96,1689360,769,卖盘
2332,13:11:39,21.96,13176,6,买盘
2333,13:11:42,21.96,30737,14,买盘
2334,13:11:45,22.0,4346446,1979,买盘
2335,13:11:48,21.96,94497,43,卖盘
2336,13:11:51,22.02,759070,345,买盘
2337,13:11:54,22.02,129918,59,买盘
2338,13:12:00,22.03,66026,30,买盘
2339,13:12:03,22.06,769720,349,买盘
2340,13:12:06,22.09,432933,196,买盘
2341,13:12:09,22.09,53016,24,买盘
2342,13:12:15,22.08,39760,18,卖盘
2343,13:12:18,22.08,4416,2,卖盘
2344,13:12:21,22.09,1195505,541,买盘
2345,13:12:24,22.06,70592,32,卖盘
2346,13:12:27,22.1,101616,46,买盘
2347,13:12:30,22.09,46390,21,买盘
2348,13:12:33,22.09,11045,5,卖盘
2349,13:12:36,22.09,6629,3,卖盘
2350,13:12:39,22.09,106062,48,卖盘
2351,13:12:42,22.1,6630,3,买盘
2352,13:12:45,22.09,44180,20,卖盘
2353,13:12:51,22.09,6627,3,买盘
2354,13:12:54,22.09,108241,49,买盘
2355,13:12:57,22.1,276226,125,买盘
2356,13:13:00,22.1,13260,6,买盘
2357,13:13:03,22.1,8840,4,买盘
2358,13:13:06,22.12,634431,287,买盘
2359,13:13:09,22.12,53088,24,买盘
2360,13:13:12,22.12,2212,1,买盘
2361,13:13:15,22.12,24332,11,买盘
2362,13:13:18,22.12,70784,32,买盘
2363,13:13:24,22.14,205868,93,买盘
2364,13:13:27,22.13,128298,58,中性盘
2365,13:13:30,22.13,19917,9,买盘
2366,13:13:33,22.15,1874452,846,买盘
2367,13:13:36,22.15,132900,60,卖盘
2368,13:13:42,22.15,70880,32,买盘
2369,13:13:45,22.16,301210,136,买盘
2370,13:13:48,22.16,252303,114,买盘
2371,13:13:51,22.15,261370,118,中性盘
2372,13:13:54,22.15,64195,29,买盘
2373,13:13:57,22.15,159426,72,买盘
2374,13:14:03,22.12,90812,41,卖盘
2375,13:14:06,22.12,722084,326,卖盘
2376,13:14:09,22.12,4424,2,卖盘
2377,13:14:12,22.12,72996,33,卖盘
2378,13:14:15,22.11,28743,13,卖盘
2379,13:14:18,22.11,15477,7,卖盘
2380,13:14:21,22.12,26540,12,买盘
2381,13:14:24,22.12,48661,22,买盘
2382,13:14:27,22.11,2211,1,卖盘
2383,13:14:33,22.12,26544,12,买盘
2384,13:14:36,22.11,733041,331,卖盘
2385,13:14:39,22.12,6636,3,中性盘
2386,13:14:42,22.16,44298,20,买盘
2387,13:14:45,22.12,6636,3,卖盘
2388,13:14:48,22.15,15499,7,买盘
2389,13:14:54,22.14,33200,15,中性盘
2390,13:14:57,22.14,44280,20,买盘
2391,13:15:03,22.13,35399,16,买盘
2392,13:15:09,22.2,2211054,997,买盘
2393,13:15:12,22.14,17723,8,中性盘
2394,13:15:15,22.16,66471,30,买盘
2395,13:15:18,22.16,6648,3,中性盘
2396,13:15:21,22.19,71005,32,买盘
2397,13:15:24,22.2,19970,9,买盘
2398,13:15:27,22.2,277488,125,买盘
2399,13:15:30,22.21,2277087,1025,买盘
2400,13:15:33,22.2,68826,31,卖盘
2401,13:15:36,22.22,237770,107,买盘
2402,13:15:39,22.22,117646,53,买盘
2403,13:15:42,22.22,466678,210,买盘
2404,13:15:45,22.23,271300,122,买盘
2405,13:15:48,22.22,519947,234,卖盘
2406,13:15:51,22.24,35583,16,买盘
2407,13:15:54,22.23,135655,61,买盘
2408,13:15:57,22.23,375523,169,买盘
2409,13:16:00,22.23,446378,201,买盘
2410,13:16:03,22.24,153387,69,买盘
2411,13:16:06,22.22,589116,265,卖盘
2412,13:16:09,22.23,244483,110,中性盘
2413,13:16:12,22.23,300112,135,卖盘
2414,13:16:15,22.23,168927,76,买盘
2415,13:16:18,22.22,6666,3,买盘
2416,13:16:24,22.21,91077,41,中性盘
2417,13:16:27,22.22,435530,196,买盘
2418,13:16:30,22.23,122241,55,买盘
2419,13:16:33,22.23,120011,54,买盘
2420,13:16:36,22.24,231262,104,买盘
2421,13:16:39,22.24,373512,168,买盘
2422,13:16:42,22.24,44480,20,卖盘
2423,13:16:45,22.25,958972,431,买盘
2424,13:16:48,22.26,75636,34,买盘
2425,13:16:51,22.26,173597,78,买盘
2426,13:16:54,22.26,37855,17,卖盘
2427,13:16:57,22.27,511990,230,买盘
2428,13:17:00,22.27,62360,28,卖盘
2429,13:17:03,22.28,607981,273,买盘
2430,13:17:06,22.28,253914,114,买盘
2431,13:17:09,22.26,115836,52,卖盘
2432,13:17:12,22.28,605932,272,买盘
2433,13:17:15,22.28,316218,142,买盘
2434,13:17:18,22.26,113580,51,中性盘
2435,13:17:21,22.27,924277,415,买盘
2436,13:17:24,22.26,26717,12,中性盘
2437,13:17:27,22.27,149186,67,买盘
2438,13:17:30,22.27,155829,70,买盘
2439,13:17:33,22.26,494355,222,中性盘
2440,13:17:36,22.28,1084843,487,买盘
2441,13:17:39,22.28,176068,79,卖盘
2442,13:17:42,22.29,66856,30,买盘
2443,13:17:45,22.29,274060,123,买盘
2444,13:17:48,22.28,251859,113,卖盘
2445,13:17:51,22.29,329882,148,买盘
2446,13:17:54,22.28,189394,85,卖盘
2447,13:17:57,22.29,980329,440,买盘
2448,13:18:00,22.28,100288,45,中性盘
2449,13:18:03,22.29,274166,123,买盘
2450,13:18:06,22.29,33436,15,卖盘
2451,13:18:09,22.29,548334,246,买盘
2452,13:18:12,22.29,245160,110,买盘
2453,13:18:15,22.29,20057,9,买盘
2454,13:18:18,22.28,109173,49,卖盘
2455,13:18:21,22.28,4456,2,买盘
2456,13:18:24,22.28,35644,16,买盘
2457,13:18:27,22.27,48994,22,卖盘
2458,13:18:30,22.27,195954,88,卖盘
2459,13:18:33,22.26,171538,77,卖盘
2460,13:18:36,22.26,48982,22,卖盘
2461,13:18:39,22.26,53424,24,卖盘
2462,13:18:42,22.25,37825,17,卖盘
2463,13:18:45,22.25,133503,60,卖盘
2464,13:18:48,22.21,920573,414,卖盘
2465,13:18:51,22.22,2222,1,中性盘
2466,13:18:54,22.21,33315,15,卖盘
2467,13:18:57,22.21,24431,11,卖盘
2468,13:19:00,22.22,104456,47,买盘
2469,13:19:03,22.25,148892,67,买盘
2470,13:19:06,22.25,86677,39,买盘
2471,13:19:09,22.25,84523,38,买盘
2472,13:19:12,22.25,66750,30,买盘
2473,13:19:15,22.25,28921,13,买盘
2474,13:19:18,22.25,164647,74,买盘
2475,13:19:21,22.25,202476,91,卖盘
2476,13:19:24,22.25,55630,25,买盘
2477,13:19:27,22.25,20025,9,买盘
2478,13:19:30,22.25,66750,30,买盘
2479,13:19:33,22.25,68970,31,买盘
2480,13:19:36,22.25,40046,18,买盘
2481,13:19:39,22.24,80071,36,卖盘
2482,13:19:42,22.24,64506,29,卖盘
2483,13:19:45,22.25,162420,73,买盘
2484,13:19:48,22.24,33361,15,卖盘
2485,13:19:51,22.24,71168,32,买盘
2486,13:19:54,22.23,31122,14,卖盘
2487,13:19:57,22.24,73377,33,买盘
2488,13:20:00,22.22,11111,5,卖盘
2489,13:20:03,22.24,2224,1,买盘
2490,13:20:06,22.23,84474,38,卖盘
2491,13:20:09,22.23,810669,365,买盘
2492,13:20:12,22.2,46620,21,卖盘
2493,13:20:15,22.2,13323,6,卖盘
2494,13:20:18,22.2,46620,21,卖盘
2495,13:20:21,22.2,88830,40,卖盘
2496,13:20:24,22.2,33301,15,卖盘
2497,13:20:27,22.22,13324,6,买盘
2498,13:20:30,22.22,157660,71,买盘
2499,13:20:33,22.21,17768,8,中性盘
2500,13:20:36,22.21,2221,1,买盘
2501,13:20:39,22.2,51063,23,卖盘
2502,13:20:42,22.21,95500,43,买盘
2503,13:20:45,22.2,66604,30,卖盘
2504,13:20:48,22.2,2220,1,卖盘
2505,13:20:51,22.17,1277498,576,卖盘
2506,13:20:54,22.2,13320,6,买盘
2507,13:21:00,22.17,68728,31,卖盘
2508,13:21:09,22.17,19957,9,卖盘
2509,13:21:12,22.2,743594,335,买盘
2510,13:21:15,22.2,37740,17,卖盘
2511,13:21:18,22.22,93256,42,买盘
2512,13:21:21,22.21,17768,8,卖盘
2513,13:21:24,22.22,117762,53,买盘
2514,13:21:27,22.21,2221,1,卖盘
2515,13:21:30,22.22,62190,28,买盘
2516,13:21:33,22.22,8888,4,买盘
2517,13:21:36,22.22,44431,20,买盘
2518,13:21:39,22.22,102176,46,买盘
2519,13:21:42,22.22,175537,79,买盘
2520,13:21:45,22.22,82214,37,买盘
2521,13:21:48,22.22,146648,66,卖盘
2522,13:21:51,22.21,122155,55,卖盘
2523,13:21:54,22.21,809283,364,买盘
2524,13:21:57,22.25,13331,6,买盘
2525,13:22:03,22.22,13332,6,买盘
2526,13:22:09,22.21,8884,4,卖盘
2527,13:22:12,22.21,75514,34,卖盘
2528,13:22:15,22.2,6660,3,卖盘
2529,13:22:18,22.21,115485,52,买盘
2530,13:22:21,22.22,15548,7,买盘
2531,13:22:24,22.21,2221,1,卖盘
2532,13:22:27,22.2,8880,4,卖盘
2533,13:22:30,22.21,64389,29,买盘
2534,13:22:33,22.21,31089,14,买盘
2535,13:22:42,22.2,31080,14,卖盘
2536,13:22:45,22.2,19980,9,卖盘
2537,13:22:48,22.2,13325,6,卖盘
2538,13:22:54,22.2,144300,65,卖盘
2539,13:23:00,22.2,51062,23,卖盘
2540,13:23:09,22.2,57698,26,买盘
2541,13:23:12,22.2,15540,7,买盘
2542,13:23:15,22.2,19973,9,买盘
2543,13:23:21,22.2,88800,40,买盘
2544,13:23:24,22.19,37733,17,卖盘
2545,13:23:27,22.19,11097,5,卖盘
2546,13:23:33,22.19,11095,5,买盘
2547,13:23:36,22.19,2219,1,卖盘
2548,13:23:39,22.19,6657,3,卖盘
2549,13:23:42,22.19,42161,19,卖盘
2550,13:23:51,22.2,90989,41,买盘
2551,13:23:54,22.2,71029,32,买盘
2552,13:23:57,22.19,6657,3,卖盘
2553,13:24:00,22.19,22190,10,卖盘
2554,13:24:03,22.19,17752,8,卖盘
2555,13:24:06,22.19,164206,74,卖盘
2556,13:24:09,22.19,22190,10,买盘
2557,13:24:12,22.19,6657,3,买盘
2558,13:24:15,22.19,93174,42,买盘
2559,13:24:18,22.18,15531,7,卖盘
2560,13:24:21,22.18,6656,3,卖盘
2561,13:24:24,22.18,104246,47,卖盘
2562,13:24:27,22.18,4436,2,卖盘
2563,13:24:30,22.18,53234,24,卖盘
2564,13:24:33,22.18,11090,5,卖盘
2565,13:24:36,22.19,46579,21,买盘
2566,13:24:39,22.18,2218,1,卖盘
2567,13:24:42,22.18,42142,19,卖盘
2568,13:24:45,22.18,2218,1,买盘
2569,13:24:48,22.18,50993,23,买盘
2570,13:24:54,22.18,86502,39,买盘
2571,13:24:57,22.16,1274571,575,卖盘
2572,13:25:00,22.16,44320,20,买盘
2573,13:25:06,22.15,37659,17,卖盘
2574,13:25:09,22.16,39888,18,买盘
2575,13:25:12,22.15,239224,108,卖盘
2576,13:25:15,22.14,46494,21,卖盘
2577,13:25:18,22.14,4428,2,卖盘
2578,13:25:21,22.15,6645,3,买盘
2579,13:25:27,22.15,4430,2,买盘
2580,13:25:30,22.14,17712,8,卖盘
2581,13:25:33,22.15,44300,20,买盘
2582,13:25:36,22.15,163906,74,买盘
2583,13:25:39,22.14,24362,11,卖盘
2584,13:25:42,22.15,26572,12,买盘
2585,13:25:45,22.16,192757,87,买盘
2586,13:25:48,22.15,6645,3,中性盘
2587,13:25:51,22.15,11075,5,买盘
2588,13:25:54,22.15,19935,9,卖盘
2589,13:26:03,22.15,6645,3,买盘
2590,13:26:09,22.15,2215,1,买盘
2591,13:26:12,22.15,403130,182,买盘
2592,13:26:15,22.14,4428,2,卖盘
2593,13:26:18,22.14,19926,9,卖盘
2594,13:26:21,22.14,37638,17,卖盘
2595,13:26:30,22.14,15498,7,卖盘
2596,13:26:33,22.15,2215,1,买盘
2597,13:26:36,22.14,11070,5,卖盘
2598,13:26:39,22.15,44300,20,买盘
2599,13:26:42,22.14,6642,3,卖盘
2600,13:26:45,22.14,4428,2,卖盘
2601,13:26:48,22.14,66421,30,卖盘
2602,13:26:51,22.15,39870,18,卖盘
2603,13:26:54,22.15,17720,8,买盘
2604,13:26:57,22.14,104084,47,卖盘
2605,13:27:00,22.14,6642,3,买盘
2606,13:27:03,22.14,22140,10,买盘
2607,13:27:09,22.13,154911,70,卖盘
2608,13:27:12,22.13,53134,24,卖盘
2609,13:27:18,22.13,79677,36,卖盘
2610,13:27:21,22.13,66390,30,卖盘
2611,13:27:24,22.13,22130,10,卖盘
2612,13:27:27,22.14,30983,14,买盘
2613,13:27:33,22.14,19926,9,买盘
2614,13:27:39,22.14,61992,28,买盘
2615,13:27:45,22.14,42064,19,买盘
2616,13:27:48,22.14,48708,22,买盘
2617,13:27:51,22.14,4428,2,卖盘
2618,13:27:57,22.15,26569,12,买盘
2619,13:28:00,22.15,8860,4,买盘
2620,13:28:03,22.14,2214,1,卖盘
2621,13:28:06,22.15,44300,20,买盘
2622,13:28:09,22.15,48730,22,买盘
2623,13:28:12,22.15,37655,17,买盘
2624,13:28:18,22.15,44300,20,卖盘
2625,13:28:21,22.16,2216,1,买盘
2626,13:28:27,22.16,33235,15,买盘
2627,13:28:30,22.16,13296,6,买盘
2628,13:28:33,22.16,2216,1,买盘
2629,13:28:36,22.15,31020,14,卖盘
2630,13:28:39,22.16,6648,3,买盘
2631,13:28:45,22.15,55395,25,卖盘
2632,13:28:48,22.16,22160,10,买盘
2633,13:28:51,22.15,48734,22,卖盘
2634,13:29:00,22.16,299160,135,买盘
2635,13:29:03,22.15,19935,9,卖盘
2636,13:29:06,22.16,48740,22,买盘
2637,13:29:09,22.16,62048,28,买盘
2638,13:29:15,22.16,44320,20,卖盘
2639,13:29:18,22.16,46536,21,卖盘
2640,13:29:21,22.16,66480,30,卖盘
2641,13:29:27,22.16,8864,4,卖盘
2642,13:29:30,22.16,68696,31,卖盘
2643,13:29:36,22.17,90888,41,买盘
2644,13:29:39,22.16,95306,43,卖盘
2645,13:29:42,22.15,62039,28,卖盘
2646,13:29:45,22.17,130783,59,买盘
2647,13:29:48,22.17,204031,92,卖盘
2648,13:29:51,22.16,24376,11,买盘
2649,13:29:54,22.16,2216,1,卖盘
2650,13:30:03,22.16,64266,29,卖盘
2651,13:30:06,22.16,35456,16,卖盘
2652,13:30:09,22.16,2216,1,卖盘
2653,13:30:12,22.16,99720,45,卖盘
2654,13:30:15,22.15,44300,20,卖盘
2655,13:30:18,22.16,35456,16,买盘
2656,13:30:21,22.16,31019,14,中性盘
2657,13:30:24,22.16,8864,4,买盘
2658,13:30:27,22.15,1067631,482,卖盘
2659,13:30:30,22.15,79740,36,买盘
2660,13:30:33,22.15,123999,56,买盘
2661,13:30:36,22.15,347755,157,买盘
2662,13:30:39,22.15,15505,7,买盘
2663,13:30:45,22.14,4428,2,卖盘
2664,13:30:51,22.14,376519,170,卖盘
2665,13:30:57,22.15,4430,2,买盘
2666,13:31:06,22.15,139545,63,买盘
2667,13:31:09,22.14,11073,5,卖盘
2668,13:31:12,22.14,22144,10,卖盘
2669,13:31:15,22.14,39852,18,卖盘
2670,13:31:18,22.14,84132,38,卖盘
2671,13:31:21,22.15,8860,4,买盘
2672,13:31:24,22.15,90775,41,买盘
2673,13:31:27,22.14,33210,15,卖盘
2674,13:31:30,22.14,205902,93,卖盘
2675,13:31:33,22.13,37631,17,卖盘
2676,13:31:36,22.14,26568,12,中性盘
2677,13:31:39,22.15,22136,10,买盘
2678,13:31:42,22.13,170401,77,卖盘
2679,13:31:57,22.13,250069,113,卖盘
2680,13:32:00,22.13,35408,16,卖盘
2681,13:32:09,22.14,4427,2,买盘
2682,13:32:12,22.14,26563,12,买盘
2683,13:32:15,22.13,53112,24,卖盘
2684,13:32:18,22.13,8852,4,卖盘
2685,13:32:21,22.14,19925,9,买盘
2686,13:32:27,22.14,33200,15,买盘
2687,13:32:30,22.13,163768,74,卖盘
2688,13:32:39,22.13,37626,17,卖盘
2689,13:32:48,22.14,4428,2,买盘
2690,13:32:54,22.14,26568,12,买盘
2691,13:32:57,22.14,19926,9,买盘
2692,13:33:03,22.14,4428,2,卖盘
2693,13:33:06,22.13,95193,43,卖盘
2694,13:33:09,22.14,2214,1,买盘
2695,13:33:18,22.14,2214,1,买盘
2696,13:33:21,22.13,42047,19,卖盘
2697,13:33:27,22.14,6642,3,买盘
2698,13:33:30,22.14,15493,7,买盘
2699,13:33:33,22.13,44271,20,卖盘
2700,13:33:36,22.13,59756,27,卖盘
2701,13:33:39,22.13,19917,9,卖盘
2702,13:33:45,22.14,294334,133,买盘
2703,13:33:48,22.14,26565,12,买盘
2704,13:33:51,22.14,19926,9,买盘
2705,13:33:54,22.15,95174,43,买盘
2706,13:33:57,22.15,22150,10,买盘
2707,13:34:03,22.15,19935,9,买盘
2708,13:34:09,22.15,4430,2,买盘
2709,13:34:12,22.14,11070,5,卖盘
2710,13:34:18,22.15,84139,38,买盘
2711,13:34:24,22.14,110700,50,卖盘
2712,13:34:39,22.15,8860,4,买盘
2713,13:34:42,22.14,13286,6,卖盘
2714,13:34:51,22.14,48708,22,卖盘
2715,13:34:54,22.15,228046,103,买盘
2716,13:34:57,22.14,22140,10,卖盘
2717,13:35:00,22.15,132805,60,买盘
2718,13:35:03,22.13,285677,129,卖盘
2719,13:35:06,22.13,163762,74,卖盘
2720,13:35:09,22.13,117289,53,卖盘
2721,13:35:12,22.13,13278,6,卖盘
2722,13:35:15,22.14,8856,4,买盘
2723,13:35:18,22.13,39842,18,卖盘
2724,13:35:21,22.14,13284,6,买盘
2725,13:35:30,22.14,4428,2,买盘
2726,13:35:33,22.13,46473,21,卖盘
2727,13:35:36,22.13,37621,17,卖盘
2728,13:35:39,22.13,42047,19,买盘
2729,13:35:42,22.13,4426,2,买盘
2730,13:35:45,22.13,247856,112,买盘
2731,13:35:48,22.12,86268,39,卖盘
2732,13:35:54,22.12,57512,26,卖盘
2733,13:35:57,22.13,50886,23,买盘
2734,13:36:00,22.13,33190,15,买盘
2735,13:36:03,22.13,17700,8,买盘
2736,13:36:06,22.13,2213,1,买盘
2737,13:36:15,22.13,84057,38,买盘
2738,13:36:21,22.13,44260,20,卖盘
2739,13:36:24,22.12,860511,389,卖盘
2740,13:36:27,22.12,22120,10,卖盘
2741,13:36:30,22.12,53088,24,卖盘
2742,13:36:33,22.11,552754,250,卖盘
2743,13:36:36,22.12,172506,78,买盘
2744,13:36:39,22.12,126031,57,买盘
2745,13:36:45,22.12,48648,22,买盘
2746,13:36:48,22.12,55285,25,买盘
2747,13:36:51,22.11,15483,7,卖盘
2748,13:36:54,22.11,114972,52,卖盘
2749,13:37:00,22.11,2211,1,卖盘
2750,13:37:06,22.12,4424,2,买盘
2751,13:37:09,22.11,13266,6,卖盘
2752,13:37:12,22.12,37604,17,买盘
2753,13:37:15,22.12,68572,31,卖盘
2754,13:37:18,22.12,57512,26,卖盘
2755,13:37:21,22.13,70812,32,买盘
2756,13:37:24,22.12,26554,12,卖盘
2757,13:37:27,22.12,26544,12,卖盘
2758,13:37:30,22.12,28761,13,卖盘
2759,13:37:36,22.12,28766,13,卖盘
2760,13:37:45,22.13,103982,47,买盘
2761,13:37:48,22.13,8852,4,买盘
2762,13:37:51,22.12,150424,68,卖盘
2763,13:37:57,22.13,30982,14,买盘
2764,13:38:03,22.13,8852,4,买盘
2765,13:38:09,22.13,6639,3,卖盘
2766,13:38:15,22.13,28769,13,卖盘
2767,13:38:18,22.14,70848,32,买盘
2768,13:38:24,22.14,106234,48,买盘
2769,13:38:27,22.13,55325,25,卖盘
2770,13:38:30,22.14,22140,10,买盘
2771,13:38:33,22.14,50922,23,买盘
2772,13:38:36,22.15,17717,8,买盘
2773,13:38:45,22.15,148400,67,买盘
2774,13:38:48,22.15,4430,2,买盘
2775,13:38:51,22.15,42069,19,买盘
2776,13:38:54,22.16,22160,10,买盘
2777,13:38:57,22.16,6648,3,买盘
2778,13:39:00,22.16,44320,20,买盘
2779,13:39:03,22.17,274787,124,买盘
2780,13:39:06,22.17,22170,10,买盘
2781,13:39:12,22.17,73152,33,买盘
2782,13:39:15,22.17,17736,8,买盘
2783,13:39:18,22.17,4434,2,买盘
2784,13:39:21,22.16,22165,10,卖盘
2785,13:39:24,22.17,2217,1,买盘
2786,13:39:30,22.16,66480,30,卖盘
2787,13:39:33,22.17,121935,55,买盘
2788,13:39:39,22.17,2217,1,买盘
2789,13:39:45,22.17,17736,8,买盘
2790,13:39:48,22.17,6651,3,卖盘
2791,13:39:51,22.17,119744,54,卖盘
2792,13:39:54,22.17,24387,11,卖盘
2793,13:40:00,22.18,22180,10,买盘
2794,13:40:03,22.17,33260,15,卖盘
2795,13:40:06,22.18,68758,31,买盘
2796,13:40:12,22.18,66540,30,买盘
2797,13:40:15,22.18,159696,72,买盘
2798,13:40:18,22.18,2218,1,买盘
2799,13:40:21,22.18,8872,4,买盘
2800,13:40:24,22.18,75412,34,买盘
2801,13:40:27,22.18,24398,11,卖盘
2802,13:40:30,22.19,2219,1,买盘
2803,13:40:33,22.18,8872,4,卖盘
2804,13:40:36,22.19,71008,32,买盘
2805,13:40:45,22.19,84292,38,买盘
2806,13:40:48,22.19,79873,36,买盘
2807,13:40:51,22.18,139791,63,卖盘
2808,13:40:54,22.19,13314,6,买盘
2809,13:40:57,22.19,22190,10,买盘
2810,13:41:00,22.18,79860,36,卖盘
2811,13:41:06,22.19,545874,246,买盘
2812,13:41:09,22.18,201838,91,卖盘
2813,13:41:12,22.18,33270,15,买盘
2814,13:41:15,22.19,84299,38,买盘
2815,13:41:18,22.18,55459,25,卖盘
2816,13:41:24,22.17,86463,39,卖盘
2817,13:41:27,22.18,31048,14,买盘
2818,13:41:33,22.17,57642,26,卖盘
2819,13:41:36,22.17,6651,3,卖盘
2820,13:41:39,22.17,8868,4,卖盘
2821,13:41:42,22.17,62076,28,卖盘
2822,13:41:45,22.17,179577,81,卖盘
2823,13:41:48,22.17,66515,30,卖盘
2824,13:41:54,22.16,33240,15,卖盘
2825,13:41:57,22.16,2216,1,卖盘
2826,13:42:00,22.17,28821,13,买盘
2827,13:42:03,22.16,13296,6,卖盘
2828,13:42:09,22.17,221700,100,买盘
2829,13:42:12,22.16,8865,4,卖盘
2830,13:42:15,22.16,246008,111,卖盘
2831,13:42:18,22.16,115252,52,卖盘
2832,13:42:21,22.16,55411,25,卖盘
2833,13:42:24,22.16,19944,9,卖盘
2834,13:42:27,22.16,95307,43,卖盘
2835,13:42:30,22.17,22170,10,买盘
2836,13:42:33,22.17,11085,5,买盘
2837,13:42:36,22.16,24377,11,卖盘
2838,13:42:39,22.17,8868,4,买盘
2839,13:42:42,22.17,11085,5,买盘
2840,13:42:45,22.17,24387,11,买盘
2841,13:42:48,22.16,11080,5,卖盘
2842,13:42:51,22.17,35469,16,买盘
2843,13:42:57,22.17,4434,2,买盘
2844,13:43:00,22.17,17736,8,卖盘
2845,13:43:03,22.16,132993,60,卖盘
2846,13:43:06,22.17,8865,4,买盘
2847,13:43:09,22.16,77560,35,卖盘
2848,13:43:15,22.16,2216,1,卖盘
2849,13:43:21,22.16,432125,195,卖盘
2850,13:43:24,22.17,35459,16,买盘
2851,13:43:30,22.17,90897,41,买盘
2852,13:43:33,22.17,17736,8,卖盘
2853,13:43:36,22.17,17736,8,卖盘
2854,13:43:39,22.17,22170,10,卖盘
2855,13:43:42,22.16,640269,289,卖盘
2856,13:43:45,22.16,6648,3,买盘
2857,13:43:48,22.15,50946,23,卖盘
2858,13:43:51,22.14,28789,13,卖盘
2859,13:43:54,22.15,11075,5,买盘
2860,13:43:57,22.14,126198,57,卖盘
2861,13:44:00,22.14,55350,25,卖盘
2862,13:44:03,22.13,97423,44,卖盘
2863,13:44:06,22.14,4429,2,中性盘
2864,13:44:09,22.13,57538,26,卖盘
2865,13:44:12,22.14,22137,10,买盘
2866,13:44:15,22.13,39834,18,卖盘
2867,13:44:18,22.13,756716,342,卖盘
2868,13:44:21,22.11,117268,53,卖盘
2869,13:44:27,22.12,11060,5,买盘
2870,13:44:33,22.12,17696,8,买盘
2871,13:44:39,22.11,154770,70,卖盘
2872,13:44:42,22.11,650036,294,卖盘
2873,13:44:45,22.11,205626,93,卖盘
2874,13:44:51,22.11,86229,39,卖盘
2875,13:44:54,22.11,57486,26,卖盘
2876,13:44:57,22.11,55275,25,卖盘
2877,13:45:00,22.11,59707,27,卖盘
2878,13:45:03,22.12,225524,102,买盘
2879,13:45:06,22.11,50853,23,卖盘
2880,13:45:09,22.12,6636,3,买盘
2881,13:45:12,22.11,64119,29,卖盘
2882,13:45:15,22.11,99495,45,卖盘
2883,13:45:18,22.11,75174,34,买盘
2884,13:45:21,22.11,30954,14,买盘
2885,13:45:24,22.11,22110,10,买盘
2886,13:45:27,22.11,4422,2,买盘
2887,13:45:30,22.11,11052,5,买盘
2888,13:45:33,22.1,417730,189,卖盘
2889,13:45:36,22.1,773605,350,卖盘
2890,13:45:42,22.1,39781,18,卖盘
2891,13:45:45,22.11,28739,13,买盘
2892,13:45:48,22.1,46420,21,卖盘
2893,13:45:51,22.1,121550,55,卖盘
2894,13:45:54,22.1,64102,29,卖盘
2895,13:45:57,22.1,35360,16,卖盘
2896,13:46:00,22.1,636480,288,卖盘
2897,13:46:03,22.1,1792128,811,卖盘
2898,13:46:06,22.09,55205,25,中性盘
2899,13:46:09,22.08,41980,19,卖盘
2900,13:46:12,22.08,50784,23,卖盘
2901,13:46:15,22.08,72864,33,卖盘
2902,13:46:18,22.08,13248,6,卖盘
2903,13:46:21,22.08,13243,6,买盘
2904,13:46:27,22.08,30908,14,买盘
2905,13:46:30,22.08,13244,6,买盘
2906,13:46:33,22.08,50774,23,买盘
2907,13:46:36,22.08,128054,58,买盘
2908,13:46:39,22.08,35323,16,卖盘
2909,13:46:42,22.08,59614,27,卖盘
2910,13:46:45,22.08,22078,10,买盘
2911,13:46:48,22.07,26484,12,卖盘
2912,13:46:51,22.07,150076,68,卖盘
2913,13:46:54,22.07,26484,12,买盘
2914,13:46:57,22.06,258154,117,卖盘
2915,13:47:00,22.06,15442,7,卖盘
2916,13:47:03,22.06,112506,51,卖盘
2917,13:47:06,22.06,37502,17,卖盘
2918,13:47:09,22.06,132360,60,买盘
2919,13:47:12,22.06,130160,59,买盘
2920,13:47:15,22.06,46324,21,买盘
2921,13:47:18,22.06,205120,93,买盘
2922,13:47:21,22.07,130129,59,买盘
2923,13:47:24,22.07,13238,6,买盘
2924,13:47:27,22.05,17650,8,卖盘
2925,13:47:30,22.07,77219,35,买盘
2926,13:47:33,22.07,22070,10,买盘
2927,13:47:36,22.07,46337,21,买盘
2928,13:47:39,22.07,19863,9,买盘
2929,13:47:45,22.08,55180,25,买盘
2930,13:47:48,22.08,50784,23,买盘
2931,13:47:51,22.08,46365,21,中性盘
2932,13:47:54,22.09,15463,7,买盘
2933,13:48:03,22.1,229762,104,买盘
2934,13:48:09,22.1,4420,2,买盘
2935,13:48:12,22.1,37570,17,买盘
2936,13:48:15,22.09,382158,173,卖盘
2937,13:48:18,22.08,48576,22,卖盘
2938,13:48:21,22.09,22090,10,买盘
2939,13:48:24,22.09,212064,96,买盘
2940,13:48:27,22.08,475074,215,卖盘
2941,13:48:30,22.09,15463,7,卖盘
2942,13:48:33,22.12,11060,5,买盘
2943,13:48:36,22.12,22093,10,买盘
2944,13:48:39,22.09,50810,23,卖盘
2945,13:48:42,22.12,4424,2,买盘
2946,13:48:48,22.1,42001,19,卖盘
2947,13:48:51,22.1,30940,14,买盘
2948,13:48:54,22.1,66291,30,买盘
2949,13:48:57,22.1,57453,26,买盘
2950,13:49:00,22.1,50830,23,买盘
2951,13:49:03,22.1,99418,45,买盘
2952,13:49:06,22.1,30940,14,买盘
2953,13:49:09,22.1,11048,5,买盘
2954,13:49:12,22.1,243100,110,买盘
2955,13:49:15,22.1,221000,100,卖盘
2956,13:49:21,22.07,883213,400,卖盘
2957,13:49:24,22.1,30940,14,买盘
2958,13:49:27,22.1,26520,12,卖盘
2959,13:49:30,22.11,11055,5,买盘
2960,13:49:33,22.1,39780,18,卖盘
2961,13:49:36,22.1,42005,19,卖盘
2962,13:49:42,22.11,130440,59,买盘
2963,13:49:45,22.11,33165,15,买盘
2964,13:49:48,22.11,88409,40,买盘
2965,13:49:51,22.1,6630,3,卖盘
2966,13:49:57,22.1,24313,11,卖盘
2967,13:50:00,22.1,39780,18,卖盘
2968,13:50:06,22.09,11045,5,卖盘
2969,13:50:09,22.1,33131,15,买盘
2970,13:50:12,22.1,125970,57,买盘
2971,13:50:15,22.09,55225,25,买盘
2972,13:50:18,22.08,28707,13,卖盘
2973,13:50:21,22.08,19872,9,卖盘
2974,13:50:24,22.08,39744,18,卖盘
2975,13:50:27,22.08,64032,29,买盘
2976,13:50:30,22.09,44164,20,买盘
2977,13:50:36,22.07,66210,30,卖盘
2978,13:50:42,22.08,33120,15,卖盘
2979,13:50:51,22.08,22080,10,卖盘
2980,13:50:54,22.08,189951,86,卖盘
2981,13:50:57,22.08,39744,18,买盘
2982,13:51:00,22.07,2207,1,卖盘
2983,13:51:03,22.08,2208,1,买盘
2984,13:51:06,22.07,72839,33,卖盘
2985,13:51:09,22.08,15456,7,买盘
2986,13:51:12,22.07,110350,50,卖盘
2987,13:51:18,22.08,4416,2,买盘
2988,13:51:21,22.07,8828,4,卖盘
2989,13:51:24,22.08,145728,66,买盘
2990,13:51:27,22.08,8832,4,卖盘
2991,13:51:30,22.09,2209,1,买盘
2992,13:51:33,22.08,33121,15,卖盘
2993,13:51:36,22.08,22082,10,卖盘
2994,13:51:39,22.09,2209,1,买盘
2995,13:51:42,22.09,26508,12,买盘
2996,13:51:45,22.09,6627,3,买盘
2997,13:51:48,22.09,39752,18,买盘
2998,13:51:51,22.09,33130,15,买盘
2999,13:51:54,22.08,28704,13,卖盘
3000,13:51:57,22.09,24299,11,买盘
3001,13:52:00,22.09,15461,7,买盘
3002,13:52:03,22.09,121495,55,买盘
3003,13:52:06,22.09,6627,3,卖盘
3004,13:52:09,22.09,19881,9,卖盘
3005,13:52:12,22.09,19881,9,卖盘
3006,13:52:18,22.09,13256,6,卖盘
3007,13:52:21,22.1,8840,4,买盘
3008,13:52:24,22.1,35358,16,买盘
3009,13:52:30,22.09,114881,52,卖盘
3010,13:52:33,22.09,128168,58,卖盘
3011,13:52:36,22.1,33150,15,买盘
3012,13:52:39,22.09,15465,7,卖盘
3013,13:52:42,22.09,148063,67,卖盘
3014,13:52:45,22.1,11050,5,买盘
3015,13:52:51,22.1,6630,3,买盘
3016,13:52:54,22.1,33150,15,买盘
3017,13:52:57,22.09,24300,11,卖盘
3018,13:53:00,22.1,55250,25,买盘
3019,13:53:03,22.1,8839,4,买盘
3020,13:53:09,22.1,4420,2,卖盘
3021,13:53:15,22.1,8840,4,卖盘
3022,13:53:24,22.1,4420,2,卖盘
3023,13:53:27,22.1,48620,22,卖盘
3024,13:53:30,22.1,46411,21,卖盘
3025,13:53:33,22.11,42005,19,买盘
3026,13:53:36,22.11,11055,5,买盘
3027,13:53:39,22.11,19898,9,买盘
3028,13:53:42,22.11,77372,35,买盘
3029,13:53:48,22.11,6633,3,买盘
3030,13:53:51,22.1,42000,19,卖盘
3031,13:53:54,22.11,11055,5,买盘
3032,13:53:57,22.11,99495,45,买盘
3033,13:54:00,22.11,75145,34,买盘
3034,13:54:06,22.1,88426,40,卖盘
3035,13:54:09,22.11,114972,52,买盘
3036,13:54:12,22.11,6633,3,卖盘
3037,13:54:15,22.11,88440,40,买盘
3038,13:54:18,22.11,190146,86,买盘
3039,13:54:21,22.11,15477,7,买盘
3040,13:54:24,22.11,22110,10,买盘
3041,13:54:27,22.1,22103,10,卖盘
3042,13:54:30,22.1,11051,5,卖盘
3043,13:54:33,22.1,41992,19,卖盘
3044,13:54:36,22.1,15470,7,卖盘
3045,13:54:45,22.11,2211,1,买盘
3046,13:54:48,22.11,24318,11,买盘
3047,13:54:51,22.11,15477,7,买盘
3048,13:54:54,22.11,37255,17,买盘
3049,13:55:00,22.11,53066,24,卖盘
3050,13:55:03,22.11,40134,18,卖盘
3051,13:55:06,22.11,24321,11,买盘
3052,13:55:09,22.1,132600,60,卖盘
3053,13:55:12,22.11,6633,3,买盘
3054,13:55:15,22.1,13260,6,卖盘
3055,13:55:18,22.11,13261,6,买盘
3056,13:55:24,22.11,24321,11,买盘
3057,13:55:33,22.11,2211,1,买盘
3058,13:55:39,22.1,72930,33,卖盘
3059,13:55:42,22.1,35360,16,卖盘
3060,13:55:45,22.1,70693,32,买盘
3061,13:55:48,22.09,48598,22,卖盘
3062,13:55:51,22.1,11047,5,买盘
3063,13:55:54,22.09,17672,8,卖盘
3064,13:55:57,22.09,578758,262,卖盘
3065,13:56:00,22.08,419528,190,卖盘
3066,13:56:03,22.08,203136,92,卖盘
3067,13:56:06,22.07,145662,66,卖盘
3068,13:56:09,22.07,99317,45,卖盘
3069,13:56:12,22.08,355488,161,买盘
3070,13:56:18,22.08,4416,2,卖盘
3071,13:56:21,22.06,8824,4,卖盘
3072,13:56:24,22.06,2206,1,卖盘
3073,13:56:27,22.06,6618,3,卖盘
3074,13:56:30,22.06,8824,4,卖盘
3075,13:56:33,22.07,17656,8,卖盘
3076,13:56:36,22.07,143455,65,卖盘
3077,13:56:39,22.06,205250,93,卖盘
3078,13:56:42,22.06,48548,22,卖盘
3079,13:56:45,22.07,2207,1,买盘
3080,13:56:48,22.06,35309,16,卖盘
3081,13:56:51,22.06,112506,51,卖盘
3082,13:56:54,22.07,322077,146,买盘
3083,13:56:57,22.07,39726,18,买盘
3084,13:57:00,22.06,6618,3,卖盘
3085,13:57:03,22.06,26472,12,卖盘
3086,13:57:06,22.07,22070,10,买盘
3087,13:57:15,22.06,225012,102,卖盘
3088,13:57:18,22.07,37513,17,买盘
3089,13:57:21,22.05,209535,95,卖盘
3090,13:57:27,22.07,26476,12,买盘
3091,13:57:30,22.07,207278,94,买盘
3092,13:57:33,22.06,11030,5,买盘
3093,13:57:36,22.06,4412,2,买盘
3094,13:57:39,22.05,2205,1,卖盘
3095,13:57:42,22.05,8821,4,卖盘
3096,13:57:45,22.05,11025,5,卖盘
3097,13:57:48,22.06,30874,14,买盘
3098,13:57:54,22.05,6615,3,卖盘
3099,13:57:57,22.05,19845,9,卖盘
3100,13:58:00,22.05,44115,20,卖盘
3101,13:58:03,22.05,33087,15,卖盘
3102,13:58:06,22.05,4410,2,卖盘
3103,13:58:09,22.06,44120,20,买盘
3104,13:58:15,22.06,112506,51,买盘
3105,13:58:18,22.06,26472,12,卖盘
3106,13:58:21,22.06,13240,6,卖盘
3107,13:58:27,22.06,15447,7,卖盘
3108,13:58:30,22.07,61796,28,买盘
3109,13:58:33,22.07,4414,2,卖盘
3110,13:58:36,22.07,114764,52,卖盘
3111,13:58:39,22.07,2207,1,卖盘
3112,13:58:45,22.07,130213,59,卖盘
3113,13:58:48,22.07,35312,16,卖盘
3114,13:58:51,22.07,19868,9,卖盘
3115,13:58:57,22.08,22075,10,买盘
3116,13:59:00,22.07,79485,36,卖盘
3117,13:59:06,22.07,17656,8,卖盘
3118,13:59:09,22.07,26484,12,卖盘
3119,13:59:12,22.07,59610,27,卖盘
3120,13:59:18,22.07,50781,23,卖盘
3121,13:59:21,22.07,44140,20,卖盘
3122,13:59:24,22.08,158954,72,买盘
3123,13:59:27,22.07,64003,29,卖盘
3124,13:59:30,22.07,22068,10,买盘
3125,13:59:33,22.07,119214,54,卖盘
3126,13:59:36,22.07,11037,5,卖盘
3127,13:59:39,22.07,52988,24,卖盘
3128,13:59:42,22.07,22070,10,卖盘
3129,13:59:45,22.08,83875,38,买盘
3130,13:59:48,22.08,24288,11,卖盘
3131,13:59:51,22.08,6624,3,卖盘
3132,13:59:54,22.09,28717,13,买盘
3133,14:00:06,22.09,8836,4,买盘
3134,14:00:09,22.08,41952,19,卖盘
3135,14:00:12,22.09,30925,14,买盘
3136,14:00:15,22.09,37548,17,买盘
3137,14:00:21,22.08,66241,30,卖盘
3138,14:00:27,22.08,22080,10,卖盘
3139,14:00:30,22.08,8832,4,卖盘
3140,14:00:33,22.08,64032,29,卖盘
3141,14:00:36,22.09,8836,4,买盘
3142,14:00:39,22.08,44160,20,中性盘
3143,14:00:42,22.09,11045,5,买盘
3144,14:00:45,22.07,37533,17,卖盘
3145,14:00:48,22.08,22080,10,卖盘
3146,14:00:51,22.08,75046,34,买盘
3147,14:00:54,22.07,26486,12,卖盘
3148,14:00:57,22.08,6624,3,买盘
3149,14:01:00,22.07,269255,122,卖盘
3150,14:01:03,22.08,15456,7,买盘
3151,14:01:09,22.07,306773,139,卖盘
3152,14:01:12,22.07,233942,106,买盘
