,成交时间,成交价格,成交金额,成交量,性质
0,09:25:00,4.1,9418520,22972,买盘
1,09:30:00,4.1,4758070,11605,买盘
2,09:30:03,4.11,6449085,15718,买盘
3,09:30:06,4.1,5408552,13168,卖盘
4,09:30:09,4.11,4419564,10754,买盘
5,09:30:12,4.12,6831976,16614,买盘
6,09:30:15,4.12,1561590,3792,买盘
7,09:30:18,4.12,72002,175,买盘
8,09:30:21,4.12,823092,1998,买盘
9,09:30:24,4.12,1047467,2543,买盘
10,09:30:27,4.12,641378,1557,买盘
11,09:30:30,4.11,2197474,5336,卖盘
12,09:30:33,4.12,4341711,10540,买盘
13,09:30:36,4.12,5798436,14079,买盘
14,09:30:39,4.12,3986108,9677,买盘
15,09:30:42,4.12,4529459,10995,买盘
16,09:30:45,4.13,688908,1669,买盘
17,09:30:48,4.12,526289,1277,卖盘
18,09:30:51,4.13,1306877,3171,买盘
19,09:30:54,4.12,1228646,2982,卖盘
20,09:30:57,4.12,921893,2237,卖盘
21,09:31:00,4.13,1494145,3626,买盘
22,09:31:03,4.12,1123376,2726,卖盘
23,09:31:06,4.13,289199,701,买盘
24,09:31:09,4.12,195082,473,卖盘
25,09:31:12,4.12,480122,1165,卖盘
26,09:31:15,4.12,620230,1502,卖盘
27,09:31:18,4.12,235431,571,卖盘
28,09:31:21,4.12,951377,2307,卖盘
29,09:31:24,4.12,292713,710,卖盘
30,09:31:27,4.12,1002159,2432,卖盘
31,09:31:30,4.13,281128,682,买盘
32,09:31:33,4.12,864051,2097,卖盘
33,09:31:36,4.12,1088178,2641,卖盘
34,09:31:39,4.12,2922393,7093,卖盘
35,09:31:42,4.12,990117,2404,卖盘
36,09:31:45,4.12,1026201,2492,买盘
37,09:31:48,4.11,885192,2150,卖盘
38,09:31:51,4.12,490415,1191,买盘
39,09:31:54,4.11,215117,523,卖盘
40,09:31:57,4.11,139073,338,卖盘
41,09:32:00,4.12,103726,252,买盘
42,09:32:03,4.11,619636,1505,卖盘
43,09:32:06,4.12,679986,1653,买盘
44,09:32:09,4.12,178911,435,买盘
45,09:32:12,4.11,372450,906,卖盘
46,09:32:15,4.11,252147,613,卖盘
47,09:32:18,4.11,116905,284,卖盘
48,09:32:21,4.11,11508,28,卖盘
49,09:32:24,4.12,55151,134,买盘
50,09:32:27,4.11,82765,201,卖盘
51,09:32:30,4.12,504906,1228,买盘
52,09:32:33,4.11,455865,1109,卖盘
53,09:32:36,4.11,328173,797,卖盘
54,09:32:39,4.11,16165658,39332,卖盘
55,09:32:42,4.1,910353,2215,卖盘
56,09:32:45,4.1,957054,2333,卖盘
57,09:32:48,4.11,877489,2139,买盘
58,09:32:51,4.11,847499,2066,买盘
59,09:32:54,4.11,669620,1633,买盘
60,09:32:57,4.1,1052428,2564,卖盘
61,09:33:00,4.1,528224,1288,卖盘
62,09:33:03,4.1,652168,1589,卖盘
63,09:33:06,4.1,514425,1254,卖盘
64,09:33:09,4.11,261534,637,买盘
65,09:33:12,4.11,338646,825,买盘
66,09:33:15,4.11,115623,282,买盘
67,09:33:18,4.1,209346,510,卖盘
68,09:33:21,4.1,305047,744,卖盘
69,09:33:24,4.11,240001,585,买盘
70,09:33:27,4.1,261082,636,卖盘
71,09:33:30,4.11,102685,250,买盘
72,09:33:33,4.11,403586,984,买盘
73,09:33:36,4.11,295374,720,买盘
74,09:33:39,4.1,300294,732,卖盘
75,09:33:42,4.1,1462440,3562,卖盘
76,09:33:45,4.11,344951,841,买盘
77,09:33:48,4.1,216477,527,卖盘
78,09:33:51,4.11,327188,798,买盘
79,09:33:54,4.1,62320,152,卖盘
80,09:33:57,4.1,356867,870,卖盘
81,09:34:00,4.11,101479,247,买盘
82,09:34:03,4.1,522867,1275,卖盘
83,09:34:06,4.11,115788,282,买盘
84,09:34:09,4.1,266116,649,卖盘
85,09:34:12,4.1,1874844,4563,卖盘
86,09:34:15,4.11,812593,1980,买盘
87,09:34:18,4.11,227696,555,买盘
88,09:34:21,4.11,207393,505,买盘
89,09:34:24,4.11,165611,403,买盘
90,09:34:27,4.1,1665543,4054,卖盘
91,09:34:30,4.11,143229,349,买盘
92,09:34:33,4.11,125631,306,买盘
93,09:34:36,4.11,210989,514,买盘
94,09:34:39,4.1,690513,1681,卖盘
95,09:34:42,4.11,468763,1142,买盘
96,09:34:45,4.11,128465,313,买盘
97,09:34:48,4.11,362988,885,买盘
98,09:34:51,4.11,99749,243,买盘
99,09:34:54,4.11,270199,658,买盘
100,09:34:57,4.11,1514811,3686,买盘
101,09:35:00,4.11,367488,895,买盘
102,09:35:03,4.1,503847,1227,卖盘
103,09:35:06,4.11,254246,619,买盘
104,09:35:09,4.11,167067,407,买盘
105,09:35:12,4.11,4844348,11787,买盘
106,09:35:15,4.12,2652887,6444,买盘
107,09:35:18,4.11,367979,895,卖盘
108,09:35:21,4.12,745304,1813,买盘
109,09:35:24,4.11,417663,1016,卖盘
110,09:35:27,4.12,364188,886,买盘
111,09:35:30,4.11,207208,504,卖盘
112,09:35:33,4.11,160439,390,卖盘
113,09:35:36,4.11,165223,402,卖盘
114,09:35:39,4.12,330622,804,买盘
115,09:35:42,4.12,1089607,2651,买盘
116,09:35:45,4.11,15974373,38867,卖盘
117,09:35:48,4.1,1975399,4815,卖盘
118,09:35:51,4.11,760415,1854,买盘
119,09:35:54,4.11,739478,1803,买盘
120,09:35:57,4.11,833582,2033,买盘
121,09:36:00,4.11,698516,1703,买盘
122,09:36:03,4.11,1677360,4090,买盘
123,09:36:06,4.11,778091,1897,买盘
124,09:36:09,4.1,476754,1162,卖盘
125,09:36:12,4.1,341796,833,卖盘
126,09:36:15,4.1,182670,445,卖盘
127,09:36:18,4.11,165471,403,买盘
128,09:36:21,4.1,226366,551,卖盘
129,09:36:24,4.1,168971,412,卖盘
130,09:36:27,4.1,215536,525,卖盘
131,09:36:30,4.1,1121956,2736,卖盘
132,09:36:33,4.11,263575,642,买盘
133,09:36:36,4.1,325263,793,卖盘
134,09:36:39,4.1,133660,326,卖盘
135,09:36:42,4.1,90610,221,卖盘
136,09:36:45,4.11,324179,789,买盘
137,09:36:48,4.11,226880,553,买盘
138,09:36:51,4.11,332519,811,买盘
139,09:36:54,4.1,327524,798,卖盘
140,09:36:57,4.11,280521,684,买盘
141,09:37:00,4.1,448796,1094,卖盘
142,09:37:03,4.1,2982444,7274,卖盘
143,09:37:06,4.1,4238790,10337,卖盘
144,09:37:09,4.1,1247476,3042,卖盘
145,09:37:12,4.1,927071,2261,卖盘
146,09:37:15,4.1,278459,679,卖盘
147,09:37:18,4.1,48830,119,卖盘
148,09:37:21,4.1,226967,553,卖盘
149,09:37:24,4.1,623954,1521,卖盘
150,09:37:27,4.1,228171,556,卖盘
151,09:37:30,4.1,96760,236,卖盘
152,09:37:33,4.11,330176,805,买盘
153,09:37:36,4.1,412547,1005,卖盘
154,09:37:39,4.11,476573,1162,买盘
155,09:37:42,4.11,354745,864,买盘
156,09:37:45,4.1,629561,1535,卖盘
157,09:37:48,4.11,94878,231,买盘
158,09:37:51,4.1,34503,84,卖盘
159,09:37:54,4.1,50430,123,卖盘
160,09:37:57,4.1,109950,268,卖盘
161,09:38:00,4.1,19686,48,卖盘
162,09:38:03,4.11,36910,90,买盘
163,09:38:06,4.11,92738,226,买盘
164,09:38:09,4.1,53710,131,卖盘
165,09:38:12,4.1,72638,177,卖盘
166,09:38:15,4.1,26241,64,卖盘
167,09:38:18,4.1,50096,122,卖盘
168,09:38:21,4.1,134890,329,卖盘
169,09:38:24,4.1,40642,99,卖盘
170,09:38:27,4.1,158003,385,卖盘
171,09:38:30,4.1,160281,390,卖盘
172,09:38:33,4.1,29144,71,卖盘
173,09:38:36,4.11,236223,575,买盘
174,09:38:39,4.11,170218,415,买盘
175,09:38:42,4.11,135175,329,买盘
176,09:38:45,4.11,114951,280,买盘
177,09:38:48,4.1,150893,368,卖盘
178,09:38:51,4.11,6163,15,买盘
179,09:38:54,4.11,197004,480,买盘
180,09:38:57,4.11,32841,80,买盘
181,09:39:00,4.11,28744,70,买盘
182,09:39:03,4.11,32864,80,买盘
183,09:39:06,4.11,139205,339,买盘
184,09:39:09,4.11,435985,1061,买盘
185,09:39:12,4.11,448267,1092,买盘
186,09:39:15,4.11,176153,429,买盘
187,09:39:18,4.11,80411,196,买盘
188,09:39:21,4.1,191516,467,卖盘
189,09:39:24,4.1,302024,736,卖盘
190,09:39:27,4.1,137879,336,卖盘
191,09:39:30,4.1,19690,48,卖盘
192,09:39:33,4.11,73565,179,买盘
193,09:39:36,4.1,65698,160,卖盘
194,09:39:39,4.1,87079,212,卖盘
195,09:39:42,4.11,130258,317,买盘
196,09:39:45,4.1,352991,859,卖盘
197,09:39:48,4.1,167145,407,卖盘
198,09:39:51,4.1,651090,1588,卖盘
199,09:39:54,4.11,43966,107,买盘
200,09:39:57,4.1,356806,870,卖盘
201,09:40:00,4.11,163622,399,买盘
202,09:40:03,4.11,144846,353,买盘
203,09:40:06,4.1,820,2,卖盘
204,09:40:09,4.1,96005,234,卖盘
205,09:40:12,4.11,6904974,16801,买盘
206,09:40:15,4.1,5140391,12514,卖盘
207,09:40:18,4.11,1581482,3850,买盘
208,09:40:21,4.11,9197273,22382,买盘
209,09:40:24,4.11,14986754,36466,买盘
210,09:40:27,4.1,8726777,21239,卖盘
211,09:40:30,4.11,1184091,2881,买盘
212,09:40:33,4.11,1283318,3123,买盘
213,09:40:36,4.11,493611,1201,买盘
214,09:40:39,4.11,491967,1197,买盘
215,09:40:42,4.11,544144,1324,买盘
216,09:40:45,4.11,1332029,3241,买盘
217,09:40:48,4.11,557395,1356,买盘
218,09:40:51,4.11,512580,1247,买盘
219,09:40:54,4.11,287691,700,卖盘
220,09:40:57,4.11,630231,1533,卖盘
221,09:41:00,4.12,93300,227,买盘
222,09:41:03,4.11,389359,947,卖盘
223,09:41:06,4.11,310736,756,卖盘
224,09:41:09,4.11,123732,301,卖盘
225,09:41:12,4.11,494446,1203,卖盘
226,09:41:15,4.11,48498,118,卖盘
227,09:41:18,4.11,99873,243,卖盘
228,09:41:21,4.11,130287,317,卖盘
229,09:41:24,4.11,171818,418,卖盘
230,09:41:27,4.12,198132,482,买盘
231,09:41:30,4.12,48092,117,买盘
232,09:41:33,4.11,56718,138,卖盘
233,09:41:36,4.11,70303,171,卖盘
234,09:41:39,4.11,45684,111,卖盘
235,09:41:42,4.12,27551,67,买盘
236,09:41:45,4.12,97944,238,买盘
237,09:41:48,4.12,139473,339,买盘
238,09:41:51,4.11,23039,56,卖盘
239,09:41:54,4.12,98667,240,买盘
240,09:41:57,4.12,177541,431,买盘
241,09:42:00,4.12,249234,606,买盘
242,09:42:03,4.12,71106,173,买盘
243,09:42:06,4.11,272508,663,卖盘
244,09:42:09,4.12,233718,568,买盘
245,09:42:12,4.11,331778,807,卖盘
246,09:42:15,4.11,7802010,18983,卖盘
247,09:42:18,4.11,7904763,19233,买盘
248,09:42:21,4.11,75239,183,卖盘
249,09:42:24,4.12,160445,390,买盘
250,09:42:27,4.11,78090,190,卖盘
251,09:42:30,4.11,18517,45,卖盘
252,09:42:33,4.11,234213,569,卖盘
253,09:42:36,4.11,21786,53,卖盘
254,09:42:39,4.11,203111,494,卖盘
255,09:42:42,4.11,283306,689,卖盘
256,09:42:45,4.11,335390,815,卖盘
257,09:42:48,4.11,140765,342,卖盘
258,09:42:51,4.12,103759,252,买盘
259,09:42:54,4.12,102877,250,买盘
260,09:42:57,4.12,143958,350,买盘
261,09:43:00,4.12,11939,29,买盘
262,09:43:03,4.11,55490,135,卖盘
263,09:43:06,4.12,143073,348,买盘
264,09:43:09,4.11,309545,753,卖盘
265,09:43:12,4.12,441634,1072,买盘
266,09:43:15,4.11,41100,100,卖盘
267,09:43:18,4.12,94647,230,买盘
268,09:43:21,4.12,130909,318,买盘
269,09:43:24,4.12,65027,158,买盘
270,09:43:27,4.12,20600,50,买盘
271,09:43:30,4.12,128132,311,买盘
272,09:43:33,4.11,254557,619,卖盘
273,09:43:36,4.12,88449,215,买盘
274,09:43:39,4.11,246423,599,卖盘
275,09:43:42,4.11,309768,752,卖盘
276,09:43:45,4.12,80566,196,买盘
277,09:43:48,4.12,202287,491,买盘
278,09:43:51,4.11,83448,203,卖盘
279,09:43:54,4.12,130722,318,买盘
280,09:43:57,4.11,4301664,10441,卖盘
281,09:44:00,4.12,44074,107,买盘
282,09:44:03,4.12,4193681,10179,买盘
283,09:44:06,4.12,377386,916,买盘
284,09:44:09,4.11,76104,185,卖盘
285,09:44:12,4.12,4194562,10181,买盘
286,09:44:15,4.12,192951,469,买盘
287,09:44:18,4.12,1022161,2481,买盘
288,09:44:21,4.12,63033,153,买盘
289,09:44:24,4.12,294578,715,买盘
290,09:44:27,4.12,5213815,12655,买盘
291,09:44:30,4.13,8667190,21037,买盘
292,09:44:33,4.13,630813,1529,买盘
293,09:44:36,4.12,51993,126,卖盘
294,09:44:39,4.12,220846,536,卖盘
295,09:44:42,4.12,104262,253,卖盘
296,09:44:45,4.13,77947,189,买盘
297,09:44:48,4.12,19390,47,卖盘
298,09:44:51,4.12,95595,232,卖盘
299,09:44:54,4.13,128563,312,买盘
300,09:44:57,4.12,54005,131,卖盘
301,09:45:00,4.13,140305,340,买盘
302,09:45:03,4.12,539460,1309,卖盘
303,09:45:06,4.13,1136002,2751,买盘
304,09:45:09,4.13,146721,356,买盘
305,09:45:12,4.12,176077,427,卖盘
306,09:45:15,4.13,87004,211,买盘
307,09:45:18,4.13,150146,364,买盘
308,09:45:21,4.13,295198,716,买盘
309,09:45:24,4.12,102702,249,卖盘
310,09:45:27,4.12,189926,460,卖盘
311,09:45:30,4.12,80428,195,卖盘
312,09:45:33,4.13,288532,700,买盘
313,09:45:36,4.13,247997,601,买盘
314,09:45:39,4.13,334520,810,买盘
315,09:45:42,4.13,56989,138,买盘
316,09:45:45,4.12,62212,151,卖盘
317,09:45:48,4.12,345044,837,卖盘
318,09:45:51,4.13,180744,438,买盘
319,09:45:54,4.12,113759,276,卖盘
320,09:45:57,4.13,126739,307,买盘
321,09:46:00,4.12,246841,599,卖盘
322,09:46:03,4.12,171133,415,卖盘
323,09:46:06,4.12,7834,19,卖盘
324,09:46:09,4.13,66058,160,买盘
325,09:46:12,4.13,197761,480,买盘
326,09:46:15,4.13,358061,867,买盘
327,09:46:18,4.12,143616,348,卖盘
328,09:46:21,4.13,178261,432,买盘
329,09:46:24,4.13,37170,90,买盘
330,09:46:27,4.13,542166,1314,买盘
331,09:46:30,4.13,117670,285,买盘
332,09:46:33,4.13,43732,106,买盘
333,09:46:36,4.12,56942,138,卖盘
334,09:46:39,4.13,21029,51,买盘
335,09:46:42,4.13,80535,195,买盘
336,09:46:45,4.12,132441,321,卖盘
337,09:46:48,4.12,91259,221,卖盘
338,09:46:51,4.13,62342,151,买盘
339,09:46:54,4.13,340559,826,买盘
340,09:46:57,4.12,171803,416,卖盘
341,09:47:00,4.12,55632,135,卖盘
342,09:47:03,4.12,132319,321,卖盘
343,09:47:06,4.12,97698,237,卖盘
344,09:47:09,4.12,93986,228,卖盘
345,09:47:12,4.12,39552,96,卖盘
346,09:47:15,4.12,47380,115,卖盘
347,09:47:18,4.12,3517290,8537,卖盘
348,09:47:21,4.12,49852,121,卖盘
349,09:47:24,4.12,31313,76,卖盘
350,09:47:27,4.12,35021,85,卖盘
351,09:47:30,4.13,223774,543,买盘
352,09:47:33,4.12,75422,183,卖盘
353,09:47:36,4.12,41681,101,卖盘
354,09:47:39,4.12,154511,375,卖盘
355,09:47:42,4.12,109269,265,卖盘
356,09:47:45,4.12,559908,1359,卖盘
357,09:47:48,4.12,78729,191,卖盘
358,09:47:51,4.13,287607,698,买盘
359,09:47:54,4.12,13627,33,卖盘
360,09:47:57,4.13,228392,554,买盘
361,09:48:00,4.13,17724,43,买盘
362,09:48:03,4.12,156192,379,卖盘
363,09:48:06,4.12,417297,1011,卖盘
364,09:48:09,4.13,419433,1017,买盘
365,09:48:12,4.13,113343,275,买盘
366,09:48:15,4.12,34196,83,卖盘
367,09:48:18,4.12,64014,155,卖盘
368,09:48:21,4.12,94393,229,卖盘
369,09:48:24,4.12,579707,1407,卖盘
370,09:48:27,4.12,113306,275,卖盘
371,09:48:30,4.12,31374,76,卖盘
372,09:48:33,4.12,116596,283,卖盘
373,09:48:36,4.13,61900,150,买盘
374,09:48:39,4.12,20412615,49545,卖盘
375,09:48:42,4.12,739102,1794,买盘
376,09:48:45,4.11,244994,595,卖盘
377,09:48:48,4.12,116354,283,买盘
378,09:48:51,4.12,52293,127,买盘
379,09:48:54,4.12,304157,739,买盘
380,09:48:57,4.11,87162,212,卖盘
381,09:49:00,4.12,704886,1711,买盘
382,09:49:03,4.12,693318,1683,买盘
383,09:49:06,4.12,142138,345,买盘
384,09:49:09,4.12,286086,695,买盘
385,09:49:12,4.12,121128,294,买盘
386,09:49:15,4.11,44388,108,卖盘
387,09:49:18,4.12,1661576,4033,买盘
388,09:49:21,4.12,92696,225,买盘
389,09:49:24,4.12,63850,155,买盘
390,09:49:27,4.12,215790,524,买盘
391,09:49:30,4.12,42433,103,买盘
392,09:49:33,4.11,28393,69,卖盘
393,09:49:36,4.11,30827,75,卖盘
394,09:49:39,4.12,28378,69,买盘
395,09:49:42,4.12,239364,581,买盘
396,09:49:45,4.11,200035,486,卖盘
397,09:49:48,4.12,16891,41,买盘
398,09:49:51,4.11,64606,157,卖盘
399,09:49:54,4.12,2187535,5310,买盘
400,09:49:57,4.12,230500,560,买盘
401,09:50:00,4.12,1381798,3356,买盘
402,09:50:03,4.12,387682,941,买盘
403,09:50:06,4.11,74014,180,卖盘
404,09:50:09,4.11,190916,464,卖盘
405,09:50:12,4.12,7819,19,买盘
406,09:50:15,4.12,77419,188,买盘
407,09:50:18,4.12,6162283,14957,买盘
408,09:50:21,4.12,867338,2106,买盘
409,09:50:24,4.12,277097,673,买盘
410,09:50:27,4.12,153264,372,买盘
411,09:50:30,4.11,749378,1819,卖盘
412,09:50:33,4.12,205588,499,买盘
413,09:50:36,4.12,437354,1062,买盘
414,09:50:39,4.11,60872,148,卖盘
415,09:50:42,4.12,160986,391,买盘
416,09:50:45,4.11,162055,394,卖盘
417,09:50:48,4.11,436209,1059,卖盘
418,09:50:51,4.12,155735,378,买盘
419,09:50:54,4.12,867205,2105,买盘
420,09:50:57,4.12,119809,291,买盘
421,09:51:00,4.12,84437,205,买盘
422,09:51:03,4.12,105407,256,买盘
423,09:51:06,4.11,65760,160,卖盘
424,09:51:09,4.11,76961,187,卖盘
425,09:51:12,4.11,49000,119,卖盘
426,09:51:15,4.12,59328,144,买盘
427,09:51:18,4.12,18510,45,买盘
428,09:51:21,4.12,155636,378,买盘
429,09:51:24,4.12,7004,17,买盘
430,09:51:27,4.11,19327,47,卖盘
431,09:51:30,4.12,4120,10,买盘
432,09:51:33,4.12,15650,38,买盘
433,09:51:36,4.11,30068,73,卖盘
434,09:51:39,4.11,10686,26,卖盘
435,09:51:42,4.11,39045,95,卖盘
436,09:51:45,4.11,6165,15,卖盘
437,09:51:48,4.11,60849,148,卖盘
438,09:51:51,4.12,59207,144,买盘
439,09:51:54,4.11,35757,87,卖盘
440,09:51:57,4.11,42746,104,卖盘
441,09:52:00,4.11,9864,24,卖盘
442,09:52:03,4.12,113249,275,买盘
443,09:52:06,4.12,174742,425,买盘
444,09:52:09,4.12,954181,2316,买盘
445,09:52:12,4.11,201054,489,卖盘
446,09:52:15,4.12,14420,35,买盘
447,09:52:18,4.11,34124,83,卖盘
448,09:52:21,4.11,98853,240,卖盘
449,09:52:24,4.12,102388,249,买盘
450,09:52:27,4.12,67976,165,买盘
451,09:52:30,4.11,415492,1009,卖盘
452,09:52:33,4.12,26338,64,买盘
453,09:52:36,4.11,583286,1416,卖盘
454,09:52:39,4.12,156972,381,买盘
455,09:52:42,4.12,380181,924,买盘
456,09:52:45,4.12,264837,643,买盘
457,09:52:48,4.12,534768,1298,买盘
458,09:52:51,4.12,179937,437,买盘
459,09:52:54,4.12,730878,1774,买盘
460,09:52:57,4.12,116182,282,买盘
461,09:53:00,4.12,67977,165,买盘
462,09:53:03,4.11,836957,2036,卖盘
463,09:53:06,4.11,1623498,3942,卖盘
464,09:53:09,4.12,64684,157,买盘
465,09:53:12,4.12,275607,669,买盘
466,09:53:15,4.12,88560,215,买盘
467,09:53:18,4.12,43664,106,买盘
468,09:53:21,4.12,403725,980,买盘
469,09:53:24,4.12,1064486,2584,买盘
470,09:53:27,4.12,377690,917,买盘
471,09:53:30,4.12,120304,292,买盘
472,09:53:33,4.11,138018,335,卖盘
473,09:53:36,4.11,74446,181,卖盘
474,09:53:39,4.12,198973,483,买盘
475,09:53:42,4.12,133000,323,买盘
476,09:53:45,4.12,37904,92,买盘
477,09:53:48,4.12,73745,179,买盘
478,09:53:51,4.12,157384,382,买盘
479,09:53:54,4.11,172625,420,卖盘
480,09:53:57,4.12,88452,215,买盘
481,09:54:00,4.12,165861,403,买盘
482,09:54:03,4.12,125246,304,买盘
483,09:54:06,4.12,156148,379,买盘
484,09:54:09,4.12,713583,1732,买盘
485,09:54:12,4.12,765468,1858,买盘
486,09:54:15,4.12,112476,273,买盘
487,09:54:18,4.12,230432,560,买盘
488,09:54:21,4.12,4608683,11186,买盘
489,09:54:24,4.12,153383,372,卖盘
490,09:54:27,4.12,231073,560,卖盘
491,09:54:30,4.12,180717,438,卖盘
492,09:54:33,4.12,142964,347,卖盘
493,09:54:36,4.12,211376,513,卖盘
494,09:54:39,4.12,168788,409,卖盘
495,09:54:42,4.12,65598,159,卖盘
496,09:54:45,4.12,62216,151,卖盘
497,09:54:48,4.12,82400,200,卖盘
498,09:54:51,4.13,65104,158,买盘
499,09:54:54,4.12,230350,559,卖盘
500,09:54:57,4.12,57681,140,卖盘
501,09:55:00,4.12,183420,445,卖盘
502,09:55:03,4.12,1308940,3177,卖盘
503,09:55:06,4.12,89858,218,卖盘
504,09:55:09,4.12,187108,454,卖盘
505,09:55:12,4.12,218370,530,卖盘
506,09:55:15,4.12,216732,526,卖盘
507,09:55:18,4.12,156972,381,卖盘
508,09:55:21,4.12,3584831,8701,卖盘
509,09:55:24,4.13,326131,792,买盘
510,09:55:27,4.12,459794,1116,买盘
511,09:55:30,4.12,392633,953,买盘
512,09:55:33,4.11,522767,1270,卖盘
513,09:55:36,4.11,259346,630,卖盘
514,09:55:39,4.11,84379,205,卖盘
515,09:55:42,4.12,4944,12,买盘
516,09:55:45,4.12,99699,242,买盘
517,09:55:48,4.12,30454,74,买盘
518,09:55:51,4.12,80701,196,买盘
519,09:55:54,4.12,29637,72,买盘
520,09:55:57,4.12,97178,236,买盘
521,09:56:03,4.12,134514,327,买盘
522,09:56:06,4.12,214642,521,买盘
523,09:56:09,4.12,49027,119,买盘
524,09:56:12,4.12,73746,179,买盘
525,09:56:15,4.12,266970,648,买盘
526,09:56:18,4.12,142082,345,买盘
527,09:56:21,4.11,34607,84,卖盘
528,09:56:24,4.12,786082,1908,买盘
529,09:56:27,4.11,35429,86,卖盘
530,09:56:30,4.12,13596,33,买盘
531,09:56:33,4.12,42024,102,买盘
532,09:56:36,4.12,161911,393,买盘
533,09:56:39,4.12,114946,279,买盘
534,09:56:42,4.12,79926,194,买盘
535,09:56:45,4.12,11940,29,买盘
536,09:56:48,4.12,57598,140,买盘
537,09:56:51,4.12,81576,198,买盘
538,09:56:54,4.11,210935,512,卖盘
539,09:56:57,4.12,595752,1446,买盘
540,09:57:00,4.12,45307,110,买盘
541,09:57:03,4.12,92647,225,买盘
542,09:57:06,4.12,15637,38,买盘
543,09:57:09,4.12,22660,55,买盘
544,09:57:12,4.12,12772,31,买盘
545,09:57:15,4.12,41612,101,买盘
546,09:57:18,4.12,40376,98,买盘
547,09:57:21,4.11,80646,196,卖盘
548,09:57:24,4.11,124766,303,卖盘
549,09:57:27,4.12,70770,172,买盘
550,09:57:30,4.12,440428,1069,买盘
551,09:57:33,4.12,49027,119,买盘
552,09:57:36,4.12,187397,455,买盘
553,09:57:39,4.12,452376,1098,买盘
554,09:57:42,4.12,501404,1217,买盘
555,09:57:45,4.11,224451,545,卖盘
556,09:57:48,4.12,203528,494,买盘
557,09:57:51,4.12,110828,269,买盘
558,09:57:54,4.12,71624,174,买盘
559,09:57:57,4.11,141042,343,卖盘
560,09:58:00,4.11,278424,677,卖盘
561,09:58:03,4.12,83999,204,买盘
562,09:58:06,4.12,181685,441,买盘
563,09:58:09,4.12,215893,524,买盘
564,09:58:12,4.12,318986,774,买盘
565,09:58:15,4.12,338664,822,买盘
566,09:58:18,4.12,140536,341,买盘
567,09:58:21,4.11,664986,1615,卖盘
568,09:58:24,4.12,458786,1116,买盘
569,09:58:27,4.12,359676,873,买盘
570,09:58:30,4.12,173333,421,买盘
571,09:58:33,4.12,80699,196,买盘
572,09:58:36,4.11,84440,205,卖盘
573,09:58:39,4.12,144605,351,买盘
574,09:58:42,4.12,522410,1268,买盘
575,09:58:45,4.12,160266,389,买盘
576,09:58:48,4.12,222571,541,买盘
577,09:58:51,4.12,164213,399,买盘
578,09:58:54,4.12,122776,298,买盘
579,09:58:57,4.12,28839,70,买盘
580,09:59:00,4.12,65076,158,买盘
581,09:59:03,4.11,214845,522,卖盘
582,09:59:06,4.12,47786,116,买盘
583,09:59:09,4.12,516957,1255,买盘
584,09:59:12,4.12,148732,361,买盘
585,09:59:15,4.11,566911,1376,卖盘
586,09:59:18,4.11,189510,460,卖盘
587,09:59:21,4.12,38288,93,买盘
588,09:59:24,4.12,118653,288,买盘
589,09:59:27,4.12,13573,33,买盘
590,09:59:30,4.11,61737,150,卖盘
591,09:59:33,4.12,302767,735,买盘
592,09:59:36,4.12,74984,182,买盘
593,09:59:39,4.12,81163,197,买盘
594,09:59:42,4.12,52272,127,买盘
595,09:59:45,4.12,41591,101,买盘
596,09:59:48,4.12,30893,75,买盘
597,09:59:51,4.12,40788,99,买盘
598,09:59:54,4.12,28016,68,买盘
599,09:59:57,4.12,283842,689,买盘
600,10:00:00,4.12,266880,648,买盘
601,10:00:03,4.12,445551,1082,买盘
602,10:00:06,4.12,154263,375,买盘
603,10:00:09,4.12,65800,160,买盘
604,10:00:12,4.12,118656,288,买盘
605,10:00:15,4.12,24720,60,买盘
606,10:00:18,4.12,87616,213,买盘
607,10:00:21,4.11,107793,262,卖盘
608,10:00:24,4.12,61754,150,买盘
609,10:00:27,4.12,71927,175,买盘
610,10:00:30,4.12,7411,18,买盘
611,10:00:33,4.11,101627,247,卖盘
612,10:00:36,4.11,282769,688,卖盘
613,10:00:39,4.12,58914,143,买盘
614,10:00:42,4.11,8631,21,卖盘
615,10:00:45,4.11,540558,1314,卖盘
616,10:00:48,4.12,159444,387,买盘
617,10:00:51,4.11,125025,304,卖盘
618,10:00:54,4.12,251722,612,买盘
619,10:00:57,4.12,79386,193,买盘
620,10:01:00,4.12,41590,101,买盘
621,10:01:03,4.12,156355,380,买盘
622,10:01:06,4.11,341745,831,卖盘
623,10:01:09,4.12,12745,31,买盘
624,10:01:12,4.11,364062,884,卖盘
625,10:01:15,4.12,26754,65,买盘
626,10:01:18,4.12,30066,73,买盘
627,10:01:21,4.12,8240,20,买盘
628,10:01:24,4.12,34196,83,买盘
629,10:01:27,4.12,35430,86,买盘
630,10:01:30,4.11,184950,450,卖盘
631,10:01:33,4.11,217442,528,卖盘
632,10:01:36,4.12,85916,209,买盘
633,10:01:39,4.12,55204,134,买盘
634,10:01:42,4.11,25534,62,卖盘
635,10:01:45,4.12,33368,81,买盘
636,10:01:48,4.12,44490,108,买盘
637,10:01:51,4.11,16859,41,卖盘
638,10:01:54,4.12,86400,210,买盘
639,10:01:57,4.12,270819,658,买盘
640,10:02:00,4.12,267717,651,买盘
641,10:02:03,4.12,823,2,买盘
642,10:02:06,4.11,105263,256,卖盘
643,10:02:09,4.12,130554,317,买盘
644,10:02:12,4.12,5759,14,买盘
645,10:02:15,4.11,108252,263,卖盘
646,10:02:24,4.12,144974,352,买盘
647,10:02:27,4.11,133426,324,卖盘
648,10:02:30,4.11,585542,1422,卖盘
649,10:02:33,4.12,124978,304,买盘
650,10:02:36,4.12,3702,9,买盘
651,10:02:39,4.11,135445,329,卖盘
652,10:02:42,4.12,1648,4,买盘
653,10:02:45,4.12,338576,823,买盘
654,10:02:48,4.11,26731,65,卖盘
655,10:02:51,4.12,131428,319,买盘
656,10:02:54,4.12,732531,1782,买盘
657,10:02:57,4.11,15094200,36725,卖盘
658,10:03:00,4.11,3458159,8414,卖盘
659,10:03:03,4.11,1759551,4281,卖盘
660,10:03:06,4.11,1170123,2847,卖盘
661,10:03:09,4.11,772174,1878,卖盘
662,10:03:12,4.12,426347,1037,买盘
663,10:03:15,4.12,354997,863,买盘
664,10:03:18,4.11,89598,218,卖盘
665,10:03:21,4.12,68283,166,买盘
666,10:03:24,4.12,214565,522,买盘
667,10:03:27,4.11,44799,109,卖盘
668,10:03:30,4.11,50964,124,卖盘
669,10:03:33,4.12,78159,190,买盘
670,10:03:36,4.11,230982,562,卖盘
671,10:03:39,4.11,60441,147,卖盘
672,10:03:42,4.11,2682125,6512,卖盘
673,10:03:45,4.11,491611,1196,卖盘
674,10:03:48,4.12,202392,492,买盘
675,10:03:51,4.12,422153,1027,买盘
676,10:03:54,4.11,52621,128,卖盘
677,10:03:57,4.11,103261,251,卖盘
678,10:04:00,4.11,100290,244,卖盘
679,10:04:03,4.11,126589,308,卖盘
680,10:04:06,4.11,76039,185,卖盘
681,10:04:09,4.12,81889,199,买盘
682,10:04:12,4.12,230680,560,买盘
683,10:04:15,4.11,1271559,3093,卖盘
684,10:04:18,4.12,465701,1131,买盘
685,10:04:21,4.11,96207,234,卖盘
686,10:04:24,4.11,148785,362,卖盘
687,10:04:27,4.12,210927,512,买盘
688,10:04:30,4.11,251046,610,卖盘
689,10:04:33,4.11,74478,181,卖盘
690,10:04:36,4.11,64167,156,卖盘
691,10:04:39,4.11,97071,236,卖盘
692,10:04:42,4.12,1446117,3510,买盘
693,10:04:45,4.12,438231,1066,买盘
694,10:04:48,4.11,180515,439,卖盘
695,10:04:51,4.12,77733,189,买盘
696,10:04:54,4.11,30003,73,卖盘
697,10:04:57,4.12,85542,208,买盘
698,10:05:00,4.12,123058,299,买盘
699,10:05:03,4.12,180256,438,买盘
700,10:05:06,4.11,100929,245,卖盘
701,10:05:09,4.12,51408,125,买盘
702,10:05:12,4.11,13152,32,卖盘
703,10:05:15,4.12,7828,19,买盘
704,10:05:18,4.11,3293,8,卖盘
705,10:05:21,4.12,97109,236,买盘
706,10:05:24,4.11,194457,473,卖盘
707,10:05:27,4.12,60850,148,买盘
708,10:05:30,4.12,82211,200,买盘
709,10:05:33,4.12,84718,206,买盘
710,10:05:36,4.12,285018,692,买盘
711,10:05:39,4.12,76084,185,买盘
712,10:05:42,4.12,411579,999,买盘
713,10:05:45,4.12,144696,352,买盘
714,10:05:48,4.11,629259,1529,卖盘
715,10:05:51,4.11,89253,217,卖盘
716,10:05:54,4.12,70733,172,买盘
717,10:05:57,4.11,102027,248,卖盘
718,10:06:00,4.12,295538,718,买盘
719,10:06:03,4.11,60828,148,卖盘
720,10:06:06,4.11,129622,315,卖盘
721,10:06:09,4.12,187652,456,买盘
722,10:06:12,4.12,233074,567,买盘
723,10:06:15,4.11,2725404,6631,卖盘
724,10:06:18,4.11,3310036,8053,卖盘
725,10:06:21,4.11,532307,1294,卖盘
726,10:06:24,4.11,635025,1545,卖盘
727,10:06:27,4.11,247275,601,卖盘
728,10:06:30,4.11,78091,190,卖盘
729,10:06:33,4.11,105235,256,卖盘
730,10:06:36,4.11,40693,99,卖盘
731,10:06:39,4.11,59202,144,卖盘
732,10:06:42,4.12,654039,1591,买盘
733,10:06:45,4.12,70452,171,买盘
734,10:06:48,4.12,548265,1331,买盘
735,10:06:51,4.11,27191,66,卖盘
736,10:06:54,4.12,9476,23,买盘
737,10:06:57,4.11,904221,2200,卖盘
738,10:07:00,4.12,27187,66,买盘
739,10:07:03,4.12,124414,302,买盘
740,10:07:06,4.12,295542,719,买盘
741,10:07:09,4.11,17673,43,卖盘
742,10:07:12,4.12,53560,130,买盘
743,10:07:15,4.11,247608,601,卖盘
744,10:07:18,4.12,364619,887,买盘
745,10:07:21,4.11,237288,576,卖盘
746,10:07:24,4.11,82200,200,卖盘
747,10:07:27,4.12,176327,428,买盘
748,10:07:30,4.11,77779,189,卖盘
749,10:07:33,4.11,22651,55,卖盘
750,10:07:36,4.12,249901,608,买盘
751,10:07:39,4.11,60147,146,卖盘
752,10:07:42,4.11,823,2,卖盘
753,10:07:45,4.12,57601,140,买盘
754,10:07:48,4.12,93722,228,买盘
755,10:07:51,4.11,139468,339,卖盘
756,10:07:54,4.12,252108,612,买盘
757,10:07:57,4.11,167049,406,卖盘
758,10:08:00,4.11,10690,26,卖盘
759,10:08:03,4.12,537188,1304,买盘
760,10:08:06,4.12,68235,166,买盘
761,10:08:09,4.11,122932,299,卖盘
762,10:08:12,4.12,618822,1502,买盘
763,10:08:15,4.11,268839,654,卖盘
764,10:08:21,4.11,62923,153,卖盘
765,10:08:24,4.11,118049,287,卖盘
766,10:08:27,4.12,52736,128,买盘
767,10:08:30,4.12,31713,77,买盘
768,10:08:33,4.12,402736,978,买盘
769,10:08:36,4.12,28407,69,买盘
770,10:08:39,4.12,642208,1559,买盘
771,10:08:42,4.11,137046,333,卖盘
772,10:08:45,4.12,531650,1291,买盘
773,10:08:48,4.12,404184,983,买盘
774,10:08:51,4.12,260297,632,买盘
775,10:08:54,4.12,47762,116,买盘
776,10:08:57,4.11,4522,11,卖盘
777,10:09:00,4.11,94576,230,卖盘
778,10:09:03,4.11,27948,68,卖盘
779,10:09:06,4.11,22653,55,卖盘
780,10:09:09,4.11,24710,60,卖盘
781,10:09:12,4.12,56444,137,买盘
782,10:09:15,4.11,223941,544,卖盘
783,10:09:18,4.12,106497,259,买盘
784,10:09:21,4.11,73572,179,卖盘
785,10:09:24,4.11,57168,139,卖盘
786,10:09:27,4.12,29215,71,买盘
787,10:09:30,4.11,17710,43,卖盘
788,10:09:33,4.11,104394,254,卖盘
789,10:09:36,4.12,58498,142,买盘
790,10:09:39,4.11,104809,255,卖盘
791,10:09:42,4.11,45235,110,卖盘
792,10:09:45,4.12,41594,101,买盘
793,10:09:48,4.12,86025,209,买盘
794,10:09:51,4.12,75781,184,买盘
795,10:09:54,4.11,49340,120,卖盘
796,10:09:57,4.12,147379,358,买盘
797,10:10:00,4.12,1236,3,买盘
798,10:10:03,4.11,44468,108,卖盘
799,10:10:06,4.11,60965,148,卖盘
800,10:10:09,4.11,46855,114,卖盘
801,10:10:12,4.11,40278,98,卖盘
802,10:10:15,4.12,19364,47,买盘
803,10:10:18,4.12,37834,92,买盘
804,10:10:21,4.12,48513,118,买盘
805,10:10:24,4.12,17301,42,买盘
806,10:10:27,4.12,9046,22,买盘
807,10:10:30,4.12,48610,118,买盘
808,10:10:33,4.11,104839,255,卖盘
809,10:10:36,4.11,53872,131,卖盘
810,10:10:39,4.12,55912,136,买盘
811,10:10:42,4.12,37836,92,买盘
812,10:10:45,4.12,46124,112,买盘
813,10:10:48,4.12,70730,172,买盘
814,10:10:51,4.12,149556,363,买盘
815,10:10:54,4.11,101703,247,卖盘
816,10:10:57,4.12,137842,335,买盘
817,10:11:00,4.12,3290,8,买盘
818,10:11:03,4.11,41118,100,卖盘
819,10:11:06,4.12,6177,15,买盘
820,10:11:09,4.11,51787,126,卖盘
821,10:11:12,4.12,44904,109,买盘
822,10:11:15,4.12,62572,152,买盘
823,10:11:18,4.11,95081,231,卖盘
824,10:11:21,4.11,113486,276,卖盘
825,10:11:24,4.12,92568,225,买盘
826,10:11:27,4.11,87957,214,卖盘
827,10:11:30,4.12,418165,1015,买盘
828,10:11:33,4.11,66201,161,卖盘
829,10:11:36,4.12,44857,109,买盘
830,10:11:39,4.11,11508,28,卖盘
831,10:11:42,4.12,16892,41,买盘
832,10:11:45,4.12,42432,103,买盘
833,10:11:48,4.11,108504,264,卖盘
834,10:11:51,4.11,97192,236,卖盘
835,10:11:54,4.12,196784,478,买盘
836,10:11:57,4.12,4934,12,买盘
837,10:12:00,4.12,42021,102,买盘
838,10:12:03,4.11,551056,1338,卖盘
839,10:12:06,4.11,383749,932,卖盘
840,10:12:09,4.12,49437,120,买盘
841,10:12:12,4.12,48204,117,买盘
842,10:12:15,4.12,64683,157,买盘
843,10:12:18,4.11,93104,226,卖盘
844,10:12:21,4.12,9476,23,买盘
845,10:12:24,4.11,103575,252,卖盘
846,10:12:27,4.11,63297,154,卖盘
847,10:12:30,4.12,70836,172,买盘
848,10:12:33,4.11,78998,192,卖盘
849,10:12:36,4.12,169332,411,买盘
850,10:12:39,4.12,11948,29,买盘
851,10:12:42,4.12,54382,132,买盘
852,10:12:45,4.11,115960,282,卖盘
853,10:12:48,4.12,219918,535,买盘
854,10:12:51,4.11,69627,169,卖盘
855,10:12:54,4.11,184066,447,卖盘
856,10:12:57,4.12,1236,3,买盘
857,10:13:00,4.12,244272,594,买盘
858,10:13:03,4.12,40376,98,买盘
859,10:13:06,4.12,4118,10,买盘
860,10:13:09,4.12,171142,416,买盘
861,10:13:12,4.12,8652,21,买盘
862,10:13:15,4.11,57623,140,卖盘
863,10:13:18,4.12,174688,424,买盘
864,10:13:21,4.12,11118,27,买盘
865,10:13:24,4.11,143164,348,卖盘
866,10:13:27,4.11,32542,79,卖盘
867,10:13:30,4.11,30870,75,卖盘
868,10:13:33,4.11,62933,153,卖盘
869,10:13:36,4.12,87326,212,买盘
870,10:13:39,4.11,202259,491,卖盘
871,10:13:42,4.12,1013520,2460,买盘
872,10:13:45,4.12,233152,566,买盘
873,10:13:48,4.12,3417125,8294,买盘
874,10:13:51,4.12,780013,1894,买盘
875,10:13:54,4.12,2186646,5308,买盘
876,10:13:57,4.12,323006,784,买盘
877,10:14:00,4.12,474623,1152,买盘
878,10:14:03,4.12,531867,1291,买盘
879,10:14:06,4.11,71258,173,卖盘
880,10:14:09,4.12,126868,308,买盘
881,10:14:12,4.11,56853,138,卖盘
882,10:14:15,4.12,571025,1386,买盘
883,10:14:18,4.11,634470,1540,卖盘
884,10:14:21,4.12,394591,959,买盘
885,10:14:24,4.12,88992,216,买盘
886,10:14:27,4.12,891944,2165,买盘
887,10:14:30,4.12,280069,680,买盘
888,10:14:33,4.12,414472,1006,买盘
889,10:14:36,4.12,33784,82,买盘
890,10:14:39,4.12,107528,261,买盘
891,10:14:42,4.12,169736,412,买盘
892,10:14:45,4.12,119845,291,买盘
893,10:14:48,4.12,53492,130,买盘
894,10:14:51,4.12,143726,349,买盘
895,10:14:54,4.11,48601,118,卖盘
896,10:14:57,4.12,73674,179,买盘
897,10:15:00,4.11,103411,251,卖盘
898,10:15:03,4.12,53145,129,买盘
899,10:15:06,4.12,14420,35,买盘
900,10:15:09,4.12,58501,142,买盘
901,10:15:12,4.12,92287,224,买盘
902,10:15:15,4.11,81487,198,卖盘
903,10:15:18,4.12,80335,195,买盘
904,10:15:21,4.12,336483,817,买盘
905,10:15:24,4.12,43628,106,买盘
906,10:15:27,4.12,80337,195,买盘
907,10:15:30,4.11,20560,50,卖盘
908,10:15:33,4.12,17144640,41613,买盘
909,10:15:36,4.12,320587,777,卖盘
910,10:15:39,4.13,33435,81,买盘
911,10:15:42,4.13,28023,68,买盘
912,10:15:45,4.13,56953,138,买盘
913,10:15:48,4.13,148640,360,买盘
914,10:15:51,4.12,361916,878,卖盘
915,10:15:54,4.13,16072,39,买盘
916,10:15:57,4.13,80879,196,买盘
917,10:16:00,4.12,85384,207,卖盘
918,10:16:03,4.13,150621,365,买盘
919,10:16:06,4.13,150954,366,买盘
920,10:16:09,4.12,66745,162,卖盘
921,10:16:12,4.12,14008,34,卖盘
922,10:16:15,4.12,140085,340,卖盘
923,10:16:18,4.12,2072862,5031,卖盘
924,10:16:21,4.13,920456,2234,买盘
925,10:16:24,4.13,181662,440,买盘
926,10:16:27,4.12,457585,1110,卖盘
927,10:16:30,4.13,414552,1005,买盘
928,10:16:33,4.12,81718,198,卖盘
929,10:16:36,4.13,123044,298,买盘
930,10:16:39,4.12,95585,232,卖盘
931,10:16:42,4.13,364240,882,买盘
932,10:16:45,4.12,40864,99,卖盘
933,10:16:48,4.13,92397,224,买盘
934,10:16:51,4.12,56477,137,卖盘
935,10:16:54,4.12,141729,344,卖盘
936,10:16:57,4.13,12798,31,买盘
937,10:17:00,4.13,3712,9,买盘
938,10:17:03,4.12,64340,156,卖盘
939,10:17:06,4.13,427451,1035,买盘
940,10:17:09,4.12,103462,251,卖盘
941,10:17:12,4.13,26801,65,买盘
942,10:17:15,4.13,256664,622,买盘
943,10:17:18,4.13,14040,34,买盘
944,10:17:21,4.12,242673,589,卖盘
945,10:17:24,4.12,30087,73,卖盘
946,10:17:27,4.12,89483,217,卖盘
947,10:17:30,4.12,7416,18,卖盘
948,10:17:33,4.13,93191,226,买盘
949,10:17:36,4.12,7068760,17158,卖盘
950,10:17:39,4.12,165624,402,买盘
951,10:17:42,4.12,60564,147,买盘
952,10:17:45,4.12,175098,425,买盘
953,10:17:48,4.11,97008,236,卖盘
954,10:17:51,4.12,238960,580,买盘
955,10:17:54,4.11,455449,1106,卖盘
956,10:17:57,4.12,83633,203,买盘
957,10:18:00,4.12,823146,1998,买盘
958,10:18:03,4.12,133061,323,买盘
959,10:18:06,4.12,4944,12,买盘
960,10:18:09,4.11,156872,381,卖盘
961,10:18:12,4.12,376154,913,买盘
962,10:18:15,4.12,547935,1330,买盘
963,10:18:18,4.12,300750,730,买盘
964,10:18:21,4.12,311054,755,买盘
965,10:18:24,4.11,519468,1261,卖盘
966,10:18:27,4.12,148696,361,买盘
967,10:18:30,4.12,85678,208,买盘
968,10:18:33,4.12,169622,412,买盘
969,10:18:36,4.11,54297,132,卖盘
970,10:18:39,4.11,14386,35,卖盘
971,10:18:42,4.12,4120,10,买盘
972,10:18:45,4.12,87743,213,买盘
973,10:18:48,4.11,2491311,6047,卖盘
974,10:18:51,4.12,44908,109,买盘
975,10:18:54,4.11,514933,1250,卖盘
976,10:18:57,4.12,112411,273,买盘
977,10:19:00,4.11,39075,95,卖盘
978,10:19:03,4.12,190297,462,买盘
979,10:19:06,4.12,8648,21,买盘
980,10:19:12,4.11,23443,57,卖盘
981,10:19:15,4.12,15221,37,买盘
982,10:19:18,4.11,44071,107,卖盘
983,10:19:21,4.11,30469,74,卖盘
984,10:19:24,4.12,535127,1302,买盘
985,10:19:27,4.12,83224,202,买盘
986,10:19:30,4.12,26351,64,买盘
987,10:19:33,4.12,334544,812,买盘
988,10:19:36,4.12,377383,916,买盘
989,10:19:39,4.12,824,2,买盘
990,10:19:42,4.12,75771,184,买盘
991,10:19:45,4.12,655492,1591,买盘
992,10:19:48,4.12,126072,306,买盘
993,10:19:51,4.12,250495,608,买盘
994,10:19:54,4.12,191048,464,买盘
995,10:19:57,4.12,125248,304,买盘
996,10:20:00,4.12,468426,1137,买盘
997,10:20:03,4.12,253792,616,买盘
998,10:20:06,4.12,382748,929,买盘
999,10:20:09,4.12,240608,584,买盘
1000,10:20:12,4.12,291273,707,买盘
1001,10:20:15,4.12,677328,1644,买盘
1002,10:20:18,4.12,174701,424,卖盘
1003,10:20:21,4.12,24720,60,卖盘
1004,10:20:24,4.12,80342,195,卖盘
1005,10:20:27,4.12,805048,1954,卖盘
1006,10:20:30,4.12,154088,374,买盘
1007,10:20:33,4.12,134675,327,买盘
1008,10:20:36,4.12,82738,201,买盘
1009,10:20:39,4.12,74572,181,买盘
1010,10:20:42,4.12,2058,5,买盘
1011,10:20:45,4.12,79453,193,买盘
1012,10:20:48,4.12,731712,1776,买盘
1013,10:20:51,4.12,230732,560,买盘
1014,10:20:54,4.12,390187,947,买盘
1015,10:20:57,4.12,109195,265,买盘
1016,10:21:00,4.13,101353,246,买盘
1017,10:21:03,4.12,565828,1371,卖盘
1018,10:21:06,4.13,5775,14,买盘
1019,10:21:09,4.12,50676,123,卖盘
1020,10:21:12,4.12,44971,109,卖盘
1021,10:21:15,4.12,79518,193,卖盘
1022,10:21:18,4.12,174865,424,卖盘
1023,10:21:21,4.12,7831,19,卖盘
1024,10:21:24,4.12,920820,2235,卖盘
1025,10:21:27,4.12,864393,2098,买盘
1026,10:21:30,4.12,48205,117,卖盘
1027,10:21:33,4.12,102591,249,卖盘
1028,10:21:36,4.12,154913,376,卖盘
1029,10:21:39,4.12,98056,238,卖盘
1030,10:21:42,4.12,1055956,2563,卖盘
1031,10:21:45,4.12,72100,175,买盘
1032,10:21:48,4.12,444500,1079,买盘
1033,10:21:51,4.13,264366,642,买盘
1034,10:21:54,4.13,19411,47,买盘
1035,10:21:57,4.12,203178,493,卖盘
1036,10:22:00,4.13,105188,255,买盘
1037,10:22:03,4.13,153106,371,买盘
1038,10:22:06,4.12,145454,353,卖盘
1039,10:22:09,4.12,191580,465,卖盘
1040,10:22:12,4.12,251782,611,卖盘
1041,10:22:15,4.12,26368,64,卖盘
1042,10:22:18,4.12,39965,97,卖盘
1043,10:22:21,4.12,2183600,5300,卖盘
1044,10:22:24,4.11,73270,178,卖盘
1045,10:22:27,4.12,8240,20,买盘
1046,10:22:30,4.11,67962,165,卖盘
1047,10:22:33,4.11,127693,310,卖盘
1048,10:22:36,4.12,141690,344,买盘
1049,10:22:39,4.12,161916,393,买盘
1050,10:22:42,4.12,90222,219,买盘
1051,10:22:45,4.12,198711,483,买盘
1052,10:22:48,4.12,33784,82,买盘
1053,10:22:51,4.12,28833,70,买盘
1054,10:22:54,4.12,114878,279,买盘
1055,10:22:57,4.12,133063,323,买盘
1056,10:23:00,4.12,164388,399,买盘
1057,10:23:03,4.12,82380,200,买盘
1058,10:23:06,4.12,115772,281,买盘
1059,10:23:09,4.12,80752,196,买盘
1060,10:23:12,4.11,142770,347,卖盘
1061,10:23:15,4.12,82721,201,买盘
1062,10:23:18,4.11,77755,189,卖盘
1063,10:23:21,4.12,2060,5,买盘
1064,10:23:24,4.11,30833,75,卖盘
1065,10:23:30,4.11,9060,22,卖盘
1066,10:23:33,4.12,322887,784,买盘
1067,10:23:36,4.12,264504,642,买盘
1068,10:23:39,4.12,74881,182,买盘
1069,10:23:42,4.12,116177,282,买盘
1070,10:23:45,4.12,299785,729,买盘
1071,10:23:48,4.12,12772,31,买盘
1072,10:23:51,4.12,170086,413,买盘
1073,10:23:54,4.12,41200,100,买盘
1074,10:23:57,4.12,118608,288,买盘
1075,10:24:00,4.11,137008,333,卖盘
1076,10:24:03,4.12,7415,18,买盘
1077,10:24:06,4.11,178349,433,卖盘
1078,10:24:09,4.12,144200,350,买盘
1079,10:24:15,4.11,83481,203,卖盘
1080,10:24:18,4.12,77868,189,买盘
1081,10:24:21,4.12,66744,162,买盘
1082,10:24:24,4.12,46539,113,买盘
1083,10:24:27,4.12,89716,218,买盘
1084,10:24:30,4.11,107469,261,卖盘
1085,10:24:33,4.12,69214,168,买盘
1086,10:24:36,4.11,57540,140,卖盘
1087,10:24:39,4.12,55203,134,买盘
1088,10:24:42,4.11,5348,13,卖盘
1089,10:24:45,4.11,2156997,5236,卖盘
1090,10:24:48,4.11,64616,157,卖盘
1091,10:24:51,4.12,25544,62,买盘
1092,10:24:54,4.11,103251,251,卖盘
1093,10:24:57,4.12,67557,164,买盘
1094,10:25:00,4.11,142717,347,卖盘
1095,10:25:03,4.12,119648,291,买盘
1096,10:25:06,4.11,178451,434,卖盘
1097,10:25:09,4.12,215029,522,买盘
1098,10:25:12,4.12,179416,436,买盘
1099,10:25:15,4.12,98026,238,买盘
1100,10:25:18,4.11,22618,55,卖盘
1101,10:25:21,4.11,179089,435,卖盘
1102,10:25:24,4.11,472547,1149,卖盘
1103,10:25:27,4.12,23072,56,买盘
1104,10:25:30,4.12,28428,69,买盘
1105,10:25:36,4.12,27192,66,买盘
1106,10:25:39,4.12,194831,474,买盘
1107,10:25:42,4.12,51451,125,买盘
1108,10:25:45,4.11,53430,130,卖盘
1109,10:25:48,4.12,78280,190,买盘
1110,10:25:54,4.11,607606,1475,卖盘
1111,10:26:00,4.11,728745,1773,卖盘
1112,10:26:03,4.11,3294,8,卖盘
1113,10:26:06,4.11,67050,163,卖盘
1114,10:26:09,4.11,957631,2330,卖盘
1115,10:26:12,4.11,2055,5,卖盘
1116,10:26:15,4.12,5354,13,买盘
1117,10:26:18,4.12,30076,73,买盘
1118,10:26:21,4.12,15656,38,买盘
1119,10:26:24,4.11,822,2,卖盘
1120,10:26:27,4.11,202634,492,卖盘
1121,10:26:30,4.12,4531,11,买盘
1122,10:26:33,4.12,7828,19,买盘
1123,10:26:36,4.12,2060,5,买盘
1124,10:26:39,4.11,2471,6,卖盘
1125,10:26:42,4.12,99183,241,买盘
1126,10:26:45,4.12,824,2,买盘
1127,10:26:48,4.12,412,1,买盘
1128,10:26:51,4.12,30900,75,买盘
1129,10:26:54,4.12,53849,131,买盘
1130,10:26:57,4.11,189530,461,卖盘
1131,10:27:03,4.11,260691,633,卖盘
1132,10:27:06,4.12,116591,283,买盘
1133,10:27:09,4.12,178572,434,买盘
1134,10:27:12,4.12,69216,168,买盘
1135,10:27:15,4.12,201211,489,买盘
1136,10:27:18,4.11,13563,33,卖盘
1137,10:27:21,4.12,62209,151,买盘
1138,10:27:24,4.11,51006,124,卖盘
1139,10:27:27,4.11,134708,327,卖盘
1140,10:27:30,4.12,30478,74,买盘
1141,10:27:33,4.12,60564,147,买盘
1142,10:27:36,4.12,130067,316,买盘
1143,10:27:39,4.12,101107,246,买盘
1144,10:27:42,4.12,412,1,买盘
1145,10:27:45,4.12,22195,54,买盘
1146,10:27:51,4.11,61258,149,卖盘
1147,10:27:54,4.12,111117,270,买盘
1148,10:27:57,4.11,63859,155,卖盘
1149,10:28:00,4.12,100115,243,买盘
1150,10:28:03,4.12,401418,975,买盘
1151,10:28:06,4.12,81034,197,买盘
1152,10:28:09,4.11,107718,262,卖盘
1153,10:28:12,4.11,77273,188,卖盘
1154,10:28:15,4.11,2059,5,卖盘
1155,10:28:18,4.11,136225,331,卖盘
1156,10:28:21,4.11,14796,36,卖盘
1157,10:28:24,4.12,20980,51,买盘
1158,10:28:27,4.11,168921,411,卖盘
1159,10:28:30,4.11,26754,65,卖盘
1160,10:28:33,4.12,148443,361,买盘
1161,10:28:36,4.11,299718,729,卖盘
1162,10:28:39,4.12,43993,107,买盘
1163,10:28:42,4.12,69947,170,买盘
1164,10:28:45,4.11,82714,201,卖盘
1165,10:28:48,4.11,207823,505,卖盘
1166,10:28:51,4.12,167370,407,买盘
1167,10:28:54,4.12,187460,455,买盘
1168,10:28:57,4.12,116914,284,买盘
1169,10:29:00,4.11,111382,271,卖盘
1170,10:29:03,4.12,153616,373,买盘
1171,10:29:06,4.12,271712,661,买盘
1172,10:29:09,4.11,10287,25,卖盘
1173,10:29:12,4.12,68392,166,买盘
1174,10:29:15,4.12,97454,237,买盘
1175,10:29:18,4.12,1236,3,买盘
1176,10:29:21,4.11,32914,80,卖盘
1177,10:29:24,4.11,134835,328,卖盘
1178,10:29:27,4.12,69945,170,买盘
1179,10:29:30,4.12,21420,52,买盘
1180,10:29:33,4.12,375142,911,买盘
1181,10:29:36,4.12,380163,923,买盘
1182,10:29:39,4.12,619622,1505,买盘
1183,10:29:42,4.12,343706,835,买盘
1184,10:29:45,4.12,361019,878,买盘
1185,10:29:48,4.11,143942,350,卖盘
1186,10:29:51,4.11,32135,78,卖盘
1187,10:29:54,4.11,54663,133,卖盘
1188,10:29:57,4.12,61388,149,买盘
1189,10:30:00,4.12,125466,305,买盘
1190,10:30:03,4.11,80653,196,卖盘
1191,10:30:06,4.12,66723,162,买盘
1192,10:30:09,4.12,2472,6,买盘
1193,10:30:12,4.11,165028,401,卖盘
1194,10:30:15,4.11,163446,397,卖盘
1195,10:30:18,4.11,32533,79,卖盘
1196,10:30:21,4.12,70040,170,买盘
1197,10:30:24,4.11,176555,429,卖盘
1198,10:30:27,4.12,60976,148,买盘
1199,10:30:30,4.12,327333,796,买盘
1200,10:30:33,4.11,68650,167,卖盘
1201,10:30:36,4.11,90128,219,卖盘
1202,10:30:39,4.12,57134,139,买盘
1203,10:30:42,4.12,94227,229,买盘
1204,10:30:48,4.12,80340,195,买盘
1205,10:30:51,4.11,472789,1150,卖盘
1206,10:30:54,4.11,48909,119,卖盘
1207,10:31:00,4.11,149669,364,卖盘
1208,10:31:03,4.12,129334,314,买盘
1209,10:31:06,4.12,89244,217,买盘
1210,10:31:09,4.12,111961,272,买盘
1211,10:31:12,4.11,109869,267,卖盘
1212,10:31:15,4.12,6176,15,买盘
1213,10:31:18,4.11,105360,256,卖盘
1214,10:31:21,4.11,87695,213,卖盘
1215,10:31:24,4.11,22206,54,卖盘
1216,10:31:27,4.11,272493,663,卖盘
1217,10:31:30,4.11,53433,130,卖盘
1218,10:31:33,4.12,10706,26,买盘
1219,10:31:36,4.12,94132,229,买盘
1220,10:31:39,4.11,5343,13,卖盘
1221,10:31:42,4.12,115604,281,买盘
1222,10:31:45,4.12,44493,108,买盘
1223,10:31:48,4.11,62534,152,卖盘
1224,10:31:51,4.12,1646,4,买盘
1225,10:31:54,4.12,2060,5,买盘
1226,10:31:57,4.11,30414,74,卖盘
1227,10:32:00,4.11,181268,441,卖盘
1228,10:32:03,4.11,43977,107,卖盘
1229,10:32:06,4.12,57268,139,买盘
1230,10:32:09,4.12,245469,597,买盘
1231,10:32:12,4.11,85959,209,卖盘
1232,10:32:15,4.12,67945,165,买盘
1233,10:32:18,4.12,105812,257,买盘
1234,10:32:21,4.12,173636,422,买盘
1235,10:32:24,4.12,30900,75,买盘
1236,10:32:27,4.12,30890,75,买盘
1237,10:32:30,4.12,60065,146,买盘
1238,10:32:33,4.11,303187,737,卖盘
1239,10:32:36,4.12,478167,1161,买盘
1240,10:32:39,4.11,78962,192,卖盘
1241,10:32:42,4.12,31680,77,买盘
1242,10:32:45,4.11,93756,228,卖盘
1243,10:32:48,4.12,76513,186,买盘
1244,10:32:51,4.12,257815,627,买盘
1245,10:32:54,4.11,93297,227,卖盘
1246,10:32:57,4.11,118779,289,卖盘
1247,10:33:00,4.11,11522,28,卖盘
1248,10:33:03,4.11,90420,220,卖盘
1249,10:33:06,4.12,42778,104,买盘
1250,10:33:09,4.12,257079,625,买盘
1251,10:33:12,4.11,83881,204,卖盘
1252,10:33:15,4.12,38665,94,买盘
1253,10:33:18,4.12,118148,287,买盘
1254,10:33:21,4.11,255202,620,卖盘
1255,10:33:24,4.12,324113,787,买盘
1256,10:33:27,4.12,239010,581,买盘
1257,10:33:33,4.11,60426,147,卖盘
1258,10:33:36,4.12,41612,101,买盘
1259,10:33:39,4.11,96314,234,卖盘
1260,10:33:42,4.12,23895,58,买盘
1261,10:33:45,4.12,13979,34,买盘
1262,10:33:48,4.11,22197,54,卖盘
1263,10:33:51,4.11,2055,5,卖盘
1264,10:33:54,4.12,40284,98,买盘
1265,10:33:57,4.12,49436,120,买盘
1266,10:34:00,4.12,76949,187,买盘
1267,10:34:03,4.11,41981,102,卖盘
1268,10:34:06,4.12,19776,48,买盘
1269,10:34:09,4.12,52736,128,买盘
1270,10:34:12,4.11,179823,437,卖盘
1271,10:34:15,4.11,822,2,卖盘
1272,10:34:21,4.11,27537,67,卖盘
1273,10:34:24,4.12,236869,575,买盘
1274,10:34:27,4.12,94651,230,买盘
1275,10:34:30,4.11,36990,90,卖盘
1276,10:34:33,4.11,37401,91,卖盘
1277,10:34:36,4.11,1645,4,卖盘
1278,10:34:39,4.12,241777,588,买盘
1279,10:34:42,4.12,332701,809,买盘
1280,10:34:45,4.11,593846,1444,卖盘
1281,10:34:48,4.11,285340,694,卖盘
1282,10:34:51,4.12,270043,657,买盘
1283,10:34:54,4.11,117546,286,卖盘
1284,10:34:57,4.12,49333,120,买盘
1285,10:35:00,4.11,159480,388,卖盘
1286,10:35:03,4.11,239555,582,卖盘
1287,10:35:06,4.11,629482,1529,卖盘
1288,10:35:09,4.12,81858,199,买盘
1289,10:35:12,4.11,391858,952,卖盘
1290,10:35:15,4.11,104903,255,卖盘
1291,10:35:18,4.11,49005,119,卖盘
1292,10:35:21,4.12,41514,101,买盘
1293,10:35:24,4.11,21011,51,卖盘
1294,10:35:27,4.11,4521,11,卖盘
1295,10:35:30,4.12,27992,68,买盘
1296,10:35:33,4.12,93437,227,买盘
1297,10:35:36,4.11,7406,18,卖盘
1298,10:35:39,4.11,53033,129,卖盘
1299,10:35:42,4.11,156377,380,卖盘
1300,10:35:45,4.12,125500,305,买盘
1301,10:35:48,4.11,7398,18,卖盘
1302,10:35:51,4.12,260318,632,买盘
1303,10:35:54,4.12,368464,896,买盘
1304,10:35:57,4.11,1140333,2774,卖盘
1305,10:36:00,4.11,122498,298,卖盘
1306,10:36:03,4.11,153908,374,卖盘
1307,10:36:06,4.12,1344018,3263,买盘
1308,10:36:09,4.11,426542,1037,卖盘
1309,10:36:12,4.12,54262,132,买盘
1310,10:36:15,4.12,138432,336,买盘
1311,10:36:18,4.11,140323,341,卖盘
1312,10:36:21,4.11,73279,178,卖盘
1313,10:36:24,4.11,275752,670,卖盘
1314,10:36:27,4.12,22660,55,买盘
1315,10:36:30,4.11,102058,248,卖盘
1316,10:36:33,4.11,58902,143,卖盘
1317,10:36:36,4.12,9049,22,买盘
1318,10:36:39,4.11,86490,210,卖盘
1319,10:36:42,4.11,39118,95,卖盘
1320,10:36:45,4.11,165113,401,卖盘
1321,10:36:48,4.12,53925,131,买盘
1322,10:36:51,4.11,22610,55,卖盘
1323,10:36:54,4.11,535138,1299,卖盘
1324,10:36:57,4.11,206473,502,卖盘
1325,10:37:00,4.11,24307,59,卖盘
1326,10:37:03,4.11,99489,242,卖盘
1327,10:37:06,4.12,66322,161,买盘
1328,10:37:09,4.11,61660,150,卖盘
1329,10:37:12,4.11,100695,245,卖盘
1330,10:37:15,4.11,318613,775,卖盘
1331,10:37:18,4.12,4119,10,买盘
1332,10:37:21,4.11,67056,163,卖盘
1333,10:37:24,4.12,96182,234,买盘
1334,10:37:27,4.12,1425519,3460,买盘
1335,10:37:30,4.11,184974,450,卖盘
1336,10:37:33,4.12,79774,194,买盘
1337,10:37:36,4.11,123821,301,卖盘
1338,10:37:39,4.12,49760,121,买盘
1339,10:37:42,4.12,38637,94,买盘
1340,10:37:48,4.11,63376,154,卖盘
1341,10:37:51,4.11,1645,4,卖盘
1342,10:37:57,4.12,116878,284,买盘
1343,10:38:00,4.11,40690,99,卖盘
1344,10:38:03,4.12,295816,718,买盘
1345,10:38:06,4.12,14832,36,买盘
1346,10:38:09,4.12,27192,66,买盘
1347,10:38:12,4.12,59599,145,买盘
1348,10:38:15,4.12,120250,292,买盘
1349,10:38:18,4.11,11097,27,卖盘
1350,10:38:21,4.12,77454,188,买盘
1351,10:38:24,4.11,152229,370,卖盘
1352,10:38:27,4.11,12345,30,卖盘
1353,10:38:30,4.12,15656,38,买盘
1354,10:38:33,4.12,125237,304,买盘
1355,10:38:36,4.11,1233,3,卖盘
1356,10:38:39,4.12,38306,93,买盘
1357,10:38:42,4.12,84769,206,买盘
1358,10:38:45,4.11,72471,176,卖盘
1359,10:38:48,4.12,31705,77,买盘
1360,10:38:51,4.12,52261,127,买盘
1361,10:38:54,4.11,62201,151,卖盘
1362,10:38:57,4.11,69063,168,卖盘
1363,10:39:00,4.11,135263,329,卖盘
1364,10:39:03,4.12,68740,167,买盘
1365,10:39:06,4.12,41157,100,买盘
1366,10:39:09,4.12,74060,180,买盘
1367,10:39:12,4.12,4099247,9950,买盘
1368,10:39:15,4.12,1724592,4188,买盘
1369,10:39:18,4.12,385164,937,买盘
1370,10:39:21,4.11,166554,405,卖盘
1371,10:39:24,4.12,563187,1367,买盘
1372,10:39:27,4.12,1061172,2577,买盘
1373,10:39:30,4.12,140234,341,买盘
1374,10:39:33,4.12,348828,847,买盘
1375,10:39:36,4.11,54664,133,卖盘
1376,10:39:39,4.11,39045,95,卖盘
1377,10:39:42,4.11,1645,4,卖盘
1378,10:39:45,4.12,121079,294,买盘
1379,10:39:48,4.11,44413,108,卖盘
1380,10:39:51,4.12,190736,463,买盘
1381,10:39:54,4.12,18538,45,买盘
1382,10:39:57,4.12,824,2,买盘
1383,10:40:00,4.12,156148,379,买盘
1384,10:40:03,4.12,3129552,7596,买盘
1385,10:40:06,4.12,449490,1091,买盘
1386,10:40:09,4.12,156560,380,买盘
1387,10:40:12,4.12,150341,365,买盘
1388,10:40:15,4.12,74160,180,买盘
1389,10:40:18,4.12,1326228,3219,买盘
1390,10:40:21,4.11,23479,57,卖盘
1391,10:40:24,4.11,340942,828,卖盘
1392,10:40:27,4.11,181691,441,卖盘
1393,10:40:30,4.12,332804,808,买盘
1394,10:40:33,4.12,129368,314,买盘
1395,10:40:36,4.12,420081,1020,买盘
1396,10:40:39,4.12,115360,280,买盘
1397,10:40:42,4.12,693960,1685,买盘
1398,10:40:45,4.12,76632,186,买盘
1399,10:40:48,4.12,131945,321,买盘
1400,10:40:51,4.12,106246,258,买盘
1401,10:40:54,4.12,23462,57,买盘
1402,10:40:57,4.11,2055,5,卖盘
1403,10:41:00,4.11,12330,30,卖盘
1404,10:41:03,4.12,269443,654,买盘
1405,10:41:06,4.12,112476,273,买盘
1406,10:41:09,4.11,87159,212,卖盘
1407,10:41:12,4.12,22616,55,买盘
1408,10:41:15,4.12,432663,1051,买盘
1409,10:41:18,4.12,107532,261,买盘
1410,10:41:21,4.12,823661,2000,买盘
1411,10:41:24,4.11,213405,518,卖盘
1412,10:41:27,4.12,30488,74,买盘
1413,10:41:30,4.11,104536,254,卖盘
1414,10:41:33,4.12,849543,2062,买盘
1415,10:41:36,4.12,173040,420,买盘
1416,10:41:39,4.12,91876,223,买盘
1417,10:41:42,4.11,157365,382,卖盘
1418,10:41:45,4.12,139203,338,买盘
1419,10:41:48,4.12,362941,881,买盘
1420,10:41:51,4.11,215881,524,卖盘
1421,10:41:54,4.12,225776,548,买盘
1422,10:41:57,4.12,2884,7,买盘
1423,10:42:00,4.12,135065,328,买盘
1424,10:42:06,4.12,65920,160,买盘
1425,10:42:09,4.12,65096,158,买盘
1426,10:42:12,4.11,53889,131,卖盘
1427,10:42:15,4.12,30487,74,买盘
1428,10:42:18,4.12,205588,499,买盘
1429,10:42:21,4.12,172561,419,买盘
1430,10:42:24,4.12,339488,824,买盘
1431,10:42:27,4.12,726766,1764,买盘
1432,10:42:30,4.11,183702,446,卖盘
1433,10:42:33,4.12,258324,627,买盘
1434,10:42:36,4.12,260776,633,买盘
1435,10:42:39,4.12,94700,230,买盘
1436,10:42:42,4.12,90575,220,买盘
1437,10:42:45,4.11,212093,515,卖盘
1438,10:42:48,4.12,24720,60,买盘
1439,10:42:51,4.11,24705,60,卖盘
1440,10:42:54,4.12,86108,209,买盘
1441,10:42:57,4.11,67108,163,卖盘
1442,10:43:00,4.12,505472,1227,买盘
1443,10:43:03,4.12,26365,64,买盘
1444,10:43:06,4.12,4532,11,买盘
1445,10:43:09,4.12,63448,154,买盘
1446,10:43:12,4.11,89371,217,卖盘
1447,10:43:15,4.12,2402776,5832,买盘
1448,10:43:18,4.12,118234,287,买盘
1449,10:43:21,4.12,2242928,5444,买盘
1450,10:43:24,4.12,412120,1000,买盘
1451,10:43:27,4.12,239648,581,卖盘
1452,10:43:30,4.13,276321,670,买盘
1453,10:43:33,4.13,138986,337,买盘
1454,10:43:36,4.13,208755,506,买盘
1455,10:43:39,4.12,58642,142,卖盘
1456,10:43:42,4.13,109011,264,买盘
1457,10:43:45,4.12,35480,86,卖盘
1458,10:43:48,4.13,33425,81,买盘
1459,10:43:51,4.13,16520,40,买盘
1460,10:43:54,4.13,110271,267,买盘
1461,10:43:57,4.13,271925,660,买盘
1462,10:44:00,4.12,40812,99,卖盘
1463,10:44:03,4.12,2060,5,卖盘
1464,10:44:06,4.13,18983,46,买盘
1465,10:44:09,4.12,412,1,卖盘
1466,10:44:12,4.12,66482,161,卖盘
1467,10:44:15,4.13,102837,249,买盘
1468,10:44:21,4.12,215296,522,卖盘
1469,10:44:24,4.13,13216,32,买盘
1470,10:44:27,4.13,7844,19,买盘
1471,10:44:30,4.12,28429,69,卖盘
1472,10:44:33,4.12,131281,318,卖盘
1473,10:44:36,4.12,63998,155,卖盘
1474,10:44:39,4.13,57369,139,买盘
1475,10:44:42,4.13,100760,244,买盘
1476,10:44:45,4.13,75047,182,买盘
1477,10:44:48,4.12,214740,520,卖盘
1478,10:44:51,4.12,825058,2000,卖盘
1479,10:44:54,4.12,190777,463,卖盘
1480,10:44:57,4.13,418529,1015,买盘
1481,10:45:00,4.12,105727,256,卖盘
1482,10:45:03,4.12,319712,776,卖盘
1483,10:45:06,4.13,42951,104,买盘
1484,10:45:09,4.13,100728,244,买盘
1485,10:45:12,4.13,37160,90,买盘
1486,10:45:15,4.13,177865,431,买盘
1487,10:45:18,4.13,39996,97,买盘
1488,10:45:21,4.12,372144,903,卖盘
1489,10:45:24,4.12,217987,529,卖盘
1490,10:45:27,4.12,336195,816,卖盘
1491,10:45:30,4.13,301821,732,买盘
1492,10:45:33,4.12,530656,1288,卖盘
1493,10:45:36,4.13,16518,40,买盘
1494,10:45:39,4.13,60279,146,买盘
1495,10:45:42,4.13,5369,13,买盘
1496,10:45:45,4.13,469170,1137,买盘
1497,10:45:48,4.13,152780,370,买盘
1498,10:45:51,4.13,151561,367,买盘
1499,10:45:54,4.13,6608,16,买盘
1500,10:45:57,4.13,18585,45,买盘
1501,10:46:00,4.13,7434,18,买盘
1502,10:46:03,4.13,150187,364,买盘
1503,10:46:06,4.13,1652,4,买盘
1504,10:46:12,4.12,563059,1365,卖盘
1505,10:46:15,4.12,81988,199,卖盘
1506,10:46:18,4.12,121952,296,卖盘
1507,10:46:21,4.13,20237,49,买盘
1508,10:46:24,4.13,34278,83,买盘
1509,10:46:27,4.13,40852,99,买盘
1510,10:46:30,4.12,1355584,3290,卖盘
1511,10:46:33,4.12,716120,1738,卖盘
1512,10:46:36,4.12,49028,119,卖盘
1513,10:46:39,4.12,106778,259,卖盘
1514,10:46:42,4.12,44511,108,卖盘
1515,10:46:45,4.12,39623,96,卖盘
1516,10:46:48,4.12,447883,1087,卖盘
1517,10:46:51,4.12,16480,40,卖盘
1518,10:46:54,4.12,46628,113,卖盘
1519,10:46:57,4.13,16500,40,买盘
1520,10:47:03,4.13,408428,991,买盘
1521,10:47:06,4.12,243497,591,卖盘
1522,10:47:09,4.12,582340,1411,卖盘
1523,10:47:12,4.12,53561,130,卖盘
1524,10:47:15,4.12,5768,14,卖盘
1525,10:47:18,4.13,474343,1151,买盘
1526,10:47:21,4.13,4533,11,买盘
1527,10:47:24,4.12,268299,651,卖盘
1528,10:47:27,4.12,24724,60,卖盘
1529,10:47:30,4.12,582599,1414,卖盘
1530,10:47:33,4.13,202771,491,买盘
1531,10:47:36,4.12,15244,37,卖盘
1532,10:47:39,4.12,378221,918,卖盘
1533,10:47:42,4.13,20602,50,买盘
1534,10:47:45,4.12,7966976,19339,卖盘
1535,10:47:48,4.12,248793,604,买盘
1536,10:47:51,4.12,209271,508,买盘
1537,10:47:54,4.12,128520,312,买盘
1538,10:47:57,4.12,19338,47,买盘
1539,10:48:00,4.12,217946,529,买盘
1540,10:48:03,4.12,277276,673,买盘
1541,10:48:06,4.12,170973,415,买盘
1542,10:48:09,4.11,41592,101,卖盘
1543,10:48:12,4.12,8652,21,买盘
1544,10:48:15,4.12,47792,116,买盘
1545,10:48:18,4.12,240446,584,买盘
1546,10:48:21,4.11,74505,181,卖盘
1547,10:48:24,4.12,1044832,2536,买盘
1548,10:48:27,4.12,228248,554,买盘
1549,10:48:30,4.12,7828,19,买盘
1550,10:48:33,4.12,69211,168,买盘
1551,10:48:36,4.12,46916,114,买盘
1552,10:48:39,4.11,654201,1588,卖盘
1553,10:48:42,4.12,69627,169,买盘
1554,10:48:45,4.12,31312,76,买盘
1555,10:48:48,4.11,6578,16,卖盘
1556,10:48:51,4.12,412,1,买盘
1557,10:48:54,4.12,110828,269,买盘
1558,10:48:57,4.12,536424,1302,买盘
1559,10:49:00,4.11,57613,140,卖盘
1560,10:49:03,4.12,609325,1480,买盘
1561,10:49:06,4.12,110416,268,买盘
1562,10:49:09,4.12,163554,397,买盘
1563,10:49:12,4.12,11536,28,买盘
1564,10:49:15,4.12,133076,323,买盘
1565,10:49:18,4.12,949624,2305,买盘
1566,10:49:21,4.12,205176,498,买盘
1567,10:49:24,4.12,91052,221,买盘
1568,10:49:27,4.11,822,2,卖盘
1569,10:49:30,4.12,86494,210,买盘
1570,10:49:33,4.12,235664,572,买盘
1571,10:49:36,4.12,183666,446,买盘
1572,10:49:39,4.12,108356,263,买盘
1573,10:49:42,4.12,59328,144,买盘
1574,10:49:45,4.12,62210,151,买盘
1575,10:49:51,4.12,3009632,7305,买盘
1576,10:49:54,4.12,96408,234,卖盘
1577,10:49:57,4.12,68814,167,卖盘
1578,10:50:00,4.12,4944,12,卖盘
1579,10:50:03,4.13,76404,185,买盘
1580,10:50:06,4.13,179637,436,买盘
1581,10:50:09,4.13,156463,379,买盘
1582,10:50:12,4.13,23912,58,买盘
1583,10:50:15,4.12,44496,108,卖盘
1584,10:50:18,4.12,18170,44,卖盘
1585,10:50:21,4.12,8240,20,卖盘
1586,10:50:24,4.12,145552,353,卖盘
1587,10:50:27,4.13,68137,165,买盘
1588,10:50:30,4.12,121777,295,卖盘
1589,10:50:33,4.13,17305,42,买盘
1590,10:50:36,4.13,413,1,买盘
1591,10:50:39,4.13,32975,80,买盘
1592,10:50:42,4.12,50680,123,卖盘
1593,10:50:45,4.12,58616,142,卖盘
1594,10:50:48,4.12,30139,73,卖盘
1595,10:50:51,4.13,1237,3,买盘
1596,10:50:54,4.12,11948,29,卖盘
1597,10:50:57,4.12,109812,266,卖盘
1598,10:51:00,4.12,74572,181,卖盘
1599,10:51:03,4.13,28880,70,买盘
1600,10:51:06,4.13,194866,472,买盘
1601,10:51:09,4.12,2060,5,卖盘
1602,10:51:12,4.12,37080,90,卖盘
1603,10:51:15,4.13,29321,71,买盘
1604,10:51:18,4.13,71832,174,买盘
1605,10:51:21,4.13,112172,272,买盘
1606,10:51:24,4.13,413,1,买盘
1607,10:51:30,4.12,13596,33,卖盘
1608,10:51:33,4.13,17759,43,买盘
1609,10:51:36,4.13,80461,195,买盘
1610,10:51:39,4.12,16892,41,卖盘
1611,10:51:42,4.12,412,1,卖盘
1612,10:51:45,4.12,3296,8,卖盘
1613,10:51:48,4.13,2478,6,买盘
1614,10:51:51,4.12,825,2,卖盘
1615,10:51:54,4.13,179906,436,买盘
1616,10:52:00,4.12,262354,636,卖盘
1617,10:52:03,4.12,109357,265,卖盘
1618,10:52:06,4.13,5359,13,买盘
1619,10:52:09,4.13,68558,166,买盘
1620,10:52:12,4.13,768897,1862,买盘
1621,10:52:15,4.13,39598,96,买盘
1622,10:52:18,4.12,210516,510,卖盘
1623,10:52:21,4.12,11125,27,卖盘
1624,10:52:24,4.13,30957,75,买盘
1625,10:52:27,4.12,24720,60,卖盘
1626,10:52:30,4.13,413,1,买盘
1627,10:52:33,4.13,41713,101,买盘
1628,10:52:36,4.13,99402,241,买盘
1629,10:52:39,4.13,63602,154,买盘
1630,10:52:42,4.12,40833,99,卖盘
1631,10:52:45,4.13,826,2,买盘
1632,10:52:48,4.13,16901,41,买盘
1633,10:52:51,4.13,27657,67,买盘
1634,10:52:54,4.13,121633,295,买盘
1635,10:53:00,4.13,8662,21,买盘
1636,10:53:03,4.13,2065,5,买盘
1637,10:53:06,4.13,206460,500,买盘
1638,10:53:09,4.13,3301,8,买盘
1639,10:53:12,4.13,112318,272,买盘
1640,10:53:15,4.13,99006,240,买盘
1641,10:53:18,4.12,21865,53,卖盘
1642,10:53:21,4.13,11564,28,买盘
1643,10:53:24,4.12,63046,153,卖盘
1644,10:53:27,4.13,24778,60,买盘
1645,10:53:30,4.12,25956,63,卖盘
1646,10:53:36,4.13,5780,14,买盘
1647,10:53:39,4.12,141146,342,卖盘
1648,10:53:45,4.13,66483,161,买盘
1649,10:53:48,4.13,45733,111,买盘
1650,10:53:51,4.13,166336,403,买盘
1651,10:53:54,4.13,170093,412,买盘
1652,10:53:57,4.12,824,2,卖盘
1653,10:54:03,4.12,412,1,卖盘
1654,10:54:06,4.12,117866,286,卖盘
1655,10:54:09,4.13,64419,156,买盘
1656,10:54:12,4.13,109845,266,买盘
1657,10:54:15,4.13,66422,161,买盘
1658,10:54:21,4.13,67571,164,买盘
1659,10:54:24,4.12,825,2,卖盘
1660,10:54:27,4.12,37110,90,卖盘
1661,10:54:30,4.12,5768,14,卖盘
1662,10:54:33,4.12,151204,367,卖盘
1663,10:54:36,4.12,45420,110,卖盘
1664,10:54:39,4.12,39964,97,卖盘
1665,10:54:42,4.12,177425,430,卖盘
1666,10:54:45,4.13,78057,189,买盘
1667,10:54:48,4.12,86570,210,卖盘
1668,10:54:51,4.13,826,2,买盘
1669,10:54:54,4.12,91052,221,卖盘
1670,10:54:57,4.12,21013,51,卖盘
1671,10:55:00,4.13,117291,284,买盘
1672,10:55:03,4.12,43672,106,卖盘
1673,10:55:06,4.13,26431,64,买盘
1674,10:55:09,4.13,240199,583,买盘
1675,10:55:12,4.12,777856,1888,卖盘
1676,10:55:15,4.12,113451,275,卖盘
1677,10:55:21,4.12,29692,72,卖盘
1678,10:55:24,4.13,9912,24,买盘
1679,10:55:27,4.13,317943,770,买盘
1680,10:55:30,4.12,123600,300,卖盘
1681,10:55:33,4.12,391657,950,卖盘
1682,10:55:36,4.13,85904,208,买盘
1683,10:55:39,4.12,337899,820,卖盘
1684,10:55:42,4.12,300467,729,卖盘
1685,10:55:45,4.12,50339,122,卖盘
1686,10:55:48,4.12,100692,244,卖盘
1687,10:55:51,4.12,48659,118,卖盘
1688,10:55:54,4.12,214240,520,卖盘
1689,10:55:57,4.12,101785,247,卖盘
1690,10:56:00,4.12,92700,225,卖盘
1691,10:56:03,4.12,197760,480,卖盘
1692,10:56:06,4.13,65959,160,买盘
1693,10:56:09,4.13,173234,420,买盘
1694,10:56:12,4.13,400785,972,买盘
1695,10:56:15,4.13,326373,792,买盘
1696,10:56:18,4.12,339934,825,卖盘
1697,10:56:21,4.12,121833,295,卖盘
1698,10:56:24,4.12,148997,361,卖盘
1699,10:56:27,4.12,571362,1385,卖盘
1700,10:56:30,4.13,373762,905,买盘
1701,10:56:33,4.13,122188,296,买盘
1702,10:56:36,4.12,908299,2202,卖盘
1703,10:56:39,4.12,16919,41,卖盘
1704,10:56:42,4.12,440491,1069,卖盘
1705,10:56:45,4.13,166060,403,买盘
1706,10:56:48,4.12,147496,358,卖盘
1707,10:56:51,4.13,53277,129,买盘
1708,10:56:54,4.13,74575,181,买盘
1709,10:56:57,4.12,17716,43,卖盘
1710,10:57:00,4.13,82600,200,买盘
1711,10:57:03,4.13,326623,792,买盘
1712,10:57:06,4.12,226243,548,卖盘
1713,10:57:09,4.12,263277,639,卖盘
1714,10:57:12,4.13,59834,145,买盘
1715,10:57:15,4.13,206116,500,买盘
1716,10:57:18,4.13,52038,126,买盘
1717,10:57:21,4.13,196144,476,买盘
1718,10:57:24,4.12,26431,64,卖盘
1719,10:57:27,4.13,40438,98,买盘
1720,10:57:30,4.12,117008,284,卖盘
1721,10:57:33,4.12,26811,65,卖盘
1722,10:57:36,4.12,361184,875,卖盘
1723,10:57:39,4.12,193243,469,卖盘
1724,10:57:42,4.13,41613,101,买盘
1725,10:57:45,4.13,47391,115,买盘
1726,10:57:48,4.13,11977,29,买盘
1727,10:57:51,4.12,96135,233,卖盘
1728,10:57:54,4.13,637528,1546,买盘
1729,10:57:57,4.12,17345,42,卖盘
1730,10:58:00,4.13,437717,1062,买盘
1731,10:58:03,4.12,5769,14,卖盘
1732,10:58:06,4.13,163044,395,买盘
1733,10:58:09,4.12,150381,365,卖盘
1734,10:58:12,4.12,98629,239,卖盘
1735,10:58:15,4.12,224808,545,卖盘
1736,10:58:18,4.13,5782,14,买盘
1737,10:58:21,4.12,22292,54,卖盘
1738,10:58:24,4.13,136524,331,买盘
1739,10:58:27,4.12,412,1,卖盘
1740,10:58:30,4.13,288676,700,买盘
1741,10:58:33,4.12,65920,160,卖盘
1742,10:58:36,4.12,159863,388,卖盘
1743,10:58:39,4.13,129662,314,买盘
1744,10:58:42,4.12,89030,216,卖盘
1745,10:58:45,4.13,30974,75,买盘
1746,10:58:48,4.12,21462,52,卖盘
1747,10:58:51,4.13,195042,473,买盘
1748,10:58:54,4.13,16923,41,买盘
1749,10:58:57,4.12,111712,271,卖盘
1750,10:59:00,4.12,4124,10,卖盘
1751,10:59:03,4.12,182624,443,卖盘
1752,10:59:06,4.13,92907,225,买盘
1753,10:59:09,4.13,2440055,5922,买盘
1754,10:59:12,4.13,1747742,4241,买盘
1755,10:59:15,4.12,748262,1816,卖盘
1756,10:59:18,4.12,592429,1437,卖盘
1757,10:59:21,4.13,267985,650,买盘
1758,10:59:24,4.12,139269,338,卖盘
1759,10:59:27,4.13,94801,230,买盘
1760,10:59:30,4.13,157474,382,买盘
1761,10:59:33,4.12,124998,303,卖盘
1762,10:59:36,4.13,92900,225,买盘
1763,10:59:39,4.12,30963,75,卖盘
1764,10:59:42,4.13,9912,24,买盘
1765,10:59:45,4.13,65667,159,买盘
1766,10:59:48,4.12,182780,443,卖盘
1767,10:59:51,4.13,97880,237,买盘
1768,10:59:54,4.13,90753,220,买盘
1769,10:59:57,4.13,132943,322,买盘
1770,11:00:00,4.13,180034,436,买盘
1771,11:00:03,4.13,82585,200,买盘
1772,11:00:06,4.12,290353,704,卖盘
1773,11:00:09,4.12,1003746,2436,卖盘
1774,11:00:12,4.12,7843,19,卖盘
1775,11:00:15,4.12,104873,254,卖盘
1776,11:00:18,4.13,112648,273,买盘
1777,11:00:21,4.12,17305,42,卖盘
1778,11:00:24,4.12,99344,241,卖盘
1779,11:00:27,4.12,60564,147,卖盘
1780,11:00:30,4.13,495336,1202,买盘
1781,11:00:33,4.12,39964,97,卖盘
1782,11:00:36,4.12,216400,525,卖盘
1783,11:00:39,4.13,74323,180,买盘
1784,11:00:42,4.12,1108756,2691,卖盘
1785,11:00:45,4.13,379538,921,买盘
1786,11:00:48,4.12,51088,124,卖盘
1787,11:00:51,4.13,129093,313,买盘
1788,11:00:54,4.12,99704,242,卖盘
1789,11:00:57,4.12,412,1,卖盘
1790,11:01:00,4.12,171169,415,卖盘
1791,11:01:03,4.12,20600,50,卖盘
1792,11:01:06,4.12,2888,7,卖盘
1793,11:01:09,4.12,47802,116,卖盘
1794,11:01:12,4.12,37492,91,卖盘
1795,11:01:15,4.13,209712,509,买盘
1796,11:01:18,4.13,42535,103,买盘
1797,11:01:21,4.12,170570,414,卖盘
1798,11:01:24,4.13,294224,714,买盘
1799,11:01:27,4.12,240211,583,卖盘
1800,11:01:30,4.12,160268,389,卖盘
1801,11:01:33,4.13,144311,350,买盘
1802,11:01:36,4.13,146482,355,买盘
1803,11:01:39,4.13,40887,99,买盘
1804,11:01:42,4.12,21856,53,卖盘
1805,11:01:45,4.12,234199,568,卖盘
1806,11:01:48,4.12,60564,147,卖盘
1807,11:01:51,4.12,336193,816,卖盘
1808,11:01:54,4.13,32137,78,买盘
1809,11:01:57,4.12,116596,283,卖盘
1810,11:02:00,4.12,208148,504,卖盘
1811,11:02:03,4.12,63860,155,卖盘
1812,11:02:06,4.12,45735,111,卖盘
1813,11:02:09,4.12,3819718,9271,卖盘
1814,11:02:12,4.12,3014192,7316,卖盘
1815,11:02:15,4.12,1122402,2726,卖盘
1816,11:02:18,4.12,481422,1169,买盘
1817,11:02:21,4.12,141316,343,买盘
1818,11:02:24,4.11,23442,57,卖盘
1819,11:02:27,4.12,78270,190,买盘
1820,11:02:30,4.12,38702,94,买盘
1821,11:02:33,4.12,4120,10,买盘
1822,11:02:36,4.12,67517,164,买盘
1823,11:02:39,4.12,312249,758,买盘
1824,11:02:42,4.12,100939,245,买盘
1825,11:02:45,4.12,18952,46,买盘
1826,11:02:48,4.12,122776,298,买盘
1827,11:02:51,4.12,128268,312,买盘
1828,11:02:54,4.12,48615,118,买盘
1829,11:02:57,4.11,14395,35,卖盘
1830,11:03:03,4.12,75808,184,买盘
1831,11:03:06,4.12,49775,121,买盘
1832,11:03:09,4.12,129368,314,买盘
1833,11:03:12,4.12,8240,20,买盘
1834,11:03:15,4.12,134724,327,买盘
1835,11:03:18,4.12,76556,186,买盘
1836,11:03:21,4.12,30076,73,买盘
1837,11:03:24,4.11,63836,155,卖盘
1838,11:03:27,4.12,27192,66,买盘
1839,11:03:30,4.12,11948,29,买盘
1840,11:03:33,4.12,4120,10,买盘
1841,11:03:36,4.12,99654,242,买盘
1842,11:03:39,4.11,140489,341,卖盘
1843,11:03:42,4.11,26305,64,卖盘
1844,11:03:45,4.12,4944,12,买盘
1845,11:03:48,4.12,4120,10,买盘
1846,11:03:51,4.12,27604,67,买盘
1847,11:03:54,4.12,42436,103,买盘
1848,11:03:57,4.11,1233,3,卖盘
1849,11:04:00,4.11,9042,22,卖盘
1850,11:04:03,4.12,25083,61,买盘
1851,11:04:06,4.12,76573,186,买盘
1852,11:04:09,4.11,61750,150,卖盘
1853,11:04:12,4.12,56444,137,买盘
1854,11:04:15,4.12,41534,101,买盘
1855,11:04:18,4.12,13184,32,买盘
1856,11:04:21,4.11,39080,95,卖盘
1857,11:04:24,4.11,8220,20,卖盘
1858,11:04:27,4.11,14820,36,卖盘
1859,11:04:30,4.11,292712,711,卖盘
1860,11:04:33,4.12,32470,79,买盘
1861,11:04:36,4.12,35844,87,买盘
1862,11:04:39,4.12,56032,136,买盘
1863,11:04:42,4.11,54252,132,卖盘
1864,11:04:45,4.12,18540,45,买盘
1865,11:04:48,4.11,5754,14,卖盘
1866,11:04:51,4.12,136508,332,买盘
1867,11:04:54,4.11,566498,1378,卖盘
1868,11:04:57,4.11,83908,204,卖盘
1869,11:05:03,4.11,297158,723,卖盘
1870,11:05:06,4.12,1648,4,买盘
1871,11:05:09,4.11,411,1,卖盘
1872,11:05:12,4.12,67930,165,买盘
1873,11:05:15,4.12,48165,117,买盘
1874,11:05:18,4.11,13164,32,卖盘
1875,11:05:21,4.12,34608,84,买盘
1876,11:05:24,4.12,8639,21,买盘
1877,11:05:27,4.11,53074,129,卖盘
1878,11:05:30,4.11,40278,98,卖盘
1879,11:05:33,4.11,2055,5,卖盘
1880,11:05:36,4.12,134242,326,买盘
1881,11:05:39,4.12,62624,152,买盘
1882,11:05:42,4.12,215738,524,买盘
1883,11:05:45,4.12,197239,479,买盘
1884,11:05:48,4.12,330796,803,买盘
1885,11:05:51,4.12,228994,556,买盘
1886,11:05:54,4.11,317419,771,卖盘
1887,11:05:57,4.12,87282,212,买盘
1888,11:06:00,4.12,45310,110,买盘
1889,11:06:03,4.12,335780,815,买盘
1890,11:06:06,4.12,220753,536,买盘
1891,11:06:09,4.11,41100,100,卖盘
1892,11:06:12,4.12,72511,176,买盘
1893,11:06:15,4.12,139123,338,买盘
1894,11:06:18,4.11,28839,70,卖盘
1895,11:06:21,4.11,225685,548,卖盘
1896,11:06:24,4.12,20141,49,买盘
1897,11:06:27,4.12,42436,103,买盘
1898,11:06:30,4.11,140191,341,卖盘
1899,11:06:33,4.12,92654,225,买盘
1900,11:06:36,4.11,44416,108,卖盘
1901,11:06:39,4.12,46555,113,买盘
1902,11:06:42,4.12,42024,102,买盘
1903,11:06:45,4.12,58092,141,买盘
1904,11:06:48,4.11,12330,30,卖盘
1905,11:06:51,4.12,18952,46,买盘
1906,11:06:54,4.12,48204,117,买盘
1907,11:06:57,4.12,235841,573,买盘
1908,11:07:00,4.12,93936,228,买盘
1909,11:07:03,4.12,169604,412,买盘
1910,11:07:06,4.12,107933,262,买盘
1911,11:07:09,4.11,17673,43,卖盘
1912,11:07:12,4.12,4532,11,买盘
1913,11:07:15,4.12,8651,21,买盘
1914,11:07:18,4.12,35424,86,买盘
1915,11:07:21,4.12,9050,22,买盘
1916,11:07:24,4.11,14796,36,卖盘
1917,11:07:27,4.12,364405,885,买盘
1918,11:07:30,4.12,51086,124,买盘
1919,11:07:33,4.11,19728,48,卖盘
1920,11:07:36,4.11,52652,128,卖盘
1921,11:07:39,4.12,100111,243,买盘
1922,11:07:42,4.12,14007,34,买盘
1923,11:07:45,4.12,412,1,买盘
1924,11:07:48,4.12,70864,172,买盘
1925,11:07:51,4.12,37472,91,买盘
1926,11:07:54,4.12,142804,347,买盘
1927,11:07:57,4.12,181995,442,买盘
1928,11:08:00,4.11,28421,69,卖盘
1929,11:08:03,4.12,23072,56,买盘
1930,11:08:06,4.12,29200,71,买盘
1931,11:08:09,4.11,1233,3,卖盘
1932,11:08:12,4.11,39867,97,卖盘
1933,11:08:15,4.11,2055,5,卖盘
1934,11:08:18,4.11,411,1,卖盘
1935,11:08:21,4.12,412,1,买盘
1936,11:08:24,4.12,3296,8,买盘
1937,11:08:27,4.12,4119,10,买盘
1938,11:08:30,4.12,10287,25,买盘
1939,11:08:33,4.12,9476,23,买盘
1940,11:08:36,4.11,223991,544,卖盘
1941,11:08:39,4.12,10699,26,买盘
1942,11:08:42,4.12,81890,199,买盘
1943,11:08:45,4.12,5355,13,买盘
1944,11:08:48,4.12,86054,209,买盘
1945,11:08:51,4.11,90833,221,卖盘
1946,11:08:54,4.11,234108,569,卖盘
1947,11:08:57,4.11,94119,229,卖盘
1948,11:09:03,4.12,312139,758,买盘
1949,11:09:06,4.12,260661,633,买盘
1950,11:09:09,4.12,65508,159,买盘
1951,11:09:12,4.11,46937,114,卖盘
1952,11:09:15,4.12,118868,289,买盘
1953,11:09:18,4.12,34196,83,买盘
1954,11:09:21,4.12,1235,3,买盘
1955,11:09:24,4.11,4110,10,卖盘
1956,11:09:27,4.11,13169,32,卖盘
1957,11:09:30,4.11,43670,106,卖盘
1958,11:09:33,4.12,254705,619,买盘
1959,11:09:36,4.11,143235,348,卖盘
1960,11:09:39,4.11,93916,228,卖盘
1961,11:09:42,4.12,117612,286,买盘
1962,11:09:45,4.11,12354,30,卖盘
1963,11:09:48,4.11,5355,13,卖盘
1964,11:09:51,4.12,412,1,买盘
1965,11:09:54,4.11,6999,17,卖盘
1966,11:09:57,4.11,42022,102,卖盘
1967,11:10:00,4.12,4120,10,买盘
1968,11:10:03,4.12,75780,184,买盘
1969,11:10:06,4.12,16062,39,买盘
1970,11:10:09,4.12,9052,22,买盘
1971,11:10:12,4.11,20164,49,卖盘
1972,11:10:15,4.12,2471,6,买盘
1973,11:10:18,4.11,41100,100,卖盘
1974,11:10:21,4.11,25484,62,卖盘
1975,11:10:24,4.12,10699,26,买盘
1976,11:10:27,4.11,411,1,卖盘
1977,11:10:33,4.11,4110,10,卖盘
1978,11:10:36,4.11,72480,176,卖盘
1979,11:10:39,4.12,74037,180,买盘
1980,11:10:42,4.12,95072,231,买盘
1981,11:10:45,4.12,5757,14,买盘
1982,11:10:48,4.11,23430,57,卖盘
1983,11:10:51,4.12,32889,80,买盘
1984,11:10:54,4.11,27166,66,卖盘
1985,11:10:57,4.12,53971,131,买盘
1986,11:11:00,4.12,241520,587,买盘
1987,11:11:03,4.12,81480,198,买盘
1988,11:11:06,4.12,1648,4,买盘
1989,11:11:09,4.11,21783,53,卖盘
1990,11:11:12,4.11,13994,34,卖盘
1991,11:11:15,4.12,16480,40,买盘
1992,11:11:18,4.12,9050,22,买盘
1993,11:11:21,4.12,26779,65,买盘
1994,11:11:24,4.12,160154,389,买盘
1995,11:11:27,4.11,38717,94,卖盘
1996,11:11:30,4.11,102939,250,卖盘
1997,11:11:33,4.12,72100,175,买盘
1998,11:11:36,4.12,288578,701,买盘
1999,11:11:39,4.11,91653,223,卖盘
2000,11:11:42,4.12,414759,1007,买盘
2001,11:11:45,4.11,138307,336,卖盘
2002,11:11:48,4.11,411,1,卖盘
2003,11:11:51,4.12,26368,64,买盘
2004,11:11:54,4.11,4932,12,卖盘
2005,11:11:57,4.11,19728,48,卖盘
2006,11:12:00,4.11,111416,271,卖盘
2007,11:12:03,4.11,92231,224,卖盘
2008,11:12:06,4.12,11115,27,买盘
2009,11:12:09,4.12,16477,40,买盘
2010,11:12:12,4.11,18120,44,卖盘
2011,11:12:15,4.12,108353,263,买盘
2012,11:12:18,4.12,44018,107,买盘
2013,11:12:21,4.11,4119,10,卖盘
2014,11:12:24,4.11,11521,28,卖盘
2015,11:12:27,4.12,41199,100,买盘
2016,11:12:30,4.11,93873,228,卖盘
2017,11:12:33,4.11,5345,13,卖盘
2018,11:12:36,4.11,29592,72,卖盘
2019,11:12:42,4.11,191902,466,卖盘
2020,11:12:45,4.11,27190,66,卖盘
2021,11:12:48,4.11,26304,64,卖盘
2022,11:12:51,4.11,26728,65,卖盘
2023,11:12:54,4.11,18906,46,卖盘
2024,11:12:57,4.12,56394,137,买盘
2025,11:13:00,4.11,411,1,卖盘
2026,11:13:03,4.11,70816,172,卖盘
2027,11:13:06,4.11,26321,64,卖盘
2028,11:13:09,4.11,2058,5,卖盘
2029,11:13:12,4.12,3296,8,买盘
2030,11:13:15,4.12,4532,11,买盘
2031,11:13:18,4.11,21400,52,卖盘
2032,11:13:21,4.12,81858,199,买盘
2033,11:13:24,4.12,56733,138,买盘
2034,11:13:27,4.11,5344,13,卖盘
2035,11:13:30,4.12,2472,6,买盘
2036,11:13:33,4.11,62619,152,卖盘
2037,11:13:36,4.11,32135,78,卖盘
2038,11:13:39,4.11,17679,43,卖盘
2039,11:13:42,4.12,32086,78,买盘
2040,11:13:45,4.11,6991,17,卖盘
2041,11:13:48,4.12,8239,20,买盘
2042,11:13:51,4.11,30049,73,卖盘
2043,11:13:54,4.11,30865,75,卖盘
2044,11:13:57,4.12,109585,266,买盘
2045,11:14:00,4.12,110286,268,买盘
2046,11:14:03,4.12,22240,54,买盘
2047,11:14:06,4.12,22247,54,买盘
2048,11:14:09,4.12,249255,605,买盘
2049,11:14:12,4.12,112064,272,买盘
2050,11:14:15,4.12,943998,2292,买盘
2051,11:14:18,4.12,3216843,7808,买盘
2052,11:14:21,4.12,262016,636,买盘
2053,11:14:24,4.12,177889,432,买盘
2054,11:14:27,4.12,40788,99,买盘
2055,11:14:30,4.12,55208,134,买盘
2056,11:14:33,4.12,31251,76,买盘
2057,11:14:36,4.12,63448,154,买盘
2058,11:14:39,4.12,50676,123,买盘
2059,11:14:42,4.12,769484,1868,买盘
2060,11:14:45,4.12,46968,114,买盘
2061,11:14:48,4.12,1268178,3085,买盘
2062,11:14:51,4.12,229895,558,买盘
2063,11:14:54,4.12,23484,57,买盘
2064,11:14:57,4.12,52670,128,买盘
2065,11:15:00,4.12,138431,336,买盘
2066,11:15:03,4.12,412,1,买盘
2067,11:15:06,4.12,64557,157,买盘
2068,11:15:09,4.12,254071,617,买盘
2069,11:15:12,4.12,35844,87,买盘
2070,11:15:15,4.12,25132,61,买盘
2071,11:15:18,4.12,64957,158,买盘
2072,11:15:21,4.11,37813,92,卖盘
2073,11:15:24,4.12,24274,59,买盘
2074,11:15:27,4.12,57251,139,买盘
2075,11:15:30,4.12,24260,59,买盘
2076,11:15:33,4.12,195288,474,买盘
2077,11:15:36,4.12,133327,324,买盘
2078,11:15:39,4.12,41200,100,买盘
2079,11:15:42,4.12,78661,191,买盘
2080,11:15:45,4.12,231543,562,买盘
2081,11:15:48,4.12,108356,263,买盘
2082,11:15:51,4.12,125248,304,买盘
2083,11:15:54,4.12,455671,1106,买盘
2084,11:15:57,4.11,422501,1027,卖盘
2085,11:16:00,4.11,55520,135,卖盘
2086,11:16:03,4.11,331474,805,卖盘
2087,11:16:06,4.11,71586,174,卖盘
2088,11:16:09,4.11,117295,285,卖盘
2089,11:16:12,4.12,40375,98,买盘
2090,11:16:15,4.11,43977,107,卖盘
2091,11:16:18,4.12,119214,290,买盘
2092,11:16:21,4.11,25492,62,卖盘
2093,11:16:24,4.11,18088,44,卖盘
2094,11:16:27,4.12,61651,150,买盘
2095,11:16:30,4.11,82247,200,卖盘
2096,11:16:33,4.12,88432,215,买盘
2097,11:16:36,4.11,6576,16,卖盘
2098,11:16:39,4.12,35019,85,买盘
2099,11:16:42,4.12,445603,1082,买盘
2100,11:16:45,4.12,86794,211,买盘
2101,11:16:48,4.11,20970,51,卖盘
2102,11:16:51,4.12,412,1,买盘
2103,11:16:54,4.12,95996,233,买盘
2104,11:16:57,4.12,102452,249,买盘
2105,11:17:00,4.12,62151,151,买盘
2106,11:17:03,4.12,40376,98,买盘
2107,11:17:06,4.12,54795,133,买盘
2108,11:17:09,4.11,274123,666,卖盘
2109,11:17:12,4.12,123068,299,买盘
2110,11:17:15,4.12,125238,304,买盘
2111,11:17:18,4.12,42436,103,买盘
2112,11:17:21,4.12,841304,2042,买盘
2113,11:17:24,4.12,83098,202,买盘
2114,11:17:27,4.12,125248,304,买盘
2115,11:17:30,4.12,376106,913,买盘
2116,11:17:33,4.12,1436591,3487,买盘
2117,11:17:36,4.11,163522,397,卖盘
2118,11:17:39,4.12,343193,833,买盘
2119,11:17:42,4.12,2702305,6559,买盘
2120,11:17:45,4.12,159897,388,卖盘
2121,11:17:48,4.12,136031,330,卖盘
2122,11:17:51,4.12,1649,4,卖盘
2123,11:17:54,4.13,224904,545,买盘
2124,11:17:57,4.12,133518,324,卖盘
2125,11:18:00,4.12,44516,108,卖盘
2126,11:18:03,4.12,115360,280,卖盘
2127,11:18:06,4.12,15265,37,卖盘
2128,11:18:09,4.12,161178,391,卖盘
2129,11:18:12,4.12,51130,124,卖盘
2130,11:18:15,4.12,39593,96,卖盘
2131,11:18:18,4.12,10712,26,卖盘
2132,11:18:21,4.12,66396,161,卖盘
2133,11:18:24,4.12,106750,259,卖盘
2134,11:18:27,4.12,17345,42,卖盘
2135,11:18:30,4.12,20232,49,卖盘
2136,11:18:33,4.13,507243,1231,买盘
2137,11:18:36,4.12,83765,203,卖盘
2138,11:18:39,4.13,45835,111,买盘
2139,11:18:42,4.12,45823,111,卖盘
2140,11:18:45,4.12,85348,207,卖盘
2141,11:18:48,4.12,178969,434,卖盘
2142,11:18:51,4.12,46155,112,卖盘
2143,11:18:54,4.12,77886,189,卖盘
2144,11:18:57,4.12,4944,12,卖盘
2145,11:19:00,4.12,11124,27,卖盘
2146,11:19:03,4.12,83682,203,卖盘
2147,11:19:06,4.12,188696,458,卖盘
2148,11:19:09,4.13,26019,63,买盘
2149,11:19:12,4.13,15275,37,买盘
2150,11:19:15,4.13,133247,323,买盘
2151,11:19:18,4.12,1238,3,卖盘
2152,11:19:21,4.12,47883,116,卖盘
2153,11:19:24,4.12,55209,134,卖盘
2154,11:19:27,4.12,237850,577,卖盘
2155,11:19:30,4.12,182104,442,卖盘
2156,11:19:33,4.12,31376,76,卖盘
2157,11:19:36,4.12,71688,174,卖盘
2158,11:19:39,4.12,265328,644,卖盘
2159,11:19:42,4.13,84238,204,买盘
2160,11:19:45,4.12,2884,7,卖盘
2161,11:19:48,4.12,76220,185,卖盘
2162,11:19:51,4.12,17716,43,卖盘
2163,11:19:54,4.12,15244,37,卖盘
2164,11:19:57,4.12,58916,143,卖盘
2165,11:20:00,4.12,28840,70,卖盘
2166,11:20:03,4.13,1237,3,买盘
2167,11:20:06,4.12,96820,235,卖盘
2168,11:20:09,4.12,7005,17,卖盘
2169,11:20:12,4.12,39160,95,卖盘
2170,11:20:15,4.13,70894,172,买盘
2171,11:20:18,4.12,82812,201,卖盘
2172,11:20:21,4.12,213096,516,卖盘
2173,11:20:24,4.13,2476,6,买盘
2174,11:20:27,4.12,103131,250,卖盘
2175,11:20:30,4.12,61800,150,卖盘
2176,11:20:33,4.12,71755,174,卖盘
2177,11:20:36,4.12,6181,15,卖盘
2178,11:20:39,4.12,8652,21,卖盘
2179,11:20:42,4.12,133214,323,卖盘
2180,11:20:45,4.12,199035,482,卖盘
2181,11:20:51,4.12,21836,53,卖盘
2182,11:20:54,4.12,42848,104,卖盘
2183,11:20:57,4.12,103200,250,卖盘
2184,11:21:00,4.12,249700,605,卖盘
2185,11:21:03,4.12,43775,106,卖盘
2186,11:21:06,4.12,83372,202,卖盘
2187,11:21:09,4.13,39220,95,买盘
2188,11:21:12,4.12,5777,14,卖盘
2189,11:21:15,4.13,3711,9,买盘
2190,11:21:18,4.12,120023,291,卖盘
2191,11:21:21,4.12,23101,56,卖盘
2192,11:21:27,4.12,36731,89,卖盘
2193,11:21:30,4.12,47380,115,卖盘
2194,11:21:33,4.12,23484,57,卖盘
2195,11:21:36,4.13,13625,33,买盘
2196,11:21:39,4.13,123709,300,买盘
2197,11:21:42,4.12,12389,30,卖盘
2198,11:21:45,4.13,95396,231,买盘
2199,11:21:48,4.13,115615,280,买盘
2200,11:21:51,4.13,81360,197,买盘
2201,11:21:54,4.13,26843,65,买盘
2202,11:21:57,4.12,61514,149,卖盘
2203,11:22:00,4.12,24725,60,卖盘
2204,11:22:03,4.12,76351,185,卖盘
2205,11:22:06,4.12,23908,58,卖盘
2206,11:22:09,4.12,4949,12,卖盘
2207,11:22:12,4.12,412,1,卖盘
2208,11:22:15,4.12,895276,2173,卖盘
2209,11:22:18,4.13,1892457,4593,买盘
2210,11:22:21,4.12,194465,472,卖盘
2211,11:22:24,4.12,172573,418,卖盘
2212,11:22:27,4.13,63461,154,买盘
2213,11:22:30,4.13,12782,31,买盘
2214,11:22:33,4.12,23484,57,卖盘
2215,11:22:36,4.12,6180,15,卖盘
2216,11:22:39,4.13,141317,343,买盘
2217,11:22:42,4.12,60992,148,卖盘
2218,11:22:45,4.13,128272,311,买盘
2219,11:22:48,4.12,94924,230,卖盘
2220,11:22:51,4.13,14848,36,买盘
2221,11:22:54,4.13,56042,136,买盘
2222,11:22:57,4.12,7828,19,卖盘
2223,11:23:00,4.12,73748,179,卖盘
2224,11:23:03,4.12,195362,474,卖盘
2225,11:23:06,4.12,62214,151,卖盘
2226,11:23:09,4.12,31735,77,卖盘
2227,11:23:12,4.13,31372,76,买盘
2228,11:23:15,4.12,21424,52,卖盘
2229,11:23:18,4.12,20639,50,卖盘
2230,11:23:21,4.13,11133,27,买盘
2231,11:23:24,4.12,9064,22,卖盘
2232,11:23:27,4.12,4120,10,卖盘
2233,11:23:30,4.12,3708,9,卖盘
2234,11:23:33,4.13,4130,10,买盘
2235,11:23:36,4.13,52814,128,买盘
2236,11:23:39,4.13,20237,49,买盘
2237,11:23:42,4.12,82959,201,卖盘
2238,11:23:45,4.12,21025,51,卖盘
2239,11:23:48,4.12,205367,498,卖盘
2240,11:23:51,4.12,614704,1492,卖盘
2241,11:23:54,4.13,90288,219,买盘
2242,11:23:57,4.12,35432,86,卖盘
2243,11:24:00,4.12,735849,1786,卖盘
2244,11:24:03,4.12,3176540,7709,卖盘
2245,11:24:06,4.12,102206,248,卖盘
2246,11:24:09,4.13,73917,179,买盘
2247,11:24:12,4.13,130193,316,买盘
2248,11:24:15,4.12,1217481,2955,卖盘
2249,11:24:18,4.12,507996,1233,卖盘
2250,11:24:21,4.12,1171364,2843,卖盘
2251,11:24:24,4.12,233604,567,卖盘
2252,11:24:27,4.12,418632,1016,卖盘
2253,11:24:30,4.12,83636,203,卖盘
2254,11:24:33,4.12,190756,463,卖盘
2255,11:24:36,4.12,414060,1005,卖盘
2256,11:24:39,4.12,347728,844,买盘
2257,11:24:42,4.12,99272,241,买盘
2258,11:24:45,4.12,36668,89,买盘
2259,11:24:48,4.12,50624,123,买盘
2260,11:24:51,4.12,41200,100,买盘
2261,11:24:54,4.11,20139,49,卖盘
2262,11:24:57,4.12,823,2,买盘
2263,11:25:03,4.11,43627,106,卖盘
2264,11:25:06,4.12,14832,36,买盘
2265,11:25:09,4.12,79516,193,买盘
2266,11:25:12,4.12,17715,43,买盘
2267,11:25:15,4.12,114943,279,买盘
2268,11:25:18,4.12,164800,400,买盘
2269,11:25:27,4.12,33370,81,买盘
2270,11:25:30,4.12,47792,116,买盘
2271,11:25:33,4.12,412,1,买盘
2272,11:25:36,4.11,12770,31,卖盘
2273,11:25:39,4.12,99704,242,买盘
2274,11:25:42,4.11,6576,16,卖盘
2275,11:25:45,4.12,412,1,买盘
2276,11:25:48,4.12,4532,11,买盘
2277,11:25:51,4.11,7811,19,卖盘
2278,11:25:57,4.12,7827,19,买盘
2279,11:26:00,4.12,27955,68,买盘
2280,11:26:06,4.12,95432,232,买盘
2281,11:26:09,4.12,145011,352,买盘
2282,11:26:12,4.12,15656,38,买盘
2283,11:26:15,4.12,3296,8,买盘
2284,11:26:18,4.11,6987,17,卖盘
2285,11:26:21,4.12,38713,94,买盘
2286,11:26:24,4.11,20550,50,卖盘
2287,11:26:27,4.12,47790,116,买盘
2288,11:26:30,4.11,9865,24,卖盘
2289,11:26:33,4.12,40761,99,买盘
2290,11:26:36,4.11,111898,272,卖盘
2291,11:26:39,4.11,35346,86,卖盘
2292,11:26:42,4.12,21424,52,买盘
2293,11:26:45,4.12,20967,51,买盘
2294,11:26:51,4.12,28840,70,买盘
2295,11:26:54,4.12,58504,142,买盘
2296,11:26:57,4.11,8631,21,卖盘
2297,11:27:00,4.11,166044,404,卖盘
2298,11:27:03,4.12,4944,12,买盘
2299,11:27:06,4.12,151463,368,买盘
2300,11:27:09,4.11,97827,238,卖盘
2301,11:27:12,4.12,51498,125,买盘
2302,11:27:15,4.12,137963,335,买盘
2303,11:27:18,4.12,77435,188,买盘
2304,11:27:21,4.12,41122,100,买盘
2305,11:27:24,4.12,135098,328,买盘
2306,11:27:27,4.12,23482,57,买盘
2307,11:27:30,4.12,9064,22,买盘
2308,11:27:33,4.11,136534,332,卖盘
2309,11:27:36,4.11,254144,617,卖盘
2310,11:27:39,4.11,8220,20,卖盘
2311,11:27:42,4.12,15623,38,买盘
2312,11:27:45,4.11,10275,25,卖盘
2313,11:27:48,4.12,4943,12,买盘
2314,11:27:51,4.12,25900,63,买盘
2315,11:27:54,4.12,118500,288,买盘
2316,11:27:57,4.12,63761,155,买盘
2317,11:28:00,4.11,64173,156,卖盘
2318,11:28:03,4.12,27604,67,买盘
2319,11:28:06,4.11,4116,10,卖盘
2320,11:28:09,4.12,320121,777,买盘
2321,11:28:12,4.11,44419,108,卖盘
2322,11:28:15,4.12,66689,162,买盘
2323,11:28:18,4.12,2059176,4998,买盘
2324,11:28:21,4.11,175034,425,卖盘
2325,11:28:24,4.12,26367,64,买盘
2326,11:28:27,4.12,7416,18,买盘
2327,11:28:30,4.12,6180,15,买盘
2328,11:28:33,4.12,191988,466,买盘
2329,11:28:36,4.12,33372,81,买盘
2330,11:28:39,4.12,4120,10,买盘
2331,11:28:42,4.12,20188,49,买盘
2332,11:28:45,4.12,28833,70,买盘
2333,11:28:48,4.12,10300,25,买盘
2334,11:28:51,4.12,144158,350,买盘
2335,11:28:54,4.12,215476,523,买盘
2336,11:28:57,4.12,33372,81,买盘
2337,11:29:00,4.12,3706,9,买盘
2338,11:29:03,4.12,6592,16,买盘
2339,11:29:06,4.11,4792,12,卖盘
2340,11:29:09,4.12,8238,20,买盘
2341,11:29:12,4.12,17304,42,买盘
2342,11:29:15,4.11,6590,16,卖盘
2343,11:29:18,4.12,47792,116,买盘
2344,11:29:21,4.12,40788,99,买盘
2345,11:29:24,4.12,26368,64,买盘
2346,11:29:27,4.12,56032,136,买盘
2347,11:29:30,4.12,45316,110,买盘
2348,11:29:33,4.12,22247,54,买盘
2349,11:29:36,4.12,126072,306,买盘
2350,11:29:39,4.12,64164,156,买盘
2351,11:29:42,4.13,459603,1115,买盘
2352,11:29:45,4.12,154923,376,卖盘
2353,11:29:48,4.13,155751,378,买盘
2354,11:29:51,4.12,15664,38,卖盘
2355,11:29:57,4.13,4121,10,买盘
2356,11:30:00,4.12,52325,127,卖盘
2357,13:00:00,4.12,1030070,2498,卖盘
2358,13:00:03,4.13,4618147,11197,买盘
2359,13:00:06,4.12,3606828,8754,卖盘
2360,13:00:09,4.12,2138744,5185,卖盘
2361,13:00:12,4.12,455356,1105,卖盘
2362,13:00:15,4.13,255923,621,买盘
2363,13:00:18,4.13,111715,271,买盘
2364,13:00:21,4.13,2891,7,买盘
2365,13:00:24,4.12,30496,74,卖盘
2366,13:00:27,4.12,97248,236,卖盘
2367,13:00:30,4.13,59750,145,买盘
2368,13:00:33,4.12,93112,226,卖盘
2369,13:00:36,4.13,32188,78,买盘
2370,13:00:39,4.12,55661,135,卖盘
2371,13:00:42,4.13,108058,262,买盘
2372,13:00:45,4.12,44559,108,卖盘
2373,13:00:48,4.13,69278,168,买盘
2374,13:00:51,4.12,44496,108,卖盘
2375,13:00:54,4.13,67319,163,买盘
2376,13:00:57,4.12,23920,58,卖盘
2377,13:01:00,4.12,11150,27,卖盘
2378,13:01:03,4.12,65603,159,卖盘
2379,13:01:06,4.13,42539,103,买盘
2380,13:01:09,4.13,155801,378,买盘
2381,13:01:12,4.13,8260,20,买盘
2382,13:01:15,4.12,17716,43,卖盘
2383,13:01:18,4.12,3296,8,卖盘
2384,13:01:21,4.13,96441,234,买盘
2385,13:01:27,4.13,33814,82,买盘
2386,13:01:33,4.13,84912,206,买盘
2387,13:01:36,4.13,37573,91,买盘
2388,13:01:39,4.13,76286,185,买盘
2389,13:01:42,4.12,1648,4,卖盘
2390,13:01:48,4.12,45832,111,卖盘
2391,13:01:51,4.12,51088,124,卖盘
2392,13:01:54,4.13,2473,6,买盘
2393,13:02:00,4.13,40474,98,买盘
2394,13:02:03,4.12,213596,518,卖盘
2395,13:02:06,4.12,145183,352,卖盘
2396,13:02:09,4.12,66765,162,卖盘
2397,13:02:12,4.13,12370,30,买盘
2398,13:02:15,4.12,20600,50,卖盘
2399,13:02:18,4.12,94960,230,卖盘
2400,13:02:21,4.12,177622,431,卖盘
2401,13:02:24,4.12,30086,73,卖盘
2402,13:02:27,4.12,824,2,卖盘
2403,13:02:30,4.12,1236,3,卖盘
2404,13:02:33,4.13,2478,6,买盘
2405,13:02:36,4.13,4956,12,买盘
2406,13:02:39,4.12,32136,78,卖盘
2407,13:02:42,4.13,4542,11,买盘
2408,13:02:45,4.13,13216,32,买盘
2409,13:02:48,4.13,11142,27,买盘
2410,13:02:51,4.12,39599,96,卖盘
2411,13:02:54,4.13,84252,204,买盘
2412,13:03:00,4.12,47485,115,卖盘
2413,13:03:03,4.12,88580,215,卖盘
2414,13:03:06,4.12,65097,158,卖盘
2415,13:03:09,4.13,3715,9,买盘
2416,13:03:12,4.13,413,1,买盘
2417,13:03:15,4.12,12360,30,卖盘
2418,13:03:18,4.12,156586,380,卖盘
2419,13:03:21,4.12,31340,76,卖盘
2420,13:03:24,4.12,46156,112,卖盘
2421,13:03:27,4.13,25193,61,买盘
2422,13:03:30,4.12,12799,31,卖盘
2423,13:03:36,4.12,60564,147,卖盘
2424,13:03:39,4.13,20198,49,买盘
2425,13:03:42,4.12,49028,119,卖盘
2426,13:03:48,4.12,3298,8,卖盘
2427,13:03:51,4.13,83639,203,买盘
2428,13:03:54,4.12,190236,461,卖盘
2429,13:03:57,4.12,115214,279,卖盘
2430,13:04:00,4.12,197906,480,卖盘
2431,13:04:03,4.13,290162,704,买盘
2432,13:04:06,4.12,2473,6,卖盘
2433,13:04:09,4.12,4124,10,卖盘
2434,13:04:12,4.12,136216,330,卖盘
2435,13:04:15,4.12,21012,51,卖盘
2436,13:04:18,4.13,33849,82,买盘
2437,13:04:21,4.12,6592,16,卖盘
2438,13:04:24,4.12,59805,145,卖盘
2439,13:04:27,4.12,25182,61,卖盘
2440,13:04:30,4.12,62702,152,卖盘
2441,13:04:33,4.12,79107,192,卖盘
2442,13:04:36,4.13,20610,50,买盘
2443,13:04:39,4.12,4944,12,卖盘
2444,13:04:42,4.13,7847,19,买盘
2445,13:04:45,4.12,26780,65,卖盘
2446,13:04:48,4.12,1236,3,卖盘
2447,13:04:51,4.12,6180,15,卖盘
2448,13:04:54,4.12,47455,115,卖盘
2449,13:04:57,4.12,56549,137,卖盘
2450,13:05:00,4.13,29714,72,买盘
2451,13:05:03,4.12,17734,43,卖盘
2452,13:05:06,4.12,30555,74,卖盘
2453,13:05:09,4.12,224145,544,卖盘
2454,13:05:15,4.13,99098,240,买盘
2455,13:05:18,4.13,54929,133,买盘
2456,13:05:21,4.13,102261,248,买盘
2457,13:05:24,4.12,100357,243,卖盘
2458,13:05:27,4.12,7426,18,卖盘
2459,13:05:30,4.12,70481,171,卖盘
2460,13:05:33,4.13,61119,148,买盘
2461,13:05:36,4.12,84155,204,卖盘
2462,13:05:39,4.12,34608,84,卖盘
2463,13:05:42,4.12,30488,74,卖盘
2464,13:05:45,4.12,37904,92,卖盘
2465,13:05:48,4.12,6180,15,卖盘
2466,13:05:51,4.13,4533,11,买盘
2467,13:05:54,4.13,39648,96,买盘
2468,13:05:57,4.12,65920,160,卖盘
2469,13:06:00,4.12,37080,90,卖盘
2470,13:06:03,4.13,83839,203,买盘
2471,13:06:06,4.13,41300,100,买盘
2472,13:06:09,4.13,82818,201,买盘
2473,13:06:12,4.12,13599,33,卖盘
2474,13:06:15,4.13,2478,6,买盘
2475,13:06:18,4.12,24720,60,卖盘
2476,13:06:21,4.12,5768,14,卖盘
2477,13:06:24,4.13,146369,355,买盘
2478,13:06:27,4.12,26368,64,卖盘
2479,13:06:30,4.12,53560,130,卖盘
2480,13:06:33,4.12,160680,390,卖盘
2481,13:06:36,4.12,8240,20,卖盘
2482,13:06:39,4.12,22667,55,卖盘
2483,13:06:42,4.12,70872,172,卖盘
2484,13:06:45,4.12,52324,127,卖盘
2485,13:06:48,4.12,81281,197,卖盘
2486,13:06:51,4.12,1777403,4314,卖盘
2487,13:06:54,4.12,36668,89,卖盘
2488,13:06:57,4.13,71861,174,买盘
2489,13:07:00,4.13,42949,104,买盘
2490,13:07:03,4.12,462264,1122,卖盘
2491,13:07:06,4.12,77615,188,卖盘
2492,13:07:09,4.12,9082,22,卖盘
2493,13:07:12,4.12,67584,164,卖盘
2494,13:07:15,4.12,10712,26,卖盘
2495,13:07:18,4.12,10310,25,卖盘
2496,13:07:21,4.13,11141,27,买盘
2497,13:07:24,4.13,46665,113,买盘
2498,13:07:27,4.13,8653,21,买盘
2499,13:07:30,4.12,412,1,卖盘
2500,13:07:33,4.12,6180,15,卖盘
2501,13:07:36,4.12,114538,278,卖盘
2502,13:07:39,4.12,94573,229,卖盘
2503,13:07:42,4.12,213004,517,卖盘
2504,13:07:45,4.13,4130,10,买盘
2505,13:07:48,4.12,35083,85,卖盘
2506,13:07:51,4.12,169124,410,卖盘
2507,13:07:54,4.13,733323,1776,买盘
2508,13:07:57,4.13,200110,485,买盘
2509,13:08:00,4.12,95340,231,卖盘
2510,13:08:03,4.12,36717,89,卖盘
2511,13:08:06,4.12,38352,93,卖盘
2512,13:08:09,4.12,72660,176,卖盘
2513,13:08:12,4.13,106312,258,买盘
2514,13:08:15,4.12,6180,15,卖盘
2515,13:08:18,4.12,163246,396,卖盘
2516,13:08:21,4.12,74581,181,卖盘
2517,13:08:24,4.13,8260,20,买盘
2518,13:08:27,4.13,61819,150,买盘
2519,13:08:30,4.12,33820,82,卖盘
2520,13:08:33,4.12,78280,190,卖盘
2521,13:08:36,4.12,15244,37,卖盘
2522,13:08:39,4.12,149680,363,卖盘
2523,13:08:42,4.12,93965,228,卖盘
2524,13:08:45,4.12,200232,486,卖盘
2525,13:08:48,4.12,172629,419,卖盘
2526,13:08:51,4.12,47395,115,卖盘
2527,13:08:54,4.12,230720,560,卖盘
2528,13:08:57,4.12,44497,108,卖盘
2529,13:09:00,4.12,124516,302,卖盘
2530,13:09:03,4.12,99704,242,卖盘
2531,13:09:06,4.13,111249,270,买盘
2532,13:09:09,4.12,156976,381,卖盘
2533,13:09:12,4.12,84460,205,卖盘
2534,13:09:15,4.12,26780,65,卖盘
2535,13:09:18,4.12,62705,152,卖盘
2536,13:09:21,4.12,371045,899,卖盘
2537,13:09:24,4.13,3717,9,买盘
2538,13:09:27,4.12,154500,375,卖盘
2539,13:09:30,4.12,24770,60,卖盘
2540,13:09:33,4.12,49450,120,卖盘
2541,13:09:36,4.12,131428,319,卖盘
2542,13:09:39,4.12,73336,178,卖盘
2543,13:09:42,4.13,216766,526,买盘
2544,13:09:45,4.13,57681,140,买盘
2545,13:09:48,4.12,4944,12,卖盘
2546,13:09:51,4.12,2060,5,卖盘
2547,13:09:54,4.12,146672,356,卖盘
2548,13:09:57,4.12,650551,1578,卖盘
2549,13:10:00,4.12,447044,1085,卖盘
2550,13:10:03,4.12,797220,1935,卖盘
2551,13:10:06,4.12,2067848,5019,卖盘
2552,13:10:09,4.12,629127,1527,卖盘
2553,13:10:12,4.12,160272,389,卖盘
2554,13:10:15,4.12,48640,118,卖盘
2555,13:10:18,4.12,25132,61,卖盘
2556,13:10:21,4.12,182876,443,卖盘
2557,13:10:24,4.12,39977,97,卖盘
2558,13:10:27,4.12,194876,473,卖盘
2559,13:10:30,4.12,80752,196,卖盘
2560,13:10:33,4.12,38316,93,卖盘
2561,13:10:36,4.12,46571,113,卖盘
2562,13:10:39,4.12,25580,62,卖盘
2563,13:10:42,4.12,144201,350,卖盘
2564,13:10:45,4.12,230017,558,卖盘
2565,13:10:48,4.13,97235,236,买盘
2566,13:10:51,4.12,462676,1123,卖盘
2567,13:10:54,4.12,52033,126,卖盘
2568,13:10:57,4.12,1353865,3286,卖盘
2569,13:11:00,4.12,128958,313,卖盘
2570,13:11:03,4.12,89404,217,卖盘
2571,13:11:06,4.12,162328,394,卖盘
2572,13:11:09,4.12,630364,1530,卖盘
2573,13:11:12,4.13,532388,1292,买盘
2574,13:11:15,4.12,20655628,50135,卖盘
2575,13:11:18,4.12,7265615,17635,买盘
2576,13:11:21,4.12,4581028,11119,买盘
2577,13:11:24,4.13,518004,1257,买盘
2578,13:11:27,4.13,54798,133,买盘
2579,13:11:30,4.12,6176908,15004,卖盘
2580,13:11:33,4.12,41612,101,卖盘
2581,13:11:36,4.12,51501,125,卖盘
2582,13:11:39,4.12,195950,475,卖盘
2583,13:11:42,4.12,376176,913,卖盘
2584,13:11:45,4.12,399634,970,卖盘
2585,13:11:48,4.12,297874,723,买盘
2586,13:11:51,4.12,140852,342,买盘
2587,13:11:57,4.11,1622169,3939,卖盘
2588,13:12:00,4.12,41176,100,买盘
2589,13:12:03,4.12,28016,68,买盘
2590,13:12:06,4.11,102927,250,卖盘
2591,13:12:09,4.12,1648,4,买盘
2592,13:12:12,4.12,20600,50,买盘
2593,13:12:15,4.11,54283,132,卖盘
2594,13:12:18,4.12,42336,103,买盘
2595,13:12:21,4.12,43614,106,买盘
2596,13:12:24,4.11,23428,57,卖盘
2597,13:12:27,4.12,33782,82,买盘
2598,13:12:30,4.12,9064,22,买盘
2599,13:12:33,4.12,9052,22,买盘
2600,13:12:36,4.12,25118,61,买盘
2601,13:12:39,4.11,133069,323,卖盘
2602,13:12:42,4.12,16063,39,买盘
2603,13:12:45,4.12,66312,161,买盘
2604,13:12:48,4.12,32519,79,买盘
2605,13:12:51,4.11,32881,80,卖盘
2606,13:12:54,4.11,50592,123,卖盘
2607,13:12:57,4.11,45724,111,卖盘
2608,13:13:00,4.11,4936,12,卖盘
2609,13:13:03,4.11,20149,49,卖盘
2610,13:13:06,4.12,146348,356,买盘
2611,13:13:09,4.11,76039,185,卖盘
2612,13:13:12,4.11,19728,48,卖盘
2613,13:13:15,4.11,29592,72,卖盘
2614,13:13:18,4.11,72753,177,卖盘
2615,13:13:21,4.11,42403,103,卖盘
2616,13:13:24,4.11,15207,37,卖盘
2617,13:13:27,4.11,48909,119,卖盘
2618,13:13:30,4.12,18520,45,买盘
2619,13:13:33,4.11,5754,14,卖盘
2620,13:13:36,4.12,1236,3,买盘
2621,13:13:39,4.12,10300,25,买盘
2622,13:13:42,4.11,5346,13,卖盘
2623,13:13:45,4.11,24272,59,卖盘
2624,13:13:48,4.12,2472,6,买盘
2625,13:13:51,4.11,209172,508,卖盘
2626,13:13:54,4.11,399586,971,卖盘
2627,13:13:57,4.12,103412,251,买盘
2628,13:14:00,4.12,50264,122,买盘
2629,13:14:03,4.12,88814,216,买盘
2630,13:14:06,4.11,443674,1077,卖盘
2631,13:14:09,4.11,96611,235,卖盘
2632,13:14:12,4.11,21795,53,卖盘
2633,13:14:15,4.12,6180,15,买盘
2634,13:14:18,4.12,58389,142,买盘
2635,13:14:21,4.11,85899,209,卖盘
2636,13:14:24,4.12,37465,91,买盘
2637,13:14:27,4.12,53882,131,买盘
2638,13:14:30,4.12,22645,55,买盘
2639,13:14:33,4.11,5755,14,卖盘
2640,13:14:36,4.11,21802,53,卖盘
2641,13:14:39,4.11,10275,25,卖盘
2642,13:14:42,4.12,17304,42,买盘
2643,13:14:45,4.11,25900,63,卖盘
2644,13:14:48,4.12,37462,91,买盘
2645,13:14:51,4.11,8223,20,卖盘
2646,13:14:54,4.12,412,1,买盘
2647,13:14:57,4.11,128788,313,卖盘
2648,13:15:00,4.11,4932,12,卖盘
2649,13:15:03,4.12,106693,259,买盘
2650,13:15:06,4.12,423948,1029,买盘
2651,13:15:09,4.12,32094,78,买盘
2652,13:15:12,4.11,2055,5,卖盘
2653,13:15:15,4.11,48930,119,卖盘
2654,13:15:18,4.12,22248,54,买盘
2655,13:15:21,4.12,18538,45,买盘
2656,13:15:24,4.12,5768,14,买盘
2657,13:15:27,4.12,95789,233,买盘
2658,13:15:30,4.12,27590,67,买盘
2659,13:15:33,4.12,270192,656,买盘
2660,13:15:36,4.12,67880,165,买盘
2661,13:15:39,4.12,31246,76,买盘
2662,13:15:42,4.12,16892,41,买盘
2663,13:15:45,4.12,58463,142,买盘
2664,13:15:48,4.12,30076,73,买盘
2665,13:15:51,4.11,2466,6,卖盘
2666,13:15:54,4.12,69628,169,买盘
2667,13:15:57,4.11,13993,34,卖盘
2668,13:16:00,4.12,55591,135,买盘
2669,13:16:03,4.12,84460,205,买盘
2670,13:16:06,4.11,775325,1883,卖盘
2671,13:16:09,4.12,219183,532,买盘
2672,13:16:12,4.12,139467,339,买盘
2673,13:16:15,4.12,24720,60,买盘
2674,13:16:18,4.12,53851,131,买盘
2675,13:16:21,4.12,35423,86,买盘
2676,13:16:24,4.12,19328,47,买盘
2677,13:16:27,4.12,145009,352,买盘
2678,13:16:30,4.12,6180,15,买盘
2679,13:16:33,4.12,50164,122,买盘
2680,13:16:36,4.11,24249,59,卖盘
2681,13:16:39,4.11,109854,267,卖盘
2682,13:16:42,4.12,76503,186,买盘
2683,13:16:45,4.12,2472,6,买盘
2684,13:16:48,4.11,82303,200,卖盘
2685,13:16:51,4.11,3703,9,卖盘
2686,13:16:54,4.11,83022,202,卖盘
2687,13:17:00,4.11,20550,50,卖盘
2688,13:17:03,4.12,163421,397,买盘
2689,13:17:06,4.11,10275,25,卖盘
2690,13:17:09,4.12,218272,531,买盘
2691,13:17:12,4.11,8220,20,卖盘
2692,13:17:15,4.12,44084,107,买盘
2693,13:17:18,4.12,30419,74,买盘
2694,13:17:21,4.12,9888,24,买盘
2695,13:17:24,4.11,44829,109,卖盘
2696,13:17:27,4.11,36579,89,卖盘
2697,13:17:30,4.11,28772,70,卖盘
2698,13:17:33,4.12,2060,5,买盘
2699,13:17:36,4.12,824,2,买盘
2700,13:17:39,4.12,14405,35,买盘
2701,13:17:42,4.12,823,2,买盘
2702,13:17:45,4.12,8227,20,买盘
2703,13:17:48,4.12,14832,36,买盘
2704,13:17:51,4.11,6987,17,卖盘
2705,13:17:54,4.12,39922,97,买盘
2706,13:17:57,4.12,826120,2010,买盘
2707,13:18:00,4.12,299735,728,买盘
2708,13:18:03,4.12,6172,15,买盘
2709,13:18:06,4.12,172720,420,买盘
2710,13:18:09,4.12,3703,9,买盘
2711,13:18:12,4.11,18520,45,卖盘
2712,13:18:18,4.11,117549,286,卖盘
2713,13:18:21,4.12,234357,570,买盘
2714,13:18:24,4.11,66640,162,卖盘
2715,13:18:27,4.11,5754,14,卖盘
2716,13:18:30,4.12,3708,9,买盘
2717,13:18:33,4.12,4942,12,买盘
2718,13:18:36,4.12,109352,266,买盘
2719,13:18:39,4.12,68794,167,买盘
2720,13:18:42,4.12,23072,56,买盘
2721,13:18:45,4.11,52199,127,卖盘
2722,13:18:48,4.11,419224,1020,卖盘
2723,13:18:51,4.11,86512,210,卖盘
2724,13:18:54,4.12,1648,4,买盘
2725,13:18:57,4.11,73313,178,卖盘
2726,13:19:00,4.11,114041,277,卖盘
2727,13:19:03,4.12,79469,193,买盘
2728,13:19:06,4.11,2877,7,卖盘
2729,13:19:09,4.12,11526,28,买盘
2730,13:19:12,4.12,225485,548,买盘
2731,13:19:15,4.11,114776,279,卖盘
2732,13:19:18,4.11,46126,112,卖盘
2733,13:19:21,4.12,127635,310,买盘
2734,13:19:24,4.11,38259,93,卖盘
2735,13:19:27,4.12,3702,9,买盘
2736,13:19:30,4.11,8633,21,卖盘
2737,13:19:33,4.12,61677,150,买盘
2738,13:19:36,4.11,1234,3,卖盘
2739,13:19:39,4.11,33320,81,卖盘
2740,13:19:42,4.12,226547,550,买盘
2741,13:19:45,4.12,414789,1008,买盘
2742,13:19:48,4.11,109986,267,卖盘
2743,13:19:51,4.12,158033,384,买盘
2744,13:19:54,4.11,22194,54,卖盘
2745,13:19:57,4.11,65918,160,卖盘
2746,13:20:00,4.11,168900,410,卖盘
2747,13:20:03,4.12,67417,164,买盘
2748,13:20:06,4.12,7828,19,买盘
2749,13:20:09,4.12,162715,395,买盘
2750,13:20:12,4.12,4119,10,买盘
2751,13:20:15,4.12,207648,504,买盘
2752,13:20:18,4.12,97043,236,买盘
2753,13:20:21,4.12,5356,13,买盘
2754,13:20:24,4.11,169648,412,卖盘
2755,13:20:27,4.11,9864,24,卖盘
2756,13:20:30,4.12,32492,79,买盘
2757,13:20:33,4.12,208838,508,买盘
2758,13:20:36,4.12,18527,45,买盘
2759,13:20:39,4.12,241700,587,买盘
2760,13:20:42,4.12,60564,147,买盘
2761,13:20:45,4.12,54384,132,买盘
2762,13:20:48,4.11,35355,86,卖盘
2763,13:20:51,4.11,9880,24,卖盘
2764,13:20:54,4.11,25943,63,卖盘
2765,13:20:57,4.12,4120,10,买盘
2766,13:21:00,4.12,72508,176,买盘
2767,13:21:03,4.12,12772,31,买盘
2768,13:21:06,4.11,76917,187,卖盘
2769,13:21:09,4.11,9870,24,卖盘
2770,13:21:12,4.11,83089,202,卖盘
2771,13:21:15,4.11,17684,43,卖盘
2772,13:21:18,4.11,85491,208,卖盘
2773,13:21:21,4.12,189251,460,买盘
2774,13:21:24,4.12,76631,186,买盘
2775,13:21:27,4.11,111477,271,卖盘
2776,13:21:30,4.12,69628,169,买盘
2777,13:21:33,4.12,12771,31,买盘
2778,13:21:36,4.12,82363,200,买盘
2779,13:21:39,4.12,23072,56,买盘
2780,13:21:42,4.12,4118,10,买盘
2781,13:21:45,4.11,43997,107,卖盘
2782,13:21:48,4.12,852007,2073,买盘
2783,13:21:51,4.11,20563,50,卖盘
2784,13:21:54,4.11,3699,9,卖盘
2785,13:21:57,4.12,72465,176,买盘
2786,13:22:00,4.12,161628,393,买盘
2787,13:22:03,4.12,31266,76,买盘
2788,13:22:06,4.11,870909,2119,卖盘
2789,13:22:09,4.12,72811,177,买盘
2790,13:22:12,4.12,22632,55,买盘
2791,13:22:15,4.11,3493092,8499,卖盘
2792,13:22:18,4.11,46034,112,卖盘
2793,13:22:21,4.11,63321,154,卖盘
2794,13:22:24,4.11,155783,379,卖盘
2795,13:22:27,4.12,124146,302,买盘
2796,13:22:30,4.11,10687,26,卖盘
2797,13:22:33,4.12,27603,67,买盘
2798,13:22:36,4.11,122072,297,卖盘
2799,13:22:39,4.12,3640391,8857,买盘
2800,13:22:42,4.12,91694,223,买盘
2801,13:22:45,4.12,198935,484,买盘
2802,13:22:48,4.12,226501,550,买盘
2803,13:22:51,4.12,55147,134,买盘
2804,13:22:54,4.11,69048,168,卖盘
2805,13:22:57,4.11,4932,12,卖盘
2806,13:23:00,4.11,3122367,7597,卖盘
2807,13:23:03,4.12,93025,226,买盘
2808,13:23:06,4.11,211359,514,卖盘
2809,13:23:09,4.12,162039,394,买盘
2810,13:23:12,4.12,18913,46,买盘
2811,13:23:15,4.11,584472,1422,卖盘
2812,13:23:18,4.12,9053,22,买盘
2813,13:23:21,4.11,110615,269,卖盘
2814,13:23:24,4.12,49005,119,买盘
2815,13:23:27,4.11,130287,317,卖盘
2816,13:23:30,4.11,21373,52,卖盘
2817,13:23:33,4.12,127838,311,买盘
2818,13:23:36,4.11,5343,13,卖盘
2819,13:23:39,4.11,48087,117,卖盘
2820,13:23:42,4.12,33765,82,买盘
2821,13:23:45,4.12,824,2,买盘
2822,13:23:48,4.11,41100,100,卖盘
2823,13:23:51,4.11,43578,106,卖盘
2824,13:23:54,4.11,2086712,5077,卖盘
2825,13:23:57,4.11,131617,320,卖盘
2826,13:24:00,4.11,4531,11,卖盘
2827,13:24:03,4.12,2472,6,买盘
2828,13:24:06,4.11,140152,341,卖盘
2829,13:24:09,4.12,58869,143,买盘
2830,13:24:12,4.12,11948,29,买盘
2831,13:24:15,4.11,18908,46,卖盘
2832,13:24:18,4.12,16461,40,买盘
2833,13:24:21,4.11,20981,51,卖盘
2834,13:24:24,4.11,52619,128,卖盘
2835,13:24:27,4.11,96185,234,卖盘
2836,13:24:30,4.11,43156,105,卖盘
2837,13:24:33,4.11,423747,1031,卖盘
2838,13:24:36,4.11,108093,263,卖盘
2839,13:24:39,4.11,6992,17,卖盘
2840,13:24:42,4.12,38727,94,买盘
2841,13:24:45,4.12,127832,311,买盘
2842,13:24:48,4.11,10687,26,卖盘
2843,13:24:51,4.11,40293,98,卖盘
2844,13:24:54,4.11,7398,18,卖盘
2845,13:24:57,4.11,43654,106,卖盘
2846,13:25:00,4.11,7809,19,卖盘
2847,13:25:03,4.12,61800,150,买盘
2848,13:25:06,4.12,2060,5,买盘
2849,13:25:09,4.12,14420,35,买盘
2850,13:25:12,4.11,24265,59,卖盘
2851,13:25:15,4.11,80567,196,卖盘
2852,13:25:18,4.11,53458,130,卖盘
2853,13:25:21,4.12,136067,331,买盘
2854,13:25:24,4.12,4119,10,买盘
2855,13:25:27,4.12,4120,10,买盘
2856,13:25:30,4.12,69059,168,买盘
2857,13:25:33,4.11,8632,21,卖盘
2858,13:25:36,4.11,83535,203,卖盘
2859,13:25:39,4.12,192113,467,买盘
2860,13:25:42,4.12,27584,67,买盘
2861,13:25:45,4.12,28016,68,买盘
2862,13:25:48,4.11,87954,214,卖盘
2863,13:25:51,4.11,106560,259,卖盘
2864,13:25:57,4.12,49412,120,买盘
2865,13:26:00,4.12,7004,17,买盘
2866,13:26:03,4.11,333321,811,卖盘
2867,13:26:06,4.12,26772,65,买盘
2868,13:26:09,4.11,98229,239,卖盘
2869,13:26:12,4.12,55619,135,买盘
2870,13:26:21,4.12,7004,17,买盘
2871,13:26:24,4.12,51412,125,买盘
2872,13:26:27,4.12,824,2,买盘
2873,13:26:30,4.11,157491,383,卖盘
2874,13:26:33,4.11,20577,50,卖盘
2875,13:26:36,4.12,77026,187,买盘
2876,13:26:39,4.12,26758,65,买盘
2877,13:26:42,4.12,385562,936,买盘
2878,13:26:45,4.12,106702,259,买盘
2879,13:26:48,4.12,193725,471,买盘
2880,13:26:51,4.12,189095,459,买盘
2881,13:26:54,4.11,76864,187,卖盘
2882,13:26:57,4.11,822,2,卖盘
2883,13:27:00,4.11,4110,10,卖盘
2884,13:27:03,4.12,91373,222,买盘
2885,13:27:06,4.12,122347,297,买盘
2886,13:27:09,4.11,187834,457,卖盘
2887,13:27:12,4.12,35824,87,买盘
2888,13:27:15,4.12,43260,105,买盘
2889,13:27:18,4.12,127720,310,买盘
2890,13:27:21,4.12,156008,379,买盘
2891,13:27:24,4.12,92197,224,买盘
2892,13:27:27,4.12,37492,91,买盘
2893,13:27:30,4.12,161367,392,买盘
2894,13:27:33,4.12,126467,307,买盘
2895,13:27:36,4.12,46144,112,买盘
2896,13:27:39,4.12,224127,544,买盘
2897,13:27:42,4.12,91357,222,买盘
2898,13:27:45,4.12,210100,510,买盘
2899,13:27:48,4.11,66198,161,卖盘
2900,13:27:51,4.12,2060,5,买盘
2901,13:27:54,4.11,25086,61,卖盘
2902,13:27:57,4.12,53553,130,买盘
2903,13:28:00,4.11,17292,42,卖盘
2904,13:28:03,4.12,41594,101,买盘
2905,13:28:06,4.11,27948,68,卖盘
2906,13:28:09,4.11,6576,16,卖盘
2907,13:28:12,4.11,96208,234,卖盘
2908,13:28:15,4.11,29594,72,卖盘
2909,13:28:18,4.12,33774,82,买盘
2910,13:28:21,4.12,412,1,买盘
2911,13:28:24,4.12,211768,514,买盘
2912,13:28:27,4.12,309395,752,买盘
2913,13:28:30,4.11,10286,25,卖盘
2914,13:28:33,4.12,8633,21,买盘
2915,13:28:36,4.11,35773,87,卖盘
2916,13:28:39,4.12,202343,492,买盘
2917,13:28:42,4.12,102797,250,买盘
2918,13:28:45,4.12,329188,799,买盘
2919,13:28:48,4.11,19746,48,卖盘
2920,13:28:51,4.12,18515,45,买盘
2921,13:28:54,4.12,238102,579,买盘
2922,13:28:57,4.12,78692,191,买盘
2923,13:29:00,4.12,30886,75,买盘
2924,13:29:03,4.12,27999,68,买盘
2925,13:29:06,4.11,55297,134,卖盘
2926,13:29:09,4.12,63825,155,买盘
2927,13:29:12,4.11,22659,55,卖盘
2928,13:29:15,4.11,179760,437,卖盘
2929,13:29:18,4.12,16055,39,买盘
2930,13:29:21,4.12,184066,447,买盘
2931,13:29:24,4.12,20582,50,买盘
2932,13:29:27,4.12,65096,158,买盘
2933,13:29:30,4.12,13166,32,买盘
2934,13:29:33,4.11,9465,23,卖盘
2935,13:29:36,4.12,14420,35,买盘
2936,13:29:39,4.11,217846,530,卖盘
2937,13:29:42,4.12,37904,92,买盘
2938,13:29:45,4.12,205030,498,买盘
2939,13:29:48,4.11,12752,31,卖盘
2940,13:29:51,4.12,477488,1159,买盘
2941,13:29:54,4.12,323115,786,买盘
2942,13:29:57,4.11,23851,58,卖盘
2943,13:30:00,4.12,399745,971,买盘
2944,13:30:03,4.12,161893,393,买盘
2945,13:30:06,4.11,99689,242,卖盘
2946,13:30:09,4.11,19768,48,卖盘
2947,13:30:12,4.12,41547,101,买盘
2948,13:30:15,4.11,55195,134,卖盘
2949,13:30:18,4.12,1322542,3211,买盘
2950,13:30:21,4.11,3773361,9159,卖盘
2951,13:30:24,4.11,1008903,2449,卖盘
2952,13:30:27,4.11,379402,921,卖盘
2953,13:30:30,4.11,23466,57,卖盘
2954,13:30:33,4.12,151918,369,买盘
2955,13:30:36,4.11,226943,552,卖盘
2956,13:30:39,4.11,402716,979,卖盘
2957,13:30:42,4.12,36663,89,买盘
2958,13:30:45,4.12,6179,15,买盘
2959,13:30:48,4.12,269010,653,买盘
2960,13:30:51,4.11,32114,78,卖盘
2961,13:30:54,4.11,16851,41,卖盘
2962,13:30:57,4.11,21783,53,卖盘
2963,13:31:00,4.12,51816,126,买盘
2964,13:31:03,4.11,103174,251,卖盘
2965,13:31:06,4.12,145848,354,买盘
2966,13:31:09,4.12,6286295,15258,买盘
2967,13:31:12,4.12,765422,1858,买盘
2968,13:31:15,4.12,13986,34,买盘
2969,13:31:18,4.11,108291,263,卖盘
2970,13:31:21,4.12,63445,154,买盘
2971,13:31:24,4.12,251299,610,买盘
2972,13:31:27,4.12,29644,72,买盘
2973,13:31:30,4.12,30896,75,买盘
2974,13:31:33,4.12,163976,398,买盘
2975,13:31:36,4.11,26333,64,卖盘
2976,13:31:39,4.12,65047,158,买盘
2977,13:31:42,4.12,54384,132,买盘
2978,13:31:45,4.12,5356,13,买盘
2979,13:31:48,4.12,174227,423,买盘
2980,13:31:51,4.11,96303,234,卖盘
2981,13:31:54,4.12,116596,283,买盘
2982,13:31:57,4.11,20558,50,卖盘
2983,13:32:00,4.12,62593,152,买盘
2984,13:32:03,4.12,58092,141,买盘
2985,13:32:06,4.11,2058,5,卖盘
2986,13:32:09,4.12,57259,139,买盘
2987,13:32:12,4.12,469632,1140,买盘
2988,13:32:15,4.12,27187,66,买盘
2989,13:32:18,4.12,425594,1033,买盘
2990,13:32:21,4.12,9150412,22210,买盘
2991,13:32:24,4.12,2734432,6637,买盘
2992,13:32:27,4.12,278504,676,买盘
2993,13:32:30,4.12,872615,2118,买盘
2994,13:32:33,4.12,400443,972,买盘
2995,13:32:36,4.12,23063123,55978,买盘
2996,13:32:39,4.13,492504,1195,买盘
2997,13:32:42,4.13,45837,111,买盘
2998,13:32:45,4.12,68014,165,卖盘
2999,13:32:48,4.13,63925,155,买盘
3000,13:32:51,4.12,47888,116,卖盘
3001,13:32:54,4.13,24755,60,买盘
3002,13:32:57,4.13,9912,24,买盘
3003,13:33:00,4.13,309023,750,买盘
3004,13:33:03,4.12,103000,250,卖盘
3005,13:33:06,4.12,13210,32,卖盘
3006,13:33:09,4.12,9068,22,卖盘
3007,13:33:12,4.13,75573,183,买盘
3008,13:33:15,4.12,65940,160,卖盘
3009,13:33:18,4.13,85485,207,买盘
3010,13:33:21,4.13,191620,465,买盘
3011,13:33:24,4.12,6596,16,卖盘
3012,13:33:27,4.12,47457,115,卖盘
3013,13:33:30,4.13,826,2,买盘
3014,13:33:33,4.13,826,2,买盘
3015,13:33:36,4.13,124725,302,买盘
3016,13:33:39,4.12,19364,47,卖盘
3017,13:33:42,4.13,4955,12,买盘
3018,13:33:45,4.12,139067,337,卖盘
3019,13:33:48,4.12,72671,176,卖盘
3020,13:33:51,4.13,68837,167,买盘
3021,13:33:54,4.12,22250,54,卖盘
3022,13:33:57,4.12,91571,222,卖盘
3023,13:34:00,4.13,413,1,买盘
3024,13:34:03,4.12,39164,95,卖盘
3025,13:34:06,4.13,92511,224,买盘
3026,13:34:09,4.13,121132,294,买盘
3027,13:34:12,4.13,79162,192,买盘
3028,13:34:15,4.12,136020,330,卖盘
3029,13:34:18,4.13,89935,218,买盘
3030,13:34:21,4.12,8658,21,卖盘
3031,13:34:24,4.13,88376,214,买盘
3032,13:34:27,4.13,4130,10,买盘
3033,13:34:30,4.12,58092,141,卖盘
3034,13:34:33,4.12,32960,80,卖盘
3035,13:34:36,4.13,31388,76,买盘
3036,13:34:42,4.12,38813,94,卖盘
3037,13:34:45,4.12,94362,229,卖盘
3038,13:34:48,4.12,150589,365,卖盘
3039,13:34:51,4.12,47380,115,卖盘
3040,13:34:54,4.12,47448,115,卖盘
3041,13:34:57,4.13,13214,32,买盘
3042,13:35:00,4.12,28017,68,卖盘
3043,13:35:03,4.12,149596,363,卖盘
3044,13:35:06,4.12,54387,132,卖盘
3045,13:35:09,4.13,301776,731,买盘
3046,13:35:12,4.12,58504,142,卖盘
3047,13:35:15,4.12,74610,181,卖盘
3048,13:35:18,4.13,4956,12,买盘
3049,13:35:21,4.13,134532,326,买盘
3050,13:35:24,4.12,168104,408,卖盘
3051,13:35:27,4.13,3717,9,买盘
3052,13:35:30,4.12,1943851,4718,卖盘
3053,13:35:33,4.12,1294505,3142,卖盘
3054,13:35:36,4.12,228660,555,卖盘
3055,13:35:39,4.12,147086,357,卖盘
3056,13:35:42,4.13,184588,448,买盘
3057,13:35:45,4.12,59335,144,卖盘
3058,13:35:48,4.12,148168,359,卖盘
3059,13:35:51,4.12,287429,697,卖盘
3060,13:35:54,4.12,124217,301,卖盘
3061,13:35:57,4.12,55645,135,卖盘
3062,13:36:00,4.13,38737,94,买盘
3063,13:36:03,4.12,10323,25,卖盘
3064,13:36:06,4.13,84523,205,买盘
3065,13:36:09,4.12,134335,326,卖盘
3066,13:36:12,4.13,200735,487,买盘
3067,13:36:15,4.12,47843,116,卖盘
3068,13:36:18,4.12,343356,832,卖盘
3069,13:36:21,4.12,447947,1087,卖盘
3070,13:36:24,4.13,106040,257,买盘
3071,13:36:27,4.12,153702,373,卖盘
3072,13:36:30,4.12,111087,269,卖盘
3073,13:36:33,4.12,168531,409,卖盘
3074,13:36:36,4.13,17759,43,买盘
3075,13:36:39,4.12,45732,111,卖盘
3076,13:36:42,4.13,13206,32,买盘
3077,13:36:45,4.13,50777,123,买盘
3078,13:36:48,4.13,56944,138,买盘
3079,13:36:51,4.13,42949,104,买盘
3080,13:36:54,4.13,53177,129,买盘
3081,13:36:57,4.12,189831,460,卖盘
3082,13:37:00,4.13,26019,63,买盘
3083,13:37:03,4.12,21458,52,卖盘
3084,13:37:06,4.13,63495,154,买盘
3085,13:37:09,4.13,67214,163,买盘
3086,13:37:12,4.13,28084,68,买盘
3087,13:37:15,4.13,113988,276,买盘
3088,13:37:18,4.12,121164,294,卖盘
3089,13:37:21,4.13,17337,42,买盘
3090,13:37:24,4.13,62756,152,买盘
3091,13:37:27,4.13,87556,212,买盘
3092,13:37:30,4.12,88996,216,卖盘
3093,13:37:33,4.12,40046,97,卖盘
3094,13:37:36,4.13,91253,221,买盘
3095,13:37:39,4.13,53277,129,买盘
3096,13:37:42,4.13,40385,98,买盘
3097,13:37:45,4.12,23114,56,卖盘
3098,13:37:48,4.13,131254,318,买盘
3099,13:37:51,4.12,102698,249,卖盘
3100,13:37:54,4.13,14041,34,买盘
3101,13:37:57,4.13,30149,73,买盘
3102,13:38:03,4.12,217951,529,卖盘
3103,13:38:06,4.12,72174,175,卖盘
3104,13:38:09,4.12,117286,284,卖盘
3105,13:38:12,4.13,22302,54,买盘
3106,13:38:15,4.13,190591,462,买盘
3107,13:38:18,4.13,61445,149,买盘
3108,13:38:21,4.13,14032,34,买盘
3109,13:38:24,4.12,120305,292,卖盘
3110,13:38:27,4.13,189729,460,买盘
3111,13:38:30,4.12,140113,340,卖盘
3112,13:38:33,4.12,23896,58,卖盘
3113,13:38:36,4.12,455689,1106,卖盘
3114,13:38:39,4.12,312708,759,卖盘
3115,13:38:42,4.12,863481,2095,卖盘
3116,13:38:45,4.12,229608,557,卖盘
3117,13:38:48,4.13,118796,288,买盘
3118,13:38:51,4.12,133076,323,卖盘
3119,13:38:54,4.13,53172,129,买盘
3120,13:38:57,4.12,27659,67,卖盘
3121,13:39:00,4.12,45420,110,卖盘
3122,13:39:03,4.13,75002,182,买盘
3123,13:39:06,4.13,454300,1100,买盘
3124,13:39:09,4.12,37904,92,卖盘
3125,13:39:12,4.13,269045,652,买盘
3126,13:39:15,4.12,86520,210,卖盘
3127,13:39:18,4.13,89932,218,买盘
3128,13:39:21,4.12,520391,1263,卖盘
3129,13:39:24,4.13,79946,194,买盘
3130,13:39:27,4.12,161779,392,卖盘
3131,13:39:33,4.12,358028,869,卖盘
3132,13:39:36,4.12,90693,220,卖盘
3133,13:39:39,4.12,58092,141,卖盘
3134,13:39:42,4.13,188261,456,买盘
3135,13:39:45,4.12,103526,251,卖盘
3136,13:39:48,4.13,167798,407,买盘
3137,13:39:51,4.12,65933,160,卖盘
3138,13:39:54,4.12,8652,21,卖盘
3139,13:39:57,4.13,61950,150,买盘
3140,13:40:00,4.13,1652,4,买盘
3141,13:40:03,4.12,223304,542,卖盘
3142,13:40:06,4.13,8260,20,买盘
3143,13:40:09,4.12,38374,93,卖盘
3144,13:40:12,4.12,37080,90,卖盘
3145,13:40:15,4.12,68392,166,卖盘
