,成交时间,成交价格,成交金额,成交量,性质
0,09:25:00,19.35,14994315,7749,卖盘
1,09:30:00,19.43,1684833,868,买盘
2,09:30:03,19.44,6990826,3601,中性盘
3,09:30:06,19.47,2027542,1043,买盘
4,09:30:09,19.45,1507777,775,中性盘
5,09:30:12,19.44,1032398,531,卖盘
6,09:30:15,19.44,619726,319,买盘
7,09:30:18,19.43,815368,420,卖盘
8,09:30:21,19.41,305139,157,中性盘
9,09:30:24,19.41,648781,334,买盘
10,09:30:27,19.41,2910952,1498,买盘
11,09:30:30,19.44,435159,224,买盘
12,09:30:33,19.42,666774,343,中性盘
13,09:30:36,19.45,303306,156,买盘
14,09:30:39,19.47,762964,392,买盘
15,09:30:42,19.48,3550063,1824,买盘
16,09:30:45,19.54,4868558,2495,买盘
17,09:30:48,19.54,1586608,812,买盘
18,09:30:51,19.55,424192,217,买盘
19,09:30:54,19.54,564947,289,卖盘
20,09:30:57,19.54,1525136,780,卖盘
21,09:31:00,19.56,989192,506,买盘
22,09:31:03,19.57,845139,432,买盘
23,09:31:06,19.57,1377449,704,卖盘
24,09:31:09,19.56,743471,380,卖盘
25,09:31:12,19.57,951168,486,买盘
26,09:31:15,19.59,1289620,659,买盘
27,09:31:18,19.59,405190,207,买盘
28,09:31:21,19.63,6688097,3412,买盘
29,09:31:24,19.62,1449133,739,中性盘
30,09:31:27,19.67,7284332,3707,买盘
31,09:31:30,19.69,2701400,1373,买盘
32,09:31:33,19.7,639959,325,买盘
33,09:31:36,19.7,1217539,618,卖盘
34,09:31:39,19.68,614429,312,卖盘
35,09:31:42,19.71,1323961,672,买盘
36,09:31:45,19.7,975269,495,卖盘
37,09:31:48,19.71,4698582,2385,买盘
38,09:31:51,19.71,3035701,1540,买盘
39,09:31:54,19.73,737483,374,买盘
40,09:31:57,19.74,2857289,1447,买盘
41,09:32:00,19.81,4028957,2035,买盘
42,09:32:03,19.81,844282,426,卖盘
43,09:32:06,19.83,1396541,705,中性盘
44,09:32:09,19.84,1445378,729,买盘
45,09:32:12,19.8,1645070,830,卖盘
46,09:32:15,19.82,2126110,1074,买盘
47,09:32:18,19.8,2514254,1270,中性盘
48,09:32:21,19.79,1155955,584,中性盘
49,09:32:24,19.8,1689829,854,买盘
50,09:32:27,19.79,2734758,1382,中性盘
51,09:32:30,19.79,2107197,1065,买盘
52,09:32:33,19.81,7406971,3743,买盘
53,09:32:36,19.79,9314785,4716,卖盘
54,09:32:39,19.8,1257504,635,中性盘
55,09:32:42,19.8,4050938,2045,卖盘
56,09:32:45,19.77,1261260,637,卖盘
57,09:32:48,19.74,846495,428,卖盘
58,09:32:51,19.7,1750431,887,卖盘
59,09:32:54,19.71,810814,411,卖盘
60,09:32:57,19.74,1021635,518,买盘
61,09:33:00,19.74,1297970,657,卖盘
62,09:33:03,19.8,2297441,1161,买盘
63,09:33:06,19.82,1089236,550,买盘
64,09:33:09,19.82,748938,378,买盘
65,09:33:12,19.83,2028536,1023,买盘
66,09:33:15,19.81,1794775,906,卖盘
67,09:33:18,19.83,2158772,1090,买盘
68,09:33:21,19.81,1068221,539,中性盘
69,09:33:24,19.81,2363204,1193,卖盘
70,09:33:27,19.81,507140,256,中性盘
71,09:33:30,19.79,878646,444,卖盘
72,09:33:33,19.78,1262446,638,卖盘
73,09:33:36,19.79,544377,275,买盘
74,09:33:39,19.81,1813225,916,买盘
75,09:33:42,19.8,1190073,601,卖盘
76,09:33:45,19.8,1760117,889,买盘
77,09:33:48,19.8,5237463,2648,买盘
78,09:33:51,19.79,2688322,1358,中性盘
79,09:33:54,19.79,1205101,609,买盘
80,09:33:57,19.79,1865387,943,买盘
81,09:34:00,19.77,1636204,827,卖盘
82,09:34:03,19.76,1632420,825,卖盘
83,09:34:06,19.76,581334,294,卖盘
84,09:34:09,19.75,1118582,566,卖盘
85,09:34:12,19.76,3124886,1581,卖盘
86,09:34:15,19.75,715291,362,卖盘
87,09:34:18,19.77,891080,451,买盘
88,09:34:21,19.77,3007100,1522,买盘
89,09:34:24,19.75,337872,171,中性盘
90,09:34:27,19.76,3854772,1952,买盘
91,09:34:30,19.74,641709,325,卖盘
92,09:34:33,19.78,5395934,2730,买盘
93,09:34:36,19.77,496273,251,中性盘
94,09:34:39,19.77,454821,230,卖盘
95,09:34:42,19.77,1142863,578,卖盘
96,09:34:45,19.78,974976,493,买盘
97,09:34:48,19.77,559575,283,卖盘
98,09:34:51,19.77,606873,307,买盘
99,09:34:54,19.76,715366,362,卖盘
100,09:34:57,19.77,861709,436,买盘
101,09:35:00,19.77,450708,228,买盘
102,09:35:03,19.77,3370910,1704,卖盘
103,09:35:06,19.78,1642154,830,中性盘
104,09:35:09,19.78,320317,162,中性盘
105,09:35:12,19.76,446963,226,卖盘
106,09:35:15,19.76,1002456,507,卖盘
107,09:35:18,19.75,837499,424,卖盘
108,09:35:21,19.74,2123524,1076,中性盘
109,09:35:24,19.73,1556662,789,卖盘
110,09:35:27,19.72,838528,425,卖盘
111,09:35:30,19.69,1448459,735,卖盘
112,09:35:33,19.67,407640,207,卖盘
113,09:35:36,19.66,267439,136,卖盘
114,09:35:39,19.67,1585931,806,卖盘
115,09:35:42,19.67,3644544,1854,卖盘
116,09:35:45,19.67,1656412,842,买盘
117,09:35:48,19.66,3358141,1708,卖盘
118,09:35:51,19.65,332247,169,中性盘
119,09:35:54,19.64,1377980,701,卖盘
120,09:35:57,19.65,974485,496,中性盘
121,09:36:00,19.65,2490287,1269,买盘
122,09:36:03,19.66,1238450,630,买盘
123,09:36:06,19.66,3370782,1713,卖盘
124,09:36:09,19.66,1629888,829,卖盘
125,09:36:12,19.67,946209,481,卖盘
126,09:36:15,19.69,4021751,2042,买盘
127,09:36:18,19.7,449650,228,中性盘
128,09:36:21,19.73,528296,268,买盘
129,09:36:24,19.7,358967,182,卖盘
130,09:36:27,19.71,1885697,957,中性盘
131,09:36:30,19.7,1195101,606,中性盘
132,09:36:33,19.71,327433,166,中性盘
133,09:36:36,19.73,668649,339,买盘
134,09:36:39,19.73,964221,489,买盘
135,09:36:42,19.72,616875,313,中性盘
136,09:36:45,19.71,1688924,857,中性盘
137,09:36:48,19.7,1134667,576,买盘
138,09:36:51,19.69,3084316,1565,中性盘
139,09:36:54,19.7,301387,153,买盘
140,09:36:57,19.7,392172,199,卖盘
141,09:37:00,19.68,665393,338,卖盘
142,09:37:03,19.67,1957126,995,卖盘
143,09:37:06,19.67,1709925,870,买盘
144,09:37:09,19.64,1458200,742,卖盘
145,09:37:12,19.64,1213751,618,卖盘
146,09:37:15,19.63,408448,208,卖盘
147,09:37:18,19.64,1075704,548,买盘
148,09:37:21,19.63,679406,346,卖盘
149,09:37:24,19.62,822489,419,卖盘
150,09:37:27,19.62,555555,283,卖盘
151,09:37:30,19.62,441465,225,卖盘
152,09:37:33,19.62,2956235,1507,卖盘
153,09:37:36,19.62,1269729,647,买盘
154,09:37:39,19.64,1069461,545,买盘
155,09:37:42,19.63,545821,278,卖盘
156,09:37:45,19.64,805462,410,中性盘
157,09:37:48,19.66,1533004,780,买盘
158,09:37:51,19.65,579988,295,卖盘
159,09:37:54,19.65,204492,104,卖盘
160,09:37:57,19.65,282987,144,卖盘
161,09:38:00,19.66,620848,316,买盘
162,09:38:03,19.67,701726,357,买盘
163,09:38:06,19.65,420665,214,卖盘
164,09:38:09,19.65,534614,272,卖盘
165,09:38:12,19.68,1638289,833,买盘
166,09:38:15,19.67,1322185,672,卖盘
167,09:38:18,19.66,302861,154,卖盘
168,09:38:21,19.67,98315,50,买盘
169,09:38:24,19.66,106178,54,卖盘
170,09:38:27,19.66,546624,278,卖盘
171,09:38:30,19.66,475951,242,卖盘
172,09:38:33,19.68,369819,188,买盘
173,09:38:36,19.67,245785,125,买盘
174,09:38:39,19.68,1554164,790,买盘
175,09:38:42,19.69,1682710,855,买盘
176,09:38:45,19.69,649758,330,买盘
177,09:38:48,19.69,236326,120,卖盘
178,09:38:51,19.7,1566248,795,买盘
179,09:38:54,19.69,3051561,1549,卖盘
180,09:38:57,19.7,63047,32,卖盘
181,09:39:00,19.7,762927,387,卖盘
182,09:39:03,19.71,1023120,519,买盘
183,09:39:06,19.71,279951,142,买盘
184,09:39:09,19.71,723649,367,卖盘
185,09:39:12,19.72,134059,68,买盘
186,09:39:15,19.73,2575310,1306,买盘
187,09:39:18,19.73,1426206,723,卖盘
188,09:39:21,19.74,412537,209,买盘
189,09:39:24,19.76,3404728,1724,买盘
190,09:39:27,19.76,709255,359,买盘
191,09:39:30,19.77,438746,222,买盘
192,09:39:33,19.77,276728,140,买盘
193,09:39:36,19.76,3408605,1724,卖盘
194,09:39:39,19.75,758631,384,卖盘
195,09:39:42,19.75,1359080,688,卖盘
196,09:39:45,19.76,888975,450,买盘
197,09:39:48,19.76,284526,144,买盘
198,09:39:51,19.77,1201931,608,买盘
199,09:39:54,19.76,183840,93,卖盘
200,09:39:57,19.78,1051627,532,买盘
201,09:40:00,19.77,247130,125,卖盘
202,09:40:03,19.77,3194999,1617,卖盘
203,09:40:06,19.77,825928,418,买盘
204,09:40:09,19.76,674016,341,中性盘
205,09:40:12,19.76,2577193,1305,卖盘
206,09:40:15,19.78,1189815,602,买盘
207,09:40:18,19.77,1418523,718,卖盘
208,09:40:21,19.78,565321,286,买盘
209,09:40:24,19.77,2723844,1378,中性盘
210,09:40:27,19.77,925325,468,中性盘
211,09:40:30,19.77,1242304,629,买盘
212,09:40:33,19.77,755508,382,买盘
213,09:40:36,19.77,761203,385,卖盘
214,09:40:39,19.75,1207940,611,卖盘
215,09:40:42,19.77,288528,146,买盘
216,09:40:45,19.77,547545,277,买盘
217,09:40:48,19.76,280534,142,买盘
218,09:40:51,19.75,1356868,687,卖盘
219,09:40:54,19.75,491917,249,买盘
220,09:40:57,19.75,1116235,565,卖盘
221,09:41:00,19.75,2006581,1016,买盘
222,09:41:03,19.74,2451267,1241,卖盘
223,09:41:06,19.75,2203704,1116,买盘
224,09:41:09,19.74,930440,471,中性盘
225,09:41:12,19.76,598391,303,买盘
226,09:41:15,19.73,268531,136,卖盘
227,09:41:18,19.74,460074,233,中性盘
228,09:41:21,19.74,941872,477,买盘
229,09:41:24,19.73,978807,496,卖盘
230,09:41:27,19.75,1443518,731,买盘
231,09:41:30,19.73,286085,145,买盘
232,09:41:33,19.74,613952,311,买盘
233,09:41:36,19.73,531152,269,卖盘
234,09:41:39,19.75,718843,364,买盘
235,09:41:42,19.75,361377,183,买盘
236,09:41:45,19.76,594641,301,买盘
237,09:41:48,19.75,681093,345,中性盘
238,09:41:51,19.75,1550425,785,买盘
239,09:41:54,19.75,2433029,1233,卖盘
240,09:41:57,19.73,2325093,1178,卖盘
241,09:42:00,19.75,1553155,787,买盘
242,09:42:03,19.73,5002554,2534,卖盘
243,09:42:06,19.77,1574691,797,买盘
244,09:42:09,19.73,1033388,523,卖盘
245,09:42:12,19.75,723452,366,中性盘
246,09:42:15,19.75,402894,204,卖盘
247,09:42:18,19.73,1458640,739,卖盘
248,09:42:21,19.75,266320,135,买盘
249,09:42:24,19.73,221080,112,中性盘
250,09:42:27,19.73,412645,209,卖盘
251,09:42:30,19.73,443930,225,卖盘
252,09:42:33,19.74,1071475,543,买盘
253,09:42:36,19.73,1680457,851,中性盘
254,09:42:39,19.75,1394275,706,买盘
255,09:42:42,19.76,278572,141,买盘
256,09:42:45,19.76,790414,400,买盘
257,09:42:48,19.76,721484,365,卖盘
258,09:42:51,19.77,1777422,899,买盘
259,09:42:54,19.78,931522,471,买盘
260,09:42:57,19.78,886216,448,买盘
261,09:43:00,19.78,320383,162,中性盘
262,09:43:03,19.78,1028146,520,买盘
263,09:43:06,19.78,2735420,1383,买盘
264,09:43:09,19.78,1784403,902,买盘
265,09:43:12,19.77,1070002,541,卖盘
266,09:43:15,19.78,870580,440,中性盘
267,09:43:18,19.78,658686,333,买盘
268,09:43:21,19.81,8059886,4071,买盘
269,09:43:24,19.82,1070221,540,买盘
270,09:43:27,19.82,3348836,1689,买盘
271,09:43:30,19.83,606776,306,买盘
272,09:43:33,19.82,1409855,711,卖盘
273,09:43:36,19.84,370997,187,买盘
274,09:43:39,19.84,902582,455,买盘
275,09:43:42,19.84,593131,299,买盘
276,09:43:45,19.84,1283501,647,买盘
277,09:43:48,19.84,520001,262,卖盘
278,09:43:51,19.84,1234504,622,卖盘
279,09:43:54,19.84,6113142,3080,买盘
280,09:43:57,19.85,2849864,1436,买盘
281,09:44:00,19.84,1131355,570,卖盘
282,09:44:03,19.85,1304146,657,买盘
283,09:44:06,19.86,1203280,606,买盘
284,09:44:09,19.85,1584804,798,卖盘
285,09:44:12,19.86,2894306,1458,买盘
286,09:44:15,19.85,1513755,762,中性盘
287,09:44:18,19.86,845829,426,买盘
288,09:44:21,19.87,2018416,1016,买盘
289,09:44:24,19.88,1832878,922,买盘
290,09:44:27,19.9,3554371,1787,买盘
291,09:44:30,19.9,1923932,967,买盘
292,09:44:33,19.9,1134605,570,买盘
293,09:44:36,19.9,2597016,1305,卖盘
294,09:44:39,19.91,1231037,618,卖盘
295,09:44:42,19.92,2002790,1005,买盘
296,09:44:45,19.92,1407295,706,卖盘
297,09:44:48,19.91,4159299,2089,卖盘
298,09:44:51,19.93,1947351,978,买盘
299,09:44:54,19.89,1121227,563,卖盘
300,09:44:57,19.9,1278463,642,卖盘
301,09:45:00,19.9,1301686,654,买盘
302,09:45:03,19.9,1153094,579,卖盘
303,09:45:06,19.9,1105306,555,卖盘
304,09:45:09,19.92,1517475,762,买盘
305,09:45:12,19.9,1712451,860,卖盘
306,09:45:15,19.9,1035263,520,买盘
307,09:45:18,19.9,1281764,644,卖盘
308,09:45:21,19.9,1410889,709,买盘
309,09:45:24,19.9,1110319,558,买盘
310,09:45:27,19.9,2002307,1006,买盘
311,09:45:30,19.91,2217888,1114,买盘
312,09:45:33,19.92,587182,295,买盘
313,09:45:36,19.92,1020147,512,买盘
314,09:45:39,19.91,3099799,1556,卖盘
315,09:45:42,19.92,1457847,732,买盘
316,09:45:45,19.91,772803,388,卖盘
317,09:45:48,19.92,9156147,4595,买盘
318,09:45:51,19.93,1004027,504,买盘
319,09:45:54,19.92,826710,415,卖盘
320,09:45:57,19.92,534050,268,买盘
321,09:46:00,19.92,458248,230,卖盘
322,09:46:03,19.92,1623303,815,卖盘
323,09:46:06,19.92,985898,495,买盘
324,09:46:09,19.9,1486999,747,卖盘
325,09:46:12,19.91,1120681,563,买盘
326,09:46:15,19.88,419783,211,卖盘
327,09:46:18,19.88,2246841,1130,卖盘
328,09:46:21,19.88,1822910,917,买盘
329,09:46:24,19.89,745635,375,买盘
330,09:46:27,19.87,1268240,638,卖盘
331,09:46:30,19.87,3178568,1599,卖盘
332,09:46:33,19.85,1428250,719,卖盘
333,09:46:36,19.87,2714706,1366,中性盘
334,09:46:39,19.88,1083259,545,中性盘
335,09:46:42,19.89,2132441,1073,买盘
336,09:46:45,19.87,1594464,802,卖盘
337,09:46:48,19.89,1242693,625,买盘
338,09:46:51,19.89,389929,196,买盘
339,09:46:54,19.91,959200,482,买盘
340,09:46:57,19.89,427833,215,卖盘
341,09:47:00,19.89,559293,281,卖盘
342,09:47:03,19.92,1519708,763,买盘
343,09:47:06,19.93,1241557,623,买盘
344,09:47:09,19.93,721473,362,买盘
345,09:47:12,19.94,1427674,716,买盘
346,09:47:15,19.95,1595982,800,买盘
347,09:47:18,19.95,2041229,1023,买盘
348,09:47:21,19.95,1456960,730,卖盘
349,09:47:24,19.96,1908757,956,买盘
350,09:47:27,19.97,311448,156,买盘
351,09:47:30,19.97,2737127,1371,买盘
352,09:47:33,19.97,5135718,2571,买盘
353,09:47:36,19.97,3100358,1553,买盘
354,09:47:39,19.97,2901408,1453,买盘
355,09:47:42,19.97,2084638,1044,买盘
356,09:47:45,19.96,1114038,558,卖盘
357,09:47:48,19.98,2380557,1193,买盘
358,09:47:51,19.97,1381562,692,卖盘
359,09:47:54,19.98,559367,280,买盘
360,09:47:57,19.98,2657312,1330,买盘
361,09:48:00,19.99,2378597,1190,买盘
362,09:48:03,19.99,5633632,2819,买盘
363,09:48:06,19.98,3217075,1610,卖盘
364,09:48:09,19.98,717271,359,买盘
365,09:48:12,19.99,1514994,758,买盘
366,09:48:15,19.99,2062854,1032,买盘
367,09:48:18,19.99,1672754,837,买盘
368,09:48:21,20.0,18747854,9376,买盘
369,09:48:24,20.01,1962318,981,买盘
370,09:48:27,20.0,1780522,890,中性盘
371,09:48:30,20.0,1022523,511,卖盘
372,09:48:33,20.01,1484738,742,买盘
373,09:48:36,20.01,2131966,1065,卖盘
374,09:48:39,20.02,820627,410,买盘
375,09:48:42,20.02,1197527,598,买盘
376,09:48:45,20.03,799050,399,买盘
377,09:48:48,20.03,1182033,590,卖盘
378,09:48:51,20.02,6219618,3106,卖盘
379,09:48:54,20.01,4375668,2184,卖盘
380,09:48:57,20.02,1518385,758,买盘
381,09:49:00,20.01,2336605,1167,卖盘
382,09:49:03,20.02,1634012,816,卖盘
383,09:49:06,20.01,6109330,3052,卖盘
384,09:49:09,20.01,1860244,930,买盘
385,09:49:12,20.01,2882999,1440,买盘
386,09:49:15,20.01,836017,418,卖盘
387,09:49:18,20.01,1448501,724,买盘
388,09:49:21,20.0,1697166,848,卖盘
389,09:49:24,20.01,680439,340,中性盘
390,09:49:27,20.0,882070,441,卖盘
391,09:49:30,19.99,2714127,1357,卖盘
392,09:49:33,20.0,473995,237,买盘
393,09:49:36,20.0,1603956,802,买盘
394,09:49:39,20.01,935878,468,买盘
395,09:49:42,20.01,184018,92,买盘
396,09:49:45,20.01,522223,261,买盘
397,09:49:48,19.99,766064,383,卖盘
398,09:49:51,19.99,1271641,636,卖盘
399,09:49:54,19.99,735799,368,卖盘
400,09:49:57,19.99,2737860,1369,卖盘
401,09:50:00,20.0,451923,226,买盘
402,09:50:03,20.0,1631871,816,买盘
403,09:50:06,20.01,540024,270,买盘
404,09:50:09,20.02,4882843,2439,买盘
405,09:50:12,20.04,815028,407,买盘
406,09:50:15,20.03,496796,248,买盘
407,09:50:18,20.05,2086744,1041,买盘
408,09:50:21,20.05,659560,329,买盘
409,09:50:24,20.05,2669930,1333,买盘
410,09:50:27,20.06,1016773,507,买盘
411,09:50:30,20.06,1321809,659,买盘
412,09:50:33,20.06,1267550,632,买盘
413,09:50:36,20.06,497457,248,买盘
414,09:50:39,20.05,758133,378,卖盘
415,09:50:42,20.06,1883525,939,买盘
416,09:50:45,20.07,698377,348,买盘
417,09:50:48,20.06,2928786,1460,卖盘
418,09:50:51,20.07,2241101,1117,买盘
419,09:50:54,20.08,2603108,1297,买盘
420,09:50:57,20.07,1013604,505,中性盘
421,09:51:00,20.04,822670,410,卖盘
422,09:51:03,20.03,1792830,894,卖盘
423,09:51:06,20.01,2120947,1059,卖盘
424,09:51:09,20.0,394229,197,卖盘
425,09:51:12,20.01,1879641,939,中性盘
426,09:51:15,20.01,304382,152,卖盘
427,09:51:18,20.02,424573,212,卖盘
428,09:51:21,20.02,800972,400,卖盘
429,09:51:24,20.02,614903,307,卖盘
430,09:51:27,20.02,470505,235,卖盘
431,09:51:30,20.02,658632,329,卖盘
432,09:51:33,20.01,1948693,974,卖盘
433,09:51:36,20.01,394112,197,买盘
434,09:51:39,20.0,1460414,730,卖盘
435,09:51:42,20.01,3250327,1625,买盘
436,09:51:45,19.99,513979,257,卖盘
437,09:51:48,20.0,369948,185,买盘
438,09:51:51,20.0,2774112,1387,买盘
439,09:51:54,20.01,694275,347,买盘
440,09:51:57,20.02,974221,487,买盘
441,09:52:00,20.01,2346707,1173,卖盘
442,09:52:03,20.01,1216912,608,卖盘
443,09:52:06,20.02,410239,205,中性盘
444,09:52:09,20.01,572386,286,卖盘
445,09:52:12,20.0,1146448,573,卖盘
446,09:52:15,20.0,294122,147,卖盘
447,09:52:18,20.01,3605723,1802,买盘
448,09:52:21,20.01,320172,160,卖盘
449,09:52:24,20.01,700549,350,卖盘
450,09:52:27,20.01,1250889,625,卖盘
451,09:52:30,20.01,2046942,1023,卖盘
452,09:52:33,20.0,1230454,615,卖盘
453,09:52:36,20.01,1142544,571,买盘
454,09:52:39,20.0,922369,461,卖盘
455,09:52:42,20.0,666464,333,卖盘
456,09:52:45,20.01,1066544,533,卖盘
457,09:52:48,20.01,1293458,646,卖盘
458,09:52:51,20.02,1154940,577,买盘
459,09:52:54,20.01,1074778,537,卖盘
460,09:52:57,20.01,474364,237,卖盘
461,09:53:00,20.0,760250,380,卖盘
462,09:53:03,20.01,964362,482,买盘
463,09:53:06,20.01,314054,157,买盘
464,09:53:09,20.0,712144,356,卖盘
465,09:53:12,20.0,362080,181,卖盘
466,09:53:15,20.01,900457,450,买盘
467,09:53:18,20.01,422287,211,卖盘
468,09:53:21,20.02,1511274,755,买盘
469,09:53:24,20.02,282346,141,卖盘
470,09:53:27,20.03,2355854,1176,买盘
471,09:53:30,20.03,346606,173,卖盘
472,09:53:33,20.04,260531,130,买盘
473,09:53:36,20.05,406878,203,买盘
474,09:53:39,20.05,797939,398,买盘
475,09:53:42,20.05,505245,252,买盘
476,09:53:45,20.05,715765,357,买盘
477,09:53:48,20.06,2265574,1130,买盘
478,09:53:51,20.06,391129,195,买盘
479,09:53:54,20.05,423232,211,卖盘
480,09:53:57,20.06,246701,123,买盘
481,09:54:00,20.06,397281,198,卖盘
482,09:54:03,20.07,724239,361,买盘
483,09:54:06,20.07,738536,368,买盘
484,09:54:09,20.08,824965,411,买盘
485,09:54:12,20.08,341207,170,买盘
486,09:54:15,20.07,1200279,598,卖盘
487,09:54:18,20.07,347194,173,买盘
488,09:54:21,20.06,601978,300,卖盘
489,09:54:24,20.07,549854,274,买盘
490,09:54:27,20.07,549822,274,买盘
491,09:54:30,20.07,678330,338,买盘
492,09:54:33,20.07,854933,426,买盘
493,09:54:36,20.07,784719,391,卖盘
494,09:54:39,20.07,1017558,507,买盘
495,09:54:42,20.07,893161,445,卖盘
496,09:54:45,20.07,363270,181,买盘
497,09:54:48,20.07,285048,142,卖盘
498,09:54:51,20.08,706784,352,买盘
499,09:54:54,20.07,3454968,1721,卖盘
500,09:54:57,20.09,1785050,889,买盘
501,09:55:00,20.09,1869857,931,买盘
502,09:55:03,20.09,363576,181,买盘
503,09:55:06,20.09,946136,471,买盘
504,09:55:09,20.09,526327,262,买盘
505,09:55:12,20.09,807402,402,买盘
506,09:55:15,20.08,2600270,1295,卖盘
507,09:55:18,20.06,1928360,961,卖盘
508,09:55:21,20.06,1718391,857,中性盘
509,09:55:24,20.03,693339,346,卖盘
510,09:55:27,20.05,637083,318,买盘
511,09:55:30,20.03,456939,228,卖盘
512,09:55:33,20.03,2294493,1145,卖盘
513,09:55:36,20.04,1521387,759,买盘
514,09:55:39,20.05,1542612,770,中性盘
515,09:55:42,20.05,314652,157,买盘
516,09:55:45,20.05,1004393,501,买盘
517,09:55:48,20.05,306779,153,买盘
518,09:55:51,20.06,703919,351,买盘
519,09:55:54,20.06,946803,472,买盘
520,09:55:57,20.05,531586,265,卖盘
521,09:56:00,20.05,671772,335,卖盘
522,09:56:03,20.04,961935,480,卖盘
523,09:56:06,20.02,1767783,882,卖盘
524,09:56:09,20.0,2529286,1264,卖盘
525,09:56:12,20.0,1080941,540,卖盘
526,09:56:15,20.0,432025,216,卖盘
527,09:56:18,20.0,1028082,514,卖盘
528,09:56:21,20.0,171981,86,买盘
529,09:56:24,19.99,1049988,525,卖盘
530,09:56:27,19.99,549822,275,卖盘
531,09:56:30,19.98,1601195,801,卖盘
532,09:56:33,20.0,949824,475,买盘
533,09:56:36,20.0,112026,56,卖盘
534,09:56:39,20.0,438030,219,卖盘
535,09:56:42,19.99,63998,32,卖盘
536,09:56:45,20.0,113967,57,买盘
537,09:56:48,19.99,167920,84,卖盘
538,09:56:51,19.99,881887,441,卖盘
539,09:56:54,19.97,989012,495,卖盘
540,09:56:57,19.96,137742,69,卖盘
541,09:57:00,19.97,639058,320,买盘
542,09:57:03,19.97,223664,112,卖盘
543,09:57:06,19.97,167690,84,买盘
544,09:57:09,19.99,1044946,523,买盘
545,09:57:12,19.99,85901,43,买盘
546,09:57:15,19.98,43977,22,中性盘
547,09:57:18,19.99,197924,99,买盘
548,09:57:21,19.99,31984,16,买盘
549,09:57:24,19.97,331634,166,卖盘
550,09:57:27,19.97,103859,52,卖盘
551,09:57:30,19.97,1481877,742,卖盘
552,09:57:33,19.96,731139,366,卖盘
553,09:57:36,19.95,195607,98,卖盘
554,09:57:39,19.96,19956,10,买盘
555,09:57:42,19.95,3129435,1568,卖盘
556,09:57:45,19.97,682929,342,买盘
557,09:57:48,19.95,365246,183,卖盘
558,09:57:51,19.96,233502,117,买盘
559,09:57:54,19.95,572725,287,卖盘
560,09:57:57,19.95,79815,40,卖盘
561,09:58:00,19.97,463009,232,买盘
562,09:58:03,19.99,1004802,503,买盘
563,09:58:06,19.98,281831,141,卖盘
564,09:58:09,19.99,173938,87,卖盘
565,09:58:12,20.01,1216012,608,买盘
566,09:58:15,20.01,785964,393,买盘
567,09:58:18,20.01,203993,102,买盘
568,09:58:21,20.0,118014,59,中性盘
569,09:58:24,20.01,268009,134,买盘
570,09:58:27,20.02,362116,181,买盘
571,09:58:30,20.0,283997,142,卖盘
572,09:58:33,20.0,1376643,688,卖盘
573,09:58:36,20.0,538021,269,卖盘
574,09:58:39,19.99,375997,188,卖盘
575,09:58:42,19.99,465937,233,卖盘
576,09:58:45,20.0,371946,186,买盘
577,09:58:48,20.0,139949,70,买盘
578,09:58:51,20.0,359992,180,买盘
579,09:58:54,20.0,2099917,1050,卖盘
580,09:58:57,20.0,351978,176,买盘
581,09:59:00,19.98,1700837,851,卖盘
582,09:59:03,19.97,535396,268,卖盘
583,09:59:06,20.0,1584780,793,买盘
584,09:59:09,19.93,5185020,2599,卖盘
585,09:59:12,19.92,173369,87,卖盘
586,09:59:15,19.93,1237100,621,买盘
587,09:59:18,19.91,2964878,1489,卖盘
588,09:59:21,19.93,675225,339,买盘
589,09:59:24,19.91,591764,297,卖盘
590,09:59:27,19.92,29874,15,买盘
591,09:59:30,19.92,1155345,580,买盘
592,09:59:33,19.93,426386,214,买盘
593,09:59:36,19.94,946101,475,买盘
594,09:59:39,19.93,464415,233,卖盘
595,09:59:42,19.93,245200,123,卖盘
596,09:59:45,19.93,1267287,636,卖盘
597,09:59:48,19.92,153432,77,卖盘
598,09:59:51,19.94,440467,221,买盘
599,09:59:54,19.92,1261121,633,卖盘
600,09:59:57,19.91,1152633,579,卖盘
601,10:00:00,19.88,2526878,1270,卖盘
602,10:00:03,19.88,2566566,1291,卖盘
603,10:00:06,19.87,248443,125,卖盘
604,10:00:09,19.87,1160493,584,卖盘
605,10:00:12,19.87,1245712,627,买盘
606,10:00:15,19.87,12643264,6369,卖盘
607,10:00:18,19.87,236335,119,买盘
608,10:00:21,19.85,1020926,514,卖盘
609,10:00:24,19.87,766426,386,买盘
610,10:00:27,19.86,492711,248,中性盘
611,10:00:30,19.87,1282996,646,买盘
612,10:00:33,19.86,353537,178,卖盘
613,10:00:36,19.86,272071,137,买盘
614,10:00:39,19.86,1532892,772,买盘
615,10:00:42,19.87,633602,319,买盘
616,10:00:45,19.85,401130,202,卖盘
617,10:00:48,19.85,450783,227,卖盘
618,10:00:51,19.86,822004,414,买盘
619,10:00:54,19.87,856204,431,买盘
620,10:00:57,19.86,494826,249,卖盘
621,10:01:00,19.85,911461,459,卖盘
622,10:01:03,19.86,369343,186,买盘
623,10:01:06,19.87,71502,36,买盘
624,10:01:09,19.87,785083,395,买盘
625,10:01:12,19.88,473111,238,买盘
626,10:01:15,19.89,119308,60,买盘
627,10:01:18,19.89,943777,475,买盘
628,10:01:21,19.89,145144,73,买盘
629,10:01:24,19.88,1274503,641,卖盘
630,10:01:27,19.87,985390,496,卖盘
631,10:01:30,19.88,1167063,587,买盘
632,10:01:33,19.88,439284,221,卖盘
633,10:01:36,19.88,759224,382,卖盘
634,10:01:39,19.86,419390,211,卖盘
635,10:01:42,19.87,669836,337,中性盘
636,10:01:45,19.87,129156,65,卖盘
637,10:01:48,19.87,2105370,1060,买盘
638,10:01:51,19.86,653280,329,卖盘
639,10:01:54,19.86,734621,370,买盘
640,10:01:57,19.86,516391,260,买盘
641,10:02:00,19.84,2836638,1429,卖盘
642,10:02:03,19.84,772018,389,卖盘
643,10:02:06,19.85,172664,87,买盘
644,10:02:09,19.84,1095406,552,卖盘
645,10:02:12,19.85,1405292,708,买盘
646,10:02:15,19.85,246045,124,买盘
647,10:02:18,19.86,1682690,847,买盘
648,10:02:21,19.85,331636,167,卖盘
649,10:02:24,19.85,1384105,697,卖盘
650,10:02:27,19.85,188584,95,卖盘
651,10:02:30,19.85,3944767,1988,卖盘
652,10:02:33,19.84,1976575,996,中性盘
653,10:02:36,19.84,497668,251,买盘
654,10:02:39,19.84,1234353,622,买盘
655,10:02:42,19.84,279710,141,买盘
656,10:02:45,19.83,432507,218,卖盘
657,10:02:48,19.84,594944,300,买盘
658,10:02:51,19.83,719849,363,卖盘
659,10:02:54,19.82,1044425,527,卖盘
660,10:02:57,19.81,271471,137,卖盘
661,10:03:00,19.81,330848,167,卖盘
662,10:03:03,19.83,1512402,763,买盘
663,10:03:06,19.84,1939788,978,买盘
664,10:03:09,19.86,4041345,2035,买盘
665,10:03:12,19.85,371303,187,卖盘
666,10:03:15,19.88,262212,132,买盘
667,10:03:18,19.88,948296,477,买盘
668,10:03:21,19.88,498905,251,买盘
669,10:03:24,19.89,1097725,552,买盘
670,10:03:27,19.88,172968,87,卖盘
671,10:03:30,19.89,674416,339,买盘
672,10:03:33,19.9,656021,330,买盘
673,10:03:36,19.87,658617,331,卖盘
674,10:03:39,19.9,89523,45,买盘
675,10:03:42,19.89,391966,197,中性盘
676,10:03:45,19.89,1068270,537,卖盘
677,10:03:48,19.89,147186,74,卖盘
678,10:03:51,19.9,531225,267,买盘
679,10:03:54,19.9,171125,86,买盘
680,10:03:57,19.9,312466,157,卖盘
681,10:04:00,19.91,151278,76,买盘
682,10:04:03,19.91,113469,57,买盘
683,10:04:06,19.91,214963,108,买盘
684,10:04:09,19.92,718747,361,买盘
685,10:04:12,19.91,276795,139,卖盘
686,10:04:15,19.91,770505,387,卖盘
687,10:04:18,19.92,1221162,613,买盘
688,10:04:21,19.91,233012,117,卖盘
689,10:04:24,19.92,209118,105,买盘
690,10:04:27,19.92,71715,36,买盘
691,10:04:30,19.92,378656,190,卖盘
692,10:04:33,19.95,560190,281,买盘
693,10:04:36,19.95,73764,37,买盘
694,10:04:39,19.94,201344,101,中性盘
695,10:04:42,19.95,729867,366,买盘
696,10:04:45,19.94,428856,215,中性盘
697,10:04:48,19.93,418677,210,卖盘
698,10:04:51,19.92,179485,90,卖盘
699,10:04:54,19.93,255040,128,买盘
700,10:04:57,19.92,490114,246,卖盘
701,10:05:00,19.92,388459,195,卖盘
702,10:05:03,19.92,123531,62,卖盘
703,10:05:06,19.93,485995,244,买盘
704,10:05:09,19.92,191159,96,中性盘
705,10:05:12,19.93,759102,381,买盘
706,10:05:15,19.91,197199,99,卖盘
707,10:05:18,19.91,434064,218,卖盘
708,10:05:21,19.91,332401,167,中性盘
709,10:05:24,19.91,75663,38,卖盘
710,10:05:27,19.92,295819,149,买盘
711,10:05:30,19.91,175255,88,卖盘
712,10:05:33,19.92,336622,169,买盘
713,10:05:36,19.91,41812,21,卖盘
714,10:05:39,19.92,209142,105,买盘
715,10:05:42,19.92,57761,29,买盘
716,10:05:45,19.92,1293679,650,买盘
717,10:05:48,19.91,209030,105,中性盘
718,10:05:51,19.91,181127,91,买盘
719,10:05:54,19.91,69675,35,买盘
720,10:05:57,19.9,65682,33,卖盘
721,10:06:00,19.9,91548,46,卖盘
722,10:06:03,19.9,230807,116,买盘
723,10:06:06,19.9,447739,225,买盘
724,10:06:09,19.9,628820,316,买盘
725,10:06:12,19.9,75620,38,卖盘
726,10:06:15,19.92,1312068,659,买盘
727,10:06:18,19.91,312644,157,卖盘
728,10:06:21,19.92,633403,318,买盘
729,10:06:24,19.92,685021,344,买盘
730,10:06:27,19.91,2807068,1410,卖盘
731,10:06:30,19.92,103570,52,买盘
732,10:06:33,19.91,109475,55,中性盘
733,10:06:36,19.91,131397,66,买盘
734,10:06:39,19.92,368520,185,买盘
735,10:06:42,19.93,334799,168,买盘
736,10:06:45,19.93,223180,112,买盘
737,10:06:48,19.94,143530,72,买盘
738,10:06:51,19.94,530347,266,买盘
739,10:06:54,19.93,524188,263,卖盘
740,10:06:57,19.93,127538,64,买盘
741,10:07:00,19.94,1024766,514,买盘
742,10:07:03,19.94,663685,333,买盘
743,10:07:06,19.94,47856,24,买盘
744,10:07:09,19.93,249331,125,卖盘
745,10:07:12,19.94,85736,43,中性盘
746,10:07:15,19.94,183385,92,买盘
747,10:07:18,19.94,1187996,596,买盘
748,10:07:21,19.95,193475,97,买盘
749,10:07:24,19.94,374977,188,卖盘
750,10:07:27,19.95,239353,120,买盘
751,10:07:30,19.95,41885,21,买盘
752,10:07:33,19.94,185450,93,卖盘
753,10:07:36,19.94,91755,46,卖盘
754,10:07:39,19.94,127615,64,买盘
755,10:07:42,19.93,464429,233,卖盘
756,10:07:45,19.94,422598,212,买盘
757,10:07:48,19.93,492167,247,卖盘
758,10:07:51,19.93,181406,91,买盘
759,10:07:54,19.93,318707,160,买盘
760,10:07:57,19.93,753312,378,买盘
761,10:08:00,19.91,153386,77,卖盘
762,10:08:03,19.9,422111,212,卖盘
763,10:08:06,19.92,290756,146,买盘
764,10:08:09,19.9,123399,62,卖盘
765,10:08:12,19.9,202981,102,卖盘
766,10:08:15,19.91,240915,121,买盘
767,10:08:18,19.91,151331,76,卖盘
768,10:08:21,19.91,161271,81,卖盘
769,10:08:24,19.91,571539,287,卖盘
770,10:08:27,19.91,87604,44,卖盘
771,10:08:30,19.91,155326,78,卖盘
772,10:08:33,19.92,603274,303,买盘
773,10:08:36,19.93,1394724,700,买盘
774,10:08:39,19.93,334780,168,卖盘
775,10:08:42,19.93,45848,23,卖盘
776,10:08:45,19.93,157402,79,中性盘
777,10:08:48,19.92,95654,48,卖盘
778,10:08:51,19.92,211203,106,卖盘
779,10:08:54,19.92,647542,325,卖盘
780,10:08:57,19.93,75734,38,买盘
781,10:09:00,19.93,171439,86,买盘
782,10:09:03,19.92,304779,153,卖盘
783,10:09:06,19.92,448272,225,卖盘
784,10:09:09,19.92,63745,32,卖盘
785,10:09:12,19.95,3578847,1795,买盘
786,10:09:15,19.95,526705,264,卖盘
787,10:09:18,19.96,115719,58,买盘
788,10:09:21,19.95,353115,177,卖盘
789,10:09:24,19.95,21932,11,买盘
790,10:09:27,19.94,89720,45,中性盘
791,10:09:30,19.95,237294,119,买盘
792,10:09:33,19.94,163508,82,买盘
793,10:09:36,19.94,330964,166,买盘
794,10:09:39,19.95,2668853,1338,买盘
795,10:09:42,19.94,61835,31,卖盘
796,10:09:45,19.94,167565,84,卖盘
797,10:09:48,19.94,97706,49,卖盘
798,10:09:51,19.93,49846,25,卖盘
799,10:09:54,19.93,71774,36,卖盘
800,10:09:57,19.91,2122152,1065,卖盘
801,10:10:00,19.92,77671,39,买盘
802,10:10:03,19.91,2113838,1062,卖盘
803,10:10:06,19.91,276694,139,买盘
804,10:10:09,19.89,386160,194,卖盘
805,10:10:12,19.9,204989,103,买盘
806,10:10:15,19.91,424083,213,买盘
807,10:10:18,19.91,1083612,544,卖盘
808,10:10:21,19.93,382406,192,中性盘
809,10:10:24,19.93,267041,134,买盘
810,10:10:27,19.91,876553,440,卖盘
811,10:10:30,19.92,39840,20,买盘
812,10:10:33,19.91,235039,118,卖盘
813,10:10:36,19.93,366581,184,买盘
814,10:10:39,19.92,611833,307,卖盘
815,10:10:42,19.92,719249,361,卖盘
816,10:10:45,19.93,141487,71,卖盘
817,10:10:48,19.94,125622,63,买盘
818,10:10:51,19.93,133559,67,卖盘
819,10:10:54,19.94,93718,47,买盘
820,10:10:57,19.93,257172,129,卖盘
821,10:11:00,19.94,366902,184,买盘
822,10:11:03,19.97,2432819,1219,买盘
823,10:11:06,19.97,491186,246,买盘
824,10:11:09,19.97,567148,284,买盘
825,10:11:12,19.95,2408001,1206,卖盘
826,10:11:15,19.96,349313,175,买盘
827,10:11:18,19.94,345244,173,卖盘
828,10:11:21,19.95,35914,18,买盘
829,10:11:24,19.94,175503,88,卖盘
830,10:11:27,19.93,827445,415,卖盘
831,10:11:30,19.92,274967,138,卖盘
832,10:11:33,19.92,217122,109,卖盘
833,10:11:36,19.92,93605,47,买盘
834,10:11:39,19.92,45797,23,买盘
835,10:11:42,19.92,137417,69,买盘
836,10:11:45,19.92,7968,4,买盘
837,10:11:48,19.93,733089,368,买盘
838,10:11:51,19.92,251016,126,卖盘
839,10:11:54,19.92,31877,16,卖盘
840,10:11:57,19.93,173348,87,买盘
841,10:12:00,19.93,143461,72,中性盘
842,10:12:03,19.91,585654,294,卖盘
843,10:12:06,19.91,252883,127,卖盘
844,10:12:09,19.9,943749,474,卖盘
845,10:12:12,19.91,551266,277,买盘
846,10:12:15,19.89,316365,159,卖盘
847,10:12:18,19.89,244651,123,卖盘
848,10:12:21,19.89,906618,456,买盘
849,10:12:24,19.87,504734,254,卖盘
850,10:12:27,19.88,228485,115,中性盘
851,10:12:30,19.86,121202,61,卖盘
852,10:12:33,19.87,202674,102,买盘
853,10:12:36,19.87,274179,138,买盘
854,10:12:39,19.86,61574,31,卖盘
855,10:12:42,19.87,8998806,4533,买盘
856,10:12:45,19.87,429101,216,卖盘
857,10:12:48,19.87,135092,68,买盘
858,10:12:51,19.87,554440,279,卖盘
859,10:12:54,19.87,359714,181,卖盘
860,10:12:57,19.88,685602,345,买盘
861,10:13:00,19.87,162934,82,卖盘
862,10:13:03,19.87,113264,57,卖盘
863,10:13:06,19.87,830563,418,卖盘
864,10:13:09,19.87,91394,46,买盘
865,10:13:12,19.85,3239814,1632,卖盘
866,10:13:15,19.85,377100,190,买盘
867,10:13:18,19.85,303587,153,买盘
868,10:13:21,19.85,170720,86,买盘
869,10:13:24,19.85,35733,18,卖盘
870,10:13:27,19.85,228287,115,卖盘
871,10:13:30,19.86,125094,63,买盘
872,10:13:33,19.86,367526,185,买盘
873,10:13:36,19.88,993551,500,买盘
874,10:13:39,19.87,300102,151,卖盘
875,10:13:42,19.89,121230,61,买盘
876,10:13:45,19.89,355988,179,买盘
877,10:13:48,19.89,491246,247,买盘
878,10:13:51,19.89,330198,166,买盘
879,10:13:54,19.89,222862,112,卖盘
880,10:13:57,19.9,356210,179,买盘
881,10:14:00,19.91,123395,62,买盘
882,10:14:03,19.9,47762,24,卖盘
883,10:14:06,19.91,155286,78,买盘
884,10:14:09,19.9,101530,51,卖盘
885,10:14:12,19.91,467886,235,买盘
886,10:14:15,19.93,1535799,771,买盘
887,10:14:18,19.91,1474095,740,卖盘
888,10:14:21,19.91,201157,101,卖盘
889,10:14:24,19.92,93590,47,买盘
890,10:14:27,19.93,1368976,687,买盘
891,10:14:30,19.93,137422,69,买盘
892,10:14:33,19.93,303072,152,卖盘
893,10:14:36,19.94,65781,33,买盘
894,10:14:39,19.94,3405815,1706,买盘
895,10:14:42,19.94,179485,90,卖盘
896,10:14:45,19.94,201419,101,卖盘
897,10:14:48,19.96,3091264,1548,买盘
898,10:14:51,19.96,187555,94,买盘
899,10:14:54,19.97,335435,168,买盘
900,10:14:57,19.97,191704,96,买盘
901,10:15:00,19.97,6706395,3354,买盘
902,10:15:03,20.0,159894,80,买盘
903,10:15:06,20.0,575999,288,买盘
904,10:15:09,20.0,377868,189,买盘
905,10:15:12,20.0,159976,80,买盘
906,10:15:15,20.0,164000,82,买盘
907,10:15:18,20.0,495998,248,买盘
908,10:15:21,19.99,141971,71,卖盘
909,10:15:24,19.98,723992,362,卖盘
910,10:15:27,20.0,209982,105,中性盘
911,10:15:30,20.01,47997,24,买盘
912,10:15:33,20.0,35998,18,买盘
913,10:15:36,20.01,462109,231,买盘
914,10:15:39,20.0,303965,152,卖盘
915,10:15:42,19.98,568197,284,卖盘
916,10:15:45,20.0,226095,113,买盘
917,10:15:48,20.0,594045,297,卖盘
918,10:15:51,20.0,988010,494,卖盘
919,10:15:54,20.0,726290,363,买盘
920,10:15:57,20.01,250000,125,买盘
921,10:16:00,20.0,348000,174,卖盘
922,10:16:03,20.0,153974,77,卖盘
923,10:16:06,19.98,199909,100,卖盘
924,10:16:09,19.99,181940,91,买盘
925,10:16:12,19.98,131906,66,卖盘
926,10:16:15,19.98,895689,448,卖盘
927,10:16:18,20.0,517851,259,买盘
928,10:16:21,20.0,494001,247,卖盘
929,10:16:24,20.01,1164044,582,买盘
930,10:16:27,20.0,180063,90,卖盘
931,10:16:30,20.0,200074,100,卖盘
932,10:16:33,20.0,146044,73,卖盘
933,10:16:36,20.01,202064,101,买盘
934,10:16:39,20.01,262022,131,买盘
935,10:16:42,20.01,668103,334,买盘
936,10:16:45,20.0,2528007,1264,卖盘
937,10:16:48,19.99,307872,154,卖盘
938,10:16:51,19.99,283821,142,买盘
939,10:16:54,19.99,195839,98,买盘
940,10:16:57,19.99,827491,414,买盘
941,10:17:00,19.97,287690,144,卖盘
942,10:17:03,19.98,899456,450,买盘
943,10:17:06,19.98,285702,143,卖盘
944,10:17:09,19.98,35967,18,卖盘
945,10:17:12,19.98,361638,181,卖盘
946,10:17:15,19.98,4265529,2133,卖盘
947,10:17:18,19.97,235697,118,卖盘
948,10:17:21,19.96,371261,186,卖盘
949,10:17:24,19.96,69860,35,卖盘
950,10:17:27,19.96,223573,112,卖盘
951,10:17:30,19.96,107834,54,卖盘
952,10:17:33,19.95,175616,88,卖盘
953,10:17:36,19.96,179597,90,买盘
954,10:17:39,19.99,6025236,3015,买盘
955,10:17:42,19.96,167664,84,卖盘
956,10:17:45,19.98,43912,22,中性盘
957,10:17:48,19.98,81892,41,买盘
958,10:17:51,19.98,399599,200,买盘
959,10:17:54,19.98,127788,64,卖盘
960,10:17:57,19.96,39933,20,卖盘
961,10:18:00,19.98,157789,79,买盘
962,10:18:03,19.96,73868,37,卖盘
963,10:18:06,19.97,131737,66,中性盘
964,10:18:09,19.97,63914,32,买盘
965,10:18:12,19.98,631023,316,买盘
966,10:18:15,19.99,115913,58,买盘
967,10:18:18,19.99,263842,132,买盘
968,10:18:21,19.99,71964,36,买盘
969,10:18:24,19.98,27972,14,卖盘
970,10:18:27,19.99,249863,125,买盘
971,10:18:30,19.99,237961,119,卖盘
972,10:18:33,19.99,1203411,602,卖盘
973,10:18:36,19.98,249750,125,卖盘
974,10:18:39,19.97,391600,196,卖盘
975,10:18:42,19.98,79877,40,买盘
976,10:18:45,19.98,529463,265,买盘
977,10:18:48,19.97,127852,64,卖盘
978,10:18:51,19.98,91894,46,买盘
979,10:18:54,19.97,21967,11,卖盘
980,10:18:57,19.96,71863,36,卖盘
981,10:19:00,19.95,2690430,1348,卖盘
982,10:19:03,19.95,646107,324,买盘
983,10:19:06,19.95,37894,19,买盘
984,10:19:09,19.94,301147,151,卖盘
985,10:19:12,19.94,564307,283,卖盘
986,10:19:15,19.92,450565,226,卖盘
987,10:19:18,19.93,363022,182,卖盘
988,10:19:21,19.93,187406,94,卖盘
989,10:19:24,19.93,450418,226,买盘
990,10:19:27,19.92,521950,262,卖盘
991,10:19:30,19.94,5981,3,中性盘
992,10:19:33,19.92,149418,75,卖盘
993,10:19:39,19.92,2602146,1304,卖盘
994,10:19:42,19.92,59797,30,卖盘
995,10:19:45,19.92,15939,8,卖盘
996,10:19:48,19.93,11953,6,中性盘
997,10:19:51,19.94,161528,81,买盘
998,10:19:54,19.94,169503,85,卖盘
999,10:19:57,19.95,149698,75,买盘
1000,10:20:00,19.95,289214,145,卖盘
1001,10:20:03,19.94,57846,29,卖盘
1002,10:20:06,19.95,269288,135,买盘
1003,10:20:09,19.95,139655,70,买盘
1004,10:20:12,19.95,157657,79,卖盘
1005,10:20:15,19.96,43929,22,中性盘
1006,10:20:18,19.95,107764,54,卖盘
1007,10:20:21,19.96,658378,330,买盘
1008,10:20:24,19.95,175639,88,中性盘
1009,10:20:27,19.95,87781,44,卖盘
1010,10:20:30,19.95,73809,37,买盘
1011,10:20:33,19.95,131632,66,买盘
1012,10:20:36,19.94,201399,101,卖盘
1013,10:20:39,19.94,518652,260,买盘
1014,10:20:42,19.95,201406,101,买盘
1015,10:20:45,19.95,17955,9,卖盘
1016,10:20:48,19.94,5982,3,卖盘
1017,10:20:51,19.94,139580,70,卖盘
1018,10:20:54,19.95,311220,156,买盘
1019,10:20:57,19.95,37922,19,卖盘
1020,10:21:00,19.95,211470,106,卖盘
1021,10:21:03,19.95,109717,55,卖盘
1022,10:21:06,19.95,43889,22,买盘
1023,10:21:09,19.95,81790,41,买盘
1024,10:21:12,19.94,69810,35,卖盘
1025,10:21:15,19.94,127616,64,卖盘
1026,10:21:18,19.94,267306,134,卖盘
1027,10:21:21,19.94,354910,178,卖盘
1028,10:21:24,19.91,1733771,870,卖盘
1029,10:21:27,19.91,107568,54,卖盘
1030,10:21:30,19.91,119460,60,卖盘
1031,10:21:33,19.91,328525,165,卖盘
1032,10:21:36,19.92,583591,293,买盘
1033,10:21:39,19.91,149343,75,卖盘
1034,10:21:42,19.92,19920,10,买盘
1035,10:21:45,19.9,1144592,575,卖盘
1036,10:21:48,19.9,646890,325,卖盘
1037,10:21:51,19.91,519428,261,买盘
1038,10:21:54,19.91,97540,49,买盘
1039,10:21:57,19.9,1120374,563,卖盘
1040,10:22:00,19.9,127360,64,卖盘
1041,10:22:03,19.9,113444,57,卖盘
1042,10:22:06,19.9,330370,166,卖盘
1043,10:22:09,19.89,21886,11,卖盘
1044,10:22:12,19.89,119345,60,卖盘
1045,10:22:15,19.89,151158,76,卖盘
1046,10:22:18,19.89,9942,5,买盘
1047,10:22:21,19.89,99431,50,买盘
1048,10:22:24,19.89,274367,138,买盘
1049,10:22:27,19.87,1033345,520,卖盘
1050,10:22:30,19.89,117351,59,买盘
1051,10:22:33,19.88,383722,193,卖盘
1052,10:22:36,19.89,222679,112,买盘
1053,10:22:39,19.89,169077,85,卖盘
1054,10:22:42,19.89,103429,52,卖盘
1055,10:22:45,19.89,91494,46,卖盘
1056,10:22:48,19.9,91495,46,买盘
1057,10:22:51,19.89,29835,15,卖盘
1058,10:22:54,19.89,69615,35,买盘
1059,10:22:57,19.9,117410,59,买盘
1060,10:23:00,19.89,731687,368,卖盘
1061,10:23:03,19.9,1085518,546,买盘
1062,10:23:06,19.89,101465,51,卖盘
1063,10:23:09,19.89,61673,31,卖盘
1064,10:23:12,19.88,99434,50,卖盘
1065,10:23:15,19.89,292436,147,买盘
1066,10:23:18,19.88,89485,45,卖盘
1067,10:23:21,19.89,23866,12,中性盘
1068,10:23:24,19.88,55665,28,卖盘
1069,10:23:27,19.88,53676,27,卖盘
1070,10:23:30,19.89,507228,255,买盘
1071,10:23:33,19.89,160971,81,买盘
1072,10:23:36,19.9,322234,162,买盘
1073,10:23:39,19.9,41774,21,买盘
1074,10:23:42,19.9,31834,16,买盘
1075,10:23:45,19.9,33828,17,买盘
1076,10:23:48,19.89,175097,88,卖盘
1077,10:23:51,19.89,71614,36,卖盘
1078,10:23:54,19.9,151161,76,买盘
1079,10:23:57,19.89,9945,5,中性盘
1080,10:24:00,19.89,105406,53,买盘
1081,10:24:03,19.88,232641,117,卖盘
1082,10:24:06,19.88,43736,22,卖盘
1083,10:24:09,19.88,165052,83,卖盘
1084,10:24:12,19.88,101429,51,卖盘
1085,10:24:15,19.88,328039,165,卖盘
1086,10:24:18,19.88,141169,71,卖盘
1087,10:24:21,19.88,33794,17,买盘
1088,10:24:24,19.88,33796,17,买盘
1089,10:24:27,19.88,7952,4,买盘
1090,10:24:30,19.87,266275,134,卖盘
1091,10:24:33,19.88,1542595,776,买盘
1092,10:24:36,19.87,307990,155,卖盘
1093,10:24:39,19.87,595953,300,卖盘
1094,10:24:42,19.86,53629,27,卖盘
1095,10:24:45,19.86,200667,101,卖盘
1096,10:24:48,19.86,1773648,893,卖盘
1097,10:24:51,19.85,41695,21,卖盘
1098,10:24:54,19.85,557798,281,卖盘
1099,10:24:57,19.85,39700,20,卖盘
1100,10:25:00,19.85,101240,51,卖盘
1101,10:25:03,19.84,3568718,1798,卖盘
1102,10:25:06,19.84,319389,161,买盘
1103,10:25:09,19.84,269819,136,买盘
1104,10:25:12,19.83,311370,157,卖盘
1105,10:25:15,19.83,4157490,2098,卖盘
1106,10:25:18,19.82,398628,201,卖盘
1107,10:25:21,19.83,547525,276,买盘
1108,10:25:24,19.84,261803,132,买盘
1109,10:25:27,19.83,226184,114,卖盘
1110,10:25:30,19.85,109144,55,买盘
1111,10:25:33,19.85,468050,236,买盘
1112,10:25:36,19.85,178476,90,买盘
1113,10:25:39,19.85,73419,37,买盘
1114,10:25:42,19.85,188571,95,买盘
1115,10:25:45,19.84,65474,33,卖盘
1116,10:25:48,19.83,287552,145,卖盘
1117,10:25:51,19.83,949872,479,卖盘
1118,10:25:54,19.84,571391,288,买盘
1119,10:25:57,19.84,714290,360,卖盘
1120,10:26:00,19.84,874950,441,卖盘
1121,10:26:03,19.83,541375,273,卖盘
1122,10:26:06,19.83,111047,56,买盘
1123,10:26:09,19.83,985539,497,买盘
1124,10:26:12,19.83,1349078,680,中性盘
1125,10:26:15,19.83,53541,27,卖盘
1126,10:26:18,19.82,91182,46,卖盘
1127,10:26:21,19.83,3180761,1605,买盘
1128,10:26:24,19.82,382775,193,卖盘
1129,10:26:27,19.82,55501,28,卖盘
1130,10:26:30,19.82,142735,72,卖盘
1131,10:26:33,19.83,418225,211,买盘
1132,10:26:36,19.81,212128,107,卖盘
1133,10:26:39,19.83,541137,273,中性盘
1134,10:26:42,19.82,27750,14,卖盘
1135,10:26:45,19.82,2870040,1448,卖盘
1136,10:26:48,19.83,279583,141,买盘
1137,10:26:51,19.82,344920,174,卖盘
1138,10:26:54,19.83,124872,63,买盘
1139,10:26:57,19.83,638316,322,买盘
1140,10:27:00,19.82,685606,346,卖盘
1141,10:27:03,19.82,212084,107,买盘
1142,10:27:06,19.81,885540,447,卖盘
1143,10:27:09,19.82,257515,130,买盘
1144,10:27:12,19.83,106996,54,买盘
1145,10:27:15,19.82,901438,455,中性盘
1146,10:27:18,19.81,39620,20,卖盘
1147,10:27:21,19.81,722836,365,卖盘
1148,10:27:24,19.81,301091,152,买盘
1149,10:27:27,19.81,1423718,719,买盘
1150,10:27:30,19.82,174306,88,买盘
1151,10:27:33,19.82,639739,323,卖盘
1152,10:27:36,19.82,77291,39,买盘
1153,10:27:39,19.82,269567,136,卖盘
1154,10:27:42,19.82,118916,60,买盘
1155,10:27:45,19.81,214043,108,卖盘
1156,10:27:48,19.82,73331,37,买盘
1157,10:27:51,19.82,118893,60,买盘
1158,10:27:54,19.82,206118,104,买盘
1159,10:27:57,19.84,949308,479,买盘
1160,10:28:00,19.82,818972,413,卖盘
1161,10:28:03,19.83,729544,368,买盘
1162,10:28:06,19.83,466059,235,卖盘
1163,10:28:09,19.84,281587,142,买盘
1164,10:28:12,19.83,132861,67,买盘
1165,10:28:15,19.82,565011,285,卖盘
1166,10:28:18,19.83,267715,135,中性盘
1167,10:28:21,19.83,368873,186,卖盘
1168,10:28:24,19.83,1034309,522,中性盘
1169,10:28:27,19.82,79288,40,卖盘
1170,10:28:30,19.84,1055281,532,买盘
1171,10:28:33,19.82,1299409,655,卖盘
1172,10:28:36,19.81,324935,164,卖盘
1173,10:28:39,19.83,53528,27,买盘
1174,10:28:42,19.82,146734,74,卖盘
1175,10:28:45,19.84,275544,139,买盘
1176,10:28:48,19.83,986857,498,卖盘
1177,10:28:51,19.84,412490,208,买盘
1178,10:28:54,19.83,49579,25,买盘
1179,10:28:57,19.83,89274,45,卖盘
1180,10:29:00,19.83,105135,53,卖盘
1181,10:29:03,19.83,313321,158,卖盘
1182,10:29:06,19.83,297451,150,买盘
1183,10:29:09,19.82,291567,147,卖盘
1184,10:29:12,19.82,570826,288,卖盘
1185,10:29:15,19.83,105080,53,买盘
1186,10:29:18,19.82,55496,28,卖盘
1187,10:29:21,19.81,439868,222,卖盘
1188,10:29:24,19.83,491468,248,买盘
1189,10:29:27,19.83,172374,87,买盘
1190,10:29:30,19.82,731690,369,买盘
1191,10:29:33,19.82,164536,83,买盘
1192,10:29:36,19.82,2357423,1190,卖盘
1193,10:29:39,19.81,338926,171,卖盘
1194,10:29:42,19.8,839879,424,卖盘
1195,10:29:45,19.8,223751,113,卖盘
1196,10:29:48,19.83,160396,81,买盘
1197,10:29:51,19.81,205984,104,中性盘
1198,10:29:54,19.81,172362,87,卖盘
1199,10:29:57,19.81,616127,311,卖盘
1200,10:30:00,19.82,89198,45,卖盘
1201,10:30:03,19.81,93110,47,卖盘
1202,10:30:06,19.81,192158,97,卖盘
1203,10:30:09,19.81,172347,87,买盘
1204,10:30:12,19.81,407943,206,买盘
1205,10:30:15,19.82,515171,260,买盘
1206,10:30:18,19.81,2519854,1272,卖盘
1207,10:30:21,19.83,215987,109,买盘
1208,10:30:24,19.83,206157,104,买盘
1209,10:30:27,19.82,182339,92,卖盘
1210,10:30:30,19.83,168536,85,买盘
1211,10:30:33,19.84,222158,112,买盘
1212,10:30:36,19.85,164748,83,买盘
1213,10:30:39,19.83,448339,226,卖盘
1214,10:30:42,19.84,216159,109,买盘
1215,10:30:45,19.84,57535,29,买盘
1216,10:30:48,19.84,124977,63,买盘
1217,10:30:51,19.84,202338,102,买盘
1218,10:30:54,19.83,245906,124,卖盘
1219,10:30:57,19.84,122997,62,买盘
1220,10:31:00,19.84,1984,1,买盘
1221,10:31:03,19.83,321367,162,卖盘
1222,10:31:06,19.84,63476,32,买盘
1223,10:31:09,19.83,212156,107,中性盘
1224,10:31:12,19.83,172586,87,买盘
1225,10:31:15,19.84,93218,47,中性盘
1226,10:31:18,19.83,97177,49,卖盘
1227,10:31:21,19.84,122974,62,买盘
1228,10:31:24,19.83,15866,8,卖盘
1229,10:31:27,19.83,85269,43,卖盘
1230,10:31:30,19.83,164587,83,买盘
1231,10:31:33,19.83,323142,163,买盘
1232,10:31:36,19.83,71388,36,买盘
1233,10:31:39,19.83,146724,74,买盘
1234,10:31:42,19.82,223969,113,卖盘
1235,10:31:45,19.82,192255,97,卖盘
1236,10:31:48,19.83,261631,132,买盘
1237,10:31:51,19.8,7249862,3661,卖盘
1238,10:31:54,19.8,480932,243,买盘
1239,10:31:57,19.79,1763114,891,卖盘
1240,10:32:00,19.79,288967,146,卖盘
1241,10:32:03,19.78,423447,214,卖盘
1242,10:32:06,19.78,543983,275,卖盘
1243,10:32:09,19.78,553970,280,卖盘
1244,10:32:12,19.78,265071,134,卖盘
1245,10:32:15,19.78,280923,142,卖盘
1246,10:32:18,19.78,522201,264,卖盘
1247,10:32:21,19.78,458920,232,卖盘
1248,10:32:24,19.8,1157683,585,买盘
1249,10:32:27,19.82,3277000,1655,买盘
1250,10:32:30,19.81,330887,167,卖盘
1251,10:32:33,19.8,55449,28,卖盘
1252,10:32:36,19.82,61404,31,买盘
1253,10:32:39,19.81,471399,238,中性盘
1254,10:32:42,19.8,297025,150,卖盘
1255,10:32:45,19.8,122751,62,买盘
1256,10:32:48,19.8,31680,16,买盘
1257,10:32:51,19.8,85148,43,卖盘
1258,10:32:54,19.82,309058,156,买盘
1259,10:32:57,19.8,827579,418,卖盘
1260,10:33:00,19.8,253440,128,买盘
1261,10:33:03,19.81,49515,25,买盘
1262,10:33:06,19.81,101041,51,买盘
1263,10:33:09,19.82,116920,59,买盘
1264,10:33:12,19.83,222006,112,买盘
1265,10:33:15,19.83,103114,52,买盘
1266,10:33:18,19.85,537650,271,买盘
1267,10:33:21,19.85,148930,75,卖盘
1268,10:33:24,19.86,200475,101,买盘
1269,10:33:27,19.85,91318,46,中性盘
1270,10:33:30,19.84,152779,77,卖盘
1271,10:33:33,19.85,184534,93,买盘
1272,10:33:36,19.85,19846,10,买盘
1273,10:33:39,19.83,43632,22,卖盘
1274,10:33:42,19.84,303672,153,中性盘
1275,10:33:45,19.84,3968,2,买盘
1276,10:33:48,19.83,17847,9,卖盘
1277,10:33:51,19.84,319368,161,买盘
1278,10:33:54,19.83,65468,33,卖盘
1279,10:33:57,19.83,95212,48,卖盘
1280,10:34:00,19.84,61501,31,买盘
1281,10:34:03,19.83,134870,68,卖盘
1282,10:34:06,19.84,83328,42,买盘
1283,10:34:09,19.84,55530,28,买盘
1284,10:34:12,19.85,305566,154,买盘
1285,10:34:15,19.84,311495,157,卖盘
1286,10:34:18,19.84,212278,107,卖盘
1287,10:34:21,19.85,138903,70,买盘
1288,10:34:24,19.84,136938,69,中性盘
1289,10:34:27,19.84,438462,221,卖盘
1290,10:34:30,19.83,327316,165,卖盘
1291,10:34:33,19.83,275720,139,卖盘
1292,10:34:36,19.84,404578,204,中性盘
1293,10:34:39,19.85,379086,191,买盘
1294,10:34:42,19.85,162728,82,买盘
1295,10:34:45,19.84,450384,227,卖盘
1296,10:34:48,19.84,37696,19,卖盘
1297,10:34:51,19.84,91300,46,卖盘
1298,10:34:54,19.87,1474923,743,买盘
1299,10:34:57,19.87,266180,134,买盘
1300,10:35:03,19.87,29793,15,买盘
1301,10:35:06,19.87,49672,25,买盘
1302,10:35:09,19.86,67529,34,卖盘
1303,10:35:12,19.86,13902,7,卖盘
1304,10:35:15,19.86,47661,24,卖盘
1305,10:35:18,19.86,17874,9,卖盘
1306,10:35:21,19.86,977155,492,卖盘
1307,10:35:24,19.85,182676,92,卖盘
1308,10:35:27,19.86,43688,22,买盘
1309,10:35:30,19.85,123102,62,卖盘
1310,10:35:33,19.86,61566,31,买盘
1311,10:35:36,19.86,19851,10,买盘
1312,10:35:39,19.85,69480,35,卖盘
1313,10:35:42,19.86,218408,110,买盘
1314,10:35:45,19.86,256194,129,买盘
1315,10:35:48,19.86,111202,56,买盘
1316,10:35:51,19.86,135018,68,买盘
1317,10:35:54,19.86,29790,15,买盘
1318,10:35:57,19.86,178740,90,买盘
1319,10:36:00,19.85,345403,174,卖盘
1320,10:36:03,19.86,107226,54,买盘
1321,10:36:06,19.85,307675,155,卖盘
1322,10:36:09,19.85,31760,16,买盘
1323,10:36:12,19.85,31755,16,买盘
1324,10:36:15,19.84,260008,131,卖盘
1325,10:36:18,19.84,1465249,738,卖盘
1326,10:36:21,19.84,420609,212,卖盘
1327,10:36:24,19.84,158798,80,卖盘
1328,10:36:27,19.86,603221,304,买盘
1329,10:36:30,19.86,105235,53,买盘
1330,10:36:33,19.85,345513,174,卖盘
1331,10:36:36,19.85,814197,410,卖盘
1332,10:36:39,19.85,146944,74,卖盘
1333,10:36:42,19.85,162817,82,卖盘
1334,10:36:45,19.85,150905,76,卖盘
1335,10:36:48,19.86,67524,34,买盘
1336,10:36:51,19.85,83397,42,卖盘
1337,10:36:54,19.86,31771,16,买盘
1338,10:36:57,19.85,154884,78,卖盘
1339,10:37:00,19.85,452602,228,卖盘
1340,10:37:03,19.86,53609,27,买盘
1341,10:37:06,19.85,337450,170,卖盘
1342,10:37:09,19.86,75468,38,买盘
1343,10:37:12,19.85,25805,13,卖盘
1344,10:37:15,19.85,15886,8,卖盘
1345,10:37:18,19.85,39705,20,卖盘
1346,10:37:21,19.86,113195,57,买盘
1347,10:37:24,19.86,1399674,705,买盘
1348,10:37:27,19.88,4296646,2163,买盘
1349,10:37:30,19.85,1003200,505,卖盘
1350,10:37:33,19.85,558141,281,买盘
1351,10:37:36,19.87,155056,78,中性盘
1352,10:37:39,19.88,294370,148,中性盘
1353,10:37:42,19.9,2954573,1485,买盘
1354,10:37:45,19.89,234796,118,卖盘
1355,10:37:48,19.9,31828,16,买盘
1356,10:37:51,19.89,316342,159,卖盘
1357,10:37:54,19.88,172956,87,卖盘
1358,10:37:57,19.88,77532,39,买盘
1359,10:38:00,19.88,188857,95,买盘
1360,10:38:03,19.88,504712,254,买盘
1361,10:38:06,19.89,153131,77,买盘
1362,10:38:09,19.88,5964,3,中性盘
1363,10:38:12,19.89,49725,25,买盘
1364,10:38:15,19.89,117335,59,买盘
1365,10:38:18,19.89,499338,251,卖盘
1366,10:38:21,19.89,61659,31,买盘
1367,10:38:24,19.9,350094,176,买盘
1368,10:38:27,19.91,616937,310,买盘
1369,10:38:30,19.91,121450,61,买盘
1370,10:38:33,19.91,63739,32,卖盘
1371,10:38:36,19.91,145409,73,卖盘
1372,10:38:39,19.92,33858,17,买盘
1373,10:38:42,19.93,77722,39,买盘
1374,10:38:45,19.93,97703,49,卖盘
1375,10:38:48,19.96,582619,292,买盘
1376,10:38:51,19.95,145698,73,卖盘
1377,10:38:54,19.96,161670,81,买盘
1378,10:38:57,19.96,281349,141,买盘
1379,10:39:00,19.96,139703,70,买盘
1380,10:39:03,19.95,115706,58,卖盘
1381,10:39:06,19.95,297182,149,买盘
1382,10:39:09,19.93,17937,9,卖盘
1383,10:39:12,19.94,91716,46,买盘
1384,10:39:15,19.94,13958,7,买盘
1385,10:39:18,19.94,135521,68,买盘
1386,10:39:21,19.93,342753,172,买盘
1387,10:39:24,19.93,229188,115,买盘
1388,10:39:27,19.94,103684,52,买盘
1389,10:39:30,19.93,1208988,606,卖盘
1390,10:39:33,19.93,43863,22,卖盘
1391,10:39:36,19.94,169477,85,中性盘
1392,10:39:39,19.94,231406,116,卖盘
1393,10:39:42,19.94,596484,299,卖盘
1394,10:39:45,19.95,77805,39,买盘
1395,10:39:48,19.96,41915,21,买盘
1396,10:39:51,19.95,269325,135,卖盘
1397,10:39:54,19.94,69812,35,卖盘
1398,10:39:57,19.95,19950,10,买盘
1399,10:40:00,19.94,223435,112,卖盘
1400,10:40:03,19.95,175555,88,买盘
1401,10:40:06,19.94,361122,181,卖盘
1402,10:40:09,19.95,29923,15,买盘
1403,10:40:12,19.95,155570,78,买盘
1404,10:40:15,19.94,43885,22,卖盘
1405,10:40:18,19.93,1351908,678,卖盘
1406,10:40:21,19.92,191235,96,卖盘
1407,10:40:24,19.93,370514,186,买盘
1408,10:40:27,19.92,183264,92,卖盘
1409,10:40:30,19.92,203198,102,买盘
1410,10:40:33,19.93,288948,145,买盘
1411,10:40:36,19.93,91675,46,卖盘
1412,10:40:39,19.93,253087,127,买盘
1413,10:40:42,19.93,637680,320,卖盘
1414,10:40:45,19.93,15944,8,买盘
1415,10:40:48,19.93,191192,96,买盘
1416,10:40:51,19.92,89658,45,买盘
1417,10:40:54,19.92,247008,124,卖盘
1418,10:40:57,19.92,91635,46,卖盘
1419,10:41:00,19.91,115520,58,卖盘
1420,10:41:03,19.92,103615,52,买盘
1421,10:41:06,19.89,1723339,866,卖盘
1422,10:41:09,19.89,147187,74,卖盘
1423,10:41:12,19.88,99436,50,卖盘
1424,10:41:15,19.88,705771,355,卖盘
1425,10:41:18,19.9,280490,141,买盘
1426,10:41:21,19.89,27846,14,卖盘
1427,10:41:24,19.89,109400,55,卖盘
1428,10:41:27,19.89,268625,135,卖盘
1429,10:41:30,19.89,69640,35,卖盘
1430,10:41:33,19.89,590733,297,卖盘
1431,10:41:36,19.89,200989,101,中性盘
1432,10:41:39,19.89,145182,73,买盘
1433,10:41:42,19.88,21873,11,卖盘
1434,10:41:45,19.88,256500,129,卖盘
1435,10:41:48,19.88,43756,22,卖盘
1436,10:41:51,19.9,37790,19,买盘
1437,10:41:54,19.89,31825,16,买盘
1438,10:41:57,19.9,51723,26,买盘
1439,10:42:00,19.9,242778,122,买盘
1440,10:42:03,19.9,59700,30,卖盘
1441,10:42:06,19.91,336390,169,买盘
1442,10:42:09,19.9,3981,2,卖盘
1443,10:42:12,19.9,169233,85,卖盘
1444,10:42:15,19.9,57729,29,卖盘
1445,10:42:18,19.91,1991,1,买盘
1446,10:42:21,19.91,9955,5,买盘
1447,10:42:24,19.91,246884,124,买盘
1448,10:42:27,19.91,157289,79,买盘
1449,10:42:30,19.91,246950,124,卖盘
1450,10:42:33,19.91,27883,14,卖盘
1451,10:42:36,19.91,113490,57,卖盘
1452,10:42:39,19.92,159360,80,买盘
1453,10:42:42,19.91,89630,45,卖盘
1454,10:42:45,19.91,33852,17,卖盘
1455,10:42:48,19.91,57765,29,卖盘
1456,10:42:51,19.91,426174,214,卖盘
1457,10:42:54,19.91,25883,13,卖盘
1458,10:42:57,19.92,1325053,665,买盘
1459,10:43:00,19.92,284947,143,卖盘
1460,10:43:03,19.94,71735,36,买盘
1461,10:43:06,19.92,15936,8,卖盘
1462,10:43:09,19.92,79691,40,卖盘
1463,10:43:12,19.93,135518,68,买盘
1464,10:43:15,19.93,59789,30,买盘
1465,10:43:18,19.94,348985,175,买盘
1466,10:43:21,19.94,65802,33,卖盘
1467,10:43:24,19.96,1328998,666,买盘
1468,10:43:27,19.96,71890,36,卖盘
1469,10:43:30,19.98,157816,79,买盘
1470,10:43:33,19.98,109858,55,买盘
1471,10:43:36,19.97,121840,61,卖盘
1472,10:43:39,19.97,335638,168,卖盘
1473,10:43:42,19.98,419560,210,买盘
1474,10:43:45,19.97,219763,110,卖盘
1475,10:43:48,19.98,431570,216,买盘
1476,10:43:51,19.99,2792575,1397,买盘
1477,10:43:54,20.0,519746,260,买盘
1478,10:43:57,19.99,911999,456,中性盘
1479,10:44:00,19.99,1343993,672,卖盘
1480,10:44:03,20.0,631998,316,买盘
1481,10:44:06,19.99,237987,119,卖盘
1482,10:44:09,19.99,389809,195,卖盘
1483,10:44:12,19.98,691395,346,卖盘
1484,10:44:15,19.98,687345,344,卖盘
1485,10:44:18,19.99,539341,270,买盘
1486,10:44:21,19.99,807746,404,买盘
1487,10:44:24,20.01,3621974,1811,买盘
1488,10:44:27,20.0,152041,76,卖盘
1489,10:44:30,20.01,412138,206,买盘
1490,10:44:33,20.0,270093,135,卖盘
1491,10:44:36,20.0,130008,65,卖盘
1492,10:44:39,20.0,225998,113,买盘
1493,10:44:42,19.99,259930,130,卖盘
1494,10:44:45,20.0,583876,292,买盘
1495,10:44:48,19.98,87942,44,卖盘
1496,10:44:51,19.98,1499915,750,卖盘
1497,10:44:54,19.98,1319686,660,卖盘
1498,10:44:57,19.99,79963,40,中性盘
1499,10:45:00,19.98,71952,36,卖盘
1500,10:45:03,19.98,43968,22,卖盘
1501,10:45:06,19.98,89945,45,卖盘
1502,10:45:09,19.99,125937,63,卖盘
1503,10:45:12,19.99,2285989,1143,卖盘
1504,10:45:15,20.0,111965,56,买盘
1505,10:45:18,19.99,95996,48,卖盘
1506,10:45:21,20.0,192000,96,买盘
1507,10:45:24,20.0,352023,176,卖盘
1508,10:45:27,20.0,272072,136,卖盘
1509,10:45:30,20.0,1908739,954,卖盘
1510,10:45:33,19.99,443952,222,卖盘
1511,10:45:36,19.99,287966,144,卖盘
1512,10:45:39,20.0,56000,28,买盘
1513,10:45:42,20.0,97990,49,买盘
1514,10:45:45,20.0,475998,238,买盘
1515,10:45:48,20.0,77980,39,买盘
1516,10:45:51,20.0,252000,126,买盘
1517,10:45:54,19.99,17996,9,卖盘
1518,10:45:57,20.0,28000,14,买盘
1519,10:46:00,19.99,51996,26,卖盘
1520,10:46:03,20.01,1101976,551,买盘
1521,10:46:06,20.0,292024,146,卖盘
1522,10:46:09,20.0,76002,38,卖盘
1523,10:46:12,20.0,266101,133,卖盘
1524,10:46:15,20.0,92030,46,卖盘
1525,10:46:18,20.0,149983,75,卖盘
1526,10:46:21,20.0,67990,34,买盘
1527,10:46:27,19.99,141999,71,卖盘
1528,10:46:30,20.0,265972,133,买盘
1529,10:46:33,19.99,335882,168,卖盘
1530,10:46:36,20.0,1671677,836,买盘
1531,10:46:39,20.0,797814,399,卖盘
1532,10:46:42,19.99,435848,218,卖盘
1533,10:46:45,19.98,1273117,637,卖盘
1534,10:46:48,19.99,217779,109,买盘
1535,10:46:51,19.97,115846,58,卖盘
1536,10:46:54,19.99,489282,245,买盘
1537,10:46:57,19.97,85871,43,卖盘
1538,10:47:00,19.97,67896,34,买盘
1539,10:47:03,19.97,51922,26,买盘
1540,10:47:06,19.97,7988,4,买盘
1541,10:47:09,19.98,57945,29,买盘
1542,10:47:12,19.98,409593,205,卖盘
1543,10:47:15,19.98,45954,23,卖盘
1544,10:47:18,19.99,439670,220,买盘
1545,10:47:21,19.98,119884,60,中性盘
1546,10:47:24,19.98,39960,20,中性盘
1547,10:47:27,19.98,47952,24,买盘
1548,10:47:30,19.98,235741,118,买盘
1549,10:47:33,19.97,29955,15,卖盘
1550,10:47:36,19.98,31953,16,买盘
1551,10:47:39,19.97,7991,4,卖盘
1552,10:47:42,19.97,225661,113,卖盘
1553,10:47:45,19.98,57933,29,买盘
1554,10:47:48,19.98,45949,23,买盘
1555,10:47:51,19.97,23973,12,卖盘
1556,10:47:54,19.98,29969,15,买盘
1557,10:47:57,19.97,143784,72,卖盘
1558,10:48:00,19.97,341524,171,卖盘
1559,10:48:03,19.97,359463,180,卖盘
1560,10:48:06,19.95,1165649,584,卖盘
1561,10:48:09,19.96,57858,29,中性盘
1562,10:48:12,19.96,139715,70,买盘
1563,10:48:15,19.96,71854,36,买盘
1564,10:48:18,19.95,225452,113,卖盘
1565,10:48:21,19.95,137680,69,卖盘
1566,10:48:24,19.95,191538,96,卖盘
1567,10:48:27,19.93,167517,84,卖盘
1568,10:48:30,19.93,189347,95,卖盘
1569,10:48:33,19.93,69755,35,卖盘
1570,10:48:36,19.93,119593,60,卖盘
1571,10:48:39,19.93,129597,65,卖盘
1572,10:48:42,19.93,37867,19,卖盘
1573,10:48:45,19.93,3986,2,卖盘
1574,10:48:48,19.94,988512,496,买盘
1575,10:48:51,19.93,556310,279,卖盘
1576,10:48:54,19.93,894881,449,卖盘
1577,10:48:57,19.94,69786,35,中性盘
1578,10:49:00,19.94,107694,54,卖盘
1579,10:49:03,19.94,59820,30,卖盘
1580,10:49:06,19.94,115688,58,卖盘
1581,10:49:09,19.94,121634,61,卖盘
1582,10:49:12,19.94,9972,5,卖盘
1583,10:49:15,19.95,1426415,715,买盘
1584,10:49:18,19.94,257262,129,卖盘
1585,10:49:21,19.95,35904,18,卖盘
1586,10:49:24,19.96,117694,59,买盘
1587,10:49:27,19.94,125708,63,卖盘
1588,10:49:30,19.95,5985,3,中性盘
1589,10:49:33,19.96,301412,151,买盘
1590,10:49:36,19.96,15968,8,卖盘
1591,10:49:39,19.97,49915,25,买盘
1592,10:49:42,19.96,1996,1,卖盘
1593,10:49:45,19.96,77878,39,卖盘
1594,10:49:48,19.97,293524,147,买盘
1595,10:49:51,19.97,115787,58,买盘
1596,10:49:54,19.98,287560,144,买盘
1597,10:49:57,19.98,73926,37,买盘
1598,10:50:00,19.97,91897,46,卖盘
1599,10:50:03,19.99,817234,409,买盘
1600,10:50:06,19.99,477820,239,买盘
1601,10:50:09,19.99,271854,136,买盘
1602,10:50:12,20.0,845992,423,买盘
1603,10:50:15,19.99,247962,124,卖盘
1604,10:50:18,20.0,1386309,694,买盘
1605,10:50:21,20.0,1583853,792,买盘
1606,10:50:24,20.0,373808,187,买盘
1607,10:50:27,19.97,55973,28,卖盘
1608,10:50:30,20.0,125938,63,买盘
1609,10:50:33,20.02,6598075,3297,买盘
1610,10:50:36,19.98,702428,351,卖盘
1611,10:50:39,19.99,373956,187,中性盘
1612,10:50:42,20.02,492135,246,买盘
1613,10:50:45,20.01,70065,35,中性盘
1614,10:50:48,20.02,695892,348,买盘
1615,10:50:51,20.02,148135,74,买盘
1616,10:50:54,20.02,114114,57,卖盘
1617,10:50:57,20.0,72035,36,卖盘
1618,10:51:00,19.99,718063,359,卖盘
1619,10:51:03,19.98,317702,159,卖盘
1620,10:51:06,19.98,511676,256,卖盘
1621,10:51:09,19.98,35965,18,卖盘
1622,10:51:12,20.0,249818,125,买盘
1623,10:51:15,19.98,125926,63,卖盘
1624,10:51:18,20.0,291926,146,买盘
1625,10:51:21,19.99,57971,29,中性盘
1626,10:51:24,19.98,57945,29,卖盘
1627,10:51:27,19.99,547653,274,买盘
1628,10:51:30,19.99,67966,34,买盘
1629,10:51:33,19.99,151914,76,买盘
1630,10:51:36,19.99,119960,60,卖盘
1631,10:51:39,19.98,877559,439,卖盘
1632,10:51:42,19.97,123853,62,卖盘
1633,10:51:45,19.97,471385,236,卖盘
1634,10:51:48,19.97,303447,152,卖盘
1635,10:51:51,19.96,191533,96,卖盘
1636,10:51:54,19.93,27902,14,卖盘
1637,10:51:57,19.96,476958,239,买盘
1638,10:52:03,19.96,103732,52,买盘
1639,10:52:06,19.96,7984,4,买盘
1640,10:52:09,19.96,712572,357,买盘
1641,10:52:12,19.96,29940,15,卖盘
1642,10:52:15,19.96,47904,24,卖盘
1643,10:52:18,19.97,19965,10,买盘
1644,10:52:21,19.96,23952,12,卖盘
1645,10:52:24,19.96,107822,54,卖盘
1646,10:52:27,19.96,241618,121,卖盘
1647,10:52:30,19.96,159680,80,卖盘
1648,10:52:33,19.97,287568,144,买盘
1649,10:52:36,19.97,1048425,525,买盘
1650,10:52:42,19.97,459209,230,买盘
1651,10:52:45,19.99,649342,325,买盘
1652,10:52:48,19.97,221869,111,卖盘
1653,10:52:51,19.99,541548,271,买盘
1654,10:52:54,19.99,305852,153,买盘
1655,10:52:57,19.99,55972,28,卖盘
1656,10:53:00,19.99,65993,33,卖盘
1657,10:53:03,19.99,113974,57,卖盘
1658,10:53:06,20.0,121965,61,买盘
1659,10:53:09,20.0,881969,441,买盘
1660,10:53:12,19.99,55998,28,卖盘
1661,10:53:15,20.0,653699,327,买盘
1662,10:53:18,20.01,2634169,1317,买盘
1663,10:53:21,20.02,310283,155,买盘
1664,10:53:24,20.02,464396,232,买盘
1665,10:53:27,20.02,160183,80,买盘
1666,10:53:30,20.02,256378,128,卖盘
1667,10:53:33,20.01,230260,115,卖盘
1668,10:53:36,20.03,458685,229,买盘
1669,10:53:39,20.03,242361,121,买盘
1670,10:53:42,20.02,294418,147,卖盘
1671,10:53:45,20.03,278459,139,买盘
1672,10:53:48,20.04,56112,28,买盘
1673,10:53:51,20.04,232437,116,买盘
1674,10:53:54,20.02,322604,161,卖盘
1675,10:53:57,20.02,134239,67,卖盘
1676,10:54:00,20.03,841486,420,中性盘
1677,10:54:03,20.02,1100032,549,卖盘
1678,10:54:06,20.02,876847,438,卖盘
1679,10:54:09,20.01,230010,115,中性盘
1680,10:54:12,20.0,186002,93,卖盘
1681,10:54:15,20.0,144043,72,卖盘
1682,10:54:18,20.0,934329,467,卖盘
1683,10:54:21,20.0,4043951,2022,卖盘
1684,10:54:24,20.0,549896,275,买盘
1685,10:54:27,20.0,435973,218,买盘
1686,10:54:30,19.99,353972,177,中性盘
1687,10:54:33,20.0,725957,363,买盘
1688,10:54:36,19.99,183948,92,卖盘
1689,10:54:39,19.99,51974,26,买盘
1690,10:54:42,19.99,257817,129,买盘
1691,10:54:45,19.99,217960,109,卖盘
1692,10:54:48,19.99,141982,71,卖盘
1693,10:54:51,19.99,39998,20,卖盘
1694,10:54:54,19.99,369961,185,卖盘
1695,10:54:57,19.99,303848,152,卖盘
1696,10:55:00,19.99,145952,73,卖盘
1697,10:55:03,19.99,125942,63,卖盘
1698,10:55:06,19.99,303892,152,卖盘
1699,10:55:09,19.99,573512,287,卖盘
1700,10:55:12,19.99,533643,267,买盘
1701,10:55:15,19.99,33982,17,买盘
1702,10:55:18,19.98,255744,128,卖盘
1703,10:55:21,19.98,109890,55,买盘
1704,10:55:24,19.99,167862,84,买盘
1705,10:55:27,19.99,3997,2,买盘
1706,10:55:30,19.99,21989,11,买盘
1707,10:55:33,19.99,81959,41,买盘
1708,10:55:36,19.98,227772,114,卖盘
1709,10:55:39,19.99,383807,192,买盘
1710,10:55:45,20.0,131981,66,买盘
1711,10:55:48,19.99,21989,11,卖盘
1712,10:55:51,20.0,55973,28,买盘
1713,10:55:54,19.99,51992,26,卖盘
1714,10:55:57,19.99,471764,236,卖盘
1715,10:56:00,19.99,37982,19,卖盘
1716,10:56:03,20.0,205964,103,买盘
1717,10:56:06,20.0,23998,12,买盘
1718,10:56:09,19.99,527960,264,卖盘
1719,10:56:12,20.0,78000,39,买盘
1720,10:56:15,19.99,75993,38,卖盘
1721,10:56:18,20.01,1868012,934,买盘
1722,10:56:21,20.01,214106,107,买盘
1723,10:56:24,20.01,236063,118,买盘
1724,10:56:27,20.0,162069,81,卖盘
1725,10:56:30,20.02,662145,331,买盘
1726,10:56:33,20.0,2000,1,卖盘
1727,10:56:36,20.0,26009,13,卖盘
1728,10:56:39,20.0,124120,62,卖盘
1729,10:56:42,20.02,130130,65,买盘
1730,10:56:45,20.01,108077,54,卖盘
1731,10:56:48,20.02,78078,39,买盘
1732,10:56:51,20.01,30020,15,卖盘
1733,10:56:54,20.01,258173,129,卖盘
1734,10:56:57,20.01,22012,11,卖盘
1735,10:57:00,20.01,142081,71,卖盘
1736,10:57:03,20.01,94056,47,卖盘
1737,10:57:06,20.0,344119,172,卖盘
1738,10:57:09,20.01,194036,97,买盘
1739,10:57:12,20.0,356002,178,卖盘
1740,10:57:15,20.0,253936,127,买盘
1741,10:57:18,20.0,226000,113,买盘
1742,10:57:21,20.01,96031,48,买盘
1743,10:57:24,20.0,48008,24,卖盘
1744,10:57:27,20.01,8003,4,买盘
1745,10:57:30,20.0,20000,10,卖盘
1746,10:57:33,20.0,52021,26,卖盘
1747,10:57:36,20.0,354000,177,卖盘
1748,10:57:39,19.99,45990,23,卖盘
1749,10:57:45,20.0,16000,8,买盘
1750,10:57:48,20.0,40000,20,买盘
1751,10:57:51,20.0,542000,271,买盘
1752,10:57:54,20.0,84001,42,卖盘
1753,10:57:57,20.01,130035,65,买盘
1754,10:58:00,20.0,76020,38,卖盘
1755,10:58:06,20.01,40010,20,买盘
1756,10:58:09,20.01,32016,16,买盘
1757,10:58:12,20.0,172039,86,卖盘
1758,10:58:15,20.01,86039,43,买盘
1759,10:58:18,20.0,20000,10,卖盘
1760,10:58:21,20.01,342168,171,买盘
1761,10:58:24,20.0,1814001,907,卖盘
1762,10:58:27,19.99,623969,312,卖盘
1763,10:58:30,20.0,97989,49,买盘
1764,10:58:33,20.0,183978,92,买盘
1765,10:58:36,20.0,337965,169,买盘
1766,10:58:39,20.0,791980,396,买盘
1767,10:58:42,20.0,569948,285,买盘
1768,10:58:45,20.0,1469990,735,买盘
1769,10:58:48,20.0,350051,175,卖盘
1770,10:58:51,20.01,148054,74,买盘
1771,10:58:54,20.01,156076,78,买盘
1772,10:58:57,20.01,300149,150,买盘
1773,10:59:00,20.0,50010,25,卖盘
1774,10:59:03,20.01,512170,256,买盘
1775,10:59:06,20.01,1368069,684,买盘
1776,10:59:09,20.02,56039,28,买盘
1777,10:59:12,20.02,330238,165,买盘
1778,10:59:15,20.01,374207,187,卖盘
1779,10:59:18,20.01,158049,79,卖盘
1780,10:59:21,20.02,266208,133,买盘
1781,10:59:24,20.02,60059,30,买盘
1782,10:59:27,20.02,340179,170,买盘
1783,10:59:30,20.02,182118,91,买盘
1784,10:59:33,20.02,236231,118,买盘
1785,10:59:36,20.02,106101,53,买盘
1786,10:59:39,20.02,656656,328,买盘
1787,10:59:42,20.02,144087,72,买盘
1788,10:59:45,20.02,786784,393,买盘
1789,10:59:48,20.05,7361970,3676,买盘
1790,10:59:51,20.05,1651909,824,买盘
1791,10:59:54,20.03,144278,72,卖盘
1792,10:59:57,20.05,126315,63,买盘
1793,11:00:00,20.04,4210453,2100,中性盘
1794,11:00:03,20.05,2041239,1018,买盘
1795,11:00:06,20.06,2507432,1250,买盘
1796,11:00:09,20.06,278949,139,卖盘
1797,11:00:12,20.07,1041535,519,买盘
1798,11:00:15,20.08,774969,386,买盘
1799,11:00:18,20.08,447735,223,买盘
1800,11:00:21,20.08,331317,165,买盘
1801,11:00:24,20.08,1052093,524,买盘
1802,11:00:27,20.08,377424,188,买盘
1803,11:00:30,20.06,914619,456,卖盘
1804,11:00:33,20.06,164433,82,买盘
1805,11:00:36,20.05,1642873,819,卖盘
1806,11:00:39,20.04,487228,243,卖盘
1807,11:00:42,20.04,256550,128,卖盘
1808,11:00:45,20.05,84188,42,买盘
1809,11:00:48,20.05,128316,64,买盘
1810,11:00:51,20.05,340950,170,卖盘
1811,11:00:54,20.05,672218,335,卖盘
1812,11:00:57,20.05,92242,46,卖盘
1813,11:01:00,20.05,383070,191,卖盘
1814,11:01:03,20.05,202588,101,卖盘
1815,11:01:06,20.05,148408,74,卖盘
1816,11:01:09,20.05,1681507,838,卖盘
1817,11:01:12,20.05,70194,35,卖盘
1818,11:01:15,20.05,4120237,2053,卖盘
1819,11:01:18,20.05,260650,130,卖盘
1820,11:01:21,20.05,1689331,843,卖盘
1821,11:01:24,20.05,1009789,504,买盘
1822,11:01:27,20.03,3166890,1579,中性盘
1823,11:01:30,20.05,595491,297,中性盘
1824,11:01:33,20.01,292661,146,卖盘
1825,11:01:36,20.05,102199,51,买盘
1826,11:01:39,20.01,54080,27,卖盘
1827,11:01:42,20.02,48078,24,中性盘
1828,11:01:48,20.03,112149,56,中性盘
1829,11:01:51,20.03,342538,171,卖盘
1830,11:01:54,20.02,410459,205,卖盘
1831,11:01:57,20.02,546462,273,卖盘
1832,11:02:00,20.02,456345,228,卖盘
1833,11:02:03,20.0,770374,385,卖盘
1834,11:02:06,20.0,220005,110,卖盘
1835,11:02:09,20.0,308114,154,卖盘
1836,11:02:12,20.0,104010,52,卖盘
1837,11:02:15,20.0,74000,37,卖盘
1838,11:02:18,20.0,200048,100,卖盘
1839,11:02:21,20.0,172022,86,卖盘
1840,11:02:24,20.0,114000,57,卖盘
1841,11:02:27,20.01,328158,164,买盘
1842,11:02:30,20.01,198104,99,卖盘
1843,11:02:33,20.01,80040,40,卖盘
1844,11:02:36,20.02,564305,282,买盘
1845,11:02:39,20.02,306224,153,买盘
1846,11:02:42,20.02,138138,69,买盘
1847,11:02:45,20.01,218118,109,卖盘
1848,11:02:48,20.02,228144,114,买盘
1849,11:02:51,20.0,68031,34,卖盘
1850,11:02:54,20.01,344137,172,买盘
1851,11:02:57,20.01,1232853,616,卖盘
1852,11:03:00,20.01,324152,162,中性盘
1853,11:03:03,20.01,972702,486,卖盘
1854,11:03:06,19.99,2789391,1395,卖盘
1855,11:03:09,19.99,485945,243,卖盘
1856,11:03:12,19.99,77961,39,卖盘
1857,11:03:15,20.0,765633,383,买盘
1858,11:03:18,19.99,323870,162,卖盘
1859,11:03:21,19.99,103939,52,买盘
1860,11:03:24,19.98,27972,14,卖盘
1861,11:03:27,19.98,55945,28,卖盘
1862,11:03:30,19.98,1243286,622,卖盘
1863,11:03:33,19.98,753607,377,卖盘
1864,11:03:36,19.98,109940,55,卖盘
1865,11:03:39,19.98,59940,30,卖盘
1866,11:03:42,19.98,231922,116,卖盘
1867,11:03:45,19.98,113930,57,卖盘
1868,11:03:48,19.98,159855,80,卖盘
1869,11:03:51,19.98,293727,147,卖盘
1870,11:03:54,19.98,379900,190,卖盘
1871,11:03:57,19.98,25974,13,卖盘
1872,11:04:00,19.98,299730,150,卖盘
1873,11:04:03,19.96,1152550,577,卖盘
1874,11:04:06,19.96,137745,69,卖盘
1875,11:04:09,19.96,301404,151,卖盘
1876,11:04:12,19.96,1301381,652,卖盘
1877,11:04:15,19.95,235470,118,卖盘
1878,11:04:18,19.95,149672,75,卖盘
1879,11:04:21,19.96,111763,56,买盘
1880,11:04:24,19.97,1061890,532,买盘
1881,11:04:27,19.97,87846,44,买盘
1882,11:04:30,19.96,133774,67,卖盘
1883,11:04:33,19.96,491036,246,卖盘
1884,11:04:36,19.96,95823,48,卖盘
1885,11:04:39,19.96,133732,67,卖盘
1886,11:04:42,19.95,53868,27,卖盘
1887,11:04:45,19.95,119700,60,卖盘
1888,11:04:48,19.93,718009,360,卖盘
1889,11:04:51,19.93,121573,61,卖盘
1890,11:04:54,19.95,137626,69,买盘
1891,11:04:57,19.93,3986,2,卖盘
1892,11:05:00,19.94,15951,8,买盘
1893,11:05:03,19.94,21934,11,买盘
1894,11:05:06,19.93,83727,42,卖盘
1895,11:05:09,19.93,139510,70,卖盘
1896,11:05:12,19.93,279020,140,卖盘
1897,11:05:15,19.93,169405,85,买盘
1898,11:05:18,19.94,85701,43,买盘
1899,11:05:21,19.93,169415,85,卖盘
1900,11:05:24,19.93,153461,77,卖盘
1901,11:05:27,19.93,43852,22,卖盘
1902,11:05:30,19.92,1004114,504,卖盘
1903,11:05:33,19.94,243108,122,买盘
1904,11:05:36,19.93,1165966,585,卖盘
1905,11:05:39,19.93,255109,128,卖盘
1906,11:05:42,19.94,195394,98,买盘
1907,11:05:45,19.95,23932,12,买盘
1908,11:05:48,19.95,35908,18,买盘
1909,11:05:51,19.95,347129,174,买盘
1910,11:05:54,19.96,105790,53,买盘
1911,11:05:57,19.97,125826,63,买盘
1912,11:06:00,19.97,33964,17,卖盘
1913,11:06:03,19.96,119809,60,卖盘
1914,11:06:09,19.95,285545,143,卖盘
1915,11:06:12,19.97,189629,95,买盘
1916,11:06:15,19.96,3992,2,卖盘
1917,11:06:18,19.95,213566,107,卖盘
1918,11:06:21,19.96,63860,32,买盘
1919,11:06:24,19.96,31935,16,买盘
1920,11:06:27,19.95,19950,10,卖盘
1921,11:06:33,19.96,127744,64,买盘
1922,11:06:36,19.96,3992,2,买盘
1923,11:06:39,19.96,35919,18,买盘
1924,11:06:42,19.96,37924,19,买盘
1925,11:06:45,19.95,99763,50,卖盘
1926,11:06:48,19.96,363100,182,买盘
1927,11:06:51,19.96,187623,94,买盘
1928,11:06:54,19.96,141713,71,买盘
1929,11:06:57,19.97,141776,71,买盘
1930,11:07:00,19.97,65896,33,买盘
1931,11:07:03,19.97,303533,152,买盘
1932,11:07:06,19.97,55909,28,买盘
1933,11:07:09,19.97,101825,51,买盘
1934,11:07:12,19.96,73854,37,卖盘
1935,11:07:15,19.97,95850,48,买盘
1936,11:07:18,19.97,425264,213,买盘
1937,11:07:21,19.97,187718,94,买盘
1938,11:07:24,19.97,700814,351,卖盘
1939,11:07:27,19.96,115802,58,买盘
1940,11:07:30,19.96,45909,23,卖盘
1941,11:07:33,19.96,21956,11,卖盘
1942,11:07:36,19.96,455108,228,卖盘
1943,11:07:39,19.96,113772,57,卖盘
1944,11:07:42,19.96,113772,57,卖盘
1945,11:07:45,19.96,125754,63,卖盘
1946,11:07:48,19.96,802386,402,卖盘
1947,11:07:51,19.95,167597,84,卖盘
1948,11:07:54,19.95,27930,14,卖盘
1949,11:07:57,19.95,125698,63,卖盘
1950,11:08:00,19.95,67832,34,卖盘
1951,11:08:03,19.95,79820,40,卖盘
1952,11:08:06,19.95,528590,265,卖盘
1953,11:08:09,19.95,259305,130,卖盘
1954,11:08:12,19.94,139618,70,卖盘
1955,11:08:15,19.94,111664,56,卖盘
1956,11:08:18,19.95,137592,69,买盘
1957,11:08:21,19.94,7976,4,卖盘
1958,11:08:24,19.95,77782,39,买盘
1959,11:08:27,19.95,259262,130,买盘
1960,11:08:30,19.94,7976,4,中性盘
1961,11:08:33,19.93,55816,28,卖盘
1962,11:08:36,19.94,79730,40,买盘
1963,11:08:39,19.94,19937,10,买盘
1964,11:08:42,19.94,125587,63,买盘
1965,11:08:45,19.93,85725,43,卖盘
1966,11:08:48,19.93,1265555,635,卖盘
1967,11:08:51,19.92,91633,46,卖盘
1968,11:08:54,19.93,27897,14,买盘
1969,11:08:57,19.93,7972,4,买盘
1970,11:09:00,19.92,129507,65,卖盘
1971,11:09:03,19.93,422367,212,买盘
1972,11:09:06,19.93,161387,81,买盘
1973,11:09:09,19.93,508194,255,买盘
1974,11:09:12,19.94,73749,37,买盘
1975,11:09:15,19.93,129555,65,卖盘
1976,11:09:18,19.93,1052804,528,卖盘
1977,11:09:21,19.93,133600,67,卖盘
1978,11:09:27,19.93,265224,133,卖盘
1979,11:09:30,19.94,11963,6,买盘
1980,11:09:33,19.95,29925,15,买盘
1981,11:09:36,19.95,35909,18,买盘
1982,11:09:39,19.95,71813,36,买盘
1983,11:09:42,19.94,490714,246,卖盘
1984,11:09:45,19.95,205407,103,买盘
1985,11:09:48,19.95,199430,100,买盘
1986,11:09:51,19.95,77805,39,买盘
1987,11:09:54,19.94,289180,145,卖盘
1988,11:09:57,19.95,101736,51,买盘
1989,11:10:00,19.95,25927,13,买盘
1990,11:10:03,19.96,153634,77,买盘
1991,11:10:06,19.95,19950,10,中性盘
1992,11:10:15,19.95,1995,1,卖盘
1993,11:10:18,19.96,247418,124,买盘
1994,11:10:21,19.95,59876,30,卖盘
1995,11:10:24,19.95,17960,9,卖盘
1996,11:10:27,19.95,21946,11,卖盘
1997,11:10:30,19.95,159620,80,卖盘
1998,11:10:33,19.96,75825,38,买盘
1999,11:10:36,19.96,568817,285,买盘
2000,11:10:39,19.96,41916,21,卖盘
2001,11:10:42,19.96,147704,74,卖盘
2002,11:10:45,19.96,323352,162,卖盘
2003,11:10:48,19.96,61876,31,卖盘
2004,11:10:51,19.96,31936,16,买盘
2005,11:10:54,19.96,67833,34,买盘
2006,11:10:57,19.96,117708,59,买盘
2007,11:11:00,19.95,65854,33,卖盘
2008,11:11:03,19.95,141681,71,卖盘
2009,11:11:06,19.95,21945,11,卖盘
2010,11:11:09,19.95,131670,66,卖盘
2011,11:11:12,19.96,11972,6,买盘
2012,11:11:15,19.96,81826,41,买盘
2013,11:11:18,19.96,33932,17,买盘
2014,11:11:21,19.96,129740,65,买盘
2015,11:11:24,19.97,35946,18,买盘
2016,11:11:30,19.96,87839,44,卖盘
2017,11:11:33,19.97,49921,25,买盘
2018,11:11:36,19.97,139786,70,买盘
2019,11:11:39,19.97,9985,5,卖盘
2020,11:11:42,19.97,461307,231,卖盘
2021,11:11:45,19.97,31952,16,买盘
2022,11:11:48,19.97,113779,57,买盘
2023,11:11:51,19.96,47909,24,卖盘
2024,11:11:54,19.97,209681,105,买盘
2025,11:11:57,19.96,59881,30,卖盘
2026,11:12:00,19.97,107836,54,买盘
2027,11:12:03,19.97,115776,58,买盘
2028,11:12:06,19.96,75850,38,卖盘
2029,11:12:09,19.96,313524,157,卖盘
2030,11:12:12,19.96,67892,34,卖盘
2031,11:12:15,19.96,101855,51,卖盘
2032,11:12:18,19.97,41937,21,买盘
2033,11:12:21,19.97,55916,28,卖盘
2034,11:12:24,19.98,19980,10,买盘
2035,11:12:27,19.97,115829,58,卖盘
2036,11:12:30,19.97,91862,46,卖盘
2037,11:12:33,19.98,1998,1,买盘
2038,11:12:36,19.97,427358,214,卖盘
2039,11:12:39,19.97,159769,80,卖盘
2040,11:12:42,19.98,9990,5,买盘
2041,11:12:45,19.97,73889,37,买盘
2042,11:12:48,19.97,59910,30,买盘
2043,11:12:51,19.96,7984,4,卖盘
2044,11:12:54,19.97,67893,34,买盘
2045,11:12:57,19.96,570872,286,卖盘
2046,11:13:00,19.96,71856,36,买盘
2047,11:13:03,19.97,21961,11,买盘
2048,11:13:09,19.96,11978,6,卖盘
2049,11:13:12,19.96,185638,93,卖盘
2050,11:13:15,19.96,43905,22,买盘
2051,11:13:18,19.96,5988,3,买盘
2052,11:13:21,19.95,39900,20,卖盘
2053,11:13:24,19.96,5988,3,买盘
2054,11:13:27,19.96,217559,109,买盘
2055,11:13:30,19.95,67853,34,卖盘
2056,11:13:33,19.95,7980,4,卖盘
2057,11:13:36,19.95,33915,17,卖盘
2058,11:13:42,19.96,121756,61,买盘
2059,11:13:45,19.96,19960,10,买盘
2060,11:13:48,19.96,417114,209,买盘
2061,11:13:51,19.96,1996,1,卖盘
2062,11:13:54,19.96,121759,61,卖盘
2063,11:13:57,19.96,271462,136,卖盘
2064,11:14:00,19.96,53892,27,卖盘
2065,11:14:03,19.97,75853,38,买盘
2066,11:14:06,19.97,15972,8,买盘
2067,11:14:09,19.97,1997,1,买盘
2068,11:14:12,19.97,511228,256,买盘
2069,11:14:15,19.95,151711,76,卖盘
2070,11:14:18,19.96,27944,14,买盘
2071,11:14:21,19.96,91816,46,买盘
2072,11:14:24,19.96,89820,45,买盘
2073,11:14:27,19.96,3992,2,卖盘
2074,11:14:30,19.97,75872,38,买盘
2075,11:14:33,19.96,79840,40,卖盘
2076,11:14:36,19.97,131794,66,买盘
2077,11:14:39,19.97,41942,21,卖盘
2078,11:14:42,19.97,81872,41,买盘
2079,11:14:45,19.97,155766,78,买盘
2080,11:14:48,19.98,79885,40,买盘
2081,11:14:51,19.98,31957,16,买盘
2082,11:14:54,19.97,17978,9,卖盘
2083,11:14:57,19.98,47950,24,买盘
2084,11:15:00,19.97,477482,239,卖盘
2085,11:15:03,19.98,235764,118,买盘
2086,11:15:06,19.98,37962,19,卖盘
2087,11:15:09,19.98,579411,290,卖盘
2088,11:15:12,19.98,19971,10,买盘
2089,11:15:15,19.97,17973,9,卖盘
2090,11:15:18,19.97,291568,146,卖盘
2091,11:15:24,19.97,9983,5,买盘
2092,11:15:27,19.97,27952,14,买盘
2093,11:15:30,19.97,47924,24,买盘
2094,11:15:33,19.97,954563,478,买盘
2095,11:15:36,19.97,21967,11,卖盘
2096,11:15:39,19.98,459370,230,买盘
2097,11:15:42,19.97,59930,30,卖盘
2098,11:15:45,19.98,161781,81,买盘
2099,11:15:48,19.98,145859,73,买盘
2100,11:15:51,19.99,79923,40,买盘
2101,11:15:54,19.99,13993,7,买盘
2102,11:15:57,19.99,49975,25,买盘
2103,11:16:00,19.98,79919,40,卖盘
2104,11:16:03,19.97,73918,37,卖盘
2105,11:16:06,19.98,43956,22,买盘
2106,11:16:09,19.98,213786,107,买盘
2107,11:16:12,19.97,117873,59,卖盘
2108,11:16:15,19.97,67922,34,卖盘
2109,11:16:18,19.98,81902,41,买盘
2110,11:16:24,19.98,57933,29,买盘
2111,11:16:27,19.98,93900,47,买盘
2112,11:16:30,19.98,61909,31,买盘
2113,11:16:33,19.98,107892,54,买盘
2114,11:16:36,19.97,77920,39,卖盘
2115,11:16:42,19.97,71894,36,卖盘
2116,11:16:48,19.97,101847,51,卖盘
2117,11:16:51,19.97,189732,95,卖盘
2118,11:16:54,19.97,43927,22,买盘
2119,11:16:57,19.96,31944,16,卖盘
2120,11:17:03,19.96,9980,5,卖盘
2121,11:17:06,19.97,15976,8,买盘
2122,11:17:09,19.97,467302,234,买盘
2123,11:17:12,19.98,93865,47,买盘
2124,11:17:15,19.98,27968,14,买盘
2125,11:17:18,19.97,33954,17,买盘
2126,11:17:24,19.96,612811,307,卖盘
2127,11:17:27,19.97,81909,41,中性盘
2128,11:17:30,19.97,15978,8,卖盘
2129,11:17:33,19.98,153834,77,买盘
2130,11:17:36,19.97,29955,15,卖盘
2131,11:17:39,19.97,39945,20,卖盘
2132,11:17:42,19.97,91903,46,卖盘
2133,11:17:45,19.98,45954,23,买盘
2134,11:17:48,19.98,165834,83,买盘
2135,11:17:51,19.97,121850,61,卖盘
2136,11:17:54,19.97,103844,52,卖盘
2137,11:17:57,19.98,65916,33,买盘
2138,11:18:00,19.97,43930,22,买盘
2139,11:18:03,19.97,421436,211,买盘
2140,11:18:06,19.97,43925,22,买盘
2141,11:18:09,19.96,25955,13,卖盘
2142,11:18:12,19.97,21967,11,买盘
2143,11:18:15,19.97,71892,36,买盘
2144,11:18:21,19.97,59915,30,买盘
2145,11:18:24,19.97,201616,101,买盘
2146,11:18:27,19.97,81897,41,卖盘
2147,11:18:30,19.97,85898,43,卖盘
2148,11:18:33,19.98,51941,26,买盘
2149,11:18:36,19.96,39941,20,卖盘
2150,11:18:39,19.97,79880,40,买盘
2151,11:18:42,19.97,171788,86,买盘
2152,11:18:45,19.99,479535,240,买盘
2153,11:18:48,19.98,11990,6,卖盘
2154,11:18:51,19.98,43956,22,卖盘
2155,11:18:54,19.98,85939,43,卖盘
2156,11:18:57,19.99,103947,52,买盘
2157,11:19:03,19.99,531695,266,买盘
2158,11:19:06,19.98,29970,15,卖盘
2159,11:19:09,19.99,329687,165,买盘
2160,11:19:12,19.99,279751,140,买盘
2161,11:19:15,19.98,39965,20,卖盘
2162,11:19:18,19.99,359820,180,买盘
2163,11:19:21,19.99,9995,5,买盘
2164,11:19:24,19.99,49975,25,买盘
2165,11:19:27,19.98,161891,81,卖盘
2166,11:19:30,19.99,45969,23,买盘
2167,11:19:33,19.98,81920,41,卖盘
2168,11:19:36,19.99,31973,16,买盘
2169,11:19:39,19.98,149850,75,卖盘
2170,11:19:42,19.98,271728,136,卖盘
2171,11:19:45,19.98,1214753,608,卖盘
2172,11:19:48,19.98,21966,11,买盘
2173,11:19:51,19.96,19960,10,卖盘
2174,11:19:54,19.97,137793,69,买盘
2175,11:19:57,19.95,245508,123,卖盘
2176,11:20:00,19.95,85819,43,卖盘
2177,11:20:03,19.95,161595,81,卖盘
2178,11:20:06,19.95,295260,148,卖盘
2179,11:20:09,19.95,137655,69,卖盘
2180,11:20:12,19.95,91798,46,卖盘
2181,11:20:15,19.95,33917,17,卖盘
2182,11:20:18,19.95,217467,109,卖盘
2183,11:20:21,19.96,91793,46,买盘
2184,11:20:24,19.95,11970,6,卖盘
2185,11:20:27,19.96,9980,5,买盘
2186,11:20:30,19.95,3990,2,卖盘
2187,11:20:33,19.96,45908,23,买盘
2188,11:20:36,19.96,19956,10,买盘
2189,11:20:39,19.95,31920,16,卖盘
2190,11:20:42,19.96,516935,259,买盘
2191,11:20:45,19.96,2145968,1076,买盘
2192,11:20:48,19.95,11970,6,中性盘
2193,11:20:51,19.93,17937,9,卖盘
2194,11:20:54,19.93,159440,80,卖盘
2195,11:20:57,19.94,663952,333,买盘
2196,11:21:00,19.93,77754,39,卖盘
2197,11:21:03,19.94,53831,27,买盘
2198,11:21:06,19.93,581956,292,卖盘
2199,11:21:09,19.94,109646,55,买盘
2200,11:21:12,19.94,275172,138,买盘
2201,11:21:15,19.93,55804,28,卖盘
2202,11:21:18,19.94,67780,34,买盘
2203,11:21:21,19.94,63777,32,买盘
2204,11:21:24,19.94,61810,31,买盘
2205,11:21:27,19.93,69778,35,卖盘
2206,11:21:33,19.94,15952,8,买盘
2207,11:21:36,19.94,29904,15,买盘
2208,11:21:39,19.94,47834,24,买盘
2209,11:21:42,19.94,21928,11,买盘
2210,11:21:45,19.94,19940,10,买盘
2211,11:21:48,19.94,179489,90,买盘
2212,11:21:51,19.94,3988,2,卖盘
2213,11:21:54,19.95,43890,22,买盘
2214,11:21:57,19.95,165564,83,买盘
2215,11:22:00,19.94,907032,455,卖盘
2216,11:22:03,19.94,59820,30,卖盘
2217,11:22:06,19.94,43868,22,买盘
2218,11:22:09,19.94,47856,24,买盘
2219,11:22:12,19.94,117648,59,卖盘
2220,11:22:15,19.94,13958,7,卖盘
2221,11:22:18,19.94,29917,15,卖盘
2222,11:22:21,19.95,249350,125,买盘
2223,11:22:24,19.95,57855,29,买盘
2224,11:22:27,19.95,51855,26,买盘
2225,11:22:30,19.95,53863,27,买盘
2226,11:22:33,19.94,191507,96,卖盘
2227,11:22:39,19.94,25922,13,卖盘
2228,11:22:42,19.95,79798,40,买盘
2229,11:22:45,19.95,67815,34,买盘
2230,11:22:51,19.95,199500,100,买盘
2231,11:22:54,19.95,21938,11,买盘
2232,11:22:57,19.94,19940,10,卖盘
2233,11:23:00,19.94,7976,4,卖盘
2234,11:23:03,19.94,53843,27,卖盘
2235,11:23:06,19.95,355107,178,买盘
2236,11:23:09,19.95,402793,202,买盘
2237,11:23:12,19.94,101707,51,卖盘
2238,11:23:15,19.95,221438,111,买盘
2239,11:23:18,19.95,1995,1,买盘
2240,11:23:21,19.95,17953,9,买盘
2241,11:23:24,19.95,11966,6,买盘
2242,11:23:27,19.94,7976,4,卖盘
2243,11:23:30,19.95,55859,28,买盘
2244,11:23:33,19.95,163590,82,买盘
2245,11:23:36,19.94,424726,213,卖盘
2246,11:23:39,19.95,51854,26,买盘
2247,11:23:42,19.94,49850,25,卖盘
2248,11:23:45,19.94,41874,21,买盘
2249,11:23:48,19.93,9965,5,卖盘
2250,11:23:51,19.93,35879,18,卖盘
2251,11:23:54,19.93,1993,1,卖盘
2252,11:23:57,19.93,61800,31,卖盘
2253,11:24:03,19.93,414544,208,卖盘
2254,11:24:06,19.93,67735,34,买盘
2255,11:24:09,19.93,47810,24,买盘
2256,11:24:12,19.93,3986,2,买盘
2257,11:24:15,19.93,115584,58,买盘
2258,11:24:18,19.92,65764,33,卖盘
2259,11:24:21,19.92,201192,101,卖盘
2260,11:24:24,19.93,719473,361,买盘
2261,11:24:27,19.93,49847,25,卖盘
2262,11:24:33,19.93,25909,13,卖盘
2263,11:24:36,19.94,33898,17,买盘
2264,11:24:39,19.94,37885,19,买盘
2265,11:24:42,19.93,55824,28,卖盘
2266,11:24:45,19.94,119595,60,买盘
2267,11:24:48,19.93,7972,4,卖盘
2268,11:24:51,19.93,460383,231,卖盘
2269,11:24:57,19.92,19920,10,卖盘
2270,11:25:00,19.92,33874,17,卖盘
2271,11:25:03,19.93,9965,5,买盘
2272,11:25:06,19.93,103634,52,买盘
2273,11:25:09,19.92,57786,29,卖盘
2274,11:25:12,19.93,141496,71,买盘
2275,11:25:15,19.93,11958,6,卖盘
2276,11:25:18,19.93,25909,13,卖盘
2277,11:25:21,19.93,49825,25,卖盘
2278,11:25:24,19.93,123566,62,买盘
2279,11:25:27,19.93,61783,31,买盘
2280,11:25:30,19.93,3986,2,买盘
2281,11:25:33,19.92,17928,9,卖盘
2282,11:25:36,19.92,428348,215,卖盘
2283,11:25:39,19.92,103618,52,卖盘
2284,11:25:42,19.92,314736,158,卖盘
2285,11:25:45,19.92,23904,12,买盘
2286,11:25:48,19.92,1992,1,买盘
2287,11:25:51,19.91,39821,20,卖盘
2288,11:25:54,19.91,657031,330,卖盘
2289,11:25:57,19.91,987536,496,卖盘
2290,11:26:00,19.91,133396,67,卖盘
2291,11:26:03,19.9,602972,303,卖盘
2292,11:26:06,19.9,59700,30,卖盘
2293,11:26:09,19.9,670640,337,卖盘
2294,11:26:12,19.9,348250,175,卖盘
2295,11:26:15,19.9,37810,19,卖盘
2296,11:26:18,19.9,25870,13,卖盘
2297,11:26:21,19.9,248767,125,卖盘
2298,11:26:24,19.91,113487,57,买盘
2299,11:26:27,19.9,360196,181,卖盘
2300,11:26:30,19.9,153235,77,卖盘
2301,11:26:33,19.9,9950,5,卖盘
2302,11:26:36,19.9,708778,356,卖盘
2303,11:26:39,19.9,5970,3,卖盘
2304,11:26:42,19.9,9950,5,卖盘
2305,11:26:45,19.9,55728,28,卖盘
2306,11:26:48,19.9,7960,4,卖盘
2307,11:26:51,19.91,9955,5,买盘
2308,11:26:54,19.9,3980,2,卖盘
2309,11:26:57,19.91,686895,345,买盘
2310,11:27:00,19.92,41832,21,买盘
2311,11:27:03,19.91,688919,346,卖盘
2312,11:27:06,19.92,59756,30,买盘
2313,11:27:12,19.91,201092,101,卖盘
2314,11:27:15,19.91,31856,16,买盘
2315,11:27:18,19.9,250865,126,卖盘
2316,11:27:21,19.91,272899,137,卖盘
2317,11:27:24,19.92,51787,26,买盘
2318,11:27:27,19.91,29865,15,卖盘
2319,11:27:30,19.91,55764,28,卖盘
2320,11:27:33,19.92,157308,79,买盘
2321,11:27:36,19.92,25895,13,买盘
2322,11:27:39,19.92,43824,22,买盘
2323,11:27:42,19.92,11951,6,买盘
2324,11:27:45,19.91,39820,20,卖盘
2325,11:27:48,19.91,21908,11,卖盘
2326,11:27:51,19.92,19920,10,买盘
2327,11:27:54,19.92,49795,25,买盘
2328,11:27:57,19.92,31861,16,买盘
2329,11:28:00,19.92,1087103,546,买盘
2330,11:28:03,19.92,1767694,888,买盘
2331,11:28:06,19.91,37829,19,中性盘
2332,11:28:09,19.91,238933,120,买盘
2333,11:28:12,19.9,398000,200,卖盘
2334,11:28:15,19.91,11943,6,买盘
2335,11:28:18,19.91,23892,12,买盘
2336,11:28:21,19.91,203081,102,买盘
2337,11:28:24,19.91,1099022,552,买盘
2338,11:28:27,19.91,35838,18,买盘
2339,11:28:30,19.92,5976,3,买盘
2340,11:28:33,19.91,3982,2,卖盘
2341,11:28:39,19.91,39820,20,卖盘
2342,11:28:42,19.91,13937,7,卖盘
2343,11:28:45,19.91,599291,301,卖盘
2344,11:28:48,19.91,3982,2,卖盘
2345,11:28:51,19.91,1991,1,卖盘
2346,11:28:54,19.92,155318,78,买盘
2347,11:28:57,19.91,15928,8,卖盘
2348,11:29:00,19.92,49799,25,买盘
2349,11:29:03,19.91,7964,4,卖盘
2350,11:29:06,19.91,15929,8,卖盘
2351,11:29:09,19.92,51789,26,买盘
2352,11:29:15,19.92,53776,27,买盘
2353,11:29:18,19.91,5974,3,卖盘
2354,11:29:21,19.91,39820,20,卖盘
2355,11:29:24,19.92,5974,3,买盘
2356,11:29:27,19.91,155354,78,卖盘
2357,11:29:30,19.91,57747,29,卖盘
2358,11:29:33,19.91,113487,57,卖盘
2359,11:29:36,19.91,61740,31,卖盘
2360,11:29:39,19.91,15928,8,卖盘
2361,11:29:42,19.91,63714,32,卖盘
2362,11:29:45,19.92,23904,12,买盘
2363,11:29:48,19.92,31862,16,买盘
2364,11:29:51,19.92,59751,30,买盘
2365,11:29:54,19.92,45796,23,买盘
2366,11:29:57,19.91,376352,189,卖盘
2367,13:00:00,19.92,828698,416,买盘
2368,13:00:03,19.92,5271048,2645,卖盘
2369,13:00:06,19.91,1561852,784,卖盘
2370,13:00:09,19.91,157370,79,卖盘
2371,13:00:12,19.91,6039294,3034,卖盘
2372,13:00:15,19.89,288400,145,卖盘
2373,13:00:18,19.88,170993,86,卖盘
2374,13:00:21,19.88,451711,227,卖盘
2375,13:00:24,19.87,3470539,1746,卖盘
2376,13:00:27,19.88,911980,459,买盘
2377,13:00:30,19.88,544691,274,买盘
2378,13:00:33,19.88,194688,98,买盘
2379,13:00:36,19.87,1131270,569,卖盘
2380,13:00:39,19.87,544607,274,卖盘
2381,13:00:42,19.89,15912,8,买盘
2382,13:00:45,19.88,321928,162,中性盘
2383,13:00:48,19.89,89440,45,买盘
2384,13:00:51,19.89,11934,6,买盘
2385,13:00:54,19.9,232776,117,买盘
2386,13:00:57,19.91,207029,104,买盘
2387,13:01:03,19.92,111552,56,买盘
2388,13:01:06,19.95,269250,135,买盘
2389,13:01:09,19.96,191548,96,买盘
2390,13:01:12,19.97,363228,182,买盘
2391,13:01:15,19.97,1391843,697,买盘
2392,13:01:18,19.97,561117,281,买盘
2393,13:01:21,19.96,113719,57,中性盘
2394,13:01:24,19.95,19955,10,中性盘
2395,13:01:27,19.96,343323,172,买盘
2396,13:01:30,19.96,129737,65,卖盘
2397,13:01:33,19.95,261445,131,卖盘
2398,13:01:36,19.94,39884,20,卖盘
2399,13:01:39,19.96,111770,56,买盘
2400,13:01:42,19.96,712673,357,卖盘
2401,13:01:45,19.97,776731,389,买盘
2402,13:01:48,19.99,461227,231,买盘
2403,13:01:51,19.97,141904,71,卖盘
2404,13:01:54,19.98,105895,53,买盘
2405,13:01:57,19.99,255855,128,买盘
2406,13:02:00,20.0,415844,208,买盘
2407,13:02:03,20.0,89959,45,买盘
2408,13:02:06,19.98,425723,213,卖盘
2409,13:02:09,20.0,913928,457,买盘
2410,13:02:12,20.0,2221997,1111,买盘
2411,13:02:15,19.99,817954,409,卖盘
2412,13:02:18,19.99,317875,159,卖盘
2413,13:02:21,20.0,467992,234,买盘
2414,13:02:24,19.99,365996,183,卖盘
2415,13:02:27,20.0,272064,136,中性盘
2416,13:02:30,19.99,15996,8,卖盘
2417,13:02:33,20.0,137999,69,买盘
2418,13:02:36,19.99,265995,133,卖盘
2419,13:02:39,20.0,2037719,1019,买盘
2420,13:02:42,20.0,274000,137,买盘
2421,13:02:45,20.01,190090,95,买盘
2422,13:02:48,20.0,70018,35,卖盘
2423,13:02:51,20.02,252131,126,买盘
2424,13:02:54,20.01,438224,219,卖盘
2425,13:02:57,20.01,298213,149,卖盘
2426,13:03:00,20.02,128096,64,买盘
2427,13:03:03,20.0,474190,237,卖盘
2428,13:03:06,20.0,138002,69,卖盘
2429,13:03:09,20.0,136025,68,卖盘
2430,13:03:12,19.99,2255989,1128,卖盘
2431,13:03:15,20.0,679988,340,买盘
2432,13:03:18,19.99,113934,57,买盘
2433,13:03:21,19.98,109893,55,卖盘
2434,13:03:24,19.99,25987,13,买盘
2435,13:03:27,19.99,9995,5,卖盘
2436,13:03:30,19.99,35982,18,卖盘
2437,13:03:33,20.0,43995,22,买盘
2438,13:03:36,20.0,332000,166,买盘
2439,13:03:39,20.0,245985,123,卖盘
2440,13:03:42,19.99,561978,281,卖盘
2441,13:03:45,20.0,318000,159,买盘
2442,13:03:48,20.0,737810,369,买盘
2443,13:03:51,19.99,249910,125,卖盘
2444,13:03:54,20.01,1098521,549,买盘
2445,13:03:57,20.0,364202,182,卖盘
2446,13:04:00,20.02,224160,112,买盘
2447,13:04:03,20.02,1043199,521,买盘
2448,13:04:06,20.01,823135,411,卖盘
2449,13:04:09,20.03,26026,13,中性盘
2450,13:04:12,20.04,200366,100,买盘
2451,13:04:15,20.02,22033,11,卖盘
2452,13:04:18,20.02,452834,226,卖盘
2453,13:04:21,20.04,296570,148,买盘
2454,13:04:24,20.05,266592,133,买盘
2455,13:04:27,20.03,126254,63,卖盘
2456,13:04:30,20.04,148269,74,买盘
2457,13:04:33,20.04,146310,73,买盘
2458,13:04:36,20.05,272679,136,买盘
2459,13:04:39,20.05,3119310,1556,买盘
2460,13:04:42,20.05,527219,263,买盘
2461,13:04:45,20.04,691443,345,卖盘
2462,13:04:48,20.05,603504,301,买盘
2463,13:04:51,20.04,946143,472,卖盘
2464,13:04:54,20.05,292636,146,买盘
2465,13:04:57,20.05,138345,69,买盘
2466,13:05:00,20.05,134335,67,买盘
2467,13:05:03,20.04,705690,352,卖盘
2468,13:05:06,20.05,741685,370,买盘
2469,13:05:09,20.04,2470045,1232,卖盘
2470,13:05:12,20.05,2217367,1106,买盘
2471,13:05:15,20.06,74202,37,买盘
2472,13:05:18,20.06,708088,353,买盘
2473,13:05:21,20.08,2504733,1248,买盘
2474,13:05:24,20.08,14249365,7095,买盘
2475,13:05:27,20.09,291249,145,买盘
2476,13:05:30,20.09,220969,110,买盘
2477,13:05:33,20.1,938374,467,买盘
2478,13:05:36,20.1,468162,233,买盘
2479,13:05:39,20.08,1960727,976,卖盘
2480,13:05:42,20.08,194725,97,买盘
2481,13:05:45,20.08,737168,367,卖盘
2482,13:05:48,20.09,469893,234,买盘
2483,13:05:51,20.07,1417257,706,卖盘
2484,13:05:54,20.07,401515,200,买盘
2485,13:05:57,20.07,62195,31,卖盘
2486,13:06:00,20.07,319109,159,买盘
2487,13:06:03,20.06,138458,69,中性盘
2488,13:06:06,20.07,136467,68,买盘
2489,13:06:09,20.07,339313,169,卖盘
2490,13:06:12,20.08,204800,102,买盘
2491,13:06:15,20.09,441903,220,买盘
2492,13:06:18,20.08,24096,12,卖盘
2493,13:06:21,20.09,261169,130,买盘
2494,13:06:24,20.09,709159,353,买盘
2495,13:06:27,20.09,369649,184,买盘
2496,13:06:30,20.09,671006,334,买盘
2497,13:06:33,20.09,335506,167,卖盘
2498,13:06:36,20.1,508362,253,买盘
2499,13:06:39,20.1,1419037,706,买盘
2500,13:06:42,20.09,414059,206,卖盘
2501,13:06:45,20.09,1225621,610,卖盘
2502,13:06:48,20.1,1171431,583,买盘
2503,13:06:51,20.09,293325,146,中性盘
2504,13:06:54,20.1,281278,140,买盘
2505,13:06:57,20.1,118544,59,买盘
2506,13:07:00,20.09,156689,78,卖盘
2507,13:07:03,20.08,520156,259,卖盘
2508,13:07:06,20.09,962211,479,买盘
2509,13:07:09,20.09,1396229,695,买盘
2510,13:07:12,20.09,44201,22,卖盘
2511,13:07:15,20.08,679034,338,卖盘
2512,13:07:18,20.08,640843,319,卖盘
2513,13:07:21,20.08,102450,51,卖盘
2514,13:07:24,20.09,427915,213,买盘
2515,13:07:27,20.08,226979,113,卖盘
2516,13:07:30,20.09,1926663,959,买盘
2517,13:07:33,20.09,251186,125,卖盘
2518,13:07:36,20.1,11332554,5638,买盘
2519,13:07:39,20.1,524768,261,卖盘
2520,13:07:42,20.1,1013620,504,卖盘
2521,13:07:45,20.11,428473,213,中性盘
2522,13:07:48,20.11,94542,47,卖盘
2523,13:07:51,20.12,370193,184,买盘
2524,13:07:54,20.12,430554,214,买盘
2525,13:07:57,20.12,163712,81,买盘
2526,13:08:00,20.13,289867,144,买盘
2527,13:08:03,20.13,1294228,643,买盘
2528,13:08:06,20.13,1032548,513,买盘
2529,13:08:09,20.12,624030,310,卖盘
2530,13:08:12,20.13,517333,257,买盘
2531,13:08:15,20.13,269787,134,卖盘
2532,13:08:18,20.13,1093594,543,卖盘
2533,13:08:21,20.13,787384,391,卖盘
2534,13:08:24,20.12,2840953,1412,卖盘
2535,13:08:27,20.12,476888,237,买盘
2536,13:08:30,20.11,72409,36,卖盘
2537,13:08:33,20.11,225333,112,卖盘
2538,13:08:36,20.12,436570,217,买盘
2539,13:08:39,20.12,350998,174,卖盘
2540,13:08:42,20.13,319991,159,买盘
2541,13:08:45,20.11,567319,282,卖盘
2542,13:08:48,20.11,551100,274,卖盘
2543,13:08:51,20.11,693967,345,卖盘
2544,13:08:54,20.11,559137,278,卖盘
2545,13:08:57,20.11,142826,71,卖盘
2546,13:09:00,20.11,317759,158,卖盘
2547,13:09:03,20.12,104603,52,买盘
2548,13:09:06,20.12,1581427,786,买盘
2549,13:09:09,20.12,987898,491,卖盘
2550,13:09:12,20.12,98593,49,卖盘
2551,13:09:15,20.12,674076,335,卖盘
2552,13:09:18,20.11,979862,487,卖盘
2553,13:09:21,20.11,38217,19,卖盘
2554,13:09:24,20.1,1022762,509,卖盘
2555,13:09:27,20.1,820318,408,卖盘
2556,13:09:30,20.09,76360,38,卖盘
2557,13:09:33,20.09,30140,15,卖盘
2558,13:09:36,20.09,138625,69,卖盘
2559,13:09:39,20.09,210974,105,卖盘
2560,13:09:42,20.1,281368,140,买盘
2561,13:09:45,20.1,608855,303,卖盘
2562,13:09:48,20.1,146730,73,卖盘
2563,13:09:51,20.1,66329,33,买盘
2564,13:09:54,20.1,558682,278,买盘
2565,13:09:57,20.1,482400,240,卖盘
2566,13:10:00,20.1,625117,311,卖盘
2567,13:10:03,20.1,203082,101,卖盘
2568,13:10:06,20.1,649230,323,卖盘
2569,13:10:09,20.1,209075,104,卖盘
2570,13:10:12,20.09,162809,81,卖盘
2571,13:10:15,20.09,70345,35,卖盘
2572,13:10:18,20.09,203002,101,卖盘
2573,13:10:21,20.09,227070,113,卖盘
2574,13:10:24,20.09,8036,4,卖盘
2575,13:10:27,20.09,1133467,564,卖盘
2576,13:10:30,20.09,339521,169,卖盘
2577,13:10:33,20.1,856067,426,买盘
2578,13:10:36,20.09,624799,311,卖盘
2579,13:10:39,20.09,660925,329,卖盘
2580,13:10:42,20.08,917636,457,卖盘
2581,13:10:45,20.06,192671,96,卖盘
2582,13:10:48,20.06,28084,14,卖盘
2583,13:10:51,20.06,770875,384,卖盘
2584,13:10:54,20.07,276879,138,买盘
2585,13:10:57,20.06,389279,194,卖盘
2586,13:11:00,20.07,678351,338,买盘
2587,13:11:03,20.07,447514,223,卖盘
2588,13:11:06,20.08,66244,33,买盘
2589,13:11:09,20.08,188747,94,买盘
2590,13:11:12,20.08,281094,140,卖盘
2591,13:11:15,20.08,337292,168,卖盘
2592,13:11:18,20.07,321274,160,卖盘
2593,13:11:21,20.08,387374,193,买盘
2594,13:11:24,20.06,1105382,551,卖盘
2595,13:11:27,20.06,176527,88,买盘
2596,13:11:30,20.06,242673,121,买盘
2597,13:11:33,20.05,152433,76,卖盘
2598,13:11:36,20.05,166475,83,卖盘
2599,13:11:39,20.05,533420,266,卖盘
2600,13:11:42,20.06,276795,138,买盘
2601,13:11:45,20.05,164422,82,卖盘
2602,13:11:48,20.06,176466,88,买盘
2603,13:11:51,20.05,2005,1,卖盘
2604,13:11:54,20.05,374941,187,卖盘
2605,13:11:57,20.05,12029,6,买盘
2606,13:12:00,20.05,60149,30,买盘
2607,13:12:03,20.04,184434,92,卖盘
2608,13:12:06,20.04,258555,129,卖盘
2609,13:12:09,20.05,114235,57,买盘
2610,13:12:12,20.04,220487,110,卖盘
2611,13:12:15,20.04,78160,39,卖盘
2612,13:12:18,20.05,20041,10,买盘
2613,13:12:21,20.07,5912949,2949,买盘
2614,13:12:24,20.08,1262807,629,买盘
2615,13:12:27,20.08,477830,238,买盘
2616,13:12:30,20.09,532247,265,买盘
2617,13:12:33,20.09,568271,283,卖盘
2618,13:12:36,20.1,90447,45,买盘
2619,13:12:39,20.08,867920,432,卖盘
2620,13:12:42,20.09,54242,27,买盘
2621,13:12:45,20.08,200865,100,卖盘
2622,13:12:48,20.09,429981,214,买盘
2623,13:12:51,20.09,100465,50,卖盘
2624,13:12:54,20.1,160799,80,买盘
2625,13:12:57,20.1,112553,56,买盘
2626,13:13:00,20.1,1712410,852,买盘
2627,13:13:03,20.1,801967,399,卖盘
2628,13:13:06,20.09,928431,462,卖盘
2629,13:13:09,20.1,1068761,532,买盘
2630,13:13:12,20.09,215051,107,卖盘
2631,13:13:15,20.1,42195,21,买盘
2632,13:13:18,20.08,453906,226,卖盘
2633,13:13:21,20.07,16057,8,卖盘
2634,13:13:24,20.07,447958,223,卖盘
2635,13:13:27,20.08,20080,10,买盘
2636,13:13:30,20.08,46184,23,买盘
2637,13:13:33,20.09,222939,111,买盘
2638,13:13:36,20.1,90406,45,买盘
2639,13:13:39,20.09,30135,15,卖盘
2640,13:13:42,20.09,229027,114,卖盘
2641,13:13:45,20.1,112505,56,买盘
2642,13:13:48,20.09,48237,24,卖盘
2643,13:13:51,20.09,598739,298,卖盘
2644,13:13:54,20.1,261282,130,买盘
2645,13:13:57,20.09,460129,229,卖盘
2646,13:14:00,20.11,440236,219,买盘
2647,13:14:03,20.1,610994,304,卖盘
2648,13:14:06,20.09,1056888,526,卖盘
2649,13:14:09,20.11,233173,116,买盘
2650,13:14:12,20.11,1369489,681,买盘
2651,13:14:15,20.11,126656,63,卖盘
2652,13:14:18,20.1,950829,473,卖盘
2653,13:14:21,20.1,120650,60,卖盘
2654,13:14:24,20.11,400152,199,买盘
2655,13:14:27,20.1,500494,249,卖盘
2656,13:14:30,20.1,82414,41,卖盘
2657,13:14:33,20.1,954757,475,卖盘
2658,13:14:36,20.11,285473,142,买盘
2659,13:14:39,20.09,90463,45,卖盘
2660,13:14:42,20.1,572837,285,买盘
2661,13:14:45,20.09,62309,31,卖盘
2662,13:14:48,20.1,164818,82,买盘
2663,13:14:51,20.1,14069,7,买盘
2664,13:14:54,20.1,602732,300,买盘
2665,13:14:57,20.09,90422,45,卖盘
2666,13:15:00,20.09,4019,2,卖盘
2667,13:15:03,20.09,1177380,586,卖盘
2668,13:15:06,20.1,512459,255,买盘
2669,13:15:09,20.09,1682369,837,卖盘
2670,13:15:12,20.08,1498941,746,卖盘
2671,13:15:15,20.07,2102086,1047,卖盘
2672,13:15:18,20.05,993262,495,卖盘
2673,13:15:21,20.05,1774426,885,卖盘
2674,13:15:24,20.04,168338,84,卖盘
2675,13:15:27,20.04,28060,14,卖盘
2676,13:15:30,20.03,857400,428,卖盘
2677,13:15:33,20.03,452615,226,买盘
2678,13:15:36,20.04,86171,43,买盘
2679,13:15:39,20.04,518863,259,买盘
2680,13:15:42,20.05,380611,190,买盘
2681,13:15:45,20.04,250500,125,卖盘
2682,13:15:48,20.04,60126,30,卖盘
2683,13:15:51,20.04,36078,18,卖盘
2684,13:15:54,20.04,64128,32,卖盘
2685,13:15:57,20.04,280629,140,卖盘
2686,13:16:00,20.04,384770,192,卖盘
2687,13:16:03,20.04,186371,93,买盘
2688,13:16:06,20.03,128247,64,卖盘
2689,13:16:09,20.03,1444218,721,卖盘
2690,13:16:12,20.03,198253,99,买盘
2691,13:16:15,20.03,867283,433,买盘
2692,13:16:18,20.03,374418,187,买盘
2693,13:16:21,20.02,144204,72,卖盘
2694,13:16:24,20.02,14015,7,卖盘
2695,13:16:27,20.04,6141852,3066,买盘
2696,13:16:30,20.05,330797,165,买盘
2697,13:16:33,20.02,1223858,611,卖盘
2698,13:16:36,20.05,84205,42,买盘
2699,13:16:39,20.04,16033,8,中性盘
2700,13:16:42,20.05,216511,108,买盘
2701,13:16:45,20.04,481049,240,卖盘
2702,13:16:48,20.05,883906,441,买盘
2703,13:16:51,20.04,32064,16,卖盘
2704,13:16:54,20.04,571409,285,卖盘
2705,13:16:57,20.04,2069088,1032,卖盘
2706,13:17:00,20.05,120306,60,中性盘
2707,13:17:03,20.05,170499,85,卖盘
2708,13:17:06,20.05,346987,173,卖盘
2709,13:17:09,20.05,2208603,1102,卖盘
2710,13:17:12,20.04,86189,43,卖盘
2711,13:17:15,20.03,1305024,651,卖盘
2712,13:17:18,20.04,2322586,1159,买盘
2713,13:17:21,20.02,845248,422,卖盘
2714,13:17:24,20.02,6007,3,卖盘
2715,13:17:27,20.03,422621,211,买盘
2716,13:17:30,20.03,26039,13,卖盘
2717,13:17:33,20.03,1081579,540,卖盘
2718,13:17:36,20.01,1201031,600,卖盘
2719,13:17:39,20.01,332297,166,卖盘
2720,13:17:42,20.03,1141334,570,买盘
2721,13:17:45,20.03,771123,385,卖盘
2722,13:17:48,20.02,96111,48,中性盘
2723,13:17:51,20.03,30034,15,买盘
2724,13:17:54,20.03,96133,48,买盘
2725,13:17:57,20.03,312388,156,买盘
2726,13:18:00,20.03,320479,160,买盘
2727,13:18:03,20.03,110206,55,卖盘
2728,13:18:06,20.04,88175,44,买盘
2729,13:18:09,20.04,853287,426,买盘
2730,13:18:12,20.04,112225,56,卖盘
2731,13:18:15,20.04,116256,58,卖盘
2732,13:18:18,20.04,22054,11,卖盘
2733,13:18:21,20.04,38077,19,卖盘
2734,13:18:24,20.06,1935479,965,买盘
2735,13:18:27,20.08,503650,251,买盘
2736,13:18:30,20.07,30106,15,买盘
2737,13:18:33,20.08,146580,73,买盘
2738,13:18:36,20.08,369511,184,中性盘
2739,13:18:39,20.09,198787,99,买盘
2740,13:18:42,20.08,94371,47,买盘
2741,13:18:45,20.07,377492,188,卖盘
2742,13:18:48,20.09,1018250,507,买盘
2743,13:18:51,20.07,120466,60,卖盘
2744,13:18:54,20.08,955179,476,买盘
2745,13:18:57,20.08,3702116,1843,买盘
2746,13:19:00,20.07,56209,28,卖盘
2747,13:19:03,20.07,132429,66,买盘
2748,13:19:06,20.07,38117,19,买盘
2749,13:19:09,20.06,62193,31,卖盘
2750,13:19:12,20.06,224732,112,卖盘
2751,13:19:15,20.07,443436,221,买盘
2752,13:19:18,20.07,98343,49,买盘
2753,13:19:21,20.07,26092,13,卖盘
2754,13:19:24,20.08,321254,160,买盘
2755,13:19:27,20.08,1278743,637,买盘
2756,13:19:30,20.07,750886,374,卖盘
2757,13:19:33,20.08,419657,209,买盘
2758,13:19:36,20.07,339291,169,卖盘
2759,13:19:39,20.09,231084,115,买盘
2760,13:19:42,20.09,313455,156,卖盘
2761,13:19:45,20.1,144705,72,买盘
2762,13:19:48,20.1,202937,101,买盘
2763,13:19:51,20.1,36176,18,买盘
2764,13:19:54,20.09,112505,56,卖盘
2765,13:19:57,20.08,616861,307,卖盘
2766,13:20:00,20.08,130573,65,卖盘
2767,13:20:03,20.09,46196,23,买盘
2768,13:20:06,20.08,229025,114,卖盘
2769,13:20:09,20.06,1068040,532,卖盘
2770,13:20:12,20.06,651973,325,卖盘
2771,13:20:15,20.04,960104,479,卖盘
2772,13:20:18,20.04,106210,53,买盘
2773,13:20:21,20.04,234456,117,买盘
2774,13:20:24,20.04,1578487,788,中性盘
2775,13:20:27,20.04,38066,19,买盘
2776,13:20:30,20.04,46087,23,买盘
2777,13:20:33,20.04,236460,118,买盘
2778,13:20:36,20.03,300436,150,卖盘
2779,13:20:39,20.04,132207,66,买盘
2780,13:20:42,20.03,166331,83,中性盘
2781,13:20:45,20.03,720809,360,买盘
2782,13:20:48,20.02,866706,433,卖盘
2783,13:20:51,20.01,2001,1,中性盘
2784,13:20:54,20.03,148138,74,买盘
2785,13:20:57,20.02,442134,221,买盘
2786,13:21:00,20.0,752128,376,卖盘
2787,13:21:03,20.0,292139,146,卖盘
2788,13:21:06,19.98,1975634,988,卖盘
2789,13:21:09,19.99,166054,83,中性盘
2790,13:21:12,20.01,276138,138,中性盘
2791,13:21:15,19.98,19982,10,卖盘
2792,13:21:18,20.0,83990,42,买盘
2793,13:21:21,20.0,87994,44,买盘
2794,13:21:24,20.0,116016,58,卖盘
2795,13:21:27,20.0,10000,5,卖盘
2796,13:21:30,20.0,66000,33,卖盘
2797,13:21:33,20.0,246048,123,卖盘
2798,13:21:36,20.0,120006,60,卖盘
2799,13:21:39,20.0,226088,113,卖盘
2800,13:21:42,20.0,322141,161,卖盘
2801,13:21:45,20.0,40000,20,卖盘
2802,13:21:48,20.01,534145,267,买盘
2803,13:21:51,20.01,342110,171,卖盘
2804,13:21:54,20.02,332170,166,买盘
2805,13:21:57,20.01,126045,63,买盘
2806,13:22:00,19.99,3998,2,卖盘
2807,13:22:03,19.99,100002,50,卖盘
2808,13:22:06,19.99,5997,3,卖盘
2809,13:22:09,19.99,49988,25,卖盘
2810,13:22:12,19.99,409913,205,卖盘
2811,13:22:15,19.98,1320899,661,卖盘
2812,13:22:18,19.98,715284,358,卖盘
2813,13:22:21,19.98,615534,308,中性盘
2814,13:22:24,19.98,189829,95,买盘
2815,13:22:27,19.98,1176592,589,卖盘
2816,13:22:30,19.98,511268,256,卖盘
2817,13:22:33,19.99,985219,493,买盘
2818,13:22:36,19.99,423501,212,卖盘
2819,13:22:39,19.99,235763,118,买盘
2820,13:22:42,19.99,177912,89,卖盘
2821,13:22:45,19.99,219838,110,买盘
2822,13:22:48,19.99,121949,61,卖盘
2823,13:22:51,20.0,341832,171,买盘
2824,13:22:54,19.99,647713,324,中性盘
2825,13:22:57,19.99,227617,114,买盘
2826,13:23:00,19.99,65911,33,买盘
2827,13:23:03,19.99,83946,42,买盘
2828,13:23:06,19.98,143893,72,卖盘
2829,13:23:09,19.98,185814,93,卖盘
2830,13:23:12,19.99,379780,190,买盘
2831,13:23:15,19.98,369643,185,卖盘
2832,13:23:18,19.97,237643,119,卖盘
2833,13:23:21,19.97,145791,73,卖盘
2834,13:23:24,19.97,91869,46,卖盘
2835,13:23:27,19.96,904634,453,卖盘
2836,13:23:30,19.96,513084,257,卖盘
2837,13:23:33,19.97,187682,94,中性盘
2838,13:23:36,19.96,143759,72,卖盘
2839,13:23:39,19.96,115811,58,卖盘
2840,13:23:42,19.96,175699,88,卖盘
2841,13:23:45,19.97,343449,172,买盘
2842,13:23:48,19.97,1227339,615,买盘
2843,13:23:51,19.96,602664,302,卖盘
2844,13:23:54,19.96,217507,109,买盘
2845,13:23:57,19.97,289469,145,买盘
2846,13:24:00,19.96,147635,74,中性盘
2847,13:24:03,19.96,149757,75,卖盘
2848,13:24:06,19.96,101811,51,卖盘
2849,13:24:09,19.96,33932,17,卖盘
2850,13:24:12,19.97,47917,24,买盘
2851,13:24:15,19.96,169707,85,卖盘
2852,13:24:18,19.97,113793,57,买盘
2853,13:24:21,19.97,339541,170,买盘
2854,13:24:24,19.97,107838,54,卖盘
2855,13:24:27,19.97,159778,80,卖盘
2856,13:24:30,19.98,325641,163,买盘
2857,13:24:33,19.97,211682,106,卖盘
2858,13:24:36,19.97,331616,166,卖盘
2859,13:24:39,19.98,221709,111,买盘
2860,13:24:42,19.97,479430,240,卖盘
2861,13:24:45,19.97,393530,197,卖盘
2862,13:24:48,19.98,765203,383,中性盘
2863,13:24:51,19.99,719317,360,买盘
2864,13:24:54,19.98,431456,216,买盘
2865,13:24:57,19.98,321601,161,卖盘
2866,13:25:00,19.99,209741,105,买盘
2867,13:25:03,19.98,335618,168,买盘
2868,13:25:06,19.98,147793,74,卖盘
2869,13:25:09,19.98,107869,54,买盘
2870,13:25:12,19.98,277626,139,买盘
2871,13:25:15,19.98,241658,121,买盘
2872,13:25:18,19.97,125839,63,卖盘
2873,13:25:21,19.98,111863,56,买盘
2874,13:25:24,19.97,109843,55,卖盘
2875,13:25:27,19.98,225756,113,买盘
2876,13:25:30,19.98,271669,136,卖盘
2877,13:25:33,19.98,259705,130,卖盘
2878,13:25:36,19.98,125835,63,买盘
2879,13:25:39,19.97,161763,81,卖盘
2880,13:25:42,19.97,121839,61,卖盘
2881,13:25:45,19.97,143791,72,卖盘
2882,13:25:48,19.98,67906,34,买盘
2883,13:25:51,19.97,21967,11,卖盘
2884,13:25:54,19.97,221680,111,卖盘
2885,13:25:57,19.97,153778,77,卖盘
2886,13:26:00,19.97,185721,93,卖盘
2887,13:26:03,19.97,405517,203,卖盘
2888,13:26:06,19.97,151772,76,卖盘
2889,13:26:09,19.98,241701,121,买盘
2890,13:26:12,19.97,271642,136,卖盘
2891,13:26:15,19.97,844732,423,卖盘
2892,13:26:18,19.96,602792,302,卖盘
2893,13:26:21,19.96,409217,205,卖盘
2894,13:26:24,19.96,642718,322,卖盘
2895,13:26:27,19.96,93812,47,买盘
2896,13:26:30,19.96,1996,1,卖盘
2897,13:26:33,19.96,399200,200,卖盘
2898,13:26:36,19.96,127803,64,卖盘
2899,13:26:39,19.96,271461,136,卖盘
2900,13:26:42,19.97,105841,53,买盘
2901,13:26:45,19.97,77881,39,买盘
2902,13:26:48,19.97,45931,23,买盘
2903,13:26:51,19.97,1109818,556,买盘
2904,13:26:54,19.97,17965,9,买盘
2905,13:26:57,19.96,23962,12,卖盘
2906,13:27:00,19.96,87833,44,卖盘
2907,13:27:03,19.96,381315,191,卖盘
2908,13:27:06,19.96,87844,44,卖盘
2909,13:27:09,19.96,119760,60,卖盘
2910,13:27:12,19.97,307538,154,买盘
2911,13:27:15,19.97,229616,115,买盘
2912,13:27:18,19.97,337413,169,买盘
2913,13:27:21,19.97,191676,96,买盘
2914,13:27:24,19.97,587065,294,买盘
2915,13:27:27,19.97,207625,104,买盘
2916,13:27:30,19.97,347466,174,买盘
2917,13:27:33,19.96,325379,163,卖盘
2918,13:27:36,19.97,485091,243,买盘
2919,13:27:39,19.97,718833,360,买盘
2920,13:27:42,19.98,611233,306,买盘
2921,13:27:45,19.98,777445,389,卖盘
2922,13:27:48,19.98,341557,171,卖盘
2923,13:27:51,19.97,185767,93,卖盘
2924,13:27:54,19.98,1294674,648,卖盘
2925,13:27:57,19.98,249639,125,买盘
2926,13:28:00,19.97,1132104,567,卖盘
2927,13:28:03,19.97,615043,308,买盘
2928,13:28:06,19.97,309431,155,买盘
2929,13:28:09,19.97,87841,44,买盘
2930,13:28:12,19.96,187700,94,卖盘
2931,13:28:15,19.97,159709,80,买盘
2932,13:28:18,19.97,183665,92,买盘
2933,13:28:21,19.97,69868,35,买盘
2934,13:28:24,19.96,61890,31,卖盘
2935,13:28:27,19.97,117766,59,买盘
2936,13:28:30,19.96,79848,40,卖盘
2937,13:28:36,19.97,81877,41,买盘
2938,13:28:39,19.96,45910,23,卖盘
2939,13:28:42,19.97,115820,58,买盘
2940,13:28:45,19.97,183683,92,买盘
2941,13:28:48,19.97,209634,105,买盘
2942,13:28:51,19.96,113772,57,卖盘
2943,13:28:54,19.97,193637,97,买盘
2944,13:28:57,19.97,297507,149,买盘
2945,13:29:00,19.96,321361,161,卖盘
2946,13:29:03,19.95,2102237,1053,卖盘
2947,13:29:06,19.97,954878,478,买盘
2948,13:29:09,19.95,642484,322,卖盘
2949,13:29:12,19.94,2323678,1165,卖盘
2950,13:29:15,19.93,671680,337,卖盘
2951,13:29:18,19.92,1088020,546,卖盘
2952,13:29:21,19.92,1480996,743,卖盘
2953,13:29:24,19.93,559756,281,买盘
2954,13:29:27,19.92,767360,385,卖盘
2955,13:29:30,19.93,384396,193,买盘
2956,13:29:33,19.93,247082,124,买盘
2957,13:29:36,19.92,159355,80,卖盘
2958,13:29:39,19.92,762862,383,买盘
2959,13:29:42,19.92,322663,162,买盘
2960,13:29:45,19.93,71713,36,买盘
2961,13:29:48,19.91,886081,445,卖盘
2962,13:29:51,19.91,408336,205,卖盘
2963,13:29:54,19.91,139380,70,卖盘
2964,13:29:57,19.9,579270,291,卖盘
2965,13:30:00,19.9,1729361,869,卖盘
2966,13:30:03,19.9,1030986,518,卖盘
2967,13:30:06,19.89,397903,200,卖盘
2968,13:30:09,19.91,925626,465,买盘
2969,13:30:12,19.9,1644180,826,卖盘
2970,13:30:15,19.9,768123,386,卖盘
2971,13:30:18,19.9,1129843,568,卖盘
2972,13:30:21,19.9,680113,342,卖盘
2973,13:30:24,19.9,364170,183,卖盘
2974,13:30:27,19.91,595122,299,买盘
2975,13:30:30,19.91,226875,114,卖盘
2976,13:30:33,19.9,288538,145,卖盘
2977,13:30:36,19.9,230758,116,买盘
2978,13:30:39,19.9,491546,247,买盘
2979,13:30:42,19.91,473743,238,买盘
2980,13:30:45,19.91,220986,111,卖盘
2981,13:30:48,19.91,682781,343,卖盘
2982,13:30:51,19.91,399995,201,买盘
2983,13:30:54,19.92,533677,268,买盘
2984,13:30:57,19.91,292597,147,卖盘
2985,13:31:00,19.9,121392,61,卖盘
2986,13:31:03,19.92,416135,209,买盘
2987,13:31:06,19.91,483812,243,卖盘
2988,13:31:09,19.92,380359,191,买盘
2989,13:31:12,19.9,121429,61,卖盘
2990,13:31:15,19.91,250830,126,买盘
2991,13:31:18,19.91,169245,85,卖盘
2992,13:31:21,19.92,456060,229,买盘
2993,13:31:24,19.9,280730,141,卖盘
2994,13:31:27,19.91,181208,91,卖盘
2995,13:31:30,19.91,77649,39,卖盘
2996,13:31:33,19.92,55741,28,买盘
2997,13:31:36,19.92,284770,143,买盘
2998,13:31:39,19.91,151316,76,卖盘
2999,13:31:42,19.92,185226,93,买盘
3000,13:31:45,19.93,107573,54,买盘
3001,13:31:48,19.92,2558033,1285,卖盘
3002,13:31:51,19.91,91587,46,中性盘
3003,13:31:54,19.92,75670,38,买盘
3004,13:31:57,19.93,302768,152,买盘
3005,13:32:00,19.92,248923,125,买盘
3006,13:32:03,19.91,105541,53,卖盘
3007,13:32:06,19.91,201098,101,卖盘
3008,13:32:09,19.91,700843,352,卖盘
3009,13:32:12,19.91,1246398,626,卖盘
3010,13:32:15,19.91,1383524,695,买盘
3011,13:32:18,19.9,751028,377,卖盘
3012,13:32:21,19.91,722425,363,买盘
3013,13:32:24,19.9,354295,178,卖盘
3014,13:32:27,19.91,270663,136,买盘
3015,13:32:30,19.9,901646,453,卖盘
3016,13:32:33,19.91,511518,257,买盘
3017,13:32:36,19.91,316494,159,卖盘
3018,13:32:39,19.92,262792,132,买盘
3019,13:32:42,19.91,189147,95,卖盘
3020,13:32:45,19.92,207078,104,买盘
3021,13:32:48,19.91,87606,44,卖盘
3022,13:32:51,19.92,368347,185,买盘
