,成交时间,成交价格,成交金额,成交量,性质
0,09:25:00,21.69,661545,305,卖盘
1,09:30:00,21.69,316779,146,卖盘
2,09:30:03,21.56,1986662,919,卖盘
3,09:30:06,21.58,1103394,510,中性盘
4,09:30:09,21.64,354877,164,买盘
5,09:30:12,21.66,212208,98,买盘
6,09:30:15,21.67,400851,185,买盘
7,09:30:18,21.69,839457,387,买盘
8,09:30:21,21.75,697930,322,买盘
9,09:30:24,21.66,69336,32,卖盘
10,09:30:30,21.67,323136,149,中性盘
11,09:30:33,21.66,164616,76,买盘
12,09:30:36,21.65,262239,121,卖盘
13,09:30:39,21.7,262169,121,买盘
14,09:30:42,21.68,190918,88,卖盘
15,09:30:48,21.71,58561,27,买盘
16,09:30:51,21.67,184210,85,卖盘
17,09:30:54,21.67,158124,73,买盘
18,09:30:57,21.74,195240,90,买盘
19,09:31:03,21.68,36854,17,中性盘
20,09:31:06,21.73,73764,34,买盘
21,09:31:09,21.74,62973,29,买盘
22,09:31:15,21.73,36953,17,中性盘
23,09:31:18,21.7,19541,9,卖盘
24,09:31:21,21.72,23885,11,买盘
25,09:31:24,21.69,86813,40,卖盘
26,09:31:27,21.69,62892,29,卖盘
27,09:31:30,21.66,535243,247,卖盘
28,09:31:33,21.68,71518,33,买盘
29,09:31:36,21.68,279762,129,买盘
30,09:31:39,21.73,30382,14,买盘
31,09:31:42,21.74,167368,77,买盘
32,09:31:45,21.75,593774,273,买盘
33,09:31:48,21.8,747242,343,买盘
34,09:31:51,21.78,13070,6,卖盘
35,09:31:54,21.83,87175,40,买盘
36,09:31:57,21.78,182961,84,卖盘
37,09:32:00,21.83,54540,25,买盘
38,09:32:03,21.83,63297,29,买盘
39,09:32:06,21.83,61132,28,买盘
40,09:32:09,21.84,93870,43,买盘
41,09:32:12,21.84,251152,115,买盘
42,09:32:15,21.83,45860,21,卖盘
43,09:32:18,21.84,187758,86,买盘
44,09:32:21,21.84,203062,93,买盘
45,09:32:24,21.83,207402,95,卖盘
46,09:32:27,21.84,126627,58,中性盘
47,09:32:30,21.85,474129,217,买盘
48,09:32:33,21.85,266464,122,中性盘
49,09:32:36,21.84,351610,161,中性盘
50,09:32:39,21.84,362575,166,买盘
51,09:32:42,21.83,43653,20,中性盘
52,09:32:45,21.79,233438,107,卖盘
53,09:32:48,21.84,593919,272,买盘
54,09:32:51,21.79,104714,48,卖盘
55,09:32:54,21.83,56758,26,买盘
56,09:32:57,21.82,21820,10,卖盘
57,09:33:03,21.8,71961,33,卖盘
58,09:33:06,21.81,189747,87,买盘
59,09:33:09,21.82,43640,20,买盘
60,09:33:12,21.81,209443,96,卖盘
61,09:33:15,21.81,8725,4,买盘
62,09:33:18,21.82,48000,22,买盘
63,09:33:21,21.82,6546,3,买盘
64,09:33:24,21.82,50184,23,买盘
65,09:33:27,21.81,45801,21,卖盘
66,09:33:30,21.82,301046,138,买盘
67,09:33:33,21.82,48002,22,买盘
68,09:33:36,21.82,34899,16,买盘
69,09:33:39,21.81,248677,114,卖盘
70,09:33:42,21.82,87277,40,买盘
71,09:33:45,21.83,322937,148,买盘
72,09:33:51,21.82,21820,10,卖盘
73,09:33:54,21.82,72037,33,卖盘
74,09:33:57,21.82,152740,70,卖盘
75,09:34:00,21.81,397168,182,卖盘
76,09:34:03,21.83,412542,189,买盘
77,09:34:06,21.84,436636,200,买盘
78,09:34:09,21.82,120020,55,中性盘
79,09:34:12,21.84,165845,76,买盘
80,09:34:15,21.82,589336,270,卖盘
81,09:34:18,21.83,128806,59,中性盘
82,09:34:21,21.84,150696,69,买盘
83,09:34:24,21.83,137579,63,卖盘
84,09:34:27,21.82,279347,128,卖盘
85,09:34:30,21.81,45821,21,卖盘
86,09:34:33,21.82,78549,36,买盘
87,09:34:36,21.82,139611,64,买盘
88,09:34:39,21.82,52364,24,买盘
89,09:34:42,21.82,499871,229,买盘
90,09:34:45,21.83,168066,77,买盘
91,09:34:48,21.82,76372,35,卖盘
92,09:34:51,21.81,205055,94,卖盘
93,09:34:54,21.83,111292,51,买盘
94,09:34:57,21.82,4364,2,卖盘
95,09:35:00,21.83,371110,170,买盘
96,09:35:03,21.84,251084,115,买盘
97,09:35:06,21.86,2368716,1084,买盘
98,09:35:09,21.85,946466,433,卖盘
99,09:35:12,21.86,711076,325,卖盘
100,09:35:15,21.86,13116,6,卖盘
101,09:35:18,21.87,24057,11,卖盘
102,09:35:21,21.87,34977,16,买盘
103,09:35:24,21.87,124681,57,买盘
104,09:35:27,21.87,13122,6,卖盘
105,09:35:30,21.87,216542,99,卖盘
106,09:35:33,21.86,142082,65,卖盘
107,09:35:36,21.87,13118,6,买盘
108,09:35:39,21.86,91827,42,卖盘
109,09:35:42,21.87,142112,65,买盘
110,09:35:45,21.87,122465,56,买盘
111,09:35:48,21.86,26226,12,中性盘
112,09:35:51,21.84,150856,69,卖盘
113,09:35:54,21.84,122304,56,卖盘
114,09:35:57,21.85,76450,35,买盘
115,09:36:00,21.82,1124332,515,卖盘
116,09:36:03,21.84,148488,68,买盘
117,09:36:06,21.85,32775,15,买盘
118,09:36:09,21.85,115782,53,买盘
119,09:36:12,21.85,52439,24,买盘
120,09:36:15,21.85,214100,98,买盘
121,09:36:18,21.85,17480,8,卖盘
122,09:36:21,21.85,19668,9,卖盘
123,09:36:24,21.85,54626,25,卖盘
124,09:36:27,21.84,17472,8,卖盘
125,09:36:30,21.84,69914,32,买盘
126,09:36:33,21.84,45867,21,买盘
127,09:36:36,21.84,307824,141,买盘
128,09:36:39,21.85,380121,174,买盘
129,09:36:42,21.85,10925,5,卖盘
130,09:36:45,21.85,852178,390,卖盘
131,09:36:48,21.85,185725,85,买盘
132,09:36:51,21.84,222868,102,卖盘
133,09:36:57,21.85,63364,29,买盘
134,09:37:00,21.85,4370,2,买盘
135,09:37:03,21.85,163871,75,买盘
136,09:37:06,21.84,15292,7,卖盘
137,09:37:09,21.85,21850,10,买盘
138,09:37:12,21.85,37145,17,买盘
139,09:37:15,21.85,395426,181,买盘
140,09:37:18,21.86,128947,59,买盘
141,09:37:21,21.85,305865,140,卖盘
142,09:37:24,21.85,238175,109,买盘
143,09:37:27,21.85,146395,67,买盘
144,09:37:30,21.86,100536,46,买盘
145,09:37:33,21.85,8740,4,卖盘
146,09:37:36,21.86,979282,448,买盘
147,09:37:39,21.85,135492,62,买盘
148,09:37:42,21.85,41515,19,买盘
149,09:37:45,21.87,1204996,551,买盘
150,09:37:48,21.86,13121,6,卖盘
151,09:37:51,21.86,216596,99,卖盘
152,09:37:54,21.87,24057,11,中性盘
153,09:37:57,21.88,69995,32,买盘
154,09:38:03,21.88,61255,28,买盘
155,09:38:06,21.88,417908,191,买盘
156,09:38:09,21.88,262560,120,买盘
157,09:38:12,21.88,601681,275,买盘
158,09:38:15,21.88,13128,6,卖盘
159,09:38:18,21.87,299642,137,卖盘
160,09:38:21,21.87,34991,16,买盘
161,09:38:24,21.88,413355,189,买盘
162,09:38:27,21.89,80988,37,买盘
163,09:38:30,21.89,56911,26,买盘
164,09:38:33,21.88,76584,35,卖盘
165,09:38:36,21.89,35018,16,买盘
166,09:38:39,21.88,133468,61,卖盘
167,09:38:42,21.87,290871,133,卖盘
168,09:38:45,21.87,26242,12,买盘
169,09:38:48,21.85,677523,310,卖盘
170,09:38:51,21.87,148580,68,买盘
171,09:38:54,21.86,146508,67,中性盘
172,09:38:57,21.85,54625,25,卖盘
173,09:39:00,21.86,80853,37,买盘
174,09:39:03,21.84,310164,142,卖盘
175,09:39:06,21.84,72100,33,中性盘
176,09:39:09,21.82,150579,69,卖盘
177,09:39:12,21.82,104711,48,买盘
178,09:39:15,21.82,6546,3,买盘
179,09:39:18,21.81,218100,100,卖盘
180,09:39:21,21.81,150520,69,卖盘
181,09:39:24,21.82,167994,77,买盘
182,09:39:27,21.82,98190,45,买盘
183,09:39:30,21.82,226828,104,买盘
184,09:39:33,21.82,724422,332,买盘
185,09:39:36,21.82,21820,10,卖盘
186,09:39:39,21.86,268726,123,买盘
187,09:39:45,21.86,10930,5,买盘
188,09:39:48,21.82,30548,14,卖盘
189,09:39:51,21.86,17488,8,买盘
190,09:39:54,21.83,4366,2,卖盘
191,09:39:57,21.85,48070,22,买盘
192,09:40:00,21.84,2184,1,中性盘
193,09:40:03,21.84,124438,57,买盘
194,09:40:06,21.84,19661,9,卖盘
195,09:40:09,21.85,21846,10,买盘
196,09:40:12,21.85,292779,134,买盘
197,09:40:15,21.85,87398,40,买盘
198,09:40:18,21.85,21850,10,买盘
199,09:40:21,21.82,111333,51,卖盘
200,09:40:27,21.84,76410,35,买盘
201,09:40:30,21.83,32745,15,买盘
202,09:40:33,21.83,26194,12,买盘
203,09:40:36,21.83,76386,35,买盘
204,09:40:39,21.82,28374,13,卖盘
205,09:40:45,21.8,765572,351,卖盘
206,09:40:48,21.81,329278,151,买盘
207,09:40:51,21.81,13087,6,卖盘
208,09:40:54,21.81,161405,74,卖盘
209,09:40:57,21.79,762988,350,卖盘
210,09:41:00,21.78,433603,199,卖盘
211,09:41:03,21.78,383329,176,卖盘
212,09:41:06,21.78,370260,170,卖盘
213,09:41:09,21.78,161217,74,买盘
214,09:41:12,21.78,19602,9,卖盘
215,09:41:15,21.78,113256,52,卖盘
216,09:41:18,21.78,111082,51,卖盘
217,09:41:21,21.78,43560,20,卖盘
218,09:41:24,21.78,32670,15,买盘
219,09:41:27,21.77,34832,16,卖盘
220,09:41:30,21.77,56602,26,卖盘
221,09:41:33,21.77,50071,23,买盘
222,09:41:36,21.76,67474,31,卖盘
223,09:41:39,21.76,97920,45,卖盘
224,09:41:42,21.76,82675,38,买盘
225,09:41:45,21.76,65280,30,卖盘
226,09:41:48,21.76,500685,230,买盘
227,09:41:51,21.75,50035,23,卖盘
228,09:41:54,21.77,272143,125,买盘
229,09:41:57,21.76,45697,21,卖盘
230,09:42:00,21.77,34853,16,卖盘
231,09:42:03,21.77,6531,3,卖盘
232,09:42:06,21.78,6534,3,买盘
233,09:42:09,21.77,10887,5,卖盘
234,09:42:12,21.77,26134,12,卖盘
235,09:42:15,21.78,19602,9,买盘
236,09:42:21,21.77,50071,23,卖盘
237,09:42:24,21.77,41372,19,卖盘
238,09:42:27,21.77,10885,5,卖盘
239,09:42:30,21.77,80557,37,卖盘
240,09:42:33,21.76,56590,26,卖盘
241,09:42:36,21.77,41351,19,买盘
242,09:42:39,21.77,89257,41,买盘
243,09:42:42,21.77,15236,7,买盘
244,09:42:45,21.77,117558,54,买盘
245,09:42:48,21.77,69664,32,买盘
246,09:42:51,21.76,389530,179,卖盘
247,09:42:54,21.77,17416,8,买盘
248,09:42:57,21.78,546587,251,买盘
249,09:43:00,21.82,629751,289,买盘
250,09:43:03,21.83,82968,38,买盘
251,09:43:06,21.83,4366,2,卖盘
252,09:43:09,21.85,89565,41,买盘
253,09:43:12,21.84,301529,138,卖盘
254,09:43:15,21.85,24035,11,买盘
255,09:43:18,21.83,229402,105,卖盘
256,09:43:21,21.85,316721,145,买盘
257,09:43:24,21.84,32769,15,卖盘
258,09:43:27,21.84,8736,4,卖盘
259,09:43:30,21.83,124472,57,中性盘
260,09:43:33,21.81,15262,7,中性盘
261,09:43:36,21.81,2181,1,卖盘
262,09:43:39,21.83,63287,29,买盘
263,09:43:42,21.83,285997,131,买盘
264,09:43:45,21.83,78588,36,卖盘
265,09:43:48,21.84,87360,40,买盘
266,09:43:54,21.83,10915,5,卖盘
267,09:43:57,21.84,21840,10,买盘
268,09:44:00,21.83,26196,12,买盘
269,09:44:03,21.83,24009,11,买盘
270,09:44:09,21.82,6548,3,卖盘
271,09:44:12,21.83,106940,49,买盘
272,09:44:15,21.83,196469,90,买盘
273,09:44:21,21.83,19647,9,买盘
274,09:44:24,21.81,50183,23,卖盘
275,09:44:30,21.82,246553,113,买盘
276,09:44:33,21.83,194191,89,买盘
277,09:44:36,21.82,6546,3,中性盘
278,09:44:39,21.82,30548,14,买盘
279,09:44:42,21.82,30538,14,买盘
280,09:44:45,21.82,15274,7,买盘
281,09:44:48,21.82,30544,14,买盘
282,09:44:51,21.81,10905,5,卖盘
283,09:44:54,21.82,165830,76,买盘
284,09:44:57,21.82,122192,56,卖盘
285,09:45:03,21.82,74188,34,卖盘
286,09:45:06,21.82,2182,1,买盘
287,09:45:09,21.81,23991,11,卖盘
288,09:45:12,21.81,85059,39,卖盘
289,09:45:15,21.82,32730,15,买盘
290,09:45:18,21.81,13086,6,卖盘
291,09:45:21,21.82,58894,27,买盘
292,09:45:24,21.81,17448,8,卖盘
293,09:45:27,21.81,4362,2,卖盘
294,09:45:30,21.81,100326,46,卖盘
295,09:45:33,21.81,10905,5,买盘
296,09:45:36,21.81,143924,66,买盘
297,09:45:39,21.81,231218,106,买盘
298,09:45:42,21.81,10905,5,买盘
299,09:45:45,21.82,124359,57,买盘
300,09:45:48,21.81,17448,8,卖盘
301,09:45:51,21.81,30536,14,买盘
302,09:45:54,21.81,6543,3,买盘
303,09:45:57,21.81,45781,21,买盘
304,09:46:03,21.81,47980,22,买盘
305,09:46:06,21.81,21810,10,买盘
306,09:46:09,21.8,15264,7,卖盘
307,09:46:12,21.81,174426,80,买盘
308,09:46:15,21.8,111180,51,卖盘
309,09:46:18,21.8,93763,43,卖盘
310,09:46:21,21.79,21796,10,卖盘
311,09:46:24,21.8,10900,5,卖盘
312,09:46:27,21.8,45780,21,买盘
313,09:46:30,21.79,4358,2,卖盘
314,09:46:33,21.79,196151,90,卖盘
315,09:46:36,21.79,6537,3,买盘
316,09:46:39,21.78,165531,76,卖盘
317,09:46:42,21.79,1825641,838,买盘
318,09:46:45,21.77,594873,273,卖盘
319,09:46:48,21.79,10899,5,中性盘
320,09:46:51,21.77,100148,46,卖盘
321,09:46:54,21.79,2179,1,买盘
322,09:46:57,21.78,141574,65,卖盘
323,09:47:00,21.78,69679,32,买盘
324,09:47:03,21.77,32655,15,卖盘
325,09:47:06,21.77,2177,1,卖盘
326,09:47:09,21.77,82726,38,卖盘
327,09:47:12,21.77,28301,13,卖盘
328,09:47:15,21.77,28301,13,卖盘
329,09:47:18,21.77,124089,57,卖盘
330,09:47:21,21.77,58760,27,买盘
331,09:47:24,21.76,32640,15,卖盘
332,09:47:30,21.76,10880,5,卖盘
333,09:47:33,21.76,28288,13,卖盘
334,09:47:36,21.77,41353,19,买盘
335,09:47:39,21.76,117503,54,卖盘
336,09:47:42,21.76,13056,6,卖盘
337,09:47:48,21.76,60927,28,买盘
338,09:47:51,21.76,60928,28,卖盘
339,09:47:54,21.77,335243,154,买盘
340,09:47:57,21.77,167696,77,卖盘
341,09:48:00,21.76,39168,18,卖盘
342,09:48:03,21.76,19584,9,买盘
343,09:48:06,21.75,224029,103,卖盘
344,09:48:12,21.75,178363,82,卖盘
345,09:48:15,21.75,141410,65,卖盘
346,09:48:18,21.75,117450,54,卖盘
347,09:48:21,21.75,23925,11,卖盘
348,09:48:24,21.76,160995,74,买盘
349,09:48:27,21.73,230510,106,卖盘
350,09:48:30,21.75,130438,60,买盘
351,09:48:33,21.73,4346,2,卖盘
352,09:48:36,21.73,49979,23,卖盘
353,09:48:39,21.71,149870,69,卖盘
354,09:48:42,21.73,6519,3,中性盘
355,09:48:45,21.75,754650,347,买盘
356,09:48:48,21.74,323854,149,卖盘
357,09:48:51,21.76,89216,41,买盘
358,09:48:57,21.75,87000,40,买盘
359,09:49:00,21.76,130546,60,买盘
360,09:49:03,21.73,21736,10,卖盘
361,09:49:06,21.75,2175,1,买盘
362,09:49:09,21.74,6522,3,卖盘
363,09:49:12,21.74,36958,17,卖盘
364,09:49:15,21.73,180398,83,卖盘
365,09:49:18,21.73,10865,5,中性盘
366,09:49:21,21.72,4344,2,卖盘
367,09:49:24,21.72,99932,46,卖盘
368,09:49:27,21.72,45615,21,卖盘
369,09:49:30,21.72,76020,35,卖盘
370,09:49:33,21.71,39078,18,卖盘
371,09:49:36,21.71,152039,70,卖盘
372,09:49:39,21.72,312662,144,买盘
373,09:49:42,21.72,117236,54,中性盘
374,09:49:45,21.73,84708,39,买盘
375,09:49:48,21.71,177963,82,中性盘
376,09:49:51,21.72,121605,56,买盘
377,09:49:54,21.7,17360,8,卖盘
378,09:49:57,21.7,56445,26,卖盘
379,09:50:00,21.7,438472,202,卖盘
380,09:50:03,21.71,67380,31,中性盘
381,09:50:06,21.71,67361,31,卖盘
382,09:50:09,21.71,75985,35,卖盘
383,09:50:12,21.72,8688,4,买盘
384,09:50:15,21.74,17390,8,买盘
385,09:50:21,21.72,21720,10,卖盘
386,09:50:24,21.73,15211,7,买盘
387,09:50:27,21.73,99913,46,买盘
388,09:50:30,21.73,71709,33,买盘
389,09:50:33,21.73,43456,20,中性盘
390,09:50:36,21.72,43450,20,卖盘
391,09:50:39,21.71,73847,34,卖盘
392,09:50:42,21.71,180203,83,卖盘
393,09:50:45,21.7,10850,5,卖盘
394,09:50:48,21.72,106370,49,买盘
395,09:50:51,21.7,119350,55,卖盘
396,09:50:54,21.7,30376,14,买盘
397,09:50:57,21.7,91140,42,买盘
398,09:51:00,21.7,101971,47,买盘
399,09:51:03,21.69,32541,15,卖盘
400,09:51:06,21.69,84603,39,卖盘
401,09:51:09,21.69,78100,36,卖盘
402,09:51:12,21.7,138838,64,买盘
403,09:51:15,21.69,97583,45,卖盘
404,09:51:18,21.69,247223,114,买盘
405,09:51:21,21.69,86760,40,买盘
406,09:51:24,21.68,101965,47,卖盘
407,09:51:27,21.69,546703,252,中性盘
408,09:51:30,21.7,724777,334,买盘
409,09:51:33,21.72,123800,57,买盘
410,09:51:36,21.7,43400,20,卖盘
411,09:51:39,21.72,45592,21,买盘
412,09:51:42,21.7,6510,3,卖盘
413,09:51:45,21.7,169494,78,卖盘
414,09:51:48,21.74,45644,21,买盘
415,09:51:51,21.71,2171,1,卖盘
416,09:51:54,21.71,2171,1,卖盘
417,09:52:00,21.71,2171,1,卖盘
418,09:52:03,21.71,6513,3,卖盘
419,09:52:06,21.72,34755,16,卖盘
420,09:52:09,21.72,32591,15,卖盘
421,09:52:12,21.72,34752,16,卖盘
422,09:52:15,21.72,2172,1,买盘
423,09:52:18,21.73,45613,21,买盘
424,09:52:21,21.73,36929,17,买盘
425,09:52:24,21.72,32587,15,卖盘
426,09:52:27,21.72,201996,93,卖盘
427,09:52:30,21.73,136839,63,买盘
428,09:52:33,21.72,34752,16,卖盘
429,09:52:36,21.72,93396,43,买盘
430,09:52:39,21.72,30408,14,卖盘
431,09:52:42,21.71,21710,10,卖盘
432,09:52:45,21.72,36924,17,买盘
433,09:52:48,21.72,10860,5,买盘
434,09:52:51,21.72,13032,6,买盘
435,09:52:57,21.72,34750,16,买盘
436,09:53:00,21.71,58617,27,卖盘
437,09:53:03,21.72,78183,36,买盘
438,09:53:06,21.72,45612,21,卖盘
439,09:53:09,21.73,19557,9,买盘
440,09:53:12,21.72,28236,13,卖盘
441,09:53:15,21.72,34752,16,卖盘
442,09:53:18,21.72,15204,7,卖盘
443,09:53:21,21.72,10860,5,买盘
444,09:53:27,21.71,15197,7,卖盘
445,09:53:30,21.72,6516,3,买盘
446,09:53:33,21.71,4342,2,卖盘
447,09:53:36,21.71,1019490,470,卖盘
448,09:53:39,21.68,52068,24,卖盘
449,09:53:42,21.7,251662,116,买盘
450,09:53:45,21.68,47698,22,卖盘
451,09:53:48,21.68,34688,16,卖盘
452,09:53:51,21.7,30362,14,买盘
453,09:53:54,21.69,175750,81,卖盘
454,09:53:57,21.71,73811,34,买盘
455,09:54:00,21.69,8676,4,卖盘
456,09:54:03,21.69,17353,8,卖盘
457,09:54:09,21.68,136609,63,卖盘
458,09:54:12,21.7,8680,4,买盘
459,09:54:15,21.7,65100,30,买盘
460,09:54:18,21.68,84592,39,卖盘
461,09:54:21,21.68,6504,3,卖盘
462,09:54:24,21.68,52037,24,卖盘
463,09:54:30,21.69,34689,16,买盘
464,09:54:33,21.7,80250,37,买盘
465,09:54:36,21.68,43360,20,卖盘
466,09:54:42,21.68,351210,162,卖盘
467,09:54:45,21.68,21680,10,买盘
468,09:54:48,21.67,171227,79,卖盘
469,09:54:51,21.68,34681,16,买盘
470,09:54:54,21.67,65021,30,卖盘
471,09:54:57,21.67,58509,27,卖盘
472,09:55:00,21.67,140869,65,卖盘
473,09:55:03,21.67,125686,58,卖盘
474,09:55:06,21.67,60676,28,买盘
475,09:55:09,21.66,45502,21,卖盘
476,09:55:12,21.66,75815,35,卖盘
477,09:55:15,21.67,58485,27,买盘
478,09:55:18,21.66,51984,24,卖盘
479,09:55:21,21.66,604314,279,卖盘
480,09:55:24,21.66,110495,51,买盘
481,09:55:27,21.65,417845,193,卖盘
482,09:55:30,21.64,255561,118,卖盘
483,09:55:33,21.64,51955,24,卖盘
484,09:55:36,21.64,23811,11,卖盘
485,09:55:39,21.64,10820,5,卖盘
486,09:55:42,21.65,201298,93,买盘
487,09:55:45,21.64,99548,46,卖盘
488,09:55:48,21.65,4329,2,中性盘
489,09:55:51,21.64,158056,73,卖盘
490,09:55:54,21.66,54128,25,买盘
491,09:55:57,21.63,54075,25,卖盘
492,09:56:00,21.63,19467,9,卖盘
493,09:56:03,21.63,95181,44,买盘
494,09:56:06,21.64,90856,42,买盘
495,09:56:09,21.63,41097,19,卖盘
496,09:56:12,21.62,36754,17,卖盘
497,09:56:15,21.63,45418,21,买盘
498,09:56:18,21.62,356738,165,卖盘
499,09:56:21,21.63,1203878,557,买盘
500,09:56:27,21.63,90853,42,买盘
501,09:56:30,21.63,23793,11,卖盘
502,09:56:33,21.64,82201,38,买盘
503,09:56:36,21.62,95171,44,卖盘
504,09:56:39,21.63,276748,128,买盘
505,09:56:42,21.62,123235,57,卖盘
506,09:56:45,21.62,86452,40,买盘
507,09:56:48,21.61,198933,92,卖盘
508,09:56:51,21.61,168629,78,卖盘
509,09:56:54,21.62,253002,117,买盘
510,09:57:00,21.61,64840,30,卖盘
511,09:57:03,21.62,224823,104,买盘
512,09:57:06,21.62,134007,62,买盘
513,09:57:09,21.62,23782,11,买盘
514,09:57:12,21.61,300409,139,卖盘
515,09:57:15,21.61,172894,80,卖盘
516,09:57:18,21.62,226999,105,买盘
517,09:57:21,21.62,280984,130,买盘
518,09:57:24,21.61,793123,367,卖盘
519,09:57:27,21.6,84255,39,卖盘
520,09:57:30,21.61,358626,166,买盘
521,09:57:33,21.61,95066,44,买盘
522,09:57:36,21.61,64855,30,卖盘
523,09:57:39,21.61,108050,50,卖盘
524,09:57:42,21.61,47545,22,卖盘
525,09:57:45,21.62,69157,32,买盘
526,09:57:48,21.61,49703,23,卖盘
527,09:57:51,21.62,28099,13,买盘
528,09:57:54,21.61,25932,12,卖盘
529,09:57:57,21.62,15129,7,买盘
530,09:58:00,21.62,73491,34,买盘
531,09:58:03,21.61,125351,58,卖盘
532,09:58:06,21.62,250792,116,买盘
533,09:58:09,21.62,32430,15,买盘
534,09:58:12,21.62,8648,4,卖盘
535,09:58:15,21.64,62752,29,买盘
536,09:58:18,21.61,30258,14,卖盘
537,09:58:21,21.64,239922,111,买盘
538,09:58:24,21.64,4328,2,买盘
539,09:58:27,21.64,43272,20,买盘
540,09:58:30,21.64,2164,1,买盘
541,09:58:33,21.64,73548,34,买盘
542,09:58:36,21.62,47568,22,卖盘
543,09:58:39,21.63,2163,1,买盘
544,09:58:42,21.63,34603,16,卖盘
545,09:58:45,21.63,54075,25,买盘
546,09:58:48,21.63,10815,5,买盘
547,09:58:51,21.63,60544,28,买盘
548,09:58:54,21.63,60563,28,买盘
549,09:58:57,21.63,12978,6,卖盘
550,09:59:00,21.62,54060,25,卖盘
551,09:59:03,21.62,283220,131,卖盘
552,09:59:06,21.62,51896,24,买盘
553,09:59:09,21.62,21620,10,买盘
554,09:59:12,21.63,75695,35,买盘
555,09:59:15,21.61,64852,30,卖盘
556,09:59:18,21.61,6484,3,卖盘
557,09:59:21,21.61,71319,33,卖盘
558,09:59:24,21.61,479742,222,卖盘
559,09:59:27,21.61,313440,145,卖盘
560,09:59:30,21.6,28081,13,卖盘
561,09:59:33,21.61,12964,6,买盘
562,09:59:36,21.6,263545,122,卖盘
563,09:59:39,21.6,45360,21,卖盘
564,09:59:42,21.61,4322,2,中性盘
565,09:59:45,21.6,41061,19,卖盘
566,09:59:51,21.6,144722,67,卖盘
567,09:59:54,21.62,43247,20,买盘
568,09:59:57,21.6,25922,12,卖盘
569,10:00:00,21.61,326172,151,买盘
570,10:00:03,21.62,278772,129,买盘
571,10:00:06,21.62,144788,67,买盘
572,10:00:09,21.6,88576,41,卖盘
573,10:00:12,21.62,73460,34,买盘
574,10:00:15,21.62,51888,24,买盘
575,10:00:18,21.61,54025,25,卖盘
576,10:00:21,21.61,86450,40,卖盘
577,10:00:27,21.61,12966,6,买盘
578,10:00:30,21.61,6483,3,买盘
579,10:00:33,21.61,69150,32,买盘
580,10:00:36,21.61,82100,38,买盘
581,10:00:39,21.6,213857,99,卖盘
582,10:00:42,21.6,41051,19,卖盘
583,10:00:45,21.61,38898,18,买盘
584,10:00:48,21.6,157740,73,卖盘
585,10:00:51,21.62,15134,7,买盘
586,10:00:54,21.61,32415,15,卖盘
587,10:00:57,21.61,8644,4,买盘
588,10:01:00,21.61,2161,1,买盘
589,10:01:03,21.61,58331,27,买盘
590,10:01:06,21.6,21600,10,卖盘
591,10:01:09,21.61,36736,17,买盘
592,10:01:12,21.61,73462,34,买盘
593,10:01:15,21.61,32415,15,买盘
594,10:01:18,21.6,162015,75,卖盘
595,10:01:21,21.61,38895,18,买盘
596,10:01:24,21.61,36737,17,买盘
597,10:01:27,21.61,6483,3,卖盘
598,10:01:30,21.61,6483,3,卖盘
599,10:01:33,21.61,56186,26,卖盘
600,10:01:36,21.6,34566,16,卖盘
601,10:01:39,21.61,41059,19,买盘
602,10:01:42,21.61,19449,9,卖盘
603,10:01:45,21.61,71319,33,卖盘
604,10:01:48,21.62,21620,10,买盘
605,10:01:51,21.61,4322,2,卖盘
606,10:02:00,21.61,144802,67,卖盘
607,10:02:03,21.62,69155,32,买盘
608,10:02:06,21.62,6486,3,买盘
609,10:02:09,21.61,36739,17,卖盘
610,10:02:12,21.62,12972,6,买盘
611,10:02:15,21.62,32426,15,买盘
612,10:02:18,21.61,25942,12,卖盘
613,10:02:21,21.62,21620,10,中性盘
614,10:02:24,21.63,6489,3,买盘
615,10:02:27,21.61,30263,14,卖盘
616,10:02:30,21.63,103745,48,买盘
617,10:02:33,21.62,103756,48,卖盘
618,10:02:36,21.63,58377,27,买盘
619,10:02:39,21.62,116778,54,中性盘
620,10:02:42,21.62,79992,37,买盘
621,10:02:45,21.61,492739,228,卖盘
622,10:02:48,21.61,49703,23,买盘
623,10:02:51,21.61,190158,88,买盘
624,10:02:54,21.6,25924,12,卖盘
625,10:02:57,21.6,19443,9,卖盘
626,10:03:00,21.6,8640,4,卖盘
627,10:03:03,21.6,317526,147,卖盘
628,10:03:06,21.6,211680,98,卖盘
629,10:03:09,21.61,136138,63,买盘
630,10:03:12,21.61,216044,100,买盘
631,10:03:15,21.6,267850,124,卖盘
632,10:03:18,21.62,1328995,615,买盘
633,10:03:21,21.61,58347,27,卖盘
634,10:03:27,21.62,99466,46,买盘
635,10:03:30,21.62,34592,16,买盘
636,10:03:33,21.62,149239,69,卖盘
637,10:03:36,21.65,51937,24,买盘
638,10:03:42,21.62,32448,15,卖盘
639,10:03:45,21.65,15155,7,中性盘
640,10:03:48,21.62,4324,2,卖盘
641,10:03:51,21.62,860362,397,卖盘
642,10:03:54,21.62,2162,1,卖盘
643,10:03:57,21.66,56313,26,买盘
644,10:04:00,21.62,21623,10,卖盘
645,10:04:03,21.65,28118,13,买盘
646,10:04:06,21.66,25980,12,买盘
647,10:04:09,21.65,21641,10,中性盘
648,10:04:12,21.67,101778,47,买盘
649,10:04:15,21.66,10830,5,买盘
650,10:04:18,21.66,32490,15,买盘
651,10:04:21,21.67,21661,10,买盘
652,10:04:27,21.67,60707,28,中性盘
653,10:04:30,21.67,62810,29,中性盘
654,10:04:39,21.65,181901,84,卖盘
655,10:04:42,21.64,186114,86,卖盘
656,10:04:45,21.65,75792,35,买盘
657,10:04:48,21.65,8660,4,卖盘
658,10:04:57,21.65,25975,12,买盘
659,10:05:03,21.66,77964,36,买盘
660,10:05:06,21.65,21650,10,中性盘
661,10:05:09,21.66,17318,8,买盘
662,10:05:15,21.65,8662,4,卖盘
663,10:05:18,21.65,21653,10,卖盘
664,10:05:27,21.66,4332,2,买盘
665,10:05:30,21.65,2165,1,卖盘
666,10:05:33,21.65,4330,2,卖盘
667,10:05:36,21.65,80105,37,卖盘
668,10:05:39,21.64,2164,1,卖盘
669,10:05:42,21.66,32481,15,买盘
670,10:05:48,21.64,101717,47,卖盘
671,10:05:51,21.64,51929,24,中性盘
672,10:05:54,21.64,266070,123,买盘
673,10:06:00,21.66,110427,51,买盘
674,10:06:03,21.63,4326,2,卖盘
675,10:06:06,21.64,10820,5,卖盘
676,10:06:09,21.66,17322,8,买盘
677,10:06:12,21.64,60595,28,卖盘
678,10:06:15,21.64,49763,23,买盘
679,10:06:18,21.66,43285,20,买盘
680,10:06:21,21.65,25968,12,中性盘
681,10:06:24,21.65,21650,10,卖盘
682,10:06:30,21.65,19485,9,买盘
683,10:06:33,21.66,6496,3,买盘
684,10:06:36,21.65,10825,5,卖盘
685,10:06:42,21.64,6492,3,卖盘
686,10:06:45,21.64,41132,19,卖盘
687,10:06:48,21.65,4329,2,买盘
688,10:06:51,21.65,4330,2,买盘
689,10:06:54,21.65,34625,16,买盘
690,10:06:57,21.64,8656,4,卖盘
691,10:07:00,21.65,21650,10,买盘
692,10:07:03,21.64,12984,6,卖盘
693,10:07:09,21.65,116866,54,买盘
694,10:07:12,21.64,38959,18,卖盘
695,10:07:15,21.64,123353,57,卖盘
696,10:07:21,21.64,443620,205,卖盘
697,10:07:24,21.63,60565,28,卖盘
698,10:07:27,21.65,82251,38,买盘
699,10:07:33,21.63,45424,21,卖盘
700,10:07:36,21.64,8656,4,卖盘
701,10:07:42,21.63,23793,11,卖盘
702,10:07:45,21.63,12978,6,卖盘
703,10:07:54,21.64,23799,11,买盘
704,10:07:57,21.64,112496,52,买盘
705,10:08:03,21.63,227055,105,卖盘
706,10:08:09,21.63,45422,21,买盘
707,10:08:15,21.63,86516,40,买盘
708,10:08:18,21.63,19467,9,买盘
709,10:08:21,21.63,15141,7,卖盘
710,10:08:24,21.63,19467,9,买盘
711,10:08:30,21.64,12984,6,买盘
712,10:08:33,21.62,28108,13,卖盘
713,10:08:39,21.64,36773,17,买盘
714,10:08:42,21.62,8648,4,卖盘
715,10:08:45,21.64,64920,30,买盘
716,10:08:48,21.64,93001,43,买盘
717,10:08:51,21.64,28132,13,买盘
718,10:08:57,21.69,446131,206,买盘
719,10:09:03,21.64,1558348,721,买盘
720,10:09:06,21.63,28122,13,中性盘
721,10:09:09,21.63,28115,13,买盘
722,10:09:15,21.63,36761,17,买盘
723,10:09:18,21.63,8646,4,买盘
724,10:09:21,21.61,10808,5,卖盘
725,10:09:24,21.62,97248,45,中性盘
726,10:09:30,21.63,36756,17,买盘
727,10:09:33,21.61,21618,10,卖盘
728,10:09:36,21.63,41065,19,买盘
729,10:09:39,21.62,103776,48,买盘
730,10:09:42,21.61,2225832,1030,卖盘
731,10:09:45,21.61,127450,59,买盘
732,10:09:48,21.62,198790,92,买盘
733,10:09:51,21.6,365148,169,卖盘
734,10:09:54,21.6,73443,34,卖盘
735,10:09:57,21.62,21610,10,买盘
736,10:10:00,21.6,1622160,751,卖盘
737,10:10:03,21.62,239892,111,买盘
738,10:10:06,21.61,6483,3,中性盘
739,10:10:09,21.6,43200,20,卖盘
740,10:10:12,21.6,10800,5,买盘
741,10:10:15,21.6,2160,1,卖盘
742,10:10:18,21.6,6480,3,卖盘
743,10:10:24,21.61,41043,19,买盘
744,10:10:27,21.61,4322,2,买盘
745,10:10:30,21.6,54001,25,卖盘
746,10:10:33,21.61,28091,13,买盘
747,10:10:39,21.61,2161,1,买盘
748,10:10:42,21.6,60480,28,卖盘
749,10:10:48,21.61,101566,47,买盘
750,10:10:51,21.6,112326,52,卖盘
751,10:10:54,21.61,4322,2,买盘
752,10:10:57,21.61,25933,12,卖盘
753,10:11:03,21.61,103728,48,卖盘
754,10:11:06,21.62,32420,15,买盘
755,10:11:09,21.61,10805,5,卖盘
756,10:11:12,21.61,17288,8,卖盘
757,10:11:15,21.62,4324,2,买盘
758,10:11:21,21.61,108050,50,卖盘
759,10:11:24,21.62,4324,2,买盘
760,10:11:27,21.61,21610,10,卖盘
761,10:11:33,21.61,66994,31,卖盘
762,10:11:36,21.62,45401,21,买盘
763,10:11:42,21.61,10805,5,卖盘
764,10:11:45,21.62,222585,103,买盘
765,10:11:48,21.61,181524,84,卖盘
766,10:11:51,21.61,28093,13,卖盘
767,10:11:54,21.61,127519,59,卖盘
768,10:12:00,21.61,17288,8,卖盘
769,10:12:03,21.57,3255458,1508,卖盘
770,10:12:06,21.58,10790,5,买盘
771,10:12:09,21.58,2158,1,买盘
772,10:12:12,21.57,2157,1,卖盘
773,10:12:15,21.57,161793,75,卖盘
774,10:12:18,21.57,396910,184,卖盘
775,10:12:21,21.57,21570,10,买盘
776,10:12:24,21.56,10781,5,卖盘
777,10:12:27,21.56,49590,23,卖盘
778,10:12:30,21.56,84092,39,卖盘
779,10:12:33,21.56,114303,53,卖盘
780,10:12:36,21.55,2284956,1060,卖盘
781,10:12:39,21.55,523437,243,买盘
782,10:12:42,21.55,68908,32,买盘
783,10:12:45,21.53,245447,114,卖盘
784,10:12:48,21.53,101195,47,卖盘
785,10:12:51,21.53,36601,17,买盘
786,10:12:54,21.52,152818,71,卖盘
787,10:12:57,21.51,73143,34,卖盘
788,10:13:00,21.51,36577,17,卖盘
789,10:13:03,21.52,122626,57,买盘
790,10:13:06,21.52,862578,401,买盘
791,10:13:09,21.52,70993,33,买盘
792,10:13:12,21.53,703647,327,买盘
793,10:13:15,21.53,55979,26,卖盘
794,10:13:18,21.53,10765,5,卖盘
795,10:13:21,21.51,1845866,858,卖盘
796,10:13:24,21.52,4304,2,中性盘
797,10:13:27,21.53,88273,41,中性盘
798,10:13:30,21.54,25848,12,买盘
799,10:13:33,21.54,187396,87,买盘
800,10:13:36,21.54,15078,7,卖盘
801,10:13:39,21.54,71111,33,卖盘
802,10:13:42,21.53,441480,205,卖盘
803,10:13:45,21.54,185251,86,卖盘
804,10:13:48,21.54,45243,21,卖盘
805,10:13:54,21.55,799503,371,买盘
806,10:14:00,21.56,28020,13,买盘
807,10:14:03,21.56,43108,20,买盘
808,10:14:06,21.56,10780,5,买盘
809,10:14:09,21.56,58212,27,买盘
810,10:14:12,21.56,135778,63,买盘
811,10:14:15,21.55,19397,9,卖盘
812,10:14:21,21.55,53875,25,买盘
813,10:14:24,21.55,4310,2,买盘
814,10:14:27,21.54,495640,230,卖盘
815,10:14:30,21.55,56010,26,买盘
816,10:14:33,21.54,344659,160,卖盘
817,10:14:36,21.54,148634,69,卖盘
818,10:14:39,21.54,77554,36,卖盘
819,10:14:42,21.54,17230,8,买盘
820,10:14:45,21.54,144372,67,卖盘
821,10:14:48,21.54,1733255,805,买盘
822,10:14:51,21.53,135639,63,卖盘
823,10:14:54,21.53,469354,218,卖盘
824,10:14:57,21.53,245514,114,卖盘
825,10:15:00,21.53,620064,288,买盘
826,10:15:03,21.56,396242,184,买盘
827,10:15:12,21.55,2155,1,卖盘
828,10:15:15,21.55,53875,25,卖盘
829,10:15:18,21.55,96978,45,买盘
830,10:15:21,21.55,10775,5,中性盘
831,10:15:24,21.55,92692,43,卖盘
832,10:15:27,21.55,38773,18,买盘
833,10:15:30,21.55,140075,65,买盘
834,10:15:33,21.55,114215,53,卖盘
835,10:15:36,21.56,217666,101,买盘
836,10:15:39,21.56,2156,1,买盘
837,10:15:42,21.56,4312,2,买盘
838,10:15:45,21.55,58206,27,卖盘
839,10:15:48,21.55,36651,17,卖盘
840,10:15:51,21.55,12931,6,卖盘
841,10:15:54,21.58,558406,259,买盘
842,10:15:57,21.57,53909,25,卖盘
843,10:16:03,21.57,28047,13,卖盘
844,10:16:06,21.57,77652,36,卖盘
845,10:16:09,21.57,21570,10,买盘
846,10:16:12,21.57,21570,10,卖盘
847,10:16:18,21.57,2157,1,买盘
848,10:16:21,21.57,12942,6,卖盘
849,10:16:24,21.57,2157,1,卖盘
850,10:16:27,21.58,92764,43,买盘
851,10:16:30,21.57,34520,16,卖盘
852,10:16:33,21.58,32360,15,中性盘
853,10:16:42,21.58,36676,17,买盘
854,10:16:45,21.59,17261,8,买盘
855,10:16:48,21.58,17264,8,中性盘
856,10:16:54,21.59,8636,4,买盘
857,10:16:57,21.6,25913,12,买盘
858,10:17:00,21.59,6477,3,卖盘
859,10:17:03,21.59,25908,12,卖盘
860,10:17:12,21.59,2159,1,卖盘
861,10:17:18,21.59,36703,17,卖盘
862,10:17:21,21.59,21588,10,买盘
863,10:17:30,21.58,21580,10,卖盘
864,10:17:33,21.58,25896,12,卖盘
865,10:17:36,21.59,21587,10,买盘
866,10:17:39,21.58,4317,2,卖盘
867,10:17:42,21.58,25896,12,卖盘
868,10:17:45,21.58,21580,10,卖盘
869,10:17:48,21.58,12948,6,卖盘
870,10:17:51,21.59,75565,35,买盘
871,10:18:00,21.6,21600,10,买盘
872,10:18:03,21.59,140335,65,卖盘
873,10:18:09,21.59,155358,72,买盘
874,10:18:12,21.58,21580,10,买盘
875,10:18:15,21.58,12948,6,买盘
876,10:18:18,21.58,60411,28,买盘
877,10:18:33,21.57,4314,2,卖盘
878,10:18:36,21.57,140205,65,卖盘
879,10:18:42,21.57,116454,54,买盘
880,10:18:45,21.56,86240,40,卖盘
881,10:18:48,21.56,120736,56,卖盘
882,10:18:51,21.56,45276,21,卖盘
883,10:18:54,21.56,8624,4,卖盘
884,10:18:57,21.56,485095,225,卖盘
885,10:19:03,21.56,2156,1,卖盘
886,10:19:06,21.56,21560,10,买盘
887,10:19:09,21.55,219812,102,卖盘
888,10:19:12,21.55,133695,62,卖盘
889,10:19:15,21.55,10776,5,卖盘
890,10:19:18,21.55,43100,20,卖盘
891,10:19:21,21.55,56035,26,卖盘
892,10:19:24,21.55,92665,43,卖盘
893,10:19:30,21.56,17248,8,买盘
894,10:19:33,21.56,478630,222,买盘
895,10:19:36,21.55,127147,59,卖盘
896,10:19:39,21.56,6469,3,卖盘
897,10:19:42,21.56,6469,3,卖盘
898,10:19:45,21.56,19404,9,卖盘
899,10:19:51,21.56,21560,10,买盘
900,10:19:54,21.56,23716,11,买盘
901,10:19:57,21.55,51724,24,卖盘
902,10:20:00,21.57,8628,4,买盘
903,10:20:03,21.55,159470,74,卖盘
904,10:20:06,21.55,17245,8,卖盘
905,10:20:09,21.56,252252,117,卖盘
906,10:20:12,21.56,25872,12,买盘
907,10:20:15,21.55,21550,10,卖盘
908,10:20:18,21.55,256451,119,卖盘
909,10:20:21,21.56,43120,20,买盘
910,10:20:24,21.56,96990,45,买盘
911,10:20:27,21.56,45266,21,买盘
912,10:20:30,21.56,49588,23,买盘
913,10:20:33,21.55,73270,34,卖盘
914,10:20:36,21.56,34496,16,买盘
915,10:20:42,21.56,49585,23,买盘
916,10:20:45,21.55,144385,67,卖盘
917,10:20:48,21.56,58212,27,买盘
918,10:20:51,21.56,45261,21,买盘
919,10:20:54,21.56,53880,25,买盘
920,10:20:57,21.56,19404,9,买盘
921,10:21:00,21.56,71145,33,买盘
922,10:21:03,21.55,213345,99,卖盘
923,10:21:06,21.56,8624,4,买盘
924,10:21:09,21.56,21560,10,卖盘
925,10:21:15,21.56,118583,55,卖盘
926,10:21:21,21.56,6468,3,卖盘
927,10:21:27,21.56,17248,8,卖盘
928,10:21:30,21.57,56065,26,买盘
929,10:21:33,21.56,6468,3,卖盘
930,10:21:36,21.56,2156,1,卖盘
931,10:21:39,21.56,68992,32,卖盘
932,10:21:45,21.56,86240,40,卖盘
933,10:21:48,21.57,4314,2,买盘
934,10:21:51,21.56,21560,10,卖盘
935,10:21:57,21.56,312620,145,卖盘
936,10:22:00,21.56,73280,34,买盘
937,10:22:03,21.55,4310,2,卖盘
938,10:22:06,21.55,32325,15,卖盘
939,10:22:12,21.56,64672,30,买盘
940,10:22:15,21.56,94825,44,买盘
941,10:22:18,21.56,25872,12,买盘
942,10:22:21,21.55,605568,281,卖盘
943,10:22:24,21.54,980417,455,卖盘
944,10:22:27,21.54,482498,224,卖盘
945,10:22:30,21.54,109854,51,卖盘
946,10:22:33,21.54,103392,48,卖盘
947,10:22:36,21.53,55979,26,卖盘
948,10:22:42,21.52,986068,458,卖盘
949,10:22:45,21.52,8608,4,卖盘
950,10:22:48,21.52,77472,36,卖盘
951,10:22:51,21.52,25834,12,卖盘
952,10:22:57,21.53,17221,8,买盘
953,10:23:00,21.52,880181,409,卖盘
954,10:23:03,21.52,572193,266,买盘
955,10:23:06,21.51,55946,26,卖盘
956,10:23:09,21.51,243076,113,卖盘
957,10:23:12,21.51,314053,146,卖盘
958,10:23:15,21.51,326952,152,卖盘
959,10:23:18,21.5,204262,95,卖盘
960,10:23:21,21.51,378575,176,买盘
961,10:23:24,21.51,249412,116,买盘
962,10:23:27,21.51,83888,39,买盘
963,10:23:30,21.5,135454,63,卖盘
964,10:23:33,21.51,344015,160,中性盘
965,10:23:36,21.52,103251,48,买盘
966,10:23:39,21.51,70961,33,卖盘
967,10:23:42,21.52,25823,12,卖盘
968,10:23:48,21.51,105399,49,卖盘
969,10:23:51,21.51,25819,12,卖盘
970,10:23:54,21.52,107576,50,买盘
971,10:23:57,21.51,189288,88,卖盘
972,10:24:00,21.51,486126,226,买盘
973,10:24:03,21.51,253785,118,卖盘
974,10:24:06,21.53,518639,241,买盘
975,10:24:09,21.51,314096,146,卖盘
976,10:24:12,21.53,21529,10,买盘
977,10:24:15,21.52,83993,39,卖盘
978,10:24:21,21.52,88232,41,卖盘
979,10:24:24,21.54,137741,64,买盘
980,10:24:27,21.52,10763,5,中性盘
981,10:24:30,21.51,471078,219,卖盘
982,10:24:33,21.53,73169,34,买盘
983,10:24:36,21.52,51648,24,卖盘
984,10:24:39,21.52,10760,5,买盘
985,10:24:42,21.52,8608,4,卖盘
986,10:24:48,21.53,342180,159,买盘
987,10:24:51,21.51,206529,96,卖盘
988,10:24:57,21.52,43040,20,买盘
989,10:25:00,21.51,2151,1,卖盘
990,10:25:03,21.52,150592,70,买盘
991,10:25:06,21.51,109703,51,卖盘
992,10:25:09,21.51,23661,11,卖盘
993,10:25:12,21.51,55926,26,卖盘
994,10:25:15,21.52,2152,1,买盘
995,10:25:18,21.52,30118,14,买盘
996,10:25:21,21.52,225860,105,买盘
997,10:25:24,21.52,6456,3,买盘
998,10:25:27,21.52,25824,12,买盘
999,10:25:30,21.52,58087,27,买盘
1000,10:25:33,21.51,109716,51,卖盘
1001,10:25:36,21.52,6456,3,买盘
1002,10:25:39,21.52,19362,9,买盘
1003,10:25:42,21.51,49483,23,卖盘
1004,10:25:45,21.52,36584,17,买盘
1005,10:25:48,21.52,21520,10,卖盘
1006,10:25:51,21.54,21528,10,买盘
1007,10:25:57,21.54,6458,3,买盘
1008,10:26:03,21.53,21530,10,卖盘
1009,10:26:12,21.52,47359,22,卖盘
1010,10:26:15,21.53,6459,3,买盘
1011,10:26:18,21.53,6458,3,买盘
1012,10:26:21,21.52,2152,1,卖盘
1013,10:26:24,21.52,8608,4,卖盘
1014,10:26:30,21.52,12912,6,卖盘
1015,10:26:33,21.52,135579,63,卖盘
1016,10:26:36,21.52,62408,29,卖盘
1017,10:26:39,21.52,8608,4,卖盘
1018,10:26:42,21.53,30140,14,买盘
1019,10:26:45,21.52,436856,203,卖盘
1020,10:26:51,21.52,73168,34,卖盘
1021,10:26:54,21.53,10761,5,买盘
1022,10:26:57,21.51,258156,120,卖盘
1023,10:27:00,21.51,70984,33,卖盘
1024,10:27:03,21.51,4302,2,卖盘
1025,10:27:06,21.51,159211,74,卖盘
1026,10:27:09,21.52,2152,1,买盘
1027,10:27:12,21.53,43047,20,买盘
1028,10:27:15,21.51,88191,41,卖盘
1029,10:27:18,21.51,21510,10,卖盘
1030,10:27:21,21.52,6456,3,买盘
1031,10:27:24,21.51,34416,16,卖盘
1032,10:27:27,21.52,615231,286,买盘
1033,10:27:30,21.51,75285,35,卖盘
1034,10:27:33,21.51,32278,15,卖盘
1035,10:27:42,21.52,8607,4,买盘
1036,10:27:45,21.51,64530,30,卖盘
1037,10:27:48,21.51,425900,198,卖盘
1038,10:27:51,21.51,25812,12,卖盘
1039,10:27:54,21.51,25812,12,卖盘
1040,10:27:57,21.51,133321,62,卖盘
1041,10:28:00,21.51,40922,19,买盘
1042,10:28:03,21.5,219321,102,卖盘
1043,10:28:06,21.51,2151,1,买盘
1044,10:28:09,21.5,51612,24,卖盘
1045,10:28:12,21.51,21510,10,卖盘
1046,10:28:15,21.51,120456,56,卖盘
1047,10:28:18,21.51,322650,150,卖盘
1048,10:28:21,21.51,86040,40,买盘
1049,10:28:24,21.5,47302,22,卖盘
1050,10:28:27,21.5,1290000,600,卖盘
1051,10:28:30,21.5,25804,12,卖盘
1052,10:28:33,21.5,83870,39,卖盘
1053,10:28:36,21.5,464401,216,卖盘
1054,10:28:39,21.5,64509,30,卖盘
1055,10:28:42,21.5,51600,24,卖盘
1056,10:28:45,21.5,208550,97,卖盘
1057,10:28:48,21.5,2150,1,卖盘
1058,10:28:51,21.5,94600,44,卖盘
1059,10:28:54,21.5,88158,41,卖盘
1060,10:28:57,21.51,144051,67,买盘
1061,10:29:00,21.51,55926,26,买盘
1062,10:29:03,21.51,6453,3,卖盘
1063,10:29:06,21.52,23662,11,买盘
1064,10:29:09,21.51,2151,1,卖盘
1065,10:29:12,21.51,4302,2,卖盘
1066,10:29:15,21.51,77436,36,卖盘
1067,10:29:18,21.51,68832,32,买盘
1068,10:29:21,21.51,43020,20,卖盘
1069,10:29:24,21.52,21520,10,买盘
1070,10:29:27,21.52,34432,16,买盘
1071,10:29:33,21.51,2151,1,卖盘
1072,10:29:36,21.52,21520,10,买盘
1073,10:29:39,21.52,150585,70,买盘
1074,10:29:42,21.52,32280,15,买盘
1075,10:29:45,21.52,43040,20,买盘
1076,10:29:48,21.52,10760,5,买盘
1077,10:29:51,21.52,2152,1,买盘
1078,10:29:57,21.52,17217,8,卖盘
1079,10:30:00,21.52,120468,56,买盘
1080,10:30:03,21.52,432358,201,中性盘
1081,10:30:06,21.51,273251,127,卖盘
1082,10:30:12,21.51,567881,264,卖盘
1083,10:30:15,21.51,268875,125,卖盘
1084,10:30:18,21.51,55927,26,卖盘
1085,10:30:21,21.51,6453,3,买盘
1086,10:30:24,21.51,12906,6,买盘
1087,10:30:27,21.51,8604,4,买盘
1088,10:30:30,21.5,2150,1,卖盘
1089,10:30:33,21.5,4300,2,卖盘
1090,10:30:36,21.5,32257,15,卖盘
1091,10:30:39,21.5,301123,140,卖盘
1092,10:30:42,21.51,19357,9,中性盘
1093,10:30:45,21.51,8604,4,卖盘
1094,10:30:48,21.51,40869,19,买盘
1095,10:30:51,21.51,36567,17,卖盘
1096,10:30:54,21.51,15057,7,卖盘
1097,10:30:57,21.51,103238,48,卖盘
1098,10:31:03,21.51,15057,7,卖盘
1099,10:31:06,21.51,129110,60,卖盘
1100,10:31:12,21.51,66681,31,卖盘
1101,10:31:15,21.51,10755,5,买盘
1102,10:31:18,21.51,305425,142,买盘
1103,10:31:21,21.5,70981,33,卖盘
1104,10:31:24,21.5,8600,4,卖盘
1105,10:31:30,21.5,94601,44,卖盘
1106,10:31:33,21.5,135454,63,卖盘
1107,10:31:36,21.5,32250,15,卖盘
1108,10:31:39,21.5,124700,58,卖盘
1109,10:31:42,21.51,19357,9,买盘
1110,10:31:45,21.5,36557,17,卖盘
1111,10:31:48,21.5,32260,15,卖盘
1112,10:31:51,21.5,25800,12,卖盘
1113,10:31:54,21.48,2461312,1145,卖盘
1114,10:31:57,21.5,60161,28,买盘
1115,10:32:00,21.48,294481,137,卖盘
1116,10:32:03,21.48,292128,136,卖盘
1117,10:32:06,21.48,365160,170,卖盘
1118,10:32:09,21.49,925794,431,买盘
1119,10:32:12,21.49,109551,51,买盘
1120,10:32:15,21.49,51596,24,卖盘
1121,10:32:18,21.48,12892,6,卖盘
1122,10:32:21,21.48,8592,4,买盘
1123,10:32:27,21.47,573259,267,卖盘
1124,10:32:30,21.48,32215,15,买盘
1125,10:32:33,21.47,120216,56,卖盘
1126,10:32:36,21.48,60106,28,买盘
1127,10:32:39,21.47,27911,13,卖盘
1128,10:32:42,21.46,98735,46,卖盘
1129,10:32:45,21.47,32201,15,卖盘
1130,10:32:48,21.47,161076,75,卖盘
1131,10:32:51,21.47,88027,41,卖盘
1132,10:32:54,21.47,4294,2,买盘
1133,10:32:57,21.46,17169,8,卖盘
1134,10:33:00,21.47,30048,14,买盘
1135,10:33:03,21.5,680867,317,买盘
1136,10:33:06,21.5,899956,419,买盘
1137,10:33:09,21.49,21490,10,卖盘
1138,10:33:12,21.49,159092,74,卖盘
1139,10:33:15,21.5,64506,30,买盘
1140,10:33:18,21.5,17200,8,买盘
1141,10:33:27,21.5,2150,1,卖盘
1142,10:33:30,21.51,6453,3,买盘
1143,10:33:33,21.5,27960,13,卖盘
1144,10:33:36,21.5,34405,16,卖盘
1145,10:33:39,21.5,15050,7,卖盘
1146,10:33:45,21.5,62370,29,卖盘
1147,10:33:48,21.5,53750,25,卖盘
1148,10:33:51,21.5,2150,1,卖盘
1149,10:33:54,21.5,6450,3,卖盘
1150,10:33:57,21.5,25800,12,卖盘
1151,10:34:03,21.5,38700,18,卖盘
1152,10:34:06,21.5,68800,32,卖盘
1153,10:34:09,21.5,247250,115,买盘
1154,10:34:15,21.5,55887,26,买盘
1155,10:34:18,21.5,120393,56,买盘
1156,10:34:21,21.48,6448,3,卖盘
1157,10:34:27,21.48,178284,83,卖盘
1158,10:34:30,21.47,62288,29,卖盘
1159,10:34:33,21.47,180351,84,卖盘
1160,10:34:36,21.46,276843,129,卖盘
1161,10:34:39,21.48,32210,15,买盘
1162,10:34:42,21.47,47234,22,卖盘
1163,10:34:45,21.47,25766,12,卖盘
1164,10:34:51,21.46,214617,100,卖盘
1165,10:35:00,21.46,23607,11,卖盘
1166,10:35:03,21.46,75135,35,卖盘
1167,10:35:06,21.47,19323,9,卖盘
1168,10:35:09,21.47,34352,16,卖盘
1169,10:35:12,21.47,32205,15,卖盘
1170,10:35:15,21.47,27911,13,卖盘
1171,10:35:18,21.47,180350,84,卖盘
1172,10:35:21,21.47,60116,28,卖盘
1173,10:35:24,21.47,21470,10,买盘
1174,10:35:27,21.47,23615,11,买盘
1175,10:35:30,21.47,139555,65,买盘
1176,10:35:33,21.47,23617,11,卖盘
1177,10:35:36,21.47,32205,15,卖盘
1178,10:35:42,21.47,718742,335,卖盘
1179,10:35:45,21.47,10737,5,卖盘
1180,10:35:48,21.47,4294,2,卖盘
1181,10:35:51,21.47,12882,6,卖盘
1182,10:35:54,21.48,4296,2,买盘
1183,10:35:57,21.47,148143,69,卖盘
1184,10:36:00,21.48,75151,35,买盘
1185,10:36:03,21.47,143884,67,卖盘
1186,10:36:06,21.48,253364,118,卖盘
1187,10:36:09,21.48,36516,17,卖盘
1188,10:36:12,21.47,8588,4,卖盘
1189,10:36:15,21.47,332840,155,卖盘
1190,10:36:18,21.48,15035,7,买盘
1191,10:36:21,21.47,12882,6,卖盘
1192,10:36:24,21.48,47256,22,买盘
1193,10:36:27,21.47,251256,117,卖盘
1194,10:36:30,21.48,42956,20,中性盘
1195,10:36:33,21.48,8592,4,卖盘
1196,10:36:36,21.49,6447,3,买盘
1197,10:36:39,21.48,4296,2,卖盘
1198,10:36:42,21.48,115996,54,卖盘
1199,10:36:51,21.48,21480,10,卖盘
1200,10:36:54,21.49,6447,3,买盘
1201,10:36:57,21.49,34384,16,买盘
1202,10:37:00,21.49,133201,62,买盘
1203,10:37:03,21.49,88099,41,买盘
1204,10:37:06,21.49,133187,62,中性盘
1205,10:37:09,21.49,70907,33,买盘
1206,10:37:15,21.49,19341,9,买盘
1207,10:37:18,21.48,68736,32,卖盘
1208,10:37:21,21.49,8593,4,买盘
1209,10:37:27,21.48,21480,10,卖盘
1210,10:37:30,21.48,126758,59,卖盘
1211,10:37:33,21.48,223392,104,卖盘
1212,10:37:36,21.48,32223,15,卖盘
1213,10:37:39,21.48,23628,11,卖盘
1214,10:37:42,21.49,6447,3,买盘
1215,10:37:51,21.49,36520,17,买盘
1216,10:37:54,21.49,17192,8,买盘
1217,10:37:57,21.49,17192,8,买盘
1218,10:38:00,21.49,38672,18,买盘
1219,10:38:03,21.49,6447,3,买盘
1220,10:38:06,21.49,34371,16,买盘
1221,10:38:09,21.48,242824,113,卖盘
1222,10:38:12,21.49,8596,4,买盘
1223,10:38:15,21.49,73043,34,买盘
1224,10:38:18,21.49,94556,44,买盘
1225,10:38:21,21.49,313754,146,卖盘
1226,10:38:24,21.49,42980,20,卖盘
1227,10:38:27,21.5,34386,16,买盘
1228,10:38:30,21.49,27937,13,卖盘
1229,10:38:33,21.49,2149,1,卖盘
1230,10:38:39,21.5,58049,27,买盘
1231,10:38:42,21.49,64475,30,卖盘
1232,10:38:45,21.49,4298,2,卖盘
1233,10:38:51,21.49,32235,15,卖盘
1234,10:38:54,21.5,17200,8,买盘
1235,10:38:57,21.5,107500,50,买盘
1236,10:39:00,21.5,6450,3,买盘
1237,10:39:03,21.5,107478,50,买盘
1238,10:39:06,21.49,4298,2,卖盘
1239,10:39:09,21.5,4300,2,买盘
1240,10:39:15,21.5,66634,31,买盘
1241,10:39:24,21.52,1939977,902,买盘
1242,10:39:27,21.53,58106,27,买盘
1243,10:39:30,21.52,40898,19,卖盘
1244,10:39:33,21.52,94688,44,卖盘
1245,10:39:36,21.52,47344,22,卖盘
1246,10:39:42,21.52,38736,18,卖盘
1247,10:39:45,21.53,79636,37,买盘
1248,10:39:48,21.53,6458,3,买盘
1249,10:39:51,21.52,2152,1,买盘
1250,10:39:54,21.52,43036,20,买盘
1251,10:39:57,21.5,53790,25,卖盘
1252,10:40:03,21.51,8604,4,卖盘
1253,10:40:06,21.52,10757,5,买盘
1254,10:40:09,21.51,6453,3,卖盘
1255,10:40:15,21.52,25817,12,买盘
1256,10:40:21,21.52,21517,10,买盘
1257,10:40:27,21.5,55910,26,卖盘
1258,10:40:30,21.51,15063,7,中性盘
1259,10:40:33,21.52,88228,41,买盘
1260,10:40:39,21.51,2151,1,卖盘
1261,10:40:42,21.52,144182,67,买盘
1262,10:40:45,21.51,150570,70,卖盘
1263,10:40:48,21.51,45171,21,卖盘
1264,10:40:51,21.51,6453,3,卖盘
1265,10:40:54,21.51,12906,6,买盘
1266,10:41:06,21.52,30128,14,买盘
1267,10:41:09,21.51,12906,6,卖盘
1268,10:41:12,21.51,19359,9,卖盘
1269,10:41:18,21.51,73134,34,卖盘
1270,10:41:24,21.52,43040,20,买盘
1271,10:41:27,21.51,47324,22,卖盘
1272,10:41:30,21.51,30127,14,卖盘
1273,10:41:33,21.52,38736,18,买盘
1274,10:41:36,21.52,25824,12,买盘
1275,10:41:42,21.51,8607,4,卖盘
1276,10:41:45,21.52,120462,56,买盘
1277,10:41:48,21.52,8607,4,买盘
1278,10:41:51,21.52,163492,76,买盘
1279,10:41:54,21.51,64530,30,卖盘
1280,10:41:57,21.51,40869,19,卖盘
1281,10:42:00,21.51,4302,2,卖盘
1282,10:42:03,21.51,2151,1,卖盘
1283,10:42:06,21.51,60228,28,卖盘
1284,10:42:09,21.52,23672,11,买盘
1285,10:42:12,21.51,107550,50,卖盘
1286,10:42:15,21.51,4302,2,卖盘
1287,10:42:21,21.52,15064,7,买盘
1288,10:42:27,21.52,32280,15,买盘
1289,10:42:30,21.51,2151,1,卖盘
1290,10:42:33,21.52,8608,4,买盘
1291,10:42:36,21.52,62408,29,买盘
1292,10:42:39,21.52,53790,25,买盘
1293,10:42:42,21.52,34432,16,买盘
1294,10:42:48,21.53,6459,3,买盘
1295,10:42:51,21.53,8612,4,买盘
1296,10:43:00,21.52,23674,11,卖盘
1297,10:43:03,21.52,4304,2,卖盘
1298,10:43:06,21.53,21530,10,买盘
1299,10:43:09,21.52,47344,22,卖盘
1300,10:43:12,21.53,253992,118,买盘
1301,10:43:21,21.52,21520,10,买盘
1302,10:43:27,21.52,86079,40,买盘
1303,10:43:30,21.52,170002,79,买盘
1304,10:43:33,21.52,4303,2,买盘
1305,10:43:36,21.52,21520,10,买盘
1306,10:43:39,21.51,83924,39,卖盘
1307,10:43:42,21.51,10755,5,卖盘
1308,10:43:45,21.51,21510,10,卖盘
1309,10:43:51,21.51,23668,11,卖盘
1310,10:43:57,21.52,62406,29,买盘
1311,10:44:00,21.52,2152,1,卖盘
1312,10:44:03,21.52,8608,4,卖盘
1313,10:44:09,21.52,23672,11,卖盘
1314,10:44:15,21.52,66712,31,卖盘
1315,10:44:18,21.53,2153,1,买盘
1316,10:44:21,21.53,10765,5,买盘
1317,10:44:24,21.52,4304,2,卖盘
1318,10:44:27,21.53,64589,30,买盘
1319,10:44:30,21.52,21521,10,卖盘
1320,10:44:33,21.52,10760,5,卖盘
1321,10:44:36,21.52,2152,1,卖盘
1322,10:44:39,21.52,4304,2,卖盘
1323,10:44:42,21.52,55952,26,卖盘
1324,10:44:45,21.52,64560,30,卖盘
1325,10:44:48,21.53,148538,69,买盘
1326,10:44:54,21.52,17216,8,卖盘
1327,10:45:03,21.52,15069,7,卖盘
1328,10:45:09,21.52,10763,5,卖盘
1329,10:45:15,21.52,32280,15,卖盘
1330,10:45:21,21.52,27976,13,卖盘
1331,10:45:24,21.52,36568,17,买盘
1332,10:45:27,21.51,2151,1,卖盘
1333,10:45:30,21.51,2151,1,卖盘
1334,10:45:39,21.51,43020,20,卖盘
1335,10:45:42,21.51,73134,34,卖盘
1336,10:45:45,21.51,116154,54,卖盘
1337,10:45:48,21.51,2151,1,买盘
1338,10:45:51,21.51,6453,3,买盘
1339,10:46:00,21.5,116104,54,卖盘
1340,10:46:03,21.5,32250,15,卖盘
1341,10:46:06,21.5,202100,94,卖盘
1342,10:46:09,21.49,550362,256,卖盘
1343,10:46:15,21.5,217050,101,买盘
1344,10:46:21,21.49,23642,11,卖盘
1345,10:46:27,21.49,90258,42,卖盘
1346,10:46:30,21.49,2149,1,卖盘
1347,10:46:33,21.5,83849,39,买盘
1348,10:46:36,21.5,107476,50,卖盘
1349,10:46:45,21.5,17200,8,买盘
1350,10:46:51,21.49,36533,17,卖盘
1351,10:46:54,21.5,10750,5,买盘
1352,10:47:00,21.5,73080,34,买盘
1353,10:47:03,21.5,58043,27,买盘
1354,10:47:06,21.49,6447,3,卖盘
1355,10:47:09,21.5,6450,3,买盘
1356,10:47:18,21.5,32250,15,买盘
1357,10:47:21,21.49,4298,2,卖盘
1358,10:47:27,21.5,266529,124,买盘
1359,10:47:30,21.5,101050,47,卖盘
1360,10:47:33,21.5,2150,1,中性盘
1361,10:47:36,21.49,116050,54,卖盘
1362,10:47:42,21.49,208453,97,卖盘
1363,10:47:48,21.49,45110,21,买盘
1364,10:47:51,21.49,21490,10,买盘
1365,10:47:54,21.49,2149,1,买盘
1366,10:48:00,21.48,2148,1,卖盘
1367,10:48:03,21.48,6444,3,卖盘
1368,10:48:09,21.48,73032,34,卖盘
1369,10:48:12,21.48,98808,46,卖盘
1370,10:48:15,21.49,2149,1,买盘
1371,10:48:24,21.49,10745,5,买盘
1372,10:48:30,21.49,2149,1,买盘
1373,10:48:33,21.48,2148,1,卖盘
1374,10:48:36,21.48,25781,12,卖盘
1375,10:48:39,21.48,212702,99,卖盘
1376,10:48:42,21.49,118143,55,买盘
1377,10:48:45,21.49,472780,220,买盘
1378,10:48:48,21.48,281402,131,卖盘
1379,10:48:51,21.49,64470,30,买盘
1380,10:48:57,21.48,68741,32,卖盘
1381,10:49:00,21.48,4296,2,卖盘
1382,10:49:03,21.48,122440,57,卖盘
1383,10:49:09,21.49,42980,20,买盘
1384,10:49:12,21.48,2148,1,卖盘
1385,10:49:15,21.49,6447,3,买盘
1386,10:49:18,21.49,6447,3,买盘
1387,10:49:24,21.49,53720,25,买盘
1388,10:49:30,21.48,107400,50,卖盘
1389,10:49:39,21.48,8592,4,卖盘
1390,10:49:42,21.49,27936,13,买盘
1391,10:49:51,21.49,253466,118,买盘
1392,10:49:54,21.49,126782,59,买盘
1393,10:49:57,21.49,42980,20,买盘
1394,10:50:00,21.49,176225,82,买盘
1395,10:50:09,21.49,229943,107,卖盘
1396,10:50:15,21.49,60181,28,卖盘
1397,10:50:18,21.5,47300,22,买盘
1398,10:50:21,21.49,47280,22,卖盘
1399,10:50:24,21.5,137550,64,买盘
1400,10:50:30,21.49,10745,5,卖盘
1401,10:50:33,21.5,45139,21,买盘
1402,10:50:36,21.49,75216,35,卖盘
1403,10:50:42,21.5,21500,10,买盘
1404,10:50:45,21.5,27950,13,买盘
1405,10:50:51,21.5,8600,4,买盘
1406,10:50:54,21.5,236500,110,买盘
1407,10:50:57,21.5,17200,8,买盘
1408,10:51:00,21.5,2150,1,卖盘
1409,10:51:06,21.51,10755,5,买盘
1410,10:51:09,21.51,6451,3,买盘
1411,10:51:15,21.5,215004,100,卖盘
1412,10:51:21,21.52,2152,1,买盘
1413,10:51:24,21.52,4304,2,买盘
1414,10:51:30,21.52,23672,11,卖盘
1415,10:51:33,21.52,4304,2,卖盘
1416,10:51:36,21.53,2153,1,买盘
1417,10:51:39,21.53,15071,7,买盘
1418,10:51:48,21.53,8612,4,买盘
1419,10:51:51,21.54,228216,106,买盘
1420,10:51:54,21.52,27979,13,卖盘
1421,10:51:57,21.54,25848,12,买盘
1422,10:52:00,21.54,4307,2,买盘
1423,10:52:03,21.53,2153,1,卖盘
1424,10:52:06,21.53,27989,13,卖盘
1425,10:52:12,21.53,279730,130,买盘
1426,10:52:21,21.52,30138,14,卖盘
1427,10:52:24,21.53,32290,15,买盘
1428,10:52:30,21.52,38736,18,卖盘
1429,10:52:39,21.52,4304,2,买盘
1430,10:52:48,21.52,21520,10,买盘
1431,10:52:51,21.52,45192,21,买盘
1432,10:52:54,21.51,10755,5,卖盘
1433,10:52:57,21.52,4304,2,买盘
1434,10:53:03,21.52,6455,3,买盘
1435,10:53:09,21.52,58097,27,买盘
1436,10:53:15,21.52,30117,14,买盘
1437,10:53:18,21.52,64560,30,买盘
1438,10:53:24,21.51,6453,3,卖盘
1439,10:53:30,21.52,2152,1,买盘
1440,10:53:33,21.51,2151,1,卖盘
1441,10:53:39,21.51,21510,10,卖盘
1442,10:53:51,21.51,30117,14,卖盘
1443,10:53:57,21.51,6454,3,卖盘
1444,10:54:00,21.51,23671,11,卖盘
1445,10:54:03,21.51,8604,4,卖盘
1446,10:54:06,21.51,215100,100,卖盘
1447,10:54:12,21.51,47324,22,卖盘
1448,10:54:15,21.51,21510,10,买盘
1449,10:54:18,21.5,43000,20,卖盘
1450,10:54:21,21.51,58055,27,买盘
1451,10:54:24,21.5,51600,24,卖盘
1452,10:54:30,21.51,27962,13,买盘
1453,10:54:33,21.5,21500,10,卖盘
1454,10:54:39,21.51,161324,75,买盘
1455,10:54:42,21.51,34416,16,卖盘
1456,10:54:48,21.52,60229,28,买盘
1457,10:54:54,21.52,34432,16,买盘
1458,10:54:57,21.51,212949,99,卖盘
1459,10:55:03,21.51,19359,9,卖盘
1460,10:55:12,21.51,55926,26,卖盘
1461,10:55:15,21.52,2152,1,买盘
1462,10:55:24,21.51,43020,20,卖盘
1463,10:55:30,21.51,6453,3,卖盘
1464,10:55:36,21.51,27966,13,卖盘
1465,10:55:45,21.51,116205,54,卖盘
1466,10:55:51,21.51,90342,42,卖盘
1467,10:55:54,21.52,4304,2,买盘
1468,10:55:57,21.51,118305,55,卖盘
1469,10:56:00,21.51,38735,18,卖盘
1470,10:56:03,21.52,10760,5,买盘
1471,10:56:06,21.53,215228,100,买盘
1472,10:56:12,21.52,12912,6,卖盘
1473,10:56:15,21.52,2152,1,买盘
1474,10:56:18,21.52,2152,1,买盘
1475,10:56:21,21.53,182983,85,买盘
1476,10:56:30,21.53,2153,1,卖盘
1477,10:56:42,21.54,21540,10,买盘
1478,10:56:51,21.54,84006,39,买盘
1479,10:56:54,21.54,15078,7,卖盘
1480,10:56:57,21.55,21550,10,买盘
1481,10:57:00,21.54,49542,23,卖盘
1482,10:57:03,21.55,10775,5,买盘
1483,10:57:12,21.55,21550,10,买盘
1484,10:57:15,21.55,2155,1,买盘
1485,10:57:18,21.54,64620,30,卖盘
1486,10:57:21,21.55,6465,3,买盘
1487,10:57:24,21.54,10770,5,卖盘
1488,10:57:27,21.55,2155,1,买盘
1489,10:57:33,21.54,2154,1,卖盘
1490,10:57:36,21.54,12924,6,卖盘
1491,10:57:39,21.55,8620,4,买盘
1492,10:57:45,21.54,2154,1,卖盘
1493,10:57:54,21.54,15078,7,卖盘
1494,10:57:57,21.54,2154,1,卖盘
1495,10:58:00,21.55,32325,15,买盘
1496,10:58:03,21.54,2154,1,卖盘
1497,10:58:06,21.54,131394,61,卖盘
1498,10:58:18,21.54,4308,2,买盘
1499,10:58:21,21.54,10770,5,买盘
1500,10:58:30,21.53,2153,1,卖盘
1501,10:58:33,21.54,21540,10,买盘
1502,10:58:39,21.53,12918,6,卖盘
1503,10:58:48,21.54,150778,70,买盘
1504,10:58:51,21.54,23694,11,卖盘
1505,10:58:57,21.54,15078,7,卖盘
1506,10:59:00,21.54,6462,3,卖盘
1507,10:59:03,21.55,6465,3,买盘
1508,10:59:06,21.54,94776,44,卖盘
1509,10:59:09,21.55,6465,3,买盘
1510,10:59:12,21.54,2154,1,中性盘
1511,10:59:21,21.54,43080,20,买盘
1512,10:59:24,21.54,2154,1,买盘
1513,10:59:27,21.52,488641,227,卖盘
1514,10:59:42,21.52,195832,91,卖盘
1515,10:59:51,21.52,36599,17,卖盘
1516,11:00:00,21.52,43040,20,卖盘
1517,11:00:06,21.53,111956,52,买盘
1518,11:00:15,21.53,99038,46,卖盘
1519,11:00:18,21.53,19377,9,中性盘
1520,11:00:21,21.53,4307,2,卖盘
1521,11:00:27,21.52,10760,5,卖盘
1522,11:00:33,21.52,281912,131,卖盘
1523,11:00:42,21.51,8604,4,卖盘
1524,11:00:48,21.51,4302,2,卖盘
1525,11:00:51,21.51,10755,5,卖盘
1526,11:00:57,21.52,21520,10,买盘
1527,11:01:00,21.52,23672,11,买盘
1528,11:01:03,21.51,703386,327,卖盘
1529,11:01:06,21.51,759303,353,卖盘
1530,11:01:12,21.51,70982,33,中性盘
1531,11:01:15,21.5,21500,10,卖盘
1532,11:01:18,21.5,34400,16,卖盘
1533,11:01:21,21.52,25810,12,买盘
1534,11:01:24,21.52,68860,32,买盘
1535,11:01:27,21.51,120456,56,中性盘
1536,11:01:30,21.5,111844,52,卖盘
1537,11:01:33,21.51,4301,2,买盘
1538,11:01:39,21.51,6453,3,买盘
1539,11:01:48,21.51,6453,3,买盘
1540,11:01:51,21.5,161256,75,卖盘
1541,11:02:00,21.51,21505,10,买盘
1542,11:02:03,21.5,6452,3,卖盘
1543,11:02:06,21.51,4302,2,买盘
1544,11:02:09,21.5,38702,18,卖盘
1545,11:02:12,21.51,4302,2,买盘
1546,11:02:15,21.51,36557,17,买盘
1547,11:02:18,21.51,12906,6,卖盘
1548,11:02:21,21.51,21510,10,卖盘
1549,11:02:36,21.51,43020,20,卖盘
1550,11:02:39,21.52,8607,4,买盘
1551,11:02:42,21.52,21520,10,买盘
1552,11:02:48,21.52,86075,40,买盘
1553,11:02:51,21.52,6456,3,卖盘
1554,11:02:57,21.52,2152,1,买盘
1555,11:03:00,21.53,23680,11,买盘
1556,11:03:09,21.53,21530,10,买盘
1557,11:03:12,21.52,4304,2,卖盘
1558,11:03:15,21.51,10756,5,卖盘
1559,11:03:18,21.52,4304,2,买盘
1560,11:03:27,21.52,135516,63,买盘
1561,11:03:33,21.52,4304,2,卖盘
1562,11:03:39,21.52,4304,2,买盘
1563,11:03:45,21.52,10760,5,卖盘
1564,11:03:48,21.51,10755,5,卖盘
1565,11:03:51,21.51,2151,1,卖盘
1566,11:03:57,21.51,6453,3,卖盘
1567,11:04:00,21.51,8604,4,卖盘
1568,11:04:09,21.52,53777,25,买盘
1569,11:04:12,21.52,2152,1,买盘
1570,11:04:15,21.52,43040,20,买盘
1571,11:04:18,21.52,6456,3,买盘
1572,11:04:24,21.52,32280,15,买盘
1573,11:04:33,21.52,30128,14,卖盘
1574,11:04:36,21.52,10760,5,买盘
1575,11:04:39,21.52,47344,22,买盘
1576,11:04:42,21.51,49473,23,卖盘
1577,11:04:48,21.51,2151,1,卖盘
1578,11:05:00,21.51,15057,7,卖盘
1579,11:05:12,21.51,19359,9,卖盘
1580,11:05:15,21.51,21510,10,卖盘
1581,11:05:18,21.52,8608,4,买盘
1582,11:05:24,21.51,21510,10,卖盘
1583,11:05:27,21.51,12906,6,卖盘
1584,11:05:33,21.51,30114,14,买盘
1585,11:05:36,21.5,10750,5,卖盘
1586,11:05:42,21.51,10755,5,买盘
1587,11:05:45,21.5,34406,16,卖盘
1588,11:05:51,21.5,15050,7,卖盘
1589,11:06:00,21.5,6450,3,卖盘
1590,11:06:03,21.51,12905,6,买盘
1591,11:06:15,21.51,21510,10,买盘
1592,11:06:18,21.51,34416,16,买盘
1593,11:06:21,21.51,4302,2,买盘
1594,11:06:27,21.5,21508,10,卖盘
1595,11:06:30,21.51,10751,5,买盘
1596,11:06:33,21.5,10750,5,卖盘
1597,11:06:48,21.51,10755,5,买盘
1598,11:06:54,21.5,17200,8,卖盘
1599,11:06:57,21.51,2151,1,买盘
1600,11:07:03,21.51,10755,5,买盘
1601,11:07:06,21.5,27958,13,卖盘
1602,11:07:12,21.51,4302,2,买盘
1603,11:07:15,21.51,12904,6,买盘
1604,11:07:21,21.51,2151,1,买盘
1605,11:07:30,21.51,32265,15,买盘
1606,11:07:36,21.5,75260,35,卖盘
1607,11:07:39,21.5,2150,1,卖盘
1608,11:07:48,21.51,21510,10,买盘
1609,11:07:51,21.51,25809,12,买盘
1610,11:07:54,21.5,6451,3,卖盘
1611,11:07:57,21.5,25800,12,卖盘
1612,11:08:03,21.5,49450,23,卖盘
1613,11:08:12,21.5,2150,1,卖盘
1614,11:08:15,21.51,10755,5,买盘
1615,11:08:18,21.51,2151,1,买盘
1616,11:08:21,21.51,12906,6,买盘
1617,11:08:24,21.51,10755,5,买盘
1618,11:08:30,21.5,47300,22,卖盘
1619,11:08:33,21.5,4300,2,卖盘
1620,11:08:36,21.51,70969,33,买盘
1621,11:08:42,21.51,15057,7,卖盘
1622,11:08:48,21.51,10755,5,买盘
1623,11:08:51,21.51,17208,8,买盘
1624,11:08:57,21.51,32265,15,卖盘
1625,11:09:03,21.51,8604,4,买盘
1626,11:09:06,21.51,2151,1,买盘
1627,11:09:09,21.51,75285,35,买盘
1628,11:09:12,21.51,4302,2,买盘
1629,11:09:24,21.51,53780,25,卖盘
1630,11:09:33,21.51,15057,7,卖盘
1631,11:09:36,21.51,4302,2,卖盘
1632,11:09:42,21.51,4302,2,卖盘
1633,11:09:48,21.52,122664,57,买盘
1634,11:09:51,21.52,4304,2,卖盘
1635,11:09:54,21.53,17223,8,买盘
1636,11:10:00,21.57,1297298,602,买盘
1637,11:10:03,21.6,889657,412,买盘
1638,11:10:06,21.6,32400,15,买盘
1639,11:10:09,21.6,261360,121,买盘
1640,11:10:12,21.6,2160,1,买盘
1641,11:10:15,21.6,32400,15,卖盘
1642,11:10:18,21.6,95022,44,卖盘
1643,11:10:21,21.6,12960,6,买盘
1644,11:10:33,21.58,23749,11,卖盘
1645,11:10:36,21.6,38870,18,买盘
1646,11:10:39,21.6,56160,26,买盘
1647,11:10:42,21.6,8640,4,买盘
1648,11:10:51,21.6,4320,2,买盘
1649,11:10:54,21.6,6480,3,买盘
1650,11:10:57,21.6,4320,2,买盘
1651,11:11:03,21.59,79857,37,中性盘
1652,11:11:06,21.55,12932,6,卖盘
1653,11:11:27,21.59,8636,4,买盘
1654,11:11:33,21.59,4318,2,买盘
1655,11:11:39,21.56,30184,14,卖盘
1656,11:11:48,21.56,10780,5,卖盘
1657,11:11:51,21.55,43106,20,卖盘
1658,11:12:00,21.58,21580,10,买盘
1659,11:12:12,21.58,23738,11,买盘
1660,11:12:15,21.58,28054,13,买盘
1661,11:12:21,21.58,2158,1,买盘
1662,11:12:27,21.56,15094,7,卖盘
1663,11:12:30,21.56,21560,10,卖盘
1664,11:12:45,21.56,10782,5,卖盘
1665,11:12:48,21.56,58212,27,卖盘
1666,11:12:54,21.56,15092,7,卖盘
1667,11:12:57,21.56,17248,8,买盘
1668,11:13:03,21.56,25872,12,买盘
1669,11:13:06,21.56,21560,10,卖盘
1670,11:13:09,21.57,30198,14,中性盘
1671,11:13:15,21.56,38808,18,卖盘
1672,11:13:21,21.58,8632,4,买盘
1673,11:13:24,21.56,8624,4,卖盘
1674,11:13:30,21.56,75460,35,买盘
1675,11:13:39,21.56,12936,6,卖盘
1676,11:13:42,21.56,2156,1,卖盘
1677,11:13:48,21.57,10785,5,买盘
1678,11:13:54,21.57,2157,1,买盘
1679,11:14:00,21.57,8628,4,买盘
1680,11:14:03,21.57,2157,1,买盘
1681,11:14:06,21.56,10780,5,卖盘
1682,11:14:09,21.57,15099,7,买盘
1683,11:14:12,21.56,21560,10,卖盘
1684,11:14:21,21.56,53900,25,卖盘
1685,11:14:27,21.56,12936,6,卖盘
1686,11:14:33,21.56,10780,5,卖盘
1687,11:14:36,21.56,2156,1,卖盘
1688,11:14:39,21.56,4312,2,卖盘
1689,11:14:42,21.57,21570,10,买盘
1690,11:14:45,21.57,10785,5,买盘
1691,11:14:48,21.57,10785,5,买盘
1692,11:14:54,21.56,21560,10,卖盘
1693,11:14:57,21.56,43120,20,卖盘
1694,11:15:06,21.56,19404,9,卖盘
1695,11:15:12,21.57,4314,2,买盘
1696,11:15:30,21.57,58239,27,买盘
1697,11:15:33,21.57,32355,15,卖盘
1698,11:15:36,21.57,6471,3,卖盘
1699,11:15:42,21.56,66837,31,卖盘
1700,11:16:09,21.57,10783,5,买盘
1701,11:16:18,21.57,17251,8,买盘
1702,11:16:21,21.56,4312,2,卖盘
1703,11:16:27,21.57,84101,39,买盘
1704,11:16:30,21.57,4314,2,买盘
1705,11:16:33,21.57,6471,3,买盘
1706,11:16:36,21.57,53925,25,买盘
1707,11:16:42,21.57,2157,1,卖盘
1708,11:16:48,21.57,12942,6,卖盘
1709,11:16:51,21.57,25884,12,买盘
1710,11:16:54,21.57,107850,50,买盘
1711,11:17:00,21.57,17256,8,买盘
1712,11:17:06,21.58,2158,1,买盘
1713,11:17:09,21.58,10787,5,买盘
1714,11:17:12,21.58,32360,15,买盘
1715,11:17:21,21.58,36675,17,买盘
1716,11:17:30,21.58,4316,2,买盘
1717,11:17:39,21.58,41002,19,买盘
1718,11:17:54,21.58,12948,6,买盘
1719,11:18:00,21.58,10790,5,买盘
1720,11:18:03,21.57,77656,36,卖盘
1721,11:18:06,21.59,2159,1,买盘
1722,11:18:09,21.58,2158,1,中性盘
1723,11:18:24,21.58,64740,30,买盘
1724,11:18:33,21.59,8636,4,买盘
1725,11:18:36,21.59,12954,6,买盘
1726,11:18:39,21.58,34539,16,卖盘
1727,11:18:48,21.59,12954,6,卖盘
1728,11:18:54,21.6,19437,9,买盘
1729,11:18:57,21.6,6480,3,买盘
1730,11:19:00,21.59,66955,31,卖盘
1731,11:19:09,21.6,21600,10,买盘
1732,11:19:12,21.6,6480,3,买盘
1733,11:19:15,21.59,6478,3,卖盘
1734,11:19:18,21.55,1115389,517,卖盘
1735,11:19:24,21.56,21560,10,买盘
1736,11:19:30,21.56,28028,13,买盘
1737,11:19:33,21.57,2157,1,买盘
1738,11:19:48,21.57,56061,26,买盘
1739,11:19:54,21.57,2157,1,买盘
1740,11:19:57,21.56,17248,8,卖盘
1741,11:20:00,21.56,19404,9,卖盘
1742,11:20:03,21.56,2156,1,买盘
1743,11:20:06,21.56,45276,21,买盘
1744,11:20:09,21.56,15092,7,买盘
1745,11:20:12,21.55,172400,80,卖盘
1746,11:20:15,21.56,51744,24,买盘
1747,11:20:21,21.55,10775,5,卖盘
1748,11:20:24,21.56,4312,2,买盘
1749,11:20:27,21.57,4314,2,买盘
1750,11:20:30,21.56,64680,30,卖盘
1751,11:20:33,21.57,2157,1,买盘
1752,11:20:36,21.57,21570,10,买盘
1753,11:20:39,21.57,21562,10,买盘
1754,11:20:42,21.56,10780,5,卖盘
1755,11:20:51,21.56,79778,37,卖盘
1756,11:20:54,21.56,43120,20,卖盘
1757,11:20:57,21.57,8628,4,中性盘
1758,11:21:00,21.57,25884,12,卖盘
1759,11:21:06,21.57,8628,4,买盘
1760,11:21:18,21.56,12937,6,卖盘
1761,11:21:21,21.56,219912,102,卖盘
1762,11:21:24,21.56,6468,3,买盘
1763,11:21:33,21.56,101332,47,买盘
1764,11:21:36,21.57,2272430,1054,买盘
1765,11:21:57,21.57,21570,10,卖盘
1766,11:22:06,21.58,23738,11,买盘
1767,11:22:15,21.58,43160,20,买盘
1768,11:22:18,21.58,53950,25,买盘
1769,11:22:21,21.58,56108,26,买盘
1770,11:22:30,21.59,21590,10,买盘
1771,11:22:39,21.6,10800,5,买盘
1772,11:22:42,21.6,25920,12,买盘
1773,11:22:45,21.59,86360,40,卖盘
1774,11:22:48,21.59,58290,27,买盘
1775,11:22:51,21.59,28067,13,买盘
1776,11:22:54,21.59,23749,11,买盘
1777,11:23:00,21.59,36703,17,买盘
1778,11:23:06,21.59,97155,45,买盘
1779,11:23:09,21.59,6477,3,买盘
1780,11:23:15,21.59,77724,36,卖盘
1781,11:23:18,21.58,2158,1,卖盘
1782,11:23:24,21.58,4316,2,卖盘
1783,11:23:30,21.6,86397,40,买盘
1784,11:23:48,21.59,25908,12,卖盘
1785,11:23:51,21.6,43200,20,买盘
1786,11:23:54,21.58,53953,25,卖盘
1787,11:24:03,21.59,23749,11,卖盘
1788,11:24:06,21.6,25910,12,买盘
1789,11:24:09,21.59,10795,5,中性盘
1790,11:24:33,21.59,32385,15,买盘
1791,11:24:36,21.58,25898,12,卖盘
1792,11:24:39,21.58,2158,1,卖盘
1793,11:24:42,21.58,58266,27,卖盘
1794,11:24:51,21.58,118690,55,卖盘
1795,11:24:54,21.58,32370,15,买盘
1796,11:25:00,21.59,66921,31,买盘
1797,11:25:03,21.57,10785,5,卖盘
1798,11:25:12,21.57,2157,1,卖盘
1799,11:25:21,21.59,2159,1,买盘
1800,11:25:27,21.57,6471,3,卖盘
1801,11:25:30,21.59,23749,11,买盘
1802,11:25:42,21.57,2157,1,卖盘
1803,11:25:51,21.58,10790,5,买盘
1804,11:26:06,21.58,4316,2,卖盘
1805,11:26:12,21.58,4316,2,卖盘
1806,11:26:15,21.58,6474,3,卖盘
1807,11:26:18,21.58,4316,2,买盘
1808,11:26:30,21.58,2158,1,买盘
1809,11:26:36,21.58,2158,1,买盘
1810,11:26:39,21.57,129420,60,卖盘
1811,11:26:51,21.58,2158,1,卖盘
1812,11:26:54,21.58,6474,3,买盘
1813,11:27:00,21.57,8628,4,卖盘
1814,11:27:03,21.57,6471,3,卖盘
1815,11:27:06,21.57,25884,12,卖盘
1816,11:27:18,21.57,135891,63,卖盘
1817,11:27:21,21.58,64740,30,买盘
1818,11:27:24,21.57,47461,22,卖盘
1819,11:27:27,21.57,12942,6,卖盘
1820,11:27:33,21.58,164008,76,买盘
1821,11:27:36,21.58,4316,2,买盘
1822,11:27:42,21.58,19415,9,买盘
1823,11:27:48,21.58,4316,2,买盘
1824,11:27:51,21.58,6474,3,买盘
1825,11:28:00,21.58,12948,6,买盘
1826,11:28:09,21.57,2157,1,卖盘
1827,11:28:12,21.58,23736,11,买盘
1828,11:28:15,21.58,58266,27,卖盘
1829,11:28:21,21.58,47493,22,卖盘
1830,11:28:36,21.58,45328,21,卖盘
1831,11:28:39,21.58,6474,3,卖盘
1832,11:28:45,21.58,2158,1,买盘
1833,11:28:51,21.57,56082,26,卖盘
1834,11:28:54,21.58,2158,1,买盘
1835,11:28:57,21.57,263154,122,卖盘
1836,11:29:00,21.56,12936,6,卖盘
1837,11:29:06,21.56,17248,8,卖盘
1838,11:29:12,21.56,23716,11,卖盘
1839,11:29:18,21.56,15093,7,卖盘
1840,11:29:24,21.56,12936,6,卖盘
1841,11:29:27,21.56,12936,6,卖盘
1842,11:29:36,21.56,88396,41,卖盘
1843,11:29:39,21.56,418264,194,卖盘
1844,11:29:42,21.56,6468,3,买盘
1845,11:29:48,21.56,2156,1,买盘
1846,11:29:51,21.56,144452,67,买盘
1847,11:29:54,21.55,12930,6,卖盘
1848,13:00:00,21.55,172403,80,卖盘
1849,13:00:03,21.55,405154,188,卖盘
1850,13:00:09,21.55,4310,2,买盘
1851,13:00:12,21.54,36618,17,卖盘
1852,13:00:21,21.53,92585,43,卖盘
1853,13:00:27,21.54,19386,9,卖盘
1854,13:00:30,21.54,2154,1,买盘
1855,13:00:33,21.54,4308,2,买盘
1856,13:00:36,21.54,36615,17,买盘
1857,13:00:39,21.54,21540,10,买盘
1858,13:00:45,21.54,4308,2,买盘
1859,13:00:48,21.54,4308,2,买盘
1860,13:00:51,21.54,2154,1,买盘
1861,13:00:54,21.53,271278,126,卖盘
1862,13:01:00,21.53,359554,167,卖盘
1863,13:01:03,21.53,4306,2,买盘
1864,13:01:06,21.52,25826,12,卖盘
1865,13:01:12,21.53,139939,65,买盘
1866,13:01:15,21.53,2153,1,买盘
1867,13:01:18,21.52,47346,22,卖盘
1868,13:01:21,21.52,98992,46,卖盘
1869,13:01:30,21.52,342168,159,卖盘
1870,13:01:39,21.52,58104,27,卖盘
1871,13:01:42,21.53,2153,1,买盘
1872,13:01:54,21.52,34432,16,卖盘
1873,13:01:57,21.52,6456,3,买盘
1874,13:02:03,21.52,21520,10,买盘
1875,13:02:09,21.52,75320,35,卖盘
1876,13:02:12,21.52,2152,1,买盘
1877,13:02:15,21.51,6453,3,卖盘
1878,13:02:18,21.51,105399,49,卖盘
1879,13:02:21,21.51,73134,34,卖盘
1880,13:02:24,21.52,12911,6,买盘
1881,13:02:27,21.51,40869,19,卖盘
1882,13:02:30,21.51,6453,3,卖盘
1883,13:02:36,21.52,23662,11,买盘
1884,13:02:39,21.52,34432,16,买盘
1885,13:02:42,21.52,6456,3,买盘
1886,13:02:45,21.51,15057,7,卖盘
1887,13:02:48,21.52,23672,11,买盘
1888,13:02:51,21.53,307761,143,买盘
1889,13:02:57,21.53,8612,4,买盘
1890,13:03:00,21.52,45193,21,卖盘
1891,13:03:03,21.53,10762,5,买盘
1892,13:03:12,21.52,15069,7,卖盘
1893,13:03:18,21.52,4304,2,卖盘
1894,13:03:21,21.52,10760,5,卖盘
1895,13:03:30,21.53,21530,10,买盘
1896,13:03:33,21.52,103296,48,卖盘
1897,13:03:39,21.53,21530,10,卖盘
1898,13:03:45,21.53,4306,2,买盘
1899,13:03:48,21.52,6456,3,卖盘
1900,13:03:54,21.53,10765,5,买盘
1901,13:04:03,21.52,4304,2,卖盘
1902,13:04:06,21.52,107600,50,卖盘
1903,13:04:18,21.52,107600,50,卖盘
1904,13:04:21,21.53,2153,1,买盘
1905,13:04:27,21.52,19368,9,卖盘
1906,13:04:30,21.52,15065,7,卖盘
1907,13:04:36,21.5,2302894,1071,卖盘
1908,13:04:45,21.5,34400,16,买盘
1909,13:04:48,21.49,505015,235,卖盘
1910,13:04:54,21.49,318052,148,卖盘
1911,13:04:57,21.48,30077,14,卖盘
1912,13:05:00,21.48,2291965,1067,卖盘
1913,13:05:03,21.48,30073,14,卖盘
1914,13:05:06,21.48,10740,5,买盘
1915,13:05:09,21.47,120277,56,卖盘
1916,13:05:12,21.48,12888,6,买盘
1917,13:05:15,21.48,21480,10,买盘
1918,13:05:18,21.47,36503,17,卖盘
1919,13:05:24,21.47,8589,4,卖盘
1920,13:05:27,21.47,21470,10,卖盘
1921,13:05:30,21.47,208326,97,卖盘
1922,13:05:36,21.47,296286,138,卖盘
1923,13:05:39,21.48,6444,3,买盘
1924,13:05:45,21.48,4296,2,买盘
1925,13:05:48,21.48,4296,2,买盘
1926,13:05:51,21.48,2148,1,卖盘
1927,13:05:54,21.48,25776,12,卖盘
1928,13:05:57,21.48,4296,2,卖盘
1929,13:06:00,21.49,34370,16,买盘
1930,13:06:03,21.48,45109,21,卖盘
1931,13:06:06,21.48,2148,1,卖盘
1932,13:06:09,21.49,17192,8,买盘
1933,13:06:15,21.49,4298,2,买盘
1934,13:06:24,21.48,42960,20,卖盘
1935,13:06:27,21.49,2149,1,买盘
1936,13:06:33,21.48,2148,1,卖盘
1937,13:06:39,21.48,4296,2,卖盘
1938,13:06:42,21.49,8596,4,买盘
1939,13:06:45,21.49,21490,10,买盘
1940,13:06:54,21.49,55874,26,买盘
1941,13:06:57,21.49,25788,12,买盘
1942,13:07:00,21.49,49427,23,买盘
1943,13:07:03,21.49,21495,10,卖盘
1944,13:07:06,21.49,15043,7,卖盘
1945,13:07:09,21.5,45130,21,买盘
1946,13:07:12,21.49,191261,89,卖盘
1947,13:07:15,21.49,8596,4,买盘
1948,13:07:18,21.49,36533,17,买盘
1949,13:07:27,21.5,2150,1,买盘
1950,13:07:30,21.49,4298,2,卖盘
1951,13:07:33,21.49,107460,50,卖盘
1952,13:07:36,21.5,23641,11,买盘
1953,13:07:39,21.49,47278,22,卖盘
1954,13:07:42,21.49,85960,40,卖盘
1955,13:07:51,21.49,21496,10,卖盘
1956,13:07:54,21.5,8600,4,买盘
1957,13:08:00,21.49,21490,10,卖盘
1958,13:08:12,21.49,225650,105,卖盘
1959,13:08:18,21.5,225745,105,买盘
1960,13:08:21,21.5,2150,1,买盘
1961,13:08:27,21.49,21490,10,卖盘
1962,13:08:30,21.49,23639,11,卖盘
1963,13:08:33,21.5,10750,5,买盘
1964,13:08:42,21.49,79518,37,卖盘
1965,13:08:45,21.49,154728,72,卖盘
1966,13:08:48,21.49,90258,42,卖盘
1967,13:08:57,21.5,21500,10,买盘
1968,13:09:00,21.49,10745,5,卖盘
1969,13:09:06,21.48,1056966,492,卖盘
1970,13:09:09,21.48,36516,17,买盘
1971,13:09:12,21.48,10740,5,买盘
1972,13:09:15,21.48,146063,68,买盘
1973,13:09:18,21.48,21480,10,卖盘
1974,13:09:21,21.48,83777,39,卖盘
1975,13:09:24,21.48,12888,6,买盘
1976,13:09:30,21.48,49404,23,买盘
1977,13:09:33,21.48,15036,7,买盘
1978,13:09:36,21.48,12888,6,买盘
1979,13:09:39,21.47,34354,16,卖盘
1980,13:09:42,21.47,21470,10,卖盘
1981,13:09:48,21.47,734274,342,卖盘
1982,13:09:51,21.47,2147,1,卖盘
1983,13:09:54,21.47,279111,130,卖盘
1984,13:09:57,21.47,47234,22,卖盘
1985,13:10:00,21.47,64410,30,卖盘
1986,13:10:03,21.47,12882,6,卖盘
1987,13:10:06,21.48,81601,38,买盘
1988,13:10:09,21.47,8590,4,卖盘
1989,13:10:18,21.47,21470,10,卖盘
1990,13:10:21,21.48,21480,10,买盘
1991,13:10:24,21.48,30068,14,买盘
1992,13:10:27,21.48,81624,38,买盘
1993,13:10:30,21.48,45108,21,买盘
1994,13:10:33,21.48,32220,15,买盘
1995,13:10:36,21.48,40812,19,卖盘
1996,13:10:54,21.48,236270,110,卖盘
1997,13:11:00,21.48,38674,18,卖盘
1998,13:11:03,21.48,10740,5,买盘
1999,13:11:09,21.48,10740,5,买盘
2000,13:11:12,21.49,2149,1,买盘
2001,13:11:18,21.48,4296,2,卖盘
2002,13:11:27,21.49,8596,4,买盘
2003,13:11:30,21.49,4298,2,买盘
2004,13:11:33,21.48,88068,41,卖盘
2005,13:11:42,21.48,49405,23,卖盘
2006,13:11:51,21.48,2148,1,卖盘
2007,13:11:57,21.48,2148,1,卖盘
2008,13:12:03,21.48,23628,11,卖盘
2009,13:12:12,21.49,219198,102,买盘
2010,13:12:15,21.49,12894,6,买盘
2011,13:12:18,21.48,15038,7,卖盘
2012,13:12:24,21.48,68739,32,卖盘
2013,13:12:30,21.49,51566,24,中性盘
2014,13:12:33,21.48,8592,4,卖盘
2015,13:12:39,21.5,23650,11,买盘
2016,13:12:45,21.5,43000,20,买盘
2017,13:12:48,21.5,10750,5,买盘
2018,13:12:51,21.5,36550,17,买盘
2019,13:12:54,21.5,21500,10,买盘
2020,13:12:57,21.49,141897,66,卖盘
2021,13:13:00,21.5,25800,12,买盘
2022,13:13:06,21.49,23639,11,卖盘
2023,13:13:12,21.49,17192,8,买盘
2024,13:13:15,21.5,30099,14,买盘
2025,13:13:18,21.49,10745,5,卖盘
2026,13:13:21,21.49,10745,5,卖盘
2027,13:13:24,21.49,96705,45,买盘
2028,13:13:33,21.49,34384,16,买盘
2029,13:13:36,21.49,10745,5,买盘
2030,13:13:42,21.49,85960,40,买盘
2031,13:13:48,21.49,2149,1,买盘
2032,13:13:51,21.49,12894,6,买盘
2033,13:13:54,21.48,23629,11,卖盘
2034,13:14:03,21.49,42980,20,买盘
2035,13:14:09,21.48,21480,10,卖盘
2036,13:14:15,21.49,58008,27,买盘
2037,13:14:27,21.49,10745,5,买盘
2038,13:14:30,21.48,21480,10,卖盘
2039,13:14:39,21.49,64450,30,买盘
2040,13:14:42,21.49,15038,7,买盘
2041,13:14:45,21.48,12888,6,卖盘
2042,13:14:48,21.48,21480,10,卖盘
2043,13:14:54,21.49,27932,13,买盘
2044,13:14:57,21.49,19341,9,买盘
2045,13:15:09,21.49,10745,5,买盘
2046,13:15:12,21.48,62292,29,卖盘
2047,13:15:21,21.48,8592,4,卖盘
2048,13:15:24,21.49,4298,2,买盘
2049,13:15:27,21.48,128900,60,卖盘
2050,13:15:30,21.49,38682,18,买盘
2051,13:15:33,21.49,12894,6,买盘
2052,13:15:36,21.49,6447,3,买盘
2053,13:15:39,21.49,53705,25,买盘
2054,13:15:42,21.48,25776,12,卖盘
2055,13:15:48,21.49,4298,2,买盘
2056,13:15:51,21.48,25786,12,卖盘
2057,13:15:54,21.48,45109,21,卖盘
2058,13:15:57,21.49,6447,3,买盘
2059,13:16:00,21.49,6447,3,买盘
2060,13:16:03,21.48,251316,117,卖盘
2061,13:16:06,21.48,75182,35,卖盘
2062,13:16:12,21.48,10740,5,卖盘
2063,13:16:15,21.48,10740,5,卖盘
2064,13:16:21,21.48,40812,19,卖盘
2065,13:16:24,21.48,979488,456,卖盘
2066,13:16:27,21.48,66588,31,买盘
2067,13:16:36,21.47,8588,4,卖盘
2068,13:16:45,21.48,21480,10,买盘
2069,13:16:51,21.47,53695,25,卖盘
2070,13:17:00,21.48,158952,74,买盘
2071,13:17:03,21.48,49404,23,卖盘
2072,13:17:06,21.48,57996,27,卖盘
2073,13:17:09,21.48,53700,25,卖盘
2074,13:17:12,21.48,32220,15,卖盘
2075,13:17:21,21.48,4296,2,卖盘
2076,13:17:24,21.48,143916,67,卖盘
2077,13:17:27,21.48,10740,5,买盘
2078,13:17:36,21.48,10740,5,买盘
2079,13:17:39,21.47,79444,37,卖盘
2080,13:17:45,21.47,12884,6,卖盘
2081,13:17:48,21.48,32220,15,买盘
2082,13:17:51,21.48,94489,44,买盘
2083,13:17:54,21.48,15036,7,买盘
2084,13:17:57,21.48,4296,2,买盘
2085,13:18:00,21.48,2148,1,买盘
2086,13:18:03,21.48,27912,13,买盘
2087,13:18:06,21.48,4296,2,买盘
2088,13:18:09,21.47,6441,3,卖盘
2089,13:18:12,21.48,2148,1,买盘
2090,13:18:15,21.48,204060,95,买盘
2091,13:18:18,21.48,8592,4,卖盘
2092,13:18:30,21.48,51552,24,卖盘
2093,13:18:33,21.49,8594,4,买盘
2094,13:18:39,21.48,4296,2,卖盘
2095,13:18:42,21.48,30072,14,卖盘
2096,13:18:45,21.48,2148,1,卖盘
2097,13:18:51,21.48,10740,5,卖盘
2098,13:18:54,21.49,53725,25,买盘
2099,13:18:57,21.48,10740,5,卖盘
2100,13:19:03,21.48,38664,18,卖盘
2101,13:19:06,21.48,8592,4,卖盘
2102,13:19:09,21.49,12889,6,买盘
2103,13:19:15,21.48,42960,20,卖盘
2104,13:19:18,21.48,180432,84,卖盘
2105,13:19:21,21.48,6444,3,卖盘
2106,13:19:24,21.48,2148,1,卖盘
2107,13:19:27,21.48,49404,23,卖盘
2108,13:19:30,21.48,6444,3,卖盘
2109,13:19:39,21.48,55848,26,卖盘
2110,13:19:48,21.49,27925,13,买盘
2111,13:19:51,21.48,53700,25,卖盘
2112,13:19:54,21.48,25776,12,买盘
2113,13:20:00,21.48,21480,10,买盘
2114,13:20:03,21.48,513141,239,买盘
2115,13:20:06,21.48,21480,10,买盘
2116,13:20:09,21.47,32215,15,卖盘
2117,13:20:15,21.47,375728,175,卖盘
2118,13:20:21,21.48,60121,28,买盘
2119,13:20:30,21.47,25764,12,卖盘
2120,13:20:39,21.48,259908,121,买盘
2121,13:20:42,21.48,23628,11,卖盘
2122,13:20:45,21.48,4296,2,卖盘
2123,13:20:48,21.48,262063,122,卖盘
2124,13:20:51,21.49,6447,3,买盘
2125,13:20:57,21.48,216948,101,卖盘
2126,13:21:03,21.48,81605,38,买盘
2127,13:21:09,21.48,10739,5,买盘
2128,13:21:12,21.48,201912,94,买盘
2129,13:21:18,21.48,128880,60,买盘
2130,13:21:21,21.47,21475,10,卖盘
2131,13:21:24,21.48,10740,5,买盘
2132,13:21:27,21.48,131028,61,买盘
2133,13:21:30,21.48,47256,22,买盘
2134,13:21:33,21.48,758244,353,买盘
2135,13:21:36,21.49,38682,18,买盘
2136,13:21:39,21.49,472780,220,买盘
2137,13:21:42,21.5,8598,4,买盘
2138,13:21:45,21.5,2150,1,买盘
2139,13:21:48,21.5,43000,20,买盘
2140,13:21:51,21.49,23639,11,卖盘
2141,13:22:00,21.49,8596,4,卖盘
2142,13:22:03,21.49,6447,3,卖盘
2143,13:22:06,21.49,107450,50,卖盘
2144,13:22:15,21.49,15043,7,卖盘
2145,13:22:21,21.49,318160,148,卖盘
2146,13:22:24,21.5,4300,2,买盘
2147,13:22:27,21.5,34400,16,买盘
2148,13:22:30,21.51,27951,13,买盘
2149,13:22:36,21.51,36567,17,买盘
2150,13:22:45,21.5,60200,28,卖盘
2151,13:22:48,21.5,75250,35,买盘
2152,13:22:54,21.5,146200,68,买盘
2153,13:22:57,21.5,6450,3,买盘
2154,13:23:00,21.5,43000,20,买盘
2155,13:23:03,21.49,2149,1,卖盘
2156,13:23:09,21.5,70936,33,买盘
2157,13:23:12,21.49,10745,5,卖盘
2158,13:23:15,21.49,40831,19,卖盘
2159,13:23:18,21.49,2149,1,卖盘
2160,13:23:21,21.49,4298,2,卖盘
2161,13:23:27,21.5,221450,103,买盘
2162,13:23:33,21.49,42980,20,卖盘
2163,13:23:36,21.49,6447,3,卖盘
2164,13:23:42,21.49,40831,19,卖盘
2165,13:23:45,21.49,6447,3,卖盘
2166,13:23:54,21.49,126828,59,卖盘
2167,13:23:57,21.49,2149,1,卖盘
2168,13:24:03,21.49,21490,10,卖盘
2169,13:24:06,21.49,51576,24,卖盘
2170,13:24:09,21.49,2149,1,买盘
2171,13:24:12,21.49,4298,2,买盘
2172,13:24:15,21.49,10745,5,买盘
2173,13:24:21,21.49,6447,3,买盘
2174,13:24:33,21.49,2149,1,卖盘
2175,13:24:36,21.49,17192,8,卖盘
2176,13:24:39,21.49,4298,2,卖盘
2177,13:24:45,21.5,21500,10,买盘
2178,13:24:54,21.5,21500,10,买盘
2179,13:25:03,21.49,15043,7,卖盘
2180,13:25:21,21.48,751939,350,卖盘
2181,13:25:24,21.5,21500,10,买盘
2182,13:25:39,21.48,429615,200,卖盘
2183,13:25:45,21.49,2149,1,卖盘
2184,13:25:48,21.5,2150,1,买盘
2185,13:25:57,21.49,23639,11,卖盘
2186,13:26:30,21.49,2149,1,卖盘
2187,13:26:33,21.49,15043,7,卖盘
2188,13:26:36,21.5,8597,4,买盘
2189,13:26:42,21.49,6447,3,卖盘
2190,13:26:57,21.47,835480,389,卖盘
2191,13:27:06,21.49,17192,8,买盘
2192,13:27:09,21.48,32220,15,卖盘
2193,13:27:12,21.48,30072,14,买盘
2194,13:27:18,21.47,62272,29,卖盘
2195,13:27:24,21.48,19332,9,买盘
2196,13:27:27,21.48,42960,20,买盘
2197,13:27:36,21.48,42960,20,买盘
2198,13:27:39,21.47,15029,7,卖盘
2199,13:27:42,21.47,25764,12,卖盘
2200,13:27:45,21.47,161094,75,卖盘
2201,13:27:48,21.48,4296,2,买盘
2202,13:28:00,21.47,27911,13,卖盘
2203,13:28:03,21.48,27924,13,买盘
2204,13:28:18,21.47,12882,6,卖盘
2205,13:28:21,21.48,70856,33,买盘
2206,13:28:24,21.48,4296,2,买盘
2207,13:28:27,21.47,77292,36,卖盘
2208,13:28:30,21.47,100909,47,卖盘
2209,13:28:33,21.48,21480,10,买盘
2210,13:28:39,21.47,49403,23,卖盘
2211,13:28:45,21.47,21470,10,卖盘
2212,13:28:48,21.48,15036,7,买盘
2213,13:28:51,21.48,4295,2,买盘
2214,13:29:00,21.47,83743,39,卖盘
2215,13:29:03,21.48,32220,15,买盘
2216,13:29:06,21.47,6441,3,卖盘
2217,13:29:09,21.48,154656,72,买盘
2218,13:29:12,21.48,10740,5,卖盘
2219,13:29:15,21.49,62295,29,买盘
2220,13:29:21,21.49,2149,1,买盘
2221,13:29:24,21.48,8594,4,卖盘
2222,13:29:30,21.49,8596,4,买盘
2223,13:29:36,21.48,19337,9,卖盘
2224,13:29:45,21.48,186886,87,卖盘
2225,13:29:48,21.48,6444,3,卖盘
2226,13:29:51,21.49,120290,56,买盘
2227,13:29:54,21.49,4298,2,买盘
2228,13:29:57,21.48,8592,4,中性盘
2229,13:30:03,21.48,2148,1,买盘
2230,13:30:06,21.48,32214,15,卖盘
2231,13:30:12,21.48,55865,26,买盘
2232,13:30:15,21.48,12888,6,买盘
2233,13:30:18,21.48,8592,4,买盘
2234,13:30:21,21.48,27924,13,买盘
2235,13:30:27,21.47,2147,1,卖盘
2236,13:30:33,21.49,32235,15,买盘
2237,13:30:42,21.49,15043,7,买盘
2238,13:30:45,21.48,6444,3,卖盘
2239,13:30:48,21.48,79476,37,卖盘
2240,13:30:51,21.48,19332,9,买盘
2241,13:30:54,21.47,373578,174,卖盘
2242,13:30:57,21.48,2148,1,买盘
2243,13:31:00,21.47,15029,7,卖盘
2244,13:31:03,21.48,32215,15,买盘
2245,13:31:06,21.47,1161552,541,卖盘
2246,13:31:12,21.47,27915,13,卖盘
2247,13:31:18,21.49,75210,35,买盘
2248,13:31:24,21.47,27929,13,卖盘
2249,13:31:42,21.48,21480,10,卖盘
2250,13:31:48,21.49,42970,20,买盘
2251,13:31:51,21.48,2148,1,卖盘
2252,13:31:54,21.49,2149,1,买盘
2253,13:31:57,21.49,107450,50,买盘
2254,13:32:00,21.49,64470,30,买盘
2255,13:32:03,21.49,4298,2,买盘
2256,13:32:06,21.48,107400,50,卖盘
2257,13:32:09,21.49,45129,21,买盘
2258,13:32:18,21.49,32235,15,买盘
2259,13:32:24,21.48,47256,22,卖盘
2260,13:32:27,21.49,12894,6,买盘
2261,13:32:30,21.49,21490,10,买盘
2262,13:32:36,21.48,8592,4,卖盘
2263,13:32:45,21.49,21490,10,卖盘
2264,13:32:54,21.51,587045,273,买盘
2265,13:33:03,21.51,2151,1,买盘
2266,13:33:06,21.51,6453,3,买盘
2267,13:33:09,21.51,19359,9,买盘
2268,13:33:12,21.51,62379,29,买盘
2269,13:33:18,21.5,21500,10,卖盘
2270,13:33:24,21.51,27963,13,买盘
2271,13:33:30,21.5,47300,22,卖盘
2272,13:33:33,21.5,88150,41,买盘
2273,13:33:36,21.5,2150,1,买盘
2274,13:33:39,21.49,36543,17,卖盘
2275,13:33:48,21.5,6450,3,买盘
2276,13:33:51,21.49,12894,6,卖盘
2277,13:33:54,21.5,19350,9,买盘
2278,13:33:57,21.5,27950,13,买盘
2279,13:34:06,21.5,21500,10,卖盘
2280,13:34:27,21.5,32250,15,卖盘
2281,13:34:30,21.51,2151,1,买盘
2282,13:34:33,21.5,38700,18,卖盘
2283,13:34:36,21.5,4300,2,卖盘
2284,13:34:39,21.5,17206,8,卖盘
2285,13:34:48,21.5,2150,1,卖盘
2286,13:34:54,21.5,25800,12,卖盘
2287,13:35:00,21.51,34416,16,买盘
2288,13:35:03,21.51,47318,22,买盘
2289,13:35:06,21.51,10755,5,买盘
2290,13:35:09,21.51,6453,3,买盘
2291,13:35:12,21.5,223600,104,卖盘
2292,13:35:21,21.51,21510,10,买盘
2293,13:35:27,21.51,23661,11,买盘
2294,13:35:33,21.51,4302,2,买盘
2295,13:35:48,21.51,2151,1,买盘
2296,13:35:54,21.51,2151,1,买盘
2297,13:35:57,21.51,114003,53,买盘
2298,13:36:03,21.51,8604,4,卖盘
2299,13:36:12,21.51,6453,3,买盘
2300,13:36:24,21.51,8604,4,买盘
2301,13:36:27,21.51,4302,2,卖盘
2302,13:36:42,21.51,101109,47,卖盘
2303,13:36:48,21.5,245291,114,卖盘
2304,13:36:51,21.51,4302,2,买盘
2305,13:36:57,21.51,21510,10,买盘
2306,13:37:00,21.51,6453,3,买盘
2307,13:37:03,21.5,23654,11,卖盘
2308,13:37:12,21.51,12906,6,买盘
2309,13:37:15,21.5,19350,9,卖盘
2310,13:37:18,21.5,2150,1,卖盘
2311,13:37:21,21.5,19352,9,卖盘
2312,13:37:39,21.51,4302,2,买盘
2313,13:37:42,21.5,17200,8,卖盘
2314,13:37:45,21.5,30100,14,卖盘
2315,13:37:51,21.5,19352,9,卖盘
2316,13:37:57,21.5,118270,55,卖盘
2317,13:38:00,21.51,34416,16,卖盘
2318,13:38:06,21.52,2152,1,买盘
2319,13:38:18,21.51,193590,90,卖盘
2320,13:38:21,21.5,6450,3,卖盘
2321,13:38:24,21.5,275195,128,卖盘
2322,13:38:27,21.5,55900,26,买盘
2323,13:38:30,21.5,208566,97,买盘
2324,13:38:36,21.5,10750,5,卖盘
2325,13:38:39,21.5,23650,11,卖盘
2326,13:38:42,21.5,58050,27,卖盘
2327,13:38:48,21.5,53750,25,卖盘
2328,13:38:57,21.51,8604,4,买盘
2329,13:39:00,21.51,8604,4,买盘
2330,13:39:03,21.5,509550,237,卖盘
2331,13:39:06,21.5,8600,4,中性盘
2332,13:39:21,21.49,68780,32,卖盘
2333,13:39:27,21.49,27937,13,买盘
2334,13:39:39,21.48,25776,12,卖盘
2335,13:39:45,21.48,511224,238,卖盘
2336,13:39:48,21.48,8592,4,卖盘
2337,13:39:54,21.48,6444,3,卖盘
2338,13:40:00,21.48,25776,12,卖盘
2339,13:40:03,21.48,4296,2,卖盘
2340,13:40:06,21.48,49404,23,卖盘
2341,13:40:09,21.48,66587,31,买盘
2342,13:40:12,21.48,10740,5,卖盘
2343,13:40:15,21.48,58012,27,卖盘
2344,13:40:21,21.48,17184,8,卖盘
2345,13:40:24,21.48,34368,16,买盘
2346,13:40:33,21.48,4296,2,买盘
2347,13:40:36,21.48,34368,16,买盘
2348,13:40:45,21.49,6447,3,买盘
2349,13:40:48,21.48,68736,32,卖盘
2350,13:40:51,21.49,206304,96,买盘
2351,13:40:57,21.49,23639,11,卖盘
2352,13:41:06,21.49,15043,7,卖盘
2353,13:41:12,21.49,73066,34,卖盘
2354,13:41:24,21.48,107400,50,卖盘
2355,13:41:30,21.48,23628,11,卖盘
2356,13:41:33,21.48,23628,11,买盘
2357,13:41:36,21.48,70884,33,买盘
2358,13:41:39,21.48,2148,1,买盘
2359,13:41:42,21.48,21480,10,买盘
2360,13:41:45,21.48,358716,167,买盘
2361,13:41:48,21.48,25776,12,买盘
2362,13:41:51,21.48,204054,95,买盘
2363,13:41:54,21.47,12883,6,卖盘
2364,13:41:57,21.48,2148,1,买盘
2365,13:42:00,21.47,6441,3,卖盘
2366,13:42:03,21.48,2148,1,买盘
2367,13:42:06,21.48,72999,34,买盘
2368,13:42:09,21.47,236170,110,卖盘
2369,13:42:12,21.48,21480,10,买盘
2370,13:42:15,21.47,38646,18,卖盘
2371,13:42:18,21.47,17176,8,卖盘
2372,13:42:24,21.47,4294,2,卖盘
2373,13:42:33,21.47,40795,19,卖盘
2374,13:42:36,21.48,2148,1,买盘
2375,13:42:39,21.48,6444,3,买盘
2376,13:42:42,21.48,115940,54,买盘
2377,13:42:45,21.47,57986,27,卖盘
2378,13:42:48,21.47,21470,10,卖盘
2379,13:42:51,21.48,107400,50,买盘
2380,13:42:54,21.48,25776,12,买盘
2381,13:43:00,21.47,15029,7,卖盘
2382,13:43:03,21.48,36502,17,买盘
2383,13:43:06,21.47,8588,4,卖盘
2384,13:43:15,21.47,206162,96,卖盘
2385,13:43:18,21.48,47235,22,买盘
2386,13:43:21,21.48,219096,102,买盘
2387,13:43:24,21.47,165319,77,卖盘
2388,13:43:27,21.48,36506,17,买盘
2389,13:43:30,21.48,27924,13,买盘
2390,13:43:33,21.48,421008,196,买盘
2391,13:43:36,21.48,345863,161,买盘
2392,13:43:39,21.48,17184,8,买盘
2393,13:43:42,21.47,2147,1,卖盘
2394,13:43:45,21.48,21480,10,买盘
2395,13:43:51,21.48,644400,300,买盘
2396,13:43:54,21.48,45103,21,买盘
2397,13:43:57,21.48,4296,2,买盘
2398,13:44:00,21.47,21470,10,卖盘
2399,13:44:03,21.48,889272,414,买盘
2400,13:44:06,21.48,34368,16,买盘
2401,13:44:12,21.47,25766,12,卖盘
2402,13:44:15,21.48,2148,1,买盘
2403,13:44:18,21.47,27921,13,卖盘
2404,13:44:21,21.48,70873,33,买盘
2405,13:44:27,21.48,38664,18,买盘
2406,13:44:30,21.48,10740,5,买盘
2407,13:44:33,21.47,47243,22,卖盘
2408,13:44:36,21.48,264204,123,买盘
2409,13:44:39,21.47,6443,3,卖盘
2410,13:44:42,21.48,36514,17,买盘
2411,13:44:45,21.48,2148,1,卖盘
2412,13:44:48,21.48,40811,19,卖盘
2413,13:44:51,21.49,55868,26,买盘
2414,13:44:54,21.48,21480,10,卖盘
2415,13:44:57,21.47,15029,7,卖盘
2416,13:45:00,21.47,79449,37,卖盘
2417,13:45:03,21.48,32220,15,买盘
2418,13:45:12,21.47,42943,20,卖盘
2419,13:45:18,21.48,36516,17,卖盘
2420,13:45:30,21.48,234132,109,卖盘
2421,13:45:33,21.48,17187,8,卖盘
2422,13:45:39,21.48,42945,20,买盘
2423,13:45:45,21.48,8592,4,买盘
2424,13:45:54,21.48,2148,1,买盘
2425,13:45:57,21.48,19332,9,买盘
2426,13:46:00,21.48,38656,18,买盘
2427,13:46:03,21.48,6444,3,买盘
2428,13:46:06,21.48,15036,7,买盘
2429,13:46:12,21.48,73032,34,买盘
2430,13:46:15,21.49,167620,78,买盘
2431,13:46:18,21.49,8596,4,买盘
2432,13:46:21,21.49,470631,219,买盘
2433,13:46:24,21.49,21490,10,买盘
2434,13:46:27,21.48,15040,7,卖盘
2435,13:46:30,21.49,27933,13,买盘
2436,13:46:36,21.48,393092,183,卖盘
2437,13:46:42,21.48,10740,5,卖盘
2438,13:46:48,21.48,51593,24,卖盘
2439,13:47:00,21.5,2150,1,买盘
2440,13:47:03,21.5,98863,46,买盘
2441,13:47:06,21.5,53750,25,买盘
2442,13:47:09,21.5,2150,1,买盘
2443,13:47:18,21.49,10745,5,卖盘
2444,13:47:24,21.49,21490,10,卖盘
2445,13:47:27,21.5,51596,24,买盘
2446,13:47:36,21.49,4298,2,卖盘
2447,13:47:42,21.49,25788,12,卖盘
2448,13:47:45,21.49,21490,10,卖盘
2449,13:47:48,21.49,32235,15,卖盘
2450,13:47:54,21.49,126791,59,买盘
2451,13:48:00,21.5,2150,1,买盘
2452,13:48:03,21.5,107500,50,买盘
2453,13:48:09,21.5,2150,1,买盘
2454,13:48:15,21.49,30088,14,卖盘
2455,13:48:24,21.5,94600,44,买盘
2456,13:48:30,21.5,47300,22,买盘
2457,13:48:33,21.5,10750,5,买盘
2458,13:48:36,21.49,92413,43,卖盘
2459,13:48:48,21.5,6450,3,买盘
2460,13:48:54,21.5,10750,5,买盘
2461,13:48:57,21.5,620821,289,买盘
2462,13:49:03,21.5,66650,31,买盘
2463,13:49:06,21.5,32237,15,买盘
2464,13:49:09,21.5,10748,5,买盘
2465,13:49:18,21.49,2149,1,卖盘
2466,13:49:30,21.5,17200,8,买盘
2467,13:49:36,21.5,4300,2,买盘
2468,13:49:39,21.5,4300,2,买盘
2469,13:49:42,21.5,15050,7,买盘
2470,13:49:48,21.5,6450,3,买盘
2471,13:49:51,21.5,30100,14,买盘
2472,13:50:03,21.5,12900,6,买盘
2473,13:50:06,21.5,10750,5,买盘
2474,13:50:09,21.5,8600,4,买盘
2475,13:50:15,21.49,12899,6,卖盘
2476,13:50:18,21.5,6450,3,买盘
2477,13:50:21,21.5,17200,8,买盘
2478,13:50:27,21.49,36533,17,卖盘
2479,13:50:30,21.5,8600,4,买盘
2480,13:50:36,21.49,19341,9,卖盘
2481,13:50:39,21.49,101035,47,卖盘
2482,13:50:48,21.49,23649,11,卖盘
2483,13:50:51,21.49,32235,15,卖盘
2484,13:50:54,21.49,64470,30,卖盘
2485,13:50:57,21.49,2149,1,卖盘
2486,13:51:03,21.5,58046,27,买盘
2487,13:51:12,21.5,131150,61,买盘
2488,13:51:18,21.49,30086,14,卖盘
2489,13:51:30,21.5,47279,22,买盘
2490,13:51:33,21.49,156877,73,卖盘
2491,13:51:36,21.51,363372,169,买盘
2492,13:51:45,21.51,2151,1,买盘
2493,13:51:48,21.5,6450,3,卖盘
2494,13:51:51,21.5,6452,3,卖盘
2495,13:51:54,21.51,2151,1,买盘
2496,13:52:03,21.51,8604,4,买盘
2497,13:52:06,21.51,2151,1,买盘
2498,13:52:12,21.5,23650,11,卖盘
2499,13:52:18,21.5,34400,16,卖盘
2500,13:52:21,21.5,6450,3,卖盘
2501,13:52:24,21.5,21500,10,买盘
2502,13:52:27,21.51,2151,1,买盘
2503,13:52:30,21.5,40854,19,卖盘
2504,13:52:33,21.5,8600,4,买盘
2505,13:52:36,21.5,2150,1,卖盘
2506,13:52:39,21.5,10750,5,卖盘
2507,13:52:42,21.5,4300,2,卖盘
2508,13:52:45,21.5,12900,6,买盘
2509,13:52:51,21.5,2150,1,买盘
2510,13:52:57,21.49,42990,20,卖盘
2511,13:53:15,21.5,34392,16,买盘
2512,13:53:18,21.5,2150,1,买盘
2513,13:53:30,21.49,4298,2,卖盘
2514,13:53:36,21.49,10745,5,卖盘
2515,13:53:42,21.49,42980,20,卖盘
2516,13:53:54,21.49,171920,80,卖盘
2517,13:54:03,21.5,17200,8,买盘
2518,13:54:06,21.5,4300,2,买盘
2519,13:54:09,21.49,64470,30,卖盘
2520,13:54:21,21.49,150430,70,卖盘
2521,13:54:27,21.49,275177,128,卖盘
2522,13:54:36,21.49,19341,9,卖盘
2523,13:54:42,21.5,66620,31,买盘
2524,13:54:45,21.49,6447,3,卖盘
2525,13:54:48,21.49,2149,1,卖盘
2526,13:54:57,21.49,42980,20,卖盘
2527,13:55:00,21.49,4298,2,卖盘
2528,13:55:03,21.49,4298,2,卖盘
2529,13:55:09,21.49,15043,7,卖盘
2530,13:55:15,21.49,25788,12,卖盘
2531,13:55:18,21.49,42980,20,卖盘
2532,13:55:24,21.5,17200,8,买盘
2533,13:55:33,21.5,10750,5,买盘
2534,13:55:39,21.5,94600,44,买盘
2535,13:55:42,21.5,4300,2,买盘
2536,13:55:51,21.5,2150,1,买盘
2537,13:56:00,21.5,234350,109,买盘
2538,13:56:21,21.5,8600,4,卖盘
2539,13:56:42,21.5,17200,8,卖盘
2540,13:56:45,21.5,4300,2,卖盘
2541,13:56:54,21.5,107500,50,卖盘
2542,13:56:57,21.5,245102,114,卖盘
2543,13:57:00,21.5,6450,3,卖盘
2544,13:57:03,21.5,131150,61,卖盘
2545,13:57:06,21.5,10750,5,买盘
2546,13:57:12,21.5,34400,16,买盘
2547,13:57:15,21.5,10750,5,买盘
2548,13:57:21,21.49,2149,1,卖盘
2549,13:57:24,21.49,70917,33,卖盘
2550,13:57:30,21.49,32235,15,卖盘
2551,13:57:33,21.5,23650,11,买盘
2552,13:57:36,21.5,62344,29,买盘
2553,13:57:39,21.49,8599,4,卖盘
2554,13:57:45,21.5,6449,3,买盘
2555,13:57:54,21.5,64500,30,买盘
2556,13:58:00,21.51,4302,2,买盘
2557,13:58:03,21.5,12900,6,卖盘
2558,13:58:15,21.51,23651,11,买盘
2559,13:58:18,21.51,2151,1,买盘
2560,13:58:24,21.51,6453,3,买盘
2561,13:58:27,21.51,25812,12,买盘
2562,13:58:30,21.51,12906,6,买盘
2563,13:58:33,21.5,64500,30,卖盘
2564,13:58:36,21.5,15050,7,卖盘
2565,13:58:39,21.5,2150,1,卖盘
2566,13:58:42,21.5,8600,4,卖盘
2567,13:58:51,21.51,8602,4,买盘
2568,13:58:54,21.5,27950,13,卖盘
2569,13:58:57,21.48,1779222,828,卖盘
2570,13:59:00,21.5,4300,2,买盘
2571,13:59:03,21.5,2150,1,买盘
2572,13:59:06,21.5,66646,31,买盘
2573,13:59:09,21.49,483717,225,卖盘
2574,13:59:12,21.49,21490,10,买盘
2575,13:59:18,21.49,62321,29,买盘
2576,13:59:30,21.5,10750,5,买盘
2577,13:59:33,21.49,21490,10,卖盘
2578,13:59:42,21.49,25798,12,卖盘
2579,13:59:45,21.5,2150,1,买盘
2580,13:59:51,21.5,146200,68,买盘
2581,13:59:54,21.49,19341,9,卖盘
2582,14:00:06,21.5,6450,3,买盘
2583,14:00:09,21.52,1522719,708,买盘
2584,14:00:12,21.52,101134,47,买盘
2585,14:00:15,21.52,12912,6,买盘
2586,14:00:18,21.52,12912,6,买盘
2587,14:00:21,21.52,25824,12,买盘
2588,14:00:24,21.52,77472,36,买盘
2589,14:00:30,21.52,8608,4,卖盘
2590,14:00:33,21.52,21520,10,卖盘
2591,14:00:36,21.52,10760,5,中性盘
2592,14:00:39,21.52,10760,5,买盘
2593,14:00:42,21.54,99035,46,买盘
2594,14:00:45,21.53,25825,12,中性盘
2595,14:00:48,21.53,2153,1,卖盘
2596,14:00:51,21.53,2153,1,中性盘
2597,14:01:00,21.54,15078,7,买盘
2598,14:01:03,21.54,4308,2,买盘
2599,14:01:06,21.54,28002,13,买盘
2600,14:01:09,21.54,15078,7,买盘
2601,14:01:12,21.54,45234,21,买盘
2602,14:01:15,21.54,17232,8,买盘
2603,14:01:18,21.53,21530,10,卖盘
2604,14:01:21,21.53,10765,5,卖盘
2605,14:01:24,21.53,40907,19,买盘
2606,14:01:27,21.53,8612,4,买盘
2607,14:01:30,21.53,6459,3,买盘
2608,14:01:33,21.53,86120,40,买盘
2609,14:01:36,21.53,122720,57,买盘
2610,14:01:42,21.53,53810,25,买盘
2611,14:01:45,21.53,53825,25,买盘
2612,14:01:48,21.53,107650,50,买盘
2613,14:01:51,21.53,8612,4,买盘
2614,14:01:57,21.53,55957,26,买盘
2615,14:02:00,21.53,12917,6,买盘
2616,14:02:06,21.53,8612,4,买盘
2617,14:02:09,21.52,10760,5,卖盘
2618,14:02:15,21.47,1801198,838,卖盘
2619,14:02:24,21.53,6459,3,买盘
2620,14:02:33,21.53,449180,209,买盘
2621,14:02:39,21.52,30139,14,卖盘
2622,14:02:45,21.52,15064,7,卖盘
2623,14:02:54,21.52,2152,1,买盘
2624,14:02:57,21.52,4304,2,买盘
2625,14:03:00,21.5,6450,3,卖盘
2626,14:03:03,21.5,21510,10,卖盘
2627,14:03:06,21.51,23661,11,买盘
2628,14:03:12,21.51,4302,2,买盘
2629,14:03:15,21.5,2150,1,卖盘
2630,14:03:18,21.5,6450,3,卖盘
2631,14:03:21,21.51,19359,9,买盘
2632,14:03:27,21.51,83889,39,卖盘
2633,14:03:36,21.51,10755,5,卖盘
2634,14:03:39,21.53,1091049,507,买盘
2635,14:03:42,21.54,701849,326,买盘
2636,14:03:45,21.52,36594,17,卖盘
2637,14:03:48,21.54,68928,32,买盘
2638,14:03:51,21.54,15078,7,买盘
2639,14:03:54,21.54,17232,8,买盘
2640,14:03:57,21.54,28002,13,买盘
2641,14:04:00,21.53,129163,60,中性盘
2642,14:04:03,21.54,15078,7,买盘
2643,14:04:06,21.55,215416,100,买盘
2644,14:04:12,21.54,56004,26,卖盘
2645,14:04:18,21.55,66800,31,买盘
2646,14:04:24,21.55,40945,19,买盘
2647,14:04:27,21.54,79698,37,卖盘
2648,14:04:33,21.54,21540,10,买盘
2649,14:04:39,21.55,103394,48,买盘
2650,14:04:42,21.54,64620,30,卖盘
2651,14:04:45,21.55,161625,75,买盘
2652,14:04:48,21.55,10775,5,买盘
2653,14:04:54,21.55,129300,60,买盘
2654,14:04:57,21.55,12929,6,买盘
2655,14:05:00,21.55,8618,4,买盘
2656,14:05:03,21.55,203300,94,买盘
2657,14:05:09,21.57,135844,63,买盘
2658,14:05:12,21.55,92711,43,卖盘
2659,14:05:15,21.57,6471,3,买盘
2660,14:05:18,21.57,21570,10,买盘
2661,14:05:21,21.57,8628,4,买盘
2662,14:05:27,21.57,2157,1,买盘
2663,14:05:30,21.56,15092,7,卖盘
2664,14:05:33,21.57,66837,31,买盘
2665,14:05:36,21.56,2156,1,卖盘
2666,14:05:42,21.57,71181,33,买盘
2667,14:05:45,21.57,66867,31,买盘
2668,14:05:48,21.57,38831,18,卖盘
2669,14:05:54,21.57,366694,170,卖盘
2670,14:05:57,21.57,4314,2,卖盘
2671,14:06:06,21.57,21570,10,卖盘
2672,14:06:09,21.57,187659,87,卖盘
2673,14:06:15,21.58,202852,94,买盘
2674,14:06:21,21.58,21580,10,卖盘
2675,14:06:30,21.59,4318,2,买盘
2676,14:06:33,21.58,110058,51,卖盘
2677,14:06:39,21.59,10795,5,买盘
2678,14:06:42,21.58,21580,10,卖盘
2679,14:06:51,21.58,21580,10,卖盘
2680,14:06:54,21.59,12954,6,买盘
2681,14:06:57,21.58,129520,60,卖盘
2682,14:07:00,21.59,2159,1,买盘
2683,14:07:06,21.59,2159,1,买盘
2684,14:07:09,21.58,1396444,647,卖盘
2685,14:07:12,21.58,23746,11,中性盘
2686,14:07:15,21.59,17272,8,买盘
2687,14:07:18,21.58,62559,29,中性盘
2688,14:07:21,21.58,17264,8,买盘
2689,14:07:24,21.59,12951,6,买盘
2690,14:07:27,21.6,773114,358,买盘
2691,14:07:30,21.58,79847,37,卖盘
2692,14:07:33,21.58,25896,12,买盘
2693,14:07:36,21.58,10790,5,买盘
2694,14:07:39,21.59,17267,8,买盘
2695,14:07:42,21.58,2158,1,卖盘
2696,14:07:51,21.58,77688,36,卖盘
2697,14:07:54,21.59,17272,8,买盘
2698,14:08:00,21.58,25896,12,卖盘
2699,14:08:03,21.58,30222,14,卖盘
2700,14:08:09,21.59,2159,1,买盘
2701,14:08:12,21.58,4316,2,卖盘
2702,14:08:15,21.58,6474,3,买盘
2703,14:08:21,21.59,15109,7,买盘
2704,14:08:24,21.58,32371,15,卖盘
2705,14:08:27,21.58,12948,6,卖盘
2706,14:08:30,21.58,10790,5,卖盘
2707,14:08:39,21.58,15106,7,买盘
2708,14:08:45,21.57,17256,8,卖盘
2709,14:08:51,21.57,8628,4,卖盘
2710,14:08:54,21.57,8628,4,卖盘
2711,14:09:03,21.57,40983,19,卖盘
2712,14:09:06,21.58,2158,1,买盘
2713,14:09:09,21.57,6471,3,卖盘
2714,14:09:18,21.57,25884,12,卖盘
2715,14:09:21,21.57,2157,1,买盘
2716,14:09:24,21.56,2156,1,卖盘
2717,14:09:30,21.56,21560,10,卖盘
2718,14:09:36,21.56,2156,1,卖盘
2719,14:09:42,21.56,129360,60,卖盘
2720,14:09:45,21.56,45276,21,卖盘
2721,14:09:48,21.56,4312,2,卖盘
2722,14:09:51,21.56,174636,81,卖盘
2723,14:10:00,21.56,196196,91,买盘
2724,14:10:03,21.56,86234,40,买盘
2725,14:10:06,21.56,2156,1,买盘
2726,14:10:09,21.56,36652,17,买盘
2727,14:10:12,21.56,8624,4,买盘
2728,14:10:18,21.55,25860,12,卖盘
2729,14:10:24,21.56,8623,4,买盘
2730,14:10:27,21.56,17241,8,买盘
2731,14:10:30,21.55,45255,21,卖盘
2732,14:10:33,21.56,10777,5,买盘
2733,14:10:39,21.56,6468,3,买盘
2734,14:10:45,21.55,4310,2,卖盘
2735,14:10:48,21.56,8621,4,买盘
2736,14:11:03,21.55,2155,1,卖盘
2737,14:11:18,21.55,88355,41,卖盘
2738,14:11:21,21.56,21560,10,买盘
2739,14:11:24,21.55,114265,53,卖盘
2740,14:11:30,21.56,21560,10,买盘
2741,14:11:36,21.55,17240,8,卖盘
2742,14:11:39,21.56,4312,2,买盘
2743,14:11:42,21.56,247835,115,买盘
2744,14:11:51,21.56,45276,21,买盘
2745,14:11:54,21.56,2156,1,买盘
2746,14:11:57,21.56,4312,2,买盘
2747,14:12:00,21.56,12936,6,买盘
2748,14:12:06,21.56,19404,9,买盘
2749,14:12:15,21.56,4312,2,卖盘
2750,14:12:18,21.56,45276,21,卖盘
2751,14:12:21,21.56,2156,1,卖盘
2752,14:12:36,21.55,10775,5,卖盘
2753,14:12:45,21.55,4311,2,卖盘
2754,14:12:54,21.55,34480,16,卖盘
2755,14:13:00,21.54,1509895,701,卖盘
2756,14:13:15,21.54,133560,62,卖盘
2757,14:13:18,21.54,68928,32,卖盘
2758,14:13:21,21.54,10770,5,买盘
2759,14:13:27,21.54,8616,4,买盘
2760,14:13:30,21.54,15078,7,买盘
2761,14:13:39,21.53,49519,23,卖盘
2762,14:13:51,21.53,10765,5,卖盘
2763,14:13:54,21.54,43070,20,买盘
2764,14:13:57,21.53,4306,2,卖盘
2765,14:14:00,21.53,2153,1,卖盘
2766,14:14:06,21.53,6459,3,卖盘
2767,14:14:09,21.54,2154,1,买盘
2768,14:14:12,21.54,4308,2,买盘
2769,14:14:15,21.53,30142,14,卖盘
2770,14:14:18,21.53,8612,4,卖盘
2771,14:14:24,21.53,271278,126,卖盘
2772,14:14:27,21.53,161475,75,买盘
2773,14:14:36,21.53,8612,4,买盘
2774,14:14:48,21.53,99038,46,买盘
2775,14:14:51,21.52,86081,40,卖盘
2776,14:14:54,21.53,27989,13,买盘
2777,14:14:57,21.53,32295,15,买盘
2778,14:15:00,21.54,32310,15,买盘
2779,14:15:06,21.54,238994,111,买盘
2780,14:15:09,21.53,103389,48,卖盘
2781,14:15:12,21.55,129300,60,买盘
2782,14:15:15,21.55,6465,3,买盘
2783,14:15:18,21.55,15085,7,买盘
2784,14:15:21,21.55,165918,77,买盘
2785,14:15:24,21.55,181020,84,买盘
2786,14:15:27,21.55,536595,249,买盘
2787,14:15:30,21.57,2065263,958,买盘
2788,14:15:33,21.57,17256,8,买盘
2789,14:15:36,21.58,8632,4,买盘
2790,14:15:45,21.57,4314,2,卖盘
2791,14:15:48,21.57,2157,1,卖盘
2792,14:15:57,21.57,10785,5,卖盘
2793,14:16:00,21.58,438279,203,买盘
2794,14:16:03,21.58,8632,4,卖盘
2795,14:16:12,21.58,6474,3,买盘
2796,14:16:15,21.58,17264,8,卖盘
2797,14:16:18,21.57,2157,1,卖盘
2798,14:16:24,21.58,77716,36,买盘
2799,14:16:27,21.58,2158,1,买盘
2800,14:16:36,21.6,151172,70,买盘
2801,14:16:42,21.59,10795,5,卖盘
2802,14:16:48,21.6,21600,10,买盘
2803,14:16:51,21.59,6479,3,卖盘
2804,14:16:54,21.6,21596,10,买盘
2805,14:16:57,21.58,58276,27,卖盘
2806,14:17:00,21.6,21600,10,买盘
2807,14:17:06,21.58,69056,32,卖盘
2808,14:17:09,21.58,43160,20,买盘
2809,14:17:12,21.57,28044,13,卖盘
2810,14:17:15,21.58,25896,12,买盘
2811,14:17:24,21.58,45318,21,卖盘
2812,14:17:27,21.59,23748,11,买盘
2813,14:17:30,21.58,45318,21,卖盘
2814,14:17:33,21.58,17264,8,卖盘
2815,14:17:36,21.57,97107,45,卖盘
2816,14:17:45,21.58,43160,20,买盘
2817,14:17:48,21.58,2158,1,买盘
2818,14:18:00,21.58,51792,24,买盘
2819,14:18:15,21.59,32375,15,买盘
2820,14:18:18,21.58,38844,18,卖盘
2821,14:18:21,21.59,2159,1,买盘
2822,14:18:27,21.59,4318,2,买盘
2823,14:18:30,21.59,41021,19,买盘
2824,14:18:33,21.59,2159,1,买盘
2825,14:18:36,21.59,6477,3,买盘
2826,14:18:39,21.58,34528,16,卖盘
2827,14:18:48,21.59,217949,101,买盘
2828,14:18:51,21.57,107880,50,卖盘
2829,14:19:00,21.58,6474,3,卖盘
2830,14:19:03,21.58,10790,5,卖盘
2831,14:19:12,21.58,15106,7,卖盘
2832,14:19:18,21.58,25888,12,买盘
2833,14:19:24,21.58,2158,1,卖盘
2834,14:19:27,21.59,75565,35,买盘
2835,14:19:30,21.58,30222,14,卖盘
2836,14:19:33,21.55,616899,286,卖盘
2837,14:19:45,21.58,56108,26,买盘
2838,14:19:51,21.57,15095,7,中性盘
2839,14:20:00,21.57,4314,2,买盘
2840,14:20:12,21.57,25884,12,卖盘
2841,14:20:21,21.57,6471,3,买盘
2842,14:20:24,21.56,43120,20,卖盘
2843,14:20:27,21.56,4312,2,买盘
2844,14:20:30,21.56,196108,91,买盘
2845,14:20:36,21.55,8620,4,卖盘
2846,14:20:39,21.55,86200,40,卖盘
2847,14:20:42,21.55,21550,10,卖盘
2848,14:20:45,21.55,6465,3,卖盘
2849,14:20:48,21.55,2155,1,卖盘
2850,14:20:51,21.55,107750,50,卖盘
2851,14:20:54,21.55,10775,5,卖盘
2852,14:20:57,21.56,21560,10,买盘
2853,14:21:00,21.56,6468,3,买盘
2854,14:21:03,21.55,2155,1,卖盘
2855,14:21:06,21.55,385895,179,卖盘
2856,14:21:09,21.55,8620,4,买盘
2857,14:21:12,21.55,6465,3,买盘
2858,14:21:15,21.54,8616,4,卖盘
2859,14:21:18,21.54,32314,15,卖盘
2860,14:21:21,21.55,433108,201,买盘
2861,14:21:24,21.55,282305,131,买盘
2862,14:21:27,21.55,28015,13,买盘
2863,14:21:30,21.55,215500,100,买盘
2864,14:21:36,21.55,19394,9,买盘
2865,14:21:45,21.56,8624,4,买盘
2866,14:21:51,21.56,19404,9,卖盘
2867,14:21:54,21.56,8625,4,买盘
2868,14:22:00,21.56,81928,38,卖盘
2869,14:22:15,21.57,23717,11,买盘
2870,14:22:18,21.56,109956,51,卖盘
2871,14:22:24,21.55,25870,12,卖盘
2872,14:22:27,21.55,23705,11,卖盘
2873,14:22:30,21.56,38808,18,买盘
2874,14:22:33,21.55,25860,12,卖盘
2875,14:22:36,21.55,84045,39,卖盘
2876,14:22:39,21.56,28028,13,买盘
2877,14:22:54,21.55,107750,50,卖盘
2878,14:23:00,21.55,6465,3,卖盘
2879,14:23:03,21.56,38795,18,买盘
2880,14:23:06,21.55,15085,7,卖盘
2881,14:23:09,21.55,75425,35,卖盘
2882,14:23:12,21.55,21550,10,卖盘
2883,14:23:15,21.55,105601,49,卖盘
2884,14:23:21,21.55,40945,19,卖盘
2885,14:23:24,21.55,23705,11,卖盘
2886,14:23:27,21.56,49581,23,买盘
2887,14:23:30,21.56,8624,4,买盘
2888,14:23:33,21.56,21560,10,买盘
2889,14:23:36,21.55,30179,14,卖盘
2890,14:23:39,21.55,461241,214,卖盘
2891,14:23:42,21.55,219812,102,卖盘
2892,14:23:45,21.55,25860,12,卖盘
2893,14:23:48,21.55,4311,2,卖盘
2894,14:23:51,21.55,2155,1,买盘
2895,14:23:54,21.55,62495,29,买盘
2896,14:23:57,21.55,12930,6,卖盘
2897,14:24:00,21.55,10775,5,卖盘
2898,14:24:03,21.56,21560,10,买盘
2899,14:24:06,21.56,19403,9,买盘
2900,14:24:09,21.55,8620,4,卖盘
2901,14:24:18,21.56,10778,5,买盘
2902,14:24:21,21.55,15085,7,卖盘
2903,14:24:27,21.56,32340,15,买盘
2904,14:24:30,21.55,2155,1,卖盘
2905,14:24:33,21.56,51744,24,买盘
2906,14:24:36,21.56,532532,247,买盘
2907,14:24:39,21.56,2156,1,卖盘
2908,14:24:45,21.56,10780,5,卖盘
2909,14:24:48,21.57,4314,2,买盘
2910,14:24:51,21.56,21560,10,卖盘
2911,14:24:57,21.57,28041,13,买盘
2912,14:25:18,21.58,222274,103,买盘
2913,14:25:24,21.58,21580,10,买盘
2914,14:25:27,21.58,15106,7,买盘
2915,14:25:30,21.59,12954,6,买盘
2916,14:25:45,21.59,112268,52,买盘
2917,14:25:48,21.58,64740,30,卖盘
2918,14:25:51,21.58,34528,16,买盘
2919,14:26:00,21.58,12948,6,买盘
2920,14:26:03,21.58,10790,5,买盘
2921,14:26:06,21.57,30205,14,卖盘
2922,14:26:12,21.57,2157,1,卖盘
2923,14:26:15,21.58,2158,1,买盘
2924,14:26:18,21.57,172560,80,卖盘
2925,14:26:21,21.58,215800,100,买盘
2926,14:26:24,21.58,6474,3,买盘
2927,14:26:30,21.58,6474,3,买盘
2928,14:26:36,21.58,49634,23,买盘
2929,14:26:39,21.58,6474,3,卖盘
2930,14:26:42,21.58,10790,5,卖盘
2931,14:26:45,21.58,6474,3,卖盘
2932,14:26:54,21.58,97110,45,卖盘
2933,14:26:57,21.59,71243,33,买盘
2934,14:27:00,21.58,79846,37,卖盘
2935,14:27:03,21.59,107950,50,买盘
2936,14:27:06,21.59,36703,17,买盘
2937,14:27:09,21.58,79882,37,卖盘
2938,14:27:15,21.59,15113,7,买盘
2939,14:27:18,21.59,8636,4,买盘
2940,14:27:21,21.59,21590,10,买盘
2941,14:27:27,21.59,23749,11,买盘
2942,14:27:30,21.59,49657,23,买盘
2943,14:27:33,21.58,215800,100,卖盘
2944,14:27:42,21.58,47476,22,卖盘
2945,14:27:48,21.59,12952,6,买盘
2946,14:27:51,21.58,66927,31,卖盘
2947,14:27:54,21.58,4316,2,卖盘
2948,14:27:57,21.59,2159,1,买盘
2949,14:28:00,21.58,10790,5,卖盘
2950,14:28:03,21.58,43163,20,卖盘
2951,14:28:12,21.59,10795,5,买盘
2952,14:28:18,21.58,6474,3,卖盘
2953,14:28:21,21.58,77692,36,卖盘
2954,14:28:24,21.59,21590,10,买盘
2955,14:28:27,21.59,15109,7,买盘
2956,14:28:30,21.59,66929,31,买盘
2957,14:28:39,21.58,10790,5,卖盘
2958,14:28:45,21.59,15113,7,买盘
2959,14:28:48,21.59,25908,12,买盘
2960,14:28:51,21.58,25904,12,卖盘
2961,14:28:54,21.59,19431,9,买盘
2962,14:28:57,21.58,10790,5,卖盘
2963,14:29:03,21.58,4316,2,卖盘
2964,14:29:06,21.59,10795,5,买盘
2965,14:29:09,21.58,15106,7,卖盘
2966,14:29:12,21.59,51802,24,买盘
2967,14:29:18,21.59,64770,30,买盘
2968,14:29:27,21.59,127373,59,买盘
2969,14:29:30,21.59,4318,2,买盘
2970,14:29:33,21.59,669,0,买盘
2971,14:29:39,21.59,2159,1,卖盘
2972,14:29:42,21.6,2160,1,买盘
2973,14:29:45,21.59,10795,5,卖盘
2974,14:29:48,21.59,21590,10,卖盘
2975,14:29:51,21.6,6480,3,买盘
2976,14:30:00,21.59,144670,67,卖盘
2977,14:30:03,21.6,10800,5,买盘
2978,14:30:06,21.59,103632,48,卖盘
2979,14:30:15,21.59,23749,11,卖盘
2980,14:30:27,21.59,86370,40,卖盘
2981,14:30:30,21.59,8636,4,卖盘
2982,14:30:36,21.59,17272,8,卖盘
2983,14:30:39,21.6,30235,14,买盘
2984,14:30:42,21.59,2159,1,卖盘
2985,14:30:45,21.59,28067,13,卖盘
2986,14:30:51,21.59,198629,92,卖盘
2987,14:30:57,21.59,36703,17,买盘
2988,14:31:00,21.59,4318,2,买盘
2989,14:31:03,21.58,2158,1,卖盘
2990,14:31:06,21.58,58283,27,卖盘
2991,14:31:09,21.59,71247,33,买盘
2992,14:31:12,21.59,6477,3,买盘
2993,14:31:15,21.58,4316,2,卖盘
2994,14:31:18,21.59,10795,5,买盘
2995,14:31:24,21.59,155438,72,买盘
2996,14:31:27,21.59,8636,4,买盘
2997,14:31:30,21.59,86360,40,买盘
2998,14:31:33,21.58,32378,15,卖盘
2999,14:31:36,21.59,196469,91,卖盘
3000,14:31:39,21.59,25908,12,买盘
3001,14:31:42,21.59,2159,1,买盘
3002,14:31:48,21.59,2159,1,买盘
3003,14:31:51,21.59,2159,1,卖盘
3004,14:31:54,21.59,4318,2,卖盘
3005,14:31:57,21.59,23749,11,卖盘
3006,14:32:00,21.6,19432,9,买盘
3007,14:32:03,21.6,695398,322,买盘
3008,14:32:06,21.58,97136,45,卖盘
3009,14:32:09,21.58,36706,17,卖盘
3010,14:32:12,21.59,4318,2,买盘
3011,14:32:15,21.59,10795,5,买盘
3012,14:32:18,21.59,6477,3,卖盘
3013,14:32:21,21.59,133858,62,卖盘
3014,14:32:24,21.59,58293,27,卖盘
3015,14:32:27,21.6,157630,73,买盘
3016,14:32:33,21.59,32395,15,卖盘
3017,14:32:39,21.59,47498,22,卖盘
3018,14:32:42,21.6,49675,23,买盘
3019,14:32:45,21.6,390960,181,买盘
3020,14:32:48,21.61,23763,11,买盘
3021,14:32:51,21.61,19449,9,买盘
3022,14:32:54,21.61,2161,1,买盘
3023,14:32:57,21.59,274222,127,卖盘
3024,14:33:00,21.6,6480,3,中性盘
3025,14:33:03,21.59,2159,1,卖盘
3026,14:33:06,21.6,8640,4,买盘
3027,14:33:12,21.61,21602,10,买盘
3028,14:33:15,21.6,95040,44,卖盘
3029,14:33:18,21.6,8640,4,卖盘
3030,14:33:21,21.6,6480,3,买盘
3031,14:33:24,21.6,10800,5,卖盘
3032,14:33:27,21.6,23760,11,卖盘
3033,14:33:30,21.61,2161,1,买盘
3034,14:33:33,21.6,2160,1,卖盘
3035,14:33:36,21.61,4322,2,买盘
3036,14:33:45,21.61,21610,10,买盘
3037,14:33:57,21.61,2161,1,买盘
3038,14:34:00,21.61,23771,11,买盘
3039,14:34:03,21.61,62669,29,买盘
3040,14:34:06,21.61,15125,7,买盘
3041,14:34:09,21.6,2160,1,卖盘
3042,14:34:12,21.61,196651,91,买盘
3043,14:34:18,21.62,2162,1,买盘
3044,14:34:21,21.62,4324,2,买盘
3045,14:34:24,21.62,10809,5,买盘
3046,14:34:30,21.62,54050,25,买盘
3047,14:34:33,21.62,129720,60,买盘
3048,14:34:39,21.63,105987,49,买盘
3049,14:34:42,21.63,41097,19,卖盘
3050,14:34:45,21.63,4326,2,卖盘
3051,14:34:48,21.64,64920,30,买盘
3052,14:34:51,21.64,30292,14,买盘
3053,14:34:54,21.65,183941,85,买盘
3054,14:34:57,21.64,242368,112,卖盘
3055,14:35:03,21.65,10825,5,买盘
3056,14:35:06,21.63,1616467,747,卖盘
3057,14:35:09,21.64,413082,191,买盘
3058,14:35:12,21.64,2164,1,买盘
3059,14:35:15,21.64,108199,50,买盘
3060,14:35:18,21.63,12977,6,买盘
3061,14:35:21,21.63,19467,9,中性盘
3062,14:35:24,21.61,140565,65,卖盘
3063,14:35:30,21.64,21635,10,买盘
3064,14:35:33,21.63,10815,5,买盘
3065,14:35:39,21.62,8648,4,卖盘
3066,14:35:45,21.62,19458,9,买盘
3067,14:35:48,21.62,64860,30,买盘
3068,14:35:51,21.61,58347,27,卖盘
3069,14:35:54,21.62,99452,46,买盘
3070,14:36:00,21.61,23771,11,卖盘
3071,14:36:12,21.61,177252,82,卖盘
3072,14:36:15,21.61,43220,20,卖盘
3073,14:36:21,21.62,2162,1,买盘
3074,14:36:24,21.62,4324,2,买盘
3075,14:36:27,21.61,175041,81,卖盘
3076,14:36:33,21.61,157753,73,卖盘
3077,14:36:36,21.62,216128,100,买盘
3078,14:36:39,21.62,4322,2,买盘
3079,14:36:42,21.61,25932,12,卖盘
3080,14:36:45,21.61,2161,1,卖盘
3081,14:36:48,21.61,2161,1,卖盘
3082,14:36:54,21.61,30254,14,卖盘
3083,14:36:57,21.61,2161,1,买盘
3084,14:37:03,21.61,12966,6,买盘
3085,14:37:06,21.61,15127,7,买盘
3086,14:37:12,21.61,21610,10,买盘
3087,14:37:15,21.61,23771,11,买盘
3088,14:37:18,21.62,23781,11,买盘
3089,14:37:21,21.61,4322,2,卖盘
3090,14:37:24,21.61,2161,1,卖盘
3091,14:37:27,21.61,15127,7,买盘
3092,14:37:33,21.61,66986,31,买盘
3093,14:37:36,21.61,2161,1,卖盘
3094,14:37:39,21.61,8644,4,卖盘
3095,14:37:45,21.61,6483,3,卖盘
3096,14:37:48,21.62,8646,4,买盘
3097,14:37:54,21.62,58373,27,买盘
3098,14:37:57,21.61,36737,17,卖盘
3099,14:38:03,21.62,86480,40,买盘
3100,14:38:06,21.61,2161,1,卖盘
3101,14:38:18,21.61,10805,5,卖盘
3102,14:38:21,21.61,8644,4,卖盘
3103,14:38:24,21.61,289574,134,卖盘
3104,14:38:27,21.62,10809,5,买盘
3105,14:38:33,21.61,2161,1,卖盘
3106,14:38:36,21.61,43220,20,买盘
3107,14:38:39,21.61,8644,4,买盘
3108,14:38:45,21.6,4320,2,卖盘
3109,14:38:51,21.6,8640,4,卖盘
3110,14:38:54,21.6,43200,20,卖盘
3111,14:38:57,21.6,6480,3,卖盘
3112,14:39:00,21.61,43220,20,买盘
3113,14:39:03,21.61,25932,12,买盘
3114,14:39:06,21.61,226904,105,买盘
3115,14:39:12,21.61,12966,6,卖盘
3116,14:39:21,21.61,4322,2,卖盘
3117,14:39:24,21.62,25944,12,买盘
3118,14:39:30,21.61,10805,5,卖盘
3119,14:39:33,21.61,2161,1,卖盘
3120,14:39:39,21.62,28106,13,买盘
3121,14:39:48,21.62,34587,16,买盘
3122,14:39:51,21.62,6485,3,买盘
3123,14:39:54,21.62,21620,10,买盘
3124,14:39:57,21.62,41069,19,买盘
3125,14:40:00,21.62,43240,20,买盘
3126,14:40:03,21.61,25938,12,卖盘
3127,14:40:06,21.61,2161,1,卖盘
3128,14:40:09,21.61,10805,5,卖盘
3129,14:40:12,21.62,41071,19,买盘
3130,14:40:15,21.61,4322,2,卖盘
3131,14:40:21,21.61,6483,3,卖盘
3132,14:40:27,21.61,19449,9,卖盘
3133,14:40:30,21.62,32430,15,买盘
3134,14:40:33,21.61,2161,1,卖盘
3135,14:40:36,21.62,21620,10,买盘
3136,14:40:39,21.61,38906,18,卖盘
3137,14:40:42,21.62,4323,2,买盘
3138,14:40:45,21.61,2161,1,卖盘
3139,14:40:48,21.61,58348,27,卖盘
3140,14:40:51,21.61,6483,3,卖盘
3141,14:40:54,21.61,60508,28,卖盘
3142,14:40:57,21.61,10805,5,卖盘
3143,14:41:00,21.61,43220,20,卖盘
3144,14:41:03,21.61,373853,173,卖盘
3145,14:41:06,21.61,47542,22,卖盘
3146,14:41:09,21.61,196651,91,卖盘
3147,14:41:12,21.61,25932,12,买盘
3148,14:41:15,21.6,2160,1,卖盘
3149,14:41:21,21.6,2160,1,卖盘
3150,14:41:24,21.6,12963,6,卖盘
3151,14:41:27,21.61,4321,2,买盘
3152,14:41:30,21.61,226905,105,买盘
3153,14:41:33,21.61,19449,9,买盘
3154,14:41:42,21.61,15127,7,买盘
3155,14:41:45,21.6,25921,12,卖盘
3156,14:41:48,21.6,8640,4,卖盘
3157,14:41:54,21.6,21600,10,卖盘
3158,14:42:00,21.6,140427,65,卖盘
3159,14:42:06,21.61,62669,29,买盘
3160,14:42:09,21.61,62669,29,买盘
3161,14:42:12,21.61,95084,44,买盘
3162,14:42:15,21.62,2162,1,买盘
3163,14:42:18,21.62,110260,51,买盘
3164,14:42:27,21.61,17288,8,卖盘
3165,14:42:36,21.61,10805,5,卖盘
3166,14:42:45,21.61,12966,6,卖盘
3167,14:42:48,21.61,2161,1,卖盘
3168,14:42:51,21.61,45390,21,卖盘
3169,14:42:54,21.61,23771,11,卖盘
3170,14:42:57,21.61,41074,19,卖盘
3171,14:43:03,21.61,97245,45,卖盘
3172,14:43:06,21.62,88642,41,买盘
3173,14:43:09,21.61,34586,16,卖盘
3174,14:43:12,21.62,10806,5,买盘
3175,14:43:18,21.61,2161,1,卖盘
3176,14:43:21,21.62,25942,12,买盘
3177,14:43:30,21.62,75668,35,买盘
3178,14:43:33,21.62,62698,29,买盘
3179,14:43:36,21.62,73507,34,买盘
3180,14:43:39,21.61,2161,1,卖盘
3181,14:43:42,21.62,2162,1,买盘
3182,14:43:45,21.61,15129,7,卖盘
3183,14:43:48,21.62,43240,20,买盘
3184,14:43:51,21.62,12972,6,买盘
3185,14:43:54,21.61,8644,4,卖盘
3186,14:43:57,21.61,77797,36,卖盘
3187,14:44:00,21.62,82156,38,买盘
3188,14:44:03,21.61,2161,1,卖盘
3189,14:44:06,21.61,2161,1,卖盘
3190,14:44:15,21.61,32415,15,卖盘
3191,14:44:18,21.61,159914,74,卖盘
3192,14:44:21,21.62,2162,1,买盘
3193,14:44:27,21.61,23781,11,卖盘
3194,14:44:30,21.61,17292,8,卖盘
