,成交时间,成交价格,成交金额,成交量,性质
0,09:25:00,125.55,7796655,621,卖盘
1,09:30:00,125.55,2523590,201,卖盘
2,09:30:03,125.49,13257751,1056,卖盘
3,09:30:06,125.37,2795950,223,卖盘
4,09:30:09,125.26,1968561,157,卖盘
5,09:30:12,125.48,864975,69,买盘
6,09:30:15,125.25,4473983,357,卖盘
7,09:30:18,125.25,475892,38,买盘
8,09:30:21,125.21,525869,42,中性盘
9,09:30:24,125.41,1640956,131,买盘
10,09:30:27,125.41,338508,27,卖盘
11,09:30:30,125.29,62642,5,卖盘
12,09:30:33,125.29,513628,41,买盘
13,09:30:36,125.25,1278003,102,卖盘
14,09:30:39,125.24,1114749,89,卖盘
15,09:30:42,125.24,2104040,168,买盘
16,09:30:45,125.26,1377965,110,买盘
17,09:30:48,125.23,325656,26,卖盘
18,09:30:51,125.23,438251,35,卖盘
19,09:30:54,125.23,262978,21,买盘
20,09:30:57,125.26,1966329,157,买盘
21,09:31:00,125.21,538482,43,卖盘
22,09:31:03,125.19,713617,57,卖盘
23,09:31:06,125.19,851281,68,买盘
24,09:31:09,125.2,275408,22,中性盘
25,09:31:12,125.17,388079,31,卖盘
26,09:31:15,125.19,663474,53,中性盘
27,09:31:18,125.17,488147,39,卖盘
28,09:31:21,125.15,663366,53,卖盘
29,09:31:24,125.17,325420,26,买盘
30,09:31:27,125.15,851079,68,卖盘
31,09:31:30,125.15,976212,78,卖盘
32,09:31:33,125.15,688353,55,卖盘
33,09:31:36,125.15,1063705,85,买盘
34,09:31:39,125.07,2126942,170,卖盘
35,09:31:42,125.02,787813,63,卖盘
36,09:31:45,125.07,62534,5,买盘
37,09:31:48,125.02,625111,50,卖盘
38,09:31:51,125.02,937623,75,买盘
39,09:31:54,125.01,887585,71,卖盘
40,09:31:57,125.02,575057,46,买盘
41,09:32:00,124.97,6062315,485,卖盘
42,09:32:03,124.99,862314,69,买盘
43,09:32:06,124.93,649774,52,卖盘
44,09:32:09,124.97,874790,70,买盘
45,09:32:12,124.93,1698868,136,中性盘
46,09:32:15,124.92,1174110,94,中性盘
47,09:32:18,124.92,1511178,121,买盘
48,09:32:21,124.92,462162,37,买盘
49,09:32:24,124.89,1024156,82,卖盘
50,09:32:27,124.9,512049,41,买盘
51,09:32:30,124.91,462123,37,买盘
52,09:32:33,125.03,10884109,871,买盘
53,09:32:36,124.99,2012020,161,卖盘
54,09:32:39,124.99,187509,15,卖盘
55,09:32:42,125.03,399951,32,中性盘
56,09:32:45,125.05,962914,77,买盘
57,09:32:48,125.01,787707,63,卖盘
58,09:32:51,125.07,362641,29,中性盘
59,09:32:54,125.08,337705,27,买盘
60,09:32:57,125.08,462825,37,中性盘
61,09:33:00,125.1,450420,36,卖盘
62,09:33:03,125.1,1488734,119,卖盘
63,09:33:06,125.1,287778,23,卖盘
64,09:33:09,125.1,825802,66,卖盘
65,09:33:12,125.1,975806,78,卖盘
66,09:33:15,125.1,825630,66,买盘
67,09:33:18,125.09,500353,40,中性盘
68,09:33:21,125.03,2588767,207,卖盘
69,09:33:24,125.08,1475493,118,买盘
70,09:33:27,125.0,587607,47,卖盘
71,09:33:30,125.03,312554,25,中性盘
72,09:33:33,125.06,250075,20,中性盘
73,09:33:36,125.04,475172,38,卖盘
74,09:33:39,125.09,888024,71,买盘
75,09:33:42,125.04,1175742,94,卖盘
76,09:33:45,125.03,637749,51,卖盘
77,09:33:48,125.06,262616,21,中性盘
78,09:33:51,125.04,837820,67,卖盘
79,09:33:54,125.03,1087963,87,卖盘
80,09:33:57,125.05,1025290,82,买盘
81,09:34:00,125.04,887825,71,卖盘
82,09:34:03,125.05,262602,21,中性盘
83,09:34:06,125.05,425197,34,卖盘
84,09:34:09,125.03,2200569,176,卖盘
85,09:34:12,125.03,812673,65,买盘
86,09:34:15,125.01,1537712,123,卖盘
87,09:34:18,125.0,637514,51,卖盘
88,09:34:21,125.01,1862538,149,买盘
89,09:34:24,124.97,3549871,284,卖盘
90,09:34:27,124.97,1074879,86,卖盘
91,09:34:30,124.99,524897,42,中性盘
92,09:34:33,124.95,387397,31,卖盘
93,09:34:36,124.97,362449,29,买盘
94,09:34:39,124.97,349901,28,买盘
95,09:34:42,124.96,299907,24,卖盘
96,09:34:45,124.97,249940,20,卖盘
97,09:34:48,124.97,437396,35,卖盘
98,09:34:51,124.96,574850,46,卖盘
99,09:34:54,124.96,1062196,85,卖盘
100,09:34:57,124.97,449886,36,买盘
101,09:35:00,124.97,712329,57,卖盘
102,09:35:03,124.97,1499591,120,卖盘
103,09:35:06,124.96,537334,43,卖盘
104,09:35:09,124.96,2299176,184,中性盘
105,09:35:12,124.92,2311233,185,卖盘
106,09:35:15,124.92,1374335,110,卖盘
107,09:35:18,124.92,674584,54,买盘
108,09:35:21,124.92,437212,35,买盘
109,09:35:24,124.92,861895,69,买盘
110,09:35:27,124.92,1036809,83,买盘
111,09:35:30,124.92,399726,32,买盘
112,09:35:33,124.92,874438,70,卖盘
113,09:35:36,124.92,1261754,101,买盘
114,09:35:39,124.91,849463,68,卖盘
115,09:35:42,124.92,1461528,117,卖盘
116,09:35:45,124.91,512181,41,卖盘
117,09:35:48,124.91,424731,34,卖盘
118,09:35:51,124.9,13063856,1046,卖盘
119,09:35:54,124.87,2772688,222,卖盘
120,09:35:57,124.87,1186371,95,卖盘
121,09:36:00,124.86,274713,22,卖盘
122,09:36:03,124.9,1660792,133,买盘
123,09:36:06,124.97,6820222,546,买盘
124,09:36:09,125.01,1987591,159,买盘
125,09:36:12,125.05,2125425,170,买盘
126,09:36:15,125.1,637864,51,买盘
127,09:36:18,125.07,888145,71,卖盘
128,09:36:21,125.05,275157,22,卖盘
129,09:36:24,125.06,350205,28,中性盘
130,09:36:27,125.06,712698,57,卖盘
131,09:36:30,125.05,187519,15,中性盘
132,09:36:33,124.97,1362716,109,卖盘
133,09:36:36,125.0,162524,13,卖盘
134,09:36:39,125.03,437507,35,买盘
135,09:36:42,125.0,637540,51,中性盘
136,09:36:45,125.01,362526,29,卖盘
137,09:36:48,125.01,475031,38,买盘
138,09:36:51,125.03,1012688,81,买盘
139,09:36:54,125.01,412531,33,中性盘
140,09:36:57,125.01,275056,22,卖盘
141,09:37:00,125.01,612544,49,中性盘
142,09:37:03,125.01,337537,27,买盘
143,09:37:06,125.01,487564,39,买盘
144,09:37:09,125.01,125014,10,卖盘
145,09:37:12,125.01,400088,32,卖盘
146,09:37:15,125.01,862580,69,卖盘
147,09:37:18,124.99,2174957,174,卖盘
148,09:37:21,124.98,849786,68,中性盘
149,09:37:24,124.95,349897,28,卖盘
150,09:37:27,124.95,162463,13,卖盘
151,09:37:30,124.97,237428,19,中性盘
152,09:37:33,124.94,149937,12,卖盘
153,09:37:36,124.94,137441,11,卖盘
154,09:37:39,124.94,774673,62,卖盘
155,09:37:42,124.94,274863,22,买盘
156,09:37:45,124.92,562191,45,卖盘
157,09:37:48,124.92,412291,33,卖盘
158,09:37:51,124.91,3884451,311,卖盘
159,09:37:54,124.9,562093,45,卖盘
160,09:37:57,124.91,362234,29,买盘
161,09:38:00,124.9,886818,71,卖盘
162,09:38:03,124.91,1286485,103,买盘
163,09:38:06,124.91,1536328,123,买盘
164,09:38:09,124.91,936838,75,卖盘
165,09:38:12,124.91,612084,49,卖盘
166,09:38:15,124.96,724677,58,买盘
167,09:38:18,124.98,1224764,98,中性盘
168,09:38:21,125.02,200011,16,买盘
169,09:38:24,125.02,137535,11,卖盘
170,09:38:27,125.02,312555,25,卖盘
171,09:38:30,125.05,800126,64,买盘
172,09:38:33,125.05,112553,9,卖盘
173,09:38:36,125.06,237604,19,买盘
174,09:38:39,125.07,888000,71,买盘
175,09:38:42,125.09,1000729,80,买盘
176,09:38:45,125.15,312824,25,买盘
177,09:38:48,125.15,488008,39,卖盘
178,09:38:51,125.18,550696,44,买盘
179,09:38:54,125.15,4002556,320,卖盘
180,09:38:57,125.2,413103,33,买盘
181,09:39:00,125.15,300413,24,卖盘
182,09:39:03,125.19,663522,53,买盘
183,09:39:06,125.15,237816,19,卖盘
184,09:39:09,125.15,513110,41,买盘
185,09:39:12,125.2,275414,22,买盘
186,09:39:15,125.2,625935,50,买盘
187,09:39:18,125.15,437988,35,卖盘
188,09:39:21,125.15,187723,15,买盘
189,09:39:24,125.16,262807,21,买盘
190,09:39:27,125.15,287863,23,卖盘
191,09:39:30,125.16,87612,7,卖盘
192,09:39:33,125.16,625777,50,买盘
193,09:39:36,125.16,863593,69,买盘
194,09:39:39,125.16,500639,40,卖盘
195,09:39:42,125.1,450424,36,卖盘
196,09:39:45,125.1,112584,9,买盘
197,09:39:48,125.05,700457,56,卖盘
198,09:39:51,125.04,275091,22,卖盘
199,09:39:54,125.04,137514,11,买盘
200,09:39:57,125.04,387557,31,买盘
201,09:40:00,125.04,175062,14,买盘
202,09:40:03,125.01,224691,18,卖盘
203,09:40:06,125.01,700193,56,卖盘
204,09:40:09,124.96,1212816,97,卖盘
205,09:40:12,124.98,512398,41,中性盘
206,09:40:15,124.93,1062334,85,卖盘
207,09:40:18,124.92,637105,51,卖盘
208,09:40:21,124.91,662157,53,卖盘
209,09:40:24,124.95,537281,43,买盘
210,09:40:27,124.95,137445,11,卖盘
211,09:40:30,124.95,2848857,228,卖盘
212,09:40:33,124.95,349807,28,买盘
213,09:40:36,124.95,899607,72,买盘
214,09:40:39,124.95,1661994,133,买盘
215,09:40:42,124.95,274886,22,卖盘
216,09:40:45,124.95,487467,39,卖盘
217,09:40:48,124.91,2236278,179,卖盘
218,09:40:51,124.95,574732,46,买盘
219,09:40:54,124.94,199905,16,卖盘
220,09:40:57,124.94,137427,11,买盘
221,09:41:00,124.95,624722,50,买盘
222,09:41:03,124.95,487312,39,卖盘
223,09:41:06,124.93,10279853,823,卖盘
224,09:41:09,124.9,1149287,92,中性盘
225,09:41:12,124.9,424687,34,卖盘
226,09:41:15,124.92,499599,40,买盘
227,09:41:18,124.9,274831,22,卖盘
228,09:41:21,124.9,337233,27,卖盘
229,09:41:24,124.88,5070203,406,卖盘
230,09:41:27,124.82,7466127,598,卖盘
231,09:41:30,124.81,798820,64,卖盘
232,09:41:33,124.75,13438692,1077,卖盘
233,09:41:36,124.7,1546464,124,卖盘
234,09:41:39,124.71,1471546,118,中性盘
235,09:41:42,124.72,997732,80,买盘
236,09:41:45,124.71,947854,76,卖盘
237,09:41:48,124.74,848206,68,买盘
238,09:41:51,124.73,860995,69,卖盘
239,09:41:54,124.74,2607071,209,中性盘
240,09:41:57,124.8,1160074,93,买盘
241,09:42:00,124.75,374297,30,卖盘
242,09:42:03,124.8,474194,38,买盘
243,09:42:06,124.76,1659611,133,买盘
244,09:42:09,124.8,911309,73,中性盘
245,09:42:12,124.82,3671863,294,卖盘
246,09:42:15,124.83,337044,27,卖盘
247,09:42:18,124.83,412056,33,卖盘
248,09:42:21,124.9,1149386,92,买盘
249,09:42:24,124.81,561803,45,卖盘
250,09:42:27,124.82,424458,34,卖盘
251,09:42:30,124.83,312045,25,买盘
252,09:42:33,124.81,299564,24,卖盘
253,09:42:36,124.82,798835,64,买盘
254,09:42:39,124.83,212223,17,中性盘
255,09:42:42,124.88,799005,64,买盘
256,09:42:45,124.83,1185947,95,卖盘
257,09:42:48,124.88,137336,11,买盘
258,09:42:51,124.88,187310,15,卖盘
259,09:42:54,124.83,998663,80,卖盘
260,09:42:57,124.88,424535,34,买盘
261,09:43:00,124.9,537048,43,买盘
262,09:43:03,124.9,174852,14,买盘
263,09:43:06,124.9,362209,29,买盘
264,09:43:09,124.94,237327,19,买盘
265,09:43:12,124.94,149928,12,卖盘
266,09:43:15,124.95,262380,21,买盘
267,09:43:18,124.96,237431,19,买盘
268,09:43:21,124.94,499823,40,卖盘
269,09:43:24,124.96,324894,26,买盘
270,09:43:27,124.96,349891,28,买盘
271,09:43:30,124.95,149940,12,卖盘
272,09:43:33,124.95,162435,13,买盘
273,09:43:36,124.95,224897,18,买盘
274,09:43:39,124.95,224901,18,买盘
275,09:43:42,124.94,199914,16,卖盘
276,09:43:45,124.96,249901,20,买盘
277,09:43:48,124.95,374844,30,卖盘
278,09:43:51,124.95,87468,7,卖盘
279,09:43:54,124.94,237407,19,卖盘
280,09:43:57,124.96,249893,20,买盘
281,09:44:00,124.96,374865,30,买盘
282,09:44:03,124.95,237384,19,中性盘
283,09:44:06,124.96,337382,27,买盘
284,09:44:09,124.95,462311,37,卖盘
285,09:44:12,124.95,412311,33,买盘
286,09:44:15,124.93,337329,27,卖盘
287,09:44:18,124.93,687095,55,买盘
288,09:44:21,124.92,424677,34,卖盘
289,09:44:24,124.92,287281,23,买盘
290,09:44:27,124.9,174863,14,卖盘
291,09:44:30,124.9,12490,1,卖盘
292,09:44:33,124.9,199836,16,卖盘
293,09:44:36,124.92,149888,12,买盘
294,09:44:39,124.9,499617,40,卖盘
295,09:44:42,124.91,112419,9,买盘
296,09:44:45,124.9,124907,10,卖盘
297,09:44:48,124.93,824446,66,买盘
298,09:44:51,124.9,262300,21,卖盘
299,09:44:54,124.9,199838,16,卖盘
300,09:44:57,124.9,299757,24,买盘
301,09:45:00,124.9,237301,19,卖盘
302,09:45:03,124.89,362186,29,卖盘
303,09:45:06,124.89,124887,10,买盘
304,09:45:09,124.88,324697,26,卖盘
305,09:45:12,124.88,437095,35,卖盘
306,09:45:15,124.89,299720,24,买盘
307,09:45:18,124.89,262259,21,买盘
308,09:45:21,124.88,549484,44,卖盘
309,09:45:24,124.88,174845,14,卖盘
310,09:45:27,124.88,412108,33,卖盘
311,09:45:30,124.89,237274,19,卖盘
312,09:45:33,124.88,936698,75,卖盘
313,09:45:36,124.89,312243,25,中性盘
314,09:45:39,124.9,124902,10,买盘
315,09:45:42,124.94,612176,49,买盘
316,09:45:45,124.91,287303,23,卖盘
317,09:45:48,124.91,524740,42,卖盘
318,09:45:51,124.94,449781,36,买盘
319,09:45:54,124.96,362291,29,买盘
320,09:45:57,124.91,437257,35,卖盘
321,09:46:00,124.94,287320,23,中性盘
322,09:46:03,124.95,299810,24,买盘
323,09:46:06,124.96,487294,39,买盘
324,09:46:09,124.92,287332,23,卖盘
325,09:46:12,124.96,424790,34,买盘
326,09:46:15,124.91,199921,16,卖盘
327,09:46:18,124.95,337288,27,中性盘
328,09:46:21,124.95,199885,16,买盘
329,09:46:24,124.92,1462043,117,中性盘
330,09:46:27,124.99,99984,8,中性盘
331,09:46:30,124.93,262413,21,卖盘
332,09:46:33,124.93,187416,15,卖盘
333,09:46:36,125.0,787059,63,买盘
334,09:46:39,124.92,399834,32,中性盘
335,09:46:42,124.93,799435,64,中性盘
336,09:46:45,124.93,299792,24,买盘
337,09:46:48,124.93,249894,20,卖盘
338,09:46:51,124.92,1311610,105,卖盘
339,09:46:54,124.95,237392,19,买盘
340,09:46:57,124.94,62470,5,中性盘
341,09:47:00,124.92,224897,18,卖盘
342,09:47:03,124.93,137420,11,中性盘
343,09:47:06,124.92,299812,24,卖盘
344,09:47:09,124.95,1599416,128,买盘
345,09:47:12,124.93,4666642,373,卖盘
346,09:47:15,124.91,774611,62,卖盘
347,09:47:18,124.98,1062529,85,买盘
348,09:47:21,125.04,462699,37,中性盘
349,09:47:24,125.08,575328,46,买盘
350,09:47:27,125.04,475273,38,卖盘
351,09:47:30,125.08,250094,20,中性盘
352,09:47:33,125.07,387716,31,中性盘
353,09:47:36,125.04,275108,22,卖盘
354,09:47:39,125.04,337638,27,卖盘
355,09:47:42,125.05,300101,24,买盘
356,09:47:45,125.08,300150,24,买盘
357,09:47:48,124.99,350095,28,卖盘
358,09:47:51,125.1,2601624,208,买盘
359,09:47:54,124.98,37503,3,中性盘
360,09:47:57,125.04,274995,22,买盘
361,09:48:00,125.04,312473,25,买盘
362,09:48:03,124.99,25003,2,卖盘
363,09:48:06,125.04,112499,9,买盘
364,09:48:09,125.04,512594,41,中性盘
365,09:48:12,124.99,237482,19,卖盘
366,09:48:15,125.0,424905,34,买盘
367,09:48:18,125.0,399960,32,买盘
368,09:48:21,124.98,537397,43,中性盘
369,09:48:24,124.99,449881,36,买盘
370,09:48:27,124.98,362477,29,卖盘
371,09:48:30,125.0,187480,15,买盘
372,09:48:33,124.98,174971,14,买盘
373,09:48:36,124.98,312458,25,卖盘
374,09:48:39,124.98,349939,28,卖盘
375,09:48:42,124.94,324890,26,卖盘
376,09:48:45,124.94,374922,30,中性盘
377,09:48:48,124.93,749627,60,卖盘
378,09:48:51,124.93,249916,20,买盘
379,09:48:54,124.94,299927,24,卖盘
380,09:48:57,124.92,249877,20,卖盘
381,09:49:00,124.92,124951,10,卖盘
382,09:49:03,124.92,362280,29,卖盘
383,09:49:06,124.92,162395,13,卖盘
384,09:49:09,124.92,112428,9,卖盘
385,09:49:12,124.92,349768,28,卖盘
386,09:49:15,124.92,99936,8,买盘
387,09:49:18,124.92,199872,16,买盘
388,09:49:21,124.91,362276,29,卖盘
389,09:49:24,124.92,312306,25,卖盘
390,09:49:27,124.95,624696,50,买盘
391,09:49:30,124.94,512239,41,卖盘
392,09:49:33,124.94,87452,7,中性盘
393,09:49:36,124.93,187418,15,卖盘
394,09:49:39,124.94,87452,7,中性盘
395,09:49:42,124.97,374909,30,买盘
396,09:49:45,124.97,124974,10,卖盘
397,09:49:48,124.98,49992,4,买盘
398,09:49:51,124.98,574871,46,买盘
399,09:49:54,124.93,1411835,113,卖盘
400,09:49:57,124.97,187464,15,卖盘
401,09:50:00,124.97,249931,20,买盘
402,09:50:03,124.94,299904,24,卖盘
403,09:50:06,124.94,87458,7,卖盘
404,09:50:09,124.94,162430,13,卖盘
405,09:50:12,124.95,49978,4,买盘
406,09:50:15,124.95,49978,4,买盘
407,09:50:18,124.95,862158,69,买盘
408,09:50:21,124.94,262391,21,卖盘
409,09:50:24,124.98,1099662,88,买盘
410,09:50:27,125.02,1624963,130,买盘
411,09:50:30,125.0,150023,12,中性盘
412,09:50:33,124.99,150001,12,卖盘
413,09:50:36,124.99,187487,15,卖盘
414,09:50:39,124.99,62494,5,买盘
415,09:50:42,124.99,49996,4,买盘
416,09:50:45,124.98,487422,39,卖盘
417,09:50:48,124.95,449905,36,卖盘
418,09:50:51,124.98,112464,9,中性盘
419,09:50:54,124.97,74984,6,卖盘
420,09:50:57,124.97,137453,11,卖盘
421,09:51:00,124.97,12497,1,买盘
422,09:51:03,125.05,4937261,395,买盘
423,09:51:06,125.05,312596,25,买盘
424,09:51:09,125.02,125013,10,中性盘
425,09:51:12,125.01,950048,76,卖盘
426,09:51:15,125.05,275040,22,买盘
427,09:51:18,125.02,37505,3,中性盘
428,09:51:21,125.01,50005,4,中性盘
429,09:51:24,125.02,112509,9,买盘
430,09:51:27,125.01,87510,7,卖盘
431,09:51:30,125.02,212529,17,买盘
432,09:51:33,125.01,650072,52,卖盘
433,09:51:36,124.98,637490,51,卖盘
434,09:51:39,124.97,124988,10,卖盘
435,09:51:42,124.98,224971,18,中性盘
436,09:51:45,124.97,1012447,81,卖盘
437,09:51:48,124.97,262439,21,买盘
438,09:51:51,125.0,450011,36,买盘
439,09:51:54,125.02,162502,13,买盘
440,09:51:57,125.02,512532,41,买盘
441,09:52:00,125.04,100021,8,买盘
442,09:52:03,125.08,1425636,114,买盘
443,09:52:06,125.08,913163,73,买盘
444,09:52:09,125.08,462856,37,卖盘
445,09:52:12,125.08,1813102,145,卖盘
446,09:52:15,125.11,287735,23,中性盘
447,09:52:18,125.13,150176,12,卖盘
448,09:52:21,125.15,125136,10,买盘
449,09:52:24,125.17,876118,70,买盘
450,09:52:27,125.14,387950,31,卖盘
451,09:52:30,125.17,125172,10,中性盘
452,09:52:33,125.18,463157,37,买盘
453,09:52:36,125.18,100147,8,卖盘
454,09:52:39,125.18,187775,15,卖盘
455,09:52:42,125.18,563326,45,卖盘
456,09:52:45,125.18,726054,58,买盘
457,09:52:48,125.18,325465,26,中性盘
458,09:52:51,125.17,450626,36,中性盘
459,09:52:54,125.2,1064104,85,买盘
460,09:52:57,125.2,1464803,117,买盘
461,09:53:00,125.22,325539,26,买盘
462,09:53:03,125.24,100178,8,买盘
463,09:53:06,125.17,863925,69,卖盘
464,09:53:09,125.17,100131,8,卖盘
465,09:53:12,125.17,287867,23,买盘
466,09:53:15,125.14,250314,20,卖盘
467,09:53:18,125.16,125169,10,中性盘
468,09:53:21,125.17,125160,10,买盘
469,09:53:24,125.16,187733,15,中性盘
470,09:53:27,125.17,600759,48,买盘
471,09:53:30,125.2,1289543,103,买盘
472,09:53:33,125.17,112671,9,卖盘
473,09:53:39,125.2,125192,10,买盘
474,09:53:45,125.2,187797,15,买盘
475,09:53:48,125.18,262878,21,卖盘
476,09:53:51,125.2,162741,13,买盘
477,09:53:54,125.18,200299,16,卖盘
478,09:53:57,125.17,337982,27,卖盘
479,09:54:00,125.17,212796,17,卖盘
480,09:54:03,125.17,187767,15,卖盘
481,09:54:06,125.19,300433,24,买盘
482,09:54:09,125.2,62598,5,买盘
483,09:54:12,125.19,75114,6,中性盘
484,09:54:15,125.2,87635,7,买盘
485,09:54:18,125.2,275434,22,买盘
486,09:54:21,125.19,50076,4,卖盘
487,09:54:24,125.2,75120,6,买盘
488,09:54:27,125.19,187795,15,卖盘
489,09:54:30,125.19,125190,10,卖盘
490,09:54:33,125.2,438193,35,买盘
491,09:54:36,125.2,413166,33,买盘
492,09:54:39,125.2,325520,26,卖盘
493,09:54:42,125.2,225371,18,卖盘
494,09:54:45,125.2,363086,29,卖盘
495,09:54:48,125.18,563368,45,卖盘
496,09:54:51,125.17,388069,31,卖盘
497,09:54:54,125.15,588312,47,卖盘
498,09:54:57,125.16,400484,32,买盘
499,09:55:00,125.16,350441,28,买盘
500,09:55:06,125.17,425546,34,买盘
501,09:55:09,125.17,175247,14,中性盘
502,09:55:12,125.17,488170,39,卖盘
503,09:55:15,125.2,125182,10,买盘
504,09:55:18,125.2,1226972,98,买盘
505,09:55:21,125.2,262932,21,卖盘
506,09:55:24,125.2,350617,28,卖盘
507,09:55:27,125.06,2953135,236,卖盘
508,09:55:30,125.17,212695,17,买盘
509,09:55:33,125.17,162713,13,买盘
510,09:55:36,125.15,262849,21,卖盘
511,09:55:39,125.15,150185,12,卖盘
512,09:55:42,125.15,12515,1,买盘
513,09:55:45,125.15,675805,54,买盘
514,09:55:48,125.15,75085,6,买盘
515,09:55:51,125.11,25023,2,卖盘
516,09:55:54,125.12,200205,16,买盘
517,09:55:57,125.12,187670,15,买盘
518,09:56:00,125.12,125115,10,买盘
519,09:56:03,125.1,212677,17,卖盘
520,09:56:06,125.1,300233,24,卖盘
521,09:56:09,125.06,100052,8,卖盘
522,09:56:12,125.08,100054,8,买盘
523,09:56:15,125.06,212603,17,卖盘
524,09:56:18,125.06,125064,10,卖盘
525,09:56:21,125.06,75036,6,卖盘
526,09:56:24,125.06,37517,3,买盘
527,09:56:27,125.05,262622,21,卖盘
528,09:56:30,125.03,75026,6,卖盘
529,09:56:33,125.05,475136,38,买盘
530,09:56:36,125.0,175022,14,卖盘
531,09:56:39,125.04,112541,9,中性盘
532,09:56:42,125.02,62512,5,中性盘
533,09:56:45,125.02,112511,9,买盘
534,09:56:48,125.02,1625037,130,买盘
535,09:56:51,125.01,125004,10,买盘
536,09:56:54,125.0,237512,19,卖盘
537,09:56:57,125.0,200007,16,卖盘
538,09:57:00,124.99,687498,55,卖盘
539,09:57:03,124.99,37497,3,卖盘
540,09:57:06,124.98,137486,11,卖盘
541,09:57:09,125.0,599925,48,买盘
542,09:57:12,124.98,224980,18,卖盘
543,09:57:15,124.97,149967,12,卖盘
544,09:57:18,124.98,137475,11,买盘
545,09:57:21,124.96,362391,29,卖盘
546,09:57:24,124.97,187436,15,买盘
547,09:57:27,124.98,549815,44,买盘
548,09:57:30,124.98,62485,5,买盘
549,09:57:33,124.96,524853,42,卖盘
550,09:57:36,124.98,599833,48,买盘
551,09:57:39,124.96,37490,3,卖盘
552,09:57:42,124.96,224922,18,卖盘
553,09:57:45,124.96,187437,15,中性盘
554,09:57:48,124.95,87477,7,卖盘
555,09:57:51,124.95,212446,17,卖盘
556,09:57:54,124.95,112462,9,卖盘
557,09:57:57,124.95,474836,38,卖盘
558,09:58:00,124.96,99968,8,中性盘
559,09:58:03,124.96,149961,12,卖盘
560,09:58:06,124.98,99978,8,中性盘
561,09:58:09,124.98,112486,9,中性盘
562,09:58:12,125.0,174991,14,买盘
563,09:58:15,124.97,87488,7,卖盘
564,09:58:18,124.98,274962,22,中性盘
565,09:58:21,124.98,274926,22,买盘
566,09:58:24,124.98,87480,7,买盘
567,09:58:27,124.96,624805,50,卖盘
568,09:58:30,124.96,312426,25,中性盘
569,09:58:33,124.98,37494,3,中性盘
570,09:58:36,124.98,249984,20,卖盘
571,09:58:39,124.98,237470,19,卖盘
572,09:58:42,124.98,149981,12,卖盘
573,09:58:45,124.98,399970,32,卖盘
574,09:58:48,124.98,37493,3,买盘
575,09:58:51,124.97,224957,18,卖盘
576,09:58:54,124.98,624860,50,买盘
577,09:58:57,124.98,224960,18,买盘
578,09:59:00,124.95,1149632,92,卖盘
579,09:59:03,124.94,6547118,524,卖盘
580,09:59:06,124.94,337306,27,买盘
581,09:59:09,124.93,224869,18,卖盘
582,09:59:12,124.91,199884,16,卖盘
583,09:59:15,124.91,374764,30,卖盘
584,09:59:18,124.91,399729,32,卖盘
585,09:59:21,124.91,299795,24,卖盘
586,09:59:24,124.91,332762,27,卖盘
587,09:59:27,124.91,24982,2,买盘
588,09:59:30,124.91,174873,14,买盘
589,09:59:33,124.91,299789,24,买盘
590,09:59:36,124.86,8554903,685,卖盘
591,09:59:39,124.86,1173677,94,卖盘
592,09:59:42,124.86,112367,9,买盘
593,09:59:45,124.86,37457,3,买盘
594,09:59:48,124.85,324617,26,卖盘
595,09:59:51,124.84,636699,51,卖盘
596,09:59:54,124.85,324580,26,买盘
597,09:59:57,124.83,399463,32,卖盘
598,10:00:00,124.82,474363,38,卖盘
599,10:00:03,124.76,12940016,1037,卖盘
600,10:00:06,124.72,960433,77,卖盘
601,10:00:09,124.71,2257333,181,卖盘
602,10:00:12,124.7,12058480,967,卖盘
603,10:00:15,124.7,1171929,94,买盘
604,10:00:18,124.7,922681,74,买盘
605,10:00:21,124.7,935231,75,卖盘
606,10:00:24,124.7,3529004,283,卖盘
607,10:00:27,124.69,985161,79,卖盘
608,10:00:30,124.7,648481,52,买盘
609,10:00:33,124.71,274370,22,中性盘
610,10:00:36,124.71,1346807,108,卖盘
611,10:00:39,124.75,1446725,116,买盘
612,10:00:42,124.75,37426,3,卖盘
613,10:00:45,124.75,573862,46,卖盘
614,10:00:48,124.75,212079,17,卖盘
615,10:00:51,124.75,598816,48,卖盘
616,10:00:54,124.75,187129,15,卖盘
617,10:00:57,124.75,374233,30,买盘
618,10:01:00,124.75,311859,25,买盘
619,10:01:03,124.74,261954,21,卖盘
620,10:01:06,124.73,187099,15,卖盘
621,10:01:09,124.72,3816267,306,卖盘
622,10:01:12,124.7,2967714,238,卖盘
623,10:01:15,124.7,261853,21,买盘
624,10:01:18,124.68,4150828,333,中性盘
625,10:01:21,124.69,448834,36,买盘
626,10:01:24,124.66,236870,19,卖盘
627,10:01:27,124.66,1134056,91,卖盘
628,10:01:30,124.66,249271,20,买盘
629,10:01:33,124.65,2206301,177,卖盘
630,10:01:36,124.65,548437,44,买盘
631,10:01:39,124.65,461207,37,买盘
632,10:01:42,124.64,498592,40,卖盘
633,10:01:45,124.65,735402,59,买盘
634,10:01:48,124.65,511072,41,卖盘
635,10:01:51,124.65,598294,48,买盘
636,10:01:54,124.65,560904,45,买盘
637,10:01:57,124.65,1109364,89,买盘
638,10:02:00,124.66,1408511,113,买盘
639,10:02:03,124.65,1894682,152,卖盘
640,10:02:06,124.65,934848,75,卖盘
641,10:02:09,124.64,772742,62,中性盘
642,10:02:12,124.65,947267,76,买盘
643,10:02:15,124.63,1221475,98,卖盘
644,10:02:18,124.64,324057,26,买盘
645,10:02:21,124.65,660616,53,买盘
646,10:02:24,124.64,423787,34,卖盘
647,10:02:27,124.64,361459,29,买盘
648,10:02:30,124.65,722914,58,买盘
649,10:02:33,124.64,224358,18,卖盘
650,10:02:36,124.64,710461,57,卖盘
651,10:02:39,124.64,1433302,115,买盘
652,10:02:42,124.64,249284,20,中性盘
653,10:02:45,124.64,1071905,86,卖盘
654,10:02:48,124.66,660636,53,买盘
655,10:02:51,124.65,137115,11,中性盘
656,10:02:54,124.66,236842,19,买盘
657,10:02:57,124.66,872671,70,买盘
658,10:03:00,124.66,349033,28,买盘
659,10:03:03,124.62,5520854,443,卖盘
660,10:03:06,124.64,324013,26,中性盘
661,10:03:09,124.65,286683,23,买盘
662,10:03:12,124.62,398848,32,卖盘
663,10:03:15,124.64,224350,18,中性盘
664,10:03:18,124.65,486109,39,买盘
665,10:03:21,124.64,411310,33,卖盘
666,10:03:24,124.63,361453,29,卖盘
667,10:03:27,124.65,1246438,100,买盘
668,10:03:30,124.63,785259,63,卖盘
669,10:03:33,124.7,610825,49,买盘
670,10:03:36,124.64,423844,34,卖盘
671,10:03:39,124.66,74792,6,中性盘
672,10:03:42,124.66,211950,17,卖盘
673,10:03:45,124.68,536176,43,中性盘
674,10:03:48,124.66,922504,74,卖盘
675,10:03:51,124.67,112202,9,中性盘
676,10:03:54,124.65,498606,40,卖盘
677,10:03:57,124.65,286695,23,买盘
678,10:04:00,124.65,224369,18,买盘
679,10:04:03,124.65,448724,36,买盘
680,10:04:06,124.65,486119,39,买盘
681,10:04:09,124.65,1271370,102,买盘
682,10:04:12,124.65,523530,42,卖盘
683,10:04:15,124.66,984746,79,买盘
684,10:04:18,124.66,1271440,102,买盘
685,10:04:21,124.61,8748583,702,卖盘
686,10:04:24,124.62,872252,70,买盘
687,10:04:27,124.62,1420469,114,买盘
688,10:04:30,124.6,4510560,362,卖盘
689,10:04:33,124.63,1482807,119,买盘
690,10:04:36,124.61,236774,19,卖盘
691,10:04:39,124.62,1109042,89,买盘
692,10:04:42,124.61,386281,31,卖盘
693,10:04:45,124.62,909702,73,买盘
694,10:04:48,124.61,411215,33,卖盘
695,10:04:51,124.62,161994,13,买盘
696,10:04:54,124.62,62309,5,买盘
697,10:04:57,124.61,510897,41,卖盘
698,10:05:00,124.61,785033,63,买盘
699,10:05:03,124.61,2741240,220,卖盘
700,10:05:06,124.62,1595029,128,买盘
701,10:05:09,124.6,485944,39,卖盘
702,10:05:12,124.62,6354605,510,买盘
703,10:05:15,124.61,648010,52,卖盘
704,10:05:18,124.62,498416,40,买盘
705,10:05:21,124.62,361374,29,买盘
706,10:05:24,124.62,498466,40,买盘
707,10:05:27,124.6,1844262,148,卖盘
708,10:05:30,124.63,510965,41,买盘
709,10:05:33,124.63,623028,50,买盘
710,10:05:36,124.58,647915,52,卖盘
711,10:05:39,124.62,2541497,204,买盘
712,10:05:42,124.6,523343,42,卖盘
713,10:05:45,124.6,411234,33,卖盘
714,10:05:48,124.61,398722,32,中性盘
715,10:05:51,124.6,211841,17,卖盘
716,10:05:54,124.6,685306,55,卖盘
717,10:05:57,124.6,174439,14,买盘
718,10:06:00,124.6,336418,27,买盘
719,10:06:03,124.52,7299509,586,卖盘
720,10:06:06,124.56,827188,66,买盘
721,10:06:09,124.57,174393,14,买盘
722,10:06:12,124.55,87193,7,中性盘
723,10:06:15,124.52,410991,33,卖盘
724,10:06:18,124.52,891342,72,卖盘
725,10:06:21,124.51,298842,24,卖盘
726,10:06:24,124.51,1207775,97,卖盘
727,10:06:27,124.51,709722,57,卖盘
728,10:06:30,124.51,715189,57,卖盘
729,10:06:33,124.52,933873,75,中性盘
730,10:06:36,124.47,20175231,1621,卖盘
731,10:06:39,124.42,1356444,109,卖盘
732,10:06:42,124.4,4316722,347,卖盘
733,10:06:45,124.41,808623,65,卖盘
734,10:06:48,124.41,422987,34,中性盘
735,10:06:51,124.4,3097584,249,卖盘
736,10:06:54,124.38,584640,47,卖盘
737,10:06:57,124.4,1057348,85,买盘
738,10:07:00,124.38,1467504,118,中性盘
739,10:07:03,124.36,920337,74,卖盘
740,10:07:06,124.35,261152,21,卖盘
741,10:07:09,124.3,5457207,439,卖盘
742,10:07:12,124.26,1889040,152,卖盘
743,10:07:15,124.25,1018854,82,卖盘
744,10:07:18,124.23,882126,71,卖盘
745,10:07:21,124.24,633589,51,买盘
746,10:07:24,124.23,795064,64,卖盘
747,10:07:27,124.23,2782386,224,卖盘
748,10:07:30,124.25,1204971,97,买盘
749,10:07:33,124.23,1254762,101,中性盘
750,10:07:36,124.22,944081,76,卖盘
751,10:07:39,124.23,1279448,103,买盘
752,10:07:42,124.22,732910,59,卖盘
753,10:07:45,124.22,683281,55,卖盘
754,10:07:48,124.24,708118,57,卖盘
755,10:07:51,124.24,633567,51,卖盘
756,10:07:54,124.24,795123,64,买盘
757,10:07:57,124.25,1553023,125,买盘
758,10:08:00,124.24,3242418,261,卖盘
759,10:08:03,124.24,559092,45,卖盘
760,10:08:06,124.25,844853,68,买盘
761,10:08:09,124.24,819974,66,买盘
762,10:08:12,124.24,347875,28,卖盘
763,10:08:15,124.25,459696,37,买盘
764,10:08:18,124.24,596362,48,卖盘
765,10:08:21,124.25,770310,62,买盘
766,10:08:24,124.25,260925,21,卖盘
767,10:08:27,124.25,596420,48,卖盘
768,10:08:30,124.26,1466439,118,买盘
769,10:08:33,124.26,708246,57,卖盘
770,10:08:36,124.25,1006479,81,卖盘
771,10:08:39,124.25,658545,53,卖盘
772,10:08:42,124.25,372760,30,卖盘
773,10:08:45,124.25,410041,33,卖盘
774,10:08:48,124.25,1217804,98,卖盘
775,10:08:51,124.25,658576,53,中性盘
776,10:08:54,124.25,347902,28,卖盘
777,10:08:57,124.25,496974,40,买盘
778,10:09:00,124.22,2720778,219,卖盘
779,10:09:03,124.21,4993198,402,卖盘
780,10:09:06,124.2,1974744,159,卖盘
781,10:09:09,124.18,1912382,154,卖盘
782,10:09:12,124.18,881590,71,买盘
783,10:09:15,124.1,4282184,345,卖盘
784,10:09:18,124.14,1625680,131,买盘
785,10:09:21,124.1,1501541,121,卖盘
786,10:09:24,124.09,558406,45,中性盘
787,10:09:27,124.08,769364,62,卖盘
788,10:09:30,124.09,1365027,110,买盘
789,10:09:33,124.1,992665,80,中性盘
790,10:09:36,124.14,273051,22,买盘
791,10:09:39,124.1,1228621,99,卖盘
792,10:09:42,124.1,1042504,84,卖盘
793,10:09:45,124.1,372321,30,卖盘
794,10:09:48,124.11,980416,79,中性盘
795,10:09:51,124.09,421941,34,卖盘
796,10:09:54,124.1,409526,33,买盘
797,10:09:57,124.09,409508,33,卖盘
798,10:10:00,124.09,1154067,93,卖盘
799,10:10:03,124.09,955505,77,买盘
800,10:10:06,124.13,1067285,86,买盘
801,10:10:09,124.1,732175,59,中性盘
802,10:10:12,124.14,682625,55,买盘
803,10:10:15,124.15,633163,51,买盘
804,10:10:18,124.17,335234,27,中性盘
805,10:10:21,124.18,583654,47,买盘
806,10:10:24,124.22,1763396,142,买盘
807,10:10:27,124.22,149047,12,买盘
808,10:10:30,124.22,409922,33,买盘
809,10:10:33,124.23,397552,32,中性盘
810,10:10:36,124.25,422420,34,买盘
811,10:10:39,124.25,242290,20,卖盘
812,10:10:42,124.25,776571,63,卖盘
813,10:10:45,124.26,646114,52,买盘
814,10:10:48,124.27,484622,39,买盘
815,10:10:51,124.27,242326,20,卖盘
816,10:10:54,124.28,621457,50,中性盘
817,10:10:57,124.29,62143,5,中性盘
818,10:11:00,124.3,285877,23,买盘
819,10:11:03,124.31,136727,11,买盘
820,10:11:06,124.3,87011,7,卖盘
821,10:11:09,124.31,236200,19,买盘
822,10:11:12,124.31,348080,28,卖盘
823,10:11:15,124.3,1417085,114,卖盘
824,10:11:18,124.3,472366,38,买盘
825,10:11:21,124.3,1180884,95,卖盘
826,10:11:24,124.28,633902,51,卖盘
827,10:11:27,124.3,447478,36,买盘
828,10:11:30,124.3,62150,5,中性盘
829,10:11:33,124.32,546941,44,买盘
830,10:11:36,124.3,211321,17,卖盘
831,10:11:39,124.31,174029,14,买盘
832,10:11:42,124.31,273476,22,中性盘
833,10:11:45,124.32,497289,40,买盘
834,10:11:48,124.3,1267945,102,卖盘
835,10:11:51,124.33,497212,40,买盘
836,10:11:54,124.33,49732,4,买盘
837,10:11:57,124.33,111894,9,中性盘
838,10:12:00,124.34,62170,5,买盘
839,10:12:03,124.34,410335,33,卖盘
840,10:12:06,124.34,1367741,110,卖盘
841,10:12:09,124.34,373022,30,中性盘
842,10:12:12,124.32,609231,49,卖盘
843,10:12:15,124.31,746010,60,卖盘
844,10:12:18,124.3,298341,24,卖盘
845,10:12:21,124.31,74590,6,中性盘
846,10:12:24,124.27,2025954,163,卖盘
847,10:12:27,124.29,236166,19,中性盘
848,10:12:30,124.3,981970,79,买盘
849,10:12:33,124.3,683661,55,卖盘
850,10:12:36,124.3,360475,29,卖盘
851,10:12:39,124.28,385297,31,卖盘
852,10:12:42,124.28,149134,12,买盘
853,10:12:45,124.27,509510,41,卖盘
854,10:12:48,124.26,434953,35,卖盘
855,10:12:51,124.25,1590501,128,卖盘
856,10:12:54,124.25,434868,35,卖盘
857,10:12:57,124.24,347867,28,卖盘
858,10:13:00,124.24,248470,20,买盘
859,10:13:03,124.23,236044,19,卖盘
860,10:13:06,124.23,3217974,259,买盘
861,10:13:09,124.24,1167918,94,中性盘
862,10:13:12,124.24,708154,57,中性盘
863,10:13:15,124.24,919349,74,卖盘
864,10:13:18,124.28,397689,32,买盘
865,10:13:21,124.3,696041,56,买盘
866,10:13:24,124.29,621527,50,中性盘
867,10:13:27,124.3,335609,27,买盘
868,10:13:30,124.3,335606,27,买盘
869,10:13:33,124.29,111868,9,卖盘
870,10:13:36,124.38,907872,73,买盘
871,10:13:39,124.38,24876,2,卖盘
872,10:13:42,124.39,510004,41,买盘
873,10:13:45,124.39,111952,9,买盘
874,10:13:48,124.38,5781959,465,卖盘
875,10:13:51,124.39,547169,44,中性盘
876,10:13:54,124.39,671743,54,买盘
877,10:13:57,124.39,161706,13,买盘
878,10:14:00,124.39,62197,5,卖盘
879,10:14:03,124.39,310976,25,卖盘
880,10:14:06,124.4,447841,36,买盘
881,10:14:09,124.4,136850,11,卖盘
882,10:14:12,124.42,452231,36,买盘
883,10:14:15,124.41,298590,24,中性盘
884,10:14:18,124.43,12443,1,买盘
885,10:14:21,124.43,62215,5,买盘
886,10:14:24,124.43,37329,3,买盘
887,10:14:27,124.44,472836,38,买盘
888,10:14:30,124.43,360849,29,卖盘
889,10:14:33,124.43,261312,21,卖盘
890,10:14:36,124.44,572417,46,买盘
891,10:14:39,124.43,211533,17,卖盘
892,10:14:42,124.45,373298,30,买盘
893,10:14:45,124.43,584850,47,卖盘
894,10:14:48,124.45,136894,11,买盘
895,10:14:51,124.45,87112,7,中性盘
896,10:14:54,124.45,423099,34,买盘
897,10:14:57,124.44,99551,8,中性盘
898,10:15:00,124.43,111991,9,卖盘
899,10:15:03,124.44,136882,11,买盘
900,10:15:06,124.44,398180,32,买盘
901,10:15:09,124.44,74664,6,买盘
902,10:15:12,124.44,647090,52,买盘
903,10:15:15,124.44,74664,6,卖盘
904,10:15:18,124.44,112001,9,卖盘
905,10:15:21,124.44,186672,15,卖盘
906,10:15:24,124.46,510226,41,买盘
907,10:15:27,124.45,136898,11,中性盘
908,10:15:30,124.46,24891,2,买盘
909,10:15:33,124.45,273797,22,卖盘
910,10:15:36,124.45,261347,21,卖盘
911,10:15:39,124.45,248900,20,买盘
912,10:15:42,124.45,796424,64,买盘
913,10:15:45,124.44,273784,22,买盘
914,10:15:48,124.44,1318987,106,中性盘
915,10:15:51,124.44,248879,20,卖盘
916,10:15:54,124.43,99554,8,中性盘
917,10:15:57,124.43,149309,12,买盘
918,10:16:00,124.42,223964,18,卖盘
919,10:16:03,124.43,149308,12,买盘
920,10:16:06,124.42,398143,32,卖盘
921,10:16:09,124.42,186637,15,中性盘
922,10:16:12,124.37,1699898,137,卖盘
923,10:16:15,124.4,273632,22,买盘
924,10:16:18,124.37,37307,3,中性盘
925,10:16:21,124.36,174103,14,买盘
926,10:16:24,124.36,87051,7,买盘
927,10:16:27,124.35,236271,19,卖盘
928,10:16:30,124.35,62174,5,买盘
929,10:16:33,124.34,273550,22,卖盘
930,10:16:36,124.35,149210,12,买盘
931,10:16:39,124.34,460074,37,卖盘
932,10:16:42,124.35,124344,10,买盘
933,10:16:45,124.32,435187,35,卖盘
934,10:16:48,124.32,62160,5,卖盘
935,10:16:51,124.31,136741,11,卖盘
936,10:16:54,124.33,559422,45,买盘
937,10:16:57,124.3,49722,4,卖盘
938,10:17:00,124.32,298340,24,买盘
939,10:17:03,124.31,74586,6,卖盘
940,10:17:06,124.33,186488,15,买盘
941,10:17:09,124.32,745851,60,卖盘
942,10:17:12,124.31,12431,1,中性盘
943,10:17:15,124.3,397761,32,卖盘
944,10:17:18,124.3,161596,13,卖盘
945,10:17:21,124.3,584216,47,卖盘
946,10:17:24,124.31,621508,50,买盘
947,10:17:27,124.31,12431,1,卖盘
948,10:17:30,124.32,24863,2,买盘
949,10:17:33,124.31,74586,6,卖盘
950,10:17:36,124.31,149177,12,卖盘
951,10:17:39,124.33,223786,18,买盘
952,10:17:42,124.33,348100,28,卖盘
953,10:17:45,124.34,124333,10,买盘
954,10:17:48,124.35,472515,38,买盘
955,10:17:51,124.34,572007,46,卖盘
956,10:17:54,124.35,211393,17,买盘
957,10:17:57,124.35,360594,29,买盘
958,10:18:00,124.34,385478,31,中性盘
959,10:18:03,124.34,174076,14,卖盘
960,10:18:06,124.34,24868,2,买盘
961,10:18:09,124.34,273543,22,买盘
962,10:18:12,124.33,211369,17,卖盘
963,10:18:15,124.33,174065,14,卖盘
964,10:18:18,124.33,310810,25,卖盘
965,10:18:21,124.33,24864,2,买盘
966,10:18:24,124.32,74590,6,中性盘
967,10:18:27,124.31,87018,7,卖盘
968,10:18:30,124.31,609168,49,卖盘
969,10:18:36,124.31,74588,6,卖盘
970,10:18:39,124.33,646508,52,买盘
971,10:18:42,124.33,211354,17,买盘
972,10:18:45,124.32,348134,28,卖盘
973,10:18:48,124.33,49731,4,中性盘
974,10:18:51,124.32,248670,20,卖盘
975,10:18:54,124.31,99451,8,卖盘
976,10:18:57,124.32,12432,1,买盘
977,10:19:00,124.31,186468,15,卖盘
978,10:19:03,124.31,298360,24,卖盘
979,10:19:06,124.31,571828,46,卖盘
980,10:19:09,124.32,174046,14,买盘
981,10:19:12,124.31,211325,17,卖盘
982,10:19:15,124.32,74588,6,买盘
983,10:19:18,124.31,161608,13,卖盘
984,10:19:21,124.31,273484,22,卖盘
985,10:19:24,124.32,360503,29,买盘
986,10:19:27,124.32,62156,5,买盘
987,10:19:30,124.31,87017,7,卖盘
988,10:19:33,124.31,174047,14,卖盘
989,10:19:36,124.3,124309,10,卖盘
990,10:19:39,124.31,99446,8,买盘
991,10:19:42,124.31,298326,24,买盘
992,10:19:45,124.3,522099,42,卖盘
993,10:19:48,124.31,895021,72,买盘
994,10:19:51,124.32,62158,5,买盘
995,10:19:54,124.31,74588,6,卖盘
996,10:19:57,124.31,683708,55,卖盘
997,10:20:00,124.31,62155,5,买盘
998,10:20:03,124.31,1404593,113,买盘
999,10:20:06,124.31,285902,23,买盘
1000,10:20:09,124.31,646410,52,买盘
1001,10:20:12,124.29,285907,23,卖盘
1002,10:20:15,124.29,24859,2,卖盘
1003,10:20:18,124.3,198869,16,买盘
1004,10:20:21,124.29,24858,2,卖盘
1005,10:20:24,124.29,62145,5,卖盘
1006,10:20:27,124.29,186439,15,卖盘
1007,10:20:30,124.29,745786,60,卖盘
1008,10:20:33,124.29,1441574,116,卖盘
1009,10:20:36,124.29,981891,79,卖盘
1010,10:20:39,124.29,111858,9,买盘
1011,10:20:42,124.29,62143,5,买盘
1012,10:20:45,124.28,186430,15,买盘
1013,10:20:48,124.29,596580,48,买盘
1014,10:20:51,124.26,323107,26,卖盘
1015,10:20:54,124.27,99416,8,买盘
1016,10:20:57,124.26,211242,17,卖盘
1017,10:21:00,124.26,410059,33,卖盘
1018,10:21:03,124.26,74557,6,卖盘
1019,10:21:06,124.26,62133,5,卖盘
1020,10:21:09,124.27,111841,9,买盘
1021,10:21:12,124.26,919588,74,卖盘
1022,10:21:15,124.27,459769,37,买盘
1023,10:21:18,124.27,198819,16,买盘
1024,10:21:21,124.27,298228,24,买盘
1025,10:21:24,124.27,509471,41,买盘
1026,10:21:27,124.25,509441,41,卖盘
1027,10:21:30,124.24,646093,52,卖盘
1028,10:21:33,124.2,2074582,167,卖盘
1029,10:21:36,124.19,1751224,141,卖盘
1030,10:21:39,124.18,360131,29,卖盘
1031,10:21:42,124.18,335288,27,卖盘
1032,10:21:45,124.17,149007,12,卖盘
1033,10:21:48,124.16,360094,29,卖盘
1034,10:21:51,124.17,1328611,107,买盘
1035,10:21:54,124.17,583570,47,买盘
1036,10:21:57,124.16,322816,26,卖盘
1037,10:22:00,124.16,335217,27,买盘
1038,10:22:03,124.15,248312,20,卖盘
1039,10:22:06,124.15,285545,23,卖盘
1040,10:22:09,124.15,273118,22,买盘
1041,10:22:12,124.14,260697,21,卖盘
1042,10:22:15,124.14,49656,4,买盘
1043,10:22:18,124.13,223448,18,卖盘
1044,10:22:21,124.13,347574,28,卖盘
1045,10:22:24,124.14,186201,15,买盘
1046,10:22:27,124.13,533776,43,买盘
1047,10:22:30,124.14,360003,29,中性盘
1048,10:22:33,124.13,471758,38,卖盘
1049,10:22:36,124.13,111720,9,卖盘
1050,10:22:39,124.15,1067616,86,买盘
1051,10:22:42,124.16,769704,62,买盘
1052,10:22:45,124.16,956058,77,买盘
1053,10:22:48,124.2,471835,38,买盘
1054,10:22:51,124.2,62111,5,卖盘
1055,10:22:54,124.23,409952,33,买盘
1056,10:22:57,124.2,322964,26,卖盘
1057,10:23:00,124.2,62100,5,卖盘
1058,10:23:03,124.23,86955,7,买盘
1059,10:23:06,124.23,12423,1,买盘
1060,10:23:09,124.23,62111,5,买盘
1061,10:23:12,124.23,273299,22,买盘
1062,10:23:15,124.22,124225,10,卖盘
1063,10:23:18,124.27,633715,51,买盘
1064,10:23:21,124.25,24850,2,卖盘
1065,10:23:24,124.25,124251,10,卖盘
1066,10:23:27,124.25,223652,18,卖盘
1067,10:23:30,124.23,136667,11,卖盘
1068,10:23:33,124.25,161520,13,买盘
1069,10:23:36,124.24,136667,11,中性盘
1070,10:23:39,124.24,186353,15,买盘
1071,10:23:42,124.23,86967,7,卖盘
1072,10:23:45,124.23,298154,24,卖盘
1073,10:23:48,124.24,62118,5,买盘
1074,10:23:51,124.25,273326,22,买盘
1075,10:23:54,124.25,372746,30,买盘
1076,10:23:57,124.24,149085,12,中性盘
1077,10:24:00,124.25,136674,11,买盘
1078,10:24:03,124.25,124252,10,中性盘
1079,10:24:06,124.24,323047,26,卖盘
1080,10:24:09,124.24,74548,6,卖盘
1081,10:24:15,124.25,149100,12,买盘
1082,10:24:18,124.25,608824,49,中性盘
1083,10:24:21,124.24,397570,32,卖盘
1084,10:24:24,124.25,347895,28,买盘
1085,10:24:27,124.25,49701,4,卖盘
1086,10:24:30,124.26,186384,15,买盘
1087,10:24:33,124.26,124255,10,买盘
1088,10:24:36,124.24,323070,26,卖盘
1089,10:24:39,124.26,62133,5,中性盘
1090,10:24:42,124.24,173945,14,卖盘
1091,10:24:45,124.25,111835,9,买盘
1092,10:24:48,124.25,1565503,126,卖盘
1093,10:24:51,124.26,149102,12,中性盘
1094,10:24:54,124.28,136708,11,买盘
1095,10:24:57,124.28,62135,5,买盘
1096,10:25:00,124.28,198833,16,买盘
1097,10:25:03,124.27,459811,37,卖盘
1098,10:25:06,124.26,211244,17,卖盘
1099,10:25:09,124.27,298248,24,买盘
1100,10:25:12,124.26,273377,22,卖盘
1101,10:25:15,124.27,236104,19,买盘
1102,10:25:18,124.26,571603,46,卖盘
1103,10:25:21,124.27,236102,19,中性盘
1104,10:25:24,124.26,198824,16,卖盘
1105,10:25:27,124.27,372791,30,买盘
1106,10:25:30,124.27,111843,9,卖盘
1107,10:25:33,124.27,24854,2,卖盘
1108,10:25:36,124.27,1379500,111,卖盘
1109,10:25:39,124.27,111843,9,卖盘
1110,10:25:42,124.28,37283,3,买盘
1111,10:25:45,124.28,124273,10,买盘
1112,10:25:48,124.27,74564,6,卖盘
1113,10:25:51,124.28,236111,19,买盘
1114,10:25:54,124.28,161559,13,买盘
1115,10:25:57,124.26,360375,29,卖盘
1116,10:26:00,124.28,62139,5,买盘
1117,10:26:03,124.25,1528340,123,卖盘
1118,10:26:06,124.25,49700,4,买盘
1119,10:26:09,124.25,86975,7,买盘
1120,10:26:12,124.25,733075,59,买盘
1121,10:26:15,124.25,347875,28,买盘
1122,10:26:18,124.25,596381,48,买盘
1123,10:26:21,124.24,211201,17,卖盘
1124,10:26:24,124.23,124236,10,卖盘
1125,10:26:27,124.22,298151,24,卖盘
1126,10:26:30,124.22,645955,52,卖盘
1127,10:26:33,124.23,111792,9,买盘
1128,10:26:36,124.22,12422,1,卖盘
1129,10:26:39,124.21,86951,7,卖盘
1130,10:26:42,124.2,273250,22,卖盘
1131,10:26:45,124.21,24842,2,买盘
1132,10:26:48,124.2,596166,48,卖盘
1133,10:26:51,124.21,347770,28,买盘
1134,10:26:54,124.21,484388,39,买盘
1135,10:26:57,124.2,434703,35,卖盘
1136,10:27:00,124.2,260820,21,买盘
1137,10:27:03,124.2,99358,8,买盘
1138,10:27:06,124.2,136620,11,买盘
1139,10:27:09,124.2,409843,33,买盘
1140,10:27:12,124.19,484363,39,卖盘
1141,10:27:15,124.19,99352,8,买盘
1142,10:27:18,124.2,223548,18,买盘
1143,10:27:21,124.19,124184,10,买盘
1144,10:27:24,124.18,86927,7,卖盘
1145,10:27:27,124.18,37254,3,买盘
1146,10:27:30,124.18,86921,7,买盘
1147,10:27:33,124.18,223513,18,买盘
1148,10:27:36,124.17,397358,32,卖盘
1149,10:27:39,124.17,260752,21,买盘
1150,10:27:42,124.16,248321,20,卖盘
1151,10:27:45,124.16,62080,5,买盘
1152,10:27:48,124.15,1353240,109,卖盘
1153,10:27:51,124.15,757231,61,中性盘
1154,10:27:54,124.13,186219,15,卖盘
1155,10:27:57,124.14,49657,4,卖盘
1156,10:28:00,124.13,173787,14,卖盘
1157,10:28:03,124.13,471704,38,卖盘
1158,10:28:06,124.14,285510,23,买盘
1159,10:28:09,124.13,186200,15,卖盘
1160,10:28:12,124.13,521349,42,卖盘
1161,10:28:15,124.13,111718,9,卖盘
1162,10:28:18,124.13,285512,23,卖盘
1163,10:28:21,124.14,136545,11,买盘
1164,10:28:24,124.14,136548,11,买盘
1165,10:28:27,124.13,161378,13,卖盘
1166,10:28:30,124.14,409648,33,买盘
1167,10:28:33,124.14,1117303,90,买盘
1168,10:28:36,124.14,111726,9,中性盘
1169,10:28:39,124.16,645537,52,买盘
1170,10:28:42,124.15,360087,29,中性盘
1171,10:28:45,124.15,86920,7,卖盘
1172,10:28:48,124.16,149007,12,中性盘
1173,10:28:51,124.16,161416,13,卖盘
1174,10:28:54,124.15,769769,62,卖盘
1175,10:28:57,124.14,844236,68,卖盘
1176,10:29:00,124.15,161405,13,卖盘
1177,10:29:03,124.15,347615,28,卖盘
1178,10:29:06,124.14,670394,54,卖盘
1179,10:29:09,124.16,186227,15,买盘
1180,10:29:12,124.16,372463,30,买盘
1181,10:29:15,124.17,1179516,95,买盘
1182,10:29:18,124.16,310419,25,卖盘
1183,10:29:21,124.18,844421,68,买盘
1184,10:29:24,124.18,198661,16,买盘
1185,10:29:27,124.18,37254,3,买盘
1186,10:29:30,124.17,173849,14,卖盘
1187,10:29:33,124.17,136596,11,卖盘
1188,10:29:36,124.19,1291497,104,买盘
1189,10:29:39,124.2,322917,26,买盘
1190,10:29:42,124.22,1006059,81,买盘
1191,10:29:45,124.21,99368,8,卖盘
1192,10:29:48,124.23,496817,40,买盘
1193,10:29:51,124.21,24842,2,中性盘
1194,10:29:54,124.24,99386,8,买盘
1195,10:29:57,124.24,37270,3,买盘
1196,10:30:00,124.24,1242193,100,买盘
1197,10:30:03,124.25,260924,21,买盘
1198,10:30:06,124.23,670924,54,卖盘
1199,10:30:09,124.25,683378,55,买盘
1200,10:30:12,124.27,173975,14,买盘
1201,10:30:15,124.27,12427,1,买盘
1202,10:30:18,124.25,360338,29,卖盘
1203,10:30:21,124.22,2149220,173,卖盘
1204,10:30:24,124.22,198752,16,买盘
1205,10:30:27,124.26,6534000,526,买盘
1206,10:30:30,124.27,124271,10,买盘
1207,10:30:33,124.25,74547,6,卖盘
1208,10:30:36,124.26,24852,2,买盘
1209,10:30:39,124.26,161538,13,买盘
1210,10:30:42,124.26,509455,41,买盘
1211,10:30:45,124.33,1640748,132,买盘
1212,10:30:48,124.3,24863,2,卖盘
1213,10:30:51,124.28,74569,6,卖盘
1214,10:30:54,124.29,161580,13,卖盘
1215,10:30:57,124.3,174018,14,买盘
1216,10:31:00,124.3,186450,15,买盘
1217,10:31:03,124.3,857666,69,买盘
1218,10:31:06,124.35,149177,12,买盘
1219,10:31:09,124.28,720895,58,卖盘
1220,10:31:12,124.34,49726,4,买盘
1221,10:31:15,124.28,74573,6,卖盘
1222,10:31:18,124.3,62150,5,买盘
1223,10:31:21,124.3,136721,11,中性盘
1224,10:31:24,124.29,285871,23,卖盘
1225,10:31:27,124.33,74583,6,买盘
1226,10:31:30,124.33,99466,8,买盘
1227,10:31:33,124.3,385360,31,卖盘
1228,10:31:36,124.35,310863,25,买盘
1229,10:31:39,124.36,124352,10,买盘
1230,10:31:42,124.35,24869,2,中性盘
1231,10:31:45,124.35,186524,15,买盘
1232,10:31:48,124.35,24870,2,买盘
1233,10:31:51,124.35,149219,12,买盘
1234,10:31:54,124.34,261128,21,卖盘
1235,10:31:57,124.34,174088,14,卖盘
1236,10:32:00,124.35,484968,39,卖盘
1237,10:32:03,124.37,111924,9,买盘
1238,10:32:06,124.4,646848,52,买盘
1239,10:32:09,124.4,24880,2,卖盘
1240,10:32:12,124.4,522499,42,卖盘
1241,10:32:15,124.41,111970,9,中性盘
1242,10:32:18,124.42,410604,33,买盘
1243,10:32:21,124.42,236399,19,卖盘
1244,10:32:24,124.42,286192,23,卖盘
1245,10:32:27,124.41,808751,65,卖盘
1246,10:32:30,124.42,597329,48,买盘
1247,10:32:33,124.45,584899,47,买盘
1248,10:32:36,124.43,335972,27,卖盘
1249,10:32:39,124.43,99553,8,卖盘
1250,10:32:42,124.43,199097,16,卖盘
1251,10:32:45,124.42,1343669,108,卖盘
1252,10:32:48,124.4,1492800,120,卖盘
1253,10:32:51,124.39,99517,8,中性盘
1254,10:32:54,124.4,559800,45,买盘
1255,10:32:57,124.39,87073,7,卖盘
1256,10:33:00,124.4,1866025,150,买盘
1257,10:33:06,124.39,2239219,180,卖盘
1258,10:33:09,124.39,174141,14,买盘
1259,10:33:12,124.36,534781,43,卖盘
1260,10:33:15,124.35,335773,27,卖盘
1261,10:33:18,124.35,223837,18,卖盘
1262,10:33:21,124.38,62188,5,买盘
1263,10:33:24,124.38,136818,11,卖盘
1264,10:33:27,124.38,199009,16,卖盘
1265,10:33:30,124.38,49754,4,卖盘
1266,10:33:33,124.39,37318,3,中性盘
1267,10:33:36,124.39,186584,15,卖盘
1268,10:33:39,124.39,472657,38,买盘
1269,10:33:42,124.38,87068,7,卖盘
1270,10:33:45,124.39,37317,3,买盘
1271,10:33:48,124.39,335832,27,买盘
1272,10:33:51,124.39,360731,29,买盘
1273,10:33:54,124.4,74637,6,买盘
1274,10:33:57,124.39,149270,12,卖盘
1275,10:34:00,124.39,124392,10,卖盘
1276,10:34:03,124.4,12440,1,买盘
1277,10:34:06,124.4,74641,6,中性盘
1278,10:34:09,124.41,360830,29,买盘
1279,10:34:12,124.4,746447,60,卖盘
1280,10:34:15,124.41,12441,1,中性盘
1281,10:34:18,124.43,410571,33,买盘
1282,10:34:21,124.38,6368498,512,卖盘
1283,10:34:24,124.38,124380,10,买盘
1284,10:34:27,124.36,186573,15,卖盘
1285,10:34:30,124.39,37318,3,中性盘
1286,10:34:36,124.39,161707,13,卖盘
1287,10:34:39,124.39,74633,6,买盘
1288,10:34:42,124.39,286084,23,买盘
1289,10:34:45,124.38,111945,9,卖盘
1290,10:34:48,124.39,149260,12,买盘
1291,10:34:51,124.38,273649,22,卖盘
1292,10:34:54,124.39,161707,13,买盘
1293,10:34:57,124.39,37317,3,卖盘
1294,10:35:00,124.39,87071,7,卖盘
1295,10:35:03,124.39,37317,3,买盘
1296,10:35:06,124.39,348271,28,买盘
1297,10:35:09,124.39,111949,9,买盘
1298,10:35:12,124.39,298540,24,买盘
1299,10:35:15,124.39,273663,22,卖盘
1300,10:35:18,124.39,385621,31,卖盘
1301,10:35:21,124.4,37320,3,买盘
1302,10:35:24,124.41,136846,11,买盘
1303,10:35:27,124.42,99527,8,买盘
1304,10:35:30,124.42,37328,3,卖盘
1305,10:35:33,124.43,12443,1,买盘
1306,10:35:36,124.43,273768,22,买盘
1307,10:35:39,124.43,24886,2,卖盘
1308,10:35:42,124.43,12443,1,卖盘
1309,10:35:45,124.4,945578,76,卖盘
1310,10:35:48,124.43,62215,5,买盘
1311,10:35:51,124.42,211536,17,中性盘
1312,10:35:54,124.43,124436,10,中性盘
1313,10:35:57,124.41,286146,23,卖盘
1314,10:36:00,124.41,87087,7,买盘
1315,10:36:03,124.42,298586,24,买盘
1316,10:36:09,124.41,211498,17,卖盘
1317,10:36:12,124.42,24884,2,买盘
1318,10:36:15,124.42,49767,4,买盘
1319,10:36:18,124.42,12442,1,买盘
1320,10:36:21,124.41,87090,7,卖盘
1321,10:36:24,124.42,136854,11,买盘
1322,10:36:27,124.42,62210,5,买盘
1323,10:36:33,124.43,99544,8,买盘
1324,10:36:36,124.42,111982,9,卖盘
1325,10:36:39,124.42,161749,13,卖盘
1326,10:36:42,124.42,87096,7,买盘
1327,10:36:45,124.41,49766,4,卖盘
1328,10:36:48,124.41,149292,12,卖盘
1329,10:36:51,124.41,522522,42,卖盘
1330,10:36:54,124.41,62205,5,买盘
1331,10:36:57,124.42,510112,41,买盘
1332,10:37:00,124.43,161747,13,买盘
1333,10:37:06,124.42,24885,2,卖盘
1334,10:37:09,124.42,186635,15,卖盘
1335,10:37:12,124.43,62215,5,买盘
1336,10:37:15,124.44,87106,7,买盘
1337,10:37:18,124.43,62215,5,卖盘
1338,10:37:21,124.44,74663,6,买盘
1339,10:37:24,124.44,12444,1,买盘
1340,10:37:27,124.44,410635,33,买盘
1341,10:37:30,124.44,74659,6,买盘
1342,10:37:33,124.44,24888,2,中性盘
1343,10:37:36,124.44,236425,19,卖盘
1344,10:37:39,124.44,136875,11,买盘
1345,10:37:42,124.45,74666,6,买盘
1346,10:37:45,124.45,111999,9,买盘
1347,10:37:48,124.45,149339,12,买盘
1348,10:37:51,124.45,87110,7,买盘
1349,10:37:54,124.43,124440,10,卖盘
1350,10:37:57,124.45,74663,6,买盘
1351,10:38:00,124.42,12442,1,卖盘
1352,10:38:03,124.43,124445,10,卖盘
1353,10:38:06,124.43,87109,7,卖盘
1354,10:38:09,124.45,136893,11,买盘
1355,10:38:12,124.45,62223,5,买盘
1356,10:38:15,124.44,24888,2,卖盘
1357,10:38:18,124.42,373289,30,卖盘
1358,10:38:21,124.42,99536,8,卖盘
1359,10:38:24,124.42,149313,12,卖盘
1360,10:38:27,124.43,1555212,125,买盘
1361,10:38:30,124.41,136855,11,卖盘
1362,10:38:33,124.42,298589,24,买盘
1363,10:38:36,124.4,248820,20,卖盘
1364,10:38:39,124.41,211498,17,中性盘
1365,10:38:42,124.41,37324,3,卖盘
1366,10:38:45,124.41,12441,1,卖盘
1367,10:38:48,124.41,149293,12,卖盘
1368,10:38:51,124.4,360774,29,卖盘
1369,10:38:54,124.39,2226741,179,卖盘
1370,10:38:57,124.39,348301,28,卖盘
1371,10:39:00,124.38,708992,57,卖盘
1372,10:39:03,124.38,286076,23,卖盘
1373,10:39:06,124.37,248754,20,卖盘
1374,10:39:09,124.38,74623,6,买盘
1375,10:39:12,124.37,174125,14,卖盘
1376,10:39:15,124.37,136810,11,卖盘
1377,10:39:18,124.37,460148,37,卖盘
1378,10:39:21,124.38,198995,16,买盘
1379,10:39:24,124.38,37313,3,买盘
1380,10:39:27,124.38,124380,10,买盘
1381,10:39:30,124.37,12437,1,卖盘
1382,10:39:33,124.37,111939,9,卖盘
1383,10:39:36,124.37,485049,39,卖盘
1384,10:39:39,124.38,136815,11,买盘
1385,10:39:42,124.37,149246,12,卖盘
1386,10:39:45,124.38,808407,65,买盘
1387,10:39:48,124.37,360677,29,卖盘
1388,10:39:51,124.36,708899,57,卖盘
1389,10:39:54,124.37,1057062,85,买盘
1390,10:39:57,124.36,335772,27,卖盘
1391,10:40:00,124.35,310884,25,卖盘
1392,10:40:03,124.33,497367,40,卖盘
1393,10:40:06,124.33,372939,30,卖盘
1394,10:40:09,124.3,12430,1,卖盘
1395,10:40:12,124.3,484770,39,卖盘
1396,10:40:15,124.3,186450,15,卖盘
1397,10:40:18,124.29,198881,16,卖盘
1398,10:40:21,124.31,372914,30,买盘
1399,10:40:24,124.31,124310,10,卖盘
1400,10:40:27,124.33,310788,25,买盘
1401,10:40:30,124.3,3851992,310,卖盘
1402,10:40:33,124.32,459950,37,买盘
1403,10:40:36,124.31,49724,4,中性盘
1404,10:40:39,124.29,186447,15,卖盘
1405,10:40:42,124.31,87015,7,买盘
1406,10:40:45,124.3,49721,4,中性盘
1407,10:40:48,124.31,198896,16,中性盘
1408,10:40:51,124.32,99442,8,买盘
1409,10:40:57,124.32,37294,3,买盘
1410,10:41:00,124.3,459916,37,卖盘
1411,10:41:03,124.29,24858,2,卖盘
1412,10:41:09,124.28,348030,28,卖盘
1413,10:41:12,124.3,37290,3,买盘
1414,10:41:15,124.28,24857,2,卖盘
1415,10:41:18,124.29,111861,9,中性盘
1416,10:41:21,124.29,111853,9,买盘
1417,10:41:24,124.28,49713,4,卖盘
1418,10:41:27,124.29,174004,14,买盘
1419,10:41:30,124.28,161564,13,卖盘
1420,10:41:33,124.26,173989,14,卖盘
1421,10:41:36,124.25,124273,10,卖盘
1422,10:41:39,124.25,86981,7,卖盘
1423,10:41:42,124.25,410017,33,卖盘
1424,10:41:45,124.29,347941,28,买盘
1425,10:41:48,124.3,24860,2,买盘
1426,10:41:51,124.28,12428,1,卖盘
1427,10:41:54,124.28,173968,14,卖盘
1428,10:41:57,124.28,223709,18,买盘
1429,10:42:00,124.28,248551,20,买盘
1430,10:42:03,124.28,136701,11,中性盘
1431,10:42:06,124.28,596627,48,卖盘
1432,10:42:09,124.28,149138,12,卖盘
1433,10:42:12,124.28,24855,2,中性盘
1434,10:42:15,124.28,186408,15,买盘
1435,10:42:18,124.27,323105,26,卖盘
1436,10:42:21,124.28,62139,5,买盘
1437,10:42:24,124.27,372839,30,卖盘
1438,10:42:27,124.28,49712,4,买盘
1439,10:42:30,124.28,434949,35,卖盘
1440,10:42:33,124.28,49712,4,卖盘
1441,10:42:36,124.27,186401,15,买盘
1442,10:42:42,124.27,12427,1,买盘
1443,10:42:45,124.26,161550,13,卖盘
1444,10:42:48,124.26,24852,2,卖盘
1445,10:42:51,124.27,596501,48,买盘
1446,10:42:54,124.27,49708,4,卖盘
1447,10:42:57,124.27,37281,3,卖盘
1448,10:43:00,124.28,149125,12,买盘
1449,10:43:03,124.27,86993,7,卖盘
1450,10:43:06,124.27,124271,10,卖盘
1451,10:43:09,124.28,211276,17,买盘
1452,10:43:12,124.28,24856,2,卖盘
1453,10:43:15,124.28,360412,29,卖盘
1454,10:43:18,124.27,198838,16,卖盘
1455,10:43:21,124.28,434967,35,买盘
1456,10:43:24,124.27,86992,7,卖盘
1457,10:43:27,124.27,161562,13,卖盘
1458,10:43:30,124.27,86989,7,卖盘
1459,10:43:33,124.29,1342225,108,买盘
1460,10:43:36,124.29,223711,18,买盘
1461,10:43:39,124.28,124281,10,卖盘
1462,10:43:42,124.29,24858,2,买盘
1463,10:43:45,124.28,49715,4,卖盘
1464,10:43:48,124.29,310722,25,买盘
1465,10:43:51,124.28,111859,9,卖盘
1466,10:43:54,124.28,111860,9,卖盘
1467,10:44:03,124.29,37287,3,卖盘
1468,10:44:06,124.32,658784,53,买盘
1469,10:44:09,124.3,49718,4,卖盘
1470,10:44:12,124.31,74590,6,中性盘
1471,10:44:15,124.3,74587,6,卖盘
1472,10:44:18,124.31,410183,33,买盘
1473,10:44:21,124.32,12432,1,买盘
1474,10:44:24,124.32,99451,8,买盘
1475,10:44:27,124.36,845435,68,买盘
1476,10:44:30,124.35,248592,20,中性盘
1477,10:44:33,124.32,12432,1,中性盘
1478,10:44:36,124.32,62166,5,卖盘
1479,10:44:39,124.31,49725,4,卖盘
1480,10:44:42,124.31,198890,16,买盘
1481,10:44:45,124.31,211324,17,买盘
1482,10:44:48,124.3,211319,17,卖盘
1483,10:44:51,124.3,211320,17,卖盘
1484,10:44:54,124.31,37292,3,买盘
1485,10:44:57,124.31,74586,6,卖盘
1486,10:45:00,124.31,62156,5,卖盘
1487,10:45:03,124.31,12431,1,卖盘
1488,10:45:06,124.32,161604,13,买盘
1489,10:45:09,124.31,149175,12,卖盘
1490,10:45:12,124.31,136734,11,买盘
1491,10:45:15,124.31,37292,3,买盘
1492,10:45:18,124.31,459942,37,买盘
1493,10:45:21,124.31,37293,3,买盘
1494,10:45:24,124.31,261044,21,买盘
1495,10:45:27,124.32,24863,2,买盘
1496,10:45:30,124.32,49725,4,买盘
1497,10:45:33,124.32,37294,3,买盘
1498,10:45:36,124.31,174055,14,卖盘
1499,10:45:39,124.34,161617,13,买盘
1500,10:45:42,124.34,223794,18,买盘
1501,10:45:45,124.32,111888,9,卖盘
1502,10:45:48,124.32,99456,8,卖盘
1503,10:45:51,124.31,149173,12,卖盘
1504,10:45:54,124.32,298366,24,买盘
1505,10:45:57,124.31,24862,2,买盘
1506,10:46:00,124.3,534538,43,卖盘
1507,10:46:03,124.3,136730,11,卖盘
1508,10:46:06,124.3,236171,19,卖盘
1509,10:46:09,124.31,74586,6,买盘
1510,10:46:12,124.31,186465,15,买盘
1511,10:46:15,124.3,87013,7,卖盘
1512,10:46:18,124.3,12430,1,卖盘
1513,10:46:21,124.3,136733,11,卖盘
1514,10:46:24,124.3,24860,2,卖盘
1515,10:46:27,124.31,24861,2,买盘
1516,10:46:30,124.31,136736,11,买盘
1517,10:46:36,124.3,671264,54,卖盘
1518,10:46:39,124.31,37293,3,卖盘
1519,10:46:42,124.31,124310,10,卖盘
1520,10:46:48,124.3,62150,5,卖盘
1521,10:46:51,124.29,1280105,103,卖盘
1522,10:46:54,124.27,310696,25,卖盘
1523,10:46:57,124.28,24856,2,中性盘
1524,10:47:00,124.28,86994,7,卖盘
1525,10:47:03,124.28,211276,17,卖盘
1526,10:47:06,124.27,86993,7,卖盘
1527,10:47:09,124.27,86990,7,卖盘
1528,10:47:12,124.27,12427,1,卖盘
1529,10:47:15,124.27,37281,3,卖盘
1530,10:47:18,124.28,136702,11,买盘
1531,10:47:21,124.27,807816,65,卖盘
1532,10:47:24,124.28,74566,6,买盘
1533,10:47:27,124.28,24856,2,卖盘
1534,10:47:30,124.27,186409,15,卖盘
1535,10:47:33,124.27,99416,8,卖盘
1536,10:47:36,124.27,136689,11,买盘
1537,10:47:39,124.27,49708,4,卖盘
1538,10:47:42,124.27,12427,1,买盘
1539,10:47:45,124.27,62135,5,买盘
1540,10:47:48,124.26,12426,1,卖盘
1541,10:47:51,124.26,12426,1,卖盘
1542,10:47:54,124.26,62131,5,卖盘
1543,10:47:57,124.27,347950,28,买盘
1544,10:48:00,124.29,559274,45,买盘
1545,10:48:03,124.29,174007,14,卖盘
1546,10:48:06,124.3,932258,75,买盘
1547,10:48:09,124.31,211314,17,买盘
1548,10:48:15,124.29,124297,10,卖盘
1549,10:48:18,124.31,161586,13,买盘
1550,10:48:21,124.3,285857,23,买盘
1551,10:48:24,124.29,74575,6,卖盘
1552,10:48:27,124.27,161568,13,卖盘
1553,10:48:30,124.27,397664,32,卖盘
1554,10:48:33,124.26,2771104,223,卖盘
1555,10:48:36,124.26,360332,29,买盘
1556,10:48:39,124.24,49700,4,卖盘
1557,10:48:42,124.23,323002,26,卖盘
1558,10:48:45,124.23,273366,22,卖盘
1559,10:48:48,124.23,62115,5,卖盘
1560,10:48:51,124.23,372655,30,买盘
1561,10:48:54,124.23,670698,54,买盘
1562,10:48:57,124.22,322947,26,卖盘
1563,10:49:00,124.22,74526,6,买盘
1564,10:49:03,124.22,12422,1,买盘
1565,10:49:06,124.2,24840,2,卖盘
1566,10:49:09,124.2,335346,27,卖盘
1567,10:49:12,124.22,99371,8,买盘
1568,10:49:15,124.22,86949,7,买盘
1569,10:49:18,124.22,310538,25,买盘
1570,10:49:21,124.22,198752,16,买盘
1571,10:49:27,124.23,211182,17,买盘
1572,10:49:30,124.23,161494,13,买盘
1573,10:49:33,124.22,459614,37,卖盘
1574,10:49:36,124.22,86951,7,买盘
1575,10:49:39,124.21,149055,12,卖盘
1576,10:49:42,124.21,422333,34,卖盘
1577,10:49:45,124.22,24844,2,买盘
1578,10:49:48,124.22,124212,10,买盘
1579,10:49:51,124.21,74528,6,卖盘
1580,10:49:54,124.22,173908,14,买盘
1581,10:49:57,124.21,273264,22,卖盘
1582,10:50:00,124.21,111792,9,卖盘
1583,10:50:03,124.21,173896,14,卖盘
1584,10:50:06,124.21,149059,12,卖盘
1585,10:50:09,124.22,136640,11,买盘
1586,10:50:12,124.22,74532,6,卖盘
1587,10:50:15,124.22,111793,9,买盘
1588,10:50:18,124.21,86949,7,卖盘
1589,10:50:21,124.22,62108,5,买盘
1590,10:50:24,124.21,260844,21,卖盘
1591,10:50:27,124.21,260841,21,卖盘
1592,10:50:30,124.22,12422,1,买盘
1593,10:50:33,124.22,86954,7,买盘
1594,10:50:36,124.22,74532,6,买盘
1595,10:50:39,124.22,2423955,195,卖盘
1596,10:50:42,124.22,198762,16,卖盘
1597,10:50:45,124.22,37267,3,卖盘
1598,10:50:51,124.29,12429,1,买盘
1599,10:50:54,124.22,372667,30,卖盘
1600,10:50:57,124.29,149131,12,买盘
1601,10:51:03,124.24,509304,41,中性盘
1602,10:51:06,124.24,24851,2,卖盘
1603,10:51:09,124.25,12425,1,中性盘
1604,10:51:12,124.24,74550,6,卖盘
1605,10:51:15,124.25,24850,2,中性盘
1606,10:51:18,124.25,12425,1,卖盘
1607,10:51:21,124.25,86979,7,卖盘
1608,10:51:24,124.25,49700,4,卖盘
1609,10:51:27,124.25,310620,25,卖盘
1610,10:51:30,124.26,248517,20,买盘
1611,10:51:33,124.27,459767,37,买盘
1612,10:51:36,124.27,223658,18,卖盘
1613,10:51:39,124.25,12425,1,卖盘
1614,10:51:42,124.24,74548,6,卖盘
1615,10:51:45,124.25,86975,7,买盘
1616,10:51:48,124.23,347869,28,卖盘
1617,10:51:54,124.23,12423,1,买盘
1618,10:51:57,124.24,708089,57,买盘
1619,10:52:00,124.25,86969,7,买盘
1620,10:52:03,124.25,99394,8,买盘
1621,10:52:06,124.24,24848,2,卖盘
1622,10:52:09,124.24,12424,1,卖盘
1623,10:52:12,124.24,62122,5,卖盘
1624,10:52:15,124.25,124242,10,买盘
1625,10:52:18,124.24,24848,2,中性盘
1626,10:52:21,124.24,49695,4,买盘
1627,10:52:24,124.23,111807,9,卖盘
1628,10:52:27,124.23,397552,32,卖盘
1629,10:52:30,124.24,86968,7,买盘
1630,10:52:33,124.2,3726508,300,卖盘
1631,10:52:36,124.23,173883,14,中性盘
1632,10:52:39,124.2,161462,13,卖盘
1633,10:52:42,124.2,757714,61,卖盘
1634,10:52:45,124.2,285670,23,卖盘
1635,10:52:48,124.2,74525,6,卖盘
1636,10:52:51,124.21,49686,4,中性盘
1637,10:52:54,124.2,347761,28,卖盘
1638,10:52:57,124.19,397470,32,卖盘
1639,10:53:00,124.2,49679,4,中性盘
1640,10:53:03,124.19,136630,11,卖盘
1641,10:53:06,124.19,1626758,131,卖盘
1642,10:53:09,124.17,99340,8,卖盘
1643,10:53:12,124.17,273210,22,卖盘
1644,10:53:15,124.18,62092,5,中性盘
1645,10:53:18,124.18,235970,19,卖盘
1646,10:53:21,124.18,99344,8,卖盘
1647,10:53:24,124.18,161433,13,买盘
1648,10:53:27,124.18,24836,2,卖盘
1649,10:53:30,124.18,111769,9,卖盘
1650,10:53:33,124.18,372542,30,卖盘
1651,10:53:36,124.18,149016,12,买盘
1652,10:53:39,124.18,111758,9,买盘
1653,10:53:42,124.18,24835,2,买盘
1654,10:53:45,124.18,136598,11,买盘
1655,10:53:48,124.18,1154874,93,买盘
1656,10:53:51,124.18,99344,8,卖盘
1657,10:53:54,124.18,24836,2,卖盘
1658,10:53:57,124.19,149022,12,买盘
1659,10:54:00,124.18,533986,43,卖盘
1660,10:54:03,124.19,74514,6,买盘
1661,10:54:06,124.18,99345,8,卖盘
1662,10:54:09,124.19,74514,6,卖盘
1663,10:54:12,124.19,186274,15,买盘
1664,10:54:15,124.19,173862,14,买盘
1665,10:54:18,124.19,161441,13,买盘
1666,10:54:21,124.18,149017,12,卖盘
1667,10:54:24,124.19,111767,9,买盘
1668,10:54:27,124.18,136603,11,卖盘
1669,10:54:30,124.19,1279079,103,买盘
1670,10:54:33,124.19,86933,7,卖盘
1671,10:54:36,124.19,211123,17,卖盘
1672,10:54:39,124.19,186287,15,卖盘
1673,10:54:42,124.18,37256,3,卖盘
1674,10:54:45,124.19,136607,11,买盘
1675,10:54:48,124.19,99346,8,买盘
1676,10:54:51,124.18,447048,36,卖盘
1677,10:54:54,124.17,235936,19,卖盘
1678,10:54:57,124.18,211097,17,买盘
1679,10:55:00,124.17,173843,14,卖盘
1680,10:55:03,124.18,1428065,115,买盘
1681,10:55:06,124.18,24836,2,卖盘
1682,10:55:09,124.18,409765,33,卖盘
1683,10:55:12,124.18,86928,7,卖盘
1684,10:55:15,124.17,322845,26,卖盘
1685,10:55:18,124.17,372510,30,卖盘
1686,10:55:21,124.16,161415,13,卖盘
1687,10:55:24,124.17,74499,6,买盘
1688,10:55:27,124.17,409753,33,买盘
1689,10:55:30,124.16,4618517,372,卖盘
1690,10:55:33,124.17,124158,10,买盘
1691,10:55:36,124.16,24832,2,卖盘
1692,10:55:39,124.17,37250,3,买盘
1693,10:55:42,124.17,310423,25,买盘
1694,10:55:45,124.17,149004,12,卖盘
1695,10:55:48,124.17,37251,3,卖盘
1696,10:55:51,124.18,186256,15,买盘
1697,10:55:54,124.17,37251,3,卖盘
1698,10:55:57,124.17,24834,2,卖盘
1699,10:56:00,124.17,409763,33,卖盘
1700,10:56:03,124.16,49667,4,卖盘
1701,10:56:06,124.17,49666,4,买盘
1702,10:56:09,124.16,819460,66,卖盘
1703,10:56:12,124.17,1278921,103,买盘
1704,10:56:15,124.17,62081,5,买盘
1705,10:56:18,124.15,1489910,120,卖盘
1706,10:56:21,124.17,173845,14,中性盘
1707,10:56:24,124.18,37254,3,买盘
1708,10:56:27,124.15,1378137,111,卖盘
1709,10:56:30,124.17,74506,6,卖盘
1710,10:56:33,124.19,211114,17,买盘
1711,10:56:36,124.18,74504,6,买盘
1712,10:56:39,124.18,173850,14,买盘
1713,10:56:42,124.18,509089,41,买盘
1714,10:56:45,124.18,49672,4,卖盘
1715,10:56:48,124.18,62093,5,卖盘
1716,10:56:51,124.18,384960,31,卖盘
1717,10:56:54,124.16,322862,26,卖盘
1718,10:56:57,124.18,149014,12,买盘
1719,10:57:00,124.18,273188,22,买盘
1720,10:57:03,124.16,173831,14,卖盘
1721,10:57:06,124.16,49663,4,买盘
1722,10:57:09,124.16,335216,27,买盘
1723,10:57:12,124.16,124154,10,买盘
1724,10:57:15,124.15,720071,58,卖盘
1725,10:57:18,124.15,86905,7,卖盘
1726,10:57:21,124.14,968372,78,卖盘
1727,10:57:24,124.14,1328299,107,卖盘
1728,10:57:27,124.14,335154,27,买盘
1729,10:57:30,124.13,1861942,150,卖盘
1730,10:57:33,124.13,844073,68,买盘
1731,10:57:36,124.12,111709,9,卖盘
1732,10:57:39,124.13,558555,45,买盘
1733,10:57:42,124.12,856431,69,卖盘
1734,10:57:45,124.12,99296,8,买盘
1735,10:57:48,124.12,273059,22,买盘
1736,10:57:51,124.12,198579,16,买盘
1737,10:57:54,124.12,186172,15,买盘
1738,10:57:57,124.12,570913,46,买盘
1739,10:58:00,124.12,372344,30,买盘
1740,10:58:03,124.12,421976,34,买盘
1741,10:58:06,124.11,372339,30,卖盘
1742,10:58:09,124.11,74467,6,卖盘
1743,10:58:12,124.11,223400,18,卖盘
1744,10:58:15,124.1,124107,10,卖盘
1745,10:58:18,124.1,471584,38,卖盘
1746,10:58:21,124.1,459171,37,卖盘
1747,10:58:24,124.05,19976885,1610,卖盘
1748,10:58:27,124.05,310095,25,买盘
1749,10:58:30,124.02,404591,33,卖盘
1750,10:58:33,124.03,3596542,290,中性盘
1751,10:58:36,124.02,248022,20,买盘
1752,10:58:39,124.02,297639,24,买盘
1753,10:58:42,124.01,3856714,311,卖盘
1754,10:58:45,124.02,818434,66,买盘
1755,10:58:48,124.0,198411,16,卖盘
1756,10:58:51,124.01,1302027,105,买盘
1757,10:58:54,124.01,1537701,124,买盘
1758,10:58:57,124.01,1153358,93,卖盘
1759,10:59:00,124.03,458858,37,买盘
1760,10:59:03,124.01,1153370,93,卖盘
1761,10:59:06,124.04,359739,29,卖盘
1762,10:59:09,124.03,186069,15,卖盘
1763,10:59:12,124.02,161230,13,卖盘
1764,10:59:15,124.02,210846,17,卖盘
1765,10:59:18,124.02,260432,21,卖盘
1766,10:59:21,124.02,694528,56,中性盘
1767,10:59:24,124.02,359653,29,买盘
1768,10:59:27,124.04,1525375,123,买盘
1769,10:59:30,124.03,496121,40,卖盘
1770,10:59:33,124.03,99222,8,买盘
1771,10:59:36,124.02,818503,66,卖盘
1772,10:59:39,124.02,1029426,83,卖盘
1773,10:59:42,124.02,310048,25,买盘
1774,10:59:45,124.02,384466,31,买盘
1775,10:59:48,124.02,806123,65,卖盘
1776,10:59:51,124.02,136423,11,卖盘
1777,10:59:54,124.01,781313,63,卖盘
1778,10:59:57,124.03,12403,1,买盘
1779,11:00:00,124.01,111615,9,卖盘
1780,11:00:03,124.01,520853,42,卖盘
1781,11:00:06,124.01,210819,17,卖盘
1782,11:00:09,124.02,248021,20,买盘
1783,11:00:12,124.01,954887,77,卖盘
1784,11:00:15,124.01,285221,23,买盘
1785,11:00:18,124.0,161212,13,卖盘
1786,11:00:21,124.01,285213,23,买盘
1787,11:00:24,124.01,285220,23,买盘
1788,11:00:27,124.01,272811,22,买盘
1789,11:00:30,124.01,620011,50,买盘
1790,11:00:33,124.0,731619,59,卖盘
1791,11:00:36,124.01,384421,31,买盘
1792,11:00:39,124.0,496009,40,卖盘
1793,11:00:42,124.01,148810,12,买盘
1794,11:00:45,124.0,682017,55,卖盘
1795,11:00:48,124.01,223216,18,买盘
1796,11:00:51,124.0,558017,45,卖盘
1797,11:00:54,124.0,632424,51,卖盘
1798,11:00:57,124.01,818416,66,买盘
1799,11:01:00,124.01,186015,15,卖盘
1800,11:01:03,124.01,706858,57,卖盘
1801,11:01:06,124.03,347259,28,买盘
1802,11:01:09,124.02,62010,5,卖盘
1803,11:01:12,124.02,124019,10,卖盘
1804,11:01:15,124.03,595284,48,买盘
1805,11:01:18,124.03,148836,12,卖盘
1806,11:01:21,124.03,198450,16,买盘
1807,11:01:24,124.02,24804,2,卖盘
1808,11:01:27,124.02,272849,22,卖盘
1809,11:01:30,124.02,136426,11,卖盘
1810,11:01:33,124.03,260444,21,买盘
1811,11:01:36,124.02,111620,9,卖盘
1812,11:01:39,124.03,86817,7,买盘
1813,11:01:42,124.03,173634,14,买盘
1814,11:01:45,124.03,99223,8,买盘
1815,11:01:48,124.03,24806,2,买盘
1816,11:01:51,124.03,186045,15,卖盘
1817,11:01:54,124.03,86824,7,卖盘
1818,11:01:57,124.04,347305,28,买盘
1819,11:02:00,124.05,148849,12,买盘
1820,11:02:03,124.05,49618,4,买盘
1821,11:02:06,124.04,111640,9,卖盘
1822,11:02:09,124.04,148849,12,买盘
1823,11:02:12,124.04,161243,13,买盘
1824,11:02:15,124.04,186060,15,买盘
1825,11:02:18,124.03,248076,20,卖盘
1826,11:02:21,124.05,434149,35,买盘
1827,11:02:24,124.04,421706,34,卖盘
1828,11:02:27,124.05,136448,11,买盘
1829,11:02:30,124.05,310105,25,买盘
1830,11:02:33,124.05,359721,29,买盘
1831,11:02:36,124.05,198472,16,买盘
1832,11:02:42,124.05,186084,15,卖盘
1833,11:02:45,124.06,49623,4,买盘
1834,11:02:48,124.06,186079,15,买盘
1835,11:02:51,124.06,459024,37,买盘
1836,11:02:54,124.06,37219,3,卖盘
1837,11:02:57,124.07,74449,6,中性盘
1838,11:03:00,124.09,49634,4,买盘
1839,11:03:03,124.06,235739,19,卖盘
1840,11:03:06,124.07,86849,7,买盘
1841,11:03:09,124.06,86847,7,卖盘
1842,11:03:12,124.07,12407,1,买盘
1843,11:03:15,124.07,359800,29,买盘
1844,11:03:18,124.08,186104,15,买盘
1845,11:03:21,124.08,186116,15,买盘
1846,11:03:24,124.09,12409,1,买盘
1847,11:03:27,124.09,74451,6,买盘
1848,11:03:30,124.09,198540,16,买盘
1849,11:03:33,124.08,173720,14,卖盘
1850,11:03:36,124.07,1463998,118,卖盘
1851,11:03:39,124.08,2394300,193,买盘
1852,11:03:42,124.07,1227937,99,中性盘
1853,11:03:45,124.05,248088,20,中性盘
1854,11:03:48,124.06,235677,19,买盘
1855,11:03:51,124.05,161272,13,卖盘
1856,11:03:54,124.05,49623,4,卖盘
1857,11:03:57,124.05,297685,24,中性盘
1858,11:04:00,124.04,223294,18,卖盘
1859,11:04:03,124.04,62020,5,买盘
1860,11:04:06,124.03,62018,5,卖盘
1861,11:04:09,124.04,285298,23,买盘
1862,11:04:12,124.04,37212,3,卖盘
1863,11:04:15,124.06,124042,10,买盘
1864,11:04:18,124.04,74424,6,卖盘
1865,11:04:21,124.04,248087,20,卖盘
1866,11:04:24,124.04,210874,17,卖盘
1867,11:04:27,124.03,334888,27,卖盘
1868,11:04:30,124.04,62020,5,买盘
1869,11:04:33,124.04,37212,3,买盘
1870,11:04:36,124.04,248079,20,买盘
1871,11:04:39,124.06,421742,34,买盘
1872,11:04:42,124.04,124040,10,卖盘
1873,11:04:45,124.06,62030,5,买盘
1874,11:04:48,124.06,74436,6,买盘
1875,11:04:51,124.05,570648,46,卖盘
1876,11:04:54,124.06,210891,17,买盘
1877,11:04:57,124.06,37220,3,卖盘
1878,11:05:00,124.08,173687,14,买盘
1879,11:05:03,124.08,24816,2,买盘
1880,11:05:06,124.06,210905,17,卖盘
1881,11:05:09,124.08,74447,6,买盘
1882,11:05:12,124.06,111656,9,卖盘
1883,11:05:15,124.06,86854,7,卖盘
1884,11:05:18,124.06,248158,20,卖盘
1885,11:05:24,124.08,24815,2,买盘
1886,11:05:27,124.08,99257,8,买盘
1887,11:05:30,124.08,74444,6,买盘
1888,11:05:33,124.08,99262,8,买盘
1889,11:05:36,124.08,186109,15,买盘
1890,11:05:39,124.08,235746,19,买盘
1891,11:05:42,124.07,62036,5,卖盘
1892,11:05:45,124.08,99258,8,买盘
1893,11:05:48,124.07,49629,4,卖盘
1894,11:05:51,124.07,161301,13,卖盘
1895,11:05:57,124.08,136479,11,买盘
1896,11:06:00,124.08,99264,8,买盘
1897,11:06:03,124.08,49631,4,买盘
1898,11:06:06,124.08,62039,5,买盘
1899,11:06:09,124.08,74443,6,买盘
1900,11:06:12,124.08,86856,7,买盘
1901,11:06:15,124.07,483904,39,卖盘
1902,11:06:18,124.07,173710,14,卖盘
1903,11:06:21,124.08,533506,43,卖盘
1904,11:06:24,124.08,173721,14,卖盘
1905,11:06:27,124.08,74451,6,卖盘
1906,11:06:30,124.08,74448,6,卖盘
1907,11:06:33,124.08,223346,18,卖盘
1908,11:06:36,124.08,186121,15,卖盘
1909,11:06:39,124.08,86857,7,卖盘
1910,11:06:42,124.08,86855,7,买盘
1911,11:06:45,124.08,173710,14,买盘
1912,11:06:48,124.08,74448,6,买盘
1913,11:06:51,124.08,86853,7,买盘
1914,11:06:54,124.08,136486,11,买盘
1915,11:06:57,124.08,74446,6,买盘
1916,11:07:00,124.08,49629,4,买盘
1917,11:07:03,124.08,806465,65,买盘
1918,11:07:06,124.07,955367,77,卖盘
1919,11:07:09,124.07,558316,45,卖盘
1920,11:07:12,124.05,1315020,106,卖盘
1921,11:07:15,124.05,99240,8,卖盘
1922,11:07:18,124.05,1364443,110,卖盘
1923,11:07:21,124.05,148863,12,卖盘
1924,11:07:24,124.05,297731,24,卖盘
1925,11:07:27,124.06,248091,20,中性盘
1926,11:07:30,124.04,198477,16,中性盘
1927,11:07:33,124.04,1351906,109,中性盘
1928,11:07:36,124.05,86826,7,买盘
1929,11:07:39,124.03,446556,36,卖盘
1930,11:07:42,124.03,186053,15,卖盘
1931,11:07:45,124.05,49617,4,买盘
1932,11:07:48,124.04,37210,3,买盘
1933,11:07:51,124.04,37210,3,买盘
1934,11:07:54,124.04,74421,6,买盘
1935,11:07:57,124.03,124038,10,卖盘
1936,11:08:00,124.04,198460,16,买盘
1937,11:08:03,124.02,434070,35,卖盘
1938,11:08:06,124.02,322458,26,卖盘
1939,11:08:09,124.02,260443,21,卖盘
1940,11:08:12,124.02,124020,10,卖盘
1941,11:08:15,124.02,396867,32,卖盘
1942,11:08:18,124.03,570484,46,买盘
1943,11:08:21,124.02,905286,73,中性盘
1944,11:08:24,124.01,669677,54,卖盘
1945,11:08:27,124.01,12995462,1048,卖盘
1946,11:08:30,124.0,1698803,137,卖盘
1947,11:08:33,124.01,570419,46,买盘
1948,11:08:36,124.0,1066402,86,卖盘
1949,11:08:39,124.02,458835,37,买盘
1950,11:08:42,124.0,186008,15,卖盘
1951,11:08:45,123.98,27047884,2181,卖盘
1952,11:08:48,123.99,855425,69,买盘
1953,11:08:51,123.94,409029,33,卖盘
1954,11:08:54,123.94,347019,28,买盘
1955,11:08:57,123.93,433772,35,卖盘
1956,11:09:00,123.93,198291,16,买盘
1957,11:09:03,123.93,681547,55,买盘
1958,11:09:06,123.91,61957,5,卖盘
1959,11:09:09,123.92,309785,25,买盘
1960,11:09:12,123.92,346967,28,中性盘
1961,11:09:15,123.93,309784,25,买盘
1962,11:09:18,123.93,495662,40,买盘
1963,11:09:21,123.92,371778,30,卖盘
1964,11:09:24,123.93,470914,38,买盘
1965,11:09:27,123.94,731134,59,买盘
1966,11:09:30,123.93,272671,22,卖盘
1967,11:09:33,123.96,632143,51,买盘
1968,11:09:36,123.98,2367019,191,买盘
1969,11:09:39,123.92,74373,6,卖盘
1970,11:09:42,123.98,123980,10,买盘
1971,11:09:45,123.98,185971,15,卖盘
1972,11:09:48,123.98,198368,16,卖盘
1973,11:09:51,123.98,61990,5,卖盘
1974,11:09:54,123.98,830445,67,卖盘
1975,11:09:57,123.98,61982,5,买盘
1976,11:10:00,123.95,136375,11,卖盘
1977,11:10:03,123.95,235535,19,卖盘
1978,11:10:06,123.95,86765,7,卖盘
1979,11:10:09,123.97,1339048,108,买盘
1980,11:10:12,123.95,359457,29,卖盘
1981,11:10:15,123.96,173535,14,中性盘
1982,11:10:18,124.0,1934180,156,买盘
1983,11:10:21,123.97,49585,4,中性盘
1984,11:10:24,123.99,49594,4,中性盘
1985,11:10:27,123.97,49588,4,卖盘
1986,11:10:30,124.0,5849546,472,买盘
1987,11:10:33,124.0,310002,25,卖盘
1988,11:10:36,124.01,136406,11,买盘
1989,11:10:39,124.0,49600,4,卖盘
1990,11:10:42,124.0,186001,15,卖盘
1991,11:10:45,124.0,334803,27,卖盘
1992,11:10:48,124.0,111602,9,卖盘
1993,11:10:51,124.01,434023,35,买盘
1994,11:10:54,124.0,322410,26,卖盘
1995,11:10:57,124.0,446397,36,卖盘
1996,11:11:00,124.0,24800,2,买盘
1997,11:11:03,124.0,74398,6,买盘
1998,11:11:06,124.0,458786,37,买盘
1999,11:11:09,123.94,1165338,94,卖盘
2000,11:11:12,123.93,123939,10,卖盘
2001,11:11:15,123.93,297426,24,买盘
2002,11:11:18,123.93,408924,33,买盘
2003,11:11:21,123.94,706438,57,买盘
2004,11:11:24,123.93,173504,14,卖盘
2005,11:11:27,123.95,111552,9,买盘
2006,11:11:30,123.93,991490,80,卖盘
2007,11:11:33,123.93,74358,6,买盘
2008,11:11:36,123.95,409060,33,买盘
2009,11:11:39,123.95,1933917,156,中性盘
2010,11:11:42,123.95,136335,11,买盘
2011,11:11:45,123.95,37189,3,卖盘
2012,11:11:48,123.95,24790,2,卖盘
2013,11:11:51,123.94,371844,30,卖盘
2014,11:11:54,123.96,86768,7,卖盘
2015,11:11:57,123.96,148777,12,中性盘
2016,11:12:00,123.95,235527,19,卖盘
2017,11:12:03,123.96,24791,2,买盘
2018,11:12:06,123.95,198322,16,中性盘
2019,11:12:09,123.95,86767,7,卖盘
2020,11:12:12,123.95,495791,40,卖盘
2021,11:12:15,123.95,161135,13,卖盘
2022,11:12:18,123.96,173538,14,买盘
2023,11:12:21,123.95,86765,7,卖盘
2024,11:12:24,123.96,359476,29,买盘
2025,11:12:27,123.96,260320,21,卖盘
2026,11:12:30,123.96,24792,2,中性盘
2027,11:12:33,123.95,161139,13,卖盘
2028,11:12:36,123.96,111560,9,买盘
2029,11:12:39,123.95,37187,3,卖盘
2030,11:12:42,123.96,185930,15,买盘
2031,11:12:45,123.96,173543,14,买盘
2032,11:12:48,123.96,111561,9,买盘
2033,11:12:51,123.96,247920,20,买盘
2034,11:12:54,123.97,86773,7,中性盘
2035,11:12:57,123.96,49587,4,卖盘
2036,11:13:00,123.96,161161,13,卖盘
2037,11:13:03,123.98,632208,51,买盘
2038,11:13:06,123.96,61978,5,中性盘
2039,11:13:09,123.96,148752,12,买盘
2040,11:13:12,123.96,111562,9,买盘
2041,11:13:15,123.95,210720,17,卖盘
2042,11:13:18,123.96,260315,21,买盘
2043,11:13:21,123.96,161148,13,卖盘
2044,11:13:24,123.96,148752,12,卖盘
2045,11:13:27,123.97,49585,4,买盘
2046,11:13:30,123.97,123963,10,买盘
2047,11:13:33,123.98,322329,26,买盘
2048,11:13:36,123.99,61990,5,买盘
2049,11:13:39,123.99,173575,14,买盘
2050,11:13:42,123.99,123990,10,买盘
2051,11:13:45,123.98,743930,60,卖盘
2052,11:13:48,123.97,74385,6,卖盘
2053,11:13:51,123.98,371937,30,买盘
2054,11:13:54,123.98,421533,34,卖盘
2055,11:13:57,123.98,359544,29,卖盘
2056,11:14:00,123.99,223168,18,买盘
2057,11:14:03,123.98,123987,10,卖盘
2058,11:14:06,123.98,161185,13,卖盘
2059,11:14:09,123.98,446331,36,卖盘
2060,11:14:12,123.98,247968,20,卖盘
2061,11:14:15,123.99,235574,19,买盘
2062,11:14:18,123.99,198370,16,中性盘
2063,11:14:21,124.0,148790,12,买盘
2064,11:14:24,123.97,2144854,173,卖盘
2065,11:14:27,123.97,297527,24,买盘
2066,11:14:30,123.97,235538,19,买盘
2067,11:14:33,123.97,37190,3,买盘
2068,11:14:36,123.97,74382,6,买盘
2069,11:14:39,123.96,223133,18,卖盘
2070,11:14:42,123.96,123966,10,卖盘
2071,11:14:45,123.96,359490,29,卖盘
2072,11:14:48,123.97,260332,21,买盘
2073,11:14:51,123.97,24794,2,买盘
2074,11:14:54,123.97,235541,19,买盘
2075,11:14:57,123.97,136367,11,卖盘
2076,11:15:00,123.97,272734,22,卖盘
2077,11:15:03,123.97,223146,18,买盘
2078,11:15:06,123.97,185953,15,买盘
2079,11:15:09,123.98,148773,12,买盘
2080,11:15:12,123.98,49592,4,买盘
2081,11:15:15,123.98,61990,5,卖盘
2082,11:15:18,123.99,74394,6,买盘
2083,11:15:21,123.99,1959177,158,买盘
2084,11:15:24,123.98,99193,8,卖盘
2085,11:15:27,123.99,123995,10,卖盘
2086,11:15:30,123.99,223198,18,卖盘
2087,11:15:33,124.0,793600,64,买盘
2088,11:15:36,124.0,173600,14,买盘
2089,11:15:39,124.0,136400,11,买盘
2090,11:15:42,123.99,285200,23,卖盘
2091,11:15:45,123.99,185990,15,卖盘
2092,11:15:48,124.0,86795,7,买盘
2093,11:15:51,124.01,285190,23,买盘
2094,11:15:54,124.0,396776,32,中性盘
2095,11:15:57,124.0,74401,6,卖盘
2096,11:16:00,124.0,719236,58,卖盘
2097,11:16:03,124.0,1053997,85,买盘
2098,11:16:06,124.0,247989,20,买盘
2099,11:16:09,124.0,24800,2,买盘
2100,11:16:12,124.0,37199,3,买盘
2101,11:16:15,123.99,111596,9,卖盘
2102,11:16:18,124.0,37200,3,买盘
2103,11:16:21,123.99,173597,14,卖盘
2104,11:16:24,123.99,99193,8,卖盘
2105,11:16:27,124.0,12400,1,买盘
2106,11:16:30,123.99,37197,3,卖盘
2107,11:16:33,124.0,1314317,106,买盘
2108,11:16:36,124.0,247992,20,买盘
2109,11:16:39,123.99,24799,2,卖盘
2110,11:16:42,124.0,99197,8,买盘
2111,11:16:45,124.0,210797,17,买盘
2112,11:16:48,124.0,1103600,89,买盘
2113,11:16:51,124.0,37200,3,买盘
2114,11:16:54,123.99,74396,6,卖盘
2115,11:16:57,124.0,37200,3,买盘
2116,11:17:00,124.0,247982,20,买盘
2117,11:17:03,124.0,260383,21,买盘
2118,11:17:06,124.0,12400,1,买盘
2119,11:17:09,124.0,123996,10,买盘
2120,11:17:12,124.0,86798,7,买盘
2121,11:17:15,124.0,223196,18,买盘
2122,11:17:18,123.99,185993,15,卖盘
2123,11:17:21,123.99,185994,15,卖盘
2124,11:17:24,124.0,297578,24,买盘
2125,11:17:27,124.0,24799,2,买盘
2126,11:17:30,124.0,285201,23,买盘
2127,11:17:33,124.0,37200,3,卖盘
2128,11:17:39,124.01,99201,8,买盘
2129,11:17:42,124.01,173612,14,买盘
2130,11:17:45,124.0,99202,8,卖盘
2131,11:17:48,124.02,49604,4,买盘
2132,11:17:51,124.01,24802,2,卖盘
2133,11:17:54,124.01,24802,2,卖盘
2134,11:18:00,124.01,198416,16,买盘
2135,11:18:03,124.01,37203,3,卖盘
2136,11:18:06,124.01,37203,3,卖盘
2137,11:18:09,124.01,148814,12,卖盘
2138,11:18:12,124.01,136416,11,卖盘
2139,11:18:15,124.02,322436,26,买盘
2140,11:18:18,124.01,86808,7,卖盘
2141,11:18:21,124.02,24804,2,买盘
2142,11:18:24,124.01,124010,10,卖盘
2143,11:18:27,124.02,756522,61,买盘
2144,11:18:30,124.02,223236,18,卖盘
2145,11:18:33,124.03,49612,4,买盘
2146,11:18:39,124.03,37209,3,买盘
2147,11:18:42,124.03,49612,4,买盘
2148,11:18:45,124.03,62014,5,买盘
2149,11:18:48,124.02,86820,7,卖盘
2150,11:18:51,124.04,49614,4,买盘
2151,11:18:54,124.02,161237,13,卖盘
2152,11:18:57,124.04,62019,5,买盘
2153,11:19:00,124.04,74426,6,卖盘
2154,11:19:03,124.03,260468,21,卖盘
2155,11:19:06,124.05,310102,25,买盘
2156,11:19:09,124.05,37215,3,卖盘
2157,11:19:12,124.06,74434,6,买盘
2158,11:19:15,124.05,372167,30,卖盘
2159,11:19:18,124.06,99244,8,买盘
2160,11:19:21,124.07,74439,6,买盘
2161,11:19:24,124.07,12407,1,买盘
2162,11:19:27,124.07,37221,3,买盘
2163,11:19:30,124.06,161291,13,卖盘
2164,11:19:33,124.07,24814,2,买盘
2165,11:19:36,124.06,99248,8,卖盘
2166,11:19:39,124.06,12406,1,买盘
2167,11:19:42,124.06,37218,3,买盘
2168,11:19:45,124.06,74434,6,买盘
2169,11:19:48,124.05,173672,14,卖盘
2170,11:19:51,124.05,161273,13,卖盘
2171,11:19:54,124.06,49623,4,买盘
2172,11:19:57,124.06,62030,5,买盘
2173,11:20:00,124.05,74433,6,卖盘
2174,11:20:03,124.06,74436,6,买盘
2175,11:20:06,124.05,148872,12,卖盘
2176,11:20:09,124.06,86840,7,中性盘
2177,11:20:12,124.06,223301,18,买盘
2178,11:20:15,124.06,111650,9,买盘
2179,11:20:18,124.03,1215651,98,卖盘
2180,11:20:21,124.01,2182878,176,卖盘
2181,11:20:24,124.05,2815015,227,买盘
2182,11:20:27,124.0,161205,13,卖盘
2183,11:20:30,124.0,434009,35,卖盘
2184,11:20:33,124.01,496016,40,买盘
2185,11:20:36,124.0,297602,24,卖盘
2186,11:20:39,124.01,161210,13,中性盘
2187,11:20:42,124.01,272801,22,买盘
2188,11:20:45,124.01,223216,18,买盘
2189,11:20:48,124.01,24802,2,卖盘
2190,11:20:51,124.01,74406,6,卖盘
2191,11:20:54,124.01,99214,8,卖盘
2192,11:20:57,124.02,173623,14,买盘
2193,11:21:00,124.02,595252,48,买盘
2194,11:21:03,124.01,124006,10,卖盘
2195,11:21:06,124.0,210801,17,卖盘
2196,11:21:09,124.0,86800,7,卖盘
2197,11:21:12,124.0,347254,28,卖盘
2198,11:21:15,124.01,37203,3,买盘
2199,11:21:18,124.0,210804,17,卖盘
2200,11:21:21,124.0,12400,1,卖盘
2201,11:21:24,124.01,186007,15,卖盘
2202,11:21:27,124.0,24800,2,卖盘
2203,11:21:30,124.01,99206,8,买盘
2204,11:21:33,124.01,148812,12,买盘
2205,11:21:36,124.01,99208,8,卖盘
2206,11:21:39,124.0,260418,21,卖盘
2207,11:21:42,124.01,24803,2,中性盘
2208,11:21:45,124.01,49603,4,买盘
2209,11:21:48,124.01,359606,29,买盘
2210,11:21:51,124.01,210809,17,买盘
2211,11:21:54,124.01,37204,3,卖盘
2212,11:21:57,124.03,198436,16,买盘
2213,11:22:00,124.03,12403,1,卖盘
2214,11:22:03,124.01,62011,5,卖盘
2215,11:22:06,124.01,24802,2,卖盘
2216,11:22:09,124.03,458852,37,中性盘
2217,11:22:12,124.01,86808,7,中性盘
2218,11:22:15,124.0,2442773,197,卖盘
2219,11:22:18,123.99,223190,18,卖盘
2220,11:22:21,124.0,148792,12,买盘
2221,11:22:24,124.0,272780,22,买盘
2222,11:22:27,123.98,520790,42,卖盘
2223,11:22:30,123.97,1847243,149,卖盘
2224,11:22:33,123.96,223131,18,卖盘
2225,11:22:36,123.96,347088,28,卖盘
2226,11:22:39,123.95,805730,65,卖盘
2227,11:22:42,123.95,74371,6,卖盘
2228,11:22:45,123.96,334676,27,买盘
2229,11:22:48,123.94,7522281,607,卖盘
2230,11:22:51,123.9,408877,33,卖盘
2231,11:22:54,123.92,74348,6,买盘
2232,11:22:57,123.9,483277,39,卖盘
2233,11:23:00,123.9,61957,5,卖盘
2234,11:23:03,123.92,123918,10,中性盘
2235,11:23:06,123.9,99126,8,卖盘
2236,11:23:09,123.91,185872,15,卖盘
2237,11:23:12,123.91,346953,28,卖盘
2238,11:23:15,123.94,111534,9,买盘
2239,11:23:18,123.94,37180,3,中性盘
2240,11:23:21,123.94,123946,10,卖盘
2241,11:23:24,123.94,24787,2,买盘
2242,11:23:27,123.94,136337,11,买盘
2243,11:23:30,123.94,185913,15,卖盘
2244,11:23:33,123.94,161122,13,卖盘
2245,11:23:36,123.93,61970,5,卖盘
2246,11:23:39,123.99,371887,30,买盘
2247,11:23:42,123.96,161148,13,卖盘
2248,11:23:48,123.96,1152551,93,卖盘
2249,11:23:54,123.96,123976,10,卖盘
2250,11:23:57,123.96,99168,8,买盘
2251,11:24:00,123.99,123980,10,买盘
2252,11:24:03,123.96,235535,19,卖盘
2253,11:24:06,123.97,12397,1,卖盘
2254,11:24:09,123.98,173572,14,买盘
2255,11:24:12,123.96,185955,15,卖盘
2256,11:24:15,123.98,37194,3,买盘
2257,11:24:18,123.93,1078348,87,卖盘
2258,11:24:21,123.96,12396,1,买盘
2259,11:24:24,123.97,24794,2,卖盘
2260,11:24:27,123.95,24790,2,卖盘
2261,11:24:30,123.95,49581,4,卖盘
2262,11:24:36,123.96,86769,7,买盘
2263,11:24:39,123.96,49583,4,买盘
2264,11:24:42,123.96,235517,19,买盘
2265,11:24:45,123.95,198334,16,卖盘
2266,11:24:48,123.94,86763,7,卖盘
2267,11:24:51,123.95,49576,4,买盘
2268,11:24:54,123.96,99160,8,买盘
2269,11:24:57,123.95,24790,2,卖盘
2270,11:25:00,123.96,12396,1,买盘
2271,11:25:03,123.96,173542,14,买盘
2272,11:25:06,123.95,49583,4,卖盘
2273,11:25:09,123.96,409051,33,买盘
2274,11:25:12,123.95,185937,15,卖盘
2275,11:25:15,123.95,111556,9,卖盘
2276,11:25:18,123.98,99177,8,买盘
2277,11:25:21,123.96,161146,13,中性盘
2278,11:25:24,123.97,49582,4,中性盘
2279,11:25:27,123.97,61985,5,卖盘
2280,11:25:30,123.98,24795,2,买盘
2281,11:25:33,123.98,123975,10,买盘
2282,11:25:39,123.98,2714268,219,卖盘
2283,11:25:42,123.97,408937,33,中性盘
2284,11:25:45,123.97,86777,7,买盘
2285,11:25:48,123.96,37186,3,中性盘
2286,11:25:51,123.97,86778,7,买盘
2287,11:25:54,123.95,173539,14,卖盘
2288,11:25:57,123.95,123948,10,买盘
2289,11:26:00,123.94,136347,11,卖盘
2290,11:26:03,123.95,161135,13,卖盘
2291,11:26:06,123.95,99160,8,卖盘
2292,11:26:09,123.95,99157,8,买盘
2293,11:26:12,123.94,173523,14,卖盘
2294,11:26:15,123.94,148732,12,中性盘
2295,11:26:18,123.95,24790,2,买盘
2296,11:26:21,123.94,123945,10,卖盘
2297,11:26:24,123.93,123938,10,卖盘
2298,11:26:27,123.94,607183,49,买盘
2299,11:26:30,123.93,322176,26,中性盘
2300,11:26:33,123.9,247820,20,卖盘
2301,11:26:36,123.91,408884,33,中性盘
2302,11:26:39,123.92,86741,7,中性盘
2303,11:26:42,123.91,74346,6,卖盘
2304,11:26:45,123.91,99123,8,中性盘
2305,11:26:48,123.91,99126,8,买盘
2306,11:26:51,123.9,594723,48,卖盘
2307,11:26:54,123.91,272593,22,买盘
2308,11:26:57,123.91,284971,23,买盘
2309,11:27:00,123.91,284987,23,买盘
2310,11:27:03,123.91,247806,20,买盘
2311,11:27:06,123.9,594734,48,卖盘
2312,11:27:09,123.92,49565,4,买盘
2313,11:27:12,123.91,37175,3,卖盘
2314,11:27:15,123.93,210656,17,买盘
2315,11:27:18,123.93,111537,9,买盘
2316,11:27:21,123.93,223083,18,中性盘
2317,11:27:24,123.94,12394,1,中性盘
2318,11:27:27,123.94,12394,1,买盘
2319,11:27:30,123.93,223073,18,卖盘
2320,11:27:33,123.93,111537,9,买盘
2321,11:27:36,123.94,49572,4,买盘
2322,11:27:39,123.93,458557,37,卖盘
2323,11:27:42,123.93,86749,7,买盘
2324,11:27:45,123.94,24788,2,买盘
2325,11:27:48,123.93,12393,1,卖盘
2326,11:27:51,123.94,359400,29,中性盘
2327,11:27:54,123.95,359415,29,买盘
2328,11:27:57,123.93,123932,10,卖盘
2329,11:28:00,123.93,210674,17,买盘
2330,11:28:03,123.93,136326,11,买盘
2331,11:28:06,123.96,111680,9,买盘
2332,11:28:09,123.93,161117,13,卖盘
2333,11:28:12,123.95,37184,3,中性盘
2334,11:28:15,123.96,49581,4,买盘
2335,11:28:18,123.95,223124,18,卖盘
2336,11:28:21,123.95,74370,6,卖盘
2337,11:28:24,123.96,185929,15,卖盘
2338,11:28:27,123.96,285108,23,卖盘
2339,11:28:30,123.96,198347,16,卖盘
2340,11:28:33,123.96,12396,1,卖盘
2341,11:28:36,123.97,49590,4,中性盘
2342,11:28:42,123.96,74382,6,卖盘
2343,11:28:45,123.98,49589,4,买盘
2344,11:28:48,123.98,148769,12,买盘
2345,11:28:51,123.98,24796,2,卖盘
2346,11:28:57,123.97,247950,20,卖盘
2347,11:29:00,123.98,24794,2,买盘
2348,11:29:03,123.97,99183,8,中性盘
2349,11:29:06,123.96,161148,13,卖盘
2350,11:29:09,123.97,123967,10,中性盘
2351,11:29:12,123.98,198353,16,买盘
2352,11:29:15,123.97,111576,9,卖盘
2353,11:29:21,123.97,161151,13,买盘
2354,11:29:24,123.98,99177,8,买盘
2355,11:29:27,123.98,161174,13,买盘
2356,11:29:30,124.0,396778,32,买盘
2357,11:29:33,124.0,86794,7,买盘
2358,11:29:36,123.99,74393,6,中性盘
2359,11:29:39,124.0,49600,4,买盘
2360,11:29:42,124.0,123991,10,买盘
2361,11:29:48,124.0,61997,5,买盘
2362,11:29:51,124.0,37200,3,买盘
2363,11:29:54,123.98,185970,15,卖盘
2364,11:29:57,124.0,24798,2,买盘
2365,11:30:00,123.97,545505,44,卖盘
2366,13:00:00,123.97,2727813,220,卖盘
2367,13:00:03,123.97,9707473,783,中性盘
2368,13:00:06,123.96,2231384,180,中性盘
2369,13:00:09,123.94,2454299,198,卖盘
2370,13:00:12,123.96,2032576,164,买盘
2371,13:00:15,123.96,991577,80,买盘
2372,13:00:18,123.96,718842,58,买盘
2373,13:00:21,123.95,136319,11,中性盘
2374,13:00:24,123.93,210682,17,卖盘
2375,13:00:27,123.92,1140073,92,卖盘
2376,13:00:30,123.92,966630,78,卖盘
2377,13:00:33,123.95,718795,58,买盘
2378,13:00:36,123.92,508126,41,卖盘
2379,13:00:39,123.96,185913,15,买盘
2380,13:00:42,123.95,111557,9,卖盘
2381,13:00:45,123.95,210715,17,卖盘
2382,13:00:48,123.94,185909,15,卖盘
2383,13:00:51,123.94,24788,2,买盘
2384,13:00:54,123.92,309819,25,卖盘
2385,13:00:57,123.91,867394,70,卖盘
2386,13:01:00,123.91,136302,11,卖盘
2387,13:01:03,123.92,433782,35,中性盘
2388,13:01:06,123.91,1536534,124,卖盘
2389,13:01:09,123.95,495719,40,买盘
2390,13:01:12,123.9,5860539,473,卖盘
2391,13:01:15,123.91,396548,32,卖盘
2392,13:01:18,123.89,916902,74,卖盘
2393,13:01:21,123.89,173450,14,卖盘
2394,13:01:24,123.9,235410,19,买盘
2395,13:01:27,123.9,99121,8,卖盘
2396,13:01:30,123.91,185853,15,中性盘
2397,13:01:33,123.9,61950,5,卖盘
2398,13:01:36,123.91,1127514,91,买盘
2399,13:01:39,123.98,2131425,172,买盘
2400,13:01:42,123.94,322274,26,卖盘
2401,13:01:45,123.95,49580,4,卖盘
2402,13:01:48,123.95,582703,47,中性盘
2403,13:01:51,123.98,185947,15,买盘
2404,13:01:54,123.97,173569,14,中性盘
2405,13:01:57,123.96,483444,39,中性盘
2406,13:02:00,123.95,111559,9,卖盘
2407,13:02:03,123.95,37185,3,卖盘
2408,13:02:06,123.94,470975,38,卖盘
2409,13:02:09,123.91,161123,13,卖盘
2410,13:02:12,123.91,61961,5,卖盘
2411,13:02:15,123.94,148716,12,买盘
2412,13:02:18,123.91,74346,6,卖盘
2413,13:02:21,123.91,61955,5,卖盘
2414,13:02:24,123.91,61955,5,卖盘
2415,13:02:27,123.91,656729,53,卖盘
2416,13:02:30,123.94,61958,5,买盘
2417,13:02:33,123.94,322244,26,买盘
2418,13:02:36,123.95,607314,49,买盘
2419,13:02:39,123.94,86749,7,买盘
2420,13:02:42,123.91,161115,13,卖盘
2421,13:02:45,123.94,297402,24,买盘
2422,13:02:48,123.94,99149,8,买盘
2423,13:02:51,123.94,111545,9,买盘
2424,13:02:54,123.94,37182,3,买盘
2425,13:02:57,123.93,198288,16,卖盘
2426,13:03:00,123.93,74358,6,卖盘
2427,13:03:03,123.93,371787,30,买盘
2428,13:03:06,123.92,111540,9,卖盘
2429,13:03:09,123.93,173496,14,中性盘
2430,13:03:12,123.91,161087,13,卖盘
2431,13:03:15,123.93,223063,18,买盘
2432,13:03:18,123.92,136321,11,卖盘
2433,13:03:21,123.92,86744,7,卖盘
2434,13:03:24,123.93,37177,3,买盘
2435,13:03:27,123.92,235449,19,卖盘
2436,13:03:30,123.92,285016,23,买盘
2437,13:03:33,123.92,557651,45,买盘
2438,13:03:36,123.93,681576,55,买盘
2439,13:03:39,123.95,495742,40,买盘
2440,13:03:42,123.96,37186,3,买盘
2441,13:03:45,123.95,61977,5,卖盘
2442,13:03:48,123.96,49582,4,买盘
2443,13:03:51,123.95,607400,49,卖盘
2444,13:03:54,123.96,12396,1,中性盘
2445,13:03:57,123.96,185940,15,买盘
2446,13:04:00,123.96,148752,12,买盘
2447,13:04:03,123.99,384316,31,买盘
2448,13:04:06,123.97,37191,3,卖盘
2449,13:04:09,124.0,1289592,104,买盘
2450,13:04:12,124.0,1463200,118,买盘
2451,13:04:15,123.99,123997,10,卖盘
2452,13:04:18,123.99,61993,5,买盘
2453,13:04:21,123.99,24797,2,买盘
2454,13:04:24,123.98,371967,30,卖盘
2455,13:04:27,123.98,74389,6,买盘
2456,13:04:30,123.98,37196,3,中性盘
2457,13:04:33,123.99,49594,4,买盘
2458,13:04:36,123.99,173578,14,买盘
2459,13:04:39,123.98,247960,20,卖盘
2460,13:04:42,123.99,12399,1,买盘
2461,13:04:45,123.99,37196,3,买盘
2462,13:04:48,123.98,371948,30,卖盘
2463,13:04:51,123.99,111582,9,买盘
2464,13:04:54,124.0,210794,17,买盘
2465,13:04:57,124.0,198395,16,买盘
2466,13:05:00,123.99,111593,9,卖盘
2467,13:05:03,123.99,136382,11,买盘
2468,13:05:06,123.97,768658,62,卖盘
2469,13:05:09,123.98,111587,9,中性盘
2470,13:05:12,123.99,173580,14,买盘
2471,13:05:15,123.99,37197,3,卖盘
2472,13:05:18,124.0,148789,12,买盘
2473,13:05:21,124.0,136366,11,买盘
2474,13:05:24,123.97,297568,24,卖盘
2475,13:05:27,123.99,446303,36,买盘
2476,13:05:30,123.99,74394,6,买盘
2477,13:05:33,123.97,111581,9,卖盘
2478,13:05:36,123.97,272750,22,卖盘
2479,13:05:39,123.98,74390,6,中性盘
2480,13:05:42,123.99,61995,5,买盘
2481,13:05:45,123.99,61993,5,买盘
2482,13:05:48,123.98,148786,12,卖盘
2483,13:05:51,123.99,49598,4,卖盘
2484,13:05:54,123.99,37197,3,中性盘
2485,13:05:57,123.98,61994,5,卖盘
2486,13:06:00,123.99,185973,15,买盘
2487,13:06:03,123.99,24798,2,买盘
2488,13:06:09,123.98,12398,1,卖盘
2489,13:06:12,123.99,148784,12,买盘
2490,13:06:15,123.99,86790,7,买盘
2491,13:06:18,123.99,99186,8,卖盘
2492,13:06:21,123.99,148783,12,买盘
2493,13:06:24,123.99,173581,14,买盘
2494,13:06:27,123.98,12398,1,中性盘
2495,13:06:30,123.98,111582,9,买盘
2496,13:06:33,123.97,198365,16,卖盘
2497,13:06:36,123.99,247962,20,买盘
2498,13:06:39,124.0,37196,3,买盘
2499,13:06:42,123.98,12398,1,卖盘
2500,13:06:45,123.98,24796,2,卖盘
2501,13:06:48,123.99,37198,3,卖盘
2502,13:06:51,123.98,37196,3,卖盘
2503,13:06:54,123.99,99191,8,买盘
2504,13:06:57,123.98,12398,1,卖盘
2505,13:07:00,123.99,49596,4,买盘
2506,13:07:03,123.98,1338993,108,卖盘
2507,13:07:06,123.98,446328,36,买盘
2508,13:07:09,123.97,334738,27,卖盘
2509,13:07:12,124.0,322395,26,买盘
2510,13:07:15,123.99,12399,1,卖盘
2511,13:07:18,124.0,582798,47,买盘
2512,13:07:21,124.0,260392,21,买盘
2513,13:07:24,124.0,62000,5,买盘
2514,13:07:27,124.0,49600,4,买盘
2515,13:07:30,124.0,496000,40,买盘
2516,13:07:33,124.01,235615,19,买盘
2517,13:07:36,124.0,297612,24,卖盘
2518,13:07:39,124.01,74400,6,买盘
2519,13:07:45,124.0,74403,6,卖盘
2520,13:07:48,124.0,235600,19,卖盘
2521,13:07:51,124.0,123998,10,买盘
2522,13:07:54,123.99,74395,6,卖盘
2523,13:07:57,124.0,161196,13,买盘
2524,13:08:00,124.0,446372,36,买盘
2525,13:08:03,124.0,371989,30,买盘
2526,13:08:06,123.99,99192,8,买盘
2527,13:08:09,123.99,86793,7,买盘
2528,13:08:12,123.99,111592,9,卖盘
2529,13:08:15,124.0,61997,5,买盘
2530,13:08:18,123.99,24798,2,中性盘
2531,13:08:21,123.99,24798,2,卖盘
2532,13:08:24,123.99,161179,13,卖盘
2533,13:08:27,124.0,49596,4,买盘
2534,13:08:30,123.98,136380,11,卖盘
2535,13:08:33,124.0,74395,6,买盘
2536,13:08:36,124.0,74398,6,买盘
2537,13:08:39,123.99,210787,17,卖盘
2538,13:08:42,123.99,99196,8,卖盘
2539,13:08:45,124.0,49600,4,买盘
2540,13:08:48,123.99,61996,5,卖盘
2541,13:08:51,124.0,61998,5,买盘
2542,13:08:54,123.99,61995,5,卖盘
2543,13:08:57,124.0,49598,4,买盘
2544,13:09:00,124.0,49600,4,买盘
2545,13:09:03,123.99,86799,7,卖盘
2546,13:09:06,124.0,148797,12,买盘
2547,13:09:09,124.0,334789,27,买盘
2548,13:09:12,124.0,3162063,255,买盘
2549,13:09:15,124.01,1140884,92,买盘
2550,13:09:18,124.02,669665,54,买盘
2551,13:09:21,124.02,520848,42,买盘
2552,13:09:24,124.06,2133310,172,买盘
2553,13:09:27,124.04,49625,4,卖盘
2554,13:09:30,124.07,1042044,84,买盘
2555,13:09:33,124.07,37221,3,买盘
2556,13:09:36,124.07,409351,33,买盘
2557,13:09:39,124.07,285361,23,买盘
2558,13:09:42,124.07,161281,13,买盘
2559,13:09:45,124.07,235733,19,买盘
2560,13:09:48,124.07,62033,5,买盘
2561,13:09:51,124.07,49628,4,买盘
2562,13:09:54,124.07,24814,2,买盘
2563,13:09:57,124.07,198508,16,卖盘
2564,13:10:00,124.08,86853,7,买盘
2565,13:10:03,124.08,49631,4,买盘
2566,13:10:06,124.08,173699,14,买盘
2567,13:10:09,124.08,62040,5,买盘
2568,13:10:12,124.08,148895,12,买盘
2569,13:10:15,124.08,148896,12,买盘
2570,13:10:18,124.07,248167,20,卖盘
2571,13:10:21,124.1,49634,4,买盘
2572,13:10:24,124.09,508814,41,卖盘
2573,13:10:27,124.09,124092,10,卖盘
2574,13:10:30,124.11,99279,8,买盘
2575,13:10:33,124.11,74463,6,买盘
2576,13:10:36,124.11,198561,16,买盘
2577,13:10:39,124.12,74472,6,买盘
2578,13:10:42,124.13,12413,1,买盘
2579,13:10:45,124.13,161359,13,买盘
2580,13:10:48,124.13,99303,8,买盘
2581,13:10:51,124.13,136534,11,中性盘
2582,13:10:54,124.14,86898,7,买盘
2583,13:10:57,124.14,161384,13,卖盘
2584,13:11:00,124.16,111743,9,买盘
2585,13:11:03,124.16,384897,31,卖盘
2586,13:11:06,124.16,161410,13,卖盘
2587,13:11:09,124.16,186251,15,中性盘
2588,13:11:12,124.16,124160,10,买盘
2589,13:11:15,124.18,62085,5,买盘
2590,13:11:18,124.18,211092,17,买盘
2591,13:11:21,124.17,136595,11,卖盘
2592,13:11:24,124.17,360101,29,卖盘
2593,13:11:27,124.17,136587,11,卖盘
2594,13:11:30,124.18,496699,40,买盘
2595,13:11:33,124.18,24836,2,卖盘
2596,13:11:36,124.18,49672,4,卖盘
2597,13:11:39,124.17,1142385,92,卖盘
2598,13:11:42,124.18,124173,10,买盘
2599,13:11:45,124.18,62087,5,买盘
2600,13:11:48,124.14,620768,50,卖盘
2601,13:11:51,124.17,235910,19,买盘
2602,13:11:54,124.15,49659,4,中性盘
2603,13:11:57,124.17,99332,8,买盘
2604,13:12:00,124.14,260746,21,卖盘
2605,13:12:03,124.13,161374,13,卖盘
2606,13:12:06,124.14,86897,7,买盘
2607,13:12:09,124.12,49648,4,卖盘
2608,13:12:12,124.13,12413,1,卖盘
2609,13:12:15,124.13,37240,3,中性盘
2610,13:12:18,124.13,37239,3,中性盘
2611,13:12:21,124.13,12413,1,买盘
2612,13:12:24,124.12,260671,21,卖盘
2613,13:12:27,124.13,223432,18,中性盘
2614,13:12:33,124.13,74478,6,买盘
2615,13:12:36,124.13,186195,15,卖盘
2616,13:12:39,124.13,49652,4,卖盘
2617,13:12:42,124.13,37239,3,卖盘
2618,13:12:45,124.13,260673,21,卖盘
2619,13:12:48,124.12,74468,6,卖盘
2620,13:12:51,124.12,12412,1,买盘
2621,13:12:54,124.13,471694,38,买盘
2622,13:12:57,124.13,782019,63,卖盘
2623,13:13:00,124.12,223409,18,中性盘
2624,13:13:03,124.13,422044,34,买盘
2625,13:13:06,124.14,111704,9,中性盘
2626,13:13:09,124.12,173788,14,中性盘
2627,13:13:12,124.14,37242,3,中性盘
2628,13:13:15,124.14,24828,2,买盘
2629,13:13:18,124.14,49655,4,买盘
2630,13:13:21,124.14,74484,6,买盘
2631,13:13:24,124.14,24828,2,卖盘
2632,13:13:27,124.14,434484,35,卖盘
2633,13:13:30,124.14,74476,6,买盘
2634,13:13:36,124.14,49654,4,买盘
2635,13:13:39,124.13,24826,2,卖盘
2636,13:13:42,124.13,37239,3,买盘
2637,13:13:45,124.12,161364,13,卖盘
2638,13:13:48,124.11,74473,6,卖盘
2639,13:13:51,124.11,781866,63,卖盘
2640,13:13:54,124.11,198566,16,买盘
2641,13:13:57,124.08,608095,49,卖盘
2642,13:14:00,124.1,99272,8,买盘
2643,13:14:03,124.08,161304,13,中性盘
2644,13:14:06,124.07,37221,3,卖盘
2645,13:14:09,124.07,37222,3,卖盘
2646,13:14:12,124.08,136478,11,买盘
2647,13:14:15,124.06,173693,14,卖盘
2648,13:14:18,124.06,99252,8,卖盘
2649,13:14:21,124.06,136474,11,卖盘
2650,13:14:27,124.05,111651,9,卖盘
2651,13:14:30,124.05,173674,14,卖盘
2652,13:14:33,124.05,148868,12,卖盘
2653,13:14:36,124.05,533415,43,卖盘
2654,13:14:39,124.05,74422,6,买盘
2655,13:14:42,124.05,37213,3,买盘
2656,13:14:45,124.03,86823,7,卖盘
2657,13:14:48,124.04,49613,4,买盘
2658,13:14:51,124.04,210865,17,买盘
2659,13:14:54,124.03,186031,15,卖盘
2660,13:15:00,124.01,24802,2,卖盘
2661,13:15:03,124.02,24803,2,买盘
2662,13:15:06,124.02,62010,5,买盘
2663,13:15:09,124.03,24805,2,买盘
2664,13:15:12,124.01,37205,3,卖盘
2665,13:15:15,124.03,99219,8,买盘
2666,13:15:18,124.01,111621,9,卖盘
2667,13:15:21,124.02,86816,7,中性盘
2668,13:15:24,124.02,12402,1,卖盘
2669,13:15:27,124.04,198448,16,买盘
2670,13:15:30,124.05,260485,21,买盘
2671,13:15:33,124.04,161255,13,卖盘
2672,13:15:36,124.04,99235,8,卖盘
2673,13:15:39,124.05,260493,21,买盘
2674,13:15:42,124.05,124047,10,买盘
2675,13:15:45,124.05,49616,4,买盘
2676,13:15:48,124.06,521015,42,买盘
2677,13:15:51,124.08,136464,11,买盘
2678,13:15:54,124.07,86839,7,中性盘
2679,13:15:57,124.08,111672,9,买盘
2680,13:16:00,124.1,124089,10,买盘
2681,13:16:03,124.08,198554,16,卖盘
2682,13:16:06,124.09,198537,16,买盘
2683,13:16:09,124.09,37227,3,卖盘
2684,13:16:12,124.09,24817,2,买盘
2685,13:16:15,124.11,533624,43,买盘
2686,13:16:21,124.1,173721,14,中性盘
2687,13:16:27,124.12,198589,16,买盘
2688,13:16:30,124.11,12411,1,买盘
2689,13:16:36,124.1,335086,27,卖盘
2690,13:16:39,124.1,37230,3,买盘
2691,13:16:42,124.1,62048,5,买盘
2692,13:16:45,124.1,24820,2,买盘
2693,13:16:48,124.1,235790,19,买盘
2694,13:16:51,124.09,124098,10,卖盘
2695,13:16:54,124.1,37231,3,卖盘
2696,13:16:57,124.11,49643,4,买盘
2697,13:17:00,124.12,161352,13,买盘
2698,13:17:03,124.12,62054,5,中性盘
2699,13:17:06,124.1,186153,15,卖盘
2700,13:17:09,124.1,49637,4,买盘
2701,13:17:12,124.09,37228,3,卖盘
2702,13:17:15,124.1,62052,5,买盘
2703,13:17:18,124.12,12412,1,买盘
2704,13:17:21,124.12,62052,5,中性盘
2705,13:17:24,124.12,24824,2,买盘
2706,13:17:27,124.12,24822,2,买盘
2707,13:17:30,124.12,74472,6,买盘
2708,13:17:33,124.12,136512,11,买盘
2709,13:17:42,124.13,99301,8,买盘
2710,13:17:45,124.12,198612,16,卖盘
2711,13:17:51,124.13,49655,4,卖盘
2712,13:17:54,124.12,148953,12,卖盘
2713,13:17:57,124.13,12413,1,中性盘
2714,13:18:00,124.14,24827,2,买盘
2715,13:18:03,124.12,173804,14,卖盘
2716,13:18:06,124.15,99316,8,买盘
2717,13:18:09,124.14,12414,1,中性盘
2718,13:18:15,124.12,37236,3,卖盘
2719,13:18:18,124.12,12412,1,卖盘
2720,13:18:21,124.12,223459,18,卖盘
2721,13:18:27,124.12,37236,3,卖盘
2722,13:18:30,124.12,49648,4,买盘
2723,13:18:36,124.13,12413,1,买盘
2724,13:18:39,124.11,86884,7,卖盘
2725,13:18:42,124.11,37237,3,卖盘
2726,13:18:45,124.13,86889,7,买盘
2727,13:18:48,124.13,37239,3,买盘
2728,13:18:51,124.12,12412,1,卖盘
2729,13:18:54,124.11,12411,1,卖盘
2730,13:18:57,124.11,24822,2,卖盘
2731,13:19:00,124.13,86886,7,买盘
2732,13:19:06,124.14,24827,2,买盘
2733,13:19:09,124.15,154314,12,买盘
2734,13:19:12,124.14,19491,2,卖盘
2735,13:19:15,124.13,124134,10,卖盘
2736,13:19:18,124.15,49657,4,买盘
2737,13:19:21,124.15,99311,8,买盘
2738,13:19:24,124.14,62064,5,中性盘
2739,13:19:27,124.15,62065,5,买盘
2740,13:19:30,124.15,12415,1,买盘
2741,13:19:33,124.15,99306,8,买盘
2742,13:19:36,124.14,12414,1,中性盘
2743,13:19:39,124.15,37245,3,买盘
2744,13:19:42,124.13,37241,3,中性盘
2745,13:19:45,124.14,186216,15,买盘
2746,13:19:48,124.14,148968,12,买盘
2747,13:19:51,124.12,62062,5,卖盘
2748,13:19:54,124.14,37242,3,买盘
2749,13:19:57,124.14,173796,14,买盘
2750,13:20:00,124.12,24824,2,卖盘
2751,13:20:03,124.12,62061,5,卖盘
2752,13:20:12,124.12,148945,12,卖盘
2753,13:20:15,124.11,533710,43,卖盘
2754,13:20:18,124.12,62059,5,买盘
2755,13:20:24,124.12,148945,12,买盘
2756,13:20:27,124.13,198605,16,买盘
2757,13:20:30,124.12,62059,5,买盘
2758,13:20:33,124.11,12411,1,卖盘
2759,13:20:36,124.11,49644,4,卖盘
2760,13:20:42,124.12,136525,11,买盘
2761,13:20:45,124.12,124119,10,买盘
2762,13:20:48,124.12,173768,14,买盘
2763,13:20:51,124.12,49648,4,买盘
2764,13:20:54,124.13,62065,5,买盘
2765,13:20:57,124.13,24825,2,买盘
2766,13:21:00,124.13,74473,6,买盘
2767,13:21:03,124.12,223438,18,卖盘
2768,13:21:06,124.13,24826,2,买盘
2769,13:21:15,124.12,347563,28,卖盘
2770,13:21:21,124.12,533726,43,卖盘
2771,13:21:24,124.12,459223,37,卖盘
2772,13:21:27,124.12,37236,3,卖盘
2773,13:21:30,124.13,372386,30,买盘
2774,13:21:33,124.1,86872,7,卖盘
2775,13:21:36,124.1,260610,21,卖盘
2776,13:21:39,124.09,49638,4,卖盘
2777,13:21:42,124.09,12409,1,卖盘
2778,13:21:45,124.1,111690,9,买盘
2779,13:21:48,124.1,24819,2,买盘
2780,13:21:51,124.12,508844,41,买盘
2781,13:21:54,124.09,24818,2,卖盘
2782,13:21:57,124.09,12409,1,卖盘
2783,13:22:00,124.09,62046,5,卖盘
2784,13:22:03,124.09,297835,24,卖盘
2785,13:22:06,124.09,74454,6,卖盘
2786,13:22:09,124.09,136499,11,买盘
2787,13:22:12,124.08,74452,6,卖盘
2788,13:22:15,124.09,136508,11,中性盘
2789,13:22:18,124.09,37227,3,卖盘
2790,13:22:21,124.08,198572,16,卖盘
2791,13:22:24,124.08,49634,4,卖盘
2792,13:22:27,124.08,248218,20,卖盘
2793,13:22:30,124.08,99274,8,卖盘
2794,13:22:33,124.09,12409,1,中性盘
2795,13:22:36,124.08,86864,7,卖盘
2796,13:22:39,124.09,49638,4,中性盘
2797,13:22:42,124.1,99272,8,买盘
2798,13:22:45,124.1,285424,23,买盘
2799,13:22:48,124.08,86862,7,卖盘
2800,13:22:51,124.09,24818,2,买盘
2801,13:22:54,124.09,49634,4,买盘
2802,13:22:57,124.08,37224,3,卖盘
2803,13:23:03,124.09,136498,11,买盘
2804,13:23:06,124.08,62043,5,卖盘
2805,13:23:09,124.08,186134,15,卖盘
2806,13:23:12,124.11,248194,20,买盘
2807,13:23:15,124.12,198558,16,买盘
2808,13:23:21,124.13,24826,2,买盘
2809,13:23:24,124.13,99304,8,买盘
2810,13:23:27,124.11,248250,20,卖盘
2811,13:23:30,124.09,62049,5,卖盘
2812,13:23:36,124.12,12412,1,中性盘
2813,13:23:42,124.12,49648,4,买盘
2814,13:23:45,124.1,99287,8,卖盘
2815,13:23:48,124.09,62047,5,卖盘
2816,13:23:51,124.1,62050,5,买盘
2817,13:23:54,124.11,335070,27,买盘
2818,13:23:57,124.12,136527,11,买盘
2819,13:24:00,124.11,198579,16,卖盘
2820,13:24:03,124.11,74463,6,买盘
2821,13:24:06,124.1,49640,4,卖盘
2822,13:24:09,124.1,86870,7,买盘
2823,13:24:12,124.1,173743,14,买盘
2824,13:24:15,124.1,74461,6,买盘
2825,13:24:21,124.1,173740,14,卖盘
2826,13:24:24,124.09,86866,7,卖盘
2827,13:24:30,124.09,186148,15,卖盘
2828,13:24:33,124.11,930752,75,买盘
2829,13:24:36,124.09,161319,13,卖盘
2830,13:24:39,124.1,210955,17,中性盘
2831,13:24:42,124.1,62049,5,卖盘
2832,13:24:45,124.1,37230,3,买盘
2833,13:24:48,124.09,24819,2,卖盘
2834,13:24:51,124.1,359890,29,买盘
2835,13:24:54,124.1,62050,5,卖盘
2836,13:24:57,124.11,186156,15,买盘
2837,13:25:00,124.11,62052,5,买盘
2838,13:25:03,124.11,148925,12,买盘
2839,13:25:06,124.1,62050,5,卖盘
2840,13:25:09,124.11,198573,16,买盘
2841,13:25:12,124.11,695016,56,买盘
2842,13:25:15,124.11,74465,6,卖盘
2843,13:25:18,124.1,856311,69,卖盘
2844,13:25:21,124.12,409568,33,买盘
2845,13:25:24,124.11,111699,9,卖盘
2846,13:25:27,124.11,322693,26,卖盘
2847,13:25:30,124.1,260627,21,卖盘
2848,13:25:33,124.12,148942,12,买盘
2849,13:25:36,124.11,24822,2,买盘
2850,13:25:39,124.1,37231,3,卖盘
2851,13:25:42,124.11,335075,27,买盘
2852,13:25:45,124.1,12410,1,卖盘
2853,13:25:48,124.1,285439,23,卖盘
2854,13:25:51,124.11,124104,10,买盘
2855,13:25:54,124.1,24820,2,卖盘
2856,13:25:57,124.1,583272,47,卖盘
2857,13:26:00,124.09,248186,20,卖盘
2858,13:26:03,124.1,322660,26,买盘
2859,13:26:06,124.1,173739,14,买盘
2860,13:26:09,124.1,186139,15,买盘
2861,13:26:12,124.1,37229,3,买盘
2862,13:26:15,124.09,99272,8,卖盘
2863,13:26:18,124.1,260608,21,买盘
2864,13:26:21,124.1,12410,1,中性盘
2865,13:26:24,124.09,74457,6,卖盘
2866,13:26:27,124.09,918276,74,卖盘
2867,13:26:30,124.09,285385,23,买盘
2868,13:26:33,124.08,297807,24,卖盘
2869,13:26:36,124.09,12409,1,买盘
2870,13:26:39,124.09,111681,9,买盘
2871,13:26:45,124.09,186121,15,买盘
2872,13:26:48,124.09,74449,6,买盘
2873,13:26:51,124.08,285384,23,卖盘
2874,13:26:54,124.08,62040,5,买盘
2875,13:26:57,124.08,49632,4,买盘
2876,13:27:00,124.07,471471,38,卖盘
2877,13:27:03,124.07,223340,18,卖盘
2878,13:27:06,124.08,334995,27,买盘
2879,13:27:09,124.08,74447,6,买盘
2880,13:27:12,124.08,136481,11,买盘
2881,13:27:15,124.07,49629,4,卖盘
2882,13:27:18,124.07,111666,9,中性盘
2883,13:27:21,124.08,74447,6,买盘
2884,13:27:24,124.07,86849,7,卖盘
2885,13:27:27,124.08,12408,1,买盘
2886,13:27:30,124.08,24816,2,买盘
2887,13:27:33,124.08,86855,7,买盘
2888,13:27:36,124.07,496308,40,卖盘
2889,13:27:39,124.06,148880,12,卖盘
2890,13:27:42,124.06,583206,47,卖盘
2891,13:27:45,124.06,347370,28,卖盘
2892,13:27:48,124.06,86842,7,卖盘
2893,13:27:51,124.06,74436,6,卖盘
2894,13:27:54,124.07,62035,5,买盘
2895,13:27:57,124.06,1141439,92,卖盘
2896,13:28:00,124.07,1712168,138,买盘
2897,13:28:03,124.07,421875,34,卖盘
2898,13:28:06,124.07,12407,1,卖盘
2899,13:28:09,124.09,12409,1,买盘
2900,13:28:12,124.07,62035,5,卖盘
2901,13:28:15,124.08,62040,5,买盘
2902,13:28:18,124.07,99261,8,卖盘
2903,13:28:21,124.08,620352,50,买盘
2904,13:28:24,124.07,12407,1,中性盘
2905,13:28:27,124.06,260542,21,卖盘
2906,13:28:30,124.08,86848,7,买盘
2907,13:28:33,124.08,136484,11,买盘
2908,13:28:36,124.07,37221,3,中性盘
2909,13:28:39,124.08,111660,9,买盘
2910,13:28:42,124.06,24814,2,卖盘
2911,13:28:45,124.06,421838,34,卖盘
2912,13:28:48,124.08,99253,8,买盘
2913,13:28:54,124.08,12408,1,买盘
2914,13:28:57,124.08,111672,9,买盘
2915,13:29:00,124.08,111672,9,卖盘
2916,13:29:03,124.08,37224,3,买盘
2917,13:29:06,124.09,198544,16,买盘
2918,13:29:12,124.07,37223,3,卖盘
2919,13:29:15,124.08,235738,19,中性盘
2920,13:29:18,124.07,49629,4,卖盘
2921,13:29:21,124.08,37223,3,买盘
2922,13:29:24,124.07,148893,12,卖盘
2923,13:29:27,124.09,86859,7,买盘
2924,13:29:30,124.07,62038,5,卖盘
2925,13:29:33,124.07,62035,5,卖盘
2926,13:29:36,124.07,99256,8,卖盘
2927,13:29:39,124.08,86856,7,买盘
2928,13:29:42,124.07,37221,3,卖盘
2929,13:29:45,124.08,37224,3,卖盘
2930,13:29:48,124.07,235745,19,卖盘
2931,13:29:51,124.09,136489,11,买盘
2932,13:29:54,124.07,49630,4,卖盘
2933,13:29:57,124.07,24815,2,卖盘
2934,13:30:00,124.09,12409,1,买盘
2935,13:30:03,124.07,24814,2,卖盘
2936,13:30:06,124.07,62036,5,卖盘
2937,13:30:09,124.07,24814,2,卖盘
2938,13:30:12,124.07,74446,6,卖盘
2939,13:30:15,124.07,37222,3,卖盘
2940,13:30:18,124.07,124071,10,卖盘
2941,13:30:21,124.07,62035,5,卖盘
2942,13:30:24,124.07,111663,9,买盘
2943,13:30:27,124.07,372224,30,卖盘
2944,13:30:33,124.07,49628,4,卖盘
2945,13:30:36,124.08,12408,1,中性盘
2946,13:30:39,124.08,49632,4,卖盘
2947,13:30:42,124.08,62040,5,卖盘
2948,13:30:45,124.08,24816,2,卖盘
2949,13:30:48,124.07,210939,17,卖盘
2950,13:30:51,124.07,198514,16,卖盘
2951,13:30:54,124.08,62038,5,买盘
2952,13:31:00,124.07,62037,5,卖盘
2953,13:31:03,124.08,24816,2,买盘
2954,13:31:06,124.08,198528,16,买盘
2955,13:31:09,124.08,5582752,450,买盘
2956,13:31:12,124.05,124052,10,卖盘
2957,13:31:15,124.06,682301,55,买盘
2958,13:31:18,124.05,74430,6,卖盘
2959,13:31:21,124.07,62033,5,买盘
2960,13:31:24,124.06,74436,6,卖盘
2961,13:31:27,124.07,37220,3,买盘
2962,13:31:30,124.06,12406,1,卖盘
2963,13:31:33,124.06,210905,17,卖盘
2964,13:31:36,124.07,74441,6,买盘
2965,13:31:39,124.06,148873,12,卖盘
2966,13:31:42,124.06,24812,2,卖盘
2967,13:31:45,124.06,49624,4,卖盘
2968,13:31:48,124.07,124065,10,买盘
2969,13:31:51,124.06,12406,1,卖盘
2970,13:31:54,124.06,161280,13,卖盘
2971,13:31:57,124.06,37218,3,卖盘
2972,13:32:00,124.06,99248,8,卖盘
2973,13:32:03,124.07,124069,10,买盘
2974,13:32:06,124.07,136473,11,买盘
2975,13:32:09,124.06,49626,4,卖盘
2976,13:32:12,124.06,24812,2,卖盘
2977,13:32:15,124.06,111654,9,卖盘
2978,13:32:18,124.07,285361,23,买盘
2979,13:32:21,124.07,49628,4,买盘
2980,13:32:24,124.07,24814,2,买盘
2981,13:32:27,124.07,459030,37,买盘
2982,13:32:30,124.07,24814,2,卖盘
2983,13:32:33,124.07,186105,15,卖盘
2984,13:32:36,124.08,372210,30,买盘
2985,13:32:39,124.08,223310,18,买盘
2986,13:32:42,124.08,12408,1,买盘
2987,13:32:45,124.06,24813,2,卖盘
2988,13:32:51,124.06,49626,4,卖盘
2989,13:32:54,124.06,161284,13,卖盘
2990,13:32:57,124.08,161304,13,买盘
2991,13:33:00,124.08,74441,6,买盘
2992,13:33:03,124.06,99262,8,卖盘
2993,13:33:06,124.07,62032,5,买盘
2994,13:33:09,124.07,86845,7,买盘
2995,13:33:12,124.07,49628,4,买盘
2996,13:33:15,124.07,74445,6,中性盘
2997,13:33:18,124.07,111663,9,卖盘
2998,13:33:21,124.07,62036,5,卖盘
2999,13:33:24,124.08,111664,9,买盘
3000,13:33:27,124.08,148896,12,买盘
3001,13:33:30,124.08,12408,1,卖盘
3002,13:33:33,124.08,8562,1,卖盘
3003,13:33:36,124.09,893406,72,买盘
3004,13:33:39,124.08,41072,3,卖盘
3005,13:33:42,124.09,210951,17,买盘
3006,13:33:45,124.07,37221,3,卖盘
3007,13:33:48,124.09,49636,4,买盘
3008,13:33:51,124.08,37226,3,卖盘
3009,13:33:54,124.09,24818,2,买盘
3010,13:33:57,124.09,20971,2,买盘
3011,13:34:00,124.09,24818,2,卖盘
3012,13:34:03,124.1,595646,48,买盘
3013,13:34:06,124.11,1352566,109,买盘
3014,13:34:09,124.12,297888,24,买盘
3015,13:34:12,124.1,372353,30,卖盘
3016,13:34:15,124.14,74479,6,买盘
