,成交时间,成交价格,成交金额,成交量,性质
0,09:25:00,123.5,5508100,446,卖盘
1,09:30:00,123.7,309116,25,买盘
2,09:30:03,123.7,5802496,469,买盘
3,09:30:06,123.7,2685405,217,卖盘
4,09:30:09,123.7,1435172,116,卖盘
5,09:30:12,123.71,890590,72,卖盘
6,09:30:15,123.71,1522447,123,买盘
7,09:30:18,123.69,1063863,86,卖盘
8,09:30:21,123.7,1224817,99,买盘
9,09:30:24,123.7,866489,70,卖盘
10,09:30:27,123.7,828859,67,卖盘
11,09:30:30,123.6,3155492,255,卖盘
12,09:30:33,123.69,717504,58,中性盘
13,09:30:36,123.74,1373150,111,买盘
14,09:30:39,123.74,395998,32,卖盘
15,09:30:42,123.8,965486,78,买盘
16,09:30:45,123.75,964647,78,中性盘
17,09:30:48,123.75,296811,24,买盘
18,09:30:51,123.63,1347854,109,卖盘
19,09:30:54,123.65,1248763,101,买盘
20,09:30:57,123.7,370905,30,买盘
21,09:31:00,123.7,1174403,95,买盘
22,09:31:03,123.6,915154,74,卖盘
23,09:31:06,123.59,605885,49,卖盘
24,09:31:09,123.7,2523154,204,买盘
25,09:31:12,123.69,704845,57,卖盘
26,09:31:15,123.69,222514,18,中性盘
27,09:31:18,123.62,605939,49,卖盘
28,09:31:21,123.7,3388935,274,买盘
29,09:31:24,123.68,766840,62,卖盘
30,09:31:27,123.68,333946,27,卖盘
31,09:31:30,123.63,358628,29,卖盘
32,09:31:33,123.61,902450,73,卖盘
33,09:31:36,123.63,902382,73,中性盘
34,09:31:39,123.69,1607760,130,买盘
35,09:31:42,123.69,977126,79,卖盘
36,09:31:45,123.61,1075542,87,卖盘
37,09:31:48,123.6,877577,71,卖盘
38,09:31:51,123.61,1445958,117,买盘
39,09:31:54,123.59,902298,73,卖盘
40,09:31:57,123.6,1495245,121,中性盘
41,09:32:00,123.59,1334932,108,卖盘
42,09:32:03,123.6,1717982,139,买盘
43,09:32:06,123.59,519103,42,卖盘
44,09:32:09,123.6,976403,79,买盘
45,09:32:12,123.6,729255,59,卖盘
46,09:32:15,123.6,1038278,84,卖盘
47,09:32:18,123.6,2076484,168,卖盘
48,09:32:21,123.6,1594317,129,买盘
49,09:32:24,123.6,247202,20,中性盘
50,09:32:27,123.61,222487,18,买盘
51,09:32:30,123.65,3784476,306,买盘
52,09:32:33,123.71,346211,28,买盘
53,09:32:36,123.77,668185,54,买盘
54,09:32:39,123.75,383615,31,中性盘
55,09:32:42,123.77,210397,17,买盘
56,09:32:45,123.77,816830,66,买盘
57,09:32:48,123.77,878750,71,卖盘
58,09:32:51,123.78,470346,38,买盘
59,09:32:54,123.78,668400,54,买盘
60,09:32:57,123.74,2079199,168,卖盘
61,09:33:00,123.78,1286694,104,买盘
62,09:33:03,123.73,865728,70,中性盘
63,09:33:06,123.73,247376,20,买盘
64,09:33:09,123.61,877720,71,卖盘
65,09:33:12,123.58,1409003,114,卖盘
66,09:33:15,123.54,1186407,96,卖盘
67,09:33:18,123.55,345901,28,买盘
68,09:33:21,123.55,469473,38,买盘
69,09:33:24,123.55,358279,29,买盘
70,09:33:27,123.55,111197,9,卖盘
71,09:33:30,123.55,358307,29,卖盘
72,09:33:33,123.56,1025520,83,买盘
73,09:33:36,123.57,49428,4,买盘
74,09:33:39,123.6,98862,8,买盘
75,09:33:42,123.6,568521,46,买盘
76,09:33:45,123.58,210094,17,卖盘
77,09:33:48,123.58,531451,43,中性盘
78,09:33:51,123.58,123582,10,卖盘
79,09:33:54,123.59,1112121,90,买盘
80,09:33:57,123.6,951647,77,买盘
81,09:34:00,123.6,1062765,86,卖盘
82,09:34:03,123.58,766079,62,中性盘
83,09:34:06,123.53,1309582,106,卖盘
84,09:34:09,123.57,704228,57,买盘
85,09:34:12,123.51,432396,35,卖盘
86,09:34:15,123.57,172990,14,买盘
87,09:34:18,123.55,123542,10,卖盘
88,09:34:21,123.55,333558,27,买盘
89,09:34:24,123.52,222379,18,卖盘
90,09:34:27,123.51,284081,23,卖盘
91,09:34:30,123.53,271746,22,买盘
92,09:34:33,123.5,10682747,865,卖盘
93,09:34:36,123.51,1519219,123,买盘
94,09:34:39,123.5,333497,27,卖盘
95,09:34:42,123.5,753363,61,卖盘
96,09:34:45,123.52,605177,49,买盘
97,09:34:48,123.5,395209,32,卖盘
98,09:34:51,123.49,518674,42,卖盘
99,09:34:54,123.5,827484,67,买盘
100,09:34:57,123.5,1210292,98,卖盘
101,09:35:00,123.46,234611,19,卖盘
102,09:35:03,123.45,543255,44,卖盘
103,09:35:06,123.49,1975962,160,中性盘
104,09:35:09,123.46,753315,61,卖盘
105,09:35:12,123.49,2099586,170,买盘
106,09:35:15,123.51,259416,21,中性盘
107,09:35:18,123.5,518740,42,卖盘
108,09:35:21,123.5,432223,35,卖盘
109,09:35:24,123.5,333468,27,中性盘
110,09:35:27,123.51,815155,66,买盘
111,09:35:30,123.51,321126,26,买盘
112,09:35:33,123.51,1296766,105,买盘
113,09:35:36,123.51,802829,65,买盘
114,09:35:39,123.5,741058,60,卖盘
115,09:35:42,123.5,148211,12,卖盘
116,09:35:45,123.53,296421,24,买盘
117,09:35:48,123.52,382900,31,中性盘
118,09:35:51,123.51,382937,31,卖盘
119,09:35:54,123.51,469312,38,买盘
120,09:35:57,123.51,506388,41,买盘
121,09:36:00,123.53,148219,12,买盘
122,09:36:03,123.54,753513,61,买盘
123,09:36:06,123.53,148235,12,卖盘
124,09:36:09,123.54,271795,22,中性盘
125,09:36:12,123.59,148250,12,买盘
126,09:36:15,123.55,173001,14,卖盘
127,09:36:18,123.52,667215,54,卖盘
128,09:36:21,123.52,457096,37,卖盘
129,09:36:24,123.52,259413,21,卖盘
130,09:36:27,123.53,481789,39,卖盘
131,09:36:30,123.53,580591,47,卖盘
132,09:36:33,123.51,345858,28,卖盘
133,09:36:36,123.52,432338,35,中性盘
134,09:36:39,123.52,148223,12,卖盘
135,09:36:42,123.52,98812,8,卖盘
136,09:36:45,123.52,778156,63,买盘
137,09:36:48,123.52,1074631,87,买盘
138,09:36:51,123.51,2284807,185,卖盘
139,09:36:54,123.51,321128,26,卖盘
140,09:36:57,123.53,1593460,129,买盘
141,09:37:00,123.52,271765,22,卖盘
142,09:37:03,123.47,2531459,205,卖盘
143,09:37:06,123.46,1234708,100,中性盘
144,09:37:09,123.4,592393,48,卖盘
145,09:37:12,123.4,567744,46,卖盘
146,09:37:15,123.4,629457,51,卖盘
147,09:37:18,123.4,974890,79,卖盘
148,09:37:21,123.39,419583,34,卖盘
149,09:37:24,123.41,654008,53,买盘
150,09:37:27,123.39,357830,29,中性盘
151,09:37:30,123.38,259117,21,卖盘
152,09:37:33,123.39,1036480,84,买盘
153,09:37:36,123.39,357838,29,卖盘
154,09:37:39,123.38,851355,69,卖盘
155,09:37:42,123.39,160397,13,买盘
156,09:37:45,123.38,641587,52,中性盘
157,09:37:48,123.38,518188,42,卖盘
158,09:37:51,123.37,259087,21,中性盘
159,09:37:54,123.37,740174,60,买盘
160,09:37:57,123.36,333107,27,卖盘
161,09:38:00,123.38,641464,52,买盘
162,09:38:03,123.34,394728,32,卖盘
163,09:38:06,123.33,283675,23,卖盘
164,09:38:09,123.33,456318,37,卖盘
165,09:38:12,123.32,517915,42,卖盘
166,09:38:15,123.31,431598,35,卖盘
167,09:38:18,123.3,209617,17,卖盘
168,09:38:21,123.3,345248,28,卖盘
169,09:38:24,123.29,900079,73,卖盘
170,09:38:27,123.25,641043,52,卖盘
171,09:38:30,123.25,357455,29,卖盘
172,09:38:33,123.26,751718,61,买盘
173,09:38:36,123.23,788762,64,卖盘
174,09:38:39,123.26,357470,29,卖盘
175,09:38:42,123.28,3129584,254,买盘
176,09:38:45,123.21,1047811,85,卖盘
177,09:38:48,123.25,456006,37,卖盘
178,09:38:51,123.22,505214,41,卖盘
179,09:38:54,123.23,332712,27,卖盘
180,09:38:57,123.2,603750,49,卖盘
181,09:39:00,123.22,406636,33,卖盘
182,09:39:03,123.21,628308,51,中性盘
183,09:39:06,123.2,603676,49,卖盘
184,09:39:09,123.19,689871,56,中性盘
185,09:39:12,123.19,1490444,121,卖盘
186,09:39:15,123.19,1503060,122,卖盘
187,09:39:18,123.3,2353804,191,买盘
188,09:39:21,123.2,912031,74,卖盘
189,09:39:24,123.25,234203,19,买盘
190,09:39:27,123.25,468310,38,买盘
191,09:39:30,123.24,677877,55,卖盘
192,09:39:33,123.25,332758,27,中性盘
193,09:39:36,123.26,492999,40,中性盘
194,09:39:39,123.28,283491,23,买盘
195,09:39:42,123.27,838282,68,卖盘
196,09:39:45,123.28,345138,28,买盘
197,09:39:48,123.24,554643,45,卖盘
198,09:39:51,123.25,258810,21,买盘
199,09:39:54,123.25,1257275,102,买盘
200,09:39:57,123.25,308098,25,中性盘
201,09:40:00,123.25,345083,28,买盘
202,09:40:03,123.22,455977,37,卖盘
203,09:40:06,123.22,221790,18,卖盘
204,09:40:09,123.21,566818,46,卖盘
205,09:40:12,123.22,246428,20,买盘
206,09:40:15,123.22,714620,58,买盘
207,09:40:18,123.21,1034968,84,卖盘
208,09:40:21,123.22,554478,45,买盘
209,09:40:24,123.23,98579,8,买盘
210,09:40:27,123.21,591461,48,卖盘
211,09:40:30,123.22,369659,30,买盘
212,09:40:33,123.22,406633,33,卖盘
213,09:40:36,123.22,961130,78,卖盘
214,09:40:39,123.23,357349,29,买盘
215,09:40:42,123.22,505213,41,卖盘
216,09:40:45,123.22,246449,20,卖盘
217,09:40:48,123.22,542179,44,卖盘
218,09:40:51,123.23,1109056,90,买盘
219,09:40:54,123.23,320400,26,卖盘
220,09:40:57,123.23,135556,11,卖盘
221,09:41:00,123.15,6246388,507,卖盘
222,09:41:03,123.1,3238488,263,卖盘
223,09:41:06,123.12,196972,16,买盘
224,09:41:09,123.12,1132348,92,买盘
225,09:41:12,123.1,861762,70,买盘
226,09:41:15,123.07,923185,75,卖盘
227,09:41:18,123.0,6495203,528,卖盘
228,09:41:21,123.07,3923841,319,买盘
229,09:41:24,123.0,3075038,250,卖盘
230,09:41:27,123.0,1156120,94,买盘
231,09:41:30,122.96,1217613,99,中性盘
232,09:41:33,122.99,1672676,136,买盘
233,09:41:36,122.95,590300,48,卖盘
234,09:41:39,122.98,811597,66,中性盘
235,09:41:42,123.06,934754,76,买盘
236,09:41:45,123.05,566009,46,卖盘
237,09:41:48,123.1,861435,70,买盘
238,09:41:51,123.06,98455,8,卖盘
239,09:41:54,123.1,873913,71,买盘
240,09:41:57,123.1,1144658,93,买盘
241,09:42:00,123.1,750893,61,买盘
242,09:42:03,123.14,246262,20,买盘
243,09:42:06,123.15,24635,2,中性盘
244,09:42:09,123.15,307844,25,卖盘
245,09:42:12,123.18,591137,48,买盘
246,09:42:15,123.11,394029,32,卖盘
247,09:42:18,123.1,307786,25,卖盘
248,09:42:21,123.07,627776,51,卖盘
249,09:42:24,123.1,160042,13,中性盘
250,09:42:27,123.11,393915,32,卖盘
251,09:42:30,123.1,517047,42,卖盘
252,09:42:33,123.12,1329601,108,买盘
253,09:42:36,123.11,357023,29,中性盘
254,09:42:39,123.11,726361,59,卖盘
255,09:42:42,123.12,320096,26,卖盘
256,09:42:45,123.11,492425,40,卖盘
257,09:42:48,123.11,578613,47,买盘
258,09:42:51,123.11,357002,29,买盘
259,09:42:54,123.08,4222100,343,卖盘
260,09:42:57,123.08,1747799,142,卖盘
261,09:43:00,123.05,886011,72,卖盘
262,09:43:03,123.05,455198,37,买盘
263,09:43:06,123.12,1870809,152,买盘
264,09:43:09,123.12,467861,38,卖盘
265,09:43:12,123.11,911083,74,卖盘
266,09:43:15,123.09,627695,51,卖盘
267,09:43:18,123.11,1440240,117,买盘
268,09:43:21,123.05,898495,73,卖盘
269,09:43:24,123.07,590822,48,中性盘
270,09:43:27,123.09,160055,13,中性盘
271,09:43:30,123.09,443090,36,买盘
272,09:43:33,123.06,1636801,133,卖盘
273,09:43:36,123.07,455417,37,卖盘
274,09:43:39,123.12,147720,12,中性盘
275,09:43:42,123.1,455454,37,卖盘
276,09:43:45,123.12,1280080,104,买盘
277,09:43:48,123.13,2818765,229,买盘
278,09:43:51,123.08,1969196,160,卖盘
279,09:43:54,123.12,1009498,82,买盘
280,09:43:57,123.1,1058720,86,卖盘
281,09:44:00,123.11,1982155,161,中性盘
282,09:44:03,123.11,196977,16,卖盘
283,09:44:06,123.12,110810,9,卖盘
284,09:44:09,123.12,160062,13,卖盘
285,09:44:12,123.13,307816,25,买盘
286,09:44:15,123.12,233935,19,卖盘
287,09:44:18,123.11,1748280,142,卖盘
288,09:44:21,123.11,2498852,203,卖盘
289,09:44:24,123.1,2794270,227,卖盘
290,09:44:27,123.06,1095361,89,卖盘
291,09:44:30,123.07,1193687,97,中性盘
292,09:44:33,123.08,787645,64,买盘
293,09:44:36,123.06,639965,52,卖盘
294,09:44:39,123.08,4209235,342,买盘
295,09:44:42,123.06,307654,25,卖盘
296,09:44:45,123.05,578357,47,卖盘
297,09:44:48,123.06,553778,45,卖盘
298,09:44:51,123.07,393798,32,买盘
299,09:44:54,123.06,529166,43,卖盘
300,09:44:57,123.06,1156715,94,卖盘
301,09:45:00,123.05,258420,21,卖盘
302,09:45:03,123.06,1710518,139,买盘
303,09:45:06,123.05,221499,18,卖盘
304,09:45:09,123.06,627604,51,买盘
305,09:45:12,123.06,344568,28,卖盘
306,09:45:15,123.06,1181329,96,卖盘
307,09:45:18,123.07,1759818,143,买盘
308,09:45:21,123.07,443032,36,买盘
309,09:45:24,123.06,1193687,97,卖盘
310,09:45:27,123.06,172282,14,买盘
311,09:45:30,123.06,1944295,158,买盘
312,09:45:33,123.07,3273858,266,买盘
313,09:45:36,123.06,701495,57,卖盘
314,09:45:39,123.06,221512,18,卖盘
315,09:45:42,123.07,578496,47,卖盘
316,09:45:45,123.09,2855861,232,买盘
317,09:45:48,123.11,566230,46,中性盘
318,09:45:51,123.1,135432,11,卖盘
319,09:45:54,123.11,344744,28,买盘
320,09:45:57,123.1,541622,44,卖盘
321,09:46:00,123.08,1501704,122,卖盘
322,09:46:03,123.09,812358,66,买盘
323,09:46:06,123.1,73854,6,买盘
324,09:46:09,123.08,467707,38,卖盘
325,09:46:12,123.07,664592,54,卖盘
326,09:46:15,123.09,1464612,119,卖盘
327,09:46:18,123.08,406159,33,卖盘
328,09:46:21,123.07,849205,69,卖盘
329,09:46:24,123.08,960038,78,卖盘
330,09:46:27,123.09,1095412,89,买盘
331,09:46:30,123.09,640052,52,卖盘
332,09:46:33,123.07,270783,22,卖盘
333,09:46:36,123.08,2793556,227,中性盘
334,09:46:39,123.08,1292249,105,卖盘
335,09:46:42,123.07,2231677,181,中性盘
336,09:46:45,123.04,1201708,98,卖盘
337,09:46:48,123.05,3199076,260,买盘
338,09:46:51,123.01,553597,45,卖盘
339,09:46:54,122.91,25666612,2087,卖盘
340,09:46:57,122.9,5211317,424,卖盘
341,09:47:00,122.87,897012,73,卖盘
342,09:47:03,122.85,2739812,223,卖盘
343,09:47:06,122.81,1584338,129,卖盘
344,09:47:09,122.8,11581445,943,卖盘
345,09:47:12,122.82,2861463,233,中性盘
346,09:47:15,122.81,1780718,145,卖盘
347,09:47:18,122.81,2910658,237,卖盘
348,09:47:21,122.82,2014432,164,卖盘
349,09:47:24,122.82,2517876,205,卖盘
350,09:47:27,122.86,1253006,102,买盘
351,09:47:30,122.88,1523596,124,买盘
352,09:47:33,122.87,12993308,1058,卖盘
353,09:47:36,122.85,933631,76,卖盘
354,09:47:39,122.82,835287,68,卖盘
355,09:47:42,122.82,3058735,249,卖盘
356,09:47:45,122.86,921392,75,中性盘
357,09:47:48,122.93,1745099,142,买盘
358,09:47:51,122.93,368785,30,卖盘
359,09:47:54,122.99,270465,22,买盘
360,09:47:57,122.99,786724,64,买盘
361,09:48:00,122.87,418012,34,卖盘
362,09:48:03,122.91,368785,30,卖盘
363,09:48:06,122.91,602131,49,卖盘
364,09:48:09,122.87,258066,21,卖盘
365,09:48:12,122.87,393204,32,中性盘
366,09:48:15,122.87,334872,27,卖盘
367,09:48:18,122.87,307227,25,卖盘
368,09:48:21,122.91,761847,62,买盘
369,09:48:24,122.87,356336,29,卖盘
370,09:48:27,122.87,430054,35,卖盘
371,09:48:30,122.86,294874,24,卖盘
372,09:48:33,122.85,1412811,115,卖盘
373,09:48:36,122.85,884566,72,卖盘
374,09:48:39,122.85,835393,68,卖盘
375,09:48:42,122.85,761685,62,卖盘
376,09:48:45,122.85,405408,33,卖盘
377,09:48:48,122.85,1130170,92,买盘
378,09:48:51,122.84,565087,46,卖盘
379,09:48:54,122.85,368531,30,买盘
380,09:48:57,122.85,6235959,508,买盘
381,09:49:00,122.83,417619,34,卖盘
382,09:49:03,122.81,687798,56,卖盘
383,09:49:06,122.84,503525,41,买盘
384,09:49:09,122.84,1043873,85,买盘
385,09:49:12,122.81,491256,40,卖盘
386,09:49:15,122.81,6287432,512,卖盘
387,09:49:18,122.81,1645671,134,卖盘
388,09:49:21,122.82,2862111,233,中性盘
389,09:49:24,122.81,1375540,112,卖盘
390,09:49:27,122.92,7336364,597,买盘
391,09:49:30,122.91,1315023,107,卖盘
392,09:49:33,122.85,221223,18,卖盘
393,09:49:36,122.85,712593,58,卖盘
394,09:49:39,122.86,270312,22,中性盘
395,09:49:42,122.85,466855,38,卖盘
396,09:49:45,122.87,761650,62,买盘
397,09:49:48,122.85,601984,49,卖盘
398,09:49:51,122.87,196587,16,卖盘
399,09:49:54,122.87,614362,50,买盘
400,09:49:57,122.87,1240820,101,买盘
401,09:50:00,122.87,380908,31,卖盘
402,09:50:03,122.86,540630,44,卖盘
403,09:50:06,122.87,626614,51,买盘
404,09:50:09,122.86,233437,19,卖盘
405,09:50:12,122.86,380866,31,买盘
406,09:50:15,122.86,528298,43,买盘
407,09:50:18,122.86,688019,56,卖盘
408,09:50:21,122.86,1412775,115,中性盘
409,09:50:24,122.83,970417,79,卖盘
410,09:50:27,122.86,761586,62,买盘
411,09:50:30,122.85,773869,63,中性盘
412,09:50:33,122.84,356242,29,卖盘
413,09:50:36,122.84,479078,39,卖盘
414,09:50:39,122.84,626500,51,卖盘
415,09:50:42,122.83,282515,23,卖盘
416,09:50:45,122.84,565034,46,买盘
417,09:50:48,122.82,221087,18,卖盘
418,09:50:51,122.82,294776,24,卖盘
419,09:50:54,122.82,221080,18,卖盘
420,09:50:57,122.81,564946,46,卖盘
421,09:51:00,122.82,503590,41,中性盘
422,09:51:03,122.81,331605,27,卖盘
423,09:51:06,122.82,700037,57,买盘
424,09:51:09,122.81,454400,37,卖盘
425,09:51:12,122.82,908802,74,买盘
426,09:51:15,122.82,749185,61,买盘
427,09:51:18,122.82,626360,51,中性盘
428,09:51:21,122.82,638647,52,卖盘
429,09:51:24,122.81,331586,27,卖盘
430,09:51:27,122.81,577185,47,买盘
431,09:51:30,122.81,700005,57,买盘
432,09:51:33,122.81,2898193,236,卖盘
433,09:51:36,122.8,491216,40,卖盘
434,09:51:39,122.8,785930,64,卖盘
435,09:51:42,122.8,1952588,159,买盘
436,09:51:45,122.79,638523,52,卖盘
437,09:51:48,122.79,1092818,89,卖盘
438,09:51:51,122.79,356065,29,买盘
439,09:51:54,122.79,650762,53,买盘
440,09:51:57,122.79,515693,42,买盘
441,09:52:00,122.79,527970,43,买盘
442,09:52:03,122.79,908635,74,买盘
443,09:52:06,122.79,417488,34,卖盘
444,09:52:09,122.79,429762,35,卖盘
445,09:52:12,122.78,454305,37,卖盘
446,09:52:15,122.77,834885,68,卖盘
447,09:52:18,122.78,7551292,615,买盘
448,09:52:21,122.76,2074826,169,卖盘
449,09:52:24,122.75,3486264,284,卖盘
450,09:52:27,122.73,1202916,98,卖盘
451,09:52:30,122.72,1092236,89,卖盘
452,09:52:33,122.66,12171614,992,卖盘
453,09:52:36,122.65,2575491,210,卖盘
454,09:52:39,122.58,2586879,211,卖盘
455,09:52:42,122.58,1360648,111,卖盘
456,09:52:45,122.55,1090833,89,卖盘
457,09:52:48,122.6,4462181,364,买盘
458,09:52:51,122.66,845978,69,买盘
459,09:52:54,122.66,1079020,88,买盘
460,09:52:57,122.66,1876097,153,卖盘
461,09:53:00,122.66,576536,47,卖盘
462,09:53:03,122.75,1779714,145,买盘
463,09:53:06,122.75,711531,58,买盘
464,09:53:09,122.72,380460,31,卖盘
465,09:53:12,122.77,355935,29,买盘
466,09:53:15,122.75,147309,12,卖盘
467,09:53:18,122.77,355987,29,买盘
468,09:53:21,122.77,773377,63,买盘
469,09:53:24,122.78,466516,38,买盘
470,09:53:27,122.77,564764,46,卖盘
471,09:53:30,122.78,282367,23,买盘
472,09:53:33,122.75,1485348,121,卖盘
473,09:53:36,122.76,503347,41,卖盘
474,09:53:39,122.75,687428,56,卖盘
475,09:53:42,122.75,257771,21,卖盘
476,09:53:45,122.75,282276,23,买盘
477,09:53:48,122.72,319123,26,卖盘
478,09:53:51,122.73,454129,37,买盘
479,09:53:54,122.58,9319701,760,卖盘
480,09:53:57,122.57,1605758,131,卖盘
481,09:54:00,122.57,1115309,91,买盘
482,09:54:03,122.57,1470862,120,买盘
483,09:54:06,122.63,1091276,89,买盘
484,09:54:09,122.61,899182,73,卖盘
485,09:54:12,122.63,331145,27,中性盘
486,09:54:15,122.69,147183,12,买盘
487,09:54:18,122.68,208480,17,买盘
488,09:54:21,122.69,1275502,104,买盘
489,09:54:24,122.69,343639,28,卖盘
490,09:54:27,122.7,392740,32,中性盘
491,09:54:30,122.77,110460,9,买盘
492,09:54:33,122.78,220924,18,卖盘
493,09:54:36,122.79,184189,15,买盘
494,09:54:39,122.83,61402,5,中性盘
495,09:54:42,122.82,257901,21,中性盘
496,09:54:45,122.84,233373,19,买盘
497,09:54:48,122.82,442194,36,卖盘
498,09:54:51,122.84,479158,39,卖盘
499,09:54:54,122.9,98299,8,买盘
500,09:54:57,122.9,258085,21,买盘
501,09:55:00,122.95,122905,10,买盘
502,09:55:03,122.87,39622837,3229,卖盘
503,09:55:06,122.69,1890472,154,卖盘
504,09:55:09,122.66,1103846,90,卖盘
505,09:55:12,122.61,1202010,98,卖盘
506,09:55:15,122.66,1018250,83,中性盘
507,09:55:18,122.7,110426,9,中性盘
508,09:55:21,122.7,343508,28,买盘
509,09:55:24,122.7,257647,21,买盘
510,09:55:27,122.7,637964,52,买盘
511,09:55:30,122.66,785120,64,卖盘
512,09:55:33,122.6,12211811,996,卖盘
513,09:55:36,122.6,2758339,225,买盘
514,09:55:39,122.59,760076,62,中性盘
515,09:55:42,122.58,845850,69,卖盘
516,09:55:45,122.58,833564,68,卖盘
517,09:55:48,122.59,502620,41,中性盘
518,09:55:51,122.6,698799,57,买盘
519,09:55:54,122.6,1042070,85,买盘
520,09:55:57,122.6,147129,12,卖盘
521,09:56:00,122.66,232994,19,买盘
522,09:56:03,122.61,282018,23,卖盘
523,09:56:06,122.66,441578,36,买盘
524,09:56:09,122.65,551888,45,卖盘
525,09:56:12,122.66,355575,29,中性盘
526,09:56:15,122.65,331105,27,卖盘
527,09:56:18,122.67,355703,29,买盘
528,09:56:21,122.66,98137,8,卖盘
529,09:56:24,122.66,392574,32,卖盘
530,09:56:27,122.65,1042763,85,卖盘
531,09:56:30,122.67,1851922,151,中性盘
532,09:56:33,122.67,318903,26,中性盘
533,09:56:36,122.66,871113,71,中性盘
534,09:56:39,122.66,85867,7,卖盘
535,09:56:42,122.66,294415,24,卖盘
536,09:56:45,122.59,11941744,974,卖盘
537,09:56:48,122.59,1250389,102,卖盘
538,09:56:51,122.58,1532388,125,卖盘
539,09:56:54,122.6,1054303,86,买盘
540,09:56:57,122.6,429062,35,买盘
541,09:57:00,122.59,490367,40,卖盘
542,09:57:03,122.59,576145,47,买盘
543,09:57:06,122.59,453555,37,买盘
544,09:57:09,122.59,735501,60,买盘
545,09:57:12,122.59,1519943,124,买盘
546,09:57:15,122.59,600700,49,买盘
547,09:57:18,122.6,490360,40,买盘
548,09:57:21,122.6,171633,14,买盘
549,09:57:24,122.6,122595,10,买盘
550,09:57:27,122.59,845892,69,卖盘
551,09:57:30,122.59,134856,11,卖盘
552,09:57:33,122.59,894933,73,卖盘
553,09:57:36,122.55,8480864,692,卖盘
554,09:57:39,122.55,1066144,87,买盘
555,09:57:42,122.53,1960788,160,卖盘
556,09:57:45,122.53,441164,36,卖盘
557,09:57:48,122.54,367613,30,中性盘
558,09:57:51,122.53,404375,33,卖盘
559,09:57:54,122.55,379901,31,买盘
560,09:57:57,122.55,784220,64,买盘
561,09:58:00,122.55,1249982,102,买盘
562,09:58:03,122.57,294134,24,买盘
563,09:58:06,122.61,1495411,122,买盘
564,09:58:09,122.55,269675,22,卖盘
565,09:58:12,122.56,220627,18,中性盘
566,09:58:15,122.58,870358,71,卖盘
567,09:58:18,122.59,379984,31,买盘
568,09:58:21,122.58,269689,22,中性盘
569,09:58:24,122.49,25248618,2061,卖盘
570,09:58:27,122.48,2044852,167,中性盘
571,09:58:30,122.45,269404,22,中性盘
572,09:58:33,122.45,367265,30,买盘
573,09:58:36,122.44,526516,43,中性盘
574,09:58:39,122.43,2901190,237,中性盘
575,09:58:42,122.43,1334372,109,卖盘
576,09:58:45,122.45,661102,54,中性盘
577,09:58:48,122.48,624600,51,买盘
578,09:58:51,122.48,477702,39,卖盘
579,09:58:54,122.48,465441,38,卖盘
580,09:58:57,122.48,342936,28,买盘
581,09:59:00,122.47,391861,32,卖盘
582,09:59:03,122.47,575564,47,买盘
583,09:59:06,122.46,489848,40,卖盘
584,09:59:09,122.46,171446,14,中性盘
585,09:59:12,122.47,416397,34,卖盘
586,09:59:15,122.46,771554,63,卖盘
587,09:59:18,122.47,257189,21,中性盘
588,09:59:21,122.48,722551,59,买盘
589,09:59:24,122.46,232675,19,卖盘
590,09:59:27,122.48,195960,16,买盘
591,09:59:30,122.48,4787843,391,买盘
592,09:59:33,122.46,6818262,557,卖盘
593,09:59:36,122.45,514265,42,卖盘
594,09:59:39,122.4,5960998,487,卖盘
595,09:59:42,122.39,1077070,88,卖盘
596,09:59:45,122.39,146871,12,中性盘
597,09:59:48,122.39,966841,79,买盘
598,09:59:51,122.39,1236126,101,买盘
599,09:59:54,122.4,501813,41,买盘
600,09:59:57,122.4,538556,44,卖盘
601,10:00:00,122.41,220325,18,买盘
602,10:00:03,122.4,1554458,127,卖盘
603,10:00:06,122.39,2741724,224,卖盘
604,10:00:09,122.38,1211624,99,卖盘
605,10:00:12,122.39,746563,61,买盘
606,10:00:15,122.39,428353,35,买盘
607,10:00:18,122.38,465069,38,卖盘
608,10:00:21,122.4,391644,32,买盘
609,10:00:24,122.38,171343,14,卖盘
610,10:00:27,122.4,538521,44,买盘
611,10:00:30,122.39,673149,55,卖盘
612,10:00:33,122.39,599684,49,买盘
613,10:00:36,122.4,624160,51,买盘
614,10:00:39,122.39,477326,39,卖盘
615,10:00:42,122.39,514054,42,卖盘
616,10:00:45,122.39,330467,27,卖盘
617,10:00:48,122.4,318238,26,买盘
618,10:00:51,122.41,526311,43,买盘
619,10:00:54,122.4,146880,12,卖盘
620,10:00:57,122.29,19804340,1619,卖盘
621,10:01:00,122.3,2910661,238,买盘
622,10:01:03,122.3,8695459,711,买盘
623,10:01:06,122.3,648131,53,买盘
624,10:01:09,122.28,2262345,185,卖盘
625,10:01:12,122.26,9049320,740,卖盘
626,10:01:15,122.27,1553095,127,中性盘
627,10:01:18,122.29,403543,33,中性盘
628,10:01:21,122.3,733713,60,买盘
629,10:01:24,122.33,1210706,99,买盘
630,10:01:27,122.32,293561,24,中性盘
631,10:01:30,122.34,379235,31,中性盘
632,10:01:33,122.34,256991,21,卖盘
633,10:01:36,122.34,990733,81,卖盘
634,10:01:39,122.35,477215,39,中性盘
635,10:01:42,122.4,648501,53,中性盘
636,10:01:45,122.45,220361,18,买盘
637,10:01:48,122.46,673497,55,买盘
638,10:01:51,122.45,171434,14,卖盘
639,10:01:54,122.46,404096,33,买盘
640,10:01:57,122.47,600070,49,买盘
641,10:02:00,122.4,2693627,220,卖盘
642,10:02:03,122.4,2239853,183,买盘
643,10:02:06,122.4,954674,78,买盘
644,10:02:09,122.4,514063,42,买盘
645,10:02:12,122.38,330469,27,卖盘
646,10:02:15,122.38,159114,13,中性盘
647,10:02:18,122.4,85679,7,买盘
648,10:02:21,122.38,244776,20,卖盘
649,10:02:24,122.4,159120,13,买盘
650,10:02:27,122.42,832324,68,买盘
651,10:02:30,122.39,2790831,228,卖盘
652,10:02:33,122.4,3108930,254,买盘
653,10:02:36,122.4,2007336,164,买盘
654,10:02:39,122.4,844554,69,买盘
655,10:02:42,122.4,599754,49,卖盘
656,10:02:45,122.4,3292551,269,买盘
657,10:02:48,122.4,379414,31,买盘
658,10:02:51,122.39,636458,52,卖盘
659,10:02:54,122.39,257015,21,买盘
660,10:02:57,122.39,807762,66,买盘
661,10:03:00,122.38,195817,16,卖盘
662,10:03:03,122.39,452838,37,买盘
663,10:03:06,122.39,966831,79,卖盘
664,10:03:09,122.39,367190,30,卖盘
665,10:03:12,122.4,1150543,94,买盘
666,10:03:15,122.39,354939,29,卖盘
667,10:03:18,122.39,881270,72,卖盘
668,10:03:21,122.39,795596,65,卖盘
669,10:03:24,122.39,146881,12,卖盘
670,10:03:27,122.42,465158,38,买盘
671,10:03:30,122.4,954738,78,卖盘
672,10:03:33,122.4,367194,30,买盘
673,10:03:36,122.4,636466,52,买盘
674,10:03:39,122.4,526313,43,买盘
675,10:03:42,122.4,832304,68,买盘
676,10:03:45,122.39,391668,32,卖盘
677,10:03:48,122.4,648702,53,买盘
678,10:03:51,122.41,1297437,106,买盘
679,10:03:54,122.4,5814013,475,卖盘
680,10:03:57,122.4,807841,66,买盘
681,10:04:00,122.41,257053,21,中性盘
682,10:04:03,122.4,501846,41,卖盘
683,10:04:06,122.42,538581,44,买盘
684,10:04:09,122.41,269305,22,卖盘
685,10:04:12,122.42,465153,38,买盘
686,10:04:15,122.43,12243,1,买盘
687,10:04:18,122.42,134663,11,卖盘
688,10:04:21,122.43,159157,13,买盘
689,10:04:24,122.43,183647,15,买盘
690,10:04:27,122.44,48975,4,买盘
691,10:04:30,122.44,61217,5,买盘
692,10:04:33,122.45,208162,17,买盘
693,10:04:36,122.45,318363,26,买盘
694,10:04:39,122.45,281638,23,卖盘
695,10:04:42,122.46,281655,23,买盘
696,10:04:45,122.46,440856,36,买盘
697,10:04:48,122.47,48987,4,买盘
698,10:04:51,122.47,440881,36,买盘
699,10:04:54,122.47,171457,14,买盘
700,10:04:57,122.48,146974,12,买盘
701,10:05:03,122.49,453203,37,买盘
702,10:05:06,122.5,220480,18,买盘
703,10:05:09,122.5,220489,18,买盘
704,10:05:12,122.5,673744,55,买盘
705,10:05:15,122.51,269513,22,买盘
706,10:05:18,122.56,134770,11,买盘
707,10:05:21,122.53,257379,21,卖盘
708,10:05:24,122.55,367663,30,卖盘
709,10:05:27,122.58,392193,32,买盘
710,10:05:30,122.54,3199554,261,卖盘
711,10:05:33,122.56,539217,44,买盘
712,10:05:36,122.52,870025,71,卖盘
713,10:05:39,122.56,1188919,97,买盘
714,10:05:42,122.54,575990,47,中性盘
715,10:05:45,122.53,306367,25,卖盘
716,10:05:48,122.53,147055,12,中性盘
717,10:05:51,122.56,159328,13,卖盘
718,10:05:54,122.56,61282,5,卖盘
719,10:05:57,122.57,269654,22,买盘
720,10:06:00,122.59,159353,13,买盘
721,10:06:03,122.57,61290,5,卖盘
722,10:06:06,122.59,110330,9,买盘
723,10:06:09,122.59,159373,13,卖盘
724,10:06:12,122.59,331004,27,卖盘
725,10:06:15,122.6,502653,41,买盘
726,10:06:18,122.61,269736,22,买盘
727,10:06:21,122.56,8777105,716,卖盘
728,10:06:24,122.56,1164281,95,卖盘
729,10:06:27,122.6,355517,29,买盘
730,10:06:30,122.57,343229,28,卖盘
731,10:06:33,122.59,269685,22,买盘
732,10:06:36,122.58,588425,48,卖盘
733,10:06:39,122.58,772352,63,卖盘
734,10:06:42,122.58,465809,38,卖盘
735,10:06:45,122.59,220646,18,买盘
736,10:06:48,122.59,711001,58,买盘
737,10:06:51,122.58,355508,29,卖盘
738,10:06:54,122.59,24518,2,中性盘
739,10:06:57,122.58,416802,34,卖盘
740,10:07:00,122.59,98071,8,中性盘
741,10:07:03,122.59,232915,19,买盘
742,10:07:06,122.58,49035,4,卖盘
743,10:07:09,122.59,281957,23,买盘
744,10:07:12,122.59,269713,22,卖盘
745,10:07:15,122.6,147115,12,买盘
746,10:07:18,122.61,490400,40,买盘
747,10:07:21,122.6,12260,1,卖盘
748,10:07:24,122.6,318776,26,卖盘
749,10:07:27,122.6,576226,47,卖盘
750,10:07:30,122.59,1336269,109,卖盘
751,10:07:33,122.58,245176,20,卖盘
752,10:07:36,122.59,49035,4,买盘
753,10:07:39,122.59,1054251,86,买盘
754,10:07:42,122.59,416807,34,卖盘
755,10:07:45,122.6,563928,46,买盘
756,10:07:48,122.59,61298,5,卖盘
757,10:07:51,122.6,220678,18,买盘
758,10:07:54,122.6,331016,27,买盘
759,10:07:57,122.59,563930,46,卖盘
760,10:08:00,122.59,380053,31,卖盘
761,10:08:03,122.6,1348600,110,买盘
762,10:08:06,122.59,1789928,146,卖盘
763,10:08:09,122.6,1691751,138,买盘
764,10:08:12,122.6,527162,43,买盘
765,10:08:15,122.6,416826,34,买盘
766,10:08:18,122.6,294239,24,买盘
767,10:08:21,122.61,61304,5,买盘
768,10:08:24,122.6,183908,15,卖盘
769,10:08:27,122.61,171649,14,买盘
770,10:08:30,122.61,220691,18,买盘
771,10:08:33,122.61,122610,10,买盘
772,10:08:36,122.61,36783,3,卖盘
773,10:08:39,122.62,220716,18,买盘
774,10:08:42,122.62,134878,11,买盘
775,10:08:45,122.62,539525,44,买盘
776,10:08:48,122.63,36789,3,买盘
777,10:08:51,122.62,159417,13,卖盘
778,10:08:54,122.63,73578,6,买盘
779,10:08:57,122.62,294305,24,卖盘
780,10:09:00,122.63,232996,19,买盘
781,10:09:03,122.63,257523,21,买盘
782,10:09:06,122.62,2060230,168,卖盘
783,10:09:09,122.63,98105,8,卖盘
784,10:09:12,122.64,159432,13,中性盘
785,10:09:15,122.63,502792,41,卖盘
786,10:09:18,122.64,1324483,108,买盘
787,10:09:21,122.64,171698,14,卖盘
788,10:09:24,122.65,833961,68,买盘
789,10:09:27,122.65,220769,18,买盘
790,10:09:30,122.65,122650,10,买盘
791,10:09:33,122.66,257567,21,买盘
792,10:09:36,122.65,196238,16,卖盘
793,10:09:39,122.66,196256,16,买盘
794,10:09:45,122.67,73602,6,买盘
795,10:09:48,122.67,417080,34,买盘
796,10:09:51,122.68,36803,3,买盘
797,10:09:54,122.68,245360,20,买盘
798,10:09:57,122.69,527557,43,买盘
799,10:10:00,122.66,2453345,200,卖盘
800,10:10:03,122.67,662332,54,买盘
801,10:10:06,122.67,2502756,204,买盘
802,10:10:09,122.67,466147,38,买盘
803,10:10:12,122.68,184016,15,中性盘
804,10:10:15,122.68,61336,5,买盘
805,10:10:18,122.67,576526,47,卖盘
806,10:10:21,122.66,159458,13,中性盘
807,10:10:24,122.65,331164,27,卖盘
808,10:10:27,122.66,355696,29,买盘
809,10:10:30,122.65,245308,20,卖盘
810,10:10:33,122.65,269839,22,买盘
811,10:10:36,122.65,171708,14,买盘
812,10:10:39,122.65,208504,17,买盘
813,10:10:42,122.65,61325,5,买盘
814,10:10:45,122.65,245293,20,买盘
815,10:10:48,122.65,404743,33,买盘
816,10:10:51,122.65,343420,28,买盘
817,10:10:54,122.65,98115,8,买盘
818,10:10:57,122.65,686869,56,买盘
819,10:11:00,122.66,466103,38,买盘
820,10:11:03,122.67,306675,25,中性盘
821,10:11:06,122.7,343550,28,买盘
822,10:11:09,122.74,208625,17,买盘
823,10:11:12,122.7,49081,4,卖盘
824,10:11:15,122.71,24545,2,中性盘
825,10:11:18,122.74,135010,11,买盘
826,10:11:21,122.74,85921,7,卖盘
827,10:11:24,122.75,184112,15,中性盘
828,10:11:27,122.75,331402,27,卖盘
829,10:11:30,122.74,331416,27,卖盘
830,10:11:33,122.74,392801,32,卖盘
831,10:11:36,122.75,319151,26,中性盘
832,10:11:39,122.74,343657,28,中性盘
833,10:11:42,122.74,245442,20,买盘
834,10:11:45,122.73,527754,43,买盘
835,10:11:48,122.71,98178,8,卖盘
836,10:11:51,122.73,61364,5,买盘
837,10:11:54,122.73,674919,55,买盘
838,10:11:57,122.73,294550,24,买盘
839,10:12:00,122.73,49092,4,卖盘
840,10:12:03,122.74,540051,44,买盘
841,10:12:06,122.74,49096,4,买盘
842,10:12:09,122.73,540041,44,卖盘
843,10:12:12,122.74,24548,2,中性盘
844,10:12:15,122.72,1485072,121,卖盘
845,10:12:18,122.71,270016,22,卖盘
846,10:12:21,122.73,49092,4,买盘
847,10:12:24,122.73,736428,60,卖盘
848,10:12:27,122.73,454101,37,卖盘
849,10:12:30,122.72,196358,16,卖盘
850,10:12:33,122.73,564560,46,买盘
851,10:12:36,122.73,24546,2,卖盘
852,10:12:39,122.74,159558,13,买盘
853,10:12:42,122.73,306828,25,卖盘
854,10:12:45,122.74,257753,21,买盘
855,10:12:48,122.74,98192,8,买盘
856,10:12:51,122.74,319124,26,买盘
857,10:12:54,122.74,1350240,110,卖盘
858,10:12:57,122.75,171839,14,买盘
859,10:13:00,122.75,171845,14,买盘
860,10:13:03,122.74,73649,6,卖盘
861,10:13:06,122.75,135025,11,买盘
862,10:13:09,122.74,73649,6,卖盘
863,10:13:12,122.75,49099,4,卖盘
864,10:13:15,122.74,171840,14,卖盘
865,10:13:18,122.75,270029,22,买盘
866,10:13:21,122.73,196391,16,卖盘
867,10:13:24,122.74,85918,7,买盘
868,10:13:27,122.74,49094,4,买盘
869,10:13:30,122.73,98190,8,卖盘
870,10:13:33,122.73,687305,56,卖盘
871,10:13:36,122.73,159550,13,卖盘
872,10:13:39,122.72,601353,49,卖盘
873,10:13:42,122.7,650354,53,卖盘
874,10:13:45,122.7,478532,39,卖盘
875,10:13:48,122.71,98163,8,买盘
876,10:13:51,122.71,122704,10,买盘
877,10:13:54,122.71,73624,6,买盘
878,10:13:57,122.7,208593,17,卖盘
879,10:14:00,122.7,147245,12,卖盘
880,10:14:03,122.7,98162,8,卖盘
881,10:14:06,122.7,662582,54,卖盘
882,10:14:09,122.7,233130,19,卖盘
883,10:14:12,122.69,147237,12,卖盘
884,10:14:15,122.69,220853,18,卖盘
885,10:14:18,122.7,147238,12,买盘
886,10:14:24,122.69,503051,41,卖盘
887,10:14:27,122.69,220850,18,卖盘
888,10:14:30,122.68,12268,1,卖盘
889,10:14:33,122.69,184025,15,买盘
890,10:14:36,122.68,392597,32,卖盘
891,10:14:39,122.67,552056,45,卖盘
892,10:14:42,122.67,49068,4,卖盘
893,10:14:45,122.66,110401,9,卖盘
894,10:14:48,122.67,147197,12,买盘
895,10:14:51,122.66,122673,10,卖盘
896,10:14:54,122.67,98135,8,买盘
897,10:14:57,122.66,171724,14,卖盘
898,10:15:00,122.66,257592,21,卖盘
899,10:15:03,122.67,85864,7,买盘
900,10:15:06,122.66,294387,24,卖盘
901,10:15:09,122.66,147183,12,买盘
902,10:15:12,122.65,196251,16,卖盘
903,10:15:15,122.65,417042,34,卖盘
904,10:15:18,122.65,98127,8,卖盘
905,10:15:21,122.65,613367,50,卖盘
906,10:15:24,122.66,343438,28,中性盘
907,10:15:27,122.67,85867,7,卖盘
908,10:15:30,122.67,24534,2,买盘
909,10:15:33,122.67,1042718,85,买盘
910,10:15:36,122.67,147205,12,卖盘
911,10:15:39,122.67,73607,6,卖盘
912,10:15:42,122.66,404794,33,卖盘
913,10:15:45,122.67,24533,2,买盘
914,10:15:48,122.67,61335,5,买盘
915,10:15:51,122.66,233060,19,卖盘
916,10:15:54,122.66,159458,13,卖盘
917,10:15:57,122.66,257580,21,买盘
918,10:16:00,122.67,748236,61,买盘
919,10:16:03,122.67,282131,23,买盘
920,10:16:06,122.66,61331,5,卖盘
921,10:16:09,122.66,417046,34,卖盘
922,10:16:12,122.66,662327,54,卖盘
923,10:16:15,122.65,159448,13,卖盘
924,10:16:18,122.65,159451,13,卖盘
925,10:16:21,122.65,613252,50,卖盘
926,10:16:24,122.64,551915,45,卖盘
927,10:16:27,122.64,527353,43,卖盘
928,10:16:30,122.63,208481,17,卖盘
929,10:16:33,122.63,282048,23,卖盘
930,10:16:36,122.63,147155,12,买盘
931,10:16:39,122.63,49051,4,买盘
932,10:16:42,122.62,662153,54,卖盘
933,10:16:45,122.62,110360,9,卖盘
934,10:16:48,122.62,98096,8,卖盘
935,10:16:51,122.63,85836,7,买盘
936,10:16:54,122.63,171670,14,买盘
937,10:16:57,122.62,232975,19,卖盘
938,10:17:00,122.61,110350,9,卖盘
939,10:17:03,122.61,122613,10,卖盘
940,10:17:06,122.62,24523,2,买盘
941,10:17:09,122.62,551787,45,买盘
942,10:17:12,122.61,662110,54,卖盘
943,10:17:15,122.61,36783,3,卖盘
944,10:17:18,122.61,110349,9,卖盘
945,10:17:21,122.6,257479,21,卖盘
946,10:17:24,122.61,24522,2,买盘
947,10:17:27,122.6,3690265,301,卖盘
948,10:17:30,122.58,1373071,112,卖盘
949,10:17:33,122.58,220645,18,卖盘
950,10:17:36,122.59,110328,9,买盘
951,10:17:39,122.57,661938,54,卖盘
952,10:17:42,122.57,245144,20,卖盘
953,10:17:45,122.58,122571,10,买盘
954,10:17:48,122.57,710940,58,卖盘
955,10:17:51,122.58,759976,62,买盘
956,10:17:54,122.58,122576,10,买盘
957,10:17:57,122.57,465787,38,卖盘
958,10:18:00,122.57,98058,8,卖盘
959,10:18:03,122.56,183856,15,卖盘
960,10:18:06,122.57,196110,16,中性盘
961,10:18:09,122.57,1127642,92,买盘
962,10:18:12,122.57,147084,12,卖盘
963,10:18:15,122.57,833529,68,卖盘
964,10:18:18,122.57,122573,10,卖盘
965,10:18:21,122.57,453515,37,卖盘
966,10:18:24,122.56,2414467,197,卖盘
967,10:18:27,122.55,710783,58,卖盘
968,10:18:30,122.54,404369,33,买盘
969,10:18:33,122.5,3320181,271,卖盘
970,10:18:36,122.51,624758,51,买盘
971,10:18:39,122.5,784004,64,卖盘
972,10:18:42,122.5,857504,70,卖盘
973,10:18:45,122.5,1702762,139,卖盘
974,10:18:48,122.5,649268,53,卖盘
975,10:18:51,122.49,1666005,136,卖盘
976,10:18:54,122.5,820729,67,买盘
977,10:18:57,122.49,220472,18,卖盘
978,10:19:00,122.5,208238,17,买盘
979,10:19:03,122.48,134738,11,卖盘
980,10:19:06,122.48,1139032,93,卖盘
981,10:19:09,122.46,820525,67,卖盘
982,10:19:12,122.46,4604390,376,卖盘
983,10:19:15,122.44,183668,15,卖盘
984,10:19:18,122.45,857148,70,买盘
985,10:19:21,122.45,502068,41,卖盘
986,10:19:24,122.46,232659,19,买盘
987,10:19:27,122.46,269406,22,买盘
988,10:19:30,122.45,220419,18,卖盘
989,10:19:33,122.45,379609,31,卖盘
990,10:19:36,122.46,281641,23,买盘
991,10:19:39,122.46,1371545,112,买盘
992,10:19:42,122.45,636761,52,卖盘
993,10:19:45,122.45,208165,17,买盘
994,10:19:48,122.44,587719,48,卖盘
995,10:19:51,122.44,110200,9,卖盘
996,10:19:54,122.45,281629,23,买盘
997,10:19:57,122.44,97953,8,卖盘
998,10:20:00,122.45,269373,22,买盘
999,10:20:03,122.44,881577,72,中性盘
1000,10:20:06,122.45,661253,54,买盘
1001,10:20:09,122.45,257145,21,卖盘
1002,10:20:12,122.47,1126716,92,买盘
1003,10:20:15,122.47,269432,22,卖盘
1004,10:20:18,122.48,85731,7,买盘
1005,10:20:21,122.47,306187,25,卖盘
1006,10:20:24,122.47,146961,12,卖盘
1007,10:20:27,122.47,416398,34,买盘
1008,10:20:30,122.46,110221,9,卖盘
1009,10:20:33,122.47,1396270,114,中性盘
1010,10:20:36,122.49,97987,8,买盘
1011,10:20:39,122.48,257208,21,卖盘
1012,10:20:42,122.48,48991,4,买盘
1013,10:20:45,122.48,1139032,93,买盘
1014,10:20:48,122.48,355184,29,买盘
1015,10:20:51,122.48,232711,19,卖盘
1016,10:20:54,122.49,244973,20,买盘
1017,10:20:57,122.49,97992,8,买盘
1018,10:21:00,122.47,930859,76,卖盘
1019,10:21:03,122.47,367422,30,卖盘
1020,10:21:06,122.48,244959,20,买盘
1021,10:21:09,122.47,61235,5,卖盘
1022,10:21:12,122.47,183702,15,买盘
1023,10:21:15,122.47,281681,23,买盘
1024,10:21:18,122.47,306171,25,买盘
1025,10:21:21,122.47,257190,21,卖盘
1026,10:21:24,122.46,1102156,90,卖盘
1027,10:21:27,122.47,269419,22,买盘
1028,10:21:30,122.46,73479,6,中性盘
1029,10:21:33,122.46,465346,38,买盘
1030,10:21:36,122.46,244908,20,买盘
1031,10:21:39,122.46,477593,39,买盘
1032,10:21:42,122.46,85722,7,买盘
1033,10:21:45,122.45,355118,29,卖盘
1034,10:21:48,122.46,379601,31,买盘
1035,10:21:51,122.44,1420412,116,卖盘
1036,10:21:54,122.44,673425,55,卖盘
1037,10:21:57,122.44,171415,14,买盘
1038,10:22:00,122.44,293837,24,买盘
1039,10:22:03,122.44,159171,13,买盘
1040,10:22:06,122.43,1016157,83,卖盘
1041,10:22:09,122.4,2032007,166,卖盘
1042,10:22:12,122.4,1456567,119,卖盘
1043,10:22:15,122.4,1199565,98,卖盘
1044,10:22:18,122.4,2472492,202,卖盘
1045,10:22:21,122.41,2007327,164,买盘
1046,10:22:24,122.41,220339,18,卖盘
1047,10:22:27,122.41,73446,6,卖盘
1048,10:22:30,122.41,183617,15,卖盘
1049,10:22:33,122.42,134653,11,买盘
1050,10:22:36,122.41,159136,13,卖盘
1051,10:22:39,122.41,367230,30,卖盘
1052,10:22:42,122.42,220343,18,买盘
1053,10:22:45,122.42,220351,18,买盘
1054,10:22:48,122.42,550863,45,买盘
1055,10:22:51,122.41,1040489,85,卖盘
1056,10:22:54,122.41,220342,18,卖盘
1057,10:22:57,122.41,48964,4,卖盘
1058,10:23:00,122.41,122407,10,买盘
1059,10:23:03,122.4,257041,21,卖盘
1060,10:23:06,122.4,318239,26,卖盘
1061,10:23:09,122.4,61199,5,买盘
1062,10:23:12,122.4,269269,22,买盘
1063,10:23:15,122.4,526315,43,买盘
1064,10:23:18,122.4,452879,37,买盘
1065,10:23:21,122.4,244797,20,买盘
1066,10:23:24,122.39,281516,23,卖盘
1067,10:23:27,122.4,159118,13,买盘
1068,10:23:30,122.4,403916,33,买盘
1069,10:23:33,122.4,820078,67,买盘
1070,10:23:36,122.4,183596,15,买盘
1071,10:23:39,122.4,85682,7,卖盘
1072,10:23:42,122.41,354984,29,买盘
1073,10:23:45,122.46,1591508,130,买盘
1074,10:23:48,122.48,992057,81,买盘
1075,10:23:51,122.44,1065499,87,卖盘
1076,10:23:54,122.5,98000,8,买盘
1077,10:23:57,122.5,183718,15,买盘
1078,10:24:00,122.48,330747,27,中性盘
1079,10:24:03,122.49,159232,13,买盘
1080,10:24:06,122.45,134728,11,卖盘
1081,10:24:09,122.45,208186,17,卖盘
1082,10:24:12,122.48,783987,64,卖盘
1083,10:24:15,122.5,183741,15,买盘
1084,10:24:18,122.5,980002,80,买盘
1085,10:24:21,122.5,857508,70,卖盘
1086,10:24:24,122.52,36754,3,买盘
1087,10:24:27,122.51,245030,20,卖盘
1088,10:24:30,122.52,147015,12,买盘
1089,10:24:33,122.52,330806,27,卖盘
1090,10:24:36,122.53,159283,13,买盘
1091,10:24:39,122.53,85773,7,卖盘
1092,10:24:42,122.53,49012,4,卖盘
1093,10:24:45,122.54,220572,18,买盘
1094,10:24:48,122.56,98042,8,买盘
1095,10:24:51,122.56,379879,31,买盘
1096,10:24:54,122.56,147056,12,买盘
1097,10:24:57,122.56,171583,14,买盘
1098,10:25:00,122.56,110311,9,卖盘
1099,10:25:03,122.57,110312,9,买盘
1100,10:25:06,122.57,294157,24,买盘
1101,10:25:09,122.57,171612,14,卖盘
1102,10:25:12,122.58,134829,11,买盘
1103,10:25:15,122.57,245135,20,卖盘
1104,10:25:18,122.57,147083,12,买盘
1105,10:25:21,122.58,122572,10,买盘
1106,10:25:24,122.57,343207,28,卖盘
1107,10:25:27,122.57,208365,17,卖盘
1108,10:25:30,122.58,208383,17,买盘
1109,10:25:33,122.58,122574,10,买盘
1110,10:25:36,122.58,36774,3,买盘
1111,10:25:39,122.58,110317,9,买盘
1112,10:25:42,122.57,134836,11,卖盘
1113,10:25:45,122.58,208373,17,买盘
1114,10:25:48,122.57,147088,12,卖盘
1115,10:25:51,122.58,379987,31,买盘
1116,10:25:54,122.57,232894,19,卖盘
1117,10:25:57,122.58,1029541,84,买盘
1118,10:26:00,122.56,1274614,104,卖盘
1119,10:26:03,122.57,183848,15,买盘
1120,10:26:06,122.57,232888,19,中性盘
1121,10:26:09,122.58,36770,3,买盘
1122,10:26:12,122.55,159326,13,卖盘
1123,10:26:15,122.56,147072,12,中性盘
1124,10:26:18,122.55,318652,26,卖盘
1125,10:26:21,122.56,49024,4,中性盘
1126,10:26:24,122.56,171594,14,卖盘
1127,10:26:27,122.57,196104,16,买盘
1128,10:26:30,122.55,171582,14,卖盘
1129,10:26:33,122.56,220605,18,买盘
1130,10:26:36,122.56,85793,7,买盘
1131,10:26:39,122.56,98048,8,卖盘
1132,10:26:42,122.56,49025,4,卖盘
1133,10:26:45,122.57,404464,33,买盘
1134,10:26:48,122.57,330926,27,买盘
1135,10:26:51,122.55,1617664,132,卖盘
1136,10:26:54,122.55,502459,41,买盘
1137,10:26:57,122.55,232833,19,买盘
1138,10:27:00,122.56,294118,24,买盘
1139,10:27:03,122.53,281826,23,卖盘
1140,10:27:06,122.53,171547,14,卖盘
1141,10:27:09,122.55,220569,18,买盘
1142,10:27:12,122.54,159284,13,卖盘
1143,10:27:15,122.52,134784,11,卖盘
1144,10:27:18,122.52,24504,2,卖盘
1145,10:27:21,122.51,465546,38,卖盘
1146,10:27:24,122.49,979999,80,卖盘
1147,10:27:27,122.47,171460,14,卖盘
1148,10:27:30,122.47,183690,15,买盘
1149,10:27:33,122.45,244904,20,卖盘
1150,10:27:36,122.46,110213,9,买盘
1151,10:27:42,122.46,391826,32,买盘
1152,10:27:45,122.46,159197,13,买盘
1153,10:27:48,122.45,379598,31,卖盘
1154,10:27:51,122.45,159185,13,买盘
1155,10:27:54,122.44,746920,61,卖盘
1156,10:27:57,122.44,110188,9,买盘
1157,10:28:00,122.44,195903,16,买盘
1158,10:28:03,122.44,97953,8,中性盘
1159,10:28:06,122.44,244889,20,卖盘
1160,10:28:09,122.46,1579626,129,买盘
1161,10:28:12,122.45,1273581,104,卖盘
1162,10:28:15,122.46,269412,22,买盘
1163,10:28:18,122.46,869466,71,买盘
1164,10:28:21,122.46,97968,8,卖盘
1165,10:28:24,122.46,85727,7,卖盘
1166,10:28:27,122.47,159204,13,买盘
1167,10:28:30,122.48,244948,20,买盘
1168,10:28:33,122.47,551144,45,卖盘
1169,10:28:36,122.49,710359,58,买盘
1170,10:28:39,122.5,183741,15,买盘
1171,10:28:42,122.5,85751,7,卖盘
1172,10:28:45,122.52,171516,14,买盘
1173,10:28:48,122.5,73502,6,卖盘
1174,10:28:51,122.53,122522,10,买盘
1175,10:28:54,122.53,98017,8,买盘
1176,10:28:57,122.53,98018,8,买盘
1177,10:29:00,122.53,73516,6,卖盘
1178,10:29:03,122.53,196048,16,中性盘
1179,10:29:06,122.52,208307,17,卖盘
1180,10:29:09,122.53,208300,17,买盘
1181,10:29:12,122.53,24506,2,卖盘
1182,10:29:15,122.53,220565,18,卖盘
1183,10:29:18,122.53,343093,28,卖盘
1184,10:29:21,122.53,306329,25,卖盘
1185,10:29:24,122.53,73519,6,卖盘
1186,10:29:27,122.52,784177,64,卖盘
1187,10:29:30,122.5,232757,19,卖盘
1188,10:29:33,122.52,833212,68,中性盘
1189,10:29:36,122.51,392035,32,卖盘
1190,10:29:39,122.53,612556,50,买盘
1191,10:29:42,122.51,526789,43,卖盘
1192,10:29:45,122.51,1065757,87,买盘
1193,10:29:48,122.48,1690626,138,卖盘
1194,10:29:51,122.5,159237,13,买盘
1195,10:29:54,122.49,159230,13,买盘
1196,10:29:57,122.49,220478,18,买盘
1197,10:30:00,122.49,159238,13,买盘
1198,10:30:03,122.5,245000,20,买盘
1199,10:30:06,122.5,49000,4,卖盘
1200,10:30:09,122.5,245000,20,卖盘
1201,10:30:12,122.5,220511,18,卖盘
1202,10:30:15,122.51,1286356,105,买盘
1203,10:30:18,122.5,1237250,101,卖盘
1204,10:30:21,122.5,73500,6,卖盘
1205,10:30:24,122.5,404257,33,卖盘
1206,10:30:27,122.51,98007,8,中性盘
1207,10:30:30,122.51,147005,12,卖盘
1208,10:30:33,122.52,943355,77,买盘
1209,10:30:36,122.5,183758,15,卖盘
1210,10:30:39,122.5,171503,14,卖盘
1211,10:30:42,122.5,208251,17,卖盘
1212,10:30:45,122.51,208253,17,买盘
1213,10:30:48,122.51,122504,10,买盘
1214,10:30:51,122.5,943230,77,卖盘
1215,10:30:54,122.49,244992,20,卖盘
1216,10:30:57,122.48,440974,36,卖盘
1217,10:31:00,122.48,257211,21,卖盘
1218,10:31:03,122.48,85738,7,卖盘
1219,10:31:06,122.5,575698,47,买盘
1220,10:31:09,122.49,122490,10,卖盘
1221,10:31:12,122.49,281727,23,卖盘
1222,10:31:15,122.49,281732,23,卖盘
1223,10:31:18,122.48,906373,74,卖盘
1224,10:31:21,122.47,269433,22,卖盘
1225,10:31:24,122.45,795986,65,卖盘
1226,10:31:27,122.46,698018,57,买盘
1227,10:31:30,122.46,318382,26,中性盘
1228,10:31:33,122.46,48981,4,买盘
1229,10:31:36,122.45,306138,25,卖盘
1230,10:31:39,122.46,73476,6,卖盘
1231,10:31:42,122.45,844924,69,卖盘
1232,10:31:45,122.45,306138,25,卖盘
1233,10:31:48,122.45,379583,31,买盘
1234,10:31:51,122.45,612226,50,买盘
1235,10:31:54,122.36,13207470,1079,卖盘
1236,10:31:57,122.36,1125673,92,中性盘
1237,10:32:00,122.35,2862993,234,卖盘
1238,10:32:03,122.33,697344,57,卖盘
1239,10:32:06,122.34,342561,28,中性盘
1240,10:32:09,122.35,1125577,92,买盘
1241,10:32:12,122.34,195744,16,卖盘
1242,10:32:15,122.35,1027739,84,买盘
1243,10:32:18,122.35,171292,14,卖盘
1244,10:32:21,122.35,415991,34,卖盘
1245,10:32:24,122.35,281392,23,买盘
1246,10:32:27,122.35,305864,25,买盘
1247,10:32:30,122.33,403722,33,卖盘
1248,10:32:33,122.33,489350,40,卖盘
1249,10:32:36,122.33,501560,41,卖盘
1250,10:32:39,122.33,367011,30,卖盘
1251,10:32:42,122.32,941915,77,卖盘
1252,10:32:45,122.33,318045,26,买盘
1253,10:32:48,122.32,391440,32,卖盘
1254,10:32:51,122.32,11961274,978,卖盘
1255,10:32:54,122.3,684892,56,卖盘
1256,10:32:57,122.29,1296249,106,卖盘
1257,10:33:00,122.28,379083,31,卖盘
1258,10:33:03,122.29,966074,79,买盘
1259,10:33:06,122.29,904887,74,买盘
1260,10:33:09,122.28,1760957,144,卖盘
1261,10:33:12,122.28,195667,16,卖盘
1262,10:33:15,122.3,330196,27,买盘
1263,10:33:18,122.29,342404,28,卖盘
1264,10:33:21,122.31,1210688,99,买盘
1265,10:33:24,122.3,207910,17,卖盘
1266,10:33:27,122.3,293520,24,卖盘
1267,10:33:30,122.3,101020,8,卖盘
1268,10:33:33,122.31,122307,10,买盘
1269,10:33:36,122.3,293535,24,卖盘
1270,10:33:39,122.3,158998,13,卖盘
1271,10:33:42,122.31,391392,32,买盘
1272,10:33:45,122.32,207941,17,买盘
1273,10:33:48,122.31,330237,27,卖盘
1274,10:33:51,122.32,550436,45,买盘
1275,10:33:54,122.33,489306,40,买盘
1276,10:33:57,122.32,24464,2,卖盘
1277,10:34:00,122.32,232424,19,卖盘
1278,10:34:03,122.33,354743,29,买盘
1279,10:34:06,122.33,183494,15,买盘
1280,10:34:09,122.33,1296742,106,买盘
1281,10:34:12,122.33,24467,2,卖盘
1282,10:34:15,122.35,538316,44,买盘
1283,10:34:18,122.33,697336,57,卖盘
1284,10:34:21,122.34,73402,6,中性盘
1285,10:34:24,122.35,367029,30,买盘
1286,10:34:27,122.35,24470,2,买盘
1287,10:34:30,122.35,195755,16,买盘
1288,10:34:33,122.35,73410,6,买盘
1289,10:34:36,122.35,110110,9,买盘
1290,10:34:39,122.35,501609,41,买盘
1291,10:34:42,122.34,269156,22,买盘
1292,10:34:45,122.35,269153,22,买盘
1293,10:34:48,122.35,183521,15,买盘
1294,10:34:51,122.35,342560,28,买盘
1295,10:34:54,122.34,159050,13,卖盘
1296,10:34:57,122.33,2250910,184,卖盘
1297,10:35:00,122.33,611633,50,买盘
1298,10:35:03,122.33,367000,30,买盘
1299,10:35:06,122.33,146797,12,卖盘
1300,10:35:09,122.33,526030,43,卖盘
1301,10:35:12,122.33,819617,67,卖盘
1302,10:35:15,122.33,220184,18,买盘
1303,10:35:18,122.34,1737147,142,买盘
1304,10:35:21,122.33,525995,43,卖盘
1305,10:35:24,122.32,244653,20,卖盘
1306,10:35:27,122.32,183488,15,卖盘
1307,10:35:30,122.33,207953,17,买盘
1308,10:35:33,122.33,207967,17,卖盘
1309,10:35:36,122.34,61167,5,买盘
1310,10:35:39,122.34,293603,24,买盘
1311,10:35:42,122.34,110099,9,买盘
1312,10:35:45,122.34,318082,26,买盘
1313,10:35:48,122.33,220200,18,卖盘
1314,10:35:51,122.34,73401,6,买盘
1315,10:35:54,122.34,159042,13,买盘
1316,10:35:57,122.34,281365,23,买盘
1317,10:36:00,122.34,12234,1,买盘
1318,10:36:03,122.34,746272,61,买盘
1319,10:36:06,122.34,452656,37,卖盘
1320,10:36:09,122.34,85641,7,卖盘
1321,10:36:12,122.35,734097,60,买盘
1322,10:36:15,122.35,305875,25,卖盘
1323,10:36:18,122.35,110116,9,卖盘
1324,10:36:21,122.36,134594,11,买盘
1325,10:36:24,122.36,85651,7,买盘
1326,10:36:27,122.36,379316,31,买盘
1327,10:36:30,122.35,477171,39,卖盘
1328,10:36:33,122.36,146824,12,买盘
1329,10:36:36,122.36,85646,7,买盘
1330,10:36:39,122.36,36707,3,买盘
1331,10:36:42,122.36,519650,42,买盘
1332,10:36:45,122.36,208008,17,买盘
1333,10:36:48,122.35,477180,39,卖盘
1334,10:36:51,122.36,269184,22,买盘
1335,10:36:54,122.36,61180,5,卖盘
1336,10:36:57,122.37,122369,10,买盘
1337,10:37:00,122.37,342636,28,买盘
1338,10:37:03,122.37,1113569,91,卖盘
1339,10:37:06,122.37,1456139,119,中性盘
1340,10:37:09,122.38,1419508,116,买盘
1341,10:37:12,122.38,36714,3,卖盘
1342,10:37:15,122.37,795476,65,卖盘
1343,10:37:18,122.36,2979637,244,卖盘
1344,10:37:21,122.33,1492567,122,卖盘
1345,10:37:24,122.34,1260018,103,买盘
1346,10:37:27,122.33,342514,28,买盘
1347,10:37:30,122.32,2678859,219,卖盘
1348,10:37:33,122.32,880663,72,买盘
1349,10:37:36,122.32,648296,53,买盘
1350,10:37:39,122.32,2483028,203,卖盘
1351,10:37:42,122.32,318013,26,买盘
1352,10:37:45,122.31,464785,38,卖盘
1353,10:37:48,122.3,1724455,141,卖盘
1354,10:37:51,122.3,391363,32,卖盘
1355,10:37:54,122.31,1700029,139,买盘
1356,10:37:57,122.28,8071157,660,卖盘
1357,10:38:00,122.26,5184074,424,卖盘
1358,10:38:03,122.22,8605851,704,卖盘
1359,10:38:06,122.22,1637774,134,卖盘
1360,10:38:09,122.22,2762044,226,卖盘
1361,10:38:12,122.2,818758,67,卖盘
1362,10:38:15,122.21,1454227,119,买盘
1363,10:38:18,122.23,4710801,385,买盘
1364,10:38:21,122.21,623463,51,卖盘
1365,10:38:24,122.2,6306318,516,卖盘
1366,10:38:27,122.21,1319971,108,卖盘
1367,10:38:30,122.22,965406,79,中性盘
1368,10:38:33,122.21,537739,44,卖盘
1369,10:38:36,122.27,122232,10,买盘
1370,10:38:39,122.23,36669,3,卖盘
1371,10:38:42,122.22,85555,7,卖盘
1372,10:38:45,122.27,1430117,117,买盘
1373,10:38:48,122.23,586755,48,卖盘
1374,10:38:51,122.23,488909,40,中性盘
1375,10:38:54,122.23,1332331,109,卖盘
1376,10:38:57,122.27,293345,24,买盘
1377,10:39:00,122.24,73348,6,卖盘
1378,10:39:03,122.22,696745,57,卖盘
1379,10:39:06,122.23,501134,41,卖盘
1380,10:39:09,122.23,232245,19,卖盘
1381,10:39:12,122.24,378918,31,买盘
1382,10:39:15,122.24,97789,8,买盘
1383,10:39:18,122.24,366739,30,买盘
1384,10:39:21,122.25,733585,60,买盘
1385,10:39:24,122.27,134472,11,中性盘
1386,10:39:27,122.26,183395,15,卖盘
1387,10:39:30,122.25,599122,49,卖盘
1388,10:39:33,122.29,183435,15,卖盘
1389,10:39:36,122.3,427935,35,买盘
1390,10:39:39,122.3,48920,4,卖盘
1391,10:39:42,122.29,366897,30,卖盘
1392,10:39:45,122.3,281284,23,买盘
1393,10:39:48,122.3,24460,2,买盘
1394,10:39:51,122.3,599246,49,买盘
1395,10:39:54,122.3,122299,10,卖盘
1396,10:39:57,122.3,525888,43,买盘
1397,10:40:00,122.3,330190,27,买盘
1398,10:40:03,122.28,476944,39,卖盘
1399,10:40:06,122.28,256778,21,中性盘
1400,10:40:09,122.29,293445,24,买盘
1401,10:40:12,122.28,1479327,121,中性盘
1402,10:40:15,122.26,819198,67,中性盘
1403,10:40:18,122.28,268998,22,中性盘
1404,10:40:21,122.27,97821,8,卖盘
1405,10:40:24,122.28,36683,3,中性盘
1406,10:40:27,122.29,36687,3,买盘
1407,10:40:30,122.29,207886,17,买盘
1408,10:40:33,122.29,97828,8,买盘
1409,10:40:36,122.28,158966,13,卖盘
1410,10:40:39,122.29,366848,30,买盘
1411,10:40:42,122.29,97832,8,买盘
1412,10:40:45,122.29,171198,14,买盘
1413,10:40:48,122.28,158975,13,卖盘
1414,10:40:51,122.28,97828,8,卖盘
1415,10:40:54,122.29,758144,62,买盘
1416,10:40:57,122.28,293474,24,中性盘
1417,10:41:00,122.28,599195,49,卖盘
1418,10:41:03,122.28,183425,15,卖盘
1419,10:41:06,122.28,110048,9,买盘
1420,10:41:09,122.28,171189,14,买盘
1421,10:41:12,122.29,24459,2,中性盘
1422,10:41:15,122.29,61144,5,中性盘
1423,10:41:18,122.28,256790,21,卖盘
1424,10:41:21,122.28,207904,17,卖盘
1425,10:41:24,122.29,195671,16,中性盘
1426,10:41:27,122.28,293484,24,卖盘
1427,10:41:30,122.28,281262,23,卖盘
1428,10:41:33,122.29,146751,12,中性盘
1429,10:41:36,122.3,1112929,91,买盘
1430,10:41:39,122.3,452514,37,卖盘
1431,10:41:42,122.31,305769,25,买盘
1432,10:41:45,122.31,892765,73,买盘
1433,10:41:48,122.31,452498,37,买盘
1434,10:41:51,122.3,391392,32,卖盘
1435,10:41:54,122.31,12231,1,卖盘
1436,10:42:00,122.31,966253,79,卖盘
1437,10:42:03,122.31,24462,2,卖盘
1438,10:42:06,122.32,1528887,125,买盘
1439,10:42:09,122.32,733890,60,买盘
1440,10:42:12,122.32,391424,32,卖盘
1441,10:42:15,122.33,1761418,144,买盘
1442,10:42:18,122.33,48932,4,卖盘
1443,10:42:21,122.33,623903,51,卖盘
1444,10:42:24,122.34,36702,3,卖盘
1445,10:42:27,122.36,575050,47,买盘
1446,10:42:30,122.34,697400,57,卖盘
1447,10:42:33,122.34,244688,20,卖盘
1448,10:42:36,122.37,159070,13,买盘
1449,10:42:39,122.37,134607,11,买盘
1450,10:42:42,122.39,159098,13,买盘
1451,10:42:45,122.37,171323,14,卖盘
1452,10:42:48,122.39,73433,6,买盘
1453,10:42:51,122.38,85671,7,卖盘
1454,10:42:54,122.4,48959,4,买盘
1455,10:42:57,122.39,24478,2,卖盘
1456,10:43:00,122.39,208069,17,卖盘
1457,10:43:03,122.4,306000,25,买盘
1458,10:43:06,122.41,293838,24,买盘
1459,10:43:09,122.41,85686,7,卖盘
1460,10:43:12,122.42,48969,4,买盘
1461,10:43:15,122.42,208111,17,卖盘
1462,10:43:18,122.42,36726,3,卖盘
1463,10:43:21,122.43,122426,10,买盘
1464,10:43:24,122.42,61213,5,卖盘
1465,10:43:27,122.43,85701,7,买盘
1466,10:43:33,122.44,24488,2,买盘
1467,10:43:36,122.45,171416,14,买盘
1468,10:43:39,122.46,220408,18,买盘
1469,10:43:42,122.47,208194,17,买盘
1470,10:43:45,122.47,85734,7,卖盘
1471,10:43:48,122.47,404175,33,卖盘
1472,10:43:51,122.48,159220,13,买盘
1473,10:43:54,122.48,318453,26,卖盘
1474,10:43:57,122.49,208232,17,买盘
1475,10:44:00,122.5,122500,10,买盘
1476,10:44:03,122.5,24500,2,买盘
1477,10:44:06,122.5,526749,43,买盘
1478,10:44:09,122.5,1200525,98,卖盘
1479,10:44:12,122.52,85760,7,买盘
1480,10:44:18,122.52,85764,7,中性盘
1481,10:44:21,122.52,1164156,95,中性盘
1482,10:44:24,122.53,110270,9,买盘
1483,10:44:27,122.54,73521,6,买盘
1484,10:44:30,122.52,857662,70,卖盘
1485,10:44:33,122.53,1617615,132,卖盘
1486,10:44:36,122.49,2094901,171,卖盘
1487,10:44:39,122.52,122509,10,买盘
1488,10:44:42,122.52,208281,17,买盘
1489,10:44:48,122.52,49007,4,买盘
1490,10:44:51,122.52,98012,8,买盘
1491,10:44:54,122.52,196032,16,买盘
1492,10:44:57,122.52,24505,2,卖盘
1493,10:45:00,122.53,49009,4,买盘
1494,10:45:03,122.53,428840,35,买盘
1495,10:45:06,122.53,110277,9,买盘
1496,10:45:09,122.53,208307,17,买盘
1497,10:45:12,122.53,269570,22,卖盘
1498,10:45:15,122.53,122535,10,卖盘
1499,10:45:18,122.53,232815,19,卖盘
1500,10:45:21,122.52,122527,10,卖盘
1501,10:45:24,122.52,4189740,342,卖盘
1502,10:45:27,122.53,379812,31,买盘
1503,10:45:30,122.53,73510,6,买盘
1504,10:45:33,122.52,110262,9,卖盘
1505,10:45:36,122.53,61262,5,买盘
1506,10:45:39,122.53,73513,6,买盘
1507,10:45:42,122.53,73516,6,买盘
1508,10:45:45,122.5,269513,22,卖盘
1509,10:45:48,122.54,159297,13,买盘
1510,10:45:51,122.54,208313,17,买盘
1511,10:45:54,122.52,24504,2,卖盘
1512,10:46:00,122.54,134781,11,买盘
1513,10:46:03,122.52,36758,3,中性盘
1514,10:46:06,122.54,257333,21,买盘
1515,10:46:09,122.52,110276,9,卖盘
1516,10:46:12,122.54,1666386,136,买盘
1517,10:46:15,122.52,134772,11,买盘
1518,10:46:18,122.53,735121,60,买盘
1519,10:46:21,122.52,98023,8,卖盘
1520,10:46:24,122.54,673906,55,买盘
1521,10:46:27,122.54,171546,14,买盘
1522,10:46:30,122.54,36761,3,买盘
1523,10:46:33,122.54,980320,80,买盘
1524,10:46:39,122.55,24509,2,买盘
1525,10:46:42,122.56,2512325,205,买盘
1526,10:46:45,122.55,392149,32,卖盘
1527,10:46:48,122.56,61278,5,买盘
1528,10:46:51,122.54,343127,28,卖盘
1529,10:46:54,122.54,98031,8,买盘
1530,10:46:57,122.56,61275,5,买盘
1531,10:47:00,122.56,171584,14,买盘
1532,10:47:03,122.55,649534,53,卖盘
1533,10:47:06,122.56,306387,25,买盘
1534,10:47:09,122.56,98048,8,买盘
1535,10:47:12,122.55,612750,50,卖盘
1536,10:47:15,122.57,159332,13,买盘
1537,10:47:18,122.55,49020,4,卖盘
1538,10:47:21,122.55,73528,6,买盘
1539,10:47:24,122.55,24510,2,买盘
1540,10:47:27,122.55,220576,18,买盘
1541,10:47:30,122.54,134801,11,卖盘
1542,10:47:33,122.55,159314,13,买盘
1543,10:47:36,122.49,5746125,469,卖盘
1544,10:47:39,122.49,391973,32,卖盘
1545,10:47:42,122.5,61246,5,买盘
1546,10:47:45,122.5,195997,16,买盘
1547,10:47:48,122.5,269504,22,买盘
1548,10:47:51,122.5,36750,3,卖盘
1549,10:47:57,122.5,98000,8,买盘
1550,10:48:00,122.5,98000,8,买盘
1551,10:48:03,122.51,73502,6,买盘
1552,10:48:06,122.5,441034,36,卖盘
1553,10:48:09,122.5,232759,19,卖盘
1554,10:48:12,122.51,171503,14,买盘
1555,10:48:15,122.52,61259,5,买盘
1556,10:48:18,122.52,122507,10,买盘
1557,10:48:21,122.52,49008,4,买盘
1558,10:48:24,122.52,110259,9,买盘
1559,10:48:27,122.51,61259,5,中性盘
1560,10:48:33,122.52,24503,2,买盘
1561,10:48:36,122.52,147023,12,买盘
1562,10:48:39,122.51,49006,4,卖盘
1563,10:48:45,122.52,24504,2,买盘
1564,10:48:48,122.52,36756,3,买盘
1565,10:48:51,122.52,122518,10,买盘
1566,10:48:54,122.51,49007,4,卖盘
1567,10:48:57,122.52,220551,18,卖盘
1568,10:49:00,122.51,61256,5,卖盘
1569,10:49:03,122.51,12251,1,卖盘
1570,10:49:06,122.52,196026,16,买盘
1571,10:49:09,122.51,134768,11,卖盘
1572,10:49:12,122.51,73506,6,买盘
1573,10:49:15,122.5,61251,5,卖盘
1574,10:49:18,122.51,36753,3,中性盘
1575,10:49:21,122.5,232777,19,卖盘
1576,10:49:24,122.51,122507,10,买盘
1577,10:49:27,122.51,85758,7,买盘
1578,10:49:30,122.51,882012,72,卖盘
1579,10:49:33,122.51,159261,13,买盘
1580,10:49:36,122.5,465510,38,卖盘
1581,10:49:39,122.5,98002,8,卖盘
1582,10:49:42,122.51,24502,2,买盘
1583,10:49:45,122.5,232765,19,卖盘
1584,10:49:51,122.5,159250,13,卖盘
1585,10:49:54,122.5,12250,1,卖盘
1586,10:49:57,122.51,12251,1,买盘
1587,10:50:00,122.5,73502,6,卖盘
1588,10:50:03,122.5,49002,4,卖盘
1589,10:50:09,122.51,330752,27,买盘
1590,10:50:12,122.5,73500,6,卖盘
1591,10:50:15,122.51,1041329,85,买盘
1592,10:50:18,122.51,49004,4,卖盘
1593,10:50:21,122.52,845404,69,买盘
1594,10:50:24,122.53,110272,9,中性盘
1595,10:50:27,122.53,73522,6,卖盘
1596,10:50:30,122.53,196035,16,卖盘
1597,10:50:33,122.54,73523,6,买盘
1598,10:50:36,122.55,281851,23,买盘
1599,10:50:39,122.53,122535,10,卖盘
1600,10:50:42,122.52,61261,5,卖盘
1601,10:50:45,122.54,171531,14,买盘
1602,10:50:48,122.52,61259,5,中性盘
1603,10:50:51,122.51,24503,2,卖盘
1604,10:50:54,122.55,110286,9,买盘
1605,10:50:57,122.51,159276,13,卖盘
1606,10:51:00,122.55,171563,14,买盘
1607,10:51:03,122.51,147026,12,卖盘
1608,10:51:06,122.51,61257,5,卖盘
1609,10:51:12,122.52,85761,7,中性盘
1610,10:51:15,122.51,196040,16,卖盘
1611,10:51:18,122.54,12254,1,中性盘
1612,10:51:21,122.54,24507,2,买盘
1613,10:51:24,122.54,24507,2,买盘
1614,10:51:27,122.53,36761,3,中性盘
1615,10:51:30,122.53,12253,1,卖盘
1616,10:51:33,122.53,232790,19,卖盘
1617,10:51:36,122.51,147016,12,卖盘
1618,10:51:39,122.53,159289,13,买盘
1619,10:51:42,122.52,73516,6,中性盘
1620,10:51:45,122.52,232781,19,卖盘
1621,10:51:48,122.51,134768,11,卖盘
1622,10:51:51,122.51,61260,5,卖盘
1623,10:51:54,122.51,232774,19,卖盘
1624,10:51:57,122.51,73509,6,卖盘
1625,10:52:00,122.51,36754,3,卖盘
1626,10:52:03,122.52,12252,1,中性盘
1627,10:52:06,122.53,98021,8,买盘
1628,10:52:09,122.52,110268,9,中性盘
1629,10:52:12,122.53,220524,18,买盘
1630,10:52:15,122.51,134770,11,卖盘
1631,10:52:18,122.53,147022,12,买盘
1632,10:52:21,122.51,24503,2,卖盘
1633,10:52:27,122.52,36756,3,卖盘
1634,10:52:30,122.52,24504,2,卖盘
1635,10:52:33,122.51,245021,20,卖盘
1636,10:52:36,122.52,73509,6,中性盘
1637,10:52:39,122.52,61258,5,买盘
1638,10:52:42,122.53,171531,14,买盘
1639,10:52:45,122.52,36757,3,卖盘
1640,10:52:48,122.53,24506,2,买盘
1641,10:52:51,122.53,196041,16,买盘
1642,10:52:54,122.53,294076,24,买盘
1643,10:52:57,122.53,36759,3,卖盘
1644,10:53:00,122.54,1004845,82,买盘
1645,10:53:03,122.59,5833727,476,买盘
1646,10:53:06,122.66,796926,65,买盘
1647,10:53:09,122.67,392538,32,买盘
1648,10:53:12,122.68,159472,13,买盘
1649,10:53:15,122.68,785220,64,买盘
1650,10:53:18,122.71,220871,18,买盘
1651,10:53:21,122.72,343583,28,买盘
1652,10:53:24,122.74,294560,24,买盘
1653,10:53:27,122.75,331414,27,买盘
1654,10:53:30,122.75,454176,37,买盘
1655,10:53:33,122.8,1338393,109,买盘
1656,10:53:36,122.78,171892,14,卖盘
1657,10:53:39,122.78,675386,55,卖盘
1658,10:53:42,122.79,564796,46,中性盘
1659,10:53:45,122.72,527880,43,卖盘
1660,10:53:48,122.79,785833,64,买盘
1661,10:53:51,122.79,429642,35,买盘
1662,10:53:54,122.77,73671,6,中性盘
1663,10:53:57,122.79,196479,16,中性盘
1664,10:54:00,122.81,871937,71,买盘
1665,10:54:03,122.79,282466,23,卖盘
1666,10:54:06,122.79,257857,21,卖盘
1667,10:54:09,122.8,110520,9,买盘
1668,10:54:12,122.8,147371,12,卖盘
1669,10:54:15,122.81,36843,3,卖盘
1670,10:54:18,122.8,208785,17,卖盘
1671,10:54:21,122.8,1056066,86,卖盘
1672,10:54:24,122.79,1301530,106,卖盘
1673,10:54:27,122.79,196451,16,买盘
1674,10:54:30,122.72,343647,28,卖盘
1675,10:54:33,122.73,61365,5,买盘
1676,10:54:36,122.73,208604,17,买盘
1677,10:54:39,122.76,171807,14,买盘
1678,10:54:42,122.72,61364,5,卖盘
1679,10:54:45,122.78,343623,28,买盘
1680,10:54:48,122.71,282276,23,中性盘
1681,10:54:51,122.72,490813,40,买盘
1682,10:54:54,122.71,12271,1,中性盘
1683,10:54:57,122.72,12272,1,买盘
1684,10:55:00,122.72,61358,5,买盘
1685,10:55:03,122.71,61359,5,卖盘
1686,10:55:06,122.72,196352,16,买盘
1687,10:55:09,122.73,404977,33,买盘
1688,10:55:12,122.74,405012,33,买盘
1689,10:55:15,122.74,12274,1,买盘
1690,10:55:18,122.75,110468,9,买盘
1691,10:55:21,122.75,12275,1,买盘
1692,10:55:24,122.76,184132,15,买盘
1693,10:55:27,122.79,12279,1,买盘
1694,10:55:30,122.79,122788,10,买盘
1695,10:55:33,122.78,110505,9,卖盘
1696,10:55:36,122.79,147344,12,买盘
1697,10:55:39,122.79,73676,6,卖盘
1698,10:55:42,122.8,380680,31,买盘
1699,10:55:45,122.81,73682,6,买盘
1700,10:55:48,122.81,380702,31,买盘
1701,10:55:51,122.81,196497,16,卖盘
1702,10:55:54,122.82,122809,10,买盘
1703,10:55:57,122.81,61405,5,卖盘
1704,10:56:00,122.81,417576,34,卖盘
1705,10:56:03,122.83,12283,1,买盘
1706,10:56:06,122.83,208810,17,买盘
1707,10:56:09,122.84,98271,8,买盘
1708,10:56:12,122.8,1240357,101,卖盘
1709,10:56:15,122.81,1387751,113,买盘
1710,10:56:18,122.82,184209,15,买盘
1711,10:56:21,122.81,171934,14,卖盘
1712,10:56:24,122.81,196501,16,卖盘
1713,10:56:27,122.82,98251,8,买盘
1714,10:56:30,122.82,257921,21,买盘
1715,10:56:33,122.89,2542845,207,买盘
1716,10:56:36,122.87,73721,6,中性盘
1717,10:56:39,122.9,49156,4,买盘
1718,10:56:42,122.87,516081,42,卖盘
1719,10:56:45,122.87,184306,15,买盘
1720,10:56:48,122.87,61435,5,买盘
1721,10:56:51,122.88,24576,2,买盘
1722,10:56:54,122.88,282616,23,买盘
1723,10:56:57,122.89,73730,6,买盘
1724,10:57:00,122.88,221197,18,卖盘
1725,10:57:03,122.89,491543,40,买盘
1726,10:57:06,122.89,122895,10,卖盘
1727,10:57:09,122.89,847941,69,卖盘
1728,10:57:12,122.9,405569,33,买盘
1729,10:57:15,122.9,245796,20,卖盘
1730,10:57:18,122.91,319557,26,买盘
1731,10:57:21,122.9,73745,6,卖盘
1732,10:57:24,122.91,98323,8,买盘
1733,10:57:27,122.91,712828,58,买盘
1734,10:57:30,122.91,135199,11,买盘
1735,10:57:33,122.91,122907,10,买盘
1736,10:57:36,122.91,430173,35,买盘
1737,10:57:39,122.91,1155440,94,中性盘
1738,10:57:42,122.9,356441,29,卖盘
1739,10:57:45,122.89,98317,8,卖盘
1740,10:57:48,122.9,172049,14,买盘
1741,10:57:51,122.9,172058,14,买盘
1742,10:57:54,122.9,258074,21,买盘
1743,10:57:57,122.9,98319,8,买盘
1744,10:58:00,122.88,319531,26,卖盘
1745,10:58:03,122.89,872453,71,买盘
1746,10:58:06,122.87,872372,71,卖盘
1747,10:58:09,122.89,983037,80,买盘
1748,10:58:12,122.86,61429,5,中性盘
1749,10:58:15,122.85,147438,12,卖盘
1750,10:58:18,122.85,61426,5,卖盘
1751,10:58:21,122.87,12287,1,买盘
1752,10:58:24,122.9,663549,54,买盘
1753,10:58:27,122.85,36855,3,中性盘
1754,10:58:30,122.9,958470,78,买盘
1755,10:58:33,122.92,712784,58,买盘
1756,10:58:36,122.92,12292,1,卖盘
1757,10:58:39,122.92,49170,4,卖盘
1758,10:58:42,122.94,135228,11,买盘
1759,10:58:45,122.94,73763,6,买盘
1760,10:58:48,122.92,61464,5,卖盘
1761,10:58:51,122.94,196687,16,买盘
1762,10:58:54,122.92,872749,71,卖盘
1763,10:58:57,122.92,172080,14,买盘
1764,10:59:00,122.9,454751,37,卖盘
1765,10:59:03,122.89,73739,6,中性盘
1766,10:59:06,122.9,221220,18,买盘
1767,10:59:09,122.89,294955,24,卖盘
1768,10:59:12,122.9,73732,6,买盘
1769,10:59:15,122.9,688279,56,买盘
1770,10:59:18,122.9,24580,2,卖盘
1771,10:59:21,122.87,172045,14,卖盘
1772,10:59:24,122.86,98294,8,卖盘
1773,10:59:27,122.9,356373,29,买盘
1774,10:59:30,122.87,552875,45,卖盘
1775,10:59:33,122.88,98299,8,买盘
1776,10:59:36,122.88,147464,12,买盘
1777,10:59:42,122.9,147480,12,买盘
1778,10:59:45,122.9,73738,6,买盘
1779,10:59:48,122.89,135171,11,中性盘
1780,10:59:51,122.9,61448,5,买盘
1781,10:59:54,122.9,122898,10,买盘
1782,10:59:57,122.9,344088,28,买盘
1783,11:00:00,122.88,184343,15,卖盘
1784,11:00:03,122.92,589955,48,买盘
1785,11:00:06,122.9,73740,6,中性盘
1786,11:00:09,122.92,307285,25,买盘
1787,11:00:12,122.9,36869,3,买盘
1788,11:00:15,122.89,49159,4,卖盘
1789,11:00:18,122.91,98322,8,买盘
1790,11:00:21,122.89,36867,3,卖盘
1791,11:00:24,122.89,49157,4,卖盘
1792,11:00:27,122.89,73739,6,卖盘
1793,11:00:30,122.89,147470,12,卖盘
1794,11:00:33,122.89,172058,14,卖盘
1795,11:00:36,122.88,172047,14,卖盘
1796,11:00:39,122.88,1056788,86,卖盘
1797,11:00:42,122.88,147456,12,卖盘
1798,11:00:45,122.87,98298,8,卖盘
1799,11:00:48,122.87,61437,5,卖盘
1800,11:00:51,122.87,36861,3,买盘
1801,11:00:54,122.86,49146,4,卖盘
1802,11:00:57,122.86,466866,38,卖盘
1803,11:01:00,122.85,601988,49,卖盘
1804,11:01:03,122.85,61424,5,买盘
1805,11:01:06,122.84,257985,21,卖盘
1806,11:01:09,122.85,98280,8,买盘
1807,11:01:12,122.83,159685,13,卖盘
1808,11:01:15,122.84,12284,1,中性盘
1809,11:01:21,122.82,110548,9,卖盘
1810,11:01:24,122.81,184229,15,卖盘
1811,11:01:27,122.8,208779,17,卖盘
1812,11:01:30,122.8,196476,16,卖盘
1813,11:01:33,122.8,12280,1,卖盘
1814,11:01:36,122.81,196455,16,买盘
1815,11:01:39,122.81,49123,4,买盘
1816,11:01:42,122.82,61410,5,买盘
1817,11:01:45,122.8,196490,16,卖盘
1818,11:01:48,122.84,687839,56,买盘
1819,11:01:51,122.86,2702880,220,买盘
1820,11:01:54,122.86,798650,65,卖盘
1821,11:01:57,122.87,147441,12,买盘
1822,11:02:00,122.87,98295,8,买盘
1823,11:02:03,122.87,1339279,109,买盘
1824,11:02:06,122.87,405470,33,买盘
1825,11:02:09,122.9,331784,27,买盘
1826,11:02:12,122.9,331817,27,买盘
1827,11:02:15,122.9,12290,1,买盘
1828,11:02:18,122.88,49154,4,卖盘
1829,11:02:21,122.89,196619,16,卖盘
1830,11:02:24,122.9,12290,1,买盘
1831,11:02:27,122.89,368653,30,买盘
1832,11:02:30,122.88,98313,8,卖盘
1833,11:02:33,122.9,196630,16,买盘
1834,11:02:36,122.89,12289,1,卖盘
1835,11:02:39,122.89,61447,5,卖盘
1836,11:02:42,122.89,73736,6,卖盘
1837,11:02:45,122.88,36866,3,卖盘
1838,11:02:48,122.88,86016,7,卖盘
1839,11:02:51,122.86,294887,24,卖盘
1840,11:02:54,122.86,85996,7,买盘
1841,11:02:57,122.84,12284,1,中性盘
1842,11:03:00,122.86,12286,1,买盘
1843,11:03:03,122.83,36850,3,卖盘
1844,11:03:06,122.84,36852,3,中性盘
1845,11:03:09,122.83,12283,1,卖盘
1846,11:03:12,122.83,85981,7,卖盘
1847,11:03:15,122.83,110550,9,卖盘
1848,11:03:18,122.83,61415,5,卖盘
1849,11:03:21,122.82,98260,8,卖盘
1850,11:03:24,122.83,122831,10,买盘
1851,11:03:27,122.84,98269,8,买盘
1852,11:03:30,122.82,147386,12,卖盘
1853,11:03:33,122.84,49134,4,买盘
1854,11:03:36,122.84,24567,2,买盘
1855,11:03:39,122.84,12284,1,买盘
1856,11:03:42,122.83,85985,7,卖盘
1857,11:03:45,122.83,73698,6,卖盘
1858,11:03:48,122.83,417604,34,卖盘
1859,11:03:51,122.85,749329,61,买盘
1860,11:03:54,122.87,159714,13,买盘
1861,11:03:57,122.85,85998,7,卖盘
1862,11:04:00,122.86,49141,4,中性盘
1863,11:04:03,122.85,245703,20,买盘
1864,11:04:06,122.85,147406,12,卖盘
1865,11:04:09,122.8,282530,23,卖盘
1866,11:04:12,122.83,245641,20,中性盘
1867,11:04:15,122.83,159679,13,卖盘
1868,11:04:18,122.83,49132,4,卖盘
1869,11:04:21,122.83,98258,8,买盘
1870,11:04:24,122.82,85979,7,卖盘
1871,11:04:27,122.83,36849,3,中性盘
1872,11:04:30,122.82,61413,5,卖盘
1873,11:04:33,122.82,73692,6,卖盘
1874,11:04:36,122.82,24565,2,卖盘
1875,11:04:39,122.82,49130,4,卖盘
1876,11:04:42,122.83,724619,59,中性盘
1877,11:04:45,122.81,110521,9,中性盘
1878,11:04:48,122.78,85947,7,卖盘
1879,11:04:51,122.75,270058,22,卖盘
1880,11:04:54,122.75,49100,4,卖盘
1881,11:04:57,122.73,184120,15,卖盘
1882,11:05:00,122.74,589113,48,买盘
1883,11:05:03,122.74,944950,77,买盘
1884,11:05:06,122.74,159560,13,买盘
1885,11:05:09,122.73,515508,42,中性盘
1886,11:05:12,122.74,171840,14,中性盘
1887,11:05:18,122.78,122775,10,买盘
1888,11:05:21,122.74,208671,17,卖盘
1889,11:05:24,122.78,24556,2,中性盘
1890,11:05:27,122.79,159607,13,买盘
1891,11:05:30,122.75,147323,12,卖盘
1892,11:05:33,122.75,49103,4,卖盘
1893,11:05:36,122.75,184141,15,卖盘
1894,11:05:39,122.75,85927,7,卖盘
1895,11:05:42,122.75,24550,2,卖盘
1896,11:05:45,122.78,85939,7,中性盘
1897,11:05:48,122.76,233286,19,卖盘
1898,11:05:51,122.79,1485508,121,买盘
1899,11:05:54,122.78,417469,34,卖盘
1900,11:05:57,122.79,540233,44,买盘
1901,11:06:00,122.79,49114,4,买盘
1902,11:06:03,122.79,859525,70,买盘
1903,11:06:06,122.79,12279,1,卖盘
1904,11:06:09,122.78,61394,5,卖盘
1905,11:06:12,122.79,920989,75,中性盘
1906,11:06:15,122.78,171900,14,卖盘
1907,11:06:18,122.79,24558,2,卖盘
1908,11:06:21,122.81,1031558,84,买盘
1909,11:06:24,122.83,798298,65,买盘
1910,11:06:27,122.83,122839,10,中性盘
1911,11:06:30,122.83,147404,12,卖盘
1912,11:06:33,122.84,196533,16,买盘
1913,11:06:39,122.84,184260,15,买盘
1914,11:06:42,122.84,405370,33,买盘
1915,11:06:45,122.85,282536,23,买盘
1916,11:06:48,122.84,73709,6,卖盘
1917,11:06:54,122.85,245699,20,买盘
1918,11:06:57,122.85,12285,1,买盘
1919,11:07:00,122.85,36854,3,买盘
1920,11:07:03,122.85,12285,1,买盘
1921,11:07:06,122.84,343978,28,卖盘
1922,11:07:09,122.86,1019672,83,买盘
1923,11:07:12,122.88,159740,13,买盘
1924,11:07:15,122.89,454678,37,买盘
1925,11:07:18,122.9,2912532,237,买盘
1926,11:07:21,122.89,110608,9,卖盘
1927,11:07:24,122.89,110607,9,卖盘
1928,11:07:27,122.9,98319,8,中性盘
1929,11:07:30,122.91,36873,3,买盘
1930,11:07:33,122.9,147482,12,卖盘
1931,11:07:36,122.9,24580,2,中性盘
1932,11:07:39,122.9,172066,14,卖盘
1933,11:07:42,122.91,86032,7,买盘
1934,11:07:45,122.9,86030,7,卖盘
1935,11:07:48,122.9,49159,4,买盘
1936,11:07:51,122.89,49159,4,卖盘
1937,11:07:54,122.9,73740,6,买盘
1938,11:07:57,122.91,135201,11,买盘
1939,11:08:00,122.92,110615,9,买盘
1940,11:08:03,122.88,380962,31,卖盘
1941,11:08:06,122.9,172060,14,买盘
1942,11:08:09,122.88,12288,1,卖盘
1943,11:08:12,122.88,61443,5,卖盘
1944,11:08:18,122.9,49157,4,买盘
1945,11:08:21,122.89,49157,4,卖盘
1946,11:08:24,122.9,135190,11,买盘
1947,11:08:27,122.91,49161,4,买盘
1948,11:08:30,122.9,12290,1,卖盘
1949,11:08:33,122.91,135194,11,买盘
1950,11:08:36,122.9,221221,18,卖盘
1951,11:08:39,122.9,135181,11,买盘
1952,11:08:42,122.88,602120,49,卖盘
1953,11:08:45,122.88,110594,9,卖盘
1954,11:08:48,122.88,49150,4,买盘
1955,11:08:51,122.86,49146,4,卖盘
1956,11:08:54,122.88,245734,20,买盘
1957,11:08:57,122.85,344056,28,卖盘
1958,11:09:00,122.87,184318,15,卖盘
1959,11:09:03,122.87,761871,62,卖盘
1960,11:09:06,122.87,577572,47,卖盘
1961,11:09:09,122.86,294880,24,卖盘
1962,11:09:12,122.89,454602,37,买盘
1963,11:09:15,122.89,172046,14,买盘
1964,11:09:18,122.89,1364074,111,买盘
1965,11:09:21,122.88,122882,10,卖盘
1966,11:09:24,122.88,86025,7,卖盘
1967,11:09:27,122.88,24576,2,卖盘
1968,11:09:30,122.88,61440,5,卖盘
1969,11:09:33,122.9,393280,32,买盘
1970,11:09:36,122.89,1007766,82,卖盘
1971,11:09:39,122.9,110624,9,中性盘
1972,11:09:42,122.91,147490,12,买盘
1973,11:09:48,122.91,208946,17,买盘
1974,11:09:51,122.9,233526,19,卖盘
1975,11:09:54,122.9,110609,9,中性盘
1976,11:09:57,122.89,24578,2,卖盘
1977,11:10:00,122.89,221202,18,卖盘
1978,11:10:03,122.88,24576,2,卖盘
1979,11:10:06,122.9,319535,26,买盘
1980,11:10:09,122.88,12288,1,卖盘
1981,11:10:12,122.89,49156,4,卖盘
1982,11:10:15,122.89,73735,6,卖盘
1983,11:10:18,122.89,73739,6,卖盘
1984,11:10:21,122.89,61447,5,卖盘
1985,11:10:24,122.89,36867,3,卖盘
1986,11:10:30,122.9,159763,13,买盘
1987,11:10:33,122.88,49155,4,卖盘
1988,11:10:36,122.9,12290,1,买盘
1989,11:10:39,122.89,12289,1,中性盘
1990,11:10:42,122.91,184353,15,买盘
1991,11:10:45,122.9,12290,1,中性盘
1992,11:10:48,122.89,86023,7,卖盘
1993,11:10:51,122.9,159768,13,买盘
1994,11:10:54,122.9,36870,3,买盘
1995,11:10:57,122.9,36870,3,卖盘
1996,11:11:00,122.9,233527,19,卖盘
1997,11:11:03,122.9,12290,1,卖盘
1998,11:11:06,122.9,36870,3,卖盘
1999,11:11:09,122.9,135190,11,卖盘
2000,11:11:12,122.9,110614,9,买盘
2001,11:11:15,122.91,49164,4,买盘
2002,11:11:18,122.9,24580,2,卖盘
2003,11:11:21,122.9,245804,20,卖盘
2004,11:11:24,122.9,61450,5,卖盘
2005,11:11:27,122.9,12290,1,卖盘
2006,11:11:30,122.9,12290,1,卖盘
2007,11:11:33,122.91,36872,3,买盘
2008,11:11:36,122.9,24580,2,卖盘
2009,11:11:39,122.9,761965,62,卖盘
2010,11:11:42,122.91,110610,9,买盘
2011,11:11:45,122.9,12290,1,中性盘
2012,11:11:48,122.88,12288,1,卖盘
2013,11:11:51,122.89,49156,4,卖盘
2014,11:11:54,122.89,36867,3,卖盘
2015,11:12:00,122.9,73740,6,买盘
2016,11:12:03,122.89,24578,2,卖盘
2017,11:12:06,122.88,270337,22,卖盘
2018,11:12:12,122.89,24578,2,买盘
2019,11:12:15,122.87,196595,16,卖盘
2020,11:12:18,122.86,393211,32,卖盘
2021,11:12:21,122.86,24572,2,卖盘
2022,11:12:24,122.87,36861,3,卖盘
2023,11:12:27,122.87,61435,5,中性盘
2024,11:12:30,122.88,307202,25,买盘
2025,11:12:33,122.89,86011,7,买盘
2026,11:12:36,122.87,270316,22,卖盘
2027,11:12:39,122.88,233462,19,买盘
2028,11:12:42,122.87,86013,7,卖盘
2029,11:12:45,122.87,98300,8,卖盘
2030,11:12:48,122.87,98296,8,卖盘
2031,11:12:51,122.88,196606,16,卖盘
2032,11:12:54,122.88,147456,12,卖盘
2033,11:12:57,122.88,24576,2,卖盘
2034,11:13:03,122.89,368667,30,买盘
2035,11:13:06,122.89,12289,1,中性盘
2036,11:13:09,122.9,258088,21,买盘
2037,11:13:12,122.89,12289,1,卖盘
2038,11:13:15,122.89,36867,3,卖盘
2039,11:13:18,122.9,98314,8,买盘
2040,11:13:21,122.9,417858,34,买盘
2041,11:13:24,122.9,49162,4,卖盘
2042,11:13:27,122.91,49163,4,买盘
2043,11:13:30,122.91,73746,6,买盘
2044,11:13:33,122.91,221227,18,买盘
2045,11:13:36,122.92,49168,4,买盘
2046,11:13:39,122.9,196643,16,卖盘
2047,11:13:42,122.92,897313,73,买盘
2048,11:13:45,122.92,528602,43,卖盘
2049,11:13:48,122.95,233597,19,买盘
2050,11:13:51,122.94,49177,4,中性盘
2051,11:13:54,122.94,12294,1,中性盘
2052,11:13:57,122.93,36879,3,卖盘
2053,11:14:00,122.94,36882,3,中性盘
2054,11:14:03,122.94,553259,45,卖盘
2055,11:14:06,122.95,98358,8,买盘
2056,11:14:09,122.95,73769,6,买盘
2057,11:14:12,122.94,12294,1,卖盘
2058,11:14:15,122.94,196692,16,卖盘
2059,11:14:18,122.95,442593,36,买盘
2060,11:14:21,122.95,786878,64,买盘
2061,11:14:24,122.93,73765,6,卖盘
2062,11:14:27,122.92,36876,3,卖盘
2063,11:14:30,122.9,270394,22,卖盘
2064,11:14:33,122.91,86031,7,中性盘
2065,11:14:36,122.89,1425419,116,卖盘
2066,11:14:39,122.89,24577,2,买盘
2067,11:14:42,122.85,565150,46,卖盘
2068,11:14:48,122.84,86000,7,卖盘
2069,11:14:54,122.88,49152,4,买盘
2070,11:14:57,122.88,73728,6,中性盘
2071,11:15:00,122.85,73712,6,卖盘
2072,11:15:03,122.85,319408,26,卖盘
2073,11:15:06,122.85,49142,4,卖盘
2074,11:15:09,122.86,319435,26,买盘
2075,11:15:12,122.85,442294,36,卖盘
2076,11:15:15,122.89,208902,17,买盘
2077,11:15:18,122.88,98296,8,中性盘
2078,11:15:21,122.89,159757,13,买盘
2079,11:15:24,122.88,73728,6,卖盘
2080,11:15:27,122.89,86021,7,买盘
2081,11:15:30,122.87,122877,10,卖盘
2082,11:15:33,122.88,73725,6,买盘
2083,11:15:36,122.88,724992,59,买盘
2084,11:15:39,122.87,49150,4,卖盘
2085,11:15:45,122.89,516135,42,买盘
2086,11:15:48,122.87,49152,4,中性盘
2087,11:15:51,122.89,24578,2,买盘
2088,11:15:54,122.9,233510,19,买盘
2089,11:15:57,122.89,147467,12,中性盘
2090,11:16:00,122.87,245760,20,卖盘
2091,11:16:03,122.91,24581,2,买盘
2092,11:16:06,122.9,172024,14,中性盘
2093,11:16:09,122.84,2579900,210,卖盘
2094,11:16:12,122.9,208897,17,买盘
2095,11:16:15,122.83,196555,16,卖盘
2096,11:16:21,122.88,12288,1,中性盘
2097,11:16:24,122.9,393208,32,买盘
2098,11:16:27,122.85,36855,3,卖盘
2099,11:16:36,122.87,36865,3,中性盘
2100,11:16:39,122.85,171996,14,卖盘
2101,11:16:42,122.84,159705,13,卖盘
2102,11:16:48,122.84,196550,16,卖盘
2103,11:16:51,122.84,159668,13,买盘
2104,11:16:54,122.84,36848,3,买盘
2105,11:16:57,122.84,171950,14,买盘
2106,11:17:00,122.86,368504,30,买盘
2107,11:17:03,122.84,61414,5,中性盘
2108,11:17:06,122.84,737082,60,卖盘
2109,11:17:09,122.86,61428,5,买盘
2110,11:17:12,122.83,85982,7,卖盘
2111,11:17:15,122.85,196563,16,买盘
2112,11:17:18,122.85,98279,8,买盘
2113,11:17:21,122.86,36854,3,买盘
2114,11:17:24,122.87,159720,13,买盘
2115,11:17:27,122.87,245727,20,买盘
2116,11:17:30,122.85,344010,28,卖盘
2117,11:17:33,122.87,12287,1,买盘
2118,11:17:36,122.87,36861,3,中性盘
2119,11:17:39,122.86,36859,3,卖盘
2120,11:17:42,122.86,86004,7,中性盘
2121,11:17:45,122.86,110578,9,中性盘
2122,11:17:48,122.87,24574,2,买盘
2123,11:17:51,122.86,245746,20,卖盘
2124,11:17:54,122.87,49147,4,买盘
2125,11:18:00,122.85,135146,11,卖盘
2126,11:18:03,122.85,36856,3,卖盘
2127,11:18:06,122.85,208877,17,卖盘
2128,11:18:09,122.88,36861,3,买盘
2129,11:18:12,122.86,49144,4,中性盘
2130,11:18:15,122.86,12286,1,卖盘
2131,11:18:18,122.88,86008,7,买盘
2132,11:18:21,122.89,172046,14,买盘
2133,11:18:24,122.86,380908,31,卖盘
2134,11:18:27,122.86,135176,11,卖盘
2135,11:18:30,122.9,405565,33,买盘
2136,11:18:33,122.92,479357,39,买盘
2137,11:18:36,122.9,122914,10,卖盘
2138,11:18:39,122.9,12290,1,卖盘
2139,11:18:42,122.92,135200,11,买盘
2140,11:18:45,122.92,12292,1,中性盘
2141,11:18:48,122.91,86037,7,卖盘
2142,11:18:51,122.9,208933,17,卖盘
2143,11:18:54,122.9,110608,9,买盘
2144,11:18:57,122.9,61446,5,买盘
2145,11:19:00,122.9,86024,7,买盘
2146,11:19:03,122.9,110600,9,买盘
2147,11:19:06,122.9,36867,3,买盘
2148,11:19:09,122.9,36867,3,买盘
2149,11:19:12,122.89,601993,49,中性盘
2150,11:19:15,122.85,1142525,93,卖盘
2151,11:19:18,122.84,270247,22,卖盘
2152,11:19:21,122.82,700076,57,卖盘
2153,11:19:24,122.83,208805,17,中性盘
2154,11:19:27,122.84,491283,40,买盘
2155,11:19:30,122.82,73691,6,卖盘
2156,11:19:33,122.8,699951,57,卖盘
2157,11:19:36,122.79,49113,4,中性盘
2158,11:19:39,122.78,331516,27,卖盘
2159,11:19:42,122.78,61393,5,卖盘
2160,11:19:48,122.79,208735,17,卖盘
2161,11:19:51,122.78,85949,7,卖盘
2162,11:19:54,122.79,73669,6,买盘
2163,11:19:57,122.78,85946,7,卖盘
2164,11:20:00,122.78,24556,2,卖盘
2165,11:20:03,122.78,49114,4,卖盘
2166,11:20:06,122.79,24560,2,中性盘
2167,11:20:09,122.81,270180,22,买盘
2168,11:20:12,122.79,49116,4,卖盘
2169,11:20:15,122.79,49118,4,卖盘
2170,11:20:18,122.81,98247,8,买盘
2171,11:20:21,122.83,196523,16,买盘
2172,11:20:24,122.8,85966,7,卖盘
2173,11:20:27,122.81,49124,4,卖盘
2174,11:20:30,122.81,36843,3,买盘
2175,11:20:33,122.8,122804,10,卖盘
2176,11:20:36,122.8,73681,6,卖盘
2177,11:20:39,122.81,294742,24,买盘
2178,11:20:42,122.82,61410,5,买盘
2179,11:20:45,122.8,85962,7,卖盘
2180,11:20:48,122.81,122808,10,中性盘
2181,11:20:51,122.83,208797,17,买盘
2182,11:20:54,122.83,49132,4,卖盘
2183,11:20:57,122.84,159683,13,买盘
2184,11:21:00,122.83,24566,2,卖盘
2185,11:21:03,122.84,245682,20,买盘
2186,11:21:06,122.85,147420,12,买盘
2187,11:21:09,122.84,749347,61,卖盘
2188,11:21:12,122.84,24568,2,卖盘
2189,11:21:15,122.84,85988,7,卖盘
2190,11:21:18,122.88,36863,3,买盘
2191,11:21:21,122.84,208836,17,卖盘
2192,11:21:24,122.84,73715,6,卖盘
2193,11:21:27,122.88,12288,1,中性盘
2194,11:21:30,122.84,270260,22,卖盘
2195,11:21:33,122.88,135165,11,买盘
2196,11:21:36,122.85,221130,18,中性盘
2197,11:21:39,122.84,73707,6,卖盘
2198,11:21:42,122.85,61425,5,买盘
2199,11:21:45,122.84,479093,39,卖盘
2200,11:21:51,122.86,36856,3,买盘
2201,11:21:54,122.86,159708,13,买盘
2202,11:21:57,122.86,61429,5,买盘
2203,11:22:00,122.85,12285,1,卖盘
2204,11:22:03,122.85,184277,15,卖盘
2205,11:22:06,122.85,159705,13,卖盘
2206,11:22:09,122.85,466848,38,卖盘
2207,11:22:12,122.86,380836,31,中性盘
2208,11:22:15,122.87,221149,18,买盘
2209,11:22:18,122.87,208866,17,买盘
2210,11:22:21,122.87,430041,35,买盘
2211,11:22:24,122.87,319463,26,卖盘
2212,11:22:27,122.87,36860,3,中性盘
2213,11:22:30,122.87,61435,5,卖盘
2214,11:22:33,122.87,73722,6,卖盘
2215,11:22:36,122.88,344059,28,买盘
2216,11:22:39,122.87,24574,2,中性盘
2217,11:22:45,122.88,196592,16,买盘
2218,11:22:48,122.88,49152,4,买盘
2219,11:22:51,122.88,135168,11,买盘
2220,11:22:54,122.87,135162,11,卖盘
2221,11:22:57,122.88,61436,5,买盘
2222,11:23:00,122.87,24574,2,中性盘
2223,11:23:03,122.88,12288,1,买盘
2224,11:23:06,122.88,12288,1,买盘
2225,11:23:09,122.86,307161,25,卖盘
2226,11:23:12,122.86,810920,66,卖盘
2227,11:23:15,122.84,663413,54,卖盘
2228,11:23:18,122.86,98276,8,买盘
2229,11:23:21,122.84,208828,17,卖盘
2230,11:23:24,122.84,712463,58,卖盘
2231,11:23:27,122.85,257968,21,买盘
2232,11:23:30,122.84,417625,34,中性盘
2233,11:23:33,122.83,491320,40,卖盘
2234,11:23:36,122.82,479051,39,卖盘
2235,11:23:39,122.84,552754,45,买盘
2236,11:23:42,122.82,282515,23,卖盘
2237,11:23:45,122.83,135123,11,卖盘
2238,11:23:48,122.83,282519,23,买盘
2239,11:23:51,122.83,245670,20,买盘
2240,11:23:54,122.83,135110,11,中性盘
2241,11:23:57,122.82,257929,21,卖盘
2242,11:24:00,122.84,147392,12,买盘
2243,11:24:03,122.85,147405,12,买盘
2244,11:24:06,122.82,159696,13,卖盘
2245,11:24:09,122.85,1289664,105,买盘
2246,11:24:12,122.83,429939,35,卖盘
2247,11:24:15,122.81,36843,3,卖盘
2248,11:24:18,122.82,171935,14,买盘
2249,11:24:21,122.82,73691,6,买盘
2250,11:24:24,122.82,208778,17,买盘
2251,11:24:27,122.81,61405,5,卖盘
2252,11:24:30,122.81,528162,43,卖盘
2253,11:24:33,122.81,429886,35,卖盘
2254,11:24:36,122.82,85974,7,中性盘
2255,11:24:39,122.82,159660,13,卖盘
2256,11:24:42,122.82,85972,7,卖盘
2257,11:24:45,122.82,36846,3,买盘
2258,11:24:48,122.81,196497,16,卖盘
2259,11:24:51,122.8,675455,55,卖盘
2260,11:24:54,122.8,171930,14,卖盘
2261,11:24:57,122.8,307001,25,卖盘
2262,11:25:00,122.8,208760,17,卖盘
2263,11:25:03,122.81,159646,13,买盘
2264,11:25:06,122.8,122800,10,卖盘
2265,11:25:09,122.81,61404,5,买盘
2266,11:25:12,122.8,73680,6,卖盘
2267,11:25:15,122.79,221043,18,卖盘
2268,11:25:18,122.78,73670,6,卖盘
2269,11:25:21,122.79,380705,31,中性盘
2270,11:25:24,122.81,405259,33,买盘
2271,11:25:27,122.79,233301,19,卖盘
2272,11:25:30,122.79,85953,7,卖盘
2273,11:25:36,122.79,24557,2,买盘
2274,11:25:39,122.78,49112,4,卖盘
2275,11:25:42,122.79,85953,7,买盘
2276,11:25:45,122.79,73672,6,买盘
2277,11:25:48,122.79,61395,5,买盘
2278,11:25:51,122.78,73673,6,卖盘
2279,11:25:57,122.78,61390,5,卖盘
2280,11:26:00,122.79,12279,1,中性盘
2281,11:26:03,122.78,36834,3,卖盘
2282,11:26:06,122.78,61390,5,卖盘
2283,11:26:09,122.79,61392,5,买盘
2284,11:26:12,122.78,98224,8,卖盘
2285,11:26:15,122.78,270116,22,卖盘
2286,11:26:18,122.78,49112,4,卖盘
2287,11:26:21,122.78,110502,9,卖盘
2288,11:26:24,122.78,356062,29,卖盘
2289,11:26:27,122.78,306950,25,卖盘
2290,11:26:30,122.78,221004,18,卖盘
2291,11:26:33,122.78,233283,19,卖盘
2292,11:26:36,122.78,135058,11,卖盘
2293,11:26:39,122.78,171892,14,卖盘
2294,11:26:42,122.79,855968,70,买盘
2295,11:26:45,122.79,36837,3,卖盘
2296,11:26:48,122.8,61397,5,买盘
2297,11:26:51,122.8,12280,1,买盘
2298,11:26:54,122.79,1559539,127,卖盘
2299,11:26:57,122.79,343816,28,卖盘
2300,11:27:00,122.8,478917,39,买盘
2301,11:27:03,122.81,73682,6,买盘
2302,11:27:06,122.81,356122,29,买盘
2303,11:27:09,122.8,159644,13,卖盘
2304,11:27:12,122.8,110525,9,卖盘
2305,11:27:15,122.82,478959,39,买盘
2306,11:27:18,122.82,24564,2,买盘
2307,11:27:21,122.82,36846,3,买盘
2308,11:27:24,122.81,343868,28,卖盘
2309,11:27:27,122.81,85968,7,卖盘
2310,11:27:30,122.81,85971,7,卖盘
2311,11:27:33,122.8,761434,62,卖盘
2312,11:27:36,122.82,466693,38,买盘
2313,11:27:39,122.82,12282,1,卖盘
2314,11:27:42,122.82,49128,4,卖盘
2315,11:27:45,122.82,61410,5,卖盘
2316,11:27:48,122.83,12283,1,买盘
2317,11:27:51,122.83,479028,39,买盘
2318,11:27:54,122.83,24566,2,卖盘
2319,11:27:57,122.83,12283,1,卖盘
2320,11:28:00,122.83,393060,32,卖盘
2321,11:28:03,122.84,184260,15,买盘
2322,11:28:06,122.84,73699,6,买盘
2323,11:28:09,122.85,221127,18,买盘
2324,11:28:12,122.83,12283,1,卖盘
2325,11:28:15,122.83,159697,13,卖盘
2326,11:28:18,122.83,343962,28,卖盘
2327,11:28:21,122.83,85985,7,卖盘
2328,11:28:24,122.84,798571,65,买盘
2329,11:28:27,122.87,49139,4,中性盘
2330,11:28:30,122.84,430071,35,卖盘
2331,11:28:33,122.84,122838,10,买盘
2332,11:28:36,122.84,73711,6,卖盘
2333,11:28:39,122.88,98294,8,买盘
2334,11:28:42,122.84,24567,2,中性盘
2335,11:28:45,122.83,24567,2,卖盘
2336,11:28:48,122.89,24578,2,买盘
2337,11:28:51,122.89,307161,25,买盘
2338,11:28:57,122.84,122832,10,买盘
2339,11:29:00,122.83,49132,4,卖盘
2340,11:29:03,122.85,479029,39,买盘
2341,11:29:06,122.84,24569,2,中性盘
2342,11:29:09,122.82,98266,8,卖盘
2343,11:29:12,122.83,85976,7,买盘
2344,11:29:15,122.82,171949,14,卖盘
2345,11:29:21,122.82,98257,8,卖盘
2346,11:29:24,122.82,122830,10,卖盘
2347,11:29:27,122.84,73701,6,买盘
2348,11:29:30,122.84,24568,2,中性盘
2349,11:29:33,122.82,147388,12,卖盘
2350,11:29:36,122.85,49136,4,买盘
2351,11:29:39,122.82,24564,2,卖盘
2352,11:29:42,122.85,61417,5,买盘
2353,11:29:45,122.85,61425,5,卖盘
2354,11:29:48,122.85,24570,2,买盘
2355,11:29:51,122.85,98276,8,买盘
2356,11:29:54,122.85,73710,6,买盘
2357,11:30:00,122.85,49142,4,卖盘
2358,13:00:00,122.86,233435,19,买盘
2359,13:00:03,122.86,4336849,353,卖盘
2360,13:00:06,122.86,810749,66,卖盘
2361,13:00:09,122.82,270225,22,卖盘
2362,13:00:12,122.82,564973,46,卖盘
2363,13:00:15,122.82,135102,11,卖盘
2364,13:00:18,122.82,294769,24,卖盘
2365,13:00:21,122.82,307050,25,卖盘
2366,13:00:24,122.82,171945,14,卖盘
2367,13:00:27,122.82,147375,12,买盘
2368,13:00:30,122.8,73684,6,卖盘
2369,13:00:33,122.82,221057,18,买盘
2370,13:00:36,122.82,196484,16,买盘
2371,13:00:39,122.82,110526,9,买盘
2372,13:00:42,122.81,36843,3,卖盘
2373,13:00:45,122.81,294765,24,卖盘
2374,13:00:48,122.79,2050764,167,卖盘
2375,13:00:51,122.8,73677,6,中性盘
2376,13:00:54,122.79,135069,11,卖盘
2377,13:00:57,122.8,245584,20,买盘
2378,13:01:00,122.79,380649,31,卖盘
2379,13:01:03,122.8,159633,13,买盘
2380,13:01:06,122.79,36839,3,卖盘
2381,13:01:09,122.8,24560,2,买盘
2382,13:01:12,122.81,687719,56,买盘
2383,13:01:15,122.82,319336,26,卖盘
2384,13:01:18,122.82,184237,15,卖盘
2385,13:01:21,122.83,147386,12,买盘
2386,13:01:24,122.82,2174278,177,卖盘
2387,13:01:27,122.83,147421,12,中性盘
2388,13:01:30,122.83,503780,41,卖盘
2389,13:01:33,122.91,1142952,93,买盘
2390,13:01:36,122.92,282712,23,买盘
2391,13:01:39,122.92,233566,19,卖盘
2392,13:01:42,122.9,221266,18,卖盘
2393,13:01:45,122.89,762083,62,卖盘
2394,13:01:48,122.94,12294,1,买盘
2395,13:01:51,122.89,172058,14,卖盘
2396,13:01:54,122.94,245811,20,买盘
2397,13:01:57,122.94,491524,40,买盘
2398,13:02:00,122.89,73744,6,卖盘
2399,13:02:03,122.94,98328,8,中性盘
2400,13:02:06,122.95,24590,2,买盘
2401,13:02:09,122.89,614492,50,卖盘
2402,13:02:12,122.95,122920,10,买盘
2403,13:02:15,122.95,172120,14,买盘
2404,13:02:18,122.94,159824,13,卖盘
2405,13:02:21,122.9,208951,17,卖盘
2406,13:02:24,122.9,221234,18,卖盘
2407,13:02:27,122.9,208931,17,卖盘
2408,13:02:30,122.93,122922,10,买盘
2409,13:02:33,122.9,49164,4,卖盘
2410,13:02:36,122.92,73749,6,买盘
2411,13:02:39,122.91,344172,28,买盘
2412,13:02:42,122.93,135209,11,买盘
2413,13:02:45,122.93,73758,6,卖盘
2414,13:02:48,122.93,61465,5,卖盘
2415,13:02:51,122.94,135234,11,买盘
2416,13:02:54,122.94,147528,12,买盘
2417,13:02:57,122.93,135233,11,卖盘
2418,13:03:00,122.94,122945,10,卖盘
2419,13:03:03,122.94,762285,62,卖盘
2420,13:03:06,122.95,196716,16,卖盘
2421,13:03:09,122.95,295094,24,卖盘
2422,13:03:12,122.97,553314,45,买盘
2423,13:03:15,122.97,135259,11,买盘
2424,13:03:18,122.97,172154,14,买盘
2425,13:03:21,122.98,577963,47,买盘
2426,13:03:24,122.98,73785,6,买盘
2427,13:03:27,122.98,184470,15,买盘
2428,13:03:30,122.99,651842,53,买盘
2429,13:03:33,122.99,3837270,312,买盘
2430,13:03:36,122.99,2017096,164,买盘
2431,13:03:39,123.0,1033182,84,买盘
2432,13:03:42,123.0,2164789,176,买盘
2433,13:03:45,122.99,442779,36,卖盘
2434,13:03:48,123.0,713390,58,买盘
2435,13:03:51,123.0,258298,21,买盘
2436,13:03:54,122.99,184487,15,卖盘
2437,13:03:57,123.0,245996,20,买盘
2438,13:04:00,122.99,172185,14,买盘
2439,13:04:03,123.0,172200,14,买盘
2440,13:04:06,123.0,442786,36,卖盘
2441,13:04:09,123.0,258300,21,卖盘
2442,13:04:12,123.0,147600,12,买盘
2443,13:04:15,123.0,135299,11,卖盘
2444,13:04:18,123.0,282898,23,中性盘
2445,13:04:21,123.0,61499,5,买盘
2446,13:04:24,123.01,344399,28,买盘
2447,13:04:27,122.99,3308454,269,卖盘
2448,13:04:30,123.0,405887,33,买盘
2449,13:04:33,122.99,381243,31,卖盘
2450,13:04:36,122.99,61492,5,买盘
2451,13:04:39,122.99,147568,12,买盘
2452,13:04:42,122.97,73785,6,卖盘
2453,13:04:45,122.97,49190,4,卖盘
2454,13:04:48,122.97,135274,11,卖盘
2455,13:04:51,122.97,159870,13,卖盘
2456,13:04:54,122.98,135277,11,中性盘
2457,13:04:57,122.99,86085,7,买盘
2458,13:05:00,122.97,61485,5,卖盘
2459,13:05:03,122.98,307442,25,中性盘
2460,13:05:06,122.96,332019,27,卖盘
2461,13:05:09,122.97,73781,6,中性盘
2462,13:05:12,122.96,122970,10,卖盘
2463,13:05:15,122.98,24595,2,买盘
2464,13:05:18,122.98,86086,7,买盘
2465,13:05:21,122.97,49189,4,卖盘
2466,13:05:24,122.97,122970,10,卖盘
2467,13:05:27,122.97,172144,14,卖盘
2468,13:05:30,122.96,221322,18,中性盘
2469,13:05:33,122.95,122955,10,卖盘
2470,13:05:36,122.97,577937,47,买盘
2471,13:05:39,122.98,12298,1,买盘
2472,13:05:42,122.98,98378,8,买盘
2473,13:05:45,122.98,36894,3,买盘
2474,13:05:48,122.98,36892,3,买盘
2475,13:05:51,122.98,73788,6,买盘
2476,13:05:54,122.98,159874,13,买盘
2477,13:05:57,122.98,122979,10,买盘
2478,13:06:00,122.98,61487,5,买盘
2479,13:06:03,122.98,258258,21,买盘
2480,13:06:06,122.98,73788,6,卖盘
2481,13:06:09,122.96,627146,51,卖盘
2482,13:06:12,122.98,24596,2,买盘
2483,13:06:15,122.93,1032765,84,卖盘
2484,13:06:18,122.93,1352528,110,卖盘
2485,13:06:21,122.91,307257,25,卖盘
2486,13:06:24,122.9,24581,2,卖盘
2487,13:06:27,122.95,49168,4,买盘
2488,13:06:30,122.91,73750,6,卖盘
2489,13:06:33,122.95,159832,13,买盘
2490,13:06:36,122.92,49174,4,中性盘
2491,13:06:39,122.93,553275,45,中性盘
2492,13:06:42,122.96,258207,21,买盘
2493,13:06:45,122.95,233615,19,卖盘
2494,13:06:48,122.96,61478,5,买盘
2495,13:06:51,122.96,24592,2,中性盘
2496,13:06:54,122.97,848504,69,买盘
2497,13:06:57,122.99,1193032,97,买盘
2498,13:07:00,123.0,86097,7,买盘
2499,13:07:03,123.05,1414666,115,买盘
2500,13:07:06,123.05,49220,4,卖盘
2501,13:07:09,123.06,24612,2,买盘
2502,13:07:12,123.06,258415,21,买盘
2503,13:07:15,123.06,36917,3,卖盘
2504,13:07:18,123.05,24610,2,卖盘
2505,13:07:21,123.05,24610,2,卖盘
2506,13:07:24,123.01,1094829,89,卖盘
2507,13:07:27,123.01,209134,17,卖盘
2508,13:07:30,123.01,1709730,139,卖盘
2509,13:07:33,123.01,430535,35,买盘
2510,13:07:36,123.02,602863,49,中性盘
2511,13:07:39,123.01,61505,5,卖盘
2512,13:07:42,123.02,49208,4,中性盘
2513,13:07:45,123.02,12302,1,卖盘
2514,13:07:48,123.02,49210,4,卖盘
2515,13:07:51,123.03,282969,23,买盘
2516,13:07:54,123.04,775096,63,买盘
2517,13:07:57,123.03,221455,18,卖盘
2518,13:08:00,123.03,86125,7,卖盘
2519,13:08:03,123.04,36912,3,买盘
2520,13:08:06,123.04,12304,1,买盘
2521,13:08:09,123.04,86128,7,买盘
2522,13:08:12,123.04,86128,7,卖盘
2523,13:08:15,123.05,110741,9,买盘
2524,13:08:18,123.05,147653,12,买盘
2525,13:08:21,123.05,24609,2,买盘
2526,13:08:24,123.03,147646,12,卖盘
2527,13:08:27,123.02,1550164,126,卖盘
2528,13:08:30,123.03,282952,23,买盘
2529,13:08:33,123.01,159934,13,卖盘
2530,13:08:36,123.02,98416,8,买盘
2531,13:08:39,123.02,36906,3,卖盘
2532,13:08:42,123.03,110727,9,买盘
2533,13:08:45,123.03,61514,5,卖盘
2534,13:08:48,123.02,110719,9,卖盘
2535,13:08:51,123.02,12302,1,买盘
2536,13:08:57,123.01,86112,7,卖盘
2537,13:09:00,123.01,184526,15,卖盘
2538,13:09:03,123.01,172216,14,卖盘
2539,13:09:06,123.01,196816,16,卖盘
2540,13:09:09,123.02,61507,5,买盘
2541,13:09:12,123.02,135314,11,买盘
2542,13:09:15,123.01,233719,19,卖盘
2543,13:09:18,123.01,61506,5,卖盘
2544,13:09:21,123.01,36903,3,卖盘
2545,13:09:24,123.02,98416,8,买盘
2546,13:09:27,123.01,934877,76,卖盘
2547,13:09:30,123.01,246020,20,卖盘
2548,13:09:33,122.99,467412,38,卖盘
2549,13:09:36,122.99,36897,3,卖盘
2550,13:09:39,123.0,122995,10,买盘
2551,13:09:42,123.0,36900,3,买盘
2552,13:09:45,122.97,688645,56,卖盘
2553,13:09:48,122.97,196764,16,卖盘
2554,13:09:51,122.95,2041181,166,卖盘
2555,13:09:54,122.92,221277,18,卖盘
2556,13:09:57,122.92,86044,7,卖盘
2557,13:10:00,122.92,36875,3,买盘
2558,13:10:03,122.91,24582,2,卖盘
2559,13:10:09,122.92,24584,2,买盘
2560,13:10:12,122.92,393343,32,买盘
2561,13:10:15,122.93,2482713,202,买盘
2562,13:10:18,122.93,172093,14,买盘
2563,13:10:21,122.93,24586,2,买盘
2564,13:10:24,122.93,36879,3,买盘
2565,13:10:27,122.93,393368,32,买盘
2566,13:10:30,122.93,61462,5,买盘
2567,13:10:33,122.92,12292,1,卖盘
2568,13:10:36,122.92,61460,5,卖盘
2569,13:10:39,122.92,159808,13,卖盘
2570,13:10:42,122.93,282739,23,买盘
2571,13:10:45,122.93,184396,15,卖盘
2572,13:10:48,122.94,135228,11,买盘
2573,13:10:51,122.94,86054,7,买盘
2574,13:10:54,122.95,209013,17,买盘
2575,13:10:57,122.97,73776,6,买盘
2576,13:11:03,122.94,24589,2,卖盘
2577,13:11:06,122.96,36885,3,买盘
2578,13:11:09,122.94,98352,8,卖盘
2579,13:11:15,122.94,135227,11,买盘
2580,13:11:18,122.91,1315267,107,卖盘
2581,13:11:21,122.9,135203,11,卖盘
2582,13:11:24,122.9,135190,11,卖盘
2583,13:11:27,122.9,454766,37,卖盘
2584,13:11:30,122.93,172066,14,买盘
2585,13:11:33,122.92,61455,5,卖盘
2586,13:11:36,122.91,61455,5,中性盘
2587,13:11:39,122.91,61454,5,买盘
2588,13:11:42,122.91,49164,4,买盘
2589,13:11:45,122.93,479398,39,买盘
2590,13:11:48,122.94,135233,11,买盘
2591,13:11:51,122.93,24587,2,卖盘
2592,13:11:54,122.94,36882,3,中性盘
2593,13:11:57,122.94,86053,7,买盘
2594,13:12:00,122.94,49179,4,卖盘
2595,13:12:06,122.95,24589,2,买盘
2596,13:12:09,122.93,688434,56,卖盘
2597,13:12:12,122.95,49179,4,买盘
2598,13:12:15,122.95,61474,5,买盘
2599,13:12:18,122.94,159834,13,卖盘
2600,13:12:21,122.93,73765,6,卖盘
2601,13:12:24,122.95,209004,17,买盘
2602,13:12:27,122.95,98367,8,中性盘
2603,13:12:30,122.98,676254,55,买盘
2604,13:12:33,122.98,479608,39,买盘
2605,13:12:36,122.98,61490,5,卖盘
2606,13:12:39,122.98,12298,1,卖盘
2607,13:12:42,122.99,1574265,128,买盘
2608,13:12:45,122.98,245972,20,卖盘
2609,13:12:48,122.97,36891,3,中性盘
2610,13:12:51,122.99,996219,81,买盘
2611,13:12:54,122.99,24598,2,买盘
2612,13:12:57,122.99,147586,12,买盘
2613,13:13:00,122.99,49193,4,中性盘
2614,13:13:03,123.0,36898,3,买盘
2615,13:13:09,122.99,61495,5,卖盘
2616,13:13:12,122.99,49195,4,买盘
2617,13:13:15,122.99,1389868,113,买盘
2618,13:13:18,123.01,393628,32,买盘
2619,13:13:21,123.03,307557,25,买盘
2620,13:13:24,123.01,504362,41,卖盘
2621,13:13:27,123.01,1943557,158,买盘
2622,13:13:30,123.04,356738,29,买盘
2623,13:13:33,123.03,36908,3,买盘
2624,13:13:36,123.03,61514,5,买盘
2625,13:13:39,123.04,110728,9,买盘
2626,13:13:42,123.04,147630,12,买盘
2627,13:13:45,123.04,184553,15,买盘
2628,13:13:48,123.05,221469,18,买盘
2629,13:13:51,123.04,12304,1,中性盘
2630,13:13:54,123.02,369060,30,卖盘
2631,13:13:57,123.04,36912,3,买盘
2632,13:14:00,123.04,159959,13,买盘
2633,13:14:03,123.05,98432,8,买盘
2634,13:14:06,123.04,381402,31,卖盘
2635,13:14:09,123.04,24607,2,买盘
2636,13:14:12,123.04,172249,14,买盘
2637,13:14:15,123.02,73818,6,卖盘
2638,13:14:18,123.05,73820,6,买盘
2639,13:14:21,123.01,405975,33,卖盘
2640,13:14:24,123.01,61506,5,卖盘
2641,13:14:27,123.01,49201,4,中性盘
2642,13:14:30,123.0,73801,6,卖盘
2643,13:14:33,123.0,184502,15,卖盘
2644,13:14:36,123.01,73804,6,卖盘
2645,13:14:39,123.0,209128,17,卖盘
2646,13:14:42,123.0,73802,6,卖盘
2647,13:14:45,123.0,98397,8,买盘
2648,13:14:51,122.98,73791,6,卖盘
2649,13:14:54,123.01,36900,3,买盘
2650,13:14:57,122.98,36896,3,卖盘
2651,13:15:00,122.99,36896,3,中性盘
2652,13:15:03,122.98,86086,7,卖盘
2653,13:15:06,122.99,24597,2,买盘
2654,13:15:09,122.98,209066,17,卖盘
2655,13:15:12,122.99,61495,5,买盘
2656,13:15:15,122.99,135279,11,买盘
2657,13:15:18,122.98,86086,7,卖盘
2658,13:15:21,122.99,147577,12,买盘
2659,13:15:24,122.99,49194,4,买盘
2660,13:15:27,122.99,159887,13,买盘
2661,13:15:30,122.98,209070,17,卖盘
2662,13:15:33,122.99,49193,4,买盘
2663,13:15:36,122.99,159882,13,买盘
2664,13:15:39,122.98,381243,31,卖盘
2665,13:15:42,122.97,184468,15,卖盘
2666,13:15:45,122.99,122972,10,买盘
2667,13:15:48,122.97,36893,3,卖盘
2668,13:15:51,122.98,36892,3,买盘
2669,13:15:54,122.97,61483,5,卖盘
2670,13:15:57,122.96,24593,2,卖盘
2671,13:16:00,122.96,61484,5,卖盘
2672,13:16:03,122.99,737799,60,买盘
2673,13:16:06,122.99,49194,4,买盘
2674,13:16:09,122.99,122985,10,买盘
2675,13:16:12,122.99,49196,4,卖盘
2676,13:16:15,122.99,159892,13,卖盘
2677,13:16:18,123.0,12300,1,买盘
2678,13:16:21,122.99,86093,7,卖盘
2679,13:16:24,123.0,98393,8,买盘
2680,13:16:27,122.99,282880,23,卖盘
2681,13:16:30,123.0,24600,2,买盘
2682,13:16:33,122.99,98393,8,卖盘
2683,13:16:36,123.0,73795,6,买盘
2684,13:16:39,122.99,245999,20,卖盘
2685,13:16:45,123.0,196790,16,买盘
2686,13:16:48,123.0,24599,2,买盘
2687,13:16:51,123.0,12300,1,买盘
2688,13:16:54,123.0,159900,13,买盘
2689,13:16:57,122.99,159887,13,卖盘
2690,13:17:00,123.0,61499,5,中性盘
2691,13:17:03,123.0,70725,6,卖盘
2692,13:17:06,123.01,73804,6,买盘
2693,13:17:09,123.0,73799,6,卖盘
2694,13:17:12,122.99,713443,58,卖盘
2695,13:17:15,123.0,147594,12,买盘
2696,13:17:18,123.0,12300,1,卖盘
2697,13:17:24,123.0,24600,2,卖盘
2698,13:17:27,123.0,12300,1,卖盘
2699,13:17:30,123.0,12300,1,卖盘
2700,13:17:33,123.01,12301,1,买盘
2701,13:17:36,123.01,36903,3,买盘
2702,13:17:39,123.0,36901,3,卖盘
2703,13:17:42,123.01,135308,11,买盘
2704,13:17:45,123.01,123005,10,买盘
2705,13:17:48,123.0,61501,5,卖盘
2706,13:17:54,123.0,49200,4,卖盘
2707,13:17:57,123.0,24600,2,卖盘
2708,13:18:03,123.01,61501,5,买盘
2709,13:18:06,123.0,479702,39,卖盘
2710,13:18:09,123.01,49201,4,买盘
2711,13:18:12,123.0,369019,30,卖盘
2712,13:18:15,123.01,159905,13,买盘
2713,13:18:18,123.0,98400,8,卖盘
2714,13:18:21,123.0,246000,20,卖盘
2715,13:18:27,122.99,172187,14,卖盘
2716,13:18:30,122.99,12299,1,卖盘
2717,13:18:33,122.99,209083,17,卖盘
2718,13:18:36,123.0,258273,21,买盘
2719,13:18:39,122.98,368946,30,卖盘
2720,13:18:45,122.98,49193,4,卖盘
2721,13:18:48,122.99,36897,3,中性盘
2722,13:18:51,122.98,86090,7,卖盘
2723,13:18:54,122.99,86089,7,中性盘
2724,13:18:57,122.99,184477,15,中性盘
2725,13:19:03,122.99,49195,4,买盘
2726,13:19:06,122.99,36899,3,中性盘
2727,13:19:09,123.0,270598,22,买盘
2728,13:19:12,123.0,836397,68,买盘
2729,13:19:15,123.0,73800,6,卖盘
2730,13:19:21,123.0,73800,6,卖盘
2731,13:19:24,123.0,295215,24,卖盘
2732,13:19:27,123.0,172205,14,卖盘
2733,13:19:30,123.0,123001,10,卖盘
2734,13:19:33,123.0,479701,39,买盘
2735,13:19:36,123.0,479698,39,买盘
2736,13:19:39,123.0,86100,7,买盘
2737,13:19:42,123.0,49199,4,买盘
2738,13:19:45,123.0,221400,18,买盘
2739,13:19:48,123.0,49200,4,买盘
2740,13:19:51,123.0,196799,16,买盘
2741,13:19:54,123.0,147603,12,卖盘
2742,13:19:57,123.0,24600,2,卖盘
2743,13:20:00,123.0,159910,13,卖盘
2744,13:20:03,123.0,307502,25,卖盘
2745,13:20:06,123.0,24600,2,卖盘
2746,13:20:09,123.0,73802,6,卖盘
2747,13:20:12,122.99,36899,3,卖盘
2748,13:20:15,123.01,36902,3,买盘
2749,13:20:18,123.0,110704,9,卖盘
2750,13:20:21,123.01,159911,13,买盘
2751,13:20:24,123.01,332096,27,买盘
2752,13:20:27,123.0,12300,1,中性盘
2753,13:20:30,123.01,12301,1,买盘
2754,13:20:33,123.0,110697,9,买盘
2755,13:20:36,122.99,73798,6,卖盘
2756,13:20:39,123.01,1451517,118,买盘
2757,13:20:42,123.01,36903,3,买盘
2758,13:20:45,123.0,221406,18,卖盘
2759,13:20:48,123.0,196812,16,卖盘
2760,13:20:51,123.02,184525,15,买盘
2761,13:20:54,123.0,135312,11,卖盘
2762,13:20:57,123.01,98409,8,中性盘
2763,13:21:00,123.02,73808,6,买盘
2764,13:21:03,123.01,12301,1,卖盘
2765,13:21:09,123.02,73812,6,买盘
2766,13:21:12,123.01,110709,9,卖盘
2767,13:21:15,123.01,147617,12,卖盘
2768,13:21:18,123.01,49206,4,卖盘
2769,13:21:21,123.02,12302,1,买盘
2770,13:21:24,123.01,49205,4,卖盘
2771,13:21:27,123.02,49206,4,买盘
2772,13:21:30,123.02,1340918,109,买盘
2773,13:21:33,123.05,2608287,212,买盘
2774,13:21:36,123.07,319966,26,买盘
2775,13:21:39,123.06,406152,33,中性盘
2776,13:21:42,123.08,209231,17,买盘
2777,13:21:45,123.08,24616,2,买盘
2778,13:21:48,123.09,147699,12,买盘
2779,13:21:51,123.09,123090,10,买盘
2780,13:21:54,123.08,110784,9,卖盘
2781,13:21:57,123.08,233852,19,卖盘
2782,13:22:00,123.08,135384,11,买盘
2783,13:22:03,123.07,61536,5,卖盘
2784,13:22:06,123.07,49228,4,买盘
2785,13:22:09,123.07,221515,18,买盘
2786,13:22:12,123.07,123066,10,买盘
2787,13:22:15,123.07,418434,34,买盘
2788,13:22:18,123.05,86149,7,卖盘
2789,13:22:21,123.06,135368,11,卖盘
2790,13:22:24,123.05,12305,1,卖盘
2791,13:22:27,123.06,24612,2,买盘
2792,13:22:30,123.05,24611,2,卖盘
2793,13:22:36,123.05,135355,11,卖盘
2794,13:22:39,123.05,172278,14,卖盘
2795,13:22:42,123.05,12305,1,卖盘
2796,13:22:45,123.06,49224,4,中性盘
2797,13:22:48,123.05,36915,3,卖盘
2798,13:22:51,123.05,270732,22,卖盘
2799,13:22:54,123.06,36918,3,买盘
2800,13:22:57,123.06,73843,6,卖盘
2801,13:23:00,123.07,36921,3,中性盘
2802,13:23:03,123.07,86152,7,卖盘
2803,13:23:06,123.07,24614,2,卖盘
2804,13:23:09,123.07,36921,3,卖盘
2805,13:23:12,123.1,3815769,310,买盘
2806,13:23:15,123.1,356970,29,买盘
2807,13:23:18,123.09,529325,43,卖盘
2808,13:23:21,123.09,49237,4,卖盘
2809,13:23:24,123.1,196930,16,买盘
2810,13:23:27,123.1,86170,7,买盘
2811,13:23:30,123.1,320060,26,买盘
2812,13:23:33,123.1,517042,42,买盘
2813,13:23:36,123.09,61547,5,卖盘
2814,13:23:39,123.1,24620,2,买盘
2815,13:23:42,123.11,123102,10,买盘
2816,13:23:45,123.12,73870,6,买盘
2817,13:23:48,123.12,49247,4,买盘
2818,13:23:51,123.12,61562,5,卖盘
2819,13:23:54,123.11,135423,11,卖盘
2820,13:23:57,123.12,86180,7,买盘
2821,13:24:00,123.11,49244,4,卖盘
2822,13:24:03,123.12,61560,5,买盘
2823,13:24:06,123.12,270862,22,买盘
2824,13:24:09,123.12,110805,9,中性盘
2825,13:24:12,123.11,270853,22,卖盘
2826,13:24:15,123.13,233926,19,买盘
2827,13:24:18,123.12,49251,4,卖盘
2828,13:24:21,123.12,61561,5,卖盘
2829,13:24:24,123.12,196993,16,卖盘
2830,13:24:27,123.12,61562,5,卖盘
2831,13:24:30,123.11,320097,26,卖盘
2832,13:24:33,123.12,73868,6,买盘
2833,13:24:36,123.1,2018764,164,卖盘
2834,13:24:39,123.09,209256,17,卖盘
2835,13:24:42,123.08,406205,33,卖盘
2836,13:24:45,123.07,36921,3,卖盘
2837,13:24:48,123.08,221538,18,买盘
2838,13:24:51,123.08,12308,1,卖盘
2839,13:24:54,123.08,123080,10,卖盘
2840,13:24:57,123.08,36924,3,中性盘
2841,13:25:00,123.08,516987,42,卖盘
2842,13:25:03,123.09,307706,25,买盘
2843,13:25:06,123.07,184600,15,卖盘
2844,13:25:09,123.09,61543,5,买盘
2845,13:25:12,123.09,61541,5,买盘
2846,13:25:15,123.08,36924,3,卖盘
2847,13:25:18,123.08,61540,5,买盘
2848,13:25:21,123.08,12308,1,卖盘
2849,13:25:24,123.06,418459,34,卖盘
2850,13:25:27,123.09,12309,1,卖盘
2851,13:25:30,123.08,61541,5,卖盘
2852,13:25:33,123.08,49234,4,卖盘
2853,13:25:36,123.09,36926,3,中性盘
2854,13:25:39,123.09,36926,3,买盘
2855,13:25:42,123.09,73854,6,卖盘
2856,13:25:45,123.1,24619,2,买盘
2857,13:25:48,123.08,49234,4,卖盘
2858,13:25:54,123.09,73854,6,卖盘
2859,13:25:57,123.08,61543,5,卖盘
2860,13:26:00,123.1,86166,7,买盘
2861,13:26:03,123.1,147718,12,买盘
2862,13:26:06,123.1,49236,4,买盘
2863,13:26:09,123.1,455470,37,买盘
2864,13:26:12,123.09,307704,25,卖盘
2865,13:26:15,123.09,233881,19,中性盘
2866,13:26:18,123.08,98476,8,卖盘
2867,13:26:21,123.09,49233,4,中性盘
2868,13:26:24,123.08,110776,9,卖盘
2869,13:26:27,123.08,480005,39,卖盘
2870,13:26:30,123.08,36924,3,中性盘
2871,13:26:33,123.08,627705,51,买盘
2872,13:26:36,123.08,73842,6,买盘
2873,13:26:39,123.05,196919,16,卖盘
2874,13:26:42,123.07,73838,6,买盘
2875,13:26:45,123.08,1243023,101,买盘
2876,13:26:48,123.08,36924,3,买盘
2877,13:26:54,123.08,12308,1,买盘
2878,13:26:57,123.07,110767,9,卖盘
2879,13:27:03,123.08,73843,6,买盘
2880,13:27:06,123.1,4480371,364,买盘
2881,13:27:09,123.09,258510,21,卖盘
2882,13:27:12,123.09,110790,9,卖盘
2883,13:27:15,123.09,196962,16,卖盘
2884,13:27:18,123.09,49238,4,卖盘
2885,13:27:21,123.09,24618,2,卖盘
2886,13:27:24,123.09,233872,19,买盘
2887,13:27:27,123.09,160011,13,中性盘
2888,13:27:30,123.1,886257,72,买盘
2889,13:27:36,123.1,135416,11,卖盘
2890,13:27:39,123.1,123103,10,卖盘
2891,13:27:42,123.1,24620,2,卖盘
2892,13:27:45,123.1,73862,6,卖盘
2893,13:27:48,123.1,49240,4,卖盘
2894,13:27:51,123.1,98485,8,卖盘
2895,13:27:57,123.1,1218692,99,卖盘
2896,13:28:00,123.09,246184,20,卖盘
2897,13:28:03,123.1,135409,11,中性盘
2898,13:28:06,123.11,123107,10,买盘
2899,13:28:09,123.1,221580,18,卖盘
2900,13:28:12,123.11,110795,9,买盘
2901,13:28:15,123.11,61553,5,买盘
2902,13:28:18,123.12,3902588,317,买盘
2903,13:28:21,123.11,209284,17,卖盘
2904,13:28:24,123.11,49247,4,卖盘
2905,13:28:27,123.13,3730726,303,买盘
2906,13:28:30,123.13,172375,14,买盘
2907,13:28:33,123.13,135441,11,买盘
2908,13:28:36,123.13,221634,18,卖盘
2909,13:28:39,123.12,283196,23,卖盘
2910,13:28:42,123.13,110816,9,买盘
2911,13:28:45,123.12,73872,6,卖盘
2912,13:28:48,123.13,98499,8,买盘
2913,13:28:51,123.13,24625,2,买盘
2914,13:28:54,123.13,332448,27,买盘
2915,13:28:57,123.12,517136,42,卖盘
2916,13:29:00,123.12,49249,4,卖盘
2917,13:29:03,123.14,874269,71,买盘
2918,13:29:06,123.13,73877,6,中性盘
2919,13:29:09,123.13,135453,11,卖盘
2920,13:29:12,123.14,98513,8,卖盘
2921,13:29:18,123.15,615747,50,买盘
2922,13:29:21,123.15,12315,1,买盘
2923,13:29:24,123.15,233994,19,买盘
2924,13:29:27,123.15,825105,67,卖盘
2925,13:29:30,123.15,615733,50,买盘
2926,13:29:33,123.14,24628,2,卖盘
2927,13:29:36,123.14,110831,9,卖盘
2928,13:29:39,123.15,73885,6,买盘
2929,13:29:42,123.15,12315,1,买盘
2930,13:29:45,123.15,98520,8,买盘
2931,13:29:48,123.16,49263,4,买盘
2932,13:29:51,123.16,24632,2,买盘
2933,13:29:54,123.15,61577,5,卖盘
2934,13:29:57,123.16,24631,2,买盘
2935,13:30:00,123.16,443376,36,买盘
2936,13:30:03,123.16,615797,50,买盘
2937,13:30:06,123.16,36947,3,买盘
2938,13:30:09,123.15,504948,41,卖盘
2939,13:30:12,123.16,258639,21,买盘
2940,13:30:15,123.16,110844,9,卖盘
2941,13:30:21,123.16,61580,5,卖盘
2942,13:30:24,123.16,61581,5,卖盘
2943,13:30:27,123.16,12316,1,卖盘
2944,13:30:30,123.17,381827,31,买盘
2945,13:30:33,123.17,36951,3,卖盘
2946,13:30:36,123.18,283306,23,买盘
2947,13:30:39,123.18,221723,18,买盘
2948,13:30:42,123.18,406514,33,买盘
2949,13:30:45,123.18,36954,3,卖盘
2950,13:30:48,123.19,271002,22,买盘
2951,13:30:51,123.18,135506,11,卖盘
2952,13:30:54,123.19,24638,2,买盘
2953,13:30:57,123.19,98552,8,买盘
2954,13:31:00,123.19,221742,18,卖盘
2955,13:31:03,123.19,123191,10,卖盘
2956,13:31:06,123.19,221743,18,中性盘
2957,13:31:09,123.19,468122,38,卖盘
2958,13:31:12,123.19,172470,14,卖盘
2959,13:31:15,123.19,307992,25,卖盘
2960,13:31:18,123.18,147818,12,卖盘
2961,13:31:21,123.18,147824,12,卖盘
2962,13:31:24,123.19,172466,14,买盘
2963,13:31:27,123.19,24637,2,买盘
2964,13:31:30,123.18,12318,1,卖盘
2965,13:31:33,123.19,751459,61,买盘
2966,13:31:36,123.19,357247,29,买盘
2967,13:31:39,123.19,86234,7,卖盘
2968,13:31:42,123.2,406551,33,买盘
2969,13:31:45,123.21,1650890,134,买盘
2970,13:31:48,123.2,184814,15,卖盘
2971,13:31:51,123.21,209447,17,买盘
2972,13:31:54,123.21,49283,4,买盘
2973,13:31:57,123.21,12321,1,中性盘
2974,13:32:00,123.21,12321,1,卖盘
2975,13:32:03,123.21,49287,4,卖盘
2976,13:32:06,123.22,295723,24,买盘
2977,13:32:09,123.21,172507,14,卖盘
2978,13:32:12,123.21,1244521,101,卖盘
2979,13:32:15,123.22,12322,1,卖盘
2980,13:32:18,123.23,12323,1,买盘
2981,13:32:21,123.23,160198,13,买盘
2982,13:32:24,123.24,197170,16,买盘
2983,13:32:27,123.24,147873,12,买盘
2984,13:32:30,123.24,98587,8,买盘
2985,13:32:33,123.24,36971,3,买盘
2986,13:32:36,123.24,24648,2,买盘
2987,13:32:39,123.23,246469,20,卖盘
2988,13:32:42,123.25,36973,3,买盘
2989,13:32:45,123.24,12324,1,卖盘
2990,13:32:48,123.25,12325,1,买盘
2991,13:32:51,123.26,456027,37,买盘
2992,13:32:54,123.26,61630,5,买盘
2993,13:32:57,123.25,61628,5,卖盘
2994,13:33:00,123.27,135588,11,买盘
2995,13:33:03,123.26,3908218,317,卖盘
2996,13:33:06,123.26,147915,12,卖盘
2997,13:33:09,123.26,357455,29,卖盘
2998,13:33:12,123.26,345121,28,买盘
2999,13:33:15,123.25,49300,4,卖盘
3000,13:33:18,123.25,1565376,127,卖盘
3001,13:33:21,123.25,653234,53,卖盘
3002,13:33:24,123.25,184873,15,卖盘
3003,13:33:27,123.23,455986,37,卖盘
3004,13:33:30,123.2,357337,29,卖盘
3005,13:33:33,123.21,431234,35,买盘
3006,13:33:36,123.21,1466142,119,买盘
3007,13:33:39,123.21,283383,23,卖盘
3008,13:33:42,123.25,320392,26,买盘
3009,13:33:45,123.22,246440,20,卖盘
3010,13:33:48,123.22,24644,2,卖盘
3011,13:33:51,123.22,49295,4,卖盘
3012,13:33:54,123.26,640927,52,买盘
