,成交时间,成交价格,成交金额,成交量,性质
0,09:25:00,53.82,5984784,1112,买盘
1,09:30:00,53.85,947766,176,买盘
2,09:30:03,53.91,11230245,2085,买盘
3,09:30:06,53.92,1293997,240,中性盘
4,09:30:09,53.95,2658406,493,买盘
5,09:30:12,53.96,393869,73,买盘
6,09:30:15,53.96,285987,53,买盘
7,09:30:18,53.99,814972,151,买盘
8,09:30:21,53.97,232142,43,卖盘
9,09:30:24,53.99,442685,82,买盘
10,09:30:27,54.0,1101361,204,买盘
11,09:30:30,54.0,447692,83,买盘
12,09:30:33,54.03,702384,130,买盘
13,09:30:36,54.03,205290,38,中性盘
14,09:30:39,54.04,583630,108,买盘
15,09:30:42,54.03,940244,174,卖盘
16,09:30:45,54.0,2998354,555,卖盘
17,09:30:48,54.07,2182696,404,买盘
18,09:30:51,54.07,2751273,509,买盘
19,09:30:54,54.07,864770,160,买盘
20,09:30:57,54.1,1779586,329,买盘
21,09:31:00,54.1,676386,125,卖盘
22,09:31:03,54.17,4160659,768,买盘
23,09:31:06,54.15,1743932,322,卖盘
24,09:31:09,54.15,985568,182,卖盘
25,09:31:12,54.15,1766050,326,卖盘
26,09:31:15,54.26,5972714,1101,买盘
27,09:31:18,54.18,1871718,345,卖盘
28,09:31:21,54.21,3638735,672,中性盘
29,09:31:24,54.2,1105580,204,卖盘
30,09:31:27,54.18,861461,159,中性盘
31,09:31:30,54.18,1013117,187,买盘
32,09:31:33,54.18,942831,174,买盘
33,09:31:36,54.18,3550966,656,卖盘
34,09:31:39,54.2,937468,173,买盘
35,09:31:42,54.2,1452380,268,卖盘
36,09:31:45,54.2,1290068,238,买盘
37,09:31:48,54.16,2661078,491,卖盘
38,09:31:51,54.19,731280,135,中性盘
39,09:31:54,54.19,1116221,206,买盘
40,09:31:57,54.18,563323,104,中性盘
41,09:32:00,54.2,1544439,285,买盘
42,09:32:03,54.2,1463000,270,买盘
43,09:32:06,54.2,677467,125,买盘
44,09:32:09,54.2,1040430,192,卖盘
45,09:32:12,54.19,579724,107,中性盘
46,09:32:15,54.15,574149,106,卖盘
47,09:32:18,54.19,1186793,219,买盘
48,09:32:21,54.18,3334787,616,卖盘
49,09:32:24,54.15,552574,102,中性盘
50,09:32:27,54.18,536259,99,买盘
51,09:32:30,54.18,639290,118,买盘
52,09:32:33,54.16,785213,145,卖盘
53,09:32:36,54.17,389992,72,买盘
54,09:32:39,54.16,417107,77,卖盘
55,09:32:42,54.16,514568,95,卖盘
56,09:32:45,54.15,384554,71,卖盘
57,09:32:48,54.16,471194,87,中性盘
58,09:32:51,54.16,314112,58,买盘
59,09:32:54,54.16,276218,51,买盘
60,09:32:57,54.14,1456569,269,卖盘
61,09:33:00,54.14,173225,32,买盘
62,09:33:03,54.13,768577,142,中性盘
63,09:33:06,54.13,660527,122,卖盘
64,09:33:09,54.13,422157,78,买盘
65,09:33:12,54.14,1926230,356,买盘
66,09:33:15,54.14,438385,81,买盘
67,09:33:18,54.15,536013,99,买盘
68,09:33:21,54.16,2849004,526,买盘
69,09:33:24,54.18,503654,93,买盘
70,09:33:27,54.18,666333,123,买盘
71,09:33:30,54.18,704409,130,卖盘
72,09:33:33,54.19,563549,104,买盘
73,09:33:36,54.2,1116264,206,买盘
74,09:33:39,54.2,785838,145,买盘
75,09:33:42,54.19,780419,144,卖盘
76,09:33:45,54.19,1073084,198,卖盘
77,09:33:48,54.19,872528,161,中性盘
78,09:33:51,54.19,1305817,241,买盘
79,09:33:54,54.18,417184,77,买盘
80,09:33:57,54.18,650121,120,买盘
81,09:34:00,54.16,904725,167,卖盘
82,09:34:03,54.18,411713,76,买盘
83,09:34:06,54.16,325021,60,卖盘
84,09:34:09,54.18,427984,79,买盘
85,09:34:12,54.16,585037,108,卖盘
86,09:34:15,54.15,384534,71,卖盘
87,09:34:18,54.15,243714,45,卖盘
88,09:34:21,54.15,541555,100,卖盘
89,09:34:24,54.18,5874368,1084,买盘
90,09:34:27,54.17,731386,135,卖盘
91,09:34:30,54.17,113779,21,卖盘
92,09:34:33,54.17,660927,122,卖盘
93,09:34:36,54.16,682548,126,卖盘
94,09:34:39,54.16,297948,55,卖盘
95,09:34:42,54.17,433373,80,中性盘
96,09:34:45,54.17,807154,149,卖盘
97,09:34:48,54.18,330432,61,买盘
98,09:34:51,54.18,660944,122,买盘
99,09:34:54,54.18,3337118,616,卖盘
100,09:34:57,54.18,265444,49,买盘
101,09:35:00,54.15,948076,175,卖盘
102,09:35:03,54.16,140868,26,中性盘
103,09:35:06,54.15,1938408,358,卖盘
104,09:35:09,54.16,319538,59,买盘
105,09:35:12,54.16,308685,57,买盘
106,09:35:15,54.15,227453,42,卖盘
107,09:35:18,54.16,259964,48,买盘
108,09:35:21,54.16,601104,111,买盘
109,09:35:24,54.16,552509,102,卖盘
110,09:35:27,54.18,774567,143,买盘
111,09:35:30,54.16,140825,26,中性盘
112,09:35:33,54.16,222052,41,卖盘
113,09:35:36,54.17,216683,40,买盘
114,09:35:39,54.18,568852,105,买盘
115,09:35:42,54.17,54174,10,卖盘
116,09:35:45,54.17,698905,129,卖盘
117,09:35:48,54.19,1408455,260,买盘
118,09:35:51,54.19,487631,90,买盘
119,09:35:54,54.18,1192187,220,卖盘
120,09:35:57,54.19,335941,62,买盘
121,09:36:00,54.18,395566,73,卖盘
122,09:36:03,54.17,189631,35,卖盘
123,09:36:06,54.18,931926,172,买盘
124,09:36:09,54.19,807187,149,买盘
125,09:36:12,54.29,9513860,1754,买盘
126,09:36:15,54.24,1069200,197,卖盘
127,09:36:18,54.29,884536,163,买盘
128,09:36:21,54.29,428783,79,买盘
129,09:36:24,54.29,651447,120,买盘
130,09:36:27,54.3,1514823,279,买盘
131,09:36:30,54.27,1302862,240,卖盘
132,09:36:33,54.29,2149833,396,买盘
133,09:36:36,54.28,1563183,288,卖盘
134,09:36:39,54.28,385322,71,买盘
135,09:36:42,54.27,293069,54,中性盘
136,09:36:45,54.26,1009439,186,中性盘
137,09:36:48,54.25,358102,66,卖盘
138,09:36:51,54.25,672533,124,买盘
139,09:36:54,54.23,287439,53,卖盘
140,09:36:57,54.25,1041307,192,买盘
141,09:37:00,54.25,997947,184,买盘
142,09:37:03,54.2,818605,151,卖盘
143,09:37:06,54.23,525969,97,买盘
144,09:37:09,54.19,666901,123,卖盘
145,09:37:12,54.19,1706796,315,卖盘
146,09:37:15,54.2,628681,116,买盘
147,09:37:18,54.23,796976,147,买盘
148,09:37:21,54.2,710116,131,中性盘
149,09:37:24,54.2,482407,89,卖盘
150,09:37:27,54.2,504185,93,卖盘
151,09:37:30,54.21,81317,15,买盘
152,09:37:33,54.19,748063,138,卖盘
153,09:37:36,54.23,346988,64,买盘
154,09:37:39,54.2,590839,109,卖盘
155,09:37:42,54.2,336025,62,买盘
156,09:37:45,54.21,390233,72,买盘
157,09:37:48,54.21,682926,126,买盘
158,09:37:51,54.2,417372,77,卖盘
159,09:37:54,54.2,260155,48,买盘
160,09:37:57,54.19,357672,66,卖盘
161,09:38:00,54.18,2617294,483,卖盘
162,09:38:03,54.16,173342,32,卖盘
163,09:38:06,54.15,514669,95,卖盘
164,09:38:09,54.16,519858,96,中性盘
165,09:38:12,54.15,238297,44,卖盘
166,09:38:15,54.13,314040,58,卖盘
167,09:38:18,54.13,113676,21,卖盘
168,09:38:21,54.13,265250,49,卖盘
169,09:38:24,54.13,400514,74,卖盘
170,09:38:27,54.11,248972,46,卖盘
171,09:38:30,54.11,600793,111,卖盘
172,09:38:33,54.1,1591426,294,卖盘
173,09:38:36,54.1,465348,86,卖盘
174,09:38:39,54.1,486927,90,卖盘
175,09:38:42,54.1,524791,97,卖盘
176,09:38:45,54.1,714126,132,卖盘
177,09:38:48,54.1,714112,132,买盘
178,09:38:51,54.11,243452,45,买盘
179,09:38:54,54.11,135264,25,买盘
180,09:38:57,54.11,633065,117,买盘
181,09:39:00,54.1,205604,38,卖盘
182,09:39:03,54.11,119059,22,中性盘
183,09:39:06,54.12,156945,29,卖盘
184,09:39:09,54.14,860692,159,买盘
185,09:39:12,54.15,64968,12,买盘
186,09:39:15,54.15,189520,35,买盘
187,09:39:18,54.16,319517,59,买盘
188,09:39:21,54.17,146237,27,买盘
189,09:39:24,54.17,985941,182,买盘
190,09:39:27,54.19,70440,13,中性盘
191,09:39:30,54.2,298099,55,买盘
192,09:39:33,54.2,444447,82,卖盘
193,09:39:36,54.21,471611,87,买盘
194,09:39:39,54.21,845652,156,买盘
195,09:39:42,54.21,374033,69,卖盘
196,09:39:45,54.22,970407,179,买盘
197,09:39:48,54.21,97590,18,卖盘
198,09:39:51,54.21,1030029,190,卖盘
199,09:39:54,54.21,531314,98,买盘
200,09:39:57,54.21,292740,54,买盘
201,09:40:00,54.21,70475,13,卖盘
202,09:40:03,54.2,981185,181,卖盘
203,09:40:06,54.2,601702,111,卖盘
204,09:40:09,54.2,509546,94,卖盘
205,09:40:12,54.2,460696,85,卖盘
206,09:40:15,54.2,233051,43,买盘
207,09:40:18,54.2,639536,118,买盘
208,09:40:21,54.2,590729,109,卖盘
209,09:40:24,54.2,428166,79,买盘
210,09:40:27,54.2,406505,75,买盘
211,09:40:30,54.2,233044,43,卖盘
212,09:40:33,54.2,146325,27,买盘
213,09:40:36,54.19,216781,40,卖盘
214,09:40:39,54.19,243867,45,卖盘
215,09:40:42,54.19,276390,51,卖盘
216,09:40:45,54.2,379352,70,买盘
217,09:40:48,54.18,612351,113,卖盘
218,09:40:51,54.2,167995,31,买盘
219,09:40:54,54.19,346810,64,买盘
220,09:40:57,54.19,590587,109,买盘
221,09:41:00,54.19,406410,75,卖盘
222,09:41:03,54.19,325122,60,买盘
223,09:41:06,54.18,281747,52,卖盘
224,09:41:09,54.19,373852,69,买盘
225,09:41:12,54.18,243812,45,卖盘
226,09:41:15,54.16,1115853,206,卖盘
227,09:41:18,54.15,823284,152,卖盘
228,09:41:21,54.15,59570,11,卖盘
229,09:41:24,54.15,314120,58,卖盘
230,09:41:27,54.15,839274,155,卖盘
231,09:41:30,54.13,297825,55,卖盘
232,09:41:33,54.15,184072,34,买盘
233,09:41:36,54.13,205694,38,卖盘
234,09:41:39,54.17,411551,76,买盘
235,09:41:42,54.14,64975,12,卖盘
236,09:41:45,54.13,243658,45,卖盘
237,09:41:48,54.14,81216,15,中性盘
238,09:41:51,54.14,151607,28,中性盘
239,09:41:54,54.14,411509,76,卖盘
240,09:41:57,54.11,1282638,237,卖盘
241,09:42:00,54.15,660424,122,买盘
242,09:42:03,54.1,183953,34,卖盘
243,09:42:06,54.13,308444,57,中性盘
244,09:42:09,54.13,124488,23,买盘
245,09:42:12,54.07,2196276,406,卖盘
246,09:42:15,54.07,789760,146,卖盘
247,09:42:18,54.07,70304,13,卖盘
248,09:42:21,54.07,367676,68,卖盘
249,09:42:24,54.06,762508,141,卖盘
250,09:42:27,54.06,427089,79,卖盘
251,09:42:30,54.06,75684,14,卖盘
252,09:42:33,54.05,389211,72,卖盘
253,09:42:36,54.05,308093,57,卖盘
254,09:42:39,54.04,297218,55,卖盘
255,09:42:42,54.04,724249,134,中性盘
256,09:42:45,54.05,1356827,251,卖盘
257,09:42:48,54.08,313590,58,买盘
258,09:42:51,54.05,491942,91,卖盘
259,09:42:54,54.06,470422,87,中性盘
260,09:42:57,54.08,178410,33,买盘
261,09:43:00,54.05,291940,54,卖盘
262,09:43:03,54.05,621799,115,卖盘
263,09:43:06,54.06,346009,64,中性盘
264,09:43:09,54.06,183818,34,中性盘
265,09:43:12,54.06,237841,44,中性盘
266,09:43:15,54.06,86492,16,卖盘
267,09:43:18,54.08,27036,5,买盘
268,09:43:21,54.08,1232696,228,买盘
269,09:43:24,54.06,929844,172,卖盘
270,09:43:27,54.06,459555,85,买盘
271,09:43:30,54.05,978364,181,卖盘
272,09:43:33,54.06,610833,113,卖盘
273,09:43:36,54.06,129752,24,卖盘
274,09:43:39,54.06,1119285,207,卖盘
275,09:43:42,54.07,183860,34,买盘
276,09:43:45,54.06,302763,56,卖盘
277,09:43:48,54.07,129777,24,卖盘
278,09:43:51,54.1,135251,25,买盘
279,09:43:54,54.1,151436,28,中性盘
280,09:43:57,54.08,102750,19,买盘
281,09:44:00,54.07,616445,114,卖盘
282,09:44:03,54.08,97352,18,卖盘
283,09:44:06,54.08,189285,35,卖盘
284,09:44:09,54.08,264994,49,卖盘
285,09:44:12,54.08,573198,106,买盘
286,09:44:15,54.09,254194,47,买盘
287,09:44:18,54.1,270425,50,买盘
288,09:44:21,54.09,54091,10,中性盘
289,09:44:24,54.09,292099,54,卖盘
290,09:44:27,54.09,3119968,577,卖盘
291,09:44:30,54.08,665299,123,卖盘
292,09:44:33,54.07,216304,40,中性盘
293,09:44:36,54.07,394672,73,买盘
294,09:44:39,54.06,194644,36,卖盘
295,09:44:42,54.06,313568,58,买盘
296,09:44:45,54.06,708102,131,买盘
297,09:44:48,54.05,183793,34,卖盘
298,09:44:51,54.07,140557,26,买盘
299,09:44:54,54.06,405450,75,卖盘
300,09:44:57,54.06,848742,157,卖盘
301,09:45:00,54.07,86511,16,买盘
302,09:45:03,54.06,221667,41,卖盘
303,09:45:06,54.05,686542,127,卖盘
304,09:45:09,54.05,259469,48,卖盘
305,09:45:12,54.05,421601,78,卖盘
306,09:45:15,54.06,762122,141,买盘
307,09:45:18,54.04,426977,79,卖盘
308,09:45:21,54.05,1075446,199,买盘
309,09:45:24,54.04,351211,65,中性盘
310,09:45:27,54.03,626780,116,卖盘
311,09:45:30,54.05,145913,27,买盘
312,09:45:33,54.06,724220,134,买盘
313,09:45:36,54.05,470320,87,卖盘
314,09:45:39,54.06,1248935,231,中性盘
315,09:45:42,54.06,367584,68,卖盘
316,09:45:45,54.05,610916,113,卖盘
317,09:45:48,54.05,545934,101,卖盘
318,09:45:51,54.05,708069,131,卖盘
319,09:45:54,54.05,81078,15,卖盘
320,09:45:57,54.06,324329,60,中性盘
321,09:46:00,54.05,297321,55,卖盘
322,09:46:03,54.07,340584,63,买盘
323,09:46:06,54.07,481056,89,买盘
324,09:46:09,54.07,64878,12,卖盘
325,09:46:12,54.07,86518,16,卖盘
326,09:46:15,54.07,178455,33,卖盘
327,09:46:18,54.07,200073,37,中性盘
328,09:46:21,54.07,129775,24,卖盘
329,09:46:24,54.08,162210,30,买盘
330,09:46:27,54.07,205480,38,卖盘
331,09:46:30,54.07,216313,40,卖盘
332,09:46:33,54.07,183843,34,卖盘
333,09:46:36,54.06,935360,173,卖盘
334,09:46:39,54.05,259469,48,卖盘
335,09:46:42,54.05,27026,5,卖盘
336,09:46:45,54.05,410830,76,卖盘
337,09:46:48,54.06,232458,43,买盘
338,09:46:51,54.05,232431,43,卖盘
339,09:46:54,54.05,151353,28,卖盘
340,09:46:57,54.06,248671,46,买盘
341,09:47:00,54.06,367608,68,卖盘
342,09:47:03,54.06,21626,4,卖盘
343,09:47:06,54.07,681285,126,买盘
344,09:47:09,54.07,167624,31,卖盘
345,09:47:12,54.07,216311,40,卖盘
346,09:47:15,54.08,773389,143,买盘
347,09:47:18,54.11,757400,140,买盘
348,09:47:21,54.11,43285,8,买盘
349,09:47:24,54.1,335363,62,卖盘
350,09:47:27,54.11,86568,16,买盘
351,09:47:30,54.11,297570,55,买盘
352,09:47:33,54.11,633055,117,卖盘
353,09:47:36,54.11,394853,73,买盘
354,09:47:39,54.11,243483,45,买盘
355,09:47:42,54.11,108216,20,买盘
356,09:47:45,54.11,119036,22,买盘
357,09:47:48,54.11,254312,47,买盘
358,09:47:51,54.11,351663,65,买盘
359,09:47:54,54.1,156882,29,卖盘
360,09:47:57,54.1,394889,73,买盘
361,09:48:00,54.1,713819,132,买盘
362,09:48:03,54.07,4275759,791,卖盘
363,09:48:06,54.05,535173,99,中性盘
364,09:48:09,54.03,1042846,193,卖盘
365,09:48:12,54.07,362102,67,买盘
366,09:48:15,54.06,486468,90,中性盘
367,09:48:18,54.05,205425,38,卖盘
368,09:48:21,54.05,151327,28,买盘
369,09:48:24,54.04,599941,111,中性盘
370,09:48:27,54.03,426837,79,卖盘
371,09:48:30,54.02,5157641,955,卖盘
372,09:48:33,54.0,1393287,258,卖盘
373,09:48:36,54.0,1404005,260,卖盘
374,09:48:39,53.99,512993,95,卖盘
375,09:48:42,53.98,847514,157,卖盘
376,09:48:45,53.99,372552,69,中性盘
377,09:48:48,53.97,1025649,190,卖盘
378,09:48:51,53.97,118756,22,卖盘
379,09:48:54,53.95,366938,68,卖盘
380,09:48:57,53.95,701581,130,卖盘
381,09:49:00,53.95,458537,85,买盘
382,09:49:03,53.94,350669,65,卖盘
383,09:49:06,53.94,706558,131,买盘
384,09:49:09,53.93,636440,118,卖盘
385,09:49:12,53.93,242675,45,买盘
386,09:49:15,53.93,485396,90,卖盘
387,09:49:18,53.93,825075,153,卖盘
388,09:49:21,53.94,1548056,287,买盘
389,09:49:24,53.96,658129,122,买盘
390,09:49:27,53.94,420764,78,卖盘
391,09:49:30,53.94,696167,129,卖盘
392,09:49:33,53.97,205006,38,卖盘
393,09:49:36,53.96,161892,30,中性盘
394,09:49:39,53.97,447873,83,买盘
395,09:49:42,53.96,264399,49,卖盘
396,09:49:45,53.97,151096,28,买盘
397,09:49:48,53.97,415543,77,买盘
398,09:49:51,53.96,647518,120,卖盘
399,09:49:54,53.96,178063,33,买盘
400,09:49:57,53.96,372313,69,买盘
401,09:50:00,53.95,1025117,190,卖盘
402,09:50:03,53.95,1019760,189,卖盘
403,09:50:06,53.94,717456,133,卖盘
404,09:50:09,53.95,636609,118,买盘
405,09:50:12,53.95,733615,136,买盘
406,09:50:15,53.94,91710,17,卖盘
407,09:50:18,53.93,151038,28,卖盘
408,09:50:21,53.93,210334,39,卖盘
409,09:50:24,53.94,458422,85,买盘
410,09:50:27,53.93,630976,117,卖盘
411,09:50:30,53.93,161788,30,买盘
412,09:50:33,53.92,533869,99,卖盘
413,09:50:36,53.91,744093,138,卖盘
414,09:50:39,53.92,107851,20,中性盘
415,09:50:42,53.93,1202260,223,买盘
416,09:50:45,53.91,700836,130,卖盘
417,09:50:48,53.92,318050,59,买盘
418,09:50:51,53.92,1218172,226,买盘
419,09:50:54,53.92,1234499,229,买盘
420,09:50:57,53.9,975652,181,卖盘
421,09:51:00,53.9,447430,83,卖盘
422,09:51:03,53.9,339576,63,卖盘
423,09:51:06,53.9,361130,67,买盘
424,09:51:09,53.9,619793,115,买盘
425,09:51:12,53.9,1096283,203,买盘
426,09:51:15,53.9,334186,62,卖盘
427,09:51:18,53.9,177876,33,卖盘
428,09:51:21,53.92,194062,36,买盘
429,09:51:24,53.91,760097,141,卖盘
430,09:51:27,53.91,625461,116,卖盘
431,09:51:30,53.92,345031,64,买盘
432,09:51:33,53.92,479804,89,买盘
433,09:51:36,53.93,253404,47,买盘
434,09:51:39,53.93,107842,20,买盘
435,09:51:42,53.93,226472,42,买盘
436,09:51:45,53.92,652516,121,卖盘
437,09:51:48,53.93,75500,14,中性盘
438,09:51:51,53.93,204937,38,买盘
439,09:51:54,53.93,285842,53,卖盘
440,09:51:57,53.94,571668,106,买盘
441,09:52:00,53.94,237323,44,买盘
442,09:52:03,53.94,296671,55,买盘
443,09:52:06,53.93,539355,100,卖盘
444,09:52:09,53.94,458449,85,买盘
445,09:52:12,53.94,161815,30,买盘
446,09:52:15,53.94,145634,27,买盘
447,09:52:18,53.93,291265,54,卖盘
448,09:52:21,53.93,706479,131,卖盘
449,09:52:24,53.93,210321,39,买盘
450,09:52:27,53.92,1116151,207,卖盘
451,09:52:30,53.92,53920,10,买盘
452,09:52:33,53.93,878821,163,买盘
453,09:52:36,53.92,134823,25,卖盘
454,09:52:39,53.93,183362,34,买盘
455,09:52:42,53.92,409840,76,卖盘
456,09:52:45,53.92,393672,73,卖盘
457,09:52:48,53.92,738722,137,卖盘
458,09:52:51,53.93,177939,33,买盘
459,09:52:54,53.92,188718,35,买盘
460,09:52:57,53.92,124015,23,买盘
461,09:53:00,53.91,1067486,198,卖盘
462,09:53:03,53.91,156340,29,卖盘
463,09:53:06,53.9,204830,38,卖盘
464,09:53:09,53.9,296464,55,卖盘
465,09:53:12,53.9,646836,120,卖盘
466,09:53:15,53.9,716894,133,卖盘
467,09:53:18,53.9,388101,72,卖盘
468,09:53:21,53.9,466831,87,卖盘
469,09:53:24,53.9,226375,42,买盘
470,09:53:27,53.89,388022,72,卖盘
471,09:53:30,53.89,204795,38,卖盘
472,09:53:33,53.9,393433,73,买盘
473,09:53:36,53.89,204788,38,卖盘
474,09:53:39,53.89,307212,57,卖盘
475,09:53:42,53.9,307189,57,买盘
476,09:53:45,53.9,943166,175,买盘
477,09:53:48,53.93,2091518,388,买盘
478,09:53:51,53.89,328792,61,卖盘
479,09:53:54,53.92,134796,25,中性盘
480,09:53:57,53.93,372082,69,买盘
481,09:54:00,53.92,150977,28,中性盘
482,09:54:03,53.92,167153,31,买盘
483,09:54:06,53.94,301969,56,买盘
484,09:54:09,53.91,156334,29,卖盘
485,09:54:12,53.93,53911,10,买盘
486,09:54:15,53.93,318122,59,买盘
487,09:54:18,53.93,495989,92,买盘
488,09:54:21,53.93,625626,116,买盘
489,09:54:24,53.93,258865,48,卖盘
490,09:54:27,53.93,113251,21,卖盘
491,09:54:30,53.93,172581,32,买盘
492,09:54:33,53.92,334351,62,卖盘
493,09:54:36,53.93,393687,73,买盘
494,09:54:39,53.92,113235,21,中性盘
495,09:54:42,53.93,291154,54,买盘
496,09:54:45,53.93,312778,58,买盘
497,09:54:48,53.93,328973,61,卖盘
498,09:54:51,53.93,506942,94,卖盘
499,09:54:54,53.93,334364,62,买盘
500,09:54:57,53.92,124032,23,卖盘
501,09:55:00,53.93,981356,182,买盘
502,09:55:03,53.92,674067,125,中性盘
503,09:55:06,53.93,204931,38,买盘
504,09:55:09,53.93,447575,83,买盘
505,09:55:12,53.92,226457,42,买盘
506,09:55:15,53.92,328861,61,买盘
507,09:55:18,53.92,1029778,191,买盘
508,09:55:21,53.92,271697,50,买盘
509,09:55:24,53.92,97058,18,卖盘
510,09:55:27,53.92,172554,32,卖盘
511,09:55:30,53.92,264213,49,卖盘
512,09:55:33,53.92,248043,46,卖盘
513,09:55:36,53.91,382805,71,卖盘
514,09:55:39,53.92,199493,37,买盘
515,09:55:42,53.91,91657,17,卖盘
516,09:55:45,53.91,328882,61,卖盘
517,09:55:48,53.92,172532,32,买盘
518,09:55:51,53.92,21566,4,中性盘
519,09:55:54,53.92,140202,26,卖盘
520,09:55:57,53.92,318168,59,卖盘
521,09:56:00,53.91,215664,40,卖盘
522,09:56:03,53.92,188699,35,买盘
523,09:56:06,53.92,388170,72,买盘
524,09:56:09,53.92,291125,54,买盘
525,09:56:12,53.91,549903,102,卖盘
526,09:56:15,53.91,161734,30,卖盘
527,09:56:18,53.91,326757,61,卖盘
528,09:56:21,53.92,398965,74,买盘
529,09:56:24,53.91,91649,17,中性盘
530,09:56:27,53.91,501318,93,卖盘
531,09:56:30,53.92,274975,51,买盘
532,09:56:33,53.91,140166,26,卖盘
533,09:56:36,53.91,140165,26,买盘
534,09:56:39,53.91,2506389,465,买盘
535,09:56:42,53.9,716871,133,卖盘
536,09:56:45,53.88,3480779,646,卖盘
537,09:56:48,53.88,662622,123,买盘
538,09:56:51,53.88,70044,13,买盘
539,09:56:54,53.87,107748,20,卖盘
540,09:56:57,53.87,404052,75,卖盘
541,09:57:00,53.86,414781,77,卖盘
542,09:57:03,53.87,1968227,365,买盘
543,09:57:06,53.88,199323,37,买盘
544,09:57:09,53.87,231642,43,卖盘
545,09:57:12,53.87,1490238,277,卖盘
546,09:57:15,53.87,1039698,193,买盘
547,09:57:18,53.87,366344,68,买盘
548,09:57:21,53.87,1831442,340,卖盘
549,09:57:24,53.87,199320,37,买盘
550,09:57:27,53.87,926670,172,卖盘
551,09:57:30,53.86,280102,52,卖盘
552,09:57:33,53.87,2779213,516,买盘
553,09:57:36,53.87,980332,182,买盘
554,09:57:39,53.86,296302,55,卖盘
555,09:57:42,53.88,619569,115,买盘
556,09:57:45,53.87,166997,31,中性盘
557,09:57:48,53.88,263946,49,买盘
558,09:57:51,53.86,756292,140,卖盘
559,09:57:54,53.88,215486,40,卖盘
560,09:57:57,53.89,129305,24,买盘
561,09:58:00,53.88,183215,34,卖盘
562,09:58:03,53.88,242469,45,卖盘
563,09:58:06,53.88,242478,45,卖盘
564,09:58:09,53.89,619736,115,买盘
565,09:58:12,53.89,398730,74,卖盘
566,09:58:15,53.89,123942,23,买盘
567,09:58:18,53.89,377217,70,买盘
568,09:58:21,53.9,242522,45,买盘
569,09:58:24,53.9,129357,24,买盘
570,09:58:27,53.9,43125,8,卖盘
571,09:58:30,53.91,177903,33,买盘
572,09:58:33,53.91,199449,37,中性盘
573,09:58:36,53.91,215658,40,卖盘
574,09:58:39,53.92,388119,72,买盘
575,09:58:42,53.91,781685,145,卖盘
576,09:58:45,53.92,161756,30,买盘
577,09:58:48,53.92,469068,87,买盘
578,09:58:51,53.91,673894,125,卖盘
579,09:58:54,53.92,124016,23,买盘
580,09:58:57,53.92,280383,52,买盘
581,09:59:00,53.92,156366,29,买盘
582,09:59:03,53.92,221072,41,买盘
583,09:59:06,53.93,296563,55,买盘
584,09:59:09,53.93,43138,8,买盘
585,09:59:12,53.92,679513,126,卖盘
586,09:59:15,53.93,334331,62,买盘
587,09:59:18,53.92,1887128,350,卖盘
588,09:59:21,53.93,485365,90,买盘
589,09:59:24,53.93,496137,92,买盘
590,09:59:27,53.93,415262,77,买盘
591,09:59:30,53.93,75506,14,卖盘
592,09:59:33,53.93,598583,111,卖盘
593,09:59:36,53.93,129431,24,买盘
594,09:59:39,53.93,188755,35,买盘
595,09:59:42,53.92,366694,68,卖盘
596,09:59:45,53.93,113253,21,买盘
597,09:59:48,53.93,1332268,247,买盘
598,09:59:51,53.93,75503,14,卖盘
599,09:59:54,53.95,53932,10,买盘
600,09:59:57,53.95,383031,71,买盘
601,10:00:00,53.94,86303,16,卖盘
602,10:00:03,53.95,97092,18,买盘
603,10:00:06,53.95,339872,63,买盘
604,10:00:09,53.95,5395,1,卖盘
605,10:00:12,53.96,32373,6,买盘
606,10:00:15,53.96,372306,69,买盘
607,10:00:18,53.96,167280,31,卖盘
608,10:00:21,53.96,1483985,275,卖盘
609,10:00:24,53.96,464099,86,卖盘
610,10:00:27,53.95,501766,93,卖盘
611,10:00:30,53.93,1618151,300,卖盘
612,10:00:33,53.93,37751,7,买盘
613,10:00:36,53.93,75502,14,买盘
614,10:00:39,53.93,156392,29,买盘
615,10:00:42,53.94,393693,73,买盘
616,10:00:45,53.91,2733490,507,卖盘
617,10:00:48,53.9,1590126,295,卖盘
618,10:00:51,53.91,2802763,520,买盘
619,10:00:54,53.89,113169,21,卖盘
620,10:00:57,53.9,635907,118,中性盘
621,10:01:00,53.89,1207215,224,卖盘
622,10:01:03,53.89,662722,123,买盘
623,10:01:06,53.88,96994,18,卖盘
624,10:01:09,53.87,199360,37,卖盘
625,10:01:12,53.87,818825,152,卖盘
626,10:01:15,53.88,377200,70,买盘
627,10:01:18,53.89,786599,146,买盘
628,10:01:21,53.91,371833,69,买盘
629,10:01:24,53.87,765428,142,卖盘
630,10:01:27,53.89,37723,7,中性盘
631,10:01:30,53.91,382688,71,买盘
632,10:01:33,53.91,145512,27,买盘
633,10:01:36,53.91,91637,17,买盘
634,10:01:39,53.91,145551,27,买盘
635,10:01:42,53.91,5391,1,卖盘
636,10:01:45,53.91,102436,19,卖盘
637,10:01:48,53.91,425889,79,卖盘
638,10:01:51,53.91,129384,24,买盘
639,10:01:54,53.91,107807,20,买盘
640,10:01:57,53.91,199440,37,买盘
641,10:02:00,53.91,150939,28,买盘
642,10:02:03,53.91,161708,30,买盘
643,10:02:06,53.91,59299,11,买盘
644,10:02:09,53.91,593024,110,买盘
645,10:02:12,53.91,210230,39,卖盘
646,10:02:15,53.92,113222,21,买盘
647,10:02:18,53.92,183307,34,买盘
648,10:02:21,53.92,264154,49,买盘
649,10:02:24,53.91,345061,64,卖盘
650,10:02:27,53.91,80865,15,买盘
651,10:02:30,53.9,194054,36,卖盘
652,10:02:33,53.91,10782,2,买盘
653,10:02:36,53.91,237214,44,卖盘
654,10:02:39,53.91,172522,32,卖盘
655,10:02:42,53.91,102433,19,卖盘
656,10:02:45,53.91,226427,42,卖盘
657,10:02:48,53.91,167121,31,卖盘
658,10:02:51,53.91,258771,48,卖盘
659,10:02:54,53.9,323419,60,卖盘
660,10:02:57,53.92,506780,94,买盘
661,10:03:00,53.91,134777,25,中性盘
662,10:03:03,53.92,129395,24,买盘
663,10:03:06,53.91,75474,14,卖盘
664,10:03:09,53.93,798025,148,买盘
665,10:03:12,53.93,183333,34,买盘
666,10:03:15,53.91,140194,26,卖盘
667,10:03:18,53.91,86267,16,卖盘
668,10:03:21,53.91,86274,16,卖盘
669,10:03:24,53.91,80869,15,卖盘
670,10:03:27,53.91,183305,34,卖盘
671,10:03:30,53.91,107842,20,卖盘
672,10:03:33,53.93,231875,43,买盘
673,10:03:36,53.93,64715,12,买盘
674,10:03:39,53.93,64722,12,卖盘
675,10:03:42,53.94,48543,9,买盘
676,10:03:45,53.93,124051,23,卖盘
677,10:03:48,53.94,26970,5,买盘
678,10:03:51,53.94,2572114,477,卖盘
679,10:03:54,53.95,97086,18,买盘
680,10:03:57,53.94,264305,49,卖盘
681,10:04:00,53.95,210404,39,买盘
682,10:04:03,53.95,199609,37,买盘
683,10:04:06,53.95,102501,19,买盘
684,10:04:09,53.95,107891,20,买盘
685,10:04:12,53.96,113309,21,买盘
686,10:04:15,53.95,2255170,418,卖盘
687,10:04:18,53.95,302111,56,买盘
688,10:04:21,53.96,226618,42,买盘
689,10:04:24,53.95,264355,49,卖盘
690,10:04:27,53.96,75538,14,买盘
691,10:04:30,53.96,80933,15,买盘
692,10:04:33,53.96,107912,20,买盘
693,10:04:36,53.96,1451522,269,买盘
694,10:04:39,53.96,151088,28,买盘
695,10:04:42,53.97,253653,47,买盘
696,10:04:45,53.96,497103,92,卖盘
697,10:04:48,53.96,696118,129,卖盘
698,10:04:51,53.94,313007,58,卖盘
699,10:04:54,53.95,738362,137,中性盘
700,10:04:57,53.95,717318,133,买盘
701,10:05:00,53.95,258927,48,买盘
702,10:05:03,53.95,145639,27,买盘
703,10:05:06,53.93,145627,27,买盘
704,10:05:09,53.95,1467273,272,买盘
705,10:05:12,53.91,113235,21,卖盘
706,10:05:15,53.91,275043,51,卖盘
707,10:05:18,53.9,2393191,444,卖盘
708,10:05:21,53.9,215599,40,买盘
709,10:05:24,53.9,345004,64,卖盘
710,10:05:27,53.91,398874,74,买盘
711,10:05:30,53.91,215607,40,买盘
712,10:05:33,53.91,140148,26,买盘
713,10:05:36,53.91,129368,24,买盘
714,10:05:39,53.91,668468,124,买盘
715,10:05:42,53.9,382711,71,卖盘
716,10:05:45,53.9,522835,97,卖盘
717,10:05:48,53.89,824528,153,卖盘
718,10:05:51,53.88,1508702,280,卖盘
719,10:05:54,53.87,393319,73,卖盘
720,10:05:57,53.87,1314432,244,卖盘
721,10:06:00,53.87,258588,48,卖盘
722,10:06:03,53.87,355543,66,卖盘
723,10:06:06,53.87,280128,52,卖盘
724,10:06:09,53.86,37708,7,卖盘
725,10:06:12,53.87,183138,34,买盘
726,10:06:15,53.86,452457,84,卖盘
727,10:06:18,53.87,791828,147,买盘
728,10:06:21,53.87,1809815,336,买盘
729,10:06:24,53.86,358767,67,卖盘
730,10:06:27,53.86,459934,85,买盘
731,10:06:30,53.86,398570,74,卖盘
732,10:06:33,53.86,479312,89,卖盘
733,10:06:36,53.86,220834,41,卖盘
734,10:06:39,53.87,134659,25,买盘
735,10:06:42,53.86,673257,125,卖盘
736,10:06:45,53.87,70020,13,买盘
737,10:06:48,53.87,242391,45,买盘
738,10:06:51,53.88,404039,75,买盘
739,10:06:54,53.87,102358,19,卖盘
740,10:06:57,53.87,447156,83,卖盘
741,10:07:00,53.88,145468,27,卖盘
742,10:07:03,53.91,878610,163,买盘
743,10:07:06,53.91,150953,28,卖盘
744,10:07:09,53.91,53910,10,卖盘
745,10:07:12,53.91,253409,47,卖盘
746,10:07:15,53.91,188687,35,卖盘
747,10:07:18,53.91,64692,12,买盘
748,10:07:21,53.89,220953,41,卖盘
749,10:07:24,53.89,269518,50,中性盘
750,10:07:27,53.89,64669,12,卖盘
751,10:07:30,53.9,140117,26,买盘
752,10:07:33,53.89,64671,12,卖盘
753,10:07:36,53.9,37728,7,买盘
754,10:07:39,53.89,253314,47,卖盘
755,10:07:42,53.89,134724,25,买盘
756,10:07:45,53.89,495704,92,买盘
757,10:07:48,53.88,700505,130,卖盘
758,10:07:51,53.88,754414,140,买盘
759,10:07:54,53.88,183211,34,买盘
760,10:07:57,53.88,290924,54,买盘
761,10:08:00,53.87,463348,86,卖盘
762,10:08:03,53.88,393239,73,买盘
763,10:08:06,53.86,129300,24,卖盘
764,10:08:09,53.87,113127,21,买盘
765,10:08:12,53.87,193932,36,卖盘
766,10:08:15,53.88,107743,20,买盘
767,10:08:18,53.87,161611,30,卖盘
768,10:08:21,53.87,134675,25,卖盘
769,10:08:24,53.87,409415,76,卖盘
770,10:08:27,53.87,91589,17,卖盘
771,10:08:30,53.87,118513,22,卖盘
772,10:08:33,53.88,129289,24,买盘
773,10:08:36,53.9,851312,158,买盘
774,10:08:39,53.9,129319,24,买盘
775,10:08:42,53.88,113164,21,卖盘
776,10:08:45,53.89,16167,3,中性盘
777,10:08:48,53.88,70047,13,卖盘
778,10:08:51,53.89,70047,13,买盘
779,10:08:54,53.88,91602,17,卖盘
780,10:08:57,53.89,43112,8,买盘
781,10:09:00,53.89,932129,173,买盘
782,10:09:03,53.88,140089,26,卖盘
783,10:09:06,53.88,528115,98,卖盘
784,10:09:09,53.88,199381,37,卖盘
785,10:09:12,53.89,436463,81,买盘
786,10:09:15,53.89,188596,35,买盘
787,10:09:18,53.88,312514,58,卖盘
788,10:09:21,53.89,102386,19,买盘
789,10:09:24,53.89,269415,50,买盘
790,10:09:27,53.89,156281,29,卖盘
791,10:09:30,53.89,5389,1,卖盘
792,10:09:33,53.88,167058,31,卖盘
793,10:09:36,53.89,134725,25,买盘
794,10:09:39,53.88,16166,3,卖盘
795,10:09:42,53.89,91602,17,买盘
796,10:09:45,53.89,59277,11,买盘
797,10:09:48,53.89,167055,31,买盘
798,10:09:51,53.88,560446,104,卖盘
799,10:09:54,53.88,457982,85,卖盘
800,10:09:57,53.88,323282,60,卖盘
801,10:10:00,53.88,307120,57,卖盘
802,10:10:03,53.88,193973,36,卖盘
803,10:10:06,53.88,614207,114,卖盘
804,10:10:09,53.88,107760,20,买盘
805,10:10:12,53.88,113146,21,买盘
806,10:10:15,53.87,560317,104,卖盘
807,10:10:18,53.88,64653,12,中性盘
808,10:10:21,53.89,59271,11,买盘
809,10:10:24,53.88,786648,146,卖盘
810,10:10:27,53.88,312503,58,买盘
811,10:10:30,53.88,204735,38,买盘
812,10:10:33,53.87,134689,25,卖盘
813,10:10:36,53.88,700432,130,买盘
814,10:10:39,53.87,134688,25,卖盘
815,10:10:42,53.88,64650,12,买盘
816,10:10:45,53.87,350168,65,卖盘
817,10:10:48,53.87,495624,92,卖盘
818,10:10:51,53.88,242416,45,买盘
819,10:10:54,53.88,102356,19,买盘
820,10:10:57,53.87,199323,37,卖盘
821,10:11:00,53.87,263956,49,买盘
822,10:11:03,53.87,355557,66,买盘
823,10:11:06,53.87,441700,82,卖盘
824,10:11:09,53.87,86192,16,卖盘
825,10:11:12,53.87,123907,23,卖盘
826,10:11:15,53.87,91583,17,卖盘
827,10:11:18,53.88,269394,50,买盘
828,10:11:21,53.88,581857,108,卖盘
829,10:11:24,53.89,134719,25,买盘
830,10:11:27,53.88,614180,114,卖盘
831,10:11:30,53.87,64655,12,卖盘
832,10:11:33,53.87,193948,36,卖盘
833,10:11:36,53.88,59263,11,买盘
834,10:11:39,53.88,86208,16,买盘
835,10:11:42,53.88,37716,7,买盘
836,10:11:45,53.88,533373,99,买盘
837,10:11:48,53.88,958952,178,买盘
838,10:11:51,53.88,59275,11,卖盘
839,10:11:54,53.89,382566,71,买盘
840,10:11:57,53.89,194001,36,买盘
841,10:12:00,53.89,161670,30,买盘
842,10:12:03,53.89,145512,27,买盘
843,10:12:06,53.9,21559,4,买盘
844,10:12:09,53.89,64674,12,卖盘
845,10:12:12,53.86,3383414,628,卖盘
846,10:12:15,53.89,107783,20,中性盘
847,10:12:18,53.89,199393,37,卖盘
848,10:12:21,53.89,102393,19,卖盘
849,10:12:24,53.89,59276,11,买盘
850,10:12:27,53.89,43112,8,买盘
851,10:12:30,53.89,145489,27,买盘
852,10:12:33,53.88,70055,13,中性盘
853,10:12:36,53.87,220895,41,卖盘
854,10:12:39,53.87,43099,8,卖盘
855,10:12:42,53.88,16165,3,卖盘
856,10:12:45,53.88,53881,10,卖盘
857,10:12:48,53.88,86208,16,卖盘
858,10:12:51,53.87,5387,1,卖盘
859,10:12:54,53.87,107742,20,卖盘
860,10:12:57,53.87,107759,20,卖盘
861,10:13:00,53.88,554876,103,买盘
862,10:13:03,53.88,2068414,384,买盘
863,10:13:06,53.88,91581,17,买盘
864,10:13:09,53.87,285527,53,卖盘
865,10:13:12,53.87,37709,7,买盘
866,10:13:15,53.87,436324,81,买盘
867,10:13:18,53.86,70028,13,卖盘
868,10:13:21,53.86,199294,37,卖盘
869,10:13:24,53.86,172362,32,卖盘
870,10:13:27,53.87,328559,61,买盘
871,10:13:30,53.87,2143488,398,买盘
872,10:13:33,53.86,414722,77,卖盘
873,10:13:36,53.86,150808,28,买盘
874,10:13:39,53.85,263884,49,卖盘
875,10:13:42,53.86,463132,86,买盘
876,10:13:45,53.86,360846,67,买盘
877,10:13:48,53.86,888547,165,买盘
878,10:13:51,53.86,447034,83,买盘
879,10:13:54,53.85,123855,23,卖盘
880,10:13:57,53.85,646221,120,卖盘
881,10:14:00,53.85,80782,15,卖盘
882,10:14:03,53.85,1432437,266,卖盘
883,10:14:06,53.85,516989,96,卖盘
884,10:14:09,53.85,382376,71,卖盘
885,10:14:12,53.85,1297787,241,卖盘
886,10:14:15,53.85,649494,121,卖盘
887,10:14:18,53.85,274630,51,买盘
888,10:14:21,53.84,242305,45,卖盘
889,10:14:24,53.84,490007,91,卖盘
890,10:14:27,53.84,296120,55,卖盘
891,10:14:30,53.84,850672,158,卖盘
892,10:14:33,53.86,6502796,1207,买盘
893,10:14:36,53.89,258563,48,买盘
894,10:14:39,53.87,43104,8,中性盘
895,10:14:42,53.89,156241,29,买盘
896,10:14:45,53.89,220941,41,买盘
897,10:14:48,53.87,129310,24,卖盘
898,10:14:51,53.89,533513,99,买盘
899,10:14:54,53.92,2840706,527,买盘
900,10:14:57,53.91,134779,25,卖盘
901,10:15:00,53.94,231869,43,买盘
902,10:15:03,53.94,636185,118,买盘
903,10:15:06,53.94,107870,20,买盘
904,10:15:09,53.93,539430,100,卖盘
905,10:15:12,53.93,312838,58,卖盘
906,10:15:15,53.94,53945,10,卖盘
907,10:15:18,53.95,280519,52,买盘
908,10:15:21,53.95,205005,38,买盘
909,10:15:24,53.95,134893,25,卖盘
910,10:15:27,53.96,221206,41,买盘
911,10:15:30,53.96,237416,44,买盘
912,10:15:33,53.96,86336,16,买盘
913,10:15:36,53.95,226591,42,卖盘
914,10:15:39,53.96,307544,57,买盘
915,10:15:42,53.95,307514,57,卖盘
916,10:15:45,53.95,134883,25,卖盘
917,10:15:48,53.95,107918,20,卖盘
918,10:15:51,53.95,242793,45,卖盘
919,10:15:54,53.96,124104,23,中性盘
920,10:15:57,53.96,140317,26,卖盘
921,10:16:00,53.96,5396,1,卖盘
922,10:16:03,53.96,631475,117,卖盘
923,10:16:06,53.98,388546,72,买盘
924,10:16:09,53.98,64777,12,卖盘
925,10:16:12,53.98,172755,32,卖盘
926,10:16:15,53.98,145762,27,卖盘
927,10:16:18,53.99,253743,47,买盘
928,10:16:21,53.99,690997,128,卖盘
929,10:16:24,54.0,815392,151,买盘
930,10:16:27,54.0,539918,100,买盘
931,10:16:30,54.0,475174,88,买盘
932,10:16:33,54.01,199801,37,买盘
933,10:16:36,54.01,167414,31,买盘
934,10:16:39,54.01,270048,50,买盘
935,10:16:42,54.01,2856687,529,卖盘
936,10:16:45,54.02,1015496,188,买盘
937,10:16:48,54.01,523889,97,卖盘
938,10:16:51,54.01,1328393,246,中性盘
939,10:16:54,54.0,102596,19,中性盘
940,10:16:57,54.0,86398,16,买盘
941,10:17:00,53.98,496786,92,卖盘
942,10:17:03,54.0,156587,29,买盘
943,10:17:06,53.99,118764,22,卖盘
944,10:17:09,54.0,264550,49,买盘
945,10:17:12,53.99,383365,71,卖盘
946,10:17:15,53.98,178170,33,卖盘
947,10:17:18,53.98,53988,10,卖盘
948,10:17:21,53.98,97172,18,卖盘
949,10:17:24,53.99,172742,32,买盘
950,10:17:27,53.98,523606,97,卖盘
951,10:17:30,53.98,329276,61,买盘
952,10:17:33,53.97,194313,36,卖盘
953,10:17:36,53.97,302268,56,卖盘
954,10:17:39,53.97,113351,21,卖盘
955,10:17:42,53.97,124131,23,买盘
956,10:17:45,53.96,232050,43,卖盘
957,10:17:48,53.96,97134,18,卖盘
958,10:17:51,53.96,226653,42,卖盘
959,10:17:54,53.96,178068,33,卖盘
960,10:17:57,53.96,167276,31,买盘
961,10:18:00,53.95,323722,60,卖盘
962,10:18:03,53.95,237412,44,卖盘
963,10:18:06,53.95,167252,31,卖盘
964,10:18:09,53.95,372261,69,卖盘
965,10:18:12,53.95,129495,24,卖盘
966,10:18:15,53.96,64752,12,买盘
967,10:18:18,53.96,248203,46,卖盘
968,10:18:21,53.97,183463,34,买盘
969,10:18:24,53.96,161901,30,卖盘
970,10:18:27,53.98,626051,116,买盘
971,10:18:30,53.97,124136,23,卖盘
972,10:18:33,53.98,863674,160,买盘
973,10:18:36,53.96,890431,165,卖盘
974,10:18:39,53.98,367060,68,买盘
975,10:18:42,53.96,107941,20,卖盘
976,10:18:45,53.97,37779,7,中性盘
977,10:18:48,53.96,75551,14,卖盘
978,10:18:51,53.96,140310,26,卖盘
979,10:18:54,53.97,86347,16,买盘
980,10:18:57,53.97,318417,59,买盘
981,10:19:00,53.98,26984,5,买盘
982,10:19:03,53.97,178102,33,卖盘
983,10:19:06,53.98,1489839,276,买盘
984,10:19:09,53.98,286094,53,卖盘
985,10:19:12,53.98,199727,37,卖盘
986,10:19:15,53.98,32389,6,卖盘
987,10:19:18,53.99,232122,43,买盘
988,10:19:21,53.98,91770,17,中性盘
989,10:19:24,53.98,248351,46,中性盘
990,10:19:27,53.99,86378,16,买盘
991,10:19:30,53.99,16199,3,中性盘
992,10:19:33,53.99,70190,13,卖盘
993,10:19:36,53.98,107972,20,卖盘
994,10:19:39,53.98,302368,56,卖盘
995,10:19:42,53.99,226754,42,买盘
996,10:19:45,54.0,491400,91,买盘
997,10:19:48,54.01,27005,5,买盘
998,10:19:51,54.0,140419,26,卖盘
999,10:19:54,54.01,97208,18,买盘
1000,10:19:57,54.01,178217,33,买盘
1001,10:20:00,54.01,210627,39,买盘
1002,10:20:03,54.01,113421,21,买盘
1003,10:20:06,54.01,226832,42,买盘
1004,10:20:09,54.01,291680,54,买盘
1005,10:20:12,54.02,437556,81,买盘
1006,10:20:15,54.02,199867,37,买盘
1007,10:20:18,54.03,216112,40,买盘
1008,10:20:21,54.02,470060,87,卖盘
1009,10:20:24,54.03,437583,81,买盘
1010,10:20:27,54.03,599655,111,买盘
1011,10:20:30,54.03,410640,76,卖盘
1012,10:20:33,54.03,135076,25,卖盘
1013,10:20:36,54.03,432201,80,卖盘
1014,10:20:39,54.03,221526,41,买盘
1015,10:20:42,54.04,967250,179,买盘
1016,10:20:45,54.04,118894,22,卖盘
1017,10:20:48,54.04,54040,10,卖盘
1018,10:20:51,54.05,1794215,332,买盘
1019,10:20:54,54.05,1189104,220,买盘
1020,10:20:57,54.06,405418,75,买盘
1021,10:21:00,54.06,113525,21,买盘
1022,10:21:03,54.07,37846,7,买盘
1023,10:21:06,54.06,329752,61,卖盘
1024,10:21:09,54.06,432528,80,卖盘
1025,10:21:12,54.06,281062,52,卖盘
1026,10:21:15,54.06,167592,31,卖盘
1027,10:21:18,54.05,21620,4,中性盘
1028,10:21:21,54.05,227010,42,买盘
1029,10:21:24,54.05,308033,57,买盘
1030,10:21:27,54.03,270228,50,中性盘
1031,10:21:30,54.03,421549,78,卖盘
1032,10:21:33,54.03,32418,6,卖盘
1033,10:21:36,54.04,302577,56,买盘
1034,10:21:39,54.04,162124,30,卖盘
1035,10:21:42,54.05,21618,4,买盘
1036,10:21:45,54.05,324300,60,买盘
1037,10:21:48,54.06,81074,15,买盘
1038,10:21:51,54.05,329692,61,买盘
1039,10:21:54,54.04,59454,11,卖盘
1040,10:21:57,54.05,43240,8,中性盘
1041,10:22:00,54.05,75670,14,买盘
1042,10:22:03,54.05,918775,170,买盘
1043,10:22:06,54.06,86487,16,买盘
1044,10:22:09,54.05,221608,41,卖盘
1045,10:22:12,54.05,102692,19,买盘
1046,10:22:15,54.04,210768,39,卖盘
1047,10:22:18,54.06,1200031,222,买盘
1048,10:22:21,54.05,2967893,549,卖盘
1049,10:22:24,54.06,70278,13,买盘
1050,10:22:27,54.06,151348,28,买盘
1051,10:22:30,54.06,162159,30,买盘
1052,10:22:33,54.06,486529,90,买盘
1053,10:22:36,54.06,270300,50,中性盘
1054,10:22:39,54.05,205413,38,卖盘
1055,10:22:42,54.05,91897,17,卖盘
1056,10:22:45,54.06,627022,116,买盘
1057,10:22:48,54.06,1778923,329,买盘
1058,10:22:51,54.08,32446,6,买盘
1059,10:22:54,54.08,129783,24,买盘
1060,10:22:57,54.08,205500,38,买盘
1061,10:23:00,54.08,140616,26,卖盘
1062,10:23:03,54.09,118995,22,买盘
1063,10:23:06,54.09,216351,40,买盘
1064,10:23:09,54.12,2780834,514,买盘
1065,10:23:12,54.12,254295,47,买盘
1066,10:23:15,54.13,384300,71,买盘
1067,10:23:18,54.14,633330,117,买盘
1068,10:23:21,54.14,1012159,187,买盘
1069,10:23:24,54.13,1494453,276,中性盘
1070,10:23:27,54.14,395210,73,买盘
1071,10:23:30,54.12,146123,27,卖盘
1072,10:23:33,54.12,346464,64,买盘
1073,10:23:36,54.13,216542,40,买盘
1074,10:23:39,54.13,238195,44,卖盘
1075,10:23:42,54.14,492547,91,买盘
1076,10:23:45,54.14,860801,159,卖盘
1077,10:23:48,54.14,963754,178,卖盘
1078,10:23:51,54.14,254472,47,买盘
1079,10:23:54,54.12,465568,86,卖盘
1080,10:23:57,54.14,552187,102,买盘
1081,10:24:00,54.14,909653,168,买盘
1082,10:24:03,54.13,308556,57,中性盘
1083,10:24:06,54.11,573486,106,卖盘
1084,10:24:09,54.11,124450,23,买盘
1085,10:24:12,54.06,1319465,244,卖盘
1086,10:24:15,54.1,530185,98,买盘
1087,10:24:18,54.09,64907,12,买盘
1088,10:24:21,54.07,86524,16,卖盘
1089,10:24:24,54.09,346104,64,买盘
1090,10:24:27,54.08,156837,29,中性盘
1091,10:24:30,54.06,886910,164,卖盘
1092,10:24:33,54.06,437884,81,卖盘
1093,10:24:36,54.07,254090,47,中性盘
1094,10:24:39,54.07,97328,18,卖盘
1095,10:24:42,54.07,91919,17,卖盘
1096,10:24:45,54.06,10813,2,卖盘
1097,10:24:48,54.06,405462,75,卖盘
1098,10:24:51,54.06,118931,22,买盘
1099,10:24:54,54.04,464827,86,卖盘
1100,10:24:57,54.06,318943,59,买盘
1101,10:25:00,54.05,10810,2,中性盘
1102,10:25:03,54.04,329645,61,卖盘
1103,10:25:06,54.04,172928,32,买盘
1104,10:25:09,54.03,162108,30,卖盘
1105,10:25:12,54.04,335017,62,买盘
1106,10:25:15,54.04,394444,73,买盘
1107,10:25:18,54.02,243153,45,卖盘
1108,10:25:21,54.03,3362181,622,中性盘
1109,10:25:24,54.06,129712,24,买盘
1110,10:25:27,54.04,237798,44,卖盘
1111,10:25:30,54.04,37832,7,卖盘
1112,10:25:33,54.04,145918,27,卖盘
1113,10:25:36,54.03,162109,30,卖盘
1114,10:25:39,54.03,32418,6,卖盘
1115,10:25:42,54.04,97265,18,买盘
1116,10:25:45,54.03,145889,27,卖盘
1117,10:25:48,54.03,183702,34,卖盘
1118,10:25:51,54.02,459254,85,卖盘
1119,10:25:54,54.03,237713,44,买盘
1120,10:25:57,54.03,27012,5,买盘
1121,10:26:00,54.03,81045,15,买盘
1122,10:26:03,54.03,486269,90,买盘
1123,10:26:06,54.03,16210,3,卖盘
1124,10:26:09,54.03,81050,15,卖盘
1125,10:26:12,54.03,205320,38,卖盘
1126,10:26:15,54.04,48632,9,买盘
1127,10:26:18,54.03,378210,70,卖盘
1128,10:26:21,54.04,167502,31,买盘
1129,10:26:24,54.03,27015,5,卖盘
1130,10:26:27,54.03,1950338,361,卖盘
1131,10:26:30,54.02,32412,6,中性盘
1132,10:26:33,54.01,27005,5,卖盘
1133,10:26:36,54.01,297055,55,卖盘
1134,10:26:39,54.01,43212,8,卖盘
1135,10:26:42,54.02,178238,33,买盘
1136,10:26:45,54.02,21608,4,卖盘
1137,10:26:48,54.03,961735,178,买盘
1138,10:26:51,54.03,183706,34,卖盘
1139,10:26:54,54.03,162091,30,卖盘
1140,10:26:57,54.03,135077,25,卖盘
1141,10:27:00,54.04,372867,69,买盘
1142,10:27:03,54.04,162099,30,买盘
1143,10:27:06,54.03,145906,27,卖盘
1144,10:27:09,54.03,86467,16,卖盘
1145,10:27:12,54.05,302595,56,买盘
1146,10:27:15,54.08,908187,168,买盘
1147,10:27:18,54.08,10816,2,买盘
1148,10:27:21,54.08,151420,28,买盘
1149,10:27:24,54.08,308254,57,买盘
1150,10:27:27,54.08,146015,27,买盘
1151,10:27:30,54.09,118967,22,买盘
1152,10:27:33,54.09,75725,14,买盘
1153,10:27:36,54.08,146028,27,卖盘
1154,10:27:39,54.08,427304,79,买盘
1155,10:27:42,54.09,237988,44,买盘
1156,10:27:45,54.08,81122,15,卖盘
1157,10:27:48,54.09,659911,122,买盘
1158,10:27:51,54.1,10819,2,买盘
1159,10:27:54,54.08,189327,35,卖盘
1160,10:27:57,54.08,1357414,251,卖盘
1161,10:28:00,54.09,351569,65,买盘
1162,10:28:03,54.09,486765,90,买盘
1163,10:28:06,54.08,308320,57,卖盘
1164,10:28:09,54.08,108167,20,买盘
1165,10:28:12,54.08,135198,25,买盘
1166,10:28:15,54.08,659725,122,买盘
1167,10:28:18,54.08,21632,4,买盘
1168,10:28:21,54.08,108164,20,卖盘
1169,10:28:24,54.08,54080,10,卖盘
1170,10:28:27,54.08,227136,42,买盘
1171,10:28:30,54.07,151414,28,卖盘
1172,10:28:33,54.07,567800,105,卖盘
1173,10:28:36,54.07,81106,15,卖盘
1174,10:28:39,54.07,145989,27,卖盘
1175,10:28:42,54.07,81104,15,买盘
1176,10:28:45,54.07,10814,2,买盘
1177,10:28:48,54.07,151392,28,买盘
1178,10:28:51,54.07,86504,16,买盘
1179,10:28:54,54.06,75684,14,卖盘
1180,10:28:57,54.06,27031,5,中性盘
1181,10:29:00,54.06,32434,6,买盘
1182,10:29:03,54.06,102703,19,买盘
1183,10:29:06,54.05,118910,22,卖盘
1184,10:29:09,54.04,91868,17,卖盘
1185,10:29:12,54.05,37835,7,买盘
1186,10:29:15,54.04,113484,21,卖盘
1187,10:29:18,54.04,81054,15,买盘
1188,10:29:21,54.0,1842079,341,卖盘
1189,10:29:24,54.03,43223,8,买盘
1190,10:29:27,54.01,307968,57,卖盘
1191,10:29:30,54.02,75622,14,中性盘
1192,10:29:33,54.02,75627,14,买盘
1193,10:29:36,54.0,453705,84,卖盘
1194,10:29:39,54.01,64811,12,买盘
1195,10:29:42,54.01,102609,19,买盘
1196,10:29:45,54.01,604893,112,买盘
1197,10:29:48,54.0,264603,49,卖盘
1198,10:29:51,54.0,59405,11,卖盘
1199,10:29:54,54.0,1252800,232,卖盘
1200,10:29:57,54.0,437405,81,卖盘
1201,10:30:00,54.0,113400,21,卖盘
1202,10:30:03,54.0,80999,15,买盘
1203,10:30:06,54.0,27000,5,买盘
1204,10:30:09,53.99,302346,56,卖盘
1205,10:30:12,53.99,80980,15,买盘
1206,10:30:15,53.98,404868,75,卖盘
1207,10:30:18,53.98,113361,21,卖盘
1208,10:30:21,53.99,167356,31,买盘
1209,10:30:24,54.0,847689,157,买盘
1210,10:30:27,54.0,469809,87,卖盘
1211,10:30:30,54.0,653303,121,买盘
1212,10:30:33,54.0,151201,28,卖盘
1213,10:30:36,54.0,97203,18,卖盘
1214,10:30:39,54.0,91801,17,卖盘
1215,10:30:42,54.0,91812,17,卖盘
1216,10:30:45,54.01,307818,57,买盘
1217,10:30:48,54.0,324008,60,卖盘
1218,10:30:51,54.0,27000,5,买盘
1219,10:30:54,54.0,10800,2,买盘
1220,10:30:57,54.01,86411,16,买盘
1221,10:31:00,54.02,162031,30,买盘
1222,10:31:03,54.02,64821,12,买盘
1223,10:31:06,54.02,70216,13,买盘
1224,10:31:09,54.01,118838,22,卖盘
1225,10:31:12,54.01,118848,22,卖盘
1226,10:31:15,54.0,172831,32,卖盘
1227,10:31:18,54.01,59411,11,买盘
1228,10:31:21,54.01,27003,5,买盘
1229,10:31:24,54.0,70211,13,卖盘
1230,10:31:27,54.0,70200,13,卖盘
1231,10:31:30,54.0,523800,97,卖盘
1232,10:31:33,54.0,388807,72,卖盘
1233,10:31:36,54.0,307800,57,卖盘
1234,10:31:39,54.0,10800,2,买盘
1235,10:31:42,53.99,64788,12,卖盘
1236,10:31:45,54.0,167387,31,买盘
1237,10:31:48,54.0,399508,74,买盘
1238,10:31:51,53.99,32394,6,买盘
1239,10:31:54,53.99,820624,152,买盘
1240,10:31:57,53.98,118770,22,卖盘
1241,10:32:00,53.98,302272,56,卖盘
1242,10:32:03,53.97,1047193,194,卖盘
1243,10:32:06,53.97,383150,71,卖盘
1244,10:32:09,53.96,21584,4,卖盘
1245,10:32:12,53.97,264434,49,买盘
1246,10:32:15,53.98,75559,14,买盘
1247,10:32:18,53.98,426433,79,买盘
1248,10:32:21,53.98,64776,12,卖盘
1249,10:32:24,53.98,588228,109,卖盘
1250,10:32:27,53.97,205041,38,卖盘
1251,10:32:30,53.97,5397,1,卖盘
1252,10:32:33,53.98,161924,30,买盘
1253,10:32:36,53.96,145706,27,卖盘
1254,10:32:39,53.97,437151,81,买盘
1255,10:32:42,53.95,485647,90,卖盘
1256,10:32:45,53.96,16188,3,中性盘
1257,10:32:48,53.95,16185,3,卖盘
1258,10:32:51,53.95,535754,99,卖盘
1259,10:32:54,53.95,194233,36,卖盘
1260,10:32:57,53.97,496439,92,买盘
1261,10:33:00,53.97,140322,26,卖盘
1262,10:33:03,53.95,75549,14,卖盘
1263,10:33:06,53.95,53954,10,卖盘
1264,10:33:09,53.95,138652,26,卖盘
1265,10:33:12,53.95,21580,4,买盘
1266,10:33:15,53.95,33989,6,买盘
1267,10:33:18,53.96,1214398,225,买盘
1268,10:33:21,53.96,178107,33,卖盘
1269,10:33:24,53.97,129556,24,中性盘
1270,10:33:27,53.97,32386,6,卖盘
1271,10:33:30,53.99,383307,71,买盘
1272,10:33:33,53.97,690936,128,卖盘
1273,10:33:36,53.97,53970,10,买盘
1274,10:33:39,53.96,583093,108,卖盘
1275,10:33:42,53.97,124125,23,卖盘
1276,10:33:45,53.97,10794,2,买盘
1277,10:33:48,53.97,1375787,255,买盘
1278,10:33:51,53.97,32382,6,卖盘
1279,10:33:54,53.97,275247,51,卖盘
1280,10:33:57,53.93,739240,137,卖盘
1281,10:34:00,53.99,21595,4,买盘
1282,10:34:03,53.95,140293,26,卖盘
1283,10:34:06,53.97,296707,55,买盘
1284,10:34:09,53.96,59355,11,中性盘
1285,10:34:12,53.93,107860,20,卖盘
1286,10:34:18,53.93,1704126,316,卖盘
1287,10:34:21,53.93,43144,8,买盘
1288,10:34:24,53.93,91687,17,买盘
1289,10:34:27,53.92,936695,174,卖盘
1290,10:34:30,53.92,64704,12,买盘
1291,10:34:33,53.91,334281,62,卖盘
1292,10:34:36,53.91,501441,93,卖盘
1293,10:34:39,53.91,140168,26,卖盘
1294,10:34:42,53.91,452863,84,卖盘
1295,10:34:45,53.93,71726,13,买盘
1296,10:34:48,53.92,70111,13,卖盘
1297,10:34:51,53.94,485207,90,买盘
1298,10:34:54,53.94,5394,1,买盘
1299,10:34:57,53.94,107858,20,买盘
1300,10:35:00,53.92,16176,3,卖盘
1301,10:35:03,53.93,43143,8,买盘
1302,10:35:06,53.93,177987,33,买盘
1303,10:35:09,53.92,1207510,224,卖盘
1304,10:35:12,53.91,150975,28,中性盘
1305,10:35:15,53.93,91666,17,买盘
1306,10:35:18,53.93,355937,66,买盘
1307,10:35:21,53.92,1056838,196,卖盘
1308,10:35:24,53.93,91666,17,中性盘
1309,10:35:27,53.93,86273,16,买盘
1310,10:35:30,53.93,21570,4,买盘
1311,10:35:33,53.93,231872,43,买盘
1312,10:35:36,53.93,835792,155,买盘
1313,10:35:39,53.92,194128,36,卖盘
1314,10:35:42,53.91,334279,62,卖盘
1315,10:35:45,53.92,237223,44,中性盘
1316,10:35:48,53.92,32351,6,卖盘
1317,10:35:51,53.92,134800,25,卖盘
1318,10:35:54,53.92,172527,32,买盘
1319,10:35:57,53.93,64708,12,买盘
1320,10:36:00,53.91,221053,41,卖盘
1321,10:36:03,53.92,118624,22,买盘
1322,10:36:06,53.92,323470,60,卖盘
1323,10:36:09,53.92,5392,1,卖盘
1324,10:36:12,53.9,145566,27,卖盘
1325,10:36:15,53.93,469138,87,买盘
1326,10:36:18,53.93,107863,20,卖盘
1327,10:36:21,53.94,393695,73,买盘
1328,10:36:24,53.94,107880,20,买盘
1329,10:36:27,53.95,215765,40,买盘
1330,10:36:30,53.94,26970,5,卖盘
1331,10:36:33,53.95,577278,107,买盘
1332,10:36:36,53.96,75535,14,买盘
1333,10:36:39,53.95,210425,39,卖盘
1334,10:36:42,53.96,64752,12,买盘
1335,10:36:45,53.96,151078,28,买盘
1336,10:36:48,53.97,124124,23,买盘
1337,10:36:51,53.97,21588,4,卖盘
1338,10:36:54,53.98,26990,5,买盘
1339,10:36:57,53.97,302249,56,卖盘
1340,10:37:00,53.98,340093,63,买盘
1341,10:37:03,53.98,129552,24,卖盘
1342,10:37:06,53.98,367187,68,卖盘
1343,10:37:09,54.0,329392,61,买盘
1344,10:37:12,53.99,37791,7,中性盘
1345,10:37:15,53.98,10796,2,卖盘
1346,10:37:18,53.98,253730,47,卖盘
1347,10:37:21,53.99,37793,7,中性盘
1348,10:37:24,53.98,129552,24,卖盘
1349,10:37:27,54.0,329340,61,买盘
1350,10:37:30,54.0,107981,20,买盘
1351,10:37:33,54.0,21598,4,买盘
1352,10:37:36,54.0,296998,55,买盘
1353,10:37:39,54.0,194408,36,卖盘
1354,10:37:42,54.02,43209,8,买盘
1355,10:37:45,54.02,70225,13,买盘
1356,10:37:48,54.0,297040,55,卖盘
1357,10:37:51,54.02,178239,33,买盘
1358,10:37:54,54.02,10804,2,买盘
1359,10:37:57,54.01,10802,2,卖盘
1360,10:38:00,54.01,10802,2,买盘
1361,10:38:03,54.01,32406,6,卖盘
1362,10:38:06,54.0,221447,41,卖盘
1363,10:38:09,54.03,1053413,195,买盘
1364,10:38:12,54.04,216125,40,买盘
1365,10:38:15,54.06,864776,160,买盘
1366,10:38:18,54.06,10812,2,买盘
1367,10:38:21,54.06,43248,8,买盘
1368,10:38:24,54.06,513551,95,买盘
1369,10:38:27,54.06,21627,4,卖盘
1370,10:38:30,54.07,91917,17,买盘
1371,10:38:33,54.07,16219,3,买盘
1372,10:38:39,54.06,243313,45,卖盘
1373,10:38:42,54.06,1281392,237,卖盘
1374,10:38:45,54.04,227009,42,卖盘
1375,10:38:48,54.06,32436,6,买盘
1376,10:38:51,54.06,64869,12,买盘
1377,10:38:54,54.06,129754,24,卖盘
1378,10:38:57,54.06,237836,44,卖盘
1379,10:39:00,54.06,124350,23,卖盘
1380,10:39:03,54.06,108130,20,卖盘
1381,10:39:06,54.06,16218,3,买盘
1382,10:39:09,54.06,124349,23,买盘
1383,10:39:12,54.08,37848,7,买盘
1384,10:39:15,54.05,64869,12,卖盘
1385,10:39:18,54.06,27029,5,买盘
1386,10:39:21,54.06,313586,58,买盘
1387,10:39:24,54.05,21623,4,卖盘
1388,10:39:33,54.05,97290,18,卖盘
1389,10:39:36,54.05,124331,23,卖盘
1390,10:39:39,54.05,102695,19,卖盘
1391,10:39:42,54.05,145945,27,卖盘
1392,10:39:45,54.06,37841,7,买盘
1393,10:39:48,54.05,124315,23,卖盘
1394,10:39:51,54.05,97290,18,卖盘
1395,10:39:54,54.05,135130,25,卖盘
1396,10:39:57,54.05,75670,14,卖盘
1397,10:40:00,54.05,5405,1,卖盘
1398,10:40:03,54.05,91885,17,卖盘
1399,10:40:06,54.04,1572622,291,卖盘
1400,10:40:09,54.03,86458,16,卖盘
1401,10:40:12,54.03,135075,25,卖盘
1402,10:40:15,54.03,529495,98,卖盘
1403,10:40:18,54.03,32419,6,卖盘
1404,10:40:21,54.04,464673,86,买盘
1405,10:40:24,54.04,1021179,189,买盘
1406,10:40:27,54.03,113481,21,卖盘
1407,10:40:30,54.04,48631,9,买盘
1408,10:40:33,54.04,448523,83,买盘
1409,10:40:36,54.04,27018,5,买盘
1410,10:40:39,54.04,199933,37,买盘
1411,10:40:42,54.04,156696,29,买盘
1412,10:40:45,54.03,91859,17,卖盘
1413,10:40:48,54.05,5517485,1021,买盘
1414,10:40:51,54.05,108085,20,买盘
1415,10:40:54,54.04,75660,14,卖盘
1416,10:40:57,54.05,48638,9,买盘
1417,10:41:00,54.05,270249,50,买盘
1418,10:41:03,54.04,151325,28,卖盘
1419,10:41:06,54.05,64859,12,买盘
1420,10:41:09,54.04,194560,36,卖盘
1421,10:41:12,54.05,162149,30,买盘
1422,10:41:15,54.05,113506,21,卖盘
1423,10:41:18,54.06,108107,20,买盘
1424,10:41:21,54.06,681124,126,买盘
1425,10:41:24,54.06,32436,6,卖盘
1426,10:41:27,54.06,75696,14,卖盘
1427,10:41:30,54.06,189210,35,卖盘
1428,10:41:33,54.07,75697,14,买盘
1429,10:41:36,54.06,75685,14,卖盘
1430,10:41:39,54.07,113545,21,买盘
1431,10:41:42,54.07,21628,4,买盘
1432,10:41:45,54.06,610981,113,卖盘
1433,10:41:48,54.06,124351,23,卖盘
1434,10:41:51,54.07,335229,62,买盘
1435,10:41:54,54.07,27033,5,买盘
1436,10:41:57,54.07,81097,15,买盘
1437,10:42:00,54.07,54070,10,买盘
1438,10:42:03,54.07,118951,22,买盘
1439,10:42:06,54.07,151391,28,买盘
1440,10:42:09,54.07,216250,40,买盘
1441,10:42:12,54.06,113546,21,卖盘
1442,10:42:15,54.07,362255,67,买盘
1443,10:42:18,54.07,16221,3,买盘
1444,10:42:21,54.06,264894,49,卖盘
1445,10:42:24,54.06,491946,91,卖盘
1446,10:42:27,54.06,416262,77,买盘
1447,10:42:30,54.06,54060,10,买盘
1448,10:42:36,54.05,37838,7,卖盘
1449,10:42:39,54.06,108102,20,买盘
1450,10:42:42,54.06,286483,53,买盘
1451,10:42:45,54.05,162150,30,卖盘
1452,10:42:48,54.05,578335,107,买盘
1453,10:42:51,54.05,210813,39,卖盘
1454,10:42:54,54.05,37835,7,卖盘
1455,10:42:57,54.05,124327,23,卖盘
1456,10:43:00,54.05,329710,61,卖盘
1457,10:43:03,54.04,97283,18,卖盘
1458,10:43:06,54.05,64860,12,买盘
1459,10:43:09,54.04,254051,47,卖盘
1460,10:43:12,54.04,43240,8,卖盘
1461,10:43:15,54.05,64862,12,买盘
1462,10:43:18,54.05,178351,33,卖盘
1463,10:43:21,54.05,32430,6,买盘
1464,10:43:24,54.05,291865,54,买盘
1465,10:43:27,54.05,259444,48,卖盘
1466,10:43:30,54.06,162146,30,买盘
1467,10:43:33,54.04,102682,19,卖盘
1468,10:43:36,54.05,108096,20,卖盘
1469,10:43:39,54.05,91885,17,买盘
1470,10:43:42,54.05,183749,34,买盘
1471,10:43:45,54.05,54049,10,买盘
1472,10:43:48,54.05,64860,12,买盘
1473,10:43:51,54.05,232403,43,买盘
1474,10:43:54,54.05,43235,8,卖盘
1475,10:43:57,54.05,91888,17,买盘
1476,10:44:00,54.06,1340223,248,买盘
1477,10:44:03,54.05,189193,35,卖盘
1478,10:44:06,54.05,172972,32,卖盘
1479,10:44:12,54.06,21622,4,买盘
1480,10:44:15,54.05,151340,28,卖盘
1481,10:44:18,54.06,243252,45,买盘
1482,10:44:21,54.05,27026,5,买盘
1483,10:44:24,54.04,16214,3,卖盘
1484,10:44:30,54.05,48642,9,买盘
1485,10:44:33,54.05,129720,24,买盘
1486,10:44:36,54.04,535009,99,卖盘
1487,10:44:39,54.04,113484,21,买盘
1488,10:44:42,54.04,59444,11,买盘
1489,10:44:45,54.04,102676,19,买盘
1490,10:44:48,54.03,589016,109,卖盘
1491,10:44:51,54.03,70239,13,卖盘
1492,10:44:54,54.03,135081,25,卖盘
1493,10:44:57,54.04,140483,26,买盘
1494,10:45:00,54.03,32421,6,卖盘
1495,10:45:03,54.03,102665,19,卖盘
1496,10:45:06,54.03,167505,31,卖盘
1497,10:45:09,54.04,896953,166,买盘
1498,10:45:12,54.04,102676,19,卖盘
1499,10:45:15,54.04,43232,8,卖盘
1500,10:45:18,54.04,118895,22,卖盘
1501,10:45:21,54.04,254003,47,卖盘
1502,10:45:24,54.05,5405,1,买盘
1503,10:45:27,54.04,345865,64,卖盘
1504,10:45:30,54.04,102676,19,卖盘
1505,10:45:33,54.04,86478,16,卖盘
1506,10:45:36,54.05,162129,30,买盘
1507,10:45:39,54.04,210756,39,卖盘
1508,10:45:42,54.05,172932,32,买盘
1509,10:45:45,54.04,135100,25,卖盘
1510,10:45:48,54.05,135120,25,买盘
1511,10:45:51,54.05,59455,11,买盘
1512,10:45:54,54.05,556563,103,买盘
1513,10:45:57,54.03,124305,23,卖盘
1514,10:46:00,54.05,124314,23,买盘
1515,10:46:03,54.03,189141,35,卖盘
1516,10:46:06,54.04,1297303,240,中性盘
1517,10:46:09,54.05,156752,29,卖盘
1518,10:46:12,54.07,156793,29,买盘
1519,10:46:15,54.05,21624,4,卖盘
1520,10:46:18,54.07,81104,15,买盘
1521,10:46:21,54.05,64880,12,卖盘
1522,10:46:24,54.07,189205,35,买盘
1523,10:46:27,54.07,129763,24,买盘
1524,10:46:30,54.05,345920,64,卖盘
1525,10:46:33,54.05,59465,11,卖盘
1526,10:46:36,54.05,64862,12,卖盘
1527,10:46:42,54.07,200051,37,买盘
1528,10:46:45,54.06,81103,15,卖盘
1529,10:46:48,54.06,5406,1,卖盘
1530,10:46:51,54.07,86512,16,买盘
1531,10:46:54,54.06,194618,36,卖盘
1532,10:46:57,54.07,75698,14,买盘
1533,10:47:00,54.06,156798,29,卖盘
1534,10:47:03,54.07,48663,9,卖盘
1535,10:47:06,54.08,248743,46,买盘
1536,10:47:09,54.08,27040,5,买盘
1537,10:47:12,54.08,173054,32,买盘
1538,10:47:15,54.08,21632,4,买盘
1539,10:47:18,54.08,935584,173,买盘
1540,10:47:21,54.08,91940,17,卖盘
1541,10:47:24,54.08,811200,150,卖盘
1542,10:47:27,54.07,540789,100,卖盘
1543,10:47:30,54.08,200092,37,买盘
1544,10:47:33,54.08,48672,9,买盘
1545,10:47:36,54.08,135209,25,卖盘
1546,10:47:39,54.09,140629,26,买盘
1547,10:47:42,54.08,146022,27,卖盘
1548,10:47:45,54.08,70304,13,卖盘
1549,10:47:48,54.08,173082,32,卖盘
1550,10:47:51,54.09,302901,56,买盘
1551,10:47:54,54.09,210938,39,买盘
1552,10:47:57,54.09,43267,8,买盘
1553,10:48:00,54.08,643658,119,卖盘
1554,10:48:03,54.09,81130,15,买盘
1555,10:48:06,54.09,86544,16,买盘
1556,10:48:09,54.09,86545,16,卖盘
1557,10:48:12,54.09,97362,18,买盘
1558,10:48:15,54.1,64909,12,买盘
1559,10:48:18,54.1,156863,29,买盘
1560,10:48:21,54.1,2623859,485,买盘
1561,10:48:24,54.1,173122,32,卖盘
1562,10:48:27,54.1,681548,126,中性盘
1563,10:48:30,54.1,384078,71,中性盘
1564,10:48:33,54.1,59508,11,买盘
1565,10:48:36,54.09,119014,22,卖盘
1566,10:48:39,54.1,48686,9,买盘
1567,10:48:42,54.09,59507,11,卖盘
1568,10:48:45,54.09,243405,45,卖盘
1569,10:48:48,54.09,200143,37,买盘
1570,10:48:51,54.09,32454,6,买盘
1571,10:48:54,54.08,178484,33,卖盘
1572,10:48:57,54.07,1146274,212,卖盘
1573,10:49:00,54.08,43261,8,中性盘
1574,10:49:03,54.08,351520,65,买盘
1575,10:49:09,54.06,27034,5,卖盘
1576,10:49:12,54.07,10814,2,买盘
1577,10:49:15,54.06,81092,15,卖盘
1578,10:49:18,54.07,16221,3,买盘
1579,10:49:21,54.06,70288,13,卖盘
1580,10:49:24,54.06,108120,20,卖盘
1581,10:49:27,54.07,81101,15,买盘
1582,10:49:30,54.07,167616,31,买盘
1583,10:49:33,54.07,75694,14,买盘
1584,10:49:36,54.06,21626,4,卖盘
1585,10:49:39,54.07,297348,55,买盘
1586,10:49:42,54.07,21625,4,买盘
1587,10:49:45,54.06,75686,14,卖盘
1588,10:49:48,54.07,281163,52,买盘
1589,10:49:51,54.06,64883,12,卖盘
1590,10:49:54,54.07,654242,121,买盘
1591,10:49:57,54.07,32442,6,卖盘
1592,10:50:00,54.07,21628,4,卖盘
1593,10:50:03,54.08,275761,51,买盘
1594,10:50:06,54.07,173025,32,卖盘
1595,10:50:09,54.08,194683,36,买盘
1596,10:50:12,54.07,438042,81,中性盘
1597,10:50:15,54.11,2856101,528,买盘
1598,10:50:18,54.11,925219,171,买盘
1599,10:50:21,54.11,102807,19,买盘
1600,10:50:24,54.11,205595,38,买盘
1601,10:50:27,54.11,113634,21,卖盘
1602,10:50:30,54.12,330085,61,买盘
1603,10:50:33,54.12,119055,22,买盘
1604,10:50:36,54.11,48703,9,卖盘
1605,10:50:39,54.12,340913,63,买盘
1606,10:50:42,54.11,48707,9,卖盘
1607,10:50:45,54.11,140707,26,卖盘
1608,10:50:48,54.13,151537,28,买盘
1609,10:50:51,54.13,16237,3,买盘
1610,10:50:54,54.13,54130,10,买盘
1611,10:50:57,54.13,108260,20,买盘
1612,10:51:00,54.13,351834,65,买盘
1613,10:51:03,54.14,54131,10,买盘
1614,10:51:09,54.14,427651,79,买盘
1615,10:51:12,54.14,1380720,255,买盘
1616,10:51:15,54.14,97458,18,中性盘
1617,10:51:18,54.14,628106,116,卖盘
1618,10:51:21,54.15,346545,64,买盘
1619,10:51:24,54.15,536076,99,买盘
1620,10:51:27,54.15,135375,25,卖盘
1621,10:51:30,54.15,189523,35,买盘
1622,10:51:33,54.15,276155,51,买盘
1623,10:51:36,54.15,200355,37,买盘
1624,10:51:39,54.15,276160,51,买盘
1625,10:51:42,54.15,97465,18,买盘
1626,10:51:45,54.14,584728,108,卖盘
1627,10:51:48,54.14,341082,63,卖盘
1628,10:51:51,54.14,216560,40,买盘
1629,10:51:57,54.14,238215,44,买盘
1630,10:52:00,54.14,135346,25,买盘
1631,10:52:03,54.14,1044889,193,买盘
1632,10:52:06,54.14,140771,26,卖盘
1633,10:52:09,54.14,92038,17,卖盘
1634,10:52:12,54.13,416877,77,卖盘
1635,10:52:15,54.13,75794,14,卖盘
1636,10:52:18,54.14,1050304,194,买盘
1637,10:52:21,54.14,70382,13,卖盘
1638,10:52:24,54.15,86625,16,买盘
1639,10:52:27,54.14,221994,41,卖盘
1640,10:52:30,54.14,221979,41,卖盘
1641,10:52:33,54.14,1765190,326,卖盘
1642,10:52:36,54.14,27069,5,买盘
1643,10:52:39,54.13,249024,46,卖盘
1644,10:52:42,54.14,59551,11,买盘
1645,10:52:45,54.14,54140,10,买盘
1646,10:52:48,54.14,979919,181,买盘
1647,10:52:51,54.15,43316,8,买盘
1648,10:52:54,54.15,346512,64,买盘
1649,10:52:57,54.15,796002,147,买盘
1650,10:53:00,54.15,703956,130,买盘
1651,10:53:03,54.16,1288980,238,买盘
1652,10:53:06,54.15,249099,46,卖盘
1653,10:53:09,54.15,21660,4,买盘
1654,10:53:12,54.15,850273,157,买盘
1655,10:53:15,54.16,411549,76,买盘
1656,10:53:18,54.15,1538335,284,卖盘
1657,10:53:21,54.16,167875,31,买盘
1658,10:53:24,54.15,1159361,214,卖盘
1659,10:53:27,54.16,75828,14,卖盘
1660,10:53:30,54.15,303249,56,卖盘
1661,10:53:33,54.16,254521,47,买盘
1662,10:53:36,54.15,54154,10,卖盘
1663,10:53:39,54.16,81236,15,买盘
1664,10:53:42,54.16,81234,15,买盘
1665,10:53:45,54.15,54158,10,卖盘
1666,10:53:48,54.15,70400,13,卖盘
1667,10:53:51,54.16,86656,16,买盘
1668,10:53:54,54.15,1662616,307,卖盘
1669,10:53:57,54.16,633601,117,买盘
1670,10:54:00,54.16,113736,21,卖盘
1671,10:54:03,54.16,86656,16,卖盘
1672,10:54:06,54.15,184141,34,卖盘
1673,10:54:09,54.16,129984,24,买盘
1674,10:54:12,54.16,32496,6,买盘
1675,10:54:15,54.16,43323,8,买盘
1676,10:54:18,54.16,119151,22,买盘
1677,10:54:21,54.15,102892,19,卖盘
1678,10:54:24,54.16,135388,25,买盘
1679,10:54:27,54.15,37908,7,卖盘
1680,10:54:30,54.16,249113,46,买盘
1681,10:54:33,54.15,351982,65,卖盘
1682,10:54:36,54.15,48735,9,买盘
1683,10:54:39,54.15,5415,1,买盘
1684,10:54:42,54.14,514331,95,卖盘
1685,10:54:45,54.14,173232,32,买盘
1686,10:54:48,54.14,10828,2,买盘
1687,10:54:51,54.13,151566,28,卖盘
1688,10:54:54,54.13,600894,111,卖盘
1689,10:54:57,54.12,129905,24,卖盘
1690,10:55:00,54.12,568339,105,卖盘
1691,10:55:03,54.12,330162,61,卖盘
1692,10:55:06,54.12,416749,77,卖盘
1693,10:55:09,54.12,184017,34,卖盘
1694,10:55:12,54.12,113655,21,卖盘
1695,10:55:15,54.13,378904,70,买盘
1696,10:55:18,54.13,43304,8,卖盘
1697,10:55:21,54.13,21652,4,卖盘
1698,10:55:24,54.13,129912,24,卖盘
1699,10:55:27,54.13,27065,5,买盘
1700,10:55:30,54.12,59533,11,卖盘
1701,10:55:33,54.12,108240,20,卖盘
1702,10:55:36,54.12,48712,9,卖盘
1703,10:55:39,54.13,113673,21,买盘
1704,10:55:42,54.13,32478,6,买盘
1705,10:55:45,54.13,92006,17,买盘
1706,10:55:48,54.12,21648,4,卖盘
1707,10:55:51,54.11,470832,87,卖盘
1708,10:55:54,54.12,32472,6,买盘
1709,10:55:57,54.11,10822,2,卖盘
1710,10:56:00,54.1,519389,96,卖盘
1711,10:56:03,54.16,3659362,676,买盘
1712,10:56:06,54.16,1191513,220,买盘
1713,10:56:09,54.17,297908,55,买盘
1714,10:56:12,54.17,563315,104,买盘
1715,10:56:15,54.16,124573,23,中性盘
1716,10:56:18,54.17,178761,33,买盘
1717,10:56:21,54.16,124586,23,卖盘
1718,10:56:24,54.17,227509,42,买盘
1719,10:56:27,54.17,536252,99,买盘
1720,10:56:30,54.17,32499,6,卖盘
1721,10:56:33,54.17,395510,73,卖盘
1722,10:56:36,54.18,265466,49,买盘
1723,10:56:39,54.18,709746,131,买盘
1724,10:56:42,54.18,6167350,1138,买盘
1725,10:56:45,54.18,43358,8,卖盘
1726,10:56:48,54.19,167972,31,中性盘
1727,10:56:51,54.2,32518,6,买盘
1728,10:56:54,54.2,417323,77,买盘
1729,10:56:57,54.19,433580,80,卖盘
1730,10:57:00,54.19,75863,14,买盘
1731,10:57:03,54.19,184246,34,买盘
1732,10:57:06,54.2,292655,54,买盘
1733,10:57:09,54.19,216773,40,卖盘
1734,10:57:12,54.2,612495,113,买盘
1735,10:57:15,54.2,195115,36,卖盘
1736,10:57:18,54.2,216784,40,买盘
1737,10:57:21,54.2,417312,77,买盘
1738,10:57:24,54.2,211375,39,买盘
1739,10:57:27,54.2,569094,105,买盘
1740,10:57:30,54.21,612458,113,买盘
1741,10:57:33,54.2,146340,27,卖盘
1742,10:57:36,54.2,54200,10,卖盘
1743,10:57:39,54.21,260198,48,买盘
1744,10:57:42,54.2,146363,27,卖盘
1745,10:57:45,54.21,319822,59,买盘
1746,10:57:48,54.22,1642784,303,买盘
1747,10:57:51,54.22,70488,13,卖盘
1748,10:57:54,54.22,97596,18,卖盘
1749,10:57:57,54.23,140995,26,买盘
1750,10:58:00,54.22,184354,34,卖盘
1751,10:58:03,54.22,319916,59,卖盘
1752,10:58:06,54.23,178947,33,买盘
1753,10:58:09,54.23,368753,68,买盘
1754,10:58:12,54.23,466356,86,买盘
1755,10:58:15,54.22,433822,80,卖盘
1756,10:58:18,54.23,585660,108,买盘
1757,10:58:21,54.22,222302,41,卖盘
1758,10:58:24,54.22,1350080,249,卖盘
1759,10:58:27,54.22,86752,16,买盘
1760,10:58:30,54.22,108437,20,买盘
1761,10:58:33,54.22,140954,26,买盘
1762,10:58:36,54.21,195181,36,卖盘
1763,10:58:39,54.23,2526928,466,买盘
1764,10:58:42,54.23,276573,51,卖盘
1765,10:58:45,54.23,271155,50,卖盘
1766,10:58:48,54.23,184371,34,买盘
1767,10:58:51,54.23,195227,36,买盘
1768,10:58:54,54.23,43384,8,买盘
1769,10:58:57,54.22,113870,21,卖盘
1770,10:59:00,54.22,162660,30,买盘
1771,10:59:03,54.23,482560,89,买盘
1772,10:59:06,54.21,710214,131,卖盘
1773,10:59:09,54.21,536695,99,买盘
1774,10:59:12,54.22,580104,107,买盘
1775,10:59:15,54.22,189768,35,买盘
1776,10:59:18,54.22,417472,77,中性盘
1777,10:59:21,54.21,59631,11,买盘
1778,10:59:24,54.21,130088,24,买盘
1779,10:59:27,54.21,162617,30,买盘
1780,10:59:30,54.21,195139,36,买盘
1781,10:59:33,54.21,330662,61,买盘
1782,10:59:36,54.21,368625,68,买盘
1783,10:59:39,54.21,48787,9,买盘
1784,10:59:42,54.2,401147,74,卖盘
1785,10:59:45,54.21,850985,157,中性盘
1786,10:59:48,54.21,260237,48,卖盘
1787,10:59:51,54.2,211429,39,卖盘
1788,10:59:54,54.21,48786,9,买盘
1789,10:59:57,54.2,287311,53,卖盘
1790,11:00:00,54.21,1051596,194,买盘
1791,11:00:03,54.2,216801,40,卖盘
1792,11:00:06,54.2,119240,22,买盘
1793,11:00:09,54.2,444490,82,买盘
1794,11:00:12,54.2,65044,12,卖盘
1795,11:00:15,54.21,227701,42,卖盘
1796,11:00:18,54.21,146385,27,卖盘
1797,11:00:21,54.21,124683,23,卖盘
1798,11:00:24,54.2,54205,10,卖盘
1799,11:00:27,54.19,260158,48,卖盘
1800,11:00:30,54.19,216794,40,卖盘
1801,11:00:33,54.2,1295557,239,买盘
1802,11:00:36,54.2,86720,16,卖盘
1803,11:00:39,54.2,151772,28,卖盘
1804,11:00:42,54.21,650438,120,买盘
1805,11:00:45,54.21,54210,10,卖盘
1806,11:00:48,54.21,395786,73,卖盘
1807,11:00:51,54.21,184323,34,卖盘
1808,11:00:54,54.21,130108,24,卖盘
1809,11:00:57,54.22,81321,15,买盘
1810,11:01:00,54.21,119272,22,卖盘
1811,11:01:03,54.21,200607,37,卖盘
1812,11:01:06,54.21,260205,48,买盘
1813,11:01:09,54.21,59631,11,买盘
1814,11:01:12,54.2,243935,45,卖盘
1815,11:01:15,54.21,124683,23,买盘
1816,11:01:18,54.2,135506,25,卖盘
1817,11:01:21,54.2,211383,39,卖盘
1818,11:01:24,54.21,48784,9,买盘
1819,11:01:27,54.2,569199,105,卖盘
1820,11:01:30,54.2,292715,54,卖盘
1821,11:01:33,54.2,113820,21,卖盘
1822,11:01:36,54.2,336040,62,买盘
1823,11:01:39,54.19,395638,73,卖盘
1824,11:01:42,54.19,70451,13,卖盘
1825,11:01:45,54.2,21678,4,买盘
1826,11:01:48,54.19,222183,41,卖盘
1827,11:01:51,54.19,276407,51,卖盘
1828,11:01:54,54.18,113803,21,卖盘
1829,11:01:57,54.19,124622,23,买盘
1830,11:02:00,54.18,297990,55,卖盘
1831,11:02:03,54.18,102946,19,卖盘
1832,11:02:06,54.18,10836,2,买盘
1833,11:02:09,54.17,205878,38,卖盘
1834,11:02:12,54.17,54175,10,卖盘
1835,11:02:15,54.17,43336,8,卖盘
1836,11:02:18,54.17,406285,75,卖盘
1837,11:02:21,54.17,64995,12,买盘
1838,11:02:24,54.15,184153,34,卖盘
1839,11:02:27,54.15,10830,2,卖盘
1840,11:02:30,54.16,146218,27,买盘
1841,11:02:33,54.16,189552,35,买盘
1842,11:02:36,54.16,286977,53,买盘
1843,11:02:39,54.16,536177,99,买盘
1844,11:02:42,54.17,460285,85,买盘
1845,11:02:45,54.14,59566,11,卖盘
1846,11:02:51,54.14,108282,20,卖盘
1847,11:02:54,54.15,43316,8,中性盘
1848,11:02:57,54.14,801426,148,卖盘
1849,11:03:00,54.15,140782,26,买盘
1850,11:03:03,54.14,37898,7,卖盘
1851,11:03:06,54.14,37898,7,买盘
1852,11:03:09,54.14,64960,12,买盘
1853,11:03:12,54.13,37895,7,卖盘
1854,11:03:15,54.12,5412,1,卖盘
1855,11:03:18,54.13,86607,16,买盘
1856,11:03:21,54.12,16237,3,卖盘
1857,11:03:24,54.12,43297,8,卖盘
1858,11:03:27,54.12,37884,7,卖盘
1859,11:03:30,54.12,292254,54,卖盘
1860,11:03:33,54.12,5412,1,买盘
1861,11:03:36,54.11,124467,23,卖盘
1862,11:03:39,54.12,5412,1,买盘
1863,11:03:42,54.11,108220,20,卖盘
1864,11:03:45,54.12,37881,7,买盘
1865,11:03:48,54.13,2268101,419,买盘
1866,11:03:51,54.14,124526,23,卖盘
1867,11:03:54,54.13,43314,8,卖盘
1868,11:03:57,54.13,64969,12,卖盘
1869,11:04:00,54.13,151578,28,卖盘
1870,11:04:03,54.13,16238,3,买盘
1871,11:04:06,54.13,64956,12,买盘
1872,11:04:09,54.14,205719,38,买盘
1873,11:04:12,54.12,292299,54,卖盘
1874,11:04:15,54.14,32484,6,买盘
1875,11:04:18,54.15,27072,5,买盘
1876,11:04:21,54.16,43323,8,买盘
1877,11:04:24,54.16,5416,1,买盘
1878,11:04:27,54.15,92038,17,中性盘
1879,11:04:30,54.14,281604,52,卖盘
1880,11:04:33,54.16,70393,13,买盘
1881,11:04:36,54.15,21661,4,卖盘
1882,11:04:39,54.15,37905,7,卖盘
1883,11:04:42,54.15,189474,35,买盘
1884,11:04:45,54.14,92041,17,中性盘
1885,11:04:48,54.13,75777,14,中性盘
1886,11:04:51,54.13,10826,2,买盘
1887,11:04:54,54.13,86593,16,中性盘
1888,11:04:57,54.13,405922,75,买盘
1889,11:05:00,54.12,221893,41,卖盘
1890,11:05:03,54.12,108259,20,卖盘
1891,11:05:06,54.12,97427,18,卖盘
1892,11:05:09,54.12,97422,18,卖盘
1893,11:05:12,54.12,113652,21,卖盘
1894,11:05:15,54.13,422144,78,买盘
1895,11:05:18,54.13,276030,51,买盘
1896,11:05:21,54.13,389724,72,买盘
1897,11:05:24,54.14,119092,22,买盘
1898,11:05:27,54.13,194887,36,卖盘
1899,11:05:30,54.14,64961,12,买盘
1900,11:05:33,54.14,178643,33,买盘
1901,11:05:36,54.14,43313,8,卖盘
1902,11:05:39,54.15,5415,1,买盘
1903,11:05:42,54.15,649687,120,买盘
1904,11:05:45,54.15,606478,112,买盘
1905,11:05:48,54.15,102893,19,卖盘
1906,11:05:51,54.15,92067,17,卖盘
1907,11:05:54,54.15,157039,29,卖盘
1908,11:05:57,54.15,97484,18,买盘
1909,11:06:03,54.15,314115,58,卖盘
1910,11:06:06,54.15,54150,10,卖盘
1911,11:06:09,54.16,119144,22,买盘
1912,11:06:12,54.16,184142,34,买盘
1913,11:06:15,54.16,27080,5,买盘
1914,11:06:18,54.16,238293,44,买盘
1915,11:06:21,54.16,124547,23,买盘
1916,11:06:24,54.16,124549,23,买盘
1917,11:06:27,54.16,5416,1,买盘
1918,11:06:33,54.17,1343334,248,买盘
1919,11:06:36,54.18,86677,16,买盘
1920,11:06:39,54.17,113758,21,卖盘
1921,11:06:42,54.18,16254,3,买盘
1922,11:06:45,54.17,140849,26,卖盘
1923,11:06:48,54.17,162535,30,卖盘
1924,11:06:51,54.19,379257,70,买盘
1925,11:06:54,54.18,21671,4,中性盘
1926,11:06:57,54.18,227539,42,买盘
1927,11:07:00,54.19,75858,14,买盘
1928,11:07:03,54.19,10838,2,买盘
1929,11:07:06,54.19,157128,29,买盘
1930,11:07:09,54.19,249251,46,买盘
1931,11:07:12,54.18,75856,14,卖盘
1932,11:07:15,54.18,877873,162,卖盘
1933,11:07:18,54.19,325085,60,买盘
1934,11:07:21,54.18,10837,2,卖盘
1935,11:07:24,54.19,32514,6,买盘
1936,11:07:27,54.19,92116,17,买盘
1937,11:07:30,54.18,1024016,189,卖盘
1938,11:07:33,54.17,32507,6,卖盘
1939,11:07:36,54.14,3856691,712,卖盘
1940,11:07:39,54.13,194899,36,卖盘
1941,11:07:42,54.13,102833,19,买盘
1942,11:07:45,54.13,227308,42,买盘
1943,11:07:48,54.12,32473,6,卖盘
1944,11:07:51,54.13,16239,3,买盘
1945,11:07:54,54.13,427566,79,买盘
1946,11:07:57,54.13,75782,14,卖盘
1947,11:08:00,54.13,59543,11,卖盘
1948,11:08:03,54.13,27065,5,卖盘
1949,11:08:06,54.13,81196,15,卖盘
1950,11:08:09,54.13,27065,5,卖盘
1951,11:08:12,54.13,167812,31,卖盘
1952,11:08:15,54.14,81201,15,买盘
1953,11:08:18,54.13,102847,19,卖盘
1954,11:08:21,54.13,54130,10,买盘
1955,11:08:24,54.12,37884,7,卖盘
1956,11:08:27,54.12,59532,11,卖盘
1957,11:08:30,54.12,514144,95,卖盘
1958,11:08:33,54.11,254359,47,卖盘
1959,11:08:36,54.12,465432,86,中性盘
1960,11:08:39,54.11,86576,16,卖盘
1961,11:08:42,54.1,1049656,194,卖盘
1962,11:08:45,54.1,389520,72,卖盘
1963,11:08:48,54.1,156890,29,卖盘
1964,11:08:51,54.1,189350,35,卖盘
1965,11:08:54,54.1,200173,37,卖盘
1966,11:08:57,54.1,27050,5,买盘
1967,11:09:00,54.09,59500,11,卖盘
1968,11:09:03,54.1,216387,40,买盘
1969,11:09:06,54.1,59498,11,买盘
1970,11:09:09,54.08,173088,32,卖盘
1971,11:09:12,54.08,151444,28,卖盘
1972,11:09:15,54.07,64894,12,卖盘
1973,11:09:18,54.08,16224,3,买盘
1974,11:09:21,54.08,183872,34,买盘
1975,11:09:24,54.07,248733,46,卖盘
1976,11:09:27,54.07,140589,26,卖盘
1977,11:09:30,54.08,729903,135,买盘
1978,11:09:33,54.07,54070,10,卖盘
1979,11:09:36,54.07,32442,6,买盘
1980,11:09:39,54.07,118950,22,买盘
1981,11:09:42,54.09,183872,34,买盘
1982,11:09:45,54.07,5407,1,卖盘
1983,11:09:48,54.07,113547,21,卖盘
1984,11:09:51,54.1,48690,9,买盘
1985,11:09:54,54.07,118969,22,卖盘
1986,11:09:57,54.07,10816,2,卖盘
1987,11:10:00,54.08,48672,9,卖盘
1988,11:10:03,54.08,102763,19,卖盘
1989,11:10:06,54.08,48671,9,卖盘
1990,11:10:09,54.08,10816,2,买盘
1991,11:10:12,54.08,102734,19,买盘
1992,11:10:15,54.08,91925,17,买盘
1993,11:10:18,54.08,70304,13,买盘
1994,11:10:21,54.08,21629,4,买盘
1995,11:10:24,54.08,124384,23,买盘
1996,11:10:27,54.08,43259,8,买盘
1997,11:10:30,54.08,64887,12,买盘
1998,11:10:33,54.08,113564,21,买盘
1999,11:10:36,54.07,281170,52,卖盘
2000,11:10:39,54.07,43259,8,卖盘
2001,11:10:42,54.08,81109,15,买盘
2002,11:10:45,54.07,70291,13,卖盘
2003,11:10:48,54.08,10816,2,买盘
2004,11:10:51,54.08,621883,115,买盘
2005,11:10:54,54.08,43264,8,卖盘
2006,11:10:57,54.08,135202,25,卖盘
2007,11:11:00,54.08,16224,3,买盘
2008,11:11:03,54.07,86521,16,卖盘
2009,11:11:06,54.08,210879,39,买盘
2010,11:11:09,54.08,75699,14,买盘
2011,11:11:12,54.07,113547,21,卖盘
2012,11:11:15,54.08,5408,1,买盘
2013,11:11:18,54.08,124363,23,买盘
2014,11:11:21,54.07,86512,16,中性盘
2015,11:11:24,54.08,362286,67,买盘
2016,11:11:27,54.08,216314,40,买盘
2017,11:11:30,54.09,400134,74,买盘
2018,11:11:36,54.09,37860,7,买盘
2019,11:11:39,54.08,535366,99,卖盘
2020,11:11:42,54.08,5408,1,买盘
2021,11:11:45,54.08,248732,46,买盘
2022,11:11:51,54.08,75712,14,卖盘
2023,11:11:54,54.1,146045,27,买盘
2024,11:12:00,54.09,210951,39,卖盘
2025,11:12:03,54.1,32456,6,买盘
2026,11:12:06,54.09,5409,1,卖盘
2027,11:12:09,54.1,10820,2,买盘
2028,11:12:12,54.09,1704512,315,卖盘
2029,11:12:15,54.12,59522,11,买盘
2030,11:12:18,54.12,64924,12,买盘
2031,11:12:21,54.12,10824,2,买盘
2032,11:12:24,54.11,27051,5,卖盘
2033,11:12:27,54.12,10824,2,买盘
2034,11:12:30,54.11,21646,4,中性盘
2035,11:12:33,54.11,21644,4,买盘
2036,11:12:36,54.11,43288,8,买盘
2037,11:12:39,54.11,91983,17,买盘
2038,11:12:42,54.1,37871,7,卖盘
2039,11:12:45,54.1,113610,21,卖盘
2040,11:12:48,54.1,48690,9,卖盘
2041,11:12:51,54.1,64931,12,卖盘
2042,11:12:54,54.11,1255492,232,买盘
2043,11:12:57,54.1,10820,2,卖盘
2044,11:13:00,54.1,27052,5,卖盘
2045,11:13:03,54.1,97380,18,卖盘
2046,11:13:06,54.11,129856,24,买盘
2047,11:13:09,54.11,37871,7,买盘
2048,11:13:12,54.1,5410,1,卖盘
2049,11:13:15,54.1,75739,14,卖盘
2050,11:13:18,54.1,64920,12,买盘
2051,11:13:24,54.1,70330,13,买盘
2052,11:13:27,54.1,308368,57,买盘
2053,11:13:30,54.1,91970,17,买盘
2054,11:13:33,54.1,119020,22,买盘
2055,11:13:36,54.1,151480,28,买盘
2056,11:13:39,54.09,865472,160,卖盘
2057,11:13:42,54.1,59510,11,买盘
2058,11:13:45,54.1,54100,10,卖盘
2059,11:13:48,54.1,394950,73,卖盘
2060,11:13:51,54.1,16230,3,卖盘
2061,11:13:54,54.1,54100,10,买盘
2062,11:13:57,54.1,10820,2,买盘
2063,11:14:00,54.1,10820,2,买盘
2064,11:14:03,54.1,292131,54,买盘
2065,11:14:06,54.11,535679,99,买盘
2066,11:14:09,54.1,183955,34,卖盘
2067,11:14:12,54.1,16229,3,买盘
2068,11:14:15,54.09,140640,26,卖盘
2069,11:14:18,54.09,146043,27,卖盘
2070,11:14:24,54.09,75723,14,买盘
2071,11:14:27,54.09,113579,21,买盘
2072,11:14:30,54.08,205516,38,卖盘
2073,11:14:33,54.09,118983,22,买盘
2074,11:14:36,54.08,189286,35,卖盘
2075,11:14:39,54.1,908779,168,买盘
2076,11:14:42,54.08,108172,20,卖盘
2077,11:14:45,54.08,778824,144,卖盘
2078,11:14:48,54.08,37856,7,买盘
2079,11:14:51,54.08,43264,8,卖盘
2080,11:14:54,54.08,86528,16,买盘
2081,11:14:57,54.1,594931,110,买盘
2082,11:15:00,54.08,91958,17,卖盘
2083,11:15:06,54.1,37874,7,买盘
2084,11:15:09,54.1,5410,1,买盘
2085,11:15:12,54.08,167654,31,卖盘
2086,11:15:15,54.08,5408,1,卖盘
2087,11:15:18,54.08,43264,8,卖盘
2088,11:15:21,54.08,75715,14,卖盘
2089,11:15:24,54.08,81132,15,卖盘
2090,11:15:27,54.09,151436,28,中性盘
2091,11:15:30,54.1,811492,150,买盘
2092,11:15:33,54.1,119020,22,卖盘
2093,11:15:36,54.11,265129,49,买盘
2094,11:15:39,54.1,86560,16,卖盘
2095,11:15:42,54.11,64921,12,买盘
2096,11:15:45,54.11,75751,14,买盘
2097,11:15:48,54.1,497743,92,卖盘
2098,11:15:51,54.09,119018,22,卖盘
2099,11:15:54,54.1,81149,15,买盘
2100,11:15:57,54.1,140654,26,买盘
2101,11:16:00,54.09,16227,3,卖盘
2102,11:16:03,54.1,302944,56,买盘
2103,11:16:09,54.1,54100,10,买盘
2104,11:16:12,54.1,32460,6,买盘
2105,11:16:21,54.08,1070866,198,卖盘
2106,11:16:24,54.08,340704,63,卖盘
2107,11:16:27,54.08,48672,9,卖盘
2108,11:16:30,54.08,5408,1,买盘
2109,11:16:33,54.08,43262,8,买盘
2110,11:16:36,54.09,27045,5,买盘
2111,11:16:39,54.08,10816,2,卖盘
2112,11:16:42,54.08,567843,105,卖盘
2113,11:16:45,54.08,54080,10,买盘
2114,11:16:48,54.07,48663,9,卖盘
2115,11:16:51,54.07,108155,20,卖盘
2116,11:16:54,54.08,297438,55,买盘
2117,11:16:57,54.07,54070,10,卖盘
2118,11:17:03,54.07,183855,34,卖盘
2119,11:17:06,54.07,227097,42,卖盘
2120,11:17:09,54.09,2509263,464,买盘
2121,11:17:12,54.1,59507,11,买盘
2122,11:17:15,54.09,178473,33,卖盘
2123,11:17:18,54.08,70316,13,卖盘
2124,11:17:21,54.08,27040,5,卖盘
2125,11:17:24,54.09,37857,7,买盘
2126,11:17:27,54.08,178481,33,卖盘
2127,11:17:30,54.12,2909913,538,买盘
2128,11:17:33,54.12,91989,17,买盘
2129,11:17:36,54.12,64944,12,买盘
2130,11:17:39,54.12,21645,4,买盘
2131,11:17:42,54.12,135299,25,买盘
2132,11:17:45,54.11,1098033,203,卖盘
2133,11:17:48,54.11,10822,2,买盘
2134,11:17:51,54.09,86556,16,卖盘
2135,11:17:54,54.09,75726,14,买盘
2136,11:17:57,54.09,221769,41,买盘
2137,11:18:00,54.08,151446,28,卖盘
2138,11:18:06,54.09,43278,8,卖盘
2139,11:18:09,54.08,59502,11,卖盘
2140,11:18:12,54.11,5411,1,买盘
2141,11:18:15,54.08,86545,16,卖盘
2142,11:18:18,54.11,91971,17,买盘
2143,11:18:21,54.09,146060,27,卖盘
2144,11:18:24,54.11,64931,12,买盘
2145,11:18:27,54.1,81161,15,卖盘
2146,11:18:30,54.1,10820,2,买盘
2147,11:18:33,54.1,129819,24,买盘
2148,11:18:36,54.11,367879,68,买盘
2149,11:18:39,54.12,882099,163,买盘
2150,11:18:42,54.11,221924,41,卖盘
2151,11:18:45,54.13,167794,31,买盘
2152,11:18:48,54.11,378745,70,卖盘
2153,11:18:51,54.13,227294,42,买盘
2154,11:18:57,54.11,59521,11,卖盘
2155,11:19:00,54.13,37887,7,买盘
2156,11:19:03,54.12,119064,22,卖盘
2157,11:19:06,54.11,276029,51,卖盘
2158,11:19:09,54.12,48707,9,买盘
2159,11:19:12,54.12,54119,10,买盘
2160,11:19:15,54.12,119059,22,买盘
2161,11:19:18,54.11,92001,17,卖盘
2162,11:19:21,54.11,281411,52,卖盘
2163,11:19:24,54.12,173175,32,买盘
2164,11:19:27,54.12,59533,11,卖盘
2165,11:19:30,54.13,21652,4,买盘
2166,11:19:33,54.13,259814,48,买盘
2167,11:19:36,54.13,211098,39,买盘
2168,11:19:39,54.12,5412,1,卖盘
2169,11:19:42,54.13,221933,41,买盘
2170,11:19:45,54.13,124478,23,买盘
2171,11:19:48,54.13,140726,26,买盘
2172,11:19:51,54.12,432960,80,卖盘
2173,11:19:54,54.13,200264,37,买盘
2174,11:19:57,54.13,1088259,201,买盘
2175,11:20:00,54.11,70363,13,卖盘
2176,11:20:03,54.11,54119,10,卖盘
2177,11:20:06,54.12,64954,12,卖盘
2178,11:20:09,54.12,81179,15,买盘
2179,11:20:12,54.12,416703,77,买盘
2180,11:20:15,54.12,378804,70,买盘
2181,11:20:18,54.11,81170,15,卖盘
2182,11:20:21,54.12,649240,120,买盘
2183,11:20:24,54.11,59521,11,中性盘
2184,11:20:27,54.12,151513,28,买盘
2185,11:20:30,54.1,113632,21,卖盘
2186,11:20:33,54.11,27055,5,买盘
2187,11:20:36,54.11,178558,33,买盘
2188,11:20:39,54.11,486990,90,买盘
2189,11:20:42,54.11,27055,5,卖盘
2190,11:20:45,54.11,75758,14,卖盘
2191,11:20:51,54.12,32471,6,买盘
2192,11:20:54,54.11,21644,4,卖盘
2193,11:20:57,54.11,151508,28,卖盘
2194,11:21:00,54.11,124463,23,卖盘
2195,11:21:03,54.11,5411,1,买盘
2196,11:21:06,54.11,238049,44,买盘
2197,11:21:09,54.1,135271,25,卖盘
2198,11:21:12,54.1,5410,1,卖盘
2199,11:21:15,54.1,254270,47,卖盘
2200,11:21:18,54.11,389585,72,买盘
2201,11:21:21,54.1,10820,2,卖盘
2202,11:21:24,54.1,5410,1,卖盘
2203,11:21:30,54.11,146083,27,买盘
2204,11:21:33,54.1,10820,2,卖盘
2205,11:21:36,54.11,86576,16,买盘
2206,11:21:39,54.11,54104,10,买盘
2207,11:21:42,54.11,54108,10,买盘
2208,11:21:45,54.11,102809,19,卖盘
2209,11:21:48,54.1,16232,3,卖盘
2210,11:21:51,54.11,59520,11,买盘
2211,11:21:54,54.12,151509,28,买盘
2212,11:21:57,54.11,10822,2,卖盘
2213,11:22:00,54.12,21648,4,买盘
2214,11:22:03,54.12,70352,13,买盘
2215,11:22:06,54.11,10823,2,卖盘
2216,11:22:09,54.12,5412,1,买盘
2217,11:22:12,54.11,97403,18,卖盘
2218,11:22:15,54.11,48699,9,卖盘
2219,11:22:18,54.11,557433,103,卖盘
2220,11:22:21,54.11,16233,3,卖盘
2221,11:22:24,54.08,1211716,224,卖盘
2222,11:22:27,54.12,92001,17,买盘
2223,11:22:30,54.11,10819,2,中性盘
2224,11:22:33,54.08,211017,39,卖盘
2225,11:22:36,54.09,10818,2,中性盘
2226,11:22:39,54.08,259584,48,卖盘
2227,11:22:42,54.08,102758,19,卖盘
2228,11:22:45,54.1,16228,3,买盘
2229,11:22:48,54.08,5408,1,卖盘
2230,11:22:51,54.08,54084,10,卖盘
2231,11:22:54,54.1,10818,2,买盘
2232,11:22:57,54.08,59494,11,卖盘
2233,11:23:00,54.1,75734,14,买盘
2234,11:23:03,54.09,102788,19,卖盘
2235,11:23:06,54.09,5409,1,卖盘
2236,11:23:12,54.09,10818,2,卖盘
2237,11:23:15,54.09,113601,21,卖盘
2238,11:23:18,54.09,10818,2,买盘
2239,11:23:21,54.09,59493,11,买盘
2240,11:23:24,54.1,265080,49,买盘
2241,11:23:27,54.09,86545,16,卖盘
2242,11:23:30,54.09,10818,2,卖盘
2243,11:23:33,54.09,32454,6,卖盘
2244,11:23:36,54.1,16230,3,买盘
2245,11:23:39,54.09,297455,55,卖盘
2246,11:23:42,54.09,59501,11,卖盘
2247,11:23:45,54.1,119020,22,买盘
2248,11:23:48,54.1,21640,4,卖盘
2249,11:23:51,54.1,32460,6,卖盘
2250,11:23:54,54.1,692588,128,卖盘
2251,11:23:57,54.09,5409,1,卖盘
2252,11:24:00,54.09,21639,4,卖盘
2253,11:24:03,54.1,5410,1,买盘
2254,11:24:06,54.1,10819,2,买盘
2255,11:24:09,54.09,86556,16,卖盘
2256,11:24:12,54.1,5410,1,买盘
2257,11:24:15,54.11,367895,68,买盘
2258,11:24:21,54.11,16231,3,买盘
2259,11:24:24,54.1,10820,2,卖盘
2260,11:24:27,54.11,43287,8,买盘
2261,11:24:30,54.11,32461,6,买盘
2262,11:24:33,54.1,5410,1,卖盘
2263,11:24:36,54.11,21642,4,买盘
2264,11:24:39,54.1,70335,13,卖盘
2265,11:24:42,54.09,210989,39,卖盘
2266,11:24:45,54.1,16230,3,买盘
2267,11:24:48,54.09,118998,22,卖盘
2268,11:24:51,54.09,75735,14,卖盘
2269,11:24:54,54.1,119006,22,买盘
2270,11:24:57,54.1,54095,10,买盘
2271,11:25:00,54.09,140649,26,卖盘
2272,11:25:03,54.1,75736,14,买盘
2273,11:25:06,54.09,167684,31,卖盘
2274,11:25:09,54.09,32457,6,卖盘
2275,11:25:12,54.1,108200,20,买盘
2276,11:25:15,54.09,5409,1,卖盘
2277,11:25:18,54.09,32454,6,卖盘
2278,11:25:21,54.09,102781,19,卖盘
2279,11:25:24,54.09,10818,2,卖盘
2280,11:25:27,54.09,589680,109,卖盘
2281,11:25:30,54.09,270450,50,卖盘
2282,11:25:33,54.09,86544,16,卖盘
2283,11:25:36,54.09,27048,5,卖盘
2284,11:25:39,54.08,411064,76,卖盘
2285,11:25:42,54.08,32453,6,卖盘
2286,11:25:45,54.09,140634,26,买盘
2287,11:25:48,54.08,10816,2,卖盘
2288,11:25:51,54.08,1022111,189,卖盘
2289,11:25:54,54.08,27040,5,买盘
2290,11:25:57,54.07,70292,13,卖盘
2291,11:26:00,54.07,59477,11,卖盘
2292,11:26:03,54.07,97334,18,卖盘
2293,11:26:06,54.07,54071,10,卖盘
2294,11:26:09,54.06,1108413,205,卖盘
2295,11:26:12,54.06,16220,3,卖盘
2296,11:26:15,54.06,16218,3,卖盘
2297,11:26:18,54.06,5406,1,卖盘
2298,11:26:21,54.07,91904,17,买盘
2299,11:26:24,54.07,145968,27,买盘
2300,11:26:27,54.06,54060,10,卖盘
2301,11:26:30,54.06,221651,41,卖盘
2302,11:26:33,54.07,475801,88,买盘
2303,11:26:36,54.07,113547,21,卖盘
2304,11:26:39,54.07,59477,11,卖盘
2305,11:26:42,54.07,64883,12,买盘
2306,11:26:45,54.06,2221653,411,卖盘
2307,11:26:48,54.06,21624,4,中性盘
2308,11:26:51,54.06,1389344,257,买盘
2309,11:26:54,54.06,108120,20,卖盘
2310,11:26:57,54.06,167586,31,卖盘
2311,11:27:00,54.06,173016,32,卖盘
2312,11:27:03,54.07,32439,6,买盘
2313,11:27:06,54.06,70278,13,卖盘
2314,11:27:09,54.06,135150,25,卖盘
2315,11:27:15,54.06,113526,21,卖盘
2316,11:27:18,54.06,37846,7,卖盘
2317,11:27:21,54.06,59471,11,卖盘
2318,11:27:24,54.06,86507,16,卖盘
2319,11:27:27,54.06,5406,1,卖盘
2320,11:27:33,54.06,32441,6,卖盘
2321,11:27:36,54.06,91916,17,卖盘
2322,11:27:39,54.06,32437,6,卖盘
2323,11:27:42,54.06,48654,9,卖盘
2324,11:27:45,54.06,329766,61,卖盘
2325,11:27:48,54.07,102724,19,买盘
2326,11:27:51,54.07,167616,31,买盘
2327,11:27:54,54.06,43248,8,卖盘
2328,11:27:57,54.06,118945,22,卖盘
2329,11:28:00,54.06,54060,10,卖盘
2330,11:28:03,54.07,124348,23,买盘
2331,11:28:06,54.07,16220,3,买盘
2332,11:28:09,54.06,21625,4,卖盘
2333,11:28:12,54.07,118943,22,买盘
2334,11:28:15,54.07,113546,21,买盘
2335,11:28:18,54.07,5407,1,卖盘
2336,11:28:21,54.07,59477,11,卖盘
2337,11:28:24,54.08,21630,4,买盘
2338,11:28:27,54.08,248733,46,买盘
2339,11:28:30,54.07,27035,5,卖盘
2340,11:28:33,54.08,319071,59,买盘
2341,11:28:36,54.09,189281,35,买盘
2342,11:28:39,54.08,16226,3,卖盘
2343,11:28:42,54.1,43273,8,买盘
2344,11:28:45,54.08,275808,51,卖盘
2345,11:28:51,54.08,21632,4,卖盘
2346,11:28:54,54.1,194757,36,买盘
2347,11:28:57,54.08,5408,1,卖盘
2348,11:29:00,54.08,5408,1,卖盘
2349,11:29:03,54.08,59490,11,卖盘
2350,11:29:06,54.09,113605,21,买盘
2351,11:29:09,54.08,16225,3,卖盘
2352,11:29:12,54.1,546222,101,买盘
2353,11:29:15,54.09,59499,11,中性盘
2354,11:29:18,54.07,64885,12,卖盘
2355,11:29:21,54.1,178518,33,买盘
2356,11:29:24,54.1,1109051,205,卖盘
2357,11:29:27,54.11,167717,31,买盘
2358,11:29:30,54.11,367914,68,买盘
2359,11:29:33,54.1,37875,7,中性盘
2360,11:29:36,54.09,21636,4,卖盘
2361,11:29:39,54.09,32454,6,买盘
2362,11:29:45,54.09,32462,6,卖盘
2363,11:29:48,54.09,97362,18,买盘
2364,11:29:51,54.09,5409,1,卖盘
2365,11:29:54,54.11,43288,8,买盘
2366,11:29:57,54.1,5410,1,卖盘
2367,11:30:00,54.09,200151,37,卖盘
2368,13:00:00,54.1,373310,69,买盘
2369,13:00:03,54.1,4557296,842,卖盘
2370,13:00:06,54.11,524796,97,中性盘
2371,13:00:09,54.1,211016,39,卖盘
2372,13:00:12,54.1,37870,7,买盘
2373,13:00:15,54.09,459771,85,卖盘
2374,13:00:18,54.09,129832,24,卖盘
2375,13:00:21,54.08,2140315,396,卖盘
2376,13:00:24,54.08,1622255,300,卖盘
2377,13:00:27,54.06,205500,38,卖盘
2378,13:00:30,54.06,172995,32,卖盘
2379,13:00:33,54.06,102714,19,卖盘
2380,13:00:36,54.06,291926,54,卖盘
2381,13:00:39,54.06,162183,30,卖盘
2382,13:00:42,54.07,27034,5,买盘
2383,13:00:45,54.07,10814,2,卖盘
2384,13:00:48,54.07,75700,14,卖盘
2385,13:00:51,54.07,59477,11,卖盘
2386,13:00:57,54.07,167623,31,卖盘
2387,13:01:00,54.08,27038,5,买盘
2388,13:01:03,54.07,113553,21,卖盘
2389,13:01:06,54.07,389307,72,卖盘
2390,13:01:09,54.07,10814,2,买盘
2391,13:01:12,54.07,32442,6,卖盘
2392,13:01:15,54.07,59477,11,卖盘
2393,13:01:18,54.07,102741,19,卖盘
2394,13:01:21,54.08,751687,139,买盘
2395,13:01:24,54.08,10816,2,卖盘
2396,13:01:27,54.08,97345,18,卖盘
2397,13:01:30,54.07,140598,26,卖盘
2398,13:01:33,54.08,64896,12,买盘
2399,13:01:36,54.08,40722,8,卖盘
2400,13:01:39,54.09,281233,52,买盘
2401,13:01:42,54.1,210964,39,买盘
2402,13:01:45,54.1,59508,11,买盘
2403,13:01:48,54.1,189317,35,买盘
2404,13:01:51,54.1,113600,21,买盘
2405,13:01:54,54.09,492301,91,卖盘
2406,13:01:57,54.08,1060171,196,卖盘
2407,13:02:00,54.08,48680,9,卖盘
2408,13:02:03,54.08,97345,18,卖盘
2409,13:02:06,54.08,37859,7,卖盘
2410,13:02:09,54.08,1173737,217,卖盘
2411,13:02:12,54.08,805867,149,卖盘
2412,13:02:15,54.09,178492,33,买盘
2413,13:02:18,54.1,227194,42,买盘
2414,13:02:21,54.1,54100,10,卖盘
2415,13:02:24,54.08,411094,76,卖盘
2416,13:02:27,54.13,10825,2,买盘
2417,13:02:30,54.12,10821,2,买盘
2418,13:02:36,54.09,308269,57,卖盘
2419,13:02:39,54.1,21637,4,中性盘
2420,13:02:42,54.12,54117,10,买盘
2421,13:02:45,54.09,108210,20,卖盘
2422,13:02:48,54.11,5411,1,中性盘
2423,13:02:51,54.11,259689,48,买盘
2424,13:02:54,54.1,838972,155,卖盘
2425,13:02:57,54.11,48699,9,买盘
2426,13:03:00,54.11,70343,13,买盘
2427,13:03:03,54.1,167733,31,卖盘
2428,13:03:06,54.09,54100,10,卖盘
2429,13:03:09,54.09,194758,36,卖盘
2430,13:03:12,54.1,43275,8,买盘
2431,13:03:15,54.1,432797,80,买盘
2432,13:03:18,54.09,86544,16,卖盘
2433,13:03:21,54.09,189310,35,卖盘
2434,13:03:24,54.08,86531,16,卖盘
2435,13:03:27,54.08,162266,30,卖盘
2436,13:03:30,54.09,21635,4,买盘
2437,13:03:33,54.08,167676,31,卖盘
2438,13:03:36,54.08,210912,39,卖盘
2439,13:03:39,54.09,135235,25,卖盘
2440,13:03:45,54.09,21636,4,卖盘
2441,13:03:48,54.09,54093,10,卖盘
2442,13:03:51,54.1,117341,22,买盘
2443,13:03:54,54.1,34137,6,卖盘
2444,13:03:57,54.1,32460,6,买盘
2445,13:04:00,54.1,16230,3,买盘
2446,13:04:03,54.1,113606,21,买盘
2447,13:04:06,54.1,70320,13,买盘
2448,13:04:09,54.1,27050,5,买盘
2449,13:04:12,54.1,734077,136,买盘
2450,13:04:15,54.1,113613,21,卖盘
2451,13:04:18,54.1,400340,74,卖盘
2452,13:04:21,54.09,135241,25,卖盘
2453,13:04:24,54.1,91977,17,买盘
2454,13:04:27,54.09,37865,7,卖盘
2455,13:04:30,54.1,513935,95,买盘
2456,13:04:33,54.1,64909,12,买盘
2457,13:04:36,54.1,140656,26,买盘
2458,13:04:39,54.1,64924,12,买盘
2459,13:04:42,54.1,135250,25,卖盘
2460,13:04:45,54.11,32464,6,买盘
2461,13:04:48,54.1,70332,13,卖盘
2462,13:04:51,54.1,113617,21,卖盘
2463,13:04:54,54.11,10822,2,买盘
2464,13:04:57,54.12,124471,23,买盘
2465,13:05:00,54.11,113636,21,卖盘
2466,13:05:03,54.1,146078,27,卖盘
2467,13:05:06,54.1,64920,12,卖盘
2468,13:05:09,54.1,75751,14,卖盘
2469,13:05:12,54.1,140660,26,卖盘
2470,13:05:15,54.1,173139,32,卖盘
2471,13:05:18,54.1,492312,91,卖盘
2472,13:05:21,54.1,205581,38,卖盘
2473,13:05:24,54.11,1103656,204,卖盘
2474,13:05:27,54.1,43287,8,卖盘
2475,13:05:30,54.1,173142,32,卖盘
2476,13:05:33,54.1,140662,26,卖盘
2477,13:05:36,54.12,470734,87,买盘
2478,13:05:39,54.12,108209,20,买盘
2479,13:05:45,54.11,135273,25,买盘
2480,13:05:48,54.09,129841,24,卖盘
2481,13:05:51,54.1,37870,7,买盘
2482,13:05:54,54.09,411211,76,卖盘
2483,13:06:00,54.1,64915,12,买盘
2484,13:06:03,54.1,146061,27,买盘
2485,13:06:06,54.1,37869,7,买盘
2486,13:06:09,54.1,119016,22,买盘
2487,13:06:12,54.1,113607,21,买盘
2488,13:06:15,54.14,2597566,480,买盘
2489,13:06:18,54.13,102838,19,中性盘
2490,13:06:21,54.12,1022380,189,卖盘
2491,13:06:24,54.15,59565,11,买盘
2492,13:06:27,54.14,189503,35,卖盘
2493,13:06:30,54.15,10830,2,买盘
2494,13:06:33,54.13,162426,30,卖盘
2495,13:06:36,54.13,16239,3,买盘
2496,13:06:39,54.14,102880,19,卖盘
2497,13:06:42,54.16,43323,8,买盘
2498,13:06:45,54.15,16245,3,卖盘
2499,13:06:48,54.15,124553,23,卖盘
2500,13:06:51,54.16,205790,38,买盘
2501,13:06:54,54.16,81234,15,买盘
2502,13:06:57,54.15,48742,9,卖盘
2503,13:07:00,54.15,43323,8,卖盘
2504,13:07:03,54.16,411565,76,买盘
2505,13:07:06,54.16,178728,33,买盘
2506,13:07:09,54.22,6237667,1151,买盘
2507,13:07:12,54.2,70477,13,卖盘
2508,13:07:15,54.22,5422,1,买盘
2509,13:07:18,54.22,27106,5,买盘
2510,13:07:21,54.22,206023,38,买盘
2511,13:07:24,54.22,281928,52,买盘
2512,13:07:27,54.22,276467,51,买盘
2513,13:07:30,54.21,43374,8,中性盘
2514,13:07:33,54.22,173478,32,买盘
2515,13:07:36,54.21,336053,62,中性盘
2516,13:07:39,54.22,330718,61,买盘
2517,13:07:42,54.22,216865,40,买盘
2518,13:07:45,54.21,357817,66,卖盘
2519,13:07:48,54.21,168072,31,中性盘
2520,13:07:51,54.21,336094,62,卖盘
2521,13:07:54,54.21,271035,50,买盘
2522,13:07:57,54.21,16263,3,买盘
2523,13:08:00,54.19,48785,9,卖盘
2524,13:08:03,54.2,27100,5,买盘
2525,13:08:06,54.19,211355,39,卖盘
2526,13:08:09,54.2,167994,31,买盘
2527,13:08:12,54.18,81283,15,卖盘
2528,13:08:15,54.2,157175,29,买盘
2529,13:08:18,54.2,162569,30,买盘
2530,13:08:21,54.19,37933,7,中性盘
2531,13:08:24,54.19,422682,78,买盘
2532,13:08:27,54.2,298087,55,买盘
2533,13:08:30,54.18,563620,104,卖盘
2534,13:08:33,54.19,205922,38,中性盘
2535,13:08:36,54.19,108382,20,卖盘
2536,13:08:39,54.2,70460,13,买盘
2537,13:08:42,54.2,455202,84,买盘
2538,13:08:45,54.19,59613,11,中性盘
2539,13:08:48,54.19,16256,3,买盘
2540,13:08:51,54.19,298072,55,买盘
2541,13:08:54,54.17,151690,28,卖盘
2542,13:08:57,54.16,693312,128,卖盘
2543,13:09:00,54.14,693199,128,卖盘
2544,13:09:03,54.16,140818,26,买盘
2545,13:09:06,54.17,16250,3,买盘
2546,13:09:09,54.16,32498,6,卖盘
2547,13:09:12,54.16,37918,7,卖盘
2548,13:09:15,54.16,48754,9,卖盘
2549,13:09:18,54.16,129996,24,卖盘
2550,13:09:21,54.16,75825,14,卖盘
2551,13:09:27,54.13,75794,14,卖盘
2552,13:09:30,54.15,75801,14,买盘
2553,13:09:33,54.13,54130,10,卖盘
2554,13:09:36,54.14,75796,14,买盘
2555,13:09:39,54.16,351995,65,买盘
2556,13:09:42,54.14,1034073,191,卖盘
2557,13:09:45,54.14,10828,2,买盘
2558,13:09:48,54.13,221938,41,卖盘
2559,13:09:54,54.12,221932,41,卖盘
2560,13:09:57,54.12,10825,2,卖盘
2561,13:10:00,54.12,178602,33,卖盘
2562,13:10:03,54.12,43303,8,卖盘
2563,13:10:06,54.12,238135,44,卖盘
2564,13:10:09,54.08,1844713,341,卖盘
2565,13:10:12,54.12,194832,36,买盘
2566,13:10:15,54.09,5409,1,卖盘
2567,13:10:18,54.08,508401,94,卖盘
2568,13:10:21,54.09,64923,12,中性盘
2569,13:10:24,54.09,5409,1,卖盘
2570,13:10:27,54.11,635957,118,买盘
2571,13:10:33,54.12,248855,46,买盘
2572,13:10:36,54.12,54120,10,买盘
2573,13:10:39,54.11,64942,12,卖盘
2574,13:10:42,54.11,211049,39,卖盘
2575,13:10:45,54.12,292230,54,买盘
2576,13:10:48,54.11,113641,21,中性盘
2577,13:10:51,54.11,221851,41,买盘
2578,13:10:54,54.1,59517,11,卖盘
2579,13:10:57,54.11,10822,2,买盘
2580,13:11:00,54.1,64927,12,卖盘
2581,13:11:03,54.1,292202,54,卖盘
2582,13:11:06,54.1,86562,16,卖盘
2583,13:11:09,54.1,1022491,189,卖盘
2584,13:11:12,54.1,86556,16,卖盘
2585,13:11:15,54.09,167690,31,卖盘
2586,13:11:18,54.1,59506,11,买盘
2587,13:11:21,54.09,900503,166,卖盘
2588,13:11:24,54.09,400251,74,买盘
2589,13:11:27,54.08,86530,16,卖盘
2590,13:11:30,54.09,108180,20,买盘
2591,13:11:33,54.09,773453,143,卖盘
2592,13:11:36,54.09,286708,53,中性盘
2593,13:11:39,54.09,43272,8,买盘
2594,13:11:42,54.09,135230,25,卖盘
2595,13:11:45,54.09,64915,12,卖盘
2596,13:11:48,54.09,81145,15,卖盘
2597,13:11:51,54.09,124407,23,卖盘
2598,13:11:54,54.1,324592,60,买盘
2599,13:11:57,54.09,113589,21,买盘
2600,13:12:00,54.08,140629,26,卖盘
2601,13:12:03,54.09,113588,21,买盘
2602,13:12:06,54.09,73938,14,卖盘
2603,13:12:09,54.09,37863,7,买盘
2604,13:12:12,54.1,48689,9,买盘
2605,13:12:15,54.09,64914,12,卖盘
2606,13:12:18,54.09,70328,13,卖盘
2607,13:12:21,54.1,48687,9,买盘
2608,13:12:24,54.1,27050,5,中性盘
2609,13:12:27,54.1,16230,3,卖盘
2610,13:12:30,54.1,102799,19,卖盘
2611,13:12:33,54.1,48682,9,买盘
2612,13:12:36,54.09,140647,26,卖盘
2613,13:12:39,54.09,10819,2,卖盘
2614,13:12:42,54.09,297505,55,卖盘
2615,13:12:45,54.1,178518,33,卖盘
2616,13:12:48,54.09,16228,3,卖盘
2617,13:12:51,54.1,194760,36,买盘
2618,13:12:54,54.1,438210,81,卖盘
2619,13:12:57,54.1,16230,3,买盘
2620,13:13:00,54.1,346239,64,买盘
2621,13:13:03,54.1,64921,12,买盘
2622,13:13:06,54.1,102801,19,卖盘
2623,13:13:09,54.1,362519,67,卖盘
2624,13:13:12,54.1,5410,1,卖盘
2625,13:13:15,54.1,10822,2,卖盘
2626,13:13:18,54.11,91987,17,卖盘
2627,13:13:21,54.11,37876,7,卖盘
2628,13:13:24,54.11,102796,19,买盘
2629,13:13:27,54.11,75753,14,买盘
2630,13:13:30,54.11,86576,16,买盘
2631,13:13:33,54.11,97408,18,卖盘
2632,13:13:36,54.11,54110,10,卖盘
2633,13:13:39,54.11,238089,44,卖盘
2634,13:13:42,54.11,362539,67,卖盘
2635,13:13:48,54.11,59519,11,买盘
2636,13:13:51,54.11,21644,4,买盘
2637,13:13:54,54.11,37878,7,卖盘
2638,13:13:57,54.11,2088824,386,卖盘
2639,13:14:00,54.13,189419,35,买盘
2640,13:14:03,54.12,64942,12,卖盘
2641,13:14:06,54.14,113675,21,买盘
2642,13:14:09,54.13,92033,17,卖盘
2643,13:14:12,54.13,124512,23,卖盘
2644,13:14:15,54.14,32484,6,买盘
2645,13:14:18,54.13,27065,5,卖盘
2646,13:14:21,54.13,373498,69,卖盘
2647,13:14:24,54.15,473846,88,买盘
2648,13:14:27,54.15,48735,9,卖盘
2649,13:14:30,54.16,37907,7,买盘
2650,13:14:33,54.16,265381,49,买盘
2651,13:14:36,54.16,119152,22,买盘
2652,13:14:39,54.16,43328,8,卖盘
2653,13:14:42,54.16,113746,21,卖盘
2654,13:14:45,54.17,43334,8,买盘
2655,13:14:48,54.16,97495,18,卖盘
2656,13:14:51,54.16,86663,16,卖盘
2657,13:14:54,54.17,151661,28,买盘
2658,13:14:57,54.16,43335,8,卖盘
2659,13:15:00,54.17,222097,41,买盘
2660,13:15:03,54.17,32502,6,买盘
2661,13:15:06,54.16,2626767,485,卖盘
2662,13:15:09,54.17,509142,94,买盘
2663,13:15:12,54.16,70411,13,卖盘
2664,13:15:15,54.17,362933,67,买盘
2665,13:15:18,54.17,319603,59,卖盘
2666,13:15:21,54.18,758509,140,买盘
2667,13:15:24,54.17,438853,81,卖盘
2668,13:15:27,54.18,308825,57,买盘
2669,13:15:30,54.17,10834,2,卖盘
2670,13:15:33,54.17,146272,27,卖盘
2671,13:15:36,54.18,211275,39,买盘
2672,13:15:39,54.17,530868,98,卖盘
2673,13:15:42,54.17,520006,96,卖盘
2674,13:15:45,54.18,151680,28,买盘
2675,13:15:48,54.18,37921,7,买盘
2676,13:15:51,54.17,113751,21,买盘
2677,13:15:54,54.17,595770,110,买盘
2678,13:15:57,54.16,5416,1,卖盘
2679,13:16:00,54.17,54170,10,买盘
2680,13:16:03,54.16,81240,15,卖盘
2681,13:16:06,54.17,135391,25,买盘
2682,13:16:09,54.16,227466,42,卖盘
2683,13:16:15,54.15,265342,49,卖盘
2684,13:16:18,54.15,70407,13,卖盘
2685,13:16:21,54.15,5415,1,买盘
2686,13:16:27,54.15,205763,38,买盘
2687,13:16:30,54.13,75790,14,卖盘
2688,13:16:33,54.15,211160,39,买盘
2689,13:16:36,54.15,238246,44,买盘
2690,13:16:39,54.15,59560,11,买盘
2691,13:16:42,54.14,227389,42,卖盘
2692,13:16:45,54.14,10829,2,卖盘
2693,13:16:48,54.14,16243,3,卖盘
2694,13:16:51,54.14,227422,42,卖盘
2695,13:16:54,54.14,92038,17,卖盘
2696,13:16:57,54.14,135358,25,卖盘
2697,13:17:00,54.14,81211,15,卖盘
2698,13:17:03,54.14,48732,9,卖盘
2699,13:17:06,54.14,373569,69,卖盘
2700,13:17:09,54.14,32483,6,买盘
2701,13:17:12,54.14,909509,168,买盘
2702,13:17:15,54.14,476429,88,买盘
2703,13:17:21,54.14,27070,5,中性盘
2704,13:17:24,54.14,249022,46,卖盘
2705,13:17:27,54.15,43313,8,买盘
2706,13:17:30,54.14,151597,28,卖盘
2707,13:17:33,54.15,16245,3,买盘
2708,13:17:39,54.14,75798,14,卖盘
2709,13:17:42,54.14,178674,33,卖盘
2710,13:17:45,54.15,747236,138,买盘
2711,13:17:48,54.14,844738,156,卖盘
2712,13:17:51,54.15,286995,53,买盘
2713,13:17:54,54.14,81212,15,卖盘
2714,13:17:57,54.15,649799,120,买盘
2715,13:18:00,54.15,59556,11,买盘
2716,13:18:03,54.14,124538,23,卖盘
2717,13:18:06,54.15,54150,10,买盘
2718,13:18:09,54.15,368212,68,买盘
2719,13:18:12,54.15,59565,11,买盘
2720,13:18:15,54.14,140778,26,卖盘
2721,13:18:18,54.15,1180584,218,买盘
2722,13:18:21,54.15,59566,11,卖盘
2723,13:18:24,54.15,48739,9,卖盘
2724,13:18:27,54.15,465704,86,卖盘
2725,13:18:30,54.16,178721,33,买盘
2726,13:18:33,54.16,54156,10,卖盘
2727,13:18:36,54.17,5417,1,买盘
2728,13:18:39,54.17,48753,9,买盘
2729,13:18:42,54.17,828801,153,买盘
2730,13:18:45,54.16,292508,54,卖盘
2731,13:18:48,54.17,303307,56,买盘
2732,13:18:51,54.17,438739,81,买盘
2733,13:18:54,54.17,48750,9,买盘
2734,13:18:57,54.16,352043,65,卖盘
2735,13:19:00,54.15,64990,12,卖盘
2736,13:19:03,54.15,422435,78,卖盘
2737,13:19:06,54.16,384536,71,买盘
2738,13:19:09,54.16,59576,11,卖盘
2739,13:19:12,54.16,10832,2,买盘
2740,13:19:15,54.15,178696,33,卖盘
2741,13:19:18,54.15,151636,28,卖盘
2742,13:19:21,54.15,27075,5,卖盘
2743,13:19:24,54.16,595749,110,买盘
2744,13:19:27,54.16,32501,6,卖盘
2745,13:19:30,54.16,81240,15,卖盘
2746,13:19:33,54.16,189572,35,卖盘
2747,13:19:36,54.16,59576,11,卖盘
2748,13:19:39,54.16,460381,85,卖盘
2749,13:19:42,54.16,146236,27,卖盘
2750,13:19:45,54.17,10833,2,买盘
2751,13:19:48,54.16,362892,67,卖盘
2752,13:19:51,54.16,828771,153,买盘
2753,13:19:54,54.16,75824,14,买盘
2754,13:19:57,54.16,384568,71,卖盘
2755,13:20:00,54.16,10832,2,买盘
2756,13:20:03,54.16,314098,58,买盘
2757,13:20:06,54.16,27081,5,卖盘
2758,13:20:09,54.17,113749,21,买盘
2759,13:20:12,54.16,200392,37,卖盘
2760,13:20:15,54.17,92080,17,买盘
2761,13:20:18,54.16,400812,74,卖盘
2762,13:20:21,54.16,151638,28,卖盘
2763,13:20:24,54.16,81242,15,卖盘
2764,13:20:27,54.17,227503,42,买盘
2765,13:20:30,54.17,16251,3,买盘
2766,13:20:33,54.17,16249,3,买盘
2767,13:20:36,54.16,108335,20,卖盘
2768,13:20:39,54.16,612108,113,卖盘
2769,13:20:42,54.17,162506,30,中性盘
2770,13:20:45,54.18,102927,19,买盘
2771,13:20:48,54.17,32499,6,中性盘
2772,13:20:51,54.16,129989,24,卖盘
2773,13:20:54,54.17,70417,13,买盘
2774,13:20:57,54.16,617434,114,卖盘
2775,13:21:00,54.16,54160,10,买盘
2776,13:21:03,54.15,32491,6,卖盘
2777,13:21:06,54.16,16247,3,买盘
2778,13:21:09,54.16,97488,18,买盘
2779,13:21:12,54.15,400737,74,卖盘
2780,13:21:15,54.16,146207,27,买盘
2781,13:21:18,54.16,1126775,208,买盘
2782,13:21:21,54.15,980116,181,卖盘
2783,13:21:24,54.15,395342,73,买盘
2784,13:21:27,54.15,563074,104,卖盘
2785,13:21:30,54.15,297852,55,买盘
2786,13:21:33,54.14,54145,10,卖盘
2787,13:21:36,54.15,276163,51,买盘
2788,13:21:39,54.14,227390,42,卖盘
2789,13:21:42,54.14,97467,18,卖盘
2790,13:21:45,54.14,519744,96,卖盘
2791,13:21:48,54.14,411446,76,卖盘
2792,13:21:51,54.13,43307,8,卖盘
2793,13:21:54,54.13,75782,14,卖盘
2794,13:21:57,54.13,59546,11,卖盘
2795,13:22:00,54.13,389736,72,卖盘
2796,13:22:03,54.13,189455,35,卖盘
2797,13:22:06,54.13,232791,43,卖盘
2798,13:22:09,54.13,330210,61,卖盘
2799,13:22:12,54.13,660416,122,卖盘
2800,13:22:15,54.12,10824,2,卖盘
2801,13:22:18,54.13,86602,16,买盘
2802,13:22:21,54.12,178606,33,卖盘
2803,13:22:24,54.12,21648,4,卖盘
2804,13:22:27,54.12,48708,9,卖盘
2805,13:22:30,54.13,719810,133,买盘
2806,13:22:33,54.12,178627,33,卖盘
2807,13:22:36,54.12,16236,3,买盘
2808,13:22:39,54.11,16234,3,卖盘
2809,13:22:42,54.11,254317,47,卖盘
2810,13:22:45,54.11,449113,83,卖盘
2811,13:22:48,54.11,248862,46,买盘
2812,13:22:51,54.11,70341,13,买盘
2813,13:22:54,54.1,59510,11,卖盘
2814,13:22:57,54.1,75745,14,卖盘
2815,13:23:00,54.1,1476941,273,卖盘
2816,13:23:03,54.09,86544,16,卖盘
2817,13:23:06,54.1,108197,20,买盘
2818,13:23:09,54.09,194742,36,卖盘
2819,13:23:12,54.1,308344,57,买盘
2820,13:23:15,54.1,389531,72,卖盘
2821,13:23:18,54.1,238030,44,卖盘
2822,13:23:21,54.1,75734,14,买盘
2823,13:23:24,54.09,189346,35,卖盘
2824,13:23:27,54.1,113610,21,买盘
2825,13:23:30,54.1,21641,4,卖盘
2826,13:23:33,54.1,10820,2,卖盘
2827,13:23:36,54.1,64920,12,卖盘
2828,13:23:39,54.1,91971,17,卖盘
2829,13:23:42,54.11,70332,13,买盘
2830,13:23:45,54.09,524743,97,卖盘
2831,13:23:48,54.1,75740,14,中性盘
2832,13:23:51,54.1,5410,1,中性盘
2833,13:23:54,54.09,75736,14,卖盘
2834,13:23:57,54.11,70322,13,买盘
2835,13:24:00,54.1,43280,8,卖盘
2836,13:24:03,54.1,265089,49,卖盘
2837,13:24:06,54.1,21640,4,卖盘
2838,13:24:09,54.11,367921,68,买盘
2839,13:24:12,54.1,340841,63,卖盘
2840,13:24:15,54.11,281376,52,中性盘
2841,13:24:21,54.1,275926,51,卖盘
2842,13:24:24,54.11,119043,22,买盘
2843,13:24:27,54.11,16233,3,卖盘
2844,13:24:30,54.11,330071,61,卖盘
2845,13:24:33,54.11,81178,15,卖盘
2846,13:24:36,54.11,43290,8,卖盘
2847,13:24:39,54.12,124456,23,买盘
2848,13:24:42,54.12,687327,127,买盘
2849,13:24:45,54.12,10824,2,卖盘
2850,13:24:48,54.12,189425,35,卖盘
2851,13:24:51,54.13,205693,38,买盘
2852,13:24:54,54.13,113673,21,卖盘
2853,13:24:57,54.13,1602770,296,卖盘
2854,13:25:00,54.13,75783,14,卖盘
2855,13:25:03,54.13,395158,73,卖盘
2856,13:25:06,54.13,21652,4,买盘
2857,13:25:09,54.13,59543,11,卖盘
2858,13:25:12,54.13,124501,23,买盘
2859,13:25:15,54.13,59543,11,卖盘
2860,13:25:18,54.12,378870,70,卖盘
2861,13:25:21,54.13,97430,18,买盘
2862,13:25:24,54.14,183673,34,买盘
2863,13:25:27,54.12,206072,38,卖盘
2864,13:25:30,54.11,395067,73,卖盘
2865,13:25:33,54.13,97420,18,买盘
2866,13:25:36,54.12,16238,3,中性盘
2867,13:25:39,54.13,27062,5,买盘
2868,13:25:42,54.12,48710,9,卖盘
2869,13:25:45,54.13,27065,5,买盘
2870,13:25:48,54.13,410979,76,买盘
2871,13:25:51,54.13,38270,7,卖盘
2872,13:25:54,54.13,129899,24,买盘
2873,13:25:57,54.13,313956,58,买盘
2874,13:26:00,54.12,64947,12,卖盘
2875,13:26:03,54.13,32476,6,中性盘
2876,13:26:06,54.13,54127,10,卖盘
2877,13:26:09,54.13,167803,31,卖盘
2878,13:26:12,54.13,75782,14,卖盘
2879,13:26:15,54.13,303140,56,卖盘
2880,13:26:18,54.13,10826,2,中性盘
2881,13:26:21,54.13,162401,30,买盘
2882,13:26:24,54.13,3528177,652,卖盘
2883,13:26:27,54.14,232770,43,买盘
2884,13:26:30,54.14,162422,30,卖盘
2885,13:26:33,54.13,525235,97,卖盘
2886,13:26:36,54.13,108278,20,卖盘
2887,13:26:39,54.14,59545,11,买盘
2888,13:26:42,54.14,32482,6,买盘
2889,13:26:45,54.12,16238,3,卖盘
2890,13:26:48,54.13,16238,3,买盘
2891,13:26:51,54.13,156976,29,买盘
2892,13:26:54,54.12,32475,6,卖盘
2893,13:26:57,54.13,178604,33,卖盘
2894,13:27:00,54.16,3178505,587,买盘
2895,13:27:03,54.16,102904,19,卖盘
2896,13:27:06,54.15,81238,15,卖盘
2897,13:27:09,54.16,108327,20,买盘
2898,13:27:12,54.16,5416,1,买盘
2899,13:27:15,54.19,5627574,1039,买盘
2900,13:27:18,54.19,411810,76,买盘
2901,13:27:21,54.19,146309,27,买盘
2902,13:27:24,54.19,222179,41,买盘
2903,13:27:27,54.18,1105283,204,卖盘
2904,13:27:30,54.18,27090,5,买盘
2905,13:27:33,54.17,682653,126,卖盘
2906,13:27:36,54.18,812699,150,买盘
2907,13:27:39,54.18,130023,24,买盘
2908,13:27:42,54.18,270900,50,买盘
2909,13:27:45,54.19,585248,108,买盘
2910,13:27:48,54.2,1408983,260,买盘
2911,13:27:51,54.2,682906,126,买盘
2912,13:27:54,54.19,102967,19,卖盘
2913,13:27:57,54.19,753240,139,卖盘
2914,13:28:00,54.19,146312,27,买盘
2915,13:28:03,54.19,1680116,310,买盘
2916,13:28:06,54.19,281814,52,买盘
2917,13:28:09,54.18,400996,74,卖盘
2918,13:28:12,54.25,12266948,2262,买盘
2919,13:28:15,54.3,28322156,5217,买盘
2920,13:28:18,54.31,2362050,435,买盘
2921,13:28:21,54.32,1086265,200,买盘
2922,13:28:24,54.33,1265797,233,买盘
2923,13:28:27,54.33,668276,123,买盘
2924,13:28:30,54.35,798863,147,买盘
2925,13:28:33,54.37,4679817,861,买盘
2926,13:28:36,54.38,2517583,463,买盘
2927,13:28:39,54.38,2795098,514,买盘
2928,13:28:42,54.39,1876142,345,买盘
2929,13:28:45,54.4,4846284,891,买盘
2930,13:28:48,54.41,3721047,684,买盘
2931,13:28:51,54.45,2628608,483,买盘
2932,13:28:54,54.44,1578817,290,中性盘
2933,13:28:57,54.44,6830576,1255,买盘
2934,13:29:00,54.44,6944213,1276,买盘
2935,13:29:03,54.45,1622595,298,买盘
2936,13:29:06,54.47,3082009,566,买盘
2937,13:29:09,54.48,1111119,204,买盘
2938,13:29:12,54.48,2277139,418,买盘
2939,13:29:15,54.49,1671347,307,买盘
2940,13:29:18,54.49,2037671,374,买盘
2941,13:29:21,54.49,2239490,411,买盘
2942,13:29:24,54.5,4098107,752,买盘
2943,13:29:27,54.47,8254827,1515,卖盘
2944,13:29:30,54.47,2249770,413,买盘
2945,13:29:33,54.48,2200641,404,买盘
2946,13:29:36,54.48,2053687,377,买盘
2947,13:29:39,54.49,2359205,433,买盘
2948,13:29:42,54.48,4037508,741,卖盘
2949,13:29:45,54.49,2228540,409,买盘
2950,13:29:48,54.49,3720342,683,买盘
2951,13:29:51,54.48,2223310,408,卖盘
2952,13:29:54,54.48,2016117,370,卖盘
2953,13:29:57,54.49,1734110,318,买盘
2954,13:30:00,54.49,920774,169,买盘
2955,13:30:03,54.47,1525569,280,卖盘
2956,13:30:06,54.47,2609621,479,卖盘
2957,13:30:09,54.46,740840,136,卖盘
2958,13:30:12,54.47,3344565,614,买盘
2959,13:30:15,54.46,784184,144,卖盘
2960,13:30:18,54.44,2363324,434,卖盘
2961,13:30:21,54.45,1519137,279,买盘
2962,13:30:24,54.43,1137808,209,中性盘
2963,13:30:27,54.43,718444,132,买盘
2964,13:30:30,54.4,805421,148,卖盘
2965,13:30:33,54.42,424490,78,买盘
2966,13:30:36,54.44,1028562,189,买盘
2967,13:30:39,54.42,1703283,313,卖盘
2968,13:30:42,54.44,805673,148,买盘
2969,13:30:45,54.43,1921846,353,卖盘
2970,13:30:48,54.42,707621,130,卖盘
2971,13:30:51,54.43,620520,114,买盘
2972,13:30:54,54.44,538881,99,买盘
2973,13:30:57,54.43,413685,76,卖盘
2974,13:31:00,54.44,1072361,197,买盘
2975,13:31:03,54.44,1252041,230,买盘
2976,13:31:06,54.43,555186,102,买盘
2977,13:31:09,54.42,642267,118,卖盘
2978,13:31:12,54.43,593269,109,买盘
2979,13:31:15,54.42,2307404,424,卖盘
2980,13:31:18,54.42,1316964,242,买盘
2981,13:31:21,54.43,794476,146,买盘
2982,13:31:24,54.42,326522,60,卖盘
2983,13:31:27,54.42,821706,151,买盘
2984,13:31:30,54.42,342856,63,卖盘
2985,13:31:33,54.42,1273524,234,卖盘
2986,13:31:36,54.43,1382323,254,买盘
2987,13:31:39,54.42,370067,68,卖盘
2988,13:31:42,54.43,848972,156,买盘
2989,13:31:45,54.41,593235,109,卖盘
2990,13:31:48,54.41,440780,81,卖盘
2991,13:31:51,54.41,598551,110,卖盘
2992,13:31:54,54.42,794534,146,买盘
2993,13:31:57,54.4,2317754,426,卖盘
2994,13:32:00,54.4,250259,46,卖盘
2995,13:32:03,54.38,4786504,880,卖盘
2996,13:32:06,54.37,135933,25,卖盘
2997,13:32:09,54.38,244678,45,买盘
2998,13:32:12,54.38,494826,91,买盘
2999,13:32:15,54.37,190295,35,卖盘
3000,13:32:18,54.37,445873,82,买盘
3001,13:32:21,54.36,766606,141,卖盘
3002,13:32:24,54.35,434887,80,卖盘
3003,13:32:27,54.35,336988,62,卖盘
3004,13:32:30,54.36,375069,69,买盘
3005,13:32:33,54.37,652288,120,买盘
3006,13:32:36,54.37,179405,33,买盘
3007,13:32:39,54.38,217476,40,买盘
3008,13:32:42,54.37,65246,12,卖盘
3009,13:32:45,54.38,1468150,270,买盘
3010,13:32:48,54.39,146837,27,买盘
3011,13:32:51,54.39,1414103,260,买盘
3012,13:32:54,54.42,2100102,386,买盘
3013,13:32:57,54.4,914346,168,卖盘
3014,13:33:00,54.42,1181104,217,中性盘
3015,13:33:03,54.42,805260,148,买盘
3016,13:33:06,54.43,816416,150,买盘
3017,13:33:09,54.43,293934,54,买盘
3018,13:33:12,54.43,457258,84,卖盘
3019,13:33:15,54.44,685935,126,买盘
3020,13:33:18,54.43,2139661,393,卖盘
3021,13:33:21,54.45,615264,113,买盘
3022,13:33:24,54.45,942053,173,买盘
3023,13:33:27,54.46,179698,33,买盘
3024,13:33:30,54.46,359426,66,买盘
3025,13:33:33,54.47,1448652,266,买盘
3026,13:33:36,54.47,1372626,252,买盘
3027,13:33:39,54.48,539330,99,买盘
3028,13:33:42,54.49,1623552,298,买盘
3029,13:33:45,54.49,637519,117,买盘
3030,13:33:48,54.49,1503884,276,买盘
3031,13:33:51,54.49,1204211,221,买盘
3032,13:33:54,54.49,1847206,339,买盘
3033,13:33:57,54.49,408678,75,卖盘
3034,13:34:00,54.49,5329455,978,卖盘
3035,13:34:03,54.49,1171640,215,卖盘
3036,13:34:06,54.49,1509311,277,买盘
3037,13:34:09,54.48,4178660,767,卖盘
3038,13:34:12,54.46,1797624,330,卖盘
3039,13:34:15,54.47,795069,146,买盘
3040,13:34:18,54.46,642595,118,中性盘
3041,13:34:21,54.45,1318038,242,卖盘
3042,13:34:24,54.47,991235,182,买盘
3043,13:34:27,54.45,1083706,199,卖盘
3044,13:34:30,54.46,909443,167,买盘
3045,13:34:33,54.46,713270,131,卖盘
3046,13:34:36,54.47,637178,117,买盘
3047,13:34:39,54.45,283154,52,买盘
3048,13:34:42,54.44,1039900,191,卖盘
3049,13:34:45,54.44,1785519,328,买盘
3050,13:34:48,54.44,631573,116,卖盘
3051,13:34:51,54.43,484526,89,卖盘
3052,13:34:54,54.44,451831,83,买盘
3053,13:34:57,54.43,195951,36,卖盘
3054,13:35:00,54.43,38099,7,买盘
3055,13:35:03,54.42,478946,88,卖盘
3056,13:35:06,54.42,114297,21,卖盘
3057,13:35:09,54.44,702127,129,买盘
3058,13:35:12,54.41,272079,50,卖盘
3059,13:35:15,54.42,534341,98,买盘
3060,13:35:18,54.42,538715,99,卖盘
3061,13:35:21,54.43,342877,63,买盘
3062,13:35:24,54.42,669447,123,卖盘
3063,13:35:27,54.42,217738,40,卖盘
3064,13:35:30,54.42,413655,76,卖盘
3065,13:35:33,54.44,908972,167,买盘
3066,13:35:36,54.43,108863,20,中性盘
3067,13:35:39,54.43,408218,75,买盘
3068,13:35:42,54.42,941588,173,卖盘
3069,13:35:45,54.43,185066,34,买盘
3070,13:35:48,54.43,734855,135,卖盘
3071,13:35:51,54.43,244957,45,卖盘
3072,13:35:54,54.44,555218,102,买盘
3073,13:35:57,54.44,569347,105,买盘
3074,13:36:00,54.44,375642,69,卖盘
3075,13:36:03,54.44,1611564,296,卖盘
3076,13:36:06,54.44,353909,65,卖盘
3077,13:36:09,54.45,446425,82,买盘
3078,13:36:12,54.44,332118,61,卖盘
3079,13:36:15,54.45,391997,72,买盘
3080,13:36:18,54.45,811265,149,买盘
3081,13:36:21,54.45,686053,126,买盘
3082,13:36:24,54.45,794898,146,卖盘
3083,13:36:27,54.45,1156570,212,买盘
3084,13:36:30,54.45,283134,52,买盘
3085,13:36:33,54.45,539007,99,买盘
3086,13:36:36,54.45,449694,83,买盘
3087,13:36:39,54.45,778597,143,卖盘
