,成交时间,成交价格,成交金额,成交量,性质
0,09:25:00,14.31,4504788,3148,卖盘
1,09:30:00,14.29,1623110,1135,卖盘
2,09:30:03,14.24,4851753,3400,卖盘
3,09:30:06,14.24,2384233,1677,买盘
4,09:30:09,14.23,924949,650,卖盘
5,09:30:12,14.2,205970,145,卖盘
6,09:30:15,14.23,326944,230,买盘
7,09:30:18,14.17,1593635,1123,卖盘
8,09:30:21,14.23,1368029,964,买盘
9,09:30:24,14.17,278724,196,卖盘
10,09:30:27,14.21,285552,201,买盘
11,09:30:30,14.2,501533,353,卖盘
12,09:30:33,14.21,160537,113,中性盘
13,09:30:36,14.2,718868,506,卖盘
14,09:30:39,14.2,727297,512,买盘
15,09:30:42,14.2,407483,287,卖盘
16,09:30:45,14.19,193163,136,卖盘
17,09:30:48,14.21,796719,561,买盘
18,09:30:51,14.19,545418,384,卖盘
19,09:30:54,14.19,273984,193,卖盘
20,09:30:57,14.2,433222,305,买盘
21,09:31:00,14.2,505511,356,买盘
22,09:31:03,14.19,1068111,752,卖盘
23,09:31:06,14.19,576407,406,卖盘
24,09:31:09,14.2,826222,582,中性盘
25,09:31:12,14.21,433292,305,买盘
26,09:31:15,14.21,372200,262,卖盘
27,09:31:18,14.19,286896,202,卖盘
28,09:31:21,14.18,813075,573,卖盘
29,09:31:24,14.19,576337,406,买盘
30,09:31:27,14.19,198642,140,卖盘
31,09:31:30,14.18,3487433,2460,卖盘
32,09:31:33,14.17,235362,166,中性盘
33,09:31:36,14.16,982198,693,卖盘
34,09:31:39,14.17,442094,312,买盘
35,09:31:42,14.18,1344359,949,中性盘
36,09:31:45,14.17,120468,85,卖盘
37,09:31:48,14.17,808678,570,卖盘
38,09:31:51,14.19,175888,124,中性盘
39,09:31:54,14.19,374476,264,卖盘
40,09:31:57,14.17,666129,470,卖盘
41,09:32:00,14.19,275201,194,买盘
42,09:32:03,14.18,110639,78,中性盘
43,09:32:06,14.2,1173850,827,买盘
44,09:32:09,14.2,176119,124,卖盘
45,09:32:12,14.22,1684357,1184,买盘
46,09:32:15,14.22,304440,214,卖盘
47,09:32:18,14.22,173503,122,卖盘
48,09:32:21,14.24,263095,185,买盘
49,09:32:24,14.23,98261,69,卖盘
50,09:32:27,14.24,148136,104,卖盘
51,09:32:30,14.26,159606,112,买盘
52,09:32:33,14.24,123956,87,卖盘
53,09:32:36,14.24,1131973,795,买盘
54,09:32:39,14.24,464290,326,买盘
55,09:32:42,14.23,1540170,1082,卖盘
56,09:32:45,14.24,113852,80,买盘
57,09:32:48,14.22,32709,23,卖盘
58,09:32:51,14.23,224777,158,买盘
59,09:32:54,14.22,199121,140,卖盘
60,09:32:57,14.21,68239,48,卖盘
61,09:33:00,14.21,119414,84,卖盘
62,09:33:03,14.22,216094,152,买盘
63,09:33:06,14.21,297194,209,卖盘
64,09:33:09,14.22,294338,207,买盘
65,09:33:12,14.22,314279,221,卖盘
66,09:33:15,14.22,142216,100,卖盘
67,09:33:18,14.23,48375,34,买盘
68,09:33:21,14.23,96729,68,买盘
69,09:33:24,14.23,214797,151,买盘
70,09:33:27,14.23,166438,117,卖盘
71,09:33:30,14.23,333151,234,卖盘
72,09:33:33,14.24,64049,45,中性盘
73,09:33:36,14.26,122596,86,买盘
74,09:33:39,14.26,45642,32,卖盘
75,09:33:42,14.24,529012,371,卖盘
76,09:33:45,14.27,112563,79,买盘
77,09:33:48,14.25,37027,26,中性盘
78,09:33:51,14.24,327363,230,卖盘
79,09:33:54,14.23,483510,339,卖盘
80,09:33:57,14.27,153881,108,买盘
81,09:34:00,14.23,246386,173,卖盘
82,09:34:03,14.24,41311,29,卖盘
83,09:34:06,14.25,202328,142,买盘
84,09:34:09,14.25,165256,116,买盘
85,09:34:12,14.24,229377,161,卖盘
86,09:34:15,14.25,146743,103,中性盘
87,09:34:18,14.24,455681,320,卖盘
88,09:34:21,14.24,142400,100,买盘
89,09:34:24,14.23,431171,303,卖盘
90,09:34:27,14.24,301689,212,买盘
91,09:34:30,14.23,607596,427,卖盘
92,09:34:33,14.26,1138202,799,买盘
93,09:34:36,14.26,32806,23,卖盘
94,09:34:39,14.26,213881,150,卖盘
95,09:34:42,14.27,287971,202,买盘
96,09:34:45,14.27,155501,109,买盘
97,09:34:48,14.27,114215,80,卖盘
98,09:34:51,14.28,671977,471,买盘
99,09:34:54,14.26,142712,100,中性盘
100,09:34:57,14.27,179776,126,买盘
101,09:35:00,14.26,34224,24,卖盘
102,09:35:03,14.25,75566,53,卖盘
103,09:35:06,14.25,146806,103,卖盘
104,09:35:09,14.24,217981,153,卖盘
105,09:35:12,14.24,81170,57,卖盘
106,09:35:15,14.23,481325,338,卖盘
107,09:35:18,14.25,176635,124,买盘
108,09:35:21,14.23,217980,153,卖盘
109,09:35:24,14.25,224933,158,买盘
110,09:35:27,14.23,547860,385,卖盘
111,09:35:30,14.22,449418,316,卖盘
112,09:35:33,14.22,116586,82,卖盘
113,09:35:36,14.21,68222,48,卖盘
114,09:35:39,14.21,220275,155,卖盘
115,09:35:42,14.21,183371,129,卖盘
116,09:35:45,14.21,103776,73,卖盘
117,09:35:48,14.21,223124,157,卖盘
118,09:35:51,14.21,353833,249,卖盘
119,09:35:54,14.2,92364,65,卖盘
120,09:35:57,14.2,80950,57,卖盘
121,09:36:00,14.2,187496,132,卖盘
122,09:36:03,14.2,531292,374,卖盘
123,09:36:06,14.2,346627,244,卖盘
124,09:36:09,14.21,311078,219,买盘
125,09:36:12,14.2,343672,242,卖盘
126,09:36:15,14.2,183185,129,卖盘
127,09:36:18,14.2,474465,334,卖盘
128,09:36:21,14.2,357956,252,卖盘
129,09:36:24,14.2,289701,204,卖盘
130,09:36:27,14.2,89466,63,卖盘
131,09:36:30,14.2,464340,327,卖盘
132,09:36:33,14.2,157631,111,卖盘
133,09:36:36,14.2,308166,217,卖盘
134,09:36:39,14.19,258499,182,卖盘
135,09:36:42,14.19,72391,51,卖盘
136,09:36:45,14.19,110682,78,卖盘
137,09:36:48,14.19,459745,324,卖盘
138,09:36:51,14.18,120567,85,卖盘
139,09:36:54,14.19,385923,272,买盘
140,09:36:57,14.19,380157,268,买盘
141,09:37:00,14.2,883814,623,买盘
142,09:37:03,14.2,278253,196,买盘
143,09:37:06,14.2,102176,72,买盘
144,09:37:09,14.19,360482,254,卖盘
145,09:37:12,14.19,99384,70,卖盘
146,09:37:15,14.19,220024,155,卖盘
147,09:37:18,14.19,256906,181,卖盘
148,09:37:21,14.19,70985,50,卖盘
149,09:37:24,14.2,51098,36,买盘
150,09:37:27,14.19,315127,222,卖盘
151,09:37:30,14.19,702451,495,卖盘
152,09:37:33,14.19,42575,30,卖盘
153,09:37:36,14.19,92235,65,卖盘
154,09:37:39,14.2,343608,242,买盘
155,09:37:42,14.19,158940,112,卖盘
156,09:37:45,14.19,192984,136,卖盘
157,09:37:48,14.19,174537,123,卖盘
158,09:37:51,14.19,181650,128,买盘
159,09:37:54,14.2,349182,246,买盘
160,09:37:57,14.2,95093,67,中性盘
161,09:38:00,14.21,444173,313,买盘
162,09:38:03,14.2,49697,35,中性盘
163,09:38:06,14.2,19881,14,卖盘
164,09:38:09,14.2,41192,29,卖盘
165,09:38:12,14.2,32679,23,卖盘
166,09:38:15,14.2,143507,101,卖盘
167,09:38:18,14.2,107953,76,卖盘
168,09:38:21,14.2,14200,10,卖盘
169,09:38:24,14.19,320936,226,卖盘
170,09:38:27,14.2,43990,31,买盘
171,09:38:30,14.19,24123,17,卖盘
172,09:38:33,14.19,211576,149,卖盘
173,09:38:36,14.2,68189,48,中性盘
174,09:38:39,14.2,188890,133,卖盘
175,09:38:42,14.2,323769,228,卖盘
176,09:38:45,14.2,176112,124,买盘
177,09:38:48,14.21,129230,91,买盘
178,09:38:51,14.2,305400,215,卖盘
179,09:38:54,14.21,264397,186,买盘
180,09:38:57,14.2,231496,163,卖盘
181,09:39:00,14.21,92355,65,卖盘
182,09:39:03,14.22,237395,167,买盘
183,09:39:06,14.22,160694,113,卖盘
184,09:39:09,14.23,88209,62,买盘
185,09:39:12,14.22,204809,144,卖盘
186,09:39:15,14.23,61188,43,买盘
187,09:39:18,14.22,543535,382,卖盘
188,09:39:21,14.23,113763,80,中性盘
189,09:39:24,14.24,110964,78,买盘
190,09:39:27,14.23,119532,84,卖盘
191,09:39:30,14.23,110987,78,卖盘
192,09:39:33,14.24,92487,65,买盘
193,09:39:36,14.22,73964,52,卖盘
194,09:39:39,14.22,136522,96,卖盘
195,09:39:42,14.22,227680,160,买盘
196,09:39:45,14.22,21330,15,买盘
197,09:39:48,14.22,36982,26,卖盘
198,09:39:51,14.22,49786,35,卖盘
199,09:39:54,14.22,386854,272,卖盘
200,09:39:57,14.22,24176,17,卖盘
201,09:40:00,14.23,396983,279,买盘
202,09:40:03,14.22,285937,201,卖盘
203,09:40:06,14.23,129489,91,买盘
204,09:40:09,14.22,199162,140,卖盘
205,09:40:12,14.23,297399,209,买盘
206,09:40:15,14.23,1021079,717,买盘
207,09:40:18,14.23,203417,143,卖盘
208,09:40:24,14.25,96893,68,中性盘
209,09:40:27,14.25,217861,153,卖盘
210,09:40:30,14.25,438966,308,卖盘
211,09:40:33,14.24,85453,60,卖盘
212,09:40:36,14.25,41307,29,买盘
213,09:40:39,14.25,14243,10,买盘
214,09:40:42,14.26,197995,139,买盘
215,09:40:45,14.25,81174,57,买盘
216,09:40:48,14.23,51271,36,卖盘
217,09:40:51,14.23,152324,107,卖盘
218,09:40:54,14.23,294623,207,卖盘
219,09:40:57,14.23,458315,322,卖盘
220,09:41:03,14.23,4269,3,卖盘
221,09:41:06,14.24,9966,7,买盘
222,09:41:09,14.23,32736,23,卖盘
223,09:41:12,14.23,439546,309,卖盘
224,09:41:15,14.24,116683,82,买盘
225,09:41:18,14.23,156581,110,中性盘
226,09:41:21,14.23,29879,21,买盘
227,09:41:24,14.23,217622,153,买盘
228,09:41:27,14.23,264590,186,买盘
229,09:41:30,14.22,116650,82,买盘
230,09:41:33,14.22,1205621,848,买盘
231,09:41:36,14.22,905227,637,卖盘
232,09:41:39,14.22,173454,122,卖盘
233,09:41:42,14.21,570183,401,卖盘
234,09:41:45,14.22,58300,41,买盘
235,09:41:48,14.22,297037,209,买盘
236,09:41:51,14.22,56880,40,卖盘
237,09:41:54,14.22,71095,50,卖盘
238,09:41:57,14.23,762765,536,买盘
239,09:42:00,14.23,133762,94,卖盘
240,09:42:03,14.24,56949,40,买盘
241,09:42:06,14.23,49823,35,卖盘
242,09:42:09,14.24,900812,633,买盘
243,09:42:12,14.23,27049,19,卖盘
244,09:42:15,14.23,59766,42,卖盘
245,09:42:18,14.24,128089,90,买盘
246,09:42:21,14.23,325883,229,卖盘
247,09:42:24,14.24,169337,119,买盘
248,09:42:27,14.22,49787,35,卖盘
249,09:42:30,14.22,105255,74,卖盘
250,09:42:33,14.22,241770,170,卖盘
251,09:42:36,14.24,92468,65,买盘
252,09:42:39,14.22,891602,627,卖盘
253,09:42:42,14.23,66882,47,买盘
254,09:42:45,14.23,139446,98,买盘
255,09:42:48,14.22,48348,34,卖盘
256,09:42:51,14.22,61151,43,卖盘
257,09:42:54,14.22,17064,12,卖盘
258,09:42:57,14.22,200502,141,卖盘
259,09:43:00,14.23,462481,325,买盘
260,09:43:03,14.23,75419,53,卖盘
261,09:43:06,14.23,25617,18,卖盘
262,09:43:09,14.24,98249,69,买盘
263,09:43:12,14.23,17080,12,卖盘
264,09:43:15,14.22,39843,28,卖盘
265,09:43:18,14.23,88226,62,买盘
266,09:43:21,14.23,12807,9,卖盘
267,09:43:24,14.23,212036,149,卖盘
268,09:43:27,14.23,120950,85,买盘
269,09:43:30,14.23,146569,103,买盘
270,09:43:33,14.22,103836,73,卖盘
271,09:43:36,14.22,109506,77,卖盘
272,09:43:39,14.23,1528743,1075,买盘
273,09:43:42,14.23,110994,78,卖盘
274,09:43:45,14.23,58361,41,卖盘
275,09:43:48,14.22,304511,214,卖盘
276,09:43:51,14.22,61160,43,卖盘
277,09:43:54,14.23,71120,50,买盘
278,09:44:00,14.22,75405,53,卖盘
279,09:44:03,14.22,62568,44,卖盘
280,09:44:06,14.23,633184,445,买盘
281,09:44:09,14.22,130842,92,卖盘
282,09:44:12,14.23,745908,524,买盘
283,09:44:15,14.22,278863,196,卖盘
284,09:44:18,14.22,38398,27,卖盘
285,09:44:21,14.23,982236,691,买盘
286,09:44:24,14.22,364346,256,中性盘
287,09:44:27,14.22,166375,117,卖盘
288,09:44:30,14.22,42664,30,买盘
289,09:44:33,14.22,78242,55,卖盘
290,09:44:36,14.22,32726,23,卖盘
291,09:44:39,14.23,655564,461,中性盘
292,09:44:42,14.23,48382,34,卖盘
293,09:44:45,14.23,125162,88,卖盘
294,09:44:48,14.23,223134,157,买盘
295,09:44:51,14.23,17065,12,买盘
296,09:44:54,14.23,11382,8,买盘
297,09:44:57,14.22,42661,30,卖盘
298,09:45:00,14.22,78210,55,卖盘
299,09:45:03,14.22,29845,21,买盘
300,09:45:06,14.21,66808,47,卖盘
301,09:45:09,14.21,288517,203,卖盘
302,09:45:12,14.21,221676,156,买盘
303,09:45:15,14.21,727451,512,买盘
304,09:45:18,14.21,388189,273,卖盘
305,09:45:21,14.21,171959,121,卖盘
306,09:45:24,14.21,213180,150,卖盘
307,09:45:27,14.21,109434,77,卖盘
308,09:45:30,14.25,1752859,1231,买盘
309,09:45:33,14.26,501851,352,买盘
310,09:45:36,14.26,1132226,794,买盘
311,09:45:39,14.26,15676,11,中性盘
312,09:45:42,14.25,59890,42,卖盘
313,09:45:45,14.25,15685,11,卖盘
314,09:45:48,14.25,96947,68,卖盘
315,09:45:51,14.25,1085662,761,卖盘
316,09:45:54,14.25,216615,152,卖盘
317,09:45:57,14.25,51308,36,卖盘
318,09:46:00,14.25,78375,55,卖盘
319,09:46:03,14.24,18512,13,卖盘
320,09:46:06,14.26,604571,424,买盘
321,09:46:09,14.26,142515,100,买盘
322,09:46:12,14.24,272053,191,卖盘
323,09:46:15,14.25,89752,63,买盘
324,09:46:18,14.24,58199,41,卖盘
325,09:46:21,14.23,12815,9,卖盘
326,09:46:24,14.24,62658,44,买盘
327,09:46:27,14.24,32770,23,卖盘
328,09:46:30,14.25,152428,107,买盘
329,09:46:33,14.24,158064,111,卖盘
330,09:46:36,14.25,99711,70,买盘
331,09:46:39,14.24,68352,48,卖盘
332,09:46:42,14.24,72624,51,卖盘
333,09:46:45,14.25,367644,258,买盘
334,09:46:48,14.25,24225,17,卖盘
335,09:46:51,14.25,195225,137,卖盘
336,09:46:54,14.25,14249,10,中性盘
337,09:46:57,14.24,210827,148,卖盘
338,09:47:00,14.24,45577,32,卖盘
339,09:47:03,14.24,5696,4,卖盘
340,09:47:06,14.25,185230,130,买盘
341,09:47:09,14.26,76958,54,买盘
342,09:47:12,14.25,44194,31,卖盘
343,09:47:15,14.25,124012,87,卖盘
344,09:47:18,14.25,15675,11,卖盘
345,09:47:21,14.25,82674,58,卖盘
346,09:47:24,14.26,319405,224,买盘
347,09:47:27,14.26,51336,36,买盘
348,09:47:30,14.26,101246,71,卖盘
349,09:47:33,14.26,252417,177,卖盘
350,09:47:36,14.25,677062,475,卖盘
351,09:47:39,14.26,159759,112,买盘
352,09:47:42,14.26,81267,57,买盘
353,09:47:45,14.25,86937,61,中性盘
354,09:47:48,14.23,720611,506,卖盘
355,09:47:51,14.22,1034548,727,卖盘
356,09:47:54,14.23,567484,399,买盘
357,09:47:57,14.21,14210,10,卖盘
358,09:48:00,14.22,17064,12,买盘
359,09:48:03,14.22,41232,29,买盘
360,09:48:06,14.22,44062,31,买盘
361,09:48:09,14.22,180577,127,买盘
362,09:48:12,14.21,294169,207,卖盘
363,09:48:15,14.21,461817,325,卖盘
364,09:48:18,14.2,265569,187,卖盘
365,09:48:21,14.2,599448,422,卖盘
366,09:48:24,14.2,400690,282,卖盘
367,09:48:27,14.2,180355,127,卖盘
368,09:48:30,14.2,31241,22,卖盘
369,09:48:33,14.2,53960,38,卖盘
370,09:48:36,14.21,132064,93,买盘
371,09:48:39,14.2,441670,311,卖盘
372,09:48:42,14.2,357714,252,卖盘
373,09:48:45,14.19,2674957,1885,卖盘
374,09:48:48,14.19,70950,50,买盘
375,09:48:51,14.19,70950,50,买盘
376,09:48:54,14.18,2536832,1789,卖盘
377,09:48:57,14.17,233819,165,卖盘
378,09:49:00,14.18,92127,65,买盘
379,09:49:03,14.18,432296,305,买盘
380,09:49:06,14.19,1744474,1230,买盘
381,09:49:09,14.18,817905,577,卖盘
382,09:49:12,14.18,201362,142,卖盘
383,09:49:15,14.18,397007,280,卖盘
384,09:49:18,14.18,42540,30,卖盘
385,09:49:21,14.18,4254,3,卖盘
386,09:49:24,14.18,378627,267,卖盘
387,09:49:27,14.18,144678,102,卖盘
388,09:49:30,14.2,1146448,808,买盘
389,09:49:33,14.2,170451,120,卖盘
390,09:49:36,14.2,96580,68,卖盘
391,09:49:39,14.2,176081,124,卖盘
392,09:49:42,14.2,76686,54,卖盘
393,09:49:45,14.2,231275,163,卖盘
394,09:49:48,14.2,99400,70,买盘
395,09:49:51,14.19,96512,68,卖盘
396,09:49:54,14.19,139078,98,卖盘
397,09:49:57,14.19,17028,12,中性盘
398,09:50:00,14.19,76644,54,卖盘
399,09:50:03,14.19,73785,52,买盘
400,09:50:06,14.18,276535,195,卖盘
401,09:50:09,14.18,441070,311,卖盘
402,09:50:12,14.19,146064,103,买盘
403,09:50:15,14.19,466603,329,买盘
404,09:50:18,14.19,43989,31,中性盘
405,09:50:21,14.19,18447,13,卖盘
406,09:50:24,14.21,918928,647,买盘
407,09:50:27,14.19,31226,22,卖盘
408,09:50:30,14.21,160497,113,买盘
409,09:50:33,14.21,113715,80,卖盘
410,09:50:36,14.21,51156,36,卖盘
411,09:50:39,14.21,186136,131,卖盘
412,09:50:42,14.21,325507,229,买盘
413,09:50:45,14.2,76694,54,卖盘
414,09:50:48,14.21,151947,107,买盘
415,09:50:51,14.21,441879,311,买盘
416,09:50:54,14.21,92374,65,卖盘
417,09:50:57,14.2,48296,34,卖盘
418,09:51:00,14.2,75323,53,卖盘
419,09:51:03,14.2,504100,355,卖盘
420,09:51:06,14.2,174660,123,买盘
421,09:51:09,14.2,139131,98,买盘
422,09:51:12,14.19,336303,237,卖盘
423,09:51:15,14.2,2290146,1613,买盘
424,09:51:18,14.19,73791,52,卖盘
425,09:51:21,14.19,124872,88,卖盘
426,09:51:24,14.19,146166,103,卖盘
427,09:51:27,14.19,105006,74,卖盘
428,09:51:30,14.19,325115,229,卖盘
429,09:51:33,14.18,43979,31,卖盘
430,09:51:36,14.18,22699,16,卖盘
431,09:51:39,14.19,150315,106,买盘
432,09:51:42,14.18,100692,71,卖盘
433,09:51:45,14.18,211282,149,卖盘
434,09:51:48,14.19,32632,23,买盘
435,09:51:51,14.18,21275,15,卖盘
436,09:51:54,14.18,24108,17,卖盘
437,09:51:57,14.19,75164,53,买盘
438,09:52:00,14.18,235390,166,卖盘
439,09:52:03,14.19,171613,121,买盘
440,09:52:06,14.18,72332,51,卖盘
441,09:52:09,14.19,151746,107,买盘
442,09:52:12,14.19,168758,119,买盘
443,09:52:15,14.19,79439,56,买盘
444,09:52:18,14.18,255257,180,卖盘
445,09:52:21,14.18,326140,230,卖盘
446,09:52:24,14.18,161612,114,买盘
447,09:52:27,14.18,17016,12,买盘
448,09:52:30,14.18,18430,13,买盘
449,09:52:33,14.17,102024,72,卖盘
450,09:52:36,14.18,42540,30,买盘
451,09:52:39,14.17,338773,239,卖盘
452,09:52:42,14.17,7085,5,卖盘
453,09:52:45,14.18,615318,434,买盘
454,09:52:48,14.18,63816,45,卖盘
455,09:52:51,14.18,38286,27,卖盘
456,09:52:54,14.18,266764,188,卖盘
457,09:52:57,14.18,195701,138,卖盘
458,09:53:00,14.19,79411,56,买盘
459,09:53:06,14.19,2838,2,卖盘
460,09:53:09,14.19,127710,90,卖盘
461,09:53:12,14.19,215692,152,卖盘
462,09:53:15,14.2,166032,117,买盘
463,09:53:18,14.19,316437,223,卖盘
464,09:53:21,14.19,139062,98,卖盘
465,09:53:24,14.2,146095,103,买盘
466,09:53:27,14.19,100749,71,卖盘
467,09:53:30,14.19,12771,9,买盘
468,09:53:36,14.19,219945,155,买盘
469,09:53:39,14.19,49665,35,买盘
470,09:53:42,14.19,97911,69,卖盘
471,09:53:45,14.2,18448,13,买盘
472,09:53:48,14.19,92248,65,卖盘
473,09:53:51,14.19,42570,30,卖盘
474,09:53:54,14.19,366103,258,卖盘
475,09:53:57,14.19,163190,115,卖盘
476,09:54:00,14.19,215735,152,卖盘
477,09:54:03,14.19,395894,279,买盘
478,09:54:06,14.19,65274,46,买盘
479,09:54:09,14.2,656960,463,买盘
480,09:54:12,14.2,2649241,1866,买盘
481,09:54:15,14.19,714248,503,卖盘
482,09:54:18,14.2,2506361,1765,买盘
483,09:54:21,14.2,32666,23,卖盘
484,09:54:24,14.22,48329,34,买盘
485,09:54:27,14.22,56911,40,卖盘
486,09:54:30,14.22,52614,37,卖盘
487,09:54:33,14.22,69678,49,卖盘
488,09:54:36,14.22,31284,22,买盘
489,09:54:39,14.22,44072,31,买盘
490,09:54:42,14.22,8534,6,卖盘
491,09:54:45,14.22,21330,15,卖盘
492,09:54:48,14.22,149335,105,卖盘
493,09:54:51,14.22,59732,42,卖盘
494,09:54:54,14.22,73944,52,卖盘
495,09:54:57,14.21,42641,30,卖盘
496,09:55:00,14.22,22752,16,买盘
497,09:55:03,14.21,8531,6,卖盘
498,09:55:06,14.22,201792,142,买盘
499,09:55:09,14.21,48334,34,卖盘
500,09:55:12,14.21,81006,57,卖盘
501,09:55:15,14.21,51167,36,卖盘
502,09:55:18,14.21,248675,175,卖盘
503,09:55:21,14.2,44030,31,卖盘
504,09:55:24,14.2,53988,38,卖盘
505,09:55:27,14.2,167660,118,卖盘
506,09:55:30,14.2,147683,104,卖盘
507,09:55:33,14.2,52540,37,卖盘
508,09:55:36,14.2,127820,90,卖盘
509,09:55:39,14.2,73840,52,卖盘
510,09:55:42,14.2,17040,12,买盘
511,09:55:45,14.2,82360,58,买盘
512,09:55:48,14.19,34058,24,卖盘
513,09:55:51,14.2,29820,21,买盘
514,09:55:54,14.19,82302,58,卖盘
515,09:55:57,14.2,52525,37,买盘
516,09:56:00,14.19,18447,13,卖盘
517,09:56:03,14.19,8519,6,卖盘
518,09:56:06,14.2,95110,67,买盘
519,09:56:09,14.19,164604,116,卖盘
520,09:56:12,14.2,1420,1,买盘
521,09:56:15,14.19,32637,23,卖盘
522,09:56:18,14.2,28382,20,买盘
523,09:56:21,14.19,356169,251,卖盘
524,09:56:24,14.2,106500,75,买盘
525,09:56:30,14.19,82303,58,卖盘
526,09:56:33,14.2,42587,30,买盘
527,09:56:36,14.2,117784,83,买盘
528,09:56:39,14.2,9936,7,买盘
529,09:56:42,14.19,109265,77,卖盘
530,09:56:45,14.19,149096,105,卖盘
531,09:56:48,14.19,29816,21,卖盘
532,09:56:51,14.2,116368,82,买盘
533,09:56:54,14.2,163255,115,买盘
534,09:56:57,14.19,137734,97,卖盘
535,09:57:00,14.19,982436,692,卖盘
536,09:57:03,14.19,288156,203,卖盘
537,09:57:06,14.19,79506,56,卖盘
538,09:57:09,14.2,15612,11,买盘
539,09:57:12,14.19,95091,67,卖盘
540,09:57:15,14.19,601817,424,卖盘
541,09:57:18,14.2,70953,50,买盘
542,09:57:21,14.19,117809,83,卖盘
543,09:57:24,14.2,154683,109,买盘
544,09:57:27,14.19,488136,344,卖盘
545,09:57:33,14.19,127703,90,买盘
546,09:57:36,14.18,85130,60,卖盘
547,09:57:39,14.19,146100,103,买盘
548,09:57:42,14.19,39724,28,买盘
549,09:57:45,14.18,43968,31,卖盘
550,09:57:48,14.19,1419,1,买盘
551,09:57:51,14.19,25541,18,买盘
552,09:57:54,14.19,175956,124,买盘
553,09:57:57,14.18,273792,193,卖盘
554,09:58:00,14.18,62392,44,卖盘
555,09:58:03,14.18,110609,78,卖盘
556,09:58:06,14.18,19854,14,卖盘
557,09:58:09,14.18,462293,326,卖盘
558,09:58:12,14.18,87918,62,卖盘
559,09:58:15,14.18,5672,4,卖盘
560,09:58:18,14.18,17018,12,卖盘
561,09:58:21,14.18,70903,50,卖盘
562,09:58:24,14.18,547348,386,卖盘
563,09:58:27,14.18,404130,285,卖盘
564,09:58:30,14.18,221218,156,卖盘
565,09:58:33,14.19,157449,111,买盘
566,09:58:36,14.18,107768,76,卖盘
567,09:58:39,14.19,28372,20,买盘
568,09:58:42,14.18,120542,85,卖盘
569,09:58:45,14.18,570036,402,卖盘
570,09:58:48,14.18,36868,26,买盘
571,09:58:51,14.17,323170,228,卖盘
572,09:58:54,14.18,95005,67,买盘
573,09:58:57,14.17,42510,30,卖盘
574,09:59:00,14.18,595553,420,买盘
575,09:59:03,14.17,457926,323,卖盘
576,09:59:06,14.18,4254,3,中性盘
577,09:59:09,14.18,69482,49,卖盘
578,09:59:12,14.17,195680,138,卖盘
579,09:59:15,14.18,58137,41,卖盘
580,09:59:18,14.17,52429,37,卖盘
581,09:59:21,14.19,669407,472,买盘
582,09:59:24,14.18,136178,96,卖盘
583,09:59:27,14.18,170160,120,卖盘
584,09:59:30,14.19,791452,558,买盘
585,09:59:33,14.2,83735,59,买盘
586,09:59:36,14.19,41151,29,卖盘
587,09:59:39,14.2,833535,587,买盘
588,09:59:42,14.19,31219,22,卖盘
589,09:59:45,14.2,192919,136,买盘
590,09:59:48,14.19,45408,32,卖盘
591,09:59:51,14.2,55370,39,买盘
592,09:59:54,14.19,8514,6,卖盘
593,09:59:57,14.19,62453,44,卖盘
594,10:00:00,14.19,2838,2,卖盘
595,10:00:03,14.19,21285,15,卖盘
596,10:00:06,14.19,31224,22,卖盘
597,10:00:09,14.19,17028,12,卖盘
598,10:00:12,14.2,35482,25,买盘
599,10:00:15,14.2,59640,42,买盘
600,10:00:18,14.19,8514,6,卖盘
601,10:00:21,14.2,7100,5,买盘
602,10:00:24,14.2,19870,14,买盘
603,10:00:27,14.2,113600,80,买盘
604,10:00:30,14.2,153357,108,买盘
605,10:00:33,14.19,288066,203,卖盘
606,10:00:36,14.19,2838,2,卖盘
607,10:00:39,14.19,15618,11,卖盘
608,10:00:42,14.19,19866,14,卖盘
609,10:00:45,14.18,173117,122,卖盘
610,10:00:48,14.19,35477,25,买盘
611,10:00:51,14.19,119206,84,卖盘
612,10:00:54,14.2,1420,1,买盘
613,10:00:57,14.19,26961,19,卖盘
614,10:01:03,14.19,148995,105,卖盘
615,10:01:06,14.19,24123,17,卖盘
616,10:01:12,14.19,58201,41,卖盘
617,10:01:15,14.2,416039,293,买盘
618,10:01:18,14.2,195926,138,买盘
619,10:01:21,14.2,41180,29,买盘
620,10:01:24,14.2,15620,11,卖盘
621,10:01:27,14.21,41185,29,买盘
622,10:01:30,14.2,36920,26,卖盘
623,10:01:33,14.2,24143,17,卖盘
624,10:01:36,14.2,14200,10,卖盘
625,10:01:39,14.2,24146,17,卖盘
626,10:01:42,14.21,58226,41,买盘
627,10:01:45,14.2,110760,78,卖盘
628,10:01:48,14.2,78100,55,卖盘
629,10:01:51,14.2,25560,18,买盘
630,10:01:54,14.21,28420,20,买盘
631,10:01:57,14.2,8520,6,卖盘
632,10:02:06,14.2,34080,24,卖盘
633,10:02:09,14.2,88040,62,卖盘
634,10:02:12,14.2,22720,16,卖盘
635,10:02:15,14.2,2840,2,买盘
636,10:02:18,14.2,9939,7,买盘
637,10:02:21,14.2,11359,8,买盘
638,10:02:24,14.2,4260,3,买盘
639,10:02:27,14.19,46828,33,卖盘
640,10:02:36,14.19,59610,42,卖盘
641,10:02:39,14.2,39747,28,买盘
642,10:02:42,14.2,95110,67,买盘
643,10:02:45,14.19,303666,214,卖盘
644,10:02:48,14.19,181632,128,卖盘
645,10:02:51,14.19,75207,53,卖盘
646,10:02:54,14.19,46827,33,卖盘
647,10:02:57,14.19,11351,8,买盘
648,10:03:00,14.19,46813,33,买盘
649,10:03:03,14.18,69484,49,卖盘
650,10:03:06,14.18,2836,2,卖盘
651,10:03:09,14.18,303458,214,卖盘
652,10:03:12,14.18,53884,38,卖盘
653,10:03:15,14.18,246732,174,卖盘
654,10:03:18,14.18,19862,14,卖盘
655,10:03:24,14.18,19852,14,卖盘
656,10:03:27,14.18,22690,16,卖盘
657,10:03:30,14.18,106350,75,卖盘
658,10:03:33,14.19,55321,39,买盘
659,10:03:36,14.19,11350,8,买盘
660,10:03:39,14.18,2836,2,卖盘
661,10:03:42,14.19,36869,26,买盘
662,10:03:45,14.19,45380,32,买盘
663,10:03:48,14.19,12771,9,买盘
664,10:03:51,14.18,70913,50,卖盘
665,10:03:54,14.18,144636,102,卖盘
666,10:03:57,14.19,68090,48,买盘
667,10:04:00,14.18,11344,8,卖盘
668,10:04:03,14.18,59556,42,卖盘
669,10:04:06,14.19,18437,13,买盘
670,10:04:09,14.18,53884,38,卖盘
671,10:04:12,14.18,85091,60,卖盘
672,10:04:15,14.18,53884,38,卖盘
673,10:04:18,14.18,42540,30,卖盘
674,10:04:21,14.18,500554,353,卖盘
675,10:04:24,14.18,389950,275,卖盘
676,10:04:27,14.18,90763,64,卖盘
677,10:04:30,14.18,26942,19,卖盘
678,10:04:33,14.18,99260,70,卖盘
679,10:04:36,14.19,4257,3,买盘
680,10:04:39,14.18,304873,215,卖盘
681,10:04:42,14.19,4257,3,买盘
682,10:04:45,14.18,65228,46,卖盘
683,10:04:48,14.19,76610,54,买盘
684,10:04:51,14.18,293536,207,卖盘
685,10:04:54,14.18,24106,17,卖盘
686,10:04:57,14.18,51054,36,卖盘
687,10:05:00,14.18,124784,88,卖盘
688,10:05:03,14.18,89332,63,买盘
689,10:05:06,14.19,80832,57,买盘
690,10:05:09,14.18,2557903,1805,卖盘
691,10:05:12,14.17,1417,1,卖盘
692,10:05:15,14.17,212686,150,卖盘
693,10:05:18,14.17,24090,17,卖盘
694,10:05:21,14.17,69434,49,卖盘
695,10:05:24,14.17,296164,209,卖盘
696,10:05:27,14.17,1330561,939,卖盘
697,10:05:30,14.16,7080,5,卖盘
698,10:05:33,14.16,305873,216,卖盘
699,10:05:36,14.17,264806,187,买盘
700,10:05:39,14.16,590484,417,卖盘
701,10:05:42,14.16,3542832,2502,卖盘
702,10:05:45,14.16,141616,100,卖盘
703,10:05:48,14.16,386568,273,卖盘
704,10:05:51,14.16,1441900,1019,买盘
705,10:05:54,14.16,301442,213,买盘
706,10:05:57,14.15,240598,170,卖盘
707,10:06:00,14.15,539122,381,卖盘
708,10:06:03,14.15,325500,230,卖盘
709,10:06:06,14.15,1839550,1300,卖盘
710,10:06:09,14.15,216452,153,卖盘
711,10:06:12,14.15,83469,59,买盘
712,10:06:15,14.15,168328,119,买盘
713,10:06:18,14.16,866096,612,买盘
714,10:06:21,14.15,45281,32,卖盘
715,10:06:24,14.16,407803,288,买盘
716,10:06:27,14.16,92040,65,卖盘
717,10:06:30,14.16,229390,162,卖盘
718,10:06:33,14.16,261960,185,卖盘
719,10:06:36,14.16,62304,44,卖盘
720,10:06:39,14.17,407933,288,买盘
721,10:06:42,14.17,366786,259,卖盘
722,10:06:45,14.17,51012,36,买盘
723,10:06:48,14.16,22666,16,卖盘
724,10:06:51,14.16,2832,2,卖盘
725,10:06:54,14.15,89206,63,卖盘
726,10:06:57,14.16,39649,28,买盘
727,10:07:00,14.16,151436,107,中性盘
728,10:07:03,14.16,120361,85,卖盘
729,10:07:06,14.16,73637,52,买盘
730,10:07:09,14.16,155760,110,卖盘
731,10:07:12,14.16,48144,34,买盘
732,10:07:15,14.15,427342,302,卖盘
733,10:07:18,14.15,86315,61,卖盘
734,10:07:21,14.16,96249,68,买盘
735,10:07:24,14.15,29715,21,卖盘
736,10:07:27,14.15,35375,25,卖盘
737,10:07:30,14.15,43875,31,卖盘
738,10:07:33,14.15,216495,153,卖盘
739,10:07:36,14.14,1175851,831,卖盘
740,10:07:39,14.15,513632,363,买盘
741,10:07:42,14.15,113194,80,买盘
742,10:07:45,14.14,223460,158,卖盘
743,10:07:48,14.15,31118,22,买盘
744,10:07:51,14.14,77770,55,卖盘
745,10:07:54,14.14,285657,202,卖盘
746,10:07:57,14.14,763562,540,卖盘
747,10:08:00,14.14,459550,325,卖盘
748,10:08:03,14.13,1289511,912,卖盘
749,10:08:06,14.13,183727,130,卖盘
750,10:08:09,14.13,1362334,964,卖盘
751,10:08:12,14.14,600669,425,买盘
752,10:08:15,14.13,255756,181,卖盘
753,10:08:18,14.13,192168,136,卖盘
754,10:08:21,14.13,566617,401,卖盘
755,10:08:24,14.13,610412,432,卖盘
756,10:08:27,14.12,28255,20,卖盘
757,10:08:30,14.12,168028,119,卖盘
758,10:08:33,14.13,184989,131,买盘
759,10:08:36,14.12,224543,159,卖盘
760,10:08:39,14.12,997424,706,卖盘
761,10:08:42,14.12,282403,200,卖盘
762,10:08:45,14.12,926312,656,卖盘
763,10:08:48,14.12,258405,183,卖盘
764,10:08:51,14.12,18352,13,买盘
765,10:08:54,14.12,103041,73,买盘
766,10:08:57,14.11,159518,113,卖盘
767,10:09:00,14.11,338736,240,卖盘
768,10:09:03,14.11,965307,684,卖盘
769,10:09:06,14.11,238503,169,卖盘
770,10:09:09,14.11,254010,180,卖盘
771,10:09:12,14.11,968477,686,卖盘
772,10:09:15,14.11,554559,393,卖盘
773,10:09:18,14.12,86099,61,中性盘
774,10:09:21,14.12,193447,137,卖盘
775,10:09:24,14.13,57932,41,买盘
776,10:09:27,14.13,94592,67,买盘
777,10:09:30,14.13,26832,19,买盘
778,10:09:33,14.13,197807,140,买盘
779,10:09:36,14.12,401224,284,卖盘
780,10:09:39,14.12,234447,166,卖盘
781,10:09:42,14.12,427846,303,卖盘
782,10:09:45,14.12,22602,16,卖盘
783,10:09:48,14.12,28240,20,卖盘
784,10:09:51,14.12,204740,145,卖盘
785,10:09:54,14.13,63575,45,买盘
786,10:09:57,14.13,563472,399,买盘
787,10:10:00,14.13,282600,200,买盘
788,10:10:03,14.13,183690,130,卖盘
789,10:10:06,14.13,193583,137,卖盘
790,10:10:09,14.13,152604,108,卖盘
791,10:10:12,14.13,29673,21,卖盘
792,10:10:15,14.13,35325,25,买盘
793,10:10:18,14.13,79121,56,买盘
794,10:10:21,14.13,91813,65,买盘
795,10:10:24,14.13,135560,96,买盘
796,10:10:27,14.12,189213,134,卖盘
797,10:10:30,14.13,32498,23,买盘
798,10:10:33,14.12,213221,151,卖盘
799,10:10:36,14.12,77669,55,卖盘
800,10:10:39,14.12,528108,374,卖盘
801,10:10:42,14.13,52254,37,买盘
802,10:10:45,14.12,207575,147,卖盘
803,10:10:48,14.13,64961,46,买盘
804,10:10:51,14.12,5648,4,卖盘
805,10:10:54,14.12,107354,76,卖盘
806,10:10:57,14.12,72049,51,卖盘
807,10:11:00,14.12,110188,78,卖盘
808,10:11:03,14.13,72021,51,买盘
809,10:11:06,14.12,149681,106,卖盘
810,10:11:09,14.12,63550,45,卖盘
811,10:11:12,14.12,90380,64,卖盘
812,10:11:15,14.12,33896,24,卖盘
813,10:11:18,14.12,609984,432,卖盘
814,10:11:21,14.12,142612,101,卖盘
815,10:11:24,14.12,5648,4,买盘
816,10:11:27,14.12,86132,61,卖盘
817,10:11:30,14.12,53656,38,卖盘
818,10:11:33,14.12,9884,7,卖盘
819,10:11:36,14.12,33888,24,卖盘
820,10:11:39,14.12,5648,4,卖盘
821,10:11:42,14.12,38124,27,卖盘
822,10:11:45,14.12,62128,44,卖盘
823,10:11:48,14.12,272516,193,卖盘
824,10:11:51,14.12,91780,65,卖盘
825,10:11:54,14.12,659607,467,卖盘
826,10:11:57,14.12,252748,179,卖盘
827,10:12:00,14.13,189301,134,买盘
828,10:12:03,14.13,11304,8,卖盘
829,10:12:06,14.13,45216,32,卖盘
830,10:12:09,14.12,81901,58,卖盘
831,10:12:12,14.12,303590,215,卖盘
832,10:12:15,14.12,79082,56,买盘
833,10:12:18,14.12,9884,7,卖盘
834,10:12:21,14.11,163749,116,卖盘
835,10:12:24,14.12,70570,50,买盘
836,10:12:27,14.12,169382,120,买盘
837,10:12:30,14.12,49414,35,买盘
838,10:12:33,14.11,88929,63,卖盘
839,10:12:36,14.13,53624,38,买盘
840,10:12:39,14.11,59262,42,卖盘
841,10:12:42,14.12,32476,23,买盘
842,10:12:45,14.12,32472,23,买盘
843,10:12:48,14.11,87484,62,卖盘
844,10:12:51,14.11,200362,142,卖盘
845,10:12:54,14.11,36708,26,卖盘
846,10:12:57,14.11,71993,51,卖盘
847,10:13:00,14.11,7055,5,卖盘
848,10:13:03,14.11,1704488,1208,卖盘
849,10:13:06,14.12,119939,85,买盘
850,10:13:09,14.11,100181,71,卖盘
851,10:13:12,14.11,434588,308,卖盘
852,10:13:15,14.1,57829,41,卖盘
853,10:13:18,14.1,238300,169,卖盘
854,10:13:21,14.1,109985,78,卖盘
855,10:13:24,14.1,157921,112,卖盘
856,10:13:27,14.1,349683,248,卖盘
857,10:13:30,14.1,1948636,1382,卖盘
858,10:13:33,14.1,49325,35,买盘
859,10:13:36,14.1,225559,160,买盘
860,10:13:39,14.1,465104,330,买盘
861,10:13:42,14.1,287471,204,买盘
862,10:13:45,14.1,661119,469,买盘
863,10:13:48,14.1,662261,470,买盘
864,10:13:51,14.09,39470,28,卖盘
865,10:13:54,14.09,565127,401,卖盘
866,10:13:57,14.09,201487,143,卖盘
867,10:14:00,14.1,417289,296,买盘
868,10:14:03,14.09,142400,101,卖盘
869,10:14:06,14.1,16920,12,中性盘
870,10:14:09,14.11,328539,233,买盘
871,10:14:12,14.11,211466,150,买盘
872,10:14:15,14.1,172020,122,卖盘
873,10:14:18,14.1,35255,25,卖盘
874,10:14:21,14.1,32430,23,卖盘
875,10:14:24,14.12,833812,591,买盘
876,10:14:27,14.1,283663,201,卖盘
877,10:14:33,14.11,297721,211,卖盘
878,10:14:36,14.11,28220,20,卖盘
879,10:14:39,14.11,50797,36,卖盘
880,10:14:42,14.11,95948,68,卖盘
881,10:14:45,14.11,131243,93,买盘
882,10:14:48,14.11,55034,39,中性盘
883,10:14:51,14.11,28220,20,卖盘
884,10:14:54,14.11,52207,37,卖盘
885,10:15:00,14.12,194724,138,买盘
886,10:15:03,14.11,26812,19,卖盘
887,10:15:06,14.12,29635,21,买盘
888,10:15:09,14.11,131224,93,卖盘
889,10:15:12,14.11,4233,3,卖盘
890,10:15:15,14.12,62122,44,买盘
891,10:15:18,14.12,36712,26,买盘
892,10:15:21,14.11,29631,21,卖盘
893,10:15:24,14.12,1468475,1040,买盘
894,10:15:27,14.12,169440,120,卖盘
895,10:15:30,14.11,63535,45,卖盘
896,10:15:33,14.12,442182,313,卖盘
897,10:15:36,14.13,48019,34,买盘
898,10:15:39,14.13,21195,15,买盘
899,10:15:45,14.12,1412,1,卖盘
900,10:15:48,14.13,59309,42,买盘
901,10:15:51,14.12,101706,72,卖盘
902,10:15:54,14.12,55068,39,卖盘
903,10:15:57,14.13,186449,132,买盘
904,10:16:00,14.13,18366,13,买盘
905,10:16:03,14.12,172300,122,卖盘
906,10:16:06,14.13,98883,70,买盘
907,10:16:09,14.12,36732,26,卖盘
908,10:16:12,14.13,28260,20,买盘
909,10:16:15,14.13,22608,16,买盘
910,10:16:18,14.13,127109,90,买盘
911,10:16:21,14.13,238697,169,买盘
912,10:16:24,14.13,170893,121,卖盘
913,10:16:27,14.14,65026,46,买盘
914,10:16:30,14.14,18382,13,买盘
915,10:16:33,14.14,55128,39,买盘
916,10:16:36,14.14,38173,27,买盘
917,10:16:45,14.14,137134,97,买盘
918,10:16:48,14.13,8478,6,卖盘
919,10:16:51,14.13,42390,30,卖盘
920,10:16:54,14.13,15543,11,卖盘
921,10:16:57,14.13,135648,96,卖盘
922,10:17:00,14.12,9884,7,卖盘
923,10:17:03,14.12,64952,46,卖盘
924,10:17:06,14.12,28245,20,卖盘
925,10:17:09,14.12,103086,73,卖盘
926,10:17:12,14.12,166636,118,卖盘
927,10:17:15,14.12,94604,67,卖盘
928,10:17:18,14.11,35281,25,卖盘
929,10:17:21,14.12,42360,30,买盘
930,10:17:24,14.11,55029,39,卖盘
931,10:17:27,14.11,74784,53,卖盘
932,10:17:30,14.11,4233,3,卖盘
933,10:17:33,14.11,49385,35,卖盘
934,10:17:36,14.12,496786,352,买盘
935,10:17:39,14.11,29641,21,卖盘
936,10:17:45,14.11,57855,41,卖盘
937,10:17:48,14.12,170840,121,买盘
938,10:17:51,14.11,52207,37,卖盘
939,10:17:54,14.11,110058,78,卖盘
940,10:17:57,14.11,373960,265,卖盘
941,10:18:00,14.12,8472,6,买盘
942,10:18:03,14.11,145333,103,卖盘
943,10:18:06,14.12,184872,131,买盘
944,10:18:09,14.11,426122,302,卖盘
945,10:18:12,14.12,501260,355,买盘
946,10:18:15,14.12,200484,142,卖盘
947,10:18:18,14.11,8469,6,卖盘
948,10:18:21,14.11,5646,4,卖盘
949,10:18:30,14.12,1412,1,卖盘
950,10:18:33,14.12,97389,69,卖盘
951,10:18:39,14.11,190485,135,卖盘
952,10:18:42,14.11,55029,39,卖盘
953,10:18:45,14.12,53654,38,买盘
954,10:18:48,14.11,12703,9,卖盘
955,10:18:51,14.12,184963,131,买盘
956,10:18:54,14.11,611002,433,卖盘
957,10:18:57,14.11,35295,25,卖盘
958,10:19:00,14.12,7060,5,买盘
959,10:19:03,14.12,31063,22,买盘
960,10:19:06,14.12,43772,31,卖盘
961,10:19:09,14.12,33888,24,卖盘
962,10:19:18,14.13,67789,48,买盘
963,10:19:21,14.13,42390,30,买盘
964,10:19:24,14.12,156832,111,卖盘
965,10:19:27,14.12,97491,69,卖盘
966,10:19:30,14.13,73425,52,买盘
967,10:19:33,14.12,87544,62,卖盘
968,10:19:36,14.13,129996,92,买盘
969,10:19:39,14.13,180864,128,卖盘
970,10:19:42,14.14,52291,37,买盘
971,10:19:45,14.14,14140,10,买盘
972,10:19:48,14.14,29688,21,买盘
973,10:19:51,14.14,80598,57,买盘
974,10:19:57,14.14,24038,17,买盘
975,10:20:00,14.13,28260,20,卖盘
976,10:20:03,14.13,19787,14,卖盘
977,10:20:06,14.14,24029,17,买盘
978,10:20:09,14.14,4242,3,买盘
979,10:20:12,14.14,924126,654,买盘
980,10:20:15,14.14,1414,1,买盘
981,10:20:18,14.14,19789,14,买盘
982,10:20:24,14.13,24021,17,卖盘
983,10:20:27,14.13,29673,21,卖盘
984,10:20:30,14.13,31086,22,卖盘
985,10:20:33,14.14,720981,510,买盘
986,10:20:36,14.14,25452,18,卖盘
987,10:20:39,14.14,99000,70,卖盘
988,10:20:42,14.14,42420,30,卖盘
989,10:20:48,14.14,658924,466,卖盘
990,10:20:57,14.13,16963,12,卖盘
991,10:21:06,14.14,214886,152,买盘
992,10:21:09,14.14,8484,6,中性盘
993,10:21:12,14.14,103201,73,买盘
994,10:21:18,14.14,5656,4,买盘
995,10:21:21,14.14,4242,3,买盘
996,10:21:24,14.14,275730,195,买盘
997,10:21:30,14.13,1413,1,卖盘
998,10:21:33,14.13,76302,54,卖盘
999,10:21:36,14.13,2826,2,卖盘
1000,10:21:39,14.14,40983,29,买盘
1001,10:21:42,14.14,50893,36,买盘
1002,10:21:45,14.13,224809,159,卖盘
1003,10:21:48,14.13,11311,8,卖盘
1004,10:21:51,14.13,22608,16,卖盘
1005,10:21:54,14.13,568026,402,卖盘
1006,10:21:57,14.13,16949,12,买盘
1007,10:22:00,14.13,53694,38,买盘
1008,10:22:03,14.14,193658,137,买盘
1009,10:22:06,14.13,207768,147,卖盘
1010,10:22:09,14.12,358661,254,卖盘
1011,10:22:12,14.13,60760,43,中性盘
1012,10:22:15,14.13,14130,10,卖盘
1013,10:22:18,14.13,2826,2,卖盘
1014,10:22:21,14.13,19782,14,卖盘
1015,10:22:24,14.13,26859,19,卖盘
1016,10:22:27,14.13,269883,191,卖盘
1017,10:22:30,14.13,582156,412,买盘
1018,10:22:33,14.13,33916,24,卖盘
1019,10:22:36,14.13,21195,15,卖盘
1020,10:22:39,14.13,104562,74,卖盘
1021,10:22:42,14.13,163908,116,卖盘
1022,10:22:45,14.13,12716,9,买盘
1023,10:22:48,14.12,67820,48,卖盘
1024,10:22:51,14.13,11302,8,买盘
1025,10:22:54,14.12,7061,5,卖盘
1026,10:22:57,14.12,93192,66,卖盘
1027,10:23:00,14.12,141200,100,卖盘
1028,10:23:03,14.12,139798,99,卖盘
1029,10:23:06,14.12,43772,31,卖盘
1030,10:23:09,14.12,7062,5,卖盘
1031,10:23:12,14.13,7062,5,买盘
1032,10:23:15,14.13,110184,78,买盘
1033,10:23:18,14.13,12717,9,买盘
1034,10:23:21,14.13,42380,30,买盘
1035,10:23:24,14.12,11296,8,卖盘
1036,10:23:27,14.12,176500,125,卖盘
1037,10:23:30,14.13,8478,6,买盘
1038,10:23:33,14.12,11296,8,卖盘
1039,10:23:36,14.12,129904,92,卖盘
1040,10:23:39,14.12,7060,5,卖盘
1041,10:23:42,14.12,238628,169,卖盘
1042,10:23:45,14.13,33897,24,买盘
1043,10:23:48,14.13,1364958,966,买盘
1044,10:23:54,14.13,207711,147,卖盘
1045,10:24:00,14.13,7066,5,卖盘
1046,10:24:03,14.13,49455,35,卖盘
1047,10:24:06,14.14,56550,40,买盘
1048,10:24:09,14.13,19782,14,卖盘
1049,10:24:12,14.13,72083,51,卖盘
1050,10:24:15,14.13,84809,60,卖盘
1051,10:24:18,14.13,19787,14,卖盘
1052,10:24:21,14.13,146956,104,卖盘
1053,10:24:24,14.13,56540,40,卖盘
1054,10:24:27,14.14,81961,58,买盘
1055,10:24:30,14.13,1349415,955,卖盘
1056,10:24:33,14.13,24018,17,买盘
1057,10:24:36,14.12,19772,14,卖盘
1058,10:24:39,14.12,15542,11,卖盘
1059,10:24:45,14.12,59304,42,卖盘
1060,10:24:48,14.12,1412,1,卖盘
1061,10:24:51,14.12,12708,9,卖盘
1062,10:24:54,14.12,15532,11,卖盘
1063,10:24:57,14.12,39539,28,卖盘
1064,10:25:00,14.12,28259,20,卖盘
1065,10:25:03,14.12,12715,9,卖盘
1066,10:25:06,14.12,5648,4,卖盘
1067,10:25:09,14.13,52280,37,买盘
1068,10:25:12,14.12,199092,141,卖盘
1069,10:25:15,14.12,39536,28,卖盘
1070,10:25:18,14.12,29672,21,卖盘
1071,10:25:21,14.12,63542,45,卖盘
1072,10:25:27,14.12,31064,22,卖盘
1073,10:25:30,14.13,48009,34,买盘
1074,10:25:33,14.12,33888,24,卖盘
1075,10:25:36,14.12,8476,6,卖盘
1076,10:25:39,14.12,39536,28,卖盘
1077,10:25:42,14.12,100252,71,卖盘
1078,10:25:45,14.12,659404,467,卖盘
1079,10:25:48,14.13,114422,81,买盘
1080,10:25:51,14.12,115793,82,卖盘
1081,10:25:57,14.12,93192,66,卖盘
1082,10:26:00,14.12,28240,20,买盘
1083,10:26:03,14.12,29652,21,买盘
1084,10:26:06,14.11,87482,62,卖盘
1085,10:26:09,14.12,142512,101,买盘
1086,10:26:12,14.11,28234,20,卖盘
1087,10:26:15,14.11,1411,1,卖盘
1088,10:26:18,14.12,39528,28,买盘
1089,10:26:21,14.11,7055,5,卖盘
1090,10:26:24,14.11,491028,348,卖盘
1091,10:26:27,14.11,45152,32,卖盘
1092,10:26:30,14.11,69152,49,卖盘
1093,10:26:33,14.11,42330,30,卖盘
1094,10:26:36,14.11,47974,34,卖盘
1095,10:26:39,14.11,174969,124,卖盘
1096,10:26:42,14.12,77660,55,买盘
1097,10:26:45,14.12,15531,11,买盘
1098,10:26:48,14.11,59262,42,卖盘
1099,10:26:51,14.12,14120,10,买盘
1100,10:26:54,14.11,87482,62,卖盘
1101,10:26:57,14.11,52227,37,卖盘
1102,10:27:00,14.12,4235,3,买盘
1103,10:27:03,14.12,12708,9,买盘
1104,10:27:09,14.11,18343,13,卖盘
1105,10:27:12,14.12,21180,15,买盘
1106,10:27:15,14.12,160858,114,买盘
1107,10:27:18,14.11,49395,35,卖盘
1108,10:27:21,14.11,424711,301,卖盘
1109,10:27:24,14.11,119920,85,买盘
1110,10:27:27,14.11,197540,140,买盘
1111,10:27:30,14.11,173508,123,买盘
1112,10:27:33,14.11,153799,109,买盘
1113,10:27:36,14.1,23976,17,卖盘
1114,10:27:39,14.11,136962,97,中性盘
1115,10:27:42,14.11,1411,1,卖盘
1116,10:27:45,14.11,79016,56,卖盘
1117,10:27:48,14.11,63495,45,卖盘
1118,10:27:51,14.12,11296,8,买盘
1119,10:27:54,14.12,91717,65,买盘
1120,10:27:57,14.11,822077,583,卖盘
1121,10:28:00,14.11,56440,40,买盘
1122,10:28:03,14.1,1886632,1338,卖盘
1123,10:28:06,14.11,193084,137,中性盘
1124,10:28:09,14.12,19768,14,买盘
1125,10:28:12,14.11,47974,34,卖盘
1126,10:28:15,14.11,1411,1,卖盘
1127,10:28:18,14.12,390964,277,买盘
1128,10:28:21,14.11,64906,46,卖盘
1129,10:28:24,14.11,26809,19,卖盘
1130,10:28:30,14.11,42330,30,卖盘
1131,10:28:33,14.11,231404,164,卖盘
1132,10:28:36,14.11,87449,62,买盘
1133,10:28:42,14.11,1411,1,买盘
1134,10:28:45,14.1,14100,10,卖盘
1135,10:28:48,14.1,64898,46,卖盘
1136,10:28:51,14.11,84660,60,买盘
1137,10:28:54,14.11,32453,23,卖盘
1138,10:29:00,14.11,47974,34,卖盘
1139,10:29:03,14.12,4236,3,买盘
1140,10:29:06,14.11,224349,159,卖盘
1141,10:29:09,14.11,14110,10,卖盘
1142,10:29:12,14.11,11288,8,卖盘
1143,10:29:15,14.11,19766,14,卖盘
1144,10:29:18,14.11,55029,39,卖盘
1145,10:29:21,14.11,70550,50,卖盘
1146,10:29:24,14.11,300697,213,卖盘
1147,10:29:27,14.11,261160,185,卖盘
1148,10:29:33,14.11,14110,10,卖盘
1149,10:29:36,14.11,14115,10,卖盘
1150,10:29:42,14.12,43768,31,买盘
1151,10:29:45,14.11,81841,58,卖盘
1152,10:29:48,14.12,28240,20,买盘
1153,10:29:51,14.12,28240,20,买盘
1154,10:29:54,14.12,203310,144,买盘
1155,10:29:57,14.13,4237,3,买盘
1156,10:30:00,14.12,76248,54,卖盘
1157,10:30:03,14.12,131316,93,买盘
1158,10:30:06,14.12,39536,28,买盘
1159,10:30:09,14.12,889943,630,买盘
1160,10:30:12,14.13,249949,177,买盘
1161,10:30:15,14.13,7065,5,买盘
1162,10:30:18,14.13,15543,11,买盘
1163,10:30:21,14.13,220430,156,买盘
1164,10:30:24,14.12,73466,52,卖盘
1165,10:30:27,14.14,156822,111,买盘
1166,10:30:30,14.13,22622,16,中性盘
1167,10:30:33,14.12,14120,10,卖盘
1168,10:30:36,14.14,19786,14,买盘
1169,10:30:39,14.13,72113,51,卖盘
1170,10:30:42,14.14,15554,11,买盘
1171,10:30:45,14.14,277144,196,买盘
1172,10:30:51,14.14,36764,26,买盘
1173,10:30:54,14.14,221998,157,买盘
1174,10:30:57,14.14,11312,8,卖盘
1175,10:31:00,14.15,2830,2,买盘
1176,10:31:03,14.14,42420,30,卖盘
1177,10:31:06,14.15,90560,64,买盘
1178,10:31:09,14.14,72114,51,卖盘
1179,10:31:12,14.14,1414,1,卖盘
1180,10:31:15,14.14,7070,5,卖盘
1181,10:31:18,14.14,7070,5,卖盘
1182,10:31:30,14.14,1414,1,卖盘
1183,10:31:33,14.14,56580,40,卖盘
1184,10:31:36,14.14,1414,1,卖盘
1185,10:31:39,14.15,73531,52,买盘
1186,10:31:42,14.14,89082,63,卖盘
1187,10:31:45,14.15,158480,112,买盘
1188,10:31:48,14.15,121614,86,买盘
1189,10:31:51,14.15,1415,1,买盘
1190,10:31:54,14.15,1415,1,买盘
1191,10:31:57,14.14,86310,61,卖盘
1192,10:32:00,14.14,9898,7,卖盘
1193,10:32:09,14.14,16968,12,卖盘
1194,10:32:12,14.14,14140,10,卖盘
1195,10:32:15,14.14,157004,111,卖盘
1196,10:32:18,14.14,72134,51,卖盘
1197,10:32:21,14.14,94740,67,卖盘
1198,10:32:24,14.14,121604,86,卖盘
1199,10:32:27,14.14,57974,41,买盘
1200,10:32:30,14.13,36763,26,卖盘
1201,10:32:33,14.14,100331,71,买盘
1202,10:32:36,14.13,286929,203,卖盘
1203,10:32:39,14.13,14130,10,卖盘
1204,10:32:42,14.14,14140,10,买盘
1205,10:32:45,14.13,84780,60,卖盘
1206,10:32:48,14.13,162495,115,卖盘
1207,10:32:51,14.13,183690,130,卖盘
1208,10:32:54,14.13,149724,106,卖盘
1209,10:32:57,14.13,48045,34,卖盘
1210,10:33:00,14.14,36752,26,买盘
1211,10:33:03,14.15,1687557,1193,买盘
1212,10:33:06,14.13,436814,309,卖盘
1213,10:33:12,14.14,53732,38,卖盘
1214,10:33:15,14.13,182404,129,卖盘
1215,10:33:18,14.14,12721,9,买盘
1216,10:33:21,14.15,18393,13,买盘
1217,10:33:24,14.15,14150,10,买盘
1218,10:33:27,14.15,202132,143,买盘
1219,10:33:30,14.15,16980,12,买盘
1220,10:33:33,14.14,16977,12,卖盘
1221,10:33:36,14.15,32537,23,买盘
1222,10:33:39,14.15,26868,19,买盘
1223,10:33:42,14.15,67920,48,买盘
1224,10:33:45,14.14,149911,106,卖盘
1225,10:33:48,14.14,17119,12,卖盘
1226,10:33:51,14.15,125935,89,买盘
1227,10:33:54,14.15,26885,19,买盘
1228,10:33:57,14.15,83486,59,卖盘
1229,10:34:00,14.15,16980,12,卖盘
1230,10:34:03,14.16,5664,4,买盘
1231,10:34:09,14.16,18398,13,买盘
1232,10:34:12,14.15,18395,13,卖盘
1233,10:34:15,14.15,33982,24,卖盘
1234,10:34:18,14.15,120285,85,卖盘
1235,10:34:21,14.15,234890,166,买盘
1236,10:34:24,14.16,192333,136,买盘
1237,10:34:27,14.15,48120,34,卖盘
1238,10:34:30,14.15,2830,2,卖盘
1239,10:34:33,14.15,11320,8,卖盘
1240,10:34:36,14.14,41006,29,卖盘
1241,10:34:39,14.14,145662,103,卖盘
1242,10:34:42,14.15,87730,62,买盘
1243,10:34:45,14.15,5660,4,卖盘
1244,10:34:48,14.15,14150,10,卖盘
1245,10:34:57,14.15,28300,20,卖盘
1246,10:35:00,14.16,16992,12,买盘
1247,10:35:09,14.15,765541,541,卖盘
1248,10:35:12,14.15,12735,9,买盘
1249,10:35:15,14.15,53770,38,买盘
1250,10:35:18,14.15,336770,238,买盘
1251,10:35:21,14.16,148645,105,买盘
1252,10:35:24,14.15,43865,31,买盘
1253,10:35:27,14.15,52355,37,卖盘
1254,10:35:30,14.15,599960,424,卖盘
1255,10:35:33,14.15,67920,48,买盘
1256,10:35:36,14.15,91970,65,买盘
1257,10:35:39,14.15,43864,31,买盘
1258,10:35:45,14.15,5660,4,卖盘
1259,10:35:48,14.16,385088,272,买盘
1260,10:35:51,14.16,99120,70,买盘
1261,10:35:54,14.16,193992,137,买盘
1262,10:35:57,14.16,29734,21,买盘
1263,10:36:00,14.15,2831,2,卖盘
1264,10:36:03,14.15,56600,40,卖盘
1265,10:36:06,14.16,14160,10,买盘
1266,10:36:12,14.15,39623,28,卖盘
1267,10:36:18,14.16,9912,7,买盘
1268,10:36:24,14.15,16980,12,卖盘
1269,10:36:30,14.15,2830,2,卖盘
1270,10:36:33,14.15,271680,192,卖盘
1271,10:36:36,14.15,8490,6,卖盘
1272,10:36:42,14.15,16980,12,卖盘
1273,10:36:45,14.15,53780,38,卖盘
1274,10:36:48,14.16,232205,164,买盘
1275,10:36:51,14.16,14160,10,买盘
1276,10:36:57,14.15,175460,124,卖盘
1277,10:37:00,14.15,60875,43,卖盘
1278,10:37:03,14.15,60845,43,买盘
1279,10:37:06,14.15,5660,4,买盘
1280,10:37:09,14.14,12726,9,卖盘
1281,10:37:12,14.15,7075,5,买盘
1282,10:37:15,14.14,15559,11,卖盘
1283,10:37:18,14.14,8484,6,卖盘
1284,10:37:21,14.14,43856,31,卖盘
1285,10:37:24,14.15,9905,7,买盘
1286,10:37:27,14.14,53758,38,卖盘
1287,10:37:30,14.14,11312,8,卖盘
1288,10:37:33,14.15,18394,13,买盘
1289,10:37:36,14.14,28280,20,卖盘
1290,10:37:39,14.15,48110,34,买盘
1291,10:37:42,14.14,82023,58,卖盘
1292,10:37:45,14.15,87698,62,买盘
1293,10:37:48,14.15,244795,173,买盘
1294,10:37:54,14.15,24055,17,卖盘
1295,10:37:57,14.15,67952,48,买盘
1296,10:38:00,14.15,79240,56,买盘
1297,10:38:03,14.15,15565,11,买盘
1298,10:38:06,14.15,52335,37,买盘
1299,10:38:12,14.15,1415,1,卖盘
1300,10:38:15,14.15,43865,31,卖盘
1301,10:38:18,14.15,55185,39,买盘
1302,10:38:21,14.15,15565,11,买盘
1303,10:38:27,14.15,4245,3,买盘
1304,10:38:30,14.15,4641,3,买盘
1305,10:38:33,14.15,42450,30,卖盘
1306,10:38:36,14.15,59430,42,卖盘
1307,10:38:39,14.15,29715,21,卖盘
1308,10:38:42,14.15,19810,14,卖盘
1309,10:38:45,14.15,8490,6,卖盘
1310,10:38:48,14.16,8491,6,买盘
1311,10:38:51,14.15,7075,5,卖盘
1312,10:38:54,14.16,1416,1,买盘
1313,10:38:57,14.15,24055,17,卖盘
1314,10:39:00,14.16,147260,104,买盘
1315,10:39:03,14.16,25488,18,买盘
1316,10:39:06,14.16,114696,81,买盘
1317,10:39:09,14.16,1416,1,买盘
1318,10:39:12,14.16,28320,20,买盘
1319,10:39:15,14.16,50956,36,买盘
1320,10:39:18,14.16,11328,8,买盘
1321,10:39:24,14.15,42450,30,卖盘
1322,10:39:27,14.15,21233,15,卖盘
1323,10:39:30,14.16,152898,108,买盘
1324,10:39:36,14.16,14160,10,买盘
1325,10:39:39,14.15,158480,112,卖盘
1326,10:39:42,14.15,147175,104,卖盘
1327,10:39:45,14.16,72166,51,买盘
1328,10:39:48,14.16,216507,153,买盘
1329,10:39:51,14.15,28300,20,卖盘
1330,10:39:54,14.14,716999,507,卖盘
1331,10:40:00,14.14,26868,19,卖盘
1332,10:40:03,14.14,36781,26,卖盘
1333,10:40:06,14.14,25457,18,卖盘
1334,10:40:09,14.14,49490,35,卖盘
1335,10:40:12,14.14,164024,116,卖盘
1336,10:40:15,14.14,55146,39,卖盘
1337,10:40:18,14.14,125846,89,卖盘
1338,10:40:21,14.14,11312,8,卖盘
1339,10:40:24,14.14,62216,44,卖盘
1340,10:40:27,14.14,70700,50,卖盘
1341,10:40:30,14.14,46662,33,卖盘
1342,10:40:33,14.14,2828,2,买盘
1343,10:40:36,14.14,308052,218,买盘
1344,10:40:45,14.13,22609,16,卖盘
1345,10:40:48,14.13,28260,20,卖盘
1346,10:40:51,14.13,7065,5,卖盘
1347,10:40:54,14.13,19782,14,卖盘
1348,10:40:57,14.13,45241,32,卖盘
1349,10:41:00,14.13,5652,4,卖盘
1350,10:41:06,14.14,258762,183,买盘
1351,10:41:15,14.14,16968,12,卖盘
1352,10:41:18,14.14,16968,12,卖盘
1353,10:41:24,14.14,141400,100,卖盘
1354,10:41:27,14.14,1414,1,买盘
1355,10:41:30,14.13,14130,10,卖盘
1356,10:41:33,14.13,31106,22,卖盘
1357,10:41:36,14.14,18380,13,买盘
1358,10:41:39,14.13,28260,20,卖盘
1359,10:41:42,14.13,1413,1,卖盘
1360,10:41:45,14.13,12717,9,卖盘
1361,10:41:51,14.14,52301,37,买盘
1362,10:41:54,14.13,70650,50,卖盘
1363,10:42:03,14.13,322329,228,卖盘
1364,10:42:06,14.13,129996,92,卖盘
1365,10:42:09,14.13,190755,135,卖盘
1366,10:42:18,14.13,12709,9,买盘
1367,10:42:24,14.12,334890,237,卖盘
1368,10:42:30,14.12,22592,16,卖盘
1369,10:42:33,14.13,97464,69,买盘
1370,10:42:39,14.12,1412,1,卖盘
1371,10:42:54,14.12,1412,1,卖盘
1372,10:42:57,14.12,80485,57,卖盘
1373,10:43:00,14.12,155320,110,卖盘
1374,10:43:06,14.12,60716,43,卖盘
1375,10:43:12,14.13,2826,2,买盘
1376,10:43:15,14.12,7060,5,卖盘
1377,10:43:18,14.12,674937,478,卖盘
1378,10:43:21,14.12,142612,101,卖盘
1379,10:43:24,14.12,184972,131,买盘
1380,10:43:27,14.12,225771,160,买盘
1381,10:43:30,14.12,93192,66,买盘
1382,10:43:33,14.12,76254,54,买盘
1383,10:43:36,14.12,36718,26,卖盘
1384,10:43:42,14.12,4236,3,卖盘
1385,10:43:48,14.13,42370,30,买盘
1386,10:43:51,14.12,8472,6,卖盘
1387,10:43:54,14.13,46620,33,买盘
1388,10:43:57,14.12,2824,2,卖盘
1389,10:44:00,14.13,1413,1,买盘
1390,10:44:06,14.14,340461,241,买盘
1391,10:44:09,14.13,39564,28,卖盘
1392,10:44:12,14.13,40977,29,卖盘
1393,10:44:15,14.13,5652,4,买盘
1394,10:44:18,14.13,306421,217,买盘
1395,10:44:21,14.13,16956,12,买盘
1396,10:44:24,14.13,14130,10,卖盘
1397,10:44:27,14.13,21195,15,卖盘
1398,10:44:30,14.13,134322,95,卖盘
1399,10:44:33,14.14,121604,86,买盘
1400,10:44:36,14.14,32522,23,卖盘
1401,10:44:39,14.15,97596,69,买盘
1402,10:44:42,14.15,69287,49,买盘
1403,10:44:45,14.15,60845,43,买盘
1404,10:44:48,14.14,4243,3,卖盘
1405,10:44:51,14.15,11318,8,买盘
1406,10:44:54,14.15,82040,58,买盘
1407,10:45:00,14.14,99003,70,卖盘
1408,10:45:09,14.15,19810,14,买盘
1409,10:45:12,14.15,24042,17,卖盘
1410,10:45:15,14.15,1415,1,卖盘
1411,10:45:18,14.15,39620,28,卖盘
1412,10:45:21,14.15,1415,1,卖盘
1413,10:45:24,14.15,35375,25,卖盘
1414,10:45:27,14.15,5660,4,买盘
1415,10:45:30,14.15,125869,89,买盘
1416,10:45:33,14.15,4245,3,买盘
1417,10:45:39,14.14,11318,8,卖盘
1418,10:45:45,14.15,90546,64,买盘
1419,10:45:48,14.14,106111,75,卖盘
1420,10:45:51,14.15,4245,3,买盘
1421,10:45:54,14.15,66468,47,买盘
1422,10:46:00,14.14,11312,8,卖盘
1423,10:46:03,14.14,115990,82,卖盘
1424,10:46:09,14.15,21211,15,买盘
1425,10:46:21,14.13,77766,55,卖盘
1426,10:46:24,14.15,5660,4,买盘
1427,10:46:27,14.15,282976,200,买盘
1428,10:46:30,14.15,1415,1,买盘
1429,10:46:33,14.14,26876,19,卖盘
1430,10:46:36,14.14,16979,12,卖盘
1431,10:46:39,14.13,16956,12,卖盘
1432,10:46:45,14.13,108801,77,卖盘
1433,10:46:48,14.13,29673,21,卖盘
1434,10:46:51,14.13,24023,17,卖盘
1435,10:46:54,14.13,19782,14,卖盘
1436,10:46:57,14.14,26866,19,买盘
1437,10:47:09,14.13,45216,32,卖盘
1438,10:47:12,14.13,110214,78,卖盘
1439,10:47:24,14.13,214776,152,卖盘
1440,10:47:27,14.13,42390,30,卖盘
1441,10:47:30,14.13,24021,17,卖盘
1442,10:47:33,14.13,11304,8,买盘
1443,10:47:39,14.12,55068,39,卖盘
1444,10:47:42,14.13,69198,49,买盘
1445,10:47:51,14.13,180855,128,买盘
1446,10:47:54,14.13,38151,27,买盘
1447,10:47:57,14.13,12717,9,买盘
1448,10:48:00,14.12,14120,10,卖盘
1449,10:48:03,14.12,2824,2,卖盘
1450,10:48:06,14.12,76248,54,卖盘
1451,10:48:09,14.12,43773,31,卖盘
1452,10:48:12,14.13,52249,37,买盘
1453,10:48:18,14.12,5648,4,卖盘
1454,10:48:21,14.13,110137,78,买盘
1455,10:48:24,14.12,26828,19,卖盘
1456,10:48:27,14.12,31074,22,卖盘
1457,10:48:30,14.13,16954,12,买盘
1458,10:48:33,14.13,36719,26,买盘
1459,10:48:36,14.12,1412,1,卖盘
1460,10:48:39,14.12,28240,20,卖盘
1461,10:48:42,14.12,24004,17,卖盘
1462,10:48:45,14.12,9889,7,卖盘
1463,10:48:48,14.12,11297,8,卖盘
1464,10:48:51,14.12,228744,162,卖盘
1465,10:48:54,14.12,121489,86,卖盘
1466,10:48:57,14.12,1412,1,卖盘
1467,10:49:03,14.12,317700,225,卖盘
1468,10:49:06,14.13,72061,51,买盘
1469,10:49:12,14.12,15532,11,卖盘
1470,10:49:18,14.12,4236,3,卖盘
1471,10:49:21,14.12,83308,59,卖盘
1472,10:49:24,14.12,55068,39,卖盘
1473,10:49:30,14.12,48008,34,卖盘
1474,10:49:33,14.12,49450,35,卖盘
1475,10:49:36,14.13,74855,53,买盘
1476,10:49:39,14.12,32476,23,卖盘
1477,10:49:42,14.12,1412,1,卖盘
1478,10:49:45,14.11,285139,202,卖盘
1479,10:49:48,14.12,12712,9,中性盘
1480,10:49:51,14.12,2824,2,卖盘
1481,10:49:54,14.12,14120,10,卖盘
1482,10:49:57,14.12,4236,3,卖盘
1483,10:50:03,14.12,12708,9,卖盘
1484,10:50:06,14.12,43772,31,卖盘
1485,10:50:09,14.12,42360,30,买盘
1486,10:50:12,14.13,31065,22,买盘
1487,10:50:21,14.12,5649,4,卖盘
1488,10:50:24,14.12,170852,121,卖盘
1489,10:50:27,14.13,89007,63,买盘
1490,10:50:30,14.12,2824,2,卖盘
1491,10:50:33,14.12,112960,80,卖盘
1492,10:50:36,14.12,8472,6,卖盘
1493,10:50:39,14.13,22602,16,买盘
1494,10:50:42,14.12,350176,248,卖盘
1495,10:50:45,14.12,40948,29,买盘
1496,10:50:48,14.12,31061,22,买盘
1497,10:50:51,14.12,35300,25,买盘
1498,10:50:54,14.12,16944,12,买盘
1499,10:50:57,14.11,28222,20,卖盘
1500,10:51:00,14.12,21170,15,买盘
1501,10:51:06,14.12,141200,100,买盘
1502,10:51:12,14.11,29641,21,卖盘
1503,10:51:15,14.12,144024,102,买盘
1504,10:51:18,14.12,9884,7,卖盘
1505,10:51:21,14.12,2824,2,卖盘
1506,10:51:24,14.12,5648,4,卖盘
1507,10:51:27,14.13,2826,2,买盘
1508,10:51:36,14.13,2826,2,买盘
1509,10:51:39,14.13,59305,42,买盘
1510,10:51:42,14.12,32476,23,卖盘
1511,10:51:48,14.13,14130,10,买盘
1512,10:51:51,14.11,21178,15,卖盘
1513,10:51:54,14.13,7065,5,买盘
1514,10:52:03,14.11,255398,181,卖盘
1515,10:52:06,14.13,24010,17,买盘
1516,10:52:09,14.13,2826,2,买盘
1517,10:52:12,14.12,28240,20,卖盘
1518,10:52:15,14.12,90365,64,买盘
1519,10:52:24,14.12,60716,43,卖盘
1520,10:52:27,14.12,1412,1,买盘
1521,10:52:30,14.12,16944,12,买盘
1522,10:52:36,14.12,77660,55,中性盘
1523,10:52:39,14.11,16932,12,卖盘
1524,10:52:45,14.11,1411,1,卖盘
1525,10:52:48,14.11,362652,257,卖盘
1526,10:52:51,14.11,28220,20,卖盘
1527,10:52:54,14.11,5644,4,卖盘
1528,10:53:00,14.11,245514,174,卖盘
1529,10:53:03,14.11,8466,6,卖盘
1530,10:53:06,14.12,53623,38,买盘
1531,10:53:09,14.12,21179,15,买盘
1532,10:53:15,14.12,4236,3,买盘
1533,10:53:21,14.11,15521,11,卖盘
1534,10:53:24,14.12,7060,5,买盘
1535,10:53:27,14.11,28220,20,卖盘
1536,10:53:30,14.11,368291,261,卖盘
1537,10:53:36,14.12,94543,67,买盘
1538,10:53:39,14.1,745056,528,卖盘
1539,10:53:42,14.11,18343,13,买盘
1540,10:53:45,14.1,15519,11,卖盘
1541,10:53:48,14.1,4230,3,卖盘
1542,10:53:51,14.1,16920,12,卖盘
1543,10:53:54,14.11,16932,12,买盘
1544,10:54:00,14.1,28200,20,卖盘
1545,10:54:03,14.1,11280,8,卖盘
1546,10:54:06,14.11,117050,83,买盘
1547,10:54:09,14.11,14110,10,买盘
1548,10:54:18,14.1,74780,53,卖盘
1549,10:54:21,14.11,1411,1,买盘
1550,10:54:24,14.1,22560,16,卖盘
1551,10:54:33,14.1,208680,148,卖盘
1552,10:54:36,14.11,395066,280,买盘
1553,10:54:39,14.1,248304,176,卖盘
1554,10:54:42,14.1,1410,1,卖盘
1555,10:54:45,14.1,874200,620,卖盘
1556,10:54:48,14.11,15520,11,买盘
1557,10:54:51,14.11,341225,242,买盘
1558,10:54:54,14.1,22560,16,卖盘
1559,10:54:57,14.11,16932,12,买盘
1560,10:55:00,14.1,14100,10,卖盘
1561,10:55:03,14.1,8460,6,卖盘
1562,10:55:12,14.11,1411,1,买盘
1563,10:55:15,14.1,282000,200,卖盘
1564,10:55:18,14.11,49355,35,买盘
1565,10:55:21,14.1,201630,143,卖盘
1566,10:55:24,14.09,2268565,1610,卖盘
1567,10:55:27,14.09,28180,20,卖盘
1568,10:55:30,14.09,54951,39,卖盘
1569,10:55:33,14.09,23953,17,买盘
1570,10:55:36,14.09,4227,3,卖盘
1571,10:55:39,14.08,233802,166,卖盘
1572,10:55:42,14.08,177431,126,卖盘
1573,10:55:45,14.09,11272,8,买盘
1574,10:55:48,14.08,122496,87,卖盘
1575,10:55:51,14.09,305586,217,买盘
1576,10:55:54,14.08,439306,312,卖盘
1577,10:55:57,14.09,191516,136,买盘
1578,10:56:00,14.08,30976,22,卖盘
1579,10:56:03,14.08,63383,45,卖盘
1580,10:56:06,14.08,159104,113,卖盘
1581,10:56:09,14.09,26762,19,买盘
1582,10:56:12,14.08,163328,116,卖盘
1583,10:56:15,14.08,705408,501,卖盘
1584,10:56:18,14.08,163328,116,卖盘
1585,10:56:21,14.09,36618,26,买盘
1586,10:56:24,14.08,25344,18,卖盘
1587,10:56:27,14.08,8448,6,卖盘
1588,10:56:30,14.08,214020,152,卖盘
1589,10:56:33,14.08,84480,60,卖盘
1590,10:56:36,14.08,223872,159,买盘
1591,10:56:39,14.08,56320,40,卖盘
1592,10:56:42,14.08,91520,65,卖盘
1593,10:56:45,14.08,101376,72,卖盘
1594,10:56:48,14.08,336305,239,买盘
1595,10:56:51,14.08,78848,56,买盘
1596,10:56:54,14.07,306784,218,卖盘
1597,10:56:57,14.08,83036,59,买盘
1598,10:57:03,14.07,258954,184,卖盘
1599,10:57:06,14.07,47838,34,卖盘
1600,10:57:09,14.07,4221,3,卖盘
1601,10:57:12,14.07,2814,2,卖盘
1602,10:57:15,14.07,73164,52,卖盘
1603,10:57:18,14.07,8442,6,卖盘
1604,10:57:21,14.08,78807,56,买盘
1605,10:57:24,14.08,7038,5,买盘
1606,10:57:27,14.08,1408,1,买盘
1607,10:57:30,14.08,274465,195,买盘
1608,10:57:33,14.08,268739,191,买盘
1609,10:57:36,14.07,5628,4,卖盘
1610,10:57:39,14.08,49271,35,买盘
1611,10:57:42,14.07,26734,19,卖盘
1612,10:57:45,14.08,237798,169,买盘
1613,10:57:48,14.07,769639,547,卖盘
1614,10:57:51,14.07,16884,12,卖盘
1615,10:57:54,14.07,160398,114,卖盘
1616,10:57:57,14.07,81606,58,卖盘
1617,10:58:00,14.07,615909,438,买盘
1618,10:58:03,14.06,25313,18,卖盘
1619,10:58:06,14.07,5625,4,买盘
1620,10:58:09,14.06,32338,23,卖盘
1621,10:58:12,14.06,77331,55,卖盘
1622,10:58:15,14.07,106866,76,买盘
1623,10:58:18,14.06,448619,319,卖盘
1624,10:58:21,14.06,35151,25,卖盘
1625,10:58:24,14.06,919544,654,卖盘
1626,10:58:27,14.06,26714,19,买盘
1627,10:58:30,14.06,252903,180,买盘
1628,10:58:33,14.05,77275,55,卖盘
1629,10:58:36,14.06,264254,188,买盘
1630,10:58:39,14.05,281010,200,卖盘
1631,10:58:42,14.05,321753,229,卖盘
1632,10:58:45,14.05,404640,288,卖盘
1633,10:58:48,14.05,234635,167,卖盘
1634,10:58:51,14.05,580275,413,卖盘
1635,10:58:54,14.05,380758,271,卖盘
1636,10:58:57,14.05,413075,294,卖盘
1637,10:59:00,14.05,26695,19,卖盘
1638,10:59:03,14.04,160158,114,卖盘
1639,10:59:06,14.05,26686,19,买盘
1640,10:59:09,14.05,571446,407,买盘
1641,10:59:12,14.05,25277,18,买盘
1642,10:59:15,14.04,363641,259,卖盘
1643,10:59:18,14.05,477490,340,买盘
1644,10:59:21,14.04,529544,377,卖盘
1645,10:59:24,14.05,289245,206,买盘
1646,10:59:27,14.05,183969,131,买盘
1647,10:59:30,14.04,581484,414,卖盘
1648,10:59:33,14.05,151712,108,买盘
1649,10:59:36,14.04,98285,70,卖盘
1650,10:59:39,14.04,94068,67,卖盘
1651,10:59:42,14.04,925594,659,卖盘
1652,10:59:45,14.05,60393,43,中性盘
1653,10:59:48,14.04,7022,5,卖盘
1654,10:59:51,14.05,29500,21,买盘
1655,10:59:54,14.05,30910,22,卖盘
1656,10:59:57,14.05,14050,10,卖盘
1657,11:00:00,14.05,33720,24,卖盘
1658,11:00:03,14.05,171525,122,卖盘
1659,11:00:06,14.05,144743,103,卖盘
1660,11:00:09,14.06,795769,566,买盘
1661,11:00:12,14.06,71706,51,买盘
1662,11:00:15,14.06,18287,13,卖盘
1663,11:00:18,14.07,12663,9,买盘
1664,11:00:21,14.07,29547,21,买盘
1665,11:00:24,14.07,143514,102,买盘
1666,11:00:27,14.08,1408,1,买盘
1667,11:00:30,14.07,113975,81,卖盘
1668,11:00:33,14.08,63360,45,买盘
1669,11:00:36,14.08,95744,68,买盘
1670,11:00:39,14.08,74624,53,卖盘
1671,11:00:42,14.07,412290,293,卖盘
1672,11:00:45,14.08,59099,42,买盘
1673,11:00:48,14.08,136533,97,买盘
1674,11:00:51,14.08,239101,170,买盘
1675,11:00:54,14.08,18301,13,买盘
1676,11:01:03,14.07,77385,55,卖盘
1677,11:01:06,14.07,12668,9,卖盘
1678,11:01:09,14.07,85827,61,卖盘
1679,11:01:12,14.07,28150,20,卖盘
1680,11:01:15,14.07,19700,14,卖盘
1681,11:01:18,14.07,4221,3,卖盘
1682,11:01:21,14.07,67531,48,卖盘
1683,11:01:24,14.07,46431,33,买盘
1684,11:01:27,14.07,40803,29,卖盘
1685,11:01:30,14.07,92862,66,卖盘
1686,11:01:33,14.07,87234,62,卖盘
1687,11:01:36,14.07,12663,9,卖盘
1688,11:01:39,14.07,2814,2,卖盘
1689,11:01:45,14.07,39396,28,卖盘
1690,11:01:48,14.07,71757,51,卖盘
1691,11:01:54,14.07,5631,4,卖盘
1692,11:01:57,14.07,12663,9,卖盘
1693,11:02:00,14.07,25326,18,卖盘
1694,11:02:03,14.07,18291,13,卖盘
1695,11:02:06,14.07,73164,52,卖盘
1696,11:02:09,14.07,22512,16,卖盘
1697,11:02:12,14.06,853873,607,卖盘
1698,11:02:15,14.07,15477,11,中性盘
1699,11:02:18,14.07,5628,4,卖盘
1700,11:02:21,14.07,42210,30,卖盘
1701,11:02:24,14.07,189945,135,卖盘
1702,11:02:30,14.08,26743,19,买盘
1703,11:02:33,14.07,104125,74,卖盘
1704,11:02:39,14.08,1408,1,买盘
1705,11:02:42,14.08,133674,95,买盘
1706,11:02:45,14.08,21120,15,买盘
1707,11:02:48,14.08,115397,82,买盘
1708,11:02:51,14.08,26752,19,买盘
1709,11:02:54,14.08,36595,26,买盘
1710,11:02:57,14.08,1408,1,买盘
1711,11:03:00,14.07,36586,26,卖盘
1712,11:03:03,14.07,66129,47,卖盘
1713,11:03:06,14.07,56280,40,卖盘
1714,11:03:09,14.07,357378,254,卖盘
1715,11:03:12,14.08,16896,12,买盘
1716,11:03:18,14.07,67536,48,卖盘
1717,11:03:21,14.07,174468,124,卖盘
1718,11:03:24,14.07,125223,89,买盘
1719,11:03:27,14.07,42210,30,买盘
1720,11:03:33,14.07,74524,53,买盘
1721,11:03:36,14.07,35175,25,买盘
1722,11:03:39,14.07,53454,38,买盘
1723,11:03:42,14.06,2812,2,卖盘
1724,11:03:45,14.06,1406,1,卖盘
1725,11:03:51,14.06,19684,14,卖盘
1726,11:03:57,14.06,288250,205,卖盘
1727,11:04:00,14.06,14060,10,卖盘
1728,11:04:03,14.07,18290,13,买盘
1729,11:04:06,14.07,15475,11,买盘
1730,11:04:09,14.07,115371,82,买盘
1731,11:04:12,14.07,45019,32,买盘
1732,11:04:15,14.07,7035,5,买盘
1733,11:04:18,14.07,16884,12,买盘
1734,11:04:21,14.07,7035,5,买盘
1735,11:04:27,14.06,40785,29,卖盘
1736,11:04:33,14.06,14060,10,卖盘
1737,11:04:39,14.07,12663,9,买盘
1738,11:04:42,14.06,1406,1,卖盘
1739,11:04:45,14.07,12663,9,买盘
1740,11:04:48,14.07,12663,9,买盘
1741,11:04:51,14.07,28140,20,买盘
1742,11:04:54,14.06,40779,29,卖盘
1743,11:04:57,14.06,59082,42,卖盘
1744,11:05:00,14.06,108269,77,卖盘
1745,11:05:03,14.06,134992,96,卖盘
1746,11:05:06,14.07,11255,8,买盘
1747,11:05:09,14.06,32341,23,卖盘
1748,11:05:15,14.06,14060,10,卖盘
1749,11:05:18,14.06,28120,20,卖盘
1750,11:05:21,14.06,43587,31,卖盘
1751,11:05:24,14.06,75924,54,卖盘
1752,11:05:27,14.06,7030,5,卖盘
1753,11:05:33,14.07,56280,40,买盘
1754,11:05:36,14.06,1406,1,卖盘
1755,11:05:39,14.06,28120,20,卖盘
1756,11:05:42,14.07,26728,19,买盘
1757,11:05:45,14.07,14070,10,买盘
1758,11:05:48,14.06,19685,14,卖盘
1759,11:05:54,14.06,26714,19,卖盘
1760,11:05:57,14.06,137788,98,卖盘
1761,11:06:00,14.06,161740,115,卖盘
1762,11:06:03,14.07,30954,22,买盘
1763,11:06:06,14.07,11253,8,买盘
1764,11:06:09,14.06,36556,26,卖盘
1765,11:06:12,14.06,14060,10,卖盘
1766,11:06:15,14.06,2812,2,卖盘
1767,11:06:18,14.07,108339,77,买盘
1768,11:06:21,14.07,12663,9,买盘
1769,11:06:24,14.07,563809,401,买盘
1770,11:06:27,14.07,14070,10,买盘
1771,11:06:30,14.06,4220,3,卖盘
1772,11:06:33,14.07,2814,2,买盘
1773,11:06:39,14.07,150549,107,买盘
1774,11:06:42,14.06,57646,41,卖盘
1775,11:06:45,14.06,56240,40,卖盘
1776,11:06:48,14.06,33752,24,卖盘
1777,11:06:51,14.07,135072,96,买盘
1778,11:06:54,14.06,33744,24,卖盘
1779,11:07:03,14.06,326231,232,卖盘
1780,11:07:06,14.06,19684,14,卖盘
1781,11:07:09,14.06,29535,21,卖盘
1782,11:07:12,14.07,39379,28,买盘
1783,11:07:15,14.06,9842,7,卖盘
1784,11:07:18,14.06,275576,196,卖盘
1785,11:07:24,14.06,39365,28,买盘
1786,11:07:27,14.06,2812,2,买盘
1787,11:07:30,14.05,42161,30,卖盘
1788,11:07:33,14.05,71655,51,卖盘
1789,11:07:36,14.05,89963,64,卖盘
1790,11:07:39,14.06,26714,19,买盘
1791,11:07:42,14.05,74465,53,卖盘
1792,11:07:45,14.06,18276,13,买盘
1793,11:07:48,14.05,67440,48,卖盘
1794,11:07:54,14.05,247287,176,卖盘
1795,11:07:57,14.05,148930,106,卖盘
1796,11:08:00,14.05,99762,71,卖盘
1797,11:08:03,14.05,2810,2,卖盘
1798,11:08:09,14.06,23892,17,买盘
1799,11:08:12,14.05,234635,167,卖盘
1800,11:08:15,14.05,122237,87,卖盘
1801,11:08:18,14.06,327454,233,买盘
1802,11:08:21,14.05,812962,579,卖盘
1803,11:08:24,14.05,46365,33,买盘
1804,11:08:27,14.05,1405,1,卖盘
1805,11:08:30,14.05,42150,30,卖盘
1806,11:08:33,14.05,68845,49,卖盘
1807,11:08:36,14.06,26700,19,买盘
1808,11:08:39,14.05,144715,103,卖盘
1809,11:08:42,14.05,66050,47,卖盘
1810,11:08:45,14.05,273975,195,卖盘
1811,11:08:48,14.05,302059,215,卖盘
1812,11:08:51,14.05,26695,19,卖盘
1813,11:08:57,14.05,11242,8,卖盘
1814,11:09:00,14.06,36535,26,买盘
1815,11:09:03,14.06,147586,105,买盘
1816,11:09:06,14.05,134890,96,卖盘
1817,11:09:09,14.05,297860,212,卖盘
1818,11:09:12,14.06,248808,177,买盘
1819,11:09:15,14.05,118092,84,卖盘
1820,11:09:18,14.06,22496,16,买盘
1821,11:09:21,14.05,207960,148,卖盘
1822,11:09:24,14.05,37935,27,卖盘
1823,11:09:27,14.05,21075,15,卖盘
1824,11:09:30,14.05,98350,70,卖盘
1825,11:09:33,14.06,42180,30,买盘
1826,11:09:36,14.06,181297,129,买盘
1827,11:09:39,14.05,181254,129,卖盘
1828,11:09:42,14.05,14050,10,卖盘
1829,11:09:45,14.05,9835,7,卖盘
1830,11:09:48,14.05,63234,45,卖盘
1831,11:09:51,14.05,98370,70,卖盘
1832,11:09:54,14.05,15458,11,卖盘
1833,11:09:57,14.05,19670,14,卖盘
1834,11:10:00,14.06,195404,139,买盘
1835,11:10:03,14.05,156057,111,卖盘
1836,11:10:06,14.06,52008,37,买盘
1837,11:10:09,14.06,16872,12,买盘
1838,11:10:12,14.06,254461,181,买盘
1839,11:10:15,14.06,418978,298,买盘
1840,11:10:18,14.05,94193,67,卖盘
1841,11:10:21,14.07,25326,18,买盘
1842,11:10:24,14.07,12663,9,买盘
1843,11:10:30,14.06,54868,39,卖盘
1844,11:10:33,14.07,1407,1,买盘
1845,11:10:36,14.06,15466,11,卖盘
1846,11:10:39,14.07,12663,9,买盘
1847,11:10:45,14.06,14060,10,卖盘
1848,11:10:51,14.06,37965,27,卖盘
1849,11:10:54,14.06,28120,20,卖盘
1850,11:11:03,14.07,14069,10,买盘
1851,11:11:06,14.07,18288,13,买盘
1852,11:11:12,14.07,14070,10,买盘
1853,11:11:15,14.06,15468,11,卖盘
1854,11:11:18,14.07,612810,436,买盘
1855,11:11:21,14.07,14067,10,买盘
1856,11:11:24,14.06,2812,2,买盘
1857,11:11:27,14.05,16864,12,卖盘
1858,11:11:30,14.06,2812,2,买盘
1859,11:11:33,14.06,5624,4,买盘
1860,11:11:36,14.06,54826,39,买盘
1861,11:11:39,14.06,35150,25,买盘
1862,11:11:42,14.05,30915,22,卖盘
1863,11:11:45,14.06,42170,30,买盘
1864,11:11:48,14.05,57605,41,卖盘
1865,11:11:54,14.06,56240,40,买盘
1866,11:11:57,14.05,8430,6,卖盘
1867,11:12:03,14.06,9842,7,买盘
1868,11:12:06,14.06,127946,91,买盘
1869,11:12:09,14.05,9841,7,卖盘
1870,11:12:12,14.06,192615,137,买盘
1871,11:12:15,14.05,19682,14,卖盘
1872,11:12:21,14.07,9849,7,买盘
1873,11:12:24,14.06,4218,3,卖盘
1874,11:12:27,14.06,94202,67,卖盘
1875,11:12:30,14.06,14060,10,买盘
1876,11:12:33,14.06,146129,104,买盘
1877,11:12:36,14.06,16872,12,买盘
1878,11:12:39,14.06,35150,25,买盘
1879,11:12:42,14.06,161690,115,买盘
1880,11:12:45,14.06,61864,44,卖盘
1881,11:12:48,14.06,29526,21,买盘
1882,11:12:51,14.06,16872,12,买盘
1883,11:12:54,14.06,37942,27,买盘
1884,11:12:57,14.06,39361,28,买盘
1885,11:13:00,14.06,16872,12,买盘
1886,11:13:03,14.06,303696,216,买盘
1887,11:13:06,14.06,61860,44,买盘
1888,11:13:09,14.05,85730,61,卖盘
1889,11:13:12,14.05,71659,51,卖盘
1890,11:13:15,14.06,14060,10,买盘
1891,11:13:18,14.06,28130,20,卖盘
1892,11:13:21,14.07,1407,1,买盘
1893,11:13:24,14.06,21090,15,卖盘
1894,11:13:27,14.06,15476,11,卖盘
1895,11:13:33,14.06,2812,2,卖盘
1896,11:13:36,14.06,70300,50,卖盘
1897,11:13:39,14.07,23905,17,买盘
1898,11:13:42,14.06,312132,222,卖盘
1899,11:13:45,14.06,1406,1,卖盘
1900,11:13:48,14.07,1407,1,买盘
1901,11:13:51,14.07,7035,5,买盘
1902,11:13:54,14.07,14070,10,买盘
1903,11:13:57,14.06,133570,95,卖盘
1904,11:14:00,14.06,113886,81,买盘
1905,11:14:03,14.05,26698,19,卖盘
1906,11:14:09,14.06,8436,6,买盘
1907,11:14:12,14.06,36556,26,买盘
1908,11:14:15,14.07,620160,441,买盘
1909,11:14:18,14.09,460558,327,买盘
1910,11:14:24,14.08,7044,5,卖盘
1911,11:14:30,14.08,46464,33,买盘
1912,11:14:39,14.09,32407,23,买盘
1913,11:14:48,14.09,19726,14,买盘
1914,11:14:54,14.09,30998,22,买盘
1915,11:14:57,14.09,39452,28,买盘
1916,11:15:00,14.09,159217,113,买盘
1917,11:15:03,14.08,1408,1,卖盘
1918,11:15:06,14.09,70450,50,买盘
1919,11:15:09,14.09,311389,221,买盘
1920,11:15:15,14.1,50760,36,买盘
1921,11:15:18,14.09,30998,22,卖盘
1922,11:15:21,14.09,81722,58,卖盘
1923,11:15:24,14.09,381829,271,卖盘
1924,11:15:27,14.09,40852,29,买盘
1925,11:15:30,14.08,12672,9,卖盘
1926,11:15:33,14.08,246400,175,卖盘
1927,11:15:36,14.08,7040,5,卖盘
1928,11:15:39,14.09,14087,10,买盘
1929,11:15:42,14.09,147882,105,买盘
1930,11:15:48,14.08,2816,2,卖盘
1931,11:15:51,14.08,40845,29,卖盘
1932,11:15:54,14.09,5636,4,买盘
1933,11:16:00,14.08,12672,9,卖盘
1934,11:16:06,14.09,2818,2,买盘
1935,11:16:09,14.09,228148,162,买盘
1936,11:16:12,14.09,28164,20,买盘
1937,11:16:15,14.09,69010,49,买盘
1938,11:16:21,14.08,2816,2,卖盘
1939,11:16:27,14.07,35191,25,卖盘
1940,11:16:30,14.08,7040,5,买盘
1941,11:16:33,14.08,5632,4,买盘
1942,11:16:36,14.08,113974,81,买盘
1943,11:16:39,14.08,18304,13,买盘
1944,11:16:42,14.08,4224,3,买盘
1945,11:16:45,14.07,137887,98,卖盘
1946,11:16:51,14.07,12663,9,卖盘
1947,11:16:57,14.06,80153,57,卖盘
1948,11:17:00,14.07,230911,164,中性盘
1949,11:17:03,14.07,102729,73,卖盘
1950,11:17:12,14.08,4224,3,买盘
1951,11:17:18,14.06,75945,54,卖盘
1952,11:17:21,14.08,9851,7,买盘
1953,11:17:27,14.08,28160,20,买盘
1954,11:17:39,14.08,1408,1,买盘
1955,11:17:42,14.08,130944,93,买盘
1956,11:17:45,14.08,5631,4,买盘
1957,11:17:51,14.08,1408,1,买盘
1958,11:17:54,14.08,50688,36,买盘
1959,11:17:57,14.08,112637,80,买盘
1960,11:18:06,14.08,35200,25,买盘
1961,11:18:09,14.07,21105,15,卖盘
1962,11:18:12,14.07,14070,10,卖盘
1963,11:18:18,14.07,1407,1,卖盘
1964,11:18:24,14.08,47840,34,买盘
1965,11:18:27,14.07,77385,55,卖盘
1966,11:18:30,14.07,39396,28,卖盘
1967,11:18:36,14.08,14080,10,买盘
1968,11:18:45,14.07,1407,1,卖盘
1969,11:18:48,14.07,83013,59,卖盘
1970,11:18:51,14.07,7035,5,买盘
1971,11:19:00,14.07,14068,10,买盘
1972,11:19:03,14.07,94214,67,买盘
1973,11:19:06,14.06,12654,9,卖盘
1974,11:19:12,14.06,26714,19,卖盘
1975,11:19:15,14.06,97031,69,卖盘
1976,11:19:18,14.06,85766,61,卖盘
1977,11:19:24,14.06,14060,10,卖盘
1978,11:19:27,14.06,109668,78,卖盘
1979,11:19:30,14.07,1407,1,买盘
1980,11:19:33,14.06,78736,56,卖盘
1981,11:19:36,14.07,2814,2,买盘
1982,11:19:39,14.06,77330,55,卖盘
1983,11:19:42,14.06,14060,10,卖盘
1984,11:19:45,14.06,35150,25,卖盘
1985,11:19:51,14.07,1407,1,买盘
1986,11:19:54,14.06,71706,51,卖盘
1987,11:19:57,14.06,70300,50,卖盘
1988,11:20:00,14.07,2814,2,买盘
1989,11:20:06,14.07,191223,136,买盘
1990,11:20:09,14.06,68896,49,卖盘
1991,11:20:12,14.07,4221,3,买盘
1992,11:20:15,14.06,40774,29,卖盘
1993,11:20:18,14.07,7035,5,买盘
1994,11:20:21,14.06,109718,78,卖盘
1995,11:20:24,14.07,111083,79,买盘
1996,11:20:27,14.06,5624,4,卖盘
1997,11:20:30,14.06,28120,20,中性盘
1998,11:20:36,14.05,33738,24,卖盘
1999,11:20:39,14.06,144771,103,买盘
2000,11:20:42,14.06,4218,3,买盘
2001,11:20:45,14.06,157430,112,买盘
2002,11:20:48,14.05,111054,79,卖盘
2003,11:20:51,14.06,8435,6,买盘
2004,11:20:54,14.06,53418,38,买盘
2005,11:20:57,14.06,15466,11,买盘
2006,11:21:00,14.06,16872,12,买盘
2007,11:21:03,14.05,146178,104,卖盘
2008,11:21:06,14.06,23889,17,买盘
2009,11:21:12,14.06,4218,3,买盘
2010,11:21:21,14.05,84310,60,卖盘
2011,11:21:24,14.05,42150,30,卖盘
2012,11:21:27,14.05,2811,2,卖盘
2013,11:21:36,14.06,16872,12,买盘
2014,11:21:39,14.06,18266,13,买盘
2015,11:21:45,14.06,102579,73,买盘
2016,11:21:54,14.05,28100,20,卖盘
2017,11:22:00,14.05,104014,74,卖盘
2018,11:22:03,14.06,179857,128,买盘
2019,11:22:06,14.05,49175,35,卖盘
2020,11:22:09,14.05,8430,6,卖盘
2021,11:22:15,14.06,379420,270,买盘
2022,11:22:21,14.05,68845,49,卖盘
2023,11:22:24,14.06,2812,2,买盘
2024,11:22:27,14.05,67440,48,卖盘
2025,11:22:36,14.06,57607,41,买盘
2026,11:22:39,14.06,140600,100,买盘
2027,11:22:42,14.06,28120,20,买盘
2028,11:22:45,14.05,61825,44,卖盘
2029,11:22:48,14.06,8436,6,买盘
2030,11:22:51,14.06,15463,11,买盘
2031,11:22:54,14.05,30923,22,卖盘
2032,11:22:57,14.05,66035,47,卖盘
2033,11:23:00,14.06,28120,20,买盘
2034,11:23:03,14.06,77330,55,买盘
2035,11:23:06,14.06,5624,4,买盘
2036,11:23:09,14.06,16872,12,买盘
2037,11:23:12,14.05,11240,8,卖盘
2038,11:23:15,14.06,11248,8,买盘
2039,11:23:18,14.06,22486,16,买盘
2040,11:23:21,14.06,1406,1,买盘
2041,11:23:24,14.05,101164,72,卖盘
2042,11:23:27,14.05,1405,1,卖盘
2043,11:23:30,14.05,32315,23,卖盘
2044,11:23:33,14.05,73097,52,卖盘
2045,11:23:36,14.05,43557,31,卖盘
2046,11:23:39,14.06,1406,1,买盘
2047,11:23:45,14.05,26695,19,卖盘
2048,11:23:48,14.05,42150,30,卖盘
2049,11:23:51,14.05,47771,34,卖盘
2050,11:23:57,14.05,403278,287,卖盘
2051,11:24:03,14.05,238889,170,卖盘
2052,11:24:09,14.05,1405,1,卖盘
2053,11:24:12,14.05,132070,94,卖盘
2054,11:24:15,14.05,8430,6,卖盘
2055,11:24:18,14.05,161682,115,卖盘
2056,11:24:21,14.06,98400,70,买盘
2057,11:24:27,14.06,8431,6,买盘
2058,11:24:30,14.05,4215,3,卖盘
2059,11:24:33,14.05,330175,235,卖盘
2060,11:24:36,14.06,314761,224,买盘
2061,11:24:39,14.05,1405,1,卖盘
2062,11:24:42,14.05,28100,20,卖盘
2063,11:24:45,14.06,466481,332,买盘
2064,11:24:48,14.05,60439,43,卖盘
2065,11:24:51,14.05,148937,106,卖盘
2066,11:24:57,14.06,132164,94,买盘
2067,11:25:00,14.06,31326,22,买盘
2068,11:25:03,14.06,21090,15,卖盘
2069,11:25:06,14.06,16872,12,卖盘
2070,11:25:09,14.06,78342,56,卖盘
2071,11:25:12,14.06,25702,18,买盘
2072,11:25:15,14.06,35150,25,卖盘
2073,11:25:18,14.06,11248,8,卖盘
2074,11:25:21,14.06,4218,3,卖盘
2075,11:25:24,14.06,33744,24,卖盘
2076,11:25:27,14.06,92796,66,卖盘
2077,11:25:33,14.06,40774,29,卖盘
2078,11:25:36,14.06,171532,122,卖盘
2079,11:25:39,14.06,75530,54,卖盘
2080,11:25:45,14.06,36539,26,买盘
2081,11:25:48,14.05,15455,11,卖盘
2082,11:25:51,14.07,131161,93,买盘
2083,11:26:03,14.06,7030,5,卖盘
2084,11:26:09,14.06,5624,4,卖盘
2085,11:26:12,14.06,4218,3,卖盘
2086,11:26:15,14.06,150048,107,卖盘
2087,11:26:21,14.06,7030,5,买盘
2088,11:26:24,14.06,2812,2,买盘
2089,11:26:30,14.06,28120,20,买盘
2090,11:26:36,14.06,49210,35,买盘
2091,11:26:39,14.06,7030,5,买盘
2092,11:26:54,14.06,9842,7,买盘
2093,11:26:57,14.06,18278,13,买盘
2094,11:27:00,14.05,12645,9,卖盘
2095,11:27:03,14.06,2812,2,买盘
2096,11:27:09,14.06,19683,14,买盘
2097,11:27:12,14.05,1405,1,卖盘
2098,11:27:15,14.06,8435,6,买盘
2099,11:27:18,14.06,37962,27,买盘
2100,11:27:21,14.06,77330,55,买盘
2101,11:27:24,14.06,43586,31,买盘
2102,11:27:39,14.06,28120,20,卖盘
2103,11:27:45,14.06,11251,8,卖盘
2104,11:28:03,14.06,35159,25,卖盘
2105,11:28:06,14.06,73142,52,卖盘
2106,11:28:15,14.06,40774,29,卖盘
2107,11:28:18,14.07,28140,20,买盘
2108,11:28:27,14.07,1407,1,买盘
2109,11:28:33,14.07,1407,1,买盘
2110,11:28:36,14.06,46398,33,卖盘
2111,11:28:45,14.06,30932,22,卖盘
2112,11:28:54,14.06,63270,45,卖盘
2113,11:28:57,14.06,85766,61,卖盘
2114,11:29:00,14.06,105450,75,卖盘
2115,11:29:03,14.07,68937,49,买盘
2116,11:29:06,14.06,44992,32,卖盘
2117,11:29:09,14.06,94213,67,卖盘
2118,11:29:12,14.06,14060,10,卖盘
2119,11:29:15,14.06,4218,3,卖盘
2120,11:29:18,14.06,11248,8,卖盘
2121,11:29:21,14.07,54837,39,买盘
2122,11:29:30,14.06,22496,16,买盘
2123,11:29:39,14.06,35145,25,买盘
2124,11:29:48,14.06,7030,5,买盘
2125,11:29:51,14.06,26714,19,买盘
2126,11:29:54,14.06,15466,11,买盘
2127,11:29:57,14.05,16860,12,卖盘
2128,11:30:00,14.06,14060,10,买盘
2129,13:00:00,14.06,543959,387,买盘
2130,13:00:03,14.06,1673941,1191,卖盘
2131,13:00:06,14.06,126531,90,买盘
2132,13:00:09,14.05,46366,33,卖盘
2133,13:00:12,14.04,49174,35,卖盘
2134,13:00:15,14.04,23882,17,卖盘
2135,13:00:18,14.04,19660,14,卖盘
2136,13:00:21,14.04,23868,17,卖盘
2137,13:00:24,14.04,1413828,1007,卖盘
2138,13:00:30,14.03,36486,26,卖盘
2139,13:00:33,14.03,23855,17,卖盘
2140,13:00:36,14.04,14032,10,买盘
2141,13:00:39,14.03,68764,49,卖盘
2142,13:00:42,14.03,5612,4,卖盘
2143,13:00:45,14.03,1428685,1018,卖盘
2144,13:00:48,14.03,18239,13,卖盘
2145,13:00:51,14.03,528948,377,卖盘
2146,13:00:54,14.03,158646,113,卖盘
2147,13:01:00,14.03,15433,11,卖盘
2148,13:01:03,14.03,2807,2,卖盘
2149,13:01:06,14.03,210450,150,卖盘
2150,13:01:09,14.03,33672,24,卖盘
2151,13:01:12,14.03,1403,1,卖盘
2152,13:01:15,14.03,196420,140,卖盘
2153,13:01:18,14.03,23857,17,卖盘
2154,13:01:21,14.04,85585,61,买盘
2155,13:01:24,14.04,1404,1,买盘
2156,13:01:27,14.04,7017,5,买盘
2157,13:01:30,14.03,9822,7,卖盘
2158,13:01:33,14.04,5613,4,买盘
2159,13:01:36,14.04,1404,1,买盘
2160,13:01:39,14.04,123528,88,买盘
2161,13:01:42,14.03,296154,211,卖盘
2162,13:01:45,14.04,2808,2,中性盘
2163,13:01:48,14.04,39312,28,卖盘
2164,13:01:51,14.04,53354,38,卖盘
2165,13:01:54,14.04,11232,8,卖盘
2166,13:01:57,14.04,16855,12,卖盘
2167,13:02:00,14.04,28083,20,卖盘
2168,13:02:03,14.05,95504,68,买盘
2169,13:02:06,14.04,5616,4,卖盘
2170,13:02:09,14.04,165672,118,卖盘
2171,13:02:15,14.04,12631,9,买盘
2172,13:02:18,14.04,4212,3,买盘
2173,13:02:21,14.04,44928,32,卖盘
2174,13:02:24,14.04,42120,30,卖盘
2175,13:02:27,14.04,49140,35,买盘
2176,13:02:30,14.03,260968,186,卖盘
2177,13:02:33,14.03,305915,218,卖盘
2178,13:02:36,14.04,203455,145,买盘
2179,13:02:39,14.03,723948,516,卖盘
2180,13:02:42,14.03,25254,18,卖盘
2181,13:02:48,14.03,112240,80,卖盘
2182,13:02:51,14.03,12627,9,买盘
2183,13:02:54,14.03,50508,36,买盘
2184,13:02:57,14.03,30866,22,买盘
2185,13:03:00,14.03,53314,38,买盘
2186,13:03:03,14.03,64538,46,卖盘
2187,13:03:06,14.03,15433,11,卖盘
2188,13:03:09,14.03,58926,42,卖盘
2189,13:03:12,14.03,105225,75,卖盘
2190,13:03:15,14.03,71553,51,卖盘
2191,13:03:18,14.02,231476,165,卖盘
2192,13:03:21,14.03,40683,29,买盘
2193,13:03:24,14.03,1403,1,买盘
2194,13:03:27,14.02,11216,8,卖盘
2195,13:03:30,14.02,30864,22,卖盘
2196,13:03:33,14.03,2806,2,买盘
2197,13:03:36,14.03,70150,50,买盘
2198,13:03:39,14.02,222918,159,卖盘
2199,13:03:42,14.03,194990,139,买盘
2200,13:03:51,14.03,71552,51,买盘
2201,13:03:54,14.02,2804,2,卖盘
2202,13:03:57,14.02,25236,18,卖盘
2203,13:04:00,14.02,37879,27,卖盘
2204,13:04:03,14.03,96765,69,买盘
2205,13:04:06,14.03,8418,6,卖盘
2206,13:04:09,14.03,1403,1,卖盘
2207,13:04:12,14.02,140237,100,卖盘
2208,13:04:15,14.03,112250,80,卖盘
2209,13:04:18,14.03,56120,40,卖盘
2210,13:04:21,14.03,96807,69,卖盘
2211,13:04:24,14.03,85583,61,卖盘
2212,13:04:27,14.04,46332,33,买盘
2213,13:04:30,14.04,1404,1,买盘
2214,13:04:33,14.04,112270,80,买盘
2215,13:04:36,14.04,14040,10,买盘
2216,13:04:39,14.03,199226,142,卖盘
2217,13:04:42,14.04,70153,50,买盘
2218,13:04:45,14.03,70150,50,卖盘
2219,13:04:51,14.03,16836,12,卖盘
2220,13:04:57,14.04,42120,30,买盘
2221,13:05:00,14.04,532116,379,买盘
2222,13:05:03,14.04,14040,10,卖盘
2223,13:05:06,14.04,14047,10,卖盘
2224,13:05:09,14.05,105352,75,买盘
2225,13:05:12,14.05,148930,106,买盘
2226,13:05:15,14.05,28100,20,买盘
2227,13:05:24,14.04,202226,144,卖盘
2228,13:05:27,14.04,92712,66,卖盘
2229,13:05:30,14.04,188167,134,卖盘
2230,13:05:33,14.04,67392,48,卖盘
2231,13:05:36,14.04,11232,8,买盘
2232,13:05:39,14.03,102473,73,卖盘
2233,13:05:42,14.04,4212,3,中性盘
2234,13:05:45,14.04,8424,6,中性盘
2235,13:05:48,14.04,14040,10,卖盘
2236,13:05:54,14.04,9828,7,卖盘
2237,13:05:57,14.05,18262,13,买盘
2238,13:06:00,14.04,14040,10,卖盘
2239,13:06:03,14.04,137592,98,卖盘
2240,13:06:06,14.04,2808,2,买盘
2241,13:06:12,14.04,32292,23,买盘
2242,13:06:15,14.04,1404,1,卖盘
2243,13:06:24,14.04,179712,128,卖盘
2244,13:06:27,14.04,7020,5,买盘
2245,13:06:30,14.04,70186,50,买盘
2246,13:06:33,14.04,60372,43,买盘
2247,13:06:36,14.04,44928,32,卖盘
2248,13:06:39,14.04,39312,28,买盘
2249,13:06:45,14.04,127763,91,买盘
2250,13:06:54,14.04,19656,14,卖盘
2251,13:06:57,14.04,42119,30,卖盘
2252,13:07:00,14.04,15444,11,买盘
2253,13:07:09,14.04,21060,15,中性盘
2254,13:07:12,14.04,15444,11,中性盘
2255,13:07:15,14.04,2808,2,买盘
2256,13:07:18,14.03,11225,8,卖盘
2257,13:07:21,14.04,1404,1,买盘
2258,13:07:30,14.04,11239,8,卖盘
2259,13:07:33,14.04,43533,31,卖盘
2260,13:07:45,14.04,132029,94,卖盘
2261,13:07:48,14.04,14041,10,卖盘
2262,13:07:51,14.04,4212,3,卖盘
2263,13:07:54,14.06,172818,123,买盘
2264,13:07:57,14.06,1406,1,买盘
2265,13:08:00,14.06,1406,1,买盘
2266,13:08:03,14.06,130758,93,买盘
2267,13:08:09,14.07,4220,3,买盘
2268,13:08:12,14.07,35155,25,买盘
2269,13:08:15,14.06,60458,43,卖盘
2270,13:08:21,14.07,42210,30,买盘
2271,13:08:24,14.07,14070,10,买盘
2272,13:08:27,14.07,22512,16,买盘
2273,13:08:30,14.07,8442,6,买盘
2274,13:08:33,14.06,243339,173,卖盘
2275,13:08:36,14.07,77335,55,买盘
2276,13:08:39,14.06,12659,9,买盘
2277,13:08:42,14.06,32338,23,卖盘
2278,13:08:45,14.06,22495,16,中性盘
2279,13:08:48,14.06,18278,13,买盘
2280,13:08:51,14.06,54834,39,买盘
2281,13:08:54,14.06,42180,30,买盘
2282,13:08:57,14.06,1406,1,卖盘
2283,13:09:03,14.07,42210,30,买盘
2284,13:09:06,14.06,2812,2,卖盘
2285,13:09:09,14.07,14070,10,买盘
2286,13:09:12,14.07,14063,10,买盘
2287,13:09:15,14.07,1407,1,买盘
2288,13:09:18,14.07,11256,8,买盘
2289,13:09:21,14.07,5628,4,买盘
2290,13:09:24,14.07,92862,66,买盘
2291,13:09:27,14.07,4221,3,买盘
2292,13:09:30,14.07,40803,29,买盘
2293,13:09:33,14.07,14070,10,买盘
2294,13:09:36,14.07,15477,11,买盘
2295,13:09:39,14.07,68943,49,买盘
2296,13:09:45,14.07,38007,27,卖盘
2297,13:09:54,14.07,32361,23,卖盘
2298,13:09:57,14.08,181578,129,买盘
2299,13:10:00,14.07,15487,11,卖盘
2300,13:10:09,14.08,9852,7,买盘
2301,13:10:15,14.08,38014,27,买盘
2302,13:10:18,14.07,8442,6,卖盘
2303,13:10:21,14.08,92914,66,买盘
2304,13:10:24,14.08,11259,8,买盘
2305,13:10:30,14.08,9856,7,买盘
2306,13:10:33,14.08,77430,55,买盘
2307,13:10:36,14.08,81634,58,买盘
2308,13:10:39,14.07,78847,56,卖盘
2309,13:10:42,14.08,46452,33,买盘
2310,13:10:45,14.08,88696,63,买盘
2311,13:10:48,14.07,119668,85,卖盘
2312,13:10:51,14.07,30954,22,卖盘
2313,13:10:54,14.08,14080,10,买盘
2314,13:10:57,14.08,9856,7,买盘
2315,13:11:03,14.07,40803,29,卖盘
2316,13:11:06,14.08,2815,2,买盘
2317,13:11:09,14.07,2814,2,卖盘
2318,13:11:12,14.07,16886,12,卖盘
2319,13:11:15,14.07,336153,239,卖盘
2320,13:11:18,14.07,4221,3,买盘
2321,13:11:21,14.07,14070,10,买盘
2322,13:11:24,14.06,25308,18,卖盘
2323,13:11:27,14.06,194033,138,卖盘
2324,13:11:30,14.07,1407,1,买盘
2325,13:11:33,14.07,21099,15,买盘
2326,13:11:36,14.06,28120,20,卖盘
2327,13:11:42,14.05,260086,185,卖盘
2328,13:11:45,14.06,8436,6,买盘
2329,13:11:48,14.05,15455,11,卖盘
2330,13:11:51,14.05,351250,250,卖盘
2331,13:11:54,14.05,9835,7,卖盘
2332,13:11:57,14.05,299379,213,卖盘
2333,13:12:00,14.05,99808,71,卖盘
2334,13:12:03,14.05,32322,23,卖盘
2335,13:12:09,14.06,42180,30,买盘
2336,13:12:12,14.06,75924,54,买盘
2337,13:12:15,14.06,1406,1,买盘
2338,13:12:18,14.06,2812,2,买盘
2339,13:12:21,14.06,67488,48,买盘
2340,13:12:24,14.05,16867,12,卖盘
2341,13:12:27,14.06,5624,4,买盘
2342,13:12:30,14.06,126460,90,买盘
2343,13:12:33,14.05,89920,64,卖盘
2344,13:12:36,14.06,70300,50,买盘
2345,13:12:39,14.05,178494,127,卖盘
2346,13:12:42,14.05,26695,19,卖盘
2347,13:12:45,14.06,25297,18,买盘
2348,13:12:51,14.06,8436,6,买盘
2349,13:12:57,14.05,709530,505,卖盘
2350,13:13:00,14.04,3418350,2433,卖盘
2351,13:13:03,14.05,60409,43,买盘
2352,13:13:06,14.04,158652,113,卖盘
2353,13:13:12,14.04,19656,14,买盘
2354,13:13:15,14.04,37887,27,买盘
2355,13:13:18,14.04,46329,33,买盘
2356,13:13:21,14.05,58970,42,买盘
2357,13:13:27,14.04,22463,16,买盘
2358,13:13:30,14.05,28081,20,买盘
2359,13:13:42,14.06,437001,311,买盘
2360,13:13:45,14.05,133484,95,卖盘
2361,13:13:48,14.06,26699,19,买盘
2362,13:13:51,14.05,96945,69,卖盘
2363,13:13:54,14.05,14050,10,卖盘
2364,13:14:00,14.06,50616,36,买盘
2365,13:14:03,14.05,7025,5,卖盘
2366,13:14:06,14.06,29520,21,买盘
2367,13:14:18,14.05,7025,5,卖盘
2368,13:14:21,14.06,109668,78,买盘
2369,13:14:24,14.05,178515,127,卖盘
2370,13:14:27,14.06,73112,52,买盘
2371,13:14:30,14.06,40784,29,卖盘
2372,13:14:33,14.06,50625,36,卖盘
2373,13:14:36,14.06,37962,27,卖盘
2374,13:14:39,14.05,112455,80,卖盘
2375,13:14:42,14.06,1406,1,买盘
2376,13:14:45,14.05,99755,71,卖盘
2377,13:14:51,14.06,30932,22,买盘
2378,13:15:00,14.05,63235,45,卖盘
2379,13:15:03,14.06,29526,21,买盘
2380,13:15:06,14.06,25308,18,卖盘
2381,13:15:09,14.06,7030,5,卖盘
2382,13:15:15,14.06,12654,9,卖盘
2383,13:15:21,14.06,7030,5,卖盘
2384,13:15:30,14.07,1407,1,买盘
2385,13:15:36,14.06,4218,3,卖盘
2386,13:15:42,14.07,42210,30,买盘
2387,13:15:45,14.07,49245,35,买盘
2388,13:15:48,14.07,2814,2,买盘
2389,13:15:51,14.06,12654,9,卖盘
2390,13:15:54,14.07,144821,103,买盘
2391,13:15:57,14.07,52059,37,买盘
2392,13:16:00,14.07,150549,107,买盘
2393,13:16:03,14.07,30954,22,买盘
2394,13:16:12,14.08,139373,99,买盘
2395,13:16:15,14.08,8448,6,买盘
2396,13:16:18,14.08,147790,105,买盘
2397,13:16:21,14.08,73189,52,买盘
2398,13:16:24,14.08,92928,66,买盘
2399,13:16:27,14.08,15488,11,买盘
2400,13:16:30,14.09,485850,345,买盘
2401,13:16:33,14.09,332524,236,买盘
2402,13:16:39,14.1,23960,17,买盘
2403,13:16:42,14.1,4230,3,买盘
2404,13:16:45,14.09,8454,6,卖盘
2405,13:16:48,14.1,28200,20,买盘
2406,13:16:51,14.1,35239,25,买盘
2407,13:16:54,14.1,86010,61,买盘
2408,13:16:57,14.09,40866,29,卖盘
2409,13:17:00,14.09,21147,15,卖盘
2410,13:17:03,14.09,204315,145,卖盘
2411,13:17:06,14.09,21135,15,买盘
2412,13:17:09,14.08,19712,14,卖盘
2413,13:17:12,14.09,45087,32,买盘
2414,13:17:15,14.09,4227,3,买盘
2415,13:17:18,14.08,21120,15,卖盘
2416,13:17:21,14.08,22538,16,卖盘
2417,13:17:24,14.09,42270,30,买盘
2418,13:17:27,14.09,9863,7,买盘
2419,13:17:30,14.08,12673,9,卖盘
2420,13:17:33,14.08,18309,13,卖盘
2421,13:17:36,14.08,12672,9,卖盘
2422,13:17:39,14.09,12681,9,买盘
2423,13:17:42,14.09,4227,3,买盘
2424,13:17:45,14.09,29589,21,买盘
2425,13:17:48,14.09,76086,54,买盘
2426,13:17:51,14.09,14090,10,买盘
2427,13:17:54,14.08,74624,53,卖盘
2428,13:18:00,14.09,83122,59,买盘
2429,13:18:03,14.09,2818,2,买盘
2430,13:18:06,14.09,19719,14,买盘
2431,13:18:09,14.09,25347,18,买盘
2432,13:18:12,14.08,69030,49,卖盘
2433,13:18:24,14.08,12672,9,卖盘
2434,13:18:27,14.08,869960,618,卖盘
2435,13:18:33,14.08,49280,35,买盘
2436,13:18:45,14.08,7037,5,买盘
2437,13:18:48,14.08,15486,11,买盘
2438,13:18:57,14.07,5628,4,卖盘
2439,13:19:03,14.07,14070,10,卖盘
2440,13:19:06,14.07,7035,5,卖盘
2441,13:19:09,14.07,204018,145,卖盘
2442,13:19:21,14.08,71808,51,买盘
2443,13:19:24,14.08,2816,2,买盘
2444,13:19:27,14.08,8448,6,卖盘
2445,13:19:30,14.08,8448,6,卖盘
2446,13:19:33,14.08,9856,7,卖盘
2447,13:19:36,14.08,36608,26,买盘
2448,13:19:39,14.07,8443,6,卖盘
2449,13:19:42,14.08,40832,29,买盘
2450,13:19:45,14.08,71837,51,卖盘
2451,13:19:51,14.09,28169,20,买盘
2452,13:19:54,14.07,19708,14,卖盘
2453,13:19:57,14.07,657079,467,卖盘
2454,13:20:00,14.07,32361,23,买盘
2455,13:20:03,14.07,91455,65,买盘
2456,13:20:06,14.07,19698,14,买盘
2457,13:20:09,14.07,8442,6,买盘
2458,13:20:12,14.07,15477,11,买盘
2459,13:20:15,14.07,28140,20,卖盘
2460,13:20:30,14.07,9849,7,卖盘
2461,13:20:33,14.08,118255,84,买盘
2462,13:20:36,14.07,90049,64,卖盘
2463,13:20:39,14.07,57687,41,买盘
2464,13:20:42,14.07,14070,10,卖盘
2465,13:20:45,14.07,1407,1,卖盘
2466,13:20:51,14.07,14070,10,卖盘
2467,13:20:54,14.08,85847,61,买盘
2468,13:21:03,14.08,30976,22,买盘
2469,13:21:12,14.07,143514,102,卖盘
2470,13:21:15,14.08,7040,5,买盘
2471,13:21:18,14.07,4221,3,卖盘
2472,13:21:24,14.07,7035,5,卖盘
2473,13:21:27,14.07,5628,4,卖盘
2474,13:21:30,14.07,22512,16,卖盘
2475,13:21:33,14.07,1407,1,卖盘
2476,13:21:36,14.08,47862,34,买盘
2477,13:21:39,14.08,166059,118,买盘
2478,13:21:42,14.08,22528,16,买盘
2479,13:21:45,14.07,29558,21,卖盘
2480,13:21:48,14.08,2816,2,买盘
2481,13:21:54,14.07,11257,8,卖盘
2482,13:21:57,14.08,18302,13,买盘
2483,13:22:00,14.07,142207,101,卖盘
2484,13:22:03,14.08,109781,78,买盘
2485,13:22:06,14.07,1407,1,卖盘
2486,13:22:09,14.07,30954,22,卖盘
2487,13:22:18,14.07,15477,11,卖盘
2488,13:22:21,14.07,1407,1,卖盘
2489,13:22:24,14.08,57728,41,买盘
2490,13:22:27,14.08,42240,30,卖盘
2491,13:22:30,14.08,15488,11,卖盘
2492,13:22:33,14.08,130944,93,卖盘
2493,13:22:36,14.08,60511,43,买盘
2494,13:22:39,14.08,2816,2,买盘
2495,13:22:42,14.08,7040,5,买盘
2496,13:22:51,14.07,495264,352,卖盘
2497,13:22:54,14.07,101304,72,卖盘
2498,13:22:57,14.07,7035,5,买盘
2499,13:23:00,14.07,19698,14,买盘
2500,13:23:03,14.06,64696,46,卖盘
2501,13:23:09,14.07,4221,3,买盘
2502,13:23:15,14.07,22512,16,买盘
2503,13:23:18,14.07,59094,42,买盘
2504,13:23:21,14.06,281200,200,卖盘
2505,13:23:24,14.06,35150,25,卖盘
2506,13:23:27,14.07,32361,23,买盘
2507,13:23:30,14.06,61864,44,卖盘
2508,13:23:33,14.06,115292,82,卖盘
2509,13:23:36,14.07,47838,34,买盘
2510,13:23:51,14.07,68943,49,买盘
2511,13:23:57,14.07,153363,109,买盘
2512,13:24:00,14.06,172969,123,卖盘
2513,13:24:06,14.07,32361,23,卖盘
2514,13:24:09,14.07,88654,63,买盘
2515,13:24:12,14.06,80178,57,卖盘
2516,13:24:21,14.08,122416,87,买盘
2517,13:24:24,14.07,73164,52,卖盘
2518,13:24:27,14.07,9849,7,买盘
2519,13:24:30,14.07,97100,69,买盘
2520,13:24:33,14.07,4221,3,买盘
2521,13:24:36,14.07,16884,12,买盘
2522,13:24:39,14.07,36583,26,买盘
2523,13:24:42,14.07,63315,45,卖盘
2524,13:24:48,14.07,146428,104,中性盘
2525,13:24:57,14.07,42210,30,卖盘
2526,13:25:00,14.08,47858,34,买盘
2527,13:25:03,14.07,56280,40,卖盘
2528,13:25:09,14.07,29547,21,卖盘
2529,13:25:18,14.07,15482,11,卖盘
2530,13:25:24,14.08,42218,30,买盘
2531,13:25:27,14.07,126630,90,卖盘
2532,13:25:33,14.08,14080,10,买盘
2533,13:25:36,14.08,19711,14,买盘
2534,13:25:39,14.07,14070,10,卖盘
2535,13:25:48,14.07,1407,1,卖盘
2536,13:25:51,14.07,11256,8,卖盘
2537,13:25:54,14.07,4221,3,卖盘
2538,13:25:57,14.07,5628,4,卖盘
2539,13:26:00,14.07,14070,10,卖盘
2540,13:26:03,14.08,261714,186,买盘
2541,13:26:06,14.08,23931,17,买盘
2542,13:26:09,14.09,108417,77,买盘
2543,13:26:12,14.07,15482,11,卖盘
2544,13:26:15,14.08,2815,2,中性盘
2545,13:26:18,14.08,16896,12,卖盘
2546,13:26:21,14.08,1408,1,买盘
2547,13:26:24,14.08,2816,2,买盘
2548,13:26:30,14.08,111232,79,买盘
2549,13:26:33,14.08,1408,1,卖盘
2550,13:26:36,14.09,7045,5,买盘
2551,13:26:39,14.09,21135,15,买盘
2552,13:26:42,14.09,16908,12,买盘
2553,13:26:54,14.08,1408,1,卖盘
2554,13:26:57,14.09,2818,2,买盘
2555,13:27:00,14.09,1409,1,买盘
2556,13:27:09,14.08,11264,8,卖盘
2557,13:27:12,14.08,105603,75,卖盘
2558,13:27:15,14.08,29568,21,卖盘
2559,13:27:27,14.09,15498,11,买盘
2560,13:27:30,14.08,36608,26,卖盘
2561,13:27:33,14.09,9863,7,买盘
2562,13:27:36,14.09,14090,10,买盘
2563,13:27:39,14.09,1409,1,买盘
2564,13:27:42,14.08,1408,1,卖盘
2565,13:27:45,14.09,1409,1,买盘
2566,13:27:48,14.08,21123,15,卖盘
2567,13:27:54,14.09,305537,217,买盘
2568,13:27:57,14.08,28160,20,卖盘
2569,13:28:00,14.08,1408,1,卖盘
2570,13:28:06,14.08,4224,3,卖盘
2571,13:28:18,14.08,119762,85,卖盘
2572,13:28:21,14.09,69032,49,买盘
2573,13:28:24,14.08,57728,41,卖盘
2574,13:28:27,14.08,325248,231,卖盘
2575,13:28:30,14.08,313779,223,买盘
2576,13:28:33,14.07,9849,7,卖盘
2577,13:28:36,14.08,9856,7,买盘
2578,13:28:39,14.07,68943,49,卖盘
2579,13:28:42,14.07,2814,2,卖盘
2580,13:28:45,14.07,2814,2,卖盘
2581,13:28:51,14.08,46439,33,买盘
2582,13:28:54,14.07,14070,10,卖盘
2583,13:28:57,14.07,21105,15,卖盘
2584,13:29:00,14.07,5628,4,卖盘
2585,13:29:03,14.07,7035,5,卖盘
2586,13:29:06,14.08,33787,24,买盘
2587,13:29:09,14.07,52059,37,卖盘
2588,13:29:12,14.07,2814,2,卖盘
2589,13:29:15,14.07,2814,2,卖盘
2590,13:29:18,14.07,2814,2,卖盘
2591,13:29:24,14.07,8442,6,卖盘
2592,13:29:30,14.08,4224,3,买盘
2593,13:29:36,14.07,42210,30,卖盘
2594,13:29:42,14.07,35175,25,卖盘
2595,13:29:45,14.07,1407,1,卖盘
2596,13:29:48,14.07,102711,73,卖盘
2597,13:29:51,14.07,11256,8,买盘
2598,13:30:00,14.06,2812,2,卖盘
2599,13:30:03,14.07,29547,21,买盘
2600,13:30:06,14.06,50650,36,卖盘
2601,13:30:09,14.07,8442,6,买盘
2602,13:30:12,14.06,120976,86,卖盘
2603,13:30:15,14.06,15466,11,卖盘
2604,13:30:18,14.06,840788,598,卖盘
2605,13:30:21,14.07,5628,4,买盘
2606,13:30:24,14.06,5624,4,卖盘
2607,13:30:27,14.06,4218,3,卖盘
2608,13:30:30,14.07,16884,12,买盘
2609,13:30:36,14.06,144818,103,卖盘
2610,13:30:42,14.07,49213,35,买盘
2611,13:30:45,14.07,4221,3,买盘
2612,13:30:48,14.06,1406,1,卖盘
2613,13:30:51,14.06,1406,1,卖盘
2614,13:30:54,14.05,664962,473,卖盘
2615,13:31:00,14.06,2812,2,买盘
2616,13:31:03,14.05,14050,10,卖盘
2617,13:31:06,14.05,16867,12,卖盘
2618,13:31:09,14.05,1405,1,卖盘
2619,13:31:12,14.05,1405,1,卖盘
2620,13:31:15,14.06,4216,3,买盘
2621,13:31:18,14.06,77300,55,买盘
2622,13:31:21,14.05,22488,16,卖盘
2623,13:31:24,14.05,16861,12,卖盘
2624,13:31:27,14.05,1405,1,卖盘
2625,13:31:33,14.06,15466,11,买盘
2626,13:31:36,14.05,5620,4,卖盘
2627,13:31:39,14.05,2810,2,卖盘
2628,13:31:42,14.05,3849700,2740,卖盘
2629,13:31:45,14.05,963826,686,卖盘
2630,13:31:48,14.03,446399,318,卖盘
2631,13:31:51,14.05,14050,10,买盘
2632,13:31:54,14.04,11232,8,卖盘
2633,13:31:57,14.04,16840,12,卖盘
2634,13:32:00,14.03,4211,3,卖盘
2635,13:32:03,14.04,16839,12,买盘
2636,13:32:12,14.03,12634,9,卖盘
2637,13:32:15,14.04,112296,80,买盘
2638,13:32:18,14.04,7020,5,买盘
2639,13:32:21,14.04,42100,30,买盘
2640,13:32:24,14.03,29463,21,卖盘
2641,13:32:27,14.03,71592,51,卖盘
2642,13:32:36,14.03,28060,20,卖盘
2643,13:32:39,14.03,12627,9,卖盘
2644,13:32:42,14.04,47703,34,买盘
2645,13:32:45,14.03,95404,68,卖盘
2646,13:32:48,14.03,53317,38,卖盘
2647,13:32:51,14.04,624809,445,买盘
2648,13:32:54,14.04,44928,32,卖盘
2649,13:32:57,14.05,51936,37,买盘
2650,13:33:03,14.04,22465,16,卖盘
2651,13:33:06,14.05,61785,44,买盘
2652,13:33:12,14.05,102493,73,买盘
2653,13:33:15,14.04,74413,53,卖盘
2654,13:33:18,14.04,32298,23,卖盘
2655,13:33:21,14.03,5615,4,卖盘
2656,13:33:24,14.04,30888,22,买盘
2657,13:33:27,14.04,30888,22,买盘
2658,13:33:30,14.04,11232,8,买盘
2659,13:33:33,14.04,14035,10,买盘
2660,13:33:36,14.04,108108,77,买盘
2661,13:33:39,14.03,32278,23,卖盘
2662,13:33:42,14.04,28080,20,买盘
2663,13:33:45,14.03,14030,10,卖盘
2664,13:33:48,14.04,23868,17,买盘
2665,13:33:51,14.03,33673,24,卖盘
2666,13:33:54,14.03,108046,77,卖盘
2667,13:33:57,14.03,221817,158,卖盘
2668,13:34:00,14.04,46332,33,中性盘
2669,13:34:03,14.04,2808,2,卖盘
2670,13:34:06,14.04,85644,61,卖盘
2671,13:34:09,14.04,14040,10,买盘
2672,13:34:12,14.04,9828,7,买盘
2673,13:34:15,14.04,162769,116,买盘
2674,13:34:21,14.04,4212,3,买盘
2675,13:34:24,14.04,811512,578,买盘
2676,13:34:27,14.04,39309,28,卖盘
2677,13:34:30,14.04,8424,6,买盘
2678,13:34:33,14.04,30888,22,买盘
2679,13:34:36,14.04,37908,27,卖盘
2680,13:34:39,14.04,4212,3,卖盘
2681,13:34:42,14.04,94068,67,卖盘
2682,13:34:45,14.05,35101,25,买盘
2683,13:34:54,14.05,28100,20,买盘
2684,13:34:57,14.04,1404,1,卖盘
2685,13:35:03,14.04,12636,9,卖盘
2686,13:35:06,14.04,18255,13,卖盘
2687,13:35:09,14.04,130573,93,卖盘
2688,13:35:15,14.04,26676,19,卖盘
2689,13:35:18,14.05,77240,55,买盘
2690,13:35:21,14.04,210605,150,卖盘
2691,13:35:24,14.05,11239,8,买盘
2692,13:35:27,14.05,14050,10,买盘
2693,13:35:30,14.05,8430,6,买盘
2694,13:35:33,14.05,42130,30,买盘
2695,13:35:36,14.04,33696,24,卖盘
2696,13:35:39,14.04,21060,15,卖盘
2697,13:35:45,14.04,1404,1,卖盘
2698,13:35:48,14.04,251316,179,卖盘
2699,13:35:51,14.04,36504,26,买盘
2700,13:35:54,14.04,26676,19,买盘
2701,13:35:57,14.04,134774,96,买盘
2702,13:36:00,14.04,300543,214,买盘
2703,13:36:03,14.04,40716,29,买盘
2704,13:36:15,14.05,1405,1,买盘
2705,13:36:18,14.04,28080,20,卖盘
2706,13:36:27,14.05,68845,49,买盘
2707,13:36:30,14.04,7020,5,卖盘
2708,13:36:33,14.05,78626,56,买盘
2709,13:36:39,14.04,212030,151,卖盘
2710,13:36:42,14.04,37908,27,卖盘
2711,13:36:45,14.05,19670,14,买盘
2712,13:36:48,14.05,15455,11,买盘
2713,13:36:51,14.04,130572,93,卖盘
2714,13:36:54,14.05,16858,12,买盘
2715,13:36:57,14.04,28080,20,卖盘
2716,13:37:00,14.04,1404,1,卖盘
2717,13:37:03,14.04,435300,310,卖盘
2718,13:37:06,14.05,92666,66,买盘
2719,13:37:09,14.04,99684,71,卖盘
2720,13:37:12,14.04,37908,27,卖盘
2721,13:37:15,14.04,11232,8,卖盘
2722,13:37:18,14.03,8418,6,卖盘
2723,13:37:21,14.04,77220,55,买盘
2724,13:37:27,14.04,200638,143,买盘
2725,13:37:30,14.04,138996,99,买盘
2726,13:37:33,14.03,37881,27,卖盘
2727,13:37:36,14.04,461890,329,买盘
2728,13:37:39,14.03,39300,28,卖盘
2729,13:37:42,14.04,8422,6,买盘
2730,13:37:45,14.04,14040,10,买盘
2731,13:37:48,14.04,22464,16,买盘
2732,13:37:51,14.03,7015,5,卖盘
2733,13:37:54,14.03,21046,15,卖盘
2734,13:37:57,14.04,29470,21,买盘
2735,13:38:00,14.04,14040,10,买盘
2736,13:38:03,14.04,1404,1,买盘
2737,13:38:09,14.03,16836,12,卖盘
2738,13:38:15,14.04,7020,5,买盘
2739,13:38:18,14.04,463026,330,买盘
2740,13:38:21,14.03,2806,2,卖盘
2741,13:38:24,14.04,527858,376,买盘
2742,13:38:30,14.03,1403,1,卖盘
2743,13:38:33,14.03,4209,3,卖盘
2744,13:38:36,14.03,50518,36,卖盘
2745,13:38:39,14.04,1404,1,买盘
2746,13:38:45,14.03,346551,247,卖盘
2747,13:38:48,14.03,51911,37,卖盘
2748,13:38:51,14.03,37881,27,卖盘
2749,13:38:54,14.03,1403,1,卖盘
2750,13:39:03,14.03,1403,1,卖盘
2751,13:39:06,14.04,14040,10,买盘
2752,13:39:09,14.04,126292,90,买盘
2753,13:39:12,14.03,15433,11,卖盘
2754,13:39:15,14.04,15440,11,买盘
2755,13:39:18,14.03,14030,10,卖盘
2756,13:39:21,14.04,81399,58,买盘
2757,13:39:24,14.03,420900,300,卖盘
2758,13:39:27,14.03,44899,32,卖盘
2759,13:39:30,14.03,54717,39,卖盘
2760,13:39:33,14.03,12628,9,卖盘
2761,13:39:36,14.03,72992,52,卖盘
2762,13:39:39,14.03,21045,15,卖盘
2763,13:39:42,14.03,19642,14,卖盘
2764,13:39:45,14.04,32272,23,买盘
2765,13:39:51,14.03,101016,72,卖盘
2766,13:39:54,14.03,106628,76,卖盘
2767,13:39:57,14.03,21045,15,卖盘
2768,13:40:00,14.03,2806,2,卖盘
2769,13:40:03,14.04,35089,25,买盘
2770,13:40:06,14.03,71553,51,卖盘
2771,13:40:09,14.03,25262,18,卖盘
2772,13:40:12,14.04,4212,3,买盘
2773,13:40:15,14.03,39284,28,卖盘
2774,13:40:18,14.03,138897,99,卖盘
2775,13:40:21,14.03,129076,92,卖盘
2776,13:40:24,14.04,227445,162,买盘
2777,13:40:27,14.04,33676,24,买盘
2778,13:40:30,14.04,9828,7,买盘
2779,13:40:33,14.04,15444,11,买盘
2780,13:40:42,14.04,79978,57,买盘
2781,13:40:45,14.03,74359,53,卖盘
2782,13:40:48,14.04,14040,10,买盘
2783,13:40:54,14.04,247094,176,买盘
2784,13:40:57,14.03,11224,8,卖盘
2785,13:41:00,14.03,86986,62,卖盘
2786,13:41:06,14.04,171288,122,买盘
2787,13:41:09,14.04,1404,1,买盘
2788,13:41:12,14.04,29484,21,买盘
2789,13:41:15,14.04,84190,60,买盘
2790,13:41:18,14.03,30883,22,卖盘
2791,13:41:21,14.04,1404,1,中性盘
2792,13:41:24,14.04,9828,7,卖盘
2793,13:41:30,14.05,28100,20,买盘
2794,13:41:36,14.04,16848,12,卖盘
2795,13:41:39,14.04,318708,227,卖盘
2796,13:41:42,14.04,4212,3,买盘
2797,13:41:45,14.04,8424,6,卖盘
2798,13:41:48,14.03,70184,50,卖盘
2799,13:41:57,14.04,1404,1,卖盘
2800,13:42:00,14.04,35100,25,卖盘
2801,13:42:03,14.04,9828,7,买盘
2802,13:42:06,14.04,1404,1,买盘
2803,13:42:12,14.03,101081,72,卖盘
2804,13:42:15,14.04,87048,62,买盘
2805,13:42:18,14.04,64574,46,买盘
2806,13:42:21,14.04,4212,3,买盘
2807,13:42:24,14.04,64584,46,买盘
2808,13:42:30,14.04,14040,10,卖盘
2809,13:42:33,14.04,53352,38,卖盘
2810,13:42:36,14.04,5615,4,买盘
2811,13:42:39,14.04,18252,13,买盘
2812,13:42:42,14.04,14040,10,买盘
2813,13:42:45,14.03,25257,18,卖盘
2814,13:42:48,14.04,81429,58,买盘
2815,13:42:51,14.04,11232,8,卖盘
2816,13:42:57,14.04,11232,8,买盘
2817,13:43:00,14.04,42120,30,买盘
2818,13:43:09,14.04,380267,271,买盘
2819,13:43:12,14.03,53330,38,卖盘
2820,13:43:15,14.04,46331,33,买盘
2821,13:43:18,14.03,7015,5,卖盘
2822,13:43:21,14.03,25270,18,卖盘
2823,13:43:24,14.04,305855,218,买盘
2824,13:43:27,14.04,294640,210,买盘
2825,13:43:30,14.04,71603,51,买盘
2826,13:43:33,14.04,7016,5,买盘
2827,13:43:36,14.04,43524,31,买盘
2828,13:43:39,14.04,1404,1,买盘
2829,13:43:42,14.04,50544,36,买盘
2830,13:43:48,14.03,64552,46,卖盘
2831,13:43:54,14.04,1404,1,买盘
2832,13:43:57,14.04,29484,21,买盘
2833,13:44:00,14.04,47736,34,买盘
2834,13:44:03,14.04,43523,31,买盘
2835,13:44:06,14.04,57564,41,买盘
2836,13:44:15,14.03,19654,14,卖盘
2837,13:44:18,14.03,1550315,1105,卖盘
2838,13:44:21,14.04,293227,209,买盘
2839,13:44:24,14.03,8418,6,中性盘
2840,13:44:27,14.03,15429,11,买盘
2841,13:44:30,14.03,2806,2,买盘
2842,13:44:33,14.03,7015,5,中性盘
2843,13:44:36,14.03,9821,7,卖盘
2844,13:44:39,14.03,16835,12,买盘
2845,13:44:42,14.03,28060,20,买盘
2846,13:44:45,14.03,223075,159,买盘
2847,13:44:48,14.03,57513,41,买盘
2848,13:44:51,14.02,5610,4,卖盘
2849,13:44:57,14.02,14020,10,卖盘
2850,13:45:00,14.02,263735,188,卖盘
2851,13:45:03,14.03,25254,18,买盘
2852,13:45:06,14.03,74322,53,卖盘
2853,13:45:09,14.04,22455,16,买盘
2854,13:45:15,14.02,54712,39,卖盘
2855,13:45:18,14.03,4209,3,卖盘
2856,13:45:21,14.03,11224,8,买盘
2857,13:45:27,14.03,65941,47,买盘
2858,13:45:30,14.03,12627,9,买盘
2859,13:45:33,14.02,12623,9,卖盘
2860,13:45:36,14.03,40687,29,买盘
2861,13:45:39,14.03,68730,49,买盘
2862,13:45:42,14.03,70150,50,卖盘
2863,13:45:45,14.03,44869,32,卖盘
2864,13:45:48,14.03,9821,7,买盘
2865,13:45:51,14.03,21045,15,卖盘
2866,13:45:54,14.03,148677,106,卖盘
2867,13:46:03,14.03,2806,2,卖盘
2868,13:46:06,14.03,14030,10,卖盘
2869,13:46:09,14.04,347954,248,买盘
2870,13:46:12,14.03,420900,300,卖盘
2871,13:46:15,14.03,35098,25,卖盘
2872,13:46:18,14.03,11224,8,卖盘
2873,13:46:21,14.03,2806,2,卖盘
2874,13:46:27,14.04,9828,7,买盘
2875,13:46:30,14.03,14030,10,卖盘
2876,13:46:39,14.03,19642,14,卖盘
2877,13:46:42,14.04,1404,1,买盘
2878,13:46:48,14.04,209097,149,买盘
2879,13:47:00,14.04,499549,356,买盘
2880,13:47:09,14.04,339768,242,买盘
2881,13:47:12,14.04,72959,52,买盘
2882,13:47:15,14.03,56120,40,卖盘
2883,13:47:18,14.04,40716,29,买盘
2884,13:47:21,14.03,8423,6,卖盘
2885,13:47:27,14.04,32292,23,买盘
2886,13:47:33,14.03,28060,20,卖盘
2887,13:47:39,14.04,1404,1,买盘
2888,13:47:42,14.04,7020,5,买盘
2889,13:47:45,14.04,1404,1,中性盘
2890,13:47:51,14.03,16836,12,卖盘
2891,13:47:57,14.03,4211,3,卖盘
2892,13:48:00,14.04,36504,26,买盘
2893,13:48:06,14.03,15440,11,卖盘
2894,13:48:12,14.03,1403,1,卖盘
2895,13:48:15,14.03,5615,4,卖盘
2896,13:48:18,14.04,26666,19,买盘
2897,13:48:24,14.05,12638,9,买盘
2898,13:48:27,14.03,15435,11,卖盘
2899,13:48:30,14.03,1403,1,卖盘
2900,13:48:36,14.04,7020,5,买盘
2901,13:48:39,14.04,2808,2,买盘
2902,13:48:42,14.04,18244,13,买盘
2903,13:48:45,14.04,1404,1,卖盘
2904,13:48:51,14.03,29463,21,卖盘
2905,13:48:57,14.04,11227,8,买盘
2906,13:49:03,14.04,14040,10,买盘
2907,13:49:06,14.03,71603,51,卖盘
2908,13:49:09,14.03,18239,13,卖盘
2909,13:49:12,14.04,44928,32,买盘
2910,13:49:15,14.03,102419,73,卖盘
2911,13:49:18,14.03,14030,10,卖盘
2912,13:49:33,14.03,140300,100,卖盘
2913,13:49:36,14.03,42090,30,卖盘
2914,13:49:39,14.04,14040,10,买盘
2915,13:49:42,14.03,14030,10,卖盘
2916,13:49:45,14.03,141713,101,卖盘
2917,13:49:48,14.03,79971,57,卖盘
2918,13:49:51,14.03,28061,20,卖盘
2919,13:49:54,14.04,1404,1,买盘
2920,13:49:57,14.04,23868,17,买盘
2921,13:50:00,14.03,16836,12,卖盘
2922,13:50:03,14.03,29463,21,卖盘
2923,13:50:06,14.04,95472,68,买盘
2924,13:50:15,14.04,4212,3,买盘
2925,13:50:18,14.03,23851,17,卖盘
2926,13:50:24,14.04,7020,5,买盘
2927,13:50:27,14.03,49105,35,卖盘
2928,13:50:30,14.04,12636,9,买盘
2929,13:50:33,14.04,7020,5,买盘
2930,13:50:36,14.03,1403,1,卖盘
2931,13:50:39,14.03,2806,2,卖盘
2932,13:50:48,14.04,212001,151,买盘
2933,13:50:51,14.04,39312,28,卖盘
2934,13:50:54,14.04,77173,55,卖盘
2935,13:50:57,14.04,1404,1,卖盘
2936,13:51:00,14.04,120744,86,卖盘
2937,13:51:03,14.04,8424,6,卖盘
2938,13:51:06,14.04,2808,2,卖盘
2939,13:51:12,14.04,12636,9,卖盘
2940,13:51:15,14.04,9828,7,卖盘
2941,13:51:18,14.04,112320,80,卖盘
2942,13:51:21,14.04,1404,1,卖盘
2943,13:51:24,14.05,7025,5,买盘
2944,13:51:27,14.04,61819,44,卖盘
2945,13:51:33,14.04,678520,483,卖盘
2946,13:51:42,14.04,140400,100,卖盘
2947,13:51:45,14.05,382160,272,买盘
2948,13:51:48,14.05,198083,141,买盘
2949,13:51:51,14.04,28090,20,卖盘
2950,13:51:57,14.05,126450,90,买盘
2951,13:52:00,14.04,4212,3,卖盘
2952,13:52:03,14.05,466460,332,买盘
2953,13:52:06,14.05,2810,2,卖盘
2954,13:52:09,14.05,2810,2,卖盘
2955,13:52:12,14.06,356734,254,买盘
2956,13:52:15,14.05,4215,3,卖盘
2957,13:52:18,14.06,160284,114,买盘
2958,13:52:21,14.06,9842,7,买盘
2959,13:52:24,14.06,9842,7,买盘
2960,13:52:27,14.06,19675,14,买盘
2961,13:52:30,14.06,28120,20,买盘
2962,13:52:33,14.05,12653,9,卖盘
2963,13:52:36,14.05,116633,83,卖盘
2964,13:52:42,14.06,25308,18,卖盘
2965,13:52:51,14.06,127918,91,买盘
2966,13:52:54,14.06,18278,13,卖盘
2967,13:52:57,14.06,81548,58,卖盘
2968,13:53:00,14.06,23896,17,卖盘
2969,13:53:03,14.05,42173,30,卖盘
2970,13:53:06,14.07,28127,20,买盘
2971,13:53:09,14.06,80171,57,卖盘
2972,13:53:12,14.06,9843,7,中性盘
2973,13:53:15,14.06,5626,4,卖盘
2974,13:53:18,14.06,40774,29,卖盘
2975,13:53:21,14.06,14060,10,卖盘
2976,13:53:24,14.06,4218,3,卖盘
2977,13:53:27,14.06,44992,32,卖盘
2978,13:53:30,14.06,28120,20,买盘
2979,13:53:36,14.06,191200,136,买盘
2980,13:53:39,14.05,12645,9,卖盘
2981,13:53:45,14.05,2811,2,卖盘
2982,13:53:48,14.05,28100,20,卖盘
2983,13:53:51,14.06,12654,9,买盘
2984,13:53:54,14.06,9842,7,买盘
2985,13:53:57,14.06,1406,1,买盘
2986,13:54:03,14.05,50582,36,卖盘
2987,13:54:06,14.05,2810,2,卖盘
2988,13:54:09,14.06,9842,7,买盘
2989,13:54:12,14.06,16872,12,买盘
2990,13:54:21,14.05,16869,12,卖盘
2991,13:54:33,14.05,29505,21,卖盘
2992,13:54:36,14.06,1406,1,买盘
2993,13:54:42,14.05,40764,29,卖盘
2994,13:54:45,14.06,53428,38,买盘
2995,13:54:51,14.06,19684,14,买盘
2996,13:54:54,14.06,28120,20,买盘
2997,13:54:57,14.06,28120,20,买盘
2998,13:55:00,14.06,4218,3,买盘
2999,13:55:03,14.05,11240,8,卖盘
3000,13:55:15,14.05,14050,10,卖盘
3001,13:55:18,14.06,23894,17,买盘
3002,13:55:21,14.06,33739,24,买盘
3003,13:55:24,14.06,12651,9,买盘
3004,13:55:27,14.06,28118,20,买盘
3005,13:55:30,14.05,7025,5,卖盘
3006,13:55:33,14.06,12654,9,买盘
3007,13:55:36,14.06,11248,8,买盘
3008,13:55:39,14.06,63270,45,买盘
3009,13:55:42,14.06,25308,18,买盘
3010,13:55:45,14.06,7030,5,买盘
3011,13:55:51,14.05,7025,5,卖盘
3012,13:55:54,14.07,42189,30,买盘
3013,13:55:57,14.07,14064,10,买盘
3014,13:56:03,14.07,22512,16,买盘
3015,13:56:06,14.07,212423,151,买盘
3016,13:56:09,14.07,19688,14,买盘
3017,13:56:12,14.08,60503,43,买盘
3018,13:56:15,14.07,84432,60,卖盘
3019,13:56:18,14.08,85888,61,买盘
3020,13:56:21,14.08,83072,59,买盘
3021,13:56:24,14.08,18304,13,买盘
3022,13:56:27,14.08,1408,1,卖盘
3023,13:56:33,14.08,39433,28,卖盘
3024,13:56:36,14.09,22544,16,买盘
3025,13:56:39,14.09,35209,25,买盘
3026,13:56:42,14.09,46473,33,买盘
3027,13:56:45,14.09,133766,95,买盘
3028,13:56:48,14.09,32407,23,买盘
3029,13:56:51,14.09,23953,17,买盘
3030,13:56:54,14.09,7045,5,买盘
3031,13:56:57,14.09,371976,264,买盘
3032,13:57:00,14.09,74677,53,买盘
3033,13:57:03,14.09,54949,39,买盘
3034,13:57:06,14.09,166262,118,买盘
3035,13:57:09,14.08,209983,149,卖盘
3036,13:57:15,14.09,49347,35,中性盘
3037,13:57:18,14.09,45088,32,买盘
3038,13:57:21,14.09,45086,32,卖盘
3039,13:57:24,14.09,25366,18,卖盘
3040,13:57:27,14.08,12677,9,卖盘
3041,13:57:30,14.09,115538,82,买盘
3042,13:57:33,14.08,88780,63,卖盘
3043,13:57:36,14.08,33797,24,卖盘
3044,13:57:39,14.09,42270,30,买盘
3045,13:57:42,14.08,11265,8,卖盘
3046,13:57:45,14.09,22542,16,买盘
3047,13:57:48,14.09,69041,49,买盘
3048,13:57:51,14.09,30998,22,买盘
3049,13:57:54,14.09,38019,27,买盘
3050,13:57:57,14.09,56360,40,买盘
3051,13:58:03,14.08,215574,153,卖盘
3052,13:58:06,14.09,21134,15,买盘
3053,13:58:09,14.08,28162,20,卖盘
3054,13:58:12,14.08,38016,27,卖盘
3055,13:58:15,14.09,16906,12,买盘
3056,13:58:21,14.09,28180,20,买盘
3057,13:58:30,14.09,73266,52,买盘
3058,13:58:36,14.09,50724,36,买盘
3059,13:58:39,14.09,33802,24,买盘
3060,13:58:42,14.09,26771,19,买盘
3061,13:58:45,14.09,25362,18,买盘
3062,13:58:48,14.1,263622,187,买盘
3063,13:58:51,14.08,39458,28,卖盘
3064,13:58:54,14.1,97239,69,买盘
3065,13:58:57,14.1,33840,24,买盘
3066,13:59:03,14.1,9864,7,买盘
3067,13:59:06,14.08,33829,24,卖盘
3068,13:59:09,14.1,16916,12,买盘
3069,13:59:12,14.08,5634,4,卖盘
3070,13:59:15,14.09,25347,18,中性盘
3071,13:59:18,14.08,28162,20,卖盘
3072,13:59:21,14.08,121153,86,卖盘
3073,13:59:24,14.08,14080,10,卖盘
3074,13:59:27,14.09,136580,97,买盘
3075,13:59:30,14.08,42240,30,卖盘
3076,13:59:33,14.08,29568,21,卖盘
3077,13:59:36,14.09,97156,69,买盘
3078,13:59:39,14.09,14090,10,买盘
3079,13:59:42,14.09,14090,10,买盘
3080,13:59:45,14.08,60547,43,卖盘
3081,13:59:48,14.08,77440,55,卖盘
3082,13:59:51,14.08,78898,56,卖盘
3083,13:59:54,14.08,38016,27,卖盘
3084,13:59:57,14.09,46480,33,买盘
3085,14:00:00,14.08,88708,63,卖盘
3086,14:00:03,14.09,162026,115,买盘
3087,14:00:06,14.09,38043,27,买盘
3088,14:00:09,14.08,15488,11,卖盘
3089,14:00:12,14.09,83073,59,买盘
3090,14:00:15,14.08,76051,54,卖盘
3091,14:00:18,14.09,1409,1,买盘
3092,14:00:24,14.08,63360,45,卖盘
3093,14:00:27,14.08,9856,7,卖盘
3094,14:00:30,14.07,16890,12,卖盘
3095,14:00:33,14.08,28160,20,卖盘
3096,14:00:36,14.09,14086,10,买盘
3097,14:00:39,14.07,15480,11,卖盘
3098,14:00:42,14.09,15497,11,买盘
3099,14:00:45,14.08,198600,141,买盘
3100,14:00:48,14.08,39423,28,买盘
3101,14:00:51,14.08,7040,5,买盘
3102,14:00:54,14.08,14080,10,买盘
3103,14:00:57,14.07,16885,12,卖盘
3104,14:01:00,14.08,74624,53,中性盘
3105,14:01:03,14.09,28161,20,买盘
3106,14:01:06,14.08,23937,17,卖盘
3107,14:01:09,14.08,33792,24,卖盘
3108,14:01:12,14.08,26752,19,卖盘
3109,14:01:15,14.08,14080,10,卖盘
3110,14:01:18,14.09,16908,12,买盘
3111,14:01:21,14.08,45078,32,卖盘
3112,14:01:24,14.08,15489,11,卖盘
3113,14:01:27,14.08,2816,2,卖盘
3114,14:01:30,14.08,401518,285,卖盘
3115,14:01:33,14.09,80313,57,买盘
3116,14:01:36,14.09,81722,58,卖盘
3117,14:01:39,14.09,30999,22,卖盘
3118,14:01:42,14.09,15498,11,卖盘
3119,14:01:45,14.08,1408,1,卖盘
3120,14:01:48,14.09,63378,45,买盘
3121,14:01:51,14.08,84498,60,卖盘
3122,14:01:54,14.08,130944,93,卖盘
3123,14:01:57,14.09,15499,11,买盘
3124,14:02:00,14.08,69022,49,卖盘
3125,14:02:03,14.09,1409,1,买盘
3126,14:02:06,14.09,535420,380,买盘
3127,14:02:09,14.09,28163,20,中性盘
3128,14:02:12,14.1,15490,11,买盘
3129,14:02:18,14.1,105694,75,买盘
3130,14:02:21,14.1,14097,10,买盘
3131,14:02:24,14.1,62039,44,买盘
3132,14:02:27,14.09,11273,8,卖盘
3133,14:02:30,14.1,31020,22,买盘
3134,14:02:33,14.1,654238,464,买盘
3135,14:02:36,14.1,32421,23,买盘
3136,14:02:39,14.11,640158,454,买盘
3137,14:02:42,14.11,307578,218,买盘
3138,14:02:45,14.11,1411,1,买盘
