,成交时间,成交价格,成交金额,成交量,性质
0,09:25:00,13.68,5162832,3774,买盘
1,09:30:00,13.68,6045641,4419,卖盘
2,09:30:03,13.68,6225519,4542,买盘
3,09:30:06,13.7,1097970,801,买盘
4,09:30:09,13.74,841144,612,买盘
5,09:30:12,13.77,444850,323,买盘
6,09:30:15,13.78,2549886,1850,买盘
7,09:30:18,13.8,1199245,869,买盘
8,09:30:21,13.82,521026,377,买盘
9,09:30:24,13.84,809069,585,买盘
10,09:30:27,13.85,402899,291,买盘
11,09:30:30,13.87,367382,265,买盘
12,09:30:33,13.87,1491779,1075,卖盘
13,09:30:36,13.89,1603890,1156,买盘
14,09:30:39,13.87,698000,503,卖盘
15,09:30:42,13.85,3443579,2487,卖盘
16,09:30:45,13.9,2646898,1906,买盘
17,09:30:48,13.89,937202,674,卖盘
18,09:30:51,13.9,417708,301,买盘
19,09:30:54,13.88,169422,122,中性盘
20,09:30:57,13.87,355421,256,卖盘
21,09:31:00,13.89,2661957,1920,买盘
22,09:31:03,13.89,4618468,3326,买盘
23,09:31:06,13.89,860453,619,卖盘
24,09:31:09,13.9,432125,311,中性盘
25,09:31:12,13.89,252933,182,卖盘
26,09:31:15,13.93,2299330,1652,买盘
27,09:31:18,13.98,2321729,1663,买盘
28,09:31:21,13.99,1351689,967,买盘
29,09:31:24,13.98,818386,585,中性盘
30,09:31:27,13.98,400080,286,卖盘
31,09:31:30,13.98,950946,680,卖盘
32,09:31:33,13.97,760331,544,卖盘
33,09:31:36,13.96,209612,150,卖盘
34,09:31:39,13.97,768593,550,买盘
35,09:31:42,13.97,935121,669,卖盘
36,09:31:45,14.01,3174587,2268,买盘
37,09:31:48,14.0,2155979,1540,卖盘
38,09:31:51,13.99,587967,420,卖盘
39,09:31:54,14.01,2015693,1439,买盘
40,09:31:57,14.04,2159671,1540,买盘
41,09:32:00,14.04,1396825,995,卖盘
42,09:32:03,14.06,1107412,787,中性盘
43,09:32:06,14.04,487789,347,卖盘
44,09:32:09,14.05,991577,705,中性盘
45,09:32:12,14.07,4560077,3238,买盘
46,09:32:15,14.07,1620158,1150,卖盘
47,09:32:18,14.1,899136,638,中性盘
48,09:32:21,14.12,1158412,821,买盘
49,09:32:24,14.14,2019574,1430,买盘
50,09:32:27,14.11,888780,630,卖盘
51,09:32:30,14.1,606934,430,卖盘
52,09:32:33,14.1,804107,570,卖盘
53,09:32:36,14.1,829192,588,中性盘
54,09:32:39,14.11,1550993,1100,买盘
55,09:32:42,14.1,725207,514,卖盘
56,09:32:45,14.09,836353,593,卖盘
57,09:32:48,14.1,1663887,1180,买盘
58,09:32:51,14.09,1229047,872,卖盘
59,09:32:54,14.09,1598457,1134,卖盘
60,09:32:57,14.1,1113360,790,买盘
61,09:33:00,14.09,1062767,754,中性盘
62,09:33:03,14.12,5219893,3701,买盘
63,09:33:06,14.12,2419411,1715,买盘
64,09:33:09,14.13,609762,432,买盘
65,09:33:12,14.12,424893,301,中性盘
66,09:33:15,14.12,413572,293,买盘
67,09:33:18,14.11,923200,654,卖盘
68,09:33:21,14.1,767027,544,卖盘
69,09:33:24,14.1,523136,371,买盘
70,09:33:27,14.14,6974147,4937,买盘
71,09:33:30,14.11,827609,586,卖盘
72,09:33:33,14.12,711638,504,买盘
73,09:33:36,14.12,768524,544,中性盘
74,09:33:39,14.12,642597,455,卖盘
75,09:33:42,14.13,508484,360,买盘
76,09:33:45,14.11,795124,563,卖盘
77,09:33:48,14.11,804354,570,卖盘
78,09:33:51,14.11,1374488,974,买盘
79,09:33:54,14.12,1601539,1134,买盘
80,09:33:57,14.12,717540,508,卖盘
81,09:34:00,14.17,9120596,6446,买盘
82,09:34:03,14.27,18427521,12956,买盘
83,09:34:06,14.3,1235122,865,买盘
84,09:34:09,14.29,1131033,792,中性盘
85,09:34:12,14.27,982982,688,中性盘
86,09:34:15,14.28,4015543,2811,中性盘
87,09:34:18,14.27,1759274,1231,卖盘
88,09:34:21,14.26,2025873,1418,卖盘
89,09:34:24,14.26,466378,327,买盘
90,09:34:27,14.26,529027,371,买盘
91,09:34:30,14.25,513118,360,中性盘
92,09:34:33,14.24,401766,282,中性盘
93,09:34:36,14.24,820524,576,买盘
94,09:34:39,14.24,760291,534,卖盘
95,09:34:42,14.23,2081253,1461,买盘
96,09:34:45,14.28,4894062,3430,买盘
97,09:34:48,14.29,1307014,915,买盘
98,09:34:51,14.28,734651,514,卖盘
99,09:34:54,14.27,3431616,2405,卖盘
100,09:34:57,14.27,584907,410,买盘
101,09:35:00,14.32,6046374,4230,买盘
102,09:35:03,14.35,2193431,1531,买盘
103,09:35:06,14.36,7384028,5152,买盘
104,09:35:09,14.32,1783928,1243,卖盘
105,09:35:12,14.32,994691,693,卖盘
106,09:35:15,14.32,1069146,746,卖盘
107,09:35:18,14.28,3497502,2447,卖盘
108,09:35:21,14.25,686618,481,卖盘
109,09:35:24,14.27,1273967,893,中性盘
110,09:35:27,14.25,1476546,1036,卖盘
111,09:35:30,14.24,354826,249,卖盘
112,09:35:33,14.22,743656,522,卖盘
113,09:35:36,14.23,512677,360,买盘
114,09:35:39,14.21,603998,425,卖盘
115,09:35:42,14.22,209001,147,买盘
116,09:35:45,14.22,1671999,1177,买盘
117,09:35:48,14.23,1863487,1310,买盘
118,09:35:51,14.24,538367,378,中性盘
119,09:35:54,14.25,1716891,1205,买盘
120,09:35:57,14.25,454678,319,卖盘
121,09:36:00,14.27,767755,538,买盘
122,09:36:03,14.26,1452891,1020,中性盘
123,09:36:06,14.25,1202689,844,中性盘
124,09:36:09,14.24,546966,384,中性盘
125,09:36:12,14.25,799451,561,买盘
126,09:36:15,14.25,1081723,759,卖盘
127,09:36:18,14.24,796560,559,卖盘
128,09:36:21,14.25,479942,337,买盘
129,09:36:24,14.25,425639,299,买盘
130,09:36:27,14.24,125257,88,中性盘
131,09:36:30,14.23,515146,362,卖盘
132,09:36:33,14.23,199214,140,买盘
133,09:36:36,14.22,428021,301,卖盘
134,09:36:39,14.22,422241,297,买盘
135,09:36:42,14.23,3343624,2350,买盘
136,09:36:45,14.23,368675,259,卖盘
137,09:36:48,14.24,240477,169,买盘
138,09:36:51,14.23,493958,347,中性盘
139,09:36:54,14.24,696316,489,买盘
140,09:36:57,14.23,447140,314,卖盘
141,09:37:00,14.24,842859,592,买盘
142,09:37:03,14.24,563906,396,买盘
143,09:37:06,14.23,379990,267,卖盘
144,09:37:09,14.23,132362,93,买盘
145,09:37:12,14.25,2875264,2018,买盘
146,09:37:15,14.25,2622054,1839,卖盘
147,09:37:18,14.25,248087,174,卖盘
148,09:37:21,14.25,300969,211,卖盘
149,09:37:24,14.26,258100,181,买盘
150,09:37:27,14.26,510810,358,卖盘
151,09:37:30,14.26,302361,212,卖盘
152,09:37:33,14.26,48497,34,卖盘
153,09:37:36,14.26,152584,107,中性盘
154,09:37:39,14.26,442122,310,买盘
155,09:37:42,14.24,1074419,754,卖盘
156,09:37:45,14.26,356349,250,买盘
157,09:37:48,14.25,260607,183,卖盘
158,09:37:51,14.25,189512,133,买盘
159,09:37:54,14.24,801970,563,卖盘
160,09:37:57,14.24,851053,598,卖盘
161,09:38:00,14.23,1519368,1068,卖盘
162,09:38:03,14.21,371057,261,卖盘
163,09:38:06,14.23,176398,124,买盘
164,09:38:09,14.23,413934,291,中性盘
165,09:38:12,14.23,520779,366,买盘
166,09:38:15,14.24,3341183,2346,买盘
167,09:38:18,14.25,1590021,1116,买盘
168,09:38:21,14.23,400076,281,卖盘
169,09:38:24,14.25,448830,315,买盘
170,09:38:27,14.27,1593746,1117,买盘
171,09:38:30,14.29,2238595,1568,买盘
172,09:38:33,14.29,292914,205,买盘
173,09:38:36,14.3,2294750,1605,买盘
174,09:38:39,14.3,351706,246,买盘
175,09:38:42,14.3,1248214,873,买盘
176,09:38:45,14.3,952278,666,买盘
177,09:38:48,14.31,700960,490,买盘
178,09:38:51,14.32,646692,452,买盘
179,09:38:54,14.32,512593,358,买盘
180,09:38:57,14.32,399352,279,买盘
181,09:39:00,14.32,743091,519,买盘
182,09:39:03,14.32,2001614,1398,买盘
183,09:39:06,14.32,574175,401,卖盘
184,09:39:09,14.33,1606403,1121,买盘
185,09:39:12,14.34,719883,502,买盘
186,09:39:15,14.35,934969,652,买盘
187,09:39:18,14.36,1334599,930,买盘
188,09:39:21,14.33,1243706,867,卖盘
189,09:39:24,14.36,1922027,1339,买盘
190,09:39:27,14.33,2019493,1410,卖盘
191,09:39:30,14.34,536390,374,买盘
192,09:39:33,14.34,269666,188,买盘
193,09:39:36,14.34,458776,320,卖盘
194,09:39:39,14.32,1116423,779,卖盘
195,09:39:42,14.32,424064,296,卖盘
196,09:39:45,14.31,554155,387,卖盘
197,09:39:48,14.3,595841,416,卖盘
198,09:39:51,14.32,548482,383,买盘
199,09:39:54,14.3,820135,573,卖盘
200,09:39:57,14.33,486875,340,买盘
201,09:40:00,14.32,1309875,915,卖盘
202,09:40:03,14.32,302229,211,买盘
203,09:40:06,14.32,1157258,809,买盘
204,09:40:09,14.3,248893,174,卖盘
205,09:40:12,14.3,1200687,840,买盘
206,09:40:15,14.28,178700,125,卖盘
207,09:40:18,14.3,721320,505,买盘
208,09:40:21,14.28,988055,692,卖盘
209,09:40:24,14.27,164150,115,卖盘
210,09:40:27,14.27,305199,214,买盘
211,09:40:30,14.28,964862,676,买盘
212,09:40:33,14.29,2252534,1578,买盘
213,09:40:36,14.29,1304763,913,买盘
214,09:40:39,14.28,634684,444,卖盘
215,09:40:42,14.3,681880,477,买盘
216,09:40:45,14.31,703305,492,买盘
217,09:40:48,14.29,931134,651,卖盘
218,09:40:51,14.3,241618,169,中性盘
219,09:40:54,14.3,197291,138,买盘
220,09:40:57,14.29,519046,363,卖盘
221,09:41:00,14.29,1514104,1059,卖盘
222,09:41:03,14.3,297347,208,买盘
223,09:41:06,14.29,1858704,1300,卖盘
224,09:41:09,14.28,565879,396,卖盘
225,09:41:12,14.29,187179,131,买盘
226,09:41:15,14.28,189963,133,卖盘
227,09:41:18,14.29,1691980,1184,买盘
228,09:41:21,14.29,992938,695,卖盘
229,09:41:24,14.3,974972,682,买盘
230,09:41:27,14.29,741109,518,卖盘
231,09:41:30,14.29,265937,186,卖盘
232,09:41:33,14.3,261568,183,买盘
233,09:41:36,14.3,739269,517,买盘
234,09:41:39,14.3,640854,448,卖盘
235,09:41:42,14.3,1155540,808,卖盘
236,09:41:45,14.3,459109,321,卖盘
237,09:41:48,14.3,490255,343,买盘
238,09:41:51,14.28,1001039,701,卖盘
239,09:41:54,14.28,121336,85,买盘
240,09:41:57,14.27,134146,94,卖盘
241,09:42:00,14.28,485373,340,买盘
242,09:42:03,14.27,1802850,1263,卖盘
243,09:42:06,14.27,830912,582,卖盘
244,09:42:09,14.29,462645,324,买盘
245,09:42:12,14.29,225588,158,买盘
246,09:42:15,14.29,290068,203,买盘
247,09:42:18,14.29,117211,82,买盘
248,09:42:21,14.28,298547,209,卖盘
249,09:42:24,14.28,145708,102,卖盘
250,09:42:27,14.29,375766,263,买盘
251,09:42:30,14.29,470114,329,买盘
252,09:42:33,14.29,2103401,1471,卖盘
253,09:42:36,14.29,1200909,840,卖盘
254,09:42:39,14.29,295951,207,卖盘
255,09:42:42,14.3,102924,72,买盘
256,09:42:45,14.3,448876,314,买盘
257,09:42:48,14.3,597697,418,买盘
258,09:42:51,14.3,298870,209,卖盘
259,09:42:54,14.3,657907,460,卖盘
260,09:42:57,14.3,688083,481,买盘
261,09:43:00,14.3,145860,102,卖盘
262,09:43:03,14.3,806778,564,卖盘
263,09:43:06,14.3,885354,619,买盘
264,09:43:09,14.29,214398,150,卖盘
265,09:43:12,14.3,557679,390,买盘
266,09:43:15,14.3,827406,579,买盘
267,09:43:18,14.3,477340,334,买盘
268,09:43:21,14.29,24293,17,买盘
269,09:43:24,14.28,202833,142,卖盘
270,09:43:27,14.29,257135,180,买盘
271,09:43:30,14.29,405682,284,买盘
272,09:43:33,14.27,527092,369,卖盘
273,09:43:36,14.29,687890,482,买盘
274,09:43:39,14.29,629959,441,买盘
275,09:43:42,14.29,1627191,1138,卖盘
276,09:43:45,14.29,390242,273,买盘
277,09:43:48,14.29,500051,350,卖盘
278,09:43:51,14.29,192846,135,买盘
279,09:43:54,14.28,925608,648,卖盘
280,09:43:57,14.28,167202,117,卖盘
281,09:44:00,14.29,347271,243,买盘
282,09:44:03,14.32,3457792,2417,买盘
283,09:44:06,14.32,1231724,861,买盘
284,09:44:09,14.32,411881,288,买盘
285,09:44:12,14.31,24315,17,中性盘
286,09:44:15,14.29,1422021,995,卖盘
287,09:44:18,14.31,888894,621,买盘
288,09:44:21,14.31,195983,137,买盘
289,09:44:24,14.29,94378,66,卖盘
290,09:44:27,14.3,105848,74,买盘
291,09:44:30,14.29,98610,69,卖盘
292,09:44:33,14.29,317251,222,卖盘
293,09:44:36,14.29,591619,414,买盘
294,09:44:39,14.29,241460,169,买盘
295,09:44:42,14.29,268527,188,买盘
296,09:44:45,14.29,247115,173,买盘
297,09:44:48,14.27,1732206,1213,卖盘
298,09:44:51,14.28,87125,61,买盘
299,09:44:54,14.28,71390,50,买盘
300,09:44:57,14.27,395668,277,卖盘
301,09:45:00,14.27,109897,77,卖盘
302,09:45:03,14.25,2007466,1407,卖盘
303,09:45:06,14.27,174000,122,买盘
304,09:45:09,14.26,188116,132,中性盘
305,09:45:12,14.25,226590,159,卖盘
306,09:45:15,14.26,876481,615,买盘
307,09:45:18,14.23,303425,213,卖盘
308,09:45:21,14.23,31330,22,卖盘
309,09:45:24,14.23,405566,285,卖盘
310,09:45:27,14.23,128065,90,卖盘
311,09:45:30,14.22,253135,178,卖盘
312,09:45:33,14.21,1027539,723,卖盘
313,09:45:36,14.21,693470,488,卖盘
314,09:45:39,14.21,1109920,781,卖盘
315,09:45:42,14.21,490232,345,卖盘
316,09:45:45,14.21,789909,556,买盘
317,09:45:48,14.22,632413,445,买盘
318,09:45:51,14.21,434863,306,卖盘
319,09:45:54,14.2,939271,661,卖盘
320,09:45:57,14.2,535490,377,卖盘
321,09:46:00,14.2,335140,236,卖盘
322,09:46:03,14.21,659009,464,买盘
323,09:46:06,14.21,795901,560,买盘
324,09:46:09,14.21,505880,356,卖盘
325,09:46:12,14.22,683553,481,买盘
326,09:46:15,14.23,573389,403,买盘
327,09:46:18,14.23,254717,179,卖盘
328,09:46:21,14.24,405640,285,买盘
329,09:46:24,14.25,141075,99,买盘
330,09:46:27,14.25,92589,65,买盘
331,09:46:30,14.24,326314,229,卖盘
332,09:46:33,14.25,138171,97,中性盘
333,09:46:36,14.25,166657,117,卖盘
334,09:46:39,14.26,383389,269,买盘
335,09:46:42,14.24,373377,262,卖盘
336,09:46:45,14.25,68395,48,中性盘
337,09:46:48,14.25,99695,70,卖盘
338,09:46:51,14.24,280885,197,卖盘
339,09:46:54,14.24,139609,98,卖盘
340,09:46:57,14.25,179485,126,买盘
341,09:47:00,14.25,313595,220,买盘
342,09:47:03,14.25,359303,252,买盘
343,09:47:06,14.25,528677,371,卖盘
344,09:47:09,14.24,148123,104,卖盘
345,09:47:12,14.24,24213,17,卖盘
346,09:47:15,14.25,242190,170,买盘
347,09:47:18,14.25,1097594,770,买盘
348,09:47:21,14.25,534632,375,卖盘
349,09:47:24,14.26,574162,403,中性盘
350,09:47:27,14.25,81233,57,卖盘
351,09:47:30,14.25,131127,92,卖盘
352,09:47:33,14.26,296489,208,买盘
353,09:47:36,14.25,58426,41,卖盘
354,09:47:39,14.25,229400,161,卖盘
355,09:47:42,14.25,175176,123,买盘
356,09:47:45,14.22,1091848,767,卖盘
357,09:47:48,14.25,140925,99,买盘
358,09:47:51,14.24,11398,8,中性盘
359,09:47:54,14.24,92515,65,卖盘
360,09:47:57,14.25,249140,175,买盘
361,09:48:00,14.23,160867,113,卖盘
362,09:48:03,14.24,213701,150,买盘
363,09:48:06,14.25,96858,68,买盘
364,09:48:09,14.24,210865,148,卖盘
365,09:48:12,14.24,31328,22,卖盘
366,09:48:15,14.23,612486,430,卖盘
367,09:48:18,14.25,55555,39,买盘
368,09:48:21,14.24,138190,97,买盘
369,09:48:24,14.24,1155422,812,买盘
370,09:48:27,14.24,219291,154,买盘
371,09:48:30,14.24,336144,236,买盘
372,09:48:33,14.24,356039,250,买盘
373,09:48:36,14.24,135295,95,卖盘
374,09:48:39,14.23,572444,402,卖盘
375,09:48:42,14.23,37016,26,卖盘
376,09:48:45,14.23,220566,155,卖盘
377,09:48:48,14.23,213397,150,卖盘
378,09:48:51,14.23,135170,95,买盘
379,09:48:54,14.23,95329,67,买盘
380,09:48:57,14.21,75365,53,卖盘
381,09:49:00,14.22,82450,58,买盘
382,09:49:03,14.21,257202,181,卖盘
383,09:49:06,14.22,274399,193,买盘
384,09:49:09,14.22,213192,150,买盘
385,09:49:12,14.22,102334,72,买盘
386,09:49:15,14.2,248819,175,卖盘
387,09:49:18,14.22,105171,74,买盘
388,09:49:21,14.2,63922,45,卖盘
389,09:49:24,14.2,333828,235,卖盘
390,09:49:27,14.2,411836,290,卖盘
391,09:49:30,14.2,210240,148,卖盘
392,09:49:33,14.2,88066,62,卖盘
393,09:49:36,14.21,483132,340,中性盘
394,09:49:39,14.19,282578,199,卖盘
395,09:49:42,14.2,773533,545,买盘
396,09:49:45,14.19,396100,279,卖盘
397,09:49:48,14.19,218576,154,卖盘
398,09:49:51,14.2,239953,169,买盘
399,09:49:54,14.19,817347,576,卖盘
400,09:49:57,14.2,2012461,1418,买盘
401,09:50:00,14.2,523689,369,买盘
402,09:50:03,14.21,90858,64,买盘
403,09:50:06,14.2,193056,136,买盘
404,09:50:09,14.2,242874,171,卖盘
405,09:50:12,14.21,441735,311,买盘
406,09:50:15,14.22,360940,254,买盘
407,09:50:18,14.22,55424,39,买盘
408,09:50:21,14.22,349825,246,买盘
409,09:50:24,14.24,250475,176,买盘
410,09:50:27,14.23,177958,125,卖盘
411,09:50:30,14.25,303400,213,买盘
412,09:50:33,14.25,1236909,868,买盘
413,09:50:36,14.25,186720,131,卖盘
414,09:50:39,14.25,11400,8,中性盘
415,09:50:42,14.24,353578,248,卖盘
416,09:50:45,14.23,344594,242,卖盘
417,09:50:48,14.24,19933,14,买盘
418,09:50:51,14.23,369980,260,卖盘
419,09:50:54,14.23,146520,103,买盘
420,09:50:57,14.22,261882,184,卖盘
421,09:51:00,14.24,24194,17,买盘
422,09:51:03,14.24,236357,166,买盘
423,09:51:06,14.24,96821,68,买盘
424,09:51:09,14.24,267640,188,买盘
425,09:51:12,14.25,346269,243,买盘
426,09:51:15,14.26,408993,287,买盘
427,09:51:18,14.24,242210,170,卖盘
428,09:51:21,14.26,304801,214,买盘
429,09:51:24,14.24,1100910,773,卖盘
430,09:51:27,14.23,163828,115,卖盘
431,09:51:30,14.25,220809,155,买盘
432,09:51:33,14.26,44201,31,买盘
433,09:51:36,14.25,68384,48,卖盘
434,09:51:39,14.25,340375,239,买盘
435,09:51:42,14.25,27075,19,买盘
436,09:51:45,14.25,225110,158,买盘
437,09:51:48,14.24,327563,230,卖盘
438,09:51:51,14.24,24208,17,买盘
439,09:51:54,14.24,159476,112,买盘
440,09:51:57,14.23,197819,139,卖盘
441,09:52:00,14.23,49806,35,卖盘
442,09:52:03,14.24,236283,166,买盘
443,09:52:06,14.25,55575,39,买盘
444,09:52:09,14.24,508495,357,卖盘
445,09:52:12,14.24,136793,96,卖盘
446,09:52:15,14.24,844463,593,卖盘
447,09:52:18,14.24,217872,153,买盘
448,09:52:21,14.23,4269,3,卖盘
449,09:52:24,14.23,609407,428,卖盘
450,09:52:27,14.23,120982,85,卖盘
451,09:52:30,14.23,21348,15,卖盘
452,09:52:33,14.24,125312,88,买盘
453,09:52:36,14.23,187855,132,卖盘
454,09:52:39,14.24,34153,24,买盘
455,09:52:42,14.23,287537,202,卖盘
456,09:52:45,14.25,1762985,1238,买盘
457,09:52:48,14.25,186676,131,买盘
458,09:52:51,14.25,119713,84,卖盘
459,09:52:54,14.25,27075,19,卖盘
460,09:52:57,14.26,49887,35,买盘
461,09:53:00,14.26,918279,644,买盘
462,09:53:03,14.27,765810,537,买盘
463,09:53:06,14.27,25676,18,买盘
464,09:53:09,14.26,41371,29,卖盘
465,09:53:12,14.27,266827,187,买盘
466,09:53:15,14.26,286665,201,卖盘
467,09:53:18,14.27,18551,13,买盘
468,09:53:21,14.27,480654,337,买盘
469,09:53:24,14.26,85615,60,中性盘
470,09:53:27,14.25,243836,171,卖盘
471,09:53:30,14.27,151257,106,买盘
472,09:53:33,14.27,159813,112,买盘
473,09:53:36,14.27,104135,73,买盘
474,09:53:39,14.28,137002,96,买盘
475,09:53:42,14.28,333807,234,买盘
476,09:53:45,14.26,68481,48,卖盘
477,09:53:48,14.27,49941,35,买盘
478,09:53:51,14.27,107021,75,买盘
479,09:53:54,14.27,129845,91,买盘
480,09:53:57,14.27,24259,17,买盘
481,09:54:00,14.27,148408,104,买盘
482,09:54:03,14.28,91340,64,买盘
483,09:54:06,14.28,139897,98,买盘
484,09:54:09,14.27,41393,29,卖盘
485,09:54:12,14.27,426717,299,卖盘
486,09:54:15,14.27,166958,117,买盘
487,09:54:18,14.27,235355,165,买盘
488,09:54:21,14.27,114158,80,买盘
489,09:54:24,14.26,112687,79,卖盘
490,09:54:27,14.26,851057,597,卖盘
491,09:54:30,14.26,77006,54,卖盘
492,09:54:33,14.26,31372,22,买盘
493,09:54:36,14.26,332258,233,买盘
494,09:54:39,14.27,161188,113,买盘
495,09:54:42,14.27,29952,21,买盘
496,09:54:45,14.27,301103,211,买盘
497,09:54:48,14.26,168441,118,卖盘
498,09:54:51,14.28,75684,53,买盘
499,09:54:54,14.28,389788,273,买盘
500,09:54:57,14.27,147004,103,卖盘
501,09:55:00,14.32,13285667,9290,买盘
502,09:55:03,14.32,2334098,1630,买盘
503,09:55:06,14.33,104609,73,买盘
504,09:55:09,14.33,61616,43,买盘
505,09:55:12,14.33,286600,200,买盘
506,09:55:15,14.33,263623,184,买盘
507,09:55:18,14.33,260746,182,买盘
508,09:55:21,14.32,308082,215,卖盘
509,09:55:24,14.33,123237,86,买盘
510,09:55:27,14.33,673484,470,买盘
511,09:55:30,14.33,219223,153,买盘
512,09:55:33,14.33,901357,629,买盘
513,09:55:36,14.32,722037,504,卖盘
514,09:55:39,14.32,585844,409,卖盘
515,09:55:42,14.32,114551,80,买盘
516,09:55:45,14.32,68736,48,买盘
517,09:55:48,14.32,257742,180,买盘
518,09:55:51,14.32,226245,158,买盘
519,09:55:54,14.32,307817,215,买盘
520,09:55:57,14.32,857742,599,买盘
521,09:56:00,14.32,668905,467,买盘
522,09:56:03,14.32,313595,219,卖盘
523,09:56:06,14.33,795165,555,买盘
524,09:56:09,14.33,631915,441,买盘
525,09:56:12,14.32,1882819,1315,卖盘
526,09:56:15,14.31,1104807,772,卖盘
527,09:56:18,14.31,174582,122,买盘
528,09:56:21,14.31,88748,62,卖盘
529,09:56:24,14.31,181734,127,卖盘
530,09:56:27,14.31,246125,172,买盘
531,09:56:30,14.28,3207209,2244,卖盘
532,09:56:33,14.29,115816,81,中性盘
533,09:56:36,14.28,50001,35,卖盘
534,09:56:39,14.28,67116,47,卖盘
535,09:56:42,14.28,1143071,801,中性盘
536,09:56:45,14.27,360303,252,卖盘
537,09:56:48,14.27,112737,79,卖盘
538,09:56:51,14.26,892614,626,卖盘
539,09:56:54,14.26,31384,22,卖盘
540,09:56:57,14.26,1332634,934,卖盘
541,09:57:00,14.26,42762,30,买盘
542,09:57:03,14.26,139748,98,买盘
543,09:57:06,14.26,216724,152,买盘
544,09:57:09,14.26,151070,106,买盘
545,09:57:12,14.26,119709,84,买盘
546,09:57:15,14.26,285201,200,买盘
547,09:57:18,14.26,156868,110,卖盘
548,09:57:21,14.26,118385,83,卖盘
549,09:57:24,14.26,111278,78,卖盘
550,09:57:27,14.26,14260,10,卖盘
551,09:57:30,14.26,424960,298,卖盘
552,09:57:33,14.27,233973,164,买盘
553,09:57:36,14.26,249472,175,卖盘
554,09:57:39,14.26,48473,34,买盘
555,09:57:42,14.26,162562,114,买盘
556,09:57:45,14.25,183831,129,卖盘
557,09:57:48,14.25,79845,56,卖盘
558,09:57:51,14.25,12827,9,卖盘
559,09:57:54,14.25,158175,111,卖盘
560,09:57:57,14.25,38475,27,买盘
561,09:58:00,14.25,15673,11,买盘
562,09:58:03,14.25,799397,561,买盘
563,09:58:06,14.25,349122,245,买盘
564,09:58:09,14.25,246522,173,卖盘
565,09:58:12,14.24,230838,162,卖盘
566,09:58:15,14.25,25640,18,买盘
567,09:58:18,14.25,92625,65,买盘
568,09:58:21,14.25,188094,132,买盘
569,09:58:24,14.25,82650,58,卖盘
570,09:58:27,14.25,41343,29,卖盘
571,09:58:30,14.25,115453,81,卖盘
572,09:58:33,14.25,29925,21,卖盘
573,09:58:36,14.25,28505,20,卖盘
574,09:58:39,14.25,182408,128,卖盘
575,09:58:42,14.25,307995,216,卖盘
576,09:58:45,14.25,165300,116,卖盘
577,09:58:48,14.25,64125,45,买盘
578,09:58:51,14.25,129671,91,买盘
579,09:58:54,14.25,115418,81,买盘
580,09:58:57,14.25,222296,156,买盘
581,09:59:00,14.24,306299,215,卖盘
582,09:59:03,14.25,162390,114,买盘
583,09:59:06,14.25,22799,16,买盘
584,09:59:09,14.24,186629,131,卖盘
585,09:59:12,14.24,116843,82,卖盘
586,09:59:15,14.25,59849,42,买盘
587,09:59:18,14.25,31333,22,买盘
588,09:59:21,14.25,56984,40,买盘
589,09:59:24,14.24,59808,42,卖盘
590,09:59:27,14.24,108231,76,卖盘
591,09:59:30,14.24,326096,229,卖盘
592,09:59:33,14.24,249200,175,卖盘
593,09:59:36,14.24,160876,113,买盘
594,09:59:39,14.23,180892,127,卖盘
595,09:59:42,14.24,1424,1,买盘
596,09:59:45,14.24,11391,8,买盘
597,09:59:48,14.24,14240,10,买盘
598,09:59:51,14.23,146577,103,卖盘
599,09:59:54,14.24,112456,79,买盘
600,09:59:57,14.23,153687,108,卖盘
601,10:00:00,14.24,126706,89,买盘
602,10:00:03,14.23,438451,308,卖盘
603,10:00:06,14.23,143804,101,卖盘
604,10:00:09,14.24,671718,472,买盘
605,10:00:12,14.22,577439,406,卖盘
606,10:00:15,14.22,355500,250,卖盘
607,10:00:18,14.22,41238,29,买盘
608,10:00:21,14.22,393894,277,买盘
609,10:00:24,14.22,226116,159,卖盘
610,10:00:27,14.23,247609,174,买盘
611,10:00:30,14.22,130880,92,卖盘
612,10:00:33,14.23,72561,51,卖盘
613,10:00:36,14.23,24191,17,卖盘
614,10:00:39,14.26,1469206,1031,买盘
615,10:00:42,14.27,223884,157,买盘
616,10:00:45,14.27,14270,10,买盘
617,10:00:48,14.26,29946,21,卖盘
618,10:00:51,14.27,65642,46,买盘
619,10:00:54,14.27,68481,48,买盘
620,10:00:57,14.28,1428,1,买盘
621,10:01:00,14.27,94186,66,卖盘
622,10:01:03,14.27,12843,9,买盘
623,10:01:06,14.26,41368,29,卖盘
624,10:01:09,14.26,270991,190,卖盘
625,10:01:12,14.26,139748,98,买盘
626,10:01:15,14.26,172546,121,买盘
627,10:01:18,14.25,289339,203,卖盘
628,10:01:21,14.25,55574,39,买盘
629,10:01:24,14.24,139628,98,卖盘
630,10:01:27,14.24,113949,80,卖盘
631,10:01:30,14.24,85455,60,买盘
632,10:01:33,14.24,105376,74,卖盘
633,10:01:36,14.24,31328,22,买盘
634,10:01:39,14.24,21360,15,买盘
635,10:01:42,14.23,535067,376,卖盘
636,10:01:45,14.23,186436,131,卖盘
637,10:01:48,14.23,73996,52,买盘
638,10:01:51,14.23,91095,64,买盘
639,10:01:54,14.23,99617,70,卖盘
640,10:01:57,14.23,46959,33,卖盘
641,10:02:00,14.24,99651,70,买盘
642,10:02:03,14.24,304716,214,买盘
643,10:02:06,14.25,118206,83,买盘
644,10:02:09,14.24,149533,105,卖盘
645,10:02:12,14.25,306369,215,买盘
646,10:02:15,14.25,152472,107,买盘
647,10:02:18,14.25,11400,8,卖盘
648,10:02:21,14.26,71265,50,买盘
649,10:02:24,14.26,4278,3,买盘
650,10:02:27,14.25,116859,82,卖盘
651,10:02:30,14.25,156760,110,买盘
652,10:02:33,14.25,245099,172,买盘
653,10:02:36,14.25,29939,21,卖盘
654,10:02:39,14.25,22810,16,卖盘
655,10:02:42,14.25,1425,1,卖盘
656,10:02:45,14.26,505855,355,买盘
657,10:02:48,14.25,12825,9,卖盘
658,10:02:51,14.25,21375,15,买盘
659,10:02:54,14.25,52725,37,买盘
660,10:02:57,14.25,275025,193,买盘
661,10:03:00,14.25,69825,49,买盘
662,10:03:03,14.25,312072,219,买盘
663,10:03:06,14.26,18527,13,买盘
664,10:03:09,14.26,1082322,759,买盘
665,10:03:12,14.27,239691,168,买盘
666,10:03:15,14.27,156960,110,买盘
667,10:03:18,14.27,109868,77,买盘
668,10:03:21,14.27,49955,35,卖盘
669,10:03:24,14.28,32824,23,买盘
670,10:03:27,14.27,122759,86,卖盘
671,10:03:30,14.28,164155,115,买盘
672,10:03:33,14.28,69954,49,买盘
673,10:03:36,14.29,857065,600,买盘
674,10:03:39,14.28,92820,65,买盘
675,10:03:42,14.29,941246,660,买盘
676,10:03:45,14.28,318662,223,中性盘
677,10:03:48,14.29,227173,159,买盘
678,10:03:51,14.29,97152,68,买盘
679,10:03:54,14.28,78540,55,卖盘
680,10:03:57,14.29,520039,364,买盘
681,10:04:00,14.28,152842,107,卖盘
682,10:04:03,14.29,450078,315,买盘
683,10:04:06,14.3,115747,81,买盘
684,10:04:09,14.3,218779,153,买盘
685,10:04:12,14.29,5716,4,卖盘
686,10:04:15,14.29,530165,371,卖盘
687,10:04:18,14.29,270102,189,买盘
688,10:04:21,14.3,162908,114,买盘
689,10:04:24,14.29,217280,152,卖盘
690,10:04:27,14.3,185843,130,买盘
691,10:04:30,14.3,633486,443,买盘
692,10:04:33,14.3,7149,5,买盘
693,10:04:36,14.3,451880,316,买盘
694,10:04:39,14.29,168734,118,卖盘
695,10:04:42,14.29,203004,142,卖盘
696,10:04:45,14.3,294570,206,买盘
697,10:04:48,14.3,178670,125,买盘
698,10:04:51,14.3,190177,133,买盘
699,10:04:54,14.3,85794,60,买盘
700,10:04:57,14.3,145860,102,买盘
701,10:05:00,14.3,424710,297,买盘
702,10:05:03,14.3,50043,35,买盘
703,10:05:06,14.29,47184,33,卖盘
704,10:05:09,14.3,434672,304,买盘
705,10:05:12,14.29,130123,91,卖盘
706,10:05:15,14.29,157294,110,卖盘
707,10:05:18,14.29,1094310,766,卖盘
708,10:05:21,14.28,4285,3,中性盘
709,10:05:24,14.29,211259,148,买盘
710,10:05:27,14.29,50015,35,买盘
711,10:05:30,14.27,125605,88,卖盘
712,10:05:33,14.27,27117,19,买盘
713,10:05:36,14.26,269530,189,卖盘
714,10:05:42,14.26,47058,33,卖盘
715,10:05:45,14.26,8558,6,卖盘
716,10:05:48,14.26,24254,17,卖盘
717,10:05:51,14.27,128359,90,中性盘
718,10:05:54,14.26,74167,52,卖盘
719,10:05:57,14.26,58465,41,中性盘
720,10:06:00,14.26,62740,44,买盘
721,10:06:03,14.25,104058,73,卖盘
722,10:06:06,14.25,131136,92,卖盘
723,10:06:09,14.27,4277,3,买盘
724,10:06:12,14.25,109759,77,卖盘
725,10:06:15,14.25,247950,174,卖盘
726,10:06:18,14.25,15675,11,买盘
727,10:06:21,14.24,44144,31,卖盘
728,10:06:24,14.25,226538,159,买盘
729,10:06:27,14.24,222295,156,卖盘
730,10:06:30,14.25,313500,220,买盘
731,10:06:33,14.26,81228,57,买盘
732,10:06:36,14.25,49857,35,卖盘
733,10:06:39,14.25,188095,132,买盘
734,10:06:42,14.26,163884,115,买盘
735,10:06:45,14.25,52733,37,中性盘
736,10:06:48,14.25,59860,42,卖盘
737,10:06:51,14.26,105494,74,买盘
738,10:06:54,14.26,95542,67,买盘
739,10:06:57,14.27,45634,32,买盘
740,10:07:00,14.27,24240,17,买盘
741,10:07:03,14.27,24259,17,买盘
742,10:07:06,14.27,72777,51,买盘
743,10:07:09,14.28,92762,65,买盘
744,10:07:12,14.27,21409,15,中性盘
745,10:07:15,14.28,61404,43,买盘
746,10:07:18,14.28,62826,44,买盘
747,10:07:21,14.28,48552,34,买盘
748,10:07:24,14.28,167031,117,买盘
749,10:07:27,14.28,154124,108,买盘
750,10:07:30,14.27,31396,22,卖盘
751,10:07:33,14.28,61403,43,买盘
752,10:07:36,14.28,219904,154,买盘
753,10:07:39,14.27,47104,33,卖盘
754,10:07:42,14.27,137005,96,卖盘
755,10:07:45,14.27,35697,25,卖盘
756,10:07:48,14.27,275522,193,卖盘
757,10:07:51,14.27,4281,3,卖盘
758,10:07:54,14.28,195578,137,买盘
759,10:07:57,14.28,55686,39,买盘
760,10:08:00,14.28,155751,109,卖盘
761,10:08:03,14.28,14280,10,卖盘
762,10:08:06,14.29,261447,183,买盘
763,10:08:09,14.28,81403,57,卖盘
764,10:08:12,14.28,78580,55,卖盘
765,10:08:15,14.29,84301,59,买盘
766,10:08:18,14.28,58573,41,卖盘
767,10:08:21,14.28,58557,41,卖盘
768,10:08:24,14.3,863132,604,买盘
769,10:08:27,14.29,105773,74,卖盘
770,10:08:30,14.3,37177,26,买盘
771,10:08:33,14.3,4059526,2838,买盘
772,10:08:36,14.32,1052459,735,买盘
773,10:08:39,14.32,412297,288,买盘
774,10:08:42,14.32,118854,83,买盘
775,10:08:45,14.32,366575,256,买盘
776,10:08:48,14.32,302152,211,买盘
777,10:08:51,14.32,42960,30,买盘
778,10:08:54,14.32,326496,228,卖盘
779,10:08:57,14.32,231999,162,卖盘
780,10:09:00,14.34,7406361,5166,买盘
781,10:09:03,14.35,562317,392,买盘
782,10:09:06,14.35,1173798,818,买盘
783,10:09:09,14.35,1663029,1159,买盘
784,10:09:12,14.36,876790,611,买盘
785,10:09:15,14.36,169430,118,买盘
786,10:09:18,14.36,2870580,1999,买盘
787,10:09:21,14.36,654622,456,卖盘
788,10:09:24,14.36,1082388,754,买盘
789,10:09:27,14.35,651879,454,中性盘
790,10:09:30,14.35,292791,204,买盘
791,10:09:33,14.35,149252,104,中性盘
792,10:09:36,14.36,557050,388,买盘
793,10:09:39,14.33,209405,146,卖盘
794,10:09:42,14.34,232308,162,买盘
795,10:09:45,14.34,147744,103,中性盘
796,10:09:48,14.34,193694,135,卖盘
797,10:09:51,14.34,619915,432,卖盘
798,10:09:54,14.35,398888,278,中性盘
799,10:09:57,14.35,55958,39,买盘
800,10:10:00,14.34,829142,578,卖盘
801,10:10:03,14.33,2262749,1579,卖盘
802,10:10:06,14.33,34396,24,卖盘
803,10:10:09,14.31,691305,483,卖盘
804,10:10:12,14.31,22896,16,买盘
805,10:10:15,14.3,51480,36,中性盘
806,10:10:18,14.3,201624,141,买盘
807,10:10:21,14.3,42895,30,买盘
808,10:10:24,14.29,162995,114,卖盘
809,10:10:27,14.29,155790,109,卖盘
810,10:10:30,14.29,745596,522,中性盘
811,10:10:33,14.28,155684,109,卖盘
812,10:10:36,14.29,161460,113,买盘
813,10:10:42,14.29,24293,17,买盘
814,10:10:45,14.29,18577,13,买盘
815,10:10:48,14.29,21443,15,卖盘
816,10:10:51,14.29,54302,38,卖盘
817,10:10:54,14.29,75737,53,买盘
818,10:10:57,14.28,165731,116,卖盘
819,10:11:00,14.29,275647,193,买盘
820,10:11:03,14.3,132890,93,买盘
821,10:11:06,14.3,1520275,1065,买盘
822,10:11:09,14.3,51480,36,买盘
823,10:11:12,14.3,61480,43,买盘
824,10:11:15,14.3,57199,40,买盘
825,10:11:18,14.3,168646,118,卖盘
826,10:11:21,14.3,210198,147,买盘
827,10:11:24,14.3,20020,14,买盘
828,10:11:27,14.3,12870,9,买盘
829,10:11:30,14.3,71470,50,买盘
830,10:11:33,14.3,20020,14,买盘
831,10:11:36,14.29,275980,193,卖盘
832,10:11:39,14.3,195860,137,买盘
833,10:11:42,14.3,14300,10,买盘
834,10:11:45,14.29,14290,10,卖盘
835,10:11:48,14.3,52910,37,买盘
836,10:11:51,14.29,141492,99,卖盘
837,10:11:54,14.3,47190,33,买盘
838,10:11:57,14.3,40041,28,买盘
839,10:12:00,14.3,18590,13,买盘
840,10:12:03,14.3,231653,162,买盘
841,10:12:06,14.3,4290,3,卖盘
842,10:12:09,14.3,40054,28,卖盘
843,10:12:12,14.29,85799,60,卖盘
844,10:12:15,14.3,108680,76,买盘
845,10:12:18,14.3,34317,24,买盘
846,10:12:21,14.3,125817,88,买盘
847,10:12:24,14.3,5720,4,买盘
848,10:12:27,14.29,4289,3,卖盘
849,10:12:30,14.3,41470,29,买盘
850,10:12:33,14.3,2860,2,买盘
851,10:12:36,14.29,130068,91,卖盘
852,10:12:39,14.3,42900,30,买盘
853,10:12:42,14.3,75740,53,买盘
854,10:12:45,14.3,153003,107,买盘
855,10:12:48,14.31,57209,40,买盘
856,10:12:51,14.3,18590,13,卖盘
857,10:12:54,14.3,47210,33,卖盘
858,10:12:57,14.31,70104,49,买盘
859,10:13:00,14.3,10011,7,卖盘
860,10:13:03,14.31,15740,11,买盘
861,10:13:09,14.31,130221,91,买盘
862,10:13:12,14.3,67237,47,卖盘
863,10:13:15,14.31,100170,70,买盘
864,10:13:18,14.31,88722,62,买盘
865,10:13:21,14.31,336285,235,卖盘
866,10:13:24,14.31,64365,45,买盘
867,10:13:27,14.31,138807,97,买盘
868,10:13:30,14.31,103012,72,买盘
869,10:13:33,14.32,60111,42,买盘
870,10:13:36,14.32,110254,77,买盘
871,10:13:39,14.32,239079,167,买盘
872,10:13:42,14.31,21477,15,卖盘
873,10:13:45,14.32,67304,47,买盘
874,10:13:48,14.33,108841,76,买盘
875,10:13:51,14.32,44393,31,卖盘
876,10:13:54,14.33,530209,370,买盘
877,10:13:57,14.33,70244,49,卖盘
878,10:14:00,14.33,17196,12,卖盘
879,10:14:03,14.34,17208,12,买盘
880,10:14:06,14.34,183552,128,买盘
881,10:14:09,14.34,108984,76,买盘
882,10:14:12,14.34,219339,153,买盘
883,10:14:15,14.34,658201,459,买盘
884,10:14:18,14.34,271026,189,卖盘
885,10:14:21,14.33,71690,50,卖盘
886,10:14:24,14.34,1507381,1052,买盘
887,10:14:27,14.34,151995,106,买盘
888,10:14:30,14.34,83155,58,买盘
889,10:14:33,14.34,51624,36,买盘
890,10:14:36,14.34,180664,126,买盘
891,10:14:39,14.34,35863,25,卖盘
892,10:14:42,14.35,63126,44,买盘
893,10:14:45,14.35,319989,223,买盘
894,10:14:48,14.35,53075,37,买盘
895,10:14:51,14.35,777358,542,买盘
896,10:14:54,14.34,126233,88,买盘
897,10:14:57,14.34,264015,184,中性盘
898,10:15:00,14.33,78869,55,卖盘
899,10:15:03,14.34,38700,27,买盘
900,10:15:06,14.34,96068,67,买盘
901,10:15:09,14.33,65958,46,卖盘
902,10:15:12,14.34,2868,2,买盘
903,10:15:15,14.34,68832,48,买盘
904,10:15:18,14.34,156304,109,买盘
905,10:15:21,14.35,111917,78,买盘
906,10:15:24,14.34,96140,67,卖盘
907,10:15:27,14.34,202300,141,卖盘
908,10:15:30,14.35,269780,188,买盘
909,10:15:33,14.35,909785,634,买盘
910,10:15:36,14.35,110481,77,买盘
911,10:15:39,14.35,166460,116,买盘
912,10:15:42,14.34,387440,270,卖盘
913,10:15:45,14.35,169330,118,买盘
914,10:15:48,14.36,2290367,1595,买盘
915,10:15:51,14.36,287106,200,买盘
916,10:15:54,14.36,305799,213,买盘
917,10:15:57,14.35,313034,218,卖盘
918,10:16:00,14.37,547197,381,买盘
919,10:16:03,14.36,182450,127,中性盘
920,10:16:06,14.37,186800,130,买盘
921,10:16:09,14.37,150818,105,买盘
922,10:16:12,14.37,211209,147,买盘
923,10:16:15,14.37,195415,136,买盘
924,10:16:18,14.37,626429,436,买盘
925,10:16:21,14.37,166692,116,买盘
926,10:16:24,14.37,514413,358,买盘
927,10:16:27,14.36,155190,108,卖盘
928,10:16:30,14.37,461267,321,买盘
929,10:16:33,14.37,386548,269,买盘
930,10:16:36,14.37,280205,195,买盘
931,10:16:39,14.36,751546,523,卖盘
932,10:16:42,14.37,195432,136,买盘
933,10:16:45,14.36,974259,678,卖盘
934,10:16:48,14.36,278759,194,卖盘
935,10:16:51,14.36,116381,81,卖盘
936,10:16:54,14.36,386453,269,卖盘
937,10:16:57,14.37,80465,56,买盘
938,10:17:00,14.37,179548,125,买盘
939,10:17:03,14.35,1020682,711,卖盘
940,10:17:06,14.36,548217,382,买盘
941,10:17:09,14.35,25837,18,买盘
942,10:17:12,14.35,342943,239,买盘
943,10:17:15,14.35,939732,655,买盘
944,10:17:18,14.34,15776,11,中性盘
945,10:17:21,14.34,88905,62,买盘
946,10:17:24,14.33,590429,412,卖盘
947,10:17:27,14.34,35829,25,买盘
948,10:17:30,14.34,8603,6,买盘
949,10:17:33,14.34,173472,121,买盘
950,10:17:36,14.33,330954,231,中性盘
951,10:17:39,14.32,17195,12,卖盘
952,10:17:42,14.33,97407,68,买盘
953,10:17:45,14.33,51562,36,买盘
954,10:17:48,14.32,44406,31,卖盘
955,10:17:51,14.33,65910,46,买盘
956,10:17:54,14.33,204902,143,中性盘
957,10:17:57,14.32,382587,267,卖盘
958,10:18:00,14.31,64432,45,卖盘
959,10:18:03,14.31,98813,69,卖盘
960,10:18:06,14.33,346757,242,买盘
961,10:18:09,14.33,164613,115,买盘
962,10:18:12,14.33,442900,309,买盘
963,10:18:15,14.33,154791,108,卖盘
964,10:18:18,14.34,31546,22,买盘
965,10:18:21,14.33,81732,57,卖盘
966,10:18:24,14.33,74516,52,卖盘
967,10:18:27,14.33,7165,5,卖盘
968,10:18:30,14.34,77394,54,买盘
969,10:18:33,14.33,103236,72,卖盘
970,10:18:36,14.33,161937,113,卖盘
971,10:18:39,14.33,315260,220,买盘
972,10:18:42,14.33,217816,152,买盘
973,10:18:45,14.33,391281,273,买盘
974,10:18:48,14.34,87423,61,买盘
975,10:18:51,14.33,150465,105,卖盘
976,10:18:54,14.33,38716,27,卖盘
977,10:18:57,14.34,37279,26,买盘
978,10:19:00,14.34,54488,38,买盘
979,10:19:03,14.33,118952,83,卖盘
980,10:19:06,14.33,7165,5,卖盘
981,10:19:09,14.34,31548,22,买盘
982,10:19:12,14.34,11468,8,买盘
983,10:19:15,14.33,41577,29,卖盘
984,10:19:18,14.34,271023,189,买盘
985,10:19:21,14.33,441364,308,卖盘
986,10:19:24,14.33,51588,36,买盘
987,10:19:27,14.33,55887,39,买盘
988,10:19:30,14.32,2865,2,卖盘
989,10:19:33,14.33,18629,13,买盘
990,10:19:36,14.33,289366,202,买盘
991,10:19:39,14.32,7160,5,卖盘
992,10:19:42,14.33,70217,49,买盘
993,10:19:45,14.33,28660,20,买盘
994,10:19:48,14.33,1433,1,买盘
995,10:19:51,14.33,128970,90,买盘
996,10:19:54,14.33,38691,27,卖盘
997,10:19:57,14.33,42990,30,卖盘
998,10:20:00,14.33,48722,34,卖盘
999,10:20:03,14.33,644850,450,卖盘
1000,10:20:06,14.35,351312,245,买盘
1001,10:20:09,14.35,70290,49,买盘
1002,10:20:12,14.35,2869,2,买盘
1003,10:20:15,14.34,8604,6,卖盘
1004,10:20:18,14.34,98946,69,买盘
1005,10:20:21,14.34,103228,72,买盘
1006,10:20:24,14.34,35848,25,中性盘
1007,10:20:27,14.34,21510,15,买盘
1008,10:20:30,14.34,48756,34,卖盘
1009,10:20:33,14.34,179260,125,卖盘
1010,10:20:36,14.34,132006,92,卖盘
1011,10:20:39,14.34,58812,41,卖盘
1012,10:20:45,14.35,503581,351,买盘
1013,10:20:48,14.35,68857,48,买盘
1014,10:20:51,14.34,192188,134,卖盘
1015,10:20:54,14.34,100419,70,卖盘
1016,10:20:57,14.35,21525,15,买盘
1017,10:21:00,14.34,355788,248,卖盘
1018,10:21:03,14.35,240953,168,买盘
1019,10:21:06,14.35,31564,22,买盘
1020,10:21:09,14.35,34420,24,买盘
1021,10:21:12,14.34,90398,63,卖盘
1022,10:21:15,14.34,77470,54,卖盘
1023,10:21:18,14.35,101835,71,买盘
1024,10:21:21,14.35,70313,49,买盘
1025,10:21:24,14.34,121896,85,卖盘
1026,10:21:27,14.35,185010,129,买盘
1027,10:21:30,14.35,20082,14,买盘
1028,10:21:33,14.35,150576,105,买盘
1029,10:21:36,14.34,65965,46,卖盘
1030,10:21:39,14.34,113316,79,卖盘
1031,10:21:42,14.35,146284,102,买盘
1032,10:21:45,14.34,130494,91,卖盘
1033,10:21:48,14.35,35861,25,买盘
1034,10:21:51,14.35,33005,23,买盘
1035,10:21:54,14.35,8606,6,买盘
1036,10:21:57,14.35,80329,56,买盘
1037,10:22:00,14.34,18642,13,卖盘
1038,10:22:03,14.34,41586,29,买盘
1039,10:22:06,14.33,708357,494,卖盘
1040,10:22:09,14.33,7166,5,卖盘
1041,10:22:12,14.34,43000,30,买盘
1042,10:22:15,14.34,55925,39,买盘
1043,10:22:18,14.33,78865,55,卖盘
1044,10:22:21,14.33,235048,164,卖盘
1045,10:22:24,14.33,120418,84,卖盘
1046,10:22:27,14.34,238016,166,买盘
1047,10:22:30,14.33,73129,51,卖盘
1048,10:22:33,14.34,123251,86,买盘
1049,10:22:36,14.34,245187,171,买盘
1050,10:22:39,14.33,54486,38,卖盘
1051,10:22:42,14.34,51624,36,买盘
1052,10:22:45,14.33,114641,80,卖盘
1053,10:22:48,14.34,362766,253,买盘
1054,10:22:51,14.33,151898,106,卖盘
1055,10:22:54,14.33,93145,65,卖盘
1056,10:22:57,14.33,83115,58,卖盘
1057,10:23:00,14.33,131848,92,卖盘
1058,10:23:03,14.34,18631,13,买盘
1059,10:23:06,14.33,7166,5,卖盘
1060,10:23:09,14.33,2866,2,卖盘
1061,10:23:12,14.34,794421,554,买盘
1062,10:23:15,14.33,209235,146,卖盘
1063,10:23:18,14.33,372592,260,卖盘
1064,10:23:21,14.33,31526,22,卖盘
1065,10:23:24,14.33,233580,163,卖盘
1066,10:23:27,14.33,18629,13,买盘
1067,10:23:30,14.33,45856,32,买盘
1068,10:23:33,14.33,20062,14,买盘
1069,10:23:36,14.33,64481,45,买盘
1070,10:23:39,14.33,121805,85,买盘
1071,10:23:42,14.33,27227,19,卖盘
1072,10:23:45,14.33,194897,136,卖盘
1073,10:23:48,14.34,197834,138,买盘
1074,10:23:51,14.34,2868,2,买盘
1075,10:23:54,14.34,117588,82,买盘
1076,10:23:57,14.33,216435,151,卖盘
1077,10:24:00,14.34,86030,60,买盘
1078,10:24:03,14.34,151922,106,买盘
1079,10:24:06,14.34,21509,15,买盘
1080,10:24:09,14.34,54456,38,买盘
1081,10:24:12,14.33,11469,8,卖盘
1082,10:24:15,14.34,42995,30,买盘
1083,10:24:18,14.34,18636,13,买盘
1084,10:24:21,14.33,38711,27,卖盘
1085,10:24:24,14.34,90308,63,买盘
1086,10:24:27,14.33,349655,244,卖盘
1087,10:24:30,14.34,78830,55,买盘
1088,10:24:33,14.33,468870,327,卖盘
1089,10:24:36,14.33,84547,59,买盘
1090,10:24:39,14.33,34392,24,买盘
1091,10:24:42,14.34,190671,133,买盘
1092,10:24:45,14.33,239319,167,卖盘
1093,10:24:48,14.33,140434,98,卖盘
1094,10:24:51,14.34,27238,19,买盘
1095,10:24:54,14.33,55887,39,卖盘
1096,10:24:57,14.32,17193,12,卖盘
1097,10:25:00,14.33,28660,20,买盘
1098,10:25:03,14.34,100313,70,买盘
1099,10:25:06,14.33,154864,108,中性盘
1100,10:25:09,14.33,318010,222,买盘
1101,10:25:12,14.34,53038,37,买盘
1102,10:25:15,14.32,343690,240,卖盘
1103,10:25:18,14.32,514090,359,卖盘
1104,10:25:21,14.31,332015,232,卖盘
1105,10:25:24,14.32,41508,29,买盘
1106,10:25:27,14.31,98740,69,卖盘
1107,10:25:30,14.32,203222,142,买盘
1108,10:25:33,14.31,315009,220,中性盘
1109,10:25:36,14.3,307465,215,卖盘
1110,10:25:39,14.32,110195,77,买盘
1111,10:25:42,14.31,21462,15,卖盘
1112,10:25:45,14.31,147319,103,买盘
1113,10:25:48,14.3,127293,89,卖盘
1114,10:25:51,14.3,171601,120,卖盘
1115,10:25:54,14.3,1430,1,买盘
1116,10:25:57,14.29,18584,13,卖盘
1117,10:26:00,14.29,102909,72,卖盘
1118,10:26:03,14.29,14299,10,卖盘
1119,10:26:06,14.29,90027,63,卖盘
1120,10:26:09,14.29,141497,99,卖盘
1121,10:26:12,14.29,44299,31,卖盘
1122,10:26:15,14.29,380249,266,卖盘
1123,10:26:18,14.28,318465,223,卖盘
1124,10:26:21,14.29,38583,27,买盘
1125,10:26:24,14.28,277064,194,卖盘
1126,10:26:27,14.29,122816,86,买盘
1127,10:26:30,14.28,120011,84,卖盘
1128,10:26:33,14.29,47127,33,买盘
1129,10:26:36,14.28,95685,67,卖盘
1130,10:26:39,14.28,581540,407,卖盘
1131,10:26:42,14.28,244189,171,卖盘
1132,10:26:45,14.29,54277,38,买盘
1133,10:26:48,14.28,194219,136,卖盘
1134,10:26:51,14.28,189924,133,买盘
1135,10:26:54,14.28,331193,232,卖盘
1136,10:26:57,14.27,12846,9,卖盘
1137,10:27:00,14.28,191351,134,买盘
1138,10:27:03,14.27,32824,23,卖盘
1139,10:27:06,14.28,12852,9,买盘
1140,10:27:09,14.28,2856,2,买盘
1141,10:27:12,14.27,18554,13,卖盘
1142,10:27:15,14.27,576337,404,卖盘
1143,10:27:18,14.27,204003,143,买盘
1144,10:27:21,14.27,1427,1,卖盘
1145,10:27:24,14.28,2856,2,买盘
1146,10:27:27,14.27,548348,384,卖盘
1147,10:27:30,14.27,98480,69,卖盘
1148,10:27:33,14.29,21435,15,买盘
1149,10:27:36,14.28,152699,107,卖盘
1150,10:27:39,14.28,29998,21,卖盘
1151,10:27:42,14.28,118538,83,卖盘
1152,10:27:45,14.28,49980,35,买盘
1153,10:27:48,14.28,45696,32,买盘
1154,10:27:51,14.28,32839,23,买盘
1155,10:27:54,14.29,414009,290,买盘
1156,10:28:00,14.28,154224,108,卖盘
1157,10:28:03,14.28,27132,19,买盘
1158,10:28:06,14.28,44268,31,卖盘
1159,10:28:09,14.28,221340,155,卖盘
1160,10:28:12,14.28,345575,242,买盘
1161,10:28:15,14.27,14270,10,卖盘
1162,10:28:18,14.28,15704,11,买盘
1163,10:28:21,14.27,339626,238,卖盘
1164,10:28:24,14.27,42810,30,买盘
1165,10:28:30,14.27,47067,33,买盘
1166,10:28:33,14.27,49945,35,买盘
1167,10:28:36,14.27,1968326,1379,买盘
1168,10:28:39,14.27,111307,78,卖盘
1169,10:28:42,14.27,107146,75,卖盘
1170,10:28:45,14.29,74267,52,买盘
1171,10:28:48,14.28,9996,7,卖盘
1172,10:28:51,14.28,51434,36,中性盘
1173,10:28:57,14.28,27132,19,卖盘
1174,10:29:00,14.28,65688,46,买盘
1175,10:29:03,14.29,404283,283,买盘
1176,10:29:06,14.3,987694,691,买盘
1177,10:29:09,14.3,10010,7,卖盘
1178,10:29:12,14.3,10010,7,卖盘
1179,10:29:15,14.31,154528,108,买盘
1180,10:29:18,14.31,204633,143,买盘
1181,10:29:21,14.31,11453,8,卖盘
1182,10:29:24,14.31,1431,1,卖盘
1183,10:29:27,14.32,8589,6,买盘
1184,10:29:30,14.32,163148,114,买盘
1185,10:29:33,14.32,262056,183,买盘
1186,10:29:36,14.31,10023,7,卖盘
1187,10:29:39,14.32,103104,72,买盘
1188,10:29:42,14.32,38664,27,卖盘
1189,10:29:45,14.32,15752,11,卖盘
1190,10:29:48,14.33,140434,98,买盘
1191,10:29:51,14.32,70168,49,卖盘
1192,10:29:54,14.33,50142,35,买盘
1193,10:29:57,14.33,187711,131,买盘
1194,10:30:00,14.34,40137,28,买盘
1195,10:30:03,14.34,64530,45,买盘
1196,10:30:06,14.34,43014,30,买盘
1197,10:30:09,14.34,97510,68,买盘
1198,10:30:12,14.35,230885,161,买盘
1199,10:30:15,14.35,104661,73,买盘
1200,10:30:18,14.35,50216,35,买盘
1201,10:30:21,14.34,233895,163,卖盘
1202,10:30:24,14.35,30135,21,买盘
1203,10:30:27,14.35,139151,97,买盘
1204,10:30:30,14.35,685915,478,买盘
1205,10:30:33,14.35,37310,26,买盘
1206,10:30:36,14.35,697409,486,买盘
1207,10:30:39,14.34,374361,261,卖盘
1208,10:30:42,14.35,93265,65,买盘
1209,10:30:45,14.34,153505,107,卖盘
1210,10:30:48,14.35,28700,20,买盘
1211,10:30:51,14.34,77465,54,卖盘
1212,10:30:54,14.35,338657,236,买盘
1213,10:30:57,14.35,318566,222,买盘
1214,10:31:00,14.35,200900,140,买盘
1215,10:31:03,14.36,126287,88,买盘
1216,10:31:06,14.35,21526,15,卖盘
1217,10:31:09,14.35,320008,223,卖盘
1218,10:31:12,14.35,81795,57,买盘
1219,10:31:15,14.35,84655,59,买盘
1220,10:31:18,14.35,106190,74,买盘
1221,10:31:21,14.35,28699,20,买盘
1222,10:31:24,14.35,680114,474,买盘
1223,10:31:27,14.35,20090,14,卖盘
1224,10:31:30,14.35,20090,14,买盘
1225,10:31:33,14.35,21513,15,买盘
1226,10:31:36,14.35,84639,59,买盘
1227,10:31:39,14.34,27263,19,卖盘
1228,10:31:42,14.35,169280,118,买盘
1229,10:31:45,14.34,41601,29,卖盘
1230,10:31:48,14.34,206615,144,卖盘
1231,10:31:51,14.34,61701,43,卖盘
1232,10:31:54,14.36,222377,155,买盘
1233,10:31:57,14.34,10043,7,卖盘
1234,10:32:00,14.35,827542,577,买盘
1235,10:32:03,14.36,1178855,821,买盘
1236,10:32:06,14.34,299744,209,卖盘
1237,10:32:09,14.35,60268,42,买盘
1238,10:32:12,14.35,269740,188,买盘
1239,10:32:15,14.33,71689,50,卖盘
1240,10:32:18,14.35,146370,102,买盘
1241,10:32:21,14.34,150662,105,卖盘
1242,10:32:24,14.36,34458,24,买盘
1243,10:32:27,14.35,110495,77,卖盘
1244,10:32:30,14.35,61705,43,买盘
1245,10:32:33,14.34,149229,104,卖盘
1246,10:32:36,14.35,63100,44,买盘
1247,10:32:39,14.35,35875,25,买盘
1248,10:32:42,14.35,47355,33,买盘
1249,10:32:45,14.35,77447,54,买盘
1250,10:32:48,14.35,96117,67,买盘
1251,10:32:51,14.34,202321,141,中性盘
1252,10:32:54,14.34,22944,16,买盘
1253,10:32:57,14.33,179132,125,卖盘
1254,10:33:00,14.34,17201,12,中性盘
1255,10:33:03,14.34,30104,21,买盘
1256,10:33:06,14.33,81681,57,卖盘
1257,10:33:09,14.33,71699,50,卖盘
1258,10:33:12,14.34,71680,50,买盘
1259,10:33:15,14.35,217883,152,买盘
1260,10:33:18,14.35,58800,41,买盘
1261,10:33:21,14.34,75972,53,中性盘
1262,10:33:24,14.34,35850,25,买盘
1263,10:33:27,14.34,31548,22,买盘
1264,10:33:30,14.34,243780,170,买盘
1265,10:33:33,14.34,110413,77,买盘
1266,10:33:36,14.34,86031,60,买盘
1267,10:33:39,14.34,253818,177,买盘
1268,10:33:42,14.34,162061,113,买盘
1269,10:33:45,14.35,147711,103,买盘
1270,10:33:48,14.35,1960143,1366,买盘
1271,10:33:51,14.36,30139,21,买盘
1272,10:33:54,14.35,140711,98,卖盘
1273,10:33:57,14.35,88988,62,卖盘
1274,10:34:00,14.36,97638,68,买盘
1275,10:34:03,14.36,117732,82,买盘
1276,10:34:06,14.35,121993,85,卖盘
1277,10:34:09,14.35,356065,248,卖盘
1278,10:34:12,14.35,241102,168,卖盘
1279,10:34:15,14.35,139208,97,卖盘
1280,10:34:18,14.35,88970,62,买盘
1281,10:34:21,14.35,63110,44,中性盘
1282,10:34:24,14.36,380511,265,买盘
1283,10:34:27,14.35,423375,295,中性盘
1284,10:34:30,14.36,86135,60,买盘
1285,10:34:33,14.36,34464,24,买盘
1286,10:34:36,14.35,24398,17,卖盘
1287,10:34:39,14.35,199544,139,卖盘
1288,10:34:42,14.36,90468,63,买盘
1289,10:34:45,14.36,336022,234,买盘
1290,10:34:48,14.36,25838,18,买盘
1291,10:34:51,14.36,83278,58,买盘
1292,10:34:54,14.36,486804,339,买盘
1293,10:34:57,14.36,390592,272,买盘
1294,10:35:00,14.36,1493401,1040,买盘
1295,10:35:03,14.37,484023,337,买盘
1296,10:35:06,14.37,146568,102,买盘
1297,10:35:09,14.37,97671,68,买盘
1298,10:35:12,14.37,334791,233,买盘
1299,10:35:15,14.37,574795,400,买盘
1300,10:35:18,14.37,102027,71,买盘
1301,10:35:21,14.37,1010210,703,买盘
1302,10:35:24,14.37,1953628,1359,买盘
1303,10:35:27,14.37,31620,22,卖盘
1304,10:35:30,14.38,107850,75,买盘
1305,10:35:33,14.38,227121,158,买盘
1306,10:35:36,14.38,795214,553,买盘
1307,10:35:39,14.38,570814,397,买盘
1308,10:35:42,14.38,221452,154,买盘
1309,10:35:45,14.38,278963,194,买盘
1310,10:35:48,14.39,4938724,3434,买盘
1311,10:35:51,14.39,1367046,950,买盘
1312,10:35:54,14.39,1313263,913,买盘
1313,10:35:57,14.39,2050575,1425,买盘
1314,10:36:00,14.4,2297347,1596,买盘
1315,10:36:03,14.4,1442875,1002,买盘
1316,10:36:06,14.39,1485059,1032,卖盘
1317,10:36:09,14.38,499479,347,卖盘
1318,10:36:12,14.39,141017,98,买盘
1319,10:36:15,14.37,2603405,1810,卖盘
1320,10:36:18,14.36,1373764,956,卖盘
1321,10:36:21,14.38,27312,19,买盘
1322,10:36:24,14.38,12942,9,买盘
1323,10:36:27,14.38,306064,213,买盘
1324,10:36:30,14.38,999410,695,买盘
1325,10:36:33,14.38,220014,153,买盘
1326,10:36:36,14.38,355185,247,买盘
1327,10:36:39,14.38,280409,195,买盘
1328,10:36:42,14.38,102098,71,买盘
1329,10:36:45,14.39,796653,554,买盘
1330,10:36:48,14.38,61848,43,卖盘
1331,10:36:51,14.39,139582,97,买盘
1332,10:36:54,14.39,155395,108,买盘
1333,10:36:57,14.39,41718,29,买盘
1334,10:37:00,14.38,800773,557,卖盘
1335,10:37:03,14.38,163892,114,买盘
1336,10:37:06,14.38,752053,523,买盘
1337,10:37:09,14.38,89156,62,买盘
1338,10:37:12,14.38,156741,109,买盘
1339,10:37:15,14.38,18694,13,买盘
1340,10:37:18,14.38,165370,115,买盘
1341,10:37:21,14.38,104973,73,买盘
1342,10:37:24,14.37,248769,173,卖盘
1343,10:37:27,14.38,106342,74,买盘
1344,10:37:30,14.38,31634,22,买盘
1345,10:37:33,14.38,159544,111,买盘
1346,10:37:36,14.38,274652,191,买盘
1347,10:37:39,14.38,103481,72,买盘
1348,10:37:42,14.38,89156,62,买盘
1349,10:37:45,14.37,34498,24,卖盘
1350,10:37:48,14.37,53174,37,卖盘
1351,10:37:51,14.38,267467,186,买盘
1352,10:37:54,14.38,186913,130,买盘
1353,10:37:57,14.38,467146,325,买盘
1354,10:38:00,14.37,120733,84,卖盘
1355,10:38:03,14.37,254366,177,卖盘
1356,10:38:06,14.37,80478,56,卖盘
1357,10:38:09,14.37,119271,83,卖盘
1358,10:38:12,14.37,47421,33,买盘
1359,10:38:15,14.37,125019,87,买盘
1360,10:38:18,14.37,50294,35,买盘
1361,10:38:21,14.37,183921,128,买盘
1362,10:38:24,14.37,255806,178,卖盘
1363,10:38:27,14.37,122181,85,卖盘
1364,10:38:30,14.37,103446,72,买盘
1365,10:38:33,14.37,14370,10,买盘
1366,10:38:36,14.37,34488,24,买盘
1367,10:38:39,14.37,102007,71,买盘
1368,10:38:42,14.36,31601,22,卖盘
1369,10:38:45,14.36,63223,44,卖盘
1370,10:38:48,14.36,646337,450,卖盘
1371,10:38:51,14.36,337501,235,卖盘
1372,10:38:54,14.37,103406,72,买盘
1373,10:38:57,14.37,10059,7,买盘
1374,10:39:00,14.37,126396,88,买盘
1375,10:39:03,14.37,10059,7,买盘
1376,10:39:06,14.37,114909,80,买盘
1377,10:39:09,14.37,43091,30,买盘
1378,10:39:12,14.37,201180,140,买盘
1379,10:39:15,14.37,31594,22,买盘
1380,10:39:18,14.37,84783,59,买盘
1381,10:39:21,14.37,77598,54,买盘
1382,10:39:24,14.37,53169,37,买盘
1383,10:39:27,14.37,34488,24,买盘
1384,10:39:30,14.37,68956,48,买盘
1385,10:39:33,14.36,1436,1,卖盘
1386,10:39:36,14.36,11490,8,卖盘
1387,10:39:39,14.37,107755,75,买盘
1388,10:39:42,14.36,83321,58,卖盘
1389,10:39:45,14.36,653415,455,卖盘
1390,10:39:48,14.37,15798,11,买盘
1391,10:39:51,14.37,60354,42,买盘
1392,10:39:54,14.37,5748,4,买盘
1393,10:39:57,14.37,110599,77,买盘
1394,10:40:00,14.37,25866,18,买盘
1395,10:40:03,14.37,57453,40,买盘
1396,10:40:06,14.36,129289,90,卖盘
1397,10:40:09,14.37,330498,230,买盘
1398,10:40:12,14.37,191070,133,卖盘
1399,10:40:15,14.37,44529,31,卖盘
1400,10:40:18,14.37,20122,14,卖盘
1401,10:40:21,14.36,70413,49,卖盘
1402,10:40:24,14.37,2874,2,买盘
1403,10:40:27,14.36,1157359,806,卖盘
1404,10:40:30,14.36,17232,12,买盘
1405,10:40:33,14.36,50260,35,买盘
1406,10:40:36,14.35,1826789,1273,卖盘
1407,10:40:39,14.35,411845,287,买盘
1408,10:40:42,14.35,18650,13,买盘
1409,10:40:45,14.35,18645,13,买盘
1410,10:40:48,14.35,67425,47,买盘
1411,10:40:51,14.34,37292,26,卖盘
1412,10:40:54,14.35,11480,8,买盘
1413,10:40:57,14.34,184986,129,卖盘
1414,10:41:00,14.35,21515,15,买盘
1415,10:41:03,14.34,153440,107,卖盘
1416,10:41:06,14.34,15774,11,买盘
1417,10:41:09,14.34,114770,80,卖盘
1418,10:41:12,14.35,73183,51,买盘
1419,10:41:15,14.35,22960,16,买盘
1420,10:41:18,14.35,309899,216,买盘
1421,10:41:21,14.35,248251,173,买盘
1422,10:41:24,14.35,208179,145,买盘
1423,10:41:27,14.35,121973,85,买盘
1424,10:41:30,14.35,58835,41,买盘
1425,10:41:33,14.35,48814,34,卖盘
1426,10:41:36,14.35,172213,120,卖盘
1427,10:41:39,14.37,27293,19,买盘
1428,10:41:42,14.37,68944,48,买盘
1429,10:41:45,14.37,48835,34,买盘
1430,10:41:48,14.37,168034,117,买盘
1431,10:41:51,14.37,74716,52,买盘
1432,10:41:54,14.37,21546,15,买盘
1433,10:41:57,14.37,97702,68,买盘
1434,10:42:00,14.37,43083,30,买盘
1435,10:42:03,14.37,264254,184,买盘
1436,10:42:06,14.37,129283,90,买盘
1437,10:42:09,14.36,181052,126,卖盘
1438,10:42:12,14.37,182499,127,买盘
1439,10:42:15,14.37,1437,1,买盘
1440,10:42:18,14.36,64663,45,卖盘
1441,10:42:21,14.37,1437,1,买盘
1442,10:42:24,14.36,93404,65,卖盘
1443,10:42:27,14.37,83345,58,买盘
1444,10:42:30,14.36,361924,252,卖盘
1445,10:42:33,14.36,4308,3,卖盘
1446,10:42:36,14.36,40217,28,卖盘
1447,10:42:39,14.36,216847,151,卖盘
1448,10:42:42,14.37,2874,2,买盘
1449,10:42:45,14.36,376236,262,卖盘
1450,10:42:48,14.36,66056,46,买盘
1451,10:42:51,14.36,43080,30,买盘
1452,10:42:54,14.36,100520,70,买盘
1453,10:42:57,14.36,172320,120,买盘
1454,10:43:00,14.36,17232,12,买盘
1455,10:43:03,14.36,12924,9,买盘
1456,10:43:06,14.36,76088,53,买盘
1457,10:43:09,14.35,299925,209,卖盘
1458,10:43:12,14.35,31581,22,卖盘
1459,10:43:15,14.36,53102,37,买盘
1460,10:43:18,14.35,117673,82,卖盘
1461,10:43:21,14.36,226873,158,买盘
1462,10:43:24,14.35,84701,59,卖盘
1463,10:43:27,14.36,17232,12,买盘
1464,10:43:30,14.35,47384,33,卖盘
1465,10:43:33,14.36,27284,19,买盘
1466,10:43:36,14.36,208219,145,买盘
1467,10:43:39,14.36,176621,123,买盘
1468,10:43:42,14.36,185302,129,买盘
1469,10:43:48,14.36,74672,52,卖盘
1470,10:43:51,14.37,300319,209,买盘
1471,10:43:54,14.36,28720,20,买盘
1472,10:43:57,14.37,142194,99,买盘
1473,10:44:00,14.36,14360,10,卖盘
1474,10:44:03,14.36,38772,27,卖盘
1475,10:44:06,14.36,416440,290,卖盘
1476,10:44:09,14.36,14360,10,卖盘
1477,10:44:12,14.36,55996,39,买盘
1478,10:44:15,14.35,984385,686,卖盘
1479,10:44:18,14.35,22951,16,买盘
1480,10:44:21,14.35,14350,10,买盘
1481,10:44:24,14.35,77463,54,买盘
1482,10:44:27,14.34,74603,52,卖盘
1483,10:44:30,14.34,104712,73,卖盘
1484,10:44:33,14.34,21510,15,卖盘
1485,10:44:36,14.34,456118,318,卖盘
1486,10:44:39,14.34,197892,138,买盘
1487,10:44:42,14.34,96078,67,买盘
1488,10:44:45,14.33,77382,54,卖盘
1489,10:44:48,14.33,44423,31,卖盘
1490,10:44:51,14.33,256649,179,卖盘
1491,10:44:54,14.33,32959,23,卖盘
1492,10:44:57,14.3,3135017,2190,卖盘
1493,10:45:00,14.34,174938,122,买盘
1494,10:45:03,14.3,28600,20,卖盘
1495,10:45:09,14.33,88846,62,买盘
1496,10:45:12,14.31,67325,47,卖盘
1497,10:45:15,14.31,52986,37,卖盘
1498,10:45:21,14.31,27200,19,卖盘
1499,10:45:24,14.32,17178,12,买盘
1500,10:45:27,14.32,10024,7,买盘
1501,10:45:30,14.32,196183,137,买盘
1502,10:45:33,14.33,342450,239,买盘
1503,10:45:36,14.32,35806,25,卖盘
1504,10:45:39,14.33,77415,54,买盘
1505,10:45:42,14.33,1433,1,卖盘
1506,10:45:48,14.34,65963,46,买盘
1507,10:45:51,14.33,74539,52,卖盘
1508,10:45:54,14.33,98868,69,卖盘
1509,10:45:57,14.33,106042,74,买盘
1510,10:46:00,14.33,7165,5,买盘
1511,10:46:03,14.32,243594,170,卖盘
1512,10:46:09,14.32,94515,66,卖盘
1513,10:46:12,14.33,45850,32,买盘
1514,10:46:15,14.32,378253,264,卖盘
1515,10:46:18,14.32,611469,427,卖盘
1516,10:46:21,14.33,18619,13,买盘
1517,10:46:24,14.33,226258,158,买盘
1518,10:46:27,14.32,47257,33,卖盘
1519,10:46:30,14.32,381132,266,卖盘
1520,10:46:33,14.31,296388,207,卖盘
1521,10:46:36,14.31,613630,428,卖盘
1522,10:46:39,14.31,12879,9,卖盘
1523,10:46:42,14.31,207657,145,卖盘
1524,10:46:45,14.31,266254,186,卖盘
1525,10:46:48,14.31,17167,12,卖盘
1526,10:46:54,14.3,231773,162,卖盘
1527,10:46:57,14.3,67210,47,卖盘
1528,10:47:00,14.31,213110,149,买盘
1529,10:47:03,14.3,543313,380,卖盘
1530,10:47:06,14.3,100100,70,买盘
1531,10:47:09,14.3,48614,34,买盘
1532,10:47:12,14.29,88606,62,卖盘
1533,10:47:15,14.3,202918,142,买盘
1534,10:47:18,14.29,108635,76,卖盘
1535,10:47:21,14.29,160150,112,卖盘
1536,10:47:24,14.3,424699,297,买盘
1537,10:47:27,14.29,383194,268,卖盘
1538,10:47:30,14.29,160048,112,卖盘
1539,10:47:33,14.29,91456,64,买盘
1540,10:47:36,14.28,419839,294,卖盘
1541,10:47:39,14.28,5715,4,卖盘
1542,10:47:42,14.28,138516,97,卖盘
1543,10:47:45,14.28,204204,143,卖盘
1544,10:47:48,14.28,88536,62,卖盘
1545,10:47:51,14.27,148457,104,卖盘
1546,10:47:57,14.27,329637,231,卖盘
1547,10:48:00,14.27,336606,236,买盘
1548,10:48:03,14.27,44237,31,卖盘
1549,10:48:06,14.28,115657,81,买盘
1550,10:48:09,14.28,122748,86,买盘
1551,10:48:12,14.27,602765,422,卖盘
1552,10:48:15,14.28,184132,129,中性盘
1553,10:48:18,14.27,4282,3,卖盘
1554,10:48:21,14.27,258306,181,卖盘
1555,10:48:24,14.28,85685,60,中性盘
1556,10:48:27,14.27,445328,312,卖盘
1557,10:48:30,14.28,45683,32,买盘
1558,10:48:36,14.29,218483,153,买盘
1559,10:48:39,14.28,37134,26,卖盘
1560,10:48:42,14.28,268464,188,卖盘
1561,10:48:45,14.28,244179,171,买盘
1562,10:48:48,14.28,221267,155,买盘
1563,10:48:51,14.27,4282,3,卖盘
1564,10:48:54,14.28,11424,8,买盘
1565,10:48:57,14.28,38556,27,买盘
1566,10:49:00,14.27,379600,266,卖盘
1567,10:49:03,14.27,65644,46,卖盘
1568,10:49:06,14.27,262574,184,卖盘
1569,10:49:09,14.27,268283,188,卖盘
1570,10:49:12,14.27,29957,21,买盘
1571,10:49:15,14.27,14261,10,买盘
1572,10:49:18,14.27,185504,130,买盘
1573,10:49:21,14.27,41378,29,买盘
1574,10:49:24,14.26,178356,125,卖盘
1575,10:49:27,14.27,27113,19,买盘
1576,10:49:30,14.27,376556,264,买盘
1577,10:49:33,14.27,64172,45,买盘
1578,10:49:36,14.27,1116530,783,买盘
1579,10:49:39,14.27,48518,34,买盘
1580,10:49:42,14.27,92748,65,买盘
1581,10:49:45,14.27,84179,59,买盘
1582,10:49:48,14.27,12843,9,买盘
1583,10:49:51,14.26,79885,56,卖盘
1584,10:49:54,14.27,91277,64,买盘
1585,10:49:57,14.27,358176,251,买盘
1586,10:50:00,14.28,224053,157,买盘
1587,10:50:03,14.27,58541,41,卖盘
1588,10:50:06,14.27,222528,156,卖盘
1589,10:50:09,14.28,201278,141,买盘
1590,10:50:12,14.29,17147,12,买盘
1591,10:50:15,14.28,5712,4,卖盘
1592,10:50:18,14.29,77146,54,买盘
1593,10:50:21,14.29,58584,41,买盘
1594,10:50:24,14.29,2858,2,买盘
1595,10:50:27,14.29,37145,26,买盘
1596,10:50:30,14.29,58589,41,买盘
1597,10:50:33,14.28,152846,107,卖盘
1598,10:50:36,14.28,61438,43,卖盘
1599,10:50:39,14.29,479918,336,买盘
1600,10:50:42,14.27,4282,3,卖盘
1601,10:50:45,14.28,44277,31,卖盘
1602,10:50:48,14.28,4284,3,买盘
1603,10:50:51,14.27,65679,46,卖盘
1604,10:50:54,14.27,149849,105,卖盘
1605,10:50:57,14.28,14280,10,买盘
1606,10:51:00,14.27,596492,418,卖盘
1607,10:51:03,14.27,181333,127,买盘
1608,10:51:06,14.27,105598,74,卖盘
1609,10:51:09,14.27,192645,135,买盘
1610,10:51:12,14.27,41374,29,买盘
1611,10:51:15,14.27,226892,159,买盘
1612,10:51:18,14.27,37102,26,买盘
1613,10:51:24,14.26,114140,80,卖盘
1614,10:51:27,14.27,142700,100,买盘
1615,10:51:30,14.26,5705,4,卖盘
1616,10:51:33,14.27,873300,612,买盘
1617,10:51:36,14.27,2854,2,买盘
1618,10:51:39,14.26,184073,129,卖盘
1619,10:51:42,14.26,82763,58,卖盘
1620,10:51:45,14.26,47065,33,卖盘
1621,10:51:48,14.27,22841,16,卖盘
1622,10:51:51,14.27,82766,58,卖盘
1623,10:51:54,14.27,74204,52,买盘
1624,10:51:57,14.27,47082,33,买盘
1625,10:52:00,14.27,97044,68,卖盘
1626,10:52:03,14.27,7135,5,买盘
1627,10:52:06,14.27,1252092,878,买盘
1628,10:52:09,14.26,95604,67,卖盘
1629,10:52:12,14.26,108443,76,卖盘
1630,10:52:15,14.26,14260,10,卖盘
1631,10:52:18,14.27,101311,71,买盘
1632,10:52:21,14.26,799924,561,卖盘
1633,10:52:24,14.25,31352,22,卖盘
1634,10:52:27,14.26,169694,119,买盘
1635,10:52:30,14.26,39927,28,买盘
1636,10:52:33,14.25,81254,57,卖盘
1637,10:52:36,14.26,39901,28,买盘
1638,10:52:39,14.25,105450,74,卖盘
1639,10:52:42,14.26,193840,136,买盘
1640,10:52:45,14.25,101224,71,卖盘
1641,10:52:48,14.25,269428,189,卖盘
1642,10:52:51,14.26,143930,101,买盘
1643,10:52:54,14.26,111228,78,买盘
1644,10:52:57,14.26,350786,246,买盘
1645,10:53:00,14.27,81285,57,买盘
1646,10:53:03,14.26,35652,25,中性盘
1647,10:53:06,14.27,131278,92,买盘
1648,10:53:09,14.25,191013,134,卖盘
1649,10:53:12,14.27,44211,31,买盘
1650,10:53:15,14.27,107020,75,买盘
1651,10:53:18,14.26,7130,5,卖盘
1652,10:53:21,14.26,298046,209,卖盘
1653,10:53:24,14.26,28520,20,买盘
1654,10:53:27,14.27,145497,102,买盘
1655,10:53:30,14.26,14260,10,中性盘
1656,10:53:33,14.25,185262,130,卖盘
1657,10:53:36,14.26,17112,12,中性盘
1658,10:53:39,14.26,1426,1,卖盘
1659,10:53:42,14.26,74168,52,卖盘
1660,10:53:45,14.27,94079,66,买盘
1661,10:53:48,14.27,4281,3,买盘
1662,10:53:51,14.26,58466,41,卖盘
1663,10:53:54,14.25,602800,423,卖盘
1664,10:53:57,14.26,466041,327,买盘
1665,10:54:00,14.26,5704,4,买盘
1666,10:54:03,14.24,377620,265,卖盘
1667,10:54:06,14.24,9968,7,卖盘
1668,10:54:12,14.24,1382704,971,卖盘
1669,10:54:15,14.24,38455,27,中性盘
1670,10:54:18,14.23,25622,18,卖盘
1671,10:54:21,14.23,1580729,1110,卖盘
1672,10:54:24,14.24,146627,103,买盘
1673,10:54:27,14.23,95348,67,卖盘
1674,10:54:30,14.22,894958,629,卖盘
1675,10:54:33,14.23,125224,88,买盘
1676,10:54:36,14.22,177777,125,卖盘
1677,10:54:39,14.22,304355,214,卖盘
1678,10:54:42,14.22,75366,53,卖盘
1679,10:54:45,14.22,209039,147,卖盘
1680,10:54:48,14.22,105228,74,卖盘
1681,10:54:51,14.23,261661,184,买盘
1682,10:54:54,14.22,315788,222,卖盘
1683,10:54:57,14.22,109528,77,卖盘
1684,10:55:00,14.23,187726,132,买盘
1685,10:55:03,14.22,103828,73,卖盘
1686,10:55:06,14.22,173466,122,买盘
1687,10:55:09,14.22,156420,110,买盘
1688,10:55:12,14.23,442541,311,买盘
1689,10:55:15,14.23,118109,83,卖盘
1690,10:55:18,14.23,73996,52,卖盘
1691,10:55:21,14.23,15651,11,买盘
1692,10:55:24,14.23,51228,36,买盘
1693,10:55:27,14.23,101033,71,卖盘
1694,10:55:30,14.24,78285,55,买盘
1695,10:55:33,14.23,102457,72,卖盘
1696,10:55:36,14.24,7120,5,买盘
1697,10:55:39,14.23,4271,3,卖盘
1698,10:55:42,14.23,196472,138,卖盘
1699,10:55:45,14.23,232100,163,卖盘
1700,10:55:48,14.24,31328,22,中性盘
1701,10:55:51,14.23,22772,16,卖盘
1702,10:55:54,14.24,5696,4,买盘
1703,10:55:57,14.24,15664,11,买盘
1704,10:56:00,14.23,35575,25,卖盘
1705,10:56:03,14.23,267524,188,卖盘
1706,10:56:06,14.23,24191,17,买盘
1707,10:56:09,14.23,99610,70,买盘
1708,10:56:12,14.24,37020,26,买盘
1709,10:56:15,14.23,8538,6,卖盘
1710,10:56:18,14.23,377154,265,卖盘
1711,10:56:21,14.23,61189,43,买盘
1712,10:56:24,14.22,119463,84,卖盘
1713,10:56:27,14.22,182025,128,卖盘
1714,10:56:30,14.23,130832,92,买盘
1715,10:56:33,14.22,38394,27,卖盘
1716,10:56:36,14.22,216144,152,卖盘
1717,10:56:39,14.22,22757,16,卖盘
1718,10:56:42,14.22,41248,29,卖盘
1719,10:56:48,14.22,105228,74,卖盘
1720,10:56:51,14.22,379681,267,卖盘
1721,10:56:54,14.22,73944,52,买盘
1722,10:56:57,14.23,5690,4,买盘
1723,10:57:00,14.22,305730,215,卖盘
1724,10:57:03,14.21,220465,155,卖盘
1725,10:57:06,14.23,348164,245,买盘
1726,10:57:09,14.23,18489,13,买盘
1727,10:57:12,14.21,35527,25,卖盘
1728,10:57:15,14.22,82426,58,买盘
1729,10:57:18,14.21,24167,17,卖盘
1730,10:57:21,14.21,153575,108,卖盘
1731,10:57:24,14.22,4266,3,卖盘
1732,10:57:27,14.22,11376,8,卖盘
1733,10:57:30,14.21,24157,17,卖盘
1734,10:57:33,14.22,241733,170,买盘
1735,10:57:36,14.22,51192,36,买盘
1736,10:57:39,14.21,358128,252,卖盘
1737,10:57:42,14.22,85320,60,买盘
1738,10:57:45,14.21,44074,31,卖盘
1739,10:57:48,14.21,1197908,843,卖盘
1740,10:57:51,14.2,112212,79,卖盘
1741,10:57:54,14.2,53979,38,卖盘
1742,10:57:57,14.2,110778,78,卖盘
1743,10:58:00,14.2,220102,155,卖盘
1744,10:58:03,14.2,100868,71,卖盘
1745,10:58:06,14.2,431683,304,卖盘
1746,10:58:09,14.2,372110,262,卖盘
1747,10:58:12,14.2,641890,452,卖盘
1748,10:58:15,14.2,328020,231,卖盘
1749,10:58:18,14.2,313841,221,卖盘
1750,10:58:21,14.2,127805,90,卖盘
1751,10:58:24,14.2,247151,174,卖盘
1752,10:58:27,14.2,109340,77,卖盘
1753,10:58:30,14.2,319501,225,买盘
1754,10:58:33,14.21,62486,44,买盘
1755,10:58:36,14.2,369201,260,卖盘
1756,10:58:39,14.21,28404,20,买盘
1757,10:58:42,14.21,21306,15,买盘
1758,10:58:45,14.2,18463,13,卖盘
1759,10:58:48,14.2,45442,32,卖盘
1760,10:58:51,14.2,129240,91,卖盘
1761,10:58:54,14.2,410400,289,卖盘
1762,10:58:57,14.2,24149,17,卖盘
1763,10:59:00,14.21,62493,44,买盘
1764,10:59:03,14.2,178920,126,卖盘
1765,10:59:06,14.21,142009,100,买盘
1766,10:59:09,14.21,188862,133,买盘
1767,10:59:12,14.21,383636,270,买盘
1768,10:59:15,14.2,113644,80,卖盘
1769,10:59:18,14.21,133504,94,买盘
1770,10:59:21,14.2,362160,255,卖盘
1771,10:59:24,14.21,719942,507,买盘
1772,10:59:27,14.21,12789,9,买盘
1773,10:59:30,14.2,28403,20,卖盘
1774,10:59:33,14.21,25565,18,买盘
1775,10:59:36,14.21,29822,21,买盘
1776,10:59:39,14.21,153365,108,买盘
1777,10:59:42,14.21,86670,61,买盘
1778,10:59:45,14.21,49735,35,买盘
1779,10:59:48,14.21,301252,212,买盘
1780,10:59:51,14.21,115101,81,买盘
1781,10:59:54,14.21,76734,54,买盘
1782,10:59:57,14.22,14220,10,买盘
1783,11:00:00,14.21,75316,53,卖盘
1784,11:00:03,14.22,181903,128,买盘
1785,11:00:06,14.21,14214,10,卖盘
1786,11:00:09,14.22,100958,71,买盘
1787,11:00:12,14.22,136425,96,买盘
1788,11:00:15,14.21,9947,7,卖盘
1789,11:00:18,14.22,21324,15,买盘
1790,11:00:21,14.21,1421,1,卖盘
1791,11:00:24,14.22,21330,15,买盘
1792,11:00:30,14.22,25596,18,买盘
1793,11:00:33,14.22,108052,76,买盘
1794,11:00:36,14.22,163530,115,买盘
1795,11:00:39,14.23,287239,202,买盘
1796,11:00:42,14.22,48348,34,中性盘
1797,11:00:45,14.21,302883,213,卖盘
1798,11:00:48,14.22,72534,51,买盘
1799,11:00:51,14.22,119448,84,卖盘
1800,11:00:54,14.22,9954,7,买盘
1801,11:00:57,14.22,17064,12,买盘
1802,11:01:00,14.22,46926,33,买盘
1803,11:01:03,14.22,27018,19,买盘
1804,11:01:06,14.22,15632,11,买盘
1805,11:01:09,14.22,51192,36,买盘
1806,11:01:12,14.22,15642,11,买盘
1807,11:01:15,14.21,1166661,821,卖盘
1808,11:01:18,14.21,92334,65,买盘
1809,11:01:21,14.21,22731,16,买盘
1810,11:01:24,14.21,7105,5,买盘
1811,11:01:27,14.2,8520,6,卖盘
1812,11:01:30,14.2,24140,17,卖盘
1813,11:01:33,14.2,117870,83,卖盘
1814,11:01:36,14.21,336751,237,买盘
1815,11:01:39,14.2,92355,65,卖盘
1816,11:01:42,14.21,329555,232,买盘
1817,11:01:45,14.21,31262,22,卖盘
1818,11:01:48,14.21,2842,2,卖盘
1819,11:01:51,14.21,48338,34,卖盘
1820,11:01:54,14.21,8526,6,卖盘
1821,11:01:57,14.21,88122,62,卖盘
1822,11:02:00,14.21,96660,68,卖盘
1823,11:02:03,14.22,153511,108,买盘
1824,11:02:06,14.2,9940,7,卖盘
1825,11:02:09,14.21,2229442,1570,买盘
1826,11:02:12,14.21,550982,388,买盘
1827,11:02:15,14.21,76702,54,买盘
1828,11:02:18,14.2,876140,617,卖盘
1829,11:02:21,14.19,343403,242,卖盘
1830,11:02:24,14.19,18457,13,卖盘
1831,11:02:27,14.19,427330,301,卖盘
1832,11:02:30,14.19,364683,257,卖盘
1833,11:02:33,14.18,1171699,826,卖盘
1834,11:02:36,14.18,76599,54,卖盘
1835,11:02:39,14.18,158816,112,卖盘
1836,11:02:42,14.18,747540,527,卖盘
1837,11:02:45,14.18,462268,326,卖盘
1838,11:02:48,14.18,174419,123,卖盘
1839,11:02:51,14.19,43978,31,买盘
1840,11:02:54,14.19,26960,19,买盘
1841,11:02:57,14.18,207028,146,卖盘
1842,11:03:00,14.18,120530,85,卖盘
1843,11:03:03,14.18,239645,169,卖盘
1844,11:03:06,14.18,177217,125,卖盘
1845,11:03:09,14.18,41113,29,买盘
1846,11:03:12,14.17,29762,21,卖盘
1847,11:03:15,14.17,145974,103,卖盘
1848,11:03:18,14.17,80782,57,卖盘
1849,11:03:21,14.17,8502,6,卖盘
1850,11:03:24,14.17,249392,176,卖盘
1851,11:03:27,14.17,87854,62,卖盘
1852,11:03:30,14.17,198380,140,卖盘
1853,11:03:33,14.17,116218,82,卖盘
1854,11:03:36,14.17,199797,141,卖盘
1855,11:03:39,14.17,188415,133,卖盘
1856,11:03:42,14.17,18421,13,买盘
1857,11:03:45,14.16,181270,128,卖盘
1858,11:03:48,14.17,92096,65,买盘
1859,11:03:51,14.16,43906,31,卖盘
1860,11:03:54,14.17,161497,114,买盘
1861,11:03:57,14.17,188461,133,买盘
1862,11:04:00,14.17,26926,19,卖盘
1863,11:04:03,14.17,15590,11,卖盘
1864,11:04:06,14.17,174316,123,卖盘
1865,11:04:09,14.17,78644,56,买盘
1866,11:04:12,14.17,43916,31,卖盘
1867,11:04:15,14.17,184163,130,买盘
1868,11:04:18,14.18,508741,359,买盘
1869,11:04:21,14.17,72267,51,中性盘
1870,11:04:24,14.17,26926,19,卖盘
1871,11:04:27,14.17,5668,4,卖盘
1872,11:04:30,14.17,150202,106,卖盘
1873,11:04:33,14.17,53846,38,卖盘
1874,11:04:39,14.17,170040,120,买盘
1875,11:04:42,14.17,94887,67,买盘
1876,11:04:45,14.16,460222,325,卖盘
1877,11:04:48,14.17,56670,40,买盘
1878,11:04:51,14.16,93458,66,卖盘
1879,11:04:54,14.17,21246,15,买盘
1880,11:04:57,14.17,39658,28,买盘
1881,11:05:00,14.17,41088,29,买盘
1882,11:05:03,14.16,346950,245,卖盘
1883,11:05:06,14.16,41077,29,卖盘
1884,11:05:09,14.17,79349,56,买盘
1885,11:05:12,14.16,94880,67,卖盘
1886,11:05:15,14.17,2834,2,买盘
1887,11:05:18,14.16,261960,185,卖盘
1888,11:05:21,14.16,35400,25,卖盘
1889,11:05:24,14.17,561108,396,买盘
1890,11:05:27,14.16,89247,63,卖盘
1891,11:05:30,14.18,87801,62,买盘
1892,11:05:33,14.17,307306,217,卖盘
1893,11:05:36,14.18,523971,370,买盘
1894,11:05:39,14.18,12762,9,买盘
1895,11:05:42,14.18,5672,4,买盘
1896,11:05:45,14.18,211282,149,买盘
1897,11:05:48,14.18,28360,20,买盘
1898,11:05:51,14.18,36868,26,卖盘
1899,11:05:54,14.18,7090,5,卖盘
1900,11:05:57,14.18,29778,21,卖盘
1901,11:06:00,14.19,39721,28,买盘
1902,11:06:06,14.19,12771,9,买盘
1903,11:06:09,14.19,9933,7,买盘
1904,11:06:12,14.19,70950,50,买盘
1905,11:06:15,14.19,268191,189,买盘
1906,11:06:21,14.19,506583,357,卖盘
1907,11:06:24,14.19,305085,215,买盘
1908,11:06:27,14.19,109243,77,买盘
1909,11:06:30,14.19,58179,41,卖盘
1910,11:06:33,14.19,103587,73,卖盘
1911,11:06:36,14.19,25542,18,买盘
1912,11:06:39,14.19,38313,27,买盘
1913,11:06:42,14.19,116358,82,买盘
1914,11:06:45,14.19,66693,47,买盘
1915,11:06:48,14.19,73788,52,买盘
1916,11:06:51,14.19,11352,8,买盘
1917,11:06:54,14.19,55341,39,买盘
1918,11:06:57,14.19,256839,181,买盘
1919,11:07:00,14.19,276700,195,卖盘
1920,11:07:03,14.19,9932,7,买盘
1921,11:07:06,14.18,106405,75,卖盘
1922,11:07:09,14.2,140487,99,买盘
1923,11:07:15,14.19,18450,13,卖盘
1924,11:07:18,14.2,683011,481,买盘
1925,11:07:21,14.21,51156,36,买盘
1926,11:07:24,14.19,366356,258,卖盘
1927,11:07:27,14.2,15620,11,买盘
1928,11:07:30,14.2,149099,105,买盘
1929,11:07:33,14.2,8520,6,买盘
1930,11:07:36,14.2,31230,22,买盘
1931,11:07:39,14.2,19880,14,买盘
1932,11:07:45,14.2,22720,16,买盘
1933,11:07:48,14.2,7100,5,买盘
1934,11:07:51,14.2,5680,4,买盘
1935,11:07:54,14.2,32659,23,买盘
1936,11:07:57,14.19,31218,22,卖盘
1937,11:08:00,14.2,14200,10,买盘
1938,11:08:03,14.19,25542,18,卖盘
1939,11:08:06,14.18,1348842,951,卖盘
1940,11:08:15,14.18,82238,58,买盘
1941,11:08:18,14.17,238066,168,卖盘
1942,11:08:21,14.18,5669,4,买盘
1943,11:08:24,14.17,177225,125,卖盘
1944,11:08:27,14.18,143180,101,买盘
1945,11:08:30,14.18,22689,16,卖盘
1946,11:08:33,14.18,18434,13,卖盘
1947,11:08:36,14.18,96424,68,卖盘
1948,11:08:39,14.17,41093,29,卖盘
1949,11:08:42,14.16,66590,47,卖盘
1950,11:08:45,14.17,32591,23,买盘
1951,11:08:48,14.17,49595,35,卖盘
1952,11:08:51,14.17,22672,16,卖盘
1953,11:08:54,14.17,133198,94,卖盘
1954,11:08:57,14.17,382590,270,卖盘
1955,11:09:00,14.17,14170,10,买盘
1956,11:09:03,14.17,75051,53,买盘
1957,11:09:06,14.16,24072,17,卖盘
1958,11:09:12,14.16,86376,61,卖盘
1959,11:09:15,14.16,7080,5,卖盘
1960,11:09:18,14.16,186915,132,卖盘
1961,11:09:21,14.16,130272,92,卖盘
1962,11:09:24,14.16,269093,190,卖盘
1963,11:09:27,14.16,348449,246,卖盘
1964,11:09:30,14.17,104798,74,买盘
1965,11:09:33,14.16,45313,32,卖盘
1966,11:09:36,14.17,484248,342,买盘
1967,11:09:39,14.16,186925,132,卖盘
1968,11:09:42,14.16,148680,105,卖盘
1969,11:09:45,14.16,39648,28,买盘
1970,11:09:48,14.17,15587,11,买盘
1971,11:09:51,14.16,7080,5,卖盘
1972,11:09:57,14.17,16993,12,买盘
1973,11:10:00,14.16,35400,25,卖盘
1974,11:10:03,14.16,70828,50,卖盘
1975,11:10:06,14.16,501264,354,卖盘
1976,11:10:09,14.16,148700,105,买盘
1977,11:10:12,14.16,31152,22,买盘
1978,11:10:15,14.16,104834,74,卖盘
1979,11:10:18,14.17,7085,5,买盘
1980,11:10:21,14.17,29757,21,买盘
1981,11:10:24,14.17,4251,3,买盘
1982,11:10:27,14.15,761416,538,卖盘
1983,11:10:30,14.16,9918,7,卖盘
1984,11:10:33,14.16,29736,21,卖盘
1985,11:10:36,14.16,33984,24,买盘
1986,11:10:39,14.16,83544,59,买盘
1987,11:10:42,14.16,19824,14,买盘
1988,11:10:45,14.15,24071,17,卖盘
1989,11:10:48,14.15,72179,51,卖盘
1990,11:10:51,14.16,29736,21,买盘
1991,11:10:54,14.16,89158,63,买盘
1992,11:10:57,14.16,5666,4,卖盘
1993,11:11:00,14.16,29736,21,卖盘
1994,11:11:03,14.16,5664,4,中性盘
1995,11:11:06,14.16,1416,1,买盘
1996,11:11:09,14.16,7080,5,买盘
1997,11:11:12,14.15,4245,3,卖盘
1998,11:11:15,14.15,206590,146,卖盘
1999,11:11:18,14.16,75004,53,买盘
2000,11:11:21,14.16,2832,2,买盘
2001,11:11:24,14.16,2832,2,买盘
2002,11:11:27,14.15,205308,145,卖盘
2003,11:11:30,14.15,7075,5,卖盘
2004,11:11:33,14.15,646655,457,卖盘
2005,11:11:36,14.16,11327,8,买盘
2006,11:11:39,14.15,56600,40,卖盘
2007,11:11:42,14.14,144327,102,卖盘
2008,11:11:48,14.15,32535,23,买盘
2009,11:11:51,14.14,2828,2,卖盘
2010,11:11:54,14.14,15564,11,卖盘
2011,11:11:57,14.14,8484,6,卖盘
2012,11:12:00,14.14,26883,19,卖盘
2013,11:12:03,14.14,50904,36,卖盘
2014,11:12:06,14.14,38184,27,卖盘
2015,11:12:09,14.14,15564,11,卖盘
2016,11:12:12,14.15,67915,48,买盘
2017,11:12:15,14.14,205064,145,卖盘
2018,11:12:18,14.15,73560,52,买盘
2019,11:12:21,14.15,82075,58,卖盘
2020,11:12:24,14.15,21225,15,卖盘
2021,11:12:27,14.15,84915,60,卖盘
2022,11:12:30,14.16,144432,102,买盘
2023,11:12:33,14.16,70764,50,买盘
2024,11:12:36,14.16,167088,118,买盘
2025,11:12:39,14.16,70800,50,卖盘
2026,11:12:45,14.16,335592,237,卖盘
2027,11:12:48,14.16,12747,9,卖盘
2028,11:12:51,14.17,369837,261,买盘
2029,11:12:54,14.17,181376,128,买盘
2030,11:12:57,14.17,14170,10,卖盘
2031,11:13:03,14.17,15596,11,卖盘
2032,11:13:06,14.18,39704,28,买盘
2033,11:13:09,14.18,11343,8,买盘
2034,11:13:12,14.18,18428,13,买盘
2035,11:13:15,14.18,8507,6,买盘
2036,11:13:18,14.18,36868,26,买盘
2037,11:13:21,14.18,73713,52,买盘
2038,11:13:24,14.17,134621,95,卖盘
2039,11:13:27,14.17,1417,1,卖盘
2040,11:13:30,14.18,70900,50,买盘
2041,11:13:33,14.18,43957,31,买盘
2042,11:13:36,14.17,48193,34,卖盘
2043,11:13:39,14.17,121867,86,卖盘
2044,11:13:42,14.18,185758,131,买盘
2045,11:13:45,14.18,65228,46,卖盘
2046,11:13:48,14.18,26944,19,买盘
2047,11:13:51,14.18,28360,20,买盘
2048,11:13:54,14.17,114778,81,卖盘
2049,11:13:57,14.18,19852,14,买盘
2050,11:14:00,14.17,357237,252,卖盘
2051,11:14:03,14.18,22695,16,卖盘
2052,11:14:06,14.19,35475,25,买盘
2053,11:14:09,14.18,34037,24,卖盘
2054,11:14:12,14.19,55323,39,买盘
2055,11:14:15,14.18,7090,5,卖盘
2056,11:14:18,14.19,31218,22,买盘
2057,11:14:21,14.19,31217,22,买盘
2058,11:14:24,14.19,2838,2,买盘
2059,11:14:27,14.18,52472,37,卖盘
2060,11:14:33,14.18,107768,76,卖盘
2061,11:14:36,14.18,191430,135,卖盘
2062,11:14:39,14.18,46798,33,买盘
2063,11:14:42,14.18,18434,13,中性盘
2064,11:14:45,14.18,7090,5,卖盘
2065,11:14:51,14.19,1419,1,买盘
2066,11:14:54,14.19,222783,157,买盘
2067,11:14:57,14.18,2836,2,卖盘
2068,11:15:00,14.19,53922,38,买盘
2069,11:15:03,14.18,2836,2,卖盘
2070,11:15:06,14.19,42570,30,买盘
2071,11:15:09,14.19,8513,6,买盘
2072,11:15:12,14.19,5676,4,买盘
2073,11:15:15,14.19,293733,207,买盘
2074,11:15:21,14.19,55379,39,卖盘
2075,11:15:24,14.2,38316,27,买盘
2076,11:15:27,14.2,63900,45,买盘
2077,11:15:30,14.2,11355,8,买盘
2078,11:15:33,14.2,116439,82,买盘
2079,11:15:36,14.2,53960,38,买盘
2080,11:15:39,14.2,96560,68,买盘
2081,11:15:42,14.2,376300,265,买盘
2082,11:15:45,14.19,120699,85,卖盘
2083,11:15:48,14.2,447299,315,买盘
2084,11:15:51,14.2,48284,34,卖盘
2085,11:15:54,14.21,4263,3,买盘
2086,11:15:57,14.2,1420,1,卖盘
2087,11:16:00,14.21,134995,95,买盘
2088,11:16:03,14.2,26980,19,卖盘
2089,11:16:06,14.21,206045,145,买盘
2090,11:16:09,14.2,14209,10,卖盘
2091,11:16:12,14.2,24143,17,卖盘
2092,11:16:15,14.21,39780,28,买盘
2093,11:16:18,14.2,7100,5,卖盘
2094,11:16:21,14.2,32681,23,卖盘
2095,11:16:24,14.21,46893,33,买盘
2096,11:16:27,14.21,14210,10,买盘
2097,11:16:33,14.2,1420,1,卖盘
2098,11:16:39,14.21,14210,10,买盘
2099,11:16:42,14.19,1418138,999,卖盘
2100,11:16:45,14.19,11358,8,卖盘
2101,11:16:54,14.19,15619,11,卖盘
2102,11:16:57,14.2,7099,5,买盘
2103,11:17:00,14.19,153252,108,卖盘
2104,11:17:03,14.19,113520,80,卖盘
2105,11:17:06,14.19,188740,133,卖盘
2106,11:17:09,14.2,146260,103,买盘
2107,11:17:12,14.21,8526,6,买盘
2108,11:17:15,14.2,127800,90,买盘
2109,11:17:18,14.2,143326,101,买盘
2110,11:17:21,14.19,154677,109,卖盘
2111,11:17:27,14.2,11365,8,卖盘
2112,11:17:30,14.21,51156,36,买盘
2113,11:17:33,14.2,5683,4,卖盘
2114,11:17:36,14.21,12789,9,买盘
2115,11:17:39,14.2,14206,10,卖盘
2116,11:17:42,14.2,42600,30,卖盘
2117,11:17:45,14.19,42599,30,卖盘
2118,11:17:54,14.19,212917,150,卖盘
2119,11:17:57,14.19,217109,153,卖盘
2120,11:18:00,14.19,83741,59,卖盘
2121,11:18:03,14.19,2838,2,卖盘
2122,11:18:06,14.2,65320,46,买盘
2123,11:18:09,14.19,7095,5,卖盘
2124,11:18:12,14.19,17039,12,卖盘
2125,11:18:15,14.2,2840,2,买盘
2126,11:18:21,14.19,414379,292,卖盘
2127,11:18:24,14.2,2840,2,中性盘
2128,11:18:27,14.19,18453,13,卖盘
2129,11:18:30,14.2,51153,36,中性盘
2130,11:18:33,14.2,29802,21,买盘
2131,11:18:36,14.19,99330,70,卖盘
2132,11:18:39,14.2,88040,62,买盘
2133,11:18:42,14.21,22736,16,买盘
2134,11:18:45,14.2,80996,57,卖盘
2135,11:18:48,14.21,39778,28,买盘
2136,11:18:51,14.2,17047,12,卖盘
2137,11:18:54,14.21,8526,6,买盘
2138,11:18:57,14.2,267144,188,卖盘
2139,11:19:00,14.21,15630,11,买盘
2140,11:19:03,14.2,8524,6,卖盘
2141,11:19:06,14.21,11365,8,买盘
2142,11:19:09,14.2,17044,12,卖盘
2143,11:19:12,14.2,7103,5,卖盘
2144,11:19:15,14.21,4263,3,买盘
2145,11:19:18,14.21,7105,5,买盘
2146,11:19:21,14.21,55419,39,买盘
2147,11:19:24,14.21,89552,63,卖盘
2148,11:19:27,14.21,44051,31,卖盘
2149,11:19:30,14.21,88102,62,卖盘
2150,11:19:33,14.21,61132,43,卖盘
2151,11:19:36,14.21,5684,4,卖盘
2152,11:19:39,14.22,5687,4,买盘
2153,11:19:42,14.21,73939,52,卖盘
2154,11:19:45,14.22,25596,18,买盘
2155,11:19:48,14.21,21315,15,卖盘
2156,11:19:51,14.2,12780,9,卖盘
2157,11:19:54,14.21,11368,8,买盘
2158,11:19:57,14.21,18473,13,买盘
2159,11:20:00,14.2,594980,419,卖盘
2160,11:20:03,14.2,313561,221,买盘
2161,11:20:09,14.19,12771,9,买盘
2162,11:20:12,14.19,26970,19,中性盘
2163,11:20:15,14.19,14193,10,卖盘
2164,11:20:18,14.19,14190,10,买盘
2165,11:20:21,14.19,102168,72,买盘
2166,11:20:24,14.19,38313,27,卖盘
2167,11:20:27,14.19,7095,5,卖盘
2168,11:20:30,14.19,14190,10,卖盘
2169,11:20:33,14.19,149000,105,卖盘
2170,11:20:36,14.18,24109,17,卖盘
2171,11:20:39,14.19,26961,19,买盘
2172,11:20:42,14.19,4257,3,买盘
2173,11:20:48,14.18,35450,25,卖盘
2174,11:20:51,14.17,572871,404,卖盘
2175,11:20:54,14.18,7090,5,买盘
2176,11:20:57,14.18,8508,6,买盘
2177,11:21:00,14.17,5668,4,卖盘
2178,11:21:03,14.18,2835,2,买盘
2179,11:21:09,14.17,56695,40,卖盘
2180,11:21:12,14.17,7087,5,卖盘
2181,11:21:15,14.18,25513,18,买盘
2182,11:21:18,14.18,12762,9,买盘
2183,11:21:24,14.17,93533,66,卖盘
2184,11:21:27,14.17,164477,116,卖盘
2185,11:21:30,14.17,4251,3,卖盘
2186,11:21:33,14.17,1417,1,卖盘
2187,11:21:36,14.17,147470,104,卖盘
2188,11:21:42,14.18,150297,106,买盘
2189,11:21:45,14.18,4254,3,卖盘
2190,11:21:48,14.18,15598,11,卖盘
2191,11:21:51,14.18,14180,10,卖盘
2192,11:21:54,14.19,15607,11,买盘
2193,11:22:00,14.18,43957,31,卖盘
2194,11:22:03,14.19,42545,30,买盘
2195,11:22:06,14.17,22684,16,卖盘
2196,11:22:09,14.18,14180,10,中性盘
2197,11:22:12,14.18,2836,2,卖盘
2198,11:22:15,14.18,7090,5,卖盘
2199,11:22:18,14.18,59556,42,卖盘
2200,11:22:21,14.19,75156,53,买盘
2201,11:22:24,14.18,2836,2,卖盘
2202,11:22:27,14.18,9926,7,卖盘
2203,11:22:30,14.18,25524,18,卖盘
2204,11:22:33,14.16,639102,451,卖盘
2205,11:22:36,14.17,70850,50,买盘
2206,11:22:39,14.17,70849,50,买盘
2207,11:22:42,14.17,49595,35,买盘
2208,11:22:45,14.17,55263,39,买盘
2209,11:22:48,14.16,162937,115,卖盘
2210,11:22:54,14.17,22671,16,卖盘
2211,11:22:57,14.17,2834,2,卖盘
2212,11:23:00,14.18,12755,9,买盘
2213,11:23:06,14.17,19838,14,卖盘
2214,11:23:09,14.17,1417,1,卖盘
2215,11:23:12,14.17,9919,7,卖盘
2216,11:23:15,14.17,5668,4,卖盘
2217,11:23:18,14.17,21255,15,卖盘
2218,11:23:21,14.17,72267,51,卖盘
2219,11:23:24,14.17,107621,76,中性盘
2220,11:23:27,14.17,121861,86,买盘
2221,11:23:33,14.16,75050,53,卖盘
2222,11:23:36,14.16,14169,10,卖盘
2223,11:23:39,14.17,5667,4,买盘
2224,11:23:42,14.17,11336,8,买盘
2225,11:23:45,14.16,35400,25,卖盘
2226,11:23:48,14.16,56641,40,卖盘
2227,11:23:51,14.17,76518,54,买盘
2228,11:23:54,14.17,31173,22,买盘
2229,11:23:57,14.17,14170,10,买盘
2230,11:24:00,14.17,172773,122,买盘
2231,11:24:03,14.17,59486,42,买盘
2232,11:24:06,14.17,2833,2,买盘
2233,11:24:09,14.16,1416,1,卖盘
2234,11:24:12,14.16,1416,1,卖盘
2235,11:24:15,14.17,5668,4,买盘
2236,11:24:18,14.17,21255,15,买盘
2237,11:24:21,14.16,5664,4,卖盘
2238,11:24:27,14.16,8501,6,卖盘
2239,11:24:30,14.17,172874,122,买盘
2240,11:24:33,14.16,39648,28,卖盘
2241,11:24:36,14.16,7080,5,卖盘
2242,11:24:39,14.16,4248,3,卖盘
2243,11:24:42,14.17,141603,100,买盘
2244,11:24:45,14.16,301611,213,卖盘
2245,11:24:48,14.16,12744,9,卖盘
2246,11:24:54,14.17,276292,195,买盘
2247,11:24:57,14.17,22664,16,买盘
2248,11:25:00,14.16,4250,3,卖盘
2249,11:25:06,14.16,123194,87,卖盘
2250,11:25:09,14.17,7085,5,买盘
2251,11:25:12,14.16,62304,44,卖盘
2252,11:25:18,14.16,14165,10,卖盘
2253,11:25:21,14.17,28335,20,买盘
2254,11:25:24,14.16,528168,373,卖盘
2255,11:25:27,14.17,75098,53,买盘
2256,11:25:33,14.17,4249,3,买盘
2257,11:25:39,14.16,9917,7,卖盘
2258,11:25:42,14.16,528168,373,卖盘
2259,11:25:48,14.16,4248,3,买盘
2260,11:25:51,14.16,171315,121,买盘
2261,11:25:54,14.16,43896,31,买盘
2262,11:25:57,14.16,2832,2,卖盘
2263,11:26:03,14.16,42500,30,卖盘
2264,11:26:06,14.16,7080,5,卖盘
2265,11:26:09,14.16,65136,46,卖盘
2266,11:26:12,14.16,39648,28,卖盘
2267,11:26:15,14.16,22659,16,卖盘
2268,11:26:18,14.17,34006,24,买盘
2269,11:26:21,14.17,52413,37,买盘
2270,11:26:24,14.16,9914,7,卖盘
2271,11:26:27,14.16,19831,14,卖盘
2272,11:26:30,14.17,1417,1,买盘
2273,11:26:33,14.16,14160,10,卖盘
2274,11:26:36,14.16,2832,2,卖盘
2275,11:26:39,14.17,9919,7,买盘
2276,11:26:42,14.16,33985,24,卖盘
2277,11:26:51,14.16,1416,1,卖盘
2278,11:26:54,14.16,101952,72,卖盘
2279,11:26:57,14.17,31174,22,买盘
2280,11:27:00,14.17,55263,39,买盘
2281,11:27:03,14.17,11336,8,买盘
2282,11:27:06,14.17,58094,41,买盘
2283,11:27:09,14.16,7084,5,卖盘
2284,11:27:12,14.17,592304,418,买盘
2285,11:27:15,14.17,111943,79,卖盘
2286,11:27:18,14.18,2836,2,买盘
2287,11:27:24,14.17,12754,9,卖盘
2288,11:27:27,14.18,5669,4,买盘
2289,11:27:30,14.18,15594,11,买盘
2290,11:27:33,14.17,7085,5,卖盘
2291,11:27:36,14.17,394171,278,卖盘
2292,11:27:39,14.18,21270,15,买盘
2293,11:27:42,14.18,180086,127,买盘
2294,11:27:45,14.18,97840,69,买盘
2295,11:27:54,14.18,15598,11,卖盘
2296,11:27:57,14.19,4257,3,买盘
2297,11:28:00,14.19,45390,32,买盘
2298,11:28:03,14.19,36894,26,买盘
2299,11:28:06,14.19,24123,17,买盘
2300,11:28:12,14.18,7090,5,卖盘
2301,11:28:15,14.19,80883,57,买盘
2302,11:28:18,14.18,14180,10,卖盘
2303,11:28:21,14.18,2836,2,卖盘
2304,11:28:24,14.18,26942,19,卖盘
2305,11:28:27,14.19,9931,7,买盘
2306,11:28:30,14.18,28360,20,卖盘
2307,11:28:33,14.18,73736,52,卖盘
2308,11:28:36,14.18,17016,12,卖盘
2309,11:28:39,14.18,15607,11,卖盘
2310,11:28:42,14.19,2837,2,买盘
2311,11:28:45,14.18,2836,2,卖盘
2312,11:28:48,14.19,102147,72,买盘
2313,11:28:51,14.19,14181,10,买盘
2314,11:28:54,14.19,11351,8,买盘
2315,11:28:57,14.18,42549,30,卖盘
2316,11:29:00,14.19,99326,70,买盘
2317,11:29:03,14.19,87971,62,买盘
2318,11:29:06,14.18,509265,359,卖盘
2319,11:29:09,14.18,82262,58,卖盘
2320,11:29:12,14.18,4254,3,卖盘
2321,11:29:15,14.19,62436,44,买盘
2322,11:29:18,14.19,2838,2,买盘
2323,11:29:21,14.18,21270,15,卖盘
2324,11:29:24,14.19,31218,22,买盘
2325,11:29:27,14.19,290895,205,买盘
2326,11:29:30,14.19,4258,3,卖盘
2327,11:29:33,14.2,106500,75,买盘
2328,11:29:36,14.2,4260,3,买盘
2329,11:29:42,14.19,110682,78,卖盘
2330,11:29:45,14.19,79464,56,买盘
2331,11:29:48,14.19,8514,6,买盘
2332,11:29:51,14.2,5680,4,买盘
2333,11:29:54,14.19,1347574,949,卖盘
2334,11:29:57,14.2,1420,1,买盘
2335,11:30:00,14.2,63900,45,买盘
2336,13:00:00,14.23,1110416,781,买盘
2337,13:00:03,14.23,1024920,721,卖盘
2338,13:00:06,14.24,49839,35,买盘
2339,13:00:09,14.24,31330,22,卖盘
2340,13:00:12,14.24,45571,32,卖盘
2341,13:00:15,14.24,163858,115,买盘
2342,13:00:18,14.24,112525,79,中性盘
2343,13:00:21,14.23,78319,55,卖盘
2344,13:00:24,14.25,79752,56,买盘
2345,13:00:27,14.24,24199,17,买盘
2346,13:00:30,14.25,39879,28,买盘
2347,13:00:33,14.24,173683,122,买盘
2348,13:00:36,14.23,163751,115,卖盘
2349,13:00:39,14.24,62656,44,买盘
2350,13:00:42,14.25,163779,115,买盘
2351,13:00:45,14.24,1424,1,买盘
2352,13:00:48,14.24,14240,10,买盘
2353,13:00:51,14.23,153775,108,卖盘
2354,13:00:54,14.25,5700,4,买盘
2355,13:00:57,14.23,331706,233,卖盘
2356,13:01:00,14.25,158175,111,买盘
2357,13:01:03,14.25,54128,38,买盘
2358,13:01:06,14.24,8549,6,中性盘
2359,13:01:09,14.24,99706,70,卖盘
2360,13:01:12,14.24,64100,45,卖盘
2361,13:01:15,14.23,46987,33,卖盘
2362,13:01:18,14.25,81188,57,买盘
2363,13:01:21,14.24,1424,1,中性盘
2364,13:01:24,14.24,145333,102,买盘
2365,13:01:27,14.23,2494881,1751,卖盘
2366,13:01:30,14.24,15664,11,买盘
2367,13:01:33,14.28,1425658,1000,买盘
2368,13:01:36,14.26,8558,6,中性盘
2369,13:01:39,14.24,11394,8,卖盘
2370,13:01:42,14.27,74204,52,买盘
2371,13:01:45,14.27,14272,10,买盘
2372,13:01:48,14.28,77070,54,买盘
2373,13:01:51,14.27,2854,2,中性盘
2374,13:01:54,14.28,348432,244,买盘
2375,13:01:57,14.27,34248,24,买盘
2376,13:02:00,14.26,95572,67,卖盘
2377,13:02:03,14.28,78405,55,买盘
2378,13:02:06,14.25,708295,497,卖盘
2379,13:02:09,14.27,42785,30,买盘
2380,13:02:12,14.26,64177,45,买盘
2381,13:02:15,14.26,97007,68,买盘
2382,13:02:18,14.26,131174,92,买盘
2383,13:02:21,14.25,282312,198,卖盘
2384,13:02:24,14.25,128268,90,卖盘
2385,13:02:27,14.25,49875,35,卖盘
2386,13:02:33,14.25,49875,35,买盘
2387,13:02:36,14.25,304950,214,买盘
2388,13:02:39,14.24,15674,11,卖盘
2389,13:02:42,14.25,64125,45,买盘
2390,13:02:45,14.24,2848,2,卖盘
2391,13:02:48,14.25,58425,41,买盘
2392,13:02:51,14.25,12821,9,买盘
2393,13:02:54,14.24,623712,438,卖盘
2394,13:03:00,14.24,19936,14,买盘
2395,13:03:03,14.25,277875,195,买盘
2396,13:03:06,14.25,126815,89,买盘
2397,13:03:09,14.25,66975,47,卖盘
2398,13:03:12,14.25,7127,5,卖盘
2399,13:03:15,14.26,486017,341,买盘
2400,13:03:18,14.24,15665,11,卖盘
2401,13:03:21,14.25,51327,36,买盘
2402,13:03:24,14.26,138326,97,中性盘
2403,13:03:27,14.27,426339,299,买盘
2404,13:03:30,14.25,44181,31,卖盘
2405,13:03:33,14.25,31350,22,买盘
2406,13:03:36,14.26,31368,22,买盘
2407,13:03:39,14.26,74152,52,买盘
2408,13:03:42,14.25,11406,8,卖盘
2409,13:03:45,14.26,32798,23,买盘
2410,13:03:48,14.25,29944,21,卖盘
2411,13:03:51,14.26,232438,163,买盘
2412,13:03:54,14.26,8551,6,买盘
2413,13:03:57,14.25,1425,1,卖盘
2414,13:04:00,14.27,79909,56,买盘
2415,13:04:03,14.26,44179,31,买盘
2416,13:04:06,14.26,32793,23,买盘
2417,13:04:09,14.26,377837,265,买盘
2418,13:04:12,14.26,360775,253,买盘
2419,13:04:15,14.26,7130,5,买盘
2420,13:04:18,14.26,11408,8,买盘
2421,13:04:21,14.25,373350,262,卖盘
2422,13:04:24,14.25,49865,35,买盘
2423,13:04:27,14.25,37050,26,买盘
2424,13:04:33,14.25,1425,1,买盘
2425,13:04:36,14.26,58437,41,买盘
2426,13:04:39,14.26,12834,9,买盘
2427,13:04:42,14.26,229586,161,买盘
2428,13:04:45,14.26,39928,28,买盘
2429,13:04:48,14.26,369334,259,买盘
2430,13:04:51,14.26,387822,272,买盘
2431,13:04:54,14.26,59892,42,买盘
2432,13:04:57,14.26,52762,37,买盘
2433,13:05:00,14.26,12834,9,卖盘
2434,13:05:03,14.26,97029,68,卖盘
2435,13:05:06,14.27,194072,136,买盘
2436,13:05:12,14.26,1426,1,卖盘
2437,13:05:15,14.27,85620,60,买盘
2438,13:05:21,14.27,19978,14,买盘
2439,13:05:24,14.27,5708,4,买盘
2440,13:05:27,14.27,78483,55,买盘
2441,13:05:30,14.27,146919,103,买盘
2442,13:05:33,14.27,14270,10,买盘
2443,13:05:39,14.26,27094,19,卖盘
2444,13:05:42,14.26,37097,26,卖盘
2445,13:05:45,14.26,77044,54,卖盘
2446,13:05:48,14.26,81282,57,卖盘
2447,13:05:51,14.27,32815,23,买盘
2448,13:05:54,14.26,178250,125,卖盘
2449,13:05:57,14.26,248077,174,买盘
2450,13:06:03,14.26,15681,11,买盘
2451,13:06:06,14.26,18538,13,买盘
2452,13:06:09,14.27,202537,142,买盘
2453,13:06:12,14.26,44206,31,中性盘
2454,13:06:15,14.26,4278,3,卖盘
2455,13:06:21,14.26,11408,8,卖盘
2456,13:06:24,14.27,141259,99,买盘
2457,13:06:27,14.27,77058,54,买盘
2458,13:06:30,14.26,28520,20,卖盘
2459,13:06:33,14.27,22832,16,买盘
2460,13:06:36,14.27,69922,49,买盘
2461,13:06:39,14.27,146978,103,买盘
2462,13:06:42,14.26,48485,34,卖盘
2463,13:06:45,14.27,27108,19,买盘
2464,13:06:48,14.27,45658,32,买盘
2465,13:06:51,14.26,11410,8,卖盘
2466,13:06:54,14.27,336772,236,买盘
2467,13:06:57,14.28,1764722,1236,买盘
2468,13:07:00,14.28,145656,102,买盘
2469,13:07:03,14.28,17136,12,买盘
2470,13:07:06,14.28,98524,69,买盘
2471,13:07:09,14.28,384132,269,买盘
2472,13:07:12,14.29,67128,47,买盘
2473,13:07:15,14.29,40012,28,买盘
2474,13:07:18,14.29,111462,78,买盘
2475,13:07:21,14.28,137125,96,卖盘
2476,13:07:24,14.29,178604,125,买盘
2477,13:07:27,14.28,29988,21,买盘
2478,13:07:30,14.28,207110,145,买盘
2479,13:07:33,14.29,171366,120,买盘
2480,13:07:36,14.29,34296,24,买盘
2481,13:07:39,14.3,141480,99,买盘
2482,13:07:42,14.29,362881,254,卖盘
2483,13:07:45,14.29,38583,27,买盘
2484,13:07:48,14.29,147187,103,买盘
2485,13:07:51,14.29,54330,38,卖盘
2486,13:07:54,14.29,38583,27,卖盘
2487,13:07:57,14.29,12861,9,买盘
2488,13:08:00,14.29,14294,10,卖盘
2489,13:08:03,14.29,111479,78,卖盘
2490,13:08:06,14.3,14300,10,买盘
2491,13:08:09,14.29,18582,13,卖盘
2492,13:08:12,14.29,600183,420,卖盘
2493,13:08:15,14.29,510145,357,买盘
2494,13:08:18,14.29,91402,64,买盘
2495,13:08:21,14.29,172942,121,买盘
2496,13:08:24,14.29,119988,84,卖盘
2497,13:08:27,14.3,669032,468,买盘
2498,13:08:30,14.29,47157,33,中性盘
2499,13:08:33,14.29,1429,1,卖盘
2500,13:08:36,14.3,90080,63,买盘
2501,13:08:39,14.29,138613,97,卖盘
2502,13:08:42,14.29,21426,15,买盘
2503,13:08:45,14.29,1429,1,买盘
2504,13:08:48,14.28,915425,641,卖盘
2505,13:08:51,14.28,108499,76,买盘
2506,13:08:54,14.27,720504,505,卖盘
2507,13:08:57,14.27,7135,5,买盘
2508,13:09:00,14.27,79912,56,买盘
2509,13:09:03,14.27,135565,95,买盘
2510,13:09:06,14.28,25687,18,买盘
2511,13:09:09,14.27,14270,10,卖盘
2512,13:09:15,14.27,35675,25,卖盘
2513,13:09:18,14.27,132711,93,卖盘
2514,13:09:27,14.26,5704,4,卖盘
2515,13:09:30,14.27,613280,430,买盘
2516,13:09:33,14.26,27084,19,中性盘
2517,13:09:36,14.25,45603,32,卖盘
2518,13:09:39,14.25,27075,19,卖盘
2519,13:09:42,14.26,14260,10,买盘
2520,13:09:45,14.25,7129,5,卖盘
2521,13:09:48,14.26,24227,17,买盘
2522,13:09:51,14.25,31351,22,卖盘
2523,13:09:54,14.26,14252,10,买盘
2524,13:09:57,14.26,12831,9,买盘
2525,13:10:03,14.25,75525,53,卖盘
2526,13:10:06,14.25,138225,97,卖盘
2527,13:10:09,14.26,17110,12,买盘
2528,13:10:12,14.25,7125,5,卖盘
2529,13:10:15,14.25,1011754,710,卖盘
2530,13:10:18,14.25,17100,12,买盘
2531,13:10:24,14.24,19936,14,卖盘
2532,13:10:27,14.24,25632,18,卖盘
2533,13:10:30,14.25,64115,45,买盘
2534,13:10:33,14.25,514073,361,买盘
2535,13:10:36,14.24,35605,25,卖盘
2536,13:10:39,14.24,76946,54,卖盘
2537,13:10:42,14.24,86864,61,卖盘
2538,13:10:45,14.24,48416,34,买盘
2539,13:10:51,14.24,17088,12,买盘
2540,13:10:54,14.23,8538,6,卖盘
2541,13:10:57,14.23,61189,43,卖盘
2542,13:11:00,14.23,49805,35,卖盘
2543,13:11:03,14.24,4272,3,买盘
2544,13:11:06,14.23,234795,165,卖盘
2545,13:11:09,14.24,142366,100,买盘
2546,13:11:15,14.22,73944,52,卖盘
2547,13:11:18,14.23,75417,53,买盘
2548,13:11:21,14.22,118026,83,卖盘
2549,13:11:24,14.23,210460,148,买盘
2550,13:11:27,14.22,5688,4,中性盘
2551,13:11:36,14.22,31288,22,卖盘
2552,13:11:39,14.22,275868,194,卖盘
2553,13:11:42,14.22,72522,51,买盘
2554,13:11:48,14.22,54036,38,买盘
2555,13:11:51,14.22,560268,394,买盘
2556,13:11:57,14.22,14220,10,卖盘
2557,13:12:00,14.23,1423,1,买盘
2558,13:12:09,14.22,147892,104,卖盘
2559,13:12:12,14.22,255960,180,卖盘
2560,13:12:15,14.22,472104,332,买盘
2561,13:12:18,14.23,44083,31,买盘
2562,13:12:21,14.23,28460,20,买盘
2563,13:12:24,14.22,19908,14,卖盘
2564,13:12:27,14.23,17074,12,买盘
2565,13:12:30,14.23,46955,33,买盘
2566,13:12:33,14.23,36998,26,买盘
2567,13:12:36,14.24,1424,1,买盘
2568,13:12:39,14.24,2848,2,买盘
2569,13:12:42,14.24,4272,3,买盘
2570,13:12:51,14.24,71164,50,买盘
2571,13:12:54,14.24,49840,35,买盘
2572,13:12:57,14.24,71200,50,买盘
2573,13:13:00,14.24,8544,6,买盘
2574,13:13:03,14.24,4272,3,买盘
2575,13:13:06,14.24,71200,50,买盘
2576,13:13:09,14.24,54107,38,买盘
2577,13:13:15,14.24,1424,1,买盘
2578,13:13:18,14.24,54112,38,买盘
2579,13:13:24,14.23,8540,6,卖盘
2580,13:13:27,14.24,34176,24,买盘
2581,13:13:30,14.24,5696,4,买盘
2582,13:13:33,14.24,15654,11,买盘
2583,13:13:39,14.24,136704,96,买盘
2584,13:13:42,14.24,5696,4,卖盘
2585,13:13:45,14.24,21360,15,卖盘
2586,13:13:48,14.24,28480,20,卖盘
2587,13:13:51,14.25,37026,26,买盘
2588,13:13:54,14.24,42749,30,卖盘
2589,13:13:57,14.25,11400,8,买盘
2590,13:14:00,14.24,18515,13,卖盘
2591,13:14:03,14.24,78320,55,卖盘
2592,13:14:06,14.25,22798,16,买盘
2593,13:14:09,14.24,31344,22,卖盘
2594,13:14:12,14.24,15665,11,卖盘
2595,13:14:18,14.24,44144,31,卖盘
2596,13:14:21,14.25,12825,9,买盘
2597,13:14:24,14.25,31350,22,买盘
2598,13:14:30,14.25,38475,27,买盘
2599,13:14:33,14.25,102600,72,买盘
2600,13:14:36,14.24,11399,8,卖盘
2601,13:14:39,14.25,74100,52,买盘
2602,13:14:42,14.24,7120,5,卖盘
2603,13:14:48,14.25,1425,1,买盘
2604,13:14:51,14.25,17100,12,买盘
2605,13:14:54,14.24,76946,54,卖盘
2606,13:14:57,14.24,7123,5,卖盘
2607,13:15:00,14.25,7125,5,买盘
2608,13:15:03,14.25,28500,20,买盘
2609,13:15:06,14.25,17100,12,买盘
2610,13:15:15,14.24,636528,447,卖盘
2611,13:15:21,14.24,24208,17,买盘
2612,13:15:24,14.24,252048,177,买盘
2613,13:15:27,14.25,9969,7,买盘
2614,13:15:33,14.24,7120,5,卖盘
2615,13:15:36,14.24,14240,10,卖盘
2616,13:15:42,14.25,5700,4,买盘
2617,13:15:45,14.24,12823,9,卖盘
2618,13:15:54,14.25,267897,188,买盘
2619,13:15:57,14.25,99750,70,买盘
2620,13:16:00,14.25,17101,12,卖盘
2621,13:16:03,14.25,262205,184,卖盘
2622,13:16:06,14.26,5703,4,买盘
2623,13:16:09,14.25,9975,7,卖盘
2624,13:16:12,14.26,14253,10,买盘
2625,13:16:15,14.25,57000,40,卖盘
2626,13:16:18,14.25,35647,25,卖盘
2627,13:16:21,14.26,11408,8,买盘
2628,13:16:24,14.26,7130,5,买盘
2629,13:16:27,14.26,9979,7,买盘
2630,13:16:30,14.25,2850,2,卖盘
2631,13:16:36,14.26,15686,11,买盘
2632,13:16:39,14.26,62706,44,买盘
2633,13:16:42,14.26,75536,53,买盘
2634,13:16:45,14.26,45632,32,买盘
2635,13:16:51,14.26,11405,8,买盘
2636,13:16:54,14.25,9975,7,卖盘
2637,13:16:57,14.25,172425,121,卖盘
2638,13:17:00,14.25,49875,35,卖盘
2639,13:17:03,14.26,44194,31,买盘
2640,13:17:06,14.25,28504,20,买盘
2641,13:17:09,14.25,1425,1,买盘
2642,13:17:12,14.25,4275,3,买盘
2643,13:17:15,14.24,153852,108,卖盘
2644,13:17:18,14.25,15673,11,买盘
2645,13:17:21,14.24,59808,42,卖盘
2646,13:17:24,14.24,22788,16,卖盘
2647,13:17:27,14.24,7120,5,卖盘
2648,13:17:30,14.24,32752,23,卖盘
2649,13:17:33,14.24,172304,121,卖盘
2650,13:17:36,14.25,61233,43,买盘
2651,13:17:39,14.24,38448,27,卖盘
2652,13:17:42,14.25,143875,101,买盘
2653,13:17:45,14.25,55575,39,买盘
2654,13:17:48,14.25,7125,5,买盘
2655,13:17:51,14.24,65525,46,卖盘
2656,13:17:54,14.25,235125,165,买盘
2657,13:17:57,14.24,139647,98,卖盘
2658,13:18:00,14.25,18521,13,买盘
2659,13:18:03,14.24,44144,31,卖盘
2660,13:18:06,14.26,51307,36,买盘
2661,13:18:09,14.25,31350,22,买盘
2662,13:18:12,14.24,9970,7,卖盘
2663,13:18:15,14.25,2850,2,买盘
2664,13:18:18,14.24,88319,62,卖盘
2665,13:18:21,14.25,4275,3,买盘
2666,13:18:24,14.24,27070,19,卖盘
2667,13:18:27,14.25,76950,54,买盘
2668,13:18:30,14.25,132525,93,买盘
2669,13:18:33,14.25,24221,17,买盘
2670,13:18:36,14.24,203682,143,卖盘
2671,13:18:39,14.24,125390,88,卖盘
2672,13:18:42,14.25,45600,32,买盘
2673,13:18:45,14.25,1425,1,卖盘
2674,13:18:48,14.25,94100,66,卖盘
2675,13:18:51,14.26,25660,18,买盘
2676,13:18:57,14.26,44206,31,买盘
2677,13:19:00,14.26,1426,1,买盘
2678,13:19:03,14.25,336357,236,卖盘
2679,13:19:06,14.26,148304,104,买盘
2680,13:19:09,14.26,4277,3,买盘
2681,13:19:12,14.25,18530,13,卖盘
2682,13:19:15,14.25,208090,146,卖盘
2683,13:19:18,14.26,12829,9,买盘
2684,13:19:24,14.25,17100,12,卖盘
2685,13:19:30,14.26,24236,17,买盘
2686,13:19:36,14.25,4275,3,卖盘
2687,13:19:39,14.25,153908,108,卖盘
2688,13:19:45,14.26,49910,35,买盘
2689,13:19:48,14.25,82651,58,卖盘
2690,13:19:51,14.25,4275,3,卖盘
2691,13:19:54,14.25,42750,30,卖盘
2692,13:20:00,14.25,19950,14,卖盘
2693,13:20:03,14.25,173853,122,卖盘
2694,13:20:06,14.26,118327,83,买盘
2695,13:20:09,14.26,28520,20,买盘
2696,13:20:12,14.25,14250,10,卖盘
2697,13:20:15,14.25,427500,300,卖盘
2698,13:20:18,14.25,1425,1,卖盘
2699,13:20:24,14.25,259355,182,卖盘
2700,13:20:27,14.25,18525,13,买盘
2701,13:20:30,14.26,104085,73,买盘
2702,13:20:33,14.25,4275,3,中性盘
2703,13:20:36,14.25,2850,2,买盘
2704,13:20:39,14.25,5700,4,买盘
2705,13:20:42,14.25,5700,4,卖盘
2706,13:20:45,14.26,1426,1,买盘
2707,13:20:48,14.25,7125,5,卖盘
2708,13:20:51,14.25,102666,72,卖盘
2709,13:20:54,14.25,178125,125,卖盘
2710,13:20:57,14.25,61275,43,卖盘
2711,13:21:00,14.25,8550,6,买盘
2712,13:21:03,14.25,1425,1,买盘
2713,13:21:06,14.24,949908,667,卖盘
2714,13:21:09,14.24,263440,185,买盘
2715,13:21:12,14.24,41296,29,买盘
2716,13:21:15,14.24,1424,1,买盘
2717,13:21:21,14.23,1423,1,卖盘
2718,13:21:24,14.24,29904,21,买盘
2719,13:21:30,14.23,360019,253,卖盘
2720,13:21:33,14.23,14230,10,买盘
2721,13:21:39,14.22,1422,1,卖盘
2722,13:21:42,14.23,39844,28,买盘
2723,13:21:45,14.22,4266,3,卖盘
2724,13:21:48,14.23,14230,10,买盘
2725,13:21:51,14.22,19908,14,卖盘
2726,13:21:54,14.22,25596,18,卖盘
2727,13:21:57,14.22,14220,10,卖盘
2728,13:22:00,14.22,25596,18,卖盘
2729,13:22:03,14.23,4268,3,买盘
2730,13:22:06,14.23,44084,31,买盘
2731,13:22:09,14.22,36972,26,卖盘
2732,13:22:12,14.22,28440,20,卖盘
2733,13:22:15,14.22,285822,201,卖盘
2734,13:22:18,14.22,149310,105,卖盘
2735,13:22:21,14.22,130826,92,卖盘
2736,13:22:24,14.22,31284,22,卖盘
2737,13:22:27,14.22,39816,28,买盘
2738,13:22:30,14.22,1422,1,买盘
2739,13:22:33,14.22,71100,50,买盘
2740,13:22:36,14.21,66824,47,卖盘
2741,13:22:39,14.22,268648,189,买盘
2742,13:22:42,14.22,38398,27,卖盘
2743,13:22:45,14.21,91003,64,卖盘
2744,13:22:48,14.22,27018,19,买盘
2745,13:22:57,14.21,169099,119,卖盘
2746,13:23:00,14.22,65412,46,买盘
2747,13:23:03,14.22,162153,114,卖盘
2748,13:23:06,14.22,261648,184,卖盘
2749,13:23:12,14.22,149314,105,卖盘
2750,13:23:15,14.23,270278,190,买盘
2751,13:23:24,14.23,9961,7,买盘
2752,13:23:27,14.22,5688,4,卖盘
2753,13:23:30,14.22,88164,62,卖盘
2754,13:23:33,14.22,179295,126,卖盘
2755,13:23:36,14.23,309998,218,买盘
2756,13:23:39,14.23,44113,31,买盘
2757,13:23:42,14.22,142200,100,卖盘
2758,13:23:45,14.23,1423,1,买盘
2759,13:23:48,14.23,12807,9,买盘
2760,13:23:51,14.22,29862,21,卖盘
2761,13:23:54,14.22,160686,113,卖盘
2762,13:23:57,14.23,44107,31,买盘
2763,13:24:03,14.23,1423,1,买盘
2764,13:24:06,14.23,8538,6,买盘
2765,13:24:09,14.23,125142,88,买盘
2766,13:24:12,14.23,8538,6,买盘
2767,13:24:15,14.22,5691,4,卖盘
2768,13:24:21,14.23,7115,5,买盘
2769,13:24:24,14.23,5692,4,买盘
2770,13:24:27,14.22,649854,457,卖盘
2771,13:24:30,14.22,42662,30,卖盘
2772,13:24:36,14.22,139407,98,卖盘
2773,13:24:39,14.22,25596,18,卖盘
2774,13:24:51,14.22,8532,6,卖盘
2775,13:24:54,14.23,31286,22,买盘
2776,13:24:57,14.23,12807,9,买盘
2777,13:25:00,14.22,24174,17,卖盘
2778,13:25:03,14.23,2846,2,买盘
2779,13:25:06,14.22,7110,5,卖盘
2780,13:25:15,14.22,8532,6,卖盘
2781,13:25:27,14.22,15642,11,卖盘
2782,13:25:30,14.22,14220,10,卖盘
2783,13:25:33,14.22,14220,10,卖盘
2784,13:25:36,14.23,86753,61,买盘
2785,13:25:39,14.23,85372,60,买盘
2786,13:25:42,14.23,7115,5,买盘
2787,13:25:45,14.22,19908,14,卖盘
2788,13:25:48,14.23,15650,11,买盘
2789,13:25:51,14.23,125220,88,买盘
2790,13:25:54,14.23,35562,25,买盘
2791,13:25:57,14.23,48365,34,买盘
2792,13:26:00,14.23,17076,12,买盘
2793,13:26:03,14.24,4190737,2945,买盘
2794,13:26:06,14.25,310584,218,买盘
2795,13:26:09,14.25,381557,268,买盘
2796,13:26:12,14.25,14250,10,买盘
2797,13:26:15,14.24,327689,230,卖盘
2798,13:26:18,14.26,17100,12,买盘
2799,13:26:21,14.24,14240,10,卖盘
2800,13:26:24,14.24,7120,5,买盘
2801,13:26:27,14.24,17088,12,买盘
2802,13:26:30,14.24,45561,32,买盘
2803,13:26:33,14.24,186544,131,买盘
2804,13:26:36,14.24,7120,5,买盘
2805,13:26:39,14.23,31327,22,卖盘
2806,13:26:42,14.24,25632,18,买盘
2807,13:26:45,14.24,8544,6,买盘
2808,13:26:48,14.24,1424,1,买盘
2809,13:26:51,14.24,162332,114,买盘
2810,13:27:00,14.24,217734,153,买盘
2811,13:27:03,14.23,150866,106,卖盘
2812,13:27:06,14.24,34166,24,买盘
2813,13:27:09,14.24,150844,106,买盘
2814,13:27:12,14.23,49805,35,卖盘
2815,13:27:15,14.24,4272,3,买盘
2816,13:27:18,14.23,11389,8,卖盘
2817,13:27:21,14.24,8544,6,买盘
2818,13:27:24,14.23,1423,1,卖盘
2819,13:27:27,14.23,71170,50,卖盘
2820,13:27:36,14.23,14230,10,卖盘
2821,13:27:39,14.24,32752,23,买盘
2822,13:27:42,14.24,7120,5,买盘
2823,13:27:45,14.23,220713,155,卖盘
2824,13:27:48,14.23,39847,28,卖盘
2825,13:27:51,14.23,39844,28,卖盘
2826,13:27:54,14.24,28480,20,买盘
2827,13:27:57,14.24,14240,10,买盘
2828,13:28:00,14.23,110994,78,卖盘
2829,13:28:03,14.23,136608,96,卖盘
2830,13:28:06,14.23,8538,6,卖盘
2831,13:28:09,14.24,82584,58,买盘
2832,13:28:12,14.23,4269,3,卖盘
2833,13:28:15,14.24,9968,7,买盘
2834,13:28:18,14.23,27037,19,卖盘
2835,13:28:21,14.24,8544,6,买盘
2836,13:28:24,14.23,21349,15,卖盘
2837,13:28:33,14.23,28460,20,卖盘
2838,13:28:36,14.23,21355,15,卖盘
2839,13:28:42,14.24,8539,6,买盘
2840,13:28:45,14.24,123888,87,买盘
2841,13:28:48,14.23,139454,98,卖盘
2842,13:28:51,14.23,1423,1,卖盘
2843,13:28:57,14.23,76864,54,卖盘
2844,13:29:00,14.24,479573,337,买盘
2845,13:29:03,14.24,12816,9,买盘
2846,13:29:06,14.24,8544,6,买盘
2847,13:29:09,14.24,118180,83,买盘
2848,13:29:15,14.23,14230,10,卖盘
2849,13:29:27,14.24,28471,20,买盘
2850,13:29:33,14.23,18499,13,卖盘
2851,13:29:36,14.24,2848,2,买盘
2852,13:29:39,14.24,71200,50,买盘
2853,13:29:42,14.23,18499,13,卖盘
2854,13:29:45,14.24,15662,11,买盘
2855,13:29:51,14.23,1423,1,卖盘
2856,13:29:54,14.23,79743,56,卖盘
2857,13:30:00,14.23,32729,23,卖盘
2858,13:30:03,14.24,18504,13,买盘
2859,13:30:06,14.24,82592,58,买盘
2860,13:30:09,14.23,88283,62,卖盘
2861,13:30:12,14.24,153792,108,买盘
2862,13:30:15,14.23,41276,29,卖盘
2863,13:30:18,14.24,5696,4,买盘
2864,13:30:21,14.24,18509,13,买盘
2865,13:30:24,14.23,61194,43,卖盘
2866,13:30:27,14.23,2846,2,卖盘
2867,13:30:30,14.23,102506,72,卖盘
2868,13:30:33,14.24,28480,20,买盘
2869,13:30:39,14.23,44113,31,卖盘
2870,13:30:42,14.24,156589,110,买盘
2871,13:30:45,14.23,2846,2,卖盘
2872,13:30:48,14.23,7115,5,卖盘
2873,13:30:51,14.24,51235,36,买盘
2874,13:30:54,14.23,28460,20,卖盘
2875,13:31:03,14.23,4269,3,卖盘
2876,13:31:06,14.23,7115,5,卖盘
2877,13:31:09,14.23,1423,1,卖盘
2878,13:31:12,14.24,9968,7,买盘
2879,13:31:18,14.23,36998,26,卖盘
2880,13:31:21,14.24,1424,1,买盘
2881,13:31:27,14.23,1423,1,卖盘
2882,13:31:30,14.23,557839,392,卖盘
2883,13:31:33,14.24,21360,15,买盘
2884,13:31:36,14.23,8541,6,卖盘
2885,13:31:45,14.24,1424,1,买盘
2886,13:31:51,14.23,17083,12,卖盘
2887,13:31:54,14.23,11384,8,卖盘
2888,13:32:03,14.23,2846,2,卖盘
2889,13:32:06,14.24,7120,5,买盘
2890,13:32:09,14.23,186526,131,卖盘
2891,13:32:15,14.23,108212,76,卖盘
2892,13:32:18,14.24,1831256,1286,买盘
2893,13:32:21,14.24,173718,122,买盘
2894,13:32:24,14.24,1106446,777,买盘
2895,13:32:27,14.25,11400,8,买盘
2896,13:32:30,14.25,601350,422,买盘
2897,13:32:33,14.25,126825,89,买盘
2898,13:32:36,14.25,37050,26,买盘
2899,13:32:39,14.25,572836,402,买盘
2900,13:32:42,14.25,61279,43,卖盘
2901,13:32:45,14.25,28500,20,卖盘
2902,13:32:48,14.26,148304,104,买盘
2903,13:32:51,14.26,11408,8,买盘
2904,13:32:54,14.26,89838,63,买盘
2905,13:32:57,14.26,5704,4,买盘
2906,13:33:00,14.26,51336,36,买盘
2907,13:33:03,14.26,272366,191,买盘
2908,13:33:06,14.26,165416,116,买盘
2909,13:33:09,14.27,79911,56,买盘
2910,13:33:12,14.27,109879,77,买盘
2911,13:33:15,14.27,124132,87,买盘
2912,13:33:27,14.28,115667,81,买盘
2913,13:33:30,14.28,379748,266,买盘
2914,13:33:33,14.28,47124,33,买盘
2915,13:33:36,14.28,127092,89,买盘
2916,13:33:39,14.28,57120,40,买盘
2917,13:33:42,14.28,295596,207,买盘
2918,13:33:45,14.28,85730,60,卖盘
2919,13:33:48,14.28,144228,101,卖盘
2920,13:33:51,14.28,147178,103,卖盘
2921,13:33:54,14.29,181482,127,买盘
2922,13:33:57,14.29,27151,19,买盘
2923,13:34:00,14.29,158619,111,买盘
2924,13:34:03,14.29,78588,55,买盘
2925,13:34:06,14.29,261506,183,买盘
2926,13:34:09,14.28,676872,474,卖盘
2927,13:34:12,14.28,135603,95,卖盘
2928,13:34:15,14.28,8568,6,买盘
2929,13:34:18,14.28,62832,44,买盘
2930,13:34:21,14.27,37102,26,卖盘
2931,13:34:24,14.27,94245,66,卖盘
2932,13:34:27,14.27,99893,70,卖盘
2933,13:34:30,14.28,17132,12,买盘
2934,13:34:33,14.27,27119,19,卖盘
2935,13:34:36,14.28,15708,11,买盘
2936,13:34:39,14.27,98509,69,卖盘
2937,13:34:42,14.28,209907,147,买盘
2938,13:34:45,14.28,32844,23,卖盘
2939,13:34:48,14.28,37128,26,卖盘
2940,13:34:51,14.27,922349,646,卖盘
2941,13:34:54,14.29,732946,513,买盘
2942,13:35:00,14.28,47124,33,卖盘
2943,13:35:03,14.27,21415,15,卖盘
2944,13:35:06,14.28,78537,55,买盘
2945,13:35:09,14.28,82824,58,买盘
2946,13:35:15,14.28,7140,5,卖盘
2947,13:35:18,14.28,154224,108,卖盘
2948,13:35:21,14.28,579822,406,卖盘
2949,13:35:24,14.28,54264,38,卖盘
2950,13:35:27,14.28,152796,107,卖盘
2951,13:35:30,14.29,171478,120,买盘
2952,13:35:33,14.29,7145,5,买盘
2953,13:35:39,14.29,62876,44,买盘
2954,13:35:42,14.28,12852,9,卖盘
2955,13:35:48,14.29,155761,109,买盘
2956,13:35:51,14.28,87119,61,卖盘
2957,13:35:54,14.29,558739,391,买盘
2958,13:35:57,14.29,81453,57,卖盘
2959,13:36:00,14.3,172914,121,买盘
2960,13:36:03,14.3,197287,138,买盘
2961,13:36:06,14.3,1491447,1043,买盘
2962,13:36:09,14.3,1704560,1192,买盘
2963,13:36:12,14.3,4290,3,卖盘
2964,13:36:15,14.31,218913,153,买盘
2965,13:36:18,14.31,100154,70,买盘
2966,13:36:21,14.31,364905,255,买盘
2967,13:36:24,14.32,32918,23,买盘
2968,13:36:27,14.32,1432,1,买盘
2969,13:36:33,14.32,293560,205,买盘
2970,13:36:36,14.32,383776,268,买盘
2971,13:36:39,14.32,15752,11,买盘
2972,13:36:42,14.32,80172,56,买盘
2973,13:36:45,14.32,111696,78,买盘
2974,13:36:48,14.32,25776,18,卖盘
2975,13:36:51,14.32,75896,53,买盘
2976,13:36:54,14.32,196163,137,买盘
2977,13:36:57,14.32,34368,24,买盘
2978,13:37:00,14.32,227681,159,买盘
2979,13:37:03,14.32,207634,145,买盘
2980,13:37:06,14.32,27208,19,买盘
2981,13:37:09,14.31,858600,600,卖盘
2982,13:37:12,14.31,14310,10,买盘
2983,13:37:15,14.3,225940,158,卖盘
2984,13:37:18,14.3,143012,100,卖盘
2985,13:37:21,14.31,2862,2,买盘
2986,13:37:24,14.3,15730,11,中性盘
2987,13:37:27,14.3,70070,49,买盘
2988,13:37:30,14.3,34320,24,买盘
2989,13:37:33,14.3,45760,32,买盘
2990,13:37:36,14.29,47188,33,卖盘
2991,13:37:39,14.3,127241,89,买盘
2992,13:37:42,14.3,42900,30,买盘
2993,13:37:45,14.29,42870,30,卖盘
2994,13:37:48,14.29,27159,19,卖盘
2995,13:37:51,14.3,437580,306,买盘
2996,13:37:54,14.3,28600,20,卖盘
2997,13:37:57,14.3,17160,12,卖盘
2998,13:38:00,14.3,41470,29,卖盘
2999,13:38:03,14.3,217360,152,卖盘
3000,13:38:06,14.3,2860,2,卖盘
3001,13:38:09,14.3,100100,70,卖盘
3002,13:38:12,14.3,47200,33,卖盘
3003,13:38:15,14.3,20020,14,卖盘
3004,13:38:18,14.3,60060,42,卖盘
3005,13:38:21,14.3,204625,143,卖盘
3006,13:38:24,14.3,75790,53,卖盘
3007,13:38:27,14.3,100101,70,卖盘
3008,13:38:30,14.31,180280,126,买盘
3009,13:38:33,14.3,148720,104,卖盘
3010,13:38:36,14.31,34325,24,买盘
3011,13:38:39,14.3,8585,6,卖盘
3012,13:38:42,14.31,15741,11,买盘
3013,13:38:45,14.31,93010,65,买盘
3014,13:38:48,14.31,95877,67,买盘
3015,13:38:54,14.31,10017,7,买盘
3016,13:38:57,14.3,271882,190,卖盘
3017,13:39:00,14.31,1431,1,买盘
3018,13:39:03,14.3,237380,166,卖盘
3019,13:39:09,14.3,140207,98,卖盘
3020,13:39:12,14.31,28620,20,买盘
3021,13:39:15,14.31,28620,20,买盘
3022,13:39:18,14.31,125928,88,买盘
3023,13:39:24,14.31,47223,33,买盘
3024,13:39:27,14.31,118770,83,买盘
3025,13:39:30,14.31,17172,12,买盘
3026,13:39:33,14.3,28600,20,卖盘
3027,13:39:36,14.3,12873,9,卖盘
3028,13:39:42,14.31,25758,18,买盘
3029,13:39:45,14.3,128761,90,卖盘
3030,13:39:48,14.3,27175,19,卖盘
3031,13:39:51,14.3,148725,104,卖盘
3032,13:39:54,14.3,5720,4,卖盘
3033,13:39:57,14.31,18603,13,买盘
3034,13:40:00,14.31,25748,18,买盘
3035,13:40:03,14.3,2860,2,卖盘
3036,13:40:06,14.3,221757,155,卖盘
3037,13:40:09,14.3,117260,82,卖盘
3038,13:40:12,14.3,80126,56,卖盘
3039,13:40:15,14.3,102960,72,卖盘
3040,13:40:18,14.3,323180,226,卖盘
3041,13:40:21,14.3,131570,92,卖盘
3042,13:40:24,14.3,130130,91,卖盘
3043,13:40:27,14.3,27170,19,买盘
3044,13:40:30,14.3,4290,3,买盘
3045,13:40:36,14.3,8580,6,买盘
3046,13:40:39,14.3,10006,7,买盘
3047,13:40:42,14.3,31458,22,买盘
3048,13:40:45,14.29,28581,20,卖盘
3049,13:40:48,14.29,50015,35,卖盘
3050,13:40:51,14.29,2858,2,卖盘
3051,13:40:54,14.3,238648,167,买盘
3052,13:40:57,14.29,52873,37,卖盘
3053,13:41:00,14.3,2860,2,买盘
3054,13:41:06,14.29,182912,128,卖盘
3055,13:41:09,14.29,57160,40,卖盘
3056,13:41:12,14.3,34320,24,买盘
3057,13:41:15,14.29,200095,140,卖盘
3058,13:41:18,14.3,447357,313,买盘
3059,13:41:21,14.3,97190,68,买盘
3060,13:41:24,14.29,71450,50,买盘
3061,13:41:27,14.29,27151,19,买盘
3062,13:41:33,14.29,1429,1,买盘
3063,13:41:36,14.29,30009,21,买盘
3064,13:41:39,14.28,28569,20,卖盘
3065,13:41:42,14.28,137220,96,卖盘
3066,13:41:45,14.29,71450,50,中性盘
3067,13:41:48,14.28,61437,43,卖盘
3068,13:41:51,14.28,633175,443,卖盘
3069,13:41:54,14.29,4287,3,中性盘
3070,13:41:57,14.29,11432,8,卖盘
3071,13:42:00,14.29,97176,68,买盘
3072,13:42:03,14.29,42883,30,卖盘
3073,13:42:06,14.29,1429,1,卖盘
3074,13:42:09,14.3,17158,12,买盘
3075,13:42:12,14.29,7145,5,卖盘
3076,13:42:15,14.29,58589,41,卖盘
3077,13:42:21,14.3,67210,47,买盘
3078,13:42:27,14.29,298858,209,卖盘
3079,13:42:30,14.3,1430,1,买盘
3080,13:42:33,14.29,14290,10,卖盘
3081,13:42:42,14.29,17148,12,卖盘
3082,13:42:45,14.3,283140,198,买盘
3083,13:42:48,14.29,351544,246,卖盘
3084,13:42:54,14.3,173025,121,买盘
3085,13:43:00,14.29,20006,14,卖盘
3086,13:43:03,14.3,145844,102,买盘
3087,13:43:06,14.29,141569,99,卖盘
3088,13:43:09,14.29,22864,16,卖盘
3089,13:43:15,14.29,10003,7,卖盘
3090,13:43:18,14.3,208738,146,买盘
3091,13:43:21,14.29,5716,4,卖盘
3092,13:43:24,14.29,8574,6,卖盘
3093,13:43:27,14.29,68592,48,卖盘
