,成交时间,成交价格,成交金额,成交量,性质
0,09:25:00,31.37,1295581,413,卖盘
1,09:30:00,31.37,68493,22,买盘
2,09:30:03,31.33,307429,98,卖盘
3,09:30:06,31.31,194154,62,中性盘
4,09:30:09,31.35,225497,72,买盘
5,09:30:12,31.33,34444,11,中性盘
6,09:30:15,31.33,244340,78,卖盘
7,09:30:18,31.33,6704780,2140,卖盘
8,09:30:21,31.32,172218,55,卖盘
9,09:30:24,31.27,215839,69,卖盘
10,09:30:27,31.28,334722,107,买盘
11,09:30:30,31.32,203313,65,买盘
12,09:30:33,31.29,504664,161,卖盘
13,09:30:36,31.3,857819,274,中性盘
14,09:30:39,31.32,75124,24,中性盘
15,09:30:42,31.36,90837,29,买盘
16,09:30:45,31.32,28186,9,中性盘
17,09:30:48,31.32,40726,13,卖盘
18,09:30:51,31.32,178544,57,卖盘
19,09:30:54,31.32,131549,42,卖盘
20,09:30:57,31.32,15652,5,买盘
21,09:31:00,31.28,272136,87,卖盘
22,09:31:03,31.3,181477,58,买盘
23,09:31:06,31.27,12513,4,中性盘
24,09:31:09,31.26,84431,27,卖盘
25,09:31:12,31.26,421987,135,买盘
26,09:31:15,31.26,43761,14,买盘
27,09:31:18,31.26,250068,80,买盘
28,09:31:21,31.26,3126,1,卖盘
29,09:31:24,31.26,75024,24,卖盘
30,09:31:27,31.29,100059,32,买盘
31,09:31:30,31.26,231333,74,卖盘
32,09:31:33,31.27,240936,77,卖盘
33,09:31:36,31.3,359916,115,买盘
34,09:31:39,31.3,209692,67,买盘
35,09:31:42,31.29,62594,20,卖盘
36,09:31:45,31.3,892029,285,买盘
37,09:31:48,31.29,5783556,1850,卖盘
38,09:31:51,31.29,46933,15,买盘
39,09:31:54,31.29,115784,37,买盘
40,09:31:57,31.29,21903,7,买盘
41,09:32:00,31.29,53197,17,中性盘
42,09:32:03,31.29,122059,39,卖盘
43,09:32:06,31.32,53195,17,买盘
44,09:32:09,31.28,37543,12,卖盘
45,09:32:12,31.29,31290,10,买盘
46,09:32:15,31.28,59439,19,卖盘
47,09:32:18,31.29,46931,15,买盘
48,09:32:21,31.28,143892,46,卖盘
49,09:32:24,31.29,203369,65,买盘
50,09:32:27,31.29,3129,1,买盘
51,09:32:30,31.27,212701,68,卖盘
52,09:32:33,31.28,65698,21,中性盘
53,09:32:36,31.26,59412,19,卖盘
54,09:32:39,31.28,265880,85,买盘
55,09:32:42,31.26,162617,52,卖盘
56,09:32:45,31.28,9386,3,中性盘
57,09:32:48,31.28,84448,27,买盘
58,09:32:51,31.29,40673,13,买盘
59,09:32:54,31.29,1505038,481,买盘
60,09:32:57,31.29,25032,8,卖盘
61,09:33:00,31.29,9387,3,卖盘
62,09:33:03,31.29,50064,16,卖盘
63,09:33:06,31.3,9390,3,中性盘
64,09:33:09,31.3,31300,10,卖盘
65,09:33:12,31.31,18786,6,买盘
66,09:33:15,31.3,795160,254,卖盘
67,09:33:18,31.3,18780,6,卖盘
68,09:33:21,31.31,75139,24,卖盘
69,09:33:24,31.29,181545,58,卖盘
70,09:33:27,31.3,178410,57,买盘
71,09:33:30,31.3,3089288,987,买盘
72,09:33:33,31.36,238287,76,买盘
73,09:33:36,31.35,9405,3,卖盘
74,09:33:39,31.35,18811,6,卖盘
75,09:33:42,31.36,125440,40,买盘
76,09:33:45,31.36,514010,164,卖盘
77,09:33:48,31.36,125273,40,买盘
78,09:33:51,31.35,31350,10,中性盘
79,09:33:54,31.33,18802,6,卖盘
80,09:33:57,31.35,53295,17,中性盘
81,09:34:00,31.36,109645,35,买盘
82,09:34:03,31.35,12534,4,买盘
83,09:34:06,31.31,6262,2,中性盘
84,09:34:09,31.31,68944,22,买盘
85,09:34:12,31.3,87681,28,卖盘
86,09:34:15,31.3,519574,166,卖盘
87,09:34:18,31.27,654101,209,卖盘
88,09:34:21,31.27,25016,8,卖盘
89,09:34:24,31.3,300293,96,买盘
90,09:34:27,31.28,328352,105,中性盘
91,09:34:30,31.27,65675,21,卖盘
92,09:34:33,31.21,3449496,1104,卖盘
93,09:34:36,31.23,6246,2,中性盘
94,09:34:39,31.23,6246,2,买盘
95,09:34:42,31.21,40583,13,卖盘
96,09:34:45,31.23,53071,17,买盘
97,09:34:48,31.21,96751,31,卖盘
98,09:34:51,31.23,93677,30,买盘
99,09:34:54,31.22,121761,39,卖盘
100,09:34:57,31.22,140451,45,买盘
101,09:35:00,31.22,49941,16,买盘
102,09:35:03,31.21,945337,303,卖盘
103,09:35:06,31.2,261998,84,中性盘
104,09:35:09,31.2,59268,19,买盘
105,09:35:12,31.18,352534,113,卖盘
106,09:35:15,31.18,59242,19,卖盘
107,09:35:18,31.17,71712,23,卖盘
108,09:35:21,31.18,99757,32,买盘
109,09:35:24,31.18,121602,39,买盘
110,09:35:27,31.17,130901,42,卖盘
111,09:35:30,31.18,6236,2,买盘
112,09:35:33,31.16,93484,30,卖盘
113,09:35:36,31.16,49854,16,买盘
114,09:35:39,31.16,243020,78,买盘
115,09:35:42,31.16,84122,27,买盘
116,09:35:45,31.16,211836,68,买盘
117,09:35:48,31.16,720121,231,买盘
118,09:35:51,31.16,77929,25,卖盘
119,09:35:54,31.16,162037,52,卖盘
120,09:35:57,31.16,355224,114,卖盘
121,09:36:00,31.16,1003064,322,买盘
122,09:36:03,31.15,143227,46,中性盘
123,09:36:06,31.16,155792,50,买盘
124,09:36:09,31.12,934686,300,卖盘
125,09:36:12,31.18,12469,4,买盘
126,09:36:15,31.16,115312,37,卖盘
127,09:36:18,31.16,77899,25,买盘
128,09:36:21,31.15,52961,17,卖盘
129,09:36:24,31.16,105904,34,买盘
130,09:36:27,31.13,102805,33,卖盘
131,09:36:30,31.13,52927,17,卖盘
132,09:36:33,31.12,578712,186,卖盘
133,09:36:36,31.08,786813,253,卖盘
134,09:36:39,31.08,422720,136,卖盘
135,09:36:42,31.07,52838,17,卖盘
136,09:36:45,31.07,102525,33,卖盘
137,09:36:48,31.07,164671,53,买盘
138,09:36:51,31.07,118056,38,买盘
139,09:36:54,31.07,490805,158,买盘
140,09:36:57,31.07,475338,153,买盘
141,09:37:00,31.08,121155,39,买盘
142,09:37:03,31.09,229957,74,买盘
143,09:37:06,31.07,170957,55,卖盘
144,09:37:09,31.07,807897,260,卖盘
145,09:37:12,31.08,180258,58,买盘
146,09:37:15,31.08,357409,115,买盘
147,09:37:18,31.09,164758,53,买盘
148,09:37:21,31.08,515957,166,卖盘
149,09:37:24,31.09,158562,51,买盘
150,09:37:27,31.1,24873,8,买盘
151,09:37:30,31.1,136840,44,买盘
152,09:37:33,31.09,360644,116,卖盘
153,09:37:36,31.1,34202,11,买盘
154,09:37:39,31.09,59087,19,卖盘
155,09:37:42,31.1,12440,4,中性盘
156,09:37:45,31.1,227043,73,卖盘
157,09:37:48,31.11,245745,79,买盘
158,09:37:51,31.11,242655,78,卖盘
159,09:37:54,31.11,115131,37,中性盘
160,09:37:57,31.12,46678,15,中性盘
161,09:38:00,31.12,270728,87,卖盘
162,09:38:03,31.13,102698,33,买盘
163,09:38:06,31.13,112058,36,买盘
164,09:38:09,31.13,273847,88,买盘
165,09:38:12,31.14,174318,56,买盘
166,09:38:18,31.14,90307,29,买盘
167,09:38:21,31.15,56070,18,买盘
168,09:38:24,31.15,34262,11,卖盘
169,09:38:27,31.16,46740,15,买盘
170,09:38:30,31.16,40512,13,买盘
171,09:38:33,31.15,464236,149,卖盘
172,09:38:36,31.15,96564,31,买盘
173,09:38:39,31.14,93425,30,卖盘
174,09:38:42,31.12,644442,207,卖盘
175,09:38:45,31.13,174308,56,买盘
176,09:38:48,31.12,136944,44,中性盘
177,09:38:51,31.12,140004,45,买盘
178,09:38:54,31.11,301851,97,卖盘
179,09:38:57,31.12,52891,17,买盘
180,09:39:00,31.12,18669,6,买盘
181,09:39:03,31.12,34224,11,买盘
182,09:39:06,31.11,323554,104,卖盘
183,09:39:09,31.11,59109,19,卖盘
184,09:39:12,31.11,121337,39,卖盘
185,09:39:15,31.11,192919,62,卖盘
186,09:39:18,31.11,43565,14,卖盘
187,09:39:21,31.11,40445,13,卖盘
188,09:39:24,31.11,77793,25,卖盘
189,09:39:27,31.11,124451,40,卖盘
190,09:39:30,31.11,12446,4,卖盘
191,09:39:33,31.11,855538,275,卖盘
192,09:39:36,31.12,74680,24,买盘
193,09:39:39,31.12,37337,12,买盘
194,09:39:42,31.12,21780,7,买盘
195,09:39:45,31.11,494708,159,卖盘
196,09:39:48,31.11,21775,7,买盘
197,09:39:51,31.11,77775,25,买盘
198,09:39:54,31.11,171093,55,买盘
199,09:39:57,31.11,155550,50,买盘
200,09:40:00,31.1,283021,91,卖盘
201,09:40:03,31.1,90202,29,卖盘
202,09:40:06,31.1,370191,119,卖盘
203,09:40:09,31.13,127603,41,买盘
204,09:40:12,31.13,59152,19,买盘
205,09:40:15,31.13,6226,2,卖盘
206,09:40:18,31.13,28018,9,卖盘
207,09:40:21,31.14,12456,4,买盘
208,09:40:24,31.13,6227,2,卖盘
209,09:40:27,31.14,31135,10,卖盘
210,09:40:30,31.13,71619,23,卖盘
211,09:40:33,31.14,258462,83,买盘
212,09:40:36,31.13,557174,179,卖盘
213,09:40:39,31.12,31111,10,中性盘
214,09:40:42,31.12,112046,36,买盘
215,09:40:45,31.12,90244,29,买盘
216,09:40:48,31.11,112011,36,卖盘
217,09:40:51,31.12,71564,23,买盘
218,09:40:54,31.12,52901,17,买盘
219,09:40:57,31.11,52901,17,卖盘
220,09:41:00,31.13,96466,31,买盘
221,09:41:03,31.11,647003,208,卖盘
222,09:41:06,31.11,360848,116,买盘
223,09:41:09,31.11,96438,31,买盘
224,09:41:12,31.11,161769,52,卖盘
225,09:41:15,31.12,31115,10,买盘
226,09:41:18,31.11,49782,16,卖盘
227,09:41:21,31.09,1912682,615,卖盘
228,09:41:24,31.09,1016652,327,卖盘
229,09:41:27,31.08,379261,122,卖盘
230,09:41:30,31.09,198948,64,买盘
231,09:41:33,31.07,1935808,623,卖盘
232,09:41:36,31.07,49706,16,买盘
233,09:41:39,31.06,826198,266,卖盘
234,09:41:42,31.07,242320,78,买盘
235,09:41:45,31.07,335520,108,买盘
236,09:41:48,31.06,273336,88,卖盘
237,09:41:51,31.06,229835,74,买盘
238,09:41:54,31.06,431604,139,买盘
239,09:41:57,31.05,149050,48,卖盘
240,09:42:00,31.06,295059,95,买盘
241,09:42:03,31.05,180128,58,卖盘
242,09:42:06,31.07,152181,49,买盘
243,09:42:09,31.06,177021,57,卖盘
244,09:42:12,31.06,27954,9,买盘
245,09:42:15,31.05,198734,64,卖盘
246,09:42:18,31.06,583849,188,买盘
247,09:42:21,31.05,161488,52,卖盘
248,09:42:24,31.06,114922,37,买盘
249,09:42:27,31.06,55908,18,买盘
250,09:42:30,31.06,291954,94,买盘
251,09:42:33,31.07,65227,21,买盘
252,09:42:36,31.07,127386,41,买盘
253,09:42:39,31.06,83873,27,卖盘
254,09:42:42,31.07,192615,62,买盘
255,09:42:45,31.07,1003121,323,买盘
256,09:42:48,31.07,173992,56,卖盘
257,09:42:51,31.08,12431,4,买盘
258,09:42:54,31.08,229942,74,买盘
259,09:42:57,31.08,96328,31,买盘
260,09:43:00,31.08,21756,7,买盘
261,09:43:03,31.08,114968,37,买盘
262,09:43:06,31.07,177149,57,卖盘
263,09:43:09,31.06,133591,43,卖盘
264,09:43:12,31.07,18639,6,买盘
265,09:43:15,31.07,410125,132,买盘
266,09:43:18,31.06,288922,93,卖盘
267,09:43:21,31.07,130490,42,买盘
268,09:43:24,31.07,475471,153,买盘
269,09:43:27,31.06,357241,115,卖盘
270,09:43:30,31.06,86981,28,卖盘
271,09:43:33,31.05,127341,41,卖盘
272,09:43:36,31.04,1701453,548,卖盘
273,09:43:39,31.03,316552,102,卖盘
274,09:43:42,31.05,198697,64,买盘
275,09:43:45,31.05,21729,7,卖盘
276,09:43:48,31.05,279450,90,买盘
277,09:43:51,31.04,695518,224,卖盘
278,09:43:54,31.05,217329,70,买盘
279,09:43:57,31.04,77610,25,卖盘
280,09:44:00,31.03,254508,82,卖盘
281,09:44:03,31.03,21723,7,卖盘
282,09:44:06,31.03,313549,101,卖盘
283,09:44:09,31.04,52755,17,买盘
284,09:44:12,31.03,204808,66,卖盘
285,09:44:15,31.03,204798,66,卖盘
286,09:44:18,31.04,24825,8,买盘
287,09:44:21,31.03,285423,92,卖盘
288,09:44:24,31.03,65153,21,买盘
289,09:44:27,31.03,43433,14,买盘
290,09:44:30,31.03,65150,21,买盘
291,09:44:33,31.02,837550,270,卖盘
292,09:44:36,31.02,279184,90,卖盘
293,09:44:39,31.02,468467,151,卖盘
294,09:44:42,31.02,232669,75,卖盘
295,09:44:45,31.02,34122,11,买盘
296,09:44:48,31.02,750454,242,买盘
297,09:44:51,31.02,530279,171,买盘
298,09:44:54,31.01,204706,66,卖盘
299,09:44:57,31.02,46527,15,买盘
300,09:45:00,31.01,27911,9,卖盘
301,09:45:03,31.01,387629,125,卖盘
302,09:45:06,31.0,722384,233,卖盘
303,09:45:09,31.0,759511,245,卖盘
304,09:45:12,31.0,1605805,518,卖盘
305,09:45:15,30.97,4051254,1307,卖盘
306,09:45:18,30.98,207516,67,买盘
307,09:45:21,30.97,495342,160,卖盘
308,09:45:24,30.96,37154,12,中性盘
309,09:45:27,30.97,111478,36,买盘
310,09:45:30,30.95,92870,30,卖盘
311,09:45:33,30.97,71231,23,买盘
312,09:45:36,30.96,136261,44,卖盘
313,09:45:39,30.98,235424,76,买盘
314,09:45:42,30.98,34071,11,买盘
315,09:45:45,30.97,284956,92,卖盘
316,09:45:48,30.97,40263,13,卖盘
317,09:45:51,30.98,74358,24,卖盘
318,09:45:54,30.98,123940,40,卖盘
319,09:45:57,30.98,851300,275,买盘
320,09:46:00,30.98,192069,62,买盘
321,09:46:03,30.98,585084,189,买盘
322,09:46:06,30.98,414843,134,买盘
323,09:46:09,30.98,170330,55,买盘
324,09:46:12,30.97,74332,24,卖盘
325,09:46:15,30.97,253944,82,买盘
326,09:46:18,30.97,390122,126,买盘
327,09:46:21,30.96,111469,36,中性盘
328,09:46:24,30.96,278615,90,买盘
329,09:46:27,30.96,906911,293,买盘
330,09:46:30,30.95,551045,178,卖盘
331,09:46:33,30.96,942592,305,买盘
332,09:46:39,30.93,674507,218,卖盘
333,09:46:42,30.96,21677,7,中性盘
334,09:46:45,30.95,21671,7,卖盘
335,09:46:48,30.96,297204,96,买盘
336,09:46:51,30.96,173358,56,买盘
337,09:46:54,30.95,770656,249,卖盘
338,09:46:57,30.95,529352,171,卖盘
339,09:47:00,30.95,1054706,341,买盘
340,09:47:03,30.95,114515,37,买盘
341,09:47:06,30.95,9285,3,卖盘
342,09:47:09,30.95,34058,11,卖盘
343,09:47:12,30.95,58805,19,卖盘
344,09:47:15,30.95,157853,51,卖盘
345,09:47:18,30.95,123800,40,卖盘
346,09:47:21,30.97,71195,23,买盘
347,09:47:24,30.97,405502,131,买盘
348,09:47:27,30.98,185818,60,买盘
349,09:47:30,30.97,40263,13,卖盘
350,09:47:33,30.98,37175,12,买盘
351,09:47:36,30.97,92915,30,卖盘
352,09:47:39,31.0,232370,75,买盘
353,09:47:42,30.98,40278,13,卖盘
354,09:47:45,30.99,127019,41,中性盘
355,09:47:48,30.99,3540153,1143,卖盘
356,09:47:51,30.99,418231,135,买盘
357,09:47:54,30.99,213835,69,买盘
358,09:47:57,30.98,455300,147,卖盘
359,09:48:00,30.98,96050,31,买盘
360,09:48:03,30.99,37187,12,买盘
361,09:48:06,30.99,27887,9,买盘
362,09:48:12,30.99,588738,190,卖盘
363,09:48:15,30.99,34085,11,买盘
364,09:48:18,30.99,145653,47,买盘
365,09:48:21,30.98,86759,28,卖盘
366,09:48:24,30.98,3974769,1283,卖盘
367,09:48:27,30.99,328468,106,买盘
368,09:48:30,31.0,1403827,453,买盘
369,09:48:33,30.99,55779,18,中性盘
370,09:48:36,30.99,68185,22,买盘
371,09:48:39,30.99,52681,17,买盘
372,09:48:42,30.99,71277,23,买盘
373,09:48:45,31.0,9299,3,买盘
374,09:48:48,30.99,12396,4,卖盘
375,09:48:51,30.99,27896,9,卖盘
376,09:48:54,31.0,31000,10,买盘
377,09:48:57,31.0,319289,103,买盘
378,09:49:00,31.0,192197,62,买盘
379,09:49:03,31.0,198400,64,买盘
380,09:49:06,31.0,173599,56,买盘
381,09:49:09,31.0,322398,104,买盘
382,09:49:12,31.0,139488,45,买盘
383,09:49:15,31.0,254199,82,买盘
384,09:49:18,31.0,3167200,1022,买盘
385,09:49:21,30.99,127060,41,卖盘
386,09:49:24,30.99,65089,21,卖盘
387,09:49:27,30.99,375043,121,卖盘
388,09:49:30,31.0,334723,108,买盘
389,09:49:33,30.99,96098,31,卖盘
390,09:49:36,31.0,117796,38,买盘
391,09:49:39,31.0,6200,2,买盘
392,09:49:42,31.0,37200,12,买盘
393,09:49:45,30.99,123975,40,卖盘
394,09:49:48,31.0,870478,281,买盘
395,09:49:51,31.0,9300,3,卖盘
396,09:49:54,31.0,15501,5,卖盘
397,09:49:57,31.01,102333,33,买盘
398,09:50:00,31.01,161252,52,买盘
399,09:50:03,31.01,27910,9,中性盘
400,09:50:06,31.03,93069,30,买盘
401,09:50:09,31.03,3118941,1006,买盘
402,09:50:12,31.03,12410,4,买盘
403,09:50:15,31.02,15513,5,卖盘
404,09:50:18,31.02,310142,100,买盘
405,09:50:21,31.03,31030,10,买盘
406,09:50:24,31.03,114811,37,买盘
407,09:50:27,31.05,40365,13,买盘
408,09:50:30,31.06,71423,23,买盘
409,09:50:36,31.05,534068,172,卖盘
410,09:50:39,31.05,40357,13,买盘
411,09:50:42,31.05,149017,48,买盘
412,09:50:45,31.04,515195,166,卖盘
413,09:50:48,31.04,12414,4,买盘
414,09:50:51,31.02,279200,90,卖盘
415,09:50:54,31.02,1131987,365,卖盘
416,09:50:57,31.02,15507,5,买盘
417,09:51:00,31.01,12403,4,中性盘
418,09:51:03,30.98,4445007,1434,卖盘
419,09:51:06,30.98,204484,66,卖盘
420,09:51:09,30.99,92960,30,买盘
421,09:51:12,30.99,9297,3,买盘
422,09:51:15,30.98,71267,23,卖盘
423,09:51:18,30.99,12396,4,买盘
424,09:51:21,30.99,86772,28,买盘
425,09:51:24,30.99,111563,36,买盘
426,09:51:27,30.99,192143,62,买盘
427,09:51:30,30.98,176607,57,卖盘
428,09:51:33,30.98,61967,20,卖盘
429,09:51:36,30.98,669044,216,卖盘
430,09:51:39,30.98,145628,47,卖盘
431,09:51:42,30.97,2835517,916,卖盘
432,09:51:45,30.97,21679,7,买盘
433,09:51:48,30.98,46465,15,买盘
434,09:51:54,30.97,15485,5,卖盘
435,09:51:57,30.98,142499,46,买盘
436,09:52:00,30.98,46460,15,买盘
437,09:52:03,30.98,43372,14,买盘
438,09:52:06,30.97,86723,28,卖盘
439,09:52:09,30.98,37165,12,买盘
440,09:52:12,30.98,6196,2,买盘
441,09:52:15,30.98,68139,22,买盘
442,09:52:18,30.98,40274,13,买盘
443,09:52:21,30.98,68147,22,买盘
444,09:52:24,30.98,61960,20,买盘
445,09:52:27,30.97,120802,39,卖盘
446,09:52:30,30.98,470766,152,买盘
447,09:52:33,30.98,154901,50,卖盘
448,09:52:36,30.99,55782,18,买盘
449,09:52:39,30.99,161148,52,卖盘
450,09:52:45,31.0,334790,108,买盘
451,09:52:48,30.99,46485,15,卖盘
452,09:52:51,31.0,303792,98,买盘
453,09:52:54,31.0,34100,11,买盘
454,09:52:57,31.0,3100,1,买盘
455,09:53:00,31.0,12400,4,买盘
456,09:53:03,31.0,31000,10,买盘
457,09:53:06,31.01,282145,91,买盘
458,09:53:09,31.0,133319,43,卖盘
459,09:53:12,31.0,89900,29,卖盘
460,09:53:15,31.0,34100,11,卖盘
461,09:53:18,31.0,37200,12,卖盘
462,09:53:21,31.0,334912,108,卖盘
463,09:53:24,31.0,93033,30,卖盘
464,09:53:27,31.02,555258,179,买盘
465,09:53:30,31.02,37224,12,卖盘
466,09:53:33,31.0,114754,37,卖盘
467,09:53:36,31.0,40306,13,卖盘
468,09:53:39,31.0,12400,4,卖盘
469,09:53:42,31.01,102323,33,买盘
470,09:53:51,31.01,3148030,1016,买盘
471,09:53:54,31.01,65101,21,买盘
472,09:53:57,30.99,12400,4,卖盘
473,09:54:00,30.99,474129,153,卖盘
474,09:54:03,30.99,46469,15,买盘
475,09:54:06,30.97,9294,3,卖盘
476,09:54:09,30.99,362356,117,买盘
477,09:54:12,30.97,12388,4,卖盘
478,09:54:15,31.0,312955,101,买盘
479,09:54:18,30.99,80573,26,中性盘
480,09:54:21,30.98,300551,97,卖盘
481,09:54:24,30.98,185847,60,买盘
482,09:54:27,30.97,21683,7,卖盘
483,09:54:30,30.98,68156,22,买盘
484,09:54:33,30.98,9294,3,买盘
485,09:54:36,30.98,80548,26,卖盘
486,09:54:39,30.99,3099,1,买盘
487,09:54:42,30.98,40286,13,卖盘
488,09:54:45,30.99,83667,27,买盘
489,09:54:48,30.98,40274,13,卖盘
490,09:54:51,30.99,6197,2,买盘
491,09:54:54,30.98,114660,37,卖盘
492,09:55:00,30.98,21691,7,卖盘
493,09:55:03,30.98,216860,70,卖盘
494,09:55:06,30.98,127045,41,卖盘
495,09:55:09,30.99,55781,18,买盘
496,09:55:12,30.98,120857,39,卖盘
497,09:55:15,30.98,80569,26,卖盘
498,09:55:18,30.97,523559,169,卖盘
499,09:55:21,30.97,30971,10,卖盘
500,09:55:24,30.97,219937,71,卖盘
501,09:55:27,30.96,436681,141,卖盘
502,09:55:30,30.95,529424,171,卖盘
503,09:55:33,30.95,37140,12,卖盘
504,09:55:36,30.92,1748134,565,卖盘
505,09:55:39,30.91,980136,317,卖盘
506,09:55:42,30.91,74198,24,卖盘
507,09:55:45,30.91,49456,16,卖盘
508,09:55:48,30.91,148375,48,卖盘
509,09:55:51,30.91,605857,196,卖盘
510,09:55:54,30.91,374015,121,卖盘
511,09:55:57,30.92,182375,59,买盘
512,09:56:00,30.91,160737,52,卖盘
513,09:56:03,30.9,139050,45,卖盘
514,09:56:06,30.9,207043,67,卖盘
515,09:56:09,30.91,123632,40,买盘
516,09:56:12,30.91,148333,48,买盘
517,09:56:15,30.91,71092,23,买盘
518,09:56:18,30.91,268862,87,买盘
519,09:56:21,30.91,404876,131,买盘
520,09:56:24,30.91,61820,20,买盘
521,09:56:27,30.91,942527,305,买盘
522,09:56:30,30.9,203950,66,卖盘
523,09:56:33,30.9,290466,94,卖盘
524,09:56:36,30.9,374002,121,卖盘
525,09:56:39,30.91,148355,48,买盘
526,09:56:42,30.9,15453,5,卖盘
527,09:56:45,30.91,615110,199,买盘
528,09:56:48,30.91,188551,61,卖盘
529,09:56:51,30.92,64925,21,买盘
530,09:56:54,30.91,120550,39,卖盘
531,09:56:57,30.93,194808,63,买盘
532,09:57:00,30.92,83484,27,卖盘
533,09:57:03,30.93,61851,20,买盘
534,09:57:06,30.9,698551,226,卖盘
535,09:57:09,30.91,74201,24,中性盘
536,09:57:12,30.91,34006,11,卖盘
537,09:57:15,30.91,200896,65,卖盘
538,09:57:18,30.9,2252652,729,卖盘
539,09:57:21,30.9,64890,21,买盘
540,09:57:24,30.89,191552,62,卖盘
541,09:57:27,30.9,21630,7,买盘
542,09:57:30,30.9,83416,27,买盘
543,09:57:33,30.89,83408,27,卖盘
544,09:57:36,30.89,667224,216,卖盘
545,09:57:39,30.89,120476,39,卖盘
546,09:57:42,30.89,145176,47,卖盘
547,09:57:45,30.89,114293,37,买盘
548,09:57:48,30.89,370590,120,买盘
549,09:57:51,30.88,608368,197,卖盘
550,09:57:54,30.9,781522,253,买盘
551,09:57:57,30.9,40170,13,买盘
552,09:58:00,30.9,185382,60,买盘
553,09:58:03,30.9,21631,7,卖盘
554,09:58:06,30.9,55621,18,卖盘
555,09:58:09,30.9,262624,85,卖盘
556,09:58:15,30.9,194670,63,买盘
557,09:58:18,30.9,30900,10,买盘
558,09:58:21,30.89,27806,9,卖盘
559,09:58:24,30.89,345970,112,卖盘
560,09:58:27,30.88,345883,112,卖盘
561,09:58:30,30.89,123554,40,买盘
562,09:58:33,30.89,250180,81,买盘
563,09:58:36,30.89,160588,52,买盘
564,09:58:39,30.88,33968,11,卖盘
565,09:58:42,30.87,4209374,1363,卖盘
566,09:58:45,30.87,58663,19,卖盘
567,09:58:48,30.87,21609,7,卖盘
568,09:58:51,30.87,33960,11,卖盘
569,09:58:54,30.87,197568,64,卖盘
570,09:58:57,30.87,24696,8,买盘
571,09:59:00,30.86,21602,7,卖盘
572,09:59:03,30.86,206774,67,卖盘
573,09:59:06,30.87,15431,5,买盘
574,09:59:09,30.87,21603,7,买盘
575,09:59:12,30.86,18516,6,卖盘
576,09:59:15,30.87,206770,67,买盘
577,09:59:18,30.85,623368,202,卖盘
578,09:59:21,30.86,46281,15,买盘
579,09:59:24,30.86,138854,45,买盘
580,09:59:27,30.87,305479,99,买盘
581,09:59:30,30.86,419623,136,卖盘
582,09:59:33,30.87,271635,88,买盘
583,09:59:36,30.87,237649,77,买盘
584,09:59:39,30.87,46294,15,中性盘
585,09:59:42,30.87,299363,97,卖盘
586,09:59:45,30.88,166700,54,买盘
587,09:59:48,30.86,142000,46,卖盘
588,09:59:51,30.88,268645,87,买盘
589,09:59:54,30.88,108030,35,买盘
590,09:59:57,30.88,24704,8,买盘
591,10:00:00,30.88,49390,16,买盘
592,10:00:03,30.86,123457,40,卖盘
593,10:00:06,30.86,231550,75,卖盘
594,10:00:09,30.86,55553,18,卖盘
595,10:00:12,30.86,132706,43,卖盘
596,10:00:15,30.87,58647,19,买盘
597,10:00:18,30.87,271615,88,买盘
598,10:00:21,30.87,148174,48,买盘
599,10:00:24,30.87,43221,14,卖盘
600,10:00:27,30.87,123480,40,卖盘
601,10:00:30,30.86,1012472,328,卖盘
602,10:00:33,30.85,98733,32,卖盘
603,10:00:36,30.86,77130,25,买盘
604,10:00:39,30.85,799050,259,卖盘
605,10:00:42,30.85,135764,44,卖盘
606,10:00:45,30.85,746627,242,买盘
607,10:00:48,30.85,24679,8,买盘
608,10:00:51,30.85,178876,58,买盘
609,10:00:54,30.85,185098,60,买盘
610,10:00:57,30.86,6172,2,买盘
611,10:01:00,30.85,114155,37,卖盘
612,10:01:03,30.86,89492,29,买盘
613,10:01:06,30.86,89494,29,买盘
614,10:01:09,30.87,848432,275,买盘
615,10:01:12,30.85,30852,10,卖盘
616,10:01:15,30.86,314772,102,买盘
617,10:01:18,30.86,58624,19,买盘
618,10:01:21,30.86,95655,31,买盘
619,10:01:24,30.86,1092073,354,买盘
620,10:01:27,30.85,46282,15,卖盘
621,10:01:30,30.86,160440,52,买盘
622,10:01:33,30.86,12344,4,买盘
623,10:01:36,30.85,107977,35,卖盘
624,10:01:39,30.85,52445,17,买盘
625,10:01:42,30.85,61700,20,买盘
626,10:01:45,30.84,265234,86,卖盘
627,10:01:48,30.85,289976,94,买盘
628,10:01:54,30.85,416386,135,买盘
629,10:01:57,30.85,117225,38,买盘
630,10:02:00,30.85,404070,131,买盘
631,10:02:03,30.86,2144146,695,买盘
632,10:02:06,30.88,1340149,434,买盘
633,10:02:09,30.9,101956,33,买盘
634,10:02:12,30.92,1684109,545,买盘
635,10:02:15,30.91,120619,39,卖盘
636,10:02:18,30.94,182398,59,买盘
637,10:02:21,30.92,71156,23,卖盘
638,10:02:24,30.94,504270,163,买盘
639,10:02:27,30.95,95927,31,买盘
640,10:02:33,30.94,34034,11,卖盘
641,10:02:36,30.95,12380,4,买盘
642,10:02:39,30.93,114507,37,卖盘
643,10:02:42,30.93,49505,16,卖盘
644,10:02:45,30.94,571795,185,中性盘
645,10:02:48,30.9,64950,21,卖盘
646,10:02:51,30.93,234697,76,买盘
647,10:02:54,30.92,9276,3,买盘
648,10:02:57,30.93,64940,21,买盘
649,10:03:00,30.93,142257,46,买盘
650,10:03:03,30.92,228743,74,中性盘
651,10:03:06,30.91,24725,8,买盘
652,10:03:09,30.91,74172,24,买盘
653,10:03:12,30.9,148328,48,卖盘
654,10:03:15,30.92,111284,36,买盘
655,10:03:18,30.91,129786,42,买盘
656,10:03:21,30.91,61820,20,买盘
657,10:03:24,30.91,18544,6,买盘
658,10:03:27,30.91,89634,29,买盘
659,10:03:30,30.91,120549,39,买盘
660,10:03:33,30.91,71096,23,买盘
661,10:03:36,30.91,37092,12,卖盘
662,10:03:39,30.91,12364,4,卖盘
663,10:03:42,30.91,55636,18,卖盘
664,10:03:45,30.92,364906,118,买盘
665,10:03:48,30.92,9276,3,中性盘
666,10:03:51,30.93,414129,134,买盘
667,10:03:54,30.91,43288,14,卖盘
668,10:03:57,30.93,21643,7,买盘
669,10:04:00,30.92,105131,34,中性盘
670,10:04:03,30.93,154612,50,买盘
671,10:04:06,30.93,27834,9,买盘
672,10:04:09,30.93,15465,5,买盘
673,10:04:12,30.93,770171,249,买盘
674,10:04:15,30.95,430075,139,买盘
675,10:04:18,30.95,157845,51,买盘
676,10:04:21,30.97,219880,71,买盘
677,10:04:24,30.98,83635,27,买盘
678,10:04:30,30.99,185881,60,买盘
679,10:04:33,30.99,9297,3,买盘
680,10:04:36,30.99,46477,15,买盘
681,10:04:39,31.0,613593,198,买盘
682,10:04:42,30.97,18592,6,中性盘
683,10:04:45,30.97,27873,9,卖盘
684,10:04:48,30.97,34058,11,买盘
685,10:04:51,30.96,219930,71,卖盘
686,10:04:54,30.98,24770,8,买盘
687,10:04:57,30.95,30968,10,卖盘
688,10:05:00,30.98,46470,15,买盘
689,10:05:03,30.96,83568,27,中性盘
690,10:05:06,30.96,6193,2,中性盘
691,10:05:12,30.97,108385,35,买盘
692,10:05:15,30.98,241617,78,买盘
693,10:05:21,30.96,123866,40,卖盘
694,10:05:24,30.98,30980,10,买盘
695,10:05:27,30.97,30970,10,卖盘
696,10:05:30,30.98,74330,24,买盘
697,10:05:33,30.97,18580,6,中性盘
698,10:05:36,30.97,123880,40,买盘
699,10:05:39,30.97,192074,62,卖盘
700,10:05:42,30.97,278705,90,卖盘
701,10:05:45,30.97,120775,39,卖盘
702,10:05:48,30.96,600548,194,卖盘
703,10:05:51,30.95,18570,6,卖盘
704,10:05:54,30.96,77389,25,买盘
705,10:05:57,30.95,188804,61,卖盘
706,10:06:00,30.95,612774,198,卖盘
707,10:06:03,30.95,21665,7,买盘
708,10:06:06,30.95,40235,13,买盘
709,10:06:09,30.95,89739,29,买盘
710,10:06:12,30.95,46421,15,买盘
711,10:06:15,30.94,105188,34,卖盘
712,10:06:18,30.94,18564,6,买盘
713,10:06:21,30.94,30935,10,买盘
714,10:06:24,30.94,250608,81,买盘
715,10:06:27,30.94,92824,30,卖盘
716,10:06:30,30.94,179442,58,卖盘
717,10:06:33,30.93,163974,53,卖盘
718,10:06:36,30.93,52581,17,卖盘
719,10:06:39,30.93,58765,19,买盘
720,10:06:42,30.93,185548,60,买盘
721,10:06:45,30.93,408449,132,买盘
722,10:06:48,30.91,126741,41,卖盘
723,10:06:51,30.92,6184,2,中性盘
724,10:06:54,30.92,361686,117,买盘
725,10:06:57,30.92,30920,10,卖盘
726,10:07:00,30.92,77296,25,买盘
727,10:07:03,30.92,55656,18,买盘
728,10:07:06,30.91,49462,16,卖盘
729,10:07:09,30.92,12368,4,买盘
730,10:07:12,30.92,12368,4,买盘
731,10:07:15,30.92,179336,58,买盘
732,10:07:18,30.92,46380,15,买盘
733,10:07:21,30.92,222624,72,买盘
734,10:07:30,30.93,522911,169,买盘
735,10:07:33,30.92,86580,28,卖盘
736,10:07:36,30.92,328052,106,卖盘
737,10:07:39,30.95,448775,145,买盘
738,10:07:42,30.95,136180,44,买盘
739,10:07:45,30.95,603525,195,买盘
740,10:07:48,30.95,58781,19,买盘
741,10:07:51,30.95,92848,30,买盘
742,10:07:54,30.93,188683,61,卖盘
743,10:07:57,30.93,18558,6,卖盘
744,10:08:03,30.94,9282,3,买盘
745,10:08:06,30.94,111369,36,买盘
746,10:08:09,30.93,513438,166,卖盘
747,10:08:12,30.93,102069,33,买盘
748,10:08:15,30.92,30928,10,卖盘
749,10:08:18,30.93,123720,40,买盘
750,10:08:21,30.93,429936,139,买盘
751,10:08:24,30.93,27837,9,卖盘
752,10:08:27,30.93,30930,10,卖盘
753,10:08:30,30.95,21659,7,买盘
754,10:08:33,30.95,27855,9,买盘
755,10:08:36,30.95,40235,13,买盘
756,10:08:39,30.95,12380,4,买盘
757,10:08:42,30.95,34045,11,买盘
758,10:08:45,30.95,349735,113,买盘
759,10:08:48,30.94,24759,8,卖盘
760,10:08:54,30.94,46420,15,卖盘
761,10:08:57,30.95,9285,3,买盘
762,10:09:00,30.95,18570,6,买盘
763,10:09:03,30.95,99032,32,买盘
764,10:09:06,30.95,170223,55,买盘
765,10:09:09,30.95,43330,14,卖盘
766,10:09:12,30.95,3095,1,卖盘
767,10:09:15,30.96,6192,2,买盘
768,10:09:18,30.97,102157,33,买盘
769,10:09:21,30.97,222984,72,买盘
770,10:09:24,30.98,18588,6,买盘
771,10:09:27,30.97,30977,10,卖盘
772,10:09:30,30.98,263321,85,买盘
773,10:09:33,30.96,30971,10,卖盘
774,10:09:36,30.97,21680,7,买盘
775,10:09:39,30.98,86732,28,买盘
776,10:09:42,30.98,77450,25,买盘
777,10:09:45,30.98,46470,15,卖盘
778,10:09:48,30.98,65064,21,卖盘
779,10:09:51,30.99,58863,19,买盘
780,10:09:54,30.98,9294,3,中性盘
781,10:09:57,30.98,27880,9,买盘
782,10:10:00,30.97,30961,10,中性盘
783,10:10:03,30.96,157903,51,卖盘
784,10:10:06,30.95,83601,27,卖盘
785,10:10:09,30.98,154900,50,买盘
786,10:10:18,30.96,126939,41,卖盘
787,10:10:21,30.96,15480,5,买盘
788,10:10:24,30.96,6192,2,买盘
789,10:10:27,30.95,120705,39,卖盘
790,10:10:33,30.96,61920,20,买盘
791,10:10:39,30.95,83565,27,卖盘
792,10:10:42,30.96,154800,50,买盘
793,10:10:45,30.95,3095,1,卖盘
794,10:10:48,30.95,9286,3,卖盘
795,10:10:51,30.96,3096,1,买盘
796,10:11:00,30.96,40241,13,买盘
797,10:11:03,30.95,68108,22,卖盘
798,10:11:06,30.96,12384,4,买盘
799,10:11:09,30.96,27864,9,买盘
800,10:11:12,30.95,188831,61,卖盘
801,10:11:15,30.96,55728,18,买盘
802,10:11:18,30.96,12384,4,买盘
803,10:11:21,30.96,52632,17,买盘
804,10:11:24,30.96,12384,4,买盘
805,10:11:27,30.96,27864,9,买盘
806,10:11:33,30.95,92867,30,卖盘
807,10:11:36,30.96,61920,20,买盘
808,10:11:39,30.99,309790,100,买盘
809,10:11:42,30.95,96569,31,卖盘
810,10:11:45,30.95,52616,17,卖盘
811,10:11:54,30.96,18579,6,卖盘
812,10:11:57,30.96,12384,4,卖盘
813,10:12:00,30.96,3096,1,卖盘
814,10:12:03,30.96,40257,13,卖盘
815,10:12:09,30.96,117658,38,卖盘
816,10:12:12,30.96,3096,1,卖盘
817,10:12:21,30.96,49536,16,卖盘
818,10:12:24,30.97,9289,3,中性盘
819,10:12:27,30.97,3097,1,中性盘
820,10:12:30,30.96,18576,6,卖盘
821,10:12:33,30.97,315815,102,中性盘
822,10:12:36,30.97,34077,11,卖盘
823,10:12:42,30.98,105330,34,买盘
824,10:12:45,30.98,55764,18,买盘
825,10:12:48,31.03,1571759,507,买盘
826,10:12:57,31.02,18618,6,卖盘
827,10:13:00,31.05,99360,32,买盘
828,10:13:06,31.05,158266,51,买盘
829,10:13:09,31.03,9309,3,中性盘
830,10:13:12,31.06,68281,22,买盘
831,10:13:15,31.09,229980,74,买盘
832,10:13:18,31.07,37282,12,买盘
833,10:13:21,31.08,208276,67,买盘
834,10:13:24,31.06,444353,143,卖盘
835,10:13:27,31.06,481892,155,卖盘
836,10:13:30,31.09,6216,2,买盘
837,10:13:33,31.07,118159,38,卖盘
838,10:13:36,31.07,170903,55,卖盘
839,10:13:39,31.06,379047,122,卖盘
840,10:13:42,31.07,37284,12,买盘
841,10:13:45,31.06,24855,8,卖盘
842,10:13:51,31.07,133599,43,买盘
843,10:13:54,31.07,130494,42,买盘
844,10:13:57,31.07,55937,18,卖盘
845,10:14:00,31.07,186420,60,卖盘
846,10:14:03,31.07,24858,8,卖盘
847,10:14:06,31.08,43512,14,买盘
848,10:14:15,31.09,18652,6,买盘
849,10:14:18,31.08,202020,65,卖盘
850,10:14:21,31.07,9321,3,卖盘
851,10:14:24,31.08,55936,18,买盘
852,10:14:27,31.07,366636,118,卖盘
853,10:14:30,31.06,62139,20,卖盘
854,10:14:33,31.06,378967,122,卖盘
855,10:14:36,31.07,12431,4,卖盘
856,10:14:39,31.08,18645,6,买盘
857,10:14:42,31.08,34188,11,买盘
858,10:14:45,31.07,46608,15,卖盘
859,10:14:48,31.07,270343,87,卖盘
860,10:14:51,31.08,52825,17,买盘
861,10:14:54,31.08,34188,11,卖盘
862,10:14:57,31.08,83916,27,卖盘
863,10:15:00,31.08,80808,26,卖盘
864,10:15:03,31.09,1312263,423,买盘
865,10:15:06,31.07,74583,24,卖盘
866,10:15:09,31.07,37275,12,中性盘
867,10:15:12,31.06,111816,36,卖盘
868,10:15:15,31.06,46590,15,卖盘
869,10:15:18,31.03,77619,25,卖盘
870,10:15:21,31.04,12419,4,中性盘
871,10:15:24,31.04,89957,29,买盘
872,10:15:27,31.03,15515,5,买盘
873,10:15:30,31.02,9304,3,买盘
874,10:15:33,31.02,27912,9,买盘
875,10:15:36,31.0,27908,9,卖盘
876,10:15:39,30.98,254115,82,卖盘
877,10:15:42,30.99,55778,18,买盘
878,10:15:45,30.99,89871,29,买盘
879,10:15:48,30.98,24791,8,卖盘
880,10:15:51,30.98,89842,29,卖盘
881,10:15:57,30.99,15495,5,买盘
882,10:16:00,30.98,58854,19,卖盘
883,10:16:03,30.98,43372,14,买盘
884,10:16:06,30.98,46467,15,买盘
885,10:16:09,30.98,27879,9,买盘
886,10:16:12,30.98,37167,12,买盘
887,10:16:15,30.97,83619,27,卖盘
888,10:16:18,30.98,18583,6,买盘
889,10:16:21,30.98,18588,6,买盘
890,10:16:24,30.96,108383,35,卖盘
891,10:16:27,30.97,3097,1,买盘
892,10:16:30,30.96,105264,34,卖盘
893,10:16:33,30.96,783367,253,卖盘
894,10:16:36,30.96,30965,10,卖盘
895,10:16:39,30.98,27882,9,买盘
896,10:16:42,30.98,108430,35,买盘
897,10:16:45,30.97,83619,27,卖盘
898,10:16:48,30.97,18582,6,买盘
899,10:16:51,30.97,210596,68,买盘
900,10:16:54,30.97,253941,82,买盘
901,10:16:57,30.98,34078,11,买盘
902,10:17:00,31.0,322312,104,买盘
903,10:17:03,31.0,80600,26,买盘
904,10:17:06,31.0,15496,5,买盘
905,10:17:12,31.0,99200,32,买盘
906,10:17:15,30.99,201498,65,卖盘
907,10:17:21,30.99,74398,24,卖盘
908,10:17:24,30.99,18595,6,卖盘
909,10:17:27,30.99,6198,2,卖盘
910,10:17:30,30.99,77475,25,卖盘
911,10:17:33,30.99,446176,144,买盘
912,10:17:36,30.99,96092,31,卖盘
913,10:17:42,30.99,108465,35,卖盘
914,10:17:45,30.99,27891,9,卖盘
915,10:17:51,30.99,672695,217,卖盘
916,10:17:54,30.99,102274,33,卖盘
917,10:17:57,31.0,198399,64,买盘
918,10:18:00,31.0,108500,35,卖盘
919,10:18:03,31.01,86803,28,中性盘
920,10:18:06,31.0,279017,90,卖盘
921,10:18:09,30.99,12397,4,卖盘
922,10:18:12,31.0,40300,13,买盘
923,10:18:15,31.0,244900,79,买盘
924,10:18:18,31.01,9303,3,买盘
925,10:18:21,31.0,43404,14,卖盘
926,10:18:24,31.01,6202,2,中性盘
927,10:18:27,31.0,6200,2,卖盘
928,10:18:30,31.0,12400,4,卖盘
929,10:18:33,31.0,31000,10,卖盘
930,10:18:36,31.01,217070,70,买盘
931,10:18:39,31.01,3101,1,卖盘
932,10:18:45,31.02,40315,13,买盘
933,10:18:48,31.01,62021,20,卖盘
934,10:18:51,31.0,511500,165,卖盘
935,10:18:54,30.99,12396,4,卖盘
936,10:18:57,31.0,34102,11,中性盘
937,10:19:00,31.01,62005,20,买盘
938,10:19:03,31.0,18600,6,卖盘
939,10:19:06,31.0,62000,20,买盘
940,10:19:09,31.01,148828,48,买盘
941,10:19:12,31.01,15505,5,卖盘
942,10:19:15,31.01,9303,3,卖盘
943,10:19:18,31.02,49622,16,买盘
944,10:19:21,31.01,6202,2,卖盘
945,10:19:24,31.02,3102,1,买盘
946,10:19:27,31.02,43425,14,买盘
947,10:19:30,31.01,161252,52,卖盘
948,10:19:33,31.01,9303,3,卖盘
949,10:19:36,31.01,15505,5,卖盘
950,10:19:39,31.0,890082,287,卖盘
951,10:19:42,31.0,6200,2,卖盘
952,10:19:48,31.01,55801,18,买盘
953,10:19:51,31.0,15500,5,卖盘
954,10:19:54,31.0,15500,5,卖盘
955,10:19:57,31.0,21700,7,卖盘
956,10:20:03,31.0,6200,2,卖盘
957,10:20:06,31.01,15505,5,买盘
958,10:20:09,31.0,31000,10,卖盘
959,10:20:12,31.0,37200,12,卖盘
960,10:20:18,31.01,3101,1,买盘
961,10:20:21,31.01,46515,15,买盘
962,10:20:24,31.01,37211,12,买盘
963,10:20:27,31.0,21700,7,卖盘
964,10:20:30,31.01,170555,55,买盘
965,10:20:36,31.01,9303,3,卖盘
966,10:20:39,31.01,232573,75,卖盘
967,10:20:45,31.01,86827,28,买盘
968,10:20:48,31.0,124017,40,卖盘
969,10:20:51,31.0,27903,9,卖盘
970,10:20:54,30.99,564104,182,卖盘
971,10:20:57,30.99,83678,27,卖盘
972,10:21:03,30.99,34091,11,卖盘
973,10:21:06,31.0,31000,10,买盘
974,10:21:09,30.98,805546,260,卖盘
975,10:21:12,30.98,9296,3,中性盘
976,10:21:15,30.99,6198,2,中性盘
977,10:21:18,30.99,133241,43,买盘
978,10:21:21,30.99,30984,10,卖盘
979,10:21:27,30.99,21693,7,卖盘
980,10:21:30,30.99,6198,2,卖盘
981,10:21:33,31.0,9300,3,买盘
982,10:21:36,30.98,43382,14,卖盘
983,10:21:42,30.98,133215,43,卖盘
984,10:21:48,30.98,55764,18,卖盘
985,10:21:51,31.0,464956,150,买盘
986,10:21:57,30.99,37191,12,卖盘
987,10:22:00,30.99,43383,14,卖盘
988,10:22:03,30.99,18594,6,买盘
989,10:22:06,30.98,58869,19,卖盘
990,10:22:09,30.98,27882,9,卖盘
991,10:22:12,30.98,108433,35,卖盘
992,10:22:15,30.99,6198,2,买盘
993,10:22:18,30.99,9297,3,买盘
994,10:22:21,30.99,30990,10,买盘
995,10:22:27,30.99,3099,1,买盘
996,10:22:33,30.99,30990,10,买盘
997,10:22:36,30.98,3098,1,卖盘
998,10:22:39,30.98,3098,1,卖盘
999,10:22:45,30.98,61960,20,卖盘
1000,10:22:48,30.99,294405,95,买盘
1001,10:22:51,31.0,6199,2,买盘
1002,10:23:03,31.0,6200,2,买盘
1003,10:23:06,30.99,6198,2,卖盘
1004,10:23:09,31.0,12400,4,买盘
1005,10:23:12,31.0,12400,4,买盘
1006,10:23:15,31.0,83684,27,买盘
1007,10:23:18,30.99,216930,70,卖盘
1008,10:23:21,30.99,9298,3,卖盘
1009,10:23:24,30.99,148752,48,卖盘
1010,10:23:27,30.99,65079,21,买盘
1011,10:23:30,30.99,40287,13,买盘
1012,10:23:33,30.99,12396,4,买盘
1013,10:23:36,30.99,52677,17,买盘
1014,10:23:39,30.99,207633,67,买盘
1015,10:23:42,30.99,288216,93,卖盘
1016,10:23:45,31.0,111598,36,买盘
1017,10:23:48,31.0,24800,8,买盘
1018,10:23:51,31.0,77480,25,买盘
1019,10:23:54,30.99,6198,2,卖盘
1020,10:23:57,31.0,58900,19,买盘
1021,10:24:03,30.99,30999,10,卖盘
1022,10:24:06,30.99,15495,5,卖盘
1023,10:24:09,30.99,21694,7,卖盘
1024,10:24:12,30.99,27891,9,卖盘
1025,10:24:15,31.0,31000,10,买盘
1026,10:24:21,31.0,6200,2,买盘
1027,10:24:24,31.0,3100,1,买盘
1028,10:24:27,30.99,263426,85,卖盘
1029,10:24:30,30.99,390474,126,卖盘
1030,10:24:33,30.98,3098,1,卖盘
1031,10:24:39,30.98,151823,49,卖盘
1032,10:24:45,30.99,15495,5,买盘
1033,10:24:51,30.98,83669,27,卖盘
1034,10:24:57,30.98,461601,149,卖盘
1035,10:25:03,30.97,74331,24,卖盘
1036,10:25:06,30.97,3097,1,卖盘
1037,10:25:09,30.97,65037,21,卖盘
1038,10:25:12,30.98,9294,3,买盘
1039,10:25:15,30.98,3098,1,买盘
1040,10:25:18,30.97,27873,9,卖盘
1041,10:25:24,30.97,27873,9,买盘
1042,10:25:27,30.97,24776,8,买盘
1043,10:25:30,30.97,154850,50,买盘
1044,10:25:33,30.97,123880,40,买盘
1045,10:25:36,30.97,6194,2,买盘
1046,10:25:39,30.96,6193,2,卖盘
1047,10:25:42,30.97,179584,58,买盘
1048,10:25:45,30.97,126977,41,买盘
1049,10:25:48,30.97,61940,20,买盘
1050,10:25:54,30.97,3097,1,买盘
1051,10:25:57,30.97,3097,1,买盘
1052,10:26:00,30.97,21679,7,买盘
1053,10:26:03,30.97,9291,3,买盘
1054,10:26:06,30.97,80519,26,买盘
1055,10:26:09,30.97,24776,8,买盘
1056,10:26:12,30.97,3097,1,买盘
1057,10:26:15,30.97,21679,7,买盘
1058,10:26:18,30.97,12388,4,买盘
1059,10:26:21,30.96,68133,22,卖盘
1060,10:26:24,30.97,40261,13,买盘
1061,10:26:27,30.97,3097,1,买盘
1062,10:26:30,30.97,6194,2,买盘
1063,10:26:33,30.97,96007,31,买盘
1064,10:26:36,30.97,15485,5,卖盘
1065,10:26:39,30.97,65037,21,卖盘
1066,10:26:42,30.97,99104,32,卖盘
1067,10:26:45,30.96,3096,1,卖盘
1068,10:26:51,30.96,6192,2,卖盘
1069,10:26:54,30.96,6192,2,卖盘
1070,10:27:00,30.96,24768,8,卖盘
1071,10:27:03,30.95,653255,211,卖盘
1072,10:27:06,30.95,355996,115,卖盘
1073,10:27:15,30.95,15475,5,卖盘
1074,10:27:18,30.95,433300,140,卖盘
1075,10:27:21,30.96,61910,20,买盘
1076,10:27:24,30.95,3095,1,卖盘
1077,10:27:27,30.95,6190,2,卖盘
1078,10:27:30,30.96,133125,43,买盘
1079,10:27:33,30.96,27864,9,买盘
1080,10:27:36,30.95,52615,17,卖盘
1081,10:27:39,30.95,343545,111,买盘
1082,10:27:42,30.95,139275,45,买盘
1083,10:27:45,30.95,145465,47,买盘
1084,10:27:48,30.96,557280,180,买盘
1085,10:27:51,30.97,37164,12,买盘
1086,10:27:54,30.97,18582,6,买盘
1087,10:27:57,30.96,37154,12,卖盘
1088,10:28:06,30.97,30970,10,买盘
1089,10:28:09,30.96,74308,24,卖盘
1090,10:28:12,30.96,12384,4,卖盘
1091,10:28:21,30.96,30960,10,卖盘
1092,10:28:24,30.96,21672,7,卖盘
1093,10:28:27,30.96,18576,6,买盘
1094,10:28:30,30.96,30960,10,买盘
1095,10:28:33,30.96,154780,50,买盘
1096,10:28:36,30.96,117642,38,买盘
1097,10:28:42,30.96,27864,9,买盘
1098,10:28:45,30.95,167134,54,卖盘
1099,10:28:48,30.96,114543,37,买盘
1100,10:28:57,30.95,170227,55,卖盘
1101,10:29:00,30.94,18570,6,卖盘
1102,10:29:03,30.95,3095,1,中性盘
1103,10:29:06,30.94,154704,50,卖盘
1104,10:29:12,30.96,89757,29,买盘
1105,10:29:18,30.95,6190,2,卖盘
1106,10:29:21,30.96,3096,1,买盘
1107,10:29:24,30.95,12380,4,卖盘
1108,10:29:30,30.95,12380,4,卖盘
1109,10:29:33,30.95,114551,37,卖盘
1110,10:29:36,30.95,68095,22,卖盘
1111,10:29:39,30.95,27855,9,卖盘
1112,10:29:42,30.95,46425,15,卖盘
1113,10:29:45,30.95,80469,26,买盘
1114,10:29:48,30.94,49504,16,卖盘
1115,10:29:51,30.95,120672,39,买盘
1116,10:29:54,30.94,71174,23,卖盘
1117,10:29:57,30.94,331059,107,卖盘
1118,10:30:06,30.93,105165,34,卖盘
1119,10:30:09,30.94,21658,7,买盘
1120,10:30:12,30.94,15470,5,买盘
1121,10:30:15,30.96,1104665,357,买盘
1122,10:30:18,30.93,414607,134,卖盘
1123,10:30:21,30.96,3096,1,买盘
1124,10:30:27,30.96,6192,2,中性盘
1125,10:30:30,30.96,55728,18,卖盘
1126,10:30:36,30.97,52649,17,买盘
1127,10:30:39,30.96,15480,5,卖盘
1128,10:30:42,30.96,3096,1,买盘
1129,10:30:45,30.95,46425,15,卖盘
1130,10:30:48,30.96,9286,3,买盘
1131,10:30:51,30.95,46435,15,卖盘
1132,10:30:54,30.96,68112,22,买盘
1133,10:31:03,30.96,226008,73,卖盘
1134,10:31:06,30.97,201305,65,买盘
1135,10:31:12,30.97,24776,8,买盘
1136,10:31:15,30.97,3097,1,买盘
1137,10:31:18,30.96,3096,1,卖盘
1138,10:31:27,30.96,12384,4,卖盘
1139,10:31:30,30.96,24768,8,卖盘
1140,10:31:33,30.95,464343,150,卖盘
1141,10:31:36,30.97,173335,56,买盘
1142,10:31:39,30.96,27858,9,中性盘
1143,10:31:42,30.96,34056,11,买盘
1144,10:31:48,30.95,6190,2,卖盘
1145,10:31:54,30.95,12380,4,卖盘
1146,10:31:57,30.96,58806,19,买盘
1147,10:32:03,30.95,43330,14,卖盘
1148,10:32:06,30.96,12384,4,买盘
1149,10:32:09,30.96,6192,2,买盘
1150,10:32:12,30.95,105238,34,卖盘
1151,10:32:15,30.96,21666,7,买盘
1152,10:32:18,30.96,12383,4,买盘
1153,10:32:24,30.94,58804,19,卖盘
1154,10:32:30,30.95,30950,10,卖盘
1155,10:32:33,30.95,34049,11,卖盘
1156,10:32:39,30.94,74288,24,卖盘
1157,10:32:45,30.95,15476,5,卖盘
1158,10:32:48,30.94,241407,78,卖盘
1159,10:32:51,30.94,3094,1,卖盘
1160,10:33:00,30.94,6188,2,卖盘
1161,10:33:03,30.95,3095,1,买盘
1162,10:33:06,30.95,74277,24,买盘
1163,10:33:09,30.95,46425,15,买盘
1164,10:33:12,30.95,1009009,326,买盘
1165,10:33:15,30.96,83592,27,买盘
1166,10:33:18,30.95,43336,14,卖盘
1167,10:33:21,30.95,34045,11,卖盘
1168,10:33:24,30.94,64979,21,卖盘
1169,10:33:27,30.94,27846,9,卖盘
1170,10:33:30,30.94,30940,10,卖盘
1171,10:33:33,30.95,40225,13,买盘
1172,10:33:36,30.95,18570,6,卖盘
1173,10:33:39,30.94,129948,42,卖盘
1174,10:33:48,30.94,52598,17,卖盘
1175,10:33:54,30.95,123800,40,买盘
1176,10:33:57,30.95,12380,4,卖盘
1177,10:34:06,30.95,71203,23,卖盘
1178,10:34:09,30.95,3095,1,卖盘
1179,10:34:15,30.96,6192,2,买盘
1180,10:34:21,30.96,21672,7,买盘
1181,10:34:24,30.95,46425,15,卖盘
1182,10:34:30,30.95,15475,5,卖盘
1183,10:34:36,30.95,15475,5,卖盘
1184,10:34:39,30.96,3096,1,买盘
1185,10:34:42,30.96,12382,4,买盘
1186,10:34:45,30.95,99040,32,卖盘
1187,10:34:51,30.96,309600,100,买盘
1188,10:34:54,30.96,154800,50,买盘
1189,10:35:00,30.95,6190,2,卖盘
1190,10:35:03,30.96,9288,3,买盘
1191,10:35:06,30.95,154750,50,卖盘
1192,10:35:09,30.95,6190,2,卖盘
1193,10:35:12,30.95,80470,26,卖盘
1194,10:35:18,30.94,61880,20,卖盘
1195,10:35:21,30.95,259964,84,买盘
1196,10:35:30,30.94,3094,1,卖盘
1197,10:35:33,30.94,18565,6,卖盘
1198,10:35:42,30.96,594200,192,买盘
1199,10:35:45,30.95,21665,7,卖盘
1200,10:35:48,30.95,12380,4,卖盘
1201,10:35:51,30.95,495200,160,卖盘
1202,10:35:54,30.94,269201,87,卖盘
1203,10:35:57,30.95,3095,1,买盘
1204,10:36:00,30.95,58795,19,买盘
1205,10:36:03,30.96,356022,115,买盘
1206,10:36:06,30.98,625711,202,买盘
1207,10:36:09,30.98,86798,28,卖盘
1208,10:36:21,30.99,27891,9,卖盘
1209,10:36:24,31.0,6199,2,买盘
1210,10:36:27,30.99,18592,6,中性盘
1211,10:36:30,30.98,21686,7,买盘
1212,10:36:33,30.98,12392,4,买盘
1213,10:36:36,30.98,80548,26,买盘
1214,10:36:39,30.96,65035,21,卖盘
1215,10:36:42,30.96,77400,25,卖盘
1216,10:36:45,30.96,18574,6,中性盘
1217,10:36:48,30.96,6192,2,中性盘
1218,10:36:51,30.97,83610,27,买盘
1219,10:36:54,30.95,61901,20,卖盘
1220,10:36:57,30.96,9286,3,中性盘
1221,10:37:00,30.96,15484,5,卖盘
1222,10:37:03,30.96,27864,9,卖盘
1223,10:37:06,30.95,46437,15,卖盘
1224,10:37:09,30.95,489010,158,卖盘
1225,10:37:12,30.95,6190,2,买盘
1226,10:37:18,30.94,30947,10,卖盘
1227,10:37:24,30.93,284645,92,卖盘
1228,10:37:27,30.93,15465,5,卖盘
1229,10:37:30,30.95,136137,44,买盘
1230,10:37:33,30.93,89704,29,卖盘
1231,10:37:36,30.92,77310,25,卖盘
1232,10:37:39,30.93,15465,5,买盘
1233,10:37:45,30.92,27828,9,卖盘
1234,10:37:48,30.92,126773,41,卖盘
1235,10:37:51,30.92,89668,29,卖盘
1236,10:37:54,30.92,154600,50,卖盘
1237,10:37:57,30.92,55671,18,卖盘
1238,10:38:03,30.92,448327,145,卖盘
1239,10:38:06,30.92,6184,2,卖盘
1240,10:38:09,30.93,3093,1,买盘
1241,10:38:12,30.92,92752,30,卖盘
1242,10:38:15,30.91,49460,16,卖盘
1243,10:38:24,30.92,55656,18,买盘
1244,10:38:27,30.92,21644,7,买盘
1245,10:38:30,30.93,401924,130,买盘
1246,10:38:33,30.93,253559,82,买盘
1247,10:38:39,30.93,1397596,452,买盘
1248,10:38:42,30.93,9279,3,买盘
1249,10:38:45,30.93,136092,44,买盘
1250,10:38:48,30.92,160810,52,卖盘
1251,10:38:51,30.93,40211,13,买盘
1252,10:38:54,30.92,123714,40,卖盘
1253,10:38:57,30.92,46385,15,卖盘
1254,10:39:00,30.92,185529,60,卖盘
1255,10:39:03,30.93,24744,8,买盘
1256,10:39:12,30.93,9279,3,买盘
1257,10:39:21,30.93,129906,42,买盘
1258,10:39:24,30.94,497937,161,买盘
1259,10:39:27,30.94,228961,74,买盘
1260,10:39:30,30.95,74280,24,买盘
1261,10:39:33,30.94,120671,39,卖盘
1262,10:39:36,30.95,451870,146,买盘
1263,10:39:42,30.95,15475,5,卖盘
1264,10:39:45,30.97,27873,9,买盘
1265,10:39:48,30.95,3095,1,卖盘
1266,10:39:51,30.95,3095,1,卖盘
1267,10:39:54,30.95,6190,2,卖盘
1268,10:40:00,30.94,55695,18,卖盘
1269,10:40:03,30.95,92850,30,买盘
1270,10:40:06,30.95,3095,1,买盘
1271,10:40:12,30.95,61900,20,买盘
1272,10:40:15,30.95,15475,5,买盘
1273,10:40:18,30.94,21663,7,卖盘
1274,10:40:21,30.94,3094,1,卖盘
1275,10:40:27,30.95,201175,65,买盘
1276,10:40:30,30.95,3095,1,买盘
1277,10:40:36,30.95,6190,2,买盘
1278,10:40:39,30.95,58805,19,买盘
1279,10:40:42,30.95,12380,4,买盘
1280,10:40:45,30.95,21665,7,买盘
1281,10:40:48,30.95,3095,1,买盘
1282,10:40:54,30.94,151637,49,卖盘
1283,10:40:57,30.94,27846,9,卖盘
1284,10:41:09,30.94,3094,1,卖盘
1285,10:41:12,30.95,40224,13,买盘
1286,10:41:15,30.95,61900,20,买盘
1287,10:41:18,30.95,259980,84,买盘
1288,10:41:21,30.96,21672,7,买盘
1289,10:41:30,30.97,192006,62,买盘
1290,10:41:33,30.98,37175,12,买盘
1291,10:41:36,30.98,49548,16,买盘
1292,10:41:42,30.99,55782,18,买盘
1293,10:41:45,30.99,30990,10,买盘
1294,10:41:48,30.98,6197,2,卖盘
1295,10:41:51,30.98,6196,2,卖盘
1296,10:41:54,30.99,6198,2,买盘
1297,10:42:06,30.99,24792,8,买盘
1298,10:42:12,30.99,21693,7,买盘
1299,10:42:18,30.99,3099,1,买盘
1300,10:42:24,30.99,34089,11,买盘
1301,10:42:27,30.98,3098,1,卖盘
1302,10:42:30,30.99,24792,8,买盘
1303,10:42:33,30.99,15495,5,买盘
1304,10:42:36,30.99,114638,37,买盘
1305,10:42:39,30.99,12396,4,买盘
1306,10:42:42,30.99,960844,310,买盘
1307,10:42:45,31.0,195300,63,买盘
1308,10:42:48,31.01,49614,16,买盘
1309,10:42:51,31.01,49602,16,卖盘
1310,10:42:57,31.02,15510,5,买盘
1311,10:43:00,31.02,12408,4,买盘
1312,10:43:03,31.02,350290,113,买盘
1313,10:43:06,31.0,6200,2,卖盘
1314,10:43:09,31.02,62037,20,买盘
1315,10:43:12,30.99,6198,2,卖盘
1316,10:43:15,30.99,55782,18,卖盘
1317,10:43:18,31.01,83699,27,买盘
1318,10:43:30,31.0,74400,24,卖盘
1319,10:43:33,30.98,474073,153,卖盘
1320,10:43:36,30.99,6198,2,买盘
1321,10:43:42,30.99,55782,18,买盘
1322,10:43:48,30.98,9295,3,卖盘
1323,10:43:51,30.99,34089,11,买盘
1324,10:43:54,30.99,18595,6,卖盘
1325,10:43:57,30.99,34089,11,卖盘
1326,10:44:00,30.99,6198,2,卖盘
1327,10:44:03,31.0,257300,83,买盘
1328,10:44:06,31.0,505358,163,买盘
1329,10:44:09,31.01,27903,9,买盘
1330,10:44:12,31.01,9303,3,买盘
1331,10:44:18,30.99,83695,27,卖盘
1332,10:44:21,31.0,6200,2,买盘
1333,10:44:24,31.0,3100,1,买盘
1334,10:44:30,31.0,68200,22,买盘
1335,10:44:33,30.99,9297,3,卖盘
1336,10:44:36,30.99,12398,4,卖盘
1337,10:44:39,30.99,3099,1,卖盘
1338,10:44:42,30.99,49589,16,卖盘
1339,10:44:45,30.99,161166,52,卖盘
1340,10:44:48,30.99,6198,2,卖盘
1341,10:44:51,30.98,55773,18,卖盘
1342,10:44:54,30.99,12396,4,买盘
1343,10:44:57,30.98,27882,9,卖盘
1344,10:45:03,30.98,65058,21,卖盘
1345,10:45:09,30.99,9297,3,买盘
1346,10:45:15,30.98,61960,20,卖盘
1347,10:45:18,30.98,34078,11,卖盘
1348,10:45:21,30.98,3098,1,卖盘
1349,10:45:24,30.97,52660,17,卖盘
1350,10:45:27,30.96,52633,17,卖盘
1351,10:45:30,30.97,3097,1,中性盘
1352,10:45:33,30.97,347016,112,买盘
1353,10:45:36,30.99,30981,10,买盘
1354,10:45:39,30.98,6196,2,买盘
1355,10:45:42,30.98,58841,19,买盘
1356,10:45:51,30.98,43372,14,买盘
1357,10:45:54,30.97,12388,4,卖盘
1358,10:45:57,30.97,24776,8,卖盘
1359,10:46:00,30.96,92880,30,卖盘
1360,10:46:03,30.97,383911,124,买盘
1361,10:46:06,30.95,83605,27,卖盘
1362,10:46:09,30.95,83565,27,卖盘
1363,10:46:12,30.94,61898,20,卖盘
1364,10:46:15,30.95,12380,4,中性盘
1365,10:46:18,30.96,58818,19,买盘
1366,10:46:21,30.95,21670,7,中性盘
1367,10:46:27,30.95,9285,3,卖盘
1368,10:46:33,30.95,37140,12,卖盘
1369,10:46:36,30.96,58792,19,买盘
1370,10:46:42,30.95,139275,45,卖盘
1371,10:46:48,30.96,37149,12,买盘
1372,10:46:51,30.96,37150,12,买盘
1373,10:46:54,30.95,405445,131,卖盘
1374,10:46:57,30.95,126893,41,买盘
1375,10:47:00,30.95,15475,5,买盘
1376,10:47:03,30.94,238298,77,卖盘
1377,10:47:06,30.94,30940,10,卖盘
1378,10:47:12,30.93,83538,27,卖盘
1379,10:47:18,30.95,3095,1,买盘
1380,10:47:21,30.94,18564,6,卖盘
1381,10:47:24,30.94,30940,10,买盘
1382,10:47:27,30.94,30940,10,买盘
1383,10:47:30,30.94,52598,17,买盘
1384,10:47:33,30.93,58767,19,卖盘
1385,10:47:42,30.93,111348,36,卖盘
1386,10:47:48,30.94,12374,4,买盘
1387,10:47:54,30.94,27846,9,买盘
1388,10:47:57,30.94,12376,4,买盘
1389,10:48:00,30.94,46410,15,买盘
1390,10:48:03,30.95,1203601,389,买盘
1391,10:48:06,30.98,83587,27,买盘
1392,10:48:09,30.98,12392,4,买盘
1393,10:48:15,31.0,641601,207,买盘
1394,10:48:18,31.0,27900,9,买盘
1395,10:48:24,30.98,15490,5,卖盘
1396,10:48:27,30.96,55745,18,卖盘
1397,10:48:30,30.97,15485,5,买盘
1398,10:48:36,30.97,21675,7,买盘
1399,10:48:42,30.97,18582,6,买盘
1400,10:48:51,30.97,34058,11,买盘
1401,10:48:54,30.97,18581,6,买盘
1402,10:48:57,30.97,226081,73,买盘
1403,10:49:00,30.97,96007,31,买盘
1404,10:49:03,30.97,58840,19,买盘
1405,10:49:06,30.96,37152,12,卖盘
1406,10:49:09,30.96,591557,191,买盘
1407,10:49:12,30.95,533084,172,卖盘
1408,10:49:18,31.02,781270,252,买盘
1409,10:49:21,30.98,3098,1,中性盘
1410,10:49:24,30.99,24783,8,中性盘
1411,10:49:27,30.97,37165,12,卖盘
1412,10:49:30,30.97,12388,4,中性盘
1413,10:49:33,30.96,12385,4,卖盘
1414,10:49:42,30.96,9289,3,中性盘
1415,10:49:54,30.97,30970,10,买盘
1416,10:49:57,30.97,27870,9,买盘
1417,10:50:00,30.97,6194,2,买盘
1418,10:50:03,30.95,6191,2,卖盘
1419,10:50:06,30.95,12380,4,卖盘
1420,10:50:09,30.95,148560,48,卖盘
1421,10:50:15,30.97,154850,50,买盘
1422,10:50:21,30.95,3095,1,卖盘
1423,10:50:24,30.96,52632,17,买盘
1424,10:50:30,30.97,12388,4,买盘
1425,10:50:33,30.97,77439,25,买盘
1426,10:50:36,30.96,15482,5,卖盘
1427,10:50:42,30.95,83591,27,卖盘
1428,10:50:45,30.96,9288,3,买盘
1429,10:50:51,30.95,6190,2,卖盘
1430,10:50:54,30.96,15480,5,买盘
1431,10:50:57,30.94,618920,200,卖盘
1432,10:51:12,30.94,12377,4,卖盘
1433,10:51:15,30.95,9283,3,买盘
1434,10:51:21,30.95,3095,1,买盘
1435,10:51:24,30.94,24758,8,卖盘
1436,10:51:27,30.94,6188,2,卖盘
1437,10:51:30,30.94,61880,20,卖盘
1438,10:51:33,30.94,15470,5,买盘
1439,10:51:36,30.94,34034,11,买盘
1440,10:51:42,30.93,3093,1,卖盘
1441,10:51:48,30.93,6186,2,卖盘
1442,10:51:54,30.93,18558,6,卖盘
1443,10:51:57,30.93,102072,33,卖盘
1444,10:52:00,30.93,9279,3,卖盘
1445,10:52:03,30.93,80420,26,卖盘
1446,10:52:06,30.93,24749,8,卖盘
1447,10:52:09,30.93,9279,3,卖盘
1448,10:52:12,30.93,318579,103,卖盘
1449,10:52:15,30.93,34023,11,卖盘
1450,10:52:18,30.93,40209,13,卖盘
1451,10:52:21,30.94,395912,128,买盘
1452,10:52:24,30.93,34025,11,卖盘
1453,10:52:27,30.93,55677,18,卖盘
1454,10:52:30,30.92,34018,11,卖盘
1455,10:52:33,30.93,43302,14,中性盘
1456,10:52:36,30.93,504241,163,买盘
1457,10:52:39,30.93,38352,12,中性盘
1458,10:52:42,30.93,27837,9,卖盘
1459,10:52:45,30.92,55667,18,卖盘
1460,10:52:48,30.93,21645,7,买盘
1461,10:52:51,30.93,15465,5,买盘
1462,10:52:57,30.93,142236,46,买盘
1463,10:53:00,30.92,30920,10,卖盘
1464,10:53:03,30.92,49477,16,卖盘
1465,10:53:06,30.93,80404,26,买盘
1466,10:53:09,30.93,287649,93,买盘
1467,10:53:12,30.92,148450,48,卖盘
1468,10:53:15,30.93,123707,40,买盘
1469,10:53:18,30.93,148530,48,卖盘
1470,10:53:21,30.93,46395,15,卖盘
1471,10:53:24,30.92,111318,36,卖盘
1472,10:53:27,30.92,15461,5,卖盘
1473,10:53:30,30.92,27828,9,卖盘
1474,10:53:33,30.93,12370,4,买盘
1475,10:53:36,30.93,46395,15,买盘
1476,10:53:39,30.93,12372,4,买盘
1477,10:53:42,30.93,61860,20,买盘
1478,10:53:45,30.93,114442,37,卖盘
1479,10:53:48,30.92,55666,18,卖盘
1480,10:53:51,30.92,12368,4,卖盘
1481,10:53:54,30.93,55665,18,买盘
1482,10:53:57,30.93,3093,1,买盘
1483,10:54:00,30.92,457753,148,卖盘
1484,10:54:03,30.93,27837,9,中性盘
1485,10:54:06,30.92,92764,30,卖盘
1486,10:54:09,30.92,9276,3,卖盘
1487,10:54:12,30.95,12380,4,买盘
1488,10:54:18,30.93,6186,2,中性盘
1489,10:54:21,30.94,30940,10,买盘
1490,10:54:27,30.94,15467,5,买盘
1491,10:54:30,30.93,27840,9,卖盘
1492,10:54:33,30.92,630768,204,卖盘
1493,10:54:36,30.91,52562,17,卖盘
1494,10:54:39,30.92,108191,35,买盘
1495,10:54:42,30.92,74222,24,买盘
1496,10:54:45,30.91,55653,18,卖盘
1497,10:54:51,30.91,55645,18,卖盘
1498,10:54:54,30.92,86570,28,买盘
1499,10:54:57,30.92,12368,4,卖盘
1500,10:55:00,30.91,123676,40,卖盘
1501,10:55:03,30.91,49466,16,卖盘
1502,10:55:06,30.91,21637,7,卖盘
1503,10:55:12,30.91,80386,26,卖盘
1504,10:55:15,30.91,83457,27,卖盘
1505,10:55:18,30.92,321474,104,买盘
1506,10:55:21,30.92,43275,14,买盘
1507,10:55:24,30.91,846934,274,卖盘
1508,10:55:27,30.92,448197,145,买盘
1509,10:55:30,30.92,343134,111,买盘
1510,10:55:33,30.92,139099,45,买盘
1511,10:55:36,30.92,102010,33,买盘
1512,10:55:39,30.91,18546,6,卖盘
1513,10:55:42,30.91,27827,9,卖盘
1514,10:55:48,30.92,3092,1,买盘
1515,10:55:51,30.91,37098,12,卖盘
1516,10:55:54,30.91,40183,13,卖盘
1517,10:55:57,30.91,3091,1,卖盘
1518,10:56:03,30.92,18549,6,买盘
1519,10:56:06,30.91,46369,15,卖盘
1520,10:56:09,30.91,27820,9,卖盘
1521,10:56:12,30.91,117469,38,卖盘
1522,10:56:18,30.92,24733,8,买盘
1523,10:56:21,30.91,21641,7,卖盘
1524,10:56:24,30.91,9273,3,卖盘
1525,10:56:27,30.91,210218,68,卖盘
1526,10:56:30,30.92,83467,27,买盘
1527,10:56:33,30.92,197881,64,买盘
1528,10:56:36,30.91,123669,40,卖盘
1529,10:56:39,30.91,12364,4,卖盘
1530,10:56:42,30.91,64918,21,卖盘
1531,10:56:45,30.91,49464,16,卖盘
1532,10:56:51,30.92,284377,92,买盘
1533,10:56:54,30.92,219532,71,买盘
1534,10:56:57,30.92,92760,30,卖盘
1535,10:57:00,30.92,46380,15,卖盘
1536,10:57:03,30.92,92760,30,卖盘
1537,10:57:06,30.93,528733,171,中性盘
1538,10:57:09,30.93,374188,121,卖盘
1539,10:57:12,30.92,98946,32,卖盘
1540,10:57:15,30.92,157692,51,卖盘
1541,10:57:18,30.93,12369,4,买盘
1542,10:57:21,30.92,80392,26,卖盘
1543,10:57:24,30.93,30925,10,买盘
1544,10:57:27,30.92,43298,14,卖盘
1545,10:57:30,30.93,43298,14,买盘
1546,10:57:33,30.93,27831,9,买盘
1547,10:57:36,30.92,120588,39,卖盘
1548,10:57:39,30.93,21651,7,买盘
1549,10:57:42,30.92,9276,3,卖盘
1550,10:57:45,30.93,27834,9,买盘
1551,10:57:48,30.93,3093,1,买盘
1552,10:57:51,30.92,43288,14,卖盘
1553,10:57:54,30.93,909070,294,买盘
1554,10:57:57,30.92,148416,48,卖盘
1555,10:58:00,30.91,55639,18,卖盘
1556,10:58:03,30.92,145299,47,买盘
1557,10:58:06,30.91,268968,87,卖盘
1558,10:58:09,30.92,37098,12,买盘
1559,10:58:12,30.92,61840,20,中性盘
1560,10:58:15,30.92,40201,13,卖盘
1561,10:58:18,30.91,284393,92,卖盘
1562,10:58:21,30.92,40196,13,买盘
1563,10:58:24,30.91,74190,24,卖盘
1564,10:58:27,30.91,40189,13,卖盘
1565,10:58:30,30.93,476309,154,买盘
1566,10:58:33,30.92,64943,21,卖盘
1567,10:58:36,30.93,34025,11,中性盘
1568,10:58:39,30.93,34023,11,卖盘
1569,10:58:42,30.94,9282,3,买盘
1570,10:58:48,30.93,3093,1,卖盘
1571,10:58:51,30.94,21657,7,买盘
1572,10:58:57,30.94,6188,2,买盘
1573,10:59:03,30.94,15470,5,买盘
1574,10:59:06,30.94,12376,4,买盘
1575,10:59:09,30.94,129948,42,买盘
1576,10:59:12,30.94,24752,8,卖盘
1577,10:59:15,30.94,9282,3,卖盘
1578,10:59:18,30.94,21658,7,卖盘
1579,10:59:21,30.95,136180,44,买盘
1580,10:59:24,30.94,68068,22,卖盘
1581,10:59:27,30.94,328034,106,卖盘
1582,10:59:30,30.94,49504,16,卖盘
1583,10:59:33,30.94,151629,49,卖盘
1584,10:59:36,30.94,148512,48,买盘
1585,10:59:39,30.93,74256,24,卖盘
1586,10:59:42,30.93,30930,10,卖盘
1587,10:59:45,30.91,482385,156,卖盘
1588,10:59:48,30.91,21643,7,卖盘
1589,10:59:51,30.91,71093,23,卖盘
1590,10:59:54,30.92,37097,12,中性盘
1591,10:59:57,30.91,935377,303,卖盘
1592,11:00:00,30.91,327632,106,买盘
1593,11:00:03,30.9,630497,204,卖盘
1594,11:00:06,30.93,328862,106,买盘
1595,11:00:09,30.91,18550,6,卖盘
1596,11:00:12,30.91,61829,20,卖盘
1597,11:00:15,30.94,120669,39,买盘
1598,11:00:18,30.94,133042,43,卖盘
1599,11:00:21,30.94,6188,2,卖盘
1600,11:00:24,30.94,633991,205,卖盘
1601,11:00:27,30.93,43296,14,卖盘
1602,11:00:30,30.92,74200,24,卖盘
1603,11:00:33,30.92,37104,12,卖盘
1604,11:00:36,30.93,247389,80,买盘
1605,11:00:39,30.92,46371,15,买盘
1606,11:00:42,30.92,58743,19,买盘
1607,11:00:45,30.92,24737,8,卖盘
1608,11:00:51,30.92,151508,49,卖盘
1609,11:00:54,30.93,123701,40,买盘
1610,11:00:57,30.93,9279,3,买盘
1611,11:01:06,30.93,15465,5,买盘
1612,11:01:09,30.93,228813,74,买盘
1613,11:01:12,30.93,6186,2,买盘
1614,11:01:15,30.93,12370,4,买盘
1615,11:01:21,30.93,114427,37,买盘
1616,11:01:24,30.93,12372,4,卖盘
1617,11:01:39,30.93,3093,1,卖盘
1618,11:01:45,30.93,117534,38,卖盘
1619,11:01:51,30.94,3094,1,买盘
1620,11:01:54,30.94,3094,1,买盘
1621,11:02:03,30.94,15470,5,买盘
1622,11:02:06,30.94,74255,24,买盘
1623,11:02:09,30.94,95899,31,买盘
1624,11:02:12,30.95,300100,97,买盘
1625,11:02:15,30.94,80445,26,卖盘
1626,11:02:18,30.94,129948,42,卖盘
1627,11:02:21,30.94,154700,50,卖盘
1628,11:02:24,30.95,3095,1,买盘
1629,11:02:27,30.94,68069,22,卖盘
1630,11:02:33,30.95,485913,157,买盘
1631,11:02:36,30.96,6192,2,中性盘
1632,11:02:39,30.95,448804,145,卖盘
1633,11:02:42,30.97,65037,21,买盘
1634,11:02:45,30.96,49549,16,卖盘
1635,11:02:48,30.97,46451,15,买盘
1636,11:02:51,30.99,71218,23,买盘
1637,11:02:57,30.96,24769,8,卖盘
1638,11:03:00,30.96,27864,9,卖盘
1639,11:03:03,30.97,30963,10,买盘
1640,11:03:06,30.99,179652,58,买盘
1641,11:03:09,31.0,58880,19,买盘
1642,11:03:12,31.0,123956,40,买盘
1643,11:03:15,31.01,148811,48,买盘
1644,11:03:18,31.01,43414,14,卖盘
1645,11:03:21,31.0,55818,18,中性盘
1646,11:03:24,31.0,43391,14,买盘
1647,11:03:27,31.0,21700,7,买盘
1648,11:03:30,30.99,3099,1,卖盘
1649,11:03:33,31.01,778398,251,买盘
1650,11:03:39,31.06,285657,92,买盘
1651,11:03:42,31.13,1703837,548,买盘
1652,11:03:45,31.13,28017,9,买盘
1653,11:03:48,31.13,96479,31,买盘
1654,11:03:51,31.13,164987,53,买盘
1655,11:03:54,31.12,9336,3,买盘
1656,11:03:57,31.12,34232,11,买盘
1657,11:04:00,31.14,339221,109,买盘
1658,11:04:03,31.12,12448,4,卖盘
1659,11:04:06,31.13,90277,29,中性盘
1660,11:04:09,31.14,189876,61,买盘
1661,11:04:12,31.1,18662,6,卖盘
1662,11:04:15,31.09,56017,18,卖盘
1663,11:04:18,31.1,24880,8,中性盘
1664,11:04:21,31.1,27980,9,买盘
1665,11:04:24,31.12,143094,46,买盘
1666,11:04:27,31.1,27988,9,卖盘
1667,11:04:30,31.11,3111,1,买盘
1668,11:04:33,31.1,6220,2,卖盘
1669,11:04:36,31.11,24886,8,买盘
1670,11:04:39,31.1,6220,2,买盘
1671,11:04:42,31.1,12440,4,买盘
1672,11:04:45,31.1,6220,2,买盘
1673,11:04:54,31.09,3109,1,卖盘
1674,11:04:57,31.09,65289,21,卖盘
1675,11:05:00,31.1,6220,2,买盘
1676,11:05:03,31.09,65289,21,卖盘
1677,11:05:09,31.08,46635,15,卖盘
1678,11:05:12,31.08,12432,4,卖盘
1679,11:05:15,31.1,945322,304,买盘
1680,11:05:18,31.11,317302,102,买盘
1681,11:05:24,31.1,62200,20,卖盘
1682,11:05:27,31.1,12440,4,卖盘
1683,11:05:30,31.11,6222,2,卖盘
1684,11:05:33,31.13,3113,1,买盘
1685,11:05:39,31.13,6226,2,买盘
1686,11:05:42,31.13,56034,18,买盘
1687,11:05:51,31.12,3112,1,买盘
1688,11:05:54,31.11,21777,7,卖盘
1689,11:05:57,31.12,34232,11,买盘
1690,11:06:03,31.12,15560,5,买盘
1691,11:06:06,31.1,146213,47,卖盘
1692,11:06:09,31.09,441598,142,卖盘
1693,11:06:12,31.08,37296,12,卖盘
1694,11:06:15,31.08,27972,9,卖盘
1695,11:06:21,31.08,133644,43,卖盘
1696,11:06:24,31.08,43512,14,卖盘
1697,11:06:27,31.08,40415,13,卖盘
1698,11:06:30,31.08,46620,15,卖盘
1699,11:06:33,31.09,310879,100,买盘
1700,11:06:42,31.09,12436,4,卖盘
1701,11:06:45,31.09,9327,3,卖盘
1702,11:06:48,31.09,6218,2,卖盘
1703,11:06:51,31.09,149232,48,卖盘
1704,11:06:54,31.1,40430,13,买盘
1705,11:07:00,31.1,133730,43,买盘
1706,11:07:03,31.09,15545,5,卖盘
1707,11:07:06,31.1,31100,10,买盘
1708,11:07:09,31.09,108848,35,卖盘
1709,11:07:12,31.09,354448,114,卖盘
1710,11:07:15,31.09,68400,22,卖盘
1711,11:07:18,31.09,12436,4,卖盘
1712,11:07:21,31.1,31100,10,买盘
1713,11:07:24,31.09,121275,39,卖盘
1714,11:07:27,31.11,139935,45,买盘
1715,11:07:30,31.11,27999,9,买盘
1716,11:07:33,31.11,6222,2,买盘
1717,11:07:42,31.1,55980,18,卖盘
1718,11:07:51,31.12,1138840,366,买盘
1719,11:07:54,31.14,1220342,392,买盘
1720,11:07:57,31.14,124560,40,买盘
1721,11:08:00,31.14,49834,16,卖盘
1722,11:08:03,31.15,345759,111,买盘
1723,11:08:06,31.14,6229,2,卖盘
1724,11:08:09,31.13,158833,51,卖盘
1725,11:08:12,31.15,158865,51,买盘
1726,11:08:15,31.13,12454,4,卖盘
1727,11:08:18,31.14,6228,2,中性盘
1728,11:08:21,31.14,24912,8,买盘
1729,11:08:24,31.14,28026,9,买盘
1730,11:08:27,31.13,180586,58,卖盘
1731,11:08:30,31.12,6224,2,卖盘
1732,11:08:33,31.13,311300,100,买盘
1733,11:08:36,31.13,59146,19,买盘
1734,11:08:39,31.13,171198,55,买盘
1735,11:08:42,31.13,115181,37,买盘
1736,11:08:45,31.13,52916,17,买盘
1737,11:08:48,31.14,49824,16,买盘
1738,11:08:51,31.14,21798,7,买盘
1739,11:08:54,31.13,28017,9,卖盘
1740,11:09:00,31.13,62270,20,卖盘
1741,11:09:12,31.12,74710,24,卖盘
1742,11:09:18,31.13,9339,3,买盘
1743,11:09:21,31.12,31120,10,卖盘
1744,11:09:24,31.12,224114,72,卖盘
1745,11:09:27,31.12,6224,2,买盘
1746,11:09:30,31.12,460700,148,买盘
1747,11:09:39,31.15,87165,28,买盘
1748,11:09:42,31.15,218050,70,买盘
1749,11:09:45,31.15,3115,1,买盘
1750,11:09:48,31.13,15565,5,卖盘
1751,11:09:54,31.15,230490,74,买盘
1752,11:10:00,31.14,40484,13,卖盘
1753,11:10:03,31.15,617265,198,卖盘
1754,11:10:06,31.16,3116,1,中性盘
1755,11:10:21,31.16,24928,8,卖盘
1756,11:10:24,31.16,87248,28,卖盘
1757,11:10:27,31.16,18696,6,卖盘
1758,11:10:30,31.17,90370,29,买盘
1759,11:10:36,31.16,6231,2,买盘
1760,11:10:39,31.15,186925,60,卖盘
1761,11:10:42,31.13,46711,15,卖盘
1762,11:10:45,31.12,155649,50,卖盘
1763,11:10:48,31.11,56013,18,卖盘
1764,11:10:54,31.11,15555,5,中性盘
1765,11:10:57,31.09,329638,106,卖盘
1766,11:11:00,31.08,1144163,368,卖盘
1767,11:11:03,31.06,229961,74,卖盘
1768,11:11:06,31.09,167874,54,买盘
1769,11:11:12,31.09,6218,2,买盘
1770,11:11:15,31.09,74616,24,买盘
1771,11:11:18,31.09,9327,3,卖盘
1772,11:11:24,31.1,3110,1,买盘
1773,11:11:33,31.1,9329,3,买盘
1774,11:11:45,31.1,311000,100,买盘
1775,11:11:48,31.09,3109,1,卖盘
1776,11:11:51,31.09,40419,13,卖盘
1777,11:11:54,31.1,3110,1,买盘
1778,11:11:57,31.09,12436,4,卖盘
1779,11:12:00,31.1,422924,136,买盘
1780,11:12:03,31.1,1005790,323,买盘
1781,11:12:06,31.09,136840,44,卖盘
1782,11:12:12,31.09,18657,6,卖盘
1783,11:12:18,31.1,3110,1,卖盘
1784,11:12:21,31.09,102598,33,卖盘
1785,11:12:24,31.09,6218,2,卖盘
1786,11:12:27,31.09,12439,4,卖盘
1787,11:12:39,31.1,12440,4,卖盘
1788,11:12:42,31.1,6220,2,卖盘
1789,11:12:45,31.1,46649,15,买盘
1790,11:12:48,31.1,6220,2,卖盘
1791,11:12:51,31.13,28012,9,买盘
1792,11:12:54,31.11,3111,1,卖盘
1793,11:13:00,31.13,152537,49,买盘
1794,11:13:03,31.14,90304,29,买盘
1795,11:13:06,31.14,68508,22,卖盘
1796,11:13:09,31.15,12460,4,买盘
1797,11:13:18,31.15,102795,33,买盘
1798,11:13:24,31.15,34265,11,卖盘
1799,11:13:33,31.15,12460,4,买盘
1800,11:13:48,31.14,12457,4,卖盘
1801,11:13:51,31.14,18689,6,卖盘
1802,11:13:54,31.15,224275,72,买盘
1803,11:13:57,31.15,9345,3,卖盘
1804,11:14:00,31.15,3115,1,卖盘
1805,11:14:03,31.15,308385,99,卖盘
1806,11:14:06,31.15,9345,3,中性盘
1807,11:14:09,31.14,3114,1,卖盘
1808,11:14:12,31.15,52950,17,买盘
1809,11:14:15,31.16,15578,5,买盘
1810,11:14:21,31.15,6230,2,买盘
1811,11:14:24,31.15,6230,2,买盘
1812,11:14:27,31.14,40491,13,卖盘
1813,11:14:33,31.13,59147,19,卖盘
1814,11:14:36,31.14,6228,2,买盘
1815,11:14:39,31.13,15565,5,卖盘
1816,11:14:42,31.14,34254,11,买盘
1817,11:14:45,31.14,3114,1,买盘
1818,11:14:48,31.13,15565,5,卖盘
1819,11:14:51,31.13,49810,16,卖盘
1820,11:14:57,31.13,80938,26,买盘
1821,11:15:00,31.12,3112,1,卖盘
1822,11:15:03,31.13,93390,30,买盘
1823,11:15:06,31.12,99604,32,卖盘
1824,11:15:09,31.13,6226,2,买盘
1825,11:15:12,31.13,93390,30,买盘
1826,11:15:24,31.13,31130,10,卖盘
1827,11:15:39,31.13,62260,20,卖盘
1828,11:15:42,31.12,28016,9,卖盘
1829,11:15:45,31.13,12452,4,买盘
1830,11:15:48,31.13,323752,104,买盘
1831,11:15:54,31.12,3112,1,卖盘
1832,11:16:00,31.12,9338,3,卖盘
1833,11:16:03,31.12,6224,2,卖盘
1834,11:16:06,31.12,18672,6,卖盘
1835,11:16:09,31.12,15560,5,买盘
1836,11:16:12,31.11,3111,1,卖盘
1837,11:16:15,31.1,12443,4,卖盘
1838,11:16:18,31.1,34212,11,卖盘
1839,11:16:21,31.1,3110,1,卖盘
1840,11:16:24,31.1,68420,22,卖盘
1841,11:16:27,31.1,133730,43,卖盘
1842,11:16:30,31.09,6218,2,卖盘
1843,11:16:33,31.08,142987,46,卖盘
1844,11:16:36,31.08,3108,1,卖盘
1845,11:16:39,31.07,142965,46,卖盘
1846,11:16:45,31.07,183256,59,卖盘
1847,11:16:48,31.05,217368,70,卖盘
1848,11:16:54,31.05,43472,14,卖盘
1849,11:16:57,31.06,3106,1,卖盘
1850,11:17:00,31.06,55908,18,中性盘
1851,11:17:03,31.05,21740,7,卖盘
1852,11:17:06,31.07,363513,117,买盘
1853,11:17:09,31.12,976982,314,买盘
1854,11:17:12,31.12,2100971,674,卖盘
1855,11:17:15,31.2,28080,9,买盘
1856,11:17:18,31.2,3120,1,买盘
1857,11:17:24,31.18,24949,8,卖盘
1858,11:17:33,31.16,15580,5,卖盘
1859,11:17:36,31.19,6238,2,买盘
1860,11:17:39,31.18,84177,27,买盘
1861,11:17:42,31.12,124563,40,卖盘
1862,11:17:45,31.14,56061,18,卖盘
1863,11:17:48,31.2,627037,201,买盘
1864,11:17:51,31.18,21826,7,中性盘
1865,11:17:54,31.15,130838,42,卖盘
1866,11:18:12,31.18,3118,1,买盘
1867,11:18:18,31.18,43652,14,买盘
1868,11:18:21,31.18,6236,2,买盘
1869,11:18:24,31.17,9351,3,卖盘
1870,11:18:30,31.18,3118,1,买盘
1871,11:18:33,31.18,246307,79,买盘
1872,11:18:36,31.19,84188,27,买盘
1873,11:18:42,31.18,24947,8,卖盘
1874,11:18:48,31.2,81103,26,买盘
1875,11:18:51,31.17,37410,12,卖盘
1876,11:18:54,31.16,134018,43,卖盘
1877,11:18:57,31.21,343210,110,买盘
1878,11:19:06,31.21,6242,2,中性盘
1879,11:19:09,31.21,265291,85,买盘
1880,11:19:12,31.19,3119,1,卖盘
1881,11:19:15,31.21,93590,30,买盘
1882,11:19:18,31.18,59275,19,卖盘
1883,11:19:24,31.18,56107,18,买盘
1884,11:19:27,31.12,1154952,371,卖盘
1885,11:19:30,31.18,24932,8,买盘
1886,11:19:33,31.19,81052,26,买盘
1887,11:19:36,31.17,15585,5,中性盘
1888,11:19:42,31.17,18702,6,买盘
1889,11:19:48,31.17,130914,42,买盘
1890,11:19:51,31.17,333520,107,卖盘
1891,11:19:54,31.18,56119,18,买盘
1892,11:19:57,31.15,158950,51,卖盘
1893,11:20:03,31.18,49895,16,买盘
1894,11:20:15,31.15,28039,9,卖盘
1895,11:20:18,31.18,6236,2,买盘
1896,11:20:27,31.17,3117,1,卖盘
1897,11:20:33,31.18,31180,10,买盘
1898,11:20:36,31.18,12472,4,买盘
1899,11:20:42,31.17,3117,1,卖盘
1900,11:20:48,31.16,24935,8,卖盘
1901,11:20:51,31.17,9351,3,买盘
1902,11:20:57,31.18,121603,39,买盘
1903,11:21:00,31.18,24947,8,卖盘
1904,11:21:03,31.19,68613,22,买盘
1905,11:21:06,31.19,99808,32,买盘
1906,11:21:09,31.2,49920,16,买盘
1907,11:21:18,31.22,624082,200,买盘
1908,11:21:21,31.25,1508235,483,买盘
1909,11:21:24,31.26,381423,122,买盘
1910,11:21:27,31.29,1545233,494,买盘
1911,11:21:30,31.3,334769,107,买盘
1912,11:21:33,31.28,109451,35,中性盘
1913,11:21:36,31.3,967357,309,买盘
1914,11:21:39,31.3,15650,5,卖盘
1915,11:21:42,31.3,15650,5,卖盘
1916,11:21:45,31.3,106432,34,卖盘
1917,11:21:48,31.33,237883,76,买盘
1918,11:21:51,31.3,385273,123,卖盘
1919,11:21:54,31.33,28197,9,买盘
1920,11:21:57,31.33,53216,17,买盘
1921,11:22:00,31.3,6260,2,卖盘
1922,11:22:03,31.33,59492,19,买盘
1923,11:22:06,31.3,269187,86,卖盘
1924,11:22:09,31.33,313239,100,买盘
1925,11:22:15,31.3,68860,22,卖盘
1926,11:22:18,31.31,28178,9,买盘
1927,11:22:21,31.31,90783,29,买盘
1928,11:22:24,31.31,46968,15,卖盘
1929,11:22:27,31.31,134633,43,卖盘
1930,11:22:30,31.32,325726,104,买盘
1931,11:22:33,31.31,266156,85,卖盘
1932,11:22:36,31.31,237956,76,买盘
1933,11:22:39,31.31,25048,8,买盘
1934,11:22:42,31.31,34440,11,买盘
1935,11:22:48,31.3,178466,57,卖盘
1936,11:22:54,31.3,291191,93,卖盘
1937,11:22:57,31.31,34441,11,卖盘
1938,11:23:00,31.31,9393,3,卖盘
1939,11:23:03,31.34,1074521,343,买盘
1940,11:23:06,31.34,75207,24,买盘
1941,11:23:09,31.34,770701,246,买盘
1942,11:23:12,31.35,971930,310,买盘
1943,11:23:15,31.37,34499,11,买盘
1944,11:23:18,31.34,144206,46,卖盘
1945,11:23:21,31.35,68992,22,中性盘
1946,11:23:24,31.35,244621,78,买盘
1947,11:23:27,31.35,25078,8,中性盘
1948,11:23:30,31.35,21945,7,买盘
1949,11:23:36,31.34,28206,9,卖盘
1950,11:23:39,31.34,40742,13,卖盘
1951,11:23:42,31.37,310438,99,买盘
1952,11:23:45,31.36,12544,4,卖盘
1953,11:23:57,31.35,9405,3,买盘
1954,11:24:00,31.36,178730,57,买盘
1955,11:24:03,31.35,43890,14,中性盘
1956,11:24:06,31.32,125304,40,卖盘
1957,11:24:12,31.34,18804,6,买盘
1958,11:24:15,31.33,3133,1,卖盘
1959,11:24:18,31.33,50127,16,卖盘
1960,11:24:21,31.33,21931,7,买盘
1961,11:24:24,31.33,144118,46,买盘
1962,11:24:27,31.33,131574,42,买盘
1963,11:24:30,31.33,238108,76,卖盘
1964,11:24:33,31.32,100224,32,卖盘
1965,11:24:36,31.32,12528,4,卖盘
1966,11:24:39,31.33,46983,15,买盘
1967,11:24:45,31.33,137852,44,买盘
1968,11:24:48,31.33,21931,7,卖盘
1969,11:24:51,31.33,197376,63,卖盘
1970,11:24:54,31.31,59506,19,卖盘
1971,11:24:57,31.32,15660,5,买盘
1972,11:25:00,31.31,219170,70,卖盘
1973,11:25:03,31.31,6262,2,卖盘
1974,11:25:06,31.31,231709,74,卖盘
1975,11:25:09,31.31,453855,145,中性盘
1976,11:25:15,31.3,59470,19,卖盘
1977,11:25:18,31.28,31290,10,卖盘
1978,11:25:27,31.28,18768,6,卖盘
1979,11:25:30,31.28,21898,7,卖盘
1980,11:25:33,31.28,9384,3,卖盘
1981,11:25:36,31.28,37536,12,卖盘
1982,11:25:39,31.28,109480,35,卖盘
1983,11:25:42,31.28,31280,10,卖盘
1984,11:25:45,31.28,31281,10,卖盘
1985,11:25:48,31.28,71944,23,卖盘
1986,11:25:51,31.28,9384,3,买盘
1987,11:25:54,31.27,3127,1,卖盘
1988,11:25:57,31.27,21889,7,卖盘
1989,11:26:00,31.27,78174,25,买盘
1990,11:26:03,31.27,25016,8,卖盘
1991,11:26:06,31.27,9381,3,卖盘
1992,11:26:09,31.28,78184,25,买盘
1993,11:26:12,31.27,3127,1,中性盘
1994,11:26:15,31.27,150094,48,买盘
1995,11:26:21,31.28,456615,146,买盘
1996,11:26:24,31.29,93851,30,买盘
1997,11:26:27,31.28,87584,28,卖盘
1998,11:26:30,31.28,15640,5,卖盘
1999,11:26:36,31.29,6258,2,买盘
2000,11:26:39,31.28,78191,25,卖盘
2001,11:26:42,31.28,9383,3,买盘
2002,11:26:45,31.28,6256,2,买盘
2003,11:26:48,31.27,6254,2,卖盘
2004,11:26:51,31.28,3128,1,买盘
2005,11:26:54,31.28,6256,2,买盘
2006,11:26:57,31.27,3127,1,卖盘
2007,11:27:00,31.27,9381,3,卖盘
2008,11:27:03,31.26,3126,1,卖盘
2009,11:27:09,31.26,31269,10,卖盘
2010,11:27:12,31.26,59385,19,卖盘
2011,11:27:15,31.26,18756,6,卖盘
2012,11:27:18,31.25,146877,47,卖盘
2013,11:27:21,31.26,6252,2,中性盘
2014,11:27:24,31.25,12500,4,卖盘
2015,11:27:27,31.26,50010,16,买盘
2016,11:27:30,31.25,21875,7,卖盘
2017,11:27:36,31.24,3124,1,卖盘
2018,11:27:39,31.25,59375,19,买盘
2019,11:27:42,31.24,140602,45,卖盘
2020,11:27:45,31.25,128084,41,买盘
2021,11:27:48,31.25,21877,7,卖盘
2022,11:27:51,31.24,28116,9,卖盘
2023,11:27:54,31.25,9375,3,买盘
2024,11:28:03,31.23,24988,8,卖盘
2025,11:28:06,31.25,3125,1,买盘
2026,11:28:09,31.24,3124,1,买盘
2027,11:28:12,31.25,18745,6,买盘
2028,11:28:15,31.23,56219,18,卖盘
2029,11:28:18,31.24,103062,33,中性盘
2030,11:28:21,31.23,9369,3,卖盘
2031,11:28:24,31.24,46860,15,买盘
2032,11:28:27,31.23,302940,97,卖盘
2033,11:28:30,31.23,3123,1,卖盘
2034,11:28:33,31.24,3124,1,卖盘
2035,11:28:36,31.23,34354,11,卖盘
2036,11:28:42,31.23,783873,251,卖盘
2037,11:28:45,31.22,78061,25,卖盘
2038,11:28:48,31.22,15610,5,卖盘
2039,11:28:51,31.22,90547,29,卖盘
2040,11:28:54,31.23,15615,5,卖盘
2041,11:28:57,31.23,6246,2,卖盘
2042,11:29:00,31.23,43722,14,卖盘
2043,11:29:03,31.23,71829,23,卖盘
2044,11:29:06,31.23,121797,39,卖盘
2045,11:29:09,31.24,56225,18,买盘
2046,11:29:12,31.23,24984,8,买盘
2047,11:29:15,31.22,24977,8,卖盘
2048,11:29:18,31.23,21855,7,中性盘
2049,11:29:21,31.23,37478,12,卖盘
2050,11:29:24,31.23,40599,13,卖盘
2051,11:29:27,31.22,53086,17,卖盘
2052,11:29:30,31.23,31230,10,买盘
2053,11:29:33,31.22,34343,11,卖盘
2054,11:29:36,31.23,31230,10,买盘
2055,11:29:39,31.23,15615,5,买盘
2056,11:29:42,31.23,21861,7,卖盘
2057,11:29:48,31.24,28115,9,买盘
2058,11:29:51,31.22,1243316,398,卖盘
2059,11:29:57,31.23,3123,1,买盘
2060,13:00:00,31.22,565128,181,卖盘
2061,13:00:03,31.21,1467109,470,卖盘
2062,13:00:06,31.2,751856,241,卖盘
2063,13:00:09,31.18,171539,55,卖盘
2064,13:00:15,31.16,40512,13,卖盘
2065,13:00:18,31.17,59202,19,买盘
2066,13:00:21,31.17,265039,85,买盘
2067,13:00:24,31.18,43650,14,卖盘
2068,13:00:27,31.16,77927,25,卖盘
2069,13:00:30,31.17,18698,6,买盘
2070,13:00:33,31.16,18699,6,卖盘
2071,13:00:36,31.15,49856,16,卖盘
2072,13:00:39,31.2,205710,66,买盘
2073,13:00:45,31.19,9359,3,中性盘
2074,13:00:48,31.18,74813,24,卖盘
2075,13:00:51,31.18,40535,13,卖盘
2076,13:00:54,31.17,339820,109,卖盘
2077,13:01:00,31.17,12468,4,买盘
2078,13:01:03,31.17,15585,5,买盘
2079,13:01:06,31.17,302339,97,买盘
2080,13:01:09,31.17,183853,59,买盘
2081,13:01:12,31.18,286875,92,买盘
2082,13:01:18,31.19,3119,1,卖盘
2083,13:01:21,31.21,343204,110,买盘
2084,13:01:24,31.21,81170,26,卖盘
2085,13:01:27,31.2,56160,18,卖盘
2086,13:01:30,31.22,31211,10,买盘
2087,13:01:33,31.22,146727,47,买盘
2088,13:01:39,31.22,9366,3,买盘
2089,13:01:45,31.22,184038,59,买盘
2090,13:01:48,31.18,12483,4,卖盘
2091,13:01:51,31.18,3118,1,卖盘
2092,13:01:54,31.17,53005,17,卖盘
2093,13:01:57,31.17,62340,20,卖盘
2094,13:02:00,31.17,9351,3,卖盘
2095,13:02:03,31.17,90416,29,卖盘
2096,13:02:06,31.19,9357,3,买盘
2097,13:02:15,31.15,323975,104,卖盘
2098,13:02:24,31.16,56104,18,卖盘
2099,13:02:27,31.15,90349,29,卖盘
2100,13:02:30,31.14,21798,7,卖盘
2101,13:02:33,31.15,59172,19,买盘
2102,13:02:42,31.15,3115,1,买盘
2103,13:02:45,31.15,31150,10,买盘
2104,13:02:48,31.14,28033,9,卖盘
2105,13:02:51,31.15,637910,205,买盘
2106,13:02:57,31.12,21784,7,卖盘
2107,13:03:03,31.14,3114,1,卖盘
2108,13:03:15,31.13,68486,22,卖盘
2109,13:03:18,31.12,3112,1,卖盘
2110,13:03:27,31.13,744007,239,买盘
2111,13:03:30,31.15,6230,2,买盘
2112,13:03:33,31.12,46689,15,卖盘
2113,13:03:39,31.13,21791,7,买盘
2114,13:03:42,31.12,242778,78,卖盘
2115,13:03:45,31.13,24904,8,中性盘
2116,13:03:48,31.15,3115,1,买盘
2117,13:03:51,31.12,448168,144,卖盘
2118,13:03:57,31.11,68455,22,卖盘
2119,13:04:00,31.12,133816,43,买盘
2120,13:04:03,31.11,24888,8,卖盘
2121,13:04:09,31.12,90226,29,买盘
2122,13:04:12,31.12,124468,40,买盘
2123,13:04:21,31.12,49792,16,卖盘
2124,13:04:27,31.14,34238,11,买盘
2125,13:04:39,31.14,3114,1,买盘
2126,13:04:42,31.14,9342,3,买盘
2127,13:04:45,31.14,3114,1,买盘
2128,13:04:48,31.13,3113,1,卖盘
2129,13:04:51,31.14,6227,2,买盘
2130,13:04:54,31.12,68469,22,卖盘
2131,13:04:57,31.13,311206,100,买盘
2132,13:05:00,31.12,389030,125,卖盘
2133,13:05:15,31.13,59147,19,买盘
2134,13:05:18,31.12,34232,11,卖盘
2135,13:05:24,31.13,584961,188,买盘
2136,13:05:27,31.13,15564,5,买盘
2137,13:05:39,31.13,3113,1,买盘
2138,13:05:42,31.13,155610,50,买盘
2139,13:05:48,31.13,71598,23,买盘
2140,13:05:51,31.12,43568,14,卖盘
2141,13:05:54,31.12,214716,69,卖盘
2142,13:05:57,31.12,40456,13,买盘
2143,13:06:00,31.13,192965,62,买盘
2144,13:06:03,31.12,9338,3,卖盘
2145,13:06:09,31.12,155600,50,卖盘
2146,13:06:12,31.14,12456,4,买盘
2147,13:06:18,31.13,34243,11,卖盘
2148,13:06:21,31.13,15563,5,买盘
2149,13:06:24,31.12,28008,9,卖盘
2150,13:06:30,31.12,80912,26,卖盘
2151,13:06:36,31.14,435829,140,买盘
2152,13:06:42,31.14,189859,61,买盘
2153,13:06:45,31.14,9342,3,买盘
2154,13:06:48,31.13,3113,1,卖盘
2155,13:06:51,31.14,146355,47,买盘
2156,13:06:54,31.14,3114,1,卖盘
2157,13:06:57,31.15,9345,3,买盘
2158,13:07:00,31.15,3115,1,买盘
2159,13:07:03,31.15,49840,16,买盘
2160,13:07:06,31.15,71645,23,买盘
2161,13:07:09,31.15,3115,1,买盘
2162,13:07:18,31.14,74736,24,卖盘
2163,13:07:21,31.13,31136,10,卖盘
2164,13:07:30,31.14,43592,14,买盘
2165,13:07:42,31.14,74731,24,买盘
2166,13:07:45,31.15,333294,107,买盘
2167,13:07:48,31.14,28026,9,卖盘
2168,13:08:00,31.14,12465,4,卖盘
2169,13:08:09,31.14,3114,1,卖盘
2170,13:08:12,31.17,3117,1,买盘
2171,13:08:15,31.14,137016,44,卖盘
2172,13:08:18,31.14,9342,3,买盘
2173,13:08:21,31.13,186886,60,卖盘
2174,13:08:27,31.14,18684,6,卖盘
2175,13:08:33,31.14,71634,23,卖盘
2176,13:08:42,31.14,49830,16,卖盘
2177,13:08:48,31.14,24913,8,卖盘
2178,13:08:51,31.15,3115,1,买盘
2179,13:09:03,31.14,18684,6,卖盘
2180,13:09:09,31.14,21798,7,卖盘
2181,13:09:12,31.15,21805,7,买盘
2182,13:09:18,31.14,6228,2,卖盘
2183,13:09:24,31.15,3115,1,买盘
2184,13:09:36,31.15,3115,1,买盘
2185,13:09:42,31.15,34265,11,买盘
2186,13:09:45,31.15,6230,2,买盘
2187,13:09:48,31.15,9345,3,买盘
2188,13:09:57,31.14,112104,36,卖盘
2189,13:10:03,31.13,24904,8,卖盘
2190,13:10:18,31.13,77825,25,卖盘
2191,13:10:21,31.14,90281,29,买盘
2192,13:10:24,31.14,21798,7,买盘
2193,13:10:36,31.13,24904,8,卖盘
2194,13:10:39,31.13,102729,33,卖盘
2195,13:10:42,31.13,3113,1,卖盘
2196,13:10:45,31.13,15565,5,卖盘
2197,13:10:48,31.13,65373,21,卖盘
2198,13:10:51,31.13,37356,12,卖盘
2199,13:10:54,31.13,9339,3,卖盘
2200,13:10:57,31.13,6226,2,卖盘
2201,13:11:00,31.13,28017,9,卖盘
2202,13:11:03,31.13,15565,5,卖盘
2203,13:11:06,31.13,6226,2,卖盘
2204,13:11:09,31.13,18678,6,卖盘
2205,13:11:15,31.12,34238,11,卖盘
2206,13:11:18,31.13,9339,3,中性盘
2207,13:11:21,31.14,115201,37,买盘
2208,13:11:24,31.13,12452,4,卖盘
2209,13:11:27,31.13,133859,43,卖盘
2210,13:11:30,31.13,6226,2,买盘
2211,13:11:33,31.12,90252,29,卖盘
2212,13:11:36,31.12,37344,12,卖盘
2213,13:11:39,31.12,31120,10,卖盘
2214,13:11:42,31.12,21784,7,卖盘
2215,13:11:48,31.12,9336,3,卖盘
2216,13:11:51,31.12,12448,4,卖盘
2217,13:11:54,31.12,40456,13,卖盘
2218,13:12:00,31.13,3113,1,买盘
2219,13:12:03,31.12,121368,39,卖盘
2220,13:12:06,31.12,28008,9,买盘
2221,13:12:09,31.11,6222,2,卖盘
2222,13:12:12,31.12,62240,20,买盘
2223,13:12:15,31.12,130703,42,买盘
2224,13:12:18,31.11,186680,60,卖盘
2225,13:12:21,31.12,3112,1,卖盘
2226,13:12:24,31.12,3112,1,卖盘
2227,13:12:27,31.12,102696,33,卖盘
2228,13:12:33,31.13,31130,10,买盘
2229,13:12:45,31.12,31120,10,卖盘
2230,13:12:48,31.12,332985,107,中性盘
2231,13:12:51,31.12,18672,6,买盘
2232,13:12:54,31.11,34222,11,卖盘
2233,13:12:57,31.12,37344,12,买盘
2234,13:13:00,31.12,3112,1,买盘
2235,13:13:03,31.12,99584,32,买盘
2236,13:13:06,31.11,31110,10,卖盘
2237,13:13:09,31.12,3112,1,买盘
2238,13:13:12,31.12,504203,162,买盘
2239,13:13:18,31.13,34240,11,买盘
2240,13:13:24,31.12,59128,19,卖盘
2241,13:13:30,31.13,62260,20,买盘
2242,13:13:33,31.13,224136,72,买盘
2243,13:13:36,31.13,161876,52,买盘
2244,13:13:39,31.14,6228,2,买盘
2245,13:13:42,31.13,121429,39,卖盘
2246,13:13:45,31.14,84055,27,买盘
2247,13:13:48,31.14,52938,17,买盘
2248,13:13:51,31.14,15570,5,卖盘
2249,13:13:54,31.14,43596,14,卖盘
2250,13:13:57,31.15,594909,191,买盘
2251,13:14:00,31.15,43610,14,买盘
2252,13:14:03,31.15,87220,28,买盘
2253,13:14:12,31.15,77875,25,买盘
2254,13:14:15,31.15,56070,18,买盘
2255,13:14:18,31.15,31150,10,买盘
2256,13:14:21,31.15,121485,39,买盘
2257,13:14:24,31.15,84105,27,买盘
2258,13:14:27,31.15,594965,191,买盘
2259,13:14:30,31.14,59183,19,卖盘
2260,13:14:39,31.16,15580,5,买盘
2261,13:14:42,31.17,3117,1,买盘
2262,13:14:45,31.15,40507,13,卖盘
2263,13:14:57,31.16,6232,2,卖盘
2264,13:15:03,31.15,208705,67,卖盘
2265,13:15:06,31.15,24921,8,卖盘
2266,13:15:09,31.15,24920,8,卖盘
2267,13:15:12,31.15,31150,10,卖盘
2268,13:15:18,31.16,15580,5,买盘
2269,13:15:21,31.16,109060,35,买盘
2270,13:15:27,31.15,311634,100,卖盘
2271,13:15:30,31.14,679060,218,卖盘
2272,13:15:33,31.14,43599,14,卖盘
2273,13:15:36,31.14,43606,14,卖盘
2274,13:15:39,31.15,9345,3,买盘
2275,13:15:45,31.14,239778,77,卖盘
2276,13:15:48,31.14,9342,3,买盘
2277,13:15:51,31.13,59149,19,卖盘
2278,13:15:54,31.12,1108199,356,卖盘
2279,13:15:57,31.12,112032,36,卖盘
2280,13:16:00,31.11,27999,9,卖盘
2281,13:16:06,31.11,96441,31,卖盘
2282,13:16:09,31.12,77784,25,买盘
2283,13:16:12,31.11,547536,176,卖盘
2284,13:16:18,31.11,15555,5,买盘
2285,13:16:21,31.1,674870,217,卖盘
2286,13:16:24,31.09,167936,54,卖盘
2287,13:16:27,31.1,3110,1,买盘
2288,13:16:30,31.09,99488,32,卖盘
2289,13:16:33,31.09,68398,22,卖盘
2290,13:16:36,31.1,6220,2,买盘
2291,13:16:39,31.08,245585,79,卖盘
2292,13:16:42,31.09,432013,139,买盘
2293,13:16:45,31.08,413364,133,卖盘
2294,13:16:48,31.09,186490,60,买盘
2295,13:16:51,31.08,724184,233,卖盘
2296,13:16:54,31.07,31070,10,卖盘
2297,13:17:00,31.06,108710,35,卖盘
2298,13:17:03,31.06,68332,22,买盘
2299,13:17:06,31.04,456356,147,卖盘
2300,13:17:09,31.03,179980,58,卖盘
2301,13:17:12,31.02,58958,19,卖盘
2302,13:17:15,31.02,238836,77,卖盘
2303,13:17:18,31.02,524218,169,买盘
2304,13:17:21,31.02,117847,38,买盘
2305,13:17:24,31.0,809135,261,卖盘
2306,13:17:27,31.0,626213,202,卖盘
2307,13:17:33,30.99,173557,56,卖盘
2308,13:17:36,30.99,43392,14,卖盘
2309,13:17:39,30.98,216881,70,卖盘
2310,13:17:45,30.99,613671,198,买盘
2311,13:17:48,30.99,133244,43,买盘
2312,13:17:51,31.0,173506,56,买盘
2313,13:17:54,31.0,313100,101,买盘
2314,13:17:57,31.0,21697,7,买盘
2315,13:18:00,30.99,77475,25,卖盘
2316,13:18:03,30.99,58881,19,买盘
2317,13:18:06,30.99,247900,80,买盘
2318,13:18:09,30.99,65071,21,买盘
2319,13:18:12,30.99,43386,14,买盘
2320,13:18:15,30.98,235448,76,卖盘
2321,13:18:18,30.99,21693,7,买盘
2322,13:18:21,30.98,9294,3,买盘
2323,13:18:24,30.97,3097,1,卖盘
2324,13:18:27,30.98,15490,5,买盘
2325,13:18:33,30.97,207503,67,卖盘
2326,13:18:36,30.98,3098,1,买盘
2327,13:18:39,30.97,77425,25,卖盘
2328,13:18:42,30.98,99136,32,买盘
2329,13:18:45,30.97,114601,37,卖盘
2330,13:18:48,30.95,541769,175,卖盘
2331,13:18:51,30.97,21679,7,买盘
2332,13:18:54,30.97,74328,24,买盘
2333,13:18:57,30.96,15480,5,卖盘
2334,13:19:03,30.96,24768,8,卖盘
2335,13:19:06,30.95,176488,57,卖盘
2336,13:19:09,30.96,154751,50,买盘
2337,13:19:12,30.96,80496,26,买盘
2338,13:19:15,30.95,130000,42,卖盘
2339,13:19:18,30.95,86667,28,卖盘
2340,13:19:21,30.96,24768,8,买盘
2341,13:19:24,30.96,157849,51,买盘
2342,13:19:27,30.96,49526,16,买盘
2343,13:19:30,30.96,102143,33,买盘
2344,13:19:33,30.95,207365,67,卖盘
2345,13:19:36,30.96,213583,69,买盘
2346,13:19:39,30.96,3096,1,买盘
2347,13:19:42,30.95,6190,2,卖盘
2348,13:19:45,30.96,176458,57,买盘
2349,13:19:48,30.96,99072,32,买盘
2350,13:19:51,30.96,37152,12,买盘
2351,13:19:54,30.95,37141,12,卖盘
2352,13:19:57,30.96,46440,15,买盘
2353,13:20:03,30.96,27860,9,买盘
2354,13:20:06,30.95,216651,70,卖盘
2355,13:20:09,30.95,49521,16,卖盘
2356,13:20:12,30.95,3095,1,卖盘
2357,13:20:15,30.96,219768,71,买盘
2358,13:20:18,30.96,120741,39,买盘
2359,13:20:21,30.96,3096,1,买盘
2360,13:20:24,30.96,52627,17,买盘
2361,13:20:27,30.96,12384,4,买盘
2362,13:20:30,30.96,89784,29,买盘
2363,13:20:33,30.96,55728,18,卖盘
2364,13:20:42,30.96,21672,7,卖盘
2365,13:20:45,30.96,3096,1,卖盘
2366,13:20:48,30.96,9288,3,卖盘
2367,13:20:51,30.96,30960,10,卖盘
2368,13:20:54,30.96,40259,13,卖盘
2369,13:20:57,30.96,21672,7,卖盘
2370,13:21:06,30.96,18580,6,卖盘
2371,13:21:09,30.97,356072,115,买盘
2372,13:21:12,30.97,18582,6,买盘
2373,13:21:15,30.97,467641,151,买盘
2374,13:21:18,30.96,40259,13,卖盘
2375,13:21:21,30.97,294205,95,买盘
2376,13:21:24,30.97,18582,6,买盘
2377,13:21:30,30.97,30972,10,卖盘
2378,13:21:33,30.98,46481,15,卖盘
2379,13:21:36,30.98,15490,5,买盘
2380,13:21:39,30.98,27882,9,买盘
2381,13:21:48,30.98,52666,17,买盘
2382,13:21:51,30.97,161048,52,卖盘
2383,13:21:54,30.98,71254,23,买盘
2384,13:21:57,30.98,154852,50,买盘
2385,13:22:00,30.96,99095,32,卖盘
2386,13:22:03,30.98,74348,24,买盘
2387,13:22:06,30.96,9288,3,卖盘
2388,13:22:09,30.96,126966,41,卖盘
2389,13:22:12,30.97,3097,1,中性盘
2390,13:22:15,30.96,52635,17,卖盘
2391,13:22:18,30.97,12389,4,中性盘
2392,13:22:21,30.98,21686,7,买盘
2393,13:22:24,30.98,191954,62,买盘
2394,13:22:30,30.98,89832,29,买盘
2395,13:22:33,30.95,275526,89,卖盘
2396,13:22:36,30.96,179520,58,买盘
2397,13:22:39,30.95,86679,28,卖盘
2398,13:22:42,30.9,10607188,3432,卖盘
2399,13:22:45,30.88,2124833,688,卖盘
2400,13:22:48,30.88,370560,120,卖盘
2401,13:22:51,30.89,265553,86,买盘
2402,13:22:54,30.88,311909,101,买盘
2403,13:22:57,30.87,358093,116,卖盘
2404,13:23:00,30.87,330309,107,卖盘
2405,13:23:03,30.86,21607,7,卖盘
2406,13:23:06,30.86,1351555,438,卖盘
2407,13:23:09,30.86,37032,12,卖盘
2408,13:23:12,30.86,182040,59,买盘
2409,13:23:15,30.86,829934,269,买盘
2410,13:23:18,30.85,876194,284,卖盘
2411,13:23:21,30.84,4844068,1571,卖盘
2412,13:23:24,30.85,305355,99,买盘
2413,13:23:27,30.85,404131,131,买盘
2414,13:23:30,30.85,234347,76,买盘
2415,13:23:33,30.83,404043,131,卖盘
2416,13:23:36,30.83,339106,110,买盘
2417,13:23:39,30.83,810566,263,买盘
2418,13:23:42,30.83,345220,112,卖盘
2419,13:23:45,30.85,573354,186,买盘
2420,13:23:48,30.83,672100,218,卖盘
2421,13:23:51,30.83,1780992,578,买盘
2422,13:23:54,30.83,89407,29,买盘
2423,13:23:57,30.83,147944,48,买盘
2424,13:24:00,30.82,699495,227,卖盘
2425,13:24:03,30.81,151015,49,卖盘
2426,13:24:06,30.82,86290,28,买盘
2427,13:24:09,30.81,631630,205,卖盘
2428,13:24:12,30.8,366664,119,卖盘
2429,13:24:15,30.81,320432,104,买盘
2430,13:24:18,30.8,1808104,587,卖盘
2431,13:24:21,30.81,4644738,1508,买盘
2432,13:24:24,30.8,1105763,359,卖盘
2433,13:24:27,30.8,6255311,2031,卖盘
2434,13:24:30,30.8,193938,63,买盘
2435,13:24:33,30.8,784948,255,买盘
2436,13:24:36,30.8,335678,109,买盘
2437,13:24:39,30.78,298602,97,卖盘
2438,13:24:42,30.78,132354,43,买盘
2439,13:24:45,30.78,2605979,847,买盘
2440,13:24:48,30.77,70765,23,中性盘
2441,13:24:51,30.77,332356,108,买盘
2442,13:24:54,30.76,781296,254,卖盘
2443,13:24:57,30.76,461336,150,买盘
2444,13:25:00,30.75,1122362,365,卖盘
2445,13:25:03,30.75,33823,11,买盘
2446,13:25:06,30.75,313630,102,买盘
2447,13:25:09,30.75,734728,239,买盘
2448,13:25:12,30.74,1340661,436,卖盘
2449,13:25:15,30.74,310524,101,卖盘
2450,13:25:18,30.74,365815,119,卖盘
2451,13:25:21,30.75,248992,81,买盘
2452,13:25:24,30.74,215193,70,中性盘
2453,13:25:27,30.75,882176,287,买盘
2454,13:25:30,30.74,249040,81,卖盘
2455,13:25:33,30.74,285944,93,卖盘
2456,13:25:36,30.76,258231,84,买盘
2457,13:25:39,30.76,301289,98,买盘
2458,13:25:42,30.77,184567,60,买盘
2459,13:25:45,30.75,541335,176,卖盘
2460,13:25:48,30.77,119981,39,买盘
2461,13:25:51,30.76,375285,122,卖盘
2462,13:25:54,30.76,375272,122,买盘
2463,13:25:57,30.76,172244,56,买盘
2464,13:26:00,30.76,116888,38,买盘
2465,13:26:03,30.76,842768,274,买盘
2466,13:26:06,30.76,464375,151,买盘
2467,13:26:09,30.76,116888,38,买盘
2468,13:26:12,30.76,304455,99,买盘
2469,13:26:15,30.74,2106105,685,卖盘
2470,13:26:18,30.75,934382,304,买盘
2471,13:26:21,30.73,365727,119,卖盘
2472,13:26:24,30.73,808296,263,卖盘
2473,13:26:27,30.73,371916,121,卖盘
2474,13:26:30,30.75,6150,2,买盘
2475,13:26:36,30.74,316646,103,卖盘
2476,13:26:39,30.74,270593,88,卖盘
2477,13:26:42,30.75,285885,93,买盘
2478,13:26:45,30.75,15375,5,卖盘
2479,13:26:48,30.76,67672,22,买盘
2480,13:26:51,30.76,159947,52,买盘
2481,13:26:54,30.75,888678,289,卖盘
2482,13:26:57,30.75,479700,156,买盘
2483,13:27:00,30.75,1681731,547,买盘
2484,13:27:03,30.75,596495,194,买盘
2485,13:27:06,30.75,495011,161,买盘
2486,13:27:09,30.77,369015,120,买盘
2487,13:27:12,30.77,30764,10,买盘
2488,13:27:15,30.77,6154,2,买盘
2489,13:27:18,30.77,633824,206,买盘
2490,13:27:21,30.77,292288,95,买盘
2491,13:27:24,30.78,18468,6,买盘
2492,13:27:27,30.78,40014,13,买盘
2493,13:27:30,30.77,83101,27,卖盘
2494,13:27:33,30.78,36320,12,买盘
2495,13:27:36,30.77,446297,145,卖盘
2496,13:27:39,30.8,61583,20,买盘
2497,13:27:42,30.8,209412,68,买盘
2498,13:27:45,30.8,95486,31,卖盘
2499,13:27:48,30.8,363466,118,卖盘
2500,13:27:51,30.8,206364,67,买盘
2501,13:27:54,30.79,113952,37,卖盘
2502,13:27:57,30.8,129347,42,买盘
2503,13:28:00,30.8,58510,19,买盘
2504,13:28:03,30.8,286413,93,买盘
2505,13:28:06,30.8,600599,195,卖盘
2506,13:28:09,30.8,234054,76,买盘
2507,13:28:12,30.79,874759,284,卖盘
2508,13:28:15,30.81,548054,178,买盘
2509,13:28:18,30.8,397320,129,卖盘
2510,13:28:21,30.81,92418,30,买盘
2511,13:28:24,30.81,55450,18,买盘
2512,13:28:27,30.81,428248,139,买盘
2513,13:28:30,30.81,98592,32,买盘
2514,13:28:33,30.81,83187,27,买盘
2515,13:28:36,30.81,67776,22,买盘
2516,13:28:39,30.81,58539,19,买盘
2517,13:28:42,30.8,92427,30,卖盘
2518,13:28:45,30.82,30818,10,买盘
2519,13:28:48,30.82,9244,3,买盘
2520,13:28:51,30.82,40066,13,买盘
2521,13:28:54,30.83,24664,8,买盘
2522,13:28:57,30.83,135652,44,买盘
2523,13:29:00,30.83,188061,61,买盘
2524,13:29:03,30.82,292882,95,卖盘
2525,13:29:06,30.83,228142,74,买盘
2526,13:29:12,30.85,30842,10,买盘
2527,13:29:18,30.84,768097,249,卖盘
2528,13:29:21,30.85,64785,21,买盘
2529,13:29:24,30.84,64768,21,卖盘
2530,13:29:27,30.85,43177,14,买盘
2531,13:29:30,30.85,144995,47,买盘
2532,13:29:36,30.86,163636,53,卖盘
2533,13:29:39,30.85,21597,7,卖盘
2534,13:29:42,30.87,30855,10,中性盘
2535,13:29:45,30.86,648147,210,卖盘
2536,13:29:48,30.87,37034,12,买盘
2537,13:29:51,30.86,302523,98,卖盘
2538,13:29:54,30.86,18516,6,卖盘
2539,13:29:57,30.86,40118,13,卖盘
2540,13:30:00,30.87,237686,77,买盘
2541,13:30:03,30.87,123464,40,中性盘
2542,13:30:06,30.87,37044,12,卖盘
2543,13:30:09,30.87,30870,10,卖盘
2544,13:30:12,30.87,55566,18,卖盘
2545,13:30:15,30.87,30876,10,卖盘
2546,13:30:18,30.87,77185,25,卖盘
2547,13:30:21,30.87,142022,46,卖盘
2548,13:30:24,30.87,55570,18,卖盘
2549,13:30:27,30.87,52481,17,卖盘
2550,13:30:30,30.87,108066,35,卖盘
2551,13:30:33,30.87,117307,38,卖盘
2552,13:30:36,30.87,21609,7,买盘
2553,13:30:42,30.87,3087,1,买盘
2554,13:30:45,30.87,46295,15,买盘
2555,13:30:48,30.87,330268,107,买盘
2556,13:30:51,30.87,67914,22,买盘
2557,13:30:54,30.87,395052,128,买盘
2558,13:30:57,30.85,108008,35,卖盘
2559,13:31:03,30.86,18517,6,买盘
2560,13:31:09,30.86,6172,2,卖盘
2561,13:31:12,30.87,12348,4,买盘
2562,13:31:18,30.87,9261,3,买盘
2563,13:31:21,30.87,77175,25,买盘
2564,13:31:24,30.87,30870,10,买盘
2565,13:31:27,30.86,283945,92,卖盘
2566,13:31:30,30.86,459814,149,买盘
2567,13:31:33,30.86,40108,13,买盘
2568,13:31:36,30.86,814452,264,买盘
2569,13:31:39,30.85,376384,122,卖盘
2570,13:31:42,30.85,231375,75,买盘
2571,13:31:48,30.85,240570,78,买盘
2572,13:31:51,30.85,212802,69,买盘
2573,13:31:54,30.85,219034,71,买盘
2574,13:31:57,30.85,55520,18,买盘
2575,13:32:00,30.85,166590,54,卖盘
2576,13:32:03,30.86,6172,2,买盘
2577,13:32:06,30.84,950171,308,卖盘
2578,13:32:09,30.84,12336,4,买盘
2579,13:32:12,30.84,292978,95,买盘
2580,13:32:15,30.83,919018,298,卖盘
2581,13:32:18,30.86,1680936,545,买盘
2582,13:32:21,30.88,6176,2,买盘
2583,13:32:24,30.84,326942,106,卖盘
2584,13:32:30,30.88,52507,17,买盘
2585,13:32:33,30.88,9264,3,卖盘
2586,13:32:36,30.88,24704,8,卖盘
2587,13:32:39,30.87,21609,7,卖盘
2588,13:32:42,30.88,30873,10,买盘
2589,13:32:45,30.88,27784,9,买盘
2590,13:32:48,30.86,83328,27,卖盘
2591,13:32:51,30.87,21606,7,买盘
2592,13:32:54,30.87,46305,15,买盘
2593,13:32:57,30.86,37032,12,卖盘
2594,13:33:03,30.87,157399,51,买盘
2595,13:33:06,30.84,607631,197,卖盘
2596,13:33:12,30.84,49343,16,买盘
2597,13:33:15,30.84,49333,16,买盘
2598,13:33:18,30.84,40090,13,买盘
2599,13:33:21,30.82,715294,232,卖盘
2600,13:33:24,30.83,27747,9,买盘
2601,13:33:27,30.83,107903,35,买盘
2602,13:33:30,30.83,6166,2,买盘
2603,13:33:33,30.82,169511,55,卖盘
2604,13:33:36,30.82,403772,131,卖盘
2605,13:33:39,30.82,58558,19,卖盘
2606,13:33:42,30.81,15408,5,卖盘
2607,13:33:45,30.81,21572,7,卖盘
2608,13:33:48,30.81,21567,7,卖盘
2609,13:33:51,30.82,872147,283,买盘
2610,13:33:54,30.81,271138,88,卖盘
2611,13:33:57,30.82,12328,4,卖盘
2612,13:34:03,30.81,215764,70,卖盘
2613,13:34:06,30.82,3082,1,买盘
2614,13:34:09,30.82,3082,1,买盘
2615,13:34:12,30.82,3082,1,卖盘
2616,13:34:15,30.83,366719,119,买盘
2617,13:34:18,30.82,104802,34,中性盘
2618,13:34:21,30.82,36984,12,卖盘
2619,13:34:24,30.82,443808,144,卖盘
2620,13:34:27,30.81,33891,11,卖盘
2621,13:34:30,30.81,166378,54,卖盘
2622,13:34:33,30.82,64722,21,买盘
2623,13:34:36,30.82,15410,5,买盘
2624,13:34:39,30.81,67812,22,卖盘
2625,13:34:45,30.82,15410,5,卖盘
2626,13:34:48,30.81,114024,37,卖盘
2627,13:34:51,30.82,27738,9,卖盘
2628,13:34:54,30.82,6164,2,买盘
2629,13:34:57,30.82,6164,2,买盘
2630,13:35:00,30.82,49312,16,买盘
2631,13:35:03,30.81,40065,13,卖盘
2632,13:35:06,30.81,9245,3,卖盘
2633,13:35:09,30.82,46230,15,买盘
2634,13:35:15,30.82,67804,22,买盘
2635,13:35:18,30.82,258830,84,卖盘
2636,13:35:21,30.82,49312,16,买盘
2637,13:35:24,30.82,58558,19,卖盘
2638,13:35:27,30.82,462394,150,买盘
2639,13:35:30,30.82,33902,11,买盘
2640,13:35:33,30.82,3082,1,买盘
2641,13:35:36,30.82,342039,111,买盘
2642,13:35:39,30.82,98624,32,买盘
2643,13:35:45,30.82,163346,53,买盘
2644,13:35:48,30.81,271137,88,卖盘
2645,13:35:51,30.82,6164,2,买盘
2646,13:35:54,30.82,6164,2,买盘
2647,13:35:57,30.82,21574,7,买盘
2648,13:36:00,30.82,326688,106,买盘
2649,13:36:09,30.81,30816,10,卖盘
2650,13:36:12,30.83,89407,29,买盘
2651,13:36:15,30.83,36996,12,卖盘
2652,13:36:18,30.83,3083,1,卖盘
2653,13:36:21,30.83,92490,30,卖盘
2654,13:36:27,30.84,9252,3,买盘
2655,13:36:30,30.84,3084,1,买盘
2656,13:36:33,30.83,3083,1,卖盘
2657,13:36:36,30.83,24665,8,卖盘
2658,13:36:39,30.83,74012,24,卖盘
2659,13:36:42,30.84,147994,48,买盘
2660,13:36:45,30.83,55494,18,卖盘
2661,13:36:48,30.83,55504,18,卖盘
2662,13:36:51,30.84,52428,17,买盘
2663,13:36:54,30.84,311484,101,买盘
2664,13:36:57,30.83,6167,2,卖盘
2665,13:37:00,30.83,12332,4,卖盘
2666,13:37:03,30.84,83268,27,买盘
2667,13:37:06,30.84,138750,45,买盘
2668,13:37:09,30.83,43164,14,卖盘
2669,13:37:12,30.84,120274,39,买盘
2670,13:37:15,30.84,61680,20,买盘
2671,13:37:18,30.83,203491,66,卖盘
2672,13:37:21,30.84,15420,5,买盘
2673,13:37:24,30.84,197376,64,买盘
2674,13:37:27,30.83,308300,100,卖盘
2675,13:37:30,30.84,271342,88,买盘
2676,13:37:33,30.84,52428,17,买盘
2677,13:37:39,30.83,24664,8,卖盘
2678,13:37:42,30.84,3084,1,买盘
2679,13:37:45,30.84,9252,3,买盘
2680,13:37:48,30.84,70932,23,买盘
2681,13:37:51,30.84,3084,1,买盘
2682,13:37:54,30.83,6166,2,卖盘
2683,13:38:03,30.84,200460,65,买盘
2684,13:38:06,30.84,333080,108,卖盘
2685,13:38:12,30.84,178872,58,卖盘
2686,13:38:15,30.85,360832,117,买盘
2687,13:38:18,30.85,499611,162,买盘
2688,13:38:21,30.84,37012,12,卖盘
2689,13:38:24,30.84,564373,183,卖盘
2690,13:38:27,30.84,15418,5,买盘
2691,13:38:30,30.84,33924,11,买盘
2692,13:38:33,30.84,12336,4,买盘
2693,13:38:39,30.85,18508,6,买盘
2694,13:38:42,30.85,6170,2,买盘
2695,13:38:45,30.84,24674,8,卖盘
2696,13:38:48,30.85,24680,8,买盘
2697,13:38:54,30.85,6170,2,买盘
2698,13:38:57,30.85,3085,1,买盘
2699,13:39:00,30.85,6170,2,买盘
2700,13:39:03,30.84,21591,7,卖盘
2701,13:39:06,30.85,95619,31,买盘
2702,13:39:09,30.85,15424,5,买盘
2703,13:39:12,30.84,1079403,350,卖盘
2704,13:39:15,30.83,15415,5,卖盘
2705,13:39:18,30.83,709091,230,卖盘
2706,13:39:21,30.83,15415,5,买盘
2707,13:39:24,30.83,15414,5,买盘
2708,13:39:27,30.82,514694,167,卖盘
2709,13:39:30,30.82,33897,11,买盘
2710,13:39:33,30.82,49309,16,买盘
2711,13:39:36,30.81,21570,7,卖盘
2712,13:39:39,30.81,18486,6,卖盘
2713,13:39:42,30.81,40063,13,卖盘
2714,13:39:45,30.81,73965,24,卖盘
2715,13:39:48,30.8,958188,311,卖盘
2716,13:39:51,30.8,70854,23,卖盘
2717,13:39:54,30.8,1130361,367,卖盘
2718,13:39:57,30.8,563642,183,卖盘
2719,13:40:00,30.8,154000,50,卖盘
2720,13:40:03,30.8,212581,69,卖盘
2721,13:40:06,30.8,1256640,408,卖盘
2722,13:40:09,30.8,1142734,371,卖盘
2723,13:40:12,30.8,9240,3,卖盘
2724,13:40:15,30.8,33880,11,卖盘
2725,13:40:18,30.8,117040,38,卖盘
2726,13:40:21,30.8,363440,118,卖盘
2727,13:40:24,30.79,1749400,568,卖盘
2728,13:40:27,30.79,3079,1,卖盘
2729,13:40:30,30.81,400466,130,买盘
2730,13:40:33,30.8,64680,21,卖盘
2731,13:40:36,30.8,163200,53,买盘
2732,13:40:39,30.8,3080,1,买盘
2733,13:40:42,30.8,15400,5,买盘
2734,13:40:45,30.79,541904,176,卖盘
2735,13:40:48,30.79,310978,101,买盘
2736,13:40:51,30.78,107757,35,卖盘
2737,13:40:54,30.78,831085,270,卖盘
2738,13:40:57,30.78,92343,30,卖盘
2739,13:41:00,30.79,36941,12,买盘
2740,13:41:03,30.78,73882,24,卖盘
2741,13:41:06,30.78,166212,54,卖盘
2742,13:41:12,30.79,92370,30,买盘
2743,13:41:15,30.78,729486,237,卖盘
2744,13:41:18,30.78,43091,14,买盘
2745,13:41:21,30.77,203090,66,卖盘
2746,13:41:24,30.78,218472,71,买盘
2747,13:41:27,30.77,299084,97,卖盘
2748,13:41:30,30.77,3077,1,买盘
2749,13:41:33,30.77,9231,3,买盘
2750,13:41:36,30.77,6154,2,买盘
2751,13:41:39,30.76,15380,5,卖盘
2752,13:41:42,30.77,80002,26,买盘
2753,13:41:45,30.76,79976,26,卖盘
2754,13:41:48,30.77,172305,56,买盘
2755,13:41:51,30.77,190717,62,买盘
2756,13:41:54,30.76,581418,189,卖盘
2757,13:41:57,30.76,307570,100,买盘
2758,13:42:00,30.75,476678,155,卖盘
2759,13:42:03,30.75,86100,28,卖盘
2760,13:42:06,30.75,1537503,500,卖盘
2761,13:42:09,30.77,24609,8,买盘
2762,13:42:12,30.76,36914,12,中性盘
2763,13:42:15,30.76,95355,31,卖盘
2764,13:42:18,30.76,18456,6,中性盘
2765,13:42:21,30.76,64588,21,买盘
2766,13:42:24,30.75,184510,60,卖盘
2767,13:42:27,30.76,24608,8,买盘
2768,13:42:33,30.75,178369,58,卖盘
2769,13:42:39,30.76,119987,39,卖盘
2770,13:42:42,30.76,532148,173,卖盘
2771,13:42:45,30.76,36914,12,买盘
2772,13:42:48,30.78,384010,125,买盘
2773,13:42:51,30.76,397021,129,卖盘
2774,13:42:54,30.75,270619,88,卖盘
2775,13:42:57,30.79,153950,50,买盘
2776,13:43:00,30.79,15395,5,买盘
2777,13:43:09,30.79,157029,51,买盘
2778,13:43:12,30.8,618988,201,买盘
2779,13:43:15,30.78,86211,28,卖盘
2780,13:43:18,30.8,234080,76,买盘
2781,13:43:21,30.8,89320,29,卖盘
2782,13:43:24,30.8,12320,4,卖盘
2783,13:43:27,30.81,12323,4,买盘
2784,13:43:30,30.81,6162,2,买盘
2785,13:43:33,30.81,9243,3,买盘
2786,13:43:36,30.8,98560,32,卖盘
2787,13:43:39,30.8,9240,3,买盘
2788,13:43:42,30.79,113933,37,卖盘
2789,13:43:45,30.79,12316,4,买盘
2790,13:43:48,30.79,30790,10,买盘
2791,13:43:51,30.78,332401,108,卖盘
2792,13:43:54,30.78,43092,14,买盘
2793,13:43:57,30.78,153900,50,买盘
2794,13:44:00,30.78,107730,35,买盘
2795,13:44:09,30.78,33858,11,卖盘
2796,13:44:12,30.79,36938,12,买盘
2797,13:44:18,30.79,6158,2,买盘
2798,13:44:21,30.78,33858,11,卖盘
2799,13:44:24,30.78,104653,34,卖盘
2800,13:44:27,30.79,3079,1,买盘
2801,13:44:33,30.78,24624,8,卖盘
2802,13:44:39,30.79,30790,10,买盘
2803,13:44:42,30.76,1362990,443,卖盘
2804,13:44:45,30.76,6152,2,买盘
2805,13:44:48,30.76,36905,12,买盘
2806,13:44:51,30.76,70741,23,买盘
2807,13:44:54,30.76,249105,81,买盘
2808,13:44:57,30.76,12304,4,买盘
2809,13:45:00,30.76,21532,7,买盘
2810,13:45:03,30.76,187632,61,买盘
2811,13:45:06,30.76,70744,23,买盘
2812,13:45:09,30.75,206026,67,卖盘
2813,13:45:12,30.76,61516,20,买盘
2814,13:45:15,30.75,559657,182,卖盘
2815,13:45:18,30.76,3076,1,中性盘
2816,13:45:21,30.77,605786,197,买盘
2817,13:45:24,30.77,162992,53,买盘
2818,13:45:27,30.77,599463,195,买盘
2819,13:45:30,30.74,89152,29,卖盘
2820,13:45:33,30.74,488801,159,卖盘
2821,13:45:36,30.74,288966,94,卖盘
2822,13:45:39,30.75,387224,126,买盘
2823,13:45:42,30.74,571630,186,买盘
2824,13:45:45,30.74,270472,88,买盘
2825,13:45:48,30.74,101428,33,买盘
2826,13:45:51,30.74,725241,236,买盘
2827,13:45:54,30.74,251992,82,买盘
2828,13:45:57,30.74,181352,59,买盘
2829,13:46:00,30.74,1137068,370,买盘
2830,13:46:03,30.74,374920,122,买盘
2831,13:46:06,30.74,67607,22,买盘
2832,13:46:09,30.73,338683,110,卖盘
2833,13:46:12,30.73,181268,59,买盘
2834,13:46:15,30.74,172098,56,买盘
2835,13:46:18,30.72,227355,74,卖盘
2836,13:46:21,30.73,79899,26,卖盘
2837,13:46:24,30.74,67624,22,买盘
2838,13:46:27,30.74,24587,8,买盘
2839,13:46:30,30.74,183805,60,买盘
2840,13:46:33,30.74,49184,16,卖盘
2841,13:46:36,30.74,335165,109,卖盘
2842,13:46:39,30.74,144479,47,卖盘
2843,13:46:42,30.75,89166,29,买盘
2844,13:46:45,30.74,79937,26,卖盘
2845,13:46:48,30.75,2058663,670,买盘
2846,13:46:51,30.75,2116694,689,买盘
2847,13:46:54,30.75,49200,16,买盘
2848,13:46:57,30.72,188078,61,卖盘
2849,13:47:00,30.72,350195,114,买盘
2850,13:47:03,30.72,132070,43,买盘
2851,13:47:06,30.72,230392,75,买盘
2852,13:47:09,30.72,614386,200,买盘
2853,13:47:12,30.72,629719,205,买盘
2854,13:47:15,30.71,8112328,2642,卖盘
2855,13:47:18,30.71,1888122,615,买盘
2856,13:47:21,30.71,405275,132,买盘
2857,13:47:24,30.71,245607,80,买盘
2858,13:47:27,30.71,1728441,563,卖盘
2859,13:47:30,30.71,386826,126,买盘
2860,13:47:33,30.7,460446,150,卖盘
2861,13:47:36,30.71,282424,92,买盘
2862,13:47:39,30.71,476005,155,卖盘
2863,13:47:42,30.69,408385,133,卖盘
2864,13:47:45,30.7,55265,18,中性盘
2865,13:47:48,30.69,184169,60,卖盘
2866,13:47:51,30.71,61403,20,买盘
2867,13:47:54,30.72,221118,72,买盘
2868,13:47:57,30.7,15350,5,卖盘
2869,13:48:00,30.7,79820,26,卖盘
2870,13:48:03,30.7,273166,89,买盘
2871,13:48:06,30.69,98221,32,卖盘
2872,13:48:09,30.7,214898,70,买盘
2873,13:48:12,30.7,650892,212,卖盘
2874,13:48:15,30.7,454360,148,卖盘
2875,13:48:18,30.71,156571,51,买盘
2876,13:48:21,30.71,27631,9,买盘
2877,13:48:24,30.7,113594,37,卖盘
2878,13:48:27,30.7,239509,78,卖盘
2879,13:48:30,30.71,85972,28,买盘
2880,13:48:33,30.69,1120283,365,卖盘
2881,13:48:36,30.7,125853,41,卖盘
2882,13:48:39,30.7,300768,98,买盘
2883,13:48:42,30.7,107415,35,买盘
2884,13:48:45,30.69,76730,25,卖盘
2885,13:48:48,30.7,214855,70,买盘
2886,13:48:51,30.68,242461,79,卖盘
2887,13:48:54,30.69,242428,79,中性盘
2888,13:48:57,30.7,202590,66,买盘
2889,13:49:00,30.7,743140,242,卖盘
2890,13:49:03,30.7,52190,17,卖盘
2891,13:49:06,30.72,641516,209,买盘
2892,13:49:09,30.72,371418,121,买盘
2893,13:49:12,30.72,408326,133,买盘
2894,13:49:15,30.69,245537,80,卖盘
2895,13:49:18,30.72,110541,36,买盘
2896,13:49:21,30.7,33770,11,卖盘
2897,13:49:24,30.7,138171,45,卖盘
2898,13:49:27,30.71,52192,17,买盘
2899,13:49:30,30.7,291594,95,卖盘
2900,13:49:33,30.7,76737,25,卖盘
2901,13:49:36,30.71,76770,25,买盘
2902,13:49:39,30.7,178060,58,卖盘
2903,13:49:42,30.71,49122,16,买盘
2904,13:49:45,30.71,776761,253,买盘
2905,13:49:48,30.71,190323,62,买盘
2906,13:49:51,30.71,73680,24,买盘
2907,13:49:54,30.71,27633,9,买盘
2908,13:49:57,30.71,334692,109,买盘
2909,13:50:00,30.71,70591,23,买盘
2910,13:50:03,30.7,181127,59,卖盘
2911,13:50:06,30.7,85946,28,买盘
2912,13:50:09,30.69,239382,78,卖盘
2913,13:50:12,30.7,122772,40,买盘
2914,13:50:15,30.7,55253,18,买盘
2915,13:50:18,30.69,224084,73,卖盘
2916,13:50:21,30.7,589306,192,买盘
2917,13:50:24,30.7,343791,112,卖盘
2918,13:50:27,30.7,104364,34,卖盘
2919,13:50:30,30.71,1332405,434,买盘
2920,13:50:33,30.69,742701,242,卖盘
2921,13:50:36,30.69,1043161,340,卖盘
2922,13:50:39,30.69,2221244,724,买盘
2923,13:50:42,30.69,1368249,446,买盘
2924,13:50:45,30.7,769992,251,买盘
2925,13:50:48,30.68,242437,79,卖盘
2926,13:50:51,30.68,432564,141,买盘
2927,13:50:54,30.68,131894,43,买盘
2928,13:50:57,30.67,18402,6,卖盘
2929,13:51:00,30.67,435549,142,卖盘
2930,13:51:03,30.66,119584,39,卖盘
2931,13:51:06,30.68,125766,41,买盘
2932,13:51:09,30.66,1260165,411,卖盘
2933,13:51:12,30.66,380097,124,买盘
2934,13:51:15,30.66,383142,125,买盘
2935,13:51:18,30.66,122612,40,买盘
2936,13:51:21,30.65,1232362,402,卖盘
2937,13:51:24,30.66,153233,50,买盘
2938,13:51:27,30.66,1189611,388,买盘
2939,13:51:30,30.65,456752,149,卖盘
2940,13:51:33,30.66,257554,84,卖盘
2941,13:51:36,30.66,398580,130,卖盘
2942,13:51:39,30.66,481328,157,中性盘
2943,13:51:42,30.65,478243,156,卖盘
2944,13:51:45,30.65,288079,94,买盘
2945,13:51:48,30.65,140963,46,买盘
2946,13:51:51,30.65,950182,310,买盘
2947,13:51:54,30.66,330950,108,中性盘
2948,13:51:57,30.68,248273,81,买盘
2949,13:52:00,30.61,2496133,815,卖盘
2950,13:52:03,30.66,70518,23,中性盘
2951,13:52:06,30.66,12261,4,买盘
2952,13:52:09,30.67,110412,36,买盘
2953,13:52:12,30.67,343451,112,卖盘
2954,13:52:15,30.66,113454,37,卖盘
2955,13:52:18,30.65,1111961,363,卖盘
2956,13:52:21,30.63,220561,72,中性盘
2957,13:52:24,30.65,52075,17,买盘
2958,13:52:27,30.64,42903,14,卖盘
2959,13:52:30,30.64,88873,29,卖盘
2960,13:52:33,30.62,36752,12,卖盘
2961,13:52:36,30.64,52078,17,买盘
2962,13:52:39,30.63,76575,25,卖盘
2963,13:52:42,30.62,2101116,686,卖盘
2964,13:52:45,30.62,569387,186,买盘
2965,13:52:48,30.61,140821,46,卖盘
2966,13:52:51,30.61,266314,87,卖盘
2967,13:52:54,30.62,330654,108,买盘
2968,13:52:57,30.62,590820,193,买盘
2969,13:53:00,30.62,373509,122,买盘
2970,13:53:03,30.62,367335,120,买盘
2971,13:53:06,30.62,140815,46,买盘
2972,13:53:09,30.61,300020,98,卖盘
2973,13:53:12,30.6,575468,188,卖盘
2974,13:53:15,30.61,1508634,493,买盘
2975,13:53:18,30.61,321301,105,买盘
2976,13:53:21,30.61,208128,68,买盘
2977,13:53:24,30.61,1022064,334,买盘
2978,13:53:27,30.6,394768,129,卖盘
2979,13:53:30,30.61,679369,222,买盘
2980,13:53:33,30.6,2380694,778,卖盘
2981,13:53:36,30.6,838497,274,卖盘
2982,13:53:39,30.6,211091,69,买盘
2983,13:53:42,30.6,131569,43,买盘
2984,13:53:45,30.6,299868,98,买盘
2985,13:53:48,30.6,1031001,337,买盘
2986,13:53:51,30.61,388501,127,买盘
2987,13:53:54,30.61,2021918,661,买盘
2988,13:53:57,30.59,367072,120,中性盘
2989,13:54:00,30.61,379231,124,买盘
2990,13:54:03,30.58,366874,120,卖盘
2991,13:54:06,30.58,204870,67,卖盘
2992,13:54:09,30.58,520012,170,卖盘
2993,13:54:12,30.58,535045,175,买盘
2994,13:54:15,30.58,642114,210,买盘
2995,13:54:18,30.58,247614,81,买盘
2996,13:54:21,30.57,232350,76,卖盘
2997,13:54:24,30.57,165063,54,买盘
2998,13:54:27,30.57,51959,17,买盘
2999,13:54:30,30.56,122245,40,卖盘
3000,13:54:33,30.56,806795,264,卖盘
3001,13:54:36,30.56,776170,254,买盘
3002,13:54:39,30.56,467405,153,买盘
3003,13:54:42,30.55,311571,102,买盘
3004,13:54:45,30.55,1032576,338,买盘
3005,13:54:48,30.57,168071,55,买盘
3006,13:54:51,30.56,932202,305,中性盘
3007,13:54:54,30.55,717971,235,卖盘
3008,13:54:57,30.56,1828881,599,中性盘
3009,13:55:00,30.56,116128,38,买盘
3010,13:55:03,30.56,537842,176,中性盘
3011,13:55:06,30.55,180296,59,卖盘
3012,13:55:09,30.55,88602,29,卖盘
3013,13:55:12,30.55,103868,34,卖盘
3014,13:55:15,30.55,406301,133,买盘
3015,13:55:18,30.52,287086,94,卖盘
3016,13:55:21,30.55,268735,88,买盘
3017,13:55:24,30.52,228929,75,卖盘
3018,13:55:27,30.52,183090,60,买盘
3019,13:55:30,30.52,125109,41,买盘
3020,13:55:33,30.53,73260,24,买盘
3021,13:55:36,30.52,210623,69,卖盘
3022,13:55:39,30.52,781332,256,卖盘
3023,13:55:42,30.52,308279,101,中性盘
3024,13:55:45,30.52,1168993,383,买盘
3025,13:55:48,30.55,537336,176,买盘
3026,13:55:51,30.51,454768,149,卖盘
3027,13:55:54,30.55,1566129,513,买盘
3028,13:55:57,30.54,1605058,526,买盘
3029,13:56:00,30.52,357277,117,中性盘
3030,13:56:03,30.51,222732,73,卖盘
3031,13:56:06,30.55,335899,110,买盘
3032,13:56:09,30.52,296121,97,卖盘
3033,13:56:12,30.55,241363,79,中性盘
3034,13:56:15,30.56,195672,64,中性盘
3035,13:56:18,30.58,149879,49,买盘
3036,13:56:21,30.6,214200,70,买盘
3037,13:56:24,30.58,91740,30,卖盘
3038,13:56:27,30.62,1123499,367,买盘
3039,13:56:30,30.61,6122,2,卖盘
3040,13:56:33,30.58,829023,271,卖盘
3041,13:56:36,30.63,171764,56,买盘
3042,13:56:39,30.68,6136,2,买盘
3043,13:56:42,30.67,9201,3,买盘
3044,13:56:45,30.67,82809,27,买盘
3045,13:56:48,30.68,214725,70,买盘
3046,13:56:51,30.63,85882,28,卖盘
3047,13:56:54,30.68,30677,10,买盘
3048,13:56:57,30.63,435344,142,卖盘
3049,13:57:00,30.68,101244,33,买盘
3050,13:57:03,30.7,61393,20,买盘
3051,13:57:06,30.69,82863,27,买盘
3052,13:57:09,30.68,223988,73,卖盘
3053,13:57:12,30.69,122760,40,买盘
3054,13:57:15,30.69,76725,25,买盘
3055,13:57:18,30.69,156519,51,买盘
3056,13:57:27,30.69,460480,150,卖盘
3057,13:57:30,30.7,15349,5,买盘
3058,13:57:33,30.7,15350,5,买盘
3059,13:57:36,30.69,92087,30,卖盘
3060,13:57:39,30.7,58330,19,买盘
3061,13:57:42,30.7,82890,27,买盘
3062,13:57:45,30.7,39910,13,买盘
3063,13:57:51,30.7,629350,205,卖盘
3064,13:57:54,30.7,15350,5,买盘
3065,13:57:57,30.69,546439,178,卖盘
3066,13:58:00,30.7,3070,1,中性盘
3067,13:58:03,30.7,64471,21,卖盘
3068,13:58:06,30.7,110520,36,卖盘
3069,13:58:09,30.71,55270,18,买盘
3070,13:58:12,30.71,27639,9,买盘
3071,13:58:15,30.71,21497,7,买盘
3072,13:58:18,30.7,61401,20,卖盘
3073,13:58:21,30.71,46063,15,买盘
3074,13:58:24,30.7,82893,27,卖盘
3075,13:58:27,30.69,46046,15,卖盘
3076,13:58:30,30.7,39910,13,买盘
3077,13:58:33,30.7,92090,30,买盘
3078,13:58:36,30.69,659843,215,卖盘
3079,13:58:39,30.69,36828,12,买盘
3080,13:58:42,30.69,36826,12,买盘
3081,13:58:45,30.68,55224,18,卖盘
3082,13:58:48,30.68,131925,43,卖盘
3083,13:58:51,30.67,490976,160,卖盘
3084,13:58:54,30.68,340518,111,买盘
3085,13:58:57,30.66,6132,2,卖盘
3086,13:59:00,30.68,128831,42,买盘
3087,13:59:03,30.66,101197,33,卖盘
3088,13:59:06,30.65,987186,322,卖盘
3089,13:59:09,30.64,9192,3,卖盘
3090,13:59:15,30.64,45960,15,卖盘
3091,13:59:18,30.63,91890,30,卖盘
3092,13:59:21,30.61,79617,26,卖盘
3093,13:59:24,30.63,15316,5,中性盘
3094,13:59:27,30.61,107155,35,卖盘
3095,13:59:30,30.6,348849,114,卖盘
3096,13:59:33,30.61,33666,11,买盘
3097,13:59:36,30.6,27540,9,卖盘
3098,13:59:39,30.6,6120,2,买盘
3099,13:59:42,30.6,76484,25,买盘
3100,13:59:45,30.6,39770,13,买盘
3101,13:59:48,30.6,85658,28,买盘
3102,13:59:51,30.59,21413,7,买盘
3103,13:59:54,30.59,45883,15,买盘
3104,13:59:57,30.59,73416,24,买盘
3105,14:00:00,30.59,125419,41,买盘
3106,14:00:03,30.58,1116192,365,卖盘
3107,14:00:06,30.59,452593,148,买盘
3108,14:00:09,30.59,24471,8,买盘
3109,14:00:12,30.61,1168840,382,买盘
3110,14:00:15,30.61,15305,5,买盘
3111,14:00:18,30.61,82622,27,买盘
3112,14:00:21,30.61,113257,37,买盘
3113,14:00:24,30.62,281617,92,买盘
3114,14:00:27,30.61,489760,160,卖盘
3115,14:00:30,30.6,211190,69,卖盘
3116,14:00:33,30.59,266135,87,卖盘
3117,14:00:36,30.59,168245,55,买盘
3118,14:00:39,30.59,42839,14,买盘
3119,14:00:42,30.59,18354,6,买盘
3120,14:00:45,30.6,85655,28,买盘
3121,14:00:48,30.6,21420,7,买盘
3122,14:00:51,30.6,18362,6,买盘
3123,14:00:54,30.61,110160,36,买盘
3124,14:00:57,30.59,810697,265,卖盘
3125,14:01:00,30.59,70357,23,买盘
3126,14:01:03,30.59,189658,62,买盘
3127,14:01:06,30.58,195724,64,卖盘
3128,14:01:09,30.59,79518,26,买盘
3129,14:01:12,30.59,1037001,339,买盘
3130,14:01:15,30.59,128483,42,卖盘
3131,14:01:18,30.6,64258,21,买盘
3132,14:01:21,30.59,422155,138,卖盘
3133,14:01:24,30.6,24478,8,买盘
3134,14:01:27,30.59,48948,16,卖盘
3135,14:01:30,30.59,33649,11,买盘
3136,14:01:33,30.59,18354,6,买盘
3137,14:01:36,30.58,626899,205,卖盘
3138,14:01:39,30.58,128436,42,买盘
3139,14:01:42,30.58,140668,46,买盘
3140,14:01:45,30.58,229350,75,买盘
3141,14:01:48,30.58,36695,12,买盘
3142,14:01:51,30.57,201798,66,卖盘
3143,14:01:54,30.58,186533,61,买盘
