,成交时间,成交价格,成交金额,成交量,性质
0,09:25:00,54.3,11582190,2133,卖盘
1,09:30:00,54.25,1031125,190,卖盘
2,09:30:03,54.26,4972638,917,买盘
3,09:30:06,54.2,2321121,428,卖盘
4,09:30:09,54.2,498680,92,卖盘
5,09:30:12,54.2,1144063,211,买盘
6,09:30:15,54.18,466333,86,卖盘
7,09:30:18,54.17,954150,176,卖盘
8,09:30:21,54.23,1773162,327,中性盘
9,09:30:24,54.17,671929,124,卖盘
10,09:30:27,54.27,1403840,259,买盘
11,09:30:30,54.23,1715045,316,卖盘
12,09:30:33,54.27,526378,97,中性盘
13,09:30:36,54.27,385100,71,买盘
14,09:30:39,54.27,792217,146,买盘
15,09:30:42,54.28,841072,155,买盘
16,09:30:45,54.29,825032,152,买盘
17,09:30:48,54.29,939105,173,买盘
18,09:30:51,54.26,770677,142,卖盘
19,09:30:54,54.26,602505,111,卖盘
20,09:30:57,54.26,2403372,443,买盘
21,09:31:00,54.26,282145,52,卖盘
22,09:31:03,54.26,1307471,241,卖盘
23,09:31:06,54.26,358011,66,卖盘
24,09:31:09,54.23,200686,37,卖盘
25,09:31:12,54.26,618368,114,买盘
26,09:31:15,54.26,179042,33,买盘
27,09:31:18,54.25,482995,89,卖盘
28,09:31:21,54.29,1356743,250,买盘
29,09:31:24,54.32,4040127,744,买盘
30,09:31:27,54.32,217306,40,卖盘
31,09:31:30,54.38,766802,141,中性盘
32,09:31:33,54.4,701382,129,买盘
33,09:31:36,54.34,1517848,279,卖盘
34,09:31:39,54.47,157857,29,买盘
35,09:31:42,54.41,479387,88,卖盘
36,09:31:45,54.5,370444,68,买盘
37,09:31:48,54.57,1357683,249,买盘
38,09:31:51,54.71,12106587,2216,买盘
39,09:31:54,54.72,492488,90,买盘
40,09:31:57,54.72,1756213,321,中性盘
41,09:32:00,54.7,4280308,783,卖盘
42,09:32:03,54.7,2543741,465,买盘
43,09:32:06,54.69,1258389,230,中性盘
44,09:32:09,54.7,1263228,231,买盘
45,09:32:12,54.68,831358,152,卖盘
46,09:32:15,54.68,377286,69,买盘
47,09:32:18,54.65,404530,74,卖盘
48,09:32:21,54.64,732499,134,卖盘
49,09:32:24,54.6,1797311,329,卖盘
50,09:32:27,54.59,174687,32,买盘
51,09:32:30,54.58,207429,38,卖盘
52,09:32:33,54.58,262004,48,买盘
53,09:32:36,54.63,1501145,275,买盘
54,09:32:39,54.63,922972,169,买盘
55,09:32:42,54.66,2431976,445,买盘
56,09:32:45,54.68,655997,120,买盘
57,09:32:48,54.66,437263,80,卖盘
58,09:32:51,54.65,1246201,228,卖盘
59,09:32:54,54.66,338842,62,买盘
60,09:32:57,54.63,819603,150,卖盘
61,09:33:00,54.61,2197074,402,卖盘
62,09:33:03,54.63,486255,89,中性盘
63,09:33:06,54.64,841418,154,买盘
64,09:33:09,54.63,1092376,200,卖盘
65,09:33:12,54.63,606334,111,买盘
66,09:33:15,54.63,710181,130,买盘
67,09:33:18,54.62,710090,130,卖盘
68,09:33:21,54.62,464310,85,卖盘
69,09:33:24,54.6,1081525,198,卖盘
70,09:33:27,54.62,578964,106,中性盘
71,09:33:30,54.66,4889815,895,买盘
72,09:33:33,54.66,1859105,340,卖盘
73,09:33:36,54.69,754436,138,买盘
74,09:33:39,54.7,1290642,236,买盘
75,09:33:42,54.7,317240,58,买盘
76,09:33:45,54.7,667248,122,买盘
77,09:33:48,54.69,563346,103,卖盘
78,09:33:51,54.7,4103197,750,买盘
79,09:33:54,54.71,623682,114,中性盘
80,09:33:57,54.72,1083573,198,中性盘
81,09:34:00,54.73,1220475,223,买盘
82,09:34:03,54.73,722249,132,中性盘
83,09:34:06,54.72,279072,51,中性盘
84,09:34:09,54.73,1515692,277,买盘
85,09:34:12,54.7,607272,111,卖盘
86,09:34:15,54.71,771315,141,买盘
87,09:34:18,54.71,547080,100,卖盘
88,09:34:21,54.71,5081583,929,卖盘
89,09:34:24,54.72,1882145,344,买盘
90,09:34:27,54.71,662002,121,卖盘
91,09:34:30,54.7,1176228,215,卖盘
92,09:34:33,54.69,968126,177,卖盘
93,09:34:36,54.69,1055460,193,卖盘
94,09:34:39,54.67,1022387,187,卖盘
95,09:34:42,54.67,344344,63,买盘
96,09:34:45,54.67,497403,91,买盘
97,09:34:48,54.63,661423,121,卖盘
98,09:34:51,54.65,469997,86,买盘
99,09:34:54,54.62,2185079,400,卖盘
100,09:34:57,54.6,2451153,449,卖盘
101,09:35:00,54.56,234667,43,卖盘
102,09:35:03,54.54,796586,146,卖盘
103,09:35:06,54.5,119947,22,卖盘
104,09:35:09,54.5,267124,49,卖盘
105,09:35:12,54.5,861099,158,卖盘
106,09:35:15,54.5,719700,132,卖盘
107,09:35:18,54.55,239979,44,中性盘
108,09:35:21,54.56,441983,81,中性盘
109,09:35:24,54.56,332867,61,卖盘
110,09:35:27,54.56,240040,44,买盘
111,09:35:30,54.56,976548,179,买盘
112,09:35:33,54.57,1009410,185,买盘
113,09:35:36,54.58,229208,42,买盘
114,09:35:39,54.59,523931,96,买盘
115,09:35:42,54.59,305672,56,买盘
116,09:35:45,54.57,1445999,265,卖盘
117,09:35:48,54.53,332796,61,卖盘
118,09:35:51,54.54,365483,67,中性盘
119,09:35:54,54.55,649023,119,买盘
120,09:35:57,54.55,911861,167,卖盘
121,09:36:00,54.55,534623,98,卖盘
122,09:36:03,54.55,386431,71,卖盘
123,09:36:06,54.55,469107,86,买盘
124,09:36:09,54.55,229088,42,买盘
125,09:36:12,54.54,359982,66,卖盘
126,09:36:15,54.53,114521,21,卖盘
127,09:36:18,54.53,212643,39,卖盘
128,09:36:21,54.51,321703,59,卖盘
129,09:36:24,54.51,539719,99,卖盘
130,09:36:27,54.51,414268,76,卖盘
131,09:36:30,54.51,534168,98,买盘
132,09:36:33,54.5,1755098,322,卖盘
133,09:36:36,54.5,822981,151,卖盘
134,09:36:39,54.5,136247,25,卖盘
135,09:36:42,54.49,463232,85,卖盘
136,09:36:45,54.49,196158,36,卖盘
137,09:36:48,54.48,250612,46,卖盘
138,09:36:51,54.47,174334,32,卖盘
139,09:36:54,54.48,343212,63,买盘
140,09:36:57,54.48,261477,48,买盘
141,09:37:00,54.47,185215,34,卖盘
142,09:37:03,54.46,1056812,194,卖盘
143,09:37:06,54.47,179736,33,买盘
144,09:37:09,54.46,816912,150,卖盘
145,09:37:12,54.46,266820,49,买盘
146,09:37:15,54.45,217803,40,卖盘
147,09:37:18,54.44,217766,40,卖盘
148,09:37:21,54.42,152377,28,卖盘
149,09:37:24,54.42,97952,18,卖盘
150,09:37:27,54.41,462519,85,卖盘
151,09:37:30,54.41,772584,142,卖盘
152,09:37:33,54.41,456994,84,买盘
153,09:37:36,54.41,1643194,302,买盘
154,09:37:39,54.41,750822,138,卖盘
155,09:37:42,54.41,478781,88,买盘
156,09:37:45,54.4,603881,111,卖盘
157,09:37:48,54.39,174053,32,卖盘
158,09:37:51,54.4,277424,51,买盘
159,09:37:54,54.39,897474,165,卖盘
160,09:37:57,54.4,54394,10,买盘
161,09:38:00,54.39,402501,74,卖盘
162,09:38:03,54.37,614584,113,卖盘
163,09:38:06,54.4,1022568,188,买盘
164,09:38:09,54.37,1490441,274,卖盘
165,09:38:12,54.37,255543,47,卖盘
166,09:38:15,54.36,369738,68,卖盘
167,09:38:18,54.38,27190,5,中性盘
168,09:38:21,54.39,831808,153,买盘
169,09:38:24,54.38,195729,36,中性盘
170,09:38:27,54.38,663545,122,买盘
171,09:38:30,54.38,881049,162,买盘
172,09:38:33,54.39,386183,71,中性盘
173,09:38:36,54.39,380663,70,买盘
174,09:38:39,54.38,440499,81,卖盘
175,09:38:42,54.37,451350,83,卖盘
176,09:38:45,54.38,391566,72,卖盘
177,09:38:48,54.37,647080,119,卖盘
178,09:38:51,54.37,685169,126,卖盘
179,09:38:54,54.37,1332213,245,卖盘
180,09:38:57,54.37,239288,44,卖盘
181,09:39:00,54.39,293683,54,中性盘
182,09:39:03,54.38,446016,82,卖盘
183,09:39:06,54.4,690757,127,买盘
184,09:39:09,54.39,81588,15,卖盘
185,09:39:12,54.4,288276,53,买盘
186,09:39:15,54.39,342687,63,卖盘
187,09:39:18,54.4,886684,163,买盘
188,09:39:21,54.4,179513,33,卖盘
189,09:39:24,54.41,680002,125,买盘
190,09:39:27,54.4,631104,116,卖盘
191,09:39:30,54.41,108805,20,买盘
192,09:39:33,54.41,696353,128,买盘
193,09:39:36,54.41,435236,80,买盘
194,09:39:39,54.41,342766,63,买盘
195,09:39:42,54.41,386299,71,买盘
196,09:39:45,54.41,369991,68,卖盘
197,09:39:48,54.4,337317,62,卖盘
198,09:39:51,54.4,652921,120,卖盘
199,09:39:54,54.4,1001120,184,卖盘
200,09:39:57,54.41,331859,61,买盘
201,09:40:00,54.4,1533746,282,卖盘
202,09:40:03,54.39,1386572,255,中性盘
203,09:40:06,54.36,462270,85,卖盘
204,09:40:09,54.38,353440,65,中性盘
205,09:40:12,54.38,402482,74,卖盘
206,09:40:15,54.38,337160,62,卖盘
207,09:40:18,54.35,1695856,312,卖盘
208,09:40:21,54.35,728561,134,买盘
209,09:40:24,54.36,472806,87,买盘
210,09:40:27,54.35,456559,84,卖盘
211,09:40:30,54.34,206502,38,卖盘
212,09:40:33,54.33,315133,58,卖盘
213,09:40:36,54.31,847381,156,卖盘
214,09:40:39,54.31,651693,120,卖盘
215,09:40:42,54.27,2958943,545,卖盘
216,09:40:45,54.27,157414,29,买盘
217,09:40:48,54.29,141134,26,买盘
218,09:40:51,54.27,965957,178,卖盘
219,09:40:54,54.27,293042,54,买盘
220,09:40:57,54.26,444956,82,卖盘
221,09:41:00,54.26,336402,62,买盘
222,09:41:03,54.25,542540,100,卖盘
223,09:41:06,54.24,1242293,229,卖盘
224,09:41:09,54.25,1280401,236,买盘
225,09:41:12,54.25,759625,140,卖盘
226,09:41:15,54.25,526173,97,买盘
227,09:41:18,54.24,385074,71,中性盘
228,09:41:21,54.22,1691703,312,卖盘
229,09:41:24,54.22,488116,90,买盘
230,09:41:27,54.23,482648,89,中性盘
231,09:41:30,54.23,905507,167,卖盘
232,09:41:33,54.22,1881247,347,卖盘
233,09:41:36,54.22,775286,143,买盘
234,09:41:39,54.21,937962,173,卖盘
235,09:41:42,54.21,558360,103,买盘
236,09:41:45,54.21,769707,142,买盘
237,09:41:48,54.21,888914,164,买盘
238,09:41:51,54.2,1425546,263,卖盘
239,09:41:54,54.21,1094883,202,卖盘
240,09:41:57,54.2,639685,118,卖盘
241,09:42:00,54.22,352361,65,买盘
242,09:42:03,54.23,2274412,419,买盘
243,09:42:06,54.22,292885,54,卖盘
244,09:42:09,54.24,21698,4,中性盘
245,09:42:12,54.25,1584939,292,中性盘
246,09:42:15,54.26,591420,109,买盘
247,09:42:18,54.22,661855,122,卖盘
248,09:42:21,54.26,444772,82,买盘
249,09:42:24,54.26,770106,142,买盘
250,09:42:27,54.22,1062782,196,卖盘
251,09:42:30,54.22,672370,124,买盘
252,09:42:33,54.22,900182,166,卖盘
253,09:42:36,54.22,260264,48,卖盘
254,09:42:39,54.23,683250,126,中性盘
255,09:42:42,54.24,417666,77,中性盘
256,09:42:45,54.24,471902,87,卖盘
257,09:42:48,54.23,536983,99,卖盘
258,09:42:51,54.23,162708,30,卖盘
259,09:42:54,54.23,363364,67,卖盘
260,09:42:57,54.24,141019,26,买盘
261,09:43:00,54.23,2207178,407,卖盘
262,09:43:03,54.24,580267,107,买盘
263,09:43:06,54.23,249479,46,买盘
264,09:43:09,54.23,666924,123,买盘
265,09:43:12,54.22,1409900,260,卖盘
266,09:43:15,54.22,591006,109,卖盘
267,09:43:18,54.22,140966,26,买盘
268,09:43:21,54.21,504179,93,卖盘
269,09:43:24,54.21,1496232,276,卖盘
270,09:43:27,54.18,9597126,1771,卖盘
271,09:43:30,54.18,265464,49,买盘
272,09:43:33,54.16,3314664,612,卖盘
273,09:43:36,54.15,790719,146,卖盘
274,09:43:39,54.15,557769,103,卖盘
275,09:43:42,54.14,1153420,213,卖盘
276,09:43:45,54.14,140782,26,卖盘
277,09:43:48,54.14,633440,117,卖盘
278,09:43:51,54.14,774110,143,买盘
279,09:43:54,54.14,768729,142,买盘
280,09:43:57,54.13,1044870,193,中性盘
281,09:44:00,54.15,3005463,555,买盘
282,09:44:03,54.16,287040,53,中性盘
283,09:44:06,54.15,395345,73,卖盘
284,09:44:09,54.15,276195,51,卖盘
285,09:44:12,54.15,330321,61,卖盘
286,09:44:15,54.18,4213075,778,买盘
287,09:44:18,54.18,297997,55,卖盘
288,09:44:21,54.15,1159177,214,卖盘
289,09:44:24,54.15,167915,31,卖盘
290,09:44:27,54.15,958462,177,卖盘
291,09:44:30,54.15,1754527,324,买盘
292,09:44:33,54.15,633590,117,卖盘
293,09:44:36,54.17,238312,44,买盘
294,09:44:39,54.17,373738,69,卖盘
295,09:44:42,54.15,4018233,742,卖盘
296,09:44:45,54.16,216643,40,买盘
297,09:44:48,54.15,1088414,201,卖盘
298,09:44:51,54.15,1277831,236,中性盘
299,09:44:54,54.15,1083118,200,卖盘
300,09:44:57,54.15,270759,50,卖盘
301,09:45:00,54.15,1294199,239,卖盘
302,09:45:03,54.14,3756682,694,卖盘
303,09:45:06,54.14,779489,144,买盘
304,09:45:09,54.12,546716,101,卖盘
305,09:45:12,54.11,1693732,313,卖盘
306,09:45:15,54.11,1028107,190,卖盘
307,09:45:18,54.11,1011803,187,卖盘
308,09:45:21,54.11,486994,90,中性盘
309,09:45:24,54.1,2283087,422,卖盘
310,09:45:27,54.11,514003,95,买盘
311,09:45:30,54.12,595163,110,买盘
312,09:45:33,54.11,1942357,359,卖盘
313,09:45:36,54.11,497776,92,卖盘
314,09:45:39,54.11,1341799,248,买盘
315,09:45:42,54.1,1006320,186,卖盘
316,09:45:45,54.11,687201,127,买盘
317,09:45:48,54.12,530346,98,买盘
318,09:45:51,54.11,1909889,353,卖盘
319,09:45:54,54.11,795282,147,买盘
320,09:45:57,54.1,454446,84,中性盘
321,09:46:00,54.1,1282170,237,买盘
322,09:46:03,54.1,1006468,186,卖盘
323,09:46:06,54.1,449050,83,卖盘
324,09:46:09,54.1,1330867,246,卖盘
325,09:46:12,54.1,805993,149,买盘
326,09:46:15,54.09,1119736,207,卖盘
327,09:46:18,54.09,627473,116,卖盘
328,09:46:21,54.08,292083,54,卖盘
329,09:46:24,54.09,492202,91,买盘
330,09:46:27,54.09,1005976,186,买盘
331,09:46:30,54.09,421906,78,卖盘
332,09:46:33,54.1,411082,76,买盘
333,09:46:36,54.09,703156,130,卖盘
334,09:46:39,54.09,513852,95,卖盘
335,09:46:42,54.09,378649,70,买盘
336,09:46:45,54.09,340775,63,卖盘
337,09:46:48,54.09,2644656,489,卖盘
338,09:46:51,54.09,843756,156,买盘
339,09:46:54,54.08,627354,116,卖盘
340,09:46:57,54.08,719262,133,买盘
341,09:47:00,54.08,1508630,279,买盘
342,09:47:03,54.08,816607,151,买盘
343,09:47:06,54.08,1205835,223,买盘
344,09:47:09,54.08,308251,57,买盘
345,09:47:12,54.08,319073,59,卖盘
346,09:47:15,54.09,313679,58,买盘
347,09:47:18,54.08,940997,174,卖盘
348,09:47:21,54.08,578620,107,买盘
349,09:47:24,54.08,654340,121,买盘
350,09:47:27,54.09,654327,121,买盘
351,09:47:30,54.07,670548,124,卖盘
352,09:47:33,54.07,632675,117,卖盘
353,09:47:36,54.08,475887,88,买盘
354,09:47:39,54.08,389378,72,卖盘
355,09:47:42,54.09,838318,155,买盘
356,09:47:45,54.09,524660,97,买盘
357,09:47:48,54.08,1043990,193,卖盘
358,09:47:51,54.09,654453,121,中性盘
359,09:47:54,54.1,200152,37,买盘
360,09:47:57,54.1,687012,127,买盘
361,09:48:00,54.1,254239,47,买盘
362,09:48:03,54.1,405763,75,卖盘
363,09:48:06,54.11,119032,22,买盘
364,09:48:09,54.12,70346,13,买盘
365,09:48:12,54.12,860306,159,买盘
366,09:48:15,54.12,692762,128,买盘
367,09:48:18,54.12,113652,21,买盘
368,09:48:21,54.13,562852,104,买盘
369,09:48:24,54.12,524978,97,卖盘
370,09:48:27,54.13,730550,135,中性盘
371,09:48:30,54.11,1033422,191,中性盘
372,09:48:33,54.1,681702,126,卖盘
373,09:48:36,54.08,2179837,403,卖盘
374,09:48:39,54.08,508449,94,卖盘
375,09:48:42,54.08,567879,105,卖盘
376,09:48:45,54.1,465183,86,买盘
377,09:48:48,54.09,740947,137,卖盘
378,09:48:51,54.09,243388,45,买盘
379,09:48:54,54.09,492193,91,买盘
380,09:48:57,54.08,816696,151,卖盘
381,09:49:00,54.08,362384,67,卖盘
382,09:49:03,54.09,795015,147,买盘
383,09:49:06,54.08,530048,98,卖盘
384,09:49:09,54.08,227176,42,卖盘
385,09:49:12,54.09,962665,178,买盘
386,09:49:15,54.09,600364,111,买盘
387,09:49:18,54.09,216363,40,卖盘
388,09:49:21,54.09,232588,43,卖盘
389,09:49:24,54.09,248827,46,卖盘
390,09:49:27,54.09,757264,140,卖盘
391,09:49:30,54.09,400251,74,买盘
392,09:49:33,54.1,611186,113,买盘
393,09:49:36,54.08,319134,59,卖盘
394,09:49:39,54.1,508457,94,买盘
395,09:49:42,54.09,768081,142,中性盘
396,09:49:45,54.1,210979,39,买盘
397,09:49:48,54.08,5499819,1017,卖盘
398,09:49:51,54.07,2795512,517,卖盘
399,09:49:54,54.08,843426,156,买盘
400,09:49:57,54.04,13599276,2516,卖盘
401,09:50:00,54.05,518837,96,买盘
402,09:50:03,54.03,751069,139,卖盘
403,09:50:06,54.03,475534,88,卖盘
404,09:50:09,54.04,513359,95,卖盘
405,09:50:12,54.04,513334,95,卖盘
406,09:50:15,54.03,4537707,840,卖盘
407,09:50:18,54.02,491620,91,中性盘
408,09:50:21,54.03,3224466,597,买盘
409,09:50:24,54.02,594164,110,卖盘
410,09:50:27,54.01,631991,117,卖盘
411,09:50:30,54.0,1712171,317,卖盘
412,09:50:33,54.01,1026080,190,中性盘
413,09:50:36,54.0,442838,82,卖盘
414,09:50:39,54.0,1387892,257,卖盘
415,09:50:42,54.0,2435439,451,卖盘
416,09:50:45,54.0,4757460,881,卖盘
417,09:50:48,53.99,12975993,2403,卖盘
418,09:50:51,53.98,1403976,260,卖盘
419,09:50:54,53.99,1500744,278,中性盘
420,09:50:57,53.98,350877,65,卖盘
421,09:51:00,53.98,680040,126,买盘
422,09:51:03,53.97,442576,82,卖盘
423,09:51:06,53.96,2206412,409,卖盘
424,09:51:09,53.92,463793,86,卖盘
425,09:51:12,53.92,2474635,459,买盘
426,09:51:15,53.92,1142837,212,买盘
427,09:51:18,53.91,2501260,464,卖盘
428,09:51:21,53.9,1687570,313,卖盘
429,09:51:24,53.9,749247,139,卖盘
430,09:51:27,53.89,1584608,294,卖盘
431,09:51:30,53.9,1492853,277,买盘
432,09:51:33,53.89,689767,128,中性盘
433,09:51:36,53.89,1126247,209,买盘
434,09:51:39,53.9,1858961,345,买盘
435,09:51:42,53.88,1115433,207,卖盘
436,09:51:45,53.89,1681501,312,买盘
437,09:51:48,53.9,3788824,703,买盘
438,09:51:51,53.9,1035005,192,卖盘
439,09:51:54,53.92,301865,56,买盘
440,09:51:57,53.91,350407,65,卖盘
441,09:52:00,53.91,943440,175,卖盘
442,09:52:03,53.9,1229063,228,卖盘
443,09:52:06,53.9,770869,143,卖盘
444,09:52:09,53.9,1493041,277,卖盘
445,09:52:12,53.91,646807,120,买盘
446,09:52:15,53.9,1040315,193,卖盘
447,09:52:18,53.9,1476857,274,卖盘
448,09:52:21,53.9,851613,158,买盘
449,09:52:24,53.91,2430678,451,买盘
450,09:52:27,53.9,538986,100,卖盘
451,09:52:30,53.91,3632322,674,买盘
452,09:52:33,53.89,970195,180,卖盘
453,09:52:36,53.91,673795,125,买盘
454,09:52:39,53.91,528282,98,买盘
455,09:52:42,53.91,646898,120,卖盘
456,09:52:45,53.9,792475,147,卖盘
457,09:52:48,53.91,2015899,374,买盘
458,09:52:51,53.91,673850,125,买盘
459,09:52:54,53.91,1137349,211,买盘
460,09:52:57,53.91,409657,76,买盘
461,09:53:00,53.9,830129,154,卖盘
462,09:53:03,53.9,835502,155,卖盘
463,09:53:06,53.89,323399,60,卖盘
464,09:53:09,53.89,2764623,513,卖盘
465,09:53:12,53.89,776073,144,买盘
466,09:53:15,53.89,1294683,240,卖盘
467,09:53:18,53.89,1981888,368,卖盘
468,09:53:21,53.9,959375,178,买盘
469,09:53:24,53.91,862286,160,买盘
470,09:53:27,53.88,4310500,800,卖盘
471,09:53:30,53.88,1336370,248,卖盘
472,09:53:33,53.88,1126068,209,买盘
473,09:53:36,53.88,797327,148,买盘
474,09:53:39,53.88,1185231,220,买盘
475,09:53:42,53.92,10735259,1992,买盘
476,09:53:45,53.9,264126,49,卖盘
477,09:53:48,53.89,673858,125,卖盘
478,09:53:51,53.92,215706,40,中性盘
479,09:53:54,53.92,798059,148,卖盘
480,09:53:57,53.92,631118,117,卖盘
481,09:54:00,53.92,463761,86,卖盘
482,09:54:03,53.97,1596053,296,买盘
483,09:54:06,53.98,1397426,259,买盘
484,09:54:09,53.98,382947,71,买盘
485,09:54:12,53.98,242903,45,买盘
486,09:54:15,54.02,2024448,375,买盘
487,09:54:18,54.02,243047,45,买盘
488,09:54:21,54.03,846444,157,买盘
489,09:54:24,54.04,686144,127,买盘
490,09:54:27,54.03,243147,45,卖盘
491,09:54:30,54.05,70263,13,买盘
492,09:54:33,54.06,286442,53,买盘
493,09:54:36,54.07,367537,68,买盘
494,09:54:39,54.06,881118,163,卖盘
495,09:54:42,54.03,2307701,427,卖盘
496,09:54:45,54.05,367500,68,买盘
497,09:54:48,54.05,232376,43,买盘
498,09:54:51,54.05,443161,82,买盘
499,09:54:54,54.05,464764,86,中性盘
500,09:54:57,54.05,372968,69,卖盘
501,09:55:00,54.03,372835,69,卖盘
502,09:55:03,54.04,724099,134,买盘
503,09:55:06,54.05,237782,44,买盘
504,09:55:09,54.03,729397,135,卖盘
505,09:55:12,54.02,1053410,195,卖盘
506,09:55:15,54.01,313340,58,卖盘
507,09:55:18,54.01,329493,61,卖盘
508,09:55:21,53.99,1371552,254,卖盘
509,09:55:24,54.0,156569,29,买盘
510,09:55:27,53.97,906821,168,卖盘
511,09:55:30,53.96,199665,37,卖盘
512,09:55:33,53.92,593374,110,卖盘
513,09:55:36,53.95,512470,95,买盘
514,09:55:39,53.93,183393,34,中性盘
515,09:55:42,53.95,598798,111,买盘
516,09:55:45,53.93,485427,90,卖盘
517,09:55:48,53.92,453018,84,卖盘
518,09:55:51,53.93,334354,62,中性盘
519,09:55:54,53.93,382861,71,买盘
520,09:55:57,53.93,458389,85,买盘
521,09:56:00,53.92,512275,95,卖盘
522,09:56:03,53.91,188728,35,卖盘
523,09:56:06,53.91,943496,175,卖盘
524,09:56:09,53.91,479794,89,买盘
525,09:56:12,53.91,560683,104,卖盘
526,09:56:15,53.92,393573,73,买盘
527,09:56:18,53.91,539105,100,卖盘
528,09:56:21,53.92,345047,64,中性盘
529,09:56:24,53.91,652320,121,卖盘
530,09:56:27,53.91,156351,29,卖盘
531,09:56:30,53.91,247972,46,买盘
532,09:56:33,53.9,291085,54,卖盘
533,09:56:36,53.91,431240,80,买盘
534,09:56:39,53.91,921736,171,买盘
535,09:56:42,53.91,970305,180,卖盘
536,09:56:45,53.91,673863,125,买盘
537,09:56:48,53.91,495970,92,卖盘
538,09:56:51,53.91,296488,55,卖盘
539,09:56:54,53.91,183283,34,买盘
540,09:56:57,53.9,2765302,513,卖盘
541,09:57:00,53.9,156304,29,买盘
542,09:57:03,53.9,695264,129,买盘
543,09:57:06,53.9,716791,133,卖盘
544,09:57:09,53.9,285634,53,中性盘
545,09:57:12,53.89,1665085,309,卖盘
546,09:57:15,53.88,560465,104,卖盘
547,09:57:18,53.89,1476390,274,买盘
548,09:57:21,53.89,458066,85,卖盘
549,09:57:24,53.89,953743,177,卖盘
550,09:57:27,53.88,409512,76,卖盘
551,09:57:30,53.88,1115371,207,卖盘
552,09:57:33,53.88,1293137,240,卖盘
553,09:57:36,53.88,608867,113,卖盘
554,09:57:39,53.88,1293143,240,卖盘
555,09:57:42,53.88,835176,155,卖盘
556,09:57:45,53.87,1217507,226,卖盘
557,09:57:48,53.88,840448,156,买盘
558,09:57:51,53.88,905209,168,买盘
559,09:57:54,53.87,387922,72,卖盘
560,09:57:57,53.88,344788,64,卖盘
561,09:58:00,53.88,339452,63,卖盘
562,09:58:03,53.87,463386,86,卖盘
563,09:58:06,53.88,813648,151,买盘
564,09:58:09,53.87,2133317,396,卖盘
565,09:58:12,53.87,420206,78,买盘
566,09:58:15,53.87,921058,171,买盘
567,09:58:18,53.87,1039574,193,买盘
568,09:58:21,53.87,371670,69,买盘
569,09:58:24,53.87,463277,86,买盘
570,09:58:27,53.87,156223,29,卖盘
571,09:58:30,53.88,377106,70,买盘
572,09:58:33,53.88,263966,49,买盘
573,09:58:36,53.88,1336149,248,买盘
574,09:58:39,53.88,544197,101,卖盘
575,09:58:42,53.89,1050817,195,买盘
576,09:58:45,53.89,258678,48,卖盘
577,09:58:48,53.9,1126469,209,买盘
578,09:58:51,53.91,301853,56,买盘
579,09:58:54,53.9,215605,40,卖盘
580,09:58:57,53.9,382683,71,买盘
581,09:59:00,53.9,565893,105,买盘
582,09:59:03,53.9,668346,124,卖盘
583,09:59:06,53.9,1029484,191,卖盘
584,09:59:09,53.9,253318,47,卖盘
585,09:59:12,53.89,274868,51,卖盘
586,09:59:15,53.89,355703,66,买盘
587,09:59:18,53.88,986196,183,卖盘
588,09:59:21,53.9,264093,49,买盘
589,09:59:24,53.88,549705,102,卖盘
590,09:59:27,53.89,16168,3,卖盘
591,09:59:30,53.9,129347,24,买盘
592,09:59:33,53.89,334159,62,卖盘
593,09:59:36,53.89,247913,46,卖盘
594,09:59:39,53.89,840719,156,卖盘
595,09:59:42,53.89,511928,95,买盘
596,09:59:45,53.89,226326,42,买盘
597,09:59:48,53.89,883667,164,买盘
598,09:59:51,53.89,447228,83,买盘
599,09:59:54,53.88,1212340,225,卖盘
600,09:59:57,53.88,290994,54,卖盘
601,10:00:00,53.89,220923,41,买盘
602,10:00:03,53.87,5037477,935,卖盘
603,10:00:06,53.88,393270,73,买盘
604,10:00:09,53.87,1589450,295,中性盘
605,10:00:12,53.88,166999,31,卖盘
606,10:00:15,53.87,662691,123,卖盘
607,10:00:18,53.87,1082892,201,卖盘
608,10:00:21,53.87,404015,75,买盘
609,10:00:24,53.87,382443,71,买盘
610,10:00:27,53.86,807967,150,卖盘
611,10:00:30,53.87,689563,128,买盘
612,10:00:33,53.88,452495,84,中性盘
613,10:00:36,53.86,635596,118,卖盘
614,10:00:39,53.86,290860,54,卖盘
615,10:00:42,53.86,651746,121,卖盘
616,10:00:45,53.86,867167,161,卖盘
617,10:00:48,53.87,2213712,411,买盘
618,10:00:51,53.86,285461,53,卖盘
619,10:00:54,53.85,371631,69,卖盘
620,10:00:57,53.86,689401,128,买盘
621,10:01:00,53.85,366244,68,卖盘
622,10:01:03,53.86,350095,65,卖盘
623,10:01:06,53.87,161595,30,买盘
624,10:01:09,53.87,641002,119,买盘
625,10:01:12,53.87,549508,102,卖盘
626,10:01:15,53.87,317851,59,卖盘
627,10:01:18,53.88,237051,44,卖盘
628,10:01:21,53.87,328628,61,卖盘
629,10:01:24,53.89,441876,82,买盘
630,10:01:27,53.89,280232,52,卖盘
631,10:01:30,53.89,242441,45,卖盘
632,10:01:33,53.9,393432,73,买盘
633,10:01:36,53.89,668306,124,卖盘
634,10:01:39,53.91,436576,81,买盘
635,10:01:42,53.91,366504,68,买盘
636,10:01:45,53.91,350382,65,买盘
637,10:01:48,53.91,576776,107,买盘
638,10:01:51,53.91,447404,83,买盘
639,10:01:54,53.91,345005,64,买盘
640,10:01:57,53.9,1627842,302,卖盘
641,10:02:00,53.91,371934,69,买盘
642,10:02:03,53.91,630599,117,买盘
643,10:02:06,53.93,3949402,733,买盘
644,10:02:09,53.91,258850,48,卖盘
645,10:02:12,53.93,188811,35,中性盘
646,10:02:15,53.92,215741,40,卖盘
647,10:02:18,53.93,167251,31,卖盘
648,10:02:21,53.97,754995,140,买盘
649,10:02:24,53.98,825670,153,买盘
650,10:02:27,54.0,102578,19,买盘
651,10:02:30,54.01,739799,137,买盘
652,10:02:33,54.01,210603,39,买盘
653,10:02:36,54.01,464410,86,买盘
654,10:02:39,54.02,243066,45,买盘
655,10:02:42,54.03,81028,15,买盘
656,10:02:45,54.02,415921,77,中性盘
657,10:02:48,54.03,216093,40,买盘
658,10:02:51,54.02,275526,51,卖盘
659,10:02:54,54.02,588793,109,买盘
660,10:02:57,54.0,858791,159,卖盘
661,10:03:00,54.02,297098,55,买盘
662,10:03:03,54.0,334856,62,卖盘
663,10:03:06,54.0,399611,74,卖盘
664,10:03:09,54.0,491426,91,卖盘
665,10:03:12,54.0,302308,56,买盘
666,10:03:15,54.0,194373,36,买盘
667,10:03:18,54.0,410319,76,买盘
668,10:03:21,53.98,188945,35,卖盘
669,10:03:24,53.97,717920,133,卖盘
670,10:03:27,53.97,102529,19,买盘
671,10:03:30,53.97,437123,81,买盘
672,10:03:33,53.98,312990,58,买盘
673,10:03:36,53.96,194303,36,卖盘
674,10:03:39,53.98,134941,25,买盘
675,10:03:42,53.96,237436,44,卖盘
676,10:03:45,53.98,388594,72,买盘
677,10:03:48,53.97,167307,31,中性盘
678,10:03:51,53.98,777256,144,买盘
679,10:03:54,53.97,1096128,203,卖盘
680,10:03:57,54.01,178164,33,买盘
681,10:04:00,53.98,550697,102,卖盘
682,10:04:03,53.98,156540,29,买盘
683,10:04:06,53.98,523634,97,买盘
684,10:04:09,53.98,140354,26,卖盘
685,10:04:12,53.98,226767,42,卖盘
686,10:04:15,54.0,129564,24,卖盘
687,10:04:18,54.02,659070,122,买盘
688,10:04:21,54.01,318762,59,卖盘
689,10:04:24,54.05,43235,8,买盘
690,10:04:27,54.05,291747,54,买盘
691,10:04:30,54.05,32427,6,买盘
692,10:04:33,54.05,140530,26,买盘
693,10:04:36,54.05,59460,11,卖盘
694,10:04:39,54.05,232445,43,卖盘
695,10:04:42,54.05,216227,40,卖盘
696,10:04:45,54.05,318919,59,卖盘
697,10:04:48,54.06,243267,45,买盘
698,10:04:51,54.06,70280,13,买盘
699,10:04:54,54.07,405469,75,买盘
700,10:04:57,54.07,297386,55,买盘
701,10:05:00,54.07,124375,23,卖盘
702,10:05:03,54.09,313625,58,买盘
703,10:05:06,54.09,113569,21,买盘
704,10:05:09,54.07,567805,105,卖盘
705,10:05:12,54.08,237946,44,买盘
706,10:05:15,54.09,394826,73,买盘
707,10:05:18,54.09,578749,107,买盘
708,10:05:21,54.12,1379674,255,买盘
709,10:05:24,54.12,665709,123,卖盘
710,10:05:27,54.13,221917,41,中性盘
711,10:05:30,54.1,671035,124,卖盘
712,10:05:33,54.1,454550,84,买盘
713,10:05:36,54.11,189439,35,中性盘
714,10:05:39,54.12,200180,37,买盘
715,10:05:42,54.12,54123,10,买盘
716,10:05:45,54.12,178596,33,卖盘
717,10:05:48,54.12,633190,117,卖盘
718,10:05:51,54.11,346345,64,卖盘
719,10:05:54,54.12,286837,53,买盘
720,10:05:57,54.13,162367,30,买盘
721,10:06:00,54.11,357185,66,卖盘
722,10:06:03,54.13,357152,66,买盘
723,10:06:06,54.13,211050,39,买盘
724,10:06:09,54.12,108227,20,买盘
725,10:06:12,54.1,730481,135,卖盘
726,10:06:15,54.1,156907,29,卖盘
727,10:06:18,54.1,200190,37,卖盘
728,10:06:21,54.11,703328,130,买盘
729,10:06:24,54.11,70345,13,卖盘
730,10:06:27,54.1,470720,87,卖盘
731,10:06:30,54.11,189373,35,买盘
732,10:06:33,54.1,676255,125,卖盘
733,10:06:36,54.09,389475,72,卖盘
734,10:06:39,54.09,97363,18,卖盘
735,10:06:42,54.1,416544,77,买盘
736,10:06:45,54.1,59510,11,卖盘
737,10:06:48,54.1,1103641,204,卖盘
738,10:06:51,54.11,173124,32,买盘
739,10:06:54,54.11,254286,47,买盘
740,10:06:57,54.1,573553,106,卖盘
741,10:07:00,54.1,432830,80,卖盘
742,10:07:03,54.1,102784,19,买盘
743,10:07:06,54.09,860170,159,卖盘
744,10:07:09,54.09,178501,33,卖盘
745,10:07:12,54.09,113585,21,买盘
746,10:07:15,54.08,205531,38,卖盘
747,10:07:18,54.08,189286,35,卖盘
748,10:07:21,54.09,243382,45,买盘
749,10:07:24,54.08,232552,43,卖盘
750,10:07:27,54.09,805799,149,买盘
751,10:07:30,54.09,351615,65,卖盘
752,10:07:33,54.08,346122,64,卖盘
753,10:07:36,54.08,308256,57,买盘
754,10:07:39,54.08,1081486,200,买盘
755,10:07:42,54.08,189272,35,买盘
756,10:07:45,54.09,124373,23,买盘
757,10:07:48,54.08,113570,21,卖盘
758,10:07:51,54.07,654403,121,卖盘
759,10:07:54,54.08,281257,52,中性盘
760,10:07:57,54.08,156839,29,卖盘
761,10:08:00,54.09,1244103,230,买盘
762,10:08:03,54.1,5656144,1046,买盘
763,10:08:06,54.09,432650,80,中性盘
764,10:08:09,54.09,1893037,350,买盘
765,10:08:12,54.08,681554,126,中性盘
766,10:08:15,54.08,557107,103,卖盘
767,10:08:18,54.1,665434,123,买盘
768,10:08:21,54.13,903530,167,买盘
769,10:08:24,54.13,140711,26,买盘
770,10:08:27,54.13,108257,20,买盘
771,10:08:30,54.14,270626,50,买盘
772,10:08:33,54.13,54135,10,卖盘
773,10:08:36,54.14,157006,29,买盘
774,10:08:39,54.13,487197,90,卖盘
775,10:08:42,54.13,243583,45,买盘
776,10:08:45,54.15,411518,76,买盘
777,10:08:48,54.11,341015,63,卖盘
778,10:08:51,54.14,151576,28,买盘
779,10:08:54,54.16,573999,106,买盘
780,10:08:57,54.15,129965,24,卖盘
781,10:09:00,54.16,254522,47,买盘
782,10:09:03,54.16,281631,52,买盘
783,10:09:06,54.17,384551,71,买盘
784,10:09:09,54.17,162504,30,买盘
785,10:09:12,54.17,276267,51,买盘
786,10:09:15,54.17,162511,30,中性盘
787,10:09:18,54.18,1089080,201,买盘
788,10:09:21,54.19,113776,21,买盘
789,10:09:24,54.19,70444,13,买盘
790,10:09:27,54.19,308875,57,买盘
791,10:09:30,54.19,200505,37,买盘
792,10:09:33,54.19,81285,15,卖盘
793,10:09:36,54.19,162570,30,卖盘
794,10:09:39,54.19,455191,84,买盘
795,10:09:42,54.19,384715,71,买盘
796,10:09:45,54.18,157136,29,卖盘
797,10:09:48,54.2,433450,80,买盘
798,10:09:51,54.19,151731,28,卖盘
799,10:09:54,54.2,552825,102,买盘
800,10:09:57,54.2,373931,69,买盘
801,10:10:00,54.18,249248,46,卖盘
802,10:10:03,54.19,715149,132,买盘
803,10:10:06,54.16,102943,19,卖盘
804,10:10:09,54.18,720678,133,买盘
805,10:10:12,54.18,146286,27,卖盘
806,10:10:15,54.18,254664,47,卖盘
807,10:10:18,54.18,330499,61,买盘
808,10:10:21,54.18,130024,24,买盘
809,10:10:24,54.18,151689,28,买盘
810,10:10:27,54.18,135442,25,买盘
811,10:10:30,54.2,487660,90,买盘
812,10:10:36,54.18,140878,26,卖盘
813,10:10:39,54.19,86695,16,买盘
814,10:10:42,54.19,319667,59,买盘
815,10:10:45,54.18,43344,8,卖盘
816,10:10:48,54.18,146303,27,卖盘
817,10:10:51,54.18,119196,22,卖盘
818,10:10:54,54.17,92103,17,卖盘
819,10:10:57,54.18,140857,26,买盘
820,10:11:00,54.18,460455,85,买盘
821,10:11:03,54.18,471339,87,买盘
822,10:11:06,54.17,390070,72,卖盘
823,10:11:09,54.18,471378,87,买盘
824,10:11:12,54.18,54180,10,卖盘
825,10:11:15,54.18,395519,73,卖盘
826,10:11:18,54.18,417221,77,卖盘
827,10:11:21,54.19,59604,11,买盘
828,10:11:24,54.18,791041,146,卖盘
829,10:11:27,54.19,330517,61,买盘
830,10:11:30,54.19,438928,81,买盘
831,10:11:33,54.18,568921,105,卖盘
832,10:11:36,54.2,471445,87,买盘
833,10:11:39,54.19,270991,50,卖盘
834,10:11:42,54.21,1029796,190,买盘
835,10:11:45,54.2,113814,21,中性盘
836,10:11:48,54.21,157188,29,买盘
837,10:11:51,54.2,363107,67,卖盘
838,10:11:54,54.2,168018,31,买盘
839,10:11:57,54.2,140918,26,买盘
840,10:12:00,54.2,130080,24,卖盘
841,10:12:03,54.2,308902,57,买盘
842,10:12:06,54.2,1290057,238,买盘
843,10:12:09,54.2,449946,83,卖盘
844,10:12:12,54.21,238523,44,买盘
845,10:12:15,54.2,986716,182,卖盘
846,10:12:18,54.2,5420,1,卖盘
847,10:12:21,54.21,271048,50,买盘
848,10:12:24,54.21,162609,30,买盘
849,10:12:27,54.21,471567,87,买盘
850,10:12:30,54.21,623345,115,买盘
851,10:12:33,54.21,401102,74,买盘
852,10:12:36,54.21,200596,37,卖盘
853,10:12:39,54.21,135525,25,卖盘
854,10:12:42,54.21,205998,38,卖盘
855,10:12:45,54.2,75888,14,卖盘
856,10:12:48,54.19,238468,44,卖盘
857,10:12:51,54.19,92127,17,卖盘
858,10:12:54,54.2,195116,36,买盘
859,10:12:57,54.2,688259,127,买盘
860,10:13:00,54.18,336013,62,卖盘
861,10:13:03,54.21,2491707,459,买盘
862,10:13:06,54.28,515592,95,买盘
863,10:13:09,54.24,200819,37,卖盘
864,10:13:12,54.28,266021,49,中性盘
865,10:13:15,54.29,233384,43,中性盘
866,10:13:18,54.28,325721,60,中性盘
867,10:13:21,54.31,1199887,221,买盘
868,10:13:24,54.28,103131,19,卖盘
869,10:13:27,54.31,390945,72,买盘
870,10:13:30,54.31,472500,87,卖盘
871,10:13:33,54.31,450800,83,卖盘
872,10:13:36,54.3,1667383,307,卖盘
873,10:13:39,54.29,293278,54,卖盘
874,10:13:42,54.29,1840386,339,卖盘
875,10:13:45,54.29,781753,144,买盘
876,10:13:48,54.33,1787217,329,买盘
877,10:13:51,54.34,939924,173,买盘
878,10:13:54,54.32,760716,140,中性盘
879,10:13:57,54.33,429265,79,买盘
880,10:14:00,54.33,760476,140,买盘
881,10:14:03,54.33,679049,125,买盘
882,10:14:06,54.32,228135,42,卖盘
883,10:14:09,54.31,651827,120,卖盘
884,10:14:12,54.31,309613,57,卖盘
885,10:14:15,54.31,434477,80,买盘
886,10:14:18,54.3,526726,97,卖盘
887,10:14:21,54.3,412741,76,买盘
888,10:14:24,54.32,570192,105,买盘
889,10:14:27,54.31,776574,143,卖盘
890,10:14:30,54.3,238956,44,卖盘
891,10:14:33,54.3,43436,8,买盘
892,10:14:36,54.3,114025,21,买盘
893,10:14:39,54.3,119459,22,买盘
894,10:14:42,54.29,141143,26,买盘
895,10:14:45,54.28,434322,80,卖盘
896,10:14:48,54.24,352677,65,卖盘
897,10:14:51,54.28,21712,4,买盘
898,10:14:54,54.28,37981,7,买盘
899,10:14:57,54.25,43402,8,卖盘
900,10:15:00,54.25,184492,34,卖盘
901,10:15:03,54.24,168205,31,卖盘
902,10:15:06,54.25,151919,28,买盘
903,10:15:09,54.24,97632,18,买盘
904,10:15:12,54.24,81357,15,中性盘
905,10:15:15,54.24,81357,15,买盘
906,10:15:18,54.24,130172,24,卖盘
907,10:15:21,54.23,92200,17,卖盘
908,10:15:24,54.23,455553,84,卖盘
909,10:15:27,54.24,81349,15,买盘
910,10:15:30,54.23,75925,14,卖盘
911,10:15:33,54.23,75925,14,卖盘
912,10:15:36,54.23,238612,44,卖盘
913,10:15:39,54.23,65068,12,买盘
914,10:15:42,54.22,119289,22,卖盘
915,10:15:45,54.23,493430,91,买盘
916,10:15:48,54.23,282008,52,买盘
917,10:15:51,54.23,92183,17,卖盘
918,10:15:54,54.23,162678,30,买盘
919,10:15:57,54.21,119269,22,卖盘
920,10:16:00,54.22,271123,50,卖盘
921,10:16:03,54.21,683139,126,卖盘
922,10:16:06,54.22,146449,27,中性盘
923,10:16:09,54.22,32531,6,卖盘
924,10:16:12,54.21,65062,12,卖盘
925,10:16:15,54.22,455447,84,买盘
926,10:16:18,54.25,282003,52,买盘
927,10:16:21,54.25,21701,4,卖盘
928,10:16:24,54.23,81377,15,卖盘
929,10:16:27,54.22,124739,23,卖盘
930,10:16:30,54.22,173493,32,买盘
931,10:16:33,54.23,276534,51,买盘
932,10:16:36,54.22,623680,115,卖盘
933,10:16:39,54.29,846711,156,买盘
934,10:16:42,54.28,81424,15,卖盘
935,10:16:45,54.28,179124,33,卖盘
936,10:16:48,54.28,265974,49,卖盘
937,10:16:51,54.27,21708,4,卖盘
938,10:16:54,54.28,37994,7,买盘
939,10:16:57,54.28,130271,24,买盘
940,10:17:00,54.28,444996,82,买盘
941,10:17:03,54.28,124832,23,买盘
942,10:17:06,54.28,748956,138,买盘
943,10:17:09,54.27,124824,23,卖盘
944,10:17:12,54.27,48843,9,买盘
945,10:17:15,54.27,124821,23,中性盘
946,10:17:18,54.28,59704,11,买盘
947,10:17:21,54.28,75988,14,买盘
948,10:17:24,54.27,27137,5,卖盘
949,10:17:27,54.27,5427,1,卖盘
950,10:17:30,54.27,168248,31,卖盘
951,10:17:33,54.28,184534,34,买盘
952,10:17:36,54.27,206226,38,卖盘
953,10:17:39,54.26,227920,42,卖盘
954,10:17:42,54.27,37987,7,买盘
955,10:17:45,54.27,211643,39,买盘
956,10:17:48,54.27,249642,46,卖盘
957,10:17:51,54.25,103079,19,卖盘
958,10:17:54,54.25,124794,23,卖盘
959,10:17:57,54.25,27126,5,卖盘
960,10:18:00,54.25,471955,87,卖盘
961,10:18:03,54.23,113929,21,卖盘
962,10:18:06,54.23,168167,31,卖盘
963,10:18:09,54.23,173552,32,卖盘
964,10:18:12,54.25,1187740,219,买盘
965,10:18:15,54.26,580464,107,买盘
966,10:18:18,54.26,86815,16,买盘
967,10:18:21,54.25,341796,63,卖盘
968,10:18:24,54.25,81375,15,买盘
969,10:18:27,54.23,287425,53,卖盘
970,10:18:30,54.25,477385,88,买盘
971,10:18:33,54.25,54246,10,买盘
972,10:18:36,54.22,314552,58,卖盘
973,10:18:39,54.28,1149980,212,买盘
974,10:18:42,54.23,10846,2,买盘
975,10:18:45,54.23,699439,129,买盘
976,10:18:48,54.22,54227,10,卖盘
977,10:18:51,54.22,130128,24,卖盘
978,10:18:54,54.22,705183,130,卖盘
979,10:18:57,54.22,1246815,230,卖盘
980,10:19:00,54.23,168101,31,买盘
981,10:19:03,54.21,292736,54,卖盘
982,10:19:06,54.2,596309,110,卖盘
983,10:19:09,54.25,1127896,208,买盘
984,10:19:12,54.21,1468880,271,买盘
985,10:19:15,54.2,476970,88,卖盘
986,10:19:18,54.21,59624,11,买盘
987,10:19:21,54.21,254756,47,买盘
988,10:19:24,54.21,27101,5,买盘
989,10:19:27,54.2,92140,17,卖盘
990,10:19:30,54.2,157202,29,卖盘
991,10:19:33,54.2,184282,34,卖盘
992,10:19:36,54.2,48780,9,卖盘
993,10:19:39,54.2,59620,11,买盘
994,10:19:42,54.19,108396,20,卖盘
995,10:19:45,54.19,368492,68,卖盘
996,10:19:48,54.18,65024,12,卖盘
997,10:19:51,54.19,43347,8,买盘
998,10:19:54,54.19,222159,41,买盘
999,10:19:57,54.18,97526,18,卖盘
1000,10:20:00,54.18,449694,83,卖盘
1001,10:20:03,54.18,319668,59,卖盘
1002,10:20:06,54.18,498494,92,卖盘
1003,10:20:09,54.17,81260,15,卖盘
1004,10:20:12,54.18,1674020,309,买盘
1005,10:20:15,54.16,243732,45,卖盘
1006,10:20:18,54.16,81251,15,卖盘
1007,10:20:21,54.17,178735,33,买盘
1008,10:20:24,54.17,287050,53,买盘
1009,10:20:27,54.17,102922,19,买盘
1010,10:20:30,54.17,59577,11,买盘
1011,10:20:33,54.16,243720,45,卖盘
1012,10:20:36,54.15,622886,115,卖盘
1013,10:20:39,54.16,92075,17,中性盘
1014,10:20:42,54.16,189538,35,卖盘
1015,10:20:45,54.17,200393,37,买盘
1016,10:20:48,54.15,43324,8,卖盘
1017,10:20:51,54.15,638979,118,卖盘
1018,10:20:54,54.14,178673,33,卖盘
1019,10:20:57,54.14,16244,3,卖盘
1020,10:21:00,54.14,108282,20,卖盘
1021,10:21:03,54.14,102860,19,卖盘
1022,10:21:06,54.14,1093636,202,买盘
1023,10:21:09,54.14,471055,87,卖盘
1024,10:21:12,54.15,769021,142,中性盘
1025,10:21:15,54.17,698925,129,中性盘
1026,10:21:18,54.16,140809,26,卖盘
1027,10:21:21,54.14,557708,103,卖盘
1028,10:21:24,54.15,119131,22,买盘
1029,10:21:27,54.14,335648,62,卖盘
1030,10:21:30,54.14,259917,48,卖盘
1031,10:21:33,54.14,249082,46,卖盘
1032,10:21:36,54.14,21656,4,买盘
1033,10:21:39,54.13,216543,40,卖盘
1034,10:21:42,54.13,189464,35,卖盘
1035,10:21:45,54.12,162383,30,卖盘
1036,10:21:48,54.13,216520,40,买盘
1037,10:21:51,54.11,3138585,580,卖盘
1038,10:21:54,54.1,173132,32,卖盘
1039,10:21:57,54.1,37870,7,卖盘
1040,10:22:00,54.1,173139,32,卖盘
1041,10:22:03,54.1,1958468,362,卖盘
1042,10:22:06,54.09,540910,100,卖盘
1043,10:22:09,54.09,146051,27,卖盘
1044,10:22:12,54.09,216384,40,卖盘
1045,10:22:15,54.09,232587,43,卖盘
1046,10:22:18,54.08,713856,132,卖盘
1047,10:22:21,54.06,324412,60,卖盘
1048,10:22:24,54.05,578436,107,卖盘
1049,10:22:27,54.06,1237878,229,买盘
1050,10:22:30,54.04,762071,141,卖盘
1051,10:22:33,54.04,75656,14,卖盘
1052,10:22:36,54.03,91865,17,卖盘
1053,10:22:39,54.04,783553,145,买盘
1054,10:22:42,54.04,497124,92,中性盘
1055,10:22:45,54.03,605136,112,卖盘
1056,10:22:48,54.04,1183552,219,买盘
1057,10:22:51,54.04,226963,42,卖盘
1058,10:22:54,54.04,264756,49,卖盘
1059,10:22:57,54.03,1037513,192,卖盘
1060,10:23:00,54.06,162139,30,买盘
1061,10:23:03,54.08,1681946,311,买盘
1062,10:23:06,54.09,400320,74,中性盘
1063,10:23:09,54.11,21638,4,买盘
1064,10:23:12,54.12,16234,3,买盘
1065,10:23:15,54.11,778757,144,中性盘
1066,10:23:18,54.12,146109,27,买盘
1067,10:23:21,54.1,135264,25,卖盘
1068,10:23:24,54.13,659917,122,买盘
1069,10:23:27,54.1,660202,122,卖盘
1070,10:23:30,54.14,481701,89,买盘
1071,10:23:33,54.11,703596,130,卖盘
1072,10:23:36,54.12,211164,39,卖盘
1073,10:23:39,54.14,346492,64,中性盘
1074,10:23:42,54.14,254491,47,卖盘
1075,10:23:45,54.15,162431,30,买盘
1076,10:23:48,54.12,146212,27,卖盘
1077,10:23:51,54.15,221954,41,买盘
1078,10:23:54,54.12,92106,17,卖盘
1079,10:23:57,54.12,70370,13,卖盘
1080,10:24:00,54.12,189527,35,卖盘
1081,10:24:03,54.16,140826,26,中性盘
1082,10:24:06,54.13,221946,41,卖盘
1083,10:24:09,54.14,200361,37,买盘
1084,10:24:12,54.13,43315,8,卖盘
1085,10:24:15,54.18,130022,24,买盘
1086,10:24:18,54.15,108352,20,卖盘
1087,10:24:21,54.17,65010,12,买盘
1088,10:24:24,54.15,167872,31,卖盘
1089,10:24:27,54.17,10834,2,买盘
1090,10:24:30,54.17,21665,4,买盘
1091,10:24:33,54.17,81259,15,买盘
1092,10:24:36,54.16,314180,58,卖盘
1093,10:24:39,54.17,297950,55,买盘
1094,10:24:42,54.16,64994,12,卖盘
1095,10:24:45,54.16,37914,7,卖盘
1096,10:24:48,54.16,200397,37,卖盘
1097,10:24:51,54.16,194976,36,卖盘
1098,10:24:54,54.16,465844,86,中性盘
1099,10:24:57,54.15,10831,2,卖盘
1100,10:25:00,54.16,97485,18,买盘
1101,10:25:03,54.15,330315,61,卖盘
1102,10:25:06,54.15,178697,33,卖盘
1103,10:25:09,54.15,70395,13,卖盘
1104,10:25:15,54.16,167882,31,买盘
1105,10:25:18,54.15,254520,47,卖盘
1106,10:25:21,54.15,184115,34,卖盘
1107,10:25:24,54.16,211224,39,买盘
1108,10:25:27,54.18,4264155,787,买盘
1109,10:25:30,54.24,140964,26,买盘
1110,10:25:33,54.19,552738,102,卖盘
1111,10:25:36,54.19,130109,24,卖盘
1112,10:25:39,54.2,65081,12,卖盘
1113,10:25:42,54.2,75878,14,卖盘
1114,10:25:45,54.19,412186,76,卖盘
1115,10:25:48,54.2,292815,54,卖盘
1116,10:25:51,54.2,59652,11,买盘
1117,10:25:54,54.2,531392,98,卖盘
1118,10:25:57,54.2,140954,26,卖盘
1119,10:26:00,54.2,75893,14,卖盘
1120,10:26:03,54.23,135587,25,买盘
1121,10:26:06,54.23,75922,14,买盘
1122,10:26:09,54.23,43384,8,买盘
1123,10:26:12,54.23,16268,3,买盘
1124,10:26:15,54.22,48798,9,卖盘
1125,10:26:18,54.24,10848,2,买盘
1126,10:26:21,54.2,368713,68,卖盘
1127,10:26:24,54.23,48799,9,中性盘
1128,10:26:27,54.24,178986,33,买盘
1129,10:26:30,54.2,564043,104,卖盘
1130,10:26:33,54.2,54203,10,卖盘
1131,10:26:36,54.2,10840,2,卖盘
1132,10:26:39,54.2,124668,23,卖盘
1133,10:26:42,54.22,601710,111,买盘
1134,10:26:45,54.2,119244,22,中性盘
1135,10:26:48,54.21,97578,18,中性盘
1136,10:26:51,54.21,5421,1,卖盘
1137,10:26:54,54.21,75884,14,买盘
1138,10:26:57,54.21,32526,6,买盘
1139,10:27:00,54.21,102998,19,买盘
1140,10:27:03,54.2,840211,155,卖盘
1141,10:27:06,54.19,536645,99,卖盘
1142,10:27:09,54.2,357743,66,中性盘
1143,10:27:12,54.19,319818,59,卖盘
1144,10:27:15,54.19,205926,38,卖盘
1145,10:27:18,54.19,281798,52,买盘
1146,10:27:21,54.2,411905,76,买盘
1147,10:27:24,54.19,368575,68,卖盘
1148,10:27:27,54.2,130061,24,买盘
1149,10:27:30,54.19,10838,2,卖盘
1150,10:27:33,54.2,75872,14,买盘
1151,10:27:36,54.19,16257,3,卖盘
1152,10:27:39,54.19,401007,74,卖盘
1153,10:27:42,54.18,27094,5,卖盘
1154,10:27:45,54.18,75855,14,卖盘
1155,10:27:48,54.18,222149,41,卖盘
1156,10:27:51,54.17,438860,81,卖盘
1157,10:27:54,54.2,2145934,396,买盘
1158,10:27:57,54.19,281798,52,卖盘
1159,10:28:00,54.19,590821,109,卖盘
1160,10:28:03,54.23,265658,49,买盘
1161,10:28:06,54.23,330816,61,买盘
1162,10:28:09,54.23,704794,130,卖盘
1163,10:28:12,54.24,59673,11,中性盘
1164,10:28:15,54.23,113914,21,卖盘
1165,10:28:18,54.24,37963,7,买盘
1166,10:28:21,54.23,43385,8,卖盘
1167,10:28:24,54.21,37947,7,卖盘
1168,10:28:27,54.23,59635,11,买盘
1169,10:28:30,54.23,92185,17,买盘
1170,10:28:33,54.25,1936371,357,买盘
1171,10:28:36,54.27,575272,106,中性盘
1172,10:28:39,54.3,1243372,229,买盘
1173,10:28:42,54.27,781783,144,卖盘
1174,10:28:45,54.26,75977,14,卖盘
1175,10:28:48,54.26,21704,4,卖盘
1176,10:28:51,54.26,282175,52,卖盘
1177,10:28:54,54.25,75963,14,卖盘
1178,10:28:57,54.25,5425,1,卖盘
1179,10:29:00,54.26,59680,11,中性盘
1180,10:29:03,54.26,48848,9,卖盘
1181,10:29:06,54.25,168192,31,卖盘
1182,10:29:09,54.25,97675,18,卖盘
1183,10:29:12,54.26,75963,14,中性盘
1184,10:29:15,54.25,48825,9,卖盘
1185,10:29:18,54.3,2883059,531,买盘
1186,10:29:21,54.31,640847,118,买盘
1187,10:29:24,54.32,1010237,186,买盘
1188,10:29:27,54.3,1515406,279,卖盘
1189,10:29:30,54.32,27152,5,中性盘
1190,10:29:33,54.3,537587,99,卖盘
1191,10:29:36,54.32,282393,52,买盘
1192,10:29:39,54.3,412623,76,买盘
1193,10:29:42,54.31,401824,74,买盘
1194,10:29:45,54.3,43440,8,卖盘
1195,10:29:48,54.25,510235,94,卖盘
1196,10:29:51,54.26,206312,38,卖盘
1197,10:29:54,54.25,233347,43,卖盘
1198,10:29:57,54.26,3331144,614,买盘
1199,10:30:00,54.29,16287,3,中性盘
1200,10:30:03,54.31,548448,101,买盘
1201,10:30:06,54.35,2020974,372,买盘
1202,10:30:09,54.35,461750,85,买盘
1203,10:30:12,54.35,662937,122,买盘
1204,10:30:15,54.35,222846,41,卖盘
1205,10:30:18,54.35,141317,26,买盘
1206,10:30:21,54.35,163050,30,买盘
1207,10:30:24,54.35,21736,4,买盘
1208,10:30:27,54.33,565236,104,中性盘
1209,10:30:30,54.33,902209,166,卖盘
1210,10:30:33,54.34,326082,60,买盘
1211,10:30:36,54.37,2625633,483,买盘
1212,10:30:39,54.35,86980,16,卖盘
1213,10:30:42,54.35,228284,42,卖盘
1214,10:30:45,54.35,173935,32,卖盘
1215,10:30:48,54.38,298977,55,买盘
1216,10:30:51,54.38,163099,30,买盘
1217,10:30:54,54.37,478388,88,卖盘
1218,10:30:57,54.37,1196329,220,买盘
1219,10:31:00,54.37,135921,25,买盘
1220,10:31:03,54.38,4508914,829,买盘
1221,10:31:06,54.39,114210,21,中性盘
1222,10:31:09,54.4,891939,164,买盘
1223,10:31:12,54.38,598388,110,卖盘
1224,10:31:15,54.4,1017037,187,买盘
1225,10:31:18,54.43,2715050,499,买盘
1226,10:31:21,54.38,70702,13,卖盘
1227,10:31:24,54.4,206712,38,买盘
1228,10:31:27,54.4,76161,14,卖盘
1229,10:31:30,54.4,625560,115,卖盘
1230,10:31:33,54.38,233895,43,卖盘
1231,10:31:36,54.39,571256,105,中性盘
1232,10:31:39,54.38,1403765,258,卖盘
1233,10:31:42,54.38,310074,57,卖盘
1234,10:31:45,54.4,777821,143,买盘
1235,10:31:48,54.35,1473386,271,卖盘
1236,10:31:51,54.36,331643,61,买盘
1237,10:31:54,54.36,347934,64,买盘
1238,10:31:57,54.32,635875,117,卖盘
1239,10:32:00,54.35,103265,19,买盘
1240,10:32:03,54.35,489012,90,买盘
1241,10:32:06,54.32,65187,12,卖盘
1242,10:32:09,54.33,157554,29,中性盘
1243,10:32:12,54.33,239048,44,买盘
1244,10:32:15,54.33,92357,17,卖盘
1245,10:32:18,54.32,65189,12,卖盘
1246,10:32:21,54.31,65177,12,卖盘
1247,10:32:24,54.32,59747,11,买盘
1248,10:32:27,54.31,21724,4,中性盘
1249,10:32:30,54.35,4047424,745,买盘
1250,10:32:33,54.35,1320682,243,买盘
1251,10:32:36,54.36,1559991,287,买盘
1252,10:32:39,54.38,163067,30,买盘
1253,10:32:42,54.34,804349,148,卖盘
1254,10:32:45,54.36,86976,16,中性盘
1255,10:32:48,54.38,206614,38,买盘
1256,10:32:51,54.36,141371,26,卖盘
1257,10:32:54,54.36,212016,39,卖盘
1258,10:32:57,54.37,587170,108,中性盘
1259,10:33:00,54.37,119627,22,卖盘
1260,10:33:03,54.38,114180,21,买盘
1261,10:33:06,54.44,3084854,567,买盘
1262,10:33:09,54.43,326562,60,卖盘
1263,10:33:12,54.44,174179,32,买盘
1264,10:33:15,54.44,1502669,276,买盘
1265,10:33:18,54.44,359281,66,卖盘
1266,10:33:21,54.44,500854,92,卖盘
1267,10:33:24,54.44,1067141,196,卖盘
1268,10:33:27,54.39,397370,73,卖盘
1269,10:33:30,54.45,401971,74,买盘
1270,10:33:33,54.4,311211,57,卖盘
1271,10:33:36,54.45,27225,5,买盘
1272,10:33:39,54.4,125170,23,卖盘
1273,10:33:42,54.44,70731,13,中性盘
1274,10:33:45,54.44,174215,32,买盘
1275,10:33:48,54.44,713130,131,买盘
1276,10:33:51,54.41,179609,33,卖盘
1277,10:33:54,54.4,119706,22,卖盘
1278,10:33:57,54.39,217594,40,卖盘
1279,10:34:00,54.41,228490,42,买盘
1280,10:34:03,54.41,103379,19,买盘
1281,10:34:06,54.41,266596,49,买盘
1282,10:34:09,54.41,59849,11,卖盘
1283,10:34:12,54.41,190440,35,卖盘
1284,10:34:15,54.41,97938,18,卖盘
1285,10:34:18,54.41,228510,42,卖盘
1286,10:34:21,54.41,631156,116,买盘
1287,10:34:24,54.44,2422328,445,买盘
1288,10:34:27,54.45,609828,112,买盘
1289,10:34:30,54.45,245018,45,卖盘
1290,10:34:33,54.45,272229,50,卖盘
1291,10:34:36,54.44,196045,36,卖盘
1292,10:34:39,54.45,108895,20,买盘
1293,10:34:42,54.45,119790,22,买盘
1294,10:34:45,54.45,299466,55,买盘
1295,10:34:48,54.44,430150,79,卖盘
1296,10:34:51,54.44,392016,72,卖盘
1297,10:34:54,54.45,441048,81,买盘
1298,10:34:57,54.45,49005,9,卖盘
1299,10:35:00,54.45,239580,44,卖盘
1300,10:35:03,54.45,588071,108,卖盘
1301,10:35:06,54.45,146999,27,卖盘
1302,10:35:09,54.45,92565,17,买盘
1303,10:35:12,54.43,1028924,189,卖盘
1304,10:35:15,54.43,103418,19,卖盘
1305,10:35:18,54.43,342926,63,卖盘
1306,10:35:21,54.43,696763,128,卖盘
1307,10:35:24,54.43,92517,17,买盘
1308,10:35:27,54.41,16323,3,卖盘
1309,10:35:30,54.41,495132,91,卖盘
1310,10:35:33,54.41,163230,30,卖盘
1311,10:35:36,54.41,250283,46,买盘
1312,10:35:39,54.4,266580,49,卖盘
1313,10:35:42,54.39,255694,47,卖盘
1314,10:35:45,54.39,81587,15,卖盘
1315,10:35:48,54.38,331744,61,卖盘
1316,10:35:51,54.38,92439,17,卖盘
1317,10:35:54,54.38,549252,101,买盘
1318,10:35:57,54.43,2589702,476,买盘
1319,10:36:00,54.42,2193805,403,中性盘
1320,10:36:03,54.43,195957,36,买盘
1321,10:36:06,54.42,157831,29,卖盘
1322,10:36:09,54.42,114282,21,买盘
1323,10:36:12,54.42,234006,43,买盘
1324,10:36:15,54.41,440800,81,卖盘
1325,10:36:18,54.41,337386,62,卖盘
1326,10:36:21,54.41,103379,19,卖盘
1327,10:36:24,54.41,288370,53,卖盘
1328,10:36:27,54.41,163230,30,买盘
1329,10:36:30,54.41,892344,164,买盘
1330,10:36:33,54.4,538726,99,卖盘
1331,10:36:36,54.41,125137,23,中性盘
1332,10:36:39,54.42,315629,58,买盘
1333,10:36:42,54.43,163255,30,买盘
1334,10:36:45,54.43,125172,23,买盘
1335,10:36:48,54.43,342884,63,买盘
1336,10:36:51,54.45,2912080,535,买盘
1337,10:36:54,54.45,1747969,321,买盘
1338,10:36:57,54.48,3442701,632,买盘
1339,10:37:00,54.52,6801482,1248,买盘
1340,10:37:03,54.52,1128345,207,买盘
1341,10:37:06,54.52,92686,17,卖盘
1342,10:37:09,54.54,845216,155,买盘
1343,10:37:12,54.53,365403,67,卖盘
1344,10:37:15,54.55,1232765,226,买盘
1345,10:37:18,54.54,856219,157,买盘
1346,10:37:21,54.53,1210735,222,卖盘
1347,10:37:24,54.54,534552,98,买盘
1348,10:37:27,54.53,823455,151,卖盘
1349,10:37:30,54.53,1685072,309,买盘
1350,10:37:33,54.51,1444853,265,卖盘
1351,10:37:36,54.51,201687,37,买盘
1352,10:37:39,54.49,81740,15,卖盘
1353,10:37:42,54.51,277976,51,买盘
1354,10:37:45,54.5,463304,85,中性盘
1355,10:37:48,54.5,168946,31,买盘
1356,10:37:51,54.5,730339,134,买盘
1357,10:37:54,54.5,343373,63,卖盘
1358,10:37:57,54.5,207101,38,卖盘
1359,10:38:00,54.51,872142,160,买盘
1360,10:38:03,54.5,239809,44,卖盘
1361,10:38:06,54.52,594199,109,买盘
1362,10:38:09,54.51,223538,41,卖盘
1363,10:38:12,54.5,136268,25,卖盘
1364,10:38:15,54.51,774082,142,卖盘
1365,10:38:18,54.52,1373995,252,买盘
1366,10:38:21,54.52,1466831,269,卖盘
1367,10:38:24,54.52,637998,117,买盘
1368,10:38:27,54.54,528984,97,买盘
1369,10:38:30,54.55,1156427,212,买盘
1370,10:38:33,54.56,1914846,351,买盘
1371,10:38:36,54.56,136395,25,买盘
1372,10:38:39,54.56,665538,122,买盘
1373,10:38:42,54.56,589246,108,买盘
1374,10:38:45,54.56,872944,160,卖盘
1375,10:38:48,54.56,463770,85,卖盘
1376,10:38:51,54.56,1849964,339,买盘
1377,10:38:54,54.56,1107578,203,买盘
1378,10:38:57,54.55,294627,54,卖盘
1379,10:39:00,54.56,409181,75,买盘
1380,10:39:03,54.56,752984,138,卖盘
1381,10:39:06,54.55,201865,37,卖盘
1382,10:39:09,54.55,840332,154,卖盘
1383,10:39:12,54.56,485519,89,买盘
1384,10:39:15,54.55,376449,69,卖盘
1385,10:39:18,54.56,1069366,196,买盘
1386,10:39:21,54.76,47194401,8633,买盘
1387,10:39:24,54.81,12223565,2230,买盘
1388,10:39:27,54.89,4483555,817,买盘
1389,10:39:30,54.91,3491528,636,买盘
1390,10:39:33,54.95,1988701,362,买盘
1391,10:39:36,54.95,1824216,332,买盘
1392,10:39:39,54.93,5828217,1061,卖盘
1393,10:39:42,54.9,2169134,395,卖盘
1394,10:39:45,54.91,2217891,404,中性盘
1395,10:39:48,54.86,3101649,565,卖盘
1396,10:39:51,54.85,2123436,387,卖盘
1397,10:39:54,54.85,3721221,678,中性盘
1398,10:39:57,54.81,1168184,213,卖盘
1399,10:40:00,54.82,1348593,246,中性盘
1400,10:40:03,54.82,4320712,788,买盘
1401,10:40:06,54.81,1743516,318,卖盘
1402,10:40:09,54.82,1957095,357,买盘
1403,10:40:12,54.84,1803818,329,买盘
1404,10:40:15,54.82,2012243,367,卖盘
1405,10:40:18,54.81,1475188,269,卖盘
1406,10:40:21,54.82,1452664,265,买盘
1407,10:40:24,54.82,1354055,247,买盘
1408,10:40:27,54.81,679654,124,中性盘
1409,10:40:30,54.81,1151003,210,买盘
1410,10:40:33,54.81,898877,164,卖盘
1411,10:40:36,54.81,1540239,281,买盘
1412,10:40:39,54.8,542568,99,卖盘
1413,10:40:42,54.8,2252476,411,买盘
1414,10:40:45,54.79,816424,149,卖盘
1415,10:40:48,54.79,613650,112,买盘
1416,10:40:51,54.78,903809,165,卖盘
1417,10:40:54,54.75,465544,85,中性盘
1418,10:40:57,54.75,964098,176,卖盘
1419,10:41:00,54.73,509138,93,卖盘
1420,10:41:03,54.74,514605,94,买盘
1421,10:41:06,54.71,481617,88,卖盘
1422,10:41:09,54.72,678467,124,买盘
1423,10:41:12,54.7,2101172,384,卖盘
1424,10:41:15,54.7,1881836,344,买盘
1425,10:41:18,54.71,1406039,257,中性盘
1426,10:41:21,54.7,2588621,473,卖盘
1427,10:41:24,54.7,623611,114,买盘
1428,10:41:27,54.7,1088581,199,买盘
1429,10:41:30,54.73,1126838,206,买盘
1430,10:41:33,54.72,563620,103,卖盘
1431,10:41:36,54.7,607383,111,买盘
1432,10:41:39,54.71,240759,44,中性盘
1433,10:41:42,54.71,623644,114,卖盘
1434,10:41:45,54.73,1756348,321,买盘
1435,10:41:48,54.73,777071,142,买盘
1436,10:41:51,54.76,3258053,595,买盘
1437,10:41:54,54.74,1566543,286,卖盘
1438,10:41:57,54.79,876733,160,买盘
1439,10:42:00,54.81,1841338,336,买盘
1440,10:42:03,54.82,740075,135,买盘
1441,10:42:06,54.83,1579467,288,买盘
1442,10:42:09,54.85,1563036,285,买盘
1443,10:42:12,54.86,1602123,292,买盘
1444,10:42:15,54.86,1070122,195,卖盘
1445,10:42:18,54.89,1975917,360,买盘
1446,10:42:21,54.89,2886852,526,买盘
1447,10:42:24,54.89,2036722,371,卖盘
1448,10:42:27,54.9,4024686,733,买盘
1449,10:42:30,55.03,41374841,7525,买盘
1450,10:42:33,55.21,24094407,4369,买盘
1451,10:42:36,55.25,3020773,547,买盘
1452,10:42:39,55.25,7425524,1344,买盘
1453,10:42:42,55.2,5043305,913,卖盘
1454,10:42:45,55.2,8449792,1531,买盘
1455,10:42:48,55.2,3599126,652,买盘
1456,10:42:51,55.23,5913719,1071,买盘
1457,10:42:54,55.25,5248295,950,买盘
1458,10:42:57,55.3,14205115,2569,买盘
1459,10:43:00,55.29,3667062,663,卖盘
1460,10:43:03,55.27,3190363,577,卖盘
1461,10:43:06,55.28,4096699,741,买盘
1462,10:43:09,55.26,6576204,1190,卖盘
1463,10:43:12,55.26,3034054,549,买盘
1464,10:43:15,55.23,3337168,604,卖盘
1465,10:43:18,55.2,4170418,755,卖盘
1466,10:43:21,55.19,3412540,618,卖盘
1467,10:43:24,55.2,2312975,419,买盘
1468,10:43:27,55.19,1589302,288,卖盘
1469,10:43:30,55.19,2897317,525,买盘
1470,10:43:33,55.19,1125637,204,买盘
1471,10:43:36,55.12,904373,164,卖盘
1472,10:43:39,55.18,1660121,301,买盘
1473,10:43:42,55.18,2111714,383,买盘
1474,10:43:45,55.15,1350960,245,买盘
1475,10:43:48,55.13,2376514,431,卖盘
1476,10:43:51,55.13,1312112,238,卖盘
1477,10:43:54,55.14,2127969,386,买盘
1478,10:43:57,55.17,1775485,322,买盘
1479,10:44:00,55.16,2653237,481,中性盘
1480,10:44:03,55.15,3298829,598,卖盘
1481,10:44:06,55.17,2493746,452,中性盘
1482,10:44:09,55.16,1538942,279,卖盘
1483,10:44:12,55.16,2421475,439,买盘
1484,10:44:15,55.16,3534672,641,卖盘
1485,10:44:18,55.12,1923528,349,卖盘
1486,10:44:21,55.12,3366649,611,买盘
1487,10:44:24,55.08,600642,109,中性盘
1488,10:44:27,55.1,688697,125,买盘
1489,10:44:30,55.1,1945096,353,买盘
1490,10:44:33,55.09,710333,129,中性盘
1491,10:44:36,55.07,2307965,419,卖盘
1492,10:44:39,55.07,743407,135,买盘
1493,10:44:42,55.06,958175,174,卖盘
1494,10:44:45,55.06,655213,119,买盘
1495,10:44:48,55.04,456951,83,卖盘
1496,10:44:51,55.03,935716,170,卖盘
1497,10:44:54,55.03,1188411,216,卖盘
1498,10:44:57,55.03,935265,170,买盘
1499,10:45:00,55.04,2338634,425,买盘
1500,10:45:03,55.03,1089634,198,卖盘
1501,10:45:06,55.03,2708014,492,卖盘
1502,10:45:09,55.04,836496,152,买盘
1503,10:45:12,55.04,671484,122,买盘
1504,10:45:15,55.04,1309995,238,卖盘
1505,10:45:18,55.05,2537543,461,买盘
1506,10:45:21,55.06,1315736,239,买盘
1507,10:45:24,55.06,814869,148,买盘
1508,10:45:27,55.06,1112302,202,卖盘
1509,10:45:30,55.07,859044,156,买盘
1510,10:45:33,55.07,1833878,333,买盘
1511,10:45:36,55.09,2175378,395,买盘
1512,10:45:39,55.09,721561,131,买盘
1513,10:45:42,55.09,2473322,449,卖盘
1514,10:45:45,55.08,2440065,443,卖盘
1515,10:45:48,55.1,1553449,282,买盘
1516,10:45:51,55.08,1294259,235,卖盘
1517,10:45:54,55.09,1713309,311,买盘
1518,10:45:57,55.1,1928218,350,买盘
1519,10:46:00,55.1,1520781,276,卖盘
1520,10:46:03,55.12,1449366,263,买盘
1521,10:46:06,55.11,4672929,848,卖盘
1522,10:46:09,55.12,4406771,800,买盘
1523,10:46:12,55.11,1454943,264,中性盘
1524,10:46:15,55.1,1217834,221,买盘
1525,10:46:18,55.1,1052297,191,买盘
1526,10:46:21,55.09,330526,60,买盘
1527,10:46:24,55.08,1332931,242,中性盘
1528,10:46:27,55.07,660861,120,中性盘
1529,10:46:30,55.06,666331,121,卖盘
1530,10:46:33,55.05,512045,93,卖盘
1531,10:46:36,55.06,1860745,338,买盘
1532,10:46:39,55.05,622043,113,买盘
1533,10:46:42,55.05,462405,84,买盘
1534,10:46:45,55.04,2141085,389,卖盘
1535,10:46:48,55.03,572395,104,卖盘
1536,10:46:51,55.03,864057,157,卖盘
1537,10:46:54,55.03,577867,105,卖盘
1538,10:46:57,55.01,2888016,525,卖盘
1539,10:47:00,55.02,1479660,269,买盘
1540,10:47:03,55.0,511564,93,卖盘
1541,10:47:06,55.0,1292494,235,卖盘
1542,10:47:09,54.99,214487,39,卖盘
1543,10:47:12,54.99,632376,115,卖盘
1544,10:47:15,54.98,577325,105,卖盘
1545,10:47:18,54.97,346328,63,卖盘
1546,10:47:21,54.97,516726,94,卖盘
1547,10:47:24,54.97,549678,100,卖盘
1548,10:47:27,54.96,494689,90,卖盘
1549,10:47:30,54.96,296761,54,买盘
1550,10:47:33,54.95,785838,143,卖盘
1551,10:47:36,54.94,203298,37,卖盘
1552,10:47:39,54.93,390047,71,卖盘
1553,10:47:42,54.92,335051,61,卖盘
1554,10:47:45,54.91,697476,127,卖盘
1555,10:47:48,54.92,669992,122,买盘
1556,10:47:51,54.9,713831,130,卖盘
1557,10:47:54,54.91,3849847,701,买盘
1558,10:47:57,54.91,1532255,279,卖盘
1559,10:48:00,54.91,1384071,252,买盘
1560,10:48:03,54.95,571157,104,买盘
1561,10:48:06,54.92,1197195,218,卖盘
1562,10:48:09,54.95,906562,165,买盘
1563,10:48:12,54.94,604445,110,卖盘
1564,10:48:15,54.93,318647,58,卖盘
1565,10:48:18,54.94,335122,61,买盘
1566,10:48:21,54.93,505422,92,卖盘
1567,10:48:24,54.97,2264524,412,买盘
1568,10:48:27,54.99,659630,120,买盘
1569,10:48:30,54.98,588120,107,卖盘
1570,10:48:33,54.99,522364,95,买盘
1571,10:48:36,54.98,401371,73,中性盘
1572,10:48:39,54.99,846776,154,买盘
1573,10:48:42,54.99,170473,31,卖盘
1574,10:48:45,55.01,1913981,348,买盘
1575,10:48:48,55.01,170543,31,卖盘
1576,10:48:51,55.02,198063,36,买盘
1577,10:48:54,55.02,572183,104,买盘
1578,10:48:57,55.02,280603,51,中性盘
1579,10:49:00,55.02,1403017,255,卖盘
1580,10:49:03,55.0,1595333,290,卖盘
1581,10:49:06,54.99,1506847,274,卖盘
1582,10:49:09,55.0,2044907,372,买盘
1583,10:49:12,54.93,1345942,245,卖盘
1584,10:49:15,54.95,318720,58,买盘
1585,10:49:18,54.95,175841,32,买盘
1586,10:49:21,54.95,736148,134,卖盘
1587,10:49:24,54.95,522056,95,卖盘
1588,10:49:27,54.95,697852,127,卖盘
1589,10:49:30,54.94,456074,83,中性盘
1590,10:49:33,54.94,137347,25,卖盘
1591,10:49:36,54.94,911993,166,买盘
1592,10:49:39,54.93,329626,60,卖盘
1593,10:49:42,54.91,1483145,270,卖盘
1594,10:49:45,54.91,714152,130,卖盘
1595,10:49:48,54.91,582096,106,卖盘
1596,10:49:51,54.94,631624,115,买盘
1597,10:49:54,54.94,137350,25,卖盘
1598,10:49:57,54.94,488966,89,卖盘
1599,10:50:00,54.93,390064,71,卖盘
1600,10:50:03,54.92,131826,24,卖盘
1601,10:50:06,54.93,422879,77,买盘
1602,10:50:09,54.92,181236,33,卖盘
1603,10:50:12,54.92,263616,48,买盘
1604,10:50:15,54.91,400885,73,卖盘
1605,10:50:18,54.91,702850,128,卖盘
1606,10:50:21,54.91,137275,25,买盘
1607,10:50:24,54.9,483149,88,卖盘
1608,10:50:27,54.9,1421862,259,卖盘
1609,10:50:30,54.9,115286,21,买盘
1610,10:50:33,54.89,433665,79,卖盘
1611,10:50:36,54.88,236010,43,卖盘
1612,10:50:39,54.88,126226,23,卖盘
1613,10:50:42,54.88,1042733,190,卖盘
1614,10:50:45,54.88,1185718,216,卖盘
1615,10:50:48,54.85,1815791,331,卖盘
1616,10:50:51,54.85,318130,58,买盘
1617,10:50:54,54.84,197434,36,卖盘
1618,10:50:57,54.84,433241,79,买盘
1619,10:51:00,54.84,1140711,208,卖盘
1620,10:51:03,54.83,1618079,295,卖盘
1621,10:51:06,54.88,872286,159,买盘
1622,10:51:09,54.84,235786,43,卖盘
1623,10:51:12,54.84,263358,48,买盘
1624,10:51:15,54.88,159102,29,买盘
1625,10:51:18,54.89,268946,49,买盘
1626,10:51:21,54.88,186586,34,中性盘
1627,10:51:24,54.89,170147,31,买盘
1628,10:51:27,54.9,834363,152,买盘
1629,10:51:30,54.89,444682,81,卖盘
1630,10:51:33,54.91,318400,58,买盘
1631,10:51:36,54.9,214121,39,卖盘
1632,10:51:39,54.9,889172,162,卖盘
1633,10:51:42,54.91,148252,27,买盘
1634,10:51:45,54.91,175701,32,卖盘
1635,10:51:48,54.92,214152,39,买盘
1636,10:51:51,54.91,296529,54,卖盘
1637,10:51:54,54.91,192180,35,买盘
1638,10:51:57,54.91,631371,115,买盘
1639,10:52:00,54.9,186661,34,卖盘
1640,10:52:03,54.9,252510,46,买盘
1641,10:52:06,54.9,356850,65,买盘
1642,10:52:09,54.91,263533,48,买盘
1643,10:52:12,54.91,1526402,278,买盘
1644,10:52:15,54.92,1158760,211,买盘
1645,10:52:18,54.9,516193,94,卖盘
1646,10:52:21,54.9,115290,21,买盘
1647,10:52:24,54.9,505060,92,买盘
1648,10:52:27,54.9,32940,6,卖盘
1649,10:52:30,54.91,181203,33,买盘
1650,10:52:33,54.91,175694,32,买盘
1651,10:52:36,54.92,351477,64,买盘
1652,10:52:39,54.92,43929,8,买盘
1653,10:52:42,54.91,307537,56,卖盘
1654,10:52:45,54.92,208663,38,买盘
1655,10:52:48,54.92,928077,169,买盘
1656,10:52:51,54.93,395420,72,买盘
1657,10:52:54,54.92,192226,35,卖盘
1658,10:52:57,54.92,274600,50,买盘
1659,10:53:00,54.92,510795,93,买盘
1660,10:53:03,54.91,3250306,592,卖盘
1661,10:53:06,54.91,120816,22,卖盘
1662,10:53:09,54.91,230635,42,卖盘
1663,10:53:12,54.92,647962,118,买盘
1664,10:53:15,54.91,131804,24,买盘
1665,10:53:18,54.91,757590,138,买盘
1666,10:53:21,54.91,422833,77,卖盘
1667,10:53:24,54.91,334999,61,卖盘
1668,10:53:27,54.94,2340058,426,买盘
1669,10:53:30,54.94,275997,50,卖盘
1670,10:53:33,54.94,38450,7,买盘
1671,10:53:36,54.91,747044,136,卖盘
1672,10:53:39,54.9,780056,142,卖盘
1673,10:53:42,54.91,587469,107,中性盘
1674,10:53:45,54.9,548897,100,中性盘
1675,10:53:48,54.91,241599,44,买盘
1676,10:53:51,54.91,2915361,531,买盘
1677,10:53:54,54.9,334921,61,卖盘
1678,10:53:57,54.91,713711,130,卖盘
1679,10:54:00,54.91,593033,108,卖盘
1680,10:54:03,54.91,219640,40,买盘
1681,10:54:06,54.87,581836,106,卖盘
1682,10:54:09,54.9,197668,36,中性盘
1683,10:54:12,54.88,153676,28,卖盘
1684,10:54:15,54.9,367798,67,买盘
1685,10:54:18,54.89,181122,33,卖盘
1686,10:54:21,54.9,120759,22,买盘
1687,10:54:24,54.89,87830,16,卖盘
1688,10:54:27,54.89,384189,70,买盘
1689,10:54:30,54.89,686098,125,买盘
1690,10:54:33,54.87,181120,33,卖盘
1691,10:54:36,54.87,93301,17,卖盘
1692,10:54:39,54.87,214009,39,卖盘
1693,10:54:42,54.86,576190,105,卖盘
1694,10:54:45,54.86,279817,51,卖盘
1695,10:54:48,54.87,713188,130,买盘
1696,10:54:51,54.87,49384,9,卖盘
1697,10:54:54,54.87,438995,80,卖盘
1698,10:54:57,54.88,537751,98,买盘
1699,10:55:00,54.88,334771,61,卖盘
1700,10:55:03,54.88,493956,90,卖盘
1701,10:55:06,54.88,477492,87,卖盘
1702,10:55:09,54.89,570760,104,买盘
1703,10:55:12,54.88,131725,24,卖盘
1704,10:55:15,54.89,137223,25,买盘
1705,10:55:18,54.89,290893,53,买盘
1706,10:55:21,54.88,620189,113,卖盘
1707,10:55:24,54.89,65868,12,卖盘
1708,10:55:27,54.89,192126,35,卖盘
1709,10:55:30,54.9,170164,31,买盘
1710,10:55:33,54.9,131754,24,买盘
1711,10:55:36,54.9,752088,137,买盘
1712,10:55:39,54.89,466648,85,卖盘
1713,10:55:42,54.9,104306,19,买盘
1714,10:55:45,54.91,203122,37,买盘
1715,10:55:48,54.9,137250,25,卖盘
1716,10:55:51,54.9,109802,20,卖盘
1717,10:55:54,54.9,861964,157,卖盘
1718,10:55:57,54.9,76861,14,卖盘
1719,10:56:00,54.9,82356,15,卖盘
1720,10:56:03,54.9,230585,42,卖盘
1721,10:56:06,54.9,406273,74,卖盘
1722,10:56:09,54.9,279966,51,买盘
1723,10:56:12,54.9,148215,27,买盘
1724,10:56:15,54.9,609376,111,买盘
1725,10:56:18,54.89,164699,30,卖盘
1726,10:56:21,54.9,598410,109,买盘
1727,10:56:24,54.91,175712,32,买盘
1728,10:56:27,54.9,148230,27,卖盘
1729,10:56:30,54.91,323947,59,买盘
1730,10:56:33,54.9,153746,28,卖盘
1731,10:56:36,54.9,98828,18,卖盘
1732,10:56:39,54.9,422767,77,卖盘
1733,10:56:42,54.91,779608,142,买盘
1734,10:56:45,54.91,763229,139,买盘
1735,10:56:48,54.91,252586,46,卖盘
1736,10:56:51,54.92,104341,19,买盘
1737,10:56:54,54.92,93364,17,买盘
1738,10:56:57,54.92,697474,127,买盘
1739,10:57:00,54.92,153777,28,卖盘
1740,10:57:03,54.93,483340,88,买盘
1741,10:57:06,54.86,7343715,1338,卖盘
1742,10:57:09,54.86,702206,128,买盘
1743,10:57:12,54.86,850330,155,买盘
1744,10:57:15,54.85,1151953,210,卖盘
1745,10:57:18,54.85,619805,113,买盘
1746,10:57:21,54.84,427814,78,卖盘
1747,10:57:24,54.85,180998,33,买盘
1748,10:57:27,54.85,877592,160,买盘
1749,10:57:30,54.85,104207,19,买盘
1750,10:57:33,54.85,87752,16,买盘
1751,10:57:36,54.85,581384,106,买盘
1752,10:57:39,54.85,43880,8,买盘
1753,10:57:42,54.85,38403,7,卖盘
1754,10:57:45,54.85,170035,31,卖盘
1755,10:57:48,54.87,367547,67,中性盘
1756,10:57:51,54.87,49383,9,卖盘
1757,10:57:54,54.85,981990,179,卖盘
1758,10:57:57,54.85,153580,28,买盘
1759,10:58:00,54.85,131650,24,买盘
1760,10:58:03,54.85,71308,13,卖盘
1761,10:58:06,54.85,202946,37,卖盘
1762,10:58:09,54.85,296263,54,卖盘
1763,10:58:12,54.87,372986,68,中性盘
1764,10:58:15,54.88,460836,84,买盘
1765,10:58:18,54.88,60351,11,买盘
1766,10:58:21,54.88,208488,38,买盘
1767,10:58:24,54.88,197540,36,买盘
1768,10:58:27,54.87,181021,33,中性盘
1769,10:58:30,54.88,225005,41,买盘
1770,10:58:33,54.87,104259,19,卖盘
1771,10:58:36,54.88,406079,74,买盘
1772,10:58:39,54.88,159143,29,卖盘
1773,10:58:42,54.88,164645,30,卖盘
1774,10:58:45,54.88,181104,33,买盘
1775,10:58:48,54.88,137212,25,卖盘
1776,10:58:51,54.89,137215,25,买盘
1777,10:58:54,54.89,1168947,213,买盘
1778,10:58:57,54.88,521451,95,买盘
1779,10:59:00,54.88,181107,33,买盘
1780,10:59:03,54.88,43904,8,卖盘
1781,10:59:06,54.87,510354,93,卖盘
1782,10:59:09,54.88,82320,15,买盘
1783,10:59:12,54.87,186578,34,卖盘
1784,10:59:15,54.88,109760,20,买盘
1785,10:59:18,54.88,186592,34,买盘
1786,10:59:21,54.88,307374,56,卖盘
1787,10:59:24,54.87,109753,20,卖盘
1788,10:59:27,54.88,340232,62,买盘
1789,10:59:30,54.86,636520,116,卖盘
1790,10:59:33,54.88,241423,44,买盘
1791,10:59:36,54.88,98782,18,买盘
1792,10:59:39,54.87,109742,20,卖盘
1793,10:59:42,54.88,285371,52,买盘
1794,10:59:45,54.88,257917,47,卖盘
1795,10:59:48,54.86,60354,11,卖盘
1796,10:59:51,54.88,181077,33,买盘
1797,10:59:54,54.88,175613,32,买盘
1798,10:59:57,54.87,241444,44,卖盘
1799,11:00:00,54.86,164593,30,卖盘
1800,11:00:03,54.87,142647,26,买盘
1801,11:00:06,54.89,296332,54,买盘
1802,11:00:09,54.88,87796,16,买盘
1803,11:00:12,54.87,400553,73,卖盘
1804,11:00:15,54.88,279816,51,买盘
1805,11:00:18,54.87,641938,117,中性盘
1806,11:00:21,54.86,137167,25,卖盘
1807,11:00:24,54.87,279842,51,买盘
1808,11:00:27,54.87,290774,53,买盘
1809,11:00:30,54.86,839419,153,卖盘
1810,11:00:33,54.83,5583483,1018,卖盘
1811,11:00:36,54.82,274096,50,中性盘
1812,11:00:39,54.81,295978,54,卖盘
1813,11:00:42,54.81,460438,84,卖盘
1814,11:00:45,54.81,498804,91,卖盘
1815,11:00:48,54.81,295984,54,卖盘
1816,11:00:51,54.81,131542,24,买盘
1817,11:00:54,54.8,115092,21,卖盘
1818,11:00:57,54.81,438452,80,买盘
1819,11:01:00,54.8,306896,56,卖盘
1820,11:01:03,54.8,295963,54,卖盘
1821,11:01:06,54.81,268524,49,买盘
1822,11:01:09,54.81,1074090,196,买盘
1823,11:01:12,54.8,559012,102,卖盘
1824,11:01:15,54.81,186325,34,中性盘
1825,11:01:18,54.81,191805,35,买盘
1826,11:01:21,54.81,54804,10,买盘
1827,11:01:24,54.8,252082,46,卖盘
1828,11:01:27,54.81,356254,65,买盘
1829,11:01:30,54.79,383588,70,卖盘
1830,11:01:33,54.79,306877,56,卖盘
1831,11:01:36,54.8,252046,46,买盘
1832,11:01:39,54.79,323261,59,卖盘
1833,11:01:42,54.79,109566,20,卖盘
1834,11:01:45,54.79,147916,27,买盘
1835,11:01:48,54.79,169845,31,买盘
1836,11:01:51,54.79,778006,142,买盘
1837,11:01:54,54.78,158885,29,卖盘
1838,11:01:57,54.79,301315,55,买盘
1839,11:02:00,54.78,186259,34,卖盘
1840,11:02:03,54.78,624584,114,卖盘
1841,11:02:06,54.79,213666,39,中性盘
1842,11:02:09,54.78,219132,40,卖盘
1843,11:02:12,54.78,60249,11,买盘
1844,11:02:15,54.79,284855,52,买盘
1845,11:02:18,54.77,542234,99,卖盘
1846,11:02:21,54.77,60239,11,买盘
1847,11:02:24,54.77,93102,17,买盘
1848,11:02:27,54.77,136914,25,买盘
1849,11:02:30,54.76,224530,41,卖盘
1850,11:02:33,54.76,21904,4,卖盘
1851,11:02:36,54.77,213593,39,买盘
1852,11:02:39,54.76,377888,69,卖盘
1853,11:02:42,54.77,197146,36,买盘
1854,11:02:45,54.77,27385,5,卖盘
1855,11:02:48,54.77,788580,144,卖盘
1856,11:02:51,54.77,624384,114,卖盘
1857,11:02:54,54.76,361470,66,卖盘
1858,11:02:57,54.77,38337,7,买盘
1859,11:03:00,54.76,71189,13,卖盘
1860,11:03:03,54.76,295737,54,卖盘
1861,11:03:06,54.76,71188,13,卖盘
1862,11:03:09,54.76,142387,26,卖盘
1863,11:03:12,54.77,147861,27,买盘
1864,11:03:15,54.76,54761,10,卖盘
1865,11:03:18,54.77,459998,84,买盘
1866,11:03:21,54.76,65712,12,中性盘
1867,11:03:24,54.77,1303035,238,买盘
1868,11:03:27,54.76,164271,30,买盘
1869,11:03:30,54.77,607892,111,买盘
1870,11:03:33,54.77,197173,36,卖盘
1871,11:03:36,54.77,219099,40,卖盘
1872,11:03:39,54.77,416293,76,卖盘
1873,11:03:42,54.76,60241,11,卖盘
1874,11:03:45,54.78,213615,39,买盘
1875,11:03:48,54.77,120484,22,买盘
1876,11:03:51,54.77,54767,10,买盘
1877,11:03:54,54.76,131438,24,卖盘
1878,11:03:57,54.77,147864,27,买盘
1879,11:04:00,54.76,60241,11,卖盘
1880,11:04:03,54.77,71201,13,中性盘
1881,11:04:06,54.77,32862,6,卖盘
1882,11:04:09,54.77,60247,11,卖盘
1883,11:04:12,54.76,197173,36,卖盘
1884,11:04:15,54.77,82154,15,买盘
1885,11:04:18,54.76,98576,18,卖盘
1886,11:04:21,54.76,104058,19,卖盘
1887,11:04:24,54.76,273825,50,卖盘
1888,11:04:27,54.76,306659,56,卖盘
1889,11:04:30,54.76,224515,41,买盘
1890,11:04:33,54.76,131430,24,卖盘
1891,11:04:36,54.76,98569,18,卖盘
1892,11:04:39,54.76,71188,13,卖盘
1893,11:04:42,54.76,71198,13,卖盘
1894,11:04:45,54.76,60239,11,卖盘
1895,11:04:48,54.76,147849,27,卖盘
1896,11:04:51,54.76,229989,42,买盘
1897,11:04:54,54.76,646161,118,买盘
1898,11:04:57,54.75,43804,8,卖盘
1899,11:05:00,54.75,153315,28,卖盘
1900,11:05:03,54.75,136897,25,卖盘
1901,11:05:06,54.75,739134,135,卖盘
1902,11:05:09,54.76,525617,96,买盘
1903,11:05:12,54.76,49284,9,卖盘
1904,11:05:15,54.76,60236,11,卖盘
1905,11:05:18,54.76,613265,112,卖盘
1906,11:05:21,54.76,1007650,184,卖盘
1907,11:05:24,54.76,219033,40,买盘
1908,11:05:27,54.77,574988,105,买盘
1909,11:05:30,54.76,197170,36,卖盘
1910,11:05:33,54.77,186178,34,中性盘
1911,11:05:36,54.77,71201,13,买盘
1912,11:05:39,54.77,60250,11,买盘
1913,11:05:42,54.77,142403,26,卖盘
1914,11:05:45,54.77,208133,38,卖盘
1915,11:05:48,54.77,54776,10,卖盘
1916,11:05:51,54.77,772373,141,卖盘
1917,11:05:54,54.78,54776,10,中性盘
1918,11:05:57,54.77,213603,39,卖盘
1919,11:06:00,54.75,1702865,311,卖盘
1920,11:06:03,54.75,191625,35,买盘
1921,11:06:06,54.71,2544404,465,卖盘
1922,11:06:09,54.73,1220484,223,买盘
1923,11:06:12,54.74,224433,41,买盘
1924,11:06:15,54.73,38311,7,卖盘
1925,11:06:18,54.74,125893,23,买盘
1926,11:06:21,54.74,169682,31,买盘
1927,11:06:24,54.73,186089,34,卖盘
1928,11:06:27,54.73,120414,22,卖盘
1929,11:06:30,54.73,98515,18,卖盘
1930,11:06:33,54.73,32838,6,卖盘
1931,11:06:36,54.72,65674,12,卖盘
1932,11:06:39,54.73,136809,25,买盘
1933,11:06:42,54.71,114906,21,卖盘
1934,11:06:45,54.71,514431,94,卖盘
1935,11:06:48,54.71,43771,8,卖盘
1936,11:06:51,54.72,218896,40,中性盘
1937,11:06:54,54.72,82080,15,卖盘
1938,11:06:57,54.73,273642,50,买盘
1939,11:07:00,54.73,54730,10,卖盘
1940,11:07:03,54.74,218930,40,买盘
1941,11:07:06,54.73,224399,41,卖盘
1942,11:07:09,54.73,60209,11,卖盘
1943,11:07:12,54.74,82102,15,买盘
1944,11:07:15,54.73,284603,52,卖盘
1945,11:07:18,54.74,43792,8,买盘
1946,11:07:21,54.74,76636,14,买盘
1947,11:07:24,54.74,87581,16,买盘
1948,11:07:27,54.74,82099,15,买盘
1949,11:07:30,54.74,87584,16,买盘
1950,11:07:33,54.74,377705,69,买盘
1951,11:07:36,54.75,54747,10,买盘
1952,11:07:39,54.73,465288,85,卖盘
1953,11:07:42,54.74,191562,35,买盘
1954,11:07:45,54.75,328456,60,买盘
1955,11:07:48,54.75,27375,5,买盘
1956,11:07:51,54.74,202562,37,卖盘
1957,11:07:54,54.74,306586,56,卖盘
1958,11:07:57,54.74,191624,35,卖盘
1959,11:08:00,54.75,71174,13,买盘
1960,11:08:03,54.74,164241,30,卖盘
1961,11:08:06,54.75,32850,6,买盘
1962,11:08:09,54.75,49268,9,买盘
1963,11:08:12,54.75,76650,14,买盘
1964,11:08:15,54.75,169724,31,买盘
1965,11:08:18,54.75,350375,64,买盘
1966,11:08:21,54.74,136870,25,卖盘
1967,11:08:24,54.74,1543675,282,卖盘
1968,11:08:27,54.73,71151,13,卖盘
1969,11:08:30,54.73,2511614,459,卖盘
1970,11:08:33,54.71,470514,86,卖盘
1971,11:08:36,54.71,103971,19,卖盘
1972,11:08:39,54.72,158697,29,买盘
1973,11:08:42,54.72,114912,21,卖盘
1974,11:08:45,54.72,32832,6,卖盘
1975,11:08:48,54.73,202492,37,买盘
1976,11:08:51,54.73,235312,43,买盘
1977,11:08:54,54.73,377621,69,买盘
1978,11:08:57,54.73,257236,47,卖盘
1979,11:09:00,54.73,640263,117,卖盘
1980,11:09:03,54.74,229918,42,买盘
1981,11:09:06,54.73,120410,22,卖盘
1982,11:09:09,54.73,71160,13,买盘
1983,11:09:12,54.73,284616,52,卖盘
1984,11:09:15,54.72,131350,24,卖盘
1985,11:09:18,54.73,87559,16,买盘
1986,11:09:21,54.73,372149,68,买盘
1987,11:09:24,54.72,240765,44,卖盘
1988,11:09:27,54.71,317340,58,卖盘
1989,11:09:30,54.71,268106,49,卖盘
1990,11:09:33,54.72,136796,25,买盘
1991,11:09:36,54.72,49247,9,买盘
1992,11:09:39,54.72,109428,20,买盘
1993,11:09:42,54.71,213375,39,卖盘
1994,11:09:45,54.72,82078,15,买盘
1995,11:09:48,54.71,191509,35,卖盘
1996,11:09:51,54.71,120362,22,卖盘
1997,11:09:54,54.68,6558175,1199,卖盘
1998,11:09:57,54.67,120279,22,卖盘
1999,11:10:00,54.67,256988,47,卖盘
2000,11:10:03,54.68,579408,106,中性盘
2001,11:10:06,54.67,278898,51,卖盘
2002,11:10:09,54.71,196949,36,买盘
2003,11:10:12,54.68,60160,11,卖盘
2004,11:10:15,54.68,43752,8,卖盘
2005,11:10:18,54.7,218707,40,买盘
2006,11:10:21,54.68,246130,45,中性盘
2007,11:10:24,54.7,202364,37,买盘
2008,11:10:27,54.7,54688,10,买盘
2009,11:10:30,54.69,142235,26,中性盘
2010,11:10:33,54.7,16410,3,买盘
2011,11:10:36,54.7,21878,4,买盘
2012,11:10:39,54.7,87518,16,买盘
2013,11:10:42,54.71,536019,98,买盘
2014,11:10:45,54.72,120373,22,买盘
2015,11:10:48,54.71,65649,12,买盘
2016,11:10:51,54.71,38297,7,中性盘
2017,11:10:54,54.69,519617,95,卖盘
2018,11:10:57,54.72,503342,92,买盘
2019,11:11:00,54.71,87548,16,中性盘
2020,11:11:03,54.71,93006,17,买盘
2021,11:11:06,54.71,87536,16,卖盘
2022,11:11:09,54.69,98473,18,卖盘
2023,11:11:12,54.71,32824,6,买盘
2024,11:11:15,54.71,147711,27,买盘
2025,11:11:18,54.7,196951,36,卖盘
2026,11:11:21,54.72,92997,17,买盘
2027,11:11:24,54.71,344707,63,中性盘
2028,11:11:27,54.71,290012,53,卖盘
2029,11:11:30,54.72,218855,40,买盘
2030,11:11:33,54.72,114902,21,买盘
2031,11:11:36,54.72,153192,28,买盘
2032,11:11:39,54.71,60187,11,中性盘
2033,11:11:42,54.71,251689,46,卖盘
2034,11:11:45,54.71,426736,78,买盘
2035,11:11:48,54.71,87536,16,买盘
2036,11:11:51,54.71,623760,114,买盘
2037,11:11:54,54.71,125838,23,卖盘
2038,11:11:57,54.7,76588,14,卖盘
2039,11:12:00,54.72,705684,129,买盘
2040,11:12:03,54.71,415829,76,卖盘
2041,11:12:06,54.71,16411,3,买盘
2042,11:12:09,54.71,114884,21,买盘
2043,11:12:12,54.71,120361,22,买盘
2044,11:12:15,54.71,82065,15,买盘
2045,11:12:18,54.7,372027,68,卖盘
2046,11:12:21,54.71,158652,29,买盘
2047,11:12:24,54.71,16413,3,买盘
2048,11:12:27,54.71,5471,1,买盘
2049,11:12:30,54.71,251642,46,买盘
2050,11:12:33,54.71,229782,42,买盘
2051,11:12:36,54.71,136771,25,买盘
2052,11:12:39,54.71,136774,25,买盘
2053,11:12:42,54.72,218842,40,买盘
2054,11:12:45,54.71,235253,43,中性盘
2055,11:12:48,54.71,377500,69,买盘
2056,11:12:51,54.7,120357,22,卖盘
2057,11:12:54,54.7,2352772,430,卖盘
2058,11:12:57,54.73,290037,53,买盘
2059,11:13:00,54.71,125850,23,卖盘
2060,11:13:03,54.73,38303,7,买盘
2061,11:13:06,54.73,87560,16,买盘
2062,11:13:09,54.74,93038,17,买盘
2063,11:13:12,54.74,153261,28,买盘
2064,11:13:15,54.74,54740,10,买盘
2065,11:13:18,54.75,136870,25,买盘
2066,11:13:21,54.75,251850,46,买盘
2067,11:13:24,54.75,761024,139,买盘
2068,11:13:27,54.75,213530,39,买盘
2069,11:13:33,54.77,175234,32,买盘
2070,11:13:36,54.77,16431,3,买盘
2071,11:13:39,54.76,284784,52,卖盘
2072,11:13:42,54.76,295750,54,卖盘
2073,11:13:45,54.77,38345,7,中性盘
2074,11:13:48,54.79,87658,16,买盘
2075,11:13:51,54.8,558952,102,买盘
2076,11:13:54,54.81,54810,10,买盘
2077,11:13:57,54.81,701353,128,买盘
2078,11:14:00,54.82,246678,45,买盘
2079,11:14:03,54.82,71274,13,卖盘
2080,11:14:06,54.82,899048,164,卖盘
2081,11:14:09,54.83,285140,52,买盘
2082,11:14:12,54.84,21934,4,中性盘
2083,11:14:15,54.85,197436,36,买盘
2084,11:14:18,54.83,175477,32,卖盘
2085,11:14:21,54.84,82255,15,买盘
2086,11:14:24,54.84,542862,99,买盘
2087,11:14:27,54.85,296119,54,买盘
2088,11:14:30,54.84,98712,18,卖盘
2089,11:14:33,54.86,844759,154,买盘
2090,11:14:36,54.86,82295,15,卖盘
2091,11:14:39,54.84,1513945,276,卖盘
2092,11:14:42,54.84,82260,15,买盘
2093,11:14:45,54.84,356456,65,买盘
2094,11:14:48,54.84,257759,47,买盘
2095,11:14:51,54.84,5484,1,卖盘
2096,11:14:54,54.85,32906,6,中性盘
2097,11:14:57,54.84,87768,16,卖盘
2098,11:15:00,54.85,82282,15,中性盘
2099,11:15:03,54.84,608734,111,卖盘
2100,11:15:06,54.85,351035,64,中性盘
2101,11:15:09,54.84,104211,19,卖盘
2102,11:15:12,54.84,76779,14,卖盘
2103,11:15:15,54.84,252286,46,卖盘
2104,11:15:18,54.85,137112,25,买盘
2105,11:15:21,54.85,159051,29,买盘
2106,11:15:24,54.85,120663,22,买盘
2107,11:15:27,54.85,224881,41,买盘
2108,11:15:30,54.85,126155,23,买盘
2109,11:15:33,54.86,186507,34,买盘
2110,11:15:36,54.86,274299,50,买盘
2111,11:15:39,54.86,126168,23,买盘
2112,11:15:42,54.86,246869,45,买盘
2113,11:15:45,54.86,384017,70,买盘
2114,11:15:48,54.86,186510,34,买盘
2115,11:15:51,54.86,861447,157,买盘
2116,11:15:54,54.86,213954,39,卖盘
2117,11:15:57,54.87,181069,33,买盘
2118,11:16:00,54.87,120714,22,卖盘
2119,11:16:03,54.87,192047,35,卖盘
2120,11:16:06,54.87,186576,34,卖盘
2121,11:16:09,54.87,32920,6,买盘
2122,11:16:12,54.87,219480,40,买盘
2123,11:16:15,54.87,663843,121,卖盘
2124,11:16:18,54.86,241412,44,卖盘
2125,11:16:21,54.85,257845,47,卖盘
2126,11:16:24,54.86,2292517,418,中性盘
2127,11:16:27,54.84,76776,14,买盘
2128,11:16:30,54.82,65790,12,卖盘
2129,11:16:33,54.82,32900,6,卖盘
2130,11:16:36,54.83,49350,9,中性盘
2131,11:16:39,54.83,32895,6,中性盘
2132,11:16:42,54.83,115128,21,买盘
2133,11:16:45,54.83,38379,7,中性盘
2134,11:16:48,54.82,252186,46,卖盘
2135,11:16:51,54.82,76749,14,卖盘
2136,11:16:54,54.81,32888,6,卖盘
2137,11:16:57,54.8,98655,18,卖盘
2138,11:17:00,54.81,213745,39,中性盘
2139,11:17:03,54.79,1413616,258,卖盘
2140,11:17:06,54.79,164374,30,卖盘
2141,11:17:09,54.79,60271,11,卖盘
2142,11:17:12,54.79,120543,22,买盘
2143,11:17:15,54.8,334278,61,买盘
2144,11:17:18,54.8,164389,30,买盘
2145,11:17:21,54.8,104129,19,卖盘
2146,11:17:24,54.79,164391,30,卖盘
2147,11:17:27,54.8,312360,57,买盘
2148,11:17:30,54.79,361672,66,卖盘
2149,11:17:33,54.79,421900,77,卖盘
2150,11:17:36,54.8,38360,7,买盘
2151,11:17:39,54.8,312320,57,买盘
2152,11:17:42,54.79,158910,29,卖盘
2153,11:17:45,54.79,126028,23,买盘
2154,11:17:48,54.8,5480,1,买盘
2155,11:17:51,54.8,597354,109,买盘
2156,11:17:54,54.8,164415,30,卖盘
2157,11:17:57,54.8,153460,28,买盘
2158,11:18:00,54.8,54794,10,买盘
2159,11:18:03,54.8,257549,47,买盘
2160,11:18:06,54.79,65755,12,卖盘
2161,11:18:09,54.8,268472,49,中性盘
2162,11:18:12,54.8,219193,40,卖盘
2163,11:18:15,54.79,109581,20,中性盘
2164,11:18:18,54.8,82199,15,买盘
2165,11:18:21,54.8,131520,24,买盘
2166,11:18:24,54.8,136976,25,买盘
2167,11:18:27,54.79,854878,156,卖盘
2168,11:18:30,54.8,5480,1,中性盘
2169,11:18:33,54.81,93167,17,买盘
2170,11:18:36,54.82,263127,48,买盘
2171,11:18:39,54.79,356161,65,卖盘
2172,11:18:42,54.78,597180,109,卖盘
2173,11:18:45,54.82,5482,1,买盘
2174,11:18:48,54.81,131534,24,买盘
2175,11:18:51,54.8,104134,19,卖盘
2176,11:18:54,54.8,104135,19,卖盘
2177,11:18:57,54.81,613819,112,卖盘
2178,11:19:00,54.81,109622,20,买盘
2179,11:19:03,54.8,93163,17,卖盘
2180,11:19:06,54.8,38362,7,卖盘
2181,11:19:09,54.8,43840,8,卖盘
2182,11:19:12,54.8,87683,16,卖盘
2183,11:19:15,54.81,673906,123,买盘
2184,11:19:18,54.78,394444,72,卖盘
2185,11:19:21,54.78,208218,38,卖盘
2186,11:19:24,54.78,71214,13,卖盘
2187,11:19:27,54.77,279382,51,卖盘
2188,11:19:30,54.77,120512,22,卖盘
2189,11:19:33,54.78,120511,22,买盘
2190,11:19:36,54.78,147903,27,买盘
2191,11:19:39,54.79,164359,30,买盘
2192,11:19:42,54.79,5479,1,卖盘
2193,11:19:45,54.8,180808,33,买盘
2194,11:19:48,54.8,131502,24,买盘
2195,11:19:51,54.8,164397,30,买盘
2196,11:19:54,54.8,646640,118,卖盘
2197,11:19:57,54.79,109597,20,卖盘
2198,11:20:00,54.8,65757,12,卖盘
2199,11:20:03,54.8,87667,16,卖盘
2200,11:20:06,54.79,10958,2,卖盘
2201,11:20:09,54.8,93158,17,买盘
2202,11:20:12,54.79,60277,11,卖盘
2203,11:20:15,54.79,126027,23,卖盘
2204,11:20:18,54.78,301343,55,卖盘
2205,11:20:21,54.79,5479,1,买盘
2206,11:20:24,54.78,5478,1,卖盘
2207,11:20:27,54.79,158889,29,买盘
2208,11:20:30,54.79,202723,37,卖盘
2209,11:20:33,54.79,312304,57,卖盘
2210,11:20:36,54.79,76705,14,卖盘
2211,11:20:39,54.77,640921,117,卖盘
2212,11:20:42,54.77,262909,48,卖盘
2213,11:20:45,54.78,410806,75,买盘
2214,11:20:48,54.77,766942,140,卖盘
2215,11:20:51,54.76,470994,86,卖盘
2216,11:20:54,54.78,93106,17,买盘
2217,11:20:57,54.77,115017,21,卖盘
2218,11:21:00,54.78,104089,19,买盘
2219,11:21:03,54.78,164337,30,卖盘
2220,11:21:06,54.77,728444,133,卖盘
2221,11:21:09,54.77,125984,23,卖盘
2222,11:21:12,54.78,920304,168,买盘
2223,11:21:15,54.78,87652,16,卖盘
2224,11:21:18,54.79,219127,40,买盘
2225,11:21:21,54.79,126016,23,买盘
2226,11:21:24,54.8,93142,17,买盘
2227,11:21:27,54.79,427309,78,卖盘
2228,11:21:30,54.79,104112,19,卖盘
2229,11:21:33,54.8,252080,46,买盘
2230,11:21:36,54.81,1183757,216,买盘
2231,11:21:39,54.82,76739,14,买盘
2232,11:21:42,54.81,131559,24,卖盘
2233,11:21:45,54.82,87713,16,买盘
2234,11:21:48,54.83,10966,2,买盘
2235,11:21:51,54.83,104174,19,买盘
2236,11:21:54,54.83,16449,3,买盘
2237,11:21:57,54.83,224799,41,买盘
2238,11:22:00,54.83,356395,65,卖盘
2239,11:22:03,54.84,164500,30,买盘
2240,11:22:06,54.84,290638,53,买盘
2241,11:22:09,54.84,49356,9,买盘
2242,11:22:12,54.84,21936,4,卖盘
2243,11:22:15,54.85,356512,65,买盘
2244,11:22:18,54.85,109697,20,买盘
2245,11:22:21,54.85,126142,23,买盘
2246,11:22:24,54.85,71303,13,买盘
2247,11:22:27,54.86,515530,94,买盘
2248,11:22:30,54.85,126156,23,卖盘
2249,11:22:33,54.86,592478,108,买盘
2250,11:22:36,54.87,285291,52,买盘
2251,11:22:39,54.87,5487,1,买盘
2252,11:22:42,54.87,614539,112,买盘
2253,11:22:45,54.88,197545,36,买盘
2254,11:22:48,54.87,5487,1,卖盘
2255,11:22:51,54.88,812100,148,买盘
2256,11:22:54,54.85,1876089,342,卖盘
2257,11:22:57,54.85,126155,23,买盘
2258,11:23:00,54.84,213939,39,卖盘
2259,11:23:03,54.87,142680,26,中性盘
2260,11:23:06,54.86,5486,1,中性盘
2261,11:23:09,54.86,197465,36,买盘
2262,11:23:12,54.85,257809,47,卖盘
2263,11:23:15,54.85,290736,53,卖盘
2264,11:23:18,54.84,87755,16,卖盘
2265,11:23:21,54.85,394875,72,买盘
2266,11:23:24,54.84,510097,93,卖盘
2267,11:23:27,54.84,263271,48,卖盘
2268,11:23:30,54.84,38391,7,卖盘
2269,11:23:33,54.84,38393,7,卖盘
2270,11:23:36,54.85,449765,82,买盘
2271,11:23:39,54.84,224875,41,卖盘
2272,11:23:42,54.85,378444,69,买盘
2273,11:23:45,54.84,723973,132,卖盘
2274,11:23:48,54.85,641745,117,买盘
2275,11:23:51,54.85,202945,37,卖盘
2276,11:23:54,54.85,334588,61,卖盘
2277,11:23:57,54.84,910522,166,卖盘
2278,11:24:00,54.84,345593,63,卖盘
2279,11:24:03,54.83,175476,32,卖盘
2280,11:24:06,54.84,191937,35,买盘
2281,11:24:09,54.85,219369,40,买盘
2282,11:24:12,54.83,43864,8,中性盘
2283,11:24:15,54.83,38386,7,卖盘
2284,11:24:18,54.84,191939,35,买盘
2285,11:24:21,54.84,60319,11,买盘
2286,11:24:24,54.84,504584,92,卖盘
2287,11:24:27,54.84,27421,5,卖盘
2288,11:24:30,54.83,32898,6,卖盘
2289,11:24:33,54.83,93213,17,卖盘
2290,11:24:36,54.84,21935,4,买盘
2291,11:24:39,54.83,213860,39,卖盘
2292,11:24:42,54.83,1173388,214,卖盘
2293,11:24:45,54.83,38384,7,中性盘
2294,11:24:48,54.83,312576,57,买盘
2295,11:24:51,54.83,202857,37,买盘
2296,11:24:54,54.81,104155,19,卖盘
2297,11:24:57,54.82,153472,28,买盘
2298,11:25:00,54.83,756359,138,买盘
2299,11:25:03,54.82,427609,78,中性盘
2300,11:25:06,54.79,1934401,353,卖盘
2301,11:25:09,54.78,131485,24,卖盘
2302,11:25:12,54.79,169843,31,买盘
2303,11:25:15,54.78,416338,76,卖盘
2304,11:25:18,54.78,345156,63,卖盘
2305,11:25:21,54.79,76706,14,中性盘
2306,11:25:24,54.78,93142,17,卖盘
2307,11:25:27,54.79,21914,4,买盘
2308,11:25:30,54.79,230076,42,买盘
2309,11:25:33,54.78,87660,16,卖盘
2310,11:25:36,54.8,262987,48,买盘
2311,11:25:39,54.78,109575,20,卖盘
2312,11:25:42,54.77,153385,28,卖盘
2313,11:25:45,54.79,60264,11,买盘
2314,11:25:48,54.78,60263,11,卖盘
2315,11:25:51,54.79,131493,24,卖盘
2316,11:25:54,54.78,27393,5,卖盘
2317,11:25:57,54.78,27394,5,卖盘
2318,11:26:00,54.79,126024,23,买盘
2319,11:26:03,54.79,345170,63,买盘
2320,11:26:06,54.79,38356,7,卖盘
2321,11:26:09,54.79,49311,9,卖盘
2322,11:26:12,54.78,695831,127,卖盘
2323,11:26:15,54.79,16437,3,中性盘
2324,11:26:18,54.78,471108,86,卖盘
2325,11:26:21,54.77,16431,3,卖盘
2326,11:26:24,54.77,136926,25,卖盘
2327,11:26:27,54.76,443646,81,卖盘
2328,11:26:30,54.77,257458,47,买盘
2329,11:26:33,54.77,82158,15,卖盘
2330,11:26:36,54.76,71200,13,卖盘
2331,11:26:39,54.77,279312,51,卖盘
2332,11:26:42,54.77,312182,57,买盘
2333,11:26:45,54.77,339573,62,买盘
2334,11:26:48,54.78,27388,5,买盘
2335,11:26:51,54.77,43816,8,卖盘
2336,11:26:54,54.77,71201,13,卖盘
2337,11:26:57,54.77,54779,10,卖盘
2338,11:27:00,54.78,191722,35,买盘
2339,11:27:03,54.77,27387,5,卖盘
2340,11:27:06,54.78,65735,12,买盘
2341,11:27:09,54.77,27389,5,卖盘
2342,11:27:12,54.77,87634,16,卖盘
2343,11:27:15,54.77,21908,4,卖盘
2344,11:27:18,54.77,536772,98,卖盘
2345,11:27:21,54.76,213606,39,卖盘
2346,11:27:24,54.76,16428,3,卖盘
2347,11:27:27,54.74,4248786,776,卖盘
2348,11:27:30,54.74,180643,33,卖盘
2349,11:27:33,54.73,27366,5,卖盘
2350,11:27:36,54.73,164208,30,卖盘
2351,11:27:39,54.73,229875,42,卖盘
2352,11:27:42,54.73,93047,17,买盘
2353,11:27:45,54.74,125881,23,买盘
2354,11:27:48,54.73,71150,13,卖盘
2355,11:27:51,54.73,49257,9,卖盘
2356,11:27:54,54.73,733557,134,卖盘
2357,11:27:57,54.73,38311,7,卖盘
2358,11:28:00,54.73,114941,21,卖盘
2359,11:28:03,54.73,235379,43,卖盘
2360,11:28:06,54.73,16419,3,卖盘
2361,11:28:09,54.72,54730,10,卖盘
2362,11:28:15,54.72,76608,14,卖盘
2363,11:28:18,54.73,175105,32,买盘
2364,11:28:21,54.72,612870,112,卖盘
2365,11:28:24,54.71,350210,64,卖盘
2366,11:28:27,54.73,103974,19,买盘
2367,11:28:30,54.71,87549,16,卖盘
2368,11:28:33,54.71,71126,13,卖盘
2369,11:28:36,54.71,202433,37,卖盘
2370,11:28:39,54.71,536162,98,卖盘
2371,11:28:42,54.71,175068,32,买盘
2372,11:28:45,54.71,125816,23,卖盘
2373,11:28:48,54.71,43768,8,卖盘
2374,11:28:51,54.72,393924,72,买盘
2375,11:28:54,54.71,2215774,405,卖盘
2376,11:28:57,54.7,279015,51,卖盘
2377,11:29:00,54.71,21883,4,买盘
2378,11:29:03,54.7,5470,1,卖盘
2379,11:29:06,54.7,82056,15,卖盘
2380,11:29:09,54.72,481494,88,买盘
2381,11:29:12,54.72,153216,28,卖盘
2382,11:29:15,54.72,65665,12,卖盘
2383,11:29:18,54.72,93024,17,卖盘
2384,11:29:21,54.72,10944,2,买盘
2385,11:29:24,54.71,262649,48,卖盘
2386,11:29:27,54.72,142271,26,买盘
2387,11:29:30,54.71,404866,74,卖盘
2388,11:29:33,54.72,98491,18,买盘
2389,11:29:36,54.72,82076,15,买盘
2390,11:29:39,54.72,114893,21,买盘
2391,11:29:42,54.71,114894,21,卖盘
2392,11:29:45,54.71,43771,8,卖盘
2393,11:29:48,54.71,32829,6,卖盘
2394,11:29:51,54.71,306384,56,卖盘
2395,11:29:54,54.71,87541,16,卖盘
2396,11:29:57,54.72,98467,18,买盘
2397,11:30:00,54.72,60190,11,买盘
2398,13:00:00,54.75,1302494,238,买盘
2399,13:00:03,54.72,2249115,411,卖盘
2400,13:00:06,54.72,1751042,320,卖盘
2401,13:00:09,54.68,7455692,1363,卖盘
2402,13:00:12,54.67,885720,162,卖盘
2403,13:00:15,54.68,399092,73,买盘
2404,13:00:18,54.67,43736,8,卖盘
2405,13:00:21,54.68,98414,18,买盘
2406,13:00:24,54.69,1481855,271,买盘
2407,13:00:27,54.72,76572,14,买盘
2408,13:00:30,54.67,683533,125,卖盘
2409,13:00:33,54.69,579582,106,中性盘
2410,13:00:36,54.69,32814,6,买盘
2411,13:00:39,54.7,426618,78,买盘
2412,13:00:42,54.7,153197,28,卖盘
2413,13:00:45,54.7,185980,34,卖盘
2414,13:00:48,54.7,114870,21,买盘
2415,13:00:51,54.69,153156,28,卖盘
2416,13:00:54,54.7,125803,23,买盘
2417,13:00:57,54.68,410170,75,卖盘
2418,13:01:00,54.69,43752,8,买盘
2419,13:01:03,54.68,174985,32,卖盘
2420,13:01:06,54.68,54686,10,卖盘
2421,13:01:09,54.67,295274,54,卖盘
2422,13:01:12,54.68,1049855,192,买盘
2423,13:01:15,54.68,147636,27,卖盘
2424,13:01:18,54.68,16405,3,卖盘
2425,13:01:21,54.68,213262,39,卖盘
2426,13:01:24,54.67,109361,20,卖盘
2427,13:01:27,54.68,87488,16,中性盘
2428,13:01:30,54.68,87489,16,卖盘
2429,13:01:33,54.68,82020,15,卖盘
2430,13:01:36,54.68,727353,133,卖盘
2431,13:01:39,54.68,196815,36,中性盘
2432,13:01:42,54.68,10935,2,中性盘
2433,13:01:45,54.67,71083,13,卖盘
2434,13:01:48,54.68,92952,17,买盘
2435,13:01:51,54.68,54678,10,买盘
2436,13:01:54,54.68,153102,28,卖盘
2437,13:01:57,54.68,54680,10,中性盘
2438,13:02:00,54.67,92965,17,卖盘
2439,13:02:03,54.68,519370,95,买盘
2440,13:02:06,54.67,185877,34,卖盘
2441,13:02:09,54.66,185883,34,卖盘
2442,13:02:12,54.67,300644,55,买盘
2443,13:02:15,54.66,617674,113,卖盘
2444,13:02:18,54.67,360776,66,买盘
2445,13:02:21,54.66,349856,64,卖盘
2446,13:02:24,54.65,688634,126,卖盘
2447,13:02:27,54.66,459104,84,买盘
2448,13:02:30,54.65,338886,62,卖盘
2449,13:02:33,54.65,316948,58,买盘
2450,13:02:36,54.65,60110,11,卖盘
2451,13:02:39,54.65,92905,17,卖盘
2452,13:02:42,54.65,475344,87,买盘
2453,13:02:45,54.62,508027,93,卖盘
2454,13:02:48,54.64,256730,47,买盘
2455,13:02:51,54.62,240328,44,卖盘
2456,13:02:54,54.62,120167,22,卖盘
2457,13:02:57,54.62,147476,27,卖盘
2458,13:03:00,54.63,207572,38,买盘
2459,13:03:03,54.61,1059607,194,卖盘
2460,13:03:06,54.61,584340,107,卖盘
2461,13:03:09,54.61,415073,76,卖盘
2462,13:03:12,54.61,245726,45,中性盘
2463,13:03:15,54.62,398724,73,买盘
2464,13:03:18,54.62,158383,29,买盘
2465,13:03:21,54.62,223917,41,卖盘
2466,13:03:24,54.62,322215,59,卖盘
2467,13:03:27,54.62,731757,134,买盘
2468,13:03:30,54.62,185659,34,中性盘
2469,13:03:33,54.63,349496,64,买盘
2470,13:03:36,54.62,169331,31,卖盘
2471,13:03:39,54.63,5463,1,中性盘
2472,13:03:42,54.64,114724,21,买盘
2473,13:03:45,54.6,3565706,653,卖盘
2474,13:03:48,54.62,606098,111,卖盘
2475,13:03:51,54.62,382220,70,买盘
2476,13:03:54,54.6,125586,23,卖盘
2477,13:03:57,54.6,311187,57,买盘
2478,13:04:00,54.6,218394,40,卖盘
2479,13:04:03,54.6,147420,27,卖盘
2480,13:04:06,54.6,125580,23,卖盘
2481,13:04:09,54.6,27300,5,卖盘
2482,13:04:12,54.62,617152,113,买盘
2483,13:04:15,54.6,169273,31,卖盘
2484,13:04:18,54.62,141977,26,买盘
2485,13:04:21,54.62,218452,40,买盘
2486,13:04:24,54.61,60076,11,卖盘
2487,13:04:27,54.61,98302,18,卖盘
2488,13:04:30,54.62,92849,17,买盘
2489,13:04:33,54.62,38231,7,买盘
2490,13:04:36,54.63,333166,61,买盘
2491,13:04:39,54.62,120157,22,中性盘
2492,13:04:42,54.63,185693,34,买盘
2493,13:04:45,54.62,497095,91,卖盘
2494,13:04:48,54.62,404185,74,卖盘
2495,13:04:51,54.63,628043,115,买盘
2496,13:04:54,54.66,1092523,200,买盘
2497,13:04:57,54.63,136580,25,卖盘
2498,13:05:00,54.64,841156,154,中性盘
2499,13:05:03,54.64,803198,147,买盘
2500,13:05:06,54.64,98352,18,买盘
2501,13:05:09,54.66,568158,104,买盘
2502,13:05:12,54.64,21856,4,卖盘
2503,13:05:15,54.67,1426545,261,买盘
2504,13:05:18,54.67,224138,41,买盘
2505,13:05:21,54.67,557484,102,买盘
2506,13:05:24,54.67,267886,49,卖盘
2507,13:05:27,54.69,1459930,267,买盘
2508,13:05:30,54.69,328138,60,买盘
2509,13:05:33,54.7,1197763,219,买盘
2510,13:05:36,54.74,1767694,323,买盘
2511,13:05:39,54.74,142322,26,买盘
2512,13:05:42,54.74,760672,139,买盘
2513,13:05:45,54.73,826573,151,中性盘
2514,13:05:48,54.72,684038,125,卖盘
2515,13:05:51,54.72,519940,95,买盘
2516,13:05:54,54.72,350200,64,买盘
2517,13:05:57,54.73,147771,27,买盘
2518,13:06:00,54.73,744153,136,买盘
2519,13:06:03,54.73,60205,11,买盘
2520,13:06:06,54.73,43784,8,卖盘
2521,13:06:09,54.73,410476,75,卖盘
2522,13:06:12,54.73,186115,34,卖盘
2523,13:06:15,54.73,782755,143,卖盘
2524,13:06:18,54.73,125892,23,卖盘
2525,13:06:24,54.74,268222,49,卖盘
2526,13:06:27,54.74,585768,107,买盘
2527,13:06:30,54.74,76631,14,买盘
2528,13:06:33,54.75,65689,12,买盘
2529,13:06:36,54.74,136870,25,卖盘
2530,13:06:39,54.75,120444,22,买盘
2531,13:06:42,54.75,3814447,696,卖盘
2532,13:06:45,54.82,87648,16,买盘
2533,13:06:48,54.77,16431,3,中性盘
2534,13:06:51,54.81,10962,2,买盘
2535,13:06:54,54.81,115057,21,买盘
2536,13:06:57,54.77,460077,84,中性盘
2537,13:07:00,54.77,32862,6,买盘
2538,13:07:03,54.77,147869,27,买盘
2539,13:07:06,54.77,651681,119,买盘
2540,13:07:09,54.77,388940,71,卖盘
2541,13:07:15,54.77,147895,27,卖盘
2542,13:07:18,54.77,1571830,287,卖盘
2543,13:07:21,54.77,49293,9,买盘
2544,13:07:24,54.77,629853,115,买盘
2545,13:07:27,54.77,38341,7,卖盘
2546,13:07:30,54.78,383518,70,买盘
2547,13:07:33,54.77,164361,30,卖盘
2548,13:07:36,54.8,65750,12,买盘
2549,13:07:39,54.82,356232,65,买盘
2550,13:07:42,54.81,60295,11,卖盘
2551,13:07:45,54.82,219281,40,中性盘
2552,13:07:48,54.82,581139,106,买盘
2553,13:07:51,54.82,104170,19,卖盘
2554,13:07:54,54.82,87729,16,卖盘
2555,13:07:57,54.83,553779,101,买盘
2556,13:08:00,54.84,87734,16,买盘
2557,13:08:03,54.84,1145978,209,买盘
2558,13:08:06,54.84,82254,15,买盘
2559,13:08:09,54.84,471628,86,卖盘
2560,13:08:12,54.84,855616,156,卖盘
2561,13:08:15,54.84,148069,27,买盘
2562,13:08:18,54.84,449703,82,买盘
2563,13:08:21,54.85,186466,34,买盘
2564,13:08:24,54.84,93232,17,卖盘
2565,13:08:27,54.84,795307,145,卖盘
2566,13:08:30,54.85,131639,24,买盘
2567,13:08:33,54.85,669178,122,卖盘
2568,13:08:36,54.85,674598,123,卖盘
2569,13:08:39,54.85,307204,56,卖盘
2570,13:08:42,54.85,981968,179,卖盘
2571,13:08:45,54.86,279764,51,买盘
2572,13:08:48,54.82,2210396,403,卖盘
2573,13:08:51,54.82,367535,67,卖盘
2574,13:08:54,54.83,54846,10,中性盘
2575,13:08:57,54.82,350937,64,卖盘
2576,13:09:00,54.82,400263,73,卖盘
2577,13:09:03,54.82,76748,14,卖盘
2578,13:09:06,54.8,1151057,210,卖盘
2579,13:09:09,54.8,208246,38,卖盘
2580,13:09:12,54.8,153469,28,卖盘
2581,13:09:15,54.8,202799,37,卖盘
2582,13:09:18,54.8,284933,52,卖盘
2583,13:09:21,54.78,65750,12,卖盘
2584,13:09:24,54.78,136959,25,卖盘
2585,13:09:27,54.77,241036,44,卖盘
2586,13:09:30,54.78,1845815,337,买盘
2587,13:09:33,54.77,481989,88,卖盘
2588,13:09:36,54.77,109550,20,卖盘
2589,13:09:39,54.77,131452,24,卖盘
2590,13:09:42,54.76,169794,31,卖盘
2591,13:09:45,54.76,136913,25,卖盘
2592,13:09:48,54.77,87622,16,买盘
2593,13:09:51,54.75,10950,2,卖盘
2594,13:09:54,54.76,202605,37,买盘
2595,13:09:57,54.75,164259,30,卖盘
2596,13:10:00,54.74,1324966,242,卖盘
2597,13:10:03,54.74,142332,26,卖盘
2598,13:10:06,54.74,213497,39,卖盘
2599,13:10:09,54.73,87568,16,卖盘
2600,13:10:12,54.72,54732,10,卖盘
2601,13:10:15,54.72,136809,25,卖盘
2602,13:10:18,54.71,16413,3,卖盘
2603,13:10:21,54.71,322796,59,卖盘
2604,13:10:24,54.72,290004,53,买盘
2605,13:10:27,54.7,38297,7,卖盘
2606,13:10:30,54.72,191516,35,买盘
2607,13:10:33,54.72,114893,21,中性盘
2608,13:10:36,54.71,43769,8,卖盘
2609,13:10:39,54.71,120366,22,卖盘
2610,13:10:42,54.71,65658,12,卖盘
2611,13:10:45,54.71,240733,44,卖盘
2612,13:10:48,54.72,93016,17,买盘
2613,13:10:51,54.71,486853,89,卖盘
2614,13:10:54,54.71,186016,34,卖盘
2615,13:10:57,54.72,32831,6,买盘
2616,13:11:00,54.71,93007,17,买盘
2617,13:11:03,54.72,164158,30,买盘
2618,13:11:06,54.71,273550,50,卖盘
2619,13:11:09,54.73,1110777,203,买盘
2620,13:11:12,54.73,612976,112,卖盘
2621,13:11:15,54.7,711234,130,卖盘
2622,13:11:18,54.7,65637,12,买盘
2623,13:11:21,54.73,158651,29,买盘
2624,13:11:24,54.73,65658,12,买盘
2625,13:11:27,54.73,71135,13,买盘
2626,13:11:30,54.73,147731,27,买盘
2627,13:11:33,54.73,131336,24,买盘
2628,13:11:36,54.71,361120,66,卖盘
2629,13:11:42,54.72,224402,41,卖盘
2630,13:11:45,54.72,60202,11,卖盘
2631,13:11:48,54.74,60205,11,买盘
2632,13:11:51,54.71,180564,33,卖盘
2633,13:11:54,54.74,43774,8,买盘
2634,13:11:57,54.73,120388,22,买盘
2635,13:12:00,54.73,109473,20,中性盘
2636,13:12:03,54.74,618557,113,买盘
2637,13:12:06,54.74,120444,22,卖盘
2638,13:12:09,54.75,240862,44,买盘
2639,13:12:12,54.75,667927,122,买盘
2640,13:12:15,54.75,317551,58,卖盘
2641,13:12:18,54.76,16427,3,买盘
2642,13:12:21,54.76,76663,14,买盘
2643,13:12:24,54.76,848628,155,买盘
2644,13:12:27,54.76,580455,106,买盘
2645,13:12:30,54.76,290228,53,中性盘
2646,13:12:33,54.76,125940,23,买盘
2647,13:12:36,54.76,219033,40,买盘
2648,13:12:39,54.74,21898,4,卖盘
2649,13:12:42,54.74,613100,112,卖盘
2650,13:12:45,54.75,87599,16,买盘
2651,13:12:48,54.75,38320,7,买盘
2652,13:12:51,54.74,432517,79,卖盘
2653,13:12:54,54.75,262786,48,买盘
2654,13:12:57,54.75,32851,6,卖盘
2655,13:13:00,54.75,27375,5,卖盘
2656,13:13:03,54.75,191625,35,卖盘
2657,13:13:06,54.75,43800,8,买盘
2658,13:13:09,54.76,169749,31,买盘
2659,13:13:12,54.75,10950,2,卖盘
2660,13:13:15,54.75,71175,13,卖盘
2661,13:13:18,54.75,71175,13,卖盘
2662,13:13:21,54.75,32850,6,买盘
2663,13:13:24,54.74,98543,18,卖盘
2664,13:13:27,54.74,114960,21,卖盘
2665,13:13:30,54.74,21896,4,卖盘
2666,13:13:33,54.75,755549,138,买盘
2667,13:13:36,54.75,454420,83,买盘
2668,13:13:39,54.74,76647,14,卖盘
2669,13:13:42,54.74,120433,22,卖盘
2670,13:13:45,54.74,54740,10,卖盘
2671,13:13:48,54.74,645939,118,卖盘
2672,13:13:51,54.74,131381,24,卖盘
2673,13:13:54,54.74,317543,58,卖盘
2674,13:13:57,54.73,558360,102,卖盘
2675,13:14:00,54.74,54736,10,买盘
2676,13:14:03,54.73,492612,90,卖盘
2677,13:14:06,54.74,16420,3,买盘
2678,13:14:09,54.73,10946,2,中性盘
2679,13:14:12,54.73,98511,18,买盘
2680,13:14:15,54.73,585714,107,卖盘
2681,13:14:18,54.72,284557,52,卖盘
2682,13:14:21,54.72,426756,78,买盘
2683,13:14:24,54.71,43769,8,卖盘
2684,13:14:27,54.72,847947,155,买盘
2685,13:14:30,54.71,218809,40,中性盘
2686,13:14:33,54.72,262656,48,买盘
2687,13:14:36,54.72,213408,39,卖盘
2688,13:14:39,54.72,552672,101,卖盘
2689,13:14:42,54.72,21888,4,卖盘
2690,13:14:45,54.72,125876,23,卖盘
2691,13:14:48,54.73,448705,82,中性盘
2692,13:14:51,54.73,38311,7,买盘
2693,13:14:54,54.73,43780,8,卖盘
2694,13:14:57,54.72,5472,1,卖盘
2695,13:15:00,54.73,38310,7,买盘
2696,13:15:03,54.71,486974,89,卖盘
2697,13:15:06,54.71,136760,25,买盘
2698,13:15:09,54.7,98460,18,卖盘
2699,13:15:12,54.7,333711,61,卖盘
2700,13:15:15,54.7,475929,87,卖盘
2701,13:15:18,54.69,27346,5,卖盘
2702,13:15:21,54.69,147668,27,卖盘
2703,13:15:24,54.69,10938,2,买盘
2704,13:15:27,54.68,574146,105,卖盘
2705,13:15:30,54.69,224208,41,买盘
2706,13:15:33,54.68,92956,17,卖盘
2707,13:15:36,54.67,262417,48,卖盘
2708,13:15:39,54.66,16398,3,卖盘
2709,13:15:42,54.66,174938,32,卖盘
2710,13:15:45,54.66,218640,40,卖盘
2711,13:15:48,54.66,10932,2,买盘
2712,13:15:51,54.65,120236,22,卖盘
2713,13:15:54,54.64,174879,32,卖盘
2714,13:15:57,54.65,289644,53,买盘
2715,13:16:00,54.65,92896,17,买盘
2716,13:16:03,54.64,196704,36,卖盘
2717,13:16:06,54.63,213096,39,卖盘
2718,13:16:09,54.63,819450,150,卖盘
2719,13:16:12,54.63,120186,22,卖盘
2720,13:16:15,54.62,152962,28,卖盘
2721,13:16:18,54.63,92867,17,买盘
2722,13:16:21,54.63,453487,83,买盘
2723,13:16:24,54.62,147482,27,卖盘
2724,13:16:27,54.63,180260,33,卖盘
2725,13:16:30,54.63,136558,25,卖盘
2726,13:16:33,54.63,21854,4,卖盘
2727,13:16:36,54.64,16390,3,买盘
2728,13:16:39,54.64,16391,3,买盘
2729,13:16:42,54.66,773118,141,买盘
2730,13:16:45,54.66,10932,2,卖盘
2731,13:16:48,54.66,27330,5,卖盘
2732,13:16:51,54.66,65603,12,卖盘
2733,13:16:54,54.66,289703,53,卖盘
2734,13:16:57,54.66,180378,33,卖盘
2735,13:17:00,54.66,147584,27,卖盘
2736,13:17:03,54.66,60126,11,卖盘
2737,13:17:06,54.67,32798,6,买盘
2738,13:17:09,54.66,120252,22,卖盘
2739,13:17:12,54.66,142139,26,卖盘
2740,13:17:15,54.66,76528,14,卖盘
2741,13:17:18,54.67,153055,28,买盘
2742,13:17:21,54.66,163984,30,卖盘
2743,13:17:24,54.67,54663,10,买盘
2744,13:17:27,54.66,125736,23,卖盘
2745,13:17:30,54.66,418435,77,卖盘
2746,13:17:33,54.66,98388,18,买盘
2747,13:17:36,54.66,71057,13,买盘
2748,13:17:39,54.66,158501,29,买盘
2749,13:17:42,54.66,98388,18,买盘
2750,13:17:45,54.66,218634,40,买盘
2751,13:17:48,54.66,60125,11,买盘
2752,13:17:51,54.67,538162,98,买盘
2753,13:17:54,54.67,87472,16,卖盘
2754,13:17:57,54.67,38275,7,卖盘
2755,13:18:00,54.68,76552,14,中性盘
2756,13:18:03,54.67,101424,19,卖盘
2757,13:18:06,54.67,89930,16,买盘
2758,13:18:09,54.68,5468,1,买盘
2759,13:18:12,54.67,16402,3,卖盘
2760,13:18:15,54.67,475667,87,卖盘
2761,13:18:21,54.69,103907,19,买盘
2762,13:18:24,54.69,10938,2,卖盘
2763,13:18:27,54.69,5469,1,卖盘
2764,13:18:30,54.7,229740,42,买盘
2765,13:18:33,54.72,38302,7,买盘
2766,13:18:36,54.72,158646,29,买盘
2767,13:18:42,54.72,158667,29,买盘
2768,13:18:45,54.71,16415,3,中性盘
2769,13:18:48,54.72,82070,15,买盘
2770,13:18:51,54.7,49240,9,卖盘
2771,13:18:54,54.71,514193,94,买盘
2772,13:18:57,54.68,1296113,237,卖盘
2773,13:19:00,54.68,235166,43,卖盘
2774,13:19:03,54.68,978898,179,卖盘
2775,13:19:06,54.68,333510,61,买盘
2776,13:19:09,54.68,448366,82,买盘
2777,13:19:12,54.68,103886,19,买盘
2778,13:19:15,54.68,92951,17,买盘
2779,13:19:18,54.68,114825,21,买盘
2780,13:19:21,54.67,87475,16,卖盘
2781,13:19:24,54.67,167021,31,卖盘
2782,13:19:27,54.67,278817,51,买盘
2783,13:19:30,54.66,453680,83,卖盘
2784,13:19:33,54.66,16398,3,买盘
2785,13:19:36,54.66,21862,4,买盘
2786,13:19:39,54.65,617545,113,卖盘
2787,13:19:42,54.65,355229,65,卖盘
2788,13:19:45,54.64,16394,3,卖盘
2789,13:19:48,54.65,32790,6,买盘
2790,13:19:51,54.64,87430,16,卖盘
2791,13:19:54,54.64,103820,19,卖盘
2792,13:19:57,54.64,27321,5,卖盘
2793,13:20:00,54.64,16392,3,卖盘
2794,13:20:03,54.64,431678,79,卖盘
2795,13:20:06,54.64,16392,3,买盘
2796,13:20:09,54.64,316916,58,买盘
2797,13:20:12,54.63,262225,48,卖盘
2798,13:20:15,54.64,131123,24,买盘
2799,13:20:18,54.63,147506,27,卖盘
2800,13:20:21,54.63,759368,139,卖盘
2801,13:20:24,54.63,65561,12,卖盘
2802,13:20:27,54.63,371494,68,卖盘
2803,13:20:30,54.63,344169,63,卖盘
2804,13:20:33,54.62,191188,35,卖盘
2805,13:20:36,54.63,4113635,753,买盘
2806,13:20:39,54.64,231881,42,买盘
2807,13:20:42,54.64,338716,62,买盘
2808,13:20:45,54.64,103807,19,买盘
2809,13:20:48,54.64,98350,18,买盘
2810,13:20:51,54.64,142064,26,卖盘
2811,13:20:54,54.65,27322,5,买盘
2812,13:20:57,54.65,349721,64,买盘
2813,13:21:00,54.65,202188,37,买盘
2814,13:21:03,54.64,355173,65,卖盘
2815,13:21:06,54.64,27320,5,卖盘
2816,13:21:09,54.65,169413,31,买盘
2817,13:21:12,54.64,131155,24,卖盘
2818,13:21:15,54.65,98354,18,中性盘
2819,13:21:18,54.65,213137,39,卖盘
2820,13:21:21,54.66,256853,47,买盘
2821,13:21:24,54.66,60121,11,买盘
2822,13:21:27,54.65,60125,11,卖盘
2823,13:21:30,54.66,65587,12,买盘
2824,13:21:33,54.65,27325,5,卖盘
2825,13:21:36,54.66,21864,4,买盘
2826,13:21:39,54.66,1284513,235,买盘
2827,13:21:42,54.68,87471,16,买盘
2828,13:21:45,54.66,54660,10,卖盘
2829,13:21:48,54.68,5468,1,买盘
2830,13:21:54,54.66,574033,105,卖盘
2831,13:21:57,54.66,82003,15,卖盘
2832,13:22:00,54.66,765265,140,卖盘
2833,13:22:03,54.68,251508,46,买盘
2834,13:22:06,54.67,27335,5,卖盘
2835,13:22:09,54.67,289798,53,卖盘
2836,13:22:12,54.66,185884,34,卖盘
2837,13:22:15,54.66,82004,15,卖盘
2838,13:22:18,54.66,114797,21,卖盘
2839,13:22:21,54.67,49202,9,买盘
2840,13:22:24,54.66,153077,28,卖盘
2841,13:22:27,54.67,32802,6,中性盘
2842,13:22:30,54.67,49203,9,买盘
2843,13:22:33,54.68,114820,21,买盘
2844,13:22:36,54.68,262425,48,买盘
2845,13:22:39,54.68,98407,18,买盘
2846,13:22:42,54.67,207765,38,卖盘
2847,13:22:45,54.68,355368,65,买盘
2848,13:22:48,54.67,147622,27,卖盘
2849,13:22:51,54.67,251493,46,卖盘
2850,13:22:54,54.67,87468,16,买盘
2851,13:22:57,54.66,147593,27,卖盘
2852,13:23:00,54.66,65596,12,卖盘
2853,13:23:03,54.69,431969,79,买盘
2854,13:23:06,54.69,54695,10,买盘
2855,13:23:09,54.69,5469,1,卖盘
2856,13:23:12,54.68,169547,31,卖盘
2857,13:23:15,54.7,60167,11,买盘
2858,13:23:18,54.69,54692,10,中性盘
2859,13:23:21,54.68,328113,60,卖盘
2860,13:23:24,54.69,273450,50,买盘
2861,13:23:30,54.69,103922,19,卖盘
2862,13:23:33,54.7,700146,128,买盘
2863,13:23:36,54.69,191415,35,卖盘
2864,13:23:39,54.69,169554,31,卖盘
2865,13:23:42,54.7,142209,26,买盘
2866,13:23:45,54.69,82035,15,卖盘
2867,13:23:48,54.7,246150,45,买盘
2868,13:23:51,54.7,76580,14,买盘
2869,13:23:54,54.7,191440,35,买盘
2870,13:23:57,54.7,82050,15,买盘
2871,13:24:00,54.7,54701,10,卖盘
2872,13:24:03,54.7,60172,11,卖盘
2873,13:24:06,54.7,27353,5,卖盘
2874,13:24:09,54.7,92993,17,卖盘
2875,13:24:12,54.7,76582,14,卖盘
2876,13:24:15,54.7,273509,50,卖盘
2877,13:24:18,54.71,689222,126,买盘
2878,13:24:21,54.69,519563,95,卖盘
2879,13:24:24,54.69,76564,14,卖盘
2880,13:24:27,54.69,60158,11,买盘
2881,13:24:30,54.68,388232,71,卖盘
2882,13:24:33,54.69,114846,21,买盘
2883,13:24:36,54.68,196848,36,卖盘
2884,13:24:39,54.69,349971,64,买盘
2885,13:24:42,54.66,519348,95,卖盘
2886,13:24:45,54.68,136668,25,买盘
2887,13:24:48,54.68,218704,40,买盘
2888,13:24:51,54.67,87467,16,中性盘
2889,13:24:54,54.67,240561,44,中性盘
2890,13:24:57,54.66,278815,51,卖盘
2891,13:25:00,54.66,98414,18,卖盘
2892,13:25:03,54.67,98396,18,买盘
2893,13:25:06,54.66,694150,127,卖盘
2894,13:25:09,54.66,98402,18,卖盘
2895,13:25:12,54.65,114794,21,卖盘
2896,13:25:15,54.66,1306792,239,买盘
2897,13:25:18,54.66,81995,15,卖盘
2898,13:25:21,54.66,54660,10,中性盘
2899,13:25:24,54.66,317013,58,卖盘
2900,13:25:27,54.66,32794,6,买盘
2901,13:25:30,54.65,174901,32,卖盘
2902,13:25:33,54.66,103853,19,买盘
2903,13:25:36,54.7,1039036,190,买盘
2904,13:25:39,54.71,43768,8,买盘
2905,13:25:42,54.7,153165,28,卖盘
2906,13:25:45,54.7,21883,4,卖盘
2907,13:25:48,54.71,10942,2,买盘
2908,13:25:51,54.71,71114,13,买盘
2909,13:25:54,54.71,481416,88,买盘
2910,13:25:57,54.71,218822,40,买盘
2911,13:26:00,54.71,93012,17,卖盘
2912,13:26:03,54.71,279023,51,卖盘
2913,13:26:06,54.73,1888044,345,买盘
2914,13:26:09,54.73,54730,10,卖盘
2915,13:26:12,54.72,1100076,201,卖盘
2916,13:26:15,54.71,503303,92,卖盘
2917,13:26:18,54.71,32826,6,买盘
2918,13:26:21,54.7,1154365,211,卖盘
2919,13:26:24,54.71,87530,16,买盘
2920,13:26:27,54.7,147706,27,卖盘
2921,13:26:30,54.7,191451,35,卖盘
2922,13:26:33,54.68,65625,12,卖盘
2923,13:26:36,54.7,142198,26,买盘
2924,13:26:39,54.7,689206,126,买盘
2925,13:26:42,54.7,929579,170,买盘
2926,13:26:45,54.69,5469,1,中性盘
2927,13:26:51,54.69,147642,27,买盘
2928,13:26:54,54.68,87488,16,卖盘
2929,13:26:57,54.69,82030,15,买盘
2930,13:27:00,54.68,10937,2,卖盘
2931,13:27:03,54.68,32810,6,卖盘
2932,13:27:06,54.68,65619,12,卖盘
2933,13:27:09,54.69,175003,32,买盘
2934,13:27:12,54.69,27345,5,卖盘
2935,13:27:15,54.69,82040,15,卖盘
2936,13:27:18,54.69,164070,30,买盘
2937,13:27:21,54.69,87504,16,买盘
2938,13:27:24,54.69,344567,63,卖盘
2939,13:27:27,54.69,136726,25,卖盘
2940,13:27:30,54.68,27344,5,卖盘
2941,13:27:33,54.69,38283,7,买盘
2942,13:27:36,54.69,38280,7,买盘
2943,13:27:39,54.7,1744909,319,买盘
2944,13:27:42,54.7,508533,93,买盘
2945,13:27:45,54.69,224229,41,卖盘
2946,13:27:48,54.69,229698,42,买盘
2947,13:27:51,54.69,71098,13,买盘
2948,13:27:54,54.69,32814,6,卖盘
2949,13:27:57,54.69,65628,12,卖盘
2950,13:28:00,54.69,60159,11,中性盘
2951,13:28:03,54.7,125807,23,买盘
2952,13:28:06,54.69,38283,7,卖盘
2953,13:28:09,54.69,131256,24,卖盘
2954,13:28:12,54.69,76572,14,卖盘
2955,13:28:18,54.68,87501,16,卖盘
2956,13:28:21,54.69,153132,28,买盘
2957,13:28:24,54.69,251571,46,卖盘
2958,13:28:27,54.68,278878,51,卖盘
2959,13:28:30,54.68,10937,2,卖盘
2960,13:28:33,54.68,322630,59,卖盘
2961,13:28:36,54.69,76565,14,买盘
2962,13:28:39,54.68,639755,117,卖盘
2963,13:28:42,54.68,142168,26,买盘
2964,13:28:45,54.67,666974,122,卖盘
2965,13:28:48,54.67,38268,7,买盘
2966,13:28:51,54.67,32802,6,买盘
2967,13:28:54,54.67,1082457,198,买盘
2968,13:29:00,54.67,109340,20,卖盘
2969,13:29:03,54.68,76540,14,买盘
2970,13:29:06,54.68,16404,3,买盘
2971,13:29:09,54.68,43741,8,买盘
2972,13:29:12,54.67,426435,78,卖盘
2973,13:29:15,54.67,49207,9,卖盘
2974,13:29:18,54.67,60147,11,卖盘
2975,13:29:21,54.68,32804,6,买盘
2976,13:29:24,54.67,76548,14,卖盘
2977,13:29:27,54.67,464700,85,卖盘
2978,13:29:30,54.68,98419,18,买盘
2979,13:29:33,54.68,207782,38,买盘
2980,13:29:36,54.67,180411,33,卖盘
2981,13:29:39,54.71,2549093,466,买盘
2982,13:29:42,54.71,54716,10,卖盘
2983,13:29:45,54.72,38299,7,买盘
2984,13:29:48,54.71,836658,153,卖盘
2985,13:29:51,54.69,147714,27,中性盘
2986,13:29:54,54.69,16407,3,买盘
2987,13:29:57,54.69,355390,65,中性盘
2988,13:30:00,54.71,1241019,227,买盘
2989,13:30:03,54.69,38289,7,中性盘
2990,13:30:06,54.68,136706,25,卖盘
2991,13:30:09,54.69,131233,24,买盘
2992,13:30:12,54.71,114885,21,买盘
2993,13:30:15,54.71,76598,14,卖盘
2994,13:30:18,54.72,142270,26,买盘
2995,13:30:21,54.71,43769,8,卖盘
2996,13:30:24,54.72,147725,27,买盘
2997,13:30:27,54.72,98492,18,买盘
2998,13:30:30,54.72,65660,12,买盘
2999,13:30:33,54.72,27356,5,买盘
3000,13:30:36,54.72,618336,113,买盘
3001,13:30:39,54.71,131325,24,卖盘
3002,13:30:42,54.72,273600,50,买盘
3003,13:30:45,54.73,169649,31,买盘
3004,13:30:48,54.73,180607,33,买盘
3005,13:30:51,54.73,65676,12,买盘
3006,13:30:54,54.73,498019,91,买盘
3007,13:30:57,54.73,103987,19,买盘
3008,13:31:00,54.73,114925,21,买盘
3009,13:31:03,54.73,246284,45,买盘
3010,13:31:06,54.73,93041,17,买盘
3011,13:31:09,54.73,290056,53,买盘
3012,13:31:12,54.73,27365,5,卖盘
3013,13:31:15,54.74,43787,8,买盘
3014,13:31:18,54.73,60203,11,卖盘
3015,13:31:21,54.74,481646,88,买盘
3016,13:31:24,54.74,82108,15,买盘
3017,13:31:27,54.73,82107,15,卖盘
3018,13:31:30,54.73,153265,28,卖盘
3019,13:31:33,54.73,5473,1,卖盘
3020,13:31:36,54.74,377696,69,买盘
3021,13:31:39,54.74,10948,2,买盘
3022,13:31:42,54.74,541872,99,买盘
3023,13:31:45,54.74,306544,56,买盘
3024,13:31:48,54.73,1023457,187,卖盘
3025,13:31:51,54.75,21900,4,买盘
3026,13:31:54,54.72,65674,12,卖盘
3027,13:31:57,54.75,98527,18,买盘
3028,13:32:00,54.74,49266,9,卖盘
3029,13:32:03,54.74,186092,34,买盘
3030,13:32:06,54.74,125905,23,卖盘
3031,13:32:09,54.74,82110,15,卖盘
3032,13:32:12,54.74,317495,58,卖盘
3033,13:32:15,54.73,21894,4,卖盘
3034,13:32:18,54.74,16421,3,买盘
3035,13:32:21,54.74,16422,3,买盘
3036,13:32:24,54.73,87580,16,卖盘
3037,13:32:27,54.74,65688,12,买盘
3038,13:32:30,54.74,164213,30,买盘
3039,13:32:33,54.74,87577,16,买盘
3040,13:32:39,54.73,38311,7,卖盘
3041,13:32:42,54.74,722546,132,买盘
3042,13:32:45,54.73,147764,27,卖盘
3043,13:32:48,54.74,218943,40,买盘
3044,13:32:51,54.74,27368,5,买盘
3045,13:32:54,54.73,60203,11,卖盘
3046,13:32:57,54.74,186113,34,买盘
3047,13:33:00,54.73,38311,7,卖盘
3048,13:33:03,54.73,322935,59,卖盘
3049,13:33:06,54.74,875773,160,买盘
3050,13:33:09,54.74,27368,5,买盘
3051,13:33:12,54.74,65686,12,买盘
3052,13:33:15,54.74,82103,15,买盘
3053,13:33:18,54.74,65680,12,买盘
3054,13:33:21,54.74,180610,33,买盘
