,成交时间,成交价格,成交金额,成交量,性质
0,09:25:00,13.91,816517,587,卖盘
1,09:30:00,13.88,404130,291,卖盘
2,09:30:03,13.86,835314,602,卖盘
3,09:30:06,13.86,294013,212,卖盘
4,09:30:09,13.87,327454,236,中性盘
5,09:30:12,13.86,33267,24,卖盘
6,09:30:15,13.86,67952,49,卖盘
7,09:30:18,13.86,12476,9,卖盘
8,09:30:21,13.87,36040,26,买盘
9,09:30:24,13.85,710731,513,卖盘
10,09:30:27,13.84,272915,197,卖盘
11,09:30:30,13.84,318549,230,卖盘
12,09:30:33,13.86,60948,44,买盘
13,09:30:36,13.85,94208,68,卖盘
14,09:30:39,13.84,58150,42,卖盘
15,09:30:42,13.86,220188,159,买盘
16,09:30:45,13.85,81733,59,卖盘
17,09:30:48,13.85,214663,155,买盘
18,09:30:51,13.85,183019,132,卖盘
19,09:30:54,13.86,192531,139,中性盘
20,09:30:57,13.87,171967,124,买盘
21,09:31:00,13.88,73529,53,买盘
22,09:31:03,13.87,135958,98,卖盘
23,09:31:06,13.85,246801,178,卖盘
24,09:31:09,13.87,73516,53,中性盘
25,09:31:12,13.87,181606,131,卖盘
26,09:31:15,13.87,105336,76,卖盘
27,09:31:18,13.86,58249,42,卖盘
28,09:31:21,13.88,238620,172,买盘
29,09:31:24,13.89,1382636,998,买盘
30,09:31:27,13.88,18051,13,卖盘
31,09:31:30,13.87,106803,77,卖盘
32,09:31:33,13.88,8330,6,中性盘
33,09:31:36,13.87,172089,124,卖盘
34,09:31:39,13.89,279189,201,买盘
35,09:31:42,13.88,61074,44,卖盘
36,09:31:45,13.88,127606,92,买盘
37,09:31:48,13.87,154011,111,买盘
38,09:31:51,13.87,235901,170,买盘
39,09:31:54,13.88,195513,141,买盘
40,09:31:57,13.87,52697,38,卖盘
41,09:32:00,13.86,98465,71,卖盘
42,09:32:03,13.86,49896,36,卖盘
43,09:32:06,13.86,133102,96,卖盘
44,09:32:09,13.86,342343,247,卖盘
45,09:32:12,13.86,1386,1,买盘
46,09:32:15,13.86,311652,225,买盘
47,09:32:18,13.86,110866,80,买盘
48,09:32:21,13.85,121888,88,卖盘
49,09:32:24,13.85,145527,105,卖盘
50,09:32:27,13.85,307513,222,卖盘
51,09:32:30,13.86,112267,81,买盘
52,09:32:33,13.86,101178,73,卖盘
53,09:32:36,13.86,4158,3,卖盘
54,09:32:39,13.85,69311,50,卖盘
55,09:32:42,13.86,33265,24,买盘
56,09:32:45,13.85,69299,50,卖盘
57,09:32:48,13.85,80338,58,卖盘
58,09:32:51,13.86,191201,138,买盘
59,09:32:54,13.86,135831,98,买盘
60,09:32:57,13.86,224532,162,卖盘
61,09:33:00,13.87,117811,85,买盘
62,09:33:03,13.86,123369,89,卖盘
63,09:33:06,13.86,83174,60,卖盘
64,09:33:09,13.86,31878,23,卖盘
65,09:33:12,13.86,142758,103,卖盘
66,09:33:15,13.87,189892,137,买盘
67,09:33:18,13.86,378382,273,卖盘
68,09:33:21,13.86,108112,78,卖盘
69,09:33:24,13.86,80418,58,卖盘
70,09:33:27,13.86,45738,33,卖盘
71,09:33:30,13.86,27719,20,买盘
72,09:33:33,13.86,84546,61,买盘
73,09:33:36,13.86,49896,36,卖盘
74,09:33:39,13.87,19410,14,买盘
75,09:33:42,13.86,60996,44,卖盘
76,09:33:45,13.86,2772,2,卖盘
77,09:33:48,13.87,63759,46,买盘
78,09:33:51,13.87,81809,59,买盘
79,09:33:54,13.86,36047,26,卖盘
80,09:33:57,13.87,194078,140,买盘
81,09:34:00,13.87,119228,86,买盘
82,09:34:03,13.87,844212,609,买盘
83,09:34:06,13.86,40167,29,中性盘
84,09:34:09,13.86,184409,133,买盘
85,09:34:12,13.87,31897,23,买盘
86,09:34:15,13.85,1421093,1026,卖盘
87,09:34:18,13.85,206314,149,买盘
88,09:34:21,13.84,131597,95,卖盘
89,09:34:24,13.84,87206,63,卖盘
90,09:34:27,13.84,95573,69,卖盘
91,09:34:30,13.88,192655,139,买盘
92,09:34:33,13.84,73356,53,卖盘
93,09:34:36,13.86,26320,19,买盘
94,09:34:39,13.85,123313,89,卖盘
95,09:34:42,13.84,550903,398,卖盘
96,09:34:45,13.84,380733,275,卖盘
97,09:34:48,13.85,34609,25,买盘
98,09:34:51,13.84,76120,55,卖盘
99,09:34:54,13.84,645393,466,卖盘
100,09:34:57,13.84,62280,45,卖盘
101,09:35:00,13.84,148088,107,卖盘
102,09:35:03,13.84,134250,97,卖盘
103,09:35:06,13.84,71968,52,卖盘
104,09:35:09,13.84,369573,267,卖盘
105,09:35:12,13.85,58162,42,买盘
106,09:35:15,13.85,80339,58,卖盘
107,09:35:18,13.85,34634,25,卖盘
108,09:35:21,13.85,87266,63,卖盘
109,09:35:24,13.85,55400,40,卖盘
110,09:35:27,13.85,182835,132,卖盘
111,09:35:30,13.86,110819,80,买盘
112,09:35:33,13.85,33242,24,卖盘
113,09:35:36,13.86,228573,165,买盘
114,09:35:39,13.86,76180,55,买盘
115,09:35:42,13.85,83108,60,卖盘
116,09:35:45,13.86,26330,19,买盘
117,09:35:48,13.86,70622,51,买盘
118,09:35:51,13.85,70643,51,卖盘
119,09:35:54,13.85,34625,25,买盘
120,09:35:57,13.85,196670,142,卖盘
121,09:36:00,13.85,56781,41,买盘
122,09:36:03,13.86,29087,21,买盘
123,09:36:06,13.87,376944,272,买盘
124,09:36:09,13.86,30505,22,卖盘
125,09:36:12,13.86,56826,41,卖盘
126,09:36:15,13.86,19404,14,买盘
127,09:36:18,13.86,26334,19,买盘
128,09:36:21,13.85,60975,44,卖盘
129,09:36:24,13.85,110805,80,卖盘
130,09:36:27,13.85,142668,103,卖盘
131,09:36:30,13.86,210540,152,买盘
132,09:36:33,13.85,40185,29,卖盘
133,09:36:36,13.85,249311,180,卖盘
134,09:36:39,13.86,159298,115,买盘
135,09:36:42,13.85,19400,14,卖盘
136,09:36:45,13.85,202214,146,卖盘
137,09:36:48,13.86,49867,36,买盘
138,09:36:51,13.85,29103,21,卖盘
139,09:36:54,13.86,29097,21,买盘
140,09:36:57,13.86,59598,43,买盘
141,09:37:00,13.86,360362,260,买盘
142,09:37:03,13.86,34660,25,卖盘
143,09:37:06,13.85,40191,29,卖盘
144,09:37:09,13.87,26353,19,买盘
145,09:37:12,13.86,67914,49,卖盘
146,09:37:15,13.87,38823,28,买盘
147,09:37:18,13.87,4161,3,买盘
148,09:37:21,13.86,112284,81,卖盘
149,09:37:24,13.86,76269,55,买盘
150,09:37:27,13.87,45771,33,买盘
151,09:37:30,13.87,6935,5,买盘
152,09:37:33,13.86,15255,11,卖盘
153,09:37:36,13.86,5544,4,卖盘
154,09:37:39,13.86,26339,19,卖盘
155,09:37:42,13.87,6934,5,买盘
156,09:37:45,13.86,26335,19,卖盘
157,09:37:48,13.87,37441,27,买盘
158,09:37:51,13.87,18021,13,买盘
159,09:37:54,13.86,77622,56,卖盘
160,09:37:57,13.87,123439,89,买盘
161,09:38:00,13.87,123436,89,买盘
162,09:38:03,13.88,152640,110,买盘
163,09:38:06,13.87,11096,8,卖盘
164,09:38:09,13.88,27760,20,买盘
165,09:38:12,13.88,41640,30,买盘
166,09:38:18,13.88,34700,25,买盘
167,09:38:21,13.88,61072,44,买盘
168,09:38:24,13.88,37467,27,买盘
169,09:38:27,13.88,405028,292,买盘
170,09:38:30,13.87,27732,20,卖盘
171,09:38:33,13.87,169214,122,买盘
172,09:38:36,13.86,227456,164,卖盘
173,09:38:39,13.86,655581,473,卖盘
174,09:38:42,13.86,30489,22,买盘
175,09:38:45,13.85,62346,45,卖盘
176,09:38:48,13.85,26321,19,卖盘
177,09:38:51,13.86,77606,56,买盘
178,09:38:54,13.86,20776,15,买盘
179,09:38:57,13.86,510043,368,买盘
180,09:39:00,13.85,396312,286,卖盘
181,09:39:03,13.84,1481792,1070,卖盘
182,09:39:06,13.83,2151673,1555,卖盘
183,09:39:09,13.83,279388,202,卖盘
184,09:39:12,13.83,121717,88,卖盘
185,09:39:15,13.83,239280,173,卖盘
186,09:39:18,13.84,282143,204,买盘
187,09:39:21,13.83,909974,658,卖盘
188,09:39:24,13.83,110574,80,买盘
189,09:39:27,13.82,186614,135,卖盘
190,09:39:30,13.82,106424,77,卖盘
191,09:39:33,13.82,149271,108,卖盘
192,09:39:36,13.82,23497,17,卖盘
193,09:39:39,13.83,259957,188,买盘
194,09:39:42,13.83,95377,69,买盘
195,09:39:45,13.83,96807,70,买盘
196,09:39:48,13.83,26286,19,卖盘
197,09:39:51,13.83,60852,44,卖盘
198,09:39:54,13.83,35959,26,卖盘
199,09:39:57,13.83,521169,377,卖盘
200,09:40:00,13.83,264053,191,买盘
201,09:40:03,13.82,887262,642,卖盘
202,09:40:06,13.82,1008873,730,卖盘
203,09:40:09,13.82,93989,68,卖盘
204,09:40:12,13.82,63572,46,卖盘
205,09:40:15,13.82,342755,248,卖盘
206,09:40:18,13.83,69128,50,买盘
207,09:40:21,13.82,370553,268,卖盘
208,09:40:24,13.82,103652,75,卖盘
209,09:40:27,13.83,425938,308,买盘
210,09:40:30,13.83,145268,105,卖盘
211,09:40:33,13.82,233698,169,卖盘
212,09:40:36,13.82,160388,116,卖盘
213,09:40:39,13.83,272345,197,买盘
214,09:40:42,13.82,105052,76,卖盘
215,09:40:45,13.83,152108,110,买盘
216,09:40:48,13.83,196403,142,买盘
217,09:40:51,13.83,88506,64,卖盘
218,09:40:54,13.82,46992,34,卖盘
219,09:40:57,13.82,399526,289,卖盘
220,09:41:00,13.83,44251,32,买盘
221,09:41:03,13.82,88474,64,卖盘
222,09:41:06,13.83,268158,194,买盘
223,09:41:09,13.83,53928,39,买盘
224,09:41:12,13.83,154886,112,买盘
225,09:41:15,13.83,142449,103,卖盘
226,09:41:18,13.83,8298,6,卖盘
227,09:41:21,13.83,143857,104,卖盘
228,09:41:27,13.84,60875,44,买盘
229,09:41:30,13.83,869907,629,卖盘
230,09:41:33,13.83,74652,54,买盘
231,09:41:36,13.82,179732,130,卖盘
232,09:41:39,13.82,150723,109,卖盘
233,09:41:42,13.82,235019,170,卖盘
234,09:41:45,13.82,544571,394,卖盘
235,09:41:48,13.83,2766,2,买盘
236,09:41:51,13.83,64965,47,买盘
237,09:41:54,13.82,41460,30,卖盘
238,09:41:57,13.83,20745,15,买盘
239,09:42:00,13.82,99516,72,卖盘
240,09:42:03,13.82,116116,84,卖盘
241,09:42:06,13.82,66345,48,卖盘
242,09:42:09,13.82,87106,63,卖盘
243,09:42:12,13.82,105032,76,卖盘
244,09:42:15,13.83,203169,147,买盘
245,09:42:18,13.82,41460,30,卖盘
246,09:42:21,13.83,71878,52,买盘
247,09:42:24,13.82,38696,28,卖盘
248,09:42:27,13.82,109228,79,卖盘
249,09:42:30,13.82,461588,334,卖盘
250,09:42:33,13.83,201781,146,买盘
251,09:42:36,13.82,11063,8,卖盘
252,09:42:39,13.82,99535,72,卖盘
253,09:42:42,13.82,95381,69,卖盘
254,09:42:45,13.83,9681,7,买盘
255,09:42:48,13.82,167267,121,卖盘
256,09:42:51,13.83,128551,93,买盘
257,09:42:54,13.82,565247,409,卖盘
258,09:42:57,13.82,207338,150,卖盘
259,09:43:00,13.82,41460,30,买盘
260,09:43:03,13.82,1232008,892,买盘
261,09:43:06,13.83,35934,26,买盘
262,09:43:09,13.82,89804,65,中性盘
263,09:43:12,13.83,62177,45,买盘
264,09:43:15,13.82,403260,292,卖盘
265,09:43:18,13.82,96754,70,卖盘
266,09:43:21,13.82,37297,27,买盘
267,09:43:24,13.81,106407,77,卖盘
268,09:43:27,13.81,180997,131,卖盘
269,09:43:30,13.82,49736,36,买盘
270,09:43:33,13.82,22112,16,卖盘
271,09:43:36,13.82,22112,16,卖盘
272,09:43:39,13.82,67726,49,卖盘
273,09:43:42,13.82,402154,291,卖盘
274,09:43:45,13.82,56650,41,买盘
275,09:43:48,13.81,129904,94,卖盘
276,09:43:51,13.81,151970,110,卖盘
277,09:43:54,13.81,157470,114,卖盘
278,09:43:57,13.81,161675,117,卖盘
279,09:44:00,13.81,42832,31,卖盘
280,09:44:03,13.82,537227,389,买盘
281,09:44:06,13.81,298323,216,卖盘
282,09:44:09,13.81,1019206,738,卖盘
283,09:44:12,13.81,713979,517,卖盘
284,09:44:15,13.81,751302,544,卖盘
285,09:44:18,13.81,182286,132,卖盘
286,09:44:21,13.8,75934,55,卖盘
287,09:44:24,13.81,590746,428,买盘
288,09:44:27,13.81,22091,16,买盘
289,09:44:30,13.81,521656,378,买盘
290,09:44:33,13.81,140835,102,买盘
291,09:44:36,13.81,157380,114,买盘
292,09:44:39,13.81,103584,75,卖盘
293,09:44:42,13.8,84202,61,卖盘
294,09:44:45,13.81,37280,27,中性盘
295,09:44:48,13.8,107722,78,卖盘
296,09:44:51,13.8,82811,60,卖盘
297,09:44:54,13.8,387822,281,卖盘
298,09:44:57,13.8,115999,84,卖盘
299,09:45:00,13.81,1360786,986,买盘
300,09:45:03,13.8,249786,181,卖盘
301,09:45:06,13.8,40026,29,卖盘
302,09:45:09,13.8,160085,116,卖盘
303,09:45:12,13.8,287034,208,卖盘
304,09:45:15,13.8,77279,56,买盘
305,09:45:18,13.8,400178,290,买盘
306,09:45:21,13.81,731401,530,买盘
307,09:45:24,13.81,253838,184,买盘
308,09:45:27,13.82,894973,648,买盘
309,09:45:30,13.81,128443,93,卖盘
310,09:45:33,13.82,15192,11,买盘
311,09:45:36,13.81,323115,234,卖盘
312,09:45:39,13.81,45574,33,卖盘
313,09:45:42,13.81,58002,42,卖盘
314,09:45:45,13.81,69050,50,卖盘
315,09:45:48,13.8,56608,41,卖盘
316,09:45:51,13.82,139492,101,买盘
317,09:45:54,13.81,138159,100,卖盘
318,09:45:57,13.82,113245,82,买盘
319,09:46:00,13.82,768402,556,买盘
320,09:46:03,13.83,217091,157,买盘
321,09:46:06,13.82,35948,26,卖盘
322,09:46:09,13.83,11064,8,买盘
323,09:46:12,13.82,138200,100,卖盘
324,09:46:15,13.82,252924,183,卖盘
325,09:46:18,13.81,169929,123,卖盘
326,09:46:21,13.82,46994,34,中性盘
327,09:46:24,13.82,4146,3,卖盘
328,09:46:27,13.82,348273,252,卖盘
329,09:46:30,13.82,67718,49,卖盘
330,09:46:33,13.82,17966,13,卖盘
331,09:46:36,13.83,48392,35,买盘
332,09:46:39,13.84,168780,122,买盘
333,09:46:42,13.82,6910,5,卖盘
334,09:46:45,13.83,35954,26,中性盘
335,09:46:51,13.84,176995,128,买盘
336,09:46:54,13.85,435971,315,买盘
337,09:46:57,13.84,272683,197,卖盘
338,09:47:00,13.84,109260,79,卖盘
339,09:47:03,13.84,30466,22,卖盘
340,09:47:06,13.85,272609,197,中性盘
341,09:47:09,13.84,144091,104,中性盘
342,09:47:12,13.85,134400,97,卖盘
343,09:47:15,13.83,51171,37,卖盘
344,09:47:18,13.83,35958,26,卖盘
345,09:47:21,13.83,41490,30,卖盘
346,09:47:24,13.83,49788,36,卖盘
347,09:47:27,13.83,45639,33,卖盘
348,09:47:30,13.82,12438,9,卖盘
349,09:47:33,13.84,78836,57,买盘
350,09:47:39,13.84,49824,36,买盘
351,09:47:42,13.84,33193,24,买盘
352,09:47:45,13.84,488620,353,买盘
353,09:47:48,13.85,19390,14,卖盘
354,09:47:51,13.87,12483,9,买盘
355,09:47:54,13.87,214569,155,买盘
356,09:47:57,13.86,15256,11,中性盘
357,09:48:00,13.87,110956,80,买盘
358,09:48:03,13.85,95565,69,卖盘
359,09:48:06,13.85,5540,4,卖盘
360,09:48:09,13.85,4156,3,卖盘
361,09:48:15,13.86,29106,21,中性盘
362,09:48:18,13.86,227461,164,卖盘
363,09:48:21,13.87,74878,54,买盘
364,09:48:24,13.87,180390,130,卖盘
365,09:48:27,13.88,439964,317,买盘
366,09:48:30,13.88,151380,109,卖盘
367,09:48:33,13.89,66643,48,买盘
368,09:48:36,13.89,144439,104,买盘
369,09:48:39,13.89,205457,148,买盘
370,09:48:42,13.89,354090,255,买盘
371,09:48:45,13.89,8330,6,买盘
372,09:48:48,13.88,59724,43,卖盘
373,09:48:51,13.89,97230,70,买盘
374,09:48:54,13.89,5556,4,卖盘
375,09:48:57,13.9,43068,31,买盘
376,09:49:00,13.89,33359,24,卖盘
377,09:49:03,13.89,127798,92,卖盘
378,09:49:06,13.89,244610,176,卖盘
379,09:49:09,13.9,2780,2,买盘
380,09:49:12,13.89,323637,233,卖盘
381,09:49:15,13.88,94395,68,卖盘
382,09:49:18,13.87,5548,4,卖盘
383,09:49:21,13.88,87440,63,买盘
384,09:49:24,13.86,18028,13,卖盘
385,09:49:27,13.86,106858,77,卖盘
386,09:49:30,13.88,36088,26,买盘
387,09:49:33,13.88,19432,14,买盘
388,09:49:36,13.87,1387,1,卖盘
389,09:49:39,13.87,130433,94,卖盘
390,09:49:42,13.88,37469,27,中性盘
391,09:49:45,13.87,61046,44,卖盘
392,09:49:48,13.87,13870,10,买盘
393,09:49:51,13.86,6930,5,卖盘
394,09:49:57,13.86,4158,3,卖盘
395,09:50:03,13.86,62374,45,卖盘
396,09:50:06,13.87,72116,52,买盘
397,09:50:09,13.86,62375,45,卖盘
398,09:50:12,13.86,22186,16,卖盘
399,09:50:15,13.86,31898,23,卖盘
400,09:50:24,13.86,31891,23,卖盘
401,09:50:27,13.86,510220,368,卖盘
402,09:50:30,13.87,27723,20,买盘
403,09:50:33,13.87,130378,94,卖盘
404,09:50:36,13.86,16642,12,卖盘
405,09:50:39,13.85,676424,488,卖盘
406,09:50:42,13.85,66494,48,卖盘
407,09:50:45,13.86,145493,105,中性盘
408,09:50:48,13.85,186975,135,卖盘
409,09:50:54,13.85,152350,110,卖盘
410,09:50:57,13.85,687967,497,买盘
411,09:51:00,13.84,84394,61,中性盘
412,09:51:03,13.83,31816,23,卖盘
413,09:51:06,13.83,84389,61,卖盘
414,09:51:09,13.84,9688,7,买盘
415,09:51:12,13.83,4149,3,卖盘
416,09:51:15,13.83,308316,223,卖盘
417,09:51:18,13.84,45670,33,买盘
418,09:51:21,13.84,31832,23,卖盘
419,09:51:24,13.84,59506,43,卖盘
420,09:51:27,13.84,1384,1,卖盘
421,09:51:30,13.84,96864,70,买盘
422,09:51:33,13.83,1926537,1393,卖盘
423,09:51:36,13.84,6921,5,卖盘
424,09:51:39,13.84,12456,9,卖盘
425,09:51:42,13.84,56744,41,卖盘
426,09:51:48,13.84,40136,29,卖盘
427,09:51:51,13.84,23528,17,卖盘
428,09:51:54,13.84,13845,10,卖盘
429,09:51:57,13.85,70624,51,买盘
430,09:52:03,13.84,276818,200,卖盘
431,09:52:06,13.84,27675,20,中性盘
432,09:52:09,13.84,399976,289,买盘
433,09:52:12,13.83,9681,7,卖盘
434,09:52:15,13.84,8304,6,买盘
435,09:52:18,13.83,20754,15,卖盘
436,09:52:21,13.83,150757,109,卖盘
437,09:52:24,13.83,192237,139,卖盘
438,09:52:27,13.84,120329,87,买盘
439,09:52:30,13.82,9678,7,卖盘
440,09:52:33,13.83,76042,55,买盘
441,09:52:36,13.82,41472,30,卖盘
442,09:52:39,13.83,1383,1,买盘
443,09:52:45,13.83,6915,5,买盘
444,09:52:51,13.83,20739,15,买盘
445,09:52:54,13.82,58059,42,卖盘
446,09:52:57,13.83,23511,17,买盘
447,09:53:00,13.82,179678,130,卖盘
448,09:53:03,13.82,1382,1,卖盘
449,09:53:06,13.82,337208,244,卖盘
450,09:53:09,13.82,273636,198,卖盘
451,09:53:12,13.82,19351,14,卖盘
452,09:53:15,13.82,67718,49,卖盘
453,09:53:18,13.82,13820,10,卖盘
454,09:53:21,13.82,278983,202,卖盘
455,09:53:24,13.81,2762,2,卖盘
456,09:53:27,13.82,58044,42,买盘
457,09:53:30,13.81,51097,37,卖盘
458,09:53:33,13.81,233389,169,卖盘
459,09:53:36,13.81,74574,54,卖盘
460,09:53:39,13.81,58002,42,卖盘
461,09:53:42,13.8,40043,29,卖盘
462,09:53:45,13.81,13810,10,买盘
463,09:53:48,13.8,253933,184,卖盘
464,09:53:51,13.8,333990,242,卖盘
465,09:53:54,13.8,508193,368,卖盘
466,09:53:57,13.8,52440,38,卖盘
467,09:54:00,13.82,19342,14,买盘
468,09:54:03,13.82,1295886,938,买盘
469,09:54:06,13.83,119406,86,买盘
470,09:54:09,13.82,41460,30,卖盘
471,09:54:12,13.82,297130,215,卖盘
472,09:54:15,13.82,44259,32,卖盘
473,09:54:18,13.83,119000,86,中性盘
474,09:54:21,13.83,2766,2,买盘
475,09:54:24,13.82,186655,135,卖盘
476,09:54:27,13.82,16584,12,卖盘
477,09:54:30,13.82,102318,74,卖盘
478,09:54:33,13.83,211599,153,买盘
479,09:54:36,13.83,70532,51,中性盘
480,09:54:39,13.82,236382,171,卖盘
481,09:54:42,13.82,48370,35,卖盘
482,09:54:51,13.82,22111,16,买盘
483,09:54:54,13.83,24885,18,买盘
484,09:55:00,13.81,138117,100,卖盘
485,09:55:03,13.81,23481,17,卖盘
486,09:55:06,13.82,70442,51,中性盘
487,09:55:09,13.83,52528,38,买盘
488,09:55:12,13.83,105067,76,买盘
489,09:55:15,13.81,974629,705,卖盘
490,09:55:18,13.81,23470,17,买盘
491,09:55:21,13.8,33124,24,卖盘
492,09:55:24,13.8,89759,65,卖盘
493,09:55:27,13.8,111800,81,卖盘
494,09:55:30,13.8,133942,97,卖盘
495,09:55:33,13.81,132506,96,买盘
496,09:55:36,13.81,98030,71,买盘
497,09:55:39,13.81,63495,46,买盘
498,09:55:42,13.8,11040,8,卖盘
499,09:55:45,13.8,41400,30,卖盘
500,09:55:48,13.8,244265,177,卖盘
501,09:55:51,13.8,26230,19,卖盘
502,09:55:54,13.8,118703,86,卖盘
503,09:55:57,13.8,6900,5,卖盘
504,09:56:00,13.81,51087,37,买盘
505,09:56:03,13.8,5520,4,卖盘
506,09:56:06,13.8,35900,26,卖盘
507,09:56:09,13.81,31763,23,买盘
508,09:56:12,13.8,49693,36,卖盘
509,09:56:15,13.8,44171,32,卖盘
510,09:56:18,13.8,140832,102,卖盘
511,09:56:21,13.8,56610,41,卖盘
512,09:56:24,13.8,40026,29,卖盘
513,09:56:30,13.8,117364,85,卖盘
514,09:56:33,13.8,51060,37,卖盘
515,09:56:39,13.8,236009,171,卖盘
516,09:56:42,13.81,185054,134,买盘
517,09:56:45,13.81,10049,7,买盘
518,09:56:48,13.8,365745,265,卖盘
519,09:56:51,13.81,28995,21,中性盘
520,09:56:54,13.8,13802,10,卖盘
521,09:56:57,13.8,9660,7,卖盘
522,09:57:00,13.8,82800,60,卖盘
523,09:57:03,13.81,269154,195,买盘
524,09:57:06,13.81,80084,58,买盘
525,09:57:09,13.8,204282,148,卖盘
526,09:57:12,13.81,70398,51,买盘
527,09:57:15,13.8,13800,10,卖盘
528,09:57:18,13.8,478870,347,卖盘
529,09:57:21,13.8,380893,276,卖盘
530,09:57:24,13.8,109020,79,卖盘
531,09:57:27,13.8,84186,61,卖盘
532,09:57:30,13.8,266340,193,卖盘
533,09:57:33,13.8,447120,324,卖盘
534,09:57:36,13.8,325294,236,卖盘
535,09:57:39,13.8,24840,18,买盘
536,09:57:42,13.8,71760,52,买盘
537,09:57:45,13.79,13794,10,卖盘
538,09:57:48,13.79,1220446,885,卖盘
539,09:57:51,13.79,41370,30,买盘
540,09:57:54,13.78,192920,140,卖盘
541,09:57:57,13.79,504397,366,买盘
542,09:58:00,13.78,290764,211,卖盘
543,09:58:03,13.79,760658,552,买盘
544,09:58:06,13.77,104679,76,卖盘
545,09:58:09,13.78,449042,326,中性盘
546,09:58:12,13.76,1976362,1436,卖盘
547,09:58:15,13.77,88127,64,中性盘
548,09:58:18,13.76,66081,48,卖盘
549,09:58:21,13.76,257385,187,卖盘
550,09:58:24,13.77,3212063,2334,买盘
551,09:58:27,13.78,93615,68,买盘
552,09:58:30,13.76,148761,108,卖盘
553,09:58:33,13.78,44054,32,买盘
554,09:58:36,13.77,137701,100,卖盘
555,09:58:39,13.77,39953,29,卖盘
556,09:58:42,13.78,68880,50,买盘
557,09:58:45,13.77,300194,218,卖盘
558,09:58:48,13.78,6889,5,买盘
559,09:58:51,13.77,141836,103,卖盘
560,09:58:54,13.77,190048,138,卖盘
561,09:58:57,13.77,30299,22,卖盘
562,09:59:00,13.77,8262,6,卖盘
563,09:59:03,13.77,150093,109,卖盘
564,09:59:06,13.77,223083,162,卖盘
565,09:59:09,13.76,147234,107,卖盘
566,09:59:12,13.76,244959,178,卖盘
567,09:59:15,13.76,394914,287,卖盘
568,09:59:18,13.75,78394,57,卖盘
569,09:59:21,13.76,127913,93,买盘
570,09:59:24,13.76,348123,253,买盘
571,09:59:27,13.75,1291126,939,卖盘
572,09:59:30,13.75,296978,216,买盘
573,09:59:33,13.74,258346,188,卖盘
574,09:59:36,13.75,1507606,1096,买盘
575,09:59:39,13.75,265322,193,卖盘
576,09:59:42,13.76,318891,232,买盘
577,09:59:45,13.75,387750,282,卖盘
578,09:59:48,13.76,85312,62,买盘
579,09:59:51,13.76,720408,524,卖盘
580,09:59:54,13.75,88005,64,卖盘
581,09:59:57,13.75,50896,37,卖盘
582,10:00:00,13.75,64631,47,卖盘
583,10:00:03,13.75,46772,34,卖盘
584,10:00:06,13.75,127877,93,卖盘
585,10:00:09,13.75,360271,262,卖盘
586,10:00:12,13.75,577588,420,卖盘
587,10:00:15,13.75,185625,135,卖盘
588,10:00:18,13.75,46760,34,卖盘
589,10:00:21,13.75,27506,20,卖盘
590,10:00:24,13.75,57750,42,卖盘
591,10:00:27,13.75,68793,50,卖盘
592,10:00:30,13.75,176075,128,卖盘
593,10:00:33,13.76,918594,668,中性盘
594,10:00:36,13.75,70126,51,卖盘
595,10:00:39,13.75,129347,94,卖盘
596,10:00:42,13.76,393790,286,中性盘
597,10:00:45,13.76,132045,96,中性盘
598,10:00:48,13.76,850423,618,卖盘
599,10:00:51,13.76,72921,53,卖盘
600,10:00:54,13.77,11016,8,买盘
601,10:00:57,13.77,138979,101,买盘
602,10:01:00,13.77,52322,38,买盘
603,10:01:03,13.76,17896,13,卖盘
604,10:01:06,13.76,56441,41,卖盘
605,10:01:09,13.76,255948,186,卖盘
606,10:01:12,13.76,48160,35,卖盘
607,10:01:15,13.76,13760,10,卖盘
608,10:01:18,13.76,330240,240,卖盘
609,10:01:21,13.75,52298,38,卖盘
610,10:01:24,13.76,110020,80,买盘
611,10:01:27,13.76,450052,327,卖盘
612,10:01:30,13.76,34400,25,卖盘
613,10:01:33,13.76,137600,100,买盘
614,10:01:36,13.76,299968,218,买盘
615,10:01:39,13.76,326155,237,买盘
616,10:01:42,13.76,55030,40,中性盘
617,10:01:45,13.75,470314,342,卖盘
618,10:01:48,13.76,1376,1,中性盘
619,10:01:54,13.75,24753,18,卖盘
620,10:01:57,13.75,237913,173,卖盘
621,10:02:00,13.76,114202,83,买盘
622,10:02:03,13.77,114217,83,买盘
623,10:02:06,13.76,294504,214,卖盘
624,10:02:09,13.76,27520,20,卖盘
625,10:02:12,13.76,140352,102,卖盘
626,10:02:15,13.77,48171,35,买盘
627,10:02:18,13.76,221628,161,卖盘
628,10:02:21,13.77,311202,226,中性盘
629,10:02:27,13.78,50955,37,买盘
630,10:02:30,13.77,99112,72,中性盘
631,10:02:33,13.78,268619,195,买盘
632,10:02:36,13.77,44074,32,卖盘
633,10:02:39,13.78,5512,4,买盘
634,10:02:42,13.78,123939,90,买盘
635,10:02:45,13.77,30309,22,卖盘
636,10:02:48,13.77,23409,17,卖盘
637,10:02:51,13.78,108862,79,买盘
638,10:02:54,13.78,96395,70,买盘
639,10:02:57,13.78,16536,12,买盘
640,10:03:00,13.77,152907,111,卖盘
641,10:03:03,13.77,22037,16,卖盘
642,10:03:06,13.77,145962,106,卖盘
643,10:03:09,13.77,57828,42,卖盘
644,10:03:12,13.76,24768,18,卖盘
645,10:03:15,13.77,6885,5,买盘
646,10:03:18,13.77,30284,22,买盘
647,10:03:21,13.77,23409,17,买盘
648,10:03:24,13.76,192649,140,卖盘
649,10:03:27,13.77,77112,56,买盘
650,10:03:30,13.76,118400,86,卖盘
651,10:03:33,13.77,30294,22,买盘
652,10:03:36,13.77,15147,11,卖盘
653,10:03:39,13.77,20655,15,卖盘
654,10:03:42,13.77,106029,77,卖盘
655,10:03:45,13.77,8262,6,卖盘
656,10:03:48,13.78,15151,11,买盘
657,10:03:51,13.77,13770,10,卖盘
658,10:03:57,13.77,145977,106,卖盘
659,10:04:00,13.77,28917,21,卖盘
660,10:04:03,13.78,96407,70,买盘
661,10:04:06,13.77,194157,141,卖盘
662,10:04:09,13.78,34435,25,买盘
663,10:04:12,13.79,1702063,1235,买盘
664,10:04:15,13.8,66232,48,买盘
665,10:04:18,13.78,122795,89,卖盘
666,10:04:21,13.8,264820,192,买盘
667,10:04:24,13.79,176580,128,卖盘
668,10:04:30,13.8,1380,1,买盘
669,10:04:33,13.79,172375,125,卖盘
670,10:04:39,13.79,5516,4,卖盘
671,10:04:42,13.79,38606,28,买盘
672,10:04:45,13.78,39972,29,卖盘
673,10:04:48,13.78,93737,68,卖盘
674,10:04:51,13.79,190296,138,买盘
675,10:04:54,13.79,60663,44,买盘
676,10:04:57,13.78,15163,11,卖盘
677,10:05:00,13.79,24807,18,买盘
678,10:05:03,13.78,28948,21,卖盘
679,10:05:06,13.78,114443,83,卖盘
680,10:05:09,13.78,66141,48,卖盘
681,10:05:12,13.79,17927,13,买盘
682,10:05:18,13.79,5516,4,买盘
683,10:05:21,13.79,111693,81,买盘
684,10:05:24,13.78,24814,18,卖盘
685,10:05:27,13.78,55120,40,卖盘
686,10:05:30,13.78,363811,264,卖盘
687,10:05:33,13.78,11024,8,买盘
688,10:05:36,13.78,17914,13,买盘
689,10:05:39,13.79,23443,17,买盘
690,10:05:42,13.78,243906,177,卖盘
691,10:05:45,13.78,245284,178,卖盘
692,10:05:48,13.77,8263,6,卖盘
693,10:05:51,13.78,45474,33,买盘
694,10:05:54,13.78,66144,48,买盘
695,10:05:57,13.78,71656,52,买盘
696,10:06:00,13.78,166637,121,买盘
697,10:06:03,13.77,1377,1,卖盘
698,10:06:06,13.78,158470,115,买盘
699,10:06:09,13.78,141918,103,买盘
700,10:06:12,13.77,33055,24,卖盘
701,10:06:15,13.78,35828,26,买盘
702,10:06:18,13.78,15158,11,卖盘
703,10:06:24,13.78,60632,44,卖盘
704,10:06:27,13.78,90963,66,卖盘
705,10:06:30,13.78,24804,18,卖盘
706,10:06:33,13.78,38578,28,买盘
707,10:06:36,13.78,96460,70,卖盘
708,10:06:39,13.77,31671,23,卖盘
709,10:06:42,13.78,63388,46,买盘
710,10:06:48,13.78,8268,6,买盘
711,10:06:51,13.78,13780,10,买盘
712,10:06:57,13.78,15158,11,买盘
713,10:07:03,13.78,217724,158,买盘
714,10:07:06,13.77,68852,50,卖盘
715,10:07:09,13.79,64770,47,买盘
716,10:07:12,13.78,125409,91,卖盘
717,10:07:21,13.78,97838,71,卖盘
718,10:07:24,13.77,13777,10,卖盘
719,10:07:27,13.78,17914,13,买盘
720,10:07:30,13.78,121220,88,卖盘
721,10:07:33,13.79,70329,51,买盘
722,10:07:36,13.79,26191,19,买盘
723,10:07:39,13.79,774998,562,买盘
724,10:07:42,13.78,75829,55,卖盘
725,10:07:45,13.79,64813,47,买盘
726,10:07:48,13.79,2758,2,买盘
727,10:07:54,13.79,154548,112,卖盘
728,10:07:57,13.8,99360,72,买盘
729,10:08:00,13.79,71708,52,卖盘
730,10:08:03,13.79,8274,6,买盘
731,10:08:06,13.79,1379,1,买盘
732,10:08:09,13.79,170996,124,买盘
733,10:08:12,13.79,5516,4,卖盘
734,10:08:15,13.79,2758,2,中性盘
735,10:08:18,13.79,28971,21,卖盘
736,10:08:21,13.79,158699,115,卖盘
737,10:08:24,13.8,8280,6,买盘
738,10:08:27,13.8,30340,22,买盘
739,10:08:30,13.79,81405,59,卖盘
740,10:08:33,13.8,69000,50,买盘
741,10:08:36,13.79,34475,25,卖盘
742,10:08:39,13.8,42780,31,买盘
743,10:08:42,13.79,1379,1,卖盘
744,10:08:45,13.79,16548,12,卖盘
745,10:08:48,13.79,13790,10,卖盘
746,10:08:51,13.79,2758,2,卖盘
747,10:08:54,13.79,20685,15,卖盘
748,10:08:57,13.79,59297,43,卖盘
749,10:09:00,13.79,208229,151,卖盘
750,10:09:03,13.8,38624,28,买盘
751,10:09:06,13.79,2758,2,卖盘
752,10:09:09,13.79,268985,195,卖盘
753,10:09:12,13.8,255184,185,买盘
754,10:09:15,13.79,37233,27,卖盘
755,10:09:18,13.79,16548,12,卖盘
756,10:09:21,13.79,24822,18,卖盘
757,10:09:27,13.8,45532,33,买盘
758,10:09:30,13.8,45536,33,买盘
759,10:09:33,13.79,6895,5,卖盘
760,10:09:36,13.8,6896,5,买盘
761,10:09:39,13.79,86877,63,卖盘
762,10:09:42,13.79,71738,52,卖盘
763,10:09:45,13.79,533670,387,卖盘
764,10:09:48,13.78,2756,2,卖盘
765,10:09:54,13.79,19306,14,买盘
766,10:09:57,13.78,11029,8,卖盘
767,10:10:00,13.78,78600,57,卖盘
768,10:10:06,13.78,2756,2,卖盘
769,10:10:09,13.78,713804,518,卖盘
770,10:10:12,13.78,28938,21,买盘
771,10:10:15,13.78,44094,32,买盘
772,10:10:21,13.78,104752,76,卖盘
773,10:10:24,13.78,9646,7,卖盘
774,10:10:27,13.79,6895,5,买盘
775,10:10:30,13.79,15169,11,买盘
776,10:10:33,13.79,155827,113,买盘
777,10:10:36,13.78,234345,170,卖盘
778,10:10:39,13.79,1379,1,中性盘
779,10:10:48,13.78,9647,7,卖盘
780,10:10:57,13.78,230129,167,卖盘
781,10:11:00,13.78,84058,61,买盘
782,10:11:03,13.78,101973,74,买盘
783,10:11:06,13.78,1378,1,卖盘
784,10:11:09,13.79,179231,130,买盘
785,10:11:12,13.78,17926,13,卖盘
786,10:11:15,13.78,137825,100,卖盘
787,10:11:18,13.77,33090,24,卖盘
788,10:11:21,13.78,511238,371,卖盘
789,10:11:27,13.78,60632,44,卖盘
790,10:11:30,13.78,82680,60,卖盘
791,10:11:33,13.79,13790,10,买盘
792,10:11:36,13.79,13790,10,买盘
793,10:11:39,13.78,89570,65,卖盘
794,10:11:45,13.79,2758,2,买盘
795,10:11:48,13.78,165360,120,卖盘
796,10:11:51,13.78,15168,11,卖盘
797,10:11:54,13.79,1379,1,买盘
798,10:11:57,13.79,31708,23,买盘
799,10:12:00,13.78,45475,33,卖盘
800,10:12:03,13.77,101966,74,卖盘
801,10:12:06,13.77,5508,4,卖盘
802,10:12:09,13.77,1120888,814,卖盘
803,10:12:12,13.77,128061,93,买盘
804,10:12:15,13.76,22024,16,卖盘
805,10:12:18,13.76,5504,4,卖盘
806,10:12:21,13.77,97707,71,买盘
807,10:12:24,13.76,81184,59,卖盘
808,10:12:27,13.76,5504,4,卖盘
809,10:12:30,13.77,28917,21,买盘
810,10:12:33,13.76,185775,135,卖盘
811,10:12:36,13.76,144480,105,卖盘
812,10:12:39,13.76,67424,49,卖盘
813,10:12:42,13.76,46784,34,卖盘
814,10:12:45,13.76,38528,28,卖盘
815,10:12:48,13.77,20649,15,买盘
816,10:12:51,13.76,67424,49,卖盘
817,10:12:54,13.76,283466,206,卖盘
818,10:12:57,13.76,81197,59,卖盘
819,10:13:00,13.76,15136,11,卖盘
820,10:13:03,13.77,89449,65,买盘
821,10:13:06,13.76,4128,3,卖盘
822,10:13:09,13.77,280908,204,买盘
823,10:13:12,13.77,152847,111,买盘
824,10:13:15,13.76,172026,125,卖盘
825,10:13:18,13.76,2752,2,卖盘
826,10:13:21,13.76,696395,506,卖盘
827,10:13:24,13.76,137620,100,卖盘
828,10:13:27,13.76,90816,66,卖盘
829,10:13:30,13.78,37206,27,买盘
830,10:13:33,13.77,35804,26,中性盘
831,10:13:36,13.78,9643,7,买盘
832,10:13:39,13.78,2756,2,买盘
833,10:13:42,13.78,13780,10,买盘
834,10:13:45,13.78,275600,200,买盘
835,10:13:48,13.77,121241,88,卖盘
836,10:13:51,13.78,50976,37,买盘
837,10:13:54,13.78,2756,2,买盘
838,10:13:57,13.78,5512,4,买盘
839,10:14:03,13.77,165240,120,卖盘
840,10:14:06,13.77,1377,1,卖盘
841,10:14:09,13.78,12402,9,买盘
842,10:14:15,13.77,5508,4,卖盘
843,10:14:18,13.77,22045,16,卖盘
844,10:14:21,13.78,23410,17,买盘
845,10:14:24,13.77,2754,2,卖盘
846,10:14:27,13.78,409266,297,买盘
847,10:14:36,13.78,117130,85,卖盘
848,10:14:39,13.79,164101,119,买盘
849,10:14:42,13.79,23443,17,买盘
850,10:14:45,13.79,4137,3,买盘
851,10:14:48,13.79,46886,34,买盘
852,10:14:51,13.79,244083,177,买盘
853,10:14:54,13.78,140641,102,卖盘
854,10:14:57,13.79,5514,4,买盘
855,10:15:00,13.79,17927,13,买盘
856,10:15:03,13.79,319928,232,卖盘
857,10:15:06,13.79,95132,69,买盘
858,10:15:09,13.8,24839,18,买盘
859,10:15:12,13.79,27594,20,卖盘
860,10:15:15,13.79,117215,85,卖盘
861,10:15:21,13.8,13799,10,买盘
862,10:15:24,13.79,37233,27,卖盘
863,10:15:27,13.8,106250,77,买盘
864,10:15:30,13.8,16560,12,买盘
865,10:15:33,13.79,100668,73,卖盘
866,10:15:36,13.79,46916,34,卖盘
867,10:15:42,13.79,20685,15,卖盘
868,10:15:45,13.8,8280,6,买盘
869,10:15:48,13.8,89685,65,买盘
870,10:15:51,13.8,106252,77,买盘
871,10:15:54,13.8,927360,672,买盘
872,10:15:57,13.8,20713,15,卖盘
873,10:16:00,13.81,17952,13,买盘
874,10:16:03,13.8,24857,18,卖盘
875,10:16:06,13.81,17953,13,买盘
876,10:16:09,13.81,16572,12,买盘
877,10:16:12,13.81,2762,2,买盘
878,10:16:15,13.81,37287,27,买盘
879,10:16:18,13.81,20714,15,买盘
880,10:16:21,13.81,16572,12,买盘
881,10:16:24,13.81,74573,54,买盘
882,10:16:27,13.81,37287,27,卖盘
883,10:16:30,13.81,13810,10,买盘
884,10:16:33,13.82,12438,9,买盘
885,10:16:36,13.82,365820,265,买盘
886,10:16:39,13.8,15189,11,卖盘
887,10:16:48,13.81,55250,40,卖盘
888,10:16:54,13.81,131197,95,卖盘
889,10:16:57,13.81,81470,59,买盘
890,10:17:00,13.81,24858,18,买盘
891,10:17:03,13.81,15191,11,买盘
892,10:17:06,13.81,52476,38,买盘
893,10:17:12,13.8,8285,6,卖盘
894,10:17:15,13.8,304980,221,卖盘
895,10:17:18,13.8,204240,148,买盘
896,10:17:21,13.8,15180,11,买盘
897,10:17:24,13.8,12420,9,买盘
898,10:17:27,13.8,24839,18,买盘
899,10:17:30,13.8,110400,80,卖盘
900,10:17:33,13.8,8280,6,卖盘
901,10:17:36,13.8,220808,160,卖盘
902,10:17:39,13.8,13800,10,卖盘
903,10:17:42,13.79,27580,20,卖盘
904,10:17:45,13.8,15180,11,买盘
905,10:17:51,13.79,155844,113,卖盘
906,10:17:54,13.79,6895,5,卖盘
907,10:18:00,13.79,82790,60,卖盘
908,10:18:03,13.79,180679,131,卖盘
909,10:18:06,13.79,27590,20,卖盘
910,10:18:09,13.79,150414,109,卖盘
911,10:18:12,13.79,64813,47,卖盘
912,10:18:15,13.79,37208,27,买盘
913,10:18:18,13.79,173754,126,卖盘
914,10:18:21,13.78,209465,152,卖盘
915,10:18:24,13.78,70347,51,卖盘
916,10:18:27,13.8,1380,1,中性盘
917,10:18:33,13.79,92456,67,卖盘
918,10:18:36,13.8,45529,33,买盘
919,10:18:39,13.8,137980,100,卖盘
920,10:18:42,13.78,38604,28,卖盘
921,10:18:45,13.8,28968,21,买盘
922,10:18:48,13.78,9648,7,卖盘
923,10:18:51,13.8,110365,80,买盘
924,10:18:54,13.79,19306,14,卖盘
925,10:18:57,13.8,22080,16,买盘
926,10:19:00,13.79,8274,6,卖盘
927,10:19:03,13.79,24829,18,卖盘
928,10:19:06,13.8,168334,122,买盘
929,10:19:09,13.8,15180,11,卖盘
930,10:19:12,13.8,229080,166,卖盘
931,10:19:15,13.81,59365,43,买盘
932,10:19:18,13.8,16570,12,卖盘
933,10:19:21,13.8,17940,13,卖盘
934,10:19:24,13.8,20698,15,买盘
935,10:19:27,13.79,27590,20,卖盘
936,10:19:30,13.8,17929,13,买盘
937,10:19:33,13.79,66238,48,卖盘
938,10:19:36,13.79,6895,5,卖盘
939,10:19:39,13.8,2760,2,买盘
940,10:19:42,13.79,30339,22,卖盘
941,10:19:45,13.79,2758,2,卖盘
942,10:19:51,13.79,11032,8,卖盘
943,10:19:54,13.79,37240,27,卖盘
944,10:19:57,13.79,28969,21,卖盘
945,10:20:00,13.79,4137,3,卖盘
946,10:20:03,13.79,28959,21,卖盘
947,10:20:09,13.79,19306,14,卖盘
948,10:20:12,13.79,48265,35,卖盘
949,10:20:15,13.79,4137,3,卖盘
950,10:20:18,13.79,22064,16,卖盘
951,10:20:21,13.79,35854,26,卖盘
952,10:20:24,13.79,48285,35,卖盘
953,10:20:27,13.8,182050,132,买盘
954,10:20:30,13.8,51060,37,买盘
955,10:20:33,13.8,37260,27,买盘
956,10:20:36,13.79,44135,32,卖盘
957,10:20:39,13.8,12420,9,买盘
958,10:20:42,13.8,77275,56,买盘
959,10:20:45,13.79,38633,28,卖盘
960,10:20:48,13.79,12411,9,卖盘
961,10:20:51,13.79,184916,134,卖盘
962,10:20:54,13.8,27600,20,买盘
963,10:20:57,13.79,165580,120,卖盘
964,10:21:06,13.8,5520,4,卖盘
965,10:21:09,13.8,37260,27,卖盘
966,10:21:15,13.8,135240,98,卖盘
967,10:21:18,13.79,8276,6,卖盘
968,10:21:30,13.8,16558,12,买盘
969,10:21:33,13.79,39991,29,卖盘
970,10:21:36,13.79,20685,15,卖盘
971,10:21:39,13.79,8274,6,卖盘
972,10:21:42,13.79,150311,109,卖盘
973,10:21:45,13.78,73083,53,卖盘
974,10:21:48,13.79,38612,28,买盘
975,10:21:51,13.79,1291212,937,卖盘
976,10:21:54,13.79,4139,3,卖盘
977,10:22:00,13.79,49644,36,卖盘
978,10:22:03,13.79,46886,34,卖盘
979,10:22:06,13.8,16551,12,买盘
980,10:22:09,13.79,103425,75,卖盘
981,10:22:12,13.79,13790,10,卖盘
982,10:22:18,13.79,8274,6,卖盘
983,10:22:21,13.79,317170,230,卖盘
984,10:22:24,13.79,8274,6,买盘
985,10:22:27,13.79,4137,3,买盘
986,10:22:33,13.79,79934,58,买盘
987,10:22:39,13.78,11024,8,卖盘
988,10:22:42,13.79,13790,10,买盘
989,10:22:51,13.78,13780,10,卖盘
990,10:22:54,13.78,2756,2,卖盘
991,10:22:57,13.78,17925,13,卖盘
992,10:23:00,13.78,67522,49,卖盘
993,10:23:03,13.79,57910,42,买盘
994,10:23:06,13.78,62010,45,卖盘
995,10:23:09,13.79,15159,11,买盘
996,10:23:15,13.78,121290,88,卖盘
997,10:23:18,13.78,24805,18,卖盘
998,10:23:21,13.78,11024,8,卖盘
999,10:23:24,13.78,64766,47,卖盘
1000,10:23:27,13.78,16536,12,买盘
1001,10:23:30,13.78,5512,4,买盘
1002,10:23:33,13.78,13780,10,买盘
1003,10:23:36,13.78,22048,16,买盘
1004,10:23:39,13.78,15158,11,卖盘
1005,10:23:42,13.77,126737,92,卖盘
1006,10:23:45,13.78,8268,6,买盘
1007,10:23:48,13.77,5508,4,卖盘
1008,10:23:51,13.78,33067,24,买盘
1009,10:24:00,13.78,1378,1,买盘
1010,10:24:03,13.77,30298,22,卖盘
1011,10:24:06,13.78,22048,16,买盘
1012,10:24:09,13.77,108783,79,卖盘
1013,10:24:12,13.78,9644,7,买盘
1014,10:24:15,13.77,2754,2,卖盘
1015,10:24:18,13.77,41310,30,卖盘
1016,10:24:21,13.77,46818,34,卖盘
1017,10:24:24,13.77,15148,11,卖盘
1018,10:24:27,13.78,15157,11,买盘
1019,10:24:30,13.78,13780,10,买盘
1020,10:24:33,13.78,68900,50,买盘
1021,10:24:36,13.78,62010,45,买盘
1022,10:24:39,13.77,290558,211,卖盘
1023,10:24:42,13.78,52332,38,买盘
1024,10:24:48,13.78,13780,10,买盘
1025,10:24:51,13.77,2754,2,卖盘
1026,10:24:54,13.77,12393,9,卖盘
1027,10:25:00,13.78,212212,154,买盘
1028,10:25:03,13.78,5512,4,卖盘
1029,10:25:06,13.78,4134,3,卖盘
1030,10:25:12,13.78,137800,100,卖盘
1031,10:25:15,13.79,31707,23,买盘
1032,10:25:21,13.79,5516,4,买盘
1033,10:25:24,13.8,434386,315,买盘
1034,10:25:27,13.79,44130,32,卖盘
1035,10:25:33,13.8,75803,55,买盘
1036,10:25:36,13.79,37212,27,卖盘
1037,10:25:39,13.79,13790,10,买盘
1038,10:25:42,13.79,1379,1,买盘
1039,10:25:45,13.78,2756,2,卖盘
1040,10:25:51,13.79,23443,17,买盘
1041,10:25:54,13.78,206736,150,卖盘
1042,10:25:57,13.78,176384,128,买盘
1043,10:26:00,13.78,27560,20,卖盘
1044,10:26:03,13.78,12402,9,卖盘
1045,10:26:09,13.78,2756,2,卖盘
1046,10:26:12,13.79,95087,69,买盘
1047,10:26:15,13.78,518128,376,卖盘
1048,10:26:18,13.78,192920,140,买盘
1049,10:26:21,13.78,60632,44,买盘
1050,10:26:24,13.78,71682,52,中性盘
1051,10:26:27,13.78,8268,6,卖盘
1052,10:26:30,13.79,340613,247,买盘
1053,10:26:33,13.78,11024,8,卖盘
1054,10:26:36,13.78,28938,21,卖盘
1055,10:26:39,13.77,20658,15,卖盘
1056,10:26:42,13.78,4134,3,买盘
1057,10:26:54,13.77,23409,17,卖盘
1058,10:26:57,13.78,2756,2,买盘
1059,10:27:00,13.78,110170,80,买盘
1060,10:27:09,13.78,89563,65,买盘
1061,10:27:12,13.77,17902,13,卖盘
1062,10:27:18,13.78,46838,34,买盘
1063,10:27:21,13.78,5512,4,卖盘
1064,10:27:24,13.78,49608,36,卖盘
1065,10:27:30,13.78,130910,95,卖盘
1066,10:27:36,13.78,126771,92,买盘
1067,10:27:42,13.78,49608,36,卖盘
1068,10:27:45,13.78,4134,3,买盘
1069,10:27:54,13.77,210683,153,卖盘
1070,10:27:57,13.78,1378,1,买盘
1071,10:28:00,13.78,1378,1,买盘
1072,10:28:06,13.77,48195,35,卖盘
1073,10:28:09,13.77,304317,221,卖盘
1074,10:28:12,13.76,262827,191,卖盘
1075,10:28:15,13.77,41310,30,卖盘
1076,10:28:18,13.77,17901,13,卖盘
1077,10:28:24,13.76,2753,2,卖盘
1078,10:28:27,13.76,261440,190,卖盘
1079,10:28:30,13.77,4130,3,买盘
1080,10:28:36,13.76,63316,46,卖盘
1081,10:28:42,13.76,12384,9,卖盘
1082,10:28:45,13.76,13760,10,卖盘
1083,10:28:48,13.76,16512,12,卖盘
1084,10:28:51,13.76,518924,377,卖盘
1085,10:28:54,13.76,2753,2,卖盘
1086,10:28:57,13.77,117045,85,买盘
1087,10:29:00,13.77,5508,4,卖盘
1088,10:29:03,13.77,20654,15,卖盘
1089,10:29:06,13.77,6885,5,买盘
1090,10:29:12,13.77,17897,13,买盘
1091,10:29:15,13.76,13761,10,卖盘
1092,10:29:18,13.76,96320,70,卖盘
1093,10:29:24,13.76,8256,6,卖盘
1094,10:29:27,13.76,6880,5,卖盘
1095,10:29:30,13.76,75680,55,卖盘
1096,10:29:33,13.77,35779,26,买盘
1097,10:29:39,13.78,337156,245,买盘
1098,10:29:45,13.78,4134,3,买盘
1099,10:29:48,13.78,35825,26,买盘
1100,10:29:51,13.77,9639,7,卖盘
1101,10:29:54,13.78,56462,41,买盘
1102,10:29:57,13.77,206550,150,卖盘
1103,10:30:00,13.78,13780,10,买盘
1104,10:30:03,13.77,2754,2,卖盘
1105,10:30:06,13.78,30303,22,买盘
1106,10:30:09,13.77,2754,2,卖盘
1107,10:30:15,13.78,4133,3,买盘
1108,10:30:21,13.78,49608,36,买盘
1109,10:30:24,13.77,50949,37,卖盘
1110,10:30:27,13.78,30316,22,买盘
1111,10:30:30,13.78,31694,23,买盘
1112,10:30:33,13.78,41340,30,买盘
1113,10:30:36,13.78,168016,122,买盘
1114,10:30:39,13.78,4134,3,买盘
1115,10:30:42,13.78,39962,29,买盘
1116,10:30:45,13.78,92326,67,卖盘
1117,10:30:54,13.77,16524,12,卖盘
1118,10:30:57,13.78,121191,88,买盘
1119,10:31:00,13.78,41340,30,买盘
1120,10:31:03,13.77,41310,30,卖盘
1121,10:31:06,13.77,67480,49,卖盘
1122,10:31:21,13.78,654310,475,买盘
1123,10:31:24,13.77,5508,4,卖盘
1124,10:31:27,13.77,90882,66,卖盘
1125,10:31:30,13.77,30296,22,买盘
1126,10:31:48,13.76,13760,10,卖盘
1127,10:31:51,13.77,134878,98,买盘
1128,10:31:57,13.77,67425,49,买盘
1129,10:32:00,13.76,4128,3,卖盘
1130,10:32:06,13.76,46784,34,卖盘
1131,10:32:09,13.76,15137,11,卖盘
1132,10:32:15,13.76,6880,5,卖盘
1133,10:32:21,13.76,493984,359,卖盘
1134,10:32:24,13.76,172000,125,卖盘
1135,10:32:27,13.77,35802,26,买盘
1136,10:32:30,13.77,1377,1,买盘
1137,10:32:33,13.77,12393,9,买盘
1138,10:32:36,13.77,44038,32,买盘
1139,10:32:39,13.76,8256,6,卖盘
1140,10:32:42,13.76,57793,42,卖盘
1141,10:32:45,13.76,35777,26,卖盘
1142,10:32:48,13.76,56431,41,卖盘
1143,10:32:51,13.76,19264,14,卖盘
1144,10:32:54,13.77,234090,170,买盘
1145,10:33:00,13.77,57834,42,卖盘
1146,10:33:03,13.77,66096,48,卖盘
1147,10:33:06,13.77,15147,11,买盘
1148,10:33:09,13.77,8262,6,买盘
1149,10:33:18,13.77,15137,11,买盘
1150,10:33:21,13.76,12390,9,卖盘
1151,10:33:24,13.77,49572,36,买盘
1152,10:33:27,13.76,20640,15,卖盘
1153,10:33:30,13.76,34400,25,卖盘
1154,10:33:33,13.77,72941,53,买盘
1155,10:33:36,13.76,291778,212,卖盘
1156,10:33:39,13.77,24786,18,买盘
1157,10:33:42,13.77,1377,1,买盘
1158,10:33:45,13.77,26160,19,买盘
1159,10:33:48,13.76,327490,238,卖盘
1160,10:33:51,13.77,130723,95,买盘
1161,10:33:57,13.76,4130,3,卖盘
1162,10:34:03,13.76,71552,52,卖盘
1163,10:34:06,13.76,83966,61,卖盘
1164,10:34:12,13.77,5508,4,买盘
1165,10:34:18,13.76,64672,47,卖盘
1166,10:34:21,13.76,324754,236,卖盘
1167,10:34:24,13.76,1376,1,卖盘
1168,10:34:27,13.77,8262,6,买盘
1169,10:34:30,13.76,66048,48,卖盘
1170,10:34:33,13.76,13760,10,卖盘
1171,10:34:39,13.76,63302,46,卖盘
1172,10:34:42,13.77,228482,166,买盘
1173,10:34:48,13.76,60558,44,卖盘
1174,10:34:51,13.77,22032,16,买盘
1175,10:34:54,13.77,177563,129,买盘
1176,10:34:57,13.77,497097,361,买盘
1177,10:35:00,13.77,136323,99,卖盘
1178,10:35:03,13.77,67473,49,卖盘
1179,10:35:06,13.77,52334,38,卖盘
1180,10:35:12,13.77,77062,56,买盘
1181,10:35:15,13.76,68800,50,卖盘
1182,10:35:18,13.77,6885,5,买盘
1183,10:35:21,13.76,88064,64,卖盘
1184,10:35:24,13.77,13770,10,买盘
1185,10:35:27,13.77,194032,141,买盘
1186,10:35:30,13.76,1376,1,卖盘
1187,10:35:33,13.76,11008,8,卖盘
1188,10:35:36,13.76,170624,124,卖盘
1189,10:35:39,13.76,280704,204,卖盘
1190,10:35:42,13.76,26144,19,买盘
1191,10:35:45,13.76,22016,16,买盘
1192,10:35:48,13.75,12380,9,卖盘
1193,10:35:51,13.76,15136,11,买盘
1194,10:35:57,13.75,48150,35,卖盘
1195,10:36:00,13.76,59167,43,买盘
1196,10:36:03,13.75,631125,459,卖盘
1197,10:36:09,13.76,35758,26,买盘
1198,10:36:12,13.76,28896,21,买盘
1199,10:36:15,13.75,123750,90,卖盘
1200,10:36:21,13.76,225507,164,买盘
1201,10:36:27,13.75,629750,458,卖盘
1202,10:36:30,13.76,1376,1,买盘
1203,10:36:33,13.75,68750,50,卖盘
1204,10:36:36,13.75,237875,173,卖盘
1205,10:36:39,13.75,26125,19,卖盘
1206,10:36:42,13.75,42625,31,卖盘
1207,10:36:45,13.75,72875,53,卖盘
1208,10:36:48,13.74,1425781,1037,卖盘
1209,10:36:51,13.74,193764,141,卖盘
1210,10:36:54,13.75,138874,101,买盘
1211,10:36:57,13.74,89320,65,卖盘
1212,10:37:00,13.74,27482,20,卖盘
1213,10:37:03,13.74,80846,59,卖盘
1214,10:37:06,13.74,16488,12,卖盘
1215,10:37:09,13.74,147018,107,卖盘
1216,10:37:12,13.74,258312,188,卖盘
1217,10:37:15,13.74,144490,105,卖盘
1218,10:37:18,13.74,23358,17,买盘
1219,10:37:21,13.74,944712,688,买盘
1220,10:37:24,13.73,185402,135,卖盘
1221,10:37:27,13.74,402304,293,买盘
1222,10:37:30,13.73,31579,23,卖盘
1223,10:37:33,13.73,4119,3,买盘
1224,10:37:36,13.72,2744,2,卖盘
1225,10:37:39,13.72,612043,446,卖盘
1226,10:37:42,13.72,482957,352,卖盘
1227,10:37:45,13.72,116637,85,卖盘
1228,10:37:48,13.72,65856,48,卖盘
1229,10:37:51,13.73,157845,115,买盘
1230,10:37:54,13.73,1181588,861,买盘
1231,10:37:57,13.73,37071,27,卖盘
1232,10:38:03,13.73,126316,92,卖盘
1233,10:38:06,13.73,1021090,744,卖盘
1234,10:38:09,13.74,17857,13,买盘
1235,10:38:12,13.74,503941,367,买盘
1236,10:38:15,13.73,53552,39,卖盘
1237,10:38:18,13.73,832045,606,卖盘
1238,10:38:21,13.74,24719,18,买盘
1239,10:38:24,13.73,93367,68,卖盘
1240,10:38:27,13.73,107134,78,卖盘
1241,10:38:30,13.73,93364,68,卖盘
1242,10:38:33,13.73,690619,503,卖盘
1243,10:38:39,13.74,112644,82,买盘
1244,10:38:42,13.73,39817,29,卖盘
1245,10:38:45,13.73,482909,352,卖盘
1246,10:38:48,13.73,45309,33,买盘
1247,10:38:51,13.72,299311,218,卖盘
1248,10:38:54,13.73,251149,183,买盘
1249,10:38:57,13.73,71391,52,买盘
1250,10:39:00,13.72,127655,93,卖盘
1251,10:39:03,13.72,46648,34,卖盘
1252,10:39:06,13.72,97412,71,卖盘
1253,10:39:09,13.73,8238,6,买盘
1254,10:39:12,13.72,273028,199,卖盘
1255,10:39:15,13.72,24696,18,卖盘
1256,10:39:18,13.72,186592,136,卖盘
1257,10:39:21,13.73,28813,21,买盘
1258,10:39:24,13.73,303419,221,买盘
1259,10:39:27,13.74,152412,111,买盘
1260,10:39:30,13.73,79632,58,卖盘
1261,10:39:36,13.73,107094,78,卖盘
1262,10:39:39,13.74,223862,163,买盘
1263,10:39:42,13.76,103074,75,买盘
1264,10:39:45,13.73,171677,125,卖盘
1265,10:39:51,13.74,89238,65,卖盘
1266,10:39:54,13.74,74166,54,买盘
1267,10:39:57,13.74,13732,10,买盘
1268,10:40:00,13.73,116789,85,卖盘
1269,10:40:03,13.73,212750,155,卖盘
1270,10:40:06,13.73,6865,5,卖盘
1271,10:40:09,13.74,1374,1,买盘
1272,10:40:12,13.72,1046858,763,卖盘
1273,10:40:15,13.73,24725,18,中性盘
1274,10:40:21,13.73,370813,270,卖盘
1275,10:40:24,13.74,9618,7,中性盘
1276,10:40:27,13.74,97582,71,卖盘
1277,10:40:30,13.74,68700,50,卖盘
1278,10:40:36,13.74,37073,27,买盘
1279,10:40:42,13.74,35724,26,买盘
1280,10:40:45,13.73,12357,9,卖盘
1281,10:40:48,13.73,229291,167,卖盘
1282,10:40:51,13.73,13730,10,买盘
1283,10:40:54,13.72,6862,5,卖盘
1284,10:40:57,13.73,8238,6,买盘
1285,10:41:00,13.72,142711,104,卖盘
1286,10:41:03,13.73,76888,56,买盘
1287,10:41:06,13.73,23347,17,买盘
1288,10:41:09,13.73,64531,47,卖盘
1289,10:41:12,13.73,2746,2,买盘
1290,10:41:15,13.73,72769,53,买盘
1291,10:41:18,13.73,53547,39,卖盘
1292,10:41:21,13.73,137302,100,卖盘
1293,10:41:24,13.73,229318,167,买盘
1294,10:41:27,13.73,43936,32,卖盘
1295,10:41:30,13.73,15103,11,卖盘
1296,10:41:33,13.74,12366,9,买盘
1297,10:41:36,13.73,75515,55,卖盘
1298,10:41:42,13.73,319932,233,卖盘
1299,10:41:45,13.73,16476,12,卖盘
1300,10:41:48,13.73,20595,15,卖盘
1301,10:41:51,13.73,27460,20,卖盘
1302,10:41:54,13.73,34325,25,卖盘
1303,10:41:57,13.73,42563,31,买盘
1304,10:42:00,13.73,230664,168,买盘
1305,10:42:03,13.74,119481,87,买盘
1306,10:42:06,13.73,1373,1,卖盘
1307,10:42:09,13.73,13730,10,卖盘
1308,10:42:12,13.73,49433,36,卖盘
1309,10:42:15,13.73,39817,29,买盘
1310,10:42:18,13.73,52174,38,卖盘
1311,10:42:21,13.73,112586,82,买盘
1312,10:42:27,13.73,8238,6,卖盘
1313,10:42:30,13.73,19222,14,卖盘
1314,10:42:33,13.73,54920,40,卖盘
1315,10:42:36,13.73,20595,15,买盘
1316,10:42:39,13.72,49408,36,卖盘
1317,10:42:42,13.73,42533,31,买盘
1318,10:42:45,13.73,27460,20,买盘
1319,10:42:48,13.72,157884,115,卖盘
1320,10:42:51,13.73,2746,2,买盘
1321,10:42:57,13.72,131712,96,卖盘
1322,10:43:00,13.72,34320,25,卖盘
1323,10:43:03,13.73,43924,32,买盘
1324,10:43:06,13.72,30185,22,卖盘
1325,10:43:09,13.72,98784,72,卖盘
1326,10:43:12,13.72,241472,176,卖盘
1327,10:43:15,13.72,5488,4,卖盘
1328,10:43:18,13.72,37056,27,卖盘
1329,10:43:21,13.72,219520,160,卖盘
1330,10:43:24,13.73,186608,136,买盘
1331,10:43:27,13.73,630179,459,买盘
1332,10:43:30,13.72,146841,107,卖盘
1333,10:43:33,13.73,19222,14,买盘
1334,10:43:36,13.73,48055,35,卖盘
1335,10:43:39,13.72,281262,205,卖盘
1336,10:43:42,13.73,118078,86,买盘
1337,10:43:45,13.73,17852,13,卖盘
1338,10:43:48,13.74,26102,19,买盘
1339,10:43:51,13.73,137300,100,卖盘
1340,10:43:54,13.74,9618,7,买盘
1341,10:44:00,13.73,424257,309,卖盘
1342,10:44:03,13.74,70074,51,买盘
1343,10:44:06,13.74,81066,59,买盘
1344,10:44:12,13.73,118078,86,卖盘
1345,10:44:15,13.73,15103,11,卖盘
1346,10:44:18,13.74,311986,227,买盘
1347,10:44:21,13.74,162140,118,卖盘
1348,10:44:24,13.74,30239,22,卖盘
1349,10:44:27,13.76,819369,596,买盘
1350,10:44:30,13.75,5501,4,卖盘
1351,10:44:33,13.74,49521,36,卖盘
1352,10:44:39,13.76,35776,26,买盘
1353,10:44:42,13.75,2751,2,卖盘
1354,10:44:45,13.75,30253,22,卖盘
1355,10:44:48,13.76,189871,138,买盘
1356,10:44:51,13.75,206322,150,卖盘
1357,10:44:54,13.76,13760,10,卖盘
1358,10:44:57,13.76,12384,9,卖盘
1359,10:45:00,13.77,28897,21,买盘
1360,10:45:03,13.77,2754,2,买盘
1361,10:45:06,13.76,149984,109,卖盘
1362,10:45:09,13.77,23399,17,买盘
1363,10:45:12,13.76,15136,11,卖盘
1364,10:45:15,13.75,27515,20,卖盘
1365,10:45:18,13.76,13760,10,买盘
1366,10:45:21,13.76,1376,1,买盘
1367,10:45:24,13.75,226902,165,卖盘
1368,10:45:27,13.75,1335158,971,买盘
1369,10:45:30,13.75,37125,27,卖盘
1370,10:45:33,13.75,8252,6,卖盘
1371,10:45:39,13.76,6880,5,买盘
1372,10:45:42,13.75,6875,5,卖盘
1373,10:45:45,13.75,4125,3,卖盘
1374,10:45:48,13.75,59125,43,卖盘
1375,10:45:51,13.75,8252,6,卖盘
1376,10:45:54,13.75,72906,53,卖盘
1377,10:45:57,13.76,16511,12,买盘
1378,10:46:00,13.76,34400,25,买盘
1379,10:46:03,13.76,22016,16,买盘
1380,10:46:09,13.75,30255,22,卖盘
1381,10:46:15,13.75,85310,62,卖盘
1382,10:46:21,13.75,13750,10,卖盘
1383,10:46:24,13.75,30259,22,卖盘
1384,10:46:30,13.75,83935,61,卖盘
1385,10:46:33,13.76,8256,6,买盘
1386,10:46:36,13.76,97696,71,买盘
1387,10:46:45,13.76,12384,9,卖盘
1388,10:46:51,13.76,198066,144,卖盘
1389,10:46:54,13.76,16512,12,买盘
1390,10:46:57,13.76,37152,27,买盘
1391,10:47:03,13.74,427442,311,卖盘
1392,10:47:06,13.75,12375,9,中性盘
1393,10:47:09,13.74,8244,6,卖盘
1394,10:47:15,13.74,105798,77,卖盘
1395,10:47:18,13.73,573932,418,卖盘
1396,10:47:21,13.74,42594,31,买盘
1397,10:47:24,13.73,6868,5,卖盘
1398,10:47:30,13.74,6870,5,买盘
1399,10:47:33,13.74,15113,11,买盘
1400,10:47:36,13.73,30226,22,卖盘
1401,10:47:39,13.74,2748,2,买盘
1402,10:47:42,13.74,27465,20,买盘
1403,10:47:48,13.74,4122,3,买盘
1404,10:47:51,13.75,179995,131,买盘
1405,10:47:54,13.74,138739,101,卖盘
1406,10:48:00,13.74,68700,50,卖盘
1407,10:48:03,13.74,19236,14,中性盘
1408,10:48:06,13.74,64578,47,买盘
1409,10:48:12,13.74,70074,51,卖盘
1410,10:48:15,13.74,39855,29,卖盘
1411,10:48:18,13.75,13750,10,买盘
1412,10:48:21,13.74,17870,13,卖盘
1413,10:48:24,13.74,30230,22,卖盘
1414,10:48:27,13.75,54980,40,买盘
1415,10:48:30,13.75,4125,3,买盘
1416,10:48:33,13.74,217092,158,卖盘
1417,10:48:36,13.74,248694,181,买盘
1418,10:48:39,13.74,60420,44,买盘
1419,10:48:42,13.74,17862,13,买盘
1420,10:48:51,13.73,1373,1,卖盘
1421,10:48:54,13.74,6870,5,买盘
1422,10:48:57,13.73,53556,39,卖盘
1423,10:49:00,13.74,20610,15,买盘
1424,10:49:03,13.73,218316,159,卖盘
1425,10:49:06,13.73,1090212,794,卖盘
1426,10:49:09,13.73,112586,82,买盘
1427,10:49:12,13.73,26087,19,买盘
1428,10:49:15,13.72,9604,7,卖盘
1429,10:49:18,13.72,48020,35,卖盘
1430,10:49:21,13.73,42556,31,买盘
1431,10:49:24,13.72,233260,170,卖盘
1432,10:49:27,13.73,49428,36,买盘
1433,10:49:36,13.73,140016,102,买盘
1434,10:49:42,13.73,20595,15,卖盘
1435,10:49:45,13.73,208696,152,卖盘
1436,10:49:48,13.73,6865,5,买盘
1437,10:49:51,13.73,16476,12,买盘
1438,10:49:54,13.72,24696,18,卖盘
1439,10:49:57,13.72,1372,1,卖盘
1440,10:50:00,13.73,12357,9,买盘
1441,10:50:03,13.72,16464,12,卖盘
1442,10:50:06,13.72,635264,463,卖盘
1443,10:50:09,13.73,2746,2,买盘
1444,10:50:12,13.73,12357,9,买盘
1445,10:50:15,13.72,189336,138,卖盘
1446,10:50:21,13.73,179863,131,买盘
1447,10:50:24,13.73,13739,10,卖盘
1448,10:50:27,13.73,101602,74,卖盘
1449,10:50:30,13.74,225269,164,买盘
1450,10:50:33,13.74,32976,24,买盘
1451,10:50:36,13.73,9617,7,卖盘
1452,10:50:39,13.73,302086,220,卖盘
1453,10:50:42,13.74,4122,3,卖盘
1454,10:50:45,13.74,115416,84,卖盘
1455,10:50:48,13.73,166171,121,卖盘
1456,10:50:51,13.74,12366,9,中性盘
1457,10:51:06,13.74,96120,70,买盘
1458,10:51:15,13.74,70074,51,买盘
1459,10:51:21,13.74,2748,2,买盘
1460,10:51:24,13.74,12366,9,买盘
1461,10:51:27,13.73,27460,20,卖盘
1462,10:51:36,13.74,148334,108,买盘
1463,10:51:39,13.73,6865,5,卖盘
1464,10:51:45,13.73,15103,11,卖盘
1465,10:51:48,13.74,26106,19,买盘
1466,10:51:57,13.74,112663,82,买盘
1467,10:52:00,13.74,46716,34,买盘
1468,10:52:03,13.73,41211,30,卖盘
1469,10:52:06,13.74,10997,8,卖盘
1470,10:52:09,13.74,20610,15,卖盘
1471,10:52:15,13.74,178620,130,卖盘
1472,10:52:18,13.75,414985,302,买盘
1473,10:52:21,13.75,303675,221,买盘
1474,10:52:30,13.74,27480,20,卖盘
1475,10:52:36,13.75,13750,10,买盘
1476,10:52:39,13.74,21984,16,卖盘
1477,10:52:42,13.75,213125,155,买盘
1478,10:52:45,13.75,27500,20,买盘
1479,10:52:48,13.75,4125,3,买盘
1480,10:52:51,13.74,9622,7,卖盘
1481,10:52:54,13.75,2750,2,买盘
1482,10:52:57,13.75,24750,18,买盘
1483,10:53:00,13.74,199232,145,卖盘
1484,10:53:06,13.74,41220,30,卖盘
1485,10:53:09,13.75,169125,123,买盘
1486,10:53:21,13.76,12384,9,买盘
1487,10:53:24,13.75,42625,31,卖盘
1488,10:53:30,13.75,12375,9,卖盘
1489,10:53:33,13.75,13750,10,卖盘
1490,10:53:36,13.75,28875,21,卖盘
1491,10:53:39,13.75,66000,48,卖盘
1492,10:53:45,13.76,5504,4,买盘
1493,10:53:51,13.76,26144,19,买盘
1494,10:53:57,13.75,20639,15,卖盘
1495,10:54:00,13.76,6880,5,买盘
1496,10:54:03,13.75,275000,200,卖盘
1497,10:54:06,13.75,30260,22,卖盘
1498,10:54:09,13.75,61884,45,卖盘
1499,10:54:15,13.76,4128,3,买盘
1500,10:54:30,13.75,27500,20,卖盘
1501,10:54:39,13.75,27500,20,卖盘
1502,10:54:45,13.75,17875,13,卖盘
1503,10:54:57,13.75,110000,80,卖盘
1504,10:55:06,13.75,177375,129,卖盘
1505,10:55:09,13.74,571612,416,卖盘
1506,10:55:18,13.74,1374,1,卖盘
1507,10:55:21,13.75,1375,1,买盘
1508,10:55:39,13.74,28874,21,卖盘
1509,10:55:42,13.74,67326,49,卖盘
1510,10:55:48,13.75,9625,7,买盘
1511,10:55:51,13.74,137400,100,卖盘
1512,10:55:57,13.75,243225,177,买盘
1513,10:56:00,13.74,39859,29,卖盘
1514,10:56:06,13.75,11000,8,买盘
1515,10:56:09,13.75,8250,6,买盘
1516,10:56:12,13.75,6875,5,买盘
1517,10:56:18,13.74,15115,11,卖盘
1518,10:56:21,13.74,13740,10,卖盘
1519,10:56:24,13.74,27480,20,卖盘
1520,10:56:27,13.74,1374,1,买盘
1521,10:56:30,13.74,23368,17,卖盘
1522,10:56:36,13.74,15114,11,卖盘
1523,10:56:39,13.75,37099,27,买盘
1524,10:56:54,13.74,57708,42,卖盘
1525,10:56:57,13.75,35739,26,买盘
1526,10:57:00,13.75,83875,61,买盘
1527,10:57:03,13.74,19240,14,卖盘
1528,10:57:06,13.75,136125,99,买盘
1529,10:57:15,13.74,4122,3,卖盘
1530,10:57:18,13.75,9625,7,买盘
1531,10:57:21,13.74,20610,15,卖盘
1532,10:57:27,13.74,16492,12,卖盘
1533,10:57:30,13.74,68700,50,卖盘
1534,10:57:33,13.74,12366,9,卖盘
1535,10:57:39,13.74,1374,1,卖盘
1536,10:57:42,13.74,24737,18,卖盘
1537,10:57:57,13.74,151140,110,卖盘
1538,10:58:00,13.75,6875,5,买盘
1539,10:58:03,13.74,56354,41,卖盘
1540,10:58:06,13.75,6875,5,买盘
1541,10:58:12,13.75,31625,23,买盘
1542,10:58:15,13.75,4125,3,买盘
1543,10:58:18,13.74,6870,5,卖盘
1544,10:58:21,13.75,8249,6,买盘
1545,10:58:24,13.75,4125,3,买盘
1546,10:58:27,13.75,31625,23,买盘
1547,10:58:30,13.75,826375,601,买盘
1548,10:58:33,13.75,167750,122,买盘
1549,10:58:36,13.75,76994,56,买盘
1550,10:58:39,13.74,2749,2,卖盘
1551,10:58:42,13.75,2750,2,买盘
1552,10:58:48,13.74,20624,15,卖盘
1553,10:58:54,13.74,133305,97,卖盘
1554,10:58:57,13.75,180119,131,买盘
1555,10:59:00,13.75,39875,29,买盘
1556,10:59:03,13.76,89385,65,买盘
1557,10:59:06,13.75,16500,12,卖盘
1558,10:59:09,13.74,4124,3,卖盘
1559,10:59:12,13.75,1375,1,买盘
1560,10:59:15,13.75,28875,21,买盘
1561,10:59:18,13.75,23375,17,买盘
1562,10:59:21,13.75,45375,33,买盘
1563,10:59:24,13.74,9623,7,卖盘
1564,10:59:27,13.74,4122,3,卖盘
1565,10:59:33,13.75,6875,5,买盘
1566,10:59:36,13.74,13743,10,卖盘
1567,10:59:39,13.75,13748,10,买盘
1568,10:59:42,13.74,4122,3,卖盘
1569,10:59:45,13.74,2748,2,卖盘
1570,10:59:48,13.75,1375,1,买盘
1571,10:59:51,13.74,89310,65,卖盘
1572,10:59:54,13.74,1374,1,卖盘
1573,10:59:57,13.75,37125,27,买盘
1574,11:00:00,13.74,2749,2,卖盘
1575,11:00:09,13.75,41250,30,买盘
1576,11:00:12,13.75,16498,12,买盘
1577,11:00:15,13.75,153908,112,买盘
1578,11:00:18,13.75,15125,11,买盘
1579,11:00:21,13.75,5500,4,买盘
1580,11:00:24,13.75,17875,13,买盘
1581,11:00:27,13.75,10995,8,买盘
1582,11:00:30,13.75,1375,1,买盘
1583,11:00:33,13.74,5496,4,卖盘
1584,11:00:39,13.74,697992,508,卖盘
1585,11:00:42,13.74,83814,61,卖盘
1586,11:00:45,13.74,12366,9,买盘
1587,11:00:48,13.74,6870,5,买盘
1588,11:00:51,13.74,4122,3,买盘
1589,11:00:57,13.74,31602,23,买盘
1590,11:01:00,13.74,12366,9,买盘
1591,11:01:03,13.74,8244,6,买盘
1592,11:01:06,13.73,54934,40,卖盘
1593,11:01:09,13.75,45345,33,买盘
1594,11:01:12,13.74,10992,8,卖盘
1595,11:01:15,13.74,13740,10,卖盘
1596,11:01:27,13.74,94806,69,卖盘
1597,11:01:33,13.74,1374,1,买盘
1598,11:01:39,13.73,1373,1,卖盘
1599,11:01:45,13.74,10992,8,买盘
1600,11:01:48,13.74,4122,3,买盘
1601,11:01:51,13.74,24732,18,买盘
1602,11:01:54,13.74,41193,30,买盘
1603,11:02:03,13.73,140096,102,卖盘
1604,11:02:06,13.74,20613,15,中性盘
1605,11:02:09,13.74,160758,117,卖盘
1606,11:02:18,13.74,28854,21,卖盘
1607,11:02:21,13.74,16488,12,卖盘
1608,11:02:27,13.73,295293,215,卖盘
1609,11:02:30,13.74,90700,66,卖盘
1610,11:02:33,13.75,39867,29,买盘
1611,11:02:36,13.75,22000,16,买盘
1612,11:02:39,13.74,97619,71,卖盘
1613,11:02:42,13.75,70125,51,买盘
1614,11:02:45,13.74,211670,154,卖盘
1615,11:02:54,13.75,12375,9,买盘
1616,11:02:57,13.75,27500,20,买盘
1617,11:03:00,13.75,1375,1,卖盘
1618,11:03:09,13.75,75625,55,卖盘
1619,11:03:15,13.75,9631,7,卖盘
1620,11:03:18,13.75,59128,43,卖盘
1621,11:03:27,13.75,9631,7,卖盘
1622,11:03:30,13.75,96250,70,卖盘
1623,11:03:33,13.76,70176,51,买盘
1624,11:03:36,13.75,19250,14,卖盘
1625,11:03:39,13.76,1376,1,买盘
1626,11:03:48,13.75,1375,1,卖盘
1627,11:03:54,13.76,12384,9,买盘
1628,11:03:57,13.76,4128,3,买盘
1629,11:04:00,13.76,11008,8,买盘
1630,11:04:09,13.76,39904,29,买盘
1631,11:04:15,13.75,176000,128,卖盘
1632,11:04:18,13.76,4128,3,买盘
1633,11:04:21,13.75,13750,10,卖盘
1634,11:04:33,13.76,27520,20,买盘
1635,11:04:39,13.75,37136,27,卖盘
1636,11:04:45,13.75,45388,33,卖盘
1637,11:04:48,13.76,11008,8,买盘
1638,11:04:51,13.76,4127,3,买盘
1639,11:04:54,13.75,79755,58,卖盘
1640,11:04:57,13.76,517376,376,买盘
1641,11:05:00,13.77,45441,33,买盘
1642,11:05:03,13.77,27540,20,买盘
1643,11:05:06,13.77,12393,9,买盘
1644,11:05:09,13.77,1377,1,买盘
1645,11:05:15,13.77,1377,1,买盘
1646,11:05:18,13.77,19277,14,买盘
1647,11:05:21,13.77,4131,3,买盘
1648,11:05:24,13.77,12393,9,买盘
1649,11:05:27,13.77,5508,4,买盘
1650,11:05:30,13.77,86751,63,买盘
1651,11:05:36,13.77,24786,18,卖盘
1652,11:05:42,13.78,8268,6,买盘
1653,11:05:45,13.77,5508,4,卖盘
1654,11:05:48,13.77,1377,1,卖盘
1655,11:05:51,13.76,123884,90,卖盘
1656,11:06:00,13.78,28938,21,买盘
1657,11:06:06,13.76,6880,5,卖盘
1658,11:06:09,13.76,6880,5,卖盘
1659,11:06:12,13.77,12388,9,中性盘
1660,11:06:15,13.76,15136,11,卖盘
1661,11:06:18,13.77,72976,53,买盘
1662,11:06:21,13.76,9632,7,卖盘
1663,11:06:27,13.76,1376,1,卖盘
1664,11:06:33,13.77,12393,9,买盘
1665,11:06:36,13.77,1377,1,买盘
1666,11:06:45,13.77,13770,10,买盘
1667,11:06:48,13.77,431001,313,买盘
1668,11:06:51,13.77,13770,10,卖盘
1669,11:06:54,13.78,4134,3,买盘
1670,11:07:03,13.77,15147,11,卖盘
1671,11:07:06,13.78,13780,10,买盘
1672,11:07:12,13.78,8268,6,买盘
1673,11:07:15,13.78,24804,18,买盘
1674,11:07:18,13.78,1378,1,买盘
1675,11:07:21,13.78,44096,32,买盘
1676,11:07:24,13.78,8268,6,买盘
1677,11:07:27,13.78,5510,4,买盘
1678,11:07:45,13.78,4134,3,买盘
1679,11:07:48,13.77,16524,12,卖盘
1680,11:07:51,13.77,6885,5,卖盘
1681,11:07:54,13.78,13780,10,买盘
1682,11:08:03,13.77,55080,40,卖盘
1683,11:08:06,13.77,27540,20,卖盘
1684,11:08:12,13.78,1378,1,买盘
1685,11:08:15,13.78,369044,268,买盘
1686,11:08:18,13.78,6889,5,买盘
1687,11:08:24,13.77,1377,1,卖盘
1688,11:08:33,13.77,5508,4,卖盘
1689,11:08:36,13.77,2754,2,买盘
1690,11:08:39,13.78,46802,34,买盘
1691,11:08:42,13.77,8262,6,中性盘
1692,11:08:54,13.77,2754,2,卖盘
1693,11:09:00,13.78,2756,2,买盘
1694,11:09:03,13.77,16524,12,卖盘
1695,11:09:09,13.77,6885,5,卖盘
1696,11:09:12,13.77,6889,5,卖盘
1697,11:09:15,13.77,5508,4,卖盘
1698,11:09:18,13.77,70227,51,卖盘
1699,11:09:21,13.78,11024,8,买盘
1700,11:09:24,13.77,13770,10,卖盘
1701,11:09:33,13.78,136413,99,买盘
1702,11:09:36,13.78,6890,5,买盘
1703,11:09:39,13.78,79924,58,买盘
1704,11:09:42,13.78,4134,3,买盘
1705,11:09:51,13.78,4134,3,买盘
1706,11:09:57,13.78,41314,30,买盘
1707,11:10:00,13.77,4131,3,卖盘
1708,11:10:12,13.78,195562,142,买盘
1709,11:10:15,13.77,4131,3,中性盘
1710,11:10:18,13.77,6885,5,买盘
1711,11:10:21,13.77,2754,2,买盘
1712,11:10:36,13.77,1377,1,买盘
1713,11:10:42,13.76,63298,46,卖盘
1714,11:10:45,13.77,27525,20,买盘
1715,11:10:54,13.77,42687,31,买盘
1716,11:10:57,13.76,55040,40,卖盘
1717,11:11:09,13.76,196768,143,卖盘
1718,11:11:12,13.76,16512,12,买盘
1719,11:11:15,13.76,1376,1,买盘
1720,11:11:18,13.76,13760,10,买盘
1721,11:11:21,13.76,64672,47,买盘
1722,11:11:24,13.76,16512,12,买盘
1723,11:11:27,13.76,1376,1,买盘
1724,11:11:30,13.76,16504,12,买盘
1725,11:11:33,13.75,130625,95,卖盘
1726,11:11:36,13.76,90816,66,买盘
1727,11:11:39,13.75,22014,16,卖盘
1728,11:11:42,13.76,1376,1,中性盘
1729,11:11:45,13.76,24768,18,买盘
1730,11:11:48,13.76,83936,61,买盘
1731,11:11:51,13.76,15136,11,卖盘
1732,11:12:00,13.76,1376,1,卖盘
1733,11:12:03,13.76,35785,26,卖盘
1734,11:12:06,13.76,16512,12,买盘
1735,11:12:09,13.76,11008,8,买盘
1736,11:12:12,13.76,17888,13,买盘
1737,11:12:15,13.76,16512,12,买盘
1738,11:12:18,13.76,28896,21,买盘
1739,11:12:21,13.76,71552,52,买盘
1740,11:12:27,13.76,15136,11,卖盘
1741,11:12:30,13.76,23392,17,买盘
1742,11:12:33,13.76,932257,678,卖盘
1743,11:12:36,13.76,12384,9,买盘
1744,11:12:42,13.75,37125,27,卖盘
1745,11:12:48,13.75,2750,2,买盘
1746,11:12:51,13.75,55000,40,买盘
1747,11:12:54,13.75,1375,1,卖盘
1748,11:12:57,13.76,13759,10,买盘
1749,11:13:00,13.75,6875,5,卖盘
1750,11:13:03,13.76,15130,11,买盘
1751,11:13:06,13.76,1376,1,买盘
1752,11:13:12,13.76,20640,15,买盘
1753,11:13:15,13.74,724235,527,卖盘
1754,11:13:21,13.75,74250,54,卖盘
1755,11:13:24,13.75,77000,56,买盘
1756,11:13:27,13.76,4128,3,买盘
1757,11:13:30,13.76,725582,528,买盘
1758,11:13:39,13.75,1375,1,买盘
1759,11:13:42,13.75,34370,25,买盘
1760,11:13:45,13.75,8245,6,买盘
1761,11:13:51,13.74,26106,19,卖盘
1762,11:13:54,13.75,4125,3,买盘
1763,11:13:57,13.74,13740,10,卖盘
1764,11:14:00,13.74,13740,10,卖盘
1765,11:14:03,13.74,13740,10,卖盘
1766,11:14:06,13.75,12375,9,买盘
1767,11:14:09,13.75,56375,41,买盘
1768,11:14:12,13.74,13740,10,卖盘
1769,11:14:15,13.75,2750,2,买盘
1770,11:14:24,13.74,15124,11,卖盘
1771,11:14:30,13.74,137400,100,卖盘
1772,11:14:36,13.74,10992,8,卖盘
1773,11:14:42,13.74,38472,28,卖盘
1774,11:14:48,13.75,1375,1,买盘
1775,11:14:51,13.75,6875,5,买盘
1776,11:14:54,13.74,412200,300,卖盘
1777,11:14:57,13.75,5497,4,买盘
1778,11:15:00,13.74,82440,60,卖盘
1779,11:15:03,13.75,244620,178,买盘
1780,11:15:06,13.75,16500,12,买盘
1781,11:15:12,13.75,31624,23,买盘
1782,11:15:15,13.74,8244,6,卖盘
1783,11:15:18,13.74,2748,2,卖盘
1784,11:15:24,13.74,54968,40,卖盘
1785,11:15:27,13.75,30250,22,买盘
1786,11:15:30,13.75,6875,5,买盘
1787,11:15:33,13.74,57724,42,卖盘
1788,11:15:36,13.75,10998,8,买盘
1789,11:15:39,13.75,21998,16,买盘
1790,11:15:42,13.74,27483,20,卖盘
1791,11:15:45,13.76,1376,1,买盘
1792,11:15:48,13.74,244579,178,卖盘
1793,11:15:51,13.75,42625,31,中性盘
1794,11:15:54,13.75,13750,10,卖盘
1795,11:15:57,13.75,2750,2,卖盘
1796,11:16:00,13.75,16500,12,卖盘
1797,11:16:03,13.75,1375,1,买盘
1798,11:16:06,13.75,13750,10,卖盘
1799,11:16:09,13.75,4125,3,卖盘
1800,11:16:15,13.76,137600,100,买盘
1801,11:16:18,13.76,185660,135,买盘
1802,11:16:21,13.76,4127,3,买盘
1803,11:16:36,13.76,68800,50,买盘
1804,11:16:39,13.76,1376,1,买盘
1805,11:16:45,13.75,8250,6,卖盘
1806,11:16:48,13.75,19250,14,卖盘
1807,11:16:51,13.75,68750,50,卖盘
1808,11:17:00,13.75,34375,25,卖盘
1809,11:17:03,13.75,4125,3,卖盘
1810,11:17:06,13.75,8250,6,卖盘
1811,11:17:09,13.76,1376,1,买盘
1812,11:17:12,13.76,233762,170,买盘
1813,11:17:18,13.75,5500,4,卖盘
1814,11:17:21,13.76,514624,374,买盘
1815,11:17:24,13.76,82560,60,买盘
1816,11:17:27,13.76,123840,90,买盘
1817,11:17:30,13.76,99072,72,买盘
1818,11:17:33,13.75,42626,31,卖盘
1819,11:17:39,13.76,9632,7,买盘
1820,11:17:45,13.76,20640,15,买盘
1821,11:17:48,13.76,12384,9,买盘
1822,11:17:54,13.76,4128,3,买盘
1823,11:17:57,13.76,681141,495,买盘
1824,11:18:09,13.76,6880,5,卖盘
1825,11:18:27,13.77,149993,109,买盘
1826,11:18:36,13.77,46817,34,买盘
1827,11:18:39,13.77,5508,4,买盘
1828,11:18:42,13.77,6885,5,买盘
1829,11:18:57,13.76,482977,351,卖盘
1830,11:19:06,13.76,143172,104,卖盘
1831,11:19:09,13.76,83936,61,卖盘
1832,11:19:18,13.76,1008684,733,卖盘
1833,11:19:21,13.77,150011,109,买盘
1834,11:19:24,13.76,211904,154,买盘
1835,11:19:27,13.76,12384,9,买盘
1836,11:19:30,13.75,22004,16,卖盘
1837,11:19:33,13.76,20640,15,买盘
1838,11:19:42,13.77,42687,31,买盘
1839,11:19:45,13.76,1376,1,卖盘
1840,11:19:57,13.77,4131,3,买盘
1841,11:20:00,13.76,8256,6,卖盘
1842,11:20:03,13.77,13770,10,买盘
1843,11:20:12,13.77,4131,3,买盘
1844,11:20:15,13.77,27540,20,买盘
1845,11:20:18,13.77,12393,9,买盘
1846,11:20:30,13.76,262816,191,卖盘
1847,11:20:33,13.76,15136,11,卖盘
1848,11:20:42,13.77,13770,10,买盘
1849,11:20:45,13.77,22032,16,买盘
1850,11:20:51,13.77,16524,12,买盘
1851,11:20:54,13.77,12393,9,买盘
1852,11:20:57,13.77,19278,14,买盘
1853,11:21:00,13.76,12384,9,卖盘
1854,11:21:09,13.77,13770,10,买盘
1855,11:21:12,13.76,33024,24,卖盘
1856,11:21:24,13.77,68850,50,买盘
1857,11:21:27,13.77,2754,2,买盘
1858,11:21:33,13.78,337407,245,买盘
1859,11:21:36,13.77,12393,9,卖盘
1860,11:21:39,13.78,971424,706,买盘
1861,11:21:48,13.76,5504,4,卖盘
1862,11:22:00,13.77,53703,39,买盘
1863,11:22:03,13.77,50949,37,买盘
1864,11:22:06,13.77,50949,37,买盘
1865,11:22:12,13.77,27540,20,卖盘
1866,11:22:18,13.78,27560,20,买盘
1867,11:22:21,13.77,12393,9,卖盘
1868,11:22:24,13.77,1377,1,卖盘
1869,11:22:27,13.78,31673,23,买盘
1870,11:22:45,13.78,26178,19,买盘
1871,11:22:48,13.78,11024,8,买盘
1872,11:22:54,13.78,6890,5,买盘
1873,11:23:09,13.78,13780,10,买盘
1874,11:23:18,13.77,77112,56,卖盘
1875,11:23:27,13.77,16524,12,卖盘
1876,11:23:33,13.78,1378,1,买盘
1877,11:23:39,13.77,9639,7,卖盘
1878,11:23:45,13.76,330417,240,卖盘
1879,11:23:51,13.76,8258,6,卖盘
1880,11:23:57,13.77,89505,65,卖盘
1881,11:24:00,13.78,11024,8,买盘
1882,11:24:03,13.77,8262,6,卖盘
1883,11:24:06,13.77,1377,1,卖盘
1884,11:24:09,13.77,19278,14,卖盘
1885,11:24:12,13.77,188649,137,卖盘
1886,11:24:15,13.77,20655,15,买盘
1887,11:24:18,13.77,106029,77,买盘
1888,11:24:27,13.77,61965,45,卖盘
1889,11:24:30,13.78,78492,57,买盘
1890,11:24:42,13.78,16531,12,买盘
1891,11:24:48,13.77,1377,1,卖盘
1892,11:24:54,13.77,26163,19,卖盘
1893,11:24:57,13.77,8262,6,卖盘
1894,11:25:00,13.77,92259,67,卖盘
1895,11:25:03,13.77,22032,16,买盘
1896,11:25:06,13.76,13760,10,卖盘
1897,11:25:12,13.76,22025,16,卖盘
1898,11:25:15,13.76,9632,7,卖盘
1899,11:25:18,13.76,6880,5,卖盘
1900,11:25:21,13.77,2754,2,买盘
1901,11:25:24,13.77,77105,56,买盘
1902,11:25:27,13.77,41300,30,买盘
1903,11:25:30,13.77,56457,41,买盘
1904,11:25:33,13.77,41310,30,买盘
1905,11:25:36,13.77,8262,6,买盘
1906,11:25:39,13.77,249237,181,买盘
1907,11:25:42,13.77,49572,36,买盘
1908,11:25:45,13.77,161097,117,买盘
1909,11:25:48,13.77,126684,92,买盘
1910,11:25:51,13.76,23403,17,卖盘
1911,11:25:54,13.77,249227,181,买盘
1912,11:25:57,13.77,31671,23,卖盘
1913,11:26:00,13.78,39947,29,买盘
1914,11:26:06,13.78,53742,39,买盘
1915,11:26:09,13.76,1376,1,卖盘
1916,11:26:12,13.78,6889,5,买盘
1917,11:26:15,13.78,41340,30,买盘
1918,11:26:18,13.77,27540,20,卖盘
1919,11:26:21,13.77,8262,6,卖盘
1920,11:26:24,13.77,1377,1,中性盘
1921,11:26:30,13.78,2756,2,买盘
1922,11:26:33,13.77,1377,1,卖盘
1923,11:26:39,13.78,12402,9,买盘
1924,11:26:54,13.77,1377,1,卖盘
1925,11:26:57,13.77,6885,5,卖盘
1926,11:27:00,13.77,55080,40,卖盘
1927,11:27:06,13.77,17901,13,卖盘
1928,11:27:12,13.77,8262,6,卖盘
1929,11:27:15,13.76,15145,11,卖盘
1930,11:27:33,13.77,13770,10,买盘
1931,11:27:36,13.77,22032,16,买盘
1932,11:27:39,13.77,27540,20,买盘
1933,11:27:42,13.76,2752,2,卖盘
1934,11:27:45,13.77,1377,1,买盘
1935,11:27:48,13.76,1307200,950,卖盘
1936,11:27:54,13.76,79808,58,卖盘
1937,11:27:57,13.76,23392,17,卖盘
1938,11:28:00,13.76,78432,57,卖盘
1939,11:28:03,13.76,5504,4,卖盘
1940,11:28:06,13.76,6880,5,卖盘
1941,11:28:27,13.75,35770,26,卖盘
1942,11:28:30,13.76,12384,9,买盘
1943,11:28:33,13.76,6880,5,买盘
1944,11:28:42,13.75,13750,10,卖盘
1945,11:28:45,13.77,15127,11,买盘
1946,11:28:48,13.75,2750,2,卖盘
1947,11:28:51,13.77,415754,302,买盘
1948,11:28:54,13.76,16505,12,买盘
1949,11:28:57,13.75,5500,4,卖盘
1950,11:29:00,13.76,2752,2,买盘
1951,11:29:03,13.76,2752,2,买盘
1952,11:29:06,13.75,6875,5,卖盘
1953,11:29:09,13.75,6877,5,卖盘
1954,11:29:15,13.76,77005,56,买盘
1955,11:29:21,13.75,33000,24,卖盘
1956,11:29:24,13.76,6880,5,买盘
1957,11:29:36,13.76,20628,15,买盘
1958,11:29:42,13.76,42656,31,买盘
1959,11:29:45,13.76,1376,1,买盘
1960,11:29:48,13.76,1376,1,买盘
1961,11:29:51,13.75,8250,6,卖盘
1962,11:30:00,13.76,9632,7,买盘
1963,13:00:00,13.76,309571,225,买盘
1964,13:00:03,13.76,1915246,1393,卖盘
1965,13:00:06,13.76,63296,46,卖盘
1966,13:00:09,13.76,8255,6,买盘
1967,13:00:21,13.76,13760,10,买盘
1968,13:00:24,13.76,30272,22,买盘
1969,13:00:27,13.77,23409,17,买盘
1970,13:00:36,13.76,94944,69,卖盘
1971,13:00:39,13.76,26144,19,买盘
1972,13:00:42,13.75,35769,26,卖盘
1973,13:00:45,13.75,5503,4,卖盘
1974,13:00:48,13.76,5504,4,买盘
1975,13:01:00,13.76,178787,130,买盘
1976,13:01:03,13.75,81125,59,卖盘
1977,13:01:06,13.75,55000,40,卖盘
1978,13:01:09,13.75,12375,9,卖盘
1979,13:01:18,13.75,33014,24,卖盘
1980,13:01:21,13.75,53639,39,卖盘
1981,13:01:24,13.75,8250,6,卖盘
1982,13:01:27,13.75,283250,206,卖盘
1983,13:01:30,13.75,11000,8,卖盘
1984,13:01:36,13.75,2750,2,卖盘
1985,13:01:39,13.76,283456,206,买盘
1986,13:01:48,13.76,1376,1,卖盘
1987,13:01:51,13.76,22016,16,卖盘
1988,13:02:00,13.77,68840,50,买盘
1989,13:02:09,13.77,11016,8,买盘
1990,13:02:15,13.77,1377,1,买盘
1991,13:02:18,13.76,42656,31,卖盘
1992,13:02:21,13.76,2752,2,卖盘
1993,13:02:24,13.76,39914,29,卖盘
1994,13:02:33,13.75,27509,20,卖盘
1995,13:02:39,13.76,44032,32,卖盘
1996,13:02:45,13.76,38528,28,卖盘
1997,13:02:48,13.76,35776,26,卖盘
1998,13:02:51,13.77,12393,9,买盘
1999,13:02:57,13.76,2752,2,卖盘
2000,13:03:00,13.76,6880,5,买盘
2001,13:03:09,13.76,16512,12,买盘
2002,13:03:24,13.76,17888,13,买盘
2003,13:03:30,13.76,9632,7,卖盘
2004,13:03:33,13.77,17899,13,买盘
2005,13:03:39,13.76,1376,1,卖盘
2006,13:03:42,13.77,111537,81,买盘
2007,13:03:57,13.77,12393,9,买盘
2008,13:04:03,13.76,4128,3,卖盘
2009,13:04:06,13.76,16512,12,卖盘
2010,13:04:18,13.76,104576,76,卖盘
2011,13:04:24,13.75,8251,6,卖盘
2012,13:04:27,13.76,42636,31,买盘
2013,13:04:33,13.76,4128,3,买盘
2014,13:04:36,13.76,1376,1,买盘
2015,13:04:42,13.76,17885,13,买盘
2016,13:04:45,13.76,48160,35,买盘
2017,13:04:54,13.75,12375,9,卖盘
2018,13:04:57,13.76,15136,11,买盘
2019,13:05:00,13.76,115584,84,买盘
2020,13:05:03,13.75,4126,3,卖盘
2021,13:05:06,13.76,1376,1,买盘
2022,13:05:18,13.75,86625,63,卖盘
2023,13:05:24,13.75,16500,12,卖盘
2024,13:05:30,13.76,48150,35,买盘
2025,13:05:36,13.75,55000,40,卖盘
2026,13:05:42,13.75,13750,10,卖盘
2027,13:05:45,13.76,148600,108,买盘
2028,13:05:48,13.76,2752,2,买盘
2029,13:05:51,13.72,2059621,1500,卖盘
2030,13:05:54,13.75,5500,4,买盘
2031,13:06:00,13.75,53625,39,买盘
2032,13:06:03,13.75,16500,12,卖盘
2033,13:06:06,13.75,13750,10,买盘
2034,13:06:09,13.75,16500,12,买盘
2035,13:06:12,13.76,264009,192,买盘
2036,13:06:18,13.75,78375,57,卖盘
2037,13:06:21,13.76,50912,37,买盘
2038,13:06:24,13.75,34375,25,卖盘
2039,13:06:27,13.75,16500,12,卖盘
2040,13:06:30,13.75,16500,12,卖盘
2041,13:06:33,13.76,13751,10,买盘
2042,13:06:36,13.74,28874,21,卖盘
2043,13:06:39,13.74,28864,21,卖盘
2044,13:06:42,13.74,15114,11,卖盘
2045,13:06:51,13.74,27480,20,卖盘
2046,13:06:54,13.74,13740,10,卖盘
2047,13:06:57,13.74,2748,2,卖盘
2048,13:07:00,13.74,1374,1,卖盘
2049,13:07:03,13.74,41220,30,卖盘
2050,13:07:09,13.74,130533,95,卖盘
2051,13:07:12,13.74,13740,10,买盘
2052,13:07:15,13.74,4122,3,卖盘
2053,13:07:18,13.74,8244,6,买盘
2054,13:07:21,13.73,60412,44,卖盘
2055,13:07:24,13.74,12366,9,买盘
2056,13:07:33,13.74,32961,24,买盘
2057,13:07:36,13.73,20595,15,卖盘
2058,13:07:42,13.73,79634,58,卖盘
2059,13:07:45,13.73,16476,12,卖盘
2060,13:07:51,13.73,15103,11,卖盘
2061,13:07:54,13.73,2746,2,卖盘
2062,13:07:57,13.73,19227,14,卖盘
2063,13:08:00,13.74,2748,2,买盘
2064,13:08:03,13.73,12358,9,卖盘
2065,13:08:06,13.73,61785,45,卖盘
2066,13:08:09,13.73,23341,17,卖盘
2067,13:08:12,13.73,20595,15,卖盘
2068,13:08:15,13.73,322655,235,卖盘
2069,13:08:18,13.74,12366,9,买盘
2070,13:08:21,13.73,19225,14,卖盘
2071,13:08:27,13.74,772161,562,买盘
2072,13:08:33,13.74,10992,8,卖盘
2073,13:08:51,13.74,6870,5,卖盘
2074,13:09:00,13.74,82440,60,卖盘
2075,13:09:03,13.74,50838,37,卖盘
2076,13:09:06,13.74,42594,31,卖盘
2077,13:09:09,13.74,12373,9,卖盘
2078,13:09:12,13.74,6870,5,卖盘
2079,13:09:15,13.74,19236,14,卖盘
2080,13:09:18,13.74,26106,19,卖盘
2081,13:09:21,13.74,83814,61,卖盘
2082,13:09:24,13.74,1374,1,卖盘
2083,13:09:30,13.74,2748,2,卖盘
2084,13:09:36,13.74,12366,9,卖盘
2085,13:09:39,13.74,2748,2,卖盘
2086,13:09:42,13.74,31602,23,卖盘
2087,13:09:45,13.75,262620,191,买盘
2088,13:09:51,13.74,2748,2,卖盘
2089,13:09:54,13.74,98928,72,卖盘
2090,13:09:57,13.74,15114,11,卖盘
2091,13:10:03,13.74,1374,1,卖盘
2092,13:10:12,13.74,72874,53,卖盘
2093,13:10:18,13.74,2748,2,卖盘
2094,13:10:21,13.74,27480,20,卖盘
2095,13:10:27,13.75,1375,1,买盘
2096,13:10:30,13.74,6874,5,卖盘
2097,13:10:45,13.74,17862,13,卖盘
2098,13:10:48,13.75,32990,24,买盘
2099,13:10:51,13.74,2748,2,卖盘
2100,13:10:54,13.74,4122,3,卖盘
2101,13:10:57,13.75,12375,9,买盘
2102,13:11:00,13.75,2750,2,买盘
2103,13:11:03,13.74,1374,1,卖盘
2104,13:11:12,13.75,2750,2,买盘
2105,13:11:15,13.74,23358,17,卖盘
2106,13:11:18,13.73,550926,401,卖盘
2107,13:11:24,13.74,4122,3,买盘
2108,13:11:27,13.73,1373,1,卖盘
2109,13:11:30,13.74,28866,21,买盘
2110,13:11:36,13.74,5496,4,买盘
2111,13:11:39,13.73,140046,102,卖盘
2112,13:11:42,13.74,10992,8,买盘
2113,13:11:45,13.74,16486,12,买盘
2114,13:11:48,13.74,2748,2,买盘
2115,13:11:51,13.73,61785,45,卖盘
2116,13:11:54,13.73,57666,42,卖盘
2117,13:11:57,13.74,5496,4,买盘
2118,13:12:00,13.74,24732,18,买盘
2119,13:12:03,13.73,76898,56,卖盘
2120,13:12:09,13.73,137300,100,卖盘
2121,13:12:15,13.73,83762,61,卖盘
2122,13:12:18,13.74,12366,9,买盘
2123,13:12:24,13.73,42573,31,卖盘
2124,13:12:27,13.74,212970,155,买盘
2125,13:12:30,13.74,1374,1,买盘
2126,13:12:36,13.73,27460,20,卖盘
2127,13:12:39,13.73,1373,1,卖盘
2128,13:12:42,13.73,54920,40,卖盘
2129,13:12:45,13.74,43968,32,买盘
2130,13:12:48,13.74,123660,90,卖盘
2131,13:12:51,13.74,64587,47,卖盘
2132,13:12:54,13.74,78333,57,卖盘
2133,13:13:00,13.74,1374,1,卖盘
2134,13:13:03,13.74,24719,18,卖盘
2135,13:13:06,13.74,20610,15,卖盘
2136,13:13:18,13.75,15125,11,买盘
2137,13:13:21,13.75,24750,18,买盘
2138,13:13:27,13.74,137400,100,卖盘
2139,13:13:30,13.74,21984,16,卖盘
2140,13:13:36,13.74,10992,8,卖盘
2141,13:13:39,13.74,79692,58,卖盘
2142,13:13:42,13.74,1374,1,卖盘
2143,13:13:48,13.75,4125,3,买盘
2144,13:13:51,13.75,16497,12,买盘
2145,13:13:54,13.75,74250,54,买盘
2146,13:13:57,13.75,1375,1,买盘
2147,13:14:00,13.75,42623,31,买盘
2148,13:14:03,13.74,6870,5,卖盘
2149,13:14:06,13.75,103080,75,买盘
2150,13:14:09,13.74,19236,14,卖盘
2151,13:14:15,13.74,12366,9,卖盘
2152,13:14:24,13.74,6870,5,卖盘
2153,13:14:33,13.74,98937,72,卖盘
2154,13:14:36,13.74,32976,24,买盘
2155,13:14:39,13.74,43968,32,买盘
2156,13:14:42,13.74,13740,10,买盘
2157,13:14:45,13.74,34350,25,买盘
2158,13:14:54,13.74,13731,10,买盘
2159,13:14:57,13.73,6865,5,卖盘
2160,13:15:00,13.73,13730,10,卖盘
2161,13:15:03,13.73,271953,198,卖盘
2162,13:15:06,13.73,71396,52,卖盘
2163,13:15:09,13.73,12357,9,卖盘
2164,13:15:12,13.73,12357,9,卖盘
2165,13:15:15,13.74,177246,129,买盘
2166,13:15:18,13.74,10992,8,买盘
2167,13:15:24,13.73,26096,19,卖盘
2168,13:15:27,13.73,1373,1,卖盘
2169,13:15:30,13.73,6865,5,卖盘
2170,13:15:33,13.73,27460,20,卖盘
2171,13:15:36,13.73,21968,16,卖盘
2172,13:15:42,13.73,15103,11,卖盘
2173,13:15:45,13.73,13730,10,卖盘
2174,13:15:51,13.73,5492,4,卖盘
2175,13:15:54,13.74,38454,28,买盘
2176,13:15:57,13.73,35698,26,卖盘
2177,13:16:00,13.73,145538,106,卖盘
2178,13:16:03,13.73,115332,84,卖盘
2179,13:16:06,13.74,60417,44,买盘
2180,13:16:09,13.74,34350,25,买盘
2181,13:16:18,13.74,362620,264,买盘
2182,13:16:24,13.74,41220,30,买盘
2183,13:16:30,13.73,27460,20,卖盘
2184,13:16:33,13.74,4122,3,买盘
2185,13:16:39,13.73,27460,20,卖盘
2186,13:16:51,13.73,13730,10,卖盘
2187,13:16:54,13.73,9611,7,卖盘
2188,13:16:57,13.73,68650,50,卖盘
2189,13:17:00,13.74,1374,1,买盘
2190,13:17:03,13.74,20610,15,买盘
2191,13:17:06,13.73,5492,4,卖盘
2192,13:17:09,13.74,590421,430,买盘
2193,13:17:12,13.74,219840,160,买盘
2194,13:17:15,13.74,90684,66,卖盘
2195,13:17:18,13.74,21988,16,买盘
2196,13:17:24,13.73,19240,14,卖盘
2197,13:17:27,13.74,17852,13,中性盘
2198,13:17:30,13.74,15114,11,卖盘
2199,13:17:39,13.73,15112,11,卖盘
2200,13:17:45,13.74,8244,6,买盘
2201,13:17:48,13.74,6870,5,买盘
2202,13:17:54,13.73,48060,35,卖盘
2203,13:18:03,13.73,28833,21,卖盘
2204,13:18:06,13.73,1373,1,卖盘
2205,13:18:09,13.73,30215,22,卖盘
2206,13:18:12,13.73,8238,6,卖盘
2207,13:18:15,13.74,12366,9,买盘
2208,13:18:24,13.73,35698,26,卖盘
2209,13:18:33,13.74,4120,3,买盘
2210,13:18:36,13.73,1373,1,卖盘
2211,13:18:39,13.73,8238,6,卖盘
2212,13:18:42,13.73,15104,11,卖盘
2213,13:18:45,13.74,1374,1,买盘
2214,13:18:48,13.74,5493,4,买盘
2215,13:18:57,13.73,9612,7,卖盘
2216,13:19:03,13.73,30214,22,卖盘
2217,13:19:09,13.73,13730,10,卖盘
2218,13:19:15,13.74,12366,9,买盘
2219,13:19:18,13.73,57666,42,卖盘
2220,13:19:24,13.73,1373,1,卖盘
2221,13:19:27,13.73,248633,181,卖盘
2222,13:19:30,13.74,2748,2,买盘
2223,13:19:36,13.74,4122,3,买盘
2224,13:19:39,13.74,71407,52,买盘
2225,13:19:45,13.73,222428,162,卖盘
2226,13:19:48,13.74,19236,14,买盘
2227,13:19:51,13.74,28854,21,买盘
2228,13:19:54,13.73,16476,12,卖盘
2229,13:19:57,13.73,43936,32,卖盘
2230,13:20:00,13.73,23341,17,买盘
2231,13:20:03,13.73,137292,100,买盘
2232,13:20:06,13.73,13730,10,买盘
2233,13:20:09,13.72,5489,4,卖盘
2234,13:20:15,13.72,2744,2,卖盘
2235,13:20:21,13.72,42552,31,卖盘
2236,13:20:24,13.73,9611,7,买盘
2237,13:20:27,13.72,26068,19,卖盘
2238,13:20:30,13.73,34315,25,买盘
2239,13:20:33,13.72,28813,21,卖盘
2240,13:20:36,13.73,49428,36,买盘
2241,13:20:39,13.73,2746,2,买盘
2242,13:20:42,13.73,6865,5,买盘
2243,13:20:45,13.72,5488,4,卖盘
2244,13:20:48,13.72,4116,3,卖盘
2245,13:20:51,13.72,35672,26,卖盘
2246,13:20:57,13.72,54880,40,卖盘
2247,13:21:03,13.72,10976,8,卖盘
2248,13:21:06,13.72,19208,14,卖盘
2249,13:21:09,13.72,5488,4,卖盘
2250,13:21:12,13.72,54880,40,卖盘
2251,13:21:15,13.73,4119,3,买盘
2252,13:21:18,13.72,15092,11,卖盘
2253,13:21:21,13.72,2744,2,卖盘
2254,13:21:24,13.73,9611,7,买盘
2255,13:21:27,13.73,86499,63,买盘
2256,13:21:30,13.72,112515,82,卖盘
2257,13:21:33,13.73,17849,13,买盘
2258,13:21:36,13.72,5490,4,卖盘
2259,13:21:42,13.72,34300,25,卖盘
2260,13:21:45,13.73,9611,7,买盘
2261,13:21:54,13.73,2746,2,买盘
2262,13:21:57,13.72,34308,25,卖盘
2263,13:22:03,13.72,46648,34,卖盘
2264,13:22:06,13.72,1372,1,卖盘
2265,13:22:09,13.73,90618,66,买盘
2266,13:22:12,13.72,82320,60,卖盘
2267,13:22:15,13.72,34305,25,卖盘
2268,13:22:27,13.73,296403,216,买盘
2269,13:22:30,13.73,20595,15,卖盘
2270,13:22:33,13.72,89193,65,卖盘
2271,13:22:36,13.73,4119,3,卖盘
2272,13:22:39,13.73,50783,37,卖盘
2273,13:22:42,13.73,16476,12,买盘
2274,13:22:45,13.73,68650,50,卖盘
2275,13:22:48,13.74,1374,1,买盘
2276,13:23:00,13.73,12357,9,卖盘
2277,13:23:03,13.74,35700,26,买盘
2278,13:23:12,13.74,277548,202,买盘
2279,13:23:15,13.74,13740,10,买盘
2280,13:23:18,13.75,178628,130,买盘
2281,13:23:24,13.75,22000,16,买盘
2282,13:23:30,13.75,170500,124,买盘
2283,13:23:33,13.74,81066,59,卖盘
2284,13:23:42,13.73,274664,200,卖盘
2285,13:23:45,13.74,12368,9,卖盘
2286,13:23:48,13.74,9618,7,买盘
2287,13:23:51,13.73,16478,12,卖盘
2288,13:23:54,13.74,20605,15,买盘
2289,13:24:06,13.73,34325,25,卖盘
2290,13:24:12,13.73,82380,60,卖盘
2291,13:24:18,13.73,30206,22,卖盘
2292,13:24:21,13.73,41193,30,卖盘
2293,13:24:24,13.73,138673,101,卖盘
2294,13:24:30,13.73,74142,54,卖盘
2295,13:24:36,13.73,149657,109,卖盘
2296,13:24:39,13.73,43936,32,卖盘
2297,13:24:42,13.73,4119,3,卖盘
2298,13:24:45,13.73,4119,3,卖盘
2299,13:24:54,13.74,1374,1,买盘
2300,13:24:57,13.74,5494,4,买盘
2301,13:25:06,13.73,1373,1,卖盘
2302,13:25:15,13.73,41190,30,卖盘
2303,13:25:18,13.73,5492,4,卖盘
2304,13:25:21,13.73,247140,180,卖盘
2305,13:25:27,13.73,326774,238,卖盘
2306,13:25:30,13.73,119451,87,买盘
2307,13:25:33,13.73,82380,60,卖盘
2308,13:25:36,13.73,28833,21,买盘
2309,13:25:39,13.73,24705,18,买盘
2310,13:25:42,13.73,1373,1,卖盘
2311,13:25:51,13.73,20595,15,卖盘
2312,13:25:54,13.74,5496,4,买盘
2313,13:26:00,13.74,13740,10,买盘
2314,13:26:03,13.73,2747,2,卖盘
2315,13:26:06,13.73,130435,95,卖盘
2316,13:26:09,13.74,16486,12,买盘
2317,13:26:12,13.73,15103,11,卖盘
2318,13:26:15,13.73,57666,42,卖盘
2319,13:26:21,13.73,35698,26,卖盘
2320,13:26:24,13.73,17843,13,买盘
2321,13:26:30,13.73,5492,4,买盘
2322,13:26:33,13.73,48044,35,卖盘
2323,13:26:39,13.72,65879,48,卖盘
2324,13:26:45,13.72,12348,9,卖盘
2325,13:26:48,13.73,12357,9,买盘
2326,13:26:54,13.73,68650,50,买盘
2327,13:27:06,13.73,5492,4,买盘
2328,13:27:09,13.73,41190,30,买盘
2329,13:27:12,13.73,1373,1,买盘
2330,13:27:18,13.73,68650,50,买盘
2331,13:27:21,13.73,6865,5,买盘
2332,13:27:24,13.73,41190,30,买盘
2333,13:27:27,13.73,31579,23,买盘
2334,13:27:30,13.72,135828,99,卖盘
2335,13:27:33,13.73,6865,5,买盘
2336,13:27:39,13.72,130340,95,卖盘
2337,13:27:42,13.73,26087,19,买盘
2338,13:27:45,13.72,462435,337,卖盘
2339,13:27:51,13.74,8240,6,买盘
2340,13:27:54,13.73,2745,2,中性盘
2341,13:27:57,13.73,1373,1,卖盘
2342,13:28:00,13.74,686999,500,买盘
2343,13:28:03,13.74,48064,35,买盘
2344,13:28:09,13.73,13730,10,卖盘
2345,13:28:18,13.73,10984,8,卖盘
2346,13:28:39,13.73,9611,7,卖盘
2347,13:28:45,13.74,48065,35,买盘
2348,13:28:57,13.73,21969,16,卖盘
2349,13:29:00,13.73,46682,34,卖盘
2350,13:29:06,13.74,2748,2,买盘
2351,13:29:09,13.74,251300,183,买盘
2352,13:29:12,13.74,19226,14,买盘
2353,13:29:15,13.74,12366,9,买盘
2354,13:29:18,13.73,2746,2,卖盘
2355,13:29:21,13.74,1374,1,买盘
2356,13:29:27,13.73,15105,11,卖盘
2357,13:29:33,13.73,148284,108,卖盘
2358,13:29:36,13.73,13730,10,中性盘
2359,13:29:45,13.74,10992,8,买盘
2360,13:29:48,13.73,4119,3,卖盘
2361,13:29:51,13.73,48056,35,卖盘
2362,13:30:03,13.72,324026,236,卖盘
2363,13:30:06,13.73,17849,13,买盘
2364,13:30:09,13.73,91991,67,买盘
2365,13:30:12,13.73,4119,3,买盘
2366,13:30:15,13.73,131713,96,买盘
2367,13:30:21,13.73,141319,103,买盘
2368,13:30:24,13.73,21968,16,买盘
2369,13:30:27,13.73,9611,7,买盘
2370,13:30:30,13.72,10981,8,卖盘
2371,13:30:33,13.72,43907,32,卖盘
2372,13:30:36,13.73,9606,7,买盘
2373,13:30:45,13.73,43936,32,买盘
2374,13:30:48,13.73,2746,2,买盘
2375,13:30:51,13.73,2746,2,买盘
2376,13:30:54,13.72,102900,75,卖盘
2377,13:30:57,13.73,34325,25,买盘
2378,13:31:03,13.72,17836,13,卖盘
2379,13:31:06,13.73,26082,19,买盘
2380,13:31:12,13.73,28833,21,买盘
2381,13:31:15,13.73,9611,7,买盘
2382,13:31:18,13.73,5490,4,买盘
2383,13:31:21,13.72,555665,405,卖盘
2384,13:31:27,13.72,174301,127,卖盘
2385,13:31:30,13.72,108388,79,卖盘
2386,13:31:33,13.73,27460,20,买盘
2387,13:31:39,13.73,8238,6,买盘
2388,13:31:42,13.73,69973,51,买盘
2389,13:31:48,13.72,113889,83,卖盘
2390,13:31:54,13.72,41160,30,卖盘
2391,13:31:57,13.72,120756,88,卖盘
2392,13:32:00,13.73,23331,17,买盘
2393,13:32:03,13.72,9604,7,卖盘
2394,13:32:06,13.73,27460,20,买盘
2395,13:32:12,13.73,27460,20,买盘
2396,13:32:15,13.73,1373,1,买盘
2397,13:32:21,13.73,183982,134,买盘
2398,13:32:24,13.73,101602,74,买盘
2399,13:32:27,13.73,35696,26,买盘
2400,13:32:30,13.72,189349,138,卖盘
2401,13:32:33,13.73,26087,19,买盘
2402,13:32:36,13.73,1373,1,买盘
2403,13:32:39,13.72,54880,40,卖盘
2404,13:32:42,13.73,37071,27,买盘
2405,13:32:45,13.73,1373,1,买盘
2406,13:32:48,13.72,23324,17,卖盘
2407,13:32:51,13.73,237529,173,买盘
2408,13:32:54,13.73,96110,70,买盘
2409,13:32:57,13.73,201831,147,买盘
2410,13:33:00,13.73,148289,108,买盘
2411,13:33:03,13.73,162014,118,卖盘
2412,13:33:06,13.73,71396,52,买盘
2413,13:33:09,13.73,27460,20,卖盘
2414,13:33:12,13.73,32952,24,卖盘
2415,13:33:15,13.73,27460,20,卖盘
2416,13:33:18,13.73,64531,47,卖盘
2417,13:33:21,13.73,20595,15,卖盘
2418,13:33:24,13.73,41190,30,卖盘
2419,13:33:27,13.73,10984,8,卖盘
2420,13:33:39,13.73,151130,110,卖盘
2421,13:33:42,13.73,31579,23,卖盘
2422,13:33:45,13.73,285684,208,卖盘
2423,13:33:48,13.74,79692,58,买盘
2424,13:33:54,13.74,8244,6,买盘
2425,13:33:57,13.74,38462,28,买盘
2426,13:34:00,13.73,15104,11,卖盘
2427,13:34:06,13.74,17862,13,买盘
2428,13:34:09,13.73,2746,2,卖盘
2429,13:34:12,13.74,21983,16,买盘
2430,13:34:15,13.74,6870,5,买盘
2431,13:34:18,13.73,10984,8,卖盘
2432,13:34:21,13.73,185463,135,卖盘
2433,13:34:24,13.74,37092,27,买盘
2434,13:34:27,13.74,357088,260,买盘
2435,13:34:33,13.73,28833,21,卖盘
2436,13:34:39,13.73,8238,6,卖盘
2437,13:34:42,13.74,1374,1,买盘
2438,13:34:45,13.73,13730,10,卖盘
2439,13:34:54,13.74,232107,169,买盘
2440,13:34:57,13.74,12366,9,卖盘
2441,13:35:00,13.74,2748,2,买盘
2442,13:35:03,13.73,24715,18,卖盘
2443,13:35:09,13.73,129136,94,卖盘
2444,13:35:12,13.73,13730,10,卖盘
2445,13:35:18,13.74,145635,106,买盘
2446,13:35:21,13.74,1374,1,买盘
2447,13:35:24,13.73,74142,54,卖盘
2448,13:35:27,13.74,8239,6,买盘
2449,13:35:30,13.73,24714,18,卖盘
2450,13:35:33,13.73,13730,10,卖盘
2451,13:35:36,13.73,8238,6,卖盘
2452,13:35:42,13.73,9611,7,卖盘
2453,13:35:45,13.73,6865,5,卖盘
2454,13:35:48,13.74,482123,351,买盘
2455,13:35:57,13.73,476431,347,卖盘
2456,13:36:03,13.72,16464,12,卖盘
2457,13:36:06,13.73,1373,1,买盘
2458,13:36:09,13.72,6860,5,卖盘
2459,13:36:15,13.73,15103,11,买盘
2460,13:36:18,13.72,26068,19,卖盘
2461,13:36:21,13.73,1373,1,中性盘
2462,13:36:24,13.73,1373,1,卖盘
2463,13:36:27,13.73,27460,20,买盘
2464,13:36:30,13.73,64531,47,卖盘
2465,13:36:33,13.72,67228,49,卖盘
2466,13:36:36,13.73,49428,36,买盘
2467,13:36:39,13.73,13730,10,卖盘
2468,13:36:42,13.74,17858,13,买盘
2469,13:36:48,13.73,17849,13,买盘
2470,13:36:51,13.73,54920,40,卖盘
2471,13:36:54,13.73,5492,4,卖盘
2472,13:36:57,13.72,53523,39,卖盘
2473,13:37:03,13.73,12350,9,买盘
2474,13:37:09,13.72,193546,141,卖盘
2475,13:37:12,13.73,4119,3,买盘
2476,13:37:15,13.72,23330,17,卖盘
2477,13:37:18,13.72,68607,50,卖盘
2478,13:37:27,13.72,27440,20,卖盘
2479,13:37:30,13.73,71396,52,买盘
2480,13:37:33,13.73,19216,14,买盘
2481,13:37:36,13.73,15103,11,买盘
2482,13:37:39,13.73,13730,10,买盘
2483,13:37:45,13.72,2748639,2004,卖盘
2484,13:37:51,13.73,79622,58,买盘
2485,13:37:57,13.72,57654,42,卖盘
2486,13:38:00,13.72,49392,36,买盘
2487,13:38:03,13.71,76831,56,卖盘
2488,13:38:06,13.71,32917,24,卖盘
2489,13:38:09,13.72,10976,8,卖盘
2490,13:38:12,13.72,13720,10,买盘
2491,13:38:15,13.72,24687,18,买盘
2492,13:38:18,13.72,53480,39,买盘
2493,13:38:21,13.72,12348,9,买盘
2494,13:38:24,13.71,79556,58,卖盘
2495,13:38:27,13.71,23315,17,卖盘
2496,13:38:30,13.72,466170,340,买盘
2497,13:38:33,13.71,5484,4,卖盘
2498,13:38:36,13.72,41160,30,买盘
2499,13:38:39,13.72,49387,36,买盘
2500,13:38:42,13.72,53508,39,买盘
2501,13:38:45,13.72,19208,14,买盘
2502,13:38:54,13.72,8232,6,买盘
2503,13:38:57,13.71,53470,39,卖盘
2504,13:39:00,13.72,619703,452,买盘
2505,13:39:03,13.72,107012,78,买盘
2506,13:39:06,13.72,82320,60,买盘
2507,13:39:09,13.72,17825,13,买盘
2508,13:39:12,13.72,60368,44,买盘
2509,13:39:15,13.71,146716,107,卖盘
2510,13:39:18,13.72,340020,248,买盘
2511,13:39:21,13.71,68550,50,卖盘
2512,13:39:24,13.72,38416,28,买盘
2513,13:39:27,13.72,64484,47,买盘
2514,13:39:30,13.72,6860,5,买盘
2515,13:39:33,13.71,655342,478,卖盘
2516,13:39:36,13.72,35672,26,买盘
2517,13:39:39,13.72,367478,268,买盘
2518,13:39:42,13.71,15087,11,卖盘
2519,13:39:45,13.71,15081,11,卖盘
2520,13:39:48,13.71,501791,366,卖盘
2521,13:39:51,13.71,13710,10,卖盘
2522,13:39:54,13.71,222267,162,卖盘
2523,13:39:57,13.71,20553,15,买盘
2524,13:40:00,13.7,15070,11,卖盘
2525,13:40:03,13.7,267156,195,卖盘
2526,13:40:09,13.7,102750,75,卖盘
2527,13:40:12,13.71,46594,34,买盘
2528,13:40:15,13.71,220729,161,买盘
2529,13:40:18,13.71,15081,11,卖盘
2530,13:40:21,13.71,45243,33,卖盘
2531,13:40:24,13.71,109650,80,买盘
2532,13:40:27,13.71,1371,1,买盘
2533,13:40:30,13.71,26046,19,买盘
2534,13:40:33,13.7,104146,76,卖盘
2535,13:40:36,13.71,46614,34,买盘
2536,13:40:39,13.71,16452,12,买盘
2537,13:40:42,13.7,101380,74,卖盘
2538,13:40:45,13.71,152080,111,买盘
2539,13:40:48,13.7,24663,18,卖盘
2540,13:40:51,13.7,53444,39,卖盘
2541,13:40:54,13.71,12339,9,买盘
2542,13:40:57,13.71,13710,10,买盘
2543,13:41:00,13.7,195910,143,卖盘
2544,13:41:03,13.7,45217,33,卖盘
2545,13:41:06,13.7,363060,265,卖盘
2546,13:41:09,13.71,12334,9,买盘
2547,13:41:12,13.71,689568,503,买盘
2548,13:41:15,13.71,13710,10,卖盘
2549,13:41:18,13.71,57582,42,卖盘
2550,13:41:24,13.71,37017,27,卖盘
2551,13:41:27,13.71,186456,136,卖盘
2552,13:41:30,13.71,37017,27,买盘
2553,13:41:33,13.71,497670,363,买盘
2554,13:41:39,13.71,15081,11,卖盘
2555,13:41:42,13.71,41130,30,卖盘
2556,13:41:45,13.71,9597,7,卖盘
2557,13:41:51,13.72,2744,2,买盘
2558,13:41:54,13.71,41130,30,卖盘
2559,13:41:57,13.72,13720,10,买盘
2560,13:42:00,13.71,13710,10,卖盘
2561,13:42:03,13.71,1371,1,卖盘
2562,13:42:06,13.71,112431,82,卖盘
2563,13:42:09,13.72,39768,29,买盘
2564,13:42:12,13.71,68550,50,卖盘
2565,13:42:15,13.71,178230,130,卖盘
2566,13:42:18,13.71,39759,29,买盘
2567,13:42:21,13.71,4113,3,买盘
2568,13:42:27,13.71,1371,1,买盘
2569,13:42:30,13.72,570687,416,买盘
2570,13:42:33,13.73,182491,133,买盘
2571,13:42:39,13.72,101552,74,卖盘
2572,13:42:42,13.73,53517,39,买盘
2573,13:42:45,13.72,20580,15,卖盘
2574,13:42:51,13.72,13723,10,卖盘
2575,13:43:00,13.72,1372,1,卖盘
2576,13:43:03,13.72,8232,6,卖盘
2577,13:43:12,13.72,6860,5,卖盘
2578,13:43:18,13.72,41160,30,卖盘
2579,13:43:24,13.72,41160,30,卖盘
2580,13:43:27,13.72,1372,1,买盘
2581,13:43:30,13.71,8228,6,卖盘
2582,13:43:33,13.72,1372,1,卖盘
2583,13:43:36,13.72,5488,4,买盘
2584,13:43:39,13.72,19208,14,买盘
2585,13:43:45,13.71,16461,12,卖盘
2586,13:43:48,13.71,41130,30,卖盘
2587,13:43:54,13.71,64446,47,卖盘
2588,13:43:57,13.71,19194,14,卖盘
2589,13:44:06,13.71,8226,6,卖盘
2590,13:44:09,13.71,253635,185,卖盘
2591,13:44:12,13.72,13720,10,买盘
2592,13:44:15,13.71,12339,9,卖盘
2593,13:44:21,13.72,13720,10,买盘
2594,13:44:27,13.71,1371,1,卖盘
2595,13:44:30,13.72,1372,1,买盘
2596,13:44:36,13.72,4116,3,买盘
2597,13:44:42,13.71,41130,30,卖盘
2598,13:44:45,13.71,172796,126,卖盘
2599,13:44:48,13.71,6855,5,卖盘
2600,13:44:51,13.71,38398,28,卖盘
2601,13:44:54,13.71,34275,25,卖盘
2602,13:44:57,13.72,12348,9,买盘
2603,13:45:00,13.71,89115,65,卖盘
2604,13:45:12,13.72,12348,9,买盘
2605,13:45:15,13.72,24696,18,买盘
2606,13:45:18,13.71,685500,500,卖盘
2607,13:45:21,13.71,54840,40,卖盘
2608,13:45:24,13.71,10968,8,卖盘
2609,13:45:27,13.71,1371,1,卖盘
2610,13:45:30,13.72,8232,6,买盘
2611,13:45:33,13.71,76779,56,卖盘
2612,13:45:39,13.71,116535,85,卖盘
2613,13:45:42,13.72,41160,30,买盘
2614,13:45:45,13.71,71294,52,卖盘
2615,13:45:51,13.72,13720,10,买盘
2616,13:45:54,13.72,65822,48,买盘
2617,13:45:57,13.71,1960530,1430,卖盘
2618,13:46:00,13.72,13720,10,买盘
2619,13:46:03,13.72,1197755,873,买盘
2620,13:46:06,13.72,124852,91,买盘
2621,13:46:09,13.72,360832,263,买盘
2622,13:46:12,13.72,246960,180,买盘
2623,13:46:15,13.72,128967,94,买盘
2624,13:46:18,13.72,43882,32,买盘
2625,13:46:21,13.71,5486,4,卖盘
2626,13:46:24,13.72,52136,38,买盘
2627,13:46:27,13.72,54880,40,买盘
2628,13:46:30,13.71,16458,12,卖盘
2629,13:46:33,13.72,1372,1,卖盘
2630,13:46:36,13.72,4116,3,卖盘
2631,13:46:42,13.72,27440,20,卖盘
2632,13:46:45,13.72,45276,33,卖盘
2633,13:46:48,13.72,13720,10,买盘
2634,13:46:51,13.73,150968,110,买盘
2635,13:46:54,13.72,42532,31,卖盘
2636,13:47:00,13.72,68600,50,卖盘
2637,13:47:03,13.72,1372,1,卖盘
2638,13:47:09,13.72,13720,10,卖盘
2639,13:47:12,13.73,6865,5,买盘
2640,13:47:15,13.73,10984,8,买盘
2641,13:47:18,13.73,2746,2,买盘
2642,13:47:33,13.73,4119,3,买盘
2643,13:47:36,13.73,87822,64,买盘
2644,13:47:39,13.73,34305,25,买盘
2645,13:47:42,13.73,4119,3,买盘
2646,13:47:48,13.72,2744,2,卖盘
2647,13:47:51,13.73,9611,7,买盘
2648,13:47:54,13.72,358093,261,卖盘
2649,13:47:57,13.73,27460,20,买盘
2650,13:48:00,13.72,96040,70,卖盘
2651,13:48:03,13.73,13730,10,买盘
2652,13:48:06,13.72,35672,26,卖盘
2653,13:48:09,13.72,43906,32,卖盘
2654,13:48:12,13.72,17836,13,卖盘
2655,13:48:24,13.72,41160,30,卖盘
2656,13:48:27,13.72,85064,62,卖盘
2657,13:48:30,13.72,17839,13,卖盘
2658,13:48:33,13.72,50764,37,卖盘
2659,13:48:36,13.72,41160,30,卖盘
2660,13:48:39,13.72,4116,3,卖盘
2661,13:48:42,13.72,13720,10,卖盘
2662,13:48:45,13.72,113929,83,卖盘
2663,13:48:48,13.72,82322,60,卖盘
2664,13:49:03,13.73,2746,2,买盘
2665,13:49:09,13.72,67271,49,卖盘
2666,13:49:18,13.72,135828,99,卖盘
2667,13:49:21,13.72,89200,65,卖盘
2668,13:49:27,13.72,72716,53,卖盘
2669,13:49:30,13.73,15103,11,买盘
2670,13:49:33,13.72,150930,110,卖盘
2671,13:49:36,13.72,28832,21,卖盘
2672,13:49:39,13.72,30184,22,卖盘
2673,13:49:48,13.72,2744,2,卖盘
2674,13:50:00,13.73,39789,29,买盘
2675,13:50:03,13.73,41190,30,买盘
2676,13:50:09,13.72,17838,13,卖盘
2677,13:50:15,13.72,13720,10,卖盘
2678,13:50:18,13.72,27440,20,卖盘
2679,13:50:24,13.72,2744,2,卖盘
2680,13:50:27,13.72,50764,37,卖盘
2681,13:50:30,13.72,15092,11,卖盘
2682,13:50:33,13.72,46651,34,卖盘
2683,13:50:39,13.72,17837,13,卖盘
2684,13:50:48,13.72,15092,11,卖盘
2685,13:51:03,13.73,13730,10,买盘
2686,13:51:06,13.73,39803,29,买盘
2687,13:51:09,13.72,521362,380,卖盘
2688,13:51:15,13.73,6865,5,买盘
2689,13:51:21,13.73,13730,10,买盘
2690,13:51:24,13.73,546454,398,买盘
2691,13:51:27,13.73,286957,209,卖盘
2692,13:51:36,13.74,10992,8,买盘
2693,13:51:39,13.73,6865,5,卖盘
2694,13:51:48,13.74,12366,9,买盘
2695,13:51:51,13.74,21984,16,买盘
2696,13:51:54,13.73,141421,103,卖盘
2697,13:51:57,13.73,1373,1,卖盘
2698,13:52:03,13.73,32952,24,卖盘
2699,13:52:06,13.73,20595,15,卖盘
2700,13:52:09,13.74,20610,15,买盘
2701,13:52:12,13.73,15103,11,卖盘
2702,13:52:18,13.73,13730,10,卖盘
2703,13:52:21,13.74,215718,157,买盘
2704,13:52:24,13.73,4119,3,卖盘
2705,13:52:27,13.73,2746,2,卖盘
2706,13:52:30,13.73,5492,4,卖盘
2707,13:52:42,13.73,1373,1,卖盘
2708,13:52:45,13.73,45309,33,卖盘
2709,13:52:48,13.74,2748,2,买盘
2710,13:52:51,13.74,1374,1,买盘
2711,13:52:54,13.73,28853,21,卖盘
2712,13:53:06,13.73,4119,3,卖盘
2713,13:53:09,13.73,232039,169,卖盘
2714,13:53:12,13.74,4121,3,买盘
2715,13:53:15,13.73,41200,30,卖盘
2716,13:53:24,13.74,30208,22,买盘
2717,13:53:27,13.73,116710,85,卖盘
2718,13:53:30,13.74,160648,117,买盘
2719,13:53:33,13.73,83753,61,卖盘
2720,13:53:36,13.73,1373,1,卖盘
2721,13:53:45,13.73,16476,12,卖盘
2722,13:53:48,13.73,38444,28,卖盘
2723,13:53:51,13.73,39817,29,卖盘
2724,13:53:54,13.73,20595,15,卖盘
2725,13:53:57,13.74,1374,1,买盘
2726,13:54:03,13.74,17862,13,买盘
2727,13:54:06,13.74,9618,7,买盘
2728,13:54:12,13.74,2748,2,买盘
2729,13:54:15,13.73,24714,18,卖盘
2730,13:54:18,13.74,39846,29,买盘
2731,13:54:21,13.73,50801,37,卖盘
2732,13:54:30,13.73,21968,16,卖盘
2733,13:54:36,13.74,1374,1,买盘
2734,13:54:39,13.73,15103,11,卖盘
2735,13:54:42,13.74,144267,105,买盘
2736,13:54:45,13.74,27468,20,买盘
2737,13:54:48,13.73,15103,11,卖盘
2738,13:54:54,13.73,34325,25,卖盘
2739,13:54:57,13.74,27480,20,买盘
2740,13:55:03,13.73,57667,42,卖盘
2741,13:55:27,13.73,2746,2,卖盘
2742,13:55:33,13.73,122197,89,卖盘
2743,13:55:36,13.73,2746,2,卖盘
2744,13:55:45,13.73,1373,1,卖盘
2745,13:55:48,13.73,2746,2,卖盘
2746,13:55:51,13.73,4119,3,卖盘
2747,13:56:00,13.73,82380,60,卖盘
2748,13:56:03,13.74,339378,247,买盘
2749,13:56:06,13.73,20595,15,卖盘
2750,13:56:09,13.73,274600,200,卖盘
2751,13:56:12,13.73,74142,54,卖盘
2752,13:56:15,13.73,166133,121,买盘
2753,13:56:18,13.73,170252,124,买盘
2754,13:56:21,13.73,31579,23,买盘
2755,13:56:24,13.74,10992,8,买盘
2756,13:56:27,13.73,9611,7,卖盘
2757,13:56:33,13.73,15103,11,卖盘
2758,13:56:36,13.73,27460,20,卖盘
2759,13:56:42,13.74,211596,154,买盘
2760,13:56:48,13.73,48055,35,卖盘
2761,13:56:51,13.73,27460,20,卖盘
2762,13:56:54,13.73,19224,14,卖盘
2763,13:56:57,13.74,2748,2,买盘
2764,13:57:06,13.73,12357,9,卖盘
2765,13:57:09,13.73,5492,4,买盘
2766,13:57:12,13.73,16476,12,卖盘
2767,13:57:24,13.74,12366,9,买盘
2768,13:57:27,13.73,41190,30,卖盘
2769,13:57:30,13.73,96110,70,卖盘
2770,13:57:33,13.73,1373,1,卖盘
2771,13:57:36,13.73,4119,3,卖盘
2772,13:57:39,13.73,1373,1,卖盘
2773,13:57:42,13.73,30206,22,卖盘
2774,13:57:45,13.73,1373,1,买盘
2775,13:57:51,13.72,591365,431,卖盘
2776,13:57:54,13.73,4119,3,卖盘
2777,13:57:57,13.73,2746,2,买盘
2778,13:58:03,13.73,2746,2,买盘
2779,13:58:06,13.73,8238,6,买盘
2780,13:58:09,13.72,1372,1,卖盘
2781,13:58:12,13.73,98856,72,买盘
2782,13:58:18,13.73,12357,9,卖盘
2783,13:58:24,13.74,12366,9,买盘
2784,13:58:27,13.74,101676,74,买盘
2785,13:58:30,13.73,2746,2,卖盘
2786,13:58:36,13.74,49434,36,买盘
2787,13:58:39,13.73,13730,10,卖盘
2788,13:58:45,13.74,28854,21,买盘
2789,13:58:48,13.73,5492,4,卖盘
2790,13:58:51,13.73,15109,11,卖盘
2791,13:58:54,13.74,20610,15,买盘
2792,13:58:57,13.74,60456,44,买盘
2793,13:59:00,13.74,13740,10,买盘
2794,13:59:03,13.74,41220,30,卖盘
2795,13:59:06,13.74,472656,344,卖盘
2796,13:59:12,13.74,16487,12,买盘
2797,13:59:24,13.74,43968,32,买盘
2798,13:59:30,13.73,13730,10,卖盘
2799,13:59:36,13.74,12366,9,买盘
2800,13:59:42,13.73,4121,3,卖盘
2801,13:59:45,13.74,49430,36,买盘
2802,13:59:48,13.74,75569,55,买盘
2803,13:59:51,13.74,46708,34,买盘
2804,13:59:54,13.74,48088,35,买盘
2805,13:59:57,13.74,100242,73,买盘
2806,14:00:00,13.74,65910,48,买盘
2807,14:00:03,13.74,52212,38,买盘
2808,14:00:12,13.74,41220,30,卖盘
2809,14:00:15,13.75,8248,6,买盘
2810,14:00:21,13.75,17875,13,买盘
2811,14:00:27,13.75,292662,213,买盘
2812,14:00:30,13.74,15115,11,卖盘
2813,14:00:33,13.75,17865,13,买盘
2814,14:00:39,13.74,34350,25,卖盘
2815,14:00:42,13.74,6870,5,卖盘
2816,14:00:48,13.74,38472,28,卖盘
2817,14:00:51,13.74,8244,6,卖盘
2818,14:00:54,13.74,125054,91,卖盘
2819,14:00:57,13.74,74235,54,卖盘
2820,14:01:00,13.74,13740,10,卖盘
2821,14:01:03,13.74,4122,3,卖盘
2822,14:01:09,13.74,8244,6,中性盘
2823,14:01:12,13.74,38454,28,买盘
2824,14:01:18,13.74,104384,76,买盘
2825,14:01:21,13.74,20600,15,买盘
2826,14:01:27,13.74,108496,79,买盘
2827,14:01:30,13.74,8244,6,买盘
2828,14:01:33,13.74,28854,21,买盘
2829,14:01:36,13.74,10992,8,卖盘
2830,14:01:39,13.74,43968,32,买盘
2831,14:01:42,13.75,125121,91,买盘
2832,14:01:48,13.74,2748,2,卖盘
2833,14:01:51,13.75,8244,6,买盘
2834,14:02:00,13.75,17872,13,买盘
2835,14:02:03,13.74,16488,12,卖盘
2836,14:02:09,13.75,8249,6,买盘
2837,14:02:12,13.74,23358,17,卖盘
2838,14:02:15,13.74,24735,18,卖盘
2839,14:02:18,13.74,53586,39,卖盘
2840,14:02:21,13.74,28854,21,买盘
2841,14:02:24,13.73,90629,66,卖盘
2842,14:02:27,13.74,6870,5,中性盘
2843,14:02:30,13.73,92011,67,卖盘
2844,14:02:36,13.73,83754,61,卖盘
2845,14:02:42,13.73,97493,71,卖盘
2846,14:02:45,13.74,38472,28,买盘
2847,14:02:48,13.74,8244,6,买盘
2848,14:02:51,13.74,8244,6,卖盘
2849,14:02:57,13.74,2748,2,卖盘
2850,14:03:00,13.74,27480,20,卖盘
2851,14:03:03,13.74,15114,11,卖盘
2852,14:03:06,13.74,12366,9,卖盘
2853,14:03:12,13.73,68697,50,卖盘
2854,14:03:15,13.74,21984,16,买盘
2855,14:03:18,13.74,1374,1,买盘
2856,14:03:21,13.74,130480,95,买盘
2857,14:03:27,13.73,9611,7,卖盘
2858,14:03:33,13.74,2748,2,买盘
2859,14:03:36,13.74,211596,154,买盘
2860,14:03:39,13.74,215868,157,中性盘
2861,14:03:45,13.74,64578,47,卖盘
2862,14:03:48,13.74,2749,2,卖盘
2863,14:03:57,13.75,45347,33,买盘
2864,14:04:00,13.75,12368,9,买盘
2865,14:04:03,13.75,6875,5,买盘
2866,14:04:06,13.74,1374,1,卖盘
2867,14:04:09,13.74,137400,100,卖盘
2868,14:04:15,13.74,19240,14,卖盘
2869,14:04:18,13.75,11000,8,买盘
2870,14:04:21,13.74,35726,26,卖盘
2871,14:04:30,13.74,8244,6,卖盘
2872,14:04:33,13.75,30246,22,买盘
2873,14:04:39,13.74,1374,1,卖盘
2874,14:04:45,13.74,12371,9,卖盘
2875,14:04:48,13.74,281670,205,卖盘
2876,14:04:51,13.75,42625,31,买盘
2877,14:05:00,13.75,6871,5,买盘
2878,14:05:03,13.74,109920,80,卖盘
2879,14:05:09,13.75,125053,91,买盘
2880,14:05:12,13.75,22000,16,买盘
2881,14:05:15,13.75,99000,72,买盘
2882,14:05:18,13.75,50860,37,买盘
2883,14:05:21,13.75,240591,175,买盘
2884,14:05:24,13.75,63230,46,买盘
2885,14:05:27,13.75,27498,20,买盘
2886,14:05:30,13.74,6872,5,卖盘
2887,14:05:33,13.75,22000,16,买盘
2888,14:05:36,13.75,50875,37,买盘
2889,14:05:39,13.75,1375,1,买盘
2890,14:05:42,13.74,68700,50,卖盘
2891,14:05:45,13.74,6870,5,卖盘
2892,14:05:57,13.74,27480,20,卖盘
2893,14:06:00,13.74,2748,2,卖盘
2894,14:06:03,13.74,10993,8,卖盘
2895,14:06:06,13.74,31619,23,卖盘
2896,14:06:09,13.74,59083,43,卖盘
2897,14:06:15,13.74,4122,3,卖盘
2898,14:06:18,13.74,85225,62,卖盘
2899,14:06:24,13.75,97625,71,买盘
2900,14:06:27,13.75,11000,8,买盘
2901,14:06:30,13.74,85188,62,卖盘
2902,14:06:33,13.75,2750,2,买盘
2903,14:06:36,13.74,85188,62,卖盘
2904,14:06:39,13.75,13750,10,买盘
2905,14:06:45,13.74,160862,117,卖盘
2906,14:06:48,13.74,32985,24,卖盘
2907,14:06:51,13.75,5500,4,买盘
2908,14:06:54,13.74,85188,62,卖盘
2909,14:06:57,13.74,292865,213,卖盘
2910,14:07:00,13.76,8015529,5829,买盘
2911,14:07:03,13.77,2458863,1787,买盘
2912,14:07:06,13.77,12393,9,买盘
2913,14:07:09,13.77,156978,114,买盘
2914,14:07:12,13.77,63342,46,买盘
2915,14:07:15,13.77,50949,37,买盘
2916,14:07:18,13.77,523260,380,买盘
2917,14:07:21,13.77,298809,217,卖盘
2918,14:07:24,13.76,379935,276,卖盘
2919,14:07:27,13.76,92236,67,卖盘
2920,14:07:30,13.77,6885,5,买盘
2921,14:07:33,13.77,30294,22,买盘
2922,14:07:36,13.77,23408,17,买盘
2923,14:07:39,13.77,34425,25,买盘
2924,14:07:42,13.77,45441,33,买盘
2925,14:07:45,13.77,49572,36,买盘
2926,14:07:48,13.77,30292,22,买盘
2927,14:07:51,13.76,34421,25,卖盘
2928,14:07:54,13.77,27540,20,买盘
2929,14:07:57,13.76,16514,12,卖盘
2930,14:08:00,13.77,12393,9,买盘
2931,14:08:03,13.76,101875,74,卖盘
2932,14:08:06,13.77,78439,57,买盘
2933,14:08:09,13.77,64709,47,买盘
2934,14:08:15,13.77,42683,31,买盘
2935,14:08:18,13.76,13760,10,卖盘
2936,14:08:21,13.76,86691,63,卖盘
2937,14:08:27,13.77,4131,3,买盘
2938,14:08:30,13.77,75735,55,买盘
2939,14:08:33,13.77,33048,24,买盘
2940,14:08:36,13.77,137700,100,买盘
2941,14:08:39,13.77,27540,20,买盘
2942,14:08:42,13.77,19278,14,买盘
2943,14:08:48,13.76,27520,20,卖盘
2944,14:08:51,13.77,104596,76,买盘
2945,14:08:54,13.77,501228,364,买盘
2946,14:09:03,13.77,19278,14,买盘
2947,14:09:06,13.76,1421408,1033,卖盘
2948,14:09:12,13.76,20648,15,买盘
2949,14:09:15,13.76,27520,20,买盘
2950,14:09:18,13.76,9632,7,买盘
2951,14:09:21,13.76,46763,34,买盘
2952,14:09:24,13.75,12375,9,卖盘
2953,14:09:30,13.76,2752,2,买盘
2954,14:09:33,13.76,30272,22,买盘
2955,14:09:39,13.75,30250,22,卖盘
2956,14:09:42,13.76,12384,9,买盘
2957,14:09:45,13.75,26134,19,卖盘
2958,14:09:48,13.76,13760,10,买盘
2959,14:09:51,13.75,884218,643,卖盘
2960,14:09:54,13.75,5500,4,买盘
2961,14:10:03,13.74,38472,28,卖盘
2962,14:10:09,13.75,12375,9,买盘
2963,14:10:12,13.75,13750,10,买盘
2964,14:10:15,13.75,60500,44,买盘
2965,14:10:18,13.75,24750,18,买盘
2966,14:10:24,13.75,2750,2,买盘
2967,14:10:27,13.75,88000,64,买盘
2968,14:10:30,13.75,13750,10,买盘
2969,14:10:33,13.75,9624,7,买盘
2970,14:10:36,13.75,20625,15,买盘
2971,14:10:39,13.75,12375,9,买盘
2972,14:10:45,13.75,12375,9,买盘
2973,14:10:48,13.75,96250,70,买盘
2974,14:10:51,13.75,6875,5,买盘
2975,14:10:54,13.75,6875,5,买盘
2976,14:11:03,13.74,16498,12,卖盘
2977,14:11:06,13.74,31602,23,卖盘
2978,14:11:09,13.75,65987,48,买盘
2979,14:11:12,13.74,10992,8,卖盘
2980,14:11:15,13.74,1374,1,卖盘
2981,14:11:18,13.75,15125,11,买盘
2982,14:11:21,13.75,26125,19,买盘
2983,14:11:27,13.75,412500,300,买盘
2984,14:11:33,13.75,127875,93,买盘
2985,14:11:39,13.75,6875,5,卖盘
2986,14:11:45,13.76,26134,19,买盘
2987,14:11:48,13.76,28886,21,买盘
2988,14:11:57,13.76,13760,10,买盘
2989,14:12:00,13.76,2752,2,买盘
2990,14:12:03,13.75,59125,43,卖盘
2991,14:12:06,13.75,221375,161,卖盘
2992,14:12:09,13.75,254331,185,买盘
2993,14:12:12,13.75,76991,56,买盘
2994,14:12:18,13.74,31622,23,卖盘
2995,14:12:21,13.75,12375,9,中性盘
2996,14:12:24,13.75,4125,3,买盘
2997,14:12:27,13.75,2750,2,中性盘
2998,14:12:30,13.74,97554,71,卖盘
2999,14:12:39,13.75,41250,30,买盘
3000,14:12:42,13.75,1375,1,买盘
3001,14:12:51,13.75,31613,23,买盘
3002,14:12:54,13.75,13745,10,买盘
3003,14:12:57,13.75,16500,12,买盘
3004,14:13:00,13.75,2750,2,买盘
3005,14:13:03,13.74,2749,2,卖盘
3006,14:13:09,13.75,13750,10,买盘
3007,14:13:12,13.74,4122,3,卖盘
3008,14:13:15,13.75,2750,2,买盘
3009,14:13:21,13.74,1374,1,卖盘
3010,14:13:24,13.74,9620,7,卖盘
3011,14:13:33,13.74,5496,4,卖盘
3012,14:13:36,13.74,23360,17,卖盘
3013,14:13:39,13.75,30250,22,买盘
3014,14:13:42,13.75,4125,3,买盘
3015,14:13:45,13.75,41230,30,买盘
3016,14:13:48,13.75,72838,53,买盘
3017,14:13:51,13.76,12376,9,买盘
3018,14:13:57,13.76,42643,31,买盘
3019,14:14:00,13.75,9625,7,卖盘
3020,14:14:03,13.74,15116,11,卖盘
3021,14:14:06,13.75,2750,2,买盘
3022,14:14:09,13.75,23375,17,买盘
3023,14:14:12,13.74,4122,3,卖盘
3024,14:14:15,13.74,26106,19,卖盘
3025,14:14:18,13.75,16490,12,买盘
3026,14:14:21,13.74,586899,427,卖盘
3027,14:14:24,13.75,2750,2,买盘
3028,14:14:27,13.75,11000,8,买盘
3029,14:14:30,13.74,15114,11,卖盘
3030,14:14:42,13.75,22000,16,买盘
3031,14:14:45,13.75,11000,8,买盘
3032,14:14:48,13.75,44000,32,买盘
3033,14:14:51,13.75,15125,11,买盘
3034,14:14:57,13.75,4125,3,买盘
3035,14:15:00,13.75,11000,8,中性盘
3036,14:15:03,13.74,43974,32,卖盘
3037,14:15:06,13.75,17870,13,买盘
3038,14:15:09,13.75,13750,10,买盘
3039,14:15:12,13.74,53615,39,卖盘
3040,14:15:15,13.75,4125,3,买盘
3041,14:15:18,13.75,11000,8,买盘
3042,14:15:21,13.75,22000,16,买盘
3043,14:15:24,13.75,24750,18,买盘
3044,14:15:27,13.75,22000,16,买盘
3045,14:15:30,13.75,28875,21,买盘
3046,14:15:33,13.76,6876,5,买盘
3047,14:15:36,13.75,27500,20,卖盘
3048,14:15:51,13.75,97625,71,卖盘
3049,14:15:57,13.76,26144,19,买盘
3050,14:16:03,13.75,2750,2,卖盘
3051,14:16:06,13.75,64625,47,卖盘
3052,14:16:12,13.75,92125,67,卖盘
3053,14:16:18,13.75,182875,133,卖盘
3054,14:16:21,13.75,15125,11,买盘
3055,14:16:24,13.75,20625,15,买盘
3056,14:16:30,13.75,2750,2,买盘
3057,14:16:33,13.75,37125,27,买盘
3058,14:16:39,13.75,9625,7,买盘
3059,14:16:42,13.74,21999,16,卖盘
3060,14:16:45,13.75,23375,17,卖盘
3061,14:16:48,13.74,30241,22,卖盘
3062,14:16:51,13.75,12378,9,中性盘
3063,14:16:54,13.75,1375,1,卖盘
3064,14:16:57,13.75,6875,5,卖盘
3065,14:17:00,13.75,13750,10,买盘
3066,14:17:03,13.74,23360,17,卖盘
3067,14:17:06,13.74,16491,12,卖盘
3068,14:17:09,13.75,27500,20,买盘
3069,14:17:12,13.75,8246,6,买盘
3070,14:17:21,13.75,2750,2,买盘
3071,14:17:24,13.74,412200,300,卖盘
3072,14:17:27,13.74,145644,106,卖盘
3073,14:17:30,13.74,21984,16,卖盘
3074,14:17:33,13.75,2750,2,买盘
3075,14:17:39,13.75,20625,15,买盘
3076,14:17:42,13.75,19250,14,买盘
3077,14:17:45,13.74,1374,1,卖盘
3078,14:17:48,13.75,70115,51,买盘
3079,14:17:54,13.75,20625,15,买盘
3080,14:17:57,13.75,119548,87,买盘
3081,14:18:00,13.75,79693,58,买盘
3082,14:18:03,13.74,35724,26,卖盘
3083,14:18:06,13.74,423315,308,卖盘
3084,14:18:09,13.74,28854,21,卖盘
3085,14:18:12,13.75,9625,7,买盘
3086,14:18:15,13.74,15114,11,卖盘
3087,14:18:24,13.74,41220,30,卖盘
3088,14:18:30,13.74,54970,40,卖盘
3089,14:18:33,13.74,9618,7,卖盘
3090,14:18:39,13.75,30237,22,买盘
3091,14:18:42,13.75,5498,4,买盘
3092,14:18:51,13.75,5500,4,买盘
3093,14:18:54,13.74,41220,30,卖盘
3094,14:18:57,13.74,37111,27,卖盘
3095,14:19:00,13.75,5500,4,买盘
3096,14:19:03,13.74,142898,104,卖盘
3097,14:19:09,13.75,16498,12,买盘
3098,14:19:12,13.74,89374,65,卖盘
3099,14:19:18,13.74,2748,2,卖盘
3100,14:19:21,13.75,12375,9,买盘
3101,14:19:30,13.75,54996,40,买盘
3102,14:19:33,13.74,1374,1,卖盘
3103,14:19:45,13.74,1374,1,卖盘
3104,14:19:54,13.74,6870,5,卖盘
3105,14:19:57,13.74,60469,44,卖盘
3106,14:20:03,13.74,54960,40,卖盘
3107,14:20:06,13.74,174499,127,卖盘
3108,14:20:09,13.75,9625,7,买盘
3109,14:20:15,13.74,16488,12,卖盘
3110,14:20:24,13.74,281670,205,卖盘
3111,14:20:27,13.74,1374,1,卖盘
3112,14:20:30,13.74,79692,58,卖盘
3113,14:20:33,13.74,223962,163,卖盘
3114,14:20:36,13.74,52212,38,卖盘
3115,14:20:39,13.75,300920,219,买盘
3116,14:20:42,13.75,13750,10,买盘
3117,14:20:45,13.74,31602,23,卖盘
3118,14:20:48,13.75,8250,6,买盘
3119,14:20:51,13.74,39871,29,卖盘
3120,14:20:54,13.74,34350,25,卖盘
3121,14:20:57,13.74,43970,32,中性盘
3122,14:21:00,13.74,1374,1,卖盘
3123,14:21:03,13.73,61833,45,卖盘
3124,14:21:09,13.75,137500,100,买盘
3125,14:21:18,13.75,42625,31,买盘
3126,14:21:21,13.74,6870,5,卖盘
3127,14:21:27,13.74,96180,70,卖盘
3128,14:21:30,13.74,78318,57,买盘
3129,14:21:33,13.74,160784,117,买盘
3130,14:21:36,13.74,53586,39,买盘
3131,14:21:39,13.73,23341,17,卖盘
3132,14:21:42,13.74,21984,16,买盘
3133,14:21:45,13.74,13740,10,买盘
3134,14:21:48,13.74,12366,9,买盘
3135,14:21:51,13.74,12366,9,买盘
3136,14:22:00,13.73,31600,23,卖盘
3137,14:22:03,13.73,39844,29,卖盘
3138,14:22:06,13.73,20595,15,卖盘
3139,14:22:12,13.74,19231,14,买盘
3140,14:22:15,13.73,28833,21,卖盘
3141,14:22:18,13.73,68650,50,卖盘
3142,14:22:24,13.74,266556,194,买盘
3143,14:22:27,13.73,112589,82,卖盘
3144,14:22:39,13.74,27480,20,买盘
3145,14:22:42,13.74,23358,17,买盘
3146,14:22:45,13.73,21968,16,卖盘
3147,14:22:48,13.74,46716,34,买盘
3148,14:22:51,13.73,26097,19,卖盘
3149,14:22:54,13.74,31602,23,买盘
3150,14:22:57,13.74,12366,9,买盘
3151,14:23:00,13.74,38469,28,买盘
3152,14:23:03,13.73,32955,24,卖盘
3153,14:23:09,13.73,8238,6,卖盘
3154,14:23:12,13.73,41190,30,卖盘
3155,14:23:18,13.73,37073,27,卖盘
3156,14:23:21,13.74,4122,3,买盘
3157,14:23:24,13.74,21984,16,买盘
3158,14:23:27,13.74,26115,19,卖盘
3159,14:23:30,13.75,206250,150,买盘
3160,14:23:33,13.74,16488,12,卖盘
3161,14:23:36,13.75,9619,7,买盘
