,成交时间,成交价格,成交金额,成交量,性质
0,09:25:00,32.33,5324751,1647,买盘
1,09:30:00,32.45,520950,161,买盘
2,09:30:03,32.37,1527486,471,卖盘
3,09:30:06,32.47,162345,50,买盘
4,09:30:09,32.48,941920,290,买盘
5,09:30:12,32.49,1228011,378,买盘
6,09:30:15,32.49,341511,105,卖盘
7,09:30:18,32.53,240742,74,卖盘
8,09:30:21,32.57,338371,104,买盘
9,09:30:24,32.53,22771,7,中性盘
10,09:30:27,32.53,130005,40,买盘
11,09:30:30,32.5,1066375,328,卖盘
12,09:30:33,32.49,484079,149,卖盘
13,09:30:36,32.45,259710,80,卖盘
14,09:30:39,32.45,243264,75,卖盘
15,09:30:42,32.38,178447,55,卖盘
16,09:30:45,32.4,411875,127,中性盘
17,09:30:48,32.4,103716,32,卖盘
18,09:30:51,32.4,252732,78,卖盘
19,09:30:54,32.38,501937,155,卖盘
20,09:30:57,32.35,58261,18,卖盘
21,09:31:00,32.36,514353,159,中性盘
22,09:31:03,32.31,420359,130,卖盘
23,09:31:06,32.26,1255879,389,卖盘
24,09:31:09,32.26,274369,85,卖盘
25,09:31:12,32.25,661212,205,卖盘
26,09:31:15,32.27,751683,233,中性盘
27,09:31:18,32.25,903166,280,卖盘
28,09:31:21,32.27,2154563,668,中性盘
29,09:31:24,32.24,358144,111,中性盘
30,09:31:27,32.2,112767,35,卖盘
31,09:31:30,32.2,776022,241,卖盘
32,09:31:33,32.18,177094,55,卖盘
33,09:31:36,32.18,19312,6,卖盘
34,09:31:39,32.16,205886,64,卖盘
35,09:31:42,32.15,28938,9,卖盘
36,09:31:45,32.13,93231,29,卖盘
37,09:31:48,32.13,347186,108,卖盘
38,09:31:51,32.14,93196,29,中性盘
39,09:31:54,32.12,507687,158,卖盘
40,09:31:57,32.17,2461206,766,买盘
41,09:32:00,32.15,498486,155,卖盘
42,09:32:03,32.15,96455,30,卖盘
43,09:32:06,32.13,276343,86,卖盘
44,09:32:09,32.12,1030858,321,卖盘
45,09:32:12,32.09,1187623,370,卖盘
46,09:32:15,32.09,170056,53,买盘
47,09:32:18,32.07,4252331,1326,卖盘
48,09:32:21,32.08,131434,41,买盘
49,09:32:24,32.07,182798,57,中性盘
50,09:32:27,32.08,621815,194,买盘
51,09:32:30,32.09,490688,153,买盘
52,09:32:33,32.08,76994,24,卖盘
53,09:32:36,32.09,426569,133,买盘
54,09:32:39,32.07,57719,18,中性盘
55,09:32:42,32.07,211622,66,买盘
56,09:32:45,32.08,307964,96,买盘
57,09:32:48,32.08,44916,14,卖盘
58,09:32:51,32.07,169974,53,卖盘
59,09:32:54,32.08,272559,85,买盘
60,09:32:57,32.08,99448,31,买盘
61,09:33:00,32.09,304680,95,买盘
62,09:33:03,32.09,163648,51,买盘
63,09:33:06,32.09,644859,201,卖盘
64,09:33:09,32.1,38513,12,买盘
65,09:33:12,32.09,285640,89,卖盘
66,09:33:15,32.09,436509,136,卖盘
67,09:33:18,32.08,288864,90,卖盘
68,09:33:21,32.09,632018,197,中性盘
69,09:33:24,32.06,343216,107,卖盘
70,09:33:27,32.06,333621,104,卖盘
71,09:33:30,32.08,330451,103,买盘
72,09:33:33,32.09,144374,45,买盘
73,09:33:36,32.08,109072,34,卖盘
74,09:33:39,32.08,96244,30,买盘
75,09:33:42,32.09,153997,48,买盘
76,09:33:45,32.08,115523,36,卖盘
77,09:33:48,32.1,327234,102,买盘
78,09:33:51,32.08,131549,41,卖盘
79,09:33:54,32.09,465274,145,中性盘
80,09:33:57,32.08,352892,110,卖盘
81,09:34:00,32.08,349683,109,卖盘
82,09:34:03,32.08,320863,100,卖盘
83,09:34:06,32.09,12837,4,买盘
84,09:34:09,32.08,208556,65,卖盘
85,09:34:12,32.08,160404,50,卖盘
86,09:34:15,32.08,102657,32,买盘
87,09:34:18,32.08,368925,115,卖盘
88,09:34:21,32.1,250260,78,买盘
89,09:34:24,32.09,125180,39,中性盘
90,09:34:27,32.13,163823,51,买盘
91,09:34:30,32.13,32130,10,买盘
92,09:34:33,32.13,35341,11,买盘
93,09:34:36,32.13,77107,24,卖盘
94,09:34:39,32.14,6427,2,买盘
95,09:34:42,32.14,57852,18,买盘
96,09:34:45,32.13,64282,20,卖盘
97,09:34:48,32.13,134953,42,卖盘
98,09:34:51,32.15,286025,89,买盘
99,09:34:54,32.16,19291,6,中性盘
100,09:34:57,32.14,157513,49,卖盘
101,09:35:00,32.15,167116,52,买盘
102,09:35:03,32.09,851132,265,卖盘
103,09:35:06,32.09,936901,292,卖盘
104,09:35:09,32.08,57755,18,卖盘
105,09:35:12,32.08,147580,46,卖盘
106,09:35:15,32.06,2703694,843,卖盘
107,09:35:18,32.08,891568,278,买盘
108,09:35:21,32.06,218048,68,卖盘
109,09:35:24,32.07,644320,201,卖盘
110,09:35:27,32.09,208519,65,买盘
111,09:35:30,32.09,22459,7,买盘
112,09:35:33,32.05,1451972,453,卖盘
113,09:35:36,32.08,330158,103,买盘
114,09:35:39,32.01,1995256,623,卖盘
115,09:35:42,32.05,48093,15,卖盘
116,09:35:45,32.02,28832,9,卖盘
117,09:35:48,32.03,407101,127,中性盘
118,09:35:51,32.02,249770,78,卖盘
119,09:35:54,32.02,86454,27,卖盘
120,09:35:57,32.02,83250,26,买盘
121,09:36:00,32.02,1434143,448,卖盘
122,09:36:03,32.06,38454,12,买盘
123,09:36:06,32.03,70467,22,卖盘
124,09:36:09,32.03,9615,3,卖盘
125,09:36:12,32.03,826242,258,卖盘
126,09:36:15,32.03,67314,21,中性盘
127,09:36:18,32.03,134541,42,卖盘
128,09:36:21,32.03,51278,16,买盘
129,09:36:24,32.11,975298,304,买盘
130,09:36:27,32.11,51379,16,卖盘
131,09:36:30,32.12,237640,74,中性盘
132,09:36:33,32.11,844505,263,卖盘
133,09:36:36,32.07,64164,20,卖盘
134,09:36:39,32.07,19244,6,卖盘
135,09:36:42,32.07,153927,48,卖盘
136,09:36:45,32.06,35258,11,卖盘
137,09:36:48,32.06,73737,23,买盘
138,09:36:51,32.06,121839,38,买盘
139,09:36:54,32.06,9618,3,卖盘
140,09:36:57,32.07,19238,6,买盘
141,09:37:00,32.07,266150,83,买盘
142,09:37:03,32.07,413685,129,买盘
143,09:37:06,32.06,6453315,2016,卖盘
144,09:37:09,32.05,330252,103,卖盘
145,09:37:12,32.06,54489,17,买盘
146,09:37:15,32.06,102578,32,买盘
147,09:37:18,32.04,35260,11,卖盘
148,09:37:21,32.0,2569828,803,卖盘
149,09:37:24,32.06,3993813,1248,买盘
150,09:37:27,32.07,208392,65,买盘
151,09:37:30,32.04,1279910,400,卖盘
152,09:37:33,32.03,12805,4,中性盘
153,09:37:36,32.03,35236,11,中性盘
154,09:37:39,32.0,182550,57,卖盘
155,09:37:42,31.99,105590,33,卖盘
156,09:37:45,32.0,172782,54,买盘
157,09:37:48,31.99,179156,56,卖盘
158,09:37:51,31.99,278313,87,买盘
159,09:37:54,31.99,159948,50,卖盘
160,09:37:57,31.99,127932,40,买盘
161,09:38:00,32.0,345446,108,买盘
162,09:38:03,31.99,435065,136,卖盘
163,09:38:06,31.98,175889,55,卖盘
164,09:38:09,31.99,460635,144,买盘
165,09:38:12,32.0,377391,118,买盘
166,09:38:15,32.0,76775,24,买盘
167,09:38:18,31.98,57574,18,卖盘
168,09:38:21,31.98,28784,9,卖盘
169,09:38:24,31.98,60768,19,卖盘
170,09:38:27,32.03,3238685,1012,买盘
171,09:38:30,32.0,352125,110,卖盘
172,09:38:33,32.01,1612804,504,中性盘
173,09:38:36,32.05,12816,4,买盘
174,09:38:39,32.02,44831,14,中性盘
175,09:38:42,32.05,41632,13,买盘
176,09:38:45,32.0,1094521,342,卖盘
177,09:38:48,32.0,111998,35,买盘
178,09:38:51,32.0,89595,28,买盘
179,09:38:54,32.0,188789,59,买盘
180,09:38:57,32.0,211200,66,买盘
181,09:39:00,32.0,2649560,828,买盘
182,09:39:03,32.0,607976,190,买盘
183,09:39:06,31.99,249581,78,卖盘
184,09:39:09,32.02,76828,24,买盘
185,09:39:12,32.02,44852,14,中性盘
186,09:39:15,32.01,131292,41,卖盘
187,09:39:18,32.01,355211,111,买盘
188,09:39:21,32.0,419249,131,卖盘
189,09:39:24,32.0,345615,108,卖盘
190,09:39:27,32.0,96019,30,卖盘
191,09:39:30,32.01,60819,19,买盘
192,09:39:33,32.01,134422,42,买盘
193,09:39:36,32.01,406429,127,买盘
194,09:39:39,32.01,25602,8,买盘
195,09:39:42,32.01,358508,112,买盘
196,09:39:45,32.02,172919,54,买盘
197,09:39:48,32.01,198475,62,卖盘
198,09:39:51,32.01,220830,69,买盘
199,09:39:54,32.01,105633,33,买盘
200,09:39:57,32.01,28813,9,卖盘
201,09:40:00,32.02,179312,56,买盘
202,09:40:03,32.02,707393,221,买盘
203,09:40:06,32.02,57634,18,买盘
204,09:40:09,32.01,374546,117,卖盘
205,09:40:12,32.0,48011,15,卖盘
206,09:40:15,32.01,284815,89,买盘
207,09:40:18,32.0,124822,39,卖盘
208,09:40:21,32.0,249613,78,卖盘
209,09:40:24,32.01,329603,103,买盘
210,09:40:27,32.01,236808,74,买盘
211,09:40:30,32.01,12804,4,买盘
212,09:40:33,32.0,182442,57,卖盘
213,09:40:36,32.0,192052,60,卖盘
214,09:40:39,32.01,83224,26,买盘
215,09:40:42,32.01,76824,24,买盘
216,09:40:45,32.01,169604,53,买盘
217,09:40:48,32.01,118432,37,买盘
218,09:40:51,32.0,806426,252,卖盘
219,09:40:54,32.0,176006,55,卖盘
220,09:40:57,32.0,118418,37,卖盘
221,09:41:00,32.01,9603,3,买盘
222,09:41:03,32.0,70420,22,卖盘
223,09:41:06,32.0,41612,13,卖盘
224,09:41:09,32.0,563232,176,卖盘
225,09:41:12,32.01,166428,52,买盘
226,09:41:15,32.01,48010,15,买盘
227,09:41:18,32.04,377849,118,买盘
228,09:41:21,32.05,22429,7,买盘
229,09:41:24,32.06,163472,51,买盘
230,09:41:27,32.06,6412,2,中性盘
231,09:41:30,32.03,820525,256,卖盘
232,09:41:33,32.03,22455,7,卖盘
233,09:41:36,32.04,279058,87,卖盘
234,09:41:39,32.03,265849,83,卖盘
235,09:41:42,32.03,227406,71,买盘
236,09:41:45,32.02,220988,69,卖盘
237,09:41:48,32.03,105699,33,买盘
238,09:41:51,32.02,32031,10,卖盘
239,09:41:54,32.03,38427,12,中性盘
240,09:41:57,32.02,374634,117,卖盘
241,09:42:00,32.03,9607,3,买盘
242,09:42:03,32.0,1824923,570,卖盘
243,09:42:06,32.02,169635,53,买盘
244,09:42:09,32.02,32020,10,买盘
245,09:42:12,31.95,6763467,2115,卖盘
246,09:42:15,31.95,166204,52,卖盘
247,09:42:18,31.95,648613,203,卖盘
248,09:42:21,31.95,274790,86,卖盘
249,09:42:24,31.95,447300,140,卖盘
250,09:42:27,31.93,986940,309,卖盘
251,09:42:30,31.93,140492,44,买盘
252,09:42:33,31.93,98966,31,买盘
253,09:42:36,31.93,217085,68,买盘
254,09:42:39,31.93,201131,63,买盘
255,09:42:42,31.92,466155,146,卖盘
256,09:42:45,31.93,127708,40,买盘
257,09:42:48,31.95,316231,99,买盘
258,09:42:51,31.95,1791081,561,买盘
259,09:42:54,31.93,226681,71,卖盘
260,09:42:57,31.93,281208,88,卖盘
261,09:43:00,31.94,28750,9,中性盘
262,09:43:03,31.99,396240,124,买盘
263,09:43:06,32.0,28800,9,买盘
264,09:43:09,31.99,9593,3,中性盘
265,09:43:12,31.95,118281,37,卖盘
266,09:43:15,32.0,217563,68,买盘
267,09:43:18,31.99,28791,9,卖盘
268,09:43:21,31.99,191980,60,卖盘
269,09:43:24,32.0,351926,110,买盘
270,09:43:27,31.99,70380,22,中性盘
271,09:43:30,31.99,147153,46,买盘
272,09:43:33,32.02,1941938,607,买盘
273,09:43:36,32.1,128301,40,买盘
274,09:43:42,32.04,92927,29,卖盘
275,09:43:45,32.0,1603730,501,卖盘
276,09:43:48,32.09,57680,18,买盘
277,09:43:51,32.04,118583,37,卖盘
278,09:43:57,32.0,1155173,361,卖盘
279,09:44:00,32.0,201600,63,买盘
280,09:44:03,32.0,368000,115,买盘
281,09:44:06,32.01,6402,2,卖盘
282,09:44:09,32.01,38412,12,卖盘
283,09:44:12,32.0,156829,49,卖盘
284,09:44:18,32.01,342406,107,买盘
285,09:44:21,31.99,6398,2,卖盘
286,09:44:24,32.01,169641,53,买盘
287,09:44:27,31.95,1665355,521,卖盘
288,09:44:30,31.99,28798,9,卖盘
289,09:44:33,32.01,67217,21,买盘
290,09:44:36,32.01,9603,3,买盘
291,09:44:39,32.01,35209,11,买盘
292,09:44:42,32.0,112011,35,卖盘
293,09:44:45,32.0,95997,30,买盘
294,09:44:48,31.99,191955,60,卖盘
295,09:44:51,31.97,73575,23,卖盘
296,09:44:54,32.0,1055897,330,买盘
297,09:44:57,31.97,207832,65,卖盘
298,09:45:00,32.0,9600,3,买盘
299,09:45:03,31.97,688584,215,卖盘
300,09:45:09,32.0,169456,53,买盘
301,09:45:12,31.97,219965,69,卖盘
302,09:45:15,31.96,677693,212,卖盘
303,09:45:18,31.95,25566,8,卖盘
304,09:45:21,31.95,51130,16,卖盘
305,09:45:24,31.95,28755,9,卖盘
306,09:45:27,31.96,127840,40,买盘
307,09:45:30,31.95,444109,139,卖盘
308,09:45:33,31.96,121415,38,买盘
309,09:45:36,31.95,31953,10,卖盘
310,09:45:39,31.96,35153,11,买盘
311,09:45:42,31.95,76690,24,卖盘
312,09:45:45,31.95,246070,77,卖盘
313,09:45:48,31.95,156566,49,卖盘
314,09:45:51,31.95,252403,79,卖盘
315,09:45:54,31.96,198118,62,买盘
316,09:45:57,31.96,108669,34,卖盘
317,09:46:00,31.97,12786,4,买盘
318,09:46:03,31.96,268544,84,卖盘
319,09:46:06,31.96,169388,53,卖盘
320,09:46:09,31.96,89498,28,卖盘
321,09:46:15,31.96,262073,82,卖盘
322,09:46:18,31.96,15980,5,买盘
323,09:46:21,31.95,25566,8,卖盘
324,09:46:24,31.95,19170,6,卖盘
325,09:46:27,31.95,6959319,2180,卖盘
326,09:46:30,31.95,60703,19,买盘
327,09:46:33,31.95,15965,5,买盘
328,09:46:36,31.95,105415,33,买盘
329,09:46:39,31.95,6530141,2047,买盘
330,09:46:42,31.94,198055,62,中性盘
331,09:46:45,31.95,19168,6,中性盘
332,09:46:48,31.94,22364,7,卖盘
333,09:46:51,31.9,405318,127,卖盘
334,09:46:54,31.9,210521,66,买盘
335,09:46:57,31.9,165873,52,买盘
336,09:47:00,31.89,137147,43,卖盘
337,09:47:03,31.89,947280,297,卖盘
338,09:47:06,31.89,117989,37,买盘
339,09:47:09,31.88,589805,185,卖盘
340,09:47:12,31.89,602551,189,买盘
341,09:47:15,31.89,143466,45,买盘
342,09:47:18,31.89,28699,9,买盘
343,09:47:21,31.88,522832,164,卖盘
344,09:47:24,31.87,863666,271,卖盘
345,09:47:27,31.88,688333,216,买盘
346,09:47:30,31.86,691362,217,卖盘
347,09:47:33,31.87,216669,68,买盘
348,09:47:36,31.86,178416,56,卖盘
349,09:47:39,31.87,82857,26,买盘
350,09:47:42,31.86,133824,42,卖盘
351,09:47:45,31.87,70098,22,买盘
352,09:47:48,31.87,130664,41,卖盘
353,09:47:51,31.85,1022870,321,卖盘
354,09:47:54,31.86,38238,12,中性盘
355,09:47:57,31.86,133822,42,卖盘
356,09:48:00,31.86,178416,56,卖盘
357,09:48:03,31.86,213476,67,卖盘
358,09:48:06,31.86,328098,103,买盘
359,09:48:09,31.86,63713,20,买盘
360,09:48:12,31.86,226175,71,买盘
361,09:48:15,31.85,324927,102,卖盘
362,09:48:18,31.85,98753,31,卖盘
363,09:48:21,31.85,299407,94,卖盘
364,09:48:24,31.86,172044,54,买盘
365,09:48:27,31.87,57364,18,买盘
366,09:48:30,31.86,634022,199,卖盘
367,09:48:33,31.87,108334,34,买盘
368,09:48:36,31.86,41430,13,卖盘
369,09:48:39,31.87,223090,70,买盘
370,09:48:42,31.87,60553,19,买盘
371,09:48:45,31.87,114737,36,买盘
372,09:48:48,31.87,229467,72,卖盘
373,09:48:51,31.87,108358,34,卖盘
374,09:48:54,31.87,372860,117,卖盘
375,09:48:57,31.87,92410,29,买盘
376,09:49:00,31.87,140208,44,买盘
377,09:49:03,31.86,3564619,1119,卖盘
378,09:49:06,31.86,63716,20,买盘
379,09:49:09,31.87,184772,58,买盘
380,09:49:12,31.87,379187,119,买盘
381,09:49:15,31.86,66912,21,卖盘
382,09:49:18,31.88,63737,20,买盘
383,09:49:21,31.87,137056,43,中性盘
384,09:49:24,31.88,50998,16,买盘
385,09:49:27,31.87,28683,9,卖盘
386,09:49:30,31.88,15940,5,买盘
387,09:49:33,31.88,296484,93,买盘
388,09:49:36,31.88,124331,39,买盘
389,09:49:39,31.88,363432,114,买盘
390,09:49:42,31.85,2555904,802,卖盘
391,09:49:45,31.89,35069,11,中性盘
392,09:49:48,31.89,79713,25,卖盘
393,09:49:51,31.89,47824,15,买盘
394,09:49:54,31.88,105229,33,卖盘
395,09:49:57,31.89,15945,5,中性盘
396,09:50:00,31.89,51009,16,买盘
397,09:50:03,31.89,283745,89,买盘
398,09:50:06,31.89,159360,50,买盘
399,09:50:09,31.89,153052,48,买盘
400,09:50:12,31.89,22318,7,买盘
401,09:50:15,31.86,258243,81,卖盘
402,09:50:18,31.89,9567,3,买盘
403,09:50:21,31.88,114787,36,卖盘
404,09:50:24,31.88,108392,34,买盘
405,09:50:27,31.89,44634,14,买盘
406,09:50:30,31.89,105224,33,买盘
407,09:50:33,31.88,66945,21,卖盘
408,09:50:36,31.89,153040,48,买盘
409,09:50:39,31.88,111585,35,卖盘
410,09:50:42,31.87,197641,62,卖盘
411,09:50:45,31.87,35057,11,买盘
412,09:50:48,31.87,41431,13,买盘
413,09:50:51,31.86,15932,5,卖盘
414,09:50:54,31.86,70104,22,卖盘
415,09:50:57,31.87,509780,160,买盘
416,09:51:00,31.86,598968,188,卖盘
417,09:51:03,31.85,337713,106,卖盘
418,09:51:06,31.86,175219,55,买盘
419,09:51:09,31.86,70097,22,买盘
420,09:51:12,31.86,149719,47,买盘
421,09:51:15,31.85,95577,30,卖盘
422,09:51:18,31.86,44605,14,卖盘
423,09:51:21,31.87,410922,129,买盘
424,09:51:24,31.86,108324,34,卖盘
425,09:51:27,31.86,194344,61,买盘
426,09:51:30,31.86,136998,43,买盘
427,09:51:33,31.86,101951,32,买盘
428,09:51:36,31.86,124242,39,买盘
429,09:51:39,31.87,44613,14,买盘
430,09:51:42,31.86,38237,12,卖盘
431,09:51:45,31.87,98794,31,买盘
432,09:51:48,31.87,143415,45,买盘
433,09:51:51,31.87,149787,47,买盘
434,09:51:54,31.87,19122,6,买盘
435,09:51:57,31.87,66924,21,买盘
436,09:52:00,31.86,223020,70,卖盘
437,09:52:03,31.87,50992,16,买盘
438,09:52:06,31.86,146559,46,卖盘
439,09:52:09,31.86,19121,6,卖盘
440,09:52:12,31.86,270811,85,卖盘
441,09:52:15,31.86,324972,102,卖盘
442,09:52:18,31.86,232628,73,卖盘
443,09:52:21,31.87,50980,16,买盘
444,09:52:24,31.86,19116,6,卖盘
445,09:52:27,31.86,602163,189,卖盘
446,09:52:30,31.86,22302,7,买盘
447,09:52:33,31.86,707475,222,买盘
448,09:52:36,31.86,82836,26,卖盘
449,09:52:39,31.89,3189,1,买盘
450,09:52:42,31.89,54213,17,买盘
451,09:52:45,31.89,44646,14,卖盘
452,09:52:48,31.89,12756,4,卖盘
453,09:52:51,31.89,25518,8,卖盘
454,09:52:54,31.9,3190,1,买盘
455,09:52:57,31.9,6380,2,卖盘
456,09:53:00,31.91,28716,9,买盘
457,09:53:06,31.91,156360,49,卖盘
458,09:53:09,31.93,233010,73,买盘
459,09:53:12,31.91,70207,22,卖盘
460,09:53:15,31.92,114904,36,卖盘
461,09:53:18,31.93,102167,32,买盘
462,09:53:21,31.92,63872,20,卖盘
463,09:53:24,31.93,178752,56,中性盘
464,09:53:27,31.93,108562,34,卖盘
465,09:53:30,31.95,159750,50,买盘
466,09:53:33,31.96,9587,3,买盘
467,09:53:36,31.95,70307,22,卖盘
468,09:53:39,31.97,3197,1,买盘
469,09:53:42,31.97,57537,18,买盘
470,09:53:45,31.97,54349,17,卖盘
471,09:53:48,31.98,32620,10,买盘
472,09:53:51,32.0,127985,40,买盘
473,09:53:54,31.98,348544,109,卖盘
474,09:53:57,31.96,281357,88,卖盘
475,09:54:00,31.94,1498447,469,卖盘
476,09:54:03,31.96,728179,228,买盘
477,09:54:06,31.94,51122,16,中性盘
478,09:54:09,31.99,182279,57,买盘
479,09:54:12,31.95,639104,200,卖盘
480,09:54:15,31.97,19187,6,卖盘
481,09:54:18,31.96,3196,1,卖盘
482,09:54:27,31.96,99110,31,卖盘
483,09:54:30,31.96,9588,3,卖盘
484,09:54:33,31.96,239738,75,卖盘
485,09:54:36,31.97,67131,21,中性盘
486,09:54:39,31.97,153463,48,买盘
487,09:54:42,31.97,19182,6,卖盘
488,09:54:45,31.98,105534,33,买盘
489,09:54:51,31.99,134318,42,买盘
490,09:54:54,31.98,348582,109,卖盘
491,09:54:57,31.97,214258,67,卖盘
492,09:55:00,31.97,76732,24,卖盘
493,09:55:03,31.97,31979,10,卖盘
494,09:55:06,31.99,63979,20,买盘
495,09:55:12,31.98,102336,32,卖盘
496,09:55:15,31.97,9592,3,卖盘
497,09:55:18,31.98,447710,140,买盘
498,09:55:21,31.98,121519,38,买盘
499,09:55:24,31.98,127913,40,买盘
500,09:55:27,31.98,322994,101,买盘
501,09:55:30,31.97,12790,4,卖盘
502,09:55:33,31.96,121511,38,卖盘
503,09:55:36,31.98,3198,1,买盘
504,09:55:39,31.99,562859,176,买盘
505,09:55:42,31.99,102390,32,中性盘
506,09:55:45,32.0,19200,6,买盘
507,09:55:48,32.0,166400,52,买盘
508,09:55:51,32.0,73589,23,买盘
509,09:55:54,32.0,278397,87,买盘
510,09:55:57,32.0,102392,32,买盘
511,09:56:00,32.0,38400,12,买盘
512,09:56:03,32.0,256000,80,买盘
513,09:56:06,31.99,22394,7,卖盘
514,09:56:09,31.98,92781,29,卖盘
515,09:56:12,31.98,47973,15,卖盘
516,09:56:18,31.99,9597,3,买盘
517,09:56:21,31.98,175890,55,卖盘
518,09:56:24,31.97,15986,5,卖盘
519,09:56:27,31.97,147105,46,卖盘
520,09:56:33,31.99,115130,36,买盘
521,09:56:36,31.98,227165,71,卖盘
522,09:56:39,31.98,79950,25,卖盘
523,09:56:48,31.97,274942,86,卖盘
524,09:56:51,31.98,134286,42,买盘
525,09:56:54,31.97,6394,2,卖盘
526,09:56:57,31.98,6396,2,买盘
527,09:57:00,31.98,35178,11,买盘
528,09:57:03,31.97,51160,16,卖盘
529,09:57:06,31.98,12792,4,买盘
530,09:57:09,31.97,172639,54,卖盘
531,09:57:12,31.98,9594,3,买盘
532,09:57:15,31.97,22379,7,卖盘
533,09:57:18,31.98,211042,66,买盘
534,09:57:21,31.98,67158,21,买盘
535,09:57:24,31.97,217399,68,卖盘
536,09:57:33,31.99,9597,3,买盘
537,09:57:36,31.97,22385,7,卖盘
538,09:57:39,31.99,140755,44,买盘
539,09:57:42,31.98,15992,5,卖盘
540,09:57:45,31.97,322901,101,卖盘
541,09:57:48,31.99,3199,1,买盘
542,09:57:51,31.98,6396,2,卖盘
543,09:57:54,31.98,28782,9,买盘
544,09:57:57,31.99,28789,9,买盘
545,09:58:00,31.98,12792,4,卖盘
546,09:58:03,31.99,51174,16,买盘
547,09:58:06,31.99,35189,11,买盘
548,09:58:09,31.99,12795,4,买盘
549,09:58:12,31.98,15992,5,卖盘
550,09:58:15,31.99,15995,5,买盘
551,09:58:18,31.98,105535,33,卖盘
552,09:58:21,31.98,67158,21,买盘
553,09:58:24,31.99,345438,108,买盘
554,09:58:27,32.05,2400073,750,买盘
555,09:58:30,32.06,124997,39,买盘
556,09:58:33,32.05,112175,35,卖盘
557,09:58:36,32.06,57691,18,买盘
558,09:58:39,32.06,32060,10,买盘
559,09:58:42,32.06,118595,37,买盘
560,09:58:45,32.06,195531,61,买盘
561,09:58:51,32.06,201919,63,买盘
562,09:58:54,32.06,35265,11,买盘
563,09:58:57,32.06,160272,50,买盘
564,09:59:00,32.06,160236,50,买盘
565,09:59:03,32.03,172983,54,卖盘
566,09:59:06,32.03,6406,2,卖盘
567,09:59:09,32.01,294642,92,卖盘
568,09:59:12,32.0,310366,97,卖盘
569,09:59:15,31.98,6396,2,卖盘
570,09:59:18,31.99,76770,24,买盘
571,09:59:21,31.98,31980,10,卖盘
572,09:59:27,31.99,172739,54,买盘
573,09:59:30,31.98,326196,102,卖盘
574,09:59:33,31.98,63960,20,买盘
575,09:59:36,31.98,127910,40,买盘
576,09:59:39,31.98,6396,2,卖盘
577,09:59:42,31.98,57566,18,卖盘
578,09:59:45,31.98,3198,1,卖盘
579,09:59:48,31.97,1329885,416,卖盘
580,09:59:51,31.97,31970,10,买盘
581,09:59:54,31.96,3196,1,卖盘
582,09:59:57,31.96,12784,4,卖盘
583,10:00:00,31.97,92689,29,买盘
584,10:00:03,31.95,319559,100,卖盘
585,10:00:06,31.95,194897,61,卖盘
586,10:00:09,31.96,351545,110,买盘
587,10:00:12,31.96,83096,26,卖盘
588,10:00:15,31.96,47940,15,卖盘
589,10:00:18,31.97,147061,46,买盘
590,10:00:21,31.97,44745,14,买盘
591,10:00:24,31.98,140636,44,买盘
592,10:00:27,31.97,102280,32,中性盘
593,10:00:30,31.97,35165,11,买盘
594,10:00:36,31.96,15981,5,卖盘
595,10:00:39,31.96,15982,5,卖盘
596,10:00:42,31.97,28773,9,买盘
597,10:00:45,31.96,233310,73,卖盘
598,10:00:48,31.96,89488,28,买盘
599,10:00:51,31.97,166183,52,买盘
600,10:00:54,31.97,73527,23,买盘
601,10:00:57,31.97,54344,17,买盘
602,10:01:00,31.97,25572,8,买盘
603,10:01:03,31.97,57537,18,买盘
604,10:01:06,31.97,12788,4,买盘
605,10:01:09,31.97,57544,18,买盘
606,10:01:12,31.97,211001,66,买盘
607,10:01:15,31.97,239775,75,买盘
608,10:01:18,31.97,9591,3,买盘
609,10:01:21,31.96,204565,64,卖盘
610,10:01:24,31.96,380326,119,卖盘
611,10:01:27,31.96,60724,19,买盘
612,10:01:30,31.96,67115,21,买盘
613,10:01:33,31.95,19170,6,卖盘
614,10:01:36,31.95,76693,24,卖盘
615,10:01:39,31.96,111860,35,买盘
616,10:01:42,31.95,274810,86,卖盘
617,10:01:45,31.93,1597062,500,卖盘
618,10:01:48,31.94,22358,7,买盘
619,10:01:54,31.9,1126255,353,卖盘
620,10:01:57,31.9,539110,169,买盘
621,10:02:03,31.9,6382,2,卖盘
622,10:02:06,31.9,1689451,530,卖盘
623,10:02:09,31.88,9568,3,卖盘
624,10:02:12,31.88,57396,18,卖盘
625,10:02:15,31.88,296602,93,卖盘
626,10:02:18,31.89,6278364,1971,卖盘
627,10:02:21,31.9,19140,6,中性盘
628,10:02:24,31.9,79731,25,卖盘
629,10:02:27,31.9,38280,12,买盘
630,10:02:33,31.92,47878,15,买盘
631,10:02:36,31.9,15950,5,卖盘
632,10:02:39,31.9,76568,24,卖盘
633,10:02:48,31.9,264770,83,卖盘
634,10:02:51,31.92,15959,5,买盘
635,10:02:54,31.91,51067,16,卖盘
636,10:02:57,31.9,95710,30,卖盘
637,10:03:06,31.91,137233,43,卖盘
638,10:03:18,31.91,181887,57,买盘
639,10:03:21,31.91,169123,53,买盘
640,10:03:24,31.91,239325,75,买盘
641,10:03:27,31.9,954185,299,卖盘
642,10:03:30,31.93,67053,21,买盘
643,10:03:33,31.9,1601387,502,卖盘
644,10:03:36,31.91,51068,16,中性盘
645,10:03:39,31.93,15965,5,买盘
646,10:03:42,31.9,1595015,500,卖盘
647,10:03:45,31.91,79807,25,卖盘
648,10:03:48,31.91,35112,11,卖盘
649,10:03:54,31.9,733703,230,卖盘
650,10:03:57,31.9,178640,56,买盘
651,10:04:00,31.98,3102185,972,买盘
652,10:04:03,31.98,153483,48,买盘
653,10:04:09,31.97,137471,43,卖盘
654,10:04:15,31.97,159850,50,买盘
655,10:04:18,31.95,703232,220,卖盘
656,10:04:21,31.95,25560,8,买盘
657,10:04:27,31.96,12784,4,买盘
658,10:04:30,31.95,150165,47,卖盘
659,10:04:33,31.95,699705,219,买盘
660,10:04:39,31.95,268367,84,买盘
661,10:04:42,31.94,6388,2,卖盘
662,10:04:45,31.95,51118,16,买盘
663,10:04:48,31.95,15975,5,买盘
664,10:04:51,31.95,3195,1,买盘
665,10:04:54,31.95,54301,17,买盘
666,10:04:57,31.95,31950,10,买盘
667,10:05:00,31.94,140536,44,卖盘
668,10:05:03,31.93,3193,1,卖盘
669,10:05:06,31.95,95832,30,买盘
670,10:05:09,31.93,392884,123,卖盘
671,10:05:12,31.92,28736,9,卖盘
672,10:05:15,31.93,3193,1,卖盘
673,10:05:18,31.93,3193,1,卖盘
674,10:05:21,31.93,3193,1,卖盘
675,10:05:24,31.94,6388,2,卖盘
676,10:05:27,31.93,47908,15,卖盘
677,10:05:30,31.94,19164,6,买盘
678,10:05:33,31.94,102199,32,买盘
679,10:05:36,31.95,19170,6,买盘
680,10:05:39,31.95,230039,72,买盘
681,10:05:42,31.94,204447,64,卖盘
682,10:05:45,31.94,9582,3,买盘
683,10:05:48,31.94,95820,30,买盘
684,10:05:51,31.94,35134,11,买盘
685,10:05:54,31.93,274603,86,卖盘
686,10:05:57,31.93,31930,10,买盘
687,10:06:00,31.93,146834,46,买盘
688,10:06:06,31.93,31930,10,买盘
689,10:06:09,31.93,6386,2,买盘
690,10:06:12,31.92,92568,29,卖盘
691,10:06:15,31.92,9576,3,买盘
692,10:06:18,31.92,102124,32,买盘
693,10:06:21,31.92,124478,39,买盘
694,10:06:24,31.91,54247,17,卖盘
695,10:06:27,31.91,293674,92,卖盘
696,10:06:30,31.92,6384,2,买盘
697,10:06:33,31.92,6384,2,买盘
698,10:06:36,31.92,35112,11,买盘
699,10:06:39,31.92,31920,10,卖盘
700,10:06:42,31.93,12772,4,买盘
701,10:06:45,31.92,9576,3,卖盘
702,10:06:48,31.92,73416,23,卖盘
703,10:06:54,31.92,38304,12,卖盘
704,10:06:57,31.92,54264,17,卖盘
705,10:07:00,31.92,1958967,614,卖盘
706,10:07:03,31.92,19152,6,买盘
707,10:07:06,31.92,9576,3,买盘
708,10:07:09,31.92,22344,7,卖盘
709,10:07:12,31.92,6384,2,卖盘
710,10:07:15,31.92,41499,13,卖盘
711,10:07:18,31.9,162694,51,卖盘
712,10:07:21,31.93,15965,5,买盘
713,10:07:24,31.9,169072,53,卖盘
714,10:07:27,31.92,268028,84,买盘
715,10:07:30,31.9,25524,8,卖盘
716,10:07:33,31.9,242510,76,卖盘
717,10:07:36,31.89,449728,141,卖盘
718,10:07:39,31.89,293395,92,卖盘
719,10:07:42,31.89,28694,9,中性盘
720,10:07:45,31.89,44642,14,买盘
721,10:07:48,31.88,63765,20,卖盘
722,10:07:51,31.89,277371,87,买盘
723,10:07:54,31.88,302885,95,卖盘
724,10:07:57,31.89,223172,70,买盘
725,10:08:00,31.89,44633,14,买盘
726,10:08:03,31.88,156215,49,卖盘
727,10:08:06,31.88,38256,12,卖盘
728,10:08:09,31.88,41444,13,卖盘
729,10:08:12,31.88,66950,21,卖盘
730,10:08:15,31.89,175395,55,买盘
731,10:08:18,31.88,19128,6,卖盘
732,10:08:21,31.89,38268,12,买盘
733,10:08:24,31.89,31890,10,卖盘
734,10:08:27,31.89,3189,1,卖盘
735,10:08:30,31.89,31890,10,卖盘
736,10:08:33,31.89,31888,10,卖盘
737,10:08:36,31.88,82905,26,卖盘
738,10:08:39,31.89,25506,8,买盘
739,10:08:42,31.89,15942,5,买盘
740,10:08:45,31.89,35079,11,买盘
741,10:08:48,31.88,114768,36,卖盘
742,10:08:51,31.88,232726,73,卖盘
743,10:08:54,31.89,19129,6,买盘
744,10:08:57,31.88,15940,5,卖盘
745,10:09:00,31.88,12752,4,卖盘
746,10:09:03,31.88,19128,6,卖盘
747,10:09:06,31.88,60572,19,卖盘
748,10:09:09,31.89,31890,10,买盘
749,10:09:12,31.88,22319,7,卖盘
750,10:09:15,31.89,28700,9,买盘
751,10:09:18,31.89,3189,1,买盘
752,10:09:21,31.89,229603,72,买盘
753,10:09:24,31.89,35079,11,买盘
754,10:09:30,31.9,25520,8,买盘
755,10:09:33,31.89,47835,15,卖盘
756,10:09:45,31.9,6380,2,买盘
757,10:09:48,31.89,44664,14,卖盘
758,10:09:57,31.91,25528,8,买盘
759,10:10:00,31.9,9572,3,卖盘
760,10:10:03,31.93,105340,33,买盘
761,10:10:06,31.93,6386,2,买盘
762,10:10:09,31.93,201116,63,买盘
763,10:10:12,31.92,54269,17,卖盘
764,10:10:15,31.93,15965,5,买盘
765,10:10:18,31.93,51087,16,买盘
766,10:10:21,31.93,44702,14,买盘
767,10:10:24,31.92,22347,7,卖盘
768,10:10:27,31.92,6384,2,卖盘
769,10:10:30,31.92,28736,9,卖盘
770,10:10:33,31.93,51088,16,买盘
771,10:10:39,31.93,6386,2,卖盘
772,10:10:42,31.95,54315,17,买盘
773,10:10:45,31.95,12780,4,卖盘
774,10:10:48,31.95,3195,1,卖盘
775,10:11:00,31.97,41561,13,买盘
776,10:11:03,31.97,44758,14,卖盘
777,10:11:06,31.97,83122,26,卖盘
778,10:11:09,31.97,51162,16,卖盘
779,10:11:12,31.98,6396,2,买盘
780,10:11:15,31.96,652123,204,卖盘
781,10:11:18,31.95,67110,21,卖盘
782,10:11:21,32.01,518130,162,买盘
783,10:11:24,31.93,12775,4,卖盘
784,10:11:27,31.95,19170,6,中性盘
785,10:11:30,31.95,9585,3,卖盘
786,10:11:33,31.95,102241,32,卖盘
787,10:11:36,31.96,83095,26,买盘
788,10:11:42,31.96,9588,3,买盘
789,10:11:45,31.95,102263,32,卖盘
790,10:11:48,31.95,67095,21,买盘
791,10:11:51,31.95,3195,1,买盘
792,10:11:57,31.95,6390,2,买盘
793,10:12:00,31.95,3195,1,买盘
794,10:12:03,31.95,31950,10,买盘
795,10:12:06,31.94,70268,22,卖盘
796,10:12:09,31.93,12774,4,卖盘
797,10:12:12,31.94,25546,8,买盘
798,10:12:15,31.93,47895,15,卖盘
799,10:12:21,31.93,153276,48,卖盘
800,10:12:24,31.93,134106,42,卖盘
801,10:12:27,31.92,44688,14,卖盘
802,10:12:30,31.92,63840,20,卖盘
803,10:12:36,31.91,15955,5,卖盘
804,10:12:39,31.92,28728,9,买盘
805,10:12:42,31.91,3191,1,卖盘
806,10:12:45,31.91,3191,1,卖盘
807,10:12:48,31.91,172367,54,卖盘
808,10:12:51,31.91,721166,226,卖盘
809,10:12:54,31.91,19141,6,买盘
810,10:12:57,31.91,127636,40,买盘
811,10:13:00,31.9,63800,20,卖盘
812,10:13:03,31.91,3191,1,买盘
813,10:13:06,31.91,95720,30,买盘
814,10:13:09,31.92,9576,3,买盘
815,10:13:12,31.92,3192,1,买盘
816,10:13:15,31.93,92570,29,买盘
817,10:13:18,31.94,124542,39,买盘
818,10:13:21,31.94,44716,14,买盘
819,10:13:24,31.92,344781,108,卖盘
820,10:13:27,31.94,6388,2,中性盘
821,10:13:33,31.94,35144,11,卖盘
822,10:13:36,31.95,15975,5,买盘
823,10:13:39,31.92,67032,21,卖盘
824,10:13:42,31.95,6389,2,买盘
825,10:13:48,31.95,35145,11,买盘
826,10:13:51,31.95,22365,7,买盘
827,10:13:54,31.95,31950,10,买盘
828,10:13:57,31.95,3195,1,买盘
829,10:14:00,31.95,31950,10,买盘
830,10:14:03,31.94,22363,7,卖盘
831,10:14:06,31.92,57458,18,卖盘
832,10:14:09,31.92,70222,22,买盘
833,10:14:18,31.92,22342,7,买盘
834,10:14:21,31.91,19151,6,卖盘
835,10:14:24,31.92,22341,7,买盘
836,10:14:27,31.91,9574,3,卖盘
837,10:14:30,31.91,319103,100,卖盘
838,10:14:33,31.91,9573,3,买盘
839,10:14:39,31.91,54247,17,买盘
840,10:14:42,31.91,9573,3,买盘
841,10:14:45,31.91,19146,6,买盘
842,10:14:48,31.9,28715,9,卖盘
843,10:14:51,31.91,571189,179,买盘
844,10:14:54,31.91,70204,22,卖盘
845,10:14:57,31.91,28720,9,卖盘
846,10:15:09,31.91,31910,10,卖盘
847,10:15:12,31.91,67028,21,卖盘
848,10:15:15,31.91,6382,2,卖盘
849,10:15:18,31.92,41484,13,买盘
850,10:15:21,31.92,3192,1,买盘
851,10:15:24,31.92,102144,32,买盘
852,10:15:27,31.92,12768,4,买盘
853,10:15:30,31.92,6384,2,买盘
854,10:15:33,31.91,73393,23,卖盘
855,10:15:36,31.92,12766,4,买盘
856,10:15:39,31.92,3192,1,买盘
857,10:15:42,31.92,92566,29,买盘
858,10:15:45,31.91,47871,15,卖盘
859,10:15:48,31.92,54264,17,买盘
860,10:15:51,31.92,63840,20,买盘
861,10:15:54,31.91,335057,105,卖盘
862,10:15:57,31.91,124450,39,卖盘
863,10:16:00,31.9,1081410,339,卖盘
864,10:16:06,31.89,3189,1,卖盘
865,10:16:09,31.89,165878,52,卖盘
866,10:16:12,31.9,12760,4,买盘
867,10:16:18,31.9,47850,15,买盘
868,10:16:21,31.9,3190,1,买盘
869,10:16:24,31.9,41470,13,买盘
870,10:16:27,31.89,25513,8,卖盘
871,10:16:33,31.89,127563,40,卖盘
872,10:16:36,31.89,28705,9,卖盘
873,10:16:39,31.89,6378,2,卖盘
874,10:16:42,31.9,172216,54,买盘
875,10:16:45,31.89,57402,18,卖盘
876,10:16:48,31.9,395539,124,买盘
877,10:16:51,31.9,12759,4,买盘
878,10:16:54,31.9,194590,61,买盘
879,10:16:57,31.9,6380,2,卖盘
880,10:17:00,31.89,31899,10,卖盘
881,10:17:03,31.89,54221,17,卖盘
882,10:17:06,31.89,1087254,341,卖盘
883,10:17:09,31.88,41451,13,卖盘
884,10:17:12,31.88,98852,31,卖盘
885,10:17:15,31.88,12753,4,卖盘
886,10:17:18,31.88,28692,9,卖盘
887,10:17:21,31.88,35075,11,卖盘
888,10:17:24,31.89,3189,1,买盘
889,10:17:27,31.89,114769,36,买盘
890,10:17:30,31.88,28692,9,卖盘
891,10:17:33,31.89,28701,9,买盘
892,10:17:36,31.89,6378,2,买盘
893,10:17:39,31.88,41446,13,卖盘
894,10:17:42,31.89,15945,5,买盘
895,10:17:45,31.89,41456,13,买盘
896,10:17:48,31.89,9567,3,买盘
897,10:17:51,31.88,47828,15,卖盘
898,10:17:54,31.88,3188,1,卖盘
899,10:18:00,31.89,12758,4,卖盘
900,10:18:03,31.89,140317,44,卖盘
901,10:18:06,31.89,15945,5,卖盘
902,10:18:09,31.9,41459,13,买盘
903,10:18:12,31.88,31881,10,卖盘
904,10:18:15,31.9,3190,1,买盘
905,10:18:21,31.9,156310,49,买盘
906,10:18:24,31.88,1275527,400,卖盘
907,10:18:27,31.89,197718,62,中性盘
908,10:18:30,31.89,12758,4,中性盘
909,10:18:33,31.9,15950,5,卖盘
910,10:18:36,31.9,589909,185,中性盘
911,10:18:39,31.89,35089,11,中性盘
912,10:18:42,31.9,137166,43,买盘
913,10:18:45,31.91,76571,24,买盘
914,10:18:48,31.91,363771,114,买盘
915,10:18:51,31.9,22333,7,卖盘
916,10:18:54,31.91,516862,162,买盘
917,10:18:57,31.91,15955,5,买盘
918,10:19:00,31.91,105303,33,买盘
919,10:19:03,31.91,76575,24,买盘
920,10:19:06,31.9,47856,15,卖盘
921,10:19:09,31.91,31910,10,买盘
922,10:19:12,31.9,25520,8,卖盘
923,10:19:15,31.91,60620,19,买盘
924,10:19:18,31.91,31910,10,买盘
925,10:19:24,31.9,6380,2,卖盘
926,10:19:27,31.91,3191,1,买盘
927,10:19:30,31.91,47865,15,买盘
928,10:19:33,31.91,3191,1,买盘
929,10:19:36,31.9,6380,2,卖盘
930,10:19:39,31.91,15954,5,买盘
931,10:19:42,31.91,57421,18,买盘
932,10:19:45,31.9,35090,11,卖盘
933,10:19:48,31.9,66991,21,卖盘
934,10:19:51,31.91,35100,11,买盘
935,10:19:54,31.9,22332,7,卖盘
936,10:19:57,31.91,3191,1,买盘
937,10:20:00,31.91,9573,3,买盘
938,10:20:03,31.91,31910,10,买盘
939,10:20:06,31.9,44660,14,卖盘
940,10:20:09,31.9,133980,42,卖盘
941,10:20:12,31.91,98881,31,买盘
942,10:20:15,31.9,3190,1,买盘
943,10:20:18,31.9,3190,1,买盘
944,10:20:21,31.9,22330,7,买盘
945,10:20:24,31.9,70180,22,买盘
946,10:20:30,31.9,70180,22,卖盘
947,10:20:36,31.9,12760,4,卖盘
948,10:20:39,31.91,3191,1,买盘
949,10:20:48,31.9,220110,69,卖盘
950,10:20:51,31.9,6380,2,买盘
951,10:20:54,31.89,6378,2,卖盘
952,10:20:57,31.9,6380,2,买盘
953,10:21:06,31.9,15950,5,买盘
954,10:21:12,31.9,118030,37,买盘
955,10:21:21,31.9,108464,34,卖盘
956,10:21:27,31.9,3190,1,卖盘
957,10:21:36,31.9,344525,108,卖盘
958,10:21:39,31.9,47845,15,买盘
959,10:21:42,31.89,6378,2,卖盘
960,10:21:48,31.88,2968549,931,卖盘
961,10:21:51,31.87,503701,158,卖盘
962,10:21:54,31.87,66940,21,卖盘
963,10:21:57,31.88,210408,66,买盘
964,10:22:00,31.88,172152,54,卖盘
965,10:22:03,31.9,325098,102,买盘
966,10:22:06,31.88,28694,9,卖盘
967,10:22:09,31.88,25509,8,卖盘
968,10:22:15,31.89,9567,3,买盘
969,10:22:18,31.88,9566,3,卖盘
970,10:22:21,31.88,79715,25,卖盘
971,10:22:24,31.89,3189,1,买盘
972,10:22:27,31.89,382592,120,买盘
973,10:22:30,31.89,63780,20,买盘
974,10:22:33,31.88,98828,31,卖盘
975,10:22:36,31.88,130708,41,买盘
976,10:22:39,31.88,44632,14,买盘
977,10:22:42,31.88,73324,23,买盘
978,10:22:45,31.88,44632,14,买盘
979,10:22:48,31.88,9563,3,买盘
980,10:22:51,31.88,38256,12,买盘
981,10:22:57,31.87,200839,63,卖盘
982,10:23:00,31.88,137084,43,买盘
983,10:23:03,31.87,637434,200,卖盘
984,10:23:06,31.87,254960,80,卖盘
985,10:23:09,31.88,3188,1,买盘
986,10:23:12,31.88,114749,36,买盘
987,10:23:15,31.9,82923,26,买盘
988,10:23:18,31.9,6380,2,买盘
989,10:23:24,31.88,127521,40,卖盘
990,10:23:27,31.88,12752,4,卖盘
991,10:23:33,31.89,12756,4,卖盘
992,10:23:36,31.9,3190,1,买盘
993,10:23:42,31.9,38270,12,买盘
994,10:23:45,31.89,63796,20,卖盘
995,10:23:48,31.9,6380,2,买盘
996,10:23:51,31.9,3190,1,买盘
997,10:23:54,31.9,283910,89,买盘
998,10:23:57,31.9,41470,13,卖盘
999,10:24:00,31.9,6380,2,买盘
1000,10:24:03,31.89,149883,47,卖盘
1001,10:24:06,31.89,9567,3,买盘
1002,10:24:09,31.89,44646,14,买盘
1003,10:24:12,31.88,127520,40,卖盘
1004,10:24:15,31.88,28696,9,卖盘
1005,10:24:18,31.88,28697,9,卖盘
1006,10:24:24,31.88,350781,110,卖盘
1007,10:24:27,31.88,127520,40,卖盘
1008,10:24:30,31.89,41457,13,买盘
1009,10:24:33,31.88,264604,83,卖盘
1010,10:24:36,31.89,6378,2,买盘
1011,10:24:45,31.89,19134,6,买盘
1012,10:24:48,31.88,31887,10,卖盘
1013,10:24:51,31.88,82888,26,卖盘
1014,10:24:54,31.89,3189,1,买盘
1015,10:24:57,31.89,3189,1,买盘
1016,10:25:00,31.89,3189,1,买盘
1017,10:25:09,31.89,9566,3,买盘
1018,10:25:12,31.88,1109425,348,卖盘
1019,10:25:15,31.88,3188,1,买盘
1020,10:25:21,31.87,35066,11,卖盘
1021,10:25:30,31.88,82888,26,买盘
1022,10:25:36,31.88,63760,20,卖盘
1023,10:25:39,31.88,9564,3,卖盘
1024,10:25:42,31.88,25504,8,卖盘
1025,10:25:45,31.88,35068,11,买盘
1026,10:25:48,31.88,15940,5,买盘
1027,10:25:54,31.88,219972,69,买盘
1028,10:25:57,31.88,38256,12,买盘
1029,10:26:00,31.88,19128,6,买盘
1030,10:26:03,31.88,15938,5,买盘
1031,10:26:06,31.88,22316,7,卖盘
1032,10:26:09,31.88,15940,5,买盘
1033,10:26:12,31.87,152979,48,卖盘
1034,10:26:15,31.88,3188,1,买盘
1035,10:26:21,31.87,3187,1,卖盘
1036,10:26:24,31.88,6376,2,买盘
1037,10:26:30,31.88,3188,1,买盘
1038,10:26:39,31.88,50993,16,买盘
1039,10:26:42,31.88,92425,29,买盘
1040,10:26:45,31.88,31880,10,买盘
1041,10:26:48,31.87,6374,2,卖盘
1042,10:26:54,31.87,9561,3,卖盘
1043,10:26:57,31.88,60572,19,买盘
1044,10:27:03,31.88,60555,19,买盘
1045,10:27:06,31.87,516297,162,卖盘
1046,10:27:09,31.87,376059,118,卖盘
1047,10:27:12,31.86,82836,26,卖盘
1048,10:27:15,31.87,822193,258,买盘
1049,10:27:21,31.86,9559,3,卖盘
1050,10:27:24,31.86,60545,19,卖盘
1051,10:27:36,31.87,3187,1,买盘
1052,10:27:39,31.86,28676,9,卖盘
1053,10:27:42,31.88,669271,210,买盘
1054,10:27:45,31.88,6376,2,买盘
1055,10:27:48,31.87,60553,19,卖盘
1056,10:27:51,31.88,22316,7,买盘
1057,10:27:54,31.87,9561,3,卖盘
1058,10:27:57,31.88,31880,10,买盘
1059,10:28:03,31.87,12749,4,卖盘
1060,10:28:06,31.88,3188,1,买盘
1061,10:28:09,31.88,334650,105,买盘
1062,10:28:12,31.88,25504,8,买盘
1063,10:28:15,31.88,25504,8,买盘
1064,10:28:18,31.88,73324,23,买盘
1065,10:28:21,31.88,9564,3,买盘
1066,10:28:24,31.87,41434,13,卖盘
1067,10:28:27,31.88,28692,9,买盘
1068,10:28:30,31.88,12752,4,买盘
1069,10:28:33,31.88,15940,5,买盘
1070,10:28:36,31.88,9564,3,买盘
1071,10:28:39,31.88,9562,3,买盘
1072,10:28:42,31.88,3188,1,买盘
1073,10:28:51,31.88,9565,3,卖盘
1074,10:28:54,31.88,12752,4,卖盘
1075,10:28:57,31.9,89293,28,买盘
1076,10:29:00,31.89,57411,18,中性盘
1077,10:29:03,31.89,9567,3,中性盘
1078,10:29:06,31.88,175340,55,卖盘
1079,10:29:09,31.88,3188,1,买盘
1080,10:29:12,31.88,19128,6,买盘
1081,10:29:15,31.88,12750,4,买盘
1082,10:29:18,31.88,656559,206,买盘
1083,10:29:24,31.89,25507,8,买盘
1084,10:29:30,31.88,9564,3,卖盘
1085,10:29:33,31.88,63760,20,卖盘
1086,10:29:36,31.88,19132,6,卖盘
1087,10:29:39,31.88,108392,34,卖盘
1088,10:29:42,31.88,341122,107,买盘
1089,10:29:45,31.88,15940,5,买盘
1090,10:29:48,31.88,9562,3,买盘
1091,10:29:51,31.88,38256,12,买盘
1092,10:29:54,31.88,162538,51,买盘
1093,10:29:57,31.87,283643,89,卖盘
1094,10:30:00,31.87,105171,33,买盘
1095,10:30:03,31.87,6374,2,买盘
1096,10:30:06,31.87,130667,41,买盘
1097,10:30:09,31.87,28690,9,卖盘
1098,10:30:15,31.88,3188,1,买盘
1099,10:30:18,31.87,159355,50,卖盘
1100,10:30:21,31.88,79663,25,买盘
1101,10:30:24,31.87,76491,24,中性盘
1102,10:30:27,31.87,19122,6,买盘
1103,10:30:30,31.87,223090,70,买盘
1104,10:30:33,31.87,35057,11,卖盘
1105,10:30:39,31.85,5861076,1840,卖盘
1106,10:30:45,31.85,70052,22,买盘
1107,10:30:48,31.84,3184,1,卖盘
1108,10:30:51,31.85,235690,74,买盘
1109,10:30:54,31.84,19108,6,卖盘
1110,10:30:57,31.84,117832,37,卖盘
1111,10:31:00,31.84,44586,14,卖盘
1112,10:31:03,31.84,270640,85,卖盘
1113,10:31:06,31.85,41405,13,买盘
1114,10:31:09,31.84,89152,28,卖盘
1115,10:31:12,31.85,47772,15,买盘
1116,10:31:15,31.84,124208,39,卖盘
1117,10:31:21,31.85,3185,1,卖盘
1118,10:31:24,31.85,197470,62,卖盘
1119,10:31:27,31.85,3185,1,买盘
1120,10:31:30,31.85,124206,39,买盘
1121,10:31:33,31.85,54145,17,买盘
1122,10:31:36,31.85,6370,2,卖盘
1123,10:31:39,31.85,3185,1,卖盘
1124,10:31:42,31.86,31860,10,买盘
1125,10:31:45,31.86,254848,80,买盘
1126,10:31:48,31.86,25488,8,买盘
1127,10:31:51,31.86,31860,10,买盘
1128,10:31:54,31.86,15930,5,买盘
1129,10:31:57,31.85,869540,273,卖盘
1130,10:32:03,31.87,47805,15,买盘
1131,10:32:06,31.88,86042,27,买盘
1132,10:32:09,31.88,156120,49,买盘
1133,10:32:15,31.88,3188,1,买盘
1134,10:32:21,31.87,404697,127,卖盘
1135,10:32:24,31.86,38239,12,卖盘
1136,10:32:27,31.88,6375,2,中性盘
1137,10:32:30,31.88,9564,3,卖盘
1138,10:32:33,31.87,76509,24,卖盘
1139,10:32:39,31.87,143413,45,买盘
1140,10:32:45,31.88,22316,7,买盘
1141,10:32:48,31.87,6374,2,卖盘
1142,10:32:54,31.87,219903,69,卖盘
1143,10:32:57,31.88,15940,5,买盘
1144,10:33:00,31.88,25503,8,买盘
1145,10:33:03,31.88,60574,19,卖盘
1146,10:33:06,31.88,22316,7,卖盘
1147,10:33:09,31.88,124317,39,卖盘
1148,10:33:12,31.88,15941,5,卖盘
1149,10:33:15,31.89,181698,57,买盘
1150,10:33:18,31.89,341206,107,买盘
1151,10:33:21,31.89,19134,6,中性盘
1152,10:33:27,31.89,28701,9,买盘
1153,10:33:30,31.86,181663,57,卖盘
1154,10:33:33,31.89,31890,10,买盘
1155,10:33:36,31.87,3187,1,卖盘
1156,10:33:39,31.89,15943,5,买盘
1157,10:33:42,31.89,50979,16,买盘
1158,10:33:45,31.88,6377,2,卖盘
1159,10:33:54,31.89,6378,2,卖盘
1160,10:33:57,31.89,28701,9,卖盘
1161,10:34:00,31.88,19131,6,卖盘
1162,10:34:09,31.88,51008,16,卖盘
1163,10:34:12,31.88,312424,98,买盘
1164,10:34:15,31.89,28701,9,买盘
1165,10:34:21,31.89,70158,22,买盘
1166,10:34:27,31.88,184919,58,卖盘
1167,10:34:33,31.89,15945,5,卖盘
1168,10:34:39,31.88,95657,30,卖盘
1169,10:34:42,31.89,31890,10,中性盘
1170,10:34:45,31.87,117936,37,卖盘
1171,10:34:51,31.9,287017,90,买盘
1172,10:34:54,31.89,38277,12,中性盘
1173,10:34:57,31.89,12756,4,卖盘
1174,10:35:00,31.89,3189,1,卖盘
1175,10:35:09,31.89,172234,54,卖盘
1176,10:35:12,31.89,3189,1,买盘
1177,10:35:15,31.89,73327,23,买盘
1178,10:35:18,31.88,86090,27,卖盘
1179,10:35:21,31.88,95650,30,卖盘
1180,10:35:24,31.88,22316,7,卖盘
1181,10:35:27,31.89,31890,10,买盘
1182,10:35:30,31.87,19125,6,卖盘
1183,10:35:36,31.88,146648,46,买盘
1184,10:35:39,31.87,124298,39,卖盘
1185,10:35:42,31.87,127480,40,买盘
1186,10:35:45,31.87,9561,3,买盘
1187,10:35:48,31.87,15935,5,买盘
1188,10:35:51,31.87,3187,1,买盘
1189,10:35:54,31.86,165672,52,卖盘
1190,10:35:57,31.87,70114,22,买盘
1191,10:36:00,31.86,729594,229,卖盘
1192,10:36:03,31.86,305856,96,买盘
1193,10:36:06,31.85,3185,1,卖盘
1194,10:36:09,31.86,108324,34,买盘
1195,10:36:12,31.85,544643,171,卖盘
1196,10:36:15,31.86,89208,28,买盘
1197,10:36:18,31.85,47775,15,卖盘
1198,10:36:21,31.85,22295,7,卖盘
1199,10:36:24,31.85,133775,42,卖盘
1200,10:36:27,31.85,15926,5,卖盘
1201,10:36:33,31.86,28674,9,买盘
1202,10:36:36,31.85,47780,15,卖盘
1203,10:36:42,31.85,187916,59,卖盘
1204,10:36:45,31.86,9558,3,买盘
1205,10:36:48,31.86,50976,16,买盘
1206,10:36:51,31.86,3186,1,买盘
1207,10:36:54,31.86,70072,22,买盘
1208,10:36:57,31.85,589226,185,卖盘
1209,10:37:00,31.85,73255,23,买盘
1210,10:37:03,31.85,105086,33,买盘
1211,10:37:06,31.85,60515,19,买盘
1212,10:37:09,31.85,22295,7,买盘
1213,10:37:12,31.85,28665,9,买盘
1214,10:37:15,31.84,6369,2,卖盘
1215,10:37:18,31.85,19106,6,买盘
1216,10:37:21,31.85,15925,5,买盘
1217,10:37:24,31.85,6370,2,买盘
1218,10:37:27,31.84,1047536,329,卖盘
1219,10:37:30,31.84,22288,7,买盘
1220,10:37:33,31.85,22293,7,买盘
1221,10:37:39,31.85,28665,9,买盘
1222,10:37:42,31.84,60496,19,卖盘
1223,10:37:45,31.85,44577,14,买盘
1224,10:37:51,31.85,38214,12,买盘
1225,10:37:54,31.85,25480,8,买盘
1226,10:37:57,31.84,41403,13,卖盘
1227,10:38:00,31.85,321685,101,买盘
1228,10:38:03,31.86,25487,8,买盘
1229,10:38:06,31.85,31850,10,卖盘
1230,10:38:09,31.86,44604,14,买盘
1231,10:38:12,31.86,12744,4,卖盘
1232,10:38:18,31.86,12744,4,卖盘
1233,10:38:21,31.86,86022,27,卖盘
1234,10:38:24,31.85,12740,4,卖盘
1235,10:38:27,31.86,130615,41,买盘
1236,10:38:30,31.85,63700,20,卖盘
1237,10:38:33,31.85,54140,17,买盘
1238,10:38:36,31.84,28656,9,卖盘
1239,10:38:39,31.85,140125,44,买盘
1240,10:38:42,31.85,1614228,507,卖盘
1241,10:38:45,31.85,79625,25,中性盘
1242,10:38:48,31.85,50959,16,卖盘
1243,10:38:51,31.85,155996,49,买盘
1244,10:38:54,31.85,28665,9,买盘
1245,10:38:57,31.84,41400,13,卖盘
1246,10:39:00,31.84,12736,4,买盘
1247,10:39:03,31.85,31841,10,买盘
1248,10:39:06,31.81,9672885,3041,卖盘
1249,10:39:09,31.81,92243,29,买盘
1250,10:39:21,31.82,92265,29,买盘
1251,10:39:27,31.82,15908,5,买盘
1252,10:39:33,31.82,12728,4,买盘
1253,10:39:36,31.81,3205573,1008,卖盘
1254,10:39:39,31.81,60439,19,卖盘
1255,10:39:42,31.81,28629,9,买盘
1256,10:39:45,31.79,499256,157,卖盘
1257,10:39:48,31.79,38149,12,卖盘
1258,10:39:51,31.8,44520,14,买盘
1259,10:39:57,31.8,232081,73,买盘
1260,10:40:00,31.79,362407,114,卖盘
1261,10:40:03,31.79,111267,35,卖盘
1262,10:40:06,31.79,133518,42,买盘
1263,10:40:09,31.8,607226,191,买盘
1264,10:40:12,31.79,9539,3,中性盘
1265,10:40:15,31.78,330543,104,卖盘
1266,10:40:18,31.78,34962,11,卖盘
1267,10:40:21,31.78,371890,117,卖盘
1268,10:40:24,31.8,9540,3,买盘
1269,10:40:27,31.79,54042,17,卖盘
1270,10:40:30,31.79,162179,51,卖盘
1271,10:40:39,31.79,12716,4,卖盘
1272,10:40:42,31.8,50880,16,买盘
1273,10:40:45,31.79,19075,6,卖盘
1274,10:40:51,31.79,47698,15,卖盘
1275,10:40:54,31.79,254323,80,卖盘
1276,10:40:57,31.79,108086,34,买盘
1277,10:41:00,31.78,31787,10,卖盘
1278,10:41:03,31.79,34971,11,买盘
1279,10:41:06,31.79,38150,12,卖盘
1280,10:41:09,31.8,44515,14,买盘
1281,10:41:12,31.79,19077,6,卖盘
1282,10:41:15,31.79,346522,109,卖盘
1283,10:41:18,31.8,111298,35,买盘
1284,10:41:21,31.79,34970,11,卖盘
1285,10:41:24,31.8,3180,1,买盘
1286,10:41:27,31.79,114462,36,卖盘
1287,10:41:33,31.8,6360,2,买盘
1288,10:41:36,31.8,34980,11,买盘
1289,10:41:39,31.8,9540,3,买盘
1290,10:41:42,31.79,31798,10,卖盘
1291,10:41:45,31.8,413394,130,买盘
1292,10:41:48,31.8,15900,5,买盘
1293,10:41:51,31.8,6360,2,买盘
1294,10:41:54,31.79,416471,131,卖盘
1295,10:41:57,31.81,6362,2,买盘
1296,10:42:00,31.8,95400,30,卖盘
1297,10:42:03,31.81,6362,2,买盘
1298,10:42:12,31.81,6362,2,买盘
1299,10:42:15,31.81,44534,14,买盘
1300,10:42:18,31.8,63612,20,卖盘
1301,10:42:21,31.8,50881,16,卖盘
1302,10:42:24,31.8,47700,15,卖盘
1303,10:42:27,31.81,44521,14,买盘
1304,10:42:30,31.8,76320,24,卖盘
1305,10:42:33,31.8,19080,6,买盘
1306,10:42:36,31.8,31800,10,买盘
1307,10:42:39,31.8,152631,48,买盘
1308,10:42:42,31.8,50876,16,买盘
1309,10:42:45,31.8,15900,5,卖盘
1310,10:42:48,31.8,120819,38,卖盘
1311,10:42:51,31.8,12720,4,买盘
1312,10:42:54,31.8,114480,36,买盘
1313,10:42:57,31.8,152600,48,买盘
1314,10:43:00,31.8,3180,1,买盘
1315,10:43:03,31.8,9540,3,买盘
1316,10:43:06,31.8,254396,80,买盘
1317,10:43:09,31.79,66771,21,卖盘
1318,10:43:12,31.8,19080,6,买盘
1319,10:43:15,31.8,3180,1,买盘
1320,10:43:18,31.8,19076,6,买盘
1321,10:43:21,31.8,174880,55,买盘
1322,10:43:24,31.8,44520,14,买盘
1323,10:43:27,31.8,50875,16,买盘
1324,10:43:30,31.8,76318,24,买盘
1325,10:43:33,31.8,44520,14,买盘
1326,10:43:39,31.81,50890,16,买盘
1327,10:43:42,31.81,22268,7,卖盘
1328,10:43:45,31.8,69963,22,卖盘
1329,10:43:51,31.81,25448,8,买盘
1330,10:43:54,31.81,9543,3,买盘
1331,10:43:57,31.81,6362,2,买盘
1332,10:44:00,31.8,286216,90,卖盘
1333,10:44:03,31.81,31810,10,卖盘
1334,10:44:06,31.82,28638,9,买盘
1335,10:44:12,31.81,22267,7,卖盘
1336,10:44:15,31.82,38184,12,买盘
1337,10:44:21,31.82,3182,1,买盘
1338,10:44:24,31.82,44548,14,买盘
1339,10:44:33,31.82,356384,112,卖盘
1340,10:44:39,31.82,57276,18,买盘
1341,10:44:42,31.82,41366,13,买盘
1342,10:44:45,31.82,47720,15,买盘
1343,10:44:48,31.82,76368,24,买盘
1344,10:44:51,31.82,32393,10,买盘
1345,10:44:54,31.83,12732,4,买盘
1346,10:44:57,31.82,9546,3,卖盘
1347,10:45:00,31.82,41366,13,卖盘
1348,10:45:03,31.82,6364,2,卖盘
1349,10:45:06,31.83,35007,11,买盘
1350,10:45:09,31.83,3183,1,买盘
1351,10:45:12,31.83,63660,20,买盘
1352,10:45:15,31.83,15918,5,卖盘
1353,10:45:24,31.82,3156600,992,卖盘
1354,10:45:30,31.84,35021,11,买盘
1355,10:45:33,31.84,6368,2,卖盘
1356,10:45:36,31.84,28652,9,买盘
1357,10:45:39,31.83,6366,2,卖盘
1358,10:45:42,31.84,9552,3,买盘
1359,10:45:45,31.83,28647,9,卖盘
1360,10:45:48,31.84,12736,4,买盘
1361,10:45:51,31.83,22284,7,卖盘
1362,10:45:54,31.83,19099,6,卖盘
1363,10:45:57,31.84,6368,2,买盘
1364,10:46:00,31.84,19104,6,买盘
1365,10:46:03,31.83,15919,5,卖盘
1366,10:46:24,31.84,12736,4,卖盘
1367,10:46:30,31.85,178288,56,买盘
1368,10:46:33,31.84,12736,4,中性盘
1369,10:46:39,31.84,12736,4,买盘
1370,10:46:42,31.84,12736,4,买盘
1371,10:46:48,31.85,19110,6,买盘
1372,10:46:51,31.85,261170,82,卖盘
1373,10:46:54,31.84,152832,48,卖盘
1374,10:47:03,31.83,3183,1,卖盘
1375,10:47:06,31.84,12736,4,买盘
1376,10:47:09,31.83,54111,17,卖盘
1377,10:47:12,31.84,38208,12,买盘
1378,10:47:21,31.84,15920,5,买盘
1379,10:47:24,31.84,22288,7,买盘
1380,10:47:27,31.84,22288,7,买盘
1381,10:47:30,31.84,9552,3,买盘
1382,10:47:39,31.83,38199,12,卖盘
1383,10:47:42,31.84,82776,26,买盘
1384,10:47:45,31.84,19104,6,买盘
1385,10:47:48,31.84,15920,5,买盘
1386,10:47:51,31.83,31830,10,卖盘
1387,10:47:54,31.84,28656,9,买盘
1388,10:47:57,31.83,9549,3,卖盘
1389,10:48:03,31.84,9552,3,买盘
1390,10:48:09,31.84,12736,4,买盘
1391,10:48:12,31.83,989913,311,卖盘
1392,10:48:15,31.81,559926,176,卖盘
1393,10:48:18,31.81,101792,32,卖盘
1394,10:48:21,31.8,152644,48,卖盘
1395,10:48:24,31.8,60420,19,卖盘
1396,10:48:27,31.81,38164,12,买盘
1397,10:48:30,31.8,57240,18,卖盘
1398,10:48:33,31.8,63611,20,卖盘
1399,10:48:36,31.8,318000,100,卖盘
1400,10:48:39,31.8,22260,7,卖盘
1401,10:48:42,31.8,38160,12,卖盘
1402,10:48:45,31.8,57240,18,卖盘
1403,10:48:51,31.81,178154,56,买盘
1404,10:49:03,31.81,200407,63,卖盘
1405,10:49:06,31.81,6362,2,中性盘
1406,10:49:09,31.82,9545,3,买盘
1407,10:49:12,31.82,50887,16,买盘
1408,10:49:15,31.8,263946,83,卖盘
1409,10:49:18,31.82,25451,8,买盘
1410,10:49:27,31.81,108154,34,卖盘
1411,10:49:30,31.81,133602,42,买盘
1412,10:49:33,31.81,127273,40,买盘
1413,10:49:36,31.82,35011,11,卖盘
1414,10:49:39,31.82,254560,80,卖盘
1415,10:49:42,31.81,127277,40,卖盘
1416,10:49:48,31.83,28640,9,买盘
1417,10:49:51,31.82,12730,4,卖盘
1418,10:50:03,31.82,82732,26,卖盘
1419,10:50:06,31.82,28638,9,卖盘
1420,10:50:09,31.82,63640,20,买盘
1421,10:50:15,31.82,25456,8,买盘
1422,10:50:18,31.81,15908,5,卖盘
1423,10:50:21,31.82,9544,3,买盘
1424,10:50:30,31.81,327643,103,卖盘
1425,10:50:33,31.81,15905,5,买盘
1426,10:50:39,31.81,3181,1,买盘
1427,10:50:42,31.81,44534,14,买盘
1428,10:50:45,31.81,251299,79,买盘
1429,10:50:48,31.81,3181,1,卖盘
1430,10:50:51,31.81,15905,5,卖盘
1431,10:50:54,31.81,3181,1,卖盘
1432,10:50:57,31.82,15910,5,买盘
1433,10:51:03,31.81,12724,4,卖盘
1434,10:51:09,31.81,6362,2,卖盘
1435,10:51:15,31.81,19089,6,卖盘
1436,10:51:18,31.81,9543,3,卖盘
1437,10:51:21,31.81,159070,50,卖盘
1438,10:51:27,31.81,222670,70,卖盘
1439,10:51:33,31.81,136783,43,卖盘
1440,10:51:39,31.81,28629,9,买盘
1441,10:51:42,31.81,9543,3,买盘
1442,10:51:45,31.8,41350,13,卖盘
1443,10:51:48,31.8,66781,21,卖盘
1444,10:51:57,31.8,63611,20,卖盘
1445,10:52:00,31.8,22260,7,卖盘
1446,10:52:03,31.81,41347,13,买盘
1447,10:52:12,31.81,31806,10,买盘
1448,10:52:15,31.81,15905,5,买盘
1449,10:52:18,31.81,22267,7,卖盘
1450,10:52:24,31.82,9546,3,买盘
1451,10:52:27,31.82,9545,3,买盘
1452,10:52:33,31.81,79523,25,卖盘
1453,10:52:39,31.8,60422,19,卖盘
1454,10:52:42,31.81,101792,32,买盘
1455,10:52:45,31.81,9543,3,中性盘
1456,10:52:48,31.8,50888,16,卖盘
1457,10:52:51,31.8,9540,3,卖盘
1458,10:52:54,31.82,28632,9,买盘
1459,10:53:00,31.8,636003,200,卖盘
1460,10:53:03,31.81,3181,1,中性盘
1461,10:53:09,31.8,25442,8,卖盘
1462,10:53:12,31.8,209895,66,卖盘
1463,10:53:15,31.8,79500,25,中性盘
1464,10:53:18,31.79,3179,1,卖盘
1465,10:53:21,31.8,3180,1,买盘
1466,10:53:24,31.8,6360,2,卖盘
1467,10:53:30,31.81,3181,1,买盘
1468,10:53:36,31.8,15900,5,卖盘
1469,10:53:42,31.81,15903,5,买盘
1470,10:53:45,31.81,6362,2,买盘
1471,10:53:51,31.81,9543,3,买盘
1472,10:53:54,31.81,38161,12,中性盘
1473,10:53:57,31.81,63615,20,卖盘
1474,10:54:03,31.81,3181,1,卖盘
1475,10:54:06,31.8,22260,7,卖盘
1476,10:54:09,31.8,25442,8,卖盘
1477,10:54:12,31.79,432485,136,卖盘
1478,10:54:15,31.79,19074,6,卖盘
1479,10:54:18,31.8,136738,43,买盘
1480,10:54:21,31.8,6360,2,卖盘
1481,10:54:24,31.82,15907,5,买盘
1482,10:54:27,31.8,114480,36,卖盘
1483,10:54:30,31.79,22254,7,卖盘
1484,10:54:36,31.8,9540,3,买盘
1485,10:54:39,31.79,66779,21,卖盘
1486,10:54:42,31.8,6360,2,买盘
1487,10:54:45,31.8,28620,9,买盘
1488,10:54:48,31.79,19075,6,卖盘
1489,10:54:54,31.8,57237,18,买盘
1490,10:54:57,31.79,85833,27,卖盘
1491,10:55:00,31.8,66780,21,买盘
1492,10:55:06,31.79,38148,12,卖盘
1493,10:55:09,31.79,155771,49,卖盘
1494,10:55:12,31.8,66767,21,买盘
1495,10:55:15,31.79,69938,22,卖盘
1496,10:55:18,31.8,41337,13,买盘
1497,10:55:21,31.79,25432,8,卖盘
1498,10:55:24,31.77,4884930,1537,卖盘
1499,10:55:27,31.76,1569012,494,卖盘
1500,10:55:30,31.76,168413,53,卖盘
1501,10:55:33,31.77,15881,5,买盘
1502,10:55:36,31.76,38123,12,卖盘
1503,10:55:42,31.77,155625,49,买盘
1504,10:55:48,31.76,9529,3,卖盘
1505,10:55:51,31.76,92111,29,卖盘
1506,10:55:54,31.76,95261,30,卖盘
1507,10:55:57,31.76,69870,22,卖盘
1508,10:56:00,31.75,69866,22,卖盘
1509,10:56:03,31.75,257197,81,卖盘
1510,10:56:06,31.75,165105,52,卖盘
1511,10:56:09,31.76,41286,13,买盘
1512,10:56:12,31.77,92112,29,买盘
1513,10:56:21,31.75,660401,208,卖盘
1514,10:56:24,31.75,25400,8,卖盘
1515,10:56:27,31.75,34925,11,卖盘
1516,10:56:30,31.76,15880,5,买盘
1517,10:56:33,31.75,12700,4,卖盘
1518,10:56:36,31.75,581025,183,卖盘
1519,10:56:39,31.76,76224,24,买盘
1520,10:56:42,31.75,15875,5,卖盘
1521,10:56:45,31.75,920753,290,卖盘
1522,10:56:48,31.75,123770,39,中性盘
1523,10:56:54,31.75,3175,1,买盘
1524,10:57:00,31.74,38082,12,买盘
1525,10:57:06,31.73,25382,8,卖盘
1526,10:57:09,31.72,22209,7,卖盘
1527,10:57:12,31.73,161773,51,买盘
1528,10:57:18,31.72,120538,38,卖盘
1529,10:57:21,31.73,9518,3,买盘
1530,10:57:24,31.72,288721,91,卖盘
1531,10:57:27,31.75,9525,3,买盘
1532,10:57:30,31.73,63460,20,卖盘
1533,10:57:33,31.73,12692,4,卖盘
1534,10:57:36,31.73,136438,43,卖盘
1535,10:57:39,31.72,231566,73,卖盘
1536,10:57:42,31.73,22211,7,买盘
1537,10:57:45,31.73,50768,16,买盘
1538,10:57:48,31.73,174515,55,买盘
1539,10:57:51,31.72,28556,9,卖盘
1540,10:57:54,31.73,6346,2,买盘
1541,10:57:57,31.72,203013,64,卖盘
1542,10:58:00,31.72,168109,53,买盘
1543,10:58:03,31.72,34887,11,买盘
1544,10:58:06,31.72,60250,19,买盘
1545,10:58:09,31.71,34883,11,卖盘
1546,10:58:12,31.7,1315743,415,卖盘
1547,10:58:15,31.7,2003441,632,卖盘
1548,10:58:18,31.68,320052,101,卖盘
1549,10:58:21,31.7,114104,36,买盘
1550,10:58:24,31.68,212318,67,卖盘
1551,10:58:27,31.69,12676,4,买盘
1552,10:58:33,31.69,383349,121,卖盘
1553,10:58:36,31.69,44355,14,买盘
1554,10:58:39,31.68,148896,47,卖盘
1555,10:58:42,31.69,310562,98,买盘
1556,10:58:45,31.69,88714,28,卖盘
1557,10:58:48,31.7,218639,69,买盘
1558,10:58:51,31.69,88730,28,卖盘
1559,10:58:54,31.69,101420,32,卖盘
1560,10:58:57,31.7,152104,48,买盘
1561,10:59:00,31.7,345481,109,买盘
1562,10:59:03,31.71,161673,51,买盘
1563,10:59:06,31.72,47580,15,买盘
1564,10:59:09,31.7,31700,10,卖盘
1565,10:59:12,31.72,31711,10,买盘
1566,10:59:15,31.72,76123,24,买盘
1567,10:59:21,31.73,28550,9,买盘
1568,10:59:24,31.72,69802,22,卖盘
1569,10:59:30,31.72,190322,60,卖盘
1570,10:59:33,31.72,3172,1,卖盘
1571,10:59:36,31.73,101519,32,买盘
1572,10:59:39,31.73,31722,10,买盘
1573,10:59:42,31.73,3173,1,买盘
1574,10:59:45,31.73,104696,33,买盘
1575,10:59:48,31.73,3173,1,买盘
1576,10:59:51,31.75,621916,196,买盘
1577,10:59:54,31.73,31730,10,卖盘
1578,10:59:57,31.73,364988,115,卖盘
1579,11:00:00,31.75,34925,11,买盘
1580,11:00:06,31.74,3174,1,中性盘
1581,11:00:09,31.74,15870,5,买盘
1582,11:00:12,31.74,6349,2,卖盘
1583,11:00:15,31.75,57150,18,买盘
1584,11:00:18,31.75,53967,17,买盘
1585,11:00:21,31.75,9525,3,买盘
1586,11:00:24,31.75,53975,17,买盘
1587,11:00:30,31.74,507857,160,卖盘
1588,11:00:33,31.74,171396,54,买盘
1589,11:00:36,31.74,3174,1,买盘
1590,11:00:39,31.74,15870,5,买盘
1591,11:00:42,31.74,66653,21,买盘
1592,11:00:45,31.74,238045,75,买盘
1593,11:00:51,31.74,6348,2,卖盘
1594,11:00:57,31.75,44448,14,买盘
1595,11:01:03,31.75,98397,31,买盘
1596,11:01:06,31.74,3174,1,卖盘
1597,11:01:12,31.75,41275,13,买盘
1598,11:01:15,31.75,330200,104,卖盘
1599,11:01:18,31.75,177789,56,卖盘
1600,11:01:21,31.74,73002,23,卖盘
1601,11:01:24,31.75,41273,13,买盘
1602,11:01:27,31.74,3174,1,卖盘
1603,11:01:30,31.73,901211,284,卖盘
1604,11:01:33,31.73,133266,42,买盘
1605,11:01:36,31.73,63447,20,买盘
1606,11:01:42,31.72,31720,10,卖盘
1607,11:01:45,31.72,34892,11,卖盘
1608,11:01:48,31.72,3172,1,买盘
1609,11:01:51,31.72,133217,42,买盘
1610,11:01:54,31.72,34892,11,买盘
1611,11:01:57,31.72,15860,5,买盘
1612,11:02:00,31.73,285429,90,买盘
1613,11:02:06,31.72,50752,16,买盘
1614,11:02:15,31.72,6345,2,卖盘
1615,11:02:18,31.73,6346,2,买盘
1616,11:02:24,31.72,15860,5,卖盘
1617,11:02:30,31.72,15862,5,卖盘
1618,11:02:36,31.73,34903,11,买盘
1619,11:02:42,31.72,282311,89,卖盘
1620,11:02:48,31.72,12688,4,买盘
1621,11:02:51,31.72,41236,13,买盘
1622,11:02:54,31.71,187089,59,卖盘
1623,11:02:57,31.71,6342,2,买盘
1624,11:03:00,31.71,6342,2,买盘
1625,11:03:03,31.71,339192,107,买盘
1626,11:03:06,31.71,31710,10,买盘
1627,11:03:09,31.71,9513,3,买盘
1628,11:03:12,31.71,82446,26,买盘
1629,11:03:15,31.71,3171,1,卖盘
1630,11:03:18,31.7,41217,13,卖盘
1631,11:03:21,31.7,15851,5,卖盘
1632,11:03:27,31.7,12680,4,卖盘
1633,11:03:33,31.7,802010,253,卖盘
1634,11:03:36,31.7,488210,154,卖盘
1635,11:03:42,31.7,76085,24,卖盘
1636,11:03:45,31.7,9510,3,卖盘
1637,11:03:48,31.7,6340,2,卖盘
1638,11:04:03,31.7,63400,20,卖盘
1639,11:04:06,31.71,9513,3,买盘
1640,11:04:12,31.7,6340,2,卖盘
1641,11:04:15,31.7,38040,12,卖盘
1642,11:04:18,31.71,22192,7,买盘
1643,11:04:21,31.71,25368,8,卖盘
1644,11:04:24,31.72,234604,74,买盘
1645,11:04:27,31.72,329872,104,买盘
1646,11:04:30,31.7,12680,4,卖盘
1647,11:04:36,31.7,3170,1,卖盘
1648,11:04:39,31.71,22197,7,买盘
1649,11:04:48,31.71,126840,40,卖盘
1650,11:04:51,31.72,50739,16,买盘
1651,11:04:54,31.7,247263,78,卖盘
1652,11:04:57,31.71,22192,7,中性盘
1653,11:05:00,31.72,25371,8,买盘
1654,11:05:06,31.7,123606,39,卖盘
1655,11:05:09,31.71,12683,4,买盘
1656,11:05:12,31.72,31720,10,买盘
1657,11:05:15,31.7,171207,54,卖盘
1658,11:05:18,31.7,9510,3,买盘
1659,11:05:21,31.68,950502,300,卖盘
1660,11:05:24,31.68,19008,6,卖盘
1661,11:05:30,31.68,256610,81,卖盘
1662,11:05:33,31.68,19014,6,卖盘
1663,11:05:36,31.69,145743,46,中性盘
1664,11:05:39,31.7,31700,10,买盘
1665,11:05:42,31.7,95100,30,买盘
1666,11:05:45,31.7,12680,4,买盘
1667,11:05:51,31.69,237686,75,卖盘
1668,11:05:54,31.7,66559,21,买盘
1669,11:06:03,31.7,72910,23,买盘
1670,11:06:06,31.69,25352,8,卖盘
1671,11:06:12,31.69,95070,30,买盘
1672,11:06:15,31.69,15845,5,买盘
1673,11:06:18,31.69,177464,56,买盘
1674,11:06:21,31.69,6338,2,买盘
1675,11:06:24,31.7,3170,1,买盘
1676,11:06:30,31.69,3169,1,卖盘
1677,11:06:33,31.7,47550,15,买盘
1678,11:06:36,31.7,193370,61,买盘
1679,11:06:39,31.7,31700,10,卖盘
1680,11:06:42,31.7,72910,23,卖盘
1681,11:06:48,31.71,31710,10,买盘
1682,11:06:54,31.7,117290,37,卖盘
1683,11:06:57,31.69,6338,2,卖盘
1684,11:07:00,31.7,38040,12,买盘
1685,11:07:03,31.69,44371,14,卖盘
1686,11:07:06,31.69,31690,10,卖盘
1687,11:07:12,31.69,915841,289,卖盘
1688,11:07:18,31.69,44363,14,买盘
1689,11:07:21,31.68,69702,22,卖盘
1690,11:07:24,31.69,57042,18,买盘
1691,11:07:27,31.69,6338,2,买盘
1692,11:07:30,31.69,57042,18,买盘
1693,11:07:33,31.69,22183,7,卖盘
1694,11:07:36,31.69,12676,4,卖盘
1695,11:07:51,31.7,136272,43,买盘
1696,11:07:57,31.7,3170,1,买盘
1697,11:08:00,31.7,263105,83,买盘
1698,11:08:03,31.69,234501,74,卖盘
1699,11:08:06,31.68,484704,153,卖盘
1700,11:08:09,31.69,79203,25,买盘
1701,11:08:15,31.68,12674,4,卖盘
1702,11:08:18,31.68,1080288,341,卖盘
1703,11:08:21,31.69,9505,3,买盘
1704,11:08:24,31.68,25344,8,卖盘
1705,11:08:27,31.69,66549,21,买盘
1706,11:08:33,31.68,9506,3,卖盘
1707,11:08:39,31.69,47535,15,买盘
1708,11:08:42,31.69,44362,14,买盘
1709,11:08:45,31.69,57040,18,买盘
1710,11:08:48,31.68,228097,72,卖盘
1711,11:08:51,31.69,190138,60,买盘
1712,11:08:54,31.69,47535,15,买盘
1713,11:09:00,31.69,82369,26,买盘
1714,11:09:03,31.68,12672,4,卖盘
1715,11:09:09,31.69,47535,15,买盘
1716,11:09:12,31.68,209092,66,卖盘
1717,11:09:15,31.68,180603,57,卖盘
1718,11:09:24,31.69,25349,8,买盘
1719,11:09:27,31.68,63378,20,卖盘
1720,11:09:30,31.69,133096,42,买盘
1721,11:09:33,31.69,142605,45,买盘
1722,11:09:36,31.69,76056,24,买盘
1723,11:09:39,31.69,31690,10,卖盘
1724,11:09:42,31.7,6340,2,买盘
1725,11:09:45,31.7,19019,6,买盘
1726,11:09:54,31.7,44380,14,买盘
1727,11:09:57,31.7,15850,5,卖盘
1728,11:10:00,31.7,60248,19,卖盘
1729,11:10:03,31.7,9510,3,卖盘
1730,11:10:09,31.71,12684,4,买盘
1731,11:10:15,31.71,95130,30,买盘
1732,11:10:18,31.7,63419,20,卖盘
1733,11:10:24,31.71,3171,1,卖盘
1734,11:10:33,31.71,174425,55,卖盘
1735,11:10:42,31.71,38052,12,买盘
1736,11:10:45,31.71,104643,33,买盘
1737,11:10:48,31.71,95130,30,买盘
1738,11:10:51,31.71,31710,10,买盘
1739,11:10:54,31.71,120498,38,买盘
1740,11:10:57,31.71,104643,33,买盘
1741,11:11:00,31.72,253745,80,买盘
1742,11:11:03,31.72,3172,1,买盘
1743,11:11:06,31.75,4565277,1439,买盘
1744,11:11:09,31.73,44445,14,卖盘
1745,11:11:12,31.79,31769,10,买盘
1746,11:11:18,31.79,15894,5,买盘
1747,11:11:21,31.79,9533,3,买盘
1748,11:11:24,31.79,9536,3,买盘
1749,11:11:30,31.79,79471,25,买盘
1750,11:11:33,31.79,76296,24,卖盘
1751,11:11:42,31.77,15885,5,买盘
1752,11:11:45,31.76,9528,3,卖盘
1753,11:11:51,31.78,6356,2,买盘
1754,11:11:54,31.78,6356,2,卖盘
1755,11:12:00,31.78,12712,4,买盘
1756,11:12:03,31.78,3178,1,中性盘
1757,11:12:06,31.79,82653,26,买盘
1758,11:12:09,31.79,25432,8,卖盘
1759,11:12:15,31.8,31800,10,买盘
1760,11:12:18,31.8,28620,9,买盘
1761,11:12:21,31.8,327540,103,买盘
1762,11:12:24,31.8,41330,13,买盘
1763,11:12:27,31.83,105014,33,买盘
1764,11:12:30,31.83,47745,15,卖盘
1765,11:12:33,31.84,22286,7,买盘
1766,11:12:36,31.84,206920,65,买盘
1767,11:12:39,31.83,15915,5,买盘
1768,11:12:45,31.83,35012,11,买盘
1769,11:12:48,31.84,254720,80,买盘
1770,11:12:51,31.84,9551,3,买盘
1771,11:12:57,31.84,3184,1,买盘
1772,11:13:00,31.84,3184,1,买盘
1773,11:13:03,31.84,19104,6,买盘
1774,11:13:06,31.84,19099,6,买盘
1775,11:13:09,31.84,31840,10,买盘
1776,11:13:12,31.84,136904,43,买盘
1777,11:13:15,31.83,241913,76,卖盘
1778,11:13:18,31.83,19098,6,买盘
1779,11:13:21,31.83,127320,40,买盘
1780,11:13:24,31.83,3183,1,买盘
1781,11:13:33,31.83,41379,13,卖盘
1782,11:13:36,31.83,25464,8,卖盘
1783,11:13:39,31.83,19098,6,卖盘
1784,11:13:42,31.83,19098,6,买盘
1785,11:13:45,31.83,50928,16,买盘
1786,11:13:57,31.82,267371,84,卖盘
1787,11:14:00,31.83,6366,2,买盘
1788,11:14:03,31.83,12729,4,买盘
1789,11:14:06,31.83,127300,40,买盘
1790,11:14:09,31.83,105039,33,买盘
1791,11:14:15,31.83,63660,20,卖盘
1792,11:14:18,31.84,19104,6,买盘
1793,11:14:21,31.83,41379,13,卖盘
1794,11:14:27,31.84,3184,1,买盘
1795,11:14:30,31.84,6368,2,买盘
1796,11:14:33,31.83,178265,56,卖盘
1797,11:14:39,31.82,9546,3,卖盘
1798,11:14:42,31.83,136866,43,买盘
1799,11:14:51,31.83,9549,3,买盘
1800,11:14:54,31.83,3183,1,买盘
1801,11:14:57,31.82,28643,9,卖盘
1802,11:15:00,31.83,35013,11,买盘
1803,11:15:03,31.83,60475,19,买盘
1804,11:15:06,31.85,6368,2,买盘
1805,11:15:09,31.82,73187,23,卖盘
1806,11:15:15,31.82,6364,2,买盘
1807,11:15:18,31.82,3182,1,买盘
1808,11:15:21,31.82,3182,1,买盘
1809,11:15:24,31.81,31814,10,卖盘
1810,11:15:27,31.85,31848,10,买盘
1811,11:15:30,31.85,3185,1,买盘
1812,11:15:36,31.81,2295594,723,卖盘
1813,11:15:39,31.82,31820,10,买盘
1814,11:15:45,31.82,3182,1,买盘
1815,11:15:51,31.82,38184,12,买盘
1816,11:16:00,31.84,22288,7,买盘
1817,11:16:03,31.82,57282,18,卖盘
1818,11:16:12,31.84,66884,21,卖盘
1819,11:16:21,31.85,44590,14,买盘
1820,11:16:24,31.85,3185,1,卖盘
1821,11:16:27,31.84,25479,8,卖盘
1822,11:16:33,31.85,25480,8,买盘
1823,11:16:36,31.87,159314,50,买盘
1824,11:16:42,31.85,12739,4,中性盘
1825,11:16:48,31.85,22295,7,买盘
1826,11:16:51,31.87,232559,73,买盘
1827,11:16:54,31.84,28656,9,卖盘
1828,11:16:57,31.87,19122,6,买盘
1829,11:17:03,31.85,15925,5,卖盘
1830,11:17:06,31.85,15925,5,卖盘
1831,11:17:12,31.86,12747,4,中性盘
1832,11:17:15,31.87,47801,15,买盘
1833,11:17:18,31.87,12748,4,买盘
1834,11:17:21,31.85,308945,97,卖盘
1835,11:17:27,31.85,171989,54,买盘
1836,11:17:30,31.85,31850,10,卖盘
1837,11:17:33,31.85,57330,18,卖盘
1838,11:17:36,31.85,22303,7,卖盘
1839,11:17:39,31.85,31850,10,卖盘
1840,11:17:42,31.87,22305,7,买盘
1841,11:17:45,31.84,464886,146,卖盘
1842,11:17:48,31.85,3185,1,买盘
1843,11:17:51,31.84,3184,1,中性盘
1844,11:17:54,31.84,3184,1,买盘
1845,11:17:57,31.84,31840,10,卖盘
1846,11:18:00,31.85,117812,37,买盘
1847,11:18:03,31.85,168805,53,买盘
1848,11:18:06,31.85,54145,17,卖盘
1849,11:18:12,31.85,3185,1,卖盘
1850,11:18:15,31.82,114630,36,卖盘
1851,11:18:18,31.86,73256,23,买盘
1852,11:18:24,31.86,127440,40,买盘
1853,11:18:42,31.85,28664,9,买盘
1854,11:18:45,31.85,9555,3,买盘
1855,11:18:48,31.83,6366,2,卖盘
1856,11:18:51,31.84,3184,1,卖盘
1857,11:19:00,31.85,108283,34,买盘
1858,11:19:06,31.83,6366,2,卖盘
1859,11:19:09,31.83,28665,9,卖盘
1860,11:19:12,31.82,95465,30,卖盘
1861,11:19:15,31.82,76390,24,卖盘
1862,11:19:18,31.83,31829,10,买盘
1863,11:19:21,31.82,9546,3,卖盘
1864,11:19:27,31.82,15910,5,买盘
1865,11:19:33,31.8,57242,18,卖盘
1866,11:19:36,31.8,28620,9,卖盘
1867,11:19:45,31.8,216240,68,买盘
1868,11:20:03,31.82,193984,61,买盘
1869,11:20:06,31.82,3182,1,卖盘
1870,11:20:12,31.82,6364,2,卖盘
1871,11:20:21,31.82,12728,4,卖盘
1872,11:20:24,31.82,6364,2,卖盘
1873,11:20:27,31.82,95460,30,卖盘
1874,11:20:30,31.82,28643,9,卖盘
1875,11:20:39,31.81,9543,3,买盘
1876,11:20:42,31.82,124098,39,卖盘
1877,11:20:45,31.82,6364,2,卖盘
1878,11:20:48,31.82,9546,3,卖盘
1879,11:20:51,31.82,6364,2,卖盘
1880,11:20:54,31.82,22274,7,卖盘
1881,11:20:57,31.82,9546,3,买盘
1882,11:21:06,31.82,6363,2,买盘
1883,11:21:09,31.82,22274,7,卖盘
1884,11:21:15,31.82,3182,1,买盘
1885,11:21:18,31.82,6364,2,买盘
1886,11:21:21,31.82,22274,7,买盘
1887,11:21:24,31.82,6363,2,买盘
1888,11:21:27,31.81,410542,129,卖盘
1889,11:21:30,31.82,6364,2,中性盘
1890,11:21:33,31.82,3182,1,卖盘
1891,11:21:36,31.82,3182,1,买盘
1892,11:21:42,31.83,41378,13,买盘
1893,11:21:51,31.8,54076,17,卖盘
1894,11:22:00,31.81,73163,23,买盘
1895,11:22:06,31.81,3181,1,买盘
1896,11:22:09,31.8,165372,52,卖盘
1897,11:22:12,31.8,19080,6,卖盘
1898,11:22:18,31.8,15899,5,中性盘
1899,11:22:24,31.81,89068,28,买盘
1900,11:22:27,31.79,34972,11,卖盘
1901,11:22:30,31.8,3180,1,中性盘
1902,11:22:33,31.81,19086,6,买盘
1903,11:22:39,31.8,3180,1,中性盘
1904,11:22:42,31.81,31810,10,买盘
1905,11:22:48,31.8,3180,1,卖盘
1906,11:22:51,31.81,22265,7,买盘
1907,11:22:57,31.81,31807,10,买盘
1908,11:23:03,31.8,3180,1,卖盘
1909,11:23:09,31.81,206762,65,买盘
1910,11:23:12,31.8,57240,18,卖盘
1911,11:23:15,31.81,426237,134,买盘
1912,11:23:18,31.81,3181,1,买盘
1913,11:23:27,31.79,3179,1,卖盘
1914,11:23:42,31.79,12716,4,卖盘
1915,11:23:45,31.81,28629,9,买盘
1916,11:23:48,31.79,66759,21,卖盘
1917,11:23:51,31.79,6358,2,卖盘
1918,11:23:54,31.79,47685,15,买盘
1919,11:23:57,31.79,3179,1,买盘
1920,11:24:00,31.79,3179,1,买盘
1921,11:24:03,31.79,15895,5,买盘
1922,11:24:15,31.79,9537,3,卖盘
1923,11:24:27,31.79,50864,16,买盘
1924,11:24:30,31.79,324256,102,买盘
1925,11:24:33,31.79,22253,7,买盘
1926,11:24:36,31.79,15895,5,买盘
1927,11:24:39,31.79,3179,1,买盘
1928,11:24:45,31.79,6358,2,买盘
1929,11:24:51,31.78,44492,14,卖盘
1930,11:24:54,31.79,12716,4,买盘
1931,11:25:00,31.79,66759,21,买盘
1932,11:25:03,31.79,3179,1,卖盘
1933,11:25:12,31.8,6359,2,买盘
1934,11:25:18,31.8,6360,2,买盘
1935,11:25:21,31.8,9538,3,买盘
1936,11:25:24,31.8,3180,1,买盘
1937,11:25:27,31.8,9539,3,买盘
1938,11:25:30,31.79,31790,10,卖盘
1939,11:25:33,31.76,1019774,321,卖盘
1940,11:25:36,31.76,196911,62,买盘
1941,11:25:39,31.76,63520,20,买盘
1942,11:25:42,31.76,9528,3,买盘
1943,11:25:48,31.76,724128,228,买盘
1944,11:25:57,31.76,22232,7,卖盘
1945,11:26:15,31.78,6356,2,买盘
1946,11:26:18,31.78,6356,2,买盘
1947,11:26:24,31.77,28593,9,卖盘
1948,11:26:27,31.78,3178,1,买盘
1949,11:26:30,31.78,3178,1,卖盘
1950,11:26:33,31.78,158900,50,卖盘
1951,11:26:36,31.78,50848,16,买盘
1952,11:26:42,31.78,66738,21,买盘
1953,11:26:48,31.79,28611,9,买盘
1954,11:26:54,31.79,244857,77,卖盘
1955,11:26:57,31.81,486565,153,买盘
1956,11:27:00,31.86,9557,3,买盘
1957,11:27:12,31.85,3185,1,卖盘
1958,11:27:21,31.85,207025,65,卖盘
1959,11:27:33,31.83,12732,4,买盘
1960,11:27:39,31.84,9552,3,买盘
1961,11:27:51,31.84,9552,3,买盘
1962,11:27:54,31.84,6368,2,卖盘
1963,11:27:57,31.85,308942,97,买盘
1964,11:28:00,31.85,9555,3,买盘
1965,11:28:03,31.85,3185,1,买盘
1966,11:28:06,31.85,63700,20,买盘
1967,11:28:09,31.85,60514,19,买盘
1968,11:28:12,31.85,1015864,319,买盘
1969,11:28:15,31.85,3185,1,买盘
1970,11:28:21,31.85,12740,4,买盘
1971,11:28:24,31.84,38218,12,卖盘
1972,11:28:27,31.84,6368,2,卖盘
1973,11:28:30,31.81,1103977,347,卖盘
1974,11:28:39,31.83,3183,1,卖盘
1975,11:28:45,31.81,334059,105,卖盘
1976,11:28:48,31.84,89152,28,买盘
1977,11:28:51,31.85,15925,5,买盘
1978,11:29:00,31.84,1003265,315,卖盘
1979,11:29:03,31.85,76439,24,买盘
1980,11:29:06,31.85,76436,24,买盘
1981,11:29:09,31.85,19110,6,买盘
1982,11:29:12,31.85,105095,33,买盘
1983,11:29:15,31.85,108288,34,买盘
1984,11:29:18,31.85,6370,2,卖盘
1985,11:29:24,31.86,149704,47,买盘
1986,11:29:27,31.91,1451048,455,买盘
1987,11:29:30,31.91,114881,36,卖盘
1988,11:29:36,31.92,44688,14,买盘
1989,11:29:48,31.92,67032,21,卖盘
1990,11:29:51,31.95,421666,132,买盘
1991,11:29:57,31.91,12766,4,卖盘
1992,11:30:00,31.91,12764,4,买盘
1993,13:00:00,31.91,446967,140,买盘
1994,13:00:03,31.94,1827401,572,中性盘
1995,13:00:06,31.95,399236,125,买盘
1996,13:00:09,32.11,2857389,892,买盘
1997,13:00:12,32.27,4282687,1329,买盘
1998,13:00:15,32.25,257993,80,卖盘
1999,13:00:18,32.15,489563,152,卖盘
2000,13:00:21,32.15,128631,40,卖盘
2001,13:00:24,32.21,180037,56,买盘
2002,13:00:27,32.15,109304,34,买盘
2003,13:00:30,32.19,28955,9,中性盘
2004,13:00:33,32.12,131756,41,卖盘
2005,13:00:36,32.1,22470,7,卖盘
2006,13:00:39,32.07,250200,78,卖盘
2007,13:00:42,32.07,189198,59,买盘
2008,13:00:45,32.07,9621,3,买盘
2009,13:00:48,32.08,54523,17,买盘
2010,13:00:51,32.08,16040,5,卖盘
2011,13:00:54,32.12,44968,14,买盘
2012,13:00:57,32.16,61087,19,买盘
2013,13:01:00,32.22,1027500,319,买盘
2014,13:01:03,32.29,280790,87,买盘
2015,13:01:06,32.32,716773,222,买盘
2016,13:01:09,32.29,177490,55,中性盘
2017,13:01:12,32.41,2891740,894,买盘
2018,13:01:15,32.36,242935,75,卖盘
2019,13:01:18,32.38,155568,48,中性盘
2020,13:01:21,32.38,421044,130,买盘
2021,13:01:24,32.37,825189,255,卖盘
2022,13:01:27,32.33,84066,26,卖盘
2023,13:01:30,32.25,323009,100,卖盘
2024,13:01:33,32.24,103329,32,卖盘
2025,13:01:36,32.22,32224,10,卖盘
2026,13:01:39,32.23,51556,16,买盘
2027,13:01:42,32.3,1428947,443,买盘
2028,13:01:45,32.28,142060,44,卖盘
2029,13:01:48,32.21,661727,205,卖盘
2030,13:01:51,32.26,48362,15,买盘
2031,13:01:54,32.21,74116,23,中性盘
2032,13:01:57,32.26,522140,162,买盘
2033,13:02:00,32.26,196786,61,卖盘
2034,13:02:03,32.21,1032260,320,卖盘
2035,13:02:06,32.25,554367,172,买盘
2036,13:02:09,32.2,353976,110,买盘
2037,13:02:12,32.12,86830,27,卖盘
2038,13:02:15,32.18,228121,71,中性盘
2039,13:02:18,32.15,6430,2,卖盘
2040,13:02:21,32.15,147965,46,卖盘
2041,13:02:24,32.12,57845,18,卖盘
2042,13:02:27,32.12,32130,10,卖盘
2043,13:02:30,32.12,6424,2,买盘
2044,13:02:33,32.09,25679,8,卖盘
2045,13:02:36,32.09,3209,1,买盘
2046,13:02:39,32.07,9621,3,卖盘
2047,13:02:42,32.07,16035,5,买盘
2048,13:02:45,32.07,3207,1,买盘
2049,13:02:48,32.04,179506,56,中性盘
2050,13:02:51,32.04,137925,43,卖盘
2051,13:02:57,32.09,32090,10,中性盘
2052,13:03:03,32.07,125152,39,卖盘
2053,13:03:06,32.1,86670,27,买盘
2054,13:03:09,32.08,3208,1,中性盘
2055,13:03:12,32.08,73776,23,卖盘
2056,13:03:15,32.07,57732,18,卖盘
2057,13:03:21,32.02,102558,32,卖盘
2058,13:03:24,32.05,19230,6,买盘
2059,13:03:27,32.02,12808,4,卖盘
2060,13:03:30,32.02,60834,19,卖盘
2061,13:03:33,32.0,102462,32,卖盘
2062,13:03:36,32.0,12800,4,买盘
2063,13:03:39,31.97,76749,24,卖盘
2064,13:03:42,32.0,16000,5,买盘
2065,13:03:48,31.99,22391,7,买盘
2066,13:03:51,31.98,121556,38,卖盘
2067,13:03:54,31.98,12792,4,卖盘
2068,13:03:57,31.98,9594,3,中性盘
2069,13:04:00,32.0,131117,41,买盘
2070,13:04:03,32.0,3200,1,买盘
2071,13:04:06,32.01,243156,76,买盘
2072,13:04:09,32.01,409731,128,买盘
2073,13:04:12,32.06,3206,1,买盘
2074,13:04:15,32.06,57636,18,买盘
2075,13:04:18,32.05,355539,111,买盘
2076,13:04:21,32.05,6410,2,卖盘
2077,13:04:27,32.05,19230,6,卖盘
2078,13:04:30,32.08,25657,8,买盘
2079,13:04:33,32.08,205215,64,买盘
2080,13:04:36,32.08,25664,8,买盘
2081,13:04:39,32.05,112160,35,卖盘
2082,13:04:42,32.03,41659,13,卖盘
2083,13:04:45,32.03,253187,79,卖盘
2084,13:04:51,32.03,1302331,406,卖盘
2085,13:04:54,32.05,9615,3,买盘
2086,13:04:57,32.02,313836,98,卖盘
2087,13:05:06,32.01,1197224,374,卖盘
2088,13:05:12,32.01,25598,8,买盘
2089,13:05:15,32.0,96000,30,中性盘
2090,13:05:18,32.05,493496,154,买盘
2091,13:05:27,32.03,12812,4,卖盘
2092,13:05:33,32.07,44866,14,买盘
2093,13:05:36,32.08,57744,18,买盘
2094,13:05:39,32.08,9624,3,买盘
2095,13:05:42,32.11,147639,46,买盘
2096,13:05:51,32.18,202606,63,买盘
2097,13:06:00,32.18,38616,12,中性盘
2098,13:06:03,32.17,12868,4,中性盘
2099,13:06:06,32.17,379355,118,买盘
2100,13:06:09,32.17,22506,7,买盘
2101,13:06:12,32.12,141299,44,卖盘
2102,13:06:15,32.16,9648,3,买盘
2103,13:06:18,32.11,562909,175,中性盘
2104,13:06:21,32.1,80253,25,卖盘
2105,13:06:24,32.1,272861,85,卖盘
2106,13:06:30,32.1,19260,6,买盘
2107,13:06:33,32.1,54558,17,买盘
2108,13:06:36,32.1,1210170,377,卖盘
2109,13:06:39,32.08,1415606,441,卖盘
2110,13:06:45,32.1,12840,4,买盘
2111,13:06:48,32.09,3209,1,中性盘
2112,13:06:51,32.09,176548,55,卖盘
2113,13:06:54,32.05,67307,21,卖盘
2114,13:06:57,32.05,6410,2,买盘
2115,13:07:00,32.05,16025,5,买盘
2116,13:07:03,32.05,6410,2,买盘
2117,13:07:15,32.05,16025,5,卖盘
2118,13:07:24,32.05,12820,4,卖盘
2119,13:07:27,32.05,3205,1,卖盘
2120,13:07:33,32.06,6412,2,买盘
2121,13:07:36,32.09,3209,1,买盘
2122,13:07:39,32.06,6412,2,卖盘
2123,13:07:42,32.06,558516,174,卖盘
2124,13:07:45,32.04,336443,105,卖盘
2125,13:07:54,32.04,115329,36,买盘
2126,13:07:57,32.03,19218,6,卖盘
2127,13:08:00,32.01,457974,143,卖盘
2128,13:08:03,32.01,51216,16,卖盘
2129,13:08:06,32.01,80025,25,卖盘
2130,13:08:09,32.0,3200,1,卖盘
2131,13:08:12,32.01,32010,10,中性盘
2132,13:08:21,31.97,1542153,482,卖盘
2133,13:08:27,31.98,19187,6,买盘
2134,13:08:33,31.97,41561,13,卖盘
2135,13:08:36,31.98,51168,16,买盘
2136,13:08:45,31.98,793104,248,卖盘
2137,13:08:51,31.98,159900,50,买盘
2138,13:08:57,31.97,63958,20,卖盘
2139,13:09:00,32.0,6400,2,买盘
2140,13:09:03,32.0,160000,50,卖盘
2141,13:09:06,32.0,3200,1,卖盘
2142,13:09:09,32.0,16000,5,卖盘
2143,13:09:15,32.0,137600,43,卖盘
2144,13:09:24,32.02,6404,2,买盘
2145,13:09:30,32.02,54434,17,卖盘
2146,13:09:33,32.02,38424,12,卖盘
2147,13:09:36,32.03,9609,3,买盘
2148,13:09:39,32.02,19216,6,中性盘
2149,13:09:42,32.0,9600,3,卖盘
2150,13:09:45,32.02,150494,47,买盘
2151,13:09:51,32.02,73644,23,买盘
2152,13:09:54,32.02,51232,16,买盘
2153,13:09:57,32.02,25616,8,买盘
2154,13:10:00,32.02,124878,39,买盘
2155,13:10:03,32.02,259350,81,买盘
2156,13:10:06,32.02,650005,203,买盘
2157,13:10:09,32.02,6404,2,买盘
2158,13:10:15,32.03,3203,1,买盘
2159,13:10:21,32.02,3202,1,卖盘
2160,13:10:27,31.99,2127154,665,卖盘
2161,13:10:30,32.02,3202,1,买盘
2162,13:10:33,32.0,22404,7,卖盘
2163,13:10:36,32.02,6404,2,中性盘
2164,13:10:39,32.02,6404,2,卖盘
2165,13:10:42,32.02,6404,2,卖盘
2166,13:10:48,32.02,9606,3,买盘
2167,13:10:51,32.01,3201,1,卖盘
2168,13:10:54,32.01,118437,37,卖盘
2169,13:11:00,32.0,368111,115,卖盘
2170,13:11:03,32.0,9600,3,卖盘
2171,13:11:09,32.0,6400,2,卖盘
2172,13:11:12,32.01,12804,4,买盘
2173,13:11:15,32.0,22400,7,卖盘
2174,13:11:18,32.0,19200,6,卖盘
2175,13:11:21,32.0,351997,110,卖盘
2176,13:11:30,31.97,757885,237,卖盘
2177,13:11:36,31.95,233256,73,卖盘
2178,13:11:42,31.97,38364,12,买盘
2179,13:11:45,31.97,6394,2,卖盘
2180,13:11:51,31.98,3198,1,买盘
2181,13:11:54,31.98,437995,137,买盘
2182,13:12:00,31.95,3195,1,卖盘
2183,13:12:06,31.96,19184,6,卖盘
2184,13:12:21,31.97,569064,178,买盘
2185,13:12:24,31.98,15990,5,买盘
2186,13:12:27,31.98,6396,2,卖盘
2187,13:12:30,31.98,278226,87,卖盘
2188,13:12:33,31.99,460570,144,买盘
2189,13:12:45,31.99,44786,14,卖盘
2190,13:12:48,31.97,12788,4,卖盘
2191,13:12:54,31.97,6394,2,卖盘
2192,13:13:00,31.97,9591,3,卖盘
2193,13:13:03,31.97,6395,2,卖盘
2194,13:13:06,31.98,47956,15,买盘
2195,13:13:09,31.98,19188,6,买盘
2196,13:13:15,31.96,9592,3,卖盘
2197,13:13:18,31.96,153408,48,卖盘
2198,13:13:21,31.95,536925,168,卖盘
2199,13:13:24,31.97,31968,10,买盘
2200,13:13:30,31.95,431372,135,卖盘
2201,13:13:33,31.94,89459,28,卖盘
2202,13:13:42,31.93,587837,184,卖盘
2203,13:13:57,31.93,191602,60,卖盘
2204,13:14:00,31.93,12775,4,卖盘
2205,13:14:03,31.91,3886915,1218,卖盘
2206,13:14:06,31.92,3192,1,买盘
2207,13:14:09,31.93,424335,133,买盘
2208,13:14:12,31.9,41490,13,卖盘
2209,13:14:15,31.93,386375,121,买盘
2210,13:14:18,31.91,3191,1,卖盘
2211,13:14:24,31.92,6384,2,卖盘
2212,13:14:30,31.9,118133,37,卖盘
2213,13:14:36,31.92,22344,7,买盘
2214,13:14:42,31.92,127612,40,买盘
2215,13:14:45,31.89,28720,9,卖盘
2216,13:14:48,31.9,12762,4,卖盘
2217,13:14:54,31.9,35090,11,卖盘
2218,13:14:57,31.9,1832776,574,中性盘
2219,13:15:03,31.92,95767,30,买盘
2220,13:15:06,31.9,9570,3,卖盘
2221,13:15:09,31.96,226754,71,买盘
2222,13:15:18,31.96,76702,24,买盘
2223,13:15:24,31.97,3197,1,买盘
2224,13:15:30,31.97,38364,12,买盘
2225,13:15:36,31.96,153408,48,卖盘
2226,13:15:39,31.97,31970,10,买盘
2227,13:15:42,31.97,63940,20,买盘
2228,13:15:45,31.97,9591,3,买盘
2229,13:15:51,31.97,67137,21,买盘
2230,13:15:54,31.97,329291,103,买盘
2231,13:16:00,31.97,9591,3,卖盘
2232,13:16:03,31.97,306867,96,卖盘
2233,13:16:06,31.93,89435,28,卖盘
2234,13:16:12,31.91,153168,48,卖盘
2235,13:16:15,31.97,70322,22,买盘
2236,13:16:18,31.97,95910,30,卖盘
2237,13:16:27,31.93,31930,10,卖盘
2238,13:16:30,31.96,31960,10,买盘
2239,13:16:33,31.96,15980,5,买盘
2240,13:16:39,31.97,220510,69,买盘
2241,13:16:42,31.93,3193,1,中性盘
2242,13:16:45,31.95,220455,69,中性盘
2243,13:16:48,31.94,3194,1,中性盘
2244,13:16:54,31.92,25545,8,卖盘
2245,13:16:57,31.93,15965,5,中性盘
2246,13:17:00,31.9,274452,86,卖盘
2247,13:17:03,31.9,12760,4,卖盘
2248,13:17:06,31.9,6380,2,卖盘
2249,13:17:09,31.9,162690,51,卖盘
2250,13:17:12,31.9,3190,1,卖盘
2251,13:17:15,31.9,9570,3,卖盘
2252,13:17:18,31.9,41470,13,卖盘
2253,13:17:21,31.9,47850,15,卖盘
2254,13:17:24,31.94,159664,50,买盘
2255,13:17:30,31.9,15950,5,卖盘
2256,13:17:33,31.94,31940,10,买盘
2257,13:17:36,31.94,9582,3,买盘
2258,13:17:39,31.93,6386,2,中性盘
2259,13:17:42,31.95,76680,24,买盘
2260,13:17:45,31.91,12772,4,卖盘
2261,13:17:51,31.91,207443,65,卖盘
2262,13:17:57,31.94,6388,2,买盘
2263,13:18:00,31.91,28734,9,卖盘
2264,13:18:03,31.95,15974,5,买盘
2265,13:18:12,31.94,19154,6,买盘
2266,13:18:15,31.95,41519,13,买盘
2267,13:18:18,31.94,373380,117,买盘
2268,13:18:24,31.94,15970,5,买盘
2269,13:18:27,31.93,6386,2,中性盘
2270,13:18:30,31.94,35130,11,买盘
2271,13:18:36,31.9,216920,68,卖盘
2272,13:18:42,31.95,95846,30,买盘
2273,13:18:48,31.9,159500,50,卖盘
2274,13:18:51,31.93,15956,5,买盘
2275,13:19:09,31.93,15965,5,买盘
2276,13:19:15,31.91,73393,23,卖盘
2277,13:19:18,31.9,411510,129,卖盘
2278,13:19:21,31.88,337968,106,卖盘
2279,13:19:24,31.89,15945,5,中性盘
2280,13:19:27,31.88,3188,1,卖盘
2281,13:19:30,31.92,293482,92,买盘
2282,13:19:36,31.92,9576,3,买盘
2283,13:19:42,31.92,98952,31,买盘
2284,13:19:48,31.92,12766,4,中性盘
2285,13:19:54,31.9,54230,17,卖盘
2286,13:19:57,31.9,19140,6,买盘
2287,13:20:00,31.92,28719,9,买盘
2288,13:20:03,31.93,638597,200,买盘
2289,13:20:06,31.9,22330,7,卖盘
2290,13:20:09,31.9,15950,5,卖盘
2291,13:20:12,31.9,6380,2,卖盘
2292,13:20:15,31.93,28729,9,买盘
2293,13:20:18,31.93,31927,10,买盘
2294,13:20:21,31.93,28737,9,买盘
2295,13:20:24,31.93,35123,11,买盘
2296,13:20:27,31.9,3190,1,卖盘
2297,13:20:30,31.93,6386,2,买盘
2298,13:20:39,31.9,66990,21,卖盘
2299,13:20:51,31.93,44692,14,买盘
2300,13:20:54,31.93,232898,73,买盘
2301,13:20:57,31.93,41506,13,买盘
2302,13:21:03,31.9,57421,18,卖盘
2303,13:21:06,31.92,3192,1,买盘
2304,13:21:12,31.91,60629,19,卖盘
2305,13:21:15,31.92,9576,3,买盘
2306,13:21:18,31.92,172326,54,买盘
2307,13:21:24,31.92,118104,37,买盘
2308,13:21:27,31.92,54264,17,买盘
2309,13:21:42,31.93,60667,19,买盘
2310,13:21:54,31.93,12772,4,买盘
2311,13:22:00,31.93,172373,54,买盘
2312,13:22:06,31.93,47895,15,买盘
2313,13:22:09,31.93,47895,15,买盘
2314,13:22:15,31.93,105369,33,买盘
2315,13:22:18,31.94,162884,51,买盘
2316,13:22:21,31.97,140562,44,买盘
2317,13:22:24,31.96,172584,54,中性盘
2318,13:22:30,31.96,6392,2,买盘
2319,13:22:33,31.96,22367,7,买盘
2320,13:22:36,31.96,3196,1,买盘
2321,13:22:39,31.95,92655,29,卖盘
2322,13:22:42,31.94,6388,2,卖盘
2323,13:22:45,31.94,15970,5,卖盘
2324,13:22:48,31.95,150149,47,买盘
2325,13:22:54,31.94,25552,8,买盘
2326,13:22:57,31.95,3195,1,中性盘
2327,13:23:00,31.95,194849,61,买盘
2328,13:23:03,31.94,41521,13,买盘
2329,13:23:09,31.94,3194,1,买盘
2330,13:23:12,31.94,3194,1,买盘
2331,13:23:21,31.93,86211,27,卖盘
2332,13:23:30,31.93,6386,2,买盘
2333,13:23:33,31.91,242543,76,卖盘
2334,13:23:39,31.92,89376,28,买盘
2335,13:23:42,31.91,79775,25,卖盘
2336,13:23:45,31.92,153216,48,买盘
2337,13:23:51,31.93,86188,27,买盘
2338,13:23:54,31.91,156359,49,卖盘
2339,13:23:57,31.92,124522,39,中性盘
2340,13:24:00,31.92,162792,51,买盘
2341,13:24:03,31.93,134074,42,买盘
2342,13:24:06,31.92,188328,59,卖盘
2343,13:24:09,31.92,76608,24,买盘
2344,13:24:12,31.92,197899,62,买盘
2345,13:24:15,31.92,6384,2,买盘
2346,13:24:18,31.92,976752,306,买盘
2347,13:24:21,31.92,162792,51,买盘
2348,13:24:24,31.92,9576,3,卖盘
2349,13:24:27,31.93,63860,20,买盘
2350,13:24:30,31.92,51072,16,卖盘
2351,13:24:33,31.91,12764,4,卖盘
2352,13:24:36,31.91,539315,169,卖盘
2353,13:24:39,31.92,2361954,740,买盘
2354,13:24:42,31.92,6384,2,买盘
2355,13:24:45,31.91,165975,52,卖盘
2356,13:24:48,31.92,73416,23,买盘
2357,13:24:51,31.92,70236,22,卖盘
2358,13:24:54,31.92,98952,31,卖盘
2359,13:24:57,31.97,728354,228,买盘
2360,13:25:00,31.94,99017,31,卖盘
2361,13:25:03,31.96,840341,263,中性盘
2362,13:25:06,31.99,12796,4,买盘
2363,13:25:09,31.96,108684,34,卖盘
2364,13:25:12,31.96,524144,164,买盘
2365,13:25:15,31.98,179037,56,买盘
2366,13:25:18,31.99,19194,6,买盘
2367,13:25:21,31.99,70378,22,买盘
2368,13:25:24,31.99,163149,51,买盘
2369,13:25:27,32.0,1279993,400,买盘
2370,13:25:30,31.99,67196,21,卖盘
2371,13:25:36,32.03,9609,3,买盘
2372,13:25:39,32.03,137612,43,买盘
2373,13:25:42,32.03,76872,24,买盘
2374,13:25:45,32.03,211398,66,卖盘
2375,13:25:48,32.03,265876,83,卖盘
2376,13:25:51,32.03,96090,30,买盘
2377,13:25:54,32.03,38434,12,买盘
2378,13:25:57,32.03,41639,13,买盘
2379,13:26:00,32.03,16015,5,买盘
2380,13:26:03,32.05,256325,80,买盘
2381,13:26:06,32.04,16020,5,卖盘
2382,13:26:09,32.07,788191,246,买盘
2383,13:26:12,32.09,150787,47,买盘
2384,13:26:15,32.11,73841,23,买盘
2385,13:26:21,32.1,3210,1,卖盘
2386,13:26:24,32.15,1105594,344,买盘
2387,13:26:27,32.15,70728,22,买盘
2388,13:26:30,32.21,3409491,1059,买盘
2389,13:26:36,32.18,6436,2,中性盘
2390,13:26:39,32.2,663477,206,中性盘
2391,13:26:42,32.21,3221,1,买盘
2392,13:26:45,32.17,25745,8,卖盘
2393,13:26:48,32.2,376845,117,买盘
2394,13:26:51,32.2,235070,73,买盘
2395,13:26:54,32.23,2475334,769,买盘
2396,13:26:57,32.2,157786,49,卖盘
2397,13:27:00,32.2,444715,138,卖盘
2398,13:27:03,32.2,103140,32,卖盘
2399,13:27:06,32.2,106292,33,卖盘
2400,13:27:09,32.23,270493,84,买盘
2401,13:27:12,32.21,70842,22,中性盘
2402,13:27:18,32.22,402376,125,买盘
2403,13:27:21,32.17,32197,10,卖盘
2404,13:27:27,32.17,83642,26,卖盘
2405,13:27:30,32.17,176937,55,卖盘
2406,13:27:33,32.17,135143,42,卖盘
2407,13:27:36,32.17,38616,12,卖盘
2408,13:27:39,32.19,51507,16,中性盘
2409,13:27:42,32.19,119103,37,卖盘
2410,13:27:45,32.2,51510,16,买盘
2411,13:27:48,32.19,128760,40,卖盘
2412,13:27:51,32.19,25752,8,买盘
2413,13:27:54,32.19,70818,22,买盘
2414,13:27:57,32.17,238162,74,卖盘
2415,13:28:00,32.16,434196,135,卖盘
2416,13:28:03,32.18,131934,41,买盘
2417,13:28:06,32.16,183312,57,卖盘
2418,13:28:09,32.15,73970,23,卖盘
2419,13:28:12,32.15,51453,16,卖盘
2420,13:28:15,32.16,73947,23,买盘
2421,13:28:18,32.15,109315,34,卖盘
2422,13:28:21,32.15,176830,55,卖盘
2423,13:28:24,32.15,12858,4,卖盘
2424,13:28:27,32.15,186462,58,买盘
2425,13:28:30,32.12,581454,181,卖盘
2426,13:28:33,32.11,205506,64,中性盘
2427,13:28:36,32.11,12844,4,买盘
2428,13:28:39,32.1,12840,4,卖盘
2429,13:28:42,32.05,182874,57,卖盘
2430,13:28:48,32.06,32063,10,卖盘
2431,13:28:51,32.1,41717,13,买盘
2432,13:28:54,32.1,35294,11,买盘
2433,13:29:00,32.08,227878,71,卖盘
2434,13:29:03,32.08,38496,12,买盘
2435,13:29:06,32.07,118660,37,卖盘
2436,13:29:09,32.07,670263,209,卖盘
2437,13:29:15,32.06,57708,18,卖盘
2438,13:29:18,32.06,67326,21,卖盘
2439,13:29:21,32.04,35264,11,卖盘
2440,13:29:24,32.06,35266,11,买盘
2441,13:29:27,32.05,44875,14,中性盘
2442,13:29:30,32.03,743099,232,卖盘
2443,13:29:33,32.03,41639,13,买盘
2444,13:29:36,32.03,188977,59,买盘
2445,13:29:39,32.01,300924,94,卖盘
2446,13:29:42,32.03,755887,236,买盘
2447,13:29:45,32.02,262569,82,卖盘
2448,13:29:48,32.02,89656,28,买盘
2449,13:29:51,32.04,1018563,318,买盘
2450,13:29:54,32.03,6406,2,卖盘
2451,13:29:57,32.03,112105,35,卖盘
2452,13:30:00,32.0,1718846,537,卖盘
2453,13:30:03,32.03,12812,4,卖盘
2454,13:30:09,32.07,227638,71,买盘
2455,13:30:15,32.04,314012,98,卖盘
2456,13:30:18,32.04,48060,15,卖盘
2457,13:30:21,32.03,560539,175,卖盘
2458,13:30:24,32.06,102517,32,买盘
2459,13:30:27,32.05,628213,196,卖盘
2460,13:30:30,32.03,41639,13,中性盘
2461,13:30:33,32.05,92941,29,买盘
2462,13:30:36,32.03,144164,45,卖盘
2463,13:30:39,32.03,179368,56,卖盘
2464,13:30:42,32.03,38436,12,买盘
2465,13:30:45,32.03,16015,5,买盘
2466,13:30:48,32.03,35233,11,买盘
2467,13:30:51,32.03,12812,4,买盘
2468,13:30:54,32.03,25624,8,买盘
2469,13:30:57,32.03,67263,21,买盘
2470,13:31:00,32.03,195346,61,买盘
2471,13:31:03,32.02,51238,16,卖盘
2472,13:31:06,32.03,86481,27,买盘
2473,13:31:09,32.03,176165,55,买盘
2474,13:31:12,32.02,720620,225,卖盘
2475,13:31:15,32.03,153744,48,买盘
2476,13:31:18,32.03,339518,106,买盘
2477,13:31:21,32.03,172922,54,买盘
2478,13:31:24,32.03,54450,17,买盘
2479,13:31:27,32.02,19217,6,卖盘
2480,13:31:30,32.02,121676,38,卖盘
2481,13:31:33,32.02,32020,10,买盘
2482,13:31:39,32.01,214517,67,卖盘
2483,13:31:42,32.01,169653,53,卖盘
2484,13:31:45,32.01,665684,208,卖盘
2485,13:31:48,31.99,73577,23,卖盘
2486,13:31:51,32.0,118400,37,买盘
2487,13:31:54,32.02,182467,57,买盘
2488,13:31:57,31.98,51168,16,卖盘
2489,13:32:00,31.98,60781,19,卖盘
2490,13:32:03,32.01,147192,46,买盘
2491,13:32:12,32.0,44791,14,卖盘
2492,13:32:18,32.03,662635,207,买盘
2493,13:32:21,32.05,749663,234,买盘
2494,13:32:24,32.06,266057,83,买盘
2495,13:32:27,32.06,3206,1,买盘
2496,13:32:30,32.06,57694,18,买盘
2497,13:32:33,32.07,654038,204,买盘
2498,13:32:36,32.09,468503,146,买盘
2499,13:32:39,32.11,144478,45,买盘
2500,13:32:42,32.15,109307,34,买盘
2501,13:32:45,32.16,257128,80,买盘
2502,13:32:48,32.18,302354,94,买盘
2503,13:32:51,32.18,70796,22,买盘
2504,13:32:54,32.19,3219,1,买盘
2505,13:32:57,32.18,289619,90,卖盘
2506,13:33:00,32.18,476135,148,买盘
2507,13:33:03,32.18,640391,199,买盘
2508,13:33:09,32.12,482680,150,卖盘
2509,13:33:12,32.18,952505,296,买盘
2510,13:33:15,32.18,32180,10,买盘
2511,13:33:18,32.17,160850,50,中性盘
2512,13:33:21,32.18,225252,70,买盘
2513,13:33:24,32.17,3217,1,中性盘
2514,13:33:27,32.14,61086,19,卖盘
2515,13:33:33,32.15,86805,27,买盘
2516,13:33:36,32.14,41782,13,卖盘
2517,13:33:39,32.16,163974,51,买盘
2518,13:33:42,32.16,144717,45,买盘
2519,13:33:48,32.15,77159,24,卖盘
2520,13:33:51,32.16,22510,7,买盘
2521,13:33:54,32.15,70724,22,中性盘
2522,13:34:00,32.14,12856,4,卖盘
2523,13:34:06,32.13,167080,52,卖盘
2524,13:34:09,32.13,35347,11,卖盘
2525,13:34:12,32.13,260252,81,卖盘
2526,13:34:15,32.13,32130,10,买盘
2527,13:34:18,32.12,256974,80,卖盘
2528,13:34:24,32.09,250415,78,卖盘
2529,13:34:27,32.1,35298,11,买盘
2530,13:34:33,32.1,256569,80,买盘
2531,13:34:36,32.08,38496,12,中性盘
2532,13:34:39,32.06,105798,33,卖盘
2533,13:34:42,32.06,775848,242,买盘
2534,13:34:45,32.06,990654,309,买盘
2535,13:34:48,32.01,317090,99,卖盘
2536,13:34:51,32.05,561288,175,卖盘
2537,13:34:54,32.03,333223,104,卖盘
2538,13:34:57,32.05,57686,18,买盘
2539,13:35:00,32.02,41634,13,卖盘
2540,13:35:03,32.05,25640,8,买盘
2541,13:35:06,32.03,51248,16,中性盘
2542,13:35:09,32.02,118474,37,卖盘
2543,13:35:12,32.02,19212,6,卖盘
2544,13:35:15,32.03,284923,89,买盘
2545,13:35:24,32.0,316816,99,卖盘
2546,13:35:27,32.0,169553,53,买盘
2547,13:35:30,32.0,3200,1,买盘
2548,13:35:33,31.99,390278,122,卖盘
2549,13:35:36,31.98,275038,86,卖盘
2550,13:35:45,31.96,147046,46,卖盘
2551,13:35:51,31.98,521075,163,买盘
2552,13:35:57,31.96,54334,17,卖盘
2553,13:36:00,31.96,15980,5,买盘
2554,13:36:03,31.96,31960,10,买盘
2555,13:36:06,31.96,6392,2,买盘
2556,13:36:09,31.96,271660,85,买盘
2557,13:36:12,31.95,31950,10,卖盘
2558,13:36:15,31.96,79899,25,买盘
2559,13:36:18,31.95,201292,63,卖盘
2560,13:36:21,31.95,9585,3,卖盘
2561,13:36:24,31.95,6390,2,卖盘
2562,13:36:30,31.96,421872,132,买盘
2563,13:36:36,31.96,54332,17,买盘
2564,13:36:39,31.96,316389,99,买盘
2565,13:36:42,31.96,386716,121,买盘
2566,13:36:45,31.98,6396,2,买盘
2567,13:36:48,31.98,31980,10,买盘
2568,13:36:51,31.96,220673,69,卖盘
2569,13:36:54,31.95,623215,195,卖盘
2570,13:37:00,31.96,523993,164,卖盘
2571,13:37:03,31.95,57520,18,卖盘
2572,13:37:06,31.95,111825,35,卖盘
2573,13:37:09,31.96,242896,76,买盘
2574,13:37:12,31.96,6392,2,卖盘
2575,13:37:15,31.95,811630,254,卖盘
2576,13:37:18,31.95,718873,225,买盘
2577,13:37:24,31.93,2385390,747,卖盘
2578,13:37:27,31.92,210722,66,卖盘
2579,13:37:30,31.93,25544,8,买盘
2580,13:37:33,31.93,47895,15,卖盘
2581,13:37:36,31.93,105372,33,卖盘
2582,13:37:39,31.94,6388,2,买盘
2583,13:37:42,31.92,31920,10,卖盘
2584,13:37:45,31.92,41496,13,卖盘
2585,13:37:48,31.92,577543,181,中性盘
2586,13:37:51,31.89,2293619,719,卖盘
2587,13:37:54,31.89,95644,30,买盘
2588,13:37:57,31.88,264604,83,卖盘
2589,13:38:00,31.89,41454,13,买盘
2590,13:38:06,31.88,162588,51,卖盘
2591,13:38:09,31.89,3189,1,买盘
2592,13:38:12,31.89,124338,39,买盘
2593,13:38:15,31.89,12756,4,买盘
2594,13:38:18,31.85,1911591,600,卖盘
2595,13:38:21,31.89,38270,12,卖盘
2596,13:38:24,31.89,31890,10,买盘
2597,13:38:27,31.89,73347,23,卖盘
2598,13:38:30,31.89,15945,5,买盘
2599,13:38:36,31.89,22323,7,买盘
2600,13:38:39,31.88,70136,22,卖盘
2601,13:38:42,31.88,95640,30,买盘
2602,13:38:45,31.88,63760,20,买盘
2603,13:38:48,31.88,47820,15,买盘
2604,13:38:51,31.87,755332,237,卖盘
2605,13:38:54,31.87,391950,123,买盘
2606,13:39:00,31.86,251711,79,卖盘
2607,13:39:06,31.85,28669,9,卖盘
2608,13:39:09,31.86,19116,6,买盘
2609,13:39:12,31.85,187964,59,卖盘
2610,13:39:15,31.86,79650,25,买盘
2611,13:39:18,31.86,3186,1,买盘
2612,13:39:21,31.84,461828,145,卖盘
2613,13:39:24,31.84,60496,19,买盘
2614,13:39:27,31.84,50944,16,买盘
2615,13:39:30,31.84,28656,9,买盘
2616,13:39:33,31.84,12736,4,买盘
2617,13:39:36,31.84,127324,40,买盘
2618,13:39:42,31.82,3314328,1042,卖盘
2619,13:39:45,31.84,63680,20,买盘
2620,13:39:48,31.82,6364,2,卖盘
2621,13:39:51,31.83,19098,6,买盘
2622,13:39:54,31.83,38195,12,买盘
2623,13:39:57,31.83,117760,37,买盘
2624,13:40:00,31.83,89124,28,买盘
2625,13:40:03,31.82,149559,47,卖盘
2626,13:40:06,31.84,22288,7,买盘
2627,13:40:09,31.83,31830,10,卖盘
2628,13:40:15,31.84,9552,3,买盘
2629,13:40:18,31.84,108256,34,买盘
2630,13:40:21,31.84,6368,2,买盘
2631,13:40:24,31.84,385164,121,买盘
2632,13:40:33,31.84,38208,12,卖盘
2633,13:40:36,31.85,181495,57,买盘
2634,13:40:39,31.85,38220,12,买盘
2635,13:40:45,31.85,98735,31,买盘
2636,13:40:48,31.85,92365,29,买盘
2637,13:40:51,31.85,9555,3,买盘
2638,13:40:54,31.86,19116,6,买盘
2639,13:40:57,31.86,60529,19,买盘
2640,13:41:00,31.86,12744,4,买盘
2641,13:41:03,31.88,541931,170,买盘
2642,13:41:12,31.88,6376,2,买盘
2643,13:41:15,31.88,57384,18,买盘
2644,13:41:18,31.88,6376,2,买盘
2645,13:41:21,31.88,6376,2,买盘
2646,13:41:24,31.88,44606,14,买盘
2647,13:41:27,31.88,66945,21,买盘
2648,13:41:30,31.88,149835,47,买盘
2649,13:41:33,31.87,162565,51,卖盘
2650,13:41:36,31.87,22307,7,买盘
2651,13:41:39,31.87,86049,27,买盘
2652,13:41:42,31.86,73300,23,卖盘
2653,13:41:45,31.87,44618,14,买盘
2654,13:41:48,31.87,181609,57,买盘
2655,13:41:51,31.86,1025898,322,卖盘
2656,13:41:54,31.86,6372,2,买盘
2657,13:41:57,31.85,1739046,546,卖盘
2658,13:42:00,31.85,114634,36,买盘
2659,13:42:03,31.85,60515,19,买盘
2660,13:42:06,31.85,38220,12,买盘
2661,13:42:09,31.85,15925,5,买盘
2662,13:42:12,31.85,22295,7,卖盘
2663,13:42:15,31.84,187886,59,卖盘
2664,13:42:18,31.86,223020,70,买盘
2665,13:42:21,31.86,439668,138,买盘
2666,13:42:24,31.85,331322,104,卖盘
2667,13:42:27,31.87,12747,4,买盘
2668,13:42:30,31.87,15935,5,买盘
2669,13:42:36,31.87,117919,37,买盘
2670,13:42:42,31.87,6374,2,买盘
2671,13:42:45,31.88,51008,16,买盘
2672,13:42:48,31.88,15940,5,买盘
2673,13:42:51,31.88,44632,14,买盘
2674,13:42:54,31.88,248664,78,买盘
2675,13:42:57,31.87,497172,156,卖盘
2676,13:43:00,31.83,1881947,591,卖盘
2677,13:43:03,31.83,467900,147,买盘
2678,13:43:06,31.83,9549,3,买盘
2679,13:43:09,31.83,521912,164,买盘
2680,13:43:21,31.83,206940,65,卖盘
2681,13:43:27,31.83,471094,148,卖盘
2682,13:43:33,31.83,6366,2,买盘
2683,13:43:36,31.83,12732,4,买盘
2684,13:43:39,31.82,79561,25,卖盘
2685,13:43:42,31.83,6366,2,卖盘
2686,13:43:45,31.83,12732,4,卖盘
2687,13:43:54,31.84,41392,13,买盘
2688,13:44:00,31.84,70048,22,卖盘
2689,13:44:03,31.84,31840,10,买盘
2690,13:44:06,31.84,35024,11,卖盘
2691,13:44:09,31.85,181539,57,买盘
2692,13:44:12,31.85,6370,2,卖盘
2693,13:44:15,31.85,35035,11,卖盘
2694,13:44:18,31.85,350350,110,卖盘
2695,13:44:21,31.85,1372321,431,卖盘
2696,13:44:24,31.84,12740,4,卖盘
2697,13:44:27,31.88,325055,102,买盘
2698,13:44:33,31.85,121095,38,卖盘
2699,13:44:36,31.87,19122,6,买盘
2700,13:44:39,31.87,50991,16,买盘
2701,13:44:48,31.87,82886,26,卖盘
2702,13:44:51,31.88,353862,111,买盘
2703,13:44:54,31.87,143440,45,卖盘
2704,13:45:00,31.87,162567,51,买盘
2705,13:45:03,31.84,863058,271,卖盘
2706,13:45:06,31.84,66864,21,买盘
2707,13:45:09,31.83,407722,128,卖盘
2708,13:45:12,31.86,12744,4,买盘
2709,13:45:21,31.8,2131644,670,卖盘
2710,13:45:24,31.86,35046,11,买盘
2711,13:45:27,31.87,28678,9,买盘
2712,13:45:30,31.8,798225,251,卖盘
2713,13:45:33,31.83,82760,26,卖盘
2714,13:45:42,31.81,3181,1,卖盘
2715,13:45:45,31.83,12732,4,买盘
2716,13:45:48,31.81,31824,10,卖盘
2717,13:45:51,31.83,19098,6,买盘
2718,13:45:54,31.83,3183,1,买盘
2719,13:45:57,31.82,57291,18,中性盘
2720,13:46:03,31.84,47760,15,买盘
2721,13:46:06,31.84,28655,9,买盘
2722,13:46:09,31.84,54128,17,买盘
2723,13:46:12,31.84,41392,13,买盘
2724,13:46:18,31.83,101872,32,卖盘
2725,13:46:21,31.85,35035,11,买盘
2726,13:46:24,31.85,28665,9,买盘
2727,13:46:30,31.84,3184,1,中性盘
2728,13:46:33,31.85,22295,7,买盘
2729,13:46:36,31.85,50960,16,买盘
2730,13:46:42,31.85,19110,6,买盘
2731,13:46:45,31.85,3185,1,买盘
2732,13:46:51,31.85,15925,5,买盘
2733,13:46:54,31.85,28665,9,卖盘
2734,13:46:57,31.85,6370,2,卖盘
2735,13:47:15,31.86,375948,118,买盘
2736,13:47:21,31.86,31860,10,卖盘
2737,13:47:24,31.87,22308,7,买盘
2738,13:47:30,31.87,6374,2,买盘
2739,13:47:33,31.87,194357,61,买盘
2740,13:47:36,31.86,44617,14,卖盘
2741,13:47:39,31.87,146601,46,买盘
2742,13:47:45,31.86,117882,37,卖盘
2743,13:47:48,31.86,44604,14,买盘
2744,13:47:54,31.87,3187,1,买盘
2745,13:48:00,31.86,12747,4,卖盘
2746,13:48:06,31.86,226227,71,卖盘
2747,13:48:12,31.87,73301,23,买盘
2748,13:48:15,31.86,15930,5,卖盘
2749,13:48:18,31.85,315390,99,卖盘
2750,13:48:21,31.87,31870,10,买盘
2751,13:48:24,31.87,54179,17,买盘
2752,13:48:27,31.87,54179,17,买盘
2753,13:48:30,31.87,9561,3,买盘
2754,13:48:36,31.86,955800,300,卖盘
2755,13:48:39,31.86,9558,3,卖盘
2756,13:48:42,31.85,1019217,320,卖盘
2757,13:48:45,31.84,41401,13,中性盘
2758,13:48:51,31.83,12735,4,卖盘
2759,13:48:57,31.82,356478,112,卖盘
2760,13:49:06,31.83,15915,5,卖盘
2761,13:49:09,31.84,9552,3,买盘
2762,13:49:18,31.85,6370,2,买盘
2763,13:49:24,31.85,95510,30,买盘
2764,13:49:33,31.85,70070,22,买盘
2765,13:49:36,31.85,57330,18,买盘
2766,13:49:39,31.82,146389,46,卖盘
2767,13:49:42,31.84,25468,8,买盘
2768,13:49:45,31.82,318260,100,卖盘
2769,13:49:57,31.82,585490,184,卖盘
2770,13:50:00,31.82,15910,5,买盘
2771,13:50:03,31.82,12728,4,买盘
2772,13:50:06,31.82,76368,24,买盘
2773,13:50:09,31.82,439116,138,买盘
2774,13:50:12,31.82,19092,6,买盘
2775,13:50:15,31.82,1084762,341,买盘
2776,13:50:18,31.82,210012,66,买盘
2777,13:50:21,31.82,31820,10,买盘
2778,13:50:27,31.81,38172,12,卖盘
2779,13:50:30,31.82,35002,11,买盘
2780,13:50:33,31.8,2321411,730,卖盘
2781,13:50:36,31.8,63600,20,买盘
2782,13:50:39,31.81,92249,29,卖盘
2783,13:50:42,31.82,31817,10,买盘
2784,13:50:48,31.82,139969,44,买盘
2785,13:50:54,31.82,92278,29,买盘
2786,13:50:57,31.82,41366,13,买盘
2787,13:51:00,31.81,31811,10,卖盘
2788,13:51:06,31.81,448648,141,卖盘
2789,13:51:09,31.83,127278,40,买盘
2790,13:51:15,31.82,3182,1,买盘
2791,13:51:21,31.83,22281,7,买盘
2792,13:51:30,31.81,206768,65,卖盘
2793,13:51:33,31.81,38172,12,买盘
2794,13:51:36,31.81,31810,10,买盘
2795,13:51:39,31.8,292579,92,卖盘
2796,13:51:42,31.8,25436,8,买盘
2797,13:51:45,31.8,12720,4,买盘
2798,13:51:48,31.78,1563884,492,卖盘
2799,13:51:51,31.78,3178,1,买盘
2800,13:51:54,31.78,54026,17,买盘
2801,13:51:57,31.76,339926,107,卖盘
2802,13:52:03,31.78,15889,5,买盘
2803,13:52:06,31.78,38136,12,买盘
2804,13:52:09,31.77,47669,15,卖盘
2805,13:52:12,31.78,25424,8,买盘
2806,13:52:15,31.78,3178,1,买盘
2807,13:52:18,31.76,12707,4,卖盘
2808,13:52:24,31.78,28600,9,买盘
2809,13:52:27,31.78,333690,105,买盘
2810,13:52:30,31.78,378038,119,买盘
2811,13:52:33,31.78,241421,76,买盘
2812,13:52:36,31.78,136654,43,买盘
2813,13:52:39,31.78,34958,11,买盘
2814,13:52:42,31.79,425606,134,买盘
2815,13:52:45,31.78,34958,11,卖盘
2816,13:52:48,31.79,41327,13,买盘
2817,13:52:54,31.79,3179,1,买盘
2818,13:52:57,31.79,15895,5,买盘
2819,13:53:00,31.79,85833,27,买盘
2820,13:53:03,31.8,813753,256,买盘
2821,13:53:12,31.79,95370,30,卖盘
2822,13:53:15,31.8,50880,16,买盘
2823,13:53:18,31.8,184439,58,买盘
2824,13:53:21,31.8,12720,4,买盘
2825,13:53:24,31.79,31790,10,卖盘
2826,13:53:27,31.8,158944,50,买盘
2827,13:53:30,31.8,66780,21,买盘
2828,13:53:33,31.8,260760,82,买盘
2829,13:53:36,31.8,15900,5,买盘
2830,13:53:39,31.8,41330,13,买盘
2831,13:53:42,31.8,3180,1,买盘
2832,13:53:45,31.8,31800,10,买盘
2833,13:53:48,31.79,206636,65,卖盘
2834,13:53:51,31.79,9537,3,买盘
2835,13:53:54,31.79,104907,33,买盘
2836,13:54:03,31.8,44520,14,买盘
2837,13:54:06,31.78,187555,59,卖盘
2838,13:54:12,31.8,25437,8,买盘
2839,13:54:15,31.8,66780,21,买盘
2840,13:54:24,31.8,25440,8,买盘
2841,13:54:27,31.8,22258,7,买盘
2842,13:54:30,31.79,216190,68,卖盘
2843,13:54:33,31.8,85860,27,买盘
2844,13:54:36,31.79,12716,4,卖盘
2845,13:54:39,31.79,25432,8,买盘
2846,13:54:42,31.79,108076,34,买盘
2847,13:54:45,31.79,25432,8,买盘
2848,13:54:48,31.79,708717,223,买盘
2849,13:54:51,31.79,181203,57,买盘
2850,13:54:54,31.77,1000901,315,卖盘
2851,13:54:57,31.77,66717,21,买盘
2852,13:55:03,31.77,1118304,352,买盘
2853,13:55:06,31.77,111195,35,买盘
2854,13:55:09,31.77,616338,194,买盘
2855,13:55:12,31.78,2598103,818,买盘
2856,13:55:15,31.79,54043,17,买盘
2857,13:55:27,31.79,3179,1,买盘
2858,13:55:30,31.79,34969,11,买盘
2859,13:55:33,31.78,69916,22,卖盘
2860,13:55:36,31.77,276425,87,卖盘
2861,13:55:42,31.77,9531,3,买盘
2862,13:55:45,31.78,60367,19,买盘
2863,13:55:48,31.76,177869,56,卖盘
2864,13:55:51,31.77,15885,5,卖盘
2865,13:55:57,31.78,118218,37,买盘
2866,13:56:00,31.78,15890,5,卖盘
2867,13:56:03,31.78,19068,6,卖盘
2868,13:56:06,31.79,6358,2,买盘
2869,13:56:12,31.79,34966,11,买盘
2870,13:56:15,31.79,38148,12,买盘
2871,13:56:18,31.79,6358,2,买盘
2872,13:56:24,31.79,34969,11,买盘
2873,13:56:27,31.78,422674,133,卖盘
2874,13:56:30,31.79,31790,10,买盘
2875,13:56:39,31.79,340153,107,买盘
2876,13:56:45,31.79,232067,73,卖盘
2877,13:56:51,31.78,349592,110,卖盘
2878,13:56:54,31.79,6358,2,买盘
2879,13:56:57,31.79,1114893,351,买盘
2880,13:57:00,31.79,158950,50,买盘
2881,13:57:03,31.78,219238,69,中性盘
2882,13:57:06,31.78,492667,155,买盘
2883,13:57:09,31.79,29247,9,买盘
2884,13:57:12,31.8,3180,1,买盘
2885,13:57:18,31.8,12720,4,买盘
2886,13:57:21,31.8,228960,72,买盘
2887,13:57:24,31.8,63600,20,买盘
2888,13:57:27,31.8,273478,86,买盘
2889,13:57:30,31.8,89040,28,买盘
2890,13:57:33,31.8,34980,11,买盘
2891,13:57:36,31.8,12720,4,买盘
2892,13:57:39,31.8,139920,44,买盘
2893,13:57:54,31.81,3181,1,买盘
2894,13:57:57,31.79,1210616,381,卖盘
2895,13:58:00,31.79,25431,8,买盘
2896,13:58:03,31.79,146199,46,买盘
2897,13:58:06,31.79,16531,5,买盘
2898,13:58:09,31.78,168442,53,卖盘
2899,13:58:15,31.8,123984,39,买盘
2900,13:58:18,31.8,19075,6,买盘
2901,13:58:21,31.8,181207,57,买盘
2902,13:58:24,31.79,41333,13,卖盘
2903,13:58:27,31.8,19078,6,买盘
2904,13:58:30,31.79,3179,1,卖盘
2905,13:58:36,31.81,270311,85,买盘
2906,13:58:39,31.79,6358,2,卖盘
2907,13:58:48,31.81,19086,6,买盘
2908,13:58:51,31.8,3180,1,卖盘
2909,13:58:57,31.81,9543,3,买盘
2910,13:59:00,31.8,76335,24,卖盘
2911,13:59:03,31.8,50883,16,卖盘
2912,13:59:06,31.8,34980,11,买盘
2913,13:59:09,31.8,47700,15,买盘
2914,13:59:15,31.8,38160,12,买盘
2915,13:59:18,31.8,54060,17,买盘
2916,13:59:21,31.79,861509,271,卖盘
2917,13:59:24,31.79,34960,11,买盘
2918,13:59:30,31.79,6358,2,买盘
2919,13:59:33,31.78,184325,58,卖盘
2920,13:59:36,31.79,82651,26,买盘
2921,13:59:39,31.79,25432,8,买盘
2922,13:59:42,31.79,12716,4,卖盘
2923,13:59:45,31.8,6360,2,买盘
2924,13:59:48,31.8,120830,38,买盘
2925,13:59:51,31.79,41327,13,卖盘
2926,13:59:54,31.8,22255,7,买盘
2927,13:59:57,31.8,3180,1,买盘
2928,14:00:03,31.78,311458,98,卖盘
2929,14:00:06,31.8,12718,4,买盘
2930,14:00:09,31.8,73140,23,买盘
2931,14:00:12,31.8,47700,15,买盘
2932,14:00:15,31.79,19074,6,卖盘
2933,14:00:18,31.79,31791,10,卖盘
2934,14:00:21,31.8,15900,5,买盘
2935,14:00:24,31.8,38160,12,买盘
2936,14:00:27,31.8,15898,5,买盘
2937,14:00:30,31.78,12712,4,卖盘
2938,14:00:33,31.79,3179,1,买盘
2939,14:00:36,31.77,1314867,414,卖盘
2940,14:00:39,31.74,3003767,946,卖盘
2941,14:00:42,31.74,9522,3,买盘
2942,14:00:45,31.74,28566,9,买盘
2943,14:00:48,31.74,25391,8,买盘
2944,14:00:51,31.73,95215,30,卖盘
2945,14:00:54,31.73,174569,55,卖盘
2946,14:00:57,31.74,57132,18,卖盘
2947,14:01:00,31.75,19050,6,买盘
2948,14:01:03,31.74,31742,10,卖盘
2949,14:01:06,31.75,180939,57,买盘
2950,14:01:09,31.73,412647,130,卖盘
2951,14:01:12,31.74,50784,16,买盘
2952,14:01:15,31.74,298356,94,买盘
2953,14:01:18,31.74,545928,172,买盘
2954,14:01:21,31.74,178379,56,买盘
2955,14:01:24,31.75,98386,31,买盘
2956,14:01:27,31.74,120612,38,卖盘
2957,14:01:30,31.74,6348,2,买盘
2958,14:01:33,31.75,12700,4,买盘
2959,14:01:36,31.74,212698,67,卖盘
2960,14:01:39,31.74,161874,51,卖盘
2961,14:01:42,31.74,152362,48,卖盘
2962,14:01:45,31.74,425216,134,买盘
2963,14:01:48,31.74,6348,2,买盘
2964,14:01:51,31.74,158700,50,买盘
2965,14:01:54,31.73,285580,90,卖盘
2966,14:01:57,31.74,222180,70,卖盘
2967,14:02:00,31.75,3175,1,买盘
2968,14:02:03,31.75,238063,75,买盘
2969,14:02:06,31.75,31747,10,买盘
2970,14:02:09,31.75,177800,56,买盘
2971,14:02:12,31.75,234946,74,买盘
2972,14:02:15,31.75,101600,32,买盘
2973,14:02:18,31.75,69850,22,买盘
2974,14:02:21,31.75,19050,6,卖盘
2975,14:02:24,31.76,123838,39,买盘
2976,14:02:27,31.76,241376,76,买盘
2977,14:02:36,31.78,3178,1,买盘
2978,14:02:39,31.76,25408,8,卖盘
2979,14:02:42,31.78,34944,11,买盘
2980,14:02:45,31.76,76265,24,卖盘
2981,14:02:48,31.76,6352,2,卖盘
2982,14:02:51,31.76,127046,40,卖盘
2983,14:02:54,31.79,31790,10,买盘
2984,14:02:57,31.79,3179,1,买盘
2985,14:03:00,31.76,60359,19,卖盘
2986,14:03:03,31.79,15895,5,买盘
2987,14:03:06,31.76,203264,64,卖盘
2988,14:03:09,31.77,9531,3,买盘
2989,14:03:12,31.79,146169,46,买盘
2990,14:03:15,31.79,9537,3,买盘
2991,14:03:18,31.79,69938,22,买盘
2992,14:03:21,31.77,88957,28,卖盘
2993,14:03:24,31.76,38117,12,卖盘
2994,14:03:27,31.77,38122,12,买盘
2995,14:03:30,31.76,53992,17,卖盘
2996,14:03:33,31.76,492301,155,卖盘
2997,14:03:36,31.75,15875,5,卖盘
2998,14:03:39,31.76,66698,21,中性盘
2999,14:03:42,31.76,784231,247,买盘
3000,14:03:45,31.76,184189,58,买盘
3001,14:03:48,31.74,73019,23,卖盘
3002,14:03:51,31.74,1539191,485,卖盘
3003,14:03:54,31.74,421373,133,买盘
3004,14:03:57,31.74,399716,126,买盘
3005,14:04:00,31.74,12696,4,买盘
3006,14:04:03,31.74,98349,31,买盘
3007,14:04:06,31.74,187901,59,买盘
3008,14:04:09,31.74,6348,2,卖盘
3009,14:04:12,31.71,1221093,385,卖盘
3010,14:04:15,31.76,15880,5,买盘
3011,14:04:18,31.8,625871,197,买盘
3012,14:04:24,31.79,3179,1,中性盘
3013,14:04:27,31.79,3179,1,买盘
3014,14:04:30,31.79,22253,7,买盘
3015,14:04:33,31.79,257493,81,买盘
3016,14:04:36,31.76,60362,19,卖盘
3017,14:04:42,31.79,22241,7,中性盘
3018,14:04:45,31.78,3178,1,中性盘
3019,14:04:51,31.79,9537,3,买盘
3020,14:04:54,31.77,82655,26,卖盘
3021,14:05:00,31.77,9534,3,中性盘
3022,14:05:03,31.8,9537,3,买盘
3023,14:05:09,31.79,209668,66,买盘
3024,14:05:12,31.79,193690,61,买盘
3025,14:05:15,31.75,171463,54,卖盘
3026,14:05:18,31.74,69834,22,卖盘
3027,14:05:21,31.78,69837,22,中性盘
3028,14:05:24,31.78,3178,1,买盘
3029,14:05:30,31.74,292363,92,卖盘
3030,14:05:36,31.75,66735,21,卖盘
3031,14:05:39,31.77,104841,33,中性盘
3032,14:05:42,31.77,63540,20,买盘
3033,14:05:45,31.77,92133,29,买盘
3034,14:05:48,31.76,6352,2,中性盘
3035,14:05:51,31.77,3177,1,买盘
3036,14:05:57,31.77,19062,6,买盘
3037,14:06:00,31.77,19062,6,买盘
3038,14:06:03,31.77,3177,1,买盘
3039,14:06:06,31.77,152496,48,买盘
3040,14:06:09,31.76,92125,29,卖盘
3041,14:06:12,31.77,222273,70,买盘
3042,14:06:15,31.75,349324,110,卖盘
3043,14:06:18,31.76,107964,34,中性盘
3044,14:06:21,31.77,41289,13,买盘
3045,14:06:24,31.76,403225,127,中性盘
3046,14:06:30,31.76,6352,2,买盘
3047,14:06:33,31.76,104808,33,买盘
3048,14:06:36,31.75,539761,170,卖盘
3049,14:06:39,31.74,139689,44,卖盘
3050,14:06:42,31.74,193615,61,卖盘
3051,14:06:45,31.74,228544,72,卖盘
3052,14:06:48,31.75,76180,24,买盘
3053,14:06:51,31.75,425330,134,买盘
3054,14:06:57,31.74,234980,74,卖盘
3055,14:07:00,31.74,184151,58,卖盘
3056,14:07:03,31.74,679285,214,卖盘
3057,14:07:06,31.74,126960,40,卖盘
3058,14:07:09,31.76,6351,2,买盘
3059,14:07:12,31.74,111097,35,卖盘
3060,14:07:15,31.75,31750,10,买盘
3061,14:07:21,31.74,107916,34,卖盘
3062,14:07:27,31.75,9525,3,买盘
3063,14:07:30,31.74,660275,208,卖盘
3064,14:07:33,31.74,180918,57,卖盘
3065,14:07:36,31.74,25392,8,买盘
3066,14:07:45,31.74,155481,49,买盘
3067,14:07:48,31.74,25392,8,买盘
3068,14:07:51,31.74,12696,4,买盘
3069,14:07:54,31.74,76159,24,买盘
3070,14:07:57,31.74,12696,4,买盘
3071,14:08:00,31.75,225424,71,买盘
3072,14:08:03,31.74,19044,6,卖盘
3073,14:08:06,31.74,269790,85,买盘
3074,14:08:09,31.74,22218,7,买盘
3075,14:08:12,31.73,15868,5,卖盘
3076,14:08:15,31.74,28566,9,买盘
3077,14:08:18,31.74,184046,58,买盘
3078,14:08:24,31.74,53958,17,买盘
3079,14:08:27,31.74,6348,2,卖盘
3080,14:08:30,31.73,25385,8,卖盘
3081,14:08:33,31.74,22218,7,卖盘
3082,14:08:36,31.74,114264,36,卖盘
3083,14:08:39,31.75,15873,5,买盘
3084,14:08:42,31.74,47610,15,卖盘
3085,14:08:45,31.74,76176,24,卖盘
3086,14:08:48,31.74,22218,7,买盘
3087,14:08:51,31.74,155503,49,买盘
3088,14:08:54,31.73,206299,65,卖盘
3089,14:08:57,31.75,31750,10,买盘
3090,14:09:00,31.73,72989,23,卖盘
3091,14:09:03,31.74,6347,2,中性盘
3092,14:09:06,31.75,25400,8,买盘
3093,14:09:09,31.74,123809,39,卖盘
3094,14:09:12,31.74,117436,37,买盘
3095,14:09:15,31.74,19044,6,买盘
3096,14:09:18,31.73,190393,60,卖盘
3097,14:09:21,31.74,168186,53,买盘
3098,14:09:24,31.74,304620,96,中性盘
3099,14:09:27,31.73,139652,44,卖盘
3100,14:09:30,31.74,66653,21,卖盘
3101,14:09:33,31.73,190388,60,卖盘
3102,14:09:36,31.74,622442,196,中性盘
3103,14:09:39,31.75,9525,3,卖盘
3104,14:09:42,31.76,31760,10,买盘
3105,14:09:45,31.76,15880,5,买盘
3106,14:09:48,31.76,34936,11,买盘
3107,14:09:51,31.75,38106,12,卖盘
3108,14:09:54,31.75,15875,5,卖盘
3109,14:09:57,31.76,12702,4,买盘
3110,14:10:00,31.76,1599312,504,买盘
3111,14:10:03,31.73,158678,50,卖盘
3112,14:10:06,31.73,329992,104,卖盘
3113,14:10:15,31.74,428357,135,中性盘
3114,14:10:18,31.73,72976,23,卖盘
3115,14:10:21,31.73,53941,17,买盘
3116,14:10:24,31.74,225285,71,买盘
3117,14:10:27,31.73,57098,18,中性盘
3118,14:10:30,31.74,41238,13,买盘
3119,14:10:33,31.73,31730,10,卖盘
3120,14:10:36,31.72,231556,73,卖盘
3121,14:10:39,31.73,295022,93,买盘
3122,14:10:42,31.72,193497,61,卖盘
3123,14:10:45,31.72,459945,145,卖盘
3124,14:10:48,31.73,12692,4,买盘
3125,14:10:51,31.72,256932,81,卖盘
3126,14:10:54,31.72,66612,21,买盘
3127,14:10:57,31.71,342527,108,卖盘
3128,14:11:00,31.71,716656,226,卖盘
3129,14:11:03,31.71,561269,177,卖盘
3130,14:11:06,31.71,269587,85,卖盘
3131,14:11:09,31.71,371007,117,卖盘
3132,14:11:12,31.71,2015831,636,卖盘
3133,14:11:15,31.71,164864,52,买盘
3134,14:11:18,31.71,41212,13,买盘
3135,14:11:21,31.71,561093,177,买盘
3136,14:11:24,31.71,91950,29,买盘
3137,14:11:30,31.7,706919,223,卖盘
3138,14:11:33,31.7,85592,27,卖盘
3139,14:11:39,31.71,219433,69,买盘
3140,14:11:42,31.71,63420,20,卖盘
3141,14:11:45,31.71,57078,18,卖盘
3142,14:11:48,31.71,65957,21,卖盘
3143,14:11:51,31.72,95769,30,买盘
3144,14:11:54,31.72,9516,3,卖盘
3145,14:11:57,31.72,34893,11,卖盘
3146,14:12:00,31.73,482194,152,买盘
3147,14:12:03,31.72,1738270,548,卖盘
3148,14:12:06,31.73,9519,3,中性盘
3149,14:12:09,31.73,31730,10,卖盘
3150,14:12:12,31.73,15864,5,中性盘
3151,14:12:15,31.72,31730,10,卖盘
3152,14:12:18,31.73,25384,8,卖盘
3153,14:12:21,31.73,9519,3,买盘
3154,14:12:24,31.74,92040,29,买盘
3155,14:12:27,31.73,12692,4,中性盘
3156,14:12:30,31.73,6346,2,买盘
3157,14:12:33,31.72,164957,52,卖盘
3158,14:12:36,31.73,3173,1,中性盘
3159,14:12:39,31.73,3173,1,卖盘
3160,14:12:42,31.72,104700,33,卖盘
