,成交时间,成交价格,成交金额,成交量,性质
0,09:25:00,32.02,3288454,1027,卖盘
1,09:30:00,32.05,362289,113,买盘
2,09:30:03,32.11,1220953,380,中性盘
3,09:30:06,32.05,1162610,362,卖盘
4,09:30:09,32.05,272859,85,卖盘
5,09:30:12,32.17,687037,214,买盘
6,09:30:15,32.17,109365,34,买盘
7,09:30:18,32.19,38610,12,买盘
8,09:30:21,32.19,270453,84,卖盘
9,09:30:24,32.21,80495,25,买盘
10,09:30:27,32.21,267388,83,买盘
11,09:30:30,32.21,528637,164,卖盘
12,09:30:33,32.26,264482,82,买盘
13,09:30:36,32.29,1645403,510,买盘
14,09:30:39,32.33,904699,280,买盘
15,09:30:42,32.34,294275,91,买盘
16,09:30:45,32.32,462533,143,卖盘
17,09:30:48,32.31,420015,130,卖盘
18,09:30:51,32.31,184153,57,买盘
19,09:30:54,32.29,80748,25,卖盘
20,09:30:57,32.29,326111,101,中性盘
21,09:31:00,32.26,480935,149,卖盘
22,09:31:03,32.31,345467,107,买盘
23,09:31:06,32.31,581522,180,买盘
24,09:31:09,32.28,1401396,434,卖盘
25,09:31:12,32.32,1670086,517,买盘
26,09:31:15,32.3,355200,110,买盘
27,09:31:18,32.28,1230507,381,卖盘
28,09:31:21,32.29,125948,39,中性盘
29,09:31:24,32.29,461991,143,中性盘
30,09:31:27,32.35,992669,307,买盘
31,09:31:30,32.39,547215,169,买盘
32,09:31:33,32.4,132840,41,买盘
33,09:31:36,32.39,732223,226,中性盘
34,09:31:39,32.31,769841,238,卖盘
35,09:31:42,32.37,129475,40,买盘
36,09:31:45,32.3,51727,16,卖盘
37,09:31:48,32.31,19381,6,中性盘
38,09:31:51,32.33,58191,18,买盘
39,09:31:54,32.32,51712,16,卖盘
40,09:31:57,32.32,229488,71,卖盘
41,09:32:00,32.31,184246,57,卖盘
42,09:32:03,32.32,193926,60,买盘
43,09:32:06,32.33,245707,76,买盘
44,09:32:09,32.35,64691,20,买盘
45,09:32:12,32.36,323542,100,买盘
46,09:32:15,32.36,158598,49,卖盘
47,09:32:18,32.34,491859,152,卖盘
48,09:32:21,32.41,1408574,435,买盘
49,09:32:24,32.41,356382,110,买盘
50,09:32:27,32.41,269075,83,中性盘
51,09:32:30,32.41,197494,61,中性盘
52,09:32:33,32.37,93973,29,卖盘
53,09:32:36,32.38,300962,93,买盘
54,09:32:39,32.37,330130,102,中性盘
55,09:32:42,32.37,155366,48,卖盘
56,09:32:45,32.37,161853,50,卖盘
57,09:32:48,32.37,431072,133,买盘
58,09:32:51,32.36,427280,132,卖盘
59,09:32:54,32.37,255710,79,买盘
60,09:32:57,32.35,662578,205,卖盘
61,09:33:00,32.35,491704,152,买盘
62,09:33:03,32.35,271701,84,买盘
63,09:33:06,32.34,236100,73,卖盘
64,09:33:09,32.34,151977,47,买盘
65,09:33:12,32.33,103472,32,卖盘
66,09:33:15,32.33,129320,40,卖盘
67,09:33:18,32.33,132559,41,卖盘
68,09:33:21,32.32,323271,100,卖盘
69,09:33:24,32.31,90488,28,卖盘
70,09:33:27,32.3,119540,37,卖盘
71,09:33:30,32.3,281010,87,卖盘
72,09:33:33,32.28,374536,116,卖盘
73,09:33:36,32.26,277407,86,卖盘
74,09:33:39,32.26,151612,47,买盘
75,09:33:42,32.26,470852,146,买盘
76,09:33:45,32.25,467651,145,卖盘
77,09:33:48,32.26,209631,65,买盘
78,09:33:51,32.26,51605,16,买盘
79,09:33:54,32.25,129012,40,卖盘
80,09:33:57,32.25,303200,94,卖盘
81,09:34:00,32.26,190297,59,买盘
82,09:34:03,32.25,93536,29,卖盘
83,09:34:06,32.26,264498,82,买盘
84,09:34:09,32.26,225873,70,买盘
85,09:34:12,32.28,132348,41,买盘
86,09:34:15,32.25,2247881,697,卖盘
87,09:34:18,32.28,70997,22,买盘
88,09:34:21,32.26,209816,65,中性盘
89,09:34:24,32.26,1236163,383,卖盘
90,09:34:27,32.26,222609,69,卖盘
91,09:34:30,32.3,190570,59,买盘
92,09:34:33,32.3,3443669,1067,卖盘
93,09:34:36,32.32,849916,263,买盘
94,09:34:39,32.3,119524,37,卖盘
95,09:34:42,32.32,180992,56,买盘
96,09:34:45,32.32,22624,7,买盘
97,09:34:48,32.32,630220,195,买盘
98,09:34:51,32.31,138961,43,中性盘
99,09:34:54,32.32,161590,50,买盘
100,09:34:57,32.3,100156,31,卖盘
101,09:35:00,32.4,4162555,1286,买盘
102,09:35:03,32.4,832807,257,买盘
103,09:35:06,32.42,349963,108,买盘
104,09:35:09,32.42,90750,28,买盘
105,09:35:12,32.43,590032,182,买盘
106,09:35:15,32.42,97257,30,中性盘
107,09:35:18,32.42,213949,66,买盘
108,09:35:21,32.42,265811,82,买盘
109,09:35:24,32.41,440862,136,中性盘
110,09:35:27,32.36,330529,102,卖盘
111,09:35:30,32.36,45354,14,卖盘
112,09:35:33,32.4,142560,44,买盘
113,09:35:36,32.38,32355,10,中性盘
114,09:35:39,32.35,74459,23,卖盘
115,09:35:42,32.4,174945,54,买盘
116,09:35:45,32.4,161998,50,买盘
117,09:35:48,32.4,741961,229,买盘
118,09:35:51,32.4,301326,93,卖盘
119,09:35:54,32.41,829620,256,买盘
120,09:35:57,32.4,881317,272,卖盘
121,09:36:00,32.4,311035,96,买盘
122,09:36:03,32.43,3296776,1017,买盘
123,09:36:06,32.42,680893,210,卖盘
124,09:36:09,32.43,188046,58,买盘
125,09:36:12,32.42,402082,124,卖盘
126,09:36:15,32.48,1447039,446,买盘
127,09:36:18,32.46,389714,120,卖盘
128,09:36:21,32.47,172114,53,中性盘
129,09:36:24,32.48,493735,152,买盘
130,09:36:27,32.48,1435654,442,卖盘
131,09:36:30,32.49,838415,258,买盘
132,09:36:33,32.5,493945,152,买盘
133,09:36:36,32.5,1355098,417,买盘
134,09:36:39,32.49,1799916,554,卖盘
135,09:36:42,32.49,399691,123,卖盘
136,09:36:45,32.45,867141,267,卖盘
137,09:36:48,32.47,107086,33,买盘
138,09:36:51,32.44,1292072,398,卖盘
139,09:36:54,32.45,84408,26,中性盘
140,09:36:57,32.46,61670,19,中性盘
141,09:37:00,32.47,191585,59,买盘
142,09:37:03,32.48,272786,84,买盘
143,09:37:06,32.53,2437649,750,买盘
144,09:37:09,32.53,178904,55,买盘
145,09:37:12,32.54,367550,113,买盘
146,09:37:15,32.52,217870,67,卖盘
147,09:37:18,32.52,100815,31,买盘
148,09:37:21,32.54,302542,93,买盘
149,09:37:24,32.64,4123803,1266,买盘
150,09:37:27,32.74,3035353,929,买盘
151,09:37:30,32.74,385992,118,买盘
152,09:37:33,32.74,193108,59,买盘
153,09:37:36,32.77,910640,278,买盘
154,09:37:39,32.74,1636676,500,卖盘
155,09:37:42,32.83,2931745,894,买盘
156,09:37:45,32.84,722527,220,买盘
157,09:37:48,32.84,1127024,343,卖盘
158,09:37:51,32.85,1538557,468,卖盘
159,09:37:54,32.87,1015609,309,中性盘
160,09:37:57,32.96,1978085,601,买盘
161,09:38:00,32.93,731294,222,卖盘
162,09:38:03,32.98,2252803,684,买盘
163,09:38:06,32.93,3084437,936,中性盘
164,09:38:09,32.92,757778,230,卖盘
165,09:38:12,32.9,572636,174,卖盘
166,09:38:15,32.92,730779,222,买盘
167,09:38:18,32.9,1098947,334,卖盘
168,09:38:21,32.9,1065958,324,买盘
169,09:38:24,32.88,1049254,319,卖盘
170,09:38:27,32.87,644205,196,卖盘
171,09:38:30,32.86,378067,115,中性盘
172,09:38:33,32.85,575016,175,卖盘
173,09:38:36,32.84,683422,208,卖盘
174,09:38:39,32.85,920022,280,买盘
175,09:38:42,32.84,764976,233,卖盘
176,09:38:45,32.82,124717,38,卖盘
177,09:38:48,32.82,242877,74,卖盘
178,09:38:51,32.81,574224,175,卖盘
179,09:38:54,32.8,242733,74,卖盘
180,09:38:57,33.0,18367274,5581,买盘
181,09:39:00,33.06,5426219,1644,买盘
182,09:39:03,33.27,10397401,3132,买盘
183,09:39:06,33.19,4394298,1322,卖盘
184,09:39:09,33.13,1933543,583,卖盘
185,09:39:12,33.26,889502,268,买盘
186,09:39:15,33.16,606858,183,中性盘
187,09:39:18,33.08,3522869,1063,卖盘
188,09:39:21,33.06,1528959,462,卖盘
189,09:39:24,33.11,221875,67,中性盘
190,09:39:27,33.11,910678,275,买盘
191,09:39:30,33.09,413555,125,中性盘
192,09:39:33,33.09,843893,255,买盘
193,09:39:36,33.09,1370468,414,卖盘
194,09:39:39,33.12,708897,214,买盘
195,09:39:42,33.16,649230,196,买盘
196,09:39:45,33.13,354502,107,卖盘
197,09:39:48,33.17,245347,74,买盘
198,09:39:51,33.1,4108869,1241,卖盘
199,09:39:54,33.1,99350,30,卖盘
200,09:39:57,33.1,811297,245,卖盘
201,09:40:00,33.13,350926,106,买盘
202,09:40:03,33.16,2497585,754,买盘
203,09:40:06,33.09,698769,211,卖盘
204,09:40:09,33.15,639477,193,买盘
205,09:40:12,33.1,1794008,542,中性盘
206,09:40:15,33.09,698710,211,中性盘
207,09:40:18,33.09,592532,179,买盘
208,09:40:21,33.11,463397,140,买盘
209,09:40:24,33.1,622367,188,卖盘
210,09:40:27,33.1,579206,175,卖盘
211,09:40:30,33.12,2270632,686,买盘
212,09:40:33,33.1,877514,265,卖盘
213,09:40:36,33.1,625814,189,卖盘
214,09:40:39,33.08,1694437,512,卖盘
215,09:40:42,33.08,258003,78,买盘
216,09:40:45,33.07,310858,94,卖盘
217,09:40:48,33.05,367113,111,卖盘
218,09:40:51,33.05,1120230,339,卖盘
219,09:40:54,33.05,198312,60,卖盘
220,09:40:57,33.04,254475,77,卖盘
221,09:41:00,33.04,330383,100,卖盘
222,09:41:03,33.04,1397843,423,卖盘
223,09:41:06,33.05,356809,108,买盘
224,09:41:09,32.99,1644235,498,卖盘
225,09:41:12,33.03,326792,99,买盘
226,09:41:15,33.0,204629,62,中性盘
227,09:41:18,32.99,214473,65,卖盘
228,09:41:21,33.01,518224,157,买盘
229,09:41:24,33.0,379576,115,卖盘
230,09:41:27,32.99,313402,95,卖盘
231,09:41:30,32.99,69277,21,买盘
232,09:41:33,32.97,494609,150,卖盘
233,09:41:36,32.97,234182,71,卖盘
234,09:41:39,33.03,7397409,2241,买盘
235,09:41:42,33.04,898193,272,买盘
236,09:41:45,33.04,1364608,413,买盘
237,09:41:48,33.03,664170,201,卖盘
238,09:41:51,33.04,727039,220,买盘
239,09:41:54,33.03,647355,196,卖盘
240,09:41:57,33.01,62729,19,卖盘
241,09:42:00,33.0,122110,37,卖盘
242,09:42:03,33.0,1372735,416,卖盘
243,09:42:06,32.97,897447,272,卖盘
244,09:42:09,33.0,1000014,303,买盘
245,09:42:12,33.0,2273335,689,卖盘
246,09:42:15,32.99,46171,14,中性盘
247,09:42:18,32.98,32980,10,卖盘
248,09:42:21,32.99,118744,36,买盘
249,09:42:24,32.98,135214,41,中性盘
250,09:42:27,32.97,224173,68,卖盘
251,09:42:30,32.94,13176,4,卖盘
252,09:42:33,32.97,1964982,596,买盘
253,09:42:36,32.94,2155573,655,卖盘
254,09:42:39,32.93,144896,44,卖盘
255,09:42:42,32.93,184414,56,卖盘
256,09:42:45,32.92,279918,85,卖盘
257,09:42:48,32.92,319344,97,卖盘
258,09:42:51,32.91,539708,164,卖盘
259,09:42:54,32.89,157954,48,卖盘
260,09:42:57,32.9,36183,11,中性盘
261,09:43:00,32.88,272923,83,卖盘
262,09:43:03,32.88,391293,119,卖盘
263,09:43:06,32.88,282768,86,买盘
264,09:43:09,32.87,256393,78,卖盘
265,09:43:12,32.86,144602,44,卖盘
266,09:43:15,32.86,95294,29,买盘
267,09:43:18,32.85,164250,50,卖盘
268,09:43:21,32.8,1742380,531,卖盘
269,09:43:24,32.83,32830,10,买盘
270,09:43:27,32.83,390652,119,卖盘
271,09:43:30,32.83,534945,163,买盘
272,09:43:33,32.81,265811,81,卖盘
273,09:43:36,32.81,98447,30,卖盘
274,09:43:39,32.8,705269,215,卖盘
275,09:43:42,32.8,144320,44,买盘
276,09:43:45,32.82,958038,292,买盘
277,09:43:48,32.83,407035,124,买盘
278,09:43:51,32.84,505787,154,中性盘
279,09:43:54,32.84,141240,43,卖盘
280,09:43:57,32.84,242982,74,卖盘
281,09:44:00,32.83,568070,173,卖盘
282,09:44:03,32.84,55831,17,中性盘
283,09:44:06,32.84,32839,10,卖盘
284,09:44:09,32.76,8094666,2467,卖盘
285,09:44:12,32.75,239023,73,中性盘
286,09:44:15,32.76,140868,43,中性盘
287,09:44:18,32.76,45864,14,买盘
288,09:44:21,32.77,111388,34,中性盘
289,09:44:24,32.77,393149,120,买盘
290,09:44:27,32.79,183563,56,买盘
291,09:44:30,32.77,16389,5,中性盘
292,09:44:33,32.79,52463,16,买盘
293,09:44:36,32.79,216330,66,买盘
294,09:44:39,32.8,85276,26,买盘
295,09:44:42,32.8,373923,114,买盘
296,09:44:45,32.8,1390322,424,卖盘
297,09:44:48,32.8,78727,24,卖盘
298,09:44:51,32.8,259196,79,卖盘
299,09:44:54,32.82,85287,26,买盘
300,09:44:57,32.81,68909,21,卖盘
301,09:45:00,32.82,6564,2,卖盘
302,09:45:03,32.8,193583,59,卖盘
303,09:45:06,32.81,45932,14,中性盘
304,09:45:09,32.77,685384,209,卖盘
305,09:45:12,32.78,2030125,620,买盘
306,09:45:18,32.77,140925,43,中性盘
307,09:45:21,32.77,36037,11,买盘
308,09:45:24,32.76,147433,45,卖盘
309,09:45:27,32.76,268600,82,卖盘
310,09:45:30,32.76,222772,68,买盘
311,09:45:33,32.76,19656,6,买盘
312,09:45:36,32.74,36019,11,卖盘
313,09:45:39,32.74,582863,178,卖盘
314,09:45:42,32.74,337222,103,买盘
315,09:45:45,32.73,166923,51,卖盘
316,09:45:48,32.7,402319,123,卖盘
317,09:45:54,32.71,19626,6,卖盘
318,09:45:57,32.71,379343,116,中性盘
319,09:46:00,32.7,225637,69,卖盘
320,09:46:03,32.7,467610,143,买盘
321,09:46:06,32.7,147145,45,买盘
322,09:46:09,32.7,22890,7,买盘
323,09:46:12,32.7,71928,22,买盘
324,09:46:15,32.7,183118,56,买盘
325,09:46:18,32.69,202707,62,卖盘
326,09:46:21,32.68,911953,279,卖盘
327,09:46:24,32.69,304516,93,买盘
328,09:46:27,32.69,45771,14,卖盘
329,09:46:30,32.7,120369,37,买盘
330,09:46:33,32.69,457559,140,买盘
331,09:46:36,32.68,52288,16,卖盘
332,09:46:39,32.67,94759,29,卖盘
333,09:46:42,32.67,179736,55,卖盘
334,09:46:45,32.67,68608,21,卖盘
335,09:46:48,32.71,955187,292,买盘
336,09:46:51,32.71,333771,102,卖盘
337,09:46:54,32.71,75255,23,卖盘
338,09:46:57,32.72,366311,112,中性盘
339,09:47:00,32.77,638916,195,买盘
340,09:47:03,32.72,419094,128,卖盘
341,09:47:06,32.8,167265,51,买盘
342,09:47:09,32.8,186771,57,买盘
343,09:47:12,32.8,32800,10,买盘
344,09:47:15,32.8,2682216,820,买盘
345,09:47:18,32.8,213215,65,买盘
346,09:47:24,32.81,19686,6,买盘
347,09:47:27,32.8,216484,66,卖盘
348,09:47:30,32.79,29511,9,中性盘
349,09:47:33,32.8,176924,54,买盘
350,09:47:36,32.75,42575,13,中性盘
351,09:47:39,32.73,36003,11,卖盘
352,09:47:42,32.78,265512,81,买盘
353,09:47:45,32.74,13096,4,卖盘
354,09:47:48,32.73,75274,23,卖盘
355,09:47:51,32.73,130887,40,买盘
356,09:47:54,32.73,49083,15,买盘
357,09:47:57,32.73,3273,1,买盘
358,09:48:00,32.71,150554,46,卖盘
359,09:48:03,32.7,62134,19,卖盘
360,09:48:06,32.7,120958,37,买盘
361,09:48:09,32.7,117740,36,卖盘
362,09:48:12,32.7,3270,1,卖盘
363,09:48:15,32.7,49050,15,卖盘
364,09:48:18,32.7,55590,17,卖盘
365,09:48:21,32.7,137283,42,中性盘
366,09:48:24,32.7,62130,19,买盘
367,09:48:27,32.7,98043,30,买盘
368,09:48:30,32.7,127530,39,买盘
369,09:48:33,32.71,150429,46,买盘
370,09:48:36,32.71,19624,6,买盘
371,09:48:39,32.7,160230,49,卖盘
372,09:48:42,32.7,376020,115,卖盘
373,09:48:45,32.7,26160,8,买盘
374,09:48:48,32.7,52311,16,买盘
375,09:48:51,32.7,245239,75,买盘
376,09:48:54,32.69,101360,31,卖盘
377,09:48:57,32.68,55567,17,卖盘
378,09:49:00,32.69,9807,3,中性盘
379,09:49:03,32.69,35959,11,买盘
380,09:49:06,32.69,454307,139,买盘
381,09:49:09,32.66,88203,27,卖盘
382,09:49:12,32.68,9804,3,买盘
383,09:49:15,32.63,1831489,561,卖盘
384,09:49:18,32.65,71830,22,买盘
385,09:49:21,32.63,58747,18,卖盘
386,09:49:24,32.66,19590,6,买盘
387,09:49:27,32.63,78314,24,卖盘
388,09:49:30,32.66,222052,68,买盘
389,09:49:33,32.65,6529,2,中性盘
390,09:49:36,32.66,127364,39,买盘
391,09:49:39,32.65,111015,34,中性盘
392,09:49:42,32.67,342905,105,买盘
393,09:49:45,32.71,1997711,611,买盘
394,09:49:48,32.71,700085,214,卖盘
395,09:49:51,32.69,49041,15,卖盘
396,09:49:54,32.73,81805,25,买盘
397,09:49:57,32.71,32715,10,卖盘
398,09:50:00,32.73,65453,20,买盘
399,09:50:03,32.72,9816,3,中性盘
400,09:50:06,32.7,130835,40,卖盘
401,09:50:12,32.69,3269,1,卖盘
402,09:50:15,32.71,16355,5,买盘
403,09:50:18,32.7,29430,9,卖盘
404,09:50:21,32.69,91550,28,卖盘
405,09:50:24,32.7,101369,31,买盘
406,09:50:27,32.7,101379,31,买盘
407,09:50:30,32.71,65403,20,买盘
408,09:50:33,32.69,42501,13,卖盘
409,09:50:36,32.7,9810,3,卖盘
410,09:50:39,32.7,3270,1,买盘
411,09:50:42,32.69,9809,3,卖盘
412,09:50:45,32.68,644285,197,卖盘
413,09:50:48,32.69,22885,7,卖盘
414,09:50:51,32.69,45766,14,卖盘
415,09:50:54,32.68,26145,8,卖盘
416,09:50:57,32.69,16345,5,买盘
417,09:51:00,32.69,45766,14,买盘
418,09:51:03,32.66,892157,273,卖盘
419,09:51:06,32.63,486565,149,卖盘
420,09:51:09,32.63,29369,9,卖盘
421,09:51:12,32.69,532281,163,买盘
422,09:51:15,32.62,137048,42,卖盘
423,09:51:18,32.63,26104,8,中性盘
424,09:51:21,32.65,130584,40,中性盘
425,09:51:24,32.63,75053,23,卖盘
426,09:51:27,32.63,35893,11,卖盘
427,09:51:30,32.63,97900,30,卖盘
428,09:51:33,32.68,669402,205,买盘
429,09:51:36,32.69,13076,4,买盘
430,09:51:39,32.7,385737,118,买盘
431,09:51:42,32.69,22883,7,卖盘
432,09:51:45,32.68,192825,59,卖盘
433,09:51:48,32.68,35958,11,卖盘
434,09:51:51,32.68,19608,6,卖盘
435,09:51:54,32.68,183008,56,卖盘
436,09:51:57,32.68,137258,42,卖盘
437,09:52:00,32.68,39216,12,卖盘
438,09:52:03,32.68,647064,198,卖盘
439,09:52:06,32.68,1140769,349,卖盘
440,09:52:09,32.66,1951055,597,卖盘
441,09:52:12,32.69,29418,9,买盘
442,09:52:15,32.69,124197,38,买盘
443,09:52:21,32.69,398759,122,买盘
444,09:52:24,32.68,3268,1,中性盘
445,09:52:27,32.74,1494939,457,买盘
446,09:52:30,32.75,75321,23,买盘
447,09:52:33,32.76,32757,10,买盘
448,09:52:36,32.76,29480,9,买盘
449,09:52:39,32.75,104820,32,卖盘
450,09:52:42,32.77,72068,22,买盘
451,09:52:45,32.79,62274,19,买盘
452,09:52:48,32.79,36066,11,买盘
453,09:52:51,32.79,134430,41,买盘
454,09:52:54,32.8,652567,199,买盘
455,09:53:00,32.8,426292,130,买盘
456,09:53:03,32.81,196816,60,买盘
457,09:53:06,32.8,3280,1,买盘
458,09:53:09,32.8,52480,16,买盘
459,09:53:12,32.83,337910,103,买盘
460,09:53:15,32.83,9849,3,买盘
461,09:53:18,32.85,643692,196,买盘
462,09:53:21,32.86,13137,4,买盘
463,09:53:24,32.87,144611,44,买盘
464,09:53:27,32.86,131467,40,中性盘
465,09:53:30,32.9,2202781,670,买盘
466,09:53:33,32.9,36190,11,买盘
467,09:53:36,32.9,46060,14,卖盘
468,09:53:39,32.89,23028,7,卖盘
469,09:53:42,32.9,52628,16,买盘
470,09:53:45,32.89,82211,25,买盘
471,09:53:48,32.88,19730,6,中性盘
472,09:53:51,32.88,13152,4,买盘
473,09:53:54,32.87,236664,72,卖盘
474,09:53:57,32.88,3288,1,买盘
475,09:54:00,32.87,549094,167,卖盘
476,09:54:03,32.88,39454,12,买盘
477,09:54:06,32.88,26301,8,买盘
478,09:54:09,32.88,82201,25,卖盘
479,09:54:12,32.89,105228,32,买盘
480,09:54:15,32.88,164400,50,卖盘
481,09:54:18,32.88,121656,37,买盘
482,09:54:21,32.88,52597,16,买盘
483,09:54:24,32.88,420847,128,买盘
484,09:54:27,32.87,19722,6,卖盘
485,09:54:30,32.87,203663,62,买盘
486,09:54:33,32.87,3287,1,买盘
487,09:54:36,32.88,328728,100,买盘
488,09:54:39,32.83,36116,11,卖盘
489,09:54:42,32.83,16418,5,卖盘
490,09:54:45,32.83,29559,9,卖盘
491,09:54:48,32.81,26260,8,卖盘
492,09:54:51,32.83,32820,10,买盘
493,09:54:54,32.83,36112,11,买盘
494,09:54:57,32.81,19686,6,卖盘
495,09:55:03,32.79,85271,26,卖盘
496,09:55:06,32.79,16399,5,卖盘
497,09:55:09,32.79,226185,69,买盘
498,09:55:12,32.68,301094,92,卖盘
499,09:55:15,32.72,49089,15,中性盘
500,09:55:18,32.73,3273,1,中性盘
501,09:55:21,32.73,55643,17,卖盘
502,09:55:24,32.73,32730,10,卖盘
503,09:55:27,32.72,9817,3,卖盘
504,09:55:30,32.73,65460,20,买盘
505,09:55:33,32.73,101475,31,卖盘
506,09:55:36,32.72,297763,91,卖盘
507,09:55:39,32.72,42536,13,卖盘
508,09:55:42,32.7,101393,31,卖盘
509,09:55:45,32.71,117726,36,买盘
510,09:55:48,32.69,29428,9,卖盘
511,09:55:51,32.7,84999,26,中性盘
512,09:55:54,32.69,6538,2,卖盘
513,09:56:00,32.69,146997,45,买盘
514,09:56:03,32.66,26131,8,卖盘
515,09:56:06,32.67,65340,20,买盘
516,09:56:09,32.67,3267,1,买盘
517,09:56:12,32.67,101254,31,买盘
518,09:56:15,32.68,88204,27,买盘
519,09:56:18,32.67,55530,17,中性盘
520,09:56:24,32.67,3267,1,卖盘
521,09:56:27,32.67,133947,41,卖盘
522,09:56:30,32.67,32679,10,卖盘
523,09:56:33,32.68,173172,53,买盘
524,09:56:36,32.68,428072,131,卖盘
525,09:56:39,32.68,35948,11,买盘
526,09:56:42,32.66,199331,61,卖盘
527,09:56:45,32.67,19603,6,中性盘
528,09:56:48,32.68,19608,6,买盘
529,09:56:51,32.68,32673,10,买盘
530,09:56:54,32.68,107849,33,买盘
531,09:56:57,32.69,1898813,581,买盘
532,09:57:00,32.69,13076,4,卖盘
533,09:57:03,32.71,189694,58,买盘
534,09:57:06,32.71,88317,27,买盘
535,09:57:09,32.71,52322,16,买盘
536,09:57:12,32.73,1442934,441,买盘
537,09:57:15,32.73,327340,100,卖盘
538,09:57:18,32.73,134211,41,卖盘
539,09:57:21,32.73,121101,37,卖盘
540,09:57:24,32.71,497251,152,卖盘
541,09:57:27,32.71,127569,39,卖盘
542,09:57:30,32.74,327345,100,买盘
543,09:57:33,32.7,81752,25,卖盘
544,09:57:39,32.71,42515,13,买盘
545,09:57:42,32.68,2143932,656,卖盘
546,09:57:48,32.7,6540,2,卖盘
547,09:57:51,32.7,16368,5,卖盘
548,09:57:57,32.7,228900,70,卖盘
549,09:58:00,32.74,3274,1,买盘
550,09:58:03,32.75,6551,2,卖盘
551,09:58:06,32.75,3275,1,卖盘
552,09:58:09,32.78,16390,5,买盘
553,09:58:12,32.8,59040,18,买盘
554,09:58:15,32.8,88558,27,买盘
555,09:58:18,32.8,183385,56,买盘
556,09:58:21,32.8,193520,59,买盘
557,09:58:24,32.8,3280,1,卖盘
558,09:58:27,32.81,22961,7,买盘
559,09:58:30,32.81,22964,7,买盘
560,09:58:33,32.83,236294,72,买盘
561,09:58:36,32.84,3284,1,买盘
562,09:58:39,32.84,19701,6,买盘
563,09:58:42,32.85,118230,36,买盘
564,09:58:45,32.85,13140,4,买盘
565,09:58:48,32.86,65715,20,买盘
566,09:58:51,32.84,72250,22,卖盘
567,09:58:54,32.84,200370,61,买盘
568,09:58:57,32.84,3284,1,买盘
569,09:59:00,32.84,68957,21,买盘
570,09:59:06,32.83,219939,67,买盘
571,09:59:09,32.83,249436,76,买盘
572,09:59:12,32.83,315288,96,买盘
573,09:59:15,32.83,101738,31,卖盘
574,09:59:18,32.8,246166,75,卖盘
575,09:59:21,32.83,242914,74,买盘
576,09:59:24,32.8,32803,10,卖盘
577,09:59:27,32.81,9845,3,中性盘
578,09:59:30,32.81,29529,9,中性盘
579,09:59:33,32.82,49218,15,买盘
580,09:59:36,32.81,22967,7,卖盘
581,09:59:39,32.81,324819,99,卖盘
582,09:59:45,32.81,39367,12,买盘
583,09:59:51,32.81,101700,31,买盘
584,09:59:54,32.81,232947,71,买盘
585,09:59:57,32.82,239515,73,买盘
586,10:00:00,32.83,72205,22,买盘
587,10:00:03,32.84,269225,82,买盘
588,10:00:06,32.85,6570,2,买盘
589,10:00:12,32.84,13136,4,卖盘
590,10:00:15,32.83,91950,28,卖盘
591,10:00:18,32.84,367909,112,中性盘
592,10:00:21,32.84,39408,12,卖盘
593,10:00:24,32.82,91919,28,卖盘
594,10:00:27,32.84,19704,6,买盘
595,10:00:30,32.81,170623,52,卖盘
596,10:00:33,32.85,722489,220,买盘
597,10:00:36,32.84,91952,28,卖盘
598,10:00:39,32.84,167484,51,卖盘
599,10:00:42,32.84,348121,106,卖盘
600,10:00:45,32.84,883422,269,卖盘
601,10:00:48,32.84,45976,14,卖盘
602,10:00:51,32.82,13128,4,卖盘
603,10:00:54,32.82,13128,4,卖盘
604,10:00:57,32.82,26256,8,卖盘
605,10:01:00,32.82,19692,6,中性盘
606,10:01:03,32.81,95156,29,卖盘
607,10:01:06,32.81,121397,37,卖盘
608,10:01:09,32.82,337958,103,买盘
609,10:01:12,32.82,65626,20,买盘
610,10:01:15,32.82,45940,14,买盘
611,10:01:18,32.81,127989,39,卖盘
612,10:01:21,32.82,111583,34,买盘
613,10:01:24,32.83,226444,69,买盘
614,10:01:27,32.84,180597,55,买盘
615,10:01:30,32.85,101816,31,买盘
616,10:01:33,32.84,65683,20,卖盘
617,10:01:39,32.84,85381,26,买盘
618,10:01:45,32.84,55828,17,买盘
619,10:01:48,32.83,6566,2,卖盘
620,10:01:54,32.83,36122,11,卖盘
621,10:01:57,32.84,68955,21,买盘
622,10:02:00,32.83,26270,8,卖盘
623,10:02:03,32.85,528639,161,买盘
624,10:02:06,32.85,45984,14,买盘
625,10:02:09,32.83,62392,19,卖盘
626,10:02:12,32.83,154313,47,中性盘
627,10:02:15,32.85,3285,1,买盘
628,10:02:18,32.84,6568,2,卖盘
629,10:02:21,32.85,26273,8,买盘
630,10:02:24,32.84,755498,230,卖盘
631,10:02:27,32.84,45988,14,卖盘
632,10:02:30,32.84,6568,2,卖盘
633,10:02:33,32.84,16422,5,卖盘
634,10:02:36,32.84,39408,12,卖盘
635,10:02:39,32.85,1077462,328,买盘
636,10:02:42,32.86,16429,5,买盘
637,10:02:45,32.85,82136,25,卖盘
638,10:02:48,32.85,3285,1,卖盘
639,10:02:51,32.85,78840,24,卖盘
640,10:02:54,32.85,6570,2,买盘
641,10:02:57,32.84,65680,20,卖盘
642,10:03:00,32.84,9852,3,卖盘
643,10:03:03,32.84,42692,13,卖盘
644,10:03:06,32.84,177353,54,卖盘
645,10:03:09,32.84,3284,1,卖盘
646,10:03:12,32.85,16425,5,买盘
647,10:03:15,32.84,3284,1,卖盘
648,10:03:18,32.85,154394,47,买盘
649,10:03:21,32.86,193874,59,买盘
650,10:03:24,32.86,111710,34,买盘
651,10:03:27,32.85,26286,8,卖盘
652,10:03:30,32.86,9858,3,买盘
653,10:03:33,32.87,85457,26,买盘
654,10:03:36,32.87,59166,18,买盘
655,10:03:39,32.86,115043,35,卖盘
656,10:03:42,32.87,88723,27,买盘
657,10:03:45,32.86,46007,14,卖盘
658,10:03:48,32.87,483276,147,买盘
659,10:03:51,32.89,555723,169,买盘
660,10:03:54,32.88,230229,70,卖盘
661,10:03:57,32.89,85514,26,买盘
662,10:04:00,32.9,124984,38,买盘
663,10:04:03,32.88,118418,36,卖盘
664,10:04:06,32.9,338851,103,买盘
665,10:04:09,32.89,203928,62,卖盘
666,10:04:12,32.9,26320,8,买盘
667,10:04:15,32.9,259904,79,买盘
668,10:04:18,32.95,4222337,1283,买盘
669,10:04:21,32.94,95507,29,中性盘
670,10:04:24,32.96,434977,132,买盘
671,10:04:27,32.95,42832,13,中性盘
672,10:04:30,32.96,59328,18,买盘
673,10:04:33,32.95,39540,12,买盘
674,10:04:36,32.96,398794,121,买盘
675,10:04:39,32.96,56032,17,买盘
676,10:04:45,32.94,227350,69,卖盘
677,10:04:48,32.95,131800,40,买盘
678,10:04:51,32.9,69134,21,卖盘
679,10:04:54,32.93,55972,17,买盘
680,10:04:57,32.91,92202,28,中性盘
681,10:05:00,32.93,69140,21,买盘
682,10:05:03,32.93,246940,75,买盘
683,10:05:06,32.92,16460,5,卖盘
684,10:05:09,32.93,312804,95,买盘
685,10:05:12,32.92,194228,59,卖盘
686,10:05:15,32.92,75694,23,买盘
687,10:05:18,32.91,177670,54,中性盘
688,10:05:24,32.89,19734,6,卖盘
689,10:05:27,32.9,26313,8,买盘
690,10:05:30,32.9,128278,39,买盘
691,10:05:33,32.89,46049,14,卖盘
692,10:05:36,32.89,105277,32,卖盘
693,10:05:39,32.89,26312,8,卖盘
694,10:05:42,32.9,82250,25,买盘
695,10:05:45,32.9,190840,58,卖盘
696,10:05:48,32.89,134877,41,卖盘
697,10:05:51,32.9,128310,39,买盘
698,10:05:54,32.9,19740,6,卖盘
699,10:05:57,32.89,55923,17,卖盘
700,10:06:00,32.9,3290,1,买盘
701,10:06:03,32.91,335581,102,买盘
702,10:06:06,32.9,256659,78,中性盘
703,10:06:09,32.9,391532,119,卖盘
704,10:06:12,32.9,88833,27,卖盘
705,10:06:15,32.9,203984,62,买盘
706,10:06:18,32.89,62492,19,卖盘
707,10:06:21,32.89,49340,15,卖盘
708,10:06:24,32.89,42760,13,卖盘
709,10:06:27,32.89,85514,26,卖盘
710,10:06:30,32.88,1953564,594,卖盘
711,10:06:33,32.88,39447,12,买盘
712,10:06:36,32.88,26298,8,买盘
713,10:06:39,32.86,75599,23,卖盘
714,10:06:45,32.85,62415,19,卖盘
715,10:06:48,32.88,1167741,355,买盘
716,10:06:51,32.89,9865,3,中性盘
717,10:06:54,32.88,164422,50,卖盘
718,10:06:57,32.88,55887,17,卖盘
719,10:07:00,32.87,13148,4,卖盘
720,10:07:03,32.88,144666,44,买盘
721,10:07:06,32.89,401150,122,买盘
722,10:07:09,32.88,177591,54,卖盘
723,10:07:12,32.88,92066,28,卖盘
724,10:07:15,32.88,134808,41,卖盘
725,10:07:18,32.88,23021,7,卖盘
726,10:07:21,32.88,36168,11,卖盘
727,10:07:24,32.88,98648,30,卖盘
728,10:07:27,32.88,29591,9,买盘
729,10:07:30,32.86,19721,6,卖盘
730,10:07:33,32.87,315555,96,中性盘
731,10:07:36,32.88,75624,23,买盘
732,10:07:39,32.87,309004,94,卖盘
733,10:07:42,32.87,46018,14,买盘
734,10:07:45,32.86,644057,196,卖盘
735,10:07:48,32.86,29574,9,卖盘
736,10:07:51,32.86,128169,39,买盘
737,10:07:54,32.86,3286,1,卖盘
738,10:07:57,32.86,358167,109,卖盘
739,10:08:00,32.85,13140,4,卖盘
740,10:08:03,32.85,45990,14,卖盘
741,10:08:06,32.86,755575,230,买盘
742,10:08:09,32.88,565318,172,买盘
743,10:08:12,32.88,223503,68,买盘
744,10:08:15,32.89,226931,69,买盘
745,10:08:18,32.92,552866,168,买盘
746,10:08:21,32.92,75708,23,买盘
747,10:08:27,32.91,23037,7,卖盘
748,10:08:30,32.91,85582,26,卖盘
749,10:08:33,32.92,3292,1,买盘
750,10:08:36,32.92,85582,26,买盘
751,10:08:39,32.94,806909,245,买盘
752,10:08:42,32.94,92222,28,买盘
753,10:08:45,32.94,95526,29,买盘
754,10:08:48,32.93,421713,128,卖盘
755,10:08:54,32.95,576592,175,买盘
756,10:08:57,32.98,5711488,1732,买盘
757,10:09:00,32.95,626798,190,卖盘
758,10:09:03,32.97,46158,14,买盘
759,10:09:06,33.0,82436,25,买盘
760,10:09:09,33.0,481790,146,买盘
761,10:09:12,33.0,221095,67,买盘
762,10:09:15,33.0,610472,185,买盘
763,10:09:18,32.99,161674,49,卖盘
764,10:09:21,33.0,32999,10,买盘
765,10:09:24,32.99,56084,17,卖盘
766,10:09:27,32.99,217727,66,卖盘
767,10:09:30,32.99,52784,16,买盘
768,10:09:33,32.99,19794,6,买盘
769,10:09:36,32.99,19793,6,买盘
770,10:09:39,32.99,138558,42,买盘
771,10:09:42,32.98,36278,11,卖盘
772,10:09:45,32.97,197868,60,卖盘
773,10:09:48,32.98,56058,17,买盘
774,10:09:51,32.98,62638,19,买盘
775,10:09:54,32.98,230806,70,买盘
776,10:09:57,32.96,112064,34,卖盘
777,10:10:00,32.96,158196,48,卖盘
778,10:10:03,32.96,9888,3,买盘
779,10:10:06,32.96,6592,2,买盘
780,10:10:09,32.96,260112,79,买盘
781,10:10:12,32.95,13180,4,中性盘
782,10:10:15,32.94,65898,20,卖盘
783,10:10:21,32.94,322865,98,卖盘
784,10:10:24,32.93,88933,27,卖盘
785,10:10:27,32.93,154809,47,卖盘
786,10:10:30,32.94,62574,19,买盘
787,10:10:33,32.9,102017,31,卖盘
788,10:10:36,32.9,32900,10,买盘
789,10:10:39,32.89,23023,7,卖盘
790,10:10:45,32.88,203876,62,卖盘
791,10:10:48,32.88,52608,16,卖盘
792,10:10:51,32.86,16434,5,卖盘
793,10:10:54,32.86,19720,6,买盘
794,10:10:57,32.86,36141,11,卖盘
795,10:11:00,32.85,167551,51,卖盘
796,10:11:03,32.88,121596,37,买盘
797,10:11:06,32.86,105210,32,中性盘
798,10:11:09,32.88,23016,7,买盘
799,10:11:12,32.86,16432,5,卖盘
800,10:11:15,32.87,26296,8,中性盘
801,10:11:18,32.86,19716,6,卖盘
802,10:11:24,32.87,131473,40,买盘
803,10:11:27,32.88,141315,43,买盘
804,10:11:30,32.86,69000,21,卖盘
805,10:11:33,32.86,16430,5,买盘
806,10:11:36,32.85,65704,20,卖盘
807,10:11:39,32.87,32865,10,中性盘
808,10:11:42,32.87,9861,3,买盘
809,10:11:48,32.86,19716,6,卖盘
810,10:11:51,32.86,3286,1,卖盘
811,10:11:54,32.86,13144,4,卖盘
812,10:11:57,32.86,23002,7,卖盘
813,10:12:00,32.86,407416,124,卖盘
814,10:12:06,32.85,32850,10,卖盘
815,10:12:09,32.86,62418,19,买盘
816,10:12:12,32.85,394200,120,卖盘
817,10:12:15,32.86,180707,55,买盘
818,10:12:18,32.85,3285,1,卖盘
819,10:12:21,32.85,72275,22,卖盘
820,10:12:24,32.85,62418,19,卖盘
821,10:12:27,32.85,105076,32,买盘
822,10:12:30,32.85,65700,20,买盘
823,10:12:36,32.85,75555,23,卖盘
824,10:12:39,32.86,252979,77,买盘
825,10:12:42,32.85,16425,5,卖盘
826,10:12:48,32.85,62415,19,卖盘
827,10:12:51,32.85,13140,4,卖盘
828,10:12:57,32.84,49262,15,卖盘
829,10:13:00,32.84,354814,108,卖盘
830,10:13:03,32.85,16425,5,中性盘
831,10:13:06,32.84,210176,64,卖盘
832,10:13:09,32.85,19710,6,买盘
833,10:13:12,32.85,3285,1,买盘
834,10:13:15,32.85,6570,2,买盘
835,10:13:18,32.85,91955,28,买盘
836,10:13:27,32.84,22988,7,卖盘
837,10:13:30,32.84,105118,32,卖盘
838,10:13:33,32.84,26274,8,卖盘
839,10:13:36,32.85,6570,2,买盘
840,10:13:39,32.85,16424,5,买盘
841,10:13:42,32.84,325184,99,卖盘
842,10:13:45,32.84,128087,39,卖盘
843,10:13:48,32.84,13136,4,买盘
844,10:13:51,32.85,203647,62,买盘
845,10:13:54,32.83,29547,9,卖盘
846,10:13:57,32.83,36115,11,卖盘
847,10:14:00,32.83,65660,20,卖盘
848,10:14:03,32.83,29555,9,卖盘
849,10:14:06,32.84,82092,25,买盘
850,10:14:09,32.84,29554,9,买盘
851,10:14:12,32.84,62388,19,买盘
852,10:14:15,32.84,72248,22,买盘
853,10:14:18,32.83,13132,4,卖盘
854,10:14:21,32.84,124772,38,买盘
855,10:14:24,32.84,65670,20,买盘
856,10:14:27,32.83,65673,20,卖盘
857,10:14:30,32.84,95211,29,买盘
858,10:14:33,32.83,416979,127,卖盘
859,10:14:36,32.83,482863,147,卖盘
860,10:14:39,32.86,32850,10,买盘
861,10:14:42,32.86,55858,17,买盘
862,10:14:45,32.84,644063,196,卖盘
863,10:14:48,32.87,52589,16,中性盘
864,10:14:51,32.87,46024,14,卖盘
865,10:14:54,32.87,23009,7,买盘
866,10:14:57,32.88,42734,13,买盘
867,10:15:03,32.87,78902,24,中性盘
868,10:15:06,32.88,151232,46,买盘
869,10:15:09,32.89,105211,32,买盘
870,10:15:12,32.89,32890,10,买盘
871,10:15:15,32.89,55913,17,买盘
872,10:15:21,32.9,85518,26,买盘
873,10:15:24,32.9,128292,39,买盘
874,10:15:27,32.91,174426,53,买盘
875,10:15:30,32.92,9876,3,买盘
876,10:15:33,32.92,36212,11,买盘
877,10:15:36,32.9,23040,7,卖盘
878,10:15:39,32.9,88854,27,卖盘
879,10:15:42,32.9,46084,14,中性盘
880,10:15:45,32.91,6583,2,中性盘
881,10:15:48,32.9,16451,5,卖盘
882,10:15:51,32.89,118422,36,卖盘
883,10:15:54,32.89,213811,65,卖盘
884,10:15:57,32.87,36164,11,卖盘
885,10:16:00,32.88,16440,5,买盘
886,10:16:03,32.88,49318,15,买盘
887,10:16:06,32.88,59171,18,买盘
888,10:16:09,32.87,62471,19,卖盘
889,10:16:12,32.88,13152,4,买盘
890,10:16:18,32.88,32880,10,买盘
891,10:16:21,32.87,98613,30,卖盘
892,10:16:24,32.88,95346,29,买盘
893,10:16:27,32.88,85477,26,买盘
894,10:16:30,32.88,134822,41,买盘
895,10:16:33,32.9,65784,20,买盘
896,10:16:36,32.88,115115,35,卖盘
897,10:16:39,32.89,32892,10,卖盘
898,10:16:42,32.87,26308,8,卖盘
899,10:16:45,32.89,3289,1,买盘
900,10:16:48,32.89,26312,8,买盘
901,10:16:51,32.89,19730,6,买盘
902,10:16:54,32.88,49320,15,卖盘
903,10:16:57,32.88,62482,19,卖盘
904,10:17:00,32.88,3288,1,卖盘
905,10:17:03,32.88,111792,34,卖盘
906,10:17:06,32.88,256464,78,买盘
907,10:17:09,32.89,52619,16,买盘
908,10:17:12,32.89,23023,7,买盘
909,10:17:15,32.88,98640,30,卖盘
910,10:17:18,32.89,358471,109,买盘
911,10:17:21,32.89,32890,10,买盘
912,10:17:24,32.88,434030,132,卖盘
913,10:17:27,32.89,29594,9,买盘
914,10:17:30,32.88,9864,3,卖盘
915,10:17:33,32.89,39461,12,买盘
916,10:17:36,32.89,210496,64,买盘
917,10:17:42,32.89,23023,7,卖盘
918,10:17:45,32.9,16446,5,买盘
919,10:17:48,32.89,39474,12,卖盘
920,10:17:51,32.89,23023,7,卖盘
921,10:17:54,32.9,59193,18,买盘
922,10:17:57,32.89,55919,17,买盘
923,10:18:00,32.9,42753,13,买盘
924,10:18:03,32.89,23019,7,中性盘
925,10:18:06,32.9,32894,10,买盘
926,10:18:09,32.88,39461,12,卖盘
927,10:18:12,32.9,19740,6,买盘
928,10:18:15,32.9,105275,32,买盘
929,10:18:18,32.89,9868,3,卖盘
930,10:18:21,32.9,6580,2,买盘
931,10:18:24,32.9,16450,5,买盘
932,10:18:27,32.89,36182,11,卖盘
933,10:18:30,32.9,16450,5,买盘
934,10:18:36,32.89,16445,5,卖盘
935,10:18:39,32.89,16445,5,卖盘
936,10:18:42,32.9,9870,3,买盘
937,10:18:45,32.89,13157,4,卖盘
938,10:18:48,32.89,32890,10,卖盘
939,10:18:51,32.9,164451,50,买盘
940,10:18:54,32.9,3290,1,买盘
941,10:18:57,32.88,75641,23,卖盘
942,10:19:00,32.88,9864,3,卖盘
943,10:19:03,32.89,368436,112,买盘
944,10:19:06,32.89,82220,25,买盘
945,10:19:09,32.88,36170,11,卖盘
946,10:19:12,32.89,9867,3,中性盘
947,10:19:15,32.89,223585,68,买盘
948,10:19:18,32.88,78912,24,卖盘
949,10:19:21,32.88,950237,289,卖盘
950,10:19:24,32.9,26308,8,买盘
951,10:19:27,32.87,141401,43,卖盘
952,10:19:30,32.88,32880,10,买盘
953,10:19:39,32.87,121619,37,卖盘
954,10:19:42,32.86,118297,36,卖盘
955,10:19:45,32.86,23002,7,卖盘
956,10:19:51,32.86,19716,6,卖盘
957,10:19:57,32.85,26280,8,卖盘
958,10:20:00,32.85,52573,16,卖盘
959,10:20:03,32.86,32860,10,买盘
960,10:20:06,32.86,42715,13,买盘
961,10:20:09,32.85,68999,21,卖盘
962,10:20:12,32.85,13140,4,卖盘
963,10:20:15,32.85,62415,19,买盘
964,10:20:18,32.85,220095,67,买盘
965,10:20:21,32.85,9855,3,买盘
966,10:20:24,32.84,65680,20,卖盘
967,10:20:27,32.84,52545,16,卖盘
968,10:20:33,32.84,187212,57,买盘
969,10:20:36,32.84,16418,5,买盘
970,10:20:39,32.83,68943,21,卖盘
971,10:20:42,32.83,45957,14,买盘
972,10:20:45,32.84,6568,2,买盘
973,10:20:48,32.82,26259,8,卖盘
974,10:20:51,32.82,22975,7,卖盘
975,10:20:54,32.83,49245,15,买盘
976,10:20:57,32.84,137894,42,买盘
977,10:21:00,32.84,32845,10,中性盘
978,10:21:03,32.86,693153,211,买盘
979,10:21:06,32.86,88725,27,买盘
980,10:21:09,32.87,6574,2,买盘
981,10:21:12,32.87,39444,12,买盘
982,10:21:21,32.86,9858,3,卖盘
983,10:21:24,32.86,19716,6,卖盘
984,10:21:27,32.85,108435,33,卖盘
985,10:21:30,32.86,72289,22,买盘
986,10:21:33,32.86,23002,7,买盘
987,10:21:36,32.85,177442,54,卖盘
988,10:21:39,32.87,124906,38,买盘
989,10:21:42,32.87,3287,1,买盘
990,10:21:45,32.87,6574,2,买盘
991,10:21:48,32.86,118341,36,卖盘
992,10:21:51,32.88,23016,7,买盘
993,10:21:54,32.88,138006,42,买盘
994,10:21:57,32.86,42731,13,中性盘
995,10:22:03,32.86,16430,5,中性盘
996,10:22:06,32.88,16439,5,买盘
997,10:22:09,32.88,19728,6,买盘
998,10:22:12,32.86,49296,15,卖盘
999,10:22:15,32.88,9864,3,买盘
1000,10:22:18,32.88,19718,6,买盘
1001,10:22:21,32.86,29574,9,卖盘
1002,10:22:24,32.86,111727,34,卖盘
1003,10:22:30,32.85,19710,6,卖盘
1004,10:22:33,32.86,203728,62,买盘
1005,10:22:36,32.86,32860,10,买盘
1006,10:22:39,32.85,95279,29,卖盘
1007,10:22:42,32.86,203744,62,买盘
1008,10:22:45,32.88,9864,3,买盘
1009,10:22:48,32.88,170957,52,买盘
1010,10:22:51,32.88,26300,8,买盘
1011,10:22:54,32.87,13148,4,卖盘
1012,10:22:57,32.87,36165,11,卖盘
1013,10:23:00,32.88,46016,14,买盘
1014,10:23:03,32.88,118366,36,买盘
1015,10:23:06,32.9,240061,73,买盘
1016,10:23:09,32.88,75642,23,卖盘
1017,10:23:12,32.9,23030,7,买盘
1018,10:23:15,32.89,29601,9,卖盘
1019,10:23:21,32.9,32900,10,买盘
1020,10:23:27,32.89,23023,7,卖盘
1021,10:23:30,32.9,32888,10,买盘
1022,10:23:33,32.89,6579,2,卖盘
1023,10:23:36,32.89,9867,3,中性盘
1024,10:23:39,32.9,98700,30,买盘
1025,10:23:45,32.89,6578,2,卖盘
1026,10:23:48,32.9,315840,96,买盘
1027,10:23:54,32.9,3290,1,买盘
1028,10:23:57,32.89,6578,2,卖盘
1029,10:24:00,32.92,450915,137,买盘
1030,10:24:03,32.88,121722,37,卖盘
1031,10:24:06,32.89,6578,2,买盘
1032,10:24:12,32.88,144685,44,卖盘
1033,10:24:18,32.87,19722,6,卖盘
1034,10:24:24,32.87,39444,12,买盘
1035,10:24:27,32.87,19722,6,买盘
1036,10:24:30,32.86,42729,13,卖盘
1037,10:24:33,32.86,3286,1,卖盘
1038,10:24:36,32.87,9861,3,中性盘
1039,10:24:48,32.87,193883,59,买盘
1040,10:24:54,32.86,16430,5,卖盘
1041,10:24:57,32.87,3287,1,买盘
1042,10:25:00,32.87,59158,18,买盘
1043,10:25:03,32.86,266166,81,卖盘
1044,10:25:06,32.85,377804,115,卖盘
1045,10:25:12,32.86,16429,5,买盘
1046,10:25:24,32.85,9856,3,卖盘
1047,10:25:27,32.85,19710,6,卖盘
1048,10:25:30,32.85,19710,6,卖盘
1049,10:25:36,32.85,13141,4,卖盘
1050,10:25:39,32.85,36135,11,卖盘
1051,10:25:42,32.85,6570,2,卖盘
1052,10:25:45,32.85,3285,1,卖盘
1053,10:25:48,32.85,32850,10,卖盘
1054,10:25:51,32.86,39432,12,买盘
1055,10:25:54,32.86,164300,50,卖盘
1056,10:25:57,32.86,39431,12,卖盘
1057,10:26:00,32.85,19710,6,卖盘
1058,10:26:03,32.85,3285,1,卖盘
1059,10:26:06,32.85,16425,5,卖盘
1060,10:26:09,32.85,32850,10,卖盘
1061,10:26:12,32.87,1573979,479,买盘
1062,10:26:15,32.87,447255,136,买盘
1063,10:26:18,32.89,134733,41,买盘
1064,10:26:21,32.87,26296,8,中性盘
1065,10:26:24,32.86,75578,23,卖盘
1066,10:26:30,32.86,52576,16,卖盘
1067,10:26:33,32.87,6574,2,买盘
1068,10:26:36,32.87,55876,17,买盘
1069,10:26:42,32.86,13144,4,卖盘
1070,10:26:45,32.86,23002,7,卖盘
1071,10:26:48,32.86,59148,18,卖盘
1072,10:26:54,32.86,36146,11,买盘
1073,10:26:57,32.85,16425,5,卖盘
1074,10:27:00,32.85,19710,6,卖盘
1075,10:27:03,32.85,49285,15,卖盘
1076,10:27:06,32.85,164252,50,卖盘
1077,10:27:09,32.85,3285,1,买盘
1078,10:27:12,32.85,45985,14,买盘
1079,10:27:15,32.85,114969,35,买盘
1080,10:27:24,32.84,72254,22,卖盘
1081,10:27:27,32.84,36131,11,卖盘
1082,10:27:30,32.85,128111,39,买盘
1083,10:27:33,32.84,105119,32,卖盘
1084,10:27:36,32.85,95265,29,买盘
1085,10:27:39,32.85,78822,24,买盘
1086,10:27:42,32.85,19710,6,买盘
1087,10:27:45,32.85,19710,6,买盘
1088,10:27:48,32.84,22988,7,卖盘
1089,10:27:54,32.84,3284,1,卖盘
1090,10:27:57,32.84,55828,17,卖盘
1091,10:28:00,32.84,19704,6,卖盘
1092,10:28:03,32.84,29556,9,卖盘
1093,10:28:06,32.84,3284,1,卖盘
1094,10:28:12,32.84,410500,125,卖盘
1095,10:28:15,32.84,6568,2,卖盘
1096,10:28:18,32.84,98520,30,卖盘
1097,10:28:21,32.84,29556,9,卖盘
1098,10:28:24,32.84,9852,3,中性盘
1099,10:28:27,32.83,22981,7,卖盘
1100,10:28:30,32.83,22981,7,卖盘
1101,10:28:36,32.84,32840,10,买盘
1102,10:28:39,32.83,210112,64,卖盘
1103,10:28:42,32.83,9849,3,卖盘
1104,10:28:45,32.83,32830,10,卖盘
1105,10:28:48,32.84,55828,17,买盘
1106,10:28:51,32.83,22985,7,卖盘
1107,10:28:54,32.83,279055,85,卖盘
1108,10:28:57,32.84,42683,13,买盘
1109,10:29:03,32.83,16415,5,中性盘
1110,10:29:09,32.83,6566,2,卖盘
1111,10:29:12,32.83,121471,37,卖盘
1112,10:29:18,32.82,397123,121,卖盘
1113,10:29:24,32.81,203424,62,卖盘
1114,10:29:30,32.82,82026,25,买盘
1115,10:29:33,32.81,32816,10,卖盘
1116,10:29:36,32.81,124684,38,卖盘
1117,10:29:39,32.81,49216,15,卖盘
1118,10:29:45,32.81,164050,50,卖盘
1119,10:29:48,32.82,3282,1,买盘
1120,10:29:51,32.81,22967,7,卖盘
1121,10:29:54,32.81,3281,1,卖盘
1122,10:30:00,32.81,164051,50,卖盘
1123,10:30:03,32.82,3282,1,买盘
1124,10:30:06,32.82,68902,21,买盘
1125,10:30:09,32.82,65634,20,买盘
1126,10:30:12,32.81,59062,18,卖盘
1127,10:30:18,32.82,75485,23,买盘
1128,10:30:21,32.82,26256,8,买盘
1129,10:30:24,32.82,49230,15,买盘
1130,10:30:27,32.83,72207,22,买盘
1131,10:30:30,32.82,55801,17,卖盘
1132,10:30:33,32.83,22976,7,买盘
1133,10:30:36,32.82,29539,9,卖盘
1134,10:30:39,32.83,26264,8,买盘
1135,10:30:42,32.83,19698,6,买盘
1136,10:30:45,32.82,16410,5,卖盘
1137,10:30:51,32.82,6564,2,卖盘
1138,10:30:54,32.83,9848,3,买盘
1139,10:31:06,32.82,6564,2,卖盘
1140,10:31:09,32.82,3282,1,卖盘
1141,10:31:12,32.82,49238,15,卖盘
1142,10:31:15,32.82,9848,3,卖盘
1143,10:31:24,32.83,68942,21,买盘
1144,10:31:27,32.82,9846,3,卖盘
1145,10:31:33,32.83,82075,25,买盘
1146,10:31:36,32.82,16410,5,卖盘
1147,10:31:39,32.83,3283,1,买盘
1148,10:31:42,32.82,16410,5,卖盘
1149,10:31:48,32.82,19697,6,卖盘
1150,10:31:51,32.82,13128,4,卖盘
1151,10:31:54,32.82,6564,2,卖盘
1152,10:31:57,32.81,666228,203,卖盘
1153,10:32:00,32.81,19686,6,卖盘
1154,10:32:03,32.8,511823,156,卖盘
1155,10:32:06,32.76,1928536,588,卖盘
1156,10:32:09,32.76,78624,24,卖盘
1157,10:32:15,32.76,206388,63,卖盘
1158,10:32:18,32.76,278462,85,卖盘
1159,10:32:21,32.8,268776,82,买盘
1160,10:32:24,32.77,176977,54,卖盘
1161,10:32:30,32.77,216424,66,卖盘
1162,10:32:33,32.77,36047,11,买盘
1163,10:32:36,32.76,216274,66,卖盘
1164,10:32:39,32.76,153972,47,卖盘
1165,10:32:45,32.77,9831,3,卖盘
1166,10:32:51,32.76,45864,14,中性盘
1167,10:32:54,32.76,13104,4,买盘
1168,10:32:57,32.75,32754,10,卖盘
1169,10:33:00,32.76,42576,13,买盘
1170,10:33:03,32.75,3275,1,卖盘
1171,10:33:06,32.75,13101,4,卖盘
1172,10:33:09,32.76,163800,50,买盘
1173,10:33:12,32.76,32760,10,卖盘
1174,10:33:18,32.75,517502,158,卖盘
1175,10:33:21,32.75,36031,11,卖盘
1176,10:33:24,32.75,124464,38,卖盘
1177,10:33:27,32.75,16375,5,买盘
1178,10:33:30,32.75,22925,7,卖盘
1179,10:33:33,32.75,9825,3,买盘
1180,10:33:36,32.74,114590,35,卖盘
1181,10:33:39,32.73,196434,60,卖盘
1182,10:33:42,32.74,16370,5,买盘
1183,10:33:48,32.74,26186,8,买盘
1184,10:33:51,32.73,170200,52,卖盘
1185,10:33:54,32.73,19638,6,卖盘
1186,10:33:57,32.73,9819,3,卖盘
1187,10:34:00,32.73,166925,51,卖盘
1188,10:34:03,32.73,29462,9,卖盘
1189,10:34:06,32.73,22911,7,卖盘
1190,10:34:09,32.73,641508,196,卖盘
1191,10:34:12,32.72,6544,2,卖盘
1192,10:34:18,32.68,1660729,508,卖盘
1193,10:34:21,32.72,19632,6,买盘
1194,10:34:24,32.7,75252,23,中性盘
1195,10:34:27,32.69,75196,23,卖盘
1196,10:34:30,32.71,6542,2,买盘
1197,10:34:33,32.7,22891,7,卖盘
1198,10:34:36,32.71,1604672,491,买盘
1199,10:34:39,32.7,45780,14,卖盘
1200,10:34:42,32.7,258340,79,买盘
1201,10:34:45,32.69,58857,18,卖盘
1202,10:34:48,32.72,9815,3,买盘
1203,10:34:51,32.73,8335990,2549,买盘
1204,10:34:54,32.72,75236,23,中性盘
1205,10:34:57,32.73,22903,7,买盘
1206,10:35:00,32.72,9816,3,卖盘
1207,10:35:03,32.72,16360,5,买盘
1208,10:35:09,32.72,163600,50,买盘
1209,10:35:15,32.71,5888,2,卖盘
1210,10:35:18,32.71,43177,13,买盘
1211,10:35:21,32.71,6543,2,卖盘
1212,10:35:24,32.72,75218,23,买盘
1213,10:35:27,32.72,3272,1,买盘
1214,10:35:30,32.71,127531,39,买盘
1215,10:35:33,32.7,156306,48,卖盘
1216,10:35:36,32.69,19614,6,卖盘
1217,10:35:39,32.7,45780,14,买盘
1218,10:35:42,32.69,228861,70,卖盘
1219,10:35:45,32.69,58848,18,买盘
1220,10:35:48,32.69,71906,22,买盘
1221,10:35:51,32.68,411768,126,卖盘
1222,10:35:54,32.68,1787592,547,买盘
1223,10:35:57,32.69,1287597,394,买盘
1224,10:36:00,32.68,32683,10,卖盘
1225,10:36:03,32.68,3268,1,卖盘
1226,10:36:06,32.68,58824,18,卖盘
1227,10:36:09,32.68,42484,13,卖盘
1228,10:36:12,32.69,6538,2,买盘
1229,10:36:15,32.68,202616,62,卖盘
1230,10:36:18,32.69,32686,10,买盘
1231,10:36:21,32.68,68628,21,卖盘
1232,10:36:24,32.68,71896,22,卖盘
1233,10:36:27,32.68,16340,5,买盘
1234,10:36:30,32.67,3267,1,卖盘
1235,10:36:33,32.67,130680,40,卖盘
1236,10:36:36,32.66,6532,2,卖盘
1237,10:36:39,32.67,101274,31,买盘
1238,10:36:42,32.67,94743,29,买盘
1239,10:36:48,32.66,71855,22,卖盘
1240,10:36:51,32.66,45728,14,卖盘
1241,10:36:54,32.66,16330,5,卖盘
1242,10:36:57,32.66,16330,5,卖盘
1243,10:37:00,32.67,97986,30,买盘
1244,10:37:03,32.67,114329,35,买盘
1245,10:37:06,32.67,22869,7,买盘
1246,10:37:09,32.67,6534,2,买盘
1247,10:37:12,32.67,75137,23,买盘
1248,10:37:18,32.67,13068,4,买盘
1249,10:37:24,32.67,120910,37,卖盘
1250,10:37:27,32.69,6538,2,买盘
1251,10:37:30,32.68,9804,3,卖盘
1252,10:37:36,32.69,19614,6,买盘
1253,10:37:39,32.69,75178,23,买盘
1254,10:37:42,32.69,26152,8,买盘
1255,10:37:45,32.68,52303,16,卖盘
1256,10:37:48,32.69,22883,7,买盘
1257,10:37:51,32.69,3269,1,卖盘
1258,10:37:54,32.7,13080,4,买盘
1259,10:37:57,32.7,3270,1,买盘
1260,10:38:00,32.7,3270,1,买盘
1261,10:38:03,32.69,35969,11,卖盘
1262,10:38:06,32.7,68670,21,买盘
1263,10:38:09,32.7,941447,288,买盘
1264,10:38:18,32.7,58856,18,买盘
1265,10:38:21,32.7,29430,9,买盘
1266,10:38:24,32.7,6540,2,买盘
1267,10:38:27,32.7,75192,23,买盘
1268,10:38:30,32.7,127530,39,买盘
1269,10:38:33,32.7,219090,67,买盘
1270,10:38:36,32.7,107910,33,买盘
1271,10:38:39,32.7,19620,6,买盘
1272,10:38:45,32.7,300840,92,买盘
1273,10:38:48,32.71,1037244,317,买盘
1274,10:38:51,32.73,77867,24,买盘
1275,10:38:54,32.74,39285,12,买盘
1276,10:38:57,32.74,45833,14,买盘
1277,10:39:00,32.74,52384,16,买盘
1278,10:39:03,32.75,52389,16,买盘
1279,10:39:06,32.73,36003,11,卖盘
1280,10:39:09,32.73,19638,6,买盘
1281,10:39:12,32.73,42549,13,买盘
1282,10:39:15,32.75,29472,9,买盘
1283,10:39:18,32.75,26200,8,买盘
1284,10:39:27,32.75,3275,1,卖盘
1285,10:39:30,32.78,124506,38,买盘
1286,10:39:33,32.78,16390,5,卖盘
1287,10:39:36,32.78,186819,57,卖盘
1288,10:39:39,32.79,68859,21,买盘
1289,10:39:42,32.78,3278,1,中性盘
1290,10:39:45,32.8,13116,4,买盘
1291,10:39:51,32.76,432691,132,卖盘
1292,10:39:54,32.8,68878,21,买盘
1293,10:39:57,32.81,78725,24,买盘
1294,10:40:00,32.81,39372,12,买盘
1295,10:40:03,32.82,26253,8,买盘
1296,10:40:06,32.82,210038,64,买盘
1297,10:40:09,32.78,26235,8,卖盘
1298,10:40:12,32.81,108301,33,中性盘
1299,10:40:15,32.82,19689,6,买盘
1300,10:40:18,32.78,363858,111,卖盘
1301,10:40:27,32.82,19690,6,买盘
1302,10:40:30,32.78,6556,2,卖盘
1303,10:40:33,32.81,13121,4,买盘
1304,10:40:36,32.82,72199,22,买盘
1305,10:40:39,32.82,22956,7,买盘
1306,10:40:45,32.82,134540,41,买盘
1307,10:40:48,32.79,49191,15,卖盘
1308,10:40:54,32.78,242600,74,卖盘
1309,10:40:57,32.78,13112,4,卖盘
1310,10:41:00,32.74,786546,240,卖盘
1311,10:41:12,32.75,29469,9,买盘
1312,10:41:15,32.74,13097,4,卖盘
1313,10:41:18,32.75,19650,6,买盘
1314,10:41:21,32.75,91700,28,买盘
1315,10:41:24,32.76,3276,1,中性盘
1316,10:41:27,32.74,52409,16,卖盘
1317,10:41:30,32.76,13103,4,中性盘
1318,10:41:33,32.76,9828,3,买盘
1319,10:41:36,32.75,88427,27,卖盘
1320,10:41:39,32.76,85176,26,买盘
1321,10:41:42,32.75,29477,9,卖盘
1322,10:41:45,32.76,9827,3,买盘
1323,10:41:48,32.8,98388,30,买盘
1324,10:41:51,32.8,13115,4,买盘
1325,10:42:00,32.79,49192,15,卖盘
1326,10:42:06,32.79,111486,34,卖盘
1327,10:42:09,32.79,9837,3,卖盘
1328,10:42:12,32.79,19676,6,卖盘
1329,10:42:18,32.8,65598,20,买盘
1330,10:42:21,32.8,6560,2,买盘
1331,10:42:24,32.79,3279,1,卖盘
1332,10:42:27,32.8,39360,12,买盘
1333,10:42:30,32.79,9838,3,卖盘
1334,10:42:33,32.8,13120,4,买盘
1335,10:42:36,32.8,6560,2,买盘
1336,10:42:39,32.8,19680,6,买盘
1337,10:42:45,32.8,173837,53,买盘
1338,10:42:48,32.8,104960,32,买盘
1339,10:42:51,32.8,39360,12,卖盘
1340,10:42:54,32.8,19680,6,卖盘
1341,10:42:57,32.8,3280,1,卖盘
1342,10:43:00,32.81,26247,8,买盘
1343,10:43:03,32.81,9843,3,买盘
1344,10:43:09,32.82,9846,3,买盘
1345,10:43:12,32.81,3281,1,卖盘
1346,10:43:15,32.82,6564,2,买盘
1347,10:43:18,32.82,3282,1,买盘
1348,10:43:21,32.82,150971,46,买盘
1349,10:43:24,32.82,147690,45,买盘
1350,10:43:27,32.82,9846,3,买盘
1351,10:43:30,32.83,62364,19,买盘
1352,10:43:33,32.83,22976,7,买盘
1353,10:43:36,32.82,49239,15,卖盘
1354,10:43:39,32.83,13131,4,买盘
1355,10:43:42,32.83,75509,23,买盘
1356,10:43:45,32.82,45948,14,卖盘
1357,10:43:48,32.83,72226,22,买盘
1358,10:43:51,32.83,59094,18,买盘
1359,10:43:54,32.83,78779,24,买盘
1360,10:43:57,32.83,52525,16,买盘
1361,10:44:00,32.83,101773,31,买盘
1362,10:44:03,32.83,137884,42,买盘
1363,10:44:06,32.84,105061,32,买盘
1364,10:44:09,32.84,42692,13,买盘
1365,10:44:12,32.84,68949,21,买盘
1366,10:44:15,32.83,29547,9,卖盘
1367,10:44:18,32.84,13136,4,买盘
1368,10:44:21,32.82,170702,52,卖盘
1369,10:44:24,32.8,59041,18,卖盘
1370,10:44:27,32.83,6566,2,买盘
1371,10:44:30,32.81,177154,54,卖盘
1372,10:44:33,32.79,337791,103,卖盘
1373,10:44:36,32.8,3280,1,中性盘
1374,10:44:39,32.79,81975,25,卖盘
1375,10:44:42,32.8,16400,5,买盘
1376,10:44:48,32.79,59031,18,卖盘
1377,10:44:54,32.8,163962,50,买盘
1378,10:44:57,32.8,22960,7,买盘
1379,10:45:00,32.8,16402,5,卖盘
1380,10:45:03,32.8,6560,2,买盘
1381,10:45:06,32.79,39348,12,卖盘
1382,10:45:09,32.8,9840,3,买盘
1383,10:45:15,32.79,177068,54,卖盘
1384,10:45:18,32.8,9840,3,买盘
1385,10:45:21,32.8,3280,1,买盘
1386,10:45:27,32.8,111488,34,买盘
1387,10:45:33,32.8,39350,12,买盘
1388,10:45:36,32.8,3280,1,买盘
1389,10:45:39,32.8,13120,4,买盘
1390,10:45:42,32.74,42590,13,卖盘
1391,10:45:48,32.78,9834,3,卖盘
1392,10:45:51,32.78,52448,16,买盘
1393,10:45:54,32.78,29509,9,中性盘
1394,10:45:57,32.78,42617,13,中性盘
1395,10:46:00,32.8,521520,159,买盘
1396,10:46:03,32.8,245999,75,买盘
1397,10:46:06,32.81,68881,21,买盘
1398,10:46:09,32.82,75465,23,买盘
1399,10:46:12,32.82,59056,18,买盘
1400,10:46:15,32.81,6563,2,卖盘
1401,10:46:21,32.81,39382,12,卖盘
1402,10:46:24,32.82,22974,7,卖盘
1403,10:46:27,32.82,157582,48,卖盘
1404,10:46:30,32.81,3281,1,卖盘
1405,10:46:33,32.82,22968,7,买盘
1406,10:46:36,32.82,3282,1,卖盘
1407,10:46:39,32.82,22971,7,买盘
1408,10:46:48,32.81,114831,35,买盘
1409,10:46:57,32.8,6560,2,卖盘
1410,10:47:00,32.8,3280,1,卖盘
1411,10:47:03,32.8,3280,1,卖盘
1412,10:47:09,32.8,3280,1,卖盘
1413,10:47:18,32.8,6560,2,卖盘
1414,10:47:21,32.8,59040,18,卖盘
1415,10:47:24,32.8,13120,4,卖盘
1416,10:47:33,32.8,108261,33,卖盘
1417,10:47:42,32.79,29511,9,卖盘
1418,10:47:45,32.77,121303,37,卖盘
1419,10:47:54,32.77,39324,12,卖盘
1420,10:47:57,32.77,29497,9,卖盘
1421,10:48:00,32.77,19662,6,卖盘
1422,10:48:03,32.77,39310,12,买盘
1423,10:48:06,32.74,29468,9,卖盘
1424,10:48:12,32.77,3277,1,买盘
1425,10:48:18,32.77,9831,3,买盘
1426,10:48:21,32.77,49155,15,买盘
1427,10:48:27,32.77,137634,42,买盘
1428,10:48:33,32.77,16383,5,买盘
1429,10:48:45,32.76,6552,2,卖盘
1430,10:48:51,32.75,9825,3,卖盘
1431,10:48:54,32.77,475159,145,买盘
1432,10:48:57,32.75,72088,22,卖盘
1433,10:49:00,32.77,134321,41,买盘
1434,10:49:06,32.74,127686,39,卖盘
1435,10:49:09,32.75,58950,18,买盘
1436,10:49:18,32.75,13100,4,卖盘
1437,10:49:21,32.77,16385,5,买盘
1438,10:49:24,32.75,58950,18,卖盘
1439,10:49:27,32.75,16375,5,买盘
1440,10:49:30,32.74,19644,6,卖盘
1441,10:49:33,32.75,19650,6,买盘
1442,10:49:36,32.77,45858,14,买盘
1443,10:49:45,32.77,6554,2,买盘
1444,10:49:51,32.77,39324,12,买盘
1445,10:49:54,32.76,9830,3,卖盘
1446,10:50:00,32.77,68817,21,买盘
1447,10:50:03,32.79,698165,213,买盘
1448,10:50:09,32.79,29511,9,买盘
1449,10:50:12,32.79,88523,27,买盘
1450,10:50:15,32.79,65580,20,买盘
1451,10:50:18,32.79,19674,6,买盘
1452,10:50:21,32.79,42627,13,买盘
1453,10:50:24,32.77,62275,19,卖盘
1454,10:50:30,32.79,26232,8,买盘
1455,10:50:33,32.8,9839,3,买盘
1456,10:50:36,32.77,36052,11,卖盘
1457,10:50:39,32.77,3277,1,买盘
1458,10:50:45,32.77,78645,24,买盘
1459,10:50:48,32.76,32772,10,卖盘
1460,10:50:51,32.76,212940,65,买盘
1461,10:50:54,32.77,39321,12,中性盘
1462,10:50:57,32.75,121210,37,卖盘
1463,10:51:00,32.74,117881,36,卖盘
1464,10:51:03,32.74,29471,9,卖盘
1465,10:51:06,32.74,121140,37,卖盘
1466,10:51:12,32.74,16370,5,买盘
1467,10:51:18,32.74,19644,6,买盘
1468,10:51:21,32.74,215835,66,买盘
1469,10:51:30,32.71,6542,2,卖盘
1470,10:51:33,32.72,13088,4,中性盘
1471,10:51:36,32.71,16355,5,卖盘
1472,10:51:39,32.7,39243,12,卖盘
1473,10:51:42,32.71,32710,10,买盘
1474,10:51:48,32.71,3271,1,卖盘
1475,10:51:51,32.71,22897,7,买盘
1476,10:51:54,32.71,121018,37,买盘
1477,10:52:00,32.71,192989,59,卖盘
1478,10:52:03,32.71,6544,2,卖盘
1479,10:52:06,32.71,62153,19,卖盘
1480,10:52:12,32.71,395791,121,卖盘
1481,10:52:18,32.72,3272,1,卖盘
1482,10:52:27,32.72,13090,4,卖盘
1483,10:52:36,32.72,26172,8,买盘
1484,10:52:39,32.72,45808,14,买盘
1485,10:52:45,32.72,65440,20,卖盘
1486,10:52:54,32.75,13100,4,买盘
1487,10:53:06,32.72,65443,20,卖盘
1488,10:53:12,32.74,3274,1,卖盘
1489,10:53:15,32.75,6550,2,买盘
1490,10:53:18,32.75,9825,3,买盘
1491,10:53:21,32.75,101525,31,买盘
1492,10:53:24,32.76,22932,7,买盘
1493,10:53:42,32.76,26208,8,卖盘
1494,10:53:51,32.76,29484,9,卖盘
1495,10:53:54,32.75,49134,15,卖盘
1496,10:53:57,32.75,68775,21,卖盘
1497,10:54:00,32.75,19650,6,卖盘
1498,10:54:06,32.73,32730,10,卖盘
1499,10:54:09,32.72,29448,9,卖盘
1500,10:54:15,32.73,3273,1,买盘
1501,10:54:21,32.73,26178,8,买盘
1502,10:54:27,32.72,13088,4,卖盘
1503,10:54:30,32.73,78552,24,买盘
1504,10:54:33,32.73,3273,1,卖盘
1505,10:54:42,32.73,55641,17,卖盘
1506,10:54:48,32.72,3272,1,卖盘
1507,10:54:51,32.72,3272,1,卖盘
1508,10:54:54,32.7,65425,20,卖盘
1509,10:54:57,32.7,52344,16,卖盘
1510,10:55:00,32.7,3270,1,卖盘
1511,10:55:03,32.7,6540,2,卖盘
1512,10:55:06,32.7,49050,15,卖盘
1513,10:55:09,32.7,13082,4,卖盘
1514,10:55:15,32.7,376038,115,卖盘
1515,10:55:21,32.7,107910,33,买盘
1516,10:55:24,32.71,13084,4,中性盘
1517,10:55:33,32.71,29446,9,卖盘
1518,10:55:39,32.71,58878,18,卖盘
1519,10:55:42,32.71,85046,26,卖盘
1520,10:55:51,32.71,49056,15,买盘
1521,10:56:00,32.7,16350,5,卖盘
1522,10:56:06,32.71,58878,18,买盘
1523,10:56:09,32.71,19621,6,中性盘
1524,10:56:12,32.71,29439,9,卖盘
1525,10:56:15,32.7,29430,9,卖盘
1526,10:56:18,32.71,26167,8,买盘
1527,10:56:21,32.7,284505,87,卖盘
1528,10:56:24,32.73,29457,9,买盘
1529,10:56:30,32.73,36003,11,买盘
1530,10:56:33,32.73,6546,2,买盘
1531,10:56:36,32.73,26170,8,买盘
1532,10:56:39,32.73,81825,25,买盘
1533,10:56:42,32.73,16365,5,买盘
1534,10:56:48,32.73,65454,20,买盘
1535,10:56:51,32.73,26184,8,买盘
1536,10:56:57,32.71,39253,12,卖盘
1537,10:57:03,32.71,52343,16,卖盘
1538,10:57:12,32.72,13088,4,卖盘
1539,10:57:18,32.72,3272,1,买盘
1540,10:57:21,32.72,3272,1,中性盘
1541,10:57:33,32.72,13085,4,买盘
1542,10:57:36,32.72,16360,5,买盘
1543,10:57:39,32.72,71963,22,买盘
1544,10:57:45,32.72,26176,8,卖盘
1545,10:57:48,32.72,6544,2,中性盘
1546,10:57:51,32.72,98160,30,买盘
1547,10:58:00,32.71,52336,16,卖盘
1548,10:58:03,32.72,32720,10,买盘
1549,10:58:12,32.71,699994,214,卖盘
1550,10:58:15,32.71,6542,2,买盘
1551,10:58:18,32.7,16350,5,卖盘
1552,10:58:21,32.7,35970,11,卖盘
1553,10:58:24,32.7,6540,2,卖盘
1554,10:58:30,32.71,9813,3,买盘
1555,10:58:33,32.7,173310,53,卖盘
1556,10:58:45,32.71,13084,4,买盘
1557,10:58:48,32.71,35981,11,买盘
1558,10:58:51,32.71,42523,13,买盘
1559,10:58:54,32.7,199477,61,卖盘
1560,10:58:57,32.7,196250,60,卖盘
1561,10:59:00,32.7,336813,103,卖盘
1562,10:59:03,32.7,173310,53,卖盘
1563,10:59:06,32.7,9811,3,中性盘
1564,10:59:09,32.7,22885,7,买盘
1565,10:59:12,32.71,183076,56,买盘
1566,10:59:15,32.7,13080,4,中性盘
1567,10:59:18,32.69,290943,89,卖盘
1568,10:59:21,32.69,42497,13,买盘
1569,10:59:24,32.69,264717,81,买盘
1570,10:59:27,32.69,45766,14,买盘
1571,10:59:30,32.69,71918,22,买盘
1572,10:59:33,32.69,32690,10,买盘
1573,10:59:36,32.69,29421,9,买盘
1574,10:59:39,32.69,222292,68,买盘
1575,10:59:42,32.69,52293,16,买盘
1576,10:59:45,32.69,205951,63,买盘
1577,10:59:51,32.7,3270,1,买盘
1578,10:59:54,32.7,13080,4,买盘
1579,10:59:57,32.69,29421,9,卖盘
1580,11:00:00,32.7,6540,2,买盘
1581,11:00:06,32.7,26159,8,买盘
1582,11:00:09,32.73,2119633,648,买盘
1583,11:00:12,32.74,55658,17,买盘
1584,11:00:18,32.73,127685,39,卖盘
1585,11:00:27,32.75,3275,1,买盘
1586,11:00:33,32.73,3273,1,卖盘
1587,11:00:36,32.74,26191,8,买盘
1588,11:00:39,32.74,104747,32,买盘
1589,11:00:48,32.74,3274,1,卖盘
1590,11:00:54,32.75,13100,4,买盘
1591,11:01:00,32.74,163715,50,卖盘
1592,11:01:15,32.75,75325,23,卖盘
1593,11:01:21,32.74,29466,9,卖盘
1594,11:01:24,32.74,26192,8,卖盘
1595,11:01:27,32.74,22916,7,买盘
1596,11:01:30,32.72,202927,62,卖盘
1597,11:01:33,32.7,58877,18,卖盘
1598,11:01:36,32.72,6544,2,买盘
1599,11:01:54,32.71,13085,4,卖盘
1600,11:01:57,32.71,13084,4,卖盘
1601,11:02:00,32.7,6540,2,卖盘
1602,11:02:09,32.7,32703,10,卖盘
1603,11:02:12,32.71,3271,1,买盘
1604,11:02:15,32.71,143924,44,买盘
1605,11:02:18,32.72,3272,1,买盘
1606,11:02:24,32.72,16360,5,买盘
1607,11:02:30,32.71,52340,16,卖盘
1608,11:02:33,32.71,42523,13,卖盘
1609,11:02:36,32.71,3271,1,买盘
1610,11:02:42,32.71,16355,5,买盘
1611,11:02:45,32.71,32710,10,买盘
1612,11:02:51,32.71,9813,3,买盘
1613,11:03:00,32.71,3271,1,卖盘
1614,11:03:06,32.71,68691,21,卖盘
1615,11:03:09,32.71,3271,1,卖盘
1616,11:03:12,32.71,16355,5,卖盘
1617,11:03:15,32.71,88338,27,卖盘
1618,11:03:21,32.71,16355,5,卖盘
1619,11:03:24,32.72,16360,5,买盘
1620,11:03:27,32.71,9813,3,卖盘
1621,11:03:39,32.7,29430,9,卖盘
1622,11:03:42,32.7,3270,1,卖盘
1623,11:03:48,32.7,9810,3,卖盘
1624,11:03:51,32.7,327000,100,卖盘
1625,11:03:57,32.69,114415,35,卖盘
1626,11:04:03,32.68,709156,217,卖盘
1627,11:04:06,32.67,78408,24,卖盘
1628,11:04:09,32.67,3267,1,卖盘
1629,11:04:12,32.67,13068,4,卖盘
1630,11:04:15,32.67,588260,180,卖盘
1631,11:04:18,32.67,588060,180,卖盘
1632,11:04:21,32.67,196020,60,卖盘
1633,11:04:24,32.67,147015,45,卖盘
1634,11:04:27,32.67,114345,35,卖盘
1635,11:04:30,32.69,16345,5,买盘
1636,11:04:33,32.67,264627,81,卖盘
1637,11:04:36,32.66,65325,20,卖盘
1638,11:04:39,32.68,9803,3,中性盘
1639,11:04:48,32.66,32660,10,卖盘
1640,11:04:51,32.66,202492,62,卖盘
1641,11:04:57,32.67,3267,1,卖盘
1642,11:05:00,32.68,179634,55,买盘
1643,11:05:03,32.66,326600,100,卖盘
1644,11:05:06,32.66,6532,2,卖盘
1645,11:05:09,32.66,3266,1,卖盘
1646,11:05:12,32.66,39192,12,卖盘
1647,11:05:21,32.67,35937,11,买盘
1648,11:05:24,32.66,261316,80,卖盘
1649,11:05:27,32.67,120879,37,中性盘
1650,11:05:30,32.67,3267,1,买盘
1651,11:05:36,32.67,160050,49,买盘
1652,11:05:39,32.67,35927,11,买盘
1653,11:05:42,32.66,55522,17,卖盘
1654,11:05:48,32.66,117582,36,卖盘
1655,11:05:51,32.66,16330,5,卖盘
1656,11:05:54,32.66,91468,28,卖盘
1657,11:05:57,32.67,1140183,349,买盘
1658,11:06:00,32.66,398542,122,卖盘
1659,11:06:03,32.67,6534,2,买盘
1660,11:06:06,32.67,140481,43,买盘
1661,11:06:09,32.66,55535,17,卖盘
1662,11:06:12,32.67,35932,11,买盘
1663,11:06:15,32.66,32665,10,卖盘
1664,11:06:18,32.66,45725,14,卖盘
1665,11:06:21,32.67,13068,4,买盘
1666,11:06:24,32.66,84922,26,卖盘
1667,11:06:27,32.67,6534,2,买盘
1668,11:06:30,32.66,39194,12,卖盘
1669,11:06:33,32.66,16332,5,卖盘
1670,11:06:36,32.67,238466,73,买盘
1671,11:06:39,32.66,6533,2,卖盘
1672,11:06:42,32.66,84922,26,卖盘
1673,11:06:48,32.66,49002,15,卖盘
1674,11:06:51,32.67,6534,2,买盘
1675,11:06:54,32.67,9801,3,买盘
1676,11:06:57,32.67,6534,2,买盘
1677,11:07:00,32.67,42461,13,买盘
1678,11:07:03,32.67,6534,2,买盘
1679,11:07:06,32.66,176368,54,卖盘
1680,11:07:09,32.67,6534,2,买盘
1681,11:07:18,32.66,32661,10,卖盘
1682,11:07:21,32.67,6534,2,买盘
1683,11:07:24,32.66,52256,16,卖盘
1684,11:07:36,32.66,55514,17,买盘
1685,11:07:39,32.65,32650,10,卖盘
1686,11:07:45,32.65,107745,33,卖盘
1687,11:07:48,32.65,48975,15,卖盘
1688,11:07:51,32.65,137130,42,卖盘
1689,11:07:54,32.66,19592,6,买盘
1690,11:07:57,32.65,326500,100,卖盘
1691,11:08:00,32.65,29385,9,卖盘
1692,11:08:06,32.64,6528,2,卖盘
1693,11:08:09,32.65,3265,1,买盘
1694,11:08:12,32.65,52239,16,买盘
1695,11:08:18,32.65,3265,1,买盘
1696,11:08:21,32.64,479808,147,卖盘
1697,11:08:24,32.64,58752,18,卖盘
1698,11:08:33,32.63,13052,4,卖盘
1699,11:08:39,32.63,123994,38,卖盘
1700,11:08:42,32.63,254514,78,卖盘
1701,11:08:45,32.62,61978,19,卖盘
1702,11:08:51,32.62,16310,5,卖盘
1703,11:08:57,32.62,153314,47,卖盘
1704,11:09:00,32.62,35882,11,卖盘
1705,11:09:03,32.62,78288,24,卖盘
1706,11:09:06,32.62,13048,4,卖盘
1707,11:09:09,32.62,3262,1,买盘
1708,11:09:12,32.62,3262,1,买盘
1709,11:09:15,32.61,9783,3,卖盘
1710,11:09:18,32.61,97830,30,卖盘
1711,11:09:21,32.61,150006,46,卖盘
1712,11:09:24,32.61,32610,10,卖盘
1713,11:09:27,32.62,150027,46,买盘
1714,11:09:30,32.61,1059430,325,卖盘
1715,11:09:33,32.61,35871,11,买盘
1716,11:09:36,32.61,3261,1,买盘
1717,11:09:39,32.61,52161,16,买盘
1718,11:09:42,32.6,1234737,379,卖盘
1719,11:09:45,32.6,48860,15,买盘
1720,11:09:51,32.57,381025,117,卖盘
1721,11:09:54,32.6,52157,16,买盘
1722,11:09:57,32.57,110758,34,卖盘
1723,11:10:00,32.59,45626,14,买盘
1724,11:10:03,32.58,22809,7,卖盘
1725,11:10:06,32.59,9779,3,卖盘
1726,11:10:09,32.59,6518,2,卖盘
1727,11:10:12,32.59,6518,2,卖盘
1728,11:10:15,32.57,419987,129,卖盘
1729,11:10:18,32.56,133507,41,卖盘
1730,11:10:21,32.56,29304,9,买盘
1731,11:10:24,32.55,68368,21,卖盘
1732,11:10:27,32.56,16278,5,买盘
1733,11:10:30,32.55,1521998,467,卖盘
1734,11:10:33,32.54,1424869,438,卖盘
1735,11:10:36,32.55,152957,47,买盘
1736,11:10:39,32.52,165926,51,卖盘
1737,11:10:42,32.55,201817,62,卖盘
1738,11:10:45,32.5,3178699,978,卖盘
1739,11:10:48,32.55,74867,23,中性盘
1740,11:10:51,32.55,22785,7,买盘
1741,11:10:54,32.55,3255,1,买盘
1742,11:10:57,32.54,104110,32,买盘
1743,11:11:00,32.53,747602,230,卖盘
1744,11:11:06,32.52,13008,4,买盘
1745,11:11:09,32.5,123565,38,卖盘
1746,11:11:12,32.53,84563,26,买盘
1747,11:11:15,32.53,74797,23,买盘
1748,11:11:18,32.53,16268,5,中性盘
1749,11:11:21,32.54,29282,9,买盘
1750,11:11:24,32.55,221340,68,买盘
1751,11:11:27,32.55,74865,23,买盘
1752,11:11:30,32.53,9759,3,卖盘
1753,11:11:33,32.53,94365,29,卖盘
1754,11:11:39,32.55,13020,4,买盘
1755,11:11:42,32.53,270096,83,卖盘
1756,11:11:48,32.54,39048,12,中性盘
1757,11:11:51,32.53,341569,105,卖盘
1758,11:11:54,32.53,253734,78,卖盘
1759,11:12:00,32.53,58554,18,买盘
1760,11:12:03,32.53,61807,19,买盘
1761,11:12:06,32.52,338215,104,卖盘
1762,11:12:09,32.53,113832,35,买盘
1763,11:12:12,32.53,19518,6,卖盘
1764,11:12:15,32.53,52048,16,卖盘
1765,11:12:18,32.53,19519,6,买盘
1766,11:12:21,32.54,45546,14,买盘
1767,11:12:27,32.53,22777,7,卖盘
1768,11:12:30,32.54,22774,7,买盘
1769,11:12:33,32.55,42315,13,买盘
1770,11:12:36,32.55,3255,1,买盘
1771,11:12:39,32.55,332010,102,买盘
1772,11:12:45,32.55,195300,60,买盘
1773,11:12:48,32.56,29301,9,买盘
1774,11:12:51,32.56,84636,26,买盘
1775,11:12:54,32.55,13020,4,卖盘
1776,11:12:57,32.55,32550,10,卖盘
1777,11:13:00,32.56,3256,1,买盘
1778,11:13:06,32.56,9768,3,买盘
1779,11:13:12,32.57,3257,1,买盘
1780,11:13:15,32.58,61902,19,买盘
1781,11:13:18,32.58,32580,10,买盘
1782,11:13:21,32.58,32578,10,买盘
1783,11:13:27,32.58,32580,10,买盘
1784,11:13:30,32.58,32580,10,卖盘
1785,11:13:33,32.59,123824,38,买盘
1786,11:13:36,32.6,19560,6,买盘
1787,11:13:39,32.59,6518,2,卖盘
1788,11:13:42,32.59,3259,1,买盘
1789,11:13:45,32.59,29331,9,买盘
1790,11:13:51,32.59,309605,95,卖盘
1791,11:13:54,32.59,16295,5,买盘
1792,11:14:00,32.58,146623,45,卖盘
1793,11:14:03,32.59,104288,32,买盘
1794,11:14:06,32.59,22813,7,买盘
1795,11:14:09,32.59,58662,18,买盘
1796,11:14:12,32.59,3259,1,买盘
1797,11:14:15,32.59,277015,85,买盘
1798,11:14:21,32.59,19554,6,买盘
1799,11:14:24,32.59,29331,9,买盘
1800,11:14:27,32.59,16295,5,买盘
1801,11:14:30,32.59,26072,8,买盘
1802,11:14:36,32.59,52139,16,买盘
1803,11:14:39,32.59,6518,2,买盘
1804,11:14:42,32.59,104288,32,买盘
1805,11:14:48,32.58,237834,73,卖盘
1806,11:14:51,32.58,9774,3,买盘
1807,11:14:54,32.58,87947,27,买盘
1808,11:14:57,32.57,9771,3,卖盘
1809,11:15:00,32.57,35827,11,中性盘
1810,11:15:03,32.57,29313,9,买盘
1811,11:15:06,32.57,91196,28,买盘
1812,11:15:09,32.57,32570,10,买盘
1813,11:15:12,32.57,113995,35,买盘
1814,11:15:15,32.56,224664,69,卖盘
1815,11:15:18,32.56,42328,13,买盘
1816,11:15:24,32.56,218152,67,买盘
1817,11:15:27,32.56,71634,22,卖盘
1818,11:15:30,32.57,29313,9,买盘
1819,11:15:33,32.57,221470,68,买盘
1820,11:15:36,32.57,302887,93,买盘
1821,11:15:39,32.57,48855,15,买盘
1822,11:15:42,32.56,45596,14,卖盘
1823,11:15:45,32.57,61883,19,买盘
1824,11:15:48,32.56,78166,24,卖盘
1825,11:15:54,32.56,104218,32,卖盘
1826,11:15:57,32.56,35825,11,卖盘
1827,11:16:03,32.56,16280,5,卖盘
1828,11:16:06,32.56,58608,18,买盘
1829,11:16:09,32.56,13024,4,买盘
1830,11:16:30,32.57,368038,113,买盘
1831,11:16:33,32.57,140043,43,买盘
1832,11:16:36,32.57,42341,13,卖盘
1833,11:16:39,32.57,133571,41,卖盘
1834,11:16:42,32.57,22799,7,卖盘
1835,11:16:45,32.58,443090,136,买盘
1836,11:16:48,32.59,61921,19,买盘
1837,11:16:51,32.58,162900,50,卖盘
1838,11:16:57,32.59,32590,10,买盘
1839,11:17:00,32.59,3259,1,买盘
1840,11:17:09,32.59,107537,33,买盘
1841,11:17:12,32.58,185739,57,卖盘
1842,11:17:15,32.59,123842,38,买盘
1843,11:17:21,32.59,13036,4,买盘
1844,11:17:24,32.59,52144,16,买盘
1845,11:17:27,32.59,16295,5,买盘
1846,11:17:30,32.6,368277,113,买盘
1847,11:17:33,32.6,52160,16,买盘
1848,11:17:36,32.6,35860,11,买盘
1849,11:17:39,32.6,42376,13,买盘
1850,11:17:42,32.6,9779,3,买盘
1851,11:17:45,32.6,19560,6,买盘
1852,11:17:48,32.61,2396128,735,买盘
1853,11:17:51,32.61,136962,42,买盘
1854,11:17:54,32.61,166311,51,买盘
1855,11:18:00,32.61,58698,18,买盘
1856,11:18:03,32.61,61959,19,买盘
1857,11:18:06,32.61,9783,3,买盘
1858,11:18:09,32.61,166301,51,买盘
1859,11:18:12,32.64,626294,192,买盘
1860,11:18:15,32.64,6528,2,买盘
1861,11:18:18,32.65,6530,2,买盘
1862,11:18:21,32.65,16325,5,买盘
1863,11:18:24,32.66,26124,8,买盘
1864,11:18:27,32.66,13064,4,买盘
1865,11:18:30,32.66,3266,1,买盘
1866,11:18:33,32.66,26128,8,买盘
1867,11:18:36,32.66,75118,23,买盘
1868,11:18:39,32.66,156736,48,买盘
1869,11:18:42,32.66,160034,49,买盘
1870,11:18:45,32.66,84906,26,买盘
1871,11:18:48,32.66,81637,25,买盘
1872,11:18:51,32.66,42458,13,买盘
1873,11:18:54,32.66,9798,3,买盘
1874,11:18:57,32.66,460506,141,买盘
1875,11:19:00,32.66,29394,9,买盘
1876,11:19:03,32.66,120822,37,买盘
1877,11:19:06,32.66,39174,12,买盘
1878,11:19:09,32.65,9795,3,中性盘
1879,11:19:12,32.64,39178,12,中性盘
1880,11:19:15,32.65,45705,14,买盘
1881,11:19:18,32.66,26124,8,买盘
1882,11:19:21,32.66,29391,9,买盘
1883,11:19:24,32.65,16325,5,买盘
1884,11:19:27,32.63,75113,23,卖盘
1885,11:19:30,32.66,16330,5,买盘
1886,11:19:33,32.63,6528,2,卖盘
1887,11:19:36,32.65,9795,3,买盘
1888,11:19:39,32.64,9792,3,卖盘
1889,11:19:45,32.65,32650,10,买盘
1890,11:19:48,32.65,19590,6,买盘
1891,11:19:57,32.65,16325,5,买盘
1892,11:20:03,32.64,58755,18,卖盘
1893,11:20:09,32.64,32640,10,卖盘
1894,11:20:12,32.65,35914,11,买盘
1895,11:20:15,32.64,22848,7,卖盘
1896,11:20:18,32.64,35904,11,卖盘
1897,11:20:24,32.64,124034,38,卖盘
1898,11:20:33,32.64,91377,28,卖盘
1899,11:20:42,32.62,29358,9,卖盘
1900,11:20:54,32.61,45656,14,卖盘
1901,11:21:00,32.6,652127,200,卖盘
1902,11:21:06,32.61,3261,1,买盘
1903,11:21:15,32.6,9780,3,卖盘
1904,11:21:18,32.6,6520,2,卖盘
1905,11:21:21,32.61,3261,1,买盘
1906,11:21:24,32.6,101061,31,卖盘
1907,11:21:27,32.61,81525,25,买盘
1908,11:21:30,32.61,32610,10,卖盘
1909,11:21:33,32.61,3261,1,中性盘
1910,11:21:36,32.63,42419,13,买盘
1911,11:21:42,32.62,35884,11,卖盘
1912,11:21:45,32.63,9789,3,买盘
1913,11:21:48,32.63,84838,26,卖盘
1914,11:21:54,32.61,9785,3,卖盘
1915,11:21:57,32.63,9789,3,买盘
1916,11:22:00,32.63,55471,17,买盘
1917,11:22:03,32.63,19578,6,买盘
1918,11:22:12,32.63,6526,2,卖盘
1919,11:22:18,32.63,61997,19,卖盘
1920,11:22:21,32.63,6526,2,卖盘
1921,11:22:24,32.63,75049,23,买盘
1922,11:22:27,32.63,809224,248,卖盘
1923,11:22:30,32.63,9789,3,买盘
1924,11:22:36,32.62,9786,3,卖盘
1925,11:22:39,32.61,9783,3,卖盘
1926,11:22:42,32.62,94598,29,买盘
1927,11:22:51,32.6,652024,200,卖盘
1928,11:22:54,32.62,3262,1,买盘
1929,11:22:57,32.6,3260,1,卖盘
1930,11:23:12,32.6,3260,1,卖盘
1931,11:23:18,32.61,6522,2,买盘
1932,11:23:21,32.6,280360,86,卖盘
1933,11:23:30,32.6,3260,1,买盘
1934,11:23:33,32.59,3259,1,卖盘
1935,11:23:36,32.59,16295,5,卖盘
1936,11:23:39,32.59,9777,3,卖盘
1937,11:23:42,32.59,35849,11,买盘
1938,11:23:45,32.59,61917,19,卖盘
1939,11:23:48,32.59,32590,10,买盘
1940,11:23:54,32.58,3258,1,卖盘
1941,11:23:57,32.58,65160,20,卖盘
1942,11:24:03,32.58,13032,4,卖盘
1943,11:24:06,32.59,3259,1,买盘
1944,11:24:09,32.58,74934,23,卖盘
1945,11:24:12,32.59,26072,8,买盘
1946,11:24:18,32.59,65180,20,买盘
1947,11:24:21,32.59,32590,10,买盘
1948,11:24:24,32.58,32581,10,卖盘
1949,11:24:27,32.59,29331,9,卖盘
1950,11:24:30,32.58,16290,5,卖盘
1951,11:24:36,32.58,13032,4,卖盘
1952,11:24:45,32.58,48889,15,卖盘
1953,11:24:51,32.59,6518,2,买盘
1954,11:25:06,32.59,3259,1,卖盘
1955,11:25:09,32.59,3259,1,卖盘
1956,11:25:12,32.59,32590,10,卖盘
1957,11:25:18,32.59,42367,13,卖盘
1958,11:25:21,32.59,3259,1,买盘
1959,11:25:27,32.58,81450,25,卖盘
1960,11:25:33,32.58,39096,12,卖盘
1961,11:25:36,32.58,9774,3,卖盘
1962,11:25:45,32.59,3259,1,买盘
1963,11:25:48,32.58,3258,1,卖盘
1964,11:25:51,32.59,3259,1,买盘
1965,11:25:54,32.58,9774,3,卖盘
1966,11:25:57,32.57,55369,17,卖盘
1967,11:26:00,32.57,9771,3,卖盘
1968,11:26:03,32.57,71654,22,卖盘
1969,11:26:06,32.57,13029,4,卖盘
1970,11:26:12,32.58,3258,1,买盘
1971,11:26:15,32.58,9774,3,买盘
1972,11:26:27,32.58,42353,13,买盘
1973,11:26:30,32.58,328958,101,买盘
1974,11:26:33,32.57,71654,22,卖盘
1975,11:26:39,32.57,524377,161,卖盘
1976,11:26:42,32.56,29304,9,卖盘
1977,11:26:45,32.57,32570,10,买盘
1978,11:26:54,32.56,26048,8,卖盘
1979,11:27:00,32.56,45585,14,卖盘
1980,11:27:06,32.56,110704,34,卖盘
1981,11:27:09,32.55,192045,59,卖盘
1982,11:27:15,32.56,65120,20,买盘
1983,11:27:18,32.55,35808,11,卖盘
1984,11:27:21,32.56,3256,1,买盘
1985,11:27:24,32.55,97656,30,卖盘
1986,11:27:30,32.56,9768,3,卖盘
1987,11:27:33,32.56,32560,10,卖盘
1988,11:27:42,32.56,42328,13,卖盘
1989,11:27:45,32.56,48840,15,卖盘
1990,11:27:48,32.56,9768,3,买盘
1991,11:27:57,32.56,32560,10,买盘
1992,11:28:00,32.55,6510,2,卖盘
1993,11:28:03,32.56,3256,1,买盘
1994,11:28:06,32.56,22792,7,买盘
1995,11:28:12,32.55,3255,1,卖盘
1996,11:28:15,32.55,3255,1,卖盘
1997,11:28:18,32.55,26040,8,卖盘
1998,11:28:21,32.56,6512,2,买盘
1999,11:28:24,32.57,410265,126,买盘
2000,11:28:27,32.58,16288,5,买盘
2001,11:28:33,32.57,114026,35,卖盘
2002,11:28:39,32.58,45612,14,买盘
2003,11:28:48,32.57,26056,8,卖盘
2004,11:28:54,32.57,3257,1,卖盘
2005,11:29:00,32.58,13032,4,买盘
2006,11:29:06,32.58,9774,3,买盘
2007,11:29:09,32.58,42351,13,买盘
2008,11:29:12,32.58,55386,17,买盘
2009,11:29:15,32.58,16290,5,买盘
2010,11:29:24,32.58,32580,10,买盘
2011,11:29:27,32.57,35827,11,卖盘
2012,11:29:30,32.58,179185,55,买盘
2013,11:29:33,32.58,16290,5,买盘
2014,11:29:36,32.58,26064,8,买盘
2015,11:29:39,32.57,107491,33,卖盘
2016,11:29:45,32.58,6515,2,买盘
2017,11:29:48,32.57,42353,13,卖盘
2018,11:29:51,32.58,35838,11,买盘
2019,11:29:54,32.58,84708,26,买盘
2020,11:29:57,32.58,61902,19,买盘
2021,11:30:00,32.58,68418,21,买盘
2022,13:00:00,32.56,749011,230,卖盘
2023,13:00:03,32.51,4149872,1275,卖盘
2024,13:00:06,32.51,568944,175,卖盘
2025,13:00:09,32.44,2040174,628,卖盘
2026,13:00:12,32.28,3891214,1203,卖盘
2027,13:00:15,32.23,703521,218,卖盘
2028,13:00:18,32.24,232165,72,买盘
2029,13:00:21,32.22,206403,64,卖盘
2030,13:00:24,32.21,740897,230,卖盘
2031,13:00:27,32.28,125818,39,买盘
2032,13:00:30,32.28,1638023,508,中性盘
2033,13:00:33,32.28,1588191,492,卖盘
2034,13:00:36,32.28,41970,13,卖盘
2035,13:00:39,32.28,593952,184,买盘
2036,13:00:42,32.27,35507,11,卖盘
2037,13:00:45,32.26,196797,61,中性盘
2038,13:00:48,32.26,83876,26,买盘
2039,13:00:51,32.27,106491,33,买盘
2040,13:00:54,32.27,67767,21,买盘
2041,13:00:57,32.3,83914,26,买盘
2042,13:01:00,32.3,12920,4,买盘
2043,13:01:03,32.3,35526,11,买盘
2044,13:01:06,32.3,242256,75,卖盘
2045,13:01:09,32.31,19383,6,买盘
2046,13:01:12,32.32,64616,20,买盘
2047,13:01:15,32.33,116314,36,买盘
2048,13:01:21,32.33,16165,5,卖盘
2049,13:01:24,32.38,51748,16,中性盘
2050,13:01:27,32.33,67923,21,卖盘
2051,13:01:30,32.36,64717,20,中性盘
2052,13:01:33,32.35,178061,55,中性盘
2053,13:01:36,32.36,77700,24,中性盘
2054,13:01:42,32.36,288001,89,卖盘
2055,13:01:45,32.37,106819,33,买盘
2056,13:01:48,32.36,171538,53,卖盘
2057,13:01:51,32.36,1235669,382,买盘
2058,13:01:54,32.34,223244,69,中性盘
2059,13:01:57,32.34,35584,11,卖盘
2060,13:02:00,32.33,161693,50,卖盘
2061,13:02:03,32.33,51728,16,买盘
2062,13:02:06,32.3,1366635,423,卖盘
2063,13:02:09,32.29,61376,19,卖盘
2064,13:02:12,32.26,567943,176,卖盘
2065,13:02:15,32.28,335444,104,买盘
2066,13:02:18,32.28,309799,96,买盘
2067,13:02:21,32.28,415850,129,中性盘
2068,13:02:24,32.25,145241,45,中性盘
2069,13:02:27,32.22,219163,68,卖盘
2070,13:02:30,32.22,863378,268,卖盘
2071,13:02:33,32.2,3068817,953,卖盘
2072,13:02:36,32.21,35431,11,买盘
2073,13:02:39,32.2,882299,274,卖盘
2074,13:02:42,32.18,238150,74,卖盘
2075,13:02:45,32.16,1375063,428,卖盘
2076,13:02:48,32.16,64287,20,买盘
2077,13:02:51,32.16,102783,32,买盘
2078,13:02:54,32.1,1396216,435,卖盘
2079,13:02:57,32.07,570846,178,卖盘
2080,13:03:00,32.07,112241,35,买盘
2081,13:03:03,32.11,971661,303,买盘
2082,13:03:06,32.07,250245,78,卖盘
2083,13:03:09,32.1,664069,207,卖盘
2084,13:03:12,32.1,166920,52,买盘
2085,13:03:15,32.08,3182377,993,卖盘
2086,13:03:18,32.08,663842,207,买盘
2087,13:03:21,32.1,282254,88,买盘
2088,13:03:24,32.1,166899,52,买盘
2089,13:03:27,32.07,147565,46,卖盘
2090,13:03:30,32.08,298309,93,买盘
2091,13:03:33,32.08,445874,139,买盘
2092,13:03:36,32.08,253393,79,买盘
2093,13:03:39,32.08,157188,49,买盘
2094,13:03:42,32.1,397789,124,买盘
2095,13:03:45,32.1,250372,78,买盘
2096,13:03:48,32.08,407559,127,卖盘
2097,13:03:51,32.11,70642,22,买盘
2098,13:03:57,32.11,19268,6,卖盘
2099,13:04:00,32.17,386120,120,买盘
2100,13:04:03,32.18,164077,51,买盘
2101,13:04:06,32.18,122279,38,买盘
2102,13:04:09,32.17,334591,104,卖盘
2103,13:04:12,32.13,363234,113,卖盘
2104,13:04:15,32.15,829069,258,买盘
2105,13:04:18,32.14,3214,1,买盘
2106,13:04:21,32.15,93215,29,买盘
2107,13:04:24,32.13,205674,64,卖盘
2108,13:04:27,32.16,224954,70,买盘
2109,13:04:30,32.16,51456,16,卖盘
2110,13:04:33,32.16,125461,39,卖盘
2111,13:04:36,32.16,276584,86,卖盘
2112,13:04:39,32.16,353706,110,买盘
2113,13:04:42,32.15,122175,38,卖盘
2114,13:04:45,32.15,28935,9,买盘
2115,13:04:48,32.16,874748,272,买盘
2116,13:04:51,32.14,180073,56,卖盘
2117,13:04:54,32.14,128607,40,卖盘
2118,13:04:57,32.14,286046,89,买盘
2119,13:05:00,32.14,57852,18,买盘
2120,13:05:03,32.13,308538,96,卖盘
2121,13:05:06,32.14,28926,9,买盘
2122,13:05:09,32.13,379171,118,卖盘
2123,13:05:12,32.13,359872,112,卖盘
2124,13:05:15,32.14,758269,236,买盘
2125,13:05:18,32.13,131709,41,买盘
2126,13:05:21,32.13,54616,17,买盘
2127,13:05:24,32.14,28923,9,买盘
2128,13:05:27,32.14,61066,19,买盘
2129,13:05:30,32.13,327741,102,卖盘
2130,13:05:33,32.14,196035,61,卖盘
2131,13:05:36,32.14,32142,10,卖盘
2132,13:05:39,32.15,9645,3,买盘
2133,13:05:42,32.15,118955,37,买盘
2134,13:05:45,32.16,138261,43,买盘
2135,13:05:48,32.14,163950,51,卖盘
2136,13:05:51,32.15,70751,22,卖盘
2137,13:05:54,32.16,3216,1,买盘
2138,13:05:57,32.16,382677,119,买盘
2139,13:06:00,32.15,279706,87,卖盘
2140,13:06:03,32.15,205760,64,买盘
2141,13:06:06,32.15,440437,137,买盘
2142,13:06:09,32.17,514634,160,买盘
2143,13:06:12,32.19,897640,279,买盘
2144,13:06:15,32.2,22540,7,买盘
2145,13:06:18,32.2,80500,25,买盘
2146,13:06:21,32.2,196370,61,买盘
2147,13:06:24,32.2,141680,44,买盘
2148,13:06:27,32.2,135234,42,买盘
2149,13:06:30,32.2,177066,55,买盘
2150,13:06:33,32.2,9660,3,买盘
2151,13:06:36,32.2,299454,93,买盘
2152,13:06:39,32.21,25765,8,买盘
2153,13:06:42,32.21,186818,58,买盘
2154,13:06:45,32.22,16110,5,买盘
2155,13:06:48,32.22,99882,31,买盘
2156,13:06:51,32.21,122418,38,卖盘
2157,13:06:54,32.22,64440,20,买盘
2158,13:06:57,32.22,103104,32,卖盘
2159,13:07:03,32.23,319077,99,买盘
2160,13:07:06,32.22,886084,275,卖盘
2161,13:07:09,32.22,186876,58,中性盘
2162,13:07:12,32.23,886200,275,买盘
2163,13:07:15,32.23,290088,90,卖盘
2164,13:07:18,32.24,77376,24,买盘
2165,13:07:21,32.25,32245,10,买盘
2166,13:07:24,32.25,129000,40,买盘
2167,13:07:27,32.25,29025,9,卖盘
2168,13:07:30,32.32,1094127,339,买盘
2169,13:07:33,32.32,1904176,590,买盘
2170,13:07:36,32.3,19380,6,中性盘
2171,13:07:39,32.28,211946,66,卖盘
2172,13:07:42,32.32,35532,11,买盘
2173,13:07:45,32.3,64588,20,中性盘
2174,13:07:48,32.28,346785,107,卖盘
2175,13:07:51,32.28,177540,55,买盘
2176,13:07:54,32.28,125892,39,买盘
2177,13:07:57,32.29,705932,219,买盘
2178,13:08:00,32.28,122716,38,卖盘
2179,13:08:03,32.32,93714,29,买盘
2180,13:08:06,32.32,6463,2,买盘
2181,13:08:09,32.3,297330,92,卖盘
2182,13:08:15,32.3,51680,16,买盘
2183,13:08:18,32.29,48435,15,卖盘
2184,13:08:21,32.29,22603,7,买盘
2185,13:08:24,32.29,542457,168,买盘
2186,13:08:27,32.28,545578,169,卖盘
2187,13:08:30,32.29,3229,1,中性盘
2188,13:08:33,32.29,119473,37,卖盘
2189,13:08:39,32.28,129127,40,卖盘
2190,13:08:42,32.26,1072532,332,卖盘
2191,13:08:45,32.25,574011,178,卖盘
2192,13:08:48,32.23,61237,19,卖盘
2193,13:08:51,32.23,225665,70,卖盘
2194,13:08:54,32.23,209486,65,买盘
2195,13:08:57,32.23,51563,16,买盘
2196,13:09:00,32.22,583225,181,卖盘
2197,13:09:03,32.21,737806,229,卖盘
2198,13:09:06,32.21,45094,14,卖盘
2199,13:09:09,32.21,344657,107,卖盘
2200,13:09:12,32.2,534521,166,卖盘
2201,13:09:15,32.19,135225,42,卖盘
2202,13:09:18,32.19,106256,33,卖盘
2203,13:09:21,32.18,115859,36,卖盘
2204,13:09:24,32.18,22531,7,卖盘
2205,13:09:30,32.18,6437,2,卖盘
2206,13:09:33,32.18,157672,49,卖盘
2207,13:09:36,32.18,83668,26,买盘
2208,13:09:39,32.19,643721,200,买盘
2209,13:09:42,32.18,160998,50,卖盘
2210,13:09:48,32.19,228579,71,卖盘
2211,13:09:51,32.2,112635,35,中性盘
2212,13:09:54,32.2,64400,20,买盘
2213,13:09:57,32.19,109452,34,卖盘
2214,13:10:00,32.21,505544,157,买盘
2215,13:10:03,32.22,454264,141,买盘
2216,13:10:06,32.21,67658,21,卖盘
2217,13:10:09,32.22,6444,2,买盘
2218,13:10:12,32.22,54772,17,买盘
2219,13:10:15,32.25,364226,113,买盘
2220,13:10:18,32.25,58050,18,买盘
2221,13:10:21,32.22,3222,1,卖盘
2222,13:10:27,32.25,19350,6,买盘
2223,13:10:30,32.24,122537,38,卖盘
2224,13:10:33,32.25,54818,17,买盘
2225,13:10:39,32.26,183834,57,买盘
2226,13:10:42,32.25,9675,3,卖盘
2227,13:10:45,32.26,25808,8,买盘
2228,13:10:48,32.27,6454,2,买盘
2229,13:10:51,32.27,90354,28,买盘
2230,13:10:54,32.27,19358,6,买盘
2231,13:10:57,32.26,235567,73,卖盘
2232,13:11:00,32.27,32270,10,买盘
2233,13:11:03,32.28,19368,6,买盘
2234,13:11:06,32.28,765021,237,买盘
2235,13:11:09,32.27,71014,22,卖盘
2236,13:11:12,32.26,219461,68,卖盘
2237,13:11:15,32.27,51631,16,中性盘
2238,13:11:18,32.28,71014,22,买盘
2239,13:11:21,32.27,193618,60,卖盘
2240,13:11:24,32.27,77463,24,卖盘
2241,13:11:27,32.27,103267,32,卖盘
2242,13:11:30,32.28,54861,17,买盘
2243,13:11:33,32.28,64560,20,买盘
2244,13:11:36,32.28,38737,12,卖盘
2245,13:11:39,32.28,29052,9,卖盘
2246,13:11:42,32.28,9685,3,卖盘
2247,13:11:45,32.28,64560,20,卖盘
2248,13:11:48,32.29,161450,50,买盘
2249,13:11:51,32.28,161417,50,卖盘
2250,13:11:54,32.29,51664,16,买盘
2251,13:11:57,32.29,61340,19,买盘
2252,13:12:00,32.29,474649,147,买盘
2253,13:12:03,32.29,16145,5,买盘
2254,13:12:06,32.29,74257,23,买盘
2255,13:12:09,32.29,3229,1,买盘
2256,13:12:12,32.29,54888,17,买盘
2257,13:12:15,32.29,58122,18,买盘
2258,13:12:18,32.29,45209,14,卖盘
2259,13:12:21,32.29,54893,17,卖盘
2260,13:12:24,32.3,145350,45,买盘
2261,13:12:27,32.3,109811,34,买盘
2262,13:12:30,32.3,71058,22,买盘
2263,13:12:33,32.3,138890,43,买盘
2264,13:12:36,32.3,29070,9,买盘
2265,13:12:42,32.3,71060,22,买盘
2266,13:12:45,32.3,32300,10,买盘
2267,13:12:48,32.3,203490,63,买盘
2268,13:12:51,32.3,25838,8,买盘
2269,13:12:54,32.3,145320,45,买盘
2270,13:12:57,32.3,74290,23,买盘
2271,13:13:00,32.29,90412,28,卖盘
2272,13:13:03,32.28,277646,86,卖盘
2273,13:13:06,32.26,425844,132,卖盘
2274,13:13:09,32.27,183801,57,买盘
2275,13:13:12,32.23,22576,7,卖盘
2276,13:13:15,32.25,22575,7,买盘
2277,13:13:18,32.23,29007,9,卖盘
2278,13:13:21,32.23,261054,81,卖盘
2279,13:13:24,32.22,135339,42,卖盘
2280,13:13:27,32.23,54789,17,买盘
2281,13:13:30,32.22,164322,51,卖盘
2282,13:13:33,32.22,22554,7,买盘
2283,13:13:36,32.22,25772,8,买盘
2284,13:13:39,32.22,16110,5,买盘
2285,13:13:42,32.21,106294,33,卖盘
2286,13:13:45,32.22,196521,61,买盘
2287,13:13:48,32.21,235132,73,卖盘
2288,13:13:51,32.22,190081,59,买盘
2289,13:13:54,32.2,1288110,400,卖盘
2290,13:13:57,32.2,466900,145,买盘
2291,13:14:03,32.21,74069,23,买盘
2292,13:14:06,32.21,6442,2,买盘
2293,13:14:09,32.21,45089,14,买盘
2294,13:14:12,32.2,48305,15,卖盘
2295,13:14:15,32.21,51532,16,买盘
2296,13:14:18,32.26,2148797,667,买盘
2297,13:14:21,32.23,99899,31,中性盘
2298,13:14:24,32.23,705837,219,买盘
2299,13:14:27,32.23,638072,198,买盘
2300,13:14:30,32.24,6448,2,卖盘
2301,13:14:33,32.24,3224,1,卖盘
2302,13:14:36,32.25,35492,11,中性盘
2303,13:14:39,32.27,331992,103,买盘
2304,13:14:45,32.27,3227,1,买盘
2305,13:14:48,32.28,48420,15,卖盘
2306,13:14:54,32.29,25832,8,买盘
2307,13:14:57,32.28,122666,38,卖盘
2308,13:15:00,32.29,419652,130,买盘
2309,13:15:06,32.27,1588649,492,卖盘
2310,13:15:09,32.25,99980,31,卖盘
2311,13:15:12,32.27,58082,18,买盘
2312,13:15:15,32.26,16130,5,中性盘
2313,13:15:18,32.26,32243,10,买盘
2314,13:15:21,32.26,38712,12,买盘
2315,13:15:24,32.25,100003,31,卖盘
2316,13:15:30,32.25,32250,10,买盘
2317,13:15:33,32.25,19346,6,买盘
2318,13:15:36,32.25,54825,17,买盘
2319,13:15:39,32.24,70928,22,卖盘
2320,13:15:45,32.24,70928,22,买盘
2321,13:15:48,32.24,29016,9,买盘
2322,13:15:51,32.24,9672,3,买盘
2323,13:15:54,32.24,3224,1,买盘
2324,13:15:57,32.24,148304,46,买盘
2325,13:16:00,32.23,29008,9,卖盘
2326,13:16:03,32.23,193380,60,卖盘
2327,13:16:06,32.22,270731,84,卖盘
2328,13:16:09,32.24,32238,10,买盘
2329,13:16:12,32.22,515651,160,卖盘
2330,13:16:15,32.23,29007,9,买盘
2331,13:16:18,32.23,32230,10,买盘
2332,13:16:21,32.22,209446,65,卖盘
2333,13:16:24,32.23,164323,51,买盘
2334,13:16:27,32.23,12892,4,买盘
2335,13:16:30,32.23,322295,100,买盘
2336,13:16:33,32.23,22561,7,买盘
2337,13:16:36,32.22,51552,16,卖盘
2338,13:16:39,32.23,35443,11,买盘
2339,13:16:42,32.23,12892,4,买盘
2340,13:16:45,32.23,12892,4,买盘
2341,13:16:48,32.23,209438,65,卖盘
2342,13:16:54,32.23,35459,11,卖盘
2343,13:16:57,32.24,61256,19,买盘
2344,13:17:00,32.23,151491,47,卖盘
2345,13:17:03,32.23,322300,100,卖盘
2346,13:17:06,32.23,145039,45,卖盘
2347,13:17:09,32.23,32230,10,买盘
2348,13:17:12,32.23,22561,7,买盘
2349,13:17:15,32.23,35449,11,买盘
2350,13:17:21,32.23,154664,48,买盘
2351,13:17:24,32.23,83798,26,买盘
2352,13:17:27,32.23,32230,10,买盘
2353,13:17:30,32.22,695957,216,卖盘
2354,13:17:33,32.22,41883,13,买盘
2355,13:17:36,32.22,25776,8,买盘
2356,13:17:39,32.21,16108,5,卖盘
2357,13:17:42,32.22,93437,29,买盘
2358,13:17:45,32.22,154639,48,买盘
2359,13:17:48,32.22,22554,7,买盘
2360,13:17:51,32.22,138546,43,买盘
2361,13:18:00,32.22,161100,50,卖盘
2362,13:18:03,32.23,193380,60,买盘
2363,13:18:06,32.23,51568,16,买盘
2364,13:18:09,32.24,122489,38,买盘
2365,13:18:12,32.22,773400,240,卖盘
2366,13:18:18,32.23,119255,37,卖盘
2367,13:18:21,32.22,35442,11,买盘
2368,13:18:24,32.22,19332,6,买盘
2369,13:18:27,32.22,83771,26,买盘
2370,13:18:33,32.21,599109,186,卖盘
2371,13:18:36,32.21,1317428,409,卖盘
2372,13:18:39,32.21,660310,205,卖盘
2373,13:18:45,32.21,1587953,493,卖盘
2374,13:18:51,32.22,251259,78,买盘
2375,13:18:54,32.21,1033944,321,卖盘
2376,13:19:00,32.21,289890,90,卖盘
2377,13:19:03,32.2,3220,1,卖盘
2378,13:19:06,32.21,6442,2,买盘
2379,13:19:09,32.2,647220,201,卖盘
2380,13:19:12,32.2,489441,152,卖盘
2381,13:19:15,32.2,3220,1,卖盘
2382,13:19:18,32.21,228623,71,买盘
2383,13:19:21,32.2,70840,22,卖盘
2384,13:19:27,32.21,67628,21,买盘
2385,13:19:30,32.21,74083,23,买盘
2386,13:19:33,32.2,51520,16,卖盘
2387,13:19:36,32.21,28989,9,买盘
2388,13:19:45,32.21,28989,9,买盘
2389,13:19:48,32.21,144945,45,买盘
2390,13:19:51,32.21,22547,7,买盘
2391,13:19:54,32.2,2955960,918,卖盘
2392,13:19:57,32.2,57967,18,卖盘
2393,13:20:00,32.2,6440,2,卖盘
2394,13:20:03,32.2,74060,23,卖盘
2395,13:20:06,32.2,3220,1,买盘
2396,13:20:09,32.18,440942,137,卖盘
2397,13:20:12,32.17,1583114,492,卖盘
2398,13:20:15,32.17,231586,72,买盘
2399,13:20:18,32.16,45024,14,卖盘
2400,13:20:21,32.16,32160,10,卖盘
2401,13:20:27,32.16,35378,11,卖盘
2402,13:20:30,32.16,318384,99,卖盘
2403,13:20:33,32.15,28935,9,卖盘
2404,13:20:36,32.16,128632,40,买盘
2405,13:20:39,32.16,19293,6,买盘
2406,13:20:42,32.15,514400,160,卖盘
2407,13:20:45,32.15,64300,20,买盘
2408,13:20:48,32.14,144640,45,卖盘
2409,13:20:51,32.14,61066,19,卖盘
2410,13:20:54,32.13,141385,44,卖盘
2411,13:20:57,32.14,89973,28,买盘
2412,13:21:00,32.14,67481,21,买盘
2413,13:21:06,32.13,19283,6,卖盘
2414,13:21:09,32.13,263472,82,卖盘
2415,13:21:12,32.13,709918,221,买盘
2416,13:21:15,32.12,73897,23,中性盘
2417,13:21:18,32.13,35343,11,买盘
2418,13:21:21,32.12,99585,31,卖盘
2419,13:21:24,32.13,19278,6,买盘
2420,13:21:27,32.12,54609,17,卖盘
2421,13:21:30,32.13,61047,19,卖盘
2422,13:21:33,32.14,343890,107,买盘
2423,13:21:36,32.15,93205,29,买盘
2424,13:21:39,32.14,472419,147,卖盘
2425,13:21:45,32.13,183141,57,卖盘
2426,13:21:48,32.14,106037,33,中性盘
2427,13:21:51,32.13,205650,64,卖盘
2428,13:21:54,32.12,138173,43,卖盘
2429,13:21:57,32.13,93177,29,买盘
2430,13:22:00,32.14,83564,26,买盘
2431,13:22:03,32.13,337369,105,卖盘
2432,13:22:06,32.13,3213,1,卖盘
2433,13:22:09,32.13,321300,100,卖盘
2434,13:22:12,32.13,279544,87,卖盘
2435,13:22:15,32.13,32130,10,买盘
2436,13:22:18,32.13,35343,11,买盘
2437,13:22:24,32.12,430439,134,卖盘
2438,13:22:27,32.12,334048,104,卖盘
2439,13:22:30,32.12,99572,31,卖盘
2440,13:22:33,32.12,186296,58,卖盘
2441,13:22:36,32.12,22483,7,买盘
2442,13:22:39,32.12,57815,18,买盘
2443,13:22:42,32.12,28908,9,买盘
2444,13:22:48,32.12,6424,2,买盘
2445,13:22:51,32.11,96330,30,卖盘
2446,13:22:54,32.12,41753,13,买盘
2447,13:22:57,32.12,105996,33,买盘
2448,13:23:00,32.12,690580,215,买盘
2449,13:23:03,32.1,1563789,487,卖盘
2450,13:23:06,32.11,51376,16,买盘
2451,13:23:09,32.11,89908,28,买盘
2452,13:23:12,32.1,138060,43,卖盘
2453,13:23:15,32.11,16055,5,买盘
2454,13:23:18,32.11,22474,7,买盘
2455,13:23:21,32.1,375679,117,卖盘
2456,13:23:24,32.11,150874,47,买盘
2457,13:23:27,32.12,9636,3,买盘
2458,13:23:30,32.12,109200,34,买盘
2459,13:23:33,32.12,96360,30,中性盘
2460,13:23:36,32.13,6426,2,买盘
2461,13:23:39,32.13,3213,1,买盘
2462,13:23:42,32.12,269808,84,卖盘
2463,13:23:45,32.12,77087,24,买盘
2464,13:23:48,32.12,51392,16,卖盘
2465,13:23:51,32.12,48180,15,买盘
2466,13:23:54,32.12,131692,41,买盘
2467,13:23:57,32.12,176660,55,买盘
2468,13:24:00,32.12,153983,48,买盘
2469,13:24:03,32.11,786942,245,卖盘
2470,13:24:06,32.12,690580,215,卖盘
2471,13:24:09,32.12,57816,18,卖盘
2472,13:24:15,32.13,134918,42,买盘
2473,13:24:18,32.12,382238,119,卖盘
2474,13:24:21,32.13,212023,66,买盘
2475,13:24:27,32.13,25704,8,买盘
2476,13:24:30,32.13,28917,9,买盘
2477,13:24:33,32.13,9639,3,买盘
2478,13:24:36,32.13,330939,103,买盘
2479,13:24:39,32.14,9642,3,买盘
2480,13:24:42,32.14,128560,40,买盘
2481,13:24:45,32.14,241033,75,买盘
2482,13:24:48,32.14,466166,145,卖盘
2483,13:24:51,32.16,1370016,426,买盘
2484,13:24:54,32.15,498516,155,中性盘
2485,13:24:57,32.17,3217,1,买盘
2486,13:25:00,32.17,19302,6,买盘
2487,13:25:03,32.17,25736,8,买盘
2488,13:25:12,32.19,9657,3,买盘
2489,13:25:15,32.19,12876,4,买盘
2490,13:25:18,32.18,64368,20,卖盘
2491,13:25:21,32.19,16095,5,中性盘
2492,13:25:24,32.18,119066,37,卖盘
2493,13:25:30,32.19,22530,7,买盘
2494,13:25:33,32.18,93304,29,买盘
2495,13:25:39,32.19,38628,12,买盘
2496,13:25:45,32.2,3220,1,买盘
2497,13:25:48,32.19,16099,5,卖盘
2498,13:25:51,32.2,48299,15,买盘
2499,13:25:54,32.2,67620,21,卖盘
2500,13:25:57,32.19,70831,22,卖盘
2501,13:26:03,32.21,22547,7,买盘
2502,13:26:09,32.21,215828,67,卖盘
2503,13:26:12,32.21,25765,8,买盘
2504,13:26:15,32.21,12884,4,买盘
2505,13:26:18,32.21,154608,48,买盘
2506,13:26:21,32.21,16105,5,卖盘
2507,13:26:24,32.22,64440,20,买盘
2508,13:26:27,32.21,22549,7,卖盘
2509,13:26:30,32.22,12888,4,买盘
2510,13:26:33,32.22,41886,13,买盘
2511,13:26:36,32.22,28998,9,买盘
2512,13:26:39,32.22,19332,6,买盘
2513,13:26:42,32.22,128868,40,买盘
2514,13:26:45,32.22,212652,66,买盘
2515,13:26:48,32.22,32220,10,买盘
2516,13:26:51,32.22,157876,49,买盘
2517,13:26:54,32.22,19332,6,买盘
2518,13:27:00,32.22,144990,45,买盘
2519,13:27:03,32.22,161100,50,买盘
2520,13:27:06,32.22,32220,10,买盘
2521,13:27:09,32.22,6444,2,买盘
2522,13:27:15,32.22,186872,58,买盘
2523,13:27:21,32.23,19338,6,买盘
2524,13:27:24,32.22,12888,4,卖盘
2525,13:27:30,32.23,32230,10,买盘
2526,13:27:33,32.23,6446,2,买盘
2527,13:27:39,32.24,38683,12,买盘
2528,13:27:45,32.25,116058,36,买盘
2529,13:27:48,32.24,80611,25,中性盘
2530,13:27:54,32.24,25792,8,卖盘
2531,13:27:57,32.25,16125,5,买盘
2532,13:28:00,32.25,54825,17,买盘
2533,13:28:03,32.25,25800,8,买盘
2534,13:28:06,32.25,248325,77,买盘
2535,13:28:09,32.26,32260,10,买盘
2536,13:28:12,32.26,12904,4,买盘
2537,13:28:15,32.28,48420,15,买盘
2538,13:28:21,32.27,132307,41,卖盘
2539,13:28:24,32.28,93608,29,买盘
2540,13:28:27,32.27,80690,25,卖盘
2541,13:28:30,32.28,245328,76,买盘
2542,13:28:33,32.29,45194,14,买盘
2543,13:28:36,32.29,35519,11,买盘
2544,13:28:39,32.28,222725,69,卖盘
2545,13:28:42,32.28,984814,305,买盘
2546,13:28:45,32.28,29052,9,卖盘
2547,13:28:48,32.27,6454,2,中性盘
2548,13:28:51,32.27,9681,3,卖盘
2549,13:28:57,32.28,32280,10,买盘
2550,13:29:00,32.27,32270,10,卖盘
2551,13:29:03,32.29,907326,281,买盘
2552,13:29:06,32.27,3227,1,卖盘
2553,13:29:12,32.27,3227,1,卖盘
2554,13:29:15,32.27,32270,10,卖盘
2555,13:29:21,32.27,25816,8,买盘
2556,13:29:24,32.26,129040,40,卖盘
2557,13:29:27,32.26,16130,5,卖盘
2558,13:29:30,32.26,35486,11,买盘
2559,13:29:33,32.25,22577,7,卖盘
2560,13:29:36,32.26,6452,2,买盘
2561,13:29:42,32.25,83856,26,卖盘
2562,13:29:45,32.26,38712,12,买盘
2563,13:29:48,32.26,25808,8,卖盘
2564,13:29:51,32.26,25808,8,卖盘
2565,13:29:54,32.26,6452,2,买盘
2566,13:29:57,32.25,41935,13,卖盘
2567,13:30:00,32.26,9678,3,买盘
2568,13:30:03,32.27,154851,48,买盘
2569,13:30:06,32.26,38723,12,卖盘
2570,13:30:09,32.27,70994,22,买盘
2571,13:30:12,32.27,12908,4,卖盘
2572,13:30:27,32.27,70994,22,卖盘
2573,13:30:30,32.28,100068,31,买盘
2574,13:30:33,32.28,29052,9,买盘
2575,13:30:36,32.27,32270,10,卖盘
2576,13:30:42,32.27,3227,1,卖盘
2577,13:30:45,32.28,116208,36,买盘
2578,13:30:51,32.27,54875,17,卖盘
2579,13:30:54,32.28,22596,7,买盘
2580,13:30:57,32.27,106504,33,卖盘
2581,13:31:00,32.29,35518,11,买盘
2582,13:31:06,32.29,77476,24,买盘
2583,13:31:09,32.29,51654,16,买盘
2584,13:31:12,32.29,6458,2,买盘
2585,13:31:15,32.29,16145,5,买盘
2586,13:31:18,32.28,16140,5,卖盘
2587,13:31:21,32.29,48435,15,买盘
2588,13:31:24,32.28,338940,105,卖盘
2589,13:31:27,32.28,12912,4,卖盘
2590,13:31:33,32.29,9687,3,买盘
2591,13:31:39,32.28,58104,18,卖盘
2592,13:31:42,32.29,87176,27,买盘
2593,13:31:48,32.28,25827,8,卖盘
2594,13:31:51,32.28,6456,2,卖盘
2595,13:31:54,32.29,116211,36,买盘
2596,13:31:57,32.28,41964,13,买盘
2597,13:32:00,32.28,151716,47,买盘
2598,13:32:03,32.28,16140,5,卖盘
2599,13:32:06,32.28,32280,10,卖盘
2600,13:32:09,32.28,6456,2,卖盘
2601,13:32:12,32.28,25824,8,卖盘
2602,13:32:18,32.28,268004,83,卖盘
2603,13:32:24,32.28,6456,2,卖盘
2604,13:32:33,32.28,9684,3,卖盘
2605,13:32:36,32.28,58104,18,买盘
2606,13:32:39,32.28,490625,152,卖盘
2607,13:32:45,32.28,51648,16,买盘
2608,13:32:48,32.28,29052,9,买盘
2609,13:32:51,32.27,9681,3,卖盘
2610,13:32:54,32.27,19362,6,卖盘
2611,13:32:57,32.28,19368,6,买盘
2612,13:33:00,32.28,48406,15,买盘
2613,13:33:03,32.28,19368,6,买盘
2614,13:33:06,32.27,12908,4,卖盘
2615,13:33:09,32.27,6454,2,卖盘
2616,13:33:12,32.27,148442,46,卖盘
2617,13:33:15,32.28,35507,11,买盘
2618,13:33:18,32.27,409929,127,卖盘
2619,13:33:21,32.28,432485,134,买盘
2620,13:33:24,32.29,138808,43,买盘
2621,13:33:27,32.27,19367,6,卖盘
2622,13:33:30,32.27,93603,29,卖盘
2623,13:33:33,32.27,141988,44,卖盘
2624,13:33:36,32.29,503652,156,买盘
2625,13:33:48,32.29,3229,1,卖盘
2626,13:33:51,32.3,323000,100,买盘
2627,13:33:57,32.29,6458,2,卖盘
2628,13:34:00,32.29,35529,11,中性盘
2629,13:34:06,32.29,29061,9,买盘
2630,13:34:09,32.29,9687,3,卖盘
2631,13:34:12,32.29,6458,2,卖盘
2632,13:34:21,32.3,6460,2,买盘
2633,13:34:27,32.29,51664,16,卖盘
2634,13:34:30,32.29,32290,10,卖盘
2635,13:34:36,32.3,129200,40,买盘
2636,13:34:39,32.29,6458,2,卖盘
2637,13:34:42,32.29,64580,20,卖盘
2638,13:34:48,32.3,58140,18,买盘
2639,13:34:51,32.29,16145,5,卖盘
2640,13:34:54,32.26,342042,106,卖盘
2641,13:34:57,32.26,119362,37,卖盘
2642,13:35:03,32.28,174304,54,买盘
2643,13:35:06,32.26,38722,12,卖盘
2644,13:35:09,32.26,9678,3,卖盘
2645,13:35:12,32.26,1025868,318,卖盘
2646,13:35:15,32.25,1025857,318,卖盘
2647,13:35:18,32.25,106425,33,卖盘
2648,13:35:21,32.26,54837,17,买盘
2649,13:35:24,32.25,9675,3,卖盘
2650,13:35:27,32.25,6450,2,卖盘
2651,13:35:30,32.25,109650,34,卖盘
2652,13:35:33,32.25,3225,1,卖盘
2653,13:35:36,32.25,438600,136,卖盘
2654,13:35:39,32.25,35475,11,卖盘
2655,13:35:42,32.26,77414,24,买盘
2656,13:35:45,32.25,19350,6,买盘
2657,13:35:48,32.25,9675,3,卖盘
2658,13:35:51,32.26,6451,2,买盘
2659,13:36:00,32.26,77413,24,买盘
2660,13:36:03,32.26,32260,10,买盘
2661,13:36:09,32.26,9678,3,卖盘
2662,13:36:12,32.25,3225,1,卖盘
2663,13:36:15,32.26,32260,10,买盘
2664,13:36:24,32.25,6450,2,卖盘
2665,13:36:30,32.26,9678,3,买盘
2666,13:36:36,32.26,16130,5,买盘
2667,13:36:39,32.25,32257,10,卖盘
2668,13:36:42,32.25,19350,6,卖盘
2669,13:36:48,32.25,16125,5,卖盘
2670,13:36:51,32.25,3225,1,卖盘
2671,13:36:54,32.25,48375,15,卖盘
2672,13:36:57,32.26,16130,5,买盘
2673,13:37:00,32.26,32260,10,买盘
2674,13:37:12,32.25,22578,7,卖盘
2675,13:37:15,32.26,74198,23,买盘
2676,13:37:18,32.26,103232,32,买盘
2677,13:37:21,32.26,138718,43,买盘
2678,13:37:24,32.26,32260,10,买盘
2679,13:37:27,32.26,19357,6,卖盘
2680,13:37:33,32.26,9678,3,卖盘
2681,13:37:36,32.27,67765,21,买盘
2682,13:37:39,32.26,80665,25,卖盘
2683,13:37:42,32.27,77428,24,买盘
2684,13:37:45,32.27,9681,3,卖盘
2685,13:37:57,32.27,29043,9,卖盘
2686,13:38:06,32.26,3226,1,卖盘
2687,13:38:09,32.27,51632,16,买盘
2688,13:38:12,32.26,48390,15,卖盘
2689,13:38:15,32.26,542258,168,卖盘
2690,13:38:24,32.26,129040,40,卖盘
2691,13:38:30,32.28,61297,19,买盘
2692,13:38:33,32.26,12904,4,卖盘
2693,13:38:48,32.29,12916,4,买盘
2694,13:38:54,32.28,12912,4,卖盘
2695,13:39:03,32.27,3227,1,卖盘
2696,13:39:09,32.28,35508,11,买盘
2697,13:39:12,32.26,54842,17,卖盘
2698,13:39:21,32.28,74234,23,买盘
2699,13:39:24,32.28,54874,17,买盘
2700,13:39:30,32.28,29052,9,买盘
2701,13:39:33,32.27,35498,11,卖盘
2702,13:39:36,32.28,16140,5,买盘
2703,13:39:39,32.28,3228,1,买盘
2704,13:39:42,32.27,3227,1,卖盘
2705,13:39:48,32.27,6454,2,卖盘
2706,13:39:54,32.28,48420,15,买盘
2707,13:40:06,32.28,12912,4,买盘
2708,13:40:09,32.28,16140,5,买盘
2709,13:40:12,32.28,12912,4,买盘
2710,13:40:15,32.28,9684,3,买盘
2711,13:40:18,32.28,51633,16,买盘
2712,13:40:21,32.28,3228,1,买盘
2713,13:40:30,32.24,1174160,364,卖盘
2714,13:40:33,32.24,6448,2,买盘
2715,13:40:42,32.24,116064,36,买盘
2716,13:40:45,32.24,177270,55,买盘
2717,13:40:48,32.24,35464,11,买盘
2718,13:40:51,32.24,83804,26,买盘
2719,13:40:54,32.24,25792,8,买盘
2720,13:40:57,32.24,25792,8,买盘
2721,13:41:00,32.24,74145,23,买盘
2722,13:41:03,32.24,116054,36,买盘
2723,13:41:06,32.28,16137,5,买盘
2724,13:41:09,32.27,32270,10,买盘
2725,13:41:12,32.23,1502005,466,卖盘
2726,13:41:15,32.23,80575,25,买盘
2727,13:41:27,32.27,9680,3,买盘
2728,13:41:45,32.26,32260,10,卖盘
2729,13:41:54,32.26,174204,54,卖盘
2730,13:41:57,32.26,64520,20,卖盘
2731,13:42:00,32.26,35486,11,卖盘
2732,13:42:06,32.26,9679,3,卖盘
2733,13:42:09,32.26,19356,6,买盘
2734,13:42:12,32.26,3226,1,卖盘
2735,13:42:15,32.26,19357,6,卖盘
2736,13:42:21,32.26,38703,12,买盘
2737,13:42:24,32.25,129000,40,卖盘
2738,13:42:27,32.26,16128,5,买盘
2739,13:42:30,32.25,64500,20,卖盘
2740,13:42:39,32.25,29025,9,买盘
2741,13:42:42,32.25,38700,12,买盘
2742,13:42:45,32.25,3225,1,买盘
2743,13:42:48,32.24,96720,30,卖盘
2744,13:43:03,32.24,96720,30,卖盘
2745,13:43:09,32.24,32240,10,卖盘
2746,13:43:12,32.24,3224,1,买盘
2747,13:43:15,32.24,696184,216,买盘
2748,13:43:18,32.23,6446,2,中性盘
2749,13:43:21,32.23,38674,12,买盘
2750,13:43:24,32.23,16115,5,中性盘
2751,13:43:27,32.22,235206,73,卖盘
2752,13:43:30,32.21,77315,24,卖盘
2753,13:43:33,32.23,116000,36,买盘
2754,13:43:36,32.21,48319,15,卖盘
2755,13:43:39,32.24,64477,20,买盘
2756,13:43:42,32.23,32230,10,卖盘
2757,13:43:45,32.23,29007,9,卖盘
2758,13:43:51,32.23,35453,11,买盘
2759,13:43:57,32.23,32216,10,买盘
2760,13:44:00,32.21,57979,18,卖盘
2761,13:44:09,32.23,112747,35,买盘
2762,13:44:12,32.21,12884,4,卖盘
2763,13:44:15,32.21,25768,8,卖盘
2764,13:44:18,32.23,222268,69,买盘
2765,13:44:21,32.22,202900,63,买盘
2766,13:44:24,32.22,57978,18,买盘
2767,13:44:27,32.2,788899,245,卖盘
2768,13:44:30,32.2,32200,10,买盘
2769,13:44:33,32.19,141636,44,卖盘
2770,13:44:39,32.19,6438,2,卖盘
2771,13:44:42,32.19,25748,8,买盘
2772,13:44:48,32.18,106203,33,卖盘
2773,13:44:54,32.18,186660,58,卖盘
2774,13:44:57,32.19,16095,5,中性盘
2775,13:45:00,32.19,38628,12,卖盘
2776,13:45:03,32.18,160900,50,卖盘
2777,13:45:06,32.19,19310,6,买盘
2778,13:45:09,32.18,244568,76,卖盘
2779,13:45:21,32.18,99758,31,卖盘
2780,13:45:24,32.18,57924,18,卖盘
2781,13:45:27,32.18,9656,3,卖盘
2782,13:45:30,32.18,6436,2,卖盘
2783,13:45:33,32.19,28963,9,买盘
2784,13:45:36,32.18,128720,40,卖盘
2785,13:45:39,32.18,9654,3,卖盘
2786,13:45:42,32.19,22527,7,买盘
2787,13:45:48,32.18,22526,7,卖盘
2788,13:45:51,32.18,16090,5,买盘
2789,13:45:54,32.19,64367,20,买盘
2790,13:45:57,32.17,73996,23,卖盘
2791,13:46:00,32.18,9654,3,买盘
2792,13:46:03,32.17,353870,110,卖盘
2793,13:46:06,32.16,19296,6,卖盘
2794,13:46:09,32.16,25728,8,卖盘
2795,13:46:12,32.16,35376,11,卖盘
2796,13:46:15,32.16,102912,32,卖盘
2797,13:46:21,32.17,144763,45,买盘
2798,13:46:24,32.17,119012,37,买盘
2799,13:46:30,32.16,51462,16,卖盘
2800,13:46:33,32.16,80413,25,卖盘
2801,13:46:36,32.17,16085,5,买盘
2802,13:46:39,32.16,215503,67,卖盘
2803,13:46:42,32.17,38604,12,买盘
2804,13:46:48,32.17,93293,29,买盘
2805,13:46:51,32.18,64360,20,买盘
2806,13:46:54,32.18,9654,3,卖盘
2807,13:46:57,32.18,3218,1,买盘
2808,13:47:03,32.18,122221,38,买盘
2809,13:47:06,32.18,3218,1,买盘
2810,13:47:09,32.18,38615,12,买盘
2811,13:47:15,32.18,157688,49,卖盘
2812,13:47:18,32.19,189911,59,买盘
2813,13:47:21,32.18,106215,33,中性盘
2814,13:47:30,32.19,19310,6,买盘
2815,13:47:33,32.19,6438,2,买盘
2816,13:47:36,32.18,38619,12,卖盘
2817,13:47:39,32.19,32190,10,买盘
2818,13:47:42,32.19,25753,8,买盘
2819,13:47:45,32.2,51510,16,买盘
2820,13:47:48,32.21,106259,33,买盘
2821,13:47:51,32.23,70875,22,买盘
2822,13:47:54,32.24,16118,5,买盘
2823,13:48:03,32.2,35428,11,卖盘
2824,13:48:06,32.23,19338,6,买盘
2825,13:48:09,32.23,19338,6,买盘
2826,13:48:15,32.23,16111,5,买盘
2827,13:48:21,32.23,22561,7,买盘
2828,13:48:27,32.23,6446,2,卖盘
2829,13:48:30,32.23,3223,1,卖盘
2830,13:48:36,32.21,3221,1,卖盘
2831,13:48:39,32.23,19338,6,买盘
2832,13:48:42,32.23,19338,6,买盘
2833,13:48:48,32.22,12888,4,买盘
2834,13:49:00,32.21,161050,50,卖盘
2835,13:49:03,32.24,206243,64,买盘
2836,13:49:06,32.23,54791,17,卖盘
2837,13:49:09,32.24,9672,3,买盘
2838,13:49:12,32.24,3224,1,买盘
2839,13:49:15,32.24,35464,11,买盘
2840,13:49:18,32.24,38688,12,卖盘
2841,13:49:21,32.24,96719,30,卖盘
2842,13:49:24,32.24,25792,8,买盘
2843,13:49:27,32.22,9668,3,卖盘
2844,13:49:39,32.23,41899,13,买盘
2845,13:49:42,32.24,9672,3,买盘
2846,13:49:45,32.22,112780,35,卖盘
2847,13:49:51,32.22,3222,1,买盘
2848,13:50:00,32.22,9666,3,买盘
2849,13:50:03,32.21,28997,9,卖盘
2850,13:50:06,32.22,64438,20,中性盘
2851,13:50:09,32.21,132093,41,卖盘
2852,13:50:15,32.21,6442,2,买盘
2853,13:50:21,32.2,231840,72,卖盘
2854,13:50:24,32.2,3220,1,卖盘
2855,13:50:30,32.2,6440,2,卖盘
2856,13:50:33,32.2,96600,30,卖盘
2857,13:50:36,32.19,16095,5,卖盘
2858,13:50:42,32.2,16100,5,买盘
2859,13:50:51,32.2,96576,30,买盘
2860,13:51:00,32.2,32200,10,买盘
2861,13:51:03,32.19,57957,18,卖盘
2862,13:51:09,32.19,209235,65,卖盘
2863,13:51:12,32.2,6440,2,买盘
2864,13:51:15,32.19,22533,7,卖盘
2865,13:51:21,32.2,32200,10,买盘
2866,13:51:24,32.2,93380,29,买盘
2867,13:51:27,32.2,25760,8,卖盘
2868,13:51:30,32.2,19320,6,卖盘
2869,13:51:33,32.2,9660,3,卖盘
2870,13:51:39,32.2,48300,15,卖盘
2871,13:51:42,32.21,38642,12,买盘
2872,13:51:48,32.2,132020,41,卖盘
2873,13:51:54,32.2,64400,20,买盘
2874,13:51:57,32.2,41860,13,买盘
2875,13:52:00,32.2,83720,26,买盘
2876,13:52:03,32.2,3220,1,卖盘
2877,13:52:06,32.2,28988,9,卖盘
2878,13:52:09,32.21,22547,7,买盘
2879,13:52:15,32.22,19329,6,买盘
2880,13:52:18,32.2,6440,2,卖盘
2881,13:52:21,32.21,16105,5,买盘
2882,13:52:24,32.21,6442,2,卖盘
2883,13:52:30,32.21,57978,18,买盘
2884,13:52:36,32.21,6442,2,卖盘
2885,13:52:39,32.21,6442,2,卖盘
2886,13:52:48,32.21,9663,3,卖盘
2887,13:52:54,32.21,3221,1,卖盘
2888,13:52:57,32.21,57978,18,卖盘
2889,13:53:00,32.21,206144,64,买盘
2890,13:53:03,32.21,112735,35,买盘
2891,13:53:06,32.22,148186,46,买盘
2892,13:53:18,32.21,3221,1,卖盘
2893,13:53:21,32.21,9665,3,卖盘
2894,13:53:24,32.22,9666,3,买盘
2895,13:53:27,32.21,6442,2,卖盘
2896,13:53:30,32.22,48330,15,买盘
2897,13:53:33,32.21,6442,2,卖盘
2898,13:53:36,32.21,3221,1,卖盘
2899,13:53:39,32.21,206144,64,卖盘
2900,13:53:42,32.21,61199,19,买盘
2901,13:53:48,32.22,6444,2,买盘
2902,13:53:54,32.22,19332,6,买盘
2903,13:53:57,32.22,77328,24,买盘
2904,13:54:00,32.22,96660,30,卖盘
2905,13:54:03,32.22,35443,11,卖盘
2906,13:54:09,32.23,48332,15,买盘
2907,13:54:12,32.23,16115,5,买盘
2908,13:54:21,32.22,6444,2,卖盘
2909,13:54:24,32.22,393144,122,卖盘
2910,13:54:27,32.23,612234,190,买盘
2911,13:54:30,32.23,83798,26,卖盘
2912,13:54:33,32.23,6446,2,卖盘
2913,13:54:36,32.24,157976,49,买盘
2914,13:54:39,32.24,96720,30,卖盘
2915,13:54:42,32.25,22575,7,买盘
2916,13:54:48,32.25,16125,5,买盘
2917,13:54:54,32.24,3224,1,卖盘
2918,13:54:57,32.25,3225,1,买盘
2919,13:55:00,32.25,22575,7,买盘
2920,13:55:03,32.25,190254,59,买盘
2921,13:55:06,32.26,58056,18,买盘
2922,13:55:09,32.26,19356,6,买盘
2923,13:55:12,32.26,6452,2,买盘
2924,13:55:15,32.25,16125,5,卖盘
2925,13:55:18,32.25,6450,2,卖盘
2926,13:55:21,32.26,3226,1,买盘
2927,13:55:24,32.26,29033,9,买盘
2928,13:55:27,32.26,64502,20,买盘
2929,13:55:33,32.26,61294,19,买盘
2930,13:55:36,32.25,19350,6,卖盘
2931,13:55:39,32.25,6450,2,卖盘
2932,13:55:42,32.25,6450,2,卖盘
2933,13:55:48,32.25,45148,14,买盘
2934,13:55:51,32.25,12900,4,买盘
2935,13:55:54,32.25,32248,10,买盘
2936,13:55:57,32.24,106416,33,卖盘
2937,13:56:00,32.24,109627,34,卖盘
2938,13:56:03,32.24,12896,4,买盘
2939,13:56:06,32.24,38688,12,买盘
2940,13:56:09,32.24,12896,4,买盘
2941,13:56:12,32.24,25792,8,买盘
2942,13:56:15,32.23,83798,26,卖盘
2943,13:56:18,32.23,19338,6,买盘
2944,13:56:33,32.22,6444,2,卖盘
2945,13:56:36,32.23,16115,5,买盘
2946,13:56:39,32.22,99882,31,卖盘
2947,13:56:42,32.21,41883,13,卖盘
2948,13:56:45,32.21,28989,9,卖盘
2949,13:56:48,32.21,6442,2,卖盘
2950,13:56:51,32.21,64420,20,卖盘
2951,13:56:54,32.2,470161,146,卖盘
2952,13:56:57,32.2,16100,5,买盘
2953,13:57:00,32.2,3220,1,买盘
2954,13:57:03,32.2,3220,1,买盘
2955,13:57:24,32.2,48300,15,买盘
2956,13:57:27,32.2,93364,29,买盘
2957,13:57:30,32.2,3220,1,买盘
2958,13:57:33,32.2,122360,38,买盘
2959,13:57:36,32.2,125580,39,买盘
2960,13:57:39,32.2,28975,9,买盘
2961,13:57:42,32.2,3220,1,买盘
2962,13:57:51,32.2,3220,1,买盘
2963,13:57:54,32.19,28971,9,卖盘
2964,13:58:03,32.2,6440,2,买盘
2965,13:58:12,32.19,25752,8,卖盘
2966,13:58:24,32.2,22540,7,买盘
2967,13:58:27,32.19,3219,1,卖盘
2968,13:58:30,32.2,164220,51,买盘
2969,13:58:33,32.2,35416,11,买盘
2970,13:58:36,32.2,3220,1,买盘
2971,13:58:39,32.19,16095,5,卖盘
2972,13:58:54,32.18,688778,214,卖盘
2973,13:59:00,32.2,6440,2,买盘
2974,13:59:12,32.19,9657,3,买盘
2975,13:59:15,32.19,32185,10,买盘
2976,13:59:18,32.18,16090,5,卖盘
2977,13:59:24,32.18,514879,160,卖盘
2978,13:59:36,32.18,22525,7,买盘
2979,13:59:42,32.18,19305,6,买盘
2980,13:59:45,32.18,106190,33,买盘
2981,13:59:48,32.18,16090,5,卖盘
2982,13:59:51,32.19,6438,2,买盘
2983,13:59:54,32.19,9656,3,买盘
2984,14:00:00,32.19,6438,2,买盘
2985,14:00:03,32.17,424646,132,卖盘
2986,14:00:06,32.19,1827294,568,买盘
2987,14:00:09,32.19,61173,19,卖盘
2988,14:00:12,32.17,189937,59,卖盘
2989,14:00:15,32.22,38651,12,买盘
2990,14:00:24,32.22,9666,3,买盘
2991,14:00:30,32.2,32210,10,卖盘
2992,14:00:33,32.2,9660,3,买盘
2993,14:00:39,32.2,9661,3,卖盘
2994,14:00:45,32.23,32229,10,买盘
2995,14:00:48,32.21,6442,2,卖盘
2996,14:00:51,32.2,12880,4,卖盘
2997,14:01:09,32.18,772422,240,卖盘
2998,14:01:15,32.21,3221,1,买盘
2999,14:01:18,32.21,3221,1,买盘
3000,14:01:21,32.21,67621,21,买盘
3001,14:01:24,32.2,90160,28,卖盘
3002,14:01:30,32.18,16090,5,卖盘
3003,14:01:33,32.19,6437,2,中性盘
3004,14:01:42,32.19,3219,1,买盘
3005,14:01:45,32.18,463451,144,卖盘
3006,14:01:48,32.18,102976,32,买盘
3007,14:01:51,32.18,28962,9,买盘
3008,14:01:54,32.18,32180,10,买盘
3009,14:01:57,32.18,115848,36,买盘
3010,14:02:00,32.16,1302760,405,卖盘
3011,14:02:03,32.17,681796,212,买盘
3012,14:02:09,32.16,9648,3,卖盘
3013,14:02:12,32.17,16085,5,买盘
3014,14:02:21,32.16,1093440,340,卖盘
3015,14:02:27,32.15,19295,6,卖盘
3016,14:02:30,32.15,6430,2,卖盘
3017,14:02:33,32.15,3215,1,卖盘
3018,14:02:36,32.15,970930,302,卖盘
3019,14:02:39,32.16,9648,3,买盘
3020,14:02:42,32.17,176863,55,买盘
3021,14:02:45,32.15,16078,5,卖盘
3022,14:02:48,32.15,1475739,459,卖盘
3023,14:02:54,32.14,35364,11,卖盘
3024,14:02:57,32.15,3215,1,买盘
3025,14:03:00,32.15,260405,81,买盘
3026,14:03:03,32.14,25715,8,卖盘
3027,14:03:06,32.15,28935,9,买盘
3028,14:03:09,32.16,9648,3,中性盘
3029,14:03:12,32.16,28944,9,卖盘
3030,14:03:15,32.16,70754,22,卖盘
3031,14:03:18,32.17,51463,16,买盘
3032,14:03:21,32.16,12864,4,卖盘
3033,14:03:27,32.16,234809,73,卖盘
3034,14:03:30,32.16,6432,2,买盘
3035,14:03:33,32.16,19294,6,买盘
3036,14:03:36,32.16,112558,35,买盘
3037,14:03:39,32.16,115776,36,买盘
3038,14:03:42,32.18,328038,102,买盘
3039,14:03:45,32.18,57924,18,买盘
3040,14:03:48,32.18,3218,1,买盘
3041,14:03:51,32.18,9654,3,买盘
3042,14:04:03,32.18,25744,8,买盘
3043,14:04:06,32.18,25743,8,买盘
3044,14:04:12,32.18,3218,1,卖盘
3045,14:04:15,32.2,180220,56,买盘
3046,14:04:18,32.2,19320,6,买盘
3047,14:04:21,32.2,28980,9,买盘
3048,14:04:24,32.21,54742,17,买盘
3049,14:04:30,32.2,6440,2,卖盘
3050,14:04:33,32.21,19326,6,买盘
3051,14:04:39,32.21,22547,7,买盘
3052,14:04:42,32.2,16100,5,卖盘
3053,14:04:45,32.2,32204,10,买盘
3054,14:04:48,32.21,22547,7,买盘
3055,14:04:54,32.2,19320,6,卖盘
3056,14:04:57,32.21,6442,2,买盘
3057,14:05:00,32.21,128840,40,买盘
3058,14:05:03,32.21,12884,4,买盘
3059,14:05:06,32.21,19327,6,卖盘
3060,14:05:09,32.22,3222,1,买盘
3061,14:05:12,32.22,19332,6,买盘
3062,14:05:15,32.23,3223,1,买盘
3063,14:05:24,32.23,19338,6,买盘
3064,14:05:27,32.23,32230,10,买盘
3065,14:05:30,32.22,99882,31,卖盘
3066,14:05:33,32.23,3223,1,买盘
3067,14:05:36,32.23,6446,2,买盘
3068,14:05:45,32.23,87015,27,买盘
3069,14:05:48,32.23,19338,6,卖盘
3070,14:05:51,32.22,19332,6,卖盘
3071,14:05:54,32.23,286847,89,买盘
3072,14:05:57,32.22,28999,9,卖盘
3073,14:06:00,32.22,32220,10,卖盘
3074,14:06:03,32.21,51546,16,卖盘
3075,14:06:06,32.21,180376,56,卖盘
3076,14:06:09,32.21,3221,1,买盘
3077,14:06:18,32.19,392827,122,卖盘
3078,14:06:21,32.2,6440,2,买盘
3079,14:06:24,32.2,22540,7,买盘
3080,14:06:27,32.2,48290,15,买盘
3081,14:06:36,32.19,51517,16,卖盘
3082,14:06:39,32.19,9657,3,买盘
3083,14:06:45,32.2,48286,15,买盘
3084,14:06:48,32.19,16092,5,买盘
3085,14:06:51,32.19,9657,3,卖盘
3086,14:07:00,32.19,54725,17,卖盘
3087,14:07:03,32.19,3219,1,卖盘
3088,14:07:06,32.19,28975,9,卖盘
