,成交时间,成交价格,成交金额,成交量,性质
0,09:25:00,7.65,945540,1236,卖盘
1,09:30:00,7.65,537051,702,卖盘
2,09:30:03,7.63,1122552,1469,卖盘
3,09:30:06,7.64,287900,377,买盘
4,09:30:09,7.65,494334,647,买盘
5,09:30:12,7.64,1092968,1429,卖盘
6,09:30:15,7.67,256591,335,买盘
7,09:30:18,7.67,29913,39,买盘
8,09:30:21,7.66,32195,42,卖盘
9,09:30:24,7.67,418009,545,买盘
10,09:30:27,7.67,292083,381,买盘
11,09:30:30,7.66,608318,794,卖盘
12,09:30:33,7.66,159308,208,买盘
13,09:30:36,7.65,1633991,2136,卖盘
14,09:30:39,7.67,763424,998,买盘
15,09:30:42,7.67,772800,1010,买盘
16,09:30:45,7.66,9958,13,卖盘
17,09:30:48,7.66,158589,207,卖盘
18,09:30:51,7.66,703202,918,卖盘
19,09:30:54,7.65,910422,1190,卖盘
20,09:30:57,7.65,57382,75,卖盘
21,09:31:00,7.66,13011,17,买盘
22,09:31:03,7.65,60508,79,卖盘
23,09:31:06,7.65,80329,105,卖盘
24,09:31:09,7.63,502750,658,卖盘
25,09:31:12,7.64,113192,148,卖盘
26,09:31:15,7.64,92573,121,卖盘
27,09:31:18,7.65,54297,71,中性盘
28,09:31:21,7.65,168262,220,卖盘
29,09:31:24,7.65,66567,87,卖盘
30,09:31:27,7.64,22920,30,卖盘
31,09:31:30,7.64,282664,370,卖盘
32,09:31:33,7.64,397280,520,卖盘
33,09:31:36,7.64,461049,604,卖盘
34,09:31:39,7.63,697050,913,卖盘
35,09:31:42,7.64,221656,290,卖盘
36,09:31:45,7.64,255187,334,卖盘
37,09:31:48,7.64,71073,93,卖盘
38,09:31:51,7.64,84049,110,卖盘
39,09:31:54,7.65,410805,537,买盘
40,09:31:57,7.65,90996,119,卖盘
41,09:32:00,7.65,1530,2,中性盘
42,09:32:03,7.64,185682,243,卖盘
43,09:32:06,7.65,48234,63,卖盘
44,09:32:09,7.65,64265,84,卖盘
45,09:32:12,7.66,63558,83,买盘
46,09:32:15,7.65,42840,56,卖盘
47,09:32:18,7.65,42840,56,卖盘
48,09:32:21,7.66,89606,117,买盘
49,09:32:24,7.65,94098,123,卖盘
50,09:32:27,7.66,9958,13,买盘
51,09:32:30,7.66,313294,409,买盘
52,09:32:33,7.66,73536,96,卖盘
53,09:32:36,7.66,17619,23,卖盘
54,09:32:39,7.66,119500,156,卖盘
55,09:32:42,7.66,183077,239,卖盘
56,09:32:45,7.66,842379,1101,买盘
57,09:32:48,7.65,117848,154,卖盘
58,09:32:51,7.65,39780,52,买盘
59,09:32:54,7.64,206340,270,卖盘
60,09:32:57,7.64,40492,53,卖盘
61,09:33:00,7.64,106206,139,卖盘
62,09:33:03,7.64,191082,250,卖盘
63,09:33:06,7.65,18339,24,买盘
64,09:33:09,7.65,28297,37,买盘
65,09:33:12,7.64,67996,89,卖盘
66,09:33:15,7.64,100105,131,卖盘
67,09:33:18,7.65,275844,361,买盘
68,09:33:21,7.65,125442,164,买盘
69,09:33:24,7.64,567662,743,卖盘
70,09:33:27,7.65,81779,107,买盘
71,09:33:30,7.64,928519,1214,卖盘
72,09:33:33,7.64,165145,216,卖盘
73,09:33:36,7.64,16810,22,卖盘
74,09:33:39,7.64,84914,111,卖盘
75,09:33:42,7.65,94075,123,买盘
76,09:33:45,7.65,14535,19,卖盘
77,09:33:48,7.65,57440,75,卖盘
78,09:33:51,7.65,188957,247,卖盘
79,09:33:54,7.65,258505,338,卖盘
80,09:33:57,7.64,157657,206,卖盘
81,09:34:00,7.65,121635,159,中性盘
82,09:34:03,7.65,28299,37,买盘
83,09:34:06,7.65,63423,83,买盘
84,09:34:09,7.65,39015,51,卖盘
85,09:34:12,7.64,792305,1037,卖盘
86,09:34:15,7.64,147624,193,卖盘
87,09:34:18,7.65,20631,27,买盘
88,09:34:21,7.65,6117,8,买盘
89,09:34:24,7.64,26741,35,卖盘
90,09:34:27,7.64,1528,2,卖盘
91,09:34:30,7.64,29032,38,卖盘
92,09:34:33,7.65,52717,69,买盘
93,09:34:36,7.64,36672,48,卖盘
94,09:34:39,7.64,800672,1048,卖盘
95,09:34:42,7.64,76400,100,卖盘
96,09:34:45,7.64,138234,181,卖盘
97,09:34:48,7.64,148980,195,买盘
98,09:34:51,7.64,95495,125,买盘
99,09:34:54,7.63,779023,1021,卖盘
100,09:34:57,7.64,193118,253,买盘
101,09:35:00,7.64,267984,351,买盘
102,09:35:03,7.63,84036,110,卖盘
103,09:35:06,7.65,79812,105,买盘
104,09:35:09,7.63,94625,124,卖盘
105,09:35:12,7.64,14516,19,买盘
106,09:35:15,7.63,9157,12,卖盘
107,09:35:18,7.64,161858,212,买盘
108,09:35:21,7.64,25976,34,卖盘
109,09:35:24,7.64,39751,52,卖盘
110,09:35:27,7.64,60376,79,卖盘
111,09:35:30,7.64,87860,115,卖盘
112,09:35:33,7.64,19864,26,卖盘
113,09:35:36,7.65,36719,48,买盘
114,09:35:39,7.64,897739,1175,卖盘
115,09:35:42,7.64,119314,156,卖盘
116,09:35:45,7.64,11460,15,卖盘
117,09:35:48,7.64,415639,544,卖盘
118,09:35:51,7.65,84844,111,买盘
119,09:35:54,7.64,20637,27,卖盘
120,09:35:57,7.64,6115,8,卖盘
121,09:36:00,7.65,8415,11,买盘
122,09:36:03,7.65,276581,362,买盘
123,09:36:06,7.64,12988,17,卖盘
124,09:36:09,7.64,407986,534,卖盘
125,09:36:12,7.65,45878,60,买盘
126,09:36:15,7.65,111558,146,买盘
127,09:36:18,7.65,245565,321,买盘
128,09:36:21,7.65,571455,747,买盘
129,09:36:24,7.65,194310,254,卖盘
130,09:36:27,7.65,29058,38,卖盘
131,09:36:30,7.65,35164,46,买盘
132,09:36:33,7.65,6113,8,买盘
133,09:36:36,7.65,58877,77,买盘
134,09:36:39,7.64,158224,207,卖盘
135,09:36:42,7.65,79554,104,买盘
136,09:36:45,7.65,8405,11,买盘
137,09:36:48,7.64,48945,64,卖盘
138,09:36:51,7.64,3820,5,卖盘
139,09:36:54,7.64,624957,818,卖盘
140,09:36:57,7.65,45132,59,买盘
141,09:37:00,7.64,12988,17,卖盘
142,09:37:03,7.64,74108,97,卖盘
143,09:37:06,7.64,8404,11,卖盘
144,09:37:09,7.65,78695,103,买盘
145,09:37:12,7.64,112308,147,卖盘
146,09:37:15,7.64,9168,12,卖盘
147,09:37:18,7.64,9170,12,卖盘
148,09:37:21,7.64,200932,263,卖盘
149,09:37:24,7.64,246772,323,卖盘
150,09:37:27,7.64,1443960,1890,卖盘
151,09:37:30,7.63,147266,193,卖盘
152,09:37:33,7.63,56465,74,卖盘
153,09:37:36,7.63,36624,48,卖盘
154,09:37:39,7.63,31293,41,卖盘
155,09:37:42,7.63,115986,152,卖盘
156,09:37:45,7.63,1226142,1607,卖盘
157,09:37:48,7.63,32809,43,卖盘
158,09:37:51,7.63,68670,90,卖盘
159,09:37:54,7.63,131533,172,卖盘
160,09:37:57,7.63,67145,88,卖盘
161,09:38:00,7.63,258034,338,卖盘
162,09:38:03,7.63,86770,114,卖盘
163,09:38:06,7.64,534300,700,买盘
164,09:38:09,7.64,89570,117,买盘
165,09:38:12,7.64,14516,19,卖盘
166,09:38:15,7.63,138185,181,卖盘
167,09:38:18,7.64,51952,68,中性盘
168,09:38:21,7.63,58824,77,卖盘
169,09:38:24,7.63,158705,208,卖盘
170,09:38:27,7.64,47358,62,买盘
171,09:38:30,7.63,38150,50,卖盘
172,09:38:33,7.63,178632,234,卖盘
173,09:38:36,7.64,403372,528,买盘
174,09:38:39,7.64,732609,960,买盘
175,09:38:42,7.63,100750,132,卖盘
176,09:38:45,7.64,58025,76,中性盘
177,09:38:48,7.63,299180,392,卖盘
178,09:38:51,7.63,20601,27,卖盘
179,09:38:54,7.63,71738,94,卖盘
180,09:38:57,7.64,130611,171,中性盘
181,09:39:00,7.63,1981533,2597,卖盘
182,09:39:03,7.64,92444,121,卖盘
183,09:39:06,7.63,70292,92,卖盘
184,09:39:09,7.64,20628,27,卖盘
185,09:39:12,7.64,19100,25,买盘
186,09:39:15,7.63,163282,214,卖盘
187,09:39:18,7.64,2018319,2648,买盘
188,09:39:21,7.63,7630,10,买盘
189,09:39:24,7.63,101463,133,买盘
190,09:39:27,7.63,34323,45,买盘
191,09:39:30,7.63,235757,309,买盘
192,09:39:33,7.63,134288,176,卖盘
193,09:39:36,7.63,465430,610,卖盘
194,09:39:39,7.63,76307,100,卖盘
195,09:39:42,7.63,51121,67,卖盘
196,09:39:45,7.63,162519,213,卖盘
197,09:39:48,7.63,35888,47,卖盘
198,09:39:51,7.64,22910,30,买盘
199,09:39:54,7.63,57989,76,卖盘
200,09:39:57,7.63,295284,387,卖盘
201,09:40:00,7.63,97684,128,买盘
202,09:40:03,7.63,125895,165,卖盘
203,09:40:06,7.63,10682,14,买盘
204,09:40:09,7.62,1358358,1781,卖盘
205,09:40:12,7.63,77063,101,买盘
206,09:40:15,7.63,35865,47,买盘
207,09:40:18,7.63,145725,191,卖盘
208,09:40:21,7.63,16786,22,买盘
209,09:40:24,7.63,140270,184,买盘
210,09:40:27,7.63,122833,161,买盘
211,09:40:30,7.63,21340,28,买盘
212,09:40:33,7.62,1732850,2274,卖盘
213,09:40:36,7.63,176185,231,买盘
214,09:40:39,7.62,46359,61,中性盘
215,09:40:42,7.61,93654,123,卖盘
216,09:40:45,7.61,23602,31,卖盘
217,09:40:48,7.62,960523,1262,买盘
218,09:40:51,7.61,490085,644,卖盘
219,09:40:54,7.61,17508,23,卖盘
220,09:40:57,7.62,115679,152,买盘
221,09:41:00,7.61,44899,59,卖盘
222,09:41:03,7.6,1981753,2605,卖盘
223,09:41:06,7.6,196215,258,卖盘
224,09:41:09,7.6,36480,48,卖盘
225,09:41:12,7.6,81320,107,卖盘
226,09:41:15,7.6,256130,337,卖盘
227,09:41:18,7.6,2653241,3491,卖盘
228,09:41:21,7.59,122341,161,卖盘
229,09:41:24,7.6,1903680,2508,买盘
230,09:41:27,7.59,330113,435,卖盘
231,09:41:30,7.59,116903,154,卖盘
232,09:41:33,7.59,172293,227,买盘
233,09:41:36,7.58,139628,184,卖盘
234,09:41:39,7.59,353387,466,中性盘
235,09:41:42,7.59,91805,121,买盘
236,09:41:45,7.59,45540,60,买盘
237,09:41:48,7.59,275451,363,买盘
238,09:41:51,7.58,367701,485,卖盘
239,09:41:54,7.58,190412,251,卖盘
240,09:41:57,7.59,22014,29,中性盘
241,09:42:00,7.58,47022,62,卖盘
242,09:42:03,7.6,130617,172,买盘
243,09:42:06,7.59,16710,22,卖盘
244,09:42:09,7.59,156354,206,卖盘
245,09:42:12,7.6,677793,893,买盘
246,09:42:15,7.59,220122,290,卖盘
247,09:42:18,7.6,236329,311,买盘
248,09:42:21,7.59,114648,151,卖盘
249,09:42:24,7.59,74387,98,卖盘
250,09:42:27,7.59,90344,119,卖盘
251,09:42:30,7.59,134361,177,卖盘
252,09:42:33,7.59,26581,35,卖盘
253,09:42:36,7.59,64522,85,卖盘
254,09:42:39,7.59,349149,460,卖盘
255,09:42:42,7.6,312234,411,买盘
256,09:42:45,7.59,176121,232,卖盘
257,09:42:48,7.6,215033,283,买盘
258,09:42:51,7.6,15958,21,买盘
259,09:42:54,7.59,132123,174,卖盘
260,09:42:57,7.6,149706,197,买盘
261,09:43:00,7.61,84287,111,买盘
262,09:43:03,7.6,92635,122,中性盘
263,09:43:06,7.59,95690,126,卖盘
264,09:43:09,7.6,186949,246,买盘
265,09:43:12,7.6,180120,237,卖盘
266,09:43:15,7.6,85113,112,卖盘
267,09:43:18,7.6,19000,25,买盘
268,09:43:21,7.6,104120,137,买盘
269,09:43:24,7.6,27355,36,买盘
270,09:43:27,7.59,53142,70,卖盘
271,09:43:30,7.59,1669800,2200,卖盘
272,09:43:33,7.6,211056,278,买盘
273,09:43:36,7.6,22773,30,买盘
274,09:43:39,7.59,42517,56,卖盘
275,09:43:42,7.59,772662,1018,卖盘
276,09:43:45,7.59,92680,122,买盘
277,09:43:48,7.59,745033,981,卖盘
278,09:43:51,7.59,53131,70,卖盘
279,09:43:54,7.59,64515,85,卖盘
280,09:43:57,7.6,67574,89,买盘
281,09:44:00,7.59,53130,70,卖盘
282,09:44:03,7.59,110096,145,卖盘
283,09:44:06,7.59,53892,71,卖盘
284,09:44:09,7.59,37950,50,卖盘
285,09:44:12,7.59,33398,44,卖盘
286,09:44:15,7.59,40227,53,卖盘
287,09:44:18,7.59,22015,29,卖盘
288,09:44:21,7.59,176847,233,卖盘
289,09:44:24,7.58,3782440,4990,卖盘
290,09:44:27,7.57,38641,51,卖盘
291,09:44:30,7.57,379287,501,卖盘
292,09:44:33,7.57,54524,72,卖盘
293,09:44:36,7.57,98410,130,卖盘
294,09:44:39,7.57,171840,227,卖盘
295,09:44:42,7.57,1033313,1365,卖盘
296,09:44:45,7.57,110532,146,卖盘
297,09:44:48,7.58,1391334,1838,买盘
298,09:44:51,7.57,330057,436,卖盘
299,09:44:54,7.57,159770,211,卖盘
300,09:44:57,7.57,834260,1102,卖盘
301,09:45:00,7.57,287660,380,卖盘
302,09:45:03,7.57,239981,317,卖盘
303,09:45:06,7.57,161998,214,卖盘
304,09:45:09,7.58,185757,245,买盘
305,09:45:12,7.57,119612,158,卖盘
306,09:45:15,7.57,162755,215,卖盘
307,09:45:18,7.57,98410,130,卖盘
308,09:45:21,7.58,175726,232,买盘
309,09:45:24,7.58,31803,42,买盘
310,09:45:27,7.58,675756,892,买盘
311,09:45:30,7.57,56847,75,卖盘
312,09:45:33,7.57,44679,59,卖盘
313,09:45:36,7.57,209734,277,卖盘
314,09:45:39,7.57,15897,21,卖盘
315,09:45:42,7.57,363360,480,卖盘
316,09:45:45,7.57,145393,192,卖盘
317,09:45:48,7.58,116588,154,买盘
318,09:45:51,7.57,291450,385,卖盘
319,09:45:54,7.57,327767,433,卖盘
320,09:45:57,7.57,6813,9,卖盘
321,09:46:00,7.57,23486,31,卖盘
322,09:46:03,7.57,222558,294,卖盘
323,09:46:06,7.57,37850,50,卖盘
324,09:46:09,7.57,633609,837,卖盘
325,09:46:12,7.57,96961,128,卖盘
326,09:46:15,7.57,168054,222,卖盘
327,09:46:18,7.58,90089,119,买盘
328,09:46:21,7.57,6813,9,卖盘
329,09:46:24,7.58,21977,29,买盘
330,09:46:27,7.57,45426,60,卖盘
331,09:46:30,7.58,31804,42,买盘
332,09:46:33,7.57,15140,20,卖盘
333,09:46:36,7.57,71158,94,卖盘
334,09:46:39,7.58,168106,222,买盘
335,09:46:42,7.57,34827,46,卖盘
336,09:46:45,7.58,162949,215,买盘
337,09:46:48,7.58,314289,415,买盘
338,09:46:51,7.58,266044,351,买盘
339,09:46:54,7.58,156866,207,买盘
340,09:46:57,7.58,139442,184,卖盘
341,09:47:00,7.59,44710,59,买盘
342,09:47:03,7.59,218328,288,买盘
343,09:47:06,7.59,47783,63,买盘
344,09:47:09,7.59,79692,105,买盘
345,09:47:12,7.58,76658,101,卖盘
346,09:47:15,7.59,61479,81,买盘
347,09:47:18,7.59,2277,3,中性盘
348,09:47:21,7.59,141089,186,买盘
349,09:47:24,7.59,3036,4,买盘
350,09:47:27,7.59,59146,78,买盘
351,09:47:30,7.59,48570,64,买盘
352,09:47:33,7.59,234531,309,买盘
353,09:47:36,7.59,278332,367,卖盘
354,09:47:39,7.6,13672,18,买盘
355,09:47:42,7.6,9113,12,买盘
356,09:47:45,7.6,335890,442,买盘
357,09:47:48,7.59,393162,518,卖盘
358,09:47:51,7.58,289157,381,卖盘
359,09:47:54,7.59,28083,37,买盘
360,09:47:57,7.59,15180,20,买盘
361,09:48:00,7.59,125169,165,买盘
362,09:48:03,7.59,37171,49,买盘
363,09:48:06,7.59,58404,77,买盘
364,09:48:09,7.59,77355,102,买盘
365,09:48:12,7.59,232254,306,买盘
366,09:48:15,7.59,33396,44,卖盘
367,09:48:18,7.59,37191,49,卖盘
368,09:48:21,7.59,84978,112,卖盘
369,09:48:24,7.59,40986,54,买盘
370,09:48:27,7.59,25043,33,买盘
371,09:48:30,7.59,113850,150,买盘
372,09:48:33,7.58,12143,16,卖盘
373,09:48:36,7.59,94821,125,买盘
374,09:48:39,7.59,425783,561,买盘
375,09:48:42,7.59,30357,40,中性盘
376,09:48:48,7.59,12138,16,买盘
377,09:48:51,7.59,179123,236,买盘
378,09:48:54,7.59,8348,11,买盘
379,09:48:57,7.58,36407,48,卖盘
380,09:49:00,7.59,65948,87,买盘
381,09:49:03,7.59,25790,34,买盘
382,09:49:06,7.59,3036,4,买盘
383,09:49:09,7.59,43258,57,买盘
384,09:49:12,7.59,9867,13,买盘
385,09:49:15,7.59,79647,105,买盘
386,09:49:18,7.59,15919,21,买盘
387,09:49:21,7.59,31841,42,买盘
388,09:49:24,7.59,255017,336,买盘
389,09:49:27,7.59,1518,2,买盘
390,09:49:30,7.59,169057,223,买盘
391,09:49:33,7.59,50853,67,买盘
392,09:49:36,7.59,46296,61,买盘
393,09:49:42,7.58,160696,212,卖盘
394,09:49:45,7.59,7590,10,买盘
395,09:49:48,7.59,207207,273,买盘
396,09:49:51,7.58,50080,66,卖盘
397,09:49:54,7.59,49325,65,买盘
398,09:49:57,7.58,35247,47,卖盘
399,09:50:00,7.59,299416,395,买盘
400,09:50:03,7.59,13659,18,买盘
401,09:50:06,7.59,207198,273,买盘
402,09:50:09,7.58,134339,177,卖盘
403,09:50:12,7.59,10626,14,买盘
404,09:50:15,7.58,70494,93,卖盘
405,09:50:18,7.58,37143,49,卖盘
406,09:50:21,7.59,11372,15,买盘
407,09:50:24,7.58,1798380,2373,卖盘
408,09:50:27,7.58,13643,18,买盘
409,09:50:30,7.58,32594,43,买盘
410,09:50:33,7.57,28794,38,卖盘
411,09:50:36,7.57,31823,42,卖盘
412,09:50:39,7.58,28034,37,买盘
413,09:50:42,7.57,757,1,卖盘
414,09:50:45,7.58,758,1,买盘
415,09:50:48,7.58,215798,285,买盘
416,09:50:51,7.57,1514,2,卖盘
417,09:50:54,7.57,246860,326,卖盘
418,09:50:57,7.57,320213,423,卖盘
419,09:51:00,7.57,242260,320,卖盘
420,09:51:03,7.57,1335315,1764,卖盘
421,09:51:09,7.56,43887,58,卖盘
422,09:51:12,7.57,53689,71,买盘
423,09:51:15,7.57,632063,836,买盘
424,09:51:18,7.57,34807,46,买盘
425,09:51:21,7.57,91498,121,买盘
426,09:51:24,7.56,93096,123,卖盘
427,09:51:27,7.56,61236,81,卖盘
428,09:51:30,7.56,312239,413,卖盘
429,09:51:33,7.56,57456,76,卖盘
430,09:51:36,7.57,74864,99,买盘
431,09:51:39,7.57,34104,45,买盘
432,09:51:42,7.57,114256,151,买盘
433,09:51:45,7.57,41621,55,买盘
434,09:51:48,7.57,24981,33,买盘
435,09:51:51,7.56,1846608,2443,卖盘
436,09:51:54,7.55,29470,39,卖盘
437,09:51:57,7.56,1799994,2384,买盘
438,09:52:00,7.55,1175565,1557,卖盘
439,09:52:03,7.55,141243,187,卖盘
440,09:52:06,7.56,358855,475,买盘
441,09:52:09,7.55,196316,260,卖盘
442,09:52:12,7.55,169132,224,卖盘
443,09:52:15,7.55,124583,165,卖盘
444,09:52:18,7.55,15104,20,卖盘
445,09:52:21,7.55,64933,86,卖盘
446,09:52:24,7.55,61911,82,卖盘
447,09:52:27,7.55,134420,178,卖盘
448,09:52:30,7.55,318627,422,卖盘
449,09:52:33,7.56,59675,79,买盘
450,09:52:36,7.55,305140,404,卖盘
451,09:52:39,7.55,135145,179,买盘
452,09:52:42,7.55,759046,1006,买盘
453,09:52:45,7.55,20385,27,买盘
454,09:52:48,7.55,288067,382,买盘
455,09:52:51,7.54,50549,67,卖盘
456,09:52:54,7.55,288177,382,买盘
457,09:52:57,7.55,387621,514,买盘
458,09:53:00,7.55,40725,54,买盘
459,09:53:03,7.55,205197,272,买盘
460,09:53:06,7.55,76255,101,买盘
461,09:53:09,7.55,286362,379,买盘
462,09:53:12,7.55,190014,252,中性盘
463,09:53:15,7.55,114003,151,卖盘
464,09:53:18,7.55,33190,44,买盘
465,09:53:21,7.55,221922,294,买盘
466,09:53:24,7.54,73957,98,卖盘
467,09:53:27,7.55,60400,80,买盘
468,09:53:30,7.54,147195,195,卖盘
469,09:53:33,7.55,33975,45,买盘
470,09:53:36,7.54,83741,111,卖盘
471,09:53:39,7.54,9807,13,卖盘
472,09:53:42,7.55,319104,423,买盘
473,09:53:45,7.54,24129,32,卖盘
474,09:53:48,7.54,29421,39,卖盘
475,09:53:51,7.55,195461,259,买盘
476,09:53:54,7.55,904092,1199,买盘
477,09:53:57,7.55,49050,65,买盘
478,09:54:00,7.54,66401,88,卖盘
479,09:54:03,7.54,100282,133,卖盘
480,09:54:06,7.54,218663,290,卖盘
481,09:54:09,7.54,650710,863,卖盘
482,09:54:12,7.54,108616,144,卖盘
483,09:54:15,7.55,217919,289,买盘
484,09:54:18,7.54,174928,232,卖盘
485,09:54:21,7.55,5285,7,买盘
486,09:54:24,7.54,162864,216,卖盘
487,09:54:27,7.55,4527,6,买盘
488,09:54:30,7.54,155328,206,卖盘
489,09:54:33,7.54,228504,303,卖盘
490,09:54:36,7.55,107798,143,买盘
491,09:54:39,7.55,55052,73,买盘
492,09:54:42,7.54,138748,184,卖盘
493,09:54:48,7.54,392080,520,卖盘
494,09:54:51,7.54,59566,79,卖盘
495,09:54:54,7.54,95004,126,卖盘
496,09:54:57,7.54,70876,94,卖盘
497,09:55:00,7.54,367058,487,卖盘
498,09:55:03,7.54,143260,190,买盘
499,09:55:06,7.54,8294,11,买盘
500,09:55:09,7.53,74598,99,卖盘
501,09:55:12,7.54,53480,71,买盘
502,09:55:15,7.53,244984,325,卖盘
503,09:55:18,7.54,113802,151,买盘
504,09:55:21,7.53,588131,781,卖盘
505,09:55:24,7.53,120490,160,卖盘
506,09:55:27,7.54,673260,894,买盘
507,09:55:30,7.53,92619,123,卖盘
508,09:55:33,7.53,173943,231,卖盘
509,09:55:36,7.53,580235,770,卖盘
510,09:55:39,7.53,459330,610,卖盘
511,09:55:42,7.52,213017,283,卖盘
512,09:55:45,7.52,137643,183,卖盘
513,09:55:48,7.52,554232,737,卖盘
514,09:55:51,7.53,482794,642,买盘
515,09:55:54,7.52,235391,313,卖盘
516,09:55:57,7.52,446693,594,卖盘
517,09:56:00,7.52,140624,187,卖盘
518,09:56:03,7.52,408336,543,卖盘
519,09:56:06,7.52,147393,196,卖盘
520,09:56:09,7.52,260944,347,卖盘
521,09:56:12,7.52,283511,377,卖盘
522,09:56:15,7.52,178976,238,买盘
523,09:56:18,7.52,1944563,2589,买盘
524,09:56:21,7.52,118740,158,买盘
525,09:56:24,7.52,2201257,2931,买盘
526,09:56:27,7.52,577570,769,买盘
527,09:56:30,7.52,572036,761,买盘
528,09:56:33,7.52,329924,439,买盘
529,09:56:36,7.52,171456,228,买盘
530,09:56:39,7.52,568755,757,买盘
531,09:56:42,7.52,353151,470,买盘
532,09:56:45,7.51,531732,708,卖盘
533,09:56:48,7.52,61662,82,买盘
534,09:56:51,7.51,140446,187,卖盘
535,09:56:54,7.51,6008,8,卖盘
536,09:56:57,7.51,47356,63,卖盘
537,09:57:00,7.51,146550,195,卖盘
538,09:57:03,7.51,310938,414,卖盘
539,09:57:06,7.51,42826,57,卖盘
540,09:57:09,7.51,198464,264,卖盘
541,09:57:12,7.52,520915,693,买盘
542,09:57:15,7.52,197776,263,卖盘
543,09:57:18,7.52,128592,171,卖盘
544,09:57:24,7.53,28582,38,买盘
545,09:57:27,7.52,52660,70,卖盘
546,09:57:30,7.52,317354,422,卖盘
547,09:57:33,7.53,132483,176,买盘
548,09:57:36,7.53,24094,32,买盘
549,09:57:39,7.53,45909,61,买盘
550,09:57:42,7.53,76053,101,买盘
551,09:57:45,7.53,6024,8,买盘
552,09:57:48,7.53,80571,107,买盘
553,09:57:51,7.53,12048,16,买盘
554,09:57:54,7.52,54145,72,卖盘
555,09:57:57,7.53,192584,256,买盘
556,09:58:00,7.53,110686,147,买盘
557,09:58:03,7.52,1289680,1715,卖盘
558,09:58:06,7.52,47397,63,卖盘
559,09:58:09,7.52,115935,154,卖盘
560,09:58:12,7.52,78960,105,卖盘
561,09:58:15,7.53,3761,5,买盘
562,09:58:18,7.52,246656,328,卖盘
563,09:58:21,7.53,32354,43,买盘
564,09:58:24,7.52,11285,15,卖盘
565,09:58:27,7.53,48917,65,买盘
566,09:58:30,7.53,63189,84,买盘
567,09:58:33,7.52,230117,306,卖盘
568,09:58:36,7.52,109046,145,卖盘
569,09:58:39,7.52,69936,93,卖盘
570,09:58:42,7.52,209826,279,卖盘
571,09:58:45,7.52,48128,64,卖盘
572,09:58:48,7.52,177472,236,卖盘
573,09:58:51,7.52,11285,15,卖盘
574,09:58:54,7.52,691098,919,卖盘
575,09:58:57,7.52,5264,7,买盘
576,09:59:00,7.51,36059,48,卖盘
577,09:59:03,7.51,1131006,1506,卖盘
578,09:59:06,7.51,192447,256,卖盘
579,09:59:09,7.51,103646,138,卖盘
580,09:59:12,7.51,60080,80,卖盘
581,09:59:15,7.51,42814,57,卖盘
582,09:59:18,7.51,144944,193,卖盘
583,09:59:21,7.51,23281,31,卖盘
584,09:59:24,7.51,156258,208,卖盘
585,09:59:27,7.51,60855,81,卖盘
586,09:59:30,7.51,110397,147,卖盘
587,09:59:33,7.52,24058,32,买盘
588,09:59:36,7.51,45070,60,卖盘
589,09:59:39,7.52,25550,34,买盘
590,09:59:42,7.51,389769,519,卖盘
591,09:59:45,7.51,60080,80,卖盘
592,09:59:48,7.51,48815,65,卖盘
593,09:59:51,7.51,386014,514,卖盘
594,09:59:54,7.51,53321,71,买盘
595,09:59:57,7.5,45034,60,卖盘
596,10:00:00,7.5,42000,56,卖盘
597,10:00:03,7.5,76600,102,卖盘
598,10:00:06,7.5,100500,134,卖盘
599,10:00:09,7.5,371250,495,卖盘
600,10:00:12,7.51,320275,427,买盘
601,10:00:15,7.5,285788,381,卖盘
602,10:00:18,7.5,24000,32,卖盘
603,10:00:21,7.5,199550,266,卖盘
604,10:00:24,7.5,52500,70,卖盘
605,10:00:27,7.5,90013,120,卖盘
606,10:00:30,7.5,241500,322,卖盘
607,10:00:33,7.5,1125005,1500,卖盘
608,10:00:36,7.5,414770,553,卖盘
609,10:00:39,7.5,1643350,2191,卖盘
610,10:00:42,7.5,830754,1107,卖盘
611,10:00:45,7.5,144062,192,卖盘
612,10:00:48,7.5,1006500,1342,卖盘
613,10:00:51,7.5,292502,390,卖盘
614,10:00:54,7.51,569754,759,买盘
615,10:00:57,7.5,534764,713,卖盘
616,10:01:00,7.51,111758,149,买盘
617,10:01:03,7.5,55521,74,卖盘
618,10:01:06,7.5,6005,8,卖盘
619,10:01:09,7.5,3750,5,卖盘
620,10:01:12,7.5,162001,216,卖盘
621,10:01:15,7.51,90105,120,买盘
622,10:01:18,7.5,35250,47,卖盘
623,10:01:21,7.51,84048,112,买盘
624,10:01:24,7.5,66781,89,卖盘
625,10:01:27,7.51,12762,17,买盘
626,10:01:30,7.5,305265,407,卖盘
627,10:01:33,7.5,12001,16,卖盘
628,10:01:36,7.5,529537,706,卖盘
629,10:01:39,7.51,19526,26,买盘
630,10:01:42,7.51,223046,297,买盘
631,10:01:45,7.51,327998,437,买盘
632,10:01:48,7.5,95372,127,卖盘
633,10:01:51,7.5,505659,674,卖盘
634,10:01:54,7.51,82510,110,买盘
635,10:01:57,7.51,66052,88,买盘
636,10:02:00,7.51,154706,206,买盘
637,10:02:03,7.51,30791,41,卖盘
638,10:02:06,7.51,47313,63,卖盘
639,10:02:09,7.51,176485,235,卖盘
640,10:02:12,7.51,9763,13,卖盘
641,10:02:15,7.51,61584,82,卖盘
642,10:02:18,7.52,3760,5,买盘
643,10:02:21,7.51,121664,162,卖盘
644,10:02:24,7.51,67637,90,卖盘
645,10:02:27,7.51,57102,76,卖盘
646,10:02:30,7.52,11280,15,买盘
647,10:02:33,7.52,538432,716,买盘
648,10:02:36,7.51,39820,53,卖盘
649,10:02:39,7.52,26317,35,买盘
650,10:02:42,7.52,885696,1179,买盘
651,10:02:45,7.52,505344,672,买盘
652,10:02:48,7.51,127680,170,卖盘
653,10:02:51,7.52,8272,11,买盘
654,10:02:54,7.51,27036,36,卖盘
655,10:02:57,7.52,75200,100,买盘
656,10:03:03,7.51,497655,662,卖盘
657,10:03:06,7.52,366886,488,买盘
658,10:03:09,7.51,51094,68,卖盘
659,10:03:12,7.51,44339,59,卖盘
660,10:03:15,7.51,33795,45,卖盘
661,10:03:18,7.51,41315,55,卖盘
662,10:03:21,7.5,316624,422,卖盘
663,10:03:24,7.51,127670,170,买盘
664,10:03:27,7.5,365268,487,卖盘
665,10:03:30,7.51,32270,43,买盘
666,10:03:33,7.51,76505,102,买盘
667,10:03:36,7.5,106633,142,卖盘
668,10:03:39,7.5,31524,42,卖盘
669,10:03:42,7.51,345687,460,买盘
670,10:03:45,7.5,230299,307,卖盘
671,10:03:48,7.51,145694,194,卖盘
672,10:03:51,7.51,82611,110,卖盘
673,10:03:54,7.51,79606,106,卖盘
674,10:03:57,7.51,60100,80,卖盘
675,10:04:00,7.51,320677,427,卖盘
676,10:04:03,7.51,751,1,卖盘
677,10:04:06,7.51,114953,153,卖盘
678,10:04:09,7.52,29328,39,买盘
679,10:04:12,7.51,15020,20,卖盘
680,10:04:15,7.52,80367,107,买盘
681,10:04:18,7.51,14276,19,卖盘
682,10:04:21,7.52,93986,125,买盘
683,10:04:24,7.51,36799,49,卖盘
684,10:04:27,7.51,54073,72,卖盘
685,10:04:30,7.52,114302,152,买盘
686,10:04:33,7.52,14288,19,卖盘
687,10:04:36,7.53,15812,21,买盘
688,10:04:39,7.53,50431,67,买盘
689,10:04:42,7.52,93248,124,卖盘
690,10:04:45,7.52,98519,131,卖盘
691,10:04:48,7.52,132422,176,卖盘
692,10:04:51,7.52,95504,127,卖盘
693,10:04:54,7.52,3760,5,卖盘
694,10:04:57,7.53,144441,192,买盘
695,10:05:00,7.53,10542,14,买盘
696,10:05:03,7.53,103055,137,买盘
697,10:05:06,7.53,15813,21,买盘
698,10:05:09,7.53,105297,140,买盘
699,10:05:12,7.53,105420,140,买盘
700,10:05:15,7.53,47439,63,买盘
701,10:05:18,7.53,155871,207,买盘
702,10:05:21,7.53,115962,154,买盘
703,10:05:24,7.52,55704,74,卖盘
704,10:05:27,7.53,21084,28,买盘
705,10:05:30,7.52,107639,143,卖盘
706,10:05:33,7.52,152096,202,卖盘
707,10:05:36,7.52,8282,11,卖盘
708,10:05:39,7.52,18800,25,卖盘
709,10:05:42,7.52,24069,32,卖盘
710,10:05:45,7.52,9025,12,卖盘
711,10:05:48,7.53,179789,239,买盘
712,10:05:51,7.53,21063,28,买盘
713,10:05:54,7.52,12032,16,卖盘
714,10:05:57,7.53,6024,8,买盘
715,10:06:00,7.53,48192,64,买盘
716,10:06:03,7.53,34611,46,买盘
717,10:06:06,7.53,16566,22,买盘
718,10:06:09,7.53,347524,462,买盘
719,10:06:12,7.53,195775,260,买盘
720,10:06:15,7.53,303870,404,买盘
721,10:06:18,7.53,20331,27,买盘
722,10:06:21,7.52,394885,525,卖盘
723,10:06:24,7.52,35359,47,卖盘
724,10:06:27,7.52,21057,28,卖盘
725,10:06:30,7.53,4513,6,买盘
726,10:06:33,7.53,55692,74,买盘
727,10:06:36,7.52,392659,522,卖盘
728,10:06:39,7.53,30090,40,买盘
729,10:06:42,7.53,151353,201,买盘
730,10:06:45,7.53,23320,31,买盘
731,10:06:48,7.52,3008,4,卖盘
732,10:06:51,7.52,37634,50,卖盘
733,10:06:54,7.52,15792,21,卖盘
734,10:07:00,7.52,34603,46,卖盘
735,10:07:03,7.52,4512,6,卖盘
736,10:07:06,7.52,26323,35,卖盘
737,10:07:09,7.52,3008,4,卖盘
738,10:07:12,7.53,29348,39,买盘
739,10:07:18,7.52,82072,109,卖盘
740,10:07:21,7.52,9034,12,卖盘
741,10:07:24,7.53,67017,89,买盘
742,10:07:27,7.53,22561,30,买盘
743,10:07:30,7.52,18805,25,卖盘
744,10:07:33,7.53,22562,30,买盘
745,10:07:36,7.53,22572,30,买盘
746,10:07:39,7.53,89607,119,买盘
747,10:07:42,7.53,22590,30,买盘
748,10:07:45,7.53,17304,23,买盘
749,10:07:48,7.53,24077,32,买盘
750,10:07:51,7.53,9036,12,买盘
751,10:07:57,7.53,597124,793,买盘
752,10:08:00,7.53,12789,17,买盘
753,10:08:03,7.53,241698,321,买盘
754,10:08:06,7.53,60993,81,买盘
755,10:08:09,7.53,18072,24,买盘
756,10:08:12,7.52,76706,102,卖盘
757,10:08:15,7.53,1506,2,买盘
758,10:08:21,7.53,794402,1055,买盘
759,10:08:24,7.54,16576,22,买盘
760,10:08:27,7.53,2259,3,卖盘
761,10:08:30,7.53,89701,119,卖盘
762,10:08:33,7.53,27108,36,卖盘
763,10:08:36,7.54,16588,22,买盘
764,10:08:39,7.54,23374,31,买盘
765,10:08:42,7.54,274446,364,买盘
766,10:08:45,7.54,9802,13,买盘
767,10:08:48,7.53,58782,78,卖盘
768,10:08:51,7.54,13565,18,买盘
769,10:08:54,7.54,3770,5,买盘
770,10:08:57,7.53,42173,56,卖盘
771,10:09:00,7.53,48203,64,卖盘
772,10:09:03,7.54,18089,24,买盘
773,10:09:06,7.54,48256,64,买盘
774,10:09:09,7.54,28634,38,买盘
775,10:09:12,7.53,72289,96,卖盘
776,10:09:15,7.53,211607,281,卖盘
777,10:09:18,7.54,422240,560,买盘
778,10:09:24,7.54,32422,43,买盘
779,10:09:27,7.54,33176,44,买盘
780,10:09:30,7.54,56540,75,买盘
781,10:09:33,7.54,7535,10,买盘
782,10:09:36,7.54,82186,109,买盘
783,10:09:39,7.54,29406,39,买盘
784,10:09:42,7.54,79924,106,买盘
785,10:09:45,7.54,88210,117,买盘
786,10:09:48,7.54,95758,127,中性盘
787,10:09:51,7.54,12064,16,中性盘
788,10:09:54,7.54,30160,40,买盘
789,10:09:57,7.54,8294,11,买盘
790,10:10:00,7.54,18830,25,买盘
791,10:10:03,7.54,1321408,1755,买盘
792,10:10:06,7.52,6019,8,卖盘
793,10:10:09,7.54,21842,29,买盘
794,10:10:12,7.52,114353,152,卖盘
795,10:10:15,7.53,6024,8,中性盘
796,10:10:18,7.52,24091,32,卖盘
797,10:10:21,7.53,6773,9,买盘
798,10:10:24,7.53,12048,16,买盘
799,10:10:27,7.53,2259,3,买盘
800,10:10:30,7.52,3009,4,卖盘
801,10:10:33,7.53,39909,53,买盘
802,10:10:39,7.53,3010,4,买盘
803,10:10:45,7.53,22590,30,买盘
804,10:10:48,7.52,15793,21,卖盘
805,10:10:51,7.53,27861,37,买盘
806,10:10:54,7.53,170178,226,买盘
807,10:11:00,7.53,213099,283,买盘
808,10:11:03,7.52,882097,1173,卖盘
809,10:11:06,7.53,254377,338,买盘
810,10:11:09,7.52,40608,54,卖盘
811,10:11:12,7.52,97008,129,卖盘
812,10:11:15,7.52,11289,15,卖盘
813,10:11:18,7.53,9788,13,买盘
814,10:11:21,7.53,53463,71,买盘
815,10:11:24,7.53,45180,60,卖盘
816,10:11:27,7.53,5271,7,卖盘
817,10:11:30,7.53,38403,51,卖盘
818,10:11:33,7.52,9030,12,卖盘
819,10:11:36,7.53,11292,15,买盘
820,10:11:39,7.53,6024,8,买盘
821,10:11:42,7.52,37820,50,卖盘
822,10:11:45,7.52,67007,89,卖盘
823,10:11:48,7.53,856562,1139,买盘
824,10:11:51,7.52,8278,11,卖盘
825,10:11:54,7.52,15040,20,卖盘
826,10:11:57,7.52,54896,73,卖盘
827,10:12:00,7.53,753,1,买盘
828,10:12:06,7.53,194023,258,买盘
829,10:12:09,7.52,70688,94,卖盘
830,10:12:12,7.53,50451,67,买盘
831,10:12:18,7.53,152857,203,买盘
832,10:12:21,7.53,7530,10,买盘
833,10:12:24,7.53,6018,8,买盘
834,10:12:27,7.53,2259,3,买盘
835,10:12:30,7.52,16561,22,卖盘
836,10:12:36,7.53,79065,105,买盘
837,10:12:39,7.53,52710,70,买盘
838,10:12:42,7.52,812635,1080,卖盘
839,10:12:45,7.53,12048,16,中性盘
840,10:12:48,7.53,120380,160,买盘
841,10:12:51,7.53,344874,458,卖盘
842,10:12:54,7.53,153612,204,卖盘
843,10:12:57,7.53,56475,75,买盘
844,10:13:00,7.53,286140,380,买盘
845,10:13:03,7.53,1809459,2403,买盘
846,10:13:06,7.53,41450,55,卖盘
847,10:13:09,7.53,30874,41,卖盘
848,10:13:15,7.54,72294,96,买盘
849,10:13:18,7.53,7530,10,卖盘
850,10:13:21,7.53,13554,18,卖盘
851,10:13:24,7.54,2262,3,买盘
852,10:13:27,7.53,165107,219,卖盘
853,10:13:30,7.54,3770,5,买盘
854,10:13:33,7.54,27139,36,买盘
855,10:13:36,7.54,5278,7,买盘
856,10:13:39,7.53,58782,78,卖盘
857,10:13:42,7.54,22620,30,买盘
858,10:13:45,7.54,12818,17,买盘
859,10:13:48,7.53,12061,16,卖盘
860,10:13:51,7.54,10556,14,买盘
861,10:13:57,7.54,75345,100,买盘
862,10:14:00,7.53,12058,16,卖盘
863,10:14:03,7.54,53527,71,买盘
864,10:14:06,7.54,28645,38,买盘
865,10:14:09,7.54,26390,35,买盘
866,10:14:12,7.54,10556,14,买盘
867,10:14:15,7.54,181713,241,买盘
868,10:14:18,7.54,30908,41,中性盘
869,10:14:21,7.54,15828,21,买盘
870,10:14:24,7.54,10556,14,买盘
871,10:14:27,7.53,3015,4,卖盘
872,10:14:30,7.54,754,1,买盘
873,10:14:36,7.54,3769,5,买盘
874,10:14:39,7.54,18845,25,买盘
875,10:14:42,7.54,245804,326,买盘
876,10:14:45,7.54,8294,11,卖盘
877,10:14:48,7.54,31668,42,卖盘
878,10:14:51,7.54,3770,5,卖盘
879,10:14:54,7.54,52780,70,卖盘
880,10:14:57,7.55,205353,272,买盘
881,10:15:00,7.54,133515,177,卖盘
882,10:15:03,7.55,12079,16,买盘
883,10:15:06,7.54,73145,97,卖盘
884,10:15:09,7.55,32465,43,买盘
885,10:15:12,7.55,438655,581,买盘
886,10:15:15,7.55,78520,104,买盘
887,10:15:18,7.54,10564,14,卖盘
888,10:15:21,7.55,22650,30,买盘
889,10:15:24,7.55,93501,124,买盘
890,10:15:27,7.55,52095,69,买盘
891,10:15:30,7.55,1510,2,买盘
892,10:15:33,7.54,49050,65,卖盘
893,10:15:36,7.55,1510,2,买盘
894,10:15:39,7.55,18120,24,买盘
895,10:15:42,7.55,113954,151,买盘
896,10:15:45,7.55,21895,29,买盘
897,10:15:48,7.55,21895,29,买盘
898,10:15:51,7.55,214420,284,买盘
899,10:15:54,7.55,78520,104,买盘
900,10:15:57,7.55,187984,249,买盘
901,10:16:00,7.55,11325,15,中性盘
902,10:16:03,7.56,1512,2,买盘
903,10:16:06,7.55,152596,202,卖盘
904,10:16:09,7.56,1512,2,买盘
905,10:16:12,7.56,3024,4,买盘
906,10:16:15,7.55,3775,5,卖盘
907,10:16:24,7.56,6802,9,买盘
908,10:16:30,7.55,73235,97,卖盘
909,10:16:33,7.55,24942,33,卖盘
910,10:16:36,7.56,756,1,买盘
911,10:16:39,7.56,1512,2,买盘
912,10:16:48,7.56,7560,10,买盘
913,10:16:51,7.56,6797,9,买盘
914,10:16:54,7.56,30968,41,买盘
915,10:16:57,7.56,9817,13,买盘
916,10:17:00,7.55,1075051,1424,卖盘
917,10:17:03,7.54,637887,846,卖盘
918,10:17:09,7.55,350615,465,买盘
919,10:17:12,7.55,83805,111,买盘
920,10:17:15,7.54,44491,59,卖盘
921,10:17:21,7.55,39223,52,买盘
922,10:17:24,7.54,60320,80,卖盘
923,10:17:30,7.54,754,1,卖盘
924,10:17:33,7.54,3770,5,卖盘
925,10:17:36,7.55,76913,102,买盘
926,10:17:39,7.55,3020,4,买盘
927,10:17:45,7.55,25670,34,买盘
928,10:17:48,7.55,216685,287,买盘
929,10:17:51,7.55,141185,187,买盘
930,10:17:54,7.55,3775,5,卖盘
931,10:17:57,7.55,10574,14,卖盘
932,10:18:00,7.56,12837,17,买盘
933,10:18:03,7.54,7548,10,卖盘
934,10:18:06,7.54,39236,52,卖盘
935,10:18:09,7.55,11311,15,买盘
936,10:18:15,7.55,1510,2,买盘
937,10:18:18,7.55,5285,7,买盘
938,10:18:21,7.55,75500,100,买盘
939,10:18:24,7.54,5278,7,卖盘
940,10:18:27,7.54,5278,7,卖盘
941,10:18:33,7.55,11325,15,买盘
942,10:18:36,7.55,8295,11,买盘
943,10:18:39,7.54,35438,47,卖盘
944,10:18:42,7.55,3771,5,买盘
945,10:18:48,7.54,36946,49,卖盘
946,10:18:51,7.55,6788,9,买盘
947,10:18:54,7.55,49012,65,买盘
948,10:18:57,7.54,6032,8,卖盘
949,10:19:00,7.54,5278,7,卖盘
950,10:19:03,7.54,23400,31,卖盘
951,10:19:06,7.54,24882,33,卖盘
952,10:19:09,7.54,15836,21,卖盘
953,10:19:15,7.54,17342,23,卖盘
954,10:19:21,7.54,9048,12,卖盘
955,10:19:24,7.54,28677,38,卖盘
956,10:19:27,7.54,27898,37,卖盘
957,10:19:30,7.54,143261,190,卖盘
958,10:19:33,7.54,18096,24,卖盘
959,10:19:36,7.54,102544,136,卖盘
960,10:19:39,7.54,128934,171,卖盘
961,10:19:42,7.55,759512,1006,买盘
962,10:19:45,7.55,5285,7,买盘
963,10:19:48,7.55,24915,33,买盘
964,10:19:51,7.55,85321,113,卖盘
965,10:19:54,7.55,52850,70,卖盘
966,10:19:57,7.55,238535,316,买盘
967,10:20:00,7.55,21887,29,买盘
968,10:20:03,7.55,30955,41,卖盘
969,10:20:06,7.55,85315,113,买盘
970,10:20:12,7.54,111593,148,卖盘
971,10:20:15,7.54,37700,50,卖盘
972,10:20:21,7.54,6786,9,卖盘
973,10:20:24,7.54,8294,11,卖盘
974,10:20:27,7.53,1514069,2010,卖盘
975,10:20:30,7.54,15834,21,中性盘
976,10:20:33,7.53,104778,139,卖盘
977,10:20:36,7.53,13554,18,卖盘
978,10:20:39,7.53,13554,18,卖盘
979,10:20:42,7.53,18086,24,卖盘
980,10:20:45,7.54,18829,25,买盘
981,10:20:51,7.53,753,1,卖盘
982,10:20:54,7.53,14309,19,卖盘
983,10:20:57,7.54,3016,4,买盘
984,10:21:00,7.53,22590,30,卖盘
985,10:21:03,7.54,7540,10,买盘
986,10:21:06,7.53,64005,85,卖盘
987,10:21:09,7.54,9793,13,买盘
988,10:21:12,7.54,754,1,买盘
989,10:21:15,7.53,5271,7,卖盘
990,10:21:18,7.53,9036,12,卖盘
991,10:21:24,7.53,3765,5,卖盘
992,10:21:27,7.53,5271,7,卖盘
993,10:21:30,7.53,53463,71,卖盘
994,10:21:36,7.53,5271,7,卖盘
995,10:21:39,7.53,1506,2,卖盘
996,10:21:42,7.53,753,1,卖盘
997,10:21:45,7.53,3765,5,卖盘
998,10:21:48,7.53,54969,73,卖盘
999,10:21:51,7.54,16586,22,买盘
1000,10:21:54,7.53,243972,324,卖盘
1001,10:21:57,7.53,36898,49,卖盘
1002,10:22:00,7.53,8283,11,卖盘
1003,10:22:03,7.53,137799,183,卖盘
1004,10:22:06,7.53,3765,5,买盘
1005,10:22:09,7.53,18825,25,买盘
1006,10:22:12,7.53,75300,100,买盘
1007,10:22:15,7.53,45180,60,买盘
1008,10:22:18,7.53,12801,17,买盘
1009,10:22:21,7.53,92619,123,买盘
1010,10:22:24,7.53,24096,32,卖盘
1011,10:22:27,7.53,105420,140,卖盘
1012,10:22:30,7.54,72289,96,买盘
1013,10:22:33,7.53,206322,274,卖盘
1014,10:22:36,7.53,142317,189,卖盘
1015,10:22:39,7.53,14307,19,卖盘
1016,10:22:42,7.53,47439,63,卖盘
1017,10:22:45,7.53,5271,7,卖盘
1018,10:22:48,7.53,3012,4,卖盘
1019,10:22:51,7.53,15813,21,卖盘
1020,10:22:54,7.53,79066,105,卖盘
1021,10:22:57,7.53,51204,68,卖盘
1022,10:23:00,7.54,7536,10,买盘
1023,10:23:03,7.53,753,1,卖盘
1024,10:23:06,7.53,753,1,卖盘
1025,10:23:09,7.53,3012,4,卖盘
1026,10:23:12,7.53,82077,109,卖盘
1027,10:23:15,7.53,2259,3,卖盘
1028,10:23:18,7.53,40662,54,卖盘
1029,10:23:21,7.53,53463,71,买盘
1030,10:23:27,7.53,55722,74,卖盘
1031,10:23:30,7.53,264303,351,卖盘
1032,10:23:33,7.53,97890,130,买盘
1033,10:23:36,7.53,18072,24,买盘
1034,10:23:39,7.53,24849,33,买盘
1035,10:23:42,7.53,64006,85,买盘
1036,10:23:45,7.52,376128,500,卖盘
1037,10:23:48,7.52,151206,201,卖盘
1038,10:23:57,7.54,16574,22,买盘
1039,10:24:03,7.54,14320,19,买盘
1040,10:24:09,7.53,16568,22,卖盘
1041,10:24:12,7.53,240960,320,卖盘
1042,10:24:15,7.53,8283,11,买盘
1043,10:24:18,7.53,252109,335,买盘
1044,10:24:21,7.53,112197,149,卖盘
1045,10:24:24,7.53,106173,141,买盘
1046,10:24:27,7.53,33132,44,买盘
1047,10:24:30,7.52,3798386,5051,卖盘
1048,10:24:33,7.53,10532,14,中性盘
1049,10:24:36,7.53,20332,27,买盘
1050,10:24:39,7.53,51204,68,卖盘
1051,10:24:42,7.53,241694,321,买盘
1052,10:24:45,7.52,10528,14,卖盘
1053,10:24:48,7.53,1506,2,买盘
1054,10:24:51,7.52,42864,57,卖盘
1055,10:24:54,7.52,3760,5,卖盘
1056,10:24:57,7.52,45120,60,卖盘
1057,10:25:00,7.52,678304,902,卖盘
1058,10:25:03,7.53,9784,13,买盘
1059,10:25:06,7.52,11280,15,卖盘
1060,10:25:12,7.53,70780,94,买盘
1061,10:25:15,7.52,247657,329,卖盘
1062,10:25:18,7.53,10535,14,中性盘
1063,10:25:21,7.53,151238,201,买盘
1064,10:25:24,7.53,80571,107,买盘
1065,10:25:27,7.53,128763,171,买盘
1066,10:25:30,7.52,45167,60,卖盘
1067,10:25:36,7.53,2259,3,卖盘
1068,10:25:39,7.53,16567,22,卖盘
1069,10:25:42,7.53,61748,82,卖盘
1070,10:25:45,7.53,32379,43,买盘
1071,10:25:48,7.53,753,1,买盘
1072,10:25:51,7.52,48143,64,卖盘
1073,10:25:54,7.52,23312,31,卖盘
1074,10:26:03,7.53,7530,10,买盘
1075,10:26:06,7.52,19552,26,卖盘
1076,10:26:09,7.53,753,1,买盘
1077,10:26:12,7.53,723497,962,买盘
1078,10:26:15,7.54,115943,154,买盘
1079,10:26:18,7.53,13554,18,卖盘
1080,10:26:21,7.54,754,1,买盘
1081,10:26:24,7.53,3012,4,卖盘
1082,10:26:27,7.53,26355,35,卖盘
1083,10:26:30,7.53,2259,3,卖盘
1084,10:26:36,7.53,8283,11,卖盘
1085,10:26:39,7.53,3765,5,卖盘
1086,10:26:42,7.53,28614,38,卖盘
1087,10:26:45,7.53,21837,29,卖盘
1088,10:26:48,7.53,26354,35,买盘
1089,10:26:51,7.53,4513,6,买盘
1090,10:26:54,7.53,536091,712,买盘
1091,10:26:57,7.53,51957,69,买盘
1092,10:27:00,7.52,38400,51,卖盘
1093,10:27:03,7.52,109043,145,卖盘
1094,10:27:06,7.53,10542,14,买盘
1095,10:27:09,7.52,133867,178,卖盘
1096,10:27:12,7.52,21808,29,卖盘
1097,10:27:15,7.53,27861,37,买盘
1098,10:27:18,7.52,40610,54,卖盘
1099,10:27:21,7.53,51199,68,买盘
1100,10:27:24,7.52,16544,22,卖盘
1101,10:27:27,7.53,7530,10,买盘
1102,10:27:30,7.53,22590,30,买盘
1103,10:27:33,7.52,17296,23,卖盘
1104,10:27:36,7.53,3765,5,买盘
1105,10:27:39,7.52,29357,39,卖盘
1106,10:27:42,7.53,16563,22,买盘
1107,10:27:45,7.53,18072,24,买盘
1108,10:27:48,7.53,127157,169,买盘
1109,10:27:51,7.53,198014,263,买盘
1110,10:27:54,7.53,7530,10,卖盘
1111,10:27:57,7.53,4518,6,卖盘
1112,10:28:00,7.53,62499,83,卖盘
1113,10:28:03,7.53,16566,22,买盘
1114,10:28:06,7.52,4513,6,卖盘
1115,10:28:09,7.53,7530,10,买盘
1116,10:28:12,7.52,36129,48,卖盘
1117,10:28:15,7.52,3008,4,卖盘
1118,10:28:18,7.52,106137,141,卖盘
1119,10:28:21,7.52,323360,430,卖盘
1120,10:28:24,7.53,45180,60,买盘
1121,10:28:27,7.52,24064,32,卖盘
1122,10:28:30,7.53,27108,36,买盘
1123,10:28:33,7.53,3009,4,买盘
1124,10:28:39,7.52,1504,2,卖盘
1125,10:28:42,7.53,26355,35,买盘
1126,10:28:51,7.53,75300,100,买盘
1127,10:28:54,7.53,3765,5,中性盘
1128,10:28:57,7.53,119578,159,买盘
1129,10:29:00,7.52,83534,111,卖盘
1130,10:29:03,7.53,42135,56,买盘
1131,10:29:06,7.52,38353,51,卖盘
1132,10:29:09,7.53,1506,2,买盘
1133,10:29:12,7.52,4512,6,卖盘
1134,10:29:15,7.53,72230,96,买盘
1135,10:29:18,7.53,109180,145,买盘
1136,10:29:24,7.53,6024,8,买盘
1137,10:29:27,7.52,304565,405,卖盘
1138,10:29:30,7.53,49695,66,买盘
1139,10:29:33,7.52,119647,159,卖盘
1140,10:29:36,7.53,33122,44,买盘
1141,10:29:39,7.53,26332,35,买盘
1142,10:29:42,7.52,21075,28,卖盘
1143,10:29:45,7.52,159495,212,卖盘
1144,10:29:54,7.52,57174,76,卖盘
1145,10:30:00,7.52,6768,9,卖盘
1146,10:30:03,7.53,103854,138,买盘
1147,10:30:06,7.52,100040,133,卖盘
1148,10:30:09,7.52,11280,15,卖盘
1149,10:30:12,7.53,118221,157,买盘
1150,10:30:15,7.53,428457,569,买盘
1151,10:30:27,7.54,8285,11,买盘
1152,10:30:30,7.53,21092,28,卖盘
1153,10:30:33,7.54,24882,33,买盘
1154,10:30:36,7.54,10556,14,买盘
1155,10:30:39,7.54,39184,52,买盘
1156,10:30:42,7.53,79824,106,卖盘
1157,10:30:45,7.54,39962,53,买盘
1158,10:30:48,7.54,754,1,买盘
1159,10:30:51,7.54,90480,120,买盘
1160,10:31:06,7.54,15080,20,买盘
1161,10:31:09,7.54,38454,51,买盘
1162,10:31:12,7.54,5278,7,买盘
1163,10:31:15,7.54,714792,948,买盘
1164,10:31:18,7.53,245026,325,卖盘
1165,10:31:21,7.54,69368,92,卖盘
1166,10:31:24,7.54,32417,43,买盘
1167,10:31:30,7.53,17321,23,卖盘
1168,10:31:33,7.54,36942,49,买盘
1169,10:31:36,7.54,3770,5,买盘
1170,10:31:39,7.54,150032,199,买盘
1171,10:31:42,7.53,39156,52,卖盘
1172,10:31:45,7.54,52780,70,买盘
1173,10:31:48,7.54,75400,100,买盘
1174,10:31:51,7.54,12818,17,买盘
1175,10:31:54,7.53,18825,25,卖盘
1176,10:31:57,7.54,15080,20,买盘
1177,10:32:09,7.54,9802,13,买盘
1178,10:32:12,7.53,30896,41,卖盘
1179,10:32:15,7.53,15060,20,卖盘
1180,10:32:18,7.54,322706,428,买盘
1181,10:32:21,7.54,4519,6,买盘
1182,10:32:36,7.54,77659,103,买盘
1183,10:32:39,7.53,8290,11,卖盘
1184,10:32:42,7.53,527100,700,卖盘
1185,10:32:45,7.53,18825,25,卖盘
1186,10:32:48,7.53,27108,36,卖盘
1187,10:32:51,7.54,56477,75,买盘
1188,10:32:54,7.54,37694,50,买盘
1189,10:32:57,7.53,15060,20,卖盘
1190,10:33:03,7.53,203311,270,卖盘
1191,10:33:06,7.54,131188,174,买盘
1192,10:33:09,7.54,782642,1038,买盘
1193,10:33:18,7.54,4524,6,卖盘
1194,10:33:21,7.54,145522,193,卖盘
1195,10:33:24,7.54,64844,86,卖盘
1196,10:33:27,7.54,27898,37,卖盘
1197,10:33:30,7.55,57305,76,买盘
1198,10:33:33,7.54,3770,5,卖盘
1199,10:33:36,7.54,160602,213,卖盘
1200,10:33:45,7.54,18096,24,卖盘
1201,10:33:48,7.55,5285,7,买盘
1202,10:33:54,7.54,15080,20,卖盘
1203,10:33:57,7.54,4524,6,卖盘
1204,10:34:00,7.54,8294,11,卖盘
1205,10:34:06,7.55,11325,15,买盘
1206,10:34:09,7.55,755,1,买盘
1207,10:34:12,7.54,6032,8,卖盘
1208,10:34:15,7.54,15080,20,卖盘
1209,10:34:18,7.54,76918,102,卖盘
1210,10:34:21,7.54,324220,430,卖盘
1211,10:34:24,7.54,407160,540,买盘
1212,10:34:27,7.54,182468,242,买盘
1213,10:34:30,7.54,5278,7,卖盘
1214,10:34:36,7.54,30160,40,卖盘
1215,10:34:39,7.55,34689,46,买盘
1216,10:34:42,7.55,755,1,买盘
1217,10:34:45,7.53,58021,77,卖盘
1218,10:34:48,7.54,230724,306,卖盘
1219,10:34:51,7.54,221676,294,买盘
1220,10:34:54,7.54,16588,22,卖盘
1221,10:34:57,7.54,9802,13,买盘
1222,10:35:00,7.53,4519,6,卖盘
1223,10:35:03,7.54,27898,37,买盘
1224,10:35:06,7.53,3765,5,卖盘
1225,10:35:09,7.54,37700,50,买盘
1226,10:35:12,7.54,9048,12,买盘
1227,10:35:18,7.54,5278,7,买盘
1228,10:35:21,7.54,45994,61,买盘
1229,10:35:27,7.53,95631,127,卖盘
1230,10:35:30,7.53,10542,14,卖盘
1231,10:35:36,7.53,44427,59,卖盘
1232,10:35:39,7.53,61746,82,卖盘
1233,10:35:45,7.53,72289,96,卖盘
1234,10:35:48,7.53,41416,55,卖盘
1235,10:35:51,7.53,207085,275,卖盘
1236,10:35:54,7.54,12818,17,买盘
1237,10:36:03,7.54,7540,10,买盘
1238,10:36:06,7.53,7530,10,卖盘
1239,10:36:09,7.53,6779,9,卖盘
1240,10:36:12,7.53,12801,17,卖盘
1241,10:36:18,7.53,23344,31,卖盘
1242,10:36:21,7.54,143254,190,买盘
1243,10:36:24,7.54,58058,77,买盘
1244,10:36:27,7.54,255588,339,买盘
1245,10:36:30,7.54,181554,241,买盘
1246,10:36:33,7.54,1508,2,买盘
1247,10:36:36,7.53,9036,12,卖盘
1248,10:36:39,7.53,26355,35,卖盘
1249,10:36:42,7.53,121333,161,卖盘
1250,10:36:45,7.53,225900,300,卖盘
1251,10:36:51,7.53,5272,7,卖盘
1252,10:36:54,7.53,8283,11,卖盘
1253,10:36:57,7.53,12048,16,卖盘
1254,10:37:03,7.54,131196,174,买盘
1255,10:37:06,7.53,27861,37,卖盘
1256,10:37:09,7.53,19578,26,卖盘
1257,10:37:12,7.53,3765,5,卖盘
1258,10:37:15,7.53,46686,62,卖盘
1259,10:37:18,7.53,60240,80,卖盘
1260,10:37:21,7.53,13554,18,卖盘
1261,10:37:24,7.53,2261,3,卖盘
1262,10:37:27,7.53,18825,25,卖盘
1263,10:37:30,7.53,21837,29,卖盘
1264,10:37:33,7.53,21837,29,卖盘
1265,10:37:36,7.53,37650,50,卖盘
1266,10:37:39,7.53,5271,7,卖盘
1267,10:37:42,7.53,6777,9,卖盘
1268,10:37:45,7.53,223641,297,卖盘
1269,10:37:48,7.53,18825,25,卖盘
1270,10:37:51,7.53,33127,44,买盘
1271,10:37:54,7.53,78247,104,卖盘
1272,10:37:57,7.53,9036,12,买盘
1273,10:38:12,7.53,11295,15,卖盘
1274,10:38:15,7.54,18082,24,买盘
1275,10:38:18,7.53,11295,15,卖盘
1276,10:38:21,7.53,9789,13,卖盘
1277,10:38:24,7.53,75300,100,卖盘
1278,10:38:27,7.53,370158,491,卖盘
1279,10:38:30,7.53,90360,120,卖盘
1280,10:38:42,7.53,18825,25,卖盘
1281,10:38:45,7.53,23343,31,卖盘
1282,10:38:48,7.54,1508,2,买盘
1283,10:38:51,7.54,9037,12,买盘
1284,10:38:54,7.54,38404,51,买盘
1285,10:38:57,7.54,89726,119,买盘
1286,10:39:00,7.54,45970,61,买盘
1287,10:39:03,7.53,753,1,卖盘
1288,10:39:09,7.54,3768,5,买盘
1289,10:39:18,7.53,46686,62,卖盘
1290,10:39:21,7.53,5271,7,卖盘
1291,10:39:27,7.53,644578,856,卖盘
1292,10:39:33,7.53,2259,3,卖盘
1293,10:39:36,7.54,754,1,买盘
1294,10:39:39,7.54,1508,2,买盘
1295,10:39:42,7.54,3016,4,买盘
1296,10:39:51,7.54,1508,2,买盘
1297,10:39:54,7.53,1506,2,卖盘
1298,10:40:03,7.53,28636,38,卖盘
1299,10:40:06,7.53,10542,14,卖盘
1300,10:40:15,7.53,24849,33,卖盘
1301,10:40:18,7.54,1508,2,买盘
1302,10:40:21,7.53,1506,2,卖盘
1303,10:40:24,7.54,17322,23,买盘
1304,10:40:30,7.53,45934,61,卖盘
1305,10:40:33,7.54,140819,187,买盘
1306,10:40:36,7.53,85090,113,卖盘
1307,10:40:39,7.54,1508,2,买盘
1308,10:40:45,7.54,754,1,买盘
1309,10:40:48,7.54,69314,92,买盘
1310,10:40:57,7.53,2259,3,卖盘
1311,10:41:00,7.53,86695,115,卖盘
1312,10:41:03,7.53,3766,5,卖盘
1313,10:41:06,7.53,3013,4,卖盘
1314,10:41:15,7.53,9789,13,卖盘
1315,10:41:18,7.53,152107,202,卖盘
1316,10:41:24,7.53,165661,220,卖盘
1317,10:41:27,7.53,12048,16,卖盘
1318,10:41:30,7.53,237195,315,卖盘
1319,10:41:33,7.53,54969,73,卖盘
1320,10:41:39,7.53,4518,6,卖盘
1321,10:41:42,7.53,7530,10,卖盘
1322,10:41:45,7.53,15813,21,卖盘
1323,10:41:48,7.53,3765,5,卖盘
1324,10:41:54,7.54,2262,3,买盘
1325,10:41:57,7.54,754,1,买盘
1326,10:42:00,7.53,45186,60,卖盘
1327,10:42:03,7.54,3770,5,买盘
1328,10:42:06,7.54,89693,119,买盘
1329,10:42:12,7.54,12063,16,买盘
1330,10:42:15,7.53,45230,60,卖盘
1331,10:42:18,7.53,1506,2,卖盘
1332,10:42:21,7.53,36144,48,卖盘
1333,10:42:24,7.54,754,1,买盘
1334,10:42:30,7.53,753,1,卖盘
1335,10:42:33,7.54,2262,3,买盘
1336,10:42:36,7.53,3765,5,卖盘
1337,10:42:42,7.53,8293,11,卖盘
1338,10:42:45,7.54,3770,5,买盘
1339,10:42:48,7.53,46693,62,卖盘
1340,10:42:51,7.53,8284,11,卖盘
1341,10:42:54,7.54,51240,68,买盘
1342,10:42:57,7.54,2262,3,买盘
1343,10:43:00,7.53,73042,97,卖盘
1344,10:43:03,7.54,51212,68,买盘
1345,10:43:06,7.53,4518,6,卖盘
1346,10:43:12,7.53,4518,6,卖盘
1347,10:43:15,7.53,6777,9,卖盘
1348,10:43:18,7.54,85133,113,买盘
1349,10:43:21,7.54,9038,12,买盘
1350,10:43:30,7.53,8283,11,卖盘
1351,10:43:33,7.54,8294,11,买盘
1352,10:43:36,7.53,14307,19,卖盘
1353,10:43:42,7.54,2775955,3689,买盘
1354,10:43:48,7.54,6786,9,买盘
1355,10:43:54,7.54,423709,562,买盘
1356,10:43:57,7.54,1529401,2028,买盘
1357,10:44:00,7.55,24886,33,买盘
1358,10:44:03,7.54,19605,26,卖盘
1359,10:44:15,7.54,1508,2,卖盘
1360,10:44:18,7.54,18096,24,卖盘
1361,10:44:21,7.54,126401,168,卖盘
1362,10:44:30,7.53,136293,181,卖盘
1363,10:44:33,7.53,10542,14,卖盘
1364,10:44:36,7.53,11295,15,卖盘
1365,10:44:39,7.53,27861,37,卖盘
1366,10:44:42,7.53,753,1,卖盘
1367,10:44:45,7.53,4518,6,卖盘
1368,10:44:48,7.54,4519,6,买盘
1369,10:44:54,7.54,754,1,买盘
1370,10:44:57,7.53,4519,6,卖盘
1371,10:45:03,7.54,1508,2,买盘
1372,10:45:06,7.54,842769,1120,买盘
1373,10:45:09,7.53,9036,12,卖盘
1374,10:45:24,7.53,6024,8,卖盘
1375,10:45:30,7.54,754,1,买盘
1376,10:45:36,7.54,29385,39,买盘
1377,10:45:45,7.54,4524,6,买盘
1378,10:45:48,7.53,377254,501,卖盘
1379,10:45:51,7.54,22620,30,买盘
1380,10:45:54,7.53,2259,3,卖盘
1381,10:46:00,7.53,82153,109,卖盘
1382,10:46:06,7.54,7540,10,买盘
1383,10:46:09,7.53,34638,46,卖盘
1384,10:46:12,7.53,3765,5,卖盘
1385,10:46:15,7.53,14316,19,卖盘
1386,10:46:18,7.54,4524,6,买盘
1387,10:46:21,7.53,15813,21,卖盘
1388,10:46:27,7.54,3770,5,买盘
1389,10:46:30,7.53,55722,74,卖盘
1390,10:46:33,7.53,9789,13,卖盘
1391,10:46:36,7.54,11310,15,买盘
1392,10:46:42,7.54,164372,218,买盘
1393,10:46:45,7.54,75400,100,卖盘
1394,10:46:48,7.54,3770,5,卖盘
1395,10:46:51,7.54,30160,40,卖盘
1396,10:46:54,7.55,513486,681,买盘
1397,10:46:57,7.54,12813,17,卖盘
1398,10:47:00,7.55,3775,5,买盘
1399,10:47:03,7.54,3770,5,卖盘
1400,10:47:12,7.54,6032,8,卖盘
1401,10:47:21,7.54,7540,10,卖盘
1402,10:47:24,7.54,89726,119,卖盘
1403,10:47:30,7.54,5278,7,卖盘
1404,10:47:33,7.54,754,1,卖盘
1405,10:47:39,7.55,83695,111,买盘
1406,10:47:48,7.55,755,1,买盘
1407,10:47:57,7.55,80680,107,买盘
1408,10:48:03,7.55,31689,42,买盘
1409,10:48:09,7.54,19605,26,卖盘
1410,10:48:12,7.54,6786,9,卖盘
1411,10:48:15,7.54,12064,16,卖盘
1412,10:48:18,7.54,2262,3,卖盘
1413,10:48:21,7.55,6040,8,买盘
1414,10:48:24,7.55,755,1,买盘
1415,10:48:27,7.54,150800,200,卖盘
1416,10:48:30,7.54,3770,5,卖盘
1417,10:48:33,7.54,49764,66,卖盘
1418,10:48:36,7.54,26391,35,卖盘
1419,10:48:42,7.55,24159,32,买盘
1420,10:48:45,7.55,5280,7,买盘
1421,10:48:51,7.55,37750,50,买盘
1422,10:48:54,7.54,11310,15,卖盘
1423,10:48:57,7.54,1508,2,卖盘
1424,10:49:00,7.55,34722,46,买盘
1425,10:49:06,7.54,22620,30,卖盘
1426,10:49:09,7.54,11310,15,卖盘
1427,10:49:15,7.54,6786,9,卖盘
1428,10:49:18,7.54,377754,501,卖盘
1429,10:49:21,7.54,1508,2,卖盘
1430,10:49:24,7.54,8294,11,卖盘
1431,10:49:30,7.54,20363,27,卖盘
1432,10:49:33,7.55,25637,34,买盘
1433,10:49:36,7.54,13572,18,卖盘
1434,10:49:39,7.54,15080,20,卖盘
1435,10:49:42,7.55,27935,37,买盘
1436,10:49:45,7.54,3016,4,卖盘
1437,10:49:51,7.54,323516,429,卖盘
1438,10:49:57,7.55,3775,5,买盘
1439,10:50:03,7.54,2262,3,卖盘
1440,10:50:06,7.54,42978,57,卖盘
1441,10:50:09,7.55,12819,17,买盘
1442,10:50:12,7.54,26390,35,卖盘
1443,10:50:15,7.54,11310,15,卖盘
1444,10:50:18,7.54,402636,534,卖盘
1445,10:50:27,7.55,200830,266,买盘
1446,10:50:30,7.55,132125,175,买盘
1447,10:50:33,7.55,27180,36,买盘
1448,10:50:36,7.55,4530,6,买盘
1449,10:50:39,7.55,15081,20,买盘
1450,10:50:42,7.55,26422,35,买盘
1451,10:50:45,7.55,10566,14,买盘
1452,10:50:48,7.55,3775,5,买盘
1453,10:50:51,7.55,4525,6,买盘
1454,10:50:54,7.54,7540,10,卖盘
1455,10:51:00,7.54,15835,21,卖盘
1456,10:51:03,7.55,537545,712,买盘
1457,10:51:06,7.55,33975,45,买盘
1458,10:51:09,7.55,10570,14,买盘
1459,10:51:12,7.55,15100,20,买盘
1460,10:51:15,7.55,14345,19,买盘
1461,10:51:18,7.55,160044,212,买盘
1462,10:51:21,7.55,64553,86,买盘
1463,10:51:24,7.55,40775,54,卖盘
1464,10:51:27,7.55,3775,5,卖盘
1465,10:51:30,7.55,8311,11,卖盘
1466,10:51:33,7.55,13590,18,卖盘
1467,10:51:36,7.55,8305,11,卖盘
1468,10:51:42,7.55,76255,101,卖盘
1469,10:51:45,7.55,82336,109,卖盘
1470,10:51:48,7.56,15865,21,买盘
1471,10:51:51,7.56,756,1,买盘
1472,10:51:54,7.56,12846,17,买盘
1473,10:52:03,7.56,29484,39,买盘
1474,10:52:06,7.56,21924,29,买盘
1475,10:52:09,7.56,2268,3,买盘
1476,10:52:15,7.56,21164,28,买盘
1477,10:52:18,7.55,26455,35,卖盘
1478,10:52:21,7.56,28728,38,买盘
1479,10:52:24,7.56,74844,99,买盘
1480,10:52:27,7.55,282404,374,卖盘
1481,10:52:33,7.56,1512,2,买盘
1482,10:52:39,7.56,108058,143,买盘
1483,10:52:42,7.55,11330,15,卖盘
1484,10:52:45,7.55,7555,10,卖盘
1485,10:52:51,7.55,6795,9,卖盘
1486,10:52:54,7.55,6041,8,卖盘
1487,10:52:57,7.56,167812,222,买盘
1488,10:53:00,7.55,39292,52,卖盘
1489,10:53:03,7.56,756,1,买盘
1490,10:53:06,7.56,711496,941,买盘
1491,10:53:09,7.57,20432,27,买盘
1492,10:53:12,7.57,130961,173,买盘
1493,10:53:15,7.57,22700,30,买盘
1494,10:53:18,7.57,53697,71,买盘
1495,10:53:21,7.57,3785,5,买盘
1496,10:53:24,7.57,26495,35,买盘
1497,10:53:30,7.57,757,1,买盘
1498,10:53:33,7.57,5294,7,买盘
1499,10:53:36,7.57,46177,61,买盘
1500,10:53:39,7.56,2270,3,卖盘
1501,10:53:42,7.57,61317,81,买盘
1502,10:53:45,7.57,40874,54,买盘
1503,10:53:48,7.57,24981,33,买盘
1504,10:53:51,7.57,15140,20,买盘
1505,10:53:54,7.57,16654,22,买盘
1506,10:53:57,7.57,20439,27,买盘
1507,10:54:00,7.57,3785,5,买盘
1508,10:54:03,7.57,68130,90,买盘
1509,10:54:06,7.57,80242,106,买盘
1510,10:54:12,7.57,31037,41,买盘
1511,10:54:15,7.57,80238,106,买盘
1512,10:54:18,7.57,46929,62,买盘
1513,10:54:21,7.57,35579,47,买盘
1514,10:54:24,7.57,3785,5,买盘
1515,10:54:27,7.57,79475,105,买盘
1516,10:54:30,7.57,54504,72,卖盘
1517,10:54:33,7.57,562596,743,卖盘
1518,10:54:36,7.57,102200,135,卖盘
1519,10:54:39,7.57,21196,28,买盘
1520,10:54:45,7.57,757,1,买盘
1521,10:54:48,7.56,53707,71,卖盘
1522,10:54:51,7.56,18923,25,卖盘
1523,10:54:57,7.57,214978,284,买盘
1524,10:55:00,7.57,74191,98,卖盘
1525,10:55:03,7.57,86298,114,卖盘
1526,10:55:06,7.57,283118,374,卖盘
1527,10:55:15,7.57,180923,239,买盘
1528,10:55:18,7.57,97653,129,卖盘
1529,10:55:21,7.58,9094,12,买盘
1530,10:55:27,7.58,4547,6,买盘
1531,10:55:33,7.57,34070,45,卖盘
1532,10:55:36,7.57,15140,20,卖盘
1533,10:55:42,7.57,90090,119,卖盘
1534,10:55:45,7.58,44721,59,买盘
1535,10:55:48,7.58,5306,7,买盘
1536,10:55:57,7.58,17431,23,买盘
1537,10:56:03,7.57,290678,384,卖盘
1538,10:56:06,7.57,22710,30,买盘
1539,10:56:09,7.57,9084,12,买盘
1540,10:56:15,7.57,31032,41,买盘
1541,10:56:18,7.57,83270,110,买盘
1542,10:56:27,7.56,7565,10,卖盘
1543,10:56:33,7.57,116578,154,买盘
1544,10:56:39,7.57,57534,76,卖盘
1545,10:56:42,7.57,37093,49,卖盘
1546,10:56:45,7.58,10601,14,买盘
1547,10:56:48,7.57,109008,144,卖盘
1548,10:56:51,7.57,18925,25,买盘
1549,10:56:54,7.57,10598,14,买盘
1550,10:56:57,7.57,40069,53,买盘
1551,10:57:00,7.57,81756,108,买盘
1552,10:57:03,7.57,94625,125,买盘
1553,10:57:06,7.56,2269,3,卖盘
1554,10:57:09,7.57,83265,110,买盘
1555,10:57:12,7.57,78723,104,买盘
1556,10:57:15,7.57,3025,4,买盘
1557,10:57:18,7.56,7560,10,卖盘
1558,10:57:21,7.56,12096,16,卖盘
1559,10:57:33,7.57,26495,35,买盘
1560,10:57:39,7.56,30240,40,卖盘
1561,10:57:45,7.57,18905,25,买盘
1562,10:57:48,7.57,214231,283,买盘
1563,10:57:51,7.57,9084,12,买盘
1564,10:57:54,7.57,190007,251,买盘
1565,10:57:57,7.57,11355,15,买盘
1566,10:58:00,7.57,12864,17,买盘
1567,10:58:09,7.57,6808,9,买盘
1568,10:58:12,7.57,152157,201,买盘
1569,10:58:15,7.57,4537,6,买盘
1570,10:58:18,7.57,136214,180,买盘
1571,10:58:21,7.57,25738,34,买盘
1572,10:58:24,7.57,48448,64,卖盘
1573,10:58:30,7.57,31794,42,买盘
1574,10:58:33,7.57,1096784,1447,卖盘
1575,10:58:42,7.58,8338,11,卖盘
1576,10:58:45,7.58,11375,15,卖盘
1577,10:58:51,7.58,329730,435,卖盘
1578,10:58:57,7.59,11385,15,买盘
1579,10:59:00,7.58,7580,10,卖盘
1580,10:59:06,7.58,26530,35,卖盘
1581,10:59:09,7.59,8349,11,买盘
1582,10:59:12,7.58,113700,150,卖盘
1583,10:59:15,7.58,2274,3,卖盘
1584,10:59:18,7.58,10612,14,卖盘
1585,10:59:21,7.58,758,1,卖盘
1586,10:59:24,7.59,5311,7,买盘
1587,10:59:30,7.58,191774,253,卖盘
1588,10:59:33,7.58,30320,40,买盘
1589,10:59:39,7.58,6814,9,买盘
1590,10:59:42,7.57,351863,464,卖盘
1591,10:59:45,7.57,3028,4,卖盘
1592,10:59:48,7.58,37900,50,买盘
1593,10:59:51,7.58,21224,28,卖盘
1594,10:59:57,7.58,105362,139,卖盘
1595,11:00:00,7.58,78875,104,卖盘
1596,11:00:03,7.58,1516,2,卖盘
1597,11:00:06,7.58,45480,60,卖盘
1598,11:00:09,7.59,1518,2,买盘
1599,11:00:12,7.58,29576,39,卖盘
1600,11:00:15,7.59,29567,39,买盘
1601,11:00:18,7.58,30320,40,卖盘
1602,11:00:21,7.59,3795,5,买盘
1603,11:00:27,7.59,16696,22,买盘
1604,11:00:30,7.58,39463,52,卖盘
1605,11:00:33,7.58,21224,28,卖盘
1606,11:00:36,7.58,312296,412,卖盘
1607,11:00:39,7.59,13662,18,买盘
1608,11:00:45,7.58,13648,18,卖盘
1609,11:00:51,7.58,43207,57,卖盘
1610,11:00:54,7.59,3795,5,买盘
1611,11:00:57,7.58,61398,81,卖盘
1612,11:01:00,7.59,75900,100,买盘
1613,11:01:06,7.58,7580,10,卖盘
1614,11:01:09,7.58,9096,12,卖盘
1615,11:01:12,7.58,758,1,卖盘
1616,11:01:15,7.58,7580,10,卖盘
1617,11:01:18,7.58,7580,10,卖盘
1618,11:01:21,7.58,353986,467,卖盘
1619,11:01:24,7.58,15160,20,买盘
1620,11:01:27,7.57,3028,4,卖盘
1621,11:01:39,7.58,353228,466,买盘
1622,11:01:42,7.58,25014,33,买盘
1623,11:01:45,7.58,9096,12,卖盘
1624,11:01:48,7.58,18192,24,卖盘
1625,11:01:51,7.58,57608,76,卖盘
1626,11:01:57,7.59,228295,301,买盘
1627,11:02:00,7.59,14421,19,买盘
1628,11:02:03,7.59,7589,10,买盘
1629,11:02:06,7.59,16698,22,买盘
1630,11:02:09,7.59,925900,1220,买盘
1631,11:02:12,7.59,30360,40,卖盘
1632,11:02:15,7.6,760,1,买盘
1633,11:02:18,7.59,18975,25,卖盘
1634,11:02:24,7.59,7590,10,卖盘
1635,11:02:27,7.6,5314,7,买盘
1636,11:02:30,7.59,268686,354,卖盘
1637,11:02:33,7.59,37191,49,卖盘
1638,11:02:36,7.59,15180,20,卖盘
1639,11:02:39,7.6,12149,16,买盘
1640,11:02:42,7.59,44790,59,卖盘
1641,11:02:45,7.6,27354,36,买盘
1642,11:02:48,7.6,81974,108,买盘
1643,11:02:51,7.59,33431,44,卖盘
1644,11:02:57,7.6,39470,52,买盘
1645,11:03:00,7.6,27349,36,买盘
1646,11:03:03,7.59,93470,123,卖盘
1647,11:03:06,7.6,15197,20,买盘
1648,11:03:09,7.6,14439,19,买盘
1649,11:03:12,7.6,5320,7,买盘
1650,11:03:15,7.6,85016,112,买盘
1651,11:03:18,7.6,18240,24,买盘
1652,11:03:21,7.6,84360,111,买盘
1653,11:03:24,7.6,53930,71,买盘
1654,11:03:27,7.6,17480,23,买盘
1655,11:03:36,7.59,8356,11,卖盘
1656,11:03:39,7.59,3795,5,卖盘
1657,11:03:42,7.59,45540,60,卖盘
1658,11:03:45,7.59,3795,5,卖盘
1659,11:03:48,7.6,126919,167,买盘
1660,11:03:51,7.6,20520,27,买盘
1661,11:03:57,7.6,31125,41,买盘
1662,11:04:00,7.6,7600,10,买盘
1663,11:04:03,7.6,90340,119,买盘
1664,11:04:06,7.6,25840,34,买盘
1665,11:04:09,7.6,22800,30,买盘
1666,11:04:12,7.6,37240,49,买盘
1667,11:04:15,7.59,9108,12,卖盘
1668,11:04:18,7.59,248503,327,卖盘
1669,11:04:21,7.59,23540,31,卖盘
1670,11:04:30,7.59,79695,105,卖盘
1671,11:04:33,7.6,32678,43,买盘
1672,11:04:36,7.59,7590,10,卖盘
1673,11:04:39,7.59,15180,20,卖盘
1674,11:04:45,7.59,7590,10,卖盘
1675,11:04:48,7.59,6831,9,卖盘
1676,11:04:51,7.59,68370,90,卖盘
1677,11:04:54,7.59,1381,2,卖盘
1678,11:04:57,7.6,6074,8,买盘
1679,11:05:03,7.59,8349,11,卖盘
1680,11:05:06,7.6,5320,7,买盘
1681,11:05:09,7.6,39520,52,买盘
1682,11:05:12,7.59,1518,2,卖盘
1683,11:05:15,7.59,3036,4,卖盘
1684,11:05:21,7.6,2280,3,买盘
1685,11:05:24,7.59,10626,14,卖盘
1686,11:05:27,7.59,3795,5,卖盘
1687,11:05:30,7.6,760,1,买盘
1688,11:05:33,7.59,21252,28,卖盘
1689,11:05:36,7.59,9867,13,卖盘
1690,11:05:39,7.59,4554,6,卖盘
1691,11:05:45,7.59,3795,5,卖盘
1692,11:05:51,7.6,760,1,买盘
1693,11:05:54,7.59,54648,72,卖盘
1694,11:06:00,7.6,760,1,买盘
1695,11:06:03,7.6,76000,100,买盘
1696,11:06:06,7.59,403129,531,卖盘
1697,11:06:09,7.59,4554,6,卖盘
1698,11:06:12,7.6,4560,6,买盘
1699,11:06:21,7.59,1518,2,卖盘
1700,11:06:27,7.59,1519,2,卖盘
1701,11:06:30,7.59,34160,45,卖盘
1702,11:06:33,7.59,18216,24,卖盘
1703,11:06:42,7.6,760,1,买盘
1704,11:06:45,7.59,3036,4,卖盘
1705,11:06:48,7.6,760,1,买盘
1706,11:06:51,7.59,65274,86,卖盘
1707,11:06:57,7.59,176220,232,卖盘
1708,11:07:00,7.59,87395,115,卖盘
1709,11:07:06,7.59,75141,99,卖盘
1710,11:07:09,7.6,1093818,1439,买盘
1711,11:07:12,7.61,1115576,1466,买盘
1712,11:07:15,7.61,28918,38,卖盘
1713,11:07:18,7.62,3810,5,买盘
1714,11:07:24,7.61,71534,94,卖盘
1715,11:07:27,7.62,1524,2,买盘
1716,11:07:33,7.61,1522,2,卖盘
1717,11:07:39,7.61,488562,642,卖盘
1718,11:07:42,7.61,4566,6,买盘
1719,11:07:45,7.61,35001,46,买盘
1720,11:07:51,7.61,1522,2,买盘
1721,11:07:54,7.61,21308,28,买盘
1722,11:07:57,7.61,6849,9,买盘
1723,11:08:00,7.6,34240,45,卖盘
1724,11:08:03,7.6,12920,17,卖盘
1725,11:08:06,7.6,8361,11,卖盘
1726,11:08:09,7.61,47182,62,买盘
1727,11:08:12,7.61,31962,42,买盘
1728,11:08:15,7.61,2282,3,买盘
1729,11:08:18,7.61,989300,1300,买盘
1730,11:08:27,7.6,57831,76,卖盘
1731,11:08:33,7.6,4560,6,卖盘
1732,11:08:36,7.6,60040,79,卖盘
1733,11:08:39,7.6,36488,48,卖盘
1734,11:08:45,7.6,24320,32,卖盘
1735,11:08:48,7.61,38050,50,买盘
1736,11:08:54,7.61,3805,5,买盘
1737,11:08:57,7.61,20547,27,买盘
1738,11:09:03,7.61,126985,167,买盘
1739,11:09:06,7.6,7600,10,卖盘
1740,11:09:12,7.6,13680,18,卖盘
1741,11:09:15,7.6,23560,31,卖盘
1742,11:09:18,7.6,41802,55,卖盘
1743,11:09:21,7.6,50920,67,卖盘
1744,11:09:24,7.61,142957,188,买盘
1745,11:09:36,7.6,109440,144,卖盘
1746,11:09:39,7.6,6080,8,卖盘
1747,11:09:42,7.6,65410,86,卖盘
1748,11:09:45,7.6,3800,5,卖盘
1749,11:09:48,7.6,250040,329,卖盘
1750,11:09:51,7.6,25840,34,买盘
1751,11:09:57,7.59,151800,200,卖盘
1752,11:10:03,7.6,3800,5,买盘
1753,11:10:06,7.59,42504,56,卖盘
1754,11:10:12,7.59,3036,4,卖盘
1755,11:10:15,7.59,3036,4,卖盘
1756,11:10:18,7.59,173052,228,卖盘
1757,11:10:21,7.59,23529,31,卖盘
1758,11:10:24,7.59,198099,261,卖盘
1759,11:10:27,7.59,132825,175,买盘
1760,11:10:30,7.59,4553,6,买盘
1761,11:10:36,7.58,31837,42,卖盘
1762,11:10:39,7.58,12128,16,卖盘
1763,11:10:42,7.58,12143,16,卖盘
1764,11:10:45,7.59,52352,69,买盘
1765,11:10:48,7.58,214514,283,卖盘
1766,11:10:51,7.58,20466,27,卖盘
1767,11:10:57,7.59,169255,223,买盘
1768,11:11:00,7.59,62994,83,买盘
1769,11:11:03,7.59,7587,10,买盘
1770,11:11:09,7.58,13654,18,卖盘
1771,11:11:12,7.59,37950,50,买盘
1772,11:11:15,7.58,18192,24,卖盘
1773,11:11:18,7.58,5306,7,卖盘
1774,11:11:21,7.58,6822,9,卖盘
1775,11:11:24,7.58,15918,21,卖盘
1776,11:11:30,7.58,5306,7,卖盘
1777,11:11:39,7.58,758,1,卖盘
1778,11:11:45,7.58,3032,4,卖盘
1779,11:11:48,7.58,8338,11,卖盘
1780,11:11:51,7.58,22740,30,卖盘
1781,11:11:54,7.58,2274,3,卖盘
1782,11:11:57,7.58,15160,20,卖盘
1783,11:12:00,7.58,2274,3,卖盘
1784,11:12:03,7.58,197838,261,卖盘
1785,11:12:06,7.57,21953,29,卖盘
1786,11:12:09,7.57,9841,13,卖盘
1787,11:12:12,7.57,1514,2,卖盘
1788,11:12:15,7.57,11365,15,卖盘
1789,11:12:18,7.57,26515,35,卖盘
1790,11:12:21,7.57,2271,3,卖盘
1791,11:12:30,7.58,25772,34,买盘
1792,11:12:33,7.57,4547,6,卖盘
1793,11:12:36,7.58,758,1,买盘
1794,11:12:39,7.57,3789,5,卖盘
1795,11:12:45,7.57,3785,5,卖盘
1796,11:12:48,7.57,118139,156,卖盘
1797,11:12:54,7.57,345949,457,卖盘
1798,11:12:57,7.57,21953,29,卖盘
1799,11:13:00,7.57,7570,10,卖盘
1800,11:13:03,7.58,251356,332,买盘
1801,11:13:06,7.57,757,1,卖盘
1802,11:13:09,7.58,1516,2,买盘
1803,11:13:15,7.57,4542,6,卖盘
1804,11:13:18,7.57,34847,46,卖盘
1805,11:13:21,7.57,757,1,卖盘
1806,11:13:27,7.57,6056,8,卖盘
1807,11:13:33,7.57,1515,2,卖盘
1808,11:13:36,7.57,12112,16,卖盘
1809,11:13:39,7.58,19708,26,买盘
1810,11:13:42,7.58,19708,26,买盘
1811,11:13:45,7.58,33329,44,买盘
1812,11:13:48,7.58,162211,214,买盘
1813,11:13:51,7.58,20466,27,买盘
1814,11:13:54,7.58,54576,72,卖盘
1815,11:13:57,7.58,97024,128,买盘
1816,11:14:00,7.58,332004,438,卖盘
1817,11:14:06,7.58,1516,2,买盘
1818,11:14:09,7.57,8327,11,卖盘
1819,11:14:12,7.58,15160,20,买盘
1820,11:14:15,7.57,41635,55,卖盘
1821,11:14:21,7.58,8333,11,买盘
1822,11:14:24,7.58,9854,13,买盘
1823,11:14:30,7.58,2273,3,买盘
1824,11:14:33,7.57,757,1,卖盘
1825,11:14:36,7.58,227400,300,买盘
1826,11:14:42,7.59,9101,12,买盘
1827,11:14:45,7.58,3032,4,卖盘
1828,11:14:48,7.58,3032,4,卖盘
1829,11:14:54,7.58,3032,4,卖盘
1830,11:14:57,7.58,758,1,卖盘
1831,11:15:03,7.59,1517,2,买盘
1832,11:15:06,7.58,115974,153,卖盘
1833,11:15:09,7.58,25772,34,买盘
1834,11:15:12,7.58,31079,41,卖盘
1835,11:15:15,7.57,226587,299,卖盘
1836,11:15:18,7.58,3790,5,中性盘
1837,11:15:21,7.58,46996,62,买盘
1838,11:15:24,7.58,5303,7,买盘
1839,11:15:27,7.58,3032,4,卖盘
1840,11:15:30,7.59,110047,145,买盘
1841,11:15:33,7.59,51003,67,买盘
1842,11:15:36,7.58,40969,54,卖盘
1843,11:15:42,7.59,22770,30,买盘
1844,11:15:45,7.58,4548,6,卖盘
1845,11:15:51,7.58,758,1,卖盘
1846,11:15:57,7.58,68220,90,卖盘
1847,11:16:00,7.59,100848,133,买盘
1848,11:16:03,7.58,758,1,卖盘
1849,11:16:12,7.59,15938,21,买盘
1850,11:16:15,7.59,3791,5,买盘
1851,11:16:18,7.58,2138,3,卖盘
1852,11:16:21,7.58,108394,143,卖盘
1853,11:16:24,7.58,4548,6,卖盘
1854,11:16:30,7.58,4549,6,卖盘
1855,11:16:33,7.58,758,1,卖盘
1856,11:16:36,7.59,22770,30,买盘
1857,11:16:39,7.58,8338,11,卖盘
1858,11:16:42,7.59,28083,37,买盘
1859,11:16:45,7.58,11370,15,卖盘
1860,11:16:51,7.58,59124,78,卖盘
1861,11:16:54,7.58,758,1,卖盘
1862,11:17:00,7.58,758,1,卖盘
1863,11:17:06,7.58,758,1,卖盘
1864,11:17:09,7.58,2274,3,卖盘
1865,11:17:12,7.58,24286,32,卖盘
1866,11:17:15,7.58,3790,5,卖盘
1867,11:17:24,7.58,758,1,卖盘
1868,11:17:27,7.58,12128,16,卖盘
1869,11:17:30,7.58,7580,10,卖盘
1870,11:17:33,7.58,758,1,卖盘
1871,11:17:36,7.59,11385,15,买盘
1872,11:17:39,7.59,56095,74,买盘
1873,11:17:45,7.59,21248,28,买盘
1874,11:17:48,7.59,3794,5,买盘
1875,11:17:51,7.59,32637,43,买盘
1876,11:17:54,7.58,758,1,卖盘
1877,11:17:57,7.59,7590,10,买盘
1878,11:18:00,7.58,1517,2,卖盘
1879,11:18:03,7.59,9867,13,买盘
1880,11:18:09,7.58,758,1,卖盘
1881,11:18:15,7.59,94874,125,买盘
1882,11:18:18,7.59,4554,6,买盘
1883,11:18:21,7.58,80359,106,卖盘
1884,11:18:24,7.59,112332,148,买盘
1885,11:18:27,7.6,5320,7,买盘
1886,11:18:30,7.59,759,1,卖盘
1887,11:18:36,7.59,3038,4,卖盘
1888,11:18:42,7.6,12919,17,买盘
1889,11:18:45,7.6,29640,39,买盘
1890,11:18:48,7.59,34194,45,卖盘
1891,11:18:54,7.59,759,1,卖盘
1892,11:18:57,7.6,10640,14,买盘
1893,11:19:00,7.59,326479,430,卖盘
1894,11:19:03,7.6,3799,5,买盘
1895,11:19:06,7.6,3800,5,买盘
1896,11:19:09,7.6,44838,59,买盘
1897,11:19:12,7.6,2280,3,买盘
1898,11:19:15,7.59,56995,75,卖盘
1899,11:19:18,7.59,13664,18,卖盘
1900,11:19:21,7.6,3800,5,买盘
1901,11:19:24,7.59,1519,2,卖盘
1902,11:19:30,7.59,124639,164,卖盘
1903,11:19:33,7.6,8353,11,买盘
1904,11:19:36,7.59,759,1,卖盘
1905,11:19:39,7.6,3800,5,买盘
1906,11:19:42,7.59,44781,59,卖盘
1907,11:19:45,7.59,3795,5,卖盘
1908,11:19:51,7.59,7590,10,卖盘
1909,11:19:54,7.59,2279,3,卖盘
1910,11:19:57,7.59,759,1,卖盘
1911,11:20:00,7.6,1520,2,买盘
1912,11:20:03,7.59,15180,20,卖盘
1913,11:20:06,7.59,4555,6,卖盘
1914,11:20:09,7.6,7600,10,买盘
1915,11:20:12,7.59,759,1,卖盘
1916,11:20:15,7.59,6836,9,卖盘
1917,11:20:18,7.59,15180,20,卖盘
1918,11:20:24,7.59,5319,7,卖盘
1919,11:20:33,7.59,27329,36,卖盘
1920,11:20:39,7.59,12903,17,卖盘
1921,11:20:42,7.59,116895,154,卖盘
1922,11:20:45,7.59,61484,81,卖盘
1923,11:20:51,7.6,189953,250,买盘
1924,11:20:54,7.59,2277,3,卖盘
1925,11:20:57,7.6,31160,41,买盘
1926,11:21:00,7.6,518270,682,买盘
1927,11:21:03,7.6,131466,173,买盘
1928,11:21:06,7.6,22800,30,买盘
1929,11:21:15,7.61,226012,297,买盘
1930,11:21:21,7.61,8366,11,买盘
1931,11:21:24,7.61,25874,34,买盘
1932,11:21:27,7.61,8371,11,买盘
1933,11:21:33,7.6,760,1,卖盘
1934,11:21:42,7.6,760,1,卖盘
1935,11:21:45,7.6,4560,6,卖盘
1936,11:21:48,7.6,760,1,卖盘
1937,11:21:51,7.61,84471,111,买盘
1938,11:21:54,7.6,60869,80,卖盘
1939,11:21:57,7.61,3805,5,买盘
1940,11:22:00,7.61,65396,86,买盘
1941,11:22:03,7.6,2282,3,卖盘
1942,11:22:09,7.61,156764,206,买盘
1943,11:22:12,7.61,761,1,买盘
1944,11:22:15,7.6,4560,6,卖盘
1945,11:22:27,7.61,8371,11,买盘
1946,11:22:30,7.6,760,1,卖盘
1947,11:22:36,7.6,1520,2,卖盘
1948,11:22:39,7.61,5327,7,买盘
1949,11:22:45,7.6,82840,109,卖盘
1950,11:22:48,7.61,76100,100,买盘
1951,11:22:51,7.6,69160,91,卖盘
1952,11:22:54,7.61,203948,268,买盘
1953,11:22:57,7.6,760,1,卖盘
1954,11:23:00,7.61,93603,123,买盘
1955,11:23:03,7.6,266000,350,卖盘
1956,11:23:06,7.6,9120,12,卖盘
1957,11:23:12,7.61,112133,147,买盘
1958,11:23:15,7.61,76104,100,卖盘
1959,11:23:18,7.6,499684,657,卖盘
1960,11:23:21,7.6,34205,45,卖盘
1961,11:23:24,7.61,761,1,买盘
1962,11:23:30,7.61,48703,64,买盘
1963,11:23:36,7.61,8367,11,买盘
1964,11:23:42,7.61,1522,2,买盘
1965,11:23:45,7.6,5320,7,卖盘
1966,11:23:51,7.6,760,1,卖盘
1967,11:23:54,7.6,4560,6,卖盘
1968,11:23:57,7.61,3805,5,买盘
1969,11:24:00,7.6,760,1,卖盘
1970,11:24:03,7.6,3040,4,卖盘
1971,11:24:06,7.6,760,1,卖盘
1972,11:24:12,7.6,760,1,卖盘
1973,11:24:15,7.6,3040,4,卖盘
1974,11:24:18,7.6,760,1,卖盘
1975,11:24:24,7.6,15200,20,卖盘
1976,11:24:27,7.61,14448,19,买盘
1977,11:24:30,7.6,52483,69,卖盘
1978,11:24:33,7.6,28880,38,卖盘
1979,11:24:36,7.6,294127,387,卖盘
1980,11:24:39,7.61,371368,488,买盘
1981,11:24:42,7.61,1084425,1425,卖盘
1982,11:24:45,7.6,52508,69,卖盘
1983,11:24:51,7.6,3800,5,卖盘
1984,11:24:54,7.6,9120,12,卖盘
1985,11:24:57,7.6,3800,5,卖盘
1986,11:25:00,7.6,760,1,卖盘
1987,11:25:03,7.6,120840,159,卖盘
1988,11:25:06,7.59,8359,11,卖盘
1989,11:25:15,7.59,3036,4,卖盘
1990,11:25:21,7.59,759,1,卖盘
1991,11:25:24,7.59,759,1,卖盘
1992,11:25:27,7.59,5313,7,卖盘
1993,11:25:30,7.59,28083,37,卖盘
1994,11:25:33,7.59,759,1,卖盘
1995,11:25:39,7.6,11400,15,买盘
1996,11:25:42,7.59,380259,501,卖盘
1997,11:25:45,7.59,9867,13,卖盘
1998,11:25:48,7.59,759,1,卖盘
1999,11:25:54,7.59,31119,41,卖盘
2000,11:26:03,7.6,160359,211,买盘
2001,11:26:09,7.59,23529,31,卖盘
2002,11:26:15,7.59,46350,61,卖盘
2003,11:26:18,7.6,760,1,买盘
2004,11:26:24,7.59,3799,5,卖盘
2005,11:26:27,7.59,15180,20,卖盘
2006,11:26:30,7.59,1519,2,卖盘
2007,11:26:33,7.6,180711,238,买盘
2008,11:26:36,7.59,759,1,卖盘
2009,11:26:42,7.59,2277,3,卖盘
2010,11:26:45,7.59,15190,20,卖盘
2011,11:26:51,7.59,1519,2,卖盘
2012,11:26:54,7.6,25078,33,买盘
2013,11:26:57,7.59,759,1,卖盘
2014,11:27:03,7.59,12903,17,卖盘
2015,11:27:06,7.59,3036,4,卖盘
2016,11:27:09,7.6,25080,33,买盘
2017,11:27:12,7.59,35673,47,卖盘
2018,11:27:15,7.59,328642,433,卖盘
2019,11:27:18,7.59,118397,156,卖盘
2020,11:27:21,7.59,8349,11,买盘
2021,11:27:24,7.58,758,1,卖盘
2022,11:27:27,7.59,24288,32,买盘
2023,11:27:30,7.58,50028,66,卖盘
2024,11:27:39,7.58,758,1,卖盘
2025,11:27:42,7.58,45537,60,卖盘
2026,11:27:45,7.58,30320,40,卖盘
2027,11:27:51,7.58,4548,6,卖盘
2028,11:27:54,7.59,25806,34,买盘
2029,11:27:57,7.59,759,1,买盘
2030,11:28:00,7.58,47761,63,卖盘
2031,11:28:03,7.58,758,1,卖盘
2032,11:28:06,7.59,5313,7,买盘
2033,11:28:09,7.59,26565,35,买盘
2034,11:28:12,7.58,7585,10,卖盘
2035,11:28:15,7.58,26530,35,卖盘
2036,11:28:21,7.58,4548,6,卖盘
2037,11:28:24,7.58,75800,100,卖盘
2038,11:28:27,7.58,28836,38,卖盘
2039,11:28:33,7.58,758,1,卖盘
2040,11:28:36,7.59,90980,120,买盘
2041,11:28:39,7.58,9096,12,卖盘
2042,11:28:42,7.58,758,1,卖盘
2043,11:28:45,7.58,25772,34,卖盘
2044,11:28:48,7.58,31872,42,卖盘
2045,11:28:51,7.59,4549,6,买盘
2046,11:28:54,7.58,758,1,卖盘
2047,11:28:57,7.58,6822,9,卖盘
2048,11:29:00,7.59,759,1,买盘
2049,11:29:03,7.58,4548,6,卖盘
2050,11:29:09,7.58,171356,226,卖盘
2051,11:29:15,7.58,3032,4,卖盘
2052,11:29:18,7.59,28083,37,买盘
2053,11:29:21,7.58,379000,500,卖盘
2054,11:29:24,7.59,3036,4,买盘
2055,11:29:27,7.59,4554,6,买盘
2056,11:29:30,7.59,30357,40,买盘
2057,11:29:33,7.59,53122,70,买盘
2058,11:29:36,7.59,19729,26,买盘
2059,11:29:39,7.59,6831,9,买盘
2060,11:29:42,7.59,5313,7,买盘
2061,11:29:45,7.59,11385,15,买盘
2062,11:29:54,7.58,6822,9,卖盘
2063,11:29:57,7.58,66704,88,卖盘
2064,11:30:00,7.59,759,1,买盘
2065,13:00:00,7.59,207837,274,买盘
2066,13:00:03,7.58,593441,783,卖盘
2067,13:00:06,7.59,3036,4,买盘
2068,13:00:09,7.58,163735,216,卖盘
2069,13:00:12,7.58,28047,37,卖盘
2070,13:00:15,7.57,50013,66,卖盘
2071,13:00:18,7.58,1516,2,中性盘
2072,13:00:21,7.58,8338,11,中性盘
2073,13:00:24,7.59,3794,5,买盘
2074,13:00:27,7.59,75900,100,买盘
2075,13:00:30,7.58,3790,5,卖盘
2076,13:00:36,7.58,12886,17,卖盘
2077,13:00:39,7.58,7580,10,卖盘
2078,13:00:42,7.58,28811,38,卖盘
2079,13:00:45,7.59,8349,11,买盘
2080,13:00:51,7.59,759,1,买盘
2081,13:00:54,7.59,9108,12,买盘
2082,13:00:57,7.59,94013,124,买盘
2083,13:01:00,7.58,20466,27,卖盘
2084,13:01:03,7.59,44022,58,买盘
2085,13:01:06,7.59,109296,144,买盘
2086,13:01:12,7.59,22770,30,卖盘
2087,13:01:15,7.59,7590,10,卖盘
2088,13:01:18,7.6,6838,9,买盘
2089,13:01:21,7.59,759,1,卖盘
2090,13:01:24,7.6,108675,143,买盘
2091,13:01:27,7.59,16710,22,卖盘
2092,13:01:30,7.59,25047,33,卖盘
2093,13:01:36,7.59,16698,22,卖盘
2094,13:01:45,7.59,759,1,卖盘
2095,13:01:51,7.6,9873,13,买盘
2096,13:01:54,7.6,3040,4,买盘
2097,13:01:57,7.59,759,1,卖盘
2098,13:02:00,7.59,759,1,卖盘
2099,13:02:03,7.6,482600,635,买盘
2100,13:02:09,7.6,79888,105,卖盘
2101,13:02:12,7.61,12165,16,买盘
2102,13:02:21,7.6,38000,50,卖盘
2103,13:02:27,7.59,3795,5,卖盘
2104,13:02:30,7.6,63080,83,买盘
2105,13:02:33,7.6,1520,2,买盘
2106,13:02:42,7.6,46360,61,买盘
2107,13:02:51,7.6,8360,11,卖盘
2108,13:02:57,7.6,9880,13,卖盘
2109,13:03:00,7.6,8360,11,卖盘
2110,13:03:03,7.61,3044,4,买盘
2111,13:03:15,7.6,133145,175,买盘
2112,13:03:18,7.6,3040,4,买盘
2113,13:03:24,7.6,5320,7,买盘
2114,13:03:30,7.6,7600,10,买盘
2115,13:03:33,7.6,5320,7,买盘
2116,13:03:36,7.6,15200,20,卖盘
2117,13:03:39,7.6,22800,30,卖盘
2118,13:03:45,7.6,2280,3,卖盘
2119,13:03:54,7.6,56240,74,卖盘
2120,13:03:57,7.61,4565,6,买盘
2121,13:04:03,7.59,5313,7,卖盘
2122,13:04:09,7.6,760,1,买盘
2123,13:04:12,7.6,336680,443,买盘
2124,13:04:15,7.6,85880,113,买盘
2125,13:04:21,7.6,22800,30,卖盘
2126,13:04:24,7.6,56240,74,买盘
2127,13:04:27,7.6,39520,52,买盘
2128,13:04:33,7.6,7600,10,卖盘
2129,13:04:36,7.6,15200,20,卖盘
2130,13:04:39,7.61,3044,4,买盘
2131,13:04:42,7.61,1522,2,买盘
2132,13:04:48,7.61,761,1,买盘
2133,13:04:51,7.6,22800,30,卖盘
2134,13:04:54,7.6,2280,3,卖盘
2135,13:05:00,7.6,115520,152,卖盘
2136,13:05:03,7.61,26635,35,买盘
2137,13:05:09,7.61,761,1,买盘
2138,13:05:12,7.61,3042,4,买盘
2139,13:05:15,7.61,3044,4,买盘
2140,13:05:18,7.6,76000,100,卖盘
2141,13:05:27,7.6,2280,3,卖盘
2142,13:05:36,7.61,3044,4,买盘
2143,13:05:39,7.6,14440,19,卖盘
2144,13:05:48,7.61,20547,27,买盘
2145,13:05:57,7.6,3041,4,卖盘
2146,13:06:03,7.6,44080,58,卖盘
2147,13:06:15,7.6,3040,4,卖盘
2148,13:06:18,7.6,4560,6,卖盘
2149,13:06:24,7.6,38000,50,卖盘
2150,13:06:27,7.6,22800,30,卖盘
2151,13:06:36,7.6,3800,5,卖盘
2152,13:06:54,7.61,3044,4,买盘
2153,13:07:00,7.6,53200,70,卖盘
2154,13:07:03,7.6,152000,200,卖盘
2155,13:07:09,7.61,15977,21,买盘
2156,13:07:18,7.6,303235,399,卖盘
2157,13:07:21,7.59,3795,5,卖盘
2158,13:07:24,7.6,27360,36,买盘
2159,13:07:30,7.59,9108,12,卖盘
2160,13:07:36,7.59,49340,65,卖盘
2161,13:07:39,7.59,759,1,卖盘
2162,13:07:45,7.59,6072,8,卖盘
2163,13:07:48,7.59,3795,5,卖盘
2164,13:07:51,7.59,5313,7,卖盘
2165,13:08:00,7.6,9872,13,买盘
2166,13:08:03,7.6,24318,32,买盘
2167,13:08:09,7.6,11400,15,买盘
2168,13:08:15,7.59,315744,416,卖盘
2169,13:08:18,7.59,3795,5,买盘
2170,13:08:33,7.58,11370,15,卖盘
2171,13:08:36,7.59,759,1,买盘
2172,13:08:42,7.58,13644,18,卖盘
2173,13:08:45,7.58,9105,12,卖盘
2174,13:08:48,7.6,103225,136,买盘
2175,13:08:51,7.59,12903,17,卖盘
2176,13:08:54,7.59,77418,102,卖盘
2177,13:08:57,7.59,3036,4,中性盘
2178,13:09:00,7.58,4549,6,卖盘
2179,13:09:12,7.58,5311,7,卖盘
2180,13:09:15,7.59,93357,123,买盘
2181,13:09:24,7.58,138714,183,卖盘
2182,13:09:27,7.59,759,1,买盘
2183,13:09:30,7.58,3790,5,卖盘
2184,13:09:39,7.59,1518,2,买盘
2185,13:09:45,7.58,73529,97,卖盘
2186,13:09:48,7.59,759,1,买盘
2187,13:09:51,7.59,75900,100,买盘
2188,13:09:57,7.58,22740,30,卖盘
2189,13:10:00,7.58,7580,10,卖盘
2190,13:10:09,7.58,100814,133,卖盘
2191,13:10:12,7.58,15160,20,卖盘
2192,13:10:15,7.58,7580,10,卖盘
2193,13:10:18,7.59,759,1,买盘
2194,13:10:39,7.58,4548,6,卖盘
2195,13:10:57,7.59,9867,13,买盘
2196,13:11:03,7.58,29562,39,卖盘
2197,13:11:18,7.58,170550,225,卖盘
2198,13:11:27,7.58,2274,3,卖盘
2199,13:11:30,7.57,8331,11,卖盘
2200,13:11:42,7.58,106743,141,中性盘
2201,13:11:45,7.57,24251,32,卖盘
2202,13:11:48,7.58,758,1,买盘
2203,13:11:57,7.57,68130,90,卖盘
2204,13:12:00,7.58,758,1,买盘
2205,13:12:06,7.57,1514,2,卖盘
2206,13:12:09,7.57,3785,5,卖盘
2207,13:12:21,7.57,227858,301,卖盘
2208,13:12:33,7.58,75800,100,买盘
2209,13:12:39,7.58,2274,3,买盘
2210,13:12:42,7.58,56092,74,买盘
2211,13:12:45,7.58,350854,463,买盘
2212,13:12:48,7.58,5306,7,买盘
2213,13:12:51,7.57,9841,13,卖盘
2214,13:12:57,7.57,12869,17,卖盘
2215,13:13:03,7.57,9084,12,卖盘
2216,13:13:06,7.57,278576,368,卖盘
2217,13:13:12,7.57,18925,25,卖盘
2218,13:13:15,7.58,81106,107,买盘
2219,13:13:18,7.58,3032,4,卖盘
2220,13:13:21,7.58,3790,5,卖盘
2221,13:13:24,7.57,27262,36,卖盘
2222,13:13:27,7.58,14402,19,买盘
2223,13:13:30,7.58,25004,33,卖盘
2224,13:13:36,7.58,3032,4,买盘
2225,13:13:39,7.57,757,1,卖盘
2226,13:13:42,7.57,6814,9,卖盘
2227,13:13:45,7.57,257420,340,卖盘
2228,13:13:48,7.57,3785,5,卖盘
2229,13:13:57,7.57,24224,32,卖盘
2230,13:14:03,7.58,758,1,买盘
2231,13:14:06,7.58,3032,4,买盘
2232,13:14:09,7.57,11355,15,卖盘
2233,13:14:18,7.57,10608,14,卖盘
2234,13:14:30,7.58,3790,5,买盘
2235,13:14:36,7.57,757,1,卖盘
2236,13:14:39,7.58,3790,5,买盘
2237,13:14:45,7.57,15140,20,卖盘
2238,13:14:51,7.57,65104,86,卖盘
2239,13:14:54,7.58,5306,7,买盘
2240,13:15:00,7.57,10598,14,卖盘
2241,13:15:06,7.58,26530,35,买盘
2242,13:15:09,7.57,45420,60,卖盘
2243,13:15:12,7.58,3032,4,买盘
2244,13:15:15,7.57,33308,44,卖盘
2245,13:15:21,7.57,3028,4,卖盘
2246,13:15:24,7.58,15160,20,买盘
2247,13:15:36,7.57,43906,58,卖盘
2248,13:15:45,7.57,26503,35,卖盘
2249,13:15:48,7.57,453443,599,卖盘
2250,13:15:51,7.57,3785,5,中性盘
2251,13:15:54,7.57,757,1,卖盘
2252,13:15:57,7.57,757,1,卖盘
2253,13:16:00,7.58,15898,21,买盘
2254,13:16:18,7.57,15897,21,卖盘
2255,13:16:36,7.57,9841,13,卖盘
2256,13:16:39,7.57,30280,40,卖盘
2257,13:16:45,7.57,109008,144,卖盘
2258,13:16:54,7.58,22740,30,买盘
2259,13:16:57,7.58,468584,619,买盘
2260,13:17:00,7.57,21953,29,卖盘
2261,13:17:03,7.58,3790,5,买盘
2262,13:17:06,7.57,15897,21,卖盘
2263,13:17:09,7.58,7580,10,买盘
2264,13:17:12,7.57,32556,43,卖盘
2265,13:17:15,7.57,127933,169,卖盘
2266,13:17:18,7.57,4542,6,卖盘
2267,13:17:21,7.57,15140,20,卖盘
2268,13:17:27,7.58,3790,5,买盘
2269,13:17:33,7.57,10598,14,卖盘
2270,13:17:36,7.57,1514,2,卖盘
2271,13:17:54,7.57,2271,3,卖盘
2272,13:17:57,7.57,3785,5,卖盘
2273,13:18:00,7.57,45420,60,卖盘
2274,13:18:03,7.58,29562,39,买盘
2275,13:18:15,7.56,1892437,2503,卖盘
2276,13:18:24,7.57,52990,70,卖盘
2277,13:18:27,7.57,33339,44,卖盘
2278,13:18:30,7.57,448597,592,卖盘
2279,13:18:33,7.58,758,1,卖盘
2280,13:18:36,7.58,39416,52,中性盘
2281,13:18:39,7.58,37892,50,卖盘
2282,13:18:42,7.58,39416,52,买盘
2283,13:18:45,7.58,13644,18,买盘
2284,13:18:48,7.58,1516,2,买盘
2285,13:18:51,7.58,284796,376,买盘
2286,13:18:57,7.58,2274,3,买盘
2287,13:19:00,7.58,27288,36,买盘
2288,13:19:03,7.58,11360,15,中性盘
2289,13:19:15,7.58,3790,5,卖盘
2290,13:19:18,7.57,33344,44,卖盘
2291,13:19:24,7.57,11355,15,卖盘
2292,13:19:27,7.57,7570,10,卖盘
2293,13:19:33,7.57,20439,27,卖盘
2294,13:19:39,7.57,12112,16,卖盘
2295,13:19:42,7.58,43956,58,买盘
2296,13:19:48,7.57,22710,30,卖盘
2297,13:19:54,7.58,6057,8,买盘
2298,13:19:57,7.57,1514,2,卖盘
2299,13:20:03,7.58,45470,60,买盘
2300,13:20:06,7.58,50786,67,买盘
2301,13:20:12,7.58,1516,2,买盘
2302,13:20:15,7.58,9096,12,买盘
2303,13:20:21,7.58,758,1,买盘
2304,13:20:24,7.57,6063,8,卖盘
2305,13:20:33,7.58,10612,14,买盘
2306,13:20:36,7.57,75700,100,卖盘
2307,13:20:42,7.58,11365,15,买盘
2308,13:20:48,7.58,62156,82,买盘
2309,13:20:51,7.57,15140,20,卖盘
2310,13:20:54,7.57,757,1,卖盘
2311,13:21:00,7.57,6813,9,卖盘
2312,13:21:06,7.57,3785,5,卖盘
2313,13:21:09,7.57,3785,5,卖盘
2314,13:21:12,7.58,38658,51,买盘
2315,13:21:21,7.57,2271,3,卖盘
2316,13:21:24,7.59,83384,110,买盘
2317,13:21:30,7.58,3790,5,卖盘
2318,13:21:36,7.59,48576,64,买盘
2319,13:21:45,7.58,758,1,卖盘
2320,13:21:57,7.59,759,1,买盘
2321,13:22:00,7.58,4548,6,卖盘
2322,13:22:06,7.58,7580,10,卖盘
2323,13:22:12,7.58,22740,30,卖盘
2324,13:22:15,7.58,4548,6,卖盘
2325,13:22:18,7.58,6064,8,卖盘
2326,13:22:21,7.59,11385,15,买盘
2327,13:22:24,7.58,3790,5,卖盘
2328,13:22:33,7.59,5313,7,买盘
2329,13:22:39,7.59,37950,50,买盘
2330,13:22:51,7.59,759,1,买盘
2331,13:22:54,7.59,2277,3,买盘
2332,13:23:09,7.58,79590,105,卖盘
2333,13:23:12,7.58,55335,73,卖盘
2334,13:23:15,7.59,17445,23,买盘
2335,13:23:18,7.59,9867,13,买盘
2336,13:23:21,7.58,25016,33,卖盘
2337,13:23:27,7.59,759,1,买盘
2338,13:23:42,7.58,2274,3,卖盘
2339,13:23:48,7.58,13646,18,卖盘
2340,13:23:54,7.58,14402,19,卖盘
2341,13:24:00,7.58,72780,96,卖盘
2342,13:24:06,7.58,21224,28,卖盘
2343,13:24:15,7.58,28804,38,卖盘
2344,13:24:24,7.59,31857,42,买盘
2345,13:24:27,7.58,12136,16,卖盘
2346,13:24:30,7.58,10612,14,卖盘
2347,13:24:33,7.58,13652,18,卖盘
2348,13:24:39,7.59,759,1,买盘
2349,13:24:42,7.58,6822,9,卖盘
2350,13:24:45,7.59,191787,253,买盘
2351,13:24:51,7.57,51533,68,卖盘
2352,13:24:54,7.57,26505,35,卖盘
2353,13:24:57,7.58,38653,51,买盘
2354,13:25:03,7.58,9096,12,卖盘
2355,13:25:09,7.59,759,1,买盘
2356,13:25:12,7.57,3789,5,卖盘
2357,13:25:15,7.59,12137,16,买盘
2358,13:25:18,7.59,759,1,买盘
2359,13:25:27,7.58,22740,30,卖盘
2360,13:25:36,7.58,3032,4,卖盘
2361,13:25:51,7.58,26530,35,卖盘
2362,13:25:54,7.58,12128,16,卖盘
2363,13:25:57,7.57,9842,13,卖盘
2364,13:26:00,7.58,758,1,中性盘
2365,13:26:03,7.58,22730,30,中性盘
2366,13:26:06,7.59,11378,15,买盘
2367,13:26:12,7.59,6827,9,买盘
2368,13:26:15,7.58,12129,16,卖盘
2369,13:26:21,7.58,3790,5,买盘
2370,13:26:24,7.57,757,1,卖盘
2371,13:26:27,7.57,127176,168,卖盘
2372,13:26:30,7.57,75700,100,卖盘
2373,13:26:36,7.57,57532,76,卖盘
2374,13:26:39,7.58,12128,16,买盘
2375,13:26:51,7.58,2274,3,买盘
2376,13:26:54,7.57,3028,4,卖盘
2377,13:27:03,7.58,7580,10,买盘
2378,13:27:09,7.58,758,1,买盘
2379,13:27:15,7.58,9093,12,买盘
2380,13:27:21,7.58,758,1,买盘
2381,13:27:27,7.58,10612,14,买盘
2382,13:27:33,7.58,19695,26,买盘
2383,13:27:36,7.57,10598,14,卖盘
2384,13:27:45,7.57,3785,5,卖盘
2385,13:27:48,7.57,36336,48,卖盘
2386,13:27:51,7.58,758,1,买盘
2387,13:27:54,7.57,757,1,卖盘
2388,13:28:03,7.57,11355,15,卖盘
2389,13:28:06,7.57,41635,55,卖盘
2390,13:28:15,7.57,24981,33,卖盘
2391,13:28:24,7.57,9084,12,卖盘
2392,13:28:27,7.58,50736,67,买盘
2393,13:28:30,7.57,10598,14,卖盘
2394,13:28:36,7.57,9084,12,卖盘
2395,13:28:42,7.58,2274,3,买盘
2396,13:28:48,7.57,3785,5,卖盘
2397,13:28:51,7.58,758,1,买盘
2398,13:28:54,7.57,8327,11,卖盘
2399,13:28:57,7.57,6820,9,卖盘
2400,13:29:00,7.57,15898,21,卖盘
2401,13:29:06,7.57,24227,32,卖盘
2402,13:29:12,7.57,7570,10,卖盘
2403,13:29:15,7.57,130961,173,卖盘
2404,13:29:18,7.57,21953,29,卖盘
2405,13:29:21,7.57,9084,12,卖盘
2406,13:29:24,7.57,9841,13,卖盘
2407,13:29:27,7.57,7570,10,卖盘
2408,13:29:30,7.57,5299,7,卖盘
2409,13:29:42,7.58,6822,9,买盘
2410,13:29:48,7.58,6822,9,买盘
2411,13:30:00,7.57,35579,47,卖盘
2412,13:30:03,7.57,20441,27,卖盘
2413,13:30:06,7.57,9841,13,卖盘
2414,13:30:09,7.57,60561,80,卖盘
2415,13:30:15,7.57,77971,103,卖盘
2416,13:30:18,7.57,43135,57,中性盘
2417,13:30:21,7.57,121120,160,买盘
2418,13:30:24,7.57,8327,11,买盘
2419,13:30:27,7.57,425434,562,卖盘
2420,13:30:30,7.57,75700,100,卖盘
2421,13:30:33,7.57,48404,64,卖盘
2422,13:30:36,7.56,32522,43,卖盘
2423,13:30:39,7.57,757,1,卖盘
2424,13:30:45,7.57,3785,5,卖盘
2425,13:30:48,7.57,11355,15,卖盘
2426,13:30:51,7.57,152157,201,卖盘
2427,13:30:54,7.57,36326,48,卖盘
2428,13:30:57,7.57,48403,64,买盘
2429,13:31:03,7.57,94516,125,买盘
2430,13:31:06,7.57,9084,12,买盘
2431,13:31:09,7.56,46885,62,卖盘
2432,13:31:12,7.57,1514,2,买盘
2433,13:31:15,7.57,22698,30,买盘
2434,13:31:18,7.57,3785,5,买盘
2435,13:31:21,7.57,5299,7,买盘
2436,13:31:24,7.56,83160,110,卖盘
2437,13:31:27,7.56,10584,14,卖盘
2438,13:31:33,7.56,161028,213,卖盘
2439,13:31:36,7.56,13612,18,卖盘
2440,13:31:39,7.56,10584,14,卖盘
2441,13:31:42,7.56,54432,72,卖盘
2442,13:31:51,7.56,9072,12,卖盘
2443,13:32:03,7.56,20438,27,卖盘
2444,13:32:09,7.57,25729,34,买盘
2445,13:32:12,7.57,99924,132,买盘
2446,13:32:15,7.57,28009,37,买盘
2447,13:32:21,7.57,37850,50,卖盘
2448,13:32:24,7.57,58289,77,卖盘
2449,13:32:27,7.57,9841,13,卖盘
2450,13:32:30,7.57,9841,13,卖盘
2451,13:32:33,7.57,75700,100,卖盘
2452,13:32:36,7.57,10598,14,卖盘
2453,13:32:39,7.57,20439,27,卖盘
2454,13:32:42,7.57,49962,66,卖盘
2455,13:32:45,7.57,45420,60,卖盘
2456,13:32:51,7.57,12872,17,卖盘
2457,13:32:57,7.58,788720,1042,买盘
2458,13:33:00,7.57,39364,52,卖盘
2459,13:33:03,7.57,164269,217,卖盘
2460,13:33:09,7.57,34065,45,卖盘
2461,13:33:12,7.57,15140,20,卖盘
2462,13:33:15,7.57,7574,10,卖盘
2463,13:33:18,7.57,26495,35,卖盘
2464,13:33:21,7.57,44663,59,卖盘
2465,13:33:27,7.57,14383,19,卖盘
2466,13:33:30,7.57,44667,59,卖盘
2467,13:33:33,7.57,3785,5,卖盘
2468,13:33:36,7.57,9084,12,卖盘
2469,13:33:39,7.57,37093,49,卖盘
2470,13:33:42,7.57,13631,18,卖盘
2471,13:33:45,7.57,3785,5,卖盘
2472,13:33:48,7.57,5299,7,卖盘
2473,13:33:51,7.58,758,1,买盘
2474,13:33:57,7.57,274791,363,卖盘
2475,13:34:00,7.57,254266,336,买盘
2476,13:34:03,7.57,179394,237,买盘
2477,13:34:06,7.56,74520,99,卖盘
2478,13:34:09,7.56,27973,37,卖盘
2479,13:34:12,7.57,38607,51,卖盘
2480,13:34:15,7.56,61994,82,卖盘
2481,13:34:18,7.56,9828,13,卖盘
2482,13:34:21,7.56,13609,18,卖盘
2483,13:34:24,7.57,27252,36,买盘
2484,13:34:27,7.56,9828,13,卖盘
2485,13:34:30,7.56,18900,25,卖盘
2486,13:34:42,7.56,15120,20,卖盘
2487,13:34:45,7.56,9072,12,卖盘
2488,13:34:48,7.56,92232,122,卖盘
2489,13:34:51,7.56,9828,13,卖盘
2490,13:34:54,7.56,9828,13,卖盘
2491,13:35:03,7.56,90720,120,卖盘
2492,13:35:06,7.56,1512,2,卖盘
2493,13:35:09,7.56,20412,27,卖盘
2494,13:35:21,7.56,9072,12,卖盘
2495,13:35:24,7.57,5299,7,买盘
2496,13:35:27,7.56,151200,200,卖盘
2497,13:35:30,7.56,96868,128,卖盘
2498,13:35:33,7.56,27972,37,卖盘
2499,13:35:36,7.56,10584,14,卖盘
2500,13:35:39,7.57,9073,12,买盘
2501,13:35:42,7.57,757,1,买盘
2502,13:35:45,7.56,3024,4,卖盘
2503,13:35:48,7.56,1512,2,卖盘
2504,13:35:51,7.56,22680,30,卖盘
2505,13:35:57,7.56,100548,133,卖盘
2506,13:36:06,7.56,10584,14,卖盘
2507,13:36:09,7.56,9828,13,卖盘
2508,13:36:15,7.56,36288,48,卖盘
2509,13:36:18,7.57,6053,8,买盘
2510,13:36:21,7.57,757,1,买盘
2511,13:36:27,7.56,19656,26,卖盘
2512,13:36:30,7.56,2268,3,卖盘
2513,13:36:39,7.57,757,1,买盘
2514,13:36:42,7.56,15120,20,卖盘
2515,13:36:45,7.56,15120,20,卖盘
2516,13:36:48,7.56,756,1,卖盘
2517,13:36:51,7.57,757,1,买盘
2518,13:36:54,7.56,3780,5,卖盘
2519,13:36:57,7.57,1514,2,买盘
2520,13:37:00,7.57,1514,2,买盘
2521,13:37:06,7.57,58289,77,买盘
2522,13:37:09,7.56,11340,15,卖盘
2523,13:37:12,7.57,18920,25,买盘
2524,13:37:24,7.57,7568,10,买盘
2525,13:37:33,7.57,10598,14,买盘
2526,13:37:36,7.57,757,1,买盘
2527,13:37:39,7.57,576794,762,买盘
2528,13:37:42,7.56,91569,121,卖盘
2529,13:37:45,7.56,117186,155,卖盘
2530,13:37:51,7.57,3028,4,中性盘
2531,13:37:54,7.57,28009,37,买盘
2532,13:37:57,7.57,3028,4,买盘
2533,13:38:00,7.57,6813,9,中性盘
2534,13:38:09,7.57,9084,12,卖盘
2535,13:38:12,7.57,23467,31,卖盘
2536,13:38:15,7.57,40878,54,卖盘
2537,13:38:18,7.56,9828,13,卖盘
2538,13:38:21,7.56,24948,33,卖盘
2539,13:38:24,7.56,3780,5,卖盘
2540,13:38:27,7.57,31784,42,买盘
2541,13:38:30,7.57,5299,7,买盘
2542,13:38:33,7.56,10584,14,卖盘
2543,13:38:39,7.56,3780,5,卖盘
2544,13:38:42,7.56,10588,14,卖盘
2545,13:38:48,7.56,52920,70,卖盘
2546,13:38:51,7.56,9828,13,卖盘
2547,13:38:54,7.56,9828,13,卖盘
2548,13:39:00,7.57,76456,101,买盘
2549,13:39:06,7.57,27985,37,买盘
2550,13:39:09,7.56,9072,12,卖盘
2551,13:39:12,7.56,350834,464,卖盘
2552,13:39:15,7.56,6804,9,卖盘
2553,13:39:18,7.56,36288,48,卖盘
2554,13:39:21,7.56,49896,66,卖盘
2555,13:39:24,7.56,423746,561,卖盘
2556,13:39:27,7.55,95130,126,卖盘
2557,13:39:33,7.56,34764,46,买盘
2558,13:39:36,7.56,27948,37,买盘
2559,13:39:39,7.55,123827,164,卖盘
2560,13:39:42,7.55,37753,50,卖盘
2561,13:39:45,7.55,31710,42,卖盘
2562,13:39:48,7.55,23405,31,卖盘
2563,13:39:51,7.55,20385,27,卖盘
2564,13:39:57,7.55,23405,31,卖盘
2565,13:40:00,7.55,305020,404,卖盘
2566,13:40:03,7.55,101170,134,卖盘
2567,13:40:06,7.56,103567,137,买盘
2568,13:40:09,7.55,10570,14,卖盘
2569,13:40:12,7.55,531521,704,卖盘
2570,13:40:15,7.55,217349,288,卖盘
2571,13:40:18,7.55,90600,120,卖盘
2572,13:40:21,7.55,38505,51,卖盘
2573,13:40:24,7.55,9815,13,卖盘
2574,13:40:27,7.55,56625,75,卖盘
2575,13:40:30,7.55,40770,54,卖盘
2576,13:40:33,7.55,16610,22,卖盘
2577,13:40:36,7.55,4531,6,卖盘
2578,13:40:39,7.55,6795,9,卖盘
2579,13:40:42,7.56,1511,2,买盘
2580,13:40:45,7.55,755,1,卖盘
2581,13:40:51,7.56,1511,2,买盘
2582,13:40:54,7.55,18120,24,卖盘
2583,13:40:57,7.55,350584,464,卖盘
2584,13:41:00,7.56,46059,61,买盘
2585,13:41:03,7.55,46056,61,卖盘
2586,13:41:06,7.55,63490,84,卖盘
2587,13:41:12,7.55,7559,10,卖盘
2588,13:41:15,7.55,88335,117,卖盘
2589,13:41:21,7.55,9060,12,卖盘
2590,13:41:27,7.55,3775,5,卖盘
2591,13:41:30,7.55,15100,20,卖盘
2592,13:41:33,7.55,16610,22,卖盘
2593,13:41:36,7.56,756,1,买盘
2594,13:41:39,7.56,756,1,买盘
2595,13:41:42,7.55,9060,12,卖盘
2596,13:41:45,7.56,3024,4,买盘
2597,13:42:06,7.55,18875,25,卖盘
2598,13:42:09,7.55,15856,21,卖盘
2599,13:42:12,7.55,9815,13,卖盘
2600,13:42:21,7.55,16610,22,卖盘
2601,13:42:33,7.55,94375,125,卖盘
2602,13:42:36,7.55,10570,14,卖盘
2603,13:42:39,7.55,9060,12,卖盘
2604,13:42:45,7.56,8311,11,买盘
2605,13:42:48,7.55,755,1,卖盘
2606,13:42:54,7.55,68705,91,卖盘
2607,13:42:57,7.55,26425,35,卖盘
2608,13:43:03,7.55,3020,4,卖盘
2609,13:43:06,7.55,504232,667,卖盘
2610,13:43:09,7.55,77791,103,卖盘
2611,13:43:12,7.56,413467,547,买盘
2612,13:43:15,7.56,72576,96,卖盘
2613,13:43:18,7.56,9072,12,卖盘
2614,13:43:21,7.56,13608,18,卖盘
2615,13:43:24,7.56,18900,25,卖盘
2616,13:43:27,7.57,43853,58,买盘
2617,13:43:30,7.56,30245,40,卖盘
2618,13:43:33,7.56,2268,3,卖盘
2619,13:43:36,7.56,13614,18,卖盘
2620,13:43:39,7.56,18900,25,卖盘
2621,13:43:42,7.57,103610,137,买盘
2622,13:43:45,7.57,4542,6,买盘
2623,13:43:48,7.57,12098,16,买盘
2624,13:44:09,7.56,4537,6,卖盘
2625,13:44:12,7.57,3785,5,买盘
2626,13:44:15,7.57,7570,10,买盘
2627,13:44:18,7.56,24298,32,卖盘
2628,13:44:21,7.56,371876,492,卖盘
2629,13:44:24,7.56,86076,114,买盘
2630,13:44:27,7.56,3780,5,买盘
2631,13:44:30,7.56,49125,65,买盘
2632,13:44:33,7.55,755,1,卖盘
2633,13:44:42,7.55,6040,8,卖盘
2634,13:44:45,7.56,41580,55,买盘
2635,13:44:48,7.56,7560,10,买盘
2636,13:44:51,7.56,756,1,买盘
2637,13:44:57,7.56,10571,14,买盘
2638,13:45:00,7.56,25690,34,买盘
2639,13:45:03,7.55,16610,22,卖盘
2640,13:45:06,7.56,184464,244,买盘
2641,13:45:09,7.56,25704,34,买盘
2642,13:45:15,7.56,3024,4,卖盘
2643,13:45:18,7.56,41634,55,卖盘
2644,13:45:21,7.57,15123,20,买盘
2645,13:45:24,7.57,1514,2,买盘
2646,13:45:27,7.57,24981,33,买盘
2647,13:45:30,7.56,6804,9,卖盘
2648,13:45:36,7.56,3780,5,卖盘
2649,13:45:42,7.57,3785,5,买盘
2650,13:45:45,7.56,123328,163,卖盘
2651,13:45:57,7.56,43092,57,卖盘
2652,13:46:09,7.56,83160,110,卖盘
2653,13:46:15,7.56,6804,9,卖盘
2654,13:46:24,7.56,12100,16,卖盘
2655,13:46:27,7.57,1514,2,买盘
2656,13:46:33,7.56,3780,5,卖盘
2657,13:46:36,7.57,757,1,买盘
2658,13:46:42,7.57,13626,18,买盘
2659,13:46:45,7.57,1514,2,买盘
2660,13:46:48,7.57,757,1,买盘
2661,13:46:51,7.57,61995,82,买盘
2662,13:46:57,7.56,74844,99,卖盘
2663,13:47:00,7.56,22680,30,卖盘
2664,13:47:03,7.56,3780,5,卖盘
2665,13:47:18,7.57,757,1,买盘
2666,13:47:27,7.57,7565,10,买盘
2667,13:47:33,7.56,1512,2,卖盘
2668,13:47:36,7.56,24948,33,卖盘
2669,13:47:42,7.56,9828,13,卖盘
2670,13:47:45,7.56,24193,32,卖盘
2671,13:47:48,7.56,162540,215,卖盘
2672,13:47:54,7.57,36334,48,买盘
2673,13:47:57,7.56,160283,212,卖盘
2674,13:48:03,7.57,4539,6,买盘
2675,13:48:06,7.57,6813,9,买盘
2676,13:48:09,7.57,358346,474,买盘
2677,13:48:12,7.57,5297,7,买盘
2678,13:48:24,7.57,18168,24,买盘
2679,13:48:39,7.56,15120,20,卖盘
2680,13:48:51,7.56,22680,30,卖盘
2681,13:48:54,7.56,7560,10,卖盘
2682,13:48:57,7.56,7560,10,卖盘
2683,13:49:00,7.57,3785,5,买盘
2684,13:49:03,7.56,34024,45,卖盘
2685,13:49:06,7.57,757,1,买盘
2686,13:49:09,7.56,6048,8,卖盘
2687,13:49:12,7.56,3780,5,卖盘
2688,13:49:15,7.56,15876,21,卖盘
2689,13:49:24,7.56,2268,3,卖盘
2690,13:49:27,7.56,5297,7,卖盘
2691,13:49:30,7.56,130788,173,卖盘
2692,13:49:33,7.56,3780,5,卖盘
2693,13:49:36,7.56,56700,75,卖盘
2694,13:49:39,7.57,4539,6,买盘
2695,13:49:42,7.57,75698,100,买盘
2696,13:49:45,7.56,103572,137,卖盘
2697,13:49:48,7.57,757,1,买盘
2698,13:49:51,7.56,30240,40,卖盘
2699,13:49:54,7.56,15877,21,卖盘
2700,13:50:06,7.56,64260,85,卖盘
2701,13:50:12,7.57,49141,65,买盘
2702,13:50:15,7.56,7560,10,卖盘
2703,13:50:18,7.56,13608,18,卖盘
2704,13:50:21,7.56,26475,35,卖盘
2705,13:50:27,7.56,142130,188,卖盘
2706,13:50:30,7.56,78624,104,买盘
2707,13:50:33,7.56,108864,144,卖盘
2708,13:50:39,7.56,19660,26,卖盘
2709,13:50:45,7.56,3784,5,卖盘
2710,13:50:48,7.56,756,1,卖盘
2711,13:50:51,7.56,756,1,卖盘
2712,13:50:54,7.57,3028,4,买盘
2713,13:50:57,7.56,58968,78,卖盘
2714,13:51:00,7.56,52920,70,卖盘
2715,13:51:03,7.56,15120,20,卖盘
2716,13:51:06,7.57,3785,5,买盘
2717,13:51:09,7.56,11340,15,卖盘
2718,13:51:12,7.57,12867,17,买盘
2719,13:51:15,7.56,3780,5,卖盘
2720,13:51:18,7.57,3785,5,买盘
2721,13:51:24,7.57,757,1,买盘
2722,13:51:27,7.57,32511,43,买盘
2723,13:51:30,7.56,368172,487,卖盘
2724,13:51:33,7.57,26465,35,买盘
2725,13:51:39,7.56,63504,84,卖盘
2726,13:51:42,7.56,21924,29,买盘
2727,13:51:45,7.57,269205,356,买盘
2728,13:51:48,7.57,28732,38,买盘
2729,13:51:51,7.56,2268,3,卖盘
2730,13:51:54,7.56,61236,81,卖盘
2731,13:51:57,7.57,3785,5,买盘
2732,13:52:00,7.56,51408,68,卖盘
2733,13:52:03,7.56,1512,2,买盘
2734,13:52:06,7.56,7560,10,买盘
2735,13:52:09,7.55,243865,323,卖盘
2736,13:52:12,7.55,22650,30,卖盘
2737,13:52:18,7.56,5292,7,买盘
2738,13:52:21,7.55,7550,10,卖盘
2739,13:52:30,7.56,46872,62,买盘
2740,13:52:33,7.55,33222,44,卖盘
2741,13:52:36,7.56,3780,5,买盘
2742,13:52:39,7.56,6804,9,买盘
2743,13:52:45,7.56,19636,26,买盘
2744,13:52:48,7.56,7560,10,买盘
2745,13:52:51,7.56,2268,3,买盘
2746,13:53:06,7.55,755,1,卖盘
2747,13:53:09,7.55,27180,36,卖盘
2748,13:53:12,7.56,15120,20,买盘
2749,13:53:15,7.55,18134,24,卖盘
2750,13:53:18,7.56,2268,3,买盘
2751,13:53:21,7.56,756,1,买盘
2752,13:53:30,7.56,3780,5,买盘
2753,13:53:33,7.55,9060,12,卖盘
2754,13:53:36,7.55,18875,25,卖盘
2755,13:53:39,7.55,3775,5,卖盘
2756,13:53:45,7.55,22650,30,卖盘
2757,13:53:54,7.56,756,1,买盘
2758,13:54:00,7.56,24192,32,买盘
2759,13:54:03,7.55,36240,48,卖盘
2760,13:54:18,7.55,10570,14,卖盘
2761,13:54:24,7.56,18900,25,买盘
2762,13:54:27,7.56,3780,5,买盘
2763,13:54:39,7.56,4536,6,买盘
2764,13:54:42,7.55,25670,34,卖盘
2765,13:54:54,7.55,28692,38,卖盘
2766,13:55:00,7.55,7550,10,卖盘
2767,13:55:03,7.56,756,1,买盘
2768,13:55:15,7.55,79275,105,卖盘
2769,13:55:18,7.55,12083,16,卖盘
2770,13:55:24,7.55,24915,33,卖盘
2771,13:55:30,7.55,7550,10,卖盘
2772,13:55:33,7.55,61155,81,卖盘
2773,13:55:42,7.56,367216,486,买盘
2774,13:55:48,7.56,23430,31,买盘
2775,13:55:54,7.55,755,1,卖盘
2776,13:55:57,7.55,11325,15,卖盘
2777,13:56:09,7.55,25675,34,卖盘
2778,13:56:12,7.56,26460,35,买盘
2779,13:56:15,7.56,426375,564,买盘
2780,13:56:18,7.56,190513,252,买盘
2781,13:56:21,7.56,11340,15,卖盘
2782,13:56:30,7.57,2271,3,买盘
2783,13:56:33,7.56,156494,207,卖盘
2784,13:56:36,7.56,3024,4,卖盘
2785,13:56:39,7.57,4541,6,买盘
2786,13:56:42,7.57,6056,8,买盘
2787,13:56:45,7.57,757,1,买盘
2788,13:56:51,7.56,161041,213,卖盘
2789,13:56:57,7.56,12852,17,卖盘
2790,13:57:03,7.56,13608,18,卖盘
2791,13:57:21,7.56,756,1,卖盘
2792,13:57:24,7.57,757,1,买盘
2793,13:57:27,7.56,756,1,卖盘
2794,13:57:30,7.57,9841,13,买盘
2795,13:57:33,7.57,24953,33,买盘
2796,13:57:36,7.56,37049,49,卖盘
2797,13:57:39,7.56,91487,121,卖盘
2798,13:57:42,7.56,3024,4,卖盘
2799,13:57:45,7.56,64260,85,卖盘
2800,13:57:51,7.57,7570,10,买盘
2801,13:57:54,7.56,2268,3,卖盘
2802,13:57:57,7.56,213192,282,卖盘
2803,13:58:00,7.56,19656,26,买盘
2804,13:58:03,7.56,57456,76,卖盘
2805,13:58:06,7.56,36288,48,中性盘
2806,13:58:09,7.57,15886,21,买盘
2807,13:58:12,7.56,11340,15,卖盘
2808,13:58:15,7.56,14366,19,买盘
2809,13:58:18,7.56,18144,24,买盘
2810,13:58:21,7.57,62003,82,买盘
2811,13:58:24,7.56,21168,28,卖盘
2812,13:58:27,7.55,20408,27,卖盘
2813,13:58:30,7.56,3780,5,中性盘
2814,13:58:33,7.56,88452,117,买盘
2815,13:58:36,7.56,455116,602,中性盘
2816,13:58:39,7.57,14383,19,买盘
2817,13:58:42,7.56,163296,216,卖盘
2818,13:58:45,7.56,756,1,买盘
2819,13:58:48,7.56,3780,5,卖盘
2820,13:58:57,7.56,3780,5,卖盘
2821,13:59:03,7.56,15876,21,卖盘
2822,13:59:06,7.56,100548,133,卖盘
2823,13:59:09,7.56,5292,7,卖盘
2824,13:59:12,7.56,18900,25,卖盘
2825,13:59:15,7.57,26466,35,买盘
2826,13:59:24,7.56,256291,339,卖盘
2827,13:59:27,7.57,7570,10,买盘
2828,13:59:30,7.56,1512,2,卖盘
2829,13:59:33,7.56,18900,25,卖盘
2830,13:59:36,7.56,12096,16,卖盘
2831,13:59:39,7.57,306585,405,买盘
2832,13:59:45,7.56,34776,46,卖盘
2833,13:59:48,7.56,22680,30,卖盘
2834,14:00:03,7.57,6052,8,买盘
2835,14:00:06,7.57,335351,443,买盘
2836,14:00:09,7.58,2573996,3400,买盘
2837,14:00:12,7.59,192547,254,买盘
2838,14:00:15,7.59,759,1,买盘
2839,14:00:18,7.58,68266,90,卖盘
2840,14:00:21,7.59,5313,7,买盘
2841,14:00:27,7.58,3790,5,卖盘
2842,14:00:30,7.58,6065,8,卖盘
2843,14:00:33,7.58,758,1,卖盘
2844,14:00:39,7.58,3790,5,卖盘
2845,14:00:42,7.59,110814,146,买盘
2846,14:00:45,7.59,759,1,买盘
2847,14:00:48,7.58,758,1,卖盘
2848,14:01:03,7.59,3036,4,买盘
2849,14:01:09,7.59,7585,10,买盘
2850,14:01:12,7.58,19708,26,卖盘
2851,14:01:15,7.58,758,1,卖盘
2852,14:01:21,7.59,152559,201,买盘
2853,14:01:24,7.59,3795,5,买盘
2854,14:01:27,7.58,3792,5,卖盘
2855,14:01:30,7.58,21982,29,卖盘
2856,14:01:36,7.59,39418,52,买盘
2857,14:01:42,7.58,32594,43,卖盘
2858,14:01:45,7.58,116732,154,卖盘
2859,14:01:48,7.58,758,1,卖盘
2860,14:01:51,7.58,758,1,卖盘
2861,14:01:54,7.58,197838,261,卖盘
2862,14:02:03,7.58,12886,17,卖盘
2863,14:02:09,7.58,79590,105,卖盘
2864,14:02:12,7.58,3790,5,卖盘
2865,14:02:21,7.58,37900,50,卖盘
2866,14:02:24,7.58,22740,30,卖盘
2867,14:02:27,7.58,12895,17,卖盘
2868,14:02:42,7.58,31079,41,卖盘
2869,14:02:48,7.59,3036,4,买盘
2870,14:02:54,7.59,23529,31,买盘
2871,14:02:57,7.58,1037702,1369,卖盘
2872,14:03:00,7.58,46996,62,买盘
2873,14:03:03,7.58,88686,117,买盘
2874,14:03:06,7.58,354109,467,买盘
2875,14:03:12,7.59,3036,4,买盘
2876,14:03:15,7.59,4554,6,买盘
2877,14:03:21,7.58,37900,50,卖盘
2878,14:03:24,7.58,13644,18,卖盘
2879,14:03:27,7.58,5308,7,卖盘
2880,14:03:33,7.59,2277,3,买盘
2881,14:03:36,7.58,33352,44,卖盘
2882,14:03:39,7.59,759,1,买盘
2883,14:03:42,7.59,1171896,1544,买盘
2884,14:03:45,7.59,58431,77,卖盘
2885,14:03:51,7.6,2280,3,买盘
2886,14:03:54,7.59,24288,32,卖盘
2887,14:03:57,7.6,30400,40,买盘
2888,14:04:00,7.59,25047,33,卖盘
2889,14:04:03,7.59,9870,13,卖盘
2890,14:04:09,7.6,19000,25,买盘
2891,14:04:12,7.59,29601,39,卖盘
2892,14:04:18,7.59,35674,47,卖盘
2893,14:04:27,7.6,760,1,买盘
2894,14:04:30,7.59,37950,50,卖盘
2895,14:04:36,7.6,15940,21,买盘
2896,14:04:39,7.59,113850,150,卖盘
2897,14:04:42,7.6,200640,264,买盘
2898,14:04:57,7.59,1323712,1744,卖盘
2899,14:05:00,7.59,15180,20,卖盘
2900,14:05:03,7.59,3795,5,卖盘
2901,14:05:06,7.6,25819,34,买盘
2902,14:05:09,7.59,7590,10,卖盘
2903,14:05:18,7.6,760,1,买盘
2904,14:05:21,7.59,34155,45,卖盘
2905,14:05:24,7.59,10626,14,卖盘
2906,14:05:27,7.6,147363,194,买盘
2907,14:05:30,7.59,48576,64,卖盘
2908,14:05:33,7.59,6072,8,卖盘
2909,14:05:36,7.59,10626,14,卖盘
2910,14:05:39,7.59,7590,10,卖盘
2911,14:05:42,7.6,760,1,买盘
2912,14:05:45,7.59,46301,61,卖盘
2913,14:05:48,7.6,15200,20,买盘
2914,14:05:51,7.6,760,1,买盘
2915,14:05:54,7.6,8350,11,买盘
2916,14:05:57,7.6,3800,5,买盘
2917,14:06:00,7.59,23558,31,卖盘
2918,14:06:03,7.6,89675,118,买盘
2919,14:06:09,7.6,1520,2,买盘
2920,14:06:12,7.6,4560,6,买盘
2921,14:06:15,7.6,57000,75,买盘
2922,14:06:18,7.6,760,1,买盘
2923,14:06:24,7.59,2277,3,卖盘
2924,14:06:33,7.59,22770,30,卖盘
2925,14:06:42,7.6,50920,67,买盘
2926,14:06:45,7.59,1518,2,卖盘
2927,14:06:48,7.59,7590,10,卖盘
2928,14:06:51,7.59,25047,33,卖盘
2929,14:06:54,7.6,760,1,买盘
2930,14:07:00,7.59,28100,37,卖盘
2931,14:07:09,7.59,3795,5,卖盘
2932,14:07:12,7.59,41745,55,卖盘
2933,14:07:15,7.59,3795,5,卖盘
2934,14:07:21,7.59,22770,30,卖盘
2935,14:07:27,7.6,15200,20,买盘
2936,14:07:30,7.59,327129,431,卖盘
2937,14:07:33,7.59,66033,87,卖盘
2938,14:07:36,7.59,3036,4,卖盘
2939,14:07:39,7.6,760,1,买盘
2940,14:07:42,7.59,6831,9,卖盘
2941,14:07:45,7.6,760,1,买盘
2942,14:07:54,7.6,11400,15,买盘
2943,14:08:00,7.59,50853,67,卖盘
2944,14:08:03,7.6,8350,11,买盘
2945,14:08:06,7.59,282358,372,卖盘
2946,14:08:15,7.59,759,1,卖盘
2947,14:08:18,7.6,2280,3,买盘
2948,14:08:21,7.59,22011,29,卖盘
2949,14:08:24,7.59,25806,34,卖盘
2950,14:08:27,7.59,3036,4,卖盘
2951,14:08:30,7.59,15180,20,卖盘
2952,14:08:33,7.59,7590,10,卖盘
2953,14:08:36,7.59,2277,3,卖盘
2954,14:08:39,7.59,332442,438,卖盘
2955,14:08:42,7.59,10626,14,买盘
2956,14:08:45,7.59,759,1,买盘
2957,14:08:48,7.58,40932,54,卖盘
2958,14:08:51,7.59,39451,52,买盘
2959,14:08:54,7.59,18216,24,买盘
2960,14:08:57,7.58,26532,35,卖盘
2961,14:09:06,7.58,6822,9,卖盘
2962,14:09:09,7.58,34110,45,卖盘
2963,14:09:15,7.58,143262,189,卖盘
2964,14:09:18,7.59,29575,39,买盘
2965,14:09:21,7.58,48512,64,卖盘
2966,14:09:30,7.58,3791,5,卖盘
2967,14:09:33,7.58,6822,9,卖盘
2968,14:09:36,7.59,3795,5,买盘
2969,14:09:39,7.58,4548,6,卖盘
2970,14:09:45,7.58,16684,22,卖盘
2971,14:09:48,7.58,27289,36,卖盘
2972,14:09:51,7.58,6071,8,卖盘
2973,14:09:57,7.58,15160,20,卖盘
2974,14:10:03,7.58,25772,34,卖盘
2975,14:10:06,7.59,759,1,买盘
2976,14:10:09,7.59,759,1,买盘
2977,14:10:21,7.58,3790,5,卖盘
2978,14:10:24,7.59,9108,12,买盘
2979,14:10:27,7.59,1518,2,买盘
2980,14:10:30,7.58,40175,53,卖盘
2981,14:10:33,7.58,7580,10,卖盘
2982,14:10:39,7.59,759,1,买盘
2983,14:10:45,7.58,12133,16,卖盘
2984,14:10:48,7.59,31119,41,买盘
2985,14:11:00,7.59,35673,47,买盘
2986,14:11:03,7.59,189678,250,买盘
2987,14:11:06,7.59,8349,11,买盘
2988,14:11:12,7.59,759,1,买盘
2989,14:11:30,7.58,146294,193,卖盘
2990,14:11:33,7.59,1518,2,买盘
2991,14:11:36,7.58,2274,3,卖盘
2992,14:11:42,7.58,7580,10,卖盘
2993,14:11:45,7.59,15180,20,买盘
2994,14:11:54,7.59,15939,21,买盘
2995,14:11:57,7.59,3036,4,买盘
2996,14:12:03,7.58,57611,76,卖盘
2997,14:12:06,7.58,2274,3,卖盘
2998,14:12:09,7.58,7580,10,卖盘
2999,14:12:15,7.58,7580,10,卖盘
3000,14:12:18,7.58,3790,5,卖盘
3001,14:12:21,7.58,5306,7,卖盘
3002,14:12:24,7.58,7580,10,卖盘
3003,14:12:27,7.59,759,1,买盘
3004,14:12:30,7.59,3036,4,买盘
3005,14:12:33,7.59,759,1,买盘
3006,14:12:36,7.58,95508,126,卖盘
3007,14:12:39,7.58,22740,30,卖盘
3008,14:12:42,7.58,45480,60,卖盘
3009,14:12:45,7.58,3032,4,卖盘
3010,14:12:48,7.59,11385,15,买盘
3011,14:12:51,7.58,758,1,卖盘
3012,14:12:54,7.58,32594,43,卖盘
3013,14:13:00,7.58,21985,29,卖盘
3014,14:13:06,7.58,94770,125,卖盘
3015,14:13:12,7.58,3032,4,卖盘
3016,14:13:15,7.58,87171,115,卖盘
3017,14:13:18,7.58,621560,820,卖盘
3018,14:13:21,7.58,43206,57,买盘
3019,14:13:24,7.58,79590,105,买盘
3020,14:13:27,7.58,172066,227,买盘
3021,14:13:30,7.58,87170,115,卖盘
3022,14:13:33,7.58,4548,6,卖盘
3023,14:13:36,7.58,239528,316,卖盘
3024,14:13:39,7.58,53060,70,卖盘
3025,14:13:48,7.58,29562,39,卖盘
3026,14:14:00,7.58,60640,80,卖盘
3027,14:14:03,7.58,7580,10,卖盘
3028,14:14:06,7.58,6064,8,卖盘
3029,14:14:09,7.58,62914,83,卖盘
3030,14:14:12,7.58,284250,375,买盘
3031,14:14:15,7.58,49270,65,买盘
3032,14:14:18,7.57,3785,5,卖盘
3033,14:14:21,7.58,14390,19,买盘
3034,14:14:24,7.57,6814,9,卖盘
3035,14:14:27,7.58,3790,5,买盘
3036,14:14:30,7.58,6822,9,买盘
3037,14:14:33,7.58,247724,327,买盘
3038,14:14:36,7.58,4548,6,卖盘
3039,14:14:39,7.58,101576,134,卖盘
3040,14:14:42,7.58,5306,7,卖盘
3041,14:14:48,7.58,10612,14,卖盘
3042,14:14:54,7.58,15160,20,卖盘
3043,14:15:00,7.58,3790,5,卖盘
3044,14:15:03,7.59,3036,4,买盘
3045,14:15:06,7.58,9096,12,卖盘
3046,14:15:12,7.59,262269,346,买盘
3047,14:15:15,7.58,12887,17,卖盘
3048,14:15:18,7.59,6831,9,买盘
3049,14:15:21,7.59,5313,7,买盘
3050,14:15:24,7.59,3795,5,买盘
3051,14:15:27,7.59,4554,6,买盘
3052,14:15:30,7.58,56093,74,卖盘
3053,14:15:33,7.59,4554,6,买盘
3054,14:15:36,7.59,6831,9,买盘
3055,14:15:39,7.59,3795,5,买盘
3056,14:15:42,7.58,13657,18,卖盘
3057,14:15:45,7.59,100947,133,买盘
3058,14:15:48,7.59,17457,23,买盘
3059,14:15:54,7.59,19734,26,买盘
3060,14:16:00,7.59,30360,40,买盘
3061,14:16:06,7.59,910361,1201,买盘
3062,14:16:09,7.58,195564,258,卖盘
3063,14:16:15,7.58,5306,7,卖盘
3064,14:16:18,7.59,2277,3,买盘
3065,14:16:21,7.58,65946,87,卖盘
3066,14:16:24,7.58,7580,10,卖盘
3067,14:16:27,7.58,19708,26,卖盘
3068,14:16:30,7.58,21224,28,卖盘
3069,14:16:33,7.58,1040734,1373,卖盘
3070,14:16:36,7.58,7580,10,卖盘
3071,14:16:39,7.58,94777,125,卖盘
3072,14:16:42,7.59,1517,2,买盘
3073,14:16:45,7.58,758,1,卖盘
3074,14:16:54,7.59,15180,20,买盘
3075,14:17:00,7.58,62914,83,卖盘
3076,14:17:06,7.59,759,1,买盘
3077,14:17:21,7.58,18950,25,卖盘
3078,14:17:33,7.58,28046,37,卖盘
3079,14:17:39,7.58,7580,10,卖盘
3080,14:17:42,7.58,15160,20,卖盘
3081,14:17:54,7.59,5313,7,买盘
3082,14:18:15,7.59,7590,10,买盘
3083,14:18:21,7.58,40932,54,卖盘
3084,14:18:24,7.58,24258,32,卖盘
3085,14:18:33,7.59,60650,80,买盘
3086,14:18:57,7.59,1518,2,买盘
3087,14:19:03,7.58,9097,12,卖盘
3088,14:19:09,7.58,3790,5,卖盘
3089,14:19:18,7.58,3790,5,卖盘
3090,14:19:24,7.58,7580,10,卖盘
3091,14:19:36,7.58,3790,5,卖盘
3092,14:19:45,7.58,8338,11,卖盘
3093,14:19:48,7.58,127344,168,卖盘
3094,14:19:54,7.58,3032,4,卖盘
3095,14:19:57,7.58,115974,153,卖盘
3096,14:20:00,7.58,141752,187,卖盘
3097,14:20:03,7.58,2274,3,卖盘
3098,14:20:06,7.58,22740,30,卖盘
3099,14:20:15,7.59,3036,4,买盘
3100,14:20:18,7.59,506346,668,买盘
3101,14:20:21,7.59,3795,5,买盘
3102,14:20:24,7.59,5313,7,买盘
3103,14:20:27,7.59,18216,24,买盘
3104,14:20:30,7.59,92598,122,买盘
3105,14:20:33,7.59,3036,4,买盘
3106,14:20:36,7.58,4553,6,卖盘
3107,14:20:39,7.59,8349,11,买盘
3108,14:20:45,7.58,6064,8,卖盘
3109,14:20:48,7.58,6822,9,卖盘
3110,14:20:54,7.59,1518,2,买盘
3111,14:21:00,7.58,10612,14,卖盘
3112,14:21:06,7.58,12886,17,卖盘
3113,14:21:09,7.58,6064,8,卖盘
3114,14:21:12,7.59,22770,30,买盘
3115,14:21:15,7.59,759,1,买盘
3116,14:21:18,7.58,230432,304,卖盘
3117,14:21:21,7.58,3790,5,卖盘
3118,14:21:24,7.59,84179,111,买盘
3119,14:21:27,7.58,12128,16,卖盘
3120,14:21:30,7.58,50028,66,卖盘
3121,14:21:36,7.59,759,1,买盘
3122,14:21:39,7.58,758,1,卖盘
3123,14:21:51,7.58,22740,30,卖盘
3124,14:21:57,7.58,758,1,卖盘
3125,14:22:00,7.58,18950,25,卖盘
3126,14:22:03,7.59,759,1,买盘
3127,14:22:15,7.59,19734,26,买盘
3128,14:22:18,7.59,44781,59,买盘
3129,14:22:21,7.59,5313,7,买盘
3130,14:22:24,7.59,6072,8,买盘
3131,14:22:30,7.59,759,1,买盘
3132,14:22:33,7.58,10612,14,卖盘
3133,14:22:39,7.58,3032,4,卖盘
3134,14:22:42,7.58,937684,1237,卖盘
3135,14:22:45,7.58,77316,102,卖盘
3136,14:22:51,7.58,7580,10,卖盘
3137,14:23:00,7.59,216865,286,买盘
3138,14:23:03,7.58,4059,5,卖盘
3139,14:23:06,7.59,60656,80,买盘
3140,14:23:09,7.58,40956,54,卖盘
3141,14:23:12,7.6,2349143,3095,买盘
3142,14:23:15,7.6,91081,120,买盘
3143,14:23:18,7.6,151240,199,买盘
3144,14:23:21,7.59,3795,5,卖盘
3145,14:23:27,7.6,19758,26,买盘
3146,14:23:30,7.59,103224,136,卖盘
3147,14:23:33,7.6,6080,8,买盘
3148,14:23:36,7.6,872096,1149,买盘
3149,14:23:39,7.6,104120,137,买盘
3150,14:23:42,7.59,37950,50,卖盘
3151,14:23:45,7.6,3799,5,买盘
3152,14:23:48,7.6,6840,9,买盘
3153,14:23:51,7.59,48600,64,卖盘
3154,14:23:57,7.59,7590,10,卖盘
3155,14:24:03,7.6,22040,29,买盘
3156,14:24:09,7.6,15200,20,买盘
3157,14:24:12,7.6,4560,6,买盘
3158,14:24:18,7.59,53130,70,卖盘
3159,14:24:21,7.6,107160,141,买盘
3160,14:24:24,7.6,7600,10,买盘
3161,14:24:27,7.6,3040,4,买盘
3162,14:24:30,7.6,760,1,买盘
3163,14:24:33,7.6,62320,82,买盘
3164,14:24:36,7.6,595840,784,买盘
3165,14:24:39,7.6,811680,1068,买盘
3166,14:24:42,7.6,63080,83,买盘
3167,14:24:45,7.6,90340,119,买盘
3168,14:24:48,7.6,10640,14,买盘
3169,14:24:51,7.6,10640,14,买盘
3170,14:24:54,7.6,20520,27,买盘
3171,14:24:57,7.6,45600,60,买盘
3172,14:25:00,7.61,1048817,1380,买盘
3173,14:25:03,7.6,27366,36,卖盘
3174,14:25:06,7.6,114000,150,卖盘
3175,14:25:09,7.6,183160,241,买盘
3176,14:25:12,7.61,19025,25,买盘
3177,14:25:15,7.6,13680,18,卖盘
3178,14:25:27,7.61,11405,15,买盘
3179,14:25:30,7.6,12160,16,卖盘
3180,14:25:33,7.6,9120,12,卖盘
3181,14:25:42,7.61,10654,14,买盘
3182,14:25:45,7.6,9889,13,卖盘
3183,14:25:48,7.61,86654,114,买盘
3184,14:25:54,7.61,41074,54,买盘
3185,14:25:57,7.61,15981,21,买盘
3186,14:26:06,7.61,105779,139,买盘
3187,14:26:12,7.61,434530,571,买盘
3188,14:26:15,7.61,2283,3,买盘
3189,14:26:18,7.61,239405,315,买盘
3190,14:26:21,7.61,761,1,买盘
3191,14:26:24,7.61,7610,10,买盘
3192,14:26:30,7.6,760,1,卖盘
3193,14:26:36,7.6,760,1,卖盘
3194,14:26:42,7.6,3040,4,卖盘
3195,14:26:45,7.6,86644,114,卖盘
3196,14:26:48,7.61,3804,5,买盘
3197,14:26:57,7.61,23561,31,买盘
3198,14:27:00,7.6,3040,4,卖盘
3199,14:27:03,7.6,430920,567,卖盘
3200,14:27:06,7.6,463562,610,买盘
3201,14:27:09,7.6,1520,2,卖盘
3202,14:27:21,7.6,21280,28,卖盘
3203,14:27:24,7.61,3805,5,买盘
3204,14:27:27,7.6,7600,10,卖盘
3205,14:27:30,7.61,19786,26,买盘
3206,14:27:33,7.61,15220,20,买盘
3207,14:27:39,7.61,4566,6,买盘
3208,14:27:42,7.6,142144,187,卖盘
3209,14:27:45,7.6,72200,95,卖盘
3210,14:27:48,7.6,39520,52,卖盘
3211,14:27:51,7.6,5320,7,卖盘
3212,14:28:00,7.6,1520,2,卖盘
3213,14:28:03,7.6,174259,229,卖盘
3214,14:28:06,7.6,760,1,卖盘
3215,14:28:12,7.61,6849,9,买盘
3216,14:28:15,7.61,47182,62,买盘
3217,14:28:18,7.61,16722,22,买盘
3218,14:28:24,7.6,28120,37,卖盘
3219,14:28:30,7.61,4566,6,买盘
3220,14:28:33,7.6,114000,150,卖盘
3221,14:28:36,7.61,54031,71,买盘
3222,14:28:42,7.61,49455,65,买盘
3223,14:28:45,7.61,15220,20,买盘
3224,14:28:51,7.6,168165,221,卖盘
3225,14:28:54,7.6,18257,24,卖盘
3226,14:28:57,7.61,3805,5,买盘
3227,14:29:00,7.61,161886,213,买盘
3228,14:29:03,7.61,62402,82,买盘
3229,14:29:06,7.6,57810,76,卖盘
3230,14:29:09,7.61,35004,46,买盘
3231,14:29:12,7.61,5327,7,买盘
3232,14:29:15,7.61,20535,27,买盘
3233,14:29:18,7.61,15220,20,买盘
3234,14:29:21,7.61,163615,215,买盘
3235,14:29:24,7.61,761,1,买盘
3236,14:29:27,7.61,27392,36,买盘
3237,14:29:33,7.61,8367,11,买盘
3238,14:29:36,7.6,47927,63,卖盘
3239,14:29:39,7.61,2283,3,买盘
3240,14:29:45,7.61,74578,98,买盘
3241,14:29:51,7.6,30400,40,卖盘
3242,14:30:00,7.61,2281,3,买盘
3243,14:30:03,7.6,1520,2,卖盘
3244,14:30:06,7.6,2280,3,卖盘
3245,14:30:15,7.61,2283,3,买盘
3246,14:30:18,7.61,66207,87,买盘
3247,14:30:21,7.61,55553,73,买盘
3248,14:30:27,7.61,14459,19,买盘
3249,14:30:30,7.61,52508,69,买盘
3250,14:30:33,7.61,15220,20,买盘
3251,14:30:36,7.61,19025,25,买盘
3252,14:30:39,7.61,3044,4,买盘
3253,14:30:51,7.61,21287,28,买盘
3254,14:30:54,7.61,18248,24,买盘
3255,14:30:57,7.61,761,1,买盘
3256,14:31:03,7.61,761,1,买盘
3257,14:31:06,7.61,19766,26,买盘
3258,14:31:09,7.61,21308,28,买盘
3259,14:31:12,7.6,380760,501,卖盘
3260,14:31:18,7.6,3800,5,卖盘
3261,14:31:21,7.6,90440,119,卖盘
3262,14:31:24,7.6,3040,4,卖盘
3263,14:31:27,7.61,84458,111,买盘
3264,14:31:30,7.6,105741,139,卖盘
3265,14:31:36,7.6,10640,14,卖盘
3266,14:31:39,7.6,9131,12,卖盘
3267,14:31:48,7.6,40280,53,卖盘
3268,14:31:51,7.6,133760,176,卖盘
3269,14:31:54,7.6,2280,3,卖盘
3270,14:31:57,7.6,25840,34,卖盘
3271,14:32:00,7.6,48640,64,卖盘
3272,14:32:03,7.6,71444,94,卖盘
3273,14:32:06,7.61,4566,6,买盘
3274,14:32:09,7.6,17480,23,卖盘
3275,14:32:12,7.6,3800,5,卖盘
3276,14:32:15,7.6,8360,11,卖盘
3277,14:32:18,7.6,25080,33,卖盘
3278,14:32:21,7.6,38000,50,卖盘
3279,14:32:24,7.6,50920,67,卖盘
3280,14:32:27,7.6,14440,19,卖盘
