,成交时间,成交价格,成交金额,成交量,性质
0,09:25:00,7.49,1733186,2314,卖盘
1,09:30:00,7.49,1157107,1544,卖盘
2,09:30:03,7.49,3927692,5241,卖盘
3,09:30:06,7.5,924433,1234,买盘
4,09:30:09,7.5,805736,1074,买盘
5,09:30:12,7.52,94585,126,买盘
6,09:30:15,7.51,12014,16,中性盘
7,09:30:18,7.5,107249,143,卖盘
8,09:30:21,7.49,62249,83,卖盘
9,09:30:24,7.5,116228,155,买盘
10,09:30:27,7.5,3750,5,卖盘
11,09:30:30,7.5,174757,233,卖盘
12,09:30:33,7.5,13497,18,买盘
13,09:30:36,7.5,25498,34,买盘
14,09:30:39,7.5,139478,186,买盘
15,09:30:42,7.5,293158,391,买盘
16,09:30:45,7.5,123000,164,卖盘
17,09:30:48,7.5,53312,71,卖盘
18,09:30:51,7.5,116368,155,卖盘
19,09:30:54,7.51,737400,982,买盘
20,09:30:57,7.52,20302,27,买盘
21,09:31:00,7.52,27045,36,买盘
22,09:31:03,7.52,167682,223,买盘
23,09:31:06,7.52,509074,677,买盘
24,09:31:09,7.52,501827,668,卖盘
25,09:31:12,7.53,12046,16,买盘
26,09:31:15,7.53,128731,171,买盘
27,09:31:18,7.53,36865,49,买盘
28,09:31:21,7.53,361448,480,买盘
29,09:31:24,7.53,314016,417,卖盘
30,09:31:27,7.54,36191,48,买盘
31,09:31:30,7.53,25614,34,卖盘
32,09:31:33,7.54,27144,36,买盘
33,09:31:36,7.53,60241,80,卖盘
34,09:31:39,7.53,103171,137,卖盘
35,09:31:42,7.54,207855,276,买盘
36,09:31:45,7.52,176934,235,卖盘
37,09:31:48,7.53,636282,845,买盘
38,09:31:51,7.53,537645,714,卖盘
39,09:31:54,7.55,1830513,2428,买盘
40,09:31:57,7.57,1820436,2410,买盘
41,09:32:00,7.56,115024,152,卖盘
42,09:32:03,7.57,108936,144,买盘
43,09:32:06,7.57,424635,561,买盘
44,09:32:09,7.58,582879,769,买盘
45,09:32:12,7.57,111339,147,卖盘
46,09:32:15,7.57,195338,258,卖盘
47,09:32:18,7.58,5306,7,买盘
48,09:32:21,7.58,205186,271,买盘
49,09:32:24,7.57,438363,579,卖盘
50,09:32:27,7.57,712714,942,买盘
51,09:32:30,7.57,100656,133,买盘
52,09:32:33,7.59,1952729,2575,买盘
53,09:32:36,7.59,749746,988,卖盘
54,09:32:39,7.6,129083,170,买盘
55,09:32:42,7.6,595650,784,买盘
56,09:32:45,7.6,331310,436,买盘
57,09:32:48,7.59,401853,529,卖盘
58,09:32:51,7.58,217115,286,卖盘
59,09:32:54,7.59,86426,114,买盘
60,09:32:57,7.58,247108,326,卖盘
61,09:33:00,7.58,97782,129,买盘
62,09:33:03,7.59,1175926,1553,买盘
63,09:33:06,7.58,66753,88,卖盘
64,09:33:09,7.59,60682,80,买盘
65,09:33:12,7.58,599534,790,卖盘
66,09:33:15,7.58,315975,417,卖盘
67,09:33:18,7.58,185675,245,买盘
68,09:33:21,7.56,71111,94,卖盘
69,09:33:24,7.57,78681,104,买盘
70,09:33:27,7.56,244299,323,卖盘
71,09:33:30,7.56,9828,13,买盘
72,09:33:33,7.56,265026,351,买盘
73,09:33:36,7.56,72502,96,买盘
74,09:33:39,7.55,446470,591,卖盘
75,09:33:42,7.55,323595,428,买盘
76,09:33:45,7.55,199344,264,卖盘
77,09:33:48,7.56,44652,59,中性盘
78,09:33:51,7.55,93670,124,卖盘
79,09:33:54,7.56,43066,57,买盘
80,09:33:57,7.56,21918,29,买盘
81,09:34:00,7.55,184373,244,卖盘
82,09:34:03,7.55,482190,638,卖盘
83,09:34:06,7.55,46055,61,卖盘
84,09:34:09,7.56,198606,263,买盘
85,09:34:12,7.56,128518,170,买盘
86,09:34:15,7.56,90695,120,买盘
87,09:34:18,7.55,277449,367,卖盘
88,09:34:21,7.55,48320,64,卖盘
89,09:34:24,7.56,135317,179,买盘
90,09:34:27,7.56,361647,479,买盘
91,09:34:30,7.57,712044,942,买盘
92,09:34:33,7.55,992602,1313,卖盘
93,09:34:36,7.56,55944,74,买盘
94,09:34:39,7.55,108744,144,卖盘
95,09:34:42,7.55,77050,102,卖盘
96,09:34:45,7.56,34758,46,买盘
97,09:34:48,7.56,72545,96,买盘
98,09:34:54,7.56,489861,648,买盘
99,09:34:57,7.56,45360,60,卖盘
100,09:35:00,7.58,408777,540,买盘
101,09:35:03,7.57,98449,130,卖盘
102,09:35:06,7.58,648736,856,买盘
103,09:35:09,7.58,243094,321,买盘
104,09:35:12,7.58,10611,14,买盘
105,09:35:15,7.57,21966,29,卖盘
106,09:35:18,7.58,106876,141,买盘
107,09:35:21,7.56,98409,130,卖盘
108,09:35:24,7.57,63600,84,买盘
109,09:35:27,7.57,96948,128,买盘
110,09:35:30,7.57,143072,189,买盘
111,09:35:33,7.56,23456,31,卖盘
112,09:35:36,7.56,119579,158,卖盘
113,09:35:39,7.57,77172,102,买盘
114,09:35:42,7.57,9841,13,买盘
115,09:35:45,7.56,27239,36,卖盘
116,09:35:48,7.56,258116,341,卖盘
117,09:35:51,7.57,87698,116,买盘
118,09:35:54,7.57,252836,334,买盘
119,09:35:57,7.56,90784,120,卖盘
120,09:36:00,7.56,236632,313,卖盘
121,09:36:03,7.56,25704,34,卖盘
122,09:36:06,7.56,14364,19,卖盘
123,09:36:09,7.57,333837,441,买盘
124,09:36:12,7.57,113421,150,买盘
125,09:36:15,7.56,51472,68,卖盘
126,09:36:18,7.57,123368,163,买盘
127,09:36:21,7.56,158874,210,卖盘
128,09:36:24,7.58,21978,29,买盘
129,09:36:27,7.58,1115554,1472,买盘
130,09:36:30,7.58,13638,18,买盘
131,09:36:33,7.57,24981,33,卖盘
132,09:36:36,7.58,65188,86,买盘
133,09:36:39,7.58,21224,28,买盘
134,09:36:42,7.57,2271,3,卖盘
135,09:36:45,7.58,150839,199,买盘
136,09:36:48,7.58,112942,149,买盘
137,09:36:51,7.57,84127,111,卖盘
138,09:36:54,7.58,29546,39,买盘
139,09:36:57,7.57,204397,270,卖盘
140,09:37:00,7.57,90859,120,中性盘
141,09:37:03,7.57,215053,284,买盘
142,09:37:06,7.57,63588,84,买盘
143,09:37:09,7.56,862712,1141,卖盘
144,09:37:12,7.56,3780,5,买盘
145,09:37:15,7.56,756,1,买盘
146,09:37:18,7.55,19653,26,卖盘
147,09:37:21,7.55,18895,25,卖盘
148,09:37:24,7.56,63504,84,买盘
149,09:37:27,7.55,34731,46,卖盘
150,09:37:30,7.56,756,1,买盘
151,09:37:33,7.56,17388,23,买盘
152,09:37:36,7.56,670445,888,买盘
153,09:37:39,7.56,112629,149,买盘
154,09:37:42,7.56,83062,110,买盘
155,09:37:45,7.56,21914,29,买盘
156,09:37:48,7.56,145002,192,买盘
157,09:37:51,7.56,756,1,买盘
158,09:37:54,7.56,33240,44,买盘
159,09:37:57,7.55,68019,90,卖盘
160,09:38:00,7.56,15856,21,买盘
161,09:38:03,7.55,8305,11,卖盘
162,09:38:06,7.55,36995,49,卖盘
163,09:38:09,7.56,74052,98,买盘
164,09:38:12,7.55,922712,1222,卖盘
165,09:38:15,7.55,120054,159,卖盘
166,09:38:18,7.55,24160,32,卖盘
167,09:38:21,7.55,21153,28,卖盘
168,09:38:24,7.56,6804,9,买盘
169,09:38:27,7.55,80030,106,卖盘
170,09:38:30,7.55,64175,85,卖盘
171,09:38:33,7.55,31712,42,卖盘
172,09:38:36,7.55,98267,130,卖盘
173,09:38:39,7.56,9072,12,买盘
174,09:38:42,7.56,138318,183,买盘
175,09:38:45,7.56,6804,9,买盘
176,09:38:48,7.56,114156,151,买盘
177,09:38:51,7.55,57416,76,卖盘
178,09:38:54,7.56,6804,9,买盘
179,09:38:57,7.56,324305,429,买盘
180,09:39:00,7.56,113269,150,买盘
181,09:39:03,7.56,543549,719,买盘
182,09:39:06,7.55,110362,146,卖盘
183,09:39:09,7.56,307723,407,中性盘
184,09:39:12,7.55,46877,62,卖盘
185,09:39:15,7.58,404236,534,买盘
186,09:39:18,7.57,78735,104,卖盘
187,09:39:21,7.58,5305,7,买盘
188,09:39:24,7.58,127252,168,买盘
189,09:39:27,7.58,1500100,1980,买盘
190,09:39:30,7.59,52368,69,买盘
191,09:39:33,7.59,72105,95,买盘
192,09:39:36,7.59,41695,55,买盘
193,09:39:39,7.59,286806,378,买盘
194,09:39:45,7.59,72105,95,买盘
195,09:39:48,7.59,249697,329,买盘
196,09:39:51,7.58,514716,679,卖盘
197,09:39:54,7.58,91718,121,买盘
198,09:39:57,7.57,109871,145,卖盘
199,09:40:00,7.58,95448,126,买盘
200,09:40:03,7.58,64430,85,买盘
201,09:40:06,7.58,155221,205,买盘
202,09:40:09,7.58,158422,209,买盘
203,09:40:12,7.58,71987,95,买盘
204,09:40:15,7.58,508725,671,买盘
205,09:40:18,7.59,189521,250,买盘
206,09:40:21,7.59,90998,120,买盘
207,09:40:24,7.59,1051449,1387,买盘
208,09:40:27,7.59,139599,184,买盘
209,09:40:30,7.59,96393,127,买盘
210,09:40:33,7.59,1571130,2070,买盘
211,09:40:36,7.6,274139,361,买盘
212,09:40:39,7.59,91146,120,卖盘
213,09:40:42,7.6,111696,147,买盘
214,09:40:45,7.6,247710,326,买盘
215,09:40:48,7.6,303990,400,买盘
216,09:40:51,7.6,953800,1255,买盘
217,09:40:54,7.6,706034,929,买盘
218,09:40:57,7.6,809453,1065,买盘
219,09:41:00,7.61,83674,110,买盘
220,09:41:03,7.6,840665,1106,卖盘
221,09:41:06,7.6,195414,257,买盘
222,09:41:09,7.6,98087,129,卖盘
223,09:41:12,7.61,1409897,1853,买盘
224,09:41:15,7.6,324603,427,中性盘
225,09:41:18,7.6,36480,48,买盘
226,09:41:21,7.6,823800,1084,买盘
227,09:41:24,7.6,275107,362,买盘
228,09:41:27,7.59,109430,144,卖盘
229,09:41:30,7.6,25840,34,买盘
230,09:41:33,7.6,111708,147,买盘
231,09:41:36,7.6,205901,271,买盘
232,09:41:39,7.6,81320,107,买盘
233,09:41:42,7.59,81256,107,卖盘
234,09:41:45,7.6,20516,27,买盘
235,09:41:48,7.6,92678,122,买盘
236,09:41:51,7.59,139821,184,卖盘
237,09:41:54,7.59,31119,41,卖盘
238,09:41:57,7.59,280831,370,卖盘
239,09:42:00,7.59,52406,69,卖盘
240,09:42:03,7.59,154077,203,卖盘
241,09:42:06,7.59,307454,405,卖盘
242,09:42:09,7.59,6833,9,卖盘
243,09:42:12,7.58,72017,95,卖盘
244,09:42:15,7.59,22770,30,买盘
245,09:42:18,7.59,16678,22,买盘
246,09:42:21,7.59,75048,99,买盘
247,09:42:24,7.59,75900,100,买盘
248,09:42:27,7.59,6072,8,买盘
249,09:42:30,7.59,149523,197,买盘
250,09:42:33,7.59,49335,65,买盘
251,09:42:36,7.58,18962,25,卖盘
252,09:42:39,7.59,163758,216,买盘
253,09:42:45,7.58,15170,20,卖盘
254,09:42:48,7.59,28805,38,买盘
255,09:42:51,7.59,7582,10,买盘
256,09:42:54,7.58,5306,7,卖盘
257,09:42:57,7.59,59945,79,买盘
258,09:43:00,7.59,58441,77,买盘
259,09:43:03,7.58,117560,155,卖盘
260,09:43:06,7.59,41708,55,买盘
261,09:43:09,7.59,175288,231,买盘
262,09:43:12,7.58,106888,141,卖盘
263,09:43:15,7.59,325591,429,买盘
264,09:43:18,7.59,13662,18,买盘
265,09:43:21,7.6,1403496,1849,买盘
266,09:43:24,7.59,63068,83,卖盘
267,09:43:27,7.6,74437,98,买盘
268,09:43:30,7.59,514679,678,卖盘
269,09:43:33,7.59,41747,55,卖盘
270,09:43:36,7.6,378341,499,买盘
271,09:43:39,7.59,42543,56,卖盘
272,09:43:42,7.6,48620,64,买盘
273,09:43:45,7.6,31160,41,买盘
274,09:43:48,7.6,19000,25,买盘
275,09:43:51,7.59,27340,36,卖盘
276,09:43:54,7.6,6840,9,买盘
277,09:43:57,7.6,9880,13,买盘
278,09:44:00,7.6,22033,29,买盘
279,09:44:03,7.6,133000,175,买盘
280,09:44:06,7.6,167200,220,买盘
281,09:44:09,7.6,687040,904,买盘
282,09:44:12,7.59,405074,533,卖盘
283,09:44:15,7.6,170943,225,卖盘
284,09:44:18,7.6,31135,41,买盘
285,09:44:21,7.6,319200,420,买盘
286,09:44:24,7.59,16717,22,卖盘
287,09:44:27,7.6,898318,1182,买盘
288,09:44:30,7.6,11400,15,卖盘
289,09:44:33,7.59,107162,141,卖盘
290,09:44:36,7.61,59347,78,买盘
291,09:44:39,7.61,240387,316,买盘
292,09:44:42,7.61,54721,72,买盘
293,09:44:45,7.61,59332,78,买盘
294,09:44:48,7.61,354536,466,买盘
295,09:44:51,7.62,1225499,1611,买盘
296,09:44:54,7.62,252694,332,买盘
297,09:44:57,7.62,475972,625,买盘
298,09:45:00,7.61,69291,91,卖盘
299,09:45:03,7.62,310791,408,买盘
300,09:45:06,7.61,92842,122,卖盘
301,09:45:09,7.61,28936,38,卖盘
302,09:45:12,7.61,162165,213,卖盘
303,09:45:15,7.61,10654,14,卖盘
304,09:45:18,7.62,222490,292,买盘
305,09:45:21,7.61,195607,257,卖盘
306,09:45:24,7.61,213920,281,买盘
307,09:45:27,7.61,164346,216,买盘
308,09:45:30,7.61,19025,25,买盘
309,09:45:33,7.61,77591,102,买盘
310,09:45:36,7.61,84368,111,买盘
311,09:45:39,7.61,167400,220,买盘
312,09:45:42,7.61,80608,106,买盘
313,09:45:45,7.61,12937,17,买盘
314,09:45:48,7.61,180257,237,买盘
315,09:45:51,7.61,66196,87,买盘
316,09:45:54,7.6,8360,11,卖盘
317,09:45:57,7.6,647606,851,卖盘
318,09:46:00,7.61,23590,31,买盘
319,09:46:03,7.6,31960,42,卖盘
320,09:46:06,7.61,52490,69,买盘
321,09:46:09,7.6,121660,160,卖盘
322,09:46:12,7.61,269065,354,买盘
323,09:46:15,7.6,87410,115,卖盘
324,09:46:18,7.6,902415,1187,卖盘
325,09:46:21,7.59,51643,68,卖盘
326,09:46:24,7.59,43280,57,卖盘
327,09:46:27,7.59,202110,266,卖盘
328,09:46:30,7.6,507670,668,买盘
329,09:46:33,7.6,34960,46,卖盘
330,09:46:36,7.6,72207,95,卖盘
331,09:46:39,7.61,137644,181,买盘
332,09:46:42,7.6,45600,60,卖盘
333,09:46:45,7.6,213808,281,卖盘
334,09:46:48,7.61,228799,301,买盘
335,09:46:51,7.61,66163,87,买盘
336,09:46:54,7.6,107183,141,卖盘
337,09:46:57,7.6,42567,56,卖盘
338,09:47:00,7.6,2280,3,卖盘
339,09:47:03,7.61,1308107,1719,买盘
340,09:47:06,7.6,359828,473,卖盘
341,09:47:09,7.61,44138,58,买盘
342,09:47:12,7.61,128576,169,买盘
343,09:47:15,7.61,206031,271,买盘
344,09:47:18,7.61,117098,154,买盘
345,09:47:21,7.61,73817,97,买盘
346,09:47:24,7.61,88276,116,买盘
347,09:47:27,7.62,404890,532,买盘
348,09:47:30,7.61,1522,2,卖盘
349,09:47:33,7.61,140198,184,卖盘
350,09:47:36,7.62,6090,8,买盘
351,09:47:39,7.61,124145,163,卖盘
352,09:47:42,7.61,92909,122,卖盘
353,09:47:45,7.61,38813,51,卖盘
354,09:47:48,7.61,19796,26,卖盘
355,09:47:51,7.62,46474,61,买盘
356,09:47:54,7.62,675002,886,买盘
357,09:47:57,7.62,182811,240,买盘
358,09:48:00,7.62,380706,500,买盘
359,09:48:03,7.62,293170,385,买盘
360,09:48:06,7.62,48006,63,买盘
361,09:48:09,7.61,251452,330,卖盘
362,09:48:12,7.61,412005,541,卖盘
363,09:48:15,7.61,54814,72,卖盘
364,09:48:18,7.61,295403,388,卖盘
365,09:48:21,7.62,40359,53,买盘
366,09:48:24,7.61,59368,78,卖盘
367,09:48:27,7.61,36532,48,卖盘
368,09:48:30,7.61,206499,271,卖盘
369,09:48:33,7.61,43389,57,卖盘
370,09:48:36,7.61,376698,495,卖盘
371,09:48:39,7.61,55553,73,卖盘
372,09:48:42,7.61,141546,186,卖盘
373,09:48:45,7.61,202426,266,买盘
374,09:48:48,7.61,23594,31,买盘
375,09:48:51,7.61,52509,69,卖盘
376,09:48:54,7.62,90578,119,买盘
377,09:48:57,7.61,168181,221,卖盘
378,09:49:00,7.61,89037,117,卖盘
379,09:49:03,7.61,293077,385,买盘
380,09:49:06,7.61,25863,34,中性盘
381,09:49:09,7.6,217515,286,卖盘
382,09:49:12,7.61,161332,212,买盘
383,09:49:15,7.61,95886,126,买盘
384,09:49:18,7.6,108032,142,卖盘
385,09:49:21,7.61,206926,272,买盘
386,09:49:24,7.6,295992,389,卖盘
387,09:49:27,7.61,38811,51,买盘
388,09:49:30,7.61,44086,58,买盘
389,09:49:33,7.6,482389,634,卖盘
390,09:49:36,7.61,157500,207,买盘
391,09:49:39,7.61,489999,644,买盘
392,09:49:42,7.6,6081,8,卖盘
393,09:49:45,7.61,313532,412,买盘
394,09:49:48,7.61,15220,20,买盘
395,09:49:51,7.61,22044,29,买盘
396,09:49:54,7.6,5320,7,卖盘
397,09:49:57,7.61,545637,717,买盘
398,09:50:00,7.61,28918,38,买盘
399,09:50:03,7.6,12173,16,卖盘
400,09:50:06,7.6,90515,119,卖盘
401,09:50:09,7.61,697765,917,买盘
402,09:50:12,7.61,191804,252,买盘
403,09:50:15,7.62,117970,155,买盘
404,09:50:18,7.61,9134,12,卖盘
405,09:50:21,7.62,4201756,5514,买盘
406,09:50:24,7.62,597504,784,卖盘
407,09:50:27,7.63,256994,337,买盘
408,09:50:30,7.63,129710,170,买盘
409,09:50:33,7.63,130463,171,买盘
410,09:50:36,7.63,292669,384,买盘
411,09:50:42,7.63,44210,58,买盘
412,09:50:45,7.62,68597,90,卖盘
413,09:50:48,7.62,28225,37,卖盘
414,09:50:51,7.62,40402,53,中性盘
415,09:50:54,7.63,376677,494,买盘
416,09:50:57,7.62,116734,153,卖盘
417,09:51:00,7.62,113680,149,卖盘
418,09:51:03,7.63,237272,311,买盘
419,09:51:06,7.63,2108494,2767,买盘
420,09:51:09,7.62,25914,34,中性盘
421,09:51:12,7.62,86891,114,买盘
422,09:51:15,7.62,109745,144,买盘
423,09:51:18,7.62,27432,36,卖盘
424,09:51:21,7.62,45006,59,卖盘
425,09:51:24,7.62,475574,624,卖盘
426,09:51:27,7.62,139506,183,卖盘
427,09:51:30,7.63,207486,272,买盘
428,09:51:33,7.62,609669,800,卖盘
429,09:51:36,7.62,166101,218,买盘
430,09:51:39,7.63,70114,92,买盘
431,09:51:42,7.62,216376,284,中性盘
432,09:51:45,7.62,121958,160,买盘
433,09:51:48,7.61,89821,118,卖盘
434,09:51:51,7.61,64766,85,卖盘
435,09:51:54,7.61,173735,228,卖盘
436,09:51:57,7.62,35814,47,买盘
437,09:52:00,7.62,78387,103,买盘
438,09:52:03,7.62,12192,16,买盘
439,09:52:06,7.62,67035,88,买盘
440,09:52:09,7.62,23620,31,买盘
441,09:52:12,7.61,71546,94,卖盘
442,09:52:15,7.61,143862,189,卖盘
443,09:52:18,7.61,1430010,1879,卖盘
444,09:52:21,7.61,50972,67,买盘
445,09:52:24,7.61,9893,13,买盘
446,09:52:27,7.61,28152,37,买盘
447,09:52:30,7.6,22805,30,卖盘
448,09:52:33,7.61,60880,80,买盘
449,09:52:36,7.6,15201,20,卖盘
450,09:52:39,7.6,20520,27,卖盘
451,09:52:42,7.61,247914,326,买盘
452,09:52:45,7.61,6848,9,买盘
453,09:52:48,7.6,273658,360,卖盘
454,09:52:51,7.6,44854,59,卖盘
455,09:52:54,7.6,12160,16,卖盘
456,09:52:57,7.6,387600,510,卖盘
457,09:53:00,7.6,11400,15,卖盘
458,09:53:03,7.61,1537510,2020,买盘
459,09:53:06,7.61,1670782,2198,卖盘
460,09:53:09,7.61,140770,185,卖盘
461,09:53:12,7.61,337123,443,卖盘
462,09:53:15,7.61,21308,28,买盘
463,09:53:18,7.61,117955,155,卖盘
464,09:53:21,7.61,153816,202,卖盘
465,09:53:24,7.61,146891,193,卖盘
466,09:53:27,7.61,27396,36,卖盘
467,09:53:30,7.61,50253,66,卖盘
468,09:53:33,7.62,26643,35,买盘
469,09:53:36,7.62,121028,159,买盘
470,09:53:39,7.62,35809,47,买盘
471,09:53:42,7.62,106680,140,买盘
472,09:53:45,7.62,722969,949,买盘
473,09:53:48,7.61,180510,237,卖盘
474,09:53:51,7.62,5334,7,买盘
475,09:53:54,7.62,74666,98,买盘
476,09:53:57,7.61,15983,21,卖盘
477,09:54:00,7.61,2744318,3606,卖盘
478,09:54:03,7.62,1673352,2196,买盘
479,09:54:06,7.61,163273,214,卖盘
480,09:54:09,7.63,84637,111,买盘
481,09:54:12,7.61,21334,28,卖盘
482,09:54:15,7.61,59402,78,卖盘
483,09:54:18,7.63,115106,151,买盘
484,09:54:21,7.63,316989,416,买盘
485,09:54:24,7.63,9147,12,买盘
486,09:54:27,7.63,177712,233,买盘
487,09:54:30,7.63,36620,48,买盘
488,09:54:33,7.63,453985,595,买盘
489,09:54:36,7.62,62560,82,卖盘
490,09:54:39,7.63,22884,30,买盘
491,09:54:42,7.63,6104,8,买盘
492,09:54:45,7.63,645498,846,买盘
493,09:54:48,7.63,186935,245,买盘
494,09:54:51,7.63,16786,22,买盘
495,09:54:54,7.63,748427,981,买盘
496,09:54:57,7.63,639932,839,买盘
497,09:55:00,7.63,3052,4,买盘
498,09:55:03,7.63,2266858,2971,买盘
499,09:55:06,7.62,352926,463,卖盘
500,09:55:09,7.64,499959,655,买盘
501,09:55:12,7.63,19075,25,卖盘
502,09:55:15,7.64,67191,88,买盘
503,09:55:18,7.63,35891,47,卖盘
504,09:55:21,7.64,95495,125,买盘
505,09:55:24,7.64,204557,268,买盘
506,09:55:27,7.63,87829,115,卖盘
507,09:55:30,7.63,236018,309,卖盘
508,09:55:33,7.63,7636,10,卖盘
509,09:55:36,7.64,78672,103,买盘
510,09:55:39,7.64,22154,29,买盘
511,09:55:42,7.63,320077,419,卖盘
512,09:55:45,7.63,159597,209,卖盘
513,09:55:48,7.64,77928,102,买盘
514,09:55:51,7.64,37426,49,买盘
515,09:55:54,7.64,110742,145,买盘
516,09:55:57,7.64,2292,3,买盘
517,09:56:00,7.63,2256291,2957,卖盘
518,09:56:03,7.63,160230,210,买盘
519,09:56:06,7.62,154738,203,卖盘
520,09:56:09,7.62,1440423,1890,卖盘
521,09:56:12,7.62,12192,16,买盘
522,09:56:15,7.62,17526,23,买盘
523,09:56:18,7.62,53339,70,买盘
524,09:56:21,7.63,57150,75,买盘
525,09:56:24,7.62,105156,138,买盘
526,09:56:27,7.62,146304,192,卖盘
527,09:56:30,7.62,110490,145,卖盘
528,09:56:33,7.63,86191,113,买盘
529,09:56:36,7.62,12954,17,卖盘
530,09:56:39,7.63,488444,641,买盘
531,09:56:42,7.63,180581,237,买盘
532,09:56:45,7.61,304631,400,卖盘
533,09:56:48,7.61,32723,43,卖盘
534,09:56:51,7.62,79248,104,买盘
535,09:56:54,7.61,96749,127,卖盘
536,09:56:57,7.62,401819,528,买盘
537,09:57:00,7.62,32724,43,买盘
538,09:57:03,7.62,33526,44,买盘
539,09:57:06,7.62,115795,152,买盘
540,09:57:12,7.61,38097,50,卖盘
541,09:57:15,7.61,44899,59,卖盘
542,09:57:18,7.62,168397,221,买盘
543,09:57:21,7.62,4572,6,买盘
544,09:57:24,7.61,66207,87,卖盘
545,09:57:27,7.61,36528,48,卖盘
546,09:57:30,7.61,20547,27,卖盘
547,09:57:33,7.61,20547,27,卖盘
548,09:57:36,7.61,119489,157,卖盘
549,09:57:39,7.61,54031,71,卖盘
550,09:57:42,7.61,38050,50,卖盘
551,09:57:45,7.61,48704,64,卖盘
552,09:57:48,7.62,15240,20,买盘
553,09:57:51,7.61,76100,100,卖盘
554,09:57:54,7.61,8371,11,卖盘
555,09:57:57,7.62,72343,95,买盘
556,09:58:03,7.62,9906,13,买盘
557,09:58:06,7.61,9132,12,卖盘
558,09:58:09,7.62,7618,10,买盘
559,09:58:12,7.61,33484,44,卖盘
560,09:58:15,7.62,762,1,买盘
561,09:58:18,7.61,4571,6,卖盘
562,09:58:21,7.62,47954,63,买盘
563,09:58:24,7.62,12944,17,买盘
564,09:58:27,7.61,19035,25,卖盘
565,09:58:30,7.62,6856,9,买盘
566,09:58:33,7.61,73827,97,卖盘
567,09:58:36,7.61,556239,730,卖盘
568,09:58:39,7.61,396507,521,卖盘
569,09:58:42,7.62,358538,471,买盘
570,09:58:45,7.61,24357,32,卖盘
571,09:58:48,7.61,6088,8,卖盘
572,09:58:51,7.61,67755,89,卖盘
573,09:58:54,7.61,9137,12,卖盘
574,09:58:57,7.62,29686,39,买盘
575,09:59:00,7.62,41896,55,买盘
576,09:59:03,7.62,58648,77,买盘
577,09:59:06,7.62,96012,126,买盘
578,09:59:09,7.62,42667,56,买盘
579,09:59:12,7.62,25146,33,买盘
580,09:59:15,7.61,1325662,1742,卖盘
581,09:59:18,7.61,509870,670,买盘
582,09:59:21,7.61,28918,38,卖盘
583,09:59:24,7.61,266571,350,买盘
584,09:59:27,7.61,78397,103,卖盘
585,09:59:30,7.61,46431,61,卖盘
586,09:59:33,7.61,81488,107,卖盘
587,09:59:36,7.61,91338,120,卖盘
588,09:59:39,7.61,98709,130,卖盘
589,09:59:42,7.6,20526,27,卖盘
590,09:59:45,7.6,14440,19,卖盘
591,09:59:48,7.6,57770,76,卖盘
592,09:59:51,7.61,3044,4,买盘
593,09:59:54,7.6,405080,533,卖盘
594,09:59:57,7.6,171760,226,卖盘
595,10:00:00,7.6,343958,452,卖盘
596,10:00:03,7.6,231923,305,卖盘
597,10:00:06,7.6,57760,76,卖盘
598,10:00:09,7.6,88160,116,卖盘
599,10:00:12,7.6,171760,226,卖盘
600,10:00:15,7.6,92720,122,卖盘
601,10:00:18,7.6,818520,1077,卖盘
602,10:00:21,7.6,38760,51,买盘
603,10:00:24,7.6,1989760,2615,买盘
604,10:00:27,7.6,24320,32,卖盘
605,10:00:30,7.6,48644,64,卖盘
606,10:00:33,7.61,109485,144,买盘
607,10:00:36,7.6,60800,80,卖盘
608,10:00:39,7.61,17501,23,买盘
609,10:00:42,7.6,56240,74,卖盘
610,10:00:45,7.6,9128,12,卖盘
611,10:00:48,7.6,760,1,卖盘
612,10:00:51,7.6,41800,55,卖盘
613,10:00:54,7.6,1520,2,卖盘
614,10:00:57,7.61,25841,34,买盘
615,10:01:00,7.6,49400,65,卖盘
616,10:01:03,7.6,47127,62,卖盘
617,10:01:06,7.6,82840,109,卖盘
618,10:01:09,7.6,25108,33,卖盘
619,10:01:12,7.61,232105,305,买盘
620,10:01:15,7.6,34242,45,卖盘
621,10:01:18,7.61,28155,37,买盘
622,10:01:21,7.61,188519,248,买盘
623,10:01:24,7.62,788619,1036,买盘
624,10:01:27,7.62,20556,27,买盘
625,10:01:30,7.62,6096,8,买盘
626,10:01:33,7.62,12947,17,买盘
627,10:01:36,7.61,38050,50,卖盘
628,10:01:39,7.62,51801,68,买盘
629,10:01:42,7.61,2283,3,卖盘
630,10:01:45,7.62,190446,250,买盘
631,10:01:48,7.61,87515,115,卖盘
632,10:01:51,7.61,179677,236,卖盘
633,10:01:54,7.61,113389,149,卖盘
634,10:01:57,7.61,394198,518,卖盘
635,10:02:00,7.61,569206,748,卖盘
636,10:02:03,7.61,28157,37,买盘
637,10:02:12,7.61,117194,154,买盘
638,10:02:18,7.6,53200,70,卖盘
639,10:02:21,7.61,9131,12,买盘
640,10:02:27,7.6,3800,5,卖盘
641,10:02:30,7.61,11402,15,买盘
642,10:02:33,7.6,53960,71,卖盘
643,10:02:36,7.6,13680,18,卖盘
644,10:02:42,7.6,4560,6,卖盘
645,10:02:45,7.6,238894,314,卖盘
646,10:02:48,7.6,26600,35,卖盘
647,10:02:51,7.61,1522,2,买盘
648,10:02:54,7.6,29640,39,卖盘
649,10:02:57,7.61,22830,30,买盘
650,10:03:00,7.6,10644,14,卖盘
651,10:03:03,7.61,22069,29,买盘
652,10:03:06,7.61,68470,90,买盘
653,10:03:09,7.6,19770,26,卖盘
654,10:03:12,7.61,7610,10,买盘
655,10:03:15,7.61,91320,120,买盘
656,10:03:18,7.61,38050,50,买盘
657,10:03:21,7.61,17503,23,买盘
658,10:03:24,7.6,760,1,卖盘
659,10:03:27,7.6,52445,69,卖盘
660,10:03:30,7.61,44138,58,买盘
661,10:03:33,7.6,28125,37,卖盘
662,10:03:36,7.6,28137,37,卖盘
663,10:03:39,7.6,20520,27,卖盘
664,10:03:42,7.6,21287,28,卖盘
665,10:03:45,7.61,17503,23,买盘
666,10:03:48,7.6,31200,41,卖盘
667,10:03:54,7.61,19025,25,买盘
668,10:03:57,7.6,13688,18,卖盘
669,10:04:00,7.61,20540,27,买盘
670,10:04:03,7.61,83707,110,买盘
671,10:04:06,7.61,81404,107,买盘
672,10:04:09,7.61,118710,156,买盘
673,10:04:12,7.61,50987,67,买盘
674,10:04:15,7.6,11411,15,卖盘
675,10:04:18,7.61,11415,15,买盘
676,10:04:21,7.6,34960,46,卖盘
677,10:04:24,7.61,38050,50,买盘
678,10:04:27,7.61,3805,5,买盘
679,10:04:33,7.6,34203,45,卖盘
680,10:04:36,7.61,38050,50,买盘
681,10:04:39,7.6,30420,40,卖盘
682,10:04:42,7.61,7610,10,买盘
683,10:04:45,7.61,130842,172,买盘
684,10:04:48,7.61,7610,10,买盘
685,10:04:51,7.6,256444,337,卖盘
686,10:04:54,7.61,16742,22,买盘
687,10:04:57,7.6,38761,51,卖盘
688,10:05:00,7.61,111867,147,买盘
689,10:05:03,7.61,290702,382,买盘
690,10:05:06,7.61,34239,45,买盘
691,10:05:09,7.61,20527,27,买盘
692,10:05:12,7.61,23591,31,买盘
693,10:05:15,7.61,43357,57,买盘
694,10:05:18,7.61,31200,41,买盘
695,10:05:21,7.61,15220,20,买盘
696,10:05:24,7.6,7600,10,卖盘
697,10:05:27,7.61,47937,63,买盘
698,10:05:30,7.61,9132,12,买盘
699,10:05:33,7.61,9130,12,买盘
700,10:05:36,7.61,655960,862,买盘
701,10:05:39,7.61,13698,18,买盘
702,10:05:42,7.61,140785,185,买盘
703,10:05:45,7.61,27396,36,买盘
704,10:05:48,7.61,3044,4,买盘
705,10:05:51,7.61,54001,71,买盘
706,10:05:54,7.61,60880,80,买盘
707,10:05:57,7.61,6088,8,买盘
708,10:06:00,7.61,13698,18,买盘
709,10:06:03,7.61,35730,47,买盘
710,10:06:06,7.61,85232,112,买盘
711,10:06:09,7.61,9893,13,买盘
712,10:06:12,7.6,38030,50,卖盘
713,10:06:15,7.6,9881,13,卖盘
714,10:06:18,7.61,10654,14,买盘
715,10:06:21,7.61,22045,29,买盘
716,10:06:24,7.61,49465,65,买盘
717,10:06:30,7.61,212801,280,买盘
718,10:06:36,7.6,6080,8,卖盘
719,10:06:39,7.61,1522,2,买盘
720,10:06:42,7.61,20547,27,买盘
721,10:06:45,7.61,50161,66,买盘
722,10:06:51,7.61,42614,56,买盘
723,10:06:54,7.6,3040,4,卖盘
724,10:06:57,7.61,34245,45,买盘
725,10:07:00,7.6,82080,108,卖盘
726,10:07:03,7.61,31199,41,买盘
727,10:07:09,7.61,18252,24,买盘
728,10:07:12,7.6,114002,150,卖盘
729,10:07:21,7.6,60800,80,卖盘
730,10:07:24,7.6,38760,51,卖盘
731,10:07:27,7.6,3040,4,卖盘
732,10:07:30,7.61,10641,14,买盘
733,10:07:33,7.6,54780,72,卖盘
734,10:07:36,7.6,21300,28,卖盘
735,10:07:39,7.6,125400,165,卖盘
736,10:07:42,7.6,5320,7,卖盘
737,10:07:45,7.6,6080,8,卖盘
738,10:07:48,7.61,80666,106,买盘
739,10:07:51,7.6,76000,100,卖盘
740,10:07:54,7.61,34986,46,买盘
741,10:07:57,7.6,622657,819,卖盘
742,10:08:00,7.6,43320,57,卖盘
743,10:08:03,7.6,19000,25,卖盘
744,10:08:06,7.6,59300,78,卖盘
745,10:08:09,7.6,88920,117,卖盘
746,10:08:12,7.6,9880,13,卖盘
747,10:08:18,7.6,7600,10,卖盘
748,10:08:24,7.6,20520,27,卖盘
749,10:08:27,7.6,31160,41,卖盘
750,10:08:30,7.61,34970,46,买盘
751,10:08:33,7.6,23570,31,卖盘
752,10:08:36,7.61,149725,197,买盘
753,10:08:39,7.6,11400,15,卖盘
754,10:08:42,7.6,572280,753,卖盘
755,10:08:45,7.61,22050,29,买盘
756,10:08:48,7.6,9880,13,卖盘
757,10:08:51,7.6,23560,31,卖盘
758,10:08:54,7.6,86640,114,卖盘
759,10:08:57,7.6,17480,23,卖盘
760,10:09:00,7.6,82120,108,卖盘
761,10:09:03,7.6,715920,942,卖盘
762,10:09:06,7.6,98830,130,卖盘
763,10:09:09,7.6,40280,53,卖盘
764,10:09:12,7.6,56240,74,买盘
765,10:09:15,7.59,1104745,1455,卖盘
766,10:09:18,7.6,15200,20,中性盘
767,10:09:24,7.61,31921,42,买盘
768,10:09:27,7.61,594249,781,买盘
769,10:09:30,7.6,65379,86,卖盘
770,10:09:33,7.61,120866,159,买盘
771,10:09:39,7.6,33465,44,卖盘
772,10:09:42,7.6,760,1,卖盘
773,10:09:45,7.61,75279,99,买盘
774,10:09:48,7.6,6844,9,卖盘
775,10:09:54,7.6,67659,89,卖盘
776,10:09:57,7.61,1522,2,买盘
777,10:10:00,7.61,5326,7,买盘
778,10:10:03,7.6,8361,11,卖盘
779,10:10:06,7.61,6845,9,买盘
780,10:10:09,7.61,2283,3,买盘
781,10:10:12,7.61,253401,333,买盘
782,10:10:15,7.6,9130,12,卖盘
783,10:10:18,7.61,6846,9,买盘
784,10:10:27,7.61,4566,6,买盘
785,10:10:33,7.61,40293,53,买盘
786,10:10:36,7.6,79040,104,卖盘
787,10:10:39,7.6,3800,5,卖盘
788,10:10:42,7.6,92780,122,卖盘
789,10:10:45,7.61,3805,5,买盘
790,10:10:48,7.6,38783,51,卖盘
791,10:10:51,7.61,50226,66,买盘
792,10:10:54,7.61,47180,62,买盘
793,10:10:57,7.61,154483,203,买盘
794,10:11:00,7.61,252604,332,买盘
795,10:11:03,7.61,57834,76,买盘
796,10:11:06,7.61,83705,110,买盘
797,10:11:09,7.61,17503,23,买盘
798,10:11:12,7.6,5320,7,卖盘
799,10:11:15,7.61,7610,10,买盘
800,10:11:18,7.6,130130,171,卖盘
801,10:11:24,7.6,17500,23,卖盘
802,10:11:27,7.61,6847,9,买盘
803,10:11:30,7.6,20521,27,卖盘
804,10:11:33,7.6,9120,12,卖盘
805,10:11:36,7.6,60819,80,卖盘
806,10:11:39,7.61,177116,233,买盘
807,10:11:42,7.6,7608,10,卖盘
808,10:11:45,7.6,23571,31,卖盘
809,10:11:48,7.61,100415,132,买盘
810,10:11:51,7.61,97281,128,买盘
811,10:11:54,7.6,6080,8,卖盘
812,10:11:57,7.6,12175,16,卖盘
813,10:12:00,7.61,19025,25,买盘
814,10:12:03,7.61,7610,10,买盘
815,10:12:06,7.6,38760,51,卖盘
816,10:12:09,7.61,49410,65,买盘
817,10:12:12,7.6,4562,6,卖盘
818,10:12:15,7.6,22800,30,卖盘
819,10:12:18,7.6,1707720,2247,卖盘
820,10:12:21,7.59,66876,88,卖盘
821,10:12:24,7.6,6080,8,买盘
822,10:12:30,7.6,4560,6,买盘
823,10:12:33,7.6,22800,30,买盘
824,10:12:36,7.6,6840,9,买盘
825,10:12:39,7.6,123868,163,买盘
826,10:12:42,7.6,500840,659,卖盘
827,10:12:45,7.6,57760,76,卖盘
828,10:12:48,7.6,28120,37,卖盘
829,10:12:51,7.6,15960,21,卖盘
830,10:12:54,7.6,2280,3,买盘
831,10:12:57,7.6,19000,25,买盘
832,10:13:03,7.6,13680,18,买盘
833,10:13:06,7.6,152000,200,买盘
834,10:13:09,7.59,125374,165,卖盘
835,10:13:12,7.59,92610,122,卖盘
836,10:13:15,7.59,37950,50,卖盘
837,10:13:18,7.59,7590,10,卖盘
838,10:13:21,7.6,137382,181,买盘
839,10:13:24,7.6,3040,4,买盘
840,10:13:30,7.59,22026,29,卖盘
841,10:13:33,7.6,25068,33,买盘
842,10:13:36,7.59,9108,12,卖盘
843,10:13:39,7.6,12147,16,买盘
844,10:13:42,7.6,24320,32,买盘
845,10:13:45,7.6,2280,3,买盘
846,10:13:48,7.59,31130,41,卖盘
847,10:13:54,7.59,15180,20,卖盘
848,10:13:57,7.6,66034,87,买盘
849,10:14:00,7.59,12918,17,卖盘
850,10:14:03,7.59,138918,183,卖盘
851,10:14:06,7.58,2241056,2955,卖盘
852,10:14:09,7.59,24273,32,中性盘
853,10:14:12,7.6,20504,27,买盘
854,10:14:15,7.6,12910,17,买盘
855,10:14:18,7.6,15183,20,买盘
856,10:14:21,7.6,12160,16,买盘
857,10:14:24,7.6,56988,75,买盘
858,10:14:27,7.59,31120,41,卖盘
859,10:14:30,7.59,2277,3,卖盘
860,10:14:33,7.59,11395,15,卖盘
861,10:14:39,7.6,17480,23,买盘
862,10:14:42,7.59,44791,59,卖盘
863,10:14:45,7.59,8349,11,卖盘
864,10:14:48,7.59,47083,62,卖盘
865,10:14:51,7.6,15956,21,买盘
866,10:14:54,7.6,2212989,2911,买盘
867,10:14:57,7.61,1897388,2493,买盘
868,10:15:00,7.62,19791,26,买盘
869,10:15:03,7.61,106540,140,卖盘
870,10:15:06,7.61,54793,72,卖盘
871,10:15:09,7.61,56384,74,卖盘
872,10:15:12,7.61,11595,15,卖盘
873,10:15:15,7.62,51003,67,买盘
874,10:15:18,7.62,45665,60,买盘
875,10:15:21,7.62,16764,22,买盘
876,10:15:24,7.62,52578,69,买盘
877,10:15:27,7.62,2286,3,买盘
878,10:15:30,7.62,39584,52,买盘
879,10:15:33,7.62,53322,70,买盘
880,10:15:36,7.62,19050,25,买盘
881,10:15:39,7.62,161544,212,买盘
882,10:15:42,7.62,12192,16,买盘
883,10:15:45,7.62,40386,53,买盘
884,10:15:48,7.62,164392,216,买盘
885,10:15:51,7.61,13699,18,卖盘
886,10:15:54,7.62,21336,28,买盘
887,10:15:57,7.62,54099,71,买盘
888,10:16:00,7.62,9906,13,买盘
889,10:16:03,7.62,64761,85,买盘
890,10:16:06,7.62,46426,61,买盘
891,10:16:09,7.62,16002,21,买盘
892,10:16:12,7.62,201168,264,买盘
893,10:16:15,7.62,20571,27,买盘
894,10:16:18,7.62,35007,46,买盘
895,10:16:21,7.62,64740,85,买盘
896,10:16:24,7.62,151637,199,买盘
897,10:16:27,7.62,565403,742,买盘
898,10:16:30,7.62,126487,166,买盘
899,10:16:33,7.62,60959,80,买盘
900,10:16:36,7.62,43399,57,买盘
901,10:16:39,7.62,234529,308,买盘
902,10:16:42,7.62,156778,206,买盘
903,10:16:45,7.61,1522,2,卖盘
904,10:16:48,7.62,4572,6,买盘
905,10:16:51,7.62,58623,77,买盘
906,10:16:54,7.62,537972,706,买盘
907,10:16:57,7.62,38085,50,买盘
908,10:17:00,7.62,762,1,买盘
909,10:17:03,7.61,2283,3,卖盘
910,10:17:09,7.62,7620,10,买盘
911,10:17:12,7.62,57150,75,买盘
912,10:17:15,7.61,22076,29,卖盘
913,10:17:21,7.61,14464,19,卖盘
914,10:17:24,7.61,137741,181,卖盘
915,10:17:27,7.62,67048,88,买盘
916,10:17:33,7.62,129520,170,买盘
917,10:17:36,7.62,36576,48,买盘
918,10:17:42,7.62,16764,22,买盘
919,10:17:45,7.62,26648,35,买盘
920,10:17:48,7.61,240636,316,卖盘
921,10:17:51,7.61,27402,36,卖盘
922,10:17:54,7.61,15228,20,卖盘
923,10:17:57,7.62,30480,40,买盘
924,10:18:00,7.61,90604,119,卖盘
925,10:18:03,7.62,89916,118,买盘
926,10:18:06,7.62,11430,15,买盘
927,10:18:09,7.62,3048,4,买盘
928,10:18:12,7.62,76146,100,买盘
929,10:18:15,7.62,153824,202,买盘
930,10:18:18,7.62,762,1,买盘
931,10:18:21,7.62,13711,18,买盘
932,10:18:27,7.62,54097,71,买盘
933,10:18:30,7.61,79910,105,卖盘
934,10:18:33,7.62,5329,7,买盘
935,10:18:39,7.62,15991,21,买盘
936,10:18:42,7.61,1522,2,卖盘
937,10:18:48,7.61,26635,35,卖盘
938,10:18:51,7.62,7620,10,买盘
939,10:18:54,7.62,5334,7,买盘
940,10:18:57,7.62,35013,46,买盘
941,10:19:03,7.61,54038,71,卖盘
942,10:19:06,7.61,24362,32,卖盘
943,10:19:09,7.61,75392,99,卖盘
944,10:19:12,7.61,74578,98,卖盘
945,10:19:15,7.61,116447,153,卖盘
946,10:19:18,7.61,480248,631,卖盘
947,10:19:21,7.61,24352,32,卖盘
948,10:19:24,7.62,198099,260,买盘
949,10:19:27,7.61,51748,68,卖盘
950,10:19:30,7.61,25113,33,卖盘
951,10:19:36,7.61,42616,56,卖盘
952,10:19:39,7.61,8371,11,卖盘
953,10:19:42,7.61,60133,79,卖盘
954,10:19:45,7.62,11423,15,买盘
955,10:19:48,7.61,99691,131,卖盘
956,10:19:51,7.61,1522,2,卖盘
957,10:19:54,7.62,11418,15,买盘
958,10:19:57,7.62,104394,137,买盘
959,10:20:00,7.62,12944,17,买盘
960,10:20:03,7.62,675222,887,买盘
961,10:20:06,7.61,9132,12,中性盘
962,10:20:09,7.61,30440,40,买盘
963,10:20:12,7.6,22819,30,卖盘
964,10:20:15,7.62,1524,2,买盘
965,10:20:18,7.61,5327,7,中性盘
966,10:20:21,7.61,45660,60,买盘
967,10:20:24,7.61,22826,30,买盘
968,10:20:27,7.61,14459,19,买盘
969,10:20:30,7.61,15981,21,买盘
970,10:20:33,7.6,3804,5,卖盘
971,10:20:36,7.61,53261,70,买盘
972,10:20:39,7.6,370121,487,卖盘
973,10:20:42,7.6,9880,13,卖盘
974,10:20:45,7.6,15200,20,卖盘
975,10:20:51,7.6,1520,2,卖盘
976,10:20:54,7.6,9131,12,卖盘
977,10:20:57,7.6,10640,14,卖盘
978,10:21:00,7.61,26635,35,买盘
979,10:21:03,7.6,101845,134,卖盘
980,10:21:06,7.61,11410,15,买盘
981,10:21:09,7.61,50221,66,买盘
982,10:21:12,7.61,48704,64,买盘
983,10:21:15,7.6,91200,120,卖盘
984,10:21:21,7.6,11400,15,卖盘
985,10:21:24,7.61,63081,83,买盘
986,10:21:27,7.6,49400,65,卖盘
987,10:21:30,7.61,17491,23,买盘
988,10:21:33,7.61,11414,15,买盘
989,10:21:36,7.61,212826,280,买盘
990,10:21:39,7.61,7610,10,买盘
991,10:21:42,7.6,157341,207,卖盘
992,10:21:45,7.61,119410,157,买盘
993,10:21:48,7.61,14455,19,买盘
994,10:21:51,7.61,84447,111,买盘
995,10:21:54,7.61,11415,15,买盘
996,10:21:57,7.6,155235,204,卖盘
997,10:22:00,7.61,9892,13,买盘
998,10:22:03,7.61,13698,18,买盘
999,10:22:09,7.61,7610,10,买盘
1000,10:22:12,7.6,10640,14,卖盘
1001,10:22:15,7.61,178072,234,买盘
1002,10:22:18,7.61,21308,28,买盘
1003,10:22:21,7.61,73800,97,买盘
1004,10:22:27,7.6,26600,35,卖盘
1005,10:22:33,7.61,16723,22,买盘
1006,10:22:36,7.6,26600,35,卖盘
1007,10:22:39,7.6,44864,59,卖盘
1008,10:22:42,7.6,9120,12,卖盘
1009,10:22:45,7.6,80623,106,卖盘
1010,10:22:48,7.6,34228,45,卖盘
1011,10:22:51,7.6,19767,26,卖盘
1012,10:22:54,7.6,182400,240,卖盘
1013,10:22:57,7.61,78363,103,买盘
1014,10:23:00,7.61,10648,14,买盘
1015,10:23:06,7.61,26622,35,买盘
1016,10:23:09,7.6,445108,585,卖盘
1017,10:23:12,7.6,50225,66,卖盘
1018,10:23:15,7.6,60842,80,卖盘
1019,10:23:21,7.6,68400,90,卖盘
1020,10:23:24,7.6,66184,87,卖盘
1021,10:23:30,7.61,2283,3,买盘
1022,10:23:33,7.6,13683,18,卖盘
1023,10:23:36,7.61,11415,15,买盘
1024,10:23:39,7.61,41094,54,买盘
1025,10:23:42,7.6,11400,15,卖盘
1026,10:23:48,7.6,40288,53,卖盘
1027,10:23:51,7.6,60860,80,卖盘
1028,10:23:54,7.6,15200,20,卖盘
1029,10:23:57,7.6,63080,83,卖盘
1030,10:24:00,7.6,60821,80,卖盘
1031,10:24:03,7.61,568457,747,买盘
1032,10:24:06,7.61,31962,42,买盘
1033,10:24:09,7.6,319961,421,卖盘
1034,10:24:12,7.61,135358,178,买盘
1035,10:24:18,7.6,28880,38,卖盘
1036,10:24:21,7.61,38765,51,买盘
1037,10:24:30,7.61,22806,30,买盘
1038,10:24:33,7.61,39572,52,买盘
1039,10:24:36,7.61,7610,10,买盘
1040,10:24:39,7.6,13690,18,卖盘
1041,10:24:42,7.6,2280,3,卖盘
1042,10:24:45,7.61,770132,1012,买盘
1043,10:24:48,7.61,71441,94,买盘
1044,10:24:51,7.6,13680,18,卖盘
1045,10:24:54,7.61,16733,22,买盘
1046,10:24:57,7.61,15215,20,买盘
1047,10:25:03,7.61,1945116,2556,买盘
1048,10:25:06,7.6,52471,69,卖盘
1049,10:25:09,7.61,55552,73,买盘
1050,10:25:12,7.6,6080,8,卖盘
1051,10:25:15,7.61,648372,852,买盘
1052,10:25:18,7.61,178074,234,买盘
1053,10:25:21,7.61,830380,1092,买盘
1054,10:25:24,7.62,45673,60,买盘
1055,10:25:27,7.61,31201,41,卖盘
1056,10:25:30,7.61,19786,26,卖盘
1057,10:25:33,7.61,21323,28,卖盘
1058,10:25:36,7.61,92193,121,卖盘
1059,10:25:39,7.62,9144,12,买盘
1060,10:25:42,7.61,79910,105,卖盘
1061,10:25:45,7.61,41855,55,卖盘
1062,10:25:48,7.61,46472,61,卖盘
1063,10:25:51,7.61,3805,5,卖盘
1064,10:25:54,7.62,45662,60,买盘
1065,10:25:57,7.61,44138,58,卖盘
1066,10:26:00,7.61,103550,136,卖盘
1067,10:26:03,7.62,46477,61,买盘
1068,10:26:06,7.62,88392,116,买盘
1069,10:26:09,7.61,25878,34,卖盘
1070,10:26:12,7.62,762,1,买盘
1071,10:26:15,7.62,14461,19,买盘
1072,10:26:18,7.61,34274,45,卖盘
1073,10:26:21,7.61,719145,945,卖盘
1074,10:26:24,7.61,139263,183,卖盘
1075,10:26:27,7.61,38050,50,卖盘
1076,10:26:30,7.61,31201,41,卖盘
1077,10:26:33,7.61,28157,37,卖盘
1078,10:26:42,7.61,344738,453,卖盘
1079,10:26:45,7.61,413223,543,卖盘
1080,10:26:48,7.61,114150,150,买盘
1081,10:26:54,7.61,55552,73,买盘
1082,10:26:57,7.61,45660,60,买盘
1083,10:27:00,7.6,7600,10,卖盘
1084,10:27:03,7.61,63924,84,买盘
1085,10:27:06,7.6,25083,33,卖盘
1086,10:27:09,7.61,19025,25,买盘
1087,10:27:12,7.6,405588,533,卖盘
1088,10:27:15,7.6,7600,10,卖盘
1089,10:27:18,7.6,119320,157,卖盘
1090,10:27:21,7.6,7600,10,卖盘
1091,10:27:24,7.61,3044,4,买盘
1092,10:27:27,7.6,3040,4,卖盘
1093,10:27:33,7.6,9120,12,卖盘
1094,10:27:36,7.6,29640,39,卖盘
1095,10:27:39,7.6,254600,335,卖盘
1096,10:27:42,7.6,9120,12,卖盘
1097,10:27:45,7.61,180922,238,买盘
1098,10:27:48,7.6,760,1,卖盘
1099,10:27:51,7.6,13680,18,卖盘
1100,10:27:57,7.6,47121,62,卖盘
1101,10:28:00,7.6,1520,2,卖盘
1102,10:28:03,7.61,4561,6,买盘
1103,10:28:06,7.6,18240,24,卖盘
1104,10:28:09,7.61,35753,47,买盘
1105,10:28:12,7.6,760,1,卖盘
1106,10:28:15,7.6,11400,15,卖盘
1107,10:28:18,7.6,22800,30,卖盘
1108,10:28:24,7.6,760,1,卖盘
1109,10:28:27,7.6,361000,475,卖盘
1110,10:28:30,7.6,304010,400,卖盘
1111,10:28:33,7.6,421855,555,卖盘
1112,10:28:36,7.6,15960,21,卖盘
1113,10:28:39,7.6,16720,22,卖盘
1114,10:28:42,7.6,94250,124,卖盘
1115,10:28:45,7.6,253890,334,卖盘
1116,10:28:48,7.6,40280,53,卖盘
1117,10:28:51,7.6,43333,57,卖盘
1118,10:28:54,7.61,3803,5,买盘
1119,10:28:57,7.61,58575,77,买盘
1120,10:29:00,7.61,26601,35,买盘
1121,10:29:03,7.61,761,1,买盘
1122,10:29:06,7.61,87451,115,买盘
1123,10:29:09,7.61,377784,497,买盘
1124,10:29:12,7.6,83690,110,卖盘
1125,10:29:15,7.6,20520,27,卖盘
1126,10:29:18,7.6,262200,345,卖盘
1127,10:29:21,7.6,68400,90,卖盘
1128,10:29:24,7.6,50920,67,卖盘
1129,10:29:30,7.6,3040,4,买盘
1130,10:29:36,7.59,342353,451,卖盘
1131,10:29:39,7.59,201894,266,卖盘
1132,10:29:42,7.59,47817,63,卖盘
1133,10:29:45,7.59,227700,300,卖盘
1134,10:29:51,7.59,11385,15,卖盘
1135,10:29:54,7.59,25806,34,卖盘
1136,10:29:57,7.59,81982,108,卖盘
1137,10:30:03,7.59,40986,54,卖盘
1138,10:30:06,7.6,129791,171,买盘
1139,10:30:09,7.6,242185,319,买盘
1140,10:30:12,7.6,15950,21,买盘
1141,10:30:15,7.59,125994,166,卖盘
1142,10:30:18,7.59,124540,164,卖盘
1143,10:30:21,7.59,51652,68,卖盘
1144,10:30:24,7.59,14422,19,卖盘
1145,10:30:27,7.59,22012,29,卖盘
1146,10:30:30,7.59,77473,102,卖盘
1147,10:30:33,7.59,12145,16,卖盘
1148,10:30:36,7.59,91155,120,卖盘
1149,10:30:39,7.6,35714,47,买盘
1150,10:30:42,7.6,13667,18,买盘
1151,10:30:45,7.59,46299,61,卖盘
1152,10:30:48,7.59,15939,21,卖盘
1153,10:30:51,7.59,156371,206,卖盘
1154,10:30:54,7.6,3800,5,买盘
1155,10:31:00,7.59,19734,26,卖盘
1156,10:31:03,7.59,14421,19,卖盘
1157,10:31:09,7.6,15960,21,买盘
1158,10:31:12,7.6,46319,61,买盘
1159,10:31:15,7.6,3800,5,买盘
1160,10:31:18,7.59,18999,25,卖盘
1161,10:31:21,7.59,35674,47,卖盘
1162,10:31:27,7.59,125235,165,卖盘
1163,10:31:30,7.59,55407,73,卖盘
1164,10:31:36,7.6,22800,30,买盘
1165,10:31:39,7.6,760,1,买盘
1166,10:31:42,7.6,45600,60,买盘
1167,10:31:45,7.59,15180,20,卖盘
1168,10:31:51,7.6,9110,12,买盘
1169,10:31:54,7.6,15200,20,买盘
1170,10:31:57,7.59,376468,496,卖盘
1171,10:32:00,7.59,83597,110,卖盘
1172,10:32:03,7.59,1396560,1840,卖盘
1173,10:32:06,7.59,58443,77,卖盘
1174,10:32:09,7.59,6072,8,卖盘
1175,10:32:12,7.6,197400,260,买盘
1176,10:32:15,7.59,69069,91,卖盘
1177,10:32:18,7.6,29630,39,买盘
1178,10:32:21,7.6,3799,5,买盘
1179,10:32:24,7.59,3795,5,卖盘
1180,10:32:27,7.59,29601,39,卖盘
1181,10:32:30,7.59,5313,7,卖盘
1182,10:32:33,7.59,31120,41,卖盘
1183,10:32:36,7.59,119922,158,卖盘
1184,10:32:39,7.59,20496,27,卖盘
1185,10:32:42,7.59,342725,451,卖盘
1186,10:32:45,7.6,99560,131,买盘
1187,10:32:48,7.6,3800,5,买盘
1188,10:32:51,7.6,6835,9,买盘
1189,10:33:00,7.59,5313,7,卖盘
1190,10:33:03,7.6,211840,279,买盘
1191,10:33:06,7.59,28090,37,卖盘
1192,10:33:09,7.6,111720,147,买盘
1193,10:33:12,7.6,22800,30,买盘
1194,10:33:15,7.6,24320,32,买盘
1195,10:33:18,7.6,280440,369,买盘
1196,10:33:21,7.6,323760,426,买盘
1197,10:33:24,7.59,131478,173,卖盘
1198,10:33:27,7.6,65360,86,买盘
1199,10:33:30,7.6,9880,13,买盘
1200,10:33:33,7.6,54714,72,买盘
1201,10:33:36,7.6,1520,2,买盘
1202,10:33:39,7.59,97218,128,卖盘
1203,10:33:42,7.6,39520,52,买盘
1204,10:33:45,7.6,27354,36,买盘
1205,10:33:54,7.59,12903,17,卖盘
1206,10:34:00,7.6,69920,92,买盘
1207,10:34:06,7.59,41745,55,卖盘
1208,10:34:12,7.59,29601,39,卖盘
1209,10:34:18,7.6,40990,54,买盘
1210,10:34:21,7.6,118500,156,买盘
1211,10:34:24,7.59,50425,66,卖盘
1212,10:34:33,7.59,12144,16,卖盘
1213,10:34:36,7.59,45540,60,卖盘
1214,10:34:39,7.6,14435,19,买盘
1215,10:34:42,7.6,19735,26,买盘
1216,10:34:45,7.59,3795,5,卖盘
1217,10:34:48,7.59,93357,123,卖盘
1218,10:34:51,7.6,133667,176,买盘
1219,10:34:54,7.59,1381,2,卖盘
1220,10:34:57,7.59,22011,29,卖盘
1221,10:35:00,7.59,138904,183,卖盘
1222,10:35:06,7.59,205689,271,卖盘
1223,10:35:09,7.59,22011,29,卖盘
1224,10:35:12,7.59,20493,27,卖盘
1225,10:35:15,7.6,655765,863,买盘
1226,10:35:18,7.6,191520,252,买盘
1227,10:35:21,7.6,1535960,2021,买盘
1228,10:35:27,7.61,63924,84,买盘
1229,10:35:30,7.6,1520,2,卖盘
1230,10:35:33,7.6,221922,292,卖盘
1231,10:35:36,7.61,5327,7,买盘
1232,10:35:39,7.6,114000,150,卖盘
1233,10:35:42,7.61,52494,69,买盘
1234,10:35:45,7.61,2283,3,买盘
1235,10:35:48,7.61,14459,19,买盘
1236,10:35:51,7.61,12176,16,买盘
1237,10:35:54,7.61,26635,35,买盘
1238,10:35:57,7.61,19025,25,买盘
1239,10:36:00,7.61,46421,61,买盘
1240,10:36:03,7.61,17503,23,买盘
1241,10:36:06,7.61,1044301,1374,买盘
1242,10:36:09,7.6,63080,83,卖盘
1243,10:36:12,7.6,760,1,卖盘
1244,10:36:15,7.61,132414,174,买盘
1245,10:36:18,7.61,2283,3,买盘
1246,10:36:21,7.6,11400,15,卖盘
1247,10:36:27,7.6,45601,60,卖盘
1248,10:36:33,7.6,63840,84,卖盘
1249,10:36:36,7.61,22820,30,买盘
1250,10:36:39,7.61,12176,16,买盘
1251,10:36:42,7.6,84360,111,卖盘
1252,10:36:45,7.6,11400,15,卖盘
1253,10:36:48,7.61,19015,25,买盘
1254,10:36:51,7.6,321502,423,卖盘
1255,10:36:54,7.61,63924,84,买盘
1256,10:37:00,7.61,169503,223,买盘
1257,10:37:03,7.61,4566,6,买盘
1258,10:37:12,7.61,63865,84,买盘
1259,10:37:15,7.6,46405,61,卖盘
1260,10:37:18,7.61,20547,27,买盘
1261,10:37:21,7.6,19760,26,卖盘
1262,10:37:24,7.61,453879,597,买盘
1263,10:37:27,7.6,5320,7,卖盘
1264,10:37:30,7.6,3800,5,卖盘
1265,10:37:33,7.6,3800,5,卖盘
1266,10:37:42,7.6,7600,10,卖盘
1267,10:37:45,7.61,761,1,买盘
1268,10:37:48,7.6,8360,11,卖盘
1269,10:37:51,7.6,1520,2,卖盘
1270,10:37:54,7.6,8360,11,卖盘
1271,10:38:00,7.6,6080,8,卖盘
1272,10:38:03,7.6,4560,6,卖盘
1273,10:38:06,7.61,49465,65,买盘
1274,10:38:09,7.61,53976,71,买盘
1275,10:38:12,7.6,22800,30,卖盘
1276,10:38:15,7.61,567683,746,买盘
1277,10:38:18,7.61,2263214,2974,买盘
1278,10:38:21,7.62,355439,467,买盘
1279,10:38:24,7.62,3810,5,买盘
1280,10:38:27,7.62,6094,8,买盘
1281,10:38:30,7.62,10655,14,买盘
1282,10:38:33,7.62,78486,103,买盘
1283,10:38:39,7.62,10660,14,买盘
1284,10:38:42,7.62,31964,42,买盘
1285,10:38:45,7.61,38070,50,卖盘
1286,10:38:48,7.62,762,1,买盘
1287,10:38:51,7.62,25903,34,买盘
1288,10:38:57,7.62,70866,93,买盘
1289,10:39:00,7.62,27412,36,买盘
1290,10:39:06,7.62,19037,25,买盘
1291,10:39:09,7.62,76962,101,买盘
1292,10:39:12,7.62,18278,24,买盘
1293,10:39:18,7.62,294884,387,买盘
1294,10:39:21,7.62,9144,12,买盘
1295,10:39:24,7.62,56388,74,买盘
1296,10:39:27,7.62,143206,188,买盘
1297,10:39:30,7.61,11416,15,卖盘
1298,10:39:33,7.62,13710,18,买盘
1299,10:39:36,7.61,7610,10,卖盘
1300,10:39:39,7.61,10655,14,卖盘
1301,10:39:42,7.62,34290,45,买盘
1302,10:39:45,7.61,47996,63,卖盘
1303,10:39:48,7.62,34255,45,买盘
1304,10:39:51,7.62,23617,31,买盘
1305,10:39:54,7.62,56388,74,买盘
1306,10:39:57,7.62,228600,300,买盘
1307,10:40:00,7.62,19050,25,买盘
1308,10:40:03,7.62,25901,34,买盘
1309,10:40:06,7.61,11415,15,卖盘
1310,10:40:09,7.62,3048,4,买盘
1311,10:40:15,7.61,64710,85,卖盘
1312,10:40:18,7.62,9906,13,买盘
1313,10:40:21,7.62,5334,7,买盘
1314,10:40:24,7.61,11425,15,卖盘
1315,10:40:27,7.61,50262,66,卖盘
1316,10:40:30,7.61,47182,62,卖盘
1317,10:40:33,7.62,230673,303,买盘
1318,10:40:39,7.62,2286,3,买盘
1319,10:40:42,7.61,124174,163,卖盘
1320,10:40:45,7.61,4566,6,卖盘
1321,10:40:48,7.62,16764,22,买盘
1322,10:40:51,7.62,41910,55,买盘
1323,10:40:54,7.61,8375,11,卖盘
1324,10:40:57,7.62,4572,6,买盘
1325,10:41:03,7.62,42672,56,买盘
1326,10:41:06,7.62,902208,1184,买盘
1327,10:41:09,7.62,17522,23,买盘
1328,10:41:12,7.62,4572,6,买盘
1329,10:41:15,7.61,194947,256,卖盘
1330,10:41:18,7.62,31994,42,买盘
1331,10:41:21,7.61,64716,85,卖盘
1332,10:41:24,7.62,49522,65,买盘
1333,10:41:27,7.62,86818,114,买盘
1334,10:41:30,7.62,14478,19,买盘
1335,10:41:33,7.61,179812,236,卖盘
1336,10:41:36,7.62,78475,103,买盘
1337,10:41:39,7.62,5334,7,买盘
1338,10:41:45,7.61,51044,67,卖盘
1339,10:41:51,7.61,93703,123,卖盘
1340,10:41:57,7.62,52578,69,买盘
1341,10:42:06,7.61,7610,10,卖盘
1342,10:42:09,7.61,1522,2,卖盘
1343,10:42:12,7.62,31964,42,买盘
1344,10:42:15,7.62,89916,118,买盘
1345,10:42:21,7.62,151525,199,买盘
1346,10:42:24,7.62,24356,32,买盘
1347,10:42:27,7.61,16747,22,卖盘
1348,10:42:30,7.62,292608,384,买盘
1349,10:42:33,7.61,63173,83,卖盘
1350,10:42:36,7.62,3810,5,买盘
1351,10:42:39,7.61,2283,3,卖盘
1352,10:42:42,7.62,22860,30,买盘
1353,10:42:45,7.62,149352,196,买盘
1354,10:42:48,7.61,145414,191,卖盘
1355,10:42:51,7.62,76190,100,买盘
1356,10:43:03,7.61,6855,9,卖盘
1357,10:43:06,7.62,2258892,2966,买盘
1358,10:43:09,7.63,2139725,2807,买盘
1359,10:43:21,7.63,50358,66,买盘
1360,10:43:24,7.63,117502,154,买盘
1361,10:43:27,7.63,399049,523,买盘
1362,10:43:30,7.63,162519,213,买盘
1363,10:43:33,7.63,146493,192,买盘
1364,10:43:36,7.63,27455,36,买盘
1365,10:43:39,7.63,18312,24,买盘
1366,10:43:45,7.63,125895,165,买盘
1367,10:43:48,7.62,45750,60,卖盘
1368,10:43:51,7.63,3242977,4250,买盘
1369,10:43:54,7.63,143582,188,卖盘
1370,10:43:57,7.64,233633,306,买盘
1371,10:44:00,7.64,87860,115,买盘
1372,10:44:03,7.64,132152,173,买盘
1373,10:44:06,7.64,78690,103,买盘
1374,10:44:09,7.64,136756,179,买盘
1375,10:44:12,7.64,4584,6,买盘
1376,10:44:15,7.64,100083,131,买盘
1377,10:44:18,7.63,174154,228,卖盘
1378,10:44:21,7.64,102376,134,买盘
1379,10:44:24,7.63,98551,129,卖盘
1380,10:44:27,7.64,7640,10,买盘
1381,10:44:30,7.63,155852,204,卖盘
1382,10:44:33,7.63,188461,247,卖盘
1383,10:44:36,7.64,28252,37,买盘
1384,10:44:39,7.63,144277,189,卖盘
1385,10:44:42,7.64,78689,103,买盘
1386,10:44:45,7.64,31324,41,买盘
1387,10:44:48,7.64,65694,86,买盘
1388,10:44:54,7.64,84804,111,买盘
1389,10:44:57,7.63,95398,125,卖盘
1390,10:45:00,7.64,91671,120,买盘
1391,10:45:03,7.64,72573,95,买盘
1392,10:45:06,7.64,29032,38,买盘
1393,10:45:09,7.64,171744,225,买盘
1394,10:45:12,7.63,98544,129,卖盘
1395,10:45:15,7.63,30530,40,卖盘
1396,10:45:18,7.64,273442,358,买盘
1397,10:45:21,7.63,70268,92,卖盘
1398,10:45:24,7.64,251356,329,买盘
1399,10:45:27,7.63,12978,17,卖盘
1400,10:45:30,7.63,291082,381,卖盘
1401,10:45:33,7.64,102371,134,买盘
1402,10:45:36,7.63,9931,13,卖盘
1403,10:45:39,7.64,5348,7,买盘
1404,10:45:42,7.63,38924,51,卖盘
1405,10:45:45,7.63,16023,21,卖盘
1406,10:45:48,7.63,22890,30,卖盘
1407,10:45:51,7.63,251790,330,卖盘
1408,10:45:54,7.64,168060,220,买盘
1409,10:45:57,7.63,97710,128,卖盘
1410,10:46:00,7.63,123710,162,卖盘
1411,10:46:03,7.64,83267,109,买盘
1412,10:46:06,7.64,27499,36,买盘
1413,10:46:09,7.64,461455,604,买盘
1414,10:46:12,7.64,737035,965,买盘
1415,10:46:15,7.63,103902,136,卖盘
1416,10:46:18,7.63,158874,208,卖盘
1417,10:46:21,7.64,14515,19,买盘
1418,10:46:24,7.63,7632,10,卖盘
1419,10:46:27,7.64,107673,141,买盘
1420,10:46:30,7.64,16044,21,买盘
1421,10:46:33,7.63,8401,11,卖盘
1422,10:46:36,7.64,55772,73,买盘
1423,10:46:42,7.64,29796,39,买盘
1424,10:46:45,7.64,1528,2,买盘
1425,10:46:48,7.63,698260,915,卖盘
1426,10:46:51,7.64,764000,1000,买盘
1427,10:46:54,7.64,67232,88,买盘
1428,10:46:57,7.64,62646,82,买盘
1429,10:47:00,7.63,31283,41,卖盘
1430,10:47:03,7.64,63402,83,买盘
1431,10:47:06,7.63,78592,103,卖盘
1432,10:47:09,7.64,165017,216,买盘
1433,10:47:12,7.64,4927729,6450,买盘
1434,10:47:15,7.65,340296,445,买盘
1435,10:47:18,7.65,159100,208,买盘
1436,10:47:21,7.64,73414,96,卖盘
1437,10:47:24,7.64,40492,53,卖盘
1438,10:47:27,7.65,16810,22,买盘
1439,10:47:30,7.65,11475,15,买盘
1440,10:47:33,7.65,57375,75,买盘
1441,10:47:36,7.64,11460,15,卖盘
1442,10:47:39,7.65,95607,125,买盘
1443,10:47:42,7.65,94079,123,买盘
1444,10:47:45,7.64,133025,174,卖盘
1445,10:47:48,7.65,84045,110,买盘
1446,10:47:51,7.64,59656,78,卖盘
1447,10:47:54,7.65,269280,352,买盘
1448,10:47:57,7.64,16044,21,卖盘
1449,10:48:00,7.65,34396,45,买盘
1450,10:48:03,7.64,30580,40,卖盘
1451,10:48:06,7.64,43565,57,卖盘
1452,10:48:09,7.65,97142,127,买盘
1453,10:48:12,7.65,266019,348,买盘
1454,10:48:15,7.65,54304,71,买盘
1455,10:48:18,7.65,71895,94,买盘
1456,10:48:21,7.65,120858,158,买盘
1457,10:48:24,7.65,1018427,1333,买盘
1458,10:48:27,7.65,195591,256,买盘
1459,10:48:30,7.64,48132,63,中性盘
1460,10:48:33,7.64,25212,33,买盘
1461,10:48:36,7.64,284207,372,买盘
1462,10:48:39,7.64,39727,52,中性盘
1463,10:48:42,7.64,44312,58,买盘
1464,10:48:45,7.63,42760,56,卖盘
1465,10:48:48,7.64,91680,120,买盘
1466,10:48:51,7.63,2289,3,卖盘
1467,10:48:54,7.64,67232,88,买盘
1468,10:48:57,7.64,2292,3,买盘
1469,10:49:00,7.64,82481,108,买盘
1470,10:49:03,7.64,113053,148,买盘
1471,10:49:06,7.64,19862,26,买盘
1472,10:49:09,7.64,14515,19,买盘
1473,10:49:12,7.64,16788,22,买盘
1474,10:49:15,7.64,50415,66,买盘
1475,10:49:18,7.64,42020,55,买盘
1476,10:49:24,7.63,7630,10,卖盘
1477,10:49:27,7.64,29774,39,买盘
1478,10:49:30,7.64,19100,25,买盘
1479,10:49:33,7.64,60304,79,买盘
1480,10:49:36,7.64,71052,93,买盘
1481,10:49:39,7.63,24438,32,卖盘
1482,10:49:42,7.64,16808,22,买盘
1483,10:49:45,7.64,42020,55,买盘
1484,10:49:48,7.64,18336,24,买盘
1485,10:49:51,7.64,764,1,买盘
1486,10:49:54,7.63,29779,39,卖盘
1487,10:49:57,7.64,3820,5,买盘
1488,10:50:00,7.64,35114,46,买盘
1489,10:50:03,7.64,727037,952,买盘
1490,10:50:06,7.64,38175,50,买盘
1491,10:50:09,7.64,68760,90,买盘
1492,10:50:12,7.64,210100,275,买盘
1493,10:50:15,7.64,1430972,1873,买盘
1494,10:50:18,7.64,94736,124,买盘
1495,10:50:21,7.64,40492,53,买盘
1496,10:50:24,7.64,178012,233,买盘
1497,10:50:27,7.64,321644,421,买盘
1498,10:50:30,7.64,6876,9,买盘
1499,10:50:33,7.64,113072,148,买盘
1500,10:50:36,7.64,67996,89,买盘
1501,10:50:39,7.64,214674,281,买盘
1502,10:50:42,7.64,641031,839,买盘
1503,10:50:45,7.64,26759,35,卖盘
1504,10:50:48,7.65,21410,28,买盘
1505,10:50:51,7.64,114600,150,卖盘
1506,10:50:54,7.65,67998,89,买盘
1507,10:50:57,7.65,98560,129,买盘
1508,10:51:00,7.65,84050,110,买盘
1509,10:51:03,7.63,649222,849,卖盘
1510,10:51:06,7.64,204792,268,买盘
1511,10:51:09,7.63,48083,63,卖盘
1512,10:51:12,7.65,97151,127,买盘
1513,10:51:15,7.64,34384,45,卖盘
1514,10:51:18,7.64,86332,113,卖盘
1515,10:51:21,7.65,65709,86,买盘
1516,10:51:27,7.64,3820,5,卖盘
1517,10:51:30,7.64,142269,186,卖盘
1518,10:51:33,7.64,3820,5,卖盘
1519,10:51:36,7.64,1046513,1368,卖盘
1520,10:51:39,7.65,15300,20,买盘
1521,10:51:42,7.65,84043,110,买盘
1522,10:51:45,7.65,34411,45,买盘
1523,10:51:48,7.64,22158,29,卖盘
1524,10:51:51,7.65,844275,1105,买盘
1525,10:51:54,7.65,11471,15,买盘
1526,10:51:57,7.64,7640,10,买盘
1527,10:52:00,7.64,29032,38,买盘
1528,10:52:03,7.64,129111,169,买盘
1529,10:52:06,7.65,22930,30,买盘
1530,10:52:09,7.64,764,1,卖盘
1531,10:52:12,7.65,76401,100,买盘
1532,10:52:15,7.64,764,1,卖盘
1533,10:52:18,7.64,25212,33,卖盘
1534,10:52:21,7.65,12227,16,买盘
1535,10:52:24,7.64,101657,133,卖盘
1536,10:52:27,7.65,71053,93,买盘
1537,10:52:30,7.64,38246,50,卖盘
1538,10:52:33,7.64,32088,42,卖盘
1539,10:52:36,7.64,39737,52,卖盘
1540,10:52:39,7.64,34380,45,卖盘
1541,10:52:45,7.64,220796,289,卖盘
1542,10:52:48,7.64,328520,430,卖盘
1543,10:52:51,7.64,32112,42,卖盘
1544,10:52:54,7.64,176466,231,卖盘
1545,10:53:00,7.64,126049,165,买盘
1546,10:53:03,7.64,58828,77,卖盘
1547,10:53:06,7.64,48896,64,买盘
1548,10:53:09,7.64,17572,23,买盘
1549,10:53:12,7.64,45840,60,卖盘
1550,10:53:15,7.64,64940,85,卖盘
1551,10:53:21,7.64,54244,71,卖盘
1552,10:53:24,7.64,14516,19,卖盘
1553,10:53:27,7.64,54244,71,卖盘
1554,10:53:30,7.64,32088,42,买盘
1555,10:53:33,7.64,12224,16,卖盘
1556,10:53:36,7.64,15280,20,卖盘
1557,10:53:39,7.64,38964,51,卖盘
1558,10:53:42,7.64,191720,251,卖盘
1559,10:53:45,7.64,70288,92,买盘
1560,10:53:48,7.64,1528,2,买盘
1561,10:53:51,7.64,3056,4,买盘
1562,10:53:57,7.63,763,1,卖盘
1563,10:54:00,7.63,40458,53,卖盘
1564,10:54:03,7.63,164832,216,卖盘
1565,10:54:09,7.63,53477,70,卖盘
1566,10:54:12,7.63,54173,71,卖盘
1567,10:54:15,7.64,16808,22,买盘
1568,10:54:18,7.64,13748,18,买盘
1569,10:54:21,7.64,3820,5,买盘
1570,10:54:27,7.64,23674,31,买盘
1571,10:54:30,7.64,269689,353,买盘
1572,10:54:33,7.64,152036,199,买盘
1573,10:54:36,7.64,12224,16,买盘
1574,10:54:39,7.64,56523,74,买盘
1575,10:54:42,7.63,763,1,卖盘
1576,10:54:45,7.63,49605,65,卖盘
1577,10:54:48,7.63,7630,10,卖盘
1578,10:54:51,7.64,56536,74,买盘
1579,10:54:54,7.63,31283,41,卖盘
1580,10:54:57,7.64,58828,77,买盘
1581,10:55:00,7.64,9932,13,买盘
1582,10:55:03,7.63,434938,570,卖盘
1583,10:55:12,7.63,72485,95,卖盘
1584,10:55:15,7.63,340298,446,卖盘
1585,10:55:18,7.63,30253,40,卖盘
1586,10:55:24,7.63,557856,732,买盘
1587,10:55:27,7.63,16023,21,买盘
1588,10:55:30,7.62,9144,12,卖盘
1589,10:55:33,7.63,27468,36,买盘
1590,10:55:36,7.62,2286,3,卖盘
1591,10:55:39,7.63,32041,42,买盘
1592,10:55:45,7.63,20581,27,买盘
1593,10:55:48,7.62,12192,16,卖盘
1594,10:55:51,7.63,189026,248,买盘
1595,10:55:54,7.63,12198,16,买盘
1596,10:55:57,7.63,45754,60,买盘
1597,10:56:00,7.63,19838,26,买盘
1598,10:56:03,7.63,763,1,买盘
1599,10:56:09,7.62,83058,109,卖盘
1600,10:56:12,7.63,154784,203,买盘
1601,10:56:15,7.62,45750,60,卖盘
1602,10:56:21,7.62,192948,253,卖盘
1603,10:56:27,7.63,15260,20,买盘
1604,10:56:30,7.63,40439,53,买盘
1605,10:56:33,7.62,11435,15,卖盘
1606,10:56:36,7.63,71722,94,买盘
1607,10:56:39,7.63,86121,113,买盘
1608,10:56:42,7.63,36608,48,买盘
1609,10:56:48,7.62,432055,567,卖盘
1610,10:56:51,7.62,28194,37,卖盘
1611,10:56:54,7.62,4572,6,卖盘
1612,10:56:57,7.63,374633,491,买盘
1613,10:57:00,7.62,68580,90,卖盘
1614,10:57:09,7.62,159274,209,卖盘
1615,10:57:12,7.63,14497,19,买盘
1616,10:57:15,7.62,236220,310,卖盘
1617,10:57:18,7.62,140208,184,卖盘
1618,10:57:21,7.63,85452,112,买盘
1619,10:57:24,7.63,10682,14,买盘
1620,10:57:27,7.62,4574,6,卖盘
1621,10:57:30,7.62,47244,62,卖盘
1622,10:57:33,7.63,33572,44,买盘
1623,10:57:36,7.62,100584,132,卖盘
1624,10:57:39,7.62,7620,10,卖盘
1625,10:57:42,7.62,42672,56,卖盘
1626,10:57:51,7.62,57175,75,卖盘
1627,10:57:54,7.62,16002,21,卖盘
1628,10:57:57,7.62,36576,48,卖盘
1629,10:58:00,7.62,6858,9,卖盘
1630,10:58:03,7.63,41202,54,买盘
1631,10:58:06,7.63,6104,8,买盘
1632,10:58:09,7.62,99090,130,卖盘
1633,10:58:12,7.63,9156,12,买盘
1634,10:58:15,7.63,31248,41,买盘
1635,10:58:18,7.62,207299,272,卖盘
1636,10:58:21,7.62,55627,73,卖盘
1637,10:58:24,7.63,76300,100,买盘
1638,10:58:27,7.64,726644,952,买盘
1639,10:58:30,7.64,11450,15,买盘
1640,10:58:33,7.63,3815,5,卖盘
1641,10:58:36,7.63,8393,11,卖盘
1642,10:58:45,7.64,3820,5,买盘
1643,10:58:48,7.64,25970,34,买盘
1644,10:58:51,7.64,3820,5,买盘
1645,10:58:54,7.64,94736,124,买盘
1646,10:58:57,7.63,12971,17,卖盘
1647,10:59:06,7.63,3054,4,卖盘
1648,10:59:09,7.64,13752,18,买盘
1649,10:59:12,7.63,41990,55,卖盘
1650,10:59:15,7.63,36624,48,卖盘
1651,10:59:18,7.63,22890,30,卖盘
1652,10:59:21,7.64,1331652,1743,买盘
1653,10:59:24,7.64,67993,89,买盘
1654,10:59:27,7.64,269392,353,买盘
1655,10:59:30,7.64,32845,43,买盘
1656,10:59:33,7.64,709756,929,买盘
1657,10:59:36,7.64,789715,1035,买盘
1658,10:59:39,7.64,22920,30,买盘
1659,10:59:42,7.64,776988,1017,买盘
1660,10:59:45,7.64,69524,91,买盘
1661,10:59:48,7.64,4584,6,买盘
1662,10:59:51,7.64,4584,6,买盘
1663,10:59:54,7.64,8404,11,买盘
1664,10:59:57,7.64,19100,25,买盘
1665,11:00:00,7.64,4584,6,买盘
1666,11:00:03,7.64,128352,168,买盘
1667,11:00:06,7.64,990195,1296,买盘
1668,11:00:09,7.65,1054170,1378,买盘
1669,11:00:12,7.65,160515,210,买盘
1670,11:00:15,7.64,91700,120,卖盘
1671,11:00:18,7.65,42790,56,买盘
1672,11:00:21,7.65,134640,176,买盘
1673,11:00:24,7.64,12238,16,卖盘
1674,11:00:27,7.65,124685,163,买盘
1675,11:00:30,7.64,87170,114,卖盘
1676,11:00:33,7.65,42840,56,买盘
1677,11:00:36,7.65,15300,20,买盘
1678,11:00:39,7.65,16064,21,买盘
1679,11:00:42,7.65,1423659,1861,买盘
1680,11:00:45,7.65,22950,30,买盘
1681,11:00:48,7.65,169830,222,买盘
1682,11:00:51,7.65,22175,29,买盘
1683,11:00:54,7.65,369495,483,买盘
1684,11:00:57,7.65,238632,312,买盘
1685,11:01:00,7.65,18360,24,买盘
1686,11:01:03,7.65,47430,62,买盘
1687,11:01:09,7.65,101745,133,买盘
1688,11:01:12,7.64,509390,666,卖盘
1689,11:01:15,7.64,46636,61,卖盘
1690,11:01:18,7.64,29060,38,卖盘
1691,11:01:21,7.64,141520,185,卖盘
1692,11:01:24,7.65,3059,4,买盘
1693,11:01:27,7.64,48896,64,卖盘
1694,11:01:30,7.64,272778,357,卖盘
1695,11:01:33,7.65,66523,87,买盘
1696,11:01:36,7.64,18336,24,卖盘
1697,11:01:39,7.64,121620,159,卖盘
1698,11:01:42,7.65,264683,346,买盘
1699,11:01:45,7.65,89505,117,买盘
1700,11:01:48,7.64,356788,467,卖盘
1701,11:01:51,7.65,650253,851,买盘
1702,11:01:54,7.65,142908,187,买盘
1703,11:02:00,7.64,124412,163,买盘
1704,11:02:06,7.63,763,1,卖盘
1705,11:02:09,7.64,60356,79,买盘
1706,11:02:12,7.63,67229,88,卖盘
1707,11:02:15,7.63,357847,469,卖盘
1708,11:02:18,7.63,9156,12,卖盘
1709,11:02:24,7.63,25957,34,卖盘
1710,11:02:27,7.63,12208,16,卖盘
1711,11:02:30,7.63,763,1,卖盘
1712,11:02:33,7.64,33616,44,买盘
1713,11:02:36,7.63,4578,6,卖盘
1714,11:02:42,7.63,8393,11,卖盘
1715,11:02:45,7.63,2289,3,卖盘
1716,11:02:54,7.64,5348,7,买盘
1717,11:03:00,7.64,764,1,买盘
1718,11:03:03,7.63,596666,782,卖盘
1719,11:03:06,7.63,26438,35,卖盘
1720,11:03:12,7.63,26705,35,买盘
1721,11:03:15,7.63,40401,53,买盘
1722,11:03:18,7.63,7630,10,买盘
1723,11:03:21,7.63,3052,4,买盘
1724,11:03:24,7.63,57988,76,买盘
1725,11:03:27,7.63,6867,9,买盘
1726,11:03:33,7.63,3052,4,买盘
1727,11:03:36,7.63,36624,48,买盘
1728,11:03:42,7.62,60960,80,卖盘
1729,11:03:45,7.62,1524,2,卖盘
1730,11:03:54,7.62,45738,60,卖盘
1731,11:03:57,7.62,32004,42,卖盘
1732,11:04:00,7.62,83058,109,卖盘
1733,11:04:03,7.62,102108,134,卖盘
1734,11:04:06,7.62,8382,11,卖盘
1735,11:04:09,7.62,92202,121,卖盘
1736,11:04:12,7.62,1524,2,卖盘
1737,11:04:15,7.62,121970,160,卖盘
1738,11:04:18,7.62,99060,130,卖盘
1739,11:04:21,7.62,67056,88,卖盘
1740,11:04:24,7.62,140971,185,卖盘
1741,11:04:27,7.62,101346,133,卖盘
1742,11:04:30,7.62,185166,243,买盘
1743,11:04:33,7.62,13716,18,买盘
1744,11:04:36,7.61,7610,10,卖盘
1745,11:04:39,7.62,12181,16,买盘
1746,11:04:42,7.61,35006,46,卖盘
1747,11:04:51,7.62,29688,39,买盘
1748,11:04:54,7.61,9893,13,卖盘
1749,11:04:57,7.62,474108,623,买盘
1750,11:05:00,7.62,35046,46,买盘
1751,11:05:03,7.62,15239,20,买盘
1752,11:05:06,7.62,67749,89,买盘
1753,11:05:09,7.62,102870,135,买盘
1754,11:05:18,7.62,13716,18,买盘
1755,11:05:24,7.61,761,1,卖盘
1756,11:05:27,7.61,385828,507,卖盘
1757,11:05:30,7.62,12949,17,买盘
1758,11:05:33,7.62,500634,657,买盘
1759,11:05:36,7.62,707136,928,卖盘
1760,11:05:42,7.61,19040,25,卖盘
1761,11:05:45,7.62,6090,8,买盘
1762,11:05:48,7.62,48768,64,买盘
1763,11:05:51,7.62,78445,103,买盘
1764,11:05:57,7.63,153163,201,买盘
1765,11:06:00,7.62,86106,113,卖盘
1766,11:06:03,7.63,25159,33,买盘
1767,11:06:09,7.63,3815,5,买盘
1768,11:06:18,7.62,762,1,卖盘
1769,11:06:21,7.62,3810,5,卖盘
1770,11:06:24,7.62,44958,59,卖盘
1771,11:06:27,7.62,11430,15,卖盘
1772,11:06:33,7.62,38100,50,卖盘
1773,11:06:39,7.62,90696,119,卖盘
1774,11:06:42,7.62,6096,8,卖盘
1775,11:06:45,7.63,152600,200,买盘
1776,11:06:48,7.62,55626,73,卖盘
1777,11:06:54,7.62,96774,127,卖盘
1778,11:06:57,7.63,76300,100,买盘
1779,11:07:00,7.62,3810,5,卖盘
1780,11:07:03,7.63,3815,5,买盘
1781,11:07:06,7.63,114450,150,买盘
1782,11:07:09,7.63,3815,5,买盘
1783,11:07:12,7.63,23628,31,买盘
1784,11:07:21,7.63,12970,17,买盘
1785,11:07:24,7.63,1021657,1339,买盘
1786,11:07:27,7.63,128849,169,买盘
1787,11:07:33,7.63,27468,36,买盘
1788,11:07:36,7.62,7620,10,卖盘
1789,11:07:39,7.62,217269,285,卖盘
1790,11:07:42,7.62,3814,5,卖盘
1791,11:07:45,7.63,763,1,买盘
1792,11:07:54,7.63,6867,9,买盘
1793,11:07:57,7.62,76200,100,卖盘
1794,11:08:03,7.63,96776,127,买盘
1795,11:08:06,7.62,33528,44,卖盘
1796,11:08:09,7.62,4572,6,卖盘
1797,11:08:12,7.62,5340,7,卖盘
1798,11:08:18,7.63,3815,5,买盘
1799,11:08:21,7.62,167838,220,卖盘
1800,11:08:24,7.62,118110,155,卖盘
1801,11:08:27,7.62,3048,4,卖盘
1802,11:08:30,7.63,6867,9,买盘
1803,11:08:33,7.62,2286,3,卖盘
1804,11:08:36,7.62,389184,511,卖盘
1805,11:08:51,7.61,14459,19,卖盘
1806,11:08:54,7.62,14478,19,买盘
1807,11:08:57,7.61,15981,21,卖盘
1808,11:09:03,7.61,138502,182,卖盘
1809,11:09:06,7.62,92880,122,买盘
1810,11:09:09,7.61,41855,55,卖盘
1811,11:09:18,7.61,28157,37,卖盘
1812,11:09:21,7.61,3805,5,卖盘
1813,11:09:24,7.61,114150,150,卖盘
1814,11:09:27,7.61,26635,35,卖盘
1815,11:09:30,7.62,28194,37,买盘
1816,11:09:36,7.62,5333,7,买盘
1817,11:09:42,7.62,2286,3,买盘
1818,11:09:48,7.61,22836,30,卖盘
1819,11:09:51,7.61,3805,5,卖盘
1820,11:09:54,7.61,33484,44,卖盘
1821,11:10:00,7.61,28924,38,卖盘
1822,11:10:03,7.62,53299,70,买盘
1823,11:10:06,7.62,12954,17,买盘
1824,11:10:09,7.61,15981,21,卖盘
1825,11:10:12,7.62,13701,18,买盘
1826,11:10:18,7.61,25119,33,卖盘
1827,11:10:21,7.61,6088,8,卖盘
1828,11:10:24,7.61,1522,2,卖盘
1829,11:10:27,7.61,85273,112,卖盘
1830,11:10:30,7.61,38811,51,卖盘
1831,11:10:33,7.61,68490,90,卖盘
1832,11:10:36,7.62,76200,100,买盘
1833,11:10:39,7.61,85266,112,卖盘
1834,11:10:42,7.61,24352,32,卖盘
1835,11:10:45,7.62,1524,2,买盘
1836,11:10:48,7.62,4572,6,买盘
1837,11:10:57,7.62,27432,36,买盘
1838,11:11:00,7.61,30446,40,卖盘
1839,11:11:06,7.62,34281,45,买盘
1840,11:11:12,7.61,34245,45,卖盘
1841,11:11:18,7.61,538034,707,卖盘
1842,11:11:21,7.61,97516,128,卖盘
1843,11:11:24,7.61,55553,73,卖盘
1844,11:11:27,7.62,202692,266,买盘
1845,11:11:36,7.61,167427,220,卖盘
1846,11:11:39,7.61,98169,129,卖盘
1847,11:11:45,7.61,3805,5,卖盘
1848,11:11:48,7.61,75339,99,卖盘
1849,11:11:51,7.61,46460,61,卖盘
1850,11:11:57,7.61,47193,62,卖盘
1851,11:12:03,7.61,38845,51,卖盘
1852,11:12:06,7.61,3805,5,卖盘
1853,11:12:09,7.61,76100,100,卖盘
1854,11:12:12,7.61,3805,5,卖盘
1855,11:12:18,7.61,9893,13,卖盘
1856,11:12:21,7.61,43379,57,卖盘
1857,11:12:24,7.61,85232,112,卖盘
1858,11:12:27,7.61,7610,10,卖盘
1859,11:12:30,7.61,91359,120,卖盘
1860,11:12:33,7.61,12176,16,卖盘
1861,11:12:36,7.62,54844,72,买盘
1862,11:12:42,7.61,30440,40,卖盘
1863,11:12:48,7.62,3810,5,买盘
1864,11:12:54,7.62,3048,4,买盘
1865,11:13:00,7.62,20574,27,买盘
1866,11:13:03,7.62,5334,7,买盘
1867,11:13:06,7.62,6096,8,买盘
1868,11:13:12,7.62,27432,36,买盘
1869,11:13:15,7.61,48704,64,卖盘
1870,11:13:21,7.61,79905,105,卖盘
1871,11:13:24,7.61,1171940,1540,卖盘
1872,11:13:27,7.61,47182,62,买盘
1873,11:13:30,7.61,28157,37,买盘
1874,11:13:33,7.61,29679,39,卖盘
1875,11:13:39,7.61,9893,13,买盘
1876,11:13:42,7.62,18286,24,买盘
1877,11:13:45,7.61,22830,30,卖盘
1878,11:13:54,7.61,120238,158,买盘
1879,11:14:00,7.61,19025,25,卖盘
1880,11:14:03,7.62,36566,48,买盘
1881,11:14:09,7.62,25908,34,买盘
1882,11:14:12,7.61,31204,41,卖盘
1883,11:14:18,7.62,1524,2,买盘
1884,11:14:27,7.61,10654,14,卖盘
1885,11:14:30,7.61,12191,16,卖盘
1886,11:14:36,7.61,7610,10,卖盘
1887,11:14:42,7.61,3809,5,卖盘
1888,11:14:45,7.62,25908,34,买盘
1889,11:14:48,7.61,22830,30,卖盘
1890,11:14:51,7.61,31962,42,卖盘
1891,11:14:54,7.62,65532,86,买盘
1892,11:15:00,7.62,15992,21,买盘
1893,11:15:09,7.62,1145286,1503,买盘
1894,11:15:12,7.62,51018,67,买盘
1895,11:15:15,7.61,79144,104,卖盘
1896,11:15:21,7.61,15220,20,卖盘
1897,11:15:24,7.62,51016,67,买盘
1898,11:15:27,7.62,3810,5,买盘
1899,11:15:30,7.62,12192,16,买盘
1900,11:15:33,7.62,35052,46,买盘
1901,11:15:36,7.62,24384,32,买盘
1902,11:15:39,7.62,3045,4,买盘
1903,11:15:42,7.62,41910,55,买盘
1904,11:15:45,7.61,16753,22,卖盘
1905,11:15:48,7.62,74676,98,买盘
1906,11:15:51,7.62,107426,141,买盘
1907,11:15:54,7.62,99028,130,买盘
1908,11:15:57,7.62,108199,142,买盘
1909,11:16:00,7.62,32004,42,买盘
1910,11:16:03,7.62,23622,31,买盘
1911,11:16:06,7.62,140870,185,买盘
1912,11:16:09,7.61,25138,33,卖盘
1913,11:16:12,7.62,44193,58,买盘
1914,11:16:15,7.62,83820,110,买盘
1915,11:16:18,7.61,19044,25,卖盘
1916,11:16:24,7.62,114256,150,卖盘
1917,11:16:27,7.62,9144,12,卖盘
1918,11:16:33,7.62,762,1,卖盘
1919,11:16:36,7.63,158696,208,买盘
1920,11:16:42,7.62,1524,2,卖盘
1921,11:16:45,7.63,115140,151,买盘
1922,11:16:51,7.63,3815,5,买盘
1923,11:16:54,7.63,12208,16,买盘
1924,11:16:57,7.63,11441,15,买盘
1925,11:17:06,7.63,381500,500,买盘
1926,11:17:09,7.63,8393,11,买盘
1927,11:17:15,7.62,44250,58,卖盘
1928,11:17:21,7.63,18312,24,买盘
1929,11:17:24,7.63,80115,105,买盘
1930,11:17:27,7.62,762,1,卖盘
1931,11:17:30,7.63,28994,38,买盘
1932,11:17:33,7.62,4577,6,卖盘
1933,11:17:36,7.63,12971,17,买盘
1934,11:17:42,7.63,87745,115,买盘
1935,11:17:48,7.63,24416,32,买盘
1936,11:17:51,7.63,4578,6,买盘
1937,11:18:00,7.63,95375,125,买盘
1938,11:18:03,7.62,3810,5,卖盘
1939,11:18:06,7.62,3048,4,卖盘
1940,11:18:12,7.63,81641,107,买盘
1941,11:18:15,7.63,240342,315,买盘
1942,11:18:24,7.63,7630,10,买盘
1943,11:18:27,7.63,10682,14,买盘
1944,11:18:30,7.63,7630,10,买盘
1945,11:18:33,7.62,38100,50,卖盘
1946,11:18:36,7.63,23653,31,买盘
1947,11:18:39,7.63,108346,142,买盘
1948,11:18:42,7.63,9156,12,买盘
1949,11:18:45,7.63,13734,18,买盘
1950,11:18:48,7.63,47306,62,买盘
1951,11:18:54,7.63,2289,3,买盘
1952,11:18:57,7.63,43491,57,买盘
1953,11:19:00,7.62,14478,19,卖盘
1954,11:19:06,7.63,15255,20,买盘
1955,11:19:15,7.62,38863,51,卖盘
1956,11:19:18,7.63,38150,50,买盘
1957,11:19:21,7.62,38100,50,卖盘
1958,11:19:24,7.63,85435,112,买盘
1959,11:19:27,7.63,6104,8,买盘
1960,11:19:30,7.63,22869,30,买盘
1961,11:19:36,7.62,9144,12,卖盘
1962,11:19:39,7.62,16776,22,卖盘
1963,11:19:42,7.62,32004,42,卖盘
1964,11:20:03,7.63,12969,17,买盘
1965,11:20:06,7.62,10674,14,卖盘
1966,11:20:09,7.63,6104,8,买盘
1967,11:20:12,7.63,8392,11,买盘
1968,11:20:18,7.62,15240,20,卖盘
1969,11:20:24,7.63,34297,45,买盘
1970,11:20:27,7.62,8382,11,卖盘
1971,11:20:30,7.63,12208,16,买盘
1972,11:20:33,7.63,6104,8,买盘
1973,11:20:39,7.62,3814,5,卖盘
1974,11:20:42,7.63,22127,29,买盘
1975,11:20:45,7.62,38885,51,卖盘
1976,11:20:48,7.62,5334,7,卖盘
1977,11:20:51,7.63,9908,13,买盘
1978,11:20:54,7.63,152600,200,买盘
1979,11:20:57,7.62,9144,12,卖盘
1980,11:21:00,7.63,18311,24,买盘
1981,11:21:03,7.62,19050,25,卖盘
1982,11:21:06,7.62,18288,24,卖盘
1983,11:21:09,7.62,7620,10,卖盘
1984,11:21:12,7.62,4572,6,卖盘
1985,11:21:15,7.63,16783,22,买盘
1986,11:21:18,7.62,9916,13,卖盘
1987,11:21:21,7.62,76200,100,卖盘
1988,11:21:24,7.63,25923,34,买盘
1989,11:21:39,7.63,18293,24,买盘
1990,11:21:42,7.63,12200,16,买盘
1991,11:21:48,7.62,7620,10,卖盘
1992,11:22:03,7.63,4578,6,买盘
1993,11:22:06,7.63,86982,114,买盘
1994,11:22:09,7.62,7620,10,卖盘
1995,11:22:12,7.62,3048,4,卖盘
1996,11:22:21,7.62,85344,112,卖盘
1997,11:22:24,7.63,45731,60,买盘
1998,11:22:27,7.63,763,1,买盘
1999,11:22:30,7.63,60277,79,买盘
2000,11:22:33,7.63,96138,126,买盘
2001,11:22:36,7.62,22861,30,卖盘
2002,11:22:39,7.62,28226,37,卖盘
2003,11:22:42,7.63,38150,50,买盘
2004,11:22:45,7.63,15246,20,买盘
2005,11:22:48,7.62,5334,7,卖盘
2006,11:22:54,7.63,36624,48,买盘
2007,11:22:57,7.62,59436,78,卖盘
2008,11:23:06,7.62,762,1,卖盘
2009,11:23:09,7.62,11430,15,卖盘
2010,11:23:12,7.62,9906,13,卖盘
2011,11:23:15,7.62,762,1,卖盘
2012,11:23:18,7.62,4572,6,卖盘
2013,11:23:21,7.63,53410,70,买盘
2014,11:23:24,7.62,12954,17,卖盘
2015,11:23:30,7.63,763,1,买盘
2016,11:23:36,7.62,7620,10,卖盘
2017,11:23:39,7.63,6103,8,买盘
2018,11:23:45,7.63,11435,15,买盘
2019,11:23:51,7.63,35861,47,买盘
2020,11:24:00,7.62,12954,17,卖盘
2021,11:24:03,7.63,9918,13,买盘
2022,11:24:06,7.63,1526,2,买盘
2023,11:24:15,7.62,2286,3,卖盘
2024,11:24:18,7.63,6104,8,买盘
2025,11:24:30,7.63,763,1,买盘
2026,11:24:33,7.62,19050,25,卖盘
2027,11:24:36,7.63,3815,5,买盘
2028,11:24:39,7.63,10682,14,买盘
2029,11:24:45,7.62,15240,20,卖盘
2030,11:24:48,7.62,15240,20,卖盘
2031,11:24:51,7.62,48012,63,卖盘
2032,11:24:54,7.62,762,1,卖盘
2033,11:25:00,7.63,7630,10,买盘
2034,11:25:03,7.62,9144,12,卖盘
2035,11:25:06,7.62,2286,3,卖盘
2036,11:25:09,7.63,12208,16,买盘
2037,11:25:12,7.63,35861,47,买盘
2038,11:25:15,7.63,3052,4,买盘
2039,11:25:21,7.62,10668,14,卖盘
2040,11:25:24,7.62,38862,51,卖盘
2041,11:25:27,7.62,307855,404,卖盘
2042,11:25:30,7.62,4572,6,卖盘
2043,11:25:33,7.62,441204,579,卖盘
2044,11:25:36,7.62,110503,145,卖盘
2045,11:25:39,7.63,9152,12,买盘
2046,11:25:42,7.62,1524,2,卖盘
2047,11:25:45,7.62,22860,30,卖盘
2048,11:25:48,7.62,24384,32,卖盘
2049,11:25:51,7.62,2286,3,卖盘
2050,11:25:54,7.62,1524,2,卖盘
2051,11:25:57,7.62,1376934,1807,卖盘
2052,11:26:00,7.62,6852,9,买盘
2053,11:26:03,7.61,19791,26,卖盘
2054,11:26:06,7.61,38812,51,卖盘
2055,11:26:24,7.61,15220,20,卖盘
2056,11:26:27,7.62,762,1,买盘
2057,11:26:30,7.61,761,1,卖盘
2058,11:26:33,7.61,190250,250,卖盘
2059,11:26:39,7.61,6093,8,卖盘
2060,11:26:42,7.61,1522,2,卖盘
2061,11:26:48,7.61,1522,2,卖盘
2062,11:26:57,7.62,13699,18,买盘
2063,11:27:00,7.61,62402,82,卖盘
2064,11:27:06,7.61,3044,4,卖盘
2065,11:27:15,7.62,4567,6,买盘
2066,11:27:18,7.62,2286,3,买盘
2067,11:27:21,7.61,47182,62,卖盘
2068,11:27:24,7.61,59358,78,卖盘
2069,11:27:30,7.62,6096,8,买盘
2070,11:27:33,7.61,16754,22,卖盘
2071,11:27:39,7.61,25874,34,卖盘
2072,11:27:42,7.62,8372,11,买盘
2073,11:27:45,7.62,43434,57,买盘
2074,11:27:48,7.62,11430,15,买盘
2075,11:27:51,7.62,31242,41,买盘
2076,11:27:54,7.61,38811,51,卖盘
2077,11:27:57,7.61,761,1,卖盘
2078,11:28:03,7.61,1522,2,卖盘
2079,11:28:06,7.62,22860,30,买盘
2080,11:28:09,7.61,15220,20,卖盘
2081,11:28:12,7.61,1522,2,卖盘
2082,11:28:15,7.62,19049,25,买盘
2083,11:28:18,7.62,162305,213,买盘
2084,11:28:21,7.61,2283,3,卖盘
2085,11:28:24,7.62,62452,82,买盘
2086,11:28:30,7.61,57075,75,卖盘
2087,11:28:33,7.62,5333,7,买盘
2088,11:28:36,7.62,5334,7,买盘
2089,11:28:42,7.62,4572,6,买盘
2090,11:28:45,7.62,7620,10,买盘
2091,11:28:54,7.62,4572,6,买盘
2092,11:29:00,7.61,76199,100,卖盘
2093,11:29:03,7.62,762,1,买盘
2094,11:29:06,7.61,761,1,卖盘
2095,11:29:09,7.62,18288,24,买盘
2096,11:29:12,7.62,12192,16,买盘
2097,11:29:15,7.62,57849,76,买盘
2098,11:29:21,7.61,53285,70,卖盘
2099,11:29:24,7.62,92096,121,买盘
2100,11:29:27,7.62,72388,95,买盘
2101,11:29:30,7.62,67817,89,买盘
2102,11:29:33,7.62,66291,87,买盘
2103,11:29:36,7.62,47997,63,买盘
2104,11:29:39,7.62,20574,27,买盘
2105,11:29:42,7.62,12192,16,买盘
2106,11:29:54,7.61,15220,20,卖盘
2107,11:30:00,7.61,38050,50,卖盘
2108,13:00:00,7.62,445496,585,买盘
2109,13:00:03,7.62,2123649,2788,买盘
2110,13:00:06,7.61,141580,186,卖盘
2111,13:00:09,7.62,6096,8,买盘
2112,13:00:15,7.61,1522,2,卖盘
2113,13:00:18,7.62,38100,50,买盘
2114,13:00:21,7.62,3048,4,买盘
2115,13:00:24,7.62,44902,59,买盘
2116,13:00:27,7.61,12937,17,卖盘
2117,13:00:33,7.61,156866,206,卖盘
2118,13:00:36,7.61,9132,12,卖盘
2119,13:00:39,7.61,4566,6,卖盘
2120,13:00:42,7.61,761,1,卖盘
2121,13:00:48,7.61,10664,14,卖盘
2122,13:00:51,7.62,38100,50,买盘
2123,13:00:54,7.61,761,1,卖盘
2124,13:00:57,7.62,430527,565,买盘
2125,13:01:00,7.62,3048,4,买盘
2126,13:01:09,7.62,1524,2,买盘
2127,13:01:12,7.61,68490,90,卖盘
2128,13:01:18,7.62,300222,394,买盘
2129,13:01:21,7.62,30480,40,买盘
2130,13:01:24,7.62,7615,10,买盘
2131,13:01:27,7.62,13716,18,买盘
2132,13:01:30,7.61,8381,11,卖盘
2133,13:01:33,7.62,76200,100,买盘
2134,13:01:36,7.62,391665,514,买盘
2135,13:01:39,7.62,99060,130,卖盘
2136,13:01:42,7.62,77724,102,买盘
2137,13:01:45,7.62,6851,9,买盘
2138,13:01:54,7.61,26635,35,卖盘
2139,13:02:00,7.62,85332,112,买盘
2140,13:02:06,7.61,226017,297,卖盘
2141,13:02:09,7.62,109601,144,买盘
2142,13:02:15,7.62,19812,26,买盘
2143,13:02:21,7.62,6096,8,买盘
2144,13:02:24,7.61,53290,70,卖盘
2145,13:02:27,7.62,37338,49,买盘
2146,13:02:30,7.61,7610,10,卖盘
2147,13:02:33,7.61,5327,7,卖盘
2148,13:02:36,7.61,96657,127,卖盘
2149,13:02:39,7.62,39599,52,买盘
2150,13:02:42,7.62,39622,52,买盘
2151,13:02:45,7.62,762,1,买盘
2152,13:02:57,7.61,10661,14,卖盘
2153,13:03:00,7.61,15225,20,卖盘
2154,13:03:03,7.61,15220,20,卖盘
2155,13:03:06,7.61,210862,277,卖盘
2156,13:03:09,7.61,7610,10,卖盘
2157,13:03:12,7.62,19812,26,买盘
2158,13:03:15,7.62,4572,6,买盘
2159,13:03:21,7.61,22830,30,卖盘
2160,13:03:24,7.62,7620,10,买盘
2161,13:03:30,7.62,762,1,买盘
2162,13:03:33,7.62,4572,6,买盘
2163,13:03:39,7.62,57912,76,买盘
2164,13:03:42,7.62,3810,5,买盘
2165,13:03:45,7.62,19812,26,买盘
2166,13:03:51,7.61,9138,12,卖盘
2167,13:03:54,7.61,20561,27,卖盘
2168,13:03:57,7.62,463025,608,买盘
2169,13:04:00,7.62,49530,65,卖盘
2170,13:04:03,7.62,46488,61,卖盘
2171,13:04:06,7.62,762,1,卖盘
2172,13:04:09,7.62,77794,102,卖盘
2173,13:04:12,7.63,45017,59,买盘
2174,13:04:15,7.63,5341,7,买盘
2175,13:04:21,7.63,26698,35,买盘
2176,13:04:24,7.63,28994,38,买盘
2177,13:04:27,7.63,29757,39,买盘
2178,13:04:30,7.63,38903,51,买盘
2179,13:04:33,7.62,37356,49,卖盘
2180,13:04:36,7.63,1869345,2450,买盘
2181,13:04:39,7.63,154838,203,买盘
2182,13:04:42,7.63,313593,411,买盘
2183,13:04:45,7.63,135764,178,买盘
2184,13:04:48,7.63,108346,142,买盘
2185,13:04:51,7.62,176092,231,卖盘
2186,13:04:54,7.63,9919,13,买盘
2187,13:04:57,7.63,763,1,买盘
2188,13:05:00,7.63,18312,24,买盘
2189,13:05:06,7.63,41202,54,买盘
2190,13:05:09,7.63,138866,182,买盘
2191,13:05:12,7.63,19838,26,买盘
2192,13:05:18,7.62,100713,132,卖盘
2193,13:05:21,7.62,37357,49,卖盘
2194,13:05:24,7.63,488320,640,买盘
2195,13:05:27,7.63,253313,332,买盘
2196,13:05:30,7.63,77826,102,买盘
2197,13:05:33,7.64,504373,661,买盘
2198,13:05:36,7.63,254079,333,卖盘
2199,13:05:39,7.64,9164,12,买盘
2200,13:05:42,7.64,40492,53,买盘
2201,13:05:45,7.63,31283,41,卖盘
2202,13:05:48,7.64,97736,128,买盘
2203,13:05:51,7.64,32852,43,买盘
2204,13:05:57,7.64,28266,37,买盘
2205,13:06:00,7.64,17572,23,买盘
2206,13:06:03,7.64,27504,36,买盘
2207,13:06:06,7.63,22142,29,卖盘
2208,13:06:09,7.64,4584,6,买盘
2209,13:06:12,7.64,1528,2,买盘
2210,13:06:15,7.63,11445,15,卖盘
2211,13:06:18,7.64,52666,69,买盘
2212,13:06:21,7.64,51939,68,买盘
2213,13:06:24,7.64,3056,4,买盘
2214,13:06:27,7.63,99984,131,卖盘
2215,13:06:30,7.64,197054,258,买盘
2216,13:06:33,7.64,182596,239,买盘
2217,13:06:36,7.64,117646,154,买盘
2218,13:06:39,7.64,17572,23,买盘
2219,13:06:42,7.64,45027,59,买盘
2220,13:06:45,7.63,127552,167,卖盘
2221,13:06:48,7.63,32067,42,卖盘
2222,13:06:51,7.63,2289,3,卖盘
2223,13:06:54,7.63,763,1,卖盘
2224,13:06:57,7.63,24416,32,卖盘
2225,13:07:00,7.63,493325,646,卖盘
2226,13:07:03,7.64,55006,72,买盘
2227,13:07:06,7.64,1528,2,买盘
2228,13:07:12,7.63,7630,10,卖盘
2229,13:07:15,7.63,98492,129,卖盘
2230,13:07:18,7.64,4584,6,买盘
2231,13:07:21,7.64,8404,11,买盘
2232,13:07:27,7.64,57250,75,买盘
2233,13:07:30,7.64,9932,13,买盘
2234,13:07:33,7.63,8394,11,卖盘
2235,13:07:36,7.64,22900,30,买盘
2236,13:07:42,7.64,31312,41,买盘
2237,13:07:45,7.63,16787,22,卖盘
2238,13:07:51,7.63,89271,117,卖盘
2239,13:07:54,7.64,96264,126,买盘
2240,13:07:57,7.64,709557,929,买盘
2241,13:08:00,7.64,68760,90,买盘
2242,13:08:03,7.63,23654,31,卖盘
2243,13:08:06,7.64,78687,103,买盘
2244,13:08:09,7.64,1223164,1601,买盘
2245,13:08:12,7.64,855686,1120,买盘
2246,13:08:15,7.64,76400,100,卖盘
2247,13:08:18,7.64,148980,195,卖盘
2248,13:08:24,7.64,23684,31,卖盘
2249,13:08:27,7.64,3056,4,卖盘
2250,13:08:33,7.65,2293,3,买盘
2251,13:08:36,7.64,108577,142,卖盘
2252,13:08:39,7.64,9172,12,卖盘
2253,13:08:42,7.65,5355,7,买盘
2254,13:08:45,7.65,76460,100,买盘
2255,13:08:51,7.64,98635,129,卖盘
2256,13:08:54,7.64,19864,26,卖盘
2257,13:09:00,7.65,119240,156,买盘
2258,13:09:03,7.64,100848,132,卖盘
2259,13:09:06,7.64,40492,53,卖盘
2260,13:09:09,7.65,18360,24,买盘
2261,13:09:12,7.64,655512,858,卖盘
2262,13:09:15,7.64,8404,11,卖盘
2263,13:09:18,7.64,30560,40,卖盘
2264,13:09:24,7.64,123004,161,卖盘
2265,13:09:27,7.64,332363,435,卖盘
2266,13:09:30,7.64,300252,393,卖盘
2267,13:09:33,7.64,129118,169,卖盘
2268,13:09:36,7.64,97799,128,卖盘
2269,13:09:39,7.64,59595,78,卖盘
2270,13:09:42,7.64,19100,25,卖盘
2271,13:09:45,7.64,103224,135,卖盘
2272,13:09:48,7.64,9932,13,卖盘
2273,13:09:51,7.64,19100,25,卖盘
2274,13:09:54,7.64,151259,198,买盘
2275,13:09:57,7.63,12211,16,卖盘
2276,13:10:00,7.64,382688,501,买盘
2277,13:10:03,7.64,79456,104,买盘
2278,13:10:06,7.64,51188,67,买盘
2279,13:10:09,7.64,43548,57,买盘
2280,13:10:12,7.64,764,1,买盘
2281,13:10:15,7.64,96184,126,买盘
2282,13:10:18,7.64,105432,138,买盘
2283,13:10:21,7.64,11460,15,买盘
2284,13:10:24,7.63,38150,50,卖盘
2285,13:10:30,7.63,57989,76,卖盘
2286,13:10:33,7.64,24418,32,买盘
2287,13:10:36,7.64,9163,12,买盘
2288,13:10:42,7.64,56474,74,买盘
2289,13:10:51,7.64,4584,6,买盘
2290,13:10:54,7.63,42782,56,卖盘
2291,13:11:00,7.63,38933,51,卖盘
2292,13:11:03,7.63,33578,44,卖盘
2293,13:11:06,7.64,119183,156,买盘
2294,13:11:15,7.63,46543,61,卖盘
2295,13:11:18,7.64,53430,70,买盘
2296,13:11:21,7.64,5348,7,买盘
2297,13:11:24,7.63,763,1,卖盘
2298,13:11:27,7.63,23653,31,卖盘
2299,13:11:30,7.63,145733,191,卖盘
2300,13:11:33,7.63,20622,27,卖盘
2301,13:11:36,7.63,6867,9,卖盘
2302,13:11:39,7.64,27502,36,买盘
2303,13:11:42,7.63,4583,6,卖盘
2304,13:11:48,7.63,763,1,卖盘
2305,13:11:51,7.64,4584,6,买盘
2306,13:11:57,7.63,15260,20,卖盘
2307,13:12:00,7.63,128977,169,卖盘
2308,13:12:03,7.63,22127,29,卖盘
2309,13:12:06,7.63,5341,7,卖盘
2310,13:12:09,7.63,10682,14,卖盘
2311,13:12:12,7.63,28994,38,卖盘
2312,13:12:18,7.63,10682,14,卖盘
2313,13:12:21,7.64,67912,89,买盘
2314,13:12:30,7.64,36647,48,买盘
2315,13:12:36,7.64,20628,27,买盘
2316,13:12:39,7.63,14497,19,卖盘
2317,13:12:42,7.64,64156,84,买盘
2318,13:12:45,7.63,13739,18,卖盘
2319,13:12:51,7.63,14515,19,卖盘
2320,13:12:54,7.63,77130,101,卖盘
2321,13:13:00,7.63,49595,65,卖盘
2322,13:13:03,7.64,39697,52,买盘
2323,13:13:06,7.63,61803,81,卖盘
2324,13:13:12,7.63,79452,104,卖盘
2325,13:13:15,7.64,80903,106,买盘
2326,13:13:18,7.63,998767,1309,卖盘
2327,13:13:21,7.63,52710,69,买盘
2328,13:13:24,7.63,3815,5,买盘
2329,13:13:27,7.63,19836,26,买盘
2330,13:13:30,7.63,3815,5,卖盘
2331,13:13:33,7.63,2289,3,卖盘
2332,13:13:36,7.63,22892,30,卖盘
2333,13:13:39,7.64,69522,91,买盘
2334,13:13:48,7.64,764,1,买盘
2335,13:13:54,7.64,38964,51,买盘
2336,13:13:57,7.64,4584,6,买盘
2337,13:14:03,7.63,763,1,卖盘
2338,13:14:09,7.64,25976,34,买盘
2339,13:14:12,7.63,7630,10,卖盘
2340,13:14:21,7.63,428543,561,卖盘
2341,13:14:27,7.64,38186,50,买盘
2342,13:14:30,7.63,4583,6,卖盘
2343,13:14:33,7.63,12980,17,卖盘
2344,13:14:36,7.63,6869,9,卖盘
2345,13:14:39,7.64,2292,3,买盘
2346,13:14:42,7.63,11455,15,卖盘
2347,13:14:45,7.64,29796,39,买盘
2348,13:14:54,7.63,7630,10,卖盘
2349,13:14:57,7.64,4584,6,买盘
2350,13:15:06,7.63,128952,169,卖盘
2351,13:15:09,7.64,3056,4,买盘
2352,13:15:12,7.63,42011,55,卖盘
2353,13:15:21,7.63,6867,9,卖盘
2354,13:15:24,7.63,41966,55,卖盘
2355,13:15:27,7.63,7630,10,卖盘
2356,13:15:30,7.63,115991,152,卖盘
2357,13:15:33,7.63,41971,55,卖盘
2358,13:15:36,7.63,8393,11,卖盘
2359,13:15:39,7.63,12971,17,卖盘
2360,13:15:42,7.64,764,1,买盘
2361,13:15:45,7.63,24416,32,卖盘
2362,13:15:51,7.63,237293,311,卖盘
2363,13:15:54,7.63,15261,20,卖盘
2364,13:15:57,7.63,763,1,卖盘
2365,13:16:00,7.63,112162,147,卖盘
2366,13:16:03,7.64,4584,6,买盘
2367,13:16:06,7.64,1262855,1653,买盘
2368,13:16:09,7.64,19096,25,买盘
2369,13:16:12,7.64,101612,133,买盘
2370,13:16:15,7.64,26740,35,买盘
2371,13:16:18,7.64,61120,80,买盘
2372,13:16:21,7.64,142104,186,买盘
2373,13:16:24,7.64,1873190,2452,买盘
2374,13:16:27,7.64,19113,25,卖盘
2375,13:16:30,7.64,11460,15,卖盘
2376,13:16:33,7.64,1528,2,卖盘
2377,13:16:36,7.65,7650,10,买盘
2378,13:16:39,7.65,146704,192,买盘
2379,13:16:42,7.65,321000,420,买盘
2380,13:16:45,7.64,258996,339,卖盘
2381,13:16:48,7.65,13768,18,买盘
2382,13:16:51,7.65,4590,6,买盘
2383,13:16:54,7.65,37485,49,买盘
2384,13:16:57,7.64,38200,50,卖盘
2385,13:17:00,7.64,80989,106,卖盘
2386,13:17:03,7.65,104035,136,买盘
2387,13:17:09,7.64,97899,128,卖盘
2388,13:17:12,7.65,52015,68,买盘
2389,13:17:21,7.64,16808,22,卖盘
2390,13:17:27,7.64,64946,85,卖盘
2391,13:17:30,7.64,7640,10,卖盘
2392,13:17:33,7.65,103937,136,买盘
2393,13:17:36,7.64,7643,10,卖盘
2394,13:17:39,7.65,12240,16,买盘
2395,13:17:42,7.65,79560,104,买盘
2396,13:17:45,7.65,16055,21,买盘
2397,13:17:48,7.65,221850,290,买盘
2398,13:17:51,7.65,44344,58,买盘
2399,13:17:54,7.65,21420,28,买盘
2400,13:17:57,7.65,316460,414,买盘
2401,13:18:00,7.64,9168,12,卖盘
2402,13:18:03,7.64,3058,4,卖盘
2403,13:18:06,7.64,5348,7,卖盘
2404,13:18:09,7.64,40543,53,卖盘
2405,13:18:15,7.65,23715,31,买盘
2406,13:18:18,7.64,12224,16,卖盘
2407,13:18:21,7.65,6120,8,买盘
2408,13:18:27,7.65,387855,507,买盘
2409,13:18:30,7.64,5349,7,卖盘
2410,13:18:33,7.65,9175,12,买盘
2411,13:18:36,7.65,188738,247,买盘
2412,13:18:42,7.64,14516,19,卖盘
2413,13:18:45,7.64,16808,22,卖盘
2414,13:18:48,7.64,5348,7,卖盘
2415,13:18:51,7.65,13766,18,买盘
2416,13:18:54,7.64,3056,4,卖盘
2417,13:18:57,7.64,50426,66,卖盘
2418,13:19:03,7.64,6883,9,卖盘
2419,13:19:06,7.65,95625,125,买盘
2420,13:19:09,7.64,5350,7,卖盘
2421,13:19:12,7.64,98556,129,卖盘
2422,13:19:15,7.65,3825,5,买盘
2423,13:19:18,7.64,8404,11,卖盘
2424,13:19:21,7.65,62666,82,买盘
2425,13:19:24,7.64,3820,5,卖盘
2426,13:19:27,7.65,34425,45,买盘
2427,13:19:30,7.65,16065,21,买盘
2428,13:19:33,7.64,764,1,卖盘
2429,13:19:36,7.65,123930,162,买盘
2430,13:19:42,7.65,18360,24,买盘
2431,13:19:45,7.65,23715,31,买盘
2432,13:19:48,7.65,823904,1077,买盘
2433,13:19:51,7.65,462825,605,买盘
2434,13:19:54,7.65,304470,398,买盘
2435,13:19:57,7.64,14516,19,卖盘
2436,13:20:00,7.65,283800,371,买盘
2437,13:20:03,7.65,443697,580,买盘
2438,13:20:06,7.65,151415,198,买盘
2439,13:20:09,7.64,1528,2,卖盘
2440,13:20:12,7.65,24480,32,买盘
2441,13:20:15,7.65,35190,46,买盘
2442,13:20:18,7.65,26775,35,买盘
2443,13:20:21,7.65,114612,150,买盘
2444,13:20:24,7.64,65764,86,卖盘
2445,13:20:27,7.65,16063,21,买盘
2446,13:20:30,7.65,171360,224,买盘
2447,13:20:33,7.64,9168,12,卖盘
2448,13:20:36,7.65,183569,240,买盘
2449,13:20:39,7.64,1004824,1315,卖盘
2450,13:20:42,7.65,107808,141,买盘
2451,13:20:45,7.64,5348,7,卖盘
2452,13:20:48,7.64,29796,39,卖盘
2453,13:20:51,7.65,94749,124,买盘
2454,13:20:54,7.65,107855,141,买盘
2455,13:20:57,7.65,43570,57,买盘
2456,13:21:00,7.64,32852,43,卖盘
2457,13:21:03,7.64,47427,62,卖盘
2458,13:21:06,7.65,29070,38,买盘
2459,13:21:09,7.64,79530,104,卖盘
2460,13:21:12,7.65,19125,25,买盘
2461,13:21:15,7.64,11460,15,卖盘
2462,13:21:18,7.65,846090,1106,买盘
2463,13:21:21,7.65,293757,384,买盘
2464,13:21:24,7.65,29070,38,买盘
2465,13:21:36,7.65,101745,133,买盘
2466,13:21:39,7.65,38230,50,买盘
2467,13:21:42,7.64,1528,2,卖盘
2468,13:21:45,7.65,100980,132,买盘
2469,13:21:51,7.65,76500,100,买盘
2470,13:21:54,7.65,27527,36,买盘
2471,13:21:57,7.65,42840,56,买盘
2472,13:22:00,7.65,48960,64,买盘
2473,13:22:03,7.65,42820,56,买盘
2474,13:22:09,7.64,43582,57,卖盘
2475,13:22:12,7.65,1653360,2164,买盘
2476,13:22:15,7.64,262076,343,卖盘
2477,13:22:18,7.65,108594,142,买盘
2478,13:22:21,7.64,3056,4,卖盘
2479,13:22:24,7.64,109252,143,卖盘
2480,13:22:27,7.64,32088,42,卖盘
2481,13:22:30,7.64,113072,148,卖盘
2482,13:22:33,7.64,26740,35,卖盘
2483,13:22:36,7.65,10706,14,买盘
2484,13:22:39,7.64,35144,46,卖盘
2485,13:22:42,7.64,26741,35,卖盘
2486,13:22:45,7.64,240660,315,卖盘
2487,13:22:48,7.65,33623,44,买盘
2488,13:22:51,7.64,45076,59,卖盘
2489,13:22:54,7.64,210864,276,卖盘
2490,13:22:57,7.64,1492665,1954,卖盘
2491,13:23:00,7.64,210151,275,卖盘
2492,13:23:06,7.64,194827,255,卖盘
2493,13:23:09,7.64,2393177,3132,卖盘
2494,13:23:15,7.64,17572,23,买盘
2495,13:23:18,7.63,154940,203,卖盘
2496,13:23:21,7.63,181820,238,卖盘
2497,13:23:24,7.64,29016,38,买盘
2498,13:23:27,7.63,23679,31,卖盘
2499,13:23:30,7.64,764,1,买盘
2500,13:23:33,7.64,3820,5,买盘
2501,13:23:36,7.64,6112,8,买盘
2502,13:23:39,7.63,1526,2,卖盘
2503,13:23:45,7.63,7630,10,卖盘
2504,13:23:51,7.63,4578,6,卖盘
2505,13:23:54,7.63,3052,4,卖盘
2506,13:24:00,7.63,8393,11,卖盘
2507,13:24:03,7.63,28994,38,卖盘
2508,13:24:06,7.64,1528,2,买盘
2509,13:24:09,7.63,118265,155,卖盘
2510,13:24:12,7.64,4584,6,买盘
2511,13:24:15,7.63,164049,215,卖盘
2512,13:24:21,7.63,18312,24,卖盘
2513,13:24:24,7.64,2292,3,买盘
2514,13:24:27,7.63,22141,29,卖盘
2515,13:24:30,7.64,3056,4,买盘
2516,13:24:33,7.64,3056,4,买盘
2517,13:24:42,7.64,6876,9,买盘
2518,13:24:51,7.64,71024,93,买盘
2519,13:24:54,7.64,22920,30,买盘
2520,13:25:00,7.64,62648,82,买盘
2521,13:25:03,7.63,60355,79,卖盘
2522,13:25:09,7.64,29024,38,买盘
2523,13:25:15,7.63,21390,28,卖盘
2524,13:25:21,7.64,28254,37,买盘
2525,13:25:24,7.64,54186,71,买盘
2526,13:25:27,7.64,134455,176,买盘
2527,13:25:36,7.64,22156,29,买盘
2528,13:25:39,7.64,15280,20,买盘
2529,13:25:42,7.64,10696,14,买盘
2530,13:25:45,7.63,763,1,卖盘
2531,13:25:51,7.63,21364,28,卖盘
2532,13:25:54,7.64,140562,184,买盘
2533,13:25:57,7.64,229200,300,买盘
2534,13:26:03,7.64,18336,24,买盘
2535,13:26:09,7.64,764,1,买盘
2536,13:26:12,7.63,15260,20,卖盘
2537,13:26:15,7.64,97792,128,买盘
2538,13:26:18,7.64,21392,28,买盘
2539,13:26:21,7.64,50423,66,买盘
2540,13:26:24,7.64,21391,28,买盘
2541,13:26:27,7.64,77136,101,买盘
2542,13:26:30,7.64,8404,11,买盘
2543,13:26:33,7.64,9167,12,买盘
2544,13:26:36,7.64,6876,9,买盘
2545,13:26:39,7.64,5348,7,买盘
2546,13:26:45,7.63,3819,5,卖盘
2547,13:26:51,7.63,662418,868,卖盘
2548,13:26:54,7.63,4578,6,卖盘
2549,13:26:57,7.64,35128,46,买盘
2550,13:27:00,7.63,549360,720,卖盘
2551,13:27:03,7.63,12218,16,卖盘
2552,13:27:06,7.63,763,1,卖盘
2553,13:27:15,7.63,86226,113,卖盘
2554,13:27:21,7.63,38150,50,卖盘
2555,13:27:27,7.63,16024,21,卖盘
2556,13:27:30,7.64,38964,51,买盘
2557,13:27:36,7.63,54981,72,卖盘
2558,13:27:39,7.64,87845,115,买盘
2559,13:27:42,7.64,764,1,买盘
2560,13:27:45,7.63,549360,720,卖盘
2561,13:27:48,7.63,28231,37,卖盘
2562,13:27:54,7.63,1526,2,卖盘
2563,13:27:57,7.64,61863,81,买盘
2564,13:28:00,7.63,174727,229,卖盘
2565,13:28:03,7.63,77063,101,卖盘
2566,13:28:09,7.64,11460,15,买盘
2567,13:28:12,7.63,171675,225,卖盘
2568,13:28:15,7.63,397523,521,卖盘
2569,13:28:18,7.63,16023,21,卖盘
2570,13:28:24,7.64,143494,188,买盘
2571,13:28:27,7.63,551649,723,卖盘
2572,13:28:30,7.63,90797,119,卖盘
2573,13:28:33,7.63,16786,22,买盘
2574,13:28:36,7.63,51121,67,卖盘
2575,13:28:39,7.63,4578,6,买盘
2576,13:28:42,7.63,25179,33,买盘
2577,13:28:45,7.63,27468,36,买盘
2578,13:28:48,7.63,16786,22,卖盘
2579,13:28:51,7.63,15260,20,卖盘
2580,13:28:54,7.62,45778,60,卖盘
2581,13:29:00,7.63,239582,314,买盘
2582,13:29:03,7.63,98427,129,买盘
2583,13:29:06,7.62,23651,31,卖盘
2584,13:29:09,7.63,81641,107,买盘
2585,13:29:12,7.63,48069,63,买盘
2586,13:29:15,7.63,17549,23,买盘
2587,13:29:18,7.63,763,1,买盘
2588,13:29:21,7.62,78586,103,卖盘
2589,13:29:27,7.62,22101,29,卖盘
2590,13:29:30,7.63,5341,7,买盘
2591,13:29:33,7.63,16013,21,买盘
2592,13:29:36,7.62,762,1,卖盘
2593,13:29:39,7.62,152400,200,卖盘
2594,13:29:42,7.62,762,1,卖盘
2595,13:30:00,7.63,3052,4,买盘
2596,13:30:03,7.63,57988,76,买盘
2597,13:30:09,7.63,1525,2,买盘
2598,13:30:12,7.62,81534,107,卖盘
2599,13:30:15,7.62,25147,33,卖盘
2600,13:30:18,7.63,11445,15,买盘
2601,13:30:24,7.63,12971,17,买盘
2602,13:30:27,7.63,9156,12,买盘
2603,13:30:30,7.63,1526,2,买盘
2604,13:30:33,7.63,15260,20,买盘
2605,13:30:36,7.62,228600,300,卖盘
2606,13:30:45,7.62,6858,9,卖盘
2607,13:30:48,7.62,8389,11,卖盘
2608,13:30:51,7.62,12192,16,卖盘
2609,13:30:54,7.62,5334,7,卖盘
2610,13:30:57,7.62,243840,320,卖盘
2611,13:31:06,7.63,42707,56,买盘
2612,13:31:09,7.62,74676,98,卖盘
2613,13:31:12,7.62,15254,20,卖盘
2614,13:31:15,7.62,285038,374,卖盘
2615,13:31:18,7.62,762,1,卖盘
2616,13:31:21,7.62,22098,29,卖盘
2617,13:31:24,7.63,4573,6,买盘
2618,13:31:30,7.63,281395,369,买盘
2619,13:31:33,7.63,20601,27,买盘
2620,13:31:36,7.62,9906,13,卖盘
2621,13:31:39,7.63,76300,100,买盘
2622,13:31:42,7.62,7620,10,卖盘
2623,13:31:45,7.63,4578,6,买盘
2624,13:31:51,7.62,80010,105,卖盘
2625,13:31:54,7.62,69432,91,卖盘
2626,13:31:57,7.62,1524,2,卖盘
2627,13:32:00,7.62,3810,5,卖盘
2628,13:32:03,7.62,46482,61,卖盘
2629,13:32:06,7.62,7620,10,卖盘
2630,13:32:09,7.62,3048,4,卖盘
2631,13:32:12,7.62,5334,7,卖盘
2632,13:32:18,7.63,30519,40,买盘
2633,13:32:21,7.63,19838,26,买盘
2634,13:32:24,7.62,11440,15,卖盘
2635,13:32:30,7.62,7620,10,卖盘
2636,13:32:39,7.63,6867,9,买盘
2637,13:32:45,7.63,3052,4,买盘
2638,13:32:54,7.62,4572,6,卖盘
2639,13:33:03,7.62,1524,2,卖盘
2640,13:33:06,7.62,67106,88,卖盘
2641,13:33:09,7.62,88431,116,卖盘
2642,13:33:15,7.62,12954,17,卖盘
2643,13:33:18,7.62,12192,16,卖盘
2644,13:33:21,7.63,22890,30,买盘
2645,13:33:24,7.63,19838,26,买盘
2646,13:33:27,7.63,143328,188,买盘
2647,13:33:30,7.63,40439,53,买盘
2648,13:33:33,7.62,7620,10,卖盘
2649,13:33:48,7.63,62494,82,买盘
2650,13:33:57,7.63,13734,18,买盘
2651,13:34:00,7.63,74770,98,买盘
2652,13:34:03,7.63,6867,9,买盘
2653,13:34:06,7.63,19075,25,买盘
2654,13:34:12,7.62,1524,2,卖盘
2655,13:34:15,7.62,76200,100,卖盘
2656,13:34:18,7.62,16002,21,卖盘
2657,13:34:21,7.63,54172,71,买盘
2658,13:34:24,7.63,112923,148,买盘
2659,13:34:27,7.62,38911,51,卖盘
2660,13:34:30,7.63,16023,21,买盘
2661,13:34:36,7.63,19070,25,买盘
2662,13:34:39,7.63,22870,30,买盘
2663,13:34:48,7.63,149367,196,买盘
2664,13:34:51,7.63,41960,55,买盘
2665,13:34:57,7.62,28992,38,卖盘
2666,13:35:00,7.62,1524,2,卖盘
2667,13:35:03,7.62,1524,2,卖盘
2668,13:35:06,7.62,510738,670,卖盘
2669,13:35:09,7.62,477576,627,卖盘
2670,13:35:15,7.62,44196,58,买盘
2671,13:35:18,7.61,7610,10,卖盘
2672,13:35:21,7.62,16763,22,买盘
2673,13:35:24,7.61,1522,2,卖盘
2674,13:35:30,7.61,135458,178,卖盘
2675,13:35:36,7.62,15994,21,买盘
2676,13:35:39,7.62,47964,63,买盘
2677,13:35:42,7.62,9906,13,买盘
2678,13:35:45,7.62,16764,22,买盘
2679,13:35:48,7.61,79910,105,卖盘
2680,13:35:51,7.62,6096,8,买盘
2681,13:35:54,7.62,20574,27,买盘
2682,13:36:00,7.61,40333,53,卖盘
2683,13:36:03,7.61,1522,2,卖盘
2684,13:36:06,7.62,458724,602,买盘
2685,13:36:09,7.62,22855,30,买盘
2686,13:36:12,7.62,43421,57,买盘
2687,13:36:15,7.62,245562,322,买盘
2688,13:36:18,7.62,41910,55,卖盘
2689,13:36:21,7.62,762,1,卖盘
2690,13:36:24,7.63,1525,2,买盘
2691,13:36:27,7.62,32004,42,卖盘
2692,13:36:30,7.62,2286,3,卖盘
2693,13:36:33,7.62,15240,20,卖盘
2694,13:36:36,7.62,84582,111,卖盘
2695,13:36:39,7.63,28962,38,买盘
2696,13:36:45,7.62,1524,2,卖盘
2697,13:36:51,7.62,4572,6,卖盘
2698,13:36:54,7.62,44958,59,卖盘
2699,13:37:06,7.62,7620,10,卖盘
2700,13:37:09,7.62,54878,72,卖盘
2701,13:37:12,7.62,3810,5,卖盘
2702,13:37:24,7.62,7620,10,卖盘
2703,13:37:30,7.62,19812,26,卖盘
2704,13:37:33,7.62,63246,83,卖盘
2705,13:37:36,7.62,4572,6,卖盘
2706,13:37:39,7.62,87630,115,卖盘
2707,13:37:42,7.63,763,1,买盘
2708,13:37:45,7.62,1524,2,卖盘
2709,13:37:48,7.63,20601,27,买盘
2710,13:37:57,7.62,105918,139,卖盘
2711,13:38:00,7.63,3815,5,买盘
2712,13:38:03,7.62,43478,57,卖盘
2713,13:38:06,7.62,7620,10,卖盘
2714,13:38:12,7.62,22860,30,卖盘
2715,13:38:21,7.63,3815,5,买盘
2716,13:38:24,7.63,1526,2,买盘
2717,13:38:27,7.62,10668,14,卖盘
2718,13:38:33,7.62,21344,28,卖盘
2719,13:38:36,7.62,11440,15,卖盘
2720,13:38:42,7.63,763,1,买盘
2721,13:38:45,7.62,9155,12,卖盘
2722,13:38:48,7.63,1526,2,买盘
2723,13:38:54,7.63,1526,2,买盘
2724,13:38:57,7.63,34335,45,买盘
2725,13:39:00,7.63,27458,36,买盘
2726,13:39:03,7.62,76200,100,卖盘
2727,13:39:09,7.63,9156,12,买盘
2728,13:39:12,7.63,5341,7,买盘
2729,13:39:15,7.62,18288,24,卖盘
2730,13:39:18,7.63,76300,100,买盘
2731,13:39:21,7.63,68668,90,买盘
2732,13:39:24,7.63,29757,39,买盘
2733,13:39:27,7.62,65535,86,卖盘
2734,13:39:30,7.63,22870,30,买盘
2735,13:39:36,7.63,26705,35,买盘
2736,13:39:39,7.62,11430,15,卖盘
2737,13:39:42,7.63,22126,29,买盘
2738,13:39:48,7.63,9156,12,买盘
2739,13:39:51,7.62,19050,25,卖盘
2740,13:39:57,7.63,4578,6,买盘
2741,13:40:00,7.62,7620,10,卖盘
2742,13:40:03,7.62,8382,11,卖盘
2743,13:40:09,7.62,53340,70,卖盘
2744,13:40:12,7.62,92223,121,卖盘
2745,13:40:15,7.63,23653,31,买盘
2746,13:40:18,7.62,51094,67,卖盘
2747,13:40:21,7.62,156210,205,卖盘
2748,13:40:24,7.63,763,1,买盘
2749,13:40:27,7.63,763,1,买盘
2750,13:40:33,7.62,49530,65,卖盘
2751,13:40:36,7.63,22890,30,买盘
2752,13:40:39,7.62,38902,51,卖盘
2753,13:40:42,7.62,4572,6,卖盘
2754,13:40:45,7.62,169926,223,卖盘
2755,13:40:51,7.63,122826,161,买盘
2756,13:40:54,7.62,18293,24,卖盘
2757,13:40:57,7.63,118888,156,买盘
2758,13:41:00,7.62,6858,9,卖盘
2759,13:41:06,7.63,52642,69,买盘
2760,13:41:09,7.63,90787,119,买盘
2761,13:41:12,7.63,57976,76,买盘
2762,13:41:15,7.63,27468,36,买盘
2763,13:41:18,7.62,7620,10,卖盘
2764,13:41:21,7.63,12971,17,买盘
2765,13:41:24,7.63,90757,119,买盘
2766,13:41:27,7.63,51884,68,买盘
2767,13:41:30,7.62,39670,52,卖盘
2768,13:41:33,7.63,10679,14,买盘
2769,13:41:36,7.63,6867,9,买盘
2770,13:41:39,7.63,46533,61,买盘
2771,13:41:42,7.63,31283,41,买盘
2772,13:41:45,7.62,9152,12,卖盘
2773,13:41:48,7.63,241018,316,买盘
2774,13:41:51,7.63,16019,21,买盘
2775,13:41:54,7.63,178529,234,买盘
2776,13:41:57,7.63,1790761,2347,买盘
2777,13:42:00,7.64,43548,57,买盘
2778,13:42:03,7.63,22144,29,卖盘
2779,13:42:06,7.63,70959,93,卖盘
2780,13:42:09,7.64,14516,19,买盘
2781,13:42:15,7.63,16023,21,卖盘
2782,13:42:18,7.64,12224,16,买盘
2783,13:42:21,7.63,1526,2,卖盘
2784,13:42:24,7.63,7630,10,卖盘
2785,13:42:27,7.64,133700,175,买盘
2786,13:42:30,7.64,764,1,买盘
2787,13:42:33,7.64,2292,3,买盘
2788,13:42:36,7.64,7640,10,买盘
2789,13:42:42,7.63,47306,62,卖盘
2790,13:42:45,7.63,11457,15,卖盘
2791,13:42:48,7.64,19100,25,买盘
2792,13:42:51,7.64,16043,21,买盘
2793,13:42:54,7.64,16044,21,买盘
2794,13:42:57,7.64,112291,147,买盘
2795,13:43:03,7.63,71722,94,卖盘
2796,13:43:06,7.64,76400,100,买盘
2797,13:43:09,7.63,22890,30,卖盘
2798,13:43:12,7.64,245223,321,买盘
2799,13:43:15,7.63,65635,86,卖盘
2800,13:43:18,7.63,3052,4,卖盘
2801,13:43:21,7.63,77063,101,卖盘
2802,13:43:24,7.63,2289,3,卖盘
2803,13:43:27,7.63,13734,18,卖盘
2804,13:43:30,7.63,17549,23,卖盘
2805,13:43:33,7.64,683650,896,买盘
2806,13:43:36,7.63,3815,5,卖盘
2807,13:43:39,7.63,82404,108,卖盘
2808,13:43:42,7.64,35862,47,买盘
2809,13:43:45,7.63,43491,57,卖盘
2810,13:43:48,7.63,43491,57,卖盘
2811,13:43:51,7.63,54181,71,卖盘
2812,13:43:54,7.63,30520,40,卖盘
2813,13:43:57,7.63,41968,55,卖盘
2814,13:44:00,7.63,413546,542,卖盘
2815,13:44:03,7.63,454748,596,卖盘
2816,13:44:06,7.63,122838,161,买盘
2817,13:44:09,7.62,762,1,卖盘
2818,13:44:12,7.63,9919,13,买盘
2819,13:44:15,7.63,58751,77,买盘
2820,13:44:18,7.63,4578,6,卖盘
2821,13:44:21,7.62,383786,503,卖盘
2822,13:44:24,7.63,27468,36,买盘
2823,13:44:30,7.63,39676,52,买盘
2824,13:44:36,7.63,8383,11,买盘
2825,13:44:39,7.62,10681,14,卖盘
2826,13:44:42,7.62,63246,83,卖盘
2827,13:44:45,7.62,175260,230,卖盘
2828,13:44:48,7.62,18288,24,卖盘
2829,13:44:51,7.62,749808,984,卖盘
2830,13:44:54,7.62,391668,514,卖盘
2831,13:44:57,7.62,112776,148,卖盘
2832,13:45:00,7.62,30480,40,卖盘
2833,13:45:03,7.62,36576,48,卖盘
2834,13:45:06,7.62,347144,456,卖盘
2835,13:45:09,7.62,354462,465,卖盘
2836,13:45:12,7.62,762,1,买盘
2837,13:45:18,7.61,15220,20,卖盘
2838,13:45:21,7.61,16742,22,卖盘
2839,13:45:24,7.61,44899,59,卖盘
2840,13:45:27,7.61,40333,53,卖盘
2841,13:45:30,7.61,18265,24,卖盘
2842,13:45:33,7.61,92842,122,卖盘
2843,13:45:36,7.61,40370,53,卖盘
2844,13:45:39,7.61,216124,284,卖盘
2845,13:45:42,7.61,552486,726,卖盘
2846,13:45:45,7.61,18264,24,卖盘
2847,13:45:48,7.61,44899,59,卖盘
2848,13:45:51,7.61,31971,42,卖盘
2849,13:45:54,7.61,297551,391,卖盘
2850,13:45:57,7.61,244545,321,卖盘
2851,13:46:00,7.61,283853,373,卖盘
2852,13:46:03,7.61,164376,216,卖盘
2853,13:46:06,7.61,248206,326,卖盘
2854,13:46:09,7.61,458124,602,卖盘
2855,13:46:12,7.61,204701,269,卖盘
2856,13:46:15,7.6,3800,5,卖盘
2857,13:46:18,7.6,29640,39,卖盘
2858,13:46:21,7.6,19760,26,卖盘
2859,13:46:24,7.6,527482,694,卖盘
2860,13:46:27,7.61,175608,231,买盘
2861,13:46:30,7.6,92811,122,卖盘
2862,13:46:33,7.6,257645,339,卖盘
2863,13:46:36,7.6,231788,305,卖盘
2864,13:46:39,7.6,148257,195,卖盘
2865,13:46:42,7.6,112481,148,卖盘
2866,13:46:45,7.6,243960,321,卖盘
2867,13:46:48,7.6,1520,2,卖盘
2868,13:46:51,7.6,18241,24,卖盘
2869,13:46:54,7.6,6840,9,卖盘
2870,13:46:57,7.6,25840,34,卖盘
2871,13:47:00,7.6,34960,46,卖盘
2872,13:47:03,7.6,272101,358,卖盘
2873,13:47:06,7.6,760,1,卖盘
2874,13:47:09,7.6,114760,151,卖盘
2875,13:47:12,7.6,98800,130,卖盘
2876,13:47:15,7.61,1160571,1527,买盘
2877,13:47:18,7.6,140650,185,卖盘
2878,13:47:21,7.61,130845,172,买盘
2879,13:47:24,7.6,39520,52,卖盘
2880,13:47:27,7.6,126920,167,卖盘
2881,13:47:33,7.6,70680,93,卖盘
2882,13:47:36,7.6,30400,40,卖盘
2883,13:47:39,7.6,3800,5,卖盘
2884,13:47:42,7.6,38761,51,卖盘
2885,13:47:45,7.6,95760,126,卖盘
2886,13:47:51,7.61,9881,13,买盘
2887,13:47:54,7.61,207663,273,买盘
2888,13:47:57,7.61,7605,10,买盘
2889,13:48:00,7.6,60800,80,卖盘
2890,13:48:03,7.61,83610,110,买盘
2891,13:48:06,7.61,9888,13,买盘
2892,13:48:09,7.61,64685,85,买盘
2893,13:48:12,7.61,69992,92,买盘
2894,13:48:15,7.6,82087,108,卖盘
2895,13:48:18,7.61,60880,80,买盘
2896,13:48:21,7.61,76851,101,买盘
2897,13:48:24,7.61,6849,9,买盘
2898,13:48:27,7.61,188628,248,买盘
2899,13:48:30,7.61,6849,9,买盘
2900,13:48:33,7.6,182440,240,卖盘
2901,13:48:36,7.61,7604,10,买盘
2902,13:48:39,7.61,209903,276,买盘
2903,13:48:42,7.6,30400,40,卖盘
2904,13:48:45,7.61,65426,86,买盘
2905,13:48:48,7.61,23586,31,买盘
2906,13:48:51,7.61,9892,13,买盘
2907,13:48:54,7.61,15220,20,买盘
2908,13:48:57,7.6,1520,2,卖盘
2909,13:49:00,7.6,22040,29,卖盘
2910,13:49:03,7.6,90532,119,卖盘
2911,13:49:06,7.62,582931,766,买盘
2912,13:49:09,7.61,11415,15,卖盘
2913,13:49:12,7.62,9906,13,买盘
2914,13:49:15,7.62,7619,10,买盘
2915,13:49:18,7.61,56481,74,卖盘
2916,13:49:21,7.62,15239,20,买盘
2917,13:49:27,7.61,25113,33,卖盘
2918,13:49:36,7.61,3805,5,卖盘
2919,13:49:42,7.61,281620,370,卖盘
2920,13:49:51,7.61,38050,50,卖盘
2921,13:49:54,7.62,6096,8,买盘
2922,13:49:57,7.61,18277,24,卖盘
2923,13:50:00,7.61,761,1,卖盘
2924,13:50:06,7.62,38862,51,买盘
2925,13:50:09,7.62,13716,18,买盘
2926,13:50:12,7.61,1522,2,卖盘
2927,13:50:21,7.61,60119,79,卖盘
2928,13:50:24,7.62,13711,18,买盘
2929,13:50:27,7.61,68490,90,卖盘
2930,13:50:30,7.61,2283,3,卖盘
2931,13:50:33,7.62,4569,6,买盘
2932,13:50:39,7.62,60158,79,买盘
2933,13:50:45,7.61,4569,6,卖盘
2934,13:50:48,7.61,35767,47,卖盘
2935,13:50:51,7.62,45687,60,买盘
2936,13:50:54,7.61,60119,79,卖盘
2937,13:50:57,7.61,108823,143,卖盘
2938,13:51:00,7.61,24352,32,卖盘
2939,13:51:03,7.61,9132,12,卖盘
2940,13:51:06,7.61,15222,20,卖盘
2941,13:51:09,7.61,1119,1,卖盘
2942,13:51:12,7.61,21308,28,卖盘
2943,13:51:15,7.61,11415,15,卖盘
2944,13:51:18,7.61,9132,12,卖盘
2945,13:51:21,7.61,12937,17,卖盘
2946,13:51:24,7.62,5329,7,买盘
2947,13:51:27,7.61,20547,27,卖盘
2948,13:51:36,7.61,515958,678,卖盘
2949,13:51:39,7.61,761,1,中性盘
2950,13:51:42,7.61,8371,11,买盘
2951,13:51:45,7.61,85993,113,买盘
2952,13:51:48,7.61,7610,10,买盘
2953,13:51:51,7.61,28918,38,买盘
2954,13:51:54,7.6,50972,67,卖盘
2955,13:51:57,7.61,22069,29,买盘
2956,13:52:00,7.61,247325,325,买盘
2957,13:52:03,7.62,8379,11,买盘
2958,13:52:12,7.61,52509,69,卖盘
2959,13:52:15,7.62,22860,30,买盘
2960,13:52:18,7.61,76100,100,卖盘
2961,13:52:24,7.61,6088,8,卖盘
2962,13:52:27,7.62,17504,23,买盘
2963,13:52:36,7.61,171999,226,卖盘
2964,13:52:39,7.61,25126,33,买盘
2965,13:52:42,7.61,44899,59,卖盘
2966,13:52:45,7.61,15220,20,买盘
2967,13:52:48,7.61,23591,31,买盘
2968,13:52:51,7.61,761,1,买盘
2969,13:52:54,7.61,19025,25,买盘
2970,13:52:57,7.61,20547,27,买盘
2971,13:53:03,7.61,41094,54,买盘
2972,13:53:09,7.6,9120,12,卖盘
2973,13:53:12,7.6,9120,12,卖盘
2974,13:53:15,7.6,126255,166,卖盘
2975,13:53:18,7.6,3040,4,卖盘
2976,13:53:21,7.6,96520,127,卖盘
2977,13:53:24,7.61,35743,47,买盘
2978,13:53:27,7.6,39525,52,卖盘
2979,13:53:30,7.6,90440,119,卖盘
2980,13:53:36,7.6,6080,8,卖盘
2981,13:53:39,7.6,7600,10,卖盘
2982,13:53:42,7.61,5322,7,买盘
2983,13:53:45,7.6,22800,30,卖盘
2984,13:53:48,7.6,104130,137,卖盘
2985,13:53:51,7.61,3801,5,买盘
2986,13:53:54,7.6,2280,3,卖盘
2987,13:53:57,7.6,173283,228,卖盘
2988,13:54:03,7.6,15200,20,卖盘
2989,13:54:06,7.61,59334,78,买盘
2990,13:54:12,7.61,761,1,买盘
2991,13:54:15,7.6,38000,50,卖盘
2992,13:54:18,7.6,1520,2,卖盘
2993,13:54:21,7.61,315415,415,买盘
2994,13:54:27,7.61,62325,82,买盘
2995,13:54:30,7.61,35747,47,买盘
2996,13:54:36,7.6,15200,20,卖盘
2997,13:54:39,7.61,24352,32,买盘
2998,13:54:45,7.6,205200,270,卖盘
2999,13:54:48,7.6,4560,6,卖盘
3000,13:54:57,7.61,16742,22,买盘
3001,13:55:00,7.6,41040,54,卖盘
3002,13:55:03,7.6,3800,5,卖盘
3003,13:55:09,7.61,132414,174,买盘
3004,13:55:12,7.61,9893,13,买盘
3005,13:55:15,7.61,27396,36,买盘
3006,13:55:18,7.6,48657,64,卖盘
3007,13:55:21,7.6,41850,55,卖盘
3008,13:55:24,7.6,11400,15,卖盘
3009,13:55:27,7.61,79905,105,买盘
3010,13:55:30,7.6,10640,14,卖盘
3011,13:55:36,7.6,7600,10,卖盘
3012,13:55:39,7.61,31201,41,买盘
3013,13:55:54,7.6,19783,26,卖盘
3014,13:55:57,7.61,315415,415,买盘
3015,13:56:00,7.6,9120,12,卖盘
3016,13:56:03,7.6,760,1,卖盘
3017,13:56:06,7.6,164920,217,卖盘
3018,13:56:09,7.6,77578,102,卖盘
3019,13:56:12,7.6,36481,48,卖盘
3020,13:56:15,7.6,106400,140,卖盘
3021,13:56:18,7.6,10640,14,卖盘
3022,13:56:21,7.6,12920,17,卖盘
3023,13:56:24,7.6,56306,74,卖盘
3024,13:56:27,7.6,69949,92,卖盘
3025,13:56:30,7.6,479561,631,卖盘
3026,13:56:33,7.61,6082,8,买盘
3027,13:56:36,7.6,135280,178,卖盘
3028,13:56:39,7.6,364192,479,卖盘
3029,13:56:42,7.6,20520,27,买盘
3030,13:56:45,7.6,30400,40,买盘
3031,13:56:57,7.6,9880,13,买盘
3032,13:57:03,7.59,151800,200,卖盘
3033,13:57:06,7.6,6080,8,买盘
3034,13:57:15,7.6,55470,73,买盘
3035,13:57:18,7.6,30400,40,买盘
3036,13:57:21,7.59,76659,101,卖盘
3037,13:57:24,7.59,5313,7,卖盘
3038,13:57:27,7.59,20493,27,卖盘
3039,13:57:30,7.59,37950,50,卖盘
3040,13:57:33,7.59,197340,260,卖盘
3041,13:57:36,7.59,759,1,卖盘
3042,13:57:39,7.59,62997,83,卖盘
3043,13:57:42,7.59,40986,54,卖盘
3044,13:57:45,7.59,66792,88,卖盘
3045,13:57:48,7.59,64515,85,卖盘
3046,13:57:51,7.59,110055,145,卖盘
3047,13:57:57,7.59,226941,299,卖盘
3048,13:58:00,7.59,53130,70,卖盘
3049,13:58:03,7.59,583671,769,卖盘
3050,13:58:06,7.59,47058,62,卖盘
3051,13:58:09,7.59,228330,301,卖盘
3052,13:58:12,7.59,6072,8,买盘
3053,13:58:18,7.58,758,1,卖盘
3054,13:58:21,7.58,56097,74,卖盘
3055,13:58:24,7.58,8338,11,卖盘
3056,13:58:27,7.58,215272,284,卖盘
3057,13:58:30,7.58,72769,96,卖盘
3058,13:58:33,7.58,118262,156,卖盘
3059,13:58:36,7.57,2710133,3577,卖盘
3060,13:58:39,7.57,65925,87,卖盘
3061,13:58:42,7.58,758,1,买盘
3062,13:58:45,7.58,1193043,1576,买盘
3063,13:58:48,7.57,5301,7,卖盘
3064,13:58:51,7.57,599594,792,卖盘
3065,13:58:54,7.57,118102,156,卖盘
3066,13:58:57,7.57,53752,71,卖盘
3067,13:59:00,7.57,108251,143,卖盘
3068,13:59:03,7.58,78074,103,买盘
3069,13:59:06,7.58,90848,120,买盘
3070,13:59:09,7.57,15897,21,卖盘
3071,13:59:15,7.57,62912,83,卖盘
3072,13:59:18,7.58,37102,49,买盘
3073,13:59:21,7.58,78806,104,买盘
3074,13:59:24,7.58,273592,361,买盘
3075,13:59:27,7.58,215914,285,买盘
3076,13:59:30,7.58,1008140,1330,买盘
3077,13:59:33,7.58,1516,2,卖盘
3078,13:59:36,7.58,111426,147,卖盘
3079,13:59:39,7.59,23529,31,买盘
3080,13:59:42,7.59,84993,112,买盘
3081,13:59:45,7.58,68978,91,卖盘
3082,13:59:48,7.59,39429,52,买盘
3083,13:59:51,7.59,75138,99,买盘
3084,13:59:54,7.58,45480,60,卖盘
3085,13:59:57,7.58,25802,34,卖盘
3086,14:00:00,7.58,120522,159,卖盘
3087,14:00:03,7.59,12890,17,买盘
3088,14:00:06,7.59,4554,6,买盘
3089,14:00:12,7.58,3794,5,卖盘
3090,14:00:15,7.58,68309,90,卖盘
3091,14:00:18,7.59,56925,75,买盘
3092,14:00:21,7.59,251988,332,买盘
3093,14:00:24,7.59,9866,13,买盘
3094,14:00:27,7.59,26565,35,买盘
3095,14:00:30,7.59,12903,17,买盘
3096,14:00:33,7.59,141045,186,买盘
3097,14:00:36,7.59,47817,63,买盘
3098,14:00:39,7.59,40986,54,买盘
3099,14:00:42,7.58,34135,45,卖盘
3100,14:00:45,7.59,71346,94,买盘
3101,14:00:48,7.6,577771,761,买盘
3102,14:00:51,7.6,12920,17,买盘
3103,14:00:57,7.6,3038,4,买盘
3104,14:01:03,7.59,37950,50,卖盘
3105,14:01:06,7.6,760,1,买盘
3106,14:01:09,7.59,22770,30,卖盘
3107,14:01:12,7.6,223340,294,买盘
3108,14:01:15,7.6,15192,20,买盘
3109,14:01:18,7.6,17480,23,买盘
3110,14:01:21,7.6,18240,24,买盘
3111,14:01:24,7.59,427065,562,卖盘
3112,14:01:27,7.6,3040,4,买盘
3113,14:01:30,7.6,66120,87,买盘
3114,14:01:36,7.6,42560,56,买盘
3115,14:01:39,7.6,345350,455,买盘
3116,14:01:42,7.6,32680,43,买盘
3117,14:01:45,7.6,129957,171,买盘
3118,14:01:48,7.6,72808,96,买盘
3119,14:01:54,7.6,8360,11,卖盘
3120,14:01:57,7.6,8360,11,卖盘
3121,14:02:09,7.6,152000,200,卖盘
3122,14:02:12,7.61,10653,14,买盘
3123,14:02:15,7.61,28918,38,买盘
3124,14:02:18,7.6,98800,130,卖盘
3125,14:02:21,7.61,21308,28,买盘
3126,14:02:24,7.6,22800,30,卖盘
3127,14:02:27,7.6,405080,533,卖盘
3128,14:02:30,7.61,66196,87,买盘
3129,14:02:33,7.61,160361,211,买盘
3130,14:02:36,7.6,55480,73,卖盘
3131,14:02:39,7.61,9893,13,买盘
3132,14:02:42,7.61,1522,2,买盘
3133,14:02:48,7.6,335160,441,卖盘
3134,14:02:51,7.61,3805,5,买盘
3135,14:02:54,7.61,19025,25,买盘
3136,14:02:57,7.6,14440,19,卖盘
3137,14:03:03,7.61,761,1,买盘
3138,14:03:06,7.6,7600,10,卖盘
3139,14:03:09,7.6,9880,13,卖盘
3140,14:03:12,7.6,760,1,卖盘
3141,14:03:15,7.61,8370,11,买盘
3142,14:03:18,7.6,760,1,卖盘
3143,14:03:21,7.61,21308,28,买盘
3144,14:03:24,7.61,89006,117,买盘
3145,14:03:27,7.6,11400,15,卖盘
3146,14:03:30,7.6,17481,23,卖盘
3147,14:03:33,7.6,161880,213,卖盘
3148,14:03:42,7.6,189407,249,卖盘
3149,14:03:45,7.6,7600,10,卖盘
3150,14:03:48,7.6,152760,201,卖盘
3151,14:03:54,7.61,18264,24,买盘
3152,14:04:00,7.61,177180,233,买盘
3153,14:04:09,7.6,760,1,卖盘
3154,14:04:12,7.61,761,1,买盘
3155,14:04:15,7.6,151270,199,卖盘
3156,14:04:18,7.6,15200,20,卖盘
3157,14:04:24,7.61,6088,8,买盘
3158,14:04:27,7.61,26635,35,买盘
3159,14:04:30,7.6,62344,82,卖盘
3160,14:04:33,7.6,21296,28,卖盘
3161,14:04:36,7.61,111867,147,买盘
3162,14:04:39,7.6,7600,10,卖盘
3163,14:04:42,7.61,44869,59,买盘
3164,14:04:45,7.61,761,1,买盘
3165,14:04:51,7.6,16720,22,卖盘
3166,14:04:54,7.61,17503,23,买盘
3167,14:04:57,7.6,38000,50,卖盘
3168,14:05:03,7.6,43370,57,卖盘
3169,14:05:09,7.6,68400,90,卖盘
3170,14:05:12,7.61,45660,60,买盘
3171,14:05:15,7.6,41040,54,卖盘
3172,14:05:18,7.6,26600,35,卖盘
3173,14:05:24,7.61,62343,82,买盘
3174,14:05:27,7.6,9889,13,卖盘
3175,14:05:30,7.6,12920,17,卖盘
3176,14:05:33,7.6,67640,89,卖盘
3177,14:05:36,7.6,25840,34,卖盘
3178,14:05:42,7.6,16720,22,卖盘
3179,14:05:45,7.61,26630,35,买盘
3180,14:05:48,7.6,22800,30,卖盘
3181,14:05:54,7.6,17480,23,卖盘
3182,14:06:00,7.61,20547,27,买盘
3183,14:06:06,7.6,8360,11,卖盘
3184,14:06:09,7.61,761,1,买盘
3185,14:06:12,7.61,53270,70,买盘
3186,14:06:15,7.61,91320,120,买盘
3187,14:06:18,7.61,73750,97,买盘
3188,14:06:21,7.61,1133890,1490,买盘
3189,14:06:24,7.62,5334,7,买盘
3190,14:06:30,7.61,106540,140,卖盘
3191,14:06:33,7.61,32748,43,卖盘
3192,14:06:39,7.61,9893,13,卖盘
3193,14:06:45,7.61,3044,4,卖盘
3194,14:06:48,7.62,3810,5,买盘
3195,14:06:51,7.62,91340,120,买盘
3196,14:06:54,7.62,41098,54,买盘
3197,14:07:00,7.62,39604,52,买盘
3198,14:07:03,7.61,42815,56,卖盘
3199,14:07:06,7.61,15220,20,卖盘
3200,14:07:09,7.62,12187,16,买盘
3201,14:07:15,7.61,422172,555,卖盘
3202,14:07:18,7.62,110398,145,买盘
3203,14:07:24,7.61,35040,46,买盘
3204,14:07:27,7.61,8371,11,卖盘
3205,14:07:30,7.62,17520,23,买盘
3206,14:07:48,7.62,762,1,买盘
3207,14:07:54,7.61,22830,30,卖盘
3208,14:08:00,7.62,12192,16,买盘
3209,14:08:03,7.61,19049,25,卖盘
3210,14:08:06,7.61,36528,48,卖盘
3211,14:08:09,7.62,153162,201,买盘
3212,14:08:12,7.62,9906,13,买盘
3213,14:08:18,7.61,306683,403,卖盘
3214,14:08:24,7.61,12176,16,卖盘
3215,14:08:27,7.61,76100,100,卖盘
3216,14:08:30,7.61,14460,19,卖盘
3217,14:08:33,7.61,8371,11,卖盘
3218,14:08:36,7.62,32766,43,买盘
3219,14:08:39,7.62,9906,13,买盘
3220,14:08:42,7.61,19786,26,卖盘
3221,14:08:45,7.61,8371,11,卖盘
3222,14:08:48,7.61,761,1,卖盘
3223,14:08:51,7.61,50226,66,卖盘
3224,14:08:54,7.61,3044,4,卖盘
3225,14:08:57,7.61,12177,16,卖盘
3226,14:09:00,7.61,28157,37,卖盘
3227,14:09:03,7.62,762,1,买盘
3228,14:09:06,7.62,81517,107,买盘
3229,14:09:09,7.61,140189,184,卖盘
3230,14:09:12,7.62,6858,9,买盘
3231,14:09:15,7.62,61662,81,买盘
3232,14:09:18,7.62,477764,627,买盘
3233,14:09:21,7.62,137150,180,买盘
3234,14:09:24,7.62,41145,54,买盘
3235,14:09:27,7.62,45716,60,买盘
3236,14:09:30,7.62,6858,9,买盘
3237,14:09:33,7.61,63976,84,卖盘
3238,14:09:36,7.62,35814,47,买盘
3239,14:09:39,7.61,105900,139,卖盘
3240,14:09:42,7.62,38100,50,买盘
3241,14:09:45,7.62,1524,2,买盘
3242,14:09:48,7.62,6096,8,买盘
3243,14:09:51,7.62,33528,44,买盘
3244,14:09:54,7.61,3809,5,卖盘
3245,14:10:00,7.61,15220,20,卖盘
3246,14:10:03,7.62,762,1,买盘
3247,14:10:06,7.61,11415,15,卖盘
3248,14:10:09,7.62,2286,3,买盘
3249,14:10:12,7.62,12954,17,买盘
3250,14:10:15,7.62,8372,11,买盘
3251,14:10:18,7.61,7610,10,卖盘
