,成交时间,成交价格,成交金额,成交量,性质
0,09:25:00,54.55,8035215,1473,卖盘
1,09:30:00,54.55,8201049,1503,买盘
2,09:30:03,54.58,12545177,2299,中性盘
3,09:30:06,54.61,2178080,399,买盘
4,09:30:09,54.61,1500943,275,买盘
5,09:30:12,54.61,3132374,574,买盘
6,09:30:15,54.63,769832,141,中性盘
7,09:30:18,54.65,1283510,235,买盘
8,09:30:21,54.63,950746,174,卖盘
9,09:30:24,54.63,1688223,309,卖盘
10,09:30:27,54.63,2015384,369,买盘
11,09:30:30,54.63,5197601,952,买盘
12,09:30:33,54.61,1026738,188,中性盘
13,09:30:36,54.6,1092092,200,中性盘
14,09:30:39,54.65,2168692,397,买盘
15,09:30:42,54.76,4508395,824,买盘
16,09:30:45,54.76,1822630,333,买盘
17,09:30:48,54.75,1062303,194,卖盘
18,09:30:51,54.78,1401611,256,买盘
19,09:30:54,54.78,1506220,275,买盘
20,09:30:57,54.78,2541833,464,卖盘
21,09:31:00,54.77,1884325,344,中性盘
22,09:31:03,54.7,1500323,274,卖盘
23,09:31:06,54.66,1444731,264,卖盘
24,09:31:09,54.75,1324642,242,买盘
25,09:31:12,54.67,1756149,321,卖盘
26,09:31:15,54.71,2341943,428,中性盘
27,09:31:18,54.75,3618403,661,买盘
28,09:31:21,54.73,1970342,360,买盘
29,09:31:24,54.77,3109055,568,买盘
30,09:31:27,54.75,1297508,237,卖盘
31,09:31:30,54.76,1385141,253,买盘
32,09:31:33,54.76,1451211,265,买盘
33,09:31:36,54.76,7692431,1404,买盘
34,09:31:39,54.76,1795891,328,卖盘
35,09:31:42,54.74,1259299,230,卖盘
36,09:31:45,54.77,2815069,514,买盘
37,09:31:48,54.76,1139068,208,卖盘
38,09:31:51,54.78,1341972,245,买盘
39,09:31:54,54.79,1599596,292,买盘
40,09:31:57,54.78,1013363,185,卖盘
41,09:32:00,54.78,854513,156,买盘
42,09:32:03,54.79,2684246,490,买盘
43,09:32:06,54.77,1506156,275,卖盘
44,09:32:09,54.75,1829494,334,卖盘
45,09:32:12,54.78,1648467,301,买盘
46,09:32:15,54.76,1785507,326,卖盘
47,09:32:18,54.76,1517059,277,卖盘
48,09:32:21,54.75,2502553,457,卖盘
49,09:32:24,54.76,1325031,242,买盘
50,09:32:27,54.75,1894306,346,卖盘
51,09:32:30,54.84,7391178,1349,买盘
52,09:32:33,54.81,3252426,593,卖盘
53,09:32:36,54.85,756625,138,买盘
54,09:32:39,54.85,1574219,287,卖盘
55,09:32:42,54.86,1036863,189,买盘
56,09:32:45,54.92,8978186,1635,买盘
57,09:32:48,54.96,1367231,249,中性盘
58,09:32:51,54.97,571559,104,买盘
59,09:32:54,54.97,1352023,246,买盘
60,09:32:57,54.96,2583649,470,卖盘
61,09:33:00,54.97,2583016,470,买盘
62,09:33:03,54.88,2455620,447,卖盘
63,09:33:06,54.96,3719616,677,买盘
64,09:33:09,54.95,1543786,281,中性盘
65,09:33:12,54.89,1526657,278,中性盘
66,09:33:15,54.81,4451190,811,卖盘
67,09:33:18,54.85,2232460,407,买盘
68,09:33:21,54.85,2089014,381,买盘
69,09:33:24,54.81,1780762,325,中性盘
70,09:33:27,54.77,3484373,636,中性盘
71,09:33:30,54.8,1741654,318,买盘
72,09:33:33,54.77,613677,112,卖盘
73,09:33:36,54.77,1183181,216,卖盘
74,09:33:39,54.79,1654552,302,买盘
75,09:33:42,54.8,498548,91,买盘
76,09:33:45,54.8,1747604,319,买盘
77,09:33:48,54.79,1178070,215,卖盘
78,09:33:51,54.76,7549020,1378,卖盘
79,09:33:54,54.76,2403661,439,卖盘
80,09:33:57,54.76,1510982,276,买盘
81,09:34:00,54.7,1275085,233,卖盘
82,09:34:03,54.76,3232854,591,买盘
83,09:34:06,54.76,656516,120,买盘
84,09:34:09,54.71,711546,130,卖盘
85,09:34:12,54.76,1132992,207,买盘
86,09:34:15,54.74,662395,121,中性盘
87,09:34:18,54.77,1095213,200,买盘
88,09:34:21,54.79,788794,144,买盘
89,09:34:24,54.78,345117,63,中性盘
90,09:34:27,54.78,903956,165,卖盘
91,09:34:30,54.79,871100,159,买盘
92,09:34:33,54.79,1632935,298,卖盘
93,09:34:36,54.8,1150771,210,买盘
94,09:34:39,54.81,257591,47,买盘
95,09:34:42,54.81,263094,48,卖盘
96,09:34:45,54.83,997740,182,买盘
97,09:34:48,54.82,1540243,281,卖盘
98,09:34:51,54.81,9797449,1788,卖盘
99,09:34:54,54.81,767367,140,买盘
100,09:34:57,54.82,723543,132,买盘
101,09:35:00,54.81,1085220,198,中性盘
102,09:35:03,54.79,3567040,651,卖盘
103,09:35:06,54.78,3298324,602,中性盘
104,09:35:09,54.77,3219757,588,中性盘
105,09:35:12,54.76,1895191,346,中性盘
106,09:35:15,54.72,1384500,253,卖盘
107,09:35:18,54.72,1412358,258,卖盘
108,09:35:21,54.73,996106,182,买盘
109,09:35:24,54.73,541818,99,卖盘
110,09:35:27,54.73,6712085,1227,卖盘
111,09:35:30,54.71,2259389,413,卖盘
112,09:35:33,54.71,481496,88,卖盘
113,09:35:36,54.7,711146,130,卖盘
114,09:35:39,54.69,360989,66,卖盘
115,09:35:42,54.66,1438047,263,卖盘
116,09:35:45,54.66,655933,120,卖盘
117,09:35:48,54.66,229566,42,买盘
118,09:35:51,54.66,940081,172,买盘
119,09:35:54,54.64,387993,71,卖盘
120,09:35:57,54.64,923231,169,买盘
121,09:36:00,54.63,682800,125,卖盘
122,09:36:03,54.61,3620475,663,卖盘
123,09:36:06,54.6,469553,86,卖盘
124,09:36:09,54.57,453091,83,中性盘
125,09:36:12,54.6,987916,181,中性盘
126,09:36:15,54.59,709497,130,中性盘
127,09:36:18,54.6,1807260,331,买盘
128,09:36:21,54.59,611409,112,中性盘
129,09:36:24,54.6,704286,129,买盘
130,09:36:27,54.6,2101503,385,卖盘
131,09:36:30,54.6,1037391,190,卖盘
132,09:36:33,54.58,2691706,493,卖盘
133,09:36:36,54.6,769820,141,买盘
134,09:36:39,54.6,589605,108,买盘
135,09:36:42,54.59,409447,75,买盘
136,09:36:45,54.6,556918,102,买盘
137,09:36:48,54.6,1184765,217,买盘
138,09:36:51,54.59,376710,69,中性盘
139,09:36:54,54.59,491321,90,买盘
140,09:36:57,54.59,152860,28,卖盘
141,09:37:00,54.61,900832,165,买盘
142,09:37:03,54.6,2562271,469,卖盘
143,09:37:06,54.61,721118,132,卖盘
144,09:37:09,54.66,240359,44,买盘
145,09:37:12,54.65,748598,137,买盘
146,09:37:15,54.66,218615,40,买盘
147,09:37:18,54.66,388063,71,买盘
148,09:37:21,54.66,393570,72,买盘
149,09:37:24,54.67,240518,44,中性盘
150,09:37:27,54.68,743474,136,买盘
151,09:37:30,54.68,689089,126,卖盘
152,09:37:33,54.69,3985835,729,买盘
153,09:37:36,54.68,579510,106,中性盘
154,09:37:39,54.65,4672550,855,卖盘
155,09:37:42,54.66,825332,151,买盘
156,09:37:45,54.65,475496,87,中性盘
157,09:37:48,54.63,1284039,235,卖盘
158,09:37:51,54.64,994160,182,中性盘
159,09:37:54,54.61,1049005,192,中性盘
160,09:37:57,54.64,677378,124,买盘
161,09:38:00,54.64,764924,140,买盘
162,09:38:03,54.61,1916765,351,卖盘
163,09:38:06,54.6,365937,67,卖盘
164,09:38:09,54.62,2718867,498,中性盘
165,09:38:12,54.6,234806,43,卖盘
166,09:38:15,54.61,660683,121,中性盘
167,09:38:18,54.61,5737288,1050,买盘
168,09:38:21,54.6,584322,107,卖盘
169,09:38:24,54.6,857277,157,卖盘
170,09:38:27,54.61,622586,114,卖盘
171,09:38:30,54.61,365863,67,买盘
172,09:38:33,54.61,191116,35,买盘
173,09:38:36,54.62,1255982,230,买盘
174,09:38:39,54.61,704547,129,卖盘
175,09:38:42,54.62,131076,24,买盘
176,09:38:45,54.62,469669,86,买盘
177,09:38:48,54.61,1146848,210,卖盘
178,09:38:51,54.61,185665,34,买盘
179,09:38:54,54.62,273061,50,买盘
180,09:38:57,54.6,1638104,300,卖盘
181,09:39:00,54.59,666095,122,卖盘
182,09:39:03,54.61,3974389,728,买盘
183,09:39:06,54.62,524233,96,买盘
184,09:39:09,54.61,305841,56,中性盘
185,09:39:12,54.61,141982,26,卖盘
186,09:39:15,54.62,551561,101,买盘
187,09:39:18,54.6,715353,131,卖盘
188,09:39:21,54.62,185683,34,中性盘
189,09:39:24,54.62,808209,148,中性盘
190,09:39:27,54.61,720854,132,卖盘
191,09:39:30,54.61,1812964,332,买盘
192,09:39:33,54.62,573448,105,买盘
193,09:39:36,54.61,141997,26,卖盘
194,09:39:39,54.61,185696,34,卖盘
195,09:39:42,54.61,371404,68,卖盘
196,09:39:45,54.61,693621,127,卖盘
197,09:39:48,54.62,2195294,402,买盘
198,09:39:51,54.62,1774617,325,买盘
199,09:39:54,54.6,365930,67,卖盘
200,09:39:57,54.62,557011,102,买盘
201,09:40:00,54.61,273010,50,买盘
202,09:40:03,54.61,294896,54,卖盘
203,09:40:06,54.6,404100,74,卖盘
204,09:40:09,54.6,835406,153,卖盘
205,09:40:12,54.59,502303,92,卖盘
206,09:40:15,54.59,2238341,410,卖盘
207,09:40:18,54.57,1599229,293,卖盘
208,09:40:21,54.57,982406,180,卖盘
209,09:40:24,54.6,229266,42,买盘
210,09:40:27,54.57,2357160,432,卖盘
211,09:40:30,54.57,1805986,331,买盘
212,09:40:33,54.56,458330,84,中性盘
213,09:40:36,54.56,949246,174,中性盘
214,09:40:39,54.56,300086,55,卖盘
215,09:40:42,54.56,1522236,279,买盘
216,09:40:45,54.56,2139206,392,卖盘
217,09:40:48,54.56,616512,113,卖盘
218,09:40:51,54.57,1156700,212,买盘
219,09:40:54,54.57,98233,18,卖盘
220,09:40:57,54.6,289278,53,买盘
221,09:41:00,54.57,360161,66,买盘
222,09:41:03,54.57,251034,46,中性盘
223,09:41:06,54.57,87322,16,卖盘
224,09:41:09,54.61,1785382,327,买盘
225,09:41:12,54.62,972051,178,买盘
226,09:41:15,54.62,540796,99,中性盘
227,09:41:18,54.62,223957,41,卖盘
228,09:41:21,54.61,147468,27,卖盘
229,09:41:24,54.62,628140,115,买盘
230,09:41:27,54.62,841125,154,买盘
231,09:41:30,54.61,1037748,190,卖盘
232,09:41:33,54.6,1195762,219,卖盘
233,09:41:36,54.6,753460,138,买盘
234,09:41:39,54.6,2347851,430,买盘
235,09:41:42,54.6,376688,69,买盘
236,09:41:45,54.59,474978,87,卖盘
237,09:41:48,54.6,245676,45,买盘
238,09:41:51,54.59,365787,67,卖盘
239,09:41:54,54.59,4093818,750,卖盘
240,09:41:57,54.59,1686299,309,买盘
241,09:42:00,54.58,2155553,395,中性盘
242,09:42:03,54.53,9649145,1769,卖盘
243,09:42:06,54.52,2845840,522,卖盘
244,09:42:09,54.5,828783,152,卖盘
245,09:42:12,54.5,692192,127,卖盘
246,09:42:15,54.5,4975876,913,卖盘
247,09:42:18,54.5,1395002,256,卖盘
248,09:42:21,54.49,147145,27,中性盘
249,09:42:24,54.5,702972,129,买盘
250,09:42:27,54.48,670139,123,卖盘
251,09:42:30,54.48,920625,169,买盘
252,09:42:33,54.48,283273,52,买盘
253,09:42:36,54.47,659114,121,卖盘
254,09:42:39,54.47,3005874,552,买盘
255,09:42:42,54.47,544614,100,买盘
256,09:42:45,54.45,609945,112,卖盘
257,09:42:48,54.45,402897,74,买盘
258,09:42:51,54.44,626118,115,卖盘
259,09:42:54,54.44,489976,90,卖盘
260,09:42:57,54.44,887313,163,买盘
261,09:43:00,54.44,500864,92,买盘
262,09:43:03,54.44,348386,64,卖盘
263,09:43:06,54.44,4887158,898,买盘
264,09:43:09,54.44,495418,91,买盘
265,09:43:12,54.44,849269,156,卖盘
266,09:43:15,54.44,473695,87,卖盘
267,09:43:18,54.45,343031,63,卖盘
268,09:43:21,54.46,413872,76,买盘
269,09:43:24,54.45,1502914,276,卖盘
270,09:43:27,54.45,1078054,198,买盘
271,09:43:30,54.45,321252,59,买盘
272,09:43:33,54.48,3451260,634,买盘
273,09:43:36,54.48,751449,138,买盘
274,09:43:39,54.48,397551,73,买盘
275,09:43:42,54.48,419438,77,买盘
276,09:43:45,54.47,490186,90,中性盘
277,09:43:48,54.48,337759,62,买盘
278,09:43:51,54.46,2266187,416,卖盘
279,09:43:54,54.48,937200,172,中性盘
280,09:43:57,54.49,152579,28,卖盘
281,09:44:00,54.5,108979,20,买盘
282,09:44:03,54.49,599394,110,卖盘
283,09:44:06,54.49,136221,25,买盘
284,09:44:09,54.48,1100463,202,卖盘
285,09:44:12,54.48,866189,159,买盘
286,09:44:15,54.46,1138266,209,卖盘
287,09:44:18,54.43,3403767,625,卖盘
288,09:44:21,54.45,451069,83,买盘
289,09:44:24,54.44,119793,22,卖盘
290,09:44:27,54.45,506287,93,卖盘
291,09:44:30,54.44,3401763,625,卖盘
292,09:44:33,54.45,609686,112,买盘
293,09:44:36,54.44,430116,79,卖盘
294,09:44:39,54.44,1126923,207,卖盘
295,09:44:42,54.44,108876,20,卖盘
296,09:44:45,54.43,566075,104,卖盘
297,09:44:48,54.42,206815,38,卖盘
298,09:44:51,54.43,440848,81,买盘
299,09:44:54,54.42,566015,104,卖盘
300,09:44:57,54.42,2497303,459,买盘
301,09:45:00,54.41,848995,156,卖盘
302,09:45:03,54.4,2693404,495,卖盘
303,09:45:06,54.38,630836,116,卖盘
304,09:45:09,54.37,794032,146,卖盘
305,09:45:12,54.37,386046,71,卖盘
306,09:45:15,54.39,1402936,258,买盘
307,09:45:18,54.38,848205,156,中性盘
308,09:45:21,54.38,418693,77,卖盘
309,09:45:24,54.38,429594,79,卖盘
310,09:45:27,54.38,1544376,284,卖盘
311,09:45:30,54.39,853771,157,买盘
312,09:45:33,54.38,369856,68,卖盘
313,09:45:36,54.38,957219,176,卖盘
314,09:45:39,54.38,538418,99,卖盘
315,09:45:42,54.38,451388,83,卖盘
316,09:45:45,54.38,2882458,530,卖盘
317,09:45:48,54.39,418738,77,卖盘
318,09:45:51,54.4,467809,86,买盘
319,09:45:54,54.4,331841,61,卖盘
320,09:45:57,54.4,239384,44,卖盘
321,09:46:00,54.41,119689,22,买盘
322,09:46:03,54.41,103379,19,卖盘
323,09:46:06,54.43,767098,141,买盘
324,09:46:09,54.43,201360,37,买盘
325,09:46:12,54.43,854783,157,买盘
326,09:46:15,54.43,81660,15,卖盘
327,09:46:18,54.44,370142,68,中性盘
328,09:46:21,54.45,479149,88,中性盘
329,09:46:24,54.47,370202,68,买盘
330,09:46:27,54.48,397578,73,买盘
331,09:46:30,54.48,294184,54,买盘
332,09:46:33,54.49,168908,31,买盘
333,09:46:36,54.48,321432,59,卖盘
334,09:46:39,54.49,1209714,222,买盘
335,09:46:42,54.47,1176753,216,卖盘
336,09:46:45,54.49,228813,42,买盘
337,09:46:48,54.5,256070,47,买盘
338,09:46:51,54.49,354104,65,买盘
339,09:46:54,54.47,1819425,334,卖盘
340,09:46:57,54.5,1373129,252,买盘
341,09:47:00,54.46,288838,53,卖盘
342,09:47:03,54.47,495782,91,卖盘
343,09:47:06,54.47,746244,137,卖盘
344,09:47:09,54.46,348693,64,卖盘
345,09:47:12,54.49,201604,37,买盘
346,09:47:15,54.46,833260,153,卖盘
347,09:47:18,54.45,2864259,526,卖盘
348,09:47:21,54.43,734981,135,卖盘
349,09:47:24,54.41,1681658,309,卖盘
350,09:47:27,54.4,359197,66,卖盘
351,09:47:30,54.41,239379,44,买盘
352,09:47:33,54.4,321012,59,卖盘
353,09:47:36,54.41,244834,45,买盘
354,09:47:39,54.42,429876,79,中性盘
355,09:47:42,54.41,1909416,351,卖盘
356,09:47:45,54.44,440803,81,买盘
357,09:47:48,54.43,217722,40,卖盘
358,09:47:51,54.45,495294,91,买盘
359,09:47:54,54.43,495316,91,卖盘
360,09:47:57,54.42,370038,68,卖盘
361,09:48:00,54.42,321072,59,买盘
362,09:48:03,54.42,315608,58,买盘
363,09:48:06,54.42,772680,142,买盘
364,09:48:09,54.41,478849,88,卖盘
365,09:48:12,54.42,223081,41,买盘
366,09:48:15,54.4,881518,162,卖盘
367,09:48:18,54.42,163261,30,中性盘
368,09:48:21,54.41,179585,33,卖盘
369,09:48:24,54.42,81626,15,买盘
370,09:48:27,54.42,370035,68,买盘
371,09:48:30,54.42,876039,161,卖盘
372,09:48:33,54.41,446181,82,卖盘
373,09:48:36,54.42,185010,34,买盘
374,09:48:39,54.41,244853,45,卖盘
375,09:48:42,54.41,76180,14,卖盘
376,09:48:45,54.41,223095,41,卖盘
377,09:48:48,54.42,239428,44,买盘
378,09:48:51,54.4,7446174,1369,卖盘
379,09:48:54,54.39,206706,38,中性盘
380,09:48:57,54.38,195765,36,中性盘
381,09:49:00,54.37,1130975,208,卖盘
382,09:49:03,54.38,271880,50,中性盘
383,09:49:06,54.38,348031,64,卖盘
384,09:49:09,54.38,239294,44,卖盘
385,09:49:12,54.38,1076569,198,卖盘
386,09:49:15,54.35,2082126,383,卖盘
387,09:49:18,54.38,364333,67,买盘
388,09:49:21,54.38,228376,42,买盘
389,09:49:24,54.36,505493,93,卖盘
390,09:49:27,54.37,244664,45,买盘
391,09:49:30,54.36,369689,68,卖盘
392,09:49:33,54.37,451197,83,买盘
393,09:49:36,54.36,228323,42,卖盘
394,09:49:39,54.36,157643,29,卖盘
395,09:49:42,54.36,266368,49,卖盘
396,09:49:45,54.36,592587,109,卖盘
397,09:49:48,54.36,141338,26,卖盘
398,09:49:51,54.36,1962872,361,卖盘
399,09:49:54,54.38,320836,59,买盘
400,09:49:57,54.38,1076688,198,买盘
401,09:50:00,54.38,97884,18,卖盘
402,09:50:03,54.39,1310738,241,买盘
403,09:50:06,54.4,592796,109,买盘
404,09:50:09,54.4,195805,36,买盘
405,09:50:12,54.4,261084,48,买盘
406,09:50:15,54.4,261116,48,买盘
407,09:50:18,54.4,505860,93,买盘
408,09:50:21,54.4,462379,85,买盘
409,09:50:24,54.4,65283,12,卖盘
410,09:50:27,54.41,315538,58,买盘
411,09:50:30,54.41,223085,41,卖盘
412,09:50:33,54.41,163231,30,卖盘
413,09:50:36,54.42,228557,42,买盘
414,09:50:39,54.42,201344,37,买盘
415,09:50:42,54.42,92511,17,中性盘
416,09:50:45,54.41,440735,81,卖盘
417,09:50:48,54.42,152355,28,买盘
418,09:50:51,54.41,1272896,234,中性盘
419,09:50:54,54.37,1104193,203,卖盘
420,09:50:57,54.38,174039,32,中性盘
421,09:51:00,54.37,97886,18,卖盘
422,09:51:03,54.37,380617,70,卖盘
423,09:51:06,54.38,277327,51,中性盘
424,09:51:09,54.38,108760,20,卖盘
425,09:51:12,54.38,179435,33,中性盘
426,09:51:15,54.4,277418,51,买盘
427,09:51:18,54.41,97935,18,买盘
428,09:51:21,54.39,217574,40,卖盘
429,09:51:24,54.39,304621,56,卖盘
430,09:51:27,54.39,261094,48,卖盘
431,09:51:30,54.4,565663,104,中性盘
432,09:51:33,54.4,353601,65,卖盘
433,09:51:36,54.4,201296,37,卖盘
434,09:51:39,54.41,408036,75,买盘
435,09:51:42,54.41,16321,3,中性盘
436,09:51:45,54.42,195869,36,买盘
437,09:51:48,54.42,653002,120,买盘
438,09:51:51,54.43,157823,29,买盘
439,09:51:54,54.43,489743,90,买盘
440,09:51:57,54.43,288441,53,买盘
441,09:52:00,54.41,299334,55,卖盘
442,09:52:03,54.44,43546,8,买盘
443,09:52:06,54.44,5444,1,买盘
444,09:52:09,54.44,375536,69,买盘
445,09:52:12,54.44,528033,97,中性盘
446,09:52:15,54.44,146972,27,买盘
447,09:52:18,54.42,614966,113,卖盘
448,09:52:21,54.42,1148138,211,买盘
449,09:52:24,54.43,380994,70,买盘
450,09:52:27,54.42,266680,49,卖盘
451,09:52:30,54.42,266684,49,卖盘
452,09:52:33,54.43,266694,49,买盘
453,09:52:36,54.42,555160,102,卖盘
454,09:52:39,54.42,293872,54,卖盘
455,09:52:42,54.42,451684,83,买盘
456,09:52:45,54.42,206824,38,卖盘
457,09:52:48,54.43,446328,82,买盘
458,09:52:51,54.43,48987,9,卖盘
459,09:52:54,54.43,533417,98,卖盘
460,09:52:57,54.44,381055,70,买盘
461,09:53:00,54.45,70778,13,买盘
462,09:53:03,54.45,1235839,227,买盘
463,09:53:06,54.45,49008,9,卖盘
464,09:53:09,54.45,277707,51,卖盘
465,09:53:12,54.46,277699,51,买盘
466,09:53:15,54.46,294063,54,买盘
467,09:53:18,54.47,245088,45,买盘
468,09:53:21,54.46,669851,123,卖盘
469,09:53:24,54.45,375795,69,卖盘
470,09:53:27,54.46,38126,7,中性盘
471,09:53:30,54.46,326751,60,卖盘
472,09:53:33,54.48,157945,29,买盘
473,09:53:36,54.48,299628,55,买盘
474,09:53:39,54.48,250584,46,买盘
475,09:53:42,54.48,484872,89,买盘
476,09:53:45,54.48,196132,36,买盘
477,09:53:48,54.49,185242,34,买盘
478,09:53:51,54.48,125305,23,卖盘
479,09:53:54,54.49,119878,22,买盘
480,09:53:57,54.48,4123437,757,卖盘
481,09:54:00,54.48,686208,126,买盘
482,09:54:03,54.46,495506,91,中性盘
483,09:54:06,54.46,691522,127,买盘
484,09:54:09,54.46,315841,58,买盘
485,09:54:12,54.45,386629,71,卖盘
486,09:54:15,54.46,98019,18,买盘
487,09:54:18,54.46,87136,16,买盘
488,09:54:21,54.46,217820,40,卖盘
489,09:54:24,54.45,201493,37,卖盘
490,09:54:27,54.46,87135,16,买盘
491,09:54:30,54.47,92574,17,买盘
492,09:54:33,54.47,10894,2,买盘
493,09:54:36,54.47,528350,97,买盘
494,09:54:39,54.47,512039,94,买盘
495,09:54:42,54.47,217880,40,买盘
496,09:54:45,54.47,305082,56,卖盘
497,09:54:48,54.49,365081,67,买盘
498,09:54:51,54.49,157985,29,卖盘
499,09:54:54,54.49,98065,18,买盘
500,09:54:57,54.49,648448,119,买盘
501,09:55:00,54.46,926019,170,卖盘
502,09:55:03,54.47,49023,9,买盘
503,09:55:06,54.47,65363,12,买盘
504,09:55:09,54.49,718984,132,买盘
505,09:55:12,54.49,207004,38,买盘
506,09:55:15,54.49,484956,89,买盘
507,09:55:18,54.49,108983,20,卖盘
508,09:55:21,54.49,915324,168,卖盘
509,09:55:24,54.49,201615,37,卖盘
510,09:55:27,54.48,1138444,209,卖盘
511,09:55:30,54.49,136200,25,买盘
512,09:55:33,54.48,430457,79,买盘
513,09:55:36,54.47,484880,89,卖盘
514,09:55:39,54.48,228849,42,中性盘
515,09:55:42,54.5,392395,72,买盘
516,09:55:45,54.48,168919,31,卖盘
517,09:55:48,54.48,299684,55,卖盘
518,09:55:51,54.49,239736,44,买盘
519,09:55:54,54.48,223387,41,卖盘
520,09:55:57,54.48,1901616,349,卖盘
521,09:56:00,54.49,365030,67,买盘
522,09:56:03,54.48,277861,51,卖盘
523,09:56:06,54.48,430391,79,买盘
524,09:56:09,54.49,441375,81,买盘
525,09:56:12,54.49,16348,3,卖盘
526,09:56:15,54.49,141689,26,卖盘
527,09:56:18,54.5,212529,39,买盘
528,09:56:21,54.5,217999,40,买盘
529,09:56:24,54.5,627786,115,买盘
530,09:56:27,54.5,103565,19,卖盘
531,09:56:30,54.52,288915,53,买盘
532,09:56:33,54.51,38157,7,卖盘
533,09:56:36,54.52,250752,46,买盘
534,09:56:39,54.53,70886,13,买盘
535,09:56:42,54.53,392563,72,买盘
536,09:56:45,54.52,523481,96,卖盘
537,09:56:48,54.53,207209,38,买盘
538,09:56:51,54.53,310817,57,卖盘
539,09:56:54,54.53,87260,16,卖盘
540,09:56:57,54.54,49083,9,买盘
541,09:57:00,54.55,2225321,408,买盘
542,09:57:03,54.55,343668,63,卖盘
543,09:57:06,54.55,54556,10,卖盘
544,09:57:09,54.56,343738,63,买盘
545,09:57:12,54.56,409200,75,卖盘
546,09:57:15,54.56,251014,46,卖盘
547,09:57:18,54.55,1031138,189,卖盘
548,09:57:21,54.55,1554673,285,买盘
549,09:57:24,54.56,387313,71,买盘
550,09:57:27,54.55,556592,102,卖盘
551,09:57:30,54.58,321880,59,买盘
552,09:57:33,54.58,365568,67,买盘
553,09:57:36,54.58,207391,38,买盘
554,09:57:39,54.58,966026,177,买盘
555,09:57:42,54.58,458469,84,买盘
556,09:57:45,54.58,283816,52,买盘
557,09:57:48,54.58,180105,33,中性盘
558,09:57:51,54.58,551348,101,卖盘
559,09:57:54,54.58,76415,14,卖盘
560,09:57:57,54.59,682272,125,买盘
561,09:58:00,54.59,130995,24,买盘
562,09:58:03,54.59,611389,112,买盘
563,09:58:06,54.59,1212162,222,卖盘
564,09:58:09,54.6,218415,40,买盘
565,09:58:12,54.62,393256,72,买盘
566,09:58:15,54.61,32766,6,卖盘
567,09:58:18,54.63,81943,15,买盘
568,09:58:21,54.62,344159,63,卖盘
569,09:58:24,54.61,781061,143,卖盘
570,09:58:27,54.65,617425,113,买盘
571,09:58:30,54.65,480831,88,买盘
572,09:58:33,54.63,92875,17,卖盘
573,09:58:36,54.64,961634,176,买盘
574,09:58:39,54.64,743083,136,买盘
575,09:58:42,54.61,977991,179,卖盘
576,09:58:45,54.64,781329,143,买盘
577,09:58:48,54.63,398728,73,中性盘
578,09:58:51,54.62,590050,108,中性盘
579,09:58:54,54.63,131115,24,买盘
580,09:58:57,54.63,1289432,236,卖盘
581,09:59:00,54.64,303399,56,买盘
582,09:59:03,54.63,1554355,284,卖盘
583,09:59:06,54.64,322363,59,买盘
584,09:59:09,54.62,535363,98,卖盘
585,09:59:12,54.62,442507,81,卖盘
586,09:59:15,54.62,994340,182,卖盘
587,09:59:18,54.58,3156030,578,卖盘
588,09:59:21,54.58,262004,48,卖盘
589,09:59:24,54.58,414879,76,卖盘
590,09:59:27,54.55,1435198,263,卖盘
591,09:59:30,54.54,316378,58,卖盘
592,09:59:33,54.56,354585,65,买盘
593,09:59:36,54.55,109078,20,买盘
594,09:59:39,54.55,81825,15,卖盘
595,09:59:42,54.55,130920,24,卖盘
596,09:59:45,54.55,338214,62,卖盘
597,09:59:48,54.53,1221574,224,卖盘
598,09:59:51,54.53,479804,88,买盘
599,09:59:54,54.52,119946,22,卖盘
600,09:59:57,54.52,278056,51,卖盘
601,10:00:00,54.5,4267842,783,卖盘
602,10:00:03,54.49,147143,27,卖盘
603,10:00:06,54.5,294373,54,中性盘
604,10:00:09,54.5,27250,5,卖盘
605,10:00:12,54.5,452411,83,卖盘
606,10:00:15,54.51,1749839,321,卖盘
607,10:00:18,54.52,136302,25,卖盘
608,10:00:21,54.55,610741,112,买盘
609,10:00:24,54.55,147243,27,买盘
610,10:00:27,54.52,196316,36,卖盘
611,10:00:30,54.55,272725,50,买盘
612,10:00:33,54.55,130920,24,卖盘
613,10:00:36,54.57,169142,31,买盘
614,10:00:39,54.56,120029,22,卖盘
615,10:00:42,54.57,823692,151,买盘
616,10:00:45,54.57,65477,12,中性盘
617,10:00:48,54.57,518486,95,卖盘
618,10:00:51,54.59,141901,26,买盘
619,10:00:54,54.61,256629,47,买盘
620,10:00:57,54.61,398519,73,买盘
621,10:01:00,54.63,1398367,256,买盘
622,10:01:03,54.64,267699,49,买盘
623,10:01:06,54.64,1664280,305,买盘
624,10:01:09,54.64,303111,55,卖盘
625,10:01:12,54.64,379861,70,买盘
626,10:01:15,54.64,464630,85,卖盘
627,10:01:18,54.64,598198,109,卖盘
628,10:01:21,54.66,404363,74,买盘
629,10:01:24,54.66,617457,113,买盘
630,10:01:27,54.65,284147,52,买盘
631,10:01:30,54.65,568332,104,买盘
632,10:01:33,54.66,469996,86,买盘
633,10:01:36,54.65,174889,32,卖盘
634,10:01:39,54.66,163959,30,卖盘
635,10:01:42,54.66,267842,49,中性盘
636,10:01:45,54.65,284205,52,卖盘
637,10:01:48,54.66,431754,79,买盘
638,10:01:51,54.65,426276,78,卖盘
639,10:01:54,54.65,420803,77,买盘
640,10:01:57,54.66,1027462,188,买盘
641,10:02:00,54.65,710482,130,卖盘
642,10:02:03,54.66,901770,165,买盘
643,10:02:06,54.65,1650421,302,卖盘
644,10:02:09,54.65,677630,124,买盘
645,10:02:12,54.67,3884191,711,买盘
646,10:02:15,54.69,907811,166,买盘
647,10:02:18,54.72,2450699,448,买盘
648,10:02:21,54.73,300961,55,买盘
649,10:02:24,54.72,279104,51,卖盘
650,10:02:27,54.74,886606,162,买盘
651,10:02:30,54.74,284616,52,买盘
652,10:02:33,54.74,613111,112,买盘
653,10:02:36,54.73,2731345,499,卖盘
654,10:02:39,54.73,2473698,452,买盘
655,10:02:42,54.73,722423,132,买盘
656,10:02:45,54.71,569131,104,中性盘
657,10:02:48,54.72,596472,109,买盘
658,10:02:51,54.7,2559311,468,卖盘
659,10:02:54,54.69,284447,52,中性盘
660,10:02:57,54.7,410163,75,买盘
661,10:03:00,54.69,191466,35,卖盘
662,10:03:03,54.7,300840,55,买盘
663,10:03:06,54.69,366451,67,卖盘
664,10:03:09,54.71,470418,86,买盘
665,10:03:12,54.7,634580,116,卖盘
666,10:03:15,54.72,426719,78,买盘
667,10:03:18,54.7,426735,78,卖盘
668,10:03:21,54.71,880960,161,买盘
669,10:03:24,54.71,661915,121,买盘
670,10:03:27,54.71,1970047,360,买盘
671,10:03:30,54.71,328246,60,卖盘
672,10:03:33,54.71,1241956,227,卖盘
673,10:03:36,54.72,755099,138,买盘
674,10:03:39,54.72,125841,23,买盘
675,10:03:42,54.72,1794767,328,买盘
676,10:03:45,54.72,547221,100,卖盘
677,10:03:48,54.74,15340888,2803,买盘
678,10:03:51,54.74,394140,72,卖盘
679,10:03:54,54.75,859620,157,买盘
680,10:03:57,54.78,492853,90,买盘
681,10:04:00,54.77,821678,150,中性盘
682,10:04:03,54.77,536821,98,卖盘
683,10:04:06,54.78,2887701,527,卖盘
684,10:04:09,54.79,1057271,193,买盘
685,10:04:12,54.78,849164,155,卖盘
686,10:04:15,54.78,279376,51,买盘
687,10:04:18,54.79,1654325,302,买盘
688,10:04:21,54.78,1013537,185,卖盘
689,10:04:24,54.78,619076,113,卖盘
690,10:04:27,54.79,1035495,189,买盘
691,10:04:30,54.78,1720316,314,卖盘
692,10:04:33,54.79,794469,145,买盘
693,10:04:36,54.8,569840,104,买盘
694,10:04:39,54.81,674018,123,买盘
695,10:04:42,54.8,613825,112,卖盘
696,10:04:45,54.81,367237,67,买盘
697,10:04:48,54.81,257594,47,买盘
698,10:04:51,54.81,482321,88,买盘
699,10:04:54,54.81,224746,41,卖盘
700,10:04:57,54.82,487818,89,买盘
701,10:05:00,54.81,3585585,654,卖盘
702,10:05:03,54.83,1014241,185,买盘
703,10:05:06,54.83,849652,155,买盘
704,10:05:09,54.83,339977,62,卖盘
705,10:05:12,54.84,1239296,226,买盘
706,10:05:15,54.84,1261250,230,买盘
707,10:05:18,54.84,1036516,189,卖盘
708,10:05:21,54.84,1639724,299,卖盘
709,10:05:24,54.84,1272394,232,买盘
710,10:05:27,54.81,1206220,220,卖盘
711,10:05:30,54.84,1436755,262,买盘
712,10:05:33,54.84,1722008,314,卖盘
713,10:05:36,54.84,2895608,528,卖盘
714,10:05:39,54.85,926888,169,买盘
715,10:05:42,54.85,433343,79,卖盘
716,10:05:45,54.86,729605,133,买盘
717,10:05:48,54.85,2347726,428,卖盘
718,10:05:51,54.87,1717336,313,买盘
719,10:05:54,54.88,3323822,606,买盘
720,10:05:57,54.88,142693,26,卖盘
721,10:06:00,54.87,1015373,185,卖盘
722,10:06:03,54.87,312798,57,卖盘
723,10:06:06,54.87,1690332,308,卖盘
724,10:06:09,54.88,1284125,234,买盘
725,10:06:12,54.87,406068,74,卖盘
726,10:06:15,54.86,921896,168,卖盘
727,10:06:18,54.87,1014979,185,买盘
728,10:06:21,54.84,1113407,203,卖盘
729,10:06:24,54.81,1255496,229,卖盘
730,10:06:27,54.82,3645780,665,中性盘
731,10:06:30,54.81,833300,152,卖盘
732,10:06:33,54.83,3157764,576,买盘
733,10:06:36,54.83,466092,85,卖盘
734,10:06:39,54.84,499013,91,卖盘
735,10:06:42,54.84,548422,100,买盘
736,10:06:45,54.84,1003518,183,卖盘
737,10:06:48,54.84,307086,56,买盘
738,10:06:51,54.84,3125425,570,买盘
739,10:06:54,54.84,1381812,252,买盘
740,10:06:57,54.83,1436615,262,卖盘
741,10:07:00,54.83,614089,112,买盘
742,10:07:03,54.82,619520,113,卖盘
743,10:07:06,54.82,476990,87,卖盘
744,10:07:09,54.8,696117,127,卖盘
745,10:07:12,54.79,279482,51,卖盘
746,10:07:15,54.78,1172352,214,卖盘
747,10:07:18,54.79,383465,70,买盘
748,10:07:21,54.77,482011,88,卖盘
749,10:07:24,54.77,706609,129,卖盘
750,10:07:27,54.77,481955,88,买盘
751,10:07:30,54.78,3593371,656,买盘
752,10:07:33,54.76,662645,121,卖盘
753,10:07:36,54.76,191660,35,买盘
754,10:07:39,54.75,328518,60,卖盘
755,10:07:42,54.75,306607,56,卖盘
756,10:07:45,54.73,202543,37,卖盘
757,10:07:48,54.74,470759,86,买盘
758,10:07:51,54.76,3580941,654,买盘
759,10:07:54,54.75,498220,91,卖盘
760,10:07:57,54.76,312038,57,买盘
761,10:08:00,54.75,186145,34,中性盘
762,10:08:03,54.74,766457,140,卖盘
763,10:08:06,54.75,520115,95,买盘
764,10:08:09,54.75,1089568,199,卖盘
765,10:08:12,54.75,448966,82,卖盘
766,10:08:15,54.76,788435,144,买盘
767,10:08:18,54.75,640649,117,卖盘
768,10:08:21,54.76,257369,47,中性盘
769,10:08:24,54.77,136906,25,买盘
770,10:08:27,54.76,826985,151,卖盘
771,10:08:30,54.77,711815,130,中性盘
772,10:08:33,54.78,498468,91,买盘
773,10:08:36,54.76,257429,47,卖盘
774,10:08:39,54.78,180760,33,买盘
775,10:08:42,54.76,241020,44,卖盘
776,10:08:45,54.78,388863,71,买盘
777,10:08:48,54.78,1977420,361,买盘
778,10:08:51,54.78,1040937,190,卖盘
779,10:08:54,54.79,416377,76,买盘
780,10:08:57,54.79,624600,114,买盘
781,10:09:00,54.79,1517930,277,卖盘
782,10:09:03,54.79,356148,65,卖盘
783,10:09:06,54.8,969896,177,买盘
784,10:09:09,54.8,915072,167,买盘
785,10:09:12,54.8,789233,144,卖盘
786,10:09:15,54.8,1358922,248,卖盘
787,10:09:18,54.81,504184,92,买盘
788,10:09:21,54.8,454867,83,卖盘
789,10:09:24,54.8,115076,21,买盘
790,10:09:27,54.79,553441,101,卖盘
791,10:09:30,54.78,350661,64,卖盘
792,10:09:33,54.79,1309444,239,买盘
793,10:09:36,54.78,3242989,592,卖盘
794,10:09:39,54.78,142414,26,买盘
795,10:09:42,54.77,722891,132,买盘
796,10:09:45,54.76,208128,38,卖盘
797,10:09:48,54.76,421713,77,卖盘
798,10:09:51,54.76,1264869,231,卖盘
799,10:09:54,54.75,591318,108,卖盘
800,10:09:57,54.76,837724,153,买盘
801,10:10:00,54.76,689901,126,买盘
802,10:10:03,54.75,1483745,271,卖盘
803,10:10:06,54.75,2671742,488,卖盘
804,10:10:09,54.75,208036,38,买盘
805,10:10:12,54.73,142301,26,卖盘
806,10:10:15,54.72,224409,41,卖盘
807,10:10:18,54.72,831730,152,卖盘
808,10:10:21,54.7,175073,32,卖盘
809,10:10:24,54.7,175093,32,卖盘
810,10:10:27,54.7,1351092,247,卖盘
811,10:10:30,54.68,344504,63,卖盘
812,10:10:33,54.68,147663,27,卖盘
813,10:10:36,54.68,2766823,506,卖盘
814,10:10:39,54.68,535851,98,买盘
815,10:10:42,54.68,514030,94,买盘
816,10:10:45,54.68,492151,90,卖盘
817,10:10:48,54.68,492127,90,卖盘
818,10:10:51,54.68,180429,33,买盘
819,10:10:54,54.68,333541,61,买盘
820,10:10:57,54.67,825752,151,卖盘
821,10:11:00,54.68,437425,80,中性盘
822,10:11:03,54.68,174967,32,卖盘
823,10:11:06,54.68,508603,93,买盘
824,10:11:09,54.69,147643,27,买盘
825,10:11:12,54.69,246066,45,买盘
826,10:11:15,54.69,1312356,240,买盘
827,10:11:18,54.69,300796,55,卖盘
828,10:11:21,54.7,366477,67,买盘
829,10:11:24,54.7,629015,115,买盘
830,10:11:27,54.7,207860,38,买盘
831,10:11:30,54.7,475885,87,买盘
832,10:11:33,54.7,760322,139,买盘
833,10:11:36,54.7,136751,25,卖盘
834,10:11:39,54.72,32823,6,买盘
835,10:11:42,54.72,147738,27,买盘
836,10:11:45,54.72,153216,28,买盘
837,10:11:48,54.72,125858,23,卖盘
838,10:11:51,54.73,158714,29,买盘
839,10:11:54,54.73,388538,71,买盘
840,10:11:57,54.74,612975,112,买盘
841,10:12:00,54.73,448764,82,中性盘
842,10:12:03,54.69,951820,174,卖盘
843,10:12:06,54.67,1596928,292,卖盘
844,10:12:09,54.69,246073,45,中性盘
845,10:12:12,54.7,404699,74,买盘
846,10:12:15,54.69,656254,120,卖盘
847,10:12:18,54.69,382885,70,卖盘
848,10:12:21,54.69,934929,171,买盘
849,10:12:24,54.7,289900,53,买盘
850,10:12:27,54.69,131253,24,买盘
851,10:12:30,54.7,103928,19,买盘
852,10:12:33,54.7,153138,28,买盘
853,10:12:36,54.68,87498,16,卖盘
854,10:12:39,54.69,196874,36,买盘
855,10:12:42,54.68,284379,52,中性盘
856,10:12:45,54.67,251545,46,卖盘
857,10:12:48,54.67,880503,161,卖盘
858,10:12:51,54.67,448294,82,卖盘
859,10:12:54,54.67,49203,9,买盘
860,10:12:57,54.66,426368,78,卖盘
861,10:13:00,54.67,43736,8,买盘
862,10:13:03,54.65,666852,122,卖盘
863,10:13:06,54.68,524821,96,买盘
864,10:13:09,54.67,267936,49,卖盘
865,10:13:12,54.67,43739,8,中性盘
866,10:13:15,54.68,207773,38,买盘
867,10:13:18,54.68,213242,39,买盘
868,10:13:21,54.68,295268,54,买盘
869,10:13:24,54.69,371853,68,买盘
870,10:13:27,54.68,339019,62,卖盘
871,10:13:30,54.69,169539,31,买盘
872,10:13:33,54.69,158611,29,卖盘
873,10:13:36,54.7,377384,69,买盘
874,10:13:39,54.69,612539,112,卖盘
875,10:13:42,54.7,393808,72,买盘
876,10:13:45,54.69,475821,87,卖盘
877,10:13:48,54.69,897070,164,卖盘
878,10:13:51,54.69,191437,35,卖盘
879,10:13:54,54.7,147690,27,买盘
880,10:13:57,54.71,10942,2,买盘
881,10:14:00,54.71,235234,43,买盘
882,10:14:03,54.71,32826,6,卖盘
883,10:14:06,54.72,164144,30,买盘
884,10:14:09,54.71,103961,19,卖盘
885,10:14:12,54.71,355627,65,卖盘
886,10:14:15,54.71,421317,77,买盘
887,10:14:18,54.74,1171233,214,买盘
888,10:14:21,54.74,426763,78,买盘
889,10:14:24,54.73,339349,62,卖盘
890,10:14:27,54.74,492606,90,买盘
891,10:14:30,54.72,240831,44,卖盘
892,10:14:33,54.73,180612,33,买盘
893,10:14:36,54.73,125888,23,卖盘
894,10:14:39,54.73,519935,95,买盘
895,10:14:42,54.73,191555,35,买盘
896,10:14:45,54.73,169663,31,卖盘
897,10:14:48,54.73,1330073,243,卖盘
898,10:14:51,54.74,202531,37,买盘
899,10:14:54,54.74,405072,74,买盘
900,10:14:57,54.74,689709,126,买盘
901,10:15:00,54.74,224434,41,买盘
902,10:15:03,54.75,3169778,579,买盘
903,10:15:06,54.75,87600,16,卖盘
904,10:15:09,54.76,344975,63,买盘
905,10:15:12,54.75,120458,22,中性盘
906,10:15:15,54.76,257347,47,买盘
907,10:15:18,54.75,1259443,230,卖盘
908,10:15:21,54.76,295696,54,买盘
909,10:15:24,54.77,43811,8,买盘
910,10:15:30,54.77,405293,74,买盘
911,10:15:33,54.77,279326,51,买盘
912,10:15:36,54.78,164314,30,买盘
913,10:15:39,54.77,246465,45,卖盘
914,10:15:42,54.78,82161,15,买盘
915,10:15:45,54.78,186252,34,买盘
916,10:15:48,54.78,498486,91,买盘
917,10:15:51,54.78,273897,50,买盘
918,10:15:54,54.78,410850,75,买盘
919,10:15:57,54.78,104083,19,卖盘
920,10:16:00,54.77,3598778,657,卖盘
921,10:16:03,54.78,366934,67,买盘
922,10:16:06,54.78,312233,57,买盘
923,10:16:09,54.77,536605,98,中性盘
924,10:16:12,54.76,553068,101,买盘
925,10:16:15,54.76,147848,27,买盘
926,10:16:18,54.75,240906,44,卖盘
927,10:16:21,54.76,416131,76,买盘
928,10:16:24,54.76,98570,18,卖盘
929,10:16:27,54.75,136896,25,卖盘
930,10:16:30,54.75,147850,27,卖盘
931,10:16:33,54.75,164264,30,卖盘
932,10:16:36,54.76,158786,29,买盘
933,10:16:39,54.75,443531,81,卖盘
934,10:16:42,54.76,487354,89,买盘
935,10:16:45,54.76,136900,25,卖盘
936,10:16:48,54.75,334025,61,卖盘
937,10:16:51,54.75,339487,62,卖盘
938,10:16:54,54.76,71185,13,买盘
939,10:16:57,54.75,60227,11,卖盘
940,10:17:00,54.75,125925,23,卖盘
941,10:17:03,54.73,1111315,203,卖盘
942,10:17:06,54.73,1630821,298,卖盘
943,10:17:09,54.73,10946,2,买盘
944,10:17:12,54.73,153222,28,买盘
945,10:17:15,54.71,136794,25,卖盘
946,10:17:18,54.71,415815,76,卖盘
947,10:17:21,54.71,306385,56,卖盘
948,10:17:24,54.71,191497,35,卖盘
949,10:17:27,54.7,1280263,234,卖盘
950,10:17:30,54.71,147710,27,买盘
951,10:17:33,54.7,536060,98,卖盘
952,10:17:36,54.7,1279969,234,卖盘
953,10:17:39,54.69,284407,52,卖盘
954,10:17:42,54.69,847610,155,卖盘
955,10:17:45,54.68,218743,40,卖盘
956,10:17:48,54.69,87504,16,买盘
957,10:17:51,54.68,267944,49,卖盘
958,10:17:54,54.68,426537,78,卖盘
959,10:17:57,54.69,229663,42,买盘
960,10:18:00,54.69,874948,160,买盘
961,10:18:03,54.69,229682,42,买盘
962,10:18:06,54.68,71084,13,卖盘
963,10:18:09,54.68,109364,20,卖盘
964,10:18:12,54.69,98432,18,买盘
965,10:18:15,54.68,49212,9,卖盘
966,10:18:18,54.68,628821,115,卖盘
967,10:18:21,54.67,114827,21,卖盘
968,10:18:24,54.68,109360,20,买盘
969,10:18:27,54.67,224150,41,卖盘
970,10:18:30,54.67,338992,62,卖盘
971,10:18:33,54.68,114823,21,买盘
972,10:18:36,54.67,251504,46,卖盘
973,10:18:39,54.68,907573,166,买盘
974,10:18:42,54.69,185933,34,买盘
975,10:18:45,54.68,295288,54,卖盘
976,10:18:48,54.69,207788,38,买盘
977,10:18:51,54.68,382772,70,卖盘
978,10:18:54,54.69,207798,38,买盘
979,10:18:57,54.67,229682,42,卖盘
980,10:19:00,54.68,54678,10,买盘
981,10:19:03,54.67,120295,22,卖盘
982,10:19:06,54.67,240550,44,卖盘
983,10:19:09,54.69,125786,23,买盘
984,10:19:12,54.69,10937,2,买盘
985,10:19:15,54.68,284345,52,卖盘
986,10:19:18,54.68,109367,20,卖盘
987,10:19:21,54.68,574140,105,卖盘
988,10:19:24,54.69,404676,74,买盘
989,10:19:27,54.68,21872,4,卖盘
990,10:19:30,54.69,5469,1,买盘
991,10:19:33,54.68,38277,7,卖盘
992,10:19:36,54.69,366416,67,买盘
993,10:19:39,54.68,278870,51,卖盘
994,10:19:42,54.68,38276,7,买盘
995,10:19:45,54.68,142168,26,买盘
996,10:19:48,54.68,218720,40,买盘
997,10:19:51,54.68,869312,159,买盘
998,10:19:54,54.68,273368,50,买盘
999,10:19:57,54.67,273397,50,卖盘
1000,10:20:00,54.67,5467,1,卖盘
1001,10:20:03,54.68,10936,2,卖盘
1002,10:20:06,54.68,798470,146,卖盘
1003,10:20:09,54.68,196838,36,卖盘
1004,10:20:12,54.69,278856,51,买盘
1005,10:20:15,54.69,191385,35,买盘
1006,10:20:18,54.68,185925,34,卖盘
1007,10:20:21,54.68,120296,22,买盘
1008,10:20:24,54.67,475635,87,卖盘
1009,10:20:27,54.67,153083,28,卖盘
1010,10:20:30,54.67,207748,38,卖盘
1011,10:20:33,54.67,377276,69,卖盘
1012,10:20:36,54.68,147620,27,买盘
1013,10:20:39,54.68,169484,31,买盘
1014,10:20:42,54.67,410026,75,卖盘
1015,10:20:45,54.68,1011580,185,买盘
1016,10:20:48,54.68,185890,34,买盘
1017,10:20:51,54.67,995014,182,卖盘
1018,10:20:54,54.68,153102,28,买盘
1019,10:20:57,54.68,945809,173,买盘
1020,10:21:00,54.68,27339,5,买盘
1021,10:21:03,54.68,142164,26,买盘
1022,10:21:06,54.68,202304,37,买盘
1023,10:21:09,54.68,98415,18,买盘
1024,10:21:12,54.68,92946,17,买盘
1025,10:21:15,54.67,262450,48,卖盘
1026,10:21:18,54.68,49211,9,买盘
1027,10:21:21,54.67,442851,81,卖盘
1028,10:21:24,54.68,54675,10,买盘
1029,10:21:27,54.68,349939,64,买盘
1030,10:21:30,54.67,229630,42,卖盘
1031,10:21:33,54.67,344425,63,卖盘
1032,10:21:36,54.66,196808,36,卖盘
1033,10:21:39,54.66,2607049,477,卖盘
1034,10:21:42,54.65,710488,130,卖盘
1035,10:21:45,54.65,54647,10,买盘
1036,10:21:48,54.63,978000,179,卖盘
1037,10:21:51,54.62,267638,49,卖盘
1038,10:21:54,54.62,311308,57,买盘
1039,10:21:57,54.62,715384,131,买盘
1040,10:22:00,54.61,174760,32,中性盘
1041,10:22:03,54.6,791757,145,卖盘
1042,10:22:06,54.61,365858,67,买盘
1043,10:22:09,54.6,769886,141,卖盘
1044,10:22:12,54.6,169261,31,卖盘
1045,10:22:15,54.6,207481,38,卖盘
1046,10:22:18,54.6,1048188,192,卖盘
1047,10:22:21,54.6,147420,27,买盘
1048,10:22:24,54.6,152868,28,买盘
1049,10:22:27,54.59,693371,127,卖盘
1050,10:22:30,54.6,229319,42,买盘
1051,10:22:33,54.59,272955,50,卖盘
1052,10:22:36,54.59,365800,67,卖盘
1053,10:22:39,54.6,152862,28,买盘
1054,10:22:42,54.59,223823,41,卖盘
1055,10:22:45,54.59,114639,21,卖盘
1056,10:22:48,54.59,207442,38,买盘
1057,10:22:51,54.59,76425,14,买盘
1058,10:22:54,54.59,332999,61,买盘
1059,10:22:57,54.59,376640,69,买盘
1060,10:23:00,54.58,283822,52,卖盘
1061,10:23:03,54.59,846005,155,买盘
1062,10:23:06,54.59,169222,31,买盘
1063,10:23:09,54.59,212889,39,买盘
1064,10:23:12,54.61,2391336,438,买盘
1065,10:23:15,54.62,529808,97,买盘
1066,10:23:18,54.62,300320,55,买盘
1067,10:23:21,54.62,1015903,186,买盘
1068,10:23:24,54.62,152936,28,卖盘
1069,10:23:27,54.63,103797,19,买盘
1070,10:23:30,54.62,87403,16,卖盘
1071,10:23:33,54.62,262189,48,卖盘
1072,10:23:36,54.62,207568,38,卖盘
1073,10:23:39,54.62,447887,82,卖盘
1074,10:23:42,54.62,442422,81,买盘
1075,10:23:45,54.62,76467,14,买盘
1076,10:23:48,54.61,333157,61,卖盘
1077,10:23:51,54.61,365951,67,卖盘
1078,10:23:54,54.61,43695,8,卖盘
1079,10:23:57,54.61,240313,44,卖盘
1080,10:24:00,54.62,289479,53,买盘
1081,10:24:03,54.61,1326983,243,卖盘
1082,10:24:06,54.62,60084,11,买盘
1083,10:24:09,54.61,649920,119,卖盘
1084,10:24:12,54.62,420498,77,买盘
1085,10:24:15,54.62,92843,17,买盘
1086,10:24:18,54.61,240283,44,卖盘
1087,10:24:21,54.6,311220,57,卖盘
1088,10:24:24,54.6,147436,27,卖盘
1089,10:24:27,54.6,480547,88,卖盘
1090,10:24:30,54.6,27302,5,卖盘
1091,10:24:33,54.61,87376,16,中性盘
1092,10:24:36,54.62,469612,86,买盘
1093,10:24:39,54.6,283937,52,卖盘
1094,10:24:42,54.61,10922,2,中性盘
1095,10:24:45,54.61,256667,47,卖盘
1096,10:24:48,54.62,425954,78,买盘
1097,10:24:51,54.62,38231,7,买盘
1098,10:24:54,54.62,92842,17,买盘
1099,10:24:57,54.61,81919,15,卖盘
1100,10:25:00,54.61,125619,23,卖盘
1101,10:25:03,54.61,267589,49,卖盘
1102,10:25:06,54.61,229362,42,买盘
1103,10:25:09,54.61,87376,16,买盘
1104,10:25:12,54.61,98287,18,买盘
1105,10:25:15,54.61,49149,9,买盘
1106,10:25:18,54.61,38227,7,卖盘
1107,10:25:21,54.62,147449,27,买盘
1108,10:25:24,54.62,27310,5,买盘
1109,10:25:27,54.61,726315,133,卖盘
1110,10:25:30,54.61,109220,20,买盘
1111,10:25:33,54.6,354963,65,卖盘
1112,10:25:36,54.61,535152,98,买盘
1113,10:25:39,54.6,169264,31,卖盘
1114,10:25:42,54.61,125581,23,买盘
1115,10:25:45,54.6,76446,14,卖盘
1116,10:25:48,54.6,114661,21,卖盘
1117,10:25:51,54.6,103740,19,卖盘
1118,10:25:54,54.6,152904,28,卖盘
1119,10:25:57,54.61,169263,31,买盘
1120,10:26:00,54.6,141969,26,卖盘
1121,10:26:03,54.6,2205857,404,卖盘
1122,10:26:06,54.61,447740,82,买盘
1123,10:26:09,54.61,376752,69,买盘
1124,10:26:12,54.61,245732,45,买盘
1125,10:26:15,54.61,109220,20,买盘
1126,10:26:18,54.6,229329,42,卖盘
1127,10:26:21,54.6,131040,24,卖盘
1128,10:26:24,54.6,420434,77,卖盘
1129,10:26:27,54.61,322183,59,买盘
1130,10:26:30,54.6,27301,5,卖盘
1131,10:26:33,54.61,65525,12,买盘
1132,10:26:36,54.61,988300,181,买盘
1133,10:26:39,54.61,191130,35,买盘
1134,10:26:42,54.61,21844,4,买盘
1135,10:26:45,54.61,464162,85,买盘
1136,10:26:48,54.6,212971,39,卖盘
1137,10:26:51,54.6,251162,46,卖盘
1138,10:26:54,54.6,223867,41,卖盘
1139,10:26:57,54.61,147429,27,买盘
1140,10:27:00,54.6,1708985,313,卖盘
1141,10:27:03,54.56,5522869,1012,卖盘
1142,10:27:06,54.56,474754,87,买盘
1143,10:27:09,54.55,512796,94,卖盘
1144,10:27:12,54.55,114556,21,卖盘
1145,10:27:15,54.55,463675,85,卖盘
1146,10:27:18,54.54,714545,131,卖盘
1147,10:27:21,54.54,327203,60,买盘
1148,10:27:24,54.54,223599,41,买盘
1149,10:27:27,54.53,54530,10,卖盘
1150,10:27:30,54.54,256315,47,买盘
1151,10:27:33,54.54,119967,22,买盘
1152,10:27:36,54.53,43626,8,卖盘
1153,10:27:39,54.53,98154,18,卖盘
1154,10:27:42,54.53,141790,26,卖盘
1155,10:27:45,54.54,267198,49,买盘
1156,10:27:48,54.54,98159,18,买盘
1157,10:27:51,54.53,398076,73,卖盘
1158,10:27:54,54.52,190838,35,卖盘
1159,10:27:57,54.52,54528,10,卖盘
1160,10:28:00,54.53,59975,11,买盘
1161,10:28:03,54.53,125398,23,买盘
1162,10:28:06,54.52,174482,32,卖盘
1163,10:28:09,54.53,370788,68,买盘
1164,10:28:12,54.53,98152,18,买盘
1165,10:28:15,54.52,212652,39,卖盘
1166,10:28:18,54.52,158118,29,卖盘
1167,10:28:21,54.52,888728,163,卖盘
1168,10:28:24,54.52,518016,95,卖盘
1169,10:28:27,54.53,212661,39,买盘
1170,10:28:30,54.53,81794,15,买盘
1171,10:28:33,54.53,196294,36,买盘
1172,10:28:36,54.53,327173,60,买盘
1173,10:28:39,54.53,648870,119,买盘
1174,10:28:42,54.52,250821,46,卖盘
1175,10:28:45,54.53,38171,7,买盘
1176,10:28:48,54.53,354435,65,买盘
1177,10:28:51,54.52,496211,91,卖盘
1178,10:28:54,54.54,883409,162,买盘
1179,10:28:57,54.54,218127,40,买盘
1180,10:29:00,54.54,136339,25,买盘
1181,10:29:03,54.53,278129,51,卖盘
1182,10:29:06,54.54,169059,31,买盘
1183,10:29:09,54.54,501769,92,卖盘
1184,10:29:12,54.55,65455,12,买盘
1185,10:29:15,54.55,278159,51,买盘
1186,10:29:18,54.55,185467,34,买盘
1187,10:29:21,54.55,490948,90,买盘
1188,10:29:27,54.58,70954,13,买盘
1189,10:29:30,54.56,98203,18,买盘
1190,10:29:33,54.56,703716,129,买盘
1191,10:29:36,54.58,507456,93,买盘
1192,10:29:39,54.58,10916,2,买盘
1193,10:29:42,54.57,27283,5,买盘
1194,10:29:45,54.57,49117,9,买盘
1195,10:29:48,54.58,70954,13,买盘
1196,10:29:51,54.58,114607,21,买盘
1197,10:29:54,54.58,191018,35,买盘
1198,10:29:57,54.58,234692,43,买盘
1199,10:30:00,54.59,120079,22,买盘
1200,10:30:03,54.59,736856,135,买盘
1201,10:30:06,54.58,81883,15,卖盘
1202,10:30:09,54.59,141934,26,买盘
1203,10:30:12,54.58,726044,133,卖盘
1204,10:30:15,54.59,611401,112,买盘
1205,10:30:18,54.59,207114,38,卖盘
1206,10:30:21,54.59,49131,9,卖盘
1207,10:30:24,54.6,365808,67,买盘
1208,10:30:27,54.6,644290,118,买盘
1209,10:30:30,54.58,1714301,314,卖盘
1210,10:30:33,54.61,2467762,452,买盘
1211,10:30:36,54.61,262082,48,买盘
1212,10:30:39,54.61,245704,45,买盘
1213,10:30:42,54.61,120131,22,买盘
1214,10:30:45,54.61,546090,100,买盘
1215,10:30:48,54.61,223893,41,买盘
1216,10:30:51,54.61,283963,52,买盘
1217,10:30:54,54.6,141974,26,卖盘
1218,10:30:57,54.61,316726,58,买盘
1219,10:31:00,54.61,496925,91,买盘
1220,10:31:03,54.61,92836,17,买盘
1221,10:31:06,54.61,338552,62,买盘
1222,10:31:09,54.61,191132,35,买盘
1223,10:31:12,54.6,382205,70,卖盘
1224,10:31:15,54.61,180211,33,买盘
1225,10:31:18,54.61,310949,57,买盘
1226,10:31:21,54.62,251235,46,买盘
1227,10:31:24,54.62,491580,90,卖盘
1228,10:31:27,54.62,174773,32,卖盘
1229,10:31:30,54.62,49158,9,买盘
1230,10:31:33,54.62,300389,55,买盘
1231,10:31:36,54.62,251252,46,买盘
1232,10:31:39,54.62,120164,22,买盘
1233,10:31:42,54.62,10924,2,卖盘
1234,10:31:45,54.63,152938,28,买盘
1235,10:31:48,54.62,535282,98,卖盘
1236,10:31:51,54.61,496981,91,卖盘
1237,10:31:54,54.6,666489,122,卖盘
1238,10:31:57,54.6,420411,77,买盘
1239,10:32:00,54.6,169255,31,买盘
1240,10:32:03,54.6,218400,40,买盘
1241,10:32:06,54.6,76438,14,买盘
1242,10:32:09,54.6,81898,15,买盘
1243,10:32:12,54.6,158003,29,买盘
1244,10:32:15,54.6,185640,34,卖盘
1245,10:32:18,54.61,65523,12,买盘
1246,10:32:21,54.61,376804,69,买盘
1247,10:32:24,54.6,158353,29,卖盘
1248,10:32:27,54.61,54605,10,买盘
1249,10:32:30,54.6,529633,97,卖盘
1250,10:32:33,54.6,1201432,220,卖盘
1251,10:32:36,54.61,262108,48,买盘
1252,10:32:39,54.62,76455,14,买盘
1253,10:32:42,54.61,16383,3,卖盘
1254,10:32:45,54.62,87379,16,买盘
1255,10:32:48,54.62,131087,24,买盘
1256,10:32:51,54.62,1289014,236,买盘
1257,10:32:54,54.62,923072,169,买盘
1258,10:32:57,54.63,5463,1,买盘
1259,10:33:00,54.62,147498,27,卖盘
1260,10:33:03,54.63,731997,134,买盘
1261,10:33:06,54.63,475268,87,买盘
1262,10:33:09,54.63,109245,20,买盘
1263,10:33:12,54.62,415178,76,卖盘
1264,10:33:15,54.63,142032,26,买盘
1265,10:33:18,54.63,32779,6,卖盘
1266,10:33:21,54.63,43704,8,卖盘
1267,10:33:24,54.63,65556,12,卖盘
1268,10:33:27,54.64,54639,10,买盘
1269,10:33:30,54.64,65560,12,买盘
1270,10:33:33,54.64,207632,38,买盘
1271,10:33:36,54.64,152986,28,买盘
1272,10:33:39,54.64,371540,68,买盘
1273,10:33:42,54.64,289592,53,卖盘
1274,10:33:45,54.65,98370,18,买盘
1275,10:33:48,54.64,185796,34,卖盘
1276,10:33:51,54.65,163931,30,买盘
1277,10:33:54,54.65,245921,45,买盘
1278,10:33:57,54.65,245925,45,买盘
1279,10:34:00,54.65,1901499,348,买盘
1280,10:34:03,54.62,2676519,490,卖盘
1281,10:34:06,54.61,120146,22,卖盘
1282,10:34:09,54.62,557045,102,买盘
1283,10:34:12,54.61,109225,20,卖盘
1284,10:34:15,54.62,338627,62,买盘
1285,10:34:18,54.62,71005,13,买盘
1286,10:34:21,54.62,32769,6,买盘
1287,10:34:24,54.61,120151,22,卖盘
1288,10:34:27,54.62,464199,85,买盘
1289,10:34:30,54.62,87377,16,卖盘
1290,10:34:33,54.61,43690,8,卖盘
1291,10:34:36,54.61,49148,9,买盘
1292,10:34:39,54.61,10922,2,买盘
1293,10:34:42,54.61,5461,1,买盘
1294,10:34:45,54.6,256655,47,卖盘
1295,10:34:48,54.61,87374,16,买盘
1296,10:34:51,54.6,344007,63,卖盘
1297,10:34:54,54.62,54620,10,买盘
1298,10:34:57,54.61,546100,100,卖盘
1299,10:35:00,54.61,16383,3,买盘
1300,10:35:03,54.61,32766,6,中性盘
1301,10:35:06,54.62,180232,33,买盘
1302,10:35:09,54.61,54613,10,中性盘
1303,10:35:12,54.62,256678,47,买盘
1304,10:35:15,54.62,289469,53,买盘
1305,10:35:18,54.62,458746,84,买盘
1306,10:35:21,54.62,546200,100,买盘
1307,10:35:24,54.65,1240096,227,买盘
1308,10:35:27,54.61,120151,22,卖盘
1309,10:35:30,54.62,10924,2,买盘
1310,10:35:33,54.62,49157,9,买盘
1311,10:35:36,54.62,49153,9,买盘
1312,10:35:39,54.62,27316,5,卖盘
1313,10:35:42,54.62,125626,23,卖盘
1314,10:35:45,54.64,398803,73,买盘
1315,10:35:48,54.62,273128,50,卖盘
1316,10:35:51,54.63,10925,2,买盘
1317,10:35:54,54.63,142040,26,买盘
1318,10:35:57,54.64,87409,16,买盘
1319,10:36:00,54.63,131125,24,卖盘
1320,10:36:03,54.64,142052,26,买盘
1321,10:36:06,54.64,163916,30,买盘
1322,10:36:09,54.64,65563,12,买盘
1323,10:36:12,54.64,136600,25,买盘
1324,10:36:15,54.64,163930,30,卖盘
1325,10:36:18,54.65,180316,33,买盘
1326,10:36:21,54.65,158485,29,买盘
1327,10:36:24,54.65,27322,5,买盘
1328,10:36:27,54.65,262299,48,买盘
1329,10:36:30,54.65,54645,10,买盘
1330,10:36:33,54.65,229495,42,买盘
1331,10:36:36,54.65,251378,46,买盘
1332,10:36:39,54.66,388022,71,买盘
1333,10:36:42,54.65,21861,4,卖盘
1334,10:36:45,54.66,114785,21,买盘
1335,10:36:48,54.66,371636,68,买盘
1336,10:36:51,54.66,278766,51,买盘
1337,10:36:54,54.66,174912,32,买盘
1338,10:36:57,54.66,65592,12,卖盘
1339,10:37:00,54.66,426349,78,卖盘
1340,10:37:03,54.67,399036,73,买盘
1341,10:37:06,54.66,344360,63,卖盘
1342,10:37:09,54.66,327913,60,买盘
1343,10:37:12,54.66,2196857,402,买盘
1344,10:37:15,54.66,349726,64,买盘
1345,10:37:18,54.65,398959,73,卖盘
1346,10:37:21,54.65,98370,18,卖盘
1347,10:37:24,54.65,71034,13,买盘
1348,10:37:27,54.64,595588,109,卖盘
1349,10:37:30,54.65,480807,88,买盘
1350,10:37:33,54.64,43718,8,中性盘
1351,10:37:36,54.64,87434,16,买盘
1352,10:37:39,54.63,76489,14,卖盘
1353,10:37:42,54.63,240376,44,卖盘
1354,10:37:45,54.63,21849,4,买盘
1355,10:37:48,54.62,764684,140,卖盘
1356,10:37:51,54.61,562583,103,卖盘
1357,10:37:54,54.62,125610,23,买盘
1358,10:37:57,54.61,606111,111,卖盘
1359,10:38:00,54.61,234809,43,买盘
1360,10:38:03,54.61,65527,12,买盘
1361,10:38:06,54.61,393187,72,买盘
1362,10:38:09,54.6,617058,113,卖盘
1363,10:38:12,54.6,1152060,211,卖盘
1364,10:38:15,54.62,611580,112,买盘
1365,10:38:18,54.62,300354,55,买盘
1366,10:38:21,54.6,185686,34,卖盘
1367,10:38:24,54.61,38228,7,卖盘
1368,10:38:27,54.61,223894,41,买盘
1369,10:38:30,54.62,202051,37,买盘
1370,10:38:33,54.6,1037401,190,卖盘
1371,10:38:36,54.6,229315,42,买盘
1372,10:38:39,54.6,393084,72,买盘
1373,10:38:42,54.59,207482,38,卖盘
1374,10:38:45,54.62,185679,34,买盘
1375,10:38:48,54.6,218401,40,卖盘
1376,10:38:51,54.6,65520,12,买盘
1377,10:38:54,54.6,141958,26,买盘
1378,10:38:57,54.6,114657,21,买盘
1379,10:39:00,54.6,92819,17,买盘
1380,10:39:03,54.59,32759,6,卖盘
1381,10:39:06,54.6,65517,12,买盘
1382,10:39:09,54.6,185633,34,买盘
1383,10:39:15,54.6,54600,10,卖盘
1384,10:39:18,54.6,5460,1,卖盘
1385,10:39:21,54.6,103749,19,卖盘
1386,10:39:24,54.6,311220,57,卖盘
1387,10:39:27,54.61,109219,20,买盘
1388,10:39:30,54.6,687984,126,卖盘
1389,10:39:33,54.6,234780,43,卖盘
1390,10:39:36,54.61,163829,30,买盘
1391,10:39:39,54.61,425956,78,卖盘
1392,10:39:42,54.61,32766,6,买盘
1393,10:39:45,54.61,988254,181,买盘
1394,10:39:48,54.59,300264,55,卖盘
1395,10:39:51,54.59,54596,10,卖盘
1396,10:39:54,54.58,305698,56,卖盘
1397,10:39:57,54.58,54588,10,卖盘
1398,10:40:00,54.58,49122,9,卖盘
1399,10:40:03,54.57,1550069,284,卖盘
1400,10:40:06,54.58,840405,154,买盘
1401,10:40:09,54.56,109140,20,卖盘
1402,10:40:12,54.57,114611,21,中性盘
1403,10:40:15,54.56,136433,25,卖盘
1404,10:40:18,54.56,349183,64,卖盘
1405,10:40:21,54.55,92751,17,卖盘
1406,10:40:24,54.56,196416,36,买盘
1407,10:40:27,54.56,65473,12,卖盘
1408,10:40:30,54.56,600204,110,卖盘
1409,10:40:33,54.56,10911,2,买盘
1410,10:40:36,54.55,16366,3,卖盘
1411,10:40:39,54.56,65468,12,买盘
1412,10:40:42,54.56,38192,7,买盘
1413,10:40:45,54.55,1009180,185,卖盘
1414,10:40:48,54.54,359998,66,卖盘
1415,10:40:51,54.55,98179,18,买盘
1416,10:40:54,54.55,392701,72,中性盘
1417,10:40:57,54.54,185453,34,卖盘
1418,10:41:00,54.54,223614,41,买盘
1419,10:41:03,54.54,65448,12,卖盘
1420,10:41:06,54.54,32724,6,买盘
1421,10:41:09,54.54,21816,4,买盘
1422,10:41:12,54.55,283605,52,买盘
1423,10:41:15,54.54,141809,26,卖盘
1424,10:41:18,54.55,27273,5,买盘
1425,10:41:21,54.54,120005,22,卖盘
1426,10:41:24,54.54,218170,40,卖盘
1427,10:41:27,54.54,179986,33,卖盘
1428,10:41:30,54.54,114539,21,卖盘
1429,10:41:33,54.55,196373,36,买盘
1430,10:41:36,54.55,21818,4,买盘
1431,10:41:39,54.54,141808,26,卖盘
1432,10:41:42,54.55,10910,2,买盘
1433,10:41:45,54.55,240012,44,买盘
1434,10:41:48,54.55,109083,20,买盘
1435,10:41:51,54.54,81824,15,卖盘
1436,10:41:54,54.54,430932,79,卖盘
1437,10:41:57,54.55,141808,26,买盘
1438,10:42:00,54.55,201825,37,买盘
1439,10:42:03,54.55,147285,27,买盘
1440,10:42:06,54.55,152740,28,买盘
1441,10:42:09,54.55,447310,82,卖盘
1442,10:42:12,54.55,196390,36,卖盘
1443,10:42:15,54.55,616555,113,卖盘
1444,10:42:18,54.55,92742,17,卖盘
1445,10:42:21,54.55,5455,1,卖盘
1446,10:42:24,54.56,43645,8,买盘
1447,10:42:27,54.55,250935,46,卖盘
1448,10:42:30,54.56,518395,95,买盘
1449,10:42:33,54.56,76381,14,买盘
1450,10:42:36,54.56,370965,68,买盘
1451,10:42:39,54.55,229138,42,卖盘
1452,10:42:42,54.56,5456,1,卖盘
1453,10:42:45,54.56,21824,4,卖盘
1454,10:42:48,54.56,21826,4,卖盘
1455,10:42:51,54.56,49104,9,卖盘
1456,10:42:54,54.57,130968,24,买盘
1457,10:42:57,54.57,207366,38,卖盘
1458,10:43:00,54.58,92786,17,买盘
1459,10:43:03,54.58,81870,15,买盘
1460,10:43:06,54.58,81857,15,买盘
1461,10:43:09,54.58,305648,56,买盘
1462,10:43:12,54.58,49114,9,买盘
1463,10:43:15,54.57,933316,171,卖盘
1464,10:43:18,54.58,92784,17,买盘
1465,10:43:21,54.58,16373,3,买盘
1466,10:43:24,54.58,316563,58,买盘
1467,10:43:27,54.58,158268,29,买盘
1468,10:43:30,54.58,600276,110,买盘
1469,10:43:33,54.58,158282,29,买盘
1470,10:43:36,54.58,633124,116,买盘
1471,10:43:39,54.57,240141,44,卖盘
1472,10:43:42,54.58,49122,9,买盘
1473,10:43:45,54.58,141908,26,买盘
1474,10:43:48,54.58,65487,12,买盘
1475,10:43:51,54.58,27289,5,买盘
1476,10:43:54,54.57,65494,12,卖盘
1477,10:43:57,54.57,114616,21,卖盘
1478,10:44:00,54.58,27290,5,买盘
1479,10:44:03,54.58,163741,30,买盘
1480,10:44:06,54.58,27290,5,卖盘
1481,10:44:09,54.58,278358,51,卖盘
1482,10:44:12,54.59,185585,34,买盘
1483,10:44:15,54.58,98253,18,卖盘
1484,10:44:18,54.59,234722,43,买盘
1485,10:44:21,54.59,27295,5,卖盘
1486,10:44:24,54.6,103729,19,买盘
1487,10:44:27,54.6,436798,80,买盘
1488,10:44:30,54.61,5461,1,买盘
1489,10:44:33,54.61,27305,5,买盘
1490,10:44:36,54.61,103758,19,买盘
1491,10:44:39,54.61,70994,13,卖盘
1492,10:44:42,54.61,54610,10,买盘
1493,10:44:45,54.61,10922,2,中性盘
1494,10:44:48,54.61,218439,40,卖盘
1495,10:44:51,54.62,163857,30,买盘
1496,10:44:54,54.62,781066,143,买盘
1497,10:45:00,54.62,43697,8,卖盘
1498,10:45:03,54.61,1179890,216,卖盘
1499,10:45:06,54.62,21848,4,买盘
1500,10:45:09,54.63,360533,66,买盘
1501,10:45:12,54.62,251297,46,卖盘
1502,10:45:18,54.64,273175,50,买盘
1503,10:45:21,54.64,661144,121,卖盘
1504,10:45:24,54.63,300415,55,卖盘
1505,10:45:27,54.63,5463,1,买盘
1506,10:45:30,54.63,191207,35,卖盘
1507,10:45:33,54.63,409665,75,买盘
1508,10:45:36,54.64,21855,4,买盘
1509,10:45:39,54.61,4852371,888,卖盘
1510,10:45:42,54.63,169376,31,买盘
1511,10:45:45,54.65,71040,13,买盘
1512,10:45:48,54.65,98351,18,买盘
1513,10:45:51,54.65,174866,32,买盘
1514,10:45:54,54.65,60115,11,买盘
1515,10:45:57,54.63,27320,5,卖盘
1516,10:46:00,54.64,5464,1,中性盘
1517,10:46:03,54.65,10930,2,买盘
1518,10:46:06,54.65,71045,13,买盘
1519,10:46:09,54.65,584705,107,买盘
1520,10:46:12,54.65,349746,64,买盘
1521,10:46:15,54.65,10930,2,卖盘
1522,10:46:18,54.65,388020,71,卖盘
1523,10:46:21,54.66,240473,44,买盘
1524,10:46:24,54.66,191302,35,买盘
1525,10:46:27,54.66,32796,6,买盘
1526,10:46:30,54.67,180383,33,买盘
1527,10:46:33,54.67,21867,4,买盘
1528,10:46:36,54.67,120274,22,买盘
1529,10:46:39,54.66,125725,23,卖盘
1530,10:46:42,54.67,202264,37,买盘
1531,10:46:45,54.67,262413,48,买盘
1532,10:46:48,54.66,306161,56,卖盘
1533,10:46:51,54.67,158543,29,中性盘
1534,10:46:54,54.68,131224,24,买盘
1535,10:46:57,54.68,306191,56,买盘
1536,10:47:00,54.68,202315,37,买盘
1537,10:47:03,54.68,114826,21,买盘
1538,10:47:06,54.68,164040,30,买盘
1539,10:47:09,54.68,82021,15,卖盘
1540,10:47:12,54.69,246075,45,买盘
1541,10:47:15,54.69,262479,48,买盘
1542,10:47:18,54.68,71086,13,卖盘
1543,10:47:21,54.68,459248,84,买盘
1544,10:47:24,54.68,54677,10,买盘
1545,10:47:27,54.68,98430,18,卖盘
1546,10:47:30,54.68,87488,16,买盘
1547,10:47:33,54.68,399217,73,中性盘
1548,10:47:36,54.68,125766,23,买盘
1549,10:47:39,54.67,109346,20,卖盘
1550,10:47:42,54.67,295262,54,卖盘
1551,10:47:45,54.68,71077,13,买盘
1552,10:47:48,54.67,246023,45,卖盘
1553,10:47:51,54.67,43740,8,卖盘
1554,10:47:54,54.66,639642,117,卖盘
1555,10:47:57,54.67,10933,2,买盘
1556,10:48:00,54.66,103867,19,卖盘
1557,10:48:03,54.65,1656114,303,卖盘
1558,10:48:06,54.67,322480,59,买盘
1559,10:48:09,54.66,98383,18,卖盘
1560,10:48:12,54.66,459072,84,买盘
1561,10:48:15,54.64,81970,15,卖盘
1562,10:48:18,54.64,300539,55,卖盘
1563,10:48:21,54.63,256763,47,卖盘
1564,10:48:24,54.63,16389,3,买盘
1565,10:48:27,54.61,617128,113,卖盘
1566,10:48:30,54.61,496941,91,卖盘
1567,10:48:33,54.61,251162,46,买盘
1568,10:48:36,54.61,120140,22,买盘
1569,10:48:39,54.6,638833,117,卖盘
1570,10:48:42,54.61,152886,28,中性盘
1571,10:48:45,54.6,202019,37,卖盘
1572,10:48:48,54.59,212929,39,卖盘
1573,10:48:51,54.59,147402,27,卖盘
1574,10:48:54,54.59,207418,38,买盘
1575,10:48:57,54.59,10918,2,买盘
1576,10:49:00,54.58,152831,28,卖盘
1577,10:49:03,54.58,54580,10,卖盘
1578,10:49:06,54.59,87344,16,买盘
1579,10:49:09,54.58,16374,3,卖盘
1580,10:49:12,54.59,201955,37,买盘
1581,10:49:15,54.6,944399,173,买盘
1582,10:49:18,54.6,5460,1,买盘
1583,10:49:21,54.59,16378,3,卖盘
1584,10:49:24,54.59,60049,11,卖盘
1585,10:49:27,54.59,43673,8,卖盘
1586,10:49:30,54.59,338458,62,卖盘
1587,10:49:33,54.59,27296,5,卖盘
1588,10:49:36,54.59,191068,35,卖盘
1589,10:49:39,54.59,644232,118,买盘
1590,10:49:42,54.59,693315,127,卖盘
1591,10:49:45,54.59,76426,14,卖盘
1592,10:49:48,54.59,54590,10,卖盘
1593,10:49:51,54.59,27296,5,卖盘
1594,10:49:54,54.59,109180,20,卖盘
1595,10:49:57,54.59,5459,1,卖盘
1596,10:50:00,54.59,709671,130,卖盘
1597,10:50:03,54.57,2297868,421,卖盘
1598,10:50:06,54.56,1533301,281,卖盘
1599,10:50:09,54.57,152776,28,买盘
1600,10:50:12,54.56,54559,10,买盘
1601,10:50:15,54.56,21824,4,卖盘
1602,10:50:18,54.54,3180354,583,卖盘
1603,10:50:21,54.55,180000,33,买盘
1604,10:50:24,54.54,141805,26,卖盘
1605,10:50:27,54.54,474501,87,卖盘
1606,10:50:30,54.54,365386,67,卖盘
1607,10:50:33,54.53,218158,40,卖盘
1608,10:50:36,54.54,894352,164,买盘
1609,10:50:39,54.53,289012,53,卖盘
1610,10:50:42,54.53,447146,82,卖盘
1611,10:50:45,54.53,70889,13,买盘
1612,10:50:48,54.52,305358,56,卖盘
1613,10:50:51,54.52,147220,27,卖盘
1614,10:50:54,54.53,152674,28,买盘
1615,10:50:57,54.52,1482944,272,卖盘
1616,10:51:00,54.51,81767,15,卖盘
1617,10:51:03,54.52,310715,57,买盘
1618,10:51:06,54.52,158107,29,买盘
1619,10:51:09,54.51,169007,31,卖盘
1620,10:51:12,54.52,87233,16,买盘
1621,10:51:15,54.52,174467,32,卖盘
1622,10:51:18,54.52,179916,33,卖盘
1623,10:51:21,54.53,27261,5,买盘
1624,10:51:24,54.53,103593,19,买盘
1625,10:51:27,54.53,163594,30,卖盘
1626,10:51:30,54.54,54531,10,买盘
1627,10:51:33,54.53,948638,174,卖盘
1628,10:51:36,54.52,174472,32,中性盘
1629,10:51:39,54.51,354316,65,卖盘
1630,10:51:42,54.52,801367,147,买盘
1631,10:51:45,54.52,27260,5,中性盘
1632,10:51:48,54.52,109040,20,卖盘
1633,10:51:51,54.53,92695,17,买盘
1634,10:51:54,54.52,114510,21,卖盘
1635,10:51:57,54.53,179944,33,买盘
1636,10:52:00,54.53,49070,9,买盘
1637,10:52:03,54.54,43623,8,买盘
1638,10:52:06,54.53,327140,60,卖盘
1639,10:52:09,54.53,27265,5,卖盘
1640,10:52:12,54.54,147247,27,买盘
1641,10:52:15,54.54,201788,37,买盘
1642,10:52:18,54.53,212667,39,卖盘
1643,10:52:21,54.53,3112836,571,卖盘
1644,10:52:24,54.53,38174,7,中性盘
1645,10:52:27,54.54,10908,2,买盘
1646,10:52:30,54.54,49086,9,买盘
1647,10:52:36,54.54,76355,14,买盘
1648,10:52:39,54.54,152686,28,买盘
1649,10:52:42,54.54,65448,12,买盘
1650,10:52:45,54.54,59994,11,卖盘
1651,10:52:48,54.54,10908,2,卖盘
1652,10:52:51,54.55,103629,19,买盘
1653,10:52:54,54.55,212718,39,买盘
1654,10:52:57,54.55,32726,6,买盘
1655,10:53:00,54.55,425489,78,买盘
1656,10:53:03,54.55,98190,18,卖盘
1657,10:53:06,54.56,245457,45,买盘
1658,10:53:09,54.53,196349,36,卖盘
1659,10:53:12,54.53,92715,17,卖盘
1660,10:53:15,54.54,21816,4,买盘
1661,10:53:18,54.53,59999,11,卖盘
1662,10:53:21,54.54,169114,31,中性盘
1663,10:53:24,54.54,10908,2,中性盘
1664,10:53:27,54.54,43632,8,中性盘
1665,10:53:30,54.56,954319,175,买盘
1666,10:53:33,54.55,845077,155,买盘
1667,10:53:36,54.54,114531,21,中性盘
1668,10:53:39,54.52,130848,24,卖盘
1669,10:53:42,54.52,337972,62,买盘
1670,10:53:45,54.52,158093,29,买盘
1671,10:53:48,54.51,261669,48,卖盘
1672,10:53:51,54.52,103588,19,买盘
1673,10:53:54,54.52,43616,8,卖盘
1674,10:53:57,54.52,125406,23,卖盘
1675,10:54:00,54.52,119946,22,卖盘
1676,10:54:03,54.52,109047,20,卖盘
1677,10:54:06,54.52,1063146,195,卖盘
1678,10:54:09,54.48,9946306,1825,卖盘
1679,10:54:12,54.48,163460,30,卖盘
1680,10:54:15,54.47,533899,98,卖盘
1681,10:54:18,54.46,430311,79,卖盘
1682,10:54:21,54.46,119832,22,卖盘
1683,10:54:24,54.45,1127319,207,卖盘
1684,10:54:27,54.45,2030986,373,卖盘
1685,10:54:30,54.45,201465,37,卖盘
1686,10:54:33,54.43,326628,60,卖盘
1687,10:54:36,54.43,364745,67,卖盘
1688,10:54:39,54.43,5443,1,卖盘
1689,10:54:42,54.45,255849,47,买盘
1690,10:54:45,54.45,43557,8,买盘
1691,10:54:48,54.43,571553,105,卖盘
1692,10:54:51,54.44,266746,49,买盘
1693,10:54:54,54.42,609589,112,卖盘
1694,10:54:57,54.44,1001388,184,中性盘
1695,10:55:00,54.43,185062,34,中性盘
1696,10:55:03,54.44,190502,35,买盘
1697,10:55:06,54.43,195938,36,中性盘
1698,10:55:09,54.42,288459,53,卖盘
1699,10:55:12,54.43,21772,4,中性盘
1700,10:55:15,54.44,680403,125,买盘
1701,10:55:18,54.42,65308,12,卖盘
1702,10:55:21,54.44,108858,20,买盘
1703,10:55:24,54.44,136089,25,买盘
1704,10:55:27,54.44,179612,33,中性盘
1705,10:55:30,54.44,130666,24,买盘
1706,10:55:33,54.44,528059,97,卖盘
1707,10:55:36,54.44,5444,1,卖盘
1708,10:55:39,54.44,65328,12,卖盘
1709,10:55:42,54.44,21774,4,买盘
1710,10:55:45,54.44,5444,1,买盘
1711,10:55:48,54.44,413731,76,买盘
1712,10:55:51,54.44,38108,7,买盘
1713,10:55:54,54.43,261305,48,卖盘
1714,10:55:57,54.44,81656,15,买盘
1715,10:56:00,54.44,174178,32,买盘
1716,10:56:03,54.44,723935,133,买盘
1717,10:56:06,54.44,593278,109,买盘
1718,10:56:09,54.43,473520,87,买盘
1719,10:56:12,54.43,2013292,370,买盘
1720,10:56:15,54.42,119732,22,卖盘
1721,10:56:18,54.42,500689,92,卖盘
1722,10:56:21,54.42,272115,50,卖盘
1723,10:56:24,54.42,136048,25,买盘
1724,10:56:27,54.42,326489,60,买盘
1725,10:56:30,54.42,146932,27,买盘
1726,10:56:33,54.42,16324,3,买盘
1727,10:56:36,54.42,125149,23,买盘
1728,10:56:39,54.41,97945,18,卖盘
1729,10:56:42,54.41,353683,65,卖盘
1730,10:56:45,54.42,761771,140,买盘
1731,10:56:48,54.41,250286,46,卖盘
1732,10:56:51,54.41,1349159,248,买盘
1733,10:56:54,54.4,690904,127,卖盘
1734,10:56:57,54.4,1224006,225,卖盘
1735,10:57:00,54.39,1991064,366,卖盘
1736,10:57:03,54.38,2496395,459,卖盘
1737,10:57:06,54.37,2273092,418,卖盘
1738,10:57:09,54.37,81556,15,卖盘
1739,10:57:12,54.37,1533242,282,卖盘
1740,10:57:15,54.37,228356,42,卖盘
1741,10:57:18,54.38,445854,82,买盘
1742,10:57:21,54.38,81570,15,中性盘
1743,10:57:24,54.38,304498,56,买盘
1744,10:57:27,54.36,418651,77,卖盘
1745,10:57:30,54.37,152236,28,买盘
1746,10:57:33,54.37,826339,152,买盘
1747,10:57:36,54.37,695858,128,买盘
1748,10:57:39,54.37,173983,32,卖盘
1749,10:57:42,54.37,184857,34,卖盘
1750,10:57:45,54.37,179421,33,卖盘
1751,10:57:48,54.37,391481,72,卖盘
1752,10:57:51,54.37,853621,157,卖盘
1753,10:57:54,54.38,32624,6,买盘
1754,10:57:57,54.37,619831,114,卖盘
1755,10:58:00,54.37,1103827,203,卖盘
1756,10:58:03,54.36,3897353,717,卖盘
1757,10:58:06,54.36,353303,65,买盘
1758,10:58:09,54.35,489202,90,卖盘
1759,10:58:12,54.36,195693,36,买盘
1760,10:58:15,54.35,2510982,462,卖盘
1761,10:58:18,54.35,65218,12,买盘
1762,10:58:21,54.35,3137084,577,买盘
1763,10:58:24,54.34,32606,6,中性盘
1764,10:58:27,54.34,146719,27,卖盘
1765,10:58:30,54.34,499920,92,卖盘
1766,10:58:33,54.34,141284,26,买盘
1767,10:58:36,54.33,755211,139,卖盘
1768,10:58:39,54.34,244521,45,买盘
1769,10:58:42,54.34,364041,67,中性盘
1770,10:58:45,54.33,722591,133,卖盘
1771,10:58:48,54.32,1787146,329,卖盘
1772,10:58:51,54.31,499720,92,卖盘
1773,10:58:54,54.32,304162,56,买盘
1774,10:58:57,54.31,630011,116,卖盘
1775,10:59:00,54.31,2362485,435,卖盘
1776,10:59:03,54.31,103178,19,买盘
1777,10:59:06,54.31,1504114,277,买盘
1778,10:59:09,54.3,1086040,200,卖盘
1779,10:59:12,54.3,1824494,336,卖盘
1780,10:59:15,54.3,602751,111,卖盘
1781,10:59:18,54.31,923150,170,买盘
1782,10:59:21,54.31,613613,113,买盘
1783,10:59:24,54.3,716775,132,卖盘
1784,10:59:27,54.3,244369,45,卖盘
1785,10:59:30,54.31,738515,136,买盘
1786,10:59:33,54.31,380118,70,买盘
1787,10:59:36,54.3,385559,71,卖盘
1788,10:59:39,54.31,353006,65,买盘
1789,10:59:42,54.32,738585,136,买盘
1790,10:59:45,54.32,162950,30,买盘
1791,10:59:48,54.32,581182,107,买盘
1792,10:59:51,54.32,211837,39,买盘
1793,10:59:54,54.32,467120,86,买盘
1794,10:59:57,54.32,195545,36,买盘
1795,11:00:00,54.31,358478,66,卖盘
1796,11:00:03,54.33,407394,75,买盘
1797,11:00:06,54.32,293314,54,卖盘
1798,11:00:09,54.32,141224,26,买盘
1799,11:00:12,54.32,271597,50,买盘
1800,11:00:15,54.33,114085,21,买盘
1801,11:00:18,54.33,787752,145,买盘
1802,11:00:21,54.33,130392,24,卖盘
1803,11:00:24,54.34,97812,18,买盘
1804,11:00:27,54.34,48909,9,卖盘
1805,11:00:30,54.35,298886,55,买盘
1806,11:00:33,54.36,65220,12,买盘
1807,11:00:36,54.36,114144,21,买盘
1808,11:00:39,54.36,27180,5,卖盘
1809,11:00:42,54.37,1212133,223,买盘
1810,11:00:45,54.37,222887,41,买盘
1811,11:00:48,54.37,565417,104,卖盘
1812,11:00:51,54.37,320776,59,买盘
1813,11:00:54,54.37,576306,106,中性盘
1814,11:00:57,54.37,179425,33,卖盘
1815,11:01:00,54.38,54380,10,买盘
1816,11:01:03,54.38,261007,48,卖盘
1817,11:01:06,54.39,250173,46,买盘
1818,11:01:09,54.39,266504,49,买盘
1819,11:01:12,54.39,48951,9,卖盘
1820,11:01:15,54.36,2191261,403,卖盘
1821,11:01:18,54.36,157642,29,买盘
1822,11:01:21,54.36,27180,5,买盘
1823,11:01:24,54.36,163078,30,买盘
1824,11:01:27,54.36,54360,10,买盘
1825,11:01:30,54.36,391388,72,买盘
1826,11:01:33,54.36,157650,29,卖盘
1827,11:01:36,54.36,54364,10,卖盘
1828,11:01:39,54.37,288111,53,买盘
1829,11:01:42,54.37,157651,29,买盘
1830,11:01:45,54.37,103303,19,卖盘
1831,11:01:48,54.38,103305,19,买盘
1832,11:01:51,54.38,130498,24,买盘
1833,11:01:54,54.38,81569,15,买盘
1834,11:01:57,54.37,146815,27,卖盘
1835,11:02:00,54.38,201205,37,买盘
1836,11:02:03,54.37,152244,28,卖盘
1837,11:02:06,54.38,146812,27,买盘
1838,11:02:09,54.38,135929,25,买盘
1839,11:02:12,54.37,119626,22,卖盘
1840,11:02:15,54.38,228390,42,买盘
1841,11:02:18,54.37,212061,39,卖盘
1842,11:02:21,54.37,511080,94,卖盘
1843,11:02:24,54.37,125051,23,买盘
1844,11:02:27,54.37,86984,16,买盘
1845,11:02:30,54.36,831708,153,卖盘
1846,11:02:33,54.36,54358,10,买盘
1847,11:02:36,54.36,233745,43,买盘
1848,11:02:39,54.35,103268,19,卖盘
1849,11:02:42,54.35,114148,21,卖盘
1850,11:02:45,54.35,989170,182,卖盘
1851,11:02:48,54.36,451139,83,买盘
1852,11:02:51,54.35,152186,28,卖盘
1853,11:02:54,54.36,43489,8,卖盘
1854,11:02:57,54.35,81536,15,卖盘
1855,11:03:00,54.36,43488,8,买盘
1856,11:03:03,54.36,125024,23,买盘
1857,11:03:06,54.36,298934,55,买盘
1858,11:03:09,54.36,244589,45,买盘
1859,11:03:12,54.36,331590,61,买盘
1860,11:03:15,54.36,38052,7,卖盘
1861,11:03:18,54.36,380533,70,卖盘
1862,11:03:21,54.37,451269,83,买盘
1863,11:03:24,54.37,21748,4,卖盘
1864,11:03:27,54.37,27185,5,卖盘
1865,11:03:30,54.38,288164,53,买盘
1866,11:03:33,54.37,76126,14,卖盘
1867,11:03:36,54.37,65251,12,卖盘
1868,11:03:39,54.37,38062,7,卖盘
1869,11:03:42,54.38,21751,4,买盘
1870,11:03:45,54.38,201206,37,买盘
1871,11:03:48,54.38,277328,51,买盘
1872,11:03:51,54.38,554681,102,卖盘
1873,11:03:54,54.39,1239930,228,买盘
1874,11:03:57,54.4,130550,24,买盘
1875,11:04:00,54.39,76149,14,卖盘
1876,11:04:03,54.4,261111,48,买盘
1877,11:04:06,54.4,70720,13,买盘
1878,11:04:09,54.41,70726,13,买盘
1879,11:04:12,54.4,141450,26,卖盘
1880,11:04:15,54.41,174109,32,买盘
1881,11:04:18,54.4,1338245,246,卖盘
1882,11:04:21,54.4,799679,147,买盘
1883,11:04:24,54.4,174080,32,买盘
1884,11:04:27,54.4,402539,74,买盘
1885,11:04:30,54.4,70720,13,买盘
1886,11:04:33,54.39,1093354,201,卖盘
1887,11:04:36,54.38,146831,27,卖盘
1888,11:04:39,54.39,184924,34,买盘
1889,11:04:42,54.38,108766,20,卖盘
1890,11:04:45,54.38,228422,42,卖盘
1891,11:04:48,54.39,184905,34,买盘
1892,11:04:51,54.38,179481,33,卖盘
1893,11:04:54,54.39,76146,14,买盘
1894,11:04:57,54.4,43513,8,买盘
1895,11:05:00,54.4,59826,11,买盘
1896,11:05:03,54.4,27200,5,买盘
1897,11:05:06,54.39,97906,18,卖盘
1898,11:05:09,54.39,358976,66,卖盘
1899,11:05:12,54.38,92459,17,卖盘
1900,11:05:15,54.39,48951,9,买盘
1901,11:05:18,54.39,119658,22,买盘
1902,11:05:21,54.39,973574,179,买盘
1903,11:05:24,54.39,87024,16,卖盘
1904,11:05:27,54.39,92473,17,卖盘
1905,11:05:30,54.39,70712,13,卖盘
1906,11:05:33,54.4,70714,13,买盘
1907,11:05:36,54.39,27195,5,卖盘
1908,11:05:39,54.39,65278,12,卖盘
1909,11:05:42,54.4,103355,19,买盘
1910,11:05:45,54.4,5440,1,买盘
1911,11:05:48,54.39,163170,30,卖盘
1912,11:05:51,54.39,27195,5,卖盘
1913,11:05:54,54.39,103343,19,卖盘
1914,11:05:57,54.37,3621664,666,卖盘
1915,11:06:00,54.37,157653,29,买盘
1916,11:06:03,54.35,5516835,1015,卖盘
1917,11:06:06,54.33,923744,170,卖盘
1918,11:06:09,54.33,97795,18,卖盘
1919,11:06:12,54.34,271656,50,买盘
1920,11:06:15,54.34,1021414,188,买盘
1921,11:06:18,54.34,565129,104,买盘
1922,11:06:21,54.33,59763,11,卖盘
1923,11:06:24,54.33,146696,27,卖盘
1924,11:06:27,54.34,315125,58,买盘
1925,11:06:30,54.34,92378,17,买盘
1926,11:06:33,54.33,206487,38,卖盘
1927,11:06:36,54.34,10868,2,中性盘
1928,11:06:39,54.38,1076660,198,买盘
1929,11:06:42,54.34,190874,35,卖盘
1930,11:06:45,54.34,190196,35,卖盘
1931,11:06:48,54.34,48906,9,卖盘
1932,11:06:51,54.35,76115,14,卖盘
1933,11:06:54,54.35,163050,30,买盘
1934,11:06:57,54.37,27184,5,买盘
1935,11:07:00,54.35,43486,8,卖盘
1936,11:07:03,54.35,418444,77,卖盘
1937,11:07:06,54.35,65220,12,买盘
1938,11:07:09,54.34,195671,36,卖盘
1939,11:07:12,54.34,10868,2,卖盘
1940,11:07:15,54.35,152172,28,中性盘
1941,11:07:18,54.36,81531,15,买盘
1942,11:07:21,54.35,217400,40,卖盘
1943,11:07:24,54.35,684728,126,卖盘
1944,11:07:27,54.35,173917,32,买盘
1945,11:07:30,54.35,233687,43,买盘
1946,11:07:33,54.35,326063,60,买盘
1947,11:07:36,54.34,86947,16,卖盘
1948,11:07:39,54.35,124996,23,买盘
1949,11:07:42,54.33,1363705,251,卖盘
1950,11:07:45,54.34,70635,13,中性盘
1951,11:07:48,54.32,1509538,278,卖盘
1952,11:07:51,54.32,38029,7,卖盘
1953,11:07:54,54.33,211870,39,买盘
1954,11:07:57,54.33,86917,16,买盘
1955,11:08:00,54.33,92351,17,买盘
1956,11:08:03,54.32,342205,63,卖盘
1957,11:08:06,54.32,1705352,314,买盘
1958,11:08:09,54.31,287826,53,卖盘
1959,11:08:12,54.31,282403,52,买盘
1960,11:08:15,54.31,211778,39,卖盘
1961,11:08:18,54.3,2579257,475,卖盘
1962,11:08:21,54.3,59735,11,卖盘
1963,11:08:24,54.3,1715892,316,卖盘
1964,11:08:27,54.3,1172876,216,卖盘
1965,11:08:30,54.3,76011,14,买盘
1966,11:08:33,54.29,152028,28,卖盘
1967,11:08:36,54.29,108581,20,卖盘
1968,11:08:39,54.29,369173,68,卖盘
1969,11:08:42,54.29,461387,85,买盘
1970,11:08:45,54.29,81434,15,买盘
1971,11:08:48,54.28,320294,59,卖盘
1972,11:08:51,54.29,157420,29,买盘
1973,11:08:54,54.28,504805,93,卖盘
1974,11:08:57,54.27,103129,19,卖盘
1975,11:09:00,54.28,108560,20,买盘
1976,11:09:03,54.27,2225436,410,卖盘
1977,11:09:06,54.28,130253,24,买盘
1978,11:09:09,54.27,352779,65,卖盘
1979,11:09:12,54.28,271391,50,买盘
1980,11:09:15,54.27,276781,51,卖盘
1981,11:09:18,54.27,10854,2,买盘
1982,11:09:21,54.27,461287,85,买盘
1983,11:09:24,54.27,238761,44,买盘
1984,11:09:27,54.28,4016265,740,买盘
1985,11:09:30,54.28,48849,9,买盘
1986,11:09:33,54.27,347384,64,卖盘
1987,11:09:36,54.29,1622971,299,买盘
1988,11:09:39,54.28,43422,8,卖盘
1989,11:09:42,54.28,233426,43,卖盘
1990,11:09:45,54.28,401728,74,卖盘
1991,11:09:48,54.29,92278,17,买盘
1992,11:09:51,54.28,32572,6,卖盘
1993,11:09:54,54.28,504826,93,卖盘
1994,11:09:57,54.28,369158,68,卖盘
1995,11:10:00,54.29,146583,27,买盘
1996,11:10:03,54.29,200877,37,卖盘
1997,11:10:06,54.29,173729,32,卖盘
1998,11:10:09,54.29,152013,28,卖盘
1999,11:10:12,54.29,70586,13,卖盘
2000,11:10:15,54.3,141172,26,买盘
2001,11:10:18,54.31,86893,16,买盘
2002,11:10:21,54.3,87552,16,卖盘
2003,11:10:24,54.31,38011,7,中性盘
2004,11:10:27,54.3,81464,15,卖盘
2005,11:10:30,54.32,103206,19,买盘
2006,11:10:33,54.32,244374,45,买盘
2007,11:10:36,54.32,103208,19,买盘
2008,11:10:39,54.31,179223,33,卖盘
2009,11:10:42,54.31,119481,22,买盘
2010,11:10:45,54.31,81464,15,买盘
2011,11:10:48,54.3,103187,19,卖盘
2012,11:10:51,54.32,179246,33,买盘
2013,11:10:54,54.31,54312,10,卖盘
2014,11:10:57,54.32,54317,10,中性盘
2015,11:11:00,54.31,271549,50,卖盘
2016,11:11:03,54.31,27154,5,买盘
2017,11:11:06,54.34,418213,77,买盘
2018,11:11:09,54.31,124931,23,卖盘
2019,11:11:12,54.33,10866,2,买盘
2020,11:11:15,54.31,59756,11,卖盘
2021,11:11:18,54.32,32592,6,中性盘
2022,11:11:21,54.32,396469,73,中性盘
2023,11:11:24,54.34,59770,11,买盘
2024,11:11:27,54.33,21731,4,买盘
2025,11:11:30,54.32,146690,27,卖盘
2026,11:11:33,54.33,141248,26,买盘
2027,11:11:36,54.33,48897,9,卖盘
2028,11:11:39,54.33,244485,45,卖盘
2029,11:11:42,54.33,54330,10,卖盘
2030,11:11:45,54.34,5434,1,买盘
2031,11:11:48,54.34,21736,4,买盘
2032,11:11:51,54.34,369462,68,买盘
2033,11:11:54,54.34,70642,13,买盘
2034,11:11:57,54.34,222763,41,买盘
2035,11:12:00,54.34,43472,8,买盘
2036,11:12:03,54.34,119548,22,卖盘
2037,11:12:06,54.34,16302,3,卖盘
2038,11:12:09,54.34,65209,12,卖盘
2039,11:12:12,54.34,108687,20,卖盘
2040,11:12:15,54.35,1363850,251,买盘
2041,11:12:18,54.33,27168,5,卖盘
2042,11:12:21,54.33,21732,4,卖盘
2043,11:12:24,54.34,391311,72,卖盘
2044,11:12:27,54.35,10869,2,买盘
2045,11:12:30,54.34,38040,7,卖盘
2046,11:12:33,54.35,16305,3,买盘
2047,11:12:36,54.34,119550,22,卖盘
2048,11:12:39,54.35,59785,11,买盘
2049,11:12:42,54.34,543413,100,卖盘
2050,11:12:45,54.37,168507,31,买盘
2051,11:12:48,54.36,119590,22,买盘
2052,11:12:51,54.34,1967116,362,卖盘
2053,11:12:54,54.36,59796,11,中性盘
2054,11:12:57,54.37,119614,22,买盘
2055,11:13:00,54.37,70684,13,卖盘
2056,11:13:03,54.37,65253,12,买盘
2057,11:13:06,54.38,135950,25,买盘
2058,11:13:09,54.38,396973,73,买盘
2059,11:13:12,54.38,174016,32,卖盘
2060,11:13:15,54.39,54381,10,买盘
2061,11:13:21,54.39,1626473,299,买盘
2062,11:13:24,54.39,516705,95,买盘
2063,11:13:27,54.41,1827895,336,买盘
2064,11:13:33,54.42,168699,31,买盘
2065,11:13:36,54.41,16323,3,卖盘
2066,11:13:39,54.43,65316,12,买盘
2067,11:13:42,54.43,54438,10,中性盘
2068,11:13:45,54.43,59875,11,卖盘
2069,11:13:48,54.43,468092,86,卖盘
2070,11:13:51,54.45,146992,27,买盘
2071,11:13:54,54.43,70768,13,卖盘
2072,11:13:57,54.44,54440,10,卖盘
2073,11:14:00,54.44,293988,54,买盘
2074,11:14:03,54.44,168764,31,买盘
2075,11:14:09,54.45,147015,27,买盘
2076,11:14:12,54.44,81672,15,卖盘
2077,11:14:15,54.46,517346,95,买盘
2078,11:14:18,54.47,76254,14,买盘
2079,11:14:21,54.46,294090,54,卖盘
2080,11:14:24,54.46,266854,49,买盘
2081,11:14:27,54.46,119812,22,买盘
2082,11:14:30,54.47,152504,28,买盘
2083,11:14:33,54.46,27230,5,卖盘
2084,11:14:36,54.47,65364,12,买盘
2085,11:14:39,54.46,103497,19,卖盘
2086,11:14:42,54.47,561204,103,卖盘
2087,11:14:45,54.47,98046,18,卖盘
2088,11:14:48,54.49,92621,17,买盘
2089,11:14:51,54.48,272441,50,卖盘
2090,11:14:54,54.49,114418,21,买盘
2091,11:14:57,54.48,212508,39,卖盘
2092,11:15:00,54.48,294257,54,卖盘
2093,11:15:03,54.48,103523,19,买盘
2094,11:15:06,54.49,359621,66,买盘
2095,11:15:09,54.48,65384,12,卖盘
2096,11:15:12,54.49,98077,18,买盘
2097,11:15:15,54.5,168921,31,买盘
2098,11:15:18,54.49,179827,33,卖盘
2099,11:15:21,54.49,81735,15,卖盘
2100,11:15:24,54.49,141672,26,买盘
2101,11:15:27,54.48,174352,32,卖盘
2102,11:15:30,54.48,147096,27,卖盘
2103,11:15:33,54.48,288744,53,卖盘
2104,11:15:36,54.48,157981,29,买盘
2105,11:15:39,54.47,294169,54,卖盘
2106,11:15:42,54.47,702763,129,卖盘
2107,11:15:45,54.48,190668,35,买盘
2108,11:15:48,54.48,174338,32,卖盘
2109,11:15:51,54.48,196129,36,卖盘
2110,11:15:54,54.48,201566,37,卖盘
2111,11:15:57,54.48,21792,4,买盘
2112,11:16:00,54.48,190663,35,买盘
2113,11:16:03,54.47,201555,37,卖盘
2114,11:16:06,54.47,168857,31,卖盘
2115,11:16:09,54.48,348626,64,买盘
2116,11:16:12,54.47,136182,25,卖盘
2117,11:16:15,54.47,299635,55,卖盘
2118,11:16:18,54.46,108935,20,卖盘
2119,11:16:21,54.47,27234,5,买盘
2120,11:16:24,54.46,98033,18,卖盘
2121,11:16:27,54.46,255965,47,卖盘
2122,11:16:30,54.46,32676,6,卖盘
2123,11:16:33,54.48,1007726,185,买盘
2124,11:16:36,54.47,152553,28,卖盘
2125,11:16:39,54.47,27235,5,卖盘
2126,11:16:45,54.49,92618,17,买盘
2127,11:16:48,54.47,76274,14,卖盘
2128,11:16:51,54.49,272434,50,买盘
2129,11:16:54,54.48,147071,27,中性盘
2130,11:16:57,54.49,5449,1,买盘
2131,11:17:00,54.48,92624,17,卖盘
2132,11:17:03,54.48,119852,22,买盘
2133,11:17:06,54.48,10896,2,买盘
2134,11:17:09,54.47,234258,43,卖盘
2135,11:17:12,54.47,196094,36,卖盘
2136,11:17:15,54.47,43576,8,买盘
2137,11:17:18,54.46,98034,18,卖盘
2138,11:17:21,54.46,65352,12,卖盘
2139,11:17:24,54.47,108923,20,买盘
2140,11:17:27,54.47,441114,81,买盘
2141,11:17:30,54.45,65342,12,卖盘
2142,11:17:33,54.45,10890,2,卖盘
2143,11:17:36,54.46,76249,14,中性盘
2144,11:17:39,54.46,76244,14,卖盘
2145,11:17:42,54.45,751410,138,卖盘
2146,11:17:45,54.46,239620,44,买盘
2147,11:17:48,54.44,76224,14,卖盘
2148,11:17:51,54.45,43560,8,买盘
2149,11:17:54,54.45,185099,34,卖盘
2150,11:17:57,54.44,103436,19,卖盘
2151,11:18:00,54.44,805718,148,卖盘
2152,11:18:03,54.44,375637,69,卖盘
2153,11:18:06,54.41,146966,27,卖盘
2154,11:18:12,54.41,54410,10,卖盘
2155,11:18:15,54.42,136031,25,买盘
2156,11:18:18,54.41,103379,19,卖盘
2157,11:18:21,54.42,76176,14,买盘
2158,11:18:24,54.42,10883,2,买盘
2159,11:18:27,54.42,119707,22,买盘
2160,11:18:30,54.4,16320,3,卖盘
2161,11:18:33,54.41,43528,8,买盘
2162,11:18:36,54.41,168650,31,买盘
2163,11:18:39,54.41,48964,9,买盘
2164,11:18:42,54.41,21764,4,买盘
2165,11:18:45,54.41,87051,16,买盘
2166,11:18:48,54.4,48961,9,卖盘
2167,11:18:51,54.4,10880,2,卖盘
2168,11:18:54,54.41,266573,49,买盘
2169,11:18:57,54.4,184970,34,卖盘
2170,11:19:00,54.4,59840,11,卖盘
2171,11:19:03,54.4,5440,1,卖盘
2172,11:19:06,54.41,59847,11,买盘
2173,11:19:09,54.4,217600,40,卖盘
2174,11:19:12,54.4,87040,16,卖盘
2175,11:19:15,54.4,48957,9,买盘
2176,11:19:18,54.4,282879,52,买盘
2177,11:19:21,54.39,27195,5,卖盘
2178,11:19:24,54.39,5439,1,卖盘
2179,11:19:27,54.4,201278,37,买盘
2180,11:19:30,54.4,54398,10,买盘
2181,11:19:33,54.4,54400,10,买盘
2182,11:19:36,54.39,217570,40,卖盘
2183,11:19:39,54.39,10879,2,卖盘
2184,11:19:42,54.39,32634,6,卖盘
2185,11:19:45,54.39,141435,26,卖盘
2186,11:19:48,54.4,114240,21,买盘
2187,11:19:51,54.4,32640,6,买盘
2188,11:19:54,54.4,43520,8,买盘
2189,11:19:57,54.4,97911,18,卖盘
2190,11:20:00,54.4,65280,12,卖盘
2191,11:20:06,54.4,21760,4,买盘
2192,11:20:12,54.4,223039,41,买盘
2193,11:20:15,54.4,81600,15,买盘
2194,11:20:18,54.4,48960,9,买盘
2195,11:20:21,54.4,21760,4,卖盘
2196,11:20:24,54.4,10880,2,卖盘
2197,11:20:27,54.4,27200,5,卖盘
2198,11:20:30,54.4,136000,25,卖盘
2199,11:20:33,54.4,48960,9,卖盘
2200,11:20:39,54.4,48960,9,卖盘
2201,11:20:42,54.4,10880,2,卖盘
2202,11:20:45,54.4,59840,11,卖盘
2203,11:20:48,54.39,54390,10,卖盘
2204,11:20:51,54.4,212161,39,买盘
2205,11:20:54,54.4,179494,33,中性盘
2206,11:20:57,54.39,76150,14,卖盘
2207,11:21:03,54.4,27200,5,买盘
2208,11:21:06,54.39,43517,8,卖盘
2209,11:21:09,54.4,43520,8,卖盘
2210,11:21:12,54.39,233879,43,卖盘
2211,11:21:15,54.41,135982,25,买盘
2212,11:21:18,54.39,38075,7,卖盘
2213,11:21:21,54.38,65276,12,卖盘
2214,11:21:24,54.38,103324,19,卖盘
2215,11:21:27,54.4,103343,19,买盘
2216,11:21:30,54.39,54382,10,中性盘
2217,11:21:33,54.38,27190,5,卖盘
2218,11:21:36,54.39,222999,41,买盘
2219,11:21:39,54.39,233844,43,卖盘
2220,11:21:42,54.39,5439,1,买盘
2221,11:21:45,54.38,250172,46,卖盘
2222,11:21:48,54.39,43512,8,买盘
2223,11:21:51,54.39,21756,4,卖盘
2224,11:21:54,54.4,10879,2,买盘
2225,11:21:57,54.4,756081,139,买盘
2226,11:22:00,54.39,217525,40,中性盘
2227,11:22:09,54.4,48959,9,买盘
2228,11:22:15,54.4,32635,6,买盘
2229,11:22:18,54.39,48953,9,卖盘
2230,11:22:21,54.39,43512,8,卖盘
2231,11:22:24,54.39,27195,5,买盘
2232,11:22:27,54.39,21756,4,买盘
2233,11:22:30,54.38,70697,13,卖盘
2234,11:22:33,54.39,16315,3,买盘
2235,11:22:36,54.39,424219,78,买盘
2236,11:22:39,54.38,239274,44,卖盘
2237,11:22:42,54.38,43509,8,卖盘
2238,11:22:45,54.38,70694,13,卖盘
2239,11:22:51,54.37,65244,12,卖盘
2240,11:22:54,54.37,10874,2,卖盘
2241,11:22:57,54.37,27185,5,卖盘
2242,11:23:03,54.37,81563,15,卖盘
2243,11:23:06,54.38,65246,12,买盘
2244,11:23:09,54.37,217480,40,卖盘
2245,11:23:12,54.37,16311,3,买盘
2246,11:23:15,54.37,141360,26,买盘
2247,11:23:18,54.36,152217,28,卖盘
2248,11:23:21,54.37,135925,25,买盘
2249,11:23:24,54.36,163084,30,卖盘
2250,11:23:27,54.35,59803,11,卖盘
2251,11:23:30,54.35,282620,52,卖盘
2252,11:23:33,54.35,157619,29,卖盘
2253,11:23:39,54.35,5435,1,买盘
2254,11:23:42,54.35,597850,110,买盘
2255,11:23:45,54.35,250010,46,卖盘
2256,11:23:48,54.35,65220,12,卖盘
2257,11:23:51,54.36,114136,21,买盘
2258,11:23:54,54.35,59785,11,卖盘
2259,11:24:00,54.35,125007,23,卖盘
2260,11:24:03,54.35,135866,25,卖盘
2261,11:24:06,54.35,21740,4,买盘
2262,11:24:09,54.34,244551,45,卖盘
2263,11:24:12,54.34,10868,2,卖盘
2264,11:24:15,54.34,38038,7,买盘
2265,11:24:18,54.35,5435,1,买盘
2266,11:24:21,54.35,27175,5,买盘
2267,11:24:24,54.35,70654,13,买盘
2268,11:24:27,54.35,141291,26,买盘
2269,11:24:30,54.34,97812,18,卖盘
2270,11:24:33,54.35,81520,15,买盘
2271,11:24:36,54.34,59784,11,中性盘
2272,11:24:39,54.33,86941,16,卖盘
2273,11:24:42,54.33,54335,10,卖盘
2274,11:24:45,54.33,81506,15,卖盘
2275,11:24:48,54.33,5433,1,卖盘
2276,11:24:54,54.33,304248,56,卖盘
2277,11:24:57,54.34,21734,4,买盘
2278,11:25:00,54.33,59765,11,卖盘
2279,11:25:03,54.34,21733,4,买盘
2280,11:25:06,54.34,32601,6,买盘
2281,11:25:09,54.33,86930,16,卖盘
2282,11:25:12,54.34,97803,18,买盘
2283,11:25:15,54.33,10866,2,卖盘
2284,11:25:18,54.33,108662,20,卖盘
2285,11:25:21,54.34,70640,13,买盘
2286,11:25:24,54.33,130396,24,卖盘
2287,11:25:27,54.34,146708,27,买盘
2288,11:25:30,54.33,119526,22,卖盘
2289,11:25:33,54.34,76074,14,买盘
2290,11:25:36,54.33,59764,11,卖盘
2291,11:25:39,54.33,407549,75,卖盘
2292,11:25:42,54.34,103231,19,买盘
2293,11:25:45,54.34,48906,9,买盘
2294,11:25:48,54.34,163021,30,买盘
2295,11:25:51,54.34,48907,9,卖盘
2296,11:25:54,54.36,429412,79,买盘
2297,11:25:57,54.36,10873,2,卖盘
2298,11:26:00,54.36,10872,2,卖盘
2299,11:26:03,54.37,5437,1,买盘
2300,11:26:06,54.37,288161,53,买盘
2301,11:26:09,54.38,97868,18,买盘
2302,11:26:12,54.35,304430,56,卖盘
2303,11:26:15,54.35,76087,14,买盘
2304,11:26:18,54.34,103255,19,卖盘
2305,11:26:21,54.35,777082,143,买盘
2306,11:26:24,54.35,38047,7,卖盘
2307,11:26:27,54.35,59788,11,买盘
2308,11:26:30,54.35,27175,5,卖盘
2309,11:26:33,54.36,38050,7,买盘
2310,11:26:36,54.36,244620,45,买盘
2311,11:26:39,54.36,81541,15,卖盘
2312,11:26:42,54.36,641448,118,卖盘
2313,11:26:45,54.36,38048,7,买盘
2314,11:26:48,54.35,59787,11,卖盘
2315,11:26:51,54.36,298950,55,买盘
2316,11:26:54,54.35,10870,2,卖盘
2317,11:26:57,54.36,38048,7,买盘
2318,11:27:00,54.35,43486,8,卖盘
2319,11:27:03,54.35,385907,71,卖盘
2320,11:27:06,54.35,43480,8,买盘
2321,11:27:09,54.35,21740,4,买盘
2322,11:27:12,54.35,5435,1,买盘
2323,11:27:15,54.35,353264,65,买盘
2324,11:27:18,54.34,576004,106,卖盘
2325,11:27:21,54.34,614042,113,买盘
2326,11:27:24,54.33,27168,5,卖盘
2327,11:27:27,54.34,92370,17,买盘
2328,11:27:30,54.34,81500,15,买盘
2329,11:27:33,54.34,65207,12,买盘
2330,11:27:36,54.33,32598,6,卖盘
2331,11:27:39,54.34,21736,4,买盘
2332,11:27:42,54.33,277084,51,卖盘
2333,11:27:45,54.34,32604,6,买盘
2334,11:27:48,54.33,461812,85,卖盘
2335,11:27:51,54.34,5434,1,买盘
2336,11:27:54,54.33,21733,4,卖盘
2337,11:27:57,54.34,48906,9,买盘
2338,11:28:00,54.32,1336338,246,卖盘
2339,11:28:03,54.33,146665,27,买盘
2340,11:28:09,54.31,135785,25,卖盘
2341,11:28:12,54.32,32592,6,买盘
2342,11:28:15,54.31,358457,66,卖盘
2343,11:28:18,54.31,76047,14,卖盘
2344,11:28:21,54.32,59749,11,买盘
2345,11:28:24,54.31,54310,10,卖盘
2346,11:28:27,54.31,76046,14,卖盘
2347,11:28:30,54.31,146640,27,卖盘
2348,11:28:33,54.31,472497,87,卖盘
2349,11:28:36,54.32,244412,45,买盘
2350,11:28:39,54.32,5432,1,买盘
2351,11:28:42,54.31,70604,13,卖盘
2352,11:28:45,54.31,54310,10,卖盘
2353,11:28:48,54.31,358463,66,卖盘
2354,11:28:51,54.31,65174,12,卖盘
2355,11:28:54,54.32,86899,16,买盘
2356,11:28:57,54.31,59741,11,卖盘
2357,11:29:00,54.32,119503,22,买盘
2358,11:29:03,54.31,825423,152,卖盘
2359,11:29:06,54.31,86896,16,买盘
2360,11:29:09,54.31,238963,44,买盘
2361,11:29:12,54.3,21721,4,卖盘
2362,11:29:15,54.31,228095,42,买盘
2363,11:29:18,54.31,418187,77,买盘
2364,11:29:21,54.31,59741,11,卖盘
2365,11:29:24,54.31,10862,2,卖盘
2366,11:29:27,54.32,54314,10,买盘
2367,11:29:30,54.31,184677,34,卖盘
2368,11:29:33,54.32,135798,25,买盘
2369,11:29:36,54.32,16296,3,买盘
2370,11:29:39,54.32,21728,4,买盘
2371,11:29:42,54.3,3681608,678,卖盘
2372,11:29:45,54.3,553860,102,买盘
2373,11:29:48,54.3,48869,9,买盘
2374,11:29:51,54.3,81450,15,买盘
2375,11:29:54,54.29,76019,14,卖盘
2376,11:29:57,54.3,320365,59,买盘
2377,11:30:00,54.29,21717,4,卖盘
2378,13:00:00,54.3,2470408,455,买盘
2379,13:00:03,54.3,2421826,446,卖盘
2380,13:00:06,54.31,445277,82,买盘
2381,13:00:09,54.28,2133756,393,卖盘
2382,13:00:12,54.28,2002966,369,卖盘
2383,13:00:15,54.27,1172304,216,卖盘
2384,13:00:18,54.26,124863,23,卖盘
2385,13:00:21,54.28,119424,22,中性盘
2386,13:00:27,54.29,331119,61,买盘
2387,13:00:30,54.29,678360,125,卖盘
2388,13:00:33,54.29,48860,9,中性盘
2389,13:00:36,54.3,16290,3,买盘
2390,13:00:39,54.3,38004,7,买盘
2391,13:00:42,54.3,27149,5,买盘
2392,13:00:45,54.3,461550,85,买盘
2393,13:00:48,54.29,86871,16,卖盘
2394,13:00:51,54.29,575522,106,卖盘
2395,13:00:54,54.29,21716,4,买盘
2396,13:00:57,54.29,217135,40,卖盘
2397,13:01:00,54.31,320414,59,买盘
2398,13:01:03,54.31,271521,50,买盘
2399,13:01:06,54.32,195543,36,买盘
2400,13:01:09,54.33,103217,19,买盘
2401,13:01:12,54.34,119526,22,买盘
2402,13:01:15,54.35,76082,14,买盘
2403,13:01:18,54.35,27175,5,买盘
2404,13:01:21,54.36,16306,3,买盘
2405,13:01:24,54.34,1537878,283,卖盘
2406,13:01:27,54.37,76116,14,买盘
2407,13:01:30,54.36,38054,7,卖盘
2408,13:01:33,54.36,97853,18,卖盘
2409,13:01:39,54.39,201237,37,买盘
2410,13:01:42,54.39,65268,12,买盘
2411,13:01:45,54.39,250175,46,买盘
2412,13:01:48,54.39,505844,93,卖盘
2413,13:01:51,54.39,201243,37,买盘
2414,13:01:54,54.39,146856,27,买盘
2415,13:01:57,54.39,592844,109,卖盘
2416,13:02:00,54.39,331703,61,买盘
2417,13:02:03,54.38,233774,43,卖盘
2418,13:02:06,54.36,581722,107,卖盘
2419,13:02:09,54.36,201140,37,买盘
2420,13:02:12,54.36,92415,17,中性盘
2421,13:02:15,54.36,92408,17,卖盘
2422,13:02:18,54.36,38047,7,卖盘
2423,13:02:21,54.36,81540,15,买盘
2424,13:02:24,54.36,16308,3,卖盘
2425,13:02:27,54.36,630582,116,卖盘
2426,13:02:30,54.36,54360,10,买盘
2427,13:02:33,54.35,21743,4,卖盘
2428,13:02:36,54.35,418499,77,卖盘
2429,13:02:39,54.37,152222,28,买盘
2430,13:02:42,54.35,217410,40,卖盘
2431,13:02:45,54.37,255539,47,买盘
2432,13:02:48,54.36,21744,4,卖盘
2433,13:02:51,54.37,119596,22,买盘
2434,13:02:54,54.36,54360,10,中性盘
2435,13:02:57,54.36,86976,16,卖盘
2436,13:03:00,54.36,76114,14,卖盘
2437,13:03:03,54.36,288158,53,卖盘
2438,13:03:06,54.36,27180,5,卖盘
2439,13:03:09,54.37,32621,6,买盘
2440,13:03:12,54.37,16311,3,卖盘
2441,13:03:15,54.38,10876,2,买盘
2442,13:03:18,54.38,108746,20,买盘
2443,13:03:21,54.38,206632,38,买盘
2444,13:03:24,54.37,364347,67,卖盘
2445,13:03:27,54.38,59818,11,买盘
2446,13:03:30,54.39,70706,13,买盘
2447,13:03:33,54.39,43516,8,卖盘
2448,13:03:36,54.4,620216,114,中性盘
2449,13:03:42,54.42,244849,45,买盘
2450,13:03:45,54.42,119722,22,买盘
2451,13:03:48,54.42,114282,21,买盘
2452,13:03:51,54.41,310153,57,卖盘
2453,13:03:54,54.43,190501,35,买盘
2454,13:03:57,54.43,674932,124,买盘
2455,13:04:00,54.43,332023,61,买盘
2456,13:04:03,54.43,1338430,246,买盘
2457,13:04:06,54.43,54430,10,卖盘
2458,13:04:09,54.46,1900478,349,买盘
2459,13:04:12,54.45,21782,4,卖盘
2460,13:04:15,54.46,38122,7,买盘
2461,13:04:18,54.46,190621,35,买盘
2462,13:04:21,54.46,43569,8,卖盘
2463,13:04:24,54.46,119832,22,卖盘
2464,13:04:27,54.46,119830,22,卖盘
2465,13:04:30,54.46,245097,45,卖盘
2466,13:04:33,54.47,261496,48,买盘
2467,13:04:36,54.47,5447,1,卖盘
2468,13:04:39,54.47,463000,85,卖盘
2469,13:04:42,54.48,147094,27,买盘
2470,13:04:45,54.48,59918,11,买盘
2471,13:04:48,54.48,446731,82,买盘
2472,13:04:51,54.48,1645529,302,买盘
2473,13:04:54,54.48,49030,9,买盘
2474,13:05:00,54.49,174368,32,买盘
2475,13:05:03,54.49,27244,5,买盘
2476,13:05:06,54.49,326938,60,买盘
2477,13:05:09,54.49,207048,38,买盘
2478,13:05:12,54.49,490329,90,买盘
2479,13:05:15,54.49,217960,40,买盘
2480,13:05:18,54.48,844585,155,卖盘
2481,13:05:21,54.49,168897,31,中性盘
2482,13:05:24,54.48,174369,32,卖盘
2483,13:05:27,54.48,27244,5,卖盘
2484,13:05:30,54.48,32688,6,卖盘
2485,13:05:33,54.48,190681,35,卖盘
2486,13:05:36,54.49,261532,48,买盘
2487,13:05:39,54.48,54480,10,买盘
2488,13:05:42,54.48,98056,18,买盘
2489,13:05:45,54.48,217918,40,买盘
2490,13:05:48,54.48,103512,19,卖盘
2491,13:05:51,54.49,294196,54,买盘
2492,13:05:54,54.49,108973,20,买盘
2493,13:05:57,54.49,539405,99,买盘
2494,13:06:00,54.49,16347,3,买盘
2495,13:06:03,54.49,87176,16,买盘
2496,13:06:06,54.48,114427,21,卖盘
2497,13:06:12,54.48,234255,43,买盘
2498,13:06:15,54.47,152549,28,卖盘
2499,13:06:18,54.48,81715,15,买盘
2500,13:06:21,54.47,1143870,210,卖盘
2501,13:06:24,54.47,21788,4,买盘
2502,13:06:30,54.46,87139,16,卖盘
2503,13:06:33,54.46,87137,16,卖盘
2504,13:06:36,54.45,5445,1,卖盘
2505,13:06:39,54.45,92565,17,卖盘
2506,13:06:42,54.45,43560,8,卖盘
2507,13:06:45,54.45,147015,27,买盘
2508,13:06:48,54.45,32670,6,买盘
2509,13:06:51,54.44,206899,38,卖盘
2510,13:06:54,54.43,92547,17,卖盘
2511,13:06:57,54.44,277664,51,买盘
2512,13:07:00,54.44,70774,13,卖盘
2513,13:07:03,54.46,119791,22,买盘
2514,13:07:06,54.45,560774,103,中性盘
2515,13:07:09,54.46,10892,2,买盘
2516,13:07:12,54.45,38118,7,卖盘
2517,13:07:15,54.46,147043,27,买盘
2518,13:07:18,54.46,92585,17,卖盘
2519,13:07:21,54.47,157963,29,买盘
2520,13:07:24,54.47,141617,26,卖盘
2521,13:07:27,54.46,163395,30,卖盘
2522,13:07:30,54.48,38130,7,买盘
2523,13:07:33,54.48,245158,45,买盘
2524,13:07:36,54.48,201573,37,买盘
2525,13:07:39,54.48,87168,16,卖盘
2526,13:07:42,54.48,157992,29,卖盘
2527,13:07:45,54.48,277869,51,买盘
2528,13:07:48,54.48,321419,59,买盘
2529,13:07:51,54.48,16344,3,买盘
2530,13:07:54,54.48,76270,14,买盘
2531,13:07:57,54.48,239662,44,买盘
2532,13:08:00,54.48,108956,20,买盘
2533,13:08:03,54.49,10897,2,买盘
2534,13:08:06,54.48,136200,25,卖盘
2535,13:08:09,54.48,909826,167,卖盘
2536,13:08:12,54.49,735622,135,买盘
2537,13:08:15,54.5,109000,20,买盘
2538,13:08:18,54.5,76300,14,买盘
2539,13:08:21,54.5,119900,22,买盘
2540,13:08:24,54.51,1618652,297,买盘
2541,13:08:27,54.52,2649269,486,买盘
2542,13:08:30,54.54,5454,1,买盘
2543,13:08:33,54.54,130896,24,买盘
2544,13:08:36,54.55,81825,15,买盘
2545,13:08:39,54.55,300024,55,买盘
2546,13:08:42,54.55,21821,4,卖盘
2547,13:08:45,54.55,180032,33,卖盘
2548,13:08:48,54.57,289177,53,买盘
2549,13:08:51,54.57,250970,46,买盘
2550,13:08:54,54.56,529186,97,中性盘
2551,13:08:57,54.57,409185,75,买盘
2552,13:09:00,54.56,529266,97,中性盘
2553,13:09:03,54.53,763696,140,卖盘
2554,13:09:06,54.52,387315,71,卖盘
2555,13:09:09,54.55,190945,35,买盘
2556,13:09:12,54.56,660152,121,买盘
2557,13:09:15,54.56,119998,22,买盘
2558,13:09:18,54.56,103662,19,买盘
2559,13:09:21,54.55,196354,36,中性盘
2560,13:09:24,54.54,785306,144,中性盘
2561,13:09:27,54.52,550794,101,卖盘
2562,13:09:30,54.51,447092,82,卖盘
2563,13:09:33,54.5,5450,1,卖盘
2564,13:09:39,54.51,70869,13,中性盘
2565,13:09:42,54.52,81774,15,买盘
2566,13:09:45,54.52,43616,8,买盘
2567,13:09:51,54.52,174464,32,买盘
2568,13:09:54,54.51,10902,2,卖盘
2569,13:09:57,54.51,38158,7,卖盘
2570,13:10:00,54.52,343460,63,买盘
2571,13:10:03,54.49,904698,166,卖盘
2572,13:10:06,54.49,103527,19,中性盘
2573,13:10:09,54.5,348800,64,买盘
2574,13:10:12,54.52,648632,119,买盘
2575,13:10:15,54.52,76329,14,卖盘
2576,13:10:18,54.52,54521,10,卖盘
2577,13:10:21,54.53,305363,56,买盘
2578,13:10:24,54.54,38173,7,买盘
2579,13:10:27,54.54,190856,35,买盘
2580,13:10:30,54.54,130893,24,买盘
2581,13:10:33,54.53,21813,4,卖盘
2582,13:10:36,54.54,98161,18,买盘
2583,13:10:39,54.54,2776963,509,买盘
2584,13:10:42,54.55,10910,2,中性盘
2585,13:10:45,54.58,98204,18,买盘
2586,13:10:48,54.55,32730,6,中性盘
2587,13:10:51,54.57,43652,8,买盘
2588,13:10:54,54.57,76402,14,中性盘
2589,13:10:57,54.57,65484,12,买盘
2590,13:11:00,54.58,360228,66,买盘
2591,13:11:03,54.57,147342,27,卖盘
2592,13:11:06,54.56,545703,100,卖盘
2593,13:11:09,54.58,998691,183,买盘
2594,13:11:12,54.58,174656,32,买盘
2595,13:11:15,54.58,294730,54,买盘
2596,13:11:18,54.58,65487,12,买盘
2597,13:11:21,54.57,251051,46,卖盘
2598,13:11:24,54.57,316554,58,卖盘
2599,13:11:27,54.58,54578,10,买盘
2600,13:11:30,54.57,76400,14,卖盘
2601,13:11:33,54.58,453012,83,买盘
2602,13:11:36,54.57,130979,24,卖盘
2603,13:11:39,54.57,862170,158,卖盘
2604,13:11:42,54.57,3536806,648,卖盘
2605,13:11:45,54.58,382005,70,买盘
2606,13:11:48,54.57,780491,143,卖盘
2607,13:11:51,54.55,240093,44,卖盘
2608,13:11:54,54.56,10912,2,中性盘
2609,13:11:57,54.55,180019,33,卖盘
2610,13:12:00,54.56,38190,7,买盘
2611,13:12:03,54.56,2833106,519,买盘
2612,13:12:06,54.59,87308,16,买盘
2613,13:12:09,54.57,114591,21,中性盘
2614,13:12:12,54.58,92763,17,买盘
2615,13:12:15,54.59,840576,154,买盘
2616,13:12:18,54.58,43671,8,卖盘
2617,13:12:21,54.57,16372,3,卖盘
2618,13:12:24,54.56,534798,98,卖盘
2619,13:12:27,54.57,611276,112,买盘
2620,13:12:30,54.57,114600,21,买盘
2621,13:12:33,54.57,136447,25,卖盘
2622,13:12:36,54.58,152816,28,买盘
2623,13:12:39,54.65,3790886,694,买盘
2624,13:12:42,54.65,92906,17,卖盘
2625,13:12:45,54.65,131181,24,卖盘
2626,13:12:48,54.65,196764,36,卖盘
2627,13:12:51,54.66,153040,28,买盘
2628,13:12:54,54.66,1814384,332,买盘
2629,13:12:57,54.65,317014,58,中性盘
2630,13:13:00,54.65,546562,100,卖盘
2631,13:13:03,54.63,273243,50,卖盘
2632,13:13:06,54.64,316903,58,中性盘
2633,13:13:09,54.63,196695,36,买盘
2634,13:13:12,54.63,49165,9,买盘
2635,13:13:15,54.58,289350,53,卖盘
2636,13:13:18,54.6,311263,57,中性盘
2637,13:13:21,54.59,27300,5,卖盘
2638,13:13:24,54.59,60048,11,买盘
2639,13:13:27,54.59,87342,16,中性盘
2640,13:13:30,54.59,131009,24,买盘
2641,13:13:33,54.61,938939,172,买盘
2642,13:13:36,54.59,163784,30,卖盘
2643,13:13:39,54.61,240242,44,买盘
2644,13:13:42,54.61,131050,24,买盘
2645,13:13:45,54.61,158370,29,卖盘
2646,13:13:48,54.61,49149,9,中性盘
2647,13:13:51,54.62,273062,50,买盘
2648,13:13:54,54.61,322199,59,卖盘
2649,13:13:57,54.62,212987,39,买盘
2650,13:14:00,54.61,426007,78,卖盘
2651,13:14:03,54.62,606241,111,买盘
2652,13:14:06,54.62,229387,42,买盘
2653,13:14:09,54.62,202061,37,买盘
2654,13:14:12,54.62,753639,138,买盘
2655,13:14:15,54.62,404074,74,买盘
2656,13:14:18,54.59,114695,21,卖盘
2657,13:14:21,54.59,212997,39,卖盘
2658,13:14:24,54.61,27305,5,买盘
2659,13:14:27,54.6,152873,28,买盘
2660,13:14:30,54.6,43676,8,中性盘
2661,13:14:33,54.6,49133,9,买盘
2662,13:14:36,54.59,283887,52,卖盘
2663,13:14:39,54.59,163772,30,卖盘
2664,13:14:42,54.59,49131,9,买盘
2665,13:14:45,54.58,300196,55,卖盘
2666,13:14:48,54.58,1528247,280,卖盘
2667,13:14:51,54.57,125522,23,卖盘
2668,13:14:54,54.57,491115,90,卖盘
2669,13:14:57,54.56,294671,54,卖盘
2670,13:15:00,54.56,414657,76,卖盘
2671,13:15:03,54.56,32734,6,买盘
2672,13:15:06,54.55,480041,88,卖盘
2673,13:15:09,54.55,60002,11,买盘
2674,13:15:12,54.55,141809,26,买盘
2675,13:15:15,54.54,261797,48,卖盘
2676,13:15:18,54.53,119969,22,卖盘
2677,13:15:21,54.53,136335,25,卖盘
2678,13:15:24,54.53,65441,12,卖盘
2679,13:15:27,54.53,141778,26,卖盘
2680,13:15:30,54.52,10904,2,卖盘
2681,13:15:33,54.51,130850,24,卖盘
2682,13:15:36,54.51,76316,14,卖盘
2683,13:15:39,54.51,239847,44,卖盘
2684,13:15:42,54.51,141726,26,买盘
2685,13:15:45,54.51,21802,4,买盘
2686,13:15:48,54.5,2021988,371,卖盘
2687,13:15:51,54.51,81753,15,买盘
2688,13:15:54,54.51,272520,50,买盘
2689,13:15:57,54.5,5450,1,卖盘
2690,13:16:00,54.51,272503,50,买盘
2691,13:16:03,54.5,239803,44,卖盘
2692,13:16:06,54.5,21800,4,买盘
2693,13:16:09,54.5,38149,7,买盘
2694,13:16:12,54.5,114449,21,买盘
2695,13:16:15,54.5,21797,4,买盘
2696,13:16:18,54.5,288798,53,买盘
2697,13:16:21,54.48,158018,29,卖盘
2698,13:16:24,54.49,234302,43,买盘
2699,13:16:27,54.49,125321,23,买盘
2700,13:16:30,54.48,54488,10,卖盘
2701,13:16:33,54.49,119881,22,卖盘
2702,13:16:36,54.49,108968,20,买盘
2703,13:16:39,54.48,21794,4,卖盘
2704,13:16:42,54.49,490329,90,买盘
2705,13:16:45,54.5,119898,22,买盘
2706,13:16:48,54.49,114425,21,买盘
2707,13:16:51,54.47,261518,48,卖盘
2708,13:16:54,54.5,76288,14,买盘
2709,13:16:57,54.49,21796,4,卖盘
2710,13:17:00,54.48,190682,35,卖盘
2711,13:17:03,54.48,234245,43,买盘
2712,13:17:06,54.48,16344,3,买盘
2713,13:17:09,54.48,277781,51,买盘
2714,13:17:12,54.48,152522,28,买盘
2715,13:17:15,54.48,332318,61,买盘
2716,13:17:18,54.47,27239,5,卖盘
2717,13:17:21,54.47,54469,10,买盘
2718,13:17:24,54.49,239705,44,买盘
2719,13:17:27,54.49,49035,9,买盘
2720,13:17:30,54.48,10897,2,卖盘
2721,13:17:33,54.49,5449,1,买盘
2722,13:17:36,54.48,32689,6,卖盘
2723,13:17:39,54.5,877399,161,买盘
2724,13:17:42,54.49,59940,11,卖盘
2725,13:17:45,54.49,5449,1,卖盘
2726,13:17:51,54.49,76290,14,卖盘
2727,13:17:54,54.49,277954,51,卖盘
2728,13:17:57,54.49,119888,22,卖盘
2729,13:18:00,54.51,158054,29,买盘
2730,13:18:03,54.52,103588,19,买盘
2731,13:18:06,54.51,32708,6,卖盘
2732,13:18:09,54.51,5451,1,买盘
2733,13:18:12,54.5,196232,36,卖盘
2734,13:18:18,54.5,43601,8,卖盘
2735,13:18:21,54.5,70860,13,卖盘
2736,13:18:24,54.5,196219,36,卖盘
2737,13:18:27,54.52,38162,7,买盘
2738,13:18:30,54.51,54512,10,卖盘
2739,13:18:33,54.51,27255,5,卖盘
2740,13:18:36,54.52,38163,7,买盘
2741,13:18:39,54.51,637879,117,卖盘
2742,13:18:42,54.52,228968,42,买盘
2743,13:18:45,54.52,228945,42,买盘
2744,13:18:48,54.52,65424,12,买盘
2745,13:18:51,54.52,1019524,187,买盘
2746,13:18:54,54.52,54520,10,卖盘
2747,13:18:57,54.53,16359,3,买盘
2748,13:19:00,54.53,21812,4,买盘
2749,13:19:03,54.53,190852,35,买盘
2750,13:19:06,54.53,16359,3,买盘
2751,13:19:09,54.54,185435,34,买盘
2752,13:19:12,54.54,119969,22,买盘
2753,13:19:15,54.53,21813,4,买盘
2754,13:19:18,54.53,10906,2,买盘
2755,13:19:21,54.54,119980,22,买盘
2756,13:19:24,54.53,490783,90,卖盘
2757,13:19:27,54.53,21812,4,卖盘
2758,13:19:30,54.54,179969,33,买盘
2759,13:19:33,54.53,201763,37,卖盘
2760,13:19:36,54.54,125438,23,买盘
2761,13:19:39,54.53,119970,22,卖盘
2762,13:19:42,54.53,119970,22,卖盘
2763,13:19:45,54.53,234473,43,买盘
2764,13:19:48,54.52,5452,1,卖盘
2765,13:19:51,54.53,234466,43,买盘
2766,13:19:54,54.53,27265,5,卖盘
2767,13:19:57,54.53,370804,68,卖盘
2768,13:20:00,54.53,910558,167,卖盘
2769,13:20:03,54.51,125378,23,卖盘
2770,13:20:06,54.51,114472,21,卖盘
2771,13:20:09,54.5,1117447,205,卖盘
2772,13:20:12,54.52,38154,7,买盘
2773,13:20:15,54.5,16350,3,卖盘
2774,13:20:18,54.5,174422,32,卖盘
2775,13:20:21,54.5,27250,5,卖盘
2776,13:20:24,54.5,223470,41,卖盘
2777,13:20:27,54.52,98106,18,买盘
2778,13:20:30,54.49,10898,2,卖盘
2779,13:20:33,54.49,10898,2,卖盘
2780,13:20:36,54.49,196197,36,卖盘
2781,13:20:39,54.49,316045,58,卖盘
2782,13:20:42,54.5,239781,44,买盘
2783,13:20:45,54.49,27244,5,买盘
2784,13:20:48,54.49,16347,3,买盘
2785,13:20:51,54.49,136212,25,买盘
2786,13:20:54,54.48,98080,18,卖盘
2787,13:20:57,54.48,21792,4,卖盘
2788,13:21:00,54.48,283305,52,卖盘
2789,13:21:03,54.48,27240,5,买盘
2790,13:21:06,54.47,310481,57,卖盘
2791,13:21:09,54.47,239703,44,卖盘
2792,13:21:12,54.47,5447,1,买盘
2793,13:21:15,54.47,5447,1,买盘
2794,13:21:18,54.46,185174,34,卖盘
2795,13:21:21,54.46,65358,12,卖盘
2796,13:21:24,54.46,419342,77,卖盘
2797,13:21:30,54.46,76244,14,买盘
2798,13:21:33,54.46,152465,28,买盘
2799,13:21:36,54.46,70798,13,卖盘
2800,13:21:39,54.46,157934,29,卖盘
2801,13:21:42,54.46,5446,1,卖盘
2802,13:21:45,54.46,16338,3,卖盘
2803,13:21:48,54.46,168850,31,卖盘
2804,13:21:51,54.46,16338,3,卖盘
2805,13:21:54,54.47,38125,7,中性盘
2806,13:21:57,54.47,201521,37,卖盘
2807,13:22:00,54.46,70808,13,卖盘
2808,13:22:03,54.45,147038,27,卖盘
2809,13:22:06,54.47,43570,8,中性盘
2810,13:22:09,54.45,299487,55,卖盘
2811,13:22:12,54.45,38115,7,买盘
2812,13:22:15,54.45,49004,9,买盘
2813,13:22:18,54.45,27225,5,买盘
2814,13:22:21,54.44,16334,3,卖盘
2815,13:22:24,54.45,108896,20,买盘
2816,13:22:27,54.44,70773,13,卖盘
2817,13:22:30,54.45,43559,8,买盘
2818,13:22:33,54.44,38108,7,卖盘
2819,13:22:36,54.44,16332,3,卖盘
2820,13:22:42,54.44,168794,31,卖盘
2821,13:22:45,54.45,65329,12,买盘
2822,13:22:48,54.45,108887,20,买盘
2823,13:22:51,54.44,315759,58,卖盘
2824,13:22:54,54.45,10890,2,买盘
2825,13:22:57,54.45,70783,13,买盘
2826,13:23:00,54.45,54450,10,买盘
2827,13:23:03,54.45,21780,4,买盘
2828,13:23:06,54.45,54450,10,卖盘
2829,13:23:12,54.46,408450,75,买盘
2830,13:23:15,54.45,27226,5,卖盘
2831,13:23:18,54.46,212385,39,买盘
2832,13:23:21,54.46,16338,3,卖盘
2833,13:23:24,54.47,43567,8,买盘
2834,13:23:27,54.46,190643,35,中性盘
2835,13:23:30,54.46,157932,29,买盘
2836,13:23:33,54.46,16338,3,买盘
2837,13:23:36,54.46,168817,31,买盘
2838,13:23:39,54.45,59900,11,卖盘
2839,13:23:42,54.46,38122,7,买盘
2840,13:23:45,54.45,5445,1,卖盘
2841,13:23:48,54.45,43562,8,卖盘
2842,13:23:51,54.46,239583,44,买盘
2843,13:23:54,54.45,87129,16,卖盘
2844,13:23:57,54.45,413832,76,卖盘
2845,13:24:00,54.45,65342,12,卖盘
2846,13:24:03,54.45,5445,1,买盘
2847,13:24:06,54.44,5444,1,卖盘
2848,13:24:09,54.46,304923,56,买盘
2849,13:24:12,54.45,27225,5,卖盘
2850,13:24:15,54.46,43568,8,买盘
2851,13:24:18,54.46,141576,26,卖盘
2852,13:24:21,54.46,43573,8,卖盘
2853,13:24:24,54.46,5446,1,中性盘
2854,13:24:27,54.46,59908,11,卖盘
2855,13:24:30,54.48,550155,101,买盘
2856,13:24:33,54.47,38133,7,卖盘
2857,13:24:36,54.47,76271,14,卖盘
2858,13:24:39,54.48,10896,2,买盘
2859,13:24:42,54.48,833614,153,买盘
2860,13:24:48,54.49,5449,1,买盘
2861,13:24:51,54.48,21792,4,卖盘
2862,13:24:54,54.49,54490,10,买盘
2863,13:24:57,54.49,506757,93,买盘
2864,13:25:00,54.49,125327,23,买盘
2865,13:25:03,54.49,21796,4,买盘
2866,13:25:06,54.49,261541,48,买盘
2867,13:25:09,54.5,490500,90,买盘
2868,13:25:12,54.5,5450,1,买盘
2869,13:25:15,54.5,724669,133,买盘
2870,13:25:18,54.5,32700,6,买盘
2871,13:25:21,54.49,76297,14,中性盘
2872,13:25:24,54.48,343343,63,卖盘
2873,13:25:27,54.49,5449,1,中性盘
2874,13:25:30,54.49,38143,7,买盘
2875,13:25:36,54.49,54490,10,买盘
2876,13:25:39,54.49,21798,4,卖盘
2877,13:25:42,54.5,10900,2,买盘
2878,13:25:45,54.5,81742,15,买盘
2879,13:25:48,54.5,277936,51,买盘
2880,13:25:51,54.5,21798,4,买盘
2881,13:25:54,54.5,174400,32,买盘
2882,13:25:57,54.5,228866,42,卖盘
2883,13:26:03,54.51,87213,16,买盘
2884,13:26:06,54.52,49065,9,买盘
2885,13:26:09,54.5,54500,10,卖盘
2886,13:26:12,54.52,87218,16,买盘
2887,13:26:15,54.49,10898,2,卖盘
2888,13:26:18,54.5,16350,3,买盘
2889,13:26:21,54.5,10900,2,卖盘
2890,13:26:24,54.5,27248,5,买盘
2891,13:26:27,54.49,87198,16,卖盘
2892,13:26:30,54.5,261566,48,买盘
2893,13:26:33,54.51,54505,10,买盘
2894,13:26:36,54.51,5451,1,卖盘
2895,13:26:39,54.51,27255,5,卖盘
2896,13:26:42,54.51,59960,11,买盘
2897,13:26:45,54.51,59961,11,买盘
2898,13:26:48,54.51,43608,8,卖盘
2899,13:26:51,54.52,81775,15,买盘
2900,13:26:54,54.52,158088,29,买盘
2901,13:26:57,54.51,10903,2,卖盘
2902,13:27:00,54.52,114492,21,买盘
2903,13:27:03,54.51,365233,67,卖盘
2904,13:27:06,54.53,103604,19,买盘
2905,13:27:12,54.53,256286,47,买盘
2906,13:27:15,54.52,76341,14,卖盘
2907,13:27:18,54.53,76332,14,中性盘
2908,13:27:21,54.53,76342,14,卖盘
2909,13:27:24,54.54,179921,33,买盘
2910,13:27:27,54.54,16362,3,买盘
2911,13:27:30,54.53,119972,22,卖盘
2912,13:27:36,54.55,310879,57,买盘
2913,13:27:39,54.54,10908,2,卖盘
2914,13:27:42,54.55,1428891,262,买盘
2915,13:27:45,54.54,114534,21,中性盘
2916,13:27:48,54.55,720059,132,买盘
2917,13:27:57,54.55,70924,13,卖盘
2918,13:28:00,54.55,60010,11,卖盘
2919,13:28:03,54.56,174592,32,买盘
2920,13:28:06,54.56,21824,4,卖盘
2921,13:28:09,54.56,76384,14,卖盘
2922,13:28:12,54.56,103664,19,卖盘
2923,13:28:15,54.56,70934,13,卖盘
2924,13:28:18,54.59,654934,120,买盘
2925,13:28:21,54.59,32749,6,买盘
2926,13:28:24,54.56,76392,14,卖盘
2927,13:28:27,54.55,480115,88,卖盘
2928,13:28:30,54.56,54560,10,中性盘
2929,13:28:33,54.55,763883,140,卖盘
2930,13:28:36,54.56,87291,16,中性盘
2931,13:28:39,54.58,327384,60,买盘
2932,13:28:42,54.57,196478,36,中性盘
2933,13:28:45,54.57,98212,18,买盘
2934,13:28:48,54.57,196442,36,买盘
2935,13:28:51,54.57,256479,47,买盘
2936,13:28:54,54.56,120050,22,卖盘
2937,13:29:00,54.57,245563,45,买盘
2938,13:29:03,54.56,1053035,193,卖盘
2939,13:29:06,54.56,212784,39,卖盘
2940,13:29:09,54.56,130957,24,卖盘
2941,13:29:12,54.55,70926,13,卖盘
2942,13:29:15,54.55,49099,9,卖盘
2943,13:29:18,54.57,109125,20,买盘
2944,13:29:21,54.57,81850,15,买盘
2945,13:29:24,54.55,147310,27,卖盘
2946,13:29:27,54.56,10912,2,买盘
2947,13:29:30,54.56,21825,4,买盘
2948,13:29:33,54.56,87296,16,买盘
2949,13:29:36,54.55,894630,164,卖盘
2950,13:29:39,54.56,76384,14,买盘
2951,13:29:42,54.56,141853,26,卖盘
2952,13:29:45,54.57,130945,24,买盘
2953,13:29:48,54.55,485531,89,卖盘
2954,13:29:51,54.55,60005,11,买盘
2955,13:29:54,54.55,5455,1,买盘
2956,13:29:57,54.55,338198,62,买盘
2957,13:30:03,54.55,114575,21,卖盘
2958,13:30:06,54.55,16365,3,卖盘
2959,13:30:12,54.55,136375,25,卖盘
2960,13:30:15,54.55,87281,16,卖盘
2961,13:30:18,54.53,5453,1,卖盘
2962,13:30:21,54.53,147236,27,卖盘
2963,13:30:24,54.53,5453,1,卖盘
2964,13:30:27,54.55,147277,27,买盘
2965,13:30:30,54.54,54540,10,卖盘
2966,13:30:33,54.54,119997,22,卖盘
2967,13:30:39,54.53,65441,12,卖盘
2968,13:30:42,54.53,38175,7,卖盘
2969,13:30:45,54.53,190855,35,卖盘
2970,13:30:48,54.54,54539,10,买盘
2971,13:30:51,54.53,109069,20,卖盘
2972,13:30:54,54.53,65442,12,卖盘
2973,13:30:57,54.53,5453,1,卖盘
2974,13:31:00,54.55,65449,12,买盘
2975,13:31:03,54.54,92718,17,卖盘
2976,13:31:09,54.54,54540,10,卖盘
2977,13:31:12,54.54,70902,13,卖盘
2978,13:31:15,54.54,109078,20,买盘
2979,13:31:18,54.54,267248,49,卖盘
2980,13:31:21,54.55,43634,8,买盘
2981,13:31:24,54.53,54530,10,卖盘
2982,13:31:27,54.53,27265,5,卖盘
2983,13:31:33,54.54,32724,6,买盘
2984,13:31:36,54.53,76352,14,卖盘
2985,13:31:39,54.54,299927,55,买盘
2986,13:31:42,54.53,38172,7,卖盘
2987,13:31:45,54.54,21816,4,买盘
2988,13:31:48,54.53,70889,13,卖盘
2989,13:31:54,54.53,38173,7,卖盘
2990,13:31:57,54.53,152684,28,卖盘
2991,13:32:00,54.53,10906,2,买盘
2992,13:32:03,54.53,16359,3,买盘
2993,13:32:06,54.52,338024,62,卖盘
2994,13:32:09,54.52,10904,2,卖盘
2995,13:32:12,54.52,92692,17,卖盘
2996,13:32:15,54.52,103588,19,卖盘
2997,13:32:18,54.52,76330,14,卖盘
2998,13:32:21,54.53,419881,77,买盘
2999,13:32:24,54.53,201761,37,卖盘
3000,13:32:27,54.52,59973,11,卖盘
3001,13:32:30,54.52,10904,2,卖盘
3002,13:32:33,54.53,16359,3,买盘
3003,13:32:36,54.52,316216,58,卖盘
3004,13:32:39,54.52,54520,10,卖盘
3005,13:32:42,54.52,98136,18,买盘
3006,13:32:45,54.51,21805,4,卖盘
3007,13:32:48,54.52,54520,10,买盘
3008,13:32:51,54.51,59961,11,卖盘
3009,13:32:54,54.52,54520,10,买盘
3010,13:32:57,54.51,21804,4,卖盘
3011,13:33:00,54.51,32706,6,卖盘
3012,13:33:03,54.51,114473,21,卖盘
3013,13:33:06,54.51,463335,85,卖盘
3014,13:33:09,54.51,59961,11,买盘
3015,13:33:15,54.5,109004,20,卖盘
3016,13:33:18,54.51,21801,4,买盘
3017,13:33:21,54.5,38150,7,卖盘
3018,13:33:24,54.5,81750,15,卖盘
3019,13:33:27,54.5,32701,6,卖盘
3020,13:33:33,54.5,130800,24,卖盘
3021,13:33:36,54.5,196235,36,卖盘
3022,13:33:39,54.5,250701,46,卖盘
3023,13:33:42,54.5,5450,1,卖盘
3024,13:33:45,54.5,539550,99,卖盘
3025,13:33:51,54.49,174369,32,卖盘
3026,13:33:54,54.49,5449,1,卖盘
3027,13:33:57,54.5,108982,20,买盘
3028,13:34:00,54.49,92634,17,卖盘
3029,13:34:03,54.49,70837,13,卖盘
3030,13:34:06,54.49,70838,13,卖盘
3031,13:34:09,54.49,234307,43,买盘
3032,13:34:12,54.49,38149,7,中性盘
3033,13:34:15,54.5,65397,12,买盘
3034,13:34:18,54.49,223445,41,卖盘
3035,13:34:21,54.5,32700,6,买盘
3036,13:34:24,54.49,92635,17,卖盘
3037,13:34:27,54.5,1248047,229,买盘
3038,13:34:30,54.5,38151,7,卖盘
3039,13:34:33,54.51,463331,85,买盘
3040,13:34:36,54.52,239849,44,买盘
3041,13:34:39,54.52,125396,23,买盘
3042,13:34:42,54.51,130824,24,卖盘
3043,13:34:45,54.52,332525,61,买盘
3044,13:34:48,54.52,5452,1,买盘
3045,13:34:51,54.51,98118,18,卖盘
3046,13:34:54,54.52,87219,16,买盘
3047,13:34:57,54.51,109020,20,卖盘
3048,13:35:00,54.51,21804,4,买盘
3049,13:35:03,54.51,27253,5,中性盘
3050,13:35:06,54.51,10902,2,中性盘
3051,13:35:09,54.51,141731,26,卖盘
3052,13:35:12,54.51,16353,3,卖盘
3053,13:35:15,54.51,43608,8,卖盘
3054,13:35:18,54.52,43609,8,买盘
3055,13:35:21,54.52,359832,66,买盘
3056,13:35:27,54.52,109040,20,买盘
3057,13:35:30,54.52,54520,10,买盘
3058,13:35:33,54.51,59966,11,卖盘
3059,13:35:36,54.52,321627,59,买盘
3060,13:35:39,54.51,21804,4,卖盘
3061,13:35:42,54.52,10904,2,买盘
3062,13:35:45,54.52,174464,32,买盘
3063,13:35:48,54.52,21808,4,卖盘
3064,13:35:51,54.53,70881,13,买盘
3065,13:35:54,54.53,130858,24,买盘
3066,13:35:57,54.53,27265,5,买盘
3067,13:36:00,54.53,54530,10,买盘
3068,13:36:03,54.53,1030617,189,买盘
3069,13:36:06,54.53,310785,57,卖盘
3070,13:36:09,54.54,736244,135,买盘
3071,13:36:12,54.58,2733830,501,买盘
3072,13:36:15,54.62,4875510,893,买盘
3073,13:36:18,54.64,628197,115,买盘
3074,13:36:21,54.64,147524,27,买盘
3075,13:36:24,54.64,431647,79,买盘
3076,13:36:27,54.64,267736,49,卖盘
3077,13:36:30,54.65,1207756,221,买盘
3078,13:36:33,54.65,377084,69,买盘
