,成交时间,成交价格,成交金额,成交量,性质
0,09:25:00,7.7,2814073,3655,卖盘
1,09:30:00,7.7,3106197,4032,卖盘
2,09:30:03,7.69,3730444,4847,中性盘
3,09:30:06,7.7,725531,943,买盘
4,09:30:09,7.68,568549,740,卖盘
5,09:30:12,7.66,1374742,1792,卖盘
6,09:30:15,7.66,989665,1292,卖盘
7,09:30:18,7.65,58908,77,卖盘
8,09:30:21,7.66,654133,855,买盘
9,09:30:24,7.66,166778,218,买盘
10,09:30:27,7.65,450174,588,卖盘
11,09:30:30,7.65,349780,457,卖盘
12,09:30:33,7.65,338928,443,买盘
13,09:30:36,7.65,220277,288,买盘
14,09:30:39,7.65,431529,564,买盘
15,09:30:42,7.66,251902,329,买盘
16,09:30:45,7.66,147807,193,买盘
17,09:30:48,7.66,1507651,1971,买盘
18,09:30:51,7.64,182113,238,卖盘
19,09:30:54,7.64,471761,617,卖盘
20,09:30:57,7.64,194066,254,卖盘
21,09:31:00,7.64,134464,176,卖盘
22,09:31:03,7.63,1310972,1717,卖盘
23,09:31:06,7.63,93957,123,卖盘
24,09:31:09,7.64,135151,177,买盘
25,09:31:12,7.63,232749,305,卖盘
26,09:31:15,7.63,526525,690,卖盘
27,09:31:18,7.63,393779,516,卖盘
28,09:31:21,7.63,194564,255,买盘
29,09:31:24,7.62,170881,224,卖盘
30,09:31:27,7.64,260217,341,买盘
31,09:31:30,7.62,273150,358,卖盘
32,09:31:33,7.62,189137,248,卖盘
33,09:31:36,7.63,180728,237,买盘
34,09:31:39,7.62,324212,425,卖盘
35,09:31:42,7.63,247852,325,买盘
36,09:31:45,7.63,365296,479,买盘
37,09:31:48,7.63,208292,273,买盘
38,09:31:51,7.62,504806,662,卖盘
39,09:31:54,7.64,78633,103,买盘
40,09:31:57,7.64,79384,104,买盘
41,09:32:00,7.64,126046,165,买盘
42,09:32:03,7.64,471942,618,买盘
43,09:32:06,7.64,146677,192,卖盘
44,09:32:09,7.64,412952,540,卖盘
45,09:32:12,7.65,275097,360,买盘
46,09:32:15,7.66,198063,259,买盘
47,09:32:18,7.65,273026,357,中性盘
48,09:32:21,7.65,544066,711,卖盘
49,09:32:24,7.65,343461,449,买盘
50,09:32:27,7.66,203440,266,买盘
51,09:32:30,7.65,351817,460,卖盘
52,09:32:33,7.66,304634,398,买盘
53,09:32:36,7.66,695494,908,买盘
54,09:32:39,7.66,234624,306,卖盘
55,09:32:42,7.68,21476,28,买盘
56,09:32:45,7.68,80587,105,买盘
57,09:32:48,7.67,73675,96,中性盘
58,09:32:51,7.68,188808,246,买盘
59,09:32:54,7.67,102005,133,卖盘
60,09:32:57,7.67,411443,536,卖盘
61,09:33:00,7.67,209582,273,买盘
62,09:33:03,7.68,610913,797,买盘
63,09:33:06,7.68,227238,296,买盘
64,09:33:09,7.68,448080,584,买盘
65,09:33:12,7.68,95263,124,买盘
66,09:33:15,7.68,20736,27,卖盘
67,09:33:18,7.67,418605,545,卖盘
68,09:33:21,7.67,1737031,2265,卖盘
69,09:33:24,7.66,1301584,1697,卖盘
70,09:33:27,7.65,559810,731,卖盘
71,09:33:30,7.66,139368,182,买盘
72,09:33:33,7.66,117882,154,买盘
73,09:33:36,7.66,110275,144,买盘
74,09:33:39,7.66,170788,223,买盘
75,09:33:42,7.66,133956,175,买盘
76,09:33:45,7.65,112518,147,卖盘
77,09:33:48,7.65,485303,634,卖盘
78,09:33:51,7.66,300203,392,买盘
79,09:33:54,7.66,1590919,2077,买盘
80,09:33:57,7.65,120915,158,卖盘
81,09:34:00,7.66,69706,91,买盘
82,09:34:03,7.65,27563,36,卖盘
83,09:34:06,7.65,242767,317,卖盘
84,09:34:09,7.66,137006,179,买盘
85,09:34:12,7.66,350007,457,买盘
86,09:34:15,7.67,64353,84,买盘
87,09:34:18,7.67,190956,249,买盘
88,09:34:21,7.67,82069,107,买盘
89,09:34:24,7.66,108848,142,卖盘
90,09:34:27,7.67,62114,81,买盘
91,09:34:30,7.67,61350,80,买盘
92,09:34:33,7.67,85152,111,卖盘
93,09:34:36,7.67,767,1,卖盘
94,09:34:39,7.67,398455,519,卖盘
95,09:34:42,7.68,80580,105,买盘
96,09:34:45,7.67,214780,280,卖盘
97,09:34:48,7.68,56003,73,买盘
98,09:34:51,7.68,98304,128,买盘
99,09:34:54,7.68,132860,173,买盘
100,09:34:57,7.68,213494,278,买盘
101,09:35:00,7.68,256342,334,买盘
102,09:35:03,7.68,543133,708,买盘
103,09:35:06,7.68,388725,507,买盘
104,09:35:09,7.66,168924,220,卖盘
105,09:35:12,7.65,4728274,6174,卖盘
106,09:35:15,7.66,143148,187,买盘
107,09:35:18,7.65,186789,244,卖盘
108,09:35:21,7.66,30610,40,买盘
109,09:35:24,7.65,146234,191,卖盘
110,09:35:27,7.65,172973,226,卖盘
111,09:35:30,7.65,641292,838,卖盘
112,09:35:33,7.65,266524,348,卖盘
113,09:35:36,7.66,313302,409,买盘
114,09:35:39,7.65,477527,624,卖盘
115,09:35:42,7.66,59748,78,卖盘
116,09:35:45,7.66,366307,478,卖盘
117,09:35:48,7.66,111951,146,卖盘
118,09:35:51,7.66,152434,199,卖盘
119,09:35:54,7.66,193798,253,卖盘
120,09:35:57,7.67,177762,232,买盘
121,09:36:00,7.67,75100,98,买盘
122,09:36:03,7.66,81263,106,卖盘
123,09:36:06,7.66,121800,159,卖盘
124,09:36:09,7.65,94207,123,卖盘
125,09:36:12,7.66,126390,165,卖盘
126,09:36:15,7.66,98814,129,卖盘
127,09:36:18,7.67,1139288,1487,买盘
128,09:36:21,7.67,35276,46,买盘
129,09:36:24,7.66,705603,920,卖盘
130,09:36:27,7.66,25304,33,卖盘
131,09:36:30,7.66,20695,27,卖盘
132,09:36:33,7.67,48295,63,买盘
133,09:36:36,7.67,336673,439,买盘
134,09:36:39,7.66,33715,44,卖盘
135,09:36:42,7.67,59792,78,买盘
136,09:36:45,7.66,184623,241,卖盘
137,09:36:48,7.66,82831,108,卖盘
138,09:36:51,7.66,168706,220,卖盘
139,09:36:54,7.67,143105,187,买盘
140,09:36:57,7.67,3835,5,买盘
141,09:37:00,7.66,83554,109,卖盘
142,09:37:03,7.67,71331,93,买盘
143,09:37:06,7.67,20704,27,买盘
144,09:37:09,7.66,58995,77,卖盘
145,09:37:12,7.67,125725,164,买盘
146,09:37:15,7.67,483957,631,买盘
147,09:37:18,7.67,251576,328,卖盘
148,09:37:21,7.66,283780,370,卖盘
149,09:37:24,7.67,78222,102,买盘
150,09:37:27,7.67,226971,296,买盘
151,09:37:30,7.67,47554,62,卖盘
152,09:37:33,7.67,118158,154,卖盘
153,09:37:36,7.67,269991,352,卖盘
154,09:37:39,7.68,60612,79,买盘
155,09:37:42,7.67,274694,358,卖盘
156,09:37:45,7.67,85892,112,买盘
157,09:37:48,7.66,41406,54,卖盘
158,09:37:51,7.66,37535,49,卖盘
159,09:37:54,7.66,360081,470,卖盘
160,09:37:57,7.67,833487,1087,买盘
161,09:38:00,7.67,89739,117,卖盘
162,09:38:03,7.67,32214,42,卖盘
163,09:38:06,7.67,84375,110,卖盘
164,09:38:09,7.67,352067,459,卖盘
165,09:38:12,7.67,56768,74,卖盘
166,09:38:15,7.68,32986,43,买盘
167,09:38:18,7.67,228726,298,卖盘
168,09:38:21,7.68,19177,25,买盘
169,09:38:24,7.68,200224,261,买盘
170,09:38:27,7.69,1841375,2397,买盘
171,09:38:30,7.68,505870,658,卖盘
172,09:38:33,7.69,240697,313,买盘
173,09:38:36,7.7,10769,14,买盘
174,09:38:39,7.7,89274,116,买盘
175,09:38:42,7.7,353861,460,买盘
176,09:38:45,7.7,197070,256,买盘
177,09:38:48,7.7,214002,278,买盘
178,09:38:51,7.7,1710940,2222,买盘
179,09:38:54,7.69,332528,432,卖盘
180,09:38:57,7.7,43133,56,中性盘
181,09:39:00,7.7,97862,127,卖盘
182,09:39:03,7.7,868824,1128,卖盘
183,09:39:06,7.7,572433,744,卖盘
184,09:39:09,7.7,113091,147,买盘
185,09:39:12,7.68,120069,156,卖盘
186,09:39:15,7.7,308456,401,买盘
187,09:39:18,7.68,229874,299,卖盘
188,09:39:21,7.69,69962,91,买盘
189,09:39:24,7.69,232238,302,买盘
190,09:39:27,7.69,64586,84,卖盘
191,09:39:30,7.69,79984,104,卖盘
192,09:39:33,7.7,13850,18,买盘
193,09:39:36,7.69,41526,54,卖盘
194,09:39:39,7.7,189380,246,买盘
195,09:39:42,7.7,48451,63,买盘
196,09:39:45,7.7,518938,674,买盘
197,09:39:48,7.7,45414,59,买盘
198,09:39:51,7.7,431510,561,买盘
199,09:39:54,7.7,207130,269,买盘
200,09:39:57,7.7,307198,399,买盘
201,09:40:00,7.7,45434,59,卖盘
202,09:40:03,7.7,87035,113,卖盘
203,09:40:06,7.7,127171,165,卖盘
204,09:40:09,7.71,178807,232,买盘
205,09:40:12,7.7,1064140,1382,卖盘
206,09:40:15,7.7,96212,125,买盘
207,09:40:18,7.7,96220,125,买盘
208,09:40:21,7.7,434995,565,买盘
209,09:40:24,7.7,1195564,1555,买盘
210,09:40:27,7.7,469697,610,买盘
211,09:40:30,7.71,113978,148,买盘
212,09:40:33,7.71,104770,136,买盘
213,09:40:36,7.71,271947,353,买盘
214,09:40:39,7.7,763866,992,卖盘
215,09:40:42,7.71,137228,178,买盘
216,09:40:45,7.71,57790,75,买盘
217,09:40:48,7.71,36212,47,买盘
218,09:40:51,7.71,23890,31,买盘
219,09:40:54,7.71,97852,127,买盘
220,09:40:57,7.71,118729,154,买盘
221,09:41:00,7.71,964291,1252,买盘
222,09:41:03,7.7,437397,568,卖盘
223,09:41:06,7.7,28490,37,买盘
224,09:41:09,7.69,85425,111,卖盘
225,09:41:12,7.7,321080,417,买盘
226,09:41:15,7.7,266900,347,买盘
227,09:41:18,7.69,11540,15,卖盘
228,09:41:21,7.69,118485,154,卖盘
229,09:41:24,7.69,694416,903,卖盘
230,09:41:27,7.69,259917,338,买盘
231,09:41:30,7.69,103805,135,买盘
232,09:41:33,7.69,87661,114,买盘
233,09:41:36,7.69,289088,376,买盘
234,09:41:39,7.69,26915,35,买盘
235,09:41:42,7.69,53830,70,买盘
236,09:41:45,7.69,298367,388,买盘
237,09:41:48,7.69,41525,54,买盘
238,09:41:51,7.69,323504,421,买盘
239,09:41:54,7.69,232952,303,买盘
240,09:41:57,7.69,111505,145,卖盘
241,09:42:00,7.69,1538,2,卖盘
242,09:42:03,7.69,702074,913,卖盘
243,09:42:06,7.68,92269,120,卖盘
244,09:42:09,7.68,106009,138,卖盘
245,09:42:12,7.68,257475,335,卖盘
246,09:42:15,7.68,1399158,1822,卖盘
247,09:42:18,7.68,178171,232,买盘
248,09:42:21,7.67,7670,10,卖盘
249,09:42:24,7.67,193339,252,卖盘
250,09:42:27,7.67,251676,328,卖盘
251,09:42:30,7.67,26088,34,卖盘
252,09:42:33,7.67,264809,345,卖盘
253,09:42:36,7.68,133596,174,买盘
254,09:42:39,7.68,25343,33,买盘
255,09:42:42,7.67,17645,23,卖盘
256,09:42:45,7.67,219543,286,卖盘
257,09:42:48,7.67,63667,83,卖盘
258,09:42:51,7.67,373823,487,卖盘
259,09:42:54,7.67,27628,36,卖盘
260,09:42:57,7.67,780039,1017,卖盘
261,09:43:00,7.68,228617,298,买盘
262,09:43:03,7.67,63731,83,卖盘
263,09:43:06,7.67,274589,358,卖盘
264,09:43:09,7.67,274885,358,卖盘
265,09:43:12,7.67,73721,96,卖盘
266,09:43:15,7.67,73656,96,卖盘
267,09:43:18,7.67,28382,37,卖盘
268,09:43:21,7.67,16874,22,卖盘
269,09:43:27,7.67,110472,144,卖盘
270,09:43:33,7.67,130390,170,卖盘
271,09:43:36,7.67,7670,10,卖盘
272,09:43:39,7.68,49106,64,买盘
273,09:43:42,7.68,142668,186,买盘
274,09:43:45,7.67,119657,156,卖盘
275,09:43:48,7.67,20719,27,卖盘
276,09:43:51,7.68,52209,68,买盘
277,09:43:54,7.67,560036,730,卖盘
278,09:43:57,7.67,190983,249,买盘
279,09:44:00,7.67,113502,148,买盘
280,09:44:03,7.67,246903,322,买盘
281,09:44:06,7.66,8426,11,卖盘
282,09:44:09,7.67,42150,55,买盘
283,09:44:12,7.67,41407,54,买盘
284,09:44:15,7.67,51338,67,买盘
285,09:44:18,7.67,109589,143,买盘
286,09:44:21,7.66,468056,611,卖盘
287,09:44:24,7.66,168620,220,卖盘
288,09:44:27,7.66,170053,222,卖盘
289,09:44:30,7.66,85792,112,卖盘
290,09:44:33,7.67,232988,304,买盘
291,09:44:36,7.66,13034,17,卖盘
292,09:44:39,7.66,99672,130,卖盘
293,09:44:42,7.67,173893,227,买盘
294,09:44:45,7.66,22980,30,卖盘
295,09:44:48,7.66,32938,43,卖盘
296,09:44:51,7.66,199280,260,卖盘
297,09:44:54,7.66,78899,103,卖盘
298,09:44:57,7.66,13022,17,卖盘
299,09:45:00,7.65,907981,1185,卖盘
300,09:45:03,7.66,382237,499,买盘
301,09:45:06,7.66,2298,3,买盘
302,09:45:09,7.66,91915,120,买盘
303,09:45:12,7.66,206053,269,买盘
304,09:45:15,7.66,122560,160,卖盘
305,09:45:18,7.66,135585,177,卖盘
306,09:45:21,7.66,124092,162,卖盘
307,09:45:24,7.66,124134,162,卖盘
308,09:45:27,7.66,521456,680,卖盘
309,09:45:30,7.67,168554,220,买盘
310,09:45:33,7.66,3830,5,卖盘
311,09:45:36,7.66,22988,30,卖盘
312,09:45:39,7.67,56729,74,买盘
313,09:45:42,7.66,7660,10,卖盘
314,09:45:45,7.66,11490,15,卖盘
315,09:45:48,7.66,97282,127,卖盘
316,09:45:51,7.66,53620,70,卖盘
317,09:45:54,7.66,335498,438,卖盘
318,09:45:57,7.66,18384,24,买盘
319,09:46:00,7.66,94979,124,买盘
320,09:46:03,7.66,186750,244,买盘
321,09:46:06,7.67,487282,636,买盘
322,09:46:09,7.66,93436,122,买盘
323,09:46:12,7.66,33666,44,买盘
324,09:46:15,7.66,91840,120,买盘
325,09:46:18,7.65,46686,61,卖盘
326,09:46:21,7.66,302474,395,买盘
327,09:46:24,7.67,11491,15,买盘
328,09:46:27,7.66,3830,5,卖盘
329,09:46:30,7.66,5363,7,卖盘
330,09:46:33,7.66,108774,142,卖盘
331,09:46:36,7.65,775977,1013,卖盘
332,09:46:39,7.66,8426,11,买盘
333,09:46:42,7.65,120913,158,卖盘
334,09:46:45,7.65,71935,94,卖盘
335,09:46:48,7.66,187657,245,买盘
336,09:46:51,7.65,111690,146,卖盘
337,09:46:54,7.66,139373,182,买盘
338,09:46:57,7.66,27543,36,买盘
339,09:47:00,7.66,39820,52,买盘
340,09:47:03,7.65,79626,104,卖盘
341,09:47:06,7.67,837977,1094,买盘
342,09:47:09,7.67,25306,33,买盘
343,09:47:12,7.66,33704,44,卖盘
344,09:47:15,7.65,179999,235,卖盘
345,09:47:18,7.66,30628,40,买盘
346,09:47:21,7.66,16081,21,卖盘
347,09:47:24,7.65,32914,43,卖盘
348,09:47:27,7.66,58206,76,买盘
349,09:47:30,7.65,32896,43,卖盘
350,09:47:33,7.66,13010,17,买盘
351,09:47:36,7.65,23745,31,卖盘
352,09:47:39,7.65,23732,31,卖盘
353,09:47:42,7.65,267954,350,卖盘
354,09:47:45,7.65,112485,147,卖盘
355,09:47:51,7.65,1588949,2077,卖盘
356,09:47:54,7.66,172281,225,买盘
357,09:47:57,7.65,110925,145,卖盘
358,09:48:00,7.66,61230,80,买盘
359,09:48:03,7.65,797130,1042,卖盘
360,09:48:06,7.65,187425,245,卖盘
361,09:48:09,7.64,74173,97,卖盘
362,09:48:12,7.65,38210,50,买盘
363,09:48:15,7.64,12224,16,卖盘
364,09:48:18,7.64,22920,30,卖盘
365,09:48:21,7.64,40492,53,卖盘
366,09:48:24,7.65,130799,171,买盘
367,09:48:27,7.65,8412,11,买盘
368,09:48:30,7.64,85568,112,卖盘
369,09:48:33,7.64,157386,206,卖盘
370,09:48:36,7.64,390421,511,卖盘
371,09:48:39,7.64,80220,105,卖盘
372,09:48:42,7.64,60356,79,卖盘
373,09:48:45,7.64,764,1,卖盘
374,09:48:48,7.64,20628,27,卖盘
375,09:48:51,7.65,8411,11,买盘
376,09:48:54,7.64,167468,219,卖盘
377,09:48:57,7.65,134515,176,买盘
378,09:49:00,7.64,65726,86,卖盘
379,09:49:03,7.64,197879,259,卖盘
380,09:49:06,7.64,3820,5,卖盘
381,09:49:09,7.64,764,1,卖盘
382,09:49:12,7.65,97870,128,买盘
383,09:49:15,7.64,81068,106,卖盘
384,09:49:18,7.64,19864,26,卖盘
385,09:49:21,7.64,84821,111,卖盘
386,09:49:24,7.64,46604,61,卖盘
387,09:49:27,7.64,26008,34,卖盘
388,09:49:30,7.64,26740,35,卖盘
389,09:49:33,7.64,20638,27,卖盘
390,09:49:36,7.64,128352,168,卖盘
391,09:49:39,7.65,71085,93,买盘
392,09:49:42,7.64,71062,93,卖盘
393,09:49:45,7.64,145266,190,卖盘
394,09:49:48,7.64,25981,34,卖盘
395,09:49:51,7.65,120758,158,买盘
396,09:49:54,7.64,38210,50,卖盘
397,09:49:57,7.65,44315,58,买盘
398,09:50:00,7.65,3822,5,买盘
399,09:50:03,7.64,16808,22,卖盘
400,09:50:06,7.65,195617,256,买盘
401,09:50:09,7.64,93981,123,卖盘
402,09:50:12,7.64,89437,117,卖盘
403,09:50:15,7.64,4584,6,卖盘
404,09:50:18,7.65,372537,487,买盘
405,09:50:21,7.64,36672,48,卖盘
406,09:50:27,7.65,10707,14,买盘
407,09:50:30,7.65,12240,16,买盘
408,09:50:33,7.65,10710,14,买盘
409,09:50:36,7.65,87106,114,买盘
410,09:50:39,7.64,26740,35,卖盘
411,09:50:42,7.65,461225,603,买盘
412,09:50:45,7.64,130750,171,卖盘
413,09:50:48,7.64,58834,77,卖盘
414,09:50:51,7.64,47368,62,卖盘
415,09:50:54,7.64,12988,17,卖盘
416,09:50:57,7.64,45076,59,卖盘
417,09:51:00,7.64,299488,392,卖盘
418,09:51:03,7.65,504015,659,买盘
419,09:51:06,7.65,189687,248,卖盘
420,09:51:09,7.65,48170,63,买盘
421,09:51:12,7.66,164471,215,买盘
422,09:51:15,7.65,29070,38,卖盘
423,09:51:18,7.65,9180,12,卖盘
424,09:51:21,7.65,218306,285,卖盘
425,09:51:24,7.66,766,1,买盘
426,09:51:27,7.65,3825,5,卖盘
427,09:51:30,7.65,841591,1100,卖盘
428,09:51:33,7.66,16080,21,买盘
429,09:51:36,7.65,11475,15,卖盘
430,09:51:39,7.66,70460,92,买盘
431,09:51:42,7.66,130986,171,买盘
432,09:51:45,7.66,59748,78,卖盘
433,09:51:48,7.68,809833,1056,买盘
434,09:51:51,7.68,103680,135,买盘
435,09:51:54,7.68,3069,4,买盘
436,09:51:57,7.68,43002,56,买盘
437,09:52:00,7.67,86771,113,卖盘
438,09:52:03,7.68,768,1,买盘
439,09:52:06,7.67,76751,100,卖盘
440,09:52:09,7.67,13819,18,卖盘
441,09:52:12,7.67,58318,76,卖盘
442,09:52:15,7.68,999654,1303,买盘
443,09:52:18,7.68,40689,53,买盘
444,09:52:21,7.68,178148,232,买盘
445,09:52:24,7.68,41472,54,卖盘
446,09:52:27,7.68,6912,9,买盘
447,09:52:30,7.68,393926,513,买盘
448,09:52:33,7.68,31488,41,卖盘
449,09:52:36,7.69,98399,128,买盘
450,09:52:39,7.69,9995,13,买盘
451,09:52:42,7.68,10752,14,卖盘
452,09:52:45,7.69,96040,125,买盘
453,09:52:48,7.68,3840,5,卖盘
454,09:52:51,7.69,6921,9,买盘
455,09:52:54,7.69,58389,76,买盘
456,09:52:57,7.69,19225,25,买盘
457,09:53:00,7.69,17682,23,买盘
458,09:53:03,7.69,3845,5,买盘
459,09:53:06,7.68,209096,272,卖盘
460,09:53:09,7.68,185856,242,卖盘
461,09:53:12,7.68,28418,37,卖盘
462,09:53:15,7.69,101381,132,买盘
463,09:53:18,7.68,23808,31,卖盘
464,09:53:21,7.68,152064,198,卖盘
465,09:53:24,7.68,26880,35,买盘
466,09:53:27,7.68,115968,151,买盘
467,09:53:30,7.68,89856,117,买盘
468,09:53:33,7.67,15350,20,卖盘
469,09:53:36,7.68,4607,6,买盘
470,09:53:42,7.68,61440,80,买盘
471,09:53:45,7.67,369694,482,卖盘
472,09:53:48,7.67,12273,16,卖盘
473,09:53:51,7.68,235498,307,买盘
474,09:53:54,7.67,26102,34,卖盘
475,09:53:57,7.67,102025,133,卖盘
476,09:54:00,7.67,430535,561,卖盘
477,09:54:03,7.67,15341,20,卖盘
478,09:54:06,7.69,71432,93,买盘
479,09:54:09,7.68,33792,44,卖盘
480,09:54:12,7.69,15365,20,买盘
481,09:54:15,7.68,9984,13,卖盘
482,09:54:18,7.69,43783,57,买盘
483,09:54:21,7.68,161414,210,卖盘
484,09:54:24,7.68,6912,9,卖盘
485,09:54:27,7.68,11522,15,卖盘
486,09:54:30,7.7,1581791,2057,买盘
487,09:54:33,7.7,210208,273,买盘
488,09:54:36,7.69,16165,21,卖盘
489,09:54:39,7.7,97785,127,买盘
490,09:54:42,7.7,11540,15,买盘
491,09:54:45,7.69,311057,404,卖盘
492,09:54:48,7.7,15400,20,买盘
493,09:54:54,7.7,101563,132,买盘
494,09:54:57,7.69,3845,5,卖盘
495,09:55:00,7.7,5390,7,买盘
496,09:55:03,7.69,146957,191,卖盘
497,09:55:06,7.7,35420,46,买盘
498,09:55:09,7.69,18456,24,卖盘
499,09:55:12,7.71,2073661,2693,买盘
500,09:55:15,7.71,298936,388,买盘
501,09:55:18,7.7,513713,667,卖盘
502,09:55:21,7.71,87117,113,买盘
503,09:55:24,7.7,231280,300,卖盘
504,09:55:27,7.71,53174,69,买盘
505,09:55:30,7.71,1319944,1712,买盘
506,09:55:33,7.71,59361,77,买盘
507,09:55:36,7.72,1246562,1617,买盘
508,09:55:39,7.72,419428,544,买盘
509,09:55:42,7.71,283995,368,卖盘
510,09:55:45,7.72,67159,87,买盘
511,09:55:48,7.72,384910,499,买盘
512,09:55:51,7.72,27015,35,买盘
513,09:55:54,7.71,106531,138,卖盘
514,09:55:57,7.71,259195,336,卖盘
515,09:56:00,7.72,518002,671,买盘
516,09:56:03,7.72,119656,155,买盘
517,09:56:06,7.72,634543,822,买盘
518,09:56:09,7.72,343539,445,买盘
519,09:56:12,7.72,105790,137,卖盘
520,09:56:15,7.73,199330,258,买盘
521,09:56:18,7.73,45582,59,买盘
522,09:56:21,7.72,506114,655,卖盘
523,09:56:24,7.72,32440,42,卖盘
524,09:56:27,7.73,176174,228,买盘
525,09:56:30,7.73,223228,289,买盘
526,09:56:33,7.72,390964,506,卖盘
527,09:56:36,7.72,67181,87,卖盘
528,09:56:39,7.73,2354810,3046,买盘
529,09:56:42,7.74,124478,161,买盘
530,09:56:45,7.73,235873,305,卖盘
531,09:56:48,7.74,20107,26,买盘
532,09:56:51,7.74,162527,210,买盘
533,09:56:54,7.74,2177158,2813,买盘
534,09:56:57,7.75,81370,105,买盘
535,09:57:00,7.75,33319,43,买盘
536,09:57:03,7.75,3290753,4251,买盘
537,09:57:06,7.75,212312,274,买盘
538,09:57:09,7.75,429087,554,买盘
539,09:57:12,7.74,35598,46,中性盘
540,09:57:15,7.73,121491,157,卖盘
541,09:57:18,7.74,1959711,2530,买盘
542,09:57:21,7.74,329609,426,买盘
543,09:57:24,7.73,149362,193,卖盘
544,09:57:27,7.74,94428,122,买盘
545,09:57:30,7.74,173376,224,买盘
546,09:57:33,7.74,112214,145,买盘
547,09:57:36,7.74,203541,263,买盘
548,09:57:39,7.73,562020,727,卖盘
549,09:57:42,7.73,484736,627,卖盘
550,09:57:45,7.74,443734,574,买盘
551,09:57:48,7.73,133059,172,卖盘
552,09:57:51,7.73,60270,78,买盘
553,09:57:54,7.73,228109,295,买盘
554,09:57:57,7.73,54110,70,卖盘
555,09:58:00,7.74,56471,73,买盘
556,09:58:03,7.74,37147,48,买盘
557,09:58:06,7.74,1324073,1712,买盘
558,09:58:09,7.73,78130,101,卖盘
559,09:58:12,7.73,158556,205,卖盘
560,09:58:15,7.74,163234,211,买盘
561,09:58:18,7.73,29387,38,卖盘
562,09:58:21,7.73,271323,351,卖盘
563,09:58:24,7.73,124496,161,卖盘
564,09:58:27,7.74,34056,44,买盘
565,09:58:30,7.73,275991,357,卖盘
566,09:58:33,7.74,215864,279,买盘
567,09:58:36,7.74,85140,110,买盘
568,09:58:39,7.74,41795,54,买盘
569,09:58:42,7.73,46405,60,卖盘
570,09:58:45,7.74,109107,141,买盘
571,09:58:48,7.74,132319,171,买盘
572,09:58:51,7.74,99846,129,买盘
573,09:58:54,7.74,19348,25,买盘
574,09:58:57,7.74,184205,238,买盘
575,09:59:00,7.73,900585,1165,卖盘
576,09:59:03,7.71,1644848,2132,卖盘
577,09:59:06,7.71,336916,437,买盘
578,09:59:09,7.7,22347,29,卖盘
579,09:59:12,7.71,40047,52,买盘
580,09:59:15,7.7,47018,61,卖盘
581,09:59:18,7.7,282933,367,卖盘
582,09:59:21,7.72,1121559,1453,买盘
583,09:59:24,7.71,10794,14,卖盘
584,09:59:27,7.71,60909,79,卖盘
585,09:59:30,7.72,148162,192,买盘
586,09:59:33,7.72,47083,61,买盘
587,09:59:36,7.71,94146,122,卖盘
588,09:59:39,7.72,79502,103,买盘
589,09:59:42,7.72,1178729,1527,买盘
590,09:59:45,7.71,80968,105,卖盘
591,09:59:48,7.72,40113,52,买盘
592,09:59:51,7.72,673951,873,买盘
593,09:59:54,7.72,36255,47,买盘
594,09:59:57,7.71,13878,18,卖盘
595,10:00:00,7.71,67909,88,卖盘
596,10:00:03,7.71,336404,436,卖盘
597,10:00:06,7.71,394308,511,卖盘
598,10:00:09,7.71,1171154,1519,卖盘
599,10:00:12,7.7,597215,774,卖盘
600,10:00:15,7.71,166536,216,中性盘
601,10:00:18,7.72,20827,27,买盘
602,10:00:21,7.72,169719,220,买盘
603,10:00:24,7.72,57074,74,买盘
604,10:00:27,7.71,26228,34,卖盘
605,10:00:30,7.72,901693,1168,买盘
606,10:00:33,7.72,104928,136,买盘
607,10:00:36,7.72,47864,62,买盘
608,10:00:39,7.72,351259,455,买盘
609,10:00:42,7.72,10808,14,买盘
610,10:00:45,7.72,47844,62,买盘
611,10:00:48,7.72,128924,167,买盘
612,10:00:51,7.72,227514,295,买盘
613,10:00:54,7.72,18528,24,买盘
614,10:00:57,7.71,5398,7,卖盘
615,10:01:00,7.72,245358,318,买盘
616,10:01:03,7.72,56312,73,买盘
617,10:01:06,7.71,43971,57,卖盘
618,10:01:09,7.72,91096,118,买盘
619,10:01:12,7.72,671640,870,买盘
620,10:01:15,7.72,33968,44,买盘
621,10:01:18,7.72,38600,50,买盘
622,10:01:21,7.72,128877,167,买盘
623,10:01:24,7.72,293340,380,买盘
624,10:01:27,7.72,419196,543,卖盘
625,10:01:30,7.72,33968,44,买盘
626,10:01:33,7.71,182939,237,卖盘
627,10:01:36,7.72,37056,48,买盘
628,10:01:39,7.72,6948,9,买盘
629,10:01:42,7.72,8492,11,买盘
630,10:01:45,7.72,44004,57,买盘
631,10:01:48,7.72,36268,47,买盘
632,10:01:51,7.72,70239,91,买盘
633,10:01:54,7.72,525472,681,买盘
634,10:01:57,7.72,182939,237,卖盘
635,10:02:03,7.72,107275,139,买盘
636,10:02:06,7.71,20067,26,卖盘
637,10:02:09,7.72,99588,129,买盘
638,10:02:12,7.71,200689,260,卖盘
639,10:02:15,7.72,28564,37,买盘
640,10:02:18,7.72,86464,112,买盘
641,10:02:24,7.71,58669,76,卖盘
642,10:02:27,7.72,373264,484,买盘
643,10:02:30,7.72,536539,695,买盘
644,10:02:33,7.72,1484239,1925,买盘
645,10:02:36,7.72,26248,34,卖盘
646,10:02:39,7.72,106540,138,卖盘
647,10:02:45,7.72,41688,54,卖盘
648,10:02:48,7.72,80288,104,卖盘
649,10:02:51,7.72,24719,32,卖盘
650,10:02:54,7.72,78744,102,卖盘
651,10:02:57,7.72,59498,77,卖盘
652,10:03:00,7.73,61003,79,买盘
653,10:03:03,7.72,6176,8,卖盘
654,10:03:06,7.72,348172,451,卖盘
655,10:03:09,7.72,104219,135,买盘
656,10:03:12,7.72,706344,915,买盘
657,10:03:15,7.72,146680,190,买盘
658,10:03:18,7.72,128924,167,卖盘
659,10:03:21,7.72,44776,58,卖盘
660,10:03:24,7.73,773,1,买盘
661,10:03:27,7.72,22398,29,卖盘
662,10:03:30,7.72,772,1,卖盘
663,10:03:33,7.73,1852098,2396,买盘
664,10:03:36,7.73,163048,211,买盘
665,10:03:39,7.73,13134,17,买盘
666,10:03:42,7.73,51018,66,买盘
667,10:03:45,7.72,14678,19,卖盘
668,10:03:48,7.73,251225,325,买盘
669,10:03:51,7.73,266188,344,买盘
670,10:03:54,7.73,44061,57,卖盘
671,10:03:57,7.73,10822,14,卖盘
672,10:04:00,7.75,797218,1030,买盘
673,10:04:03,7.74,213664,276,卖盘
674,10:04:06,7.74,460964,595,卖盘
675,10:04:09,7.75,479685,619,买盘
676,10:04:12,7.75,2245151,2897,买盘
677,10:04:15,7.76,19382,25,买盘
678,10:04:18,7.75,174568,225,卖盘
679,10:04:21,7.76,234904,303,买盘
680,10:04:24,7.75,182320,235,卖盘
681,10:04:27,7.76,1275713,1644,买盘
682,10:04:30,7.76,138123,178,中性盘
683,10:04:33,7.77,40384,52,买盘
684,10:04:36,7.77,271719,350,买盘
685,10:04:39,7.77,441286,568,买盘
686,10:04:42,7.77,228381,294,买盘
687,10:04:45,7.77,154623,199,买盘
688,10:04:48,7.77,216001,278,买盘
689,10:04:51,7.77,108680,140,买盘
690,10:04:54,7.77,169385,218,买盘
691,10:04:57,7.77,133644,172,买盘
692,10:05:00,7.77,179443,231,买盘
693,10:05:03,7.76,1329459,1713,卖盘
694,10:05:06,7.76,2030129,2613,买盘
695,10:05:09,7.76,563420,726,卖盘
696,10:05:12,7.76,227496,293,买盘
697,10:05:15,7.76,37248,48,卖盘
698,10:05:18,7.76,779912,1005,卖盘
699,10:05:21,7.76,907920,1170,买盘
700,10:05:24,7.77,973123,1254,买盘
701,10:05:27,7.76,193153,249,卖盘
702,10:05:30,7.76,381813,492,卖盘
703,10:05:33,7.77,45040,58,买盘
704,10:05:36,7.77,172330,222,买盘
705,10:05:39,7.76,34926,45,卖盘
706,10:05:42,7.76,257898,332,卖盘
707,10:05:45,7.77,693957,894,买盘
708,10:05:48,7.77,73723,95,买盘
709,10:05:51,7.76,492049,634,卖盘
710,10:05:54,7.76,396536,511,买盘
711,10:05:57,7.76,169944,219,买盘
712,10:06:00,7.76,4656,6,买盘
713,10:06:03,7.76,56632,73,买盘
714,10:06:06,7.76,59737,77,买盘
715,10:06:09,7.76,90009,116,买盘
716,10:06:12,7.75,186131,240,卖盘
717,10:06:15,7.76,41865,54,买盘
718,10:06:18,7.76,63627,82,买盘
719,10:06:21,7.75,16275,21,卖盘
720,10:06:24,7.76,15505,20,买盘
721,10:06:27,7.75,699401,902,卖盘
722,10:06:30,7.76,86802,112,买盘
723,10:06:33,7.75,217012,280,卖盘
724,10:06:36,7.75,739862,955,卖盘
725,10:06:39,7.75,29450,38,买盘
726,10:06:42,7.75,1246724,1607,买盘
727,10:06:45,7.75,88350,114,买盘
728,10:06:48,7.75,71258,92,卖盘
729,10:06:51,7.75,82187,106,卖盘
730,10:06:54,7.76,741839,956,买盘
731,10:06:57,7.76,265392,342,卖盘
732,10:07:00,7.76,24056,31,卖盘
733,10:07:03,7.76,32592,42,卖盘
734,10:07:06,7.76,656496,846,卖盘
735,10:07:09,7.76,83015,107,买盘
736,10:07:12,7.76,20175,26,买盘
737,10:07:15,7.76,66684,86,买盘
738,10:07:18,7.75,446404,576,卖盘
739,10:07:21,7.75,96100,124,买盘
740,10:07:24,7.75,128689,166,买盘
741,10:07:27,7.74,210611,272,卖盘
742,10:07:30,7.75,51912,67,买盘
743,10:07:33,7.74,942746,1218,卖盘
744,10:07:36,7.72,2448697,3168,卖盘
745,10:07:39,7.72,129699,168,卖盘
746,10:07:42,7.73,17770,23,买盘
747,10:07:45,7.73,50245,65,买盘
748,10:07:48,7.72,35519,46,卖盘
749,10:07:51,7.72,95734,124,卖盘
750,10:07:54,7.73,198455,257,买盘
751,10:07:57,7.73,134452,174,买盘
752,10:08:00,7.73,543924,704,买盘
753,10:08:03,7.73,60274,78,买盘
754,10:08:06,7.73,54082,70,买盘
755,10:08:09,7.73,87340,113,买盘
756,10:08:15,7.73,88802,115,买盘
757,10:08:18,7.73,71839,93,买盘
758,10:08:21,7.72,31665,41,卖盘
759,10:08:24,7.72,791348,1025,卖盘
760,10:08:27,7.72,196860,255,卖盘
761,10:08:30,7.72,138188,179,买盘
762,10:08:33,7.72,14663,19,买盘
763,10:08:36,7.72,104961,136,买盘
764,10:08:39,7.71,81045,105,卖盘
765,10:08:42,7.71,1542,2,卖盘
766,10:08:45,7.72,42460,55,买盘
767,10:08:48,7.71,171195,222,卖盘
768,10:08:51,7.72,241496,313,买盘
769,10:08:54,7.71,65568,85,卖盘
770,10:08:57,7.71,543583,705,卖盘
771,10:09:00,7.71,47817,62,卖盘
772,10:09:03,7.71,286846,372,卖盘
773,10:09:06,7.71,25443,33,卖盘
774,10:09:09,7.72,547467,710,买盘
775,10:09:12,7.72,13896,18,买盘
776,10:09:15,7.71,116424,151,卖盘
777,10:09:18,7.72,301676,391,买盘
778,10:09:21,7.71,66312,86,卖盘
779,10:09:24,7.72,52471,68,买盘
780,10:09:27,7.71,163496,212,卖盘
781,10:09:30,7.72,92544,120,买盘
782,10:09:33,7.72,15440,20,买盘
783,10:09:36,7.72,29336,38,买盘
784,10:09:39,7.72,98025,127,买盘
785,10:09:42,7.72,47092,61,买盘
786,10:09:45,7.71,252250,327,卖盘
787,10:09:48,7.72,3088,4,买盘
788,10:09:51,7.72,214606,278,买盘
789,10:09:54,7.72,1072309,1389,卖盘
790,10:09:57,7.72,308717,400,买盘
791,10:10:00,7.72,138193,179,买盘
792,10:10:03,7.73,17760,23,买盘
793,10:10:06,7.72,94199,122,卖盘
794,10:10:09,7.72,42495,55,卖盘
795,10:10:12,7.72,31682,41,卖盘
796,10:10:15,7.72,98840,128,卖盘
797,10:10:18,7.72,329699,427,卖盘
798,10:10:21,7.72,141211,183,卖盘
799,10:10:24,7.71,52491,68,卖盘
800,10:10:27,7.72,233911,303,买盘
801,10:10:30,7.72,57128,74,买盘
802,10:10:33,7.72,55557,72,买盘
803,10:10:36,7.72,77949,101,买盘
804,10:10:39,7.71,16969,22,卖盘
805,10:10:42,7.72,95728,124,买盘
806,10:10:45,7.71,7710,10,卖盘
807,10:10:48,7.71,95674,124,卖盘
808,10:10:54,7.72,35512,46,买盘
809,10:10:57,7.72,116572,151,买盘
810,10:11:00,7.72,20052,26,买盘
811,10:11:03,7.72,38568,50,买盘
812,10:11:06,7.71,91756,119,卖盘
813,10:11:09,7.72,244716,317,买盘
814,10:11:12,7.71,108040,140,卖盘
815,10:11:15,7.72,58652,76,买盘
816,10:11:18,7.72,388316,503,买盘
817,10:11:21,7.72,66386,86,买盘
818,10:11:24,7.72,72548,94,买盘
819,10:11:27,7.72,32415,42,买盘
820,10:11:30,7.72,92634,120,买盘
821,10:11:33,7.72,7711,10,买盘
822,10:11:36,7.72,59430,77,买盘
823,10:11:39,7.72,30084,39,买盘
824,10:11:42,7.72,181316,235,买盘
825,10:11:45,7.72,17755,23,买盘
826,10:11:48,7.72,25476,33,买盘
827,10:11:51,7.72,371332,481,买盘
828,10:11:54,7.71,227636,295,卖盘
829,10:11:57,7.72,10808,14,买盘
830,10:12:00,7.72,78744,102,买盘
831,10:12:03,7.72,82604,107,买盘
832,10:12:06,7.72,13117,17,买盘
833,10:12:09,7.72,322638,418,买盘
834,10:12:12,7.73,59447,77,买盘
835,10:12:15,7.72,122748,159,买盘
836,10:12:18,7.72,54059,70,卖盘
837,10:12:21,7.72,7720,10,卖盘
838,10:12:24,7.72,84920,110,卖盘
839,10:12:27,7.73,51018,66,买盘
840,10:12:30,7.72,7720,10,卖盘
841,10:12:33,7.73,21644,28,买盘
842,10:12:36,7.73,17779,23,买盘
843,10:12:39,7.73,154600,200,买盘
844,10:12:42,7.73,34012,44,买盘
845,10:12:45,7.73,126765,164,买盘
846,10:12:48,7.73,47926,62,买盘
847,10:12:51,7.72,74148,96,卖盘
848,10:12:54,7.73,61067,79,买盘
849,10:12:57,7.73,117377,152,买盘
850,10:13:00,7.73,30141,39,买盘
851,10:13:03,7.73,65704,85,买盘
852,10:13:06,7.73,119042,154,买盘
853,10:13:09,7.73,22417,29,买盘
854,10:13:12,7.73,235765,305,买盘
855,10:13:15,7.73,77292,100,买盘
856,10:13:18,7.73,37877,49,买盘
857,10:13:21,7.73,99717,129,卖盘
858,10:13:24,7.73,46380,60,卖盘
859,10:13:27,7.73,17779,23,卖盘
860,10:13:30,7.73,5411,7,卖盘
861,10:13:33,7.74,44892,58,买盘
862,10:13:39,7.74,17028,22,买盘
863,10:13:42,7.74,236065,305,买盘
864,10:13:45,7.74,22443,29,买盘
865,10:13:48,7.74,63468,82,买盘
866,10:13:51,7.74,106762,138,买盘
867,10:13:54,7.74,36373,47,买盘
868,10:13:57,7.74,17781,23,买盘
869,10:14:00,7.73,167761,217,卖盘
870,10:14:03,7.74,169318,219,买盘
871,10:14:06,7.73,19330,25,中性盘
872,10:14:09,7.72,32444,42,卖盘
873,10:14:12,7.73,71889,93,买盘
874,10:14:15,7.73,9275,12,买盘
875,10:14:18,7.72,19320,25,卖盘
876,10:14:21,7.73,2319,3,买盘
877,10:14:24,7.72,41712,54,卖盘
878,10:14:27,7.72,71051,92,卖盘
879,10:14:30,7.72,23932,31,卖盘
880,10:14:33,7.73,17006,22,买盘
881,10:14:36,7.73,101263,131,买盘
882,10:14:39,7.73,105004,136,买盘
883,10:14:42,7.72,397881,515,卖盘
884,10:14:45,7.73,10049,13,买盘
885,10:14:48,7.72,118169,153,卖盘
886,10:14:51,7.73,86564,112,买盘
887,10:14:54,7.73,29364,38,买盘
888,10:14:57,7.73,25507,33,买盘
889,10:15:00,7.73,8502,11,买盘
890,10:15:06,7.73,47153,61,买盘
891,10:15:09,7.73,615251,796,买盘
892,10:15:12,7.73,15445,20,买盘
893,10:15:15,7.72,112040,145,卖盘
894,10:15:18,7.73,172379,223,买盘
895,10:15:21,7.73,60282,78,买盘
896,10:15:24,7.73,12368,16,买盘
897,10:15:27,7.73,77300,100,买盘
898,10:15:30,7.72,168312,218,卖盘
899,10:15:33,7.73,52564,68,买盘
900,10:15:36,7.72,48678,63,卖盘
901,10:15:39,7.73,282918,366,买盘
902,10:15:42,7.73,358555,464,卖盘
903,10:15:45,7.73,12368,16,买盘
904,10:15:51,7.72,37872,49,卖盘
905,10:15:54,7.72,6176,8,卖盘
906,10:15:57,7.73,65652,85,买盘
907,10:16:00,7.73,125989,163,买盘
908,10:16:03,7.73,180876,234,买盘
909,10:16:09,7.73,8503,11,卖盘
910,10:16:12,7.73,94357,122,卖盘
911,10:16:15,7.73,1546,2,卖盘
912,10:16:18,7.73,7730,10,卖盘
913,10:16:21,7.73,96681,125,卖盘
914,10:16:24,7.74,29412,38,买盘
915,10:16:27,7.73,10056,13,卖盘
916,10:16:33,7.73,75827,98,卖盘
917,10:16:36,7.74,41783,54,买盘
918,10:16:39,7.73,11595,15,卖盘
919,10:16:42,7.74,30930,40,买盘
920,10:16:45,7.74,15480,20,买盘
921,10:16:48,7.74,71208,92,买盘
922,10:16:51,7.74,30960,40,买盘
923,10:16:54,7.74,8514,11,买盘
924,10:16:57,7.74,79694,103,买盘
925,10:17:00,7.73,71176,92,卖盘
926,10:17:03,7.73,74981,97,卖盘
927,10:17:06,7.73,151544,196,卖盘
928,10:17:09,7.73,826355,1069,卖盘
929,10:17:12,7.73,329293,426,卖盘
930,10:17:15,7.73,7730,10,买盘
931,10:17:18,7.73,177788,230,买盘
932,10:17:21,7.72,55651,72,卖盘
933,10:17:24,7.73,23959,31,买盘
934,10:17:27,7.73,13914,18,买盘
935,10:17:30,7.72,73390,95,卖盘
936,10:17:33,7.72,22416,29,卖盘
937,10:17:39,7.72,88008,114,卖盘
938,10:17:42,7.72,18528,24,卖盘
939,10:17:45,7.73,57187,74,买盘
940,10:17:48,7.72,3860,5,卖盘
941,10:17:51,7.72,151482,196,卖盘
942,10:17:54,7.72,228033,295,卖盘
943,10:17:57,7.73,92690,120,买盘
944,10:18:00,7.73,115171,149,买盘
945,10:18:03,7.72,26260,34,卖盘
946,10:18:06,7.73,91930,119,买盘
947,10:18:09,7.72,9271,12,卖盘
948,10:18:12,7.72,18542,24,卖盘
949,10:18:15,7.73,17006,22,买盘
950,10:18:18,7.73,8503,11,买盘
951,10:18:21,7.73,34785,45,买盘
952,10:18:24,7.72,26251,34,卖盘
953,10:18:27,7.73,53327,69,买盘
954,10:18:30,7.73,46379,60,买盘
955,10:18:33,7.72,7720,10,卖盘
956,10:18:36,7.72,30910,40,卖盘
957,10:18:39,7.73,44041,57,买盘
958,10:18:45,7.72,13130,17,卖盘
959,10:18:48,7.72,256326,332,卖盘
960,10:18:51,7.73,48652,63,买盘
961,10:18:54,7.72,42465,55,卖盘
962,10:18:57,7.72,39392,51,卖盘
963,10:19:00,7.73,15457,20,买盘
964,10:19:03,7.72,218507,283,卖盘
965,10:19:06,7.73,71064,92,买盘
966,10:19:09,7.72,31652,41,卖盘
967,10:19:12,7.72,183747,238,卖盘
968,10:19:15,7.71,2734027,3542,卖盘
969,10:19:18,7.72,43192,56,买盘
970,10:19:21,7.72,52492,68,买盘
971,10:19:24,7.72,762731,988,买盘
972,10:19:27,7.71,161319,209,卖盘
973,10:19:33,7.72,274060,355,买盘
974,10:19:36,7.72,460112,596,卖盘
975,10:19:39,7.72,13124,17,买盘
976,10:19:42,7.72,77200,100,买盘
977,10:19:45,7.72,43211,56,买盘
978,10:19:48,7.72,80288,104,买盘
979,10:19:51,7.72,69480,90,买盘
980,10:19:54,7.72,54831,71,卖盘
981,10:19:57,7.72,10036,13,买盘
982,10:20:00,7.72,81742,106,买盘
983,10:20:06,7.72,19298,25,买盘
984,10:20:09,7.72,382135,495,买盘
985,10:20:12,7.72,140502,182,买盘
986,10:20:15,7.71,91247,118,卖盘
987,10:20:18,7.72,570502,739,买盘
988,10:20:21,7.73,17001,22,买盘
989,10:20:24,7.71,50911,66,卖盘
990,10:20:27,7.72,626047,810,卖盘
991,10:20:30,7.72,535088,693,卖盘
992,10:20:33,7.72,27890,36,卖盘
993,10:20:36,7.72,31676,41,卖盘
994,10:20:39,7.73,21635,28,买盘
995,10:20:42,7.73,6957,9,买盘
996,10:20:45,7.72,49426,64,卖盘
997,10:20:48,7.72,3860,5,卖盘
998,10:20:51,7.72,98063,127,卖盘
999,10:20:54,7.72,350501,454,卖盘
1000,10:20:57,7.73,165227,214,买盘
1001,10:21:00,7.72,25493,33,卖盘
1002,10:21:03,7.72,9264,12,卖盘
1003,10:21:06,7.73,40180,52,买盘
1004,10:21:09,7.72,5405,7,卖盘
1005,10:21:12,7.73,23190,30,买盘
1006,10:21:15,7.73,3092,4,买盘
1007,10:21:18,7.73,1018042,1317,买盘
1008,10:21:21,7.74,128352,166,买盘
1009,10:21:24,7.73,6957,9,中性盘
1010,10:21:27,7.73,6957,9,卖盘
1011,10:21:36,7.72,175449,227,卖盘
1012,10:21:39,7.73,54103,70,买盘
1013,10:21:42,7.73,6952,9,买盘
1014,10:21:45,7.72,772,1,卖盘
1015,10:21:51,7.72,57900,75,卖盘
1016,10:21:54,7.73,51012,66,买盘
1017,10:21:57,7.72,8497,11,卖盘
1018,10:22:00,7.73,59481,77,买盘
1019,10:22:03,7.72,217773,282,卖盘
1020,10:22:06,7.72,51741,67,卖盘
1021,10:22:09,7.72,30108,39,卖盘
1022,10:22:12,7.73,12366,16,买盘
1023,10:22:15,7.72,25496,33,卖盘
1024,10:22:18,7.73,35558,46,买盘
1025,10:22:21,7.73,61810,80,买盘
1026,10:22:24,7.72,22388,29,卖盘
1027,10:22:27,7.72,19300,25,卖盘
1028,10:22:30,7.73,3092,4,买盘
1029,10:22:33,7.74,432876,560,买盘
1030,10:22:36,7.73,183312,237,卖盘
1031,10:22:39,7.73,38654,50,买盘
1032,10:22:42,7.74,2321,3,买盘
1033,10:22:45,7.73,15460,20,卖盘
1034,10:22:48,7.74,61137,79,买盘
1035,10:22:51,7.74,103716,134,买盘
1036,10:22:54,7.74,23220,30,买盘
1037,10:23:03,7.74,15480,20,买盘
1038,10:23:06,7.74,37926,49,买盘
1039,10:23:09,7.74,52628,68,买盘
1040,10:23:12,7.75,765503,989,买盘
1041,10:23:15,7.74,44165,57,卖盘
1042,10:23:18,7.74,30186,39,卖盘
1043,10:23:21,7.74,118422,153,卖盘
1044,10:23:24,7.74,7740,10,卖盘
1045,10:23:27,7.74,44892,58,卖盘
1046,10:23:30,7.74,251550,325,卖盘
1047,10:23:33,7.74,7740,10,买盘
1048,10:23:39,7.74,1548,2,买盘
1049,10:23:45,7.74,434214,561,买盘
1050,10:23:48,7.74,25542,33,卖盘
1051,10:23:51,7.74,10836,14,卖盘
1052,10:23:54,7.74,679572,878,卖盘
1053,10:24:00,7.74,28638,37,买盘
1054,10:24:03,7.74,54180,70,买盘
1055,10:24:06,7.74,45646,59,买盘
1056,10:24:09,7.73,7730,10,卖盘
1057,10:24:12,7.73,20896,27,卖盘
1058,10:24:15,7.74,1548,2,买盘
1059,10:24:18,7.74,129258,167,买盘
1060,10:24:21,7.73,12369,16,卖盘
1061,10:24:24,7.74,1548,2,买盘
1062,10:24:30,7.74,3870,5,买盘
1063,10:24:36,7.73,17008,22,卖盘
1064,10:24:39,7.74,1548,2,买盘
1065,10:24:42,7.73,44061,57,卖盘
1066,10:24:45,7.73,6184,8,卖盘
1067,10:24:48,7.74,9288,12,买盘
1068,10:24:54,7.74,3869,5,买盘
1069,10:24:57,7.73,142242,184,卖盘
1070,10:25:00,7.73,144563,187,卖盘
1071,10:25:03,7.73,108220,140,卖盘
1072,10:25:06,7.73,328525,425,卖盘
1073,10:25:12,7.72,10808,14,卖盘
1074,10:25:18,7.73,17006,22,买盘
1075,10:25:24,7.73,14670,19,买盘
1076,10:25:27,7.72,26248,34,卖盘
1077,10:25:30,7.73,36292,47,买盘
1078,10:25:33,7.72,137416,178,卖盘
1079,10:25:36,7.72,152084,197,卖盘
1080,10:25:39,7.72,33968,44,卖盘
1081,10:25:42,7.72,43232,56,卖盘
1082,10:25:45,7.72,72592,94,卖盘
1083,10:25:48,7.72,213083,276,卖盘
1084,10:25:51,7.73,30907,40,买盘
1085,10:25:57,7.72,23956,31,卖盘
1086,10:26:00,7.72,95728,124,卖盘
1087,10:26:03,7.72,57128,74,卖盘
1088,10:26:06,7.72,13124,17,卖盘
1089,10:26:09,7.72,84920,110,卖盘
1090,10:26:12,7.72,24714,32,卖盘
1091,10:26:15,7.72,198404,257,卖盘
1092,10:26:18,7.72,38600,50,买盘
1093,10:26:21,7.72,109623,142,买盘
1094,10:26:24,7.72,228512,296,买盘
1095,10:26:27,7.72,96500,125,卖盘
1096,10:26:30,7.72,52496,68,卖盘
1097,10:26:33,7.72,23932,31,卖盘
1098,10:26:36,7.72,20844,27,卖盘
1099,10:26:39,7.73,38650,50,买盘
1100,10:26:42,7.72,14668,19,卖盘
1101,10:26:45,7.73,302644,392,买盘
1102,10:26:48,7.72,455480,590,卖盘
1103,10:26:54,7.72,3088,4,买盘
1104,10:26:57,7.72,28564,37,买盘
1105,10:27:00,7.72,144364,187,买盘
1106,10:27:03,7.72,23160,30,卖盘
1107,10:27:06,7.73,24715,32,买盘
1108,10:27:09,7.72,47864,62,卖盘
1109,10:27:12,7.73,7730,10,买盘
1110,10:27:18,7.72,37870,49,卖盘
1111,10:27:21,7.73,243197,315,买盘
1112,10:27:24,7.72,6948,9,卖盘
1113,10:27:27,7.73,15460,20,买盘
1114,10:27:30,7.73,14671,19,买盘
1115,10:27:36,7.72,5407,7,卖盘
1116,10:27:39,7.73,21644,28,买盘
1117,10:27:42,7.72,67996,88,卖盘
1118,10:27:45,7.73,17757,23,买盘
1119,10:27:48,7.72,16212,21,卖盘
1120,10:27:51,7.73,773,1,买盘
1121,10:27:54,7.73,5411,7,买盘
1122,10:27:57,7.73,38650,50,买盘
1123,10:28:00,7.73,20863,27,买盘
1124,10:28:03,7.72,7720,10,卖盘
1125,10:28:06,7.72,8502,11,卖盘
1126,10:28:09,7.72,87239,113,卖盘
1127,10:28:12,7.73,369494,478,买盘
1128,10:28:18,7.73,84257,109,买盘
1129,10:28:21,7.74,888193,1149,买盘
1130,10:28:24,7.73,38650,50,卖盘
1131,10:28:27,7.74,1602180,2070,买盘
1132,10:28:30,7.74,17028,22,卖盘
1133,10:28:36,7.74,15490,20,卖盘
1134,10:28:39,7.74,7740,10,卖盘
1135,10:28:42,7.74,86688,112,卖盘
1136,10:28:45,7.74,48762,63,卖盘
1137,10:28:48,7.75,300600,388,买盘
1138,10:28:51,7.74,334399,432,卖盘
1139,10:28:54,7.75,50335,65,买盘
1140,10:28:57,7.75,2210937,2853,买盘
1141,10:29:00,7.76,63631,82,买盘
1142,10:29:03,7.76,1970631,2539,买盘
1143,10:29:09,7.77,4662,6,买盘
1144,10:29:12,7.76,35716,46,卖盘
1145,10:29:15,7.77,356643,459,买盘
1146,10:29:18,7.77,68352,88,买盘
1147,10:29:21,7.76,25611,33,卖盘
1148,10:29:24,7.77,26418,34,买盘
1149,10:29:27,7.77,197357,254,买盘
1150,10:29:30,7.76,18646,24,卖盘
1151,10:29:33,7.77,365163,470,买盘
1152,10:29:36,7.76,41178,53,卖盘
1153,10:29:39,7.76,55165,71,卖盘
1154,10:29:42,7.77,438826,565,买盘
1155,10:29:45,7.77,292152,376,买盘
1156,10:29:48,7.77,160005,206,买盘
1157,10:29:51,7.77,304584,392,买盘
1158,10:29:54,7.77,152232,196,买盘
1159,10:29:57,7.77,4662,6,买盘
1160,10:30:00,7.77,310023,399,买盘
1161,10:30:03,7.77,249162,321,买盘
1162,10:30:06,7.76,187101,241,卖盘
1163,10:30:09,7.77,102459,132,买盘
1164,10:30:12,7.77,271933,350,买盘
1165,10:30:15,7.77,110292,142,买盘
1166,10:30:18,7.77,27962,36,买盘
1167,10:30:21,7.77,17094,22,买盘
1168,10:30:24,7.76,26403,34,卖盘
1169,10:30:27,7.76,88467,114,卖盘
1170,10:30:30,7.76,27166,35,卖盘
1171,10:30:33,7.77,50466,65,买盘
1172,10:30:36,7.76,207993,268,卖盘
1173,10:30:39,7.77,620784,799,买盘
1174,10:30:42,7.77,280139,361,买盘
1175,10:30:45,7.76,109446,141,卖盘
1176,10:30:48,7.76,83054,107,卖盘
1177,10:30:51,7.76,131294,169,卖盘
1178,10:30:54,7.76,299121,385,卖盘
1179,10:30:57,7.76,95496,123,卖盘
1180,10:31:00,7.77,28736,37,买盘
1181,10:31:03,7.76,142791,184,卖盘
1182,10:31:06,7.77,22523,29,买盘
1183,10:31:09,7.76,128980,166,卖盘
1184,10:31:12,7.77,87024,112,买盘
1185,10:31:15,7.76,73031,94,卖盘
1186,10:31:18,7.77,77700,100,买盘
1187,10:31:21,7.77,84693,109,买盘
1188,10:31:24,7.77,80031,103,买盘
1189,10:31:27,7.77,1093215,1407,买盘
1190,10:31:30,7.77,24864,32,卖盘
1191,10:31:33,7.77,1554,2,卖盘
1192,10:31:36,7.77,17096,22,卖盘
1193,10:31:39,7.77,381507,491,卖盘
1194,10:31:42,7.78,396449,510,买盘
1195,10:31:45,7.77,229214,295,买盘
1196,10:31:48,7.77,160062,206,买盘
1197,10:31:51,7.77,230769,297,买盘
1198,10:31:54,7.77,240870,310,卖盘
1199,10:31:57,7.77,55167,71,买盘
1200,10:32:00,7.77,48174,62,买盘
1201,10:32:03,7.77,81585,105,买盘
1202,10:32:06,7.77,91684,118,买盘
1203,10:32:09,7.76,52007,67,卖盘
1204,10:32:12,7.77,125092,161,买盘
1205,10:32:15,7.77,139083,179,买盘
1206,10:32:18,7.77,15540,20,买盘
1207,10:32:21,7.76,218316,281,卖盘
1208,10:32:24,7.77,55116,71,买盘
1209,10:32:27,7.77,842988,1085,买盘
1210,10:32:30,7.77,22533,29,买盘
1211,10:32:33,7.76,7768,10,卖盘
1212,10:32:36,7.76,38056,49,卖盘
1213,10:32:39,7.77,23304,30,买盘
1214,10:32:42,7.76,639427,824,卖盘
1215,10:32:45,7.76,442011,569,卖盘
1216,10:32:48,7.77,575731,741,买盘
1217,10:32:51,7.77,71404,92,买盘
1218,10:32:54,7.76,47388,61,卖盘
1219,10:32:57,7.77,10878,14,买盘
1220,10:33:00,7.77,293706,378,买盘
1221,10:33:03,7.77,33406,43,买盘
1222,10:33:06,7.77,40404,52,买盘
1223,10:33:09,7.76,18624,24,卖盘
1224,10:33:12,7.77,923822,1189,买盘
1225,10:33:15,7.77,193698,249,买盘
1226,10:33:18,7.77,78232,101,卖盘
1227,10:33:21,7.76,3880,5,卖盘
1228,10:33:24,7.77,81585,105,买盘
1229,10:33:27,7.76,21748,28,卖盘
1230,10:33:30,7.77,7770,10,买盘
1231,10:33:33,7.77,65268,84,买盘
1232,10:33:36,7.77,20979,27,买盘
1233,10:33:39,7.76,54320,70,卖盘
1234,10:33:42,7.76,17084,22,卖盘
1235,10:33:45,7.76,3880,5,卖盘
1236,10:33:48,7.76,23280,30,卖盘
1237,10:33:51,7.76,118032,152,卖盘
1238,10:33:54,7.76,6211,8,卖盘
1239,10:33:57,7.76,111747,144,卖盘
1240,10:34:00,7.76,201980,260,卖盘
1241,10:34:03,7.76,8536,11,卖盘
1242,10:34:06,7.76,46570,60,卖盘
1243,10:34:09,7.77,777,1,买盘
1244,10:34:12,7.76,4656,6,卖盘
1245,10:34:15,7.76,77600,100,卖盘
1246,10:34:18,7.77,1697935,2185,买盘
1247,10:34:21,7.77,41952,54,卖盘
1248,10:34:24,7.77,43512,56,买盘
1249,10:34:27,7.76,10088,13,卖盘
1250,10:34:30,7.77,31857,41,买盘
1251,10:34:33,7.77,400155,515,买盘
1252,10:34:36,7.77,16317,21,卖盘
1253,10:34:39,7.77,3885,5,中性盘
1254,10:34:42,7.78,18672,24,买盘
1255,10:34:45,7.78,52114,67,买盘
1256,10:34:48,7.78,11657,15,买盘
1257,10:34:51,7.78,4946863,6357,买盘
1258,10:34:54,7.78,557673,716,卖盘
1259,10:34:57,7.78,11670,15,卖盘
1260,10:35:00,7.78,75521,97,卖盘
1261,10:35:03,7.78,105931,136,卖盘
1262,10:35:06,7.79,33467,43,买盘
1263,10:35:09,7.78,215682,277,卖盘
1264,10:35:12,7.79,34237,44,买盘
1265,10:35:15,7.78,207968,267,卖盘
1266,10:35:18,7.79,289788,372,买盘
1267,10:35:21,7.78,558513,717,卖盘
1268,10:35:24,7.78,132403,170,卖盘
1269,10:35:27,7.79,47509,61,买盘
1270,10:35:30,7.79,35055,45,卖盘
1271,10:35:33,7.79,537520,690,卖盘
1272,10:35:36,7.79,123102,158,卖盘
1273,10:35:39,7.79,155846,200,卖盘
1274,10:35:42,7.8,793067,1018,买盘
1275,10:35:45,7.79,155063,199,卖盘
1276,10:35:48,7.79,117720,151,卖盘
1277,10:35:51,7.79,599083,769,卖盘
1278,10:35:54,7.79,353866,454,卖盘
1279,10:35:57,7.79,215736,277,买盘
1280,10:36:00,7.79,101270,130,卖盘
1281,10:36:03,7.79,177571,228,买盘
1282,10:36:06,7.79,193971,249,买盘
1283,10:36:09,7.79,224333,288,买盘
1284,10:36:12,7.79,264081,339,买盘
1285,10:36:15,7.79,36609,47,买盘
1286,10:36:18,7.79,63099,81,买盘
1287,10:36:21,7.79,75804,97,买盘
1288,10:36:24,7.79,5453,7,卖盘
1289,10:36:27,7.8,22599,29,买盘
1290,10:36:30,7.8,3898,5,买盘
1291,10:36:33,7.8,52205,67,买盘
1292,10:36:36,7.79,83353,107,卖盘
1293,10:36:39,7.79,93540,120,卖盘
1294,10:36:42,7.8,2955392,3789,买盘
1295,10:36:45,7.8,197220,253,买盘
1296,10:36:48,7.8,413307,530,买盘
1297,10:36:51,7.8,943067,1209,买盘
1298,10:36:54,7.8,258985,332,卖盘
1299,10:36:57,7.8,1754893,2250,卖盘
1300,10:37:00,7.8,365040,468,买盘
1301,10:37:03,7.81,558832,716,买盘
1302,10:37:06,7.81,120950,155,买盘
1303,10:37:09,7.8,825391,1057,卖盘
1304,10:37:12,7.81,689533,883,买盘
1305,10:37:15,7.81,331830,425,买盘
1306,10:37:18,7.81,231888,297,买盘
1307,10:37:21,7.81,152289,195,卖盘
1308,10:37:24,7.81,59356,76,买盘
1309,10:37:27,7.81,417835,535,买盘
1310,10:37:30,7.81,278156,356,买盘
1311,10:37:33,7.81,1044743,1338,卖盘
1312,10:37:36,7.81,600555,769,买盘
1313,10:37:39,7.81,173464,222,卖盘
1314,10:37:42,7.82,106299,136,买盘
1315,10:37:45,7.82,30480,39,买盘
1316,10:37:48,7.82,549548,703,买盘
1317,10:37:51,7.81,121961,156,卖盘
1318,10:37:54,7.81,976318,1250,卖盘
1319,10:37:57,7.81,142142,182,买盘
1320,10:38:00,7.81,293650,376,买盘
1321,10:38:03,7.81,108498,139,买盘
1322,10:38:06,7.81,802265,1028,买盘
1323,10:38:09,7.8,514157,659,卖盘
1324,10:38:12,7.8,2235976,2866,卖盘
1325,10:38:15,7.8,424624,544,卖盘
1326,10:38:18,7.8,1094361,1403,卖盘
1327,10:38:21,7.81,230890,296,买盘
1328,10:38:24,7.8,263581,338,卖盘
1329,10:38:27,7.8,185627,238,买盘
1330,10:38:30,7.79,3005920,3859,卖盘
1331,10:38:33,7.79,151783,195,买盘
1332,10:38:36,7.79,103558,133,买盘
1333,10:38:39,7.77,1548971,1991,卖盘
1334,10:38:42,7.78,702485,904,买盘
1335,10:38:45,7.78,71494,92,买盘
1336,10:38:48,7.77,10880,14,卖盘
1337,10:38:51,7.77,181045,233,卖盘
1338,10:38:54,7.77,19431,25,卖盘
1339,10:38:57,7.77,727975,936,卖盘
1340,10:39:00,7.77,114233,147,卖盘
1341,10:39:03,7.77,271157,349,买盘
1342,10:39:06,7.77,85470,110,买盘
1343,10:39:09,7.77,344988,444,买盘
1344,10:39:12,7.77,49728,64,买盘
1345,10:39:15,7.77,21750,28,买盘
1346,10:39:18,7.77,33411,43,买盘
1347,10:39:21,7.77,9324,12,买盘
1348,10:39:24,7.77,8547,11,买盘
1349,10:39:27,7.76,1338600,1723,卖盘
1350,10:39:30,7.75,1144919,1476,卖盘
1351,10:39:33,7.76,227245,293,买盘
1352,10:39:36,7.75,535698,691,卖盘
1353,10:39:39,7.75,148025,191,卖盘
1354,10:39:42,7.75,197625,255,买盘
1355,10:39:45,7.75,89125,115,买盘
1356,10:39:48,7.75,103850,134,买盘
1357,10:39:51,7.75,83700,108,买盘
1358,10:39:54,7.75,53475,69,买盘
1359,10:39:57,7.75,40300,52,买盘
1360,10:40:00,7.75,67425,87,买盘
1361,10:40:03,7.75,105354,136,买盘
1362,10:40:06,7.75,1993175,2573,买盘
1363,10:40:09,7.75,123975,160,买盘
1364,10:40:12,7.75,55005,71,买盘
1365,10:40:15,7.74,73592,95,卖盘
1366,10:40:18,7.74,90592,117,卖盘
1367,10:40:21,7.74,721370,932,卖盘
1368,10:40:24,7.74,114538,148,买盘
1369,10:40:27,7.75,57319,74,买盘
1370,10:40:30,7.74,18576,24,卖盘
1371,10:40:33,7.74,125388,162,卖盘
1372,10:40:36,7.74,91332,118,卖盘
1373,10:40:39,7.75,180349,233,买盘
1374,10:40:42,7.74,71216,92,卖盘
1375,10:40:45,7.74,47252,61,卖盘
1376,10:40:48,7.75,76673,99,买盘
1377,10:40:51,7.75,51914,67,买盘
1378,10:40:54,7.75,10850,14,买盘
1379,10:40:57,7.75,84475,109,买盘
1380,10:41:00,7.74,110814,143,卖盘
1381,10:41:03,7.74,393242,508,卖盘
1382,10:41:09,7.74,52687,68,卖盘
1383,10:41:12,7.75,59675,77,买盘
1384,10:41:15,7.74,45721,59,卖盘
1385,10:41:18,7.74,622315,803,卖盘
1386,10:41:21,7.75,444696,574,买盘
1387,10:41:24,7.74,12384,16,卖盘
1388,10:41:27,7.74,43371,56,卖盘
1389,10:41:30,7.74,283299,366,卖盘
1390,10:41:33,7.75,992274,1282,买盘
1391,10:41:36,7.75,14697,19,买盘
1392,10:41:39,7.74,713601,921,卖盘
1393,10:41:42,7.74,63508,82,卖盘
1394,10:41:45,7.74,35644,46,卖盘
1395,10:41:48,7.75,20130,26,买盘
1396,10:41:51,7.75,17810,23,买盘
1397,10:41:54,7.75,16263,21,买盘
1398,10:41:57,7.75,10850,14,买盘
1399,10:42:00,7.75,32549,42,买盘
1400,10:42:03,7.75,339208,438,买盘
1401,10:42:06,7.74,106067,137,卖盘
1402,10:42:09,7.74,774010,1000,卖盘
1403,10:42:12,7.74,18572,24,买盘
1404,10:42:15,7.74,61143,79,买盘
1405,10:42:18,7.74,121518,157,买盘
1406,10:42:21,7.73,196357,254,卖盘
1407,10:42:24,7.74,71948,93,买盘
1408,10:42:27,7.74,68867,89,买盘
1409,10:42:30,7.74,59528,77,买盘
1410,10:42:33,7.74,27090,35,买盘
1411,10:42:36,7.74,8514,11,买盘
1412,10:42:39,7.74,57270,74,买盘
1413,10:42:42,7.73,54110,70,卖盘
1414,10:42:45,7.73,47153,61,卖盘
1415,10:42:48,7.73,98963,128,卖盘
1416,10:42:51,7.73,18556,24,卖盘
1417,10:42:54,7.73,23963,31,卖盘
1418,10:42:57,7.74,40982,53,买盘
1419,10:43:00,7.73,18552,24,卖盘
1420,10:43:03,7.74,73436,95,买盘
1421,10:43:06,7.73,71119,92,卖盘
1422,10:43:09,7.73,15460,20,卖盘
1423,10:43:12,7.73,681013,881,卖盘
1424,10:43:15,7.74,15480,20,买盘
1425,10:43:18,7.73,25509,33,卖盘
1426,10:43:21,7.73,22033,28,卖盘
1427,10:43:24,7.74,774,1,买盘
1428,10:43:27,7.73,95079,123,卖盘
1429,10:43:30,7.74,120744,156,买盘
1430,10:43:33,7.75,774126,1000,买盘
1431,10:43:36,7.74,7740,10,买盘
1432,10:43:39,7.74,86638,112,买盘
1433,10:43:42,7.74,44118,57,买盘
1434,10:43:45,7.74,6192,8,买盘
1435,10:43:48,7.74,120744,156,买盘
1436,10:43:57,7.75,46480,60,买盘
1437,10:44:00,7.75,7750,10,买盘
1438,10:44:03,7.74,19350,25,卖盘
1439,10:44:06,7.74,23242,30,卖盘
1440,10:44:09,7.74,48004,62,卖盘
1441,10:44:12,7.74,76626,99,卖盘
1442,10:44:15,7.74,37152,48,卖盘
1443,10:44:18,7.74,1202757,1554,卖盘
1444,10:44:21,7.73,21658,28,卖盘
1445,10:44:24,7.73,23973,31,卖盘
1446,10:44:27,7.74,47947,62,买盘
1447,10:44:30,7.73,30924,40,卖盘
1448,10:44:33,7.74,13142,17,买盘
1449,10:44:36,7.74,147834,191,买盘
1450,10:44:39,7.73,157020,203,卖盘
1451,10:44:42,7.74,48762,63,买盘
1452,10:44:45,7.74,7740,10,卖盘
1453,10:44:48,7.74,7740,10,买盘
1454,10:44:51,7.74,50310,65,买盘
1455,10:44:54,7.73,37129,48,卖盘
1456,10:44:57,7.74,51858,67,买盘
1457,10:45:00,7.74,6192,8,卖盘
1458,10:45:03,7.74,56502,73,卖盘
1459,10:45:06,7.74,17802,23,卖盘
1460,10:45:09,7.74,59598,77,卖盘
1461,10:45:12,7.74,103716,134,卖盘
1462,10:45:15,7.74,10836,14,买盘
1463,10:45:18,7.74,44118,57,买盘
1464,10:45:21,7.75,90657,117,买盘
1465,10:45:24,7.75,137045,177,买盘
1466,10:45:27,7.74,17802,23,买盘
1467,10:45:30,7.74,50310,65,卖盘
1468,10:45:33,7.75,46456,60,买盘
1469,10:45:36,7.73,30174,39,卖盘
1470,10:45:39,7.74,5418,7,买盘
1471,10:45:42,7.74,64242,83,买盘
1472,10:45:45,7.73,6184,8,卖盘
1473,10:45:48,7.74,173372,224,买盘
1474,10:45:51,7.73,34012,44,卖盘
1475,10:45:54,7.73,3865,5,卖盘
1476,10:45:57,7.73,212045,274,卖盘
1477,10:46:00,7.73,13924,18,卖盘
1478,10:46:06,7.74,102048,132,买盘
1479,10:46:09,7.73,63386,82,卖盘
1480,10:46:12,7.74,55671,72,买盘
1481,10:46:15,7.74,35604,46,买盘
1482,10:46:18,7.74,31732,41,买盘
1483,10:46:21,7.74,31715,41,买盘
1484,10:46:24,7.74,17025,22,买盘
1485,10:46:27,7.74,18576,24,买盘
1486,10:46:30,7.73,69570,90,卖盘
1487,10:46:33,7.74,2322,3,买盘
1488,10:46:36,7.74,15480,20,买盘
1489,10:46:39,7.74,25542,33,买盘
1490,10:46:51,7.74,3870,5,买盘
1491,10:46:54,7.74,26291,34,买盘
1492,10:46:57,7.73,173925,225,卖盘
1493,10:47:00,7.73,406598,526,卖盘
1494,10:47:03,7.73,478490,619,卖盘
1495,10:47:06,7.73,2241342,2900,卖盘
1496,10:47:09,7.72,357538,463,卖盘
1497,10:47:12,7.73,31668,41,买盘
1498,10:47:15,7.73,52516,68,买盘
1499,10:47:18,7.72,23160,30,卖盘
1500,10:47:21,7.72,9265,12,卖盘
1501,10:47:27,7.72,100460,130,卖盘
1502,10:47:30,7.72,204060,264,卖盘
1503,10:47:33,7.72,37097,48,卖盘
1504,10:47:36,7.73,30899,40,买盘
1505,10:47:39,7.72,13899,18,卖盘
1506,10:47:42,7.73,59521,77,买盘
1507,10:47:45,7.72,23160,30,卖盘
1508,10:47:48,7.72,42495,55,卖盘
1509,10:47:51,7.72,38600,50,卖盘
1510,10:47:57,7.72,91868,119,卖盘
1511,10:48:00,7.72,94246,122,卖盘
1512,10:48:03,7.73,506315,655,买盘
1513,10:48:06,7.73,93533,121,卖盘
1514,10:48:09,7.73,10049,13,卖盘
1515,10:48:12,7.73,89668,116,卖盘
1516,10:48:15,7.72,95844,124,卖盘
1517,10:48:18,7.73,36331,47,中性盘
1518,10:48:21,7.73,68014,88,买盘
1519,10:48:24,7.73,217213,281,卖盘
1520,10:48:27,7.72,215619,279,卖盘
1521,10:48:30,7.73,192477,249,买盘
1522,10:48:33,7.73,27828,36,买盘
1523,10:48:36,7.73,10810,14,买盘
1524,10:48:39,7.73,12362,16,买盘
1525,10:48:42,7.73,115950,150,买盘
1526,10:48:45,7.73,2319,3,买盘
1527,10:48:48,7.73,20098,26,买盘
1528,10:48:51,7.73,6957,9,买盘
1529,10:48:54,7.73,43288,56,买盘
1530,10:48:57,7.73,773,1,买盘
1531,10:49:03,7.73,91895,119,买盘
1532,10:49:06,7.73,217213,281,买盘
1533,10:49:09,7.73,47153,61,卖盘
1534,10:49:12,7.74,6192,8,买盘
1535,10:49:15,7.73,18552,24,卖盘
1536,10:49:18,7.74,204858,265,买盘
1537,10:49:21,7.73,41742,54,卖盘
1538,10:49:24,7.73,6957,9,卖盘
1539,10:49:27,7.74,81209,105,买盘
1540,10:49:30,7.73,36346,47,卖盘
1541,10:49:33,7.74,13143,17,买盘
1542,10:49:36,7.73,21651,28,卖盘
1543,10:49:39,7.73,20881,27,卖盘
1544,10:49:42,7.73,40969,53,卖盘
1545,10:49:45,7.73,138367,179,卖盘
1546,10:49:48,7.74,458386,593,买盘
1547,10:49:51,7.73,20107,26,买盘
1548,10:49:54,7.73,7730,10,买盘
1549,10:49:57,7.73,20098,26,买盘
1550,10:50:00,7.73,15460,20,买盘
1551,10:50:06,7.73,2318,3,买盘
1552,10:50:09,7.72,11588,15,卖盘
1553,10:50:12,7.73,71099,92,买盘
1554,10:50:15,7.73,27822,36,买盘
1555,10:50:18,7.73,29351,38,买盘
1556,10:50:24,7.73,50185,65,买盘
1557,10:50:27,7.73,20871,27,买盘
1558,10:50:30,7.73,6957,9,买盘
1559,10:50:33,7.73,17002,22,买盘
1560,10:50:36,7.72,72568,94,卖盘
1561,10:50:39,7.72,68708,89,卖盘
1562,10:50:42,7.72,62585,81,卖盘
1563,10:50:45,7.72,7723,10,卖盘
1564,10:50:48,7.72,8492,11,卖盘
1565,10:50:51,7.72,5404,7,卖盘
1566,10:50:57,7.73,38650,50,买盘
1567,10:51:00,7.72,75739,98,卖盘
1568,10:51:03,7.72,132784,172,卖盘
1569,10:51:06,7.72,80288,104,卖盘
1570,10:51:09,7.73,103450,134,买盘
1571,10:51:12,7.72,16984,22,卖盘
1572,10:51:15,7.72,47864,62,卖盘
1573,10:51:18,7.73,142840,185,买盘
1574,10:51:21,7.72,14685,19,卖盘
1575,10:51:24,7.72,60997,79,卖盘
1576,10:51:27,7.72,82604,107,卖盘
1577,10:51:30,7.73,105874,137,买盘
1578,10:51:33,7.73,146097,189,买盘
1579,10:51:36,7.72,65700,85,卖盘
1580,10:51:39,7.72,13124,17,卖盘
1581,10:51:42,7.72,38600,50,卖盘
1582,10:51:45,7.73,375631,486,买盘
1583,10:51:48,7.73,439808,569,买盘
1584,10:51:51,7.73,101263,131,买盘
1585,10:51:54,7.73,20098,26,买盘
1586,10:51:57,7.73,49412,64,买盘
1587,10:52:00,7.73,37104,48,卖盘
1588,10:52:03,7.73,13914,18,卖盘
1589,10:52:06,7.73,8503,11,卖盘
1590,10:52:09,7.73,3865,5,卖盘
1591,10:52:15,7.73,12368,16,卖盘
1592,10:52:18,7.73,10049,13,卖盘
1593,10:52:24,7.73,17779,23,卖盘
1594,10:52:27,7.73,9276,12,卖盘
1595,10:52:30,7.74,30150,39,买盘
1596,10:52:33,7.73,13916,18,卖盘
1597,10:52:39,7.74,23981,31,买盘
1598,10:52:42,7.73,27055,35,卖盘
1599,10:52:45,7.73,23190,30,卖盘
1600,10:52:48,7.73,52564,68,卖盘
1601,10:52:51,7.73,47153,61,卖盘
1602,10:52:54,7.73,3092,4,卖盘
1603,10:52:57,7.72,36316,47,卖盘
1604,10:53:00,7.73,40196,52,买盘
1605,10:53:03,7.73,773,1,买盘
1606,10:53:06,7.72,7720,10,卖盘
1607,10:53:09,7.72,16984,22,卖盘
1608,10:53:24,7.72,57970,75,卖盘
1609,10:53:27,7.73,97391,126,买盘
1610,10:53:30,7.72,48636,63,卖盘
1611,10:53:36,7.72,67936,88,卖盘
1612,10:53:39,7.72,12353,16,卖盘
1613,10:53:42,7.73,70253,91,买盘
1614,10:53:48,7.73,38650,50,买盘
1615,10:53:51,7.73,20098,26,买盘
1616,10:53:54,7.73,2319,3,买盘
1617,10:53:57,7.73,27828,36,买盘
1618,10:54:00,7.72,83403,108,卖盘
1619,10:54:03,7.72,33196,43,卖盘
1620,10:54:06,7.72,19300,25,卖盘
1621,10:54:09,7.72,42460,55,卖盘
1622,10:54:12,7.73,24705,32,买盘
1623,10:54:15,7.72,74884,97,卖盘
1624,10:54:18,7.72,11580,15,卖盘
1625,10:54:21,7.72,10036,13,卖盘
1626,10:54:24,7.73,7730,10,买盘
1627,10:54:27,7.73,6177,8,买盘
1628,10:54:30,7.72,14668,19,卖盘
1629,10:54:33,7.73,309200,400,买盘
1630,10:54:36,7.73,773,1,买盘
1631,10:54:39,7.72,4637,6,卖盘
1632,10:54:42,7.73,42515,55,买盘
1633,10:54:51,7.72,18538,24,卖盘
1634,10:54:57,7.72,6948,9,卖盘
1635,10:55:03,7.72,379519,491,卖盘
1636,10:55:06,7.73,77250,100,买盘
1637,10:55:09,7.72,6176,8,卖盘
1638,10:55:12,7.73,50245,65,买盘
1639,10:55:15,7.73,24724,32,买盘
1640,10:55:18,7.72,87236,113,卖盘
1641,10:55:21,7.72,44012,57,卖盘
1642,10:55:24,7.72,3088,4,卖盘
1643,10:55:27,7.72,7720,10,卖盘
1644,10:55:30,7.72,83476,108,卖盘
1645,10:55:33,7.73,122864,159,买盘
1646,10:55:36,7.72,26262,34,卖盘
1647,10:55:39,7.72,354348,459,卖盘
1648,10:55:42,7.72,93462,121,卖盘
1649,10:55:45,7.73,77266,100,买盘
1650,10:55:48,7.72,1822692,2361,卖盘
1651,10:55:51,7.72,1158000,1500,卖盘
1652,10:55:54,7.71,22359,29,卖盘
1653,10:55:57,7.71,121928,158,卖盘
1654,10:56:00,7.72,78723,102,买盘
1655,10:56:03,7.72,47803,62,买盘
1656,10:56:06,7.71,86352,112,卖盘
1657,10:56:09,7.71,79489,103,卖盘
1658,10:56:12,7.71,207399,269,卖盘
1659,10:56:15,7.71,29302,38,卖盘
1660,10:56:18,7.71,10023,13,卖盘
1661,10:56:21,7.71,37022,48,卖盘
1662,10:56:27,7.71,3856,5,卖盘
1663,10:56:30,7.71,14649,19,卖盘
1664,10:56:33,7.71,80243,104,卖盘
1665,10:56:36,7.71,77100,100,卖盘
1666,10:56:39,7.72,245496,318,买盘
1667,10:56:42,7.71,108783,141,卖盘
1668,10:56:45,7.71,13893,18,卖盘
1669,10:56:48,7.71,3084,4,卖盘
1670,10:56:51,7.72,2316,3,买盘
1671,10:56:54,7.72,3860,5,买盘
1672,10:56:57,7.72,15440,20,买盘
1673,10:57:06,7.72,22380,29,买盘
1674,10:57:12,7.72,25466,33,买盘
1675,10:57:15,7.71,13878,18,卖盘
1676,10:57:18,7.72,66366,86,买盘
1677,10:57:21,7.71,5402,7,卖盘
1678,10:57:24,7.71,771,1,卖盘
1679,10:57:27,7.71,38550,50,卖盘
1680,10:57:33,7.71,11565,15,卖盘
1681,10:57:36,7.71,91762,119,卖盘
1682,10:57:39,7.72,73294,95,买盘
1683,10:57:42,7.72,25454,33,买盘
1684,10:57:45,7.72,286161,371,买盘
1685,10:57:48,7.72,8492,11,买盘
1686,10:57:51,7.71,55527,72,卖盘
1687,10:57:54,7.72,54804,71,买盘
1688,10:57:57,7.71,10794,14,卖盘
1689,10:58:00,7.72,40876,53,买盘
1690,10:58:03,7.71,20046,26,卖盘
1691,10:58:06,7.71,13107,17,卖盘
1692,10:58:12,7.71,151116,196,卖盘
1693,10:58:15,7.71,37779,49,卖盘
1694,10:58:18,7.71,74787,97,卖盘
1695,10:58:21,7.71,849642,1102,卖盘
1696,10:58:24,7.71,3471638,4503,卖盘
1697,10:58:27,7.7,364210,473,卖盘
1698,10:58:30,7.7,186510,242,卖盘
1699,10:58:33,7.7,3850,5,卖盘
1700,10:58:36,7.7,61646,80,卖盘
1701,10:58:39,7.7,217996,283,卖盘
1702,10:58:42,7.7,768461,998,卖盘
1703,10:58:45,7.71,382400,496,买盘
1704,10:58:48,7.7,97070,126,卖盘
1705,10:58:51,7.71,151790,197,买盘
1706,10:58:54,7.7,390790,507,卖盘
1707,10:58:57,7.7,248710,323,卖盘
1708,10:59:00,7.7,218827,284,卖盘
1709,10:59:03,7.7,194840,253,卖盘
1710,10:59:06,7.7,6160,8,卖盘
1711,10:59:09,7.7,394240,512,卖盘
1712,10:59:12,7.7,94710,123,卖盘
1713,10:59:15,7.7,1877260,2438,卖盘
1714,10:59:18,7.7,161700,210,卖盘
1715,10:59:21,7.7,670670,871,卖盘
1716,10:59:24,7.7,429663,558,卖盘
1717,10:59:27,7.7,369600,480,卖盘
1718,10:59:30,7.69,11536,15,卖盘
1719,10:59:33,7.69,130886,170,卖盘
1720,10:59:36,7.7,23870,31,买盘
1721,10:59:39,7.69,100757,131,卖盘
1722,10:59:42,7.69,43833,57,卖盘
1723,10:59:45,7.69,24608,32,卖盘
1724,10:59:48,7.7,136289,177,买盘
1725,10:59:51,7.7,21545,28,买盘
1726,10:59:54,7.7,53129,69,买盘
1727,10:59:57,7.7,294040,382,买盘
1728,11:00:00,7.7,53880,70,买盘
1729,11:00:03,7.69,59268,77,卖盘
1730,11:00:06,7.69,47681,62,卖盘
1731,11:00:09,7.7,147054,191,买盘
1732,11:00:12,7.7,451950,587,买盘
1733,11:00:15,7.7,30790,40,买盘
1734,11:00:18,7.7,289510,376,买盘
1735,11:00:21,7.7,219440,285,买盘
1736,11:00:24,7.7,11550,15,卖盘
1737,11:00:27,7.71,93978,122,买盘
1738,11:00:30,7.7,133210,173,卖盘
1739,11:00:33,7.7,10780,14,买盘
1740,11:00:36,7.7,298760,388,买盘
1741,11:00:39,7.71,110883,144,买盘
1742,11:00:45,7.7,22399,29,卖盘
1743,11:00:48,7.71,26965,35,买盘
1744,11:00:51,7.7,13092,17,卖盘
1745,11:00:54,7.7,20790,27,卖盘
1746,11:00:57,7.7,20020,26,卖盘
1747,11:01:03,7.7,52363,68,卖盘
1748,11:01:09,7.7,25410,33,卖盘
1749,11:01:12,7.7,64680,84,卖盘
1750,11:01:15,7.7,194040,252,卖盘
1751,11:01:18,7.7,40810,53,卖盘
1752,11:01:21,7.7,19250,25,卖盘
1753,11:01:24,7.7,53130,69,卖盘
1754,11:01:27,7.7,3850,5,卖盘
1755,11:01:30,7.71,50886,66,买盘
1756,11:01:33,7.7,6160,8,卖盘
1757,11:01:39,7.7,63910,83,卖盘
1758,11:01:42,7.7,84735,110,卖盘
1759,11:01:45,7.7,3850,5,卖盘
1760,11:01:48,7.7,4620,6,卖盘
1761,11:01:51,7.71,771,1,买盘
1762,11:01:54,7.71,2313,3,买盘
1763,11:01:57,7.71,771,1,买盘
1764,11:02:00,7.71,88614,115,买盘
1765,11:02:03,7.7,30800,40,卖盘
1766,11:02:09,7.71,2313,3,买盘
1767,11:02:12,7.7,14631,19,卖盘
1768,11:02:15,7.7,82390,107,卖盘
1769,11:02:18,7.71,22343,29,买盘
1770,11:02:21,7.71,109482,142,买盘
1771,11:02:24,7.71,28517,37,买盘
1772,11:02:27,7.7,27720,36,卖盘
1773,11:02:36,7.7,2311,3,卖盘
1774,11:02:42,7.7,231000,300,卖盘
1775,11:02:48,7.7,6930,9,卖盘
1776,11:02:54,7.7,9240,12,卖盘
1777,11:02:57,7.71,23110,30,买盘
1778,11:03:00,7.71,102543,133,买盘
1779,11:03:03,7.7,23100,30,卖盘
1780,11:03:06,7.7,10781,14,卖盘
1781,11:03:15,7.71,7710,10,买盘
1782,11:03:18,7.7,8470,11,卖盘
1783,11:03:24,7.71,21588,28,买盘
1784,11:03:27,7.7,228769,297,卖盘
1785,11:03:36,7.71,3855,5,买盘
1786,11:03:39,7.71,42403,55,买盘
1787,11:03:42,7.71,16962,22,买盘
1788,11:03:45,7.7,18490,24,卖盘
1789,11:03:48,7.71,17733,23,买盘
1790,11:03:51,7.71,3855,5,买盘
1791,11:03:54,7.7,44660,58,卖盘
1792,11:03:57,7.71,492940,640,买盘
1793,11:04:00,7.71,15420,20,买盘
1794,11:04:03,7.71,40863,53,买盘
1795,11:04:06,7.71,7701,10,买盘
1796,11:04:09,7.7,7700,10,卖盘
1797,11:04:15,7.7,10010,13,卖盘
1798,11:04:18,7.71,22359,29,买盘
1799,11:04:21,7.71,404763,525,买盘
1800,11:04:24,7.71,94833,123,买盘
1801,11:04:30,7.7,87038,113,卖盘
1802,11:04:36,7.71,14649,19,买盘
1803,11:04:39,7.7,9243,12,卖盘
1804,11:04:42,7.71,124113,161,买盘
1805,11:04:45,7.7,53133,69,卖盘
1806,11:04:48,7.71,43176,56,买盘
1807,11:04:51,7.71,43947,57,买盘
1808,11:04:54,7.71,771,1,买盘
1809,11:04:57,7.7,15400,20,卖盘
1810,11:05:00,7.7,61600,80,卖盘
1811,11:05:03,7.7,10010,13,卖盘
1812,11:05:09,7.7,37006,48,卖盘
1813,11:05:12,7.7,90861,118,卖盘
1814,11:05:18,7.71,40863,53,买盘
1815,11:05:21,7.71,10793,14,买盘
1816,11:05:24,7.7,63911,83,卖盘
1817,11:05:27,7.71,40092,52,买盘
1818,11:05:33,7.71,747099,969,买盘
1819,11:05:36,7.71,41634,54,卖盘
1820,11:05:39,7.71,95609,124,卖盘
1821,11:05:42,7.71,23901,31,卖盘
1822,11:05:45,7.71,30069,39,卖盘
1823,11:05:48,7.72,18510,24,买盘
1824,11:05:51,7.72,35512,46,买盘
1825,11:06:00,7.72,772,1,买盘
1826,11:06:03,7.72,15422,20,买盘
1827,11:06:06,7.71,163514,212,卖盘
1828,11:06:09,7.71,195834,254,卖盘
1829,11:06:12,7.72,24677,32,买盘
1830,11:06:15,7.71,20994,27,卖盘
1831,11:06:18,7.71,178209,231,卖盘
1832,11:06:24,7.72,10808,14,买盘
1833,11:06:27,7.71,5397,7,卖盘
1834,11:06:30,7.72,67164,87,买盘
1835,11:06:33,7.72,10808,14,买盘
1836,11:06:42,7.72,72567,94,买盘
1837,11:06:45,7.72,62532,81,买盘
1838,11:06:51,7.72,27792,36,买盘
1839,11:06:54,7.71,4627,6,卖盘
1840,11:06:57,7.72,1543,2,买盘
1841,11:07:00,7.71,77871,101,卖盘
1842,11:07:03,7.71,26985,35,卖盘
1843,11:07:06,7.72,22373,29,买盘
1844,11:07:09,7.71,57116,74,卖盘
1845,11:07:12,7.71,3084,4,卖盘
1846,11:07:15,7.71,299919,389,卖盘
1847,11:07:18,7.71,436209,566,卖盘
1848,11:07:24,7.71,9252,12,买盘
1849,11:07:27,7.71,1633950,2122,买盘
1850,11:07:30,7.7,1540,2,卖盘
1851,11:07:33,7.7,30040,39,卖盘
1852,11:07:39,7.7,24640,32,卖盘
1853,11:07:42,7.7,102341,133,卖盘
1854,11:07:45,7.71,254317,330,买盘
1855,11:07:48,7.7,2310,3,买盘
1856,11:07:51,7.69,17697,23,卖盘
1857,11:07:57,7.69,47688,62,卖盘
1858,11:08:00,7.69,11535,15,卖盘
1859,11:08:03,7.69,769,1,卖盘
1860,11:08:06,7.7,578893,752,买盘
1861,11:08:09,7.7,89320,116,卖盘
1862,11:08:15,7.69,38450,50,卖盘
1863,11:08:18,7.69,23859,31,卖盘
1864,11:08:24,7.7,174020,226,买盘
1865,11:08:27,7.71,507121,659,买盘
1866,11:08:33,7.69,769,1,卖盘
1867,11:08:36,7.7,28489,37,买盘
1868,11:08:39,7.7,6929,9,买盘
1869,11:08:42,7.69,11535,15,卖盘
1870,11:08:45,7.7,51552,67,买盘
1871,11:08:48,7.7,4620,6,买盘
1872,11:08:54,7.69,3845,5,卖盘
1873,11:09:00,7.7,23870,31,买盘
1874,11:09:03,7.7,30030,39,买盘
1875,11:09:09,7.7,770,1,买盘
1876,11:09:12,7.7,854700,1110,买盘
1877,11:09:15,7.7,17709,23,买盘
1878,11:09:21,7.7,173250,225,买盘
1879,11:09:24,7.71,771,1,买盘
1880,11:09:27,7.7,40833,53,卖盘
1881,11:09:36,7.71,49344,64,买盘
1882,11:09:39,7.7,4620,6,卖盘
1883,11:09:48,7.7,90142,117,卖盘
1884,11:09:51,7.7,83930,109,卖盘
1885,11:09:54,7.7,5390,7,卖盘
1886,11:09:57,7.71,3855,5,买盘
1887,11:10:00,7.7,43890,57,卖盘
1888,11:10:03,7.71,1542,2,买盘
1889,11:10:06,7.7,73947,96,卖盘
1890,11:10:09,7.71,121818,158,买盘
1891,11:10:12,7.71,11565,15,买盘
1892,11:10:15,7.71,18504,24,买盘
1893,11:10:18,7.7,6930,9,卖盘
1894,11:10:21,7.71,771,1,买盘
1895,11:10:24,7.7,8476,11,卖盘
1896,11:10:27,7.71,7710,10,买盘
1897,11:10:30,7.7,16175,21,卖盘
1898,11:10:33,7.7,11550,15,卖盘
1899,11:10:36,7.7,3080,4,卖盘
1900,11:10:39,7.71,36237,47,买盘
1901,11:10:42,7.7,18488,24,卖盘
1902,11:10:45,7.7,46200,60,卖盘
1903,11:10:48,7.7,770,1,卖盘
1904,11:10:51,7.7,70070,91,卖盘
1905,11:10:54,7.7,1540,2,卖盘
1906,11:10:57,7.71,20817,27,买盘
1907,11:11:00,7.71,7710,10,买盘
1908,11:11:03,7.7,19250,25,卖盘
1909,11:11:12,7.71,23130,30,买盘
1910,11:11:15,7.7,5390,7,卖盘
1911,11:11:18,7.71,99459,129,买盘
1912,11:11:21,7.71,771,1,买盘
1913,11:11:24,7.71,42405,55,买盘
1914,11:11:27,7.71,30840,40,买盘
1915,11:11:33,7.7,7700,10,卖盘
1916,11:11:36,7.71,40046,52,买盘
1917,11:11:39,7.7,41580,54,卖盘
1918,11:11:42,7.71,47030,61,买盘
1919,11:11:45,7.7,518881,673,卖盘
1920,11:11:48,7.7,15400,20,卖盘
1921,11:11:51,7.71,23130,30,买盘
1922,11:12:03,7.7,14630,19,卖盘
1923,11:12:09,7.71,62442,81,买盘
1924,11:12:12,7.71,23901,31,买盘
1925,11:12:15,7.7,2310,3,卖盘
1926,11:12:18,7.7,770,1,卖盘
1927,11:12:24,7.71,12336,16,买盘
1928,11:12:30,7.7,15400,20,卖盘
1929,11:12:33,7.71,155740,202,买盘
1930,11:12:36,7.71,159596,207,买盘
1931,11:12:39,7.7,51656,67,卖盘
1932,11:12:42,7.71,36236,47,买盘
1933,11:12:45,7.71,6937,9,买盘
1934,11:12:48,7.7,770,1,卖盘
1935,11:12:51,7.7,23900,31,卖盘
1936,11:12:54,7.71,696084,904,买盘
1937,11:12:57,7.7,1540,2,卖盘
1938,11:13:00,7.7,770,1,卖盘
1939,11:13:03,7.7,770,1,卖盘
1940,11:13:06,7.7,770,1,卖盘
1941,11:13:09,7.7,39309,51,卖盘
1942,11:13:12,7.7,30801,40,卖盘
1943,11:13:15,7.71,78632,102,买盘
1944,11:13:18,7.71,14642,19,买盘
1945,11:13:21,7.71,3853,5,买盘
1946,11:13:24,7.71,161138,209,买盘
1947,11:13:27,7.7,37744,49,卖盘
1948,11:13:30,7.7,8480,11,卖盘
1949,11:13:33,7.7,32360,42,卖盘
1950,11:13:36,7.7,16190,21,卖盘
1951,11:13:39,7.7,55471,72,卖盘
1952,11:13:42,7.7,6160,8,卖盘
1953,11:13:45,7.7,6160,8,卖盘
1954,11:13:48,7.7,1541,2,卖盘
1955,11:13:51,7.7,770,1,卖盘
1956,11:13:54,7.7,770,1,卖盘
1957,11:13:57,7.7,15403,20,卖盘
1958,11:14:00,7.71,24671,32,买盘
1959,11:14:03,7.7,40040,52,卖盘
1960,11:14:06,7.7,24670,32,卖盘
1961,11:14:09,7.7,11552,15,卖盘
1962,11:14:12,7.7,10020,13,卖盘
1963,11:14:15,7.7,10022,13,卖盘
1964,11:14:18,7.71,3851,5,买盘
1965,11:14:21,7.71,77870,101,买盘
1966,11:14:24,7.71,612174,794,买盘
1967,11:14:27,7.71,10794,14,买盘
1968,11:14:30,7.7,29297,38,卖盘
1969,11:14:33,7.7,1540,2,卖盘
1970,11:14:36,7.7,60134,78,卖盘
1971,11:14:39,7.7,770,1,卖盘
1972,11:14:42,7.7,13860,18,卖盘
1973,11:14:45,7.71,5391,7,买盘
1974,11:14:51,7.71,38550,50,买盘
1975,11:14:54,7.71,2312,3,买盘
1976,11:14:57,7.7,1637059,2126,卖盘
1977,11:15:00,7.7,770,1,卖盘
1978,11:15:03,7.71,23130,30,买盘
1979,11:15:06,7.7,2310,3,卖盘
1980,11:15:09,7.7,770,1,卖盘
1981,11:15:15,7.71,771,1,买盘
1982,11:15:18,7.71,771,1,买盘
1983,11:15:21,7.7,3850,5,卖盘
1984,11:15:24,7.71,10023,13,买盘
1985,11:15:27,7.7,13870,18,卖盘
1986,11:15:30,7.71,3855,5,买盘
1987,11:15:33,7.71,29297,38,买盘
1988,11:15:39,7.7,3083,4,卖盘
1989,11:15:42,7.71,10021,13,买盘
1990,11:15:45,7.71,1541,2,买盘
1991,11:15:48,7.71,16191,21,买盘
1992,11:15:51,7.71,38550,50,买盘
1993,11:15:54,7.71,1542,2,买盘
1994,11:16:03,7.71,25443,33,买盘
1995,11:16:06,7.71,771,1,买盘
1996,11:16:09,7.71,46260,60,买盘
1997,11:16:12,7.71,30840,40,买盘
1998,11:16:15,7.71,15420,20,买盘
1999,11:16:18,7.71,4621,6,买盘
2000,11:16:27,7.71,56283,73,买盘
2001,11:16:30,7.71,1542,2,买盘
2002,11:16:33,7.7,87034,113,卖盘
2003,11:16:36,7.71,771,1,买盘
2004,11:16:39,7.7,4625,6,卖盘
2005,11:16:42,7.71,127978,166,买盘
2006,11:16:45,7.7,770,1,卖盘
2007,11:16:48,7.7,77000,100,卖盘
2008,11:16:54,7.71,13878,18,买盘
2009,11:16:57,7.71,16191,21,买盘
2010,11:17:00,7.7,41629,54,卖盘
2011,11:17:03,7.71,7710,10,买盘
2012,11:17:06,7.71,178872,232,买盘
2013,11:17:09,7.71,69380,90,买盘
2014,11:17:12,7.71,7710,10,买盘
2015,11:17:18,7.7,205024,266,卖盘
2016,11:17:21,7.71,47031,61,买盘
2017,11:17:24,7.7,157080,204,卖盘
2018,11:17:30,7.71,10023,13,买盘
2019,11:17:33,7.71,30069,39,买盘
2020,11:17:39,7.71,771,1,买盘
2021,11:17:42,7.71,16962,22,买盘
2022,11:17:45,7.7,16180,21,卖盘
2023,11:17:48,7.7,26180,34,卖盘
2024,11:17:51,7.7,10790,14,卖盘
2025,11:17:54,7.7,9240,12,卖盘
2026,11:17:57,7.7,43133,56,卖盘
2027,11:18:00,7.71,16191,21,买盘
2028,11:18:06,7.7,2310,3,卖盘
2029,11:18:09,7.71,7710,10,买盘
2030,11:18:12,7.7,49280,64,卖盘
2031,11:18:24,7.7,3850,5,卖盘
2032,11:18:27,7.71,7710,10,买盘
2033,11:18:30,7.71,7710,10,买盘
2034,11:18:36,7.71,21588,28,买盘
2035,11:18:39,7.71,149574,194,买盘
2036,11:18:42,7.7,38500,50,卖盘
2037,11:18:45,7.71,10023,13,买盘
2038,11:18:48,7.7,7700,10,卖盘
2039,11:18:51,7.7,2310,3,卖盘
2040,11:18:54,7.7,74690,97,卖盘
2041,11:18:57,7.7,5390,7,卖盘
2042,11:19:00,7.71,20046,26,买盘
2043,11:19:06,7.71,10794,14,买盘
2044,11:19:09,7.71,43927,57,买盘
2045,11:19:12,7.7,770,1,卖盘
2046,11:19:21,7.71,15420,20,买盘
2047,11:19:27,7.71,75558,98,买盘
2048,11:19:33,7.71,18504,24,买盘
2049,11:19:36,7.71,25423,33,买盘
2050,11:19:39,7.71,30069,39,买盘
2051,11:19:42,7.71,3084,4,买盘
2052,11:19:48,7.7,770,1,卖盘
2053,11:19:54,7.71,76329,99,买盘
2054,11:19:57,7.71,24672,32,买盘
2055,11:20:00,7.71,1542,2,买盘
2056,11:20:03,7.71,12322,16,买盘
2057,11:20:06,7.7,4620,6,卖盘
2058,11:20:09,7.71,24672,32,买盘
2059,11:20:15,7.71,3855,5,买盘
2060,11:20:21,7.7,162470,211,卖盘
2061,11:20:24,7.7,3850,5,卖盘
2062,11:20:27,7.71,31611,41,买盘
2063,11:20:30,7.7,4620,6,卖盘
2064,11:20:33,7.7,39270,51,卖盘
2065,11:20:36,7.71,114733,149,买盘
2066,11:20:39,7.7,16170,21,卖盘
2067,11:20:42,7.71,33120,43,买盘
2068,11:20:45,7.71,22355,29,买盘
2069,11:20:48,7.71,40089,52,买盘
2070,11:20:57,7.71,26214,34,买盘
2071,11:21:03,7.7,13090,17,卖盘
2072,11:21:09,7.71,696984,904,买盘
2073,11:21:15,7.7,2310,3,卖盘
2074,11:21:18,7.71,8481,11,买盘
2075,11:21:21,7.71,1542,2,买盘
2076,11:21:24,7.71,30840,40,买盘
2077,11:21:33,7.71,10023,13,买盘
2078,11:21:36,7.71,38550,50,买盘
2079,11:21:39,7.71,31611,41,买盘
2080,11:21:42,7.71,1542,2,买盘
2081,11:21:45,7.71,77100,100,买盘
2082,11:21:51,7.71,25443,33,买盘
2083,11:21:54,7.72,26240,34,买盘
2084,11:22:03,7.7,713020,926,卖盘
2085,11:22:06,7.7,3080,4,卖盘
2086,11:22:09,7.7,12320,16,卖盘
2087,11:22:12,7.71,4626,6,买盘
2088,11:22:18,7.71,9243,12,买盘
2089,11:22:21,7.71,14649,19,买盘
2090,11:22:27,7.71,3855,5,买盘
2091,11:22:30,7.7,21560,28,卖盘
2092,11:22:33,7.71,30840,40,买盘
2093,11:22:36,7.71,6167,8,买盘
2094,11:22:42,7.71,771,1,买盘
2095,11:22:45,7.7,1540,2,卖盘
2096,11:22:54,7.71,23901,31,买盘
2097,11:22:57,7.7,11550,15,卖盘
2098,11:23:00,7.71,21588,28,买盘
2099,11:23:03,7.7,7700,10,卖盘
2100,11:23:09,7.71,23130,30,买盘
2101,11:23:15,7.71,7710,10,买盘
2102,11:23:18,7.71,1542,2,买盘
2103,11:23:21,7.7,2961743,3846,卖盘
2104,11:23:24,7.7,291830,379,卖盘
2105,11:23:27,7.7,39712,52,卖盘
2106,11:23:30,7.7,15400,20,买盘
2107,11:23:42,7.7,7700,10,买盘
2108,11:23:45,7.7,28490,37,买盘
2109,11:23:48,7.69,769,1,卖盘
2110,11:23:51,7.7,42350,55,买盘
2111,11:23:57,7.7,770,1,买盘
2112,11:24:00,7.69,1539,2,卖盘
2113,11:24:03,7.69,502926,654,卖盘
2114,11:24:06,7.7,74690,97,买盘
2115,11:24:18,7.7,31570,41,买盘
2116,11:24:21,7.7,15400,20,买盘
2117,11:24:27,7.7,32340,42,买盘
2118,11:24:30,7.7,577500,750,买盘
2119,11:24:33,7.7,331870,431,卖盘
2120,11:24:36,7.7,17710,23,卖盘
2121,11:24:39,7.7,10010,13,卖盘
2122,11:24:42,7.7,19250,25,卖盘
2123,11:24:51,7.7,23100,30,卖盘
2124,11:24:54,7.7,15400,20,卖盘
2125,11:24:57,7.7,79310,103,卖盘
2126,11:25:03,7.7,56210,73,卖盘
2127,11:25:06,7.71,7710,10,买盘
2128,11:25:09,7.7,20020,26,卖盘
2129,11:25:12,7.71,6939,9,买盘
2130,11:25:15,7.71,11561,15,买盘
2131,11:25:18,7.7,7700,10,卖盘
2132,11:25:21,7.7,24640,32,卖盘
2133,11:25:24,7.7,88558,115,卖盘
2134,11:25:27,7.7,17713,23,卖盘
2135,11:25:30,7.7,2310,3,卖盘
2136,11:25:33,7.7,12320,16,卖盘
2137,11:25:36,7.7,22350,29,卖盘
2138,11:25:39,7.7,26950,35,卖盘
2139,11:25:42,7.7,49280,64,卖盘
2140,11:25:54,7.7,41580,54,卖盘
2141,11:25:57,7.7,16170,21,买盘
2142,11:26:00,7.7,13860,18,买盘
2143,11:26:06,7.7,50050,65,买盘
2144,11:26:09,7.7,29233,38,买盘
2145,11:26:15,7.7,80075,104,买盘
2146,11:26:18,7.7,1540,2,卖盘
2147,11:26:21,7.7,3850,5,卖盘
2148,11:26:24,7.7,10010,13,卖盘
2149,11:26:27,7.7,163240,212,卖盘
2150,11:26:30,7.7,3080,4,买盘
2151,11:26:36,7.7,3850,5,买盘
2152,11:26:39,7.7,20020,26,买盘
2153,11:26:45,7.7,14623,19,买盘
2154,11:26:51,7.69,1538,2,卖盘
2155,11:26:54,7.7,69300,90,买盘
2156,11:27:00,7.69,499850,650,卖盘
2157,11:27:03,7.7,265650,345,买盘
2158,11:27:06,7.7,67760,88,卖盘
2159,11:27:09,7.71,13867,18,买盘
2160,11:27:18,7.7,3850,5,卖盘
2161,11:27:27,7.71,1542,2,买盘
2162,11:27:33,7.7,46970,61,卖盘
2163,11:27:36,7.7,23100,30,卖盘
2164,11:27:39,7.71,16960,22,买盘
2165,11:27:42,7.71,3084,4,买盘
2166,11:27:45,7.7,154000,200,卖盘
2167,11:27:48,7.7,10780,14,买盘
2168,11:27:54,7.7,10010,13,买盘
2169,11:27:57,7.7,44660,58,买盘
2170,11:28:03,7.7,6160,8,卖盘
2171,11:28:06,7.71,7710,10,买盘
2172,11:28:09,7.7,770,1,卖盘
2173,11:28:12,7.71,771,1,买盘
2174,11:28:15,7.7,25410,33,卖盘
2175,11:28:24,7.7,13090,17,卖盘
2176,11:28:27,7.7,20020,26,卖盘
2177,11:28:30,7.7,5390,7,卖盘
2178,11:28:33,7.7,6160,8,卖盘
2179,11:28:36,7.7,37770,49,卖盘
2180,11:28:39,7.7,46200,60,卖盘
2181,11:28:42,7.7,244860,318,卖盘
2182,11:28:45,7.69,11535,15,卖盘
2183,11:28:48,7.7,15400,20,买盘
2184,11:28:51,7.7,770,1,买盘
2185,11:29:00,7.69,7690,10,卖盘
2186,11:29:06,7.69,15380,20,卖盘
2187,11:29:09,7.69,30020,39,卖盘
2188,11:29:18,7.7,27712,36,买盘
2189,11:29:21,7.69,5383,7,卖盘
2190,11:29:24,7.7,13860,18,买盘
2191,11:29:27,7.69,8459,11,卖盘
2192,11:29:30,7.69,12305,16,卖盘
2193,11:29:33,7.69,6922,9,卖盘
2194,11:29:36,7.7,3850,5,买盘
2195,11:29:39,7.69,76900,100,卖盘
2196,11:29:45,7.69,15380,20,卖盘
2197,11:29:48,7.69,3845,5,卖盘
2198,11:29:51,7.7,770,1,买盘
2199,11:30:00,7.69,7690,10,卖盘
2200,13:00:00,7.7,1220050,1585,买盘
2201,13:00:03,7.7,1309208,1702,卖盘
2202,13:00:06,7.7,127768,166,买盘
2203,13:00:09,7.69,40757,53,卖盘
2204,13:00:12,7.69,3076,4,卖盘
2205,13:00:15,7.69,3076,4,卖盘
2206,13:00:18,7.69,288375,375,卖盘
2207,13:00:21,7.69,53830,70,卖盘
2208,13:00:24,7.69,3845,5,卖盘
2209,13:00:27,7.69,13845,18,卖盘
2210,13:00:30,7.69,116119,151,卖盘
2211,13:00:33,7.7,15399,20,买盘
2212,13:00:36,7.7,84594,110,买盘
2213,13:00:39,7.69,299910,390,卖盘
2214,13:00:42,7.69,156107,203,卖盘
2215,13:00:45,7.69,7690,10,卖盘
2216,13:00:51,7.69,9997,13,卖盘
2217,13:00:54,7.69,20763,27,卖盘
2218,13:00:57,7.7,15400,20,买盘
2219,13:01:00,7.7,43103,56,买盘
2220,13:01:03,7.69,85378,111,卖盘
2221,13:01:06,7.7,3850,5,买盘
2222,13:01:12,7.7,7700,10,买盘
2223,13:01:18,7.7,39229,51,买盘
2224,13:01:21,7.69,11537,15,卖盘
2225,13:01:24,7.69,2307,3,卖盘
2226,13:01:27,7.69,47678,62,卖盘
2227,13:01:33,7.69,58454,76,卖盘
2228,13:01:36,7.69,1538,2,卖盘
2229,13:01:39,7.7,1007837,1309,买盘
2230,13:01:45,7.7,9240,12,卖盘
2231,13:01:48,7.7,76230,99,卖盘
2232,13:01:51,7.7,10780,14,卖盘
2233,13:01:57,7.71,3084,4,买盘
2234,13:02:00,7.7,233340,303,卖盘
2235,13:02:03,7.7,10780,14,卖盘
2236,13:02:09,7.7,1540,2,中性盘
2237,13:02:15,7.7,209169,272,中性盘
2238,13:02:21,7.7,13094,17,买盘
2239,13:02:24,7.69,769,1,卖盘
2240,13:02:30,7.69,48447,63,卖盘
2241,13:02:33,7.7,71579,93,买盘
2242,13:02:36,7.69,3076,4,卖盘
2243,13:02:39,7.69,96894,126,卖盘
2244,13:02:45,7.69,16918,22,卖盘
2245,13:02:48,7.69,44652,58,卖盘
2246,13:02:51,7.69,83052,108,卖盘
2247,13:02:57,7.7,43890,57,买盘
2248,13:03:06,7.69,17687,23,卖盘
2249,13:03:09,7.69,8459,11,卖盘
2250,13:03:12,7.7,770,1,买盘
2251,13:03:15,7.69,15380,20,卖盘
2252,13:03:18,7.69,19994,26,卖盘
2253,13:03:21,7.69,9228,12,卖盘
2254,13:03:24,7.69,19996,26,卖盘
2255,13:03:27,7.69,115369,150,卖盘
2256,13:03:30,7.69,9235,12,卖盘
2257,13:03:33,7.69,23070,30,卖盘
2258,13:03:36,7.69,2307,3,卖盘
2259,13:03:39,7.69,20783,27,卖盘
2260,13:03:42,7.7,62363,81,买盘
2261,13:03:54,7.69,17700,23,卖盘
2262,13:03:57,7.7,14630,19,买盘
2263,13:04:03,7.7,21560,28,买盘
2264,13:04:06,7.7,118437,154,买盘
2265,13:04:09,7.69,41530,54,卖盘
2266,13:04:15,7.69,11536,15,卖盘
2267,13:04:18,7.69,4614,6,卖盘
2268,13:04:21,7.7,552536,718,买盘
2269,13:04:24,7.7,10780,14,卖盘
2270,13:04:27,7.7,54689,71,卖盘
2271,13:04:30,7.7,13860,18,中性盘
2272,13:04:39,7.7,151547,197,卖盘
2273,13:04:42,7.7,3080,4,买盘
2274,13:04:45,7.71,64682,84,买盘
2275,13:04:48,7.7,25390,33,卖盘
2276,13:04:51,7.7,10780,14,卖盘
2277,13:04:54,7.7,13090,17,卖盘
2278,13:05:03,7.7,6160,8,卖盘
2279,13:05:06,7.7,117810,153,卖盘
2280,13:05:09,7.7,7700,10,买盘
2281,13:05:12,7.7,43846,57,买盘
2282,13:05:15,7.7,4620,6,买盘
2283,13:05:21,7.7,14630,19,买盘
2284,13:05:24,7.69,5383,7,卖盘
2285,13:05:27,7.69,9997,13,卖盘
2286,13:05:30,7.69,8460,11,卖盘
2287,13:05:33,7.69,230700,300,卖盘
2288,13:05:36,7.69,1538,2,卖盘
2289,13:05:39,7.69,3845,5,卖盘
2290,13:05:42,7.69,14611,19,卖盘
2291,13:05:45,7.69,32298,42,卖盘
2292,13:05:51,7.69,20782,27,卖盘
2293,13:05:54,7.69,5383,7,卖盘
2294,13:06:03,7.69,11535,15,卖盘
2295,13:06:06,7.69,4614,6,卖盘
2296,13:06:18,7.69,15380,20,卖盘
2297,13:06:21,7.69,146297,190,卖盘
2298,13:06:24,7.7,25383,33,买盘
2299,13:06:27,7.69,1538,2,卖盘
2300,13:06:33,7.7,25402,33,买盘
2301,13:06:39,7.7,33110,43,买盘
2302,13:06:45,7.7,23100,30,买盘
2303,13:06:48,7.69,769,1,卖盘
2304,13:06:51,7.7,14630,19,买盘
2305,13:07:00,7.69,42345,55,卖盘
2306,13:07:03,7.7,10767,14,买盘
2307,13:07:06,7.69,46140,60,卖盘
2308,13:07:09,7.69,23072,30,卖盘
2309,13:07:15,7.7,132362,172,买盘
2310,13:07:18,7.69,30010,39,卖盘
2311,13:07:27,7.7,3850,5,买盘
2312,13:07:30,7.69,32298,42,卖盘
2313,13:07:36,7.7,4620,6,买盘
2314,13:07:42,7.7,48497,63,买盘
2315,13:07:48,7.7,14630,19,买盘
2316,13:07:51,7.7,22330,29,买盘
2317,13:07:54,7.69,16918,22,卖盘
2318,13:08:03,7.7,25397,33,买盘
2319,13:08:09,7.69,61520,80,卖盘
2320,13:08:18,7.7,20790,27,买盘
2321,13:08:21,7.69,10766,14,卖盘
2322,13:08:30,7.7,14630,19,买盘
2323,13:08:48,7.7,26180,34,买盘
2324,13:08:54,7.69,11535,15,卖盘
2325,13:09:03,7.7,15400,20,买盘
2326,13:09:06,7.7,4620,6,买盘
2327,13:09:09,7.7,5388,7,买盘
2328,13:09:12,7.7,270270,351,买盘
2329,13:09:15,7.7,16940,22,买盘
2330,13:09:18,7.7,468010,608,买盘
2331,13:09:24,7.7,30800,40,卖盘
2332,13:09:27,7.7,38500,50,卖盘
2333,13:09:36,7.7,3080,4,卖盘
2334,13:09:39,7.7,20790,27,卖盘
2335,13:09:45,7.71,771,1,买盘
2336,13:09:48,7.71,17733,23,买盘
2337,13:09:51,7.71,106398,138,买盘
2338,13:10:03,7.71,15420,20,买盘
2339,13:10:06,7.71,111024,144,买盘
2340,13:10:09,7.71,21588,28,买盘
2341,13:10:12,7.71,24672,32,买盘
2342,13:10:15,7.71,4623,6,买盘
2343,13:10:18,7.71,16191,21,买盘
2344,13:10:21,7.71,4626,6,买盘
2345,13:10:36,7.71,771,1,买盘
2346,13:10:39,7.71,5397,7,买盘
2347,13:10:42,7.71,115650,150,买盘
2348,13:10:45,7.71,60138,78,买盘
2349,13:10:48,7.71,6168,8,买盘
2350,13:10:54,7.71,1542,2,买盘
2351,13:10:57,7.7,770,1,卖盘
2352,13:11:03,7.71,771,1,买盘
2353,13:11:06,7.71,2313,3,买盘
2354,13:11:15,7.71,771,1,买盘
2355,13:11:18,7.71,110998,144,买盘
2356,13:11:24,7.7,770,1,卖盘
2357,13:11:27,7.71,53970,70,买盘
2358,13:11:30,7.7,3850,5,卖盘
2359,13:11:33,7.71,771,1,买盘
2360,13:11:36,7.7,10790,14,卖盘
2361,13:11:45,7.7,5390,7,卖盘
2362,13:11:48,7.7,639647,830,卖盘
2363,13:11:51,7.7,26180,34,卖盘
2364,13:11:54,7.7,69300,90,卖盘
2365,13:11:57,7.7,20790,27,卖盘
2366,13:12:00,7.7,5395,7,卖盘
2367,13:12:03,7.7,7700,10,卖盘
2368,13:12:06,7.7,46970,61,卖盘
2369,13:12:09,7.7,1644343,2136,卖盘
2370,13:12:12,7.7,37708,49,买盘
2371,13:12:18,7.69,19245,25,卖盘
2372,13:12:21,7.69,3845,5,卖盘
2373,13:12:24,7.7,40030,52,买盘
2374,13:12:27,7.69,3845,5,卖盘
2375,13:12:30,7.7,7700,10,买盘
2376,13:12:36,7.7,7700,10,买盘
2377,13:12:48,7.69,38490,50,卖盘
2378,13:12:54,7.69,13073,17,卖盘
2379,13:12:57,7.69,8459,11,卖盘
2380,13:13:00,7.69,3845,5,卖盘
2381,13:13:03,7.69,40038,52,卖盘
2382,13:13:06,7.7,43837,57,买盘
2383,13:13:09,7.69,1538,2,卖盘
2384,13:13:12,7.69,12304,16,卖盘
2385,13:13:15,7.69,26949,35,卖盘
2386,13:13:18,7.7,6156,8,买盘
2387,13:13:24,7.7,17707,23,买盘
2388,13:13:30,7.7,10007,13,买盘
2389,13:13:33,7.7,2310,3,买盘
2390,13:13:36,7.7,5390,7,买盘
2391,13:13:42,7.7,3080,4,买盘
2392,13:13:45,7.7,7700,10,买盘
2393,13:13:48,7.7,23100,30,买盘
2394,13:13:51,7.7,4620,6,买盘
2395,13:13:54,7.7,1540,2,买盘
2396,13:14:00,7.7,20014,26,买盘
2397,13:14:03,7.69,12304,16,卖盘
2398,13:14:09,7.7,192490,250,买盘
2399,13:14:12,7.7,21553,28,买盘
2400,13:14:15,7.7,46200,60,买盘
2401,13:14:18,7.69,6152,8,卖盘
2402,13:14:24,7.69,2307,3,卖盘
2403,13:14:33,7.7,2310,3,买盘
2404,13:14:39,7.7,3850,5,买盘
2405,13:14:42,7.69,164566,214,卖盘
2406,13:14:45,7.69,39988,52,卖盘
2407,13:14:48,7.69,13842,18,卖盘
2408,13:14:51,7.69,3845,5,卖盘
2409,13:14:54,7.69,3845,5,卖盘
2410,13:14:57,7.69,8464,11,卖盘
2411,13:15:00,7.7,10010,13,买盘
2412,13:15:03,7.69,6152,8,卖盘
2413,13:15:06,7.69,24608,32,卖盘
2414,13:15:09,7.7,120014,156,买盘
2415,13:15:12,7.69,3845,5,卖盘
2416,13:15:18,7.69,5383,7,卖盘
2417,13:15:21,7.7,11550,15,买盘
2418,13:15:24,7.7,30800,40,买盘
2419,13:15:27,7.69,8460,11,卖盘
2420,13:15:39,7.7,4615,6,买盘
2421,13:15:42,7.69,65365,85,卖盘
2422,13:15:45,7.69,2307,3,卖盘
2423,13:15:48,7.7,2310,3,买盘
2424,13:15:51,7.69,769,1,卖盘
2425,13:15:54,7.7,11550,15,买盘
2426,13:15:57,7.7,7700,10,买盘
2427,13:16:00,7.69,3845,5,卖盘
2428,13:16:03,7.69,208805,271,卖盘
2429,13:16:06,7.7,548238,712,买盘
2430,13:16:09,7.7,97008,126,买盘
2431,13:16:12,7.7,3850,5,买盘
2432,13:16:15,7.69,18477,24,卖盘
2433,13:16:18,7.7,35420,46,卖盘
2434,13:16:21,7.7,58520,76,卖盘
2435,13:16:24,7.7,15400,20,卖盘
2436,13:16:27,7.7,53130,69,卖盘
2437,13:16:42,7.71,11565,15,买盘
2438,13:16:51,7.71,3851,5,买盘
2439,13:16:54,7.7,36960,48,卖盘
2440,13:16:57,7.7,255642,332,卖盘
2441,13:17:00,7.7,23100,30,卖盘
2442,13:17:03,7.7,138600,180,卖盘
2443,13:17:06,7.7,35415,46,买盘
2444,13:17:09,7.7,30022,39,买盘
2445,13:17:12,7.7,770,1,买盘
2446,13:17:15,7.69,6921,9,卖盘
2447,13:17:18,7.69,724462,942,卖盘
2448,13:17:21,7.7,86240,112,买盘
2449,13:17:24,7.7,7700,10,买盘
2450,13:17:27,7.7,24640,32,买盘
2451,13:17:33,7.7,8470,11,买盘
2452,13:17:39,7.7,770,1,买盘
2453,13:17:42,7.7,24640,32,买盘
2454,13:17:45,7.7,4615,6,买盘
2455,13:17:51,7.71,112424,146,买盘
2456,13:17:54,7.7,5390,7,卖盘
2457,13:18:00,7.7,18480,24,卖盘
2458,13:18:03,7.7,70151,91,卖盘
2459,13:18:06,7.7,36960,48,卖盘
2460,13:18:18,7.7,21560,28,买盘
2461,13:18:21,7.7,15400,20,买盘
2462,13:18:30,7.7,12317,16,买盘
2463,13:18:33,7.7,72313,94,买盘
2464,13:18:36,7.7,16935,22,买盘
2465,13:18:39,7.7,20020,26,买盘
2466,13:18:45,7.7,31570,41,买盘
2467,13:18:51,7.7,14625,19,买盘
2468,13:18:57,7.69,15380,20,卖盘
2469,13:19:00,7.69,5383,7,卖盘
2470,13:19:03,7.69,38450,50,卖盘
2471,13:19:06,7.69,1538,2,卖盘
2472,13:19:12,7.7,9240,12,买盘
2473,13:19:15,7.69,1538,2,卖盘
2474,13:19:18,7.69,9229,12,卖盘
2475,13:19:21,7.69,3845,5,卖盘
2476,13:19:24,7.69,46140,60,卖盘
2477,13:19:30,7.69,19225,25,卖盘
2478,13:19:33,7.69,95396,124,卖盘
2479,13:19:39,7.69,5383,7,卖盘
2480,13:19:51,7.7,31570,41,买盘
2481,13:19:54,7.69,2307,3,卖盘
2482,13:19:57,7.69,63058,82,卖盘
2483,13:20:00,7.69,3076,4,卖盘
2484,13:20:06,7.69,3845,5,卖盘
2485,13:20:09,7.7,1540,2,买盘
2486,13:20:15,7.7,11550,15,买盘
2487,13:20:18,7.69,1538,2,卖盘
2488,13:20:24,7.69,5383,7,卖盘
2489,13:20:27,7.7,13855,18,买盘
2490,13:20:36,7.7,17707,23,买盘
2491,13:20:39,7.69,1538,2,卖盘
2492,13:20:48,7.69,23070,30,卖盘
2493,13:20:51,7.7,104720,136,买盘
2494,13:20:54,7.7,17710,23,买盘
2495,13:21:00,7.69,3845,5,卖盘
2496,13:21:09,7.69,508309,661,卖盘
2497,13:21:12,7.69,9228,12,卖盘
2498,13:21:15,7.69,52322,68,卖盘
2499,13:21:18,7.69,3076,4,卖盘
2500,13:21:39,7.69,16918,22,卖盘
2501,13:21:42,7.69,136882,178,卖盘
2502,13:21:45,7.69,1792208,2331,卖盘
2503,13:21:51,7.69,70748,92,买盘
2504,13:21:54,7.68,26880,35,卖盘
2505,13:21:57,7.69,3845,5,买盘
2506,13:22:00,7.68,218112,284,卖盘
2507,13:22:03,7.69,38450,50,买盘
2508,13:22:06,7.69,49201,64,买盘
2509,13:22:09,7.68,30720,40,卖盘
2510,13:22:15,7.68,41472,54,卖盘
2511,13:22:21,7.68,11520,15,卖盘
2512,13:22:24,7.68,11520,15,卖盘
2513,13:22:27,7.68,10752,14,卖盘
2514,13:22:30,7.69,416798,542,买盘
2515,13:22:33,7.68,153600,200,卖盘
2516,13:22:36,7.69,93818,122,买盘
2517,13:22:42,7.69,384500,500,买盘
2518,13:22:51,7.69,60683,79,买盘
2519,13:22:54,7.69,264098,343,买盘
2520,13:22:57,7.69,10766,14,卖盘
2521,13:23:00,7.69,74593,97,卖盘
2522,13:23:03,7.69,82722,108,卖盘
2523,13:23:06,7.69,769,1,买盘
2524,13:23:09,7.68,233004,303,卖盘
2525,13:23:12,7.69,98432,128,买盘
2526,13:23:18,7.69,6152,8,买盘
2527,13:23:21,7.69,1538,2,买盘
2528,13:23:27,7.69,44602,58,买盘
2529,13:23:30,7.68,130635,170,卖盘
2530,13:23:33,7.69,2307,3,买盘
2531,13:23:36,7.69,99940,130,买盘
2532,13:23:45,7.69,38450,50,买盘
2533,13:23:48,7.68,19968,26,卖盘
2534,13:23:51,7.69,3074,4,买盘
2535,13:23:54,7.68,768,1,卖盘
2536,13:23:57,7.68,30720,40,卖盘
2537,13:24:00,7.68,3840,5,卖盘
2538,13:24:03,7.69,94587,123,买盘
2539,13:24:06,7.68,7680,10,卖盘
2540,13:24:09,7.69,44554,58,买盘
2541,13:24:12,7.68,3072,4,卖盘
2542,13:24:21,7.68,3840,5,卖盘
2543,13:24:24,7.69,7690,10,买盘
2544,13:24:27,7.7,860841,1119,买盘
2545,13:24:30,7.69,27684,36,卖盘
2546,13:24:36,7.69,6153,8,卖盘
2547,13:24:39,7.69,6152,8,卖盘
2548,13:24:42,7.69,9997,13,卖盘
2549,13:24:45,7.69,16918,22,卖盘
2550,13:24:48,7.69,154570,201,卖盘
2551,13:24:51,7.7,770,1,买盘
2552,13:24:54,7.7,87010,113,买盘
2553,13:24:57,7.7,194750,253,买盘
2554,13:25:00,7.69,127040,165,卖盘
2555,13:25:03,7.7,53130,69,买盘
2556,13:25:06,7.71,629172,817,买盘
2557,13:25:09,7.7,289091,375,卖盘
2558,13:25:12,7.71,236696,307,买盘
2559,13:25:15,7.71,23130,30,买盘
2560,13:25:21,7.71,8481,11,买盘
2561,13:25:33,7.71,3855,5,买盘
2562,13:25:36,7.71,16190,21,买盘
2563,13:25:39,7.7,1540,2,卖盘
2564,13:25:45,7.71,6939,9,买盘
2565,13:25:48,7.71,1542,2,买盘
2566,13:25:51,7.71,4621,6,买盘
2567,13:25:54,7.7,25420,33,卖盘
2568,13:25:57,7.7,9240,12,卖盘
2569,13:26:03,7.7,3850,5,卖盘
2570,13:26:09,7.7,6160,8,卖盘
2571,13:26:15,7.7,7700,10,卖盘
2572,13:26:24,7.7,12320,16,卖盘
2573,13:26:27,7.7,80850,105,卖盘
2574,13:26:30,7.7,32372,42,卖盘
2575,13:26:33,7.71,25443,33,买盘
2576,13:26:36,7.7,266466,346,卖盘
2577,13:26:39,7.7,514360,668,卖盘
2578,13:26:42,7.7,119350,155,买盘
2579,13:26:45,7.7,17690,23,买盘
2580,13:26:48,7.7,770,1,买盘
2581,13:26:51,7.69,11536,15,卖盘
2582,13:27:00,7.69,50781,66,卖盘
2583,13:27:03,7.7,110110,143,买盘
2584,13:27:06,7.7,224840,292,买盘
2585,13:27:09,7.7,770,1,买盘
2586,13:27:12,7.7,8470,11,买盘
2587,13:27:15,7.69,35374,46,卖盘
2588,13:27:21,7.7,10010,13,买盘
2589,13:27:24,7.69,80750,105,卖盘
2590,13:27:27,7.7,13860,18,买盘
2591,13:27:30,7.69,222513,289,卖盘
2592,13:27:42,7.7,53130,69,买盘
2593,13:27:45,7.7,770,1,买盘
2594,13:27:51,7.7,770,1,买盘
2595,13:27:54,7.7,12320,16,买盘
2596,13:27:57,7.7,15400,20,买盘
2597,13:28:00,7.7,15400,20,买盘
2598,13:28:03,7.69,289980,377,卖盘
2599,13:28:12,7.69,13073,17,卖盘
2600,13:28:15,7.69,2307,3,卖盘
2601,13:28:18,7.7,5390,7,买盘
2602,13:28:24,7.7,14630,19,买盘
2603,13:28:27,7.7,35414,46,买盘
2604,13:28:30,7.7,42350,55,买盘
2605,13:28:36,7.7,31570,41,买盘
2606,13:28:39,7.7,60060,78,买盘
2607,13:28:48,7.7,10010,13,买盘
2608,13:28:51,7.7,20790,27,买盘
2609,13:28:54,7.69,15380,20,卖盘
2610,13:28:57,7.69,15380,20,卖盘
2611,13:29:00,7.69,11535,15,卖盘
2612,13:29:12,7.7,15400,20,买盘
2613,13:29:15,7.7,33110,43,买盘
2614,13:29:18,7.7,25405,33,买盘
2615,13:29:21,7.7,1540,2,买盘
2616,13:29:27,7.7,770,1,买盘
2617,13:29:30,7.7,130129,169,买盘
2618,13:29:33,7.7,18481,24,卖盘
2619,13:29:36,7.71,771,1,买盘
2620,13:29:39,7.7,46970,61,卖盘
2621,13:29:42,7.7,57750,75,卖盘
2622,13:29:45,7.7,53880,70,买盘
2623,13:29:51,7.7,66220,86,买盘
2624,13:29:54,7.7,33880,44,卖盘
2625,13:29:57,7.7,10010,13,卖盘
2626,13:30:03,7.71,6931,9,买盘
2627,13:30:06,7.7,770,1,卖盘
2628,13:30:09,7.7,6930,9,卖盘
2629,13:30:15,7.71,2313,3,买盘
2630,13:30:18,7.7,17710,23,卖盘
2631,13:30:21,7.7,3850,5,卖盘
2632,13:30:24,7.7,9240,12,卖盘
2633,13:30:27,7.7,130132,169,卖盘
2634,13:30:30,7.7,130130,169,卖盘
2635,13:30:33,7.7,80850,105,卖盘
2636,13:30:36,7.7,100870,131,卖盘
2637,13:30:45,7.69,25377,33,卖盘
2638,13:30:54,7.69,53091,69,卖盘
2639,13:30:57,7.7,193270,251,买盘
2640,13:31:00,7.7,8470,11,买盘
2641,13:31:06,7.69,13073,17,卖盘
2642,13:31:09,7.7,80850,105,买盘
2643,13:31:12,7.69,13073,17,卖盘
2644,13:31:15,7.7,2310,3,买盘
2645,13:31:21,7.69,769,1,卖盘
2646,13:31:24,7.7,79307,103,买盘
2647,13:31:27,7.7,20020,26,买盘
2648,13:31:30,7.69,8459,11,卖盘
2649,13:31:36,7.7,19250,25,买盘
2650,13:31:39,7.69,10766,14,卖盘
2651,13:31:51,7.69,16149,21,卖盘
2652,13:31:54,7.69,61520,80,卖盘
2653,13:32:00,7.7,150920,196,买盘
2654,13:32:03,7.69,11535,15,卖盘
2655,13:32:06,7.7,770,1,买盘
2656,13:32:12,7.7,2310,3,买盘
2657,13:32:15,7.7,3080,4,买盘
2658,13:32:21,7.7,4619,6,买盘
2659,13:32:24,7.7,5390,7,买盘
2660,13:32:30,7.69,7690,10,卖盘
2661,13:32:33,7.69,46140,60,卖盘
2662,13:32:36,7.7,106930,139,买盘
2663,13:32:45,7.7,3850,5,买盘
2664,13:32:48,7.7,10780,14,买盘
2665,13:33:00,7.7,11536,15,买盘
2666,13:33:03,7.69,33846,44,卖盘
2667,13:33:06,7.69,7690,10,卖盘
2668,13:33:12,7.69,14611,19,卖盘
2669,13:33:15,7.7,5390,7,买盘
2670,13:33:18,7.7,8470,11,买盘
2671,13:33:24,7.69,3845,5,卖盘
2672,13:33:30,7.7,770,1,买盘
2673,13:33:33,7.7,11550,15,买盘
2674,13:33:42,7.69,10766,14,卖盘
2675,13:33:45,7.69,86128,112,卖盘
2676,13:33:48,7.69,20764,27,卖盘
2677,13:33:51,7.7,770,1,买盘
2678,13:33:57,7.7,30800,40,买盘
2679,13:34:00,7.7,8460,11,买盘
2680,13:34:06,7.7,6930,9,买盘
2681,13:34:09,7.7,4620,6,买盘
2682,13:34:12,7.69,2307,3,卖盘
2683,13:34:15,7.69,13842,18,卖盘
2684,13:34:18,7.7,7700,10,买盘
2685,13:34:21,7.7,22330,29,买盘
2686,13:34:24,7.69,57675,75,卖盘
2687,13:34:27,7.7,5390,7,买盘
2688,13:34:30,7.7,1540,2,买盘
2689,13:34:33,7.7,770,1,买盘
2690,13:34:36,7.7,3850,5,买盘
2691,13:34:39,7.69,769,1,卖盘
2692,13:34:45,7.7,231000,300,买盘
2693,13:34:51,7.7,2310,3,买盘
2694,13:34:54,7.69,9228,12,卖盘
2695,13:34:57,7.69,114581,149,卖盘
2696,13:35:00,7.7,13075,17,买盘
2697,13:35:12,7.7,5390,7,买盘
2698,13:35:21,7.69,2307,3,卖盘
2699,13:35:24,7.7,434550,565,买盘
2700,13:35:30,7.7,5384,7,买盘
2701,13:35:33,7.7,64680,84,买盘
2702,13:35:39,7.7,22330,29,买盘
2703,13:35:42,7.69,385269,501,卖盘
2704,13:35:45,7.7,7700,10,买盘
2705,13:35:54,7.7,1540,2,买盘
2706,13:35:57,7.69,7696,10,卖盘
2707,13:36:00,7.7,78540,102,买盘
2708,13:36:03,7.7,5390,7,买盘
2709,13:36:06,7.7,1540,2,买盘
2710,13:36:12,7.7,15400,20,买盘
2711,13:36:18,7.7,3850,5,买盘
2712,13:36:21,7.7,3850,5,买盘
2713,13:36:24,7.7,1539,2,买盘
2714,13:36:27,7.7,10780,14,买盘
2715,13:36:30,7.7,5390,7,买盘
2716,13:36:33,7.7,478373,622,买盘
2717,13:36:36,7.7,30790,40,买盘
2718,13:36:39,7.7,15400,20,买盘
2719,13:36:42,7.7,57722,75,买盘
2720,13:36:48,7.69,62289,81,卖盘
2721,13:36:51,7.7,7700,10,买盘
2722,13:36:54,7.7,61600,80,买盘
2723,13:37:00,7.7,16170,21,买盘
2724,13:37:03,7.7,28490,37,买盘
2725,13:37:06,7.7,398088,517,买盘
2726,13:37:09,7.7,4620,6,买盘
2727,13:37:18,7.69,53061,69,卖盘
2728,13:37:21,7.7,9233,12,买盘
2729,13:37:27,7.69,131499,171,卖盘
2730,13:37:30,7.7,183814,239,买盘
2731,13:37:33,7.69,329132,428,卖盘
2732,13:37:36,7.69,64596,84,卖盘
2733,13:37:39,7.69,191481,249,卖盘
2734,13:37:42,7.69,1318514,1715,卖盘
2735,13:37:45,7.68,7680,10,卖盘
2736,13:37:48,7.68,99840,130,卖盘
2737,13:37:54,7.68,7680,10,卖盘
2738,13:37:57,7.68,13056,17,卖盘
2739,13:38:00,7.68,11520,15,卖盘
2740,13:38:03,7.68,4608,6,卖盘
2741,13:38:06,7.68,9216,12,卖盘
2742,13:38:15,7.68,15360,20,卖盘
2743,13:38:18,7.68,257280,335,卖盘
2744,13:38:27,7.68,125975,164,卖盘
2745,13:38:33,7.69,769,1,买盘
2746,13:38:36,7.69,16149,21,买盘
2747,13:38:39,7.68,76800,100,卖盘
2748,13:38:42,7.69,769,1,买盘
2749,13:38:45,7.68,7680,10,卖盘
2750,13:38:51,7.69,23070,30,买盘
2751,13:38:57,7.69,79107,103,买盘
2752,13:39:00,7.69,39988,52,买盘
2753,13:39:06,7.69,15365,20,买盘
2754,13:39:09,7.68,111380,145,卖盘
2755,13:39:12,7.68,9984,13,卖盘
2756,13:39:18,7.68,8448,11,卖盘
2757,13:39:21,7.68,3072,4,卖盘
2758,13:39:24,7.68,36864,48,卖盘
2759,13:39:27,7.68,768,1,卖盘
2760,13:39:39,7.68,1537,2,卖盘
2761,13:39:42,7.68,38430,50,卖盘
2762,13:39:48,7.68,33024,43,卖盘
2763,13:39:51,7.68,133632,174,卖盘
2764,13:39:54,7.69,769,1,买盘
2765,13:39:57,7.68,9989,13,卖盘
2766,13:40:00,7.68,152064,198,卖盘
2767,13:40:03,7.68,24586,32,卖盘
2768,13:40:09,7.68,7680,10,卖盘
2769,13:40:12,7.68,3072,4,卖盘
2770,13:40:18,7.68,768,1,卖盘
2771,13:40:24,7.68,33792,44,卖盘
2772,13:40:27,7.68,23808,31,卖盘
2773,13:40:30,7.68,115200,150,卖盘
2774,13:40:33,7.69,29953,39,买盘
2775,13:40:36,7.68,43776,57,卖盘
2776,13:40:39,7.68,19968,26,卖盘
2777,13:40:42,7.69,42290,55,买盘
2778,13:40:48,7.68,4608,6,卖盘
2779,13:40:51,7.68,23040,30,卖盘
2780,13:40:54,7.68,190464,248,卖盘
2781,13:40:57,7.68,1600512,2084,卖盘
2782,13:41:00,7.68,386304,503,卖盘
2783,13:41:03,7.68,22272,29,卖盘
2784,13:41:06,7.68,143616,187,卖盘
2785,13:41:09,7.68,20736,27,卖盘
2786,13:41:12,7.68,489216,637,卖盘
2787,13:41:15,7.68,50688,66,卖盘
2788,13:41:18,7.68,102917,134,卖盘
2789,13:41:21,7.68,155904,203,卖盘
2790,13:41:27,7.68,126720,165,卖盘
2791,13:41:30,7.68,19200,25,卖盘
2792,13:41:33,7.68,485976,632,卖盘
2793,13:41:39,7.68,19969,26,卖盘
2794,13:41:42,7.69,36107,47,买盘
2795,13:41:45,7.68,29952,39,卖盘
2796,13:41:48,7.69,769,1,买盘
2797,13:41:54,7.68,30720,40,卖盘
2798,13:41:57,7.68,307216,400,卖盘
2799,13:42:00,7.68,51400,67,买盘
2800,13:42:03,7.68,3840,5,买盘
2801,13:42:06,7.68,21504,28,买盘
2802,13:42:09,7.68,63710,83,买盘
2803,13:42:12,7.68,768,1,买盘
2804,13:42:18,7.68,131328,171,买盘
2805,13:42:21,7.68,768,1,买盘
2806,13:42:24,7.68,131178,171,买盘
2807,13:42:27,7.67,59118,77,卖盘
2808,13:42:30,7.68,26865,35,买盘
2809,13:42:33,7.67,115817,151,卖盘
2810,13:42:39,7.67,83603,109,卖盘
2811,13:42:42,7.67,17650,23,卖盘
2812,13:42:48,7.68,2304,3,买盘
2813,13:42:51,7.67,69030,90,卖盘
2814,13:42:54,7.67,38350,50,卖盘
2815,13:42:57,7.67,7670,10,卖盘
2816,13:43:00,7.67,41418,54,卖盘
2817,13:43:03,7.67,7670,10,卖盘
2818,13:43:06,7.67,10738,14,卖盘
2819,13:43:09,7.67,4602,6,卖盘
2820,13:43:12,7.67,2301,3,卖盘
2821,13:43:15,7.67,3835,5,卖盘
2822,13:43:18,7.67,767,1,卖盘
2823,13:43:21,7.67,57525,75,卖盘
2824,13:43:24,7.67,30680,40,卖盘
2825,13:43:27,7.67,76700,100,卖盘
2826,13:43:30,7.67,7670,10,卖盘
2827,13:43:33,7.67,20724,27,卖盘
2828,13:43:36,7.67,15340,20,卖盘
2829,13:43:39,7.67,11505,15,卖盘
2830,13:43:42,7.67,339781,443,卖盘
2831,13:43:45,7.67,53690,70,卖盘
2832,13:43:48,7.67,678795,885,卖盘
2833,13:43:51,7.67,128856,168,卖盘
2834,13:43:54,7.67,44486,58,卖盘
2835,13:43:57,7.67,9971,13,卖盘
2836,13:44:00,7.67,33748,44,卖盘
2837,13:44:03,7.67,49088,64,卖盘
2838,13:44:06,7.67,41418,54,卖盘
2839,13:44:09,7.68,417749,544,买盘
2840,13:44:12,7.67,105079,137,卖盘
2841,13:44:15,7.67,75933,99,卖盘
2842,13:44:18,7.67,138060,180,卖盘
2843,13:44:21,7.67,1534,2,买盘
2844,13:44:24,7.67,11505,15,买盘
2845,13:44:30,7.66,90495,118,卖盘
2846,13:44:33,7.66,9192,12,卖盘
2847,13:44:36,7.66,40598,53,卖盘
2848,13:44:42,7.67,9204,12,买盘
2849,13:44:45,7.66,38300,50,卖盘
2850,13:44:48,7.67,85893,112,买盘
2851,13:44:54,7.66,20682,27,卖盘
2852,13:44:57,7.67,119562,156,买盘
2853,13:45:00,7.67,96592,126,买盘
2854,13:45:03,7.66,45194,59,卖盘
2855,13:45:06,7.66,33709,44,卖盘
2856,13:45:09,7.67,250730,327,买盘
2857,13:45:12,7.67,30675,40,买盘
2858,13:45:15,7.67,13039,17,买盘
2859,13:45:18,7.67,118118,154,买盘
2860,13:45:21,7.67,3068,4,买盘
2861,13:45:24,7.67,38350,50,买盘
2862,13:45:27,7.67,4602,6,买盘
2863,13:45:30,7.66,202480,264,卖盘
2864,13:45:39,7.67,55224,72,卖盘
2865,13:45:42,7.67,767,1,卖盘
2866,13:45:45,7.67,36049,47,卖盘
2867,13:45:54,7.68,32216,42,买盘
2868,13:45:57,7.67,95875,125,卖盘
2869,13:46:00,7.68,165120,215,买盘
2870,13:46:03,7.68,77473,101,买盘
2871,13:46:06,7.67,30680,40,卖盘
2872,13:46:09,7.67,13806,18,卖盘
2873,13:46:12,7.67,287625,375,卖盘
2874,13:46:15,7.67,131785,172,买盘
2875,13:46:18,7.66,35262,46,卖盘
2876,13:46:21,7.67,108831,142,买盘
2877,13:46:24,7.66,12257,16,卖盘
2878,13:46:27,7.67,91973,120,买盘
2879,13:46:33,7.67,7670,10,买盘
2880,13:46:36,7.66,15330,20,卖盘
2881,13:46:39,7.67,89635,117,买盘
2882,13:46:42,7.66,33708,44,卖盘
2883,13:46:45,7.67,2301,3,买盘
2884,13:46:48,7.66,15320,20,卖盘
2885,13:46:51,7.66,19916,26,卖盘
2886,13:46:54,7.66,11495,15,卖盘
2887,13:47:03,7.67,75166,98,买盘
2888,13:47:09,7.66,94984,124,卖盘
2889,13:47:15,7.66,26051,34,卖盘
2890,13:47:18,7.66,37534,49,卖盘
2891,13:47:24,7.67,52116,68,买盘
2892,13:47:33,7.66,117964,154,卖盘
2893,13:47:36,7.66,103410,135,卖盘
2894,13:47:39,7.66,141710,185,卖盘
2895,13:47:42,7.66,54386,71,卖盘
2896,13:47:45,7.66,61280,80,卖盘
2897,13:47:48,7.67,23751,31,买盘
2898,13:47:51,7.66,107240,140,卖盘
2899,13:47:57,7.66,21448,28,卖盘
2900,13:48:00,7.66,7660,10,卖盘
2901,13:48:03,7.66,196862,257,卖盘
2902,13:48:06,7.67,9971,13,买盘
2903,13:48:12,7.67,29143,38,买盘
2904,13:48:15,7.66,94984,124,卖盘
2905,13:48:18,7.66,7662,10,卖盘
2906,13:48:21,7.66,23756,31,卖盘
2907,13:48:24,7.66,68174,89,卖盘
2908,13:48:27,7.66,37535,49,卖盘
2909,13:48:33,7.66,18384,24,卖盘
2910,13:48:36,7.67,22243,29,买盘
2911,13:48:45,7.67,13025,17,买盘
2912,13:48:48,7.66,29108,38,卖盘
2913,13:48:51,7.67,767,1,买盘
2914,13:48:57,7.66,18384,24,卖盘
2915,13:49:00,7.67,1534,2,买盘
2916,13:49:06,7.66,44428,58,卖盘
2917,13:49:09,7.66,9958,13,卖盘
2918,13:49:15,7.66,24512,32,卖盘
2919,13:49:18,7.67,21474,28,买盘
2920,13:49:27,7.66,76600,100,卖盘
2921,13:49:30,7.67,3068,4,买盘
2922,13:49:33,7.66,8426,11,卖盘
2923,13:49:36,7.66,11490,15,卖盘
2924,13:49:39,7.66,3066,4,卖盘
2925,13:49:42,7.67,7665,10,买盘
2926,13:49:45,7.66,25278,33,卖盘
2927,13:49:48,7.66,3830,5,卖盘
2928,13:49:51,7.66,16862,22,卖盘
2929,13:49:57,7.66,9958,13,卖盘
2930,13:50:00,7.66,46726,61,卖盘
2931,13:50:03,7.66,87327,114,卖盘
2932,13:50:06,7.66,766,1,卖盘
2933,13:50:09,7.67,3835,5,买盘
2934,13:50:12,7.67,17641,23,买盘
2935,13:50:15,7.67,9971,13,买盘
2936,13:50:18,7.66,300272,392,卖盘
2937,13:50:21,7.67,15340,20,买盘
2938,13:50:30,7.67,15340,20,买盘
2939,13:50:33,7.67,15326,20,买盘
2940,13:50:36,7.66,582160,760,卖盘
2941,13:50:39,7.66,22980,30,卖盘
2942,13:50:42,7.66,48296,63,卖盘
2943,13:50:45,7.66,14554,19,卖盘
2944,13:50:51,7.67,19155,25,买盘
2945,13:50:57,7.66,1532,2,卖盘
2946,13:51:03,7.66,4596,6,卖盘
2947,13:51:06,7.66,207586,271,卖盘
2948,13:51:09,7.67,3835,5,买盘
2949,13:51:12,7.66,7660,10,卖盘
2950,13:51:15,7.66,315892,412,卖盘
2951,13:51:21,7.66,77366,101,卖盘
2952,13:51:24,7.66,113500,148,卖盘
2953,13:51:27,7.66,37546,49,卖盘
2954,13:51:30,7.66,13788,18,卖盘
2955,13:51:33,7.66,6128,8,卖盘
2956,13:51:48,7.66,76600,100,卖盘
2957,13:51:51,7.66,1532,2,卖盘
2958,13:52:00,7.66,12256,16,卖盘
2959,13:52:03,7.67,76700,100,买盘
2960,13:52:06,7.66,11495,15,卖盘
2961,13:52:09,7.66,766,1,卖盘
2962,13:52:15,7.66,160860,210,卖盘
2963,13:52:24,7.66,7660,10,卖盘
2964,13:52:27,7.66,766,1,卖盘
2965,13:52:30,7.66,2298,3,卖盘
2966,13:52:33,7.66,77366,101,卖盘
2967,13:52:36,7.66,114182,149,卖盘
2968,13:52:42,7.66,3064,4,卖盘
2969,13:52:45,7.67,8427,11,买盘
2970,13:52:51,7.66,32938,43,卖盘
2971,13:52:54,7.66,96522,126,卖盘
2972,13:52:57,7.67,767,1,买盘
2973,13:53:00,7.66,29108,38,卖盘
2974,13:53:03,7.66,766,1,卖盘
2975,13:53:06,7.67,21476,28,买盘
2976,13:53:09,7.67,3835,5,买盘
2977,13:53:12,7.66,7660,10,卖盘
2978,13:53:15,7.67,15321,20,买盘
2979,13:53:21,7.66,100346,131,卖盘
2980,13:53:24,7.67,67496,88,买盘
2981,13:53:30,7.66,72798,95,卖盘
2982,13:53:33,7.67,16107,21,买盘
2983,13:53:36,7.67,23777,31,买盘
2984,13:53:39,7.66,68940,90,卖盘
2985,13:53:42,7.66,104285,136,卖盘
2986,13:54:06,7.66,8426,11,卖盘
2987,13:54:09,7.66,766,1,卖盘
2988,13:54:12,7.66,23763,31,卖盘
2989,13:54:15,7.66,6128,8,卖盘
2990,13:54:24,7.66,59748,78,卖盘
2991,13:54:27,7.67,16862,22,买盘
2992,13:54:30,7.66,2298,3,卖盘
2993,13:54:33,7.67,231334,302,买盘
2994,13:54:36,7.67,774665,1010,买盘
2995,13:54:39,7.67,3068,4,买盘
2996,13:54:45,7.66,23000,30,卖盘
2997,13:54:48,7.67,767,1,买盘
2998,13:54:51,7.67,178711,233,买盘
2999,13:54:54,7.67,37615,49,卖盘
3000,13:54:57,7.67,6136,8,卖盘
3001,13:55:00,7.67,23013,30,卖盘
3002,13:55:03,7.67,12272,16,卖盘
3003,13:55:09,7.67,36816,48,卖盘
3004,13:55:15,7.67,16874,22,卖盘
3005,13:55:21,7.67,29146,38,卖盘
3006,13:55:24,7.67,24565,32,卖盘
3007,13:55:27,7.68,3069,4,买盘
3008,13:55:33,7.67,383500,500,卖盘
3009,13:55:36,7.67,97429,127,卖盘
3010,13:55:39,7.67,13806,18,卖盘
3011,13:55:42,7.67,27612,36,卖盘
3012,13:55:45,7.67,70559,92,卖盘
3013,13:55:48,7.68,52934,69,买盘
3014,13:55:51,7.68,36076,47,买盘
3015,13:55:54,7.68,209664,273,买盘
3016,13:56:00,7.67,52923,69,卖盘
3017,13:56:03,7.67,107406,140,买盘
3018,13:56:06,7.68,6144,8,买盘
3019,13:56:12,7.68,28396,37,买盘
3020,13:56:18,7.68,4608,6,买盘
3021,13:56:21,7.68,112896,147,买盘
3022,13:56:30,7.68,768,1,买盘
3023,13:56:36,7.67,32981,43,卖盘
3024,13:56:39,7.67,6136,8,卖盘
3025,13:56:42,7.67,19175,25,卖盘
3026,13:56:45,7.67,7670,10,卖盘
3027,13:56:48,7.67,16874,22,卖盘
3028,13:56:54,7.67,46837,61,卖盘
3029,13:57:00,7.68,4608,6,买盘
3030,13:57:03,7.67,16122,21,卖盘
3031,13:57:06,7.68,2304,3,买盘
3032,13:57:21,7.67,9204,12,卖盘
3033,13:57:30,7.67,76700,100,卖盘
3034,13:57:33,7.68,8442,11,买盘
3035,13:57:36,7.68,2303,3,买盘
3036,13:57:39,7.67,107380,140,卖盘
3037,13:57:45,7.67,20709,27,卖盘
3038,13:57:51,7.67,1534,2,卖盘
3039,13:57:57,7.67,158196,206,卖盘
3040,13:58:00,7.68,39935,52,买盘
3041,13:58:06,7.68,12288,16,买盘
3042,13:58:15,7.68,768,1,买盘
3043,13:58:18,7.67,54457,71,卖盘
3044,13:58:21,7.68,258726,337,买盘
3045,13:58:24,7.67,3835,5,卖盘
3046,13:58:27,7.67,767,1,卖盘
3047,13:58:33,7.68,4608,6,买盘
3048,13:58:36,7.67,105846,138,卖盘
3049,13:58:45,7.68,16117,21,买盘
3050,13:58:48,7.68,76733,100,买盘
3051,13:58:51,7.67,15345,20,卖盘
3052,13:58:57,7.67,3835,5,卖盘
3053,13:59:00,7.68,10751,14,买盘
3054,13:59:15,7.67,12272,16,卖盘
3055,13:59:18,7.67,2301,3,卖盘
3056,13:59:21,7.68,22272,29,买盘
3057,13:59:30,7.68,1536,2,买盘
3058,13:59:33,7.68,23808,31,买盘
3059,13:59:36,7.67,36074,47,卖盘
3060,13:59:39,7.68,7680,10,买盘
3061,13:59:45,7.68,105216,137,买盘
3062,13:59:48,7.68,1536,2,买盘
3063,13:59:51,7.68,276478,360,买盘
3064,14:00:00,7.68,55720,73,卖盘
3065,14:00:03,7.68,2304,3,卖盘
3066,14:00:06,7.69,2307,3,买盘
3067,14:00:12,7.68,54528,71,卖盘
3068,14:00:15,7.69,26146,34,买盘
3069,14:00:24,7.69,6917,9,买盘
3070,14:00:30,7.69,5378,7,买盘
3071,14:00:33,7.69,185309,241,买盘
3072,14:00:39,7.69,81512,106,买盘
3073,14:00:42,7.69,1538,2,买盘
3074,14:00:45,7.69,3074,4,买盘
3075,14:00:48,7.69,25364,33,买盘
3076,14:00:51,7.69,769,1,买盘
3077,14:00:54,7.69,4614,6,买盘
3078,14:01:03,7.69,43833,57,买盘
3079,14:01:06,7.69,35374,46,买盘
3080,14:01:09,7.69,136882,178,买盘
3081,14:01:12,7.69,1538,2,买盘
3082,14:01:15,7.69,36143,47,买盘
3083,14:01:18,7.69,4614,6,买盘
3084,14:01:21,7.69,36912,48,买盘
3085,14:01:24,7.68,768,1,卖盘
3086,14:01:27,7.69,15380,20,买盘
3087,14:01:30,7.69,34605,45,买盘
3088,14:01:33,7.69,20759,27,买盘
3089,14:01:36,7.69,19225,25,买盘
3090,14:01:39,7.69,281785,366,买盘
3091,14:01:42,7.69,769,1,卖盘
3092,14:01:45,7.7,407273,529,买盘
3093,14:01:48,7.69,32298,42,卖盘
3094,14:01:51,7.7,770,1,买盘
3095,14:01:54,7.69,2307,3,卖盘
3096,14:02:03,7.69,9228,12,卖盘
3097,14:02:06,7.69,214553,279,卖盘
3098,14:02:09,7.69,20763,27,买盘
3099,14:02:12,7.69,169949,221,买盘
3100,14:02:18,7.69,25377,33,卖盘
3101,14:02:21,7.69,139300,181,卖盘
3102,14:02:24,7.7,15400,20,买盘
3103,14:02:30,7.7,49280,64,买盘
3104,14:02:39,7.7,38500,50,买盘
3105,14:02:42,7.69,769,1,卖盘
3106,14:02:45,7.7,33099,43,买盘
3107,14:02:57,7.7,2310,3,买盘
3108,14:03:03,7.7,7700,10,买盘
3109,14:03:09,7.69,158618,206,卖盘
3110,14:03:12,7.69,3845,5,卖盘
3111,14:03:15,7.7,7700,10,买盘
3112,14:03:18,7.69,30770,40,卖盘
3113,14:03:21,7.69,20773,27,卖盘
3114,14:03:24,7.69,9228,12,卖盘
3115,14:03:27,7.69,6921,9,卖盘
3116,14:03:30,7.69,40757,53,卖盘
3117,14:03:33,7.69,14611,19,卖盘
3118,14:03:36,7.69,18456,24,卖盘
3119,14:03:39,7.69,68441,89,卖盘
3120,14:03:42,7.7,196871,256,买盘
3121,14:03:45,7.69,210002,273,卖盘
3122,14:03:48,7.69,484284,630,卖盘
3123,14:03:51,7.69,10754,14,买盘
3124,14:03:54,7.69,13829,18,买盘
3125,14:03:57,7.69,119112,155,买盘
3126,14:04:00,7.69,6921,9,买盘
3127,14:04:03,7.69,43064,56,买盘
3128,14:04:09,7.69,310676,404,买盘
3129,14:04:12,7.69,44603,58,卖盘
3130,14:04:18,7.69,23070,30,买盘
3131,14:04:24,7.68,28450,37,卖盘
3132,14:04:27,7.69,66134,86,买盘
3133,14:04:39,7.69,18456,24,买盘
3134,14:04:42,7.69,769,1,买盘
3135,14:04:45,7.69,60713,79,买盘
3136,14:04:51,7.69,94587,123,买盘
3137,14:04:57,7.68,23040,30,卖盘
3138,14:05:03,7.69,13073,17,买盘
3139,14:05:09,7.69,76042,99,买盘
3140,14:05:12,7.69,1538,2,买盘
3141,14:05:18,7.69,130652,170,买盘
3142,14:05:21,7.68,13056,17,卖盘
3143,14:05:24,7.68,160691,209,卖盘
3144,14:05:30,7.69,2307,3,买盘
3145,14:05:33,7.69,47651,62,买盘
3146,14:05:36,7.69,15380,20,买盘
3147,14:05:42,7.69,23070,30,买盘
3148,14:05:48,7.69,25377,33,买盘
3149,14:05:51,7.69,5383,7,买盘
3150,14:05:54,7.68,6917,9,卖盘
3151,14:05:57,7.69,23070,30,买盘
3152,14:06:03,7.68,23050,30,卖盘
3153,14:06:09,7.69,21532,28,买盘
3154,14:06:12,7.69,173025,225,买盘
3155,14:06:15,7.69,6921,9,卖盘
3156,14:06:18,7.69,30760,40,卖盘
3157,14:06:21,7.69,20751,27,买盘
3158,14:06:24,7.68,13056,17,卖盘
3159,14:06:27,7.68,45312,59,卖盘
3160,14:06:42,7.68,56843,74,卖盘
3161,14:06:51,7.69,41496,54,买盘
3162,14:06:57,7.69,769,1,买盘
3163,14:07:06,7.69,769,1,买盘
3164,14:07:09,7.68,17664,23,卖盘
3165,14:07:15,7.69,13842,18,买盘
3166,14:07:18,7.68,34560,45,卖盘
3167,14:07:21,7.69,1538,2,买盘
3168,14:07:27,7.69,15380,20,买盘
3169,14:07:30,7.68,76800,100,卖盘
3170,14:07:33,7.69,70728,92,买盘
3171,14:07:36,7.68,3840,5,卖盘
3172,14:07:39,7.69,38450,50,买盘
3173,14:07:45,7.68,38400,50,卖盘
3174,14:07:48,7.69,769,1,买盘
3175,14:07:54,7.69,4614,6,买盘
3176,14:07:57,7.68,3075,4,卖盘
3177,14:08:03,7.69,215320,280,买盘
3178,14:08:15,7.69,372965,485,买盘
3179,14:08:18,7.68,11522,15,卖盘
3180,14:08:21,7.69,1538,2,买盘
3181,14:08:24,7.68,10761,14,卖盘
3182,14:08:30,7.68,26112,34,卖盘
3183,14:08:33,7.69,9992,13,买盘
3184,14:08:36,7.69,38450,50,买盘
3185,14:08:42,7.69,15380,20,买盘
3186,14:08:45,7.69,9228,12,买盘
3187,14:08:48,7.69,769,1,买盘
3188,14:08:51,7.68,3840,5,卖盘
3189,14:08:54,7.68,71424,93,卖盘
3190,14:09:00,7.69,83044,108,买盘
3191,14:09:03,7.69,29222,38,买盘
3192,14:09:06,7.69,24589,32,买盘
3193,14:09:09,7.69,6152,8,买盘
3194,14:09:15,7.68,142848,186,卖盘
3195,14:09:24,7.68,1536,2,卖盘
3196,14:09:27,7.69,7690,10,买盘
3197,14:09:45,7.68,213011,277,卖盘
3198,14:09:48,7.68,81408,106,卖盘
3199,14:09:51,7.68,33025,43,卖盘
3200,14:09:54,7.69,38435,50,买盘
3201,14:09:57,7.68,60672,79,卖盘
3202,14:10:00,7.68,85264,111,卖盘
3203,14:10:03,7.68,135168,176,卖盘
3204,14:10:09,7.68,50688,66,卖盘
3205,14:10:12,7.68,49158,64,卖盘
3206,14:10:15,7.68,117504,153,卖盘
3207,14:10:18,7.68,773381,1007,卖盘
3208,14:10:21,7.68,170546,222,卖盘
3209,14:10:24,7.68,9984,13,卖盘
3210,14:10:27,7.68,72192,94,卖盘
3211,14:10:30,7.68,56832,74,卖盘
3212,14:10:33,7.68,13824,18,卖盘
3213,14:10:36,7.68,13056,17,卖盘
3214,14:10:39,7.68,34560,45,卖盘
3215,14:10:42,7.68,48434,63,卖盘
3216,14:10:48,7.68,99840,130,卖盘
3217,14:10:51,7.68,85248,111,卖盘
3218,14:10:54,7.68,219654,286,卖盘
3219,14:10:57,7.68,2304,3,卖盘
3220,14:11:00,7.68,49920,65,卖盘
3221,14:11:03,7.68,152234,198,卖盘
3222,14:11:06,7.67,11508,15,卖盘
3223,14:11:09,7.68,10740,14,买盘
3224,14:11:12,7.67,16881,22,卖盘
3225,14:11:15,7.67,7670,10,卖盘
3226,14:11:27,7.67,84370,110,卖盘
3227,14:11:30,7.68,26880,35,买盘
3228,14:11:33,7.68,3072,4,买盘
3229,14:11:36,7.68,94464,123,买盘
3230,14:11:39,7.68,20736,27,买盘
3231,14:11:45,7.68,768,1,买盘
3232,14:11:48,7.68,3840,5,买盘
3233,14:11:51,7.68,15360,20,买盘
3234,14:11:54,7.68,13056,17,买盘
3235,14:11:57,7.67,11505,15,卖盘
3236,14:12:03,7.68,15360,20,买盘
3237,14:12:09,7.67,90506,118,卖盘
3238,14:12:18,7.67,23010,30,卖盘
3239,14:12:21,7.67,34515,45,卖盘
3240,14:12:24,7.67,767,1,卖盘
3241,14:12:27,7.67,3835,5,卖盘
3242,14:12:30,7.68,43721,57,买盘
3243,14:12:33,7.67,629190,820,卖盘
3244,14:12:39,7.67,6903,9,卖盘
3245,14:12:45,7.67,116584,152,卖盘
