,成交时间,成交价格,成交金额,成交量,性质
0,09:25:00,29.95,5834260,1948,卖盘
1,09:30:00,29.92,4583947,1531,卖盘
2,09:30:03,29.93,9546922,3191,买盘
3,09:30:06,29.94,2536364,847,买盘
4,09:30:09,29.95,7688473,2567,买盘
5,09:30:12,29.95,1488365,497,卖盘
6,09:30:15,29.99,596321,199,中性盘
7,09:30:18,29.95,1221161,407,中性盘
8,09:30:21,30.04,5037221,1679,买盘
9,09:30:24,30.04,570845,190,卖盘
10,09:30:27,30.06,396845,132,买盘
11,09:30:30,30.06,1611624,536,卖盘
12,09:30:33,30.07,878221,292,卖盘
13,09:30:36,30.08,1576213,524,买盘
14,09:30:39,30.11,1044344,347,买盘
15,09:30:42,30.13,1581010,525,买盘
16,09:30:45,30.1,1423665,473,卖盘
17,09:30:48,30.19,3515678,1167,买盘
18,09:30:51,30.2,165921,55,买盘
19,09:30:54,30.21,241517,80,买盘
20,09:30:57,30.19,945321,313,卖盘
21,09:31:00,30.18,1159268,384,卖盘
22,09:31:03,30.2,854436,283,买盘
23,09:31:06,30.17,491924,163,卖盘
24,09:31:09,30.16,1222043,405,卖盘
25,09:31:12,30.16,3533798,1171,卖盘
26,09:31:15,30.17,346964,115,中性盘
27,09:31:18,30.23,1824506,604,买盘
28,09:31:21,30.28,1086374,359,买盘
29,09:31:24,30.26,3231758,1068,卖盘
30,09:31:27,30.27,542218,179,中性盘
31,09:31:30,30.31,1320709,436,买盘
32,09:31:33,30.38,5524315,1821,买盘
33,09:31:36,30.34,1162881,383,卖盘
34,09:31:39,30.37,643705,212,买盘
35,09:31:42,30.34,1025796,338,卖盘
36,09:31:45,30.34,771157,254,卖盘
37,09:31:48,30.33,885520,292,卖盘
38,09:31:51,30.31,503234,166,卖盘
39,09:31:54,30.31,1531037,505,买盘
40,09:31:57,30.31,960782,317,卖盘
41,09:32:00,30.31,2649752,874,买盘
42,09:32:03,30.31,2962321,977,买盘
43,09:32:06,30.35,1452721,479,买盘
44,09:32:09,30.35,1252572,413,卖盘
45,09:32:12,30.37,2820656,929,买盘
46,09:32:15,30.39,3597907,1184,买盘
47,09:32:18,30.42,1469172,483,买盘
48,09:32:21,30.46,4133650,1357,买盘
49,09:32:24,30.53,8107872,2659,买盘
50,09:32:27,30.55,4428303,1450,买盘
51,09:32:30,30.53,2140422,701,卖盘
52,09:32:33,30.51,4158454,1362,卖盘
53,09:32:36,30.49,1881700,617,卖盘
54,09:32:39,30.5,698322,229,中性盘
55,09:32:42,30.5,1426875,468,买盘
56,09:32:45,30.49,1228754,403,卖盘
57,09:32:48,30.49,1731942,568,卖盘
58,09:32:51,30.47,1341310,440,卖盘
59,09:32:54,30.47,853319,280,卖盘
60,09:32:57,30.47,850390,279,卖盘
61,09:33:00,30.5,9494364,3113,买盘
62,09:33:03,30.53,3152070,1033,买盘
63,09:33:06,30.53,1172165,384,买盘
64,09:33:09,30.53,1141188,374,买盘
65,09:33:12,30.53,1850185,606,卖盘
66,09:33:15,30.53,2059767,675,买盘
67,09:33:18,30.49,1495251,490,卖盘
68,09:33:21,30.49,1795420,589,卖盘
69,09:33:24,30.49,716451,235,买盘
70,09:33:27,30.49,1337938,439,买盘
71,09:33:30,30.48,795257,261,中性盘
72,09:33:33,30.48,6996556,2294,卖盘
73,09:33:36,30.47,966300,317,卖盘
74,09:33:39,30.49,1237395,406,买盘
75,09:33:42,30.45,3713752,1219,卖盘
76,09:33:45,30.45,231444,76,买盘
77,09:33:48,30.44,572585,188,卖盘
78,09:33:51,30.44,651570,214,卖盘
79,09:33:54,30.44,992542,326,卖盘
80,09:33:57,30.47,3821950,1255,买盘
81,09:34:00,30.5,2841456,932,买盘
82,09:34:03,30.52,2025547,664,买盘
83,09:34:06,30.55,5112257,1674,买盘
84,09:34:09,30.55,2865415,938,买盘
85,09:34:12,30.56,1533755,502,买盘
86,09:34:15,30.54,843138,276,卖盘
87,09:34:18,30.57,2731771,894,买盘
88,09:34:21,30.54,986337,323,卖盘
89,09:34:24,30.56,879845,288,买盘
90,09:34:27,30.55,1291959,423,中性盘
91,09:34:30,30.55,1111843,364,买盘
92,09:34:33,30.55,1414231,463,买盘
93,09:34:36,30.54,1157532,379,买盘
94,09:34:39,30.51,842406,276,卖盘
95,09:34:42,30.52,1000905,328,买盘
96,09:34:45,30.51,497255,163,卖盘
97,09:34:48,30.51,1519619,498,卖盘
98,09:34:51,30.51,478929,157,买盘
99,09:34:54,30.5,1314569,431,卖盘
100,09:34:57,30.5,655750,215,买盘
101,09:35:00,30.51,3621544,1187,买盘
102,09:35:03,30.5,820276,269,中性盘
103,09:35:06,30.5,1287481,422,买盘
104,09:35:09,30.49,368932,121,卖盘
105,09:35:12,30.48,1817117,596,卖盘
106,09:35:15,30.47,627865,206,卖盘
107,09:35:18,30.48,259018,85,买盘
108,09:35:21,30.47,609405,200,买盘
109,09:35:24,30.47,2992330,982,买盘
110,09:35:27,30.48,981151,322,买盘
111,09:35:30,30.46,1078650,354,卖盘
112,09:35:33,30.46,983798,323,卖盘
113,09:35:36,30.46,1483632,487,卖盘
114,09:35:39,30.44,1105521,363,卖盘
115,09:35:42,30.46,1056614,347,买盘
116,09:35:45,30.45,1087173,357,卖盘
117,09:35:48,30.46,4042829,1327,买盘
118,09:35:51,30.45,2056292,675,卖盘
119,09:35:54,30.49,980912,322,买盘
120,09:35:57,30.47,609617,200,买盘
121,09:36:00,30.47,463195,152,卖盘
122,09:36:03,30.47,826058,271,卖盘
123,09:36:06,30.47,1109171,364,卖盘
124,09:36:09,30.47,1029902,338,卖盘
125,09:36:12,30.47,1151652,378,买盘
126,09:36:15,30.46,682416,224,卖盘
127,09:36:18,30.46,1282533,421,卖盘
128,09:36:21,30.45,1397940,459,卖盘
129,09:36:24,30.45,1063048,349,卖盘
130,09:36:27,30.45,1613618,530,卖盘
131,09:36:30,30.45,115697,38,买盘
132,09:36:33,30.44,1793334,589,卖盘
133,09:36:36,30.44,353110,116,卖盘
134,09:36:39,30.43,228252,75,卖盘
135,09:36:42,30.44,410828,135,买盘
136,09:36:45,30.43,377331,124,卖盘
137,09:36:48,30.43,359072,118,买盘
138,09:36:51,30.42,425905,140,卖盘
139,09:36:54,30.41,252511,83,卖盘
140,09:36:57,30.41,678143,223,卖盘
141,09:37:00,30.39,629263,207,卖盘
142,09:37:03,30.4,340374,112,买盘
143,09:37:06,30.42,3049780,1003,买盘
144,09:37:09,30.43,1736132,571,买盘
145,09:37:12,30.42,836399,275,中性盘
146,09:37:15,30.44,656192,216,买盘
147,09:37:18,30.43,1933870,635,卖盘
148,09:37:21,30.45,2177064,715,买盘
149,09:37:24,30.45,655161,215,卖盘
150,09:37:27,30.48,755372,248,买盘
151,09:37:30,30.48,2426925,796,卖盘
152,09:37:33,30.5,2135103,700,买盘
153,09:37:36,30.5,167774,55,卖盘
154,09:37:39,30.5,545967,179,卖盘
155,09:37:42,30.51,637550,209,买盘
156,09:37:45,30.51,1033767,339,买盘
157,09:37:48,30.51,640617,210,买盘
158,09:37:51,30.51,451564,148,买盘
159,09:37:54,30.51,524774,172,卖盘
160,09:37:57,30.49,484932,159,卖盘
161,09:38:00,30.47,835366,274,卖盘
162,09:38:03,30.48,338265,111,中性盘
163,09:38:06,30.49,371864,122,买盘
164,09:38:09,30.46,676599,222,卖盘
165,09:38:12,30.48,341468,112,中性盘
166,09:38:15,30.48,1003105,329,卖盘
167,09:38:18,30.49,384170,126,买盘
168,09:38:21,30.5,1219811,400,买盘
169,09:38:24,30.51,1363099,447,买盘
170,09:38:27,30.5,228783,75,卖盘
171,09:38:30,30.5,899775,295,卖盘
172,09:38:33,30.5,182998,60,买盘
173,09:38:36,30.49,924091,303,卖盘
174,09:38:39,30.51,2906725,953,买盘
175,09:38:42,30.51,1519607,498,卖盘
176,09:38:45,30.51,2441334,800,卖盘
177,09:38:48,30.51,512726,168,卖盘
178,09:38:51,30.51,476018,156,卖盘
179,09:38:54,30.51,283740,93,买盘
180,09:38:57,30.51,424056,139,买盘
181,09:39:00,30.5,850980,279,卖盘
182,09:39:03,30.5,600800,197,买盘
183,09:39:06,30.53,4714811,1545,买盘
184,09:39:09,30.5,649805,213,卖盘
185,09:39:12,30.5,515450,169,卖盘
186,09:39:15,30.5,189143,62,卖盘
187,09:39:18,30.5,2610039,856,卖盘
188,09:39:21,30.5,152500,50,买盘
189,09:39:24,30.5,548787,180,买盘
190,09:39:27,30.5,1790306,587,买盘
191,09:39:30,30.49,45736,15,卖盘
192,09:39:33,30.48,1384466,454,卖盘
193,09:39:36,30.48,1335452,438,卖盘
194,09:39:39,30.48,76196,25,买盘
195,09:39:42,30.47,737504,242,卖盘
196,09:39:45,30.49,636953,209,买盘
197,09:39:48,30.48,725603,238,卖盘
198,09:39:51,30.49,134123,44,买盘
199,09:39:54,30.49,1134146,372,买盘
200,09:39:57,30.49,542722,178,卖盘
201,09:40:00,30.49,250053,82,卖盘
202,09:40:03,30.49,756090,248,卖盘
203,09:40:06,30.49,1405956,461,卖盘
204,09:40:09,30.48,896155,294,卖盘
205,09:40:12,30.49,420747,138,买盘
206,09:40:15,30.48,838456,275,卖盘
207,09:40:18,30.47,304797,100,卖盘
208,09:40:21,30.49,3958319,1298,买盘
209,09:40:24,30.5,530645,174,买盘
210,09:40:27,30.49,277475,91,卖盘
211,09:40:30,30.49,198215,65,卖盘
212,09:40:33,30.5,1049090,344,买盘
213,09:40:36,30.5,250085,82,卖盘
214,09:40:39,30.49,216521,71,卖盘
215,09:40:42,30.49,616128,202,卖盘
216,09:40:45,30.5,274465,90,买盘
217,09:40:48,30.5,469588,154,买盘
218,09:40:51,30.5,353763,116,买盘
219,09:40:54,30.49,320191,105,卖盘
220,09:40:57,30.49,445154,146,买盘
221,09:41:00,30.49,118875,39,买盘
222,09:41:03,30.49,3604383,1183,买盘
223,09:41:06,30.46,76163,25,中性盘
224,09:41:09,30.45,819837,269,中性盘
225,09:41:12,30.45,316842,104,卖盘
226,09:41:15,30.48,889251,292,买盘
227,09:41:18,30.45,1692869,556,卖盘
228,09:41:21,30.48,371709,122,买盘
229,09:41:24,30.46,441853,145,卖盘
230,09:41:27,30.45,423455,139,卖盘
231,09:41:30,30.45,460035,151,卖盘
232,09:41:33,30.45,228487,75,卖盘
233,09:41:36,30.45,475066,156,卖盘
234,09:41:39,30.5,8732119,2864,买盘
235,09:41:42,30.5,2009658,659,卖盘
236,09:41:45,30.5,362905,119,卖盘
237,09:41:48,30.5,338452,111,买盘
238,09:41:51,30.49,253099,83,卖盘
239,09:41:54,30.49,149397,49,买盘
240,09:41:57,30.47,411444,135,卖盘
241,09:42:00,30.47,67066,22,卖盘
242,09:42:03,30.48,124941,41,买盘
243,09:42:06,30.48,252904,83,买盘
244,09:42:09,30.48,414416,136,买盘
245,09:42:12,30.47,204152,67,中性盘
246,09:42:15,30.47,191940,63,买盘
247,09:42:18,30.48,515045,169,买盘
248,09:42:21,30.46,389989,128,卖盘
249,09:42:24,30.47,292504,96,买盘
250,09:42:27,30.46,18276,6,卖盘
251,09:42:30,30.46,191942,63,卖盘
252,09:42:33,30.46,389953,128,卖盘
253,09:42:36,30.46,1063054,349,卖盘
254,09:42:39,30.46,54813,18,买盘
255,09:42:42,30.45,115726,38,卖盘
256,09:42:45,30.45,298423,98,卖盘
257,09:42:48,30.45,79164,26,买盘
258,09:42:51,30.44,389602,128,卖盘
259,09:42:54,30.44,188672,62,买盘
260,09:42:57,30.44,2024113,665,买盘
261,09:43:00,30.43,1789816,588,中性盘
262,09:43:03,30.43,819026,269,卖盘
263,09:43:06,30.46,1498321,492,买盘
264,09:43:09,30.46,1203552,395,卖盘
265,09:43:12,30.48,603434,198,买盘
266,09:43:15,30.47,124954,41,卖盘
267,09:43:18,30.49,295670,97,买盘
268,09:43:21,30.49,2543038,834,买盘
269,09:43:24,30.49,359786,118,卖盘
270,09:43:27,30.5,277496,91,买盘
271,09:43:30,30.49,1225760,402,卖盘
272,09:43:33,30.49,161593,53,买盘
273,09:43:36,30.49,917720,301,买盘
274,09:43:39,30.49,234802,77,买盘
275,09:43:42,30.48,868942,285,卖盘
276,09:43:45,30.49,426862,140,中性盘
277,09:43:48,30.48,317082,104,卖盘
278,09:43:51,30.48,551834,181,卖盘
279,09:43:54,30.48,582190,191,卖盘
280,09:43:57,30.45,855896,281,卖盘
281,09:44:00,30.44,91346,30,卖盘
282,09:44:03,30.44,916402,301,卖盘
283,09:44:06,30.44,161335,53,买盘
284,09:44:09,30.43,1187184,390,卖盘
285,09:44:12,30.44,252651,83,买盘
286,09:44:15,30.43,496003,163,卖盘
287,09:44:18,30.42,36509,12,卖盘
288,09:44:21,30.42,824380,271,卖盘
289,09:44:24,30.41,79100,26,卖盘
290,09:44:27,30.41,730043,240,卖盘
291,09:44:30,30.41,857565,282,卖盘
292,09:44:33,30.41,2171755,714,卖盘
293,09:44:36,30.4,997101,328,卖盘
294,09:44:39,30.4,85114,28,买盘
295,09:44:42,30.4,267457,88,买盘
296,09:44:45,30.39,364740,120,卖盘
297,09:44:48,30.38,264344,87,卖盘
298,09:44:51,30.38,1096796,361,卖盘
299,09:44:54,30.38,4820302,1588,买盘
300,09:44:57,30.38,1455138,479,买盘
301,09:45:00,30.37,625667,206,卖盘
302,09:45:03,30.34,333934,110,卖盘
303,09:45:06,30.32,539929,178,卖盘
304,09:45:09,30.32,330512,109,卖盘
305,09:45:12,30.31,751735,248,卖盘
306,09:45:15,30.31,2103171,694,卖盘
307,09:45:18,30.31,2003444,661,买盘
308,09:45:21,30.31,2876797,949,买盘
309,09:45:24,30.33,1046400,345,买盘
310,09:45:27,30.37,931652,307,买盘
311,09:45:30,30.34,743432,245,中性盘
312,09:45:33,30.37,491600,162,买盘
313,09:45:36,30.37,245921,81,买盘
314,09:45:39,30.35,321813,106,卖盘
315,09:45:42,30.37,971144,320,买盘
316,09:45:45,30.35,157896,52,卖盘
317,09:45:48,30.36,221562,73,中性盘
318,09:45:51,30.36,367253,121,买盘
319,09:45:54,30.35,409645,135,卖盘
320,09:45:57,30.33,324666,107,卖盘
321,09:46:00,30.33,315457,104,卖盘
322,09:46:03,30.33,582370,192,卖盘
323,09:46:06,30.33,357863,118,买盘
324,09:46:09,30.32,1100620,363,卖盘
325,09:46:12,30.32,345649,114,卖盘
326,09:46:15,30.31,224317,74,卖盘
327,09:46:18,30.31,1100321,363,卖盘
328,09:46:21,30.31,351606,116,卖盘
329,09:46:24,30.31,121217,40,买盘
330,09:46:27,30.3,433331,143,卖盘
331,09:46:30,30.3,139346,46,买盘
332,09:46:33,30.29,1514976,500,卖盘
333,09:46:36,30.34,5389368,1778,买盘
334,09:46:39,30.34,739694,244,买盘
335,09:46:42,30.34,864555,285,买盘
336,09:46:45,30.34,206315,68,卖盘
337,09:46:48,30.33,333636,110,卖盘
338,09:46:51,30.34,257793,85,买盘
339,09:46:54,30.3,536512,177,卖盘
340,09:46:57,30.32,24250,8,买盘
341,09:47:00,30.3,1587795,524,卖盘
342,09:47:03,30.31,251591,83,中性盘
343,09:47:06,30.3,318160,105,卖盘
344,09:47:09,30.32,1076299,355,买盘
345,09:47:12,30.31,430410,142,卖盘
346,09:47:15,30.32,366761,121,中性盘
347,09:47:18,30.32,442693,146,买盘
348,09:47:21,30.32,570093,188,卖盘
349,09:47:24,30.34,861563,284,买盘
350,09:47:27,30.33,488385,161,卖盘
351,09:47:30,30.34,103142,34,买盘
352,09:47:33,30.34,148672,49,买盘
353,09:47:36,30.33,194153,64,卖盘
354,09:47:39,30.33,1731575,571,卖盘
355,09:47:42,30.33,72792,24,买盘
356,09:47:45,30.33,100082,33,买盘
357,09:47:48,30.34,133457,44,买盘
358,09:47:51,30.34,388291,128,买盘
359,09:47:54,30.34,81918,27,卖盘
360,09:47:57,30.35,172967,57,买盘
361,09:48:00,30.34,200251,66,卖盘
362,09:48:03,30.34,121380,40,卖盘
363,09:48:06,30.35,512884,169,买盘
364,09:48:09,30.34,166896,55,卖盘
365,09:48:12,30.35,549341,181,买盘
366,09:48:15,30.35,391518,129,卖盘
367,09:48:18,30.36,497741,164,买盘
368,09:48:21,30.35,127470,42,卖盘
369,09:48:24,30.35,166925,55,买盘
370,09:48:27,30.35,69805,23,卖盘
371,09:48:30,30.35,185116,61,卖盘
372,09:48:33,30.35,315640,104,买盘
373,09:48:36,30.35,263986,87,中性盘
374,09:48:39,30.35,81930,27,买盘
375,09:48:42,30.34,48547,16,卖盘
376,09:48:45,30.35,312611,103,买盘
377,09:48:48,30.35,734442,242,卖盘
378,09:48:51,30.35,233710,77,中性盘
379,09:48:54,30.34,84971,28,卖盘
380,09:48:57,30.36,200264,66,买盘
381,09:49:00,30.34,342891,113,卖盘
382,09:49:03,30.33,63701,21,卖盘
383,09:49:06,30.35,233637,77,买盘
384,09:49:09,30.32,1440653,475,卖盘
385,09:49:12,30.35,1259165,415,买盘
386,09:49:15,30.34,436907,144,卖盘
387,09:49:18,30.34,306434,101,卖盘
388,09:49:21,30.34,188108,62,买盘
389,09:49:24,30.33,78864,26,卖盘
390,09:49:27,30.34,87965,29,买盘
391,09:49:30,30.33,9099,3,买盘
392,09:49:33,30.33,291159,96,买盘
393,09:49:36,30.33,415443,137,买盘
394,09:49:39,30.32,521574,172,卖盘
395,09:49:42,30.33,552006,182,买盘
396,09:49:45,30.33,148617,49,卖盘
397,09:49:48,30.33,197145,65,卖盘
398,09:49:51,30.33,327621,108,买盘
399,09:49:54,30.32,184999,61,卖盘
400,09:49:57,30.32,197117,65,卖盘
401,09:50:00,30.32,294161,97,卖盘
402,09:50:03,30.33,336554,111,买盘
403,09:50:06,30.31,160707,53,卖盘
404,09:50:09,30.32,166749,55,买盘
405,09:50:12,30.31,242489,80,卖盘
406,09:50:15,30.31,1439581,475,卖盘
407,09:50:18,30.32,381957,126,买盘
408,09:50:21,30.31,87897,29,买盘
409,09:50:24,30.3,84845,28,卖盘
410,09:50:27,30.3,1721086,568,卖盘
411,09:50:30,30.3,1057508,349,卖盘
412,09:50:33,30.3,377172,124,卖盘
413,09:50:36,30.29,27263,9,卖盘
414,09:50:39,30.29,595260,197,卖盘
415,09:50:42,30.28,463423,153,卖盘
416,09:50:45,30.28,654051,216,卖盘
417,09:50:48,30.27,460113,152,卖盘
418,09:50:51,30.26,139249,46,卖盘
419,09:50:54,30.26,514520,170,卖盘
420,09:50:57,30.27,1595040,527,买盘
421,09:51:00,30.27,1280387,423,卖盘
422,09:51:03,30.26,520549,172,卖盘
423,09:51:06,30.26,251207,83,卖盘
424,09:51:09,30.27,559842,185,买盘
425,09:51:12,30.26,278459,92,卖盘
426,09:51:15,30.27,587173,194,买盘
427,09:51:18,30.26,196700,65,卖盘
428,09:51:21,30.26,947192,313,卖盘
429,09:51:24,30.26,202729,67,买盘
430,09:51:27,30.26,798805,264,买盘
431,09:51:30,30.26,396484,131,卖盘
432,09:51:33,30.26,868490,287,买盘
433,09:51:36,30.28,2749832,909,买盘
434,09:51:39,30.27,301178,99,卖盘
435,09:51:42,30.27,284638,94,卖盘
436,09:51:45,30.27,145319,48,卖盘
437,09:51:48,30.27,1522183,503,买盘
438,09:51:51,30.27,136191,45,中性盘
439,09:51:54,30.26,266438,88,卖盘
440,09:51:57,30.27,257290,85,中性盘
441,09:52:00,30.3,1150104,380,买盘
442,09:52:03,30.31,645333,213,买盘
443,09:52:06,30.31,384941,127,买盘
444,09:52:09,30.31,269672,89,卖盘
445,09:52:12,30.31,903499,298,卖盘
446,09:52:15,30.31,81833,27,买盘
447,09:52:18,30.3,196971,65,卖盘
448,09:52:21,30.29,121201,40,卖盘
449,09:52:24,30.3,521161,172,买盘
450,09:52:27,30.3,642564,212,卖盘
451,09:52:30,30.31,697067,230,中性盘
452,09:52:33,30.33,160715,53,买盘
453,09:52:36,30.3,979181,323,卖盘
454,09:52:39,30.33,115202,38,买盘
455,09:52:42,30.32,81884,27,中性盘
456,09:52:45,30.31,321319,106,卖盘
457,09:52:48,30.31,445574,147,卖盘
458,09:52:51,30.31,118207,39,买盘
459,09:52:54,30.3,700071,231,卖盘
460,09:52:57,30.3,160583,53,买盘
461,09:53:00,30.31,381774,126,买盘
462,09:53:03,30.31,378839,125,买盘
463,09:53:06,30.3,342378,113,卖盘
464,09:53:09,30.3,60600,20,买盘
465,09:53:12,30.31,242402,80,买盘
466,09:53:15,30.3,309066,102,卖盘
467,09:53:18,30.3,87870,29,卖盘
468,09:53:21,30.3,66657,22,买盘
469,09:53:24,30.3,290880,96,买盘
470,09:53:27,30.3,496941,164,买盘
471,09:53:30,30.3,172736,57,卖盘
472,09:53:33,30.31,324228,107,买盘
473,09:53:36,30.31,421266,139,买盘
474,09:53:39,30.3,90917,30,卖盘
475,09:53:42,30.31,84850,28,买盘
476,09:53:45,30.31,5925293,1956,卖盘
477,09:53:48,30.31,193985,64,卖盘
478,09:53:51,30.32,357730,118,买盘
479,09:53:54,30.32,184940,61,买盘
480,09:53:57,30.32,257696,85,买盘
481,09:54:00,30.32,100035,33,买盘
482,09:54:03,30.33,579104,191,买盘
483,09:54:06,30.33,57613,19,买盘
484,09:54:09,30.33,191049,63,买盘
485,09:54:12,30.33,175880,58,买盘
486,09:54:15,30.33,51561,17,卖盘
487,09:54:18,30.34,48537,16,买盘
488,09:54:21,30.33,285118,94,卖盘
489,09:54:24,30.33,3033,1,卖盘
490,09:54:27,30.34,139559,46,买盘
491,09:54:30,30.33,178951,59,卖盘
492,09:54:33,30.33,321489,106,买盘
493,09:54:36,30.33,12132,4,买盘
494,09:54:39,30.33,121316,40,买盘
495,09:54:42,30.33,75825,25,买盘
496,09:54:45,30.32,151626,50,卖盘
497,09:54:48,30.32,191032,63,卖盘
498,09:54:51,30.33,30325,10,买盘
499,09:54:54,30.3,700466,231,卖盘
500,09:54:57,30.32,45482,15,卖盘
501,09:55:00,30.31,169744,56,卖盘
502,09:55:03,30.31,51528,17,卖盘
503,09:55:06,30.32,130346,43,买盘
504,09:55:09,30.31,209167,69,中性盘
505,09:55:12,30.31,72752,24,中性盘
506,09:55:15,30.32,42442,14,买盘
507,09:55:18,30.29,696430,230,卖盘
508,09:55:21,30.28,78745,26,卖盘
509,09:55:24,30.29,27257,9,买盘
510,09:55:27,30.29,611884,202,买盘
511,09:55:30,30.29,45424,15,买盘
512,09:55:33,30.29,284739,94,买盘
513,09:55:36,30.28,348307,115,卖盘
514,09:55:39,30.29,90843,30,买盘
515,09:55:42,30.29,221072,73,买盘
516,09:55:45,30.28,233223,77,卖盘
517,09:55:48,30.28,208938,69,卖盘
518,09:55:51,30.28,224071,74,买盘
519,09:55:54,30.27,211905,70,卖盘
520,09:55:57,30.27,1365672,451,卖盘
521,09:56:00,30.27,1390138,459,卖盘
522,09:56:03,30.29,93870,31,买盘
523,09:56:06,30.27,535898,177,卖盘
524,09:56:09,30.28,42404,14,卖盘
525,09:56:12,30.29,284635,94,买盘
526,09:56:15,30.27,853630,282,卖盘
527,09:56:18,30.27,366207,121,买盘
528,09:56:21,30.26,496397,164,卖盘
529,09:56:24,30.26,111963,37,卖盘
530,09:56:27,30.26,211808,70,买盘
531,09:56:30,30.26,133138,44,卖盘
532,09:56:33,30.26,178484,59,中性盘
533,09:56:36,30.25,544578,180,卖盘
534,09:56:39,30.25,63525,21,买盘
535,09:56:42,30.24,229849,76,卖盘
536,09:56:45,30.24,417268,138,卖盘
537,09:56:48,30.24,69552,23,买盘
538,09:56:51,30.23,278172,92,卖盘
539,09:56:54,30.23,269068,89,卖盘
540,09:56:57,30.23,538038,178,买盘
541,09:57:00,30.22,57423,19,卖盘
542,09:57:03,30.22,459345,152,卖盘
543,09:57:06,30.22,2887406,956,买盘
544,09:57:09,30.2,389613,129,卖盘
545,09:57:12,30.21,344282,114,买盘
546,09:57:15,30.2,193324,64,卖盘
547,09:57:18,30.18,2916843,966,卖盘
548,09:57:21,30.19,706311,234,买盘
549,09:57:24,30.2,229521,76,买盘
550,09:57:27,30.19,211331,70,卖盘
551,09:57:30,30.19,96608,32,买盘
552,09:57:33,30.19,458790,152,买盘
553,09:57:36,30.19,172100,57,卖盘
554,09:57:39,30.19,84528,28,卖盘
555,09:57:42,30.18,341106,113,卖盘
556,09:57:45,30.18,144884,48,卖盘
557,09:57:48,30.19,467900,155,买盘
558,09:57:51,30.19,398393,132,买盘
559,09:57:54,30.18,449692,149,卖盘
560,09:57:57,30.17,295683,98,卖盘
561,09:58:00,30.17,576239,191,卖盘
562,09:58:03,30.17,702769,233,买盘
563,09:58:06,30.19,3208123,1063,买盘
564,09:58:09,30.19,347273,115,卖盘
565,09:58:12,30.19,135843,45,卖盘
566,09:58:15,30.19,766896,254,买盘
567,09:58:18,30.19,223423,74,买盘
568,09:58:21,30.2,401528,133,买盘
569,09:58:24,30.21,969482,321,买盘
570,09:58:27,30.22,1492915,494,买盘
571,09:58:30,30.22,577200,191,卖盘
572,09:58:33,30.22,1111811,368,卖盘
573,09:58:36,30.22,244767,81,买盘
574,09:58:39,30.22,78572,26,买盘
575,09:58:42,30.22,389771,129,买盘
576,09:58:45,30.22,199433,66,买盘
577,09:58:48,30.22,341483,113,买盘
578,09:58:51,30.21,562069,186,卖盘
579,09:58:54,30.22,546706,181,买盘
580,09:58:57,30.23,208522,69,买盘
581,09:59:00,30.23,244884,81,卖盘
582,09:59:03,30.24,96761,32,买盘
583,09:59:06,30.24,574455,190,卖盘
584,09:59:09,30.24,272183,90,买盘
585,09:59:12,30.24,290274,96,中性盘
586,09:59:15,30.23,329558,109,卖盘
587,09:59:18,30.25,45362,15,买盘
588,09:59:21,30.24,78624,26,卖盘
589,09:59:24,30.24,798387,264,卖盘
590,09:59:27,30.24,21164,7,中性盘
591,09:59:30,30.24,75613,25,中性盘
592,09:59:33,30.25,102824,34,买盘
593,09:59:36,30.25,169377,56,买盘
594,09:59:39,30.25,223843,74,买盘
595,09:59:42,30.24,45363,15,卖盘
596,09:59:45,30.24,111888,37,卖盘
597,09:59:48,30.24,925042,306,买盘
598,09:59:51,30.24,54428,18,买盘
599,09:59:54,30.23,102773,34,中性盘
600,09:59:57,30.22,123938,41,卖盘
601,10:00:00,30.22,643686,213,卖盘
602,10:00:03,30.21,356901,118,卖盘
603,10:00:06,30.22,184342,61,买盘
604,10:00:09,30.21,356138,118,卖盘
605,10:00:12,30.2,96642,32,卖盘
606,10:00:15,30.2,665006,220,卖盘
607,10:00:21,30.2,214470,71,卖盘
608,10:00:24,30.21,353375,117,买盘
609,10:00:27,30.22,53986,18,买盘
610,10:00:30,30.21,462620,153,卖盘
611,10:00:33,30.21,247310,82,买盘
612,10:00:36,30.21,75523,25,卖盘
613,10:00:39,30.2,706813,234,卖盘
614,10:00:42,30.21,184279,61,买盘
615,10:00:45,30.21,78532,26,买盘
616,10:00:48,30.2,746352,247,卖盘
617,10:00:51,30.2,93605,31,买盘
618,10:00:54,30.2,198950,66,买盘
619,10:00:57,30.21,223526,74,买盘
620,10:01:00,30.21,75524,25,买盘
621,10:01:03,30.2,235944,78,卖盘
622,10:01:06,30.2,334820,111,买盘
623,10:01:09,30.21,157074,52,买盘
624,10:01:12,30.22,746234,247,买盘
625,10:01:15,30.23,18138,6,买盘
626,10:01:18,30.23,138989,46,买盘
627,10:01:21,30.23,108824,36,买盘
628,10:01:24,30.21,311167,103,卖盘
629,10:01:27,30.22,36256,12,买盘
630,10:01:30,30.22,302161,100,买盘
631,10:01:33,30.22,290092,96,买盘
632,10:01:36,30.21,120857,40,卖盘
633,10:01:39,30.21,178253,59,卖盘
634,10:01:42,30.22,30218,10,买盘
635,10:01:45,30.21,111801,37,卖盘
636,10:01:48,30.22,670744,222,买盘
637,10:01:51,30.22,27194,9,买盘
638,10:01:54,30.22,175276,58,买盘
639,10:01:57,30.22,27198,9,买盘
640,10:02:00,30.22,169202,56,买盘
641,10:02:03,30.22,743399,246,买盘
642,10:02:06,30.21,362546,120,卖盘
643,10:02:09,30.21,244701,81,卖盘
644,10:02:12,30.21,489323,162,买盘
645,10:02:15,30.2,3281831,1087,卖盘
646,10:02:18,30.21,87596,29,买盘
647,10:02:21,30.19,6038,2,中性盘
648,10:02:24,30.2,135844,45,买盘
649,10:02:27,30.18,66397,22,卖盘
650,10:02:30,30.19,105646,35,买盘
651,10:02:33,30.17,829767,275,卖盘
652,10:02:36,30.18,48288,16,买盘
653,10:02:39,30.17,57333,19,卖盘
654,10:02:42,30.17,359047,119,卖盘
655,10:02:45,30.17,736181,244,卖盘
656,10:02:48,30.17,781430,259,卖盘
657,10:02:51,30.17,171974,57,卖盘
658,10:02:54,30.16,147795,49,卖盘
659,10:02:57,30.16,232278,77,卖盘
660,10:03:00,30.16,277476,92,卖盘
661,10:03:03,30.16,726847,241,卖盘
662,10:03:06,30.16,1073727,356,卖盘
663,10:03:09,30.17,370965,123,买盘
664,10:03:12,30.17,567183,188,买盘
665,10:03:15,30.17,340887,113,卖盘
666,10:03:18,30.17,244338,81,买盘
667,10:03:21,30.16,265496,88,卖盘
668,10:03:24,30.17,156898,52,卖盘
669,10:03:27,30.18,419418,139,买盘
670,10:03:30,30.19,144891,48,买盘
671,10:03:33,30.18,84508,28,卖盘
672,10:03:36,30.19,63397,21,买盘
673,10:03:39,30.19,205284,68,买盘
674,10:03:42,30.19,42266,14,卖盘
675,10:03:45,30.19,220415,73,卖盘
676,10:03:48,30.2,114734,38,买盘
677,10:03:51,30.2,66435,22,买盘
678,10:03:54,30.19,196241,65,卖盘
679,10:03:57,30.2,664432,220,买盘
680,10:04:00,30.2,120761,40,买盘
681,10:04:03,30.2,123813,41,买盘
682,10:04:06,30.2,302004,100,卖盘
683,10:04:09,30.2,60400,20,卖盘
684,10:04:12,30.21,274854,91,买盘
685,10:04:15,30.21,87592,29,买盘
686,10:04:18,30.2,102691,34,卖盘
687,10:04:21,30.2,398642,132,卖盘
688,10:04:24,30.21,117794,39,买盘
689,10:04:27,30.2,87580,29,卖盘
690,10:04:30,30.22,800148,265,买盘
691,10:04:33,30.21,141987,47,卖盘
692,10:04:36,30.22,184289,61,买盘
693,10:04:39,30.21,108755,36,卖盘
694,10:04:42,30.21,78554,26,卖盘
695,10:04:45,30.21,57400,19,卖盘
696,10:04:48,30.21,235656,78,卖盘
697,10:04:51,30.22,423042,140,买盘
698,10:04:54,30.22,160146,53,买盘
699,10:04:57,30.21,66468,22,卖盘
700,10:05:00,30.21,42299,14,卖盘
701,10:05:03,30.22,78564,26,买盘
702,10:05:06,30.22,18131,6,买盘
703,10:05:09,30.21,117843,39,卖盘
704,10:05:12,30.22,281046,93,买盘
705,10:05:15,30.2,806661,267,卖盘
706,10:05:18,30.2,848972,281,卖盘
707,10:05:21,30.19,87576,29,卖盘
708,10:05:24,30.19,27174,9,卖盘
709,10:05:27,30.19,36234,12,卖盘
710,10:05:30,30.19,81524,27,卖盘
711,10:05:33,30.19,57361,19,买盘
712,10:05:36,30.18,27166,9,卖盘
713,10:05:39,30.19,217368,72,买盘
714,10:05:42,30.19,950775,315,卖盘
715,10:05:45,30.19,476925,158,买盘
716,10:05:48,30.18,27166,9,卖盘
717,10:05:51,30.19,33209,11,买盘
718,10:05:54,30.19,268672,89,买盘
719,10:05:57,30.18,600739,199,卖盘
720,10:06:00,30.18,63378,21,卖盘
721,10:06:03,30.18,153934,51,卖盘
722,10:06:06,30.18,618747,205,卖盘
723,10:06:09,30.18,199211,66,卖盘
724,10:06:12,30.18,428658,142,卖盘
725,10:06:15,30.18,90540,30,买盘
726,10:06:18,30.18,775390,257,买盘
727,10:06:21,30.17,36214,12,卖盘
728,10:06:24,30.17,606465,201,卖盘
729,10:06:30,30.17,51293,17,卖盘
730,10:06:33,30.18,96555,32,买盘
731,10:06:36,30.17,193088,64,卖盘
732,10:06:39,30.19,1677530,556,买盘
733,10:06:42,30.18,144905,48,卖盘
734,10:06:45,30.18,81496,27,卖盘
735,10:06:48,30.19,87541,29,买盘
736,10:06:51,30.18,241456,80,卖盘
737,10:06:54,30.18,440624,146,卖盘
738,10:06:57,30.18,78468,26,买盘
739,10:07:00,30.17,310806,103,卖盘
740,10:07:03,30.18,205179,68,买盘
741,10:07:06,30.17,223259,74,卖盘
742,10:07:09,30.16,1849944,613,卖盘
743,10:07:12,30.18,3105092,1029,买盘
744,10:07:15,30.19,489036,162,买盘
745,10:07:18,30.18,555232,184,卖盘
746,10:07:21,30.18,69431,23,买盘
747,10:07:24,30.17,150873,50,卖盘
748,10:07:27,30.18,54324,18,买盘
749,10:07:30,30.18,458676,152,买盘
750,10:07:33,30.18,172006,57,卖盘
751,10:07:36,30.18,81507,27,中性盘
752,10:07:39,30.18,63366,21,买盘
753,10:07:42,30.17,265594,88,卖盘
754,10:07:45,30.15,2108126,699,卖盘
755,10:07:48,30.17,147799,49,中性盘
756,10:07:51,30.16,36196,12,卖盘
757,10:07:54,30.16,108598,36,卖盘
758,10:07:57,30.16,437258,145,卖盘
759,10:08:00,30.16,153809,51,买盘
760,10:08:03,30.16,69354,23,买盘
761,10:08:06,30.15,376898,125,卖盘
762,10:08:09,30.15,33164,11,买盘
763,10:08:12,30.14,455138,151,卖盘
764,10:08:15,30.14,461132,153,买盘
765,10:08:18,30.14,189827,63,买盘
766,10:08:21,30.13,132572,44,卖盘
767,10:08:24,30.13,132541,44,买盘
768,10:08:27,30.13,262049,87,买盘
769,10:08:30,30.12,216872,72,卖盘
770,10:08:33,30.12,352438,117,卖盘
771,10:08:36,30.12,366773,122,卖盘
772,10:08:39,30.12,154336,51,卖盘
773,10:08:42,30.12,96364,32,买盘
774,10:08:45,30.11,493842,164,卖盘
775,10:08:48,30.11,198756,66,卖盘
776,10:08:51,30.11,572127,190,卖盘
777,10:08:54,30.11,560057,186,卖盘
778,10:08:57,30.11,292074,97,买盘
779,10:09:00,30.11,234834,78,买盘
780,10:09:03,30.1,2748144,913,卖盘
781,10:09:06,30.09,562957,187,卖盘
782,10:09:09,30.09,490549,163,卖盘
783,10:09:12,30.1,150481,50,买盘
784,10:09:15,30.11,614259,204,买盘
785,10:09:18,30.1,448574,149,卖盘
786,10:09:21,30.1,578001,192,卖盘
787,10:09:24,30.1,153526,51,卖盘
788,10:09:27,30.1,611124,203,卖盘
789,10:09:30,30.09,391302,130,卖盘
790,10:09:33,30.1,376261,125,买盘
791,10:09:36,30.12,328134,109,买盘
792,10:09:39,30.12,611103,203,买盘
793,10:09:42,30.12,237909,79,买盘
794,10:09:45,30.11,171627,57,卖盘
795,10:09:48,30.11,48176,16,买盘
796,10:09:51,30.11,379381,126,买盘
797,10:09:54,30.11,117427,39,买盘
798,10:09:57,30.11,448538,149,买盘
799,10:10:00,30.11,295042,98,买盘
800,10:10:03,30.1,156563,52,卖盘
801,10:10:06,30.1,373288,124,卖盘
802,10:10:09,30.11,159537,53,买盘
803,10:10:12,30.1,243819,81,卖盘
804,10:10:15,30.11,364273,121,买盘
805,10:10:18,30.11,388378,129,买盘
806,10:10:21,30.11,147514,49,买盘
807,10:10:24,30.11,174613,58,买盘
808,10:10:27,30.1,379335,126,卖盘
809,10:10:30,30.11,141500,47,买盘
810,10:10:33,30.11,195675,65,买盘
811,10:10:36,30.1,569002,189,卖盘
812,10:10:39,30.11,231798,77,买盘
813,10:10:42,30.11,243880,81,买盘
814,10:10:45,30.11,909049,302,买盘
815,10:10:48,30.11,379336,126,卖盘
816,10:10:51,30.1,93326,31,卖盘
817,10:10:54,30.1,216734,72,卖盘
818,10:10:57,30.11,72264,24,买盘
819,10:11:00,30.1,258879,86,卖盘
820,10:11:03,30.1,854758,284,买盘
821,10:11:06,30.11,210709,70,买盘
822,10:11:09,30.1,243813,81,卖盘
823,10:11:12,30.1,72241,24,买盘
824,10:11:15,30.1,123402,41,买盘
825,10:11:18,30.09,288928,96,卖盘
826,10:11:21,30.1,1077251,358,买盘
827,10:11:24,30.1,442470,147,卖盘
828,10:11:27,30.1,400277,133,买盘
829,10:11:30,30.09,66201,22,卖盘
830,10:11:33,30.1,905578,301,买盘
831,10:11:36,30.09,165503,55,中性盘
832,10:11:39,30.09,180541,60,卖盘
833,10:11:42,30.09,454233,151,买盘
834,10:11:45,30.09,463294,154,买盘
835,10:11:48,30.09,276828,92,卖盘
836,10:11:51,30.09,195587,65,卖盘
837,10:11:54,30.08,340101,113,卖盘
838,10:11:57,30.08,87245,29,卖盘
839,10:12:00,30.08,222618,74,卖盘
840,10:12:03,30.08,887460,295,卖盘
841,10:12:06,30.1,577708,192,买盘
842,10:12:09,30.08,3227303,1073,卖盘
843,10:12:12,30.1,427165,142,买盘
844,10:12:15,30.08,162480,54,卖盘
845,10:12:18,30.08,800155,266,卖盘
846,10:12:21,30.1,1540576,512,买盘
847,10:12:24,30.1,406353,135,卖盘
848,10:12:27,30.11,367246,122,买盘
849,10:12:30,30.1,493611,164,卖盘
850,10:12:33,30.1,153536,51,卖盘
851,10:12:36,30.1,1273546,423,卖盘
852,10:12:39,30.13,806560,268,买盘
853,10:12:42,30.14,358548,119,买盘
854,10:12:45,30.14,500298,166,买盘
855,10:12:48,30.12,566373,188,卖盘
856,10:12:51,30.12,159686,53,卖盘
857,10:12:54,30.14,277196,92,买盘
858,10:12:57,30.13,283196,94,买盘
859,10:13:00,30.11,807405,268,卖盘
860,10:13:03,30.13,60260,20,中性盘
861,10:13:06,30.14,337419,112,买盘
862,10:13:09,30.13,147624,49,卖盘
863,10:13:12,30.14,129602,43,买盘
864,10:13:15,30.14,379754,126,买盘
865,10:13:18,30.16,226120,75,买盘
866,10:13:21,30.16,132669,44,买盘
867,10:13:24,30.16,102540,34,买盘
868,10:13:27,30.16,45253,15,卖盘
869,10:13:30,30.19,69417,23,买盘
870,10:13:33,30.19,99622,33,买盘
871,10:13:36,30.2,332102,110,买盘
872,10:13:39,30.2,102664,34,买盘
873,10:13:42,30.19,456001,151,卖盘
874,10:13:45,30.2,308001,102,买盘
875,10:13:48,30.19,558556,185,卖盘
876,10:13:51,30.19,474050,157,买盘
877,10:13:54,30.21,199325,66,买盘
878,10:13:57,30.22,48348,16,买盘
879,10:14:00,30.2,238594,79,卖盘
880,10:14:03,30.21,72514,24,卖盘
881,10:14:06,30.22,767137,254,买盘
882,10:14:09,30.21,419965,139,卖盘
883,10:14:12,30.21,123853,41,中性盘
884,10:14:15,30.2,3809251,1260,卖盘
885,10:14:18,30.2,229518,76,卖盘
886,10:14:21,30.2,208346,69,买盘
887,10:14:24,30.2,1141095,378,卖盘
888,10:14:27,30.2,84560,28,买盘
889,10:14:30,30.19,24150,8,中性盘
890,10:14:33,30.18,259552,86,卖盘
891,10:14:36,30.18,123765,41,卖盘
892,10:14:39,30.18,99604,33,卖盘
893,10:14:42,30.18,235465,78,卖盘
894,10:14:45,30.18,132792,44,卖盘
895,10:14:48,30.18,93558,31,买盘
896,10:14:51,30.18,60360,20,买盘
897,10:14:54,30.18,39234,13,买盘
898,10:14:57,30.18,3018,1,卖盘
899,10:15:00,30.18,181110,60,卖盘
900,10:15:03,30.18,501001,166,卖盘
901,10:15:06,30.19,507087,168,买盘
902,10:15:09,30.19,461862,153,买盘
903,10:15:12,30.2,42269,14,买盘
904,10:15:15,30.19,187182,62,卖盘
905,10:15:18,30.19,120769,40,卖盘
906,10:15:21,30.22,2219930,735,买盘
907,10:15:24,30.22,136025,45,卖盘
908,10:15:27,30.22,253887,84,卖盘
909,10:15:30,30.22,117849,39,买盘
910,10:15:33,30.22,238738,79,买盘
911,10:15:36,30.22,202456,67,买盘
912,10:15:39,30.21,102733,34,卖盘
913,10:15:42,30.22,123892,41,买盘
914,10:15:45,30.22,371696,123,买盘
915,10:15:48,30.21,8202135,2718,卖盘
916,10:15:51,30.22,395880,131,买盘
917,10:15:54,30.23,293144,97,买盘
918,10:15:57,30.24,111858,37,买盘
919,10:16:00,30.23,18138,6,卖盘
920,10:16:03,30.23,114878,38,买盘
921,10:16:06,30.23,72551,24,买盘
922,10:16:09,30.23,178361,59,买盘
923,10:16:12,30.24,126976,42,买盘
924,10:16:15,30.23,172360,57,卖盘
925,10:16:18,30.24,1589200,525,买盘
926,10:16:21,30.24,432371,143,卖盘
927,10:16:24,30.24,142128,47,买盘
928,10:16:27,30.24,916039,303,买盘
929,10:16:30,30.24,126987,42,买盘
930,10:16:33,30.24,208654,69,买盘
931,10:16:36,30.23,78622,26,中性盘
932,10:16:39,30.23,3023,1,买盘
933,10:16:42,30.23,420092,139,买盘
934,10:16:45,30.22,66488,22,卖盘
935,10:16:48,30.22,114870,38,卖盘
936,10:16:51,30.22,21154,7,买盘
937,10:16:54,30.21,359550,119,卖盘
938,10:16:57,30.22,371482,123,买盘
939,10:17:00,30.21,9062,3,中性盘
940,10:17:03,30.2,90584,30,卖盘
941,10:17:06,30.23,332478,110,买盘
942,10:17:09,30.21,51357,17,卖盘
943,10:17:12,30.22,60425,20,买盘
944,10:17:15,30.22,480526,159,买盘
945,10:17:18,30.22,39286,13,卖盘
946,10:17:21,30.21,362558,120,卖盘
947,10:17:24,30.22,90631,30,买盘
948,10:17:27,30.21,151078,50,买盘
949,10:17:30,30.21,271890,90,卖盘
950,10:17:33,30.21,24168,8,买盘
951,10:17:36,30.2,30201,10,卖盘
952,10:17:39,30.21,262787,87,买盘
953,10:17:42,30.2,160095,53,卖盘
954,10:17:45,30.21,604010,200,买盘
955,10:17:48,30.2,63429,21,卖盘
956,10:17:51,30.21,187302,62,卖盘
957,10:17:54,30.2,386622,128,卖盘
958,10:17:57,30.21,148006,49,卖盘
959,10:18:00,30.2,226697,75,卖盘
960,10:18:03,30.2,6040,2,买盘
961,10:18:06,30.2,220460,73,买盘
962,10:18:09,30.19,356280,118,卖盘
963,10:18:12,30.19,190247,63,卖盘
964,10:18:15,30.22,320232,106,买盘
965,10:18:18,30.22,217450,72,买盘
966,10:18:21,30.21,117835,39,卖盘
967,10:18:24,30.2,45311,15,卖盘
968,10:18:27,30.2,12080,4,卖盘
969,10:18:30,30.2,296131,98,卖盘
970,10:18:33,30.2,486238,161,卖盘
971,10:18:36,30.2,24162,8,卖盘
972,10:18:39,30.2,612935,203,卖盘
973,10:18:42,30.2,27180,9,买盘
974,10:18:45,30.19,24156,8,卖盘
975,10:18:48,30.19,63399,21,卖盘
976,10:18:51,30.19,30191,10,卖盘
977,10:18:54,30.19,102652,34,买盘
978,10:18:57,30.19,193182,64,卖盘
979,10:19:00,30.18,27164,9,卖盘
980,10:19:03,30.19,60369,20,买盘
981,10:19:06,30.18,84516,28,卖盘
982,10:19:09,30.19,150903,50,买盘
983,10:19:12,30.18,129754,43,卖盘
984,10:19:15,30.18,18108,6,买盘
985,10:19:18,30.18,48290,16,买盘
986,10:19:21,30.18,114684,38,卖盘
987,10:19:24,30.18,129774,43,买盘
988,10:19:30,30.17,214207,71,卖盘
989,10:19:33,30.17,325836,108,卖盘
990,10:19:36,30.16,208174,69,卖盘
991,10:19:39,30.16,331792,110,卖盘
992,10:19:42,30.16,177952,59,买盘
993,10:19:45,30.16,78418,26,卖盘
994,10:19:48,30.17,123696,41,买盘
995,10:19:51,30.16,72403,24,卖盘
996,10:19:54,30.17,1954448,648,买盘
997,10:19:57,30.18,470796,156,买盘
998,10:20:00,30.17,407258,135,卖盘
999,10:20:03,30.17,39221,13,买盘
1000,10:20:06,30.17,90514,30,卖盘
1001,10:20:09,30.16,141781,47,卖盘
1002,10:20:12,30.17,6034,2,买盘
1003,10:20:15,30.16,298635,99,卖盘
1004,10:20:18,30.17,183981,61,买盘
1005,10:20:21,30.16,90485,30,中性盘
1006,10:20:24,30.16,274439,91,买盘
1007,10:20:27,30.16,455396,151,买盘
1008,10:20:30,30.17,407183,135,买盘
1009,10:20:33,30.16,102557,34,卖盘
1010,10:20:36,30.17,156861,52,卖盘
1011,10:20:39,30.16,199090,66,卖盘
1012,10:20:42,30.16,114624,38,卖盘
1013,10:20:45,30.17,582110,193,买盘
1014,10:20:48,30.16,274501,91,卖盘
1015,10:20:51,30.17,54306,18,买盘
1016,10:20:54,30.17,3017,1,买盘
1017,10:20:57,30.16,15080,5,卖盘
1018,10:21:00,30.16,449464,149,卖盘
1019,10:21:03,30.17,322744,107,买盘
1020,10:21:06,30.17,87482,29,中性盘
1021,10:21:09,30.18,386086,128,买盘
1022,10:21:12,30.18,48274,16,买盘
1023,10:21:15,30.18,24139,8,买盘
1024,10:21:18,30.17,99561,33,买盘
1025,10:21:21,30.17,12065,4,买盘
1026,10:21:24,30.17,549047,182,买盘
1027,10:21:27,30.17,60355,20,卖盘
1028,10:21:30,30.17,33197,11,卖盘
1029,10:21:33,30.17,211194,70,卖盘
1030,10:21:36,30.17,310752,103,卖盘
1031,10:21:39,30.18,253494,84,买盘
1032,10:21:42,30.18,30181,10,卖盘
1033,10:21:45,30.19,739437,245,买盘
1034,10:21:48,30.19,18114,6,卖盘
1035,10:21:51,30.19,93599,31,卖盘
1036,10:21:54,30.19,250609,83,卖盘
1037,10:21:57,30.19,45290,15,买盘
1038,10:22:00,30.19,18111,6,买盘
1039,10:22:03,30.19,392413,130,买盘
1040,10:22:06,30.18,75473,25,卖盘
1041,10:22:09,30.18,69427,23,卖盘
1042,10:22:12,30.18,651888,216,卖盘
1043,10:22:15,30.18,99594,33,买盘
1044,10:22:18,30.18,304818,101,买盘
1045,10:22:21,30.18,150908,50,卖盘
1046,10:22:24,30.18,102617,34,卖盘
1047,10:22:27,30.18,39236,13,卖盘
1048,10:22:30,30.18,48301,16,买盘
1049,10:22:33,30.17,684887,227,卖盘
1050,10:22:36,30.19,24148,8,买盘
1051,10:22:39,30.2,120800,40,买盘
1052,10:22:42,30.18,555487,184,卖盘
1053,10:22:45,30.2,401659,133,买盘
1054,10:22:48,30.2,15100,5,买盘
1055,10:22:51,30.2,30200,10,买盘
1056,10:22:54,30.19,156993,52,卖盘
1057,10:22:57,30.19,75473,25,买盘
1058,10:23:00,30.19,214387,71,买盘
1059,10:23:03,30.19,413569,137,卖盘
1060,10:23:06,30.18,114695,38,卖盘
1061,10:23:09,30.19,202270,67,中性盘
1062,10:23:12,30.18,36227,12,卖盘
1063,10:23:15,30.19,452771,150,买盘
1064,10:23:18,30.18,87535,29,卖盘
1065,10:23:21,30.19,90570,30,卖盘
1066,10:23:24,30.18,153922,51,卖盘
1067,10:23:27,30.19,15095,5,中性盘
1068,10:23:30,30.2,311014,103,买盘
1069,10:23:33,30.2,129845,43,卖盘
1070,10:23:36,30.2,45300,15,买盘
1071,10:23:39,30.19,166051,55,卖盘
1072,10:23:42,30.19,24152,8,买盘
1073,10:23:45,30.18,217332,72,卖盘
1074,10:23:48,30.18,473816,157,买盘
1075,10:23:51,30.17,117679,39,卖盘
1076,10:23:54,30.17,265500,88,卖盘
1077,10:23:57,30.17,322841,107,卖盘
1078,10:24:00,30.17,238339,79,卖盘
1079,10:24:03,30.17,232372,77,卖盘
1080,10:24:06,30.17,24137,8,卖盘
1081,10:24:09,30.17,190080,63,卖盘
1082,10:24:12,30.17,18103,6,卖盘
1083,10:24:15,30.17,168948,56,卖盘
1084,10:24:18,30.17,54306,18,买盘
1085,10:24:21,30.16,567017,188,卖盘
1086,10:24:24,30.16,60322,20,卖盘
1087,10:24:27,30.17,15084,5,买盘
1088,10:24:30,30.16,147787,49,卖盘
1089,10:24:33,30.16,129689,43,卖盘
1090,10:24:36,30.16,187010,62,卖盘
1091,10:24:39,30.16,9048,3,买盘
1092,10:24:42,30.16,256317,85,买盘
1093,10:24:45,30.15,968044,321,卖盘
1094,10:24:48,30.16,147776,49,买盘
1095,10:24:51,30.16,479451,159,卖盘
1096,10:24:54,30.15,114583,38,卖盘
1097,10:25:00,30.16,36192,12,买盘
1098,10:25:03,30.15,186968,62,卖盘
1099,10:25:06,30.15,135696,45,卖盘
1100,10:25:09,30.15,78406,26,卖盘
1101,10:25:12,30.15,147763,49,卖盘
1102,10:25:15,30.15,352744,117,卖盘
1103,10:25:18,30.15,129622,43,买盘
1104,10:25:21,30.15,1042983,346,买盘
1105,10:25:24,30.15,778030,258,买盘
1106,10:25:27,30.16,69368,23,买盘
1107,10:25:30,30.15,407058,135,卖盘
1108,10:25:33,30.15,325449,108,买盘
1109,10:25:36,30.17,30169,10,买盘
1110,10:25:39,30.14,1287122,427,卖盘
1111,10:25:42,30.16,15080,5,中性盘
1112,10:25:45,30.15,27135,9,卖盘
1113,10:25:48,30.15,129656,43,卖盘
1114,10:25:51,30.16,51262,17,买盘
1115,10:25:54,30.16,84444,28,买盘
1116,10:25:57,30.16,48242,16,买盘
1117,10:26:00,30.16,186962,62,买盘
1118,10:26:03,30.16,66352,22,买盘
1119,10:26:06,30.17,214112,71,买盘
1120,10:26:09,30.16,114572,38,买盘
1121,10:26:12,30.16,114633,38,买盘
1122,10:26:15,30.16,183977,61,卖盘
1123,10:26:18,30.16,18098,6,卖盘
1124,10:26:21,30.16,84451,28,卖盘
1125,10:26:24,30.16,138736,46,卖盘
1126,10:26:27,30.16,319668,106,买盘
1127,10:26:30,30.16,93476,31,买盘
1128,10:26:33,30.16,81396,27,买盘
1129,10:26:36,30.16,24124,8,买盘
1130,10:26:39,30.15,289473,96,卖盘
1131,10:26:42,30.15,180900,60,买盘
1132,10:26:45,30.15,198988,66,买盘
1133,10:26:48,30.15,195972,65,买盘
1134,10:26:51,30.15,301451,100,买盘
1135,10:26:54,30.14,262291,87,卖盘
1136,10:26:57,30.15,117620,39,卖盘
1137,10:27:00,30.15,63315,21,卖盘
1138,10:27:03,30.15,367809,122,买盘
1139,10:27:06,30.15,286415,95,买盘
1140,10:27:09,30.16,147758,49,买盘
1141,10:27:12,30.16,180924,60,买盘
1142,10:27:15,30.16,162869,54,卖盘
1143,10:27:18,30.15,75375,25,卖盘
1144,10:27:21,30.16,36191,12,买盘
1145,10:27:24,30.17,536907,178,买盘
1146,10:27:27,30.17,196091,65,买盘
1147,10:27:30,30.19,277636,92,买盘
1148,10:27:33,30.2,93601,31,买盘
1149,10:27:36,30.2,353240,117,买盘
1150,10:27:39,30.2,78520,26,买盘
1151,10:27:42,30.19,398537,132,卖盘
1152,10:27:45,30.19,3423546,1134,买盘
1153,10:27:48,30.18,848336,281,卖盘
1154,10:27:51,30.2,591735,196,买盘
1155,10:27:54,30.2,42280,14,买盘
1156,10:27:57,30.21,15104,5,买盘
1157,10:28:00,30.2,558738,185,卖盘
1158,10:28:03,30.2,501439,166,买盘
1159,10:28:06,30.21,102743,34,中性盘
1160,10:28:09,30.2,474221,157,卖盘
1161,10:28:12,30.21,39276,13,中性盘
1162,10:28:15,30.21,422881,140,卖盘
1163,10:28:18,30.21,57399,19,买盘
1164,10:28:21,30.21,371583,123,买盘
1165,10:28:24,30.22,410936,136,买盘
1166,10:28:27,30.23,223702,74,买盘
1167,10:28:30,30.22,120910,40,卖盘
1168,10:28:33,30.23,33253,11,买盘
1169,10:28:36,30.23,30230,10,买盘
1170,10:28:39,30.23,365740,121,卖盘
1171,10:28:42,30.24,178364,59,买盘
1172,10:28:45,30.24,241890,80,买盘
1173,10:28:48,30.23,126993,42,卖盘
1174,10:28:51,30.24,123956,41,买盘
1175,10:28:54,30.25,78631,26,买盘
1176,10:28:57,30.25,707839,234,买盘
1177,10:29:00,30.25,586880,194,卖盘
1178,10:29:03,30.25,9075,3,卖盘
1179,10:29:06,30.25,130108,43,卖盘
1180,10:29:09,30.25,48402,16,卖盘
1181,10:29:12,30.26,381231,126,买盘
1182,10:29:15,30.26,178578,59,卖盘
1183,10:29:18,30.25,90798,30,卖盘
1184,10:29:21,30.27,96798,32,买盘
1185,10:29:24,30.25,196719,65,买盘
1186,10:29:27,30.26,9078,3,买盘
1187,10:29:30,30.26,118003,39,买盘
1188,10:29:33,30.26,399340,132,买盘
1189,10:29:36,30.27,320825,106,买盘
1190,10:29:39,30.27,354155,117,卖盘
1191,10:29:42,30.26,63550,21,卖盘
1192,10:29:45,30.28,342149,113,买盘
1193,10:29:48,30.29,202931,67,买盘
1194,10:29:51,30.29,342227,113,买盘
1195,10:29:54,30.29,263474,87,买盘
1196,10:29:57,30.28,248320,82,卖盘
1197,10:30:00,30.29,330158,109,买盘
1198,10:30:03,30.29,145427,48,卖盘
1199,10:30:06,30.3,327147,108,买盘
1200,10:30:09,30.3,151465,50,买盘
1201,10:30:12,30.3,2042218,674,买盘
1202,10:30:15,30.31,409184,135,买盘
1203,10:30:18,30.31,178795,59,买盘
1204,10:30:21,30.32,833569,275,买盘
1205,10:30:24,30.31,339636,112,卖盘
1206,10:30:27,30.33,397258,131,买盘
1207,10:30:30,30.33,136509,45,买盘
1208,10:30:33,30.33,133484,44,卖盘
1209,10:30:36,30.33,309373,102,卖盘
1210,10:30:39,30.34,130427,43,买盘
1211,10:30:42,30.33,245702,81,中性盘
1212,10:30:45,30.34,197137,65,买盘
1213,10:30:48,30.33,139518,46,卖盘
1214,10:30:51,30.33,430774,142,卖盘
1215,10:30:54,30.34,624836,206,买盘
1216,10:30:57,30.34,370137,122,买盘
1217,10:31:00,30.34,239680,79,买盘
1218,10:31:03,30.33,191139,63,卖盘
1219,10:31:06,30.34,321556,106,买盘
1220,10:31:09,30.34,309452,102,买盘
1221,10:31:12,30.33,212328,70,卖盘
1222,10:31:15,30.32,206239,68,卖盘
1223,10:31:18,30.33,236616,78,买盘
1224,10:31:21,30.33,94034,31,卖盘
1225,10:31:24,30.31,309248,102,卖盘
1226,10:31:27,30.31,21217,7,卖盘
1227,10:31:30,30.31,254646,84,卖盘
1228,10:31:33,30.31,139427,46,卖盘
1229,10:31:36,30.31,336431,111,卖盘
1230,10:31:39,30.31,190922,63,买盘
1231,10:31:42,30.31,381788,126,买盘
1232,10:31:45,30.3,96972,32,卖盘
1233,10:31:48,30.31,333355,110,买盘
1234,10:31:51,30.3,569682,188,卖盘
1235,10:31:54,30.3,6060,2,买盘
1236,10:31:57,30.3,902745,298,买盘
1237,10:32:00,30.36,6212188,2048,买盘
1238,10:32:03,30.37,349147,115,买盘
1239,10:32:06,30.36,431127,142,中性盘
1240,10:32:09,30.37,249014,82,买盘
1241,10:32:12,30.37,771308,254,买盘
1242,10:32:15,30.37,194384,64,卖盘
1243,10:32:18,30.37,261172,86,买盘
1244,10:32:21,30.36,330986,109,卖盘
1245,10:32:24,30.36,118404,39,买盘
1246,10:32:27,30.36,473754,156,买盘
1247,10:32:30,30.37,115371,38,买盘
1248,10:32:33,30.38,446565,147,买盘
1249,10:32:36,30.37,461607,152,卖盘
1250,10:32:39,30.39,221771,73,买盘
1251,10:32:42,30.38,197490,65,卖盘
1252,10:32:45,30.38,692755,228,卖盘
1253,10:32:48,30.39,823618,271,买盘
1254,10:32:51,30.39,188430,62,卖盘
1255,10:32:54,30.39,188441,62,卖盘
1256,10:32:57,30.4,753866,248,买盘
1257,10:33:00,30.4,811701,267,中性盘
1258,10:33:03,30.41,273689,90,买盘
1259,10:33:06,30.42,593150,195,买盘
1260,10:33:09,30.41,194683,64,卖盘
1261,10:33:12,30.42,182508,60,中性盘
1262,10:33:15,30.42,869685,286,买盘
1263,10:33:18,30.4,346774,114,卖盘
1264,10:33:21,30.41,307136,101,买盘
1265,10:33:24,30.41,200644,66,买盘
1266,10:33:27,30.39,410357,135,卖盘
1267,10:33:30,30.39,306965,101,买盘
1268,10:33:33,30.38,389073,128,卖盘
1269,10:33:36,30.39,537737,177,中性盘
1270,10:33:39,30.39,151947,50,买盘
1271,10:33:42,30.39,489268,161,买盘
1272,10:33:45,30.39,395165,130,卖盘
1273,10:33:48,30.39,136755,45,卖盘
1274,10:33:51,30.39,547142,180,卖盘
1275,10:33:54,30.39,154982,51,买盘
1276,10:33:57,30.38,133702,44,卖盘
1277,10:34:00,30.39,376824,124,买盘
1278,10:34:03,30.38,954039,314,卖盘
1279,10:34:06,30.38,495259,163,卖盘
1280,10:34:09,30.39,604584,199,买盘
1281,10:34:12,30.38,157985,52,卖盘
1282,10:34:15,30.38,188319,62,买盘
1283,10:34:18,30.37,51629,17,卖盘
1284,10:34:21,30.38,264245,87,买盘
1285,10:34:24,30.39,1516179,499,买盘
1286,10:34:27,30.38,729211,240,卖盘
1287,10:34:30,30.43,3043863,1001,买盘
1288,10:34:33,30.41,425823,140,卖盘
1289,10:34:36,30.41,170370,56,卖盘
1290,10:34:39,30.43,292101,96,买盘
1291,10:34:42,30.41,133854,44,卖盘
1292,10:34:45,30.42,91270,30,中性盘
1293,10:34:48,30.47,2911025,956,买盘
1294,10:34:51,30.49,2926370,960,买盘
1295,10:34:54,30.49,478659,157,买盘
1296,10:34:57,30.49,811142,266,买盘
1297,10:35:00,30.48,1027499,337,卖盘
1298,10:35:03,30.49,1021545,335,买盘
1299,10:35:06,30.49,1079264,354,买盘
1300,10:35:09,30.49,301786,99,买盘
1301,10:35:12,30.48,426778,140,中性盘
1302,10:35:15,30.49,4354679,1428,买盘
1303,10:35:18,30.49,707359,232,买盘
1304,10:35:21,30.48,85356,28,卖盘
1305,10:35:24,30.48,567004,186,买盘
1306,10:35:27,30.48,1701199,558,卖盘
1307,10:35:30,30.48,475393,156,卖盘
1308,10:35:33,30.47,533377,175,卖盘
1309,10:35:36,30.47,380985,125,卖盘
1310,10:35:39,30.46,36562,12,卖盘
1311,10:35:42,30.46,179730,59,卖盘
1312,10:35:45,30.46,368641,121,买盘
1313,10:35:48,30.45,286260,94,卖盘
1314,10:35:51,30.45,420233,138,卖盘
1315,10:35:54,30.44,6088,2,卖盘
1316,10:35:57,30.44,170504,56,中性盘
1317,10:36:00,30.44,322645,106,买盘
1318,10:36:03,30.43,228211,75,买盘
1319,10:36:06,30.43,322616,106,买盘
1320,10:36:09,30.44,581248,191,买盘
1321,10:36:12,30.42,514311,169,卖盘
1322,10:36:15,30.43,425951,140,卖盘
1323,10:36:18,30.43,364978,120,中性盘
1324,10:36:21,30.42,60839,20,卖盘
1325,10:36:24,30.42,100377,33,买盘
1326,10:36:27,30.42,714560,235,买盘
1327,10:36:30,30.4,139861,46,卖盘
1328,10:36:33,30.42,1384050,455,买盘
1329,10:36:36,30.42,218910,72,卖盘
1330,10:36:39,30.42,465365,153,买盘
1331,10:36:42,30.41,33458,11,卖盘
1332,10:36:45,30.41,121655,40,卖盘
1333,10:36:48,30.41,228075,75,卖盘
1334,10:36:51,30.4,72982,24,卖盘
1335,10:36:54,30.41,63844,21,买盘
1336,10:36:57,30.4,252392,83,卖盘
1337,10:37:00,30.4,3040,1,买盘
1338,10:37:03,30.38,145869,48,卖盘
1339,10:37:06,30.38,100254,33,卖盘
1340,10:37:09,30.37,565048,186,卖盘
1341,10:37:12,30.38,188344,62,中性盘
1342,10:37:15,30.38,252159,83,卖盘
1343,10:37:18,30.38,367589,121,卖盘
1344,10:37:21,30.4,2073205,682,买盘
1345,10:37:24,30.4,97287,32,卖盘
1346,10:37:27,30.4,24316,8,买盘
1347,10:37:30,30.4,164157,54,买盘
1348,10:37:33,30.39,109421,36,卖盘
1349,10:37:36,30.38,191443,63,卖盘
1350,10:37:39,30.39,221849,73,买盘
1351,10:37:42,30.38,106367,35,卖盘
1352,10:37:45,30.38,94183,31,卖盘
1353,10:37:48,30.39,768754,253,买盘
1354,10:37:51,30.39,57725,19,买盘
1355,10:37:54,30.38,82026,27,卖盘
1356,10:37:57,30.38,613676,202,卖盘
1357,10:38:00,30.37,27336,9,卖盘
1358,10:38:03,30.37,12149,4,卖盘
1359,10:38:06,30.37,72900,24,卖盘
1360,10:38:09,30.38,182249,60,买盘
1361,10:38:12,30.37,106295,35,卖盘
1362,10:38:15,30.37,94147,31,买盘
1363,10:38:18,30.38,482979,159,买盘
1364,10:38:21,30.38,291624,96,买盘
1365,10:38:24,30.38,54685,18,卖盘
1366,10:38:27,30.38,118482,39,卖盘
1367,10:38:30,30.38,124543,41,买盘
1368,10:38:33,30.38,264289,87,买盘
1369,10:38:36,30.38,91131,30,买盘
1370,10:38:39,30.38,212655,70,买盘
1371,10:38:42,30.38,130634,43,买盘
1372,10:38:45,30.39,197513,65,买盘
1373,10:38:48,30.4,2772101,912,买盘
1374,10:38:51,30.41,404453,133,买盘
1375,10:38:54,30.41,109466,36,买盘
1376,10:38:57,30.41,203732,67,买盘
1377,10:39:00,30.42,316296,104,买盘
1378,10:39:03,30.42,620532,204,买盘
1379,10:39:06,30.43,85202,28,买盘
1380,10:39:09,30.42,489885,161,卖盘
1381,10:39:12,30.46,3223372,1059,买盘
1382,10:39:15,30.47,1160624,381,买盘
1383,10:39:18,30.46,4358484,1430,卖盘
1384,10:39:21,30.46,173655,57,卖盘
1385,10:39:24,30.49,91419,30,买盘
1386,10:39:27,30.49,243887,80,买盘
1387,10:39:30,30.49,250035,82,卖盘
1388,10:39:33,30.49,313985,103,买盘
1389,10:39:36,30.47,600345,197,中性盘
1390,10:39:39,30.48,164597,54,买盘
1391,10:39:42,30.48,222453,73,买盘
1392,10:39:45,30.47,161491,53,卖盘
1393,10:39:48,30.48,853466,280,买盘
1394,10:39:51,30.47,274290,90,卖盘
1395,10:39:54,30.47,597299,196,卖盘
1396,10:39:57,30.48,722327,237,买盘
1397,10:40:00,30.47,182839,60,卖盘
1398,10:40:03,30.48,2655537,871,买盘
1399,10:40:06,30.47,335222,110,卖盘
1400,10:40:09,30.47,97521,32,卖盘
1401,10:40:12,30.48,1240782,407,买盘
1402,10:40:15,30.48,329158,108,卖盘
1403,10:40:18,30.49,774265,254,买盘
1404,10:40:21,30.5,1768904,580,买盘
1405,10:40:24,30.48,725650,238,卖盘
1406,10:40:27,30.49,121940,40,买盘
1407,10:40:30,30.48,490862,161,卖盘
1408,10:40:33,30.49,189018,62,买盘
1409,10:40:36,30.48,64011,21,卖盘
1410,10:40:39,30.48,481606,158,卖盘
1411,10:40:42,30.49,527394,173,买盘
1412,10:40:45,30.48,21336,7,中性盘
1413,10:40:48,30.47,320048,105,卖盘
1414,10:40:51,30.47,673381,221,卖盘
1415,10:40:54,30.47,45705,15,买盘
1416,10:40:57,30.46,100518,33,卖盘
1417,10:41:00,30.46,161437,53,卖盘
1418,10:41:03,30.45,1282392,421,卖盘
1419,10:41:06,30.45,706594,232,卖盘
1420,10:41:09,30.44,85233,28,卖盘
1421,10:41:12,30.45,57843,19,买盘
1422,10:41:15,30.45,1443010,474,买盘
1423,10:41:18,30.46,2752661,904,买盘
1424,10:41:21,30.45,505674,166,卖盘
1425,10:41:24,30.46,1492943,490,卖盘
1426,10:41:27,30.45,606157,199,卖盘
1427,10:41:30,30.45,618196,203,卖盘
1428,10:41:33,30.46,140085,46,买盘
1429,10:41:36,30.45,295365,97,卖盘
1430,10:41:39,30.45,54812,18,卖盘
1431,10:41:42,30.45,79170,26,买盘
1432,10:41:45,30.44,249695,82,卖盘
1433,10:41:48,30.44,48704,16,卖盘
1434,10:41:51,30.45,188767,62,买盘
1435,10:41:54,30.44,137000,45,卖盘
1436,10:41:57,30.44,106550,35,卖盘
1437,10:42:00,30.44,127848,42,卖盘
1438,10:42:03,30.44,523722,172,卖盘
1439,10:42:06,30.44,292229,96,卖盘
1440,10:42:09,30.44,57836,19,买盘
1441,10:42:12,30.43,569072,187,卖盘
1442,10:42:15,30.43,100397,33,买盘
1443,10:42:18,30.43,316420,104,买盘
1444,10:42:21,30.42,133830,44,买盘
1445,10:42:24,30.42,158181,52,买盘
1446,10:42:27,30.41,118602,39,卖盘
1447,10:42:30,30.41,359951,118,卖盘
1448,10:42:33,30.41,117535,39,卖盘
1449,10:42:36,30.41,57769,19,买盘
1450,10:42:39,30.4,495525,163,卖盘
1451,10:42:42,30.4,30400,10,买盘
1452,10:42:45,30.39,27352,9,卖盘
1453,10:42:48,30.39,151950,50,卖盘
1454,10:42:51,30.37,255136,84,卖盘
1455,10:42:54,30.38,136673,45,买盘
1456,10:42:57,30.37,151873,50,卖盘
1457,10:43:00,30.38,206603,68,买盘
1458,10:43:03,30.39,3632601,1195,买盘
1459,10:43:06,30.4,206675,68,买盘
1460,10:43:09,30.4,273538,90,买盘
1461,10:43:12,30.4,325229,107,买盘
1462,10:43:15,30.39,328274,108,卖盘
1463,10:43:18,30.4,36478,12,买盘
1464,10:43:21,30.39,130666,43,买盘
1465,10:43:24,30.39,72921,24,买盘
1466,10:43:27,30.38,194469,64,卖盘
1467,10:43:30,30.38,100254,33,卖盘
1468,10:43:33,30.38,18228,6,买盘
1469,10:43:36,30.38,3038,1,卖盘
1470,10:43:39,30.39,54700,18,买盘
1471,10:43:42,30.38,577332,190,卖盘
1472,10:43:45,30.39,154948,51,买盘
1473,10:43:48,30.4,206706,68,买盘
1474,10:43:51,30.39,428617,141,卖盘
1475,10:43:54,30.4,118554,39,买盘
1476,10:43:57,30.39,51675,17,卖盘
1477,10:44:00,30.39,635159,209,卖盘
1478,10:44:03,30.4,586700,193,买盘
1479,10:44:06,30.39,127657,42,卖盘
1480,10:44:09,30.39,191473,63,卖盘
1481,10:44:12,30.39,452927,149,卖盘
1482,10:44:15,30.39,182366,60,买盘
1483,10:44:18,30.38,39495,13,卖盘
1484,10:44:21,30.38,91147,30,卖盘
1485,10:44:24,30.39,39497,13,买盘
1486,10:44:27,30.38,36456,12,卖盘
1487,10:44:30,30.38,109373,36,卖盘
1488,10:44:33,30.39,118506,39,买盘
1489,10:44:36,30.38,391921,129,卖盘
1490,10:44:39,30.38,133696,44,卖盘
1491,10:44:42,30.38,246078,81,卖盘
1492,10:44:45,30.36,640815,211,卖盘
1493,10:44:48,30.36,48584,16,卖盘
1494,10:44:51,30.37,60740,20,买盘
1495,10:44:54,30.37,97184,32,买盘
1496,10:44:57,30.37,233848,77,卖盘
1497,10:45:00,30.36,24288,8,卖盘
1498,10:45:03,30.36,85009,28,卖盘
1499,10:45:06,30.36,236848,78,卖盘
1500,10:45:09,30.36,118404,39,卖盘
1501,10:45:12,30.36,24288,8,买盘
1502,10:45:15,30.34,433995,143,卖盘
1503,10:45:18,30.35,60700,20,买盘
1504,10:45:21,30.34,57646,19,卖盘
1505,10:45:24,30.34,142609,47,卖盘
1506,10:45:27,30.34,54612,18,卖盘
1507,10:45:30,30.34,916055,302,买盘
1508,10:45:33,30.34,267000,88,卖盘
1509,10:45:36,30.34,172948,57,买盘
1510,10:45:39,30.34,500607,165,买盘
1511,10:45:42,30.34,84960,28,卖盘
1512,10:45:45,30.34,24272,8,卖盘
1513,10:45:48,30.34,118300,39,卖盘
1514,10:45:51,30.34,42476,14,买盘
1515,10:45:54,30.33,115281,38,卖盘
1516,10:45:57,30.33,69769,23,卖盘
1517,10:46:00,30.33,136498,45,卖盘
1518,10:46:03,30.33,84928,28,卖盘
1519,10:46:06,30.33,433719,143,买盘
1520,10:46:09,30.32,327516,108,卖盘
1521,10:46:12,30.32,36398,12,卖盘
1522,10:46:15,30.32,75816,25,卖盘
1523,10:46:18,30.32,142512,47,卖盘
1524,10:46:21,30.33,245622,81,买盘
1525,10:46:24,30.32,21224,7,卖盘
1526,10:46:27,30.33,130438,43,中性盘
1527,10:46:30,30.32,209227,69,卖盘
1528,10:46:33,30.32,97027,32,卖盘
1529,10:46:36,30.32,54581,18,买盘
1530,10:46:42,30.32,57610,19,卖盘
1531,10:46:45,30.32,27294,9,卖盘
1532,10:46:48,30.32,15160,5,卖盘
1533,10:46:51,30.32,18192,6,卖盘
1534,10:46:54,30.32,136440,45,卖盘
1535,10:46:57,30.32,60640,20,买盘
1536,10:47:00,30.31,18186,6,卖盘
1537,10:47:03,30.31,251574,83,卖盘
1538,10:47:06,30.32,221278,73,买盘
1539,10:47:09,30.3,184832,61,卖盘
1540,10:47:12,30.31,145470,48,买盘
1541,10:47:15,30.3,90923,30,卖盘
1542,10:47:18,30.3,99997,33,卖盘
1543,10:47:21,30.3,254539,84,卖盘
1544,10:47:24,30.3,118177,39,卖盘
1545,10:47:27,30.3,45450,15,买盘
1546,10:47:30,30.29,172707,57,卖盘
1547,10:47:33,30.29,27263,9,卖盘
1548,10:47:36,30.3,193876,64,买盘
1549,10:47:39,30.29,190856,63,卖盘
1550,10:47:42,30.28,293779,97,卖盘
1551,10:47:45,30.29,575647,190,买盘
1552,10:47:48,30.31,172721,57,买盘
1553,10:47:51,30.29,93915,31,卖盘
1554,10:47:54,30.29,18174,6,卖盘
1555,10:47:57,30.31,51518,17,买盘
1556,10:48:00,30.3,90908,30,卖盘
1557,10:48:03,30.31,209077,69,买盘
1558,10:48:06,30.31,45467,15,卖盘
1559,10:48:09,30.31,24249,8,卖盘
1560,10:48:12,30.32,272875,90,买盘
1561,10:48:15,30.31,603305,199,卖盘
1562,10:48:18,30.31,6062,2,买盘
1563,10:48:21,30.29,200023,66,卖盘
1564,10:48:24,30.3,39398,13,卖盘
1565,10:48:27,30.3,248525,82,卖盘
1566,10:48:30,30.29,227189,75,卖盘
1567,10:48:33,30.3,130253,43,买盘
1568,10:48:36,30.3,172636,57,买盘
1569,10:48:39,30.3,103020,34,买盘
1570,10:48:42,30.29,81801,27,卖盘
1571,10:48:45,30.3,169660,56,买盘
1572,10:48:48,30.31,142384,47,买盘
1573,10:48:51,30.31,263681,87,买盘
1574,10:48:54,30.3,166669,55,卖盘
1575,10:48:57,30.32,163669,54,买盘
1576,10:49:00,30.31,315134,104,中性盘
1577,10:49:03,30.32,78831,26,买盘
1578,10:49:06,30.31,24248,8,中性盘
1579,10:49:09,30.31,48490,16,买盘
1580,10:49:12,30.31,9093,3,买盘
1581,10:49:15,30.32,24256,8,买盘
1582,10:49:18,30.31,75780,25,卖盘
1583,10:49:21,30.3,54560,18,卖盘
1584,10:49:27,30.32,21219,7,买盘
1585,10:49:30,30.32,57604,19,买盘
1586,10:49:33,30.32,87906,29,买盘
1587,10:49:36,30.32,994382,328,买盘
1588,10:49:39,30.32,90950,30,卖盘
1589,10:49:45,30.32,36384,12,买盘
1590,10:49:48,30.32,81859,27,买盘
1591,10:49:54,30.31,81859,27,卖盘
1592,10:49:57,30.33,360821,119,买盘
1593,10:50:00,30.33,78868,26,买盘
1594,10:50:03,30.33,109217,36,卖盘
1595,10:50:06,30.34,30339,10,买盘
1596,10:50:09,30.35,318612,105,买盘
1597,10:50:12,30.35,88015,29,买盘
1598,10:50:15,30.36,349033,115,买盘
1599,10:50:18,30.37,42506,14,买盘
1600,10:50:21,30.37,88072,29,买盘
1601,10:50:24,30.37,51629,17,买盘
1602,10:50:27,30.37,36453,12,卖盘
1603,10:50:30,30.38,145816,48,买盘
1604,10:50:33,30.38,136708,45,买盘
1605,10:50:36,30.37,94171,31,卖盘
1606,10:50:39,30.38,191392,63,买盘
1607,10:50:42,30.38,227809,75,买盘
1608,10:50:45,30.38,194389,64,中性盘
1609,10:50:48,30.38,191446,63,卖盘
1610,10:50:51,30.4,197600,65,买盘
1611,10:50:54,30.37,543967,179,卖盘
1612,10:50:57,30.37,142789,47,买盘
1613,10:51:00,30.36,18231,6,卖盘
1614,10:51:03,30.37,677844,223,买盘
1615,10:51:06,30.36,97176,32,卖盘
1616,10:51:09,30.36,218592,72,卖盘
1617,10:51:12,30.37,324786,107,买盘
1618,10:51:15,30.31,209365,69,卖盘
1619,10:51:18,30.34,18204,6,买盘
1620,10:51:21,30.35,163848,54,买盘
1621,10:51:24,30.35,21245,7,买盘
1622,10:51:27,30.35,18210,6,买盘
1623,10:51:30,30.34,130491,43,卖盘
1624,10:51:33,30.35,601001,198,买盘
1625,10:51:36,30.33,12132,4,卖盘
1626,10:51:39,30.34,33374,11,买盘
1627,10:51:42,30.33,21233,7,卖盘
1628,10:51:45,30.34,203213,67,买盘
1629,10:51:48,30.33,97056,32,买盘
1630,10:51:51,30.33,21230,7,买盘
1631,10:51:54,30.33,33363,11,买盘
1632,10:51:57,30.32,27291,9,卖盘
1633,10:52:00,30.33,154664,51,买盘
1634,10:52:03,30.34,227478,75,买盘
1635,10:52:06,30.33,42466,14,卖盘
1636,10:52:09,30.33,9100,3,卖盘
1637,10:52:12,30.33,69759,23,卖盘
1638,10:52:15,30.33,66726,22,买盘
1639,10:52:18,30.32,27289,9,卖盘
1640,10:52:21,30.33,184960,61,买盘
1641,10:52:24,30.33,42457,14,买盘
1642,10:52:30,30.34,118311,39,买盘
1643,10:52:33,30.32,163797,54,卖盘
1644,10:52:36,30.32,24261,8,卖盘
1645,10:52:39,30.32,15160,5,卖盘
1646,10:52:45,30.32,188011,62,卖盘
1647,10:52:48,30.33,157674,52,中性盘
1648,10:52:51,30.34,27301,9,买盘
1649,10:52:54,30.33,75805,25,中性盘
1650,10:52:57,30.32,93986,31,卖盘
1651,10:53:00,30.31,69729,23,卖盘
1652,10:53:03,30.32,30320,10,卖盘
1653,10:53:06,30.33,6066,2,买盘
1654,10:53:09,30.33,27302,9,卖盘
1655,10:53:12,30.33,60663,20,买盘
1656,10:53:15,30.34,36398,12,买盘
1657,10:53:18,30.32,357884,118,卖盘
1658,10:53:21,30.34,151700,50,买盘
1659,10:53:24,30.34,57630,19,买盘
1660,10:53:27,30.33,54599,18,卖盘
1661,10:53:30,30.33,63703,21,卖盘
1662,10:53:33,30.34,230584,76,买盘
1663,10:53:36,30.33,21231,7,卖盘
1664,10:53:39,30.33,215366,71,卖盘
1665,10:53:42,30.32,24261,8,卖盘
1666,10:53:45,30.32,469988,155,卖盘
1667,10:53:48,30.32,142507,47,买盘
1668,10:53:51,30.32,72768,24,卖盘
1669,10:53:54,30.32,166762,55,卖盘
1670,10:53:57,30.32,466775,154,买盘
1671,10:54:00,30.31,169748,56,卖盘
1672,10:54:03,30.31,209159,69,卖盘
1673,10:54:06,30.32,93964,31,买盘
1674,10:54:09,30.31,93952,31,中性盘
1675,10:54:12,30.3,1439298,475,卖盘
1676,10:54:15,30.27,1523102,503,卖盘
1677,10:54:18,30.28,45420,15,买盘
1678,10:54:21,30.29,118096,39,买盘
1679,10:54:24,30.28,105958,35,中性盘
1680,10:54:27,30.29,169618,56,买盘
1681,10:54:30,30.29,154478,51,买盘
1682,10:54:33,30.29,48464,16,买盘
1683,10:54:36,30.28,112768,37,卖盘
1684,10:54:39,30.29,175672,58,买盘
1685,10:54:42,30.3,9090,3,买盘
1686,10:54:45,30.29,118131,39,卖盘
1687,10:54:48,30.29,42406,14,卖盘
1688,10:54:51,30.29,175682,58,卖盘
1689,10:54:54,30.3,248403,82,买盘
1690,10:54:57,30.29,18175,6,卖盘
1691,10:55:00,30.28,181693,60,卖盘
1692,10:55:03,30.29,566061,187,买盘
1693,10:55:06,30.29,57538,19,买盘
1694,10:55:09,30.27,15143,5,卖盘
1695,10:55:12,30.27,3027,1,卖盘
1696,10:55:15,30.28,3028,1,卖盘
1697,10:55:18,30.29,230142,76,买盘
1698,10:55:21,30.29,33311,11,买盘
1699,10:55:24,30.28,1205144,398,卖盘
1700,10:55:27,30.28,24224,8,买盘
1701,10:55:30,30.28,105970,35,买盘
1702,10:55:33,30.28,72672,24,买盘
1703,10:55:36,30.27,193758,64,卖盘
1704,10:55:39,30.27,51465,17,卖盘
1705,10:55:42,30.27,293629,97,卖盘
1706,10:55:45,30.28,169567,56,买盘
1707,10:55:48,30.28,121120,40,卖盘
1708,10:55:51,30.28,90840,30,卖盘
1709,10:55:54,30.28,112036,37,卖盘
1710,10:55:57,30.28,42392,14,卖盘
1711,10:56:00,30.28,184706,61,卖盘
1712,10:56:03,30.28,157490,52,中性盘
1713,10:56:06,30.28,15144,5,卖盘
1714,10:56:09,30.29,72696,24,买盘
1715,10:56:12,30.29,57549,19,买盘
1716,10:56:15,30.29,112053,37,买盘
1717,10:56:18,30.29,136305,45,买盘
1718,10:56:21,30.28,163546,54,卖盘
1719,10:56:24,30.3,69668,23,买盘
1720,10:56:27,30.29,27264,9,卖盘
1721,10:56:30,30.29,75749,25,卖盘
1722,10:56:33,30.3,21210,7,买盘
1723,10:56:36,30.3,24240,8,买盘
1724,10:56:39,30.29,51504,17,卖盘
1725,10:56:42,30.3,103015,34,买盘
1726,10:56:45,30.31,36358,12,买盘
1727,10:56:48,30.3,36360,12,买盘
1728,10:56:51,30.3,48480,16,买盘
1729,10:56:54,30.3,148464,49,买盘
1730,10:56:57,30.3,9090,3,卖盘
1731,10:57:00,30.3,15150,5,卖盘
1732,10:57:03,30.31,33341,11,买盘
1733,10:57:06,30.3,324209,107,卖盘
1734,10:57:09,30.3,118170,39,买盘
1735,10:57:12,30.29,48478,16,卖盘
1736,10:57:15,30.3,230280,76,买盘
1737,10:57:18,30.3,169680,56,卖盘
1738,10:57:21,30.29,548264,181,卖盘
1739,10:57:24,30.3,9090,3,买盘
1740,10:57:27,30.3,93926,31,买盘
1741,10:57:30,30.3,6060,2,买盘
1742,10:57:33,30.3,24239,8,买盘
1743,10:57:36,30.3,51510,17,卖盘
1744,10:57:39,30.29,6058,2,卖盘
1745,10:57:42,30.3,12120,4,买盘
1746,10:57:45,30.3,24237,8,买盘
1747,10:57:48,30.3,248393,82,买盘
1748,10:57:51,30.3,87870,29,买盘
1749,10:57:54,30.29,472533,156,卖盘
1750,10:57:57,30.29,33319,11,买盘
1751,10:58:00,30.29,30290,10,买盘
1752,10:58:06,30.29,45434,15,买盘
1753,10:58:09,30.29,221110,73,买盘
1754,10:58:12,30.29,39377,13,买盘
1755,10:58:15,30.29,96928,32,买盘
1756,10:58:18,30.29,233297,77,卖盘
1757,10:58:21,30.3,142410,47,买盘
1758,10:58:24,30.31,72723,24,买盘
1759,10:58:27,30.3,112111,37,卖盘
1760,10:58:30,30.31,60616,20,买盘
1761,10:58:33,30.31,93951,31,买盘
1762,10:58:36,30.31,93961,31,卖盘
1763,10:58:39,30.32,18192,6,买盘
1764,10:58:42,30.32,190970,63,买盘
1765,10:58:45,30.32,15160,5,买盘
1766,10:58:48,30.32,472965,156,买盘
1767,10:58:51,30.32,48512,16,卖盘
1768,10:58:54,30.33,136472,45,买盘
1769,10:59:00,30.33,87947,29,买盘
1770,10:59:03,30.33,48528,16,买盘
1771,10:59:06,30.33,90980,30,买盘
1772,10:59:09,30.33,45493,15,买盘
1773,10:59:12,30.33,97047,32,买盘
1774,10:59:15,30.32,39412,13,卖盘
1775,10:59:18,30.31,139434,46,卖盘
1776,10:59:21,30.32,6064,2,买盘
1777,10:59:27,30.32,375876,124,买盘
1778,10:59:30,30.33,27297,9,买盘
1779,10:59:33,30.32,148612,49,卖盘
1780,10:59:36,30.33,72812,24,中性盘
1781,10:59:39,30.32,115224,38,卖盘
1782,10:59:42,30.32,36390,12,买盘
1783,10:59:45,30.33,24264,8,买盘
1784,10:59:48,30.32,12131,4,卖盘
1785,10:59:51,30.32,127376,42,卖盘
1786,10:59:54,30.31,72767,24,卖盘
1787,10:59:57,30.33,75823,25,买盘
1788,11:00:00,30.33,81866,27,买盘
1789,11:00:03,30.33,30330,10,买盘
1790,11:00:06,30.33,81891,27,买盘
1791,11:00:09,30.33,84927,28,买盘
1792,11:00:12,30.33,36396,12,买盘
1793,11:00:15,30.32,60643,20,卖盘
1794,11:00:18,30.32,75802,25,卖盘
1795,11:00:21,30.32,97029,32,卖盘
1796,11:00:24,30.33,160710,53,买盘
1797,11:00:27,30.32,3032,1,中性盘
1798,11:00:33,30.33,33355,11,买盘
1799,11:00:36,30.32,84901,28,卖盘
1800,11:00:39,30.32,18192,6,买盘
1801,11:00:42,30.32,54587,18,买盘
1802,11:00:45,30.31,21222,7,卖盘
1803,11:00:48,30.31,27286,9,卖盘
1804,11:00:51,30.31,203097,67,卖盘
1805,11:00:54,30.32,275898,91,买盘
1806,11:00:57,30.32,9094,3,中性盘
1807,11:01:00,30.32,169793,56,买盘
1808,11:01:03,30.32,39416,13,卖盘
1809,11:01:06,30.32,148565,49,卖盘
1810,11:01:09,30.32,48512,16,买盘
1811,11:01:12,30.32,42441,14,买盘
1812,11:01:15,30.31,6062,2,卖盘
1813,11:01:18,30.32,39416,13,买盘
1814,11:01:24,30.32,33351,11,买盘
1815,11:01:27,30.31,42440,14,卖盘
1816,11:01:30,30.32,24253,8,买盘
1817,11:01:33,30.32,33344,11,买盘
1818,11:01:36,30.32,78832,26,买盘
1819,11:01:39,30.32,12128,4,买盘
1820,11:01:42,30.32,194047,64,买盘
1821,11:01:45,30.32,12128,4,买盘
1822,11:01:48,30.31,297038,98,卖盘
1823,11:01:51,30.31,60639,20,卖盘
1824,11:01:54,30.31,96992,32,卖盘
1825,11:01:57,30.32,554754,183,买盘
1826,11:02:00,30.31,160658,53,卖盘
1827,11:02:03,30.32,439510,145,买盘
1828,11:02:06,30.31,181881,60,卖盘
1829,11:02:09,30.31,72746,24,卖盘
1830,11:02:12,30.32,236481,78,买盘
1831,11:02:15,30.31,81837,27,卖盘
1832,11:02:18,30.32,33352,11,买盘
1833,11:02:21,30.32,27288,9,买盘
1834,11:02:30,30.32,39415,13,买盘
1835,11:02:36,30.31,245515,81,卖盘
1836,11:02:39,30.31,42437,14,买盘
1837,11:02:42,30.31,24248,8,买盘
1838,11:02:45,30.31,133340,44,买盘
1839,11:02:51,30.3,57574,19,卖盘
1840,11:02:54,30.3,590889,195,卖盘
1841,11:02:57,30.3,66667,22,卖盘
1842,11:03:00,30.3,154529,51,买盘
1843,11:03:03,30.3,12120,4,买盘
1844,11:03:06,30.29,121162,40,卖盘
1845,11:03:09,30.29,42408,14,卖盘
1846,11:03:12,30.29,30295,10,卖盘
1847,11:03:15,30.29,36349,12,卖盘
1848,11:03:18,30.3,12120,4,买盘
1849,11:03:21,30.29,15147,5,卖盘
1850,11:03:24,30.3,139355,46,买盘
1851,11:03:27,30.29,166595,55,卖盘
1852,11:03:30,30.29,115125,38,卖盘
1853,11:03:36,30.29,87842,29,卖盘
1854,11:03:39,30.29,87841,29,卖盘
1855,11:03:42,30.28,48463,16,卖盘
1856,11:03:45,30.28,24230,8,卖盘
1857,11:03:48,30.28,42392,14,卖盘
1858,11:03:51,30.28,84784,28,卖盘
1859,11:03:54,30.28,157456,52,卖盘
1860,11:03:57,30.28,529900,175,卖盘
1861,11:04:00,30.28,208972,69,卖盘
1862,11:04:03,30.28,3028,1,卖盘
1863,11:04:06,30.28,160484,53,卖盘
1864,11:04:09,30.28,18168,6,卖盘
1865,11:04:12,30.28,196820,65,卖盘
1866,11:04:15,30.29,96922,32,买盘
1867,11:04:18,30.28,15140,5,卖盘
1868,11:04:21,30.28,3028,1,卖盘
1869,11:04:24,30.29,21203,7,买盘
1870,11:04:27,30.28,21196,7,卖盘
1871,11:04:30,30.28,66627,22,卖盘
1872,11:04:33,30.28,45420,15,卖盘
1873,11:04:36,30.29,529924,175,买盘
1874,11:04:39,30.28,3028,1,卖盘
1875,11:04:42,30.28,202876,67,卖盘
1876,11:04:45,30.27,36324,12,卖盘
1877,11:04:48,30.28,30279,10,买盘
1878,11:04:51,30.28,230128,76,买盘
1879,11:04:54,30.28,184708,61,卖盘
1880,11:04:57,30.28,263436,87,卖盘
1881,11:05:00,30.28,21196,7,卖盘
1882,11:05:03,30.28,154428,51,卖盘
1883,11:05:06,30.28,157456,52,买盘
1884,11:05:09,30.27,78702,26,卖盘
1885,11:05:12,30.28,102950,34,买盘
1886,11:05:15,30.28,24221,8,买盘
1887,11:05:18,30.29,563091,186,买盘
1888,11:05:21,30.27,57523,19,卖盘
1889,11:05:24,30.28,287748,95,中性盘
1890,11:05:27,30.29,136301,45,买盘
1891,11:05:30,30.29,221118,73,买盘
1892,11:05:33,30.3,215105,71,买盘
1893,11:05:36,30.3,309060,102,买盘
1894,11:05:39,30.29,121193,40,卖盘
1895,11:05:42,30.3,9090,3,买盘
1896,11:05:45,30.29,154492,51,卖盘
1897,11:05:48,30.3,2511868,829,买盘
1898,11:05:51,30.3,130285,43,买盘
1899,11:05:54,30.3,81810,27,买盘
1900,11:05:57,30.31,3672373,1212,买盘
1901,11:06:00,30.3,506105,167,卖盘
1902,11:06:03,30.31,84868,28,买盘
1903,11:06:09,30.31,15155,5,卖盘
1904,11:06:12,30.32,6063,2,买盘
1905,11:06:15,30.31,30318,10,卖盘
1906,11:06:18,30.31,130338,43,卖盘
1907,11:06:21,30.31,33341,11,卖盘
1908,11:06:24,30.32,51535,17,买盘
1909,11:06:27,30.32,121270,40,买盘
1910,11:06:30,30.31,100023,33,卖盘
1911,11:06:33,30.31,163714,54,买盘
1912,11:06:36,30.31,30311,10,卖盘
1913,11:06:39,30.32,9096,3,买盘
1914,11:06:42,30.32,54574,18,买盘
1915,11:06:45,30.32,24251,8,买盘
1916,11:06:48,30.32,12128,4,买盘
1917,11:06:51,30.32,6064,2,买盘
1918,11:06:54,30.32,115213,38,买盘
1919,11:06:57,30.33,45487,15,买盘
1920,11:07:00,30.31,166735,55,卖盘
1921,11:07:06,30.32,42448,14,买盘
1922,11:07:09,30.32,33352,11,卖盘
1923,11:07:12,30.32,48503,16,卖盘
1924,11:07:15,30.33,3033,1,买盘
1925,11:07:18,30.31,181869,60,卖盘
1926,11:07:21,30.32,6064,2,买盘
1927,11:07:24,30.31,118228,39,卖盘
1928,11:07:27,30.31,154596,51,卖盘
1929,11:07:30,30.31,124271,41,买盘
1930,11:07:33,30.3,3030,1,卖盘
1931,11:07:36,30.31,6062,2,买盘
1932,11:07:39,30.3,84840,28,卖盘
1933,11:07:42,30.32,63670,21,买盘
1934,11:07:45,30.3,81829,27,卖盘
1935,11:07:48,30.29,309038,102,卖盘
1936,11:07:51,30.3,12120,4,买盘
1937,11:07:54,30.3,390770,129,卖盘
1938,11:07:57,30.29,6058,2,卖盘
1939,11:08:00,30.29,3029,1,卖盘
1940,11:08:03,30.3,248460,82,买盘
1941,11:08:06,30.29,69667,23,卖盘
1942,11:08:09,30.29,193913,64,卖盘
1943,11:08:12,30.3,18180,6,买盘
1944,11:08:15,30.3,578634,191,买盘
1945,11:08:24,30.31,57576,19,买盘
1946,11:08:27,30.3,12120,4,卖盘
1947,11:08:30,30.31,15155,5,买盘
1948,11:08:33,30.3,312090,103,卖盘
1949,11:08:36,30.3,96960,32,买盘
1950,11:08:39,30.3,3030,1,买盘
1951,11:08:42,30.3,63627,21,买盘
1952,11:08:45,30.29,36348,12,卖盘
1953,11:08:48,30.29,66646,22,卖盘
1954,11:08:51,30.29,69667,23,卖盘
1955,11:08:54,30.29,48464,16,买盘
1956,11:08:57,30.29,18174,6,中性盘
1957,11:09:03,30.29,15145,5,买盘
1958,11:09:06,30.3,112076,37,买盘
1959,11:09:09,30.29,42408,14,卖盘
1960,11:09:12,30.29,45440,15,卖盘
1961,11:09:15,30.29,151450,50,卖盘
1962,11:09:18,30.29,6058,2,中性盘
1963,11:09:21,30.28,526874,174,卖盘
1964,11:09:24,30.28,3028,1,卖盘
1965,11:09:27,30.29,6057,2,买盘
1966,11:09:30,30.28,133257,44,卖盘
1967,11:09:33,30.29,30290,10,买盘
1968,11:09:36,30.29,84813,28,买盘
1969,11:09:39,30.28,102989,34,卖盘
1970,11:09:42,30.28,151414,50,卖盘
1971,11:09:45,30.28,254388,84,卖盘
1972,11:09:48,30.29,642330,212,中性盘
1973,11:09:51,30.3,42420,14,买盘
1974,11:09:54,30.29,57554,19,卖盘
1975,11:09:57,30.29,24235,8,卖盘
1976,11:10:00,30.29,72696,24,中性盘
1977,11:10:06,30.3,124230,41,买盘
1978,11:10:09,30.3,933247,308,买盘
1979,11:10:12,30.29,196966,65,卖盘
1980,11:10:15,30.3,6060,2,中性盘
1981,11:10:18,30.29,118154,39,卖盘
1982,11:10:21,30.29,133305,44,卖盘
1983,11:10:24,30.3,18180,6,买盘
1984,11:10:27,30.3,78770,26,买盘
1985,11:10:30,30.3,27268,9,买盘
1986,11:10:33,30.29,251407,83,卖盘
1987,11:10:36,30.29,327132,108,买盘
1988,11:10:39,30.3,781504,258,买盘
1989,11:10:42,30.3,375607,124,买盘
1990,11:10:45,30.29,112095,37,卖盘
1991,11:10:48,30.32,1357631,448,买盘
1992,11:10:51,30.33,366895,121,买盘
1993,11:10:54,30.31,24255,8,卖盘
1994,11:10:57,30.33,103122,34,买盘
1995,11:11:00,30.32,42459,14,卖盘
1996,11:11:03,30.34,1264701,417,买盘
1997,11:11:06,30.32,409540,135,卖盘
1998,11:11:09,30.35,318445,105,买盘
1999,11:11:12,30.35,127367,42,买盘
2000,11:11:15,30.33,75851,25,中性盘
2001,11:11:18,30.33,51561,17,买盘
2002,11:11:21,30.35,224474,74,买盘
2003,11:11:24,30.35,51595,17,买盘
2004,11:11:27,30.33,63699,21,卖盘
2005,11:11:30,30.35,97102,32,买盘
2006,11:11:33,30.35,12140,4,买盘
2007,11:11:36,30.35,1732700,571,买盘
2008,11:11:39,30.33,3033,1,卖盘
2009,11:11:45,30.34,270045,89,买盘
2010,11:11:48,30.34,191142,63,买盘
2011,11:11:51,30.32,63702,21,卖盘
2012,11:11:54,30.32,51556,17,卖盘
2013,11:11:57,30.31,266860,88,卖盘
2014,11:12:00,30.32,94013,31,买盘
2015,11:12:03,30.33,21226,7,买盘
2016,11:12:06,30.32,115222,38,卖盘
2017,11:12:09,30.33,3033,1,买盘
2018,11:12:12,30.33,48528,16,买盘
2019,11:12:15,30.33,90970,30,买盘
2020,11:12:18,30.33,87938,29,买盘
2021,11:12:21,30.32,30329,10,卖盘
2022,11:12:24,30.33,72792,24,买盘
2023,11:12:27,30.33,36391,12,买盘
2024,11:12:30,30.33,42450,14,买盘
2025,11:12:33,30.33,36396,12,买盘
2026,11:12:36,30.33,57627,19,卖盘
2027,11:12:39,30.33,3033,1,买盘
2028,11:12:42,30.34,24272,8,买盘
2029,11:12:45,30.33,106181,35,卖盘
2030,11:12:48,30.34,9101,3,买盘
2031,11:12:51,30.34,18203,6,买盘
2032,11:12:54,30.33,118313,39,卖盘
2033,11:12:57,30.34,42476,14,买盘
2034,11:13:00,30.32,1267944,418,卖盘
2035,11:13:03,30.31,178905,59,卖盘
2036,11:13:06,30.32,42448,14,买盘
2037,11:13:09,30.31,90943,30,卖盘
2038,11:13:12,30.31,63667,21,卖盘
2039,11:13:15,30.31,12124,4,卖盘
2040,11:13:18,30.33,39422,13,买盘
2041,11:13:27,30.35,151734,50,买盘
2042,11:13:30,30.33,18197,6,卖盘
2043,11:13:36,30.34,9102,3,买盘
2044,11:13:39,30.34,3034,1,买盘
2045,11:13:42,30.34,48544,16,买盘
2046,11:13:45,30.33,106160,35,卖盘
2047,11:13:48,30.33,33371,11,卖盘
2048,11:13:51,30.33,673601,222,卖盘
2049,11:13:54,30.35,163846,54,买盘
2050,11:13:57,30.35,54614,18,买盘
2051,11:14:00,30.35,163875,54,买盘
2052,11:14:03,30.35,151750,50,买盘
2053,11:14:06,30.35,81957,27,卖盘
2054,11:14:09,30.35,84984,28,卖盘
2055,11:14:12,30.35,36422,12,卖盘
2056,11:14:15,30.35,30350,10,卖盘
2057,11:14:18,30.36,604163,199,买盘
2058,11:14:21,30.37,106294,35,买盘
2059,11:14:24,30.37,69851,23,买盘
2060,11:14:27,30.36,215587,71,卖盘
2061,11:14:30,30.37,574022,189,卖盘
2062,11:14:33,30.37,63783,21,卖盘
2063,11:14:36,30.38,97216,32,买盘
2064,11:14:39,30.38,157963,52,买盘
2065,11:14:42,30.38,203529,67,买盘
2066,11:14:45,30.37,15188,5,卖盘
2067,11:14:48,30.38,561950,185,买盘
2068,11:14:51,30.38,273472,90,买盘
2069,11:14:54,30.39,109394,36,买盘
2070,11:14:57,30.39,136731,45,买盘
2071,11:15:00,30.39,45582,15,买盘
2072,11:15:03,30.39,279669,92,卖盘
2073,11:15:06,30.39,252262,83,卖盘
2074,11:15:09,30.39,246159,81,卖盘
2075,11:15:12,30.4,72953,24,买盘
2076,11:15:15,30.39,54716,18,卖盘
2077,11:15:18,30.4,428676,141,买盘
2078,11:15:21,30.4,60800,20,卖盘
2079,11:15:24,30.4,179416,59,卖盘
2080,11:15:27,30.42,566785,186,买盘
2081,11:15:30,30.42,106503,35,卖盘
2082,11:15:33,30.43,118702,39,买盘
2083,11:15:36,30.44,213096,70,买盘
2084,11:15:39,30.43,60867,20,卖盘
2085,11:15:42,30.43,392643,129,卖盘
2086,11:15:45,30.44,438336,144,买盘
2087,11:15:48,30.45,130928,43,买盘
2088,11:15:51,30.44,100483,33,卖盘
2089,11:15:54,30.44,258771,85,卖盘
2090,11:15:57,30.44,657685,216,卖盘
2091,11:16:00,30.45,255759,84,买盘
2092,11:16:03,30.45,1090012,358,买盘
2093,11:16:06,30.45,3415543,1123,买盘
2094,11:16:09,30.42,694232,228,卖盘
2095,11:16:12,30.43,292171,96,中性盘
2096,11:16:15,30.43,143053,47,卖盘
2097,11:16:18,30.45,115697,38,买盘
2098,11:16:21,30.45,200906,66,买盘
2099,11:16:24,30.43,60865,20,卖盘
2100,11:16:27,30.42,249466,82,卖盘
2101,11:16:30,30.42,179501,59,卖盘
2102,11:16:33,30.42,33470,11,卖盘
2103,11:16:36,30.42,382233,126,卖盘
2104,11:16:39,30.42,237308,78,买盘
2105,11:16:42,30.42,94249,31,买盘
2106,11:16:45,30.42,57783,19,买盘
2107,11:16:48,30.4,54722,18,卖盘
2108,11:16:51,30.4,82079,27,卖盘
2109,11:16:54,30.4,30403,10,卖盘
2110,11:16:57,30.39,72950,24,卖盘
2111,11:17:00,30.4,897187,295,买盘
2112,11:17:03,30.42,100386,33,中性盘
2113,11:17:06,30.43,66945,22,买盘
2114,11:17:09,30.42,176357,58,卖盘
2115,11:17:12,30.41,51711,17,卖盘
2116,11:17:15,30.42,179466,59,买盘
2117,11:17:18,30.41,492871,162,卖盘
2118,11:17:21,30.43,85184,28,买盘
2119,11:17:24,30.42,21297,7,卖盘
2120,11:17:27,30.43,307337,101,买盘
2121,11:17:30,30.43,346907,114,卖盘
2122,11:17:33,30.43,1461360,480,买盘
2123,11:17:36,30.44,1263674,415,中性盘
2124,11:17:39,30.44,173518,57,卖盘
2125,11:17:42,30.45,2998302,985,买盘
2126,11:17:45,30.45,94378,31,买盘
2127,11:17:48,30.45,182709,60,买盘
2128,11:17:51,30.46,1321856,434,买盘
2129,11:17:54,30.45,435548,143,卖盘
2130,11:17:57,30.46,36562,12,中性盘
2131,11:18:00,30.45,97460,32,卖盘
2132,11:18:03,30.47,1715382,563,买盘
2133,11:18:06,30.46,146249,48,卖盘
2134,11:18:09,30.46,292459,96,卖盘
2135,11:18:12,30.47,3621668,1190,买盘
2136,11:18:15,30.47,185861,61,买盘
2137,11:18:18,30.48,929287,305,买盘
2138,11:18:21,30.47,213285,70,买盘
2139,11:18:24,30.47,228572,75,买盘
2140,11:18:27,30.47,286469,94,卖盘
2141,11:18:30,30.47,435726,143,卖盘
2142,11:18:33,30.47,225490,74,卖盘
2143,11:18:36,30.47,152374,50,卖盘
2144,11:18:39,30.5,21728624,7125,买盘
2145,11:18:42,30.54,4172552,1367,买盘
2146,11:18:45,30.54,680997,223,买盘
2147,11:18:48,30.54,986365,323,买盘
2148,11:18:51,30.53,558789,183,卖盘
2149,11:18:54,30.53,302243,99,买盘
2150,11:18:57,30.53,555723,182,买盘
2151,11:19:00,30.53,271759,89,卖盘
2152,11:19:03,30.55,2410105,789,买盘
2153,11:19:06,30.54,1484190,486,卖盘
2154,11:19:09,30.55,589452,193,买盘
2155,11:19:12,30.54,2013038,659,卖盘
2156,11:19:15,30.55,451993,148,买盘
2157,11:19:18,30.54,430628,141,卖盘
2158,11:19:21,30.54,1072141,351,卖盘
2159,11:19:24,30.55,549802,180,买盘
2160,11:19:27,30.53,561928,184,卖盘
2161,11:19:30,30.51,2011784,659,卖盘
2162,11:19:33,30.5,295887,97,卖盘
2163,11:19:36,30.5,591765,194,买盘
2164,11:19:39,30.5,539916,177,卖盘
2165,11:19:42,30.51,134216,44,买盘
2166,11:19:45,30.5,637458,209,卖盘
2167,11:19:48,30.5,558144,183,卖盘
2168,11:19:51,30.49,106730,35,卖盘
2169,11:19:54,30.5,259123,85,买盘
2170,11:19:57,30.49,280517,92,卖盘
2171,11:20:00,30.49,295762,97,卖盘
2172,11:20:03,30.5,179901,59,买盘
2173,11:20:06,30.49,51835,17,卖盘
2174,11:20:09,30.49,222592,73,卖盘
2175,11:20:12,30.49,152449,50,买盘
2176,11:20:15,30.48,170733,56,卖盘
2177,11:20:18,30.49,387204,127,买盘
2178,11:20:21,30.48,804898,264,卖盘
2179,11:20:24,30.49,1258906,413,卖盘
2180,11:20:27,30.49,253037,83,买盘
2181,11:20:30,30.48,60967,20,卖盘
2182,11:20:33,30.47,76199,25,卖盘
2183,11:20:36,30.48,124978,41,买盘
2184,11:20:39,30.48,100560,33,买盘
2185,11:20:42,30.47,131025,43,卖盘
2186,11:20:45,30.47,36564,12,卖盘
2187,11:20:48,30.47,82282,27,买盘
2188,11:20:51,30.47,73128,24,卖盘
2189,11:20:54,30.47,57890,19,买盘
2190,11:20:57,30.46,1399315,459,卖盘
2191,11:21:00,30.47,146262,48,买盘
2192,11:21:03,30.48,332378,109,中性盘
2193,11:21:06,30.48,82307,27,卖盘
2194,11:21:09,30.48,137160,45,卖盘
2195,11:21:12,30.48,137161,45,卖盘
2196,11:21:15,30.48,140203,46,买盘
2197,11:21:18,30.48,356612,117,买盘
2198,11:21:21,30.47,240731,79,卖盘
2199,11:21:24,30.47,140182,46,卖盘
2200,11:21:27,30.48,57910,19,买盘
2201,11:21:30,30.47,45714,15,卖盘
2202,11:21:33,30.47,112759,37,卖盘
2203,11:21:36,30.48,149320,49,买盘
2204,11:21:39,30.47,91413,30,卖盘
2205,11:21:42,30.47,73135,24,卖盘
2206,11:21:45,30.48,182823,60,买盘
2207,11:21:48,30.48,246841,81,买盘
2208,11:21:51,30.48,143247,47,买盘
2209,11:21:54,30.48,79228,26,买盘
2210,11:21:57,30.47,27431,9,卖盘
2211,11:22:00,30.47,88368,29,卖盘
2212,11:22:03,30.47,249929,82,卖盘
2213,11:22:06,30.47,124932,41,卖盘
2214,11:22:09,30.46,1066279,350,卖盘
2215,11:22:12,30.45,6091,2,卖盘
2216,11:22:15,30.44,931740,306,卖盘
2217,11:22:18,30.43,54796,18,卖盘
2218,11:22:21,30.42,663372,218,卖盘
2219,11:22:24,30.42,164361,54,卖盘
2220,11:22:27,30.41,69957,23,卖盘
2221,11:22:30,30.41,182472,60,卖盘
2222,11:22:33,30.41,322339,106,卖盘
2223,11:22:36,30.4,112483,37,卖盘
2224,11:22:39,30.4,51691,17,卖盘
2225,11:22:42,30.4,133760,44,卖盘
2226,11:22:45,30.4,1314636,432,卖盘
2227,11:22:48,30.41,149011,49,中性盘
2228,11:22:51,30.41,121724,40,卖盘
2229,11:22:54,30.42,9126,3,中性盘
2230,11:22:57,30.42,453486,149,卖盘
2231,11:23:00,30.42,569191,187,卖盘
2232,11:23:03,30.41,319364,105,卖盘
2233,11:23:06,30.41,60827,20,卖盘
2234,11:23:09,30.42,112552,37,买盘
2235,11:23:12,30.42,3042,1,卖盘
2236,11:23:15,30.42,39546,13,卖盘
2237,11:23:18,30.41,234225,77,卖盘
2238,11:23:21,30.42,310183,102,买盘
2239,11:23:24,30.41,103400,34,买盘
2240,11:23:27,30.42,273668,90,买盘
2241,11:23:30,30.4,754066,248,卖盘
2242,11:23:33,30.41,158090,52,中性盘
2243,11:23:36,30.42,76020,25,买盘
2244,11:23:39,30.4,45600,15,卖盘
2245,11:23:42,30.4,9122,3,卖盘
2246,11:23:45,30.4,258400,85,卖盘
2247,11:23:48,30.39,303999,100,卖盘
2248,11:23:51,30.39,66879,22,卖盘
2249,11:23:54,30.39,148921,49,卖盘
2250,11:23:57,30.39,36468,12,卖盘
2251,11:24:00,30.4,24317,8,中性盘
2252,11:24:03,30.41,57765,19,买盘
2253,11:24:06,30.4,112481,37,卖盘
2254,11:24:09,30.4,69923,23,卖盘
2255,11:24:12,30.4,12160,4,卖盘
2256,11:24:15,30.4,21280,7,卖盘
2257,11:24:18,30.4,106417,35,卖盘
2258,11:24:21,30.41,76025,25,买盘
2259,11:24:24,30.41,18246,6,卖盘
2260,11:24:27,30.41,51700,17,卖盘
2261,11:24:30,30.42,88208,29,买盘
2262,11:24:33,30.41,24328,8,卖盘
2263,11:24:36,30.41,182460,60,卖盘
2264,11:24:39,30.41,76025,25,买盘
2265,11:24:42,30.41,9123,3,中性盘
2266,11:24:45,30.41,100356,33,卖盘
2267,11:24:48,30.41,12164,4,卖盘
2268,11:24:51,30.41,149009,49,卖盘
2269,11:24:54,30.42,42579,14,买盘
2270,11:24:57,30.41,79082,26,卖盘
2271,11:25:00,30.39,1051799,346,卖盘
2272,11:25:03,30.39,595463,196,中性盘
2273,11:25:06,30.37,33424,11,卖盘
2274,11:25:09,30.41,45582,15,买盘
2275,11:25:12,30.37,15185,5,卖盘
2276,11:25:15,30.38,3038,1,中性盘
2277,11:25:18,30.38,6078,2,卖盘
2278,11:25:21,30.39,27351,9,中性盘
2279,11:25:24,30.39,3039,1,卖盘
2280,11:25:27,30.4,76005,25,买盘
2281,11:25:30,30.4,9120,3,卖盘
2282,11:25:33,30.4,51679,17,买盘
2283,11:25:36,30.39,9119,3,卖盘
2284,11:25:39,30.39,39517,13,卖盘
2285,11:25:42,30.39,109410,36,卖盘
2286,11:25:45,30.39,63826,21,卖盘
2287,11:25:48,30.39,6078,2,卖盘
2288,11:25:51,30.39,33429,11,卖盘
2289,11:25:54,30.39,9117,3,买盘
2290,11:25:57,30.39,63819,21,卖盘
2291,11:26:00,30.38,66857,22,卖盘
2292,11:26:03,30.38,15194,5,卖盘
2293,11:26:06,30.38,57735,19,卖盘
2294,11:26:09,30.38,130676,43,卖盘
2295,11:26:12,30.38,79003,26,卖盘
2296,11:26:15,30.39,340381,112,买盘
2297,11:26:18,30.4,477269,157,买盘
2298,11:26:21,30.41,294968,97,买盘
2299,11:26:24,30.41,54748,18,卖盘
2300,11:26:27,30.42,27375,9,买盘
2301,11:26:30,30.41,161173,53,卖盘
2302,11:26:33,30.41,124700,41,卖盘
2303,11:26:36,30.42,109485,36,买盘
2304,11:26:39,30.42,57797,19,买盘
2305,11:26:42,30.41,158105,52,卖盘
2306,11:26:45,30.42,21293,7,中性盘
2307,11:26:48,30.43,69986,23,买盘
2308,11:26:51,30.43,42602,14,买盘
2309,11:26:54,30.43,42602,14,卖盘
2310,11:26:57,30.42,76074,25,卖盘
2311,11:27:00,30.43,39554,13,买盘
2312,11:27:03,30.42,133889,44,卖盘
2313,11:27:06,30.42,97347,32,卖盘
2314,11:27:09,30.42,85177,28,卖盘
2315,11:27:12,30.44,489938,161,买盘
2316,11:27:15,30.43,362231,119,卖盘
2317,11:27:18,30.44,21308,7,买盘
2318,11:27:21,30.44,197878,65,卖盘
2319,11:27:24,30.44,124828,41,卖盘
2320,11:27:27,30.46,106566,35,买盘
2321,11:27:30,30.46,18272,6,买盘
2322,11:27:33,30.45,70056,23,卖盘
2323,11:27:36,30.45,97457,32,卖盘
2324,11:27:39,30.45,42630,14,卖盘
2325,11:27:42,30.45,109652,36,卖盘
2326,11:27:45,30.45,60900,20,卖盘
2327,11:27:48,30.45,267962,88,卖盘
2328,11:27:51,30.45,155296,51,卖盘
2329,11:27:54,30.46,383742,126,买盘
2330,11:27:57,30.46,225374,74,买盘
2331,11:28:00,30.45,85289,28,卖盘
2332,11:28:03,30.45,167537,55,卖盘
2333,11:28:06,30.46,258892,85,买盘
2334,11:28:09,30.46,97471,32,卖盘
2335,11:28:12,30.46,9139,3,卖盘
2336,11:28:15,30.46,191898,63,卖盘
2337,11:28:18,30.45,216264,71,卖盘
2338,11:28:21,30.46,130973,43,买盘
2339,11:28:24,30.45,143157,47,卖盘
2340,11:28:27,30.45,213217,70,卖盘
2341,11:28:30,30.45,231476,76,卖盘
2342,11:28:33,30.45,371573,122,卖盘
2343,11:28:36,30.45,167496,55,卖盘
2344,11:28:39,30.45,118766,39,卖盘
2345,11:28:42,30.45,313660,103,卖盘
2346,11:28:45,30.45,70039,23,卖盘
2347,11:28:48,30.44,36539,12,卖盘
2348,11:28:51,30.45,42627,14,买盘
2349,11:28:54,30.45,441510,145,买盘
2350,11:28:57,30.45,27405,9,卖盘
2351,11:29:00,30.45,240566,79,卖盘
2352,11:29:03,30.45,664028,218,卖盘
2353,11:29:06,30.45,496377,163,卖盘
2354,11:29:09,30.44,51764,17,卖盘
2355,11:29:12,30.45,234493,77,买盘
2356,11:29:15,30.44,85241,28,卖盘
2357,11:29:18,30.45,213085,70,买盘
2358,11:29:21,30.45,368397,121,买盘
2359,11:29:24,30.46,295462,97,买盘
2360,11:29:27,30.47,737306,242,买盘
2361,11:29:30,30.48,423666,139,买盘
2362,11:29:33,30.47,505903,166,卖盘
2363,11:29:36,30.47,612652,201,买盘
2364,11:29:39,30.47,173710,57,卖盘
2365,11:29:42,30.48,268240,88,买盘
2366,11:29:45,30.48,76200,25,卖盘
2367,11:29:48,30.49,661562,217,买盘
2368,11:29:51,30.5,246969,81,买盘
2369,11:29:54,30.49,838731,275,卖盘
2370,11:29:57,30.5,2321078,761,买盘
2371,11:30:00,30.5,414817,136,卖盘
2372,13:00:00,30.53,6213634,2036,买盘
2373,13:00:03,30.53,5608164,1837,买盘
2374,13:00:06,30.55,1762412,577,买盘
2375,13:00:09,30.55,1319646,432,买盘
2376,13:00:12,30.54,3766734,1233,卖盘
2377,13:00:15,30.55,2492065,816,买盘
2378,13:00:18,30.47,14384238,4715,卖盘
2379,13:00:21,30.48,530223,174,买盘
2380,13:00:24,30.47,179737,59,卖盘
2381,13:00:27,30.48,234677,77,买盘
2382,13:00:30,30.47,356625,117,卖盘
2383,13:00:33,30.48,225549,74,中性盘
2384,13:00:36,30.5,210342,69,买盘
2385,13:00:39,30.48,637052,209,卖盘
2386,13:00:42,30.5,591221,194,买盘
2387,13:00:45,30.5,100592,33,买盘
2388,13:00:48,30.51,686148,225,买盘
2389,13:00:51,30.5,21350,7,卖盘
2390,13:00:54,30.5,118918,39,买盘
2391,13:00:57,30.51,210456,69,买盘
2392,13:01:00,30.5,283664,93,卖盘
2393,13:01:03,30.48,3336507,1094,卖盘
2394,13:01:06,30.47,828891,272,卖盘
2395,13:01:09,30.46,127941,42,卖盘
2396,13:01:12,30.47,225523,74,中性盘
2397,13:01:15,30.46,420423,138,卖盘
2398,13:01:18,30.46,191820,63,中性盘
2399,13:01:21,30.43,36530,12,卖盘
2400,13:01:24,30.42,264724,87,卖盘
2401,13:01:27,30.43,115650,38,中性盘
2402,13:01:30,30.42,176456,58,卖盘
2403,13:01:33,30.44,255633,84,买盘
2404,13:01:36,30.44,121746,40,买盘
2405,13:01:39,30.44,91347,30,卖盘
2406,13:01:42,30.46,57856,19,买盘
2407,13:01:45,30.45,21319,7,卖盘
2408,13:01:48,30.45,246640,81,卖盘
2409,13:01:51,30.46,344087,113,买盘
2410,13:01:54,30.45,150472,49,卖盘
2411,13:01:57,30.46,27420,9,中性盘
2412,13:02:00,30.46,396175,130,卖盘
2413,13:02:03,30.5,167630,55,买盘
2414,13:02:06,30.5,54889,18,买盘
2415,13:02:09,30.49,222579,73,卖盘
2416,13:02:12,30.49,3049,1,买盘
2417,13:02:15,30.49,103664,34,买盘
2418,13:02:18,30.49,667404,219,中性盘
2419,13:02:21,30.49,48785,16,卖盘
2420,13:02:24,30.49,1435493,471,卖盘
2421,13:02:27,30.49,344521,113,买盘
2422,13:02:30,30.46,402364,132,中性盘
2423,13:02:33,30.46,12186,4,卖盘
2424,13:02:36,30.46,911388,299,中性盘
2425,13:02:39,30.49,121854,40,买盘
2426,13:02:42,30.49,573089,188,买盘
2427,13:02:45,30.48,48772,16,卖盘
2428,13:02:48,30.48,97528,32,卖盘
2429,13:02:51,30.48,27433,9,卖盘
2430,13:02:54,30.48,6095,2,中性盘
2431,13:02:57,30.48,191974,63,中性盘
2432,13:03:00,30.46,112774,37,卖盘
2433,13:03:03,30.46,24370,8,卖盘
2434,13:03:06,30.46,1967521,646,卖盘
2435,13:03:09,30.45,173633,57,卖盘
2436,13:03:12,30.46,88346,29,买盘
2437,13:03:15,30.46,146170,48,卖盘
2438,13:03:18,30.46,88334,29,买盘
2439,13:03:21,30.45,30459,10,卖盘
2440,13:03:24,30.45,82225,27,卖盘
2441,13:03:27,30.45,843465,277,卖盘
2442,13:03:30,30.45,106573,35,买盘
2443,13:03:33,30.45,82197,27,买盘
2444,13:03:36,30.44,401840,132,卖盘
2445,13:03:39,30.44,100464,33,卖盘
2446,13:03:42,30.44,112631,37,卖盘
2447,13:03:45,30.45,478029,157,买盘
2448,13:03:48,30.45,242291,80,卖盘
2449,13:03:51,30.45,149205,49,卖盘
2450,13:03:54,30.46,57859,19,买盘
2451,13:03:57,30.45,152286,50,卖盘
2452,13:04:00,30.45,244918,80,卖盘
2453,13:04:03,30.46,593824,195,买盘
2454,13:04:06,30.47,121854,40,买盘
2455,13:04:09,30.48,319928,105,买盘
2456,13:04:12,30.47,30470,10,卖盘
2457,13:04:15,30.48,39620,13,买盘
2458,13:04:18,30.48,88386,29,买盘
2459,13:04:21,30.48,42672,14,买盘
2460,13:04:24,30.48,1173124,385,买盘
2461,13:04:27,30.48,652267,214,买盘
2462,13:04:30,30.47,146266,48,中性盘
2463,13:04:33,30.48,100575,33,买盘
2464,13:04:36,30.47,124933,41,卖盘
2465,13:04:39,30.48,94469,31,买盘
2466,13:04:42,30.48,88368,29,买盘
2467,13:04:45,30.45,4416652,1450,卖盘
2468,13:04:48,30.45,444569,146,买盘
2469,13:04:51,30.45,118799,39,中性盘
2470,13:04:54,30.44,51748,17,卖盘
2471,13:04:57,30.44,526421,173,买盘
2472,13:05:00,30.44,88307,29,卖盘
2473,13:05:03,30.4,1030837,339,卖盘
2474,13:05:06,30.39,279679,92,卖盘
2475,13:05:09,30.4,291772,96,中性盘
2476,13:05:12,30.39,30391,10,中性盘
2477,13:05:15,30.4,118498,39,买盘
2478,13:05:18,30.38,36467,12,卖盘
2479,13:05:21,30.38,106352,35,卖盘
2480,13:05:24,30.38,33420,11,卖盘
2481,13:05:27,30.38,315952,104,卖盘
2482,13:05:30,30.38,391914,129,买盘
2483,13:05:33,30.38,2558696,842,买盘
2484,13:05:36,30.38,440523,145,卖盘
2485,13:05:39,30.38,54704,18,卖盘
2486,13:05:42,30.4,6079,2,买盘
2487,13:05:45,30.4,185320,61,买盘
2488,13:05:48,30.41,54732,18,买盘
2489,13:05:51,30.41,115539,38,买盘
2490,13:05:54,30.39,2033846,669,卖盘
2491,13:05:57,30.38,562375,185,卖盘
2492,13:06:00,30.38,94178,31,卖盘
2493,13:06:03,30.38,273421,90,卖盘
2494,13:06:06,30.39,218868,72,卖盘
2495,13:06:09,30.39,54704,18,卖盘
2496,13:06:12,30.39,57745,19,买盘
2497,13:06:15,30.4,224847,74,卖盘
2498,13:06:18,30.4,112485,37,卖盘
2499,13:06:21,30.41,145930,48,买盘
2500,13:06:24,30.4,139878,46,卖盘
2501,13:06:27,30.42,27376,9,买盘
2502,13:06:30,30.42,54756,18,卖盘
2503,13:06:33,30.4,349668,115,卖盘
2504,13:06:36,30.4,45605,15,卖盘
2505,13:06:39,30.4,988303,325,卖盘
2506,13:06:42,30.42,197706,65,买盘
2507,13:06:45,30.42,9126,3,卖盘
2508,13:06:48,30.42,30420,10,卖盘
2509,13:06:51,30.4,757162,249,卖盘
2510,13:06:54,30.42,362007,119,中性盘
2511,13:06:57,30.42,30419,10,买盘
2512,13:07:00,30.4,261448,86,卖盘
2513,13:07:03,30.4,45600,15,卖盘
2514,13:07:06,30.4,57775,19,卖盘
2515,13:07:09,30.4,18241,6,卖盘
2516,13:07:12,30.41,66884,22,买盘
2517,13:07:15,30.41,170296,56,买盘
2518,13:07:21,30.4,88164,29,卖盘
2519,13:07:24,30.4,246230,81,卖盘
2520,13:07:27,30.39,127672,42,卖盘
2521,13:07:30,30.4,237120,78,买盘
2522,13:07:33,30.4,6081,2,卖盘
2523,13:07:36,30.42,325442,107,买盘
2524,13:07:39,30.42,51703,17,卖盘
2525,13:07:42,30.42,118646,39,卖盘
2526,13:07:45,30.43,27383,9,买盘
2527,13:07:48,30.42,42590,14,卖盘
2528,13:07:51,30.42,63883,21,卖盘
2529,13:07:54,30.43,206918,68,买盘
2530,13:07:57,30.44,51732,17,买盘
2531,13:08:00,30.44,133934,44,买盘
2532,13:08:03,30.44,63924,21,买盘
2533,13:08:06,30.44,12178,4,卖盘
2534,13:08:09,30.44,60884,20,卖盘
2535,13:08:12,30.42,849002,279,卖盘
2536,13:08:15,30.44,100435,33,买盘
2537,13:08:18,30.42,730211,240,中性盘
2538,13:08:21,30.41,900907,296,中性盘
2539,13:08:24,30.4,2285007,751,卖盘
2540,13:08:27,30.4,127680,42,买盘
2541,13:08:30,30.4,6079,2,买盘
2542,13:08:33,30.4,212741,70,买盘
2543,13:08:36,30.41,811626,267,买盘
2544,13:08:39,30.4,79034,26,中性盘
2545,13:08:42,30.4,79029,26,中性盘
2546,13:08:45,30.4,349482,115,中性盘
2547,13:08:48,30.39,1054250,347,买盘
2548,13:08:51,30.34,2999301,988,卖盘
2549,13:08:54,30.34,142580,47,买盘
2550,13:08:57,30.33,721976,238,卖盘
2551,13:09:00,30.34,84926,28,中性盘
2552,13:09:03,30.35,60701,20,卖盘
2553,13:09:06,30.35,9105,3,卖盘
2554,13:09:09,30.35,63730,21,买盘
2555,13:09:12,30.35,455250,150,买盘
2556,13:09:15,30.35,115298,38,买盘
2557,13:09:18,30.34,294305,97,卖盘
2558,13:09:21,30.33,57640,19,卖盘
2559,13:09:24,30.34,130480,43,中性盘
2560,13:09:27,30.33,63693,21,卖盘
2561,13:09:30,30.34,75827,25,买盘
2562,13:09:33,30.33,194118,64,卖盘
2563,13:09:36,30.33,409407,135,卖盘
2564,13:09:39,30.33,75822,25,买盘
2565,13:09:42,30.33,39426,13,买盘
2566,13:09:45,30.33,48527,16,买盘
2567,13:09:48,30.33,294196,97,卖盘
2568,13:09:51,30.34,148633,49,买盘
2569,13:09:54,30.33,106159,35,卖盘
2570,13:09:57,30.35,203278,67,买盘
2571,13:10:00,30.33,624818,206,卖盘
2572,13:10:03,30.33,454808,150,买盘
2573,13:10:06,30.33,785790,259,买盘
2574,13:10:09,30.33,81868,27,买盘
2575,13:10:12,30.31,736557,243,卖盘
2576,13:10:15,30.31,2089899,689,买盘
2577,13:10:18,30.31,12126,4,卖盘
2578,13:10:21,30.3,2366552,781,卖盘
2579,13:10:24,30.3,469721,155,卖盘
2580,13:10:27,30.3,339301,112,买盘
2581,13:10:30,30.29,212071,70,卖盘
2582,13:10:33,30.29,33325,11,卖盘
2583,13:10:36,30.3,30293,10,买盘
2584,13:10:39,30.3,75747,25,买盘
2585,13:10:42,30.3,103010,34,买盘
2586,13:10:45,30.3,90876,30,买盘
2587,13:10:48,30.3,6060,2,卖盘
2588,13:10:51,30.3,402990,133,卖盘
2589,13:10:54,30.31,93936,31,买盘
2590,13:10:57,30.3,103021,34,卖盘
2591,13:11:00,30.3,187860,62,卖盘
2592,13:11:03,30.31,912044,301,买盘
2593,13:11:06,30.3,90914,30,卖盘
2594,13:11:09,30.29,148472,49,卖盘
2595,13:11:12,30.28,1829320,604,卖盘
2596,13:11:15,30.28,941638,311,卖盘
2597,13:11:18,30.29,112022,37,买盘
2598,13:11:21,30.27,87800,29,卖盘
2599,13:11:24,30.27,184687,61,卖盘
2600,13:11:27,30.27,381366,126,卖盘
2601,13:11:30,30.28,190764,63,买盘
2602,13:11:33,30.28,320881,106,卖盘
2603,13:11:36,30.28,39364,13,买盘
2604,13:11:39,30.27,160474,53,卖盘
2605,13:11:42,30.28,230068,76,买盘
2606,13:11:45,30.28,151377,50,买盘
2607,13:11:48,30.27,193734,64,卖盘
2608,13:11:51,30.27,72669,24,卖盘
2609,13:11:54,30.27,305827,101,卖盘
2610,13:11:57,30.28,121112,40,买盘
2611,13:12:00,30.28,118061,39,买盘
2612,13:12:03,30.28,178603,59,买盘
2613,13:12:06,30.28,30280,10,买盘
2614,13:12:09,30.28,148359,49,买盘
2615,13:12:12,30.28,63588,21,卖盘
2616,13:12:15,30.28,242223,80,卖盘
2617,13:12:18,30.27,2321550,767,卖盘
2618,13:12:21,30.25,817397,270,卖盘
2619,13:12:24,30.28,1636625,541,买盘
2620,13:12:30,30.25,21173,7,买盘
2621,13:12:33,30.25,102819,34,买盘
2622,13:12:36,30.24,293403,97,卖盘
2623,13:12:39,30.25,78650,26,卖盘
2624,13:12:42,30.25,133115,44,卖盘
2625,13:12:45,30.26,187554,62,买盘
2626,13:12:48,30.25,193642,64,卖盘
2627,13:12:51,30.25,1660964,549,卖盘
2628,13:12:54,30.25,187552,62,卖盘
2629,13:12:57,30.25,102850,34,买盘
2630,13:13:00,30.25,51421,17,买盘
2631,13:13:03,30.25,69561,23,中性盘
2632,13:13:06,30.25,184551,61,卖盘
2633,13:13:09,30.25,151296,50,卖盘
2634,13:13:12,30.25,281329,93,卖盘
2635,13:13:15,30.25,290453,96,卖盘
2636,13:13:18,30.25,24200,8,卖盘
2637,13:13:21,30.25,193629,64,卖盘
2638,13:13:24,30.27,118049,39,买盘
2639,13:13:27,30.26,42375,14,中性盘
2640,13:13:30,30.28,133189,44,买盘
2641,13:13:33,30.27,175568,58,卖盘
2642,13:13:36,30.26,369195,122,卖盘
2643,13:13:39,30.26,296551,98,卖盘
2644,13:13:42,30.26,233000,77,买盘
2645,13:13:45,30.26,169454,56,买盘
2646,13:13:48,30.26,114994,38,买盘
2647,13:13:51,30.27,163448,54,买盘
2648,13:13:54,30.26,81705,27,卖盘
2649,13:13:57,30.27,148305,49,买盘
2650,13:14:00,30.26,1092461,361,卖盘
2651,13:14:03,30.27,556779,184,中性盘
2652,13:14:06,30.27,130151,43,买盘
2653,13:14:09,30.26,553735,183,卖盘
2654,13:14:12,30.25,432709,143,卖盘
2655,13:14:15,30.26,272330,90,买盘
2656,13:14:18,30.26,111962,37,买盘
2657,13:14:21,30.26,233002,77,买盘
2658,13:14:24,30.28,320956,106,买盘
2659,13:14:27,30.28,15140,5,卖盘
2660,13:14:30,30.28,445103,147,卖盘
2661,13:14:33,30.28,93868,31,买盘
2662,13:14:36,30.27,9083,3,卖盘
2663,13:14:39,30.27,178635,59,卖盘
2664,13:14:45,30.28,39367,13,卖盘
2665,13:14:48,30.29,112053,37,买盘
2666,13:14:51,30.29,96923,32,买盘
2667,13:14:54,30.28,902233,298,卖盘
2668,13:14:57,30.28,90832,30,买盘
2669,13:15:00,30.27,187732,62,卖盘
2670,13:15:03,30.26,1567482,518,卖盘
2671,13:15:06,30.27,157423,52,中性盘
2672,13:15:09,30.27,127129,42,买盘
2673,13:15:12,30.28,118074,39,买盘
2674,13:15:15,30.27,345044,114,卖盘
2675,13:15:18,30.27,263283,87,买盘
2676,13:15:21,30.27,24216,8,买盘
2677,13:15:24,30.27,45413,15,卖盘
2678,13:15:27,30.27,69623,23,卖盘
2679,13:15:30,30.26,317790,105,卖盘
2680,13:15:33,30.28,302800,100,买盘
2681,13:15:36,30.28,3931896,1299,中性盘
2682,13:15:39,30.27,36329,12,卖盘
2683,13:15:42,30.27,18166,6,卖盘
2684,13:15:45,30.27,15139,5,卖盘
2685,13:15:48,30.27,30272,10,卖盘
2686,13:15:51,30.28,51470,17,买盘
2687,13:15:54,30.27,54495,18,卖盘
2688,13:15:57,30.27,78710,26,卖盘
2689,13:16:00,30.27,90821,30,卖盘
2690,13:16:03,30.27,157413,52,卖盘
2691,13:16:06,30.28,145342,48,买盘
2692,13:16:09,30.28,193793,64,买盘
2693,13:16:12,30.29,218088,72,买盘
2694,13:16:15,30.29,281703,93,卖盘
2695,13:16:18,30.3,218112,72,买盘
2696,13:16:21,30.3,296940,98,买盘
2697,13:16:24,30.3,2359542,779,卖盘
2698,13:16:27,30.3,84840,28,卖盘
2699,13:16:30,30.32,397012,131,买盘
2700,13:16:33,30.32,33342,11,买盘
2701,13:16:36,30.32,448587,148,买盘
2702,13:16:39,30.31,66682,22,卖盘
2703,13:16:42,30.32,257690,85,买盘
2704,13:16:45,30.31,48491,16,中性盘
2705,13:16:48,30.31,115158,38,买盘
2706,13:16:51,30.31,1208851,399,买盘
2707,13:16:54,30.27,45441,15,卖盘
2708,13:16:57,30.31,24242,8,买盘
2709,13:17:00,30.29,112085,37,卖盘
2710,13:17:03,30.3,12120,4,买盘
2711,13:17:06,30.3,84840,28,卖盘
2712,13:17:09,30.3,209032,69,卖盘
2713,13:17:12,30.3,303000,100,中性盘
2714,13:17:15,30.3,84840,28,买盘
2715,13:17:18,30.29,190935,63,卖盘
2716,13:17:21,30.3,260533,86,中性盘
2717,13:17:24,30.29,18182,6,中性盘
2718,13:17:27,30.29,30299,10,卖盘
2719,13:17:30,30.29,433023,143,卖盘
2720,13:17:33,30.29,51493,17,买盘
2721,13:17:36,30.28,36338,12,卖盘
2722,13:17:39,30.28,569264,188,卖盘
2723,13:17:42,30.28,142348,47,卖盘
2724,13:17:45,30.28,54504,18,买盘
2725,13:17:48,30.28,30280,10,买盘
2726,13:17:51,30.28,423815,140,买盘
2727,13:17:54,30.28,54504,18,中性盘
2728,13:17:57,30.28,112036,37,买盘
2729,13:18:00,30.28,90840,30,卖盘
2730,13:18:03,30.28,21200,7,买盘
2731,13:18:06,30.28,3028,1,卖盘
2732,13:18:09,30.29,6058,2,买盘
2733,13:18:12,30.28,3028,1,卖盘
2734,13:18:15,30.28,154428,51,卖盘
2735,13:18:18,30.28,51476,17,卖盘
2736,13:18:21,30.29,184763,61,买盘
2737,13:18:24,30.27,154380,51,卖盘
2738,13:18:27,30.29,6058,2,买盘
2739,13:18:30,30.28,33300,11,中性盘
2740,13:18:33,30.28,102969,34,买盘
2741,13:18:39,30.28,81756,27,卖盘
2742,13:18:42,30.28,63588,21,卖盘
2743,13:18:45,30.28,151385,50,买盘
2744,13:18:48,30.27,626603,207,卖盘
2745,13:18:51,30.28,81745,27,买盘
2746,13:18:54,30.28,208876,69,买盘
2747,13:18:57,30.28,78728,26,买盘
2748,13:19:00,30.28,375357,124,买盘
2749,13:19:03,30.26,1107682,366,卖盘
2750,13:19:06,30.26,36315,12,卖盘
2751,13:19:09,30.27,24216,8,买盘
2752,13:19:12,30.26,18156,6,卖盘
2753,13:19:15,30.27,48427,16,买盘
2754,13:19:18,30.27,33297,11,买盘
2755,13:19:21,30.27,69621,23,买盘
2756,13:19:24,30.27,323889,107,买盘
2757,13:19:27,30.26,175555,58,卖盘
2758,13:19:30,30.27,102901,34,中性盘
2759,13:19:33,30.28,39358,13,买盘
2760,13:19:36,30.27,339037,112,卖盘
2761,13:19:39,30.28,69634,23,买盘
2762,13:19:42,30.28,9084,3,买盘
2763,13:19:45,30.27,60548,20,卖盘
2764,13:19:48,30.27,142284,47,卖盘
2765,13:19:51,30.28,75686,25,买盘
2766,13:19:54,30.27,414705,137,卖盘
2767,13:19:57,30.27,293627,97,买盘
2768,13:20:00,30.26,384321,127,卖盘
2769,13:20:03,30.27,30267,10,买盘
2770,13:20:06,30.26,1261875,417,卖盘
2771,13:20:09,30.27,544809,180,买盘
2772,13:20:12,30.25,1991691,658,卖盘
2773,13:20:15,30.26,3043249,1006,中性盘
2774,13:20:18,30.25,72607,24,卖盘
2775,13:20:21,30.25,181498,60,卖盘
2776,13:20:24,30.25,242001,80,买盘
2777,13:20:27,30.25,157298,52,买盘
2778,13:20:30,30.25,39325,13,买盘
2779,13:20:33,30.24,722755,239,卖盘
2780,13:20:36,30.24,441541,146,卖盘
2781,13:20:39,30.25,136109,45,买盘
2782,13:20:42,30.26,30252,10,买盘
2783,13:20:45,30.24,166338,55,卖盘
2784,13:20:48,30.26,111908,37,买盘
2785,13:20:51,30.25,338747,112,中性盘
2786,13:20:54,30.24,63504,21,卖盘
2787,13:20:57,30.25,136124,45,买盘
2788,13:21:00,30.25,359845,119,买盘
2789,13:21:03,30.25,127040,42,买盘
2790,13:21:06,30.25,69562,23,卖盘
2791,13:21:12,30.25,36301,12,卖盘
2792,13:21:15,30.26,21178,7,买盘
2793,13:21:18,30.26,127052,42,买盘
2794,13:21:21,30.25,18151,6,卖盘
2795,13:21:24,30.25,3025,1,卖盘
2796,13:21:27,30.25,45378,15,卖盘
2797,13:21:30,30.26,332785,110,买盘
2798,13:21:36,30.26,783372,259,卖盘
2799,13:21:39,30.26,3026,1,中性盘
2800,13:21:42,30.25,493116,163,卖盘
2801,13:21:45,30.25,57489,19,卖盘
2802,13:21:48,30.27,666056,220,买盘
2803,13:21:51,30.26,1125445,372,卖盘
2804,13:21:54,30.26,3026,1,卖盘
2805,13:21:57,30.26,233101,77,卖盘
2806,13:22:00,30.27,360132,119,中性盘
2807,13:22:03,30.25,36301,12,卖盘
2808,13:22:06,30.25,21175,7,卖盘
2809,13:22:09,30.25,45382,15,卖盘
2810,13:22:12,30.26,54477,18,买盘
2811,13:22:15,30.25,145200,48,卖盘
2812,13:22:18,30.25,402335,133,卖盘
2813,13:22:21,30.26,78671,26,买盘
2814,13:22:24,30.25,305526,101,卖盘
2815,13:22:27,30.25,21175,7,买盘
2816,13:22:30,30.25,172423,57,买盘
2817,13:22:33,30.25,408416,135,卖盘
2818,13:22:36,30.25,12100,4,卖盘
2819,13:22:39,30.26,27227,9,买盘
2820,13:22:42,30.25,18150,6,卖盘
2821,13:22:45,30.25,133104,44,卖盘
2822,13:22:48,30.26,12104,4,买盘
2823,13:22:51,30.26,87757,29,买盘
2824,13:22:54,30.26,54471,18,卖盘
2825,13:22:57,30.26,63546,21,卖盘
2826,13:23:00,30.27,81729,27,买盘
2827,13:23:03,30.26,9078,3,卖盘
2828,13:23:06,30.26,62668,21,卖盘
2829,13:23:09,30.26,190641,63,卖盘
2830,13:23:12,30.26,258093,85,卖盘
2831,13:23:15,30.26,547848,181,买盘
2832,13:23:18,30.26,60515,20,买盘
2833,13:23:21,30.26,9078,3,买盘
2834,13:23:24,30.26,45390,15,买盘
2835,13:23:27,30.25,139150,46,卖盘
2836,13:23:30,30.26,27234,9,买盘
2837,13:23:33,30.26,9078,3,买盘
2838,13:23:36,30.25,114960,38,卖盘
2839,13:23:39,30.25,157316,52,卖盘
2840,13:23:42,30.26,130085,43,买盘
2841,13:23:45,30.25,220833,73,卖盘
2842,13:23:48,30.26,54462,18,买盘
2843,13:23:51,30.25,798624,264,卖盘
2844,13:23:54,30.25,187550,62,卖盘
2845,13:23:57,30.26,142183,47,买盘
2846,13:24:00,30.27,60521,20,买盘
2847,13:24:03,30.26,139194,46,卖盘
2848,13:24:06,30.26,33277,11,买盘
2849,13:24:09,30.26,130109,43,买盘
2850,13:24:12,30.27,717205,237,买盘
2851,13:24:15,30.27,214915,71,买盘
2852,13:24:18,30.27,54481,18,买盘
2853,13:24:21,30.26,284479,94,卖盘
2854,13:24:24,30.26,196690,65,买盘
2855,13:24:27,30.26,111962,37,买盘
2856,13:24:30,30.26,196679,65,买盘
2857,13:24:33,30.26,9079,3,卖盘
2858,13:24:36,30.26,21183,7,卖盘
2859,13:24:39,30.26,56625,19,卖盘
2860,13:24:42,30.27,39344,13,中性盘
2861,13:24:45,30.28,445060,147,买盘
2862,13:24:48,30.27,48434,16,卖盘
2863,13:24:51,30.28,290606,96,买盘
2864,13:24:54,30.27,220958,73,卖盘
2865,13:24:57,30.28,12110,4,买盘
2866,13:25:00,30.27,205890,68,卖盘
2867,13:25:03,30.28,81755,27,买盘
2868,13:25:09,30.29,33319,11,买盘
2869,13:25:12,30.28,3028,1,卖盘
2870,13:25:15,30.28,248306,82,卖盘
2871,13:25:18,30.27,81755,27,卖盘
2872,13:25:21,30.28,51476,17,买盘
2873,13:25:24,30.28,181630,60,买盘
2874,13:25:27,30.28,1525200,504,买盘
2875,13:25:30,30.28,21196,7,买盘
2876,13:25:33,30.28,78728,26,买盘
2877,13:25:36,30.28,30275,10,买盘
2878,13:25:39,30.27,438980,145,卖盘
2879,13:25:42,30.28,36328,12,买盘
2880,13:25:45,30.28,275498,91,买盘
2881,13:25:48,30.27,1138560,376,卖盘
2882,13:25:51,30.28,57532,19,卖盘
2883,13:25:54,30.28,21202,7,卖盘
2884,13:25:57,30.29,30290,10,买盘
2885,13:26:00,30.29,18174,6,买盘
2886,13:26:03,30.29,175676,58,买盘
2887,13:26:06,30.32,1233071,407,买盘
2888,13:26:09,30.31,100039,33,卖盘
2889,13:26:12,30.3,60600,20,买盘
2890,13:26:15,30.3,15150,5,买盘
2891,13:26:18,30.3,99990,33,买盘
2892,13:26:21,30.3,96945,32,买盘
2893,13:26:24,30.3,230159,76,买盘
2894,13:26:27,30.3,160571,53,买盘
2895,13:26:30,30.3,3030,1,卖盘
2896,13:26:33,30.3,60613,20,卖盘
2897,13:26:36,30.31,187889,62,买盘
2898,13:26:39,30.31,15155,5,买盘
2899,13:26:42,30.31,187922,62,买盘
2900,13:26:45,30.31,3031,1,卖盘
2901,13:26:48,30.32,30320,10,买盘
2902,13:26:51,30.32,181920,60,买盘
2903,13:26:54,30.33,51546,17,买盘
2904,13:26:57,30.32,3032,1,卖盘
2905,13:27:00,30.33,21229,7,买盘
2906,13:27:03,30.32,124314,41,卖盘
2907,13:27:06,30.33,1019088,336,买盘
2908,13:27:09,30.33,33363,11,卖盘
2909,13:27:12,30.34,39442,13,买盘
2910,13:27:15,30.34,191127,63,买盘
2911,13:27:18,30.34,78884,26,买盘
2912,13:27:21,30.34,166864,55,买盘
2913,13:27:24,30.34,81917,27,买盘
2914,13:27:27,30.34,48544,16,卖盘
2915,13:27:30,30.35,88014,29,买盘
2916,13:27:33,30.35,224540,74,买盘
2917,13:27:36,30.35,200294,66,买盘
2918,13:27:39,30.34,370265,122,卖盘
2919,13:27:42,30.35,1332256,439,买盘
2920,13:27:45,30.34,236702,78,卖盘
2921,13:27:48,30.34,3034,1,卖盘
2922,13:27:51,30.34,182040,60,中性盘
2923,13:27:54,30.34,154720,51,买盘
2924,13:27:57,30.34,306387,101,买盘
2925,13:28:00,30.34,548974,181,买盘
2926,13:28:03,30.34,42472,14,买盘
2927,13:28:06,30.32,87969,29,卖盘
2928,13:28:09,30.34,151689,50,买盘
2929,13:28:12,30.34,30340,10,卖盘
2930,13:28:15,30.35,9103,3,买盘
2931,13:28:18,30.34,45513,15,卖盘
2932,13:28:21,30.34,330763,109,卖盘
2933,13:28:24,30.34,145675,48,卖盘
2934,13:28:27,30.35,157819,52,买盘
2935,13:28:30,30.35,197255,65,买盘
2936,13:28:33,30.35,109245,36,买盘
2937,13:28:36,30.34,427800,141,卖盘
2938,13:28:39,30.34,124376,41,买盘
2939,13:28:42,30.34,54607,18,买盘
2940,13:28:45,30.35,54620,18,买盘
2941,13:28:48,30.35,288279,95,买盘
2942,13:28:51,30.35,21242,7,买盘
2943,13:28:54,30.34,75850,25,卖盘
2944,13:28:57,30.34,60680,20,买盘
2945,13:29:00,30.34,91020,30,买盘
2946,13:29:03,30.34,91015,30,买盘
2947,13:29:06,30.34,45506,15,买盘
2948,13:29:09,30.34,233555,77,买盘
2949,13:29:12,30.33,703469,232,卖盘
2950,13:29:15,30.33,24264,8,买盘
2951,13:29:18,30.33,57623,19,买盘
2952,13:29:21,30.33,197141,65,买盘
2953,13:29:27,30.31,242592,80,卖盘
2954,13:29:30,30.31,27286,9,卖盘
2955,13:29:33,30.33,257795,85,买盘
2956,13:29:36,30.31,6064,2,卖盘
2957,13:29:39,30.32,351618,116,买盘
2958,13:29:42,30.32,109147,36,买盘
2959,13:29:45,30.31,3031,1,卖盘
2960,13:29:51,30.31,3031,1,卖盘
2961,13:29:54,30.31,75775,25,卖盘
2962,13:29:57,30.31,57598,19,买盘
2963,13:30:00,30.3,27271,9,卖盘
2964,13:30:03,30.31,21215,7,买盘
2965,13:30:06,30.31,36368,12,买盘
2966,13:30:09,30.31,12124,4,买盘
2967,13:30:12,30.31,78806,26,买盘
2968,13:30:15,30.32,406095,134,买盘
2969,13:30:18,30.31,3031,1,卖盘
2970,13:30:21,30.31,390903,129,卖盘
2971,13:30:27,30.31,175799,58,卖盘
2972,13:30:30,30.31,21217,7,卖盘
2973,13:30:33,30.31,121250,40,卖盘
2974,13:30:36,30.31,124271,41,卖盘
2975,13:30:39,30.31,145477,48,买盘
2976,13:30:42,30.31,9093,3,买盘
2977,13:30:45,30.31,157610,52,买盘
2978,13:30:48,30.31,127263,42,买盘
2979,13:30:51,30.3,2417784,798,卖盘
2980,13:30:54,30.31,512055,169,买盘
2981,13:30:57,30.3,9086,3,中性盘
2982,13:31:00,30.3,3030,1,买盘
2983,13:31:03,30.29,45446,15,卖盘
2984,13:31:06,30.3,21207,7,中性盘
2985,13:31:09,30.3,48479,16,卖盘
2986,13:31:12,30.3,54526,18,买盘
2987,13:31:15,30.3,51509,17,买盘
2988,13:31:18,30.3,318046,105,买盘
2989,13:31:21,30.29,451359,149,卖盘
2990,13:31:24,30.29,33325,11,卖盘
2991,13:31:27,30.29,63609,21,卖盘
2992,13:31:33,30.3,9088,3,买盘
2993,13:31:36,30.29,39377,13,卖盘
2994,13:31:39,30.28,48468,16,卖盘
2995,13:31:45,30.28,39369,13,卖盘
2996,13:31:48,30.29,45421,15,买盘
2997,13:31:51,30.29,30284,10,买盘
2998,13:31:54,30.28,57549,19,卖盘
2999,13:31:57,30.29,375543,124,买盘
3000,13:32:00,30.28,102955,34,卖盘
3001,13:32:03,30.29,87838,29,买盘
3002,13:32:06,30.29,18174,6,卖盘
3003,13:32:09,30.29,66640,22,买盘
3004,13:32:12,30.29,30290,10,买盘
3005,13:32:15,30.29,57553,19,卖盘
3006,13:32:18,30.29,15146,5,卖盘
3007,13:32:21,30.31,1460559,482,买盘
3008,13:32:24,30.31,263734,87,买盘
3009,13:32:27,30.3,145458,48,卖盘
3010,13:32:30,30.32,6064,2,买盘
3011,13:32:33,30.31,236400,78,卖盘
3012,13:32:39,30.31,18186,6,买盘
3013,13:32:42,30.31,96987,32,买盘
3014,13:32:45,30.31,18186,6,买盘
3015,13:32:48,30.31,424340,140,买盘
3016,13:32:51,30.32,75778,25,买盘
3017,13:32:54,30.31,87902,29,卖盘
3018,13:32:57,30.32,342561,113,买盘
3019,13:33:00,30.32,39411,13,买盘
3020,13:33:03,30.32,15157,5,买盘
3021,13:33:06,30.31,57601,19,卖盘
3022,13:33:09,30.31,72756,24,卖盘
3023,13:33:12,30.31,388032,128,卖盘
3024,13:33:15,30.32,42439,14,买盘
3025,13:33:18,30.32,21222,7,买盘
3026,13:33:21,30.31,54561,18,卖盘
3027,13:33:24,30.32,33352,11,买盘
3028,13:33:27,30.31,90944,30,卖盘
3029,13:33:33,30.32,21223,7,买盘
3030,13:33:36,30.31,69719,23,卖盘
3031,13:33:39,30.31,66682,22,卖盘
3032,13:33:42,30.33,506332,167,买盘
3033,13:33:48,30.32,9096,3,卖盘
3034,13:33:51,30.32,48515,16,卖盘
3035,13:33:54,30.32,87931,29,卖盘
3036,13:33:57,30.33,124318,41,买盘
3037,13:34:00,30.32,45484,15,卖盘
3038,13:34:03,30.33,209215,69,买盘
3039,13:34:06,30.33,197115,65,买盘
3040,13:34:09,30.33,251742,83,买盘
3041,13:34:12,30.32,175866,58,卖盘
3042,13:34:15,30.32,3032,1,买盘
3043,13:34:18,30.32,169792,56,买盘
3044,13:34:21,30.32,506215,167,买盘
3045,13:34:24,30.32,124301,41,买盘
3046,13:34:27,30.32,151591,50,买盘
3047,13:34:30,30.31,551657,182,卖盘
3048,13:34:33,30.31,345534,114,买盘
3049,13:34:36,30.31,233348,77,买盘
3050,13:34:39,30.3,197002,65,卖盘
3051,13:34:42,30.31,84868,28,买盘
3052,13:34:45,30.31,712052,235,买盘
3053,13:34:48,30.3,163620,54,卖盘
3054,13:34:51,30.3,242419,80,卖盘
3055,13:34:54,30.31,1560261,515,买盘
3056,13:34:57,30.29,484694,160,卖盘
3057,13:35:00,30.29,21203,7,买盘
3058,13:35:03,30.29,63609,21,买盘
3059,13:35:06,30.29,245349,81,卖盘
3060,13:35:09,30.29,15141,5,中性盘
3061,13:35:12,30.3,21204,7,买盘
3062,13:35:15,30.3,93918,31,买盘
3063,13:35:18,30.29,172683,57,卖盘
3064,13:35:21,30.29,203028,67,卖盘
3065,13:35:24,30.29,224146,74,卖盘
3066,13:35:27,30.29,39377,13,卖盘
3067,13:35:30,30.28,27259,9,卖盘
3068,13:35:33,30.3,99958,33,买盘
3069,13:35:36,30.29,72696,24,卖盘
3070,13:35:39,30.3,54523,18,买盘
3071,13:35:42,30.31,578734,191,买盘
3072,13:35:45,30.3,254470,84,卖盘
3073,13:35:48,30.31,215143,71,买盘
