,成交时间,成交价格,成交金额,成交量,性质
0,09:25:00,30.91,6426189,2079,卖盘
1,09:30:00,30.88,3801493,1231,卖盘
2,09:30:03,30.91,5260575,1703,买盘
3,09:30:06,30.91,2898603,938,买盘
4,09:30:09,30.94,2940404,951,买盘
5,09:30:12,30.95,2436696,787,买盘
6,09:30:15,30.95,948125,306,卖盘
7,09:30:18,31.0,1165133,376,买盘
8,09:30:21,30.95,2474469,799,卖盘
9,09:30:24,30.99,904778,292,买盘
10,09:30:27,30.98,1478117,477,中性盘
11,09:30:30,30.96,665860,215,卖盘
12,09:30:33,30.99,564068,182,买盘
13,09:30:36,31.04,1308439,422,买盘
14,09:30:39,31.03,1374751,443,卖盘
15,09:30:42,31.02,2394035,772,中性盘
16,09:30:45,31.06,3912420,1260,买盘
17,09:30:48,31.06,354116,114,卖盘
18,09:30:51,31.06,804273,259,买盘
19,09:30:54,31.07,1618862,521,买盘
20,09:30:57,31.11,1197622,385,买盘
21,09:31:00,31.14,494785,159,买盘
22,09:31:03,31.16,2386175,766,买盘
23,09:31:06,31.16,902920,290,中性盘
24,09:31:09,31.17,701314,225,买盘
25,09:31:12,31.17,1271650,408,卖盘
26,09:31:15,31.17,947585,304,买盘
27,09:31:18,31.15,1566012,503,中性盘
28,09:31:21,31.13,1597740,513,中性盘
29,09:31:24,31.17,264824,85,买盘
30,09:31:27,31.15,461066,148,卖盘
31,09:31:30,31.15,280350,90,买盘
32,09:31:33,31.16,401914,129,买盘
33,09:31:36,31.16,1803920,579,买盘
34,09:31:39,31.17,1230855,395,买盘
35,09:31:42,31.16,4051809,1300,卖盘
36,09:31:45,31.16,2616049,840,买盘
37,09:31:48,31.15,1463092,470,中性盘
38,09:31:51,31.11,631553,203,中性盘
39,09:31:54,31.11,264333,85,买盘
40,09:31:57,31.07,422768,136,卖盘
41,09:32:00,31.07,466286,150,买盘
42,09:32:03,31.07,1420002,457,卖盘
43,09:32:06,31.07,1056420,340,卖盘
44,09:32:09,31.06,633789,204,卖盘
45,09:32:12,31.03,788545,254,卖盘
46,09:32:15,31.02,403415,130,卖盘
47,09:32:18,31.08,2722272,876,买盘
48,09:32:21,31.06,668114,215,卖盘
49,09:32:24,31.06,71462,23,中性盘
50,09:32:27,31.07,578136,186,中性盘
51,09:32:30,31.09,615264,198,买盘
52,09:32:33,31.07,596505,192,卖盘
53,09:32:36,31.06,686727,221,卖盘
54,09:32:39,31.07,497355,160,中性盘
55,09:32:42,31.07,282674,91,中性盘
56,09:32:45,31.09,469213,151,买盘
57,09:32:48,31.1,531535,171,买盘
58,09:32:51,31.1,690150,222,买盘
59,09:32:54,31.13,1452368,467,买盘
60,09:32:57,31.2,10935061,3506,买盘
61,09:33:00,31.21,492931,158,买盘
62,09:33:03,31.21,742890,238,买盘
63,09:33:06,31.22,468218,150,中性盘
64,09:33:09,31.26,446581,143,买盘
65,09:33:12,31.26,961837,308,买盘
66,09:33:15,31.26,647076,207,卖盘
67,09:33:18,31.25,1649410,528,中性盘
68,09:33:21,31.25,2380028,762,买盘
69,09:33:24,31.2,830137,266,卖盘
70,09:33:27,31.2,1158186,371,买盘
71,09:33:30,31.2,1110968,356,买盘
72,09:33:33,31.2,680200,218,买盘
73,09:33:36,31.18,302465,97,中性盘
74,09:33:39,31.2,742467,238,买盘
75,09:33:42,31.21,402435,129,买盘
76,09:33:45,31.2,1133070,363,卖盘
77,09:33:48,31.2,467892,150,买盘
78,09:33:51,31.2,577164,185,买盘
79,09:33:54,31.2,1213451,389,买盘
80,09:33:57,31.2,442884,142,买盘
81,09:34:00,31.18,1815461,582,卖盘
82,09:34:03,31.18,814371,261,卖盘
83,09:34:06,31.18,1403476,450,买盘
84,09:34:09,31.19,1197787,384,中性盘
85,09:34:12,31.2,474047,152,买盘
86,09:34:15,31.15,1847567,593,卖盘
87,09:34:18,31.13,373342,120,中性盘
88,09:34:21,31.08,949086,305,卖盘
89,09:34:24,31.13,354643,114,买盘
90,09:34:27,31.09,1291421,415,中性盘
91,09:34:30,31.1,183424,59,中性盘
92,09:34:33,31.09,1650300,531,卖盘
93,09:34:36,31.1,267414,86,买盘
94,09:34:39,31.12,752694,242,买盘
95,09:34:42,31.12,1038943,334,买盘
96,09:34:45,31.11,180488,58,中性盘
97,09:34:48,31.1,469890,151,卖盘
98,09:34:51,31.1,563075,181,卖盘
99,09:34:54,31.1,839832,270,卖盘
100,09:34:57,31.1,251958,81,卖盘
101,09:35:00,31.13,2800485,900,买盘
102,09:35:03,31.13,280171,90,卖盘
103,09:35:06,31.13,292676,94,卖盘
104,09:35:09,31.15,401651,129,买盘
105,09:35:12,31.15,221106,71,买盘
106,09:35:15,31.18,956954,307,买盘
107,09:35:18,31.18,246296,79,卖盘
108,09:35:21,31.18,184017,59,卖盘
109,09:35:24,31.19,511366,164,买盘
110,09:35:27,31.2,735896,236,买盘
111,09:35:30,31.2,667377,214,买盘
112,09:35:33,31.2,767441,246,买盘
113,09:35:36,31.19,611334,196,买盘
114,09:35:39,31.2,748750,240,买盘
115,09:35:42,31.2,202789,65,卖盘
116,09:35:45,31.21,948527,304,买盘
117,09:35:48,31.21,511659,164,卖盘
118,09:35:51,31.21,340260,109,卖盘
119,09:35:54,31.2,858501,275,卖盘
120,09:35:57,31.23,271665,87,买盘
121,09:36:00,31.23,509004,163,买盘
122,09:36:03,31.24,1414819,453,买盘
123,09:36:06,31.24,1206152,386,卖盘
124,09:36:09,31.25,184364,59,中性盘
125,09:36:12,31.26,281290,90,买盘
126,09:36:15,31.25,1572224,503,卖盘
127,09:36:18,31.25,865753,277,卖盘
128,09:36:21,31.25,2518374,806,买盘
129,09:36:24,31.19,3554177,1139,卖盘
130,09:36:27,31.23,1260758,404,买盘
131,09:36:30,31.19,998849,320,卖盘
132,09:36:33,31.2,633669,203,买盘
133,09:36:36,31.23,421436,135,买盘
134,09:36:39,31.23,371485,119,卖盘
135,09:36:42,31.21,586961,188,卖盘
136,09:36:45,31.23,377890,121,买盘
137,09:36:48,31.24,852323,273,买盘
138,09:36:51,31.23,1424349,456,卖盘
139,09:36:54,31.24,618418,198,买盘
140,09:36:57,31.23,1470974,471,卖盘
141,09:37:00,31.24,1577390,505,买盘
142,09:37:03,31.24,331098,106,卖盘
143,09:37:06,31.24,1255565,402,买盘
144,09:37:09,31.24,449872,144,卖盘
145,09:37:12,31.24,1327748,425,卖盘
146,09:37:15,31.23,396732,127,卖盘
147,09:37:18,31.19,3735711,1197,卖盘
148,09:37:21,31.17,1097498,352,卖盘
149,09:37:24,31.18,576751,185,买盘
150,09:37:27,31.2,701759,225,买盘
151,09:37:30,31.17,751227,241,卖盘
152,09:37:33,31.2,729494,234,买盘
153,09:37:36,31.16,364674,117,卖盘
154,09:37:39,31.18,851041,273,买盘
155,09:37:42,31.18,823216,264,买盘
156,09:37:45,31.18,317996,102,卖盘
157,09:37:48,31.18,121594,39,买盘
158,09:37:51,31.17,1312335,421,卖盘
159,09:37:54,31.13,1744695,560,卖盘
160,09:37:57,31.16,214991,69,买盘
161,09:38:00,31.13,274113,88,卖盘
162,09:38:03,31.13,473623,152,卖盘
163,09:38:06,31.13,199301,64,卖盘
164,09:38:09,31.15,486133,156,中性盘
165,09:38:12,31.15,311428,100,卖盘
166,09:38:15,31.15,218039,70,买盘
167,09:38:18,31.15,161970,52,买盘
168,09:38:21,31.14,383139,123,卖盘
169,09:38:24,31.15,470355,151,卖盘
170,09:38:27,31.15,1021497,328,中性盘
171,09:38:30,31.13,2431503,781,卖盘
172,09:38:33,31.13,177447,57,卖盘
173,09:38:36,31.13,716177,230,卖盘
174,09:38:39,31.15,519926,167,买盘
175,09:38:42,31.12,398410,128,卖盘
176,09:38:45,31.12,186778,60,卖盘
177,09:38:48,31.13,1164102,374,买盘
178,09:38:51,31.13,703589,226,卖盘
179,09:38:54,31.11,1273018,409,卖盘
180,09:38:57,31.11,186708,60,卖盘
181,09:39:00,31.13,1117360,359,买盘
182,09:39:03,31.12,526170,169,卖盘
183,09:39:06,31.12,441966,142,卖盘
184,09:39:09,31.11,432586,139,卖盘
185,09:39:12,31.12,80912,26,买盘
186,09:39:15,31.12,482469,155,卖盘
187,09:39:18,31.13,1441497,463,卖盘
188,09:39:21,31.12,417226,134,卖盘
189,09:39:24,31.13,239826,77,卖盘
190,09:39:27,31.17,1193382,383,买盘
191,09:39:30,31.14,283552,91,卖盘
192,09:39:33,31.16,62320,20,买盘
193,09:39:36,31.16,155776,50,买盘
194,09:39:39,31.16,261777,84,卖盘
195,09:39:42,31.17,3276891,1051,买盘
196,09:39:45,31.2,835964,268,买盘
197,09:39:48,31.18,227646,73,卖盘
198,09:39:51,31.18,573702,184,买盘
199,09:39:54,31.18,492553,158,买盘
200,09:39:57,31.18,523861,168,卖盘
201,09:40:00,31.18,738955,237,卖盘
202,09:40:03,31.17,470588,151,买盘
203,09:40:06,31.15,1261748,405,卖盘
204,09:40:09,31.14,532638,171,卖盘
205,09:40:12,31.15,146430,47,中性盘
206,09:40:15,31.15,859724,276,卖盘
207,09:40:18,31.11,2701146,868,卖盘
208,09:40:21,31.12,510209,164,买盘
209,09:40:24,31.1,392003,126,卖盘
210,09:40:27,31.1,395011,127,卖盘
211,09:40:30,31.09,1909318,614,卖盘
212,09:40:33,31.09,895231,288,买盘
213,09:40:36,31.08,335684,108,卖盘
214,09:40:39,31.08,394686,127,买盘
215,09:40:42,31.06,354158,114,卖盘
216,09:40:45,31.07,686512,221,买盘
217,09:40:48,31.05,270167,87,卖盘
218,09:40:51,31.04,766928,247,卖盘
219,09:40:54,31.04,332181,107,卖盘
220,09:40:57,31.03,580298,187,卖盘
221,09:41:00,31.03,592630,191,卖盘
222,09:41:03,31.02,1994365,643,卖盘
223,09:41:06,31.01,1057596,341,卖盘
224,09:41:09,31.03,2181041,703,买盘
225,09:41:12,31.05,1436829,463,买盘
226,09:41:15,31.05,1116915,360,买盘
227,09:41:18,31.04,751332,242,中性盘
228,09:41:21,31.03,536897,173,卖盘
229,09:41:24,31.05,1055213,340,买盘
230,09:41:27,31.08,1404622,452,买盘
231,09:41:30,31.08,630633,203,卖盘
232,09:41:33,31.06,90098,29,卖盘
233,09:41:36,31.07,428775,138,中性盘
234,09:41:39,31.06,410086,132,卖盘
235,09:41:42,31.07,46595,15,中性盘
236,09:41:45,31.06,400725,129,卖盘
237,09:41:48,31.06,369565,119,买盘
238,09:41:51,31.05,509285,164,卖盘
239,09:41:54,31.07,832488,268,买盘
240,09:41:57,31.06,288919,93,卖盘
241,09:42:00,31.11,183372,59,买盘
242,09:42:03,31.1,852241,274,中性盘
243,09:42:06,31.14,167925,54,买盘
244,09:42:09,31.1,65310,21,卖盘
245,09:42:12,31.11,653283,210,买盘
246,09:42:15,31.11,139996,45,卖盘
247,09:42:18,31.1,152438,49,卖盘
248,09:42:21,31.1,718590,231,卖盘
249,09:42:24,31.12,1275170,410,买盘
250,09:42:27,31.1,404241,130,中性盘
251,09:42:30,31.1,174112,56,买盘
252,09:42:33,31.1,628088,202,买盘
253,09:42:36,31.09,136807,44,买盘
254,09:42:39,31.08,93263,30,卖盘
255,09:42:42,31.08,239319,77,卖盘
256,09:42:45,31.08,189568,61,买盘
257,09:42:48,31.07,164689,53,卖盘
258,09:42:51,31.08,400946,129,买盘
259,09:42:54,31.07,755235,243,卖盘
260,09:42:57,31.07,376051,121,卖盘
261,09:43:00,31.07,372940,120,卖盘
262,09:43:03,31.06,1357554,437,卖盘
263,09:43:06,31.06,577622,186,买盘
264,09:43:09,31.05,239128,77,卖盘
265,09:43:12,31.05,298129,96,卖盘
266,09:43:15,31.04,198713,64,卖盘
267,09:43:18,31.04,170761,55,卖盘
268,09:43:21,31.03,732403,236,卖盘
269,09:43:24,31.03,446964,144,卖盘
270,09:43:27,31.04,716788,231,买盘
271,09:43:30,31.02,530481,171,卖盘
272,09:43:33,31.02,282210,91,买盘
273,09:43:36,31.01,769086,248,卖盘
274,09:43:39,31.01,998566,322,卖盘
275,09:43:42,31.01,1380242,445,卖盘
276,09:43:45,31.01,1268470,409,中性盘
277,09:43:48,31.03,902416,291,买盘
278,09:43:51,31.01,11898029,3838,卖盘
279,09:43:54,31.02,710064,229,买盘
280,09:43:57,31.0,802995,259,卖盘
281,09:44:00,31.01,1174946,379,买盘
282,09:44:03,31.01,759784,245,卖盘
283,09:44:06,31.0,1473227,475,卖盘
284,09:44:09,31.02,434217,140,中性盘
285,09:44:12,31.03,2470195,796,中性盘
286,09:44:15,31.03,394213,127,卖盘
287,09:44:18,31.03,1812344,584,卖盘
288,09:44:21,31.03,2084115,672,卖盘
289,09:44:24,31.03,400338,129,卖盘
290,09:44:27,31.03,409778,132,卖盘
291,09:44:30,31.05,937180,302,买盘
292,09:44:33,31.03,490328,158,卖盘
293,09:44:36,31.03,425090,137,中性盘
294,09:44:39,31.03,1330341,429,买盘
295,09:44:42,31.03,235813,76,买盘
296,09:44:45,31.02,561525,181,卖盘
297,09:44:48,31.0,325674,105,卖盘
298,09:44:51,30.99,1503372,485,卖盘
299,09:44:54,30.99,350386,113,卖盘
300,09:44:57,30.99,322374,104,卖盘
301,09:45:00,31.0,1125008,363,买盘
302,09:45:03,30.99,340981,110,卖盘
303,09:45:06,31.0,843161,272,买盘
304,09:45:09,31.02,1603736,517,买盘
305,09:45:12,31.01,797169,257,卖盘
306,09:45:15,31.01,446552,144,卖盘
307,09:45:18,31.01,40315,13,买盘
308,09:45:21,31.02,127125,41,买盘
309,09:45:24,31.01,300797,97,中性盘
310,09:45:27,31.0,573597,185,卖盘
311,09:45:30,31.01,1973130,636,卖盘
312,09:45:33,31.03,269903,87,卖盘
313,09:45:36,31.03,313412,101,卖盘
314,09:45:39,31.05,245175,79,买盘
315,09:45:42,31.02,381669,123,卖盘
316,09:45:45,31.05,325785,105,买盘
317,09:45:48,31.06,1375671,443,买盘
318,09:45:51,31.05,279658,90,卖盘
319,09:45:54,31.04,353908,114,卖盘
320,09:45:57,31.04,6130400,1975,买盘
321,09:46:00,31.04,4745999,1529,买盘
322,09:46:03,31.04,4333210,1396,买盘
323,09:46:06,31.05,425287,137,买盘
324,09:46:09,31.04,186279,60,卖盘
325,09:46:12,31.05,152122,49,买盘
326,09:46:15,31.05,558776,180,买盘
327,09:46:18,31.05,707997,228,卖盘
328,09:46:21,31.04,325935,105,卖盘
329,09:46:24,31.06,872704,281,买盘
330,09:46:27,31.05,462641,149,卖盘
331,09:46:30,31.05,406945,131,卖盘
332,09:46:33,31.05,761053,245,卖盘
333,09:46:36,31.05,1089957,351,卖盘
334,09:46:39,31.05,136615,44,买盘
335,09:46:42,31.04,1558107,502,卖盘
336,09:46:45,31.04,521598,168,卖盘
337,09:46:48,31.05,363206,117,买盘
338,09:46:51,31.04,384882,124,卖盘
339,09:46:54,31.03,276213,89,卖盘
340,09:46:57,31.04,207872,67,买盘
341,09:47:00,31.02,642141,207,卖盘
342,09:47:03,31.02,818737,264,卖盘
343,09:47:06,31.0,356673,115,卖盘
344,09:47:09,31.0,186042,60,卖盘
345,09:47:12,31.01,772002,249,中性盘
346,09:47:15,31.0,1050898,339,卖盘
347,09:47:18,31.0,886593,286,买盘
348,09:47:21,30.99,554765,179,卖盘
349,09:47:24,30.99,433872,140,卖盘
350,09:47:27,31.0,402889,130,买盘
351,09:47:30,30.98,793151,256,卖盘
352,09:47:33,30.98,127037,41,卖盘
353,09:47:36,30.98,467818,151,卖盘
354,09:47:39,30.98,1307383,422,卖盘
355,09:47:42,30.97,427511,138,卖盘
356,09:47:45,30.98,492489,159,买盘
357,09:47:48,30.98,709258,229,买盘
358,09:47:51,30.97,582340,188,卖盘
359,09:47:54,30.96,198196,64,卖盘
360,09:47:57,30.96,721441,233,卖盘
361,09:48:00,30.95,702736,227,卖盘
362,09:48:03,30.96,510696,165,买盘
363,09:48:06,30.95,272374,88,卖盘
364,09:48:09,30.95,761107,246,买盘
365,09:48:12,30.94,185655,60,买盘
366,09:48:15,30.93,402241,130,卖盘
367,09:48:18,30.94,590943,191,买盘
368,09:48:21,30.96,1287257,416,买盘
369,09:48:24,30.94,1834621,593,卖盘
370,09:48:27,30.95,699270,226,卖盘
371,09:48:30,30.94,594151,192,卖盘
372,09:48:33,30.94,278471,90,卖盘
373,09:48:36,30.93,714680,231,卖盘
374,09:48:39,30.93,1116597,361,卖盘
375,09:48:42,30.93,398966,129,卖盘
376,09:48:45,30.92,1249136,404,卖盘
377,09:48:48,30.92,2763888,894,买盘
378,09:48:51,30.91,757411,245,卖盘
379,09:48:54,30.9,1004505,325,卖盘
380,09:48:57,30.91,117437,38,中性盘
381,09:49:00,30.9,2132271,690,卖盘
382,09:49:03,30.91,1898311,614,中性盘
383,09:49:06,30.9,652184,211,卖盘
384,09:49:09,30.91,3204505,1037,中性盘
385,09:49:12,30.9,621271,201,卖盘
386,09:49:15,30.9,1093956,354,卖盘
387,09:49:18,30.9,982734,318,卖盘
388,09:49:21,30.9,874389,283,卖盘
389,09:49:24,30.9,744939,241,买盘
390,09:49:27,30.91,729303,236,中性盘
391,09:49:30,30.91,1261455,408,卖盘
392,09:49:33,30.91,485292,157,卖盘
393,09:49:36,30.92,547096,177,买盘
394,09:49:39,30.9,1035298,335,卖盘
395,09:49:42,30.91,244242,79,买盘
396,09:49:45,30.91,330751,107,卖盘
397,09:49:48,30.9,568675,184,卖盘
398,09:49:51,30.9,976456,316,卖盘
399,09:49:54,30.89,874450,283,卖盘
400,09:49:57,30.89,308916,100,卖盘
401,09:50:00,30.89,1056612,342,卖盘
402,09:50:03,30.88,5418010,1754,卖盘
403,09:50:06,30.88,253177,82,买盘
404,09:50:09,30.87,558748,181,卖盘
405,09:50:12,30.93,4477053,1449,买盘
406,09:50:15,30.91,624665,202,卖盘
407,09:50:18,30.92,699011,226,中性盘
408,09:50:21,30.92,1476197,477,卖盘
409,09:50:24,30.94,198098,64,卖盘
410,09:50:27,30.95,272362,88,中性盘
411,09:50:30,30.97,414624,134,买盘
412,09:50:33,30.97,346801,112,买盘
413,09:50:36,30.97,219833,71,买盘
414,09:50:39,30.97,281765,91,买盘
415,09:50:42,30.96,92869,30,中性盘
416,09:50:45,30.95,733393,237,卖盘
417,09:50:48,30.95,244377,79,买盘
418,09:50:51,30.94,95916,31,中性盘
419,09:50:54,30.93,952656,308,卖盘
420,09:50:57,30.92,538070,174,卖盘
421,09:51:00,30.92,86576,28,买盘
422,09:51:03,30.9,1758426,569,卖盘
423,09:51:06,30.9,513091,166,卖盘
424,09:51:09,30.9,902321,292,卖盘
425,09:51:12,30.91,188506,61,买盘
426,09:51:15,30.91,837560,271,买盘
427,09:51:18,30.9,1483939,480,卖盘
428,09:51:21,30.89,1489259,482,卖盘
429,09:51:24,30.9,414105,134,中性盘
430,09:51:27,30.9,203913,66,买盘
431,09:51:30,30.9,497455,161,买盘
432,09:51:33,30.9,355363,115,卖盘
433,09:51:36,30.92,321409,104,买盘
434,09:51:39,30.92,352339,114,买盘
435,09:51:42,30.9,509926,165,卖盘
436,09:51:45,30.92,1057336,342,买盘
437,09:51:48,30.92,166982,54,卖盘
438,09:51:51,30.92,290668,94,卖盘
439,09:51:54,30.92,454616,147,卖盘
440,09:51:57,30.94,117536,38,买盘
441,09:52:00,30.94,225763,73,买盘
442,09:52:03,30.93,559871,181,中性盘
443,09:52:06,30.92,337114,109,卖盘
444,09:52:09,30.94,593738,192,买盘
445,09:52:12,31.04,2955901,954,买盘
446,09:52:15,31.04,210951,68,买盘
447,09:52:18,31.19,9473491,3042,买盘
448,09:52:21,31.18,2870513,920,卖盘
449,09:52:24,31.17,770137,247,卖盘
450,09:52:27,31.13,383402,123,中性盘
451,09:52:30,31.16,517260,166,中性盘
452,09:52:33,31.16,432933,139,买盘
453,09:52:36,31.2,5598583,1795,买盘
454,09:52:39,31.13,417770,134,卖盘
455,09:52:42,31.17,246383,79,买盘
456,09:52:45,31.17,296061,95,卖盘
457,09:52:48,31.17,289712,93,买盘
458,09:52:51,31.17,623298,200,买盘
459,09:52:54,31.14,1015898,326,卖盘
460,09:52:57,31.14,305336,98,卖盘
461,09:53:00,31.15,283422,91,中性盘
462,09:53:03,31.14,239837,77,中性盘
463,09:53:06,31.14,517066,166,买盘
464,09:53:09,31.15,445300,143,卖盘
465,09:53:12,31.12,822010,264,卖盘
466,09:53:15,31.1,470253,151,卖盘
467,09:53:18,31.12,326642,105,中性盘
468,09:53:21,31.09,251895,81,中性盘
469,09:53:24,31.06,360447,116,卖盘
470,09:53:27,31.06,245478,79,卖盘
471,09:53:30,31.06,180173,58,卖盘
472,09:53:33,31.07,99418,32,卖盘
473,09:53:36,31.07,270330,87,卖盘
474,09:53:39,31.08,1107387,356,买盘
475,09:53:42,31.11,466346,150,中性盘
476,09:53:45,31.08,24864,8,卖盘
477,09:53:48,31.08,285977,92,卖盘
478,09:53:51,31.1,553533,178,买盘
479,09:53:54,31.1,118175,38,卖盘
480,09:53:57,31.11,71535,23,买盘
481,09:54:00,31.1,1497601,482,买盘
482,09:54:03,31.07,180224,58,中性盘
483,09:54:06,31.05,87009,28,卖盘
484,09:54:09,31.04,636614,205,卖盘
485,09:54:12,31.05,232918,75,买盘
486,09:54:15,31.03,207952,67,卖盘
487,09:54:18,31.05,751773,242,买盘
488,09:54:21,31.07,276376,89,买盘
489,09:54:24,31.07,158408,51,买盘
490,09:54:27,31.04,130481,42,卖盘
491,09:54:30,31.04,208013,67,卖盘
492,09:54:33,31.04,139714,45,卖盘
493,09:54:36,31.04,46588,15,卖盘
494,09:54:39,31.05,189401,61,中性盘
495,09:54:42,31.07,49704,16,买盘
496,09:54:45,31.05,223553,72,卖盘
497,09:54:48,31.06,720364,232,买盘
498,09:54:51,31.04,220440,71,卖盘
499,09:54:54,31.05,248386,80,中性盘
500,09:54:57,31.06,167703,54,买盘
501,09:55:00,31.06,142854,46,买盘
502,09:55:03,31.04,1468255,473,卖盘
503,09:55:06,31.02,189189,61,卖盘
504,09:55:09,31.0,145715,47,卖盘
505,09:55:12,30.98,592100,191,卖盘
506,09:55:15,30.95,235355,76,卖盘
507,09:55:18,30.98,27877,9,买盘
508,09:55:21,30.98,80511,26,买盘
509,09:55:24,30.97,192058,62,卖盘
510,09:55:27,30.98,405755,131,中性盘
511,09:55:30,30.97,80525,26,中性盘
512,09:55:33,30.94,411624,133,卖盘
513,09:55:36,30.96,368159,119,买盘
514,09:55:39,30.95,433162,140,中性盘
515,09:55:42,30.96,269233,87,买盘
516,09:55:45,30.94,228995,74,卖盘
517,09:55:48,30.95,145472,47,中性盘
518,09:55:51,30.95,324973,105,卖盘
519,09:55:54,30.95,269253,87,买盘
520,09:55:57,30.94,216641,70,卖盘
521,09:56:00,30.94,185672,60,卖盘
522,09:56:03,30.94,241376,78,卖盘
523,09:56:06,30.95,191871,62,买盘
524,09:56:09,30.95,275444,89,卖盘
525,09:56:12,30.95,238313,77,买盘
526,09:56:15,30.96,74285,24,买盘
527,09:56:18,30.95,133101,43,卖盘
528,09:56:21,30.96,315872,102,卖盘
529,09:56:24,30.97,291018,94,中性盘
530,09:56:27,30.97,126948,41,买盘
531,09:56:30,30.98,192040,62,买盘
532,09:56:33,30.99,83666,27,买盘
533,09:56:36,30.97,154873,50,卖盘
534,09:56:39,30.98,102238,33,卖盘
535,09:56:42,30.98,161092,52,买盘
536,09:56:45,30.99,570599,184,买盘
537,09:56:48,30.99,179744,58,卖盘
538,09:56:51,30.99,92972,30,卖盘
539,09:56:54,30.99,1001202,323,卖盘
540,09:56:57,31.0,92985,30,中性盘
541,09:57:00,31.01,167483,54,中性盘
542,09:57:03,31.0,297668,96,卖盘
543,09:57:06,31.01,117822,38,买盘
544,09:57:09,31.01,204646,66,买盘
545,09:57:12,31.0,527120,170,卖盘
546,09:57:15,31.0,334858,108,卖盘
547,09:57:18,31.0,1041666,336,卖盘
548,09:57:21,31.0,601408,194,卖盘
549,09:57:24,30.99,529374,171,卖盘
550,09:57:27,30.99,517526,167,买盘
551,09:57:30,30.98,436903,141,卖盘
552,09:57:33,31.0,68186,22,买盘
553,09:57:36,30.98,192092,62,卖盘
554,09:57:39,30.98,120803,39,买盘
555,09:57:42,30.98,123909,40,买盘
556,09:57:45,30.98,412038,133,买盘
557,09:57:48,30.98,1314001,424,卖盘
558,09:57:51,30.98,309841,100,卖盘
559,09:57:54,30.98,254050,82,卖盘
560,09:57:57,30.98,127014,41,买盘
561,09:58:00,30.97,198262,64,卖盘
562,09:58:03,30.97,669098,216,卖盘
563,09:58:06,30.98,176585,57,买盘
564,09:58:09,30.97,374763,121,卖盘
565,09:58:12,30.97,71231,23,买盘
566,09:58:15,30.96,708995,229,卖盘
567,09:58:18,30.97,266305,86,买盘
568,09:58:21,30.96,421198,136,卖盘
569,09:58:24,30.98,80546,26,买盘
570,09:58:27,30.96,207454,67,卖盘
571,09:58:30,30.96,160994,52,卖盘
572,09:58:33,30.96,213622,69,买盘
573,09:58:36,30.96,133100,43,买盘
574,09:58:39,30.95,996699,322,卖盘
575,09:58:42,30.96,269301,87,买盘
576,09:58:45,30.95,863491,279,卖盘
577,09:58:48,30.94,86649,28,卖盘
578,09:58:51,30.94,256802,83,卖盘
579,09:58:54,30.94,485797,157,买盘
580,09:58:57,30.94,309406,100,卖盘
581,09:59:00,30.93,634290,205,卖盘
582,09:59:03,30.94,201106,65,买盘
583,09:59:06,30.94,247485,80,买盘
584,09:59:09,30.93,201088,65,卖盘
585,09:59:12,30.93,671220,217,卖盘
586,09:59:15,30.92,720732,233,卖盘
587,09:59:18,30.92,204095,66,卖盘
588,09:59:21,30.92,615322,199,卖盘
589,09:59:24,30.92,562763,182,卖盘
590,09:59:27,30.92,374145,121,卖盘
591,09:59:30,30.93,1175315,380,买盘
592,09:59:33,30.93,241238,78,卖盘
593,09:59:36,30.93,74233,24,卖盘
594,09:59:39,30.93,120656,39,卖盘
595,09:59:42,30.93,658616,213,卖盘
596,09:59:45,30.93,136088,44,买盘
597,09:59:48,30.92,123684,40,卖盘
598,09:59:51,30.91,908843,294,卖盘
599,09:59:54,30.91,160748,52,卖盘
600,09:59:57,30.91,132929,43,卖盘
601,10:00:00,30.92,760393,246,买盘
602,10:00:03,30.91,404930,131,卖盘
603,10:00:06,30.91,333825,108,卖盘
604,10:00:09,30.9,383243,124,卖盘
605,10:00:12,30.9,889995,288,卖盘
606,10:00:15,30.9,333758,108,卖盘
607,10:00:18,30.91,426537,138,买盘
608,10:00:21,30.9,203957,66,卖盘
609,10:00:24,30.91,392506,127,买盘
610,10:00:27,30.9,395527,128,卖盘
611,10:00:30,30.91,639710,207,买盘
612,10:00:33,30.9,244149,79,卖盘
613,10:00:36,30.9,580961,188,卖盘
614,10:00:39,30.91,3407929,1103,买盘
615,10:00:42,30.89,241019,78,卖盘
616,10:00:45,30.9,256462,83,买盘
617,10:00:48,30.9,169926,55,买盘
618,10:00:51,30.9,256395,83,买盘
619,10:00:54,30.89,1368880,443,卖盘
620,10:00:57,30.89,142094,46,卖盘
621,10:01:00,30.88,231645,75,卖盘
622,10:01:03,30.89,713526,231,买盘
623,10:01:06,30.91,788815,255,买盘
624,10:01:09,30.9,114347,37,卖盘
625,10:01:12,30.89,902171,292,卖盘
626,10:01:15,30.89,423229,137,卖盘
627,10:01:18,30.89,332686,108,卖盘
628,10:01:21,30.89,265640,86,买盘
629,10:01:24,30.87,2733004,885,卖盘
630,10:01:27,30.88,518881,168,中性盘
631,10:01:30,30.89,843172,273,买盘
632,10:01:33,30.89,614790,199,卖盘
633,10:01:36,30.9,120500,39,买盘
634,10:01:39,30.9,185357,60,买盘
635,10:01:42,30.89,426337,138,卖盘
636,10:01:45,30.9,290377,94,买盘
637,10:01:48,30.89,139012,45,卖盘
638,10:01:51,30.88,250217,81,卖盘
639,10:01:54,30.88,58689,19,卖盘
640,10:01:57,30.88,932584,302,卖盘
641,10:02:00,30.88,463222,150,卖盘
642,10:02:03,30.89,228515,74,买盘
643,10:02:06,30.89,518823,168,买盘
644,10:02:09,30.88,281025,91,卖盘
645,10:02:12,30.88,537317,174,买盘
646,10:02:15,30.88,311861,101,买盘
647,10:02:18,30.88,1581033,512,买盘
648,10:02:21,30.9,1149138,372,买盘
649,10:02:24,30.9,219347,71,买盘
650,10:02:27,30.9,404608,131,买盘
651,10:02:30,30.89,1886339,611,中性盘
652,10:02:33,30.9,231735,75,买盘
653,10:02:36,30.89,407735,132,卖盘
654,10:02:39,30.9,756944,245,买盘
655,10:02:42,30.9,509788,165,买盘
656,10:02:45,30.9,376874,122,买盘
657,10:02:48,30.89,52523,17,卖盘
658,10:02:51,30.89,457282,148,卖盘
659,10:02:54,30.89,719760,233,卖盘
660,10:02:57,30.88,574492,186,卖盘
661,10:03:00,30.88,117368,38,卖盘
662,10:03:03,30.88,982052,318,卖盘
663,10:03:06,30.88,407647,132,卖盘
664,10:03:09,30.88,219246,71,买盘
665,10:03:12,30.87,410685,133,卖盘
666,10:03:15,30.87,379770,123,卖盘
667,10:03:18,30.87,839664,272,卖盘
668,10:03:21,30.88,1241167,402,买盘
669,10:03:24,30.88,228550,74,卖盘
670,10:03:27,30.88,830686,269,卖盘
671,10:03:30,30.89,886318,287,买盘
672,10:03:33,30.88,716570,232,卖盘
673,10:03:36,30.88,176033,57,卖盘
674,10:03:39,30.89,240877,78,买盘
675,10:03:42,30.88,392262,127,卖盘
676,10:03:45,30.89,281071,91,买盘
677,10:03:48,30.9,426241,138,买盘
678,10:03:51,30.88,321239,104,卖盘
679,10:03:54,30.9,203876,66,买盘
680,10:03:57,30.91,950711,308,买盘
681,10:04:00,30.91,155819,50,卖盘
682,10:04:03,30.92,304681,99,买盘
683,10:04:06,30.92,40202,13,卖盘
684,10:04:09,30.92,222657,72,卖盘
685,10:04:12,30.93,445306,144,买盘
686,10:04:15,30.94,191769,62,买盘
687,10:04:18,30.93,353862,114,卖盘
688,10:04:21,30.92,145356,47,卖盘
689,10:04:24,30.94,231994,75,买盘
690,10:04:27,30.93,139165,45,卖盘
691,10:04:30,30.93,89687,29,买盘
692,10:04:33,30.93,89702,29,卖盘
693,10:04:36,30.93,89699,29,卖盘
694,10:04:39,30.95,175120,57,买盘
695,10:04:42,30.95,328052,106,买盘
696,10:04:45,30.94,1743567,563,卖盘
697,10:04:48,30.95,426847,138,买盘
698,10:04:51,30.94,411497,133,买盘
699,10:04:54,30.93,702354,227,中性盘
700,10:04:57,30.94,182568,59,买盘
701,10:05:00,30.94,27847,9,卖盘
702,10:05:03,30.94,887894,287,卖盘
703,10:05:06,30.93,321730,104,中性盘
704,10:05:09,30.93,281503,91,买盘
705,10:05:12,30.91,1440606,466,卖盘
706,10:05:15,30.91,284378,92,买盘
707,10:05:18,30.91,256551,83,卖盘
708,10:05:21,30.92,417237,135,买盘
709,10:05:24,30.9,1649209,533,卖盘
710,10:05:27,30.91,18545,6,买盘
711,10:05:30,30.95,1757338,568,买盘
712,10:05:33,30.93,210214,68,中性盘
713,10:05:36,30.91,176235,57,卖盘
714,10:05:39,30.91,154568,50,卖盘
715,10:05:42,30.91,139102,45,卖盘
716,10:05:45,30.91,309130,100,卖盘
717,10:05:48,30.93,896593,290,买盘
718,10:05:51,30.92,720165,233,中性盘
719,10:05:54,30.91,336902,109,买盘
720,10:05:57,30.91,179252,58,买盘
721,10:06:00,30.91,169970,55,买盘
722,10:06:03,30.9,438783,142,卖盘
723,10:06:06,30.9,985705,319,卖盘
724,10:06:09,30.91,259573,84,买盘
725,10:06:12,30.89,488161,158,卖盘
726,10:06:15,30.89,250274,81,卖盘
727,10:06:18,30.89,386306,125,卖盘
728,10:06:21,30.89,265723,86,卖盘
729,10:06:24,30.91,129772,42,买盘
730,10:06:27,30.9,64874,21,中性盘
731,10:06:30,30.9,1393187,451,卖盘
732,10:06:33,30.9,182312,59,卖盘
733,10:06:36,30.9,80338,26,卖盘
734,10:06:39,30.91,463561,150,买盘
735,10:06:42,30.9,182293,59,卖盘
736,10:06:45,30.89,89582,29,卖盘
737,10:06:48,30.89,80339,26,卖盘
738,10:06:51,30.9,253380,82,买盘
739,10:06:54,30.9,213214,69,卖盘
740,10:06:57,30.91,74173,24,买盘
741,10:07:00,30.9,191580,62,卖盘
742,10:07:03,30.94,1103759,357,买盘
743,10:07:06,30.94,1437265,464,中性盘
744,10:07:09,30.95,12380,4,中性盘
745,10:07:12,30.94,259947,84,卖盘
746,10:07:15,30.99,879706,284,买盘
747,10:07:18,31.0,489729,158,买盘
748,10:07:21,31.0,353316,114,买盘
749,10:07:24,30.98,365660,118,卖盘
750,10:07:27,31.0,288288,93,买盘
751,10:07:30,31.01,427879,138,买盘
752,10:07:33,31.02,415461,134,中性盘
753,10:07:36,31.02,378317,122,中性盘
754,10:07:39,31.0,46539,15,卖盘
755,10:07:42,31.02,837293,270,买盘
756,10:07:45,31.0,108504,35,卖盘
757,10:07:48,31.02,626209,202,买盘
758,10:07:51,31.0,139496,45,中性盘
759,10:07:54,31.02,759446,245,买盘
760,10:07:57,31.02,359664,116,买盘
761,10:08:00,31.0,151871,49,买盘
762,10:08:03,30.98,83666,27,中性盘
763,10:08:06,30.99,136284,44,买盘
764,10:08:09,30.96,80494,26,卖盘
765,10:08:12,30.96,58824,19,买盘
766,10:08:15,30.95,464275,150,卖盘
767,10:08:18,30.95,61899,20,卖盘
768,10:08:21,30.95,445580,144,买盘
769,10:08:24,30.95,151739,49,买盘
770,10:08:27,30.95,139277,45,买盘
771,10:08:30,30.95,349756,113,卖盘
772,10:08:33,30.96,34054,11,买盘
773,10:08:36,30.95,108326,35,卖盘
774,10:08:39,30.96,117650,38,中性盘
775,10:08:42,30.95,544800,176,卖盘
776,10:08:45,30.95,405438,131,买盘
777,10:08:48,30.94,498470,161,卖盘
778,10:08:51,30.95,99053,32,卖盘
779,10:08:54,30.95,188807,61,卖盘
780,10:08:57,30.96,235252,76,买盘
781,10:09:00,30.96,446024,144,卖盘
782,10:09:03,30.96,24768,8,卖盘
783,10:09:06,30.96,77400,25,卖盘
784,10:09:09,30.97,247760,80,买盘
785,10:09:12,30.97,260195,84,卖盘
786,10:09:15,30.95,770900,249,卖盘
787,10:09:18,30.99,671907,217,买盘
788,10:09:21,30.97,30977,10,买盘
789,10:09:24,30.99,52683,17,买盘
790,10:09:27,30.97,18583,6,卖盘
791,10:09:30,30.98,27887,9,中性盘
792,10:09:33,30.97,46459,15,卖盘
793,10:09:36,30.98,80532,26,买盘
794,10:09:39,30.99,201357,65,买盘
795,10:09:42,31.0,251095,81,买盘
796,10:09:45,30.99,92972,30,卖盘
797,10:09:48,30.99,282071,91,卖盘
798,10:09:51,30.99,24790,8,买盘
799,10:09:54,30.99,24792,8,买盘
800,10:09:57,30.99,164216,53,买盘
801,10:10:00,30.99,99158,32,买盘
802,10:10:03,30.98,297433,96,卖盘
803,10:10:06,30.98,365653,118,卖盘
804,10:10:09,30.97,774281,250,卖盘
805,10:10:12,30.97,80512,26,买盘
806,10:10:15,30.96,89784,29,卖盘
807,10:10:18,30.97,167189,54,买盘
808,10:10:21,30.96,219833,71,卖盘
809,10:10:24,30.97,126967,41,买盘
810,10:10:27,30.97,445968,144,买盘
811,10:10:30,30.97,43359,14,卖盘
812,10:10:33,30.97,176556,57,卖盘
813,10:10:36,30.97,43360,14,卖盘
814,10:10:39,30.98,126987,41,买盘
815,10:10:42,30.97,126977,41,买盘
816,10:10:45,30.96,120754,39,卖盘
817,10:10:51,30.96,89784,29,卖盘
818,10:10:54,30.96,46440,15,买盘
819,10:10:57,30.96,24761,8,买盘
820,10:11:00,30.96,74301,24,买盘
821,10:11:03,30.96,303364,98,买盘
822,10:11:06,30.95,176416,57,卖盘
823,10:11:09,30.96,40240,13,买盘
824,10:11:12,30.95,213567,69,卖盘
825,10:11:15,30.96,18572,6,买盘
826,10:11:18,30.95,346647,112,卖盘
827,10:11:21,30.94,182603,59,卖盘
828,10:11:24,30.95,77368,25,买盘
829,10:11:27,30.94,179454,58,卖盘
830,10:11:30,30.94,129959,42,卖盘
831,10:11:33,30.94,244431,79,卖盘
832,10:11:36,30.94,46409,15,买盘
833,10:11:39,30.93,680492,220,卖盘
834,10:11:42,30.92,1175003,380,卖盘
835,10:11:45,30.92,281376,91,卖盘
836,10:11:48,30.92,383419,124,卖盘
837,10:11:51,30.92,129865,42,卖盘
838,10:11:54,30.92,287561,93,卖盘
839,10:11:57,30.91,1353895,438,卖盘
840,10:12:00,30.91,68002,22,买盘
841,10:12:03,30.91,550128,178,买盘
842,10:12:06,30.91,519169,168,买盘
843,10:12:09,30.9,86530,28,卖盘
844,10:12:12,30.9,494484,160,卖盘
845,10:12:15,30.9,61803,20,卖盘
846,10:12:18,30.9,86533,28,卖盘
847,10:12:21,30.9,120530,39,卖盘
848,10:12:24,30.91,568588,184,买盘
849,10:12:27,30.91,55639,18,卖盘
850,10:12:30,30.91,129822,42,卖盘
851,10:12:33,30.9,126702,41,卖盘
852,10:12:36,30.91,241048,78,买盘
853,10:12:39,30.9,157592,51,卖盘
854,10:12:42,30.9,1171042,379,卖盘
855,10:12:45,30.9,120505,39,买盘
856,10:12:48,30.9,111235,36,买盘
857,10:12:51,30.91,865180,280,买盘
858,10:12:54,30.9,200893,65,卖盘
859,10:12:57,30.89,126681,41,卖盘
860,10:13:00,30.91,173047,56,买盘
861,10:13:03,30.89,580846,188,卖盘
862,10:13:06,30.9,250299,81,买盘
863,10:13:09,30.9,64892,21,卖盘
864,10:13:12,30.9,27806,9,买盘
865,10:13:15,30.92,7789585,2519,买盘
866,10:13:18,30.92,386580,125,卖盘
867,10:13:21,30.93,210194,68,中性盘
868,10:13:24,30.93,30924,10,卖盘
869,10:13:27,30.92,24736,8,中性盘
870,10:13:30,30.93,43300,14,买盘
871,10:13:33,30.93,64937,21,买盘
872,10:13:36,30.92,639842,207,中性盘
873,10:13:39,30.91,1010334,327,卖盘
874,10:13:42,30.91,284384,92,卖盘
875,10:13:45,30.92,120570,39,买盘
876,10:13:48,30.92,21644,7,卖盘
877,10:13:51,30.93,77303,25,买盘
878,10:13:54,30.92,785119,254,卖盘
879,10:13:57,30.93,204115,66,买盘
880,10:14:00,30.94,9280,3,买盘
881,10:14:03,30.91,432896,140,卖盘
882,10:14:06,30.92,77302,25,买盘
883,10:14:09,30.91,71097,23,卖盘
884,10:14:12,30.92,281346,91,买盘
885,10:14:15,30.91,108197,35,卖盘
886,10:14:18,30.92,68021,22,卖盘
887,10:14:21,30.9,1022835,331,卖盘
888,10:14:24,30.9,33997,11,买盘
889,10:14:27,30.9,231738,75,卖盘
890,10:14:30,30.9,89629,29,卖盘
891,10:14:33,30.9,1643060,532,卖盘
892,10:14:36,30.92,40188,13,买盘
893,10:14:39,30.92,117472,38,中性盘
894,10:14:42,30.91,102005,33,卖盘
895,10:14:45,30.91,219468,71,卖盘
896,10:14:48,30.91,194762,63,卖盘
897,10:14:51,30.91,568744,184,卖盘
898,10:14:54,30.91,340067,110,卖盘
899,10:14:57,30.92,739034,239,买盘
900,10:15:00,30.91,1069599,346,卖盘
901,10:15:03,30.93,557080,180,卖盘
902,10:15:06,30.95,1139008,368,买盘
903,10:15:09,30.96,37153,12,买盘
904,10:15:12,30.95,24766,8,卖盘
905,10:15:15,30.96,133128,43,卖盘
906,10:15:18,30.98,1452200,469,买盘
907,10:15:21,30.96,926020,299,卖盘
908,10:15:24,30.96,482976,156,买盘
909,10:15:27,30.97,489171,158,买盘
910,10:15:30,30.96,43348,14,卖盘
911,10:15:33,30.96,74309,24,卖盘
912,10:15:36,30.99,241596,78,买盘
913,10:15:39,30.96,126951,41,卖盘
914,10:15:42,30.96,405519,131,买盘
915,10:15:45,30.96,111454,36,买盘
916,10:15:48,30.97,27865,9,买盘
917,10:15:51,30.96,365282,118,卖盘
918,10:15:57,30.97,71211,23,中性盘
919,10:16:00,30.97,99093,32,卖盘
920,10:16:03,30.96,126946,41,卖盘
921,10:16:06,30.97,46455,15,买盘
922,10:16:09,30.96,421057,136,卖盘
923,10:16:12,30.96,315868,102,卖盘
924,10:16:15,30.98,151788,49,买盘
925,10:16:18,30.98,151803,49,卖盘
926,10:16:21,30.99,15491,5,买盘
927,10:16:24,30.98,210664,68,卖盘
928,10:16:27,30.99,260282,84,买盘
929,10:16:30,30.98,74361,24,中性盘
930,10:16:33,30.99,753057,243,买盘
931,10:16:36,30.99,309905,100,卖盘
932,10:16:39,31.0,12397,4,买盘
933,10:16:42,31.0,145673,47,买盘
934,10:16:45,30.99,3614570,1166,卖盘
935,10:16:48,31.0,570387,184,买盘
936,10:16:51,31.0,623047,201,买盘
937,10:16:54,31.01,40302,13,买盘
938,10:16:57,31.0,127135,41,卖盘
939,10:17:00,31.0,136435,44,卖盘
940,10:17:03,31.02,403185,130,买盘
941,10:17:06,31.02,99254,32,买盘
942,10:17:09,31.01,93052,30,卖盘
943,10:17:12,31.02,21714,7,买盘
944,10:17:15,31.02,124071,40,买盘
945,10:17:18,31.01,68230,22,卖盘
946,10:17:21,31.02,74448,24,买盘
947,10:17:24,31.02,220240,71,买盘
948,10:17:27,31.02,93060,30,卖盘
949,10:17:30,31.02,176833,57,卖盘
950,10:17:33,31.01,328810,106,卖盘
951,10:17:36,31.02,161327,52,中性盘
952,10:17:39,31.02,511941,165,卖盘
953,10:17:42,31.03,431286,139,买盘
954,10:17:45,31.02,117879,38,卖盘
955,10:17:48,31.03,114795,37,买盘
956,10:17:51,31.02,12409,4,卖盘
957,10:17:54,31.03,46537,15,买盘
958,10:17:57,31.03,43436,14,买盘
959,10:18:00,31.02,279189,90,卖盘
960,10:18:03,31.02,338135,109,卖盘
961,10:18:06,31.01,338114,109,卖盘
962,10:18:09,31.01,62026,20,卖盘
963,10:18:12,31.01,207796,67,卖盘
964,10:18:15,31.01,356616,115,卖盘
965,10:18:18,31.0,68221,22,卖盘
966,10:18:21,31.0,421601,136,卖盘
967,10:18:24,31.0,248000,80,卖盘
968,10:18:27,31.0,1333001,430,卖盘
969,10:18:30,31.0,198407,64,卖盘
970,10:18:33,31.0,310004,100,卖盘
971,10:18:36,31.0,30995,10,买盘
972,10:18:39,31.01,1624622,524,买盘
973,10:18:42,31.03,1647290,531,买盘
974,10:18:45,31.0,859461,277,卖盘
975,10:18:48,31.06,695437,224,买盘
976,10:18:51,31.01,362909,117,卖盘
977,10:18:54,31.01,121010,39,卖盘
978,10:18:57,31.05,1320355,425,中性盘
979,10:19:00,31.09,332443,107,买盘
980,10:19:03,31.09,357638,115,中性盘
981,10:19:06,31.07,96259,31,卖盘
982,10:19:09,31.07,40391,13,中性盘
983,10:19:12,31.09,96314,31,买盘
984,10:19:15,31.06,40379,13,卖盘
985,10:19:18,31.09,323257,104,买盘
986,10:19:21,31.06,27957,9,中性盘
987,10:19:24,31.06,86974,28,卖盘
988,10:19:27,31.08,59042,19,买盘
989,10:19:30,31.06,180223,58,卖盘
990,10:19:33,31.06,1816375,584,卖盘
991,10:19:36,31.08,347910,112,卖盘
992,10:19:39,31.08,46618,15,买盘
993,10:19:42,31.08,40398,13,买盘
994,10:19:45,31.06,136723,44,卖盘
995,10:19:48,31.06,46607,15,卖盘
996,10:19:51,31.06,24848,8,卖盘
997,10:19:54,31.06,27949,9,买盘
998,10:19:57,31.06,232969,75,买盘
999,10:20:00,31.06,127356,41,卖盘
1000,10:20:03,31.06,105626,34,卖盘
1001,10:20:06,31.06,205016,66,买盘
1002,10:20:09,31.05,108676,35,卖盘
1003,10:20:12,31.04,195492,63,中性盘
1004,10:20:15,31.05,9315,3,买盘
1005,10:20:18,31.03,6206,2,买盘
1006,10:20:21,31.04,105545,34,买盘
1007,10:20:24,31.04,9312,3,卖盘
1008,10:20:27,31.02,158233,51,卖盘
1009,10:20:30,31.02,55848,18,卖盘
1010,10:20:33,31.03,83763,27,买盘
1011,10:20:36,31.01,43427,14,卖盘
1012,10:20:39,31.02,31020,10,买盘
1013,10:20:42,31.01,31010,10,卖盘
1014,10:20:45,31.0,378260,122,卖盘
1015,10:20:48,31.0,263504,85,卖盘
1016,10:20:51,31.0,89880,29,买盘
1017,10:20:54,30.99,139455,45,卖盘
1018,10:20:57,30.98,40285,13,卖盘
1019,10:21:00,30.98,235448,76,卖盘
1020,10:21:03,31.01,1819437,587,买盘
1021,10:21:06,31.0,2500030,806,卖盘
1022,10:21:09,31.02,49636,16,中性盘
1023,10:21:12,31.02,322487,104,卖盘
1024,10:21:15,31.04,6206,2,买盘
1025,10:21:18,31.02,18608,6,买盘
1026,10:21:21,31.02,124080,40,买盘
1027,10:21:24,31.02,158198,51,买盘
1028,10:21:27,31.0,437126,141,卖盘
1029,10:21:30,31.02,46530,15,中性盘
1030,10:21:33,31.02,229566,74,卖盘
1031,10:21:36,31.04,468330,151,买盘
1032,10:21:39,31.02,18612,6,卖盘
1033,10:21:42,31.01,58934,19,卖盘
1034,10:21:45,31.02,102359,33,买盘
1035,10:21:48,31.03,499646,161,买盘
1036,10:21:51,31.02,83756,27,中性盘
1037,10:21:54,31.02,186120,60,卖盘
1038,10:21:57,31.02,83755,27,卖盘
1039,10:22:00,31.02,43428,14,买盘
1040,10:22:03,31.01,220181,71,卖盘
1041,10:22:06,31.0,207796,67,卖盘
1042,10:22:09,31.0,117798,38,卖盘
1043,10:22:12,30.99,210744,68,卖盘
1044,10:22:15,30.99,77498,25,买盘
1045,10:22:18,30.98,316106,102,卖盘
1046,10:22:21,30.99,34084,11,中性盘
1047,10:22:24,30.99,65059,21,买盘
1048,10:22:27,30.98,30980,10,卖盘
1049,10:22:30,30.98,250933,81,卖盘
1050,10:22:33,30.98,96037,31,买盘
1051,10:22:36,30.98,185860,60,买盘
1052,10:22:39,30.98,120799,39,买盘
1053,10:22:42,30.97,127007,41,卖盘
1054,10:22:45,30.96,328278,106,卖盘
1055,10:22:48,30.97,117682,38,买盘
1056,10:22:51,30.97,105277,34,买盘
1057,10:22:54,30.96,613084,198,卖盘
1058,10:22:57,30.96,71208,23,卖盘
1059,10:23:00,30.95,133127,43,卖盘
1060,10:23:03,30.95,52616,17,卖盘
1061,10:23:06,30.95,216650,70,卖盘
1062,10:23:09,30.95,95949,31,卖盘
1063,10:23:12,30.96,238346,77,买盘
1064,10:23:15,30.95,399307,129,卖盘
1065,10:23:18,30.95,37140,12,买盘
1066,10:23:21,30.95,340450,110,买盘
1067,10:23:24,30.95,24761,8,卖盘
1068,10:23:27,30.98,752399,243,买盘
1069,10:23:30,30.98,176546,57,买盘
1070,10:23:33,30.96,746018,241,卖盘
1071,10:23:36,30.97,21684,7,中性盘
1072,10:23:39,30.98,393317,127,中性盘
1073,10:23:42,30.99,105334,34,买盘
1074,10:23:45,30.99,21693,7,卖盘
1075,10:23:48,30.99,700427,226,卖盘
1076,10:23:51,31.0,170485,55,买盘
1077,10:23:54,31.0,21701,7,卖盘
1078,10:23:57,31.01,155001,50,买盘
1079,10:24:00,31.01,124011,40,买盘
1080,10:24:03,31.01,62017,20,买盘
1081,10:24:06,31.0,71304,23,卖盘
1082,10:24:09,31.01,18603,6,买盘
1083,10:24:12,31.0,105402,34,卖盘
1084,10:24:15,31.0,18600,6,卖盘
1085,10:24:18,31.01,229440,74,买盘
1086,10:24:21,30.99,136416,44,卖盘
1087,10:24:24,31.01,108537,35,买盘
1088,10:24:27,31.01,15505,5,卖盘
1089,10:24:30,31.01,21707,7,卖盘
1090,10:24:33,31.01,220198,71,卖盘
1091,10:24:36,31.0,62000,20,卖盘
1092,10:24:39,31.0,46510,15,卖盘
1093,10:24:42,31.01,89929,29,买盘
1094,10:24:45,31.0,353410,114,卖盘
1095,10:24:48,31.01,514336,166,买盘
1096,10:24:51,31.0,52694,17,卖盘
1097,10:24:54,31.0,151938,49,买盘
1098,10:25:00,31.0,96108,31,卖盘
1099,10:25:03,31.0,210801,68,卖盘
1100,10:25:06,30.99,30998,10,卖盘
1101,10:25:09,31.0,455700,147,买盘
1102,10:25:12,31.05,1225810,395,买盘
1103,10:25:15,31.05,27947,9,卖盘
1104,10:25:18,31.05,18630,6,卖盘
1105,10:25:21,31.07,1139974,367,买盘
1106,10:25:24,31.07,49717,16,卖盘
1107,10:25:27,31.06,406965,131,卖盘
1108,10:25:30,31.08,608945,196,买盘
1109,10:25:33,31.07,12430,4,卖盘
1110,10:25:36,31.1,1078986,347,买盘
1111,10:25:39,31.12,513467,165,买盘
1112,10:25:42,31.13,827677,266,买盘
1113,10:25:45,31.13,84046,27,买盘
1114,10:25:48,31.1,671982,216,卖盘
1115,10:25:51,31.13,569462,183,买盘
1116,10:25:54,31.12,68464,22,买盘
1117,10:25:57,31.11,118249,38,卖盘
1118,10:26:00,31.12,557013,179,买盘
1119,10:26:03,31.1,1355937,436,卖盘
1120,10:26:06,31.1,301629,97,买盘
1121,10:26:09,31.08,152294,49,中性盘
1122,10:26:12,31.07,174084,56,中性盘
1123,10:26:15,31.07,201977,65,卖盘
1124,10:26:18,31.07,9323,3,卖盘
1125,10:26:21,31.08,540857,174,买盘
1126,10:26:24,31.08,130566,42,买盘
1127,10:26:27,31.08,217493,70,卖盘
1128,10:26:30,31.07,217479,70,买盘
1129,10:26:33,31.03,204927,66,卖盘
1130,10:26:36,31.06,46579,15,买盘
1131,10:26:39,31.03,31032,10,卖盘
1132,10:26:42,31.03,105520,34,卖盘
1133,10:26:48,31.02,310251,100,卖盘
1134,10:26:51,31.03,15513,5,买盘
1135,10:26:54,31.02,1094701,353,卖盘
1136,10:26:57,31.02,89958,29,买盘
1137,10:27:00,31.03,570936,184,买盘
1138,10:27:03,31.01,570554,184,卖盘
1139,10:27:06,31.02,86880,28,中性盘
1140,10:27:09,31.01,133364,43,卖盘
1141,10:27:12,31.02,214005,69,买盘
1142,10:27:15,31.02,52728,17,买盘
1143,10:27:18,31.01,40316,13,卖盘
1144,10:27:21,31.01,195390,63,卖盘
1145,10:27:24,31.01,207770,67,卖盘
1146,10:27:27,31.02,220124,71,买盘
1147,10:27:30,31.01,124005,40,中性盘
1148,10:27:33,31.0,189752,61,卖盘
1149,10:27:36,31.0,1211443,391,卖盘
1150,10:27:39,31.0,266600,86,买盘
1151,10:27:42,31.0,136388,44,买盘
1152,10:27:45,31.0,15500,5,卖盘
1153,10:27:48,31.0,58897,19,卖盘
1154,10:27:51,31.0,3100,1,买盘
1155,10:27:54,31.0,37200,12,买盘
1156,10:27:57,30.99,55789,18,卖盘
1157,10:28:00,30.99,74379,24,卖盘
1158,10:28:03,30.99,40287,13,买盘
1159,10:28:06,31.0,58889,19,买盘
1160,10:28:12,31.0,108503,35,卖盘
1161,10:28:15,31.0,77500,25,买盘
1162,10:28:18,31.0,105391,34,买盘
1163,10:28:21,31.0,266560,86,卖盘
1164,10:28:24,31.01,52704,17,买盘
1165,10:28:27,31.0,263467,85,卖盘
1166,10:28:30,31.0,46500,15,买盘
1167,10:28:33,31.01,310037,100,买盘
1168,10:28:36,31.0,21700,7,卖盘
1169,10:28:39,31.0,1045263,337,卖盘
1170,10:28:42,31.0,61997,20,卖盘
1171,10:28:45,31.0,210749,68,买盘
1172,10:28:48,30.99,61980,20,卖盘
1173,10:28:51,30.99,6198,2,买盘
1174,10:28:54,30.98,12392,4,卖盘
1175,10:28:57,31.0,861710,278,买盘
1176,10:29:00,30.99,9298,3,中性盘
1177,10:29:03,30.98,241692,78,卖盘
1178,10:29:06,30.99,37188,12,买盘
1179,10:29:09,30.99,12395,4,买盘
1180,10:29:12,30.99,71278,23,卖盘
1181,10:29:15,30.99,34092,11,卖盘
1182,10:29:18,30.99,316098,102,卖盘
1183,10:29:21,30.99,24792,8,买盘
1184,10:29:24,30.99,102236,33,买盘
1185,10:29:27,30.98,49569,16,卖盘
1186,10:29:30,30.98,46471,15,卖盘
1187,10:29:33,30.98,294310,95,卖盘
1188,10:29:36,30.98,114611,37,中性盘
1189,10:29:39,30.97,92933,30,卖盘
1190,10:29:42,30.97,12390,4,卖盘
1191,10:29:45,30.97,260176,84,卖盘
1192,10:29:48,30.97,68141,22,卖盘
1193,10:29:51,30.98,12392,4,买盘
1194,10:29:54,30.97,55746,18,卖盘
1195,10:29:57,30.97,105284,34,中性盘
1196,10:30:00,30.97,117685,38,买盘
1197,10:30:03,30.98,148676,48,买盘
1198,10:30:06,30.98,55753,18,买盘
1199,10:30:09,30.97,535909,173,卖盘
1200,10:30:12,30.96,55745,18,卖盘
1201,10:30:15,30.97,263242,85,买盘
1202,10:30:18,30.97,442749,143,买盘
1203,10:30:21,30.97,470743,152,买盘
1204,10:30:24,30.97,9291,3,卖盘
1205,10:30:27,30.98,300475,97,买盘
1206,10:30:30,30.97,201384,65,卖盘
1207,10:30:33,30.98,3098,1,卖盘
1208,10:30:36,30.98,40279,13,卖盘
1209,10:30:39,30.98,52669,17,卖盘
1210,10:30:42,30.97,145580,47,卖盘
1211,10:30:45,30.97,130075,42,卖盘
1212,10:30:48,30.97,65037,21,买盘
1213,10:30:51,30.97,210596,68,卖盘
1214,10:30:54,30.97,1752743,566,卖盘
1215,10:30:57,30.97,65029,21,买盘
1216,10:31:00,30.97,74338,24,买盘
1217,10:31:03,30.97,139365,45,卖盘
1218,10:31:06,30.98,46462,15,买盘
1219,10:31:09,30.98,192031,62,买盘
1220,10:31:12,30.99,251004,81,买盘
1221,10:31:15,30.97,229319,74,卖盘
1222,10:31:18,30.96,27871,9,卖盘
1223,10:31:21,30.96,46441,15,卖盘
1224,10:31:24,30.95,430346,139,卖盘
1225,10:31:27,30.95,792303,256,卖盘
1226,10:31:30,30.95,30950,10,中性盘
1227,10:31:33,30.94,83559,27,卖盘
1228,10:31:36,30.95,55703,18,买盘
1229,10:31:39,30.94,457979,148,卖盘
1230,10:31:42,30.95,194944,63,中性盘
1231,10:31:45,30.95,337356,109,卖盘
1232,10:31:48,30.95,228990,74,卖盘
1233,10:31:51,30.94,55709,18,卖盘
1234,10:31:54,30.93,256742,83,卖盘
1235,10:31:57,30.93,529310,171,卖盘
1236,10:32:00,30.93,139191,45,卖盘
1237,10:32:03,30.93,24743,8,卖盘
1238,10:32:06,30.93,24742,8,买盘
1239,10:32:09,30.93,1190796,385,买盘
1240,10:32:12,30.95,389787,126,买盘
1241,10:32:15,30.95,77364,25,卖盘
1242,10:32:18,30.95,532294,172,中性盘
1243,10:32:21,30.95,136198,44,买盘
1244,10:32:24,30.95,37148,12,卖盘
1245,10:32:27,30.98,582370,188,买盘
1246,10:32:30,30.98,235454,76,卖盘
1247,10:32:33,30.99,3099,1,中性盘
1248,10:32:36,30.98,43381,14,卖盘
1249,10:32:39,30.99,43386,14,买盘
1250,10:32:42,30.98,220006,71,卖盘
1251,10:32:45,30.99,120875,39,卖盘
1252,10:32:48,31.0,232477,75,买盘
1253,10:32:51,30.98,27882,9,卖盘
1254,10:32:54,30.99,235455,76,买盘
1255,10:32:57,30.98,77468,25,卖盘
1256,10:33:00,30.99,133244,43,买盘
1257,10:33:03,31.0,15500,5,买盘
1258,10:33:09,30.99,3099,1,卖盘
1259,10:33:12,31.0,9299,3,买盘
1260,10:33:15,31.0,15498,5,买盘
1261,10:33:18,30.99,27891,9,卖盘
1262,10:33:21,31.0,545335,176,买盘
1263,10:33:24,30.99,151773,49,买盘
1264,10:33:27,30.96,65057,21,卖盘
1265,10:33:30,30.97,46446,15,中性盘
1266,10:33:33,30.97,77425,25,卖盘
1267,10:33:36,30.97,18582,6,卖盘
1268,10:33:39,30.97,142469,46,卖盘
1269,10:33:42,30.99,61964,20,买盘
1270,10:33:45,30.97,68147,22,卖盘
1271,10:33:48,30.96,9289,3,卖盘
1272,10:33:54,30.97,133147,43,买盘
1273,10:33:57,30.96,170296,55,卖盘
1274,10:34:00,30.96,71208,23,买盘
1275,10:34:03,30.95,43342,14,卖盘
1276,10:34:06,30.95,167147,54,卖盘
1277,10:34:09,30.96,80495,26,卖盘
1278,10:34:12,30.97,52633,17,买盘
1279,10:34:15,30.97,318954,103,买盘
1280,10:34:18,30.96,46428,15,买盘
1281,10:34:21,30.95,198095,64,卖盘
1282,10:34:24,30.96,61920,20,卖盘
1283,10:34:27,30.95,71187,23,卖盘
1284,10:34:30,30.96,3096,1,买盘
1285,10:34:33,30.95,15475,5,卖盘
1286,10:34:36,30.95,74284,24,卖盘
1287,10:34:39,30.95,331188,107,卖盘
1288,10:34:42,30.95,21665,7,卖盘
1289,10:34:45,30.95,331161,107,买盘
1290,10:34:48,30.95,117602,38,买盘
1291,10:34:51,30.94,52603,17,卖盘
1292,10:34:54,30.94,43322,14,卖盘
1293,10:34:57,30.93,371279,120,卖盘
1294,10:35:00,30.93,71161,23,卖盘
1295,10:35:03,30.93,55676,18,卖盘
1296,10:35:06,30.93,188677,61,卖盘
1297,10:35:09,30.92,337140,109,卖盘
1298,10:35:12,30.92,89691,29,卖盘
1299,10:35:15,30.93,58757,19,买盘
1300,10:35:18,30.93,71139,23,卖盘
1301,10:35:21,30.93,52566,17,中性盘
1302,10:35:24,30.92,235010,76,卖盘
1303,10:35:27,30.93,123712,40,买盘
1304,10:35:30,30.92,185570,60,卖盘
1305,10:35:33,30.93,235015,76,买盘
1306,10:35:36,30.93,102059,33,买盘
1307,10:35:39,30.92,34013,11,卖盘
1308,10:35:42,30.91,921251,298,卖盘
1309,10:35:45,30.91,377173,122,卖盘
1310,10:35:48,30.91,438922,142,卖盘
1311,10:35:51,30.91,275145,89,卖盘
1312,10:35:54,30.91,244194,79,卖盘
1313,10:35:57,30.91,213270,69,卖盘
1314,10:36:00,30.91,139095,45,买盘
1315,10:36:03,30.91,220091,71,买盘
1316,10:36:06,30.93,1474502,477,买盘
1317,10:36:09,30.93,24743,8,中性盘
1318,10:36:12,30.92,83497,27,卖盘
1319,10:36:15,30.92,68024,22,卖盘
1320,10:36:18,30.93,262891,85,卖盘
1321,10:36:21,30.93,290800,94,买盘
1322,10:36:24,30.94,9282,3,中性盘
1323,10:36:27,30.94,1138042,368,卖盘
1324,10:36:30,30.95,80465,26,买盘
1325,10:36:33,30.94,68068,22,卖盘
1326,10:36:36,30.94,148496,48,买盘
1327,10:36:39,30.94,86622,28,买盘
1328,10:36:42,30.93,52597,17,卖盘
1329,10:36:45,30.93,34027,11,卖盘
1330,10:36:48,30.92,244300,79,卖盘
1331,10:36:51,30.92,200976,65,买盘
1332,10:36:54,30.92,15460,5,买盘
1333,10:36:57,30.92,77300,25,买盘
1334,10:37:00,30.92,3092,1,卖盘
1335,10:37:03,30.91,1499297,485,卖盘
1336,10:37:06,30.9,395868,128,卖盘
1337,10:37:09,30.92,139094,45,买盘
1338,10:37:12,30.9,123627,40,卖盘
1339,10:37:15,30.91,6182,2,卖盘
1340,10:37:18,30.91,302918,98,卖盘
1341,10:37:21,30.91,151434,49,买盘
1342,10:37:24,30.9,129795,42,卖盘
1343,10:37:27,30.91,95815,31,买盘
1344,10:37:30,30.9,210136,68,卖盘
1345,10:37:33,30.9,1418323,459,卖盘
1346,10:37:36,30.9,151426,49,卖盘
1347,10:37:39,30.9,256487,83,卖盘
1348,10:37:42,30.9,145230,47,卖盘
1349,10:37:45,30.91,185426,60,买盘
1350,10:37:48,30.9,176132,57,卖盘
1351,10:37:51,30.91,414092,134,买盘
1352,10:37:54,30.9,61800,20,卖盘
1353,10:37:57,30.9,169956,55,卖盘
1354,10:38:00,30.9,185422,60,卖盘
1355,10:38:03,30.9,250291,81,卖盘
1356,10:38:06,30.9,139052,45,卖盘
1357,10:38:09,30.9,101973,33,卖盘
1358,10:38:12,30.91,33994,11,买盘
1359,10:38:15,30.9,1025890,332,卖盘
1360,10:38:18,30.9,188501,61,卖盘
1361,10:38:21,30.91,692390,224,买盘
1362,10:38:24,30.91,98927,32,卖盘
1363,10:38:27,30.93,228804,74,买盘
1364,10:38:30,30.93,114409,37,买盘
1365,10:38:33,30.93,49477,16,买盘
1366,10:38:36,30.92,272171,88,卖盘
1367,10:38:39,30.92,27834,9,卖盘
1368,10:38:42,30.91,43286,14,卖盘
1369,10:38:45,30.93,374193,121,买盘
1370,10:38:48,30.92,160751,52,卖盘
1371,10:38:51,30.94,126746,41,买盘
1372,10:38:54,30.92,27830,9,卖盘
1373,10:38:57,30.93,173254,56,买盘
1374,10:39:00,30.93,55678,18,卖盘
1375,10:39:03,30.93,80421,26,卖盘
1376,10:39:06,30.93,182492,59,卖盘
1377,10:39:09,30.93,71155,23,卖盘
1378,10:39:12,30.94,129919,42,中性盘
1379,10:39:15,30.91,1329556,430,卖盘
1380,10:39:18,30.93,58759,19,中性盘
1381,10:39:21,30.92,52569,17,卖盘
1382,10:39:24,30.92,83489,27,买盘
1383,10:39:27,30.93,807268,261,买盘
1384,10:39:30,30.93,374176,121,卖盘
1385,10:39:33,30.93,213433,69,卖盘
1386,10:39:36,30.93,216524,70,卖盘
1387,10:39:39,30.95,92794,30,买盘
1388,10:39:42,30.93,182550,59,中性盘
1389,10:39:45,30.92,80396,26,卖盘
1390,10:39:48,30.93,129881,42,买盘
1391,10:39:51,30.92,52537,17,卖盘
1392,10:39:57,30.92,27828,9,卖盘
1393,10:40:00,30.92,98975,32,卖盘
1394,10:40:03,30.93,179371,58,买盘
1395,10:40:06,30.92,139148,45,卖盘
1396,10:40:09,30.92,18551,6,买盘
1397,10:40:12,30.92,284455,92,买盘
1398,10:40:15,30.92,34010,11,买盘
1399,10:40:18,30.91,355480,115,卖盘
1400,10:40:21,30.92,151478,49,买盘
1401,10:40:27,30.91,1381680,447,卖盘
1402,10:40:30,30.92,225655,73,买盘
1403,10:40:33,30.92,98917,32,买盘
1404,10:40:36,30.91,185466,60,卖盘
1405,10:40:39,30.91,34001,11,买盘
1406,10:40:42,30.9,1325624,429,卖盘
1407,10:40:45,30.9,271924,88,卖盘
1408,10:40:48,30.91,77272,25,买盘
1409,10:40:51,30.9,108157,35,卖盘
1410,10:40:54,30.9,207030,67,卖盘
1411,10:40:57,30.88,8440257,2733,卖盘
1412,10:41:00,30.87,401438,130,卖盘
1413,10:41:03,30.87,534057,173,卖盘
1414,10:41:06,30.88,240808,78,买盘
1415,10:41:09,30.87,472311,153,卖盘
1416,10:41:12,30.88,135860,44,买盘
1417,10:41:15,30.91,2165313,701,买盘
1418,10:41:18,30.9,101949,33,中性盘
1419,10:41:21,30.9,18537,6,买盘
1420,10:41:24,30.9,80332,26,买盘
1421,10:41:27,30.9,457380,148,买盘
1422,10:41:30,30.9,401715,130,卖盘
1423,10:41:33,30.9,95790,31,卖盘
1424,10:41:36,30.91,497491,161,中性盘
1425,10:41:39,30.9,237943,77,中性盘
1426,10:41:42,30.91,207085,67,中性盘
1427,10:41:45,30.9,336853,109,卖盘
1428,10:41:48,30.91,24722,8,买盘
1429,10:41:51,30.91,83457,27,买盘
1430,10:41:54,30.91,129798,42,买盘
1431,10:41:57,30.9,290528,94,卖盘
1432,10:42:00,30.9,407890,132,卖盘
1433,10:42:03,30.91,111257,36,买盘
1434,10:42:06,30.91,442063,143,卖盘
1435,10:42:09,30.92,108196,35,买盘
1436,10:42:12,30.9,321425,104,卖盘
1437,10:42:15,30.9,12362,4,卖盘
1438,10:42:18,30.9,185411,60,卖盘
1439,10:42:21,30.9,95797,31,卖盘
1440,10:42:24,30.9,250335,81,卖盘
1441,10:42:27,30.9,207042,67,卖盘
1442,10:42:30,30.9,148341,48,卖盘
1443,10:42:33,30.9,284280,92,卖盘
1444,10:42:36,30.89,40168,13,卖盘
1445,10:42:39,30.9,129777,42,买盘
1446,10:42:42,30.89,707632,229,卖盘
1447,10:42:45,30.9,43262,14,卖盘
1448,10:42:48,30.9,129791,42,中性盘
1449,10:42:51,30.9,701428,227,卖盘
1450,10:42:54,30.91,37081,12,中性盘
1451,10:42:57,30.89,105057,34,卖盘
1452,10:43:00,30.9,18540,6,卖盘
1453,10:43:03,30.9,874512,283,买盘
1454,10:43:06,30.9,191568,62,买盘
1455,10:43:09,30.9,21630,7,卖盘
1456,10:43:12,30.9,262650,85,卖盘
1457,10:43:15,30.9,123585,40,买盘
1458,10:43:18,30.9,219379,71,买盘
1459,10:43:21,30.9,77250,25,买盘
1460,10:43:24,30.9,89610,29,买盘
1461,10:43:27,30.9,49440,16,买盘
1462,10:43:30,30.89,61788,20,卖盘
1463,10:43:33,30.91,37085,12,买盘
1464,10:43:36,30.9,21630,7,卖盘
1465,10:43:39,30.9,30900,10,卖盘
1466,10:43:42,30.91,102003,33,买盘
1467,10:43:45,30.91,95821,31,卖盘
1468,10:43:48,30.92,24732,8,买盘
1469,10:43:51,30.91,49460,16,卖盘
1470,10:43:54,30.92,225691,73,买盘
1471,10:43:57,30.92,114414,37,卖盘
1472,10:44:00,30.93,216455,70,买盘
1473,10:44:03,30.93,80409,26,买盘
1474,10:44:06,30.93,163929,53,买盘
1475,10:44:09,30.93,244357,79,买盘
1476,10:44:12,30.93,287694,93,卖盘
1477,10:44:15,30.93,15469,5,卖盘
1478,10:44:18,30.94,43305,14,中性盘
1479,10:44:21,30.93,1160359,375,卖盘
1480,10:44:24,30.93,123794,40,卖盘
1481,10:44:27,30.95,875098,283,买盘
1482,10:44:30,30.95,123778,40,买盘
1483,10:44:33,30.95,111370,36,买盘
1484,10:44:36,30.95,27843,9,买盘
1485,10:44:39,30.93,37117,12,卖盘
1486,10:44:42,30.95,204270,66,买盘
1487,10:44:45,30.94,136156,44,卖盘
1488,10:44:48,30.95,83565,27,买盘
1489,10:44:51,30.95,1132835,366,买盘
1490,10:44:54,30.95,179555,58,卖盘
1491,10:44:57,30.95,61900,20,卖盘
1492,10:45:00,30.95,105235,34,卖盘
1493,10:45:06,30.95,136181,44,卖盘
1494,10:45:09,30.95,114528,37,卖盘
1495,10:45:12,30.95,269283,87,卖盘
1496,10:45:15,30.95,114520,37,卖盘
1497,10:45:18,30.96,123840,40,中性盘
1498,10:45:21,30.97,86679,28,买盘
1499,10:45:24,30.95,30950,10,卖盘
1500,10:45:27,30.95,6190,2,卖盘
1501,10:45:30,30.95,43352,14,卖盘
1502,10:45:33,30.97,21676,7,买盘
1503,10:45:36,30.95,74284,24,卖盘
1504,10:45:39,30.97,219907,71,买盘
1505,10:45:42,30.97,6195,2,卖盘
1506,10:45:45,30.97,27878,9,卖盘
1507,10:45:48,30.96,269430,87,卖盘
1508,10:45:51,30.98,111515,36,买盘
1509,10:45:54,30.98,43372,14,卖盘
1510,10:45:57,30.98,99123,32,卖盘
1511,10:46:00,30.98,40274,13,买盘
1512,10:46:03,30.98,412086,133,买盘
1513,10:46:06,30.98,244757,79,卖盘
1514,10:46:09,30.98,30986,10,卖盘
1515,10:46:12,30.98,123932,40,卖盘
1516,10:46:15,30.97,220014,71,卖盘
1517,10:46:18,30.97,21679,7,卖盘
1518,10:46:21,30.97,142501,46,卖盘
1519,10:46:24,30.97,58851,19,卖盘
1520,10:46:27,30.99,1596109,515,买盘
1521,10:46:30,30.98,542482,175,卖盘
1522,10:46:33,31.04,843909,272,买盘
1523,10:46:36,31.06,748311,241,买盘
1524,10:46:39,31.07,21737,7,买盘
1525,10:46:42,31.07,124262,40,买盘
1526,10:46:45,31.06,136720,44,卖盘
1527,10:46:48,31.06,357363,115,卖盘
1528,10:46:51,31.05,313739,101,卖盘
1529,10:46:54,31.04,164609,53,卖盘
1530,10:46:57,31.04,301137,97,买盘
1531,10:47:00,31.04,114844,37,买盘
1532,10:47:03,31.04,93113,30,买盘
1533,10:47:06,31.04,648476,209,买盘
1534,10:47:09,31.0,201535,65,卖盘
1535,10:47:12,30.99,204744,66,卖盘
1536,10:47:15,31.04,3104,1,买盘
1537,10:47:18,30.99,1555701,502,卖盘
1538,10:47:21,30.99,86849,28,中性盘
1539,10:47:24,30.99,229375,74,卖盘
1540,10:47:27,30.99,6198,2,卖盘
1541,10:47:30,30.99,92970,30,卖盘
1542,10:47:33,30.99,43386,14,买盘
1543,10:47:36,30.99,148724,48,买盘
1544,10:47:39,30.98,55774,18,中性盘
1545,10:47:42,30.98,49569,16,卖盘
1546,10:47:45,30.98,142502,46,卖盘
1547,10:47:48,30.99,412144,133,买盘
1548,10:47:51,30.99,61980,20,卖盘
1549,10:47:54,30.99,30990,10,卖盘
1550,10:47:57,30.99,30996,10,卖盘
1551,10:48:00,30.96,1105507,357,卖盘
1552,10:48:03,30.99,170431,55,卖盘
1553,10:48:06,30.98,49568,16,买盘
1554,10:48:09,30.98,71254,23,卖盘
1555,10:48:12,30.98,644476,208,卖盘
1556,10:48:15,30.99,6198,2,买盘
1557,10:48:18,30.98,105353,34,卖盘
1558,10:48:21,30.97,213697,69,卖盘
1559,10:48:24,30.97,49539,16,买盘
1560,10:48:27,30.96,15484,5,卖盘
1561,10:48:30,30.96,61920,20,卖盘
1562,10:48:33,30.96,758523,245,卖盘
1563,10:48:36,30.96,68114,22,卖盘
1564,10:48:39,30.95,18570,6,卖盘
1565,10:48:42,30.96,83586,27,买盘
1566,10:48:48,30.96,83584,27,买盘
1567,10:48:51,30.96,74301,24,买盘
1568,10:48:54,30.95,37146,12,卖盘
1569,10:49:00,30.96,77376,25,买盘
1570,10:49:03,30.94,1203913,389,卖盘
1571,10:49:06,30.93,182529,59,卖盘
1572,10:49:09,30.93,37030,12,卖盘
1573,10:49:12,30.93,1622286,524,卖盘
1574,10:49:15,30.95,15475,5,买盘
1575,10:49:18,30.93,27837,9,卖盘
1576,10:49:21,30.93,46397,15,卖盘
1577,10:49:24,30.97,15477,5,买盘
1578,10:49:27,30.93,278463,90,卖盘
1579,10:49:30,30.97,126845,41,买盘
1580,10:49:33,30.93,49516,16,卖盘
1581,10:49:36,30.93,95883,31,卖盘
1582,10:49:39,30.93,3093,1,卖盘
1583,10:49:42,30.94,12379,4,卖盘
1584,10:49:45,30.94,74256,24,卖盘
1585,10:49:48,30.94,386752,125,卖盘
1586,10:49:51,30.94,6188,2,买盘
1587,10:49:54,30.93,3093,1,卖盘
1588,10:49:57,30.93,98997,32,卖盘
1589,10:50:00,30.94,18563,6,买盘
1590,10:50:03,30.93,52584,17,卖盘
1591,10:50:06,30.94,43316,14,买盘
1592,10:50:09,30.94,18564,6,卖盘
1593,10:50:12,30.96,55716,18,买盘
1594,10:50:15,30.95,3095,1,卖盘
1595,10:50:18,30.95,95945,31,卖盘
1596,10:50:21,30.95,61900,20,买盘
1597,10:50:24,30.95,157845,51,买盘
1598,10:50:27,30.94,259911,84,卖盘
1599,10:50:33,30.95,30950,10,卖盘
1600,10:50:36,30.95,27855,9,卖盘
1601,10:50:39,30.95,24763,8,卖盘
1602,10:50:42,30.95,49520,16,卖盘
1603,10:50:45,30.94,58797,19,卖盘
1604,10:50:48,30.94,80468,26,卖盘
1605,10:50:51,30.94,250712,81,卖盘
1606,10:50:54,30.96,123840,40,买盘
1607,10:50:57,30.94,71183,23,卖盘
1608,10:51:00,30.95,34048,11,中性盘
1609,10:51:03,30.96,229031,74,买盘
1610,10:51:06,30.94,21663,7,卖盘
1611,10:51:09,30.94,123786,40,卖盘
1612,10:51:12,30.94,34035,11,卖盘
1613,10:51:15,30.94,102139,33,卖盘
1614,10:51:18,30.91,1236916,400,卖盘
1615,10:51:21,30.95,77377,25,卖盘
1616,10:51:24,30.95,129928,42,卖盘
1617,10:51:27,30.95,18571,6,卖盘
1618,10:51:30,30.95,9285,3,买盘
1619,10:51:33,30.94,24752,8,卖盘
1620,10:51:36,30.96,111421,36,买盘
1621,10:51:39,30.94,24752,8,买盘
1622,10:51:42,30.94,18563,6,买盘
1623,10:51:45,30.91,98949,32,卖盘
1624,10:51:51,30.98,690681,223,买盘
1625,10:51:54,30.95,65003,21,卖盘
1626,10:51:57,30.97,142374,46,买盘
1627,10:52:00,30.97,21669,7,中性盘
1628,10:52:03,30.97,3097,1,卖盘
1629,10:52:06,30.98,18588,6,买盘
1630,10:52:09,30.98,24784,8,卖盘
1631,10:52:12,30.98,83641,27,卖盘
1632,10:52:15,30.95,27870,9,卖盘
1633,10:52:18,30.96,882837,285,中性盘
1634,10:52:21,30.95,37154,12,卖盘
1635,10:52:24,30.98,43368,14,买盘
1636,10:52:27,30.97,232143,75,卖盘
1637,10:52:30,30.96,15476,5,中性盘
1638,10:52:33,30.96,9288,3,买盘
1639,10:52:36,30.95,287846,93,卖盘
1640,10:52:39,30.96,179518,58,买盘
1641,10:52:42,30.94,15471,5,卖盘
1642,10:52:45,30.95,290879,94,中性盘
1643,10:52:48,30.96,68095,22,买盘
1644,10:52:51,30.95,154756,50,卖盘
1645,10:52:54,30.95,40235,13,卖盘
1646,10:52:57,30.96,68107,22,买盘
1647,10:53:00,30.96,157883,51,买盘
1648,10:53:03,30.95,260015,84,卖盘
1649,10:53:06,30.98,507803,164,买盘
1650,10:53:09,30.99,306685,99,买盘
1651,10:53:12,30.98,52670,17,卖盘
1652,10:53:15,31.0,263416,85,买盘
1653,10:53:18,31.0,21700,7,买盘
1654,10:53:21,30.98,189049,61,卖盘
1655,10:53:24,30.99,24791,8,买盘
1656,10:53:27,30.98,71276,23,卖盘
1657,10:53:30,30.99,30984,10,买盘
1658,10:53:33,30.99,105351,34,买盘
1659,10:53:36,30.98,207566,67,卖盘
1660,10:53:39,30.97,34072,11,卖盘
1661,10:53:42,30.97,415116,134,卖盘
1662,10:53:45,30.98,185914,60,买盘
1663,10:53:48,30.98,6196,2,卖盘
1664,10:53:51,30.98,27886,9,卖盘
1665,10:53:54,31.0,297550,96,买盘
1666,10:53:57,30.98,71261,23,卖盘
1667,10:54:00,30.99,185895,60,中性盘
1668,10:54:03,31.0,96100,31,买盘
1669,10:54:06,30.99,18595,6,卖盘
1670,10:54:09,31.0,244897,79,买盘
1671,10:54:12,30.99,123960,40,卖盘
1672,10:54:15,30.99,92970,30,买盘
1673,10:54:18,30.99,49584,16,买盘
1674,10:54:21,30.98,154900,50,卖盘
1675,10:54:24,30.99,154944,50,买盘
1676,10:54:27,30.99,9297,3,买盘
1677,10:54:30,30.99,117749,38,买盘
1678,10:54:33,30.98,151829,49,卖盘
1679,10:54:36,31.0,49594,16,买盘
1680,10:54:39,30.99,49584,16,中性盘
1681,10:54:42,30.99,9297,3,买盘
1682,10:54:45,30.99,480438,155,买盘
1683,10:54:48,30.98,281966,91,卖盘
1684,10:54:51,31.0,176675,57,买盘
1685,10:54:54,31.01,238723,77,买盘
1686,10:54:57,31.01,3101,1,买盘
1687,10:55:00,31.01,24801,8,买盘
1688,10:55:03,31.0,27904,9,卖盘
1689,10:55:06,30.99,127107,41,卖盘
1690,10:55:09,31.01,18606,6,买盘
1691,10:55:12,31.01,49611,16,买盘
1692,10:55:15,31.0,49600,16,卖盘
1693,10:55:18,31.0,68212,22,卖盘
1694,10:55:21,30.99,77501,25,卖盘
1695,10:55:24,30.99,139481,45,卖盘
1696,10:55:27,31.0,117772,38,买盘
1697,10:55:30,30.99,238687,77,卖盘
1698,10:55:33,30.98,185938,60,卖盘
1699,10:55:36,30.99,337793,109,买盘
1700,10:55:39,30.99,55783,18,卖盘
1701,10:55:42,30.98,969674,313,卖盘
1702,10:55:45,30.98,3098,1,买盘
1703,10:55:48,30.98,92938,30,买盘
1704,10:55:51,30.97,167238,54,卖盘
1705,10:55:54,30.97,24776,8,买盘
1706,10:55:57,30.96,34056,11,卖盘
1707,10:56:00,30.96,114552,37,卖盘
1708,10:56:03,30.96,247680,80,卖盘
1709,10:56:06,30.96,68119,22,卖盘
1710,10:56:09,30.96,46440,15,卖盘
1711,10:56:12,30.95,46435,15,卖盘
1712,10:56:15,30.97,424264,137,买盘
1713,10:56:18,30.95,68096,22,卖盘
1714,10:56:21,30.96,15477,5,中性盘
1715,10:56:24,30.96,3096,1,卖盘
1716,10:56:27,30.95,58818,19,卖盘
1717,10:56:30,30.96,253922,82,中性盘
1718,10:56:33,30.96,157895,51,中性盘
1719,10:56:36,30.95,377645,122,卖盘
1720,10:56:39,30.96,24763,8,买盘
1721,10:56:42,30.95,15475,5,卖盘
1722,10:56:45,30.96,151704,49,卖盘
1723,10:56:48,30.96,34049,11,买盘
1724,10:56:51,30.96,591238,191,买盘
1725,10:56:54,30.96,102169,33,卖盘
1726,10:56:57,30.97,27865,9,买盘
1727,10:57:00,30.97,37160,12,买盘
1728,10:57:03,30.96,365331,118,卖盘
1729,10:57:06,30.96,15479,5,买盘
1730,10:57:09,30.96,154786,50,买盘
1731,10:57:12,30.96,30959,10,买盘
1732,10:57:15,30.96,30959,10,中性盘
1733,10:57:18,30.96,30960,10,卖盘
1734,10:57:21,30.96,108360,35,卖盘
1735,10:57:24,30.96,77403,25,卖盘
1736,10:57:27,30.96,151709,49,卖盘
1737,10:57:30,30.97,65037,21,买盘
1738,10:57:33,30.97,92909,30,买盘
1739,10:57:36,30.96,74305,24,卖盘
1740,10:57:39,30.97,92900,30,买盘
1741,10:57:42,30.96,445868,144,卖盘
1742,10:57:45,30.97,18582,6,买盘
1743,10:57:48,30.96,201290,65,卖盘
1744,10:57:51,30.97,223024,72,买盘
1745,10:57:54,30.96,46441,15,卖盘
1746,10:57:57,30.97,3097,1,买盘
1747,10:58:00,30.96,21672,7,卖盘
1748,10:58:03,30.96,167184,54,卖盘
1749,10:58:06,30.96,368424,119,卖盘
1750,10:58:09,30.96,402480,130,卖盘
1751,10:58:12,30.96,18576,6,买盘
1752,10:58:15,30.96,9288,3,买盘
1753,10:58:18,30.97,170277,55,买盘
1754,10:58:21,30.97,12382,4,买盘
1755,10:58:24,30.96,9288,3,卖盘
1756,10:58:27,30.96,346674,112,卖盘
1757,10:58:30,30.95,222858,72,卖盘
1758,10:58:33,30.96,71186,23,买盘
1759,10:58:36,30.96,9288,3,买盘
1760,10:58:39,30.96,145495,47,买盘
1761,10:58:42,30.95,105230,34,卖盘
1762,10:58:45,30.95,309557,100,卖盘
1763,10:58:48,30.96,21666,7,买盘
1764,10:58:51,30.95,417947,135,卖盘
1765,10:58:54,30.95,362116,117,卖盘
1766,10:58:57,30.95,120705,39,买盘
1767,10:59:00,30.95,18571,6,卖盘
1768,10:59:03,30.96,9288,3,买盘
1769,10:59:06,30.95,219750,71,卖盘
1770,10:59:09,30.95,160940,52,买盘
1771,10:59:12,30.95,269207,87,买盘
1772,10:59:15,30.94,74257,24,卖盘
1773,10:59:18,30.94,102104,33,卖盘
1774,10:59:21,30.95,77352,25,买盘
1775,10:59:24,30.94,77358,25,卖盘
1776,10:59:27,30.94,102102,33,卖盘
1777,10:59:30,30.94,18562,6,买盘
1778,10:59:33,30.94,24752,8,买盘
1779,10:59:36,30.93,120627,39,卖盘
1780,10:59:39,30.94,30931,10,买盘
1781,10:59:45,30.94,21654,7,买盘
1782,10:59:48,30.94,61873,20,买盘
1783,10:59:51,30.93,102076,33,卖盘
1784,10:59:54,30.93,43302,14,卖盘
1785,10:59:57,30.93,782529,253,卖盘
1786,11:00:00,30.93,46405,15,卖盘
1787,11:00:03,30.93,55674,18,卖盘
1788,11:00:06,30.92,21645,7,卖盘
1789,11:00:09,30.93,77315,25,买盘
1790,11:00:12,30.93,102037,33,买盘
1791,11:00:15,30.92,222624,72,卖盘
1792,11:00:18,30.92,95849,31,买盘
1793,11:00:24,30.91,1026222,332,卖盘
1794,11:00:27,30.92,89641,29,买盘
1795,11:00:30,30.9,281275,91,卖盘
1796,11:00:33,30.91,9273,3,买盘
1797,11:00:36,30.9,55620,18,卖盘
1798,11:00:39,30.91,139086,45,买盘
1799,11:00:42,30.9,114330,37,卖盘
1800,11:00:45,30.9,364620,118,卖盘
1801,11:00:48,30.9,380080,123,卖盘
1802,11:00:51,30.9,71092,23,卖盘
1803,11:00:54,30.91,299731,97,买盘
1804,11:00:57,30.9,126690,41,卖盘
1805,11:01:00,30.9,200853,65,卖盘
1806,11:01:03,30.91,64906,21,买盘
1807,11:01:06,30.91,151417,49,买盘
1808,11:01:09,30.9,207036,67,卖盘
1809,11:01:12,30.9,194711,63,卖盘
1810,11:01:15,30.9,18540,6,卖盘
1811,11:01:18,30.9,154515,50,卖盘
1812,11:01:21,30.9,52531,17,卖盘
1813,11:01:24,30.91,197824,64,买盘
1814,11:01:27,30.9,126691,41,卖盘
1815,11:01:30,30.9,64894,21,卖盘
1816,11:01:33,30.9,302825,98,卖盘
1817,11:01:36,30.9,151412,49,卖盘
1818,11:01:39,30.91,12363,4,买盘
1819,11:01:42,30.9,117431,38,卖盘
1820,11:01:45,30.91,27819,9,买盘
1821,11:01:48,30.91,6182,2,买盘
1822,11:01:51,30.91,275068,89,买盘
1823,11:01:54,30.91,142186,46,卖盘
1824,11:01:57,30.91,265760,86,买盘
1825,11:02:00,30.91,658379,213,买盘
1826,11:02:03,30.91,58726,19,买盘
1827,11:02:06,30.91,74205,24,卖盘
1828,11:02:09,30.91,43274,14,卖盘
1829,11:02:12,30.91,154551,50,卖盘
1830,11:02:15,30.91,3091,1,卖盘
1831,11:02:18,30.91,154552,50,卖盘
1832,11:02:21,30.92,12368,4,买盘
1833,11:02:24,30.91,145277,47,卖盘
1834,11:02:27,30.92,43286,14,买盘
1835,11:02:30,30.91,64912,21,卖盘
1836,11:02:33,30.92,3092,1,买盘
1837,11:02:36,30.91,55644,18,卖盘
1838,11:02:39,30.92,160751,52,买盘
1839,11:02:42,30.91,105115,34,卖盘
1840,11:02:45,30.91,3091,1,买盘
1841,11:02:48,30.91,43274,14,卖盘
1842,11:02:51,30.91,476028,154,卖盘
1843,11:02:54,30.92,105120,34,买盘
1844,11:02:57,30.91,74204,24,卖盘
1845,11:03:00,30.9,120541,39,卖盘
1846,11:03:03,30.91,40186,13,中性盘
1847,11:03:06,30.91,61820,20,卖盘
1848,11:03:09,30.91,12362,4,买盘
1849,11:03:12,30.91,129787,42,卖盘
1850,11:03:15,30.92,398865,129,买盘
1851,11:03:18,30.91,49457,16,卖盘
1852,11:03:21,30.92,71103,23,买盘
1853,11:03:24,30.92,68014,22,买盘
1854,11:03:27,30.92,15458,5,买盘
1855,11:03:30,30.92,222624,72,买盘
1856,11:03:33,30.91,1174579,380,卖盘
1857,11:03:36,30.91,12364,4,买盘
1858,11:03:39,30.91,33993,11,买盘
1859,11:03:45,30.9,614917,199,卖盘
1860,11:03:48,30.92,358557,116,买盘
1861,11:03:51,30.91,18546,6,卖盘
1862,11:03:54,30.92,126733,41,买盘
1863,11:03:57,30.91,108190,35,卖盘
1864,11:04:00,30.92,43275,14,买盘
1865,11:04:03,30.92,337027,109,买盘
1866,11:04:06,30.91,383346,124,卖盘
1867,11:04:09,30.92,139136,45,买盘
1868,11:04:12,30.92,68024,22,卖盘
1869,11:04:15,30.92,20964,7,卖盘
1870,11:04:18,30.93,457764,148,买盘
1871,11:04:21,30.94,163901,53,买盘
1872,11:04:24,30.93,102057,33,中性盘
1873,11:04:27,30.94,429942,139,买盘
1874,11:04:30,30.94,21657,7,买盘
1875,11:04:33,30.94,111369,36,买盘
1876,11:04:36,30.93,3093,1,卖盘
1877,11:04:39,30.93,179398,58,卖盘
1878,11:04:42,30.93,102070,33,卖盘
1879,11:04:45,30.93,15463,5,买盘
1880,11:04:48,30.93,231969,75,买盘
1881,11:04:51,30.93,40204,13,买盘
1882,11:04:54,30.94,92800,30,买盘
1883,11:04:57,30.94,34034,11,买盘
1884,11:05:00,30.93,30930,10,卖盘
1885,11:05:03,30.93,43302,14,卖盘
1886,11:05:06,30.94,64973,21,买盘
1887,11:05:12,30.94,21658,7,买盘
1888,11:05:15,30.94,68056,22,买盘
1889,11:05:18,30.94,43315,14,买盘
1890,11:05:21,30.94,126833,41,买盘
1891,11:05:24,30.94,173241,56,买盘
1892,11:05:27,30.94,95913,31,买盘
1893,11:05:30,30.94,83513,27,买盘
1894,11:05:33,30.94,18564,6,买盘
1895,11:05:36,30.93,9280,3,卖盘
1896,11:05:39,30.93,284558,92,卖盘
1897,11:05:42,30.94,27840,9,买盘
1898,11:05:45,30.94,160840,52,买盘
1899,11:05:48,30.93,74237,24,卖盘
1900,11:05:51,30.93,108255,35,卖盘
1901,11:05:54,30.92,1654225,535,卖盘
1902,11:05:57,30.93,9279,3,买盘
1903,11:06:00,30.93,3093,1,买盘
1904,11:06:03,30.92,6184,2,卖盘
1905,11:06:06,30.92,117508,38,卖盘
1906,11:06:09,30.92,3092,1,卖盘
1907,11:06:12,30.93,154638,50,买盘
1908,11:06:15,30.92,89672,29,卖盘
1909,11:06:18,30.93,9279,3,买盘
1910,11:06:21,30.92,83488,27,卖盘
1911,11:06:24,30.92,40196,13,卖盘
1912,11:06:27,30.92,299926,97,卖盘
1913,11:06:30,30.92,71117,23,卖盘
1914,11:06:33,30.93,126807,41,买盘
1915,11:06:36,30.93,58749,19,买盘
1916,11:06:39,30.93,40197,13,买盘
1917,11:06:42,30.92,89668,29,卖盘
1918,11:06:45,30.93,235068,76,买盘
1919,11:06:48,30.92,24737,8,卖盘
1920,11:06:51,30.92,293744,95,卖盘
1921,11:06:54,30.93,624696,202,买盘
1922,11:06:57,30.92,40197,13,卖盘
1923,11:07:00,30.93,34021,11,买盘
1924,11:07:03,30.92,64935,21,卖盘
1925,11:07:06,30.93,27833,9,买盘
1926,11:07:09,30.94,281464,91,买盘
1927,11:07:12,30.92,9280,3,卖盘
1928,11:07:15,30.92,34021,11,卖盘
1929,11:07:18,30.93,343344,111,中性盘
1930,11:07:21,30.92,160785,52,卖盘
1931,11:07:24,30.92,6184,2,买盘
1932,11:07:27,30.92,58748,19,买盘
1933,11:07:30,30.92,241143,78,买盘
1934,11:07:33,30.92,179319,58,买盘
1935,11:07:36,30.92,55653,18,买盘
1936,11:07:39,30.92,145283,47,买盘
1937,11:07:42,30.92,15460,5,卖盘
1938,11:07:45,30.92,6184,2,卖盘
1939,11:07:48,30.93,176300,57,买盘
1940,11:07:51,30.93,52582,17,卖盘
1941,11:07:54,30.93,30930,10,卖盘
1942,11:07:57,30.92,120618,39,卖盘
1943,11:08:00,30.93,43302,14,买盘
1944,11:08:03,30.93,9279,3,买盘
1945,11:08:06,30.93,176268,57,买盘
1946,11:08:09,30.92,117496,38,卖盘
1947,11:08:12,30.92,126774,41,买盘
1948,11:08:15,30.94,596947,193,买盘
1949,11:08:18,30.93,52550,17,中性盘
1950,11:08:21,30.92,327656,106,卖盘
1951,11:08:24,30.93,21647,7,买盘
1952,11:08:27,30.92,77304,25,卖盘
1953,11:08:30,30.93,64938,21,买盘
1954,11:08:33,30.93,21646,7,买盘
1955,11:08:36,30.92,204072,66,卖盘
1956,11:08:39,30.91,244208,79,卖盘
1957,11:08:42,30.92,24736,8,买盘
1958,11:08:45,30.92,105128,34,买盘
1959,11:08:48,30.92,40196,13,卖盘
1960,11:08:51,30.92,58748,19,卖盘
1961,11:08:54,30.92,46380,15,卖盘
1962,11:08:57,30.92,3092,1,买盘
1963,11:09:00,30.92,15460,5,买盘
1964,11:09:03,30.92,720298,233,买盘
1965,11:09:06,30.93,185580,60,买盘
1966,11:09:12,30.92,30920,10,卖盘
1967,11:09:15,30.94,77330,25,买盘
1968,11:09:18,30.93,399109,129,卖盘
1969,11:09:21,30.94,108264,35,买盘
1970,11:09:24,30.94,621422,201,买盘
1971,11:09:27,30.94,145423,47,买盘
1972,11:09:30,30.94,24753,8,卖盘
1973,11:09:33,30.94,151607,49,卖盘
1974,11:09:36,30.92,129921,42,卖盘
1975,11:09:39,30.93,64956,21,中性盘
1976,11:09:42,30.91,1545559,500,卖盘
1977,11:09:45,30.92,200982,65,卖盘
1978,11:09:48,30.92,24739,8,卖盘
1979,11:09:51,30.93,466702,151,买盘
1980,11:09:54,30.93,74233,24,卖盘
1981,11:09:57,30.93,154650,50,卖盘
1982,11:10:00,30.93,129906,42,卖盘
1983,11:10:06,30.92,18552,6,卖盘
1984,11:10:09,30.92,12368,4,卖盘
1985,11:10:12,30.92,160783,52,卖盘
1986,11:10:15,30.91,15458,5,卖盘
1987,11:10:21,30.91,2611202,845,卖盘
1988,11:10:24,30.9,111263,36,卖盘
1989,11:10:27,30.9,18545,6,卖盘
1990,11:10:30,30.9,12360,4,卖盘
1991,11:10:33,30.9,101980,33,卖盘
1992,11:10:36,30.9,43260,14,卖盘
1993,11:10:39,30.9,784860,254,卖盘
1994,11:10:42,30.9,58708,19,买盘
1995,11:10:45,30.9,21630,7,买盘
1996,11:10:48,30.9,64873,21,买盘
1997,11:10:51,30.9,312007,101,买盘
1998,11:10:54,30.9,92700,30,买盘
1999,11:10:57,30.9,3090,1,买盘
2000,11:11:00,30.89,451039,146,卖盘
2001,11:11:03,30.9,163733,53,买盘
2002,11:11:06,30.9,160651,52,买盘
2003,11:11:09,30.89,191533,62,卖盘
2004,11:11:12,30.9,98870,32,买盘
2005,11:11:15,30.9,98880,32,卖盘
2006,11:11:18,30.89,77237,25,卖盘
2007,11:11:21,30.89,129769,42,卖盘
2008,11:11:24,30.9,148280,48,买盘
2009,11:11:27,30.89,463350,150,卖盘
2010,11:11:30,30.9,21625,7,买盘
2011,11:11:33,30.89,262575,85,卖盘
2012,11:11:36,30.89,1498124,485,卖盘
2013,11:11:39,30.88,74134,24,卖盘
2014,11:11:42,30.9,4207209,1361,买盘
2015,11:11:45,30.91,18546,6,中性盘
2016,11:11:48,31.0,3324969,1073,买盘
2017,11:11:51,30.95,18578,6,中性盘
2018,11:11:57,30.94,105211,34,卖盘
2019,11:12:00,30.94,6188,2,买盘
2020,11:12:03,30.93,27843,9,卖盘
2021,11:12:06,30.93,194937,63,买盘
2022,11:12:09,30.93,6186,2,卖盘
2023,11:12:12,30.93,12372,4,中性盘
2024,11:12:15,30.92,3092,1,卖盘
2025,11:12:18,30.92,213396,69,卖盘
2026,11:12:21,30.92,271989,88,卖盘
2027,11:12:24,30.92,342962,111,买盘
2028,11:12:30,30.91,24728,8,中性盘
2029,11:12:33,30.92,244280,79,买盘
2030,11:12:36,30.92,34012,11,卖盘
2031,11:12:39,30.92,37102,12,卖盘
2032,11:12:42,30.92,12368,4,买盘
2033,11:12:45,30.92,21644,7,买盘
2034,11:12:48,30.91,74186,24,卖盘
2035,11:12:51,30.9,52552,17,卖盘
2036,11:12:54,30.91,12365,4,中性盘
2037,11:12:57,30.91,55636,18,买盘
2038,11:13:00,30.9,49446,16,卖盘
2039,11:13:03,30.9,271956,88,卖盘
2040,11:13:06,30.92,9272,3,买盘
2041,11:13:09,30.91,9273,3,卖盘
2042,11:13:12,30.92,117496,38,买盘
2043,11:13:15,30.93,74221,24,买盘
2044,11:13:18,30.93,98976,32,买盘
2045,11:13:24,30.93,24744,8,卖盘
2046,11:13:27,30.93,40209,13,买盘
2047,11:13:30,30.92,15460,5,卖盘
2048,11:13:33,30.93,58751,19,买盘
2049,11:13:36,30.92,55656,18,卖盘
2050,11:13:39,30.92,71135,23,卖盘
2051,11:13:42,30.93,145326,47,买盘
2052,11:13:45,30.92,491754,159,卖盘
2053,11:13:48,30.92,12368,4,买盘
2054,11:13:51,30.92,126770,41,买盘
2055,11:13:54,30.92,3092,1,买盘
2056,11:13:57,30.91,46377,15,卖盘
2057,11:14:00,30.92,333933,108,买盘
2058,11:14:03,30.91,2178588,705,卖盘
2059,11:14:06,30.91,40191,13,买盘
2060,11:14:09,30.93,191750,62,买盘
2061,11:14:12,30.93,64953,21,卖盘
2062,11:14:15,30.91,469979,152,卖盘
2063,11:14:18,30.94,6188,2,买盘
2064,11:14:21,30.94,163883,53,买盘
2065,11:14:24,30.91,145342,47,卖盘
2066,11:14:27,30.91,3091,1,卖盘
2067,11:14:30,30.93,61849,20,买盘
2068,11:14:33,30.92,46381,15,卖盘
2069,11:14:39,30.91,139124,45,卖盘
2070,11:14:42,30.91,64932,21,卖盘
2071,11:14:45,30.91,126737,41,卖盘
2072,11:14:48,30.92,34010,11,买盘
2073,11:14:51,30.91,27819,9,卖盘
2074,11:14:54,30.91,429669,139,卖盘
2075,11:14:57,30.91,160735,52,卖盘
2076,11:15:00,30.91,43286,14,卖盘
2077,11:15:03,30.93,501049,162,买盘
2078,11:15:06,30.94,6188,2,买盘
2079,11:15:09,30.93,9279,3,卖盘
2080,11:15:12,30.93,6186,2,卖盘
2081,11:15:15,30.94,74246,24,买盘
2082,11:15:18,30.94,9282,3,卖盘
2083,11:15:24,30.95,241396,78,买盘
2084,11:15:27,30.95,191850,62,买盘
2085,11:15:30,30.94,120666,39,卖盘
2086,11:15:33,30.92,77310,25,卖盘
2087,11:15:36,30.92,451537,146,卖盘
2088,11:15:39,30.94,71150,23,买盘
2089,11:15:42,30.94,210382,68,买盘
2090,11:15:45,30.92,24749,8,卖盘
2091,11:15:48,30.92,170059,55,卖盘
2092,11:15:51,30.92,3092,1,中性盘
2093,11:15:54,30.94,68036,22,买盘
2094,11:15:57,30.93,9279,3,中性盘
2095,11:16:00,30.93,18558,6,买盘
2096,11:16:03,30.94,142296,46,买盘
2097,11:16:09,30.93,9281,3,卖盘
2098,11:16:12,30.94,547596,177,买盘
2099,11:16:15,30.93,133035,43,卖盘
2100,11:16:21,30.93,21651,7,卖盘
2101,11:16:24,30.93,6187,2,卖盘
2102,11:16:27,30.93,80419,26,卖盘
2103,11:16:30,30.95,52604,17,买盘
2104,11:16:33,30.95,3095,1,买盘
2105,11:16:36,30.94,6189,2,中性盘
2106,11:16:39,30.93,30930,10,卖盘
2107,11:16:42,30.94,3094,1,买盘
2108,11:16:45,30.94,12375,4,买盘
2109,11:16:48,30.93,6186,2,卖盘
2110,11:16:51,30.93,27837,9,卖盘
2111,11:16:54,30.94,77350,25,买盘
2112,11:16:57,30.93,18560,6,卖盘
2113,11:17:00,30.93,105172,34,卖盘
2114,11:17:06,30.94,9282,3,卖盘
2115,11:17:09,30.94,179451,58,买盘
2116,11:17:12,30.93,77348,25,卖盘
2117,11:17:15,30.94,34027,11,买盘
2118,11:17:18,30.95,9284,3,买盘
2119,11:17:21,30.96,108331,35,买盘
2120,11:17:24,30.95,40237,13,卖盘
2121,11:17:30,30.95,9287,3,卖盘
2122,11:17:33,30.96,6192,2,中性盘
2123,11:17:36,30.95,71186,23,卖盘
2124,11:17:39,30.95,68102,22,卖盘
2125,11:17:42,30.96,12386,4,中性盘
2126,11:17:45,30.97,204276,66,买盘
2127,11:17:48,30.97,164111,53,买盘
2128,11:17:51,30.98,3098,1,买盘
2129,11:17:54,30.98,30980,10,买盘
2130,11:17:57,30.98,331440,107,买盘
2131,11:18:00,30.98,65050,21,买盘
2132,11:18:03,30.98,24783,8,买盘
2133,11:18:06,30.98,80547,26,买盘
2134,11:18:09,30.98,52666,17,买盘
2135,11:18:12,30.98,350062,113,买盘
2136,11:18:15,30.98,49570,16,卖盘
2137,11:18:18,30.99,30986,10,买盘
2138,11:18:27,30.98,55780,18,卖盘
2139,11:18:30,30.99,34089,11,买盘
2140,11:18:33,30.99,213767,69,买盘
2141,11:18:36,31.0,300605,97,买盘
2142,11:18:39,31.0,12397,4,买盘
2143,11:18:42,30.99,3099,1,卖盘
2144,11:18:45,30.99,18594,6,卖盘
2145,11:18:48,30.98,266578,86,卖盘
2146,11:18:51,30.99,130148,42,买盘
2147,11:18:54,31.0,148758,48,买盘
2148,11:18:57,30.98,65073,21,卖盘
2149,11:19:00,31.0,71300,23,买盘
2150,11:19:03,30.99,170462,55,卖盘
2151,11:19:06,30.99,108475,35,卖盘
2152,11:19:09,30.98,127041,41,卖盘
2153,11:19:12,30.99,3099,1,买盘
2154,11:19:15,30.99,145651,47,买盘
2155,11:19:18,30.97,2549592,823,卖盘
2156,11:19:21,30.98,111513,36,买盘
2157,11:19:24,30.97,148700,48,卖盘
2158,11:19:27,30.97,15485,5,卖盘
2159,11:19:30,30.97,15485,5,卖盘
2160,11:19:33,30.98,176577,57,买盘
2161,11:19:36,30.96,1114917,360,卖盘
2162,11:19:39,30.97,9291,3,买盘
2163,11:19:42,30.97,80522,26,买盘
2164,11:19:45,30.96,154804,50,卖盘
2165,11:19:48,30.96,34056,11,买盘
2166,11:19:51,30.96,37152,12,买盘
2167,11:19:54,30.95,80471,26,卖盘
2168,11:19:57,30.95,269265,87,卖盘
2169,11:20:00,30.95,281587,91,买盘
2170,11:20:03,30.95,117598,38,中性盘
2171,11:20:09,30.95,9285,3,卖盘
2172,11:20:12,30.96,287927,93,买盘
2173,11:20:15,30.95,77377,25,卖盘
2174,11:20:18,30.96,3096,1,中性盘
2175,11:20:21,30.95,105231,34,卖盘
2176,11:20:24,30.95,9286,3,卖盘
2177,11:20:27,30.95,12382,4,卖盘
2178,11:20:30,30.95,9285,3,卖盘
2179,11:20:33,30.96,102158,33,买盘
2180,11:20:36,30.96,188809,61,买盘
2181,11:20:39,30.96,219816,71,买盘
2182,11:20:42,30.97,83597,27,买盘
2183,11:20:48,30.97,3097,1,买盘
2184,11:20:51,30.97,58843,19,买盘
2185,11:20:54,30.97,43357,14,买盘
2186,11:20:57,30.98,216797,70,买盘
2187,11:21:00,30.98,18588,6,买盘
2188,11:21:03,30.97,142462,46,卖盘
2189,11:21:06,30.97,46455,15,买盘
2190,11:21:09,30.96,52633,17,卖盘
2191,11:21:12,30.96,74317,24,卖盘
2192,11:21:15,30.95,454991,147,卖盘
2193,11:21:21,30.95,6190,2,卖盘
2194,11:21:24,30.95,77375,25,卖盘
2195,11:21:27,30.95,6190,2,买盘
2196,11:21:30,30.95,52615,17,买盘
2197,11:21:33,30.94,34044,11,卖盘
2198,11:21:36,30.95,37139,12,买盘
2199,11:21:39,30.94,71162,23,卖盘
2200,11:21:42,30.94,513716,166,卖盘
2201,11:21:45,30.95,52615,17,买盘
2202,11:21:48,30.96,30951,10,买盘
2203,11:21:51,30.96,37143,12,买盘
2204,11:21:54,30.95,18571,6,卖盘
2205,11:21:57,30.95,451989,146,买盘
2206,11:22:00,30.94,55709,18,卖盘
2207,11:22:03,30.95,52615,17,买盘
2208,11:22:06,30.95,18570,6,买盘
2209,11:22:09,30.95,12380,4,买盘
2210,11:22:15,30.95,9285,3,卖盘
2211,11:22:18,30.95,49520,16,卖盘
2212,11:22:21,30.95,40235,13,卖盘
2213,11:22:24,30.95,315703,102,卖盘
2214,11:22:27,30.95,37140,12,卖盘
2215,11:22:30,30.94,294003,95,卖盘
2216,11:22:33,30.95,40247,13,中性盘
2217,11:22:39,30.97,49537,16,买盘
2218,11:22:42,30.95,9287,3,卖盘
2219,11:22:45,30.96,21666,7,中性盘
2220,11:22:48,30.95,61920,20,卖盘
2221,11:22:51,30.97,148648,48,买盘
2222,11:22:54,30.95,179530,58,卖盘
2223,11:22:57,30.97,3097,1,买盘
2224,11:23:00,30.96,21677,7,卖盘
2225,11:23:03,30.96,43350,14,卖盘
2226,11:23:06,30.96,108361,35,卖盘
2227,11:23:09,30.96,30960,10,卖盘
2228,11:23:12,30.95,15477,5,卖盘
2229,11:23:15,30.95,3095,1,卖盘
2230,11:23:18,30.95,145465,47,卖盘
2231,11:23:21,30.95,321980,104,卖盘
2232,11:23:24,30.96,9286,3,中性盘
2233,11:23:27,30.95,15476,5,卖盘
2234,11:23:30,30.95,105230,34,卖盘
2235,11:23:33,30.95,46437,15,卖盘
2236,11:23:36,30.95,92851,30,卖盘
2237,11:23:39,30.95,182635,59,卖盘
2238,11:23:42,30.95,30951,10,卖盘
2239,11:23:45,30.95,3095,1,卖盘
2240,11:23:48,30.96,34047,11,买盘
2241,11:23:51,30.95,64995,21,卖盘
2242,11:23:54,30.95,61900,20,卖盘
2243,11:23:57,30.96,24763,8,买盘
2244,11:24:00,30.96,433306,140,买盘
2245,11:24:03,30.95,37140,12,卖盘
2246,11:24:06,30.95,201188,65,卖盘
2247,11:24:09,30.95,46425,15,卖盘
2248,11:24:15,30.95,129990,42,买盘
2249,11:24:18,30.95,27855,9,买盘
2250,11:24:21,30.94,46422,15,卖盘
2251,11:24:24,30.95,142350,46,买盘
2252,11:24:33,30.96,30960,10,买盘
2253,11:24:36,30.96,18576,6,买盘
2254,11:24:42,30.95,340470,110,卖盘
2255,11:24:45,30.96,15480,5,中性盘
2256,11:24:48,30.96,15480,5,中性盘
2257,11:24:51,30.97,198205,64,买盘
2258,11:24:54,30.97,71231,23,买盘
2259,11:24:57,30.95,24763,8,卖盘
2260,11:25:03,30.95,21667,7,卖盘
2261,11:25:06,30.95,71189,23,卖盘
2262,11:25:09,30.95,1018822,329,卖盘
2263,11:25:12,30.96,34057,11,买盘
2264,11:25:15,30.96,3096,1,卖盘
2265,11:25:18,30.96,30960,10,卖盘
2266,11:25:21,30.96,3096,1,卖盘
2267,11:25:24,30.96,442663,143,买盘
2268,11:25:27,30.98,52666,17,买盘
2269,11:25:36,30.97,34072,11,卖盘
2270,11:25:39,30.97,34067,11,卖盘
2271,11:25:42,30.97,18582,6,卖盘
2272,11:25:48,30.97,12388,4,卖盘
2273,11:25:51,30.97,12388,4,买盘
2274,11:25:54,30.97,49552,16,买盘
2275,11:25:57,30.97,6194,2,买盘
2276,11:26:00,30.97,15485,5,买盘
2277,11:26:06,30.96,219820,71,卖盘
2278,11:26:09,30.96,6192,2,买盘
2279,11:26:12,30.96,52632,17,买盘
2280,11:26:15,30.95,145466,47,卖盘
2281,11:26:18,30.95,27859,9,卖盘
2282,11:26:21,30.95,241432,78,卖盘
2283,11:26:24,30.96,58824,19,买盘
2284,11:26:27,30.95,52617,17,卖盘
2285,11:26:30,30.96,164083,53,买盘
2286,11:26:33,30.95,126899,41,卖盘
2287,11:26:36,30.95,65624,21,卖盘
2288,11:26:39,30.95,61900,20,卖盘
2289,11:26:42,30.95,58806,19,卖盘
2290,11:26:45,30.96,49531,16,买盘
2291,11:26:48,30.95,219745,71,卖盘
2292,11:26:51,30.95,30950,10,卖盘
2293,11:26:54,30.96,126926,41,买盘
2294,11:26:57,30.96,30960,10,买盘
2295,11:27:00,30.95,83588,27,卖盘
2296,11:27:03,30.96,34055,11,买盘
2297,11:27:06,30.95,46440,15,卖盘
2298,11:27:09,30.95,77375,25,卖盘
2299,11:27:12,30.95,142386,46,卖盘
2300,11:27:15,30.96,3096,1,买盘
2301,11:27:18,30.95,269265,87,卖盘
2302,11:27:21,30.95,49520,16,卖盘
2303,11:27:24,30.96,46438,15,买盘
2304,11:27:27,30.95,15475,5,卖盘
2305,11:27:30,30.95,92850,30,卖盘
2306,11:27:33,30.95,108330,35,卖盘
2307,11:27:36,30.95,95956,31,卖盘
2308,11:27:42,30.95,166511,54,卖盘
2309,11:27:45,30.95,15475,5,买盘
2310,11:27:48,30.94,64986,21,卖盘
2311,11:27:51,30.94,40222,13,卖盘
2312,11:27:54,30.95,157841,51,买盘
2313,11:27:57,30.95,46411,15,买盘
2314,11:28:00,30.94,9282,3,卖盘
2315,11:28:03,30.94,99029,32,卖盘
2316,11:28:06,30.95,6190,2,买盘
2317,11:28:09,30.95,27855,9,买盘
2318,11:28:12,30.95,68076,22,买盘
2319,11:28:15,30.94,1256169,406,卖盘
2320,11:28:18,30.94,210398,68,卖盘
2321,11:28:21,30.94,15472,5,卖盘
2322,11:28:24,30.94,105209,34,卖盘
2323,11:28:27,30.94,43323,14,卖盘
2324,11:28:30,30.94,204250,66,卖盘
2325,11:28:33,30.93,1725927,558,卖盘
2326,11:28:36,30.93,15467,5,卖盘
2327,11:28:39,30.94,179450,58,买盘
2328,11:28:42,30.94,3094,1,买盘
2329,11:28:45,30.94,3094,1,买盘
2330,11:28:48,30.93,74233,24,卖盘
2331,11:28:51,30.93,21651,7,中性盘
2332,11:28:54,30.93,37116,12,买盘
2333,11:28:57,30.93,61857,20,买盘
2334,11:29:00,30.92,213358,69,卖盘
2335,11:29:03,30.92,24737,8,卖盘
2336,11:29:06,30.92,117500,38,卖盘
2337,11:29:09,30.92,49472,16,卖盘
2338,11:29:12,30.92,21644,7,卖盘
2339,11:29:15,30.92,68024,22,买盘
2340,11:29:21,30.91,114402,37,卖盘
2341,11:29:24,30.91,834570,270,卖盘
2342,11:29:27,30.9,139088,45,卖盘
2343,11:29:33,30.95,1482544,479,买盘
2344,11:29:36,30.95,367306,119,卖盘
2345,11:29:39,30.9,92702,30,卖盘
2346,11:29:42,30.91,89660,29,卖盘
2347,11:29:45,30.95,27841,9,买盘
2348,11:29:48,30.93,15469,5,中性盘
2349,11:29:51,30.91,58731,19,卖盘
2350,11:29:57,30.93,9279,3,买盘
2351,13:00:00,30.93,1790434,579,买盘
2352,13:00:03,30.94,2269719,734,买盘
2353,13:00:06,30.92,46380,15,卖盘
2354,13:00:09,30.93,68026,22,买盘
2355,13:00:12,30.92,15460,5,卖盘
2356,13:00:15,30.93,43298,14,买盘
2357,13:00:18,30.93,34023,11,卖盘
2358,13:00:21,30.93,21651,7,卖盘
2359,13:00:24,30.93,102069,33,卖盘
2360,13:00:27,30.94,3094,1,买盘
2361,13:00:30,30.92,705009,228,卖盘
2362,13:00:33,30.93,30930,10,买盘
2363,13:00:36,30.93,74192,24,买盘
2364,13:00:39,30.91,18551,6,卖盘
2365,13:00:42,30.91,52553,17,卖盘
2366,13:00:48,30.91,83457,27,卖盘
2367,13:00:51,30.91,86548,28,卖盘
2368,13:00:54,30.91,717100,232,卖盘
2369,13:00:57,30.91,6182,2,买盘
2370,13:01:00,30.9,117420,38,卖盘
2371,13:01:03,30.9,132872,43,卖盘
2372,13:01:06,30.9,123604,40,卖盘
2373,13:01:09,30.9,37080,12,卖盘
2374,13:01:12,30.9,61819,20,卖盘
2375,13:01:15,30.9,241021,78,卖盘
2376,13:01:18,30.9,188550,61,卖盘
2377,13:01:21,30.91,4088135,1323,买盘
2378,13:01:24,30.89,3774841,1222,卖盘
2379,13:01:27,30.88,3453393,1118,卖盘
2380,13:01:30,30.86,10690119,3463,卖盘
2381,13:01:33,30.85,135785,44,卖盘
2382,13:01:36,30.85,52445,17,卖盘
2383,13:01:39,30.85,129575,42,卖盘
2384,13:01:42,30.85,219038,71,卖盘
2385,13:01:45,30.86,940979,305,买盘
2386,13:01:48,30.86,1051995,341,买盘
2387,13:01:51,30.86,37042,12,买盘
2388,13:01:54,30.86,459742,149,卖盘
2389,13:01:57,30.86,512171,166,卖盘
2390,13:02:00,30.86,74064,24,买盘
2391,13:02:03,30.85,126504,41,卖盘
2392,13:02:06,30.86,293101,95,买盘
2393,13:02:09,30.86,709666,230,买盘
2394,13:02:12,30.86,277727,90,买盘
2395,13:02:15,30.86,422711,137,买盘
2396,13:02:18,30.85,163523,53,卖盘
2397,13:02:21,30.85,521436,169,卖盘
2398,13:02:24,30.85,200567,65,卖盘
2399,13:02:27,30.85,95652,31,卖盘
2400,13:02:30,30.86,620120,201,买盘
2401,13:02:33,30.85,462777,150,卖盘
2402,13:02:36,30.86,64806,21,卖盘
2403,13:02:39,30.86,197524,64,卖盘
2404,13:02:42,30.87,3087,1,中性盘
2405,13:02:45,30.88,95712,31,买盘
2406,13:02:48,30.88,27792,9,买盘
2407,13:02:51,30.88,9264,3,买盘
2408,13:02:54,30.88,21616,7,买盘
2409,13:02:57,30.88,98796,32,买盘
2410,13:03:00,30.87,225401,73,卖盘
2411,13:03:03,30.86,271657,88,卖盘
2412,13:03:06,30.87,3087,1,买盘
2413,13:03:09,30.86,15430,5,卖盘
2414,13:03:12,30.86,438213,142,卖盘
2415,13:03:15,30.86,197513,64,卖盘
2416,13:03:18,30.86,2353885,763,卖盘
2417,13:03:21,30.85,740420,240,卖盘
2418,13:03:24,30.85,246819,80,卖盘
2419,13:03:27,30.85,111073,36,卖盘
2420,13:03:30,30.86,1823241,591,买盘
2421,13:03:33,30.85,111060,36,卖盘
2422,13:03:36,30.84,141903,46,卖盘
2423,13:03:39,30.84,789504,256,卖盘
2424,13:03:42,30.83,4128515,1339,卖盘
2425,13:03:45,30.82,699799,227,卖盘
2426,13:03:48,30.82,154105,50,卖盘
2427,13:03:51,30.82,739824,240,卖盘
2428,13:03:54,30.82,465396,151,卖盘
2429,13:03:57,30.82,224991,73,卖盘
2430,13:04:00,30.81,83194,27,卖盘
2431,13:04:03,30.81,372828,121,卖盘
2432,13:04:06,30.81,508486,165,卖盘
2433,13:04:09,30.82,1059904,344,买盘
2434,13:04:12,30.82,437581,142,买盘
2435,13:04:15,30.82,280395,91,买盘
2436,13:04:18,30.81,1272457,413,卖盘
2437,13:04:21,30.81,221834,72,买盘
2438,13:04:24,30.8,662262,215,卖盘
2439,13:04:27,30.8,1589483,516,卖盘
2440,13:04:30,30.81,369648,120,买盘
2441,13:04:33,30.8,505216,164,卖盘
2442,13:04:36,30.8,320320,104,卖盘
2443,13:04:39,30.81,588293,191,买盘
2444,13:04:42,30.81,221781,72,买盘
2445,13:04:45,30.81,366597,119,买盘
2446,13:04:48,30.81,203346,66,卖盘
2447,13:04:51,30.81,338885,110,卖盘
2448,13:04:54,30.8,422080,137,卖盘
2449,13:04:57,30.81,166349,54,买盘
2450,13:05:00,30.81,649964,211,买盘
2451,13:05:03,30.82,440687,143,买盘
2452,13:05:06,30.81,866030,281,卖盘
2453,13:05:09,30.85,114103,37,买盘
2454,13:05:12,30.82,329898,107,卖盘
2455,13:05:15,30.84,92495,30,中性盘
2456,13:05:18,30.85,33940,11,中性盘
2457,13:05:21,30.84,132662,43,卖盘
2458,13:05:24,30.85,70973,23,卖盘
2459,13:05:27,30.84,225160,73,卖盘
2460,13:05:30,30.84,138780,45,买盘
2461,13:05:33,30.82,524125,170,卖盘
2462,13:05:36,30.84,274462,89,买盘
2463,13:05:39,30.85,24667,8,买盘
2464,13:05:42,30.85,64778,21,买盘
2465,13:05:45,30.84,138785,45,卖盘
2466,13:05:48,30.86,256068,83,买盘
2467,13:05:51,30.86,2023066,656,买盘
2468,13:05:54,30.86,77155,25,卖盘
2469,13:05:57,30.86,126530,41,卖盘
2470,13:06:00,30.87,86414,28,买盘
2471,13:06:03,30.88,462954,150,买盘
2472,13:06:06,30.85,141974,46,卖盘
2473,13:06:09,30.86,185205,60,中性盘
2474,13:06:12,30.87,314794,102,买盘
2475,13:06:15,30.85,126494,41,卖盘
2476,13:06:18,30.84,333217,108,卖盘
2477,13:06:21,30.84,373057,121,卖盘
2478,13:06:24,30.84,89436,29,买盘
2479,13:06:27,30.84,40091,13,买盘
2480,13:06:30,30.84,160345,52,买盘
2481,13:06:33,30.84,15420,5,卖盘
2482,13:06:36,30.86,132648,43,买盘
2483,13:06:39,30.85,120294,39,卖盘
2484,13:06:42,30.86,434916,141,买盘
2485,13:06:45,30.85,33935,11,中性盘
2486,13:06:48,30.85,493442,160,买盘
2487,13:06:51,30.85,141888,46,买盘
2488,13:06:54,30.84,160395,52,中性盘
2489,13:06:57,30.85,323827,105,买盘
2490,13:07:00,30.84,92545,30,卖盘
2491,13:07:03,30.84,55516,18,卖盘
2492,13:07:06,30.84,200460,65,卖盘
2493,13:07:09,30.84,363912,118,买盘
2494,13:07:12,30.83,835568,271,卖盘
2495,13:07:15,30.83,117158,38,卖盘
2496,13:07:18,30.83,403897,131,卖盘
2497,13:07:21,30.83,110988,36,卖盘
2498,13:07:24,30.82,1544089,501,卖盘
2499,13:07:27,30.81,77047,25,卖盘
2500,13:07:30,30.81,228064,74,卖盘
2501,13:07:33,30.82,200289,65,买盘
2502,13:07:36,30.82,175643,57,买盘
2503,13:07:39,30.81,89364,29,卖盘
2504,13:07:42,30.81,181805,59,卖盘
2505,13:07:45,30.81,3096481,1005,卖盘
2506,13:07:48,30.81,492977,160,卖盘
2507,13:07:51,30.85,2970202,963,买盘
2508,13:07:54,30.85,182016,59,卖盘
2509,13:07:57,30.81,2686208,871,卖盘
2510,13:08:00,30.81,283417,92,买盘
2511,13:08:03,30.81,218751,71,买盘
2512,13:08:06,30.81,742493,241,买盘
2513,13:08:09,30.81,520548,169,买盘
2514,13:08:12,30.8,375821,122,卖盘
2515,13:08:15,30.8,98562,32,卖盘
2516,13:08:18,30.81,1090605,354,买盘
2517,13:08:21,30.8,4846049,1573,卖盘
2518,13:08:24,30.84,157176,51,买盘
2519,13:08:27,30.84,225132,73,买盘
2520,13:08:30,30.84,169634,55,卖盘
2521,13:08:33,30.84,259056,84,卖盘
2522,13:08:36,30.84,123360,40,卖盘
2523,13:08:39,30.83,12332,4,买盘
2524,13:08:42,30.83,61650,20,买盘
2525,13:08:45,30.82,80171,26,卖盘
2526,13:08:48,30.82,138701,45,卖盘
2527,13:08:51,30.81,283520,92,卖盘
2528,13:08:54,30.81,258810,84,卖盘
2529,13:08:57,30.82,33897,11,买盘
2530,13:09:00,30.81,77037,25,卖盘
2531,13:09:03,30.81,33891,11,卖盘
2532,13:09:06,30.81,332752,108,卖盘
2533,13:09:09,30.81,437502,142,卖盘
2534,13:09:12,30.81,308099,100,卖盘
2535,13:09:15,30.8,443635,144,卖盘
2536,13:09:18,30.82,671528,218,买盘
2537,13:09:21,30.82,49295,16,买盘
2538,13:09:24,30.8,255650,83,卖盘
2539,13:09:27,30.8,104747,34,卖盘
2540,13:09:30,30.81,40043,13,买盘
2541,13:09:33,30.81,255646,83,买盘
2542,13:09:36,30.8,335722,109,卖盘
2543,13:09:39,30.81,249494,81,买盘
2544,13:09:42,30.81,33891,11,买盘
2545,13:09:45,30.8,46213,15,卖盘
2546,13:09:48,30.8,160183,52,卖盘
2547,13:09:51,30.8,172484,56,卖盘
2548,13:09:54,30.81,243375,79,买盘
2549,13:09:57,30.8,422080,137,卖盘
2550,13:10:00,30.82,113984,37,买盘
2551,13:10:03,30.8,160163,52,卖盘
2552,13:10:06,30.8,36971,12,卖盘
2553,13:10:09,30.8,267970,87,卖盘
2554,13:10:12,30.82,382150,124,买盘
2555,13:10:15,30.82,18488,6,买盘
2556,13:10:18,30.82,70875,23,买盘
2557,13:10:21,30.81,67782,22,卖盘
2558,13:10:24,30.82,345077,112,买盘
2559,13:10:27,30.82,33892,11,买盘
2560,13:10:30,30.82,551563,179,买盘
2561,13:10:33,30.81,714809,232,卖盘
2562,13:10:36,30.81,157131,51,买盘
2563,13:10:39,30.81,36972,12,买盘
2564,13:10:42,30.81,668497,217,买盘
2565,13:10:45,30.81,326565,106,买盘
2566,13:10:48,30.8,261814,85,卖盘
2567,13:10:51,30.8,27725,9,卖盘
2568,13:10:54,30.8,1179653,383,卖盘
2569,13:10:57,30.8,332653,108,卖盘
2570,13:11:00,30.81,231027,75,买盘
2571,13:11:03,30.81,452803,147,买盘
2572,13:11:06,30.81,252582,82,买盘
2573,13:11:09,30.8,172505,56,卖盘
2574,13:11:12,30.8,505181,164,卖盘
2575,13:11:15,30.81,150931,49,买盘
2576,13:11:18,30.8,317341,103,卖盘
2577,13:11:21,30.8,637584,207,卖盘
2578,13:11:24,30.81,95486,31,买盘
2579,13:11:27,30.8,428167,139,卖盘
2580,13:11:30,30.78,8749034,2841,卖盘
2581,13:11:33,30.79,197033,64,买盘
2582,13:11:36,30.78,649481,211,卖盘
2583,13:11:39,30.77,369240,120,卖盘
2584,13:11:42,30.77,323025,105,买盘
2585,13:11:45,30.76,664407,216,卖盘
2586,13:11:48,30.74,1303809,424,卖盘
2587,13:11:51,30.74,122964,40,卖盘
2588,13:11:54,30.74,583932,190,卖盘
2589,13:11:57,30.72,442593,144,卖盘
2590,13:12:00,30.72,630002,205,卖盘
2591,13:12:03,30.75,851286,277,买盘
2592,13:12:06,30.75,504194,164,买盘
2593,13:12:09,30.75,673233,219,买盘
2594,13:12:12,30.75,1402596,456,卖盘
2595,13:12:15,30.76,356709,116,中性盘
2596,13:12:18,30.75,2701260,879,卖盘
2597,13:12:21,30.76,280058,91,卖盘
2598,13:12:24,30.8,83060,27,买盘
2599,13:12:27,30.76,46140,15,卖盘
2600,13:12:30,30.79,36934,12,中性盘
2601,13:12:33,30.79,76942,25,买盘
2602,13:12:36,30.79,341522,111,买盘
2603,13:12:39,30.79,24631,8,买盘
2604,13:12:42,30.79,188204,61,买盘
2605,13:12:45,30.78,212388,69,卖盘
2606,13:12:48,30.76,605836,197,卖盘
2607,13:12:51,30.78,129235,42,买盘
2608,13:12:54,30.76,113867,37,卖盘
2609,13:12:57,30.77,70767,23,中性盘
2610,13:13:00,30.78,707920,230,买盘
2611,13:13:03,30.77,169237,55,中性盘
2612,13:13:06,30.78,46158,15,买盘
2613,13:13:09,30.77,98480,32,卖盘
2614,13:13:12,30.79,243161,79,买盘
2615,13:13:15,30.78,55404,18,卖盘
2616,13:13:18,30.79,153929,50,买盘
2617,13:13:21,30.79,273990,89,买盘
2618,13:13:24,30.79,89276,29,买盘
2619,13:13:27,30.78,1299797,422,卖盘
2620,13:13:30,30.8,240118,78,买盘
2621,13:13:33,30.8,169366,55,买盘
2622,13:13:36,30.8,132427,43,买盘
2623,13:13:39,30.8,110879,36,买盘
2624,13:13:42,30.79,98553,32,中性盘
2625,13:13:45,30.78,292560,95,卖盘
2626,13:13:48,30.8,52344,17,买盘
2627,13:13:51,30.79,89291,29,卖盘
2628,13:13:54,30.79,33871,11,卖盘
2629,13:13:57,30.79,766536,249,卖盘
2630,13:14:00,30.8,98531,32,买盘
2631,13:14:03,30.8,12317,4,买盘
2632,13:14:06,30.79,36958,12,卖盘
2633,13:14:09,30.79,86218,28,卖盘
2634,13:14:12,30.79,92370,30,卖盘
2635,13:14:15,30.79,120086,39,卖盘
2636,13:14:18,30.79,52342,17,买盘
2637,13:14:21,30.79,397293,129,买盘
2638,13:14:24,30.79,184735,60,买盘
2639,13:14:27,30.78,187811,61,卖盘
2640,13:14:30,30.79,18474,6,卖盘
2641,13:14:33,30.78,135459,44,卖盘
2642,13:14:36,30.79,107760,35,中性盘
2643,13:14:39,30.78,12312,4,卖盘
2644,13:14:42,30.79,240148,78,买盘
2645,13:14:45,30.78,30780,10,卖盘
2646,13:14:48,30.8,40032,13,买盘
2647,13:14:51,30.79,58501,19,卖盘
2648,13:14:54,30.79,86213,28,卖盘
2649,13:15:00,30.8,335720,109,买盘
2650,13:15:03,30.8,73920,24,买盘
2651,13:15:06,30.8,320233,104,买盘
2652,13:15:09,30.8,215596,70,买盘
2653,13:15:12,30.79,83136,27,卖盘
2654,13:15:15,30.78,70809,23,卖盘
2655,13:15:18,30.79,141594,46,买盘
2656,13:15:21,30.79,169318,55,买盘
2657,13:15:24,30.79,110844,36,买盘
2658,13:15:27,30.78,427857,139,卖盘
2659,13:15:30,30.78,163167,53,卖盘
2660,13:15:33,30.79,64655,21,买盘
2661,13:15:36,30.78,1083535,352,卖盘
2662,13:15:39,30.78,104643,34,买盘
2663,13:15:42,30.77,98470,32,卖盘
2664,13:15:45,30.77,276940,90,卖盘
2665,13:15:48,30.77,187723,61,卖盘
2666,13:15:51,30.77,252339,82,卖盘
2667,13:15:54,30.77,356945,116,卖盘
2668,13:15:57,30.76,92300,30,卖盘
2669,13:16:00,30.76,89206,29,卖盘
2670,13:16:03,30.77,695198,226,买盘
2671,13:16:06,30.77,49223,16,买盘
2672,13:16:09,30.77,298427,97,买盘
2673,13:16:12,30.77,375306,122,买盘
2674,13:16:15,30.76,206094,67,卖盘
2675,13:16:18,30.77,73827,24,买盘
2676,13:16:21,30.77,187665,61,买盘
2677,13:16:24,30.76,313753,102,卖盘
2678,13:16:27,30.76,283063,92,卖盘
2679,13:16:30,30.77,21539,7,买盘
2680,13:16:33,30.77,381443,124,买盘
2681,13:16:36,30.76,73826,24,卖盘
2682,13:16:39,30.76,101531,33,卖盘
2683,13:16:42,30.76,169180,55,卖盘
2684,13:16:45,30.76,46140,15,买盘
2685,13:16:48,30.75,335187,109,卖盘
2686,13:16:51,30.76,436791,142,买盘
2687,13:16:54,30.75,178370,58,卖盘
2688,13:16:57,30.76,243004,79,卖盘
2689,13:17:00,30.76,64596,21,卖盘
2690,13:17:03,30.76,73820,24,买盘
2691,13:17:06,30.76,43064,14,买盘
2692,13:17:09,30.75,636680,207,卖盘
2693,13:17:12,30.75,202955,66,卖盘
2694,13:17:15,30.76,175287,57,买盘
2695,13:17:18,30.75,319877,104,卖盘
2696,13:17:21,30.75,64580,21,卖盘
2697,13:17:24,30.76,55365,18,买盘
2698,13:17:27,30.76,199947,65,买盘
2699,13:17:30,30.76,215298,70,卖盘
2700,13:17:33,30.76,126118,41,买盘
2701,13:17:36,30.75,163024,53,卖盘
2702,13:17:39,30.76,159920,52,卖盘
2703,13:17:42,30.76,15380,5,卖盘
2704,13:17:45,30.77,49220,16,买盘
2705,13:17:48,30.76,43064,14,卖盘
2706,13:17:51,30.76,316804,103,卖盘
2707,13:17:54,30.76,264546,86,卖盘
2708,13:17:57,30.76,246075,80,买盘
2709,13:18:00,30.76,86121,28,买盘
2710,13:18:03,30.76,169144,55,买盘
2711,13:18:06,30.76,27683,9,买盘
2712,13:18:09,30.76,1685121,548,买盘
2713,13:18:12,30.76,150723,49,买盘
2714,13:18:15,30.75,156831,51,卖盘
2715,13:18:18,30.76,58444,19,买盘
2716,13:18:21,30.76,249085,81,买盘
2717,13:18:24,30.76,731943,238,买盘
2718,13:18:27,30.75,196799,64,卖盘
2719,13:18:30,30.74,52272,17,卖盘
2720,13:18:33,30.74,116845,38,卖盘
2721,13:18:36,30.74,43036,14,卖盘
2722,13:18:39,30.75,304408,99,买盘
2723,13:18:42,30.74,132209,43,卖盘
2724,13:18:45,30.74,196740,64,卖盘
2725,13:18:48,30.74,193709,63,卖盘
2726,13:18:51,30.74,1152731,375,卖盘
2727,13:18:54,30.74,67626,22,买盘
2728,13:18:57,30.74,706796,230,买盘
2729,13:19:00,30.73,756010,246,卖盘
2730,13:19:03,30.73,574820,187,卖盘
2731,13:19:06,30.74,857460,279,卖盘
2732,13:19:09,30.74,67631,22,卖盘
2733,13:19:12,30.74,396547,129,卖盘
2734,13:19:15,30.74,298196,97,买盘
2735,13:19:18,30.76,119892,39,买盘
2736,13:19:21,30.75,181390,59,卖盘
2737,13:19:24,30.74,236702,77,卖盘
2738,13:19:27,30.74,138381,45,卖盘
2739,13:19:30,30.75,230555,75,买盘
2740,13:19:33,30.75,543996,177,买盘
2741,13:19:36,30.74,46112,15,卖盘
2742,13:19:39,30.73,630176,205,卖盘
2743,13:19:42,30.74,49184,16,买盘
2744,13:19:45,30.74,39959,13,买盘
2745,13:19:48,30.74,273544,89,买盘
2746,13:19:51,30.74,209033,68,买盘
2747,13:19:54,30.74,236699,77,卖盘
2748,13:19:57,30.74,298171,97,卖盘
2749,13:20:00,30.73,418059,136,卖盘
2750,13:20:03,30.73,116784,38,卖盘
2751,13:20:06,30.74,129078,42,买盘
2752,13:20:09,30.73,141387,46,卖盘
2753,13:20:12,30.73,79908,26,卖盘
2754,13:20:15,30.73,381174,124,卖盘
2755,13:20:18,30.74,153663,50,买盘
2756,13:20:21,30.74,350385,114,买盘
2757,13:20:24,30.73,49181,16,卖盘
2758,13:20:27,30.74,55330,18,买盘
2759,13:20:30,30.74,500974,163,买盘
2760,13:20:33,30.74,64534,21,买盘
2761,13:20:36,30.74,209019,68,买盘
2762,13:20:39,30.74,132148,43,买盘
2763,13:20:42,30.74,334991,109,买盘
2764,13:20:45,30.74,209007,68,买盘
2765,13:20:48,30.73,165993,54,卖盘
2766,13:20:51,30.72,1643934,535,卖盘
2767,13:20:54,30.73,390249,127,中性盘
2768,13:20:57,30.72,2251637,733,卖盘
2769,13:21:00,30.71,1980861,645,卖盘
2770,13:21:03,30.72,178236,58,中性盘
2771,13:21:06,30.71,285649,93,卖盘
2772,13:21:09,30.71,350098,114,卖盘
2773,13:21:12,30.71,540503,176,卖盘
2774,13:21:15,30.71,67562,22,买盘
2775,13:21:18,30.71,472825,154,买盘
2776,13:21:21,30.7,119758,39,卖盘
2777,13:21:24,30.7,2004764,653,卖盘
2778,13:21:27,30.71,463677,151,买盘
2779,13:21:30,30.71,1946456,634,买盘
2780,13:21:33,30.71,350008,114,买盘
2781,13:21:36,30.7,1142844,372,卖盘
2782,13:21:39,30.7,810503,264,卖盘
2783,13:21:42,30.71,804348,262,买盘
2784,13:21:45,30.7,583411,190,卖盘
2785,13:21:48,30.7,373820,122,卖盘
2786,13:21:51,30.7,719297,234,买盘
2787,13:21:54,30.72,187316,61,买盘
2788,13:21:57,30.72,236492,77,买盘
2789,13:22:00,30.72,727848,237,买盘
2790,13:22:03,30.71,168872,55,卖盘
2791,13:22:06,30.7,178114,58,卖盘
2792,13:22:09,30.71,110550,36,买盘
2793,13:22:12,30.7,1455085,474,卖盘
2794,13:22:15,30.69,208753,68,卖盘
2795,13:22:18,30.7,85951,28,买盘
2796,13:22:21,30.7,217904,71,买盘
2797,13:22:24,30.69,727413,237,卖盘
2798,13:22:27,30.69,724298,236,卖盘
2799,13:22:30,30.69,288439,94,买盘
2800,13:22:33,30.69,1724245,562,买盘
2801,13:22:36,30.69,340597,111,买盘
2802,13:22:39,30.68,1414360,461,卖盘
2803,13:22:42,30.68,475427,155,买盘
2804,13:22:45,30.68,558244,182,买盘
2805,13:22:48,30.67,1040515,339,卖盘
2806,13:22:51,30.67,1214560,396,中性盘
2807,13:22:54,30.67,1189859,388,卖盘
2808,13:22:57,30.66,251432,82,卖盘
2809,13:23:00,30.67,168660,55,买盘
2810,13:23:03,30.66,1027139,335,卖盘
2811,13:23:06,30.66,971069,317,卖盘
2812,13:23:09,30.66,855551,279,买盘
2813,13:23:12,30.67,485506,158,买盘
2814,13:23:15,30.66,453818,148,卖盘
2815,13:23:18,30.68,410973,134,买盘
2816,13:23:21,30.68,4982609,1625,买盘
2817,13:23:24,30.68,174875,57,买盘
2818,13:23:27,30.69,177950,58,买盘
2819,13:23:30,30.69,429597,140,买盘
2820,13:23:33,30.69,880043,287,买盘
2821,13:23:36,30.7,819373,267,买盘
2822,13:23:39,30.69,1031303,336,卖盘
2823,13:23:42,30.72,460485,150,买盘
2824,13:23:45,30.72,27636,9,买盘
2825,13:23:48,30.71,73719,24,卖盘
2826,13:23:51,30.74,86052,28,买盘
2827,13:23:54,30.74,3074,1,买盘
2828,13:23:57,30.74,61480,20,买盘
2829,13:24:00,30.74,153707,50,中性盘
2830,13:24:03,30.74,264414,86,卖盘
2831,13:24:06,30.74,24594,8,卖盘
2832,13:24:09,30.75,866713,282,买盘
2833,13:24:12,30.75,110682,36,买盘
2834,13:24:15,30.75,307473,100,买盘
2835,13:24:18,30.73,165991,54,卖盘
2836,13:24:21,30.74,104486,34,买盘
2837,13:24:24,30.73,30735,10,卖盘
2838,13:24:27,30.73,282853,92,卖盘
2839,13:24:30,30.74,212106,69,中性盘
2840,13:24:33,30.74,196750,64,买盘
2841,13:24:36,30.73,559437,182,卖盘
2842,13:24:39,30.74,359795,117,卖盘
2843,13:24:42,30.74,150621,49,卖盘
2844,13:24:45,30.74,58399,19,买盘
2845,13:24:48,30.74,110676,36,买盘
2846,13:24:51,30.74,49185,16,卖盘
2847,13:24:54,30.75,175222,57,买盘
2848,13:24:57,30.74,101452,33,卖盘
2849,13:25:00,30.75,30747,10,买盘
2850,13:25:03,30.74,356593,116,卖盘
2851,13:25:06,30.74,1063658,346,卖盘
2852,13:25:09,30.74,76855,25,买盘
2853,13:25:12,30.74,73783,24,卖盘
2854,13:25:15,30.75,15375,5,买盘
2855,13:25:18,30.76,135282,44,买盘
2856,13:25:21,30.75,107625,35,卖盘
2857,13:25:24,30.75,73800,24,买盘
2858,13:25:27,30.76,209115,68,买盘
2859,13:25:30,30.76,64587,21,买盘
2860,13:25:33,30.75,101499,33,买盘
2861,13:25:36,30.75,15375,5,买盘
2862,13:25:39,30.75,30750,10,卖盘
2863,13:25:42,30.75,101498,33,卖盘
2864,13:25:45,30.76,98422,32,买盘
2865,13:25:48,30.74,6046955,1968,卖盘
2866,13:25:51,30.74,279734,91,买盘
2867,13:25:54,30.73,196734,64,卖盘
2868,13:25:57,30.74,30734,10,买盘
2869,13:26:00,30.71,67611,22,卖盘
2870,13:26:03,30.73,98354,32,买盘
2871,13:26:06,30.73,165848,54,买盘
2872,13:26:09,30.73,73752,24,买盘
2873,13:26:12,30.71,82936,27,卖盘
2874,13:26:15,30.71,678818,221,卖盘
2875,13:26:18,30.72,273384,89,中性盘
2876,13:26:21,30.71,116707,38,卖盘
2877,13:26:24,30.71,39925,13,卖盘
2878,13:26:27,30.72,135162,44,买盘
2879,13:26:30,30.71,592703,193,卖盘
2880,13:26:33,30.71,98272,32,买盘
2881,13:26:36,30.7,24560,8,卖盘
2882,13:26:39,30.7,73681,24,卖盘
2883,13:26:42,30.7,322373,105,卖盘
2884,13:26:45,30.7,58330,19,买盘
2885,13:26:48,30.7,236353,77,买盘
2886,13:26:51,30.69,604631,197,卖盘
2887,13:26:54,30.69,144243,47,买盘
2888,13:26:57,30.68,242374,79,卖盘
2889,13:27:00,30.68,260781,85,卖盘
2890,13:27:03,30.68,242372,79,卖盘
2891,13:27:06,30.68,1178199,384,卖盘
2892,13:27:09,30.68,174876,57,卖盘
2893,13:27:12,30.68,319049,104,买盘
2894,13:27:15,30.68,736114,240,买盘
2895,13:27:18,30.68,616339,201,买盘
2896,13:27:21,30.66,766571,250,卖盘
2897,13:27:24,30.66,594897,194,卖盘
2898,13:27:27,30.66,1695451,553,卖盘
2899,13:27:30,30.68,220841,72,买盘
2900,13:27:33,30.67,214633,70,卖盘
2901,13:27:36,30.66,1777909,580,卖盘
2902,13:27:39,30.66,131857,43,买盘
2903,13:27:42,30.66,260623,85,卖盘
2904,13:27:45,30.66,453768,148,卖盘
2905,13:27:48,30.67,2562063,835,买盘
2906,13:27:51,30.68,214807,70,中性盘
2907,13:27:54,30.69,1052648,343,买盘
2908,13:27:57,30.68,613633,200,卖盘
2909,13:28:00,30.69,76711,25,买盘
2910,13:28:03,30.69,58302,19,买盘
2911,13:28:06,30.68,131930,43,卖盘
2912,13:28:09,30.68,236267,77,卖盘
2913,13:28:12,30.68,549189,179,卖盘
2914,13:28:15,30.68,411129,134,卖盘
2915,13:28:18,30.68,122720,40,买盘
2916,13:28:21,30.68,668809,218,买盘
2917,13:28:24,30.67,782132,255,卖盘
2918,13:28:27,30.69,788301,257,买盘
2919,13:28:30,30.68,1872281,610,卖盘
2920,13:28:33,30.69,662734,216,中性盘
2921,13:28:36,30.69,36834,12,卖盘
2922,13:28:39,30.71,392760,128,买盘
2923,13:28:42,30.69,221004,72,卖盘
2924,13:28:45,30.69,141179,46,卖盘
2925,13:28:48,30.69,113584,37,卖盘
2926,13:28:51,30.71,98269,32,买盘
2927,13:28:54,30.7,30705,10,中性盘
2928,13:28:57,30.7,79829,26,卖盘
2929,13:29:00,30.71,392967,128,买盘
2930,13:29:03,30.71,98270,32,买盘
2931,13:29:06,30.71,79828,26,买盘
2932,13:29:09,30.71,866019,282,买盘
2933,13:29:12,30.71,408462,133,买盘
2934,13:29:15,30.71,30718,10,卖盘
2935,13:29:18,30.71,141278,46,卖盘
2936,13:29:21,30.71,1856580,604,卖盘
2937,13:29:24,30.72,18436,6,中性盘
2938,13:29:27,30.72,39939,13,卖盘
2939,13:29:30,30.73,21506,7,买盘
2940,13:29:33,30.74,43037,14,买盘
2941,13:29:36,30.76,30760,10,买盘
2942,13:29:39,30.75,129150,42,卖盘
2943,13:29:42,30.76,6151,2,买盘
2944,13:29:45,30.76,33831,11,买盘
2945,13:29:48,30.76,526005,171,买盘
2946,13:29:51,30.77,3077,1,买盘
2947,13:29:54,30.76,301509,98,卖盘
2948,13:29:57,30.77,159965,52,中性盘
2949,13:30:00,30.77,24613,8,买盘
2950,13:30:03,30.77,187697,61,卖盘
2951,13:30:06,30.76,427685,139,卖盘
2952,13:30:09,30.76,153834,50,卖盘
2953,13:30:12,30.76,301456,98,卖盘
2954,13:30:15,30.76,76899,25,买盘
2955,13:30:18,30.76,230700,75,买盘
2956,13:30:21,30.76,83050,27,买盘
2957,13:30:24,30.76,104589,34,卖盘
2958,13:30:27,30.77,36919,12,买盘
2959,13:30:30,30.76,49228,16,卖盘
2960,13:30:33,30.76,119996,39,卖盘
2961,13:30:36,30.77,64617,21,买盘
2962,13:30:39,30.76,193840,63,卖盘
2963,13:30:42,30.77,187662,61,卖盘
2964,13:30:45,30.77,70793,23,卖盘
2965,13:30:48,30.78,110805,36,买盘
2966,13:30:51,30.77,76926,25,卖盘
2967,13:30:54,30.77,104618,34,买盘
2968,13:30:57,30.77,73832,24,卖盘
2969,13:31:00,30.78,73868,24,买盘
2970,13:31:03,30.77,175360,57,卖盘
2971,13:31:06,30.77,98472,32,卖盘
2972,13:31:09,30.77,218466,71,卖盘
2973,13:31:12,30.77,218467,71,买盘
2974,13:31:15,30.77,366117,119,买盘
2975,13:31:18,30.77,150748,49,买盘
2976,13:31:21,30.77,126154,41,买盘
2977,13:31:24,30.77,33841,11,买盘
2978,13:31:27,30.77,18459,6,买盘
2979,13:31:30,30.77,36921,12,买盘
2980,13:31:33,30.77,258392,84,买盘
2981,13:31:36,30.76,402984,131,卖盘
2982,13:31:39,30.76,104579,34,买盘
2983,13:31:42,30.75,119963,39,卖盘
2984,13:31:45,30.75,113783,37,卖盘
2985,13:31:48,30.76,470486,153,买盘
2986,13:31:51,30.75,76875,25,卖盘
2987,13:31:54,30.75,6150,2,买盘
2988,13:31:57,30.74,190643,62,卖盘
2989,13:32:00,30.74,138338,45,卖盘
2990,13:32:03,30.74,39962,13,买盘
2991,13:32:06,30.75,295114,96,买盘
2992,13:32:09,30.74,33814,11,卖盘
2993,13:32:12,30.75,18450,6,买盘
2994,13:32:15,30.75,15373,5,买盘
2995,13:32:18,30.75,1494770,486,买盘
2996,13:32:21,30.76,113802,37,买盘
2997,13:32:24,30.76,27684,9,买盘
2998,13:32:27,30.76,24606,8,买盘
2999,13:32:30,30.76,246080,80,买盘
3000,13:32:33,30.77,1901749,618,买盘
3001,13:32:36,30.79,110790,36,买盘
3002,13:32:39,30.79,61558,20,买盘
3003,13:32:42,30.77,169274,55,卖盘
3004,13:32:45,30.79,73876,24,买盘
3005,13:32:48,30.78,61572,20,中性盘
3006,13:32:51,30.77,615521,200,卖盘
3007,13:32:54,30.79,98508,32,买盘
3008,13:32:57,30.79,21553,7,买盘
3009,13:33:00,30.79,49253,16,买盘
3010,13:33:03,30.79,218588,71,买盘
3011,13:33:06,30.79,27707,9,买盘
3012,13:33:09,30.79,249392,81,买盘
3013,13:33:12,30.78,1068079,347,卖盘
3014,13:33:15,30.78,504708,164,买盘
3015,13:33:18,30.78,24615,8,买盘
3016,13:33:21,30.76,759661,247,中性盘
3017,13:33:24,30.78,393739,128,买盘
3018,13:33:27,30.75,184543,60,卖盘
3019,13:33:30,30.74,209035,68,卖盘
3020,13:33:36,30.75,9225,3,中性盘
3021,13:33:39,30.74,24592,8,卖盘
3022,13:33:42,30.75,104549,34,买盘
3023,13:33:45,30.75,153750,50,卖盘
3024,13:33:48,30.75,36900,12,卖盘
3025,13:33:51,30.75,15376,5,卖盘
3026,13:33:54,30.75,402825,131,卖盘
3027,13:33:57,30.75,135282,44,卖盘
3028,13:34:00,30.75,119925,39,买盘
3029,13:34:03,30.75,83025,27,买盘
3030,13:34:06,30.75,119906,39,买盘
3031,13:34:09,30.75,239797,78,买盘
3032,13:34:12,30.76,79953,26,买盘
3033,13:34:15,30.75,95325,31,卖盘
3034,13:34:18,30.75,21525,7,卖盘
3035,13:34:21,30.72,1702546,554,卖盘
3036,13:34:24,30.72,46094,15,卖盘
3037,13:34:27,30.74,43025,14,买盘
3038,13:34:30,30.74,116775,38,中性盘
3039,13:34:33,30.74,58394,19,买盘
3040,13:34:36,30.73,82963,27,卖盘
3041,13:34:39,30.74,36878,12,买盘
3042,13:34:42,30.73,36876,12,卖盘
3043,13:34:45,30.73,135211,44,买盘
3044,13:34:48,30.73,150548,49,买盘
3045,13:34:51,30.73,52232,17,买盘
3046,13:34:54,30.73,82957,27,买盘
3047,13:34:57,30.73,251933,82,买盘
3048,13:35:00,30.73,18439,6,卖盘
3049,13:35:03,30.73,215110,70,卖盘
3050,13:35:06,30.73,178234,58,卖盘
3051,13:35:09,30.73,218176,71,卖盘
3052,13:35:12,30.73,43020,14,买盘
3053,13:35:15,30.72,227355,74,卖盘
3054,13:35:18,30.73,70662,23,买盘
3055,13:35:21,30.73,116774,38,买盘
3056,13:35:24,30.73,586943,191,卖盘
3057,13:35:27,30.72,417851,136,卖盘
3058,13:35:30,30.72,184285,60,卖盘
3059,13:35:33,30.72,58371,19,卖盘
3060,13:35:36,30.72,21504,7,卖盘
3061,13:35:39,30.72,86022,28,卖盘
3062,13:35:42,30.73,211990,69,买盘
3063,13:35:45,30.72,184375,60,卖盘
3064,13:35:48,30.72,30725,10,卖盘
3065,13:35:51,30.72,33792,11,卖盘
3066,13:35:54,30.72,804943,262,卖盘
3067,13:35:57,30.72,61447,20,买盘
3068,13:36:00,30.71,383877,125,卖盘
3069,13:36:03,30.71,1440120,469,卖盘
3070,13:36:06,30.71,414484,135,买盘
3071,13:36:09,30.71,64482,21,买盘
3072,13:36:12,30.71,70620,23,买盘
3073,13:36:15,30.71,116666,38,买盘
3074,13:36:18,30.7,33773,11,卖盘
3075,13:36:21,30.7,119730,39,卖盘
3076,13:36:24,30.7,82900,27,卖盘
