,成交时间,成交价格,成交金额,成交量,性质
0,09:25:00,12.96,2467584,1904,买盘
1,09:30:00,12.93,1530449,1184,卖盘
2,09:30:03,12.93,1790873,1385,卖盘
3,09:30:06,12.92,1009315,781,卖盘
4,09:30:09,12.9,1212865,938,卖盘
5,09:30:12,12.91,380958,295,中性盘
6,09:30:15,12.92,228714,177,买盘
7,09:30:18,12.89,759272,588,卖盘
8,09:30:21,12.9,468501,363,买盘
9,09:30:24,12.9,243751,189,卖盘
10,09:30:27,12.93,251621,195,买盘
11,09:30:30,12.93,151119,117,买盘
12,09:30:33,12.93,267543,207,买盘
13,09:30:36,12.91,936029,724,卖盘
14,09:30:39,12.92,265162,205,买盘
15,09:30:42,12.92,290741,225,卖盘
16,09:30:45,12.92,100733,78,买盘
17,09:30:48,12.91,351279,272,卖盘
18,09:30:51,12.91,410664,318,卖盘
19,09:30:54,12.9,821893,637,卖盘
20,09:30:57,12.9,693900,538,卖盘
21,09:31:00,12.89,424149,329,卖盘
22,09:31:03,12.9,1022915,793,买盘
23,09:31:06,12.89,569743,442,卖盘
24,09:31:09,12.9,846350,656,买盘
25,09:31:12,12.89,591770,459,卖盘
26,09:31:15,12.9,1301635,1008,买盘
27,09:31:18,12.9,376835,292,卖盘
28,09:31:21,12.9,112207,87,卖盘
29,09:31:24,12.89,448685,348,卖盘
30,09:31:27,12.9,225686,175,买盘
31,09:31:30,12.9,163752,127,买盘
32,09:31:33,12.88,3203957,2487,卖盘
33,09:31:36,12.88,933464,725,买盘
34,09:31:39,12.88,176350,137,买盘
35,09:31:42,12.87,712599,554,卖盘
36,09:31:45,12.87,560814,436,买盘
37,09:31:48,12.86,429793,334,卖盘
38,09:31:51,12.86,914350,711,卖盘
39,09:31:54,12.86,252010,196,买盘
40,09:31:57,12.86,925400,720,买盘
41,09:32:00,12.85,3909805,3046,卖盘
42,09:32:03,12.85,708192,551,卖盘
43,09:32:06,12.83,805798,628,卖盘
44,09:32:09,12.83,171888,134,买盘
45,09:32:12,12.82,357721,279,卖盘
46,09:32:15,12.82,1028423,802,卖盘
47,09:32:18,12.82,834780,651,卖盘
48,09:32:21,12.82,442263,345,买盘
49,09:32:24,12.82,1178907,920,买盘
50,09:32:27,12.82,1381186,1078,买盘
51,09:32:30,12.8,1573231,1228,卖盘
52,09:32:33,12.83,885809,691,买盘
53,09:32:36,12.81,451137,352,卖盘
54,09:32:39,12.81,410122,320,卖盘
55,09:32:42,12.82,321786,251,中性盘
56,09:32:45,12.83,300044,234,买盘
57,09:32:48,12.83,225780,176,买盘
58,09:32:51,12.83,349029,272,卖盘
59,09:32:54,12.84,392781,306,买盘
60,09:32:57,12.83,905883,706,卖盘
61,09:33:00,12.83,628670,490,买盘
62,09:33:03,12.83,1378886,1075,买盘
63,09:33:06,12.84,247648,193,买盘
64,09:33:09,12.84,403110,314,买盘
65,09:33:12,12.85,172088,134,买盘
66,09:33:15,12.85,217051,169,买盘
67,09:33:18,12.85,66822,52,卖盘
68,09:33:21,12.86,285489,222,买盘
69,09:33:24,12.86,421811,328,卖盘
70,09:33:27,12.86,605698,471,买盘
71,09:33:30,12.84,3103886,2417,卖盘
72,09:33:33,12.85,1427355,1111,买盘
73,09:33:36,12.83,164406,128,卖盘
74,09:33:39,12.83,344113,268,卖盘
75,09:33:42,12.84,236183,184,买盘
76,09:33:45,12.84,1005364,783,买盘
77,09:33:48,12.83,391577,305,卖盘
78,09:33:51,12.84,1684404,1313,中性盘
79,09:33:54,12.83,573687,447,卖盘
80,09:33:57,12.84,611303,476,买盘
81,09:34:00,12.84,223292,174,卖盘
82,09:34:03,12.84,75724,59,买盘
83,09:34:06,12.84,1021745,796,买盘
84,09:34:09,12.84,336293,262,买盘
85,09:34:12,12.83,197625,154,卖盘
86,09:34:15,12.84,125760,98,买盘
87,09:34:18,12.83,329899,257,卖盘
88,09:34:21,12.86,675686,526,买盘
89,09:34:24,12.84,359502,280,中性盘
90,09:34:27,12.83,156738,122,卖盘
91,09:34:30,12.86,5144,4,中性盘
92,09:34:33,12.84,120820,94,卖盘
93,09:34:36,12.86,45010,35,买盘
94,09:34:39,12.86,178600,139,买盘
95,09:34:42,12.86,196752,153,买盘
96,09:34:45,12.86,181333,141,卖盘
97,09:34:48,12.85,362454,282,卖盘
98,09:34:51,12.84,230007,179,卖盘
99,09:34:54,12.85,43675,34,中性盘
100,09:34:57,12.85,274981,214,买盘
101,09:35:00,12.84,385448,300,卖盘
102,09:35:03,12.85,161865,126,买盘
103,09:35:06,12.84,1414926,1102,卖盘
104,09:35:09,12.84,2312796,1800,买盘
105,09:35:12,12.84,163032,127,买盘
106,09:35:15,12.85,1197287,933,中性盘
107,09:35:18,12.84,1407631,1097,买盘
108,09:35:21,12.83,196296,153,买盘
109,09:35:24,12.82,2119220,1653,卖盘
110,09:35:27,12.82,247396,193,买盘
111,09:35:30,12.82,322980,252,买盘
112,09:35:33,12.81,654743,511,卖盘
113,09:35:36,12.82,387041,302,买盘
114,09:35:39,12.82,315224,246,卖盘
115,09:35:42,12.82,326838,255,买盘
116,09:35:45,12.82,271638,212,买盘
117,09:35:48,12.81,626440,489,卖盘
118,09:35:51,12.81,2483830,1939,卖盘
119,09:35:54,12.81,174172,136,买盘
120,09:35:57,12.81,1205068,941,买盘
121,09:36:00,12.81,518694,405,买盘
122,09:36:03,12.81,2115924,1653,买盘
123,09:36:06,12.81,1959866,1531,买盘
124,09:36:09,12.8,838594,655,卖盘
125,09:36:12,12.8,2832340,2213,卖盘
126,09:36:15,12.8,596279,466,买盘
127,09:36:18,12.79,1214200,949,卖盘
128,09:36:21,12.78,248111,194,卖盘
129,09:36:24,12.78,609956,477,卖盘
130,09:36:27,12.78,926590,725,卖盘
131,09:36:30,12.78,977716,765,卖盘
132,09:36:33,12.78,178894,140,买盘
133,09:36:36,12.77,784281,614,卖盘
134,09:36:39,12.78,615686,482,买盘
135,09:36:42,12.77,890057,697,卖盘
136,09:36:45,12.77,329400,258,买盘
137,09:36:48,12.77,408456,320,买盘
138,09:36:51,12.77,1223873,959,买盘
139,09:36:54,12.76,594845,466,卖盘
140,09:36:57,12.76,423802,332,卖盘
141,09:37:00,12.78,760881,596,买盘
142,09:37:03,12.78,573585,449,买盘
143,09:37:06,12.77,297730,233,卖盘
144,09:37:09,12.77,183957,144,卖盘
145,09:37:12,12.78,583729,457,买盘
146,09:37:15,12.78,162237,127,买盘
147,09:37:18,12.78,1207292,945,买盘
148,09:37:21,12.77,796055,623,卖盘
149,09:37:24,12.78,725613,568,买盘
150,09:37:27,12.78,849804,665,买盘
151,09:37:30,12.77,269645,211,卖盘
152,09:37:33,12.78,84370,66,卖盘
153,09:37:36,12.79,282514,221,买盘
154,09:37:39,12.79,457806,358,卖盘
155,09:37:42,12.79,225194,176,卖盘
156,09:37:45,12.79,259601,203,买盘
157,09:37:48,12.79,562596,440,买盘
158,09:37:51,12.79,216091,169,买盘
159,09:37:54,12.78,773265,605,卖盘
160,09:37:57,12.78,208314,163,买盘
161,09:38:00,12.78,255510,200,买盘
162,09:38:03,12.76,2364627,1852,卖盘
163,09:38:06,12.78,213297,167,买盘
164,09:38:09,12.77,70261,55,卖盘
165,09:38:12,12.78,233734,183,买盘
166,09:38:15,12.77,314148,246,卖盘
167,09:38:18,12.77,132803,104,买盘
168,09:38:21,12.76,349792,274,卖盘
169,09:38:24,12.77,213264,167,买盘
170,09:38:27,12.78,360116,282,买盘
171,09:38:30,12.77,191552,150,卖盘
172,09:38:33,12.78,277161,217,买盘
173,09:38:36,12.77,490384,384,卖盘
174,09:38:39,12.77,362841,284,买盘
175,09:38:42,12.77,505709,396,卖盘
176,09:38:45,12.77,527401,413,买盘
177,09:38:48,12.76,674113,528,卖盘
178,09:38:51,12.77,167254,131,中性盘
179,09:38:54,12.77,800699,627,卖盘
180,09:38:57,12.77,487844,382,卖盘
181,09:39:00,12.78,376850,295,买盘
182,09:39:03,12.78,745484,584,买盘
183,09:39:06,12.78,461126,361,买盘
184,09:39:09,12.78,683291,535,买盘
185,09:39:12,12.77,336032,263,卖盘
186,09:39:15,12.78,491795,385,买盘
187,09:39:18,12.77,232519,182,卖盘
188,09:39:21,12.77,296326,232,卖盘
189,09:39:24,12.77,2828634,2216,卖盘
190,09:39:27,12.78,99671,78,买盘
191,09:39:30,12.78,739432,579,买盘
192,09:39:33,12.78,145674,114,买盘
193,09:39:36,12.78,131634,103,卖盘
194,09:39:39,12.79,227626,178,买盘
195,09:39:42,12.78,368259,288,卖盘
196,09:39:45,12.79,266021,208,买盘
197,09:39:48,12.79,273557,214,买盘
198,09:39:51,12.79,194410,152,卖盘
199,09:39:54,12.79,204643,160,卖盘
200,09:39:57,12.8,157424,123,买盘
201,09:40:00,12.8,346785,271,买盘
202,09:40:03,12.79,149731,117,卖盘
203,09:40:06,12.8,400571,313,卖盘
204,09:40:09,12.81,60182,47,买盘
205,09:40:12,12.81,288070,225,买盘
206,09:40:15,12.81,37149,29,卖盘
207,09:40:18,12.81,345740,270,卖盘
208,09:40:21,12.81,541552,423,买盘
209,09:40:24,12.8,864584,675,中性盘
210,09:40:27,12.81,419635,328,买盘
211,09:40:30,12.81,34578,27,买盘
212,09:40:33,12.8,771940,603,卖盘
213,09:40:36,12.78,2035228,1591,卖盘
214,09:40:39,12.79,76806,60,中性盘
215,09:40:42,12.79,190667,149,卖盘
216,09:40:45,12.78,376220,294,卖盘
217,09:40:48,12.79,222629,174,买盘
218,09:40:51,12.79,505174,395,买盘
219,09:40:54,12.8,578049,452,买盘
220,09:40:57,12.78,442457,346,卖盘
221,09:41:00,12.79,44768,35,卖盘
222,09:41:03,12.79,52474,41,卖盘
223,09:41:06,12.79,266042,208,卖盘
224,09:41:09,12.79,101085,79,中性盘
225,09:41:12,12.79,1450684,1135,买盘
226,09:41:15,12.78,237735,186,买盘
227,09:41:18,12.8,14073,11,买盘
228,09:41:21,12.8,368572,288,买盘
229,09:41:24,12.8,84453,66,买盘
230,09:41:27,12.8,1755117,1370,卖盘
231,09:41:30,12.84,544173,424,买盘
232,09:41:33,12.84,393537,306,卖盘
233,09:41:36,12.88,19310,15,买盘
234,09:41:39,12.9,402070,312,买盘
235,09:41:42,12.9,61884,48,买盘
236,09:41:45,12.9,438370,340,买盘
237,09:41:48,12.9,291501,226,买盘
238,09:41:51,12.9,737899,572,卖盘
239,09:41:54,12.9,243835,189,买盘
240,09:41:57,12.9,441970,343,买盘
241,09:42:00,12.9,519889,403,买盘
242,09:42:03,12.89,402053,312,中性盘
243,09:42:06,12.9,195942,152,买盘
244,09:42:09,12.87,105638,82,卖盘
245,09:42:12,13.01,4026866,3107,买盘
246,09:42:15,13.04,5448656,4171,买盘
247,09:42:18,13.06,2108030,1614,买盘
248,09:42:21,13.06,468340,359,买盘
249,09:42:24,13.02,864280,663,卖盘
250,09:42:27,13.02,360634,277,买盘
251,09:42:30,13.02,547903,421,买盘
252,09:42:33,13.07,1630440,1249,买盘
253,09:42:36,13.12,2483760,1895,买盘
254,09:42:39,13.11,656907,501,卖盘
255,09:42:42,13.12,1025497,781,卖盘
256,09:42:45,13.12,894405,682,买盘
257,09:42:48,13.11,1491254,1137,卖盘
258,09:42:51,13.1,976819,745,卖盘
259,09:42:54,13.1,2139528,1632,买盘
260,09:42:57,13.1,682418,521,买盘
261,09:43:00,13.1,564576,431,买盘
262,09:43:03,13.1,691872,528,卖盘
263,09:43:06,13.08,270885,207,卖盘
264,09:43:09,13.06,329335,252,卖盘
265,09:43:12,13.06,954393,731,卖盘
266,09:43:15,13.04,293708,225,卖盘
267,09:43:18,13.04,870246,666,卖盘
268,09:43:21,13.04,200914,154,卖盘
269,09:43:24,13.07,109703,84,买盘
270,09:43:27,13.08,1229714,940,买盘
271,09:43:30,13.13,3641869,2776,买盘
272,09:43:33,13.13,434535,331,卖盘
273,09:43:36,13.13,1700013,1294,买盘
274,09:43:39,13.25,12667947,9614,买盘
275,09:43:42,13.24,1379219,1042,卖盘
276,09:43:45,13.28,1633672,1233,买盘
277,09:43:48,13.24,905975,684,买盘
278,09:43:51,13.25,1696040,1281,买盘
279,09:43:54,13.24,1344978,1016,买盘
280,09:43:57,13.24,1980746,1495,买盘
281,09:44:00,13.24,1472013,1112,买盘
282,09:44:03,13.24,1789599,1352,买盘
283,09:44:06,13.23,2068958,1564,卖盘
284,09:44:09,13.21,2725645,2059,中性盘
285,09:44:12,13.2,611892,463,卖盘
286,09:44:15,13.19,413001,313,卖盘
287,09:44:18,13.18,1056535,803,卖盘
288,09:44:21,13.14,421181,320,卖盘
289,09:44:24,13.14,247116,188,买盘
290,09:44:27,13.14,702906,535,卖盘
291,09:44:30,13.14,671518,511,买盘
292,09:44:33,13.15,345958,263,卖盘
293,09:44:36,13.17,1289437,979,买盘
294,09:44:39,13.18,832548,633,买盘
295,09:44:42,13.18,893628,679,买盘
296,09:44:45,13.18,893567,678,买盘
297,09:44:48,13.18,1279373,971,卖盘
298,09:44:51,13.18,784483,595,买盘
299,09:44:54,13.18,1724361,1308,买盘
300,09:44:57,13.16,320128,243,卖盘
301,09:45:00,13.16,154029,117,卖盘
302,09:45:03,13.18,751167,571,买盘
303,09:45:06,13.15,1419819,1080,买盘
304,09:45:09,13.15,398601,303,卖盘
305,09:45:12,13.14,310414,236,卖盘
306,09:45:15,13.14,1019167,776,卖盘
307,09:45:18,13.14,178682,136,买盘
308,09:45:21,13.12,295200,225,卖盘
309,09:45:24,13.12,537746,410,买盘
310,09:45:27,13.11,146827,112,卖盘
311,09:45:30,13.1,293651,224,卖盘
312,09:45:33,13.1,204409,156,卖盘
313,09:45:36,13.1,703782,537,卖盘
314,09:45:39,13.12,2679119,2037,买盘
315,09:45:42,13.15,253323,193,买盘
316,09:45:45,13.17,323633,246,买盘
317,09:45:48,13.17,404107,307,买盘
318,09:45:51,13.17,754541,573,买盘
319,09:45:54,13.17,3059846,2324,买盘
320,09:45:57,13.18,307120,233,买盘
321,09:46:00,13.18,895230,679,卖盘
322,09:46:03,13.18,1242958,943,卖盘
323,09:46:06,13.18,1435027,1088,买盘
324,09:46:09,13.18,713832,542,买盘
325,09:46:12,13.15,739171,561,卖盘
326,09:46:15,13.15,142040,108,卖盘
327,09:46:18,13.16,720870,548,买盘
328,09:46:21,13.14,227475,173,卖盘
329,09:46:24,13.14,347031,264,买盘
330,09:46:27,13.13,207527,158,卖盘
331,09:46:30,13.13,382110,291,买盘
332,09:46:33,13.12,653529,498,卖盘
333,09:46:36,13.13,657799,501,买盘
334,09:46:39,13.12,164088,125,卖盘
335,09:46:42,13.12,283590,216,卖盘
336,09:46:45,13.12,342477,261,买盘
337,09:46:48,13.11,907419,692,卖盘
338,09:46:51,13.11,62943,48,卖盘
339,09:46:54,13.11,60301,46,买盘
340,09:46:57,13.11,449591,343,买盘
341,09:47:00,13.1,495306,378,卖盘
342,09:47:03,13.11,290971,222,买盘
343,09:47:06,13.11,199237,152,买盘
344,09:47:09,13.11,72078,55,买盘
345,09:47:12,13.12,733017,559,买盘
346,09:47:15,13.11,286112,218,卖盘
347,09:47:18,13.12,126012,96,买盘
348,09:47:21,13.14,72270,55,买盘
349,09:47:24,13.13,145848,111,卖盘
350,09:47:27,13.14,107748,82,卖盘
351,09:47:30,13.13,990840,754,卖盘
352,09:47:33,13.12,231246,176,卖盘
353,09:47:36,13.13,615718,469,买盘
354,09:47:39,13.12,132564,101,中性盘
355,09:47:42,13.12,525151,400,中性盘
356,09:47:45,13.12,76121,58,中性盘
357,09:47:48,13.11,1165668,889,卖盘
358,09:47:51,13.12,520651,397,买盘
359,09:47:54,13.11,363365,277,中性盘
360,09:47:57,13.12,296401,226,买盘
361,09:48:00,13.13,154812,118,买盘
362,09:48:03,13.13,1023601,781,买盘
363,09:48:06,13.12,334602,255,卖盘
364,09:48:09,13.16,2120673,1613,买盘
365,09:48:12,13.17,188341,143,买盘
366,09:48:15,13.18,162070,123,买盘
367,09:48:18,13.18,379498,288,买盘
368,09:48:21,13.18,900082,683,买盘
369,09:48:24,13.17,814007,618,卖盘
370,09:48:27,13.17,801239,608,卖盘
371,09:48:30,13.16,160716,122,卖盘
372,09:48:33,13.17,272601,207,买盘
373,09:48:36,13.16,318621,242,卖盘
374,09:48:39,13.17,613496,466,买盘
375,09:48:42,13.17,402904,306,卖盘
376,09:48:45,13.17,201513,153,卖盘
377,09:48:48,13.18,1011976,768,买盘
378,09:48:51,13.18,457145,347,买盘
379,09:48:54,13.19,333617,253,买盘
380,09:48:57,13.18,922874,700,卖盘
381,09:49:00,13.19,465497,353,买盘
382,09:49:03,13.19,212371,161,卖盘
383,09:49:06,13.2,744339,564,买盘
384,09:49:09,13.21,1541652,1168,买盘
385,09:49:12,13.21,1039731,787,买盘
386,09:49:15,13.22,158630,120,买盘
387,09:49:18,13.22,111066,84,卖盘
388,09:49:21,13.23,1441130,1089,买盘
389,09:49:24,13.24,438062,331,买盘
390,09:49:27,13.24,771943,583,卖盘
391,09:49:30,13.24,1078717,815,买盘
392,09:49:33,13.23,1651668,1249,卖盘
393,09:49:36,13.23,1187765,898,买盘
394,09:49:39,13.22,1138654,861,买盘
395,09:49:42,13.21,1014079,768,卖盘
396,09:49:45,13.2,545390,413,中性盘
397,09:49:48,13.19,463463,351,卖盘
398,09:49:51,13.19,301861,229,买盘
399,09:49:54,13.18,697047,529,卖盘
400,09:49:57,13.18,504696,383,买盘
401,09:50:00,13.18,259536,197,买盘
402,09:50:03,13.17,467622,355,卖盘
403,09:50:06,13.16,899015,683,卖盘
404,09:50:09,13.18,580457,441,买盘
405,09:50:12,13.17,165818,126,卖盘
406,09:50:15,13.17,408097,310,买盘
407,09:50:18,13.17,366151,278,买盘
408,09:50:21,13.17,277867,211,买盘
409,09:50:24,13.17,308113,234,买盘
410,09:50:27,13.16,632115,480,卖盘
411,09:50:30,13.16,293531,223,卖盘
412,09:50:33,13.17,280297,213,买盘
413,09:50:36,13.16,67127,51,卖盘
414,09:50:39,13.16,146062,111,买盘
415,09:50:42,13.15,1141528,868,卖盘
416,09:50:45,13.15,528316,402,买盘
417,09:50:48,13.14,68318,52,中性盘
418,09:50:51,13.15,439056,334,买盘
419,09:50:54,13.14,367616,280,中性盘
420,09:50:57,13.14,201027,153,中性盘
421,09:51:00,13.15,172078,131,买盘
422,09:51:03,13.15,353048,269,买盘
423,09:51:06,13.12,233947,178,卖盘
424,09:51:09,13.12,417297,318,卖盘
425,09:51:12,13.14,216783,165,买盘
426,09:51:15,13.14,43362,33,买盘
427,09:51:18,13.12,73534,56,卖盘
428,09:51:21,13.14,523590,399,买盘
429,09:51:24,13.12,548436,418,买盘
430,09:51:27,13.12,99712,76,买盘
431,09:51:30,13.13,34113,26,买盘
432,09:51:33,13.13,2737757,2089,买盘
433,09:51:36,13.12,202038,154,买盘
434,09:51:39,13.12,145600,111,买盘
435,09:51:42,13.12,173133,132,买盘
436,09:51:45,13.13,57739,44,买盘
437,09:51:48,13.12,173098,132,中性盘
438,09:51:51,13.13,178540,136,买盘
439,09:51:54,13.12,177283,135,卖盘
440,09:51:57,13.14,228519,174,买盘
441,09:52:00,13.13,107675,82,卖盘
442,09:52:03,13.13,353009,269,买盘
443,09:52:06,13.12,707682,539,卖盘
444,09:52:09,13.15,659119,502,买盘
445,09:52:12,13.13,219224,167,中性盘
446,09:52:15,13.15,36816,28,买盘
447,09:52:18,13.13,34179,26,卖盘
448,09:52:21,13.15,244347,186,买盘
449,09:52:24,13.14,344144,262,卖盘
450,09:52:27,13.14,172097,131,买盘
451,09:52:30,13.14,281207,214,买盘
452,09:52:33,13.14,9198,7,买盘
453,09:52:36,13.15,319363,243,买盘
454,09:52:39,13.15,436090,332,买盘
455,09:52:42,13.15,193238,147,买盘
456,09:52:45,13.15,828288,630,买盘
457,09:52:48,13.15,211685,161,买盘
458,09:52:51,13.15,136762,104,买盘
459,09:52:54,13.15,52610,40,卖盘
460,09:52:57,13.15,64471,49,卖盘
461,09:53:00,13.16,169717,129,买盘
462,09:53:03,13.16,356621,271,买盘
463,09:53:06,13.16,198711,151,卖盘
464,09:53:09,13.15,4170591,3175,卖盘
465,09:53:12,13.16,72314,55,买盘
466,09:53:15,13.15,421214,320,卖盘
467,09:53:18,13.15,207870,158,买盘
468,09:53:21,13.17,248671,189,买盘
469,09:53:24,13.16,98699,75,中性盘
470,09:53:27,13.17,31608,24,买盘
471,09:53:30,13.17,5268,4,卖盘
472,09:53:33,13.18,64552,49,买盘
473,09:53:36,13.18,72473,55,买盘
474,09:53:39,13.18,717023,544,买盘
475,09:53:42,13.19,131898,100,买盘
476,09:53:45,13.19,134476,102,买盘
477,09:53:48,13.19,275651,209,买盘
478,09:53:51,13.19,312601,237,买盘
479,09:53:54,13.19,209729,159,买盘
480,09:53:57,13.19,213742,162,卖盘
481,09:54:00,13.19,327167,248,卖盘
482,09:54:03,13.2,300895,228,买盘
483,09:54:06,13.19,324612,246,卖盘
484,09:54:09,13.19,745578,565,卖盘
485,09:54:12,13.2,467217,354,买盘
486,09:54:15,13.2,597810,453,买盘
487,09:54:18,13.2,510764,387,买盘
488,09:54:21,13.19,216413,164,卖盘
489,09:54:24,13.2,378830,287,买盘
490,09:54:27,13.19,88428,67,卖盘
491,09:54:30,13.2,455258,345,买盘
492,09:54:33,13.2,845862,641,买盘
493,09:54:36,13.2,427630,324,买盘
494,09:54:39,13.2,1255316,951,买盘
495,09:54:42,13.2,159689,121,买盘
496,09:54:45,13.2,907882,688,买盘
497,09:54:48,13.19,468544,355,卖盘
498,09:54:51,13.2,468450,355,买盘
499,09:54:54,13.19,276990,210,卖盘
500,09:54:57,13.19,338983,257,买盘
501,09:55:00,13.19,313910,238,买盘
502,09:55:03,13.18,481531,365,卖盘
503,09:55:06,13.21,1878814,1423,买盘
504,09:55:09,13.2,254949,193,卖盘
505,09:55:12,13.22,300036,227,买盘
506,09:55:15,13.22,685615,519,买盘
507,09:55:18,13.22,288177,218,买盘
508,09:55:21,13.22,169174,128,买盘
509,09:55:24,13.21,235127,178,中性盘
510,09:55:27,13.2,212540,161,卖盘
511,09:55:30,13.2,126733,96,卖盘
512,09:55:33,13.2,524061,397,卖盘
513,09:55:36,13.2,299716,227,卖盘
514,09:55:39,13.2,1329931,1007,卖盘
515,09:55:42,13.2,716088,542,卖盘
516,09:55:45,13.2,481848,365,卖盘
517,09:55:48,13.2,574426,435,卖盘
518,09:55:51,13.2,267960,203,卖盘
519,09:55:54,13.2,102953,78,买盘
520,09:55:57,13.19,138564,105,卖盘
521,09:56:00,13.19,241424,183,卖盘
522,09:56:03,13.19,553019,419,卖盘
523,09:56:06,13.19,514449,390,卖盘
524,09:56:09,13.19,283498,215,卖盘
525,09:56:12,13.19,142419,108,买盘
526,09:56:15,13.19,319126,242,买盘
527,09:56:18,13.18,84380,64,卖盘
528,09:56:21,13.18,494255,375,卖盘
529,09:56:24,13.18,293910,223,买盘
530,09:56:27,13.18,77733,59,买盘
531,09:56:30,13.18,180537,137,买盘
532,09:56:33,13.17,57959,44,卖盘
533,09:56:36,13.16,97442,74,卖盘
534,09:56:39,13.16,85578,65,卖盘
535,09:56:42,13.16,43428,33,卖盘
536,09:56:45,13.17,497787,378,买盘
537,09:56:48,13.17,154017,117,卖盘
538,09:56:51,13.18,251733,191,买盘
539,09:56:54,13.18,623030,473,买盘
540,09:56:57,13.18,239974,182,买盘
541,09:57:00,13.18,46130,35,卖盘
542,09:57:03,13.18,580036,440,买盘
543,09:57:06,13.18,158150,120,买盘
544,09:57:09,13.18,98825,75,买盘
545,09:57:12,13.18,486338,369,买盘
546,09:57:15,13.18,168698,128,买盘
547,09:57:18,13.18,68548,52,卖盘
548,09:57:21,13.19,21096,16,买盘
549,09:57:24,13.18,630474,478,卖盘
550,09:57:27,13.19,84416,64,买盘
551,09:57:30,13.2,538164,408,买盘
552,09:57:33,13.2,72568,55,买盘
553,09:57:36,13.19,96344,73,卖盘
554,09:57:39,13.19,91057,69,卖盘
555,09:57:42,13.19,224324,170,卖盘
556,09:57:45,13.19,291642,221,卖盘
557,09:57:48,13.2,892073,676,买盘
558,09:57:51,13.2,293000,222,买盘
559,09:57:54,13.19,224230,170,卖盘
560,09:57:57,13.19,22423,17,买盘
561,09:58:00,13.19,738638,560,买盘
562,09:58:03,13.19,899977,682,卖盘
563,09:58:06,13.2,799788,606,买盘
564,09:58:09,13.2,170275,129,买盘
565,09:58:12,13.2,387984,294,买盘
566,09:58:15,13.2,132000,100,卖盘
567,09:58:18,13.2,154440,117,卖盘
568,09:58:21,13.2,93721,71,中性盘
569,09:58:24,13.2,211190,160,买盘
570,09:58:27,13.2,204544,155,买盘
571,09:58:30,13.2,556774,422,买盘
572,09:58:33,13.19,262390,199,中性盘
573,09:58:36,13.2,94974,72,买盘
574,09:58:39,13.19,91071,69,卖盘
575,09:58:42,13.19,31657,24,卖盘
576,09:58:45,13.2,146410,111,买盘
577,09:58:48,13.19,355010,269,卖盘
578,09:58:51,13.19,278209,211,买盘
579,09:58:54,13.19,117367,89,买盘
580,09:58:57,13.19,430814,327,买盘
581,09:59:00,13.18,139777,106,卖盘
582,09:59:03,13.18,316497,240,买盘
583,09:59:06,13.18,84355,64,买盘
584,09:59:09,13.18,249062,189,卖盘
585,09:59:12,13.19,118613,90,买盘
586,09:59:15,13.17,235774,179,卖盘
587,09:59:18,13.18,55349,42,买盘
588,09:59:21,13.18,31630,24,买盘
589,09:59:24,13.18,51395,39,买盘
590,09:59:27,13.17,420199,319,卖盘
591,09:59:30,13.18,96181,73,买盘
592,09:59:33,13.18,138337,105,买盘
593,09:59:36,13.17,701579,533,卖盘
594,09:59:39,13.17,168611,128,买盘
595,09:59:42,13.17,109299,83,买盘
596,09:59:45,13.17,317388,241,买盘
597,09:59:48,13.17,182944,139,卖盘
598,09:59:51,13.16,21067,16,卖盘
599,09:59:54,13.16,516888,393,卖盘
600,09:59:57,13.15,151231,115,卖盘
601,10:00:00,13.15,145982,111,卖盘
602,10:00:03,13.15,676056,514,卖盘
603,10:00:06,13.15,217057,165,卖盘
604,10:00:09,13.15,165682,126,买盘
605,10:00:12,13.14,333949,254,卖盘
606,10:00:15,13.13,448129,341,卖盘
607,10:00:18,13.14,458683,349,买盘
608,10:00:21,13.14,413083,314,卖盘
609,10:00:24,13.14,59140,45,卖盘
610,10:00:27,13.16,74914,57,中性盘
611,10:00:30,13.15,280095,213,卖盘
612,10:00:33,13.15,19722,15,卖盘
613,10:00:36,13.1,2676931,2041,卖盘
614,10:00:39,13.15,18410,14,买盘
615,10:00:42,13.14,165581,126,卖盘
616,10:00:45,13.13,26270,20,卖盘
617,10:00:48,13.11,53828,41,卖盘
618,10:00:51,13.13,74880,57,买盘
619,10:00:54,13.11,539518,411,卖盘
620,10:00:57,13.13,278356,212,买盘
621,10:01:00,13.12,42015,32,卖盘
622,10:01:03,13.16,828747,630,买盘
623,10:01:06,13.15,124984,95,卖盘
624,10:01:09,13.15,93365,71,卖盘
625,10:01:12,13.15,120968,92,买盘
626,10:01:15,13.15,13147,10,买盘
627,10:01:18,13.15,447937,341,买盘
628,10:01:21,13.15,57858,44,买盘
629,10:01:24,13.14,22343,17,卖盘
630,10:01:27,13.15,120978,92,买盘
631,10:01:30,13.15,155159,118,买盘
632,10:01:33,13.15,60450,46,买盘
633,10:01:36,13.15,88090,67,买盘
634,10:01:39,13.15,202492,154,买盘
635,10:01:42,13.15,480990,366,买盘
636,10:01:45,13.14,19720,15,中性盘
637,10:01:48,13.14,76212,58,买盘
638,10:01:51,13.14,70942,54,买盘
639,10:01:54,13.15,199878,152,买盘
640,10:01:57,13.14,60474,46,卖盘
641,10:02:00,13.15,178825,136,中性盘
642,10:02:03,13.15,44731,34,卖盘
643,10:02:06,13.15,32875,25,买盘
644,10:02:09,13.15,59175,45,买盘
645,10:02:12,13.15,311655,237,买盘
646,10:02:15,13.15,103885,79,买盘
647,10:02:18,13.15,245890,187,买盘
648,10:02:21,13.15,165590,126,买盘
649,10:02:24,13.15,123606,94,买盘
650,10:02:27,13.15,55209,42,买盘
651,10:02:30,13.15,773035,588,买盘
652,10:02:33,13.15,226180,172,买盘
653,10:02:36,13.15,59175,45,买盘
654,10:02:39,13.16,9212,7,买盘
655,10:02:42,13.16,388095,295,买盘
656,10:02:45,13.16,219744,167,买盘
657,10:02:48,13.17,22377,17,买盘
658,10:02:51,13.16,102674,78,卖盘
659,10:02:54,13.17,94824,72,买盘
660,10:02:57,13.16,59220,45,卖盘
661,10:03:00,13.16,125033,95,卖盘
662,10:03:03,13.17,213221,162,买盘
663,10:03:06,13.17,603186,458,买盘
664,10:03:09,13.17,26340,20,卖盘
665,10:03:12,13.18,184359,140,买盘
666,10:03:15,13.18,73788,56,买盘
667,10:03:18,13.18,137017,104,买盘
668,10:03:21,13.19,823674,625,买盘
669,10:03:24,13.18,101476,77,卖盘
670,10:03:27,13.18,321649,244,卖盘
671,10:03:30,13.18,535454,406,卖盘
672,10:03:33,13.19,177976,135,买盘
673,10:03:36,13.19,131877,100,买盘
674,10:03:39,13.19,255776,194,买盘
675,10:03:42,13.19,249228,189,买盘
676,10:03:45,13.19,117391,89,买盘
677,10:03:48,13.2,230852,175,买盘
678,10:03:51,13.19,158336,120,卖盘
679,10:03:54,13.19,184676,140,卖盘
680,10:03:57,13.17,1676862,1273,卖盘
681,10:04:00,13.17,125115,95,买盘
682,10:04:03,13.19,512988,389,买盘
683,10:04:06,13.19,48749,37,买盘
684,10:04:09,13.17,138318,105,卖盘
685,10:04:12,13.18,23719,18,买盘
686,10:04:15,13.18,64570,49,买盘
687,10:04:18,13.18,101485,77,买盘
688,10:04:21,13.18,60628,46,买盘
689,10:04:24,13.18,28996,22,卖盘
690,10:04:27,13.18,31636,24,卖盘
691,10:04:30,13.18,67218,51,卖盘
692,10:04:33,13.18,131863,100,卖盘
693,10:04:36,13.18,1130138,857,卖盘
694,10:04:39,13.18,303350,230,卖盘
695,10:04:42,13.19,26363,20,买盘
696,10:04:45,13.19,113423,86,买盘
697,10:04:48,13.19,242669,184,买盘
698,10:04:51,13.19,114730,87,买盘
699,10:04:54,13.19,164875,125,买盘
700,10:04:57,13.19,135821,103,买盘
701,10:05:00,13.19,19778,15,买盘
702,10:05:03,13.19,586948,445,买盘
703,10:05:06,13.18,1611680,1222,卖盘
704,10:05:09,13.18,104199,79,卖盘
705,10:05:12,13.19,221435,168,买盘
706,10:05:15,13.18,39532,30,卖盘
707,10:05:18,13.18,13174,10,买盘
708,10:05:21,13.18,345316,262,买盘
709,10:05:24,13.19,118652,90,买盘
710,10:05:27,13.17,89606,68,卖盘
711,10:05:30,13.18,179352,136,买盘
712,10:05:33,13.18,88306,67,卖盘
713,10:05:39,13.19,466618,354,买盘
714,10:05:42,13.18,93579,71,卖盘
715,10:05:45,13.18,52720,40,买盘
716,10:05:48,13.18,63264,48,买盘
717,10:05:51,13.17,227844,173,卖盘
718,10:05:54,13.16,272419,207,卖盘
719,10:05:57,13.16,19745,15,卖盘
720,10:06:00,13.17,52676,40,买盘
721,10:06:03,13.17,317453,241,买盘
722,10:06:06,13.17,200095,152,卖盘
723,10:06:09,13.16,60584,46,卖盘
724,10:06:12,13.17,36893,28,买盘
725,10:06:15,13.17,1317,1,买盘
726,10:06:18,13.17,21072,16,买盘
727,10:06:21,13.17,31629,24,卖盘
728,10:06:24,13.17,239699,182,卖盘
729,10:06:27,13.16,181658,138,卖盘
730,10:06:30,13.16,5264,4,卖盘
731,10:06:33,13.17,300118,228,买盘
732,10:06:36,13.16,23681,18,中性盘
733,10:06:39,13.15,44724,34,卖盘
734,10:06:42,13.15,61842,47,卖盘
735,10:06:45,13.15,352432,268,卖盘
736,10:06:48,13.15,422158,321,卖盘
737,10:06:51,13.15,93384,71,卖盘
738,10:06:54,13.15,44710,34,买盘
739,10:06:57,13.15,15784,12,卖盘
740,10:07:00,13.15,138076,105,卖盘
741,10:07:03,13.15,165834,126,卖盘
742,10:07:06,13.16,142128,108,卖盘
743,10:07:09,13.16,181681,138,卖盘
744,10:07:12,13.16,28958,22,卖盘
745,10:07:15,13.17,88222,67,买盘
746,10:07:18,13.17,236917,180,买盘
747,10:07:21,13.18,47414,36,买盘
748,10:07:24,13.18,603237,458,买盘
749,10:07:27,13.17,155409,118,卖盘
750,10:07:30,13.16,97418,74,卖盘
751,10:07:33,13.17,110628,84,买盘
752,10:07:36,13.18,172617,131,买盘
753,10:07:39,13.18,129164,98,买盘
754,10:07:42,13.17,5268,4,卖盘
755,10:07:45,13.18,19760,15,买盘
756,10:07:48,13.17,77708,59,卖盘
757,10:07:51,13.17,333434,253,卖盘
758,10:07:54,13.17,172583,131,卖盘
759,10:07:57,13.17,76423,58,卖盘
760,10:08:00,13.15,1227631,933,卖盘
761,10:08:03,13.15,286659,218,买盘
762,10:08:06,13.14,77527,59,卖盘
763,10:08:09,13.15,148594,113,买盘
764,10:08:12,13.15,13150,10,卖盘
765,10:08:15,13.16,195987,149,买盘
766,10:08:18,13.16,240828,183,卖盘
767,10:08:21,13.16,5264,4,买盘
768,10:08:24,13.16,21056,16,买盘
769,10:08:27,13.16,46060,35,买盘
770,10:08:30,13.15,73675,56,卖盘
771,10:08:36,13.15,105215,80,卖盘
772,10:08:39,13.15,44712,34,卖盘
773,10:08:42,13.15,27626,21,卖盘
774,10:08:45,13.16,38138,29,买盘
775,10:08:48,13.15,447106,340,卖盘
776,10:08:51,13.15,52620,40,卖盘
777,10:08:54,13.16,90744,69,买盘
778,10:08:57,13.15,63100,48,买盘
779,10:09:00,13.14,53878,41,卖盘
780,10:09:03,13.14,182757,139,卖盘
781,10:09:06,13.15,478595,364,买盘
782,10:09:09,13.15,106515,81,卖盘
783,10:09:12,13.15,482605,367,卖盘
784,10:09:15,13.16,85497,65,买盘
785,10:09:18,13.15,790315,601,卖盘
786,10:09:21,13.16,13157,10,买盘
787,10:09:24,13.15,182785,139,买盘
788,10:09:27,13.15,177525,135,买盘
789,10:09:30,13.15,303561,231,买盘
790,10:09:33,13.15,51285,39,买盘
791,10:09:36,13.15,26298,20,买盘
792,10:09:39,13.14,353468,269,卖盘
793,10:09:42,13.13,17074,13,卖盘
794,10:09:45,13.13,9191,7,卖盘
795,10:09:48,13.14,158988,121,买盘
796,10:09:51,13.13,799662,609,卖盘
797,10:09:54,13.13,594789,453,卖盘
798,10:09:57,13.13,2076671,1583,买盘
799,10:10:00,13.13,44632,34,买盘
800,10:10:03,13.13,551901,420,买盘
801,10:10:06,13.13,53838,41,买盘
802,10:10:09,13.13,126048,96,卖盘
803,10:10:12,13.13,220530,168,买盘
804,10:10:15,13.13,5254,4,买盘
805,10:10:18,13.12,95810,73,卖盘
806,10:10:21,13.13,73528,56,卖盘
807,10:10:24,13.13,2626,2,买盘
808,10:10:27,13.13,301970,230,买盘
809,10:10:30,13.13,57742,44,买盘
810,10:10:33,13.13,249391,190,买盘
811,10:10:36,13.13,27573,21,卖盘
812,10:10:39,13.14,313984,239,买盘
813,10:10:42,13.14,31548,24,卖盘
814,10:10:45,13.15,259055,197,买盘
815,10:10:48,13.15,86852,66,卖盘
816,10:10:51,13.16,52640,40,买盘
817,10:10:54,13.16,306614,233,买盘
818,10:10:57,13.15,359002,273,卖盘
819,10:11:00,13.16,365580,278,买盘
820,10:11:03,13.17,136866,104,买盘
821,10:11:06,13.16,339699,258,中性盘
822,10:11:09,13.17,111942,85,中性盘
823,10:11:12,13.16,121209,92,卖盘
824,10:11:15,13.17,114579,87,中性盘
825,10:11:18,13.16,63170,48,卖盘
826,10:11:21,13.17,56631,43,买盘
827,10:11:24,13.16,92157,70,卖盘
828,10:11:27,13.17,43456,33,买盘
829,10:11:30,13.16,39486,30,卖盘
830,10:11:33,13.16,318481,242,卖盘
831,10:11:36,13.16,32900,25,买盘
832,10:11:39,13.16,55272,42,买盘
833,10:11:42,13.16,61847,47,买盘
834,10:11:45,13.16,198603,151,买盘
835,10:11:48,13.15,5260,4,卖盘
836,10:11:51,13.16,101304,77,买盘
837,10:11:54,13.16,564176,429,买盘
838,10:11:57,13.15,1091009,830,买盘
839,10:12:00,13.13,235079,179,卖盘
840,10:12:03,13.13,493062,375,卖盘
841,10:12:06,13.13,43361,33,卖盘
842,10:12:09,13.12,325620,248,卖盘
843,10:12:12,13.13,122112,93,买盘
844,10:12:15,13.12,322752,246,卖盘
845,10:12:18,13.12,64284,49,买盘
846,10:12:21,13.11,82654,63,卖盘
847,10:12:24,13.11,175697,134,卖盘
848,10:12:27,13.12,224229,171,买盘
849,10:12:30,13.12,49856,38,卖盘
850,10:12:33,13.12,83981,64,卖盘
851,10:12:36,13.12,110188,84,买盘
852,10:12:39,13.11,107573,82,卖盘
853,10:12:42,13.11,52445,40,卖盘
854,10:12:45,13.11,69516,53,卖盘
855,10:12:48,13.12,61636,47,买盘
856,10:12:51,13.11,837743,639,卖盘
857,10:12:54,13.12,114144,87,买盘
858,10:12:57,13.12,181961,139,卖盘
859,10:13:00,13.12,35429,27,卖盘
860,10:13:03,13.13,152274,116,买盘
861,10:13:06,13.12,227383,173,卖盘
862,10:13:09,13.11,448406,342,卖盘
863,10:13:12,13.11,104853,80,买盘
864,10:13:15,13.11,125856,96,买盘
865,10:13:18,13.1,60282,46,卖盘
866,10:13:21,13.11,475559,363,买盘
867,10:13:24,13.1,145410,111,卖盘
868,10:13:27,13.1,2398520,1831,卖盘
869,10:13:30,13.1,28820,22,买盘
870,10:13:33,13.1,23572,18,买盘
871,10:13:36,13.1,242240,185,买盘
872,10:13:39,13.09,507893,388,卖盘
873,10:13:42,13.09,61503,47,买盘
874,10:13:45,13.08,389852,298,卖盘
875,10:13:48,13.08,311325,238,卖盘
876,10:13:51,13.09,331166,253,买盘
877,10:13:54,13.1,51063,39,买盘
878,10:13:57,13.1,270969,207,买盘
879,10:14:00,13.1,444087,339,买盘
880,10:14:03,13.1,723022,552,买盘
881,10:14:06,13.1,141470,108,买盘
882,10:14:09,13.1,66789,51,买盘
883,10:14:12,13.1,36677,28,买盘
884,10:14:15,13.09,116565,89,卖盘
885,10:14:18,13.09,62875,48,卖盘
886,10:14:21,13.1,252690,193,买盘
887,10:14:24,13.1,43230,33,卖盘
888,10:14:27,13.1,60260,46,卖盘
889,10:14:30,13.1,166370,127,卖盘
890,10:14:33,13.1,37992,29,卖盘
891,10:14:36,13.1,95633,73,卖盘
892,10:14:39,13.1,48470,37,买盘
893,10:14:42,13.1,189830,145,买盘
894,10:14:45,13.06,2794390,2137,卖盘
895,10:14:48,13.07,126769,97,买盘
896,10:14:51,13.06,70524,54,卖盘
897,10:14:54,13.06,142360,109,卖盘
898,10:14:57,13.06,595577,456,卖盘
899,10:15:00,13.06,222020,170,卖盘
900,10:15:03,13.05,267543,205,卖盘
901,10:15:06,13.06,284524,218,买盘
902,10:15:09,13.05,979149,750,卖盘
903,10:15:12,13.06,342062,262,买盘
904,10:15:15,13.05,154044,118,卖盘
905,10:15:18,13.06,517176,396,买盘
906,10:15:21,13.07,47020,36,买盘
907,10:15:24,13.07,207715,159,买盘
908,10:15:27,13.07,87569,67,卖盘
909,10:15:30,13.07,37910,29,卖盘
910,10:15:33,13.07,522778,400,卖盘
911,10:15:36,13.07,918818,703,买盘
912,10:15:39,13.06,235224,180,卖盘
913,10:15:42,13.06,270526,207,卖盘
914,10:15:45,13.06,138450,106,卖盘
915,10:15:48,13.06,193291,148,卖盘
916,10:15:51,13.07,156756,120,买盘
917,10:15:54,13.06,169785,130,卖盘
918,10:15:57,13.06,787569,603,卖盘
919,10:16:00,13.05,681290,522,卖盘
920,10:16:03,13.05,95295,73,卖盘
921,10:16:06,13.06,50903,39,买盘
922,10:16:09,13.05,203680,156,卖盘
923,10:16:12,13.06,105712,81,中性盘
924,10:16:15,13.06,71784,55,买盘
925,10:16:18,13.06,674766,517,买盘
926,10:16:21,13.06,131956,101,买盘
927,10:16:24,13.06,6530,5,卖盘
928,10:16:27,13.06,60077,46,卖盘
929,10:16:30,13.06,64014,49,卖盘
930,10:16:33,13.06,211724,162,卖盘
931,10:16:36,13.07,347640,266,买盘
932,10:16:39,13.07,102799,79,买盘
933,10:16:42,13.08,43149,33,买盘
934,10:16:45,13.07,54916,42,卖盘
935,10:16:48,13.08,24847,19,买盘
936,10:16:51,13.08,75857,58,买盘
937,10:16:54,13.08,621163,475,买盘
938,10:17:00,13.07,604304,462,卖盘
939,10:17:03,13.08,185864,142,中性盘
940,10:17:06,13.07,893752,684,卖盘
941,10:17:09,13.07,45742,35,买盘
942,10:17:12,13.07,27447,21,卖盘
943,10:17:15,13.07,16992,13,卖盘
944,10:17:18,13.07,79734,61,卖盘
945,10:17:21,13.07,43132,33,卖盘
946,10:17:24,13.09,83701,64,买盘
947,10:17:27,13.08,105927,81,卖盘
948,10:17:30,13.08,39240,30,买盘
949,10:17:33,13.08,51011,39,买盘
950,10:17:36,13.08,15698,12,卖盘
951,10:17:39,13.08,7848,6,卖盘
952,10:17:45,13.08,287781,220,卖盘
953,10:17:48,13.08,73248,56,买盘
954,10:17:51,13.08,2616,2,卖盘
955,10:17:54,13.09,85057,65,买盘
956,10:17:57,13.08,14398,11,卖盘
957,10:18:00,13.08,75916,58,卖盘
958,10:18:03,13.09,32725,25,买盘
959,10:18:06,13.09,22237,17,买盘
960,10:18:09,13.09,15708,12,买盘
961,10:18:12,13.09,177952,136,买盘
962,10:18:15,13.09,5236,4,卖盘
963,10:18:18,13.1,3930,3,买盘
964,10:18:21,13.09,261800,200,卖盘
965,10:18:24,13.09,53702,41,卖盘
966,10:18:27,13.1,37977,29,买盘
967,10:18:30,13.1,32750,25,买盘
968,10:18:33,13.1,162440,124,买盘
969,10:18:36,13.1,125760,96,买盘
970,10:18:39,13.09,19648,15,卖盘
971,10:18:42,13.09,519792,397,卖盘
972,10:18:45,13.1,162387,124,买盘
973,10:18:48,13.09,24886,19,卖盘
974,10:18:51,13.1,56315,43,买盘
975,10:18:54,13.1,159820,122,买盘
976,10:18:57,13.1,75980,58,买盘
977,10:19:00,13.1,140170,107,买盘
978,10:19:03,13.1,142835,109,卖盘
979,10:19:06,13.1,53710,41,卖盘
980,10:19:09,13.1,1310,1,卖盘
981,10:19:12,13.11,187332,143,买盘
982,10:19:15,13.11,150765,115,买盘
983,10:19:18,13.11,17041,13,买盘
984,10:19:21,13.1,83840,64,卖盘
985,10:19:24,13.11,35381,27,买盘
986,10:19:27,13.11,27523,21,买盘
987,10:19:30,13.11,73416,56,买盘
988,10:19:33,13.1,86466,66,卖盘
989,10:19:36,13.1,150655,115,卖盘
990,10:19:39,13.1,239885,183,卖盘
991,10:19:42,13.11,124545,95,买盘
992,10:19:45,13.11,15732,12,卖盘
993,10:19:48,13.11,27531,21,卖盘
994,10:19:54,13.11,60306,46,买盘
995,10:19:57,13.11,184851,141,卖盘
996,10:20:00,13.09,1113518,850,卖盘
997,10:20:03,13.09,134838,103,卖盘
998,10:20:06,13.1,40598,31,买盘
999,10:20:09,13.08,383435,293,卖盘
1000,10:20:12,13.08,229000,175,卖盘
1001,10:20:15,13.08,64100,49,卖盘
1002,10:20:18,13.08,13080,10,卖盘
1003,10:20:21,13.09,44488,34,买盘
1004,10:20:24,13.08,426408,326,卖盘
1005,10:20:27,13.07,501985,384,卖盘
1006,10:20:30,13.08,9152,7,买盘
1007,10:20:36,13.06,291457,223,卖盘
1008,10:20:39,13.07,101881,78,买盘
1009,10:20:42,13.07,61393,47,买盘
1010,10:20:45,13.06,37889,29,卖盘
1011,10:20:48,13.07,84929,65,买盘
1012,10:20:51,13.07,240486,184,买盘
1013,10:20:54,13.07,597299,457,卖盘
1014,10:20:57,13.07,114955,88,买盘
1015,10:21:00,13.07,100638,77,买盘
1016,10:21:03,13.07,148994,114,卖盘
1017,10:21:06,13.07,27447,21,买盘
1018,10:21:09,13.07,129302,99,买盘
1019,10:21:12,13.06,164563,126,卖盘
1020,10:21:15,13.07,50970,39,买盘
1021,10:21:18,13.06,58770,45,卖盘
1022,10:21:21,13.07,52270,40,买盘
1023,10:21:24,13.07,87569,67,卖盘
1024,10:21:27,13.07,164682,126,卖盘
1025,10:21:30,13.07,1307,1,中性盘
1026,10:21:33,13.07,13070,10,买盘
1027,10:21:36,13.06,35278,27,卖盘
1028,10:21:39,13.07,83630,64,买盘
1029,10:21:42,13.07,354181,271,买盘
1030,10:21:45,13.06,19598,15,卖盘
1031,10:21:48,13.07,20902,16,买盘
1032,10:21:51,13.06,1042198,798,卖盘
1033,10:21:54,13.05,225802,173,卖盘
1034,10:21:57,13.05,22195,17,卖盘
1035,10:22:00,13.05,83545,64,卖盘
1036,10:22:03,13.05,177517,136,卖盘
1037,10:22:06,13.05,96570,74,卖盘
1038,10:22:09,13.05,43065,33,卖盘
1039,10:22:12,13.06,377245,289,买盘
1040,10:22:15,13.05,33930,26,卖盘
1041,10:22:18,13.06,120093,92,买盘
1042,10:22:21,13.06,62684,48,买盘
1043,10:22:24,13.06,198384,152,买盘
1044,10:22:27,13.06,71802,55,买盘
1045,10:22:30,13.06,58770,45,买盘
1046,10:22:33,13.06,124070,95,卖盘
1047,10:22:36,13.05,47013,36,卖盘
1048,10:22:39,13.05,116180,89,卖盘
1049,10:22:42,13.05,235062,180,卖盘
1050,10:22:45,13.05,91360,70,卖盘
1051,10:22:48,13.07,217978,167,买盘
1052,10:22:51,13.06,20896,16,卖盘
1053,10:22:54,13.06,112318,86,卖盘
1054,10:22:57,13.06,63994,49,卖盘
1055,10:23:00,13.06,67915,52,卖盘
1056,10:23:03,13.07,78368,60,买盘
1057,10:23:06,13.06,28732,22,卖盘
1058,10:23:09,13.06,7837,6,卖盘
1059,10:23:12,13.07,18298,14,买盘
1060,10:23:15,13.08,254866,195,买盘
1061,10:23:18,13.07,3921,3,卖盘
1062,10:23:21,13.07,19605,15,卖盘
1063,10:23:24,13.07,19614,15,卖盘
1064,10:23:27,13.07,196050,150,卖盘
1065,10:23:30,13.07,146403,112,卖盘
1066,10:23:33,13.07,84955,65,卖盘
1067,10:23:36,13.08,71895,55,买盘
1068,10:23:39,13.07,15684,12,中性盘
1069,10:23:42,13.06,284718,218,卖盘
1070,10:23:45,13.05,13062,10,卖盘
1071,10:23:48,13.06,13060,10,买盘
1072,10:23:51,13.06,28752,22,中性盘
1073,10:23:54,13.06,215490,165,买盘
1074,10:23:57,13.07,2777849,2129,买盘
1075,10:24:00,13.05,69185,53,卖盘
1076,10:24:03,13.05,826438,634,买盘
1077,10:24:06,13.05,35235,27,买盘
1078,10:24:09,13.05,14349,11,买盘
1079,10:24:12,13.05,5220,4,卖盘
1080,10:24:15,13.05,73080,56,卖盘
1081,10:24:18,13.05,187780,144,中性盘
1082,10:24:21,13.05,9135,7,买盘
1083,10:24:24,13.04,109546,84,卖盘
1084,10:24:27,13.05,89978,69,买盘
1085,10:24:30,13.04,32610,25,中性盘
1086,10:24:33,13.04,36512,28,卖盘
1087,10:24:36,13.04,87368,67,卖盘
1088,10:24:39,13.04,109512,84,买盘
1089,10:24:42,13.04,13042,10,卖盘
1090,10:24:45,13.03,108220,83,卖盘
1091,10:24:48,13.03,118605,91,卖盘
1092,10:24:51,13.03,61251,47,卖盘
1093,10:24:54,13.03,63848,49,卖盘
1094,10:24:57,13.03,59938,46,卖盘
1095,10:25:00,13.04,252902,194,买盘
1096,10:25:03,13.04,2608,2,卖盘
1097,10:25:09,13.05,28695,22,买盘
1098,10:25:12,13.04,28688,22,卖盘
1099,10:25:18,13.04,2608,2,卖盘
1100,10:25:21,13.04,40434,31,卖盘
1101,10:25:24,13.05,2610,2,买盘
1102,10:25:27,13.05,203452,156,买盘
1103,10:25:30,13.04,79544,61,卖盘
1104,10:25:33,13.04,52160,40,买盘
1105,10:25:36,13.04,133008,102,买盘
1106,10:25:39,13.05,50868,39,买盘
1107,10:25:42,13.05,18265,14,买盘
1108,10:25:45,13.05,157905,121,买盘
1109,10:25:48,13.04,18266,14,卖盘
1110,10:25:51,13.04,15651,12,卖盘
1111,10:25:54,13.05,33925,26,买盘
1112,10:25:57,13.04,258212,198,卖盘
1113,10:26:00,13.05,2609,2,买盘
1114,10:26:03,13.05,44343,34,买盘
1115,10:26:06,13.05,65250,50,买盘
1116,10:26:09,13.05,73040,56,买盘
1117,10:26:12,13.04,83502,64,卖盘
1118,10:26:15,13.04,24781,19,卖盘
1119,10:26:18,13.05,14350,11,买盘
1120,10:26:21,13.05,40443,31,买盘
1121,10:26:24,13.04,221835,170,卖盘
1122,10:26:27,13.05,13050,10,买盘
1123,10:26:30,13.04,185169,142,卖盘
1124,10:26:33,13.04,69135,53,卖盘
1125,10:26:36,13.04,143448,110,卖盘
1126,10:26:39,13.04,163055,125,卖盘
1127,10:26:42,13.04,48252,37,卖盘
1128,10:26:45,13.05,57420,44,买盘
1129,10:26:48,13.05,88682,68,买盘
1130,10:26:51,13.04,143441,110,卖盘
1131,10:26:54,13.03,303655,233,卖盘
1132,10:26:57,13.04,11736,9,买盘
1133,10:27:00,13.03,225419,173,卖盘
1134,10:27:03,13.03,99028,76,卖盘
1135,10:27:06,13.03,196763,151,卖盘
1136,10:27:09,13.03,679954,522,卖盘
1137,10:27:12,13.03,23448,18,买盘
1138,10:27:15,13.02,57328,44,卖盘
1139,10:27:18,13.02,22134,17,卖盘
1140,10:27:21,13.03,19532,15,买盘
1141,10:27:24,13.03,87252,67,买盘
1142,10:27:27,13.03,212342,163,买盘
1143,10:27:30,13.02,158944,122,卖盘
1144,10:27:33,13.02,369796,284,卖盘
1145,10:27:36,13.02,140618,108,卖盘
1146,10:27:39,13.03,71616,55,买盘
1147,10:27:42,13.02,130215,100,卖盘
1148,10:27:45,13.03,36485,28,买盘
1149,10:27:48,13.03,23454,18,卖盘
1150,10:27:51,13.03,29969,23,卖盘
1151,10:27:54,13.04,134306,103,买盘
1152,10:27:57,13.03,200662,154,卖盘
1153,10:28:00,13.03,13030,10,卖盘
1154,10:28:03,13.03,89941,69,卖盘
1155,10:28:06,13.04,36502,28,买盘
1156,10:28:09,13.04,153851,118,买盘
1157,10:28:15,13.05,873242,669,买盘
1158,10:28:18,13.12,1826888,1396,买盘
1159,10:28:21,13.11,327970,250,卖盘
1160,10:28:24,13.12,44608,34,买盘
1161,10:28:27,13.13,45940,35,买盘
1162,10:28:30,13.14,259976,198,买盘
1163,10:28:33,13.15,231262,176,买盘
1164,10:28:36,13.14,76261,58,卖盘
1165,10:28:39,13.14,74943,57,卖盘
1166,10:28:42,13.15,218282,166,买盘
1167,10:28:45,13.15,21040,16,买盘
1168,10:28:48,13.15,285306,217,买盘
1169,10:28:51,13.16,68382,52,买盘
1170,10:28:54,13.16,267039,203,买盘
1171,10:28:57,13.15,659147,501,卖盘
1172,10:29:00,13.14,291788,222,卖盘
1173,10:29:03,13.15,720563,548,买盘
1174,10:29:06,13.14,112934,86,卖盘
1175,10:29:09,13.14,64420,49,买盘
1176,10:29:12,13.15,155099,118,买盘
1177,10:29:15,13.15,31540,24,买盘
1178,10:29:18,13.15,180138,137,买盘
1179,10:29:21,13.14,184070,140,卖盘
1180,10:29:24,13.14,163043,124,卖盘
1181,10:29:27,13.14,131473,100,卖盘
1182,10:29:30,13.15,424676,323,买盘
1183,10:29:33,13.2,7636784,5793,买盘
1184,10:29:36,13.16,2151436,1630,卖盘
1185,10:29:39,13.2,50128,38,买盘
1186,10:29:42,13.2,236250,179,买盘
1187,10:29:45,13.19,117337,89,中性盘
1188,10:29:48,13.2,196609,149,买盘
1189,10:29:51,13.19,85748,65,买盘
1190,10:29:54,13.19,314083,238,卖盘
1191,10:29:57,13.19,346953,263,卖盘
1192,10:30:00,13.2,333737,253,买盘
1193,10:30:03,13.19,1678996,1272,买盘
1194,10:30:06,13.19,113413,86,卖盘
1195,10:30:09,13.19,614940,466,中性盘
1196,10:30:12,13.19,387777,294,买盘
1197,10:30:15,13.17,184548,140,卖盘
1198,10:30:18,13.18,324585,246,买盘
1199,10:30:21,13.19,114649,87,买盘
1200,10:30:24,13.17,160714,122,卖盘
1201,10:30:27,13.18,61941,47,买盘
1202,10:30:30,13.17,244988,186,卖盘
1203,10:30:33,13.17,68480,52,买盘
1204,10:30:36,13.17,406743,309,买盘
1205,10:30:39,13.17,339775,258,买盘
1206,10:30:42,13.17,40827,31,卖盘
1207,10:30:45,13.17,144856,110,买盘
1208,10:30:48,13.17,176478,134,卖盘
1209,10:30:51,13.17,39511,30,卖盘
1210,10:30:54,13.16,115890,88,卖盘
1211,10:30:57,13.16,96125,73,卖盘
1212,10:31:00,13.16,61878,47,卖盘
1213,10:31:03,13.17,207927,158,买盘
1214,10:31:06,13.15,63162,48,卖盘
1215,10:31:09,13.16,19740,15,中性盘
1216,10:31:12,13.16,9212,7,买盘
1217,10:31:15,13.15,65750,50,卖盘
1218,10:31:18,13.16,36848,28,买盘
1219,10:31:21,13.16,26320,20,买盘
1220,10:31:24,13.16,128968,98,买盘
1221,10:31:27,13.15,846872,644,卖盘
1222,10:31:30,13.15,15780,12,中性盘
1223,10:31:33,13.14,43373,33,卖盘
1224,10:31:36,13.14,189301,144,卖盘
1225,10:31:39,13.14,31541,24,卖盘
1226,10:31:42,13.14,78840,60,卖盘
1227,10:31:45,13.15,164360,125,买盘
1228,10:31:48,13.15,55209,42,买盘
1229,10:31:51,13.14,42060,32,卖盘
1230,10:31:54,13.15,63117,48,买盘
1231,10:31:57,13.16,48678,37,买盘
1232,10:32:00,13.15,13148,10,买盘
1233,10:32:03,13.15,48654,37,买盘
1234,10:32:06,13.15,92050,70,买盘
1235,10:32:09,13.15,23670,18,卖盘
1236,10:32:12,13.15,89420,68,卖盘
1237,10:32:15,13.15,46025,35,卖盘
1238,10:32:18,13.14,126235,96,卖盘
1239,10:32:21,13.15,127546,97,买盘
1240,10:32:24,13.14,197197,150,卖盘
1241,10:32:27,13.15,43395,33,中性盘
1242,10:32:30,13.15,5260,4,卖盘
1243,10:32:33,13.14,21024,16,卖盘
1244,10:32:36,13.15,24975,19,买盘
1245,10:32:39,13.14,7884,6,卖盘
1246,10:32:42,13.15,22347,17,买盘
1247,10:32:48,13.15,113090,86,买盘
1248,10:32:51,13.14,56529,43,卖盘
1249,10:32:54,13.15,64433,49,买盘
1250,10:32:57,13.14,327186,249,卖盘
1251,10:33:00,13.14,193199,147,卖盘
1252,10:33:03,13.14,43363,33,卖盘
1253,10:33:06,13.15,139345,106,买盘
1254,10:33:09,13.14,123516,94,卖盘
1255,10:33:12,13.14,2628,2,买盘
1256,10:33:15,13.14,489801,373,买盘
1257,10:33:18,13.13,679321,517,卖盘
1258,10:33:21,13.13,1313,1,卖盘
1259,10:33:24,13.13,3939,3,卖盘
1260,10:33:27,13.13,52540,40,卖盘
1261,10:33:30,13.14,154972,118,买盘
1262,10:33:33,13.14,93290,71,买盘
1263,10:33:36,13.14,21024,16,买盘
1264,10:33:39,13.14,26280,20,买盘
1265,10:33:42,13.14,26280,20,买盘
1266,10:33:45,13.14,110376,84,买盘
1267,10:33:48,13.14,60436,46,买盘
1268,10:33:51,13.14,32843,25,买盘
1269,10:33:54,13.13,40715,31,卖盘
1270,10:33:57,13.14,40734,31,买盘
1271,10:34:00,13.14,67014,51,卖盘
1272,10:34:03,13.15,159112,121,买盘
1273,10:34:06,13.14,352394,268,卖盘
1274,10:34:09,13.14,69644,53,卖盘
1275,10:34:12,13.14,35478,27,卖盘
1276,10:34:15,13.14,38106,29,买盘
1277,10:34:18,13.14,82782,63,买盘
1278,10:34:21,13.13,21008,16,卖盘
1279,10:34:24,13.14,86697,66,买盘
1280,10:34:27,13.14,34154,26,买盘
1281,10:34:30,13.14,18391,14,买盘
1282,10:34:33,13.14,82777,63,卖盘
1283,10:34:36,13.14,119574,91,卖盘
1284,10:34:39,13.14,73584,56,卖盘
1285,10:34:45,13.14,30234,23,卖盘
1286,10:34:48,13.14,49934,38,卖盘
1287,10:34:51,13.14,148585,113,卖盘
1288,10:34:54,13.15,122237,93,买盘
1289,10:34:57,13.14,145854,111,卖盘
1290,10:35:03,13.13,328258,250,卖盘
1291,10:35:06,13.14,120877,92,买盘
1292,10:35:12,13.13,30199,23,卖盘
1293,10:35:15,13.12,35451,27,卖盘
1294,10:35:18,13.12,47246,36,卖盘
1295,10:35:21,13.12,13120,10,卖盘
1296,10:35:24,13.12,283392,216,卖盘
1297,10:35:27,13.12,7872,6,买盘
1298,10:35:30,13.12,91840,70,买盘
1299,10:35:33,13.11,138971,106,卖盘
1300,10:35:36,13.12,70798,54,买盘
1301,10:35:39,13.11,11799,9,卖盘
1302,10:35:42,13.1,27524,21,卖盘
1303,10:35:45,13.11,30153,23,买盘
1304,10:35:48,13.1,217460,166,卖盘
1305,10:35:51,13.1,9170,7,卖盘
1306,10:35:54,13.1,210925,161,卖盘
1307,10:35:57,13.11,150670,115,买盘
1308,10:36:00,13.11,129788,99,买盘
1309,10:36:03,13.11,49798,38,买盘
1310,10:36:06,13.11,2622,2,买盘
1311,10:36:09,13.12,60348,46,买盘
1312,10:36:12,13.11,58995,45,卖盘
1313,10:36:15,13.12,98400,75,买盘
1314,10:36:18,13.12,53771,41,买盘
1315,10:36:21,13.12,24910,19,买盘
1316,10:36:24,13.11,13110,10,卖盘
1317,10:36:30,13.11,106271,81,卖盘
1318,10:36:33,13.11,74738,57,卖盘
1319,10:36:36,13.11,1311,1,卖盘
1320,10:36:39,13.11,148143,113,卖盘
1321,10:36:42,13.1,229250,175,卖盘
1322,10:36:45,13.1,1310,1,卖盘
1323,10:36:51,13.1,586872,448,卖盘
1324,10:36:57,13.09,17024,13,卖盘
1325,10:37:00,13.09,73309,56,卖盘
1326,10:37:03,13.1,6550,5,买盘
1327,10:37:06,13.09,45820,35,卖盘
1328,10:37:12,13.09,27496,21,卖盘
1329,10:37:15,13.09,26190,20,卖盘
1330,10:37:18,13.1,143994,110,买盘
1331,10:37:21,13.09,54978,42,卖盘
1332,10:37:24,13.1,14407,11,买盘
1333,10:37:27,13.1,308965,236,买盘
1334,10:37:30,13.1,182089,139,买盘
1335,10:37:33,13.1,79909,61,买盘
1336,10:37:36,13.1,30110,23,买盘
1337,10:37:39,13.1,70740,54,买盘
1338,10:37:45,13.1,66824,51,卖盘
1339,10:37:48,13.1,23596,18,卖盘
1340,10:37:51,13.1,6550,5,卖盘
1341,10:37:54,13.1,78604,60,卖盘
1342,10:37:57,13.1,75980,58,卖盘
1343,10:38:00,13.12,1228219,937,买盘
1344,10:38:03,13.1,27510,21,中性盘
1345,10:38:06,13.1,66796,51,买盘
1346,10:38:09,13.12,26233,20,买盘
1347,10:38:12,13.1,3932,3,卖盘
1348,10:38:15,13.12,48540,37,买盘
1349,10:38:21,13.12,30156,23,买盘
1350,10:38:24,13.12,19680,15,买盘
1351,10:38:27,13.12,49854,38,买盘
1352,10:38:30,13.12,23611,18,买盘
1353,10:38:33,13.12,34112,26,买盘
1354,10:38:36,13.12,34112,26,买盘
1355,10:38:39,13.12,80032,61,买盘
1356,10:38:42,13.12,13120,10,卖盘
1357,10:38:45,13.12,17056,13,卖盘
1358,10:38:48,13.12,57752,44,卖盘
1359,10:38:51,13.13,6565,5,买盘
1360,10:38:54,13.12,77408,59,卖盘
1361,10:38:57,13.12,98400,75,买盘
1362,10:39:00,13.12,10496,8,买盘
1363,10:39:03,13.11,34102,26,卖盘
1364,10:39:09,13.11,13110,10,卖盘
1365,10:39:12,13.11,6555,5,卖盘
1366,10:39:15,13.13,17056,13,买盘
1367,10:39:21,13.11,26220,20,卖盘
1368,10:39:24,13.12,7872,6,买盘
1369,10:39:27,13.12,43296,33,买盘
1370,10:39:30,13.12,78720,60,买盘
1371,10:39:33,13.11,65569,50,卖盘
1372,10:39:36,13.11,23608,18,卖盘
1373,10:39:39,13.11,38019,29,卖盘
1374,10:39:42,13.11,11799,9,卖盘
1375,10:39:45,13.12,22304,17,买盘
1376,10:39:48,13.1,554280,423,卖盘
1377,10:39:51,13.11,49818,38,买盘
1378,10:39:54,13.11,9177,7,买盘
1379,10:39:57,13.11,120612,92,买盘
1380,10:40:03,13.12,39360,30,买盘
1381,10:40:06,13.11,7867,6,卖盘
1382,10:40:09,13.11,6555,5,卖盘
1383,10:40:12,13.11,2623,2,卖盘
1384,10:40:15,13.12,18363,14,买盘
1385,10:40:24,13.12,186218,142,买盘
1386,10:40:27,13.12,271584,207,卖盘
1387,10:40:30,13.12,6560,5,买盘
1388,10:40:33,13.13,267669,204,买盘
1389,10:40:36,13.11,31468,24,卖盘
1390,10:40:39,13.13,18376,14,买盘
1391,10:40:42,13.13,55107,42,买盘
1392,10:40:45,13.11,141588,108,卖盘
1393,10:40:48,13.11,10488,8,卖盘
1394,10:40:51,13.12,2624,2,买盘
1395,10:40:54,13.11,102258,78,卖盘
1396,10:40:57,13.11,11799,9,买盘
1397,10:41:00,13.11,40641,31,买盘
1398,10:41:06,13.11,1390433,1062,卖盘
1399,10:41:09,13.09,47129,36,卖盘
1400,10:41:12,13.08,2614870,2002,卖盘
1401,10:41:15,13.05,541195,414,卖盘
1402,10:41:18,13.07,52290,40,中性盘
1403,10:41:21,13.05,7832,6,卖盘
1404,10:41:24,13.07,262323,201,买盘
1405,10:41:30,13.07,2614,2,买盘
1406,10:41:33,13.07,44424,34,买盘
1407,10:41:36,13.06,45715,35,卖盘
1408,10:41:39,13.06,27426,21,买盘
1409,10:41:42,13.09,128183,98,买盘
1410,10:41:45,13.06,131906,101,卖盘
1411,10:41:51,13.06,11754,9,卖盘
1412,10:41:54,13.07,95411,73,卖盘
1413,10:42:00,13.07,1307,1,卖盘
1414,10:42:03,13.07,23529,18,卖盘
1415,10:42:06,13.08,11772,9,买盘
1416,10:42:09,13.07,138542,106,卖盘
1417,10:42:12,13.07,96723,74,卖盘
1418,10:42:15,13.08,173964,133,买盘
1419,10:42:18,13.08,307179,235,买盘
1420,10:42:21,13.08,283560,217,买盘
1421,10:42:24,13.07,100714,77,中性盘
1422,10:42:27,13.07,30060,23,买盘
1423,10:42:30,13.07,36596,28,买盘
1424,10:42:33,13.08,6540,5,买盘
1425,10:42:36,13.08,37919,29,买盘
1426,10:42:39,13.07,117630,90,卖盘
1427,10:42:42,13.07,66658,51,卖盘
1428,10:42:45,13.08,164722,126,买盘
1429,10:42:51,13.08,14388,11,买盘
1430,10:42:54,13.07,134627,103,卖盘
1431,10:42:57,13.07,210427,161,买盘
1432,10:43:00,13.07,5228,4,买盘
1433,10:43:03,13.07,172524,132,买盘
1434,10:43:06,13.07,43131,33,买盘
1435,10:43:09,13.07,50973,39,买盘
1436,10:43:12,13.08,7848,6,买盘
1437,10:43:18,13.07,147693,113,卖盘
1438,10:43:21,13.08,78480,60,买盘
1439,10:43:24,13.08,167314,128,买盘
1440,10:43:27,13.08,43164,33,买盘
1441,10:43:33,13.1,308784,236,买盘
1442,10:43:39,13.08,47085,36,中性盘
1443,10:43:42,13.07,474451,363,卖盘
1444,10:43:45,13.08,5232,4,买盘
1445,10:43:48,13.07,73192,56,卖盘
1446,10:43:51,13.07,26140,20,买盘
1447,10:43:54,13.07,67963,52,买盘
1448,10:43:57,13.07,87530,67,买盘
1449,10:44:00,13.07,44414,34,买盘
1450,10:44:03,13.07,470389,360,买盘
1451,10:44:09,13.07,28754,22,卖盘
1452,10:44:12,13.07,154231,118,卖盘
1453,10:44:15,13.07,848499,649,卖盘
1454,10:44:18,13.07,350190,268,买盘
1455,10:44:21,13.07,90134,69,买盘
1456,10:44:24,13.06,124154,95,卖盘
1457,10:44:27,13.07,10456,8,买盘
1458,10:44:30,13.06,13067,10,卖盘
1459,10:44:33,13.07,6535,5,卖盘
1460,10:44:36,13.07,69300,53,卖盘
1461,10:44:39,13.07,402556,308,买盘
1462,10:44:42,13.06,78460,60,卖盘
1463,10:44:45,13.06,75804,58,卖盘
1464,10:44:48,13.07,23526,18,买盘
1465,10:44:51,13.07,519851,398,买盘
1466,10:44:54,13.07,97954,75,买盘
1467,10:44:57,13.06,84893,65,卖盘
1468,10:45:00,13.06,113703,87,卖盘
1469,10:45:03,13.06,26120,20,卖盘
1470,10:45:06,13.07,158143,121,买盘
1471,10:45:09,13.06,58770,45,卖盘
1472,10:45:12,13.06,181536,139,卖盘
1473,10:45:15,13.06,32658,25,卖盘
1474,10:45:18,13.07,9144,7,买盘
1475,10:45:21,13.06,92735,71,卖盘
1476,10:45:24,13.06,54860,42,卖盘
1477,10:45:27,13.06,33956,26,卖盘
1478,10:45:30,13.06,27426,21,卖盘
1479,10:45:33,13.06,395728,303,卖盘
1480,10:45:36,13.07,3920,3,买盘
1481,10:45:39,13.07,2614,2,买盘
1482,10:45:42,13.07,32675,25,买盘
1483,10:45:45,13.07,32660,25,买盘
1484,10:45:48,13.07,202450,155,买盘
1485,10:45:54,13.07,184157,141,买盘
1486,10:45:57,13.06,86254,66,卖盘
1487,10:46:03,13.06,28734,22,卖盘
1488,10:46:06,13.06,37878,29,卖盘
1489,10:46:09,13.06,11754,9,卖盘
1490,10:46:12,13.06,14376,11,卖盘
1491,10:46:15,13.06,173698,133,卖盘
1492,10:46:18,13.06,223414,171,卖盘
1493,10:46:21,13.07,71881,55,买盘
1494,10:46:24,13.06,65300,50,卖盘
1495,10:46:27,13.05,1864871,1429,卖盘
1496,10:46:30,13.06,71775,55,买盘
1497,10:46:33,13.05,1305,1,中性盘
1498,10:46:36,13.05,36533,28,买盘
1499,10:46:39,13.05,11745,9,买盘
1500,10:46:42,13.05,292227,224,买盘
1501,10:46:45,13.04,61319,47,卖盘
1502,10:46:48,13.05,36540,28,买盘
1503,10:46:51,13.05,165735,127,卖盘
1504,10:46:54,13.05,66548,51,买盘
1505,10:46:57,13.05,15660,12,买盘
1506,10:47:00,13.05,155254,119,买盘
1507,10:47:03,13.04,104351,80,卖盘
1508,10:47:06,13.05,31300,24,买盘
1509,10:47:09,13.04,2608,2,卖盘
1510,10:47:12,13.04,202120,155,卖盘
1511,10:47:15,13.05,9135,7,买盘
1512,10:47:18,13.04,93889,72,卖盘
1513,10:47:21,13.05,61318,47,买盘
1514,10:47:24,13.05,217935,167,买盘
1515,10:47:27,13.05,35235,27,买盘
1516,10:47:30,13.05,11745,9,卖盘
1517,10:47:33,13.05,195750,150,卖盘
1518,10:47:36,13.05,54810,42,卖盘
1519,10:47:39,13.05,26118,20,卖盘
1520,10:47:42,13.06,442550,339,买盘
1521,10:47:48,13.05,50914,39,卖盘
1522,10:47:51,13.06,11754,9,买盘
1523,10:47:54,13.05,291078,223,卖盘
1524,10:47:57,13.05,86105,66,买盘
1525,10:48:00,13.05,3915,3,卖盘
1526,10:48:09,13.06,874715,670,买盘
1527,10:48:12,13.05,141034,108,中性盘
1528,10:48:15,13.04,2134313,1637,卖盘
1529,10:48:18,13.06,142255,109,买盘
1530,10:48:21,13.05,13045,10,中性盘
1531,10:48:24,13.05,107020,82,中性盘
1532,10:48:27,13.05,104393,80,卖盘
1533,10:48:30,13.05,1134912,870,中性盘
1534,10:48:33,13.03,58695,45,卖盘
1535,10:48:36,13.05,60013,46,买盘
1536,10:48:39,13.05,19575,15,买盘
1537,10:48:42,13.03,165484,127,卖盘
1538,10:48:45,13.04,7824,6,买盘
1539,10:48:48,13.03,156370,120,卖盘
1540,10:48:51,13.04,3912,3,买盘
1541,10:48:54,13.03,2212943,1699,卖盘
1542,10:48:57,13.03,24757,19,买盘
1543,10:49:00,13.03,97741,75,卖盘
1544,10:49:03,13.04,99034,76,买盘
1545,10:49:06,13.03,43002,33,中性盘
1546,10:49:09,13.04,170792,131,买盘
1547,10:49:12,13.03,45605,35,卖盘
1548,10:49:15,13.03,153754,118,买盘
1549,10:49:18,13.02,87287,67,卖盘
1550,10:49:21,13.03,22151,17,卖盘
1551,10:49:24,13.04,6520,5,买盘
1552,10:49:27,13.03,27363,21,卖盘
1553,10:49:30,13.04,83431,64,买盘
1554,10:49:33,13.03,33878,26,中性盘
1555,10:49:36,13.03,31272,24,卖盘
1556,10:49:39,13.04,28688,22,买盘
1557,10:49:42,13.03,5213,4,卖盘
1558,10:49:48,13.03,175907,135,卖盘
1559,10:49:51,13.04,91215,70,买盘
1560,10:49:54,13.04,33904,26,买盘
1561,10:50:00,13.03,31286,24,卖盘
1562,10:50:03,13.04,22168,17,买盘
1563,10:50:06,13.02,161552,124,卖盘
1564,10:50:09,13.03,49507,38,中性盘
1565,10:50:12,13.02,153656,118,卖盘
1566,10:50:18,13.02,95046,73,卖盘
1567,10:50:21,13.03,40382,31,买盘
1568,10:50:24,13.03,40373,31,买盘
1569,10:50:27,13.02,32550,25,卖盘
1570,10:50:30,13.03,7813,6,买盘
1571,10:50:36,13.03,32575,25,买盘
1572,10:50:39,13.03,37785,29,买盘
1573,10:50:42,13.02,184887,142,卖盘
1574,10:50:45,13.03,19538,15,买盘
1575,10:50:48,13.02,35154,27,卖盘
1576,10:50:51,13.03,13030,10,买盘
1577,10:50:54,13.03,85943,66,买盘
1578,10:50:57,13.03,6515,5,买盘
1579,10:51:00,12.99,8760095,6736,卖盘
1580,10:51:03,12.98,212906,164,卖盘
1581,10:51:06,12.99,1299,1,买盘
1582,10:51:09,12.98,46763,36,卖盘
1583,10:51:12,12.99,238904,184,买盘
1584,10:51:15,12.98,83074,64,卖盘
1585,10:51:18,12.99,164857,127,买盘
1586,10:51:21,12.98,216785,167,卖盘
1587,10:51:24,12.98,146682,113,卖盘
1588,10:51:27,12.97,170028,131,卖盘
1589,10:51:30,12.97,106404,82,卖盘
1590,10:51:33,12.97,190692,147,卖盘
1591,10:51:36,12.97,124529,96,卖盘
1592,10:51:39,12.97,234757,181,卖盘
1593,10:51:42,12.97,129702,100,卖盘
1594,10:51:45,12.97,229529,177,买盘
1595,10:51:48,12.97,98568,76,买盘
1596,10:51:51,12.96,175016,135,卖盘
1597,10:51:54,12.96,225534,174,卖盘
1598,10:51:57,12.97,102452,79,买盘
1599,10:52:00,12.96,199638,154,卖盘
1600,10:52:03,12.96,242403,187,卖盘
1601,10:52:06,12.96,41472,32,卖盘
1602,10:52:09,12.96,264384,204,卖盘
1603,10:52:12,12.97,73920,57,买盘
1604,10:52:15,12.97,150360,116,买盘
1605,10:52:18,12.97,101159,78,买盘
1606,10:52:21,12.97,16861,13,卖盘
1607,10:52:24,12.97,175115,135,卖盘
1608,10:52:27,12.97,57102,44,卖盘
1609,10:52:30,12.97,140117,108,卖盘
1610,10:52:33,12.98,150527,116,买盘
1611,10:52:36,12.99,440196,339,买盘
1612,10:52:39,12.99,2598,2,买盘
1613,10:52:42,12.98,564345,435,卖盘
1614,10:52:45,12.98,277669,214,买盘
1615,10:52:48,12.98,251822,194,买盘
1616,10:52:51,12.97,214008,165,卖盘
1617,10:52:54,12.97,176344,136,买盘
1618,10:52:57,12.97,132283,102,买盘
1619,10:53:00,12.97,337155,260,中性盘
1620,10:53:03,12.97,128403,99,买盘
1621,10:53:06,12.97,38908,30,买盘
1622,10:53:09,12.98,210255,162,买盘
1623,10:53:12,12.97,299606,231,卖盘
1624,10:53:15,12.97,115433,89,买盘
1625,10:53:18,12.96,158203,122,卖盘
1626,10:53:21,12.97,115380,89,买盘
1627,10:53:24,12.97,15564,12,买盘
1628,10:53:27,12.96,85587,66,卖盘
1629,10:53:30,12.97,36316,28,买盘
1630,10:53:36,12.97,55771,43,买盘
1631,10:53:39,12.97,68730,53,买盘
1632,10:53:42,12.95,1661238,1282,卖盘
1633,10:53:45,12.95,217617,168,卖盘
1634,10:53:48,12.96,261792,202,买盘
1635,10:53:51,12.96,33685,26,买盘
1636,10:53:54,12.95,1024451,791,卖盘
1637,10:53:57,12.95,537458,415,卖盘
1638,10:54:00,12.95,116592,90,卖盘
1639,10:54:03,12.96,478119,369,买盘
1640,10:54:06,12.95,60888,47,卖盘
1641,10:54:09,12.96,134713,104,买盘
1642,10:54:12,12.96,243513,188,买盘
1643,10:54:15,12.95,129555,100,卖盘
1644,10:54:18,12.96,49248,38,中性盘
1645,10:54:21,12.96,37584,29,卖盘
1646,10:54:24,12.96,168558,130,买盘
1647,10:54:27,12.96,9068,7,中性盘
1648,10:54:30,12.97,59647,46,买盘
1649,10:54:33,12.96,57043,44,卖盘
1650,10:54:36,12.97,22049,17,买盘
1651,10:54:39,12.96,1658089,1280,卖盘
1652,10:54:42,12.96,123021,95,买盘
1653,10:54:45,12.95,62190,48,卖盘
1654,10:54:48,12.95,97125,75,买盘
1655,10:54:51,12.94,28469,22,卖盘
1656,10:54:54,12.95,121699,94,买盘
1657,10:54:57,12.95,148924,115,买盘
1658,10:55:00,12.95,16835,13,卖盘
1659,10:55:03,12.96,251295,194,买盘
1660,10:55:06,12.95,290105,224,卖盘
1661,10:55:09,12.96,36288,28,买盘
1662,10:55:12,12.96,178848,138,卖盘
1663,10:55:15,12.96,44064,34,买盘
1664,10:55:18,12.96,27216,21,卖盘
1665,10:55:21,12.97,12970,10,买盘
1666,10:55:24,12.97,138715,107,买盘
1667,10:55:27,12.97,41504,32,买盘
1668,10:55:30,12.96,25938,20,卖盘
1669,10:55:33,12.97,15564,12,卖盘
1670,10:55:36,12.97,24657,19,卖盘
1671,10:55:39,12.98,162191,125,买盘
1672,10:55:42,12.98,1298,1,买盘
1673,10:55:45,12.98,303514,234,买盘
1674,10:55:48,12.97,102492,79,卖盘
1675,10:55:51,12.97,1835038,1412,卖盘
1676,10:55:54,12.97,38902,30,买盘
1677,10:55:57,12.97,29830,23,买盘
1678,10:56:00,12.97,67444,52,买盘
1679,10:56:03,12.97,699666,540,买盘
1680,10:56:06,12.96,120531,93,卖盘
1681,10:56:09,12.95,250033,193,卖盘
1682,10:56:12,12.96,45360,35,买盘
1683,10:56:15,12.96,89424,69,买盘
1684,10:56:18,12.96,243513,188,买盘
1685,10:56:21,12.95,58300,45,卖盘
1686,10:56:24,12.95,141160,109,卖盘
1687,10:56:27,12.95,126910,98,卖盘
1688,10:56:30,12.95,14245,11,卖盘
1689,10:56:33,12.95,151515,117,卖盘
1690,10:56:36,12.96,94537,73,买盘
1691,10:56:39,12.96,79056,61,买盘
1692,10:56:42,12.95,528373,408,卖盘
1693,10:56:45,12.95,69979,54,卖盘
1694,10:56:48,12.96,36265,28,买盘
1695,10:56:51,12.95,1050236,811,卖盘
1696,10:56:54,12.95,40145,31,买盘
1697,10:56:57,12.95,34965,27,买盘
1698,10:57:00,12.95,22015,17,买盘
1699,10:57:03,12.95,207076,160,买盘
1700,10:57:06,12.94,42702,33,卖盘
1701,10:57:09,12.95,112598,87,买盘
1702,10:57:12,12.95,156594,121,买盘
1703,10:57:15,12.95,44029,34,买盘
1704,10:57:18,12.94,43996,34,卖盘
1705,10:57:21,12.94,5177,4,卖盘
1706,10:57:24,12.95,139774,108,买盘
1707,10:57:27,12.95,2590,2,买盘
1708,10:57:30,12.93,699636,541,卖盘
1709,10:57:33,12.94,87992,68,买盘
1710,10:57:36,12.93,20693,16,卖盘
1711,10:57:39,12.95,131985,102,买盘
1712,10:57:42,12.93,193987,150,卖盘
1713,10:57:45,12.93,191368,148,卖盘
1714,10:57:48,12.92,377366,292,卖盘
1715,10:57:51,12.92,117599,91,卖盘
1716,10:57:54,12.93,3879,3,买盘
1717,10:57:57,12.93,108569,84,买盘
1718,10:58:00,12.93,214482,166,买盘
1719,10:58:03,12.92,456141,353,卖盘
1720,10:58:06,12.91,108510,84,卖盘
1721,10:58:09,12.91,161395,125,卖盘
1722,10:58:12,12.91,43899,34,卖盘
1723,10:58:15,12.92,117515,91,买盘
1724,10:58:18,12.92,157547,122,买盘
1725,10:58:21,12.92,307443,238,买盘
1726,10:58:24,12.92,135650,105,卖盘
1727,10:58:27,12.92,87856,68,买盘
1728,10:58:30,12.92,59428,46,卖盘
1729,10:58:33,12.92,86510,67,买盘
1730,10:58:36,12.92,27118,21,买盘
1731,10:58:39,12.93,89151,69,买盘
1732,10:58:45,12.92,192508,149,卖盘
1733,10:58:48,12.92,167948,130,买盘
1734,10:58:51,12.91,211930,164,卖盘
1735,10:58:54,12.91,156252,121,卖盘
1736,10:58:57,12.91,160084,124,卖盘
1737,10:59:00,12.91,27119,21,卖盘
1738,10:59:03,12.91,112324,87,卖盘
1739,10:59:06,12.91,685782,531,卖盘
1740,10:59:09,12.92,206667,160,买盘
1741,10:59:12,12.91,42608,33,卖盘
1742,10:59:15,12.92,83955,65,买盘
1743,10:59:18,12.92,475272,368,卖盘
1744,10:59:21,12.92,270117,209,买盘
1745,10:59:24,12.92,19390,15,卖盘
1746,10:59:27,12.92,19382,15,卖盘
1747,10:59:30,12.93,236543,183,买盘
1748,10:59:33,12.92,205428,159,卖盘
1749,10:59:36,12.92,51680,40,买盘
1750,10:59:39,12.91,134318,104,卖盘
1751,10:59:42,12.92,90412,70,买盘
1752,10:59:45,12.92,325468,252,买盘
1753,10:59:48,12.92,300959,233,买盘
1754,10:59:51,12.92,156230,121,买盘
1755,10:59:54,12.92,107236,83,买盘
1756,10:59:57,12.92,77493,60,买盘
1757,11:00:00,12.92,41344,32,买盘
1758,11:00:03,12.92,36162,28,买盘
1759,11:00:06,12.92,55550,43,卖盘
1760,11:00:09,12.93,40041,31,买盘
1761,11:00:12,12.92,82702,64,卖盘
1762,11:00:15,12.92,46517,36,卖盘
1763,11:00:18,12.93,215814,167,买盘
1764,11:00:24,12.93,90520,70,卖盘
1765,11:00:27,12.94,58230,45,买盘
1766,11:00:33,12.94,68532,53,买盘
1767,11:00:36,12.93,94407,73,卖盘
1768,11:00:39,12.93,82799,64,卖盘
1769,11:00:42,12.94,131959,102,买盘
1770,11:00:45,12.92,232590,180,卖盘
1771,11:00:48,12.93,149983,116,买盘
1772,11:00:51,12.93,62048,48,买盘
1773,11:00:54,12.93,174437,135,买盘
1774,11:00:57,12.93,85336,66,买盘
1775,11:01:00,12.93,27153,21,买盘
1776,11:01:03,12.93,151277,117,买盘
1777,11:01:06,12.93,12930,10,买盘
1778,11:01:09,12.93,25860,20,买盘
1779,11:01:12,12.93,18102,14,买盘
1780,11:01:15,12.93,38790,30,卖盘
1781,11:01:18,12.92,156404,121,卖盘
1782,11:01:21,12.93,19395,15,中性盘
1783,11:01:24,12.93,32325,25,买盘
1784,11:01:27,12.93,31032,24,卖盘
1785,11:01:30,12.94,3882,3,买盘
1786,11:01:33,12.94,1294,1,买盘
1787,11:01:36,12.94,9058,7,买盘
1788,11:01:39,12.94,141033,109,买盘
1789,11:01:42,12.94,187531,145,买盘
1790,11:01:45,12.94,179866,139,买盘
1791,11:01:51,12.95,15533,12,买盘
1792,11:01:54,12.95,89287,69,买盘
1793,11:01:57,12.95,25900,20,买盘
1794,11:02:00,12.95,120435,93,买盘
1795,11:02:03,12.95,305617,236,卖盘
1796,11:02:06,12.95,25900,20,买盘
1797,11:02:09,12.94,47888,37,卖盘
1798,11:02:12,12.95,161778,125,买盘
1799,11:02:15,12.95,42721,33,买盘
1800,11:02:18,12.95,1295,1,买盘
1801,11:02:21,12.94,14243,11,卖盘
1802,11:02:24,12.94,188989,146,卖盘
1803,11:02:27,12.95,163064,126,买盘
1804,11:02:30,12.94,45292,35,卖盘
1805,11:02:33,12.94,415374,321,卖盘
1806,11:02:36,12.94,7764,6,买盘
1807,11:02:39,12.94,29767,23,卖盘
1808,11:02:45,12.94,270557,209,卖盘
1809,11:02:48,12.95,419419,324,买盘
1810,11:02:51,12.95,89355,69,卖盘
1811,11:02:54,12.94,29774,23,卖盘
1812,11:03:00,12.95,7770,6,买盘
1813,11:03:03,12.94,64700,50,卖盘
1814,11:03:06,12.95,3885,3,买盘
1815,11:03:09,12.95,138502,107,买盘
1816,11:03:12,12.94,90584,70,卖盘
1817,11:03:15,12.94,25870,20,买盘
1818,11:03:18,12.94,67285,52,买盘
1819,11:03:21,12.94,604318,467,买盘
1820,11:03:24,12.94,40147,31,卖盘
1821,11:03:27,12.95,58250,45,买盘
1822,11:03:30,12.95,28470,22,买盘
1823,11:03:36,12.95,1295,1,卖盘
1824,11:03:39,12.95,107485,83,卖盘
1825,11:03:45,12.95,54390,42,买盘
1826,11:03:48,12.95,78993,61,买盘
1827,11:03:51,12.95,37555,29,买盘
1828,11:03:54,12.95,108780,84,卖盘
1829,11:03:57,12.96,6480,5,买盘
1830,11:04:00,12.96,77754,60,买盘
1831,11:04:03,12.96,121745,94,买盘
1832,11:04:06,12.96,11664,9,买盘
1833,11:04:09,12.96,11664,9,买盘
1834,11:04:12,12.96,110160,85,买盘
1835,11:04:15,12.95,363895,281,卖盘
1836,11:04:18,12.95,303030,234,买盘
1837,11:04:21,12.95,34965,27,卖盘
1838,11:04:24,12.95,89355,69,卖盘
1839,11:04:27,12.95,55685,43,买盘
1840,11:04:30,12.95,7770,6,卖盘
1841,11:04:42,12.95,7775,6,卖盘
1842,11:04:45,12.95,156695,121,卖盘
1843,11:04:51,12.96,68645,53,买盘
1844,11:04:54,12.96,19440,15,买盘
1845,11:04:57,12.96,27216,21,买盘
1846,11:05:00,12.96,15552,12,买盘
1847,11:05:03,12.95,89355,69,卖盘
1848,11:05:06,12.95,5180,4,卖盘
1849,11:05:09,12.96,14256,11,买盘
1850,11:05:12,12.95,121730,94,卖盘
1851,11:05:15,12.95,28495,22,卖盘
1852,11:05:18,12.95,98420,76,卖盘
1853,11:05:21,12.95,85470,66,卖盘
1854,11:05:24,12.95,45325,35,买盘
1855,11:05:30,12.95,56951,44,买盘
1856,11:05:33,12.95,32375,25,买盘
1857,11:05:36,12.95,6475,5,买盘
1858,11:05:39,12.95,66045,51,买盘
1859,11:05:42,12.95,56980,44,卖盘
1860,11:05:45,12.95,22015,17,买盘
1861,11:05:48,12.95,201906,156,买盘
1862,11:05:51,12.94,55662,43,卖盘
1863,11:05:54,12.94,104814,81,卖盘
1864,11:05:57,12.94,84110,65,卖盘
1865,11:06:00,12.94,1260376,974,卖盘
1866,11:06:03,12.94,715582,553,卖盘
1867,11:06:06,12.93,5172,4,卖盘
1868,11:06:09,12.93,487461,377,卖盘
1869,11:06:12,12.93,6465,5,买盘
1870,11:06:15,12.92,239024,185,卖盘
1871,11:06:18,12.92,31008,24,卖盘
1872,11:06:24,12.92,170559,132,卖盘
1873,11:06:27,12.92,38760,30,卖盘
1874,11:06:30,12.92,64600,50,卖盘
1875,11:06:33,12.92,335920,260,卖盘
1876,11:06:36,12.92,136957,106,卖盘
1877,11:06:39,12.92,1407497,1090,卖盘
1878,11:06:42,12.92,27132,21,买盘
1879,11:06:45,12.92,12920,10,卖盘
1880,11:06:48,12.91,242738,188,卖盘
1881,11:06:51,12.92,19369,15,买盘
1882,11:06:54,12.91,28405,22,卖盘
1883,11:06:57,12.91,111026,86,卖盘
1884,11:07:00,12.91,69714,54,买盘
1885,11:07:03,12.91,19365,15,卖盘
1886,11:07:06,12.92,80073,62,买盘
1887,11:07:12,12.91,205289,159,卖盘
1888,11:07:15,12.91,69714,54,卖盘
1889,11:07:18,12.91,50349,39,买盘
1890,11:07:21,12.9,138060,107,卖盘
1891,11:07:24,12.91,49035,38,买盘
1892,11:07:27,12.9,21931,17,卖盘
1893,11:07:30,12.9,274818,213,卖盘
1894,11:07:33,12.91,33566,26,买盘
1895,11:07:36,12.9,25810,20,卖盘
1896,11:07:39,12.91,59385,46,买盘
1897,11:07:42,12.9,713870,553,卖盘
1898,11:07:45,12.9,46440,36,卖盘
1899,11:07:48,12.91,51640,40,买盘
1900,11:07:51,12.9,9032,7,卖盘
1901,11:07:54,12.91,99407,77,买盘
1902,11:08:00,12.91,12910,10,卖盘
1903,11:08:03,12.91,187196,145,卖盘
1904,11:08:06,12.91,466061,361,卖盘
1905,11:08:09,12.92,21950,17,买盘
1906,11:08:12,12.91,96828,75,卖盘
1907,11:08:15,12.9,70950,55,卖盘
1908,11:08:18,12.91,30976,24,买盘
1909,11:08:21,12.91,20656,16,买盘
1910,11:08:24,12.91,174276,135,买盘
1911,11:08:27,12.9,27106,21,卖盘
1912,11:08:33,12.91,6454,5,买盘
1913,11:08:36,12.91,34857,27,买盘
1914,11:08:39,12.9,50330,39,卖盘
1915,11:08:42,12.91,72287,56,买盘
1916,11:08:45,12.9,2581,2,卖盘
1917,11:08:48,12.9,19363,15,卖盘
1918,11:08:51,12.9,25805,20,卖盘
1919,11:08:54,12.9,23233,18,卖盘
1920,11:08:57,12.91,51640,40,买盘
1921,11:09:00,12.91,6455,5,卖盘
1922,11:09:03,12.91,36148,28,卖盘
1923,11:09:06,12.91,72296,56,买盘
1924,11:09:09,12.9,24528,19,卖盘
1925,11:09:12,12.91,12910,10,买盘
1926,11:09:15,12.9,73580,57,卖盘
1927,11:09:18,12.9,3872,3,卖盘
1928,11:09:21,12.9,282718,219,卖盘
1929,11:09:24,12.91,140705,109,买盘
1930,11:09:27,12.91,143216,111,卖盘
1931,11:09:33,12.91,193654,150,买盘
1932,11:09:36,12.91,374590,290,卖盘
1933,11:09:39,12.91,34874,27,卖盘
1934,11:09:42,12.92,63269,49,买盘
1935,11:09:45,12.92,12920,10,买盘
1936,11:09:48,12.92,29716,23,买盘
1937,11:09:51,12.92,10336,8,买盘
1938,11:09:57,12.93,21981,17,买盘
1939,11:10:03,12.93,99561,77,买盘
1940,11:10:09,12.93,1293,1,卖盘
1941,11:10:12,12.94,89241,69,买盘
1942,11:10:15,12.93,151322,117,卖盘
1943,11:10:18,12.93,139636,108,买盘
1944,11:10:21,12.93,142230,110,卖盘
1945,11:10:27,12.94,3882,3,买盘
1946,11:10:33,12.94,12931,10,买盘
1947,11:10:36,12.94,194023,150,买盘
1948,11:10:39,12.94,65994,51,买盘
1949,11:10:42,12.94,156574,121,买盘
1950,11:10:45,12.94,3882,3,买盘
1951,11:10:48,12.94,153981,119,买盘
1952,11:10:51,12.94,139744,108,卖盘
1953,11:10:54,12.94,11646,9,卖盘
1954,11:11:00,12.94,9058,7,卖盘
1955,11:11:03,12.95,32351,25,买盘
1956,11:11:06,12.95,1295,1,买盘
1957,11:11:09,12.95,27195,21,买盘
1958,11:11:12,12.95,23310,18,买盘
1959,11:11:15,12.95,54355,42,买盘
1960,11:11:18,12.95,16835,13,买盘
1961,11:11:21,12.95,45325,35,买盘
1962,11:11:24,12.95,11655,9,买盘
1963,11:11:27,12.95,341880,264,买盘
1964,11:11:30,12.95,155400,120,卖盘
1965,11:11:33,12.95,66045,51,卖盘
1966,11:11:36,12.95,9065,7,买盘
1967,11:11:39,12.95,44030,34,买盘
1968,11:11:42,12.95,1295,1,卖盘
1969,11:11:45,12.96,27204,21,买盘
1970,11:11:48,12.95,1295,1,卖盘
1971,11:11:51,12.95,94535,73,卖盘
1972,11:11:54,12.94,40137,31,卖盘
1973,11:11:57,12.95,9065,7,买盘
1974,11:12:00,12.95,46620,36,买盘
1975,11:12:03,12.95,56946,44,买盘
1976,11:12:06,12.95,2590,2,买盘
1977,11:12:09,12.94,47900,37,卖盘
1978,11:12:12,12.94,142340,110,卖盘
1979,11:12:18,12.93,42672,33,卖盘
1980,11:12:21,12.94,54348,42,买盘
1981,11:12:24,12.93,19395,15,卖盘
1982,11:12:27,12.94,51728,40,买盘
1983,11:12:30,12.93,47841,37,卖盘
1984,11:12:39,12.94,5176,4,买盘
1985,11:12:42,12.93,146194,113,卖盘
1986,11:12:45,12.94,42682,33,买盘
1987,11:12:48,12.93,7763,6,卖盘
1988,11:12:51,12.93,90565,70,卖盘
1989,11:12:54,12.93,333545,258,卖盘
1990,11:12:57,12.93,29739,23,买盘
1991,11:13:00,12.92,9049,7,卖盘
1992,11:13:03,12.93,16809,13,买盘
1993,11:13:06,12.92,29716,23,卖盘
1994,11:13:09,12.93,6464,5,买盘
1995,11:13:12,12.93,19381,15,买盘
1996,11:13:15,12.93,34900,27,买盘
1997,11:13:18,12.92,20672,16,卖盘
1998,11:13:21,12.93,46519,36,买盘
1999,11:13:24,12.93,143514,111,买盘
2000,11:13:30,12.95,441240,341,买盘
2001,11:13:33,12.95,7770,6,卖盘
2002,11:13:36,12.96,15543,12,买盘
2003,11:13:39,12.95,132151,102,卖盘
2004,11:13:42,12.96,1296,1,买盘
2005,11:13:48,12.95,19425,15,卖盘
2006,11:13:51,12.96,29808,23,买盘
2007,11:13:54,12.96,69984,54,买盘
2008,11:13:57,12.95,24620,19,卖盘
2009,11:14:00,12.96,93270,72,买盘
2010,11:14:03,12.96,34992,27,买盘
2011,11:14:12,12.96,3888,3,买盘
2012,11:14:15,12.96,1296,1,买盘
2013,11:14:18,12.96,22032,17,买盘
2014,11:14:21,12.97,53120,41,买盘
2015,11:14:24,12.96,25920,20,卖盘
2016,11:14:30,12.96,23334,18,卖盘
2017,11:14:36,12.97,3889,3,买盘
2018,11:14:39,12.97,1297,1,买盘
2019,11:14:42,12.97,36316,28,买盘
2020,11:14:48,12.97,71335,55,买盘
2021,11:14:54,12.98,6490,5,买盘
2022,11:15:00,12.98,106436,82,买盘
2023,11:15:03,12.98,485295,374,买盘
2024,11:15:06,12.98,16874,13,卖盘
2025,11:15:09,12.98,110284,85,买盘
2026,11:15:12,12.98,14277,11,买盘
2027,11:15:15,12.98,12980,10,买盘
2028,11:15:18,12.97,66152,51,卖盘
2029,11:15:21,12.98,53199,41,买盘
2030,11:15:24,12.97,84305,65,卖盘
2031,11:15:27,12.98,35027,27,买盘
2032,11:15:30,12.98,27239,21,买盘
2033,11:15:33,12.97,53179,41,卖盘
2034,11:15:36,12.97,22049,17,买盘
2035,11:15:39,12.97,11673,9,卖盘
2036,11:15:42,12.97,25940,20,卖盘
2037,11:15:45,12.97,36316,28,卖盘
2038,11:15:48,12.97,29831,23,卖盘
2039,11:15:51,12.96,24631,19,卖盘
2040,11:16:00,12.96,12960,10,卖盘
2041,11:16:03,12.96,44064,34,卖盘
2042,11:16:09,12.96,2592,2,卖盘
2043,11:16:15,12.96,6481,5,卖盘
2044,11:16:18,12.97,11673,9,买盘
2045,11:16:27,12.96,7780,6,卖盘
2046,11:16:30,12.97,7782,6,买盘
2047,11:16:33,12.97,33722,26,买盘
2048,11:16:36,12.97,10376,8,买盘
2049,11:16:45,12.97,25940,20,买盘
2050,11:16:51,12.97,67444,52,买盘
2051,11:16:57,12.97,7782,6,买盘
2052,11:17:00,12.97,195847,151,买盘
2053,11:17:06,12.97,64850,50,卖盘
2054,11:17:09,12.98,37623,29,买盘
2055,11:17:18,12.97,37613,29,卖盘
2056,11:17:21,12.98,183018,141,买盘
2057,11:17:24,12.98,29854,23,买盘
2058,11:17:27,12.98,15576,12,卖盘
2059,11:17:30,12.99,27279,21,买盘
2060,11:17:33,12.99,49332,38,买盘
2061,11:17:36,12.98,101284,78,卖盘
2062,11:17:42,12.98,380597,293,卖盘
2063,11:17:48,12.98,44142,34,卖盘
2064,11:17:51,12.98,18172,14,卖盘
2065,11:17:54,12.99,205242,158,买盘
2066,11:17:57,13.0,6500,5,买盘
2067,11:18:00,13.0,106600,82,买盘
2068,11:18:03,13.0,500302,385,买盘
2069,11:18:06,12.98,42845,33,卖盘
2070,11:18:09,12.99,44139,34,中性盘
2071,11:18:12,13.0,5200,4,买盘
2072,11:18:15,12.99,12990,10,中性盘
2073,11:18:18,12.98,542567,418,卖盘
2074,11:18:24,12.98,42837,33,中性盘
2075,11:18:27,12.98,29865,23,中性盘
2076,11:18:30,12.99,124582,96,买盘
2077,11:18:36,12.97,12979,10,卖盘
2078,11:18:39,12.97,129702,100,卖盘
2079,11:18:42,12.99,529933,408,买盘
2080,11:18:45,12.97,44098,34,卖盘
2081,11:18:54,12.98,124608,96,买盘
2082,11:18:57,12.97,6485,5,卖盘
2083,11:19:00,12.97,137482,106,卖盘
2084,11:19:03,12.98,12980,10,买盘
2085,11:19:09,12.98,19464,15,买盘
2086,11:19:12,12.98,1298,1,卖盘
2087,11:19:15,12.98,2596,2,卖盘
2088,11:19:18,12.99,3897,3,买盘
2089,11:19:21,12.99,19474,15,买盘
2090,11:19:24,12.99,35073,27,买盘
2091,11:19:27,12.99,2598,2,卖盘
2092,11:19:33,12.99,83136,64,买盘
2093,11:19:36,12.99,2598,2,买盘
2094,11:19:39,12.99,37671,29,买盘
2095,11:19:42,12.99,7794,6,买盘
2096,11:19:48,12.99,390949,301,买盘
2097,11:19:57,12.99,32475,25,卖盘
2098,11:20:00,12.99,155960,120,卖盘
2099,11:20:03,12.99,62372,48,卖盘
2100,11:20:06,13.0,2600,2,买盘
2101,11:20:09,13.0,19500,15,买盘
2102,11:20:15,13.0,16900,13,卖盘
2103,11:20:18,12.99,65001,50,卖盘
2104,11:20:21,12.99,36412,28,卖盘
2105,11:20:24,12.99,80505,62,卖盘
2106,11:20:27,13.0,126029,97,买盘
2107,11:20:33,12.99,1299,1,买盘
2108,11:20:36,12.98,120753,93,卖盘
2109,11:20:39,12.98,36344,28,卖盘
2110,11:20:42,13.0,76640,59,买盘
2111,11:20:45,12.98,66238,51,卖盘
2112,11:20:51,12.99,14289,11,买盘
2113,11:20:57,12.99,12990,10,买盘
2114,11:21:00,12.99,149385,115,买盘
2115,11:21:03,12.99,412803,318,中性盘
2116,11:21:09,12.97,15565,12,卖盘
2117,11:21:12,12.98,70042,54,中性盘
2118,11:21:15,12.98,6490,5,中性盘
2119,11:21:18,12.97,25940,20,卖盘
2120,11:21:21,12.99,20135,16,买盘
2121,11:21:30,12.99,9093,7,买盘
2122,11:21:33,12.97,64850,50,卖盘
2123,11:21:36,12.98,1298,1,买盘
2124,11:21:42,12.98,285973,220,买盘
2125,11:21:45,12.97,305000,235,中性盘
2126,11:21:48,12.97,14267,11,买盘
2127,11:21:51,12.98,40217,31,买盘
2128,11:21:57,12.97,25940,20,卖盘
2129,11:22:00,12.97,22049,17,卖盘
2130,11:22:03,12.97,2594,2,卖盘
2131,11:22:06,12.97,29831,23,卖盘
2132,11:22:09,12.97,12970,10,买盘
2133,11:22:12,12.96,6484,5,卖盘
2134,11:22:15,12.96,3888,3,卖盘
2135,11:22:24,12.96,45361,35,卖盘
2136,11:22:27,12.97,19445,15,买盘
2137,11:22:30,12.97,2594,2,买盘
2138,11:22:33,12.97,12970,10,买盘
2139,11:22:39,12.96,22032,17,卖盘
2140,11:22:45,12.96,9072,7,卖盘
2141,11:22:48,12.96,137381,106,卖盘
2142,11:23:00,12.96,7776,6,卖盘
2143,11:23:03,12.96,11664,9,卖盘
2144,11:23:09,12.96,7776,6,卖盘
2145,11:23:24,12.96,7776,6,卖盘
2146,11:23:27,12.96,3888,3,卖盘
2147,11:23:33,12.96,31104,24,卖盘
2148,11:23:39,12.96,1296,1,卖盘
2149,11:23:42,12.97,3891,3,买盘
2150,11:23:45,12.96,5184,4,卖盘
2151,11:23:48,12.97,44079,34,买盘
2152,11:23:51,12.96,141264,109,卖盘
2153,11:23:57,12.96,36296,28,卖盘
2154,11:24:03,12.96,7776,6,卖盘
2155,11:24:06,12.96,16857,13,卖盘
2156,11:24:09,12.96,217728,168,卖盘
2157,11:24:12,12.96,18149,14,卖盘
2158,11:24:18,12.96,146448,113,卖盘
2159,11:24:24,12.96,20736,16,买盘
2160,11:24:30,12.95,31090,24,卖盘
2161,11:24:36,12.96,77760,60,买盘
2162,11:24:39,12.95,5180,4,卖盘
2163,11:24:42,12.96,145152,112,买盘
2164,11:24:45,12.95,25900,20,卖盘
2165,11:24:48,12.95,348355,269,卖盘
2166,11:24:51,12.95,257861,199,卖盘
2167,11:24:54,12.95,165760,128,卖盘
2168,11:24:57,12.97,202239,156,买盘
2169,11:25:00,12.95,69950,54,卖盘
2170,11:25:03,12.95,34965,27,卖盘
2171,11:25:06,12.95,247423,191,卖盘
2172,11:25:15,12.97,6485,5,买盘
2173,11:25:18,12.96,38880,30,卖盘
2174,11:25:21,12.98,19459,15,买盘
2175,11:25:27,12.97,18158,14,买盘
2176,11:25:30,12.97,7782,6,买盘
2177,11:25:36,12.97,1297,1,卖盘
2178,11:25:39,12.97,11673,9,卖盘
2179,11:25:42,12.97,1297,1,中性盘
2180,11:25:48,12.97,6485,5,买盘
2181,11:25:51,12.96,12964,10,卖盘
2182,11:25:54,12.96,132237,102,卖盘
2183,11:25:57,12.97,1297,1,买盘
2184,11:26:00,12.96,3888,3,卖盘
2185,11:26:03,12.96,5184,4,卖盘
2186,11:26:12,12.96,5184,4,买盘
2187,11:26:15,12.96,101043,78,买盘
2188,11:26:18,12.96,16842,13,买盘
2189,11:26:24,12.96,97126,75,买盘
2190,11:26:27,12.95,24605,19,卖盘
2191,11:26:30,12.96,2592,2,买盘
2192,11:26:33,12.95,77739,60,卖盘
2193,11:26:36,12.96,10368,8,买盘
2194,11:26:39,12.95,15540,12,卖盘
2195,11:26:42,12.95,33670,26,卖盘
2196,11:26:45,12.95,12950,10,卖盘
2197,11:26:51,12.96,20726,16,买盘
2198,11:26:54,12.96,9072,7,买盘
2199,11:27:00,12.95,6475,5,卖盘
2200,11:27:03,12.95,178710,138,卖盘
2201,11:27:06,12.95,22015,17,卖盘
2202,11:27:09,12.96,25915,20,买盘
2203,11:27:12,12.96,27200,21,买盘
2204,11:27:21,12.96,63504,49,买盘
2205,11:27:24,12.95,1295,1,卖盘
2206,11:27:27,12.95,6475,5,卖盘
2207,11:27:30,12.95,9065,7,卖盘
2208,11:27:36,12.95,33670,26,卖盘
2209,11:27:39,12.96,25920,20,买盘
2210,11:27:42,12.95,7770,6,卖盘
2211,11:27:45,12.95,25900,20,卖盘
2212,11:27:48,12.95,5180,4,卖盘
2213,11:27:54,12.95,33670,26,卖盘
2214,11:27:57,12.95,18130,14,卖盘
2215,11:28:00,12.95,7770,6,卖盘
2216,11:28:06,12.96,34985,27,买盘
2217,11:28:09,12.95,7770,6,卖盘
2218,11:28:12,12.96,11656,9,买盘
2219,11:28:18,12.95,51800,40,卖盘
2220,11:28:21,12.96,185328,143,买盘
2221,11:28:24,12.95,34981,27,卖盘
2222,11:28:30,12.95,132170,102,卖盘
2223,11:28:33,12.96,25903,20,买盘
2224,11:28:42,12.95,99786,77,卖盘
2225,11:28:51,12.96,25920,20,买盘
2226,11:28:57,12.96,1296,1,买盘
2227,11:29:00,12.96,10368,8,买盘
2228,11:29:03,12.96,49248,38,买盘
2229,11:29:09,12.96,9072,7,卖盘
2230,11:29:12,12.96,5184,4,卖盘
2231,11:29:15,12.96,2592,2,卖盘
2232,11:29:21,12.96,33696,26,买盘
2233,11:29:27,12.95,16840,13,卖盘
2234,11:29:39,12.95,181300,140,卖盘
2235,11:29:42,12.95,64750,50,卖盘
2236,11:29:45,12.96,47919,37,买盘
2237,11:29:48,12.95,19430,15,卖盘
2238,11:29:51,12.95,148928,115,卖盘
2239,11:29:54,12.96,69983,54,买盘
2240,11:29:57,12.96,24610,19,买盘
2241,11:30:00,12.96,1296,1,买盘
2242,13:00:00,12.96,541549,418,买盘
2243,13:00:03,12.96,1083559,836,卖盘
2244,13:00:06,12.95,134728,104,卖盘
2245,13:00:09,12.96,66051,51,买盘
2246,13:00:12,12.95,5180,4,中性盘
2247,13:00:15,12.94,19410,15,卖盘
2248,13:00:18,12.94,15534,12,卖盘
2249,13:00:21,12.94,42710,33,卖盘
2250,13:00:24,12.94,15528,12,卖盘
2251,13:00:27,12.94,16822,13,卖盘
2252,13:00:30,12.94,16822,13,卖盘
2253,13:00:33,12.94,15531,12,卖盘
2254,13:00:36,12.94,81522,63,卖盘
2255,13:00:39,12.94,1294,1,卖盘
2256,13:00:42,12.95,5179,4,买盘
2257,13:00:45,12.94,3882,3,卖盘
2258,13:00:48,12.94,7764,6,卖盘
2259,13:00:51,12.94,5176,4,卖盘
2260,13:00:54,12.94,284680,220,卖盘
2261,13:01:00,12.94,16822,13,卖盘
2262,13:01:03,12.94,2588,2,卖盘
2263,13:01:06,12.94,102226,79,卖盘
2264,13:01:09,12.94,16822,13,卖盘
2265,13:01:12,12.94,22008,17,卖盘
2266,13:01:18,12.95,230410,178,买盘
2267,13:01:21,12.94,64700,50,卖盘
2268,13:01:27,12.94,36232,28,卖盘
2269,13:01:30,12.95,160474,124,买盘
2270,13:01:33,12.94,5176,4,卖盘
2271,13:01:36,12.94,58260,45,卖盘
2272,13:01:39,12.94,38820,30,卖盘
2273,13:01:45,12.94,19410,15,买盘
2274,13:01:48,12.94,18116,14,买盘
2275,13:01:51,12.94,362049,280,买盘
2276,13:01:54,12.94,54318,42,买盘
2277,13:01:57,12.94,25874,20,买盘
2278,13:02:00,12.94,1294,1,买盘
2279,13:02:03,12.94,19408,15,买盘
2280,13:02:06,12.94,2588,2,买盘
2281,13:02:09,12.94,6470,5,买盘
2282,13:02:12,12.93,438327,339,卖盘
2283,13:02:21,12.93,12930,10,买盘
2284,13:02:24,12.92,80106,62,卖盘
2285,13:02:27,12.92,148588,115,卖盘
2286,13:02:33,12.92,15504,12,卖盘
2287,13:02:36,12.92,11628,9,卖盘
2288,13:02:39,12.92,288116,223,卖盘
2289,13:02:42,12.92,23266,18,卖盘
2290,13:02:48,12.93,2586,2,买盘
2291,13:02:51,12.92,111112,86,卖盘
2292,13:02:54,12.92,64607,50,卖盘
2293,13:02:57,12.93,21980,17,买盘
2294,13:03:00,12.92,12920,10,卖盘
2295,13:03:03,12.93,175770,136,买盘
2296,13:03:06,12.93,6465,5,买盘
2297,13:03:09,12.92,86564,67,卖盘
2298,13:03:12,12.93,38769,30,买盘
2299,13:03:15,12.93,43949,34,卖盘
2300,13:03:18,12.92,47820,37,卖盘
2301,13:03:21,12.93,12930,10,买盘
2302,13:03:27,12.92,58157,45,卖盘
2303,13:03:30,12.92,7752,6,卖盘
2304,13:03:33,12.93,3879,3,买盘
2305,13:03:36,12.93,29729,23,买盘
2306,13:03:39,12.93,9051,7,买盘
2307,13:03:48,12.92,5168,4,卖盘
2308,13:03:54,12.92,28431,22,卖盘
2309,13:03:57,12.92,683468,529,卖盘
2310,13:04:00,12.92,36176,28,卖盘
2311,13:04:03,12.92,38762,30,卖盘
2312,13:04:09,12.92,31008,24,买盘
2313,13:04:12,12.93,104658,81,买盘
2314,13:04:15,12.92,28424,22,卖盘
2315,13:04:21,12.91,1291406,1000,卖盘
2316,13:04:27,12.92,6460,5,买盘
2317,13:04:30,12.91,123936,96,卖盘
2318,13:04:33,12.91,15492,12,卖盘
2319,13:04:36,12.91,5164,4,卖盘
2320,13:04:39,12.91,6455,5,卖盘
2321,13:04:42,12.91,15492,12,卖盘
2322,13:04:45,12.91,42603,33,卖盘
2323,13:04:48,12.92,54264,42,买盘
2324,13:04:51,12.92,14203,11,买盘
2325,13:04:54,12.91,21947,17,卖盘
2326,13:04:57,12.92,24548,19,买盘
2327,13:05:00,12.92,1292,1,买盘
2328,13:05:03,12.91,69762,54,卖盘
2329,13:05:06,12.91,68423,53,卖盘
2330,13:05:09,12.92,73629,57,买盘
2331,13:05:12,12.91,19365,15,卖盘
2332,13:05:15,12.91,18087,14,卖盘
2333,13:05:18,12.91,16783,13,卖盘
2334,13:05:21,12.91,16788,13,卖盘
2335,13:05:24,12.91,19365,15,卖盘
2336,13:05:27,12.91,99407,77,卖盘
2337,13:05:33,12.91,41332,32,卖盘
2338,13:05:36,12.91,1291,1,卖盘
2339,13:05:42,12.92,12920,10,买盘
2340,13:05:45,12.91,118792,92,卖盘
2341,13:05:48,12.92,2584,2,买盘
2342,13:05:51,12.92,33584,26,买盘
2343,13:05:54,12.92,76179,59,买盘
2344,13:05:57,12.91,82663,64,卖盘
2345,13:06:00,12.92,12920,10,买盘
2346,13:06:03,12.91,15493,12,卖盘
2347,13:06:06,12.91,15494,12,卖盘
2348,13:06:09,12.91,32280,25,卖盘
2349,13:06:12,12.91,197532,153,卖盘
2350,13:06:15,12.92,1292,1,买盘
2351,13:06:21,12.92,16796,13,买盘
2352,13:06:24,12.92,3875,3,买盘
2353,13:06:27,12.91,1344003,1041,卖盘
2354,13:06:30,12.92,33592,26,买盘
2355,13:06:33,12.92,27132,21,卖盘
2356,13:06:36,12.93,259850,201,买盘
2357,13:06:42,12.94,177158,137,买盘
2358,13:06:45,12.93,412468,319,卖盘
2359,13:06:48,12.93,41381,32,卖盘
2360,13:06:51,12.94,33620,26,买盘
2361,13:06:54,12.94,60805,47,买盘
2362,13:06:57,12.93,25861,20,卖盘
2363,13:07:00,12.94,144927,112,买盘
2364,13:07:03,12.94,179866,139,买盘
2365,13:07:12,12.94,15528,12,卖盘
2366,13:07:15,12.94,151498,117,卖盘
2367,13:07:18,12.95,115255,89,买盘
2368,13:07:21,12.94,78935,61,卖盘
2369,13:07:27,12.95,23310,18,买盘
2370,13:07:30,12.95,12950,10,买盘
2371,13:07:33,12.95,34965,27,买盘
2372,13:07:36,12.95,104895,81,买盘
2373,13:07:39,12.95,2590,2,买盘
2374,13:07:42,12.94,273040,211,卖盘
2375,13:07:45,12.95,191570,148,买盘
2376,13:07:51,12.94,51760,40,买盘
2377,13:07:54,12.94,11646,9,买盘
2378,13:07:57,12.94,29762,23,买盘
2379,13:08:00,12.94,12940,10,买盘
2380,13:08:03,12.93,85390,66,卖盘
2381,13:08:06,12.94,49172,38,中性盘
2382,13:08:09,12.93,6465,5,卖盘
2383,13:08:12,12.95,16827,13,买盘
2384,13:08:15,12.94,27174,21,卖盘
2385,13:08:18,12.94,6470,5,卖盘
2386,13:08:21,12.95,2589,2,买盘
2387,13:08:24,12.95,25900,20,买盘
2388,13:08:33,12.94,9058,7,卖盘
2389,13:08:36,12.95,6475,5,买盘
2390,13:08:39,12.94,63430,49,卖盘
2391,13:08:42,12.95,1295,1,买盘
2392,13:08:45,12.94,12940,10,卖盘
2393,13:08:48,12.95,11648,9,买盘
2394,13:08:51,12.95,6475,5,买盘
2395,13:08:54,12.95,12950,10,买盘
2396,13:08:57,12.94,7764,6,卖盘
2397,13:09:00,12.95,1295,1,买盘
2398,13:09:03,12.94,2588,2,卖盘
2399,13:09:06,12.94,1294,1,卖盘
2400,13:09:12,12.94,1294,1,卖盘
2401,13:09:15,12.95,33670,26,买盘
2402,13:09:18,12.95,45309,35,买盘
2403,13:09:21,12.94,24592,19,卖盘
2404,13:09:24,12.94,6470,5,卖盘
2405,13:09:27,12.95,9065,7,买盘
2406,13:09:30,12.94,3882,3,卖盘
2407,13:09:33,12.94,25885,20,卖盘
2408,13:09:36,12.94,24604,19,卖盘
2409,13:09:39,12.94,359720,278,卖盘
2410,13:09:42,12.94,7764,6,买盘
2411,13:09:45,12.94,9058,7,买盘
2412,13:09:48,12.93,12930,10,卖盘
2413,13:09:51,12.93,7761,6,卖盘
2414,13:09:54,12.94,51740,40,买盘
2415,13:09:57,12.94,12940,10,买盘
2416,13:10:00,12.94,45290,35,买盘
2417,13:10:03,12.94,19404,15,买盘
2418,13:10:06,12.94,6470,5,买盘
2419,13:10:09,12.94,12940,10,买盘
2420,13:10:12,12.94,3882,3,买盘
2421,13:10:15,12.94,1294,1,买盘
2422,13:10:18,12.94,3882,3,买盘
2423,13:10:21,12.94,25867,20,买盘
2424,13:10:24,12.94,38820,30,买盘
2425,13:10:27,12.93,1293,1,卖盘
2426,13:10:30,12.93,6465,5,卖盘
2427,13:10:36,12.94,25880,20,买盘
2428,13:10:39,12.94,1294,1,买盘
2429,13:10:42,12.94,681938,527,买盘
2430,13:10:45,12.93,15517,12,卖盘
2431,13:10:48,12.94,128046,99,买盘
2432,13:10:51,12.94,3882,3,买盘
2433,13:10:54,12.93,3879,3,卖盘
2434,13:10:57,12.94,77640,60,买盘
2435,13:11:00,12.93,144848,112,卖盘
2436,13:11:03,12.94,32337,25,买盘
2437,13:11:15,12.94,6470,5,卖盘
2438,13:11:18,12.94,6470,5,卖盘
2439,13:11:21,12.95,1295,1,买盘
2440,13:11:24,12.94,42722,33,卖盘
2441,13:11:27,12.95,64750,50,买盘
2442,13:11:33,12.94,9058,7,卖盘
2443,13:11:39,12.95,93174,72,买盘
2444,13:11:42,12.94,247155,191,卖盘
2445,13:11:45,12.94,49203,38,卖盘
2446,13:11:57,12.94,72416,56,买盘
2447,13:12:00,12.94,64698,50,买盘
2448,13:12:03,12.93,36216,28,卖盘
2449,13:12:06,12.94,135870,105,买盘
2450,13:12:09,12.94,51745,40,买盘
2451,13:12:12,12.94,38820,30,买盘
2452,13:12:15,12.94,16809,13,买盘
2453,13:12:18,12.94,9068,7,卖盘
2454,13:12:21,12.94,1294,1,买盘
2455,13:12:24,12.94,56926,44,买盘
2456,13:12:27,12.93,1061573,821,卖盘
2457,13:12:30,12.93,69822,54,卖盘
2458,13:12:33,12.93,10344,8,买盘
2459,13:12:36,12.92,18101,14,卖盘
2460,13:12:42,12.92,405694,314,卖盘
2461,13:12:45,12.92,112404,87,卖盘
2462,13:12:48,12.93,32320,25,买盘
2463,13:12:51,12.92,5168,4,卖盘
2464,13:12:54,12.92,20672,16,卖盘
2465,13:12:57,12.92,21964,17,卖盘
2466,13:13:00,12.93,16797,13,买盘
2467,13:13:03,12.92,169252,131,卖盘
2468,13:13:06,12.92,5168,4,卖盘
2469,13:13:09,12.92,73654,57,卖盘
2470,13:13:12,12.92,28424,22,卖盘
2471,13:13:15,12.92,93024,72,卖盘
2472,13:13:21,12.93,14215,11,买盘
2473,13:13:24,12.92,135700,105,卖盘
2474,13:13:27,12.91,113665,88,卖盘
2475,13:13:30,12.92,34906,27,中性盘
2476,13:13:33,12.92,3876,3,买盘
2477,13:13:36,12.92,25851,20,买盘
2478,13:13:39,12.92,20672,16,卖盘
2479,13:13:42,12.92,68477,53,卖盘
2480,13:13:45,12.93,2586,2,买盘
2481,13:13:48,12.93,41376,32,买盘
2482,13:13:54,12.93,274116,212,买盘
2483,13:13:57,12.93,15516,12,卖盘
2484,13:14:00,12.93,5169,4,买盘
2485,13:14:03,12.92,32300,25,卖盘
2486,13:14:06,12.93,31011,24,中性盘
2487,13:14:09,12.92,118864,92,卖盘
2488,13:14:12,12.92,41344,32,卖盘
2489,13:14:15,12.93,84020,65,买盘
2490,13:14:18,12.92,38762,30,卖盘
2491,13:14:21,12.92,7753,6,卖盘
2492,13:14:24,12.92,18088,14,卖盘
2493,13:14:27,12.92,1292,1,卖盘
2494,13:14:30,12.93,1293,1,买盘
2495,13:14:33,12.92,330752,256,卖盘
2496,13:14:36,12.92,3116626,2414,买盘
2497,13:14:39,12.9,7392734,5731,卖盘
2498,13:14:42,12.89,368934,286,卖盘
2499,13:14:45,12.88,144270,112,卖盘
2500,13:14:48,12.88,157227,122,卖盘
2501,13:14:51,12.9,99260,77,买盘
2502,13:14:54,12.89,28358,22,卖盘
2503,13:14:57,12.89,27074,21,卖盘
2504,13:15:00,12.9,2580,2,买盘
2505,13:15:03,12.89,174015,135,卖盘
2506,13:15:06,12.89,108316,84,卖盘
2507,13:15:09,12.89,6445,5,卖盘
2508,13:15:12,12.89,59294,46,卖盘
2509,13:15:15,12.89,101831,79,卖盘
2510,13:15:18,12.9,5160,4,买盘
2511,13:15:21,12.89,30938,24,卖盘
2512,13:15:24,12.9,37390,29,买盘
2513,13:15:27,12.89,70895,55,卖盘
2514,13:15:30,12.89,10312,8,买盘
2515,13:15:33,12.89,135259,105,买盘
2516,13:15:36,12.89,76051,59,买盘
2517,13:15:39,12.88,43797,34,卖盘
2518,13:15:42,12.89,190655,148,买盘
2519,13:15:45,12.88,30926,24,卖盘
2520,13:15:48,12.88,78626,61,卖盘
2521,13:15:51,12.88,1416800,1100,卖盘
2522,13:15:54,12.88,189356,147,卖盘
2523,13:15:57,12.88,85028,66,卖盘
2524,13:16:00,12.88,834537,648,卖盘
2525,13:16:03,12.87,70811,55,卖盘
2526,13:16:06,12.87,23178,18,卖盘
2527,13:16:09,12.87,45053,35,卖盘
2528,13:16:12,12.87,253539,197,卖盘
2529,13:16:15,12.87,288288,224,买盘
2530,13:16:18,12.87,86229,67,买盘
2531,13:16:21,12.88,29588,23,买盘
2532,13:16:27,12.88,81093,63,买盘
2533,13:16:30,12.88,18031,14,买盘
2534,13:16:33,12.87,195636,152,卖盘
2535,13:16:36,12.87,95238,74,买盘
2536,13:16:39,12.88,9014,7,买盘
2537,13:16:42,12.87,19305,15,卖盘
2538,13:16:48,12.87,249684,194,卖盘
2539,13:16:51,12.87,24453,19,买盘
2540,13:16:54,12.87,20592,16,买盘
2541,13:16:57,12.86,60454,47,卖盘
2542,13:17:00,12.88,443039,344,买盘
2543,13:17:03,12.88,197064,153,卖盘
2544,13:17:06,12.88,6440,5,卖盘
2545,13:17:09,12.88,45090,35,卖盘
2546,13:17:12,12.89,14177,11,买盘
2547,13:17:15,12.89,28343,22,买盘
2548,13:17:18,12.89,3866,3,买盘
2549,13:17:21,12.89,72170,56,买盘
2550,13:17:24,12.89,16757,13,买盘
2551,13:17:27,12.89,60583,47,买盘
2552,13:17:30,12.88,119789,93,卖盘
2553,13:17:33,12.89,16757,13,买盘
2554,13:17:36,12.88,38655,30,卖盘
2555,13:17:39,12.89,27058,21,买盘
2556,13:17:42,12.89,256440,199,买盘
2557,13:17:45,12.89,95386,74,卖盘
2558,13:17:51,12.89,101838,79,卖盘
2559,13:17:57,12.89,81235,63,卖盘
2560,13:18:00,12.89,7734,6,卖盘
2561,13:18:03,12.89,30936,24,卖盘
2562,13:18:06,12.89,460542,357,卖盘
2563,13:18:09,12.89,1289,1,买盘
2564,13:18:12,12.89,16757,13,卖盘
2565,13:18:15,12.89,70895,55,买盘
2566,13:18:18,12.89,38670,30,卖盘
2567,13:18:21,12.9,47696,37,买盘
2568,13:18:24,12.89,23203,18,卖盘
2569,13:18:27,12.9,1290,1,买盘
2570,13:18:30,12.9,63210,49,买盘
2571,13:18:33,12.9,38700,30,卖盘
2572,13:18:36,12.9,25800,20,卖盘
2573,13:18:39,12.9,7740,6,卖盘
2574,13:18:42,12.91,63255,49,买盘
2575,13:18:45,12.87,1042484,809,卖盘
2576,13:18:48,12.88,193067,150,买盘
2577,13:18:51,12.88,2576,2,买盘
2578,13:18:54,12.87,191860,149,卖盘
2579,13:18:57,12.88,20608,16,买盘
2580,13:19:00,12.87,146735,114,卖盘
2581,13:19:03,12.87,45076,35,卖盘
2582,13:19:06,12.88,128780,100,买盘
2583,13:19:12,12.88,48944,38,买盘
2584,13:19:15,12.87,9014,7,卖盘
2585,13:19:21,12.87,145431,113,卖盘
2586,13:19:24,12.88,27037,21,买盘
2587,13:19:27,12.87,7722,6,卖盘
2588,13:19:30,12.88,16736,13,买盘
2589,13:19:33,12.88,21895,17,买盘
2590,13:19:36,12.88,225275,175,买盘
2591,13:19:39,12.87,307686,239,卖盘
2592,13:19:42,12.87,199485,155,卖盘
2593,13:19:45,12.86,29588,23,卖盘
2594,13:19:48,12.86,357525,278,卖盘
2595,13:19:51,12.86,23152,18,卖盘
2596,13:19:54,12.86,55308,43,卖盘
2597,13:19:57,12.86,69457,54,卖盘
2598,13:20:00,12.87,177475,138,买盘
2599,13:20:03,12.86,1369593,1065,卖盘
2600,13:20:06,12.86,19290,15,买盘
2601,13:20:09,12.86,138802,108,买盘
2602,13:20:12,12.86,7716,6,卖盘
2603,13:20:15,12.85,125970,98,卖盘
2604,13:20:18,12.86,52724,41,买盘
2605,13:20:21,12.85,87387,68,卖盘
2606,13:20:24,12.85,266058,207,卖盘
2607,13:20:27,12.85,138800,108,卖盘
2608,13:20:30,12.86,114438,89,买盘
2609,13:20:33,12.85,92520,72,卖盘
2610,13:20:36,12.85,217205,169,卖盘
2611,13:20:39,12.86,251890,196,买盘
2612,13:20:42,12.85,218563,170,卖盘
2613,13:20:45,12.86,74535,58,买盘
2614,13:20:48,12.86,102868,80,买盘
2615,13:20:51,12.86,10288,8,卖盘
2616,13:21:00,12.86,230207,179,卖盘
2617,13:21:03,12.86,142746,111,卖盘
2618,13:21:06,12.86,63014,49,卖盘
2619,13:21:09,12.86,34722,27,卖盘
2620,13:21:12,12.86,52756,41,卖盘
2621,13:21:15,12.87,25721,20,买盘
2622,13:21:18,12.87,46313,36,买盘
2623,13:21:21,12.87,38586,30,买盘
2624,13:21:24,12.87,10296,8,买盘
2625,13:21:27,12.87,488945,380,买盘
2626,13:21:30,12.88,29624,23,买盘
2627,13:21:33,12.88,32220,25,卖盘
2628,13:21:36,12.89,15461,12,买盘
2629,13:21:39,12.88,6440,5,卖盘
2630,13:21:42,12.88,94061,73,卖盘
2631,13:21:45,12.88,150606,117,买盘
2632,13:21:48,12.88,92736,72,买盘
2633,13:21:54,12.88,39928,31,卖盘
2634,13:21:57,12.88,24489,19,卖盘
2635,13:22:00,12.88,253736,197,卖盘
2636,13:22:03,12.88,73431,57,买盘
2637,13:22:06,12.89,6445,5,买盘
2638,13:22:12,12.89,20619,16,买盘
2639,13:22:15,12.88,74729,58,卖盘
2640,13:22:24,12.89,5156,4,卖盘
2641,13:22:27,12.89,20624,16,卖盘
2642,13:22:30,12.9,95406,74,买盘
2643,13:22:33,12.89,15468,12,卖盘
2644,13:22:36,12.9,45145,35,买盘
2645,13:22:39,12.9,6447,5,买盘
2646,13:22:42,12.9,6450,5,买盘
2647,13:22:45,12.9,2579,2,买盘
2648,13:22:48,12.9,9030,7,买盘
2649,13:22:51,12.9,206256,160,买盘
2650,13:22:54,12.9,24510,19,买盘
2651,13:22:57,12.89,127697,99,卖盘
2652,13:23:00,12.9,6450,5,买盘
2653,13:23:03,12.9,87682,68,买盘
2654,13:23:06,12.89,7735,6,卖盘
2655,13:23:09,12.89,9027,7,卖盘
2656,13:23:12,12.9,11610,9,买盘
2657,13:23:15,12.89,380262,295,卖盘
2658,13:23:18,12.89,100616,78,卖盘
2659,13:23:21,12.89,47693,37,买盘
2660,13:23:24,12.88,11599,9,卖盘
2661,13:23:27,12.88,140397,109,卖盘
2662,13:23:30,12.89,77330,60,买盘
2663,13:23:33,12.89,136629,106,买盘
2664,13:23:36,12.88,39928,31,卖盘
2665,13:23:39,12.89,132667,103,买盘
2666,13:23:42,12.88,1288,1,卖盘
2667,13:23:45,12.89,48982,38,买盘
2668,13:23:48,12.88,331016,257,卖盘
2669,13:23:51,12.89,3866,3,买盘
2670,13:23:54,12.88,82440,64,卖盘
2671,13:23:57,12.88,100464,78,卖盘
2672,13:24:00,12.89,167496,130,买盘
2673,13:24:03,12.87,177830,138,卖盘
2674,13:24:06,12.88,12880,10,买盘
2675,13:24:09,12.88,25760,20,买盘
2676,13:24:12,12.88,7728,6,买盘
2677,13:24:15,12.88,96600,75,买盘
2678,13:24:18,12.89,25761,20,买盘
2679,13:24:21,12.88,69552,54,卖盘
2680,13:24:24,12.88,101752,79,卖盘
2681,13:24:27,12.89,47693,37,买盘
2682,13:24:30,12.89,43811,34,买盘
2683,13:24:33,12.89,6445,5,买盘
2684,13:24:36,12.88,96602,75,卖盘
2685,13:24:39,12.88,12875,10,买盘
2686,13:24:45,12.88,21896,17,买盘
2687,13:24:48,12.88,88828,69,买盘
2688,13:24:51,12.87,36063,28,卖盘
2689,13:24:54,12.88,46359,36,买盘
2690,13:25:00,12.88,43792,34,买盘
2691,13:25:03,12.88,39928,31,卖盘
2692,13:25:06,12.88,14169,11,卖盘
2693,13:25:09,12.88,5152,4,卖盘
2694,13:25:12,12.88,39929,31,卖盘
2695,13:25:15,12.89,12890,10,买盘
2696,13:25:18,12.88,18032,14,卖盘
2697,13:25:21,12.89,14179,11,买盘
2698,13:25:24,12.89,15468,12,买盘
2699,13:25:27,12.89,208711,162,买盘
2700,13:25:30,12.89,14179,11,买盘
2701,13:25:36,12.89,91519,71,卖盘
2702,13:25:39,12.89,19335,15,买盘
2703,13:25:42,12.89,1289,1,买盘
2704,13:25:45,12.89,132672,103,买盘
2705,13:25:48,12.89,1289,1,买盘
2706,13:25:51,12.88,190742,148,卖盘
2707,13:25:54,12.89,49002,38,买盘
2708,13:26:00,12.9,2580,2,买盘
2709,13:26:03,12.88,65736,51,卖盘
2710,13:26:06,12.9,37396,29,买盘
2711,13:26:09,12.89,14179,11,卖盘
2712,13:26:12,12.89,69609,54,卖盘
2713,13:26:18,12.9,21928,17,买盘
2714,13:26:27,12.9,10320,8,买盘
2715,13:26:30,12.9,6450,5,买盘
2716,13:26:33,12.89,11608,9,卖盘
2717,13:26:36,12.9,45150,35,买盘
2718,13:26:39,12.89,39959,31,卖盘
2719,13:26:42,12.9,10320,8,买盘
2720,13:26:45,12.89,7734,6,卖盘
2721,13:26:51,12.89,12890,10,卖盘
2722,13:26:54,12.9,203820,158,买盘
2723,13:27:00,12.89,34803,27,卖盘
2724,13:27:03,12.9,72197,56,买盘
2725,13:27:06,12.9,94170,73,买盘
2726,13:27:09,12.9,210240,163,买盘
2727,13:27:12,12.9,1290,1,买盘
2728,13:27:15,12.9,15480,12,卖盘
2729,13:27:18,12.9,7740,6,卖盘
2730,13:27:21,12.9,7745,6,卖盘
2731,13:27:24,12.9,25800,20,卖盘
2732,13:27:27,12.9,105780,82,卖盘
2733,13:27:30,12.91,10328,8,买盘
2734,13:27:33,12.91,14201,11,买盘
2735,13:27:36,12.91,6455,5,买盘
2736,13:27:39,12.91,1291,1,买盘
2737,13:27:42,12.91,21947,17,买盘
2738,13:27:45,12.91,1291,1,买盘
2739,13:27:48,12.91,3873,3,买盘
2740,13:27:51,12.91,206531,160,买盘
2741,13:27:54,12.91,2582,2,买盘
2742,13:27:57,12.91,12910,10,买盘
2743,13:28:00,12.91,6455,5,买盘
2744,13:28:03,12.9,103257,80,卖盘
2745,13:28:06,12.9,2580,2,卖盘
2746,13:28:09,12.9,28384,22,卖盘
2747,13:28:12,12.91,6455,5,买盘
2748,13:28:15,12.91,7746,6,买盘
2749,13:28:18,12.9,15481,12,卖盘
2750,13:28:21,12.9,52890,41,卖盘
2751,13:28:24,12.9,813990,631,卖盘
2752,13:28:27,12.9,69685,54,卖盘
2753,13:28:30,12.9,56770,44,卖盘
2754,13:28:33,12.9,33540,26,卖盘
2755,13:28:36,12.9,51600,40,买盘
2756,13:28:39,12.9,34830,27,卖盘
2757,13:28:42,12.91,265783,206,买盘
2758,13:28:45,12.91,60640,47,买盘
2759,13:28:48,12.9,19350,15,卖盘
2760,13:28:51,12.89,1029416,798,卖盘
2761,13:28:54,12.89,1289,1,卖盘
2762,13:29:00,12.89,583923,453,卖盘
2763,13:29:03,12.88,304075,236,卖盘
2764,13:29:06,12.88,69554,54,卖盘
2765,13:29:09,12.88,32220,25,卖盘
2766,13:29:15,12.89,34798,27,买盘
2767,13:29:18,12.88,27048,21,卖盘
2768,13:29:21,12.89,12890,10,买盘
2769,13:29:24,12.88,66976,52,卖盘
2770,13:29:27,12.89,519764,403,买盘
2771,13:29:30,12.88,284648,221,卖盘
2772,13:29:33,12.89,114656,89,买盘
2773,13:29:36,12.88,47656,37,卖盘
2774,13:29:39,12.89,114682,89,买盘
2775,13:29:42,12.89,21905,17,买盘
2776,13:29:45,12.88,3864,3,卖盘
2777,13:29:48,12.88,181608,141,卖盘
2778,13:29:51,12.88,9016,7,卖盘
2779,13:29:54,12.89,7734,6,买盘
2780,13:29:57,12.89,15468,12,买盘
2781,13:30:00,12.88,133952,104,卖盘
2782,13:30:03,12.89,79871,62,买盘
2783,13:30:06,12.89,51540,40,买盘
2784,13:30:09,12.88,25761,20,卖盘
2785,13:30:12,12.89,97889,76,买盘
2786,13:30:15,12.88,25775,20,卖盘
2787,13:30:18,12.89,32223,25,买盘
2788,13:30:21,12.88,5152,4,卖盘
2789,13:30:24,12.88,9016,7,卖盘
2790,13:30:27,12.88,18032,14,卖盘
2791,13:30:30,12.88,50246,39,卖盘
2792,13:30:33,12.88,112056,87,卖盘
2793,13:30:36,12.88,5152,4,卖盘
2794,13:30:39,12.88,145574,113,卖盘
2795,13:30:42,12.89,32202,25,买盘
2796,13:30:45,12.89,29629,23,买盘
2797,13:30:48,12.88,5152,4,卖盘
2798,13:30:51,12.88,12880,10,卖盘
2799,13:30:54,12.89,28341,22,买盘
2800,13:31:00,12.88,351625,273,卖盘
2801,13:31:03,12.88,204792,159,卖盘
2802,13:31:06,12.88,46368,36,卖盘
2803,13:31:09,12.88,16749,13,卖盘
2804,13:31:12,12.88,255024,198,卖盘
2805,13:31:15,12.89,29632,23,买盘
2806,13:31:18,12.88,19320,15,卖盘
2807,13:31:21,12.88,10304,8,卖盘
2808,13:31:24,12.89,29629,23,买盘
2809,13:31:27,12.88,12880,10,卖盘
2810,13:31:30,12.88,33493,26,卖盘
2811,13:31:33,12.88,113354,88,卖盘
2812,13:31:36,12.89,2578,2,买盘
2813,13:31:39,12.88,18032,14,卖盘
2814,13:31:42,12.88,181613,141,卖盘
2815,13:31:45,12.89,25780,20,买盘
2816,13:31:48,12.88,197164,153,卖盘
2817,13:31:51,12.89,12881,10,买盘
2818,13:31:54,12.88,57960,45,卖盘
2819,13:31:57,12.88,90170,70,卖盘
2820,13:32:00,12.88,2576,2,卖盘
2821,13:32:03,12.88,72128,56,卖盘
2822,13:32:06,12.88,43804,34,卖盘
2823,13:32:09,12.89,11601,9,买盘
2824,13:32:12,12.88,6440,5,卖盘
2825,13:32:15,12.88,103091,80,卖盘
2826,13:32:18,12.88,114683,89,卖盘
2827,13:32:21,12.89,79918,62,买盘
2828,13:32:24,12.88,105654,82,卖盘
2829,13:32:27,12.88,6440,5,卖盘
2830,13:32:30,12.88,38648,30,卖盘
2831,13:32:33,12.9,73469,57,买盘
2832,13:32:42,12.9,12900,10,买盘
2833,13:32:48,12.88,6440,5,卖盘
2834,13:32:51,12.88,63190,49,卖盘
2835,13:32:57,12.88,6442,5,卖盘
2836,13:33:00,12.88,51528,40,卖盘
2837,13:33:03,12.88,108192,84,卖盘
2838,13:33:09,12.88,5152,4,卖盘
2839,13:33:12,12.88,127515,99,卖盘
2840,13:33:15,12.88,119804,93,卖盘
2841,13:33:18,12.88,45097,35,卖盘
2842,13:33:21,12.89,2578,2,买盘
2843,13:33:24,12.88,61824,48,卖盘
2844,13:33:27,12.88,27065,21,卖盘
2845,13:33:36,12.88,310408,241,卖盘
2846,13:33:39,12.88,271743,211,买盘
2847,13:33:42,12.87,81081,63,卖盘
2848,13:33:48,12.87,38610,30,卖盘
2849,13:33:51,12.87,1287,1,卖盘
2850,13:33:54,12.87,12870,10,卖盘
2851,13:33:57,12.87,28324,22,卖盘
2852,13:34:00,12.88,74698,58,买盘
2853,13:34:03,12.88,6440,5,买盘
2854,13:34:06,12.87,113256,88,卖盘
2855,13:34:09,12.88,400568,311,买盘
2856,13:34:12,12.88,140392,109,卖盘
2857,13:34:15,12.88,37348,29,买盘
2858,13:34:18,12.88,191911,149,买盘
2859,13:34:24,12.89,5156,4,买盘
2860,13:34:27,12.89,41248,32,买盘
2861,13:34:30,12.89,168747,131,买盘
2862,13:34:33,12.89,166176,129,买盘
2863,13:34:36,12.89,10312,8,买盘
2864,13:34:39,12.89,29647,23,买盘
2865,13:34:42,12.88,157202,122,卖盘
2866,13:34:45,12.89,9023,7,买盘
2867,13:34:48,12.89,34803,27,买盘
2868,13:34:51,12.89,15468,12,卖盘
2869,13:34:54,12.89,6445,5,卖盘
2870,13:34:57,12.89,139212,108,卖盘
2871,13:35:00,12.89,67039,52,卖盘
2872,13:35:03,12.89,1289,1,卖盘
2873,13:35:06,12.89,16761,13,卖盘
2874,13:35:09,12.9,2579,2,买盘
2875,13:35:12,12.9,34830,27,买盘
2876,13:35:15,12.9,408658,317,买盘
2877,13:35:18,12.9,20638,16,买盘
2878,13:35:21,12.9,127710,99,买盘
2879,13:35:30,12.91,25820,20,买盘
2880,13:35:33,12.91,42603,33,买盘
2881,13:35:36,12.91,6455,5,买盘
2882,13:35:39,12.91,12910,10,买盘
2883,13:35:48,12.9,194905,151,卖盘
2884,13:35:51,12.91,122645,95,买盘
2885,13:35:54,12.91,1291,1,买盘
2886,13:35:57,12.91,19365,15,买盘
2887,13:36:00,12.9,65809,51,卖盘
2888,13:36:03,12.9,101949,79,卖盘
2889,13:36:06,12.9,25811,20,卖盘
2890,13:36:09,12.9,131581,102,卖盘
2891,13:36:12,12.91,12908,10,买盘
2892,13:36:15,12.9,15480,12,卖盘
2893,13:36:18,12.91,58080,45,买盘
2894,13:36:21,12.9,82560,64,卖盘
2895,13:36:24,12.9,86430,67,卖盘
2896,13:36:27,12.9,30960,24,卖盘
2897,13:36:30,12.9,15480,12,买盘
2898,13:36:33,12.9,2580,2,卖盘
2899,13:36:36,12.9,7740,6,卖盘
2900,13:36:39,12.9,9030,7,卖盘
2901,13:36:42,12.9,2580,2,买盘
2902,13:36:45,12.89,28379,22,卖盘
2903,13:36:48,12.9,5160,4,买盘
2904,13:36:51,12.89,107067,83,卖盘
2905,13:36:57,12.89,47696,37,卖盘
2906,13:37:00,12.9,2580,2,买盘
2907,13:37:03,12.89,30936,24,卖盘
2908,13:37:06,12.89,804352,624,卖盘
2909,13:37:09,12.89,14179,11,卖盘
2910,13:37:12,12.89,19335,15,卖盘
2911,13:37:15,12.89,148245,115,卖盘
2912,13:37:18,12.88,9016,7,卖盘
2913,13:37:21,12.89,2578,2,买盘
2914,13:37:24,12.89,14170,11,买盘
2915,13:37:27,12.88,29624,23,卖盘
2916,13:37:36,12.89,11601,9,买盘
2917,13:37:42,12.88,1685994,1309,卖盘
2918,13:37:45,12.88,19320,15,买盘
2919,13:37:48,12.88,155848,121,买盘
2920,13:37:51,12.87,1353948,1052,卖盘
2921,13:37:54,12.87,1287,1,卖盘
2922,13:38:00,12.87,289664,225,卖盘
2923,13:38:03,12.88,306437,238,买盘
2924,13:38:06,12.88,28338,22,卖盘
2925,13:38:09,12.88,2576,2,卖盘
2926,13:38:12,12.88,19333,15,卖盘
2927,13:38:15,12.88,32200,25,卖盘
2928,13:38:24,12.88,15456,12,卖盘
2929,13:38:27,12.88,240875,187,卖盘
2930,13:38:30,12.89,21913,17,买盘
2931,13:38:33,12.88,10308,8,卖盘
2932,13:38:36,12.88,11592,9,卖盘
2933,13:38:39,12.88,5152,4,卖盘
2934,13:38:42,12.88,45112,35,卖盘
2935,13:38:45,12.88,95312,74,卖盘
2936,13:38:48,12.88,77280,60,卖盘
2937,13:38:51,12.88,11592,9,卖盘
2938,13:38:54,12.89,1289,1,买盘
2939,13:38:57,12.88,63134,49,卖盘
2940,13:39:03,12.88,525353,408,卖盘
2941,13:39:06,12.88,514810,400,买盘
2942,13:39:09,12.86,88862,69,卖盘
2943,13:39:15,12.86,19295,15,卖盘
2944,13:39:18,12.87,11575,9,买盘
2945,13:39:21,12.86,18004,14,卖盘
2946,13:39:24,12.87,34728,27,买盘
2947,13:39:27,12.86,10288,8,卖盘
2948,13:39:30,12.87,133758,104,买盘
2949,13:39:39,12.86,48876,38,卖盘
2950,13:39:42,12.86,23148,18,卖盘
2951,13:39:45,12.87,1287,1,买盘
2952,13:39:48,12.86,154320,120,卖盘
2953,13:39:51,12.87,12870,10,买盘
2954,13:39:54,12.86,91306,71,卖盘
2955,13:39:57,12.86,25722,20,卖盘
2956,13:40:00,12.86,144032,112,卖盘
2957,13:40:03,12.86,47585,37,卖盘
2958,13:40:06,12.86,113168,88,卖盘
2959,13:40:09,12.86,41157,32,卖盘
2960,13:40:12,12.86,25730,20,卖盘
2961,13:40:15,12.86,16718,13,卖盘
2962,13:40:18,12.86,144032,112,卖盘
2963,13:40:21,12.86,153034,119,卖盘
2964,13:40:24,12.86,230194,179,卖盘
2965,13:40:27,12.86,479678,373,卖盘
2966,13:40:30,12.86,36008,28,卖盘
2967,13:40:33,12.85,38577,30,卖盘
2968,13:40:36,12.86,3858,3,买盘
2969,13:40:39,12.85,114375,89,卖盘
2970,13:40:42,12.86,212190,165,买盘
2971,13:40:45,12.85,82281,64,卖盘
2972,13:40:48,12.86,3858,3,中性盘
2973,13:40:51,12.86,73300,57,买盘
2974,13:40:54,12.86,57869,45,买盘
2975,13:40:57,12.86,190261,148,买盘
2976,13:41:00,12.86,185144,144,买盘
2977,13:41:03,12.86,122083,95,买盘
2978,13:41:06,12.86,24434,19,买盘
2979,13:41:09,12.86,92592,72,买盘
2980,13:41:12,12.86,14146,11,买盘
2981,13:41:15,12.86,47581,37,买盘
2982,13:41:18,12.86,64300,50,买盘
2983,13:41:21,12.86,2572,2,买盘
2984,13:41:24,12.86,199330,155,买盘
2985,13:41:27,12.86,117026,91,卖盘
2986,13:41:30,12.86,10288,8,买盘
2987,13:41:33,12.85,52695,41,卖盘
2988,13:41:36,12.85,2467220,1920,卖盘
2989,13:41:39,12.85,21845,17,卖盘
2990,13:41:42,12.85,128500,100,卖盘
2991,13:41:45,12.86,18004,14,买盘
2992,13:41:48,12.85,80955,63,卖盘
2993,13:41:51,12.85,68120,53,卖盘
2994,13:41:54,12.85,62965,49,卖盘
2995,13:41:57,12.85,96375,75,卖盘
2996,13:42:00,12.85,142635,111,买盘
2997,13:42:03,12.85,164383,128,买盘
2998,13:42:06,12.84,52645,41,卖盘
2999,13:42:09,12.84,101461,79,卖盘
3000,13:42:12,12.84,225984,176,卖盘
3001,13:42:15,12.84,258089,201,卖盘
3002,13:42:18,12.84,34668,27,买盘
3003,13:42:21,12.83,6415,5,卖盘
3004,13:42:24,12.83,80856,63,卖盘
3005,13:42:27,12.84,351552,274,买盘
3006,13:42:30,12.83,15396,12,卖盘
3007,13:42:33,12.83,87244,68,卖盘
3008,13:42:36,12.83,17974,14,卖盘
3009,13:42:39,12.84,193788,151,买盘
3010,13:42:42,12.84,52604,41,买盘
3011,13:42:45,12.83,105206,82,卖盘
3012,13:42:48,12.83,417279,325,卖盘
3013,13:42:51,12.84,20543,16,买盘
3014,13:42:54,12.83,10271,8,卖盘
3015,13:42:57,12.84,3852,3,卖盘
3016,13:43:00,12.84,3852,3,卖盘
3017,13:43:03,12.84,164362,128,卖盘
3018,13:43:06,12.84,261939,204,卖盘
3019,13:43:09,12.85,354651,276,买盘
3020,13:43:12,12.86,267274,208,买盘
3021,13:43:15,12.86,1286,1,买盘
3022,13:43:18,12.84,589400,459,卖盘
3023,13:43:21,12.85,25681,20,中性盘
3024,13:43:24,12.86,74543,58,买盘
3025,13:43:27,12.85,21845,17,买盘
3026,13:43:30,12.85,24415,19,买盘
3027,13:43:33,12.84,59095,46,卖盘
3028,13:43:39,12.85,42392,33,买盘
3029,13:43:42,12.85,2570,2,买盘
3030,13:43:45,12.85,270968,211,买盘
3031,13:43:51,12.85,16705,13,买盘
3032,13:43:54,12.85,33410,26,买盘
3033,13:43:57,12.85,2570,2,买盘
3034,13:44:00,12.84,15408,12,卖盘
3035,13:44:03,12.84,96327,75,卖盘
3036,13:44:06,12.84,75756,59,卖盘
3037,13:44:09,12.84,12843,10,卖盘
3038,13:44:12,12.84,175908,137,卖盘
3039,13:44:15,12.84,34668,27,卖盘
3040,13:44:18,12.84,10272,8,卖盘
3041,13:44:21,12.84,8988,7,卖盘
3042,13:44:24,12.85,116870,91,买盘
3043,13:44:27,12.84,24396,19,卖盘
3044,13:44:30,12.85,3855,3,买盘
3045,13:44:33,12.84,68092,53,卖盘
3046,13:44:36,12.84,57820,45,卖盘
3047,13:44:39,12.84,113043,88,卖盘
3048,13:44:42,12.85,66820,52,买盘
3049,13:44:45,12.84,109142,85,卖盘
3050,13:44:48,12.84,19264,15,卖盘
3051,13:44:51,12.84,50076,39,卖盘
3052,13:44:54,12.84,23112,18,卖盘
3053,13:44:57,12.84,38527,30,卖盘
3054,13:45:00,12.85,33399,26,买盘
3055,13:45:03,12.85,105339,82,买盘
3056,13:45:06,12.85,6425,5,买盘
3057,13:45:09,12.84,243970,190,卖盘
3058,13:45:12,12.85,43690,34,买盘
3059,13:45:15,12.85,89900,70,买盘
3060,13:45:18,12.85,134924,105,买盘
3061,13:45:21,12.85,55255,43,卖盘
3062,13:45:24,12.85,84810,66,卖盘
3063,13:45:27,12.85,109227,85,卖盘
3064,13:45:39,12.85,6425,5,卖盘
3065,13:45:42,12.85,6425,5,卖盘
3066,13:45:45,12.86,9002,7,买盘
3067,13:45:51,12.86,32150,25,买盘
3068,13:45:54,12.86,75874,59,买盘
3069,13:45:57,12.85,2570,2,卖盘
3070,13:46:00,12.85,1285,1,卖盘
3071,13:46:03,12.85,47560,37,卖盘
3072,13:46:09,12.86,3858,3,买盘
3073,13:46:12,12.86,128600,100,买盘
3074,13:46:18,12.86,18004,14,买盘
3075,13:46:21,12.86,137552,107,买盘
3076,13:46:24,12.86,37294,29,买盘
3077,13:46:27,12.86,77160,60,买盘
3078,13:46:30,12.85,5140,4,卖盘
3079,13:46:36,12.87,12870,10,买盘
3080,13:46:42,12.87,123552,96,买盘
3081,13:46:45,12.87,6435,5,买盘
3082,13:46:48,12.86,1286,1,卖盘
3083,13:46:51,12.87,33462,26,买盘
3084,13:46:54,12.87,7722,6,买盘
3085,13:46:57,12.86,63014,49,卖盘
3086,13:47:00,12.87,10296,8,买盘
3087,13:47:03,12.87,126111,98,买盘
3088,13:47:06,12.86,138888,108,卖盘
3089,13:47:09,12.86,349732,272,卖盘
3090,13:47:12,12.86,24434,19,卖盘
3091,13:47:15,12.87,19305,15,买盘
3092,13:47:18,12.87,1287,1,买盘
3093,13:47:24,12.87,24447,19,买盘
3094,13:47:27,12.86,100364,78,卖盘
3095,13:47:30,12.87,41161,32,买盘
3096,13:47:33,12.87,56628,44,买盘
3097,13:47:39,12.87,21868,17,买盘
3098,13:47:42,12.86,195472,152,卖盘
3099,13:47:45,12.85,61715,48,卖盘
