,成交时间,成交价格,成交金额,成交量,性质
0,09:25:00,30.48,8031480,2635,卖盘
1,09:30:00,30.53,2102158,689,买盘
2,09:30:03,30.56,4849800,1588,买盘
3,09:30:06,30.56,2277726,746,买盘
4,09:30:09,30.56,736889,241,买盘
5,09:30:12,30.56,327330,107,卖盘
6,09:30:15,30.6,1082542,354,买盘
7,09:30:18,30.63,642649,210,买盘
8,09:30:21,30.57,755793,247,卖盘
9,09:30:24,30.63,838490,274,买盘
10,09:30:27,30.61,786578,257,中性盘
11,09:30:30,30.62,1332398,435,买盘
12,09:30:33,30.65,6475132,2113,买盘
13,09:30:36,30.71,2511686,819,买盘
14,09:30:39,30.72,448424,146,买盘
15,09:30:42,30.77,1980112,644,买盘
16,09:30:45,30.82,4477600,1454,买盘
17,09:30:48,30.93,7299070,2363,买盘
18,09:30:51,30.95,1711441,553,中性盘
19,09:30:54,30.98,1427107,461,买盘
20,09:30:57,31.04,12137692,3915,买盘
21,09:31:00,30.96,6250723,2018,卖盘
22,09:31:03,31.04,3681297,1187,买盘
23,09:31:06,30.98,2793151,901,卖盘
24,09:31:09,30.98,2122867,685,卖盘
25,09:31:12,30.98,1555250,502,买盘
26,09:31:15,31.06,8173513,2635,买盘
27,09:31:18,30.9,3362785,1085,卖盘
28,09:31:21,30.98,2574075,832,买盘
29,09:31:24,30.9,2130066,688,卖盘
30,09:31:27,30.92,2893010,935,中性盘
31,09:31:30,30.91,2316036,749,卖盘
32,09:31:33,30.91,2305927,746,中性盘
33,09:31:36,30.92,2647630,856,中性盘
34,09:31:39,30.93,3885673,1257,买盘
35,09:31:42,30.89,2620451,848,卖盘
36,09:31:45,30.93,2454804,794,买盘
37,09:31:48,30.96,11226466,3625,买盘
38,09:31:51,30.96,2032897,657,买盘
39,09:31:54,30.99,1214167,392,买盘
40,09:31:57,30.95,712035,230,卖盘
41,09:32:00,30.96,2619974,846,买盘
42,09:32:03,30.96,1637753,529,买盘
43,09:32:06,30.98,2591868,837,买盘
44,09:32:09,30.99,1939070,626,买盘
45,09:32:12,30.99,2102354,679,买盘
46,09:32:15,30.98,2298560,742,买盘
47,09:32:18,30.98,2986695,964,买盘
48,09:32:21,30.97,2896578,935,中性盘
49,09:32:24,30.98,1994236,644,买盘
50,09:32:27,30.94,2347214,758,卖盘
51,09:32:30,30.96,2080003,672,买盘
52,09:32:33,30.97,3244375,1049,买盘
53,09:32:36,30.9,4526525,1465,卖盘
54,09:32:39,30.93,1665650,539,买盘
55,09:32:42,30.9,756439,245,中性盘
56,09:32:45,30.91,2603059,842,买盘
57,09:32:48,30.86,1999027,648,卖盘
58,09:32:51,30.8,1138401,369,卖盘
59,09:32:54,30.74,1111197,361,卖盘
60,09:32:57,30.8,649841,211,买盘
61,09:33:00,30.78,547773,178,卖盘
62,09:33:03,30.8,1574023,511,买盘
63,09:33:06,30.86,1281888,416,买盘
64,09:33:09,30.82,1746937,567,中性盘
65,09:33:12,30.87,586284,190,买盘
66,09:33:15,30.87,688299,223,卖盘
67,09:33:18,30.87,1080549,350,卖盘
68,09:33:21,30.86,1348963,437,卖盘
69,09:33:24,30.86,950718,308,买盘
70,09:33:27,30.86,1854090,601,买盘
71,09:33:30,30.84,1342009,435,卖盘
72,09:33:33,30.83,1425346,462,卖盘
73,09:33:36,30.83,1288483,418,中性盘
74,09:33:39,30.83,832781,270,卖盘
75,09:33:42,30.83,925109,300,卖盘
76,09:33:45,30.83,511872,166,买盘
77,09:33:48,30.81,872570,283,卖盘
78,09:33:51,30.84,1159266,376,买盘
79,09:33:54,30.83,419355,136,卖盘
80,09:33:57,30.83,1332146,432,买盘
81,09:34:00,30.82,2115346,686,卖盘
82,09:34:03,30.85,2034582,659,买盘
83,09:34:06,30.85,1898728,615,卖盘
84,09:34:09,30.8,3417974,1109,卖盘
85,09:34:12,30.8,5408103,1756,卖盘
86,09:34:15,30.81,2757603,895,买盘
87,09:34:18,30.81,277236,90,卖盘
88,09:34:21,30.8,486863,158,卖盘
89,09:34:24,30.8,459037,149,卖盘
90,09:34:27,30.8,344989,112,卖盘
91,09:34:30,30.78,702200,228,卖盘
92,09:34:33,30.78,813017,264,卖盘
93,09:34:36,30.78,834286,271,卖盘
94,09:34:39,30.78,187718,61,买盘
95,09:34:42,30.77,270785,88,卖盘
96,09:34:45,30.77,369238,120,买盘
97,09:34:48,30.75,987325,321,卖盘
98,09:34:51,30.74,236835,77,卖盘
99,09:34:54,30.74,725631,236,卖盘
100,09:34:57,30.72,1069359,348,卖盘
101,09:35:00,30.72,116757,38,卖盘
102,09:35:03,30.72,623503,203,卖盘
103,09:35:06,30.73,8111284,2639,买盘
104,09:35:09,30.74,482647,157,中性盘
105,09:35:12,30.72,654664,213,卖盘
106,09:35:15,30.72,399336,130,买盘
107,09:35:18,30.71,230319,75,卖盘
108,09:35:21,30.7,706112,230,卖盘
109,09:35:24,30.68,371328,121,卖盘
110,09:35:27,30.68,822624,268,卖盘
111,09:35:30,30.68,677969,221,卖盘
112,09:35:33,30.68,2769031,903,买盘
113,09:35:36,30.68,469271,153,买盘
114,09:35:39,30.69,1232656,402,买盘
115,09:35:42,30.68,328186,107,中性盘
116,09:35:45,30.69,383554,125,中性盘
117,09:35:48,30.67,515384,168,卖盘
118,09:35:51,30.68,245355,80,买盘
119,09:35:54,30.67,956777,312,中性盘
120,09:35:57,30.67,1601048,522,卖盘
121,09:36:00,30.67,628908,205,卖盘
122,09:36:03,30.68,1390029,453,卖盘
123,09:36:06,30.68,1175005,383,卖盘
124,09:36:09,30.68,1375307,448,卖盘
125,09:36:12,30.75,1170973,381,买盘
126,09:36:15,30.77,236913,77,中性盘
127,09:36:18,30.77,52315,17,卖盘
128,09:36:21,30.78,557066,181,买盘
129,09:36:24,30.79,1111408,361,买盘
130,09:36:27,30.77,535621,174,中性盘
131,09:36:30,30.8,1342482,436,买盘
132,09:36:33,30.76,433780,141,卖盘
133,09:36:36,30.77,643039,209,买盘
134,09:36:39,30.78,135434,44,买盘
135,09:36:42,30.78,273930,89,卖盘
136,09:36:45,30.79,818851,266,买盘
137,09:36:48,30.78,966384,314,卖盘
138,09:36:51,30.8,843805,274,买盘
139,09:36:54,30.79,480384,156,卖盘
140,09:36:57,30.8,714350,232,买盘
141,09:37:00,30.79,643548,209,卖盘
142,09:37:03,30.8,628233,204,买盘
143,09:37:06,30.77,2022015,657,卖盘
144,09:37:09,30.75,356850,116,卖盘
145,09:37:12,30.73,593323,193,卖盘
146,09:37:15,30.77,701272,228,买盘
147,09:37:18,30.72,710282,231,卖盘
148,09:37:21,30.77,159920,52,买盘
149,09:37:24,30.73,267474,87,卖盘
150,09:37:27,30.77,593829,193,买盘
151,09:37:30,30.77,338495,110,卖盘
152,09:37:33,30.75,338367,110,卖盘
153,09:37:36,30.77,566047,184,买盘
154,09:37:39,30.76,519918,169,卖盘
155,09:37:42,30.77,855601,278,中性盘
156,09:37:45,30.79,957275,311,买盘
157,09:37:48,30.79,3196723,1038,买盘
158,09:37:51,30.8,95510,31,中性盘
159,09:37:54,30.8,366582,119,卖盘
160,09:37:57,30.8,489570,159,买盘
161,09:38:00,30.8,1222876,397,买盘
162,09:38:03,30.77,406429,132,卖盘
163,09:38:06,30.77,267873,87,卖盘
164,09:38:09,30.8,492764,160,买盘
165,09:38:12,30.78,357170,116,卖盘
166,09:38:15,30.8,646746,210,买盘
167,09:38:18,30.8,575776,187,中性盘
168,09:38:21,30.82,492868,160,买盘
169,09:38:24,30.83,1196368,388,买盘
170,09:38:27,30.83,860088,279,卖盘
171,09:38:30,30.85,539729,175,买盘
172,09:38:33,30.85,1496268,485,买盘
173,09:38:36,30.85,1307318,424,卖盘
174,09:38:39,30.87,592692,192,买盘
175,09:38:42,30.88,154377,50,买盘
176,09:38:45,30.88,694764,225,买盘
177,09:38:48,30.89,889621,288,买盘
178,09:38:51,30.9,1235918,400,买盘
179,09:38:54,30.91,169992,55,买盘
180,09:38:57,30.91,596442,193,买盘
181,09:39:00,30.88,3034197,982,卖盘
182,09:39:03,30.86,3119272,1010,卖盘
183,09:39:06,30.9,1361679,441,买盘
184,09:39:09,30.87,639020,207,买盘
185,09:39:12,30.84,972149,315,卖盘
186,09:39:15,30.85,407328,132,买盘
187,09:39:18,30.85,586425,190,卖盘
188,09:39:21,30.86,552276,179,买盘
189,09:39:24,30.86,512198,166,卖盘
190,09:39:27,30.87,666662,216,买盘
191,09:39:30,30.87,287031,93,买盘
192,09:39:33,30.85,734473,238,卖盘
193,09:39:36,30.84,1113993,361,卖盘
194,09:39:39,30.84,629447,204,卖盘
195,09:39:42,30.83,836037,271,卖盘
196,09:39:45,30.84,382413,124,买盘
197,09:39:48,30.83,474695,154,卖盘
198,09:39:51,30.83,425435,138,买盘
199,09:39:54,30.83,453095,147,买盘
200,09:39:57,30.82,67801,22,中性盘
201,09:40:00,30.81,147890,48,卖盘
202,09:40:03,30.8,1108797,360,卖盘
203,09:40:06,30.8,1203896,391,买盘
204,09:40:09,30.8,920276,299,买盘
205,09:40:12,30.76,236944,77,卖盘
206,09:40:15,30.76,711038,231,买盘
207,09:40:18,30.77,575083,187,中性盘
208,09:40:21,30.76,402839,131,卖盘
209,09:40:24,30.77,965953,314,买盘
210,09:40:27,30.76,442939,144,卖盘
211,09:40:30,30.77,430679,140,买盘
212,09:40:33,30.74,473724,154,卖盘
213,09:40:36,30.75,753202,245,买盘
214,09:40:39,30.74,805404,262,中性盘
215,09:40:42,30.73,288879,94,卖盘
216,09:40:45,30.72,381078,124,卖盘
217,09:40:48,30.72,110600,36,卖盘
218,09:40:51,30.73,534606,174,买盘
219,09:40:54,30.72,387077,126,卖盘
220,09:40:57,30.72,193519,63,买盘
221,09:41:00,30.72,970704,316,买盘
222,09:41:03,30.72,503836,164,卖盘
223,09:41:06,30.72,648315,211,卖盘
224,09:41:09,30.71,2011369,655,卖盘
225,09:41:12,30.71,555746,181,买盘
226,09:41:15,30.71,236467,77,卖盘
227,09:41:18,30.71,383898,125,卖盘
228,09:41:21,30.72,1637285,533,买盘
229,09:41:24,30.71,832421,271,卖盘
230,09:41:27,30.71,1083929,353,卖盘
231,09:41:30,30.7,1129901,368,卖盘
232,09:41:33,30.71,414588,135,买盘
233,09:41:36,30.71,350097,114,卖盘
234,09:41:39,30.7,865935,282,卖盘
235,09:41:42,30.71,555726,181,买盘
236,09:41:45,30.7,153575,50,卖盘
237,09:41:48,30.71,171966,56,卖盘
238,09:41:51,30.7,838156,273,卖盘
239,09:41:54,30.7,178067,58,买盘
240,09:41:57,30.69,328415,107,卖盘
241,09:42:00,30.7,438965,143,买盘
242,09:42:03,30.69,309974,101,卖盘
243,09:42:06,30.72,669364,218,买盘
244,09:42:09,30.74,949219,309,买盘
245,09:42:12,30.73,172091,56,卖盘
246,09:42:15,30.73,1342944,437,买盘
247,09:42:18,30.74,252086,82,卖盘
248,09:42:21,30.75,565521,184,买盘
249,09:42:24,30.75,245923,80,买盘
250,09:42:27,30.75,166031,54,买盘
251,09:42:30,30.77,310583,101,买盘
252,09:42:33,30.77,141493,46,买盘
253,09:42:36,30.76,64613,21,卖盘
254,09:42:39,30.77,283123,92,卖盘
255,09:42:42,30.77,273896,89,卖盘
256,09:42:45,30.77,409216,133,买盘
257,09:42:48,30.78,965737,314,买盘
258,09:42:51,30.76,332258,108,卖盘
259,09:42:54,30.77,249258,81,中性盘
260,09:42:57,30.75,833964,271,卖盘
261,09:43:00,30.76,344512,112,中性盘
262,09:43:03,30.76,289129,94,买盘
263,09:43:06,30.76,298355,97,买盘
264,09:43:09,30.76,612129,199,买盘
265,09:43:12,30.76,507567,165,卖盘
266,09:43:15,30.76,239997,78,卖盘
267,09:43:18,30.77,200005,65,买盘
268,09:43:21,30.78,221568,72,买盘
269,09:43:24,30.78,187735,61,买盘
270,09:43:27,30.78,86188,28,卖盘
271,09:43:30,30.8,680492,221,买盘
272,09:43:33,30.79,658986,214,卖盘
273,09:43:36,30.8,1484558,482,买盘
274,09:43:39,30.8,338849,110,卖盘
275,09:43:42,30.82,385042,125,买盘
276,09:43:45,30.81,89352,29,中性盘
277,09:43:48,30.82,234178,76,买盘
278,09:43:51,30.82,480857,156,买盘
279,09:43:54,30.82,388349,126,卖盘
280,09:43:57,30.8,2412759,783,卖盘
281,09:44:00,30.82,748945,243,买盘
282,09:44:03,30.82,212655,69,买盘
283,09:44:06,30.8,150949,49,卖盘
284,09:44:09,30.8,739332,240,卖盘
285,09:44:12,30.79,203260,66,卖盘
286,09:44:15,30.8,190946,62,买盘
287,09:44:18,30.8,372681,121,卖盘
288,09:44:21,30.8,1025542,333,买盘
289,09:44:24,30.78,498867,162,卖盘
290,09:44:27,30.8,224820,73,买盘
291,09:44:30,30.79,277212,90,卖盘
292,09:44:33,30.79,138549,45,卖盘
293,09:44:36,30.79,840359,273,买盘
294,09:44:39,30.78,335590,109,卖盘
295,09:44:42,30.78,526401,171,卖盘
296,09:44:45,30.78,153900,50,买盘
297,09:44:48,30.78,200042,65,买盘
298,09:44:51,30.78,945183,307,买盘
299,09:44:54,30.79,116978,38,买盘
300,09:44:57,30.79,126210,41,卖盘
301,09:45:00,30.8,264757,86,买盘
302,09:45:03,30.8,289350,94,买盘
303,09:45:06,30.78,1138935,370,卖盘
304,09:45:09,30.78,80064,26,卖盘
305,09:45:12,30.78,840374,273,卖盘
306,09:45:15,30.78,273973,89,卖盘
307,09:45:18,30.78,206266,67,买盘
308,09:45:21,30.77,286232,93,卖盘
309,09:45:24,30.77,243093,79,卖盘
310,09:45:27,30.78,720185,234,买盘
311,09:45:30,30.78,246240,80,卖盘
312,09:45:33,30.77,166211,54,卖盘
313,09:45:36,30.77,1009263,328,卖盘
314,09:45:39,30.78,280044,91,买盘
315,09:45:42,30.77,203080,66,卖盘
316,09:45:45,30.77,166158,54,买盘
317,09:45:48,30.76,295327,96,卖盘
318,09:45:51,30.77,347613,113,买盘
319,09:45:54,30.76,1042519,339,卖盘
320,09:45:57,30.76,461290,150,买盘
321,09:46:00,30.75,630199,205,中性盘
322,09:46:03,30.73,986181,321,卖盘
323,09:46:06,30.71,1470677,479,卖盘
324,09:46:09,30.68,853194,278,卖盘
325,09:46:12,30.69,549185,179,买盘
326,09:46:15,30.68,2184491,712,卖盘
327,09:46:18,30.69,963327,314,买盘
328,09:46:21,30.69,386654,126,卖盘
329,09:46:24,30.68,858930,280,卖盘
330,09:46:27,30.69,334503,109,买盘
331,09:46:30,30.7,122778,40,买盘
332,09:46:33,30.7,58320,19,卖盘
333,09:46:36,30.7,260919,85,买盘
334,09:46:39,30.69,233246,76,卖盘
335,09:46:42,30.71,392941,128,买盘
336,09:46:45,30.7,328431,107,中性盘
337,09:46:48,30.7,128917,42,买盘
338,09:46:51,30.71,218016,71,买盘
339,09:46:54,30.71,328594,107,卖盘
340,09:46:57,30.7,33775,11,卖盘
341,09:47:00,30.71,153530,50,买盘
342,09:47:03,30.7,1111423,362,卖盘
343,09:47:06,30.71,534291,174,买盘
344,09:47:09,30.74,4177896,1359,买盘
345,09:47:12,30.77,711078,231,中性盘
346,09:47:15,30.78,2399286,780,中性盘
347,09:47:18,30.82,1420427,461,买盘
348,09:47:21,30.82,231132,75,买盘
349,09:47:24,30.81,191026,62,买盘
350,09:47:27,30.8,459067,149,卖盘
351,09:47:30,30.8,194071,63,卖盘
352,09:47:33,30.79,308040,100,卖盘
353,09:47:36,30.79,237104,77,中性盘
354,09:47:39,30.77,70807,23,卖盘
355,09:47:42,30.78,89271,29,买盘
356,09:47:45,30.76,89232,29,卖盘
357,09:47:48,30.77,477004,155,买盘
358,09:47:51,30.75,175367,57,卖盘
359,09:47:54,30.77,830575,270,买盘
360,09:47:57,30.76,159898,52,中性盘
361,09:48:00,30.76,113798,37,买盘
362,09:48:03,30.74,215295,70,卖盘
363,09:48:06,30.75,304424,99,买盘
364,09:48:09,30.74,353574,115,卖盘
365,09:48:12,30.74,193662,63,卖盘
366,09:48:15,30.73,221286,72,卖盘
367,09:48:18,30.73,295041,96,卖盘
368,09:48:21,30.73,190509,62,卖盘
369,09:48:24,30.74,503977,164,买盘
370,09:48:27,30.73,728321,237,卖盘
371,09:48:30,30.73,175186,57,卖盘
372,09:48:33,30.73,159815,52,卖盘
373,09:48:36,30.74,233563,76,买盘
374,09:48:39,30.74,528686,172,买盘
375,09:48:42,30.74,159814,52,买盘
376,09:48:45,30.74,571743,186,买盘
377,09:48:48,30.74,193685,63,卖盘
378,09:48:51,30.74,1635717,532,卖盘
379,09:48:54,30.75,298373,97,中性盘
380,09:48:57,30.75,630459,205,卖盘
381,09:49:00,30.82,5645862,1833,买盘
382,09:49:03,30.79,240405,78,卖盘
383,09:49:06,30.82,246525,80,买盘
384,09:49:09,30.82,326653,106,买盘
385,09:49:12,30.82,147944,48,卖盘
386,09:49:15,30.83,699822,227,买盘
387,09:49:18,30.83,816960,265,买盘
388,09:49:21,30.83,542598,176,卖盘
389,09:49:24,30.84,474887,154,买盘
390,09:49:27,30.84,499493,162,买盘
391,09:49:30,30.83,465370,151,中性盘
392,09:49:33,30.79,345157,112,卖盘
393,09:49:36,30.84,1036006,336,买盘
394,09:49:39,30.83,117145,38,中性盘
395,09:49:42,30.83,668993,217,买盘
396,09:49:45,30.81,369979,120,卖盘
397,09:49:48,30.83,841683,273,买盘
398,09:49:51,30.84,786305,255,买盘
399,09:49:54,30.83,582671,189,卖盘
400,09:49:57,30.83,702932,228,买盘
401,09:50:00,30.83,542580,176,买盘
402,09:50:03,30.83,884368,287,买盘
403,09:50:06,30.81,459220,149,卖盘
404,09:50:09,30.83,203455,66,买盘
405,09:50:12,30.83,277459,90,买盘
406,09:50:15,30.83,280449,91,买盘
407,09:50:18,30.83,699779,227,买盘
408,09:50:21,30.83,292905,95,买盘
409,09:50:24,30.82,527216,171,卖盘
410,09:50:27,30.83,483977,157,买盘
411,09:50:30,30.83,382214,124,买盘
412,09:50:33,30.83,240470,78,买盘
413,09:50:36,30.83,437660,142,买盘
414,09:50:39,30.86,6209500,2013,买盘
415,09:50:42,30.84,345444,112,卖盘
416,09:50:45,30.84,789961,256,卖盘
417,09:50:48,30.86,305420,99,中性盘
418,09:50:51,30.86,398138,129,买盘
419,09:50:54,30.86,984449,319,买盘
420,09:50:57,30.84,1357372,440,卖盘
421,09:51:00,30.86,610911,198,买盘
422,09:51:03,30.84,943646,306,卖盘
423,09:51:06,30.85,370139,120,买盘
424,09:51:09,30.85,521331,169,买盘
425,09:51:12,30.85,271434,88,买盘
426,09:51:15,30.86,228319,74,买盘
427,09:51:18,30.85,681902,221,卖盘
428,09:51:21,30.86,169730,55,买盘
429,09:51:24,30.87,212948,69,买盘
430,09:51:27,30.86,1601957,519,卖盘
431,09:51:30,30.87,873678,283,买盘
432,09:51:33,30.87,299460,97,中性盘
433,09:51:36,30.88,1664386,539,买盘
434,09:51:39,30.9,1844273,597,买盘
435,09:51:42,30.9,370749,120,买盘
436,09:51:45,30.9,590114,191,买盘
437,09:51:48,30.9,1319329,427,买盘
438,09:51:51,30.9,1659297,537,买盘
439,09:51:54,30.91,1709039,553,买盘
440,09:51:57,30.93,729384,236,买盘
441,09:52:00,30.92,674136,218,卖盘
442,09:52:03,30.93,1017601,329,买盘
443,09:52:06,30.92,1552003,502,卖盘
444,09:52:09,30.9,2591880,839,卖盘
445,09:52:12,30.9,899564,291,买盘
446,09:52:15,30.9,398623,129,买盘
447,09:52:18,30.89,976316,316,中性盘
448,09:52:21,30.9,1086902,352,买盘
449,09:52:24,30.9,321346,104,买盘
450,09:52:27,30.88,1312965,425,卖盘
451,09:52:30,30.9,1146335,371,买盘
452,09:52:33,30.89,330591,107,卖盘
453,09:52:36,30.89,333633,108,卖盘
454,09:52:39,30.89,469530,152,卖盘
455,09:52:42,30.88,441647,143,卖盘
456,09:52:45,30.88,1154961,374,卖盘
457,09:52:48,30.88,703984,228,买盘
458,09:52:51,30.87,447649,145,卖盘
459,09:52:54,30.87,246967,80,卖盘
460,09:52:57,30.87,367342,119,买盘
461,09:53:00,30.86,259269,84,卖盘
462,09:53:03,30.86,222192,72,买盘
463,09:53:06,30.86,277716,90,买盘
464,09:53:09,30.83,857477,278,卖盘
465,09:53:12,30.85,444226,144,买盘
466,09:53:15,30.85,120264,39,买盘
467,09:53:18,30.85,712519,231,买盘
468,09:53:21,30.85,104859,34,买盘
469,09:53:24,30.83,77098,25,卖盘
470,09:53:27,30.83,178839,58,卖盘
471,09:53:30,30.83,92492,30,买盘
472,09:53:33,30.83,252834,82,卖盘
473,09:53:36,30.84,746222,242,中性盘
474,09:53:39,30.83,558022,181,卖盘
475,09:53:42,30.83,206561,67,买盘
476,09:53:45,30.83,323670,105,买盘
477,09:53:48,30.83,974178,316,买盘
478,09:53:51,30.83,628786,204,买盘
479,09:53:54,30.82,351369,114,卖盘
480,09:53:57,30.8,2571946,835,卖盘
481,09:54:00,30.79,409616,133,卖盘
482,09:54:03,30.78,181659,59,卖盘
483,09:54:06,30.8,123171,40,买盘
484,09:54:09,30.77,206241,67,卖盘
485,09:54:12,30.79,243204,79,买盘
486,09:54:15,30.77,862295,280,卖盘
487,09:54:18,30.79,363244,118,买盘
488,09:54:21,30.78,246246,80,卖盘
489,09:54:24,30.78,83109,27,卖盘
490,09:54:27,30.79,132380,43,买盘
491,09:54:30,30.79,197055,64,买盘
492,09:54:33,30.8,104700,34,买盘
493,09:54:36,30.8,206346,67,买盘
494,09:54:39,30.8,58517,19,买盘
495,09:54:42,30.8,659123,214,买盘
496,09:54:45,30.8,446622,145,卖盘
497,09:54:48,30.8,424991,138,买盘
498,09:54:51,30.8,203300,66,卖盘
499,09:54:54,30.8,261860,85,卖盘
500,09:54:57,30.81,295757,96,买盘
501,09:55:00,30.81,443764,144,买盘
502,09:55:03,30.81,785797,255,卖盘
503,09:55:06,30.82,372891,121,买盘
504,09:55:09,30.88,3934933,1275,买盘
505,09:55:12,30.88,33971,11,卖盘
506,09:55:15,30.89,169885,55,买盘
507,09:55:18,30.89,1081467,350,买盘
508,09:55:21,30.89,361451,117,卖盘
509,09:55:24,30.88,583786,189,卖盘
510,09:55:27,30.88,626826,203,买盘
511,09:55:30,30.88,358194,116,买盘
512,09:55:33,30.88,620685,201,买盘
513,09:55:36,30.88,367325,119,买盘
514,09:55:39,30.88,493995,160,买盘
515,09:55:42,30.86,768856,249,卖盘
516,09:55:45,30.86,317907,103,买盘
517,09:55:48,30.85,206735,67,卖盘
518,09:55:51,30.85,722060,234,卖盘
519,09:55:54,30.85,117222,38,买盘
520,09:55:57,30.85,240599,78,买盘
521,09:56:00,30.84,524421,170,中性盘
522,09:56:03,30.85,357802,116,买盘
523,09:56:06,30.85,317720,103,买盘
524,09:56:09,30.87,225269,73,买盘
525,09:56:12,30.87,172848,56,买盘
526,09:56:15,30.86,157408,51,卖盘
527,09:56:18,30.87,197566,64,买盘
528,09:56:21,30.87,953804,309,卖盘
529,09:56:24,30.87,888720,288,买盘
530,09:56:27,30.87,506182,164,买盘
531,09:56:30,30.87,379695,123,买盘
532,09:56:33,30.87,120393,39,卖盘
533,09:56:36,30.86,1648467,534,卖盘
534,09:56:39,30.87,1203852,390,买盘
535,09:56:42,30.87,481586,156,买盘
536,09:56:45,30.87,345652,112,买盘
537,09:56:48,30.87,200644,65,买盘
538,09:56:51,30.87,601989,195,买盘
539,09:56:54,30.87,123490,40,卖盘
540,09:56:57,30.88,142034,46,买盘
541,09:57:00,30.87,336571,109,卖盘
542,09:57:03,30.88,1630456,528,买盘
543,09:57:06,30.88,3532465,1144,买盘
544,09:57:09,30.88,663889,215,买盘
545,09:57:12,30.88,361293,117,买盘
546,09:57:15,30.88,947911,307,买盘
547,09:57:18,30.88,163658,53,买盘
548,09:57:21,30.88,549631,178,卖盘
549,09:57:24,30.88,367546,119,卖盘
550,09:57:27,30.88,4363149,1413,卖盘
551,09:57:30,30.87,796308,258,中性盘
552,09:57:33,30.88,478603,155,买盘
553,09:57:36,30.88,225366,73,买盘
554,09:57:39,30.88,114229,37,买盘
555,09:57:42,30.87,111135,36,卖盘
556,09:57:45,30.88,271595,88,买盘
557,09:57:48,30.87,228411,74,买盘
558,09:57:51,30.87,543424,176,买盘
559,09:57:54,30.87,206829,67,卖盘
560,09:57:57,30.88,253144,82,买盘
561,09:58:00,30.88,203757,66,买盘
562,09:58:03,30.85,1256322,407,卖盘
563,09:58:06,30.86,669554,217,中性盘
564,09:58:09,30.85,83333,27,卖盘
565,09:58:12,30.85,172776,56,卖盘
566,09:58:15,30.86,9258,3,买盘
567,09:58:18,30.86,111096,36,买盘
568,09:58:21,30.86,86395,28,中性盘
569,09:58:24,30.86,283857,92,买盘
570,09:58:27,30.85,327014,106,卖盘
571,09:58:30,30.85,138849,45,买盘
572,09:58:33,30.84,61680,20,卖盘
573,09:58:36,30.85,832718,270,买盘
574,09:58:39,30.85,61681,20,买盘
575,09:58:42,30.82,869339,282,卖盘
576,09:58:45,30.82,55496,18,卖盘
577,09:58:48,30.82,46242,15,卖盘
578,09:58:51,30.83,203446,66,买盘
579,09:58:54,30.84,135668,44,买盘
580,09:58:57,30.83,354570,115,卖盘
581,09:59:00,30.83,360698,117,买盘
582,09:59:03,30.84,333049,108,买盘
583,09:59:06,30.85,302235,98,买盘
584,09:59:09,30.84,441127,143,卖盘
585,09:59:12,30.83,151113,49,卖盘
586,09:59:15,30.87,1095276,355,买盘
587,09:59:18,30.89,5895110,1909,买盘
588,09:59:21,30.9,3148744,1019,买盘
589,09:59:24,30.9,43260,14,卖盘
590,09:59:27,30.91,49448,16,买盘
591,09:59:30,30.9,132892,43,卖盘
592,09:59:33,30.91,386371,125,买盘
593,09:59:36,30.92,575085,186,买盘
594,09:59:39,30.92,281351,91,买盘
595,09:59:42,30.92,565757,183,买盘
596,09:59:45,30.92,200989,65,卖盘
597,09:59:48,30.92,349488,113,卖盘
598,09:59:51,30.93,763960,247,买盘
599,09:59:54,30.93,862868,279,买盘
600,09:59:57,30.93,476317,154,卖盘
601,10:00:00,30.94,374344,121,买盘
602,10:00:03,30.94,993097,321,买盘
603,10:00:06,30.93,1302650,421,卖盘
604,10:00:09,30.94,841556,272,买盘
605,10:00:12,30.93,507319,164,卖盘
606,10:00:15,30.94,148493,48,买盘
607,10:00:18,30.94,971377,314,买盘
608,10:00:21,30.93,383590,124,卖盘
609,10:00:24,30.94,686800,222,买盘
610,10:00:27,30.93,544434,176,卖盘
611,10:00:30,30.93,637235,206,卖盘
612,10:00:33,30.93,1107527,358,卖盘
613,10:00:36,30.93,395891,128,买盘
614,10:00:39,30.92,708182,229,卖盘
615,10:00:42,30.94,1230962,398,买盘
616,10:00:45,30.92,188634,61,中性盘
617,10:00:48,30.91,318448,103,卖盘
618,10:00:51,30.92,528721,171,买盘
619,10:00:54,30.92,398956,129,卖盘
620,10:00:57,30.93,862912,279,买盘
621,10:01:00,30.93,2190401,708,卖盘
622,10:01:03,30.97,5994140,1936,买盘
623,10:01:06,30.98,1189600,384,买盘
624,10:01:09,30.98,588564,190,买盘
625,10:01:12,30.98,1329000,429,买盘
626,10:01:15,30.97,1867900,603,中性盘
627,10:01:18,30.98,1834084,592,买盘
628,10:01:21,30.98,1295239,418,卖盘
629,10:01:24,30.98,570083,184,卖盘
630,10:01:27,30.98,1846753,596,卖盘
631,10:01:30,30.98,706308,228,卖盘
632,10:01:33,30.98,2834651,915,买盘
633,10:01:36,30.98,1449947,468,买盘
634,10:01:39,30.97,2562464,827,卖盘
635,10:01:42,30.98,594838,192,买盘
636,10:01:45,30.98,467806,151,卖盘
637,10:01:48,30.98,1502851,485,卖盘
638,10:01:51,30.98,647493,209,卖盘
639,10:01:54,30.99,2020404,652,买盘
640,10:01:57,30.99,675510,218,买盘
641,10:02:00,31.0,7020907,2265,买盘
642,10:02:03,31.0,4513416,1456,买盘
643,10:02:06,31.02,8019194,2586,买盘
644,10:02:09,31.04,967700,312,买盘
645,10:02:12,31.05,928138,299,买盘
646,10:02:15,31.05,2130021,686,买盘
647,10:02:18,31.05,1850586,596,买盘
648,10:02:21,31.06,872692,281,买盘
649,10:02:24,31.06,2599430,837,买盘
650,10:02:27,31.07,1580965,509,买盘
651,10:02:30,31.06,6402835,2062,卖盘
652,10:02:33,31.05,1198511,386,中性盘
653,10:02:36,31.04,2012243,648,中性盘
654,10:02:39,31.04,658007,212,买盘
655,10:02:42,31.04,776085,250,买盘
656,10:02:45,31.04,1105115,356,卖盘
657,10:02:48,31.04,1492790,481,中性盘
658,10:02:51,31.03,1123389,362,买盘
659,10:02:54,31.04,1269090,409,买盘
660,10:02:57,31.01,809427,261,卖盘
661,10:03:00,31.01,803288,259,买盘
662,10:03:03,31.01,790943,255,买盘
663,10:03:06,31.01,949398,306,卖盘
664,10:03:09,31.02,167512,54,买盘
665,10:03:12,31.03,406378,131,买盘
666,10:03:15,31.03,1284544,414,买盘
667,10:03:18,31.04,794346,256,买盘
668,10:03:21,31.04,692000,223,买盘
669,10:03:24,31.02,1554457,501,卖盘
670,10:03:27,31.03,1461244,471,买盘
671,10:03:30,31.04,533739,172,买盘
672,10:03:33,31.04,527578,170,买盘
673,10:03:36,31.04,1719541,554,买盘
674,10:03:39,31.05,890919,287,买盘
675,10:03:42,31.05,931259,300,买盘
676,10:03:45,31.05,1536713,495,买盘
677,10:03:48,31.06,1630085,525,买盘
678,10:03:51,31.05,2009447,647,卖盘
679,10:03:54,31.06,745478,240,买盘
680,10:03:57,31.07,3752819,1208,买盘
681,10:04:00,31.05,848025,273,卖盘
682,10:04:03,31.06,1193083,384,中性盘
683,10:04:06,31.07,2394967,771,买盘
684,10:04:09,31.07,1015822,327,卖盘
685,10:04:12,31.08,1115381,359,买盘
686,10:04:15,31.05,8407037,2707,卖盘
687,10:04:18,31.06,2844229,916,买盘
688,10:04:21,31.05,869596,280,中性盘
689,10:04:24,31.05,1123920,362,买盘
690,10:04:27,31.05,649061,209,买盘
691,10:04:30,31.05,419159,135,卖盘
692,10:04:33,31.03,1031187,332,中性盘
693,10:04:36,31.05,1326140,427,买盘
694,10:04:39,31.06,534076,172,买盘
695,10:04:42,31.05,1254690,404,卖盘
696,10:04:45,31.05,2461662,793,卖盘
697,10:04:48,31.05,571279,184,买盘
698,10:04:51,31.04,670706,216,中性盘
699,10:04:54,31.03,564863,182,卖盘
700,10:04:57,31.04,481091,155,买盘
701,10:05:00,31.03,1300382,419,卖盘
702,10:05:03,31.03,335130,108,买盘
703,10:05:06,31.04,412745,133,买盘
704,10:05:09,31.02,493181,159,卖盘
705,10:05:12,31.01,431159,139,卖盘
706,10:05:15,31.01,1541710,497,卖盘
707,10:05:18,31.01,3748027,1209,卖盘
708,10:05:21,31.0,275895,89,中性盘
709,10:05:24,30.97,904546,292,卖盘
710,10:05:27,30.95,829570,268,卖盘
711,10:05:30,30.94,795402,257,卖盘
712,10:05:33,30.94,37128,12,卖盘
713,10:05:36,30.94,157760,51,中性盘
714,10:05:39,30.93,433034,140,卖盘
715,10:05:42,30.93,386639,125,买盘
716,10:05:45,30.94,662000,214,买盘
717,10:05:48,30.96,677826,219,买盘
718,10:05:51,30.98,501658,162,买盘
719,10:05:54,30.98,15490,5,卖盘
720,10:05:57,31.0,340945,110,买盘
721,10:06:00,30.99,393722,127,卖盘
722,10:06:03,31.01,319371,103,买盘
723,10:06:06,30.99,319282,103,卖盘
724,10:06:09,31.0,781008,252,买盘
725,10:06:12,31.0,827671,267,买盘
726,10:06:15,31.0,328591,106,买盘
727,10:06:18,31.0,272822,88,买盘
728,10:06:21,30.99,1124858,363,卖盘
729,10:06:24,30.98,275759,89,卖盘
730,10:06:27,30.97,161083,52,卖盘
731,10:06:30,30.97,247818,80,卖盘
732,10:06:33,30.98,195158,63,买盘
733,10:06:36,30.98,464690,150,卖盘
734,10:06:39,30.98,232394,75,卖盘
735,10:06:42,30.98,148710,48,卖盘
736,10:06:45,30.98,700172,226,卖盘
737,10:06:48,30.98,353169,114,买盘
738,10:06:51,30.98,263295,85,买盘
739,10:06:54,30.97,291149,94,卖盘
740,10:06:57,30.97,281861,91,卖盘
741,10:07:00,30.96,696774,225,卖盘
742,10:07:03,30.96,151737,49,卖盘
743,10:07:06,30.96,829784,268,卖盘
744,10:07:09,30.96,216710,70,买盘
745,10:07:12,30.96,405534,131,买盘
746,10:07:15,30.94,445690,144,卖盘
747,10:07:18,30.95,52615,17,买盘
748,10:07:21,30.95,195008,63,买盘
749,10:07:24,30.95,284734,92,卖盘
750,10:07:27,30.95,303297,98,买盘
751,10:07:30,30.93,1290012,417,卖盘
752,10:07:33,30.93,219603,71,买盘
753,10:07:36,30.92,287600,93,卖盘
754,10:07:39,30.92,170079,55,卖盘
755,10:07:42,30.92,92765,30,卖盘
756,10:07:45,30.92,139139,45,卖盘
757,10:07:48,30.92,247300,80,买盘
758,10:07:51,30.91,642969,208,卖盘
759,10:07:54,30.91,139095,45,买盘
760,10:07:57,30.91,516174,167,买盘
761,10:08:00,30.91,584106,189,买盘
762,10:08:03,30.9,890036,288,卖盘
763,10:08:06,30.9,312091,101,卖盘
764,10:08:09,30.9,83430,27,买盘
765,10:08:12,30.89,293503,95,卖盘
766,10:08:15,30.89,571609,185,卖盘
767,10:08:18,30.89,213142,69,卖盘
768,10:08:21,30.89,132827,43,买盘
769,10:08:24,30.89,1970259,638,买盘
770,10:08:27,30.9,503604,163,买盘
771,10:08:30,30.9,546806,177,买盘
772,10:08:33,30.9,262644,85,买盘
773,10:08:36,30.9,71072,23,卖盘
774,10:08:39,30.92,216366,70,买盘
775,10:08:42,30.91,676765,219,卖盘
776,10:08:45,30.92,306078,99,买盘
777,10:08:48,30.91,2025791,655,中性盘
778,10:08:51,30.9,995552,322,卖盘
779,10:08:54,30.92,173134,56,中性盘
780,10:08:57,30.92,374047,121,买盘
781,10:09:00,30.89,2555240,827,卖盘
782,10:09:03,30.89,339823,110,买盘
783,10:09:06,30.89,179143,58,买盘
784,10:09:09,30.88,444811,144,卖盘
785,10:09:12,30.88,228449,74,买盘
786,10:09:15,30.89,904909,293,买盘
787,10:09:18,30.88,126608,41,卖盘
788,10:09:21,30.88,132755,43,买盘
789,10:09:24,30.88,701079,227,卖盘
790,10:09:27,30.88,367481,119,卖盘
791,10:09:30,30.89,1315679,426,买盘
792,10:09:33,30.89,339790,110,卖盘
793,10:09:36,30.89,1859593,602,卖盘
794,10:09:39,30.89,982205,318,卖盘
795,10:09:42,30.88,213126,69,卖盘
796,10:09:45,30.88,262501,85,买盘
797,10:09:48,30.89,104993,34,买盘
798,10:09:51,30.89,200735,65,买盘
799,10:09:54,30.88,370567,120,卖盘
800,10:09:57,30.88,247039,80,买盘
801,10:10:00,30.88,321121,104,买盘
802,10:10:03,30.88,203762,66,买盘
803,10:10:06,30.88,651438,211,买盘
804,10:10:09,30.87,145100,47,卖盘
805,10:10:12,30.87,496884,161,买盘
806,10:10:15,30.86,724954,235,卖盘
807,10:10:18,30.86,61720,20,买盘
808,10:10:21,30.86,438252,142,买盘
809,10:10:24,30.86,92566,30,买盘
810,10:10:27,30.85,200514,65,卖盘
811,10:10:30,30.84,323920,105,卖盘
812,10:10:33,30.83,1402971,455,卖盘
813,10:10:36,30.83,169545,55,买盘
814,10:10:39,30.8,4982040,1617,卖盘
815,10:10:42,30.83,326796,106,买盘
816,10:10:45,30.83,175736,57,卖盘
817,10:10:48,30.82,342218,111,卖盘
818,10:10:51,30.83,471682,153,买盘
819,10:10:54,30.84,221932,72,买盘
820,10:10:57,30.82,200395,65,卖盘
821,10:11:00,30.83,761006,247,买盘
822,10:11:03,30.83,850906,276,买盘
823,10:11:06,30.83,249668,81,买盘
824,10:11:09,30.83,197309,64,买盘
825,10:11:12,30.83,120242,39,中性盘
826,10:11:15,30.84,246719,80,买盘
827,10:11:18,30.84,416285,135,买盘
828,10:11:21,30.84,138788,45,卖盘
829,10:11:24,30.84,314646,102,卖盘
830,10:11:27,30.85,305414,99,中性盘
831,10:11:30,30.85,459655,149,卖盘
832,10:11:33,30.85,552096,179,买盘
833,10:11:36,30.84,690699,224,中性盘
834,10:11:39,30.85,619924,201,买盘
835,10:11:42,30.84,845187,274,卖盘
836,10:11:45,30.85,141850,46,买盘
837,10:11:48,30.85,30850,10,买盘
838,10:11:51,30.85,484331,157,买盘
839,10:11:54,30.85,138825,45,卖盘
840,10:11:57,30.85,539930,175,卖盘
841,10:12:00,30.86,533727,173,买盘
842,10:12:03,30.85,30853,10,卖盘
843,10:12:06,30.86,52454,17,买盘
844,10:12:09,30.85,493604,160,卖盘
845,10:12:12,30.85,579954,188,买盘
846,10:12:15,30.85,302383,98,卖盘
847,10:12:18,30.85,616991,200,卖盘
848,10:12:21,30.86,296178,96,买盘
849,10:12:24,30.86,1005440,326,买盘
850,10:12:27,30.85,151203,49,中性盘
851,10:12:30,30.86,376492,122,买盘
852,10:12:33,30.85,450423,146,卖盘
853,10:12:36,30.86,1509295,489,买盘
854,10:12:39,30.86,302412,98,买盘
855,10:12:42,30.85,345611,112,卖盘
856,10:12:45,30.86,246852,80,买盘
857,10:12:48,30.87,342539,111,买盘
858,10:12:51,30.86,620160,201,中性盘
859,10:12:54,30.86,74055,24,买盘
860,10:12:57,30.86,33946,11,买盘
861,10:13:00,30.87,225282,73,买盘
862,10:13:03,30.87,793120,257,买盘
863,10:13:06,30.86,30865,10,卖盘
864,10:13:09,30.87,262390,85,买盘
865,10:13:12,30.88,422976,137,买盘
866,10:13:15,30.88,203799,66,买盘
867,10:13:18,30.87,370481,120,卖盘
868,10:13:21,30.89,419947,136,买盘
869,10:13:24,30.88,423058,137,中性盘
870,10:13:27,30.88,392196,127,买盘
871,10:13:30,30.88,222362,72,卖盘
872,10:13:33,30.88,132790,43,卖盘
873,10:13:36,30.89,262533,85,买盘
874,10:13:39,30.87,1111662,360,卖盘
875,10:13:42,30.89,1902546,616,买盘
876,10:13:45,30.85,1426271,462,卖盘
877,10:13:48,30.86,98752,32,买盘
878,10:13:51,30.86,342540,111,买盘
879,10:13:54,30.86,762202,247,买盘
880,10:13:57,30.88,339557,110,买盘
881,10:14:00,30.88,160495,52,卖盘
882,10:14:03,30.89,83339,27,买盘
883,10:14:06,30.89,247085,80,买盘
884,10:14:09,30.9,1489240,482,买盘
885,10:14:12,30.89,129738,42,卖盘
886,10:14:15,30.92,856484,277,买盘
887,10:14:18,30.93,429815,139,买盘
888,10:14:21,30.93,98972,32,买盘
889,10:14:24,30.93,825643,267,买盘
890,10:14:27,30.93,210297,68,买盘
891,10:14:30,30.93,504135,163,买盘
892,10:14:33,30.93,145372,47,卖盘
893,10:14:36,30.93,479423,155,卖盘
894,10:14:39,30.93,182487,59,买盘
895,10:14:42,30.93,253667,82,买盘
896,10:14:45,30.93,182481,59,卖盘
897,10:14:48,30.94,414567,134,买盘
898,10:14:51,30.93,253633,82,卖盘
899,10:14:54,30.94,377357,122,买盘
900,10:14:57,30.94,504265,163,买盘
901,10:15:00,30.93,575483,186,卖盘
902,10:15:03,30.94,284568,92,买盘
903,10:15:06,30.91,436102,141,卖盘
904,10:15:09,30.94,225809,73,买盘
905,10:15:12,30.94,618771,200,买盘
906,10:15:15,30.91,222562,72,卖盘
907,10:15:18,30.92,185453,60,买盘
908,10:15:21,30.92,21644,7,买盘
909,10:15:24,30.91,621229,201,卖盘
910,10:15:27,30.91,102002,33,买盘
911,10:15:30,30.92,136022,44,买盘
912,10:15:33,30.93,71127,23,买盘
913,10:15:36,30.92,58746,19,卖盘
914,10:15:39,30.92,105119,34,买盘
915,10:15:42,30.92,380248,123,买盘
916,10:15:45,30.93,68042,22,买盘
917,10:15:48,30.93,83488,27,买盘
918,10:15:51,30.92,102059,33,卖盘
919,10:15:54,30.92,627686,203,卖盘
920,10:15:57,30.93,386482,125,买盘
921,10:16:00,30.92,129851,42,卖盘
922,10:16:03,30.92,358621,116,买盘
923,10:16:06,30.9,43269,14,卖盘
924,10:16:09,30.91,194717,63,买盘
925,10:16:12,30.91,247284,80,卖盘
926,10:16:15,30.91,513178,166,卖盘
927,10:16:18,30.91,185470,60,卖盘
928,10:16:21,30.91,231826,75,卖盘
929,10:16:24,30.91,157652,51,卖盘
930,10:16:27,30.91,188564,61,卖盘
931,10:16:30,30.91,194753,63,卖盘
932,10:16:33,30.9,290479,94,卖盘
933,10:16:36,30.9,367736,119,卖盘
934,10:16:39,30.9,352261,114,卖盘
935,10:16:42,30.9,166912,54,中性盘
936,10:16:45,30.89,398627,129,卖盘
937,10:16:48,30.89,108141,35,卖盘
938,10:16:51,30.9,46348,15,买盘
939,10:16:54,30.89,40157,13,卖盘
940,10:16:57,30.9,33988,11,买盘
941,10:17:00,30.89,117384,38,卖盘
942,10:17:03,30.88,401564,130,卖盘
943,10:17:06,30.88,89556,29,卖盘
944,10:17:09,30.88,104992,34,卖盘
945,10:17:12,30.88,299537,97,卖盘
946,10:17:15,30.87,608289,197,卖盘
947,10:17:18,30.86,506115,164,卖盘
948,10:17:21,30.87,219108,71,买盘
949,10:17:24,30.86,422786,137,卖盘
950,10:17:27,30.86,188280,61,卖盘
951,10:17:30,30.87,308684,100,买盘
952,10:17:33,30.87,175959,57,卖盘
953,10:17:36,30.87,237679,77,买盘
954,10:17:39,30.87,441400,143,买盘
955,10:17:42,30.86,80236,26,卖盘
956,10:17:45,30.87,172845,56,买盘
957,10:17:48,30.86,154326,50,卖盘
958,10:17:51,30.86,129605,42,买盘
959,10:17:54,30.85,175860,57,卖盘
960,10:17:57,30.85,49369,16,卖盘
961,10:18:00,30.85,249885,81,卖盘
962,10:18:03,30.86,191304,62,买盘
963,10:18:06,30.85,860927,279,卖盘
964,10:18:09,30.85,185107,60,卖盘
965,10:18:12,30.85,243715,79,卖盘
966,10:18:15,30.85,237556,77,卖盘
967,10:18:18,30.86,98740,32,买盘
968,10:18:21,30.86,320851,104,买盘
969,10:18:24,30.86,558514,181,买盘
970,10:18:27,30.86,249939,81,买盘
971,10:18:30,30.85,317814,103,卖盘
972,10:18:33,30.85,598742,194,卖盘
973,10:18:36,30.86,49376,16,卖盘
974,10:18:39,30.87,573836,186,买盘
975,10:18:42,30.86,108024,35,卖盘
976,10:18:45,30.86,86428,28,卖盘
977,10:18:48,30.87,74072,24,买盘
978,10:18:51,30.86,95675,31,卖盘
979,10:18:54,30.86,37033,12,卖盘
980,10:18:57,30.87,222211,72,买盘
981,10:19:00,30.87,145051,47,买盘
982,10:19:03,30.87,80253,26,买盘
983,10:19:06,30.87,265478,86,买盘
984,10:19:09,30.86,296280,96,卖盘
985,10:19:12,30.86,30859,10,买盘
986,10:19:15,30.86,345559,112,买盘
987,10:19:18,30.85,277689,90,卖盘
988,10:19:21,30.87,178995,58,买盘
989,10:19:24,30.86,179005,58,卖盘
990,10:19:27,30.87,40128,13,买盘
991,10:19:30,30.92,2407450,779,买盘
992,10:19:33,30.93,464070,150,买盘
993,10:19:36,30.97,1662258,537,买盘
994,10:19:39,31.03,12232841,3946,买盘
995,10:19:42,31.03,1030159,332,买盘
996,10:19:45,31.04,580441,187,买盘
997,10:19:48,31.04,403490,130,买盘
998,10:19:51,31.04,1729006,557,卖盘
999,10:19:54,31.03,242019,78,买盘
1000,10:19:57,31.01,381590,123,卖盘
1001,10:20:00,31.04,586412,189,买盘
1002,10:20:03,31.01,350666,113,卖盘
1003,10:20:06,31.04,1291398,416,买盘
1004,10:20:09,31.04,332068,107,卖盘
1005,10:20:12,31.02,1222658,394,卖盘
1006,10:20:15,31.03,350696,113,中性盘
1007,10:20:18,31.04,471700,152,买盘
1008,10:20:21,31.03,471706,152,中性盘
1009,10:20:24,31.04,1902662,613,买盘
1010,10:20:27,31.04,847255,273,买盘
1011,10:20:30,31.04,937365,302,买盘
1012,10:20:33,31.04,816365,263,卖盘
1013,10:20:36,31.04,1024434,330,买盘
1014,10:20:39,31.02,1017783,328,卖盘
1015,10:20:42,31.02,235750,76,买盘
1016,10:20:45,31.01,257490,83,卖盘
1017,10:20:48,31.02,229536,74,买盘
1018,10:20:51,31.01,139581,45,卖盘
1019,10:20:54,31.02,338065,109,买盘
1020,10:20:57,31.0,542697,175,卖盘
1021,10:21:00,31.01,979789,316,买盘
1022,10:21:03,31.01,1262410,407,买盘
1023,10:21:06,31.01,961262,310,买盘
1024,10:21:09,31.0,644958,208,卖盘
1025,10:21:12,31.01,604646,195,买盘
1026,10:21:15,31.02,1128911,364,买盘
1027,10:21:18,31.03,195439,63,买盘
1028,10:21:21,31.02,397072,128,卖盘
1029,10:21:24,31.02,294688,95,买盘
1030,10:21:27,31.02,474567,153,买盘
1031,10:21:30,31.02,757087,244,卖盘
1032,10:21:33,31.02,338163,109,卖盘
1033,10:21:36,31.03,741477,239,买盘
1034,10:21:39,31.03,657710,212,买盘
1035,10:21:42,31.02,1160378,374,卖盘
1036,10:21:45,31.02,691715,223,买盘
1037,10:21:48,31.02,452982,146,买盘
1038,10:21:51,31.02,418754,135,卖盘
1039,10:21:54,31.02,353604,114,买盘
1040,10:21:57,31.02,251267,81,卖盘
1041,10:22:00,31.03,567758,183,买盘
1042,10:22:03,31.03,1054761,340,买盘
1043,10:22:06,31.03,214095,69,买盘
1044,10:22:09,31.03,490226,158,买盘
1045,10:22:12,31.03,738465,238,买盘
1046,10:22:15,31.02,859444,277,卖盘
1047,10:22:18,31.03,350570,113,买盘
1048,10:22:21,31.03,1368303,441,买盘
1049,10:22:24,31.02,179937,58,卖盘
1050,10:22:27,31.03,778791,251,买盘
1051,10:22:30,31.03,524407,169,卖盘
1052,10:22:33,31.03,611301,197,卖盘
1053,10:22:36,31.03,276162,89,买盘
1054,10:22:39,31.03,291651,94,买盘
1055,10:22:42,31.03,288569,93,买盘
1056,10:22:45,31.02,589517,190,卖盘
1057,10:22:48,31.03,589479,190,买盘
1058,10:22:51,31.03,384753,124,卖盘
1059,10:22:54,31.01,378498,122,卖盘
1060,10:22:57,31.03,260623,84,买盘
1061,10:23:00,31.03,179956,58,买盘
1062,10:23:03,31.03,434314,140,买盘
1063,10:23:06,31.01,338198,109,卖盘
1064,10:23:09,31.02,431183,139,买盘
1065,10:23:12,31.01,365953,118,卖盘
1066,10:23:15,31.0,815555,263,卖盘
1067,10:23:18,31.02,3472727,1120,买盘
1068,10:23:21,31.02,307113,99,卖盘
1069,10:23:24,31.01,663438,214,卖盘
1070,10:23:27,30.99,61994,20,卖盘
1071,10:23:30,31.0,158107,51,买盘
1072,10:23:33,31.0,313129,101,卖盘
1073,10:23:36,31.0,589151,190,卖盘
1074,10:23:39,31.0,520783,168,卖盘
1075,10:23:42,31.0,142598,46,买盘
1076,10:23:45,31.0,145687,47,买盘
1077,10:23:48,31.0,1360698,439,买盘
1078,10:23:51,31.0,300627,97,买盘
1079,10:23:54,31.0,89885,29,买盘
1080,10:23:57,31.0,269615,87,买盘
1081,10:24:00,30.98,343946,111,卖盘
1082,10:24:03,30.96,1715981,554,卖盘
1083,10:24:06,30.98,309684,100,买盘
1084,10:24:09,30.97,46458,15,中性盘
1085,10:24:12,30.96,161077,52,卖盘
1086,10:24:15,30.96,390154,126,卖盘
1087,10:24:18,30.96,142415,46,买盘
1088,10:24:21,30.96,154760,50,买盘
1089,10:24:24,30.96,133116,43,买盘
1090,10:24:27,30.95,136177,44,卖盘
1091,10:24:30,30.94,389987,126,卖盘
1092,10:24:33,30.94,671559,217,卖盘
1093,10:24:36,30.93,80431,26,卖盘
1094,10:24:39,30.94,55692,18,买盘
1095,10:24:42,30.94,628077,203,买盘
1096,10:24:45,30.94,80444,26,卖盘
1097,10:24:48,30.95,120686,39,买盘
1098,10:24:51,30.94,485885,157,卖盘
1099,10:24:54,30.94,250620,81,卖盘
1100,10:24:57,30.95,46422,15,买盘
1101,10:25:00,30.94,303241,98,卖盘
1102,10:25:03,30.94,442480,143,卖盘
1103,10:25:06,30.94,173271,56,卖盘
1104,10:25:09,30.95,250678,81,买盘
1105,10:25:12,30.94,80458,26,卖盘
1106,10:25:15,30.95,86651,28,买盘
1107,10:25:18,30.95,86660,28,买盘
1108,10:25:21,30.95,433319,140,卖盘
1109,10:25:24,30.96,151693,49,买盘
1110,10:25:27,30.95,86680,28,卖盘
1111,10:25:30,30.96,256968,83,买盘
1112,10:25:33,30.97,27869,9,买盘
1113,10:25:36,30.96,473757,153,卖盘
1114,10:25:39,30.95,2092241,676,卖盘
1115,10:25:42,30.96,708942,229,买盘
1116,10:25:45,30.95,126892,41,买盘
1117,10:25:48,30.95,232115,75,买盘
1118,10:25:51,30.95,123800,40,买盘
1119,10:25:54,30.95,86660,28,卖盘
1120,10:25:57,30.95,1234676,399,卖盘
1121,10:26:00,30.94,402259,130,卖盘
1122,10:26:03,30.95,426896,138,买盘
1123,10:26:06,30.94,655931,212,卖盘
1124,10:26:09,30.93,182518,59,卖盘
1125,10:26:12,30.93,108282,35,卖盘
1126,10:26:15,30.94,77345,25,买盘
1127,10:26:18,30.93,86611,28,卖盘
1128,10:26:21,30.93,467163,151,买盘
1129,10:26:24,30.93,37107,12,买盘
1130,10:26:27,30.93,139155,45,买盘
1131,10:26:30,30.91,395831,128,卖盘
1132,10:26:33,30.92,689505,223,买盘
1133,10:26:36,30.92,120588,39,买盘
1134,10:26:39,30.91,52549,17,卖盘
1135,10:26:42,30.91,788221,255,卖盘
1136,10:26:45,30.91,188566,61,卖盘
1137,10:26:48,30.92,754496,244,买盘
1138,10:26:51,30.91,278185,90,卖盘
1139,10:26:54,30.91,15455,5,买盘
1140,10:26:57,30.9,241033,78,卖盘
1141,10:27:00,30.89,2598617,841,卖盘
1142,10:27:03,30.9,386250,125,买盘
1143,10:27:06,30.9,117415,38,买盘
1144,10:27:09,30.9,74150,24,买盘
1145,10:27:12,30.9,358422,116,买盘
1146,10:27:15,30.9,139050,45,买盘
1147,10:27:18,30.9,157578,51,买盘
1148,10:27:21,30.9,463403,150,卖盘
1149,10:27:24,30.9,74159,24,买盘
1150,10:27:27,30.9,77243,25,卖盘
1151,10:27:30,30.89,389333,126,卖盘
1152,10:27:33,30.9,200850,65,买盘
1153,10:27:36,30.91,275014,89,买盘
1154,10:27:39,30.9,179220,58,卖盘
1155,10:27:42,30.9,80340,26,卖盘
1156,10:27:45,30.89,231743,75,卖盘
1157,10:27:48,30.91,237940,77,买盘
1158,10:27:51,30.91,86538,28,买盘
1159,10:27:54,30.91,98893,32,买盘
1160,10:27:57,30.91,120542,39,买盘
1161,10:28:00,30.9,920926,298,卖盘
1162,10:28:03,30.91,581147,188,卖盘
1163,10:28:06,30.92,27827,9,买盘
1164,10:28:09,30.92,80381,26,买盘
1165,10:28:12,30.92,132946,43,买盘
1166,10:28:15,30.92,120597,39,买盘
1167,10:28:18,30.92,43288,14,卖盘
1168,10:28:21,30.93,111327,36,买盘
1169,10:28:24,30.93,129904,42,买盘
1170,10:28:27,30.93,68042,22,买盘
1171,10:28:30,30.93,71150,23,卖盘
1172,10:28:33,30.93,77328,25,卖盘
1173,10:28:36,30.94,358821,116,买盘
1174,10:28:39,30.94,430017,139,买盘
1175,10:28:42,30.94,736331,238,买盘
1176,10:28:45,30.93,368070,119,中性盘
1177,10:28:48,30.94,414514,134,买盘
1178,10:28:51,30.93,27845,9,卖盘
1179,10:28:54,30.94,157789,51,卖盘
1180,10:28:57,30.94,34033,11,买盘
1181,10:29:00,30.94,204194,66,买盘
1182,10:29:03,30.95,216561,70,买盘
1183,10:29:06,30.94,74256,24,卖盘
1184,10:29:09,30.94,117583,38,卖盘
1185,10:29:12,30.95,334177,108,买盘
1186,10:29:15,30.95,346565,112,买盘
1187,10:29:18,30.96,1219332,394,买盘
1188,10:29:21,30.96,170288,55,买盘
1189,10:29:24,30.97,77425,25,买盘
1190,10:29:27,30.97,325131,105,买盘
1191,10:29:30,30.97,139365,45,买盘
1192,10:29:33,30.98,712540,230,买盘
1193,10:29:36,30.98,815032,263,卖盘
1194,10:29:39,30.99,148752,48,买盘
1195,10:29:42,30.99,297504,96,买盘
1196,10:29:48,31.0,486665,157,买盘
1197,10:29:51,30.99,2486132,802,卖盘
1198,10:29:54,30.99,1621226,523,卖盘
1199,10:29:57,31.0,564196,182,买盘
1200,10:30:00,31.0,1475559,476,买盘
1201,10:30:03,31.0,1422876,459,买盘
1202,10:30:06,31.0,669547,216,买盘
1203,10:30:09,31.01,1379609,445,买盘
1204,10:30:12,31.02,924251,298,买盘
1205,10:30:15,31.03,3155565,1017,买盘
1206,10:30:18,31.04,155162,50,买盘
1207,10:30:21,31.04,956011,308,买盘
1208,10:30:24,31.03,940499,303,卖盘
1209,10:30:27,31.03,574142,185,卖盘
1210,10:30:30,31.04,443872,143,买盘
1211,10:30:33,31.04,661152,213,买盘
1212,10:30:36,31.03,838057,270,卖盘
1213,10:30:39,31.04,1222775,394,买盘
1214,10:30:42,31.03,366197,118,卖盘
1215,10:30:45,31.03,574039,185,买盘
1216,10:30:48,31.02,291645,94,卖盘
1217,10:30:51,31.03,248190,80,买盘
1218,10:30:54,31.03,195494,63,卖盘
1219,10:30:57,31.03,263783,85,卖盘
1220,10:31:00,31.03,353723,114,买盘
1221,10:31:03,31.02,366059,118,卖盘
1222,10:31:06,31.02,524272,169,中性盘
1223,10:31:09,31.02,428060,138,买盘
1224,10:31:12,31.03,372236,120,买盘
1225,10:31:15,31.02,183018,59,卖盘
1226,10:31:18,31.03,121017,39,买盘
1227,10:31:21,31.03,300977,97,买盘
1228,10:31:24,31.02,80663,26,卖盘
1229,10:31:27,31.03,229599,74,买盘
1230,10:31:30,31.03,285463,92,买盘
1231,10:31:33,31.02,527387,170,卖盘
1232,10:31:36,31.02,688656,222,卖盘
1233,10:31:39,31.02,133386,43,买盘
1234,10:31:42,31.02,260569,84,买盘
1235,10:31:45,31.01,80640,26,卖盘
1236,10:31:48,31.01,483796,156,卖盘
1237,10:31:51,31.01,359789,116,卖盘
1238,10:31:54,31.0,821516,265,卖盘
1239,10:31:57,31.0,279014,90,卖盘
1240,10:32:00,31.01,871132,281,买盘
1241,10:32:03,31.01,778234,251,买盘
1242,10:32:06,31.0,142600,46,卖盘
1243,10:32:09,31.0,86800,28,买盘
1244,10:32:12,31.0,127090,41,买盘
1245,10:32:15,31.0,192190,62,买盘
1246,10:32:18,31.0,629271,203,买盘
1247,10:32:21,31.0,86785,28,买盘
1248,10:32:24,31.0,55784,18,买盘
1249,10:32:27,30.99,223167,72,卖盘
1250,10:32:30,30.99,77479,25,卖盘
1251,10:32:33,30.99,204581,66,买盘
1252,10:32:36,30.98,328519,106,卖盘
1253,10:32:39,31.0,238593,77,买盘
1254,10:32:42,30.99,117792,38,卖盘
1255,10:32:45,31.0,130190,42,买盘
1256,10:32:48,30.99,71277,23,卖盘
1257,10:32:51,30.99,92973,30,卖盘
1258,10:32:54,30.99,34089,11,买盘
1259,10:32:57,30.98,117742,38,卖盘
1260,10:33:00,30.98,319112,103,卖盘
1261,10:33:03,30.99,182873,59,买盘
1262,10:33:06,30.99,424587,137,卖盘
1263,10:33:09,31.0,179773,58,买盘
1264,10:33:12,31.0,120869,39,买盘
1265,10:33:15,31.0,170488,55,买盘
1266,10:33:18,30.99,700548,226,卖盘
1267,10:33:21,31.0,492901,159,买盘
1268,10:33:24,31.02,1026603,331,买盘
1269,10:33:27,31.0,1072873,346,卖盘
1270,10:33:30,31.03,1876717,605,买盘
1271,10:33:33,31.03,316480,102,买盘
1272,10:33:36,31.03,304072,98,买盘
1273,10:33:39,31.02,145838,47,卖盘
1274,10:33:42,31.03,406470,131,买盘
1275,10:33:45,31.03,300973,97,买盘
1276,10:33:48,31.04,1520479,490,买盘
1277,10:33:51,31.03,993159,320,卖盘
1278,10:33:54,31.04,3951671,1273,买盘
1279,10:33:57,31.05,652029,210,买盘
1280,10:34:00,31.06,6098871,1964,买盘
1281,10:34:03,31.06,1627705,524,买盘
1282,10:34:06,31.08,4794771,1543,买盘
1283,10:34:09,31.08,655783,211,买盘
1284,10:34:12,31.15,21435987,6892,买盘
1285,10:34:15,31.15,3233744,1038,买盘
1286,10:34:18,31.18,1626691,522,买盘
1287,10:34:21,31.18,857402,275,买盘
1288,10:34:24,31.18,3261417,1046,买盘
1289,10:34:27,31.18,863797,277,买盘
1290,10:34:30,31.19,907563,291,买盘
1291,10:34:33,31.2,2972435,953,买盘
1292,10:34:36,31.2,3815549,1223,买盘
1293,10:34:39,31.2,2708114,868,买盘
1294,10:34:42,31.2,5959189,1910,买盘
1295,10:34:45,31.2,795738,255,买盘
1296,10:34:48,31.22,1301438,417,买盘
1297,10:34:51,31.23,1039552,333,买盘
1298,10:34:54,31.23,1280512,410,买盘
1299,10:34:57,31.24,2333896,747,买盘
1300,10:35:00,31.24,1674248,536,买盘
1301,10:35:03,31.23,6680758,2139,卖盘
1302,10:35:06,31.24,2567466,822,买盘
1303,10:35:09,31.23,1886181,604,卖盘
1304,10:35:12,31.21,2791517,894,卖盘
1305,10:35:15,31.21,2708860,868,卖盘
1306,10:35:18,31.19,6229244,1997,卖盘
1307,10:35:21,31.2,539581,173,买盘
1308,10:35:24,31.2,1647089,528,买盘
1309,10:35:27,31.19,1734262,556,买盘
1310,10:35:30,31.19,1060654,340,卖盘
1311,10:35:33,31.2,393039,126,买盘
1312,10:35:36,31.19,1332103,427,卖盘
1313,10:35:39,31.2,1138669,365,买盘
1314,10:35:42,31.2,1104280,354,买盘
1315,10:35:45,31.2,882902,283,买盘
1316,10:35:48,31.2,2448959,785,买盘
1317,10:35:51,31.2,455558,146,卖盘
1318,10:35:54,31.2,767604,246,卖盘
1319,10:35:57,31.2,3091853,991,卖盘
1320,10:36:00,31.18,1241073,398,卖盘
1321,10:36:03,31.16,1056850,339,卖盘
1322,10:36:06,31.15,909998,292,卖盘
1323,10:36:09,31.14,414260,133,卖盘
1324,10:36:12,31.14,311346,100,买盘
1325,10:36:15,31.13,1955404,628,中性盘
1326,10:36:18,31.14,445130,143,买盘
1327,10:36:21,31.11,258202,83,卖盘
1328,10:36:24,31.13,273751,88,买盘
1329,10:36:27,31.11,413826,133,卖盘
1330,10:36:30,31.11,902973,290,卖盘
1331,10:36:33,31.11,510385,164,卖盘
1332,10:36:36,31.12,581904,187,中性盘
1333,10:36:39,31.13,1922635,618,买盘
1334,10:36:42,31.11,413804,133,中性盘
1335,10:36:45,31.13,917804,295,买盘
1336,10:36:48,31.13,1163863,374,买盘
1337,10:36:51,31.12,553900,178,买盘
1338,10:36:54,31.11,725004,233,中性盘
1339,10:36:57,31.12,731067,235,买盘
1340,10:37:00,31.12,522465,168,买盘
1341,10:37:03,31.13,348499,112,买盘
1342,10:37:06,31.13,133842,43,买盘
1343,10:37:09,31.13,1328780,427,买盘
1344,10:37:12,31.12,258291,83,中性盘
1345,10:37:15,31.12,893298,287,买盘
1346,10:37:18,31.13,585230,188,买盘
1347,10:37:21,31.1,1982342,637,卖盘
1348,10:37:24,31.1,743367,239,卖盘
1349,10:37:27,31.11,970245,312,买盘
1350,10:37:30,31.1,1181885,380,卖盘
1351,10:37:33,31.09,945234,304,卖盘
1352,10:37:36,31.08,777404,250,卖盘
1353,10:37:39,31.08,130553,42,卖盘
1354,10:37:42,31.09,425979,137,买盘
1355,10:37:45,31.1,373148,120,买盘
1356,10:37:48,31.1,914100,294,买盘
1357,10:37:51,31.09,342067,110,卖盘
1358,10:37:54,31.1,52868,17,买盘
1359,10:37:57,31.11,205265,66,买盘
1360,10:38:00,31.11,544309,175,买盘
1361,10:38:03,31.11,345321,111,买盘
1362,10:38:06,31.11,587985,189,卖盘
1363,10:38:09,31.12,376496,121,买盘
1364,10:38:12,31.1,933107,300,卖盘
1365,10:38:15,31.11,818043,263,买盘
1366,10:38:18,31.1,441663,142,中性盘
1367,10:38:21,31.11,345225,111,买盘
1368,10:38:24,31.1,578456,186,卖盘
1369,10:38:27,31.1,699813,225,卖盘
1370,10:38:30,31.1,867692,279,卖盘
1371,10:38:33,31.1,933007,300,买盘
1372,10:38:36,31.08,264302,85,卖盘
1373,10:38:39,31.1,627927,202,买盘
1374,10:38:42,31.1,127481,41,买盘
1375,10:38:45,31.1,233200,75,买盘
1376,10:38:48,31.1,208333,67,买盘
1377,10:38:51,31.1,547224,176,买盘
1378,10:38:54,31.09,1004203,323,卖盘
1379,10:38:57,31.09,161648,52,买盘
1380,10:39:00,31.09,826775,266,买盘
1381,10:39:03,31.09,662151,213,买盘
1382,10:39:06,31.08,264200,85,卖盘
1383,10:39:09,31.08,407169,131,买盘
1384,10:39:12,31.07,500298,161,卖盘
1385,10:39:15,31.07,605937,195,卖盘
1386,10:39:18,31.07,304419,98,买盘
1387,10:39:21,31.07,114949,37,买盘
1388,10:39:24,31.07,664912,214,买盘
1389,10:39:27,31.08,223724,72,买盘
1390,10:39:30,31.05,2372966,764,卖盘
1391,10:39:33,31.04,260769,84,卖盘
1392,10:39:36,31.04,40358,13,卖盘
1393,10:39:39,31.04,537158,173,卖盘
1394,10:39:42,31.05,111794,36,买盘
1395,10:39:45,31.05,24846,8,卖盘
1396,10:39:48,31.06,388177,125,买盘
1397,10:39:51,31.06,369648,119,买盘
1398,10:39:54,31.06,217416,70,买盘
1399,10:39:57,31.06,124250,40,卖盘
1400,10:40:00,31.06,341661,110,卖盘
1401,10:40:03,31.02,2905529,936,卖盘
1402,10:40:06,31.04,148979,48,买盘
1403,10:40:09,31.02,393971,127,卖盘
1404,10:40:12,31.01,496182,160,卖盘
1405,10:40:15,31.01,1097516,354,买盘
1406,10:40:18,31.0,3573946,1153,卖盘
1407,10:40:21,30.97,663036,214,卖盘
1408,10:40:24,30.98,86744,28,买盘
1409,10:40:27,30.98,120846,39,中性盘
1410,10:40:30,30.98,226131,73,买盘
1411,10:40:33,30.98,415102,134,买盘
1412,10:40:36,30.98,381039,123,卖盘
1413,10:40:39,30.99,133243,43,买盘
1414,10:40:42,30.99,362579,117,买盘
1415,10:40:45,30.99,139428,45,卖盘
1416,10:40:48,31.0,142560,46,买盘
1417,10:40:51,31.0,244889,79,买盘
1418,10:40:54,31.0,198400,64,买盘
1419,10:40:57,31.01,139505,45,买盘
1420,10:41:00,31.0,2333855,753,卖盘
1421,10:41:03,31.0,390501,126,买盘
1422,10:41:06,31.0,545535,176,买盘
1423,10:41:09,31.0,251093,81,买盘
1424,10:41:12,30.99,762371,246,卖盘
1425,10:41:15,31.0,334776,108,买盘
1426,10:41:18,30.99,734482,237,卖盘
1427,10:41:21,30.98,223115,72,卖盘
1428,10:41:24,30.98,610350,197,卖盘
1429,10:41:27,30.97,3230631,1043,卖盘
1430,10:41:30,30.98,941585,304,买盘
1431,10:41:33,30.97,895384,289,中性盘
1432,10:41:36,30.98,108410,35,卖盘
1433,10:41:39,30.98,52666,17,买盘
1434,10:41:42,30.98,133201,43,买盘
1435,10:41:45,30.99,269602,87,买盘
1436,10:41:48,30.98,492668,159,卖盘
1437,10:41:51,30.99,421437,136,买盘
1438,10:41:54,30.99,220027,71,卖盘
1439,10:41:57,31.0,201472,65,买盘
1440,10:42:00,30.99,889213,287,卖盘
1441,10:42:03,30.97,427537,138,卖盘
1442,10:42:06,30.98,941491,304,买盘
1443,10:42:09,30.97,727666,235,卖盘
1444,10:42:12,30.96,1111596,359,卖盘
1445,10:42:15,30.96,566581,183,买盘
1446,10:42:18,30.94,1761012,569,卖盘
1447,10:42:21,30.93,522725,169,卖盘
1448,10:42:24,30.93,68042,22,买盘
1449,10:42:27,30.92,448420,145,卖盘
1450,10:42:30,30.93,176284,57,买盘
1451,10:42:33,30.93,466912,151,买盘
1452,10:42:36,30.93,964755,312,买盘
1453,10:42:39,30.93,114430,37,买盘
1454,10:42:42,30.93,154650,50,买盘
1455,10:42:45,30.94,49492,16,买盘
1456,10:42:48,30.93,448487,145,卖盘
1457,10:42:51,30.93,142301,46,卖盘
1458,10:42:54,30.94,346517,112,买盘
1459,10:42:57,30.94,126850,41,买盘
1460,10:43:00,30.93,395944,128,卖盘
1461,10:43:03,30.95,142338,46,买盘
1462,10:43:06,30.96,374561,121,买盘
1463,10:43:09,30.96,284741,92,买盘
1464,10:43:12,30.96,467374,151,买盘
1465,10:43:15,30.97,340611,110,买盘
1466,10:43:18,30.97,114589,37,买盘
1467,10:43:21,30.97,266337,86,买盘
1468,10:43:24,30.97,504750,163,买盘
1469,10:43:27,30.98,738514,238,买盘
1470,10:43:30,30.97,613204,198,卖盘
1471,10:43:33,30.97,260113,84,买盘
1472,10:43:36,30.97,520251,168,买盘
1473,10:43:39,30.97,306653,99,买盘
1474,10:43:42,30.97,653418,211,卖盘
1475,10:43:45,30.98,353163,114,买盘
1476,10:43:48,30.98,89842,29,买盘
1477,10:43:51,30.97,684504,221,卖盘
1478,10:43:54,30.97,92899,30,买盘
1479,10:43:57,30.98,148642,48,买盘
1480,10:44:00,30.98,30980,10,买盘
1481,10:44:03,30.97,1474201,476,卖盘
1482,10:44:06,30.96,1604064,518,卖盘
1483,10:44:09,30.95,1454750,470,卖盘
1484,10:44:12,30.94,250627,81,卖盘
1485,10:44:15,30.95,24757,8,买盘
1486,10:44:18,30.95,102134,33,买盘
1487,10:44:21,30.95,349644,113,买盘
1488,10:44:24,30.95,492074,159,买盘
1489,10:44:27,30.93,1212869,392,卖盘
1490,10:44:30,30.95,27855,9,中性盘
1491,10:44:33,30.96,182635,59,买盘
1492,10:44:36,30.95,108354,35,卖盘
1493,10:44:39,30.95,284763,92,卖盘
1494,10:44:42,30.96,377683,122,买盘
1495,10:44:45,30.97,201288,65,买盘
1496,10:44:48,30.96,123839,40,卖盘
1497,10:44:51,30.97,436620,141,买盘
1498,10:44:54,30.97,266261,86,买盘
1499,10:44:57,30.97,58843,19,买盘
1500,10:45:00,30.97,548119,177,买盘
1501,10:45:03,30.97,464485,150,卖盘
1502,10:45:06,30.98,176576,57,买盘
1503,10:45:09,30.98,260163,84,买盘
1504,10:45:12,30.98,219956,71,买盘
1505,10:45:15,30.97,1077790,348,卖盘
1506,10:45:18,30.97,247760,80,买盘
1507,10:45:21,30.96,247759,80,卖盘
1508,10:45:24,30.96,102199,33,卖盘
1509,10:45:27,30.97,27873,9,买盘
1510,10:45:30,30.97,40268,13,卖盘
1511,10:45:33,30.98,359271,116,买盘
1512,10:45:36,30.99,340771,110,买盘
1513,10:45:39,30.98,377883,122,卖盘
1514,10:45:42,30.98,120802,39,买盘
1515,10:45:45,30.97,294324,95,卖盘
1516,10:45:48,30.97,229204,74,卖盘
1517,10:45:51,30.98,148695,48,买盘
1518,10:45:54,30.97,74334,24,卖盘
1519,10:45:57,30.97,576039,186,卖盘
1520,10:46:00,30.97,219902,71,卖盘
1521,10:46:03,30.97,272536,88,卖盘
1522,10:46:06,30.97,269459,87,卖盘
1523,10:46:09,30.97,294165,95,买盘
1524,10:46:12,30.96,603816,195,卖盘
1525,10:46:15,30.97,377802,122,买盘
1526,10:46:18,30.96,77421,25,卖盘
1527,10:46:21,30.97,43364,14,买盘
1528,10:46:24,30.97,37154,12,买盘
1529,10:46:27,30.96,226057,73,卖盘
1530,10:46:30,30.97,297243,96,买盘
1531,10:46:33,30.97,92910,30,买盘
1532,10:46:36,30.96,894751,289,卖盘
1533,10:46:39,30.95,102139,33,卖盘
1534,10:46:42,30.96,2336713,755,买盘
1535,10:46:45,30.96,693447,224,买盘
1536,10:46:48,30.95,43331,14,卖盘
1537,10:46:51,30.96,123827,40,买盘
1538,10:46:54,30.95,65002,21,卖盘
1539,10:46:57,30.95,179514,58,买盘
1540,10:47:00,30.95,89758,29,买盘
1541,10:47:03,30.95,55707,18,买盘
1542,10:47:06,30.94,120676,39,卖盘
1543,10:47:09,30.95,43330,14,买盘
1544,10:47:12,30.93,1967322,636,卖盘
1545,10:47:15,30.93,306230,99,卖盘
1546,10:47:18,30.93,142271,46,买盘
1547,10:47:21,30.93,64947,21,买盘
1548,10:47:24,30.93,361843,117,买盘
1549,10:47:27,30.93,102064,33,买盘
1550,10:47:30,30.93,30930,10,卖盘
1551,10:47:33,30.94,37126,12,买盘
1552,10:47:36,30.93,40219,13,卖盘
1553,10:47:39,30.94,68055,22,买盘
1554,10:47:42,30.94,596969,193,买盘
1555,10:47:45,30.94,80420,26,买盘
1556,10:47:48,30.94,136125,44,买盘
1557,10:47:51,30.93,179426,58,卖盘
1558,10:47:54,30.94,207284,67,买盘
1559,10:47:57,30.94,68051,22,买盘
1560,10:48:00,30.94,15470,5,买盘
1561,10:48:03,30.94,173251,56,买盘
1562,10:48:06,30.93,578577,187,卖盘
1563,10:48:09,30.94,256801,83,买盘
1564,10:48:12,30.94,204202,66,买盘
1565,10:48:15,30.92,4156991,1344,卖盘
1566,10:48:18,30.9,2633799,852,卖盘
1567,10:48:21,30.9,1186568,384,卖盘
1568,10:48:24,30.91,1782956,577,买盘
1569,10:48:27,30.9,651991,211,卖盘
1570,10:48:30,30.89,1609795,521,卖盘
1571,10:48:33,30.89,318178,103,卖盘
1572,10:48:36,30.89,278000,90,卖盘
1573,10:48:39,30.89,262560,85,买盘
1574,10:48:42,30.88,185308,60,卖盘
1575,10:48:45,30.88,126616,41,卖盘
1576,10:48:48,30.88,154406,50,卖盘
1577,10:48:51,30.89,898664,291,买盘
1578,10:48:54,30.88,123530,40,卖盘
1579,10:48:57,30.88,392262,127,卖盘
1580,10:49:00,30.89,182252,59,中性盘
1581,10:49:03,30.89,253297,82,卖盘
1582,10:49:06,30.89,83403,27,买盘
1583,10:49:09,30.88,185321,60,卖盘
1584,10:49:12,30.89,719649,233,中性盘
1585,10:49:15,30.9,219339,71,买盘
1586,10:49:18,30.89,123590,40,卖盘
1587,10:49:21,30.9,86503,28,买盘
1588,10:49:24,30.9,67977,22,买盘
1589,10:49:27,30.9,216284,70,买盘
1590,10:49:30,30.9,293548,95,买盘
1591,10:49:33,30.9,145264,47,卖盘
1592,10:49:36,30.91,3091,1,买盘
1593,10:49:39,30.91,92728,30,买盘
1594,10:49:42,30.91,83440,27,买盘
1595,10:49:45,30.9,120511,39,卖盘
1596,10:49:48,30.91,61818,20,买盘
1597,10:49:51,30.9,429522,139,卖盘
1598,10:49:54,30.89,361446,117,卖盘
1599,10:49:57,30.9,71079,23,中性盘
1600,10:50:00,30.9,108150,35,买盘
1601,10:50:03,30.89,796992,258,卖盘
1602,10:50:06,30.88,157524,51,卖盘
1603,10:50:09,30.89,86492,28,买盘
1604,10:50:12,30.89,123553,40,买盘
1605,10:50:15,30.89,135925,44,买盘
1606,10:50:18,30.88,500268,162,卖盘
1607,10:50:21,30.88,1395796,452,卖盘
1608,10:50:24,30.88,587024,190,卖盘
1609,10:50:27,30.89,302682,98,买盘
1610,10:50:30,30.89,33979,11,卖盘
1611,10:50:33,30.9,55620,18,买盘
1612,10:50:36,30.89,24713,8,卖盘
1613,10:50:39,30.89,330534,107,卖盘
1614,10:50:42,30.9,278102,90,买盘
1615,10:50:45,30.89,101949,33,卖盘
1616,10:50:48,30.91,880902,285,买盘
1617,10:50:51,30.91,136004,44,卖盘
1618,10:50:54,30.91,64894,21,卖盘
1619,10:50:57,30.9,228600,74,卖盘
1620,10:51:00,30.9,271920,88,买盘
1621,10:51:03,30.9,253380,82,卖盘
1622,10:51:06,30.89,64896,21,卖盘
1623,10:51:09,30.9,92700,30,买盘
1624,10:51:12,30.91,98896,32,买盘
1625,10:51:15,30.9,40169,13,买盘
1626,10:51:18,30.91,83448,27,买盘
1627,10:51:21,30.9,454223,147,卖盘
1628,10:51:24,30.91,259640,84,买盘
1629,10:51:27,30.91,435845,141,卖盘
1630,10:51:30,30.91,9273,3,卖盘
1631,10:51:33,30.91,166891,54,卖盘
1632,10:51:36,30.91,271924,88,买盘
1633,10:51:39,30.9,791254,256,买盘
1634,10:51:42,30.9,55633,18,卖盘
1635,10:51:45,30.9,46350,15,卖盘
1636,10:51:48,30.9,92713,30,卖盘
1637,10:51:51,30.91,114367,37,买盘
1638,10:51:54,30.91,231825,75,卖盘
1639,10:51:57,30.91,64912,21,卖盘
1640,10:52:00,30.91,58729,19,买盘
1641,10:52:03,30.9,1532849,496,卖盘
1642,10:52:06,30.92,160718,52,买盘
1643,10:52:09,30.91,324558,105,中性盘
1644,10:52:12,30.9,194681,63,卖盘
1645,10:52:15,30.9,55613,18,买盘
1646,10:52:18,30.9,342963,111,买盘
1647,10:52:21,30.9,216276,70,买盘
1648,10:52:24,30.9,231740,75,买盘
1649,10:52:27,30.9,74144,24,买盘
1650,10:52:30,30.9,117420,38,买盘
1651,10:52:33,30.9,429528,139,买盘
1652,10:52:36,30.9,9270,3,卖盘
1653,10:52:39,30.9,596318,193,卖盘
1654,10:52:42,30.89,1776271,575,卖盘
1655,10:52:45,30.88,61774,20,卖盘
1656,10:52:48,30.89,2183306,707,买盘
1657,10:52:51,30.89,386062,125,买盘
1658,10:52:54,30.88,250076,81,买盘
1659,10:52:57,30.88,55582,18,中性盘
1660,10:53:00,30.87,169842,55,卖盘
1661,10:53:03,30.87,978634,317,卖盘
1662,10:53:06,30.87,771985,250,买盘
1663,10:53:09,30.86,108018,35,卖盘
1664,10:53:12,30.87,5037843,1632,买盘
1665,10:53:15,30.86,15430,5,卖盘
1666,10:53:18,30.86,182064,59,卖盘
1667,10:53:21,30.86,175903,57,卖盘
1668,10:53:24,30.87,89517,29,买盘
1669,10:53:27,30.86,58648,19,卖盘
1670,10:53:30,30.87,55551,18,买盘
1671,10:53:33,30.87,225351,73,买盘
1672,10:53:36,30.87,30871,10,卖盘
1673,10:53:39,30.87,142002,46,卖盘
1674,10:53:42,30.87,18527,6,卖盘
1675,10:53:45,30.88,237728,77,买盘
1676,10:53:48,30.88,145097,47,买盘
1677,10:53:51,30.87,108066,35,卖盘
1678,10:53:54,30.87,213018,69,卖盘
1679,10:53:57,30.86,1268483,411,卖盘
1680,10:54:00,30.86,222192,72,买盘
1681,10:54:03,30.86,1206274,391,买盘
1682,10:54:06,30.86,46290,15,卖盘
1683,10:54:09,30.85,290022,94,卖盘
1684,10:54:12,30.86,277722,90,中性盘
1685,10:54:15,30.86,58635,19,卖盘
1686,10:54:18,30.85,870251,282,卖盘
1687,10:54:21,30.85,182017,59,卖盘
1688,10:54:24,30.86,2027350,657,买盘
1689,10:54:27,30.85,98735,32,卖盘
1690,10:54:30,30.86,320907,104,中性盘
1691,10:54:33,30.86,101824,33,卖盘
1692,10:54:36,30.86,104940,34,买盘
1693,10:54:39,30.86,432020,140,卖盘
1694,10:54:42,30.86,135784,44,卖盘
1695,10:54:45,30.86,61725,20,卖盘
1696,10:54:48,30.86,200639,65,卖盘
1697,10:54:51,30.86,141938,46,卖盘
1698,10:54:54,30.86,80216,26,买盘
1699,10:54:57,30.86,129604,42,买盘
1700,10:55:00,30.85,1523999,494,卖盘
1701,10:55:03,30.85,1406408,456,买盘
1702,10:55:06,30.86,77127,25,买盘
1703,10:55:09,30.85,114145,37,卖盘
1704,10:55:12,30.85,388709,126,卖盘
1705,10:55:15,30.85,83292,27,买盘
1706,10:55:18,30.85,123392,40,买盘
1707,10:55:21,30.86,30860,10,买盘
1708,10:55:24,30.85,15429,5,卖盘
1709,10:55:27,30.85,182019,59,卖盘
1710,10:55:30,30.86,225229,73,买盘
1711,10:55:33,30.86,151212,49,买盘
1712,10:55:36,30.86,145021,47,卖盘
1713,10:55:39,30.86,175902,57,卖盘
1714,10:55:42,30.85,416566,135,卖盘
1715,10:55:45,30.86,114181,37,买盘
1716,10:55:48,30.86,52450,17,买盘
1717,10:55:51,30.86,86407,28,买盘
1718,10:55:54,30.85,95639,31,卖盘
1719,10:55:57,30.86,1684352,546,买盘
1720,10:56:00,30.85,327102,106,买盘
1721,10:56:03,30.84,1477100,479,卖盘
1722,10:56:06,30.84,675396,219,买盘
1723,10:56:09,30.85,453351,147,买盘
1724,10:56:12,30.85,3085,1,买盘
1725,10:56:15,30.85,58598,19,买盘
1726,10:56:18,30.85,89460,29,买盘
1727,10:56:21,30.85,61689,20,买盘
1728,10:56:24,30.85,55523,18,买盘
1729,10:56:27,30.84,144951,47,卖盘
1730,10:56:30,30.84,215896,70,买盘
1731,10:56:33,30.84,444075,144,买盘
1732,10:56:36,30.84,74004,24,买盘
1733,10:56:39,30.84,107920,35,买盘
1734,10:56:42,30.83,274459,89,卖盘
1735,10:56:45,30.84,1387360,450,买盘
1736,10:56:48,30.82,83231,27,卖盘
1737,10:56:51,30.82,292790,95,卖盘
1738,10:56:54,30.82,1633465,530,卖盘
1739,10:56:57,30.82,305143,99,卖盘
1740,10:57:00,30.82,391424,127,卖盘
1741,10:57:03,30.82,533201,173,卖盘
1742,10:57:06,30.82,246559,80,卖盘
1743,10:57:09,30.82,43143,14,买盘
1744,10:57:12,30.81,557715,181,卖盘
1745,10:57:15,30.82,255732,83,买盘
1746,10:57:18,30.81,582407,189,卖盘
1747,10:57:21,30.81,428292,139,卖盘
1748,10:57:24,30.82,243419,79,买盘
1749,10:57:27,30.81,178718,58,卖盘
1750,10:57:30,30.82,357518,116,买盘
1751,10:57:33,30.81,101694,33,卖盘
1752,10:57:36,30.81,1327914,431,卖盘
1753,10:57:39,30.81,970590,315,卖盘
1754,10:57:42,30.81,797982,259,卖盘
1755,10:57:45,30.81,1124521,365,卖盘
1756,10:57:48,30.81,212589,69,买盘
1757,10:57:51,30.8,36967,12,卖盘
1758,10:57:54,30.8,465148,151,卖盘
1759,10:57:57,30.8,298832,97,卖盘
1760,10:58:00,30.8,169403,55,卖盘
1761,10:58:03,30.8,1151920,374,卖盘
1762,10:58:06,30.8,157089,51,卖盘
1763,10:58:09,30.8,234080,76,卖盘
1764,10:58:12,30.8,739202,240,卖盘
1765,10:58:15,30.8,1481488,481,卖盘
1766,10:58:18,30.8,160163,52,卖盘
1767,10:58:21,30.79,2423936,787,卖盘
1768,10:58:24,30.8,397201,129,买盘
1769,10:58:27,30.79,859234,279,卖盘
1770,10:58:30,30.78,178542,58,卖盘
1771,10:58:33,30.79,326298,106,买盘
1772,10:58:36,30.78,458641,149,卖盘
1773,10:58:39,30.78,578675,188,卖盘
1774,10:58:42,30.78,135433,44,卖盘
1775,10:58:45,30.78,317036,103,卖盘
1776,10:58:48,30.78,406296,132,卖盘
1777,10:58:51,30.77,335462,109,卖盘
1778,10:58:54,30.77,193863,63,卖盘
1779,10:58:57,30.76,640008,208,卖盘
1780,10:59:00,30.77,39999,13,卖盘
1781,10:59:03,30.78,621621,202,买盘
1782,10:59:06,30.78,243153,79,买盘
1783,10:59:09,30.78,246235,80,买盘
1784,10:59:12,30.78,409388,133,卖盘
1785,10:59:15,30.78,215450,70,卖盘
1786,10:59:18,30.78,190888,62,卖盘
1787,10:59:21,30.79,113920,37,买盘
1788,10:59:24,30.78,190857,62,卖盘
1789,10:59:27,30.78,76971,25,卖盘
1790,10:59:30,30.78,110824,36,卖盘
1791,10:59:33,30.8,33870,11,买盘
1792,10:59:36,30.8,193979,63,买盘
1793,10:59:39,30.8,474178,154,买盘
1794,10:59:42,30.8,794583,258,买盘
1795,10:59:45,30.8,153979,50,买盘
1796,10:59:48,30.8,132434,43,买盘
1797,10:59:51,30.8,332640,108,买盘
1798,10:59:54,30.8,514300,167,买盘
1799,10:59:57,30.8,224829,73,买盘
1800,11:00:00,30.79,237150,77,卖盘
1801,11:00:03,30.79,289479,94,卖盘
1802,11:00:06,30.8,720708,234,买盘
1803,11:00:09,30.79,52350,17,卖盘
1804,11:00:12,30.8,267948,87,买盘
1805,11:00:15,30.8,425039,138,买盘
1806,11:00:18,30.8,538995,175,买盘
1807,11:00:21,30.8,957863,311,买盘
1808,11:00:24,30.8,46209,15,卖盘
1809,11:00:27,30.81,83167,27,买盘
1810,11:00:30,30.81,268021,87,买盘
1811,11:00:33,30.81,46215,15,卖盘
1812,11:00:36,30.81,64721,21,卖盘
1813,11:00:39,30.81,378981,123,卖盘
1814,11:00:42,30.81,200315,65,卖盘
1815,11:00:45,30.83,397524,129,买盘
1816,11:00:48,30.82,147905,48,买盘
1817,11:00:51,30.81,200280,65,卖盘
1818,11:00:54,30.82,101706,33,买盘
1819,11:00:57,30.82,345184,112,卖盘
1820,11:01:00,30.83,181848,59,买盘
1821,11:01:03,30.82,480834,156,卖盘
1822,11:01:06,30.82,440854,143,卖盘
1823,11:01:09,30.83,132602,43,买盘
1824,11:01:12,30.83,80158,26,卖盘
1825,11:01:15,30.84,129504,42,买盘
1826,11:01:18,30.84,406965,132,买盘
1827,11:01:21,30.84,249767,81,买盘
1828,11:01:24,30.84,496524,161,卖盘
1829,11:01:27,30.84,249768,81,卖盘
1830,11:01:30,30.85,160376,52,买盘
1831,11:01:33,30.85,3085,1,买盘
1832,11:01:36,30.84,222049,72,卖盘
1833,11:01:39,30.85,459663,149,买盘
1834,11:01:42,30.83,2544309,825,卖盘
1835,11:01:45,30.84,299192,97,买盘
1836,11:01:48,30.85,138799,45,买盘
1837,11:01:51,30.85,15424,5,买盘
1838,11:01:54,30.85,178930,58,买盘
1839,11:01:57,30.85,138840,45,中性盘
1840,11:02:00,30.85,635510,206,卖盘
1841,11:02:03,30.85,632394,205,卖盘
1842,11:02:06,30.86,487534,158,买盘
1843,11:02:09,30.85,43192,14,中性盘
1844,11:02:12,30.85,141907,46,卖盘
1845,11:02:15,30.85,219027,71,买盘
1846,11:02:18,30.84,200466,65,卖盘
1847,11:02:21,30.84,3084,1,买盘
1848,11:02:24,30.84,148009,48,买盘
1849,11:02:27,30.83,101740,33,卖盘
1850,11:02:30,30.83,197324,64,卖盘
1851,11:02:33,30.83,428546,139,卖盘
1852,11:02:36,30.83,15415,5,买盘
1853,11:02:39,30.82,95553,31,卖盘
1854,11:02:42,30.83,181896,59,买盘
1855,11:02:45,30.83,61660,20,卖盘
1856,11:02:48,30.84,169580,55,买盘
1857,11:02:51,30.84,52418,17,买盘
1858,11:02:54,30.83,302139,98,卖盘
1859,11:02:57,30.83,49336,16,卖盘
1860,11:03:00,30.85,508844,165,买盘
1861,11:03:03,30.83,166493,54,卖盘
1862,11:03:06,30.83,55511,18,卖盘
1863,11:03:09,30.83,132574,43,卖盘
1864,11:03:12,30.83,77093,25,卖盘
1865,11:03:15,30.84,228206,74,买盘
1866,11:03:18,30.84,55503,18,卖盘
1867,11:03:21,30.85,92546,30,买盘
1868,11:03:24,30.84,9253,3,卖盘
1869,11:03:27,30.84,52434,17,卖盘
1870,11:03:30,30.84,218964,71,卖盘
1871,11:03:33,30.85,64782,21,买盘
1872,11:03:36,30.85,80208,26,买盘
1873,11:03:39,30.84,92538,30,卖盘
1874,11:03:42,30.84,1924183,624,卖盘
1875,11:03:45,30.83,185036,60,卖盘
1876,11:03:48,30.85,360938,117,买盘
1877,11:03:51,30.83,46250,15,卖盘
1878,11:03:54,30.82,515042,167,卖盘
1879,11:03:57,30.83,24665,8,中性盘
1880,11:04:00,30.83,36998,12,中性盘
1881,11:04:03,30.82,1076138,349,卖盘
1882,11:04:06,30.83,308286,100,买盘
1883,11:04:09,30.83,191148,62,卖盘
1884,11:04:12,30.83,114071,37,买盘
1885,11:04:15,30.83,86315,28,买盘
1886,11:04:18,30.83,61660,20,买盘
1887,11:04:21,30.83,123320,40,买盘
1888,11:04:24,30.82,551695,179,卖盘
1889,11:04:27,30.82,15410,5,卖盘
1890,11:04:30,30.82,868857,282,买盘
1891,11:04:33,30.81,89350,29,卖盘
1892,11:04:39,30.81,101675,33,卖盘
1893,11:04:42,30.81,92439,30,卖盘
1894,11:04:45,30.8,117063,38,卖盘
1895,11:04:48,30.81,73925,24,买盘
1896,11:04:51,30.82,215673,70,买盘
1897,11:04:57,30.82,3082,1,买盘
1898,11:05:00,30.81,61620,20,卖盘
1899,11:05:03,30.82,126333,41,买盘
1900,11:05:06,30.82,15408,5,买盘
1901,11:05:09,30.81,21568,7,卖盘
1902,11:05:15,30.82,58555,19,买盘
1903,11:05:18,30.82,283461,92,买盘
1904,11:05:21,30.81,49296,16,买盘
1905,11:05:24,30.81,154038,50,买盘
1906,11:05:27,30.81,77025,25,买盘
1907,11:05:30,30.81,58538,19,买盘
1908,11:05:33,30.81,147886,48,买盘
1909,11:05:36,30.82,228003,74,买盘
1910,11:05:39,30.81,61612,20,买盘
1911,11:05:42,30.81,89349,29,买盘
1912,11:05:45,30.8,36967,12,卖盘
1913,11:05:48,30.8,418974,136,卖盘
1914,11:05:51,30.8,89342,29,卖盘
1915,11:05:54,30.81,575978,187,买盘
1916,11:05:57,30.8,181730,59,卖盘
1917,11:06:00,30.8,67766,22,卖盘
1918,11:06:03,30.8,656070,213,卖盘
1919,11:06:06,30.79,1324352,430,卖盘
1920,11:06:09,30.79,218619,71,卖盘
1921,11:06:12,30.79,43106,14,卖盘
1922,11:06:15,30.8,514209,167,买盘
1923,11:06:18,30.79,70820,23,卖盘
1924,11:06:21,30.79,258636,84,卖盘
1925,11:06:24,30.79,70817,23,买盘
1926,11:06:27,30.79,277126,90,买盘
1927,11:06:30,30.79,169322,55,买盘
1928,11:06:33,30.78,92343,30,卖盘
1929,11:06:36,30.79,27711,9,买盘
1930,11:06:39,30.78,80034,26,卖盘
1931,11:06:42,30.78,64638,21,卖盘
1932,11:06:45,30.79,132380,43,买盘
1933,11:06:48,30.79,120072,39,买盘
1934,11:06:51,30.78,172398,56,卖盘
1935,11:06:54,30.79,80043,26,买盘
1936,11:06:57,30.78,212427,69,卖盘
1937,11:07:00,30.78,30784,10,卖盘
1938,11:07:03,30.8,67729,22,买盘
1939,11:07:06,30.79,67738,22,卖盘
1940,11:07:09,30.78,455558,148,卖盘
1941,11:07:12,30.78,80040,26,卖盘
1942,11:07:15,30.79,36945,12,中性盘
1943,11:07:18,30.79,70817,23,卖盘
1944,11:07:21,30.78,283247,92,卖盘
1945,11:07:24,30.78,1271224,413,卖盘
1946,11:07:27,30.78,372527,121,卖盘
1947,11:07:30,30.78,46170,15,卖盘
1948,11:07:33,30.78,323192,105,卖盘
1949,11:07:36,30.78,24623,8,卖盘
1950,11:07:39,30.78,64637,21,买盘
1951,11:07:42,30.78,378487,123,买盘
1952,11:07:45,30.78,190801,62,买盘
1953,11:07:48,30.77,95405,31,卖盘
1954,11:07:51,30.77,160035,52,卖盘
1955,11:07:54,30.77,849388,276,卖盘
1956,11:07:57,30.77,141543,46,卖盘
1957,11:08:00,30.77,61540,20,买盘
1958,11:08:03,30.76,212301,69,卖盘
1959,11:08:06,30.76,449121,146,卖盘
1960,11:08:09,30.76,559862,182,卖盘
1961,11:08:12,30.76,289190,94,卖盘
1962,11:08:15,30.76,289179,94,卖盘
1963,11:08:18,30.76,181484,59,卖盘
1964,11:08:21,30.76,138404,45,买盘
1965,11:08:24,30.76,58444,19,买盘
1966,11:08:27,30.75,76882,25,卖盘
1967,11:08:30,30.75,728781,237,卖盘
1968,11:08:33,30.76,332123,108,买盘
1969,11:08:36,30.76,264454,86,买盘
1970,11:08:39,30.76,279828,91,买盘
1971,11:08:42,30.76,833481,271,买盘
1972,11:08:45,30.76,49214,16,买盘
1973,11:08:48,30.75,387476,126,卖盘
1974,11:08:51,30.75,531993,173,卖盘
1975,11:08:54,30.75,98384,32,买盘
1976,11:08:57,30.74,67641,22,卖盘
1977,11:09:00,30.74,295159,96,卖盘
1978,11:09:03,30.74,230581,75,卖盘
1979,11:09:06,30.74,144483,47,卖盘
1980,11:09:09,30.75,202926,66,买盘
1981,11:09:12,30.76,833072,271,买盘
1982,11:09:15,30.76,239822,78,买盘
1983,11:09:18,30.75,30747,10,中性盘
1984,11:09:21,30.75,79943,26,买盘
1985,11:09:24,30.75,230689,75,卖盘
1986,11:09:27,30.77,70750,23,买盘
1987,11:09:30,30.76,49219,16,卖盘
1988,11:09:33,30.78,467855,152,买盘
1989,11:09:36,30.76,36915,12,卖盘
1990,11:09:39,30.78,21541,7,中性盘
1991,11:09:42,30.77,138465,45,买盘
1992,11:09:45,30.76,98452,32,卖盘
1993,11:09:48,30.77,147696,48,买盘
1994,11:09:51,30.78,49248,16,买盘
1995,11:09:54,30.77,98487,32,卖盘
1996,11:09:57,30.78,123146,40,中性盘
1997,11:10:00,30.79,18470,6,买盘
1998,11:10:03,30.78,163096,53,卖盘
1999,11:10:06,30.79,55412,18,买盘
2000,11:10:09,30.79,30790,10,买盘
2001,11:10:12,30.78,30786,10,卖盘
2002,11:10:15,30.79,58489,19,买盘
2003,11:10:18,30.77,501722,163,卖盘
2004,11:10:21,30.77,1609846,523,卖盘
2005,11:10:24,30.78,64631,21,买盘
2006,11:10:27,30.78,120045,39,卖盘
2007,11:10:30,30.78,227750,74,买盘
2008,11:10:33,30.78,335501,109,中性盘
2009,11:10:36,30.79,153905,50,买盘
2010,11:10:39,30.78,33857,11,中性盘
2011,11:10:42,30.78,49247,16,卖盘
2012,11:10:45,30.78,1080176,351,中性盘
2013,11:10:48,30.78,1335152,434,中性盘
2014,11:10:51,30.78,95392,31,买盘
2015,11:10:54,30.78,27698,9,买盘
2016,11:10:57,30.78,101510,33,买盘
2017,11:11:00,30.78,193907,63,买盘
2018,11:11:03,30.77,246158,80,卖盘
2019,11:11:06,30.77,49232,16,买盘
2020,11:11:09,30.77,110755,36,买盘
2021,11:11:12,30.77,36916,12,买盘
2022,11:11:15,30.77,200002,65,买盘
2023,11:11:18,30.78,184657,60,买盘
2024,11:11:21,30.78,150775,49,买盘
2025,11:11:24,30.77,92310,30,卖盘
2026,11:11:27,30.77,64623,21,中性盘
2027,11:11:30,30.77,286160,93,买盘
2028,11:11:33,30.78,76936,25,买盘
2029,11:11:36,30.78,110796,36,买盘
2030,11:11:39,30.77,36925,12,卖盘
2031,11:11:42,30.77,46165,15,卖盘
2032,11:11:45,30.77,372325,121,卖盘
2033,11:11:48,30.77,98464,32,买盘
2034,11:11:51,30.76,609184,198,卖盘
2035,11:11:54,30.77,1596747,519,买盘
2036,11:11:57,30.77,230719,75,卖盘
2037,11:12:00,30.78,196955,64,买盘
2038,11:12:03,30.76,378299,123,卖盘
2039,11:12:06,30.78,236958,77,买盘
2040,11:12:09,30.78,172345,56,买盘
2041,11:12:12,30.78,203108,66,买盘
2042,11:12:15,30.78,55395,18,买盘
2043,11:12:18,30.78,21546,7,买盘
2044,11:12:21,30.78,132342,43,买盘
2045,11:12:24,30.78,40003,13,买盘
2046,11:12:27,30.78,310873,101,买盘
2047,11:12:30,30.78,123105,40,卖盘
2048,11:12:33,30.79,70804,23,买盘
2049,11:12:36,30.77,196990,64,卖盘
2050,11:12:39,30.79,40018,13,买盘
2051,11:12:42,30.77,36930,12,卖盘
2052,11:12:45,30.77,452367,147,卖盘
2053,11:12:48,30.77,55386,18,买盘
2054,11:12:51,30.77,27693,9,卖盘
2055,11:12:54,30.78,470924,153,买盘
2056,11:12:57,30.78,144631,47,买盘
2057,11:13:00,30.78,9234,3,买盘
2058,11:13:03,30.78,129247,42,买盘
2059,11:13:06,30.78,224603,73,买盘
2060,11:13:09,30.78,55404,18,买盘
2061,11:13:12,30.78,21546,7,买盘
2062,11:13:15,30.78,24623,8,买盘
2063,11:13:18,30.79,33864,11,买盘
2064,11:13:21,30.78,36938,12,卖盘
2065,11:13:24,30.78,24625,8,卖盘
2066,11:13:27,30.78,36943,12,卖盘
2067,11:13:30,30.79,73891,24,买盘
2068,11:13:33,30.78,178557,58,卖盘
2069,11:13:36,30.79,36946,12,买盘
2070,11:13:39,30.79,24629,8,买盘
2071,11:13:42,30.79,138555,45,买盘
2072,11:13:45,30.79,83124,27,买盘
2073,11:13:48,30.79,138554,45,买盘
2074,11:13:51,30.78,80044,26,卖盘
2075,11:13:54,30.79,350994,114,买盘
2076,11:13:57,30.79,129315,42,买盘
2077,11:14:00,30.79,412536,134,买盘
2078,11:14:03,30.79,1080443,351,买盘
2079,11:14:06,30.79,206288,67,买盘
2080,11:14:09,30.8,218601,71,买盘
2081,11:14:12,30.78,58488,19,卖盘
2082,11:14:15,30.79,107753,35,中性盘
2083,11:14:18,30.79,86212,28,买盘
2084,11:14:21,30.8,9240,3,买盘
2085,11:14:24,30.8,77000,25,买盘
2086,11:14:27,30.79,3079,1,卖盘
2087,11:14:30,30.8,123200,40,买盘
2088,11:14:33,30.8,80075,26,买盘
2089,11:14:36,30.8,70838,23,买盘
2090,11:14:39,30.8,61600,20,买盘
2091,11:14:42,30.8,486640,158,买盘
2092,11:14:45,30.8,55435,18,买盘
2093,11:14:48,30.8,24640,8,买盘
2094,11:14:51,30.8,458905,149,买盘
2095,11:14:57,30.8,779240,253,买盘
2096,11:15:00,30.79,73911,24,卖盘
2097,11:15:03,30.8,412699,134,买盘
2098,11:15:06,30.8,117040,38,买盘
2099,11:15:09,30.8,311080,101,买盘
2100,11:15:12,30.8,58520,19,买盘
2101,11:15:15,30.8,43119,14,买盘
2102,11:15:18,30.81,773076,251,买盘
2103,11:15:21,30.8,58524,19,卖盘
2104,11:15:24,30.81,67782,22,买盘
2105,11:15:27,30.81,6161,2,买盘
2106,11:15:30,30.8,683765,222,卖盘
2107,11:15:33,30.79,899366,292,卖盘
2108,11:15:36,30.79,200162,65,卖盘
2109,11:15:39,30.8,831352,270,买盘
2110,11:15:42,30.79,363317,118,卖盘
2111,11:15:45,30.79,144707,47,买盘
2112,11:15:48,30.79,58499,19,买盘
2113,11:15:51,30.79,320214,104,买盘
2114,11:15:54,30.79,394118,128,卖盘
2115,11:15:57,30.79,70817,23,卖盘
2116,11:16:00,30.79,98528,32,卖盘
2117,11:16:03,30.79,67737,22,买盘
2118,11:16:06,30.79,55422,18,买盘
2119,11:16:09,30.79,86194,28,买盘
2120,11:16:12,30.79,36944,12,买盘
2121,11:16:15,30.79,46185,15,买盘
2122,11:16:18,30.8,132425,43,买盘
2123,11:16:21,30.79,744997,242,卖盘
2124,11:16:24,30.8,135478,44,买盘
2125,11:16:27,30.78,150883,49,卖盘
2126,11:16:30,30.78,52326,17,卖盘
2127,11:16:33,30.79,55422,18,买盘
2128,11:16:36,30.78,80036,26,卖盘
2129,11:16:39,30.79,64649,21,买盘
2130,11:16:45,30.79,218593,71,买盘
2131,11:16:48,30.79,36948,12,买盘
2132,11:16:51,30.79,153931,50,买盘
2133,11:16:54,30.78,421750,137,卖盘
2134,11:16:57,30.79,15395,5,卖盘
2135,11:17:00,30.78,43094,14,卖盘
2136,11:17:03,30.78,246300,80,卖盘
2137,11:17:06,30.79,323294,105,中性盘
2138,11:17:09,30.79,157062,51,卖盘
2139,11:17:12,30.79,234004,76,卖盘
2140,11:17:15,30.78,141601,46,卖盘
2141,11:17:18,30.78,150868,49,卖盘
2142,11:17:21,30.78,40024,13,卖盘
2143,11:17:24,30.78,458633,149,卖盘
2144,11:17:27,30.79,526341,171,买盘
2145,11:17:30,30.78,434010,141,卖盘
2146,11:17:33,30.78,772585,251,卖盘
2147,11:17:36,30.79,803610,261,买盘
2148,11:17:39,30.77,424853,138,卖盘
2149,11:17:42,30.78,24624,8,中性盘
2150,11:17:45,30.79,58485,19,买盘
2151,11:17:48,30.78,73877,24,买盘
2152,11:17:51,30.78,113902,37,卖盘
2153,11:17:54,30.79,120043,39,买盘
2154,11:17:57,30.78,36936,12,买盘
2155,11:18:00,30.78,52326,17,卖盘
2156,11:18:03,30.78,49248,16,卖盘
2157,11:18:06,30.78,9234,3,卖盘
2158,11:18:09,30.78,33868,11,卖盘
2159,11:18:12,30.78,86189,28,卖盘
2160,11:18:15,30.78,86181,28,买盘
2161,11:18:18,30.78,18468,6,买盘
2162,11:18:21,30.79,40015,13,买盘
2163,11:18:24,30.78,212379,69,买盘
2164,11:18:27,30.78,61552,20,卖盘
2165,11:18:30,30.78,27702,9,卖盘
2166,11:18:33,30.79,24626,8,买盘
2167,11:18:36,30.78,52326,17,卖盘
2168,11:18:39,30.78,6156,2,卖盘
2169,11:18:42,30.78,49252,16,卖盘
2170,11:18:45,30.79,67738,22,买盘
2171,11:18:48,30.79,15395,5,买盘
2172,11:18:51,30.79,18474,6,买盘
2173,11:18:54,30.79,132389,43,买盘
2174,11:18:57,30.79,55420,18,买盘
2175,11:19:00,30.79,6157,2,买盘
2176,11:19:03,30.78,541843,176,卖盘
2177,11:19:06,30.79,3079,1,买盘
2178,11:19:09,30.79,58493,19,买盘
2179,11:19:12,30.78,357052,116,卖盘
2180,11:19:15,30.79,295574,96,买盘
2181,11:19:18,30.79,203210,66,买盘
2182,11:19:21,30.8,36950,12,买盘
2183,11:19:27,30.8,61581,20,买盘
2184,11:19:30,30.8,52360,17,买盘
2185,11:19:33,30.79,52343,17,卖盘
2186,11:19:36,30.8,104692,34,买盘
2187,11:19:39,30.8,101615,33,买盘
2188,11:19:42,30.79,46185,15,卖盘
2189,11:19:45,30.79,36948,12,卖盘
2190,11:19:48,30.8,76987,25,买盘
2191,11:19:51,30.8,166262,54,买盘
2192,11:19:54,30.8,311079,101,买盘
2193,11:19:57,30.8,30795,10,买盘
2194,11:20:00,30.8,110880,36,买盘
2195,11:20:03,30.8,18480,6,买盘
2196,11:20:06,30.8,6160,2,买盘
2197,11:20:09,30.8,6160,2,买盘
2198,11:20:12,30.8,144736,47,买盘
2199,11:20:15,30.79,406533,132,卖盘
2200,11:20:18,30.79,431144,140,买盘
2201,11:20:21,30.8,523556,170,买盘
2202,11:20:24,30.78,27705,9,卖盘
2203,11:20:27,30.78,606468,197,卖盘
2204,11:20:30,30.78,831052,270,卖盘
2205,11:20:33,30.78,120074,39,买盘
2206,11:20:36,30.79,49259,16,买盘
2207,11:20:39,30.78,107750,35,卖盘
2208,11:20:42,30.77,73870,24,卖盘
2209,11:20:45,30.78,6156,2,买盘
2210,11:20:48,30.77,18462,6,卖盘
2211,11:20:51,30.78,76949,25,买盘
2212,11:20:54,30.78,76950,25,卖盘
2213,11:20:57,30.79,129293,42,买盘
2214,11:21:00,30.79,160108,52,卖盘
2215,11:21:03,30.78,329420,107,卖盘
2216,11:21:06,30.78,73872,24,卖盘
2217,11:21:09,30.78,107714,35,买盘
2218,11:21:12,30.78,83106,27,买盘
2219,11:21:15,30.78,98495,32,买盘
2220,11:21:18,30.78,27702,9,中性盘
2221,11:21:21,30.78,40014,13,卖盘
2222,11:21:24,30.78,135432,44,卖盘
2223,11:21:27,30.79,49255,16,买盘
2224,11:21:30,30.79,233996,76,买盘
2225,11:21:33,30.79,101607,33,卖盘
2226,11:21:36,30.8,988609,321,买盘
2227,11:21:39,30.8,49266,16,买盘
2228,11:21:45,30.78,1415990,460,卖盘
2229,11:21:48,30.78,221637,72,卖盘
2230,11:21:51,30.77,12308,4,卖盘
2231,11:21:54,30.78,52326,17,买盘
2232,11:21:57,30.78,126180,41,买盘
2233,11:22:00,30.79,461702,150,买盘
2234,11:22:03,30.78,141588,46,卖盘
2235,11:22:06,30.78,49248,16,卖盘
2236,11:22:09,30.78,86184,28,卖盘
2237,11:22:12,30.79,6158,2,买盘
2238,11:22:18,30.78,46181,15,卖盘
2239,11:22:21,30.79,147760,48,买盘
2240,11:22:24,30.78,384807,125,卖盘
2241,11:22:27,30.78,190840,62,卖盘
2242,11:22:30,30.78,1456285,473,买盘
2243,11:22:33,30.78,24626,8,买盘
2244,11:22:36,30.78,126198,41,卖盘
2245,11:22:39,30.78,73869,24,卖盘
2246,11:22:42,30.77,21542,7,卖盘
2247,11:22:45,30.78,132349,43,买盘
2248,11:22:48,30.77,6155,2,卖盘
2249,11:22:51,30.78,15390,5,买盘
2250,11:22:54,30.78,12311,4,买盘
2251,11:22:57,30.78,95413,31,买盘
2252,11:23:00,30.78,98491,32,买盘
2253,11:23:03,30.78,6156,2,卖盘
2254,11:23:06,30.78,129276,42,卖盘
2255,11:23:09,30.78,83104,27,买盘
2256,11:23:12,30.78,12312,4,中性盘
2257,11:23:15,30.78,24620,8,买盘
2258,11:23:18,30.78,181573,59,买盘
2259,11:23:21,30.78,43087,14,卖盘
2260,11:23:24,30.79,12314,4,买盘
2261,11:23:30,30.78,3078,1,卖盘
2262,11:23:33,30.78,15390,5,卖盘
2263,11:23:36,30.78,58482,19,卖盘
2264,11:23:39,30.78,27702,9,卖盘
2265,11:23:42,30.79,1323523,430,买盘
2266,11:23:45,30.78,135432,44,买盘
2267,11:23:48,30.79,126229,41,买盘
2268,11:23:51,30.78,15390,5,卖盘
2269,11:23:54,30.78,156947,51,买盘
2270,11:23:57,30.78,76957,25,卖盘
2271,11:24:00,30.78,18469,6,卖盘
2272,11:24:03,30.78,301666,98,卖盘
2273,11:24:06,30.79,36944,12,买盘
2274,11:24:09,30.78,15390,5,卖盘
2275,11:24:12,30.78,418606,136,卖盘
2276,11:24:15,30.79,61580,20,买盘
2277,11:24:18,30.78,83110,27,卖盘
2278,11:24:21,30.79,627918,204,买盘
2279,11:24:24,30.79,3079,1,买盘
2280,11:24:27,30.78,43102,14,卖盘
2281,11:24:30,30.79,24632,8,买盘
2282,11:24:33,30.78,21548,7,卖盘
2283,11:24:36,30.78,24625,8,卖盘
2284,11:24:39,30.78,33859,11,卖盘
2285,11:24:42,30.78,877200,285,卖盘
2286,11:24:45,30.78,18468,6,买盘
2287,11:24:51,30.77,73853,24,卖盘
2288,11:24:54,30.78,18468,6,买盘
2289,11:24:57,30.78,43092,14,买盘
2290,11:25:00,30.78,6156,2,买盘
2291,11:25:03,30.78,316937,103,买盘
2292,11:25:06,30.77,123105,40,卖盘
2293,11:25:09,30.78,12309,4,买盘
2294,11:25:12,30.78,427854,139,买盘
2295,11:25:15,30.78,144666,47,卖盘
2296,11:25:18,30.77,21544,7,卖盘
2297,11:25:21,30.77,227731,74,卖盘
2298,11:25:24,30.78,178470,58,买盘
2299,11:25:27,30.78,264637,86,买盘
2300,11:25:30,30.78,15390,5,买盘
2301,11:25:33,30.77,80003,26,卖盘
2302,11:25:36,30.78,153900,50,买盘
2303,11:25:39,30.78,92340,30,买盘
2304,11:25:42,30.78,15388,5,买盘
2305,11:25:48,30.78,33858,11,买盘
2306,11:25:51,30.78,193897,63,买盘
2307,11:25:54,30.77,166209,54,卖盘
2308,11:25:57,30.78,123117,40,买盘
2309,11:26:00,30.78,9234,3,卖盘
2310,11:26:03,30.79,15392,5,买盘
2311,11:26:06,30.79,24632,8,买盘
2312,11:26:09,30.79,15391,5,买盘
2313,11:26:12,30.79,58488,19,买盘
2314,11:26:15,30.78,120065,39,卖盘
2315,11:26:18,30.79,116980,38,买盘
2316,11:26:21,30.78,52341,17,卖盘
2317,11:26:24,30.79,344796,112,买盘
2318,11:26:27,30.79,126209,41,买盘
2319,11:26:30,30.78,15390,5,卖盘
2320,11:26:33,30.79,252478,82,买盘
2321,11:26:36,30.78,301738,98,卖盘
2322,11:26:39,30.78,70800,23,卖盘
2323,11:26:42,30.79,18474,6,买盘
2324,11:26:45,30.79,61579,20,买盘
2325,11:26:48,30.79,246321,80,买盘
2326,11:26:51,30.78,113905,37,卖盘
2327,11:26:54,30.78,46184,15,卖盘
2328,11:26:57,30.78,15393,5,卖盘
2329,11:27:00,30.78,156982,51,卖盘
2330,11:27:03,30.78,446310,145,卖盘
2331,11:27:06,30.79,89277,29,买盘
2332,11:27:09,30.78,6156,2,卖盘
2333,11:27:12,30.78,76952,25,卖盘
2334,11:27:18,30.79,73896,24,买盘
2335,11:27:21,30.79,409527,133,买盘
2336,11:27:24,30.8,49270,16,买盘
2337,11:27:27,30.79,46185,15,卖盘
2338,11:27:30,30.79,86220,28,卖盘
2339,11:27:33,30.79,64665,21,卖盘
2340,11:27:36,30.8,58507,19,买盘
2341,11:27:39,30.79,76976,25,卖盘
2342,11:27:42,30.8,36953,12,买盘
2343,11:27:45,30.8,153970,50,买盘
2344,11:27:48,30.8,200199,65,买盘
2345,11:27:51,30.81,1759117,571,买盘
2346,11:27:54,30.81,6163,2,卖盘
2347,11:27:57,30.82,3082,1,买盘
2348,11:28:00,30.82,221836,72,买盘
2349,11:28:03,30.82,200313,65,买盘
2350,11:28:06,30.82,24654,8,买盘
2351,11:28:09,30.82,228028,74,买盘
2352,11:28:12,30.81,308148,100,中性盘
2353,11:28:15,30.82,33902,11,买盘
2354,11:28:18,30.82,30820,10,买盘
2355,11:28:21,30.83,15414,5,买盘
2356,11:28:24,30.82,77050,25,卖盘
2357,11:28:27,30.83,6166,2,买盘
2358,11:28:30,30.83,15411,5,买盘
2359,11:28:33,30.82,107903,35,卖盘
2360,11:28:36,30.83,18494,6,买盘
2361,11:28:39,30.83,132535,43,买盘
2362,11:28:42,30.82,413082,134,卖盘
2363,11:28:45,30.82,43159,14,卖盘
2364,11:28:48,30.83,221975,72,买盘
2365,11:28:51,30.83,30828,10,买盘
2366,11:28:54,30.82,160306,52,卖盘
2367,11:28:57,30.83,95573,31,买盘
2368,11:29:03,30.84,524255,170,买盘
2369,11:29:06,30.83,249760,81,卖盘
2370,11:29:09,30.82,1831202,594,卖盘
2371,11:29:12,30.82,104805,34,买盘
2372,11:29:15,30.82,114049,37,买盘
2373,11:29:18,30.82,107870,35,卖盘
2374,11:29:21,30.83,141813,46,买盘
2375,11:29:24,30.82,77060,25,卖盘
2376,11:29:27,30.82,15412,5,卖盘
2377,11:29:30,30.82,154160,50,卖盘
2378,11:29:33,30.82,21577,7,卖盘
2379,11:29:36,30.82,46243,15,卖盘
2380,11:29:39,30.83,49325,16,买盘
2381,11:29:42,30.83,3083,1,中性盘
2382,11:29:45,30.83,12332,4,卖盘
2383,11:29:48,30.83,52413,17,卖盘
2384,11:29:51,30.83,542611,176,卖盘
2385,11:29:54,30.84,262061,85,买盘
2386,11:29:57,30.83,154149,50,买盘
2387,11:30:00,30.83,55494,18,买盘
2388,13:00:00,30.84,1125358,365,买盘
2389,13:00:03,30.83,3620060,1174,卖盘
2390,13:00:06,30.83,1791206,581,卖盘
2391,13:00:09,30.8,2612458,848,卖盘
2392,13:00:12,30.79,55435,18,卖盘
2393,13:00:15,30.79,15395,5,卖盘
2394,13:00:18,30.79,150890,49,卖盘
2395,13:00:21,30.78,898837,292,卖盘
2396,13:00:24,30.8,33878,11,买盘
2397,13:00:27,30.79,129290,42,中性盘
2398,13:00:30,30.78,18470,6,卖盘
2399,13:00:33,30.78,12312,4,卖盘
2400,13:00:36,30.78,40006,13,买盘
2401,13:00:39,30.77,252321,82,卖盘
2402,13:00:42,30.77,61548,20,卖盘
2403,13:00:45,30.77,52309,17,卖盘
2404,13:00:48,30.77,70772,23,卖盘
2405,13:00:51,30.77,43079,14,卖盘
2406,13:00:54,30.77,9232,3,卖盘
2407,13:00:57,30.77,15385,5,卖盘
2408,13:01:00,30.78,27700,9,买盘
2409,13:01:03,30.77,64618,21,卖盘
2410,13:01:06,30.77,661609,215,卖盘
2411,13:01:09,30.77,329238,107,买盘
2412,13:01:12,30.77,98464,32,买盘
2413,13:01:15,30.78,49244,16,买盘
2414,13:01:21,30.79,43081,14,买盘
2415,13:01:24,30.79,12316,4,买盘
2416,13:01:27,30.79,80023,26,买盘
2417,13:01:30,30.78,15391,5,中性盘
2418,13:01:33,30.78,138510,45,卖盘
2419,13:01:36,30.78,3078,1,买盘
2420,13:01:39,30.78,76949,25,买盘
2421,13:01:42,30.77,80002,26,卖盘
2422,13:01:45,30.77,440051,143,卖盘
2423,13:01:48,30.78,101552,33,买盘
2424,13:01:51,30.76,46141,15,卖盘
2425,13:01:54,30.76,332227,108,卖盘
2426,13:01:57,30.76,344518,112,卖盘
2427,13:02:00,30.76,101508,33,卖盘
2428,13:02:03,30.77,1230796,400,买盘
2429,13:02:06,30.76,455386,148,卖盘
2430,13:02:09,30.76,79977,26,卖盘
2431,13:02:12,30.76,212258,69,卖盘
2432,13:02:15,30.76,3076,1,卖盘
2433,13:02:18,30.76,141519,46,卖盘
2434,13:02:21,30.76,304545,99,卖盘
2435,13:02:24,30.77,110755,36,买盘
2436,13:02:27,30.77,6153,2,买盘
2437,13:02:30,30.76,236862,77,卖盘
2438,13:02:33,30.76,107663,35,卖盘
2439,13:02:39,30.76,147653,48,卖盘
2440,13:02:42,30.77,332277,108,买盘
2441,13:02:45,30.76,55368,18,卖盘
2442,13:02:48,30.77,52296,17,买盘
2443,13:02:51,30.77,193839,63,买盘
2444,13:02:54,30.76,46140,15,卖盘
2445,13:02:57,30.77,70771,23,买盘
2446,13:03:00,30.76,9228,3,卖盘
2447,13:03:03,30.75,104566,34,卖盘
2448,13:03:06,30.76,43064,14,卖盘
2449,13:03:09,30.76,873603,284,卖盘
2450,13:03:12,30.76,21532,7,卖盘
2451,13:03:15,30.76,61520,20,买盘
2452,13:03:18,30.75,2324750,756,卖盘
2453,13:03:21,30.76,126078,41,买盘
2454,13:03:24,30.75,61500,20,卖盘
2455,13:03:27,30.75,255232,83,卖盘
2456,13:03:30,30.74,273665,89,卖盘
2457,13:03:33,30.74,55342,18,卖盘
2458,13:03:39,30.75,33819,11,买盘
2459,13:03:42,30.74,688598,224,卖盘
2460,13:03:48,30.74,239697,78,买盘
2461,13:03:51,30.73,202830,66,卖盘
2462,13:03:54,30.73,313455,102,卖盘
2463,13:03:57,30.73,264281,86,卖盘
2464,13:04:00,30.73,322665,105,卖盘
2465,13:04:03,30.72,608455,198,卖盘
2466,13:04:06,30.73,12290,4,买盘
2467,13:04:09,30.72,1444280,470,卖盘
2468,13:04:12,30.72,771072,251,卖盘
2469,13:04:15,30.72,46082,15,卖盘
2470,13:04:18,30.72,273410,89,卖盘
2471,13:04:21,30.73,138250,45,买盘
2472,13:04:24,30.73,675860,220,买盘
2473,13:04:27,30.72,187393,61,卖盘
2474,13:04:30,30.72,165888,54,卖盘
2475,13:04:33,30.72,122874,40,买盘
2476,13:04:36,30.73,49153,16,买盘
2477,13:04:39,30.73,21509,7,买盘
2478,13:04:42,30.72,138248,45,卖盘
2479,13:04:45,30.72,58369,19,卖盘
2480,13:04:48,30.72,36864,12,卖盘
2481,13:04:51,30.72,64513,21,卖盘
2482,13:04:54,30.73,98314,32,买盘
2483,13:04:57,30.72,165895,54,卖盘
2484,13:05:00,30.73,36870,12,买盘
2485,13:05:03,30.73,36866,12,买盘
2486,13:05:06,30.72,251915,82,卖盘
2487,13:05:09,30.72,147457,48,卖盘
2488,13:05:12,30.72,233475,76,卖盘
2489,13:05:15,30.72,73708,24,买盘
2490,13:05:18,30.72,89086,29,买盘
2491,13:05:21,30.72,144391,47,买盘
2492,13:05:24,30.71,138208,45,卖盘
2493,13:05:27,30.72,39936,13,卖盘
2494,13:05:30,30.72,230402,75,卖盘
2495,13:05:33,30.71,721761,235,卖盘
2496,13:05:36,30.7,2183441,711,卖盘
2497,13:05:39,30.71,663216,216,买盘
2498,13:05:42,30.7,82891,27,卖盘
2499,13:05:45,30.7,159660,52,卖盘
2500,13:05:48,30.71,85972,28,买盘
2501,13:05:51,30.71,135098,44,买盘
2502,13:05:54,30.71,73686,24,买盘
2503,13:05:57,30.7,73680,24,卖盘
2504,13:06:00,30.7,184230,60,卖盘
2505,13:06:03,30.7,79820,26,卖盘
2506,13:06:06,30.7,138150,45,卖盘
2507,13:06:09,30.7,159661,52,卖盘
2508,13:06:12,30.71,420726,137,买盘
2509,13:06:15,30.71,122817,40,买盘
2510,13:06:18,30.71,448282,146,买盘
2511,13:06:21,30.72,159668,52,买盘
2512,13:06:24,30.72,380809,124,买盘
2513,13:06:27,30.71,49145,16,卖盘
2514,13:06:30,30.71,257982,84,卖盘
2515,13:06:33,30.72,101345,33,买盘
2516,13:06:36,30.72,24577,8,卖盘
2517,13:06:39,30.71,15360,5,卖盘
2518,13:06:42,30.73,79882,26,买盘
2519,13:06:45,30.71,270344,88,卖盘
2520,13:06:48,30.71,316367,103,卖盘
2521,13:06:54,30.71,92132,30,卖盘
2522,13:06:57,30.71,36857,12,卖盘
2523,13:07:00,30.72,122862,40,买盘
2524,13:07:03,30.73,12289,4,买盘
2525,13:07:06,30.72,52234,17,卖盘
2526,13:07:09,30.72,67585,22,卖盘
2527,13:07:12,30.73,104477,34,买盘
2528,13:07:15,30.73,92181,30,卖盘
2529,13:07:18,30.73,52248,17,卖盘
2530,13:07:21,30.74,227475,74,买盘
2531,13:07:24,30.72,73750,24,卖盘
2532,13:07:27,30.74,73770,24,买盘
2533,13:07:30,30.73,64545,21,卖盘
2534,13:07:33,30.73,92193,30,卖盘
2535,13:07:36,30.73,46095,15,卖盘
2536,13:07:39,30.73,58388,19,买盘
2537,13:07:42,30.73,135210,44,买盘
2538,13:07:45,30.72,98305,32,卖盘
2539,13:07:48,30.73,95253,31,买盘
2540,13:07:51,30.73,36876,12,买盘
2541,13:07:54,30.72,67586,22,卖盘
2542,13:07:57,30.73,52240,17,买盘
2543,13:08:00,30.74,39950,13,买盘
2544,13:08:03,30.74,89108,29,买盘
2545,13:08:06,30.72,169052,55,卖盘
2546,13:08:09,30.74,86072,28,买盘
2547,13:08:12,30.73,39949,13,卖盘
2548,13:08:15,30.74,52258,17,买盘
2549,13:08:18,30.74,132157,43,买盘
2550,13:08:21,30.74,264324,86,买盘
2551,13:08:24,30.73,270459,88,卖盘
2552,13:08:27,30.73,21511,7,买盘
2553,13:08:30,30.72,872517,284,卖盘
2554,13:08:33,30.72,150484,49,中性盘
2555,13:08:36,30.72,402434,131,卖盘
2556,13:08:39,30.72,6144,2,中性盘
2557,13:08:42,30.72,73708,24,买盘
2558,13:08:45,30.72,36861,12,买盘
2559,13:08:48,30.71,202702,66,卖盘
2560,13:08:51,30.72,9216,3,买盘
2561,13:08:54,30.71,15355,5,卖盘
2562,13:08:57,30.71,42995,14,卖盘
2563,13:09:00,30.72,144359,47,买盘
2564,13:09:03,30.71,208828,68,卖盘
2565,13:09:06,30.72,218050,71,买盘
2566,13:09:09,30.71,36854,12,卖盘
2567,13:09:12,30.71,92130,30,卖盘
2568,13:09:15,30.71,488289,159,卖盘
2569,13:09:18,30.71,749374,244,卖盘
2570,13:09:21,30.72,61421,20,买盘
2571,13:09:24,30.72,193504,63,买盘
2572,13:09:27,30.71,58359,19,卖盘
2573,13:09:30,30.72,6144,2,买盘
2574,13:09:33,30.71,52207,17,卖盘
2575,13:09:36,30.72,205773,67,买盘
2576,13:09:39,30.72,221124,72,买盘
2577,13:09:42,30.71,82937,27,卖盘
2578,13:09:45,30.72,18432,6,买盘
2579,13:09:48,30.72,52218,17,买盘
2580,13:09:51,30.72,178176,58,买盘
2581,13:09:54,30.72,181217,59,买盘
2582,13:09:57,30.71,86002,28,卖盘
2583,13:10:00,30.72,119778,39,买盘
2584,13:10:03,30.72,254906,83,买盘
2585,13:10:06,30.72,82932,27,买盘
2586,13:10:09,30.71,67562,22,卖盘
2587,13:10:12,30.71,107498,35,卖盘
2588,13:10:15,30.72,67575,22,中性盘
2589,13:10:18,30.73,76811,25,买盘
2590,13:10:21,30.72,153580,50,卖盘
2591,13:10:24,30.72,58366,19,买盘
2592,13:10:27,30.71,129014,42,卖盘
2593,13:10:30,30.72,21508,7,卖盘
2594,13:10:33,30.72,33792,11,卖盘
2595,13:10:36,30.72,172068,56,卖盘
2596,13:10:39,30.72,55301,18,卖盘
2597,13:10:42,30.72,135220,44,卖盘
2598,13:10:48,30.73,104487,34,卖盘
2599,13:10:51,30.72,279553,91,卖盘
2600,13:10:54,30.72,12290,4,卖盘
2601,13:10:57,30.72,224269,73,卖盘
2602,13:11:00,30.72,15361,5,卖盘
2603,13:11:03,30.73,288780,94,买盘
2604,13:11:06,30.71,1329737,433,卖盘
2605,13:11:09,30.71,233369,76,买盘
2606,13:11:12,30.71,276336,90,买盘
2607,13:11:15,30.71,224115,73,买盘
2608,13:11:18,30.71,39921,13,买盘
2609,13:11:21,30.71,15355,5,买盘
2610,13:11:24,30.71,171968,56,买盘
2611,13:11:27,30.71,156587,51,买盘
2612,13:11:30,30.71,211848,69,买盘
2613,13:11:33,30.71,58344,19,买盘
2614,13:11:36,30.71,239525,78,买盘
2615,13:11:39,30.71,310126,101,卖盘
2616,13:11:42,30.71,144312,47,买盘
2617,13:11:45,30.67,12552983,4090,卖盘
2618,13:11:48,30.65,4129294,1347,卖盘
2619,13:11:51,30.63,64329,21,卖盘
2620,13:11:54,30.63,563594,184,卖盘
2621,13:11:57,30.62,1212492,396,卖盘
2622,13:12:00,30.63,183682,60,买盘
2623,13:12:03,30.61,278552,91,卖盘
2624,13:12:06,30.61,186760,61,卖盘
2625,13:12:09,30.61,156112,51,卖盘
2626,13:12:12,30.63,428753,140,买盘
2627,13:12:15,30.61,174482,57,卖盘
2628,13:12:18,30.62,257141,84,卖盘
2629,13:12:21,30.62,214307,70,买盘
2630,13:12:24,30.62,42868,14,卖盘
2631,13:12:27,30.63,116394,38,买盘
2632,13:12:30,30.63,287841,94,买盘
2633,13:12:33,30.63,116374,38,买盘
2634,13:12:36,30.63,177631,58,买盘
2635,13:12:39,30.63,125566,41,买盘
2636,13:12:42,30.62,107179,35,卖盘
2637,13:12:45,30.63,128644,42,买盘
2638,13:12:48,30.63,85743,28,卖盘
2639,13:12:51,30.63,143961,47,卖盘
2640,13:12:54,30.63,263428,86,卖盘
2641,13:12:57,30.63,76575,25,买盘
2642,13:13:00,30.63,468487,153,买盘
2643,13:13:03,30.63,257287,84,买盘
2644,13:13:06,30.62,480642,157,卖盘
2645,13:13:09,30.63,168426,55,买盘
2646,13:13:12,30.62,603227,197,卖盘
2647,13:13:15,30.63,134752,44,买盘
2648,13:13:18,30.63,710575,232,买盘
2649,13:13:21,30.63,137816,45,买盘
2650,13:13:24,30.63,189862,62,买盘
2651,13:13:27,30.63,91880,30,买盘
2652,13:13:30,30.63,61269,20,卖盘
2653,13:13:33,30.63,860748,281,卖盘
2654,13:13:36,30.63,177654,58,卖盘
2655,13:13:39,30.64,989367,323,中性盘
2656,13:13:42,30.63,287932,94,卖盘
2657,13:13:45,30.64,61280,20,买盘
2658,13:13:48,30.64,508543,166,买盘
2659,13:13:51,30.64,413631,135,买盘
2660,13:13:54,30.63,174605,57,卖盘
2661,13:13:57,30.63,24510,8,卖盘
2662,13:14:00,30.64,291073,95,买盘
2663,13:14:03,30.62,1785307,583,卖盘
2664,13:14:06,30.63,333834,109,中性盘
2665,13:14:09,30.61,1016531,332,卖盘
2666,13:14:12,30.62,171442,56,买盘
2667,13:14:15,30.61,1796692,587,卖盘
2668,13:14:18,30.6,1811550,592,卖盘
2669,13:14:21,30.61,495759,162,买盘
2670,13:14:24,30.6,143833,47,卖盘
2671,13:14:27,30.61,1872843,612,买盘
2672,13:14:30,30.6,400869,131,卖盘
2673,13:14:33,30.6,1673820,547,卖盘
2674,13:14:36,30.59,113199,37,卖盘
2675,13:14:39,30.6,1085801,355,买盘
2676,13:14:42,30.59,91753,30,中性盘
2677,13:14:45,30.59,483227,158,买盘
2678,13:14:48,30.58,354792,116,卖盘
2679,13:14:51,30.58,168217,55,卖盘
2680,13:14:54,30.58,302773,99,卖盘
2681,13:14:57,30.58,269124,88,卖盘
2682,13:15:00,30.59,103980,34,买盘
2683,13:15:03,30.58,152918,50,卖盘
2684,13:15:06,30.58,195717,64,卖盘
2685,13:15:09,30.58,36700,12,卖盘
2686,13:15:12,30.58,217120,71,卖盘
2687,13:15:15,30.58,61163,20,中性盘
2688,13:15:18,30.57,51976,17,卖盘
2689,13:15:21,30.57,125343,41,卖盘
2690,13:15:24,30.57,339380,111,卖盘
2691,13:15:27,30.59,85629,28,买盘
2692,13:15:30,30.59,1603433,524,买盘
2693,13:15:33,30.59,143773,47,卖盘
2694,13:15:36,30.59,18354,6,卖盘
2695,13:15:39,30.59,122382,40,卖盘
2696,13:15:42,30.59,104012,34,卖盘
2697,13:15:45,30.59,104018,34,卖盘
2698,13:15:48,30.6,125434,41,中性盘
2699,13:15:51,30.6,100986,33,中性盘
2700,13:15:54,30.63,367406,120,买盘
2701,13:15:57,30.61,85686,28,卖盘
2702,13:16:00,30.62,134719,44,买盘
2703,13:16:03,30.62,174483,57,买盘
2704,13:16:06,30.62,229646,75,买盘
2705,13:16:09,30.62,110202,36,买盘
2706,13:16:12,30.62,113289,37,买盘
2707,13:16:15,30.62,104093,34,买盘
2708,13:16:18,30.62,9186,3,卖盘
2709,13:16:21,30.63,220525,72,买盘
2710,13:16:24,30.64,24509,8,买盘
2711,13:16:27,30.64,263429,86,买盘
2712,13:16:30,30.65,58215,19,买盘
2713,13:16:33,30.64,33708,11,卖盘
2714,13:16:36,30.65,15323,5,买盘
2715,13:16:39,30.65,101144,33,买盘
2716,13:16:42,30.65,98058,32,买盘
2717,13:16:45,30.66,70498,23,买盘
2718,13:16:48,30.66,79700,26,买盘
2719,13:16:51,30.65,263610,86,卖盘
2720,13:16:54,30.66,223781,73,买盘
2721,13:16:57,30.67,328120,107,买盘
2722,13:17:00,30.66,30659,10,中性盘
2723,13:17:03,30.67,312769,102,买盘
2724,13:17:06,30.67,55206,18,卖盘
2725,13:17:09,30.67,76662,25,中性盘
2726,13:17:12,30.67,110403,36,买盘
2727,13:17:15,30.67,33737,11,卖盘
2728,13:17:18,30.67,144149,47,买盘
2729,13:17:21,30.66,15330,5,卖盘
2730,13:17:24,30.67,257546,84,买盘
2731,13:17:27,30.67,58257,19,买盘
2732,13:17:30,30.68,211624,69,买盘
2733,13:17:33,30.67,248427,81,卖盘
2734,13:17:36,30.66,331218,108,卖盘
2735,13:17:39,30.68,260774,85,买盘
2736,13:17:42,30.68,33741,11,买盘
2737,13:17:45,30.68,12272,4,卖盘
2738,13:17:48,30.68,46024,15,卖盘
2739,13:17:51,30.68,190174,62,卖盘
2740,13:17:54,30.66,263715,86,卖盘
2741,13:17:57,30.66,144177,47,卖盘
2742,13:18:00,30.68,199368,65,买盘
2743,13:18:03,30.68,177863,58,买盘
2744,13:18:06,30.68,61361,20,卖盘
2745,13:18:09,30.68,42955,14,卖盘
2746,13:18:12,30.69,282282,92,买盘
2747,13:18:15,30.68,98183,32,买盘
2748,13:18:18,30.68,671492,219,买盘
2749,13:18:21,30.68,85899,28,买盘
2750,13:18:24,30.66,15331,5,卖盘
2751,13:18:27,30.68,104304,34,买盘
2752,13:18:30,30.67,46008,15,买盘
2753,13:18:33,30.66,226892,74,卖盘
2754,13:18:36,30.66,76637,25,中性盘
2755,13:18:39,30.67,85857,28,买盘
2756,13:18:42,30.65,33720,11,卖盘
2757,13:18:45,30.65,361709,118,卖盘
2758,13:18:48,30.67,254558,83,买盘
2759,13:18:51,30.67,113479,37,卖盘
2760,13:18:54,30.67,788235,257,卖盘
2761,13:19:00,30.67,42948,14,卖盘
2762,13:19:03,30.67,70537,23,卖盘
2763,13:19:06,30.67,27603,9,买盘
2764,13:19:09,30.67,122680,40,买盘
2765,13:19:12,30.66,45991,15,卖盘
2766,13:19:15,30.66,337269,110,卖盘
2767,13:19:18,30.66,67462,22,卖盘
2768,13:19:21,30.66,70520,23,卖盘
2769,13:19:24,30.66,61323,20,卖盘
2770,13:19:27,30.66,42924,14,卖盘
2771,13:19:30,30.66,45990,15,卖盘
2772,13:19:33,30.66,220788,72,卖盘
2773,13:19:36,30.66,364862,119,卖盘
2774,13:19:39,30.66,456835,149,卖盘
2775,13:19:42,30.67,306618,100,买盘
2776,13:19:45,30.67,156378,51,买盘
2777,13:19:48,30.67,588681,192,买盘
2778,13:19:51,30.66,70527,23,卖盘
2779,13:19:54,30.66,128777,42,卖盘
2780,13:19:57,30.66,144102,47,卖盘
2781,13:20:00,30.66,153300,50,卖盘
2782,13:20:03,30.66,153300,50,买盘
2783,13:20:06,30.65,236062,77,卖盘
2784,13:20:09,30.66,742183,242,买盘
2785,13:20:15,30.66,153267,50,买盘
2786,13:20:18,30.65,79705,26,卖盘
2787,13:20:21,30.66,36781,12,买盘
2788,13:20:24,30.65,88909,29,卖盘
2789,13:20:27,30.65,162449,53,卖盘
2790,13:20:30,30.66,55183,18,买盘
2791,13:20:33,30.65,45978,15,卖盘
2792,13:20:36,30.66,315797,103,买盘
2793,13:20:39,30.64,530258,173,卖盘
2794,13:20:42,30.65,3065,1,买盘
2795,13:20:45,30.65,49040,16,买盘
2796,13:20:48,30.65,73560,24,买盘
2797,13:20:51,30.65,144017,47,买盘
2798,13:20:54,30.64,12256,4,卖盘
2799,13:20:57,30.64,12256,4,卖盘
2800,13:21:00,30.64,73536,24,卖盘
2801,13:21:03,30.64,70472,23,卖盘
2802,13:21:06,30.65,177740,58,买盘
2803,13:21:09,30.65,58219,19,买盘
2804,13:21:12,30.65,315629,103,买盘
2805,13:21:15,30.65,64365,21,卖盘
2806,13:21:18,30.65,91950,30,卖盘
2807,13:21:21,30.65,6130,2,卖盘
2808,13:21:24,30.65,3065,1,买盘
2809,13:21:27,30.64,134833,44,卖盘
2810,13:21:30,30.65,12260,4,卖盘
2811,13:21:33,30.65,3065,1,卖盘
2812,13:21:36,30.66,119537,39,买盘
2813,13:21:39,30.66,88888,29,买盘
2814,13:21:42,30.65,36783,12,卖盘
2815,13:21:45,30.65,18390,6,卖盘
2816,13:21:48,30.65,435361,142,卖盘
2817,13:21:51,30.65,116473,38,卖盘
2818,13:21:54,30.65,49044,16,卖盘
2819,13:21:57,30.66,64385,21,买盘
2820,13:22:00,30.65,64365,21,卖盘
2821,13:22:03,30.66,15330,5,买盘
2822,13:22:06,30.65,24520,8,卖盘
2823,13:22:09,30.66,3066,1,买盘
2824,13:22:12,30.65,27587,9,卖盘
2825,13:22:18,30.66,364761,119,买盘
2826,13:22:21,30.65,174708,57,卖盘
2827,13:22:24,30.65,45980,15,中性盘
2828,13:22:27,30.64,36779,12,卖盘
2829,13:22:30,30.65,91949,30,买盘
2830,13:22:33,30.64,52088,17,卖盘
2831,13:22:36,30.65,36779,12,买盘
2832,13:22:39,30.65,162445,53,买盘
2833,13:22:42,30.65,355514,116,买盘
2834,13:22:45,30.65,199225,65,卖盘
2835,13:22:48,30.65,119539,39,卖盘
2836,13:22:51,30.65,101155,33,卖盘
2837,13:22:54,30.65,42910,14,卖盘
2838,13:22:57,30.65,52102,17,卖盘
2839,13:23:00,30.65,36780,12,买盘
2840,13:23:03,30.64,370744,121,卖盘
2841,13:23:06,30.64,64359,21,卖盘
2842,13:23:09,30.65,6130,2,买盘
2843,13:23:12,30.65,61298,20,买盘
2844,13:23:15,30.64,98049,32,卖盘
2845,13:23:21,30.65,278889,91,买盘
2846,13:23:24,30.64,465782,152,卖盘
2847,13:23:27,30.64,30641,10,卖盘
2848,13:23:30,30.64,36772,12,卖盘
2849,13:23:33,30.65,254395,83,买盘
2850,13:23:36,30.65,15325,5,卖盘
2851,13:23:39,30.64,21448,7,卖盘
2852,13:23:42,30.64,36770,12,卖盘
2853,13:23:45,30.64,153230,50,卖盘
2854,13:23:48,30.64,257384,84,卖盘
2855,13:23:51,30.64,49026,16,卖盘
2856,13:23:57,30.64,42896,14,卖盘
2857,13:24:00,30.64,6128,2,卖盘
2858,13:24:03,30.64,79664,26,卖盘
2859,13:24:06,30.65,52105,17,买盘
2860,13:24:09,30.64,156264,51,卖盘
2861,13:24:15,30.64,64344,21,卖盘
2862,13:24:18,30.64,269648,88,卖盘
2863,13:24:21,30.64,73538,24,卖盘
2864,13:24:24,30.64,95006,31,卖盘
2865,13:24:27,30.64,27579,9,卖盘
2866,13:24:30,30.64,383004,125,卖盘
2867,13:24:33,30.64,73536,24,卖盘
2868,13:24:36,30.64,79680,26,卖盘
2869,13:24:39,30.64,9194,3,卖盘
2870,13:24:42,30.65,39835,13,买盘
2871,13:24:45,30.65,15325,5,买盘
2872,13:24:48,30.65,6130,2,买盘
2873,13:24:51,30.65,45975,15,买盘
2874,13:24:54,30.64,52088,17,卖盘
2875,13:24:57,30.65,70494,23,买盘
2876,13:25:00,30.65,27584,9,买盘
2877,13:25:03,30.65,18387,6,买盘
2878,13:25:06,30.65,186918,61,买盘
2879,13:25:09,30.65,6129,2,买盘
2880,13:25:12,30.65,58235,19,买盘
2881,13:25:15,30.65,67430,22,买盘
2882,13:25:18,30.64,220677,72,卖盘
2883,13:25:21,30.65,73547,24,买盘
2884,13:25:24,30.65,61300,20,中性盘
2885,13:25:27,30.65,39845,13,买盘
2886,13:25:30,30.65,52105,17,卖盘
2887,13:25:36,30.66,30660,10,买盘
2888,13:25:39,30.65,6131,2,卖盘
2889,13:25:42,30.66,27587,9,买盘
2890,13:25:45,30.66,49056,16,买盘
2891,13:25:48,30.66,119570,39,买盘
2892,13:25:51,30.65,61308,20,卖盘
2893,13:25:54,30.65,76649,25,卖盘
2894,13:25:57,30.66,18395,6,买盘
2895,13:26:00,30.66,233016,76,买盘
2896,13:26:03,30.65,131795,43,卖盘
2897,13:26:06,30.66,162482,53,买盘
2898,13:26:09,30.66,42915,14,买盘
2899,13:26:12,30.66,82775,27,买盘
2900,13:26:15,30.66,12264,4,买盘
2901,13:26:18,30.65,257536,84,卖盘
2902,13:26:21,30.65,137969,45,卖盘
2903,13:26:24,30.66,113442,37,买盘
2904,13:26:27,30.65,79703,26,卖盘
2905,13:26:30,30.66,27594,9,买盘
2906,13:26:33,30.65,49053,16,卖盘
2907,13:26:36,30.65,327961,107,卖盘
2908,13:26:39,30.65,6130,2,卖盘
2909,13:26:42,30.65,294241,96,卖盘
2910,13:26:45,30.66,110351,36,买盘
2911,13:26:48,30.66,9196,3,买盘
2912,13:26:51,30.65,15325,5,卖盘
2913,13:26:54,30.66,156366,51,买盘
2914,13:26:57,30.66,91953,30,买盘
2915,13:27:00,30.66,131826,43,买盘
2916,13:27:03,30.65,312643,102,卖盘
2917,13:27:06,30.66,55188,18,买盘
2918,13:27:09,30.66,1542198,503,买盘
2919,13:27:12,30.66,33717,11,买盘
2920,13:27:15,30.66,119574,39,买盘
2921,13:27:18,30.66,15330,5,买盘
2922,13:27:21,30.66,36791,12,买盘
2923,13:27:24,30.65,147123,48,卖盘
2924,13:27:27,30.65,3065,1,卖盘
2925,13:27:30,30.66,15330,5,买盘
2926,13:27:33,30.66,122629,40,买盘
2927,13:27:36,30.65,27593,9,卖盘
2928,13:27:39,30.65,12261,4,卖盘
2929,13:27:42,30.66,30651,10,买盘
2930,13:27:45,30.65,119543,39,卖盘
2931,13:27:48,30.66,49056,16,买盘
2932,13:27:51,30.66,15330,5,买盘
2933,13:27:54,30.66,282072,92,买盘
2934,13:27:57,30.66,21462,7,买盘
2935,13:28:00,30.65,122617,40,卖盘
2936,13:28:03,30.66,141001,46,买盘
2937,13:28:06,30.65,9196,3,卖盘
2938,13:28:09,30.66,190043,62,买盘
2939,13:28:12,30.66,70518,23,买盘
2940,13:28:15,30.65,1186156,387,卖盘
2941,13:28:18,30.64,153236,50,卖盘
2942,13:28:21,30.64,710823,232,卖盘
2943,13:28:24,30.64,600433,196,买盘
2944,13:28:27,30.64,24507,8,买盘
2945,13:28:30,30.64,79656,26,买盘
2946,13:28:33,30.64,18384,6,卖盘
2947,13:28:36,30.64,42893,14,买盘
2948,13:28:39,30.64,6128,2,买盘
2949,13:28:42,30.63,122553,40,卖盘
2950,13:28:45,30.63,39830,13,卖盘
2951,13:28:48,30.63,107214,35,卖盘
2952,13:28:51,30.64,9191,3,买盘
2953,13:28:54,30.63,122540,40,卖盘
2954,13:28:57,30.63,33696,11,卖盘
2955,13:29:00,30.64,131723,43,买盘
2956,13:29:03,30.64,76600,25,买盘
2957,13:29:06,30.64,177677,58,卖盘
2958,13:29:09,30.64,39832,13,买盘
2959,13:29:12,30.64,116418,38,卖盘
2960,13:29:15,30.64,128689,42,卖盘
2961,13:29:18,30.64,55152,18,买盘
2962,13:29:21,30.64,211422,69,买盘
2963,13:29:27,30.64,64354,21,卖盘
2964,13:29:30,30.65,79665,26,买盘
2965,13:29:33,30.64,21448,7,卖盘
2966,13:29:36,30.65,3065,1,买盘
2967,13:29:42,30.64,110306,36,卖盘
2968,13:29:45,30.65,125643,41,买盘
2969,13:29:48,30.65,33713,11,买盘
2970,13:29:51,30.65,88885,29,买盘
2971,13:29:54,30.65,386190,126,买盘
2972,13:29:57,30.65,27586,9,卖盘
2973,13:30:00,30.66,79710,26,买盘
2974,13:30:03,30.66,30653,10,买盘
2975,13:30:06,30.65,33715,11,卖盘
2976,13:30:09,30.66,3066,1,买盘
2977,13:30:15,30.65,162490,53,卖盘
2978,13:30:18,30.65,79695,26,卖盘
2979,13:30:21,30.67,128779,42,买盘
2980,13:30:24,30.66,73584,24,卖盘
2981,13:30:27,30.66,61320,20,买盘
2982,13:30:30,30.66,226884,74,买盘
2983,13:30:33,30.66,15330,5,买盘
2984,13:30:36,30.65,33724,11,卖盘
2985,13:30:39,30.66,24528,8,买盘
2986,13:30:42,30.66,55188,18,买盘
2987,13:30:45,30.66,119554,39,买盘
2988,13:30:48,30.66,33727,11,中性盘
2989,13:30:51,30.65,88894,29,卖盘
2990,13:30:54,30.66,9198,3,买盘
2991,13:30:57,30.65,153274,50,卖盘
2992,13:31:00,30.66,52116,17,卖盘
2993,13:31:03,30.66,107303,35,卖盘
2994,13:31:06,30.66,609966,199,买盘
2995,13:31:09,30.66,76662,25,卖盘
2996,13:31:12,30.66,196266,64,卖盘
2997,13:31:15,30.67,67468,22,买盘
2998,13:31:18,30.67,266827,87,买盘
2999,13:31:21,30.66,398601,130,卖盘
3000,13:31:24,30.66,12264,4,买盘
3001,13:31:27,30.66,67451,22,买盘
3002,13:31:30,30.66,119561,39,买盘
3003,13:31:33,30.66,266724,87,买盘
3004,13:31:36,30.66,76650,25,卖盘
3005,13:31:39,30.66,21462,7,卖盘
3006,13:31:42,30.67,205461,67,买盘
3007,13:31:45,30.66,27594,9,买盘
3008,13:31:48,30.65,186973,61,卖盘
3009,13:31:51,30.65,85845,28,卖盘
3010,13:31:54,30.65,45975,15,卖盘
3011,13:31:57,30.66,9198,3,买盘
3012,13:32:00,30.65,1357658,443,卖盘
3013,13:32:03,30.66,732401,239,买盘
3014,13:32:06,30.65,45975,15,中性盘
3015,13:32:09,30.65,21455,7,买盘
3016,13:32:12,30.65,223797,73,卖盘
3017,13:32:15,30.66,116471,38,买盘
3018,13:32:18,30.65,36780,12,卖盘
3019,13:32:21,30.65,73560,24,买盘
3020,13:32:24,30.65,168575,55,买盘
3021,13:32:27,30.65,55170,18,买盘
3022,13:32:30,30.64,18385,6,卖盘
3023,13:32:33,30.65,39845,13,买盘
3024,13:32:36,30.65,3065,1,买盘
3025,13:32:39,30.64,64354,21,卖盘
3026,13:32:42,30.65,12259,4,买盘
3027,13:32:45,30.65,545415,178,买盘
3028,13:32:48,30.64,24513,8,卖盘
3029,13:32:51,30.64,297211,97,卖盘
3030,13:32:54,30.64,18384,6,中性盘
3031,13:32:57,30.64,119488,39,买盘
3032,13:33:00,30.64,24507,8,买盘
3033,13:33:03,30.64,431900,141,买盘
3034,13:33:06,30.64,18384,6,买盘
3035,13:33:09,30.63,248126,81,卖盘
3036,13:33:12,30.64,55152,18,买盘
3037,13:33:15,30.64,15320,5,买盘
3038,13:33:18,30.64,113379,37,卖盘
3039,13:33:24,30.64,3064,1,买盘
3040,13:33:27,30.64,45955,15,买盘
3041,13:33:30,30.63,30630,10,卖盘
3042,13:33:33,30.63,61284,20,卖盘
3043,13:33:36,30.63,156213,51,卖盘
3044,13:33:39,30.63,9189,3,卖盘
3045,13:33:42,30.64,33704,11,买盘
3046,13:33:45,30.63,42894,14,卖盘
3047,13:33:48,30.64,101082,33,买盘
3048,13:33:54,30.64,171545,56,买盘
3049,13:33:57,30.63,343076,112,卖盘
3050,13:34:00,30.63,21441,7,卖盘
3051,13:34:03,30.63,199114,65,卖盘
