,成交时间,成交价格,成交金额,成交量,性质
0,09:25:00,13.02,2617020,2010,买盘
1,09:30:00,13.01,2007174,1542,卖盘
2,09:30:03,13.03,2463320,1891,买盘
3,09:30:06,13.03,446998,343,卖盘
4,09:30:09,13.03,92555,71,卖盘
5,09:30:12,13.03,1133620,870,卖盘
6,09:30:15,13.03,616053,473,卖盘
7,09:30:18,13.02,568942,437,卖盘
8,09:30:21,13.01,1457642,1120,卖盘
9,09:30:24,12.98,1994933,1535,卖盘
10,09:30:27,12.99,453128,349,买盘
11,09:30:30,12.98,1079944,831,卖盘
12,09:30:33,12.97,1060191,817,卖盘
13,09:30:36,13.01,1086103,836,买盘
14,09:30:39,13.01,584160,449,卖盘
15,09:30:42,13.03,527543,405,买盘
16,09:30:45,13.04,1660054,1274,买盘
17,09:30:48,13.05,523931,402,买盘
18,09:30:51,13.05,911480,699,买盘
19,09:30:54,13.05,200937,154,买盘
20,09:30:57,13.05,391224,300,买盘
21,09:31:00,13.04,655942,503,中性盘
22,09:31:03,13.02,343014,263,卖盘
23,09:31:06,13.02,139347,107,卖盘
24,09:31:09,13.02,191406,147,卖盘
25,09:31:12,13.01,83306,64,卖盘
26,09:31:15,13.01,291424,224,卖盘
27,09:31:18,13.02,757520,582,买盘
28,09:31:21,13.0,324088,249,卖盘
29,09:31:24,13.01,542790,417,中性盘
30,09:31:27,13.01,104098,80,卖盘
31,09:31:30,13.01,50739,39,买盘
32,09:31:33,13.0,560534,431,卖盘
33,09:31:36,13.01,1869397,1436,买盘
34,09:31:39,13.02,246078,189,卖盘
35,09:31:42,13.04,289199,222,买盘
36,09:31:45,13.04,632035,485,卖盘
37,09:31:48,13.05,88705,68,买盘
38,09:31:51,13.01,1114548,856,卖盘
39,09:31:54,13.05,474538,364,买盘
40,09:31:57,13.03,27363,21,中性盘
41,09:32:00,13.02,409210,314,卖盘
42,09:32:03,13.04,464309,356,中性盘
43,09:32:06,13.03,66524,51,卖盘
44,09:32:09,13.08,947034,725,买盘
45,09:32:12,13.06,177646,136,卖盘
46,09:32:15,13.1,586131,448,买盘
47,09:32:18,13.13,439182,335,买盘
48,09:32:21,13.1,329093,251,卖盘
49,09:32:24,13.13,576426,439,中性盘
50,09:32:27,13.1,710865,542,卖盘
51,09:32:30,13.13,313802,239,买盘
52,09:32:33,13.11,93123,71,卖盘
53,09:32:36,13.12,606517,462,买盘
54,09:32:39,13.12,108896,83,买盘
55,09:32:42,13.12,253509,193,买盘
56,09:32:45,13.13,158760,121,买盘
57,09:32:48,13.12,1580693,1205,卖盘
58,09:32:51,13.13,514401,392,买盘
59,09:32:54,13.12,186291,142,卖盘
60,09:32:57,13.12,284817,217,中性盘
61,09:33:00,13.13,150995,115,买盘
62,09:33:03,13.13,598525,456,买盘
63,09:33:06,13.11,476222,363,卖盘
64,09:33:09,13.12,1557693,1189,买盘
65,09:33:12,13.1,166307,127,买盘
66,09:33:15,13.08,531068,406,卖盘
67,09:33:18,13.07,90328,69,卖盘
68,09:33:21,13.1,264403,202,买盘
69,09:33:24,13.1,221062,169,买盘
70,09:33:27,13.09,188364,144,中性盘
71,09:33:30,13.08,189680,145,卖盘
72,09:33:33,13.07,64078,49,卖盘
73,09:33:36,13.08,580389,444,买盘
74,09:33:39,13.08,470678,360,买盘
75,09:33:42,13.08,156833,120,买盘
76,09:33:45,13.07,160855,123,卖盘
77,09:33:48,13.08,619143,473,买盘
78,09:33:51,13.08,799644,612,卖盘
79,09:33:54,13.09,65420,50,中性盘
80,09:33:57,13.1,90306,69,买盘
81,09:34:00,13.08,73261,56,卖盘
82,09:34:03,13.1,1059395,809,买盘
83,09:34:06,13.09,22238,17,中性盘
84,09:34:09,13.09,196220,150,买盘
85,09:34:12,13.09,92916,71,买盘
86,09:34:15,13.05,2676857,2049,卖盘
87,09:34:18,13.05,1484884,1140,买盘
88,09:34:21,13.04,314539,241,中性盘
89,09:34:24,13.03,62505,48,卖盘
90,09:34:27,13.04,214793,165,买盘
91,09:34:30,13.02,104267,80,中性盘
92,09:34:33,13.02,292846,225,卖盘
93,09:34:36,13.02,57294,44,买盘
94,09:34:39,13.02,337236,259,卖盘
95,09:34:42,13.04,637358,489,买盘
96,09:34:45,13.02,134246,103,卖盘
97,09:34:48,13.04,260717,200,买盘
98,09:34:51,13.04,63881,49,买盘
99,09:34:54,13.03,303657,233,卖盘
100,09:34:57,13.03,201857,155,买盘
101,09:35:00,13.03,177178,136,买盘
102,09:35:03,13.03,560068,430,买盘
103,09:35:06,13.03,200657,154,买盘
104,09:35:09,13.03,390900,300,卖盘
105,09:35:12,13.04,56039,43,买盘
106,09:35:15,13.04,159015,122,买盘
107,09:35:18,13.04,165548,127,买盘
108,09:35:21,13.04,335081,257,卖盘
109,09:35:24,13.04,361229,277,卖盘
110,09:35:27,13.05,180091,138,买盘
111,09:35:30,13.04,180011,138,卖盘
112,09:35:33,13.04,1375652,1056,卖盘
113,09:35:36,13.03,151213,116,卖盘
114,09:35:39,13.04,157749,121,买盘
115,09:35:42,13.04,482643,370,卖盘
116,09:35:45,13.05,177353,136,中性盘
117,09:35:48,13.05,261000,200,卖盘
118,09:35:51,13.05,204886,157,卖盘
119,09:35:54,13.06,66574,51,买盘
120,09:35:57,13.06,22183,17,买盘
121,09:36:00,13.04,386368,296,卖盘
122,09:36:03,13.06,564673,433,买盘
123,09:36:06,13.06,126647,97,买盘
124,09:36:09,13.05,69206,53,卖盘
125,09:36:12,13.06,197206,151,买盘
126,09:36:15,13.06,33956,26,卖盘
127,09:36:18,13.07,24815,19,买盘
128,09:36:21,13.06,141088,108,卖盘
129,09:36:24,13.06,385298,295,卖盘
130,09:36:27,13.05,279415,214,卖盘
131,09:36:30,13.05,22189,17,卖盘
132,09:36:33,13.05,33940,26,卖盘
133,09:36:36,13.05,177609,136,卖盘
134,09:36:39,13.05,228416,175,卖盘
135,09:36:42,13.05,90045,69,卖盘
136,09:36:45,13.05,170955,131,卖盘
137,09:36:48,13.05,105693,81,买盘
138,09:36:51,13.04,9129,7,卖盘
139,09:36:54,13.04,279060,214,卖盘
140,09:36:57,13.04,177376,136,卖盘
141,09:37:00,13.04,139524,107,买盘
142,09:37:03,13.03,121179,93,卖盘
143,09:37:06,13.03,417007,320,卖盘
144,09:37:09,13.04,486050,373,买盘
145,09:37:12,13.04,335115,257,买盘
146,09:37:15,13.04,5216,4,卖盘
147,09:37:18,13.05,114761,88,买盘
148,09:37:21,13.06,2070482,1585,买盘
149,09:37:24,13.1,197600,151,买盘
150,09:37:27,13.07,122952,94,卖盘
151,09:37:30,13.1,66810,51,买盘
152,09:37:33,13.07,45760,35,卖盘
153,09:37:36,13.08,68112,52,卖盘
154,09:37:39,13.07,809345,619,卖盘
155,09:37:42,13.07,69254,53,中性盘
156,09:37:45,13.06,125405,96,卖盘
157,09:37:48,13.06,74479,57,卖盘
158,09:37:51,13.05,492263,377,卖盘
159,09:37:54,13.05,50895,39,买盘
160,09:37:57,13.05,361121,277,卖盘
161,09:38:00,13.05,53525,41,卖盘
162,09:38:03,13.06,137105,105,买盘
163,09:38:06,13.05,186715,143,卖盘
164,09:38:09,13.05,71781,55,卖盘
165,09:38:12,13.06,138345,106,买盘
166,09:38:15,13.05,92675,71,卖盘
167,09:38:18,13.06,83579,64,买盘
168,09:38:21,13.06,39180,30,卖盘
169,09:38:24,13.05,165878,127,卖盘
170,09:38:27,13.06,16973,13,买盘
171,09:38:30,13.06,240350,184,买盘
172,09:38:33,13.07,124085,95,买盘
173,09:38:36,13.06,525023,402,卖盘
174,09:38:39,13.05,164552,126,卖盘
175,09:38:42,13.06,80937,62,买盘
176,09:38:45,13.06,58765,45,买盘
177,09:38:48,13.06,312128,239,买盘
178,09:38:51,13.06,1541682,1181,卖盘
179,09:38:54,13.06,41774,32,买盘
180,09:38:57,13.06,78344,60,买盘
181,09:39:00,13.06,169753,130,买盘
182,09:39:03,13.05,101790,78,卖盘
183,09:39:06,13.05,224457,172,买盘
184,09:39:09,13.05,136949,105,买盘
185,09:39:12,13.05,169545,130,买盘
186,09:39:15,13.04,164320,126,卖盘
187,09:39:18,13.04,286890,220,卖盘
188,09:39:21,13.04,835260,641,买盘
189,09:39:24,13.03,538139,413,卖盘
190,09:39:27,13.03,287963,221,卖盘
191,09:39:30,13.02,124997,96,卖盘
192,09:39:33,13.03,1069116,821,买盘
193,09:39:36,13.02,1207233,927,卖盘
194,09:39:39,13.03,289127,222,卖盘
195,09:39:42,13.02,1154196,886,卖盘
196,09:39:45,13.03,534011,410,买盘
197,09:39:48,13.03,369848,284,买盘
198,09:39:51,13.02,251414,193,卖盘
199,09:39:54,13.02,211002,162,卖盘
200,09:39:57,13.02,53397,41,卖盘
201,09:40:00,13.02,360724,277,卖盘
202,09:40:03,13.02,182300,140,卖盘
203,09:40:06,13.02,193999,149,卖盘
204,09:40:09,13.03,164119,126,买盘
205,09:40:12,13.03,441513,339,买盘
206,09:40:15,13.02,197914,152,卖盘
207,09:40:18,13.02,78156,60,卖盘
208,09:40:21,13.02,93752,72,卖盘
209,09:40:24,13.03,109392,84,买盘
210,09:40:27,13.03,125068,96,买盘
211,09:40:30,13.03,123785,95,卖盘
212,09:40:33,13.02,1726281,1326,卖盘
213,09:40:36,13.03,102878,79,买盘
214,09:40:39,13.03,124996,96,买盘
215,09:40:42,13.03,251301,193,买盘
216,09:40:45,13.02,52075,40,买盘
217,09:40:48,13.02,147112,113,买盘
218,09:40:51,13.02,4537395,3489,买盘
219,09:40:54,13.01,94932,73,买盘
220,09:40:57,13.01,130056,100,买盘
221,09:41:00,13.0,555103,427,卖盘
222,09:41:03,13.0,1922688,1479,卖盘
223,09:41:06,12.99,637796,491,卖盘
224,09:41:09,12.98,1083867,835,卖盘
225,09:41:12,12.97,364484,281,卖盘
226,09:41:15,12.96,880654,679,卖盘
227,09:41:18,12.96,419923,324,卖盘
228,09:41:21,12.96,384912,297,卖盘
229,09:41:24,12.95,137326,106,卖盘
230,09:41:27,12.95,352294,272,卖盘
231,09:41:30,12.95,928379,717,卖盘
232,09:41:33,12.95,495812,383,买盘
233,09:41:36,12.95,740538,572,买盘
234,09:41:39,12.95,610973,472,卖盘
235,09:41:42,12.95,466085,360,买盘
236,09:41:45,12.94,267918,207,卖盘
237,09:41:48,12.96,997538,770,买盘
238,09:41:51,12.96,636169,491,卖盘
239,09:41:54,12.95,286232,221,卖盘
240,09:41:57,12.96,349833,270,买盘
241,09:42:00,12.95,184011,142,卖盘
242,09:42:03,12.98,544837,420,买盘
243,09:42:06,12.98,1400345,1078,卖盘
244,09:42:09,12.98,254411,196,卖盘
245,09:42:12,12.99,267486,206,买盘
246,09:42:15,12.99,174027,134,买盘
247,09:42:18,12.99,210397,162,买盘
248,09:42:21,12.99,226026,174,卖盘
249,09:42:24,12.99,632231,487,卖盘
250,09:42:27,12.99,62352,48,卖盘
251,09:42:30,12.99,1190981,916,买盘
252,09:42:33,12.99,88332,68,买盘
253,09:42:36,13.0,1088440,838,中性盘
254,09:42:39,12.99,62349,48,买盘
255,09:42:42,12.99,767524,591,买盘
256,09:42:45,12.98,322128,248,卖盘
257,09:42:48,12.99,140284,108,卖盘
258,09:42:51,13.0,45475,35,买盘
259,09:42:54,12.99,397520,306,卖盘
260,09:42:57,12.98,80530,62,卖盘
261,09:43:00,12.98,1760442,1358,卖盘
262,09:43:03,12.98,160958,124,卖盘
263,09:43:06,12.98,751531,580,买盘
264,09:43:09,12.96,154377,119,卖盘
265,09:43:12,12.95,97179,75,卖盘
266,09:43:15,12.96,247556,191,卖盘
267,09:43:18,12.96,770252,594,卖盘
268,09:43:21,12.96,549791,424,卖盘
269,09:43:24,12.96,500291,386,卖盘
270,09:43:27,12.96,417325,322,卖盘
271,09:43:30,12.97,55761,43,中性盘
272,09:43:33,12.98,200937,155,买盘
273,09:43:36,12.98,180293,139,买盘
274,09:43:39,12.98,150484,116,买盘
275,09:43:42,12.97,176436,136,卖盘
276,09:43:45,12.97,103735,80,卖盘
277,09:43:48,12.97,75226,58,买盘
278,09:43:51,12.96,1264773,976,卖盘
279,09:43:54,12.95,146403,113,卖盘
280,09:43:57,12.95,350027,270,卖盘
281,09:44:00,12.95,215034,166,卖盘
282,09:44:03,12.96,36283,28,中性盘
283,09:44:06,12.97,388776,300,买盘
284,09:44:09,12.96,251240,194,买盘
285,09:44:12,12.96,329005,254,买盘
286,09:44:15,12.96,130825,101,买盘
287,09:44:18,12.95,132109,102,卖盘
288,09:44:21,12.95,296560,229,卖盘
289,09:44:24,12.95,151515,117,买盘
290,09:44:27,12.95,164495,127,卖盘
291,09:44:30,12.95,237025,183,卖盘
292,09:44:33,12.95,192925,149,买盘
293,09:44:36,12.94,820940,634,卖盘
294,09:44:39,12.95,413009,319,买盘
295,09:44:42,12.96,88061,68,买盘
296,09:44:45,12.95,112665,87,卖盘
297,09:44:48,12.95,77700,60,卖盘
298,09:44:51,12.95,238325,184,卖盘
299,09:44:54,12.95,95834,74,卖盘
300,09:44:57,12.95,376857,291,卖盘
301,09:45:00,12.95,123040,95,卖盘
302,09:45:03,12.95,88045,68,买盘
303,09:45:06,12.95,120362,93,买盘
304,09:45:09,12.94,192875,149,卖盘
305,09:45:12,12.95,181210,140,买盘
306,09:45:15,12.94,1086975,840,卖盘
307,09:45:18,12.94,749097,579,卖盘
308,09:45:21,12.93,133261,103,卖盘
309,09:45:24,12.93,358374,277,卖盘
310,09:45:27,12.93,543082,420,卖盘
311,09:45:30,12.94,190093,147,买盘
312,09:45:33,12.93,161668,125,卖盘
313,09:45:36,12.93,299905,232,卖盘
314,09:45:39,12.92,100872,78,卖盘
315,09:45:42,12.92,289479,224,卖盘
316,09:45:45,12.92,463899,359,卖盘
317,09:45:48,12.92,262303,203,卖盘
318,09:45:51,12.92,1618909,1253,卖盘
319,09:45:54,12.93,629312,487,买盘
320,09:45:57,12.93,464956,360,买盘
321,09:46:00,12.92,402927,312,卖盘
322,09:46:03,12.92,107266,83,买盘
323,09:46:06,12.93,227408,176,买盘
324,09:46:09,12.92,100778,78,卖盘
325,09:46:12,12.92,717028,555,卖盘
326,09:46:15,12.92,37463,29,卖盘
327,09:46:18,12.92,328115,254,买盘
328,09:46:21,12.92,415806,322,买盘
329,09:46:24,12.92,522965,405,买盘
330,09:46:27,12.91,251798,195,卖盘
331,09:46:30,12.91,307401,238,卖盘
332,09:46:33,12.91,777200,602,卖盘
333,09:46:36,12.91,207851,161,卖盘
334,09:46:39,12.91,276331,214,卖盘
335,09:46:42,12.9,333073,258,卖盘
336,09:46:45,12.91,201364,156,买盘
337,09:46:48,12.92,198759,154,买盘
338,09:46:51,12.91,443831,344,买盘
339,09:46:54,12.91,271057,210,买盘
340,09:46:57,12.91,694335,538,买盘
341,09:47:00,12.91,180740,140,买盘
342,09:47:03,12.91,2508870,1944,中性盘
343,09:47:06,12.91,52934,41,卖盘
344,09:47:09,12.93,448069,347,买盘
345,09:47:12,12.92,211759,164,买盘
346,09:47:15,12.91,383461,297,卖盘
347,09:47:18,12.91,272401,211,买盘
348,09:47:21,12.91,704766,546,买盘
349,09:47:24,12.91,114899,89,卖盘
350,09:47:27,12.91,563135,436,卖盘
351,09:47:30,12.91,74885,58,卖盘
352,09:47:33,12.93,158834,123,买盘
353,09:47:36,12.93,11637,9,买盘
354,09:47:39,12.91,284088,220,卖盘
355,09:47:42,12.93,77543,60,买盘
356,09:47:45,12.92,320640,248,卖盘
357,09:47:48,12.92,403148,312,卖盘
358,09:47:51,12.92,709348,549,卖盘
359,09:47:54,12.92,223513,173,买盘
360,09:47:57,12.93,217174,168,买盘
361,09:48:00,12.92,91774,71,卖盘
362,09:48:03,12.92,105996,82,卖盘
363,09:48:06,12.92,434126,336,卖盘
364,09:48:09,12.92,157681,122,卖盘
365,09:48:12,12.92,288121,223,卖盘
366,09:48:15,12.92,96926,75,卖盘
367,09:48:18,12.92,768738,595,卖盘
368,09:48:21,12.92,317681,246,买盘
369,09:48:24,12.9,7969018,6177,卖盘
370,09:48:27,12.88,105734,82,卖盘
371,09:48:30,12.88,1437432,1116,卖盘
372,09:48:33,12.87,409345,318,卖盘
373,09:48:36,12.87,2570393,1998,卖盘
374,09:48:39,12.85,2764695,2152,卖盘
375,09:48:42,12.84,95024,74,卖盘
376,09:48:45,12.84,435197,339,买盘
377,09:48:48,12.83,454232,354,卖盘
378,09:48:51,12.84,1269714,989,买盘
379,09:48:54,12.84,1063819,829,卖盘
380,09:48:57,12.83,677956,528,卖盘
381,09:49:00,12.84,247858,193,中性盘
382,09:49:03,12.85,415010,323,卖盘
383,09:49:06,12.86,241488,188,买盘
384,09:49:09,12.86,20576,16,卖盘
385,09:49:12,12.87,899701,700,买盘
386,09:49:15,12.87,93924,73,买盘
387,09:49:18,12.87,193060,150,买盘
388,09:49:21,12.87,248401,193,卖盘
389,09:49:24,12.87,431004,335,中性盘
390,09:49:27,12.87,419381,326,买盘
391,09:49:30,12.87,221319,172,买盘
392,09:49:33,12.86,602111,468,卖盘
393,09:49:36,12.86,185184,144,买盘
394,09:49:39,12.86,290597,226,买盘
395,09:49:42,12.86,241738,188,买盘
396,09:49:45,12.86,188974,147,买盘
397,09:49:48,12.85,372734,290,卖盘
398,09:49:51,12.85,569303,443,卖盘
399,09:49:54,12.85,152914,119,买盘
400,09:49:57,12.85,537114,418,买盘
401,09:50:00,12.85,294243,229,买盘
402,09:50:03,12.85,467522,364,买盘
403,09:50:06,12.85,897812,699,卖盘
404,09:50:09,12.85,249286,194,卖盘
405,09:50:12,12.85,198004,154,卖盘
406,09:50:15,12.86,149129,116,买盘
407,09:50:18,12.85,87415,68,卖盘
408,09:50:21,12.86,336718,262,买盘
409,09:50:24,12.86,694431,540,买盘
410,09:50:27,12.85,1062575,827,卖盘
411,09:50:30,12.85,253144,197,买盘
412,09:50:33,12.85,637233,496,买盘
413,09:50:36,12.85,458528,357,买盘
414,09:50:39,12.85,479017,373,买盘
415,09:50:42,12.84,283851,221,卖盘
416,09:50:45,12.85,260745,203,买盘
417,09:50:48,12.85,441910,344,买盘
418,09:50:51,12.84,1032525,804,卖盘
419,09:50:54,12.85,350630,273,买盘
420,09:50:57,12.84,52644,41,卖盘
421,09:51:00,12.84,744680,580,卖盘
422,09:51:03,12.83,111690,87,卖盘
423,09:51:06,12.83,202785,158,卖盘
424,09:51:09,12.84,317035,247,买盘
425,09:51:12,12.84,134786,105,买盘
426,09:51:15,12.84,159201,124,买盘
427,09:51:18,12.83,243888,190,卖盘
428,09:51:21,12.84,318349,248,买盘
429,09:51:24,12.84,264330,206,买盘
430,09:51:27,12.84,351772,274,买盘
431,09:51:30,12.84,173340,135,买盘
432,09:51:33,12.84,219564,171,卖盘
433,09:51:36,12.84,383921,299,卖盘
434,09:51:39,12.83,86014,67,卖盘
435,09:51:42,12.84,429964,335,买盘
436,09:51:45,12.84,468532,365,买盘
437,09:51:48,12.84,327285,255,买盘
438,09:51:51,12.84,290288,226,卖盘
439,09:51:54,12.84,157932,123,卖盘
440,09:51:57,12.84,174587,136,买盘
441,09:52:00,12.84,204147,159,买盘
442,09:52:03,12.84,429889,335,买盘
443,09:52:06,12.84,127116,99,买盘
444,09:52:09,12.84,68052,53,卖盘
445,09:52:12,12.84,160530,125,卖盘
446,09:52:15,12.85,39825,31,买盘
447,09:52:18,12.82,5212160,4062,卖盘
448,09:52:21,12.82,1001398,781,卖盘
449,09:52:24,12.82,371592,290,卖盘
450,09:52:27,12.82,149943,117,中性盘
451,09:52:30,12.82,648296,506,买盘
452,09:52:33,12.82,734125,573,中性盘
453,09:52:36,12.82,848126,662,买盘
454,09:52:39,12.81,463987,362,卖盘
455,09:52:42,12.82,394575,308,买盘
456,09:52:45,12.82,404936,316,买盘
457,09:52:48,12.82,253678,198,买盘
458,09:52:51,12.81,617670,482,卖盘
459,09:52:54,12.81,656026,512,卖盘
460,09:52:57,12.81,79465,62,卖盘
461,09:53:00,12.82,563690,440,买盘
462,09:53:03,12.81,293392,229,卖盘
463,09:53:06,12.82,308807,241,买盘
464,09:53:09,12.82,123035,96,买盘
465,09:53:12,12.82,98654,77,买盘
466,09:53:15,12.81,347289,271,卖盘
467,09:53:18,12.81,157666,123,卖盘
468,09:53:21,12.82,677696,529,买盘
469,09:53:24,12.82,153788,120,买盘
470,09:53:27,12.82,74351,58,买盘
471,09:53:30,12.82,57686,45,买盘
472,09:53:33,12.82,355028,277,买盘
473,09:53:36,12.82,37178,29,卖盘
474,09:53:39,12.83,94893,74,买盘
475,09:53:42,12.82,246250,192,卖盘
476,09:53:45,12.83,328261,256,买盘
477,09:53:48,12.83,50023,39,买盘
478,09:53:51,12.82,459075,358,卖盘
479,09:53:54,12.83,156459,122,中性盘
480,09:53:57,12.82,125686,98,卖盘
481,09:54:00,12.82,37213,29,卖盘
482,09:54:03,12.83,371806,290,中性盘
483,09:54:06,12.84,164206,128,买盘
484,09:54:09,12.82,405651,316,卖盘
485,09:54:12,12.82,92358,72,卖盘
486,09:54:15,12.82,399204,311,卖盘
487,09:54:18,12.83,106422,83,中性盘
488,09:54:21,12.83,6415,5,买盘
489,09:54:24,12.83,277154,216,卖盘
490,09:54:27,12.83,114180,89,买盘
491,09:54:30,12.83,130856,102,买盘
492,09:54:33,12.83,410337,320,买盘
493,09:54:36,12.84,197557,154,买盘
494,09:54:39,12.83,80826,63,中性盘
495,09:54:42,12.82,363201,283,卖盘
496,09:54:45,12.83,164190,128,买盘
497,09:54:48,12.83,135994,106,买盘
498,09:54:51,12.85,1548399,1206,买盘
499,09:54:54,12.84,60301,47,中性盘
500,09:54:57,12.84,37220,29,买盘
501,09:55:00,12.84,634462,494,中性盘
502,09:55:03,12.81,6230697,4862,卖盘
503,09:55:06,12.81,917995,717,买盘
504,09:55:09,12.81,487766,381,买盘
505,09:55:12,12.81,252427,197,卖盘
506,09:55:15,12.81,594375,464,卖盘
507,09:55:18,12.81,459780,359,买盘
508,09:55:21,12.81,350944,274,买盘
509,09:55:24,12.8,169054,132,卖盘
510,09:55:27,12.79,8344362,6520,卖盘
511,09:55:30,12.78,545706,427,卖盘
512,09:55:33,12.77,925235,724,卖盘
513,09:55:36,12.77,1036965,812,卖盘
514,09:55:39,12.76,117480,92,卖盘
515,09:55:42,12.76,361327,283,卖盘
516,09:55:45,12.76,506620,397,卖盘
517,09:55:48,12.75,5348399,4194,卖盘
518,09:55:51,12.75,335269,263,买盘
519,09:55:54,12.75,591351,464,买盘
520,09:55:57,12.75,704733,553,买盘
521,09:56:00,12.75,912518,716,买盘
522,09:56:03,12.75,1337845,1050,买盘
523,09:56:06,12.76,2673135,2101,买盘
524,09:56:09,12.75,248645,195,卖盘
525,09:56:12,12.75,318758,250,买盘
526,09:56:15,12.74,2616075,2056,卖盘
527,09:56:18,12.74,207662,163,买盘
528,09:56:21,12.74,590435,464,买盘
529,09:56:24,12.73,387042,304,中性盘
530,09:56:27,12.73,3777019,2972,卖盘
531,09:56:30,12.72,237946,187,卖盘
532,09:56:33,12.72,268435,211,买盘
533,09:56:36,12.72,3123741,2458,买盘
534,09:56:39,12.71,296187,233,卖盘
535,09:56:42,12.71,5822312,4593,卖盘
536,09:56:45,12.71,296117,233,买盘
537,09:56:48,12.7,580486,457,卖盘
538,09:56:51,12.7,476400,375,卖盘
539,09:56:54,12.7,1175144,925,卖盘
540,09:56:57,12.7,458586,361,卖盘
541,09:57:00,12.71,509414,401,卖盘
542,09:57:03,12.72,81350,64,买盘
543,09:57:06,12.71,422146,332,卖盘
544,09:57:09,12.72,273340,215,买盘
545,09:57:12,12.73,1099172,864,买盘
546,09:57:15,12.71,539079,424,卖盘
547,09:57:18,12.73,250872,197,买盘
548,09:57:21,12.72,140013,110,卖盘
549,09:57:24,12.74,141404,111,中性盘
550,09:57:27,12.75,220360,173,买盘
551,09:57:30,12.75,305861,240,买盘
552,09:57:33,12.73,425264,334,卖盘
553,09:57:36,12.74,132449,104,买盘
554,09:57:39,12.75,324909,255,买盘
555,09:57:42,12.74,203802,160,中性盘
556,09:57:45,12.75,537659,422,买盘
557,09:57:48,12.75,1073391,842,买盘
558,09:57:51,12.75,225638,177,买盘
559,09:57:54,12.75,112200,88,买盘
560,09:57:57,12.76,455310,357,买盘
561,09:58:00,12.76,135155,106,买盘
562,09:58:03,12.76,872386,684,买盘
563,09:58:06,12.76,481035,377,买盘
564,09:58:09,12.77,132745,104,买盘
565,09:58:12,12.76,501763,393,卖盘
566,09:58:15,12.77,286047,224,买盘
567,09:58:18,12.77,20432,16,卖盘
568,09:58:21,12.77,58755,46,卖盘
569,09:58:24,12.77,300254,235,卖盘
570,09:58:27,12.77,271962,213,卖盘
571,09:58:30,12.75,1564732,1225,卖盘
572,09:58:33,12.77,135312,106,买盘
573,09:58:36,12.76,128880,101,卖盘
574,09:58:39,12.77,128891,101,买盘
575,09:58:42,12.76,348197,273,卖盘
576,09:58:45,12.76,80370,63,买盘
577,09:58:48,12.76,141570,111,买盘
578,09:58:51,12.76,599315,470,买盘
579,09:58:54,12.76,132654,104,买盘
580,09:58:57,12.76,397781,312,买盘
581,09:59:00,12.76,268988,211,买盘
582,09:59:03,12.74,574383,451,卖盘
583,09:59:06,12.74,3554484,2796,中性盘
584,09:59:09,12.74,75184,59,买盘
585,09:59:12,12.72,310217,244,卖盘
586,09:59:15,12.73,217549,171,买盘
587,09:59:18,12.7,137208,108,卖盘
588,09:59:21,12.7,241366,190,卖盘
589,09:59:24,12.72,203369,160,买盘
590,09:59:27,12.71,541489,426,卖盘
591,09:59:30,12.71,113119,89,中性盘
592,09:59:33,12.71,113114,89,买盘
593,09:59:36,12.71,362221,285,买盘
594,09:59:39,12.71,687289,541,买盘
595,09:59:42,12.71,570350,449,卖盘
596,09:59:45,12.71,127111,100,卖盘
597,09:59:48,12.71,38142,30,卖盘
598,09:59:51,12.72,345779,272,买盘
599,09:59:54,12.71,212274,167,卖盘
600,09:59:57,12.71,94089,74,卖盘
601,10:00:00,12.72,183040,144,买盘
602,10:00:03,12.71,270767,213,卖盘
603,10:00:06,12.72,400504,315,买盘
604,10:00:09,12.71,94075,74,卖盘
605,10:00:12,12.72,69975,55,卖盘
606,10:00:15,12.72,90308,71,买盘
607,10:00:18,12.71,106808,84,卖盘
608,10:00:21,12.72,104254,82,买盘
609,10:00:24,12.72,308933,243,买盘
610,10:00:27,12.72,95400,75,买盘
611,10:00:30,12.72,484630,381,买盘
612,10:00:33,12.72,225080,177,卖盘
613,10:00:36,12.72,315456,248,卖盘
614,10:00:39,12.69,5479810,4315,卖盘
615,10:00:42,12.69,109115,86,买盘
616,10:00:45,12.68,421149,332,卖盘
617,10:00:48,12.68,394502,311,卖盘
618,10:00:51,12.68,817948,645,卖盘
619,10:00:54,12.68,644097,508,卖盘
620,10:00:57,12.68,257382,203,买盘
621,10:01:00,12.68,200339,158,买盘
622,10:01:03,12.68,922852,728,卖盘
623,10:01:06,12.68,390554,308,买盘
624,10:01:09,12.69,190204,150,买盘
625,10:01:12,12.69,388078,306,买盘
626,10:01:15,12.68,261240,206,卖盘
627,10:01:18,12.68,585442,462,买盘
628,10:01:21,12.67,300403,237,卖盘
629,10:01:24,12.68,377741,298,买盘
630,10:01:27,12.68,393037,310,卖盘
631,10:01:30,12.69,84959,67,买盘
632,10:01:33,12.69,223203,176,买盘
633,10:01:36,12.68,537979,424,卖盘
634,10:01:39,12.68,186433,147,卖盘
635,10:01:42,12.68,215575,170,卖盘
636,10:01:45,12.68,211836,167,卖盘
637,10:01:48,12.68,891253,703,卖盘
638,10:01:51,12.68,349908,276,买盘
639,10:01:54,12.69,249800,197,买盘
640,10:01:57,12.68,249852,197,卖盘
641,10:02:00,12.69,267622,211,买盘
642,10:02:03,12.69,71048,56,买盘
643,10:02:06,12.69,126900,100,买盘
644,10:02:09,12.68,388286,306,卖盘
645,10:02:12,12.69,167508,132,买盘
646,10:02:15,12.7,3170000,2498,买盘
647,10:02:18,12.69,581278,458,卖盘
648,10:02:21,12.7,270487,213,买盘
649,10:02:24,12.71,104126,82,买盘
650,10:02:27,12.71,63521,50,买盘
651,10:02:30,12.72,100415,79,买盘
652,10:02:33,12.72,96635,76,买盘
653,10:02:36,12.72,261912,206,买盘
654,10:02:39,12.72,1049355,825,中性盘
655,10:02:42,12.72,431166,339,卖盘
656,10:02:45,12.72,2226941,1752,买盘
657,10:02:48,12.71,595261,468,卖盘
658,10:02:51,12.72,362389,285,买盘
659,10:02:54,12.72,347194,273,买盘
660,10:02:57,12.71,766853,603,卖盘
661,10:03:00,12.71,100409,79,买盘
662,10:03:03,12.7,3333550,2626,卖盘
663,10:03:06,12.7,1218923,961,买盘
664,10:03:09,12.71,565186,445,买盘
665,10:03:12,12.71,85138,67,买盘
666,10:03:15,12.71,231179,182,买盘
667,10:03:18,12.7,90176,71,卖盘
668,10:03:21,12.71,588061,463,买盘
669,10:03:24,12.71,68623,54,买盘
670,10:03:27,12.7,188011,148,卖盘
671,10:03:30,12.71,850074,669,买盘
672,10:03:33,12.71,44485,35,卖盘
673,10:03:36,12.71,30505,24,卖盘
674,10:03:39,12.72,94126,74,买盘
675,10:03:42,12.72,92816,73,卖盘
676,10:03:45,12.72,156456,123,中性盘
677,10:03:48,12.72,207353,163,卖盘
678,10:03:51,12.72,241709,190,卖盘
679,10:03:54,12.73,659362,518,买盘
680,10:03:57,12.72,73775,58,中性盘
681,10:04:00,12.72,122138,96,中性盘
682,10:04:03,12.73,120865,95,买盘
683,10:04:06,12.74,351429,276,买盘
684,10:04:09,12.73,34369,27,中性盘
685,10:04:12,12.74,168088,132,买盘
686,10:04:15,12.74,75166,59,买盘
687,10:04:18,12.75,50976,40,买盘
688,10:04:21,12.75,91799,72,买盘
689,10:04:24,12.75,256259,201,买盘
690,10:04:27,12.76,127526,100,买盘
691,10:04:30,12.76,461588,362,买盘
692,10:04:33,12.76,835663,655,买盘
693,10:04:36,12.76,191425,150,卖盘
694,10:04:39,12.77,422409,331,买盘
695,10:04:42,12.74,1092470,856,卖盘
696,10:04:45,12.75,514880,404,买盘
697,10:04:48,12.74,142756,112,卖盘
698,10:04:51,12.75,251175,197,买盘
699,10:04:54,12.76,77768,61,买盘
700,10:04:57,12.77,350488,275,买盘
701,10:05:00,12.75,863635,678,卖盘
702,10:05:03,12.75,172031,135,买盘
703,10:05:06,12.75,804509,631,买盘
704,10:05:09,12.73,165665,130,卖盘
705,10:05:12,12.73,159253,125,卖盘
706,10:05:15,12.73,525178,412,卖盘
707,10:05:18,12.73,62368,49,中性盘
708,10:05:21,12.75,34393,27,买盘
709,10:05:24,12.73,63700,50,卖盘
710,10:05:27,12.75,24223,19,中性盘
711,10:05:30,12.73,184620,145,卖盘
712,10:05:33,12.75,12750,10,买盘
713,10:05:36,12.73,388278,305,卖盘
714,10:05:39,12.73,17832,14,买盘
715,10:05:42,12.74,31830,25,中性盘
716,10:05:45,12.73,267338,210,卖盘
717,10:05:48,12.73,54741,43,卖盘
718,10:05:51,12.73,1054232,828,卖盘
719,10:05:54,12.74,332263,261,买盘
720,10:05:57,12.74,291681,229,买盘
721,10:06:00,12.73,583270,458,卖盘
722,10:06:03,12.72,1366764,1075,卖盘
723,10:06:06,12.72,97944,77,买盘
724,10:06:09,12.71,88917,70,卖盘
725,10:06:12,12.7,2493830,1964,卖盘
726,10:06:15,12.71,376049,296,买盘
727,10:06:18,12.7,87692,69,卖盘
728,10:06:21,12.71,12710,10,买盘
729,10:06:24,12.71,26684,21,买盘
730,10:06:27,12.69,430525,339,卖盘
731,10:06:30,12.71,181583,143,买盘
732,10:06:33,12.7,139680,110,中性盘
733,10:06:36,12.69,67268,53,卖盘
734,10:06:39,12.7,193070,152,买盘
735,10:06:42,12.71,120666,95,买盘
736,10:06:45,12.7,30480,24,卖盘
737,10:06:48,12.71,137250,108,买盘
738,10:06:51,12.71,53382,42,卖盘
739,10:06:54,12.71,130840,103,卖盘
740,10:06:57,12.72,73731,58,买盘
741,10:07:00,12.71,106766,84,卖盘
742,10:07:03,12.71,133455,105,买盘
743,10:07:06,12.71,230056,181,买盘
744,10:07:09,12.71,38130,30,卖盘
745,10:07:12,12.71,67384,53,卖盘
746,10:07:15,12.72,73763,58,买盘
747,10:07:18,12.71,101705,80,卖盘
748,10:07:21,12.72,64850,51,买盘
749,10:07:24,12.72,186876,147,买盘
750,10:07:27,12.72,223790,176,买盘
751,10:07:30,12.72,47060,37,买盘
752,10:07:33,12.71,22895,18,卖盘
753,10:07:36,12.72,80135,63,买盘
754,10:07:39,12.72,483202,380,买盘
755,10:07:42,12.72,89029,70,买盘
756,10:07:45,12.72,76320,60,卖盘
757,10:07:48,12.71,49595,39,卖盘
758,10:07:51,12.72,12720,10,买盘
759,10:07:54,12.71,433701,341,卖盘
760,10:07:57,12.71,29248,23,卖盘
761,10:08:00,12.72,109380,86,买盘
762,10:08:03,12.71,106801,84,卖盘
763,10:08:06,12.71,130981,103,卖盘
764,10:08:09,12.71,66117,52,卖盘
765,10:08:12,12.72,26710,21,买盘
766,10:08:15,12.72,69960,55,卖盘
767,10:08:18,12.72,71204,56,买盘
768,10:08:21,12.72,367571,289,买盘
769,10:08:24,12.72,6360,5,买盘
770,10:08:27,12.72,59784,47,卖盘
771,10:08:30,12.73,536585,422,买盘
772,10:08:33,12.73,100523,79,买盘
773,10:08:36,12.73,57262,45,买盘
774,10:08:39,12.72,410922,323,卖盘
775,10:08:42,12.73,134898,106,买盘
776,10:08:45,12.73,403305,317,买盘
777,10:08:48,12.73,101832,80,买盘
778,10:08:51,12.73,156516,123,买盘
779,10:08:54,12.73,231652,182,买盘
780,10:08:57,12.73,54739,43,买盘
781,10:09:00,12.72,437635,344,卖盘
782,10:09:03,12.69,4778534,3761,卖盘
783,10:09:06,12.69,431676,340,卖盘
784,10:09:09,12.69,151071,119,卖盘
785,10:09:12,12.71,950549,749,买盘
786,10:09:15,12.7,113058,89,中性盘
787,10:09:18,12.69,739908,583,卖盘
788,10:09:21,12.7,184040,145,中性盘
789,10:09:24,12.7,331663,261,卖盘
790,10:09:27,12.7,53346,42,卖盘
791,10:09:30,12.7,116850,92,卖盘
792,10:09:33,12.71,172788,136,买盘
793,10:09:36,12.71,445832,351,买盘
794,10:09:39,12.71,157493,124,买盘
795,10:09:42,12.71,88927,70,买盘
796,10:09:45,12.71,99063,78,买盘
797,10:09:48,12.7,323962,255,卖盘
798,10:09:51,12.7,111816,88,卖盘
799,10:09:54,12.71,106774,84,卖盘
800,10:09:57,12.71,343170,270,买盘
801,10:10:00,12.71,162674,128,买盘
802,10:10:03,12.71,219872,173,买盘
803,10:10:06,12.7,341839,269,卖盘
804,10:10:09,12.7,163866,129,卖盘
805,10:10:12,12.71,1186248,934,买盘
806,10:10:15,12.72,193127,152,买盘
807,10:10:18,12.71,7627,6,卖盘
808,10:10:21,12.71,580532,457,卖盘
809,10:10:24,12.72,13986,11,买盘
810,10:10:27,12.71,44486,35,卖盘
811,10:10:30,12.72,217383,171,买盘
812,10:10:33,12.71,195734,154,卖盘
813,10:10:36,12.72,81394,64,买盘
814,10:10:39,12.72,69945,55,买盘
815,10:10:42,12.71,52118,41,卖盘
816,10:10:45,12.72,40701,32,买盘
817,10:10:48,12.71,138583,109,卖盘
818,10:10:51,12.71,61016,48,卖盘
819,10:10:54,12.72,69960,55,买盘
820,10:10:57,12.72,83952,66,买盘
821,10:11:00,12.72,83918,66,买盘
822,10:11:03,12.71,247877,195,卖盘
823,10:11:06,12.71,395587,311,卖盘
824,10:11:09,12.71,120837,95,卖盘
825,10:11:12,12.73,16525,13,买盘
826,10:11:15,12.72,274753,216,中性盘
827,10:11:18,12.73,850364,668,买盘
828,10:11:21,12.72,57241,45,卖盘
829,10:11:24,12.73,82676,65,买盘
830,10:11:27,12.72,17809,14,中性盘
831,10:11:33,12.73,186995,147,买盘
832,10:11:36,12.73,152676,120,买盘
833,10:11:39,12.73,213864,168,买盘
834,10:11:42,12.73,67469,53,买盘
835,10:11:45,12.73,94192,74,买盘
836,10:11:48,12.73,81472,64,卖盘
837,10:11:51,12.74,118472,93,买盘
838,10:11:54,12.74,123549,97,买盘
839,10:11:57,12.74,155428,122,买盘
840,10:12:00,12.74,217854,171,卖盘
841,10:12:03,12.73,57315,45,卖盘
842,10:12:06,12.74,117208,92,买盘
843,10:12:09,12.74,30569,24,买盘
844,10:12:12,12.75,108347,85,买盘
845,10:12:15,12.75,66295,52,买盘
846,10:12:18,12.75,7650,6,买盘
847,10:12:21,12.75,49725,39,买盘
848,10:12:24,12.75,124950,98,买盘
849,10:12:27,12.75,86694,68,买盘
850,10:12:30,12.75,67573,53,买盘
851,10:12:33,12.75,53550,42,买盘
852,10:12:36,12.74,17837,14,卖盘
853,10:12:39,12.74,44601,35,卖盘
854,10:12:42,12.74,544020,427,卖盘
855,10:12:45,12.75,30580,24,买盘
856,10:12:48,12.74,21658,17,卖盘
857,10:12:51,12.75,226946,178,买盘
858,10:12:54,12.75,169575,133,买盘
859,10:12:57,12.74,91746,72,卖盘
860,10:13:00,12.75,249900,196,买盘
861,10:13:03,12.75,6375,5,卖盘
862,10:13:06,12.75,12750,10,卖盘
863,10:13:09,12.75,374850,294,卖盘
864,10:13:12,12.75,447867,351,买盘
865,10:13:15,12.76,8932,7,中性盘
866,10:13:18,12.77,28082,22,买盘
867,10:13:21,12.77,512200,401,买盘
868,10:13:24,12.77,3831,3,卖盘
869,10:13:27,12.78,328267,257,买盘
870,10:13:30,12.78,62622,49,买盘
871,10:13:33,12.78,167356,131,买盘
872,10:13:36,12.78,54954,43,买盘
873,10:13:39,12.78,233862,183,买盘
874,10:13:42,12.78,217260,170,买盘
875,10:13:45,12.78,53676,42,买盘
876,10:13:48,12.79,543101,425,买盘
877,10:13:51,12.79,286500,224,买盘
878,10:13:54,12.79,67787,53,买盘
879,10:13:57,12.78,836706,654,卖盘
880,10:14:00,12.79,377305,295,买盘
881,10:14:03,12.78,528184,413,卖盘
882,10:14:06,12.79,3837,3,卖盘
883,10:14:09,12.79,63967,50,卖盘
884,10:14:12,12.8,279030,218,买盘
885,10:14:15,12.79,504070,394,卖盘
886,10:14:18,12.79,85693,67,买盘
887,10:14:21,12.79,193129,151,买盘
888,10:14:24,12.8,93405,73,买盘
889,10:14:27,12.8,12800,10,买盘
890,10:14:30,12.79,28154,22,卖盘
891,10:14:33,12.8,258442,202,买盘
892,10:14:36,12.8,284022,222,买盘
893,10:14:39,12.8,161272,126,买盘
894,10:14:42,12.8,78070,61,买盘
895,10:14:45,12.8,426027,333,买盘
896,10:14:48,12.81,355876,278,买盘
897,10:14:51,12.82,475280,371,买盘
898,10:14:54,12.81,80691,63,中性盘
899,10:14:57,12.81,89670,70,买盘
900,10:15:00,12.82,29486,23,买盘
901,10:15:03,12.81,41020,32,卖盘
902,10:15:06,12.82,75623,59,买盘
903,10:15:09,12.82,61563,48,买盘
904,10:15:12,12.82,80754,63,买盘
905,10:15:15,12.81,197375,154,卖盘
906,10:15:18,12.82,252421,197,买盘
907,10:15:21,12.82,2315287,1806,买盘
908,10:15:24,12.82,180689,141,买盘
909,10:15:27,12.81,694430,542,卖盘
910,10:15:30,12.81,214050,167,中性盘
911,10:15:33,12.81,46115,36,卖盘
912,10:15:36,12.81,78099,61,买盘
913,10:15:39,12.8,622233,486,卖盘
914,10:15:42,12.8,72959,57,买盘
915,10:15:45,12.8,160000,125,买盘
916,10:15:48,12.8,15354,12,买盘
917,10:15:51,12.79,181636,142,卖盘
918,10:15:54,12.79,115184,90,卖盘
919,10:15:57,12.79,145806,114,卖盘
920,10:16:00,12.79,17905,14,买盘
921,10:16:03,12.79,88213,69,买盘
922,10:16:06,12.78,432026,338,卖盘
923,10:16:09,12.78,30672,24,买盘
924,10:16:12,12.79,49851,39,买盘
925,10:16:15,12.79,10232,8,卖盘
926,10:16:18,12.79,81859,64,卖盘
927,10:16:21,12.79,12790,10,卖盘
928,10:16:24,12.79,35812,28,卖盘
929,10:16:27,12.79,57555,45,买盘
930,10:16:30,12.79,65229,51,卖盘
931,10:16:33,12.8,147200,115,买盘
932,10:16:36,12.8,71650,56,买盘
933,10:16:39,12.8,11520,9,买盘
934,10:16:42,12.79,30710,24,卖盘
935,10:16:45,12.79,71629,56,卖盘
936,10:16:48,12.79,66538,52,卖盘
937,10:16:51,12.8,39680,31,买盘
938,10:16:54,12.8,33271,26,买盘
939,10:16:57,12.79,88286,69,卖盘
940,10:17:00,12.8,1280,1,买盘
941,10:17:03,12.8,24302,19,买盘
942,10:17:06,12.8,62709,49,买盘
943,10:17:09,12.79,70391,55,卖盘
944,10:17:12,12.8,34560,27,买盘
945,10:17:15,12.79,33259,26,卖盘
946,10:17:18,12.8,67835,53,买盘
947,10:17:21,12.79,126712,99,卖盘
948,10:17:24,12.8,144623,113,买盘
949,10:17:27,12.81,199799,156,买盘
950,10:17:30,12.81,189588,148,买盘
951,10:17:33,12.82,90995,71,买盘
952,10:17:39,12.82,8974,7,买盘
953,10:17:42,12.82,116661,91,买盘
954,10:17:45,12.82,134605,105,买盘
955,10:17:48,12.82,85894,67,卖盘
956,10:17:51,12.83,129519,101,买盘
957,10:17:54,12.83,115414,90,买盘
958,10:17:57,12.82,32063,25,卖盘
959,10:18:00,12.82,304977,238,买盘
960,10:18:03,12.82,85890,67,买盘
961,10:18:06,12.82,55115,43,买盘
962,10:18:09,12.82,107688,84,买盘
963,10:18:12,12.82,212794,166,买盘
964,10:18:15,12.81,516947,403,卖盘
965,10:18:21,12.82,58972,46,卖盘
966,10:18:24,12.83,93657,73,买盘
967,10:18:27,12.82,49998,39,卖盘
968,10:18:30,12.83,30783,24,买盘
969,10:18:33,12.82,92359,72,卖盘
970,10:18:36,12.82,69234,54,卖盘
971,10:18:39,12.83,39762,31,买盘
972,10:18:42,12.83,7696,6,买盘
973,10:18:45,12.83,25660,20,买盘
974,10:18:48,12.83,80829,63,买盘
975,10:18:51,12.82,356650,278,卖盘
976,10:18:54,12.83,141130,110,买盘
977,10:18:57,12.82,17959,14,卖盘
978,10:19:00,12.83,65388,51,买盘
979,10:19:03,12.83,260447,203,买盘
980,10:19:06,12.82,65387,51,卖盘
981,10:19:09,12.83,207806,162,买盘
982,10:19:12,12.83,512817,400,买盘
983,10:19:15,12.82,5128,4,中性盘
984,10:19:18,12.81,111491,87,卖盘
985,10:19:21,12.82,47411,37,买盘
986,10:19:24,12.81,555031,433,卖盘
987,10:19:27,12.82,142292,111,买盘
988,10:19:30,12.82,20501,16,买盘
989,10:19:33,12.81,1281,1,卖盘
990,10:19:36,12.81,43586,34,卖盘
991,10:19:39,12.81,71771,56,卖盘
992,10:19:42,12.8,701792,548,卖盘
993,10:19:45,12.79,1014951,793,卖盘
994,10:19:48,12.8,79323,62,买盘
995,10:19:51,12.79,34533,27,卖盘
996,10:19:54,12.79,149658,117,卖盘
997,10:19:57,12.8,121510,95,买盘
998,10:20:00,12.79,145807,114,卖盘
999,10:20:06,12.79,152095,119,买盘
1000,10:20:09,12.79,101017,79,买盘
1001,10:20:12,12.79,409075,320,买盘
1002,10:20:15,12.78,2556,2,卖盘
1003,10:20:18,12.78,485640,380,卖盘
1004,10:20:21,12.78,157138,123,买盘
1005,10:20:24,12.77,185241,145,卖盘
1006,10:20:27,12.78,918627,719,买盘
1007,10:20:30,12.79,532056,416,买盘
1008,10:20:33,12.8,48604,38,买盘
1009,10:20:36,12.8,15353,12,买盘
1010,10:20:39,12.79,48602,38,卖盘
1011,10:20:42,12.78,391179,306,卖盘
1012,10:20:45,12.79,148396,116,卖盘
1013,10:20:48,12.79,53718,42,买盘
1014,10:20:51,12.78,84348,66,卖盘
1015,10:20:54,12.78,43452,34,买盘
1016,10:20:57,12.78,67724,53,卖盘
1017,10:21:00,12.79,90766,71,买盘
1018,10:21:03,12.79,131737,103,买盘
1019,10:21:06,12.78,303039,237,卖盘
1020,10:21:09,12.79,66479,52,中性盘
1021,10:21:12,12.8,735956,575,买盘
1022,10:21:15,12.8,563505,440,卖盘
1023,10:21:18,12.81,302494,236,中性盘
1024,10:21:21,12.81,69174,54,卖盘
1025,10:21:24,12.82,197294,154,中性盘
1026,10:21:27,12.81,14092,11,卖盘
1027,10:21:30,12.81,90956,71,卖盘
1028,10:21:33,12.81,30769,24,卖盘
1029,10:21:36,12.82,51265,40,中性盘
1030,10:21:39,12.82,44840,35,买盘
1031,10:21:42,12.81,142192,111,卖盘
1032,10:21:45,12.81,21778,17,卖盘
1033,10:21:48,12.81,128100,100,卖盘
1034,10:21:51,12.81,151236,118,卖盘
1035,10:21:54,12.81,144753,113,卖盘
1036,10:21:57,12.81,23058,18,买盘
1037,10:22:00,12.81,84490,66,买盘
1038,10:22:03,12.81,28182,22,买盘
1039,10:22:06,12.81,23068,18,卖盘
1040,10:22:09,12.82,112768,88,买盘
1041,10:22:12,12.81,39711,31,卖盘
1042,10:22:15,12.81,122956,96,卖盘
1043,10:22:18,12.81,85820,67,买盘
1044,10:22:21,12.81,24339,19,买盘
1045,10:22:24,12.81,247232,193,买盘
1046,10:22:27,12.8,239360,187,卖盘
1047,10:22:30,12.81,149788,117,买盘
1048,10:22:33,12.8,16642,13,卖盘
1049,10:22:36,12.78,319733,250,卖盘
1050,10:22:39,12.78,23004,18,卖盘
1051,10:22:42,12.78,56240,44,卖盘
1052,10:22:48,12.78,11504,9,卖盘
1053,10:22:51,12.78,49865,39,卖盘
1054,10:22:54,12.78,267448,209,卖盘
1055,10:22:57,12.79,973699,762,买盘
1056,10:23:00,12.79,3836,3,买盘
1057,10:23:06,12.78,38332,30,卖盘
1058,10:23:09,12.78,58788,46,买盘
1059,10:23:12,12.78,56237,44,卖盘
1060,10:23:15,12.78,15336,12,买盘
1061,10:23:21,12.78,6391,5,卖盘
1062,10:23:24,12.78,102240,80,卖盘
1063,10:23:27,12.78,213426,167,卖盘
1064,10:23:30,12.78,2556,2,买盘
1065,10:23:33,12.77,134173,105,卖盘
1066,10:23:36,12.78,85599,67,买盘
1067,10:23:39,12.77,35757,28,卖盘
1068,10:23:42,12.78,10219,8,买盘
1069,10:23:45,12.78,309269,242,买盘
1070,10:23:48,12.78,60051,47,买盘
1071,10:23:51,12.78,79204,62,买盘
1072,10:23:54,12.77,15325,12,卖盘
1073,10:23:57,12.78,2556,2,买盘
1074,10:24:00,12.77,54931,43,卖盘
1075,10:24:03,12.78,28112,22,买盘
1076,10:24:06,12.78,154638,121,卖盘
1077,10:24:09,12.78,16620,13,卖盘
1078,10:24:12,12.78,1278,1,卖盘
1079,10:24:15,12.78,19170,15,卖盘
1080,10:24:18,12.79,2558,2,买盘
1081,10:24:21,12.79,98483,77,买盘
1082,10:24:24,12.79,12792,10,卖盘
1083,10:24:27,12.79,5116,4,卖盘
1084,10:24:30,12.79,282483,221,卖盘
1085,10:24:33,12.78,19175,15,中性盘
1086,10:24:36,12.78,739440,579,买盘
1087,10:24:39,12.78,283613,222,买盘
1088,10:24:42,12.76,271816,213,卖盘
1089,10:24:45,12.77,15319,12,买盘
1090,10:24:48,12.77,26817,21,买盘
1091,10:24:51,12.76,89345,70,卖盘
1092,10:24:54,12.76,21692,17,卖盘
1093,10:24:57,12.77,58717,46,买盘
1094,10:25:00,12.77,25540,20,买盘
1095,10:25:03,12.77,139193,109,买盘
1096,10:25:06,12.76,7661,6,卖盘
1097,10:25:09,12.76,31900,25,卖盘
1098,10:25:12,12.76,22968,18,卖盘
1099,10:25:15,12.77,15324,12,买盘
1100,10:25:18,12.77,60019,47,卖盘
1101,10:25:21,12.77,51080,40,卖盘
1102,10:25:24,12.78,25560,20,买盘
1103,10:25:27,12.78,1278,1,买盘
1104,10:25:30,12.77,1277,1,卖盘
1105,10:25:33,12.77,44707,35,卖盘
1106,10:25:36,12.77,11493,9,买盘
1107,10:25:39,12.77,127700,100,买盘
1108,10:25:42,12.77,130154,102,买盘
1109,10:25:45,12.77,45962,36,卖盘
1110,10:25:48,12.77,7662,6,买盘
1111,10:25:51,12.77,93201,73,卖盘
1112,10:25:54,12.77,65174,51,卖盘
1113,10:25:57,12.77,58757,46,卖盘
1114,10:26:00,12.77,380546,298,卖盘
1115,10:26:03,12.77,143024,112,卖盘
1116,10:26:06,12.78,12780,10,买盘
1117,10:26:09,12.77,155876,122,卖盘
1118,10:26:15,12.78,376810,295,买盘
1119,10:26:18,12.78,19166,15,买盘
1120,10:26:21,12.77,44695,35,卖盘
1121,10:26:24,12.76,76611,60,卖盘
1122,10:26:27,12.78,535245,419,买盘
1123,10:26:30,12.77,1277,1,卖盘
1124,10:26:33,12.76,19151,15,卖盘
1125,10:26:36,12.77,2554,2,买盘
1126,10:26:39,12.77,171077,134,买盘
1127,10:26:42,12.76,154441,121,卖盘
1128,10:26:45,12.77,65080,51,买盘
1129,10:26:48,12.77,222025,174,买盘
1130,10:26:51,12.76,31900,25,买盘
1131,10:26:54,12.76,125021,98,买盘
1132,10:26:57,12.75,56110,44,卖盘
1133,10:27:00,12.75,10200,8,卖盘
1134,10:27:03,12.75,372591,292,卖盘
1135,10:27:06,12.75,3825,3,卖盘
1136,10:27:09,12.76,236060,185,买盘
1137,10:27:12,12.75,224412,176,卖盘
1138,10:27:15,12.77,14046,11,买盘
1139,10:27:18,12.76,62524,49,卖盘
1140,10:27:21,12.76,8932,7,卖盘
1141,10:27:24,12.76,14036,11,买盘
1142,10:27:27,12.77,82963,65,买盘
1143,10:27:30,12.76,6380,5,中性盘
1144,10:27:33,12.76,26796,21,卖盘
1145,10:27:36,12.77,108539,85,买盘
1146,10:27:39,12.77,26817,21,买盘
1147,10:27:42,12.77,153249,120,卖盘
1148,10:27:45,12.77,8936,7,买盘
1149,10:27:48,12.77,30648,24,买盘
1150,10:27:51,12.77,5108,4,买盘
1151,10:27:54,12.77,53634,42,卖盘
1152,10:27:57,12.77,2554,2,卖盘
1153,10:28:00,12.77,1277,1,卖盘
1154,10:28:03,12.78,255560,200,买盘
1155,10:28:06,12.77,19155,15,买盘
1156,10:28:09,12.77,112376,88,买盘
1157,10:28:12,12.77,42121,33,买盘
1158,10:28:18,12.77,2554,2,卖盘
1159,10:28:21,12.77,88113,69,卖盘
1160,10:28:24,12.77,89390,70,买盘
1161,10:28:27,12.78,26820,21,买盘
1162,10:28:30,12.78,65115,51,买盘
1163,10:28:36,12.78,49842,39,买盘
1164,10:28:42,12.79,735952,575,买盘
1165,10:28:45,12.81,150880,118,中性盘
1166,10:28:48,12.81,2562,2,买盘
1167,10:28:54,12.81,55083,43,买盘
1168,10:28:57,12.8,180620,141,卖盘
1169,10:29:00,12.81,29463,23,中性盘
1170,10:29:03,12.8,21765,17,卖盘
1171,10:29:06,12.82,53820,42,买盘
1172,10:29:09,12.81,210205,164,卖盘
1173,10:29:12,12.81,8967,7,卖盘
1174,10:29:18,12.82,332038,259,买盘
1175,10:29:21,12.81,3843,3,卖盘
1176,10:29:24,12.81,99935,78,卖盘
1177,10:29:27,12.81,67893,53,买盘
1178,10:29:30,12.81,98622,77,买盘
1179,10:29:33,12.81,7686,6,买盘
1180,10:29:36,12.8,153600,120,卖盘
1181,10:29:39,12.8,34560,27,卖盘
1182,10:29:42,12.8,112640,88,卖盘
1183,10:29:45,12.8,107520,84,买盘
1184,10:29:48,12.8,63989,50,买盘
1185,10:29:51,12.8,12800,10,买盘
1186,10:29:57,12.8,74260,58,买盘
1187,10:30:00,12.8,56300,44,买盘
1188,10:30:03,12.8,33280,26,买盘
1189,10:30:06,12.8,33280,26,买盘
1190,10:30:09,12.8,147250,115,买盘
1191,10:30:12,12.8,56290,44,买盘
1192,10:30:15,12.8,90821,71,卖盘
1193,10:30:18,12.79,31980,25,卖盘
1194,10:30:21,12.8,1280,1,买盘
1195,10:30:27,12.81,376614,294,买盘
1196,10:30:30,12.8,26896,21,卖盘
1197,10:30:33,12.81,26889,21,买盘
1198,10:30:36,12.8,119040,93,卖盘
1199,10:30:39,12.81,71719,56,买盘
1200,10:30:42,12.8,12800,10,卖盘
1201,10:30:45,12.8,16640,13,中性盘
1202,10:30:48,12.81,47397,37,买盘
1203,10:30:51,12.79,102415,80,卖盘
1204,10:30:54,12.8,115258,90,买盘
1205,10:30:57,12.8,53800,42,卖盘
1206,10:31:00,12.8,15360,12,卖盘
1207,10:31:03,12.81,60207,47,买盘
1208,10:31:06,12.82,7692,6,买盘
1209,10:31:09,12.81,206241,161,卖盘
1210,10:31:12,12.82,78169,61,买盘
1211,10:31:15,12.81,112736,88,卖盘
1212,10:31:18,12.81,61511,48,卖盘
1213,10:31:21,12.81,5124,4,买盘
1214,10:31:24,12.8,12800,10,卖盘
1215,10:31:27,12.81,11529,9,买盘
1216,10:31:30,12.81,61468,48,买盘
1217,10:31:33,12.81,39681,31,买盘
1218,10:31:36,12.81,1281,1,买盘
1219,10:31:39,12.81,3843,3,买盘
1220,10:31:42,12.81,3843,3,买盘
1221,10:31:45,12.81,23058,18,买盘
1222,10:31:48,12.81,398102,311,买盘
1223,10:31:51,12.8,252160,197,卖盘
1224,10:31:54,12.8,2560,2,买盘
1225,10:31:57,12.8,108789,85,买盘
1226,10:32:03,12.8,12800,10,卖盘
1227,10:32:09,12.8,19204,15,卖盘
1228,10:32:12,12.8,1280,1,买盘
1229,10:32:15,12.8,33280,26,买盘
1230,10:32:18,12.8,25600,20,买盘
1231,10:32:21,12.8,52477,41,买盘
1232,10:32:24,12.79,308254,241,卖盘
1233,10:32:27,12.79,66508,52,买盘
1234,10:32:30,12.79,74227,58,买盘
1235,10:32:33,12.79,30696,24,卖盘
1236,10:32:36,12.79,6395,5,卖盘
1237,10:32:39,12.79,33254,26,卖盘
1238,10:32:42,12.79,130458,102,卖盘
1239,10:32:45,12.79,31975,25,买盘
1240,10:32:48,12.78,6390,5,卖盘
1241,10:32:51,12.78,17902,14,卖盘
1242,10:32:54,12.79,23022,18,买盘
1243,10:32:57,12.79,93344,73,买盘
1244,10:33:00,12.79,37091,29,买盘
1245,10:33:03,12.79,6395,5,买盘
1246,10:33:06,12.79,44736,35,买盘
1247,10:33:09,12.79,130368,102,买盘
1248,10:33:15,12.79,29406,23,买盘
1249,10:33:18,12.78,12780,10,卖盘
1250,10:33:21,12.79,15348,12,卖盘
1251,10:33:24,12.79,3837,3,卖盘
1252,10:33:27,12.79,7674,6,卖盘
1253,10:33:30,12.79,57555,45,卖盘
1254,10:33:33,12.79,10232,8,买盘
1255,10:33:36,12.79,12790,10,买盘
1256,10:33:39,12.79,39643,31,买盘
1257,10:33:42,12.79,222531,174,买盘
1258,10:33:45,12.79,29419,23,卖盘
1259,10:33:48,12.8,273719,214,买盘
1260,10:33:57,12.79,12790,10,买盘
1261,10:34:06,12.8,17909,14,买盘
1262,10:34:09,12.79,37105,29,卖盘
1263,10:34:12,12.79,3837,3,买盘
1264,10:34:15,12.79,6395,5,买盘
1265,10:34:18,12.79,20464,16,买盘
1266,10:34:21,12.79,12790,10,卖盘
1267,10:34:24,12.8,12800,10,买盘
1268,10:34:27,12.79,15348,12,卖盘
1269,10:34:30,12.79,28138,22,卖盘
1270,10:34:33,12.79,30696,24,卖盘
1271,10:34:36,12.79,51160,40,卖盘
1272,10:34:39,12.79,84438,66,卖盘
1273,10:34:42,12.78,60112,47,卖盘
1274,10:34:48,12.78,19170,15,卖盘
1275,10:34:51,12.78,177764,139,卖盘
1276,10:35:00,12.78,48564,38,卖盘
1277,10:35:03,12.79,11511,9,买盘
1278,10:35:06,12.79,3837,3,买盘
1279,10:35:09,12.79,3837,3,买盘
1280,10:35:12,12.78,56232,44,卖盘
1281,10:35:15,12.78,19180,15,卖盘
1282,10:35:18,12.78,31950,25,卖盘
1283,10:35:21,12.78,2556,2,卖盘
1284,10:35:24,12.78,47286,37,卖盘
1285,10:35:27,12.79,83080,65,买盘
1286,10:35:30,12.79,162433,127,买盘
1287,10:35:33,12.8,49912,39,买盘
1288,10:35:36,12.79,88242,69,中性盘
1289,10:35:39,12.79,43486,34,卖盘
1290,10:35:42,12.79,26859,21,卖盘
1291,10:35:45,12.79,1279,1,买盘
1292,10:35:51,12.79,67787,53,买盘
1293,10:35:54,12.78,57520,45,卖盘
1294,10:35:57,12.79,8953,7,买盘
1295,10:36:03,12.79,177781,139,买盘
1296,10:36:06,12.8,189294,148,买盘
1297,10:36:09,12.79,140797,110,卖盘
1298,10:36:12,12.8,296960,232,买盘
1299,10:36:15,12.8,235501,184,买盘
1300,10:36:21,12.81,146027,114,买盘
1301,10:36:24,12.81,112706,88,买盘
1302,10:36:27,12.81,108885,85,买盘
1303,10:36:30,12.81,158864,124,卖盘
1304,10:36:33,12.81,39711,31,买盘
1305,10:36:36,12.8,85763,67,卖盘
1306,10:36:39,12.83,1261650,984,买盘
1307,10:36:42,12.83,7698,6,卖盘
1308,10:36:45,12.83,211708,165,卖盘
1309,10:36:48,12.84,259368,202,买盘
1310,10:36:51,12.84,24388,19,中性盘
1311,10:36:54,12.85,1920565,1495,买盘
1312,10:36:57,12.86,51440,40,买盘
1313,10:37:00,12.85,37289,29,卖盘
1314,10:37:03,12.86,189021,147,买盘
1315,10:37:06,12.85,679016,528,卖盘
1316,10:37:09,12.85,994630,774,卖盘
1317,10:37:12,12.86,134933,105,买盘
1318,10:37:15,12.84,186315,145,卖盘
1319,10:37:18,12.84,20557,16,卖盘
1320,10:37:21,12.85,218440,170,买盘
1321,10:37:24,12.85,24415,19,买盘
1322,10:37:27,12.85,199098,155,买盘
1323,10:37:30,12.84,101447,79,卖盘
1324,10:37:33,12.85,2570,2,买盘
1325,10:37:36,12.84,96300,75,卖盘
1326,10:37:39,12.85,223567,174,买盘
1327,10:37:42,12.85,191465,149,卖盘
1328,10:37:45,12.85,43690,34,卖盘
1329,10:37:48,12.86,171028,133,买盘
1330,10:37:51,12.85,19283,15,卖盘
1331,10:37:54,12.86,1286,1,买盘
1332,10:37:57,12.86,96448,75,买盘
1333,10:38:00,12.86,18004,14,买盘
1334,10:38:03,12.86,63010,49,买盘
1335,10:38:06,12.86,252054,196,买盘
1336,10:38:09,12.88,606433,471,买盘
1337,10:38:12,12.88,3864,3,卖盘
1338,10:38:15,12.91,1628852,1263,买盘
1339,10:38:18,12.92,285324,221,买盘
1340,10:38:21,12.93,439119,340,买盘
1341,10:38:24,12.93,90495,70,买盘
1342,10:38:27,12.95,1625946,1256,买盘
1343,10:38:30,12.99,3682097,2836,买盘
1344,10:38:33,13.0,521250,401,买盘
1345,10:38:36,12.99,1284815,989,卖盘
1346,10:38:39,12.99,706850,544,买盘
1347,10:38:42,12.99,524768,404,卖盘
1348,10:38:45,12.99,92190,71,买盘
1349,10:38:48,12.98,81774,63,中性盘
1350,10:38:51,12.98,360921,278,买盘
1351,10:38:54,12.97,310161,239,中性盘
1352,10:38:57,12.97,427071,329,卖盘
1353,10:39:00,12.97,402281,310,中性盘
1354,10:39:03,12.97,162123,125,买盘
1355,10:39:06,12.97,58372,45,卖盘
1356,10:39:09,12.97,361884,279,卖盘
1357,10:39:12,12.97,57096,44,买盘
1358,10:39:15,12.97,193136,149,买盘
1359,10:39:18,12.96,435622,336,卖盘
1360,10:39:21,12.96,28512,22,买盘
1361,10:39:24,12.95,150243,116,卖盘
1362,10:39:27,13.01,4127214,3178,买盘
1363,10:39:30,13.05,3307941,2531,买盘
1364,10:39:33,13.04,1572889,1207,卖盘
1365,10:39:36,13.04,654847,502,中性盘
1366,10:39:39,13.04,363859,279,买盘
1367,10:39:42,13.02,317045,243,中性盘
1368,10:39:45,13.02,1508380,1159,卖盘
1369,10:39:48,13.04,396984,305,买盘
1370,10:39:51,13.0,429295,330,卖盘
1371,10:39:54,13.0,80600,62,卖盘
1372,10:39:57,13.0,490662,377,买盘
1373,10:40:00,13.0,171532,132,买盘
1374,10:40:03,13.0,206610,159,买盘
1375,10:40:06,13.0,685100,527,卖盘
1376,10:40:09,13.0,197571,152,买盘
1377,10:40:12,12.99,63654,49,卖盘
1378,10:40:15,12.99,419299,323,买盘
1379,10:40:18,12.98,84316,65,中性盘
1380,10:40:21,12.98,316704,244,买盘
1381,10:40:24,12.98,127181,98,买盘
1382,10:40:27,12.97,16869,13,卖盘
1383,10:40:30,12.97,44096,34,买盘
1384,10:40:33,12.95,178793,138,卖盘
1385,10:40:36,12.95,15550,12,卖盘
1386,10:40:39,12.96,98465,76,买盘
1387,10:40:42,12.95,110083,85,卖盘
1388,10:40:45,12.95,156749,121,卖盘
1389,10:40:48,12.96,37576,29,买盘
1390,10:40:51,12.97,142588,110,买盘
1391,10:40:54,12.96,50533,39,买盘
1392,10:40:57,12.96,72564,56,买盘
1393,10:41:00,12.95,91953,71,卖盘
1394,10:41:03,12.95,195546,151,卖盘
1395,10:41:06,12.95,46625,36,卖盘
1396,10:41:09,12.95,38849,30,买盘
1397,10:41:12,12.95,160555,124,买盘
1398,10:41:15,12.94,144981,112,卖盘
1399,10:41:18,12.94,14221,11,卖盘
1400,10:41:21,12.93,42679,33,卖盘
1401,10:41:24,12.93,76287,59,卖盘
1402,10:41:27,12.93,63357,49,买盘
1403,10:41:30,12.92,134368,104,卖盘
1404,10:41:33,12.92,36176,28,买盘
1405,10:41:36,12.92,92998,72,买盘
1406,10:41:39,12.91,86497,67,卖盘
1407,10:41:42,12.91,45207,35,卖盘
1408,10:41:45,12.91,254350,197,卖盘
1409,10:41:48,12.91,12910,10,卖盘
1410,10:41:51,12.91,11619,9,卖盘
1411,10:41:54,12.92,63287,49,买盘
1412,10:41:57,12.91,649373,503,卖盘
1413,10:42:00,12.92,1292,1,买盘
1414,10:42:03,12.91,64568,50,卖盘
1415,10:42:06,12.92,2584,2,买盘
1416,10:42:09,12.92,535809,415,买盘
1417,10:42:12,12.92,29716,23,买盘
1418,10:42:15,12.92,204136,158,买盘
1419,10:42:18,12.92,191216,148,买盘
1420,10:42:21,12.92,363041,281,买盘
1421,10:42:24,12.94,525962,407,买盘
1422,10:42:27,12.93,1293,1,卖盘
1423,10:42:30,12.94,104801,81,买盘
1424,10:42:33,12.94,18116,14,买盘
1425,10:42:36,12.94,32349,25,买盘
1426,10:42:39,12.94,187595,145,买盘
1427,10:42:42,12.94,493937,382,卖盘
1428,10:42:45,12.94,119052,92,买盘
1429,10:42:48,12.94,163023,126,卖盘
1430,10:42:51,12.94,151380,117,买盘
1431,10:42:54,12.94,469122,363,买盘
1432,10:42:57,12.94,138458,107,买盘
1433,10:43:00,12.94,441254,341,买盘
1434,10:43:03,12.92,3878,3,卖盘
1435,10:43:06,12.94,68567,53,买盘
1436,10:43:09,12.92,152476,118,卖盘
1437,10:43:12,12.92,87856,68,卖盘
1438,10:43:15,12.93,68497,53,买盘
1439,10:43:18,12.91,468955,363,卖盘
1440,10:43:21,12.92,14212,11,买盘
1441,10:43:24,12.91,20657,16,卖盘
1442,10:43:27,12.91,1291,1,卖盘
1443,10:43:30,12.91,28402,22,卖盘
1444,10:43:33,12.92,202735,157,买盘
1445,10:43:36,12.92,25840,20,买盘
1446,10:43:39,12.91,32275,25,卖盘
1447,10:43:42,12.91,40041,31,卖盘
1448,10:43:45,12.91,43900,34,卖盘
1449,10:43:48,12.92,29713,23,买盘
1450,10:43:51,12.91,495744,384,卖盘
1451,10:43:54,12.91,31500,24,卖盘
1452,10:43:57,12.94,416287,322,买盘
1453,10:44:00,12.95,484406,374,买盘
1454,10:44:03,12.96,14256,11,买盘
1455,10:44:09,12.97,53177,41,买盘
1456,10:44:12,12.97,281437,217,买盘
1457,10:44:15,12.98,265814,205,买盘
1458,10:44:18,12.96,418627,323,卖盘
1459,10:44:21,12.98,617374,476,买盘
1460,10:44:24,12.98,79161,61,买盘
1461,10:44:27,12.98,359565,277,卖盘
1462,10:44:30,12.97,64883,50,卖盘
1463,10:44:33,12.98,317982,245,买盘
1464,10:44:36,12.98,896821,691,买盘
1465,10:44:39,12.98,184280,142,买盘
1466,10:44:42,12.98,772300,595,买盘
1467,10:44:45,13.0,123313,95,买盘
1468,10:44:48,12.98,220913,170,卖盘
1469,10:44:51,13.0,497925,383,买盘
1470,10:44:54,13.01,200354,154,买盘
1471,10:44:57,13.02,18218,14,买盘
1472,10:45:00,13.02,309785,238,买盘
1473,10:45:03,13.01,534743,411,买盘
1474,10:45:06,13.02,266710,205,买盘
1475,10:45:09,13.0,991242,762,卖盘
1476,10:45:12,13.02,626116,481,买盘
1477,10:45:15,13.0,92310,71,买盘
1478,10:45:18,13.0,210583,162,卖盘
1479,10:45:21,13.01,183341,141,买盘
1480,10:45:24,13.0,38987,30,中性盘
1481,10:45:27,13.0,53290,41,买盘
1482,10:45:30,12.99,177988,137,卖盘
1483,10:45:33,13.0,422383,325,买盘
1484,10:45:36,13.0,320664,247,买盘
1485,10:45:39,12.99,58463,45,买盘
1486,10:45:42,12.98,66238,51,中性盘
1487,10:45:45,12.96,2592,2,卖盘
1488,10:45:48,12.98,86956,67,买盘
1489,10:45:51,12.98,62361,48,中性盘
1490,10:45:54,12.96,22039,17,卖盘
1491,10:45:57,12.97,85618,66,中性盘
1492,10:46:00,12.97,18168,14,卖盘
1493,10:46:03,12.97,254252,196,卖盘
1494,10:46:06,12.97,108948,84,卖盘
1495,10:46:09,12.97,534270,412,买盘
1496,10:46:12,12.97,37588,29,买盘
1497,10:46:15,12.96,103680,80,卖盘
1498,10:46:18,12.97,182898,141,买盘
1499,10:46:21,12.97,12970,10,卖盘
1500,10:46:24,12.97,54485,42,卖盘
1501,10:46:27,12.98,529230,408,买盘
1502,10:46:30,12.98,90851,70,买盘
1503,10:46:33,12.98,106422,82,买盘
1504,10:46:36,12.98,97350,75,买盘
1505,10:46:39,12.98,38940,30,卖盘
1506,10:46:42,12.99,31176,24,买盘
1507,10:46:45,12.99,9093,7,买盘
1508,10:46:48,13.0,184471,142,买盘
1509,10:46:51,12.99,40269,31,卖盘
1510,10:46:54,12.99,29892,23,卖盘
1511,10:46:57,13.0,19490,15,买盘
1512,10:47:00,13.0,533043,410,买盘
1513,10:47:03,13.0,48100,37,卖盘
1514,10:47:06,13.0,889249,684,卖盘
1515,10:47:09,13.0,445666,343,买盘
1516,10:47:12,13.0,98737,76,买盘
1517,10:47:15,12.98,288191,222,卖盘
1518,10:47:18,12.98,6490,5,买盘
1519,10:47:21,12.97,719844,555,卖盘
1520,10:47:24,12.97,11673,9,中性盘
1521,10:47:27,12.97,34999,27,买盘
1522,10:47:30,12.96,239760,185,卖盘
1523,10:47:33,12.97,299607,231,买盘
1524,10:47:36,12.96,28513,22,卖盘
1525,10:47:39,12.97,1297,1,买盘
1526,10:47:42,12.96,32400,25,卖盘
1527,10:47:45,12.96,85539,66,卖盘
1528,10:47:48,12.96,27220,21,卖盘
1529,10:47:51,12.96,112752,87,卖盘
1530,10:47:54,12.96,88088,68,买盘
1531,10:47:57,12.96,34992,27,买盘
1532,10:48:00,12.96,42758,33,买盘
1533,10:48:03,12.95,49220,38,卖盘
1534,10:48:06,12.95,176249,136,卖盘
1535,10:48:09,12.95,50518,39,卖盘
1536,10:48:12,12.97,260677,201,买盘
1537,10:48:15,12.97,25940,20,买盘
1538,10:48:18,12.98,311123,240,买盘
1539,10:48:21,12.96,3888,3,卖盘
1540,10:48:24,12.98,12980,10,买盘
1541,10:48:27,12.97,20763,16,卖盘
1542,10:48:30,12.97,18167,14,卖盘
1543,10:48:33,12.98,195968,151,买盘
1544,10:48:36,12.98,5192,4,卖盘
1545,10:48:39,12.99,27260,21,买盘
1546,10:48:42,12.99,42859,33,买盘
1547,10:48:45,12.98,159776,123,卖盘
1548,10:48:48,12.99,14284,11,买盘
1549,10:48:51,13.0,402766,310,买盘
1550,10:48:54,12.99,12990,10,卖盘
1551,10:48:57,12.99,6497,5,卖盘
1552,10:49:00,13.0,23400,18,买盘
1553,10:49:03,12.99,20790,16,卖盘
1554,10:49:06,12.99,365050,281,卖盘
1555,10:49:09,12.99,141593,109,卖盘
1556,10:49:12,12.99,83136,64,买盘
1557,10:49:15,12.99,16882,13,买盘
1558,10:49:18,13.0,153298,118,买盘
1559,10:49:21,12.99,33790,26,卖盘
1560,10:49:24,12.99,142890,110,卖盘
1561,10:49:27,12.99,157200,121,卖盘
1562,10:49:30,12.99,51951,40,卖盘
1563,10:49:33,12.98,12980,10,卖盘
1564,10:49:36,12.99,162352,125,买盘
1565,10:49:39,12.98,138888,107,卖盘
1566,10:49:42,12.99,71440,55,买盘
1567,10:49:45,12.98,2596,2,卖盘
1568,10:49:48,12.98,38960,30,卖盘
1569,10:49:51,12.98,5192,4,卖盘
1570,10:49:54,12.98,90863,70,卖盘
1571,10:49:57,12.99,2597,2,买盘
1572,10:50:00,12.98,90887,70,卖盘
1573,10:50:03,12.98,10384,8,卖盘
1574,10:50:06,12.98,79224,61,卖盘
1575,10:50:09,12.98,51940,40,卖盘
1576,10:50:12,12.99,19485,15,买盘
1577,10:50:15,12.98,1298,1,卖盘
1578,10:50:18,12.99,388401,299,买盘
1579,10:50:21,12.99,257076,198,卖盘
1580,10:50:24,12.99,764722,589,中性盘
1581,10:50:27,12.99,41568,32,买盘
1582,10:50:30,13.0,58481,45,买盘
1583,10:50:33,12.97,221839,171,卖盘
1584,10:50:36,12.97,155711,120,卖盘
1585,10:50:39,12.97,110245,85,卖盘
1586,10:50:42,12.96,85635,66,卖盘
1587,10:50:45,12.96,435439,336,卖盘
1588,10:50:48,12.95,76405,59,卖盘
1589,10:50:54,12.95,24605,19,卖盘
1590,10:51:00,12.95,42735,33,卖盘
1591,10:51:03,12.95,77700,60,买盘
1592,10:51:06,12.95,29763,23,买盘
1593,10:51:09,12.94,88037,68,卖盘
1594,10:51:12,12.95,9065,7,买盘
1595,10:51:15,12.94,604298,467,卖盘
1596,10:51:18,12.95,130758,101,买盘
1597,10:51:21,12.93,28454,22,卖盘
1598,10:51:24,12.95,80288,62,买盘
1599,10:51:27,12.93,36206,28,卖盘
1600,10:51:30,12.95,46614,36,买盘
1601,10:51:33,12.95,64750,50,买盘
1602,10:51:36,12.95,202017,156,买盘
1603,10:51:39,12.94,3882,3,卖盘
1604,10:51:42,12.94,10352,8,卖盘
1605,10:51:45,12.94,1294,1,卖盘
1606,10:51:48,12.94,216161,167,卖盘
1607,10:51:51,12.94,1294,1,卖盘
1608,10:51:54,12.95,112655,87,买盘
1609,10:51:57,12.95,644593,498,卖盘
1610,10:52:00,12.95,1295,1,买盘
1611,10:52:03,12.93,741150,573,卖盘
1612,10:52:06,12.93,3879,3,买盘
1613,10:52:09,12.92,37474,29,卖盘
1614,10:52:12,12.92,206720,160,卖盘
1615,10:52:15,12.94,76290,59,买盘
1616,10:52:18,12.94,46584,36,卖盘
1617,10:52:21,12.93,18102,14,卖盘
1618,10:52:24,12.93,12930,10,卖盘
1619,10:52:27,12.93,27154,21,卖盘
1620,10:52:30,12.93,21981,17,卖盘
1621,10:52:33,12.94,221115,171,买盘
1622,10:52:36,12.93,125421,97,卖盘
1623,10:52:39,12.93,28445,22,买盘
1624,10:52:42,12.93,41356,32,买盘
1625,10:52:45,12.93,41376,32,卖盘
1626,10:52:48,12.93,143523,111,卖盘
1627,10:52:51,12.93,43950,34,买盘
1628,10:52:57,12.92,409564,317,卖盘
1629,10:53:00,12.92,71050,55,买盘
1630,10:53:06,12.92,470288,364,买盘
1631,10:53:09,12.92,11628,9,卖盘
1632,10:53:12,12.92,34884,27,卖盘
1633,10:53:15,12.92,12925,10,卖盘
1634,10:53:18,12.93,50416,39,买盘
1635,10:53:21,12.93,9047,7,买盘
1636,10:53:24,12.92,33602,26,卖盘
1637,10:53:27,12.93,81448,63,买盘
1638,10:53:30,12.92,197725,153,卖盘
1639,10:53:33,12.92,5168,4,卖盘
1640,10:53:36,12.92,195203,151,卖盘
1641,10:53:39,12.93,117611,91,买盘
1642,10:53:42,12.92,117572,91,卖盘
1643,10:53:45,12.92,404466,313,卖盘
1644,10:53:48,12.91,148490,115,卖盘
1645,10:53:51,12.91,38730,30,卖盘
1646,10:53:54,12.93,51700,40,买盘
1647,10:54:00,12.91,487502,378,卖盘
1648,10:54:03,12.89,1256460,974,卖盘
1649,10:54:06,12.89,404635,314,卖盘
1650,10:54:09,12.88,6442,5,卖盘
1651,10:54:12,12.88,2576,2,卖盘
1652,10:54:15,12.88,112056,87,买盘
1653,10:54:18,12.89,565908,440,买盘
1654,10:54:21,12.87,99099,77,卖盘
1655,10:54:24,12.88,131316,102,中性盘
1656,10:54:27,12.87,121015,94,卖盘
1657,10:54:30,12.88,66953,52,买盘
1658,10:54:33,12.88,162199,126,中性盘
1659,10:54:36,12.87,117183,91,卖盘
1660,10:54:39,12.88,3864,3,中性盘
1661,10:54:42,12.87,59232,46,卖盘
1662,10:54:45,12.89,14169,11,中性盘
1663,10:54:48,12.87,25752,20,卖盘
1664,10:54:51,12.88,23184,18,中性盘
1665,10:54:54,12.87,14157,11,卖盘
1666,10:54:57,12.88,90150,70,买盘
1667,10:55:03,12.88,5152,4,卖盘
1668,10:55:06,12.87,126167,98,卖盘
1669,10:55:09,12.86,689940,536,卖盘
1670,10:55:12,12.88,122360,95,买盘
1671,10:55:15,12.87,95176,74,买盘
1672,10:55:21,12.87,5147,4,中性盘
1673,10:55:24,12.86,25720,20,卖盘
1674,10:55:27,12.86,139069,108,卖盘
1675,10:55:30,12.87,12870,10,中性盘
1676,10:55:33,12.86,118332,92,卖盘
1677,10:55:36,12.87,64350,50,买盘
1678,10:55:39,12.87,51480,40,卖盘
1679,10:55:45,12.87,32189,25,卖盘
1680,10:55:48,12.87,30909,24,卖盘
1681,10:55:51,12.88,114559,89,买盘
1682,10:55:54,12.88,12880,10,买盘
1683,10:55:57,12.87,130002,101,卖盘
1684,10:56:00,12.86,307368,239,卖盘
1685,10:56:03,12.86,7718,6,中性盘
1686,10:56:06,12.87,128699,100,买盘
1687,10:56:09,12.87,321302,250,买盘
1688,10:56:12,12.85,60445,47,卖盘
1689,10:56:18,12.86,36008,28,卖盘
1690,10:56:21,12.86,105452,82,买盘
1691,10:56:24,12.86,635284,494,买盘
1692,10:56:27,12.86,100759,78,买盘
1693,10:56:33,12.86,16718,13,卖盘
1694,10:56:42,12.86,66872,52,卖盘
1695,10:56:45,12.86,548783,427,卖盘
1696,10:56:48,12.87,15444,12,买盘
1697,10:56:51,12.86,12860,10,卖盘
1698,10:56:54,12.87,24447,19,买盘
1699,10:57:00,12.86,5144,4,卖盘
1700,10:57:03,12.87,97758,76,买盘
1701,10:57:06,12.87,24453,19,买盘
1702,10:57:09,12.86,245631,191,卖盘
1703,10:57:12,12.87,82368,64,卖盘
1704,10:57:15,12.87,2574,2,卖盘
1705,10:57:18,12.88,75945,59,买盘
1706,10:57:21,12.87,33464,26,卖盘
1707,10:57:24,12.87,135063,105,买盘
1708,10:57:27,12.87,24446,19,买盘
1709,10:57:30,12.87,468468,364,买盘
1710,10:57:33,12.87,32175,25,卖盘
1711,10:57:36,12.86,83661,65,卖盘
1712,10:57:39,12.87,64360,50,中性盘
1713,10:57:42,12.87,113256,88,中性盘
1714,10:57:45,12.86,74593,58,卖盘
1715,10:57:48,12.87,30878,24,中性盘
1716,10:57:54,12.88,2576,2,买盘
1717,10:57:57,12.88,351117,273,买盘
1718,10:58:00,12.88,321969,250,买盘
1719,10:58:03,12.87,23174,18,卖盘
1720,10:58:06,12.87,145328,113,买盘
1721,10:58:09,12.87,5148,4,卖盘
1722,10:58:12,12.87,41184,32,卖盘
1723,10:58:15,12.87,32175,25,卖盘
1724,10:58:18,12.87,51490,40,买盘
1725,10:58:21,12.87,12870,10,中性盘
1726,10:58:24,12.86,28294,22,卖盘
1727,10:58:27,12.87,1287,1,买盘
1728,10:58:33,12.86,27026,21,卖盘
1729,10:58:36,12.87,20580,16,中性盘
1730,10:58:39,12.86,234227,182,卖盘
1731,10:58:42,12.87,141570,110,卖盘
1732,10:58:45,12.87,386100,300,卖盘
1733,10:58:54,12.86,181327,141,卖盘
1734,10:58:57,12.87,19305,15,买盘
1735,10:59:00,12.86,42438,33,卖盘
1736,10:59:09,12.86,84876,66,卖盘
1737,10:59:12,12.87,66924,52,买盘
1738,10:59:18,12.86,10288,8,卖盘
1739,10:59:21,12.86,6430,5,卖盘
1740,10:59:24,12.86,63050,49,买盘
1741,10:59:27,12.87,2574,2,买盘
1742,10:59:33,12.86,27006,21,卖盘
1743,10:59:36,12.86,145338,113,卖盘
1744,10:59:39,12.86,271372,211,卖盘
1745,10:59:42,12.86,70740,55,卖盘
1746,10:59:45,12.86,41152,32,卖盘
1747,10:59:48,12.86,3858,3,卖盘
1748,10:59:51,12.86,51440,40,卖盘
1749,10:59:54,12.86,65591,51,卖盘
1750,10:59:57,12.87,115760,90,买盘
1751,11:00:00,12.86,39875,31,卖盘
1752,11:00:03,12.86,145417,113,卖盘
1753,11:00:06,12.86,46313,36,卖盘
1754,11:00:09,12.87,10296,8,卖盘
1755,11:00:12,12.87,9010,7,买盘
1756,11:00:18,12.87,287184,223,卖盘
1757,11:00:21,12.88,27048,21,买盘
1758,11:00:24,12.88,20608,16,卖盘
1759,11:00:27,12.88,67026,52,卖盘
1760,11:00:30,12.88,63078,49,卖盘
1761,11:00:33,12.89,95312,74,买盘
1762,11:00:36,12.89,18046,14,买盘
1763,11:00:39,12.89,15468,12,买盘
1764,11:00:42,12.88,5152,4,卖盘
1765,11:00:45,12.9,14181,11,买盘
1766,11:00:48,12.9,38700,30,买盘
1767,11:00:51,12.9,67080,52,买盘
1768,11:00:57,12.9,2581,2,卖盘
1769,11:01:00,12.9,110965,86,卖盘
1770,11:01:03,12.9,184581,143,卖盘
1771,11:01:06,12.9,109675,85,卖盘
1772,11:01:09,12.9,203820,158,卖盘
1773,11:01:15,12.9,19350,15,买盘
1774,11:01:18,12.9,7740,6,买盘
1775,11:01:21,12.9,65753,51,买盘
1776,11:01:24,12.89,140502,109,卖盘
1777,11:01:27,12.88,3864,3,卖盘
1778,11:01:30,12.89,42537,33,买盘
1779,11:01:33,12.88,41216,32,卖盘
1780,11:01:36,12.88,110768,86,卖盘
1781,11:01:39,12.89,5156,4,买盘
1782,11:01:45,12.88,96610,75,卖盘
1783,11:01:48,12.89,11596,9,买盘
1784,11:01:54,12.88,3864,3,卖盘
1785,11:01:57,12.89,32225,25,买盘
1786,11:02:00,12.89,2577,2,买盘
1787,11:02:03,12.88,15458,12,卖盘
1788,11:02:06,12.91,234775,182,买盘
1789,11:02:09,12.88,16745,13,卖盘
1790,11:02:12,12.9,2580,2,中性盘
1791,11:02:15,12.9,1290,1,卖盘
1792,11:02:18,12.9,12900,10,卖盘
1793,11:02:21,12.92,30985,24,买盘
1794,11:02:24,12.91,5164,4,中性盘
1795,11:02:27,12.9,286692,222,卖盘
1796,11:02:30,12.91,9037,7,买盘
1797,11:02:33,12.91,2582,2,买盘
1798,11:02:39,12.92,6460,5,买盘
1799,11:02:42,12.91,2582,2,卖盘
1800,11:02:45,12.92,19366,15,买盘
1801,11:02:48,12.91,50379,39,卖盘
1802,11:02:51,12.91,19372,15,卖盘
1803,11:02:54,12.92,117560,91,买盘
1804,11:02:57,12.92,611116,473,买盘
1805,11:03:00,12.92,7752,6,卖盘
1806,11:03:03,12.91,1291,1,卖盘
1807,11:03:06,12.93,18102,14,买盘
1808,11:03:09,12.92,12920,10,卖盘
1809,11:03:12,12.92,16797,13,卖盘
1810,11:03:15,12.93,56892,44,买盘
1811,11:03:18,12.94,165632,128,买盘
1812,11:03:21,12.94,6470,5,卖盘
1813,11:03:24,12.95,10360,8,买盘
1814,11:03:27,12.95,12950,10,买盘
1815,11:03:30,12.95,23310,18,买盘
1816,11:03:36,12.95,135975,105,买盘
1817,11:03:39,12.95,16835,13,买盘
1818,11:03:45,12.95,445480,344,卖盘
1819,11:03:48,12.94,517609,400,卖盘
1820,11:03:51,12.94,2588,2,中性盘
1821,11:03:54,12.94,5176,4,买盘
1822,11:03:57,12.94,58230,45,买盘
1823,11:04:00,12.94,19410,15,卖盘
1824,11:04:03,12.94,192836,149,卖盘
1825,11:04:06,12.93,206933,160,卖盘
1826,11:04:09,12.94,156478,121,买盘
1827,11:04:12,12.94,54270,42,买盘
1828,11:04:15,12.94,38818,30,买盘
1829,11:04:18,12.93,80188,62,卖盘
1830,11:04:21,12.93,3879,3,卖盘
1831,11:04:27,12.93,74994,58,卖盘
1832,11:04:33,12.94,1294,1,买盘
1833,11:04:39,12.94,12940,10,买盘
1834,11:04:48,12.93,6465,5,卖盘
1835,11:04:57,12.93,67236,52,卖盘
1836,11:05:00,12.93,15516,12,卖盘
1837,11:05:03,12.94,86698,67,买盘
1838,11:05:09,12.94,41408,32,卖盘
1839,11:05:15,12.94,1294,1,买盘
1840,11:05:18,12.94,10352,8,买盘
1841,11:05:21,12.94,5176,4,买盘
1842,11:05:24,12.93,25860,20,卖盘
1843,11:05:27,12.93,107319,83,卖盘
1844,11:05:30,12.93,15516,12,买盘
1845,11:05:33,12.93,12930,10,买盘
1846,11:05:36,12.92,12920,10,卖盘
1847,11:05:39,12.92,23256,18,卖盘
1848,11:05:42,12.92,43928,34,卖盘
1849,11:05:45,12.92,68476,53,卖盘
1850,11:05:54,12.91,2582,2,卖盘
1851,11:06:00,12.91,121354,94,卖盘
1852,11:06:03,12.91,14201,11,卖盘
1853,11:06:06,12.91,37439,29,卖盘
1854,11:06:09,12.91,3873,3,卖盘
1855,11:06:12,12.91,32275,25,卖盘
1856,11:06:15,12.91,45185,35,卖盘
1857,11:06:18,12.92,12911,10,买盘
1858,11:06:21,12.92,16796,13,买盘
1859,11:06:24,12.92,40052,31,买盘
1860,11:06:27,12.92,25836,20,买盘
1861,11:06:30,12.92,6460,5,买盘
1862,11:06:33,12.91,29693,23,卖盘
1863,11:06:36,12.92,1292,1,买盘
1864,11:06:39,12.91,3873,3,卖盘
1865,11:06:45,12.91,132973,103,卖盘
1866,11:06:48,12.91,1291,1,卖盘
1867,11:06:51,12.91,10328,8,买盘
1868,11:07:00,12.9,25800,20,卖盘
1869,11:07:03,12.9,152220,118,卖盘
1870,11:07:06,12.9,7740,6,卖盘
1871,11:07:09,12.9,28380,22,卖盘
1872,11:07:12,12.9,14190,11,卖盘
1873,11:07:15,12.9,19350,15,卖盘
1874,11:07:18,12.9,73530,57,卖盘
1875,11:07:21,12.9,16779,13,卖盘
1876,11:07:24,12.91,27105,21,买盘
1877,11:07:27,12.91,25820,20,买盘
1878,11:07:30,12.91,15482,12,买盘
1879,11:07:39,12.9,7740,6,买盘
1880,11:07:42,12.89,15468,12,卖盘
1881,11:07:45,12.9,6450,5,买盘
1882,11:07:48,12.89,6445,5,卖盘
1883,11:07:51,12.9,9025,7,买盘
1884,11:07:54,12.91,207836,161,买盘
1885,11:07:57,12.91,6455,5,卖盘
1886,11:08:00,12.92,1292,1,买盘
1887,11:08:03,12.91,3873,3,卖盘
1888,11:08:06,12.91,12910,10,卖盘
1889,11:08:12,12.92,25840,20,买盘
1890,11:08:15,12.91,122645,95,卖盘
1891,11:08:21,12.91,2582,2,卖盘
1892,11:08:24,12.92,52972,41,买盘
1893,11:08:27,12.92,3876,3,买盘
1894,11:08:30,12.92,1292,1,买盘
1895,11:08:33,12.92,5168,4,买盘
1896,11:08:36,12.92,143400,111,买盘
1897,11:08:39,12.92,6460,5,买盘
1898,11:08:45,12.92,6460,5,买盘
1899,11:09:00,12.92,71060,55,买盘
1900,11:09:03,12.92,6460,5,买盘
1901,11:09:06,12.92,2584,2,买盘
1902,11:09:15,12.92,273904,212,买盘
1903,11:09:18,12.92,7752,6,卖盘
1904,11:09:21,12.92,10336,8,卖盘
1905,11:09:24,12.92,7752,6,卖盘
1906,11:09:27,12.92,29716,23,卖盘
1907,11:09:30,12.92,56848,44,卖盘
1908,11:09:33,12.92,46517,36,卖盘
1909,11:09:36,12.92,7752,6,买盘
1910,11:09:42,12.92,10336,8,卖盘
1911,11:09:45,12.92,2584,2,卖盘
1912,11:09:48,12.92,1292,1,卖盘
1913,11:09:51,12.92,38776,30,卖盘
1914,11:09:54,12.92,34884,27,卖盘
1915,11:09:57,12.91,2378022,1842,卖盘
1916,11:10:00,12.9,15480,12,卖盘
1917,11:10:03,12.91,327885,254,买盘
1918,11:10:06,12.91,20656,16,买盘
1919,11:10:09,12.9,1290,1,卖盘
1920,11:10:12,12.9,19350,15,卖盘
1921,11:10:15,12.9,18068,14,卖盘
1922,11:10:18,12.9,15481,12,卖盘
1923,11:10:21,12.9,7740,6,卖盘
1924,11:10:24,12.9,45150,35,卖盘
1925,11:10:27,12.9,67080,52,卖盘
1926,11:10:30,12.91,571469,443,买盘
1927,11:10:33,12.89,180460,140,卖盘
1928,11:10:36,12.88,6440,5,卖盘
1929,11:10:45,12.88,197064,153,卖盘
1930,11:10:48,12.88,16744,13,卖盘
1931,11:10:51,12.88,33488,26,卖盘
1932,11:10:54,12.87,64400,50,卖盘
1933,11:10:57,12.88,2576,2,买盘
1934,11:11:00,12.87,25740,20,卖盘
1935,11:11:03,12.88,9016,7,买盘
1936,11:11:06,12.88,2576,2,中性盘
1937,11:11:09,12.88,48914,38,买盘
1938,11:11:12,12.88,12880,10,买盘
1939,11:11:15,12.88,95312,74,买盘
1940,11:11:18,12.88,64400,50,卖盘
1941,11:11:21,12.88,110768,86,卖盘
1942,11:11:24,12.88,1288,1,买盘
1943,11:11:27,12.87,50193,39,卖盘
1944,11:11:42,12.87,23176,18,卖盘
1945,11:11:45,12.88,3862,3,买盘
1946,11:11:48,12.88,65647,51,买盘
1947,11:11:57,12.87,39927,31,卖盘
1948,11:12:00,12.87,175035,136,卖盘
1949,11:12:03,12.87,96525,75,卖盘
1950,11:12:06,12.87,1287,1,买盘
1951,11:12:12,12.86,12862,10,卖盘
1952,11:12:18,12.86,19290,15,卖盘
1953,11:12:21,12.86,43724,34,卖盘
1954,11:12:24,12.86,6430,5,卖盘
1955,11:12:27,12.86,69457,54,卖盘
1956,11:12:30,12.86,18008,14,卖盘
1957,11:12:33,12.86,115740,90,卖盘
1958,11:12:39,12.86,174996,136,卖盘
1959,11:12:45,12.86,36008,28,卖盘
1960,11:12:48,12.86,34722,27,卖盘
1961,11:12:51,12.86,3858,3,卖盘
1962,11:13:00,12.86,23158,18,卖盘
1963,11:13:03,12.87,48895,38,买盘
1964,11:13:06,12.86,25720,20,卖盘
1965,11:13:09,12.87,23165,18,买盘
1966,11:13:12,12.87,27027,21,买盘
1967,11:13:15,12.87,15444,12,买盘
1968,11:13:18,12.86,10293,8,卖盘
1969,11:13:21,12.86,45032,35,卖盘
1970,11:13:24,12.86,3860,3,卖盘
1971,11:13:27,12.86,37306,29,卖盘
1972,11:13:36,12.86,28292,22,卖盘
1973,11:13:45,12.87,193000,150,买盘
1974,11:13:48,12.86,6433,5,卖盘
1975,11:13:54,12.87,7722,6,卖盘
1976,11:13:57,12.87,2574,2,卖盘
1977,11:14:00,12.88,1288,1,买盘
1978,11:14:03,12.87,6435,5,卖盘
1979,11:14:06,12.88,6440,5,买盘
1980,11:14:09,12.88,11592,9,买盘
1981,11:14:12,12.87,74658,58,卖盘
1982,11:14:15,12.87,5148,4,卖盘
1983,11:14:21,12.87,15444,12,卖盘
1984,11:14:24,12.87,12873,10,卖盘
1985,11:14:27,12.88,50222,39,买盘
1986,11:14:30,12.87,102960,80,卖盘
1987,11:14:33,12.87,15444,12,卖盘
1988,11:14:36,12.87,3861,3,卖盘
1989,11:14:39,12.87,70785,55,卖盘
1990,11:14:42,12.87,64395,50,卖盘
1991,11:14:51,12.88,14168,11,买盘
1992,11:14:54,12.88,10304,8,买盘
1993,11:14:57,12.87,14167,11,卖盘
1994,11:15:00,12.87,131276,102,卖盘
1995,11:15:06,12.88,1288,1,买盘
1996,11:15:09,12.88,12880,10,买盘
1997,11:15:12,12.88,51520,40,买盘
1998,11:15:15,12.88,83720,65,买盘
1999,11:15:18,12.88,6440,5,买盘
2000,11:15:27,12.88,267904,208,买盘
2001,11:15:30,12.87,21886,17,卖盘
2002,11:15:33,12.88,5152,4,买盘
2003,11:15:36,12.88,25750,20,买盘
2004,11:15:39,12.87,5151,4,卖盘
2005,11:15:45,12.88,446936,347,买盘
2006,11:15:48,12.87,77260,60,卖盘
2007,11:15:51,12.87,64370,50,卖盘
2008,11:15:54,12.89,12890,10,买盘
2009,11:15:57,12.87,15454,12,卖盘
2010,11:16:00,12.89,3867,3,买盘
2011,11:16:03,12.89,3867,3,买盘
2012,11:16:06,12.89,1289,1,卖盘
2013,11:16:09,12.9,135450,105,买盘
2014,11:16:18,12.9,11618,9,卖盘
2015,11:16:21,12.91,10328,8,买盘
2016,11:16:24,12.91,9037,7,卖盘
2017,11:16:27,12.91,12910,10,卖盘
2018,11:16:30,12.92,41334,32,买盘
2019,11:16:33,12.92,96894,75,买盘
2020,11:16:36,12.92,74920,58,买盘
2021,11:16:39,12.91,5164,4,卖盘
2022,11:16:42,12.91,70997,55,卖盘
2023,11:16:45,12.91,7746,6,买盘
2024,11:16:48,12.91,1291,1,卖盘
2025,11:16:57,12.92,3876,3,买盘
2026,11:17:00,12.9,29671,23,卖盘
2027,11:17:03,12.89,69627,54,卖盘
2028,11:17:12,12.9,3870,3,买盘
2029,11:17:21,12.89,1289,1,卖盘
2030,11:17:24,12.9,25795,20,买盘
2031,11:17:27,12.89,25780,20,卖盘
2032,11:17:30,12.89,2578,2,卖盘
2033,11:17:33,12.9,21930,17,买盘
2034,11:17:36,12.89,1289,1,卖盘
2035,11:17:48,12.89,6445,5,卖盘
2036,11:17:51,12.89,28358,22,卖盘
2037,11:17:54,12.89,7734,6,卖盘
2038,11:18:00,12.9,3870,3,买盘
2039,11:18:03,12.89,1289,1,卖盘
2040,11:18:06,12.9,85090,66,买盘
2041,11:18:09,12.89,3867,3,卖盘
2042,11:18:15,12.9,2580,2,买盘
2043,11:18:18,12.9,14182,11,买盘
2044,11:18:21,12.9,1290,1,买盘
2045,11:18:27,12.9,18060,14,买盘
2046,11:18:30,12.9,399600,310,买盘
2047,11:18:33,12.89,86413,67,卖盘
2048,11:18:36,12.9,61920,48,买盘
2049,11:18:39,12.9,39990,31,买盘
2050,11:18:45,12.9,33536,26,买盘
2051,11:18:48,12.9,23220,18,买盘
2052,11:18:51,12.9,79980,62,买盘
2053,11:19:00,12.91,33550,26,买盘
2054,11:19:12,12.91,25820,20,买盘
2055,11:19:15,12.91,6455,5,买盘
2056,11:19:18,12.9,19357,15,卖盘
2057,11:19:21,12.91,322864,250,买盘
2058,11:19:27,12.91,67132,52,卖盘
2059,11:19:42,12.91,1291,1,买盘
2060,11:19:51,12.91,1291,1,买盘
2061,11:19:54,12.91,3872,3,买盘
2062,11:19:57,12.91,3873,3,买盘
2063,11:20:00,12.9,1290,1,卖盘
2064,11:20:03,12.9,7740,6,卖盘
2065,11:20:06,12.9,21930,17,卖盘
2066,11:20:12,12.9,3870,3,卖盘
2067,11:20:18,12.9,14190,11,卖盘
2068,11:20:21,12.9,1290,1,卖盘
2069,11:20:24,12.91,37435,29,买盘
2070,11:20:27,12.9,6450,5,卖盘
2071,11:20:33,12.9,77400,60,卖盘
2072,11:20:36,12.9,16780,13,卖盘
2073,11:20:39,12.91,37438,29,买盘
2074,11:20:42,12.9,6450,5,卖盘
2075,11:20:45,12.9,9031,7,卖盘
2076,11:20:48,12.9,3871,3,卖盘
2077,11:20:51,12.91,18074,14,买盘
2078,11:21:00,12.91,56804,44,买盘
2079,11:21:03,12.92,74929,58,买盘
2080,11:21:09,12.91,174285,135,卖盘
2081,11:21:15,12.9,256710,199,卖盘
2082,11:21:18,12.9,36120,28,卖盘
2083,11:21:24,12.9,6450,5,买盘
2084,11:21:27,12.9,6450,5,买盘
2085,11:21:30,12.89,1289,1,卖盘
2086,11:21:33,12.9,6450,5,买盘
2087,11:21:36,12.9,50310,39,买盘
2088,11:21:42,12.9,7740,6,买盘
2089,11:21:45,12.89,6445,5,卖盘
2090,11:21:57,12.9,12900,10,买盘
2091,11:22:03,12.9,46420,36,买盘
2092,11:22:06,12.9,18060,14,买盘
2093,11:22:09,12.9,158654,123,买盘
2094,11:22:12,12.9,170276,132,买盘
2095,11:22:18,12.91,94203,73,买盘
2096,11:22:21,12.9,1290,1,卖盘
2097,11:22:27,12.9,390773,303,卖盘
2098,11:22:30,12.91,10328,8,买盘
2099,11:22:33,12.9,5160,4,卖盘
2100,11:22:42,12.9,10321,8,卖盘
2101,11:22:54,12.9,3870,3,卖盘
2102,11:22:57,12.91,118719,92,买盘
2103,11:23:03,12.91,6452,5,买盘
2104,11:23:06,12.91,596442,462,买盘
2105,11:23:09,12.92,3875,3,买盘
2106,11:23:12,12.94,932198,721,买盘
2107,11:23:15,12.94,9058,7,买盘
2108,11:23:18,12.96,335372,259,买盘
2109,11:23:21,12.96,3888,3,卖盘
2110,11:23:27,12.99,778566,600,买盘
2111,11:23:30,12.98,340304,262,卖盘
2112,11:23:36,12.97,1923638,1482,卖盘
2113,11:23:39,12.96,14256,11,卖盘
2114,11:23:42,12.98,481558,371,买盘
2115,11:23:45,12.98,38940,30,卖盘
2116,11:23:48,12.98,616564,475,卖盘
2117,11:23:51,12.98,102528,79,买盘
2118,11:23:54,12.96,50544,39,卖盘
2119,11:23:57,12.96,53136,41,卖盘
2120,11:24:00,12.98,73947,57,买盘
2121,11:24:03,12.98,41536,32,买盘
2122,11:24:06,12.96,79056,61,卖盘
2123,11:24:09,12.96,44057,34,买盘
2124,11:24:12,12.95,41445,32,卖盘
2125,11:24:21,12.95,23310,18,卖盘
2126,11:24:24,12.95,125759,97,卖盘
2127,11:24:27,12.96,73942,57,中性盘
2128,11:24:33,12.98,127138,98,买盘
2129,11:24:36,12.96,15552,12,卖盘
2130,11:24:42,12.96,14256,11,买盘
2131,11:24:45,12.96,1296,1,卖盘
2132,11:24:48,12.96,51840,40,卖盘
2133,11:24:51,12.97,2593,2,买盘
2134,11:24:57,12.96,9072,7,卖盘
2135,11:25:00,12.96,25920,20,卖盘
2136,11:25:03,12.96,19440,15,卖盘
2137,11:25:06,12.96,3888,3,卖盘
2138,11:25:09,12.96,209994,162,卖盘
2139,11:25:15,12.97,147761,114,买盘
2140,11:25:18,12.96,31104,24,买盘
2141,11:25:21,12.96,2592,2,买盘
2142,11:25:24,12.95,27210,21,卖盘
2143,11:25:27,12.96,80352,62,买盘
2144,11:25:30,12.97,33685,26,买盘
2145,11:25:39,12.95,28490,22,卖盘
2146,11:25:42,12.95,9065,7,卖盘
2147,11:25:45,12.95,7770,6,卖盘
2148,11:25:51,12.96,7776,6,买盘
2149,11:25:54,12.95,16838,13,卖盘
2150,11:26:00,12.95,2590,2,卖盘
2151,11:26:03,12.95,51800,40,卖盘
2152,11:26:06,12.95,6475,5,卖盘
2153,11:26:09,12.96,3886,3,买盘
2154,11:26:12,12.95,2590,2,卖盘
2155,11:26:18,12.95,23318,18,卖盘
2156,11:26:21,12.95,180005,139,卖盘
2157,11:26:24,12.95,260288,201,买盘
2158,11:26:27,12.95,93240,72,卖盘
2159,11:26:30,12.95,15540,12,卖盘
2160,11:26:36,12.95,75133,58,卖盘
2161,11:26:39,12.95,68635,53,卖盘
2162,11:26:45,12.95,32375,25,卖盘
2163,11:26:48,12.96,251424,194,买盘
2164,11:27:03,12.96,6478,5,买盘
2165,11:27:06,12.96,28494,22,买盘
2166,11:27:09,12.94,400060,309,卖盘
2167,11:27:15,12.94,19418,15,卖盘
2168,11:27:18,12.94,58230,45,卖盘
2169,11:27:21,12.94,11646,9,买盘
2170,11:27:27,12.94,29762,23,卖盘
2171,11:27:30,12.95,12950,10,买盘
2172,11:27:33,12.94,43996,34,卖盘
2173,11:27:45,12.93,28446,22,卖盘
2174,11:27:54,12.93,12930,10,卖盘
2175,11:27:57,12.93,142230,110,卖盘
2176,11:28:00,12.93,9051,7,卖盘
2177,11:28:09,12.93,599952,464,买盘
2178,11:28:12,12.93,59478,46,买盘
2179,11:28:18,12.92,218348,169,卖盘
2180,11:28:21,12.92,20680,16,卖盘
2181,11:28:24,12.93,7753,6,买盘
2182,11:28:27,12.93,82694,64,买盘
2183,11:28:30,12.93,120157,93,买盘
2184,11:28:39,12.92,377267,292,卖盘
2185,11:28:42,12.91,24542,19,卖盘
2186,11:28:51,12.91,1291,1,卖盘
2187,11:28:54,12.91,12910,10,卖盘
2188,11:28:57,12.91,281438,218,卖盘
2189,11:29:00,12.9,15481,12,卖盘
2190,11:29:06,12.9,61932,48,卖盘
2191,11:29:09,12.9,127710,99,卖盘
2192,11:29:12,12.9,105814,82,卖盘
2193,11:29:15,12.91,417990,324,中性盘
2194,11:29:18,12.9,9030,7,卖盘
2195,11:29:21,12.9,3870,3,卖盘
2196,11:29:24,12.92,1292,1,买盘
2197,11:29:30,12.9,5160,4,卖盘
2198,11:29:33,12.9,25800,20,卖盘
2199,11:29:48,12.91,1291,1,卖盘
2200,11:29:54,12.91,23238,18,卖盘
2201,13:00:00,12.91,630333,488,卖盘
2202,13:00:03,12.93,3160505,2435,买盘
2203,13:00:09,13.03,2647970,2034,买盘
2204,13:00:12,13.07,2802139,2147,买盘
2205,13:00:15,13.07,60122,46,买盘
2206,13:00:18,13.07,18298,14,买盘
2207,13:00:21,13.07,390793,299,买盘
2208,13:00:24,13.06,2117488,1620,卖盘
2209,13:00:27,13.13,4903573,3741,买盘
2210,13:00:30,13.14,596403,454,买盘
2211,13:00:33,13.14,140480,107,买盘
2212,13:00:36,13.13,297943,227,中性盘
2213,13:00:39,13.2,9758103,7419,买盘
2214,13:00:42,13.19,1684280,1276,卖盘
2215,13:00:45,13.2,329984,250,买盘
2216,13:00:48,13.19,1259520,955,卖盘
2217,13:00:51,13.17,220131,167,卖盘
2218,13:00:54,13.17,907290,688,卖盘
2219,13:00:57,13.17,64533,49,卖盘
2220,13:01:00,13.19,1281994,973,买盘
2221,13:01:03,13.19,838323,636,买盘
2222,13:01:06,13.17,379132,288,卖盘
2223,13:01:09,13.25,5428900,4111,买盘
2224,13:01:12,13.26,10428116,7849,买盘
2225,13:01:15,13.27,686048,517,中性盘
2226,13:01:18,13.26,3950417,2970,卖盘
2227,13:01:21,13.26,1899149,1434,买盘
2228,13:01:24,13.23,640125,483,卖盘
2229,13:01:27,13.23,459245,347,卖盘
2230,13:01:30,13.24,492142,372,买盘
2231,13:01:33,13.25,1849123,1396,买盘
2232,13:01:36,13.25,1255896,948,卖盘
2233,13:01:39,13.25,784788,593,卖盘
2234,13:01:42,13.25,539373,407,买盘
2235,13:01:45,13.22,544408,411,卖盘
2236,13:01:48,13.22,607694,459,卖盘
2237,13:01:51,13.23,235441,178,买盘
2238,13:01:54,13.24,283111,214,买盘
2239,13:01:57,13.23,363664,275,中性盘
2240,13:02:00,13.23,149526,113,买盘
2241,13:02:03,13.24,1462618,1105,买盘
2242,13:02:06,13.24,278002,210,买盘
2243,13:02:09,13.23,226308,171,卖盘
2244,13:02:12,13.23,470997,356,卖盘
2245,13:02:15,13.23,1123710,850,买盘
2246,13:02:18,13.2,505343,382,卖盘
2247,13:02:21,13.19,438158,332,卖盘
2248,13:02:24,13.17,320348,243,卖盘
2249,13:02:27,13.17,51368,39,卖盘
2250,13:02:30,13.17,227841,173,卖盘
2251,13:02:33,13.17,71067,54,买盘
2252,13:02:36,13.15,155337,118,卖盘
2253,13:02:39,13.15,110504,84,卖盘
2254,13:02:42,13.15,211807,161,卖盘
2255,13:02:45,13.15,293201,223,卖盘
2256,13:02:48,13.14,161727,123,卖盘
2257,13:02:51,13.14,7883,6,买盘
2258,13:02:54,13.14,157673,120,买盘
2259,13:02:57,13.13,135284,103,卖盘
2260,13:03:00,13.14,148420,113,买盘
2261,13:03:03,13.13,307513,234,卖盘
2262,13:03:06,13.14,72254,55,买盘
2263,13:03:09,13.14,152341,116,买盘
2264,13:03:12,13.14,166811,127,卖盘
2265,13:03:15,13.14,454531,346,卖盘
2266,13:03:18,13.14,134027,102,买盘
2267,13:03:21,13.14,70956,54,买盘
2268,13:03:24,13.14,302070,230,买盘
2269,13:03:27,13.14,15768,12,买盘
2270,13:03:30,13.14,191839,146,买盘
2271,13:03:33,13.14,369123,281,买盘
2272,13:03:36,13.14,80154,61,买盘
2273,13:03:39,13.15,333746,254,买盘
2274,13:03:42,13.14,190564,145,卖盘
2275,13:03:45,13.14,134048,102,卖盘
2276,13:03:48,13.14,324705,247,卖盘
2277,13:03:51,13.13,804213,612,卖盘
2278,13:03:54,13.14,413561,315,买盘
2279,13:03:57,13.13,34148,26,卖盘
2280,13:04:00,13.14,124822,95,买盘
2281,13:04:03,13.13,860481,656,中性盘
2282,13:04:06,13.1,175804,134,卖盘
2283,13:04:09,13.1,106243,81,卖盘
2284,13:04:12,13.11,31486,24,买盘
2285,13:04:15,13.12,231995,177,买盘
2286,13:04:18,13.12,85254,65,买盘
2287,13:04:21,13.12,245022,187,买盘
2288,13:04:24,13.12,44608,34,卖盘
2289,13:04:27,13.12,28864,22,卖盘
2290,13:04:30,13.12,38053,29,买盘
2291,13:04:33,13.12,98413,75,卖盘
2292,13:04:36,13.12,115456,88,卖盘
2293,13:04:39,13.12,39349,30,买盘
2294,13:04:42,13.12,14430,11,买盘
2295,13:04:45,13.12,342432,261,买盘
2296,13:04:48,13.12,64288,49,卖盘
2297,13:04:51,13.12,208608,159,卖盘
2298,13:04:54,13.12,205984,157,买盘
2299,13:04:57,13.11,166569,127,卖盘
2300,13:05:00,13.12,53788,41,买盘
2301,13:05:03,13.1,35385,27,卖盘
2302,13:05:06,13.11,43252,33,买盘
2303,13:05:09,13.1,723123,552,卖盘
2304,13:05:12,13.12,340755,260,买盘
2305,13:05:15,13.12,64243,49,买盘
2306,13:05:18,13.12,104953,80,买盘
2307,13:05:21,13.11,692212,528,卖盘
2308,13:05:24,13.11,103592,79,卖盘
2309,13:05:27,13.11,1508211,1151,卖盘
2310,13:05:33,13.09,73304,56,卖盘
2311,13:05:36,13.09,1309,1,买盘
2312,13:05:39,13.1,74623,57,买盘
2313,13:05:42,13.09,34016,26,买盘
2314,13:05:45,13.08,32714,25,卖盘
2315,13:05:48,13.08,22237,17,卖盘
2316,13:05:51,13.08,481346,368,卖盘
2317,13:05:54,13.08,45770,35,买盘
2318,13:05:57,13.07,73194,56,卖盘
2319,13:06:00,13.08,285139,218,买盘
2320,13:06:03,13.08,225076,172,卖盘
2321,13:06:06,13.08,258997,198,卖盘
2322,13:06:09,13.08,180588,138,卖盘
2323,13:06:12,13.09,58905,45,买盘
2324,13:06:15,13.1,27494,21,买盘
2325,13:06:18,13.09,18327,14,卖盘
2326,13:06:21,13.1,32747,25,买盘
2327,13:06:24,13.1,94283,72,卖盘
2328,13:06:27,13.1,216044,165,买盘
2329,13:06:30,13.1,480360,367,买盘
2330,13:06:33,13.08,78527,60,中性盘
2331,13:06:36,13.08,181788,139,买盘
2332,13:06:39,13.07,206616,158,卖盘
2333,13:06:42,13.08,53618,41,买盘
2334,13:06:45,13.07,112426,86,卖盘
2335,13:06:48,13.07,189654,145,中性盘
2336,13:06:51,13.08,200106,153,买盘
2337,13:06:54,13.08,22236,17,买盘
2338,13:06:57,13.08,1308,1,卖盘
2339,13:07:00,13.09,19625,15,买盘
2340,13:07:03,13.09,28796,22,买盘
2341,13:07:06,13.09,9163,7,买盘
2342,13:07:09,13.09,11781,9,买盘
2343,13:07:12,13.09,130900,100,卖盘
2344,13:07:15,13.09,208037,159,卖盘
2345,13:07:18,13.08,672100,514,卖盘
2346,13:07:21,13.09,351817,269,买盘
2347,13:07:24,13.06,103289,79,卖盘
2348,13:07:30,13.07,6535,5,中性盘
2349,13:07:33,13.09,73298,56,买盘
2350,13:07:36,13.09,18300,14,买盘
2351,13:07:42,13.08,77174,59,卖盘
2352,13:07:48,13.08,13080,10,买盘
2353,13:07:51,13.07,14386,11,卖盘
2354,13:07:54,13.08,31391,24,买盘
2355,13:07:57,13.07,130700,100,卖盘
2356,13:08:00,13.08,30081,23,买盘
2357,13:08:03,13.06,906650,694,卖盘
2358,13:08:06,13.05,142246,109,卖盘
2359,13:08:09,13.05,46980,36,卖盘
2360,13:08:12,13.05,92655,71,卖盘
2361,13:08:15,13.05,84825,65,卖盘
2362,13:08:18,13.05,151380,116,卖盘
2363,13:08:21,13.05,125280,96,卖盘
2364,13:08:24,13.04,26095,20,卖盘
2365,13:08:27,13.04,39126,30,卖盘
2366,13:08:33,13.04,52143,40,卖盘
2367,13:08:36,13.03,84710,65,卖盘
2368,13:08:39,13.03,29984,23,卖盘
2369,13:08:42,13.03,101663,78,卖盘
2370,13:08:45,13.03,15632,12,买盘
2371,13:08:48,13.03,2606,2,买盘
2372,13:08:51,13.02,40390,31,卖盘
2373,13:08:54,13.02,15631,12,卖盘
2374,13:08:57,13.02,27346,21,卖盘
2375,13:09:00,13.03,84670,65,买盘
2376,13:09:03,13.02,95060,73,卖盘
2377,13:09:06,13.03,49514,38,中性盘
2378,13:09:09,13.04,45595,35,买盘
2379,13:09:12,13.03,39090,30,卖盘
2380,13:09:15,13.03,69059,53,卖盘
2381,13:09:18,13.04,159043,122,买盘
2382,13:09:21,13.04,13040,10,买盘
2383,13:09:24,13.04,14344,11,买盘
2384,13:09:27,13.04,173314,133,买盘
2385,13:09:30,13.03,74323,57,卖盘
2386,13:09:33,13.03,284099,218,卖盘
2387,13:09:36,13.03,268418,206,中性盘
2388,13:09:39,13.03,16939,13,买盘
2389,13:09:42,13.03,110745,85,买盘
2390,13:09:45,13.03,130300,100,买盘
2391,13:09:48,13.03,241087,185,买盘
2392,13:09:51,13.03,19535,15,卖盘
2393,13:09:54,13.03,429712,330,买盘
2394,13:09:57,13.03,63826,49,买盘
2395,13:10:00,13.02,70308,54,中性盘
2396,13:10:03,13.01,141825,109,卖盘
2397,13:10:06,13.02,106764,82,买盘
2398,13:10:09,13.01,32530,25,卖盘
2399,13:10:15,13.01,39054,30,卖盘
2400,13:10:18,13.01,424146,326,卖盘
2401,13:10:21,13.01,92371,71,卖盘
2402,13:10:24,13.01,2602,2,买盘
2403,13:10:27,13.01,52030,40,买盘
2404,13:10:30,13.0,32500,25,卖盘
2405,13:10:33,13.01,24719,19,买盘
2406,13:10:36,13.01,31224,24,买盘
2407,13:10:39,13.01,28622,22,买盘
2408,13:10:42,13.0,560503,431,卖盘
2409,13:10:45,13.0,36402,28,卖盘
2410,13:10:48,13.0,657810,506,卖盘
2411,13:10:51,13.0,44200,34,买盘
2412,13:10:54,13.0,6500,5,买盘
2413,13:10:57,12.99,38970,30,卖盘
2414,13:11:00,13.0,65000,50,买盘
2415,13:11:03,13.0,213008,164,买盘
2416,13:11:06,12.99,46764,36,卖盘
2417,13:11:12,12.98,280401,216,卖盘
2418,13:11:15,12.99,71455,55,中性盘
2419,13:11:21,12.99,1299,1,卖盘
2420,13:11:24,12.99,20790,16,卖盘
2421,13:11:27,12.99,18186,14,卖盘
2422,13:11:30,13.0,28580,22,买盘
2423,13:11:33,13.0,58491,45,买盘
2424,13:11:36,13.0,16900,13,买盘
2425,13:11:39,13.0,124790,96,买盘
2426,13:11:42,12.99,315692,243,卖盘
2427,13:11:45,12.98,96125,74,卖盘
2428,13:11:48,12.98,19471,15,卖盘
2429,13:11:51,12.99,16887,13,买盘
2430,13:11:54,12.99,10386,8,买盘
2431,13:11:57,12.99,105150,81,买盘
2432,13:12:00,12.99,202617,156,买盘
2433,13:12:03,12.98,179133,138,卖盘
2434,13:12:06,12.99,109102,84,买盘
2435,13:12:12,12.98,25970,20,卖盘
2436,13:12:15,12.98,5193,4,卖盘
2437,13:12:18,12.99,22083,17,买盘
2438,13:12:21,12.99,16887,13,买盘
2439,13:12:24,12.98,35055,27,卖盘
2440,13:12:27,12.99,28578,22,买盘
2441,13:12:30,12.98,57136,44,卖盘
2442,13:12:33,12.99,66246,51,买盘
2443,13:12:36,12.99,6495,5,买盘
2444,13:12:39,12.99,40269,31,买盘
2445,13:12:42,12.99,81787,63,买盘
2446,13:12:45,12.99,57156,44,买盘
2447,13:12:48,12.99,50661,39,买盘
2448,13:12:51,12.99,119507,92,买盘
2449,13:12:54,12.99,113013,87,买盘
2450,13:12:57,12.98,321908,248,卖盘
2451,13:13:00,12.98,471044,363,卖盘
2452,13:13:03,12.96,423830,327,卖盘
2453,13:13:06,12.97,64850,50,买盘
2454,13:13:09,12.96,34992,27,卖盘
2455,13:13:12,12.96,2592,2,买盘
2456,13:13:15,12.96,46656,36,买盘
2457,13:13:18,12.96,9072,7,买盘
2458,13:13:21,12.96,23328,18,买盘
2459,13:13:24,12.96,12960,10,卖盘
2460,13:13:27,12.96,6480,5,卖盘
2461,13:13:30,12.96,25920,20,卖盘
2462,13:13:33,12.97,12970,10,买盘
2463,13:13:36,12.97,6485,5,买盘
2464,13:13:39,12.97,85578,66,买盘
2465,13:13:42,12.97,18151,14,买盘
2466,13:13:45,12.97,9079,7,买盘
2467,13:13:51,12.98,3894,3,买盘
2468,13:13:57,12.97,18169,14,卖盘
2469,13:14:00,12.97,221789,171,卖盘
2470,13:14:03,12.97,207429,160,中性盘
2471,13:14:06,12.97,58365,45,中性盘
2472,13:14:09,12.97,14267,11,中性盘
2473,13:14:12,12.98,14268,11,买盘
2474,13:14:15,12.97,80414,62,卖盘
2475,13:14:18,12.97,9079,7,卖盘
2476,13:14:21,12.98,36344,28,买盘
2477,13:14:24,12.97,5188,4,卖盘
2478,13:14:27,12.98,6490,5,买盘
2479,13:14:30,12.98,128452,99,买盘
2480,13:14:33,12.98,12980,10,买盘
2481,13:14:36,12.98,31152,24,买盘
2482,13:14:39,12.98,124608,96,买盘
2483,13:14:42,12.98,62271,48,买盘
2484,13:14:45,12.98,141424,109,买盘
2485,13:14:48,12.98,46728,36,买盘
2486,13:14:51,12.98,3894,3,卖盘
2487,13:14:54,12.98,314116,242,卖盘
2488,13:14:57,12.98,11682,9,卖盘
2489,13:15:00,12.97,20761,16,卖盘
2490,13:15:03,12.94,3073735,2370,卖盘
2491,13:15:06,12.98,1571111,1210,买盘
2492,13:15:12,12.98,5192,4,买盘
2493,13:15:15,12.98,2596,2,买盘
2494,13:15:18,12.96,19441,15,中性盘
2495,13:15:24,12.96,44064,34,中性盘
2496,13:15:27,12.97,160821,124,买盘
2497,13:15:30,12.97,1297,1,买盘
2498,13:15:33,12.97,51880,40,买盘
2499,13:15:39,12.97,12970,10,买盘
2500,13:15:42,12.97,189350,146,买盘
2501,13:15:45,12.96,117966,91,卖盘
2502,13:15:48,12.97,19455,15,买盘
2503,13:15:51,12.96,38880,30,卖盘
2504,13:15:54,12.96,66132,51,卖盘
2505,13:15:57,12.96,16854,13,卖盘
2506,13:16:00,12.96,76493,59,卖盘
2507,13:16:03,12.96,51850,40,卖盘
2508,13:16:06,12.97,1297,1,买盘
2509,13:16:09,12.97,136085,105,买盘
2510,13:16:12,12.97,19455,15,买盘
2511,13:16:15,12.97,151749,117,买盘
2512,13:16:18,12.97,63553,49,买盘
2513,13:16:21,12.96,67414,52,卖盘
2514,13:16:24,12.96,130930,101,卖盘
2515,13:16:27,12.97,892977,689,买盘
2516,13:16:30,12.96,364181,281,卖盘
2517,13:16:33,12.96,14256,11,买盘
2518,13:16:36,12.96,1296,1,买盘
2519,13:16:39,12.95,659113,509,卖盘
2520,13:16:42,12.95,38850,30,买盘
2521,13:16:45,12.95,33670,26,买盘
2522,13:16:48,12.95,143745,111,买盘
2523,13:16:51,12.95,59562,46,买盘
2524,13:16:54,12.95,157915,122,买盘
2525,13:16:57,12.95,38850,30,买盘
2526,13:17:03,12.94,25880,20,卖盘
2527,13:17:09,12.95,32370,25,买盘
2528,13:17:15,12.94,163090,126,卖盘
2529,13:17:18,12.95,12950,10,买盘
2530,13:17:21,12.95,139860,108,买盘
2531,13:17:24,12.95,1295,1,卖盘
2532,13:17:27,12.95,6475,5,卖盘
2533,13:17:30,12.96,15542,12,买盘
2534,13:17:33,12.96,10368,8,买盘
2535,13:17:36,12.96,62208,48,买盘
2536,13:17:39,12.96,2592,2,买盘
2537,13:17:42,12.95,80351,62,卖盘
2538,13:17:45,12.96,60912,47,卖盘
2539,13:17:48,12.96,103680,80,卖盘
2540,13:17:51,12.98,112893,87,买盘
2541,13:17:54,12.97,25940,20,买盘
2542,13:17:57,12.97,25940,20,买盘
2543,13:18:00,12.97,10376,8,买盘
2544,13:18:03,12.97,243725,188,卖盘
2545,13:18:06,12.97,3891,3,买盘
2546,13:18:09,12.97,33722,26,买盘
2547,13:18:12,12.97,15557,12,买盘
2548,13:18:15,12.97,50583,39,买盘
2549,13:18:18,12.96,195720,151,卖盘
2550,13:18:21,12.96,15552,12,买盘
2551,13:18:24,12.96,15552,12,买盘
2552,13:18:27,12.96,41472,32,买盘
2553,13:18:30,12.96,7776,6,买盘
2554,13:18:33,12.96,1296,1,卖盘
2555,13:18:36,12.96,80352,62,卖盘
2556,13:18:39,12.96,9072,7,卖盘
2557,13:18:42,12.97,40207,31,买盘
2558,13:18:48,12.97,1297,1,卖盘
2559,13:18:51,12.98,15576,12,买盘
2560,13:18:54,12.97,675937,521,卖盘
2561,13:18:57,12.98,81716,63,买盘
2562,13:19:00,12.96,64826,50,卖盘
2563,13:19:03,12.98,249006,192,买盘
2564,13:19:06,12.97,6485,5,中性盘
2565,13:19:09,12.97,19455,15,卖盘
2566,13:19:12,12.97,44095,34,买盘
2567,13:19:15,12.97,18169,14,卖盘
2568,13:19:18,12.97,18159,14,卖盘
2569,13:19:21,12.98,154461,119,买盘
2570,13:19:24,12.98,37642,29,卖盘
2571,13:19:27,12.98,12980,10,卖盘
2572,13:19:30,12.99,16887,13,买盘
2573,13:19:36,12.98,45443,35,卖盘
2574,13:19:39,12.99,1299,1,买盘
2575,13:19:42,12.99,85734,66,买盘
2576,13:19:45,12.99,266648,205,买盘
2577,13:19:48,12.99,10392,8,卖盘
2578,13:19:51,12.98,129872,100,卖盘
2579,13:19:54,12.98,583745,450,卖盘
2580,13:19:57,12.98,179201,138,买盘
2581,13:20:00,12.98,293565,226,买盘
2582,13:20:03,12.97,278970,215,卖盘
2583,13:20:06,12.97,5189,4,卖盘
2584,13:20:09,12.97,297467,229,卖盘
2585,13:20:12,12.99,101322,78,买盘
2586,13:20:15,12.99,10392,8,卖盘
2587,13:20:18,12.99,75365,58,卖盘
2588,13:20:21,12.99,62339,48,卖盘
2589,13:20:24,12.99,12989,10,买盘
2590,13:20:27,12.98,107770,83,卖盘
2591,13:20:30,12.99,2597,2,买盘
2592,13:20:33,12.99,129879,100,买盘
2593,13:20:36,12.99,27275,21,买盘
2594,13:20:39,12.99,44166,34,买盘
2595,13:20:42,12.98,38960,30,卖盘
2596,13:20:45,12.98,2596,2,卖盘
2597,13:20:48,12.99,185757,143,买盘
2598,13:20:51,12.99,1299,1,中性盘
2599,13:20:54,12.99,18188,14,中性盘
2600,13:20:57,12.99,12990,10,中性盘
2601,13:21:00,12.99,16887,13,中性盘
2602,13:21:03,12.98,57112,44,卖盘
2603,13:21:06,12.98,38960,30,卖盘
2604,13:21:09,12.99,10392,8,买盘
2605,13:21:12,12.98,9091,7,卖盘
2606,13:21:15,12.99,28578,22,买盘
2607,13:21:21,12.98,460723,355,卖盘
2608,13:21:24,12.98,149270,115,买盘
2609,13:21:27,12.98,183028,141,买盘
2610,13:21:30,12.98,3894,3,卖盘
2611,13:21:36,12.99,37647,29,买盘
2612,13:21:39,12.97,1422948,1097,卖盘
2613,13:21:45,12.96,158224,122,卖盘
2614,13:21:48,12.96,58335,45,卖盘
2615,13:21:51,12.96,32400,25,卖盘
2616,13:21:54,12.96,169758,131,买盘
2617,13:21:57,12.96,155490,120,买盘
2618,13:22:00,12.96,510750,394,买盘
2619,13:22:03,12.95,120503,93,卖盘
2620,13:22:06,12.96,14256,11,中性盘
2621,13:22:09,12.96,5184,4,卖盘
2622,13:22:12,12.96,32400,25,买盘
2623,13:22:18,12.96,12960,10,买盘
2624,13:22:24,12.96,22032,17,卖盘
2625,13:22:27,12.96,47952,37,卖盘
2626,13:22:30,12.96,47952,37,卖盘
2627,13:22:33,12.96,32402,25,卖盘
2628,13:22:36,12.96,10368,8,卖盘
2629,13:22:39,12.96,7776,6,卖盘
2630,13:22:42,12.96,9072,7,卖盘
2631,13:22:45,12.97,119253,92,买盘
2632,13:22:48,12.97,47988,37,买盘
2633,13:22:51,12.96,20736,16,卖盘
2634,13:22:54,12.97,22045,17,买盘
2635,13:23:03,12.97,198289,153,买盘
2636,13:23:06,12.96,72576,56,卖盘
2637,13:23:09,12.97,20752,16,买盘
2638,13:23:12,12.96,6480,5,卖盘
2639,13:23:18,12.97,79117,61,买盘
2640,13:23:21,12.96,11666,9,卖盘
2641,13:23:27,12.97,27237,21,买盘
2642,13:23:36,12.97,22049,17,买盘
2643,13:23:39,12.97,2594,2,买盘
2644,13:23:42,12.97,3891,3,买盘
2645,13:23:45,12.97,42801,33,买盘
2646,13:23:48,12.97,6485,5,买盘
2647,13:23:51,12.97,7782,6,买盘
2648,13:23:54,12.96,3888,3,卖盘
2649,13:23:57,12.97,9079,7,买盘
2650,13:24:03,12.95,741285,572,卖盘
2651,13:24:06,12.96,41462,32,买盘
2652,13:24:15,12.96,77759,60,买盘
2653,13:24:18,12.95,565997,437,卖盘
2654,13:24:21,12.96,6480,5,买盘
2655,13:24:24,12.95,211173,163,卖盘
2656,13:24:27,12.95,205905,159,卖盘
2657,13:24:30,12.95,194250,150,卖盘
2658,13:24:33,12.95,5180,4,卖盘
2659,13:24:36,12.95,41440,32,卖盘
2660,13:24:39,12.95,60865,47,卖盘
2661,13:24:42,12.95,543520,420,卖盘
2662,13:24:48,12.95,10360,8,买盘
2663,13:24:51,12.95,5180,4,买盘
2664,13:24:57,12.95,20710,16,买盘
2665,13:25:00,12.94,82816,64,卖盘
2666,13:25:03,12.93,183792,142,卖盘
2667,13:25:09,12.9,3298176,2554,卖盘
2668,13:25:12,12.92,80098,62,买盘
2669,13:25:15,12.92,43928,34,卖盘
2670,13:25:18,12.92,5168,4,卖盘
2671,13:25:21,12.93,12930,10,买盘
2672,13:25:24,12.93,14223,11,买盘
2673,13:25:27,12.92,2584,2,卖盘
2674,13:25:30,12.92,38760,30,卖盘
2675,13:25:33,12.93,55599,43,买盘
2676,13:25:36,12.92,7752,6,卖盘
2677,13:25:42,12.93,2586,2,买盘
2678,13:25:45,12.93,543942,421,卖盘
2679,13:25:54,12.93,94389,73,卖盘
2680,13:25:57,12.93,7758,6,卖盘
2681,13:26:00,12.93,34911,27,买盘
2682,13:26:03,12.92,104678,81,卖盘
2683,13:26:06,12.93,12930,10,买盘
2684,13:26:09,12.92,169289,131,卖盘
2685,13:26:12,12.92,28424,22,卖盘
2686,13:26:15,12.93,41347,32,买盘
2687,13:26:18,12.93,1293,1,买盘
2688,13:26:21,12.93,95647,74,买盘
2689,13:26:24,12.93,20688,16,卖盘
2690,13:26:27,12.94,1294,1,买盘
2691,13:26:30,12.94,9053,7,买盘
2692,13:26:33,12.93,20688,16,卖盘
2693,13:26:36,12.93,75004,58,卖盘
2694,13:26:39,12.93,21981,17,卖盘
2695,13:26:42,12.93,82752,64,买盘
2696,13:26:45,12.93,268944,208,买盘
2697,13:26:48,12.92,80131,62,卖盘
2698,13:26:51,12.93,10344,8,中性盘
2699,13:27:00,12.94,34931,27,买盘
2700,13:27:03,12.93,32344,25,卖盘
2701,13:27:06,12.94,40114,31,买盘
2702,13:27:09,12.94,47878,37,买盘
2703,13:27:12,12.94,113872,88,买盘
2704,13:27:18,12.94,2588,2,卖盘
2705,13:27:21,12.94,10354,8,卖盘
2706,13:27:24,12.94,2588,2,卖盘
2707,13:27:27,12.94,7764,6,卖盘
2708,13:27:30,12.94,11646,9,卖盘
2709,13:27:45,12.94,371360,287,卖盘
2710,13:27:48,12.94,21998,17,买盘
2711,13:27:54,12.94,15528,12,买盘
2712,13:27:57,12.93,89218,69,卖盘
2713,13:28:00,12.94,6469,5,买盘
2714,13:28:03,12.93,9051,7,卖盘
2715,13:28:06,12.93,19405,15,卖盘
2716,13:28:15,12.94,76346,59,买盘
2717,13:28:18,12.94,6470,5,卖盘
2718,13:28:21,12.94,1294,1,卖盘
2719,13:28:24,12.95,1295,1,买盘
2720,13:28:27,12.94,2589,2,卖盘
2721,13:28:30,12.94,28488,22,卖盘
2722,13:28:33,12.95,38850,30,买盘
2723,13:28:36,12.94,2588,2,卖盘
2724,13:28:39,12.95,9063,7,买盘
2725,13:28:42,12.95,9065,7,买盘
2726,13:28:45,12.95,290079,224,买盘
2727,13:28:48,12.96,1296,1,买盘
2728,13:28:54,12.96,134694,104,买盘
2729,13:28:57,12.95,51800,40,卖盘
2730,13:29:03,12.96,348258,269,买盘
2731,13:29:06,12.96,63497,49,买盘
2732,13:29:09,12.96,22022,17,买盘
2733,13:29:12,12.95,2590,2,卖盘
2734,13:29:15,12.96,22032,17,买盘
2735,13:29:21,12.96,23328,18,买盘
2736,13:29:24,12.95,1295,1,卖盘
2737,13:29:27,12.96,6480,5,买盘
2738,13:29:30,12.96,12960,10,买盘
2739,13:29:33,12.95,1295,1,卖盘
2740,13:29:36,12.96,129600,100,买盘
2741,13:29:39,12.96,1296,1,买盘
2742,13:29:42,12.95,95832,74,卖盘
2743,13:29:45,12.96,54430,42,买盘
2744,13:29:48,12.96,71280,55,买盘
2745,13:29:51,12.95,1410210,1089,卖盘
2746,13:29:54,12.95,3885,3,买盘
2747,13:29:57,12.95,27193,21,买盘
2748,13:30:00,12.94,10355,8,卖盘
2749,13:30:03,12.94,380436,294,卖盘
2750,13:30:06,12.94,66044,51,卖盘
2751,13:30:09,12.95,14245,11,买盘
2752,13:30:15,12.95,2590,2,买盘
2753,13:30:21,12.94,64702,50,卖盘
2754,13:30:24,12.94,86731,67,卖盘
2755,13:30:27,12.95,22000,17,买盘
2756,13:30:30,12.94,18126,14,卖盘
2757,13:30:33,12.94,3882,3,卖盘
2758,13:30:36,12.94,12946,10,卖盘
2759,13:30:42,12.94,41428,32,卖盘
2760,13:30:45,12.94,29768,23,卖盘
2761,13:30:48,12.95,15540,12,买盘
2762,13:30:51,12.95,14245,11,买盘
2763,13:30:54,12.94,65994,51,卖盘
2764,13:30:57,12.95,163130,126,买盘
2765,13:31:00,12.95,112665,87,买盘
2766,13:31:03,12.95,27195,21,买盘
2767,13:31:09,12.95,2590,2,卖盘
2768,13:31:12,12.96,92029,71,买盘
2769,13:31:15,12.97,2594,2,买盘
2770,13:31:18,12.96,10371,8,卖盘
2771,13:31:21,12.96,1296,1,卖盘
2772,13:31:24,12.96,27227,21,卖盘
2773,13:31:27,12.97,6485,5,买盘
2774,13:31:30,12.97,27237,21,买盘
2775,13:31:33,12.98,42803,33,买盘
2776,13:31:36,12.98,2596,2,买盘
2777,13:31:39,12.98,20760,16,买盘
2778,13:31:42,12.98,12980,10,买盘
2779,13:31:45,12.98,6490,5,买盘
2780,13:31:48,12.97,1297,1,卖盘
2781,13:31:51,12.98,66189,51,买盘
2782,13:31:54,12.98,5192,4,买盘
2783,13:31:57,12.97,319072,246,卖盘
2784,13:32:00,12.96,276079,213,卖盘
2785,13:32:03,12.97,44113,34,中性盘
2786,13:32:09,12.97,54486,42,卖盘
2787,13:32:12,12.98,57099,44,买盘
2788,13:32:15,12.97,7782,6,卖盘
2789,13:32:18,12.98,24649,19,买盘
2790,13:32:21,12.97,23346,18,卖盘
2791,13:32:24,12.96,3888,3,卖盘
2792,13:32:27,12.97,2594,2,买盘
2793,13:32:33,12.97,15564,12,买盘
2794,13:32:36,12.97,86897,67,买盘
2795,13:32:39,12.97,3891,3,买盘
2796,13:32:42,12.97,32402,25,买盘
2797,13:32:45,12.96,19440,15,卖盘
2798,13:32:48,12.97,49285,38,买盘
2799,13:32:51,12.97,25940,20,买盘
2800,13:32:54,12.97,1297,1,买盘
2801,13:32:57,12.96,44094,34,卖盘
2802,13:33:00,12.97,55771,43,买盘
2803,13:33:03,12.96,67409,52,卖盘
2804,13:33:06,12.98,38940,30,买盘
2805,13:33:09,12.98,37624,29,买盘
2806,13:33:12,12.98,80448,62,买盘
2807,13:33:15,12.98,24658,19,买盘
2808,13:33:18,12.97,23346,18,卖盘
2809,13:33:21,12.97,10376,8,卖盘
2810,13:33:24,12.97,130997,101,买盘
2811,13:33:27,12.97,42801,33,中性盘
2812,13:33:30,12.97,6485,5,中性盘
2813,13:33:33,12.97,33722,26,卖盘
2814,13:33:36,12.97,32425,25,卖盘
2815,13:33:39,12.97,16861,13,卖盘
2816,13:33:42,12.97,3891,3,卖盘
2817,13:33:45,12.98,19465,15,买盘
2818,13:33:48,12.97,32425,25,卖盘
2819,13:33:51,12.98,32436,25,买盘
2820,13:33:54,12.97,55766,43,卖盘
2821,13:33:57,12.97,251499,194,买盘
2822,13:34:00,12.97,10376,8,卖盘
2823,13:34:03,12.96,14256,11,卖盘
2824,13:34:06,12.97,254074,196,买盘
2825,13:34:09,12.96,6482,5,卖盘
2826,13:34:12,12.96,11666,9,卖盘
2827,13:34:15,12.96,81669,63,卖盘
2828,13:34:18,12.96,1283,1,卖盘
2829,13:34:21,12.96,349717,270,买盘
2830,13:34:24,12.94,195566,151,卖盘
2831,13:34:27,12.95,185051,143,买盘
2832,13:34:30,12.94,94462,73,卖盘
2833,13:34:33,12.94,51760,40,卖盘
2834,13:34:36,12.94,51761,40,卖盘
2835,13:34:39,12.94,183624,142,买盘
2836,13:34:42,12.94,16822,13,买盘
2837,13:34:45,12.93,1293,1,卖盘
2838,13:34:48,12.93,227694,176,卖盘
2839,13:34:51,12.94,3882,3,买盘
2840,13:34:57,12.93,439647,340,卖盘
2841,13:35:00,12.93,112491,87,卖盘
2842,13:35:03,12.93,46558,36,卖盘
2843,13:35:06,12.93,15516,12,卖盘
2844,13:35:09,12.93,49134,38,卖盘
2845,13:35:12,12.94,1294,1,买盘
2846,13:35:15,12.93,2586,2,卖盘
2847,13:35:21,12.94,67288,52,买盘
2848,13:35:24,12.94,7764,6,卖盘
2849,13:35:33,12.95,104820,81,买盘
2850,13:35:36,12.95,54369,42,买盘
2851,13:35:39,12.95,25894,20,买盘
2852,13:35:42,12.94,6470,5,买盘
2853,13:35:45,12.94,20704,16,买盘
2854,13:35:48,12.93,3879,3,卖盘
2855,13:35:54,12.94,91808,71,买盘
2856,13:35:57,12.94,40093,31,买盘
2857,13:36:03,12.93,9051,7,卖盘
2858,13:36:06,12.94,53034,41,买盘
2859,13:36:09,12.94,12940,10,买盘
2860,13:36:12,12.93,1293,1,卖盘
2861,13:36:15,12.94,46584,36,买盘
2862,13:36:18,12.94,142340,110,买盘
2863,13:36:24,12.94,9058,7,卖盘
2864,13:36:27,12.94,12940,10,卖盘
2865,13:36:30,12.94,36232,28,卖盘
2866,13:36:33,12.94,6470,5,买盘
2867,13:36:36,12.93,3879,3,卖盘
2868,13:36:39,12.94,18116,14,买盘
2869,13:36:42,12.93,11645,9,卖盘
2870,13:36:45,12.93,55605,43,卖盘
2871,13:36:48,12.94,51760,40,买盘
2872,13:36:51,12.93,46548,36,卖盘
2873,13:36:54,12.93,12930,10,卖盘
2874,13:36:57,12.94,19410,15,买盘
2875,13:37:00,12.93,1293,1,卖盘
2876,13:37:03,12.93,142230,110,卖盘
2877,13:37:09,12.94,9058,7,买盘
2878,13:37:12,12.94,236659,183,买盘
2879,13:37:21,12.94,20703,16,买盘
2880,13:37:24,12.93,7763,6,卖盘
2881,13:37:27,12.94,11646,9,买盘
2882,13:37:30,12.93,171969,133,卖盘
2883,13:37:36,12.94,358800,277,买盘
2884,13:37:42,12.94,18116,14,卖盘
2885,13:37:45,12.95,25900,20,买盘
2886,13:37:51,12.94,83748,65,卖盘
2887,13:37:54,12.94,56004,43,买盘
2888,13:37:57,12.94,3882,3,卖盘
2889,13:38:03,12.95,31073,24,买盘
2890,13:38:06,12.95,75110,58,买盘
2891,13:38:09,12.95,16835,13,卖盘
2892,13:38:12,12.95,9065,7,买盘
2893,13:38:15,12.94,276968,214,卖盘
2894,13:38:18,12.94,932,1,卖盘
2895,13:38:21,12.93,9051,7,卖盘
2896,13:38:24,12.94,5176,4,买盘
2897,13:38:30,12.94,32350,25,买盘
2898,13:38:33,12.93,2586,2,卖盘
2899,13:38:36,12.94,31056,24,买盘
2900,13:38:39,12.94,50445,39,买盘
2901,13:38:45,12.94,11646,9,买盘
2902,13:38:48,12.93,1293,1,卖盘
2903,13:38:51,12.94,15528,12,买盘
2904,13:38:57,12.94,1294,1,买盘
2905,13:39:00,12.93,1293,1,卖盘
2906,13:39:03,12.93,10344,8,卖盘
2907,13:39:06,12.94,20704,16,买盘
2908,13:39:12,12.93,1093882,846,卖盘
2909,13:39:15,12.92,160220,124,卖盘
2910,13:39:18,12.93,10344,8,买盘
2911,13:39:21,12.92,1292,1,卖盘
2912,13:39:24,12.93,157701,122,买盘
2913,13:39:27,12.93,34906,27,买盘
2914,13:39:30,12.93,177130,137,买盘
2915,13:39:36,12.93,12930,10,卖盘
2916,13:39:39,12.94,1294,1,买盘
2917,13:39:42,12.93,41376,32,卖盘
2918,13:39:45,12.93,5172,4,卖盘
2919,13:39:48,12.93,84048,65,卖盘
2920,13:39:51,12.93,38788,30,中性盘
2921,13:39:54,12.94,63359,49,买盘
2922,13:39:57,12.92,19380,15,卖盘
2923,13:40:00,12.93,55588,43,中性盘
2924,13:40:03,12.92,38760,30,卖盘
2925,13:40:06,12.93,6465,5,中性盘
2926,13:40:09,12.92,646000,500,卖盘
2927,13:40:12,12.93,131886,102,买盘
2928,13:40:15,12.93,42637,33,买盘
2929,13:40:18,12.94,170677,132,买盘
2930,13:40:24,12.93,1293,1,中性盘
2931,13:40:27,12.93,14223,11,买盘
2932,13:40:30,12.93,2586,2,买盘
2933,13:40:33,12.92,7752,6,卖盘
2934,13:40:36,12.93,2586,2,买盘
2935,13:40:39,12.92,10336,8,卖盘
2936,13:40:42,12.93,78853,61,买盘
2937,13:40:45,12.93,19393,15,买盘
2938,13:40:51,12.93,250842,194,卖盘
2939,13:40:54,12.92,129218,100,卖盘
2940,13:41:00,12.94,63406,49,买盘
2941,13:41:03,12.93,11636,9,买盘
2942,13:41:06,12.93,68529,53,中性盘
2943,13:41:12,12.94,1294,1,买盘
2944,13:41:15,12.93,3879,3,卖盘
2945,13:41:18,12.93,24574,19,卖盘
2946,13:41:21,12.93,14223,11,卖盘
2947,13:41:24,12.94,14233,11,买盘
2948,13:41:30,12.93,27153,21,卖盘
2949,13:41:36,12.93,244513,189,卖盘
2950,13:41:39,12.94,97040,75,买盘
2951,13:41:42,12.93,10347,8,卖盘
2952,13:41:45,12.94,120342,93,买盘
2953,13:41:48,12.93,11644,9,卖盘
2954,13:41:51,12.94,14234,11,买盘
2955,13:41:54,12.94,6470,5,买盘
2956,13:41:57,12.94,1294,1,卖盘
2957,13:42:00,12.95,2590,2,买盘
2958,13:42:03,12.94,12943,10,卖盘
2959,13:42:06,12.94,38820,30,卖盘
2960,13:42:09,12.95,178710,138,买盘
2961,13:42:12,12.95,89355,69,卖盘
2962,13:42:15,12.96,5184,4,买盘
2963,13:42:18,12.95,28490,22,卖盘
2964,13:42:21,12.96,5181,4,买盘
2965,13:42:24,12.95,27213,21,卖盘
2966,13:42:27,12.96,152923,118,买盘
2967,13:42:30,12.96,23328,18,买盘
2968,13:42:33,12.97,1297,1,买盘
2969,13:42:36,12.96,2592,2,卖盘
2970,13:42:39,12.97,92087,71,买盘
2971,13:42:42,12.97,44098,34,中性盘
2972,13:42:45,12.97,7782,6,中性盘
2973,13:42:48,12.97,72591,56,中性盘
2974,13:42:51,12.96,150336,116,卖盘
2975,13:42:54,12.96,36288,28,买盘
2976,13:42:57,12.96,20725,16,买盘
2977,13:43:03,12.95,12950,10,卖盘
2978,13:43:06,12.96,20736,16,买盘
2979,13:43:09,12.96,3886,3,买盘
2980,13:43:18,12.95,336700,260,卖盘
2981,13:43:21,12.95,3885,3,买盘
2982,13:43:24,12.95,10359,8,买盘
2983,13:43:27,12.95,15540,12,买盘
2984,13:43:30,12.94,3884,3,卖盘
2985,13:43:33,12.95,14245,11,买盘
2986,13:43:36,12.95,41439,32,买盘
2987,13:43:39,12.95,31080,24,买盘
2988,13:43:42,12.95,49210,38,买盘
2989,13:43:48,12.94,28468,22,卖盘
2990,13:43:51,12.94,7765,6,卖盘
2991,13:43:57,12.95,28490,22,买盘
2992,13:44:00,12.94,2589,2,卖盘
2993,13:44:03,12.94,3882,3,卖盘
2994,13:44:06,12.94,54348,42,卖盘
2995,13:44:09,12.95,3885,3,买盘
2996,13:44:12,12.94,23294,18,卖盘
2997,13:44:15,12.94,112578,87,卖盘
2998,13:44:18,12.94,85404,66,卖盘
2999,13:44:21,12.94,22003,17,卖盘
3000,13:44:24,12.94,14234,11,卖盘
3001,13:44:27,12.94,1294,1,卖盘
3002,13:44:30,12.95,15537,12,买盘
3003,13:44:33,12.94,3882,3,卖盘
3004,13:44:39,12.95,1295,1,买盘
3005,13:44:42,12.94,2588,2,卖盘
3006,13:44:45,12.94,37546,29,卖盘
3007,13:44:48,12.95,10360,8,买盘
3008,13:44:51,12.94,45300,35,卖盘
3009,13:44:57,12.94,3882,3,卖盘
3010,13:45:00,12.95,1295,1,买盘
3011,13:45:03,12.94,34938,27,卖盘
3012,13:45:06,12.95,15540,12,买盘
3013,13:45:09,12.95,11655,9,买盘
3014,13:45:12,12.95,12950,10,买盘
3015,13:45:18,12.95,15538,12,买盘
3016,13:45:21,12.95,59550,46,买盘
3017,13:45:24,12.94,36258,28,卖盘
3018,13:45:27,12.95,55685,43,买盘
3019,13:45:30,12.95,28490,22,买盘
3020,13:45:33,12.94,12949,10,卖盘
3021,13:45:36,12.95,63455,49,买盘
3022,13:45:39,12.94,403735,312,卖盘
3023,13:45:45,12.95,5179,4,买盘
3024,13:45:48,12.94,142340,110,卖盘
3025,13:45:54,12.94,9058,7,买盘
3026,13:45:57,12.93,14223,11,卖盘
3027,13:46:03,12.93,141037,109,卖盘
3028,13:46:09,12.94,41382,32,买盘
3029,13:46:12,12.94,2588,2,卖盘
3030,13:46:18,12.95,134651,104,买盘
3031,13:46:27,12.95,11655,9,卖盘
3032,13:46:30,12.95,36268,28,卖盘
3033,13:46:33,12.95,107485,83,卖盘
3034,13:46:36,12.95,25910,20,卖盘
3035,13:46:39,12.94,10357,8,卖盘
3036,13:46:45,12.94,5176,4,卖盘
3037,13:46:48,12.95,12950,10,买盘
3038,13:46:51,12.95,32370,25,买盘
3039,13:46:54,12.95,7770,6,卖盘
3040,13:46:57,12.95,15540,12,卖盘
3041,13:47:00,12.95,5180,4,买盘
3042,13:47:03,12.94,20708,16,卖盘
3043,13:47:06,12.94,78935,61,卖盘
3044,13:47:12,12.94,16827,13,卖盘
3045,13:47:15,12.94,9059,7,卖盘
3046,13:47:21,12.94,340306,263,卖盘
3047,13:47:24,12.93,7763,6,卖盘
3048,13:47:27,12.94,40113,31,买盘
3049,13:47:33,12.94,23289,18,买盘
3050,13:47:36,12.94,41408,32,买盘
3051,13:47:42,12.94,53054,41,买盘
3052,13:47:45,12.94,29751,23,买盘
3053,13:47:48,12.94,68582,53,买盘
3054,13:47:51,12.94,21995,17,买盘
3055,13:47:54,12.94,42702,33,买盘
3056,13:47:57,12.93,117706,91,卖盘
3057,13:48:00,12.92,1097740,849,卖盘
3058,13:48:03,12.92,12921,10,卖盘
3059,13:48:06,12.92,1292,1,卖盘
3060,13:48:12,12.93,14219,11,买盘
3061,13:48:18,12.92,135661,105,卖盘
3062,13:48:21,12.92,1292,1,卖盘
3063,13:48:24,12.93,21981,17,买盘
3064,13:48:27,12.92,32314,25,卖盘
3065,13:48:30,12.92,456077,353,卖盘
3066,13:48:33,12.92,152459,118,卖盘
3067,13:48:36,12.93,58185,45,买盘
3068,13:48:39,12.92,2584,2,卖盘
3069,13:48:45,12.93,49127,38,买盘
3070,13:48:48,12.93,11633,9,买盘
3071,13:48:51,12.93,1293,1,买盘
3072,13:48:54,12.93,15511,12,买盘
3073,13:48:57,12.92,24560,19,卖盘
3074,13:49:00,12.92,49108,38,卖盘
3075,13:49:03,12.92,599494,464,卖盘
3076,13:49:09,12.93,1293,1,买盘
3077,13:49:12,12.92,20672,16,卖盘
3078,13:49:15,12.92,29716,23,卖盘
3079,13:49:18,12.92,9047,7,卖盘
3080,13:49:21,12.93,28435,22,买盘
3081,13:49:24,12.92,31008,24,卖盘
3082,13:49:27,12.93,12930,10,买盘
3083,13:49:30,12.92,5168,4,卖盘
3084,13:49:33,12.92,55556,43,卖盘
3085,13:49:39,12.93,58145,45,买盘
3086,13:49:45,12.92,10337,8,卖盘
3087,13:49:51,12.92,24558,19,卖盘
3088,13:49:54,12.92,64600,50,卖盘
3089,13:49:57,12.93,41376,32,买盘
3090,13:50:00,12.93,233980,181,买盘
3091,13:50:03,12.93,12930,10,卖盘
3092,13:50:06,12.93,19395,15,卖盘
3093,13:50:09,12.93,78873,61,卖盘
3094,13:50:15,12.93,118956,92,买盘
3095,13:50:21,12.93,45255,35,卖盘
3096,13:50:24,12.94,25870,20,买盘
3097,13:50:27,12.94,24583,19,买盘
3098,13:50:30,12.93,15516,12,卖盘
3099,13:50:33,12.93,111198,86,卖盘
3100,13:50:39,12.93,42669,33,卖盘
3101,13:50:42,12.94,5176,4,买盘
3102,13:50:45,12.93,47841,37,卖盘
3103,13:50:48,12.93,1293,1,卖盘
3104,13:50:51,12.94,69876,54,买盘
3105,13:50:54,12.94,20704,16,买盘
