,成交时间,成交价格,成交金额,成交量,性质
0,09:25:00,13.45,20060675,14915,买盘
1,09:30:00,13.49,9829232,7309,买盘
2,09:30:03,13.5,20822175,15450,买盘
3,09:30:06,13.5,6751010,5002,卖盘
4,09:30:09,13.51,2478236,1833,买盘
5,09:30:12,13.52,1313985,971,中性盘
6,09:30:15,13.57,895012,660,买盘
7,09:30:18,13.57,1422526,1048,买盘
8,09:30:21,13.61,3541621,2604,买盘
9,09:30:24,13.65,1773511,1302,买盘
10,09:30:27,13.66,1905131,1397,买盘
11,09:30:30,13.66,1775913,1300,买盘
12,09:30:33,13.68,2443335,1785,买盘
13,09:30:36,13.73,6107217,4451,买盘
14,09:30:39,13.73,3481487,2531,卖盘
15,09:30:42,13.63,4885876,3571,卖盘
16,09:30:45,13.62,1108408,814,卖盘
17,09:30:48,13.6,405063,298,卖盘
18,09:30:51,13.57,2855426,2106,卖盘
19,09:30:54,13.57,2079628,1532,买盘
20,09:30:57,13.56,3155919,2327,卖盘
21,09:31:00,13.56,1003891,741,买盘
22,09:31:03,13.53,1672659,1236,卖盘
23,09:31:06,13.53,1318990,976,买盘
24,09:31:09,13.5,1349247,999,卖盘
25,09:31:12,13.5,1945951,1441,卖盘
26,09:31:15,13.48,3321993,2460,卖盘
27,09:31:18,13.47,1740820,1290,卖盘
28,09:31:21,13.47,2564734,1902,卖盘
29,09:31:24,13.47,1136322,844,卖盘
30,09:31:27,13.46,539711,401,中性盘
31,09:31:30,13.44,1262218,938,卖盘
32,09:31:33,13.44,578083,430,卖盘
33,09:31:36,13.44,1069070,796,卖盘
34,09:31:39,13.43,1632677,1215,卖盘
35,09:31:42,13.42,998678,744,卖盘
36,09:31:45,13.42,1398004,1042,卖盘
37,09:31:48,13.41,1184143,883,卖盘
38,09:31:51,13.41,1486671,1109,买盘
39,09:31:54,13.42,6111502,4556,买盘
40,09:31:57,13.42,2235569,1666,卖盘
41,09:32:00,13.45,1464252,1091,买盘
42,09:32:03,13.45,2040035,1519,买盘
43,09:32:06,13.45,1139266,848,卖盘
44,09:32:09,13.47,1373681,1021,买盘
45,09:32:12,13.45,996931,741,卖盘
46,09:32:15,13.45,1228828,913,卖盘
47,09:32:18,13.46,1395998,1037,卖盘
48,09:32:21,13.46,1589180,1180,卖盘
49,09:32:24,13.46,709971,527,卖盘
50,09:32:27,13.47,866129,643,中性盘
51,09:32:30,13.45,2477398,1841,卖盘
52,09:32:33,13.47,1678707,1247,买盘
53,09:32:36,13.46,1032252,767,卖盘
54,09:32:39,13.46,1361588,1012,卖盘
55,09:32:42,13.44,1050284,781,卖盘
56,09:32:45,13.44,1528738,1138,买盘
57,09:32:48,13.43,601977,448,卖盘
58,09:32:51,13.43,1342327,999,卖盘
59,09:32:54,13.45,986237,734,买盘
60,09:32:57,13.43,624657,465,卖盘
61,09:33:00,13.44,506659,377,卖盘
62,09:33:03,13.43,1860299,1385,卖盘
63,09:33:06,13.41,2060882,1535,卖盘
64,09:33:09,13.42,1149782,857,买盘
65,09:33:12,13.41,1683953,1256,卖盘
66,09:33:15,13.42,1820960,1357,买盘
67,09:33:18,13.43,7425851,5535,中性盘
68,09:33:21,13.43,1466064,1092,卖盘
69,09:33:24,13.48,2646914,1966,买盘
70,09:33:27,13.44,989406,735,卖盘
71,09:33:30,13.44,710052,528,卖盘
72,09:33:33,13.45,516666,384,中性盘
73,09:33:36,13.47,623654,463,卖盘
74,09:33:39,13.47,939331,698,卖盘
75,09:33:42,13.47,617981,459,买盘
76,09:33:45,13.47,1563641,1163,买盘
77,09:33:48,13.47,886922,659,买盘
78,09:33:51,13.45,743984,553,卖盘
79,09:33:54,13.44,757215,563,卖盘
80,09:33:57,13.44,902065,671,买盘
81,09:34:00,13.43,1303684,970,卖盘
82,09:34:03,13.43,917269,683,卖盘
83,09:34:06,13.43,1125103,838,买盘
84,09:34:09,13.42,543860,405,卖盘
85,09:34:12,13.42,929421,692,卖盘
86,09:34:15,13.43,2072338,1544,买盘
87,09:34:18,13.42,973129,725,卖盘
88,09:34:21,13.41,2393992,1785,卖盘
89,09:34:24,13.4,2092133,1561,卖盘
90,09:34:27,13.4,747936,558,卖盘
91,09:34:30,13.4,608237,454,卖盘
92,09:34:33,13.4,2799461,2090,买盘
93,09:34:36,13.38,2665172,1990,卖盘
94,09:34:39,13.38,1255411,938,卖盘
95,09:34:42,13.37,2010096,1503,卖盘
96,09:34:45,13.37,815654,610,卖盘
97,09:34:48,13.37,2739331,2049,卖盘
98,09:34:51,13.36,1358563,1017,卖盘
99,09:34:54,13.36,826507,619,买盘
100,09:34:57,13.35,2111169,1583,卖盘
101,09:35:00,13.32,942172,706,卖盘
102,09:35:03,13.4,8209801,6144,买盘
103,09:35:06,13.39,5675158,4243,卖盘
104,09:35:09,13.38,750759,561,卖盘
105,09:35:12,13.38,2696799,2018,买盘
106,09:35:15,13.37,613369,459,买盘
107,09:35:18,13.36,1122328,840,中性盘
108,09:35:21,13.35,727653,545,卖盘
109,09:35:24,13.36,2775338,2080,买盘
110,09:35:27,13.35,878348,658,卖盘
111,09:35:30,13.38,3492104,2613,买盘
112,09:35:33,13.38,1020925,763,卖盘
113,09:35:36,13.39,1220449,912,买盘
114,09:35:39,13.39,1660179,1240,卖盘
115,09:35:42,13.39,1117690,835,中性盘
116,09:35:45,13.4,1778297,1328,买盘
117,09:35:48,13.4,858606,641,卖盘
118,09:35:51,13.38,2025853,1513,卖盘
119,09:35:54,13.4,1270197,948,买盘
120,09:35:57,13.39,1092117,815,卖盘
121,09:36:00,13.39,497203,371,卖盘
122,09:36:03,13.4,1832941,1368,买盘
123,09:36:06,13.4,1161960,867,卖盘
124,09:36:09,13.41,364527,272,买盘
125,09:36:12,13.43,2545203,1896,买盘
126,09:36:15,13.44,807593,601,买盘
127,09:36:18,13.45,532598,396,买盘
128,09:36:21,13.44,375122,279,卖盘
129,09:36:24,13.46,882100,656,买盘
130,09:36:27,13.47,610065,453,买盘
131,09:36:30,13.48,216872,161,买盘
132,09:36:33,13.46,702655,522,卖盘
133,09:36:36,13.47,508919,378,买盘
134,09:36:39,13.46,2463719,1830,中性盘
135,09:36:42,13.45,1142588,849,卖盘
136,09:36:45,13.44,1853064,1378,卖盘
137,09:36:48,13.45,433002,322,买盘
138,09:36:51,13.46,2657431,1974,买盘
139,09:36:54,13.45,1220724,907,卖盘
140,09:36:57,13.45,2087549,1552,卖盘
141,09:37:00,13.44,1082385,805,卖盘
142,09:37:03,13.44,655567,488,买盘
143,09:37:06,13.42,486159,362,卖盘
144,09:37:09,13.42,2095950,1563,卖盘
145,09:37:12,13.4,1243823,929,卖盘
146,09:37:15,13.35,4050269,3030,卖盘
147,09:37:18,13.35,220371,165,卖盘
148,09:37:21,13.37,1147573,859,买盘
149,09:37:24,13.4,1737078,1298,买盘
150,09:37:27,13.4,1480419,1104,卖盘
151,09:37:30,13.4,1092251,816,卖盘
152,09:37:33,13.39,619916,463,卖盘
153,09:37:36,13.39,168676,126,卖盘
154,09:37:39,13.38,1242577,929,卖盘
155,09:37:42,13.39,1212157,906,买盘
156,09:37:45,13.39,3494919,2611,买盘
157,09:37:48,13.38,1590445,1188,卖盘
158,09:37:51,13.38,730322,546,卖盘
159,09:37:54,13.38,461375,345,买盘
160,09:37:57,13.37,643208,481,卖盘
161,09:38:00,13.36,1003754,751,卖盘
162,09:38:03,13.37,1554290,1163,买盘
163,09:38:06,13.35,1543740,1155,卖盘
164,09:38:09,13.36,384765,288,卖盘
165,09:38:12,13.35,1392259,1042,卖盘
166,09:38:15,13.36,1404340,1051,买盘
167,09:38:18,13.36,835145,625,卖盘
168,09:38:21,13.36,941961,705,卖盘
169,09:38:24,13.36,1142175,855,卖盘
170,09:38:27,13.36,352709,264,卖盘
171,09:38:30,13.36,1303411,976,买盘
172,09:38:33,13.35,1218590,912,卖盘
173,09:38:36,13.35,2388065,1788,卖盘
174,09:38:39,13.36,1002902,751,中性盘
175,09:38:42,13.36,418194,313,买盘
176,09:38:45,13.36,411536,308,卖盘
177,09:38:48,13.36,650528,487,卖盘
178,09:38:51,13.36,650591,487,买盘
179,09:38:54,13.36,1890911,1416,买盘
180,09:38:57,13.35,1094975,820,卖盘
181,09:39:00,13.36,1486077,1113,买盘
182,09:39:03,13.35,1541051,1154,卖盘
183,09:39:06,13.35,767854,575,卖盘
184,09:39:09,13.36,600974,450,买盘
185,09:39:12,13.36,1761833,1319,卖盘
186,09:39:15,13.35,978838,733,卖盘
187,09:39:18,13.37,812023,608,买盘
188,09:39:21,13.37,539697,404,买盘
189,09:39:24,13.36,968470,725,卖盘
190,09:39:27,13.35,782899,586,卖盘
191,09:39:30,13.37,252522,189,买盘
192,09:39:33,13.36,605412,453,卖盘
193,09:39:36,13.37,485173,363,买盘
194,09:39:39,13.36,932425,698,卖盘
195,09:39:42,13.37,887272,664,买盘
196,09:39:45,13.36,1299715,973,卖盘
197,09:39:48,13.36,531707,398,中性盘
198,09:39:51,13.35,4298764,3221,卖盘
199,09:39:54,13.35,3301375,2476,买盘
200,09:39:57,13.33,246820,185,卖盘
201,09:40:00,13.33,351829,264,买盘
202,09:40:03,13.33,684768,514,买盘
203,09:40:06,13.32,3066261,2302,卖盘
204,09:40:09,13.32,1290618,969,买盘
205,09:40:12,13.32,511306,384,买盘
206,09:40:15,13.32,2459847,1847,买盘
207,09:40:18,13.32,1237420,929,卖盘
208,09:40:21,13.31,1428724,1072,卖盘
209,09:40:24,13.32,836653,628,买盘
210,09:40:27,13.32,3413740,2563,卖盘
211,09:40:30,13.32,805491,605,卖盘
212,09:40:33,13.32,241007,181,买盘
213,09:40:36,13.32,1000783,752,买盘
214,09:40:39,13.32,1850473,1390,买盘
215,09:40:42,13.32,1177105,884,买盘
216,09:40:45,13.31,1359319,1021,卖盘
217,09:40:48,13.31,822440,618,卖盘
218,09:40:51,13.31,1542932,1160,买盘
219,09:40:54,13.31,4160353,3128,买盘
220,09:40:57,13.3,872600,656,卖盘
221,09:41:00,13.3,1235652,929,卖盘
222,09:41:03,13.3,606083,456,买盘
223,09:41:06,13.29,455702,343,买盘
224,09:41:09,13.28,1483683,1117,卖盘
225,09:41:12,13.29,4028599,3029,买盘
226,09:41:15,13.31,5608216,4213,中性盘
227,09:41:18,13.3,3453624,2596,卖盘
228,09:41:21,13.3,1135028,853,卖盘
229,09:41:24,13.29,979531,737,卖盘
230,09:41:27,13.3,1521345,1145,买盘
231,09:41:30,13.29,742520,559,卖盘
232,09:41:33,13.31,2094407,1576,买盘
233,09:41:36,13.29,870537,655,卖盘
234,09:41:39,13.3,1026684,772,中性盘
235,09:41:42,13.29,744457,560,卖盘
236,09:41:45,13.29,677709,510,卖盘
237,09:41:48,13.29,2385945,1796,买盘
238,09:41:51,13.29,1688234,1270,卖盘
239,09:41:54,13.3,624634,470,买盘
240,09:41:57,13.29,304189,229,卖盘
241,09:42:00,13.3,906178,682,买盘
242,09:42:03,13.28,583105,439,卖盘
243,09:42:06,13.29,1621368,1221,中性盘
244,09:42:09,13.3,2593060,1951,买盘
245,09:42:12,13.29,781769,588,卖盘
246,09:42:15,13.3,521329,392,买盘
247,09:42:18,13.29,796517,599,卖盘
248,09:42:21,13.33,1017570,765,买盘
249,09:42:24,13.3,164866,124,卖盘
250,09:42:27,13.3,993596,747,买盘
251,09:42:30,13.3,435258,327,卖盘
252,09:42:33,13.31,371255,279,卖盘
253,09:42:36,13.33,452887,340,买盘
254,09:42:39,13.33,386019,290,卖盘
255,09:42:42,13.33,427808,321,卖盘
256,09:42:45,13.33,239817,180,买盘
257,09:42:48,13.33,1119998,840,买盘
258,09:42:51,13.33,486554,365,卖盘
259,09:42:54,13.33,212029,159,卖盘
260,09:42:57,13.34,297418,223,买盘
261,09:43:00,13.36,373586,280,买盘
262,09:43:03,13.34,547402,410,卖盘
263,09:43:06,13.36,309800,232,买盘
264,09:43:09,13.36,477860,358,买盘
265,09:43:12,13.34,317775,238,卖盘
266,09:43:15,13.33,1534025,1149,卖盘
267,09:43:18,13.36,1202488,901,买盘
268,09:43:21,13.34,492357,369,卖盘
269,09:43:24,13.34,164123,123,卖盘
270,09:43:27,13.34,396423,297,买盘
271,09:43:30,13.34,332154,249,卖盘
272,09:43:33,13.34,433362,325,买盘
273,09:43:36,13.34,1539525,1154,买盘
274,09:43:39,13.34,331987,249,买盘
275,09:43:42,13.33,2513522,1884,卖盘
276,09:43:45,13.33,202597,152,买盘
277,09:43:48,13.32,853932,641,卖盘
278,09:43:51,13.33,249079,187,买盘
279,09:43:54,13.32,157109,118,卖盘
280,09:43:57,13.33,376935,283,买盘
281,09:44:00,13.33,965855,725,买盘
282,09:44:03,13.33,1538341,1155,买盘
283,09:44:06,13.32,475691,357,卖盘
284,09:44:09,13.33,715287,537,买盘
285,09:44:12,13.31,1086196,816,卖盘
286,09:44:15,13.32,219676,165,买盘
287,09:44:18,13.31,311436,234,卖盘
288,09:44:21,13.31,1883831,1416,卖盘
289,09:44:24,13.31,134350,101,买盘
290,09:44:27,13.31,980627,737,买盘
291,09:44:30,13.3,1639036,1232,卖盘
292,09:44:33,13.3,407044,306,卖盘
293,09:44:36,13.3,358992,270,买盘
294,09:44:39,13.29,966280,727,卖盘
295,09:44:42,13.29,1231385,927,卖盘
296,09:44:45,13.3,1590493,1196,买盘
297,09:44:48,13.29,1148533,864,卖盘
298,09:44:51,13.29,471930,355,卖盘
299,09:44:54,13.29,1467383,1104,卖盘
300,09:44:57,13.3,1928574,1451,买盘
301,09:45:00,13.29,1415445,1065,卖盘
302,09:45:03,13.29,1025324,772,卖盘
303,09:45:06,13.28,209978,158,卖盘
304,09:45:09,13.28,475553,358,卖盘
305,09:45:12,13.28,561844,423,卖盘
306,09:45:15,13.28,1035875,780,卖盘
307,09:45:18,13.28,830116,625,卖盘
308,09:45:21,13.28,240352,181,卖盘
309,09:45:24,13.27,1612731,1215,卖盘
310,09:45:27,13.27,1027371,774,卖盘
311,09:45:30,13.26,465545,351,卖盘
312,09:45:33,13.26,427130,322,卖盘
313,09:45:36,13.27,3945100,2974,买盘
314,09:45:39,13.26,997001,752,卖盘
315,09:45:42,13.26,873655,659,买盘
316,09:45:45,13.26,1267221,956,买盘
317,09:45:48,13.26,796557,601,买盘
318,09:45:51,13.25,1053612,795,卖盘
319,09:45:54,13.24,726020,548,卖盘
320,09:45:57,13.24,1009300,762,卖盘
321,09:46:00,13.24,967908,731,卖盘
322,09:46:03,13.23,890806,673,卖盘
323,09:46:06,13.23,498837,377,卖盘
324,09:46:09,13.23,2202945,1665,卖盘
325,09:46:12,13.23,1195993,904,卖盘
326,09:46:15,13.23,1599020,1209,买盘
327,09:46:18,13.22,1404913,1062,卖盘
328,09:46:21,13.23,1260124,953,中性盘
329,09:46:24,13.23,1903994,1440,买盘
330,09:46:27,13.22,934891,707,卖盘
331,09:46:30,13.22,1301400,984,卖盘
332,09:46:33,13.22,901743,682,买盘
333,09:46:36,13.21,1306558,989,卖盘
334,09:46:39,13.22,987016,747,买盘
335,09:46:42,13.25,966702,731,买盘
336,09:46:45,13.23,607045,459,中性盘
337,09:46:48,13.25,922597,697,买盘
338,09:46:51,13.23,733518,554,卖盘
339,09:46:54,13.24,413048,312,中性盘
340,09:46:57,13.25,470021,355,买盘
341,09:47:00,13.24,810521,612,卖盘
342,09:47:03,13.24,1763965,1333,买盘
343,09:47:06,13.24,801114,605,买盘
344,09:47:09,13.24,354889,268,卖盘
345,09:47:12,13.27,474454,358,买盘
346,09:47:15,13.27,241196,182,买盘
347,09:47:18,13.26,1085883,820,卖盘
348,09:47:21,13.26,454342,343,买盘
349,09:47:24,13.26,231873,175,买盘
350,09:47:27,13.25,371034,280,卖盘
351,09:47:30,13.26,510218,385,买盘
352,09:47:33,13.25,602927,455,中性盘
353,09:47:36,13.25,1231927,930,卖盘
354,09:47:39,13.25,440833,333,买盘
355,09:47:42,13.24,904762,683,卖盘
356,09:47:45,13.24,248960,188,买盘
357,09:47:48,13.24,491146,371,买盘
358,09:47:51,13.24,325735,246,卖盘
359,09:47:54,13.23,1039026,785,卖盘
360,09:47:57,13.23,288455,218,卖盘
361,09:48:00,13.23,648559,490,卖盘
362,09:48:03,13.23,828471,626,卖盘
363,09:48:06,13.23,561040,424,卖盘
364,09:48:09,13.23,1510221,1141,买盘
365,09:48:12,13.23,338559,256,买盘
366,09:48:15,13.23,390923,296,买盘
367,09:48:18,13.22,1981855,1499,卖盘
368,09:48:21,13.22,1536508,1162,卖盘
369,09:48:24,13.21,274884,208,卖盘
370,09:48:27,13.21,532517,403,卖盘
371,09:48:30,13.22,1233874,934,买盘
372,09:48:33,13.21,1210230,916,卖盘
373,09:48:36,13.21,579968,439,买盘
374,09:48:39,13.21,622047,471,卖盘
375,09:48:42,13.21,1628782,1233,买盘
376,09:48:45,13.21,776705,588,买盘
377,09:48:48,13.22,550889,417,买盘
378,09:48:51,13.21,3393214,2568,卖盘
379,09:48:54,13.22,607774,460,卖盘
380,09:48:57,13.21,325184,246,卖盘
381,09:49:00,13.21,385859,292,卖盘
382,09:49:03,13.24,2074921,1569,买盘
383,09:49:06,13.21,1227534,929,卖盘
384,09:49:09,13.25,264545,200,买盘
385,09:49:12,13.22,179911,136,卖盘
386,09:49:15,13.25,947037,715,买盘
387,09:49:18,13.24,573328,433,卖盘
388,09:49:21,13.24,324474,245,卖盘
389,09:49:24,13.24,544315,411,卖盘
390,09:49:27,13.25,969301,732,买盘
391,09:49:30,13.25,157729,119,卖盘
392,09:49:33,13.25,143148,108,卖盘
393,09:49:36,13.25,157719,119,卖盘
394,09:49:39,13.25,401539,303,卖盘
395,09:49:42,13.26,143208,108,买盘
396,09:49:45,13.26,165657,125,卖盘
397,09:49:48,13.26,749406,565,卖盘
398,09:49:51,13.26,115400,87,卖盘
399,09:49:54,13.28,766982,578,买盘
400,09:49:57,13.28,180552,136,卖盘
401,09:50:00,13.29,54483,41,买盘
402,09:50:03,13.29,667995,503,买盘
403,09:50:06,13.29,438370,330,买盘
404,09:50:09,13.29,389325,293,买盘
405,09:50:12,13.29,388042,292,买盘
406,09:50:15,13.28,370562,279,卖盘
407,09:50:18,13.28,150062,113,买盘
408,09:50:21,13.28,221684,167,买盘
409,09:50:24,13.28,193848,146,买盘
410,09:50:27,13.27,456837,344,卖盘
411,09:50:30,13.27,547272,412,卖盘
412,09:50:33,13.27,911229,687,买盘
413,09:50:36,13.27,124674,94,买盘
414,09:50:39,13.27,507854,383,买盘
415,09:50:42,13.27,243946,184,买盘
416,09:50:45,13.25,448152,338,卖盘
417,09:50:48,13.26,43769,33,买盘
418,09:50:51,13.25,220151,166,卖盘
419,09:50:54,13.26,463917,350,卖盘
420,09:50:57,13.25,375046,283,卖盘
421,09:51:00,13.25,642800,485,卖盘
422,09:51:03,13.25,233224,176,卖盘
423,09:51:06,13.25,141775,107,买盘
424,09:51:09,13.24,227814,172,卖盘
425,09:51:12,13.25,547132,413,买盘
426,09:51:15,13.24,1085692,820,卖盘
427,09:51:18,13.24,1102219,833,买盘
428,09:51:21,13.23,445957,337,卖盘
429,09:51:24,13.23,419483,317,卖盘
430,09:51:27,13.24,334757,253,买盘
431,09:51:30,13.23,1239824,937,卖盘
432,09:51:33,13.23,191828,145,卖盘
433,09:51:36,13.23,427217,323,买盘
434,09:51:39,13.23,943286,713,买盘
435,09:51:42,13.22,735277,556,卖盘
436,09:51:45,13.23,239451,181,买盘
437,09:51:48,13.23,268570,203,卖盘
438,09:51:51,13.23,611226,462,卖盘
439,09:51:54,13.23,617854,467,卖盘
440,09:51:57,13.24,627382,474,买盘
441,09:52:00,13.23,407897,308,卖盘
442,09:52:03,13.25,169501,128,中性盘
443,09:52:06,13.24,536162,405,卖盘
444,09:52:09,13.25,305927,231,买盘
445,09:52:12,13.23,288649,218,卖盘
446,09:52:15,13.25,466048,352,买盘
447,09:52:18,13.24,238389,180,卖盘
448,09:52:21,13.24,484856,366,卖盘
449,09:52:24,13.25,239825,181,买盘
450,09:52:27,13.25,252988,191,卖盘
451,09:52:30,13.25,148447,112,卖盘
452,09:52:33,13.25,368361,278,卖盘
453,09:52:36,13.25,193478,146,买盘
454,09:52:39,13.25,292981,221,卖盘
455,09:52:42,13.26,346001,261,中性盘
456,09:52:45,13.26,112720,85,卖盘
457,09:52:48,13.26,115407,87,卖盘
458,09:52:51,13.26,140616,106,卖盘
459,09:52:54,13.26,425712,321,卖盘
460,09:52:57,13.26,425799,321,卖盘
461,09:53:00,13.27,607765,458,买盘
462,09:53:03,13.27,238868,180,卖盘
463,09:53:06,13.28,70369,53,买盘
464,09:53:09,13.28,585320,441,买盘
465,09:53:12,13.28,612022,461,买盘
466,09:53:15,13.28,34537,26,卖盘
467,09:53:18,13.29,1015058,764,买盘
468,09:53:21,13.29,166107,125,卖盘
469,09:53:24,13.29,49205,37,卖盘
470,09:53:27,13.29,1028021,773,卖盘
471,09:53:30,13.3,239344,180,买盘
472,09:53:33,13.31,598547,450,买盘
473,09:53:36,13.3,1290237,970,卖盘
474,09:53:39,13.3,1888007,1419,买盘
475,09:53:42,13.32,1892271,1422,买盘
476,09:53:45,13.32,336940,253,买盘
477,09:53:48,13.32,129188,97,买盘
478,09:53:51,13.31,295665,222,卖盘
479,09:53:54,13.32,170395,128,买盘
480,09:53:57,13.31,278179,209,卖盘
481,09:54:00,13.32,998771,750,买盘
482,09:54:03,13.31,1875064,1407,卖盘
483,09:54:06,13.35,114587,86,买盘
484,09:54:09,13.35,313562,235,买盘
485,09:54:12,13.35,200221,150,买盘
486,09:54:15,13.35,292248,219,买盘
487,09:54:18,13.35,1584620,1187,买盘
488,09:54:21,13.35,796978,597,卖盘
489,09:54:24,13.35,550118,412,买盘
490,09:54:27,13.35,497962,373,卖盘
491,09:54:30,13.35,300364,225,买盘
492,09:54:33,13.36,1086477,814,买盘
493,09:54:36,13.35,523287,392,买盘
494,09:54:39,13.35,420537,315,卖盘
495,09:54:42,13.35,158882,119,买盘
496,09:54:45,13.35,1302370,976,买盘
497,09:54:48,13.35,284337,213,卖盘
498,09:54:51,13.35,784504,588,买盘
499,09:54:54,13.35,615460,461,买盘
500,09:54:57,13.35,775521,581,中性盘
501,09:55:00,13.35,245641,184,买盘
502,09:55:03,13.35,285795,214,买盘
503,09:55:06,13.35,304335,228,卖盘
504,09:55:09,13.34,237590,178,卖盘
505,09:55:12,13.35,656746,492,买盘
506,09:55:15,13.35,153449,115,买盘
507,09:55:18,13.34,194797,146,卖盘
508,09:55:21,13.33,274760,206,卖盘
509,09:55:24,13.33,260062,195,卖盘
510,09:55:27,13.34,386640,290,买盘
511,09:55:30,13.33,452071,339,卖盘
512,09:55:33,13.33,79980,60,买盘
513,09:55:36,13.32,293156,220,卖盘
514,09:55:39,13.33,265220,199,买盘
515,09:55:42,13.33,287792,216,买盘
516,09:55:45,13.33,327789,246,买盘
517,09:55:48,13.32,762744,573,买盘
518,09:55:51,13.32,303570,228,买盘
519,09:55:54,13.31,53240,40,买盘
520,09:55:57,13.3,763883,574,卖盘
521,09:56:00,13.32,772857,581,买盘
522,09:56:03,13.3,65216,49,卖盘
523,09:56:06,13.3,222192,167,卖盘
524,09:56:09,13.32,486041,365,买盘
525,09:56:12,13.3,399323,300,卖盘
526,09:56:15,13.3,446930,336,卖盘
527,09:56:18,13.3,186226,140,卖盘
528,09:56:21,13.3,218157,164,卖盘
529,09:56:24,13.31,401891,302,中性盘
530,09:56:27,13.31,254098,191,买盘
531,09:56:30,13.31,155652,117,买盘
532,09:56:33,13.3,85154,64,卖盘
533,09:56:36,13.3,121051,91,卖盘
534,09:56:39,13.31,894484,672,买盘
535,09:56:42,13.32,692732,520,买盘
536,09:56:45,13.33,368837,277,买盘
537,09:56:48,13.32,226522,170,卖盘
538,09:56:51,13.34,217272,163,买盘
539,09:56:54,13.33,273302,205,卖盘
540,09:56:57,13.34,136034,102,买盘
541,09:57:00,13.35,221385,166,买盘
542,09:57:03,13.34,92105,69,卖盘
543,09:57:06,13.35,284325,213,买盘
544,09:57:09,13.34,509997,382,卖盘
545,09:57:12,13.35,208253,156,卖盘
546,09:57:15,13.35,257672,193,买盘
547,09:57:18,13.34,1150334,862,卖盘
548,09:57:21,13.34,137405,103,买盘
549,09:57:24,13.35,475029,356,买盘
550,09:57:27,13.33,654672,491,卖盘
551,09:57:30,13.33,281263,211,买盘
552,09:57:33,13.32,38656,29,卖盘
553,09:57:36,13.33,233306,175,买盘
554,09:57:39,13.33,115900,87,卖盘
555,09:57:42,13.33,71997,54,卖盘
556,09:57:45,13.34,148047,111,买盘
557,09:57:48,13.34,223982,168,买盘
558,09:57:51,13.34,139986,105,卖盘
559,09:57:54,13.34,50688,38,买盘
560,09:57:57,13.34,128036,96,买盘
561,09:58:00,13.34,160053,120,买盘
562,09:58:03,13.34,61364,46,卖盘
563,09:58:06,13.35,68054,51,买盘
564,09:58:09,13.35,92052,69,买盘
565,09:58:12,13.34,116141,87,卖盘
566,09:58:15,13.34,157495,118,卖盘
567,09:58:18,13.35,326846,245,买盘
568,09:58:21,13.34,114807,86,卖盘
569,09:58:24,13.34,85403,64,卖盘
570,09:58:27,13.34,137409,103,卖盘
571,09:58:30,13.34,368229,276,卖盘
572,09:58:33,13.34,326933,245,卖盘
573,09:58:36,13.35,130796,98,买盘
574,09:58:39,13.34,265474,199,卖盘
575,09:58:42,13.34,28013,21,买盘
576,09:58:45,13.34,202683,152,买盘
577,09:58:48,13.34,1331901,999,买盘
578,09:58:51,13.33,164027,123,买盘
579,09:58:54,13.33,269297,202,卖盘
580,09:58:57,13.33,1754179,1315,卖盘
581,09:59:00,13.33,205260,154,卖盘
582,09:59:03,13.33,235960,177,买盘
583,09:59:06,13.33,997836,749,卖盘
584,09:59:09,13.33,730133,548,卖盘
585,09:59:12,13.32,130626,98,卖盘
586,09:59:15,13.32,169229,127,卖盘
587,09:59:18,13.32,79963,60,卖盘
588,09:59:21,13.32,503724,378,卖盘
589,09:59:24,13.33,206464,155,买盘
590,09:59:27,13.32,281172,211,买盘
591,09:59:30,13.32,45292,34,卖盘
592,09:59:33,13.32,169170,127,卖盘
593,09:59:36,13.33,649152,487,买盘
594,09:59:39,13.32,162566,122,卖盘
595,09:59:42,13.32,199932,150,卖盘
596,09:59:45,13.32,659515,495,卖盘
597,09:59:48,13.32,310431,233,买盘
598,09:59:51,13.31,540413,406,卖盘
599,09:59:54,13.32,66601,50,买盘
600,09:59:57,13.32,728143,547,买盘
601,10:00:00,13.33,507523,381,买盘
602,10:00:03,13.33,119902,90,买盘
603,10:00:06,13.33,523284,393,买盘
604,10:00:09,13.32,383636,288,卖盘
605,10:00:12,13.32,195885,147,卖盘
606,10:00:15,13.32,77262,58,买盘
607,10:00:18,13.32,173225,130,卖盘
608,10:00:21,13.32,55949,42,卖盘
609,10:00:24,13.32,936453,703,卖盘
610,10:00:27,13.32,198510,149,买盘
611,10:00:30,13.32,110563,83,卖盘
612,10:00:33,13.33,133207,100,买盘
613,10:00:36,13.32,398268,299,卖盘
614,10:00:39,13.32,487678,366,买盘
615,10:00:42,13.32,211726,159,买盘
616,10:00:45,13.32,284972,214,买盘
617,10:00:48,13.32,367448,276,买盘
618,10:00:51,13.32,157123,118,卖盘
619,10:00:54,13.31,1477569,1110,卖盘
620,10:00:57,13.32,221014,166,卖盘
621,10:01:00,13.32,372850,280,卖盘
622,10:01:03,13.32,345073,259,卖盘
623,10:01:06,13.32,178491,134,买盘
624,10:01:09,13.32,430396,323,卖盘
625,10:01:12,13.33,333092,250,买盘
626,10:01:15,13.32,178488,134,卖盘
627,10:01:18,13.32,62604,47,买盘
628,10:01:21,13.32,479448,360,买盘
629,10:01:24,13.32,1469255,1103,卖盘
630,10:01:27,13.32,863131,648,卖盘
631,10:01:30,13.32,117166,88,买盘
632,10:01:33,13.32,237022,178,买盘
633,10:01:36,13.32,202415,152,买盘
634,10:01:39,13.32,198389,149,买盘
635,10:01:42,13.31,701493,527,卖盘
636,10:01:45,13.32,87860,66,买盘
637,10:01:48,13.31,564380,424,卖盘
638,10:01:51,13.31,248967,187,卖盘
639,10:01:54,13.31,611159,459,卖盘
640,10:01:57,13.31,1365561,1026,卖盘
641,10:02:00,13.31,131767,99,买盘
642,10:02:03,13.3,260755,196,卖盘
643,10:02:06,13.31,409681,308,买盘
644,10:02:09,13.31,377798,284,买盘
645,10:02:12,13.3,661043,497,卖盘
646,10:02:15,13.31,686360,516,买盘
647,10:02:18,13.3,243425,183,卖盘
648,10:02:21,13.3,537367,404,卖盘
649,10:02:24,13.3,1171751,881,卖盘
650,10:02:27,13.3,74465,56,买盘
651,10:02:30,13.3,543688,409,买盘
652,10:02:33,13.29,2876861,2166,卖盘
653,10:02:36,13.29,38519,29,买盘
654,10:02:39,13.28,114240,86,卖盘
655,10:02:42,13.27,528597,398,卖盘
656,10:02:45,13.27,143379,108,卖盘
657,10:02:48,13.27,488513,368,卖盘
658,10:02:51,13.27,415369,313,卖盘
659,10:02:54,13.28,548234,413,买盘
660,10:02:57,13.27,516277,389,卖盘
661,10:03:00,13.27,211043,159,卖盘
662,10:03:03,13.27,451265,340,卖盘
663,10:03:06,13.27,149939,113,卖盘
664,10:03:09,13.27,185710,140,卖盘
665,10:03:12,13.27,72978,55,买盘
666,10:03:15,13.28,1579055,1190,买盘
667,10:03:18,13.29,574100,432,买盘
668,10:03:21,13.29,82398,62,卖盘
669,10:03:24,13.3,492037,370,买盘
670,10:03:27,13.29,1103909,831,卖盘
671,10:03:30,13.3,955274,718,买盘
672,10:03:33,13.32,879052,661,买盘
673,10:03:36,13.32,46588,35,买盘
674,10:03:39,13.31,291352,219,卖盘
675,10:03:42,13.32,539398,405,买盘
676,10:03:45,13.32,35964,27,卖盘
677,10:03:48,13.33,122585,92,买盘
678,10:03:51,13.32,404988,304,卖盘
679,10:03:54,13.32,394322,296,卖盘
680,10:03:57,13.33,2562035,1926,买盘
681,10:04:00,13.32,274341,206,卖盘
682,10:04:03,13.32,97253,73,买盘
683,10:04:06,13.32,234434,176,卖盘
684,10:04:09,13.31,316852,238,卖盘
685,10:04:12,13.31,662645,498,买盘
686,10:04:15,13.32,192965,145,买盘
687,10:04:18,13.3,184962,139,卖盘
688,10:04:21,13.31,39905,30,买盘
689,10:04:24,13.3,90468,68,卖盘
690,10:04:27,13.31,95784,72,买盘
691,10:04:30,13.3,15968,12,卖盘
692,10:04:33,13.31,123711,93,买盘
693,10:04:36,13.3,577379,434,卖盘
694,10:04:39,13.3,180883,136,买盘
695,10:04:42,13.3,188862,142,卖盘
696,10:04:45,13.3,133000,100,买盘
697,10:04:48,13.3,716603,539,买盘
698,10:04:51,13.31,102411,77,买盘
699,10:04:54,13.3,250040,188,卖盘
700,10:04:57,13.3,220807,166,卖盘
701,10:05:00,13.3,176890,133,买盘
702,10:05:03,13.3,59832,45,买盘
703,10:05:06,13.29,154194,116,卖盘
704,10:05:09,13.28,220469,166,卖盘
705,10:05:12,13.29,374578,282,买盘
706,10:05:15,13.28,217806,164,卖盘
707,10:05:18,13.28,163373,123,卖盘
708,10:05:21,13.27,66381,50,卖盘
709,10:05:24,13.27,549583,414,卖盘
710,10:05:27,13.27,122103,92,买盘
711,10:05:30,13.27,299769,226,买盘
712,10:05:33,13.26,615356,464,卖盘
713,10:05:36,13.26,193593,146,卖盘
714,10:05:39,13.26,307579,232,买盘
715,10:05:42,13.25,443901,335,卖盘
716,10:05:45,13.25,315459,238,卖盘
717,10:05:48,13.25,471867,356,卖盘
718,10:05:51,13.25,245155,185,卖盘
719,10:05:54,13.27,485189,366,买盘
720,10:05:57,13.27,556634,420,买盘
721,10:06:00,13.26,234616,177,卖盘
722,10:06:03,13.26,90168,68,买盘
723,10:06:06,13.25,233214,176,卖盘
724,10:06:09,13.25,593687,448,卖盘
725,10:06:12,13.25,168286,127,卖盘
726,10:06:15,13.25,755283,570,卖盘
727,10:06:18,13.26,806232,608,买盘
728,10:06:21,13.27,192290,145,中性盘
729,10:06:24,13.25,1075046,811,卖盘
730,10:06:27,13.26,190974,144,卖盘
731,10:06:30,13.27,229408,173,中性盘
732,10:06:33,13.28,339570,256,买盘
733,10:06:36,13.28,172674,130,买盘
734,10:06:39,13.28,13322705,10079,卖盘
735,10:06:42,13.28,98278,74,卖盘
736,10:06:45,13.28,74368,56,卖盘
737,10:06:48,13.27,99539,75,卖盘
738,10:06:51,13.27,3997978,3017,卖盘
739,10:06:54,13.26,104790,79,卖盘
740,10:06:57,13.25,98144,74,卖盘
741,10:07:00,13.26,72926,55,买盘
742,10:07:03,13.24,259665,196,卖盘
743,10:07:06,13.24,291381,220,卖盘
744,10:07:09,13.24,371930,281,买盘
745,10:07:12,13.23,111162,84,中性盘
746,10:07:15,13.21,1258762,952,卖盘
747,10:07:18,13.24,326570,247,买盘
748,10:07:21,13.23,536964,406,卖盘
749,10:07:24,13.23,302968,229,卖盘
750,10:07:27,13.23,1267389,958,买盘
751,10:07:30,13.23,1251930,946,卖盘
752,10:07:33,13.24,399703,302,买盘
753,10:07:36,13.25,334779,253,买盘
754,10:07:39,13.23,213039,161,卖盘
755,10:07:42,13.23,472379,357,卖盘
756,10:07:45,13.24,64842,49,中性盘
757,10:07:48,13.25,901105,681,买盘
758,10:07:51,13.24,214380,162,买盘
759,10:07:54,13.24,342721,259,买盘
760,10:07:57,13.23,91305,69,卖盘
761,10:08:00,13.24,389002,294,买盘
762,10:08:03,13.23,149553,113,卖盘
763,10:08:06,13.23,325522,246,卖盘
764,10:08:09,13.23,391718,296,卖盘
765,10:08:12,13.23,1111442,840,卖盘
766,10:08:15,13.23,472351,357,卖盘
767,10:08:18,13.23,463094,350,卖盘
768,10:08:21,13.24,1006859,761,买盘
769,10:08:24,13.23,186494,141,卖盘
770,10:08:27,13.23,406095,307,买盘
771,10:08:30,13.22,179814,136,卖盘
772,10:08:33,13.22,986425,746,卖盘
773,10:08:36,13.22,1500832,1135,卖盘
774,10:08:39,13.22,122914,93,买盘
775,10:08:42,13.21,934137,707,卖盘
776,10:08:45,13.21,276141,209,卖盘
777,10:08:48,13.21,793926,601,卖盘
778,10:08:51,13.21,788670,597,卖盘
779,10:08:54,13.2,730743,553,卖盘
780,10:08:57,13.21,260074,197,买盘
781,10:09:00,13.2,426382,323,卖盘
782,10:09:03,13.2,4208442,3188,卖盘
783,10:09:06,13.21,1309506,992,买盘
784,10:09:09,13.21,2514808,1905,买盘
785,10:09:12,13.23,3277831,2479,买盘
786,10:09:15,13.23,247367,187,卖盘
787,10:09:18,13.23,172000,130,卖盘
788,10:09:21,13.23,332075,251,卖盘
789,10:09:24,13.23,260637,197,买盘
790,10:09:27,13.23,526052,398,卖盘
791,10:09:30,13.23,776505,587,买盘
792,10:09:33,13.22,711295,538,卖盘
793,10:09:36,13.22,7458047,5648,买盘
794,10:09:39,13.22,200859,152,卖盘
795,10:09:42,13.22,532483,403,买盘
796,10:09:45,13.22,249856,189,中性盘
797,10:09:48,13.22,117627,89,买盘
798,10:09:51,13.23,132217,100,买盘
799,10:09:54,13.23,76709,58,买盘
800,10:09:57,13.23,74050,56,买盘
801,10:10:00,13.23,449586,340,买盘
802,10:10:03,13.22,339813,257,卖盘
803,10:10:06,13.22,766760,580,卖盘
804,10:10:09,13.23,670276,507,买盘
805,10:10:12,13.23,346563,262,买盘
806,10:10:15,13.22,390093,295,卖盘
807,10:10:18,13.22,163947,124,卖盘
808,10:10:21,13.22,150788,114,卖盘
809,10:10:24,13.22,87265,66,卖盘
810,10:10:27,13.23,148084,112,买盘
811,10:10:30,13.22,78055,59,卖盘
812,10:10:33,13.22,170618,129,卖盘
813,10:10:36,13.22,178533,135,卖盘
814,10:10:39,13.23,29091,22,买盘
815,10:10:42,13.23,742092,561,买盘
816,10:10:45,13.22,5916452,4481,卖盘
817,10:10:48,13.19,1499748,1136,卖盘
818,10:10:51,13.2,95079,72,卖盘
819,10:10:54,13.2,207124,157,卖盘
820,10:10:57,13.19,485453,368,卖盘
821,10:11:00,13.19,433939,329,卖盘
822,10:11:03,13.19,429944,326,买盘
823,10:11:06,13.19,1447293,1098,买盘
824,10:11:09,13.19,499726,379,卖盘
825,10:11:12,13.18,632753,480,卖盘
826,10:11:15,13.19,1282526,973,买盘
827,10:11:18,13.18,343964,261,卖盘
828,10:11:21,13.18,343820,261,买盘
829,10:11:24,13.18,538853,409,买盘
830,10:11:27,13.17,504714,383,卖盘
831,10:11:30,13.18,1106731,840,买盘
832,10:11:33,13.18,902376,685,卖盘
833,10:11:36,13.18,246312,187,买盘
834,10:11:39,13.18,783760,595,买盘
835,10:11:42,13.17,1391216,1056,卖盘
836,10:11:45,13.18,932728,708,买盘
837,10:11:48,13.18,303022,230,卖盘
838,10:11:51,13.18,112021,85,卖盘
839,10:11:54,13.18,212127,161,买盘
840,10:11:57,13.17,1631443,1238,卖盘
841,10:12:00,13.18,1333695,1012,中性盘
842,10:12:03,13.19,400685,304,买盘
843,10:12:06,13.18,470316,357,卖盘
844,10:12:09,13.18,282023,214,买盘
845,10:12:12,13.18,245137,186,买盘
846,10:12:15,13.18,118632,90,卖盘
847,10:12:18,13.18,284783,216,卖盘
848,10:12:21,13.19,298000,226,买盘
849,10:12:24,13.19,172705,131,卖盘
850,10:12:27,13.19,526326,399,卖盘
851,10:12:30,13.18,179276,136,卖盘
852,10:12:33,13.19,143697,109,买盘
853,10:12:36,13.19,90964,69,买盘
854,10:12:39,13.18,357301,271,卖盘
855,10:12:42,13.19,210935,160,买盘
856,10:12:45,13.18,297868,226,卖盘
857,10:12:48,13.18,222702,169,买盘
858,10:12:51,13.18,392710,298,买盘
859,10:12:54,13.18,299076,227,买盘
860,10:12:57,13.18,455784,346,买盘
861,10:13:00,13.17,706094,536,卖盘
862,10:13:03,13.17,330781,251,卖盘
863,10:13:06,13.17,466229,354,卖盘
864,10:13:09,13.17,293839,223,卖盘
865,10:13:12,13.18,474267,360,买盘
866,10:13:15,13.18,314842,239,卖盘
867,10:13:18,13.18,776114,589,买盘
868,10:13:21,13.18,408522,310,买盘
869,10:13:24,13.18,832148,631,卖盘
870,10:13:27,13.18,133119,101,卖盘
871,10:13:30,13.2,868702,659,买盘
872,10:13:33,13.18,913636,693,卖盘
873,10:13:36,13.18,163426,124,买盘
874,10:13:39,13.18,368964,280,买盘
875,10:13:42,13.18,1181525,897,买盘
876,10:13:45,13.17,216059,164,卖盘
877,10:13:48,13.18,252932,192,买盘
878,10:13:51,13.17,729747,554,卖盘
879,10:13:54,13.17,708959,538,卖盘
880,10:13:57,13.17,300421,228,卖盘
881,10:14:00,13.18,609935,463,买盘
882,10:14:03,13.18,1059953,805,买盘
883,10:14:06,13.18,1158252,879,买盘
884,10:14:09,13.18,278130,211,卖盘
885,10:14:12,13.18,39550,30,中性盘
886,10:14:15,13.17,214818,163,卖盘
887,10:14:18,13.18,253090,192,中性盘
888,10:14:21,13.18,390110,296,卖盘
889,10:14:24,13.18,251760,191,卖盘
890,10:14:27,13.19,122604,93,买盘
891,10:14:30,13.19,185936,141,卖盘
892,10:14:33,13.2,225507,171,买盘
893,10:14:36,13.18,234767,178,卖盘
894,10:14:39,13.18,85762,65,卖盘
895,10:14:42,13.18,118706,90,卖盘
896,10:14:45,13.18,416792,316,卖盘
897,10:14:48,13.18,1969108,1494,卖盘
898,10:14:51,13.19,81722,62,买盘
899,10:14:54,13.19,1151480,874,买盘
900,10:14:57,13.19,223055,169,买盘
901,10:15:00,13.19,96306,73,卖盘
902,10:15:03,13.19,30349,23,卖盘
903,10:15:06,13.19,327168,248,卖盘
904,10:15:09,13.18,722405,548,卖盘
905,10:15:12,13.18,437570,332,买盘
906,10:15:15,13.19,225315,171,买盘
907,10:15:18,13.19,47460,36,买盘
908,10:15:21,13.19,332232,252,买盘
909,10:15:24,13.19,75184,57,买盘
910,10:15:27,13.19,100244,76,卖盘
911,10:15:30,13.2,314095,238,买盘
912,10:15:33,13.2,1302684,987,买盘
913,10:15:36,13.19,67299,51,卖盘
914,10:15:39,13.21,35663,27,买盘
915,10:15:42,13.2,114855,87,卖盘
916,10:15:45,13.21,167766,127,买盘
917,10:15:48,13.21,93818,71,卖盘
918,10:15:51,13.22,732211,554,买盘
919,10:15:54,13.22,185038,140,买盘
920,10:15:57,13.22,215462,163,卖盘
921,10:16:00,13.22,810857,613,买盘
922,10:16:03,13.22,604155,457,卖盘
923,10:16:06,13.23,226149,171,买盘
924,10:16:09,13.22,34402,26,卖盘
925,10:16:12,13.23,177171,134,买盘
926,10:16:15,13.23,210343,159,买盘
927,10:16:18,13.23,75411,57,买盘
928,10:16:21,13.24,349526,264,买盘
929,10:16:24,13.24,382413,289,买盘
930,10:16:27,13.24,95328,72,卖盘
931,10:16:30,13.24,119199,90,卖盘
932,10:16:33,13.24,202657,153,卖盘
933,10:16:36,13.25,263588,199,买盘
934,10:16:39,13.24,156242,118,卖盘
935,10:16:42,13.23,260845,197,卖盘
936,10:16:45,13.25,213184,161,买盘
937,10:16:48,13.24,38396,29,买盘
938,10:16:51,13.25,185325,140,买盘
939,10:16:54,13.24,68866,52,卖盘
940,10:16:57,13.24,109902,83,卖盘
941,10:17:00,13.24,132461,100,卖盘
942,10:17:03,13.24,378673,286,卖盘
943,10:17:06,13.23,1018755,769,卖盘
944,10:17:09,13.23,168066,127,卖盘
945,10:17:12,13.24,172085,130,买盘
946,10:17:15,13.24,135024,102,中性盘
947,10:17:18,13.24,344371,260,买盘
948,10:17:21,13.24,136368,103,卖盘
949,10:17:24,13.24,111222,84,卖盘
950,10:17:27,13.23,100584,76,卖盘
951,10:17:30,13.23,120456,91,卖盘
952,10:17:33,13.23,158777,120,卖盘
953,10:17:36,13.23,164083,124,卖盘
954,10:17:39,13.23,96579,73,卖盘
955,10:17:42,13.24,505529,382,买盘
956,10:17:45,13.22,121643,92,卖盘
957,10:17:48,13.23,33069,25,买盘
958,10:17:51,13.22,219462,166,卖盘
959,10:17:54,13.22,55549,42,卖盘
960,10:17:57,13.22,857618,649,卖盘
961,10:18:00,13.22,83268,63,买盘
962,10:18:03,13.2,2250921,1705,卖盘
963,10:18:06,13.21,163709,124,买盘
964,10:18:09,13.21,110962,84,买盘
965,10:18:12,13.21,173051,131,买盘
966,10:18:15,13.21,58148,44,卖盘
967,10:18:18,13.21,204713,155,买盘
968,10:18:21,13.2,128094,97,卖盘
969,10:18:24,13.2,146580,111,卖盘
970,10:18:27,13.2,1882058,1426,卖盘
971,10:18:30,13.2,266558,202,买盘
972,10:18:33,13.19,88423,67,卖盘
973,10:18:36,13.2,96321,73,买盘
974,10:18:39,13.19,362779,275,卖盘
975,10:18:42,13.2,191400,145,买盘
976,10:18:45,13.2,190060,144,卖盘
977,10:18:48,13.2,54128,41,卖盘
978,10:18:51,13.2,242900,184,卖盘
979,10:18:54,13.2,128024,97,卖盘
980,10:18:57,13.2,343190,260,买盘
981,10:19:00,13.2,806521,611,卖盘
982,10:19:03,13.19,1080620,819,卖盘
983,10:19:06,13.19,81824,62,卖盘
984,10:19:09,13.19,183441,139,卖盘
985,10:19:12,13.19,23742,18,买盘
986,10:19:15,13.18,460120,349,卖盘
987,10:19:18,13.2,1152016,873,买盘
988,10:19:21,13.19,193923,147,卖盘
989,10:19:24,13.19,112121,85,卖盘
990,10:19:27,13.2,515960,391,中性盘
991,10:19:30,13.2,188625,143,中性盘
992,10:19:33,13.19,535740,406,卖盘
993,10:19:36,13.2,95020,72,买盘
994,10:19:39,13.2,198123,150,买盘
995,10:19:42,13.21,157118,119,中性盘
996,10:19:45,13.22,292056,221,买盘
997,10:19:48,13.22,228870,173,卖盘
998,10:19:51,13.23,17199,13,中性盘
999,10:19:54,13.22,191767,145,卖盘
1000,10:19:57,13.23,101861,77,中性盘
1001,10:20:00,13.23,18519,14,买盘
1002,10:20:03,13.22,25118,19,卖盘
1003,10:20:06,13.23,216877,164,买盘
1004,10:20:09,13.22,71388,54,卖盘
1005,10:20:12,13.22,67422,51,买盘
1006,10:20:15,13.22,33040,25,买盘
1007,10:20:18,13.22,132196,100,买盘
1008,10:20:21,13.22,359399,272,买盘
1009,10:20:24,13.21,107022,81,卖盘
1010,10:20:27,13.21,109659,83,卖盘
1011,10:20:30,13.2,27735,21,卖盘
1012,10:20:33,13.2,269314,204,卖盘
1013,10:20:36,13.2,97737,74,卖盘
1014,10:20:39,13.21,40941,31,买盘
1015,10:20:42,13.2,212541,161,卖盘
1016,10:20:45,13.2,439579,333,卖盘
1017,10:20:48,13.2,163732,124,卖盘
1018,10:20:51,13.2,223079,169,买盘
1019,10:20:54,13.2,163685,124,买盘
1020,10:20:57,13.2,110880,84,卖盘
1021,10:21:00,13.21,54154,41,买盘
1022,10:21:03,13.2,439568,333,卖盘
1023,10:21:06,13.21,271923,206,买盘
1024,10:21:09,13.2,109570,83,卖盘
1025,10:21:12,13.2,101662,77,卖盘
1026,10:21:15,13.21,81877,62,买盘
1027,10:21:18,13.2,219120,166,卖盘
1028,10:21:21,13.2,203329,154,卖盘
1029,10:21:24,13.2,95068,72,卖盘
1030,10:21:27,13.2,370922,281,卖盘
1031,10:21:30,13.21,286503,217,买盘
1032,10:21:33,13.2,62040,47,买盘
1033,10:21:36,13.19,116158,88,卖盘
1034,10:21:39,13.2,126719,96,买盘
1035,10:21:42,13.2,220322,167,买盘
1036,10:21:45,13.19,381191,289,卖盘
1037,10:21:48,13.19,383844,291,卖盘
1038,10:21:51,13.19,72563,55,卖盘
1039,10:21:54,13.19,122667,93,卖盘
1040,10:21:57,13.19,142497,108,卖盘
1041,10:22:00,13.2,201817,153,买盘
1042,10:22:03,13.2,405099,307,买盘
1043,10:22:06,13.19,139799,106,卖盘
1044,10:22:09,13.19,195119,148,买盘
1045,10:22:12,13.18,2057431,1561,卖盘
1046,10:22:15,13.18,145016,110,卖盘
1047,10:22:18,13.18,251742,191,卖盘
1048,10:22:21,13.18,151570,115,卖盘
1049,10:22:24,13.17,881739,669,卖盘
1050,10:22:27,13.17,92211,70,卖盘
1051,10:22:30,13.17,125135,95,卖盘
1052,10:22:33,13.18,279215,212,买盘
1053,10:22:36,13.17,84311,64,卖盘
1054,10:22:39,13.17,1936018,1470,卖盘
1055,10:22:42,13.17,421493,320,卖盘
1056,10:22:45,13.16,85569,65,卖盘
1057,10:22:48,13.16,68474,52,卖盘
1058,10:22:51,13.16,469836,357,卖盘
1059,10:22:54,13.16,436952,332,卖盘
1060,10:22:57,13.17,202729,154,买盘
1061,10:23:00,13.16,325057,247,卖盘
1062,10:23:03,13.17,3998732,3034,买盘
1063,10:23:06,13.18,875665,664,卖盘
1064,10:23:09,13.2,162407,123,中性盘
1065,10:23:12,13.21,432993,328,买盘
1066,10:23:15,13.21,59396,45,买盘
1067,10:23:18,13.21,206052,156,买盘
1068,10:23:21,13.21,165044,125,买盘
1069,10:23:24,13.2,85797,65,卖盘
1070,10:23:27,13.2,47519,36,买盘
1071,10:23:30,13.2,46193,35,买盘
1072,10:23:33,13.19,109489,83,卖盘
1073,10:23:36,13.19,278406,211,卖盘
1074,10:23:39,13.19,189998,144,卖盘
1075,10:23:42,13.2,126670,96,买盘
1076,10:23:45,13.19,102894,78,卖盘
1077,10:23:48,13.2,248119,188,买盘
1078,10:23:51,13.19,131909,100,卖盘
1079,10:23:54,13.19,245445,186,卖盘
1080,10:23:57,13.19,69946,53,卖盘
1081,10:24:00,13.19,816492,619,卖盘
1082,10:24:03,13.19,104232,79,卖盘
1083,10:24:06,13.2,112135,85,买盘
1084,10:24:09,13.19,81782,62,买盘
1085,10:24:12,13.19,91061,69,卖盘
1086,10:24:15,13.19,50132,38,卖盘
1087,10:24:18,13.19,139820,106,卖盘
1088,10:24:21,13.18,167507,127,卖盘
1089,10:24:24,13.18,145004,110,卖盘
1090,10:24:27,13.18,104182,79,卖盘
1091,10:24:30,13.18,27692,21,卖盘
1092,10:24:33,13.19,470874,357,买盘
1093,10:24:36,13.19,79140,60,卖盘
1094,10:24:39,13.19,105541,80,卖盘
1095,10:24:42,13.19,269051,204,买盘
1096,10:24:45,13.19,171491,130,卖盘
1097,10:24:48,13.19,22426,17,卖盘
1098,10:24:51,13.19,39571,30,卖盘
1099,10:24:54,13.2,68594,52,买盘
1100,10:24:57,13.19,224235,170,卖盘
1101,10:25:00,13.2,31677,24,买盘
1102,10:25:03,13.19,47494,36,卖盘
1103,10:25:06,13.19,72562,55,卖盘
1104,10:25:09,13.2,133287,101,买盘
1105,10:25:12,13.2,228244,173,买盘
1106,10:25:15,13.2,154390,117,买盘
1107,10:25:18,13.19,321917,244,卖盘
1108,10:25:21,13.19,51463,39,卖盘
1109,10:25:24,13.19,164948,125,卖盘
1110,10:25:27,13.19,126635,96,卖盘
1111,10:25:30,13.19,1059200,803,卖盘
1112,10:25:33,13.2,482865,366,买盘
1113,10:25:36,13.19,72515,55,买盘
1114,10:25:39,13.19,258343,196,买盘
1115,10:25:42,13.19,118660,90,买盘
1116,10:25:45,13.18,220124,167,卖盘
1117,10:25:48,13.19,265114,201,买盘
1118,10:25:51,13.18,100204,76,卖盘
1119,10:25:54,13.19,388818,295,中性盘
1120,10:25:57,13.19,1307975,991,买盘
1121,10:26:00,13.19,321705,244,卖盘
1122,10:26:03,13.19,32975,25,卖盘
1123,10:26:06,13.19,38253,29,卖盘
1124,10:26:09,13.19,280956,213,卖盘
1125,10:26:12,13.18,31641,24,卖盘
1126,10:26:15,13.19,19783,15,买盘
1127,10:26:18,13.19,233463,177,买盘
1128,10:26:21,13.19,96287,73,卖盘
1129,10:26:24,13.2,175448,133,买盘
1130,10:26:27,13.2,106904,81,买盘
1131,10:26:30,13.2,349449,265,买盘
1132,10:26:33,13.19,25063,19,卖盘
1133,10:26:36,13.19,40891,31,卖盘
1134,10:26:39,13.19,26381,20,卖盘
1135,10:26:42,13.19,84421,64,卖盘
1136,10:26:45,13.19,280956,213,卖盘
1137,10:26:48,13.19,54059,41,买盘
1138,10:26:51,13.18,263738,200,卖盘
1139,10:26:54,13.19,36929,28,买盘
1140,10:26:57,13.18,309794,235,卖盘
1141,10:27:00,13.18,119997,91,卖盘
1142,10:27:03,13.18,92331,70,卖盘
1143,10:27:06,13.18,69873,53,卖盘
1144,10:27:09,13.19,217474,165,买盘
1145,10:27:12,13.18,71172,54,卖盘
1146,10:27:15,13.18,129257,98,卖盘
1147,10:27:18,13.19,104199,79,买盘
1148,10:27:21,13.19,59312,45,买盘
1149,10:27:24,13.19,655499,497,买盘
1150,10:27:27,13.19,692475,525,卖盘
1151,10:27:30,13.19,139814,106,卖盘
1152,10:27:33,13.19,75224,57,中性盘
1153,10:27:36,13.2,1148400,870,买盘
1154,10:27:39,13.2,134680,102,卖盘
1155,10:27:42,13.21,133322,101,买盘
1156,10:27:45,13.21,106937,81,买盘
1157,10:27:48,13.21,38282,29,买盘
1158,10:27:51,13.2,153206,116,卖盘
1159,10:27:54,13.2,190179,144,卖盘
1160,10:27:57,13.2,134706,102,卖盘
1161,10:28:00,13.2,236292,179,卖盘
1162,10:28:03,13.19,205974,156,卖盘
1163,10:28:06,13.2,100350,76,买盘
1164,10:28:09,13.19,51479,39,卖盘
1165,10:28:12,13.19,58045,44,卖盘
1166,10:28:15,13.19,93649,71,卖盘
1167,10:28:18,13.2,77859,59,买盘
1168,10:28:21,13.2,698628,530,买盘
1169,10:28:24,13.2,69960,53,卖盘
1170,10:28:27,13.2,219783,167,卖盘
1171,10:28:30,13.2,193434,147,买盘
1172,10:28:33,13.21,523094,396,买盘
1173,10:28:36,13.2,44880,34,卖盘
1174,10:28:39,13.21,39641,30,卖盘
1175,10:28:42,13.21,150630,114,卖盘
1176,10:28:45,13.2,79246,60,卖盘
1177,10:28:48,13.21,13210,10,买盘
1178,10:28:51,13.21,66030,50,买盘
1179,10:28:54,13.21,46225,35,买盘
1180,10:28:57,13.21,157199,119,买盘
1181,10:29:00,13.2,72614,55,卖盘
1182,10:29:03,13.2,85847,65,卖盘
1183,10:29:06,13.2,91088,69,卖盘
1184,10:29:09,13.2,126765,96,卖盘
1185,10:29:12,13.2,467479,354,卖盘
1186,10:29:15,13.2,80525,61,卖盘
1187,10:29:18,13.2,44889,34,卖盘
1188,10:29:21,13.2,601258,456,卖盘
1189,10:29:24,13.2,589640,447,买盘
1190,10:29:27,13.2,51476,39,买盘
1191,10:29:30,13.19,188747,143,卖盘
1192,10:29:33,13.2,122735,93,买盘
1193,10:29:36,13.19,142454,108,卖盘
1194,10:29:39,13.2,110878,84,买盘
1195,10:29:42,13.19,254707,193,卖盘
1196,10:29:45,13.2,162295,123,买盘
1197,10:29:48,13.19,327227,248,卖盘
1198,10:29:51,13.19,121364,92,卖盘
1199,10:29:54,13.2,117439,89,买盘
1200,10:29:57,13.19,46168,35,卖盘
1201,10:30:00,13.2,46200,35,买盘
1202,10:30:03,13.19,137277,104,卖盘
1203,10:30:06,13.19,153112,116,卖盘
1204,10:30:09,13.21,321424,244,买盘
1205,10:30:12,13.21,357659,271,买盘
1206,10:30:15,13.2,72623,55,卖盘
1207,10:30:18,13.23,1016983,769,买盘
1208,10:30:21,13.23,9261,7,卖盘
1209,10:30:24,13.23,123062,93,卖盘
1210,10:30:27,13.24,254153,192,买盘
1211,10:30:30,13.23,274039,207,卖盘
1212,10:30:33,13.24,138982,105,买盘
1213,10:30:36,13.24,850610,642,卖盘
1214,10:30:39,13.24,120485,91,卖盘
1215,10:30:42,13.25,151046,114,中性盘
1216,10:30:45,13.23,372033,281,卖盘
1217,10:30:48,13.24,172197,130,买盘
1218,10:30:51,13.25,91400,69,买盘
1219,10:30:54,13.25,26492,20,买盘
1220,10:30:57,13.25,90094,68,买盘
1221,10:31:00,13.25,177545,134,买盘
1222,10:31:03,13.25,31798,24,买盘
1223,10:31:06,13.25,47721,36,卖盘
1224,10:31:09,13.25,173581,131,卖盘
1225,10:31:12,13.25,23858,18,卖盘
1226,10:31:15,13.26,78211,59,买盘
1227,10:31:18,13.26,287631,217,买盘
1228,10:31:21,13.26,91492,69,买盘
1229,10:31:24,13.27,183065,138,买盘
1230,10:31:27,13.27,206967,156,买盘
1231,10:31:30,13.28,92941,70,买盘
1232,10:31:33,13.28,103572,78,买盘
1233,10:31:36,13.28,231067,174,买盘
1234,10:31:39,13.28,440897,332,卖盘
1235,10:31:42,13.29,112908,85,买盘
1236,10:31:45,13.28,1382453,1041,卖盘
1237,10:31:48,13.27,51791,39,卖盘
1238,10:31:51,13.28,157987,119,买盘
1239,10:31:54,13.26,495256,373,卖盘
1240,10:31:57,13.27,501560,378,买盘
1241,10:32:00,13.26,209610,158,卖盘
1242,10:32:03,13.27,516198,389,中性盘
1243,10:32:06,13.26,110081,83,中性盘
1244,10:32:09,13.27,94239,71,买盘
1245,10:32:12,13.27,139335,105,卖盘
1246,10:32:15,13.27,201704,152,买盘
1247,10:32:18,13.26,301233,227,卖盘
1248,10:32:21,13.27,66362,50,卖盘
1249,10:32:24,13.26,1013122,764,卖盘
1250,10:32:27,13.25,111384,84,卖盘
1251,10:32:30,13.26,53040,40,卖盘
1252,10:32:33,13.26,61006,46,卖盘
1253,10:32:36,13.25,1325,1,卖盘
1254,10:32:39,13.25,17228,13,卖盘
1255,10:32:42,13.25,219980,166,卖盘
1256,10:32:45,13.25,192152,145,卖盘
1257,10:32:48,13.26,33128,25,买盘
1258,10:32:51,13.26,515491,389,买盘
1259,10:32:54,13.26,14586,11,卖盘
1260,10:32:57,13.26,201544,152,卖盘
1261,10:33:00,13.26,39757,30,买盘
1262,10:33:03,13.26,180336,136,买盘
1263,10:33:06,13.24,2941750,2221,卖盘
1264,10:33:09,13.26,68952,52,买盘
1265,10:33:12,13.26,229392,173,中性盘
1266,10:33:15,13.26,62362,47,卖盘
1267,10:33:18,13.27,35805,27,买盘
1268,10:33:21,13.27,124673,94,买盘
1269,10:33:24,13.28,69008,52,买盘
1270,10:33:27,13.28,549280,414,买盘
1271,10:33:30,13.29,204563,154,买盘
1272,10:33:33,13.29,123594,93,买盘
1273,10:33:36,13.29,91680,69,买盘
1274,10:33:39,13.29,127582,96,买盘
1275,10:33:42,13.29,211278,159,买盘
1276,10:33:45,13.29,285725,215,买盘
1277,10:33:48,13.29,131550,99,买盘
1278,10:33:51,13.29,1289965,970,买盘
1279,10:33:54,13.31,47911,36,买盘
1280,10:33:57,13.32,175718,132,买盘
1281,10:34:00,13.32,69264,52,买盘
1282,10:34:03,13.32,210459,158,买盘
1283,10:34:06,13.34,815807,612,买盘
1284,10:34:09,13.31,997158,749,卖盘
1285,10:34:12,13.3,87789,66,中性盘
1286,10:34:15,13.3,211470,159,买盘
1287,10:34:18,13.3,899514,676,买盘
1288,10:34:21,13.3,820632,617,卖盘
1289,10:34:24,13.31,313919,236,买盘
1290,10:34:27,13.31,166359,125,买盘
1291,10:34:30,13.3,414979,312,卖盘
1292,10:34:33,13.3,144970,109,买盘
1293,10:34:36,13.3,545295,410,买盘
1294,10:34:39,13.3,623698,469,买盘
1295,10:34:42,13.3,245956,185,买盘
1296,10:34:45,13.29,225921,170,中性盘
1297,10:34:48,13.3,462665,348,买盘
1298,10:34:51,13.29,292529,220,中性盘
1299,10:34:54,13.29,151526,114,卖盘
1300,10:34:57,13.29,311182,234,卖盘
1301,10:35:00,13.29,191461,144,卖盘
1302,10:35:03,13.3,538559,405,买盘
1303,10:35:06,13.3,421570,317,买盘
1304,10:35:09,13.3,452371,340,买盘
1305,10:35:12,13.31,50573,38,买盘
1306,10:35:15,13.31,122449,92,买盘
1307,10:35:18,13.32,69219,52,买盘
1308,10:35:21,13.31,292822,220,卖盘
1309,10:35:24,13.32,178456,134,买盘
1310,10:35:27,13.31,230268,173,卖盘
1311,10:35:30,13.32,89198,67,买盘
1312,10:35:33,13.31,258325,194,卖盘
1313,10:35:36,13.31,83869,63,买盘
1314,10:35:39,13.31,238245,179,买盘
1315,10:35:42,13.31,170344,128,卖盘
1316,10:35:45,13.31,416658,313,买盘
1317,10:35:48,13.31,206304,155,买盘
1318,10:35:51,13.31,242220,182,买盘
1319,10:35:54,13.31,187593,141,买盘
1320,10:35:57,13.32,214228,161,买盘
1321,10:36:00,13.31,105200,79,卖盘
1322,10:36:03,13.31,572610,430,卖盘
1323,10:36:06,13.31,693457,521,卖盘
1324,10:36:09,13.29,2130347,1602,卖盘
1325,10:36:12,13.29,54495,41,买盘
1326,10:36:15,13.29,95705,72,卖盘
1327,10:36:18,13.29,209990,158,卖盘
1328,10:36:21,13.29,18606,14,买盘
1329,10:36:24,13.3,361570,272,买盘
1330,10:36:27,13.29,455572,343,买盘
1331,10:36:30,13.28,18605,14,卖盘
1332,10:36:33,13.28,332008,250,卖盘
1333,10:36:36,13.28,91632,69,买盘
1334,10:36:39,13.27,241665,182,卖盘
1335,10:36:42,13.28,106238,80,买盘
1336,10:36:45,13.29,620230,467,买盘
1337,10:36:48,13.28,292357,220,卖盘
1338,10:36:51,13.29,286878,216,中性盘
1339,10:36:54,13.29,99650,75,卖盘
1340,10:36:57,13.29,69150,52,卖盘
1341,10:37:00,13.29,155505,117,卖盘
1342,10:37:03,13.29,771229,581,卖盘
1343,10:37:06,13.27,65034,49,中性盘
1344,10:37:09,13.27,87634,66,买盘
1345,10:37:12,13.26,142026,107,卖盘
1346,10:37:15,13.28,92910,70,中性盘
1347,10:37:18,13.28,45152,34,卖盘
1348,10:37:21,13.28,62416,47,卖盘
1349,10:37:24,13.28,144842,109,卖盘
1350,10:37:27,13.28,140764,106,卖盘
1351,10:37:30,13.28,59770,45,买盘
1352,10:37:33,13.27,370371,279,卖盘
1353,10:37:36,13.27,203024,153,买盘
1354,10:37:39,13.27,94245,71,买盘
1355,10:37:42,13.28,163296,123,买盘
1356,10:37:45,13.29,30555,23,买盘
1357,10:37:48,13.28,29217,22,卖盘
1358,10:37:51,13.28,188588,142,卖盘
1359,10:37:54,13.28,172673,130,卖盘
1360,10:37:57,13.28,67752,51,卖盘
1361,10:38:00,13.28,25232,19,卖盘
1362,10:38:03,13.28,150118,113,卖盘
1363,10:38:06,13.28,38536,29,卖盘
1364,10:38:09,13.29,71757,54,买盘
1365,10:38:12,13.29,130190,98,买盘
1366,10:38:15,13.29,51832,39,卖盘
1367,10:38:18,13.29,6645,5,卖盘
1368,10:38:21,13.29,86415,65,卖盘
1369,10:38:24,13.3,324402,244,买盘
1370,10:38:27,13.29,86446,65,卖盘
1371,10:38:30,13.29,144902,109,卖盘
1372,10:38:33,13.29,245863,185,卖盘
1373,10:38:36,13.29,281748,212,买盘
1374,10:38:39,13.29,110299,83,买盘
1375,10:38:42,13.29,58467,44,买盘
1376,10:38:45,13.29,152835,115,买盘
1377,10:38:48,13.28,422360,318,卖盘
1378,10:38:51,13.29,57147,43,买盘
1379,10:38:54,13.28,375898,283,卖盘
1380,10:38:57,13.28,148819,112,卖盘
1381,10:39:00,13.28,51793,39,卖盘
1382,10:39:03,13.29,43825,33,买盘
1383,10:39:06,13.28,322910,243,卖盘
1384,10:39:09,13.29,107649,81,买盘
1385,10:39:12,13.29,33225,25,卖盘
1386,10:39:15,13.29,74424,56,卖盘
1387,10:39:18,13.29,10632,8,卖盘
1388,10:39:21,13.3,75793,57,买盘
1389,10:39:24,13.29,348198,262,卖盘
1390,10:39:27,13.29,203376,153,买盘
1391,10:39:30,13.29,51831,39,买盘
1392,10:39:33,13.28,98339,74,卖盘
1393,10:39:39,13.29,188693,142,买盘
1394,10:39:42,13.28,14616,11,卖盘
1395,10:39:45,13.28,9296,7,卖盘
1396,10:39:48,13.27,787416,593,卖盘
1397,10:39:51,13.26,138106,104,卖盘
1398,10:39:54,13.26,69054,52,卖盘
1399,10:39:57,13.28,245316,185,买盘
1400,10:40:00,13.26,1613858,1216,卖盘
1401,10:40:03,13.25,168432,127,卖盘
1402,10:40:06,13.26,59696,45,中性盘
1403,10:40:09,13.26,42432,32,卖盘
1404,10:40:12,13.25,82216,62,卖盘
1405,10:40:15,13.26,15912,12,买盘
1406,10:40:18,13.26,21216,16,买盘
1407,10:40:21,13.25,266329,201,卖盘
1408,10:40:24,13.26,528925,399,买盘
1409,10:40:27,13.26,171026,129,卖盘
1410,10:40:30,13.26,53040,40,买盘
1411,10:40:33,13.25,9277,7,卖盘
1412,10:40:36,13.26,13260,10,卖盘
1413,10:40:39,13.26,22543,17,卖盘
1414,10:40:42,13.26,86185,65,卖盘
1415,10:40:48,13.26,103401,78,买盘
1416,10:40:51,13.25,87464,66,卖盘
1417,10:40:54,13.26,202737,153,买盘
1418,10:40:57,13.25,157781,119,卖盘
1419,10:41:00,13.25,76854,58,卖盘
1420,10:41:03,13.25,274281,207,卖盘
1421,10:41:06,13.25,79540,60,卖盘
1422,10:41:09,13.25,141775,107,卖盘
1423,10:41:12,13.26,131178,99,买盘
1424,10:41:15,13.25,80825,61,卖盘
1425,10:41:18,13.25,72882,55,卖盘
1426,10:41:21,13.25,58325,44,卖盘
1427,10:41:24,13.25,59625,45,买盘
1428,10:41:27,13.24,84736,64,卖盘
1429,10:41:30,13.24,480911,363,卖盘
1430,10:41:33,13.24,190656,144,卖盘
1431,10:41:36,13.23,39690,30,卖盘
1432,10:41:39,13.25,707119,534,买盘
1433,10:41:42,13.24,38406,29,卖盘
1434,10:41:45,13.24,209338,158,卖盘
1435,10:41:48,13.24,907813,686,卖盘
1436,10:41:51,13.24,148303,112,卖盘
1437,10:41:54,13.24,3972,3,买盘
1438,10:41:57,13.23,7943,6,卖盘
1439,10:42:00,13.23,52925,40,卖盘
1440,10:42:03,13.23,255463,193,卖盘
1441,10:42:06,13.24,47629,36,中性盘
1442,10:42:09,13.25,211844,160,买盘
1443,10:42:12,13.26,33129,25,买盘
1444,10:42:15,13.25,31800,24,卖盘
1445,10:42:18,13.25,34453,26,卖盘
1446,10:42:21,13.25,27810,21,买盘
1447,10:42:24,13.25,738840,558,买盘
1448,10:42:27,13.25,25175,19,中性盘
1449,10:42:30,13.26,214651,162,买盘
1450,10:42:33,13.25,94116,71,卖盘
1451,10:42:36,13.25,42430,32,卖盘
1452,10:42:39,13.26,185583,140,买盘
1453,10:42:42,13.25,21204,16,卖盘
1454,10:42:45,13.25,26508,20,卖盘
1455,10:42:48,13.26,60989,46,买盘
1456,10:42:51,13.26,27846,21,买盘
1457,10:42:54,13.26,13260,10,卖盘
1458,10:42:57,13.27,173714,131,买盘
1459,10:43:00,13.27,58388,44,买盘
1460,10:43:03,13.27,59698,45,卖盘
1461,10:43:06,13.27,23886,18,卖盘
1462,10:43:09,13.28,70366,53,买盘
1463,10:43:12,13.27,142069,107,卖盘
1464,10:43:15,13.28,37184,28,买盘
1465,10:43:18,13.28,6640,5,卖盘
1466,10:43:21,13.28,11952,9,卖盘
1467,10:43:24,13.28,191246,144,卖盘
1468,10:43:30,13.29,26579,20,买盘
1469,10:43:33,13.28,313436,236,卖盘
1470,10:43:36,13.28,5312,4,卖盘
1471,10:43:39,13.29,93001,70,买盘
1472,10:43:42,13.29,38513,29,买盘
1473,10:43:45,13.28,160688,121,卖盘
1474,10:43:48,13.29,154124,116,买盘
1475,10:43:51,13.28,235023,177,卖盘
1476,10:43:54,13.28,13280,10,卖盘
1477,10:43:57,13.28,293541,221,卖盘
1478,10:44:00,13.28,27908,21,卖盘
1479,10:44:03,13.28,185920,140,卖盘
1480,10:44:06,13.29,22581,17,买盘
1481,10:44:09,13.29,34550,26,买盘
1482,10:44:12,13.28,11952,9,卖盘
1483,10:44:15,13.28,774266,583,卖盘
1484,10:44:18,13.28,99669,75,卖盘
1485,10:44:21,13.29,523627,394,买盘
1486,10:44:24,13.29,50507,38,卖盘
1487,10:44:27,13.3,225995,170,买盘
1488,10:44:30,13.29,39882,30,卖盘
1489,10:44:33,13.29,203402,153,卖盘
1490,10:44:36,13.29,139600,105,卖盘
1491,10:44:39,13.3,176802,133,买盘
1492,10:44:42,13.29,50524,38,卖盘
1493,10:44:45,13.3,101026,76,买盘
1494,10:44:48,13.3,82454,62,买盘
1495,10:44:51,13.32,2813134,2114,买盘
1496,10:44:54,13.33,67924,51,买盘
1497,10:44:57,13.33,17315,13,买盘
1498,10:45:00,13.32,75947,57,中性盘
1499,10:45:03,13.33,142567,107,买盘
1500,10:45:06,13.32,207883,156,中性盘
1501,10:45:09,13.33,1089599,818,买盘
1502,10:45:12,13.32,70596,53,买盘
1503,10:45:15,13.31,499376,375,卖盘
1504,10:45:18,13.31,153074,115,买盘
1505,10:45:21,13.31,195654,147,买盘
1506,10:45:24,13.31,316791,238,卖盘
1507,10:45:27,13.31,3993,3,买盘
1508,10:45:30,13.31,121120,91,买盘
1509,10:45:33,13.3,74494,56,卖盘
1510,10:45:36,13.3,331252,249,卖盘
1511,10:45:39,13.31,359310,270,买盘
1512,10:45:42,13.3,18620,14,中性盘
1513,10:45:45,13.29,74445,56,卖盘
1514,10:45:48,13.3,94371,71,买盘
1515,10:45:51,13.3,67850,51,买盘
1516,10:45:54,13.29,54502,41,卖盘
1517,10:45:57,13.3,15960,12,买盘
1518,10:46:00,13.3,82415,62,买盘
1519,10:46:03,13.3,42560,32,买盘
1520,10:46:06,13.3,243312,183,买盘
1521,10:46:09,13.29,215429,162,卖盘
1522,10:46:12,13.29,143563,108,卖盘
1523,10:46:15,13.29,227251,171,卖盘
1524,10:46:18,13.29,216627,163,买盘
1525,10:46:21,13.29,65121,49,买盘
1526,10:46:24,13.28,191271,144,卖盘
1527,10:46:27,13.28,330906,249,卖盘
1528,10:46:30,13.29,34552,26,买盘
1529,10:46:33,13.29,91698,69,买盘
1530,10:46:36,13.28,120859,91,卖盘
1531,10:46:39,13.29,78411,59,买盘
1532,10:46:42,13.28,57114,43,卖盘
1533,10:46:45,13.29,422464,318,买盘
1534,10:46:48,13.29,2658,2,买盘
1535,10:46:51,13.28,309545,233,卖盘
1536,10:46:54,13.29,119610,90,买盘
1537,10:46:57,13.29,31893,24,卖盘
1538,10:47:00,13.28,560336,422,卖盘
1539,10:47:03,13.27,92938,70,卖盘
1540,10:47:06,13.28,17263,13,买盘
1541,10:47:09,13.28,19920,15,买盘
1542,10:47:12,13.28,42496,32,买盘
1543,10:47:15,13.28,2656,2,买盘
1544,10:47:18,13.27,177884,134,卖盘
1545,10:47:21,13.27,110158,83,卖盘
1546,10:47:24,13.27,71701,54,卖盘
1547,10:47:27,13.28,128796,97,买盘
1548,10:47:30,13.28,63711,48,买盘
1549,10:47:33,13.28,11952,9,买盘
1550,10:47:36,13.28,50460,38,买盘
1551,10:47:39,13.28,6636,5,买盘
1552,10:47:42,13.27,45118,34,卖盘
1553,10:47:45,13.27,187120,141,卖盘
1554,10:47:48,13.27,29209,22,卖盘
1555,10:47:51,13.27,102180,77,卖盘
1556,10:47:54,13.27,75619,57,买盘
1557,10:47:57,13.27,13270,10,中性盘
1558,10:48:00,13.27,58388,44,买盘
1559,10:48:03,13.28,244135,184,买盘
1560,10:48:06,13.27,156586,118,买盘
1561,10:48:09,13.27,27867,21,卖盘
1562,10:48:12,13.27,13266,10,买盘
1563,10:48:15,13.27,29184,22,买盘
1564,10:48:18,13.27,75637,57,买盘
1565,10:48:21,13.26,437580,330,卖盘
1566,10:48:24,13.24,793673,599,卖盘
1567,10:48:27,13.25,34469,26,卖盘
1568,10:48:30,13.25,29150,22,中性盘
1569,10:48:33,13.24,11923,9,卖盘
1570,10:48:36,13.25,30466,23,中性盘
1571,10:48:39,13.25,110000,83,买盘
1572,10:48:42,13.24,62266,47,卖盘
1573,10:48:45,13.24,13240,10,卖盘
1574,10:48:48,13.25,102016,77,买盘
1575,10:48:51,13.25,107325,81,卖盘
1576,10:48:54,13.26,64926,49,买盘
1577,10:48:57,13.25,60950,46,卖盘
1578,10:49:00,13.25,21203,16,卖盘
1579,10:49:03,13.25,35779,27,卖盘
1580,10:49:06,13.24,282109,213,卖盘
1581,10:49:09,13.25,13250,10,中性盘
1582,10:49:12,13.26,41081,31,买盘
1583,10:49:15,13.25,9275,7,卖盘
1584,10:49:18,13.25,67558,51,卖盘
1585,10:49:21,13.25,140482,106,买盘
1586,10:49:24,13.25,117972,89,卖盘
1587,10:49:27,13.26,271830,205,买盘
1588,10:49:30,13.25,145811,110,卖盘
1589,10:49:33,13.27,33175,25,买盘
1590,10:49:36,13.26,11939,9,卖盘
1591,10:49:39,13.28,75622,57,买盘
1592,10:49:42,13.26,5304,4,卖盘
1593,10:49:45,13.27,579216,437,中性盘
1594,10:49:48,13.28,142096,107,买盘
1595,10:49:51,13.28,136784,103,卖盘
1596,10:49:54,13.28,29216,22,卖盘
1597,10:49:57,13.28,79681,60,卖盘
1598,10:50:00,13.28,41168,31,卖盘
1599,10:50:03,13.28,46500,35,卖盘
1600,10:50:06,13.28,1328,1,买盘
1601,10:50:09,13.29,39848,30,买盘
1602,10:50:12,13.27,29196,22,卖盘
1603,10:50:15,13.28,86338,65,卖盘
1604,10:50:18,13.28,15936,12,买盘
1605,10:50:21,13.27,34507,26,卖盘
1606,10:50:24,13.28,208494,157,买盘
1607,10:50:27,13.27,31867,24,卖盘
1608,10:50:30,13.28,92941,70,卖盘
1609,10:50:33,13.28,25232,19,卖盘
1610,10:50:36,13.28,69057,52,卖盘
1611,10:50:39,13.28,34534,26,卖盘
1612,10:50:42,13.28,14608,11,卖盘
1613,10:50:45,13.28,63744,48,买盘
1614,10:50:48,13.28,39840,30,卖盘
1615,10:50:51,13.28,71712,54,卖盘
1616,10:50:54,13.28,33200,25,买盘
1617,10:50:57,13.28,103581,78,买盘
1618,10:51:00,13.27,21234,16,卖盘
1619,10:51:03,13.28,6640,5,买盘
1620,10:51:06,13.28,139340,105,买盘
1621,10:51:09,13.27,7967,6,卖盘
1622,10:51:12,13.28,23899,18,买盘
1623,10:51:15,13.27,5310,4,卖盘
1624,10:51:18,13.27,3981,3,卖盘
1625,10:51:21,13.27,37178,28,卖盘
1626,10:51:24,13.28,35838,27,买盘
1627,10:51:27,13.27,141998,107,卖盘
1628,10:51:30,13.28,204369,154,买盘
1629,10:51:33,13.27,134027,101,卖盘
1630,10:51:36,13.27,19919,15,卖盘
1631,10:51:39,13.28,14608,11,买盘
1632,10:51:42,13.27,88913,67,卖盘
1633,10:51:45,13.27,15924,12,卖盘
1634,10:51:48,13.28,11948,9,买盘
1635,10:51:51,13.27,50444,38,卖盘
1636,10:51:54,13.27,13270,10,卖盘
1637,10:51:57,13.27,58413,44,卖盘
1638,10:52:00,13.28,257451,194,买盘
1639,10:52:03,13.28,31872,24,卖盘
1640,10:52:06,13.28,46480,35,卖盘
1641,10:52:09,13.28,42507,32,卖盘
1642,10:52:12,13.29,139529,105,买盘
1643,10:52:15,13.28,33203,25,卖盘
1644,10:52:18,13.29,562167,423,买盘
1645,10:52:21,13.29,123583,93,卖盘
1646,10:52:24,13.29,240539,181,卖盘
1647,10:52:27,13.29,991076,746,买盘
1648,10:52:30,13.3,69104,52,买盘
1649,10:52:33,13.28,69106,52,卖盘
1650,10:52:36,13.29,38517,29,买盘
1651,10:52:39,13.28,58443,44,卖盘
1652,10:52:42,13.29,18597,14,买盘
1653,10:52:45,13.29,38532,29,买盘
1654,10:52:48,13.28,23905,18,卖盘
1655,10:52:51,13.28,71764,54,卖盘
1656,10:52:54,13.29,61133,46,买盘
1657,10:52:57,13.28,1328,1,卖盘
1658,10:53:00,13.28,1819032,1369,卖盘
1659,10:53:03,13.28,53120,40,买盘
1660,10:53:06,13.28,195206,147,买盘
1661,10:53:09,13.28,49119,37,买盘
1662,10:53:12,13.27,138024,104,卖盘
1663,10:53:15,13.27,138008,104,卖盘
1664,10:53:18,13.26,27862,21,卖盘
1665,10:53:21,13.27,35824,27,买盘
1666,10:53:24,13.27,55734,42,买盘
1667,10:53:27,13.26,68962,52,卖盘
1668,10:53:30,13.26,127348,96,卖盘
1669,10:53:33,13.26,132613,100,卖盘
1670,10:53:36,13.27,71645,54,中性盘
1671,10:53:39,13.26,42434,32,卖盘
1672,10:53:42,13.27,565682,426,买盘
1673,10:53:45,13.27,71668,54,买盘
1674,10:53:48,13.26,35844,27,卖盘
1675,10:53:51,13.27,2653,2,中性盘
1676,10:53:54,13.27,46421,35,买盘
1677,10:53:57,13.27,165827,125,买盘
1678,10:54:00,13.28,136604,103,买盘
1679,10:54:03,13.27,23886,18,卖盘
1680,10:54:06,13.27,70300,53,买盘
1681,10:54:09,13.26,50393,38,卖盘
1682,10:54:12,13.27,17249,13,买盘
1683,10:54:15,13.27,55734,42,买盘
1684,10:54:18,13.26,160446,121,卖盘
1685,10:54:21,13.26,906000,683,卖盘
1686,10:54:24,13.26,13260,10,买盘
1687,10:54:27,13.25,50358,38,卖盘
1688,10:54:30,13.25,10605,8,卖盘
1689,10:54:33,13.25,18550,14,卖盘
1690,10:54:36,13.26,258503,195,买盘
1691,10:54:39,13.26,167076,126,卖盘
1692,10:54:42,13.25,291796,220,卖盘
1693,10:54:45,13.26,3978,3,中性盘
1694,10:54:48,13.25,221312,167,卖盘
1695,10:54:51,13.26,60996,46,买盘
1696,10:54:54,13.26,62287,47,卖盘
1697,10:54:57,13.26,74241,56,买盘
1698,10:55:00,13.26,129948,98,买盘
1699,10:55:03,13.25,438596,331,卖盘
1700,10:55:06,13.26,58344,44,卖盘
1701,10:55:09,13.26,11934,9,卖盘
1702,10:55:12,13.26,75582,57,卖盘
1703,10:55:15,13.26,3978,3,卖盘
1704,10:55:18,13.26,15912,12,卖盘
1705,10:55:21,13.26,393531,297,买盘
1706,10:55:27,13.26,41099,31,买盘
1707,10:55:30,13.25,15900,12,卖盘
1708,10:55:33,13.26,536998,405,买盘
1709,10:55:36,13.27,193474,146,买盘
1710,10:55:39,13.25,74243,56,卖盘
1711,10:55:42,13.25,18551,14,卖盘
1712,10:55:45,13.24,242438,183,卖盘
1713,10:55:48,13.25,340575,257,中性盘
1714,10:55:51,13.25,3975,3,卖盘
1715,10:55:54,13.25,43725,33,卖盘
1716,10:55:57,13.25,29150,22,卖盘
1717,10:56:00,13.25,538221,406,卖盘
1718,10:56:03,13.26,72876,55,中性盘
1719,10:56:06,13.25,689012,520,卖盘
1720,10:56:09,13.26,123320,93,中性盘
1721,10:56:12,13.25,127201,96,卖盘
1722,10:56:15,13.25,45050,34,买盘
1723,10:56:18,13.24,100641,76,卖盘
1724,10:56:21,13.25,237175,179,买盘
1725,10:56:24,13.25,333905,252,卖盘
1726,10:56:27,13.25,107325,81,卖盘
1727,10:56:30,13.25,76876,58,卖盘
1728,10:56:33,13.25,116601,88,卖盘
1729,10:56:36,13.25,17225,13,卖盘
1730,10:56:39,13.26,75558,57,买盘
1731,10:56:42,13.25,21206,16,卖盘
1732,10:56:45,13.26,1326,1,买盘
1733,10:56:48,13.26,1326,1,买盘
1734,10:56:51,13.26,111351,84,买盘
1735,10:56:54,13.26,54356,41,卖盘
1736,10:56:57,13.27,102108,77,买盘
1737,10:57:00,13.26,62358,47,卖盘
1738,10:57:03,13.27,3981,3,买盘
1739,10:57:06,13.26,102112,77,卖盘
1740,10:57:09,13.26,7956,6,卖盘
1741,10:57:12,13.27,3981,3,买盘
1742,10:57:15,13.26,26520,20,卖盘
1743,10:57:18,13.26,29172,22,卖盘
1744,10:57:24,13.26,30515,23,卖盘
1745,10:57:30,13.27,1327,1,买盘
1746,10:57:33,13.26,733292,553,卖盘
1747,10:57:36,13.26,212172,160,卖盘
1748,10:57:39,13.26,88825,67,买盘
1749,10:57:42,13.25,63605,48,卖盘
1750,10:57:45,13.26,21216,16,买盘
1751,10:57:48,13.26,41106,31,中性盘
1752,10:57:51,13.26,182988,138,卖盘
1753,10:57:54,13.26,35792,27,买盘
1754,10:57:57,13.26,37101,28,买盘
1755,10:58:00,13.26,351356,265,买盘
1756,10:58:03,13.26,209492,158,卖盘
1757,10:58:06,13.25,592275,447,卖盘
1758,10:58:09,13.24,43694,33,卖盘
1759,10:58:12,13.24,41064,31,卖盘
1760,10:58:15,13.24,869878,657,卖盘
1761,10:58:18,13.24,112540,85,买盘
1762,10:58:21,13.23,2646,2,卖盘
1763,10:58:24,13.24,54244,41,买盘
1764,10:58:27,13.23,134946,102,卖盘
1765,10:58:30,13.23,317520,240,卖盘
1766,10:58:33,13.22,175954,133,卖盘
1767,10:58:36,13.23,10584,8,买盘
1768,10:58:39,13.22,92540,70,卖盘
1769,10:58:42,13.22,282936,214,卖盘
1770,10:58:45,13.22,304080,230,卖盘
1771,10:58:48,13.22,477250,361,卖盘
1772,10:58:51,13.22,157219,119,买盘
1773,10:58:54,13.21,77939,59,卖盘
1774,10:58:57,13.22,122878,93,买盘
1775,10:59:00,13.21,470277,356,卖盘
1776,10:59:03,13.23,954502,722,买盘
1777,10:59:06,13.22,187859,142,卖盘
1778,10:59:09,13.2,1222283,925,卖盘
1779,10:59:12,13.21,27756,21,卖盘
1780,10:59:15,13.22,267044,202,买盘
1781,10:59:18,13.22,142775,108,卖盘
1782,10:59:21,13.22,115032,87,卖盘
1783,10:59:24,13.22,330474,250,卖盘
1784,10:59:27,13.22,25127,19,中性盘
1785,10:59:30,13.21,92482,70,卖盘
1786,10:59:33,13.21,62103,47,卖盘
1787,10:59:36,13.22,67404,51,买盘
1788,10:59:39,13.21,92502,70,卖盘
1789,10:59:42,13.22,68705,52,买盘
1790,10:59:45,13.22,250951,190,中性盘
1791,10:59:48,13.23,56864,43,买盘
1792,10:59:51,13.24,109816,83,买盘
1793,10:59:54,13.24,190637,144,买盘
1794,10:59:57,13.24,19851,15,买盘
1795,11:00:00,13.23,154791,117,卖盘
1796,11:00:03,13.23,84680,64,卖盘
1797,11:00:06,13.23,279162,211,卖盘
1798,11:00:09,13.23,154798,117,买盘
1799,11:00:12,13.24,88661,67,买盘
1800,11:00:15,13.23,46307,35,卖盘
1801,11:00:18,13.23,289732,219,买盘
1802,11:00:21,13.23,333381,252,买盘
1803,11:00:24,13.23,111058,84,买盘
1804,11:00:27,13.22,93921,71,卖盘
1805,11:00:30,13.22,111065,84,卖盘
1806,11:00:33,13.22,231470,175,卖盘
1807,11:00:36,13.23,13230,10,中性盘
1808,11:00:39,13.23,807823,611,卖盘
1809,11:00:42,13.23,173313,131,买盘
1810,11:00:45,13.23,85994,65,买盘
1811,11:00:48,13.22,18514,14,卖盘
1812,11:00:51,13.22,269703,204,卖盘
1813,11:00:54,13.22,214291,162,卖盘
1814,11:00:57,13.23,152063,115,买盘
1815,11:01:00,13.23,19845,15,卖盘
1816,11:01:03,13.23,10584,8,卖盘
1817,11:01:06,13.23,108561,82,卖盘
1818,11:01:09,13.23,125732,95,卖盘
1819,11:01:12,13.24,259501,196,买盘
1820,11:01:15,13.25,10600,8,买盘
1821,11:01:18,13.24,280595,212,卖盘
1822,11:01:21,13.24,111275,84,卖盘
1823,11:01:24,13.24,14564,11,买盘
1824,11:01:30,13.24,78142,59,买盘
1825,11:01:33,13.24,6620,5,卖盘
1826,11:01:36,13.23,305709,231,卖盘
1827,11:01:39,13.24,15888,12,卖盘
1828,11:01:42,13.24,1324,1,买盘
1829,11:01:45,13.24,31776,24,买盘
1830,11:01:51,13.24,6620,5,买盘
1831,11:01:54,13.23,6615,5,卖盘
1832,11:01:57,13.23,67473,51,卖盘
1833,11:02:00,13.23,14554,11,卖盘
1834,11:02:03,13.23,35721,27,卖盘
1835,11:02:06,13.23,91307,69,卖盘
1836,11:02:09,13.23,240786,182,卖盘
1837,11:02:12,13.24,79390,60,买盘
1838,11:02:15,13.23,15886,12,卖盘
1839,11:02:18,13.24,89966,68,买盘
1840,11:02:21,13.24,317528,240,买盘
1841,11:02:24,13.23,56902,43,卖盘
1842,11:02:27,13.24,23831,18,买盘
1843,11:02:30,13.23,7938,6,卖盘
1844,11:02:33,13.23,35725,27,卖盘
1845,11:02:36,13.23,112473,85,卖盘
1846,11:02:39,13.24,13231,10,买盘
1847,11:02:42,13.24,41018,31,买盘
1848,11:02:45,13.23,246081,186,卖盘
1849,11:02:48,13.24,164046,124,买盘
1850,11:02:51,13.23,64813,49,卖盘
1851,11:02:54,13.23,21171,16,买盘
1852,11:02:57,13.24,25154,19,买盘
1853,11:03:00,13.24,576899,436,买盘
1854,11:03:03,13.24,35730,27,买盘
1855,11:03:09,13.24,357480,270,买盘
1856,11:03:12,13.25,177447,134,买盘
1857,11:03:15,13.24,54290,41,卖盘
1858,11:03:21,13.24,49019,37,卖盘
1859,11:03:24,13.25,105982,80,买盘
1860,11:03:27,13.24,17221,13,卖盘
1861,11:03:30,13.24,41051,31,卖盘
1862,11:03:33,13.24,75495,57,卖盘
1863,11:03:36,13.24,9268,7,卖盘
1864,11:03:39,13.25,79490,60,买盘
1865,11:03:42,13.25,9275,7,买盘
1866,11:03:45,13.25,103350,78,买盘
1867,11:03:48,13.25,30486,23,卖盘
1868,11:03:51,13.25,295475,223,卖盘
1869,11:03:54,13.25,140451,106,卖盘
1870,11:04:00,13.25,45030,34,买盘
1871,11:04:03,13.24,499168,377,卖盘
1872,11:04:06,13.24,41044,31,买盘
1873,11:04:09,13.24,54281,41,买盘
1874,11:04:12,13.24,31769,24,买盘
1875,11:04:15,13.23,123127,93,卖盘
1876,11:04:18,13.23,42336,32,卖盘
1877,11:04:21,13.24,6620,5,买盘
1878,11:04:24,13.23,79394,60,卖盘
1879,11:04:27,13.24,75463,57,买盘
1880,11:04:30,13.23,88646,67,卖盘
1881,11:04:33,13.24,116471,88,买盘
1882,11:04:36,13.24,51614,39,买盘
1883,11:04:39,13.23,33075,25,卖盘
1884,11:04:42,13.24,86029,65,买盘
1885,11:04:45,13.23,162729,123,卖盘
1886,11:04:48,13.24,136371,103,买盘
1887,11:04:51,13.24,43692,33,卖盘
1888,11:04:54,13.23,239512,181,卖盘
1889,11:04:57,13.23,255425,193,卖盘
1890,11:05:00,13.23,74094,56,卖盘
1891,11:05:03,13.23,201103,152,卖盘
1892,11:05:06,13.23,214326,162,卖盘
1893,11:05:09,13.23,9261,7,买盘
1894,11:05:12,13.23,273722,207,买盘
1895,11:05:15,13.22,99151,75,卖盘
1896,11:05:18,13.22,182437,138,卖盘
1897,11:05:21,13.23,175952,133,买盘
1898,11:05:24,13.22,366205,277,卖盘
1899,11:05:27,13.22,108404,82,卖盘
1900,11:05:30,13.22,109726,83,买盘
1901,11:05:33,13.22,21152,16,卖盘
1902,11:05:36,13.23,103127,78,买盘
1903,11:05:39,13.23,35700,27,买盘
1904,11:05:42,13.23,226072,171,买盘
1905,11:05:45,13.23,207698,157,买盘
1906,11:05:48,13.23,705155,533,买盘
1907,11:05:51,13.22,89940,68,卖盘
1908,11:05:54,13.24,29096,22,买盘
1909,11:06:00,13.24,46308,35,买盘
1910,11:06:03,13.23,18530,14,卖盘
1911,11:06:06,13.23,80703,61,卖盘
1912,11:06:09,13.23,22495,17,卖盘
1913,11:06:12,13.23,21168,16,卖盘
1914,11:06:15,13.23,71442,54,买盘
1915,11:06:18,13.23,5292,4,买盘
1916,11:06:21,13.22,35716,27,卖盘
1917,11:06:24,13.23,27783,21,卖盘
1918,11:06:27,13.23,39697,30,卖盘
1919,11:06:30,13.23,23825,18,卖盘
1920,11:06:33,13.23,59535,45,卖盘
1921,11:06:36,13.22,30409,23,卖盘
1922,11:06:39,13.23,34384,26,买盘
1923,11:06:42,13.22,223423,169,卖盘
1924,11:06:45,13.23,92587,70,买盘
1925,11:06:48,13.23,29768,23,买盘
1926,11:06:51,13.23,29119,22,卖盘
1927,11:06:54,13.23,7938,6,卖盘
1928,11:06:57,13.23,28445,22,卖盘
1929,11:07:00,13.23,56871,43,买盘
1930,11:07:03,13.23,5292,4,买盘
1931,11:07:06,13.22,132200,100,卖盘
1932,11:07:09,13.22,17196,13,卖盘
1933,11:07:12,13.22,81989,62,卖盘
1934,11:07:15,13.22,152044,115,卖盘
1935,11:07:18,13.22,50246,38,卖盘
1936,11:07:21,13.22,81966,62,卖盘
1937,11:07:24,13.22,26440,20,卖盘
1938,11:07:27,13.22,54204,41,卖盘
1939,11:07:30,13.22,15864,12,卖盘
1940,11:07:33,13.22,46278,35,卖盘
1941,11:07:36,13.22,5288,4,卖盘
1942,11:07:39,13.22,1322,1,卖盘
1943,11:07:42,13.22,68777,52,卖盘
1944,11:07:45,13.22,25119,19,卖盘
1945,11:07:48,13.22,317306,240,卖盘
1946,11:07:51,13.22,33052,25,卖盘
1947,11:07:54,13.22,22474,17,卖盘
1948,11:07:57,13.22,18508,14,卖盘
1949,11:08:00,13.22,26444,20,卖盘
1950,11:08:03,13.22,51564,39,卖盘
1951,11:08:06,13.22,301416,228,卖盘
1952,11:08:09,13.22,58169,44,卖盘
1953,11:08:12,13.23,175834,133,买盘
1954,11:08:15,13.22,118980,90,卖盘
1955,11:08:18,13.22,62134,47,卖盘
1956,11:08:21,13.22,39660,30,卖盘
1957,11:08:24,13.22,137501,104,卖盘
1958,11:08:27,13.23,33058,25,买盘
1959,11:08:30,13.22,288208,218,卖盘
1960,11:08:33,13.22,136166,103,卖盘
1961,11:08:39,13.21,387344,293,卖盘
1962,11:08:42,13.22,15864,12,买盘
1963,11:08:45,13.21,169106,128,卖盘
1964,11:08:48,13.21,97764,74,卖盘
1965,11:08:51,13.21,224570,170,卖盘
1966,11:08:54,13.21,48883,37,卖盘
1967,11:08:57,13.21,112340,85,卖盘
1968,11:09:00,13.21,216645,164,卖盘
1969,11:09:03,13.21,93815,71,卖盘
1970,11:09:06,13.21,73979,56,卖盘
1971,11:09:09,13.21,678994,514,卖盘
1972,11:09:12,13.22,429371,325,买盘
1973,11:09:15,13.21,566721,429,卖盘
1974,11:09:18,13.21,91149,69,买盘
1975,11:09:21,13.21,6605,5,买盘
1976,11:09:24,13.21,472767,358,买盘
1977,11:09:27,13.21,195508,148,卖盘
1978,11:09:30,13.22,173053,131,买盘
1979,11:09:33,13.21,52840,40,卖盘
1980,11:09:36,13.21,92518,70,卖盘
1981,11:09:39,13.21,191557,145,卖盘
1982,11:09:42,13.21,40952,31,卖盘
1983,11:09:45,13.22,29070,22,买盘
1984,11:09:48,13.21,35680,27,卖盘
1985,11:09:51,13.21,40966,31,卖盘
1986,11:09:54,13.21,93813,71,卖盘
1987,11:09:57,13.22,520866,394,买盘
1988,11:10:00,13.22,130878,99,买盘
1989,11:10:03,13.22,294806,223,卖盘
1990,11:10:06,13.22,61473,47,卖盘
1991,11:10:09,13.22,429246,325,卖盘
1992,11:10:12,13.23,115101,87,卖盘
1993,11:10:15,13.24,465947,352,买盘
1994,11:10:18,13.24,157545,119,卖盘
1995,11:10:21,13.24,9268,7,买盘
1996,11:10:24,13.23,230324,174,卖盘
1997,11:10:27,13.24,37057,28,中性盘
1998,11:10:30,13.25,55647,42,买盘
1999,11:10:33,13.24,72834,55,中性盘
2000,11:10:36,13.24,103348,78,中性盘
2001,11:10:39,13.24,38393,29,中性盘
2002,11:10:42,13.25,67527,51,买盘
2003,11:10:45,13.25,398812,301,买盘
2004,11:10:48,13.25,82095,62,卖盘
2005,11:10:51,13.24,87429,66,卖盘
2006,11:10:54,13.24,21196,16,买盘
2007,11:10:57,13.24,47661,36,卖盘
2008,11:11:00,13.25,95358,72,买盘
2009,11:11:03,13.25,51664,39,买盘
2010,11:11:06,13.24,274190,207,卖盘
2011,11:11:09,13.24,13247,10,卖盘
2012,11:11:12,13.24,165500,125,卖盘
2013,11:11:15,13.24,22512,17,卖盘
2014,11:11:18,13.25,22523,17,买盘
2015,11:11:21,13.24,112540,85,卖盘
2016,11:11:24,13.25,139125,105,买盘
2017,11:11:27,13.24,22520,17,卖盘
2018,11:11:30,13.24,14570,11,卖盘
2019,11:11:33,13.24,13242,10,卖盘
2020,11:11:36,13.24,158997,120,卖盘
2021,11:11:39,13.24,43713,33,卖盘
2022,11:11:42,13.24,160217,121,卖盘
2023,11:11:45,13.25,14574,11,买盘
2024,11:11:48,13.25,207999,157,买盘
2025,11:11:51,13.25,1676125,1265,买盘
2026,11:11:54,13.25,1108979,837,卖盘
2027,11:11:57,13.25,33135,25,卖盘
2028,11:12:00,13.25,31800,24,卖盘
2029,11:12:03,13.25,169602,128,卖盘
2030,11:12:06,13.25,112627,85,卖盘
2031,11:12:09,13.25,100700,76,买盘
2032,11:12:12,13.23,374660,283,卖盘
2033,11:12:15,13.25,39743,30,买盘
2034,11:12:18,13.24,307351,232,卖盘
2035,11:12:21,13.25,30455,23,买盘
2036,11:12:24,13.25,90090,68,买盘
2037,11:12:27,13.24,92713,70,卖盘
2038,11:12:30,13.25,95381,72,买盘
2039,11:12:33,13.25,11918,9,买盘
2040,11:12:36,13.25,127120,96,买盘
2041,11:12:39,13.24,94001,71,卖盘
2042,11:12:42,13.25,227831,172,买盘
2043,11:12:45,13.25,194775,147,卖盘
2044,11:12:48,13.25,563097,425,卖盘
2045,11:12:54,13.25,14575,11,买盘
2046,11:12:57,13.23,6615,5,卖盘
2047,11:13:00,13.23,26484,20,卖盘
2048,11:13:03,13.23,78075,59,卖盘
2049,11:13:06,13.24,19859,15,买盘
2050,11:13:09,13.23,63564,48,卖盘
2051,11:13:12,13.24,6620,5,中性盘
2052,11:13:15,13.24,71493,54,卖盘
2053,11:13:18,13.25,21195,16,买盘
2054,11:13:21,13.25,52980,40,买盘
2055,11:13:27,13.24,19861,15,卖盘
2056,11:13:30,13.24,113925,86,卖盘
2057,11:13:33,13.24,7944,6,卖盘
2058,11:13:36,13.25,2650,2,买盘
2059,11:13:39,13.25,33120,25,买盘
2060,11:13:42,13.25,153600,116,买盘
2061,11:13:45,13.25,70185,53,买盘
2062,11:13:48,13.24,1324,1,卖盘
2063,11:13:51,13.25,53000,40,买盘
2064,11:13:54,13.25,164247,124,买盘
2065,11:13:57,13.25,37085,28,买盘
2066,11:14:00,13.25,111578,84,买盘
2067,11:14:03,13.26,41090,31,买盘
2068,11:14:06,13.27,840689,634,买盘
2069,11:14:09,13.28,532277,401,买盘
2070,11:14:12,13.29,85036,64,买盘
2071,11:14:15,13.29,147519,111,买盘
2072,11:14:18,13.29,26577,20,买盘
2073,11:14:21,13.29,41199,31,买盘
2074,11:14:24,13.29,154164,116,买盘
2075,11:14:27,13.29,2658,2,买盘
2076,11:14:30,13.29,41199,31,买盘
2077,11:14:33,13.29,22593,17,买盘
2078,11:14:36,13.29,1329,1,买盘
2079,11:14:39,13.29,138127,104,买盘
2080,11:14:42,13.28,73093,55,卖盘
2081,11:14:45,13.29,42528,32,买盘
2082,11:14:48,13.29,142203,107,卖盘
2083,11:14:51,13.3,220779,166,买盘
2084,11:14:54,13.3,150274,113,买盘
2085,11:14:57,13.29,669844,504,卖盘
2086,11:15:00,13.3,94376,71,买盘
2087,11:15:03,13.3,31900,24,买盘
2088,11:15:06,13.29,62463,47,买盘
2089,11:15:09,13.29,181971,137,买盘
2090,11:15:12,13.3,167554,126,买盘
2091,11:15:15,13.29,23922,18,卖盘
2092,11:15:18,13.3,75804,57,买盘
2093,11:15:21,13.29,112966,85,卖盘
2094,11:15:24,13.3,309849,233,买盘
2095,11:15:30,13.3,15958,12,买盘
2096,11:15:36,13.3,53196,40,买盘
2097,11:15:39,13.29,51832,39,卖盘
2098,11:15:42,13.29,150197,113,卖盘
2099,11:15:45,13.29,33225,25,买盘
2100,11:15:48,13.29,58475,44,买盘
2101,11:15:51,13.28,521942,393,卖盘
2102,11:15:54,13.28,21247,16,买盘
2103,11:15:57,13.27,26558,20,卖盘
2104,11:16:00,13.27,248220,187,卖盘
2105,11:16:03,13.27,567961,428,买盘
2106,11:16:06,13.26,225440,170,卖盘
2107,11:16:09,13.27,470367,354,中性盘
2108,11:16:12,13.28,14618,11,中性盘
2109,11:16:15,13.28,2656,2,卖盘
2110,11:16:18,13.28,90312,68,卖盘
2111,11:16:21,13.28,29216,22,卖盘
2112,11:16:24,13.28,10624,8,卖盘
2113,11:16:27,13.28,94324,71,卖盘
2114,11:16:30,13.29,6641,5,买盘
2115,11:16:33,13.28,5312,4,卖盘
2116,11:16:36,13.28,79680,60,卖盘
2117,11:16:39,13.29,18594,14,买盘
2118,11:16:42,13.29,63792,48,买盘
2119,11:16:45,13.29,38541,29,买盘
2120,11:16:48,13.28,2657,2,卖盘
2121,11:16:51,13.28,19920,15,卖盘
2122,11:16:54,13.28,7973,6,卖盘
2123,11:16:57,13.28,139440,105,卖盘
2124,11:17:00,13.29,5316,4,买盘
2125,11:17:03,13.29,3987,3,买盘
2126,11:17:06,13.28,462144,348,卖盘
2127,11:17:09,13.28,2656,2,买盘
2128,11:17:12,13.28,77024,58,买盘
2129,11:17:15,13.28,55775,42,买盘
2130,11:17:18,13.28,144728,109,买盘
2131,11:17:24,13.28,146080,110,卖盘
2132,11:17:27,13.29,77032,58,买盘
2133,11:17:30,13.29,41193,31,买盘
2134,11:17:33,13.28,1328,1,中性盘
2135,11:17:39,13.28,69060,52,卖盘
2136,11:17:42,13.28,15937,12,卖盘
2137,11:17:45,13.28,107568,81,卖盘
2138,11:17:54,13.28,296144,223,卖盘
2139,11:17:57,13.29,13289,10,买盘
2140,11:18:00,13.28,54448,41,卖盘
2141,11:18:03,13.28,2656,2,买盘
2142,11:18:06,13.28,1328,1,买盘
2143,11:18:09,13.28,14608,11,买盘
2144,11:18:12,13.28,38512,29,买盘
2145,11:18:15,13.27,18588,14,卖盘
2146,11:18:21,13.28,249662,188,买盘
2147,11:18:27,13.29,330719,249,买盘
2148,11:18:30,13.28,911270,686,卖盘
2149,11:18:33,13.29,38531,29,卖盘
2150,11:18:36,13.3,3990,3,买盘
2151,11:18:39,13.28,35856,27,卖盘
2152,11:18:42,13.29,9298,7,中性盘
2153,11:18:45,13.29,1329,1,买盘
2154,11:18:48,13.28,84993,64,卖盘
2155,11:18:51,13.28,15936,12,买盘
2156,11:18:54,13.29,17275,13,买盘
2157,11:18:57,13.28,1328,1,卖盘
2158,11:19:00,13.29,65090,49,买盘
2159,11:19:06,13.28,1328,1,卖盘
2160,11:19:09,13.28,168711,127,卖盘
2161,11:19:12,13.28,1328,1,卖盘
2162,11:19:15,13.28,59760,45,卖盘
2163,11:19:21,13.28,33193,25,买盘
2164,11:19:24,13.28,9296,7,中性盘
2165,11:19:27,13.28,1328,1,卖盘
2166,11:19:30,13.28,5312,4,卖盘
2167,11:19:33,13.29,25233,19,买盘
2168,11:19:36,13.29,30555,23,买盘
2169,11:19:39,13.29,73089,55,买盘
2170,11:19:42,13.28,167333,126,卖盘
2171,11:19:45,13.29,10625,8,买盘
2172,11:19:48,13.28,17264,13,卖盘
2173,11:19:51,13.28,39840,30,卖盘
2174,11:19:54,13.28,14608,11,卖盘
2175,11:19:57,13.28,10624,8,卖盘
2176,11:20:03,13.28,30544,23,卖盘
2177,11:20:06,13.29,6645,5,买盘
2178,11:20:09,13.28,61088,46,卖盘
2179,11:20:12,13.29,11958,9,买盘
2180,11:20:15,13.28,67729,51,卖盘
2181,11:20:18,13.29,558176,420,买盘
2182,11:20:21,13.29,23922,18,卖盘
2183,11:20:24,13.29,104999,79,卖盘
2184,11:20:27,13.3,10636,8,买盘
2185,11:20:30,13.29,23922,18,卖盘
2186,11:20:33,13.29,106320,80,卖盘
2187,11:20:36,13.29,79706,60,买盘
2188,11:20:39,13.29,42521,32,买盘
2189,11:20:42,13.29,77038,58,买盘
2190,11:20:45,13.29,25251,19,买盘
2191,11:20:48,13.28,70429,53,卖盘
2192,11:20:51,13.28,7971,6,卖盘
2193,11:20:57,13.28,49150,37,卖盘
2194,11:21:00,13.29,350856,264,买盘
2195,11:21:03,13.28,21248,16,卖盘
2196,11:21:06,13.28,22592,17,卖盘
2197,11:21:09,13.29,21255,16,买盘
2198,11:21:12,13.29,51801,39,买盘
2199,11:21:15,13.28,57104,43,卖盘
2200,11:21:18,13.29,10632,8,买盘
2201,11:21:21,13.29,19935,15,买盘
2202,11:21:24,13.28,31872,24,卖盘
2203,11:21:27,13.29,75752,57,买盘
2204,11:21:30,13.28,123587,93,卖盘
2205,11:21:33,13.28,448864,338,卖盘
2206,11:21:36,13.28,15936,12,买盘
2207,11:21:39,13.28,53120,40,买盘
2208,11:21:42,13.28,168654,127,买盘
2209,11:21:45,13.27,114179,86,卖盘
2210,11:21:48,13.28,75652,57,买盘
2211,11:21:57,13.28,285510,215,买盘
2212,11:22:00,13.27,70354,53,卖盘
2213,11:22:03,13.28,41168,31,买盘
2214,11:22:06,13.28,9296,7,买盘
2215,11:22:09,13.27,59716,45,卖盘
2216,11:22:12,13.28,619947,467,买盘
2217,11:22:15,13.27,31848,24,卖盘
2218,11:22:21,13.28,7968,6,买盘
2219,11:22:27,13.27,87582,66,卖盘
2220,11:22:30,13.27,2654,2,卖盘
2221,11:22:36,13.27,11943,9,卖盘
2222,11:22:39,13.27,110218,83,卖盘
2223,11:22:42,13.28,25223,19,买盘
2224,11:22:48,13.27,63696,48,卖盘
2225,11:22:51,13.27,169856,128,卖盘
2226,11:22:54,13.27,1327,1,买盘
2227,11:23:00,13.27,45118,34,买盘
2228,11:23:03,13.29,629294,474,买盘
2229,11:23:06,13.32,2988432,2246,买盘
2230,11:23:09,13.31,282092,212,卖盘
2231,11:23:12,13.32,95904,72,买盘
2232,11:23:15,13.31,13309,10,卖盘
2233,11:23:18,13.31,14641,11,卖盘
2234,11:23:21,13.31,15972,12,买盘
2235,11:23:24,13.32,651208,489,买盘
2236,11:23:27,13.32,57276,43,卖盘
2237,11:23:30,13.32,25316,19,卖盘
2238,11:23:33,13.33,90629,68,买盘
2239,11:23:36,13.33,107903,81,买盘
2240,11:23:39,13.33,303723,228,买盘
2241,11:23:42,13.33,510247,383,买盘
2242,11:23:45,13.32,111961,84,中性盘
2243,11:23:48,13.32,59948,45,卖盘
2244,11:23:51,13.32,69292,52,买盘
2245,11:23:54,13.33,186577,140,买盘
2246,11:23:57,13.32,30635,23,卖盘
2247,11:24:00,13.32,41292,31,中性盘
2248,11:24:03,13.32,99890,75,买盘
2249,11:24:06,13.32,419774,315,买盘
2250,11:24:09,13.32,45288,34,买盘
2251,11:24:12,13.32,138449,104,买盘
2252,11:24:15,13.33,423785,318,买盘
2253,11:24:18,13.32,165347,124,买盘
2254,11:24:21,13.33,41316,31,中性盘
2255,11:24:24,13.32,26646,20,卖盘
2256,11:24:27,13.33,22650,17,买盘
2257,11:24:30,13.33,145267,109,买盘
2258,11:24:33,13.33,174618,131,卖盘
2259,11:24:36,13.33,190542,143,买盘
2260,11:24:39,13.32,162519,122,卖盘
2261,11:24:42,13.32,43969,33,卖盘
2262,11:24:45,13.32,18648,14,买盘
2263,11:24:48,13.32,265266,199,买盘
2264,11:24:51,13.32,117217,88,卖盘
2265,11:24:54,13.32,2664,2,卖盘
2266,11:24:57,13.32,109224,82,卖盘
2267,11:25:00,13.33,91959,69,买盘
2268,11:25:03,13.33,67973,51,买盘
2269,11:25:06,13.33,69316,52,买盘
2270,11:25:09,13.33,69316,52,买盘
2271,11:25:12,13.34,85290,64,买盘
2272,11:25:15,13.33,89311,67,卖盘
2273,11:25:18,13.33,66650,50,买盘
2274,11:25:21,13.33,9331,7,买盘
2275,11:25:24,13.33,73315,55,买盘
2276,11:25:27,13.34,155969,117,买盘
2277,11:25:30,13.3,1405338,1057,卖盘
2278,11:25:33,13.33,78638,59,买盘
2279,11:25:36,13.33,18662,14,买盘
2280,11:25:39,13.31,79913,60,卖盘
2281,11:25:42,13.31,3993,3,中性盘
2282,11:25:48,13.32,10656,8,买盘
2283,11:25:51,13.32,33290,25,买盘
2284,11:25:57,13.31,29302,22,卖盘
2285,11:26:00,13.32,214452,161,买盘
2286,11:26:03,13.31,183716,138,卖盘
2287,11:26:06,13.31,109185,82,卖盘
2288,11:26:09,13.32,7992,6,卖盘
2289,11:26:15,13.32,155834,117,买盘
2290,11:26:18,13.32,181142,136,买盘
2291,11:26:21,13.32,123875,93,卖盘
2292,11:26:24,13.32,101232,76,买盘
2293,11:26:27,13.32,13320,10,买盘
2294,11:26:30,13.32,7992,6,买盘
2295,11:26:33,13.31,135783,102,卖盘
2296,11:26:36,13.32,73258,55,买盘
2297,11:26:39,13.32,10652,8,买盘
2298,11:26:42,13.32,67882,51,买盘
2299,11:26:45,13.31,1220342,919,卖盘
2300,11:26:48,13.31,416922,313,买盘
2301,11:26:51,13.31,69215,52,买盘
2302,11:26:54,13.31,6655,5,卖盘
2303,11:26:57,13.31,58584,44,卖盘
2304,11:27:00,13.31,11979,9,卖盘
2305,11:27:03,13.31,5325,4,卖盘
2306,11:27:06,13.31,79860,60,卖盘
2307,11:27:09,13.31,139755,105,卖盘
2308,11:27:12,13.31,10648,8,卖盘
2309,11:27:15,13.31,55902,42,卖盘
2310,11:27:18,13.31,232945,175,卖盘
2311,11:27:21,13.31,71882,54,卖盘
2312,11:27:24,13.31,138424,104,卖盘
2313,11:27:27,13.32,38601,29,买盘
2314,11:27:30,13.31,43925,33,卖盘
2315,11:27:33,13.31,131781,99,买盘
2316,11:27:36,13.32,11987,9,买盘
2317,11:27:42,13.32,1332,1,买盘
2318,11:27:48,13.32,13318,10,买盘
2319,11:27:51,13.32,10656,8,买盘
2320,11:27:54,13.32,31966,24,买盘
2321,11:27:57,13.32,146510,110,买盘
2322,11:28:00,13.31,187694,141,卖盘
2323,11:28:03,13.31,117143,88,卖盘
2324,11:28:06,13.32,3994,3,买盘
2325,11:28:09,13.32,2663,2,买盘
2326,11:28:12,13.32,6660,5,买盘
2327,11:28:15,13.32,25303,19,买盘
2328,11:28:18,13.32,97226,73,买盘
2329,11:28:21,13.31,2662,2,卖盘
2330,11:28:27,13.31,210298,158,卖盘
2331,11:28:30,13.31,149074,112,卖盘
2332,11:28:33,13.31,38599,29,卖盘
2333,11:28:36,13.31,6655,5,买盘
2334,11:28:42,13.31,9315,7,买盘
2335,11:28:45,13.31,1331,1,买盘
2336,11:28:48,13.3,194184,146,卖盘
2337,11:28:51,13.3,37258,28,卖盘
2338,11:28:54,13.3,15965,12,卖盘
2339,11:28:57,13.31,43915,33,买盘
2340,11:29:00,13.31,150307,113,买盘
2341,11:29:03,13.3,39928,30,卖盘
2342,11:29:06,13.31,37264,28,买盘
2343,11:29:09,13.3,54551,41,卖盘
2344,11:29:12,13.31,42592,32,买盘
2345,11:29:15,13.3,6651,5,卖盘
2346,11:29:18,13.3,111802,84,卖盘
2347,11:29:21,13.32,179815,135,买盘
2348,11:29:24,13.32,37300,28,买盘
2349,11:29:27,13.32,322437,242,卖盘
2350,11:29:30,13.32,5331,4,卖盘
2351,11:29:33,13.33,55959,42,买盘
2352,11:29:36,13.32,41204,31,卖盘
2353,11:29:39,13.32,6660,5,买盘
2354,11:29:42,13.32,18648,14,买盘
2355,11:29:45,13.32,20073,15,买盘
2356,11:29:48,13.33,238440,179,买盘
2357,11:29:54,13.33,162611,122,买盘
2358,11:29:57,13.33,137299,103,买盘
2359,11:30:00,13.33,116064,87,买盘
2360,13:00:00,13.34,2080760,1560,买盘
2361,13:00:03,13.34,2122411,1591,卖盘
2362,13:00:06,13.34,1195280,896,卖盘
2363,13:00:09,13.31,414438,311,卖盘
2364,13:00:12,13.31,11979,9,卖盘
2365,13:00:15,13.31,109146,82,卖盘
2366,13:00:18,13.31,206156,155,买盘
2367,13:00:21,13.31,1331,1,卖盘
2368,13:00:24,13.31,73209,55,卖盘
2369,13:00:27,13.31,5324,4,卖盘
2370,13:00:30,13.31,6655,5,卖盘
2371,13:00:33,13.3,248710,187,卖盘
2372,13:00:36,13.3,35910,27,买盘
2373,13:00:39,13.3,39900,30,买盘
2374,13:00:42,13.29,126255,95,卖盘
2375,13:00:45,13.3,14625,11,买盘
2376,13:00:48,13.3,5320,4,买盘
2377,13:00:51,13.3,10640,8,买盘
2378,13:00:54,13.29,81071,61,卖盘
2379,13:00:57,13.29,54489,41,卖盘
2380,13:01:00,13.29,41199,31,卖盘
2381,13:01:03,13.28,82336,62,卖盘
2382,13:01:06,13.29,41198,31,买盘
2383,13:01:12,13.29,55778,42,买盘
2384,13:01:15,13.28,124872,94,卖盘
2385,13:01:18,13.28,1328,1,卖盘
2386,13:01:21,13.29,23922,18,买盘
2387,13:01:24,13.29,285714,215,买盘
2388,13:01:27,13.3,505155,380,买盘
2389,13:01:30,13.3,26590,20,买盘
2390,13:01:33,13.3,324426,244,买盘
2391,13:01:36,13.3,183408,138,中性盘
2392,13:01:39,13.3,233947,176,卖盘
2393,13:01:42,13.3,7980,6,卖盘
2394,13:01:45,13.3,14630,11,买盘
2395,13:01:48,13.3,50540,38,买盘
2396,13:01:51,13.3,18613,14,买盘
2397,13:01:54,13.29,66450,50,卖盘
2398,13:01:57,13.28,70409,53,卖盘
2399,13:02:00,13.28,55856,42,卖盘
2400,13:02:03,13.28,21264,16,卖盘
2401,13:02:06,13.28,47810,36,卖盘
2402,13:02:09,13.28,13280,10,卖盘
2403,13:02:12,13.28,58434,44,卖盘
2404,13:02:15,13.28,21248,16,卖盘
2405,13:02:18,13.29,6642,5,买盘
2406,13:02:21,13.28,66401,50,卖盘
2407,13:02:24,13.27,19910,15,卖盘
2408,13:02:30,13.27,79665,60,卖盘
2409,13:02:33,13.26,152562,115,卖盘
2410,13:02:36,13.27,17251,13,中性盘
2411,13:02:39,13.26,79563,60,卖盘
2412,13:02:42,13.26,9282,7,卖盘
2413,13:02:45,13.26,18564,14,卖盘
2414,13:02:48,13.27,71641,54,买盘
2415,13:02:51,13.26,19897,15,卖盘
2416,13:02:54,13.27,360699,272,买盘
2417,13:02:57,13.26,29172,22,卖盘
2418,13:03:00,13.27,412668,311,买盘
2419,13:03:03,13.27,103532,78,卖盘
2420,13:03:06,13.27,87582,66,卖盘
2421,13:03:09,13.27,3981,3,卖盘
2422,13:03:12,13.27,70331,53,卖盘
2423,13:03:15,13.27,1327,1,卖盘
2424,13:03:18,13.27,9289,7,买盘
2425,13:03:21,13.27,43769,33,买盘
2426,13:03:24,13.27,35814,27,买盘
2427,13:03:27,13.27,7960,6,买盘
2428,13:03:30,13.26,26521,20,卖盘
2429,13:03:33,13.26,7956,6,卖盘
2430,13:03:39,13.26,194922,147,卖盘
2431,13:03:42,13.26,25194,19,买盘
2432,13:03:45,13.26,41098,31,买盘
2433,13:03:48,13.25,47718,36,卖盘
2434,13:03:51,13.25,90108,68,卖盘
2435,13:03:54,13.26,336662,254,买盘
2436,13:03:57,13.25,2650,2,卖盘
2437,13:04:00,13.25,25175,19,卖盘
2438,13:04:03,13.27,522626,394,买盘
2439,13:04:06,13.28,25232,19,买盘
2440,13:04:09,13.29,427660,322,买盘
2441,13:04:12,13.29,74392,56,中性盘
2442,13:04:15,13.3,1330,1,买盘
2443,13:04:18,13.29,49173,37,卖盘
2444,13:04:24,13.29,21257,16,买盘
2445,13:04:27,13.29,5316,4,买盘
2446,13:04:30,13.28,25236,19,卖盘
2447,13:04:33,13.29,88996,67,买盘
2448,13:04:36,13.28,43837,33,卖盘
2449,13:04:39,13.28,162088,122,卖盘
2450,13:04:42,13.28,134129,101,卖盘
2451,13:04:45,13.28,22586,17,卖盘
2452,13:04:48,13.29,10628,8,买盘
2453,13:04:51,13.29,29238,22,买盘
2454,13:04:54,13.27,528211,398,卖盘
2455,13:05:00,13.28,51814,39,卖盘
2456,13:05:03,13.28,50472,38,卖盘
2457,13:05:06,13.28,43826,33,卖盘
2458,13:05:09,13.28,57104,43,卖盘
2459,13:05:12,13.28,21240,16,买盘
2460,13:05:15,13.28,18590,14,买盘
2461,13:05:18,13.28,5312,4,买盘
2462,13:05:21,13.28,33200,25,买盘
2463,13:05:24,13.28,11949,9,买盘
2464,13:05:27,13.27,17252,13,卖盘
2465,13:05:30,13.28,9294,7,买盘
2466,13:05:33,13.27,238873,180,卖盘
2467,13:05:36,13.27,37156,28,卖盘
2468,13:05:39,13.27,75639,57,卖盘
2469,13:05:45,13.27,10623,8,卖盘
2470,13:05:48,13.27,46445,35,卖盘
2471,13:05:51,13.28,54417,41,买盘
2472,13:05:54,13.27,53080,40,卖盘
2473,13:05:57,13.26,115389,87,卖盘
2474,13:06:00,13.27,37152,28,买盘
2475,13:06:03,13.26,72964,55,卖盘
2476,13:06:06,13.27,147297,111,买盘
2477,13:06:09,13.26,46431,35,卖盘
2478,13:06:12,13.26,168442,127,卖盘
2479,13:06:15,13.26,250683,189,卖盘
2480,13:06:18,13.26,575484,434,卖盘
2481,13:06:21,13.28,5312,4,买盘
2482,13:06:24,13.26,153822,116,卖盘
2483,13:06:27,13.28,55776,42,买盘
2484,13:06:30,13.26,749376,565,卖盘
2485,13:06:33,13.28,301058,227,中性盘
2486,13:06:36,13.28,62334,47,买盘
2487,13:06:39,13.27,18580,14,中性盘
2488,13:06:45,13.27,17252,13,卖盘
2489,13:06:48,13.28,111552,84,买盘
2490,13:06:51,13.27,58412,44,卖盘
2491,13:06:54,13.27,79620,60,买盘
2492,13:06:57,13.28,282735,213,买盘
2493,13:07:00,13.28,23904,18,卖盘
2494,13:07:03,13.28,37194,28,卖盘
2495,13:07:06,13.28,122195,92,卖盘
2496,13:07:09,13.28,30545,23,卖盘
2497,13:07:12,13.28,26560,20,买盘
2498,13:07:15,13.28,1328,1,买盘
2499,13:07:18,13.27,66364,50,卖盘
2500,13:07:21,13.28,6640,5,买盘
2501,13:07:24,13.28,22576,17,买盘
2502,13:07:27,13.27,38509,29,卖盘
2503,13:07:30,13.28,14602,11,买盘
2504,13:07:33,13.28,91606,69,买盘
2505,13:07:36,13.28,140716,106,买盘
2506,13:07:39,13.28,94284,71,买盘
2507,13:07:42,13.28,103585,78,卖盘
2508,13:07:45,13.28,67729,51,卖盘
2509,13:07:48,13.28,138165,104,卖盘
2510,13:07:51,13.3,694574,523,买盘
2511,13:07:54,13.29,63792,48,卖盘
2512,13:07:57,13.3,6646,5,买盘
2513,13:08:00,13.3,319195,240,买盘
2514,13:08:03,13.29,1047673,788,卖盘
2515,13:08:06,13.3,13309,10,中性盘
2516,13:08:09,13.3,34572,26,卖盘
2517,13:08:12,13.29,295082,222,卖盘
2518,13:08:15,13.3,101140,76,卖盘
2519,13:08:18,13.31,41248,31,买盘
2520,13:08:21,13.31,199357,150,中性盘
2521,13:08:24,13.3,55868,42,买盘
2522,13:08:27,13.3,34580,26,买盘
2523,13:08:30,13.29,70443,53,卖盘
2524,13:08:33,13.3,14630,11,买盘
2525,13:08:36,13.3,188746,142,买盘
2526,13:08:39,13.29,661543,498,中性盘
2527,13:08:42,13.3,51857,39,买盘
2528,13:08:45,13.3,2658,2,买盘
2529,13:08:48,13.28,38521,29,卖盘
2530,13:08:51,13.29,45181,34,买盘
2531,13:08:54,13.26,1736095,1309,卖盘
2532,13:08:57,13.28,274488,207,买盘
2533,13:09:00,13.28,11950,9,买盘
2534,13:09:03,13.28,460752,347,买盘
2535,13:09:06,13.28,104852,79,买盘
2536,13:09:09,13.28,25228,19,买盘
2537,13:09:12,13.28,18592,14,买盘
2538,13:09:15,13.28,104871,79,买盘
2539,13:09:18,13.28,7968,6,卖盘
2540,13:09:21,13.29,31896,24,买盘
2541,13:09:24,13.29,264438,199,买盘
2542,13:09:27,13.3,228589,172,买盘
2543,13:09:30,13.3,9309,7,买盘
2544,13:09:33,13.29,103723,78,卖盘
2545,13:09:36,13.3,170240,128,中性盘
2546,13:09:39,13.3,224764,169,买盘
2547,13:09:42,13.3,89118,67,买盘
2548,13:09:45,13.32,280876,211,买盘
2549,13:09:48,13.3,488423,367,卖盘
2550,13:09:51,13.3,2660,2,买盘
2551,13:09:54,13.3,47880,36,买盘
2552,13:09:57,13.3,69160,52,买盘
2553,13:10:00,13.3,46550,35,买盘
2554,13:10:03,13.3,103730,78,买盘
2555,13:10:06,13.3,74480,56,买盘
2556,13:10:09,13.31,195395,147,买盘
2557,13:10:12,13.31,17295,13,买盘
2558,13:10:15,13.31,118445,89,买盘
2559,13:10:18,13.3,54566,41,卖盘
2560,13:10:21,13.31,332831,250,买盘
2561,13:10:24,13.31,75867,57,卖盘
2562,13:10:27,13.32,38616,29,买盘
2563,13:10:30,13.32,74565,56,买盘
2564,13:10:33,13.32,179720,135,买盘
2565,13:10:36,13.32,90551,68,买盘
2566,13:10:39,13.31,85219,64,卖盘
2567,13:10:42,13.3,318023,239,卖盘
2568,13:10:45,13.31,17309,13,卖盘
2569,13:10:48,13.32,65256,49,买盘
2570,13:10:51,13.32,234427,176,买盘
2571,13:10:54,13.32,15985,12,卖盘
2572,13:10:57,13.33,166614,125,买盘
2573,13:11:00,13.33,375649,282,买盘
2574,13:11:03,13.33,163956,123,买盘
2575,13:11:06,13.32,113310,85,卖盘
2576,13:11:09,13.32,99904,75,买盘
2577,13:11:12,13.33,169210,127,买盘
2578,13:11:15,13.33,139866,105,买盘
2579,13:11:18,13.32,365023,274,卖盘
2580,13:11:21,13.33,345215,259,买盘
2581,13:11:24,13.32,522043,392,卖盘
2582,13:11:27,13.33,127954,96,买盘
2583,13:11:30,13.31,66560,50,卖盘
2584,13:11:33,13.3,251562,189,卖盘
2585,13:11:36,13.32,46586,35,买盘
2586,13:11:39,13.3,37291,28,卖盘
2587,13:11:42,13.3,468365,352,卖盘
2588,13:11:45,13.3,86475,65,卖盘
2589,13:11:48,13.31,266202,200,中性盘
2590,13:11:54,13.31,163734,123,卖盘
2591,13:11:57,13.31,33274,25,买盘
2592,13:12:00,13.3,259354,195,卖盘
2593,13:12:03,13.3,66501,50,中性盘
2594,13:12:06,13.29,332541,250,卖盘
2595,13:12:09,13.3,94361,71,买盘
2596,13:12:12,13.3,25254,19,买盘
2597,13:12:15,13.3,11970,9,买盘
2598,13:12:18,13.29,1329,1,买盘
2599,13:12:21,13.3,77110,58,买盘
2600,13:12:24,13.3,1330,1,买盘
2601,13:12:27,13.28,65108,49,卖盘
2602,13:12:30,13.3,199337,150,买盘
2603,13:12:33,13.3,297644,224,买盘
2604,13:12:36,13.28,13292,10,卖盘
2605,13:12:39,13.29,18605,14,买盘
2606,13:12:42,13.3,29243,22,买盘
2607,13:12:45,13.29,50512,38,卖盘
2608,13:12:48,13.29,33234,25,卖盘
2609,13:12:51,13.3,19950,15,买盘
2610,13:12:54,13.29,152836,115,卖盘
2611,13:12:57,13.29,39870,30,买盘
2612,13:13:00,13.29,66450,50,买盘
2613,13:13:03,13.29,232534,175,买盘
2614,13:13:06,13.28,371857,280,卖盘
2615,13:13:09,13.29,31895,24,买盘
2616,13:13:12,13.27,622365,469,卖盘
2617,13:13:15,13.27,29194,22,买盘
2618,13:13:18,13.27,189761,143,买盘
2619,13:13:21,13.25,1360330,1026,卖盘
2620,13:13:24,13.27,78295,59,中性盘
2621,13:13:27,13.27,17241,13,买盘
2622,13:13:30,13.26,49085,37,卖盘
2623,13:13:33,13.27,13270,10,中性盘
2624,13:13:36,13.28,9292,7,买盘
2625,13:13:39,13.26,35820,27,卖盘
2626,13:13:42,13.26,10610,8,卖盘
2627,13:13:45,13.28,3984,3,买盘
2628,13:13:48,13.27,50450,38,卖盘
2629,13:13:51,13.28,1328,1,买盘
2630,13:13:54,13.26,58382,44,卖盘
2631,13:13:57,13.27,75624,57,买盘
2632,13:14:00,13.27,31838,24,买盘
2633,13:14:03,13.27,41137,31,买盘
2634,13:14:06,13.26,42447,32,卖盘
2635,13:14:09,13.26,70315,53,卖盘
2636,13:14:12,13.26,87533,66,卖盘
2637,13:14:15,13.26,74256,56,卖盘
2638,13:14:18,13.26,298351,225,卖盘
2639,13:14:21,13.27,66315,50,买盘
2640,13:14:24,13.26,282539,213,卖盘
2641,13:14:27,13.26,103428,78,卖盘
2642,13:14:30,13.26,131274,99,买盘
2643,13:14:33,13.25,13258,10,卖盘
2644,13:14:36,13.26,30487,23,买盘
2645,13:14:39,13.26,185609,140,买盘
2646,13:14:42,13.26,220105,166,买盘
2647,13:14:45,13.26,27856,21,卖盘
2648,13:14:48,13.27,6631,5,买盘
2649,13:14:51,13.26,3978,3,卖盘
2650,13:14:54,13.27,31825,24,买盘
2651,13:14:57,13.26,45084,34,卖盘
2652,13:15:00,13.27,11943,9,买盘
2653,13:15:03,13.26,82264,62,卖盘
2654,13:15:06,13.27,136601,103,买盘
2655,13:15:09,13.26,19902,15,卖盘
2656,13:15:12,13.27,114074,86,买盘
2657,13:15:15,13.26,208329,157,卖盘
2658,13:15:18,13.27,172470,130,买盘
2659,13:15:21,13.28,31851,24,买盘
2660,13:15:24,13.27,21237,16,卖盘
2661,13:15:27,13.28,10622,8,买盘
2662,13:15:30,13.29,65077,49,买盘
2663,13:15:33,13.29,77047,58,买盘
2664,13:15:36,13.29,19935,15,买盘
2665,13:15:39,13.3,336484,253,买盘
2666,13:15:42,13.3,50523,38,买盘
2667,13:15:45,13.3,146283,110,买盘
2668,13:15:48,13.3,70490,53,买盘
2669,13:15:51,13.3,339135,255,买盘
2670,13:15:54,13.3,232647,175,买盘
2671,13:15:57,13.3,29260,22,买盘
2672,13:16:03,13.31,10643,8,买盘
2673,13:16:06,13.3,295338,222,卖盘
2674,13:16:09,13.31,1331,1,买盘
2675,13:16:12,13.3,212800,160,卖盘
2676,13:16:15,13.29,87755,66,卖盘
2677,13:16:18,13.3,125020,94,买盘
2678,13:16:21,13.3,127676,96,买盘
2679,13:16:24,13.3,345912,260,买盘
2680,13:16:27,13.3,66501,50,卖盘
2681,13:16:30,13.31,43908,33,买盘
2682,13:16:33,13.3,134339,101,卖盘
2683,13:16:36,13.3,324610,244,买盘
2684,13:16:39,13.32,412537,310,买盘
2685,13:16:42,13.31,6658,5,卖盘
2686,13:16:45,13.32,165115,124,买盘
2687,13:16:48,13.32,47950,36,买盘
2688,13:16:51,13.32,162503,122,买盘
2689,13:16:54,13.32,419380,315,买盘
2690,13:16:57,13.31,114519,86,卖盘
2691,13:17:00,13.32,43953,33,卖盘
2692,13:17:03,13.33,99932,75,买盘
2693,13:17:06,13.32,85241,64,卖盘
2694,13:17:09,13.31,143878,108,卖盘
2695,13:17:12,13.32,77249,58,买盘
2696,13:17:15,13.31,219615,165,卖盘
2697,13:17:18,13.31,351218,264,买盘
2698,13:17:21,13.3,75863,57,卖盘
2699,13:17:24,13.31,51889,39,买盘
2700,13:17:27,13.3,212800,160,卖盘
2701,13:17:30,13.31,247444,186,买盘
2702,13:17:33,13.3,198314,149,卖盘
2703,13:17:36,13.31,508454,382,买盘
2704,13:17:39,13.31,93170,70,卖盘
2705,13:17:42,13.32,57274,43,买盘
2706,13:17:45,13.32,109223,82,卖盘
2707,13:17:48,13.32,74553,56,买盘
2708,13:17:51,13.32,58608,44,买盘
2709,13:17:54,13.32,9323,7,买盘
2710,13:17:57,13.32,179820,135,买盘
2711,13:18:00,13.32,19980,15,卖盘
2712,13:18:03,13.32,19980,15,卖盘
2713,13:18:06,13.32,339660,255,卖盘
2714,13:18:09,13.32,73257,55,卖盘
2715,13:18:12,13.32,2664,2,买盘
2716,13:18:15,13.32,45284,34,买盘
2717,13:18:18,13.31,43933,33,卖盘
2718,13:18:21,13.31,166405,125,卖盘
2719,13:18:24,13.31,35937,27,买盘
2720,13:18:27,13.3,3990,3,卖盘
2721,13:18:30,13.3,450870,339,卖盘
2722,13:18:33,13.31,123679,93,买盘
2723,13:18:36,13.29,112977,85,卖盘
2724,13:18:39,13.3,14629,11,买盘
2725,13:18:45,13.3,90431,68,买盘
2726,13:18:48,13.3,61171,46,买盘
2727,13:18:51,13.29,3987,3,卖盘
2728,13:18:54,13.3,34561,26,买盘
2729,13:18:57,13.29,252644,190,卖盘
2730,13:19:00,13.29,43857,33,卖盘
2731,13:19:03,13.29,135596,102,卖盘
2732,13:19:06,13.3,43865,33,买盘
2733,13:19:09,13.29,216632,163,卖盘
2734,13:19:12,13.29,106320,80,买盘
2735,13:19:15,13.28,142191,107,卖盘
2736,13:19:18,13.3,87689,66,买盘
2737,13:19:21,13.29,26580,20,中性盘
2738,13:19:24,13.29,13290,10,卖盘
2739,13:19:27,13.3,526668,396,买盘
2740,13:19:30,13.3,29260,22,卖盘
2741,13:19:33,13.3,81170,61,卖盘
2742,13:19:36,13.31,335360,252,买盘
2743,13:19:39,13.31,35917,27,买盘
2744,13:19:42,13.31,149051,112,买盘
2745,13:19:45,13.31,13310,10,卖盘
2746,13:19:48,13.31,38617,29,卖盘
2747,13:19:51,13.31,18634,14,卖盘
2748,13:19:54,13.31,158419,119,卖盘
2749,13:19:57,13.31,137097,103,卖盘
2750,13:20:00,13.31,247566,186,买盘
2751,13:20:03,13.3,38579,29,卖盘
2752,13:20:06,13.3,14639,11,卖盘
2753,13:20:09,13.3,85120,64,卖盘
2754,13:20:12,13.3,6650,5,买盘
2755,13:20:15,13.3,69184,52,买盘
2756,13:20:18,13.3,2660,2,卖盘
2757,13:20:21,13.3,35913,27,卖盘
2758,13:20:24,13.3,30604,23,卖盘
2759,13:20:27,13.3,111780,84,卖盘
2760,13:20:30,13.31,9313,7,买盘
2761,13:20:33,13.3,330024,248,卖盘
2762,13:20:36,13.31,143736,108,买盘
2763,13:20:39,13.31,31944,24,卖盘
2764,13:20:42,13.31,69212,52,卖盘
2765,13:20:45,13.31,10648,8,买盘
2766,13:20:48,13.31,13310,10,卖盘
2767,13:20:51,13.31,37268,28,买盘
2768,13:20:54,13.31,211601,159,买盘
2769,13:20:57,13.31,27939,21,买盘
2770,13:21:00,13.3,2661,2,卖盘
2771,13:21:03,13.3,91804,69,卖盘
2772,13:21:06,13.31,83826,63,买盘
2773,13:21:09,13.31,54560,41,买盘
2774,13:21:12,13.31,53240,40,买盘
2775,13:21:15,13.31,13310,10,买盘
2776,13:21:18,13.31,21294,16,卖盘
2777,13:21:21,13.31,113153,85,买盘
2778,13:21:24,13.31,177023,133,卖盘
2779,13:21:27,13.31,30613,23,买盘
2780,13:21:30,13.3,360440,271,卖盘
2781,13:21:33,13.3,6650,5,买盘
2782,13:21:36,13.3,58520,44,买盘
2783,13:21:39,13.3,147630,111,买盘
2784,13:21:42,13.3,154280,116,买盘
2785,13:21:45,13.3,89110,67,买盘
2786,13:21:48,13.3,31909,24,买盘
2787,13:21:51,13.29,14629,11,卖盘
2788,13:21:54,13.29,111667,84,卖盘
2789,13:21:57,13.29,70469,53,卖盘
2790,13:22:00,13.29,400056,301,卖盘
2791,13:22:03,13.29,31881,24,卖盘
2792,13:22:06,13.3,25259,19,买盘
2793,13:22:09,13.3,25254,19,买盘
2794,13:22:12,13.3,9310,7,买盘
2795,13:22:15,13.29,264471,199,卖盘
2796,13:22:18,13.3,14630,11,买盘
2797,13:22:21,13.3,38570,29,买盘
2798,13:22:24,13.29,30577,23,卖盘
2799,13:22:27,13.29,1329,1,卖盘
2800,13:22:30,13.29,2658,2,卖盘
2801,13:22:33,13.29,98348,74,卖盘
2802,13:22:39,13.28,881766,664,卖盘
2803,13:22:42,13.27,465691,351,卖盘
2804,13:22:45,13.27,2654,2,买盘
2805,13:22:48,13.27,6635,5,卖盘
2806,13:22:51,13.27,1327,1,中性盘
2807,13:22:54,13.26,11941,9,卖盘
2808,13:22:57,13.27,34504,26,卖盘
2809,13:23:00,13.27,23886,18,买盘
2810,13:23:03,13.27,49099,37,买盘
2811,13:23:06,13.26,35817,27,卖盘
2812,13:23:09,13.26,132600,100,卖盘
2813,13:23:12,13.26,195373,147,卖盘
2814,13:23:15,13.27,13270,10,买盘
2815,13:23:18,13.27,92825,70,买盘
2816,13:23:21,13.26,26521,20,卖盘
2817,13:23:24,13.27,50410,38,买盘
2818,13:23:27,13.26,298355,225,卖盘
2819,13:23:30,13.27,221444,167,买盘
2820,13:23:33,13.26,167115,126,卖盘
2821,13:23:36,13.27,18578,14,买盘
2822,13:23:39,13.26,6630,5,卖盘
2823,13:23:42,13.26,119401,90,卖盘
2824,13:23:45,13.26,76936,58,卖盘
2825,13:23:48,13.27,216194,163,买盘
2826,13:23:51,13.27,37136,28,买盘
2827,13:23:54,13.26,46411,35,卖盘
2828,13:23:57,13.27,22543,17,买盘
2829,13:24:00,13.27,120715,91,买盘
2830,13:24:03,13.27,155259,117,买盘
2831,13:24:06,13.27,188333,142,买盘
2832,13:24:09,13.27,2654,2,卖盘
2833,13:24:12,13.27,337059,254,卖盘
2834,13:24:15,13.26,242839,183,卖盘
2835,13:24:18,13.26,1326,1,卖盘
2836,13:24:21,13.26,62322,47,卖盘
2837,13:24:24,13.27,34502,26,买盘
2838,13:24:27,13.26,15912,12,卖盘
2839,13:24:30,13.26,57029,43,卖盘
2840,13:24:33,13.26,22544,17,卖盘
2841,13:24:36,13.26,42460,32,卖盘
2842,13:24:39,13.27,125997,95,买盘
2843,13:24:42,13.27,47772,36,买盘
2844,13:24:45,13.27,49099,37,卖盘
2845,13:24:48,13.27,78293,59,卖盘
2846,13:24:51,13.28,23903,18,买盘
2847,13:24:54,13.27,15928,12,卖盘
2848,13:24:57,13.28,34505,26,买盘
2849,13:25:00,13.26,138018,104,卖盘
2850,13:25:03,13.28,46440,35,买盘
2851,13:25:06,13.27,86319,65,中性盘
2852,13:25:09,13.28,185937,140,买盘
2853,13:25:12,13.28,102216,77,卖盘
2854,13:25:15,13.28,53131,40,买盘
2855,13:25:18,13.29,6642,5,买盘
2856,13:25:21,13.28,6640,5,卖盘
2857,13:25:24,13.29,33205,25,买盘
2858,13:25:27,13.29,1329,1,买盘
2859,13:25:30,13.29,31896,24,买盘
2860,13:25:33,13.29,42526,32,买盘
2861,13:25:36,13.28,296421,223,卖盘
2862,13:25:39,13.29,34554,26,卖盘
2863,13:25:42,13.29,42528,32,卖盘
2864,13:25:45,13.28,58456,44,卖盘
2865,13:25:48,13.29,49153,37,买盘
2866,13:25:54,13.29,22593,17,买盘
2867,13:25:57,13.29,112965,85,买盘
2868,13:26:00,13.29,69108,52,卖盘
2869,13:26:03,13.29,49173,37,卖盘
2870,13:26:06,13.29,17278,13,卖盘
2871,13:26:09,13.3,868442,653,买盘
2872,13:26:12,13.3,19950,15,卖盘
2873,13:26:15,13.31,9313,7,买盘
2874,13:26:18,13.31,65206,49,买盘
2875,13:26:21,13.31,11979,9,买盘
2876,13:26:24,13.31,287356,216,买盘
2877,13:26:27,13.31,10648,8,买盘
2878,13:26:30,13.31,133080,100,买盘
2879,13:26:33,13.31,67877,51,买盘
2880,13:26:36,13.31,218242,164,买盘
2881,13:26:39,13.31,21291,16,买盘
2882,13:26:42,13.3,70515,53,卖盘
2883,13:26:45,13.31,526742,396,买盘
2884,13:26:48,13.3,219484,165,卖盘
2885,13:26:51,13.3,31920,24,卖盘
2886,13:26:54,13.3,392401,295,卖盘
2887,13:26:57,13.31,429864,323,买盘
2888,13:27:00,13.29,13302,10,卖盘
2889,13:27:03,13.31,191664,144,买盘
2890,13:27:06,13.31,13310,10,卖盘
2891,13:27:09,13.31,13310,10,买盘
2892,13:27:12,13.31,39930,30,买盘
2893,13:27:15,13.3,75816,57,卖盘
2894,13:27:18,13.3,2660,2,买盘
2895,13:27:21,13.31,34594,26,买盘
2896,13:27:24,13.3,42536,32,买盘
2897,13:27:27,13.3,19959,15,卖盘
2898,13:27:30,13.3,75809,57,买盘
2899,13:27:33,13.29,212643,160,卖盘
2900,13:27:39,13.29,441228,332,买盘
2901,13:27:42,13.3,136940,103,买盘
2902,13:27:45,13.3,34575,26,买盘
2903,13:27:48,13.29,178093,134,卖盘
2904,13:27:51,13.29,101004,76,买盘
2905,13:27:54,13.29,46515,35,卖盘
2906,13:27:57,13.29,14619,11,卖盘
2907,13:28:00,13.29,160738,121,卖盘
2908,13:28:06,13.29,39876,30,买盘
2909,13:28:09,13.29,14619,11,卖盘
2910,13:28:12,13.29,7978,6,卖盘
2911,13:28:15,13.29,49191,37,卖盘
2912,13:28:18,13.29,46515,35,买盘
2913,13:28:21,13.29,43857,33,买盘
2914,13:28:24,13.29,38535,29,买盘
2915,13:28:27,13.28,30561,23,卖盘
2916,13:28:30,13.28,86320,65,卖盘
2917,13:28:33,13.29,43835,33,买盘
2918,13:28:36,13.29,21264,16,买盘
2919,13:28:39,13.28,19927,15,卖盘
2920,13:28:42,13.28,5314,4,卖盘
2921,13:28:45,13.29,5315,4,买盘
2922,13:28:48,13.28,43828,33,卖盘
2923,13:28:51,13.29,1329,1,买盘
2924,13:28:54,13.29,7969,6,买盘
2925,13:28:57,13.29,15948,12,买盘
2926,13:29:00,13.28,69065,52,卖盘
2927,13:29:03,13.29,77032,58,买盘
2928,13:29:06,13.29,22584,17,买盘
2929,13:29:09,13.28,54451,41,卖盘
2930,13:29:12,13.28,65077,49,卖盘
2931,13:29:15,13.28,90322,68,卖盘
2932,13:29:18,13.28,715728,539,卖盘
2933,13:29:21,13.28,21238,16,买盘
2934,13:29:24,13.28,6640,5,买盘
2935,13:29:27,13.27,59750,45,卖盘
2936,13:29:30,13.27,65023,49,卖盘
2937,13:29:33,13.27,78334,59,卖盘
2938,13:29:36,13.27,7962,6,卖盘
2939,13:29:39,13.27,67706,51,卖盘
2940,13:29:42,13.27,61057,46,卖盘
2941,13:29:45,13.27,15924,12,卖盘
2942,13:29:48,13.27,241621,182,卖盘
2943,13:29:51,13.28,19920,15,中性盘
2944,13:29:57,13.28,22570,17,卖盘
2945,13:30:00,13.28,19920,15,买盘
2946,13:30:03,13.28,37177,28,买盘
2947,13:30:06,13.28,176602,133,买盘
2948,13:30:09,13.29,21258,16,买盘
2949,13:30:12,13.27,38508,29,卖盘
2950,13:30:18,13.27,168535,127,卖盘
2951,13:30:21,13.27,79621,60,卖盘
2952,13:30:24,13.28,112880,85,买盘
2953,13:30:27,13.28,165999,125,买盘
2954,13:30:30,13.28,37179,28,买盘
2955,13:30:33,13.28,6639,5,买盘
2956,13:30:36,13.28,47791,36,买盘
2957,13:30:39,13.28,33200,25,买盘
2958,13:30:42,13.28,23902,18,卖盘
2959,13:30:48,13.27,63721,48,卖盘
2960,13:30:51,13.27,709954,535,卖盘
2961,13:30:54,13.28,21248,16,买盘
2962,13:30:57,13.27,30526,23,卖盘
2963,13:31:00,13.27,49099,37,买盘
2964,13:31:03,13.27,45118,34,卖盘
2965,13:31:06,13.27,416678,314,卖盘
2966,13:31:09,13.26,236166,178,卖盘
2967,13:31:12,13.27,153932,116,买盘
2968,13:31:15,13.27,45088,34,买盘
2969,13:31:18,13.26,17240,13,卖盘
2970,13:31:21,13.26,41106,31,卖盘
2971,13:31:24,13.26,33151,25,卖盘
2972,13:31:27,13.26,100778,76,卖盘
2973,13:31:30,13.26,116696,88,卖盘
2974,13:31:33,13.27,37135,28,买盘
2975,13:31:36,13.26,35822,27,卖盘
2976,13:31:39,13.26,39790,30,卖盘
2977,13:31:42,13.26,62324,47,卖盘
2978,13:31:45,13.27,53041,40,买盘
2979,13:31:48,13.26,184314,139,卖盘
2980,13:31:51,13.26,63658,48,卖盘
2981,13:31:54,13.26,46410,35,卖盘
2982,13:31:57,13.26,71607,54,卖盘
2983,13:32:00,13.26,1176162,887,卖盘
2984,13:32:03,13.26,57024,43,卖盘
2985,13:32:06,13.26,81762,62,卖盘
2986,13:32:09,13.26,18564,14,买盘
2987,13:32:12,13.26,46410,35,买盘
2988,13:32:15,13.26,53040,40,买盘
2989,13:32:18,13.25,125899,95,卖盘
2990,13:32:21,13.26,18552,14,买盘
2991,13:32:24,13.26,131254,99,买盘
2992,13:32:27,13.26,145760,110,买盘
2993,13:32:30,13.26,412329,311,买盘
2994,13:32:33,13.25,1552951,1172,卖盘
2995,13:32:36,13.25,2650,2,卖盘
2996,13:32:39,13.25,198755,150,卖盘
2997,13:32:42,13.25,148500,112,卖盘
2998,13:32:45,13.26,143110,108,买盘
2999,13:32:48,13.25,420025,317,卖盘
3000,13:32:51,13.25,90102,68,卖盘
3001,13:32:54,13.25,104675,79,卖盘
3002,13:32:57,13.25,80862,61,卖盘
3003,13:33:00,13.26,46378,35,买盘
3004,13:33:03,13.25,267652,202,卖盘
3005,13:33:06,13.25,92751,70,卖盘
3006,13:33:09,13.25,26500,20,卖盘
3007,13:33:12,13.26,83495,63,买盘
3008,13:33:15,13.25,128600,97,卖盘
3009,13:33:18,13.25,1281275,967,卖盘
3010,13:33:21,13.25,79500,60,买盘
3011,13:33:24,13.24,58286,44,卖盘
3012,13:33:27,13.24,111218,84,卖盘
3013,13:33:30,13.24,657172,496,卖盘
3014,13:33:33,13.25,135150,102,买盘
3015,13:33:36,13.24,124541,94,卖盘
3016,13:33:39,13.25,19875,15,买盘
3017,13:33:42,13.24,6620,5,卖盘
3018,13:33:45,13.25,38415,29,买盘
3019,13:33:48,13.25,98050,74,卖盘
3020,13:33:51,13.25,115203,87,买盘
3021,13:33:54,13.24,39740,30,卖盘
3022,13:33:57,13.25,104673,79,买盘
3023,13:34:00,13.25,34450,26,买盘
3024,13:34:03,13.25,328149,248,买盘
3025,13:34:06,13.25,80832,61,卖盘
3026,13:34:09,13.25,18550,14,卖盘
3027,13:34:12,13.25,66250,50,卖盘
3028,13:34:15,13.25,78211,59,卖盘
3029,13:34:18,13.25,654951,494,卖盘
3030,13:34:21,13.25,60982,46,卖盘
3031,13:34:24,13.25,55689,42,卖盘
3032,13:34:27,13.25,322486,243,卖盘
3033,13:34:30,13.27,139135,105,买盘
3034,13:34:33,13.27,62288,47,买盘
3035,13:34:36,13.25,17232,13,卖盘
3036,13:34:39,13.26,35802,27,买盘
3037,13:34:42,13.26,7961,6,卖盘
3038,13:34:51,13.27,18568,14,买盘
3039,13:34:54,13.27,7961,6,买盘
3040,13:34:57,13.26,59690,45,卖盘
3041,13:35:00,13.27,57061,43,买盘
3042,13:35:03,13.27,39808,30,买盘
3043,13:35:06,13.27,98195,74,买盘
3044,13:35:09,13.27,70333,53,卖盘
3045,13:35:12,13.27,26540,20,卖盘
3046,13:35:15,13.27,63698,48,卖盘
3047,13:35:18,13.27,160567,121,卖盘
3048,13:35:21,13.27,11943,9,买盘
3049,13:35:24,13.27,19905,15,买盘
3050,13:35:27,13.26,5304,4,卖盘
3051,13:35:30,13.26,103442,78,卖盘
3052,13:35:33,13.26,35812,27,卖盘
3053,13:35:36,13.26,311612,235,卖盘
3054,13:35:39,13.26,171127,129,卖盘
3055,13:35:42,13.27,69002,52,买盘
3056,13:35:45,13.26,75592,57,卖盘
3057,13:35:48,13.27,75635,57,买盘
3058,13:35:51,13.27,261256,197,买盘
3059,13:35:54,13.27,34480,26,买盘
