,成交时间,成交价格,成交金额,成交量,性质
0,09:25:00,12.72,9187656,7223,买盘
1,09:30:00,12.77,3027441,2376,买盘
2,09:30:03,12.73,6588818,5170,卖盘
3,09:30:06,12.78,2717418,2128,买盘
4,09:30:09,12.8,2190003,1711,买盘
5,09:30:12,12.83,821130,640,买盘
6,09:30:15,12.84,500927,390,买盘
7,09:30:18,12.87,719859,560,买盘
8,09:30:21,12.87,378467,294,买盘
9,09:30:24,12.88,791997,615,买盘
10,09:30:27,12.87,962101,747,卖盘
11,09:30:30,12.88,2282958,1775,卖盘
12,09:30:33,12.85,844357,656,中性盘
13,09:30:36,12.85,1185462,922,卖盘
14,09:30:39,12.84,1174389,914,卖盘
15,09:30:42,12.9,4052915,3146,买盘
16,09:30:45,12.93,2181288,1688,买盘
17,09:30:48,12.95,2122826,1638,买盘
18,09:30:51,12.95,1045179,806,卖盘
19,09:30:54,12.96,973076,750,买盘
20,09:30:57,12.95,1683640,1300,卖盘
21,09:31:00,12.96,1096200,846,买盘
22,09:31:03,13.02,7647929,5882,买盘
23,09:31:06,13.02,1894100,1455,卖盘
24,09:31:09,13.03,457213,351,买盘
25,09:31:12,13.04,939932,722,中性盘
26,09:31:15,13.03,1479975,1135,卖盘
27,09:31:18,13.03,3433747,2635,卖盘
28,09:31:21,13.03,2250652,1726,买盘
29,09:31:24,13.03,2246090,1722,买盘
30,09:31:27,13.03,1276603,979,卖盘
31,09:31:30,13.03,1991806,1529,卖盘
32,09:31:33,13.0,519249,399,卖盘
33,09:31:36,12.98,918656,707,卖盘
34,09:31:39,12.96,905071,698,卖盘
35,09:31:42,12.94,370467,286,卖盘
36,09:31:45,12.92,903882,699,卖盘
37,09:31:48,12.93,555916,430,买盘
38,09:31:51,12.92,3621468,2799,卖盘
39,09:31:54,12.93,994392,768,中性盘
40,09:31:57,12.94,964201,746,中性盘
41,09:32:00,12.97,2235723,1722,买盘
42,09:32:03,13.03,906229,696,买盘
43,09:32:06,13.04,196761,151,买盘
44,09:32:09,13.05,407041,312,买盘
45,09:32:12,13.06,714414,547,买盘
46,09:32:15,13.09,842204,644,买盘
47,09:32:18,13.13,7303339,5572,买盘
48,09:32:21,13.15,1022238,778,买盘
49,09:32:24,13.17,923013,701,买盘
50,09:32:27,13.18,834008,633,买盘
51,09:32:30,13.17,3660329,2778,卖盘
52,09:32:33,13.15,3643820,2767,卖盘
53,09:32:36,13.14,2129368,1620,卖盘
54,09:32:39,13.13,1154370,881,买盘
55,09:32:42,13.09,696760,532,中性盘
56,09:32:45,13.12,1054595,805,买盘
57,09:32:48,13.1,1881764,1438,中性盘
58,09:32:51,13.1,2576725,1965,买盘
59,09:32:54,13.11,1035733,790,买盘
60,09:32:57,13.11,782585,597,卖盘
61,09:33:00,13.12,2126911,1622,买盘
62,09:33:03,13.12,3584429,2736,买盘
63,09:33:06,13.12,1375157,1048,买盘
64,09:33:09,13.12,1852084,1412,卖盘
65,09:33:12,13.11,1125636,859,中性盘
66,09:33:15,13.07,1475074,1127,卖盘
67,09:33:18,13.11,879712,672,买盘
68,09:33:21,13.08,638241,488,卖盘
69,09:33:24,13.11,823963,629,买盘
70,09:33:27,13.08,953522,728,卖盘
71,09:33:30,13.09,557955,426,中性盘
72,09:33:33,13.09,591751,452,卖盘
73,09:33:36,13.09,1276647,975,买盘
74,09:33:39,13.08,3001315,2294,卖盘
75,09:33:42,13.08,942432,720,买盘
76,09:33:45,13.08,997437,762,卖盘
77,09:33:48,13.1,3176870,2423,买盘
78,09:33:51,13.13,903382,689,买盘
79,09:33:54,13.13,1359970,1037,买盘
80,09:33:57,13.18,3378233,2567,买盘
81,09:34:00,13.16,1911458,1452,卖盘
82,09:34:03,13.18,809194,614,买盘
83,09:34:06,13.16,1870515,1419,卖盘
84,09:34:09,13.18,3376567,2561,中性盘
85,09:34:12,13.19,1377577,1045,买盘
86,09:34:15,13.18,1950594,1480,卖盘
87,09:34:18,13.18,1111708,843,买盘
88,09:34:21,13.17,2368613,1797,卖盘
89,09:34:24,13.15,3708943,2819,卖盘
90,09:34:27,13.15,480988,366,买盘
91,09:34:30,13.11,674261,514,卖盘
92,09:34:33,13.12,536195,409,买盘
93,09:34:36,13.12,470804,359,买盘
94,09:34:39,13.11,1261929,963,卖盘
95,09:34:42,13.11,721289,550,买盘
96,09:34:45,13.11,980854,748,卖盘
97,09:34:48,13.1,1344544,1026,卖盘
98,09:34:51,13.1,639880,488,卖盘
99,09:34:54,13.11,792932,605,买盘
100,09:34:57,13.1,879516,671,卖盘
101,09:35:00,13.11,848386,647,卖盘
102,09:35:03,13.16,1499294,1141,买盘
103,09:35:06,13.14,617967,470,卖盘
104,09:35:09,13.17,523512,398,买盘
105,09:35:12,13.17,862824,655,买盘
106,09:35:15,13.17,665408,505,卖盘
107,09:35:18,13.17,1053244,799,卖盘
108,09:35:21,13.22,6079003,4605,买盘
109,09:35:24,13.24,846731,640,买盘
110,09:35:27,13.27,2562951,1934,买盘
111,09:35:30,13.28,1510604,1138,买盘
112,09:35:33,13.29,3549377,2674,买盘
113,09:35:36,13.29,4008558,3018,买盘
114,09:35:39,13.3,3363182,2529,买盘
115,09:35:42,13.3,3030865,2279,中性盘
116,09:35:45,13.3,3702401,2782,买盘
117,09:35:48,13.35,4082467,3068,买盘
118,09:35:51,13.3,2807245,2111,卖盘
119,09:35:54,13.3,2879364,2163,买盘
120,09:35:57,13.29,3050034,2290,卖盘
121,09:36:00,13.31,3744154,2816,买盘
122,09:36:03,13.33,3074309,2310,买盘
123,09:36:06,13.29,2646972,1988,卖盘
124,09:36:09,13.29,2511643,1889,卖盘
125,09:36:12,13.27,2905491,2186,卖盘
126,09:36:15,13.26,2832728,2134,卖盘
127,09:36:18,13.28,2734417,2062,买盘
128,09:36:21,13.28,1839507,1385,卖盘
129,09:36:24,13.3,2693392,2027,买盘
130,09:36:27,13.31,1602223,1204,买盘
131,09:36:30,13.32,1288517,968,买盘
132,09:36:33,13.33,1336100,1002,买盘
133,09:36:36,13.37,3318995,2486,买盘
134,09:36:39,13.38,1636917,1224,买盘
135,09:36:42,13.38,3156149,2358,卖盘
136,09:36:45,13.39,3310575,2473,买盘
137,09:36:48,13.39,3104935,2321,买盘
138,09:36:51,13.39,5939254,4436,买盘
139,09:36:54,13.4,1943677,1452,买盘
140,09:36:57,13.38,3976930,2971,卖盘
141,09:37:00,13.36,3228863,2415,卖盘
142,09:37:03,13.36,4158126,3116,买盘
143,09:37:06,13.33,2828639,2119,卖盘
144,09:37:09,13.34,1507658,1131,买盘
145,09:37:12,13.33,2560331,1922,买盘
146,09:37:15,13.31,1963964,1475,买盘
147,09:37:18,13.3,837727,629,卖盘
148,09:37:21,13.3,1042575,783,卖盘
149,09:37:24,13.3,1831950,1377,卖盘
150,09:37:27,13.3,1506775,1133,买盘
151,09:37:30,13.33,1073323,806,买盘
152,09:37:33,13.33,1506496,1130,卖盘
153,09:37:36,13.34,1334290,1000,买盘
154,09:37:39,13.35,513356,385,买盘
155,09:37:42,13.34,1624128,1217,卖盘
156,09:37:45,13.34,1401158,1051,卖盘
157,09:37:48,13.32,1037926,779,中性盘
158,09:37:51,13.31,711036,534,卖盘
159,09:37:54,13.31,1338463,1005,卖盘
160,09:37:57,13.31,3252235,2445,买盘
161,09:38:00,13.3,1518713,1142,中性盘
162,09:38:03,13.3,1500191,1128,买盘
163,09:38:06,13.31,864035,650,中性盘
164,09:38:09,13.32,1305326,981,买盘
165,09:38:12,13.31,788305,592,卖盘
166,09:38:15,13.31,696393,523,卖盘
167,09:38:18,13.31,1025082,770,买盘
168,09:38:21,13.28,4351767,3276,卖盘
169,09:38:24,13.25,1221995,922,卖盘
170,09:38:27,13.23,602601,455,卖盘
171,09:38:30,13.25,1384893,1045,买盘
172,09:38:33,13.24,417413,315,卖盘
173,09:38:36,13.24,2191735,1651,卖盘
174,09:38:39,13.28,1690759,1273,买盘
175,09:38:42,13.29,1023324,771,买盘
176,09:38:45,13.29,762443,574,买盘
177,09:38:48,13.27,800704,603,卖盘
178,09:38:51,13.28,1019358,768,买盘
179,09:38:54,13.28,1150438,866,买盘
180,09:38:57,13.28,1046875,789,买盘
181,09:39:00,13.28,888061,669,买盘
182,09:39:03,13.27,2421082,1825,卖盘
183,09:39:06,13.25,785561,592,卖盘
184,09:39:09,13.25,608360,459,卖盘
185,09:39:12,13.25,1892026,1427,卖盘
186,09:39:15,13.25,1600618,1208,中性盘
187,09:39:18,13.24,1914980,1446,卖盘
188,09:39:21,13.24,1049363,793,买盘
189,09:39:24,13.22,484115,366,卖盘
190,09:39:27,13.22,1070606,810,买盘
191,09:39:30,13.21,492754,373,中性盘
192,09:39:33,13.2,835799,633,卖盘
193,09:39:36,13.2,1130557,856,卖盘
194,09:39:39,13.19,1300254,985,卖盘
195,09:39:42,13.2,1267496,960,买盘
196,09:39:45,13.19,1111277,842,卖盘
197,09:39:48,13.19,1556179,1179,买盘
198,09:39:51,13.2,1021073,774,中性盘
199,09:39:54,13.2,356516,270,卖盘
200,09:39:57,13.23,388432,294,买盘
201,09:40:00,13.23,429613,325,买盘
202,09:40:03,13.22,958130,725,卖盘
203,09:40:06,13.22,590825,447,买盘
204,09:40:09,13.23,1144477,866,买盘
205,09:40:12,13.21,883815,669,卖盘
206,09:40:15,13.22,2953440,2235,买盘
207,09:40:18,13.21,405614,307,卖盘
208,09:40:21,13.21,761076,576,买盘
209,09:40:24,13.22,1057325,800,买盘
210,09:40:27,13.22,1282601,970,买盘
211,09:40:30,13.24,234032,177,买盘
212,09:40:33,13.23,1161341,878,买盘
213,09:40:36,13.24,491391,371,买盘
214,09:40:39,13.26,405482,306,买盘
215,09:40:42,13.27,458788,346,买盘
216,09:40:45,13.26,1150149,868,卖盘
217,09:40:48,13.26,1092464,824,买盘
218,09:40:51,13.26,804799,607,卖盘
219,09:40:54,13.24,1801165,1359,卖盘
220,09:40:57,13.26,1150877,868,买盘
221,09:41:00,13.26,1244809,939,买盘
222,09:41:03,13.26,754380,569,买盘
223,09:41:06,13.26,1266375,956,买盘
224,09:41:09,13.25,684966,517,卖盘
225,09:41:12,13.25,644026,486,买盘
226,09:41:15,13.24,425157,321,卖盘
227,09:41:18,13.23,703497,531,卖盘
228,09:41:21,13.23,447326,338,卖盘
229,09:41:24,13.23,780829,590,卖盘
230,09:41:27,13.24,1087722,822,买盘
231,09:41:30,13.23,958440,724,卖盘
232,09:41:33,13.23,951783,719,买盘
233,09:41:36,13.23,827135,625,卖盘
234,09:41:39,13.23,226349,171,卖盘
235,09:41:42,13.24,696537,526,买盘
236,09:41:45,13.25,217241,164,买盘
237,09:41:48,13.24,654366,494,卖盘
238,09:41:51,13.25,282780,214,买盘
239,09:41:54,13.25,262299,198,买盘
240,09:41:57,13.25,1827323,1380,买盘
241,09:42:00,13.26,849143,641,买盘
242,09:42:03,13.26,114036,86,卖盘
243,09:42:06,13.27,346234,261,买盘
244,09:42:09,13.27,685967,517,买盘
245,09:42:12,13.27,192438,145,买盘
246,09:42:15,13.27,584009,440,卖盘
247,09:42:18,13.28,766215,577,买盘
248,09:42:21,13.28,659894,497,买盘
249,09:42:24,13.28,471535,355,卖盘
250,09:42:27,13.29,778687,586,买盘
251,09:42:30,13.3,1618963,1218,买盘
252,09:42:33,13.3,905551,681,买盘
253,09:42:36,13.3,760474,572,买盘
254,09:42:39,13.3,1630360,1226,买盘
255,09:42:42,13.31,203584,153,买盘
256,09:42:45,13.31,588221,442,买盘
257,09:42:48,13.32,347454,261,买盘
258,09:42:51,13.32,837888,629,买盘
259,09:42:54,13.32,1871749,1406,卖盘
260,09:42:57,13.32,1511989,1135,买盘
261,09:43:00,13.32,853588,641,买盘
262,09:43:03,13.32,2331332,1752,买盘
263,09:43:06,13.29,1439896,1082,卖盘
264,09:43:09,13.29,857203,645,卖盘
265,09:43:12,13.29,862341,648,卖盘
266,09:43:15,13.29,638515,480,卖盘
267,09:43:18,13.31,1612164,1212,买盘
268,09:43:21,13.28,848087,638,卖盘
269,09:43:24,13.31,1409270,1060,买盘
270,09:43:27,13.31,977056,734,卖盘
271,09:43:30,13.31,520273,391,卖盘
272,09:43:33,13.31,207595,156,买盘
273,09:43:36,13.3,242170,182,买盘
274,09:43:39,13.31,774121,582,买盘
275,09:43:42,13.31,1036538,779,买盘
276,09:43:45,13.29,520006,391,卖盘
277,09:43:48,13.29,627709,472,卖盘
278,09:43:51,13.28,861277,648,卖盘
279,09:43:54,13.29,436103,328,买盘
280,09:43:57,13.29,2146032,1616,买盘
281,09:44:00,13.28,590864,445,买盘
282,09:44:03,13.27,944215,712,卖盘
283,09:44:06,13.27,506941,382,买盘
284,09:44:09,13.27,760377,573,买盘
285,09:44:12,13.27,864119,651,卖盘
286,09:44:15,13.27,607215,458,买盘
287,09:44:18,13.25,596634,450,卖盘
288,09:44:21,13.25,365528,276,买盘
289,09:44:24,13.24,177478,134,卖盘
290,09:44:27,13.23,266082,201,卖盘
291,09:44:30,13.23,333471,252,卖盘
292,09:44:33,13.23,614525,465,卖盘
293,09:44:36,13.23,678417,513,买盘
294,09:44:39,13.23,678374,513,买盘
295,09:44:42,13.21,784707,594,卖盘
296,09:44:45,13.21,695877,527,买盘
297,09:44:48,13.2,829033,628,卖盘
298,09:44:51,13.2,1260882,955,卖盘
299,09:44:54,13.19,886046,671,卖盘
300,09:44:57,13.2,180798,137,买盘
301,09:45:00,13.19,412902,313,卖盘
302,09:45:03,13.18,596154,452,卖盘
303,09:45:06,13.18,1285335,975,卖盘
304,09:45:09,13.18,722969,548,卖盘
305,09:45:12,13.18,2278465,1728,卖盘
306,09:45:15,13.18,477205,362,卖盘
307,09:45:18,13.18,272827,207,卖盘
308,09:45:21,13.17,1091083,828,卖盘
309,09:45:24,13.18,421685,320,买盘
310,09:45:27,13.17,1281297,972,卖盘
311,09:45:30,13.19,618222,469,中性盘
312,09:45:33,13.19,390302,296,卖盘
313,09:45:36,13.18,2137699,1624,卖盘
314,09:45:39,13.18,407190,309,买盘
315,09:45:42,13.18,522911,397,买盘
316,09:45:45,13.16,789770,600,卖盘
317,09:45:48,13.15,423761,322,卖盘
318,09:45:51,13.15,752613,572,卖盘
319,09:45:54,13.15,566821,431,卖盘
320,09:45:57,13.14,1439690,1095,卖盘
321,09:46:00,13.14,316679,241,中性盘
322,09:46:03,13.13,815460,621,卖盘
323,09:46:06,13.12,299181,228,卖盘
324,09:46:09,13.12,621814,474,买盘
325,09:46:12,13.11,746061,569,卖盘
326,09:46:15,13.1,884891,675,卖盘
327,09:46:18,13.1,1615477,1233,卖盘
328,09:46:21,13.09,538070,411,卖盘
329,09:46:24,13.09,617835,472,买盘
330,09:46:27,13.09,1382788,1057,卖盘
331,09:46:30,13.08,895063,684,卖盘
332,09:46:33,13.09,966215,739,中性盘
333,09:46:36,13.09,906697,693,卖盘
334,09:46:39,13.09,792053,605,买盘
335,09:46:42,13.08,1690209,1293,卖盘
336,09:46:45,13.08,591092,452,买盘
337,09:46:48,13.08,549285,420,买盘
338,09:46:51,13.07,754212,577,卖盘
339,09:46:54,13.07,1684136,1288,卖盘
340,09:46:57,13.07,1227714,939,卖盘
341,09:47:00,13.07,648741,496,卖盘
342,09:47:03,13.06,687397,526,卖盘
343,09:47:06,13.06,427406,327,中性盘
344,09:47:09,13.07,260151,199,卖盘
345,09:47:12,13.09,815497,624,买盘
346,09:47:15,13.08,1778675,1361,卖盘
347,09:47:18,13.09,244742,187,买盘
348,09:47:21,13.09,229092,175,卖盘
349,09:47:24,13.08,1381931,1056,卖盘
350,09:47:27,13.09,405859,310,中性盘
351,09:47:30,13.1,857651,655,买盘
352,09:47:33,13.08,970160,741,卖盘
353,09:47:36,13.08,396760,303,卖盘
354,09:47:39,13.08,1319957,1009,卖盘
355,09:47:42,13.08,605517,463,买盘
356,09:47:45,13.08,293102,224,买盘
357,09:47:48,13.09,1829783,1398,买盘
358,09:47:51,13.1,978009,748,买盘
359,09:47:54,13.1,189904,145,买盘
360,09:47:57,13.09,458312,350,卖盘
361,09:48:00,13.1,1097515,838,卖盘
362,09:48:03,13.1,640551,489,中性盘
363,09:48:06,13.09,336648,257,卖盘
364,09:48:09,13.1,585754,447,买盘
365,09:48:12,13.11,309337,236,买盘
366,09:48:15,13.1,487546,372,卖盘
367,09:48:18,13.12,676790,516,买盘
368,09:48:21,13.13,529705,404,买盘
369,09:48:24,13.12,499870,381,卖盘
370,09:48:27,13.13,308410,235,买盘
371,09:48:30,13.12,784868,598,中性盘
372,09:48:33,13.13,221861,169,买盘
373,09:48:36,13.11,807857,616,卖盘
374,09:48:39,13.07,4797502,3666,卖盘
375,09:48:42,13.07,601345,460,卖盘
376,09:48:45,13.05,962674,737,卖盘
377,09:48:48,13.05,861391,660,卖盘
378,09:48:51,13.05,989144,758,买盘
379,09:48:54,13.04,721483,553,卖盘
380,09:48:57,13.05,614065,471,买盘
381,09:49:00,13.03,349249,268,卖盘
382,09:49:03,13.04,467811,359,买盘
383,09:49:06,13.02,573274,440,卖盘
384,09:49:09,13.03,824943,633,买盘
385,09:49:12,13.03,7234924,5562,卖盘
386,09:49:15,13.02,456995,351,卖盘
387,09:49:18,13.0,243218,187,卖盘
388,09:49:21,13.0,3359688,2583,买盘
389,09:49:24,12.99,2544489,1958,卖盘
390,09:49:27,12.99,710741,547,卖盘
391,09:49:30,13.0,1160370,893,中性盘
392,09:49:33,12.99,1164447,896,卖盘
393,09:49:36,12.98,617679,476,卖盘
394,09:49:39,12.99,1644914,1266,买盘
395,09:49:42,12.99,982736,757,卖盘
396,09:49:45,12.99,375399,289,卖盘
397,09:49:48,12.99,419601,323,卖盘
398,09:49:51,13.0,439173,338,买盘
399,09:49:54,13.0,1726756,1329,买盘
400,09:49:57,13.01,219684,169,买盘
401,09:50:00,13.0,360267,277,卖盘
402,09:50:03,13.01,163837,126,中性盘
403,09:50:06,13.02,321308,247,买盘
404,09:50:09,13.02,1285952,989,买盘
405,09:50:12,13.02,580424,446,卖盘
406,09:50:15,13.04,392027,301,买盘
407,09:50:18,13.04,174618,134,买盘
408,09:50:21,13.04,1079753,828,买盘
409,09:50:24,13.05,220483,169,买盘
410,09:50:27,13.05,249259,191,买盘
411,09:50:30,13.06,168376,129,买盘
412,09:50:33,13.08,149050,114,买盘
413,09:50:36,13.08,36622,28,买盘
414,09:50:39,13.08,302208,231,买盘
415,09:50:42,13.07,732080,560,卖盘
416,09:50:45,13.08,516405,395,买盘
417,09:50:48,13.07,565789,433,中性盘
418,09:50:51,13.07,1678045,1285,买盘
419,09:50:54,13.05,873491,669,卖盘
420,09:50:57,13.04,288472,221,卖盘
421,09:51:00,13.05,292232,224,买盘
422,09:51:03,13.05,127910,98,卖盘
423,09:51:06,13.06,806948,618,买盘
424,09:51:09,13.05,404820,310,卖盘
425,09:51:12,13.08,193342,148,买盘
426,09:51:15,13.08,171258,131,买盘
427,09:51:18,13.08,107230,82,买盘
428,09:51:21,13.08,836191,640,买盘
429,09:51:24,13.08,146437,112,卖盘
430,09:51:27,13.08,516925,395,卖盘
431,09:51:30,13.09,1346583,1029,买盘
432,09:51:33,13.08,334946,256,卖盘
433,09:51:36,13.09,179281,137,买盘
434,09:51:39,13.08,629168,481,卖盘
435,09:51:42,13.09,294487,225,买盘
436,09:51:45,13.09,592803,453,买盘
437,09:51:48,13.09,346850,265,买盘
438,09:51:51,13.09,379549,290,买盘
439,09:51:54,13.09,201576,154,卖盘
440,09:51:57,13.09,588800,450,买盘
441,09:52:00,13.09,90309,69,买盘
442,09:52:03,13.09,369124,282,买盘
443,09:52:06,13.09,244777,187,买盘
444,09:52:09,13.1,202911,155,买盘
445,09:52:12,13.09,582579,445,卖盘
446,09:52:15,13.09,108635,83,买盘
447,09:52:18,13.08,409621,313,卖盘
448,09:52:21,13.08,822773,629,卖盘
449,09:52:24,13.07,231493,177,卖盘
450,09:52:27,13.07,169976,130,卖盘
451,09:52:30,13.07,483811,370,卖盘
452,09:52:33,13.07,86251,66,卖盘
453,09:52:36,13.07,517497,396,买盘
454,09:52:39,13.06,202606,155,卖盘
455,09:52:42,13.06,202561,155,卖盘
456,09:52:45,13.07,438943,336,买盘
457,09:52:48,13.06,588305,451,卖盘
458,09:52:51,13.06,318674,244,卖盘
459,09:52:54,13.06,1099722,842,买盘
460,09:52:57,13.07,623072,477,买盘
461,09:53:00,13.06,1780054,1364,卖盘
462,09:53:03,13.06,168529,129,卖盘
463,09:53:06,13.06,570606,437,卖盘
464,09:53:09,13.06,254548,195,买盘
465,09:53:12,13.06,1098299,841,买盘
466,09:53:15,13.05,854315,654,卖盘
467,09:53:18,13.06,722730,554,买盘
468,09:53:21,13.05,249356,191,卖盘
469,09:53:24,13.06,193245,148,买盘
470,09:53:27,13.06,1234147,945,买盘
471,09:53:30,13.05,521173,399,卖盘
472,09:53:33,13.05,357633,274,卖盘
473,09:53:36,13.06,297732,228,买盘
474,09:53:39,13.05,516828,396,卖盘
475,09:53:42,13.04,135616,104,卖盘
476,09:53:45,13.04,332724,255,卖盘
477,09:53:48,13.05,467072,358,买盘
478,09:53:51,13.04,370370,284,卖盘
479,09:53:54,13.06,302632,232,买盘
480,09:53:57,13.04,606781,465,卖盘
481,09:54:00,13.04,181374,139,卖盘
482,09:54:03,13.04,159182,122,卖盘
483,09:54:06,13.06,126567,97,买盘
484,09:54:09,13.05,895166,686,卖盘
485,09:54:12,13.05,1203062,922,买盘
486,09:54:15,13.05,133085,102,买盘
487,09:54:18,13.06,1833594,1403,买盘
488,09:54:21,13.09,2268428,1732,买盘
489,09:54:24,13.12,208429,159,买盘
490,09:54:27,13.09,217392,166,卖盘
491,09:54:30,13.1,98248,75,中性盘
492,09:54:33,13.1,76066,58,卖盘
493,09:54:36,13.1,77302,59,卖盘
494,09:54:39,13.11,97042,74,买盘
495,09:54:42,13.11,283283,216,卖盘
496,09:54:45,13.13,93219,71,买盘
497,09:54:48,13.13,13130,10,卖盘
498,09:54:51,13.14,115623,88,买盘
499,09:54:54,13.14,109061,83,买盘
500,09:54:57,13.14,2151924,1638,卖盘
501,09:55:00,13.14,1002784,764,买盘
502,09:55:03,13.14,828687,631,买盘
503,09:55:06,13.14,463764,353,买盘
504,09:55:09,13.13,461825,352,买盘
505,09:55:12,13.14,110243,84,买盘
506,09:55:15,13.13,1836479,1398,卖盘
507,09:55:18,13.14,539841,411,买盘
508,09:55:21,13.12,316329,241,卖盘
509,09:55:24,13.12,489501,373,卖盘
510,09:55:27,13.11,217905,166,卖盘
511,09:55:30,13.11,255814,195,卖盘
512,09:55:33,13.11,685640,523,卖盘
513,09:55:36,13.11,145520,111,买盘
514,09:55:39,13.1,447049,341,卖盘
515,09:55:42,13.1,259448,198,卖盘
516,09:55:45,13.1,179473,137,卖盘
517,09:55:48,13.11,318457,243,买盘
518,09:55:51,13.11,475787,363,买盘
519,09:55:54,13.1,715468,546,卖盘
520,09:55:57,13.1,390596,298,卖盘
521,09:56:00,13.1,106109,81,买盘
522,09:56:03,13.09,1028060,785,卖盘
523,09:56:06,13.08,1950515,1490,卖盘
524,09:56:09,13.09,122990,94,买盘
525,09:56:12,13.07,60160,46,卖盘
526,09:56:15,13.08,382009,292,买盘
527,09:56:18,13.06,196006,150,卖盘
528,09:56:21,13.08,330716,253,买盘
529,09:56:24,13.09,109887,84,买盘
530,09:56:27,13.08,194719,149,中性盘
531,09:56:30,13.07,299348,229,卖盘
532,09:56:33,13.07,334638,256,卖盘
533,09:56:36,13.06,449408,344,卖盘
534,09:56:39,13.06,118849,91,买盘
535,09:56:42,13.07,120166,92,买盘
536,09:56:45,13.07,269209,206,买盘
537,09:56:48,13.07,252204,193,卖盘
538,09:56:51,13.07,184199,141,卖盘
539,09:56:54,13.07,177709,136,买盘
540,09:56:57,13.07,235188,180,买盘
541,09:57:00,13.06,318688,244,卖盘
542,09:57:03,13.06,436114,334,买盘
543,09:57:06,13.06,121412,93,中性盘
544,09:57:09,13.05,425688,326,卖盘
545,09:57:12,13.05,190717,146,卖盘
546,09:57:15,13.05,156616,120,卖盘
547,09:57:18,13.05,127958,98,卖盘
548,09:57:21,13.05,493290,378,卖盘
549,09:57:24,13.05,210028,161,买盘
550,09:57:27,13.05,84808,65,买盘
551,09:57:30,13.04,542683,416,卖盘
552,09:57:33,13.05,653730,501,买盘
553,09:57:36,13.05,349515,268,买盘
554,09:57:39,13.04,436671,335,卖盘
555,09:57:42,13.04,95213,73,买盘
556,09:57:45,13.03,159041,122,卖盘
557,09:57:48,13.03,583784,448,卖盘
558,09:57:51,13.02,117213,90,卖盘
559,09:57:54,13.02,473958,364,卖盘
560,09:57:57,13.01,111904,86,卖盘
561,09:58:00,13.0,4656175,3581,卖盘
562,09:58:03,13.0,505914,389,买盘
563,09:58:06,12.99,353555,272,卖盘
564,09:58:09,13.0,1211807,933,买盘
565,09:58:12,12.99,240492,185,卖盘
566,09:58:15,13.0,287165,221,买盘
567,09:58:18,12.98,549539,423,卖盘
568,09:58:21,12.99,561182,432,卖盘
569,09:58:24,12.99,1006750,775,卖盘
570,09:58:27,12.99,142897,110,卖盘
571,09:58:30,13.0,747310,575,买盘
572,09:58:33,13.0,350998,270,卖盘
573,09:58:36,13.0,966070,743,卖盘
574,09:58:39,13.0,144296,111,卖盘
575,09:58:42,13.0,215739,166,买盘
576,09:58:45,13.0,721415,555,买盘
577,09:58:48,13.0,975632,751,买盘
578,09:58:51,13.0,821371,632,买盘
579,09:58:54,12.99,344288,265,卖盘
580,09:58:57,12.98,155879,120,卖盘
581,09:59:00,12.98,276555,213,卖盘
582,09:59:03,12.98,346655,267,卖盘
583,09:59:06,12.98,211637,163,卖盘
584,09:59:09,12.99,749830,577,中性盘
585,09:59:12,13.0,539868,415,卖盘
586,09:59:15,13.0,111802,86,卖盘
587,09:59:18,13.0,608276,468,卖盘
588,09:59:21,13.0,660312,508,买盘
589,09:59:24,13.0,171573,132,买盘
590,09:59:27,13.01,197611,152,买盘
591,09:59:30,13.0,527743,406,卖盘
592,09:59:33,13.0,503062,387,买盘
593,09:59:36,12.99,308014,237,卖盘
594,09:59:39,12.99,642017,494,卖盘
595,09:59:42,13.0,379484,292,买盘
596,09:59:45,13.0,321011,247,买盘
597,09:59:48,13.0,213136,164,买盘
598,09:59:51,13.0,345889,266,买盘
599,09:59:54,13.01,36401,28,买盘
600,09:59:57,13.0,201547,155,卖盘
601,10:00:00,13.0,214571,165,卖盘
602,10:00:03,13.01,377127,290,买盘
603,10:00:06,13.0,767069,590,卖盘
604,10:00:09,13.01,425185,327,买盘
605,10:00:12,13.0,348455,268,卖盘
606,10:00:15,13.0,196295,151,卖盘
607,10:00:18,12.98,1606866,1237,卖盘
608,10:00:21,12.98,566153,436,卖盘
609,10:00:24,12.98,758161,584,卖盘
610,10:00:27,12.97,1265459,975,卖盘
611,10:00:30,12.96,312550,241,卖盘
612,10:00:33,12.97,410994,317,中性盘
613,10:00:36,12.97,526242,406,卖盘
614,10:00:39,12.95,3318056,2562,卖盘
615,10:00:42,12.95,445422,344,买盘
616,10:00:45,12.95,600693,464,卖盘
617,10:00:48,12.95,1140711,881,买盘
618,10:00:51,12.96,666815,515,买盘
619,10:00:54,12.96,1362071,1052,买盘
620,10:00:57,12.96,1051715,812,买盘
621,10:01:00,12.95,1478995,1142,卖盘
622,10:01:03,12.95,355101,274,卖盘
623,10:01:06,12.95,1165611,900,卖盘
624,10:01:09,12.95,545359,421,卖盘
625,10:01:12,12.95,233112,180,卖盘
626,10:01:15,12.96,365200,282,买盘
627,10:01:18,12.95,385709,298,卖盘
628,10:01:21,12.94,714101,552,卖盘
629,10:01:24,12.94,443853,343,卖盘
630,10:01:27,12.94,1083817,838,买盘
631,10:01:30,12.93,641670,496,卖盘
632,10:01:33,12.93,257392,199,卖盘
633,10:01:36,12.93,447405,346,卖盘
634,10:01:39,12.93,686088,531,买盘
635,10:01:42,12.93,1845003,1427,买盘
636,10:01:45,12.93,1186328,918,卖盘
637,10:01:48,12.93,395480,306,卖盘
638,10:01:51,12.93,170646,132,买盘
639,10:01:54,12.94,3039738,2350,买盘
640,10:01:57,12.93,818678,633,卖盘
641,10:02:00,12.96,723480,559,买盘
642,10:02:03,12.96,252559,195,买盘
643,10:02:06,12.95,496127,383,中性盘
644,10:02:09,12.95,244870,189,卖盘
645,10:02:12,12.95,309608,239,卖盘
646,10:02:15,12.98,942270,727,买盘
647,10:02:18,12.95,1091720,843,卖盘
648,10:02:21,12.95,115429,89,卖盘
649,10:02:24,13.0,401313,309,买盘
650,10:02:27,12.98,402989,311,中性盘
651,10:02:30,12.97,275992,213,中性盘
652,10:02:33,12.99,412233,318,买盘
653,10:02:36,12.99,233688,180,卖盘
654,10:02:39,12.98,358291,276,卖盘
655,10:02:42,12.99,580225,447,买盘
656,10:02:45,12.99,1209982,932,买盘
657,10:02:48,12.99,501569,386,卖盘
658,10:02:51,12.99,305279,235,卖盘
659,10:02:54,13.0,289749,223,买盘
660,10:02:57,12.99,414381,319,卖盘
661,10:03:00,12.99,110405,85,买盘
662,10:03:03,12.99,548014,422,买盘
663,10:03:06,12.98,443991,342,卖盘
664,10:03:09,12.98,81769,63,买盘
665,10:03:12,12.98,81762,63,买盘
666,10:03:15,12.97,2107064,1622,卖盘
667,10:03:18,13.01,290838,224,买盘
668,10:03:21,12.98,199985,154,买盘
669,10:03:24,13.01,35084,27,买盘
670,10:03:27,12.99,119607,92,卖盘
671,10:03:30,12.99,58507,45,卖盘
672,10:03:33,13.0,176780,136,买盘
673,10:03:36,13.0,178028,137,买盘
674,10:03:39,13.0,508097,391,买盘
675,10:03:42,13.0,427851,329,买盘
676,10:03:45,13.0,52000,40,卖盘
677,10:03:48,13.01,333023,256,买盘
678,10:03:51,13.0,791733,609,卖盘
679,10:03:54,13.0,148239,114,卖盘
680,10:03:57,13.0,232816,179,卖盘
681,10:04:00,13.0,152144,117,卖盘
682,10:04:03,13.0,463819,357,卖盘
683,10:04:06,13.0,280743,216,买盘
684,10:04:09,13.0,113100,87,买盘
685,10:04:12,13.0,84504,65,买盘
686,10:04:15,13.0,179295,138,卖盘
687,10:04:18,13.0,756566,582,买盘
688,10:04:21,13.0,219701,169,卖盘
689,10:04:24,13.0,84503,65,卖盘
690,10:04:27,13.0,250988,193,卖盘
691,10:04:30,13.0,236608,182,卖盘
692,10:04:33,13.0,97486,75,买盘
693,10:04:36,13.0,85783,66,买盘
694,10:04:39,12.99,309355,238,卖盘
695,10:04:42,13.0,228725,176,买盘
696,10:04:45,13.0,167718,129,卖盘
697,10:04:48,13.0,167720,129,卖盘
698,10:04:51,13.0,395031,304,卖盘
699,10:04:54,13.0,127400,98,买盘
700,10:04:57,13.0,87066,67,买盘
701,10:05:00,13.0,205312,158,买盘
702,10:05:03,13.0,244369,188,买盘
703,10:05:06,13.0,81873,63,买盘
704,10:05:09,13.0,310560,239,买盘
705,10:05:12,13.0,240352,185,买盘
706,10:05:15,13.0,432848,333,买盘
707,10:05:18,13.0,744427,573,卖盘
708,10:05:21,12.99,494864,381,卖盘
709,10:05:24,12.99,76651,59,买盘
710,10:05:27,12.99,48056,37,买盘
711,10:05:30,12.98,284386,219,卖盘
712,10:05:33,12.99,163603,126,买盘
713,10:05:36,12.98,79211,61,卖盘
714,10:05:39,12.99,90930,70,买盘
715,10:05:42,12.98,512734,395,卖盘
716,10:05:45,12.99,455690,351,买盘
717,10:05:48,12.99,106510,82,卖盘
718,10:05:51,12.99,206509,159,买盘
719,10:05:54,12.97,215463,166,卖盘
720,10:05:57,12.98,110330,85,买盘
721,10:06:00,12.97,426777,329,卖盘
722,10:06:03,12.98,166139,128,买盘
723,10:06:06,12.98,159709,123,卖盘
724,10:06:09,12.98,46750,36,卖盘
725,10:06:12,12.98,862878,665,卖盘
726,10:06:15,12.98,272614,210,买盘
727,10:06:18,12.97,163485,126,卖盘
728,10:06:21,12.97,173866,134,卖盘
729,10:06:24,12.98,335963,259,买盘
730,10:06:27,12.97,282942,218,卖盘
731,10:06:30,12.98,162226,125,中性盘
732,10:06:33,12.98,138894,107,卖盘
733,10:06:36,12.98,405014,312,卖盘
734,10:06:39,13.0,3781121,2910,买盘
735,10:06:42,13.0,181997,140,卖盘
736,10:06:45,13.01,278218,214,买盘
737,10:06:48,13.01,812792,626,买盘
738,10:06:51,13.01,180585,139,买盘
739,10:06:54,12.99,183269,141,卖盘
740,10:06:57,13.0,191053,147,买盘
741,10:07:00,13.01,878669,676,买盘
742,10:07:03,13.02,2166499,1664,买盘
743,10:07:06,13.03,95112,73,买盘
744,10:07:09,13.02,410534,315,卖盘
745,10:07:12,13.03,48205,37,中性盘
746,10:07:15,13.04,284134,218,买盘
747,10:07:18,13.03,135547,104,卖盘
748,10:07:21,13.04,273827,210,买盘
749,10:07:24,13.04,722395,554,买盘
750,10:07:27,13.05,88691,68,买盘
751,10:07:30,13.05,369238,283,买盘
752,10:07:33,13.04,379665,291,卖盘
753,10:07:36,13.04,225749,173,卖盘
754,10:07:39,13.04,299979,230,卖盘
755,10:07:42,13.03,400227,307,卖盘
756,10:07:45,13.04,109568,84,买盘
757,10:07:48,13.04,166905,128,卖盘
758,10:07:51,13.05,198236,152,买盘
759,10:07:54,13.03,1424540,1093,卖盘
760,10:07:57,13.04,189096,145,买盘
761,10:08:00,13.04,723681,555,买盘
762,10:08:03,13.04,82152,63,中性盘
763,10:08:06,13.04,706717,542,买盘
764,10:08:09,13.03,118659,91,卖盘
765,10:08:12,13.03,230715,177,卖盘
766,10:08:15,13.04,250337,192,买盘
767,10:08:18,13.05,254460,195,买盘
768,10:08:21,13.04,48280,37,卖盘
769,10:08:24,13.05,121360,93,买盘
770,10:08:27,13.05,120061,92,卖盘
771,10:08:30,13.05,165772,127,卖盘
772,10:08:33,13.06,1986101,1521,买盘
773,10:08:36,13.07,54889,42,中性盘
774,10:08:39,13.08,583086,446,买盘
775,10:08:42,13.08,474662,363,买盘
776,10:08:45,13.08,630445,482,买盘
777,10:08:48,13.08,51010,39,买盘
778,10:08:51,13.09,51051,39,买盘
779,10:08:54,13.1,96915,74,买盘
780,10:08:57,13.09,280114,214,卖盘
781,10:09:00,13.09,952815,728,买盘
782,10:09:03,13.09,898523,687,买盘
783,10:09:06,13.09,941168,719,卖盘
784,10:09:09,13.04,1431359,1095,卖盘
785,10:09:12,13.05,459093,352,中性盘
786,10:09:15,13.05,314534,241,买盘
787,10:09:18,13.05,317246,243,中性盘
788,10:09:21,13.05,82260,63,卖盘
789,10:09:24,13.06,217951,167,买盘
790,10:09:27,13.06,99246,76,买盘
791,10:09:30,13.03,1582320,1213,卖盘
792,10:09:33,13.04,970648,745,买盘
793,10:09:36,13.01,169372,130,卖盘
794,10:09:39,13.01,93745,72,卖盘
795,10:09:42,13.02,186091,143,买盘
796,10:09:45,13.01,104114,80,卖盘
797,10:09:48,13.01,85894,66,卖盘
798,10:09:51,13.02,111963,86,买盘
799,10:09:54,13.01,39054,30,卖盘
800,10:09:57,13.01,542585,417,卖盘
801,10:10:00,13.01,196431,151,中性盘
802,10:10:03,13.0,105339,81,卖盘
803,10:10:06,13.0,175577,135,卖盘
804,10:10:09,12.99,2543455,1957,卖盘
805,10:10:12,13.0,202717,156,买盘
806,10:10:15,12.99,192353,148,卖盘
807,10:10:18,12.99,180651,139,卖盘
808,10:10:21,13.0,205325,158,买盘
809,10:10:24,12.99,535500,412,卖盘
810,10:10:27,12.99,403605,311,卖盘
811,10:10:30,13.0,40301,31,卖盘
812,10:10:33,13.0,39000,30,卖盘
813,10:10:36,13.01,58505,45,买盘
814,10:10:39,13.01,195051,150,买盘
815,10:10:42,13.0,302950,233,卖盘
816,10:10:45,13.01,67653,52,卖盘
817,10:10:48,13.0,238009,183,卖盘
818,10:10:51,13.01,89774,69,卖盘
819,10:10:54,13.02,136605,105,买盘
820,10:10:57,13.01,101478,78,卖盘
821,10:11:00,13.0,46805,36,卖盘
822,10:11:03,13.0,309577,238,卖盘
823,10:11:06,13.0,10400,8,卖盘
824,10:11:09,13.01,197709,152,买盘
825,10:11:12,13.0,52015,40,卖盘
826,10:11:15,13.01,236737,182,买盘
827,10:11:18,13.01,127479,98,买盘
828,10:11:21,13.0,214540,165,卖盘
829,10:11:24,13.01,232786,179,买盘
830,10:11:27,13.03,2207766,1696,买盘
831,10:11:30,13.03,56031,43,卖盘
832,10:11:33,13.03,84704,65,卖盘
833,10:11:36,13.04,842407,646,买盘
834,10:11:39,13.05,79595,61,买盘
835,10:11:42,13.05,230963,177,买盘
836,10:11:45,13.05,258450,198,买盘
837,10:11:48,13.05,757666,581,卖盘
838,10:11:51,13.05,100484,77,买盘
839,10:11:54,13.05,87435,67,卖盘
840,10:11:57,13.06,343474,263,买盘
841,10:12:00,13.05,129278,99,卖盘
842,10:12:03,13.06,1215851,931,买盘
843,10:12:06,13.07,330625,253,买盘
844,10:12:09,13.07,82289,63,买盘
845,10:12:12,13.07,70552,54,买盘
846,10:12:15,13.06,151604,116,卖盘
847,10:12:18,13.07,173808,133,买盘
848,10:12:21,13.06,564739,432,卖盘
849,10:12:24,13.07,141136,108,买盘
850,10:12:27,13.07,266628,204,卖盘
851,10:12:30,13.07,1253136,959,卖盘
852,10:12:33,13.06,250931,192,卖盘
853,10:12:36,13.06,284711,218,卖盘
854,10:12:39,13.06,598148,458,买盘
855,10:12:42,13.05,127933,98,卖盘
856,10:12:45,13.05,261138,200,卖盘
857,10:12:48,13.05,121386,93,卖盘
858,10:12:51,13.06,146186,112,买盘
859,10:12:54,13.05,339416,260,卖盘
860,10:12:57,13.05,107079,82,卖盘
861,10:13:00,13.06,79641,61,买盘
862,10:13:03,13.06,258525,198,买盘
863,10:13:06,13.05,190547,146,卖盘
864,10:13:09,13.05,143607,110,卖盘
865,10:13:12,13.06,176246,135,买盘
866,10:13:15,13.05,84809,65,卖盘
867,10:13:18,13.05,71790,55,卖盘
868,10:13:21,13.05,97911,75,卖盘
869,10:13:24,13.05,277965,213,卖盘
870,10:13:27,13.05,219306,168,卖盘
871,10:13:30,13.05,834806,640,卖盘
872,10:13:33,13.05,199679,153,卖盘
873,10:13:36,13.05,75689,58,买盘
874,10:13:39,13.05,113496,87,买盘
875,10:13:42,13.05,271436,208,卖盘
876,10:13:45,13.06,270117,207,买盘
877,10:13:48,13.05,67861,52,中性盘
878,10:13:51,13.05,117431,90,买盘
879,10:13:54,13.05,339089,260,买盘
880,10:13:57,13.05,2798519,2143,买盘
881,10:14:00,13.06,735319,563,买盘
882,10:14:03,13.07,142943,109,买盘
883,10:14:06,13.06,135827,104,卖盘
884,10:14:09,13.06,137175,105,卖盘
885,10:14:12,13.06,462644,354,买盘
886,10:14:15,13.06,644304,493,卖盘
887,10:14:18,13.08,41835,32,买盘
888,10:14:21,13.07,60140,46,卖盘
889,10:14:24,13.08,680455,520,买盘
890,10:14:27,13.09,259162,198,买盘
891,10:14:30,13.1,48442,37,买盘
892,10:14:33,13.08,750959,574,卖盘
893,10:14:36,13.08,177888,136,买盘
894,10:14:39,13.08,338772,259,买盘
895,10:14:42,13.09,355988,272,买盘
896,10:14:45,13.08,56251,43,卖盘
897,10:14:48,13.09,286490,219,买盘
898,10:14:51,13.09,41889,32,卖盘
899,10:14:54,13.09,179379,137,卖盘
900,10:14:57,13.1,501401,383,买盘
901,10:15:00,13.09,104732,80,卖盘
902,10:15:03,13.09,456881,349,卖盘
903,10:15:06,13.09,288177,220,卖盘
904,10:15:09,13.1,91676,70,买盘
905,10:15:12,13.09,23574,18,卖盘
906,10:15:15,13.09,517106,395,卖盘
907,10:15:18,13.08,281276,215,卖盘
908,10:15:21,13.08,94198,72,卖盘
909,10:15:24,13.09,108607,83,买盘
910,10:15:27,13.09,260469,199,买盘
911,10:15:30,13.09,265701,203,买盘
912,10:15:33,13.08,162218,124,卖盘
913,10:15:36,13.08,32724,25,卖盘
914,10:15:39,13.08,54954,42,卖盘
915,10:15:42,13.09,183125,140,买盘
916,10:15:45,13.08,955536,730,卖盘
917,10:15:48,13.08,380874,291,卖盘
918,10:15:51,13.09,218453,167,买盘
919,10:15:54,13.08,433614,332,卖盘
920,10:15:57,13.09,142629,109,买盘
921,10:16:00,13.08,130146,100,卖盘
922,10:16:03,13.08,132047,101,买盘
923,10:16:06,13.08,112468,86,买盘
924,10:16:09,13.08,22220,17,买盘
925,10:16:12,13.08,158219,121,买盘
926,10:16:15,13.07,262733,201,卖盘
927,10:16:18,13.07,241803,185,卖盘
928,10:16:21,13.07,62759,48,卖盘
929,10:16:24,13.07,19606,15,卖盘
930,10:16:27,13.07,99305,76,卖盘
931,10:16:30,13.07,16991,13,买盘
932,10:16:33,13.06,44408,34,卖盘
933,10:16:36,13.06,461310,353,卖盘
934,10:16:39,13.06,131910,101,卖盘
935,10:16:42,13.06,350056,268,卖盘
936,10:16:45,13.06,107085,82,买盘
937,10:16:48,13.06,79663,61,买盘
938,10:16:51,13.06,122694,94,买盘
939,10:16:54,13.06,207558,159,买盘
940,10:16:57,13.05,137060,105,卖盘
941,10:17:00,13.05,133115,102,卖盘
942,10:17:03,13.05,6525,5,买盘
943,10:17:06,13.05,230977,177,买盘
944,10:17:09,13.04,164353,126,卖盘
945,10:17:12,13.05,285772,219,买盘
946,10:17:15,13.02,3706043,2844,卖盘
947,10:17:18,13.02,126309,97,卖盘
948,10:17:21,13.02,169446,130,卖盘
949,10:17:24,13.02,248678,191,卖盘
950,10:17:27,13.02,24738,19,买盘
951,10:17:30,13.02,44266,34,买盘
952,10:17:33,13.02,207018,159,卖盘
953,10:17:36,13.03,98962,76,买盘
954,10:17:39,13.03,19545,15,卖盘
955,10:17:42,13.03,92538,71,卖盘
956,10:17:45,13.03,61217,47,买盘
957,10:17:48,13.03,157561,121,买盘
958,10:17:51,13.02,155044,119,卖盘
959,10:17:54,13.02,130269,100,卖盘
960,10:17:57,13.03,134148,103,买盘
961,10:18:00,13.03,56014,43,买盘
962,10:18:03,13.03,173237,133,买盘
963,10:18:06,13.03,56020,43,买盘
964,10:18:09,13.02,343779,264,卖盘
965,10:18:12,13.02,141953,109,卖盘
966,10:18:15,13.02,167965,129,卖盘
967,10:18:18,13.02,209601,161,卖盘
968,10:18:21,13.02,75500,58,买盘
969,10:18:24,13.02,270787,208,买盘
970,10:18:27,13.02,240812,185,买盘
971,10:18:30,13.02,35134,27,买盘
972,10:18:33,13.01,100194,77,卖盘
973,10:18:36,13.01,39030,30,卖盘
974,10:18:39,13.01,39035,30,卖盘
975,10:18:42,13.02,55953,43,买盘
976,10:18:45,13.02,584211,449,买盘
977,10:18:48,13.01,195278,150,卖盘
978,10:18:51,13.02,52061,40,买盘
979,10:18:54,13.01,37729,29,卖盘
980,10:18:57,13.01,147109,113,卖盘
981,10:19:00,13.02,149723,115,买盘
982,10:19:03,13.02,114576,88,卖盘
983,10:19:06,13.01,2201412,1692,卖盘
984,10:19:09,13.02,188777,145,买盘
985,10:19:12,13.02,149719,115,卖盘
986,10:19:15,13.02,207037,159,卖盘
987,10:19:18,13.02,24738,19,买盘
988,10:19:21,13.02,75512,58,买盘
989,10:19:24,13.02,281122,216,买盘
990,10:19:27,13.02,33850,26,买盘
991,10:19:30,13.01,13011,10,卖盘
992,10:19:33,13.02,337107,259,买盘
993,10:19:36,13.02,59892,46,卖盘
994,10:19:39,13.02,80724,62,卖盘
995,10:19:42,13.01,66399,51,卖盘
996,10:19:45,13.02,141914,109,买盘
997,10:19:48,13.02,20831,16,买盘
998,10:19:51,13.02,174460,134,买盘
999,10:19:54,13.02,225889,174,买盘
1000,10:19:57,13.02,189983,146,卖盘
1001,10:20:00,13.02,89813,69,买盘
1002,10:20:03,13.01,32532,25,卖盘
1003,10:20:06,13.02,11716,9,买盘
1004,10:20:09,13.01,55963,43,卖盘
1005,10:20:12,13.02,187415,144,买盘
1006,10:20:15,13.01,176949,136,卖盘
1007,10:20:18,13.02,243316,187,买盘
1008,10:20:21,13.01,254384,196,卖盘
1009,10:20:24,13.02,185426,143,买盘
1010,10:20:27,13.02,7812,6,买盘
1011,10:20:30,13.01,58545,45,卖盘
1012,10:20:33,13.01,591037,455,卖盘
1013,10:20:36,13.01,698227,537,买盘
1014,10:20:39,13.0,1779105,1369,卖盘
1015,10:20:42,13.01,846774,651,买盘
1016,10:20:45,13.0,243071,187,中性盘
1017,10:20:48,13.0,219820,169,卖盘
1018,10:20:51,13.0,171605,132,卖盘
1019,10:20:54,12.99,360039,277,卖盘
1020,10:20:57,12.99,37667,29,买盘
1021,10:21:00,12.98,49370,38,卖盘
1022,10:21:03,12.98,197367,152,卖盘
1023,10:21:06,12.98,167458,129,卖盘
1024,10:21:09,12.98,429660,331,卖盘
1025,10:21:12,12.98,292067,225,卖盘
1026,10:21:15,12.98,136315,105,卖盘
1027,10:21:18,12.99,442648,341,买盘
1028,10:21:21,12.99,512977,395,买盘
1029,10:21:24,12.98,119489,92,卖盘
1030,10:21:27,12.99,110393,85,买盘
1031,10:21:30,12.98,332450,256,卖盘
1032,10:21:33,12.99,629140,484,买盘
1033,10:21:36,12.99,332588,256,卖盘
1034,10:21:39,13.0,51982,40,买盘
1035,10:21:42,13.0,19502,15,卖盘
1036,10:21:45,13.0,301601,232,卖盘
1037,10:21:48,13.0,97504,75,卖盘
1038,10:21:51,13.0,124800,96,卖盘
1039,10:21:54,13.0,128734,99,卖盘
1040,10:21:57,13.0,254846,196,卖盘
1041,10:22:00,13.0,136553,105,卖盘
1042,10:22:03,13.0,144332,111,卖盘
1043,10:22:06,13.01,157312,121,卖盘
1044,10:22:09,13.01,61173,47,卖盘
1045,10:22:12,13.01,120993,93,卖盘
1046,10:22:15,13.02,490790,377,买盘
1047,10:22:18,13.01,35141,27,卖盘
1048,10:22:21,13.02,169203,130,买盘
1049,10:22:24,13.02,651563,501,买盘
1050,10:22:27,13.01,65089,50,买盘
1051,10:22:30,13.02,44256,34,中性盘
1052,10:22:33,13.03,117261,90,买盘
1053,10:22:36,13.03,83333,64,买盘
1054,10:22:39,13.02,78123,60,中性盘
1055,10:22:42,13.02,42958,33,买盘
1056,10:22:45,13.02,88536,68,卖盘
1057,10:22:48,13.02,37748,29,买盘
1058,10:22:51,13.02,130199,100,买盘
1059,10:22:54,13.02,141913,109,买盘
1060,10:22:57,13.01,137981,106,卖盘
1061,10:23:00,13.01,201784,155,卖盘
1062,10:23:03,13.02,218639,168,买盘
1063,10:23:06,13.01,284995,219,卖盘
1064,10:23:09,13.01,27321,21,买盘
1065,10:23:12,13.01,102779,79,买盘
1066,10:23:15,13.01,109284,84,买盘
1067,10:23:18,13.02,1267350,973,买盘
1068,10:23:21,13.03,450073,345,中性盘
1069,10:23:24,13.04,37837,29,卖盘
1070,10:23:27,13.05,11753,9,中性盘
1071,10:23:30,13.06,321099,246,买盘
1072,10:23:36,13.07,109765,84,买盘
1073,10:23:39,13.07,57508,44,买盘
1074,10:23:42,13.08,316497,242,买盘
1075,10:23:45,13.08,26160,20,买盘
1076,10:23:48,13.09,91630,70,买盘
1077,10:23:51,13.09,236928,181,买盘
1078,10:23:54,13.09,96866,74,买盘
1079,10:23:57,13.09,446367,341,买盘
1080,10:24:00,13.09,293103,224,买盘
1081,10:24:03,13.07,1178000,900,卖盘
1082,10:24:06,13.09,193629,148,买盘
1083,10:24:09,13.09,175295,134,买盘
1084,10:24:12,13.08,115095,88,卖盘
1085,10:24:15,13.08,1317215,1007,买盘
1086,10:24:18,13.07,67924,52,中性盘
1087,10:24:21,13.08,172611,132,买盘
1088,10:24:24,13.07,86269,66,卖盘
1089,10:24:27,13.07,39238,30,卖盘
1090,10:24:30,13.08,175207,134,买盘
1091,10:24:33,13.07,56240,43,卖盘
1092,10:24:36,13.07,53617,41,卖盘
1093,10:24:39,13.08,330901,253,买盘
1094,10:24:42,13.08,419857,321,买盘
1095,10:24:45,13.08,65400,50,卖盘
1096,10:24:48,13.08,134726,103,卖盘
1097,10:24:51,13.08,133457,102,卖盘
1098,10:24:54,13.09,111226,85,买盘
1099,10:24:57,13.09,226452,173,买盘
1100,10:25:00,13.08,398950,305,卖盘
1101,10:25:03,13.07,2982840,2282,卖盘
1102,10:25:06,13.08,644790,493,买盘
1103,10:25:09,13.08,283460,217,买盘
1104,10:25:12,13.08,392442,300,买盘
1105,10:25:15,13.08,50995,39,卖盘
1106,10:25:18,13.07,147763,113,卖盘
1107,10:25:21,13.06,135921,104,卖盘
1108,10:25:24,13.07,57472,44,买盘
1109,10:25:27,13.06,45710,35,卖盘
1110,10:25:30,13.06,50948,39,卖盘
1111,10:25:33,13.05,289930,222,卖盘
1112,10:25:36,13.06,83565,64,买盘
1113,10:25:39,13.06,60075,46,买盘
1114,10:25:42,13.06,53525,41,买盘
1115,10:25:45,13.05,224467,172,卖盘
1116,10:25:48,13.05,16966,13,卖盘
1117,10:25:51,13.05,100508,77,卖盘
1118,10:25:54,13.05,2609,2,中性盘
1119,10:25:57,13.05,228321,175,买盘
1120,10:26:00,13.05,13050,10,卖盘
1121,10:26:03,13.05,116114,89,卖盘
1122,10:26:06,13.05,101791,78,买盘
1123,10:26:09,13.05,171055,131,卖盘
1124,10:26:12,13.06,295129,226,买盘
1125,10:26:15,13.04,35217,27,卖盘
1126,10:26:18,13.04,20869,16,卖盘
1127,10:26:21,13.04,35213,27,卖盘
1128,10:26:24,13.04,39140,30,卖盘
1129,10:26:27,13.05,71773,55,买盘
1130,10:26:30,13.05,66555,51,卖盘
1131,10:26:33,13.06,14366,11,买盘
1132,10:26:36,13.05,71790,55,卖盘
1133,10:26:39,13.06,191982,147,买盘
1134,10:26:42,13.05,22200,17,卖盘
1135,10:26:45,13.06,195904,150,买盘
1136,10:26:48,13.07,235090,180,买盘
1137,10:26:51,13.07,128013,98,买盘
1138,10:26:54,13.07,317601,243,买盘
1139,10:26:57,13.07,16992,13,中性盘
1140,10:27:00,13.06,169889,130,卖盘
1141,10:27:03,13.07,64036,49,中性盘
1142,10:27:06,13.07,211734,162,买盘
1143,10:27:09,13.07,298203,228,卖盘
1144,10:27:12,13.07,194848,149,卖盘
1145,10:27:15,13.07,116364,89,卖盘
1146,10:27:18,13.07,248368,190,卖盘
1147,10:27:21,13.06,27438,21,卖盘
1148,10:27:24,13.07,16990,13,买盘
1149,10:27:27,13.06,23510,18,卖盘
1150,10:27:30,13.07,24831,19,买盘
1151,10:27:33,13.07,310968,238,买盘
1152,10:27:36,13.08,77114,59,买盘
1153,10:27:39,13.06,27461,21,卖盘
1154,10:27:42,13.07,350276,268,买盘
1155,10:27:45,13.06,35288,27,卖盘
1156,10:27:48,13.07,205195,157,买盘
1157,10:27:51,13.06,209013,160,卖盘
1158,10:27:54,13.06,6532,5,卖盘
1159,10:27:57,13.07,195935,150,买盘
1160,10:28:00,13.07,201255,154,买盘
1161,10:28:03,13.06,180328,138,卖盘
1162,10:28:06,13.07,113675,87,买盘
1163,10:28:09,13.07,138542,106,卖盘
1164,10:28:12,13.08,66671,51,买盘
1165,10:28:15,13.07,94110,72,卖盘
1166,10:28:18,13.07,28754,22,卖盘
1167,10:28:21,13.07,125472,96,卖盘
1168,10:28:24,13.07,30061,23,买盘
1169,10:28:27,13.07,87549,67,买盘
1170,10:28:30,13.07,36587,28,买盘
1171,10:28:33,13.07,197319,151,买盘
1172,10:28:36,13.07,231184,177,买盘
1173,10:28:39,13.07,124804,96,买盘
1174,10:28:42,13.07,15684,12,卖盘
1175,10:28:45,13.07,27448,21,卖盘
1176,10:28:48,13.07,60122,46,卖盘
1177,10:28:51,13.08,171221,131,买盘
1178,10:28:54,13.07,99332,76,卖盘
1179,10:28:57,13.07,272593,209,卖盘
1180,10:29:00,13.07,234120,179,买盘
1181,10:29:03,13.07,57498,44,买盘
1182,10:29:06,13.06,316053,242,卖盘
1183,10:29:09,13.06,56188,43,卖盘
1184,10:29:12,13.07,440444,337,买盘
1185,10:29:15,13.08,281007,215,买盘
1186,10:29:18,13.07,156845,120,卖盘
1187,10:29:21,13.08,231364,177,买盘
1188,10:29:24,13.08,326835,250,买盘
1189,10:29:27,13.08,62783,48,买盘
1190,10:29:30,13.07,172525,132,卖盘
1191,10:29:33,13.07,23535,18,卖盘
1192,10:29:36,13.07,20912,16,买盘
1193,10:29:39,13.07,57503,44,买盘
1194,10:29:42,13.08,142478,109,买盘
1195,10:29:45,13.07,75806,58,卖盘
1196,10:29:48,13.08,84994,65,买盘
1197,10:29:51,13.13,6972585,5325,买盘
1198,10:29:54,13.11,177182,135,卖盘
1199,10:29:57,13.1,200736,153,卖盘
1200,10:30:00,13.11,108911,83,中性盘
1201,10:30:03,13.13,120796,92,买盘
1202,10:30:06,13.13,266528,203,买盘
1203,10:30:09,13.14,185140,141,买盘
1204,10:30:12,13.14,316674,241,买盘
1205,10:30:15,13.15,219415,167,买盘
1206,10:30:18,13.15,807318,614,买盘
1207,10:30:21,13.15,633956,482,买盘
1208,10:30:24,13.16,263065,200,买盘
1209,10:30:27,13.16,2771599,2107,买盘
1210,10:30:30,13.17,1472632,1119,买盘
1211,10:30:33,13.18,347738,264,买盘
1212,10:30:36,13.18,685117,520,买盘
1213,10:30:39,13.18,941973,715,买盘
1214,10:30:42,13.18,728684,553,卖盘
1215,10:30:45,13.16,1043312,792,卖盘
1216,10:30:48,13.18,1099642,834,买盘
1217,10:30:51,13.18,159499,121,买盘
1218,10:30:54,13.19,246472,187,买盘
1219,10:30:57,13.18,1689708,1282,卖盘
1220,10:31:00,13.18,475720,361,买盘
1221,10:31:03,13.17,1110261,843,卖盘
1222,10:31:06,13.17,556071,422,买盘
1223,10:31:09,13.17,180418,137,买盘
1224,10:31:12,13.17,459614,349,买盘
1225,10:31:15,13.18,534743,406,买盘
1226,10:31:18,13.17,222654,169,卖盘
1227,10:31:21,13.18,189763,144,买盘
1228,10:31:24,13.18,276708,210,买盘
1229,10:31:27,13.18,346583,263,买盘
1230,10:31:30,13.18,127834,97,买盘
1231,10:31:33,13.18,100171,76,卖盘
1232,10:31:36,13.19,258387,196,买盘
1233,10:31:39,13.19,958862,727,买盘
1234,10:31:42,13.19,143772,109,卖盘
1235,10:31:45,13.2,1639402,1242,买盘
1236,10:31:48,13.21,402903,305,买盘
1237,10:31:51,13.22,191681,145,买盘
1238,10:31:54,13.23,378059,286,买盘
1239,10:31:57,13.22,579242,438,卖盘
1240,10:32:00,13.23,787027,595,买盘
1241,10:32:03,13.23,679756,514,中性盘
1242,10:32:06,13.23,920783,696,买盘
1243,10:32:09,13.23,277824,210,中性盘
1244,10:32:12,13.21,431182,326,卖盘
1245,10:32:15,13.2,748892,567,卖盘
1246,10:32:18,13.21,190165,144,买盘
1247,10:32:21,13.2,468728,355,卖盘
1248,10:32:24,13.2,353752,268,买盘
1249,10:32:27,13.21,295705,224,买盘
1250,10:32:30,13.2,372303,282,卖盘
1251,10:32:33,13.21,422471,320,买盘
1252,10:32:36,13.2,419979,318,卖盘
1253,10:32:39,13.21,654902,496,买盘
1254,10:32:42,13.23,5797893,4380,买盘
1255,10:32:45,13.25,318586,241,买盘
1256,10:32:48,13.25,234415,177,买盘
1257,10:32:51,13.26,286373,216,买盘
1258,10:32:54,13.26,381875,288,买盘
1259,10:32:57,13.28,127463,96,买盘
1260,10:33:00,13.28,399680,301,买盘
1261,10:33:03,13.28,741946,559,买盘
1262,10:33:06,13.28,1129285,850,买盘
1263,10:33:09,13.29,1028424,774,买盘
1264,10:33:12,13.29,661790,498,卖盘
1265,10:33:15,13.29,404162,304,卖盘
1266,10:33:18,13.29,1247922,939,买盘
1267,10:33:21,13.29,714874,538,买盘
1268,10:33:24,13.28,1272269,958,卖盘
1269,10:33:27,13.28,5494068,4134,买盘
1270,10:33:30,13.27,490085,369,卖盘
1271,10:33:33,13.28,406502,306,中性盘
1272,10:33:36,13.29,935091,704,买盘
1273,10:33:39,13.28,441095,332,买盘
1274,10:33:42,13.28,381327,287,卖盘
1275,10:33:45,13.29,289583,218,买盘
1276,10:33:48,13.28,606901,457,卖盘
1277,10:33:51,13.27,402354,303,卖盘
1278,10:33:54,13.26,666462,502,卖盘
1279,10:33:57,13.26,417965,315,卖盘
1280,10:34:00,13.26,902514,680,卖盘
1281,10:34:03,13.25,457423,345,卖盘
1282,10:34:06,13.24,141779,107,卖盘
1283,10:34:09,13.24,279479,211,卖盘
1284,10:34:12,13.23,189199,143,卖盘
1285,10:34:15,13.22,379890,287,卖盘
1286,10:34:18,13.23,362533,274,买盘
1287,10:34:21,13.23,495857,375,买盘
1288,10:34:24,13.23,554252,419,买盘
1289,10:34:27,13.22,394095,298,卖盘
1290,10:34:30,13.22,272350,206,买盘
1291,10:34:33,13.21,422973,320,卖盘
1292,10:34:36,13.22,302611,229,买盘
1293,10:34:39,13.21,796470,603,中性盘
1294,10:34:42,13.21,301327,228,买盘
1295,10:34:45,13.21,184934,140,卖盘
1296,10:34:48,13.21,96426,73,买盘
1297,10:34:51,13.21,228624,173,卖盘
1298,10:34:54,13.23,239225,181,买盘
1299,10:34:57,13.21,133524,101,卖盘
1300,10:35:00,13.23,491963,372,买盘
1301,10:35:03,13.23,251346,190,买盘
1302,10:35:06,13.24,189262,143,买盘
1303,10:35:09,13.25,410640,310,买盘
1304,10:35:12,13.31,8167483,6150,买盘
1305,10:35:15,13.31,267486,201,买盘
1306,10:35:18,13.33,1098910,825,买盘
1307,10:35:21,13.34,1555697,1167,买盘
1308,10:35:24,13.35,241480,181,买盘
1309,10:35:27,13.34,735515,551,卖盘
1310,10:35:30,13.35,822338,616,买盘
1311,10:35:33,13.4,17532249,13087,买盘
1312,10:35:36,13.45,310128,231,买盘
1313,10:35:39,13.41,1364844,1015,卖盘
1314,10:35:42,13.52,11813262,8755,买盘
1315,10:35:45,13.54,1130702,836,买盘
1316,10:35:48,13.57,2419954,1785,买盘
1317,10:35:51,13.59,1777857,1309,买盘
1318,10:35:54,13.56,9574498,7060,卖盘
1319,10:35:57,13.58,4357203,3208,买盘
1320,10:36:00,13.6,2439593,1794,买盘
1321,10:36:03,13.59,2861651,2103,卖盘
1322,10:36:06,13.59,5478955,4037,卖盘
1323,10:36:09,13.53,4374768,3234,卖盘
1324,10:36:12,13.5,1915900,1419,卖盘
1325,10:36:15,13.47,944843,701,中性盘
1326,10:36:18,13.45,776967,577,卖盘
1327,10:36:21,13.44,852970,634,卖盘
1328,10:36:24,13.43,785094,584,卖盘
1329,10:36:27,13.44,1065114,792,买盘
1330,10:36:30,13.44,2393469,1783,卖盘
1331,10:36:33,13.46,1170601,870,买盘
1332,10:36:36,13.46,3629174,2699,买盘
1333,10:36:39,13.44,2414826,1796,卖盘
1334,10:36:42,13.44,1155399,860,卖盘
1335,10:36:45,13.43,806595,600,中性盘
1336,10:36:48,13.43,567891,423,买盘
1337,10:36:51,13.45,1064773,793,买盘
1338,10:36:54,13.45,737520,549,卖盘
1339,10:36:57,13.43,745460,555,卖盘
1340,10:37:00,13.42,762732,568,卖盘
1341,10:37:03,13.44,414949,309,买盘
1342,10:37:06,13.43,3750411,2797,卖盘
1343,10:37:09,13.4,2211390,1648,卖盘
1344,10:37:12,13.38,1005044,750,卖盘
1345,10:37:15,13.38,1036239,774,卖盘
1346,10:37:18,13.4,265195,198,买盘
1347,10:37:21,13.38,627455,469,卖盘
1348,10:37:24,13.39,866577,647,买盘
1349,10:37:27,13.39,387023,289,卖盘
1350,10:37:30,13.4,1057833,790,买盘
1351,10:37:33,13.4,546670,408,买盘
1352,10:37:36,13.41,2953304,2205,买盘
1353,10:37:39,13.4,1428253,1066,卖盘
1354,10:37:42,13.4,1216673,908,买盘
1355,10:37:45,13.4,919147,686,买盘
1356,10:37:48,13.41,458530,342,买盘
1357,10:37:51,13.41,2175019,1624,中性盘
1358,10:37:54,13.41,657249,490,买盘
1359,10:37:57,13.41,591157,441,买盘
1360,10:38:00,13.41,927756,692,买盘
1361,10:38:03,13.42,1143857,853,买盘
1362,10:38:06,13.42,703871,525,买盘
1363,10:38:09,13.41,790033,589,卖盘
1364,10:38:12,13.42,652200,486,买盘
1365,10:38:15,13.4,425234,317,卖盘
1366,10:38:18,13.43,521985,389,买盘
1367,10:38:21,13.44,741357,552,买盘
1368,10:38:24,13.45,1474695,1097,买盘
1369,10:38:27,13.44,835736,622,卖盘
1370,10:38:30,13.44,1563856,1164,买盘
1371,10:38:33,13.45,454247,338,买盘
1372,10:38:36,13.44,681578,507,卖盘
1373,10:38:39,13.45,1344444,1000,买盘
1374,10:38:42,13.45,1133754,843,卖盘
1375,10:38:45,13.46,2641417,1964,买盘
1376,10:38:48,13.46,1718968,1278,买盘
1377,10:38:51,13.45,2236130,1663,卖盘
1378,10:38:54,13.45,1367097,1016,买盘
1379,10:38:57,13.47,440291,327,买盘
1380,10:39:00,13.47,943883,701,买盘
1381,10:39:03,13.47,1128113,838,卖盘
1382,10:39:06,13.46,701442,521,卖盘
1383,10:39:09,13.44,1016849,756,卖盘
1384,10:39:12,13.42,716585,533,卖盘
1385,10:39:15,13.44,737828,549,买盘
1386,10:39:18,13.45,471658,351,买盘
1387,10:39:21,13.44,735337,547,卖盘
1388,10:39:24,13.44,829147,617,买盘
1389,10:39:27,13.44,812968,605,买盘
1390,10:39:30,13.44,1786114,1329,买盘
1391,10:39:33,13.45,1574169,1170,买盘
1392,10:39:36,13.45,314954,234,卖盘
1393,10:39:39,13.48,493153,366,买盘
1394,10:39:42,13.5,2830013,2097,买盘
1395,10:39:45,13.52,197209,146,买盘
1396,10:39:48,13.53,248521,184,买盘
1397,10:39:51,13.54,227456,168,买盘
1398,10:39:54,13.54,334508,247,买盘
1399,10:39:57,13.55,808946,597,买盘
1400,10:40:00,13.57,851028,628,买盘
1401,10:40:03,13.55,969623,716,买盘
1402,10:40:06,13.51,1901198,1405,卖盘
1403,10:40:09,13.5,1347385,997,卖盘
1404,10:40:12,13.45,1129424,837,卖盘
1405,10:40:15,13.49,2475342,1834,买盘
1406,10:40:18,13.47,414550,308,卖盘
1407,10:40:21,13.49,3338791,2474,买盘
1408,10:40:24,13.47,632956,470,卖盘
1409,10:40:27,13.47,384065,285,买盘
1410,10:40:30,13.47,672592,499,卖盘
1411,10:40:33,13.47,405449,301,卖盘
1412,10:40:36,13.47,559042,415,买盘
1413,10:40:39,13.47,206090,153,买盘
1414,10:40:42,13.47,582045,432,卖盘
1415,10:40:45,13.48,672506,499,买盘
1416,10:40:48,13.48,196812,146,卖盘
1417,10:40:51,13.48,454398,337,卖盘
1418,10:40:54,13.48,1232479,914,卖盘
1419,10:40:57,13.48,673017,499,买盘
1420,10:41:00,13.47,1077640,800,卖盘
1421,10:41:03,13.48,585914,435,买盘
1422,10:41:06,13.46,2023141,1504,中性盘
1423,10:41:09,13.45,860751,640,卖盘
1424,10:41:12,13.45,398374,296,买盘
1425,10:41:15,13.44,257968,192,买盘
1426,10:41:18,13.43,245982,183,卖盘
1427,10:41:21,13.43,453994,338,卖盘
1428,10:41:24,13.43,390797,291,买盘
1429,10:41:27,13.43,495374,369,买盘
1430,10:41:30,13.43,283253,211,买盘
1431,10:41:33,13.43,436302,325,买盘
1432,10:41:36,13.42,338109,252,中性盘
1433,10:41:39,13.41,240176,179,卖盘
1434,10:41:42,13.41,264213,197,卖盘
1435,10:41:45,13.41,366227,273,卖盘
1436,10:41:48,13.4,1471665,1098,卖盘
1437,10:41:51,13.41,624909,466,买盘
1438,10:41:54,13.4,217175,162,卖盘
1439,10:41:57,13.41,821908,613,买盘
1440,10:42:00,13.42,330071,246,买盘
1441,10:42:03,13.42,407874,304,买盘
1442,10:42:06,13.41,312618,233,卖盘
1443,10:42:09,13.42,452088,337,买盘
1444,10:42:12,13.42,271056,202,买盘
1445,10:42:15,13.42,206628,154,卖盘
1446,10:42:18,13.43,226841,169,买盘
1447,10:42:21,13.43,254958,190,买盘
1448,10:42:24,13.43,491479,366,买盘
1449,10:42:27,13.43,1318817,982,买盘
1450,10:42:30,13.43,691604,515,买盘
1451,10:42:33,13.43,252463,188,买盘
1452,10:42:36,13.42,1368942,1020,卖盘
1453,10:42:39,13.41,594474,443,卖盘
1454,10:42:42,13.42,1493662,1113,买盘
1455,10:42:45,13.43,190649,142,买盘
1456,10:42:48,13.43,221525,165,买盘
1457,10:42:51,13.43,676872,504,买盘
1458,10:42:54,13.43,218909,163,卖盘
1459,10:42:57,13.43,307551,229,卖盘
1460,10:43:00,13.43,476897,355,卖盘
1461,10:43:03,13.45,504226,375,买盘
1462,10:43:06,13.44,287692,214,卖盘
1463,10:43:09,13.45,129074,96,买盘
1464,10:43:12,13.45,541778,403,买盘
1465,10:43:15,13.44,412576,307,中性盘
1466,10:43:18,13.44,243350,181,买盘
1467,10:43:21,13.44,282339,210,卖盘
1468,10:43:24,13.45,279601,208,买盘
1469,10:43:27,13.43,267419,199,卖盘
1470,10:43:30,13.43,180046,134,卖盘
1471,10:43:33,13.44,1362123,1014,买盘
1472,10:43:36,13.43,404283,301,卖盘
1473,10:43:39,13.43,212189,158,卖盘
1474,10:43:42,13.42,4023497,2999,卖盘
1475,10:43:45,13.4,399823,298,卖盘
1476,10:43:48,13.4,589033,439,卖盘
1477,10:43:51,13.4,221189,165,卖盘
1478,10:43:54,13.4,806810,602,卖盘
1479,10:43:57,13.41,537510,401,中性盘
1480,10:44:00,13.4,470370,351,卖盘
1481,10:44:03,13.4,493024,368,买盘
1482,10:44:06,13.39,206258,154,卖盘
1483,10:44:09,13.4,360382,269,买盘
1484,10:44:12,13.39,200904,150,卖盘
1485,10:44:15,13.4,1120791,837,买盘
1486,10:44:18,13.39,309326,231,卖盘
1487,10:44:21,13.39,674899,504,卖盘
1488,10:44:24,13.39,807592,603,卖盘
1489,10:44:27,13.39,137880,103,买盘
1490,10:44:30,13.39,220836,165,买盘
1491,10:44:33,13.38,176700,132,卖盘
1492,10:44:36,13.38,1217695,910,卖盘
1493,10:44:39,13.38,727877,544,卖盘
1494,10:44:42,13.37,242165,181,卖盘
1495,10:44:45,13.39,1724201,1288,买盘
1496,10:44:48,13.39,124575,93,卖盘
1497,10:44:51,13.39,93730,70,卖盘
1498,10:44:54,13.37,468294,350,卖盘
1499,10:44:57,13.38,77626,58,中性盘
1500,10:45:00,13.39,152481,114,买盘
1501,10:45:03,13.37,835614,625,卖盘
1502,10:45:06,13.39,125743,94,买盘
1503,10:45:09,13.37,143051,107,卖盘
1504,10:45:12,13.37,133699,100,买盘
1505,10:45:15,13.36,519788,389,卖盘
1506,10:45:18,13.35,212326,159,卖盘
1507,10:45:21,13.35,699649,524,卖盘
1508,10:45:24,13.34,120109,90,卖盘
1509,10:45:27,13.34,317728,238,卖盘
1510,10:45:30,13.34,120070,90,卖盘
1511,10:45:33,13.33,145407,109,卖盘
1512,10:45:36,13.33,205414,154,卖盘
1513,10:45:39,13.32,278602,209,卖盘
1514,10:45:42,13.33,123969,93,买盘
1515,10:45:45,13.32,623535,468,卖盘
1516,10:45:48,13.33,73283,55,买盘
1517,10:45:51,13.32,319781,240,卖盘
1518,10:45:54,13.32,286425,215,卖盘
1519,10:45:57,13.33,351701,264,买盘
1520,10:46:00,13.32,396749,298,卖盘
1521,10:46:03,13.31,178471,134,卖盘
1522,10:46:06,13.3,1879860,1413,卖盘
1523,10:46:09,13.3,156939,118,买盘
1524,10:46:12,13.29,151596,114,卖盘
1525,10:46:15,13.3,916521,690,买盘
1526,10:46:18,13.29,53152,40,卖盘
1527,10:46:21,13.28,197999,149,卖盘
1528,10:46:24,13.29,689714,519,买盘
1529,10:46:27,13.29,95650,72,买盘
1530,10:46:30,13.27,495074,373,卖盘
1531,10:46:33,13.29,115563,87,买盘
1532,10:46:36,13.29,281520,212,买盘
1533,10:46:39,13.29,55819,42,卖盘
1534,10:46:42,13.29,293629,221,卖盘
1535,10:46:45,13.3,190058,143,买盘
1536,10:46:48,13.29,35887,27,卖盘
1537,10:46:51,13.3,45199,34,买盘
1538,10:46:54,13.29,346905,261,卖盘
1539,10:46:57,13.29,307002,231,买盘
1540,10:47:00,13.3,25255,19,买盘
1541,10:47:03,13.3,120955,91,买盘
1542,10:47:06,13.3,127668,96,买盘
1543,10:47:09,13.3,79800,60,买盘
1544,10:47:12,13.29,171563,129,卖盘
1545,10:47:15,13.3,57179,43,买盘
1546,10:47:18,13.29,168905,127,卖盘
1547,10:47:21,13.29,368376,277,卖盘
1548,10:47:24,13.3,134299,101,买盘
1549,10:47:27,13.29,368270,277,卖盘
1550,10:47:30,13.29,385515,290,卖盘
1551,10:47:33,13.28,2130261,1603,卖盘
1552,10:47:36,13.27,1715581,1291,卖盘
1553,10:47:39,13.27,244466,184,卖盘
1554,10:47:42,13.27,62379,47,卖盘
1555,10:47:45,13.28,422240,318,买盘
1556,10:47:48,13.28,325438,245,买盘
1557,10:47:51,13.26,3414877,2574,卖盘
1558,10:47:54,13.27,180499,136,中性盘
1559,10:47:57,13.27,47756,36,买盘
1560,10:48:00,13.27,119382,90,买盘
1561,10:48:03,13.28,452631,341,买盘
1562,10:48:06,13.28,134033,101,买盘
1563,10:48:09,13.27,200416,151,卖盘
1564,10:48:12,13.29,201862,152,买盘
1565,10:48:15,13.29,118253,89,买盘
1566,10:48:18,13.28,244363,184,卖盘
1567,10:48:21,13.29,190047,143,买盘
1568,10:48:24,13.3,67821,51,买盘
1569,10:48:27,13.3,468012,352,买盘
1570,10:48:30,13.29,516702,389,卖盘
1571,10:48:33,13.29,532674,401,买盘
1572,10:48:36,13.28,237728,179,卖盘
1573,10:48:39,13.28,221813,167,买盘
1574,10:48:42,13.28,216464,163,买盘
1575,10:48:45,13.27,4447819,3354,卖盘
1576,10:48:48,13.27,204213,154,买盘
1577,10:48:51,13.27,544016,410,买盘
1578,10:48:54,13.27,15924,12,卖盘
1579,10:48:57,13.27,63711,48,卖盘
1580,10:49:00,13.28,66364,50,买盘
1581,10:49:03,13.27,266783,201,卖盘
1582,10:49:06,13.29,51784,39,买盘
1583,10:49:09,13.28,682593,514,卖盘
1584,10:49:12,13.29,213969,161,买盘
1585,10:49:15,13.29,30568,23,卖盘
1586,10:49:18,13.29,126285,95,卖盘
1587,10:49:21,13.29,483784,364,卖盘
1588,10:49:24,13.3,553078,416,买盘
1589,10:49:27,13.3,296509,223,买盘
1590,10:49:30,13.29,437455,329,卖盘
1591,10:49:33,13.29,483714,364,卖盘
1592,10:49:36,13.3,3538762,2661,买盘
1593,10:49:39,13.29,433101,326,卖盘
1594,10:49:42,13.29,838761,631,买盘
1595,10:49:45,13.31,191471,144,买盘
1596,10:49:48,13.32,444629,334,买盘
1597,10:49:51,13.3,629358,473,中性盘
1598,10:49:54,13.3,59888,45,卖盘
1599,10:49:57,13.32,73230,55,买盘
1600,10:50:00,13.32,121145,91,买盘
1601,10:50:03,13.32,1300580,978,买盘
1602,10:50:06,13.32,234413,176,买盘
1603,10:50:09,13.32,267708,201,买盘
1604,10:50:12,13.31,109180,82,中性盘
1605,10:50:15,13.3,282082,212,卖盘
1606,10:50:18,13.31,176993,133,买盘
1607,10:50:21,13.31,242177,182,买盘
1608,10:50:24,13.32,58589,44,买盘
1609,10:50:27,13.31,110509,83,卖盘
1610,10:50:30,13.31,151822,114,卖盘
1611,10:50:33,13.31,468593,352,卖盘
1612,10:50:36,13.3,384576,289,卖盘
1613,10:50:39,13.31,159716,120,买盘
1614,10:50:42,13.29,1780692,1339,卖盘
1615,10:50:45,13.27,1330566,1002,卖盘
1616,10:50:48,13.27,414835,312,卖盘
1617,10:50:51,13.28,38489,29,买盘
1618,10:50:54,13.28,124810,94,买盘
1619,10:50:57,13.28,91631,69,买盘
1620,10:51:00,13.25,1191339,898,卖盘
1621,10:51:03,13.23,943216,712,卖盘
1622,10:51:06,13.23,604627,457,卖盘
1623,10:51:09,13.23,27776,21,买盘
1624,10:51:12,13.22,175907,133,卖盘
1625,10:51:15,13.24,294872,223,买盘
1626,10:51:18,13.24,56878,43,买盘
1627,10:51:21,13.24,119110,90,买盘
1628,10:51:24,13.24,115188,87,买盘
1629,10:51:27,13.25,708521,536,买盘
1630,10:51:30,13.24,90035,68,卖盘
1631,10:51:33,13.25,508008,384,买盘
1632,10:51:36,13.25,323172,244,卖盘
1633,10:51:39,13.25,22525,17,卖盘
1634,10:51:42,13.25,120578,91,卖盘
1635,10:51:45,13.25,19875,15,买盘
1636,10:51:48,13.25,68874,52,买盘
1637,10:51:51,13.25,222548,168,买盘
1638,10:51:54,13.23,345305,261,卖盘
1639,10:51:57,13.23,72765,55,买盘
1640,10:52:00,13.22,436299,330,卖盘
1641,10:52:03,13.22,40979,31,买盘
1642,10:52:06,13.22,101744,77,买盘
1643,10:52:09,13.22,489124,370,买盘
1644,10:52:12,13.22,300072,227,买盘
1645,10:52:15,13.22,64778,49,买盘
1646,10:52:18,13.22,273808,207,卖盘
1647,10:52:21,13.22,14543,11,卖盘
1648,10:52:24,13.22,74063,56,卖盘
1649,10:52:27,13.22,48945,37,卖盘
1650,10:52:30,13.23,75406,57,买盘
1651,10:52:36,13.24,13240,10,买盘
1652,10:52:39,13.24,46331,35,买盘
1653,10:52:42,13.24,30452,23,买盘
1654,10:52:45,13.25,1325,1,买盘
1655,10:52:48,13.25,84800,64,买盘
1656,10:52:51,13.25,394850,298,买盘
1657,10:52:54,13.25,19880,15,卖盘
1658,10:52:57,13.26,38454,29,买盘
1659,10:53:00,13.27,6635,5,买盘
1660,10:53:03,13.27,241376,182,买盘
1661,10:53:06,13.27,339707,256,买盘
1662,10:53:09,13.27,123352,93,买盘
1663,10:53:12,13.26,124684,94,卖盘
1664,10:53:15,13.26,229484,173,卖盘
1665,10:53:18,13.26,835001,629,卖盘
1666,10:53:21,13.26,74256,56,买盘
1667,10:53:24,13.26,62322,47,买盘
1668,10:53:27,13.26,54388,41,卖盘
1669,10:53:30,13.26,50401,38,卖盘
1670,10:53:33,13.27,376646,284,买盘
1671,10:53:36,13.27,120673,91,买盘
1672,10:53:39,13.27,86250,65,买盘
1673,10:53:42,13.27,760726,573,卖盘
1674,10:53:45,13.27,186926,141,买盘
1675,10:53:48,13.26,132662,100,中性盘
1676,10:53:51,13.27,194951,147,买盘
1677,10:53:54,13.26,72965,55,卖盘
1678,10:53:57,13.26,472393,356,卖盘
1679,10:54:00,13.25,1269979,958,卖盘
1680,10:54:03,13.25,1324961,1001,中性盘
1681,10:54:06,13.24,210630,159,中性盘
1682,10:54:09,13.24,280505,212,买盘
1683,10:54:12,13.24,141632,107,买盘
1684,10:54:15,13.24,88708,67,卖盘
1685,10:54:18,13.25,263519,199,买盘
1686,10:54:21,13.24,223893,169,卖盘
1687,10:54:24,13.24,84749,64,卖盘
1688,10:54:27,13.25,22512,17,买盘
1689,10:54:30,13.24,104609,79,卖盘
1690,10:54:33,13.25,1165753,879,买盘
1691,10:54:36,13.24,144324,109,卖盘
1692,10:54:39,13.24,390679,295,卖盘
1693,10:54:42,13.25,14571,11,买盘
1694,10:54:45,13.24,30459,23,卖盘
1695,10:54:48,13.24,58256,44,卖盘
1696,10:54:51,13.25,23847,18,买盘
1697,10:54:54,13.25,98026,74,买盘
1698,10:54:57,13.25,144410,109,买盘
1699,10:55:00,13.25,177442,134,买盘
1700,10:55:03,13.25,185464,140,买盘
1701,10:55:06,13.25,27829,21,卖盘
1702,10:55:09,13.25,173575,131,卖盘
1703,10:55:12,13.24,116520,88,卖盘
1704,10:55:15,13.25,94055,71,买盘
1705,10:55:18,13.25,119238,90,买盘
1706,10:55:21,13.25,35775,27,买盘
1707,10:55:24,13.25,247617,187,买盘
1708,10:55:27,13.24,197316,149,卖盘
1709,10:55:30,13.25,75525,57,买盘
1710,10:55:33,13.25,42399,32,买盘
1711,10:55:36,13.25,127123,96,买盘
1712,10:55:39,13.25,64896,49,卖盘
1713,10:55:42,13.25,39750,30,买盘
1714,10:55:45,13.25,13250,10,买盘
1715,10:55:48,13.25,7952,6,买盘
1716,10:55:51,13.25,9275,7,卖盘
1717,10:55:54,13.24,629019,475,卖盘
1718,10:55:57,13.25,384009,290,买盘
1719,10:56:00,13.23,548145,414,卖盘
1720,10:56:03,13.24,437976,331,买盘
1721,10:56:06,13.24,117826,89,买盘
1722,10:56:09,13.24,94004,71,卖盘
1723,10:56:12,13.25,580219,438,买盘
1724,10:56:15,13.24,197378,149,卖盘
1725,10:56:18,13.25,246446,186,买盘
1726,10:56:21,13.24,55618,42,卖盘
1727,10:56:24,13.25,50326,38,买盘
1728,10:56:27,13.24,64908,49,卖盘
1729,10:56:30,13.26,47724,36,买盘
1730,10:56:33,13.26,129929,98,买盘
1731,10:56:36,13.27,49082,37,买盘
1732,10:56:39,13.27,29184,22,买盘
1733,10:56:42,13.25,330122,249,卖盘
1734,10:56:45,13.25,88775,67,买盘
1735,10:56:48,13.25,239822,181,买盘
1736,10:56:51,13.25,227899,172,买盘
1737,10:56:54,13.25,233200,176,买盘
1738,10:56:57,13.25,76848,58,买盘
1739,10:57:00,13.25,6625,5,卖盘
1740,10:57:03,13.25,27825,21,卖盘
1741,10:57:06,13.27,169824,128,买盘
1742,10:57:09,13.27,37156,28,卖盘
1743,10:57:12,13.28,11952,9,买盘
1744,10:57:15,13.28,176621,133,买盘
1745,10:57:18,13.28,238909,180,买盘
1746,10:57:21,13.28,144752,109,买盘
1747,10:57:24,13.27,209699,158,卖盘
1748,10:57:27,13.27,100873,76,买盘
1749,10:57:30,13.27,172403,130,买盘
1750,10:57:33,13.27,195069,147,买盘
1751,10:57:36,13.27,384780,290,买盘
1752,10:57:39,13.27,276002,208,买盘
1753,10:57:42,13.27,100783,76,买盘
1754,10:57:45,13.27,37156,28,买盘
1755,10:57:48,13.27,352921,266,买盘
1756,10:57:51,13.27,87582,66,买盘
1757,10:57:54,13.27,59705,45,买盘
1758,10:57:57,13.27,137996,104,买盘
1759,10:58:00,13.27,303855,229,买盘
1760,10:58:03,13.26,37138,28,卖盘
1761,10:58:06,13.28,302639,228,买盘
1762,10:58:09,13.28,15925,12,买盘
1763,10:58:12,13.28,2656,2,买盘
1764,10:58:15,13.28,215280,162,买盘
1765,10:58:18,13.28,1328,1,卖盘
1766,10:58:24,13.29,69101,52,买盘
1767,10:58:27,13.3,33232,25,买盘
1768,10:58:30,13.3,95701,72,买盘
1769,10:58:33,13.3,154190,116,买盘
1770,10:58:36,13.3,364140,274,买盘
1771,10:58:39,13.28,259033,195,卖盘
1772,10:58:42,13.3,1392108,1047,买盘
1773,10:58:45,13.3,71814,54,买盘
1774,10:58:48,13.31,23942,18,买盘
1775,10:58:51,13.3,119700,90,卖盘
1776,10:58:54,13.31,156992,118,买盘
1777,10:58:57,13.31,308670,232,买盘
1778,10:59:00,13.29,821675,618,卖盘
1779,10:59:03,13.28,338839,255,卖盘
1780,10:59:06,13.28,656147,494,卖盘
1781,10:59:09,13.3,190159,143,买盘
1782,10:59:12,13.29,27924,21,卖盘
1783,10:59:15,13.29,19940,15,卖盘
1784,10:59:18,13.29,116961,88,卖盘
1785,10:59:21,13.29,67789,51,卖盘
1786,10:59:24,13.3,607758,457,买盘
1787,10:59:27,13.29,152931,115,卖盘
1788,10:59:30,13.3,136932,103,买盘
1789,10:59:33,13.3,57172,43,买盘
1790,10:59:36,13.3,202109,152,买盘
1791,10:59:39,13.3,215456,162,卖盘
1792,10:59:42,13.3,83790,63,买盘
1793,10:59:45,13.28,523641,394,卖盘
1794,10:59:48,13.29,50502,38,买盘
1795,10:59:51,13.27,399777,301,卖盘
1796,10:59:54,13.28,38517,29,中性盘
1797,10:59:57,13.26,1184441,892,卖盘
1798,11:00:00,13.26,450941,340,卖盘
1799,11:00:03,13.25,1219262,920,卖盘
1800,11:00:06,13.25,782797,591,卖盘
1801,11:00:09,13.26,689529,520,买盘
1802,11:00:12,13.25,78206,59,卖盘
1803,11:00:15,13.25,187061,141,卖盘
1804,11:00:18,13.25,209445,158,卖盘
1805,11:00:21,13.25,336404,254,买盘
1806,11:00:24,13.25,139113,105,买盘
1807,11:00:27,13.25,80824,61,买盘
1808,11:00:30,13.25,121871,92,买盘
1809,11:00:33,13.24,131106,99,卖盘
1810,11:00:36,13.24,119147,90,买盘
1811,11:00:39,13.24,576964,436,买盘
1812,11:00:42,13.23,84684,64,卖盘
1813,11:00:45,13.23,158951,120,卖盘
1814,11:00:48,13.25,10600,8,买盘
1815,11:00:54,13.24,67574,51,卖盘
1816,11:00:57,13.24,23848,18,卖盘
1817,11:01:00,13.24,46360,35,卖盘
1818,11:01:03,13.25,321907,243,买盘
1819,11:01:06,13.25,47697,36,买盘
1820,11:01:09,13.26,56981,43,买盘
1821,11:01:15,13.25,1325,1,卖盘
1822,11:01:18,13.26,45078,34,买盘
1823,11:01:21,13.26,123379,93,买盘
1824,11:01:24,13.26,10608,8,买盘
1825,11:01:27,13.26,42432,32,卖盘
1826,11:01:30,13.27,42437,32,买盘
1827,11:01:33,13.26,278295,210,卖盘
1828,11:01:36,13.26,47739,36,买盘
1829,11:01:39,13.27,38475,29,买盘
1830,11:01:42,13.27,148605,112,买盘
1831,11:01:45,13.27,10617,8,卖盘
1832,11:01:48,13.28,18590,14,买盘
1833,11:01:51,13.27,122084,92,卖盘
1834,11:01:54,13.27,78307,59,买盘
1835,11:01:57,13.27,38483,29,买盘
1836,11:02:00,13.27,34502,26,买盘
1837,11:02:03,13.27,156536,118,卖盘
1838,11:02:06,13.27,37157,28,卖盘
1839,11:02:09,13.27,55745,42,卖盘
1840,11:02:12,13.27,165894,125,卖盘
1841,11:02:15,13.26,137981,104,卖盘
1842,11:02:18,13.25,1644837,1241,卖盘
1843,11:02:21,13.26,100731,76,买盘
1844,11:02:24,13.24,54313,41,卖盘
1845,11:02:27,13.25,25165,19,买盘
1846,11:02:30,13.25,376151,284,买盘
1847,11:02:33,13.24,348223,263,卖盘
1848,11:02:36,13.25,47668,36,买盘
1849,11:02:39,13.25,290125,219,买盘
1850,11:02:42,13.24,21188,16,卖盘
1851,11:02:45,13.25,120575,91,买盘
1852,11:02:48,13.24,413103,312,卖盘
1853,11:02:51,13.23,120476,91,卖盘
1854,11:02:54,13.23,957868,724,卖盘
1855,11:02:57,13.23,64827,49,卖盘
1856,11:03:00,13.22,569823,431,卖盘
1857,11:03:03,13.22,198405,150,卖盘
1858,11:03:06,13.23,963701,729,买盘
1859,11:03:09,13.22,194203,147,买盘
1860,11:03:12,13.22,133508,101,买盘
1861,11:03:15,13.21,380673,288,卖盘
1862,11:03:18,13.21,23779,18,卖盘
1863,11:03:21,13.21,202119,153,卖盘
1864,11:03:24,13.21,178372,135,卖盘
1865,11:03:27,13.21,636722,482,卖盘
1866,11:03:30,13.2,5380651,4076,卖盘
1867,11:03:33,13.19,468475,355,卖盘
1868,11:03:36,13.2,43559,33,中性盘
1869,11:03:39,13.19,274352,208,卖盘
1870,11:03:42,13.19,17147,13,卖盘
1871,11:03:45,13.19,18466,14,卖盘
1872,11:03:48,13.19,200498,152,卖盘
1873,11:03:51,13.19,75183,57,卖盘
1874,11:03:54,13.19,185989,141,卖盘
1875,11:03:57,13.2,19789,15,买盘
1876,11:04:00,13.19,121356,92,卖盘
1877,11:04:03,13.19,35600,27,买盘
1878,11:04:06,13.19,44858,34,卖盘
1879,11:04:09,13.19,187278,142,卖盘
1880,11:04:12,13.19,42198,32,买盘
1881,11:04:15,13.19,175408,133,买盘
1882,11:04:18,13.18,104174,79,卖盘
1883,11:04:21,13.18,177952,135,卖盘
1884,11:04:24,13.18,286027,217,卖盘
1885,11:04:27,13.18,300510,228,卖盘
1886,11:04:30,13.18,467895,355,卖盘
1887,11:04:33,13.18,123898,94,卖盘
1888,11:04:36,13.18,147623,112,卖盘
1889,11:04:39,13.17,140998,107,卖盘
1890,11:04:42,13.17,449139,341,卖盘
1891,11:04:45,13.16,48692,37,卖盘
1892,11:04:48,13.18,1795913,1365,买盘
1893,11:04:51,13.18,372925,283,中性盘
1894,11:04:54,13.19,1460288,1107,买盘
1895,11:04:57,13.2,80509,61,中性盘
1896,11:05:00,13.2,77880,59,卖盘
1897,11:05:03,13.2,154550,117,卖盘
1898,11:05:06,13.22,214043,162,买盘
1899,11:05:09,13.2,190255,144,卖盘
1900,11:05:12,13.2,67340,51,卖盘
1901,11:05:15,13.2,34320,26,买盘
1902,11:05:18,13.2,18478,14,买盘
1903,11:05:21,13.19,237553,180,卖盘
1904,11:05:24,13.2,108180,82,买盘
1905,11:05:27,13.19,83135,63,卖盘
1906,11:05:30,13.2,47505,36,买盘
1907,11:05:33,13.2,18480,14,卖盘
1908,11:05:36,13.21,87134,66,买盘
1909,11:05:39,13.2,2640,2,卖盘
1910,11:05:42,13.2,39612,30,卖盘
1911,11:05:45,13.21,163804,124,买盘
1912,11:05:48,13.2,369805,280,卖盘
1913,11:05:51,13.21,75290,57,买盘
1914,11:05:54,13.21,89808,68,买盘
1915,11:05:57,13.22,7931,6,买盘
1916,11:06:00,13.21,25099,19,卖盘
1917,11:06:03,13.21,290813,220,卖盘
1918,11:06:06,13.22,92522,70,买盘
1919,11:06:09,13.21,68734,52,卖盘
1920,11:06:12,13.22,134836,102,买盘
1921,11:06:15,13.22,159962,121,买盘
1922,11:06:18,13.21,342143,259,卖盘
1923,11:06:21,13.2,104354,79,卖盘
1924,11:06:24,13.2,43588,33,卖盘
1925,11:06:27,13.2,91100,69,卖盘
1926,11:06:30,13.2,830570,629,卖盘
1927,11:06:33,13.2,187452,142,卖盘
1928,11:06:36,13.2,935564,709,卖盘
1929,11:06:39,13.19,192570,146,买盘
1930,11:06:42,13.18,515343,391,卖盘
1931,11:06:45,13.16,342414,260,卖盘
1932,11:06:48,13.16,651423,495,卖盘
1933,11:06:51,13.15,445560,339,卖盘
1934,11:06:54,13.16,57854,44,买盘
1935,11:06:57,13.16,531272,404,买盘
1936,11:07:00,13.15,299851,228,卖盘
1937,11:07:03,13.15,127539,97,卖盘
1938,11:07:06,13.17,732893,557,买盘
1939,11:07:09,13.18,263515,200,买盘
1940,11:07:12,13.19,85738,65,买盘
1941,11:07:15,13.19,75188,57,卖盘
1942,11:07:18,13.2,5280,4,买盘
1943,11:07:21,13.19,54080,41,卖盘
1944,11:07:24,13.19,120047,91,卖盘
1945,11:07:27,13.18,1318,1,卖盘
1946,11:07:30,13.18,58001,44,卖盘
1947,11:07:33,13.19,647153,491,买盘
1948,11:07:36,13.19,134487,102,买盘
1949,11:07:39,13.19,2321162,1759,买盘
1950,11:07:42,13.19,480158,364,卖盘
1951,11:07:45,13.19,1593434,1207,卖盘
1952,11:07:48,13.19,58065,44,买盘
1953,11:07:51,13.19,108103,82,卖盘
1954,11:07:54,13.19,25061,19,卖盘
1955,11:07:57,13.19,1319,1,买盘
1956,11:08:00,13.19,36932,28,买盘
1957,11:08:03,13.19,98920,75,卖盘
1958,11:08:06,13.2,23745,18,买盘
1959,11:08:09,13.19,276990,210,卖盘
1960,11:08:12,13.2,216449,164,买盘
1961,11:08:15,13.2,171582,130,买盘
1962,11:08:18,13.2,67320,51,卖盘
1963,11:08:21,13.21,93791,71,买盘
1964,11:08:24,13.21,27732,21,买盘
1965,11:08:27,13.2,356407,270,卖盘
1966,11:08:30,13.2,244271,185,卖盘
1967,11:08:33,13.2,162258,123,买盘
1968,11:08:36,13.18,2632459,1996,卖盘
1969,11:08:39,13.18,73828,56,卖盘
1970,11:08:42,13.18,110714,84,卖盘
1971,11:08:45,13.17,38200,29,卖盘
1972,11:08:48,13.18,27673,21,买盘
1973,11:08:51,13.18,42167,32,买盘
1974,11:08:54,13.17,285801,217,卖盘
1975,11:08:57,13.17,35555,27,买盘
1976,11:09:00,13.17,92183,70,买盘
1977,11:09:03,13.17,59242,45,买盘
1978,11:09:06,13.16,171080,130,卖盘
1979,11:09:09,13.16,48695,37,卖盘
1980,11:09:12,13.17,264581,201,买盘
1981,11:09:15,13.17,32915,25,买盘
1982,11:09:18,13.16,63186,48,卖盘
1983,11:09:21,13.16,27636,21,卖盘
1984,11:09:24,13.16,147392,112,卖盘
1985,11:09:27,13.17,261956,199,买盘
1986,11:09:30,13.16,310732,236,卖盘
1987,11:09:33,13.16,374878,285,卖盘
1988,11:09:36,13.16,25007,19,卖盘
1989,11:09:39,13.17,86893,66,中性盘
1990,11:09:42,13.17,27659,21,卖盘
1991,11:09:45,13.17,6583,5,买盘
1992,11:09:48,13.17,13172,10,卖盘
1993,11:09:51,13.17,330557,251,买盘
1994,11:09:54,13.17,19749,15,买盘
1995,11:09:57,13.16,446124,339,卖盘
1996,11:10:00,13.16,51314,39,买盘
1997,11:10:03,13.16,65785,50,买盘
1998,11:10:06,13.15,31563,24,卖盘
1999,11:10:09,13.16,71064,54,买盘
2000,11:10:12,13.16,118416,90,买盘
2001,11:10:15,13.16,81592,62,买盘
2002,11:10:18,13.16,17108,13,卖盘
2003,11:10:21,13.16,132916,101,卖盘
2004,11:10:24,13.16,128965,98,买盘
2005,11:10:27,13.15,346037,263,卖盘
2006,11:10:30,13.15,84167,64,卖盘
2007,11:10:33,13.15,102598,78,卖盘
2008,11:10:36,13.15,19725,15,卖盘
2009,11:10:39,13.15,113131,86,卖盘
2010,11:10:42,13.16,103964,79,买盘
2011,11:10:45,13.15,369785,281,卖盘
2012,11:10:48,13.15,165708,126,卖盘
2013,11:10:51,13.16,13160,10,中性盘
2014,11:10:54,13.16,69737,53,卖盘
2015,11:10:57,13.16,38164,29,卖盘
2016,11:11:00,13.16,169755,129,买盘
2017,11:11:03,13.16,23679,18,买盘
2018,11:11:06,13.16,42112,32,买盘
2019,11:11:09,13.15,556274,423,卖盘
2020,11:11:12,13.15,90735,69,买盘
2021,11:11:15,13.15,61805,47,买盘
2022,11:11:18,13.17,30256,23,买盘
2023,11:11:21,13.15,32875,25,卖盘
2024,11:11:24,13.16,30260,23,买盘
2025,11:11:27,13.16,13160,10,卖盘
2026,11:11:30,13.17,150135,114,买盘
2027,11:11:33,13.16,98702,75,卖盘
2028,11:11:36,13.17,127749,97,买盘
2029,11:11:39,13.17,14485,11,买盘
2030,11:11:42,13.17,36876,28,买盘
2031,11:11:45,13.17,265852,202,卖盘
2032,11:11:48,13.18,304458,231,买盘
2033,11:11:51,13.18,14498,11,卖盘
2034,11:11:54,13.19,11863,9,买盘
2035,11:11:57,13.18,14508,11,卖盘
2036,11:12:00,13.18,163482,124,卖盘
2037,11:12:03,13.18,342547,260,卖盘
2038,11:12:06,13.18,137036,104,卖盘
2039,11:12:09,13.17,42149,32,卖盘
2040,11:12:12,13.17,2634,2,买盘
2041,11:12:15,13.17,27657,21,买盘
2042,11:12:18,13.17,100092,76,买盘
2043,11:12:21,13.17,165907,126,买盘
2044,11:12:24,13.17,130367,99,买盘
2045,11:12:27,13.17,76370,58,买盘
2046,11:12:30,13.17,1317,1,买盘
2047,11:12:33,13.17,85605,65,买盘
2048,11:12:36,13.16,14484,11,卖盘
2049,11:12:39,13.17,75069,57,买盘
2050,11:12:42,13.17,73717,56,买盘
2051,11:12:45,13.16,31602,24,卖盘
2052,11:12:48,13.17,22379,17,买盘
2053,11:12:51,13.17,55278,42,买盘
2054,11:12:54,13.15,2231173,1696,卖盘
2055,11:12:57,13.14,492793,375,卖盘
2056,11:13:00,13.14,258824,197,买盘
2057,11:13:03,13.13,105051,80,卖盘
2058,11:13:06,13.13,68301,52,卖盘
2059,11:13:09,13.13,141827,108,卖盘
2060,11:13:12,13.13,82741,63,卖盘
2061,11:13:15,13.14,239148,182,买盘
2062,11:13:18,13.14,88038,67,卖盘
2063,11:13:21,13.12,2191726,1669,卖盘
2064,11:13:24,13.12,34112,26,买盘
2065,11:13:27,13.11,118006,90,卖盘
2066,11:13:30,13.12,2356365,1796,买盘
2067,11:13:33,13.12,74799,57,卖盘
2068,11:13:36,13.14,313766,239,买盘
2069,11:13:39,13.13,85381,65,卖盘
2070,11:13:42,13.13,7880,6,卖盘
2071,11:13:45,13.15,55230,42,买盘
2072,11:13:48,13.14,78818,60,买盘
2073,11:13:51,13.14,196953,150,买盘
2074,11:13:54,13.13,114303,87,卖盘
2075,11:13:57,13.13,10506,8,卖盘
2076,11:14:00,13.14,581448,443,买盘
2077,11:14:03,13.13,61712,47,卖盘
2078,11:14:06,13.13,45955,35,买盘
2079,11:14:09,13.13,198264,151,买盘
2080,11:14:12,13.13,2626,2,卖盘
2081,11:14:15,13.13,15756,12,卖盘
2082,11:14:18,13.14,122129,93,买盘
2083,11:14:21,13.14,47270,36,买盘
2084,11:14:24,13.14,30222,23,买盘
2085,11:14:27,13.14,10512,8,卖盘
2086,11:14:30,13.15,70961,54,买盘
2087,11:14:33,13.15,308794,235,买盘
2088,11:14:36,13.15,134130,102,买盘
2089,11:14:39,13.15,115700,88,卖盘
2090,11:14:42,13.15,47328,36,买盘
2091,11:14:45,13.15,127580,97,买盘
2092,11:14:48,13.15,435010,331,卖盘
2093,11:14:51,13.15,656160,499,买盘
2094,11:14:54,13.15,127605,97,卖盘
2095,11:14:57,13.15,21050,16,卖盘
2096,11:15:00,13.15,6579,5,卖盘
2097,11:15:03,13.15,367031,279,卖盘
2098,11:15:06,13.15,92050,70,买盘
2099,11:15:09,13.14,373456,284,卖盘
2100,11:15:12,13.15,1995932,1520,买盘
2101,11:15:15,13.15,641112,488,买盘
2102,11:15:18,13.14,126236,96,卖盘
2103,11:15:21,13.15,203818,155,买盘
2104,11:15:24,13.16,6580,5,买盘
2105,11:15:27,13.15,191994,146,卖盘
2106,11:15:30,13.16,9212,7,买盘
2107,11:15:33,13.15,177588,135,卖盘
2108,11:15:36,13.16,61825,47,买盘
2109,11:15:39,13.16,14476,11,买盘
2110,11:15:42,13.15,124973,95,卖盘
2111,11:15:45,13.16,160546,122,买盘
2112,11:15:48,13.17,127638,97,买盘
2113,11:15:51,13.17,376595,286,买盘
2114,11:15:54,13.17,25023,19,买盘
2115,11:15:57,13.18,409315,311,买盘
2116,11:16:00,13.18,137070,104,买盘
2117,11:16:03,13.18,2636,2,卖盘
2118,11:16:06,13.19,9231,7,买盘
2119,11:16:09,13.19,21096,16,买盘
2120,11:16:12,13.2,113497,86,买盘
2121,11:16:15,13.2,266838,202,买盘
2122,11:16:21,13.2,549366,416,卖盘
2123,11:16:24,13.2,97680,74,买盘
2124,11:16:27,13.2,341722,259,买盘
2125,11:16:30,13.19,273207,207,卖盘
2126,11:16:33,13.19,204440,155,卖盘
2127,11:16:36,13.18,160794,122,卖盘
2128,11:16:39,13.18,1318,1,买盘
2129,11:16:42,13.18,15816,12,买盘
2130,11:16:45,13.18,90902,69,买盘
2131,11:16:48,13.18,57970,44,买盘
2132,11:16:51,13.17,111945,85,卖盘
2133,11:16:54,13.17,68484,52,买盘
2134,11:16:57,13.17,451427,343,买盘
2135,11:17:00,13.17,242322,184,买盘
2136,11:17:03,13.17,111945,85,卖盘
2137,11:17:06,13.18,47435,36,买盘
2138,11:17:09,13.18,10544,8,买盘
2139,11:17:12,13.18,15814,12,买盘
2140,11:17:15,13.18,26358,20,买盘
2141,11:17:18,13.18,230650,175,买盘
2142,11:17:21,13.18,61946,47,买盘
2143,11:17:24,13.18,237208,180,买盘
2144,11:17:27,13.18,160783,122,买盘
2145,11:17:30,13.18,1289004,978,买盘
2146,11:17:33,13.19,50089,38,买盘
2147,11:17:36,13.18,401991,305,卖盘
2148,11:17:39,13.19,91011,69,买盘
2149,11:17:42,13.2,110761,84,买盘
2150,11:17:45,13.2,11880,9,买盘
2151,11:17:48,13.2,51480,39,买盘
2152,11:17:51,13.2,79173,60,买盘
2153,11:17:54,13.23,227200,172,买盘
2154,11:17:57,13.22,2644,2,中性盘
2155,11:18:00,13.2,19824,15,卖盘
2156,11:18:03,13.21,146697,111,中性盘
2157,11:18:06,13.2,72667,55,卖盘
2158,11:18:09,13.21,99053,75,买盘
2159,11:18:12,13.21,277305,210,买盘
2160,11:18:15,13.21,31712,24,卖盘
2161,11:18:18,13.21,146633,111,卖盘
2162,11:18:21,13.21,159811,121,买盘
2163,11:18:24,13.21,208716,158,买盘
2164,11:18:27,13.2,291809,221,卖盘
2165,11:18:30,13.2,139972,106,卖盘
2166,11:18:33,13.21,21135,16,买盘
2167,11:18:36,13.21,30379,23,买盘
2168,11:18:39,13.21,101712,77,买盘
2169,11:18:42,13.21,19810,15,买盘
2170,11:18:45,13.21,120169,91,买盘
2171,11:18:48,13.21,1321,1,卖盘
2172,11:18:51,13.22,73986,56,买盘
2173,11:18:54,13.22,162506,123,买盘
2174,11:18:57,13.22,122949,93,买盘
2175,11:19:00,13.22,13220,10,卖盘
2176,11:19:03,13.23,19839,15,买盘
2177,11:19:06,13.23,44969,34,买盘
2178,11:19:09,13.23,161403,122,买盘
2179,11:19:12,13.22,252624,191,卖盘
2180,11:19:15,13.22,104481,79,卖盘
2181,11:19:18,13.22,1246671,943,卖盘
2182,11:19:21,13.23,325367,246,买盘
2183,11:19:24,13.23,64814,49,买盘
2184,11:19:27,13.22,281632,213,卖盘
2185,11:19:30,13.22,282895,214,买盘
2186,11:19:33,13.21,75346,57,卖盘
2187,11:19:36,13.22,183758,139,买盘
2188,11:19:39,13.21,179714,136,卖盘
2189,11:19:42,13.21,649932,492,卖盘
2190,11:19:45,13.21,625250,473,买盘
2191,11:19:48,13.2,143903,109,卖盘
2192,11:19:51,13.21,34346,26,买盘
2193,11:19:54,13.21,210069,159,买盘
2194,11:19:57,13.2,383007,290,卖盘
2195,11:20:00,13.21,419788,318,买盘
2196,11:20:03,13.21,171617,130,买盘
2197,11:20:06,13.2,81860,62,卖盘
2198,11:20:09,13.2,25081,19,卖盘
2199,11:20:12,13.2,294382,223,卖盘
2200,11:20:15,13.21,755607,572,买盘
2201,11:20:18,13.2,136043,103,卖盘
2202,11:20:21,13.21,6605,5,中性盘
2203,11:20:24,13.21,22454,17,中性盘
2204,11:20:27,13.2,318142,241,卖盘
2205,11:20:30,13.19,7916,6,卖盘
2206,11:20:33,13.2,92400,70,买盘
2207,11:20:36,13.19,47507,36,卖盘
2208,11:20:39,13.2,583435,442,买盘
2209,11:20:42,13.19,40894,31,卖盘
2210,11:20:45,13.19,5276,4,卖盘
2211,11:20:48,13.19,188617,143,卖盘
2212,11:20:51,13.19,40889,31,卖盘
2213,11:20:54,13.19,116088,88,卖盘
2214,11:20:57,13.19,13190,10,卖盘
2215,11:21:00,13.19,269130,204,卖盘
2216,11:21:03,13.2,228237,173,买盘
2217,11:21:06,13.19,35597,27,卖盘
2218,11:21:09,13.19,129314,98,买盘
2219,11:21:12,13.18,481070,365,卖盘
2220,11:21:15,13.18,707336,537,买盘
2221,11:21:18,13.16,85543,65,卖盘
2222,11:21:21,13.16,25025,19,卖盘
2223,11:21:24,13.16,619846,471,卖盘
2224,11:21:27,13.15,80280,61,卖盘
2225,11:21:30,13.16,94691,72,买盘
2226,11:21:33,13.16,34191,26,买盘
2227,11:21:36,13.16,114476,87,买盘
2228,11:21:39,13.16,65800,50,买盘
2229,11:21:42,13.16,13160,10,卖盘
2230,11:21:45,13.16,206622,157,卖盘
2231,11:21:48,13.15,106553,81,卖盘
2232,11:21:51,13.16,23681,18,买盘
2233,11:21:54,13.16,121059,92,买盘
2234,11:21:57,13.16,18424,14,买盘
2235,11:22:03,13.17,35559,27,买盘
2236,11:22:06,13.16,10535,8,卖盘
2237,11:22:09,13.17,64533,49,买盘
2238,11:22:12,13.16,213192,162,卖盘
2239,11:22:15,13.16,35532,27,卖盘
2240,11:22:18,13.16,142154,108,卖盘
2241,11:22:21,13.18,1171648,889,买盘
2242,11:22:24,13.19,280634,213,买盘
2243,11:22:27,13.17,6585,5,卖盘
2244,11:22:30,13.18,61884,47,买盘
2245,11:22:33,13.19,21083,16,买盘
2246,11:22:36,13.17,1317,1,买盘
2247,11:22:39,13.16,19744,15,卖盘
2248,11:22:42,13.17,82971,63,买盘
2249,11:22:45,13.17,47412,36,买盘
2250,11:22:48,13.16,75063,57,卖盘
2251,11:22:51,13.16,40824,31,卖盘
2252,11:22:54,13.17,114541,87,买盘
2253,11:22:57,13.17,31608,24,卖盘
2254,11:23:00,13.18,42149,32,买盘
2255,11:23:03,13.17,28974,22,卖盘
2256,11:23:06,13.18,138363,105,买盘
2257,11:23:09,13.18,40851,31,买盘
2258,11:23:12,13.18,35582,27,买盘
2259,11:23:15,13.17,19765,15,卖盘
2260,11:23:18,13.18,72440,55,买盘
2261,11:23:21,13.16,263398,200,卖盘
2262,11:23:24,13.18,13180,10,买盘
2263,11:23:27,13.18,28996,22,买盘
2264,11:23:30,13.18,5272,4,买盘
2265,11:23:33,13.17,155512,118,卖盘
2266,11:23:36,13.18,54037,41,买盘
2267,11:23:39,13.18,13180,10,买盘
2268,11:23:42,13.18,25042,19,买盘
2269,11:23:45,13.18,43489,33,买盘
2270,11:23:48,13.18,30314,23,买盘
2271,11:23:51,13.18,38222,29,买盘
2272,11:23:54,13.18,76444,58,买盘
2273,11:23:57,13.18,63264,48,买盘
2274,11:24:00,13.18,5272,4,买盘
2275,11:24:03,13.17,94840,72,卖盘
2276,11:24:06,13.17,34264,26,卖盘
2277,11:24:09,13.17,86979,66,卖盘
2278,11:24:12,13.18,40833,31,买盘
2279,11:24:15,13.18,13180,10,卖盘
2280,11:24:18,13.18,9226,7,卖盘
2281,11:24:21,13.18,14498,11,卖盘
2282,11:24:24,13.18,63264,48,买盘
2283,11:24:27,13.17,15814,12,卖盘
2284,11:24:30,13.18,22396,17,买盘
2285,11:24:33,13.17,15811,12,卖盘
2286,11:24:36,13.18,75126,57,买盘
2287,11:24:39,13.18,30308,23,买盘
2288,11:24:42,13.17,17132,13,卖盘
2289,11:24:45,13.18,14498,11,买盘
2290,11:24:48,13.18,26360,20,买盘
2291,11:24:51,13.17,35582,27,卖盘
2292,11:24:54,13.18,1318,1,买盘
2293,11:24:57,13.18,76408,58,买盘
2294,11:25:00,13.17,144910,110,卖盘
2295,11:25:03,13.18,27677,21,买盘
2296,11:25:06,13.18,10539,8,买盘
2297,11:25:09,13.18,19770,15,买盘
2298,11:25:12,13.18,1318,1,买盘
2299,11:25:15,13.17,27661,21,卖盘
2300,11:25:18,13.18,22406,17,买盘
2301,11:25:21,13.18,36904,28,买盘
2302,11:25:24,13.17,14488,11,卖盘
2303,11:25:27,13.18,137070,104,买盘
2304,11:25:30,13.18,301822,229,买盘
2305,11:25:36,13.18,98850,75,卖盘
2306,11:25:39,13.19,5273,4,买盘
2307,11:25:42,13.19,29018,22,买盘
2308,11:25:45,13.19,17137,13,买盘
2309,11:25:48,13.19,146409,111,买盘
2310,11:25:51,13.19,94968,72,买盘
2311,11:25:54,13.2,30353,23,买盘
2312,11:25:57,13.19,147760,112,卖盘
2313,11:26:00,13.2,179519,136,买盘
2314,11:26:03,13.2,31660,24,买盘
2315,11:26:06,13.21,25082,19,买盘
2316,11:26:09,13.2,26400,20,卖盘
2317,11:26:12,13.21,175668,133,买盘
2318,11:26:15,13.21,176970,134,买盘
2319,11:26:18,13.21,36988,28,买盘
2320,11:26:21,13.21,71327,54,买盘
2321,11:26:24,13.21,134742,102,买盘
2322,11:26:27,13.21,257595,195,买盘
2323,11:26:30,13.2,36978,28,卖盘
2324,11:26:33,13.2,26419,20,卖盘
2325,11:26:36,13.21,73976,56,买盘
2326,11:26:39,13.21,11889,9,卖盘
2327,11:26:42,13.22,21138,16,买盘
2328,11:26:45,13.21,13218,10,卖盘
2329,11:26:48,13.22,68725,52,买盘
2330,11:26:51,13.21,549565,416,卖盘
2331,11:26:54,13.21,29062,22,买盘
2332,11:26:57,13.21,233817,177,买盘
2333,11:27:00,13.21,75298,57,买盘
2334,11:27:03,13.21,1284703,973,卖盘
2335,11:27:06,13.21,252285,191,买盘
2336,11:27:09,13.21,112285,85,买盘
2337,11:27:12,13.2,23760,18,卖盘
2338,11:27:15,13.21,449281,340,买盘
2339,11:27:18,13.21,130779,99,卖盘
2340,11:27:21,13.21,72671,55,买盘
2341,11:27:24,13.21,77944,59,卖盘
2342,11:27:27,13.22,93845,71,买盘
2343,11:27:33,13.22,5288,4,买盘
2344,11:27:36,13.22,15865,12,卖盘
2345,11:27:39,13.22,31748,24,卖盘
2346,11:27:42,13.22,230156,174,卖盘
2347,11:27:45,13.22,201018,152,卖盘
2348,11:27:48,13.22,26440,20,买盘
2349,11:27:51,13.22,380736,288,买盘
2350,11:27:54,13.21,388648,294,卖盘
2351,11:27:57,13.22,192971,146,买盘
2352,11:28:03,13.22,19834,15,卖盘
2353,11:28:06,13.22,72758,55,卖盘
2354,11:28:09,13.23,111127,84,买盘
2355,11:28:12,13.23,50272,38,买盘
2356,11:28:15,13.23,42322,32,买盘
2357,11:28:18,13.23,10584,8,买盘
2358,11:28:21,13.23,7939,6,卖盘
2359,11:28:24,13.24,154845,117,买盘
2360,11:28:27,13.24,34422,26,买盘
2361,11:28:30,13.24,70171,53,买盘
2362,11:28:33,13.25,29150,22,买盘
2363,11:28:36,13.25,47700,36,买盘
2364,11:28:39,13.25,303405,229,买盘
2365,11:28:42,13.26,13259,10,买盘
2366,11:28:45,13.26,169718,128,买盘
2367,11:28:48,13.26,149980,113,卖盘
2368,11:28:51,13.26,232165,175,卖盘
2369,11:28:54,13.26,1344992,1014,卖盘
2370,11:28:57,13.27,664018,501,买盘
2371,11:29:00,13.26,238685,180,买盘
2372,11:29:03,13.25,526750,397,卖盘
2373,11:29:06,13.24,103363,78,卖盘
2374,11:29:09,13.24,116537,88,卖盘
2375,11:29:12,13.24,154969,117,卖盘
2376,11:29:15,13.27,384354,290,买盘
2377,11:29:18,13.26,17233,13,中性盘
2378,11:29:21,13.26,34469,26,买盘
2379,11:29:24,13.26,173827,131,卖盘
2380,11:29:27,13.26,245379,185,卖盘
2381,11:29:30,13.27,322224,243,买盘
2382,11:29:33,13.27,33175,25,卖盘
2383,11:29:36,13.27,17244,13,卖盘
2384,11:29:39,13.28,119438,90,买盘
2385,11:29:42,13.28,11946,9,买盘
2386,11:29:45,13.28,285409,215,买盘
2387,11:29:48,13.3,527562,397,买盘
2388,11:29:51,13.29,283089,213,卖盘
2389,11:29:54,13.29,249992,188,卖盘
2390,11:29:57,13.29,449472,338,卖盘
2391,11:30:00,13.3,54522,41,买盘
2392,13:00:00,13.35,2639551,1984,买盘
2393,13:00:03,13.33,4358519,3269,卖盘
2394,13:00:06,13.32,1001571,752,卖盘
2395,13:00:09,13.31,2524972,1897,卖盘
2396,13:00:12,13.21,12620894,9501,卖盘
2397,13:00:15,13.23,2977136,2256,买盘
2398,13:00:18,13.22,10576,8,买盘
2399,13:00:21,13.21,134811,102,卖盘
2400,13:00:24,13.22,685748,519,买盘
2401,13:00:27,13.23,129608,98,买盘
2402,13:00:30,13.23,653416,494,买盘
2403,13:00:33,13.22,773319,585,卖盘
2404,13:00:36,13.21,225873,171,中性盘
2405,13:00:39,13.23,1056284,799,买盘
2406,13:00:42,13.24,4320244,3263,买盘
2407,13:00:45,13.3,232480,175,买盘
2408,13:00:48,13.29,435784,328,买盘
2409,13:00:51,13.29,324080,244,买盘
2410,13:00:54,13.28,304228,229,卖盘
2411,13:00:57,13.29,150112,113,买盘
2412,13:01:00,13.26,120678,91,卖盘
2413,13:01:03,13.25,137750,104,卖盘
2414,13:01:06,13.24,393524,297,买盘
2415,13:01:09,13.24,48977,37,卖盘
2416,13:01:12,13.24,88720,67,卖盘
2417,13:01:15,13.23,273928,207,卖盘
2418,13:01:18,13.23,177290,134,卖盘
2419,13:01:21,13.23,174644,132,卖盘
2420,13:01:24,13.24,311033,235,买盘
2421,13:01:27,13.24,121808,92,卖盘
2422,13:01:30,13.23,125708,95,卖盘
2423,13:01:33,13.24,115166,87,买盘
2424,13:01:36,13.25,174869,132,买盘
2425,13:01:39,13.25,11925,9,卖盘
2426,13:01:42,13.26,197433,149,买盘
2427,13:01:45,13.26,121953,92,买盘
2428,13:01:48,13.26,22542,17,卖盘
2429,13:01:51,13.26,37136,28,买盘
2430,13:01:54,13.25,112765,85,卖盘
2431,13:01:57,13.27,883306,666,买盘
2432,13:02:00,13.27,30521,23,卖盘
2433,13:02:03,13.27,151272,114,卖盘
2434,13:02:06,13.26,510992,385,卖盘
2435,13:02:09,13.26,163115,123,卖盘
2436,13:02:12,13.27,441759,333,买盘
2437,13:02:15,13.27,30530,23,卖盘
2438,13:02:18,13.27,173914,131,卖盘
2439,13:02:21,13.27,304050,229,卖盘
2440,13:02:24,13.28,27872,21,买盘
2441,13:02:27,13.29,61092,46,买盘
2442,13:02:30,13.28,250992,189,卖盘
2443,13:02:33,13.28,891129,671,卖盘
2444,13:02:36,13.28,127481,96,买盘
2445,13:02:39,13.26,305259,230,卖盘
2446,13:02:42,13.27,131328,99,买盘
2447,13:02:45,13.26,335642,253,卖盘
2448,13:02:48,13.26,63640,48,买盘
2449,13:02:51,13.27,120697,91,买盘
2450,13:02:54,13.26,25198,19,卖盘
2451,13:02:57,13.26,222820,168,卖盘
2452,13:03:00,13.25,691153,521,卖盘
2453,13:03:03,13.24,1030741,778,卖盘
2454,13:03:06,13.26,283650,214,买盘
2455,13:03:09,13.23,91354,69,卖盘
2456,13:03:12,13.24,21189,16,中性盘
2457,13:03:15,13.24,19862,15,卖盘
2458,13:03:18,13.24,107244,81,卖盘
2459,13:03:21,13.24,25146,19,买盘
2460,13:03:24,13.24,324382,245,买盘
2461,13:03:27,13.24,18546,14,卖盘
2462,13:03:30,13.25,55650,42,买盘
2463,13:03:33,13.24,63598,48,卖盘
2464,13:03:36,13.25,15903,12,中性盘
2465,13:03:39,13.24,100690,76,卖盘
2466,13:03:42,13.24,96688,73,卖盘
2467,13:03:45,13.25,209322,158,买盘
2468,13:03:48,13.25,63574,48,买盘
2469,13:03:51,13.25,56964,43,买盘
2470,13:03:54,13.25,87430,66,买盘
2471,13:03:57,13.24,165597,125,卖盘
2472,13:04:00,13.24,34444,26,卖盘
2473,13:04:03,13.24,203932,154,卖盘
2474,13:04:06,13.25,45037,34,买盘
2475,13:04:09,13.25,305979,231,买盘
2476,13:04:12,13.25,10600,8,卖盘
2477,13:04:15,13.25,533994,403,卖盘
2478,13:04:18,13.24,178839,135,卖盘
2479,13:04:21,13.25,233196,176,买盘
2480,13:04:24,13.25,312479,236,买盘
2481,13:04:27,13.25,380137,287,买盘
2482,13:04:30,13.25,249088,188,买盘
2483,13:04:33,13.25,3975,3,卖盘
2484,13:04:36,13.26,100757,76,买盘
2485,13:04:39,13.26,62322,47,买盘
2486,13:04:42,13.26,110154,83,卖盘
2487,13:04:45,13.26,9288,7,卖盘
2488,13:04:48,13.27,143316,108,买盘
2489,13:04:51,13.27,26540,20,卖盘
2490,13:04:54,13.27,27887,21,卖盘
2491,13:04:57,13.28,103584,78,买盘
2492,13:05:00,13.28,1328,1,卖盘
2493,13:05:03,13.27,381191,287,卖盘
2494,13:05:06,13.28,273495,206,买盘
2495,13:05:09,13.28,180608,136,买盘
2496,13:05:12,13.29,274979,207,买盘
2497,13:05:15,13.29,26566,20,买盘
2498,13:05:18,13.28,90336,68,卖盘
2499,13:05:21,13.29,127543,96,买盘
2500,13:05:24,13.28,215260,162,卖盘
2501,13:05:27,13.28,70426,53,卖盘
2502,13:05:30,13.29,128903,97,买盘
2503,13:05:33,13.29,67778,51,买盘
2504,13:05:36,13.3,123601,93,买盘
2505,13:05:39,13.29,1413536,1064,卖盘
2506,13:05:42,13.3,503792,379,买盘
2507,13:05:45,13.29,102326,77,卖盘
2508,13:05:48,13.29,213968,161,买盘
2509,13:05:51,13.3,62496,47,买盘
2510,13:05:54,13.29,477167,359,卖盘
2511,13:05:57,13.28,261819,197,卖盘
2512,13:06:00,13.29,773158,582,买盘
2513,13:06:03,13.26,1666864,1257,卖盘
2514,13:06:06,13.26,70272,53,买盘
2515,13:06:09,13.25,132595,100,卖盘
2516,13:06:12,13.25,30497,23,卖盘
2517,13:06:15,13.25,63642,48,卖盘
2518,13:06:18,13.27,295678,223,买盘
2519,13:06:21,13.27,55770,42,卖盘
2520,13:06:24,13.29,403863,304,买盘
2521,13:06:27,13.29,79740,60,卖盘
2522,13:06:30,13.3,57156,43,买盘
2523,13:06:33,13.3,111686,84,买盘
2524,13:06:36,13.29,320488,241,卖盘
2525,13:06:39,13.3,287180,216,买盘
2526,13:06:42,13.3,158259,119,买盘
2527,13:06:45,13.3,494756,372,买盘
2528,13:06:48,13.3,228759,172,买盘
2529,13:06:51,13.3,125020,94,买盘
2530,13:06:54,13.3,82460,62,卖盘
2531,13:06:57,13.3,73177,55,卖盘
2532,13:07:00,13.3,105082,79,卖盘
2533,13:07:03,13.3,163700,123,卖盘
2534,13:07:06,13.31,200973,151,买盘
2535,13:07:09,13.3,325986,245,卖盘
2536,13:07:12,13.31,63886,48,买盘
2537,13:07:15,13.32,241053,181,买盘
2538,13:07:18,13.33,155898,117,买盘
2539,13:07:21,13.33,53294,40,买盘
2540,13:07:24,13.34,249356,187,买盘
2541,13:07:27,13.35,754654,566,买盘
2542,13:07:30,13.34,1176646,882,卖盘
2543,13:07:33,13.35,771277,578,买盘
2544,13:07:36,13.36,269613,202,买盘
2545,13:07:39,13.36,536884,402,买盘
2546,13:07:42,13.36,299154,224,买盘
2547,13:07:45,13.36,280570,210,卖盘
2548,13:07:48,13.37,790941,592,买盘
2549,13:07:51,13.36,252587,189,卖盘
2550,13:07:54,13.37,689641,516,买盘
2551,13:07:57,13.38,267463,200,买盘
2552,13:08:00,13.38,429199,321,买盘
2553,13:08:03,13.37,1282925,960,卖盘
2554,13:08:06,13.36,1348369,1009,卖盘
2555,13:08:09,13.35,634475,475,卖盘
2556,13:08:12,13.35,287277,215,卖盘
2557,13:08:15,13.35,405833,304,买盘
2558,13:08:18,13.34,543415,407,卖盘
2559,13:08:21,13.33,266896,200,卖盘
2560,13:08:24,13.33,157400,118,卖盘
2561,13:08:27,13.32,526861,395,卖盘
2562,13:08:30,13.32,146594,110,卖盘
2563,13:08:33,13.32,105302,79,卖盘
2564,13:08:36,13.31,338214,254,卖盘
2565,13:08:39,13.3,415317,312,卖盘
2566,13:08:42,13.32,189124,142,买盘
2567,13:08:45,13.31,1793262,1347,买盘
2568,13:08:48,13.31,130415,98,买盘
2569,13:08:51,13.3,305912,230,卖盘
2570,13:08:54,13.29,106333,80,卖盘
2571,13:08:57,13.29,27909,21,买盘
2572,13:09:00,13.28,112938,85,卖盘
2573,13:09:03,13.28,126181,95,卖盘
2574,13:09:06,13.27,51790,39,卖盘
2575,13:09:09,13.27,15930,12,卖盘
2576,13:09:12,13.28,15933,12,买盘
2577,13:09:15,13.27,26540,20,卖盘
2578,13:09:18,13.28,193843,146,买盘
2579,13:09:21,13.27,296138,223,卖盘
2580,13:09:24,13.29,2657,2,买盘
2581,13:09:27,13.28,95616,72,卖盘
2582,13:09:30,13.27,192557,145,卖盘
2583,13:09:33,13.28,325335,245,买盘
2584,13:09:36,13.28,808258,609,买盘
2585,13:09:39,13.28,131456,99,买盘
2586,13:09:42,13.28,378239,285,买盘
2587,13:09:45,13.27,228243,172,买盘
2588,13:09:48,13.28,96864,73,买盘
2589,13:09:51,13.28,140716,106,买盘
2590,13:09:54,13.28,120848,91,买盘
2591,13:09:57,13.28,53120,40,卖盘
2592,13:10:00,13.28,33200,25,卖盘
2593,13:10:03,13.27,1035593,780,卖盘
2594,13:10:06,13.28,541553,408,买盘
2595,13:10:09,13.27,135384,102,卖盘
2596,13:10:12,13.27,103505,78,买盘
2597,13:10:15,13.27,220191,166,买盘
2598,13:10:18,13.25,1483203,1119,卖盘
2599,13:10:21,13.27,94147,71,买盘
2600,13:10:24,13.26,127277,96,买盘
2601,13:10:27,13.24,92795,70,卖盘
2602,13:10:30,13.25,164270,124,买盘
2603,13:10:33,13.26,194887,147,买盘
2604,13:10:36,13.25,35779,27,卖盘
2605,13:10:39,13.25,47700,36,卖盘
2606,13:10:42,13.25,287525,217,卖盘
2607,13:10:45,13.26,172349,130,买盘
2608,13:10:48,13.25,161582,122,卖盘
2609,13:10:51,13.24,108637,82,卖盘
2610,13:10:54,13.24,213266,161,卖盘
2611,13:10:57,13.25,67548,51,买盘
2612,13:11:00,13.24,67552,51,卖盘
2613,13:11:03,13.25,22513,17,买盘
2614,13:11:06,13.25,234391,177,买盘
2615,13:11:09,13.25,243668,184,买盘
2616,13:11:12,13.25,192062,145,买盘
2617,13:11:15,13.25,6625,5,买盘
2618,13:11:18,13.25,298108,225,买盘
2619,13:11:21,13.25,139124,105,卖盘
2620,13:11:24,13.25,23852,18,卖盘
2621,13:11:27,13.26,159027,120,买盘
2622,13:11:30,13.26,270490,204,买盘
2623,13:11:33,13.26,78213,59,买盘
2624,13:11:36,13.26,51707,39,买盘
2625,13:11:39,13.26,335351,253,买盘
2626,13:11:42,13.25,145786,110,卖盘
2627,13:11:45,13.25,72885,55,卖盘
2628,13:11:48,13.25,243973,184,卖盘
2629,13:11:51,13.25,364476,275,卖盘
2630,13:11:54,13.25,50350,38,卖盘
2631,13:11:57,13.26,66274,50,买盘
2632,13:12:00,13.25,341884,258,卖盘
2633,13:12:03,13.25,60937,46,买盘
2634,13:12:06,13.26,100705,76,买盘
2635,13:12:09,13.25,6626,5,卖盘
2636,13:12:12,13.25,86125,65,卖盘
2637,13:12:15,13.25,111310,84,卖盘
2638,13:12:18,13.26,74230,56,买盘
2639,13:12:21,13.25,284876,215,卖盘
2640,13:12:24,13.25,115277,87,卖盘
2641,13:12:27,13.26,257191,194,买盘
2642,13:12:30,13.25,22541,17,卖盘
2643,13:12:33,13.25,35776,27,卖盘
2644,13:12:36,13.25,10603,8,卖盘
2645,13:12:39,13.24,3364884,2541,卖盘
2646,13:12:42,13.25,982455,742,买盘
2647,13:12:45,13.23,10586,8,卖盘
2648,13:12:48,13.24,193437,146,买盘
2649,13:12:51,13.25,169555,128,买盘
2650,13:12:54,13.24,200025,151,卖盘
2651,13:12:57,13.23,42367,32,卖盘
2652,13:13:00,13.23,46334,35,卖盘
2653,13:13:03,13.23,189273,143,卖盘
2654,13:13:06,13.23,89987,68,卖盘
2655,13:13:09,13.24,116500,88,买盘
2656,13:13:12,13.24,136363,103,买盘
2657,13:13:15,13.24,80764,61,卖盘
2658,13:13:18,13.25,184052,139,买盘
2659,13:13:21,13.24,51640,39,卖盘
2660,13:13:24,13.24,572291,432,卖盘
2661,13:13:27,13.25,123190,93,买盘
2662,13:13:30,13.24,156333,118,买盘
2663,13:13:33,13.25,7950,6,买盘
2664,13:13:36,13.25,508461,384,买盘
2665,13:13:39,13.24,1324,1,卖盘
2666,13:13:42,13.24,26481,20,卖盘
2667,13:13:45,13.25,87429,66,买盘
2668,13:13:48,13.24,527013,398,卖盘
2669,13:13:51,13.25,128501,97,买盘
2670,13:13:54,13.25,22519,17,买盘
2671,13:13:57,13.24,97993,74,卖盘
2672,13:14:00,13.24,9270,7,卖盘
2673,13:14:03,13.25,63557,48,买盘
2674,13:14:06,13.24,11923,9,卖盘
2675,13:14:09,13.25,35774,27,买盘
2676,13:14:12,13.25,1006410,760,买盘
2677,13:14:15,13.24,192124,145,卖盘
2678,13:14:18,13.25,88775,67,买盘
2679,13:14:21,13.25,33126,25,卖盘
2680,13:14:24,13.25,291473,220,买盘
2681,13:14:27,13.25,95401,72,卖盘
2682,13:14:30,13.25,25187,19,卖盘
2683,13:14:33,13.25,201401,152,卖盘
2684,13:14:36,13.25,105996,80,买盘
2685,13:14:39,13.24,475531,359,卖盘
2686,13:14:42,13.24,381547,288,卖盘
2687,13:14:45,13.25,164222,124,买盘
2688,13:14:48,13.23,2646,2,卖盘
2689,13:14:51,13.25,7950,6,买盘
2690,13:14:54,13.25,15896,12,买盘
2691,13:14:57,13.24,128420,97,买盘
2692,13:15:00,13.23,1615447,1221,卖盘
2693,13:15:03,13.22,616588,466,卖盘
2694,13:15:06,13.22,43650,33,卖盘
2695,13:15:09,13.22,371597,281,卖盘
2696,13:15:12,13.22,324095,245,卖盘
2697,13:15:15,13.23,267046,202,买盘
2698,13:15:18,13.22,15870,12,卖盘
2699,13:15:21,13.23,211549,160,买盘
2700,13:15:24,13.23,508016,384,买盘
2701,13:15:27,13.24,82027,62,买盘
2702,13:15:30,13.23,127077,96,卖盘
2703,13:15:33,13.24,31776,24,卖盘
2704,13:15:36,13.24,37077,28,卖盘
2705,13:15:39,13.24,121808,92,买盘
2706,13:15:42,13.25,245083,185,买盘
2707,13:15:45,13.24,1837762,1387,卖盘
2708,13:15:48,13.26,379212,286,买盘
2709,13:15:51,13.26,250634,189,中性盘
2710,13:15:54,13.28,500640,377,买盘
2711,13:15:57,13.28,58475,44,卖盘
2712,13:16:00,13.3,175429,132,买盘
2713,13:16:03,13.3,59849,45,买盘
2714,13:16:06,13.3,164917,124,买盘
2715,13:16:09,13.3,524019,394,买盘
2716,13:16:12,13.3,335160,252,买盘
2717,13:16:15,13.3,136989,103,买盘
2718,13:16:18,13.31,42584,32,买盘
2719,13:16:21,13.31,103810,78,买盘
2720,13:16:24,13.35,928139,696,买盘
2721,13:16:27,13.36,18692,14,买盘
2722,13:16:30,13.36,102850,77,买盘
2723,13:16:33,13.36,297930,223,买盘
2724,13:16:36,13.37,859215,643,买盘
2725,13:16:39,13.36,527678,395,卖盘
2726,13:16:42,13.37,671094,502,买盘
2727,13:16:45,13.36,306007,229,卖盘
2728,13:16:48,13.37,1013712,758,中性盘
2729,13:16:51,13.37,328830,246,买盘
2730,13:16:54,13.37,506579,379,买盘
2731,13:16:57,13.38,2406655,1798,买盘
2732,13:17:00,13.38,161944,121,卖盘
2733,13:17:03,13.38,294468,220,卖盘
2734,13:17:06,13.4,377542,282,买盘
2735,13:17:09,13.4,246349,184,买盘
2736,13:17:12,13.4,286804,214,中性盘
2737,13:17:15,13.41,1057394,789,买盘
2738,13:17:18,13.41,898012,670,买盘
2739,13:17:21,13.38,396683,296,卖盘
2740,13:17:24,13.39,328999,246,买盘
2741,13:17:27,13.38,119195,89,中性盘
2742,13:17:30,13.38,190207,142,卖盘
2743,13:17:33,13.38,265074,198,卖盘
2744,13:17:36,13.38,246245,184,卖盘
2745,13:17:39,13.37,216763,162,卖盘
2746,13:17:42,13.38,413743,309,买盘
2747,13:17:45,13.43,4640620,3467,买盘
2748,13:17:48,13.44,608744,453,买盘
2749,13:17:51,13.43,219046,163,卖盘
2750,13:17:54,13.41,521640,388,中性盘
2751,13:17:57,13.44,209721,156,买盘
2752,13:18:00,13.45,372208,277,买盘
2753,13:18:03,13.44,830732,618,中性盘
2754,13:18:06,13.43,824375,613,中性盘
2755,13:18:09,13.46,490906,365,买盘
2756,13:18:12,13.45,100901,75,卖盘
2757,13:18:15,13.45,242232,180,卖盘
2758,13:18:18,13.46,680820,506,买盘
2759,13:18:21,13.46,340642,253,卖盘
2760,13:18:24,13.46,584174,434,卖盘
2761,13:18:27,13.47,1589672,1180,买盘
2762,13:18:30,13.47,162894,121,买盘
2763,13:18:33,13.47,226280,168,买盘
2764,13:18:36,13.47,646872,480,卖盘
2765,13:18:39,13.47,343642,255,卖盘
2766,13:18:42,13.48,295098,219,中性盘
2767,13:18:45,13.48,425961,316,买盘
2768,13:18:48,13.48,554095,411,卖盘
2769,13:18:51,13.47,1290026,958,卖盘
2770,13:18:54,13.45,1034293,768,卖盘
2771,13:18:57,13.45,313547,233,卖盘
2772,13:19:00,13.44,1089044,809,卖盘
2773,13:19:03,13.42,139778,104,卖盘
2774,13:19:06,13.42,60362,45,买盘
2775,13:19:09,13.41,260324,194,卖盘
2776,13:19:12,13.41,87178,65,卖盘
2777,13:19:15,13.4,147440,110,卖盘
2778,13:19:18,13.4,195673,146,卖盘
2779,13:19:21,13.39,688678,514,卖盘
2780,13:19:24,13.39,392406,293,卖盘
2781,13:19:27,13.38,560954,419,卖盘
2782,13:19:30,13.38,85623,64,卖盘
2783,13:19:33,13.38,53494,40,买盘
2784,13:19:36,13.38,346518,259,买盘
2785,13:19:39,13.37,74841,56,中性盘
2786,13:19:42,13.36,28069,21,卖盘
2787,13:19:45,13.36,205745,154,卖盘
2788,13:19:48,13.36,150929,113,买盘
2789,13:19:51,13.36,156297,117,买盘
2790,13:19:54,13.35,61451,46,卖盘
2791,13:19:57,13.35,72136,54,卖盘
2792,13:20:00,13.36,98808,74,买盘
2793,13:20:03,13.37,50769,38,买盘
2794,13:20:06,13.37,156364,117,买盘
2795,13:20:09,13.36,101611,76,卖盘
2796,13:20:12,13.37,280761,210,买盘
2797,13:20:15,13.38,157777,118,买盘
2798,13:20:18,13.38,296848,222,买盘
2799,13:20:21,13.39,22757,17,买盘
2800,13:20:24,13.39,96407,72,买盘
2801,13:20:27,13.4,129913,97,买盘
2802,13:20:30,13.4,770500,575,买盘
2803,13:20:33,13.41,166161,124,买盘
2804,13:20:36,13.4,123295,92,卖盘
2805,13:20:39,13.4,738415,551,卖盘
2806,13:20:42,13.38,1403817,1049,卖盘
2807,13:20:45,13.37,221987,166,卖盘
2808,13:20:48,13.38,298252,223,买盘
2809,13:20:51,13.37,596327,446,买盘
2810,13:20:54,13.37,76210,57,卖盘
2811,13:20:57,13.37,153686,115,卖盘
2812,13:21:00,13.38,280979,210,买盘
2813,13:21:03,13.38,177954,133,买盘
2814,13:21:06,13.38,108418,81,卖盘
2815,13:21:09,13.39,100411,75,买盘
2816,13:21:12,13.4,32151,24,买盘
2817,13:21:15,13.39,149971,112,卖盘
2818,13:21:18,13.38,530047,396,卖盘
2819,13:21:21,13.39,368192,275,买盘
2820,13:21:24,13.4,603958,451,买盘
2821,13:21:27,13.39,344030,257,卖盘
2822,13:21:30,13.37,334527,250,卖盘
2823,13:21:33,13.39,84321,63,买盘
2824,13:21:36,13.39,463241,346,买盘
2825,13:21:39,13.39,32125,24,买盘
2826,13:21:42,13.39,717655,536,买盘
2827,13:21:45,13.39,54899,41,卖盘
2828,13:21:48,13.39,96449,72,卖盘
2829,13:21:51,13.4,75010,56,买盘
2830,13:21:54,13.39,168809,126,卖盘
2831,13:21:57,13.4,191588,143,买盘
2832,13:22:00,13.39,223624,167,卖盘
2833,13:22:03,13.39,275922,206,卖盘
2834,13:22:06,13.4,66970,50,买盘
2835,13:22:09,13.4,243847,182,买盘
2836,13:22:12,13.39,1307694,976,卖盘
2837,13:22:15,13.4,688660,514,买盘
2838,13:22:18,13.4,214400,160,卖盘
2839,13:22:21,13.4,45560,34,卖盘
2840,13:22:24,13.41,678532,506,买盘
2841,13:22:27,13.41,140848,105,卖盘
2842,13:22:30,13.42,69780,52,买盘
2843,13:22:33,13.42,68423,51,买盘
2844,13:22:36,13.42,142202,106,买盘
2845,13:22:39,13.42,628730,468,买盘
2846,13:22:42,13.45,106101,79,买盘
2847,13:22:45,13.42,1418301,1056,卖盘
2848,13:22:48,13.45,49757,37,买盘
2849,13:22:51,13.45,40333,30,买盘
2850,13:22:54,13.45,1112282,827,买盘
2851,13:22:57,13.47,618095,459,买盘
2852,13:23:00,13.46,497941,370,卖盘
2853,13:23:03,13.46,297560,221,买盘
2854,13:23:06,13.46,654535,486,卖盘
2855,13:23:09,13.47,495529,368,买盘
2856,13:23:12,13.47,1252714,930,买盘
2857,13:23:15,13.48,210223,156,买盘
2858,13:23:18,13.48,1033733,767,买盘
2859,13:23:21,13.48,320876,238,买盘
2860,13:23:24,13.49,455863,338,买盘
2861,13:23:27,13.49,295380,219,买盘
2862,13:23:30,13.49,3140712,2327,买盘
2863,13:23:33,13.49,3142790,2328,卖盘
2864,13:23:36,13.5,890196,660,买盘
2865,13:23:39,13.51,243137,180,买盘
2866,13:23:42,13.52,946002,700,买盘
2867,13:23:45,13.53,247566,183,买盘
2868,13:23:48,13.53,319313,236,卖盘
2869,13:23:51,13.54,553666,409,买盘
2870,13:23:54,13.55,1600945,1182,买盘
2871,13:23:57,13.55,881733,651,买盘
2872,13:24:00,13.54,1466077,1082,卖盘
2873,13:24:03,13.5,2111779,1561,卖盘
2874,13:24:06,13.5,698564,517,卖盘
2875,13:24:09,13.49,1214512,900,卖盘
2876,13:24:12,13.48,310243,230,卖盘
2877,13:24:15,13.47,973160,722,卖盘
2878,13:24:18,13.47,429932,319,卖盘
2879,13:24:21,13.46,293374,218,卖盘
2880,13:24:24,13.45,196424,146,卖盘
2881,13:24:27,13.46,219361,163,买盘
2882,13:24:30,13.45,1065225,792,卖盘
2883,13:24:33,13.45,459985,342,买盘
2884,13:24:36,13.45,306618,228,买盘
2885,13:24:39,13.43,295796,220,卖盘
2886,13:24:42,13.43,91390,68,卖盘
2887,13:24:45,13.44,372295,277,买盘
2888,13:24:48,13.45,98142,73,买盘
2889,13:24:51,13.45,289130,215,买盘
2890,13:24:54,13.45,327013,243,卖盘
2891,13:24:57,13.46,150776,112,卖盘
2892,13:25:00,13.47,288156,214,买盘
2893,13:25:03,13.48,164447,122,买盘
2894,13:25:06,13.5,215749,160,买盘
2895,13:25:09,13.47,881781,654,卖盘
2896,13:25:12,13.5,274034,203,买盘
2897,13:25:15,13.5,405014,300,买盘
2898,13:25:18,13.48,484483,359,卖盘
2899,13:25:21,13.49,288660,214,买盘
2900,13:25:24,13.49,173981,129,买盘
2901,13:25:27,13.49,331854,246,买盘
2902,13:25:30,13.48,1387283,1029,卖盘
2903,13:25:33,13.49,2156549,1598,买盘
2904,13:25:36,13.49,130853,97,卖盘
2905,13:25:39,13.5,53968,40,买盘
2906,13:25:42,13.49,80977,60,卖盘
2907,13:25:45,13.5,580309,430,买盘
2908,13:25:48,13.51,437401,324,买盘
2909,13:25:51,13.51,203801,151,买盘
2910,13:25:54,13.49,852962,632,卖盘
2911,13:25:57,13.49,373591,277,买盘
2912,13:26:00,13.49,1320814,980,买盘
2913,13:26:03,13.47,1480021,1098,卖盘
2914,13:26:06,13.47,1048123,778,卖盘
2915,13:26:09,13.46,867788,644,卖盘
2916,13:26:12,13.46,88825,66,卖盘
2917,13:26:15,13.46,60547,45,买盘
2918,13:26:18,13.46,976062,725,买盘
2919,13:26:21,13.47,337648,251,买盘
2920,13:26:24,13.46,246347,183,卖盘
2921,13:26:27,13.46,378256,281,卖盘
2922,13:26:30,13.47,854732,635,买盘
2923,13:26:33,13.46,360825,268,卖盘
2924,13:26:36,13.48,886669,658,买盘
2925,13:26:39,13.48,436752,324,卖盘
2926,13:26:42,13.48,342114,254,卖盘
2927,13:26:45,13.48,55268,41,买盘
2928,13:26:48,13.47,361240,268,卖盘
2929,13:26:51,13.47,173874,129,卖盘
2930,13:26:54,13.47,47143,35,卖盘
2931,13:26:57,13.47,439124,326,买盘
2932,13:27:00,13.46,359576,267,卖盘
2933,13:27:03,13.48,915504,680,买盘
2934,13:27:06,13.47,125178,93,卖盘
2935,13:27:09,13.47,65998,49,买盘
2936,13:27:12,13.47,187233,139,买盘
2937,13:27:15,13.49,1539445,1142,买盘
2938,13:27:18,13.47,41777,31,买盘
2939,13:27:21,13.46,29624,22,卖盘
2940,13:27:24,13.47,20207,15,卖盘
2941,13:27:27,13.47,123919,92,卖盘
2942,13:27:30,13.47,91627,68,买盘
2943,13:27:33,13.47,63328,47,卖盘
2944,13:27:36,13.47,146823,109,卖盘
2945,13:27:39,13.48,177876,132,买盘
2946,13:27:42,13.47,296394,220,卖盘
2947,13:27:45,13.47,421621,313,卖盘
2948,13:27:48,13.47,264012,196,买盘
2949,13:27:51,13.47,105067,78,买盘
2950,13:27:54,13.46,107754,80,卖盘
2951,13:27:57,13.47,123900,92,买盘
2952,13:28:00,13.47,338018,251,买盘
2953,13:28:03,13.47,413551,307,买盘
2954,13:28:06,13.46,153504,114,卖盘
2955,13:28:09,13.47,121172,90,买盘
2956,13:28:12,13.47,210124,156,买盘
2957,13:28:15,13.47,214030,159,买盘
2958,13:28:18,13.47,115834,86,买盘
2959,13:28:21,13.48,3673104,2725,买盘
2960,13:28:24,13.48,273807,203,卖盘
2961,13:28:27,13.49,155098,115,买盘
2962,13:28:30,13.49,714973,530,买盘
2963,13:28:33,13.49,113316,84,卖盘
2964,13:28:36,13.49,76908,57,卖盘
2965,13:28:39,13.5,429280,318,买盘
2966,13:28:42,13.5,165982,123,买盘
2967,13:28:45,13.5,1209586,896,买盘
2968,13:28:48,13.51,1150040,852,买盘
2969,13:28:51,13.5,78354,58,卖盘
2970,13:28:54,13.51,232320,172,买盘
2971,13:28:57,13.51,704948,522,买盘
2972,13:29:00,13.51,72954,54,卖盘
2973,13:29:03,13.52,272963,202,买盘
2974,13:29:06,13.52,224333,166,买盘
2975,13:29:09,13.52,1519178,1124,买盘
2976,13:29:12,13.52,501304,371,买盘
2977,13:29:15,13.52,433835,321,买盘
2978,13:29:18,13.52,146040,108,卖盘
2979,13:29:21,13.54,784692,580,买盘
2980,13:29:24,13.53,149493,111,卖盘
2981,13:29:27,13.54,175830,130,买盘
2982,13:29:30,13.54,217919,161,买盘
2983,13:29:33,13.52,1138682,842,卖盘
2984,13:29:36,13.51,749488,555,卖盘
2985,13:29:39,13.53,174434,129,买盘
2986,13:29:42,13.52,99987,74,买盘
2987,13:29:45,13.51,803890,595,卖盘
2988,13:29:48,13.52,271678,201,买盘
2989,13:29:51,13.51,314666,233,卖盘
2990,13:29:54,13.51,783399,580,买盘
2991,13:29:57,13.5,264815,196,卖盘
2992,13:30:00,13.5,35100,26,买盘
2993,13:30:03,13.5,174024,129,买盘
2994,13:30:06,13.5,1830582,1356,买盘
2995,13:30:09,13.5,58051,43,卖盘
2996,13:30:12,13.52,245862,182,买盘
2997,13:30:15,13.5,2913344,2158,卖盘
2998,13:30:18,13.51,118917,88,买盘
2999,13:30:21,13.5,344254,255,卖盘
3000,13:30:24,13.5,149810,111,买盘
3001,13:30:27,13.49,214506,159,卖盘
3002,13:30:30,13.49,21584,16,买盘
3003,13:30:33,13.5,467009,346,买盘
3004,13:30:36,13.5,14842,11,买盘
3005,13:30:39,13.48,776777,576,卖盘
3006,13:30:42,13.48,522077,387,买盘
3007,13:30:45,13.49,494621,367,中性盘
3008,13:30:48,13.48,417946,310,卖盘
3009,13:30:51,13.48,273697,203,卖盘
3010,13:30:54,13.47,371983,276,卖盘
3011,13:30:57,13.46,79429,59,卖盘
3012,13:31:00,13.46,682577,507,卖盘
3013,13:31:03,13.45,443990,330,卖盘
3014,13:31:06,13.45,90126,67,卖盘
3015,13:31:09,13.44,587682,437,卖盘
