,成交时间,成交价格,成交金额,成交量,性质
0,09:25:00,20.52,22190328,10814,卖盘
1,09:30:00,20.52,9487696,4622,卖盘
2,09:30:03,20.53,12389186,6035,买盘
3,09:30:06,20.53,3746649,1824,卖盘
4,09:30:09,20.56,3227267,1570,买盘
5,09:30:12,20.58,1965263,957,卖盘
6,09:30:15,20.55,1086435,528,卖盘
7,09:30:18,20.59,1080572,525,买盘
8,09:30:21,20.58,1161832,565,卖盘
9,09:30:24,20.6,1019571,495,卖盘
10,09:30:27,20.6,1721337,836,买盘
11,09:30:30,20.65,3026891,1468,买盘
12,09:30:33,20.65,1268028,614,卖盘
13,09:30:36,20.66,3126484,1514,卖盘
14,09:30:39,20.61,1765243,856,卖盘
15,09:30:42,20.6,1419510,689,卖盘
16,09:30:45,20.57,1560985,758,卖盘
17,09:30:48,20.56,2383267,1159,卖盘
18,09:30:51,20.55,2236646,1088,卖盘
19,09:30:54,20.53,1854911,903,卖盘
20,09:30:57,20.51,788283,384,卖盘
21,09:31:00,20.5,2817374,1374,卖盘
22,09:31:03,20.5,2794400,1363,卖盘
23,09:31:06,20.5,2729801,1332,买盘
24,09:31:09,20.49,4862727,2373,中性盘
25,09:31:12,20.48,3348448,1634,卖盘
26,09:31:15,20.46,2578525,1260,卖盘
27,09:31:18,20.46,2411324,1179,买盘
28,09:31:21,20.45,2462089,1204,卖盘
29,09:31:24,20.43,1837479,899,卖盘
30,09:31:27,20.43,1660620,813,卖盘
31,09:31:30,20.42,1927830,944,卖盘
32,09:31:33,20.41,4091906,2005,卖盘
33,09:31:36,20.42,6805363,3335,买盘
34,09:31:39,20.46,12901946,6312,买盘
35,09:31:42,20.46,3018330,1474,卖盘
36,09:31:45,20.46,1995901,974,卖盘
37,09:31:48,20.46,2765642,1350,卖盘
38,09:31:51,20.47,3466963,1694,中性盘
39,09:31:54,20.47,1543199,754,卖盘
40,09:31:57,20.5,2469566,1206,买盘
41,09:32:00,20.5,1316389,642,卖盘
42,09:32:03,20.49,4498430,2194,卖盘
43,09:32:06,20.46,4559921,2229,卖盘
44,09:32:09,20.46,990558,484,买盘
45,09:32:12,20.43,2628922,1287,卖盘
46,09:32:15,20.41,3973579,1947,卖盘
47,09:32:18,20.4,2650027,1299,卖盘
48,09:32:21,20.4,1780672,873,卖盘
49,09:32:24,20.39,2339137,1147,中性盘
50,09:32:27,20.39,6698427,3285,卖盘
51,09:32:30,20.39,3756160,1842,卖盘
52,09:32:33,20.39,4004291,1964,买盘
53,09:32:36,20.38,2676028,1313,卖盘
54,09:32:39,20.38,1561243,766,买盘
55,09:32:42,20.38,2455868,1205,卖盘
56,09:32:45,20.39,6740342,3306,买盘
57,09:32:48,20.4,1903364,933,中性盘
58,09:32:51,20.41,1047352,513,卖盘
59,09:32:54,20.43,1130169,553,买盘
60,09:32:57,20.44,1459024,714,中性盘
61,09:33:00,20.48,2409800,1180,买盘
62,09:33:03,20.5,985425,481,买盘
63,09:33:06,20.5,1950279,951,卖盘
64,09:33:09,20.52,1442031,703,中性盘
65,09:33:12,20.52,628117,306,中性盘
66,09:33:15,20.54,1305874,636,中性盘
67,09:33:18,20.53,2512332,1223,卖盘
68,09:33:21,20.54,2187265,1066,买盘
69,09:33:24,20.54,3286920,1599,买盘
70,09:33:27,20.54,597690,291,买盘
71,09:33:30,20.54,1388443,676,卖盘
72,09:33:33,20.55,1507981,734,买盘
73,09:33:36,20.55,876981,427,买盘
74,09:33:39,20.54,1155731,563,中性盘
75,09:33:42,20.53,673608,328,卖盘
76,09:33:45,20.48,1593872,777,卖盘
77,09:33:48,20.48,965854,471,卖盘
78,09:33:51,20.48,741670,362,卖盘
79,09:33:54,20.48,1221560,597,买盘
80,09:33:57,20.47,2282638,1116,中性盘
81,09:34:00,20.44,1391808,680,中性盘
82,09:34:03,20.42,833784,408,卖盘
83,09:34:06,20.41,1509567,739,卖盘
84,09:34:09,20.4,1455267,713,卖盘
85,09:34:12,20.42,2730485,1338,买盘
86,09:34:15,20.4,1656384,812,卖盘
87,09:34:18,20.43,1555667,762,买盘
88,09:34:21,20.43,1820044,891,卖盘
89,09:34:24,20.43,1859123,910,卖盘
90,09:34:27,20.41,449269,220,卖盘
91,09:34:30,20.42,2799438,1371,买盘
92,09:34:33,20.4,5921317,2902,卖盘
93,09:34:36,20.4,1383415,678,买盘
94,09:34:39,20.43,3026221,1483,买盘
95,09:34:42,20.42,1648517,808,买盘
96,09:34:45,20.41,1475537,723,卖盘
97,09:34:48,20.41,1980185,970,卖盘
98,09:34:51,20.41,1073517,526,卖盘
99,09:34:54,20.41,1683886,825,买盘
100,09:34:57,20.4,1869006,916,卖盘
101,09:35:00,20.41,1993416,977,买盘
102,09:35:03,20.39,2458252,1205,卖盘
103,09:35:06,20.4,2831016,1388,买盘
104,09:35:09,20.39,978893,480,卖盘
105,09:35:12,20.39,1339444,657,卖盘
106,09:35:15,20.39,1914365,939,买盘
107,09:35:18,20.39,1492183,732,买盘
108,09:35:21,20.39,2690503,1320,买盘
109,09:35:24,20.38,8703447,4272,卖盘
110,09:35:27,20.36,5310572,2609,卖盘
111,09:35:30,20.34,917693,451,卖盘
112,09:35:33,20.33,2771124,1363,卖盘
113,09:35:36,20.31,2936738,1445,卖盘
114,09:35:39,20.3,1992739,981,卖盘
115,09:35:42,20.3,3304208,1627,卖盘
116,09:35:45,20.31,6567664,3235,买盘
117,09:35:48,20.32,3161116,1556,买盘
118,09:35:51,20.38,3691855,1815,买盘
119,09:35:54,20.34,1281212,630,卖盘
120,09:35:57,20.38,3730793,1831,买盘
121,09:36:00,20.36,1428167,702,卖盘
122,09:36:03,20.38,1278620,628,买盘
123,09:36:06,20.38,2175539,1068,买盘
124,09:36:09,20.36,1235784,607,卖盘
125,09:36:12,20.36,2776370,1364,买盘
126,09:36:15,20.36,1388574,682,买盘
127,09:36:18,20.36,3722013,1827,卖盘
128,09:36:21,20.36,4362008,2141,卖盘
129,09:36:24,20.38,1639283,805,中性盘
130,09:36:27,20.37,1854697,910,卖盘
131,09:36:30,20.38,2297915,1128,买盘
132,09:36:33,20.37,880255,432,卖盘
133,09:36:36,20.38,1374884,675,买盘
134,09:36:39,20.37,1387176,681,卖盘
135,09:36:42,20.37,873783,429,卖盘
136,09:36:45,20.36,2408982,1183,卖盘
137,09:36:48,20.36,850849,418,买盘
138,09:36:51,20.35,1556885,765,卖盘
139,09:36:54,20.34,3179632,1564,卖盘
140,09:36:57,20.34,1220226,600,卖盘
141,09:37:00,20.34,961739,473,卖盘
142,09:37:03,20.34,333453,164,买盘
143,09:37:06,20.32,5305628,2609,卖盘
144,09:37:09,20.33,3379883,1663,卖盘
145,09:37:12,20.32,3610265,1775,卖盘
146,09:37:15,20.32,1776567,874,卖盘
147,09:37:18,20.33,3437453,1691,买盘
148,09:37:21,20.38,5342541,2625,买盘
149,09:37:24,20.41,2117878,1039,买盘
150,09:37:27,20.41,716217,351,买盘
151,09:37:30,20.42,1440853,706,买盘
152,09:37:33,20.42,836961,410,中性盘
153,09:37:36,20.43,626935,307,买盘
154,09:37:39,20.43,496255,243,买盘
155,09:37:42,20.43,715060,350,卖盘
156,09:37:45,20.43,686523,336,卖盘
157,09:37:48,20.42,970130,475,卖盘
158,09:37:51,20.42,736952,361,买盘
159,09:37:54,20.41,598124,293,买盘
160,09:37:57,20.4,781237,383,卖盘
161,09:38:00,20.4,487535,239,买盘
162,09:38:03,20.38,883168,433,中性盘
163,09:38:06,20.38,458570,225,卖盘
164,09:38:09,20.36,472589,232,卖盘
165,09:38:12,20.39,1089846,535,买盘
166,09:38:15,20.35,494540,243,卖盘
167,09:38:18,20.33,1145100,563,卖盘
168,09:38:21,20.33,1316222,647,卖盘
169,09:38:24,20.33,921366,453,卖盘
170,09:38:27,20.33,2405128,1183,卖盘
171,09:38:30,20.34,1128407,555,中性盘
172,09:38:33,20.34,1998886,983,卖盘
173,09:38:36,20.35,557521,274,中性盘
174,09:38:39,20.36,1735346,853,中性盘
175,09:38:42,20.37,575978,283,买盘
176,09:38:45,20.36,1316891,647,中性盘
177,09:38:48,20.36,693964,341,买盘
178,09:38:51,20.37,848960,417,买盘
179,09:38:54,20.35,765318,376,卖盘
180,09:38:57,20.36,1162558,571,买盘
181,09:39:00,20.35,973274,478,卖盘
182,09:39:03,20.36,868675,427,买盘
183,09:39:06,20.35,1201038,590,卖盘
184,09:39:09,20.38,4986796,2450,买盘
185,09:39:12,20.38,1218763,598,卖盘
186,09:39:15,20.37,584877,287,卖盘
187,09:39:18,20.38,2058815,1010,买盘
188,09:39:21,20.39,862259,423,中性盘
189,09:39:24,20.39,1867671,916,买盘
190,09:39:27,20.4,993384,487,卖盘
191,09:39:30,20.42,1180595,578,买盘
192,09:39:33,20.43,1559900,763,买盘
193,09:39:36,20.47,660352,323,买盘
194,09:39:39,20.48,1290241,630,买盘
195,09:39:42,20.51,977908,477,买盘
196,09:39:45,20.54,1128770,550,买盘
197,09:39:48,20.55,807577,393,买盘
198,09:39:51,20.58,571659,278,买盘
199,09:39:54,20.6,1412216,686,买盘
200,09:39:57,20.63,783039,380,买盘
201,09:40:00,20.62,882918,428,卖盘
202,09:40:03,20.6,3244488,1575,卖盘
203,09:40:06,20.57,1026620,499,卖盘
204,09:40:09,20.57,1582789,770,买盘
205,09:40:12,20.61,4891864,2374,买盘
206,09:40:15,20.67,5216768,2523,买盘
207,09:40:18,20.79,2330301,1121,买盘
208,09:40:21,20.76,1912853,919,卖盘
209,09:40:24,20.76,1321335,635,卖盘
210,09:40:27,20.77,1509977,727,中性盘
211,09:40:30,20.73,1342811,647,卖盘
212,09:40:33,20.73,1822037,878,卖盘
213,09:40:36,20.73,804235,388,买盘
214,09:40:39,20.7,785518,379,中性盘
215,09:40:42,20.7,464043,224,卖盘
216,09:40:45,20.7,604523,292,卖盘
217,09:40:48,20.7,734718,355,买盘
218,09:40:51,20.69,1492799,721,买盘
219,09:40:54,20.7,4006495,1933,买盘
220,09:40:57,20.7,743061,359,卖盘
221,09:41:00,20.74,744006,359,买盘
222,09:41:03,20.78,1845520,889,买盘
223,09:41:06,20.78,330329,159,买盘
224,09:41:09,20.78,1323800,637,买盘
225,09:41:12,20.8,1271013,611,买盘
226,09:41:15,20.85,1708677,820,买盘
227,09:41:18,20.85,1475839,708,买盘
228,09:41:21,20.87,1302543,624,买盘
229,09:41:24,20.85,2963501,1421,卖盘
230,09:41:27,20.85,2791249,1340,买盘
231,09:41:30,20.82,2648949,1271,卖盘
232,09:41:33,20.82,5646237,2711,卖盘
233,09:41:36,20.82,1444123,694,卖盘
234,09:41:39,20.8,992846,477,卖盘
235,09:41:42,20.8,705361,339,卖盘
236,09:41:45,20.81,1514453,728,买盘
237,09:41:48,20.8,1150130,553,卖盘
238,09:41:51,20.79,1189618,572,中性盘
239,09:41:54,20.77,1026702,494,卖盘
240,09:41:57,20.78,380230,183,买盘
241,09:42:00,20.78,1915387,922,买盘
242,09:42:03,20.78,1111615,535,买盘
243,09:42:06,20.79,1232268,593,买盘
244,09:42:09,20.78,747986,360,卖盘
245,09:42:12,20.79,409555,197,买盘
246,09:42:15,20.8,2076288,999,买盘
247,09:42:18,20.8,1451631,698,买盘
248,09:42:21,20.79,1012784,487,卖盘
249,09:42:24,20.79,657023,316,买盘
250,09:42:27,20.79,893796,430,买盘
251,09:42:30,20.77,561094,270,卖盘
252,09:42:33,20.77,1242035,598,卖盘
253,09:42:36,20.76,612426,295,卖盘
254,09:42:39,20.74,319614,154,卖盘
255,09:42:42,20.74,174203,84,卖盘
256,09:42:45,20.74,381463,184,买盘
257,09:42:48,20.72,493223,238,卖盘
258,09:42:51,20.72,1208302,583,卖盘
259,09:42:54,20.71,526301,254,卖盘
260,09:42:57,20.71,453626,219,卖盘
261,09:43:00,20.71,1087358,525,卖盘
262,09:43:03,20.69,2811978,1358,卖盘
263,09:43:06,20.69,740961,358,卖盘
264,09:43:09,20.69,401482,194,卖盘
265,09:43:12,20.68,632893,306,卖盘
266,09:43:15,20.67,349472,169,卖盘
267,09:43:18,20.67,727777,352,卖盘
268,09:43:21,20.67,2088256,1010,买盘
269,09:43:24,20.7,1249647,604,买盘
270,09:43:27,20.73,1653215,798,买盘
271,09:43:30,20.75,423002,204,买盘
272,09:43:33,20.76,417036,201,买盘
273,09:43:36,20.77,303117,146,买盘
274,09:43:39,20.78,529726,255,买盘
275,09:43:42,20.78,303487,146,买盘
276,09:43:45,20.8,1345514,647,买盘
277,09:43:48,20.81,197592,95,买盘
278,09:43:51,20.81,992631,477,买盘
279,09:43:54,20.85,2484462,1193,买盘
280,09:43:57,20.84,4981890,2393,中性盘
281,09:44:00,20.81,4326766,2084,中性盘
282,09:44:03,20.74,618155,297,中性盘
283,09:44:06,20.8,782107,376,买盘
284,09:44:09,20.8,804717,387,买盘
285,09:44:12,20.79,781752,376,中性盘
286,09:44:15,20.75,515482,248,卖盘
287,09:44:18,20.78,969247,467,买盘
288,09:44:21,20.75,1739627,837,卖盘
289,09:44:24,20.75,724202,349,卖盘
290,09:44:27,20.75,1029655,496,买盘
291,09:44:30,20.76,166124,80,中性盘
292,09:44:33,20.77,253390,122,中性盘
293,09:44:36,20.76,1191780,574,卖盘
294,09:44:39,20.75,510619,246,卖盘
295,09:44:42,20.75,991863,478,卖盘
296,09:44:45,20.76,612622,295,买盘
297,09:44:48,20.75,398452,192,卖盘
298,09:44:51,20.8,2894291,1393,买盘
299,09:44:54,20.8,397334,191,卖盘
300,09:44:57,20.92,8083726,3873,买盘
301,09:45:00,20.94,669612,320,买盘
302,09:45:03,20.95,986388,471,买盘
303,09:45:06,20.95,11620432,5542,买盘
304,09:45:09,20.94,6777121,3238,卖盘
305,09:45:12,20.92,1879621,898,中性盘
306,09:45:15,20.86,922994,442,卖盘
307,09:45:18,20.85,1734922,832,卖盘
308,09:45:21,20.81,1132539,544,卖盘
309,09:45:24,20.78,280676,135,卖盘
310,09:45:27,20.78,311832,150,买盘
311,09:45:30,20.76,1046356,504,卖盘
312,09:45:33,20.76,3137861,1511,买盘
313,09:45:36,20.76,3289538,1583,买盘
314,09:45:39,20.76,1203950,580,卖盘
315,09:45:42,20.76,1120713,540,买盘
316,09:45:45,20.75,1386663,668,卖盘
317,09:45:48,20.74,642992,310,卖盘
318,09:45:51,20.7,3818141,1844,卖盘
319,09:45:54,20.72,1041854,503,买盘
320,09:45:57,20.7,263073,127,中性盘
321,09:46:00,20.7,1645496,795,卖盘
322,09:46:03,20.7,1086568,525,买盘
323,09:46:06,20.7,1160888,561,买盘
324,09:46:09,20.72,459652,222,买盘
325,09:46:12,20.74,1368699,661,买盘
326,09:46:15,20.76,706841,341,买盘
327,09:46:18,20.75,543645,262,卖盘
328,09:46:21,20.72,2570381,1239,卖盘
329,09:46:24,20.71,536456,259,卖盘
330,09:46:27,20.7,861948,416,卖盘
331,09:46:30,20.72,447512,216,卖盘
332,09:46:33,20.73,176182,85,买盘
333,09:46:36,20.74,854103,412,买盘
334,09:46:39,20.75,910455,439,买盘
335,09:46:42,20.75,780569,376,买盘
336,09:46:45,20.75,1833675,884,买盘
337,09:46:48,20.75,688867,332,买盘
338,09:46:51,20.75,535404,258,买盘
339,09:46:54,20.75,1209940,583,卖盘
340,09:46:57,20.74,421086,203,中性盘
341,09:47:00,20.74,456101,220,买盘
342,09:47:03,20.74,439401,212,买盘
343,09:47:06,20.71,1202994,581,卖盘
344,09:47:09,20.7,720499,348,卖盘
345,09:47:12,20.71,1142788,552,买盘
346,09:47:15,20.7,1548301,748,卖盘
347,09:47:18,20.69,479950,232,买盘
348,09:47:21,20.68,436405,211,卖盘
349,09:47:24,20.68,163396,79,卖盘
350,09:47:27,20.67,351530,170,卖盘
351,09:47:30,20.67,343196,166,卖盘
352,09:47:33,20.66,233561,113,卖盘
353,09:47:36,20.66,1248313,604,卖盘
354,09:47:39,20.66,518571,251,卖盘
355,09:47:42,20.66,1176393,569,买盘
356,09:47:45,20.66,1336986,647,买盘
357,09:47:48,20.68,620271,300,买盘
358,09:47:51,20.67,260642,126,卖盘
359,09:47:54,20.68,483735,234,买盘
360,09:47:57,20.68,748568,362,卖盘
361,09:48:00,20.7,293759,142,买盘
362,09:48:03,20.7,258695,125,买盘
363,09:48:06,20.7,579697,280,卖盘
364,09:48:09,20.7,351909,170,卖盘
365,09:48:12,20.71,826290,399,买盘
366,09:48:15,20.7,877883,424,卖盘
367,09:48:18,20.7,258875,125,卖盘
368,09:48:21,20.71,478428,231,买盘
369,09:48:24,20.7,391361,189,卖盘
370,09:48:27,20.7,1068219,516,卖盘
371,09:48:30,20.7,1008448,487,卖盘
372,09:48:33,20.7,879384,425,中性盘
373,09:48:36,20.7,409794,198,买盘
374,09:48:39,20.69,950161,459,中性盘
375,09:48:42,20.69,579179,280,买盘
376,09:48:45,20.69,542082,262,买盘
377,09:48:48,20.69,401248,194,买盘
378,09:48:51,20.67,808208,391,卖盘
379,09:48:54,20.65,276867,134,卖盘
380,09:48:57,20.67,278815,135,买盘
381,09:49:00,20.65,3306289,1603,卖盘
382,09:49:03,20.63,303290,147,中性盘
383,09:49:06,20.6,309171,150,卖盘
384,09:49:09,20.61,430642,209,中性盘
385,09:49:12,20.63,206122,100,买盘
386,09:49:15,20.63,493189,239,卖盘
387,09:49:18,20.64,812650,394,买盘
388,09:49:21,20.64,319957,155,卖盘
389,09:49:24,20.66,718341,348,买盘
390,09:49:27,20.68,1075916,521,买盘
391,09:49:30,20.66,53715,26,中性盘
392,09:49:33,20.64,214692,104,卖盘
393,09:49:36,20.65,348854,169,买盘
394,09:49:39,20.64,330396,160,卖盘
395,09:49:42,20.65,216813,105,卖盘
396,09:49:45,20.65,247811,120,卖盘
397,09:49:48,20.65,247812,120,卖盘
398,09:49:51,20.64,631473,306,卖盘
399,09:49:54,20.63,721936,350,中性盘
400,09:49:57,20.62,245299,119,中性盘
401,09:50:00,20.61,377179,183,卖盘
402,09:50:03,20.61,298880,145,卖盘
403,09:50:06,20.61,1124987,546,卖盘
404,09:50:09,20.61,375158,182,卖盘
405,09:50:12,20.61,202011,98,卖盘
406,09:50:15,20.62,383413,186,买盘
407,09:50:18,20.61,552318,268,卖盘
408,09:50:21,20.61,329736,160,买盘
409,09:50:24,20.6,541894,263,卖盘
410,09:50:27,20.62,1168147,567,买盘
411,09:50:30,20.62,1601295,776,买盘
412,09:50:33,20.65,35069,17,买盘
413,09:50:36,20.66,99122,48,买盘
414,09:50:39,20.67,361564,175,买盘
415,09:50:42,20.68,53741,26,买盘
416,09:50:45,20.68,173699,84,买盘
417,09:50:48,20.69,84817,41,买盘
418,09:50:51,20.68,1003064,485,卖盘
419,09:50:54,20.66,1535017,743,卖盘
420,09:50:57,20.65,361494,175,卖盘
421,09:51:00,20.65,245930,119,卖盘
422,09:51:03,20.67,508431,246,买盘
423,09:51:06,20.65,460840,223,卖盘
424,09:51:09,20.66,214853,104,买盘
425,09:51:12,20.67,280972,136,买盘
426,09:51:15,20.67,390849,189,买盘
427,09:51:18,20.69,339194,164,买盘
428,09:51:21,20.67,425944,206,卖盘
429,09:51:24,20.67,353629,171,卖盘
430,09:51:27,20.68,328709,159,买盘
431,09:51:30,20.69,428090,207,买盘
432,09:51:33,20.68,128230,62,中性盘
433,09:51:36,20.68,1610596,779,卖盘
434,09:51:39,20.69,279290,135,买盘
435,09:51:42,20.7,604097,292,买盘
436,09:51:45,20.69,341426,165,卖盘
437,09:51:48,20.69,271119,131,卖盘
438,09:51:51,20.69,457087,221,中性盘
439,09:51:54,20.67,684753,331,卖盘
440,09:51:57,20.69,223442,108,买盘
441,09:52:00,20.68,148947,72,卖盘
442,09:52:03,20.7,208964,101,买盘
443,09:52:06,20.66,1677840,812,卖盘
444,09:52:09,20.64,212660,103,卖盘
445,09:52:12,20.64,181597,88,买盘
446,09:52:15,20.63,334153,162,卖盘
447,09:52:18,20.64,1132673,549,买盘
448,09:52:21,20.64,1524315,739,买盘
449,09:52:24,20.65,74315,36,买盘
450,09:52:27,20.65,94992,46,卖盘
451,09:52:30,20.65,41316,20,卖盘
452,09:52:33,20.65,105397,51,卖盘
453,09:52:36,20.67,388293,188,买盘
454,09:52:39,20.66,167310,81,卖盘
455,09:52:42,20.67,241808,117,买盘
456,09:52:45,20.66,543434,263,卖盘
457,09:52:48,20.64,289225,140,卖盘
458,09:52:51,20.66,252041,122,买盘
459,09:52:54,20.65,565581,274,卖盘
460,09:52:57,20.67,543178,263,买盘
461,09:53:00,20.66,289353,140,卖盘
462,09:53:03,20.65,165261,80,卖盘
463,09:53:06,20.66,687966,333,买盘
464,09:53:09,20.69,1354540,655,买盘
465,09:53:12,20.75,584750,282,买盘
466,09:53:15,20.74,213699,103,卖盘
467,09:53:18,20.77,428013,206,买盘
468,09:53:21,20.76,336137,162,中性盘
469,09:53:24,20.72,219834,106,卖盘
470,09:53:27,20.74,893791,431,买盘
471,09:53:30,20.72,261102,126,卖盘
472,09:53:33,20.73,339858,164,买盘
473,09:53:36,20.73,395756,191,买盘
474,09:53:39,20.72,540594,261,卖盘
475,09:53:42,20.74,368956,178,买盘
476,09:53:45,20.74,136803,66,买盘
477,09:53:48,20.73,331800,160,中性盘
478,09:53:51,20.74,435316,210,买盘
479,09:53:54,20.74,317312,153,买盘
480,09:53:57,20.72,984697,475,卖盘
481,09:54:00,20.72,140895,68,买盘
482,09:54:03,20.72,573808,277,买盘
483,09:54:06,20.73,202990,98,买盘
484,09:54:09,20.72,256889,124,卖盘
485,09:54:12,20.72,227935,110,卖盘
486,09:54:15,20.73,205167,99,买盘
487,09:54:18,20.73,234230,113,买盘
488,09:54:21,20.72,358512,173,卖盘
489,09:54:24,20.71,727269,351,卖盘
490,09:54:27,20.71,223707,108,卖盘
491,09:54:30,20.72,155395,75,买盘
492,09:54:33,20.72,194779,94,卖盘
493,09:54:36,20.72,495153,239,卖盘
494,09:54:39,20.73,283899,137,买盘
495,09:54:42,20.73,331533,160,买盘
496,09:54:45,20.74,530431,256,买盘
497,09:54:48,20.73,58047,28,卖盘
498,09:54:51,20.74,340050,164,买盘
499,09:54:54,20.73,356717,172,卖盘
500,09:54:57,20.74,350484,169,买盘
501,09:55:00,20.74,199089,96,卖盘
502,09:55:03,20.74,964733,465,买盘
503,09:55:06,20.74,174186,84,买盘
504,09:55:09,20.74,143125,69,卖盘
505,09:55:12,20.74,900121,434,卖盘
506,09:55:15,20.72,1835119,886,卖盘
507,09:55:18,20.74,1474108,711,买盘
508,09:55:21,20.7,664519,321,卖盘
509,09:55:24,20.7,587925,284,买盘
510,09:55:27,20.73,47671,23,买盘
511,09:55:30,20.7,130565,63,卖盘
512,09:55:33,20.73,163767,79,买盘
513,09:55:36,20.75,1611908,777,买盘
514,09:55:39,20.75,149383,72,中性盘
515,09:55:42,20.75,124589,60,卖盘
516,09:55:45,20.76,388231,187,卖盘
517,09:55:48,20.78,288657,139,买盘
518,09:55:51,20.77,166144,80,中性盘
519,09:55:54,20.76,469373,226,卖盘
520,09:55:57,20.75,195082,94,卖盘
521,09:56:00,20.75,290571,140,买盘
522,09:56:03,20.74,317322,153,卖盘
523,09:56:06,20.75,172158,83,买盘
524,09:56:09,20.75,373487,180,买盘
525,09:56:12,20.74,230189,111,买盘
526,09:56:15,20.74,510152,246,买盘
527,09:56:18,20.73,246761,119,卖盘
528,09:56:21,20.73,47686,23,卖盘
529,09:56:24,20.74,277837,134,买盘
530,09:56:27,20.73,149321,72,卖盘
531,09:56:30,20.72,219673,106,卖盘
532,09:56:33,20.71,107752,52,卖盘
533,09:56:36,20.71,265067,128,卖盘
534,09:56:39,20.71,82840,40,买盘
535,09:56:42,20.71,532012,257,买盘
536,09:56:45,20.7,411936,199,卖盘
537,09:56:48,20.69,107605,52,卖盘
538,09:56:51,20.69,130337,63,买盘
539,09:56:54,20.68,316406,153,卖盘
540,09:56:57,20.69,215175,104,买盘
541,09:57:00,20.69,345525,167,卖盘
542,09:57:03,20.69,179991,87,买盘
543,09:57:06,20.69,473745,229,买盘
544,09:57:09,20.69,411760,199,买盘
545,09:57:12,20.71,627182,303,买盘
546,09:57:15,20.73,205088,99,买盘
547,09:57:18,20.73,1534359,740,买盘
548,09:57:21,20.75,109975,53,买盘
549,09:57:24,20.76,230333,111,买盘
550,09:57:27,20.76,43594,21,买盘
551,09:57:30,20.78,253408,122,买盘
552,09:57:33,20.78,430085,207,买盘
553,09:57:36,20.77,436254,210,卖盘
554,09:57:39,20.78,589970,284,买盘
555,09:57:42,20.79,866444,417,买盘
556,09:57:45,20.8,2216517,1066,买盘
557,09:57:48,20.8,382541,184,卖盘
558,09:57:51,20.8,411884,198,卖盘
559,09:57:54,20.8,582369,280,买盘
560,09:57:57,20.8,1230271,592,买盘
561,09:58:00,20.8,1786249,859,买盘
562,09:58:03,20.81,594835,286,买盘
563,09:58:06,20.8,1186005,570,卖盘
564,09:58:09,20.83,1337274,642,买盘
565,09:58:12,20.81,355829,171,卖盘
566,09:58:15,20.83,360176,173,买盘
567,09:58:18,20.82,786905,378,中性盘
568,09:58:21,20.82,247757,119,卖盘
569,09:58:24,20.8,1302573,626,卖盘
570,09:58:27,20.8,442909,213,卖盘
571,09:58:30,20.8,288999,139,买盘
572,09:58:33,20.76,139239,67,卖盘
573,09:58:36,20.77,496458,239,买盘
574,09:58:39,20.75,78886,38,卖盘
575,09:58:42,20.76,101709,49,买盘
576,09:58:45,20.77,361239,174,买盘
577,09:58:48,20.77,49830,24,买盘
578,09:58:51,20.76,386351,186,卖盘
579,09:58:54,20.76,168183,81,卖盘
580,09:58:57,20.76,434006,209,卖盘
581,09:59:00,20.76,315570,152,卖盘
582,09:59:03,20.76,463023,223,卖盘
583,09:59:06,20.75,907146,437,卖盘
584,09:59:09,20.74,109955,53,卖盘
585,09:59:12,20.71,482829,233,卖盘
586,09:59:15,20.69,525735,254,卖盘
587,09:59:18,20.68,612389,296,卖盘
588,09:59:21,20.68,1243876,602,卖盘
589,09:59:24,20.68,409244,198,买盘
590,09:59:27,20.64,313984,152,卖盘
591,09:59:30,20.63,642185,311,卖盘
592,09:59:33,20.63,344587,167,卖盘
593,09:59:36,20.63,362986,176,买盘
594,09:59:39,20.63,1191787,578,买盘
595,09:59:42,20.63,1060348,514,卖盘
596,09:59:45,20.63,548603,266,买盘
597,09:59:48,20.63,592078,287,买盘
598,09:59:51,20.63,290971,141,卖盘
599,09:59:54,20.65,125901,61,买盘
600,09:59:57,20.67,513858,249,买盘
601,10:00:00,20.66,26847,13,中性盘
602,10:00:03,20.65,128100,62,卖盘
603,10:00:06,20.67,345044,167,买盘
604,10:00:09,20.7,748448,362,买盘
605,10:00:12,20.7,66244,32,卖盘
606,10:00:15,20.7,511327,247,卖盘
607,10:00:18,20.67,378907,183,卖盘
608,10:00:21,20.67,151106,73,卖盘
609,10:00:24,20.67,799645,387,卖盘
610,10:00:27,20.66,452547,219,卖盘
611,10:00:30,20.67,276897,134,买盘
612,10:00:33,20.67,591091,286,买盘
613,10:00:36,20.67,1369633,663,买盘
614,10:00:39,20.67,126091,61,买盘
615,10:00:42,20.68,262539,127,买盘
616,10:00:45,20.7,301876,146,买盘
617,10:00:48,20.7,500529,242,买盘
618,10:00:51,20.71,410187,198,买盘
619,10:00:54,20.75,497865,240,买盘
620,10:00:57,20.75,155647,75,卖盘
621,10:01:00,20.77,151605,73,买盘
622,10:01:03,20.75,639528,308,卖盘
623,10:01:06,20.75,346666,167,卖盘
624,10:01:09,20.74,446119,215,卖盘
625,10:01:12,20.72,304977,147,中性盘
626,10:01:15,20.73,51812,25,中性盘
627,10:01:18,20.72,329643,159,中性盘
628,10:01:21,20.72,153308,74,买盘
629,10:01:24,20.72,198899,96,卖盘
630,10:01:27,20.74,613539,296,买盘
631,10:01:30,20.73,1826338,882,卖盘
632,10:01:33,20.72,78756,38,卖盘
633,10:01:36,20.72,192687,93,卖盘
634,10:01:39,20.7,432866,209,卖盘
635,10:01:42,20.7,89045,43,卖盘
636,10:01:45,20.7,233914,113,卖盘
637,10:01:48,20.7,182128,88,买盘
638,10:01:51,20.69,275220,133,卖盘
639,10:01:54,20.7,146909,71,买盘
640,10:01:57,20.68,926446,448,卖盘
641,10:02:00,20.68,128210,62,买盘
642,10:02:03,20.68,200549,97,买盘
643,10:02:06,20.68,250181,121,买盘
644,10:02:09,20.67,1916249,926,卖盘
645,10:02:12,20.67,370196,179,卖盘
646,10:02:15,20.69,173649,84,中性盘
647,10:02:18,20.71,236630,114,买盘
648,10:02:21,20.71,70411,34,买盘
649,10:02:24,20.71,188444,91,买盘
650,10:02:27,20.72,107714,52,买盘
651,10:02:30,20.73,391751,189,买盘
652,10:02:33,20.74,584488,282,买盘
653,10:02:36,20.75,400251,193,买盘
654,10:02:39,20.75,197112,95,买盘
655,10:02:42,20.78,404776,195,买盘
656,10:02:45,20.78,147438,71,买盘
657,10:02:48,20.78,232720,112,买盘
658,10:02:51,20.78,180777,87,买盘
659,10:02:54,20.77,1891451,911,中性盘
660,10:02:57,20.76,199289,96,中性盘
661,10:03:00,20.76,220020,106,买盘
662,10:03:03,20.75,109979,53,中性盘
663,10:03:06,20.73,276004,133,卖盘
664,10:03:09,20.72,530495,256,卖盘
665,10:03:12,20.71,857063,414,卖盘
666,10:03:15,20.73,188563,91,买盘
667,10:03:18,20.7,209062,101,卖盘
668,10:03:21,20.7,136615,66,买盘
669,10:03:24,20.7,204921,99,买盘
670,10:03:27,20.7,426340,206,买盘
671,10:03:30,20.7,256628,124,买盘
672,10:03:33,20.69,1361651,658,卖盘
673,10:03:36,20.7,190489,92,卖盘
674,10:03:39,20.7,629780,304,卖盘
675,10:03:42,20.73,449388,217,买盘
676,10:03:45,20.74,1380517,666,买盘
677,10:03:48,20.76,595279,287,买盘
678,10:03:51,20.77,215978,104,买盘
679,10:03:54,20.77,386422,186,买盘
680,10:03:57,20.77,496768,239,卖盘
681,10:04:00,20.79,515401,248,买盘
682,10:04:03,20.8,1276540,614,买盘
683,10:04:06,20.8,1457789,701,买盘
684,10:04:09,20.8,1266706,609,买盘
685,10:04:12,20.81,1360559,654,买盘
686,10:04:15,20.85,6012045,2881,买盘
687,10:04:18,20.86,865609,415,中性盘
688,10:04:21,20.86,1283983,615,卖盘
689,10:04:24,20.82,2883871,1384,卖盘
690,10:04:27,20.8,2609074,1253,卖盘
691,10:04:30,20.82,867741,417,买盘
692,10:04:33,20.81,1291965,621,卖盘
693,10:04:36,20.8,1822528,876,卖盘
694,10:04:39,20.79,893423,430,中性盘
695,10:04:42,20.77,806180,388,中性盘
696,10:04:45,20.75,637862,307,卖盘
697,10:04:48,20.74,433667,209,卖盘
698,10:04:51,20.74,188768,91,卖盘
699,10:04:54,20.74,346473,167,卖盘
700,10:04:57,20.74,184596,89,买盘
701,10:05:00,20.75,483198,233,买盘
702,10:05:03,20.75,193095,93,卖盘
703,10:05:06,20.76,411012,198,买盘
704,10:05:09,20.75,761679,367,卖盘
705,10:05:12,20.76,948767,457,中性盘
706,10:05:15,20.77,2030655,979,买盘
707,10:05:18,20.74,997229,481,卖盘
708,10:05:21,20.74,905839,437,买盘
709,10:05:24,20.73,178259,86,中性盘
710,10:05:27,20.71,321219,155,卖盘
711,10:05:30,20.7,1561393,754,卖盘
712,10:05:33,20.7,751457,363,买盘
713,10:05:36,20.72,474136,229,买盘
714,10:05:39,20.71,184321,89,中性盘
715,10:05:42,20.72,254777,123,买盘
716,10:05:45,20.71,648333,313,卖盘
717,10:05:48,20.71,99417,48,中性盘
718,10:05:51,20.71,300229,145,买盘
719,10:05:54,20.7,219483,106,卖盘
720,10:05:57,20.71,501146,242,买盘
721,10:06:00,20.71,4671126,2258,卖盘
722,10:06:03,20.68,802343,388,中性盘
723,10:06:06,20.66,210935,102,中性盘
724,10:06:09,20.68,126132,61,买盘
725,10:06:12,20.67,529062,256,中性盘
726,10:06:15,20.68,258544,125,卖盘
727,10:06:18,20.68,1214620,587,卖盘
728,10:06:21,20.68,179884,87,买盘
729,10:06:24,20.68,248143,120,买盘
730,10:06:27,20.68,543717,263,买盘
731,10:06:30,20.68,376245,182,买盘
732,10:06:33,20.68,66176,32,卖盘
733,10:06:36,20.66,2840041,1373,卖盘
734,10:06:39,20.66,337043,163,卖盘
735,10:06:42,20.67,413441,200,卖盘
736,10:06:45,20.69,521082,252,买盘
737,10:06:48,20.67,672090,325,卖盘
738,10:06:51,20.67,326585,158,买盘
739,10:06:54,20.67,518852,251,买盘
740,10:06:57,20.67,587030,284,卖盘
741,10:07:00,20.67,512684,248,卖盘
742,10:07:03,20.68,523040,253,中性盘
743,10:07:06,20.69,105488,51,买盘
744,10:07:09,20.69,845932,409,买盘
745,10:07:12,20.69,388962,188,买盘
746,10:07:15,20.69,1176928,569,买盘
747,10:07:18,20.69,448934,217,买盘
748,10:07:21,20.7,138660,67,买盘
749,10:07:24,20.7,1227042,593,买盘
750,10:07:27,20.7,281524,136,买盘
751,10:07:30,20.7,256730,124,卖盘
752,10:07:33,20.68,2019061,976,卖盘
753,10:07:36,20.67,3237318,1567,卖盘
754,10:07:39,20.67,518501,251,买盘
755,10:07:42,20.68,537129,260,买盘
756,10:07:45,20.67,289383,140,卖盘
757,10:07:48,20.67,314239,152,卖盘
758,10:07:51,20.67,785589,380,卖盘
759,10:07:54,20.67,254270,123,卖盘
760,10:07:57,20.63,2368160,1147,卖盘
761,10:08:00,20.63,454025,220,买盘
762,10:08:03,20.62,447466,217,卖盘
763,10:08:06,20.61,1242942,603,卖盘
764,10:08:09,20.61,964561,468,卖盘
765,10:08:12,20.61,492576,239,买盘
766,10:08:15,20.61,257672,125,卖盘
767,10:08:18,20.62,531828,258,买盘
768,10:08:21,20.62,125775,61,卖盘
769,10:08:24,20.62,707237,343,卖盘
770,10:08:27,20.62,1032768,501,买盘
771,10:08:30,20.62,2833399,1375,卖盘
772,10:08:33,20.62,814638,395,卖盘
773,10:08:36,20.62,920787,446,买盘
774,10:08:39,20.61,1502535,729,卖盘
775,10:08:42,20.61,531698,258,买盘
776,10:08:45,20.6,1495630,726,卖盘
777,10:08:48,20.6,481977,234,买盘
778,10:08:51,20.59,502551,244,卖盘
779,10:08:54,20.6,547815,266,买盘
780,10:08:57,20.6,290372,141,买盘
781,10:09:00,20.59,745637,362,卖盘
782,10:09:03,20.59,696091,338,卖盘
783,10:09:06,20.6,665154,323,买盘
784,10:09:09,20.6,364696,177,买盘
785,10:09:12,20.6,943304,458,卖盘
786,10:09:15,20.6,461704,224,卖盘
787,10:09:18,20.64,352336,171,买盘
788,10:09:21,20.63,515881,250,中性盘
789,10:09:24,20.63,952704,462,买盘
790,10:09:27,20.64,587934,285,买盘
791,10:09:30,20.61,1654932,803,卖盘
792,10:09:33,20.61,321516,156,买盘
793,10:09:36,20.61,863395,419,买盘
794,10:09:39,20.6,5399279,2622,卖盘
795,10:09:42,20.6,1532558,744,买盘
796,10:09:45,20.59,553877,269,卖盘
797,10:09:48,20.59,891400,433,买盘
798,10:09:51,20.58,551633,268,卖盘
799,10:09:54,20.58,399396,194,卖盘
800,10:09:57,20.6,341841,166,买盘
801,10:10:00,20.6,793045,385,买盘
802,10:10:03,20.6,366709,178,卖盘
803,10:10:06,20.6,690147,335,卖盘
804,10:10:09,20.61,430518,209,买盘
805,10:10:12,20.61,306984,149,买盘
806,10:10:15,20.62,465762,226,买盘
807,10:10:18,20.62,263797,128,买盘
808,10:10:21,20.62,294817,143,买盘
809,10:10:24,20.61,725740,352,卖盘
810,10:10:27,20.62,1294850,628,买盘
811,10:10:30,20.62,818621,397,买盘
812,10:10:33,20.64,183554,89,买盘
813,10:10:36,20.65,97042,47,买盘
814,10:10:39,20.65,237448,115,买盘
815,10:10:42,20.65,293263,142,卖盘
816,10:10:45,20.67,179760,87,买盘
817,10:10:48,20.67,126081,61,买盘
818,10:10:51,20.66,111618,54,卖盘
819,10:10:54,20.62,2903119,1406,卖盘
820,10:10:57,20.64,165158,80,中性盘
821,10:11:00,20.64,132192,64,买盘
822,10:11:03,20.66,324665,157,买盘
823,10:11:06,20.66,188010,91,卖盘
824,10:11:09,20.64,782282,379,卖盘
825,10:11:12,20.63,489362,237,卖盘
826,10:11:15,20.63,780451,378,买盘
827,10:11:18,20.64,395982,192,买盘
828,10:11:21,20.64,336363,163,买盘
829,10:11:24,20.65,101160,49,买盘
830,10:11:27,20.64,208486,101,卖盘
831,10:11:30,20.64,505814,245,卖盘
832,10:11:33,20.64,588312,285,卖盘
833,10:11:36,20.64,499594,242,卖盘
834,10:11:39,20.64,103219,50,卖盘
835,10:11:42,20.64,383925,186,卖盘
836,10:11:45,20.64,134184,65,卖盘
837,10:11:48,20.65,443846,215,买盘
838,10:11:51,20.64,520152,252,卖盘
839,10:11:54,20.64,212580,103,卖盘
840,10:11:57,20.64,80488,39,买盘
841,10:12:00,20.62,841316,408,卖盘
842,10:12:03,20.59,3595681,1746,卖盘
843,10:12:06,20.6,681759,331,买盘
844,10:12:09,20.59,418173,203,卖盘
845,10:12:12,20.6,144194,70,买盘
846,10:12:15,20.59,533147,259,卖盘
847,10:12:18,20.59,445105,216,买盘
848,10:12:21,20.59,664847,323,买盘
849,10:12:24,20.59,1193721,580,中性盘
850,10:12:27,20.59,212060,103,买盘
851,10:12:30,20.59,1241153,603,卖盘
852,10:12:33,20.59,312927,152,买盘
853,10:12:36,20.59,267605,130,买盘
854,10:12:39,20.59,533833,259,买盘
855,10:12:42,20.59,222237,108,买盘
856,10:12:45,20.59,709919,345,买盘
857,10:12:48,20.58,108409,53,中性盘
858,10:12:51,20.55,2652589,1290,卖盘
859,10:12:54,20.54,158213,77,卖盘
860,10:12:57,20.54,644965,314,卖盘
861,10:13:00,20.53,449600,219,卖盘
862,10:13:03,20.52,467997,228,卖盘
863,10:13:06,20.52,1729413,843,卖盘
864,10:13:09,20.52,951956,464,买盘
865,10:13:12,20.51,822821,401,卖盘
866,10:13:15,20.52,4774622,2328,买盘
867,10:13:18,20.56,1429651,696,买盘
868,10:13:21,20.56,542267,264,卖盘
869,10:13:24,20.56,1414502,688,买盘
870,10:13:27,20.56,261194,127,卖盘
871,10:13:30,20.56,380516,185,卖盘
872,10:13:33,20.57,339317,165,买盘
873,10:13:36,20.57,715587,348,买盘
874,10:13:39,20.6,1201756,584,买盘
875,10:13:42,20.6,347719,169,买盘
876,10:13:45,20.6,189457,92,买盘
877,10:13:48,20.6,449074,218,买盘
878,10:13:51,20.6,566510,275,卖盘
879,10:13:54,20.6,574873,279,卖盘
880,10:13:57,20.6,877639,426,卖盘
881,10:14:00,20.6,100921,49,买盘
882,10:14:03,20.57,913459,444,卖盘
883,10:14:06,20.59,172871,84,买盘
884,10:14:09,20.58,189302,92,卖盘
885,10:14:12,20.58,102869,50,买盘
886,10:14:15,20.57,201521,98,卖盘
887,10:14:18,20.57,176850,86,买盘
888,10:14:21,20.57,185078,90,买盘
889,10:14:24,20.56,345419,168,卖盘
890,10:14:27,20.56,115099,56,买盘
891,10:14:30,20.55,275382,134,卖盘
892,10:14:33,20.54,195141,95,卖盘
893,10:14:36,20.53,359326,175,卖盘
894,10:14:39,20.53,780363,380,买盘
895,10:14:42,20.52,357116,174,卖盘
896,10:14:45,20.53,180582,88,中性盘
897,10:14:48,20.52,1427678,696,买盘
898,10:14:51,20.5,1470701,717,卖盘
899,10:14:54,20.51,1203666,587,买盘
900,10:14:57,20.51,1133951,553,买盘
901,10:15:00,20.51,1117439,545,买盘
902,10:15:03,20.51,321995,157,买盘
903,10:15:06,20.51,4178008,2038,买盘
904,10:15:09,20.51,508735,248,卖盘
905,10:15:12,20.52,4096179,1998,买盘
906,10:15:15,20.5,264542,129,买盘
907,10:15:18,20.52,1907561,930,买盘
908,10:15:21,20.51,569319,278,卖盘
909,10:15:24,20.51,810228,395,卖盘
910,10:15:27,20.51,557915,272,卖盘
911,10:15:30,20.52,463685,226,卖盘
912,10:15:33,20.52,490528,239,卖盘
913,10:15:36,20.53,429081,209,买盘
914,10:15:39,20.55,464065,226,买盘
915,10:15:42,20.53,287438,140,卖盘
916,10:15:45,20.55,170485,83,买盘
917,10:15:48,20.55,115090,56,卖盘
918,10:15:51,20.55,125376,61,卖盘
919,10:15:54,20.55,731475,356,买盘
920,10:15:57,20.55,213676,104,买盘
921,10:16:00,20.54,160157,78,中性盘
922,10:16:03,20.54,129404,63,买盘
923,10:16:06,20.53,1429693,696,卖盘
924,10:16:09,20.52,217568,106,卖盘
925,10:16:12,20.53,213446,104,买盘
926,10:16:15,20.53,147818,72,买盘
927,10:16:18,20.53,712164,347,卖盘
928,10:16:21,20.53,572836,279,卖盘
929,10:16:24,20.54,599574,292,买盘
930,10:16:27,20.55,435340,212,买盘
931,10:16:30,20.53,203333,99,卖盘
932,10:16:33,20.53,418866,204,卖盘
933,10:16:36,20.53,439383,214,卖盘
934,10:16:39,20.54,381959,186,买盘
935,10:16:42,20.54,236149,115,买盘
936,10:16:45,20.54,322367,157,卖盘
937,10:16:48,20.55,69838,34,买盘
938,10:16:51,20.54,727190,354,卖盘
939,10:16:54,20.54,571082,278,卖盘
940,10:16:57,20.52,1572656,766,卖盘
941,10:17:00,20.53,131386,64,买盘
942,10:17:03,20.53,178566,87,买盘
943,10:17:06,20.52,381733,186,卖盘
944,10:17:09,20.52,1277999,623,卖盘
945,10:17:12,20.51,1097386,535,卖盘
946,10:17:15,20.52,1145116,558,买盘
947,10:17:18,20.52,100554,49,卖盘
948,10:17:21,20.52,248285,121,卖盘
949,10:17:24,20.52,80018,39,买盘
950,10:17:27,20.51,592811,289,卖盘
951,10:17:30,20.52,713947,348,买盘
952,10:17:33,20.51,326156,159,卖盘
953,10:17:36,20.51,955717,466,卖盘
954,10:17:39,20.5,625298,305,卖盘
955,10:17:42,20.5,1014906,495,卖盘
956,10:17:45,20.5,735964,359,卖盘
957,10:17:48,20.5,975814,476,卖盘
958,10:17:51,20.5,865111,422,卖盘
959,10:17:54,20.51,604795,295,买盘
960,10:17:57,20.5,3126251,1525,卖盘
961,10:18:00,20.5,381335,186,卖盘
962,10:18:03,20.49,489780,239,卖盘
963,10:18:06,20.48,1439570,703,卖盘
964,10:18:09,20.47,224290,110,卖盘
965,10:18:12,20.47,507597,248,卖盘
966,10:18:15,20.46,309033,151,卖盘
967,10:18:18,20.48,6095481,2975,买盘
968,10:18:21,20.53,1199207,585,买盘
969,10:18:24,20.48,5572308,2720,卖盘
970,10:18:27,20.5,639100,312,买盘
971,10:18:30,20.5,479782,234,卖盘
972,10:18:33,20.5,254264,124,买盘
973,10:18:36,20.5,245953,120,卖盘
974,10:18:39,20.49,143464,70,卖盘
975,10:18:42,20.5,588192,287,买盘
976,10:18:45,20.5,3099121,1513,买盘
977,10:18:48,20.49,254054,124,中性盘
978,10:18:51,20.48,428049,209,卖盘
979,10:18:54,20.48,895022,437,买盘
980,10:18:57,20.48,522262,255,卖盘
981,10:19:00,20.48,766011,374,卖盘
982,10:19:03,20.49,401569,196,中性盘
983,10:19:06,20.5,360615,176,买盘
984,10:19:09,20.48,321778,157,卖盘
985,10:19:12,20.5,495967,242,买盘
986,10:19:15,20.5,190607,93,买盘
987,10:19:18,20.49,936419,457,卖盘
988,10:19:21,20.5,170102,83,买盘
989,10:19:24,20.5,916182,447,买盘
990,10:19:27,20.49,211055,103,卖盘
991,10:19:30,20.49,469321,229,买盘
992,10:19:33,20.49,272477,133,买盘
993,10:19:36,20.49,331907,162,买盘
994,10:19:39,20.49,600235,293,卖盘
995,10:19:42,20.49,243834,119,卖盘
996,10:19:45,20.49,381161,186,卖盘
997,10:19:48,20.45,6325913,3091,卖盘
998,10:19:51,20.48,71653,35,买盘
999,10:19:54,20.44,6288027,3081,卖盘
1000,10:19:57,20.4,610635,299,卖盘
1001,10:20:00,20.45,506207,248,买盘
1002,10:20:03,20.41,279695,137,卖盘
1003,10:20:06,20.44,524748,257,买盘
1004,10:20:09,20.44,1013465,496,买盘
1005,10:20:12,20.41,1082917,530,卖盘
1006,10:20:15,20.42,539457,264,卖盘
1007,10:20:18,20.44,202232,99,买盘
1008,10:20:21,20.44,571963,280,买盘
1009,10:20:24,20.42,702971,344,卖盘
1010,10:20:27,20.44,813788,398,中性盘
1011,10:20:30,20.44,363888,178,卖盘
1012,10:20:33,20.44,367987,180,买盘
1013,10:20:36,20.44,460005,225,买盘
1014,10:20:39,20.44,263670,129,中性盘
1015,10:20:42,20.44,408843,200,卖盘
1016,10:20:45,20.44,347672,170,卖盘
1017,10:20:48,20.45,635816,311,卖盘
1018,10:20:51,20.46,376411,184,买盘
1019,10:20:54,20.45,225055,110,卖盘
1020,10:20:57,20.45,711666,348,卖盘
1021,10:21:00,20.44,1050730,514,卖盘
1022,10:21:03,20.45,746244,365,买盘
1023,10:21:06,20.46,122708,60,买盘
1024,10:21:09,20.46,513399,251,买盘
1025,10:21:12,20.46,411197,201,买盘
1026,10:21:15,20.46,286509,140,卖盘
1027,10:21:18,20.46,374568,183,卖盘
1028,10:21:21,20.47,1168601,571,买盘
1029,10:21:24,20.47,262017,128,卖盘
1030,10:21:27,20.47,444265,217,卖盘
1031,10:21:30,20.48,288734,141,买盘
1032,10:21:33,20.48,579341,283,买盘
1033,10:21:36,20.48,630665,308,买盘
1034,10:21:39,20.48,65528,32,中性盘
1035,10:21:42,20.47,315357,154,卖盘
1036,10:21:45,20.47,1195505,584,卖盘
1037,10:21:48,20.46,1125699,550,卖盘
1038,10:21:51,20.46,435804,213,卖盘
1039,10:21:54,20.45,259821,127,卖盘
1040,10:21:57,20.45,515386,252,卖盘
1041,10:22:00,20.46,298593,146,买盘
1042,10:22:03,20.44,764627,374,卖盘
1043,10:22:06,20.46,286294,140,买盘
1044,10:22:09,20.45,228986,112,中性盘
1045,10:22:12,20.45,458044,224,卖盘
1046,10:22:15,20.45,660748,323,卖盘
1047,10:22:18,20.45,276087,135,卖盘
1048,10:22:21,20.45,239265,117,买盘
1049,10:22:24,20.44,786954,385,卖盘
1050,10:22:27,20.44,224820,110,买盘
1051,10:22:30,20.44,357612,175,买盘
1052,10:22:33,20.44,488455,239,买盘
1053,10:22:36,20.43,298336,146,卖盘
1054,10:22:39,20.43,1119599,548,卖盘
1055,10:22:42,20.43,457457,224,买盘
1056,10:22:45,20.43,637301,312,买盘
1057,10:22:48,20.43,659802,323,买盘
1058,10:22:51,20.43,649510,318,买盘
1059,10:22:54,20.42,1307031,640,卖盘
1060,10:22:57,20.42,263442,129,卖盘
1061,10:23:00,20.42,634882,311,买盘
1062,10:23:03,20.42,345053,169,买盘
1063,10:23:06,20.42,359362,176,买盘
1064,10:23:09,20.49,3144798,1538,买盘
1065,10:23:12,20.47,1155906,564,卖盘
1066,10:23:15,20.47,137187,67,卖盘
1067,10:23:18,20.5,413686,202,中性盘
1068,10:23:21,20.48,283017,138,卖盘
1069,10:23:24,20.48,381614,186,卖盘
1070,10:23:27,20.52,194836,95,买盘
1071,10:23:30,20.5,260561,127,卖盘
1072,10:23:33,20.52,43068,21,买盘
1073,10:23:36,20.52,100537,49,买盘
1074,10:23:39,20.51,728267,355,卖盘
1075,10:23:42,20.51,180542,88,卖盘
1076,10:23:45,20.51,889835,434,买盘
1077,10:23:48,20.49,795327,388,卖盘
1078,10:23:51,20.49,291021,142,卖盘
1079,10:23:54,20.51,301374,147,买盘
1080,10:23:57,20.5,53291,26,中性盘
1081,10:24:00,20.51,38964,19,买盘
1082,10:24:03,20.5,645732,315,卖盘
1083,10:24:06,20.5,272610,133,中性盘
1084,10:24:09,20.49,272603,133,卖盘
1085,10:24:12,20.49,153766,75,卖盘
1086,10:24:15,20.49,213231,104,卖盘
1087,10:24:18,20.5,125020,61,买盘
1088,10:24:21,20.5,122948,60,买盘
1089,10:24:24,20.5,221372,108,买盘
1090,10:24:27,20.5,63550,31,卖盘
1091,10:24:30,20.5,137350,67,卖盘
1092,10:24:33,20.5,131228,64,卖盘
1093,10:24:36,20.51,403884,197,买盘
1094,10:24:39,20.51,96397,47,卖盘
1095,10:24:42,20.51,45133,22,卖盘
1096,10:24:45,20.51,77947,38,卖盘
1097,10:24:48,20.51,894168,436,卖盘
1098,10:24:51,20.5,432690,211,卖盘
1099,10:24:54,20.5,51244,25,买盘
1100,10:24:57,20.5,49199,24,买盘
1101,10:25:00,20.49,221350,108,卖盘
1102,10:25:03,20.49,151659,74,卖盘
1103,10:25:06,20.5,129118,63,买盘
1104,10:25:09,20.5,821901,401,买盘
1105,10:25:12,20.5,137381,67,卖盘
1106,10:25:15,20.5,67652,33,卖盘
1107,10:25:18,20.5,260402,127,卖盘
1108,10:25:21,20.5,539233,263,卖盘
1109,10:25:24,20.5,243975,119,卖盘
1110,10:25:27,20.49,22546,11,卖盘
1111,10:25:30,20.48,995481,486,卖盘
1112,10:25:33,20.47,405352,198,卖盘
1113,10:25:36,20.46,796049,389,卖盘
1114,10:25:39,20.45,34779,17,卖盘
1115,10:25:42,20.44,576637,282,卖盘
1116,10:25:45,20.44,496835,243,卖盘
1117,10:25:48,20.44,128760,63,卖盘
1118,10:25:51,20.44,672565,329,卖盘
1119,10:25:54,20.44,118552,58,卖盘
1120,10:25:57,20.44,169642,83,买盘
1121,10:26:00,20.45,412853,202,买盘
1122,10:26:03,20.44,384329,188,卖盘
1123,10:26:06,20.42,1442803,706,卖盘
1124,10:26:09,20.46,2583116,1263,买盘
1125,10:26:12,20.48,225237,110,买盘
1126,10:26:15,20.49,90145,44,买盘
1127,10:26:18,20.48,194575,95,卖盘
1128,10:26:21,20.48,55296,27,买盘
1129,10:26:24,20.48,530505,259,买盘
1130,10:26:27,20.45,253813,124,卖盘
1131,10:26:30,20.49,83982,41,买盘
1132,10:26:33,20.47,122808,60,卖盘
1133,10:26:36,20.48,116699,57,买盘
1134,10:26:39,20.46,327369,160,卖盘
1135,10:26:42,20.45,157539,77,卖盘
1136,10:26:45,20.45,198411,97,卖盘
1137,10:26:48,20.46,474516,232,中性盘
1138,10:26:51,20.45,116600,57,卖盘
1139,10:26:54,20.48,413196,202,买盘
1140,10:26:57,20.48,920330,450,买盘
1141,10:27:00,20.45,282300,138,卖盘
1142,10:27:03,20.45,212688,104,买盘
1143,10:27:06,20.45,120691,59,卖盘
1144,10:27:09,20.45,525603,257,卖盘
1145,10:27:12,20.46,18421,9,中性盘
1146,10:27:15,20.45,589123,288,卖盘
1147,10:27:18,20.45,229025,112,买盘
1148,10:27:21,20.45,261773,128,卖盘
1149,10:27:24,20.44,1085516,531,卖盘
1150,10:27:27,20.44,186072,91,卖盘
1151,10:27:30,20.44,181956,89,卖盘
1152,10:27:33,20.44,120627,59,卖盘
1153,10:27:36,20.44,498809,244,卖盘
1154,10:27:39,20.46,284131,139,买盘
1155,10:27:42,20.45,100192,49,中性盘
1156,10:27:45,20.45,71555,35,买盘
1157,10:27:48,20.44,263724,129,卖盘
1158,10:27:51,20.44,218743,107,卖盘
1159,10:27:54,20.43,478388,234,卖盘
1160,10:27:57,20.44,188018,92,买盘
1161,10:28:00,20.43,580220,284,卖盘
1162,10:28:03,20.42,171606,84,卖盘
1163,10:28:06,20.43,271707,133,买盘
1164,10:28:09,20.42,85775,42,卖盘
1165,10:28:12,20.43,698469,342,买盘
1166,10:28:15,20.43,1017422,498,买盘
1167,10:28:18,20.43,696527,341,卖盘
1168,10:28:21,20.43,904918,443,卖盘
1169,10:28:24,20.45,1058098,518,买盘
1170,10:28:27,20.45,77699,38,卖盘
1171,10:28:30,20.46,237220,116,买盘
1172,10:28:33,20.45,382518,187,卖盘
1173,10:28:36,20.46,79760,39,买盘
1174,10:28:39,20.46,353822,173,买盘
1175,10:28:42,20.46,182056,89,买盘
1176,10:28:45,20.46,507363,248,买盘
1177,10:28:48,20.46,184129,90,买盘
1178,10:28:51,20.47,30691,15,买盘
1179,10:28:54,20.46,61390,30,卖盘
1180,10:28:57,20.46,311034,152,卖盘
1181,10:29:00,20.47,438018,214,买盘
1182,10:29:03,20.47,92091,45,卖盘
1183,10:29:06,20.48,307046,150,买盘
1184,10:29:09,20.47,98282,48,卖盘
1185,10:29:12,20.47,259933,127,买盘
1186,10:29:15,20.46,180111,88,卖盘
1187,10:29:18,20.46,450270,220,卖盘
1188,10:29:21,20.46,159627,78,卖盘
1189,10:29:24,20.46,141190,69,卖盘
1190,10:29:27,20.46,380556,186,卖盘
1191,10:29:30,20.45,458439,224,卖盘
1192,10:29:33,20.45,341585,167,卖盘
1193,10:29:36,20.45,241403,118,卖盘
1194,10:29:39,20.46,278197,136,买盘
1195,10:29:42,20.46,298661,146,买盘
1196,10:29:45,20.45,179990,88,卖盘
1197,10:29:48,20.45,284305,139,卖盘
1198,10:29:51,20.45,315003,154,卖盘
1199,10:29:54,20.46,300678,147,买盘
1200,10:29:57,20.46,167704,82,卖盘
1201,10:30:00,20.47,963857,471,买盘
1202,10:30:03,20.46,603496,295,卖盘
1203,10:30:06,20.45,378562,185,卖盘
1204,10:30:09,20.46,165726,81,买盘
1205,10:30:12,20.46,188187,92,买盘
1206,10:30:15,20.46,280269,137,买盘
1207,10:30:18,20.46,188274,92,卖盘
1208,10:30:21,20.47,130964,64,买盘
1209,10:30:24,20.47,196422,96,买盘
1210,10:30:27,20.47,159652,78,买盘
1211,10:30:30,20.48,872448,426,买盘
1212,10:30:33,20.48,100354,49,卖盘
1213,10:30:36,20.5,1283132,626,买盘
1214,10:30:39,20.51,170158,83,买盘
1215,10:30:42,20.5,379363,185,卖盘
1216,10:30:45,20.49,284879,139,卖盘
1217,10:30:48,20.5,118844,58,买盘
1218,10:30:51,20.48,65560,32,卖盘
1219,10:30:54,20.49,202872,99,买盘
1220,10:30:57,20.5,688788,336,买盘
1221,10:31:00,20.51,219394,107,买盘
1222,10:31:03,20.53,2606004,1268,买盘
1223,10:31:06,20.55,45243,22,中性盘
1224,10:31:09,20.55,90460,44,卖盘
1225,10:31:12,20.6,251290,122,买盘
1226,10:31:15,20.6,247077,120,买盘
1227,10:31:18,20.59,142035,69,中性盘
1228,10:31:21,20.59,156453,76,买盘
1229,10:31:24,20.58,150278,73,中性盘
1230,10:31:27,20.55,197458,96,卖盘
1231,10:31:30,20.58,419643,204,买盘
1232,10:31:33,20.58,94601,46,买盘
1233,10:31:36,20.57,170732,83,卖盘
1234,10:31:39,20.57,111057,54,买盘
1235,10:31:42,20.57,197452,96,买盘
1236,10:31:45,20.57,123402,60,买盘
1237,10:31:48,20.57,168699,82,卖盘
1238,10:31:51,20.57,135804,66,卖盘
1239,10:31:54,20.57,156282,76,买盘
1240,10:31:57,20.57,699465,340,卖盘
1241,10:32:00,20.57,111079,54,卖盘
1242,10:32:03,20.57,466839,227,买盘
1243,10:32:06,20.56,275590,134,卖盘
1244,10:32:09,20.56,146011,71,卖盘
1245,10:32:12,20.56,351588,171,卖盘
1246,10:32:15,20.56,474942,231,卖盘
1247,10:32:18,20.55,450195,219,卖盘
1248,10:32:21,20.54,131487,64,卖盘
1249,10:32:24,20.53,41067,20,卖盘
1250,10:32:27,20.53,96526,47,卖盘
1251,10:32:30,20.53,28742,14,买盘
1252,10:32:33,20.52,601050,293,卖盘
1253,10:32:36,20.53,441429,215,买盘
1254,10:32:39,20.52,235995,115,卖盘
1255,10:32:42,20.52,133426,65,卖盘
1256,10:32:45,20.53,26680,13,买盘
1257,10:32:48,20.52,135432,66,卖盘
1258,10:32:51,20.53,30784,15,买盘
1259,10:32:54,20.53,102650,50,买盘
1260,10:32:57,20.53,260731,127,卖盘
1261,10:33:00,20.53,486885,237,卖盘
1262,10:33:03,20.53,445837,217,卖盘
1263,10:33:06,20.54,527683,257,买盘
1264,10:33:09,20.54,119131,58,卖盘
1265,10:33:12,20.53,53382,26,卖盘
1266,10:33:15,20.53,53378,26,卖盘
1267,10:33:18,20.53,57484,28,买盘
1268,10:33:21,20.53,100596,49,买盘
1269,10:33:24,20.53,39000,19,卖盘
1270,10:33:27,20.53,106736,52,买盘
1271,10:33:30,20.52,197041,96,卖盘
1272,10:33:33,20.52,55423,27,卖盘
1273,10:33:36,20.53,22575,11,中性盘
1274,10:33:39,20.52,63602,31,卖盘
1275,10:33:42,20.52,94361,46,买盘
1276,10:33:45,20.51,116923,57,卖盘
1277,10:33:48,20.51,311799,152,卖盘
1278,10:33:51,20.51,311783,152,卖盘
1279,10:33:54,20.51,84091,41,卖盘
1280,10:33:57,20.51,43085,21,卖盘
1281,10:34:00,20.51,139476,68,卖盘
1282,10:34:03,20.51,344575,168,卖盘
1283,10:34:06,20.51,486190,237,卖盘
1284,10:34:09,20.51,49236,24,卖盘
1285,10:34:12,20.5,110724,54,卖盘
1286,10:34:15,20.5,266520,130,卖盘
1287,10:34:18,20.51,1255134,612,买盘
1288,10:34:21,20.63,2290000,1113,买盘
1289,10:34:24,20.55,367923,179,卖盘
1290,10:34:27,20.55,55551,27,卖盘
1291,10:34:30,20.62,4124,2,买盘
1292,10:34:33,20.56,45232,22,卖盘
1293,10:34:36,20.56,222234,108,卖盘
1294,10:34:39,20.61,45320,22,买盘
1295,10:34:42,20.6,55588,27,中性盘
1296,10:34:45,20.59,135822,66,中性盘
1297,10:34:48,20.6,115229,56,买盘
1298,10:34:51,20.59,133856,65,买盘
1299,10:34:54,20.59,352232,171,卖盘
1300,10:34:57,20.59,88547,43,买盘
1301,10:35:00,20.58,370351,180,卖盘
1302,10:35:03,20.59,288348,140,买盘
1303,10:35:06,20.59,352216,171,卖盘
1304,10:35:09,20.58,121432,59,卖盘
1305,10:35:12,20.59,244939,119,买盘
1306,10:35:15,20.57,170761,83,卖盘
1307,10:35:18,20.58,94643,46,买盘
1308,10:35:21,20.59,39093,19,买盘
1309,10:35:24,20.57,92600,45,卖盘
1310,10:35:27,20.57,111126,54,卖盘
1311,10:35:30,20.58,59671,29,买盘
1312,10:35:33,20.56,148112,72,卖盘
1313,10:35:36,20.56,72002,35,卖盘
1314,10:35:39,20.56,141962,69,卖盘
1315,10:35:42,20.57,90486,44,中性盘
1316,10:35:45,20.55,203558,99,卖盘
1317,10:35:48,20.58,259166,126,买盘
1318,10:35:51,20.55,8220,4,卖盘
1319,10:35:54,20.57,18503,9,买盘
1320,10:35:57,20.56,16448,8,买盘
1321,10:36:00,20.56,41120,20,卖盘
1322,10:36:03,20.57,26739,13,买盘
1323,10:36:06,20.56,45241,22,卖盘
1324,10:36:09,20.55,345357,168,卖盘
1325,10:36:12,20.56,90453,44,买盘
1326,10:36:15,20.56,1025942,499,买盘
1327,10:36:18,20.56,174759,85,卖盘
1328,10:36:21,20.56,6168,3,买盘
1329,10:36:24,20.55,534431,260,卖盘
1330,10:36:27,20.55,106860,52,买盘
1331,10:36:30,20.55,217825,106,买盘
1332,10:36:33,20.54,94484,46,卖盘
1333,10:36:36,20.54,108860,53,买盘
1334,10:36:39,20.53,22589,11,卖盘
1335,10:36:42,20.53,69815,34,卖盘
1336,10:36:45,20.53,248340,121,买盘
1337,10:36:48,20.51,157986,77,卖盘
1338,10:36:51,20.52,260682,127,买盘
1339,10:36:54,20.51,90252,44,卖盘
1340,10:36:57,20.51,215383,105,卖盘
1341,10:37:00,20.53,447316,218,买盘
1342,10:37:03,20.52,234024,114,卖盘
1343,10:37:06,20.55,641090,312,买盘
1344,10:37:09,20.56,413430,201,中性盘
1345,10:37:12,20.58,2058,1,中性盘
1346,10:37:15,20.56,16453,8,卖盘
1347,10:37:18,20.58,26753,13,中性盘
1348,10:37:21,20.57,14399,7,买盘
1349,10:37:24,20.56,71974,35,卖盘
1350,10:37:27,20.56,133647,65,卖盘
1351,10:37:30,20.56,41120,20,买盘
1352,10:37:33,20.56,69901,34,买盘
1353,10:37:36,20.55,80177,39,卖盘
1354,10:37:39,20.56,88406,43,买盘
1355,10:37:42,20.56,71954,35,卖盘
1356,10:37:45,20.55,378126,184,卖盘
1357,10:37:48,20.55,187517,91,买盘
1358,10:37:51,20.53,110947,54,卖盘
1359,10:37:54,20.53,156083,76,卖盘
1360,10:37:57,20.54,75995,37,买盘
1361,10:38:00,20.53,197112,96,卖盘
1362,10:38:03,20.53,100597,49,买盘
1363,10:38:06,20.54,322462,157,买盘
1364,10:38:09,20.53,168391,82,卖盘
1365,10:38:12,20.55,191041,93,买盘
1366,10:38:15,20.53,26693,13,卖盘
1367,10:38:18,20.53,43133,21,卖盘
1368,10:38:21,20.53,90333,44,卖盘
1369,10:38:24,20.54,178652,87,买盘
1370,10:38:27,20.53,47211,23,中性盘
1371,10:38:30,20.53,55415,27,买盘
1372,10:38:33,20.53,326366,159,买盘
1373,10:38:36,20.53,176541,86,卖盘
1374,10:38:39,20.53,22583,11,买盘
1375,10:38:42,20.52,281125,137,卖盘
1376,10:38:45,20.53,1077741,525,买盘
1377,10:38:48,20.52,219549,107,卖盘
1378,10:38:51,20.52,137499,67,卖盘
1379,10:38:54,20.53,69781,34,中性盘
1380,10:38:57,20.52,94392,46,卖盘
1381,10:39:00,20.52,98498,48,卖盘
1382,10:39:03,20.53,133400,65,买盘
1383,10:39:06,20.54,431322,210,买盘
1384,10:39:09,20.54,96538,47,卖盘
1385,10:39:12,20.54,98592,48,卖盘
1386,10:39:15,20.55,659607,321,买盘
1387,10:39:18,20.55,106326,52,买盘
1388,10:39:21,20.55,30834,15,卖盘
1389,10:39:24,20.57,503651,245,买盘
1390,10:39:27,20.58,425525,207,买盘
1391,10:39:30,20.58,652540,317,买盘
1392,10:39:33,20.59,41163,20,买盘
1393,10:39:36,20.57,193472,94,卖盘
1394,10:39:39,20.57,45258,22,卖盘
1395,10:39:42,20.58,197559,96,买盘
1396,10:39:45,20.57,619866,301,卖盘
1397,10:39:48,20.58,158533,77,卖盘
1398,10:39:51,20.57,53503,26,卖盘
1399,10:39:54,20.57,32912,16,买盘
1400,10:39:57,20.57,45256,22,买盘
1401,10:40:00,20.56,199434,97,卖盘
1402,10:40:03,20.55,102784,50,卖盘
1403,10:40:06,20.55,162349,79,卖盘
1404,10:40:09,20.55,80143,39,卖盘
1405,10:40:12,20.54,283493,138,卖盘
1406,10:40:15,20.53,98586,48,卖盘
1407,10:40:18,20.54,61600,30,买盘
1408,10:40:21,20.54,78019,38,卖盘
1409,10:40:24,20.54,14378,7,买盘
1410,10:40:27,20.53,164308,80,卖盘
1411,10:40:30,20.54,20536,10,中性盘
1412,10:40:33,20.53,154042,75,卖盘
1413,10:40:36,20.53,137636,67,卖盘
1414,10:40:39,20.54,30810,15,卖盘
1415,10:40:42,20.53,51349,25,卖盘
1416,10:40:45,20.54,32854,16,中性盘
1417,10:40:48,20.54,28745,14,买盘
1418,10:40:51,20.53,125253,61,卖盘
1419,10:40:54,20.54,78021,38,买盘
1420,10:40:57,20.54,271027,132,买盘
1421,10:41:00,20.53,75965,37,卖盘
1422,10:41:03,20.53,156079,76,买盘
1423,10:41:06,20.55,90383,44,买盘
1424,10:41:09,20.55,82126,40,买盘
1425,10:41:12,20.54,326430,159,中性盘
1426,10:41:15,20.53,71901,35,中性盘
1427,10:41:18,20.54,88300,43,买盘
1428,10:41:21,20.53,28748,14,卖盘
1429,10:41:24,20.54,92389,45,买盘
1430,10:41:27,20.53,53374,26,卖盘
1431,10:41:30,20.53,75961,37,买盘
1432,10:41:33,20.53,221788,108,买盘
1433,10:41:36,20.52,151863,74,卖盘
1434,10:41:39,20.53,114928,56,买盘
1435,10:41:42,20.53,41050,20,买盘
1436,10:41:45,20.53,106718,52,买盘
1437,10:41:48,20.52,49251,24,卖盘
1438,10:41:51,20.51,26670,13,卖盘
1439,10:41:54,20.52,16412,8,买盘
1440,10:41:57,20.51,75907,37,卖盘
1441,10:42:00,20.52,769738,375,买盘
1442,10:42:03,20.52,211394,103,卖盘
1443,10:42:06,20.52,84133,41,卖盘
1444,10:42:09,20.53,53372,26,买盘
1445,10:42:12,20.54,102660,50,买盘
1446,10:42:15,20.53,84195,41,卖盘
1447,10:42:18,20.54,57512,28,买盘
1448,10:42:21,20.55,78073,38,买盘
1449,10:42:24,20.54,361504,176,卖盘
1450,10:42:27,20.54,225943,110,买盘
1451,10:42:30,20.54,106772,52,买盘
1452,10:42:33,20.54,67752,33,买盘
1453,10:42:36,20.54,20534,10,买盘
1454,10:42:39,20.54,164261,80,买盘
1455,10:42:42,20.53,223848,109,卖盘
1456,10:42:45,20.53,275290,134,卖盘
1457,10:42:48,20.53,267093,130,卖盘
1458,10:42:51,20.56,244510,119,买盘
1459,10:42:54,20.54,193232,94,卖盘
1460,10:42:57,20.54,34920,17,卖盘
1461,10:43:00,20.56,36998,18,买盘
1462,10:43:03,20.56,61670,30,买盘
1463,10:43:06,20.55,18495,9,中性盘
1464,10:43:09,20.55,71917,35,买盘
1465,10:43:12,20.55,32876,16,买盘
1466,10:43:15,20.54,191062,93,卖盘
1467,10:43:18,20.54,61632,30,卖盘
1468,10:43:21,20.54,110397,54,卖盘
1469,10:43:24,20.54,136101,66,卖盘
1470,10:43:27,20.55,65738,32,买盘
1471,10:43:30,20.54,63687,31,中性盘
1472,10:43:33,20.54,8218,4,卖盘
1473,10:43:36,20.54,78057,38,卖盘
1474,10:43:39,20.53,18477,9,卖盘
1475,10:43:42,20.54,168390,82,买盘
1476,10:43:45,20.54,84194,41,买盘
1477,10:43:51,20.53,61612,30,卖盘
1478,10:43:54,20.54,258804,126,买盘
1479,10:43:57,20.54,184857,90,卖盘
1480,10:44:00,20.54,75998,37,买盘
1481,10:44:03,20.53,86258,42,卖盘
1482,10:44:06,20.54,550269,268,买盘
1483,10:44:09,20.53,67761,33,卖盘
1484,10:44:12,20.53,104747,51,卖盘
1485,10:44:15,20.53,443598,216,卖盘
1486,10:44:18,20.53,51331,25,卖盘
1487,10:44:21,20.54,8217,4,卖盘
1488,10:44:24,20.53,100645,49,卖盘
1489,10:44:27,20.54,14378,7,买盘
1490,10:44:30,20.53,32849,16,卖盘
1491,10:44:33,20.53,314225,153,卖盘
1492,10:44:36,20.54,110916,54,买盘
1493,10:44:39,20.54,75998,37,卖盘
1494,10:44:42,20.54,285511,139,卖盘
1495,10:44:45,20.54,108872,53,卖盘
1496,10:44:48,20.54,104704,51,买盘
1497,10:44:51,20.53,12319,6,卖盘
1498,10:44:54,20.53,121141,59,卖盘
1499,10:44:57,20.53,131404,64,卖盘
1500,10:45:00,20.54,347008,169,买盘
1501,10:45:03,20.54,1193557,581,买盘
1502,10:45:06,20.54,472420,230,卖盘
1503,10:45:09,20.54,36973,18,卖盘
1504,10:45:12,20.54,139668,68,买盘
1505,10:45:15,20.54,36966,18,买盘
1506,10:45:18,20.54,143722,70,买盘
1507,10:45:21,20.54,71866,35,买盘
1508,10:45:24,20.54,184821,90,买盘
1509,10:45:27,20.54,248512,121,买盘
1510,10:45:30,20.54,147868,72,买盘
1511,10:45:33,20.53,88281,43,卖盘
1512,10:45:36,20.53,43127,21,卖盘
1513,10:45:39,20.53,371735,181,卖盘
1514,10:45:42,20.54,153992,75,买盘
1515,10:45:45,20.53,162199,79,卖盘
1516,10:45:48,20.53,73909,36,买盘
1517,10:45:51,20.53,26687,13,卖盘
1518,10:45:54,20.53,168346,82,买盘
1519,10:45:57,20.55,1056350,514,买盘
1520,10:46:00,20.6,666773,324,买盘
1521,10:46:03,20.61,222481,108,买盘
1522,10:46:06,20.6,201971,98,卖盘
1523,10:46:09,20.6,16481,8,卖盘
1524,10:46:12,20.62,63892,31,买盘
1525,10:46:15,20.6,88636,43,卖盘
1526,10:46:18,20.61,35037,17,中性盘
1527,10:46:21,20.62,1638235,795,买盘
1528,10:46:24,20.63,125809,61,买盘
1529,10:46:27,20.63,140306,68,买盘
1530,10:46:30,20.64,59846,29,买盘
1531,10:46:33,20.64,78423,38,买盘
1532,10:46:36,20.65,39231,19,买盘
1533,10:46:39,20.65,113571,55,买盘
1534,10:46:42,20.62,1074930,521,卖盘
1535,10:46:45,20.64,1629001,789,买盘
1536,10:46:48,20.61,70089,34,中性盘
1537,10:46:51,20.61,59769,29,买盘
1538,10:46:54,20.61,96856,47,买盘
1539,10:46:57,20.63,100963,49,买盘
1540,10:47:00,20.63,53627,26,买盘
1541,10:47:03,20.62,921826,447,卖盘
1542,10:47:06,20.61,152530,74,卖盘
1543,10:47:09,20.62,410413,199,买盘
1544,10:47:12,20.61,144352,70,中性盘
1545,10:47:15,20.61,24739,12,卖盘
1546,10:47:18,20.62,74202,36,买盘
1547,10:47:21,20.62,2714524,1315,买盘
1548,10:47:24,20.62,84543,41,卖盘
1549,10:47:27,20.62,451578,219,卖盘
1550,10:47:30,20.62,115472,56,买盘
1551,10:47:33,20.62,35046,17,买盘
1552,10:47:36,20.62,220600,107,买盘
1553,10:47:39,20.62,70108,34,卖盘
1554,10:47:42,20.63,173247,84,买盘
1555,10:47:45,20.62,72182,35,中性盘
1556,10:47:48,20.63,24751,12,买盘
1557,10:47:51,20.63,66016,32,卖盘
1558,10:47:54,20.63,115531,56,卖盘
1559,10:47:57,20.63,45387,22,卖盘
1560,10:48:00,20.63,196021,95,卖盘
1561,10:48:03,20.63,111402,54,卖盘
1562,10:48:06,20.63,117591,57,买盘
1563,10:48:09,20.62,99010,48,卖盘
1564,10:48:12,20.61,268067,130,卖盘
1565,10:48:15,20.6,158668,77,卖盘
1566,10:48:18,20.6,348142,169,卖盘
1567,10:48:21,20.59,119471,58,卖盘
1568,10:48:24,20.59,37075,18,中性盘
1569,10:48:27,20.58,47344,23,卖盘
1570,10:48:30,20.6,389253,189,买盘
1571,10:48:33,20.61,298703,145,买盘
1572,10:48:36,20.6,76220,37,卖盘
1573,10:48:39,20.61,127776,62,买盘
1574,10:48:42,20.61,76254,37,买盘
1575,10:48:45,20.6,119501,58,卖盘
1576,10:48:48,20.61,22671,11,买盘
1577,10:48:51,20.6,4120,2,卖盘
1578,10:48:54,20.6,931202,452,卖盘
1579,10:48:57,20.6,477901,232,卖盘
1580,10:49:00,20.6,32956,16,买盘
1581,10:49:03,20.6,12360,6,买盘
1582,10:49:06,20.6,82361,40,买盘
1583,10:49:09,20.59,138007,67,买盘
1584,10:49:12,20.59,20590,10,买盘
1585,10:49:15,20.57,746899,363,卖盘
1586,10:49:18,20.57,224213,109,买盘
1587,10:49:21,20.56,230272,112,卖盘
1588,10:49:24,20.56,211688,103,买盘
1589,10:49:27,20.55,162352,79,卖盘
1590,10:49:30,20.54,2054,1,卖盘
1591,10:49:33,20.55,34929,17,买盘
1592,10:49:36,20.51,1301088,634,卖盘
1593,10:49:39,20.52,75925,37,中性盘
1594,10:49:42,20.53,14376,7,卖盘
1595,10:49:45,20.52,47199,23,卖盘
1596,10:49:48,20.53,102668,50,买盘
1597,10:49:51,20.52,114951,56,卖盘
1598,10:49:54,20.52,172412,84,卖盘
1599,10:49:57,20.53,36954,18,买盘
1600,10:50:00,20.54,279064,136,买盘
1601,10:50:03,20.56,606155,295,买盘
1602,10:50:06,20.57,185130,90,中性盘
1603,10:50:09,20.57,51425,25,卖盘
1604,10:50:12,20.57,63788,31,卖盘
1605,10:50:15,20.56,421558,205,卖盘
1606,10:50:18,20.56,49344,24,买盘
1607,10:50:21,20.55,45210,22,卖盘
1608,10:50:24,20.55,82175,40,买盘
1609,10:50:27,20.55,39043,19,买盘
1610,10:50:30,20.54,59570,29,卖盘
1611,10:50:33,20.52,1005546,490,卖盘
1612,10:50:36,20.52,2052,1,卖盘
1613,10:50:39,20.52,61561,30,卖盘
1614,10:50:42,20.52,80034,39,卖盘
1615,10:50:45,20.52,61560,30,卖盘
1616,10:50:48,20.52,80028,39,卖盘
1617,10:50:51,20.52,143643,70,卖盘
1618,10:50:54,20.52,632086,308,卖盘
1619,10:50:57,20.52,112863,55,卖盘
1620,10:51:00,20.53,55430,27,买盘
1621,10:51:03,20.52,178536,87,卖盘
1622,10:51:06,20.54,10270,5,买盘
1623,10:51:09,20.52,127232,62,卖盘
1624,10:51:12,20.52,155986,76,卖盘
1625,10:51:15,20.52,82080,40,中性盘
1626,10:51:18,20.51,174357,85,卖盘
1627,10:51:21,20.51,153865,75,卖盘
1628,10:51:24,20.51,586599,286,卖盘
1629,10:51:27,20.51,71785,35,卖盘
1630,10:51:30,20.51,147687,72,卖盘
1631,10:51:33,20.51,266633,130,卖盘
1632,10:51:36,20.51,426821,208,卖盘
1633,10:51:39,20.51,59484,29,卖盘
1634,10:51:42,20.51,295347,144,卖盘
1635,10:51:45,20.55,155913,76,买盘
1636,10:51:48,20.51,26669,13,卖盘
1637,10:51:51,20.53,2053,1,买盘
1638,10:51:54,20.52,61563,30,卖盘
1639,10:51:57,20.53,49265,24,买盘
1640,10:52:00,20.53,8212,4,卖盘
1641,10:52:03,20.53,213512,104,卖盘
1642,10:52:06,20.53,135498,66,卖盘
1643,10:52:09,20.53,16419,8,买盘
1644,10:52:12,20.53,28738,14,买盘
1645,10:52:15,20.55,435449,212,买盘
1646,10:52:18,20.52,145702,71,卖盘
1647,10:52:21,20.52,123130,60,买盘
1648,10:52:24,20.52,184659,90,买盘
1649,10:52:30,20.52,43093,21,卖盘
1650,10:52:33,20.52,387836,189,卖盘
1651,10:52:36,20.52,47203,23,卖盘
1652,10:52:39,20.52,55406,27,卖盘
1653,10:52:42,20.53,86209,42,买盘
1654,10:52:45,20.52,363236,177,卖盘
1655,10:52:48,20.53,260723,127,买盘
1656,10:52:51,20.53,102650,50,卖盘
1657,10:52:54,20.54,75971,37,买盘
1658,10:52:57,20.53,84182,41,卖盘
1659,10:53:00,20.53,250557,122,卖盘
1660,10:53:03,20.54,303962,148,买盘
1661,10:53:06,20.53,291575,142,卖盘
1662,10:53:09,20.53,595385,290,卖盘
1663,10:53:12,20.53,45166,22,卖盘
1664,10:53:15,20.53,32848,16,买盘
1665,10:53:18,20.53,86226,42,买盘
1666,10:53:21,20.53,88292,43,卖盘
1667,10:53:24,20.53,266789,130,买盘
1668,10:53:27,20.53,94438,46,卖盘
1669,10:53:30,20.53,192918,94,买盘
1670,10:53:33,20.52,188829,92,卖盘
1671,10:53:36,20.53,22583,11,中性盘
1672,10:53:39,20.53,108809,53,卖盘
1673,10:53:42,20.53,61596,30,卖盘
1674,10:53:45,20.54,39019,19,买盘
1675,10:53:48,20.54,51333,25,买盘
1676,10:53:51,20.54,82135,40,买盘
1677,10:53:54,20.54,219761,107,买盘
1678,10:53:57,20.53,8215,4,卖盘
1679,10:54:00,20.54,69835,34,买盘
1680,10:54:03,20.53,149874,73,卖盘
1681,10:54:06,20.53,593447,289,卖盘
1682,10:54:09,20.52,287303,140,卖盘
1683,10:54:12,20.52,2361426,1151,卖盘
1684,10:54:15,20.52,92318,45,买盘
1685,10:54:18,20.51,22561,11,中性盘
1686,10:54:24,20.5,283089,138,卖盘
1687,10:54:27,20.5,1316115,642,卖盘
1688,10:54:30,20.5,334174,163,卖盘
1689,10:54:33,20.5,684700,334,卖盘
1690,10:54:36,20.51,202953,99,买盘
1691,10:54:39,20.5,102500,50,卖盘
1692,10:54:42,20.5,340301,166,卖盘
1693,10:54:45,20.5,266543,130,卖盘
1694,10:54:48,20.51,461467,225,买盘
1695,10:54:51,20.5,945272,461,卖盘
1696,10:54:54,20.51,123017,60,卖盘
1697,10:54:57,20.5,84067,41,卖盘
1698,10:55:00,20.51,49223,24,买盘
1699,10:55:03,20.51,629355,307,买盘
1700,10:55:06,20.5,102500,50,卖盘
1701,10:55:09,20.5,1002454,489,卖盘
1702,10:55:12,20.49,1481537,723,卖盘
1703,10:55:15,20.48,43021,21,卖盘
1704,10:55:18,20.48,313464,153,卖盘
1705,10:55:21,20.48,256007,125,卖盘
1706,10:55:24,20.48,428041,209,卖盘
1707,10:55:27,20.47,389097,190,卖盘
1708,10:55:30,20.47,165816,81,卖盘
1709,10:55:33,20.48,131016,64,买盘
1710,10:55:36,20.47,61410,30,卖盘
1711,10:55:39,20.47,157620,77,卖盘
1712,10:55:42,20.47,223120,109,卖盘
1713,10:55:45,20.47,6141,3,买盘
1714,10:55:48,20.47,257851,126,买盘
1715,10:55:51,20.46,49109,24,卖盘
1716,10:55:54,20.46,542190,265,卖盘
1717,10:55:57,20.46,1227533,600,卖盘
1718,10:56:00,20.46,1117277,546,买盘
1719,10:56:03,20.48,143222,70,买盘
1720,10:56:06,20.46,341707,167,卖盘
1721,10:56:09,20.46,87987,43,卖盘
1722,10:56:12,20.48,253829,124,买盘
1723,10:56:15,20.47,286610,140,卖盘
1724,10:56:18,20.49,974855,476,买盘
1725,10:56:21,20.49,53279,26,中性盘
1726,10:56:24,20.49,235635,115,卖盘
1727,10:56:27,20.5,147534,72,买盘
1728,10:56:30,20.49,209023,102,卖盘
1729,10:56:33,20.48,47116,23,卖盘
1730,10:56:36,20.48,47122,23,卖盘
1731,10:56:39,20.48,135220,66,买盘
1732,10:56:42,20.49,135178,66,买盘
1733,10:56:45,20.49,47127,23,买盘
1734,10:56:48,20.49,57372,28,卖盘
1735,10:56:51,20.49,61470,30,卖盘
1736,10:56:54,20.49,49174,24,买盘
1737,10:56:57,20.49,206901,101,买盘
1738,10:57:00,20.49,106517,52,买盘
1739,10:57:03,20.48,133161,65,卖盘
1740,10:57:06,20.49,61463,30,买盘
1741,10:57:09,20.49,178198,87,买盘
1742,10:57:12,20.49,471049,230,买盘
1743,10:57:15,20.48,282617,138,买盘
1744,10:57:18,20.47,88061,43,卖盘
1745,10:57:21,20.47,157667,77,卖盘
1746,10:57:24,20.48,79845,39,买盘
1747,10:57:27,20.47,245640,120,卖盘
1748,10:57:30,20.47,30705,15,卖盘
1749,10:57:33,20.47,147384,72,卖盘
1750,10:57:36,20.47,155581,76,卖盘
1751,10:57:39,20.47,69598,34,卖盘
1752,10:57:42,20.46,77769,38,卖盘
1753,10:57:45,20.46,135070,66,卖盘
1754,10:57:48,20.46,79796,39,卖盘
1755,10:57:51,20.46,1399245,684,卖盘
1756,10:57:54,20.46,67518,33,买盘
1757,10:57:57,20.45,276121,135,卖盘
1758,10:58:00,20.45,1879388,919,卖盘
1759,10:58:03,20.43,1705126,834,卖盘
1760,10:58:06,20.43,163463,80,卖盘
1761,10:58:09,20.44,394334,193,买盘
1762,10:58:12,20.43,328924,161,卖盘
1763,10:58:15,20.44,249368,122,买盘
1764,10:58:18,20.44,298433,146,卖盘
1765,10:58:21,20.44,132861,65,卖盘
1766,10:58:24,20.43,431258,211,卖盘
1767,10:58:27,20.44,89917,44,买盘
1768,10:58:30,20.44,369866,181,买盘
1769,10:58:33,20.45,729774,357,买盘
1770,10:58:36,20.44,314864,154,中性盘
1771,10:58:39,20.44,67463,33,卖盘
1772,10:58:42,20.44,590751,289,卖盘
1773,10:58:45,20.44,22486,11,卖盘
1774,10:58:48,20.46,196256,96,买盘
1775,10:58:51,20.45,320920,157,中性盘
1776,10:58:54,20.44,1661578,813,卖盘
1777,10:58:57,20.44,147189,72,卖盘
1778,10:59:00,20.45,681019,333,卖盘
1779,10:59:03,20.45,206570,101,中性盘
1780,10:59:06,20.45,894175,437,卖盘
1781,10:59:09,20.45,501033,245,卖盘
1782,10:59:12,20.45,151447,74,卖盘
1783,10:59:15,20.48,618464,302,买盘
1784,10:59:18,20.48,149504,73,卖盘
1785,10:59:21,20.48,112688,55,卖盘
1786,10:59:24,20.48,280779,137,卖盘
1787,10:59:27,20.48,340144,166,卖盘
1788,10:59:30,20.5,36880,18,买盘
1789,10:59:33,20.48,88080,43,卖盘
1790,10:59:36,20.49,79886,39,买盘
1791,10:59:39,20.48,423939,207,卖盘
1792,10:59:42,20.48,67603,33,买盘
1793,10:59:45,20.48,157711,77,卖盘
1794,10:59:48,20.48,727257,355,卖盘
1795,10:59:51,20.47,2235895,1092,卖盘
1796,10:59:54,20.48,38914,19,中性盘
1797,10:59:57,20.49,393202,192,买盘
1798,11:00:00,20.48,22532,11,中性盘
1799,11:00:03,20.48,190487,93,买盘
1800,11:00:06,20.48,6145,3,卖盘
1801,11:00:09,20.49,53254,26,买盘
1802,11:00:12,20.48,167935,82,卖盘
1803,11:00:15,20.47,83976,41,卖盘
1804,11:00:18,20.47,161736,79,卖盘
1805,11:00:21,20.48,196675,96,中性盘
1806,11:00:24,20.47,57317,28,卖盘
1807,11:00:27,20.48,67585,33,卖盘
1808,11:00:30,20.49,356355,174,买盘
1809,11:00:33,20.48,94180,46,卖盘
1810,11:00:36,20.48,14337,7,卖盘
1811,11:00:39,20.49,14339,7,买盘
1812,11:00:42,20.49,92164,45,买盘
1813,11:00:45,20.48,538941,263,卖盘
1814,11:00:48,20.48,219177,107,卖盘
1815,11:00:51,20.48,61450,30,卖盘
1816,11:00:54,20.49,190509,93,买盘
1817,11:00:57,20.49,59427,29,卖盘
1818,11:01:00,20.49,8196,4,买盘
1819,11:01:03,20.5,120908,59,买盘
1820,11:01:06,20.5,55329,27,买盘
1821,11:01:09,20.49,2049,1,中性盘
1822,11:01:12,20.49,319711,156,买盘
1823,11:01:15,20.5,430232,210,买盘
1824,11:01:18,20.5,10250,5,卖盘
1825,11:01:21,20.5,192915,94,卖盘
1826,11:01:24,20.5,57372,28,买盘
1827,11:01:27,20.5,61495,30,买盘
1828,11:01:30,20.5,26650,13,买盘
1829,11:01:33,20.5,71750,35,买盘
1830,11:01:36,20.5,43043,21,买盘
1831,11:01:39,20.5,116850,57,买盘
1832,11:01:42,20.5,53025,26,买盘
1833,11:01:45,20.5,55348,27,买盘
1834,11:01:48,20.5,145563,71,卖盘
1835,11:01:51,20.5,287071,140,卖盘
1836,11:01:54,20.51,153788,75,买盘
1837,11:01:57,20.48,620796,303,卖盘
1838,11:02:00,20.5,65619,32,中性盘
1839,11:02:03,20.51,20510,10,买盘
1840,11:02:06,20.51,174307,85,买盘
1841,11:02:09,20.5,47159,23,卖盘
1842,11:02:12,20.51,22556,11,买盘
1843,11:02:15,20.5,41000,20,卖盘
1844,11:02:18,20.51,47158,23,买盘
1845,11:02:21,20.5,75859,37,卖盘
1846,11:02:24,20.5,30751,15,卖盘
1847,11:02:27,20.5,118907,58,卖盘
1848,11:02:30,20.5,41000,20,买盘
1849,11:02:33,20.49,47146,23,卖盘
1850,11:02:36,20.5,14349,7,买盘
1851,11:02:39,20.49,36887,18,卖盘
1852,11:02:42,20.5,293145,143,买盘
1853,11:02:45,20.52,383632,187,买盘
1854,11:02:48,20.52,45144,22,卖盘
1855,11:02:51,20.53,125211,61,买盘
1856,11:02:54,20.54,16432,8,买盘
1857,11:02:57,20.54,22593,11,买盘
1858,11:03:00,20.53,65712,32,卖盘
1859,11:03:03,20.55,258861,126,买盘
1860,11:03:06,20.54,18492,9,卖盘
1861,11:03:09,20.55,16436,8,买盘
1862,11:03:12,20.54,110927,54,卖盘
1863,11:03:15,20.55,51364,25,买盘
1864,11:03:18,20.55,8219,4,买盘
1865,11:03:21,20.53,186863,91,卖盘
1866,11:03:24,20.54,151963,74,买盘
1867,11:03:27,20.53,57506,28,卖盘
1868,11:03:30,20.53,47219,23,买盘
1869,11:03:33,20.53,18484,9,卖盘
1870,11:03:36,20.54,57520,28,买盘
1871,11:03:39,20.5,270663,132,卖盘
1872,11:03:42,20.52,6154,3,买盘
1873,11:03:45,20.51,30768,15,卖盘
1874,11:03:48,20.51,47199,23,卖盘
1875,11:03:51,20.52,65664,32,卖盘
1876,11:03:54,20.52,18468,9,卖盘
1877,11:03:57,20.52,61560,30,卖盘
1878,11:04:03,20.52,112844,55,买盘
1879,11:04:06,20.52,16414,8,买盘
1880,11:04:09,20.52,135396,66,买盘
1881,11:04:12,20.52,131271,64,买盘
1882,11:04:15,20.51,63582,31,卖盘
1883,11:04:18,20.51,51279,25,卖盘
1884,11:04:21,20.51,319956,156,卖盘
1885,11:04:24,20.52,699527,341,买盘
1886,11:04:27,20.51,615805,300,卖盘
1887,11:04:30,20.5,106642,52,卖盘
1888,11:04:33,20.51,170467,83,买盘
1889,11:04:36,20.51,28721,14,卖盘
1890,11:04:39,20.51,231703,113,卖盘
1891,11:04:42,20.51,57426,28,卖盘
1892,11:04:45,20.51,28714,14,买盘
1893,11:04:48,20.51,309686,151,买盘
1894,11:04:51,20.51,49224,24,卖盘
1895,11:04:54,20.51,229666,112,卖盘
1896,11:04:57,20.52,141557,69,买盘
1897,11:05:00,20.5,451046,220,卖盘
1898,11:05:03,20.51,131264,64,中性盘
1899,11:05:06,20.51,129216,63,卖盘
1900,11:05:09,20.51,26660,13,卖盘
1901,11:05:12,20.53,59492,29,买盘
1902,11:05:15,20.52,65664,32,卖盘
1903,11:05:18,20.52,32832,16,卖盘
1904,11:05:21,20.51,36923,18,卖盘
1905,11:05:24,20.52,2052,1,买盘
1906,11:05:27,20.51,104603,51,卖盘
1907,11:05:30,20.51,211340,103,卖盘
1908,11:05:33,20.51,2051,1,买盘
1909,11:05:36,20.5,28704,14,卖盘
1910,11:05:39,20.5,455110,222,卖盘
1911,11:05:42,20.51,282901,138,买盘
1912,11:05:45,20.5,110702,54,卖盘
1913,11:05:48,20.49,200896,98,卖盘
1914,11:05:51,20.5,55350,27,买盘
1915,11:05:54,20.49,102463,50,卖盘
1916,11:05:57,20.49,43029,21,卖盘
1917,11:06:00,20.5,135244,66,买盘
1918,11:06:03,20.49,202868,99,卖盘
1919,11:06:06,20.49,63520,31,卖盘
1920,11:06:09,20.49,247942,121,卖盘
1921,11:06:12,20.49,434497,212,买盘
1922,11:06:15,20.48,71690,35,卖盘
1923,11:06:18,20.48,16391,8,卖盘
1924,11:06:21,20.48,188488,92,卖盘
1925,11:06:24,20.48,38919,19,卖盘
1926,11:06:27,20.48,108554,53,卖盘
1927,11:06:30,20.53,919187,448,买盘
1928,11:06:33,20.51,79998,39,卖盘
1929,11:06:36,20.51,55377,27,卖盘
1930,11:06:39,20.51,178437,87,卖盘
1931,11:06:42,20.5,24605,12,卖盘
1932,11:06:45,20.51,38969,19,买盘
1933,11:06:51,20.5,110712,54,卖盘
1934,11:06:54,20.5,2050,1,卖盘
1935,11:06:57,20.5,90206,44,卖盘
1936,11:07:00,20.5,47150,23,卖盘
1937,11:07:03,20.49,118870,58,卖盘
1938,11:07:06,20.5,65600,32,买盘
1939,11:07:12,20.5,22543,11,买盘
1940,11:07:15,20.49,186526,91,卖盘
1941,11:07:18,20.49,118843,58,卖盘
1942,11:07:21,20.49,67617,33,卖盘
1943,11:07:24,20.49,61470,30,卖盘
1944,11:07:27,20.49,418008,204,卖盘
1945,11:07:30,20.49,20490,10,买盘
1946,11:07:33,20.49,153671,75,买盘
1947,11:07:36,20.48,202775,99,卖盘
1948,11:07:39,20.49,188432,92,买盘
1949,11:07:42,20.48,16385,8,卖盘
1950,11:07:45,20.49,20490,10,买盘
1951,11:07:48,20.48,163850,80,卖盘
1952,11:07:51,20.48,307204,150,卖盘
1953,11:07:54,20.48,16384,8,卖盘
1954,11:07:57,20.48,81922,40,卖盘
1955,11:08:00,20.48,229378,112,卖盘
1956,11:08:03,20.48,387073,189,卖盘
1957,11:08:06,20.48,61440,30,卖盘
1958,11:08:09,20.49,229394,112,买盘
1959,11:08:12,20.48,126993,62,卖盘
1960,11:08:15,20.48,112645,55,卖盘
1961,11:08:18,20.48,43009,21,卖盘
1962,11:08:21,20.48,4096,2,卖盘
1963,11:08:24,20.48,167911,82,卖盘
1964,11:08:27,20.48,84236,41,卖盘
1965,11:08:30,20.48,28665,14,买盘
1966,11:08:33,20.48,159737,78,买盘
1967,11:08:36,20.48,102127,50,买盘
1968,11:08:39,20.49,686659,335,买盘
1969,11:08:42,20.48,38926,19,卖盘
1970,11:08:45,20.48,237887,116,卖盘
1971,11:08:48,20.49,456491,223,买盘
1972,11:08:51,20.49,18441,9,卖盘
1973,11:08:54,20.48,55321,27,卖盘
1974,11:08:57,20.47,219074,107,卖盘
1975,11:09:00,20.48,715724,349,卖盘
1976,11:09:03,20.5,61500,30,中性盘
1977,11:09:06,20.49,155739,76,卖盘
1978,11:09:09,20.54,16432,8,买盘
1979,11:09:12,20.54,193068,94,买盘
1980,11:09:15,20.55,1301994,634,买盘
1981,11:09:18,20.56,65747,32,买盘
1982,11:09:21,20.56,78128,38,买盘
1983,11:09:24,20.56,32897,16,卖盘
1984,11:09:27,20.57,326912,159,买盘
1985,11:09:30,20.56,162491,79,卖盘
1986,11:09:33,20.56,57581,28,卖盘
1987,11:09:36,20.56,20560,10,买盘
1988,11:09:39,20.56,96628,47,买盘
1989,11:09:42,20.55,10275,5,卖盘
1990,11:09:45,20.54,8217,4,中性盘
1991,11:09:48,20.55,41074,20,买盘
1992,11:09:51,20.51,94398,46,卖盘
1993,11:09:54,20.51,80057,39,卖盘
1994,11:09:57,20.53,123180,60,买盘
1995,11:10:00,20.52,80026,39,卖盘
1996,11:10:06,20.53,34901,17,买盘
1997,11:10:09,20.54,49265,24,买盘
1998,11:10:12,20.54,75997,37,买盘
1999,11:10:15,20.54,61597,30,买盘
2000,11:10:18,20.54,115011,56,买盘
2001,11:10:21,20.55,34920,17,买盘
2002,11:10:24,20.53,39024,19,卖盘
2003,11:10:27,20.54,55462,27,买盘
2004,11:10:30,20.53,20532,10,中性盘
2005,11:10:33,20.54,12323,6,买盘
2006,11:10:36,20.53,98545,48,卖盘
2007,11:10:39,20.53,55431,27,买盘
2008,11:10:42,20.52,34897,17,卖盘
2009,11:10:45,20.52,112860,55,卖盘
2010,11:10:48,20.52,14364,7,卖盘
2011,11:10:51,20.52,227772,111,卖盘
2012,11:10:54,20.52,38988,19,卖盘
2013,11:10:57,20.52,114912,56,卖盘
2014,11:11:00,20.51,143591,70,卖盘
2015,11:11:03,20.51,22561,11,卖盘
2016,11:11:06,20.51,82042,40,卖盘
2017,11:11:09,20.51,155905,76,买盘
2018,11:11:12,20.55,1425533,694,买盘
2019,11:11:15,20.55,14385,7,卖盘
2020,11:11:18,20.54,14382,7,卖盘
2021,11:11:21,20.55,78090,38,买盘
2022,11:11:24,20.54,14378,7,卖盘
2023,11:11:27,20.54,2054,1,买盘
2024,11:11:30,20.54,30810,15,买盘
2025,11:11:33,20.53,73943,36,卖盘
2026,11:11:36,20.54,71873,35,买盘
2027,11:11:39,20.53,49272,24,卖盘
2028,11:11:42,20.53,55431,27,买盘
2029,11:11:45,20.54,135532,66,买盘
2030,11:11:48,20.54,201297,98,卖盘
2031,11:11:51,20.54,8216,4,买盘
2032,11:11:54,20.53,14374,7,卖盘
2033,11:11:57,20.54,316302,154,买盘
2034,11:12:00,20.54,59566,29,卖盘
2035,11:12:03,20.54,39011,19,买盘
2036,11:12:06,20.53,94454,46,卖盘
2037,11:12:09,20.53,16427,8,卖盘
2038,11:12:12,20.53,16424,8,卖盘
2039,11:12:15,20.52,32852,16,卖盘
2040,11:12:18,20.52,88278,43,卖盘
2041,11:12:21,20.53,32846,16,买盘
2042,11:12:24,20.52,69768,34,卖盘
2043,11:12:27,20.52,4104,2,买盘
2044,11:12:30,20.51,49231,24,卖盘
2045,11:12:33,20.52,14364,7,买盘
2046,11:12:36,20.51,16408,8,卖盘
2047,11:12:39,20.51,123062,60,卖盘
2048,11:12:42,20.52,153893,75,买盘
2049,11:12:45,20.52,8208,4,卖盘
2050,11:12:48,20.52,59512,29,卖盘
2051,11:12:51,20.52,45151,22,卖盘
2052,11:12:54,20.52,123163,60,卖盘
2053,11:12:57,20.52,43106,21,卖盘
2054,11:13:00,20.52,49260,24,卖盘
2055,11:13:03,20.52,178535,87,卖盘
2056,11:13:06,20.52,38988,19,卖盘
2057,11:13:09,20.52,129281,63,卖盘
2058,11:13:12,20.53,75940,37,中性盘
2059,11:13:15,20.54,96482,47,买盘
2060,11:13:18,20.53,20530,10,卖盘
2061,11:13:21,20.53,190941,93,卖盘
2062,11:13:24,20.53,6159,3,买盘
2063,11:13:27,20.53,141657,69,买盘
2064,11:13:30,20.53,4106,2,卖盘
2065,11:13:33,20.53,67756,33,卖盘
2066,11:13:36,20.54,102672,50,买盘
2067,11:13:39,20.53,67749,33,卖盘
2068,11:13:42,20.54,143753,70,买盘
2069,11:13:45,20.53,41071,20,卖盘
2070,11:13:48,20.54,195130,95,买盘
2071,11:13:51,20.54,121135,59,买盘
2072,11:13:54,20.53,1620414,789,卖盘
2073,11:13:57,20.53,59537,29,买盘
2074,11:14:00,20.53,439335,214,买盘
2075,11:14:03,20.54,1128127,549,中性盘
2076,11:14:06,20.56,125419,61,买盘
2077,11:14:09,20.59,1300502,632,买盘
2078,11:14:12,20.59,86516,42,卖盘
2079,11:14:15,20.58,492087,239,卖盘
2080,11:14:18,20.6,88580,43,买盘
2081,11:14:21,20.6,59739,29,买盘
2082,11:14:24,20.58,742892,361,卖盘
2083,11:14:27,20.6,409848,199,买盘
2084,11:14:30,20.57,20575,10,卖盘
2085,11:14:33,20.59,106958,52,买盘
2086,11:14:36,20.57,24687,12,买盘
2087,11:14:39,20.57,72033,35,卖盘
2088,11:14:42,20.59,43231,21,买盘
2089,11:14:45,20.56,181048,88,卖盘
2090,11:14:48,20.59,351792,171,买盘
2091,11:14:51,20.56,34961,17,中性盘
2092,11:14:54,20.57,69907,34,买盘
2093,11:14:57,20.57,16456,8,买盘
2094,11:15:00,20.57,113141,55,买盘
2095,11:15:06,20.58,146165,71,中性盘
2096,11:15:09,20.57,51435,25,卖盘
2097,11:15:12,20.57,16463,8,卖盘
2098,11:15:18,20.57,300344,146,卖盘
2099,11:15:21,20.57,96707,47,买盘
2100,11:15:24,20.56,117192,57,卖盘
2101,11:15:27,20.56,6168,3,买盘
2102,11:15:30,20.56,8224,4,买盘
2103,11:15:33,20.56,20560,10,买盘
2104,11:15:36,20.56,538558,262,买盘
2105,11:15:39,20.55,102763,50,卖盘
2106,11:15:42,20.56,45212,22,买盘
2107,11:15:45,20.55,45226,22,卖盘
2108,11:15:48,20.55,39048,19,卖盘
2109,11:15:51,20.55,26715,13,买盘
2110,11:15:54,20.59,971261,472,买盘
2111,11:15:57,20.6,607663,295,买盘
2112,11:16:00,20.6,37080,18,买盘
2113,11:16:03,20.6,14420,7,买盘
2114,11:16:06,20.6,125661,61,买盘
2115,11:16:09,20.6,154562,75,卖盘
2116,11:16:12,20.61,43265,21,买盘
2117,11:16:15,20.6,315270,153,卖盘
2118,11:16:18,20.63,775426,376,买盘
2119,11:16:21,20.65,493488,239,买盘
2120,11:16:24,20.66,103256,50,买盘
2121,11:16:27,20.63,388300,188,卖盘
2122,11:16:30,20.65,216819,105,买盘
2123,11:16:33,20.67,1078361,522,买盘
2124,11:16:36,20.67,84652,41,买盘
2125,11:16:39,20.65,917795,444,卖盘
2126,11:16:42,20.67,142547,69,买盘
2127,11:16:45,20.67,70270,34,买盘
2128,11:16:48,20.66,225221,109,卖盘
2129,11:16:51,20.66,86765,42,买盘
2130,11:16:54,20.66,563988,273,买盘
2131,11:16:57,20.67,53719,26,买盘
2132,11:17:00,20.66,562097,272,卖盘
2133,11:17:03,20.65,303558,147,卖盘
2134,11:17:06,20.67,1469505,711,买盘
2135,11:17:09,20.67,233572,113,卖盘
2136,11:17:12,20.68,2284923,1105,买盘
2137,11:17:15,20.69,490146,237,买盘
2138,11:17:18,20.67,57895,28,买盘
2139,11:17:21,20.67,469363,227,买盘
2140,11:17:24,20.67,233480,113,买盘
2141,11:17:27,20.67,157096,76,卖盘
2142,11:17:30,20.66,45459,22,卖盘
2143,11:17:33,20.66,477197,231,卖盘
2144,11:17:36,20.66,454349,220,买盘
2145,11:17:39,20.65,86699,42,卖盘
2146,11:17:42,20.64,53689,26,卖盘
2147,11:17:45,20.64,55741,27,卖盘
2148,11:17:48,20.61,74218,36,卖盘
2149,11:17:51,20.61,8244,4,卖盘
2150,11:17:54,20.61,3413873,1658,卖盘
2151,11:17:57,20.63,723994,351,买盘
2152,11:18:00,20.63,47449,23,卖盘
2153,11:18:03,20.63,171229,83,卖盘
2154,11:18:06,20.62,365258,177,卖盘
2155,11:18:09,20.62,65984,32,卖盘
2156,11:18:12,20.62,84549,41,卖盘
2157,11:18:15,20.61,57708,28,卖盘
2158,11:18:18,20.61,12366,6,卖盘
2159,11:18:21,20.61,39154,19,买盘
2160,11:18:24,20.6,1700881,826,卖盘
2161,11:18:27,20.61,47389,23,买盘
2162,11:18:30,20.6,41200,20,卖盘
2163,11:18:33,20.59,94719,46,卖盘
2164,11:18:36,20.6,4119,2,买盘
2165,11:18:39,20.59,393269,191,卖盘
2166,11:18:42,20.58,55582,27,卖盘
2167,11:18:45,20.58,61740,30,卖盘
2168,11:18:48,20.58,244990,119,中性盘
2169,11:18:51,20.59,55569,27,买盘
2170,11:18:54,20.58,41174,20,卖盘
2171,11:18:57,20.59,26757,13,买盘
2172,11:19:00,20.62,2751576,1335,买盘
2173,11:19:03,20.64,993450,481,中性盘
2174,11:19:06,20.67,225303,109,买盘
2175,11:19:09,20.67,80617,39,中性盘
2176,11:19:12,20.68,248156,120,买盘
2177,11:19:15,20.67,1080920,523,中性盘
2178,11:19:18,20.65,140419,68,卖盘
2179,11:19:24,20.65,103250,50,买盘
2180,11:19:27,20.64,39204,19,中性盘
2181,11:19:30,20.64,61910,30,买盘
2182,11:19:33,20.64,30951,15,买盘
2183,11:19:36,20.62,381734,185,中性盘
2184,11:19:39,20.62,28878,14,卖盘
2185,11:19:42,20.61,138178,67,卖盘
2186,11:19:45,20.63,57759,28,买盘
2187,11:19:48,20.63,10315,5,买盘
2188,11:19:51,20.63,53621,26,买盘
2189,11:19:54,20.62,61871,30,卖盘
2190,11:19:57,20.62,169158,82,卖盘
2191,11:20:00,20.63,84551,41,买盘
2192,11:20:03,20.64,152647,74,买盘
2193,11:20:06,20.64,6192,3,买盘
2194,11:20:09,20.63,82556,40,卖盘
2195,11:20:12,20.63,57790,28,卖盘
2196,11:20:15,20.63,76327,37,卖盘
2197,11:20:18,20.63,49522,24,买盘
2198,11:20:21,20.62,16503,8,卖盘
2199,11:20:24,20.63,43323,21,买盘
2200,11:20:27,20.59,321513,156,卖盘
2201,11:20:30,20.62,8242,4,买盘
2202,11:20:33,20.59,94744,46,卖盘
2203,11:20:39,20.59,82412,40,卖盘
2204,11:20:42,20.6,14415,7,中性盘
2205,11:20:45,20.6,100870,49,买盘
2206,11:20:48,20.6,16480,8,卖盘
2207,11:20:51,20.6,78281,38,买盘
2208,11:20:54,20.6,35005,17,买盘
2209,11:20:57,20.59,47392,23,卖盘
2210,11:21:00,20.59,125599,61,卖盘
2211,11:21:03,20.6,28833,14,买盘
2212,11:21:06,20.59,24713,12,卖盘
2213,11:21:09,20.59,41185,20,卖盘
2214,11:21:12,20.59,47357,23,买盘
2215,11:21:15,20.59,413859,201,卖盘
2216,11:21:18,20.59,14416,7,卖盘
2217,11:21:21,20.59,10297,5,卖盘
2218,11:21:24,20.6,16473,8,买盘
2219,11:21:27,20.6,212118,103,买盘
2220,11:21:30,20.6,16480,8,买盘
2221,11:21:33,20.59,205918,100,卖盘
2222,11:21:36,20.59,16474,8,卖盘
2223,11:21:39,20.59,24713,12,卖盘
2224,11:21:42,20.59,123580,60,卖盘
2225,11:21:45,20.58,12348,6,卖盘
2226,11:21:48,20.58,98819,48,卖盘
2227,11:21:51,20.59,34994,17,买盘
2228,11:21:54,20.59,26755,13,买盘
2229,11:21:57,20.59,18527,9,买盘
2230,11:22:00,20.58,72053,35,卖盘
2231,11:22:03,20.58,92623,45,卖盘
2232,11:22:06,20.58,67914,33,卖盘
2233,11:22:09,20.58,94661,46,卖盘
2234,11:22:12,20.57,61711,30,卖盘
2235,11:22:15,20.57,20561,10,买盘
2236,11:22:18,20.57,78159,38,买盘
2237,11:22:21,20.56,96632,47,卖盘
2238,11:22:24,20.56,10280,5,买盘
2239,11:22:27,20.55,454155,221,卖盘
2240,11:22:30,20.55,28770,14,买盘
2241,11:22:33,20.54,90404,44,卖盘
2242,11:22:36,20.54,63674,31,卖盘
2243,11:22:39,20.54,63681,31,卖盘
2244,11:22:42,20.54,78052,38,买盘
2245,11:22:45,20.54,36972,18,卖盘
2246,11:22:48,20.55,256866,125,买盘
2247,11:22:51,20.55,92475,45,卖盘
2248,11:22:54,20.55,98640,48,卖盘
2249,11:22:57,20.55,12330,6,买盘
2250,11:23:00,20.54,16432,8,卖盘
2251,11:23:03,20.54,80120,39,卖盘
2252,11:23:06,20.55,482716,235,买盘
2253,11:23:09,20.55,59595,29,买盘
2254,11:23:12,20.54,39028,19,卖盘
2255,11:23:15,20.55,18491,9,买盘
2256,11:23:18,20.55,187008,91,买盘
2257,11:23:21,20.55,59598,29,卖盘
2258,11:23:24,20.55,41100,20,卖盘
2259,11:23:27,20.55,219889,107,卖盘
2260,11:23:30,20.55,57540,28,卖盘
2261,11:23:33,20.56,283713,138,买盘
2262,11:23:36,20.56,63736,31,卖盘
2263,11:23:39,20.56,148032,72,卖盘
2264,11:23:42,20.55,125408,61,卖盘
2265,11:23:45,20.56,61680,30,买盘
2266,11:23:48,20.56,86332,42,买盘
2267,11:23:51,20.56,310314,151,买盘
2268,11:23:54,20.55,16444,8,中性盘
2269,11:23:57,20.56,98654,48,买盘
2270,11:24:00,20.56,82201,40,买盘
2271,11:24:03,20.56,32889,16,买盘
2272,11:24:06,20.55,18500,9,卖盘
2273,11:24:09,20.56,57555,28,买盘
2274,11:24:12,20.56,80173,39,买盘
2275,11:24:15,20.55,80145,39,卖盘
2276,11:24:18,20.55,69872,34,卖盘
2277,11:24:21,20.55,84255,41,卖盘
2278,11:24:24,20.55,18491,9,买盘
2279,11:24:27,20.54,201293,98,卖盘
2280,11:24:30,20.54,164326,80,卖盘
2281,11:24:36,20.53,43114,21,卖盘
2282,11:24:39,20.54,61591,30,买盘
2283,11:24:42,20.53,328514,160,卖盘
2284,11:24:45,20.53,2053,1,买盘
2285,11:24:48,20.52,137495,67,卖盘
2286,11:24:51,20.52,45150,22,卖盘
2287,11:24:54,20.53,30785,15,买盘
2288,11:24:57,20.52,336528,164,卖盘
2289,11:25:00,20.52,10261,5,卖盘
2290,11:25:03,20.52,53362,26,卖盘
2291,11:25:06,20.52,18468,9,卖盘
2292,11:25:09,20.53,281080,137,买盘
2293,11:25:12,20.51,225772,110,卖盘
2294,11:25:15,20.52,43092,21,买盘
2295,11:25:18,20.51,375339,183,卖盘
2296,11:25:21,20.52,63609,31,买盘
2297,11:25:24,20.51,125111,61,卖盘
2298,11:25:27,20.51,47192,23,卖盘
2299,11:25:30,20.51,26669,13,卖盘
2300,11:25:33,20.51,38976,19,卖盘
2301,11:25:36,20.5,196830,96,卖盘
2302,11:25:39,20.51,356797,174,买盘
2303,11:25:42,20.5,53318,26,卖盘
2304,11:25:45,20.51,155805,76,买盘
2305,11:25:48,20.5,8200,4,卖盘
2306,11:25:51,20.5,75874,37,卖盘
2307,11:25:54,20.5,36910,18,卖盘
2308,11:25:57,20.5,55353,27,卖盘
2309,11:26:00,20.5,168165,82,卖盘
2310,11:26:03,20.5,100458,49,卖盘
2311,11:26:06,20.51,53324,26,中性盘
2312,11:26:09,20.5,213292,104,卖盘
2313,11:26:12,20.52,324213,158,买盘
2314,11:26:15,20.52,55389,27,卖盘
2315,11:26:18,20.51,41020,20,卖盘
2316,11:26:21,20.52,59500,29,买盘
2317,11:26:24,20.52,20528,10,卖盘
2318,11:26:27,20.53,49251,24,买盘
2319,11:26:30,20.52,8211,4,卖盘
2320,11:26:33,20.53,2053,1,买盘
2321,11:26:36,20.53,18471,9,买盘
2322,11:26:39,20.52,186748,91,卖盘
2323,11:26:42,20.52,10262,5,卖盘
2324,11:26:45,20.52,67700,33,卖盘
2325,11:26:48,20.52,102607,50,买盘
2326,11:26:51,20.52,131326,64,买盘
2327,11:26:54,20.52,8205,4,买盘
2328,11:26:57,20.51,131275,64,卖盘
2329,11:27:00,20.52,168243,82,买盘
2330,11:27:03,20.52,20520,10,卖盘
2331,11:27:06,20.52,67717,33,卖盘
2332,11:27:09,20.52,41044,20,卖盘
2333,11:27:12,20.52,80028,39,卖盘
2334,11:27:15,20.53,541809,264,买盘
2335,11:27:18,20.52,69768,34,卖盘
2336,11:27:21,20.52,153896,75,买盘
2337,11:27:24,20.51,190803,93,卖盘
2338,11:27:27,20.51,114856,56,卖盘
2339,11:27:30,20.52,159987,78,买盘
2340,11:27:33,20.52,55387,27,买盘
2341,11:27:36,20.52,20520,10,买盘
2342,11:27:39,20.51,196898,96,卖盘
2343,11:27:42,20.52,18468,9,买盘
2344,11:27:45,20.51,18463,9,卖盘
2345,11:27:48,20.5,332212,162,卖盘
2346,11:27:51,20.5,170185,83,卖盘
2347,11:27:54,20.51,20509,10,买盘
2348,11:27:57,20.51,26655,13,买盘
2349,11:28:00,20.51,18459,9,卖盘
2350,11:28:03,20.51,147626,72,卖盘
2351,11:28:06,20.51,28714,14,买盘
2352,11:28:09,20.51,20508,10,买盘
2353,11:28:12,20.51,256370,125,买盘
2354,11:28:15,20.51,90244,44,中性盘
2355,11:28:18,20.51,143591,70,卖盘
2356,11:28:21,20.52,79998,39,买盘
2357,11:28:24,20.52,47181,23,买盘
2358,11:28:27,20.52,51279,25,买盘
2359,11:28:30,20.51,26668,13,卖盘
2360,11:28:33,20.51,90248,44,卖盘
2361,11:28:36,20.51,30768,15,卖盘
2362,11:28:39,20.52,127171,62,买盘
2363,11:28:42,20.52,176462,86,买盘
2364,11:28:45,20.53,6159,3,买盘
2365,11:28:48,20.52,10260,5,卖盘
2366,11:28:51,20.52,18474,9,卖盘
2367,11:28:54,20.52,199049,97,卖盘
2368,11:28:57,20.53,34891,17,买盘
2369,11:29:00,20.53,84182,41,卖盘
2370,11:29:03,20.53,201135,98,买盘
2371,11:29:06,20.53,63626,31,买盘
2372,11:29:09,20.53,32848,16,买盘
2373,11:29:12,20.52,273042,133,卖盘
2374,11:29:15,20.53,51320,25,买盘
2375,11:29:18,20.53,98564,48,卖盘
2376,11:29:21,20.53,268973,131,卖盘
2377,11:29:24,20.54,197071,96,买盘
2378,11:29:27,20.54,149979,73,买盘
2379,11:29:30,20.54,226007,110,卖盘
2380,11:29:33,20.56,84290,41,买盘
2381,11:29:36,20.56,137672,67,买盘
2382,11:29:39,20.54,18500,9,卖盘
2383,11:29:42,20.55,374010,182,中性盘
2384,11:29:45,20.55,34921,17,买盘
2385,11:29:48,20.54,164449,80,卖盘
2386,11:29:51,20.56,110991,54,买盘
2387,11:29:54,20.57,135750,66,买盘
2388,11:29:57,20.58,137820,67,买盘
2389,11:30:00,20.54,168440,82,卖盘
2390,13:00:00,20.54,1009509,491,买盘
2391,13:00:03,20.53,1283838,625,卖盘
2392,13:00:06,20.53,677269,330,卖盘
2393,13:00:09,20.46,4958154,2420,卖盘
2394,13:00:12,20.49,223141,109,买盘
2395,13:00:15,20.46,75702,37,卖盘
2396,13:00:18,20.47,49131,24,卖盘
2397,13:00:21,20.47,6141,3,卖盘
2398,13:00:24,20.49,63509,31,买盘
2399,13:00:27,20.49,96250,47,买盘
2400,13:00:30,20.47,32764,16,卖盘
2401,13:00:33,20.47,415547,203,卖盘
2402,13:00:36,20.49,6147,3,买盘
2403,13:00:39,20.47,129062,63,卖盘
2404,13:00:42,20.48,67575,33,中性盘
2405,13:00:45,20.48,73738,36,中性盘
2406,13:00:48,20.48,34817,17,卖盘
2407,13:00:51,20.48,147469,72,卖盘
2408,13:00:54,20.51,428785,209,买盘
2409,13:00:57,20.51,104601,51,卖盘
2410,13:01:00,20.51,422555,206,卖盘
2411,13:01:03,20.54,139621,68,中性盘
2412,13:01:06,20.6,228531,111,买盘
2413,13:01:09,20.57,63767,31,卖盘
2414,13:01:12,20.58,277722,135,中性盘
2415,13:01:15,20.56,228225,111,卖盘
2416,13:01:18,20.58,374581,182,买盘
2417,13:01:21,20.58,135784,66,买盘
2418,13:01:24,20.56,39092,19,买盘
2419,13:01:27,20.54,61636,30,卖盘
2420,13:01:30,20.53,63670,31,卖盘
2421,13:01:33,20.53,24637,12,卖盘
2422,13:01:36,20.54,143714,70,买盘
2423,13:01:39,20.54,153998,75,买盘
2424,13:01:42,20.53,102658,50,卖盘
2425,13:01:45,20.53,41055,20,买盘
2426,13:01:48,20.52,273007,133,卖盘
2427,13:01:51,20.53,10263,5,中性盘
2428,13:01:54,20.52,28728,14,卖盘
2429,13:01:57,20.52,49247,24,买盘
2430,13:02:00,20.51,32817,16,卖盘
2431,13:02:03,20.51,131264,64,卖盘
2432,13:02:06,20.51,88169,43,买盘
2433,13:02:09,20.5,186461,91,卖盘
2434,13:02:12,20.47,853955,417,卖盘
2435,13:02:15,20.49,36881,18,买盘
2436,13:02:18,20.48,18438,9,中性盘
2437,13:02:21,20.47,204679,100,卖盘
2438,13:02:24,20.47,67551,33,卖盘
2439,13:02:27,20.46,740626,362,卖盘
2440,13:02:30,20.46,290629,142,买盘
2441,13:02:33,20.45,65461,32,卖盘
2442,13:02:36,20.46,184095,90,卖盘
2443,13:02:39,20.46,288568,141,卖盘
2444,13:02:42,20.46,667490,326,卖盘
2445,13:02:45,20.46,767272,375,卖盘
2446,13:02:48,20.46,75692,37,买盘
2447,13:02:51,20.45,2227082,1089,卖盘
2448,13:02:54,20.45,38860,19,卖盘
2449,13:02:57,20.45,308790,151,买盘
2450,13:03:00,20.45,388418,190,买盘
2451,13:03:03,20.45,85890,42,卖盘
2452,13:03:06,20.45,135056,66,卖盘
2453,13:03:09,20.45,75677,37,卖盘
2454,13:03:12,20.46,63409,31,买盘
2455,13:03:15,20.46,151351,74,买盘
2456,13:03:18,20.46,638340,312,买盘
2457,13:03:21,20.46,53196,26,卖盘
2458,13:03:24,20.46,276239,135,卖盘
2459,13:03:27,20.48,133002,65,买盘
2460,13:03:30,20.46,296774,145,卖盘
2461,13:03:33,20.48,10235,5,买盘
2462,13:03:36,20.46,98281,48,卖盘
2463,13:03:39,20.48,4096,2,买盘
2464,13:03:42,20.46,34784,17,卖盘
2465,13:03:45,20.47,18420,9,中性盘
2466,13:03:48,20.47,40934,20,买盘
2467,13:03:51,20.47,308977,151,买盘
2468,13:03:54,20.47,212878,104,买盘
2469,13:03:57,20.47,227233,111,卖盘
2470,13:04:00,20.47,81880,40,卖盘
2471,13:04:03,20.47,92117,45,卖盘
2472,13:04:06,20.47,34799,17,买盘
2473,13:04:09,20.46,32750,16,卖盘
2474,13:04:12,20.46,102323,50,卖盘
2475,13:04:15,20.47,294724,144,买盘
2476,13:04:18,20.48,73698,36,买盘
2477,13:04:21,20.47,2248732,1099,卖盘
2478,13:04:24,20.47,16376,8,买盘
2479,13:04:27,20.47,12282,6,买盘
2480,13:04:30,20.47,182168,89,卖盘
2481,13:04:33,20.47,65497,32,买盘
2482,13:04:36,20.47,137149,67,买盘
2483,13:04:39,20.46,98230,48,卖盘
2484,13:04:42,20.46,474741,232,卖盘
2485,13:04:45,20.46,128941,63,卖盘
2486,13:04:48,20.46,208697,102,卖盘
2487,13:04:51,20.47,208712,102,买盘
2488,13:04:54,20.46,261888,128,卖盘
2489,13:04:57,20.47,2861237,1399,买盘
2490,13:05:00,20.47,415504,203,买盘
2491,13:05:03,20.46,100277,49,卖盘
2492,13:05:06,20.47,28658,14,买盘
2493,13:05:09,20.47,118714,58,买盘
2494,13:05:12,20.46,182121,89,卖盘
2495,13:05:15,20.46,239388,117,卖盘
2496,13:05:18,20.46,282361,138,卖盘
2497,13:05:21,20.46,12276,6,卖盘
2498,13:05:24,20.46,10230,5,卖盘
2499,13:05:27,20.46,493086,241,卖盘
2500,13:05:30,20.46,81839,40,买盘
2501,13:05:33,20.45,69532,34,卖盘
2502,13:05:36,20.45,1537856,752,卖盘
2503,13:05:39,20.44,165624,81,卖盘
2504,13:05:42,20.44,69497,34,卖盘
2505,13:05:45,20.44,163523,80,卖盘
2506,13:05:48,20.45,188090,92,买盘
2507,13:05:51,20.44,190103,93,卖盘
2508,13:05:54,20.45,265812,130,买盘
2509,13:05:57,20.44,652252,319,卖盘
2510,13:06:00,20.45,278136,136,买盘
2511,13:06:03,20.45,237220,116,卖盘
2512,13:06:06,20.45,198406,97,卖盘
2513,13:06:09,20.47,110498,54,买盘
2514,13:06:12,20.46,2856634,1397,中性盘
2515,13:06:15,20.46,636578,311,买盘
2516,13:06:18,20.46,131038,64,卖盘
2517,13:06:21,20.46,317142,155,卖盘
2518,13:06:24,20.48,90112,44,卖盘
2519,13:06:27,20.46,165886,81,卖盘
2520,13:06:30,20.48,219307,107,买盘
2521,13:06:33,20.5,215064,105,买盘
2522,13:06:36,20.5,10250,5,买盘
2523,13:06:39,20.5,2050,1,买盘
2524,13:06:42,20.5,28700,14,买盘
2525,13:06:45,20.5,65596,32,买盘
2526,13:06:48,20.5,2050,1,卖盘
2527,13:06:51,20.5,166081,81,卖盘
2528,13:06:54,20.48,428353,209,卖盘
2529,13:06:57,20.49,20487,10,买盘
2530,13:07:00,20.48,28672,14,卖盘
2531,13:07:03,20.48,141321,69,买盘
2532,13:07:06,20.48,14336,7,卖盘
2533,13:07:09,20.49,98315,48,买盘
2534,13:07:12,20.48,241678,118,卖盘
2535,13:07:15,20.48,286718,140,卖盘
2536,13:07:18,20.48,26624,13,买盘
2537,13:07:21,20.47,163799,80,卖盘
2538,13:07:24,20.47,28661,14,卖盘
2539,13:07:27,20.48,173996,85,买盘
2540,13:07:30,20.47,73709,36,卖盘
2541,13:07:33,20.47,79851,39,卖盘
2542,13:07:36,20.47,225179,110,卖盘
2543,13:07:39,20.47,98258,48,卖盘
2544,13:07:42,20.48,85995,42,买盘
2545,13:07:45,20.46,106409,52,卖盘
2546,13:07:48,20.46,24557,12,卖盘
2547,13:07:51,20.46,924619,452,卖盘
2548,13:07:54,20.46,122772,60,卖盘
2549,13:07:57,20.46,372473,182,卖盘
2550,13:08:00,20.46,42967,21,卖盘
2551,13:08:03,20.46,171864,84,买盘
2552,13:08:06,20.46,55242,27,卖盘
2553,13:08:09,20.46,155496,76,卖盘
2554,13:08:12,20.46,130980,64,卖盘
2555,13:08:15,20.46,73662,36,卖盘
2556,13:08:18,20.47,145270,71,买盘
2557,13:08:21,20.44,1960850,959,卖盘
2558,13:08:24,20.46,171867,84,买盘
2559,13:08:27,20.47,194457,95,买盘
2560,13:08:30,20.45,128906,63,卖盘
2561,13:08:33,20.45,306601,150,买盘
2562,13:08:36,20.44,132885,65,卖盘
2563,13:08:39,20.46,128840,63,买盘
2564,13:08:42,20.45,67485,33,卖盘
2565,13:08:45,20.44,134960,66,卖盘
2566,13:08:48,20.45,26585,13,买盘
2567,13:08:51,20.45,44987,22,买盘
2568,13:08:54,20.44,104244,51,卖盘
2569,13:08:57,20.44,513209,251,卖盘
2570,13:09:00,20.45,288237,141,买盘
2571,13:09:03,20.45,578728,283,买盘
2572,13:09:06,20.45,38855,19,卖盘
2573,13:09:09,20.45,141113,69,卖盘
2574,13:09:12,20.45,32720,16,卖盘
2575,13:09:15,20.45,188141,92,卖盘
2576,13:09:18,20.45,92025,45,买盘
2577,13:09:21,20.45,171780,84,卖盘
2578,13:09:24,20.45,30676,15,卖盘
2579,13:09:27,20.45,151334,74,卖盘
2580,13:09:30,20.45,143178,70,卖盘
2581,13:09:33,20.45,265853,130,卖盘
2582,13:09:36,20.45,171836,84,卖盘
2583,13:09:39,20.45,73626,36,卖盘
2584,13:09:42,20.46,329344,161,买盘
2585,13:09:45,20.46,124762,61,中性盘
2586,13:09:48,20.47,67538,33,买盘
2587,13:09:51,20.47,133000,65,买盘
2588,13:09:54,20.46,200484,98,卖盘
2589,13:09:57,20.46,96154,47,买盘
2590,13:10:00,20.46,141106,69,买盘
2591,13:10:03,20.46,196371,96,买盘
2592,13:10:06,20.45,149288,73,卖盘
2593,13:10:09,20.45,73643,36,卖盘
2594,13:10:12,20.45,286344,140,卖盘
2595,13:10:15,20.45,40900,20,买盘
2596,13:10:18,20.45,59304,29,买盘
2597,13:10:21,20.44,292305,143,卖盘
2598,13:10:24,20.45,310751,152,买盘
2599,13:10:27,20.44,253470,124,卖盘
2600,13:10:30,20.44,2261935,1107,卖盘
2601,13:10:33,20.43,326055,160,卖盘
2602,13:10:36,20.43,106236,52,买盘
2603,13:10:39,20.42,122557,60,卖盘
2604,13:10:42,20.43,225605,110,买盘
2605,13:10:45,20.43,483267,237,卖盘
2606,13:10:48,20.43,151183,74,卖盘
2607,13:10:51,20.43,128710,63,卖盘
2608,13:10:54,20.43,179769,88,卖盘
2609,13:10:57,20.43,386126,189,买盘
2610,13:11:00,20.43,392156,192,买盘
2611,13:11:03,20.44,132818,65,买盘
2612,13:11:06,20.44,260412,127,买盘
2613,13:11:09,20.44,482180,236,卖盘
2614,13:11:12,20.44,141034,69,买盘
2615,13:11:15,20.43,701060,343,卖盘
2616,13:11:18,20.44,1754114,859,买盘
2617,13:11:21,20.44,36775,18,买盘
2618,13:11:24,20.44,18391,9,买盘
2619,13:11:27,20.44,100123,49,买盘
2620,13:11:30,20.44,98083,48,买盘
2621,13:11:33,20.43,453580,222,卖盘
2622,13:11:36,20.43,269740,132,买盘
2623,13:11:39,20.42,81696,40,卖盘
2624,13:11:42,20.42,61272,30,卖盘
2625,13:11:45,20.42,226675,111,卖盘
2626,13:11:48,20.42,102101,50,卖盘
2627,13:11:51,20.43,620849,304,买盘
2628,13:11:54,20.43,40848,20,中性盘
2629,13:11:57,20.43,196052,96,买盘
2630,13:12:00,20.42,567765,278,卖盘
2631,13:12:03,20.43,253217,124,买盘
2632,13:12:06,20.42,305463,150,卖盘
2633,13:12:09,20.42,339003,166,卖盘
2634,13:12:12,20.42,200075,98,卖盘
2635,13:12:15,20.41,206237,101,卖盘
2636,13:12:18,20.41,169451,83,卖盘
2637,13:12:21,20.41,620475,304,卖盘
2638,13:12:24,20.42,97986,48,买盘
2639,13:12:27,20.41,920770,451,卖盘
2640,13:12:30,20.42,134765,66,买盘
2641,13:12:33,20.42,1090619,534,买盘
2642,13:12:36,20.42,2777839,1360,卖盘
2643,13:12:39,20.42,243116,119,卖盘
2644,13:12:42,20.44,171541,84,中性盘
2645,13:12:45,20.44,108244,53,买盘
2646,13:12:48,20.42,132730,65,卖盘
2647,13:12:51,20.42,76412,37,卖盘
2648,13:12:54,20.42,308385,151,卖盘
2649,13:12:57,20.42,268688,132,卖盘
2650,13:13:00,20.41,453139,222,卖盘
2651,13:13:03,20.42,130696,64,买盘
2652,13:13:06,20.42,144929,71,中性盘
2653,13:13:09,20.42,191901,94,买盘
2654,13:13:12,20.41,177613,87,卖盘
2655,13:13:15,20.42,75546,37,中性盘
2656,13:13:18,20.41,181708,89,卖盘
2657,13:13:21,20.42,73514,36,买盘
2658,13:13:24,20.41,263413,129,卖盘
2659,13:13:27,20.41,253153,124,卖盘
2660,13:13:30,20.42,465493,228,买盘
2661,13:13:33,20.43,271633,133,买盘
2662,13:13:36,20.43,339114,166,买盘
2663,13:13:39,20.44,47000,23,买盘
2664,13:13:42,20.44,380128,186,买盘
2665,13:13:45,20.43,648529,317,卖盘
2666,13:13:48,20.44,470093,230,买盘
2667,13:13:51,20.43,185938,91,卖盘
2668,13:13:54,20.45,114490,56,买盘
2669,13:13:57,20.44,494422,242,卖盘
2670,13:14:00,20.44,173736,85,买盘
2671,13:14:03,20.43,18394,9,卖盘
2672,13:14:06,20.44,312567,153,买盘
2673,13:14:09,20.43,130772,64,中性盘
2674,13:14:12,20.42,114406,56,卖盘
2675,13:14:15,20.42,198104,97,卖盘
2676,13:14:18,20.42,261430,128,卖盘
2677,13:14:21,20.43,194007,95,买盘
2678,13:14:24,20.42,71488,35,卖盘
2679,13:14:27,20.44,108290,53,买盘
2680,13:14:30,20.43,77636,38,卖盘
2681,13:14:33,20.43,322807,158,卖盘
2682,13:14:36,20.43,1278402,626,卖盘
2683,13:14:39,20.42,65373,32,卖盘
2684,13:14:42,20.42,42884,21,卖盘
2685,13:14:45,20.42,63314,31,卖盘
2686,13:14:48,20.41,647213,317,卖盘
2687,13:14:51,20.42,32672,16,买盘
2688,13:14:54,20.42,202074,99,买盘
2689,13:14:57,20.42,165333,81,买盘
2690,13:15:00,20.42,871541,427,买盘
2691,13:15:03,20.42,263355,129,买盘
2692,13:15:06,20.41,220485,108,卖盘
2693,13:15:09,20.41,118417,58,卖盘
2694,13:15:12,20.41,1230765,603,卖盘
2695,13:15:15,20.41,144912,71,卖盘
2696,13:15:18,20.41,710297,348,卖盘
2697,13:15:21,20.42,851163,417,买盘
2698,13:15:24,20.41,1079717,529,卖盘
2699,13:15:27,20.41,246068,121,卖盘
2700,13:15:30,20.41,79599,39,买盘
2701,13:15:33,20.41,197929,97,买盘
2702,13:15:36,20.41,322354,158,买盘
2703,13:15:39,20.42,1227900,601,买盘
2704,13:15:42,20.42,522900,256,卖盘
2705,13:15:45,20.45,823433,403,买盘
2706,13:15:48,20.42,98066,48,中性盘
2707,13:15:51,20.43,73648,36,卖盘
2708,13:15:54,20.45,100197,49,买盘
2709,13:15:57,20.45,447719,219,买盘
2710,13:16:00,20.45,132925,65,卖盘
2711,13:16:03,20.45,57240,28,买盘
2712,13:16:06,20.45,243299,119,买盘
2713,13:16:09,20.45,87935,43,买盘
2714,13:16:12,20.45,83845,41,卖盘
2715,13:16:15,20.44,134929,66,卖盘
2716,13:16:18,20.43,147166,72,卖盘
2717,13:16:21,20.44,42917,21,买盘
2718,13:16:24,20.43,312634,153,卖盘
2719,13:16:27,20.43,140965,69,买盘
2720,13:16:30,20.42,57195,28,卖盘
2721,13:16:33,20.42,69444,34,卖盘
2722,13:16:36,20.42,232802,114,卖盘
2723,13:16:39,20.42,163375,80,卖盘
2724,13:16:42,20.42,163360,80,卖盘
2725,13:16:45,20.42,122518,60,买盘
2726,13:16:48,20.43,163329,80,买盘
2727,13:16:51,20.41,210308,103,卖盘
2728,13:16:54,20.41,247050,121,卖盘
2729,13:16:57,20.42,177621,87,买盘
2730,13:17:00,20.41,151083,74,卖盘
2731,13:17:03,20.43,306338,150,买盘
2732,13:17:06,20.42,116420,57,中性盘
2733,13:17:09,20.42,298148,146,卖盘
2734,13:17:12,20.42,63307,31,卖盘
2735,13:17:15,20.42,392049,192,买盘
2736,13:17:18,20.42,149046,73,买盘
2737,13:17:21,20.41,95932,47,卖盘
2738,13:17:24,20.41,371474,182,卖盘
2739,13:17:27,20.41,1124620,551,卖盘
2740,13:17:30,20.42,255178,125,买盘
2741,13:17:33,20.41,122447,60,中性盘
2742,13:17:36,20.4,246877,121,卖盘
2743,13:17:39,20.4,446820,219,卖盘
2744,13:17:42,20.4,102058,50,卖盘
2745,13:17:45,20.4,87735,43,卖盘
2746,13:17:48,20.4,314192,154,卖盘
2747,13:17:51,20.4,967084,474,卖盘
2748,13:17:54,20.4,3602650,1766,卖盘
2749,13:17:57,20.4,622208,305,卖盘
2750,13:18:00,20.4,444730,218,卖盘
2751,13:18:03,20.4,354980,174,卖盘
2752,13:18:06,20.4,403928,198,卖盘
2753,13:18:09,20.4,412141,202,卖盘
2754,13:18:12,20.41,216282,106,买盘
2755,13:18:15,20.4,1695284,831,卖盘
2756,13:18:18,20.41,267263,131,买盘
2757,13:18:21,20.4,558989,274,卖盘
2758,13:18:24,20.4,805862,395,卖盘
2759,13:18:27,20.4,605905,297,卖盘
2760,13:18:30,20.4,765005,375,卖盘
2761,13:18:33,20.4,2835666,1390,卖盘
2762,13:18:36,20.39,2297049,1126,卖盘
2763,13:18:39,20.4,150907,74,中性盘
2764,13:18:42,20.4,736341,361,买盘
2765,13:18:45,20.4,308036,151,卖盘
2766,13:18:48,20.42,2098246,1028,买盘
2767,13:18:51,20.44,1459728,714,买盘
2768,13:18:54,20.44,298690,146,卖盘
2769,13:18:57,20.48,137054,67,中性盘
2770,13:19:00,20.49,754289,369,买盘
2771,13:19:03,20.48,87936,43,买盘
2772,13:19:06,20.45,79753,39,卖盘
2773,13:19:09,20.48,45041,22,买盘
2774,13:19:12,20.45,200625,98,卖盘
2775,13:19:15,20.44,75652,37,卖盘
2776,13:19:18,20.44,124715,61,卖盘
2777,13:19:21,20.44,53136,26,买盘
2778,13:19:24,20.42,206442,101,卖盘
2779,13:19:27,20.43,249099,122,中性盘
2780,13:19:30,20.42,332881,163,中性盘
2781,13:19:33,20.43,132701,65,中性盘
2782,13:19:36,20.42,149120,73,卖盘
2783,13:19:39,20.42,140903,69,卖盘
2784,13:19:42,20.43,907038,444,买盘
2785,13:19:45,20.42,310415,152,中性盘
2786,13:19:48,20.42,545187,267,买盘
2787,13:19:51,20.42,220553,108,卖盘
2788,13:19:54,20.43,100104,49,买盘
2789,13:19:57,20.43,394125,193,买盘
2790,13:20:00,20.43,51075,25,卖盘
2791,13:20:03,20.43,171572,84,卖盘
2792,13:20:06,20.42,114360,56,卖盘
2793,13:20:09,20.41,251110,123,卖盘
2794,13:20:12,20.41,179649,88,卖盘
2795,13:20:15,20.41,28581,14,卖盘
2796,13:20:18,20.41,140829,69,卖盘
2797,13:20:21,20.4,297948,146,卖盘
2798,13:20:24,20.4,183656,90,卖盘
2799,13:20:27,20.4,350905,172,卖盘
2800,13:20:30,20.4,324400,159,卖盘
2801,13:20:33,20.4,393720,193,卖盘
2802,13:20:36,20.4,622206,305,卖盘
2803,13:20:39,20.4,183602,90,卖盘
2804,13:20:42,20.4,446761,219,卖盘
2805,13:20:45,20.41,361117,177,买盘
2806,13:20:48,20.4,120360,59,卖盘
2807,13:20:51,20.4,171367,84,中性盘
2808,13:20:54,20.4,85687,42,卖盘
2809,13:20:57,20.39,204004,100,卖盘
2810,13:21:00,20.39,67321,33,卖盘
2811,13:21:03,20.4,36720,18,买盘
2812,13:21:06,20.39,154982,76,卖盘
2813,13:21:09,20.39,181485,89,卖盘
2814,13:21:12,20.39,1429564,701,卖盘
2815,13:21:15,20.39,205985,101,卖盘
2816,13:21:18,20.4,699665,343,买盘
2817,13:21:21,20.4,165187,81,中性盘
2818,13:21:24,20.39,803974,394,卖盘
2819,13:21:27,20.42,199955,98,中性盘
2820,13:21:30,20.41,167362,82,卖盘
2821,13:21:33,20.41,61236,30,卖盘
2822,13:21:36,20.42,138842,68,买盘
2823,13:21:39,20.41,185773,91,卖盘
2824,13:21:42,20.41,236794,116,卖盘
2825,13:21:45,20.41,289878,142,买盘
2826,13:21:48,20.41,1040908,510,买盘
2827,13:21:51,20.42,439026,215,买盘
2828,13:21:54,20.41,42861,21,卖盘
2829,13:21:57,20.41,34704,17,卖盘
2830,13:22:00,20.41,48989,24,卖盘
2831,13:22:03,20.4,2356806,1154,卖盘
2832,13:22:06,20.44,75703,37,卖盘
2833,13:22:09,20.44,445628,218,卖盘
2834,13:22:12,20.44,284131,139,卖盘
2835,13:22:15,20.44,292235,143,卖盘
2836,13:22:18,20.44,161626,79,卖盘
2837,13:22:21,20.48,184081,90,买盘
2838,13:22:24,20.48,188270,92,买盘
2839,13:22:27,20.48,1048576,512,买盘
2840,13:22:30,20.48,24566,12,买盘
2841,13:22:33,20.47,98257,48,卖盘
2842,13:22:36,20.48,333779,163,买盘
2843,13:22:39,20.47,88012,43,买盘
2844,13:22:42,20.47,26614,13,买盘
2845,13:22:45,20.46,126862,62,中性盘
2846,13:22:48,20.47,454128,222,买盘
2847,13:22:51,20.46,104356,51,卖盘
2848,13:22:54,20.44,202583,99,卖盘
2849,13:22:57,20.44,26584,13,卖盘
2850,13:23:00,20.46,47054,23,买盘
2851,13:23:03,20.44,116513,57,卖盘
2852,13:23:06,20.45,128874,63,中性盘
2853,13:23:09,20.44,63366,31,卖盘
2854,13:23:12,20.46,77703,38,买盘
2855,13:23:15,20.45,61366,30,卖盘
2856,13:23:18,20.45,28630,14,卖盘
2857,13:23:21,20.46,241405,118,买盘
2858,13:23:24,20.45,337547,165,卖盘
2859,13:23:27,20.45,71572,35,买盘
2860,13:23:30,20.45,55212,27,买盘
2861,13:23:33,20.44,49067,24,卖盘
2862,13:23:36,20.44,53147,26,卖盘
2863,13:23:39,20.44,40886,20,卖盘
2864,13:23:42,20.45,71561,35,买盘
2865,13:23:45,20.44,296443,145,卖盘
2866,13:23:48,20.44,155339,76,买盘
2867,13:23:51,20.45,887362,434,买盘
2868,13:23:54,20.45,173754,85,买盘
2869,13:23:57,20.44,81765,40,卖盘
2870,13:24:00,20.45,124745,61,买盘
2871,13:24:03,20.44,175866,86,卖盘
2872,13:24:06,20.45,110385,54,买盘
2873,13:24:09,20.44,183966,90,卖盘
2874,13:24:12,20.44,210537,103,买盘
2875,13:24:15,20.44,75609,37,中性盘
2876,13:24:18,20.44,104249,51,买盘
2877,13:24:21,20.45,71538,35,买盘
2878,13:24:24,20.44,124670,61,买盘
2879,13:24:27,20.44,87856,43,买盘
2880,13:24:30,20.43,138949,68,卖盘
2881,13:24:33,20.43,222703,109,卖盘
2882,13:24:36,20.44,292060,143,买盘
2883,13:24:39,20.43,20430,10,中性盘
2884,13:24:42,20.44,122603,60,买盘
2885,13:24:45,20.42,38810,19,卖盘
2886,13:24:48,20.42,69436,34,卖盘
2887,13:24:51,20.42,83726,41,卖盘
2888,13:24:54,20.42,106213,52,卖盘
2889,13:24:57,20.42,277773,136,卖盘
2890,13:25:00,20.42,518668,254,卖盘
2891,13:25:03,20.43,130749,64,买盘
2892,13:25:06,20.43,130752,64,卖盘
2893,13:25:09,20.43,71505,35,卖盘
2894,13:25:12,20.44,1637677,801,买盘
2895,13:25:15,20.46,216664,106,买盘
2896,13:25:18,20.49,917185,448,买盘
2897,13:25:21,20.5,2647953,1292,买盘
2898,13:25:24,20.53,365091,178,买盘
2899,13:25:27,20.52,41040,20,中性盘
2900,13:25:30,20.53,480603,234,买盘
2901,13:25:33,20.55,110807,54,买盘
2902,13:25:36,20.55,231946,113,买盘
2903,13:25:39,20.55,367795,179,买盘
2904,13:25:42,20.51,182637,89,中性盘
2905,13:25:45,20.5,721145,352,中性盘
2906,13:25:48,20.52,61508,30,买盘
2907,13:25:51,20.5,106558,52,中性盘
2908,13:25:54,20.5,73821,36,买盘
2909,13:25:57,20.5,75852,37,买盘
2910,13:26:00,20.52,112755,55,买盘
2911,13:26:03,20.5,32797,16,中性盘
2912,13:26:06,20.5,274540,134,买盘
2913,13:26:09,20.48,32796,16,卖盘
2914,13:26:12,20.48,2048,1,买盘
2915,13:26:15,20.48,88064,43,买盘
2916,13:26:18,20.5,192508,94,买盘
2917,13:26:21,20.48,81920,40,卖盘
2918,13:26:24,20.49,223245,109,买盘
2919,13:26:27,20.5,53255,26,买盘
2920,13:26:30,20.49,55321,27,中性盘
2921,13:26:33,20.48,1055313,516,卖盘
2922,13:26:36,20.48,49167,24,买盘
2923,13:26:39,20.47,323578,158,卖盘
2924,13:26:42,20.47,22517,11,买盘
2925,13:26:45,20.46,90064,44,卖盘
2926,13:26:48,20.47,98229,48,买盘
2927,13:26:51,20.46,51166,25,卖盘
2928,13:26:54,20.47,20473,10,中性盘
2929,13:26:57,20.46,104352,51,卖盘
2930,13:27:00,20.47,53197,26,买盘
2931,13:27:03,20.46,165720,81,买盘
2932,13:27:06,20.45,196349,96,卖盘
2933,13:27:09,20.45,12270,6,买盘
2934,13:27:12,20.45,159503,78,买盘
2935,13:27:15,20.45,194207,95,卖盘
2936,13:27:18,20.44,40878,20,中性盘
2937,13:27:21,20.43,71524,35,卖盘
2938,13:27:24,20.43,187956,92,卖盘
2939,13:27:27,20.42,108273,53,卖盘
2940,13:27:30,20.42,179705,88,卖盘
2941,13:27:33,20.42,396309,194,卖盘
2942,13:27:36,20.42,49013,24,卖盘
2943,13:27:39,20.42,49017,24,卖盘
2944,13:27:42,20.42,149071,73,卖盘
2945,13:27:45,20.43,118489,58,中性盘
2946,13:27:48,20.43,335101,164,卖盘
2947,13:27:51,20.42,112359,55,卖盘
2948,13:27:54,20.42,187901,92,卖盘
2949,13:27:57,20.43,57202,28,中性盘
2950,13:28:00,20.43,96024,47,卖盘
2951,13:28:03,20.43,341265,167,卖盘
2952,13:28:06,20.43,91935,45,卖盘
2953,13:28:09,20.43,165483,81,买盘
2954,13:28:12,20.43,2043,1,中性盘
2955,13:28:15,20.44,255387,125,卖盘
2956,13:28:18,20.44,32708,16,卖盘
2957,13:28:21,20.45,276014,135,买盘
2958,13:28:24,20.45,104289,51,买盘
2959,13:28:27,20.45,87914,43,买盘
2960,13:28:30,20.46,261920,128,买盘
2961,13:28:33,20.46,71610,35,卖盘
2962,13:28:36,20.46,73689,36,卖盘
2963,13:28:39,20.46,178009,87,卖盘
2964,13:28:42,20.46,22500,11,中性盘
2965,13:28:45,20.45,118641,58,卖盘
2966,13:28:48,20.45,42957,21,卖盘
2967,13:28:51,20.45,222925,109,卖盘
2968,13:28:54,20.45,406957,199,卖盘
2969,13:28:57,20.45,36810,18,卖盘
2970,13:29:00,20.45,73623,36,卖盘
2971,13:29:03,20.45,198367,97,卖盘
2972,13:29:06,20.45,114513,56,买盘
2973,13:29:09,20.45,24540,12,买盘
2974,13:29:12,20.44,67455,33,卖盘
2975,13:29:15,20.44,141065,69,卖盘
2976,13:29:18,20.44,59277,29,卖盘
2977,13:29:21,20.44,404712,198,买盘
2978,13:29:24,20.44,67447,33,买盘
2979,13:29:27,20.45,970883,475,买盘
2980,13:29:30,20.45,159510,78,卖盘
2981,13:29:33,20.44,349685,171,卖盘
2982,13:29:36,20.45,49062,24,买盘
2983,13:29:39,20.44,114469,56,卖盘
2984,13:29:42,20.44,157413,77,卖盘
2985,13:29:45,20.44,14308,7,卖盘
2986,13:29:48,20.44,703136,344,买盘
2987,13:29:51,20.44,18397,9,卖盘
2988,13:29:54,20.45,482549,236,买盘
2989,13:29:57,20.44,55202,27,卖盘
2990,13:30:00,20.44,94042,46,卖盘
2991,13:30:03,20.45,171732,84,买盘
2992,13:30:06,20.45,85889,42,买盘
2993,13:30:09,20.44,102200,50,卖盘
2994,13:30:12,20.44,75642,37,卖盘
2995,13:30:15,20.44,118552,58,买盘
2996,13:30:18,20.43,69471,34,卖盘
2997,13:30:21,20.43,77635,38,卖盘
2998,13:30:24,20.43,124623,61,卖盘
2999,13:30:27,20.44,234990,115,买盘
3000,13:30:30,20.43,110329,54,卖盘
3001,13:30:33,20.43,239051,117,卖盘
3002,13:30:36,20.42,32687,16,卖盘
3003,13:30:39,20.42,53117,26,卖盘
3004,13:30:42,20.43,251218,123,买盘
3005,13:30:45,20.42,267517,131,卖盘
3006,13:30:48,20.42,322759,158,卖盘
3007,13:30:51,20.42,357351,175,卖盘
3008,13:30:54,20.42,155193,76,卖盘
3009,13:30:57,20.42,379707,186,卖盘
3010,13:31:00,20.42,77587,38,买盘
3011,13:31:03,20.42,816474,400,买盘
3012,13:31:06,20.41,153097,75,卖盘
3013,13:31:09,20.41,489847,240,卖盘
3014,13:31:12,20.41,122465,60,卖盘
3015,13:31:15,20.42,383719,188,买盘
3016,13:31:18,20.41,222473,109,卖盘
3017,13:31:21,20.41,67353,33,买盘
3018,13:31:24,20.41,81654,40,中性盘
3019,13:31:27,20.41,179609,88,卖盘
3020,13:31:30,20.41,51025,25,卖盘
3021,13:31:33,20.42,118387,58,买盘
3022,13:31:36,20.42,30617,15,买盘
3023,13:31:39,20.42,698063,342,买盘
3024,13:31:42,20.41,406166,199,卖盘
3025,13:31:45,20.42,106156,52,买盘
3026,13:31:48,20.42,743231,364,买盘
3027,13:31:51,20.42,183740,90,中性盘
3028,13:31:54,20.42,71471,35,卖盘
3029,13:31:57,20.43,108228,53,买盘
3030,13:32:00,20.43,163377,80,买盘
3031,13:32:03,20.43,144994,71,买盘
3032,13:32:06,20.42,36756,18,卖盘
3033,13:32:09,20.42,95974,47,买盘
3034,13:32:12,20.42,104144,51,卖盘
3035,13:32:15,20.41,30628,15,卖盘
