,成交时间,成交价格,成交金额,成交量,性质
0,09:25:00,20.51,46010083,22433,卖盘
1,09:30:00,20.55,16341862,7940,买盘
2,09:30:03,20.65,28537431,13893,买盘
3,09:30:06,20.52,12113566,5890,卖盘
4,09:30:09,20.59,5407084,2632,卖盘
5,09:30:12,20.56,3012756,1465,卖盘
6,09:30:15,20.6,5148650,2508,买盘
7,09:30:18,20.6,3029385,1472,买盘
8,09:30:21,20.62,2007141,974,买盘
9,09:30:24,20.6,2811398,1364,卖盘
10,09:30:27,20.6,5062201,2456,卖盘
11,09:30:30,20.55,4792177,2330,卖盘
12,09:30:33,20.52,3150594,1535,卖盘
13,09:30:36,20.5,16165810,7883,卖盘
14,09:30:39,20.47,6377224,3114,卖盘
15,09:30:42,20.44,2841583,1389,卖盘
16,09:30:45,20.49,15225183,7446,买盘
17,09:30:48,20.49,15136150,7384,买盘
18,09:30:51,20.56,4142357,2020,买盘
19,09:30:54,20.59,3452770,1682,买盘
20,09:30:57,20.6,2867566,1392,买盘
21,09:31:00,20.67,1027557,498,买盘
22,09:31:03,20.72,4257320,2062,买盘
23,09:31:06,20.72,2196340,1061,买盘
24,09:31:09,20.69,3466147,1674,卖盘
25,09:31:12,20.67,3766633,1821,卖盘
26,09:31:15,20.66,2870369,1391,中性盘
27,09:31:18,20.67,2747298,1329,买盘
28,09:31:21,20.67,2895841,1401,中性盘
29,09:31:24,20.7,3181747,1538,卖盘
30,09:31:27,20.7,2606792,1261,买盘
31,09:31:30,20.68,2301171,1114,卖盘
32,09:31:33,20.67,1457824,705,卖盘
33,09:31:36,20.66,1712868,829,卖盘
34,09:31:39,20.64,1964025,952,卖盘
35,09:31:42,20.6,4463584,2166,卖盘
36,09:31:45,20.55,1233678,599,卖盘
37,09:31:48,20.55,1468219,714,卖盘
38,09:31:51,20.55,4402283,2142,卖盘
39,09:31:54,20.55,2159713,1051,卖盘
40,09:31:57,20.55,4949381,2405,买盘
41,09:32:00,20.64,1863535,906,买盘
42,09:32:03,20.6,1686439,818,中性盘
43,09:32:06,20.6,1948303,945,买盘
44,09:32:09,20.62,940463,456,买盘
45,09:32:12,20.66,1256685,609,买盘
46,09:32:15,20.68,2118605,1025,买盘
47,09:32:18,20.67,1157766,560,卖盘
48,09:32:21,20.7,1448611,700,买盘
49,09:32:24,20.76,1635471,789,买盘
50,09:32:27,20.78,1861770,897,买盘
51,09:32:30,20.8,2146055,1033,买盘
52,09:32:33,20.82,1216667,585,买盘
53,09:32:36,20.85,1809792,869,买盘
54,09:32:39,20.83,5145208,2472,卖盘
55,09:32:42,20.81,3231141,1551,中性盘
56,09:32:45,20.79,3407031,1638,卖盘
57,09:32:48,20.78,1985906,956,卖盘
58,09:32:51,20.79,2643828,1272,买盘
59,09:32:54,20.78,1124288,541,中性盘
60,09:32:57,20.78,1307698,629,卖盘
61,09:33:00,20.79,2168367,1044,买盘
62,09:33:03,20.77,1197010,576,卖盘
63,09:33:06,20.75,1077531,519,卖盘
64,09:33:09,20.73,1494441,720,卖盘
65,09:33:12,20.74,1613451,778,买盘
66,09:33:15,20.73,1558393,752,卖盘
67,09:33:18,20.73,3580933,1727,买盘
68,09:33:21,20.79,3899686,1876,买盘
69,09:33:24,20.79,1659395,798,卖盘
70,09:33:27,20.82,1173451,564,中性盘
71,09:33:30,20.84,1751480,841,买盘
72,09:33:33,20.84,602303,289,卖盘
73,09:33:36,20.85,1303159,625,买盘
74,09:33:39,20.86,1968368,944,买盘
75,09:33:42,20.87,2000301,959,买盘
76,09:33:45,20.87,2309390,1107,买盘
77,09:33:48,20.87,1619586,776,卖盘
78,09:33:51,20.86,2320772,1112,卖盘
79,09:33:54,20.84,1367344,656,中性盘
80,09:33:57,20.83,1081178,519,卖盘
81,09:34:00,20.82,1164082,559,卖盘
82,09:34:03,20.81,2346574,1127,卖盘
83,09:34:06,20.79,863275,415,卖盘
84,09:34:09,20.79,5180077,2490,卖盘
85,09:34:12,20.78,931342,448,卖盘
86,09:34:15,20.78,2269855,1092,卖盘
87,09:34:18,20.76,1986506,956,卖盘
88,09:34:21,20.76,774638,373,卖盘
89,09:34:24,20.74,911039,439,卖盘
90,09:34:27,20.74,877506,423,卖盘
91,09:34:30,20.74,530763,256,买盘
92,09:34:33,20.73,1838677,887,卖盘
93,09:34:36,20.72,611472,295,卖盘
94,09:34:39,20.71,764199,369,卖盘
95,09:34:42,20.7,849033,410,卖盘
96,09:34:45,20.71,683205,330,买盘
97,09:34:48,20.7,4041838,1952,卖盘
98,09:34:51,20.69,1575082,761,卖盘
99,09:34:54,20.7,3686785,1781,买盘
100,09:34:57,20.7,2683601,1296,买盘
101,09:35:00,20.71,4132897,1993,中性盘
102,09:35:03,20.73,808652,390,中性盘
103,09:35:06,20.76,1158597,559,中性盘
104,09:35:09,20.79,373830,180,买盘
105,09:35:12,20.8,1175001,565,买盘
106,09:35:15,20.8,892503,429,买盘
107,09:35:18,20.82,745114,358,买盘
108,09:35:21,20.85,718802,345,买盘
109,09:35:24,20.86,531468,255,买盘
110,09:35:27,20.86,1401722,672,买盘
111,09:35:30,20.86,1512186,725,卖盘
112,09:35:33,20.85,1464183,702,卖盘
113,09:35:36,20.85,2382260,1143,中性盘
114,09:35:39,20.81,1049970,504,卖盘
115,09:35:42,20.81,2243100,1078,卖盘
116,09:35:45,20.8,1204513,579,卖盘
117,09:35:48,20.81,742720,357,买盘
118,09:35:51,20.8,1016735,489,卖盘
119,09:35:54,20.78,727538,350,卖盘
120,09:35:57,20.77,776892,374,卖盘
121,09:36:00,20.75,788930,380,卖盘
122,09:36:03,20.75,802911,387,买盘
123,09:36:06,20.75,827914,399,买盘
124,09:36:09,20.76,1394309,672,中性盘
125,09:36:12,20.81,9518858,4578,买盘
126,09:36:15,20.82,1694691,813,中性盘
127,09:36:18,20.86,1495221,716,中性盘
128,09:36:21,20.92,745395,357,买盘
129,09:36:24,20.89,1001611,479,卖盘
130,09:36:27,20.93,1130456,540,买盘
131,09:36:30,20.95,410592,196,买盘
132,09:36:33,20.96,1137688,543,买盘
133,09:36:36,20.96,1678577,801,卖盘
134,09:36:39,20.96,1372691,655,卖盘
135,09:36:42,20.96,1455671,695,买盘
136,09:36:45,20.95,1283868,613,中性盘
137,09:36:48,20.94,1671410,798,卖盘
138,09:36:51,20.94,1276873,610,买盘
139,09:36:54,20.92,1142343,546,中性盘
140,09:36:57,20.89,447594,214,卖盘
141,09:37:00,20.9,579036,277,买盘
142,09:37:03,20.9,776741,372,买盘
143,09:37:06,20.9,672617,322,买盘
144,09:37:09,20.89,842151,403,卖盘
145,09:37:12,20.9,1069606,512,中性盘
146,09:37:15,20.87,881123,422,卖盘
147,09:37:18,20.85,559535,268,卖盘
148,09:37:21,20.84,508905,244,卖盘
149,09:37:24,20.83,381407,183,卖盘
150,09:37:27,20.8,1358826,653,卖盘
151,09:37:30,20.82,609794,293,买盘
152,09:37:33,20.79,804658,387,卖盘
153,09:37:36,20.79,1187288,571,买盘
154,09:37:39,20.79,2155561,1037,卖盘
155,09:37:42,20.78,823091,396,中性盘
156,09:37:45,20.79,927256,446,买盘
157,09:37:48,20.78,1246892,600,卖盘
158,09:37:51,20.79,2322809,1117,买盘
159,09:37:54,20.85,1637861,788,买盘
160,09:37:57,20.79,1445153,695,卖盘
161,09:38:00,20.79,979989,471,卖盘
162,09:38:03,20.79,553397,266,买盘
163,09:38:06,20.79,804732,387,卖盘
164,09:38:09,20.83,1133308,545,买盘
165,09:38:12,20.82,738969,355,卖盘
166,09:38:15,20.82,624703,300,卖盘
167,09:38:18,20.82,451940,217,买盘
168,09:38:21,20.8,903424,434,卖盘
169,09:38:24,20.81,276759,133,中性盘
170,09:38:27,20.82,643025,309,买盘
171,09:38:30,20.81,813731,391,卖盘
172,09:38:33,20.82,620091,298,买盘
173,09:38:36,20.81,703315,338,中性盘
174,09:38:39,20.82,955173,459,买盘
175,09:38:42,20.81,793083,381,卖盘
176,09:38:45,20.81,713833,343,卖盘
177,09:38:48,20.82,1679043,807,买盘
178,09:38:51,20.8,775850,373,卖盘
179,09:38:54,20.8,3437009,1653,卖盘
180,09:38:57,20.79,819574,394,卖盘
181,09:39:00,20.8,1981160,953,买盘
182,09:39:03,20.99,9005406,4308,买盘
183,09:39:06,20.96,4772964,2273,卖盘
184,09:39:09,20.96,505540,241,卖盘
185,09:39:12,20.98,280850,134,买盘
186,09:39:15,20.97,930950,444,中性盘
187,09:39:18,20.95,580019,277,中性盘
188,09:39:21,20.95,353992,169,买盘
189,09:39:24,20.91,906934,433,卖盘
190,09:39:27,20.95,1102189,526,买盘
191,09:39:30,20.97,2330899,1114,买盘
192,09:39:33,20.98,429600,205,买盘
193,09:39:36,20.97,320801,153,中性盘
194,09:39:39,20.97,482340,230,买盘
195,09:39:42,20.98,518045,247,买盘
196,09:39:45,20.97,1160384,553,卖盘
197,09:39:48,20.99,1149907,548,买盘
198,09:39:51,20.99,999231,476,卖盘
199,09:39:54,21.0,2380050,1134,买盘
200,09:39:57,21.0,1984196,945,买盘
201,09:40:00,21.0,2806353,1338,卖盘
202,09:40:03,20.97,1361656,649,卖盘
203,09:40:06,20.93,2295778,1096,卖盘
204,09:40:09,20.95,778481,372,买盘
205,09:40:12,20.89,847062,405,卖盘
206,09:40:15,20.9,361394,173,买盘
207,09:40:18,20.88,597333,286,卖盘
208,09:40:21,20.88,1501926,719,买盘
209,09:40:24,20.87,524051,251,中性盘
210,09:40:27,20.88,407162,195,卖盘
211,09:40:30,20.91,843615,404,买盘
212,09:40:33,20.9,319628,153,中性盘
213,09:40:36,20.9,422161,202,卖盘
214,09:40:39,20.88,1136449,544,卖盘
215,09:40:42,20.91,827560,396,买盘
216,09:40:45,20.92,809012,387,买盘
217,09:40:48,20.89,846436,405,卖盘
218,09:40:51,20.89,171298,82,买盘
219,09:40:54,20.9,2721725,1302,买盘
220,09:40:57,20.88,2015223,965,卖盘
221,09:41:00,20.89,735163,352,中性盘
222,09:41:03,20.89,522283,250,买盘
223,09:41:06,20.9,543086,260,买盘
224,09:41:09,20.89,704139,337,卖盘
225,09:41:12,20.89,714419,342,买盘
226,09:41:15,20.88,787439,377,卖盘
227,09:41:18,20.88,1244889,596,卖盘
228,09:41:21,20.88,733152,351,卖盘
229,09:41:24,20.88,484467,232,卖盘
230,09:41:27,20.88,423918,203,卖盘
231,09:41:30,20.88,442596,212,买盘
232,09:41:33,20.87,594905,285,卖盘
233,09:41:36,20.87,910162,436,卖盘
234,09:41:39,20.86,304646,146,卖盘
235,09:41:42,20.86,488187,234,卖盘
236,09:41:45,20.86,1080596,518,卖盘
237,09:41:48,20.86,1015732,487,买盘
238,09:41:51,20.85,867357,416,卖盘
239,09:41:54,20.85,688151,330,买盘
240,09:41:57,20.85,921471,442,买盘
241,09:42:00,20.89,3817387,1830,买盘
242,09:42:03,20.91,7614005,3630,买盘
243,09:42:06,21.01,777144,371,买盘
244,09:42:09,21.0,1205490,576,卖盘
245,09:42:12,20.91,707212,338,卖盘
246,09:42:15,20.93,200932,96,买盘
247,09:42:18,20.93,303446,145,买盘
248,09:42:21,20.98,412435,197,买盘
249,09:42:24,20.95,98465,47,中性盘
250,09:42:27,20.95,404175,193,买盘
251,09:42:30,20.95,919700,439,卖盘
252,09:42:33,20.9,2519690,1204,卖盘
253,09:42:36,20.9,901146,431,买盘
254,09:42:39,20.89,1347393,645,卖盘
255,09:42:42,20.87,576449,276,卖盘
256,09:42:45,20.86,1513949,726,卖盘
257,09:42:48,20.85,292024,140,买盘
258,09:42:51,20.83,508357,244,卖盘
259,09:42:54,20.82,812105,390,卖盘
260,09:42:57,20.8,1167531,561,卖盘
261,09:43:00,20.8,1306439,628,卖盘
262,09:43:03,20.8,1697404,816,卖盘
263,09:43:06,20.8,794360,382,买盘
264,09:43:09,20.79,1634616,786,卖盘
265,09:43:12,20.79,1737844,836,卖盘
266,09:43:15,20.77,1465877,705,卖盘
267,09:43:18,20.76,874471,421,卖盘
268,09:43:21,20.76,508694,245,卖盘
269,09:43:24,20.79,4988047,2401,买盘
270,09:43:27,20.78,2672072,1287,卖盘
271,09:43:30,20.78,608606,293,买盘
272,09:43:33,20.78,757879,365,中性盘
273,09:43:36,20.78,1686411,812,卖盘
274,09:43:39,20.77,1102941,531,中性盘
275,09:43:42,20.76,1278673,616,卖盘
276,09:43:45,20.74,719902,347,卖盘
277,09:43:48,20.74,433413,209,买盘
278,09:43:51,20.75,3395544,1637,买盘
279,09:43:54,20.75,1242760,599,卖盘
280,09:43:57,20.75,1357187,654,卖盘
281,09:44:00,20.75,1161822,560,卖盘
282,09:44:03,20.74,935598,451,卖盘
283,09:44:06,20.74,809024,390,卖盘
284,09:44:09,20.73,1964413,947,卖盘
285,09:44:12,20.74,1436916,693,买盘
286,09:44:15,20.73,1432745,691,卖盘
287,09:44:18,20.73,599159,289,买盘
288,09:44:21,20.74,1661835,802,买盘
289,09:44:24,20.73,1146491,553,卖盘
290,09:44:27,20.73,2985799,1440,卖盘
291,09:44:30,20.73,1351327,652,卖盘
292,09:44:33,20.71,561678,271,卖盘
293,09:44:36,20.73,611118,295,买盘
294,09:44:39,20.79,4502765,2170,买盘
295,09:44:42,20.74,1358118,655,卖盘
296,09:44:45,20.78,715752,345,买盘
297,09:44:48,20.78,732815,353,买盘
298,09:44:51,20.77,872591,420,中性盘
299,09:44:54,20.77,392720,189,卖盘
300,09:44:57,20.76,631313,304,卖盘
301,09:45:00,20.76,766303,369,买盘
302,09:45:03,20.83,3110719,1496,买盘
303,09:45:06,20.87,560249,269,买盘
304,09:45:09,20.8,683478,328,卖盘
305,09:45:12,20.79,492784,237,卖盘
306,09:45:15,20.79,143452,69,买盘
307,09:45:18,20.79,1812666,871,中性盘
308,09:45:21,20.77,717165,345,卖盘
309,09:45:24,20.77,640470,308,卖盘
310,09:45:27,20.78,413730,199,卖盘
311,09:45:30,20.78,1035525,498,卖盘
312,09:45:33,20.79,2635943,1269,买盘
313,09:45:36,20.79,197512,95,卖盘
314,09:45:39,20.8,600701,289,买盘
315,09:45:42,20.8,526179,253,卖盘
316,09:45:45,20.83,305958,147,买盘
317,09:45:48,20.83,122841,59,买盘
318,09:45:51,20.82,122844,59,卖盘
319,09:45:54,20.82,416485,200,买盘
320,09:45:57,20.82,216524,104,卖盘
321,09:46:00,20.82,168641,81,买盘
322,09:46:03,20.81,1140569,548,卖盘
323,09:46:06,20.81,526418,253,买盘
324,09:46:09,20.81,3805631,1830,买盘
325,09:46:12,20.8,937920,451,中性盘
326,09:46:15,20.79,220341,106,中性盘
327,09:46:18,20.78,365686,176,卖盘
328,09:46:21,20.8,5296765,2545,买盘
329,09:46:24,20.77,1557560,750,卖盘
330,09:46:27,20.83,919986,442,买盘
331,09:46:30,20.81,295514,142,卖盘
332,09:46:33,20.8,1694503,814,卖盘
333,09:46:36,20.83,660195,317,买盘
334,09:46:39,20.79,832295,400,卖盘
335,09:46:42,20.81,185138,89,买盘
336,09:46:45,20.79,520020,250,卖盘
337,09:46:48,20.8,667617,321,买盘
338,09:46:51,20.79,517787,249,卖盘
339,09:46:54,20.79,405435,195,买盘
340,09:46:57,20.78,2138417,1028,卖盘
341,09:47:00,20.78,485811,234,卖盘
342,09:47:03,20.77,319912,154,卖盘
343,09:47:06,20.77,664653,320,卖盘
344,09:47:09,20.76,288675,139,卖盘
345,09:47:12,20.76,824272,397,卖盘
346,09:47:15,20.76,1040076,501,卖盘
347,09:47:18,20.76,452425,218,买盘
348,09:47:21,20.74,1319779,636,卖盘
349,09:47:24,20.75,277999,134,买盘
350,09:47:27,20.74,568292,274,卖盘
351,09:47:30,20.74,717544,346,买盘
352,09:47:33,20.74,912265,440,买盘
353,09:47:36,20.73,912129,440,卖盘
354,09:47:39,20.73,882955,426,买盘
355,09:47:42,20.72,756351,365,卖盘
356,09:47:45,20.72,590623,285,卖盘
357,09:47:48,20.72,1467315,708,卖盘
358,09:47:51,20.71,503365,243,卖盘
359,09:47:54,20.71,2276176,1099,卖盘
360,09:47:57,20.7,1391621,672,卖盘
361,09:48:00,20.71,2302750,1112,买盘
362,09:48:03,20.7,8078385,3897,卖盘
363,09:48:06,20.7,1236004,597,卖盘
364,09:48:09,20.72,2143443,1035,买盘
365,09:48:12,20.72,967434,467,卖盘
366,09:48:15,20.71,319033,154,卖盘
367,09:48:18,20.71,1100564,531,卖盘
368,09:48:21,20.71,1174581,567,卖盘
369,09:48:24,20.71,1306965,631,卖盘
370,09:48:27,20.71,2474751,1195,卖盘
371,09:48:30,20.71,1549634,748,卖盘
372,09:48:33,20.71,1352464,653,卖盘
373,09:48:36,20.71,752150,363,买盘
374,09:48:39,20.71,1598786,772,卖盘
375,09:48:42,20.71,844962,408,买盘
376,09:48:45,20.71,1298357,627,买盘
377,09:48:48,20.71,1141097,551,中性盘
378,09:48:51,20.7,1590233,768,卖盘
379,09:48:54,20.71,544949,263,卖盘
380,09:48:57,20.71,683480,330,卖盘
381,09:49:00,20.76,1838765,887,买盘
382,09:49:03,20.77,1296106,624,买盘
383,09:49:06,20.8,1923963,926,买盘
384,09:49:09,20.82,696942,335,买盘
385,09:49:12,20.82,936414,450,买盘
386,09:49:15,20.83,112474,54,买盘
387,09:49:18,20.83,564320,271,买盘
388,09:49:21,20.82,697802,335,卖盘
389,09:49:24,20.81,909694,437,卖盘
390,09:49:27,20.8,939017,451,卖盘
391,09:49:30,20.86,4032207,1934,买盘
392,09:49:33,20.86,997108,478,卖盘
393,09:49:36,20.9,3295104,1578,买盘
394,09:49:39,20.91,463998,222,买盘
395,09:49:42,20.97,1852959,885,买盘
396,09:49:45,20.96,552875,264,中性盘
397,09:49:48,20.94,488258,233,卖盘
398,09:49:51,20.95,561482,268,买盘
399,09:49:54,20.94,1497905,716,卖盘
400,09:49:57,20.9,612071,293,中性盘
401,09:50:00,20.87,340111,163,中性盘
402,09:50:03,20.85,690853,331,中性盘
403,09:50:06,20.82,329052,158,中性盘
404,09:50:09,20.85,279124,134,买盘
405,09:50:12,20.85,414426,199,买盘
406,09:50:15,20.84,468729,225,中性盘
407,09:50:18,20.83,899848,432,卖盘
408,09:50:21,20.85,356370,171,买盘
409,09:50:24,20.84,345971,166,卖盘
410,09:50:27,20.84,666989,320,卖盘
411,09:50:30,20.83,418759,201,卖盘
412,09:50:33,20.83,156209,75,买盘
413,09:50:36,20.83,251979,121,买盘
414,09:50:39,20.82,1300487,625,卖盘
415,09:50:42,20.8,553207,266,卖盘
416,09:50:45,20.78,688403,331,卖盘
417,09:50:48,20.77,675901,325,卖盘
418,09:50:51,20.77,421657,203,卖盘
419,09:50:54,20.77,4980866,2394,买盘
420,09:50:57,20.8,2050886,985,买盘
421,09:51:00,20.84,894694,430,中性盘
422,09:51:03,20.87,2206769,1056,买盘
423,09:51:06,20.91,1177185,563,中性盘
424,09:51:09,20.91,516069,247,卖盘
425,09:51:12,20.91,371987,178,买盘
426,09:51:15,20.91,706580,338,买盘
427,09:51:18,20.9,190175,91,买盘
428,09:51:21,20.9,440873,211,买盘
429,09:51:24,20.89,1009409,483,卖盘
430,09:51:27,20.86,716274,343,卖盘
431,09:51:30,20.88,104422,50,中性盘
432,09:51:33,20.87,390396,187,中性盘
433,09:51:36,20.87,600805,288,买盘
434,09:51:39,20.85,231579,111,卖盘
435,09:51:42,20.87,367276,176,买盘
436,09:51:45,20.88,154458,74,买盘
437,09:51:48,20.87,995391,477,卖盘
438,09:51:51,20.89,1047808,502,买盘
439,09:51:54,20.89,669963,321,买盘
440,09:51:57,20.9,7966883,3809,买盘
441,09:52:00,20.9,83719,40,卖盘
442,09:52:03,20.97,657210,314,买盘
443,09:52:06,20.99,4914841,2341,买盘
444,09:52:09,20.99,440919,210,卖盘
445,09:52:12,21.0,2778553,1324,买盘
446,09:52:15,20.99,763727,364,买盘
447,09:52:18,20.99,6946712,3307,买盘
448,09:52:21,20.99,411487,196,卖盘
449,09:52:24,20.99,640083,305,买盘
450,09:52:27,20.98,1072635,511,卖盘
451,09:52:30,20.98,917067,437,卖盘
452,09:52:33,20.98,365007,174,卖盘
453,09:52:36,21.05,4504288,2144,买盘
454,09:52:39,21.0,449461,214,买盘
455,09:52:42,21.01,331879,158,中性盘
456,09:52:45,21.06,4068072,1931,买盘
457,09:52:48,21.11,1881301,892,买盘
458,09:52:51,21.12,1669303,791,买盘
459,09:52:54,21.12,1414361,670,买盘
460,09:52:57,21.08,2318245,1099,卖盘
461,09:53:00,21.08,2074903,984,买盘
462,09:53:03,21.08,916648,435,买盘
463,09:53:06,21.12,862689,409,买盘
464,09:53:09,21.1,1232844,584,中性盘
465,09:53:12,21.1,1703295,807,卖盘
466,09:53:15,21.13,5272585,2496,买盘
467,09:53:18,21.1,876257,415,卖盘
468,09:53:21,21.1,259707,123,卖盘
469,09:53:24,21.12,580499,275,卖盘
470,09:53:27,21.12,1256131,595,买盘
471,09:53:30,21.1,836023,396,卖盘
472,09:53:33,21.1,1409810,668,卖盘
473,09:53:36,21.08,400724,190,卖盘
474,09:53:39,21.08,1214385,576,卖盘
475,09:53:42,21.08,1974980,937,买盘
476,09:53:45,21.06,680373,323,卖盘
477,09:53:48,21.06,568664,270,卖盘
478,09:53:51,21.05,242102,115,卖盘
479,09:53:54,21.05,2982851,1417,卖盘
480,09:53:57,21.04,685827,326,卖盘
481,09:54:00,21.03,262821,125,中性盘
482,09:54:03,21.08,9052467,4295,买盘
483,09:54:06,21.03,1422874,676,卖盘
484,09:54:09,21.04,366202,174,卖盘
485,09:54:12,21.08,824333,391,买盘
486,09:54:15,21.08,301621,143,卖盘
487,09:54:18,21.08,780998,370,卖盘
488,09:54:21,21.08,411306,195,卖盘
489,09:54:24,21.1,2806156,1331,买盘
490,09:54:27,21.1,620416,294,买盘
491,09:54:30,21.12,1170835,555,买盘
492,09:54:33,21.12,1490970,706,买盘
493,09:54:36,21.13,851040,403,买盘
494,09:54:39,21.11,3071748,1455,卖盘
495,09:54:42,21.1,555229,263,买盘
496,09:54:45,21.1,956576,453,卖盘
497,09:54:48,21.12,1128427,535,买盘
498,09:54:51,21.11,546631,259,中性盘
499,09:54:54,21.1,4798343,2274,卖盘
500,09:54:57,21.1,683374,324,买盘
501,09:55:00,21.1,968501,459,中性盘
502,09:55:03,21.02,1705740,809,卖盘
503,09:55:06,21.02,617097,293,卖盘
504,09:55:09,21.07,372400,177,买盘
505,09:55:12,21.05,178949,85,卖盘
506,09:55:15,21.05,162068,77,卖盘
507,09:55:18,21.05,397689,189,买盘
508,09:55:21,21.02,538413,256,卖盘
509,09:55:24,21.03,1011866,481,买盘
510,09:55:27,21.03,479534,228,卖盘
511,09:55:30,21.02,252328,120,卖盘
512,09:55:33,21.02,563484,268,卖盘
513,09:55:36,21.02,266988,127,卖盘
514,09:55:39,21.02,706307,336,卖盘
515,09:55:42,21.01,577851,275,卖盘
516,09:55:45,20.99,1304174,621,卖盘
517,09:55:48,20.96,260175,124,卖盘
518,09:55:51,20.96,199141,95,卖盘
519,09:55:54,20.96,511138,244,买盘
520,09:55:57,20.93,226226,108,卖盘
521,09:56:00,20.93,376910,180,卖盘
522,09:56:03,20.93,487607,233,买盘
523,09:56:06,20.93,642449,307,买盘
524,09:56:09,20.95,180002,86,买盘
525,09:56:12,20.93,385307,184,卖盘
526,09:56:15,20.96,1351740,645,买盘
527,09:56:18,20.97,385653,184,中性盘
528,09:56:21,20.97,264309,126,卖盘
529,09:56:24,20.97,289584,138,卖盘
530,09:56:27,21.0,264497,126,买盘
531,09:56:30,21.0,470217,224,买盘
532,09:56:33,21.0,327557,156,买盘
533,09:56:36,21.0,468250,223,买盘
534,09:56:39,21.0,358981,171,买盘
535,09:56:42,20.98,432442,206,卖盘
536,09:56:45,20.97,434422,207,卖盘
537,09:56:48,20.99,543334,259,买盘
538,09:56:51,20.97,322918,154,卖盘
539,09:56:54,20.97,350185,167,买盘
540,09:56:57,20.96,486392,232,卖盘
541,09:57:00,20.97,402615,192,买盘
542,09:57:03,20.94,854833,408,卖盘
543,09:57:06,20.95,534026,255,买盘
544,09:57:09,20.94,464717,222,中性盘
545,09:57:12,20.94,496174,237,买盘
546,09:57:15,20.93,596597,285,卖盘
547,09:57:18,20.93,194597,93,买盘
548,09:57:21,20.92,144357,69,中性盘
549,09:57:24,20.91,267692,128,卖盘
550,09:57:27,20.92,1093696,523,中性盘
551,09:57:30,20.91,133814,64,卖盘
552,09:57:33,20.91,790418,378,买盘
553,09:57:36,20.92,612482,293,买盘
554,09:57:39,20.91,307294,147,中性盘
555,09:57:42,20.91,549636,263,买盘
556,09:57:45,20.89,296640,142,卖盘
557,09:57:48,20.89,607878,291,买盘
558,09:57:51,20.88,607588,291,卖盘
559,09:57:54,20.86,448665,215,卖盘
560,09:57:57,20.85,181434,87,卖盘
561,09:58:00,20.84,491909,236,卖盘
562,09:58:03,20.83,516361,248,卖盘
563,09:58:06,20.83,1647560,791,买盘
564,09:58:09,20.81,1072575,515,卖盘
565,09:58:12,20.82,812073,390,买盘
566,09:58:15,20.82,838870,403,买盘
567,09:58:18,20.82,1103041,530,卖盘
568,09:58:21,20.81,628708,302,卖盘
569,09:58:24,20.82,662014,318,买盘
570,09:58:27,20.82,447632,215,卖盘
571,09:58:30,20.84,454045,218,买盘
572,09:58:33,20.84,1557110,747,买盘
573,09:58:36,20.85,396103,190,卖盘
574,09:58:39,20.87,302422,145,买盘
575,09:58:42,20.86,446348,214,中性盘
576,09:58:45,20.88,989772,474,买盘
577,09:58:48,20.88,420014,201,卖盘
578,09:58:51,20.9,363668,174,中性盘
579,09:58:54,20.92,83614,40,买盘
580,09:58:57,20.92,211270,101,买盘
581,09:59:00,20.92,619116,296,买盘
582,09:59:03,20.91,539542,258,卖盘
583,09:59:06,20.91,725481,347,买盘
584,09:59:09,20.9,1022019,489,卖盘
585,09:59:12,20.88,403324,193,卖盘
586,09:59:15,20.9,236176,113,买盘
587,09:59:18,20.88,478264,229,卖盘
588,09:59:21,20.88,261216,125,中性盘
589,09:59:24,20.89,367383,176,中性盘
590,09:59:27,20.88,663392,318,卖盘
591,09:59:30,20.85,204449,98,中性盘
592,09:59:33,20.85,323109,155,买盘
593,09:59:36,20.87,260621,125,买盘
594,09:59:39,20.87,1375072,660,卖盘
595,09:59:42,20.87,427575,205,卖盘
596,09:59:45,20.85,118943,57,卖盘
597,09:59:48,20.87,602816,289,买盘
598,09:59:51,20.86,179317,86,中性盘
599,09:59:54,20.86,206500,99,买盘
600,09:59:57,20.85,517240,248,卖盘
601,10:00:00,20.85,95902,46,买盘
602,10:00:03,20.84,356473,171,卖盘
603,10:00:06,20.84,329279,158,卖盘
604,10:00:09,20.84,268832,129,买盘
605,10:00:12,20.83,683495,328,卖盘
606,10:00:15,20.83,914686,439,卖盘
607,10:00:18,20.83,668639,321,卖盘
608,10:00:21,20.82,472829,227,卖盘
609,10:00:24,20.83,476975,229,买盘
610,10:00:27,20.84,899793,432,买盘
611,10:00:30,20.83,974713,468,卖盘
612,10:00:33,20.84,477055,229,买盘
613,10:00:36,20.84,366799,176,卖盘
614,10:00:39,20.84,639793,307,买盘
615,10:00:42,20.84,350077,168,买盘
616,10:00:45,20.84,272990,131,买盘
617,10:00:48,20.84,447953,215,买盘
618,10:00:51,20.84,1304254,626,卖盘
619,10:00:54,20.84,166725,80,卖盘
620,10:00:57,20.83,998093,479,卖盘
621,10:01:00,20.84,576928,277,买盘
622,10:01:03,20.84,247860,119,买盘
623,10:01:06,20.84,462584,222,买盘
624,10:01:09,20.98,6241736,2987,买盘
625,10:01:12,20.99,524363,250,买盘
626,10:01:15,20.98,83891,40,买盘
627,10:01:18,20.99,136401,65,买盘
628,10:01:21,21.0,606655,289,买盘
629,10:01:24,21.0,405021,193,买盘
630,10:01:27,20.99,493307,235,卖盘
631,10:01:30,20.99,566825,270,买盘
632,10:01:33,21.03,3230215,1537,买盘
633,10:01:36,21.03,143093,68,卖盘
634,10:01:39,21.04,221003,105,中性盘
635,10:01:42,21.05,239919,114,买盘
636,10:01:45,21.08,971500,461,买盘
637,10:01:48,21.08,874830,415,卖盘
638,10:01:51,21.08,529039,251,卖盘
639,10:01:54,21.09,1817820,862,买盘
640,10:01:57,21.08,818310,388,卖盘
641,10:02:00,21.08,826427,392,卖盘
642,10:02:03,21.06,910553,432,卖盘
643,10:02:06,21.0,786858,374,卖盘
644,10:02:09,21.0,285739,136,卖盘
645,10:02:12,20.97,79708,38,卖盘
646,10:02:15,20.96,434020,207,卖盘
647,10:02:18,20.93,165450,79,卖盘
648,10:02:21,20.96,537890,257,买盘
649,10:02:24,20.97,297553,142,买盘
650,10:02:27,20.96,77559,37,卖盘
651,10:02:30,20.96,698010,333,卖盘
652,10:02:33,20.96,205408,98,买盘
653,10:02:36,20.95,245202,117,卖盘
654,10:02:39,20.95,232569,111,卖盘
655,10:02:42,20.94,83793,40,卖盘
656,10:02:45,20.95,305781,146,买盘
657,10:02:48,20.94,144487,69,卖盘
658,10:02:51,20.94,157049,75,买盘
659,10:02:54,20.94,558897,267,买盘
660,10:02:57,20.93,483407,231,卖盘
661,10:03:00,20.93,213438,102,买盘
662,10:03:03,20.93,94171,45,买盘
663,10:03:06,20.93,408131,195,买盘
664,10:03:09,20.94,326503,156,买盘
665,10:03:12,20.93,140186,67,中性盘
666,10:03:15,20.94,575408,275,买盘
667,10:03:18,20.94,236413,113,买盘
668,10:03:21,20.94,100460,48,买盘
669,10:03:24,20.94,129863,62,卖盘
670,10:03:27,20.95,155022,74,买盘
671,10:03:30,20.94,178025,85,卖盘
672,10:03:33,20.96,207420,99,买盘
673,10:03:36,20.95,274464,131,卖盘
674,10:03:39,20.96,333239,159,买盘
675,10:03:42,20.96,106883,51,买盘
676,10:03:45,20.95,312257,149,卖盘
677,10:03:48,20.96,484134,231,买盘
678,10:03:51,20.96,427544,204,买盘
679,10:03:54,20.96,840475,401,买盘
680,10:03:57,20.96,81747,39,卖盘
681,10:04:00,20.97,406927,194,买盘
682,10:04:03,20.97,707153,337,卖盘
683,10:04:06,21.0,444926,212,买盘
684,10:04:09,20.99,673261,321,卖盘
685,10:04:12,21.0,308453,147,买盘
686,10:04:15,20.96,199219,95,卖盘
687,10:04:18,20.97,144750,69,中性盘
688,10:04:21,20.99,379567,181,买盘
689,10:04:24,20.99,197151,94,买盘
690,10:04:27,20.99,310630,148,买盘
691,10:04:30,20.98,449135,214,卖盘
692,10:04:33,20.98,73447,35,卖盘
693,10:04:36,20.98,169948,81,卖盘
694,10:04:39,20.99,306356,146,买盘
695,10:04:42,20.99,119622,57,卖盘
696,10:04:45,20.98,94437,45,卖盘
697,10:04:48,20.98,218253,104,卖盘
698,10:04:51,20.98,402882,192,卖盘
699,10:04:54,20.98,184623,88,买盘
700,10:04:57,20.97,465564,222,卖盘
701,10:05:00,20.97,102753,49,买盘
702,10:05:03,20.97,618370,295,买盘
703,10:05:06,20.96,637145,304,卖盘
704,10:05:09,20.94,404539,193,卖盘
705,10:05:12,20.95,211736,101,中性盘
706,10:05:15,20.94,288975,138,卖盘
707,10:05:18,20.94,314255,150,卖盘
708,10:05:21,20.95,299500,143,中性盘
709,10:05:24,20.94,209420,100,卖盘
710,10:05:27,20.94,165457,79,卖盘
711,10:05:30,20.94,360119,172,买盘
712,10:05:33,20.93,221881,106,卖盘
713,10:05:36,20.93,69049,33,买盘
714,10:05:39,20.92,376666,180,卖盘
715,10:05:42,20.92,50207,24,买盘
716,10:05:45,20.92,211215,101,买盘
717,10:05:48,20.92,278179,133,买盘
718,10:05:51,20.91,163079,78,中性盘
719,10:05:54,20.9,323989,155,卖盘
720,10:05:57,20.9,186015,89,卖盘
721,10:06:00,20.9,451440,216,卖盘
722,10:06:03,20.9,315591,151,卖盘
723,10:06:06,20.9,520375,249,买盘
724,10:06:09,20.89,323886,155,卖盘
725,10:06:12,20.89,279960,134,买盘
726,10:06:15,20.88,96056,46,卖盘
727,10:06:18,20.88,283989,136,卖盘
728,10:06:21,20.87,258902,124,卖盘
729,10:06:24,20.87,56370,27,卖盘
730,10:06:27,20.89,774765,371,买盘
731,10:06:30,20.9,1897080,907,买盘
732,10:06:33,20.92,389188,186,卖盘
733,10:06:36,20.96,56596,27,买盘
734,10:06:39,20.96,33536,16,卖盘
735,10:06:42,20.97,129996,62,买盘
736,10:06:45,20.97,113266,54,卖盘
737,10:06:48,20.99,283212,135,买盘
738,10:06:51,20.99,243472,116,买盘
739,10:06:54,20.99,344147,164,买盘
740,10:06:57,20.99,545811,260,买盘
741,10:07:00,20.99,587658,280,卖盘
742,10:07:03,20.99,266608,127,卖盘
743,10:07:06,20.99,142731,68,卖盘
744,10:07:09,20.97,362917,173,卖盘
745,10:07:12,20.98,570416,272,中性盘
746,10:07:15,20.98,123537,59,买盘
747,10:07:18,20.97,154827,74,中性盘
748,10:07:21,20.96,69125,33,中性盘
749,10:07:24,20.92,215891,103,中性盘
750,10:07:27,20.96,182197,87,买盘
751,10:07:30,20.95,257681,123,买盘
752,10:07:33,20.95,121524,58,卖盘
753,10:07:36,20.95,178075,85,卖盘
754,10:07:39,20.95,427406,204,买盘
755,10:07:42,20.96,400148,191,买盘
756,10:07:45,20.93,247206,118,卖盘
757,10:07:48,20.93,98407,47,卖盘
758,10:07:51,20.93,253131,121,买盘
759,10:07:54,20.93,156910,75,买盘
760,10:07:57,20.92,58575,28,买盘
761,10:08:00,20.91,571027,273,卖盘
762,10:08:03,20.91,154754,74,卖盘
763,10:08:06,20.91,200676,96,买盘
764,10:08:09,20.9,269657,129,卖盘
765,10:08:12,20.9,261272,125,卖盘
766,10:08:15,20.9,142116,68,买盘
767,10:08:18,20.89,171309,82,卖盘
768,10:08:21,20.89,91914,44,买盘
769,10:08:24,20.89,277757,133,买盘
770,10:08:27,20.88,296498,142,卖盘
771,10:08:30,20.88,181584,87,买盘
772,10:08:33,20.87,319252,153,卖盘
773,10:08:36,20.86,221212,106,卖盘
774,10:08:39,20.86,310883,149,卖盘
775,10:08:42,20.86,458976,220,卖盘
776,10:08:45,20.86,208610,100,卖盘
777,10:08:48,20.86,325333,156,买盘
778,10:08:51,20.86,736344,353,买盘
779,10:08:54,20.85,519388,249,卖盘
780,10:08:57,20.85,884305,424,卖盘
781,10:09:00,20.86,992696,476,中性盘
782,10:09:03,20.86,508876,244,买盘
783,10:09:06,20.88,565674,271,买盘
784,10:09:09,20.86,507032,243,卖盘
785,10:09:12,20.86,118912,57,卖盘
786,10:09:15,20.87,377789,181,中性盘
787,10:09:18,20.86,490275,235,卖盘
788,10:09:21,20.87,479898,230,买盘
789,10:09:24,20.87,649068,311,卖盘
790,10:09:27,20.87,121066,58,卖盘
791,10:09:30,20.86,1708779,819,卖盘
792,10:09:33,20.86,838567,402,买盘
793,10:09:36,20.85,333709,160,卖盘
794,10:09:39,20.86,223163,107,买盘
795,10:09:42,20.85,469182,225,卖盘
796,10:09:45,20.86,748758,359,买盘
797,10:09:48,20.86,400457,192,买盘
798,10:09:51,20.85,869807,417,卖盘
799,10:09:54,20.86,1056202,507,买盘
800,10:09:57,20.86,204429,98,卖盘
801,10:10:00,20.86,146047,70,卖盘
802,10:10:03,20.86,390095,187,卖盘
803,10:10:06,20.87,235725,113,买盘
804,10:10:09,20.93,3828643,1829,买盘
805,10:10:12,20.97,6411857,3050,中性盘
806,10:10:15,20.99,83951,40,卖盘
807,10:10:18,20.99,310821,148,卖盘
808,10:10:21,20.99,132334,63,卖盘
809,10:10:24,20.99,205771,98,卖盘
810,10:10:27,21.0,249861,119,中性盘
811,10:10:30,20.99,327519,156,卖盘
812,10:10:33,21.0,155422,74,卖盘
813,10:10:36,20.99,327469,156,卖盘
814,10:10:39,20.99,222489,106,买盘
815,10:10:42,20.99,306402,146,买盘
816,10:10:45,20.96,119514,57,卖盘
817,10:10:48,20.98,159494,76,买盘
818,10:10:51,20.96,221847,106,卖盘
819,10:10:54,20.94,113190,54,中性盘
820,10:10:57,20.96,117292,56,买盘
821,10:11:00,20.95,167233,80,买盘
822,10:11:03,20.95,79610,38,卖盘
823,10:11:06,20.95,90069,43,卖盘
824,10:11:09,20.95,98464,47,买盘
825,10:11:12,20.95,203094,97,买盘
826,10:11:15,20.91,127614,61,卖盘
827,10:11:18,20.9,234194,112,卖盘
828,10:11:21,20.9,290599,139,卖盘
829,10:11:24,20.9,117113,56,卖盘
830,10:11:27,20.89,234079,112,卖盘
831,10:11:30,20.9,22993,11,卖盘
832,10:11:33,20.9,20901,10,卖盘
833,10:11:36,20.9,45981,22,卖盘
834,10:11:39,20.89,777348,372,卖盘
835,10:11:42,20.9,292472,140,买盘
836,10:11:45,20.88,202554,97,卖盘
837,10:11:48,20.87,546850,262,卖盘
838,10:11:51,20.87,331853,159,卖盘
839,10:11:54,20.87,438231,210,买盘
840,10:11:57,20.87,385959,185,买盘
841,10:12:00,20.86,878223,421,卖盘
842,10:12:03,20.86,273265,131,买盘
843,10:12:06,20.86,413005,198,买盘
844,10:12:09,20.86,448454,215,买盘
845,10:12:12,20.86,452605,217,买盘
846,10:12:15,20.86,633986,304,买盘
847,10:12:18,20.86,435939,209,买盘
848,10:12:21,20.86,191913,92,卖盘
849,10:12:24,20.87,271285,130,买盘
850,10:12:27,20.86,746836,358,卖盘
851,10:12:30,20.86,235780,113,卖盘
852,10:12:33,20.88,83473,40,买盘
853,10:12:36,20.86,354738,170,卖盘
854,10:12:39,20.88,442592,212,买盘
855,10:12:42,20.88,680528,326,卖盘
856,10:12:45,20.88,85597,41,卖盘
857,10:12:48,20.87,104392,50,卖盘
858,10:12:51,20.86,214972,103,卖盘
859,10:12:54,20.87,202453,97,买盘
860,10:12:57,20.87,143959,69,买盘
861,10:13:00,20.86,628109,301,卖盘
862,10:13:03,20.88,603210,289,买盘
863,10:13:06,20.88,108583,52,卖盘
864,10:13:09,20.88,146160,70,卖盘
865,10:13:12,20.88,131544,63,买盘
866,10:13:15,20.88,962598,461,买盘
867,10:13:18,20.91,467884,224,买盘
868,10:13:21,20.9,33452,16,卖盘
869,10:13:24,20.92,96232,46,买盘
870,10:13:27,20.93,232192,111,买盘
871,10:13:30,20.94,104642,50,买盘
872,10:13:33,20.93,416562,199,卖盘
873,10:13:36,20.93,355852,170,买盘
874,10:13:39,20.93,115121,55,买盘
875,10:13:42,20.93,303390,145,卖盘
876,10:13:45,20.93,179949,86,买盘
877,10:13:48,20.93,460314,220,买盘
878,10:13:51,20.93,232268,111,买盘
879,10:13:54,20.9,303271,145,卖盘
880,10:13:57,20.9,238366,114,卖盘
881,10:14:00,20.89,225704,108,中性盘
882,10:14:03,20.88,529311,253,卖盘
883,10:14:06,20.88,438605,210,卖盘
884,10:14:09,20.87,617797,296,卖盘
885,10:14:12,20.87,87668,42,卖盘
886,10:14:15,20.87,121052,58,卖盘
887,10:14:18,20.87,250440,120,买盘
888,10:14:21,20.87,154413,74,买盘
889,10:14:24,20.86,321320,154,卖盘
890,10:14:27,20.86,169017,81,卖盘
891,10:14:30,20.87,342162,164,买盘
892,10:14:33,20.87,413145,198,买盘
893,10:14:36,20.87,413070,198,买盘
894,10:14:39,20.87,112697,54,买盘
895,10:14:42,20.87,256709,123,卖盘
896,10:14:45,20.87,96002,46,卖盘
897,10:14:48,20.87,146084,70,买盘
898,10:14:51,20.87,367254,176,买盘
899,10:14:54,20.87,467441,224,买盘
900,10:14:57,20.86,665517,319,卖盘
901,10:15:00,20.87,227434,109,买盘
902,10:15:03,20.87,392201,188,买盘
903,10:15:06,20.86,275431,132,卖盘
904,10:15:09,20.87,433991,208,买盘
905,10:15:12,20.87,471542,226,买盘
906,10:15:15,20.86,1247588,598,卖盘
907,10:15:18,20.86,135590,65,买盘
908,10:15:21,20.85,427515,205,卖盘
909,10:15:24,20.85,790407,379,卖盘
910,10:15:27,20.85,677670,325,卖盘
911,10:15:30,20.85,1589965,763,卖盘
912,10:15:33,20.85,231432,111,买盘
913,10:15:36,20.85,266782,128,买盘
914,10:15:39,20.84,475180,228,卖盘
915,10:15:42,20.83,917285,440,卖盘
916,10:15:45,20.83,372894,179,卖盘
917,10:15:48,20.83,531226,255,卖盘
918,10:15:51,20.84,424949,204,买盘
919,10:15:54,20.83,456121,219,卖盘
920,10:15:57,20.82,193710,93,卖盘
921,10:16:00,20.83,757983,364,买盘
922,10:16:03,20.82,1235023,593,卖盘
923,10:16:06,20.82,813796,391,卖盘
924,10:16:09,20.81,9623730,4626,卖盘
925,10:16:12,20.81,145673,70,卖盘
926,10:16:15,20.8,917375,441,卖盘
927,10:16:18,20.8,524156,252,卖盘
928,10:16:21,20.8,301549,145,买盘
929,10:16:24,20.79,964701,464,卖盘
930,10:16:27,20.79,715062,344,卖盘
931,10:16:30,20.79,293040,141,买盘
932,10:16:33,20.78,985043,474,卖盘
933,10:16:36,20.77,783215,377,卖盘
934,10:16:39,20.77,724916,349,卖盘
935,10:16:42,20.77,2586291,1245,买盘
936,10:16:45,20.76,1380553,665,卖盘
937,10:16:48,20.75,585301,282,卖盘
938,10:16:51,20.74,2085639,1005,卖盘
939,10:16:54,20.75,1124566,542,买盘
940,10:16:57,20.74,1367141,659,卖盘
941,10:17:00,20.74,1240970,598,买盘
942,10:17:03,20.74,1182172,570,卖盘
943,10:17:06,20.74,2640637,1273,卖盘
944,10:17:09,20.75,1601386,772,中性盘
945,10:17:12,20.75,1139175,549,卖盘
946,10:17:15,20.75,950544,458,卖盘
947,10:17:18,20.76,774281,373,买盘
948,10:17:21,20.76,616657,297,卖盘
949,10:17:24,20.77,535837,258,中性盘
950,10:17:27,20.77,1100515,530,卖盘
951,10:17:30,20.77,674887,325,卖盘
952,10:17:33,20.77,537905,259,买盘
953,10:17:36,20.77,776588,374,买盘
954,10:17:39,20.77,845307,407,卖盘
955,10:17:42,20.77,612761,295,买盘
956,10:17:45,20.77,602246,290,卖盘
957,10:17:48,20.77,326080,157,买盘
958,10:17:51,20.76,722638,348,卖盘
959,10:17:54,20.77,654145,315,买盘
960,10:17:57,20.76,521369,251,卖盘
961,10:18:00,20.77,859588,414,买盘
962,10:18:03,20.77,579306,279,卖盘
963,10:18:06,20.76,625168,301,卖盘
964,10:18:09,20.76,747433,360,卖盘
965,10:18:12,20.76,365367,176,买盘
966,10:18:15,20.76,828049,399,买盘
967,10:18:18,20.75,543843,262,卖盘
968,10:18:21,20.77,523170,252,买盘
969,10:18:24,20.76,294771,142,卖盘
970,10:18:27,20.76,342566,165,卖盘
971,10:18:30,20.76,583417,281,卖盘
972,10:18:33,20.75,412979,199,卖盘
973,10:18:36,20.76,1957025,943,买盘
974,10:18:39,20.75,655722,316,卖盘
975,10:18:42,20.75,2905384,1401,卖盘
976,10:18:45,20.72,754477,364,卖盘
977,10:18:48,20.72,1094008,528,卖盘
978,10:18:51,20.72,2098437,1013,买盘
979,10:18:54,20.7,9835133,4751,卖盘
980,10:18:57,20.69,674607,326,卖盘
981,10:19:00,20.69,1464883,708,卖盘
982,10:19:03,20.68,1222432,591,卖盘
983,10:19:06,20.67,1937617,937,卖盘
984,10:19:09,20.71,7510357,3629,买盘
985,10:19:12,20.71,1194923,577,卖盘
986,10:19:15,20.75,3615145,1745,买盘
987,10:19:18,20.75,400501,193,卖盘
988,10:19:21,20.72,1323667,638,卖盘
989,10:19:24,20.75,817742,394,中性盘
990,10:19:27,20.75,612095,295,卖盘
991,10:19:30,20.75,490031,236,卖盘
992,10:19:33,20.74,1977857,953,卖盘
993,10:19:36,20.74,686820,331,卖盘
994,10:19:39,20.74,412662,199,卖盘
995,10:19:42,20.74,371116,179,买盘
996,10:19:45,20.73,288151,139,卖盘
997,10:19:48,20.73,743815,359,卖盘
998,10:19:51,20.74,1318424,636,买盘
999,10:19:54,20.75,1117979,539,买盘
1000,10:19:57,20.75,306954,148,卖盘
1001,10:20:00,20.75,612163,295,卖盘
1002,10:20:03,20.75,1098234,529,卖盘
1003,10:20:06,20.75,943802,455,买盘
1004,10:20:09,20.73,1194484,576,卖盘
1005,10:20:12,20.72,404181,195,卖盘
1006,10:20:15,20.72,782954,378,买盘
1007,10:20:18,20.7,768211,371,卖盘
1008,10:20:21,20.7,776344,375,卖盘
1009,10:20:24,20.7,1571159,759,卖盘
1010,10:20:27,20.71,703833,340,买盘
1011,10:20:30,20.7,805295,389,卖盘
1012,10:20:33,20.71,931571,450,买盘
1013,10:20:36,20.69,774197,374,卖盘
1014,10:20:39,20.7,693294,335,买盘
1015,10:20:42,20.69,1812715,876,卖盘
1016,10:20:45,20.69,527618,255,卖盘
1017,10:20:48,20.69,728159,352,买盘
1018,10:20:51,20.68,1286554,622,卖盘
1019,10:20:54,20.68,1499369,725,卖盘
1020,10:20:57,20.68,870633,421,卖盘
1021,10:21:00,20.67,1261019,610,卖盘
1022,10:21:03,20.66,785534,380,卖盘
1023,10:21:06,20.66,714897,346,卖盘
1024,10:21:09,20.64,3899422,1888,卖盘
1025,10:21:12,20.64,796908,386,卖盘
1026,10:21:15,20.63,1316344,638,卖盘
1027,10:21:18,20.63,936637,454,卖盘
1028,10:21:21,20.62,2885700,1399,卖盘
1029,10:21:24,20.62,2078197,1008,卖盘
1030,10:21:27,20.62,989535,480,买盘
1031,10:21:30,20.62,1762487,855,买盘
1032,10:21:33,20.61,12003619,5826,卖盘
1033,10:21:36,20.61,2142901,1040,买盘
1034,10:21:39,20.59,1921649,933,卖盘
1035,10:21:42,20.58,984012,478,卖盘
1036,10:21:45,20.58,4198490,2040,卖盘
1037,10:21:48,20.58,1298131,631,买盘
1038,10:21:51,20.56,2587599,1258,卖盘
1039,10:21:54,20.56,2111327,1027,卖盘
1040,10:21:57,20.56,3274718,1593,买盘
1041,10:22:00,20.56,2078035,1011,买盘
1042,10:22:03,20.58,1743972,848,买盘
1043,10:22:06,20.58,4849033,2356,买盘
1044,10:22:09,20.59,749936,364,中性盘
1045,10:22:12,20.59,1423940,691,卖盘
1046,10:22:15,20.61,1509630,733,买盘
1047,10:22:18,20.62,851203,413,买盘
1048,10:22:21,20.62,1232803,598,买盘
1049,10:22:24,20.62,602178,292,卖盘
1050,10:22:27,20.63,880735,427,买盘
1051,10:22:30,20.64,664226,322,买盘
1052,10:22:33,20.64,540603,262,买盘
1053,10:22:36,20.64,1100095,533,买盘
1054,10:22:39,20.64,423166,205,卖盘
1055,10:22:42,20.64,714220,346,卖盘
1056,10:22:45,20.64,1568725,760,卖盘
1057,10:22:48,20.64,1357985,658,买盘
1058,10:22:51,20.61,2563466,1243,卖盘
1059,10:22:54,20.62,573088,278,买盘
1060,10:22:57,20.61,826328,401,卖盘
1061,10:23:00,20.6,2041563,991,卖盘
1062,10:23:03,20.6,751846,365,买盘
1063,10:23:06,20.59,1270695,617,卖盘
1064,10:23:09,20.59,537433,261,卖盘
1065,10:23:12,20.58,438496,213,卖盘
1066,10:23:15,20.58,1883156,915,卖盘
1067,10:23:18,20.58,631572,307,买盘
1068,10:23:21,20.59,3204385,1557,买盘
1069,10:23:24,20.63,3771229,1830,买盘
1070,10:23:27,20.64,1264237,613,买盘
1071,10:23:30,20.64,383870,186,中性盘
1072,10:23:33,20.65,253878,123,卖盘
1073,10:23:36,20.63,487265,236,中性盘
1074,10:23:39,20.65,646014,313,买盘
1075,10:23:42,20.64,480991,233,卖盘
1076,10:23:45,20.64,202246,98,买盘
1077,10:23:48,20.64,447818,217,买盘
1078,10:23:51,20.64,674777,327,卖盘
1079,10:23:54,20.64,402500,195,卖盘
1080,10:23:57,20.65,681245,330,买盘
1081,10:24:00,20.64,394254,191,卖盘
1082,10:24:03,20.64,1153828,559,卖盘
1083,10:24:06,20.63,594218,288,卖盘
1084,10:24:09,20.62,732087,355,卖盘
1085,10:24:12,20.61,263803,128,卖盘
1086,10:24:15,20.6,1504365,730,卖盘
1087,10:24:18,20.6,745769,362,卖盘
1088,10:24:21,20.6,1252499,608,卖盘
1089,10:24:24,20.59,747588,363,卖盘
1090,10:24:27,20.58,607274,295,卖盘
1091,10:24:30,20.58,681297,331,卖盘
1092,10:24:33,20.58,2343482,1139,卖盘
1093,10:24:36,20.58,629499,306,买盘
1094,10:24:39,20.57,1367689,665,卖盘
1095,10:24:42,20.57,966648,470,买盘
1096,10:24:45,20.57,1641139,798,买盘
1097,10:24:48,20.56,1145309,557,卖盘
1098,10:24:51,20.56,1831365,891,买盘
1099,10:24:54,20.56,1015324,494,买盘
1100,10:24:57,20.55,922688,449,卖盘
1101,10:25:00,20.55,1037767,505,买盘
1102,10:25:03,20.54,1647643,802,卖盘
1103,10:25:06,20.54,681814,332,买盘
1104,10:25:09,20.54,2016558,982,买盘
1105,10:25:12,20.55,2691054,1310,买盘
1106,10:25:15,20.55,3148673,1532,卖盘
1107,10:25:18,20.58,1356207,659,买盘
1108,10:25:21,20.58,1929087,938,卖盘
1109,10:25:24,20.58,557487,271,买盘
1110,10:25:27,20.57,462896,225,买盘
1111,10:25:30,20.57,337404,164,卖盘
1112,10:25:33,20.57,631607,307,卖盘
1113,10:25:36,20.57,942247,458,买盘
1114,10:25:39,20.57,1614521,785,卖盘
1115,10:25:42,20.57,2399179,1167,卖盘
1116,10:25:45,20.56,633554,308,卖盘
1117,10:25:48,20.57,621110,302,买盘
1118,10:25:51,20.56,413282,201,卖盘
1119,10:25:54,20.56,1099978,535,买盘
1120,10:25:57,20.56,773104,376,卖盘
1121,10:26:00,20.56,982895,478,卖盘
1122,10:26:03,20.56,1209224,588,卖盘
1123,10:26:06,20.55,797664,388,卖盘
1124,10:26:09,20.56,773103,376,买盘
1125,10:26:12,20.58,781665,380,买盘
1126,10:26:15,20.62,6427433,3121,买盘
1127,10:26:18,20.65,3573581,1731,买盘
1128,10:26:21,20.67,322208,156,买盘
1129,10:26:24,20.65,450188,218,卖盘
1130,10:26:27,20.67,725368,351,买盘
1131,10:26:30,20.68,649029,314,买盘
1132,10:26:33,20.68,285247,138,买盘
1133,10:26:36,20.68,454898,220,买盘
1134,10:26:39,20.67,822049,398,中性盘
1135,10:26:42,20.66,314033,152,买盘
1136,10:26:45,20.65,367357,178,中性盘
1137,10:26:48,20.62,183552,89,中性盘
1138,10:26:51,20.65,270510,131,买盘
1139,10:26:54,20.62,947300,459,买盘
1140,10:26:57,20.62,129889,63,买盘
1141,10:27:00,20.63,255850,124,买盘
1142,10:27:03,20.63,577721,280,卖盘
1143,10:27:06,20.63,231180,112,卖盘
1144,10:27:09,20.63,538647,261,卖盘
1145,10:27:12,20.63,390033,189,卖盘
1146,10:27:15,20.63,301150,146,卖盘
1147,10:27:18,20.63,443544,215,买盘
1148,10:27:21,20.63,165015,80,买盘
1149,10:27:24,20.63,255782,124,卖盘
1150,10:27:27,20.63,146439,71,买盘
1151,10:27:30,20.63,643592,312,买盘
1152,10:27:33,20.63,282645,137,卖盘
1153,10:27:36,20.63,971664,471,卖盘
1154,10:27:39,20.63,158836,77,买盘
1155,10:27:42,20.63,358948,174,买盘
1156,10:27:45,20.62,907780,440,卖盘
1157,10:27:48,20.62,583701,283,卖盘
1158,10:27:51,20.62,793961,385,卖盘
1159,10:27:54,20.62,210401,102,卖盘
1160,10:27:57,20.63,484775,235,买盘
1161,10:28:00,20.63,422762,205,卖盘
1162,10:28:03,20.62,383616,186,卖盘
1163,10:28:06,20.62,435001,211,卖盘
1164,10:28:09,20.62,272165,132,买盘
1165,10:28:12,20.62,109265,53,买盘
1166,10:28:15,20.62,428933,208,买盘
1167,10:28:18,20.6,1199066,582,卖盘
1168,10:28:21,20.61,113351,55,买盘
1169,10:28:24,20.6,768399,373,卖盘
1170,10:28:27,20.57,1228796,597,卖盘
1171,10:28:30,20.57,65843,32,卖盘
1172,10:28:33,20.57,452576,220,卖盘
1173,10:28:36,20.56,1057304,514,卖盘
1174,10:28:39,20.56,273518,133,卖盘
1175,10:28:42,20.56,620996,302,卖盘
1176,10:28:45,20.56,474947,231,卖盘
1177,10:28:48,20.56,2095131,1019,卖盘
1178,10:28:51,20.57,935658,455,买盘
1179,10:28:54,20.56,1804688,878,卖盘
1180,10:28:57,20.56,587868,286,买盘
1181,10:29:00,20.56,1227221,597,买盘
1182,10:29:03,20.57,2029444,987,买盘
1183,10:29:06,20.59,699418,340,买盘
1184,10:29:09,20.57,343664,167,卖盘
1185,10:29:12,20.58,296384,144,中性盘
1186,10:29:15,20.59,401422,195,买盘
1187,10:29:18,20.59,135894,66,卖盘
1188,10:29:21,20.6,615891,299,买盘
1189,10:29:24,20.6,644648,313,买盘
1190,10:29:27,20.59,290350,141,卖盘
1191,10:29:30,20.59,597099,290,买盘
1192,10:29:33,20.58,370598,180,卖盘
1193,10:29:36,20.58,607261,295,卖盘
1194,10:29:39,20.59,804956,391,买盘
1195,10:29:42,20.58,442533,215,卖盘
1196,10:29:45,20.58,570080,277,卖盘
1197,10:29:48,20.58,623601,303,买盘
1198,10:29:51,20.58,378700,184,买盘
1199,10:29:54,20.58,395243,192,卖盘
1200,10:29:57,20.58,689612,335,卖盘
1201,10:30:00,20.58,267547,130,卖盘
1202,10:30:03,20.59,788333,383,买盘
1203,10:30:06,20.59,347880,169,卖盘
1204,10:30:09,20.59,951289,462,卖盘
1205,10:30:12,20.59,327400,159,卖盘
1206,10:30:15,20.59,403602,196,卖盘
1207,10:30:18,20.6,290389,141,买盘
1208,10:30:21,20.6,378933,184,买盘
1209,10:30:24,20.59,339764,165,卖盘
1210,10:30:27,20.59,156481,76,买盘
1211,10:30:30,20.59,203862,99,买盘
1212,10:30:33,20.58,407568,198,卖盘
1213,10:30:36,20.58,625739,304,卖盘
1214,10:30:39,20.59,973658,473,买盘
1215,10:30:42,20.58,975669,474,卖盘
1216,10:30:45,20.59,212043,103,中性盘
1217,10:30:48,20.59,327252,159,买盘
1218,10:30:51,20.59,1132047,550,买盘
1219,10:30:54,20.58,617356,300,卖盘
1220,10:30:57,20.59,607536,295,买盘
1221,10:31:00,20.59,397387,193,卖盘
1222,10:31:03,20.59,273865,133,卖盘
1223,10:31:06,20.57,2566159,1247,卖盘
1224,10:31:09,20.58,477498,232,中性盘
1225,10:31:12,20.58,302393,147,买盘
1226,10:31:15,20.57,343435,167,卖盘
1227,10:31:18,20.58,605106,294,买盘
1228,10:31:21,20.59,584479,284,买盘
1229,10:31:24,20.59,1204231,585,买盘
1230,10:31:27,20.6,638193,310,买盘
1231,10:31:30,20.59,156476,76,中性盘
1232,10:31:33,20.58,321015,156,卖盘
1233,10:31:36,20.58,218192,106,买盘
1234,10:31:39,20.57,1158689,563,卖盘
1235,10:31:42,20.58,456735,222,买盘
1236,10:31:45,20.57,746553,363,卖盘
1237,10:31:48,20.57,1143495,556,买盘
1238,10:31:51,20.56,933491,454,卖盘
1239,10:31:54,20.56,746353,363,卖盘
1240,10:31:57,20.56,1040369,506,卖盘
1241,10:32:00,20.55,400831,195,卖盘
1242,10:32:03,20.55,1841273,896,卖盘
1243,10:32:06,20.55,953303,464,买盘
1244,10:32:09,20.54,875205,426,卖盘
1245,10:32:12,20.53,336872,164,卖盘
1246,10:32:15,20.53,761717,371,卖盘
1247,10:32:18,20.53,1045013,509,卖盘
1248,10:32:21,20.52,507009,247,卖盘
1249,10:32:24,20.52,2593933,1264,卖盘
1250,10:32:27,20.51,1304688,636,卖盘
1251,10:32:30,20.52,2087991,1018,买盘
1252,10:32:33,20.51,2837010,1383,卖盘
1253,10:32:36,20.52,13880739,6756,买盘
1254,10:32:39,20.55,2970737,1447,中性盘
1255,10:32:42,20.58,452324,220,中性盘
1256,10:32:45,20.6,571697,278,买盘
1257,10:32:48,20.55,317910,155,卖盘
1258,10:32:51,20.59,331417,161,买盘
1259,10:32:54,20.58,78083,38,买盘
1260,10:32:57,20.58,570923,277,买盘
1261,10:33:00,20.58,777127,378,卖盘
1262,10:33:03,20.58,571815,278,买盘
1263,10:33:06,20.55,288007,140,卖盘
1264,10:33:09,20.57,454431,221,中性盘
1265,10:33:12,20.57,456671,222,买盘
1266,10:33:15,20.56,359738,175,卖盘
1267,10:33:18,20.55,345327,168,卖盘
1268,10:33:21,20.57,433710,211,买盘
1269,10:33:24,20.56,649698,316,卖盘
1270,10:33:27,20.55,616925,300,卖盘
1271,10:33:30,20.56,405026,197,中性盘
1272,10:33:33,20.56,450177,219,买盘
1273,10:33:36,20.56,435779,212,买盘
1274,10:33:39,20.55,873569,425,卖盘
1275,10:33:42,20.54,1898579,924,卖盘
1276,10:33:45,20.54,470760,229,卖盘
1277,10:33:48,20.54,501149,244,卖盘
1278,10:33:51,20.53,353328,172,卖盘
1279,10:33:54,20.54,628460,306,买盘
1280,10:33:57,20.54,800959,390,买盘
1281,10:34:00,20.54,2822378,1374,卖盘
1282,10:34:03,20.54,741464,361,买盘
1283,10:34:06,20.54,819542,399,买盘
1284,10:34:09,20.54,717026,349,卖盘
1285,10:34:12,20.56,869265,423,买盘
1286,10:34:15,20.57,600537,292,买盘
1287,10:34:18,20.58,588143,286,买盘
1288,10:34:21,20.57,555079,270,中性盘
1289,10:34:24,20.56,444237,216,卖盘
1290,10:34:27,20.55,96629,47,中性盘
1291,10:34:30,20.55,170653,83,卖盘
1292,10:34:33,20.54,532409,259,卖盘
1293,10:34:36,20.55,842516,410,买盘
1294,10:34:39,20.55,522002,254,买盘
1295,10:34:42,20.55,569237,277,卖盘
1296,10:34:45,20.55,608187,296,卖盘
1297,10:34:48,20.55,376140,183,买盘
1298,10:34:51,20.54,713203,347,卖盘
1299,10:34:54,20.55,466404,227,买盘
1300,10:34:57,20.54,423197,206,卖盘
1301,10:35:00,20.55,935013,455,买盘
1302,10:35:03,20.55,538362,262,卖盘
1303,10:35:06,20.54,1591896,775,卖盘
1304,10:35:09,20.55,519761,253,买盘
1305,10:35:12,20.55,920241,448,买盘
1306,10:35:15,20.54,484751,236,卖盘
1307,10:35:18,20.54,279323,136,买盘
1308,10:35:21,20.54,1195069,582,买盘
1309,10:35:24,20.54,1897063,924,买盘
1310,10:35:27,20.52,441322,215,卖盘
1311,10:35:30,20.53,441229,215,买盘
1312,10:35:33,20.53,1251796,610,买盘
1313,10:35:36,20.53,566398,276,买盘
1314,10:35:39,20.52,829091,404,卖盘
1315,10:35:42,20.52,716106,349,买盘
1316,10:35:45,20.51,1081023,527,卖盘
1317,10:35:48,20.51,1815347,885,卖盘
1318,10:35:51,20.51,1468504,716,卖盘
1319,10:35:54,20.51,520920,254,买盘
1320,10:35:57,20.5,22060173,10761,卖盘
1321,10:36:00,20.48,2915455,1423,卖盘
1322,10:36:03,20.48,4073366,1990,卖盘
1323,10:36:06,20.45,984280,481,卖盘
1324,10:36:09,20.45,2315437,1132,卖盘
1325,10:36:12,20.47,8207032,4009,买盘
1326,10:36:15,20.47,2891866,1412,卖盘
1327,10:36:18,20.49,2362555,1153,中性盘
1328,10:36:21,20.5,5821909,2840,中性盘
1329,10:36:24,20.49,2005206,977,卖盘
1330,10:36:27,20.54,1078533,526,中性盘
1331,10:36:30,20.54,891064,434,卖盘
1332,10:36:33,20.55,3429551,1669,中性盘
1333,10:36:36,20.58,801984,390,买盘
1334,10:36:39,20.55,548611,267,卖盘
1335,10:36:42,20.58,769318,374,买盘
1336,10:36:45,20.57,349667,170,中性盘
1337,10:36:48,20.57,505741,246,买盘
1338,10:36:51,20.57,409220,199,买盘
1339,10:36:54,20.57,573666,279,买盘
1340,10:36:57,20.57,213878,104,买盘
1341,10:37:00,20.57,438083,213,买盘
1342,10:37:03,20.56,460598,224,卖盘
1343,10:37:06,20.57,717706,349,买盘
1344,10:37:09,20.56,232315,113,中性盘
1345,10:37:12,20.56,491468,239,买盘
1346,10:37:15,20.56,351587,171,卖盘
1347,10:37:18,20.56,277560,135,买盘
1348,10:37:21,20.56,690715,336,买盘
1349,10:37:24,20.56,546922,266,卖盘
1350,10:37:27,20.56,353662,172,卖盘
1351,10:37:30,20.56,485242,236,卖盘
1352,10:37:33,20.56,224095,109,买盘
1353,10:37:36,20.56,380303,185,买盘
1354,10:37:39,20.56,394709,192,买盘
1355,10:37:42,20.6,4898526,2381,买盘
1356,10:37:45,20.59,1258588,611,卖盘
1357,10:37:48,20.6,133873,65,买盘
1358,10:37:51,20.6,475856,231,买盘
1359,10:37:54,20.59,205973,100,卖盘
1360,10:37:57,20.6,2428798,1179,买盘
1361,10:38:00,20.61,414125,201,买盘
1362,10:38:03,20.62,65966,32,买盘
1363,10:38:06,20.63,210319,102,买盘
1364,10:38:09,20.63,319582,155,买盘
1365,10:38:12,20.63,622965,302,买盘
1366,10:38:15,20.63,346503,168,买盘
1367,10:38:18,20.63,132030,64,买盘
1368,10:38:21,20.63,328937,159,买盘
1369,10:38:24,20.64,80464,39,买盘
1370,10:38:27,20.64,68099,33,买盘
1371,10:38:30,20.64,127986,62,买盘
1372,10:38:33,20.64,80519,39,卖盘
1373,10:38:36,20.64,204402,99,卖盘
1374,10:38:39,20.64,260178,126,卖盘
1375,10:38:42,20.65,144527,70,买盘
1376,10:38:45,20.64,734960,356,卖盘
1377,10:38:48,20.63,429258,208,卖盘
1378,10:38:51,20.63,260011,126,卖盘
1379,10:38:54,20.64,288871,140,买盘
1380,10:38:57,20.63,431112,209,卖盘
1381,10:39:00,20.63,228988,111,买盘
1382,10:39:03,20.63,365154,177,买盘
1383,10:39:06,20.64,418804,203,买盘
1384,10:39:09,20.63,247537,120,卖盘
1385,10:39:12,20.7,7499144,3625,买盘
1386,10:39:15,20.72,411955,199,买盘
1387,10:39:18,20.71,213386,103,中性盘
1388,10:39:21,20.8,5053455,2431,买盘
1389,10:39:24,20.8,191455,92,卖盘
1390,10:39:27,20.8,603258,290,卖盘
1391,10:39:30,20.81,603390,290,中性盘
1392,10:39:33,20.81,847045,407,买盘
1393,10:39:36,20.81,557682,268,买盘
1394,10:39:39,20.8,1660130,798,卖盘
1395,10:39:42,20.8,1081666,520,卖盘
1396,10:39:45,20.8,625010,301,卖盘
1397,10:39:48,20.79,165945,80,中性盘
1398,10:39:51,20.79,114295,55,买盘
1399,10:39:54,20.75,193259,93,中性盘
1400,10:39:57,20.74,317422,153,卖盘
1401,10:40:00,20.74,72593,35,卖盘
1402,10:40:03,20.73,381174,184,中性盘
1403,10:40:06,20.74,337948,163,买盘
1404,10:40:09,20.7,174066,84,卖盘
1405,10:40:12,20.7,86971,42,卖盘
1406,10:40:15,20.7,202922,98,卖盘
1407,10:40:18,20.7,242170,117,卖盘
1408,10:40:21,20.7,134545,65,买盘
1409,10:40:24,20.7,242114,117,买盘
1410,10:40:27,20.69,204831,99,卖盘
1411,10:40:30,20.68,41375,20,卖盘
1412,10:40:33,20.68,99268,48,卖盘
1413,10:40:36,20.67,173705,84,卖盘
1414,10:40:39,20.68,448788,217,买盘
1415,10:40:42,20.67,419742,203,卖盘
1416,10:40:45,20.67,47532,23,买盘
1417,10:40:48,20.65,194225,94,卖盘
1418,10:40:51,20.65,322244,156,卖盘
1419,10:40:54,20.64,70206,34,卖盘
1420,10:40:57,20.65,392255,190,买盘
1421,10:41:00,20.64,194019,94,买盘
1422,10:41:03,20.64,412681,200,买盘
1423,10:41:06,20.66,518326,251,买盘
1424,10:41:09,20.67,68180,33,买盘
1425,10:41:12,20.64,431859,209,卖盘
1426,10:41:15,20.66,198435,96,卖盘
1427,10:41:18,20.68,494304,239,买盘
1428,10:41:21,20.68,126183,61,卖盘
1429,10:41:24,20.68,105483,51,卖盘
1430,10:41:27,20.67,204671,99,卖盘
1431,10:41:30,20.66,190147,92,卖盘
1432,10:41:33,20.66,190106,92,卖盘
1433,10:41:36,20.66,247950,120,买盘
1434,10:41:39,20.66,541412,262,卖盘
1435,10:41:42,20.67,330618,160,买盘
1436,10:41:45,20.67,258297,125,买盘
1437,10:41:48,20.66,603360,292,卖盘
1438,10:41:51,20.66,258311,125,卖盘
1439,10:41:54,20.66,413255,200,卖盘
1440,10:41:57,20.66,537441,260,卖盘
1441,10:42:00,20.66,179757,87,卖盘
1442,10:42:03,20.68,154998,75,买盘
1443,10:42:06,20.67,252217,122,卖盘
1444,10:42:09,20.67,128152,62,买盘
1445,10:42:12,20.68,293554,142,买盘
1446,10:42:15,20.67,177767,86,卖盘
1447,10:42:18,20.67,47541,23,买盘
1448,10:42:21,20.67,161201,78,买盘
1449,10:42:24,20.67,159138,77,买盘
1450,10:42:27,20.68,97151,47,买盘
1451,10:42:30,20.67,231560,112,卖盘
1452,10:42:33,20.67,349482,169,卖盘
1453,10:42:36,20.67,86832,42,卖盘
1454,10:42:39,20.67,161241,78,卖盘
1455,10:42:42,20.67,283199,137,卖盘
1456,10:42:45,20.67,330713,160,买盘
1457,10:42:48,20.67,264555,128,买盘
1458,10:42:51,20.67,192151,93,买盘
1459,10:42:54,20.67,456612,221,买盘
1460,10:42:57,20.67,283069,137,买盘
1461,10:43:00,20.66,378107,183,卖盘
1462,10:43:03,20.65,105324,51,卖盘
1463,10:43:06,20.65,198295,96,卖盘
1464,10:43:09,20.65,119775,58,卖盘
1465,10:43:12,20.65,142502,69,卖盘
1466,10:43:15,20.65,318032,154,卖盘
1467,10:43:18,20.64,109421,53,卖盘
1468,10:43:21,20.64,604768,293,卖盘
1469,10:43:24,20.64,103172,50,买盘
1470,10:43:27,20.64,421039,204,买盘
1471,10:43:30,20.64,247658,120,卖盘
1472,10:43:33,20.63,59835,29,卖盘
1473,10:43:36,20.64,144418,70,买盘
1474,10:43:39,20.63,123754,60,卖盘
1475,10:43:42,20.64,1201243,582,买盘
1476,10:43:45,20.64,476790,231,卖盘
1477,10:43:48,20.63,344633,167,卖盘
1478,10:43:51,20.63,152689,74,卖盘
1479,10:43:54,20.62,156786,76,卖盘
1480,10:43:57,20.63,41254,20,买盘
1481,10:44:00,20.63,301113,146,买盘
1482,10:44:03,20.62,270133,131,卖盘
1483,10:44:06,20.62,377376,183,卖盘
1484,10:44:09,20.61,141309,69,卖盘
1485,10:44:12,20.62,20620,10,买盘
1486,10:44:15,20.6,2463994,1196,卖盘
1487,10:44:18,20.59,193620,94,卖盘
1488,10:44:21,20.59,162667,79,卖盘
1489,10:44:24,20.59,251162,122,买盘
1490,10:44:27,20.58,494119,240,卖盘
1491,10:44:30,20.58,259395,126,卖盘
1492,10:44:33,20.58,605097,294,卖盘
1493,10:44:36,20.58,463108,225,卖盘
1494,10:44:39,20.58,374512,182,卖盘
1495,10:44:42,20.59,998089,485,买盘
1496,10:44:45,20.58,994043,483,卖盘
1497,10:44:48,20.59,224370,109,买盘
1498,10:44:51,20.58,1008606,490,卖盘
1499,10:44:54,20.58,201698,98,买盘
1500,10:44:57,20.57,327219,159,卖盘
1501,10:45:00,20.58,362123,176,买盘
1502,10:45:03,20.58,193413,94,买盘
1503,10:45:06,20.57,1068030,519,卖盘
1504,10:45:09,20.59,518437,252,买盘
1505,10:45:12,20.59,296275,144,买盘
1506,10:45:15,20.59,1753603,851,买盘
1507,10:45:18,20.59,193526,94,卖盘
1508,10:45:21,20.59,109129,53,卖盘
1509,10:45:24,20.6,3334921,1619,买盘
1510,10:45:27,20.6,142125,69,买盘
1511,10:45:30,20.6,96826,47,买盘
1512,10:45:33,20.6,397580,193,卖盘
1513,10:45:36,20.6,733314,356,卖盘
1514,10:45:39,20.61,142168,69,买盘
1515,10:45:42,20.6,1043803,506,卖盘
1516,10:45:45,20.6,94854,46,卖盘
1517,10:45:48,20.6,292598,142,卖盘
1518,10:45:51,20.6,241171,117,卖盘
1519,10:45:54,20.63,338022,164,买盘
1520,10:45:57,20.61,80387,39,卖盘
1521,10:46:00,20.61,123766,60,卖盘
1522,10:46:03,20.62,740021,359,买盘
1523,10:46:06,20.61,74248,36,卖盘
1524,10:46:09,20.62,138131,67,卖盘
1525,10:46:12,20.62,210393,102,买盘
1526,10:46:15,20.62,381432,185,买盘
1527,10:46:18,20.62,183448,89,买盘
1528,10:46:21,20.61,381317,185,卖盘
1529,10:46:24,20.6,261754,127,卖盘
1530,10:46:27,20.6,562521,273,卖盘
1531,10:46:30,20.6,640716,311,卖盘
1532,10:46:33,20.6,599481,291,卖盘
1533,10:46:36,20.6,212169,103,买盘
1534,10:46:39,20.59,510722,248,卖盘
1535,10:46:42,20.59,302754,147,卖盘
1536,10:46:45,20.59,376838,183,卖盘
1537,10:46:48,20.59,399436,194,卖盘
1538,10:46:51,20.59,843967,410,买盘
1539,10:46:54,20.59,576359,280,买盘
1540,10:46:57,20.6,673214,327,买盘
1541,10:47:00,20.59,230634,112,卖盘
1542,10:47:03,20.59,650691,316,卖盘
1543,10:47:06,20.6,887735,431,买盘
1544,10:47:09,20.59,251228,122,卖盘
1545,10:47:12,20.6,278054,135,买盘
1546,10:47:15,20.59,341804,166,卖盘
1547,10:47:18,20.58,568266,276,卖盘
1548,10:47:21,20.59,360394,175,买盘
1549,10:47:24,20.58,374704,182,卖盘
1550,10:47:27,20.6,195630,95,买盘
1551,10:47:30,20.59,172959,84,卖盘
1552,10:47:33,20.59,105024,51,卖盘
1553,10:47:36,20.59,319151,155,卖盘
1554,10:47:39,20.59,80281,39,买盘
1555,10:47:42,20.58,78219,38,卖盘
1556,10:47:45,20.59,621629,302,买盘
1557,10:47:48,20.59,107033,52,买盘
1558,10:47:51,20.58,1057852,514,卖盘
1559,10:47:54,20.59,471343,229,买盘
1560,10:47:57,20.58,440449,214,卖盘
1561,10:48:00,20.58,421895,205,卖盘
1562,10:48:03,20.58,1020870,496,卖盘
1563,10:48:06,20.58,228429,111,买盘
1564,10:48:09,20.57,306577,149,卖盘
1565,10:48:12,20.57,724120,352,卖盘
1566,10:48:15,20.57,312681,152,卖盘
1567,10:48:18,20.57,246860,120,卖盘
1568,10:48:21,20.57,493816,240,卖盘
1569,10:48:24,20.57,627396,305,卖盘
1570,10:48:27,20.57,117250,57,卖盘
1571,10:48:30,20.56,141882,69,卖盘
1572,10:48:33,20.57,3451619,1678,买盘
1573,10:48:36,20.56,1065141,518,卖盘
1574,10:48:39,20.56,285814,139,卖盘
1575,10:48:42,20.56,275504,134,卖盘
1576,10:48:45,20.56,168592,82,买盘
1577,10:48:48,20.56,922793,449,买盘
1578,10:48:51,20.55,834433,406,卖盘
1579,10:48:54,20.55,374068,182,卖盘
1580,10:48:57,20.55,6514506,3167,卖盘
1581,10:49:00,20.56,296201,144,中性盘
1582,10:49:03,20.59,1334407,648,中性盘
1583,10:49:06,20.56,764329,371,卖盘
1584,10:49:09,20.66,1642855,797,买盘
1585,10:49:12,20.66,534648,259,买盘
1586,10:49:15,20.66,301632,146,买盘
1587,10:49:18,20.6,567014,275,卖盘
1588,10:49:21,20.66,1183790,573,买盘
1589,10:49:24,20.66,221036,107,买盘
1590,10:49:27,20.65,167311,81,中性盘
1591,10:49:30,20.66,103297,50,买盘
1592,10:49:33,20.65,30975,15,卖盘
1593,10:49:36,20.65,185850,90,买盘
1594,10:49:39,20.64,196135,95,卖盘
1595,10:49:42,20.64,352966,171,买盘
1596,10:49:45,20.63,212679,103,中性盘
1597,10:49:48,20.63,33029,16,卖盘
1598,10:49:51,20.63,1165743,565,卖盘
1599,10:49:54,20.65,330233,160,买盘
1600,10:49:57,20.65,70200,34,买盘
1601,10:50:00,20.68,3479512,1684,买盘
1602,10:50:03,20.67,221203,107,中性盘
1603,10:50:06,20.69,229521,111,买盘
1604,10:50:09,20.71,2315032,1119,买盘
1605,10:50:12,20.79,2060348,993,买盘
1606,10:50:15,20.8,222559,107,买盘
1607,10:50:18,20.8,879810,423,买盘
1608,10:50:21,20.81,1596066,767,买盘
1609,10:50:24,20.82,370262,178,中性盘
1610,10:50:27,20.81,524422,252,中性盘
1611,10:50:30,20.78,295363,142,卖盘
1612,10:50:33,20.75,482585,232,卖盘
1613,10:50:36,20.76,242976,117,中性盘
1614,10:50:39,20.78,338467,163,买盘
1615,10:50:42,20.76,255411,123,卖盘
1616,10:50:45,20.78,122560,59,买盘
1617,10:50:48,20.77,288896,139,卖盘
1618,10:50:51,20.77,361381,174,卖盘
1619,10:50:54,20.77,193145,93,买盘
1620,10:50:57,20.77,245022,118,买盘
1621,10:51:00,20.76,89234,43,中性盘
1622,10:51:03,20.76,112068,54,买盘
1623,10:51:06,20.76,224000,108,买盘
1624,10:51:09,20.76,504349,243,买盘
1625,10:51:12,20.76,421428,203,买盘
1626,10:51:15,20.76,537761,259,卖盘
1627,10:51:18,20.76,103798,50,卖盘
1628,10:51:21,20.77,4068713,1957,买盘
1629,10:51:24,20.78,927969,446,卖盘
1630,10:51:27,20.81,101875,49,中性盘
1631,10:51:30,20.81,85366,41,卖盘
1632,10:51:33,20.81,397061,191,买盘
1633,10:51:36,20.79,153990,74,买盘
1634,10:51:39,20.81,103991,50,买盘
1635,10:51:42,20.8,164270,79,中性盘
1636,10:51:45,20.79,130985,63,卖盘
1637,10:51:48,20.79,311849,150,买盘
1638,10:51:51,20.8,4321157,2076,买盘
1639,10:51:54,20.81,364182,175,中性盘
1640,10:51:57,20.8,653404,314,卖盘
1641,10:52:00,20.81,655395,315,买盘
1642,10:52:03,20.8,501505,241,卖盘
1643,10:52:06,20.81,285158,137,卖盘
1644,10:52:09,20.93,6357406,3045,买盘
1645,10:52:12,20.9,539464,258,卖盘
1646,10:52:15,20.93,1452864,694,买盘
1647,10:52:18,20.93,931382,445,买盘
1648,10:52:21,20.93,3243795,1547,卖盘
1649,10:52:24,20.93,14498851,6908,卖盘
1650,10:52:27,20.97,1213935,579,中性盘
1651,10:52:30,21.0,1519066,724,买盘
1652,10:52:33,20.99,2576567,1228,中性盘
1653,10:52:36,20.97,1396979,666,卖盘
1654,10:52:39,20.97,2849677,1359,卖盘
1655,10:52:42,20.97,525728,251,买盘
1656,10:52:45,20.94,600125,287,买盘
1657,10:52:48,20.93,842271,403,卖盘
1658,10:52:51,20.9,257279,123,卖盘
1659,10:52:54,20.9,217389,104,卖盘
1660,10:52:57,20.88,284016,136,卖盘
1661,10:53:00,20.85,373492,179,卖盘
1662,10:53:03,20.85,729512,350,买盘
1663,10:53:06,20.88,1159619,556,买盘
1664,10:53:09,20.9,1199364,575,买盘
1665,10:53:12,20.9,547422,262,买盘
1666,10:53:15,20.91,1327392,635,买盘
1667,10:53:18,20.91,703149,336,卖盘
1668,10:53:21,20.93,215618,103,中性盘
1669,10:53:24,20.94,748979,358,买盘
1670,10:53:27,20.93,152778,73,中性盘
1671,10:53:30,20.91,527241,252,卖盘
1672,10:53:33,20.9,915611,438,卖盘
1673,10:53:36,20.9,1561355,747,卖盘
1674,10:53:39,20.89,982221,470,卖盘
1675,10:53:42,20.88,158716,76,卖盘
1676,10:53:45,20.86,96008,46,卖盘
1677,10:53:48,20.85,227363,109,卖盘
1678,10:53:51,20.85,304512,146,卖盘
1679,10:53:54,20.85,273127,131,卖盘
1680,10:53:57,20.89,2427331,1163,买盘
1681,10:54:00,20.88,179652,86,卖盘
1682,10:54:03,20.92,3069176,1467,买盘
1683,10:54:06,20.92,280457,134,卖盘
1684,10:54:09,20.91,135994,65,卖盘
1685,10:54:12,20.91,169425,81,卖盘
1686,10:54:15,20.91,422524,202,卖盘
1687,10:54:18,20.91,115002,55,买盘
1688,10:54:21,20.9,689808,330,卖盘
1689,10:54:24,20.88,181643,87,卖盘
1690,10:54:27,20.88,81478,39,买盘
1691,10:54:30,20.88,267242,128,买盘
1692,10:54:33,20.87,248303,119,买盘
1693,10:54:36,20.87,95985,46,买盘
1694,10:54:39,20.86,1072600,514,卖盘
1695,10:54:42,20.86,650856,312,卖盘
1696,10:54:45,20.9,3347904,1603,买盘
1697,10:54:48,20.87,517301,248,卖盘
1698,10:54:51,20.89,986948,473,买盘
1699,10:54:54,20.85,967992,464,卖盘
1700,10:54:57,20.9,781063,374,买盘
1701,10:55:00,20.88,1315538,630,卖盘
1702,10:55:03,20.85,995138,477,卖盘
1703,10:55:06,20.85,771711,370,卖盘
1704,10:55:09,20.86,233572,112,中性盘
1705,10:55:12,20.86,108423,52,中性盘
1706,10:55:15,20.84,493853,237,卖盘
1707,10:55:18,20.83,175031,84,卖盘
1708,10:55:21,20.83,310473,149,卖盘
1709,10:55:24,20.82,387252,186,卖盘
1710,10:55:27,20.81,27062,13,卖盘
1711,10:55:30,20.81,378756,182,卖盘
1712,10:55:33,20.81,403708,194,卖盘
1713,10:55:36,20.85,2373353,1140,买盘
1714,10:55:39,20.82,1026707,493,卖盘
1715,10:55:42,20.85,131162,63,中性盘
1716,10:55:45,20.85,277150,133,买盘
1717,10:55:48,20.84,164690,79,卖盘
1718,10:55:51,20.82,89594,43,卖盘
1719,10:55:54,20.84,62491,30,买盘
1720,10:55:57,20.83,347719,167,卖盘
1721,10:56:00,20.83,199961,96,卖盘
1722,10:56:03,20.83,56241,27,卖盘
1723,10:56:06,20.84,445784,214,买盘
1724,10:56:09,20.85,1297809,623,买盘
1725,10:56:12,20.84,120900,58,卖盘
1726,10:56:15,20.84,421123,202,卖盘
1727,10:56:18,20.85,416937,200,买盘
1728,10:56:21,20.85,129271,62,卖盘
1729,10:56:24,20.85,206442,99,卖盘
1730,10:56:27,20.85,306508,147,买盘
1731,10:56:30,20.86,135550,65,买盘
1732,10:56:33,20.86,212803,102,卖盘
1733,10:56:36,20.86,338152,162,卖盘
1734,10:56:39,20.86,160650,77,卖盘
1735,10:56:42,20.85,308603,148,卖盘
1736,10:56:45,20.86,68820,33,买盘
1737,10:56:48,20.85,175178,84,卖盘
1738,10:56:51,20.86,269086,129,买盘
1739,10:56:54,20.86,194028,93,卖盘
1740,10:56:57,20.87,375554,180,买盘
1741,10:57:00,20.86,248280,119,卖盘
1742,10:57:03,20.87,75116,36,中性盘
1743,10:57:06,20.87,52178,25,卖盘
1744,10:57:09,20.86,116827,56,卖盘
1745,10:57:12,20.86,87624,42,卖盘
1746,10:57:15,20.86,319239,153,卖盘
1747,10:57:18,20.86,154307,74,买盘
1748,10:57:21,20.86,145991,70,买盘
1749,10:57:24,20.85,187669,90,卖盘
1750,10:57:27,20.85,37527,18,买盘
1751,10:57:30,20.85,97962,47,买盘
1752,10:57:33,20.84,68777,33,卖盘
1753,10:57:36,20.83,58350,28,卖盘
1754,10:57:39,20.83,156285,75,卖盘
1755,10:57:42,20.83,87471,42,买盘
1756,10:57:45,20.83,81227,39,买盘
1757,10:57:48,20.81,170646,82,卖盘
1758,10:57:51,20.8,713441,343,卖盘
1759,10:57:54,20.8,295392,142,卖盘
1760,10:57:57,20.8,1248018,600,卖盘
1761,10:58:00,20.79,180897,87,卖盘
1762,10:58:03,20.78,37419,18,卖盘
1763,10:58:06,20.79,81048,39,买盘
1764,10:58:09,20.82,1443663,694,买盘
1765,10:58:12,20.84,918378,441,买盘
1766,10:58:15,20.85,731135,351,买盘
1767,10:58:18,20.84,47948,23,卖盘
1768,10:58:21,20.86,552754,265,买盘
1769,10:58:24,20.86,202385,97,卖盘
1770,10:58:27,20.86,527814,253,卖盘
1771,10:58:30,20.86,110552,53,买盘
1772,10:58:33,20.86,79254,38,买盘
1773,10:58:36,20.85,285747,137,卖盘
1774,10:58:39,20.85,118864,57,卖盘
1775,10:58:42,20.85,104247,50,卖盘
1776,10:58:45,20.84,91696,44,买盘
1777,10:58:48,20.83,68736,33,卖盘
1778,10:58:51,20.83,58319,28,买盘
1779,10:58:54,20.83,345419,166,买盘
1780,10:58:57,20.82,122881,59,卖盘
1781,10:59:00,20.81,62458,30,卖盘
1782,10:59:03,20.81,10407,5,卖盘
1783,10:59:06,20.81,24970,12,中性盘
1784,10:59:09,20.81,226751,109,买盘
1785,10:59:12,20.81,738844,355,买盘
1786,10:59:15,20.81,578706,278,卖盘
1787,10:59:18,20.81,124827,60,买盘
1788,10:59:21,20.8,542919,261,卖盘
1789,10:59:24,20.8,193479,93,买盘
1790,10:59:27,20.8,89445,43,买盘
1791,10:59:30,20.79,245344,118,卖盘
1792,10:59:33,20.79,170484,82,卖盘
1793,10:59:36,20.8,401373,193,买盘
1794,10:59:39,20.79,74855,36,卖盘
1795,10:59:42,20.8,426603,205,买盘
1796,10:59:45,20.81,543240,261,中性盘
1797,10:59:48,20.84,377256,181,买盘
1798,10:59:51,20.83,191799,92,卖盘
1799,10:59:54,20.82,160363,77,卖盘
1800,11:00:00,20.82,116553,56,买盘
1801,11:00:03,20.82,14573,7,买盘
1802,11:00:06,20.81,18729,9,卖盘
1803,11:00:09,20.81,31215,15,买盘
1804,11:00:12,20.8,505851,243,卖盘
1805,11:00:15,20.8,280808,135,卖盘
1806,11:00:18,20.8,205935,99,卖盘
1807,11:00:21,20.81,220537,106,买盘
1808,11:00:24,20.81,278884,134,卖盘
1809,11:00:27,20.8,401545,193,卖盘
1810,11:00:30,20.81,116521,56,中性盘
1811,11:00:33,20.81,576655,277,买盘
1812,11:00:36,20.81,104031,50,买盘
1813,11:00:39,20.81,95737,46,卖盘
1814,11:00:42,20.8,183122,88,卖盘
1815,11:00:45,20.81,101969,49,买盘
1816,11:00:48,20.8,151840,73,卖盘
1817,11:00:51,20.81,312006,150,买盘
1818,11:00:54,20.8,47847,23,卖盘
1819,11:00:57,20.8,106083,51,卖盘
1820,11:01:00,20.8,93604,45,卖盘
1821,11:01:03,20.8,208006,100,卖盘
1822,11:01:06,20.8,170560,82,卖盘
1823,11:01:09,20.8,501287,241,卖盘
1824,11:01:12,20.8,295422,142,卖盘
1825,11:01:15,20.79,122689,59,卖盘
1826,11:01:18,20.79,37426,18,卖盘
1827,11:01:21,20.79,436729,210,卖盘
1828,11:01:24,20.79,386700,186,卖盘
1829,11:01:27,20.79,35343,17,卖盘
1830,11:01:30,20.78,83152,40,卖盘
1831,11:01:33,20.78,423938,204,卖盘
1832,11:01:36,20.78,1730974,833,卖盘
1833,11:01:39,20.77,157863,76,卖盘
1834,11:01:42,20.77,103881,50,卖盘
1835,11:01:45,20.77,407099,196,卖盘
1836,11:01:48,20.76,87214,42,卖盘
1837,11:01:51,20.76,41523,20,卖盘
1838,11:01:54,20.75,373777,180,卖盘
1839,11:01:57,20.75,68488,33,卖盘
1840,11:02:00,20.75,327830,158,卖盘
1841,11:02:03,20.74,365128,176,卖盘
1842,11:02:06,20.74,37332,18,卖盘
1843,11:02:09,20.79,2229462,1074,买盘
1844,11:02:12,20.79,573832,276,买盘
1845,11:02:15,20.79,31185,15,卖盘
1846,11:02:18,20.83,4461921,2145,买盘
1847,11:02:21,20.83,141595,68,买盘
1848,11:02:24,20.83,85366,41,买盘
1849,11:02:27,20.82,120759,58,卖盘
1850,11:02:30,20.82,143685,69,买盘
1851,11:02:33,20.81,12487,6,卖盘
1852,11:02:36,20.81,101988,49,卖盘
1853,11:02:39,20.8,334890,161,卖盘
1854,11:02:42,20.8,12478,6,买盘
1855,11:02:45,20.79,87327,42,卖盘
1856,11:02:48,20.79,37412,18,买盘
1857,11:02:51,20.79,66528,32,买盘
1858,11:02:54,20.78,37408,18,卖盘
1859,11:02:57,20.77,81035,39,卖盘
1860,11:03:00,20.78,8312,4,买盘
1861,11:03:03,20.77,396754,191,卖盘
1862,11:03:06,20.77,640929,309,买盘
1863,11:03:09,20.78,68574,33,卖盘
1864,11:03:12,20.78,214103,103,卖盘
1865,11:03:15,20.78,157912,76,买盘
1866,11:03:18,20.78,162035,78,买盘
1867,11:03:21,20.77,119438,58,卖盘
1868,11:03:24,20.77,98658,48,买盘
1869,11:03:27,20.78,62316,30,买盘
1870,11:03:30,20.78,1742260,839,买盘
1871,11:03:33,20.78,444602,214,卖盘
1872,11:03:36,20.79,97707,47,中性盘
1873,11:03:39,20.79,47831,23,卖盘
1874,11:03:42,20.79,299355,144,卖盘
1875,11:03:45,20.78,4157,2,卖盘
1876,11:03:48,20.78,118493,57,卖盘
1877,11:03:51,20.78,39487,19,卖盘
1878,11:03:54,20.78,37418,18,卖盘
1879,11:03:57,20.79,110151,53,买盘
1880,11:04:00,20.78,43642,21,卖盘
1881,11:04:03,20.78,263939,127,卖盘
1882,11:04:06,20.77,76887,37,卖盘
1883,11:04:09,20.77,37388,18,卖盘
1884,11:04:12,20.77,166211,80,卖盘
1885,11:04:15,20.77,392579,189,卖盘
1886,11:04:18,20.77,257557,124,卖盘
1887,11:04:21,20.77,91395,44,卖盘
1888,11:04:24,20.77,213983,103,卖盘
1889,11:04:27,20.77,346903,167,买盘
1890,11:04:30,20.76,58128,28,卖盘
1891,11:04:33,20.76,29075,14,卖盘
1892,11:04:36,20.76,95524,46,卖盘
1893,11:04:39,20.76,97572,47,卖盘
1894,11:04:42,20.76,66432,32,卖盘
1895,11:04:45,20.76,49824,24,买盘
1896,11:04:48,20.75,195084,94,卖盘
1897,11:04:51,20.76,87159,42,买盘
1898,11:04:54,20.75,240708,116,卖盘
1899,11:04:57,20.77,523120,252,买盘
1900,11:05:00,20.77,174471,84,卖盘
1901,11:05:03,20.77,43615,21,卖盘
1902,11:05:06,20.79,608714,293,买盘
1903,11:05:09,20.8,848323,408,买盘
1904,11:05:12,20.79,10395,5,卖盘
1905,11:05:15,20.79,14553,7,卖盘
1906,11:05:18,20.8,203840,98,买盘
1907,11:05:21,20.8,120630,58,卖盘
1908,11:05:24,20.8,339040,163,卖盘
1909,11:05:27,20.8,145581,70,买盘
1910,11:05:30,20.8,237087,114,买盘
1911,11:05:33,20.8,122709,59,买盘
1912,11:05:36,20.8,131038,63,买盘
1913,11:05:39,20.8,170560,82,卖盘
1914,11:05:42,20.8,27038,13,买盘
1915,11:05:45,20.8,135193,65,买盘
1916,11:05:48,20.8,259894,125,卖盘
1917,11:05:51,20.8,49920,24,买盘
1918,11:05:54,20.8,137268,66,买盘
1919,11:05:57,20.8,160065,77,卖盘
1920,11:06:00,20.8,20800,10,买盘
1921,11:06:03,20.8,126848,61,买盘
1922,11:06:06,20.78,54056,26,卖盘
1923,11:06:09,20.84,1698397,816,买盘
1924,11:06:12,20.84,987643,474,买盘
1925,11:06:15,20.84,127121,61,买盘
1926,11:06:18,20.83,27090,13,卖盘
1927,11:06:21,20.83,162476,78,卖盘
1928,11:06:24,20.82,127035,61,卖盘
1929,11:06:27,20.83,501901,241,买盘
1930,11:06:30,20.87,1863784,894,买盘
1931,11:06:33,20.88,889315,426,买盘
1932,11:06:36,20.88,281725,135,买盘
1933,11:06:39,20.88,317355,152,买盘
1934,11:06:42,20.88,160772,77,买盘
1935,11:06:45,20.88,292254,140,买盘
1936,11:06:48,20.88,279762,134,买盘
1937,11:06:51,20.87,530214,254,卖盘
1938,11:06:54,20.87,158611,76,买盘
1939,11:06:57,20.87,302600,145,买盘
1940,11:07:00,20.87,154430,74,买盘
1941,11:07:03,20.87,191997,92,买盘
1942,11:07:06,20.87,296293,142,卖盘
1943,11:07:09,20.87,87615,42,买盘
1944,11:07:12,20.86,58415,28,卖盘
1945,11:07:15,20.87,571753,274,买盘
1946,11:07:18,20.86,1608335,771,卖盘
1947,11:07:21,20.86,776080,372,卖盘
1948,11:07:24,20.85,339945,163,卖盘
1949,11:07:27,20.84,6253,3,卖盘
1950,11:07:30,20.83,35411,17,卖盘
1951,11:07:33,20.82,141664,68,卖盘
1952,11:07:36,20.82,722454,347,卖盘
1953,11:07:39,20.83,709995,341,买盘
1954,11:07:42,20.82,197790,95,卖盘
1955,11:07:45,20.82,391466,188,卖盘
1956,11:07:48,20.82,607958,292,卖盘
1957,11:07:51,20.82,672488,323,卖盘
1958,11:07:54,20.82,139495,67,卖盘
1959,11:07:57,20.8,60362,29,卖盘
1960,11:08:00,20.81,137332,66,买盘
1961,11:08:03,20.8,68643,33,卖盘
1962,11:08:06,20.81,176833,85,买盘
1963,11:08:09,20.81,35362,17,买盘
1964,11:08:12,20.81,76990,37,买盘
1965,11:08:15,20.81,35377,17,卖盘
1966,11:08:18,20.81,22894,11,卖盘
1967,11:08:21,20.81,97807,47,卖盘
1968,11:08:24,20.81,181047,87,卖盘
1969,11:08:27,20.81,43703,21,卖盘
1970,11:08:30,20.81,62430,30,卖盘
1971,11:08:33,20.81,12481,6,买盘
1972,11:08:36,20.8,101942,49,卖盘
1973,11:08:39,20.8,35360,17,卖盘
1974,11:08:42,20.8,126882,61,卖盘
1975,11:08:45,20.8,112320,54,卖盘
1976,11:08:48,20.79,291170,140,卖盘
1977,11:08:51,20.8,62382,30,买盘
1978,11:08:54,20.79,203647,98,卖盘
1979,11:08:57,20.79,151731,73,买盘
1980,11:09:00,20.78,114313,55,卖盘
1981,11:09:03,20.78,205757,99,卖盘
1982,11:09:06,20.77,178660,86,卖盘
1983,11:09:09,20.77,91411,44,卖盘
1984,11:09:12,20.77,122572,59,买盘
1985,11:09:15,20.79,176588,85,买盘
1986,11:09:18,20.79,421760,203,买盘
1987,11:09:21,20.79,29095,14,买盘
1988,11:09:24,20.78,137151,66,卖盘
1989,11:09:27,20.79,24942,12,买盘
1990,11:09:30,20.78,419852,202,卖盘
1991,11:09:33,20.8,631950,304,买盘
1992,11:09:36,20.79,201681,97,卖盘
1993,11:09:39,20.79,191276,92,卖盘
1994,11:09:42,20.78,135115,65,卖盘
1995,11:09:45,20.78,172533,83,卖盘
1996,11:09:48,20.78,139241,67,卖盘
1997,11:09:51,20.78,64420,31,卖盘
1998,11:09:54,20.78,268082,129,卖盘
1999,11:09:57,20.78,76886,37,卖盘
2000,11:10:00,20.77,236896,114,卖盘
2001,11:10:03,20.77,85162,41,卖盘
2002,11:10:06,20.77,346861,167,卖盘
2003,11:10:09,20.77,274164,132,卖盘
2004,11:10:12,20.77,166177,80,卖盘
2005,11:10:15,20.77,278363,134,卖盘
2006,11:10:18,20.78,292923,141,买盘
2007,11:10:21,20.77,155773,75,中性盘
2008,11:10:24,20.77,66454,32,卖盘
2009,11:10:27,20.77,1040953,501,卖盘
2010,11:10:30,20.77,76849,37,买盘
2011,11:10:33,20.76,56071,27,卖盘
2012,11:10:36,20.77,261606,126,买盘
2013,11:10:39,20.76,199315,96,卖盘
2014,11:10:42,20.78,130837,63,买盘
2015,11:10:45,20.77,134981,65,卖盘
2016,11:10:48,20.77,498694,240,买盘
2017,11:10:51,20.77,149533,72,卖盘
2018,11:10:54,20.77,83080,40,卖盘
2019,11:10:57,20.77,346699,167,买盘
2020,11:11:00,20.76,14534,7,卖盘
2021,11:11:03,20.76,87218,42,卖盘
2022,11:11:06,20.77,178595,86,买盘
2023,11:11:09,20.76,363300,175,卖盘
2024,11:11:12,20.76,39451,19,卖盘
2025,11:11:15,20.76,240853,116,卖盘
2026,11:11:18,20.76,56052,27,卖盘
2027,11:11:21,20.76,166105,80,卖盘
2028,11:11:24,20.77,139100,67,买盘
2029,11:11:27,20.77,465210,224,买盘
2030,11:11:30,20.77,95516,46,买盘
2031,11:11:33,20.76,330094,159,卖盘
2032,11:11:36,20.76,83040,40,买盘
2033,11:11:39,20.75,230346,111,卖盘
2034,11:11:42,20.75,263528,127,卖盘
2035,11:11:45,20.76,24901,12,买盘
2036,11:11:48,20.75,151475,73,卖盘
2037,11:11:51,20.76,286358,138,买盘
2038,11:11:54,20.75,244764,118,卖盘
2039,11:11:57,20.75,43575,21,买盘
2040,11:12:00,20.75,62230,30,买盘
2041,11:12:03,20.75,85054,41,买盘
2042,11:12:06,20.74,8296,4,中性盘
2043,11:12:09,20.74,85020,41,买盘
2044,11:12:12,20.74,255078,123,中性盘
2045,11:12:15,20.75,325676,157,买盘
2046,11:12:18,20.74,477171,230,卖盘
2047,11:12:21,20.7,2756583,1331,卖盘
2048,11:12:24,20.7,1084665,524,买盘
2049,11:12:27,20.7,209045,101,买盘
2050,11:12:30,20.7,128312,62,买盘
2051,11:12:33,20.69,134508,65,卖盘
2052,11:12:36,20.69,225529,109,卖盘
2053,11:12:39,20.69,521267,252,买盘
2054,11:12:42,20.7,397274,192,买盘
2055,11:12:45,20.7,120021,58,买盘
2056,11:12:48,20.68,496418,240,卖盘
2057,11:12:51,20.7,217290,105,买盘
2058,11:12:54,20.7,47634,23,卖盘
2059,11:12:57,20.72,116047,56,中性盘
2060,11:13:00,20.72,37300,18,卖盘
2061,11:13:03,20.72,207108,100,买盘
2062,11:13:06,20.7,656298,317,卖盘
2063,11:13:09,20.7,190467,92,买盘
2064,11:13:12,20.7,101412,49,卖盘
2065,11:13:15,20.7,155244,75,卖盘
2066,11:13:18,20.7,204973,99,买盘
2067,11:13:21,20.71,175962,85,中性盘
2068,11:13:24,20.71,28994,14,卖盘
2069,11:13:27,20.72,366690,177,买盘
2070,11:13:30,20.71,202984,98,卖盘
2071,11:13:33,20.71,78707,38,卖盘
2072,11:13:36,20.72,101508,49,买盘
2073,11:13:39,20.71,246449,119,卖盘
2074,11:13:42,20.7,500948,242,卖盘
2075,11:13:45,20.69,122112,59,卖盘
2076,11:13:48,20.69,89002,43,卖盘
2077,11:13:51,20.69,70353,34,卖盘
2078,11:13:54,20.7,622789,301,买盘
2079,11:13:57,20.68,397228,192,卖盘
2080,11:14:00,20.69,31035,15,买盘
2081,11:14:03,20.69,45507,22,买盘
2082,11:14:06,20.68,574824,278,卖盘
2083,11:14:09,20.68,225412,109,买盘
2084,11:14:12,20.67,909908,440,卖盘
2085,11:14:15,20.68,1186480,574,中性盘
2086,11:14:18,20.67,148826,72,卖盘
2087,11:14:21,20.67,99210,48,买盘
2088,11:14:24,20.66,543472,263,卖盘
2089,11:14:27,20.67,78551,38,买盘
2090,11:14:30,20.67,126087,61,卖盘
2091,11:14:33,20.67,128157,62,卖盘
2092,11:14:36,20.67,113690,55,卖盘
2093,11:14:39,20.67,338897,164,买盘
2094,11:14:42,20.67,152951,74,买盘
2095,11:14:45,20.67,51675,25,买盘
2096,11:14:48,20.67,283125,137,卖盘
2097,11:14:51,20.68,190096,92,买盘
2098,11:14:54,20.65,991356,480,卖盘
2099,11:14:57,20.65,97055,47,买盘
2100,11:15:00,20.66,111531,54,买盘
2101,11:15:03,20.65,227275,110,卖盘
2102,11:15:06,20.66,264369,128,中性盘
2103,11:15:09,20.67,37202,18,买盘
2104,11:15:12,20.66,301780,146,卖盘
2105,11:15:15,20.67,192196,93,中性盘
2106,11:15:18,20.67,33079,16,卖盘
2107,11:15:21,20.68,198516,96,买盘
2108,11:15:24,20.68,217066,105,买盘
2109,11:15:27,20.68,285282,138,买盘
2110,11:15:30,20.68,103372,50,买盘
2111,11:15:33,20.67,115782,56,卖盘
2112,11:15:36,20.68,53768,26,买盘
2113,11:15:39,20.68,70303,34,买盘
2114,11:15:42,20.69,200595,97,买盘
2115,11:15:45,20.68,179951,87,卖盘
2116,11:15:48,20.69,68261,33,买盘
2117,11:15:51,20.68,82728,40,卖盘
2118,11:15:54,20.68,254379,123,卖盘
2119,11:15:57,20.68,126123,61,中性盘
2120,11:16:00,20.68,86842,42,买盘
2121,11:16:03,20.68,206791,100,买盘
2122,11:16:06,20.68,275044,133,卖盘
2123,11:16:09,20.68,219211,106,卖盘
2124,11:16:12,20.68,101354,49,卖盘
2125,11:16:15,20.69,204784,99,买盘
2126,11:16:18,20.68,101345,49,卖盘
2127,11:16:21,20.68,347514,168,卖盘
2128,11:16:24,20.68,126175,61,卖盘
2129,11:16:27,20.69,165478,80,买盘
2130,11:16:30,20.68,91010,44,卖盘
2131,11:16:33,20.68,107561,52,卖盘
2132,11:16:36,20.68,186109,90,卖盘
2133,11:16:39,20.69,37234,18,卖盘
2134,11:16:42,20.68,45510,22,卖盘
2135,11:16:45,20.69,51722,25,中性盘
2136,11:16:48,20.69,128279,62,卖盘
2137,11:16:51,20.68,231616,112,卖盘
2138,11:16:54,20.69,101336,49,买盘
2139,11:16:57,20.69,179920,87,买盘
2140,11:17:00,20.69,167523,81,买盘
2141,11:17:03,20.68,496600,240,卖盘
2142,11:17:06,20.68,558136,270,卖盘
2143,11:17:09,20.68,93060,45,中性盘
2144,11:17:12,20.68,47567,23,卖盘
2145,11:17:15,20.69,86866,42,买盘
2146,11:17:18,20.68,31030,15,卖盘
2147,11:17:21,20.69,186125,90,买盘
2148,11:17:24,20.68,49637,24,卖盘
2149,11:17:27,20.69,99273,48,买盘
2150,11:17:30,20.68,72398,35,卖盘
2151,11:17:33,20.68,109607,53,卖盘
2152,11:17:36,20.68,105470,51,买盘
2153,11:17:39,20.68,157122,76,买盘
2154,11:17:42,20.67,632507,306,卖盘
2155,11:17:45,20.67,126103,61,买盘
2156,11:17:48,20.66,107471,52,卖盘
2157,11:17:51,20.66,611537,296,卖盘
2158,11:17:54,20.66,526831,255,卖盘
2159,11:17:57,20.66,231408,112,买盘
2160,11:18:00,20.66,285090,138,买盘
2161,11:18:03,20.66,427706,207,卖盘
2162,11:18:06,20.67,43392,21,中性盘
2163,11:18:09,20.67,88860,43,卖盘
2164,11:18:12,20.66,24793,12,卖盘
2165,11:18:15,20.66,53730,26,卖盘
2166,11:18:18,20.66,86781,42,卖盘
2167,11:18:21,20.66,303731,147,卖盘
2168,11:18:24,20.67,274795,133,买盘
2169,11:18:27,20.66,107410,52,中性盘
2170,11:18:30,20.65,183813,89,卖盘
2171,11:18:33,20.65,272594,132,卖盘
2172,11:18:36,20.65,340755,165,卖盘
2173,11:18:39,20.65,216835,105,卖盘
2174,11:18:42,20.65,231285,112,卖盘
2175,11:18:45,20.65,274705,133,卖盘
2176,11:18:48,20.65,194071,94,买盘
2177,11:18:51,20.64,86701,42,卖盘
2178,11:18:54,20.65,908735,440,买盘
2179,11:18:57,20.66,111506,54,买盘
2180,11:19:00,20.66,365645,177,卖盘
2181,11:19:03,20.67,934139,452,买盘
2182,11:19:06,20.67,495845,240,买盘
2183,11:19:09,20.67,167376,81,买盘
2184,11:19:12,20.66,179744,87,中性盘
2185,11:19:15,20.66,26855,13,买盘
2186,11:19:18,20.66,177671,86,买盘
2187,11:19:21,20.66,130120,63,买盘
2188,11:19:24,20.66,423530,205,买盘
2189,11:19:27,20.66,175610,85,卖盘
2190,11:19:30,20.66,84706,41,卖盘
2191,11:19:33,20.65,30989,15,卖盘
2192,11:19:36,20.65,53706,26,卖盘
2193,11:19:39,20.65,159026,77,卖盘
2194,11:19:42,20.65,206502,100,卖盘
2195,11:19:45,20.66,165212,80,买盘
2196,11:19:48,20.65,1092385,529,卖盘
2197,11:19:51,20.65,92925,45,买盘
2198,11:19:54,20.65,53686,26,买盘
2199,11:19:57,20.65,241548,117,买盘
2200,11:20:00,20.64,350915,170,卖盘
2201,11:20:03,20.63,59847,29,卖盘
2202,11:20:06,20.64,35073,17,买盘
2203,11:20:09,20.63,214557,104,卖盘
2204,11:20:12,20.64,309471,150,买盘
2205,11:20:15,20.64,309501,150,买盘
2206,11:20:18,20.63,517985,251,卖盘
2207,11:20:21,20.64,183635,89,买盘
2208,11:20:24,20.63,107295,52,卖盘
2209,11:20:27,20.63,299183,145,卖盘
2210,11:20:30,20.64,148565,72,买盘
2211,11:20:33,20.63,119662,58,卖盘
2212,11:20:36,20.63,63953,31,买盘
2213,11:20:39,20.63,152632,74,买盘
2214,11:20:42,20.62,37116,18,卖盘
2215,11:20:45,20.62,1294952,628,卖盘
2216,11:20:48,20.62,1067705,518,买盘
2217,11:20:51,20.62,68046,33,卖盘
2218,11:20:54,20.62,346439,168,卖盘
2219,11:20:57,20.62,468010,227,买盘
2220,11:21:00,20.62,371144,180,买盘
2221,11:21:03,20.62,348480,169,中性盘
2222,11:21:06,20.62,393726,191,卖盘
2223,11:21:09,20.63,455748,221,买盘
2224,11:21:12,20.62,305193,148,卖盘
2225,11:21:15,20.63,74261,36,买盘
2226,11:21:18,20.62,164963,80,卖盘
2227,11:21:21,20.62,200010,97,买盘
2228,11:21:24,20.63,5051518,2452,买盘
2229,11:21:27,20.62,39179,19,卖盘
2230,11:21:30,20.62,430967,209,卖盘
2231,11:21:33,20.63,296957,144,买盘
2232,11:21:36,20.62,241266,117,卖盘
2233,11:21:39,20.62,251563,122,买盘
2234,11:21:42,20.61,608014,295,卖盘
2235,11:21:45,20.6,218381,106,卖盘
2236,11:21:48,20.6,498593,242,卖盘
2237,11:21:51,20.6,111240,54,卖盘
2238,11:21:54,20.6,156560,76,买盘
2239,11:21:57,20.6,387146,188,买盘
2240,11:22:00,20.59,481757,234,卖盘
2241,11:22:03,20.59,170879,83,买盘
2242,11:22:06,20.59,59704,29,买盘
2243,11:22:09,20.59,475552,231,卖盘
2244,11:22:12,20.59,459204,223,卖盘
2245,11:22:15,20.59,238810,116,卖盘
2246,11:22:18,20.59,109126,53,买盘
2247,11:22:21,20.58,323142,157,卖盘
2248,11:22:24,20.55,5157230,2508,卖盘
2249,11:22:27,20.58,72022,35,买盘
2250,11:22:30,20.59,102854,50,买盘
2251,11:22:33,20.59,191465,93,买盘
2252,11:22:36,20.58,80286,39,卖盘
2253,11:22:39,20.58,74102,36,卖盘
2254,11:22:42,20.58,172909,84,卖盘
2255,11:22:45,20.58,341704,166,卖盘
2256,11:22:48,20.58,164660,80,卖盘
2257,11:22:51,20.59,265603,129,买盘
2258,11:22:54,20.59,78222,38,买盘
2259,11:22:57,20.58,195532,95,卖盘
2260,11:23:00,20.59,168831,82,买盘
2261,11:23:03,20.6,2365000,1148,买盘
2262,11:23:06,20.62,434760,211,买盘
2263,11:23:09,20.61,2170773,1052,卖盘
2264,11:23:12,20.63,55753,27,卖盘
2265,11:23:15,20.63,247596,120,卖盘
2266,11:23:18,20.66,8262,4,买盘
2267,11:23:21,20.66,144571,70,买盘
2268,11:23:24,20.66,101208,49,买盘
2269,11:23:27,20.66,107424,52,买盘
2270,11:23:30,20.7,1077604,521,买盘
2271,11:23:33,20.74,416305,201,买盘
2272,11:23:36,20.71,2071,1,中性盘
2273,11:23:39,20.74,99407,48,买盘
2274,11:23:42,20.73,169858,82,中性盘
2275,11:23:45,20.71,24848,12,中性盘
2276,11:23:48,20.7,51758,25,卖盘
2277,11:23:51,20.7,153168,74,买盘
2278,11:23:54,20.7,453324,219,买盘
2279,11:23:57,20.71,289851,140,中性盘
2280,11:24:00,20.72,53836,26,买盘
2281,11:24:03,20.7,300167,145,卖盘
2282,11:24:06,20.71,246339,119,买盘
2283,11:24:09,20.68,209056,101,卖盘
2284,11:24:12,20.66,151009,73,卖盘
2285,11:24:15,20.68,20680,10,买盘
2286,11:24:18,20.67,724139,350,卖盘
2287,11:24:21,20.7,107506,52,买盘
2288,11:24:24,20.67,167372,81,卖盘
2289,11:24:27,20.66,26859,13,卖盘
2290,11:24:30,20.68,57887,28,买盘
2291,11:24:33,20.66,171621,83,卖盘
2292,11:24:36,20.66,200402,97,卖盘
2293,11:24:39,20.66,171478,83,卖盘
2294,11:24:42,20.66,297405,144,卖盘
2295,11:24:45,20.66,82635,40,买盘
2296,11:24:48,20.64,125964,61,卖盘
2297,11:24:51,20.63,138335,67,卖盘
2298,11:24:54,20.65,4130,2,卖盘
2299,11:24:57,20.64,99075,48,卖盘
2300,11:25:00,20.64,68107,33,买盘
2301,11:25:03,20.64,72232,35,买盘
2302,11:25:06,20.64,144478,70,卖盘
2303,11:25:09,20.64,317813,154,卖盘
2304,11:25:12,20.63,99056,48,卖盘
2305,11:25:15,20.64,167184,81,买盘
2306,11:25:18,20.63,94934,46,卖盘
2307,11:25:21,20.63,152713,74,卖盘
2308,11:25:24,20.64,30953,15,买盘
2309,11:25:27,20.63,249633,121,卖盘
2310,11:25:30,20.64,233138,113,买盘
2311,11:25:33,20.63,156819,76,卖盘
2312,11:25:36,20.64,402430,195,买盘
2313,11:25:39,20.63,639602,310,卖盘
2314,11:25:42,20.63,49512,24,买盘
2315,11:25:45,20.63,280568,136,买盘
2316,11:25:48,20.63,105205,51,买盘
2317,11:25:51,20.63,76306,37,卖盘
2318,11:25:54,20.63,195917,95,买盘
2319,11:25:57,20.62,156745,76,卖盘
2320,11:26:00,20.62,113415,55,卖盘
2321,11:26:03,20.63,84576,41,买盘
2322,11:26:06,20.62,181477,88,中性盘
2323,11:26:09,20.62,84563,41,卖盘
2324,11:26:12,20.62,319702,155,卖盘
2325,11:26:15,20.62,680577,330,买盘
2326,11:26:18,20.62,164966,80,卖盘
2327,11:26:21,20.62,57746,28,中性盘
2328,11:26:24,20.62,608687,295,卖盘
2329,11:26:27,20.62,103111,50,卖盘
2330,11:26:30,20.63,80447,39,买盘
2331,11:26:33,20.62,72184,35,卖盘
2332,11:26:36,20.62,59818,29,卖盘
2333,11:26:39,20.63,59806,29,买盘
2334,11:26:42,20.63,422827,205,卖盘
2335,11:26:45,20.62,111352,54,卖盘
2336,11:26:48,20.63,99005,48,买盘
2337,11:26:51,20.62,74226,36,卖盘
2338,11:26:54,20.63,47429,23,买盘
2339,11:26:57,20.61,127832,62,卖盘
2340,11:27:00,20.63,78360,38,买盘
2341,11:27:03,20.62,156714,76,卖盘
2342,11:27:06,20.61,134033,65,卖盘
2343,11:27:09,20.62,94852,46,买盘
2344,11:27:12,20.62,107211,52,买盘
2345,11:27:15,20.62,457700,222,买盘
2346,11:27:18,20.62,245411,119,卖盘
2347,11:27:21,20.62,148465,72,卖盘
2348,11:27:24,20.62,123756,60,卖盘
2349,11:27:27,20.63,35059,17,买盘
2350,11:27:30,20.63,354701,172,买盘
2351,11:27:33,20.62,616538,299,卖盘
2352,11:27:36,20.62,150526,73,买盘
2353,11:27:39,20.61,173134,84,卖盘
2354,11:27:42,20.61,189636,92,卖盘
2355,11:27:45,20.61,179365,87,卖盘
2356,11:27:48,20.61,253509,123,卖盘
2357,11:27:51,20.62,32987,16,买盘
2358,11:27:54,20.61,98942,48,卖盘
2359,11:27:57,20.61,352463,171,卖盘
2360,11:28:00,20.61,237085,115,卖盘
2361,11:28:03,20.61,451359,219,买盘
2362,11:28:06,20.61,208125,101,卖盘
2363,11:28:09,20.61,307044,149,买盘
2364,11:28:12,20.6,150417,73,卖盘
2365,11:28:15,20.61,117460,57,买盘
2366,11:28:18,20.6,276064,134,卖盘
2367,11:28:21,20.61,197822,96,买盘
2368,11:28:24,20.61,123662,60,买盘
2369,11:28:27,20.61,152514,74,卖盘
2370,11:28:30,20.61,232892,113,卖盘
2371,11:28:33,20.61,222588,108,买盘
2372,11:28:36,20.61,1038316,504,买盘
2373,11:28:39,20.61,346126,168,买盘
2374,11:28:42,20.6,203985,99,卖盘
2375,11:28:45,20.6,1369928,665,卖盘
2376,11:28:48,20.6,142137,69,买盘
2377,11:28:51,20.59,275970,134,卖盘
2378,11:28:54,20.59,53553,26,卖盘
2379,11:28:57,20.6,154550,75,中性盘
2380,11:29:00,20.59,154444,75,卖盘
2381,11:29:03,20.6,210052,102,中性盘
2382,11:29:06,20.59,86497,42,卖盘
2383,11:29:09,20.63,1438373,698,买盘
2384,11:29:12,20.63,59833,29,卖盘
2385,11:29:15,20.65,119675,58,买盘
2386,11:29:18,20.65,427436,207,买盘
2387,11:29:21,20.65,61950,30,卖盘
2388,11:29:24,20.65,43366,21,卖盘
2389,11:29:27,20.65,200337,97,卖盘
2390,11:29:30,20.66,101212,49,中性盘
2391,11:29:33,20.65,268567,130,卖盘
2392,11:29:36,20.66,284991,138,卖盘
2393,11:29:39,20.67,200406,97,买盘
2394,11:29:42,20.65,64055,31,卖盘
2395,11:29:45,20.67,37188,18,中性盘
2396,11:29:48,20.65,208743,101,卖盘
2397,11:29:51,20.65,406849,197,卖盘
2398,11:29:54,20.65,26865,13,中性盘
2399,11:29:57,20.67,134273,65,买盘
2400,11:30:00,20.62,86701,42,卖盘
2401,13:00:00,20.62,2286905,1109,卖盘
2402,13:00:03,20.6,5378477,2610,卖盘
2403,13:00:06,20.61,309089,150,买盘
2404,13:00:09,20.6,14420,7,卖盘
2405,13:00:12,20.6,96826,47,卖盘
2406,13:00:15,20.6,615669,299,买盘
2407,13:00:18,20.6,135926,66,买盘
2408,13:00:21,20.58,397378,193,卖盘
2409,13:00:24,20.58,1346356,654,卖盘
2410,13:00:27,20.59,380741,185,中性盘
2411,13:00:30,20.58,403380,196,卖盘
2412,13:00:33,20.58,465104,226,卖盘
2413,13:00:36,20.58,137852,67,卖盘
2414,13:00:39,20.57,370354,180,卖盘
2415,13:00:42,20.57,285929,139,卖盘
2416,13:00:45,20.56,145988,71,卖盘
2417,13:00:48,20.56,616844,300,卖盘
2418,13:00:51,20.56,577740,281,卖盘
2419,13:00:54,20.56,201477,98,卖盘
2420,13:00:57,20.55,341181,166,卖盘
2421,13:01:00,20.55,224035,109,卖盘
2422,13:01:03,20.56,534329,260,买盘
2423,13:01:06,20.55,879805,428,卖盘
2424,13:01:09,20.56,542652,264,买盘
2425,13:01:12,20.58,693277,337,买盘
2426,13:01:15,20.58,862302,419,卖盘
2427,13:01:18,20.58,282005,137,中性盘
2428,13:01:21,20.58,300540,146,中性盘
2429,13:01:24,20.6,187310,91,买盘
2430,13:01:27,20.6,144106,70,买盘
2431,13:01:30,20.58,428088,208,卖盘
2432,13:01:33,20.58,183249,89,中性盘
2433,13:01:36,20.59,162652,79,中性盘
2434,13:01:39,20.58,185302,90,卖盘
2435,13:01:42,20.58,90566,44,卖盘
2436,13:01:45,20.57,355978,173,卖盘
2437,13:01:48,20.57,205839,100,卖盘
2438,13:01:51,20.56,345575,168,卖盘
2439,13:01:54,20.57,96663,47,买盘
2440,13:01:57,20.57,403005,196,买盘
2441,13:02:00,20.57,392748,191,买盘
2442,13:02:03,20.56,263179,128,卖盘
2443,13:02:06,20.57,108959,53,买盘
2444,13:02:09,20.56,980948,477,卖盘
2445,13:02:12,20.56,382480,186,卖盘
2446,13:02:15,20.56,222100,108,卖盘
2447,13:02:18,20.55,417364,203,卖盘
2448,13:02:21,20.56,182984,89,中性盘
2449,13:02:24,20.56,252881,123,卖盘
2450,13:02:27,20.55,604429,294,卖盘
2451,13:02:30,20.55,881671,429,卖盘
2452,13:02:33,20.55,226086,110,卖盘
2453,13:02:36,20.56,310375,151,买盘
2454,13:02:39,20.55,343315,167,卖盘
2455,13:02:42,20.55,123310,60,卖盘
2456,13:02:45,20.56,2020119,983,买盘
2457,13:02:48,20.55,476776,232,卖盘
2458,13:02:51,20.55,916511,446,卖盘
2459,13:02:54,20.54,394492,192,卖盘
2460,13:02:57,20.54,474540,231,卖盘
2461,13:03:00,20.54,507383,247,卖盘
2462,13:03:03,20.53,542247,264,卖盘
2463,13:03:06,20.53,521681,254,卖盘
2464,13:03:09,20.53,332686,162,卖盘
2465,13:03:12,20.53,443476,216,卖盘
2466,13:03:15,20.53,648735,316,卖盘
2467,13:03:18,20.52,188866,92,卖盘
2468,13:03:21,20.52,420738,205,卖盘
2469,13:03:24,20.52,759272,370,卖盘
2470,13:03:27,20.53,979060,477,买盘
2471,13:03:30,20.53,291427,142,买盘
2472,13:03:33,20.54,595148,290,买盘
2473,13:03:36,20.54,765654,373,买盘
2474,13:03:39,20.54,209423,102,买盘
2475,13:03:42,20.54,712237,347,买盘
2476,13:03:45,20.53,258706,126,卖盘
2477,13:03:48,20.52,1998359,974,卖盘
2478,13:03:51,20.52,225803,110,卖盘
2479,13:03:54,20.52,523254,255,卖盘
2480,13:03:57,20.52,270849,132,买盘
2481,13:04:00,20.51,693528,338,卖盘
2482,13:04:03,20.51,644158,314,卖盘
2483,13:04:06,20.51,443018,216,卖盘
2484,13:04:09,20.51,4198415,2046,卖盘
2485,13:04:12,20.52,984912,480,中性盘
2486,13:04:15,20.53,505007,246,中性盘
2487,13:04:18,20.52,880407,429,卖盘
2488,13:04:21,20.52,698350,340,买盘
2489,13:04:24,20.52,580644,283,买盘
2490,13:04:27,20.53,634308,309,买盘
2491,13:04:30,20.54,667534,325,中性盘
2492,13:04:33,20.53,269116,131,卖盘
2493,13:04:36,20.53,205507,100,卖盘
2494,13:04:39,20.56,869146,423,买盘
2495,13:04:42,20.53,137576,67,卖盘
2496,13:04:45,20.54,468487,228,卖盘
2497,13:04:48,20.53,977403,476,卖盘
2498,13:04:51,20.53,277195,135,买盘
2499,13:04:54,20.53,129351,63,卖盘
2500,13:04:57,20.54,477173,232,买盘
2501,13:05:00,20.53,584284,285,卖盘
2502,13:05:03,20.53,478341,233,买盘
2503,13:05:06,20.53,117879,57,买盘
2504,13:05:09,20.52,1952781,952,卖盘
2505,13:05:12,20.52,681099,332,买盘
2506,13:05:15,20.52,572481,279,买盘
2507,13:05:18,20.51,471801,230,卖盘
2508,13:05:21,20.51,309717,151,卖盘
2509,13:05:24,20.51,871714,425,卖盘
2510,13:05:27,20.51,1165043,568,卖盘
2511,13:05:30,20.51,172297,84,买盘
2512,13:05:33,20.5,1031251,503,卖盘
2513,13:05:36,20.51,594654,290,买盘
2514,13:05:39,20.51,828251,404,买盘
2515,13:05:42,20.5,196845,96,卖盘
2516,13:05:45,20.5,922522,450,卖盘
2517,13:05:48,20.5,1638022,799,卖盘
2518,13:05:51,20.51,1059880,517,买盘
2519,13:05:54,20.51,686816,335,买盘
2520,13:05:57,20.5,578135,282,卖盘
2521,13:06:00,20.5,371075,181,卖盘
2522,13:06:03,20.51,1222166,596,买盘
2523,13:06:06,20.5,775075,378,卖盘
2524,13:06:09,20.5,650111,317,卖盘
2525,13:06:12,20.52,565883,276,买盘
2526,13:06:15,20.51,416217,203,卖盘
2527,13:06:18,20.52,492316,240,买盘
2528,13:06:21,20.52,413999,202,买盘
2529,13:06:24,20.52,334485,163,卖盘
2530,13:06:27,20.54,427047,208,买盘
2531,13:06:30,20.53,117010,57,卖盘
2532,13:06:33,20.53,114944,56,买盘
2533,13:06:36,20.53,303786,148,买盘
2534,13:06:39,20.53,264839,129,中性盘
2535,13:06:42,20.54,271023,132,买盘
2536,13:06:45,20.54,106797,52,买盘
2537,13:06:48,20.54,82156,40,买盘
2538,13:06:51,20.53,831605,405,卖盘
2539,13:06:54,20.54,96522,47,买盘
2540,13:06:57,20.54,139648,68,买盘
2541,13:07:00,20.54,209464,102,买盘
2542,13:07:03,20.54,558467,272,买盘
2543,13:07:06,20.53,365458,178,卖盘
2544,13:07:09,20.53,227883,111,买盘
2545,13:07:12,20.53,219671,107,买盘
2546,13:07:15,20.53,289461,141,卖盘
2547,13:07:18,20.53,153986,75,卖盘
2548,13:07:21,20.53,1073619,523,卖盘
2549,13:07:24,20.52,1202535,586,卖盘
2550,13:07:27,20.52,695413,339,买盘
2551,13:07:30,20.52,715933,349,买盘
2552,13:07:33,20.51,361077,176,卖盘
2553,13:07:36,20.51,1050181,512,卖盘
2554,13:07:39,20.51,375383,183,卖盘
2555,13:07:42,20.51,965981,471,卖盘
2556,13:07:45,20.51,293218,143,买盘
2557,13:07:48,20.5,344547,168,卖盘
2558,13:07:51,20.5,338345,165,卖盘
2559,13:07:54,20.5,469492,229,卖盘
2560,13:07:57,20.51,531043,259,买盘
2561,13:08:00,20.51,211218,103,买盘
2562,13:08:03,20.51,672542,328,买盘
2563,13:08:06,20.52,424424,207,买盘
2564,13:08:09,20.52,724253,353,买盘
2565,13:08:12,20.52,494421,241,买盘
2566,13:08:15,20.52,1352569,659,买盘
2567,13:08:18,20.52,605247,295,卖盘
2568,13:08:21,20.53,1884520,918,买盘
2569,13:08:24,20.53,570688,278,买盘
2570,13:08:27,20.53,458021,223,卖盘
2571,13:08:30,20.53,644822,314,卖盘
2572,13:08:33,20.55,918164,447,买盘
2573,13:08:36,20.55,444720,216,买盘
2574,13:08:39,20.55,215799,105,卖盘
2575,13:08:42,20.55,150071,73,卖盘
2576,13:08:45,20.55,185032,90,卖盘
2577,13:08:48,20.56,280721,137,中性盘
2578,13:08:51,20.55,326703,159,卖盘
2579,13:08:54,20.56,2246323,1092,买盘
2580,13:08:57,20.59,94592,46,买盘
2581,13:09:00,20.59,195425,95,买盘
2582,13:09:03,20.59,1050547,510,买盘
2583,13:09:06,20.6,123641,60,中性盘
2584,13:09:09,20.6,457473,222,买盘
2585,13:09:12,20.6,368720,179,买盘
2586,13:09:15,20.6,183328,89,买盘
2587,13:09:18,20.6,208065,101,卖盘
2588,13:09:21,20.61,677582,329,中性盘
2589,13:09:24,20.61,191607,93,买盘
2590,13:09:27,20.62,5502693,2669,买盘
2591,13:09:30,20.61,332044,161,卖盘
2592,13:09:33,20.61,255647,124,买盘
2593,13:09:36,20.62,523501,254,买盘
2594,13:09:39,20.62,119571,58,买盘
2595,13:09:42,20.62,57732,28,买盘
2596,13:09:45,20.62,382706,186,买盘
2597,13:09:48,20.62,316230,153,卖盘
2598,13:09:51,20.62,475354,231,买盘
2599,13:09:54,20.62,245363,119,卖盘
2600,13:09:57,20.63,121669,59,买盘
2601,13:10:00,20.62,151362,73,卖盘
2602,13:10:03,20.61,354554,172,卖盘
2603,13:10:06,20.59,372923,181,卖盘
2604,13:10:09,20.61,203980,99,买盘
2605,13:10:12,20.61,119505,58,买盘
2606,13:10:15,20.6,2919093,1417,中性盘
2607,13:10:18,20.6,391444,190,卖盘
2608,13:10:21,20.6,57681,28,卖盘
2609,13:10:24,20.6,228660,111,买盘
2610,13:10:27,20.6,22653,11,买盘
2611,13:10:30,20.6,129753,63,买盘
2612,13:10:33,20.6,102996,50,买盘
2613,13:10:36,20.59,199766,97,卖盘
2614,13:10:39,20.6,187395,91,买盘
2615,13:10:42,20.58,485692,236,卖盘
2616,13:10:45,20.57,78200,38,卖盘
2617,13:10:48,20.58,55549,27,买盘
2618,13:10:51,20.57,39078,19,卖盘
2619,13:10:54,20.57,82278,40,买盘
2620,13:10:57,20.57,298236,145,买盘
2621,13:11:00,20.56,205626,100,卖盘
2622,13:11:03,20.56,485140,236,卖盘
2623,13:11:06,20.56,78122,38,买盘
2624,13:11:09,20.56,867230,422,买盘
2625,13:11:12,20.56,256983,125,买盘
2626,13:11:15,20.56,76038,37,买盘
2627,13:11:18,20.55,626903,305,卖盘
2628,13:11:21,20.55,168564,82,卖盘
2629,13:11:24,20.56,215785,105,买盘
2630,13:11:27,20.55,295922,144,卖盘
2631,13:11:30,20.53,513350,250,卖盘
2632,13:11:33,20.55,279424,136,买盘
2633,13:11:36,20.52,57489,28,卖盘
2634,13:11:39,20.53,30811,15,卖盘
2635,13:11:42,20.53,209496,102,卖盘
2636,13:11:45,20.54,47222,23,卖盘
2637,13:11:48,20.54,277201,135,买盘
2638,13:11:51,20.55,43141,21,买盘
2639,13:11:54,20.55,127354,62,买盘
2640,13:11:57,20.53,2435828,1187,卖盘
2641,13:12:00,20.51,424935,207,卖盘
2642,13:12:03,20.54,92360,45,买盘
2643,13:12:06,20.52,67758,33,卖盘
2644,13:12:09,20.53,188799,92,卖盘
2645,13:12:12,20.52,43094,21,卖盘
2646,13:12:15,20.52,137498,67,卖盘
2647,13:12:18,20.53,82104,40,买盘
2648,13:12:21,20.52,365396,178,卖盘
2649,13:12:24,20.52,197072,96,卖盘
2650,13:12:27,20.53,233962,114,买盘
2651,13:12:30,20.53,330446,161,买盘
2652,13:12:33,20.53,523308,255,卖盘
2653,13:12:36,20.53,285432,139,卖盘
2654,13:12:39,20.53,402446,196,卖盘
2655,13:12:42,20.53,435238,212,买盘
2656,13:12:45,20.53,143691,70,买盘
2657,13:12:48,20.54,43117,21,买盘
2658,13:12:51,20.54,373768,182,买盘
2659,13:12:54,20.56,1568215,763,买盘
2660,13:12:57,20.55,145839,71,中性盘
2661,13:13:00,20.58,549464,267,买盘
2662,13:13:03,20.55,756657,368,卖盘
2663,13:13:06,20.55,170553,83,买盘
2664,13:13:09,20.54,158181,77,卖盘
2665,13:13:12,20.55,277398,135,买盘
2666,13:13:15,20.54,12325,6,卖盘
2667,13:13:18,20.54,125332,61,卖盘
2668,13:13:21,20.55,108899,53,买盘
2669,13:13:24,20.55,645171,314,买盘
2670,13:13:27,20.55,127389,62,买盘
2671,13:13:30,20.55,226005,110,买盘
2672,13:13:33,20.55,191114,93,买盘
2673,13:13:36,20.56,369989,180,买盘
2674,13:13:39,20.57,597962,291,买盘
2675,13:13:42,20.57,96656,47,买盘
2676,13:13:45,20.57,121308,59,卖盘
2677,13:13:48,20.57,26745,13,卖盘
2678,13:13:51,20.57,166620,81,卖盘
2679,13:13:54,20.57,150166,73,卖盘
2680,13:13:57,20.57,209829,102,卖盘
2681,13:14:00,20.58,345711,168,买盘
2682,13:14:03,20.58,644130,313,买盘
2683,13:14:06,20.58,207868,101,卖盘
2684,13:14:09,20.59,275819,134,买盘
2685,13:14:12,20.58,82337,40,卖盘
2686,13:14:15,20.59,181202,88,买盘
2687,13:14:18,20.59,78242,38,卖盘
2688,13:14:21,20.59,259456,126,卖盘
2689,13:14:24,20.59,107078,52,卖盘
2690,13:14:27,20.6,261533,127,买盘
2691,13:14:30,20.6,265627,129,买盘
2692,13:14:33,20.63,2013484,977,买盘
2693,13:14:36,20.66,1698803,823,买盘
2694,13:14:39,20.66,559936,271,卖盘
2695,13:14:42,20.67,1583042,765,卖盘
2696,13:14:45,20.68,196391,95,卖盘
2697,13:14:48,20.7,209057,101,买盘
2698,13:14:51,20.7,43463,21,买盘
2699,13:14:54,20.71,126337,61,买盘
2700,13:14:57,20.71,333439,161,卖盘
2701,13:15:00,20.7,372818,180,卖盘
2702,13:15:03,20.69,647778,313,卖盘
2703,13:15:06,20.66,333070,161,卖盘
2704,13:15:09,20.6,94903,46,卖盘
2705,13:15:12,20.61,158968,77,卖盘
2706,13:15:15,20.61,32971,16,卖盘
2707,13:15:18,20.61,47411,23,卖盘
2708,13:15:21,20.61,55671,27,卖盘
2709,13:15:24,20.61,140182,68,卖盘
2710,13:15:27,20.63,78337,38,中性盘
2711,13:15:30,20.61,259661,126,卖盘
2712,13:15:33,20.6,282232,137,卖盘
2713,13:15:36,20.6,346165,168,买盘
2714,13:15:39,20.6,117382,57,买盘
2715,13:15:42,20.59,43257,21,卖盘
2716,13:15:45,20.59,201778,98,卖盘
2717,13:15:48,20.58,162596,79,卖盘
2718,13:15:51,20.58,284007,138,卖盘
2719,13:15:54,20.59,796669,387,买盘
2720,13:15:57,20.6,240979,117,买盘
2721,13:16:00,20.59,35003,17,卖盘
2722,13:16:03,20.6,193577,94,买盘
2723,13:16:06,20.61,1029969,500,买盘
2724,13:16:09,20.6,473622,230,卖盘
2725,13:16:12,20.62,101006,49,买盘
2726,13:16:15,20.61,187560,91,中性盘
2727,13:16:18,20.61,61858,30,卖盘
2728,13:16:21,20.62,55678,27,中性盘
2729,13:16:24,20.61,214395,104,卖盘
2730,13:16:27,20.61,94782,46,买盘
2731,13:16:30,20.61,65943,32,买盘
2732,13:16:33,20.6,251425,122,卖盘
2733,13:16:36,20.6,181280,88,卖盘
2734,13:16:39,20.59,22659,11,卖盘
2735,13:16:42,20.6,158612,77,买盘
2736,13:16:45,20.59,45306,22,卖盘
2737,13:16:48,20.58,450890,219,卖盘
2738,13:16:51,20.59,26767,13,买盘
2739,13:16:54,20.58,111151,54,卖盘
2740,13:16:57,20.58,142064,69,卖盘
2741,13:17:00,20.6,78234,38,买盘
2742,13:17:03,20.59,74103,36,中性盘
2743,13:17:06,20.6,41184,20,买盘
2744,13:17:09,20.59,154425,75,卖盘
2745,13:17:12,20.58,568073,276,卖盘
2746,13:17:15,20.58,417796,203,卖盘
2747,13:17:18,20.58,74092,36,卖盘
2748,13:17:21,20.58,446611,217,卖盘
2749,13:17:24,20.59,212036,103,买盘
2750,13:17:27,20.59,84419,41,卖盘
2751,13:17:30,20.6,197676,96,买盘
2752,13:17:33,20.59,84424,41,卖盘
2753,13:17:36,20.58,8235,4,卖盘
2754,13:17:39,20.59,234726,114,买盘
2755,13:17:42,20.59,39121,19,卖盘
2756,13:17:45,20.59,51495,25,卖盘
2757,13:17:48,20.58,1140425,554,卖盘
2758,13:17:51,20.59,127660,62,买盘
2759,13:17:54,20.59,113245,55,卖盘
2760,13:17:57,20.59,47361,23,卖盘
2761,13:18:00,20.6,148262,72,买盘
2762,13:18:03,20.59,86479,42,卖盘
2763,13:18:06,20.59,30889,15,卖盘
2764,13:18:09,20.59,144086,70,买盘
2765,13:18:12,20.58,65877,32,卖盘
2766,13:18:15,20.58,154402,75,卖盘
2767,13:18:18,20.59,96734,47,买盘
2768,13:18:21,20.59,109093,53,买盘
2769,13:18:24,20.59,30875,15,买盘
2770,13:18:27,20.58,407551,198,卖盘
2771,13:18:30,20.58,1035200,503,卖盘
2772,13:18:33,20.58,174913,85,买盘
2773,13:18:36,20.58,98752,48,买盘
2774,13:18:39,20.58,164640,80,卖盘
2775,13:18:42,20.58,644153,313,卖盘
2776,13:18:45,20.57,39090,19,卖盘
2777,13:18:48,20.58,172851,84,买盘
2778,13:18:51,20.57,88477,43,卖盘
2779,13:18:54,20.56,954649,464,卖盘
2780,13:18:57,20.57,240679,117,中性盘
2781,13:19:00,20.57,108983,53,买盘
2782,13:19:03,20.56,148040,72,卖盘
2783,13:19:06,20.56,139815,68,卖盘
2784,13:19:09,20.57,610773,297,买盘
2785,13:19:12,20.57,69904,34,买盘
2786,13:19:15,20.56,141898,69,卖盘
2787,13:19:18,20.56,600370,292,卖盘
2788,13:19:21,20.56,182992,89,卖盘
2789,13:19:24,20.57,187114,91,买盘
2790,13:19:27,20.57,738382,359,买盘
2791,13:19:30,20.57,524535,255,卖盘
2792,13:19:33,20.58,156354,76,买盘
2793,13:19:36,20.57,106974,52,卖盘
2794,13:19:39,20.58,164588,80,买盘
2795,13:19:42,20.58,100820,49,买盘
2796,13:19:45,20.58,199611,97,买盘
2797,13:19:48,20.58,125540,61,卖盘
2798,13:19:51,20.58,131689,64,买盘
2799,13:19:54,20.58,69953,34,买盘
2800,13:19:57,20.58,306565,149,买盘
2801,13:20:00,20.57,545127,265,卖盘
2802,13:20:03,20.57,65846,32,卖盘
2803,13:20:06,20.57,41157,20,卖盘
2804,13:20:09,20.57,65831,32,卖盘
2805,13:20:12,20.57,113137,55,卖盘
2806,13:20:15,20.57,232479,113,卖盘
2807,13:20:18,20.58,135795,66,买盘
2808,13:20:21,20.56,226178,110,卖盘
2809,13:20:24,20.57,1227461,597,买盘
2810,13:20:27,20.57,92549,45,买盘
2811,13:20:30,20.57,45233,22,买盘
2812,13:20:33,20.56,398884,194,卖盘
2813,13:20:36,20.57,41127,20,买盘
2814,13:20:39,20.56,148029,72,卖盘
2815,13:20:42,20.55,96629,47,卖盘
2816,13:20:45,20.56,164468,80,买盘
2817,13:20:48,20.56,170603,83,买盘
2818,13:20:51,20.56,135678,66,买盘
2819,13:20:54,20.55,320617,156,卖盘
2820,13:20:57,20.56,43175,21,买盘
2821,13:21:00,20.56,78102,38,买盘
2822,13:21:03,20.55,384436,187,卖盘
2823,13:21:06,20.56,133606,65,买盘
2824,13:21:09,20.55,587842,286,卖盘
2825,13:21:12,20.55,86327,42,卖盘
2826,13:21:15,20.56,324807,158,买盘
2827,13:21:18,20.55,160307,78,卖盘
2828,13:21:21,20.56,162384,79,卖盘
2829,13:21:24,20.56,150058,73,买盘
2830,13:21:27,20.56,298056,145,买盘
2831,13:21:30,20.56,191163,93,买盘
2832,13:21:33,20.57,263127,128,买盘
2833,13:21:36,20.56,55512,27,卖盘
2834,13:21:39,20.56,341276,166,卖盘
2835,13:21:42,20.57,57574,28,买盘
2836,13:21:45,20.56,349522,170,卖盘
2837,13:21:48,20.56,115137,56,卖盘
2838,13:21:51,20.56,45239,22,卖盘
2839,13:21:54,20.56,119248,58,卖盘
2840,13:21:57,20.56,458518,223,卖盘
2841,13:22:00,20.56,217988,106,卖盘
2842,13:22:03,20.56,242639,118,卖盘
2843,13:22:06,20.56,2143426,1043,买盘
2844,13:22:09,20.56,80184,39,卖盘
2845,13:22:12,20.56,49339,24,卖盘
2846,13:22:15,20.56,148020,72,买盘
2847,13:22:18,20.56,108940,53,买盘
2848,13:22:21,20.55,711231,346,卖盘
2849,13:22:24,20.55,108928,53,中性盘
2850,13:22:27,20.54,123307,60,卖盘
2851,13:22:30,20.55,69880,34,中性盘
2852,13:22:33,20.55,129488,63,卖盘
2853,13:22:36,20.55,483116,235,卖盘
2854,13:22:39,20.54,871089,424,卖盘
2855,13:22:42,20.55,76034,37,中性盘
2856,13:22:45,20.55,1252937,610,买盘
2857,13:22:48,20.54,279423,136,卖盘
2858,13:22:51,20.54,398476,194,买盘
2859,13:22:54,20.53,1621935,790,卖盘
2860,13:22:57,20.54,94456,46,买盘
2861,13:23:00,20.54,127328,62,买盘
2862,13:23:03,20.53,732692,357,买盘
2863,13:23:06,20.52,297663,145,卖盘
2864,13:23:09,20.54,338716,165,买盘
2865,13:23:12,20.53,207363,101,中性盘
2866,13:23:15,20.53,1163491,567,中性盘
2867,13:23:18,20.52,812663,396,卖盘
2868,13:23:21,20.54,256516,125,买盘
2869,13:23:24,20.53,250493,122,卖盘
2870,13:23:27,20.64,7232286,3514,买盘
2871,13:23:30,20.61,121599,59,卖盘
2872,13:23:33,20.6,377161,183,卖盘
2873,13:23:36,20.6,24726,12,卖盘
2874,13:23:39,20.61,103052,50,买盘
2875,13:23:42,20.61,22675,11,买盘
2876,13:23:45,20.61,267892,130,卖盘
2877,13:23:48,20.64,138133,67,买盘
2878,13:23:51,20.64,39162,19,买盘
2879,13:23:54,20.61,642015,311,卖盘
2880,13:23:57,20.64,258004,125,买盘
2881,13:24:00,20.61,158703,77,卖盘
2882,13:24:03,20.61,305021,148,买盘
2883,13:24:06,20.63,138185,67,买盘
2884,13:24:09,20.63,105189,51,买盘
2885,13:24:12,20.61,284622,138,卖盘
2886,13:24:15,20.61,35052,17,卖盘
2887,13:24:18,20.61,224641,109,卖盘
2888,13:24:21,20.6,12364,6,卖盘
2889,13:24:24,20.61,74194,36,买盘
2890,13:24:27,20.61,311082,151,买盘
2891,13:24:30,20.6,24720,12,买盘
2892,13:24:33,20.59,53545,26,卖盘
2893,13:24:36,20.59,45298,22,买盘
2894,13:24:39,20.59,80279,39,买盘
2895,13:24:42,20.59,51453,25,买盘
2896,13:24:45,20.58,160590,78,卖盘
2897,13:24:48,20.59,24701,12,买盘
2898,13:24:51,20.58,144060,70,卖盘
2899,13:24:54,20.57,51447,25,卖盘
2900,13:24:57,20.57,117255,57,卖盘
2901,13:25:00,20.57,164576,80,卖盘
2902,13:25:03,20.56,314698,153,卖盘
2903,13:25:06,20.56,168653,82,卖盘
2904,13:25:09,20.57,185044,90,买盘
2905,13:25:12,20.57,333101,162,买盘
2906,13:25:15,20.56,466767,227,卖盘
2907,13:25:18,20.57,164500,80,买盘
2908,13:25:21,20.55,71961,35,卖盘
2909,13:25:24,20.57,22626,11,买盘
2910,13:25:27,20.55,460545,224,卖盘
2911,13:25:30,20.56,39055,19,中性盘
2912,13:25:33,20.56,125427,61,中性盘
2913,13:25:36,20.55,187050,91,卖盘
2914,13:25:39,20.55,213772,104,卖盘
2915,13:25:42,20.55,205541,100,卖盘
2916,13:25:45,20.55,160306,78,卖盘
2917,13:25:48,20.55,152077,74,卖盘
2918,13:25:51,20.56,281549,137,买盘
2919,13:25:54,20.56,205600,100,买盘
2920,13:25:57,20.57,322913,157,买盘
2921,13:26:00,20.56,557261,271,卖盘
2922,13:26:03,20.56,80194,39,卖盘
2923,13:26:06,20.57,41121,20,买盘
2924,13:26:09,20.56,92520,45,卖盘
2925,13:26:12,20.56,67850,33,卖盘
2926,13:26:15,20.57,207692,101,买盘
2927,13:26:18,20.56,172704,84,卖盘
2928,13:26:21,20.57,242661,118,买盘
2929,13:26:24,20.56,201552,98,卖盘
2930,13:26:27,20.56,115136,56,卖盘
2931,13:26:30,20.56,178895,87,卖盘
2932,13:26:33,20.57,82264,40,买盘
2933,13:26:36,20.57,884141,430,买盘
2934,13:26:39,20.56,49348,24,中性盘
2935,13:26:42,20.57,456562,222,买盘
2936,13:26:45,20.57,240669,117,卖盘
2937,13:26:48,20.57,102850,50,卖盘
2938,13:26:51,20.57,308588,150,卖盘
2939,13:26:54,20.58,329129,160,买盘
2940,13:26:57,20.57,224213,109,卖盘
2941,13:27:00,20.57,518484,252,买盘
2942,13:27:03,20.57,49359,24,买盘
2943,13:27:06,20.56,209768,102,卖盘
2944,13:27:09,20.56,394826,192,卖盘
2945,13:27:12,20.55,59618,29,卖盘
2946,13:27:15,20.56,528392,257,买盘
2947,13:27:18,20.56,61706,30,卖盘
2948,13:27:21,20.56,431853,210,卖盘
2949,13:27:24,20.56,285784,139,卖盘
2950,13:27:27,20.56,238504,116,卖盘
2951,13:27:30,20.57,104869,51,买盘
2952,13:27:33,20.56,546915,266,卖盘
2953,13:27:36,20.56,96644,47,卖盘
2954,13:27:39,20.56,197387,96,卖盘
2955,13:27:42,20.56,374197,182,卖盘
2956,13:27:45,20.56,193267,94,卖盘
2957,13:27:48,20.56,257021,125,卖盘
2958,13:27:51,20.56,152146,74,卖盘
2959,13:27:54,20.56,92520,45,卖盘
2960,13:27:57,20.57,382533,186,买盘
2961,13:28:00,20.56,219992,107,卖盘
2962,13:28:03,20.57,88414,43,买盘
2963,13:28:06,20.56,979038,476,卖盘
2964,13:28:09,20.56,166573,81,卖盘
2965,13:28:12,20.56,335135,163,卖盘
2966,13:28:15,20.58,88421,43,买盘
2967,13:28:18,20.57,32903,16,中性盘
2968,13:28:21,20.56,363941,177,卖盘
2969,13:28:24,20.56,78139,38,卖盘
2970,13:28:27,20.57,152178,74,买盘
2971,13:28:30,20.57,238555,116,买盘
2972,13:28:33,20.57,26741,13,卖盘
2973,13:28:36,20.57,209815,102,卖盘
2974,13:28:39,20.57,168651,82,买盘
2975,13:28:42,20.57,96655,47,卖盘
2976,13:28:45,20.57,26741,13,买盘
2977,13:28:48,20.57,312540,152,买盘
2978,13:28:51,20.56,92528,45,卖盘
2979,13:28:54,20.56,156311,76,卖盘
2980,13:28:57,20.57,217975,106,买盘
2981,13:29:00,20.57,98717,48,买盘
2982,13:29:03,20.56,308406,150,卖盘
2983,13:29:06,20.55,232234,113,卖盘
2984,13:29:09,20.56,187091,91,买盘
2985,13:29:12,20.56,226087,110,买盘
2986,13:29:15,20.56,234317,114,买盘
2987,13:29:18,20.56,158294,77,买盘
2988,13:29:21,20.56,472840,230,买盘
2989,13:29:24,20.56,119248,58,卖盘
2990,13:29:27,20.56,98688,48,卖盘
2991,13:29:30,20.56,88414,43,卖盘
2992,13:29:33,20.57,170720,83,买盘
2993,13:29:36,20.56,96641,47,卖盘
2994,13:29:39,20.56,217961,106,卖盘
2995,13:29:42,20.56,115144,56,卖盘
2996,13:29:45,20.56,705249,343,卖盘
