,成交时间,成交价格,成交金额,成交量,性质
0,09:25:00,20.51,24093097,11747,买盘
1,09:30:00,20.52,6836357,3329,买盘
2,09:30:03,20.52,7255003,3531,卖盘
3,09:30:06,20.54,3346773,1629,买盘
4,09:30:09,20.52,7584566,3696,卖盘
5,09:30:12,20.51,6641259,3237,卖盘
6,09:30:15,20.51,3330020,1624,卖盘
7,09:30:18,20.47,3313297,1616,卖盘
8,09:30:21,20.45,1537829,751,卖盘
9,09:30:24,20.43,1176674,576,卖盘
10,09:30:27,20.42,1014165,497,卖盘
11,09:30:30,20.41,1832807,898,卖盘
12,09:30:33,20.38,1892938,928,卖盘
13,09:30:36,20.42,4908789,2405,买盘
14,09:30:39,20.48,3116999,1524,买盘
15,09:30:42,20.51,2479090,1209,买盘
16,09:30:45,20.52,1329659,648,买盘
17,09:30:48,20.52,1799740,877,卖盘
18,09:30:51,20.5,2568528,1253,卖盘
19,09:30:54,20.48,1174156,573,卖盘
20,09:30:57,20.48,831704,406,卖盘
21,09:31:00,20.48,696470,340,卖盘
22,09:31:03,20.47,2825503,1379,卖盘
23,09:31:06,20.48,933644,456,买盘
24,09:31:09,20.48,1850748,904,买盘
25,09:31:12,20.49,1565058,764,买盘
26,09:31:15,20.48,473139,231,中性盘
27,09:31:18,20.48,874527,427,卖盘
28,09:31:21,20.49,993452,485,买盘
29,09:31:24,20.49,723301,353,卖盘
30,09:31:27,20.5,1201025,586,买盘
31,09:31:30,20.5,1573887,768,买盘
32,09:31:33,20.51,1212035,591,买盘
33,09:31:36,20.51,1103668,538,买盘
34,09:31:39,20.51,1734975,846,卖盘
35,09:31:42,20.51,865287,422,买盘
36,09:31:45,20.5,1406450,686,卖盘
37,09:31:48,20.51,2450442,1195,买盘
38,09:31:51,20.5,1283593,626,卖盘
39,09:31:54,20.51,719985,351,买盘
40,09:31:57,20.52,315904,154,买盘
41,09:32:00,20.52,1148725,560,买盘
42,09:32:03,20.52,1730397,843,买盘
43,09:32:06,20.53,714280,348,买盘
44,09:32:09,20.53,1227588,598,买盘
45,09:32:12,20.54,1143485,557,买盘
46,09:32:15,20.54,610063,297,买盘
47,09:32:18,20.54,817593,398,卖盘
48,09:32:21,20.56,1179577,574,买盘
49,09:32:24,20.56,2822920,1374,买盘
50,09:32:27,20.57,1398220,680,买盘
51,09:32:30,20.57,1098312,534,买盘
52,09:32:33,20.58,740530,360,买盘
53,09:32:36,20.58,469146,228,买盘
54,09:32:39,20.58,570164,277,卖盘
55,09:32:42,20.58,2237178,1087,卖盘
56,09:32:45,20.58,1440423,700,买盘
57,09:32:48,20.56,4080059,1984,卖盘
58,09:32:51,20.55,2467722,1200,卖盘
59,09:32:54,20.54,1013118,493,卖盘
60,09:32:57,20.55,2094048,1019,买盘
61,09:33:00,20.55,1409948,686,买盘
62,09:33:03,20.57,863646,420,买盘
63,09:33:06,20.57,676250,329,买盘
64,09:33:09,20.57,563627,274,买盘
65,09:33:12,20.57,545190,265,卖盘
66,09:33:15,20.58,687218,334,买盘
67,09:33:18,20.58,1808747,879,卖盘
68,09:33:21,20.58,1838573,893,卖盘
69,09:33:24,20.59,829499,403,中性盘
70,09:33:27,20.59,1511295,734,卖盘
71,09:33:30,20.58,1111997,540,卖盘
72,09:33:33,20.58,1132298,550,卖盘
73,09:33:36,20.58,1449285,704,卖盘
74,09:33:39,20.59,1150966,559,买盘
75,09:33:42,20.59,415897,202,卖盘
76,09:33:45,20.59,1280932,622,卖盘
77,09:33:48,20.59,1194173,580,买盘
78,09:33:51,20.59,936600,455,买盘
79,09:33:54,20.59,1632852,793,买盘
80,09:33:57,20.59,988153,480,买盘
81,09:34:00,20.6,160611,78,买盘
82,09:34:03,20.59,1270930,617,卖盘
83,09:34:06,20.6,982627,477,买盘
84,09:34:09,20.6,416144,202,买盘
85,09:34:12,20.6,2286237,1110,卖盘
86,09:34:15,20.57,3263642,1586,卖盘
87,09:34:18,20.55,1253741,610,卖盘
88,09:34:21,20.54,1783670,868,卖盘
89,09:34:24,20.53,1320383,643,卖盘
90,09:34:27,20.53,2415587,1176,卖盘
91,09:34:30,20.52,966707,471,卖盘
92,09:34:33,20.52,1364474,665,卖盘
93,09:34:36,20.52,516982,252,买盘
94,09:34:39,20.51,795992,388,卖盘
95,09:34:42,20.52,701498,342,买盘
96,09:34:45,20.52,3034839,1480,买盘
97,09:34:48,20.52,664657,324,买盘
98,09:34:51,20.52,1158982,565,买盘
99,09:34:54,20.53,1229357,599,买盘
100,09:34:57,20.53,1438916,701,买盘
101,09:35:00,20.54,771941,376,买盘
102,09:35:03,20.54,609837,297,卖盘
103,09:35:06,20.55,404816,197,买盘
104,09:35:09,20.56,244574,119,买盘
105,09:35:12,20.55,733990,357,卖盘
106,09:35:15,20.55,709159,345,卖盘
107,09:35:18,20.55,2009673,978,卖盘
108,09:35:21,20.55,1339160,652,买盘
109,09:35:24,20.55,942675,459,买盘
110,09:35:27,20.54,513495,250,卖盘
111,09:35:30,20.54,550438,268,买盘
112,09:35:33,20.54,813178,396,买盘
113,09:35:36,20.54,1037094,505,买盘
114,09:35:39,20.54,1043356,508,卖盘
115,09:35:42,20.52,1053384,513,卖盘
116,09:35:45,20.52,145681,71,买盘
117,09:35:48,20.51,1777757,867,卖盘
118,09:35:51,20.49,887705,433,卖盘
119,09:35:54,20.49,424284,207,卖盘
120,09:35:57,20.48,565378,276,卖盘
121,09:36:00,20.48,1051020,513,卖盘
122,09:36:03,20.48,1656478,809,卖盘
123,09:36:06,20.47,1133739,554,卖盘
124,09:36:09,20.46,403266,197,卖盘
125,09:36:12,20.46,515608,252,卖盘
126,09:36:15,20.46,1104800,540,卖盘
127,09:36:18,20.46,2742421,1340,买盘
128,09:36:21,20.45,3724779,1821,卖盘
129,09:36:24,20.45,869444,425,卖盘
130,09:36:27,20.45,818016,400,卖盘
131,09:36:30,20.45,922060,451,买盘
132,09:36:33,20.43,901672,441,卖盘
133,09:36:36,20.44,1142520,559,买盘
134,09:36:39,20.44,1723978,844,买盘
135,09:36:42,20.45,1475440,722,买盘
136,09:36:45,20.45,1128811,552,买盘
137,09:36:48,20.45,1673972,819,卖盘
138,09:36:51,20.45,959012,469,卖盘
139,09:36:54,20.45,1370268,670,买盘
140,09:36:57,20.45,759011,371,卖盘
141,09:37:00,20.46,941251,460,中性盘
142,09:37:03,20.49,716619,350,买盘
143,09:37:06,20.5,493771,241,买盘
144,09:37:09,20.49,131126,64,中性盘
145,09:37:12,20.49,510075,249,买盘
146,09:37:15,20.49,465058,227,买盘
147,09:37:18,20.48,845859,413,卖盘
148,09:37:21,20.49,297095,145,买盘
149,09:37:24,20.49,174176,85,卖盘
150,09:37:27,20.5,239743,117,买盘
151,09:37:30,20.48,272433,133,卖盘
152,09:37:33,20.49,256125,125,买盘
153,09:37:36,20.49,1000035,488,买盘
154,09:37:39,20.49,565497,276,卖盘
155,09:37:42,20.49,280711,137,买盘
156,09:37:45,20.49,159818,78,买盘
157,09:37:48,20.49,848015,414,买盘
158,09:37:51,20.48,413770,202,卖盘
159,09:37:54,20.48,593811,290,买盘
160,09:37:57,20.48,477012,233,买盘
161,09:38:00,20.47,601948,294,卖盘
162,09:38:03,20.47,677672,331,卖盘
163,09:38:06,20.47,415540,203,卖盘
164,09:38:09,20.47,440049,215,买盘
165,09:38:12,20.46,1968841,962,卖盘
166,09:38:15,20.47,1113619,544,买盘
167,09:38:18,20.52,3449554,1683,买盘
168,09:38:21,20.48,327775,160,卖盘
169,09:38:24,20.49,161809,79,买盘
170,09:38:27,20.52,49219,24,买盘
171,09:38:30,20.5,1111904,542,卖盘
172,09:38:33,20.51,426728,208,买盘
173,09:38:36,20.51,455463,222,卖盘
174,09:38:39,20.52,554230,270,中性盘
175,09:38:42,20.54,570582,278,买盘
176,09:38:45,20.53,509283,248,卖盘
177,09:38:48,20.53,264845,129,中性盘
178,09:38:51,20.54,343030,167,买盘
179,09:38:54,20.53,519622,253,卖盘
180,09:38:57,20.55,630654,307,买盘
181,09:39:00,20.55,612189,298,买盘
182,09:39:03,20.55,898002,437,买盘
183,09:39:06,20.54,437435,213,卖盘
184,09:39:09,20.53,886972,432,卖盘
185,09:39:12,20.53,344885,168,买盘
186,09:39:15,20.52,293455,143,卖盘
187,09:39:18,20.51,365203,178,卖盘
188,09:39:21,20.52,385600,188,买盘
189,09:39:24,20.51,680668,332,买盘
190,09:39:27,20.51,606881,296,买盘
191,09:39:30,20.51,231671,113,买盘
192,09:39:33,20.51,627540,306,买盘
193,09:39:36,20.5,701330,342,卖盘
194,09:39:39,20.48,684511,334,卖盘
195,09:39:42,20.48,167959,82,卖盘
196,09:39:45,20.49,481294,235,买盘
197,09:39:48,20.49,526215,257,买盘
198,09:39:51,20.48,530541,259,卖盘
199,09:39:54,20.48,190481,93,卖盘
200,09:39:57,20.48,454720,222,卖盘
201,09:40:00,20.48,575473,281,买盘
202,09:40:03,20.47,638760,312,卖盘
203,09:40:06,20.47,94162,46,买盘
204,09:40:09,20.48,2142130,1046,买盘
205,09:40:12,20.51,1861594,908,买盘
206,09:40:15,20.54,2270246,1106,买盘
207,09:40:18,20.56,1946117,947,买盘
208,09:40:21,20.57,493528,240,买盘
209,09:40:24,20.56,534282,260,买盘
210,09:40:27,20.56,719720,350,买盘
211,09:40:30,20.57,532582,259,买盘
212,09:40:33,20.56,1075288,523,卖盘
213,09:40:36,20.55,441988,215,卖盘
214,09:40:39,20.54,522046,254,卖盘
215,09:40:42,20.55,271236,132,买盘
216,09:40:45,20.55,211616,103,买盘
217,09:40:48,20.55,930503,453,买盘
218,09:40:51,20.54,930807,453,中性盘
219,09:40:54,20.55,838194,408,买盘
220,09:40:57,20.54,223934,109,中性盘
221,09:41:00,20.54,112943,55,卖盘
222,09:41:03,20.54,620227,302,买盘
223,09:41:06,20.53,264877,129,卖盘
224,09:41:09,20.53,410691,200,卖盘
225,09:41:12,20.51,186768,91,卖盘
226,09:41:15,20.51,395927,193,卖盘
227,09:41:18,20.5,723794,353,卖盘
228,09:41:21,20.51,116906,57,买盘
229,09:41:24,20.5,276800,135,卖盘
230,09:41:27,20.5,194762,95,卖盘
231,09:41:30,20.5,451072,220,买盘
232,09:41:33,20.5,393454,192,买盘
233,09:41:36,20.5,127048,62,买盘
234,09:41:39,20.49,157757,77,买盘
235,09:41:42,20.5,504126,246,买盘
236,09:41:45,20.49,655439,320,买盘
237,09:41:48,20.5,733900,358,买盘
238,09:41:51,20.5,933009,455,卖盘
239,09:41:54,20.52,531042,259,买盘
240,09:41:57,20.5,239899,117,卖盘
241,09:42:00,20.51,371077,181,买盘
242,09:42:03,20.51,391650,191,买盘
243,09:42:06,20.5,299387,146,卖盘
244,09:42:09,20.51,1154944,563,买盘
245,09:42:12,20.51,949994,463,买盘
246,09:42:15,20.52,572269,279,买盘
247,09:42:18,20.52,396136,193,卖盘
248,09:42:21,20.52,699902,341,卖盘
249,09:42:24,20.53,463935,226,买盘
250,09:42:27,20.53,1893425,922,卖盘
251,09:42:30,20.53,373678,182,卖盘
252,09:42:33,20.52,640460,312,卖盘
253,09:42:36,20.54,995934,485,买盘
254,09:42:39,20.54,388080,189,买盘
255,09:42:42,20.54,345048,168,买盘
256,09:42:45,20.54,379922,185,买盘
257,09:42:48,20.54,390173,190,买盘
258,09:42:51,20.54,195091,95,买盘
259,09:42:54,20.55,893356,435,买盘
260,09:42:57,20.54,293756,143,中性盘
261,09:43:00,20.54,170522,83,卖盘
262,09:43:03,20.54,665670,324,卖盘
263,09:43:06,20.55,2545812,1239,买盘
264,09:43:09,20.55,630885,307,买盘
265,09:43:12,20.55,491181,239,卖盘
266,09:43:15,20.55,2624674,1278,卖盘
267,09:43:18,20.55,262992,128,买盘
268,09:43:21,20.54,427312,208,中性盘
269,09:43:24,20.53,390231,190,中性盘
270,09:43:27,20.52,1227160,598,卖盘
271,09:43:30,20.51,1317144,642,卖盘
272,09:43:33,20.51,248209,121,买盘
273,09:43:36,20.5,252216,123,卖盘
274,09:43:39,20.5,377245,184,卖盘
275,09:43:42,20.51,235786,115,买盘
276,09:43:45,20.51,313766,153,买盘
277,09:43:48,20.51,568008,277,买盘
278,09:43:51,20.51,461545,225,卖盘
279,09:43:54,20.51,344571,168,卖盘
280,09:43:57,20.51,399954,195,卖盘
281,09:44:00,20.51,701464,342,卖盘
282,09:44:03,20.5,1295721,632,卖盘
283,09:44:06,20.5,465446,227,卖盘
284,09:44:09,20.5,453084,221,卖盘
285,09:44:12,20.5,586385,286,买盘
286,09:44:15,20.49,1285193,627,卖盘
287,09:44:18,20.49,309437,151,卖盘
288,09:44:21,20.49,532852,260,卖盘
289,09:44:24,20.49,995841,486,卖盘
290,09:44:27,20.49,383227,187,卖盘
291,09:44:30,20.48,247889,121,卖盘
292,09:44:33,20.49,317475,155,买盘
293,09:44:36,20.49,432162,211,买盘
294,09:44:39,20.48,514097,251,卖盘
295,09:44:42,20.48,239653,117,卖盘
296,09:44:45,20.48,434206,212,卖盘
297,09:44:48,20.48,325630,159,卖盘
298,09:44:51,20.47,129000,63,卖盘
299,09:44:54,20.47,341885,167,卖盘
300,09:44:57,20.48,1572157,768,买盘
301,09:45:00,20.47,315236,154,卖盘
302,09:45:03,20.46,335565,164,卖盘
303,09:45:06,20.46,611855,299,卖盘
304,09:45:09,20.46,759085,371,卖盘
305,09:45:12,20.46,419442,205,卖盘
306,09:45:15,20.46,771004,377,买盘
307,09:45:18,20.44,4771025,2333,卖盘
308,09:45:21,20.44,427240,209,卖盘
309,09:45:24,20.44,482363,236,卖盘
310,09:45:27,20.44,999282,489,买盘
311,09:45:30,20.42,357422,175,卖盘
312,09:45:33,20.42,706641,346,卖盘
313,09:45:36,20.42,729047,357,卖盘
314,09:45:39,20.41,830910,407,卖盘
315,09:45:42,20.41,1469906,720,卖盘
316,09:45:45,20.41,963385,472,卖盘
317,09:45:48,20.4,1950698,956,卖盘
318,09:45:51,20.4,1205843,591,卖盘
319,09:45:54,20.4,1940217,951,卖盘
320,09:45:57,20.4,1978936,970,卖盘
321,09:46:00,20.4,3484363,1708,卖盘
322,09:46:03,20.4,1221581,599,买盘
323,09:46:06,20.39,1596373,783,买盘
324,09:46:09,20.39,1254163,615,买盘
325,09:46:12,20.39,2888705,1417,卖盘
326,09:46:15,20.39,1031941,506,卖盘
327,09:46:18,20.38,1708379,838,卖盘
328,09:46:21,20.39,660446,324,买盘
329,09:46:24,20.39,970202,476,买盘
330,09:46:27,20.38,2223283,1091,卖盘
331,09:46:30,20.38,1100335,540,买盘
332,09:46:33,20.39,1506180,739,买盘
333,09:46:36,20.39,1061612,521,买盘
334,09:46:39,20.4,1027391,504,买盘
335,09:46:42,20.39,1274100,625,卖盘
336,09:46:45,20.39,724153,355,卖盘
337,09:46:48,20.39,1111452,545,卖盘
338,09:46:51,20.39,701411,344,买盘
339,09:46:54,20.39,834174,409,卖盘
340,09:46:57,20.4,477208,234,中性盘
341,09:47:00,20.39,626101,307,卖盘
342,09:47:03,20.38,530185,260,卖盘
343,09:47:06,20.39,538225,264,买盘
344,09:47:09,20.38,1157723,568,卖盘
345,09:47:12,20.38,609438,299,卖盘
346,09:47:15,20.37,896474,440,卖盘
347,09:47:18,20.37,283112,139,卖盘
348,09:47:21,20.36,276996,136,卖盘
349,09:47:24,20.37,2138276,1050,买盘
350,09:47:27,20.36,1291022,634,卖盘
351,09:47:30,20.36,961065,472,买盘
352,09:47:33,20.36,1449585,712,买盘
353,09:47:36,20.36,959044,471,卖盘
354,09:47:39,20.37,1234100,606,买盘
355,09:47:42,20.36,1105872,543,卖盘
356,09:47:45,20.35,834811,410,卖盘
357,09:47:48,20.35,1386073,681,卖盘
358,09:47:51,20.34,1233203,606,卖盘
359,09:47:54,20.34,616341,303,卖盘
360,09:47:57,20.31,3661367,1802,卖盘
361,09:48:00,20.3,1861860,917,卖盘
362,09:48:03,20.3,1271092,626,卖盘
363,09:48:06,20.31,3556766,1752,买盘
364,09:48:09,20.3,2895340,1426,卖盘
365,09:48:12,20.3,1642160,809,买盘
366,09:48:15,20.29,2463544,1214,卖盘
367,09:48:18,20.29,2443796,1204,买盘
368,09:48:21,20.28,1756396,866,卖盘
369,09:48:24,20.28,1541037,760,买盘
370,09:48:27,20.27,1577318,778,卖盘
371,09:48:30,20.27,1219954,602,买盘
372,09:48:33,20.26,3428690,1692,卖盘
373,09:48:36,20.26,1527953,754,卖盘
374,09:48:39,20.26,1043233,515,买盘
375,09:48:42,20.26,3391583,1674,买盘
376,09:48:45,20.27,1432546,707,中性盘
377,09:48:48,20.28,3803351,1875,买盘
378,09:48:51,20.29,2280158,1124,中性盘
379,09:48:54,20.3,562363,277,中性盘
380,09:48:57,20.31,739112,364,买盘
381,09:49:00,20.31,666206,328,卖盘
382,09:49:03,20.33,469395,231,买盘
383,09:49:06,20.33,420935,207,卖盘
384,09:49:09,20.34,345750,170,中性盘
385,09:49:12,20.35,457824,225,买盘
386,09:49:15,20.33,2799211,1377,卖盘
387,09:49:18,20.33,1179119,580,买盘
388,09:49:21,20.3,1217377,599,卖盘
389,09:49:24,20.3,465199,229,卖盘
390,09:49:27,20.3,453021,223,买盘
391,09:49:30,20.3,814089,401,卖盘
392,09:49:33,20.29,691996,341,卖盘
393,09:49:36,20.29,576036,284,买盘
394,09:49:39,20.28,683455,337,卖盘
395,09:49:42,20.28,575847,284,买盘
396,09:49:45,20.27,1281076,632,卖盘
397,09:49:48,20.27,539216,266,卖盘
398,09:49:51,20.26,622335,307,卖盘
399,09:49:54,20.27,1509725,745,买盘
400,09:49:57,20.28,1471749,726,买盘
401,09:50:00,20.28,1027534,507,卖盘
402,09:50:03,20.28,1105395,545,卖盘
403,09:50:06,20.28,717772,354,卖盘
404,09:50:09,20.27,673294,332,卖盘
405,09:50:12,20.27,1084511,535,卖盘
406,09:50:15,20.27,399309,197,买盘
407,09:50:18,20.28,2477036,1222,买盘
408,09:50:21,20.29,1293758,638,买盘
409,09:50:24,20.28,827218,408,卖盘
410,09:50:27,20.29,580431,286,卖盘
411,09:50:30,20.29,707965,349,买盘
412,09:50:33,20.29,789158,389,买盘
413,09:50:36,20.29,722708,356,买盘
414,09:50:39,20.29,353064,174,卖盘
415,09:50:42,20.29,1103971,544,卖盘
416,09:50:45,20.3,458619,226,买盘
417,09:50:48,20.3,1376115,678,买盘
418,09:50:51,20.29,1221897,602,卖盘
419,09:50:54,20.3,2257298,1112,买盘
420,09:50:57,20.32,1183262,583,买盘
421,09:51:00,20.32,148209,73,中性盘
422,09:51:03,20.33,227582,112,买盘
423,09:51:06,20.32,757614,373,卖盘
424,09:51:09,20.32,676492,333,买盘
425,09:51:12,20.31,5401934,2661,卖盘
426,09:51:15,20.28,1687203,832,卖盘
427,09:51:18,20.28,470385,232,买盘
428,09:51:21,20.27,1741193,859,卖盘
429,09:51:24,20.26,271565,134,卖盘
430,09:51:27,20.26,861241,425,卖盘
431,09:51:30,20.27,2291439,1131,买盘
432,09:51:33,20.26,842940,416,卖盘
433,09:51:36,20.26,729390,360,卖盘
434,09:51:39,20.26,1008626,498,买盘
435,09:51:42,20.26,943784,466,买盘
436,09:51:45,20.26,1348902,666,买盘
437,09:51:48,20.26,862777,426,买盘
438,09:51:51,20.25,974193,481,卖盘
439,09:51:54,20.26,1099661,543,买盘
440,09:51:57,20.25,1950020,963,卖盘
441,09:52:00,20.25,483907,239,买盘
442,09:52:03,20.24,1103278,545,卖盘
443,09:52:06,20.24,491783,243,买盘
444,09:52:09,20.24,1380285,682,买盘
445,09:52:12,20.25,2059111,1017,买盘
446,09:52:15,20.25,2529026,1249,中性盘
447,09:52:18,20.25,943706,466,卖盘
448,09:52:21,20.26,810193,400,买盘
449,09:52:24,20.26,1166561,576,买盘
450,09:52:27,20.26,661209,326,买盘
451,09:52:30,20.26,275661,136,卖盘
452,09:52:33,20.26,468088,231,卖盘
453,09:52:36,20.27,978988,483,中性盘
454,09:52:39,20.28,271667,134,中性盘
455,09:52:42,20.28,369099,182,卖盘
456,09:52:45,20.29,336748,166,中性盘
457,09:52:48,20.29,377342,186,买盘
458,09:52:51,20.29,892530,440,卖盘
459,09:52:54,20.3,495157,244,买盘
460,09:52:57,20.3,401788,198,买盘
461,09:53:00,20.29,527542,260,买盘
462,09:53:03,20.29,596619,294,买盘
463,09:53:06,20.28,480764,237,卖盘
464,09:53:09,20.28,352925,174,卖盘
465,09:53:12,20.28,665207,328,卖盘
466,09:53:15,20.28,275818,136,卖盘
467,09:53:18,20.28,148042,73,买盘
468,09:53:21,20.26,583876,288,卖盘
469,09:53:24,20.26,539069,266,卖盘
470,09:53:27,20.26,928233,458,卖盘
471,09:53:30,20.26,1132957,559,卖盘
472,09:53:33,20.26,921947,455,卖盘
473,09:53:36,20.25,1076887,532,卖盘
474,09:53:39,20.26,1047389,517,买盘
475,09:53:42,20.26,2509758,1238,买盘
476,09:53:45,20.26,2921751,1441,卖盘
477,09:53:48,20.26,1617321,798,卖盘
478,09:53:51,20.27,482597,238,中性盘
479,09:53:54,20.28,1887523,930,买盘
480,09:53:57,20.28,608607,300,卖盘
481,09:54:00,20.3,219150,108,买盘
482,09:54:03,20.29,655542,323,卖盘
483,09:54:06,20.32,897102,442,买盘
484,09:54:09,20.32,871745,429,买盘
485,09:54:12,20.34,256101,126,买盘
486,09:54:15,20.34,160633,79,买盘
487,09:54:18,20.34,270560,133,买盘
488,09:54:21,20.36,504606,248,买盘
489,09:54:24,20.35,675527,332,卖盘
490,09:54:27,20.36,1322285,649,买盘
491,09:54:30,20.35,868943,427,卖盘
492,09:54:33,20.35,563644,277,买盘
493,09:54:36,20.34,632550,311,卖盘
494,09:54:39,20.34,1138971,560,买盘
495,09:54:42,20.33,611965,301,卖盘
496,09:54:45,20.32,97580,48,卖盘
497,09:54:48,20.32,160588,79,卖盘
498,09:54:51,20.32,243837,120,卖盘
499,09:54:54,20.32,249930,123,买盘
500,09:54:57,20.32,111731,55,买盘
501,09:55:00,20.31,268209,132,卖盘
502,09:55:03,20.31,219378,108,卖盘
503,09:55:06,20.3,1031336,508,卖盘
504,09:55:09,20.3,129916,64,买盘
505,09:55:12,20.29,286111,141,卖盘
506,09:55:15,20.28,748337,369,卖盘
507,09:55:18,20.28,198716,98,中性盘
508,09:55:21,20.28,561521,277,买盘
509,09:55:24,20.27,265493,131,卖盘
510,09:55:27,20.26,1648893,814,卖盘
511,09:55:30,20.26,155995,77,买盘
512,09:55:33,20.26,775678,383,买盘
513,09:55:36,20.25,1835713,907,卖盘
514,09:55:39,20.25,257159,127,买盘
515,09:55:42,20.24,544550,269,卖盘
516,09:55:45,20.24,500052,247,卖盘
517,09:55:48,20.24,1549629,765,卖盘
518,09:55:51,20.24,485930,240,卖盘
519,09:55:54,20.24,3112277,1538,卖盘
520,09:55:57,20.25,607187,300,买盘
521,09:56:00,20.24,706236,349,卖盘
522,09:56:03,20.25,340130,168,买盘
523,09:56:06,20.25,1471248,727,买盘
524,09:56:09,20.23,1117143,552,卖盘
525,09:56:12,20.21,6630929,3281,卖盘
526,09:56:15,20.21,664782,329,买盘
527,09:56:18,20.2,812131,402,卖盘
528,09:56:21,20.2,1214130,601,卖盘
529,09:56:24,20.19,14163606,7013,卖盘
530,09:56:27,20.18,1110127,550,中性盘
531,09:56:30,20.18,1706901,846,买盘
532,09:56:33,20.17,1704549,845,卖盘
533,09:56:36,20.17,1016555,504,卖盘
534,09:56:39,20.16,639224,317,卖盘
535,09:56:42,20.17,1635015,811,买盘
536,09:56:45,20.16,2203642,1093,卖盘
537,09:56:48,20.16,2546677,1263,卖盘
538,09:56:51,20.16,1342721,666,买盘
539,09:56:54,20.16,2096228,1040,卖盘
540,09:56:57,20.16,1911012,948,卖盘
541,09:57:00,20.17,1796807,891,买盘
542,09:57:03,20.17,1467378,728,卖盘
543,09:57:06,20.17,1040783,516,买盘
544,09:57:09,20.18,980282,486,买盘
545,09:57:12,20.19,1026874,509,买盘
546,09:57:15,20.18,885966,439,卖盘
547,09:57:18,20.19,300780,149,买盘
548,09:57:21,20.19,3741835,1855,卖盘
549,09:57:24,20.19,926821,459,卖盘
550,09:57:27,20.18,910301,451,卖盘
551,09:57:30,20.18,613644,304,卖盘
552,09:57:33,20.18,393566,195,卖盘
553,09:57:36,20.18,548878,272,买盘
554,09:57:39,20.17,1200668,595,卖盘
555,09:57:42,20.18,720320,357,买盘
556,09:57:45,20.18,460012,228,卖盘
557,09:57:48,20.18,786907,390,买盘
558,09:57:51,20.18,744557,369,买盘
559,09:57:54,20.18,579208,287,卖盘
560,09:57:57,20.18,1287362,638,卖盘
561,09:58:00,20.18,861631,427,买盘
562,09:58:03,20.18,601308,298,买盘
563,09:58:06,20.18,589218,292,卖盘
564,09:58:09,20.18,411705,204,卖盘
565,09:58:12,20.19,664022,329,买盘
566,09:58:15,20.18,294664,146,卖盘
567,09:58:18,20.18,1039323,515,卖盘
568,09:58:21,20.18,1573715,780,买盘
569,09:58:24,20.18,554747,275,买盘
570,09:58:27,20.18,778854,386,买盘
571,09:58:30,20.18,784926,389,买盘
572,09:58:33,20.18,952776,472,卖盘
573,09:58:36,20.19,563152,279,买盘
574,09:58:39,20.18,522821,259,卖盘
575,09:58:42,20.19,569504,282,卖盘
576,09:58:45,20.18,325048,161,卖盘
577,09:58:48,20.19,371503,184,中性盘
578,09:58:51,20.19,266426,132,买盘
579,09:58:54,20.19,500716,248,买盘
580,09:58:57,20.19,252359,125,买盘
581,09:59:00,20.19,232186,115,买盘
582,09:59:03,20.19,458322,227,卖盘
583,09:59:06,20.19,716794,355,卖盘
584,09:59:09,20.19,329085,163,买盘
585,09:59:12,20.19,428034,212,卖盘
586,09:59:15,20.18,4003330,1984,卖盘
587,09:59:18,20.18,752978,373,买盘
588,09:59:21,20.18,316858,157,卖盘
589,09:59:24,20.18,369265,183,买盘
590,09:59:27,20.18,766565,380,买盘
591,09:59:30,20.17,657685,326,卖盘
592,09:59:33,20.17,653474,324,买盘
593,09:59:36,20.16,415409,206,卖盘
594,09:59:39,20.16,532402,264,卖盘
595,09:59:42,20.16,774321,384,卖盘
596,09:59:45,20.16,2709518,1344,卖盘
597,09:59:48,20.16,715486,355,买盘
598,09:59:51,20.15,1233418,612,卖盘
599,09:59:54,20.16,1211150,601,买盘
600,09:59:57,20.15,4964790,2464,卖盘
601,10:00:00,20.13,1123818,558,卖盘
602,10:00:03,20.12,3049590,1515,卖盘
603,10:00:06,20.11,4120606,2048,卖盘
604,10:00:09,20.11,2091426,1040,卖盘
605,10:00:12,20.11,6367760,3168,买盘
606,10:00:15,20.09,3569498,1776,卖盘
607,10:00:18,20.08,8806555,4385,卖盘
608,10:00:21,20.07,1902475,948,卖盘
609,10:00:24,20.07,3055804,1523,买盘
610,10:00:27,20.06,3071065,1531,卖盘
611,10:00:30,20.05,2071805,1033,卖盘
612,10:00:33,20.03,3822927,1908,卖盘
613,10:00:36,20.03,4287383,2140,买盘
614,10:00:39,20.03,1896736,947,卖盘
615,10:00:42,20.03,3144791,1570,卖盘
616,10:00:45,20.03,2806472,1401,卖盘
617,10:00:48,20.03,3644637,1818,卖盘
618,10:00:51,20.05,1939212,967,中性盘
619,10:00:54,20.09,1803707,899,买盘
620,10:00:57,20.08,2456190,1225,卖盘
621,10:01:00,20.1,1806927,899,买盘
622,10:01:03,20.08,1022479,509,卖盘
623,10:01:06,20.11,3476301,1729,买盘
624,10:01:09,20.12,852719,424,买盘
625,10:01:12,20.13,933510,464,买盘
626,10:01:15,20.13,420781,209,卖盘
627,10:01:18,20.15,1181910,587,买盘
628,10:01:21,20.13,1735806,862,卖盘
629,10:01:24,20.14,883719,439,买盘
630,10:01:27,20.14,396589,197,买盘
631,10:01:30,20.14,787250,391,买盘
632,10:01:33,20.14,1208006,600,买盘
633,10:01:36,20.12,483228,240,卖盘
634,10:01:39,20.11,1152840,573,卖盘
635,10:01:42,20.12,386343,192,买盘
636,10:01:45,20.13,480884,239,买盘
637,10:01:48,20.13,1119028,556,买盘
638,10:01:51,20.14,660350,328,买盘
639,10:01:54,20.13,618150,307,卖盘
640,10:01:57,20.13,412698,205,卖盘
641,10:02:00,20.16,4859021,2412,买盘
642,10:02:03,20.16,739983,367,卖盘
643,10:02:06,20.18,4012786,1990,买盘
644,10:02:09,20.19,1450718,719,买盘
645,10:02:12,20.19,1276481,632,买盘
646,10:02:15,20.19,2078398,1029,卖盘
647,10:02:18,20.19,345481,171,卖盘
648,10:02:21,20.2,365646,181,卖盘
649,10:02:24,20.21,185877,92,中性盘
650,10:02:27,20.19,1144975,567,卖盘
651,10:02:30,20.22,682909,338,买盘
652,10:02:33,20.18,898201,445,卖盘
653,10:02:36,20.2,883537,437,买盘
654,10:02:39,20.18,353498,175,卖盘
655,10:02:42,20.2,280701,139,卖盘
656,10:02:45,20.19,316996,157,中性盘
657,10:02:48,20.19,151464,75,卖盘
658,10:02:51,20.18,335174,166,卖盘
659,10:02:54,20.19,375512,186,买盘
660,10:02:57,20.2,310963,154,买盘
661,10:03:00,20.2,416016,206,买盘
662,10:03:03,20.2,315022,156,买盘
663,10:03:06,20.2,248427,123,买盘
664,10:03:09,20.19,383711,190,卖盘
665,10:03:12,20.2,288818,143,买盘
666,10:03:15,20.2,615825,305,买盘
667,10:03:18,20.19,72678,36,中性盘
668,10:03:21,20.18,189760,94,卖盘
669,10:03:24,20.18,395567,196,卖盘
670,10:03:27,20.18,643821,319,卖盘
671,10:03:30,20.18,371305,184,买盘
672,10:03:33,20.16,1838285,912,卖盘
673,10:03:36,20.16,225802,112,买盘
674,10:03:39,20.15,481436,239,卖盘
675,10:03:42,20.13,364537,181,卖盘
676,10:03:45,20.13,261740,130,卖盘
677,10:03:48,20.13,676600,336,卖盘
678,10:03:51,20.13,751023,373,卖盘
679,10:03:54,20.13,597807,297,买盘
680,10:03:57,20.13,1841982,915,买盘
681,10:04:00,20.13,1001004,497,卖盘
682,10:04:03,20.15,171370,85,中性盘
683,10:04:06,20.16,866927,430,中性盘
684,10:04:09,20.18,348973,173,买盘
685,10:04:12,20.16,419460,208,卖盘
686,10:04:15,20.18,611058,303,买盘
687,10:04:18,20.18,92782,46,买盘
688,10:04:21,20.18,227949,113,买盘
689,10:04:24,20.19,873701,433,买盘
690,10:04:27,20.18,326976,162,卖盘
691,10:04:30,20.18,573296,284,卖盘
692,10:04:33,20.18,82748,41,卖盘
693,10:04:36,20.18,385540,191,卖盘
694,10:04:39,20.18,345134,171,卖盘
695,10:04:42,20.18,641703,318,卖盘
696,10:04:45,20.17,306704,152,卖盘
697,10:04:48,20.17,197747,98,卖盘
698,10:04:51,20.17,395352,196,卖盘
699,10:04:54,20.17,123029,61,买盘
700,10:04:57,20.17,469828,233,买盘
701,10:05:00,20.17,423609,210,卖盘
702,10:05:03,20.17,411468,204,卖盘
703,10:05:06,20.17,623110,309,买盘
704,10:05:09,20.14,2454773,1219,卖盘
705,10:05:12,20.14,142960,71,买盘
706,10:05:15,20.11,508969,253,卖盘
707,10:05:18,20.12,418338,208,中性盘
708,10:05:21,20.14,599648,298,买盘
709,10:05:24,20.12,1178979,586,卖盘
710,10:05:27,20.12,259558,129,卖盘
711,10:05:30,20.11,1741975,866,卖盘
712,10:05:33,20.1,361864,180,卖盘
713,10:05:36,20.11,828184,412,买盘
714,10:05:39,20.1,3486847,1735,卖盘
715,10:05:42,20.1,587054,292,卖盘
716,10:05:45,20.1,307529,153,卖盘
717,10:05:48,20.1,919908,458,买盘
718,10:05:51,20.09,2583607,1286,卖盘
719,10:05:54,20.09,634743,316,买盘
720,10:05:57,20.08,721551,359,卖盘
721,10:06:00,20.08,357452,178,卖盘
722,10:06:03,20.08,1722560,858,卖盘
723,10:06:06,20.08,214849,107,买盘
724,10:06:09,20.08,1555910,775,买盘
725,10:06:12,20.07,503763,251,卖盘
726,10:06:15,20.07,493660,246,买盘
727,10:06:18,20.06,1175033,586,卖盘
728,10:06:21,20.06,832574,415,买盘
729,10:06:24,20.07,537707,268,买盘
730,10:06:27,20.07,611939,305,卖盘
731,10:06:30,20.07,816503,407,买盘
732,10:06:33,20.07,750365,374,买盘
733,10:06:36,20.07,1043357,520,买盘
734,10:06:39,20.06,1278007,637,卖盘
735,10:06:42,20.07,1919064,956,买盘
736,10:06:45,20.08,445590,222,买盘
737,10:06:48,20.07,564035,281,卖盘
738,10:06:51,20.07,521945,260,卖盘
739,10:06:54,20.08,582146,290,买盘
740,10:06:57,20.08,1108353,552,买盘
741,10:07:00,20.08,403607,201,卖盘
742,10:07:03,20.08,1053986,525,卖盘
743,10:07:06,20.08,409520,204,买盘
744,10:07:09,20.08,803268,400,买盘
745,10:07:12,20.08,435798,217,卖盘
746,10:07:15,20.08,670732,334,卖盘
747,10:07:18,20.09,722915,360,买盘
748,10:07:21,20.09,498078,248,卖盘
749,10:07:24,20.1,341668,170,买盘
750,10:07:27,20.1,403841,201,买盘
751,10:07:30,20.1,560764,279,买盘
752,10:07:33,20.1,442241,220,卖盘
753,10:07:36,20.11,351898,175,买盘
754,10:07:39,20.11,491021,244,卖盘
755,10:07:42,20.14,187139,93,买盘
756,10:07:45,20.14,221584,110,买盘
757,10:07:48,20.14,606340,301,卖盘
758,10:07:51,20.13,271961,135,中性盘
759,10:07:54,20.11,1724544,857,卖盘
760,10:07:57,20.13,185100,92,买盘
761,10:08:00,20.1,369950,184,卖盘
762,10:08:03,20.12,189031,94,买盘
763,10:08:06,20.12,275636,137,买盘
764,10:08:09,20.13,329911,164,买盘
765,10:08:12,20.12,289696,144,中性盘
766,10:08:15,20.11,104578,52,卖盘
767,10:08:18,20.11,456432,227,卖盘
768,10:08:21,20.11,323705,161,买盘
769,10:08:24,20.1,2464639,1225,卖盘
770,10:08:27,20.11,365971,182,卖盘
771,10:08:30,20.1,144771,72,卖盘
772,10:08:33,20.1,112601,56,卖盘
773,10:08:36,20.11,426245,212,买盘
774,10:08:39,20.11,349843,174,卖盘
775,10:08:42,20.12,325754,162,买盘
776,10:08:45,20.12,54314,27,买盘
777,10:08:48,20.12,199107,99,买盘
778,10:08:51,20.11,112621,56,卖盘
779,10:08:54,20.11,591388,294,买盘
780,10:08:57,20.11,369870,184,买盘
781,10:09:00,20.1,446331,222,卖盘
782,10:09:03,20.11,380052,189,买盘
783,10:09:06,20.1,267383,133,卖盘
784,10:09:09,20.11,609232,303,买盘
785,10:09:12,20.1,910678,453,卖盘
786,10:09:15,20.1,767890,382,卖盘
787,10:09:18,20.1,444265,221,卖盘
788,10:09:21,20.11,611379,304,买盘
789,10:09:24,20.11,868791,432,卖盘
790,10:09:27,20.1,550993,274,卖盘
791,10:09:30,20.11,458543,228,中性盘
792,10:09:33,20.12,267451,133,买盘
793,10:09:36,20.13,305759,152,买盘
794,10:09:39,20.14,1435052,713,买盘
795,10:09:42,20.14,84572,42,买盘
796,10:09:45,20.14,223618,111,买盘
797,10:09:48,20.15,405109,201,买盘
798,10:09:51,20.15,80616,40,卖盘
799,10:09:54,20.17,316552,157,买盘
800,10:09:57,20.18,280352,139,买盘
801,10:10:00,20.17,219951,109,卖盘
802,10:10:03,20.17,377263,187,卖盘
803,10:10:06,20.17,225895,112,买盘
804,10:10:09,20.17,786396,390,买盘
805,10:10:12,20.17,237972,118,买盘
806,10:10:15,20.16,324660,161,卖盘
807,10:10:18,20.15,211710,105,卖盘
808,10:10:21,20.15,721724,358,卖盘
809,10:10:24,20.15,1088109,540,卖盘
810,10:10:27,20.14,445079,221,卖盘
811,10:10:30,20.13,108703,54,卖盘
812,10:10:33,20.13,136834,68,买盘
813,10:10:36,20.12,203287,101,卖盘
814,10:10:39,20.12,915736,455,卖盘
815,10:10:42,20.14,614234,305,买盘
816,10:10:45,20.14,561906,279,卖盘
817,10:10:48,20.14,241686,120,卖盘
818,10:10:51,20.14,167162,83,卖盘
819,10:10:54,20.14,74518,37,买盘
820,10:10:57,20.13,277858,138,卖盘
821,10:11:00,20.13,215393,107,卖盘
822,10:11:03,20.15,1814533,901,买盘
823,10:11:06,20.16,429051,213,买盘
824,10:11:09,20.17,304382,151,买盘
825,10:11:12,20.16,784777,389,卖盘
826,10:11:15,20.17,145236,72,卖盘
827,10:11:18,20.17,94830,47,卖盘
828,10:11:21,20.18,117044,58,卖盘
829,10:11:24,20.19,189722,94,买盘
830,10:11:27,20.18,201856,100,卖盘
831,10:11:30,20.19,147341,73,买盘
832,10:11:33,20.19,831688,412,买盘
833,10:11:36,20.2,1367545,677,买盘
834,10:11:39,20.22,86892,43,买盘
835,10:11:42,20.22,570043,282,买盘
836,10:11:45,20.22,151649,75,买盘
837,10:11:48,20.22,489202,242,买盘
838,10:11:51,20.21,754025,373,卖盘
839,10:11:54,20.21,97015,48,卖盘
840,10:11:57,20.21,161680,80,买盘
841,10:12:00,20.2,343533,170,卖盘
842,10:12:03,20.19,975342,483,卖盘
843,10:12:06,20.18,173553,86,卖盘
844,10:12:09,20.18,117024,58,买盘
845,10:12:12,20.16,120976,60,卖盘
846,10:12:15,20.16,207692,103,买盘
847,10:12:18,20.17,2271792,1125,买盘
848,10:12:21,20.19,157038,78,买盘
849,10:12:24,20.24,879836,435,买盘
850,10:12:27,20.33,2607631,1285,买盘
851,10:12:30,20.35,888909,437,买盘
852,10:12:33,20.39,1034810,508,买盘
853,10:12:36,20.38,205629,101,中性盘
854,10:12:39,20.38,258870,127,买盘
855,10:12:42,20.37,480654,236,中性盘
856,10:12:45,20.36,260511,128,卖盘
857,10:12:48,20.34,262266,129,中性盘
858,10:12:51,20.33,142352,70,中性盘
859,10:12:54,20.33,296820,146,买盘
860,10:12:57,20.33,680990,335,卖盘
861,10:13:00,20.33,688948,339,买盘
862,10:13:03,20.3,245911,121,卖盘
863,10:13:06,20.3,211146,104,卖盘
864,10:13:09,20.3,235409,116,卖盘
865,10:13:12,20.28,243538,120,卖盘
866,10:13:15,20.28,468727,231,买盘
867,10:13:18,20.28,369286,182,卖盘
868,10:13:21,20.28,273757,135,卖盘
869,10:13:24,20.27,77030,38,卖盘
870,10:13:27,20.27,99343,49,卖盘
871,10:13:30,20.28,223013,110,买盘
872,10:13:33,20.27,328416,162,卖盘
873,10:13:36,20.27,871833,430,卖盘
874,10:13:39,20.27,302006,149,买盘
875,10:13:42,20.3,1054593,520,买盘
876,10:13:45,20.3,176477,87,买盘
877,10:13:48,20.29,115661,57,中性盘
878,10:13:51,20.28,158219,78,卖盘
879,10:13:54,20.28,235271,116,卖盘
880,10:13:57,20.28,218977,108,买盘
881,10:14:00,20.28,245291,121,买盘
882,10:14:03,20.27,330516,163,卖盘
883,10:14:06,20.27,368937,182,卖盘
884,10:14:09,20.28,1548717,764,买盘
885,10:14:12,20.32,1084083,534,买盘
886,10:14:15,20.33,1292255,636,买盘
887,10:14:18,20.35,152549,75,买盘
888,10:14:21,20.34,250146,123,中性盘
889,10:14:24,20.33,355982,175,卖盘
890,10:14:27,20.34,252217,124,买盘
891,10:14:30,20.3,714801,352,卖盘
892,10:14:33,20.29,688611,339,卖盘
893,10:14:36,20.33,75123,37,买盘
894,10:14:39,20.3,416146,205,卖盘
895,10:14:42,20.31,164438,81,买盘
896,10:14:45,20.31,389882,192,买盘
897,10:14:48,20.3,166512,82,卖盘
898,10:14:51,20.31,554696,273,买盘
899,10:14:54,20.32,132080,65,中性盘
900,10:14:57,20.32,223526,110,卖盘
901,10:15:00,20.32,180841,89,卖盘
902,10:15:03,20.32,406490,200,买盘
903,10:15:06,20.33,1201098,591,买盘
904,10:15:09,20.32,457411,225,卖盘
905,10:15:12,20.32,227566,112,卖盘
906,10:15:15,20.32,1170198,576,卖盘
907,10:15:18,20.32,180828,89,买盘
908,10:15:21,20.32,1264946,623,买盘
909,10:15:24,20.31,581041,286,买盘
910,10:15:27,20.31,180703,89,买盘
911,10:15:30,20.3,219297,108,卖盘
912,10:15:33,20.3,270091,133,卖盘
913,10:15:36,20.3,276162,136,卖盘
914,10:15:39,20.3,241566,119,买盘
915,10:15:42,20.3,314559,155,买盘
916,10:15:45,20.29,337066,166,卖盘
917,10:15:48,20.3,154246,76,买盘
918,10:15:51,20.29,36533,18,卖盘
919,10:15:54,20.29,54795,27,卖盘
920,10:15:57,20.3,460611,227,买盘
921,10:16:00,20.3,511532,252,买盘
922,10:16:03,20.32,327003,161,买盘
923,10:16:06,20.32,221348,109,买盘
924,10:16:09,20.3,369646,182,卖盘
925,10:16:12,20.31,225407,111,中性盘
926,10:16:15,20.3,46720,23,卖盘
927,10:16:18,20.3,71098,35,卖盘
928,10:16:21,20.3,211183,104,卖盘
929,10:16:24,20.31,1021174,503,买盘
930,10:16:27,20.3,253836,125,卖盘
931,10:16:30,20.31,276132,136,买盘
932,10:16:33,20.3,188855,93,卖盘
933,10:16:36,20.35,3950426,1943,买盘
934,10:16:39,20.36,195414,96,买盘
935,10:16:42,20.37,114057,56,买盘
936,10:16:45,20.38,232219,114,买盘
937,10:16:48,20.38,114118,56,买盘
938,10:16:51,20.38,560378,275,买盘
939,10:16:54,20.37,682388,335,卖盘
940,10:16:57,20.37,786354,386,买盘
941,10:17:00,20.37,405389,199,卖盘
942,10:17:03,20.36,1521203,747,卖盘
943,10:17:06,20.36,739256,363,买盘
944,10:17:09,20.35,164914,81,卖盘
945,10:17:12,20.35,926127,455,卖盘
946,10:17:15,20.36,441676,217,买盘
947,10:17:18,20.36,486508,239,买盘
948,10:17:21,20.36,134353,66,买盘
949,10:17:24,20.39,2852237,1400,买盘
950,10:17:27,20.4,795382,390,买盘
951,10:17:30,20.4,813652,399,买盘
952,10:17:33,20.41,496003,243,买盘
953,10:17:36,20.42,1422396,697,买盘
954,10:17:39,20.43,531076,260,买盘
955,10:17:42,20.43,537326,263,买盘
956,10:17:45,20.43,435165,213,卖盘
957,10:17:48,20.43,412730,202,买盘
958,10:17:51,20.42,424904,208,卖盘
959,10:17:54,20.43,1573414,770,买盘
960,10:17:57,20.44,872518,427,买盘
961,10:18:00,20.44,662000,324,卖盘
962,10:18:03,20.43,590558,289,中性盘
963,10:18:06,20.42,380079,186,卖盘
964,10:18:09,20.42,1634734,801,卖盘
965,10:18:12,20.43,2235999,1096,买盘
966,10:18:15,20.43,555515,272,买盘
967,10:18:18,20.42,555538,272,卖盘
968,10:18:21,20.41,189876,93,卖盘
969,10:18:24,20.41,310278,152,卖盘
970,10:18:27,20.41,438779,215,卖盘
971,10:18:30,20.41,46924,23,买盘
972,10:18:33,20.4,250950,123,卖盘
973,10:18:36,20.4,371206,182,买盘
974,10:18:39,20.39,89729,44,卖盘
975,10:18:42,20.39,28546,14,买盘
976,10:18:45,20.38,256834,126,卖盘
977,10:18:48,20.38,283313,139,买盘
978,10:18:51,20.37,327994,161,卖盘
979,10:18:54,20.37,1015825,499,买盘
980,10:18:57,20.36,97770,48,卖盘
981,10:19:00,20.36,164921,81,卖盘
982,10:19:03,20.38,971581,477,买盘
983,10:19:06,20.38,409538,201,买盘
984,10:19:09,20.38,220085,108,买盘
985,10:19:12,20.38,327971,161,买盘
986,10:19:15,20.37,309757,152,卖盘
987,10:19:18,20.38,260870,128,中性盘
988,10:19:21,20.38,50960,25,卖盘
989,10:19:24,20.38,105993,52,卖盘
990,10:19:27,20.38,193589,95,卖盘
991,10:19:30,20.39,122290,60,买盘
992,10:19:33,20.38,313897,154,卖盘
993,10:19:36,20.39,191585,94,买盘
994,10:19:39,20.38,289379,142,卖盘
995,10:19:42,20.39,93753,46,买盘
996,10:19:45,20.38,432357,212,卖盘
997,10:19:48,20.38,167162,82,买盘
998,10:19:51,20.39,466698,229,买盘
999,10:19:54,20.38,218084,107,卖盘
1000,10:19:57,20.38,264936,130,卖盘
1001,10:20:00,20.38,305714,150,买盘
1002,10:20:03,20.38,213995,105,卖盘
1003,10:20:06,20.38,50949,25,买盘
1004,10:20:09,20.37,234341,115,卖盘
1005,10:20:12,20.38,124296,61,买盘
1006,10:20:15,20.38,315747,155,买盘
1007,10:20:18,20.38,148702,73,买盘
1008,10:20:21,20.39,745950,366,买盘
1009,10:20:24,20.4,1027729,504,买盘
1010,10:20:27,20.4,658886,323,买盘
1011,10:20:30,20.41,234670,115,买盘
1012,10:20:33,20.4,271402,133,卖盘
1013,10:20:36,20.42,365448,179,买盘
1014,10:20:39,20.42,583890,286,买盘
1015,10:20:42,20.43,114361,56,买盘
1016,10:20:45,20.42,396286,194,卖盘
1017,10:20:48,20.43,721347,353,买盘
1018,10:20:51,20.43,382051,187,卖盘
1019,10:20:54,20.44,408704,200,买盘
1020,10:20:57,20.43,823437,403,卖盘
1021,10:21:00,20.43,398302,195,买盘
1022,10:21:03,20.42,614685,301,卖盘
1023,10:21:06,20.42,1440171,705,卖盘
1024,10:21:09,20.41,2275456,1115,卖盘
1025,10:21:12,20.39,781210,383,中性盘
1026,10:21:15,20.37,79460,39,卖盘
1027,10:21:18,20.37,274954,135,卖盘
1028,10:21:21,20.36,101829,50,卖盘
1029,10:21:24,20.36,95694,47,卖盘
1030,10:21:27,20.35,614896,302,卖盘
1031,10:21:30,20.35,187301,92,卖盘
1032,10:21:33,20.35,213698,105,卖盘
1033,10:21:36,20.36,358310,176,买盘
1034,10:21:39,20.35,413192,203,卖盘
1035,10:21:42,20.34,437403,215,卖盘
1036,10:21:45,20.35,260537,128,买盘
1037,10:21:48,20.33,10168,5,卖盘
1038,10:21:51,20.35,181057,89,买盘
1039,10:21:54,20.34,134286,66,卖盘
1040,10:21:57,20.34,368004,181,买盘
1041,10:22:00,20.33,99651,49,中性盘
1042,10:22:03,20.35,899084,442,买盘
1043,10:22:06,20.34,134248,66,卖盘
1044,10:22:09,20.31,794861,391,卖盘
1045,10:22:12,20.33,67080,33,中性盘
1046,10:22:15,20.33,536479,264,买盘
1047,10:22:18,20.32,566438,279,买盘
1048,10:22:21,20.32,848654,418,买盘
1049,10:22:24,20.3,631712,311,卖盘
1050,10:22:27,20.29,196922,97,卖盘
1051,10:22:30,20.29,247530,122,卖盘
1052,10:22:33,20.28,900474,444,卖盘
1053,10:22:36,20.28,46656,23,买盘
1054,10:22:39,20.27,344643,170,卖盘
1055,10:22:42,20.28,533452,263,买盘
1056,10:22:45,20.27,732286,361,卖盘
1057,10:22:48,20.27,882616,435,卖盘
1058,10:22:51,20.29,1180546,581,中性盘
1059,10:22:54,20.28,125766,62,卖盘
1060,10:22:57,20.29,62907,31,中性盘
1061,10:23:00,20.3,20297,10,中性盘
1062,10:23:03,20.3,831196,409,中性盘
1063,10:23:06,20.34,28450,14,中性盘
1064,10:23:09,20.33,52864,26,卖盘
1065,10:23:12,20.35,46771,23,买盘
1066,10:23:15,20.35,569840,280,买盘
1067,10:23:18,20.35,175021,86,卖盘
1068,10:23:21,20.35,63094,31,卖盘
1069,10:23:24,20.34,164815,81,卖盘
1070,10:23:27,20.34,121999,60,买盘
1071,10:23:30,20.33,211428,104,卖盘
1072,10:23:33,20.32,46736,23,卖盘
1073,10:23:36,20.31,52809,26,卖盘
1074,10:23:39,20.3,371524,183,卖盘
1075,10:23:42,20.29,111622,55,卖盘
1076,10:23:45,20.3,211076,104,买盘
1077,10:23:48,20.3,142083,70,买盘
1078,10:23:51,20.31,42643,21,买盘
1079,10:23:54,20.31,639499,315,买盘
1080,10:23:57,20.31,150273,74,买盘
1081,10:24:00,20.31,162454,80,买盘
1082,10:24:03,20.31,166531,82,买盘
1083,10:24:06,20.3,152270,75,卖盘
1084,10:24:09,20.3,129954,64,卖盘
1085,10:24:12,20.29,679865,335,卖盘
1086,10:24:15,20.29,127816,63,买盘
1087,10:24:18,20.29,342874,169,卖盘
1088,10:24:21,20.28,225208,111,卖盘
1089,10:24:24,20.28,1074840,530,卖盘
1090,10:24:27,20.27,535132,264,卖盘
1091,10:24:30,20.26,500818,247,卖盘
1092,10:24:33,20.26,1582058,781,卖盘
1093,10:24:36,20.26,34442,17,买盘
1094,10:24:39,20.24,113393,56,卖盘
1095,10:24:42,20.28,988576,488,买盘
1096,10:24:45,20.28,598076,295,买盘
1097,10:24:48,20.28,131779,65,卖盘
1098,10:24:51,20.27,328377,162,卖盘
1099,10:24:54,20.26,72965,36,卖盘
1100,10:24:57,20.27,364810,180,买盘
1101,10:25:00,20.26,26348,13,卖盘
1102,10:25:03,20.26,277684,137,卖盘
1103,10:25:06,20.26,226913,112,卖盘
1104,10:25:09,20.26,166132,82,卖盘
1105,10:25:12,20.27,397166,196,买盘
1106,10:25:15,20.28,494671,244,买盘
1107,10:25:18,20.29,488927,241,买盘
1108,10:25:21,20.29,146027,72,买盘
1109,10:25:24,20.29,271798,134,卖盘
1110,10:25:27,20.29,641182,316,卖盘
1111,10:25:30,20.28,513157,253,卖盘
1112,10:25:33,20.27,849059,419,卖盘
1113,10:25:36,20.26,518508,256,卖盘
1114,10:25:39,20.26,1178577,582,中性盘
1115,10:25:42,20.24,293540,145,卖盘
1116,10:25:45,20.24,34408,17,买盘
1117,10:25:48,20.23,174024,86,卖盘
1118,10:25:51,20.24,141623,70,买盘
1119,10:25:54,20.24,155819,77,买盘
1120,10:25:57,20.24,279275,138,卖盘
1121,10:26:00,20.24,97154,48,卖盘
1122,10:26:03,20.25,220770,109,卖盘
1123,10:26:06,20.26,192381,95,中性盘
1124,10:26:09,20.25,111401,55,卖盘
1125,10:26:12,20.26,66842,33,中性盘
1126,10:26:15,20.25,1057027,522,卖盘
1127,10:26:18,20.26,145774,72,买盘
1128,10:26:21,20.23,297649,147,卖盘
1129,10:26:24,20.23,831923,411,卖盘
1130,10:26:27,20.24,89029,44,买盘
1131,10:26:30,20.24,22257,11,买盘
1132,10:26:33,20.24,275169,136,买盘
1133,10:26:36,20.23,165910,82,卖盘
1134,10:26:39,20.24,113319,56,卖盘
1135,10:26:42,20.23,576628,285,卖盘
1136,10:26:45,20.24,78934,39,买盘
1137,10:26:48,20.24,333870,165,卖盘
1138,10:26:51,20.24,70840,35,买盘
1139,10:26:54,20.24,151806,75,买盘
1140,10:26:57,20.22,2299001,1137,卖盘
1141,10:27:00,20.2,816467,404,卖盘
1142,10:27:03,20.22,929356,460,买盘
1143,10:27:06,20.21,62637,31,中性盘
1144,10:27:09,20.2,195951,97,卖盘
1145,10:27:12,20.2,432339,214,卖盘
1146,10:27:15,20.2,1286763,637,卖盘
1147,10:27:18,20.2,393909,195,买盘
1148,10:27:21,20.19,177729,88,卖盘
1149,10:27:24,20.21,319289,158,买盘
1150,10:27:27,20.2,163709,81,卖盘
1151,10:27:30,20.21,258723,128,卖盘
1152,10:27:33,20.22,105174,52,买盘
1153,10:27:36,20.23,230557,114,买盘
1154,10:27:39,20.24,324648,160,买盘
1155,10:27:42,20.25,46555,23,买盘
1156,10:27:45,20.24,95156,47,卖盘
1157,10:27:48,20.25,10126,5,卖盘
1158,10:27:51,20.28,316117,156,买盘
1159,10:27:54,20.28,70933,35,买盘
1160,10:27:57,20.27,58806,29,中性盘
1161,10:28:00,20.26,188485,93,卖盘
1162,10:28:03,20.27,18242,9,卖盘
1163,10:28:06,20.27,202650,100,买盘
1164,10:28:09,20.27,196577,97,买盘
1165,10:28:12,20.26,143846,71,卖盘
1166,10:28:15,20.27,936015,462,买盘
1167,10:28:18,20.27,308101,152,买盘
1168,10:28:21,20.25,378675,187,卖盘
1169,10:28:24,20.25,309789,153,买盘
1170,10:28:27,20.25,111443,55,卖盘
1171,10:28:30,20.26,117526,58,卖盘
1172,10:28:33,20.26,36468,18,卖盘
1173,10:28:36,20.27,320144,158,买盘
1174,10:28:39,20.27,216893,107,买盘
1175,10:28:42,20.28,162233,80,买盘
1176,10:28:45,20.28,38519,19,买盘
1177,10:28:48,20.28,261600,129,买盘
1178,10:28:51,20.32,1766061,870,买盘
1179,10:28:54,20.32,172798,85,卖盘
1180,10:28:57,20.32,126011,62,卖盘
1181,10:29:00,20.32,180954,89,卖盘
1182,10:29:03,20.35,527047,259,买盘
1183,10:29:06,20.36,42736,21,买盘
1184,10:29:09,20.35,364278,179,卖盘
1185,10:29:12,20.35,679654,334,卖盘
1186,10:29:15,20.34,16272,8,买盘
1187,10:29:18,20.34,69146,34,买盘
1188,10:29:21,20.32,107738,53,卖盘
1189,10:29:24,20.32,69107,34,卖盘
1190,10:29:27,20.32,105664,52,卖盘
1191,10:29:30,20.32,36576,18,买盘
1192,10:29:33,20.3,341040,168,卖盘
1193,10:29:36,20.3,105555,52,卖盘
1194,10:29:39,20.3,125870,62,买盘
1195,10:29:42,20.29,243521,120,卖盘
1196,10:29:45,20.29,182665,90,卖盘
1197,10:29:48,20.29,211041,104,卖盘
1198,10:29:51,20.28,273911,135,卖盘
1199,10:29:54,20.29,117669,58,买盘
1200,10:29:57,20.28,497049,245,卖盘
1201,10:30:00,20.28,103489,51,卖盘
1202,10:30:03,20.3,420293,207,买盘
1203,10:30:06,20.31,125951,62,卖盘
1204,10:30:09,20.32,36576,18,卖盘
1205,10:30:12,20.32,142264,70,卖盘
1206,10:30:15,20.32,85353,42,买盘
1207,10:30:18,20.34,703382,346,买盘
1208,10:30:21,20.35,431351,212,买盘
1209,10:30:24,20.34,484203,238,卖盘
1210,10:30:27,20.39,1774092,871,买盘
1211,10:30:30,20.39,130465,64,买盘
1212,10:30:33,20.39,501322,246,买盘
1213,10:30:36,20.39,65247,32,买盘
1214,10:30:39,20.38,167016,82,买盘
1215,10:30:42,20.38,3032770,1488,买盘
1216,10:30:45,20.41,1556128,763,买盘
1217,10:30:48,20.4,179579,88,卖盘
1218,10:30:51,20.42,1547169,758,买盘
1219,10:30:54,20.43,134783,66,买盘
1220,10:30:57,20.43,2207872,1081,买盘
1221,10:31:00,20.43,330876,162,买盘
1222,10:31:03,20.42,294103,144,卖盘
1223,10:31:06,20.43,408437,200,买盘
1224,10:31:09,20.41,1086349,532,卖盘
1225,10:31:12,20.41,153035,75,中性盘
1226,10:31:15,20.41,283613,139,中性盘
1227,10:31:18,20.4,463288,227,卖盘
1228,10:31:21,20.4,463100,227,卖盘
1229,10:31:24,20.41,895809,439,买盘
1230,10:31:27,20.41,838501,411,买盘
1231,10:31:30,20.41,789864,387,买盘
1232,10:31:33,20.41,265312,130,卖盘
1233,10:31:36,20.4,97935,48,卖盘
1234,10:31:39,20.4,495860,243,卖盘
1235,10:31:42,20.4,97906,48,买盘
1236,10:31:45,20.38,106030,52,卖盘
1237,10:31:48,20.38,71330,35,卖盘
1238,10:31:51,20.38,130449,64,卖盘
1239,10:31:54,20.38,48912,24,卖盘
1240,10:31:57,20.37,77420,38,卖盘
1241,10:32:00,20.37,169134,83,卖盘
1242,10:32:03,20.36,344346,169,卖盘
1243,10:32:06,20.38,321855,158,买盘
1244,10:32:09,20.37,393267,193,卖盘
1245,10:32:12,20.38,464701,228,买盘
1246,10:32:15,20.38,415768,204,卖盘
1247,10:32:18,20.38,120253,59,卖盘
1248,10:32:21,20.38,246626,121,买盘
1249,10:32:24,20.39,252840,124,买盘
1250,10:32:27,20.38,83576,41,卖盘
1251,10:32:30,20.38,213991,105,卖盘
1252,10:32:33,20.39,75417,37,买盘
1253,10:32:39,20.39,116195,57,买盘
1254,10:32:42,20.38,81520,40,卖盘
1255,10:32:45,20.38,1153936,566,卖盘
1256,10:32:48,20.38,67254,33,买盘
1257,10:32:51,20.38,122267,60,买盘
1258,10:32:54,20.37,65200,32,卖盘
1259,10:32:57,20.38,248620,122,买盘
1260,10:33:00,20.38,85606,42,卖盘
1261,10:33:03,20.38,275109,135,卖盘
1262,10:33:06,20.37,22411,11,卖盘
1263,10:33:09,20.38,97823,48,买盘
1264,10:33:12,20.38,79472,39,买盘
1265,10:33:15,20.37,46862,23,卖盘
1266,10:33:18,20.38,287253,141,买盘
1267,10:33:21,20.37,179317,88,卖盘
1268,10:33:24,20.37,140561,69,卖盘
1269,10:33:27,20.37,28518,14,卖盘
1270,10:33:30,20.37,111989,55,买盘
1271,10:33:33,20.36,83477,41,卖盘
1272,10:33:36,20.36,42758,21,卖盘
1273,10:33:39,20.36,207683,102,卖盘
1274,10:33:42,20.36,83481,41,卖盘
1275,10:33:45,20.36,24432,12,买盘
1276,10:33:48,20.35,85482,42,卖盘
1277,10:33:51,20.35,56984,28,卖盘
1278,10:33:54,20.35,170940,84,卖盘
1279,10:33:57,20.35,179080,88,卖盘
1280,10:34:00,20.35,380545,187,卖盘
1281,10:34:03,20.35,16280,8,买盘
1282,10:34:06,20.34,36625,18,卖盘
1283,10:34:09,20.34,166853,82,卖盘
1284,10:34:12,20.34,99680,49,卖盘
1285,10:34:15,20.34,36612,18,卖盘
1286,10:34:18,20.34,120012,59,卖盘
1287,10:34:21,20.33,132226,65,卖盘
1288,10:34:24,20.34,14238,7,买盘
1289,10:34:27,20.33,199250,98,卖盘
1290,10:34:30,20.33,156541,77,卖盘
1291,10:34:33,20.33,107749,53,卖盘
1292,10:34:36,20.33,870143,428,卖盘
1293,10:34:39,20.33,239894,118,买盘
1294,10:34:42,20.33,203242,100,买盘
1295,10:34:45,20.32,201208,99,卖盘
1296,10:34:48,20.33,248013,122,买盘
1297,10:34:51,20.33,347625,171,卖盘
1298,10:34:54,20.34,32535,16,买盘
1299,10:34:57,20.34,347701,171,买盘
1300,10:35:00,20.33,164698,81,卖盘
1301,10:35:03,20.34,341883,168,买盘
1302,10:35:06,20.33,1132432,557,卖盘
1303,10:35:09,20.35,248204,122,中性盘
1304,10:35:12,20.35,71225,35,卖盘
1305,10:35:15,20.36,175060,86,买盘
1306,10:35:18,20.36,565979,278,买盘
1307,10:35:21,20.36,2036,1,卖盘
1308,10:35:24,20.37,207731,102,买盘
1309,10:35:27,20.36,238291,117,卖盘
1310,10:35:30,20.36,191446,94,卖盘
1311,10:35:33,20.35,57003,28,卖盘
1312,10:35:36,20.36,93668,46,买盘
1313,10:35:39,20.36,114053,56,卖盘
1314,10:35:42,20.36,83477,41,卖盘
1315,10:35:45,20.37,177192,87,买盘
1316,10:35:48,20.36,63137,31,卖盘
1317,10:35:51,20.36,386836,190,卖盘
1318,10:35:54,20.36,199582,98,买盘
1319,10:35:57,20.38,1348701,662,买盘
1320,10:36:00,20.39,1011628,496,买盘
1321,10:36:03,20.4,740516,363,买盘
1322,10:36:06,20.4,138752,68,买盘
1323,10:36:09,20.4,273391,134,卖盘
1324,10:36:12,20.4,318236,156,卖盘
1325,10:36:15,20.4,126486,62,卖盘
1326,10:36:18,20.4,53039,26,买盘
1327,10:36:21,20.4,469170,230,买盘
1328,10:36:24,20.4,705431,346,卖盘
1329,10:36:27,20.39,328390,161,中性盘
1330,10:36:33,20.37,248631,122,卖盘
1331,10:36:36,20.37,146731,72,买盘
1332,10:36:39,20.36,393050,193,卖盘
1333,10:36:42,20.36,73318,36,卖盘
1334,10:36:45,20.36,75332,37,买盘
1335,10:36:48,20.37,248333,122,买盘
1336,10:36:51,20.37,1137388,559,买盘
1337,10:36:54,20.37,237982,117,买盘
1338,10:36:57,20.37,358208,176,买盘
1339,10:37:00,20.36,118100,58,卖盘
1340,10:37:03,20.36,26473,13,卖盘
1341,10:37:06,20.36,226019,111,卖盘
1342,10:37:09,20.35,38672,19,卖盘
1343,10:37:12,20.35,28497,14,卖盘
1344,10:37:15,20.35,8140,4,卖盘
1345,10:37:18,20.36,260593,128,买盘
1346,10:37:21,20.36,142520,70,卖盘
1347,10:37:24,20.36,67188,33,卖盘
1348,10:37:27,20.36,103836,51,卖盘
1349,10:37:30,20.36,87551,43,卖盘
1350,10:37:33,20.36,28504,14,买盘
1351,10:37:36,20.35,26465,13,卖盘
1352,10:37:39,20.35,144485,71,卖盘
1353,10:37:42,20.35,242167,119,卖盘
1354,10:37:45,20.35,8140,4,卖盘
1355,10:37:48,20.36,73295,36,买盘
1356,10:37:51,20.35,89560,44,卖盘
1357,10:37:54,20.35,46808,23,卖盘
1358,10:37:57,20.35,59016,29,卖盘
1359,10:38:00,20.35,67155,33,卖盘
1360,10:38:03,20.35,238104,117,卖盘
1361,10:38:06,20.35,124089,61,买盘
1362,10:38:09,20.34,50851,25,卖盘
1363,10:38:12,20.34,107814,53,卖盘
1364,10:38:15,20.34,46783,23,卖盘
1365,10:38:18,20.34,89499,44,卖盘
1366,10:38:21,20.34,67123,33,卖盘
1367,10:38:24,20.34,242107,119,卖盘
1368,10:38:27,20.34,349968,172,卖盘
1369,10:38:30,20.34,593928,292,卖盘
1370,10:38:33,20.33,12200,6,卖盘
1371,10:38:36,20.34,26441,13,买盘
1372,10:38:39,20.34,402675,198,买盘
1373,10:38:42,20.34,477932,235,买盘
1374,10:38:45,20.33,221632,109,卖盘
1375,10:38:48,20.33,168744,83,卖盘
1376,10:38:51,20.34,10170,5,买盘
1377,10:38:54,20.33,207387,102,卖盘
1378,10:38:57,20.34,73210,36,买盘
1379,10:39:00,20.33,117914,58,卖盘
1380,10:39:03,20.33,1719470,846,卖盘
1381,10:39:06,20.33,316727,156,买盘
1382,10:39:09,20.32,44684,22,中性盘
1383,10:39:12,20.3,162405,80,卖盘
1384,10:39:15,20.32,1601377,788,买盘
1385,10:39:18,20.3,8122,4,卖盘
1386,10:39:21,20.32,95497,47,买盘
1387,10:39:24,20.33,410793,202,买盘
1388,10:39:27,20.35,81341,40,买盘
1389,10:39:30,20.35,105819,52,买盘
1390,10:39:33,20.35,89551,44,卖盘
1391,10:39:36,20.35,128250,63,卖盘
1392,10:39:39,20.35,557590,274,买盘
1393,10:39:42,20.35,242193,119,卖盘
1394,10:39:45,20.35,350088,172,卖盘
1395,10:39:48,20.35,105820,52,买盘
1396,10:39:51,20.35,12210,6,卖盘
1397,10:39:54,20.35,158720,78,买盘
1398,10:39:57,20.36,225923,111,买盘
1399,10:40:00,20.36,158743,78,买盘
1400,10:40:03,20.35,142470,70,卖盘
1401,10:40:06,20.35,59017,29,卖盘
1402,10:40:09,20.35,126098,62,卖盘
1403,10:40:12,20.35,56980,28,买盘
1404,10:40:15,20.33,176871,87,卖盘
1405,10:40:18,20.33,91483,45,买盘
1406,10:40:21,20.32,60981,30,卖盘
1407,10:40:24,20.32,136153,67,卖盘
1408,10:40:27,20.32,79260,39,买盘
1409,10:40:30,20.31,298616,147,卖盘
1410,10:40:33,20.33,83314,41,买盘
1411,10:40:36,20.33,333286,164,买盘
1412,10:40:39,20.32,262163,129,卖盘
1413,10:40:42,20.34,274531,135,买盘
1414,10:40:45,20.34,162720,80,卖盘
1415,10:40:48,20.34,28467,14,买盘
1416,10:40:51,20.33,136266,67,卖盘
1417,10:40:54,20.34,319328,157,买盘
1418,10:40:57,20.34,61020,30,卖盘
1419,10:41:00,20.34,63059,31,卖盘
1420,10:41:03,20.34,772797,380,卖盘
1421,10:41:06,20.34,32544,16,买盘
1422,10:41:09,20.33,284726,140,卖盘
1423,10:41:12,20.34,652664,321,买盘
1424,10:41:15,20.34,36595,18,买盘
1425,10:41:18,20.36,1133253,557,买盘
1426,10:41:21,20.34,705878,347,卖盘
1427,10:41:24,20.35,71194,35,买盘
1428,10:41:27,20.35,148548,73,买盘
1429,10:41:30,20.36,201488,99,买盘
1430,10:41:33,20.36,34605,17,买盘
1431,10:41:36,20.35,93635,46,卖盘
1432,10:41:39,20.36,40715,20,买盘
1433,10:41:42,20.36,376660,185,买盘
1434,10:41:45,20.36,87545,43,买盘
1435,10:41:48,20.35,67184,33,卖盘
1436,10:41:51,20.36,291261,143,中性盘
1437,10:41:54,20.35,211681,104,卖盘
1438,10:41:57,20.36,124197,61,买盘
1439,10:42:00,20.37,67204,33,中性盘
1440,10:42:03,20.37,1884037,924,买盘
1441,10:42:06,20.4,114213,56,买盘
1442,10:42:09,20.4,1007737,494,买盘
1443,10:42:12,20.4,477360,234,买盘
1444,10:42:15,20.4,97910,48,买盘
1445,10:42:18,20.4,616121,302,买盘
1446,10:42:21,20.41,51009,25,买盘
1447,10:42:24,20.4,59179,29,卖盘
1448,10:42:27,20.4,232598,114,卖盘
1449,10:42:30,20.4,226458,111,卖盘
1450,10:42:33,20.4,269280,132,卖盘
1451,10:42:36,20.4,110148,54,买盘
1452,10:42:39,20.39,193789,95,卖盘
1453,10:42:42,20.4,420244,206,买盘
1454,10:42:45,20.39,73406,36,卖盘
1455,10:42:48,20.39,191739,94,卖盘
1456,10:42:51,20.4,61174,30,买盘
1457,10:42:54,20.4,195817,96,买盘
1458,10:42:57,20.39,65274,32,卖盘
1459,10:43:00,20.39,254966,125,卖盘
1460,10:43:03,20.41,965361,473,买盘
1461,10:43:06,20.4,250931,123,卖盘
1462,10:43:09,20.41,83649,41,买盘
1463,10:43:12,20.41,240759,118,买盘
1464,10:43:15,20.4,95866,47,卖盘
1465,10:43:18,20.4,140746,69,买盘
1466,10:43:21,20.39,155027,76,卖盘
1467,10:43:24,20.38,350646,172,卖盘
1468,10:43:27,20.39,407650,200,买盘
1469,10:43:30,20.4,610478,299,买盘
1470,10:43:33,20.4,474751,233,卖盘
1471,10:43:39,20.4,120357,59,买盘
1472,10:43:42,20.39,71368,35,卖盘
1473,10:43:45,20.39,175401,86,卖盘
1474,10:43:48,20.39,273254,134,卖盘
1475,10:43:51,20.39,167198,82,买盘
1476,10:43:54,20.39,838019,411,买盘
1477,10:43:57,20.42,4186121,2051,买盘
1478,10:44:00,20.41,1053637,516,卖盘
1479,10:44:03,20.43,762006,373,买盘
1480,10:44:06,20.43,958115,469,买盘
1481,10:44:09,20.43,238993,117,买盘
1482,10:44:12,20.42,337066,165,卖盘
1483,10:44:15,20.41,359413,176,卖盘
1484,10:44:18,20.41,2274238,1113,中性盘
1485,10:44:21,20.42,165330,81,买盘
1486,10:44:24,20.42,87811,43,卖盘
1487,10:44:27,20.42,253262,124,卖盘
1488,10:44:30,20.42,510485,250,买盘
1489,10:44:33,20.42,187859,92,买盘
1490,10:44:36,20.42,277715,136,买盘
1491,10:44:39,20.42,177725,87,卖盘
1492,10:44:42,20.43,126638,62,买盘
1493,10:44:45,20.43,253228,124,买盘
1494,10:44:48,20.43,224696,110,买盘
1495,10:44:51,20.43,189989,93,卖盘
1496,10:44:54,20.43,22473,11,买盘
1497,10:44:57,20.43,204284,100,买盘
1498,10:45:00,20.43,731020,358,买盘
1499,10:45:03,20.42,204195,100,中性盘
1500,10:45:06,20.41,216382,106,卖盘
1501,10:45:09,20.41,399997,196,买盘
1502,10:45:12,20.4,1456658,714,卖盘
1503,10:45:15,20.38,193788,95,卖盘
1504,10:45:18,20.38,34653,17,卖盘
1505,10:45:21,20.38,403556,198,卖盘
1506,10:45:24,20.37,4074,2,卖盘
1507,10:45:27,20.37,42788,21,卖盘
1508,10:45:30,20.35,1254100,616,卖盘
1509,10:45:33,20.35,8140,4,买盘
1510,10:45:36,20.35,1587277,780,买盘
1511,10:45:39,20.37,67160,33,买盘
1512,10:45:42,20.36,109911,54,买盘
1513,10:45:45,20.36,79403,39,买盘
1514,10:45:48,20.36,73272,36,买盘
1515,10:45:51,20.36,14251,7,买盘
1516,10:45:54,20.35,118075,58,卖盘
1517,10:45:57,20.36,132336,65,买盘
1518,10:46:00,20.36,466045,229,买盘
1519,10:46:03,20.34,266518,131,卖盘
1520,10:46:06,20.33,467821,230,卖盘
1521,10:46:09,20.34,274659,135,中性盘
1522,10:46:12,20.35,59014,29,买盘
1523,10:46:15,20.34,170784,84,买盘
1524,10:46:18,20.33,130133,64,卖盘
1525,10:46:21,20.36,2162999,1063,买盘
1526,10:46:24,20.34,50859,25,中性盘
1527,10:46:27,20.36,160833,79,买盘
1528,10:46:30,20.34,551249,271,卖盘
1529,10:46:33,20.34,63047,31,买盘
1530,10:46:36,20.34,211514,104,买盘
1531,10:46:39,20.34,215604,106,买盘
1532,10:46:42,20.34,581679,286,买盘
1533,10:46:45,20.34,101699,50,买盘
1534,10:46:48,20.33,30504,15,卖盘
1535,10:46:51,20.33,40662,20,卖盘
1536,10:46:54,20.33,935241,460,卖盘
1537,10:46:57,20.33,152472,75,买盘
1538,10:47:00,20.33,499976,246,买盘
1539,10:47:03,20.32,136141,67,中性盘
1540,10:47:06,20.32,87398,43,卖盘
1541,10:47:09,20.32,245758,121,中性盘
1542,10:47:12,20.31,546300,269,卖盘
1543,10:47:15,20.3,578611,285,卖盘
1544,10:47:18,20.3,519687,256,卖盘
1545,10:47:21,20.3,170514,84,卖盘
1546,10:47:24,20.29,296318,146,卖盘
1547,10:47:27,20.29,64956,32,卖盘
1548,10:47:30,20.3,724126,357,买盘
1549,10:47:33,20.29,71015,35,买盘
1550,10:47:36,20.28,91299,45,卖盘
1551,10:47:39,20.28,371361,183,卖盘
1552,10:47:42,20.29,71001,35,买盘
1553,10:47:45,20.3,296171,146,买盘
1554,10:47:48,20.29,56831,28,卖盘
1555,10:47:51,20.3,846798,417,买盘
1556,10:47:54,20.29,245715,121,卖盘
1557,10:47:57,20.3,44665,22,卖盘
1558,10:48:00,20.3,129927,64,卖盘
1559,10:48:03,20.3,176649,87,中性盘
1560,10:48:06,20.31,121802,60,买盘
1561,10:48:09,20.31,34522,17,买盘
1562,10:48:12,20.31,32486,16,买盘
1563,10:48:15,20.31,77234,38,卖盘
1564,10:48:18,20.32,254062,125,中性盘
1565,10:48:21,20.32,30496,15,卖盘
1566,10:48:24,20.33,126007,62,买盘
1567,10:48:27,20.33,376084,185,买盘
1568,10:48:30,20.31,1090989,537,卖盘
1569,10:48:33,20.31,71085,35,买盘
1570,10:48:36,20.3,846734,417,卖盘
1571,10:48:39,20.3,123794,61,中性盘
1572,10:48:42,20.3,290202,143,买盘
1573,10:48:45,20.29,259746,128,卖盘
1574,10:48:48,20.3,64948,32,买盘
1575,10:48:51,20.3,38570,19,卖盘
1576,10:48:54,20.28,1164292,574,卖盘
1577,10:48:57,20.29,213086,105,买盘
1578,10:49:00,20.3,663911,327,买盘
1579,10:49:03,20.3,170371,84,买盘
1580,10:49:06,20.3,14209,7,买盘
1581,10:49:09,20.3,18266,9,买盘
1582,10:49:12,20.3,30443,15,买盘
1583,10:49:15,20.29,188777,93,卖盘
1584,10:49:18,20.29,152198,75,卖盘
1585,10:49:21,20.3,172520,85,买盘
1586,10:49:24,20.29,127841,63,卖盘
1587,10:49:27,20.3,71020,35,买盘
1588,10:49:30,20.3,73070,36,买盘
1589,10:49:33,20.3,66964,33,买盘
1590,10:49:36,20.29,95405,47,中性盘
1591,10:49:39,20.29,40561,20,买盘
1592,10:49:42,20.29,604352,298,买盘
1593,10:49:45,20.28,277899,137,卖盘
1594,10:49:48,20.28,125738,62,买盘
1595,10:49:51,20.27,188595,93,卖盘
1596,10:49:54,20.27,218956,108,卖盘
1597,10:49:57,20.28,58817,29,卖盘
1598,10:50:00,20.28,58812,29,卖盘
1599,10:50:03,20.28,515188,254,买盘
1600,10:50:06,20.28,251399,124,买盘
1601,10:50:09,20.28,156197,77,买盘
1602,10:50:12,20.27,111509,55,卖盘
1603,10:50:15,20.27,127715,63,卖盘
1604,10:50:18,20.28,52711,26,买盘
1605,10:50:21,20.28,56767,28,买盘
1606,10:50:24,20.27,223023,110,卖盘
1607,10:50:27,20.27,999038,493,卖盘
1608,10:50:30,20.27,101355,50,卖盘
1609,10:50:33,20.27,251345,124,买盘
1610,10:50:36,20.27,340482,168,买盘
1611,10:50:39,20.27,121597,60,买盘
1612,10:50:42,20.26,145927,72,卖盘
1613,10:50:45,20.27,119574,59,买盘
1614,10:50:48,20.27,8108,4,卖盘
1615,10:50:51,20.27,109471,54,卖盘
1616,10:50:54,20.28,12163,6,买盘
1617,10:50:57,20.28,28386,14,买盘
1618,10:51:00,20.27,362768,179,卖盘
1619,10:51:03,20.27,85172,42,中性盘
1620,10:51:06,20.27,10138,5,卖盘
1621,10:51:09,20.28,91227,45,买盘
1622,10:51:12,20.27,164203,81,卖盘
1623,10:51:15,20.27,101393,50,卖盘
1624,10:51:18,20.27,72937,36,买盘
1625,10:51:21,20.26,210771,104,卖盘
1626,10:51:24,20.26,72939,36,卖盘
1627,10:51:27,20.26,403303,199,卖盘
1628,10:51:30,20.25,937876,463,卖盘
1629,10:51:33,20.25,20256,10,卖盘
1630,10:51:36,20.25,1008426,498,卖盘
1631,10:51:39,20.24,115370,57,卖盘
1632,10:51:42,20.25,179195,89,买盘
1633,10:51:45,20.23,216543,107,卖盘
1634,10:51:48,20.24,1185989,586,买盘
1635,10:51:51,20.22,2837457,1404,卖盘
1636,10:51:54,20.22,222450,110,买盘
1637,10:51:57,20.2,135359,67,卖盘
1638,10:52:00,20.2,1603893,794,卖盘
1639,10:52:03,20.2,492819,244,卖盘
1640,10:52:06,20.2,411994,204,买盘
1641,10:52:09,20.19,543201,269,卖盘
1642,10:52:12,20.18,546990,271,卖盘
1643,10:52:15,20.18,373389,185,卖盘
1644,10:52:18,20.18,139227,69,买盘
1645,10:52:21,20.17,812824,403,卖盘
1646,10:52:24,20.16,461814,229,卖盘
1647,10:52:27,20.17,276251,137,买盘
1648,10:52:30,20.17,532310,264,买盘
1649,10:52:33,20.17,506132,251,买盘
1650,10:52:36,20.16,1108955,550,卖盘
1651,10:52:39,20.16,713800,354,卖盘
1652,10:52:42,20.15,497841,247,卖盘
1653,10:52:45,20.15,380864,189,卖盘
1654,10:52:48,20.15,749570,372,卖盘
1655,10:52:51,20.15,604406,300,买盘
1656,10:52:54,20.14,604340,300,卖盘
1657,10:52:57,20.13,235549,117,卖盘
1658,10:53:00,20.13,428890,213,卖盘
1659,10:53:03,20.13,1227967,610,卖盘
1660,10:53:06,20.14,460989,229,买盘
1661,10:53:09,20.14,1328631,660,买盘
1662,10:53:12,20.15,660543,328,买盘
1663,10:53:15,20.15,690863,343,买盘
1664,10:53:18,20.16,659062,327,买盘
1665,10:53:21,20.16,280216,139,卖盘
1666,10:53:24,20.16,1721551,854,卖盘
1667,10:53:27,20.14,3697927,1837,卖盘
1668,10:53:30,20.14,841799,418,买盘
1669,10:53:33,20.14,201402,100,中性盘
1670,10:53:36,20.13,670427,333,卖盘
1671,10:53:39,20.14,692442,344,买盘
1672,10:53:42,20.13,320047,159,中性盘
1673,10:53:45,20.14,62453,31,中性盘
1674,10:53:48,20.14,223569,111,卖盘
1675,10:53:51,20.14,316088,157,买盘
1676,10:53:54,20.14,419021,208,卖盘
1677,10:53:57,20.12,2335244,1160,卖盘
1678,10:54:00,20.13,110763,55,中性盘
1679,10:54:03,20.13,420770,209,卖盘
1680,10:54:06,20.14,287872,143,买盘
1681,10:54:09,20.12,1730399,860,卖盘
1682,10:54:12,20.12,2578535,1282,买盘
1683,10:54:15,20.12,557213,277,卖盘
1684,10:54:18,20.12,422546,210,卖盘
1685,10:54:21,20.13,557342,277,买盘
1686,10:54:24,20.13,322010,160,买盘
1687,10:54:27,20.13,269768,134,买盘
1688,10:54:30,20.14,102662,51,买盘
1689,10:54:33,20.15,221542,110,买盘
1690,10:54:36,20.15,900322,447,买盘
1691,10:54:39,20.15,403011,200,买盘
1692,10:54:42,20.16,112855,56,买盘
1693,10:54:45,20.17,517913,257,买盘
1694,10:54:48,20.18,98798,49,买盘
1695,10:54:51,20.17,375342,186,卖盘
1696,10:54:54,20.16,3160715,1568,卖盘
1697,10:54:57,20.17,268229,133,买盘
1698,10:55:00,20.16,387147,192,卖盘
1699,10:55:03,20.17,246031,122,买盘
1700,10:55:06,20.17,108896,54,买盘
1701,10:55:09,20.15,1843965,915,卖盘
1702,10:55:12,20.15,1411633,701,买盘
1703,10:55:15,20.15,412938,205,买盘
1704,10:55:18,20.15,229695,114,买盘
1705,10:55:21,20.14,185299,92,卖盘
1706,10:55:24,20.14,145000,72,买盘
1707,10:55:27,20.15,700624,348,买盘
1708,10:55:30,20.15,229611,114,买盘
1709,10:55:33,20.14,259910,129,卖盘
1710,10:55:36,20.15,638574,317,买盘
1711,10:55:39,20.14,277988,138,卖盘
1712,10:55:42,20.15,197414,98,买盘
1713,10:55:45,20.15,209497,104,买盘
1714,10:55:48,20.16,157164,78,买盘
1715,10:55:51,20.15,104815,52,卖盘
1716,10:55:54,20.15,302250,150,卖盘
1717,10:55:57,20.15,139035,69,买盘
1718,10:56:00,20.15,235754,117,买盘
1719,10:56:03,20.15,420989,209,买盘
1720,10:56:06,20.15,725390,360,买盘
1721,10:56:09,20.13,3135109,1557,卖盘
1722,10:56:12,20.14,459303,228,买盘
1723,10:56:15,20.14,167213,83,卖盘
1724,10:56:18,20.14,805925,400,卖盘
1725,10:56:21,20.14,138981,69,卖盘
1726,10:56:24,20.15,98725,49,买盘
1727,10:56:27,20.15,56418,28,卖盘
1728,10:56:30,20.15,78557,39,买盘
1729,10:56:33,20.14,96715,48,卖盘
1730,10:56:36,20.15,229710,114,买盘
1731,10:56:39,20.16,217715,108,买盘
1732,10:56:42,20.15,52412,26,卖盘
1733,10:56:45,20.17,153285,76,买盘
1734,10:56:48,20.17,191581,95,买盘
1735,10:56:51,20.17,143207,71,买盘
1736,10:56:54,20.16,421434,209,卖盘
1737,10:56:57,20.18,217816,108,买盘
1738,10:57:00,20.17,393474,195,卖盘
1739,10:57:03,20.17,282459,140,卖盘
1740,10:57:06,20.18,252171,125,买盘
1741,10:57:09,20.18,766383,380,买盘
1742,10:57:12,20.18,1252351,621,买盘
1743,10:57:15,20.18,82717,41,买盘
1744,10:57:18,20.18,100890,50,买盘
1745,10:57:21,20.18,147278,73,买盘
1746,10:57:24,20.18,219979,109,买盘
1747,10:57:27,20.18,699938,347,卖盘
1748,10:57:30,20.19,88799,44,买盘
1749,10:57:33,20.19,357219,177,买盘
1750,10:57:36,20.19,260451,129,买盘
1751,10:57:39,20.19,339136,168,买盘
1752,10:57:42,20.2,107010,53,买盘
1753,10:57:45,20.2,109065,54,买盘
1754,10:57:48,20.2,100986,50,买盘
1755,10:57:51,20.2,113114,56,买盘
1756,10:57:54,20.2,127221,63,买盘
1757,10:57:57,20.2,133318,66,买盘
1758,10:58:00,20.19,585442,290,卖盘
1759,10:58:03,20.19,649787,322,买盘
1760,10:58:06,20.17,233909,116,卖盘
1761,10:58:09,20.15,1029836,511,卖盘
1762,10:58:12,20.15,197514,98,卖盘
1763,10:58:15,20.15,68514,34,卖盘
1764,10:58:18,20.16,76575,38,买盘
1765,10:58:21,20.15,187406,93,卖盘
1766,10:58:24,20.15,473581,235,卖盘
1767,10:58:27,20.15,137020,68,买盘
1768,10:58:30,20.15,356655,177,买盘
1769,10:58:33,20.15,817948,406,买盘
1770,10:58:36,20.15,106795,53,买盘
1771,10:58:39,20.15,38289,19,卖盘
1772,10:58:42,20.15,153150,76,卖盘
1773,10:58:45,20.15,108838,54,卖盘
1774,10:58:48,20.16,116925,58,买盘
1775,10:58:51,20.15,380892,189,卖盘
1776,10:58:54,20.16,104811,52,买盘
1777,10:58:57,20.16,44343,22,买盘
1778,10:59:00,20.16,122959,61,卖盘
1779,10:59:03,20.16,116914,58,买盘
1780,10:59:06,20.16,195538,97,买盘
1781,10:59:09,20.16,308424,153,买盘
1782,10:59:12,20.15,1892248,939,卖盘
1783,10:59:15,20.16,465499,231,买盘
1784,10:59:18,20.16,74589,37,买盘
1785,10:59:21,20.15,68512,34,卖盘
1786,10:59:24,20.16,199529,99,买盘
1787,10:59:27,20.16,104801,52,买盘
1788,10:59:30,20.16,205632,102,买盘
1789,10:59:33,20.16,82656,41,卖盘
1790,10:59:36,20.16,110880,55,卖盘
1791,10:59:39,20.16,40320,20,买盘
1792,10:59:42,20.15,769776,382,卖盘
1793,10:59:45,20.16,185456,92,买盘
1794,10:59:48,20.15,92690,46,卖盘
1795,10:59:51,20.16,78613,39,买盘
1796,10:59:54,20.16,137030,68,买盘
1797,10:59:57,20.16,179355,89,买盘
1798,11:00:00,20.16,46368,23,买盘
1799,11:00:03,20.15,2900909,1440,卖盘
1800,11:00:06,20.15,141035,70,买盘
1801,11:00:09,20.14,640733,318,卖盘
1802,11:00:12,20.16,614734,305,买盘
1803,11:00:15,20.17,137121,68,买盘
1804,11:00:18,20.15,671167,333,卖盘
1805,11:00:21,20.17,304451,151,买盘
1806,11:00:24,20.16,24193,12,卖盘
1807,11:00:27,20.18,44386,22,买盘
1808,11:00:30,20.16,399176,198,卖盘
1809,11:00:33,20.17,92773,46,买盘
1810,11:00:36,20.18,506351,251,买盘
1811,11:00:39,20.16,56471,28,卖盘
1812,11:00:42,20.17,46392,23,卖盘
1813,11:00:45,20.18,46408,23,买盘
1814,11:00:48,20.17,68595,34,卖盘
1815,11:00:51,20.17,131114,65,卖盘
1816,11:00:54,20.17,97900,49,卖盘
1817,11:00:57,20.18,291420,144,买盘
1818,11:01:00,20.17,32287,16,中性盘
1819,11:01:03,20.17,68582,34,卖盘
1820,11:01:06,20.17,189657,94,卖盘
1821,11:01:09,20.16,250104,124,卖盘
1822,11:01:12,20.16,149220,74,卖盘
1823,11:01:15,20.16,139111,69,卖盘
1824,11:01:18,20.16,199640,99,卖盘
1825,11:01:21,20.16,18144,9,卖盘
1826,11:01:24,20.17,82664,41,买盘
1827,11:01:27,20.17,24200,12,买盘
1828,11:01:30,20.17,74623,37,买盘
1829,11:01:33,20.17,60486,30,买盘
1830,11:01:36,20.17,118998,59,买盘
1831,11:01:39,20.17,401317,199,买盘
1832,11:01:42,20.16,163328,81,卖盘
1833,11:01:45,20.16,46389,23,卖盘
1834,11:01:48,20.16,74600,37,卖盘
1835,11:01:51,20.17,102818,51,买盘
1836,11:01:54,20.17,195575,97,买盘
1837,11:01:57,20.17,40328,20,中性盘
1838,11:02:00,20.18,94824,47,买盘
1839,11:02:03,20.18,98835,49,买盘
1840,11:02:06,20.19,171558,85,买盘
1841,11:02:09,20.2,79774,40,买盘
1842,11:02:12,20.18,164488,81,卖盘
1843,11:02:15,20.18,271699,135,买盘
1844,11:02:18,20.19,14139,7,中性盘
1845,11:02:21,20.2,145369,72,买盘
1846,11:02:24,20.2,86860,43,买盘
1847,11:02:27,20.2,214063,106,买盘
1848,11:02:30,20.2,96963,48,买盘
1849,11:02:33,20.2,252503,125,卖盘
1850,11:02:36,20.2,60602,30,卖盘
1851,11:02:39,20.21,161667,80,买盘
1852,11:02:42,20.21,392122,194,买盘
1853,11:02:45,20.22,80846,40,买盘
1854,11:02:48,20.2,426357,211,卖盘
1855,11:02:51,20.22,84922,42,买盘
1856,11:02:54,20.22,179958,89,买盘
1857,11:02:57,20.23,103138,51,买盘
1858,11:03:00,20.22,266926,132,卖盘
1859,11:03:03,20.22,145587,72,卖盘
1860,11:03:06,20.23,329727,163,买盘
1861,11:03:09,20.24,87001,43,买盘
1862,11:03:12,20.24,426762,211,买盘
1863,11:03:15,20.24,157796,78,买盘
1864,11:03:18,20.23,107231,53,买盘
1865,11:03:21,20.23,184093,91,买盘
1866,11:03:24,20.23,208369,103,买盘
1867,11:03:27,20.23,34395,17,卖盘
1868,11:03:30,20.23,52599,26,卖盘
1869,11:03:33,20.23,22253,11,买盘
1870,11:03:36,20.22,50558,25,卖盘
1871,11:03:39,20.22,50561,25,卖盘
1872,11:03:42,20.22,481002,238,买盘
1873,11:03:45,20.22,76836,38,买盘
1874,11:03:48,20.21,10105,5,卖盘
1875,11:03:51,20.21,72763,36,卖盘
1876,11:03:54,20.22,715788,354,买盘
1877,11:03:57,20.23,60689,30,买盘
1878,11:04:00,20.22,325545,161,卖盘
1879,11:04:03,20.21,101135,50,卖盘
1880,11:04:06,20.2,179864,89,卖盘
1881,11:04:09,20.21,981770,486,买盘
1882,11:04:12,20.21,36371,18,买盘
1883,11:04:15,20.21,109111,54,买盘
1884,11:04:18,20.21,234368,116,买盘
1885,11:04:21,20.2,179784,89,卖盘
1886,11:04:24,20.2,141428,70,卖盘
1887,11:04:27,20.2,80800,40,卖盘
1888,11:04:30,20.2,145415,72,买盘
1889,11:04:33,20.2,96931,48,买盘
1890,11:04:36,20.2,369658,183,买盘
1891,11:04:39,20.2,127236,63,买盘
1892,11:04:42,20.19,161521,80,卖盘
1893,11:04:45,20.2,102990,51,买盘
1894,11:04:48,20.19,38377,19,卖盘
1895,11:04:51,20.19,4038,2,卖盘
1896,11:04:54,20.19,60596,30,卖盘
1897,11:04:57,20.19,28268,14,卖盘
1898,11:05:00,20.19,60579,30,卖盘
1899,11:05:03,20.19,377707,187,卖盘
1900,11:05:06,20.2,296804,147,买盘
1901,11:05:09,20.2,329206,163,买盘
1902,11:05:12,20.2,72713,36,买盘
1903,11:05:15,20.19,129240,64,卖盘
1904,11:05:18,20.19,252422,125,卖盘
1905,11:05:21,20.19,212063,105,卖盘
1906,11:05:24,20.19,197862,98,卖盘
1907,11:05:27,20.19,48457,24,卖盘
1908,11:05:30,20.18,12113,6,卖盘
1909,11:05:33,20.18,617495,306,卖盘
1910,11:05:36,20.19,131147,65,买盘
1911,11:05:39,20.17,94800,47,卖盘
1912,11:05:42,20.17,85664,42,卖盘
1913,11:05:45,20.17,151274,75,买盘
1914,11:05:48,20.16,74593,37,卖盘
1915,11:05:51,20.17,58475,29,买盘
1916,11:05:54,20.16,122997,61,卖盘
1917,11:05:57,20.17,10085,5,买盘
1918,11:06:00,20.16,118944,59,卖盘
1919,11:06:03,20.17,514316,255,买盘
1920,11:06:06,20.17,141182,70,买盘
1921,11:06:09,20.17,175451,87,买盘
1922,11:06:12,20.18,21249,11,买盘
1923,11:06:15,20.17,137187,68,卖盘
1924,11:06:18,20.17,193711,96,卖盘
1925,11:06:21,20.26,1323725,655,买盘
1926,11:06:24,20.23,178204,88,卖盘
1927,11:06:27,20.21,119346,59,卖盘
1928,11:06:30,20.23,14161,7,中性盘
1929,11:06:33,20.23,97102,48,买盘
1930,11:06:36,20.23,123407,61,买盘
1931,11:06:39,20.23,56628,28,买盘
1932,11:06:42,20.23,60682,30,买盘
1933,11:06:45,20.22,119327,59,卖盘
1934,11:06:48,20.22,204286,101,卖盘
1935,11:06:51,20.23,8092,4,中性盘
1936,11:06:54,20.23,163906,81,卖盘
1937,11:06:57,20.22,66751,33,卖盘
1938,11:07:00,20.23,70788,35,买盘
1939,11:07:03,20.22,34382,17,卖盘
1940,11:07:06,20.22,58644,29,卖盘
1941,11:07:09,20.23,119339,59,买盘
1942,11:07:12,20.22,218400,108,卖盘
1943,11:07:15,20.23,82919,41,买盘
1944,11:07:18,20.23,66761,33,卖盘
1945,11:07:21,20.24,133553,66,买盘
1946,11:07:24,20.25,489649,242,买盘
1947,11:07:27,20.23,64768,32,卖盘
1948,11:07:30,20.25,46555,23,买盘
1949,11:07:33,20.24,36432,18,卖盘
1950,11:07:36,20.24,105237,52,买盘
1951,11:07:39,20.25,180153,89,买盘
1952,11:07:42,20.23,54623,27,卖盘
1953,11:07:45,20.25,1253402,619,买盘
1954,11:07:48,20.24,22275,11,卖盘
1955,11:07:51,20.24,8096,4,卖盘
1956,11:07:54,20.24,68812,34,卖盘
1957,11:07:57,20.25,255026,126,买盘
1958,11:08:00,20.25,210524,104,买盘
1959,11:08:03,20.25,97180,48,买盘
1960,11:08:06,20.25,188278,93,中性盘
1961,11:08:09,20.25,76922,38,买盘
1962,11:08:12,20.24,214556,106,卖盘
1963,11:08:15,20.24,76942,38,卖盘
1964,11:08:18,20.23,72828,36,卖盘
1965,11:08:21,20.23,133527,66,卖盘
1966,11:08:24,20.22,362032,179,卖盘
1967,11:08:27,20.23,149649,74,中性盘
1968,11:08:30,20.22,54636,27,卖盘
1969,11:08:33,20.22,10110,5,卖盘
1970,11:08:36,20.22,93012,46,卖盘
1971,11:08:39,20.22,115261,57,卖盘
1972,11:08:42,20.22,10110,5,卖盘
1973,11:08:45,20.22,6067,3,卖盘
1974,11:08:48,20.23,305467,151,买盘
1975,11:08:51,20.23,64736,32,卖盘
1976,11:08:54,20.22,270995,134,卖盘
1977,11:08:57,20.21,20216,10,卖盘
1978,11:09:00,20.22,2022,1,买盘
1979,11:09:03,20.21,60635,30,卖盘
1980,11:09:06,20.21,125317,62,卖盘
1981,11:09:09,20.21,44462,22,买盘
1982,11:09:12,20.21,22231,11,买盘
1983,11:09:15,20.2,54560,27,卖盘
1984,11:09:18,20.2,127265,63,卖盘
1985,11:09:21,20.2,119187,59,卖盘
1986,11:09:24,20.21,254646,126,买盘
1987,11:09:27,20.21,171785,85,卖盘
1988,11:09:30,20.21,454726,225,卖盘
1989,11:09:33,20.21,507414,251,卖盘
1990,11:09:36,20.21,270830,134,卖盘
1991,11:09:39,20.21,113169,56,卖盘
1992,11:09:42,20.21,68715,34,卖盘
1993,11:09:45,20.2,54548,27,卖盘
1994,11:09:48,20.2,60612,30,卖盘
1995,11:09:51,20.21,147467,73,买盘
1996,11:09:54,20.2,224318,111,卖盘
1997,11:09:57,20.2,193923,96,卖盘
1998,11:10:00,20.2,195940,97,卖盘
1999,11:10:03,20.2,10100,5,买盘
2000,11:10:06,20.19,64620,32,卖盘
2001,11:10:09,20.19,4037,2,买盘
2002,11:10:12,20.18,78750,39,卖盘
2003,11:10:15,20.18,238131,118,卖盘
2004,11:10:18,20.18,66594,33,卖盘
2005,11:10:21,20.18,143278,71,买盘
2006,11:10:24,20.18,114980,57,买盘
2007,11:10:27,20.18,140124,69,买盘
2008,11:10:30,20.17,414801,206,中性盘
2009,11:10:33,20.18,4036,2,中性盘
2010,11:10:36,20.18,38355,19,卖盘
2011,11:10:39,20.18,36324,18,卖盘
2012,11:10:42,20.18,98881,49,卖盘
2013,11:10:45,20.18,187692,93,买盘
2014,11:10:48,20.2,137248,68,买盘
2015,11:10:51,20.19,149426,74,卖盘
2016,11:10:54,20.19,12114,6,卖盘
2017,11:10:57,20.19,22209,11,卖盘
2018,11:11:00,20.19,22208,11,买盘
2019,11:11:03,20.18,86777,43,卖盘
2020,11:11:06,20.18,10090,5,买盘
2021,11:11:09,20.17,62544,31,卖盘
2022,11:11:12,20.17,112980,56,卖盘
2023,11:11:15,20.18,262221,130,买盘
2024,11:11:18,20.17,180441,89,卖盘
2025,11:11:21,20.16,20168,10,卖盘
2026,11:11:24,20.16,127055,63,卖盘
2027,11:11:27,20.16,157248,78,卖盘
2028,11:11:30,20.16,28224,14,卖盘
2029,11:11:33,20.17,193543,96,买盘
2030,11:11:36,20.16,82659,41,卖盘
2031,11:11:39,20.16,46384,23,卖盘
2032,11:11:42,20.16,346793,172,卖盘
2033,11:11:45,20.16,743984,369,卖盘
2034,11:11:48,20.17,22180,11,卖盘
2035,11:11:51,20.18,44378,22,买盘
2036,11:11:54,20.18,36308,18,买盘
2037,11:11:57,20.17,137158,68,卖盘
2038,11:12:00,20.18,62538,31,买盘
2039,11:12:03,20.17,119003,59,卖盘
2040,11:12:06,20.18,408717,203,买盘
2041,11:12:09,20.18,399370,198,中性盘
2042,11:12:12,20.17,36317,18,卖盘
2043,11:12:15,20.18,48423,24,卖盘
2044,11:12:18,20.18,191668,95,卖盘
2045,11:12:21,20.18,115031,57,卖盘
2046,11:12:24,20.19,290603,144,买盘
2047,11:12:27,20.19,8076,4,买盘
2048,11:12:30,20.18,250249,124,卖盘
2049,11:12:33,20.18,72648,36,买盘
2050,11:12:36,20.18,22190,11,买盘
2051,11:12:39,20.18,24216,12,买盘
2052,11:12:42,20.17,88791,44,卖盘
2053,11:12:45,20.18,84756,42,买盘
2054,11:12:48,20.18,52462,26,买盘
2055,11:12:51,20.17,80707,40,卖盘
2056,11:12:54,20.17,189617,94,卖盘
2057,11:12:57,20.18,78696,39,买盘
2058,11:13:00,20.18,44396,22,买盘
2059,11:13:03,20.19,918238,455,买盘
2060,11:13:06,20.2,395892,196,买盘
2061,11:13:09,20.21,117201,58,买盘
2062,11:13:12,20.2,62645,31,卖盘
2063,11:13:15,20.21,28281,14,买盘
2064,11:13:18,20.2,24240,12,卖盘
2065,11:13:21,20.2,42420,21,买盘
2066,11:13:24,20.2,52499,26,买盘
2067,11:13:27,20.19,349531,173,卖盘
2068,11:13:30,20.2,2020,1,中性盘
2069,11:13:33,20.2,14140,7,卖盘
2070,11:13:36,20.2,48470,24,买盘
2071,11:13:39,20.2,12120,6,买盘
2072,11:13:42,20.19,20195,10,卖盘
2073,11:13:45,20.19,222102,110,卖盘
2074,11:13:48,20.2,86849,43,买盘
2075,11:13:51,20.19,12116,6,中性盘
2076,11:13:54,20.2,8079,4,买盘
2077,11:13:57,20.2,90869,45,买盘
2078,11:14:00,20.2,74740,37,买盘
2079,11:14:03,20.19,161484,80,卖盘
2080,11:14:06,20.19,86818,43,卖盘
2081,11:14:09,20.19,76722,38,买盘
2082,11:14:12,20.2,46434,23,买盘
2083,11:14:15,20.19,32304,16,卖盘
2084,11:14:18,20.19,82783,41,买盘
2085,11:14:21,20.2,179694,89,买盘
2086,11:14:24,20.19,86823,43,卖盘
2087,11:14:27,20.19,22217,11,卖盘
2088,11:14:30,20.19,46442,23,卖盘
2089,11:14:33,20.19,153468,76,卖盘
2090,11:14:36,20.19,224110,111,卖盘
2091,11:14:39,20.19,8076,4,买盘
2092,11:14:42,20.19,217986,108,买盘
2093,11:14:45,20.19,86798,43,买盘
2094,11:14:48,20.19,393700,195,买盘
2095,11:14:51,20.19,215980,107,买盘
2096,11:14:54,20.19,127155,63,买盘
2097,11:14:57,20.19,320884,159,买盘
2098,11:15:00,20.19,20191,10,买盘
2099,11:15:03,20.2,30286,15,买盘
2100,11:15:06,20.19,28264,14,卖盘
2101,11:15:09,20.19,193824,96,卖盘
2102,11:15:12,20.19,218114,108,卖盘
2103,11:15:15,20.19,60570,30,买盘
2104,11:15:18,20.19,60565,30,买盘
2105,11:15:21,20.19,66627,33,买盘
2106,11:15:24,20.19,349150,173,卖盘
2107,11:15:27,20.18,123113,61,卖盘
2108,11:15:30,20.19,44406,22,中性盘
2109,11:15:33,20.18,22203,11,卖盘
2110,11:15:36,20.18,44396,22,卖盘
2111,11:15:39,20.18,42383,21,卖盘
2112,11:15:42,20.18,113012,56,卖盘
2113,11:15:45,20.17,44390,22,卖盘
2114,11:15:48,20.18,32274,16,买盘
2115,11:15:51,20.18,20179,10,买盘
2116,11:15:54,20.17,46406,23,卖盘
2117,11:15:57,20.18,391300,194,买盘
2118,11:16:00,20.17,114982,57,卖盘
2119,11:16:03,20.17,250108,124,卖盘
2120,11:16:06,20.17,56494,28,卖盘
2121,11:16:09,20.17,1266683,628,卖盘
2122,11:16:12,20.17,48401,24,买盘
2123,11:16:15,20.17,2451523,1216,买盘
2124,11:16:18,20.16,199679,99,卖盘
2125,11:16:21,20.17,78639,39,买盘
2126,11:16:24,20.17,10084,5,买盘
2127,11:16:27,20.17,147169,73,买盘
2128,11:16:30,20.17,127066,63,买盘
2129,11:16:33,20.16,465698,231,卖盘
2130,11:16:36,20.16,22176,11,买盘
2131,11:16:39,20.15,147139,73,卖盘
2132,11:16:42,20.15,66510,33,卖盘
2133,11:16:45,20.15,78592,39,卖盘
2134,11:16:48,20.16,443323,220,买盘
2135,11:16:51,20.15,106823,53,卖盘
2136,11:16:54,20.15,74560,37,卖盘
2137,11:16:57,20.15,58445,29,卖盘
2138,11:17:00,20.15,163216,81,卖盘
2139,11:17:03,20.16,245917,122,买盘
2140,11:17:06,20.15,290165,144,卖盘
2141,11:17:09,20.15,260018,129,卖盘
2142,11:17:12,20.16,38294,19,买盘
2143,11:17:15,20.17,477764,237,买盘
2144,11:17:18,20.17,28230,14,买盘
2145,11:17:21,20.17,137156,68,买盘
2146,11:17:24,20.17,54446,27,买盘
2147,11:17:27,20.16,34287,17,卖盘
2148,11:17:30,20.17,163328,81,买盘
2149,11:17:33,20.17,383092,190,买盘
2150,11:17:36,20.17,100840,50,买盘
2151,11:17:39,20.16,149192,74,卖盘
2152,11:17:42,20.17,151275,75,买盘
2153,11:17:45,20.17,157321,78,买盘
2154,11:17:48,20.17,161360,80,买盘
2155,11:17:51,20.17,90745,45,买盘
2156,11:17:54,20.16,155308,77,卖盘
2157,11:17:57,20.17,88745,44,买盘
2158,11:18:00,20.17,52432,26,买盘
2159,11:18:03,20.16,239917,119,卖盘
2160,11:18:06,20.17,26216,13,买盘
2161,11:18:09,20.17,133117,66,买盘
2162,11:18:12,20.17,272251,135,买盘
2163,11:18:15,20.17,477858,237,买盘
2164,11:18:18,20.18,215765,107,买盘
2165,11:18:21,20.17,32272,16,卖盘
2166,11:18:24,20.17,54473,27,卖盘
2167,11:18:27,20.17,8071,4,卖盘
2168,11:18:30,20.18,201795,100,买盘
2169,11:18:33,20.18,36323,18,买盘
2170,11:18:36,20.17,361095,179,卖盘
2171,11:18:39,20.18,68612,34,卖盘
2172,11:18:42,20.18,24216,12,买盘
2173,11:18:45,20.17,102887,51,卖盘
2174,11:18:48,20.18,34320,17,卖盘
2175,11:18:51,20.18,131196,65,卖盘
2176,11:18:54,20.19,54498,27,买盘
2177,11:18:57,20.19,32295,16,买盘
2178,11:19:00,20.2,117066,58,买盘
2179,11:19:03,20.19,4038,2,中性盘
2180,11:19:06,20.18,42380,21,卖盘
2181,11:19:09,20.19,66632,33,卖盘
2182,11:19:12,20.19,8076,4,卖盘
2183,11:19:15,20.2,24239,12,买盘
2184,11:19:18,20.19,266553,132,卖盘
2185,11:19:21,20.19,224087,111,买盘
2186,11:19:24,20.19,139289,69,买盘
2187,11:19:27,20.19,165553,82,买盘
2188,11:19:30,20.18,569127,282,卖盘
2189,11:19:33,20.19,50451,25,买盘
2190,11:19:36,20.18,40360,20,卖盘
2191,11:19:39,20.19,254382,126,买盘
2192,11:19:42,20.18,236166,117,卖盘
2193,11:19:45,20.22,1687353,835,买盘
2194,11:19:48,20.22,32324,16,买盘
2195,11:19:51,20.2,94940,47,卖盘
2196,11:19:54,20.22,24264,12,买盘
2197,11:19:57,20.2,68711,34,卖盘
2198,11:20:00,20.22,159736,79,买盘
2199,11:20:03,20.2,78830,39,卖盘
2200,11:20:06,20.2,70705,35,卖盘
2201,11:20:09,20.22,141422,70,买盘
2202,11:20:12,20.21,20202,10,中性盘
2203,11:20:15,20.2,151590,75,卖盘
2204,11:20:18,20.2,62626,31,卖盘
2205,11:20:21,20.22,107117,53,买盘
2206,11:20:24,20.22,20220,10,买盘
2207,11:20:27,20.21,28298,14,卖盘
2208,11:20:30,20.21,44462,22,卖盘
2209,11:20:33,20.21,18189,9,卖盘
2210,11:20:36,20.2,567620,281,卖盘
2211,11:20:39,20.2,20200,10,买盘
2212,11:20:42,20.2,34326,17,买盘
2213,11:20:45,20.2,208060,103,买盘
2214,11:20:48,20.2,599940,297,买盘
2215,11:20:51,20.21,309053,153,买盘
2216,11:20:54,20.21,32326,16,买盘
2217,11:20:57,20.2,14140,7,卖盘
2218,11:21:00,20.21,20209,10,买盘
2219,11:21:03,20.2,50524,25,卖盘
2220,11:21:06,20.2,10103,5,卖盘
2221,11:21:09,20.2,88923,44,卖盘
2222,11:21:12,20.21,30306,15,买盘
2223,11:21:15,20.21,199998,99,买盘
2224,11:21:18,20.21,123280,61,买盘
2225,11:21:21,20.21,26273,13,买盘
2226,11:21:24,20.2,70732,35,卖盘
2227,11:21:27,20.21,66688,33,买盘
2228,11:21:30,20.21,101046,50,买盘
2229,11:21:36,20.21,74756,37,买盘
2230,11:21:39,20.21,46482,23,买盘
2231,11:21:42,20.21,94964,47,买盘
2232,11:21:45,20.21,82861,41,买盘
2233,11:21:48,20.21,12126,6,卖盘
2234,11:21:51,20.21,481161,238,卖盘
2235,11:21:54,20.22,204153,101,买盘
2236,11:21:57,20.21,26282,13,卖盘
2237,11:22:00,20.22,95066,47,卖盘
2238,11:22:03,20.21,54592,27,卖盘
2239,11:22:06,20.23,143611,71,买盘
2240,11:22:09,20.25,856501,423,买盘
2241,11:22:12,20.25,170162,84,卖盘
2242,11:22:15,20.26,880489,435,买盘
2243,11:22:18,20.25,30375,15,买盘
2244,11:22:21,20.24,190336,94,卖盘
2245,11:22:24,20.24,133646,66,卖盘
2246,11:22:27,20.25,198416,98,买盘
2247,11:22:30,20.24,477453,236,卖盘
2248,11:22:33,20.24,14171,7,买盘
2249,11:22:36,20.23,18216,9,卖盘
2250,11:22:39,20.25,95164,47,买盘
2251,11:22:42,20.25,52638,26,买盘
2252,11:22:45,20.24,42506,21,卖盘
2253,11:22:48,20.25,139667,69,买盘
2254,11:22:51,20.25,91096,45,买盘
2255,11:22:54,20.24,58715,29,卖盘
2256,11:22:57,20.24,236809,117,卖盘
2257,11:23:00,20.24,78947,39,卖盘
2258,11:23:03,20.23,2023,1,卖盘
2259,11:23:06,20.24,62740,31,买盘
2260,11:23:09,20.23,103195,51,卖盘
2261,11:23:12,20.23,22253,11,卖盘
2262,11:23:15,20.23,214481,106,卖盘
2263,11:23:18,20.23,70807,35,卖盘
2264,11:23:21,20.23,159867,79,卖盘
2265,11:23:24,20.23,84975,42,买盘
2266,11:23:27,20.22,764625,378,卖盘
2267,11:23:30,20.22,97043,48,买盘
2268,11:23:33,20.22,26287,13,卖盘
2269,11:23:36,20.21,565982,280,卖盘
2270,11:23:39,20.23,82938,41,买盘
2271,11:23:42,20.22,64704,32,卖盘
2272,11:23:45,20.22,127444,63,买盘
2273,11:23:48,20.23,14159,7,买盘
2274,11:23:51,20.22,54594,27,卖盘
2275,11:23:54,20.22,30330,15,卖盘
2276,11:23:57,20.22,109239,54,卖盘
2277,11:24:00,20.22,40448,20,卖盘
2278,11:24:03,20.23,10112,5,买盘
2279,11:24:06,20.23,264913,131,买盘
2280,11:24:12,20.23,10115,5,买盘
2281,11:24:15,20.22,145585,72,卖盘
2282,11:24:18,20.22,10110,5,买盘
2283,11:24:21,20.22,99053,49,买盘
2284,11:24:24,20.22,42444,21,买盘
2285,11:24:27,20.22,74810,37,买盘
2286,11:24:30,20.21,36380,18,卖盘
2287,11:24:33,20.22,26281,13,买盘
2288,11:24:36,20.22,54571,27,买盘
2289,11:24:39,20.22,64696,32,买盘
2290,11:24:42,20.21,4042,2,卖盘
2291,11:24:45,20.21,155640,77,卖盘
2292,11:24:48,20.21,327410,162,卖盘
2293,11:24:51,20.2,22226,11,卖盘
2294,11:24:54,20.21,199992,99,买盘
2295,11:24:57,20.21,14141,7,买盘
2296,11:25:00,20.21,28288,14,买盘
2297,11:25:03,20.2,844376,418,卖盘
2298,11:25:06,20.2,86860,43,卖盘
2299,11:25:09,20.2,193920,96,卖盘
2300,11:25:15,20.2,36360,18,买盘
2301,11:25:18,20.19,117146,58,卖盘
2302,11:25:21,20.19,107011,53,卖盘
2303,11:25:24,20.19,18171,9,买盘
2304,11:25:27,20.18,448001,222,卖盘
2305,11:25:30,20.17,44395,22,卖盘
2306,11:25:33,20.18,427833,212,买盘
2307,11:25:36,20.18,90818,45,卖盘
2308,11:25:39,20.18,64578,32,卖盘
2309,11:25:42,20.19,94890,47,买盘
2310,11:25:45,20.18,26245,13,卖盘
2311,11:25:48,20.2,240269,119,买盘
2312,11:25:51,20.2,62605,31,买盘
2313,11:25:54,20.2,355189,176,买盘
2314,11:25:57,20.19,167517,83,卖盘
2315,11:26:00,20.2,44422,22,买盘
2316,11:26:03,20.19,8076,4,卖盘
2317,11:26:06,20.19,32304,16,买盘
2318,11:26:09,20.18,78713,39,卖盘
2319,11:26:12,20.2,18173,9,买盘
2320,11:26:15,20.19,4038,2,卖盘
2321,11:26:18,20.19,84822,42,卖盘
2322,11:26:21,20.18,80758,40,卖盘
2323,11:26:24,20.18,70667,35,卖盘
2324,11:26:27,20.2,10099,5,买盘
2325,11:26:30,20.19,24237,12,卖盘
2326,11:26:33,20.19,2019,1,买盘
2327,11:26:36,20.18,78714,39,卖盘
2328,11:26:39,20.18,26238,13,卖盘
2329,11:26:42,20.18,104954,52,卖盘
2330,11:26:45,20.19,30276,15,买盘
2331,11:26:48,20.18,2018,1,卖盘
2332,11:26:51,20.19,24227,12,买盘
2333,11:26:54,20.18,296771,147,卖盘
2334,11:26:57,20.18,42392,21,卖盘
2335,11:27:00,20.19,2019,1,中性盘
2336,11:27:03,20.2,96884,48,买盘
2337,11:27:06,20.19,36348,18,卖盘
2338,11:27:09,20.19,147382,73,买盘
2339,11:27:12,20.19,173634,86,买盘
2340,11:27:15,20.19,60564,30,卖盘
2341,11:27:18,20.19,46428,23,买盘
2342,11:27:21,20.18,80754,40,卖盘
2343,11:27:24,20.18,100931,50,卖盘
2344,11:27:27,20.19,50463,25,卖盘
2345,11:27:30,20.19,30286,15,卖盘
2346,11:27:33,20.19,111011,55,买盘
2347,11:27:36,20.19,4038,2,买盘
2348,11:27:39,20.19,22208,11,买盘
2349,11:27:42,20.2,167660,83,买盘
2350,11:27:45,20.2,52514,26,买盘
2351,11:27:48,20.19,22213,11,卖盘
2352,11:27:54,20.2,113079,56,买盘
2353,11:27:57,20.19,82789,41,卖盘
2354,11:28:00,20.19,24228,12,卖盘
2355,11:28:03,20.21,963541,477,买盘
2356,11:28:06,20.19,147446,73,卖盘
2357,11:28:09,20.21,34343,17,买盘
2358,11:28:12,20.2,123249,61,卖盘
2359,11:28:15,20.2,54540,27,卖盘
2360,11:28:18,20.19,153550,76,卖盘
2361,11:28:21,20.2,56561,28,中性盘
2362,11:28:24,20.19,2019,1,卖盘
2363,11:28:27,20.19,58552,29,卖盘
2364,11:28:30,20.2,288769,143,买盘
2365,11:28:33,20.19,173634,86,卖盘
2366,11:28:36,20.19,117102,58,买盘
2367,11:28:39,20.19,107053,53,卖盘
2368,11:28:42,20.2,90900,45,买盘
2369,11:28:45,20.19,137300,68,卖盘
2370,11:28:48,20.18,613948,304,卖盘
2371,11:28:51,20.19,76717,38,买盘
2372,11:28:54,20.19,133254,66,卖盘
2373,11:28:57,20.19,8076,4,卖盘
2374,11:29:00,20.2,151437,75,买盘
2375,11:29:03,20.2,16160,8,买盘
2376,11:29:06,20.2,143307,71,买盘
2377,11:29:09,20.19,76722,38,卖盘
2378,11:29:12,20.2,343362,170,买盘
2379,11:29:15,20.19,18175,9,中性盘
2380,11:29:18,20.19,62569,31,买盘
2381,11:29:21,20.19,60566,30,买盘
2382,11:29:24,20.19,102972,51,卖盘
2383,11:29:27,20.19,26239,13,买盘
2384,11:29:30,20.19,70665,35,买盘
2385,11:29:33,20.19,161487,80,买盘
2386,11:29:36,20.18,123100,61,卖盘
2387,11:29:39,20.18,64605,32,卖盘
2388,11:29:42,20.18,82738,41,卖盘
2389,11:29:45,20.18,288628,143,卖盘
2390,11:29:48,20.19,56516,28,买盘
2391,11:29:51,20.19,34322,17,买盘
2392,11:29:54,20.19,82778,41,买盘
2393,11:30:00,20.18,66626,33,卖盘
2394,13:00:00,20.2,1847483,915,买盘
2395,13:00:03,20.2,1424064,705,卖盘
2396,13:00:06,20.22,66675,33,买盘
2397,13:00:09,20.2,36377,18,卖盘
2398,13:00:12,20.21,208260,103,买盘
2399,13:00:15,20.21,30320,15,卖盘
2400,13:00:18,20.22,190053,94,买盘
2401,13:00:21,20.21,268717,133,卖盘
2402,13:00:24,20.22,50550,25,买盘
2403,13:00:27,20.22,66725,33,买盘
2404,13:00:30,20.22,149627,74,买盘
2405,13:00:33,20.23,66727,33,买盘
2406,13:00:36,20.23,82938,41,买盘
2407,13:00:39,20.24,218485,108,买盘
2408,13:00:42,20.23,105219,52,卖盘
2409,13:00:45,20.24,24288,12,卖盘
2410,13:00:48,20.25,30365,15,买盘
2411,13:00:51,20.25,204525,101,买盘
2412,13:00:54,20.25,111380,55,卖盘
2413,13:00:57,20.25,109350,54,卖盘
2414,13:01:00,20.24,123515,61,卖盘
2415,13:01:03,20.24,16199,8,卖盘
2416,13:01:06,20.24,97184,48,卖盘
2417,13:01:09,20.24,117435,58,卖盘
2418,13:01:12,20.24,232771,115,买盘
2419,13:01:15,20.25,481602,238,买盘
2420,13:01:18,20.25,32387,16,卖盘
2421,13:01:21,20.25,254250,126,卖盘
2422,13:01:24,20.25,30369,15,买盘
2423,13:01:27,20.23,89077,44,卖盘
2424,13:01:30,20.25,42518,21,买盘
2425,13:01:33,20.24,20245,10,卖盘
2426,13:01:36,20.24,34418,17,中性盘
2427,13:01:39,20.25,26313,13,买盘
2428,13:01:42,20.25,370073,183,买盘
2429,13:01:45,20.25,16199,8,买盘
2430,13:01:48,20.24,66814,33,卖盘
2431,13:01:51,20.25,2025,1,买盘
2432,13:01:54,20.23,93093,46,卖盘
2433,13:01:57,20.21,474839,235,卖盘
2434,13:02:00,20.21,333622,165,买盘
2435,13:02:03,20.21,58609,29,卖盘
2436,13:02:06,20.21,60640,30,卖盘
2437,13:02:09,20.2,180616,89,卖盘
2438,13:02:12,20.21,142596,71,买盘
2439,13:02:15,20.2,2029238,1005,卖盘
2440,13:02:18,20.2,136537,68,买盘
2441,13:02:21,20.2,151485,75,卖盘
2442,13:02:24,20.18,2145879,1064,卖盘
2443,13:02:27,20.19,14132,7,买盘
2444,13:02:30,20.18,12108,6,卖盘
2445,13:02:33,20.18,86758,43,买盘
2446,13:02:36,20.16,133171,66,卖盘
2447,13:02:39,20.18,228008,113,买盘
2448,13:02:42,20.19,66618,33,买盘
2449,13:02:45,20.18,16149,8,卖盘
2450,13:02:48,20.18,24222,12,卖盘
2451,13:02:51,20.18,379394,188,卖盘
2452,13:02:54,20.18,66615,33,卖盘
2453,13:02:57,20.18,28252,14,卖盘
2454,13:03:00,20.18,516611,256,卖盘
2455,13:03:03,20.18,115065,57,卖盘
2456,13:03:06,20.18,32288,16,买盘
2457,13:03:09,20.18,139229,69,买盘
2458,13:03:12,20.18,70630,35,买盘
2459,13:03:15,20.18,24226,12,卖盘
2460,13:03:18,20.18,72648,36,卖盘
2461,13:03:21,20.18,92840,46,卖盘
2462,13:03:24,20.19,68613,34,中性盘
2463,13:03:27,20.2,34326,17,买盘
2464,13:03:30,20.19,26247,13,卖盘
2465,13:03:33,20.2,28276,14,买盘
2466,13:03:36,20.19,72706,36,卖盘
2467,13:03:39,20.2,28279,14,买盘
2468,13:03:42,20.2,220144,109,买盘
2469,13:03:45,20.19,92904,46,卖盘
2470,13:03:48,20.21,56569,28,买盘
2471,13:03:51,20.21,64669,32,买盘
2472,13:03:54,20.21,32334,16,买盘
2473,13:03:57,20.22,82854,41,买盘
2474,13:04:00,20.21,82861,41,卖盘
2475,13:04:03,20.2,202073,100,卖盘
2476,13:04:06,20.21,264636,131,买盘
2477,13:04:09,20.21,52541,26,卖盘
2478,13:04:12,20.21,80836,40,买盘
2479,13:04:15,20.21,24252,12,买盘
2480,13:04:18,20.2,58590,29,卖盘
2481,13:04:21,20.2,82845,41,买盘
2482,13:04:24,20.19,96931,48,卖盘
2483,13:04:27,20.2,12120,6,卖盘
2484,13:04:30,20.21,70718,35,买盘
2485,13:04:33,20.2,20205,10,卖盘
2486,13:04:36,20.2,139407,69,买盘
2487,13:04:39,20.2,58580,29,中性盘
2488,13:04:42,20.2,30300,15,卖盘
2489,13:04:45,20.2,155575,77,卖盘
2490,13:04:48,20.2,107038,53,卖盘
2491,13:04:51,20.2,88885,44,卖盘
2492,13:04:54,20.2,115140,57,买盘
2493,13:04:57,20.2,22220,11,买盘
2494,13:05:00,20.2,46460,23,买盘
2495,13:05:03,20.2,88869,44,买盘
2496,13:05:06,20.2,161579,80,买盘
2497,13:05:09,20.19,153599,76,卖盘
2498,13:05:12,20.2,12120,6,卖盘
2499,13:05:15,20.2,101005,50,卖盘
2500,13:05:18,20.21,64654,32,买盘
2501,13:05:21,20.2,60615,30,卖盘
2502,13:05:24,20.21,40403,20,买盘
2503,13:05:27,20.21,22230,11,买盘
2504,13:05:30,20.2,26265,13,卖盘
2505,13:05:33,20.21,64643,32,买盘
2506,13:05:36,20.2,26261,13,卖盘
2507,13:05:39,20.2,34345,17,卖盘
2508,13:05:42,20.21,28283,14,买盘
2509,13:05:45,20.21,56573,28,买盘
2510,13:05:48,20.2,44446,22,卖盘
2511,13:05:51,20.2,34343,17,卖盘
2512,13:05:54,20.21,177808,88,买盘
2513,13:05:57,20.21,28286,14,买盘
2514,13:06:00,20.21,224251,111,买盘
2515,13:06:03,20.2,68685,34,卖盘
2516,13:06:06,20.2,30303,15,卖盘
2517,13:06:09,20.21,97008,48,买盘
2518,13:06:12,20.21,74772,37,买盘
2519,13:06:15,20.21,32331,16,买盘
2520,13:06:18,20.2,159645,79,卖盘
2521,13:06:21,20.2,290941,144,卖盘
2522,13:06:24,20.22,38414,19,买盘
2523,13:06:27,20.21,68695,34,卖盘
2524,13:06:30,20.21,46487,23,卖盘
2525,13:06:33,20.21,109139,54,卖盘
2526,13:06:36,20.21,64686,32,卖盘
2527,13:06:39,20.21,96995,48,买盘
2528,13:06:42,20.21,28294,14,中性盘
2529,13:06:45,20.21,10109,5,卖盘
2530,13:06:48,20.21,62674,31,卖盘
2531,13:06:51,20.23,115227,57,买盘
2532,13:06:54,20.21,66737,33,卖盘
2533,13:06:57,20.22,2022,1,中性盘
2534,13:07:00,20.23,66740,33,买盘
2535,13:07:03,20.23,121354,60,买盘
2536,13:07:06,20.22,89011,44,卖盘
2537,13:07:09,20.22,204276,101,卖盘
2538,13:07:12,20.22,54603,27,卖盘
2539,13:07:15,20.24,497423,246,买盘
2540,13:07:18,20.21,2133356,1056,卖盘
2541,13:07:21,20.2,592049,293,卖盘
2542,13:07:24,20.2,84840,42,买盘
2543,13:07:27,20.21,321481,159,买盘
2544,13:07:30,20.2,52540,26,卖盘
2545,13:07:33,20.2,64647,32,卖盘
2546,13:07:36,20.2,18181,9,卖盘
2547,13:07:39,20.2,183839,91,卖盘
2548,13:07:42,20.2,86865,43,卖盘
2549,13:07:45,20.2,82820,41,买盘
2550,13:07:48,20.2,119180,59,买盘
2551,13:07:51,20.21,151567,75,买盘
2552,13:07:54,20.2,113074,56,卖盘
2553,13:07:57,20.2,30303,15,卖盘
2554,13:08:00,20.21,22226,11,买盘
2555,13:08:03,20.21,109133,54,买盘
2556,13:08:06,20.21,4042,2,卖盘
2557,13:08:09,20.22,64704,32,买盘
2558,13:08:12,20.22,86974,43,卖盘
2559,13:08:15,20.22,48541,24,卖盘
2560,13:08:18,20.22,157731,78,卖盘
2561,13:08:21,20.23,14161,7,买盘
2562,13:08:24,20.22,303308,150,卖盘
2563,13:08:27,20.22,125364,62,买盘
2564,13:08:30,20.22,224476,111,买盘
2565,13:08:33,20.23,20221,10,买盘
2566,13:08:36,20.23,74819,37,买盘
2567,13:08:39,20.22,90998,45,卖盘
2568,13:08:42,20.21,58635,29,卖盘
2569,13:08:45,20.22,26280,13,买盘
2570,13:08:48,20.21,113207,56,卖盘
2571,13:08:51,20.21,54584,27,卖盘
2572,13:08:54,20.21,30315,15,卖盘
2573,13:08:57,20.22,82878,41,买盘
2574,13:09:00,20.22,14154,7,卖盘
2575,13:09:03,20.23,650795,322,买盘
2576,13:09:06,20.22,109138,54,买盘
2577,13:09:12,20.23,762871,377,买盘
2578,13:09:15,20.24,10115,5,买盘
2579,13:09:18,20.22,105144,52,卖盘
2580,13:09:21,20.24,18216,9,买盘
2581,13:09:24,20.24,32384,16,买盘
2582,13:09:27,20.25,321924,159,买盘
2583,13:09:30,20.26,20260,10,买盘
2584,13:09:33,20.26,87116,43,买盘
2585,13:09:36,20.26,143846,71,买盘
2586,13:09:39,20.26,44582,22,买盘
2587,13:09:42,20.25,1601798,791,卖盘
2588,13:09:45,20.25,60750,30,买盘
2589,13:09:48,20.24,54667,27,卖盘
2590,13:09:51,20.26,281480,139,买盘
2591,13:09:54,20.25,36431,18,中性盘
2592,13:09:57,20.23,93069,46,卖盘
2593,13:10:00,20.22,204222,101,卖盘
2594,13:10:03,20.2,1696843,840,卖盘
2595,13:10:06,20.22,594370,294,买盘
2596,13:10:09,20.22,24255,12,买盘
2597,13:10:12,20.22,40431,20,买盘
2598,13:10:15,20.22,44479,22,买盘
2599,13:10:18,20.2,181881,90,卖盘
2600,13:10:21,20.21,30314,15,买盘
2601,13:10:24,20.21,32328,16,买盘
2602,13:10:27,20.2,115153,57,卖盘
2603,13:10:30,20.21,72756,36,买盘
2604,13:10:33,20.21,48504,24,卖盘
2605,13:10:36,20.22,8086,4,买盘
2606,13:10:42,20.21,388012,192,卖盘
2607,13:10:45,20.21,92944,46,卖盘
2608,13:10:48,20.22,62672,31,买盘
2609,13:10:51,20.22,347786,172,买盘
2610,13:10:54,20.21,766377,379,卖盘
2611,13:10:57,20.21,388054,192,卖盘
2612,13:11:00,20.2,80826,40,卖盘
2613,13:11:03,20.2,735254,364,卖盘
2614,13:11:06,20.19,34334,17,卖盘
2615,13:11:09,20.19,250459,124,卖盘
2616,13:11:12,20.19,84827,42,卖盘
2617,13:11:15,20.2,316996,157,买盘
2618,13:11:18,20.19,24237,12,卖盘
2619,13:11:24,20.19,153467,76,卖盘
2620,13:11:27,20.19,121141,60,卖盘
2621,13:11:30,20.19,24228,12,买盘
2622,13:11:33,20.19,8075,4,买盘
2623,13:11:36,20.18,240188,119,卖盘
2624,13:11:39,20.18,48434,24,卖盘
2625,13:11:42,20.18,179617,89,卖盘
2626,13:11:45,20.18,52483,26,卖盘
2627,13:11:48,20.18,145300,72,卖盘
2628,13:11:51,20.18,262355,130,卖盘
2629,13:11:54,20.18,641724,318,卖盘
2630,13:11:57,20.18,88792,44,卖盘
2631,13:12:00,20.18,169512,84,卖盘
2632,13:12:03,20.19,1164389,577,买盘
2633,13:12:06,20.18,395528,196,卖盘
2634,13:12:09,20.18,102918,51,买盘
2635,13:12:12,20.18,236048,117,买盘
2636,13:12:15,20.18,240053,119,买盘
2637,13:12:18,20.18,16143,8,买盘
2638,13:12:21,20.18,339014,168,买盘
2639,13:12:24,20.18,127157,63,买盘
2640,13:12:27,20.18,76688,38,卖盘
2641,13:12:30,20.18,12108,6,卖盘
2642,13:12:33,20.18,26236,13,卖盘
2643,13:12:36,20.19,64585,32,买盘
2644,13:12:39,20.18,78713,39,卖盘
2645,13:12:42,20.18,236121,117,卖盘
2646,13:12:45,20.18,78702,39,买盘
2647,13:12:48,20.18,58521,29,买盘
2648,13:12:51,20.17,175499,87,卖盘
2649,13:12:54,20.17,62539,31,卖盘
2650,13:12:57,20.17,44385,22,卖盘
2651,13:13:00,20.17,383231,190,卖盘
2652,13:13:03,20.18,42374,21,买盘
2653,13:13:06,20.18,165427,82,买盘
2654,13:13:09,20.17,171474,85,卖盘
2655,13:13:12,20.17,90776,45,卖盘
2656,13:13:15,20.17,68583,34,卖盘
2657,13:13:18,20.17,463913,230,卖盘
2658,13:13:21,20.17,387295,192,卖盘
2659,13:13:24,20.17,314794,156,卖盘
2660,13:13:27,20.17,205716,102,买盘
2661,13:13:30,20.17,80680,40,买盘
2662,13:13:33,20.17,112965,56,卖盘
2663,13:13:36,20.16,173434,86,卖盘
2664,13:13:39,20.17,244023,121,买盘
2665,13:13:42,20.17,526178,261,买盘
2666,13:13:45,20.17,356971,177,买盘
2667,13:13:48,20.16,72577,36,卖盘
2668,13:13:51,20.16,86725,43,卖盘
2669,13:13:54,20.17,76644,38,买盘
2670,13:13:57,20.16,54442,27,卖盘
2671,13:14:00,20.17,120994,60,买盘
2672,13:14:03,20.17,131085,65,买盘
2673,13:14:06,20.17,46391,23,卖盘
2674,13:14:09,20.17,268258,133,卖盘
2675,13:14:12,20.17,30255,15,买盘
2676,13:14:15,20.16,108904,54,卖盘
2677,13:14:18,20.17,50409,25,买盘
2678,13:14:21,20.17,32272,16,买盘
2679,13:14:24,20.17,177468,88,买盘
2680,13:14:27,20.16,155261,77,卖盘
2681,13:14:30,20.18,399345,198,买盘
2682,13:14:33,20.17,8070,4,卖盘
2683,13:14:36,20.17,4034,2,卖盘
2684,13:14:39,20.17,145240,72,卖盘
2685,13:14:42,20.17,159361,79,卖盘
2686,13:14:45,20.17,117014,58,卖盘
2687,13:14:48,20.17,96816,48,卖盘
2688,13:14:51,20.18,147314,73,买盘
2689,13:14:54,20.18,66596,33,卖盘
2690,13:14:57,20.18,38352,19,卖盘
2691,13:15:00,20.19,38346,19,买盘
2692,13:15:03,20.19,1776629,881,买盘
2693,13:15:06,20.18,175563,87,中性盘
2694,13:15:09,20.18,12108,6,买盘
2695,13:15:12,20.17,149321,74,卖盘
2696,13:15:15,20.18,141251,70,买盘
2697,13:15:18,20.18,96864,48,卖盘
2698,13:15:21,20.18,74664,37,买盘
2699,13:15:24,20.17,119059,59,卖盘
2700,13:15:27,20.18,201738,100,买盘
2701,13:15:30,20.17,86762,43,卖盘
2702,13:15:33,20.18,114982,57,买盘
2703,13:15:36,20.17,22187,11,卖盘
2704,13:15:39,20.17,242045,120,卖盘
2705,13:15:42,20.17,62530,31,卖盘
2706,13:15:45,20.17,74629,37,卖盘
2707,13:15:48,20.17,54483,27,卖盘
2708,13:15:51,20.17,173471,86,卖盘
2709,13:15:54,20.17,165379,82,卖盘
2710,13:15:57,20.17,80659,40,买盘
2711,13:16:00,20.17,286295,142,买盘
2712,13:16:03,20.17,143185,71,买盘
2713,13:16:06,20.17,135104,67,买盘
2714,13:16:09,20.17,131073,65,买盘
2715,13:16:12,20.16,114943,57,卖盘
2716,13:16:15,20.17,163377,81,买盘
2717,13:16:18,20.17,92743,46,买盘
2718,13:16:21,20.17,375162,186,买盘
2719,13:16:24,20.19,712421,353,买盘
2720,13:16:27,20.25,2081031,1029,买盘
2721,13:16:30,20.26,85055,42,买盘
2722,13:16:33,20.25,4050,2,卖盘
2723,13:16:36,20.25,127593,63,卖盘
2724,13:16:39,20.26,66840,33,买盘
2725,13:16:42,20.26,70910,35,买盘
2726,13:16:45,20.26,64848,32,卖盘
2727,13:16:48,20.27,206748,102,买盘
2728,13:16:51,20.27,231117,114,卖盘
2729,13:16:54,20.28,188533,93,买盘
2730,13:16:57,20.26,330456,163,卖盘
2731,13:17:00,20.27,210793,104,买盘
2732,13:17:03,20.27,581737,287,买盘
2733,13:17:06,20.25,129710,64,卖盘
2734,13:17:09,20.27,60760,30,中性盘
2735,13:17:12,20.28,431840,213,买盘
2736,13:17:15,20.28,299778,148,买盘
2737,13:17:18,20.28,101342,50,买盘
2738,13:17:21,20.28,172235,85,买盘
2739,13:17:24,20.27,30411,15,中性盘
2740,13:17:27,20.27,271653,134,卖盘
2741,13:17:30,20.26,137823,68,卖盘
2742,13:17:33,20.27,145942,72,买盘
2743,13:17:36,20.27,54725,27,买盘
2744,13:17:39,20.27,156078,77,卖盘
2745,13:17:42,20.27,346644,171,卖盘
2746,13:17:45,20.27,164211,81,卖盘
2747,13:17:48,20.27,91246,45,卖盘
2748,13:17:51,20.28,22308,11,买盘
2749,13:17:54,20.28,121645,60,买盘
2750,13:17:57,20.28,369095,182,买盘
2751,13:18:00,20.28,192660,95,买盘
2752,13:18:03,20.28,6085,3,卖盘
2753,13:18:06,20.28,217040,107,卖盘
2754,13:18:09,20.28,44617,22,卖盘
2755,13:18:12,20.28,750268,370,卖盘
2756,13:18:15,20.28,38532,19,买盘
2757,13:18:18,20.28,170210,84,买盘
2758,13:18:21,20.28,22306,11,买盘
2759,13:18:24,20.28,117601,58,买盘
2760,13:18:27,20.27,149871,74,中性盘
2761,13:18:30,20.25,14178,7,卖盘
2762,13:18:33,20.25,34425,17,买盘
2763,13:18:36,20.24,74921,37,卖盘
2764,13:18:39,20.24,250986,124,卖盘
2765,13:18:42,20.23,89055,44,卖盘
2766,13:18:45,20.23,32378,16,卖盘
2767,13:18:48,20.23,60690,30,卖盘
2768,13:18:51,20.23,62725,31,卖盘
2769,13:18:54,20.23,68789,34,卖盘
2770,13:18:57,20.23,248883,123,卖盘
2771,13:19:00,20.23,101190,50,卖盘
2772,13:19:03,20.24,137602,68,买盘
2773,13:19:06,20.24,60720,30,卖盘
2774,13:19:09,20.25,206539,102,买盘
2775,13:19:12,20.25,133619,66,买盘
2776,13:19:15,20.26,32404,16,买盘
2777,13:19:18,20.26,78988,39,买盘
2778,13:19:21,20.27,135762,67,买盘
2779,13:19:24,20.27,16216,8,买盘
2780,13:19:27,20.27,308217,152,买盘
2781,13:19:30,20.27,310256,153,卖盘
2782,13:19:33,20.28,218993,108,买盘
2783,13:19:36,20.28,247337,122,买盘
2784,13:19:39,20.28,419662,207,卖盘
2785,13:19:42,20.28,117624,58,买盘
2786,13:19:45,20.27,707317,349,中性盘
2787,13:19:48,20.27,174305,86,买盘
2788,13:19:51,20.25,637883,315,卖盘
2789,13:19:54,20.26,85054,42,买盘
2790,13:19:57,20.25,81000,40,卖盘
2791,13:20:00,20.25,42533,21,卖盘
2792,13:20:03,20.25,196369,97,中性盘
2793,13:20:06,20.25,313931,155,买盘
2794,13:20:09,20.25,32400,16,卖盘
2795,13:20:12,20.25,143780,71,买盘
2796,13:20:15,20.25,87077,43,卖盘
2797,13:20:18,20.25,97208,48,卖盘
2798,13:20:21,20.24,44544,22,卖盘
2799,13:20:24,20.24,328023,162,卖盘
2800,13:20:27,20.25,60724,30,买盘
2801,13:20:30,20.24,46564,23,卖盘
2802,13:20:33,20.24,58696,29,卖盘
2803,13:20:36,20.24,78962,39,卖盘
2804,13:20:39,20.25,121443,60,买盘
2805,13:20:42,20.24,36432,18,卖盘
2806,13:20:45,20.24,20240,10,买盘
2807,13:20:48,20.23,10115,5,卖盘
2808,13:20:54,20.24,82953,41,买盘
2809,13:20:57,20.23,42489,21,卖盘
2810,13:21:00,20.24,2024,1,买盘
2811,13:21:03,20.23,2023,1,卖盘
2812,13:21:06,20.23,60690,30,卖盘
2813,13:21:09,20.24,394494,195,买盘
2814,13:21:12,20.24,176022,87,买盘
2815,13:21:15,20.23,28322,14,买盘
2816,13:21:18,20.22,202279,100,卖盘
2817,13:21:21,20.23,159812,79,买盘
2818,13:21:24,20.22,36396,18,卖盘
2819,13:21:27,20.22,105150,52,卖盘
2820,13:21:30,20.22,80893,40,卖盘
2821,13:21:33,20.22,147606,73,卖盘
2822,13:21:36,20.22,32353,16,买盘
2823,13:21:39,20.21,141470,70,卖盘
2824,13:21:42,20.21,50529,25,买盘
2825,13:21:45,20.21,20214,10,卖盘
2826,13:21:48,20.22,32341,16,买盘
2827,13:21:51,20.21,64677,32,卖盘
2828,13:21:54,20.22,72790,36,买盘
2829,13:21:57,20.22,40440,20,卖盘
2830,13:22:00,20.21,161704,80,卖盘
2831,13:22:03,20.2,12120,6,卖盘
2832,13:22:06,20.22,337371,167,买盘
2833,13:22:09,20.2,56560,28,卖盘
2834,13:22:12,20.22,64678,32,买盘
2835,13:22:15,20.21,14147,7,卖盘
2836,13:22:18,20.21,32339,16,卖盘
2837,13:22:21,20.22,222388,110,买盘
2838,13:22:24,20.22,6066,3,中性盘
2839,13:22:27,20.22,28308,14,买盘
2840,13:22:30,20.22,66719,33,买盘
2841,13:22:33,20.21,84894,42,卖盘
2842,13:22:36,20.21,38399,19,卖盘
2843,13:22:39,20.21,40416,20,买盘
2844,13:22:42,20.2,36366,18,卖盘
2845,13:22:45,20.2,45391,22,卖盘
2846,13:22:48,20.2,24240,12,卖盘
2847,13:22:51,20.2,34340,17,卖盘
2848,13:22:54,20.2,876670,434,卖盘
2849,13:22:57,20.21,39465,20,买盘
2850,13:23:00,20.21,4042,2,买盘
2851,13:23:03,20.2,70700,35,卖盘
2852,13:23:06,20.2,62630,31,卖盘
2853,13:23:09,20.2,20202,10,卖盘
2854,13:23:12,20.2,60623,30,卖盘
2855,13:23:15,20.2,42420,21,卖盘
2856,13:23:18,20.21,693037,343,买盘
2857,13:23:21,20.21,101050,50,卖盘
2858,13:23:24,20.22,68729,34,买盘
2859,13:23:27,20.22,6066,3,买盘
2860,13:23:30,20.21,99029,49,卖盘
2861,13:23:33,20.21,258814,128,卖盘
2862,13:23:36,20.23,70774,35,买盘
2863,13:23:39,20.22,107166,53,卖盘
2864,13:23:42,20.22,24270,12,卖盘
2865,13:23:45,20.22,62688,31,卖盘
2866,13:23:48,20.22,34374,17,卖盘
2867,13:23:51,20.23,89011,44,买盘
2868,13:23:54,20.23,234668,116,买盘
2869,13:23:57,20.23,28322,14,卖盘
2870,13:24:00,20.23,56646,28,卖盘
2871,13:24:03,20.23,210432,104,卖盘
2872,13:24:06,20.25,522375,258,买盘
2873,13:24:09,20.24,1140063,563,卖盘
2874,13:24:12,20.24,42524,21,卖盘
2875,13:24:15,20.24,12145,6,卖盘
2876,13:24:18,20.25,42520,21,买盘
2877,13:24:21,20.24,2024,1,卖盘
2878,13:24:24,20.24,147751,73,卖盘
2879,13:24:27,20.24,692183,342,买盘
2880,13:24:30,20.23,222590,110,卖盘
2881,13:24:33,20.23,46541,23,卖盘
2882,13:24:36,20.23,262990,130,卖盘
2883,13:24:39,20.24,14168,7,买盘
2884,13:24:42,20.22,10110,5,卖盘
2885,13:24:45,20.22,295261,146,卖盘
2886,13:24:48,20.21,62692,31,卖盘
2887,13:24:51,20.22,68748,34,卖盘
2888,13:24:57,20.22,111172,55,买盘
2889,13:25:00,20.22,10110,5,买盘
2890,13:25:03,20.21,929632,460,卖盘
2891,13:25:06,20.22,24264,12,买盘
2892,13:25:12,20.21,159631,79,卖盘
2893,13:25:15,20.21,2021,1,买盘
2894,13:25:18,20.21,26273,13,买盘
2895,13:25:21,20.2,64643,32,卖盘
2896,13:25:24,20.21,52534,26,买盘
2897,13:25:27,20.21,14147,7,买盘
2898,13:25:30,20.2,32320,16,卖盘
2899,13:25:33,20.2,6062,3,卖盘
2900,13:25:36,20.2,20200,10,卖盘
2901,13:25:39,20.2,80800,40,卖盘
2902,13:25:42,20.21,18185,9,买盘
2903,13:25:45,20.2,476920,236,卖盘
2904,13:25:48,20.21,547689,271,买盘
2905,13:25:51,20.21,52550,26,卖盘
2906,13:25:54,20.22,167732,83,买盘
2907,13:25:57,20.21,2021,1,中性盘
2908,13:26:00,20.2,52556,26,卖盘
2909,13:26:03,20.19,1086644,538,卖盘
2910,13:26:06,20.2,185779,92,买盘
2911,13:26:09,20.2,157560,78,卖盘
2912,13:26:12,20.2,20200,10,卖盘
2913,13:26:15,20.19,50484,25,卖盘
2914,13:26:18,20.19,14135,7,卖盘
2915,13:26:21,20.19,46444,23,卖盘
2916,13:26:24,20.2,6060,3,买盘
2917,13:26:27,20.19,129234,64,卖盘
2918,13:26:30,20.19,62592,31,卖盘
2919,13:26:33,20.2,30291,15,买盘
2920,13:26:36,20.19,102990,51,卖盘
2921,13:26:39,20.19,119139,59,卖盘
2922,13:26:42,20.2,54528,27,买盘
2923,13:26:45,20.19,38369,19,卖盘
2924,13:26:48,20.18,215935,107,卖盘
2925,13:26:54,20.19,72671,36,买盘
2926,13:26:57,20.19,74673,37,买盘
2927,13:27:00,20.19,26245,13,买盘
2928,13:27:03,20.18,427875,212,卖盘
2929,13:27:06,20.19,104982,52,买盘
2930,13:27:09,20.19,70659,35,买盘
2931,13:27:12,20.19,22207,11,中性盘
2932,13:27:15,20.19,56530,28,买盘
2933,13:27:18,20.18,94860,47,卖盘
2934,13:27:21,20.18,12108,6,卖盘
2935,13:27:24,20.19,161485,80,买盘
2936,13:27:27,20.19,20187,10,买盘
2937,13:27:30,20.18,62560,31,卖盘
2938,13:27:33,20.18,36337,18,卖盘
2939,13:27:36,20.19,10095,5,买盘
2940,13:27:39,20.19,30275,15,买盘
2941,13:27:42,20.18,58543,29,卖盘
2942,13:27:45,20.18,78704,39,卖盘
2943,13:27:48,20.18,30270,15,卖盘
2944,13:27:51,20.18,20188,10,卖盘
2945,13:27:54,20.18,62568,31,卖盘
2946,13:27:57,20.18,155410,77,卖盘
2947,13:28:00,20.18,230082,114,卖盘
2948,13:28:03,20.19,147340,73,买盘
2949,13:28:06,20.18,64593,32,卖盘
2950,13:28:09,20.18,129184,64,卖盘
2951,13:28:12,20.18,78730,39,卖盘
2952,13:28:15,20.18,371336,184,卖盘
2953,13:28:18,20.18,34306,17,卖盘
2954,13:28:21,20.18,125152,62,卖盘
2955,13:28:24,20.18,56526,28,卖盘
2956,13:28:27,20.19,169552,84,买盘
2957,13:28:30,20.19,218011,108,买盘
2958,13:28:33,20.19,306801,152,买盘
2959,13:28:36,20.18,94881,47,卖盘
2960,13:28:39,20.18,331031,164,卖盘
2961,13:28:42,20.2,189733,94,买盘
2962,13:28:45,20.18,165476,82,卖盘
2963,13:28:48,20.19,72652,36,买盘
2964,13:28:51,20.2,28264,14,买盘
2965,13:28:54,20.19,14133,7,卖盘
2966,13:28:57,20.2,50474,25,买盘
2967,13:29:00,20.19,302999,150,卖盘
2968,13:29:03,20.19,133275,66,卖盘
2969,13:29:06,20.19,147423,73,买盘
2970,13:29:09,20.22,854843,423,买盘
2971,13:29:12,20.23,91031,45,买盘
2972,13:29:15,20.22,20224,10,卖盘
2973,13:29:18,20.22,64704,32,卖盘
2974,13:29:21,20.23,62691,31,买盘
2975,13:29:24,20.23,62716,31,买盘
2976,13:29:27,20.24,36423,18,买盘
2977,13:29:30,20.23,36414,18,中性盘
2978,13:29:33,20.23,24276,12,买盘
2979,13:29:36,20.23,46529,23,买盘
2980,13:29:39,20.23,230622,114,买盘
2981,13:29:42,20.24,50581,25,买盘
2982,13:29:45,20.24,30359,15,买盘
2983,13:29:48,20.24,56664,28,买盘
2984,13:29:51,20.24,528313,261,买盘
2985,13:29:54,20.24,157846,78,卖盘
2986,13:29:57,20.25,56695,28,买盘
2987,13:30:00,20.27,184400,91,买盘
2988,13:30:03,20.26,168151,83,卖盘
2989,13:30:06,20.24,93161,46,卖盘
2990,13:30:09,20.24,78944,39,卖盘
2991,13:30:12,20.24,97150,48,卖盘
2992,13:30:15,20.25,514083,254,买盘
2993,13:30:18,20.25,143769,71,买盘
2994,13:30:21,20.25,14175,7,卖盘
2995,13:30:24,20.24,378661,187,卖盘
2996,13:30:27,20.24,64795,32,卖盘
2997,13:30:30,20.25,166048,82,买盘
2998,13:30:33,20.25,117413,58,买盘
2999,13:30:36,20.25,97200,48,买盘
3000,13:30:39,20.25,111350,55,卖盘
3001,13:30:42,20.24,58724,29,卖盘
3002,13:30:45,20.23,169981,84,卖盘
3003,13:30:48,20.25,38464,19,买盘
3004,13:30:51,20.25,76947,38,买盘
3005,13:30:54,20.25,562908,278,买盘
3006,13:30:57,20.23,82966,41,卖盘
3007,13:31:00,20.24,44535,22,买盘
3008,13:31:03,20.24,137586,68,买盘
3009,13:31:06,20.23,30346,15,卖盘
3010,13:31:09,20.24,1831149,904,买盘
3011,13:31:12,20.25,259261,128,中性盘
3012,13:31:15,20.23,165942,82,卖盘
3013,13:31:18,20.26,448126,221,卖盘
3014,13:31:21,20.28,20276,10,买盘
3015,13:31:24,20.26,166159,82,卖盘
3016,13:31:27,20.28,158173,78,买盘
3017,13:31:30,20.28,156134,77,买盘
3018,13:31:33,20.28,168267,83,买盘
3019,13:31:36,20.28,70980,35,买盘
3020,13:31:39,20.28,162201,80,买盘
3021,13:31:42,20.28,154126,76,买盘
3022,13:31:45,20.28,596057,294,买盘
3023,13:31:48,20.27,24324,12,中性盘
3024,13:31:51,20.28,693201,342,买盘
3025,13:31:54,20.28,289781,143,买盘
3026,13:31:57,20.28,72973,36,买盘
3027,13:32:00,20.25,58804,29,卖盘
3028,13:32:03,20.27,225039,111,中性盘
3029,13:32:06,20.25,36450,18,卖盘
3030,13:32:09,20.27,42538,21,买盘
3031,13:32:12,20.26,8104,4,卖盘
3032,13:32:15,20.27,48626,24,买盘
3033,13:32:18,20.26,20260,10,中性盘
3034,13:32:21,20.26,99234,49,卖盘
3035,13:32:24,20.25,6076,3,卖盘
3036,13:32:27,20.26,10130,5,买盘
3037,13:32:30,20.25,83041,41,卖盘
3038,13:32:33,20.26,38494,19,买盘
3039,13:32:36,20.26,155942,77,买盘
3040,13:32:39,20.26,91154,45,买盘
3041,13:32:42,20.25,95181,47,卖盘
3042,13:32:45,20.25,105325,52,卖盘
