,成交时间,成交价格,成交金额,成交量,性质
0,09:25:00,13.2,4192320,3176,卖盘
1,09:30:00,13.15,3347964,2541,卖盘
2,09:30:03,13.18,2347494,1784,买盘
3,09:30:06,13.14,7495653,5695,卖盘
4,09:30:09,13.13,1492960,1137,卖盘
5,09:30:12,13.13,408395,311,卖盘
6,09:30:15,13.13,506832,386,卖盘
7,09:30:18,13.13,488277,372,买盘
8,09:30:21,13.12,982818,749,卖盘
9,09:30:24,13.11,935432,713,卖盘
10,09:30:27,13.11,423507,323,卖盘
11,09:30:30,13.11,1902276,1451,卖盘
12,09:30:33,13.1,672361,513,卖盘
13,09:30:36,13.1,1739574,1328,卖盘
14,09:30:39,13.1,1981866,1513,买盘
15,09:30:42,13.16,2480578,1890,买盘
16,09:30:45,13.16,647753,492,卖盘
17,09:30:48,13.17,179047,136,中性盘
18,09:30:51,13.17,596599,453,卖盘
19,09:30:54,13.19,160809,122,买盘
20,09:30:57,13.18,270185,205,卖盘
21,09:31:00,13.18,457545,347,卖盘
22,09:31:03,13.17,292634,222,卖盘
23,09:31:06,13.18,581218,441,买盘
24,09:31:09,13.16,333251,253,卖盘
25,09:31:12,13.16,797541,606,卖盘
26,09:31:15,13.17,380384,289,买盘
27,09:31:18,13.18,1516694,1152,买盘
28,09:31:21,13.19,2825855,2141,买盘
29,09:31:24,13.2,312840,237,买盘
30,09:31:27,13.24,154653,117,买盘
31,09:31:30,13.24,641694,485,买盘
32,09:31:33,13.24,339977,257,买盘
33,09:31:36,13.23,450819,341,中性盘
34,09:31:39,13.21,261851,198,中性盘
35,09:31:42,13.21,223344,169,卖盘
36,09:31:45,13.21,1102372,834,卖盘
37,09:31:48,13.21,689926,522,买盘
38,09:31:51,13.2,389229,295,买盘
39,09:31:54,13.19,249351,189,中性盘
40,09:31:57,13.19,216252,164,买盘
41,09:32:00,13.21,1189118,899,买盘
42,09:32:03,13.2,504091,382,卖盘
43,09:32:06,13.2,254756,193,中性盘
44,09:32:09,13.19,824304,625,卖盘
45,09:32:12,13.21,761978,577,买盘
46,09:32:15,13.21,567691,430,买盘
47,09:32:18,13.2,356459,270,卖盘
48,09:32:21,13.22,342217,259,买盘
49,09:32:24,13.22,644864,488,卖盘
50,09:32:27,13.27,1161391,877,买盘
51,09:32:30,13.22,300340,227,卖盘
52,09:32:33,13.27,414884,313,买盘
53,09:32:36,13.24,35795,27,中性盘
54,09:32:39,13.23,290061,219,卖盘
55,09:32:42,13.25,250436,189,买盘
56,09:32:45,13.24,201398,152,卖盘
57,09:32:48,13.24,271460,205,卖盘
58,09:32:51,13.23,313065,236,卖盘
59,09:32:54,13.24,386485,292,买盘
60,09:32:57,13.23,1129713,854,卖盘
61,09:33:00,13.23,264678,200,买盘
62,09:33:03,13.24,417142,315,买盘
63,09:33:06,13.25,101998,77,买盘
64,09:33:09,13.25,102027,77,卖盘
65,09:33:12,13.25,168286,127,卖盘
66,09:33:15,13.25,367091,277,卖盘
67,09:33:18,13.24,165535,125,卖盘
68,09:33:21,13.25,135175,102,买盘
69,09:33:24,13.24,120510,91,卖盘
70,09:33:27,13.23,197200,149,卖盘
71,09:33:30,13.23,144231,109,卖盘
72,09:33:33,13.22,271128,205,卖盘
73,09:33:36,13.23,234073,177,买盘
74,09:33:39,13.21,490393,371,卖盘
75,09:33:42,13.22,313071,237,买盘
76,09:33:45,13.21,1089066,825,中性盘
77,09:33:48,13.2,44863,34,中性盘
78,09:33:51,13.19,740067,561,卖盘
79,09:33:54,13.18,1606480,1218,卖盘
80,09:33:57,13.19,927094,703,买盘
81,09:34:00,13.18,185904,141,卖盘
82,09:34:03,13.17,222668,169,卖盘
83,09:34:06,13.18,2525275,1916,买盘
84,09:34:09,13.17,665308,505,卖盘
85,09:34:12,13.17,283132,215,买盘
86,09:34:15,13.17,471291,358,买盘
87,09:34:18,13.16,272420,207,卖盘
88,09:34:21,13.14,836485,636,卖盘
89,09:34:24,13.15,980162,745,买盘
90,09:34:27,13.14,667615,508,卖盘
91,09:34:30,13.13,407245,310,卖盘
92,09:34:33,13.13,735639,560,卖盘
93,09:34:36,13.13,531682,405,买盘
94,09:34:39,13.12,908537,692,卖盘
95,09:34:42,13.12,989956,754,卖盘
96,09:34:45,13.12,861097,656,卖盘
97,09:34:48,13.13,893940,681,卖盘
98,09:34:51,13.13,857456,653,卖盘
99,09:34:54,13.14,821186,625,买盘
100,09:34:57,13.14,753801,574,中性盘
101,09:35:00,13.15,505805,385,买盘
102,09:35:03,13.15,1007243,767,中性盘
103,09:35:06,13.15,622725,474,卖盘
104,09:35:09,13.14,374802,285,卖盘
105,09:35:12,13.17,865860,658,买盘
106,09:35:15,13.2,823598,625,买盘
107,09:35:18,13.17,105399,80,卖盘
108,09:35:21,13.18,315024,239,卖盘
109,09:35:24,13.19,317734,241,中性盘
110,09:35:27,13.18,504887,383,卖盘
111,09:35:30,13.18,181975,138,卖盘
112,09:35:33,13.2,918316,696,买盘
113,09:35:36,13.21,258636,196,买盘
114,09:35:39,13.2,97768,74,卖盘
115,09:35:42,13.22,434944,329,买盘
116,09:35:45,13.23,104423,79,买盘
117,09:35:48,13.24,547738,414,买盘
118,09:35:51,13.25,1796633,1356,买盘
119,09:35:54,13.26,237341,179,买盘
120,09:35:57,13.27,377753,285,买盘
121,09:36:00,13.27,335449,253,买盘
122,09:36:03,13.27,646219,487,买盘
123,09:36:06,13.28,144619,109,买盘
124,09:36:09,13.27,167268,126,中性盘
125,09:36:12,13.26,244139,184,卖盘
126,09:36:15,13.26,502671,379,卖盘
127,09:36:18,13.25,622675,470,卖盘
128,09:36:21,13.24,42362,32,卖盘
129,09:36:24,13.24,542516,410,买盘
130,09:36:27,13.24,325674,246,买盘
131,09:36:30,13.26,1002785,756,买盘
132,09:36:33,13.26,1502900,1131,卖盘
133,09:36:36,13.28,277502,209,中性盘
134,09:36:39,13.3,465007,350,买盘
135,09:36:42,13.3,1305987,982,买盘
136,09:36:45,13.3,3990,3,中性盘
137,09:36:48,13.29,135672,102,卖盘
138,09:36:51,13.3,171615,129,买盘
139,09:36:54,13.3,517578,389,卖盘
140,09:36:57,13.3,286054,215,买盘
141,09:37:00,13.3,248703,187,买盘
142,09:37:03,13.31,317965,239,买盘
143,09:37:06,13.3,313883,236,卖盘
144,09:37:09,13.29,739682,556,卖盘
145,09:37:12,13.3,78465,59,买盘
146,09:37:15,13.3,654142,492,买盘
147,09:37:18,13.3,180785,136,买盘
148,09:37:21,13.28,1113853,838,卖盘
149,09:37:24,13.28,75683,57,买盘
150,09:37:27,13.27,46453,35,卖盘
151,09:37:30,13.28,163282,123,买盘
152,09:37:33,13.26,268131,202,卖盘
153,09:37:36,13.26,157856,119,卖盘
154,09:37:39,13.26,100788,76,卖盘
155,09:37:42,13.27,485391,366,买盘
156,09:37:45,13.29,219159,165,买盘
157,09:37:48,13.27,173824,131,卖盘
158,09:37:51,13.28,136861,103,买盘
159,09:37:54,13.28,26560,20,买盘
160,09:37:57,13.28,160688,121,卖盘
161,09:38:00,13.28,215146,162,卖盘
162,09:38:03,13.27,362546,273,卖盘
163,09:38:06,13.26,760049,573,卖盘
164,09:38:09,13.26,131268,99,买盘
165,09:38:12,13.25,71594,54,卖盘
166,09:38:15,13.25,156358,118,卖盘
167,09:38:18,13.25,124569,94,卖盘
168,09:38:21,13.26,216027,163,买盘
169,09:38:24,13.26,18569,14,卖盘
170,09:38:27,13.25,151087,114,卖盘
171,09:38:30,13.25,35775,27,卖盘
172,09:38:33,13.25,47674,36,买盘
173,09:38:36,13.24,300653,227,卖盘
174,09:38:39,13.24,22505,17,买盘
175,09:38:42,13.24,104569,79,买盘
176,09:38:45,13.24,84736,64,卖盘
177,09:38:48,13.23,357363,270,卖盘
178,09:38:51,13.22,784439,593,卖盘
179,09:38:54,13.22,1041017,787,卖盘
180,09:38:57,13.23,96621,73,中性盘
181,09:39:00,13.23,39673,30,卖盘
182,09:39:03,13.23,341293,258,卖盘
183,09:39:06,13.22,700238,530,卖盘
184,09:39:09,13.2,269598,204,卖盘
185,09:39:12,13.21,158537,120,买盘
186,09:39:15,13.2,158521,120,卖盘
187,09:39:18,13.21,34340,26,卖盘
188,09:39:21,13.21,125442,95,买盘
189,09:39:24,13.2,192813,146,卖盘
190,09:39:27,13.2,254897,193,卖盘
191,09:39:30,13.21,1381695,1046,买盘
192,09:39:33,13.2,437129,331,卖盘
193,09:39:36,13.2,110921,84,卖盘
194,09:39:39,13.2,311795,236,卖盘
195,09:39:42,13.21,332894,252,卖盘
196,09:39:45,13.21,132100,100,卖盘
197,09:39:48,13.21,121498,92,卖盘
198,09:39:51,13.21,397637,301,买盘
199,09:39:54,13.2,224534,170,卖盘
200,09:39:57,13.21,873852,662,买盘
201,09:40:00,13.21,51509,39,卖盘
202,09:40:03,13.22,149290,113,中性盘
203,09:40:06,13.21,48877,37,买盘
204,09:40:09,13.2,613954,465,卖盘
205,09:40:12,13.21,62100,47,买盘
206,09:40:15,13.21,97821,74,卖盘
207,09:40:18,13.22,604102,457,买盘
208,09:40:21,13.21,957337,725,中性盘
209,09:40:24,13.22,190233,144,买盘
210,09:40:27,13.21,55496,42,卖盘
211,09:40:30,13.22,373965,283,买盘
212,09:40:33,13.23,152110,115,买盘
213,09:40:36,13.24,165297,125,买盘
214,09:40:39,13.22,35756,27,卖盘
215,09:40:42,13.24,68848,52,中性盘
216,09:40:45,13.24,133738,101,卖盘
217,09:40:48,13.24,119170,90,卖盘
218,09:40:51,13.23,406584,307,卖盘
219,09:40:54,13.24,165571,125,买盘
220,09:40:57,13.25,387515,293,买盘
221,09:41:00,13.21,83291,63,卖盘
222,09:41:03,13.21,108457,82,卖盘
223,09:41:06,13.21,39646,30,卖盘
224,09:41:09,13.21,323702,245,卖盘
225,09:41:12,13.21,276112,209,卖盘
226,09:41:15,13.21,64731,49,卖盘
227,09:41:18,13.21,35667,27,买盘
228,09:41:21,13.2,1432287,1085,卖盘
229,09:41:24,13.2,179505,136,买盘
230,09:41:27,13.19,40902,31,卖盘
231,09:41:30,13.19,314048,238,卖盘
232,09:41:33,13.19,4283087,3245,卖盘
233,09:41:36,13.19,229576,174,卖盘
234,09:41:39,13.2,697355,529,买盘
235,09:41:42,13.19,42208,32,买盘
236,09:41:45,13.19,366620,278,买盘
237,09:41:48,13.18,446929,339,卖盘
238,09:41:51,13.18,143667,109,卖盘
239,09:41:54,13.17,139702,106,卖盘
240,09:41:57,13.17,152827,116,卖盘
241,09:42:00,13.18,1255681,952,买盘
242,09:42:03,13.18,291677,221,卖盘
243,09:42:06,13.19,616043,467,卖盘
244,09:42:09,13.19,360131,273,卖盘
245,09:42:12,13.19,292882,222,卖盘
246,09:42:15,13.19,135934,103,卖盘
247,09:42:18,13.2,76516,58,中性盘
248,09:42:21,13.19,35620,27,卖盘
249,09:42:24,13.19,48822,37,卖盘
250,09:42:27,13.19,430020,326,卖盘
251,09:42:30,13.19,241353,183,卖盘
252,09:42:33,13.19,138506,105,卖盘
253,09:42:36,13.19,385348,292,卖盘
254,09:42:39,13.19,42208,32,卖盘
255,09:42:42,13.19,200519,152,卖盘
256,09:42:45,13.19,134585,102,卖盘
257,09:42:48,13.19,309983,235,卖盘
258,09:42:51,13.19,150357,114,买盘
259,09:42:54,13.19,207074,157,买盘
260,09:42:57,13.18,358528,272,卖盘
261,09:43:00,13.17,23719,18,卖盘
262,09:43:03,13.18,225334,171,买盘
263,09:43:06,13.17,216081,164,卖盘
264,09:43:09,13.19,1211125,919,买盘
265,09:43:12,13.19,64631,49,卖盘
266,09:43:15,13.19,63313,48,卖盘
267,09:43:18,13.18,820402,622,卖盘
268,09:43:21,13.18,240026,182,卖盘
269,09:43:24,13.17,63227,48,卖盘
270,09:43:27,13.2,2432435,1844,买盘
271,09:43:30,13.19,212415,161,卖盘
272,09:43:33,13.2,510532,387,卖盘
273,09:43:36,13.18,569803,432,卖盘
274,09:43:39,13.17,654616,497,卖盘
275,09:43:42,13.16,106729,81,卖盘
276,09:43:45,13.17,426519,324,中性盘
277,09:43:48,13.18,1171314,889,买盘
278,09:43:51,13.18,165905,126,买盘
279,09:43:54,13.17,142235,108,中性盘
280,09:43:57,13.17,703456,534,卖盘
281,09:44:00,13.17,413527,314,卖盘
282,09:44:03,13.18,50052,38,买盘
283,09:44:06,13.16,608017,462,卖盘
284,09:44:09,13.15,46049,35,卖盘
285,09:44:12,13.17,341978,260,买盘
286,09:44:15,13.17,144735,110,买盘
287,09:44:18,13.16,373714,284,卖盘
288,09:44:21,13.16,44735,34,买盘
289,09:44:24,13.16,397142,302,买盘
290,09:44:27,13.16,1812459,1378,买盘
291,09:44:30,13.15,331492,252,卖盘
292,09:44:33,13.16,950747,723,买盘
293,09:44:36,13.15,559137,425,卖盘
294,09:44:39,13.15,437950,333,卖盘
295,09:44:42,13.15,568139,432,卖盘
296,09:44:45,13.16,577224,439,买盘
297,09:44:48,13.15,130137,99,卖盘
298,09:44:51,13.15,595331,453,买盘
299,09:44:54,13.15,346984,264,卖盘
300,09:44:57,13.15,182712,139,买盘
301,09:45:00,13.13,713240,543,卖盘
302,09:45:03,13.13,1129199,860,卖盘
303,09:45:06,13.16,1974327,1501,买盘
304,09:45:09,13.13,165464,126,卖盘
305,09:45:12,13.14,114258,87,卖盘
306,09:45:15,13.18,1777226,1350,买盘
307,09:45:18,13.16,1016747,773,卖盘
308,09:45:21,13.16,297355,226,买盘
309,09:45:24,13.15,76280,58,卖盘
310,09:45:27,13.16,388210,295,买盘
311,09:45:30,13.17,317056,241,买盘
312,09:45:33,13.16,136906,104,卖盘
313,09:45:36,13.16,341015,259,卖盘
314,09:45:39,13.16,4112395,3123,卖盘
315,09:45:42,13.18,159566,121,中性盘
316,09:45:45,13.17,112087,85,卖盘
317,09:45:48,13.18,19765,15,卖盘
318,09:45:51,13.18,2881789,2189,卖盘
319,09:45:54,13.18,72479,55,买盘
320,09:45:57,13.18,47428,36,买盘
321,09:46:00,13.17,482261,366,卖盘
322,09:46:03,13.17,55373,42,卖盘
323,09:46:06,13.17,445163,338,卖盘
324,09:46:09,13.17,147505,112,卖盘
325,09:46:12,13.17,28963,22,买盘
326,09:46:15,13.16,144776,110,卖盘
327,09:46:18,13.16,111871,85,卖盘
328,09:46:21,13.16,404012,307,卖盘
329,09:46:24,13.17,676867,514,买盘
330,09:46:27,13.17,549189,417,卖盘
331,09:46:30,13.16,265913,202,卖盘
332,09:46:33,13.16,211841,161,卖盘
333,09:46:36,13.17,441176,335,买盘
334,09:46:39,13.17,175161,133,卖盘
335,09:46:42,13.17,287112,218,卖盘
336,09:46:45,13.18,532251,404,买盘
337,09:46:48,13.17,738897,561,卖盘
338,09:46:51,13.18,438842,333,买盘
339,09:46:54,13.18,208332,158,卖盘
340,09:46:57,13.19,5836703,4431,买盘
341,09:47:00,13.2,498767,378,买盘
342,09:47:03,13.19,267919,203,卖盘
343,09:47:06,13.2,130684,99,卖盘
344,09:47:09,13.21,215365,163,买盘
345,09:47:12,13.21,114877,87,卖盘
346,09:47:15,13.22,158514,120,买盘
347,09:47:18,13.21,2278705,1721,卖盘
348,09:47:21,13.22,92472,70,中性盘
349,09:47:24,13.21,34346,26,卖盘
350,09:47:27,13.22,203589,154,买盘
351,09:47:30,13.22,46296,35,卖盘
352,09:47:33,13.22,60818,46,卖盘
353,09:47:36,13.22,245953,186,卖盘
354,09:47:39,13.22,97842,74,卖盘
355,09:47:42,13.23,56863,43,买盘
356,09:47:45,13.22,220834,167,卖盘
357,09:47:48,13.22,70074,53,中性盘
358,09:47:51,13.22,26432,20,买盘
359,09:47:54,13.22,2104257,1594,买盘
360,09:47:57,13.22,43617,33,卖盘
361,09:48:00,13.21,196971,149,中性盘
362,09:48:03,13.2,221780,168,卖盘
363,09:48:06,13.18,234334,178,卖盘
364,09:48:09,13.2,221510,168,买盘
365,09:48:12,13.19,89750,68,中性盘
366,09:48:15,13.2,197997,150,中性盘
367,09:48:18,13.21,142728,108,买盘
368,09:48:21,13.21,220503,167,卖盘
369,09:48:24,13.22,2209976,1674,买盘
370,09:48:27,13.22,68742,52,买盘
371,09:48:30,13.22,260279,197,买盘
372,09:48:33,13.21,328954,249,卖盘
373,09:48:36,13.22,72700,55,买盘
374,09:48:39,13.21,432015,327,卖盘
375,09:48:42,13.21,25096,19,买盘
376,09:48:45,13.21,55463,42,买盘
377,09:48:48,13.21,228473,173,买盘
378,09:48:51,13.21,229836,174,买盘
379,09:48:54,13.21,72655,55,卖盘
380,09:48:57,13.21,330258,250,卖盘
381,09:49:00,13.21,211360,160,卖盘
382,09:49:03,13.21,203536,154,卖盘
383,09:49:06,13.21,62107,47,卖盘
384,09:49:09,13.21,39630,30,卖盘
385,09:49:12,13.21,15848,12,买盘
386,09:49:15,13.2,139991,106,卖盘
387,09:49:18,13.2,93720,71,卖盘
388,09:49:21,13.21,151801,115,买盘
389,09:49:24,13.21,862515,653,买盘
390,09:49:27,13.2,1453766,1101,卖盘
391,09:49:30,13.2,128024,97,买盘
392,09:49:33,13.19,184686,140,卖盘
393,09:49:36,13.21,666602,505,买盘
394,09:49:39,13.2,42240,32,卖盘
395,09:49:42,13.2,133320,101,卖盘
396,09:49:45,13.2,143880,109,卖盘
397,09:49:48,13.2,170323,129,卖盘
398,09:49:51,13.21,191409,145,买盘
399,09:49:54,13.2,194087,147,卖盘
400,09:49:57,13.2,47525,36,卖盘
401,09:50:00,13.2,95040,72,买盘
402,09:50:03,13.2,25073,19,买盘
403,09:50:06,13.2,167522,127,买盘
404,09:50:09,13.19,295577,224,卖盘
405,09:50:12,13.19,414453,314,卖盘
406,09:50:15,13.19,38256,29,卖盘
407,09:50:18,13.2,653084,495,买盘
408,09:50:21,13.2,59388,45,买盘
409,09:50:24,13.19,597544,453,卖盘
410,09:50:27,13.2,395898,300,买盘
411,09:50:30,13.19,48803,37,卖盘
412,09:50:33,13.19,116072,88,卖盘
413,09:50:36,13.2,62013,47,买盘
414,09:50:39,13.19,364044,276,卖盘
415,09:50:42,13.18,239938,182,卖盘
416,09:50:45,13.19,50112,38,买盘
417,09:50:48,13.18,80423,61,卖盘
418,09:50:51,13.18,650239,493,卖盘
419,09:50:54,13.18,14496,11,买盘
420,09:50:57,13.17,39517,30,卖盘
421,09:51:00,13.17,433462,329,卖盘
422,09:51:03,13.18,79054,60,买盘
423,09:51:06,13.18,115911,88,买盘
424,09:51:09,13.18,39523,30,买盘
425,09:51:12,13.18,148847,113,买盘
426,09:51:15,13.17,96156,73,卖盘
427,09:51:18,13.18,366226,278,买盘
428,09:51:21,13.18,206900,157,买盘
429,09:51:24,13.17,321088,244,卖盘
430,09:51:27,13.17,213446,162,卖盘
431,09:51:30,13.18,97466,74,买盘
432,09:51:33,13.17,1026404,779,卖盘
433,09:51:36,13.17,106677,81,买盘
434,09:51:39,13.16,205299,156,卖盘
435,09:51:42,13.17,222477,169,买盘
436,09:51:45,13.16,301407,229,卖盘
437,09:51:48,13.16,255304,194,卖盘
438,09:51:51,13.16,167077,127,卖盘
439,09:51:54,13.17,443749,337,买盘
440,09:51:57,13.16,39480,30,卖盘
441,09:52:00,13.16,434284,330,卖盘
442,09:52:03,13.17,468306,356,买盘
443,09:52:06,13.16,313675,238,卖盘
444,09:52:09,13.17,91699,70,买盘
445,09:52:12,13.17,391280,297,卖盘
446,09:52:15,13.19,823238,624,买盘
447,09:52:18,13.22,902561,683,买盘
448,09:52:21,13.22,330729,250,卖盘
449,09:52:24,13.22,582647,441,卖盘
450,09:52:27,13.22,13225,10,卖盘
451,09:52:30,13.22,37019,28,卖盘
452,09:52:33,13.24,101815,77,买盘
453,09:52:36,13.24,84650,64,买盘
454,09:52:39,13.24,500167,378,买盘
455,09:52:42,13.24,34423,26,买盘
456,09:52:45,13.24,621237,469,买盘
457,09:52:48,13.24,787409,594,买盘
458,09:52:51,13.24,123170,93,卖盘
459,09:52:54,13.24,241010,182,卖盘
460,09:52:57,13.25,290066,219,中性盘
461,09:53:00,13.26,39768,30,买盘
462,09:53:03,13.25,1361506,1028,中性盘
463,09:53:06,13.27,125962,95,买盘
464,09:53:09,13.26,181565,137,中性盘
465,09:53:12,13.26,51701,39,卖盘
466,09:53:15,13.26,42391,32,买盘
467,09:53:18,13.25,392325,296,买盘
468,09:53:21,13.25,215783,163,买盘
469,09:53:24,13.25,34438,26,买盘
470,09:53:27,13.23,33096,25,卖盘
471,09:53:30,13.23,44997,34,卖盘
472,09:53:33,13.23,9261,7,卖盘
473,09:53:36,13.23,29096,22,买盘
474,09:53:39,13.22,13223,10,卖盘
475,09:53:42,13.21,195654,148,卖盘
476,09:53:45,13.22,10576,8,买盘
477,09:53:48,13.22,79263,60,买盘
478,09:53:51,13.22,46246,35,买盘
479,09:53:54,13.21,142698,108,卖盘
480,09:53:57,13.22,259000,196,买盘
481,09:54:00,13.21,218178,165,卖盘
482,09:54:03,13.22,179785,136,中性盘
483,09:54:06,13.22,132132,100,买盘
484,09:54:09,13.21,137389,104,卖盘
485,09:54:12,13.2,329105,249,卖盘
486,09:54:15,13.2,143885,109,卖盘
487,09:54:18,13.2,3961,3,卖盘
488,09:54:21,13.19,13194,10,卖盘
489,09:54:24,13.2,29030,22,买盘
490,09:54:27,13.2,54092,41,买盘
491,09:54:30,13.2,52800,40,买盘
492,09:54:33,13.2,145154,110,卖盘
493,09:54:36,13.19,38272,29,卖盘
494,09:54:39,13.2,306088,232,买盘
495,09:54:42,13.19,18466,14,中性盘
496,09:54:45,13.18,71187,54,卖盘
497,09:54:48,13.19,96273,73,买盘
498,09:54:51,13.19,188574,143,买盘
499,09:54:54,13.18,279488,212,卖盘
500,09:54:57,13.17,1317,1,卖盘
501,09:55:00,13.17,366386,278,卖盘
502,09:55:03,13.17,35573,27,卖盘
503,09:55:06,13.17,96172,73,卖盘
504,09:55:09,13.17,71143,54,卖盘
505,09:55:12,13.18,231958,176,买盘
506,09:55:15,13.17,679692,516,卖盘
507,09:55:18,13.17,148887,113,卖盘
508,09:55:21,13.17,86966,66,卖盘
509,09:55:24,13.17,47422,36,卖盘
510,09:55:27,13.17,28990,22,卖盘
511,09:55:30,13.18,142344,108,买盘
512,09:55:33,13.18,218630,166,买盘
513,09:55:36,13.17,85605,65,卖盘
514,09:55:39,13.17,104064,79,卖盘
515,09:55:42,13.17,115916,88,卖盘
516,09:55:45,13.17,51824,39,卖盘
517,09:55:48,13.17,96071,73,买盘
518,09:55:51,13.17,39486,30,买盘
519,09:55:54,13.16,1397615,1062,卖盘
520,09:55:57,13.16,27636,21,买盘
521,09:56:00,13.15,226280,172,卖盘
522,09:56:03,13.16,38142,29,买盘
523,09:56:06,13.16,140761,107,买盘
524,09:56:09,13.15,351105,267,卖盘
525,09:56:12,13.16,656462,499,买盘
526,09:56:15,13.15,391909,298,卖盘
527,09:56:18,13.15,532679,405,卖盘
528,09:56:21,13.15,252572,192,卖盘
529,09:56:24,13.16,497199,378,买盘
530,09:56:27,13.17,308140,234,买盘
531,09:56:30,13.17,163308,124,卖盘
532,09:56:33,13.16,284476,216,卖盘
533,09:56:36,13.2,488157,370,买盘
534,09:56:39,13.17,68515,52,卖盘
535,09:56:42,13.17,51398,39,卖盘
536,09:56:45,13.17,21072,16,卖盘
537,09:56:48,13.17,245291,186,卖盘
538,09:56:51,13.17,73772,56,卖盘
539,09:56:54,13.19,138413,105,买盘
540,09:56:57,13.19,51381,39,买盘
541,09:57:00,13.19,18446,14,买盘
542,09:57:03,13.18,90885,69,中性盘
543,09:57:06,13.19,543022,412,买盘
544,09:57:09,13.17,878479,667,卖盘
545,09:57:12,13.17,310899,236,卖盘
546,09:57:15,13.19,71167,54,买盘
547,09:57:18,13.17,94835,72,卖盘
548,09:57:21,13.17,86922,66,卖盘
549,09:57:24,13.17,175161,133,买盘
550,09:57:27,13.16,72406,55,卖盘
551,09:57:30,13.17,167183,127,买盘
552,09:57:33,13.16,115887,88,卖盘
553,09:57:36,13.17,144782,110,买盘
554,09:57:39,13.16,27636,21,卖盘
555,09:57:42,13.16,300051,228,卖盘
556,09:57:45,13.16,67116,51,卖盘
557,09:57:48,13.16,355339,270,卖盘
558,09:57:51,13.16,98700,75,买盘
559,09:57:54,13.15,46030,35,卖盘
560,09:57:57,13.16,280308,213,买盘
561,09:58:00,13.15,97379,74,卖盘
562,09:58:03,13.15,192009,146,卖盘
563,09:58:06,13.15,481447,366,卖盘
564,09:58:09,13.15,608860,463,卖盘
565,09:58:12,13.15,334014,254,卖盘
566,09:58:15,13.15,363017,276,卖盘
567,09:58:18,13.15,139391,106,卖盘
568,09:58:21,13.15,227219,173,卖盘
569,09:58:24,13.15,27614,21,买盘
570,09:58:27,13.15,9203,7,买盘
571,09:58:30,13.15,99872,76,买盘
572,09:58:33,13.15,72297,55,买盘
573,09:58:36,13.14,523016,398,卖盘
574,09:58:39,13.15,578512,440,买盘
575,09:58:42,13.15,178773,136,买盘
576,09:58:45,13.15,139606,106,买盘
577,09:58:48,13.15,185486,141,卖盘
578,09:58:51,13.16,181471,138,买盘
579,09:58:54,13.14,233783,178,卖盘
580,09:58:57,13.14,189218,144,卖盘
581,09:59:00,13.14,42063,32,卖盘
582,09:59:03,13.14,561122,427,卖盘
583,09:59:06,13.14,110386,84,卖盘
584,09:59:09,13.14,521672,397,卖盘
585,09:59:12,13.14,227360,173,卖盘
586,09:59:15,13.14,182646,139,买盘
587,09:59:18,13.13,48602,37,卖盘
588,09:59:21,13.13,17075,13,卖盘
589,09:59:24,13.13,74843,57,卖盘
590,09:59:27,13.14,131311,100,买盘
591,09:59:30,13.13,319059,243,卖盘
592,09:59:33,13.13,122135,93,卖盘
593,09:59:36,13.13,793082,604,卖盘
594,09:59:39,13.13,547721,417,卖盘
595,09:59:42,13.13,1938524,1477,卖盘
596,09:59:45,13.13,124729,95,买盘
597,09:59:48,13.12,99741,76,卖盘
598,09:59:51,13.12,793780,605,卖盘
599,09:59:54,13.12,114058,87,买盘
600,09:59:57,13.11,714891,545,卖盘
601,10:00:00,13.11,634595,484,卖盘
602,10:00:03,13.11,1055861,805,卖盘
603,10:00:06,13.11,577098,440,卖盘
604,10:00:09,13.12,1309151,999,买盘
605,10:00:12,13.15,971646,740,买盘
606,10:00:15,13.14,893974,680,卖盘
607,10:00:18,13.14,159098,121,卖盘
608,10:00:21,13.14,264277,201,卖盘
609,10:00:24,13.15,97319,74,中性盘
610,10:00:27,13.15,256773,195,卖盘
611,10:00:30,13.15,138077,105,卖盘
612,10:00:33,13.15,422062,321,卖盘
613,10:00:36,13.15,189356,144,买盘
614,10:00:39,13.14,253636,193,卖盘
615,10:00:42,13.15,72318,55,买盘
616,10:00:45,13.14,207726,158,卖盘
617,10:00:48,13.14,97267,74,卖盘
618,10:00:51,13.14,412814,314,卖盘
619,10:00:54,13.15,337761,257,买盘
620,10:00:57,13.14,111694,85,卖盘
621,10:01:00,13.14,370753,282,卖盘
622,10:01:03,13.14,253641,193,卖盘
623,10:01:06,13.14,161628,123,卖盘
624,10:01:09,13.14,965542,735,卖盘
625,10:01:12,13.14,72269,55,买盘
626,10:01:15,13.14,70920,54,买盘
627,10:01:18,13.14,147096,112,买盘
628,10:01:21,13.13,399672,304,卖盘
629,10:01:24,13.14,462620,352,中性盘
630,10:01:27,13.15,120921,92,买盘
631,10:01:30,13.14,261516,199,卖盘
632,10:01:33,13.14,73584,56,卖盘
633,10:01:36,13.14,248346,189,卖盘
634,10:01:39,13.13,932327,710,卖盘
635,10:01:42,13.14,85400,65,中性盘
636,10:01:45,13.13,240291,183,卖盘
637,10:01:48,13.14,240450,183,买盘
638,10:01:51,13.15,18399,14,买盘
639,10:01:54,13.15,583842,444,买盘
640,10:01:57,13.16,1796090,1365,买盘
641,10:02:00,13.17,327892,249,买盘
642,10:02:03,13.17,105360,80,买盘
643,10:02:06,13.18,76351,58,买盘
644,10:02:09,13.18,108012,82,买盘
645,10:02:12,13.17,160729,122,卖盘
646,10:02:15,13.18,19762,15,买盘
647,10:02:18,13.19,498420,378,买盘
648,10:02:21,13.19,871220,661,卖盘
649,10:02:24,13.19,312682,237,卖盘
650,10:02:27,13.17,140952,107,卖盘
651,10:02:30,13.19,68588,52,买盘
652,10:02:33,13.19,109441,83,买盘
653,10:02:36,13.17,105378,80,卖盘
654,10:02:39,13.17,7906,6,卖盘
655,10:02:42,13.17,3952,3,卖盘
656,10:02:45,13.18,43462,33,买盘
657,10:02:48,13.17,80354,61,卖盘
658,10:02:51,13.17,618990,470,卖盘
659,10:02:54,13.16,13160,10,卖盘
660,10:02:57,13.16,22373,17,卖盘
661,10:03:00,13.16,169769,129,卖盘
662,10:03:03,13.16,733013,557,卖盘
663,10:03:06,13.16,40796,31,买盘
664,10:03:09,13.15,30248,23,卖盘
665,10:03:12,13.16,74960,57,买盘
666,10:03:15,13.15,63130,48,卖盘
667,10:03:18,13.15,92054,70,卖盘
668,10:03:21,13.16,552416,420,买盘
669,10:03:24,13.15,94691,72,卖盘
670,10:03:27,13.15,569598,433,卖盘
671,10:03:30,13.15,235502,179,卖盘
672,10:03:33,13.15,340642,259,卖盘
673,10:03:36,13.15,167036,127,买盘
674,10:03:39,13.14,74918,57,卖盘
675,10:03:42,13.14,127468,97,卖盘
676,10:03:45,13.14,400771,305,卖盘
677,10:03:48,13.14,222070,169,卖盘
678,10:03:51,13.14,307496,234,卖盘
679,10:03:54,13.15,499335,380,买盘
680,10:03:57,13.14,252343,192,中性盘
681,10:04:00,13.14,3546210,2700,卖盘
682,10:04:03,13.14,151075,115,卖盘
683,10:04:06,13.14,178705,136,卖盘
684,10:04:09,13.15,555973,423,买盘
685,10:04:12,13.14,203715,155,卖盘
686,10:04:15,13.15,349531,266,中性盘
687,10:04:18,13.14,172195,131,卖盘
688,10:04:21,13.15,713686,543,买盘
689,10:04:24,13.15,374613,285,买盘
690,10:04:27,13.14,115653,88,卖盘
691,10:04:30,13.15,40747,31,买盘
692,10:04:33,13.14,30225,23,卖盘
693,10:04:36,13.14,22338,17,卖盘
694,10:04:39,13.14,770035,586,卖盘
695,10:04:42,13.14,187872,143,买盘
696,10:04:45,13.14,28907,22,买盘
697,10:04:48,13.14,119538,91,买盘
698,10:04:51,13.13,781433,595,卖盘
699,10:04:54,13.14,524180,399,买盘
700,10:04:57,13.14,252288,192,卖盘
701,10:05:00,13.14,166903,127,卖盘
702,10:05:03,13.14,557148,424,卖盘
703,10:05:06,13.13,26268,20,卖盘
704,10:05:09,13.14,68328,52,买盘
705,10:05:12,13.13,224526,171,卖盘
706,10:05:15,13.13,154934,118,卖盘
707,10:05:18,13.13,353239,269,买盘
708,10:05:21,13.12,1174354,895,卖盘
709,10:05:24,13.12,161401,123,卖盘
710,10:05:27,13.13,147018,112,买盘
711,10:05:30,13.13,347821,265,卖盘
712,10:05:33,13.13,513067,391,买盘
713,10:05:36,13.12,27560,21,卖盘
714,10:05:39,13.12,112903,86,卖盘
715,10:05:42,13.12,817549,623,卖盘
716,10:05:45,13.12,139075,106,卖盘
717,10:05:48,13.12,212591,162,卖盘
718,10:05:51,13.12,892175,680,卖盘
719,10:05:54,13.12,279472,213,卖盘
720,10:05:57,13.12,120685,92,买盘
721,10:06:00,13.12,722830,551,买盘
722,10:06:03,13.12,470994,359,卖盘
723,10:06:06,13.12,648323,494,卖盘
724,10:06:09,13.13,1130693,861,买盘
725,10:06:12,13.13,520273,396,卖盘
726,10:06:15,13.14,78790,60,中性盘
727,10:06:18,13.12,792706,604,卖盘
728,10:06:21,13.13,98550,75,卖盘
729,10:06:24,13.13,66963,51,卖盘
730,10:06:27,13.13,63029,48,卖盘
731,10:06:30,13.13,128684,98,卖盘
732,10:06:33,13.13,193060,147,卖盘
733,10:06:36,13.13,105040,80,买盘
734,10:06:39,13.12,72192,55,卖盘
735,10:06:42,13.12,73487,56,卖盘
736,10:06:45,13.12,4013241,3061,卖盘
737,10:06:48,13.12,230974,176,卖盘
738,10:06:51,13.13,186364,142,买盘
739,10:06:54,13.13,384709,293,买盘
740,10:06:57,13.13,675509,514,卖盘
741,10:07:00,13.15,178645,136,买盘
742,10:07:03,13.13,825774,629,卖盘
743,10:07:06,13.15,36820,28,卖盘
744,10:07:09,13.14,40735,31,卖盘
745,10:07:12,13.14,21033,16,卖盘
746,10:07:15,13.15,94623,72,买盘
747,10:07:18,13.15,182733,139,买盘
748,10:07:21,13.15,311655,237,卖盘
749,10:07:24,13.15,88120,67,卖盘
750,10:07:27,13.15,68427,52,卖盘
751,10:07:30,13.15,99945,76,卖盘
752,10:07:33,13.15,402546,306,卖盘
753,10:07:36,13.15,81530,62,卖盘
754,10:07:39,13.16,285432,217,卖盘
755,10:07:42,13.15,498429,379,卖盘
756,10:07:45,13.15,256425,195,卖盘
757,10:07:48,13.15,185413,141,买盘
758,10:07:51,13.15,1406887,1070,买盘
759,10:07:54,13.15,24985,19,买盘
760,10:07:57,13.14,103818,79,卖盘
761,10:08:00,13.15,570481,434,买盘
762,10:08:03,13.14,207669,158,卖盘
763,10:08:06,13.15,262939,200,买盘
764,10:08:09,13.14,77553,59,卖盘
765,10:08:12,13.14,19721,15,卖盘
766,10:08:15,13.14,319517,243,卖盘
767,10:08:18,13.15,528270,402,买盘
768,10:08:21,13.15,658420,501,卖盘
769,10:08:24,13.16,393484,299,买盘
770,10:08:27,13.14,285244,217,卖盘
771,10:08:30,13.16,51323,39,中性盘
772,10:08:33,13.16,633501,481,中性盘
773,10:08:36,13.16,171123,130,卖盘
774,10:08:39,13.18,1068669,812,买盘
775,10:08:42,13.17,28957,22,中性盘
776,10:08:45,13.16,106604,81,卖盘
777,10:08:48,13.17,25023,19,中性盘
778,10:08:51,13.16,517558,393,卖盘
779,10:08:54,13.16,213202,162,卖盘
780,10:08:57,13.16,68432,52,卖盘
781,10:09:00,13.17,586955,446,买盘
782,10:09:03,13.16,72397,55,卖盘
783,10:09:06,13.17,1480250,1124,买盘
784,10:09:09,13.16,24996,19,买盘
785,10:09:12,13.15,485318,369,卖盘
786,10:09:15,13.16,64457,49,买盘
787,10:09:18,13.15,99911,76,卖盘
788,10:09:21,13.15,24992,19,卖盘
789,10:09:24,13.15,99940,76,卖盘
790,10:09:27,13.14,86780,66,卖盘
791,10:09:30,13.14,82784,63,卖盘
792,10:09:33,13.14,82795,63,卖盘
793,10:09:36,13.15,18399,14,买盘
794,10:09:39,13.15,341885,260,买盘
795,10:09:42,13.15,249913,190,卖盘
796,10:09:45,13.15,86730,66,买盘
797,10:09:48,13.15,26299,20,买盘
798,10:09:51,13.14,473040,360,卖盘
799,10:09:54,13.13,93262,71,卖盘
800,10:09:57,13.13,90656,69,卖盘
801,10:10:00,13.14,17077,13,买盘
802,10:10:03,13.13,353207,269,卖盘
803,10:10:06,13.13,118175,90,卖盘
804,10:10:09,13.14,1739967,1324,买盘
805,10:10:12,13.16,807827,614,买盘
806,10:10:15,13.16,100016,76,卖盘
807,10:10:18,13.16,127684,97,卖盘
808,10:10:21,13.16,82910,63,卖盘
809,10:10:24,13.16,148708,113,卖盘
810,10:10:27,13.16,307944,234,卖盘
811,10:10:30,13.16,28955,22,买盘
812,10:10:33,13.16,99988,76,买盘
813,10:10:36,13.15,77588,59,卖盘
814,10:10:39,13.15,13159,10,卖盘
815,10:10:42,13.17,207813,158,买盘
816,10:10:45,13.16,78960,60,卖盘
817,10:10:48,13.16,34216,26,卖盘
818,10:10:51,13.16,1056046,803,卖盘
819,10:10:54,13.17,522193,397,买盘
820,10:10:57,13.14,1000363,761,卖盘
821,10:11:00,13.13,869496,662,卖盘
822,10:11:03,13.14,483003,368,买盘
823,10:11:06,13.13,51212,39,卖盘
824,10:11:09,13.13,120799,92,卖盘
825,10:11:12,13.13,129987,99,买盘
826,10:11:15,13.12,208836,159,卖盘
827,10:11:18,13.14,119574,91,买盘
828,10:11:21,13.14,157680,120,卖盘
829,10:11:24,13.14,60433,46,买盘
830,10:11:27,13.13,115544,88,卖盘
831,10:11:30,13.13,13130,10,卖盘
832,10:11:33,13.13,160189,122,卖盘
833,10:11:36,13.13,74855,57,卖盘
834,10:11:39,13.13,53833,41,卖盘
835,10:11:42,13.13,295475,225,卖盘
836,10:11:45,13.13,93223,71,买盘
837,10:11:48,13.12,40700,31,卖盘
838,10:11:51,13.12,190248,145,卖盘
839,10:11:54,13.12,524822,400,卖盘
840,10:11:57,13.12,158762,121,卖盘
841,10:12:00,13.12,219108,167,卖盘
842,10:12:03,13.12,348329,266,卖盘
843,10:12:06,13.12,139072,106,买盘
844,10:12:09,13.12,64247,49,买盘
845,10:12:12,13.12,152191,116,买盘
846,10:12:15,13.11,315964,241,卖盘
847,10:12:18,13.11,83909,64,卖盘
848,10:12:21,13.11,85218,65,卖盘
849,10:12:24,13.11,541479,413,卖盘
850,10:12:27,13.11,188784,144,卖盘
851,10:12:30,13.11,128479,98,卖盘
852,10:12:33,13.11,182241,139,卖盘
853,10:12:36,13.11,394626,301,卖盘
854,10:12:39,13.11,77349,59,买盘
855,10:12:42,13.1,269873,206,卖盘
856,10:12:45,13.1,192662,147,卖盘
857,10:12:48,13.1,301380,230,卖盘
858,10:12:51,13.1,188682,144,卖盘
859,10:12:54,13.1,124453,95,卖盘
860,10:12:57,13.11,6841123,5222,买盘
861,10:13:00,13.1,732490,559,卖盘
862,10:13:03,13.1,556852,425,卖盘
863,10:13:06,13.1,871820,665,卖盘
864,10:13:09,13.09,526606,402,卖盘
865,10:13:12,13.1,1589733,1214,买盘
866,10:13:15,13.1,287108,219,卖盘
867,10:13:18,13.11,176942,135,中性盘
868,10:13:21,13.12,797489,608,买盘
869,10:13:24,13.12,432050,330,买盘
870,10:13:27,13.12,115481,88,卖盘
871,10:13:30,13.11,280756,214,卖盘
872,10:13:33,13.11,76055,58,卖盘
873,10:13:36,13.12,354005,270,买盘
874,10:13:39,13.11,246486,188,卖盘
875,10:13:42,13.11,38029,29,卖盘
876,10:13:45,13.12,85279,65,买盘
877,10:13:48,13.12,137760,105,买盘
878,10:13:51,13.12,140384,107,卖盘
879,10:13:54,13.12,154881,118,中性盘
880,10:13:57,13.12,213777,163,买盘
881,10:14:00,13.12,802641,612,卖盘
882,10:14:03,13.12,477642,364,卖盘
883,10:14:06,13.11,183663,140,卖盘
884,10:14:09,13.12,27552,21,中性盘
885,10:14:12,13.12,219045,167,买盘
886,10:14:15,13.11,56385,43,卖盘
887,10:14:18,13.11,667466,509,卖盘
888,10:14:21,13.12,119372,91,买盘
889,10:14:24,13.12,102278,78,卖盘
890,10:14:27,13.12,52480,40,卖盘
891,10:14:30,13.12,53792,41,卖盘
892,10:14:33,13.12,430336,328,卖盘
893,10:14:36,13.13,341133,260,买盘
894,10:14:39,13.12,153515,117,卖盘
895,10:14:42,13.13,196864,150,买盘
896,10:14:45,13.12,434388,331,卖盘
897,10:14:48,13.13,60398,46,买盘
898,10:14:51,13.13,2582521,1968,卖盘
899,10:14:54,13.14,17082,13,中性盘
900,10:14:57,13.14,395514,301,卖盘
901,10:15:00,13.15,452360,344,买盘
902,10:15:03,13.15,14465,11,卖盘
903,10:15:06,13.14,551960,420,卖盘
904,10:15:09,13.15,18407,14,买盘
905,10:15:12,13.15,10520,8,中性盘
906,10:15:15,13.14,233892,178,卖盘
907,10:15:18,13.15,81489,62,买盘
908,10:15:21,13.14,169563,129,卖盘
909,10:15:24,13.14,158999,121,卖盘
910,10:15:27,13.14,9198,7,买盘
911,10:15:30,13.14,648915,494,买盘
912,10:15:33,13.14,10512,8,卖盘
913,10:15:36,13.14,26280,20,卖盘
914,10:15:39,13.14,141990,108,卖盘
915,10:15:42,13.15,214183,163,买盘
916,10:15:45,13.14,70955,54,买盘
917,10:15:48,13.14,656741,500,买盘
918,10:15:51,13.14,26282,20,卖盘
919,10:15:54,13.14,97248,74,卖盘
920,10:15:57,13.14,28908,22,买盘
921,10:16:00,13.14,165560,126,卖盘
922,10:16:03,13.15,64398,49,买盘
923,10:16:06,13.14,162927,124,卖盘
924,10:16:09,13.14,127457,97,买盘
925,10:16:12,13.14,313999,239,买盘
926,10:16:15,13.14,764753,582,买盘
927,10:16:18,13.16,2098776,1596,买盘
928,10:16:21,13.15,101291,77,卖盘
929,10:16:24,13.16,161848,123,买盘
930,10:16:27,13.16,64482,49,买盘
931,10:16:30,13.16,36825,28,买盘
932,10:16:33,13.16,72337,55,买盘
933,10:16:36,13.16,53956,41,卖盘
934,10:16:39,13.16,64503,49,卖盘
935,10:16:42,13.17,68454,52,买盘
936,10:16:45,13.16,44749,34,卖盘
937,10:16:48,13.17,44763,34,买盘
938,10:16:51,13.16,147495,112,卖盘
939,10:16:54,13.16,283133,215,卖盘
940,10:16:57,13.17,44750,34,买盘
941,10:17:00,13.16,676445,514,卖盘
942,10:17:03,13.17,93470,71,买盘
943,10:17:06,13.16,81610,62,卖盘
944,10:17:09,13.16,76349,58,卖盘
945,10:17:12,13.16,102725,78,卖盘
946,10:17:15,13.16,180293,137,卖盘
947,10:17:18,13.16,82907,63,卖盘
948,10:17:21,13.15,176324,134,卖盘
949,10:17:24,13.16,52640,40,买盘
950,10:17:27,13.16,13160,10,买盘
951,10:17:30,13.15,565480,430,卖盘
952,10:17:33,13.15,19725,15,卖盘
953,10:17:36,13.15,134130,102,卖盘
954,10:17:39,13.15,13150,10,买盘
955,10:17:42,13.15,63099,48,买盘
956,10:17:45,13.14,412602,314,卖盘
957,10:17:48,13.14,162962,124,卖盘
958,10:17:51,13.14,149797,114,卖盘
959,10:17:54,13.14,113006,86,卖盘
960,10:17:57,13.14,250978,191,卖盘
961,10:18:00,13.14,64388,49,卖盘
962,10:18:03,13.14,28908,22,买盘
963,10:18:06,13.13,2626,2,卖盘
964,10:18:09,13.13,193026,147,卖盘
965,10:18:12,13.14,123496,94,买盘
966,10:18:15,13.14,15768,12,卖盘
967,10:18:18,13.14,296959,226,卖盘
968,10:18:21,13.14,110421,84,卖盘
969,10:18:24,13.15,144620,110,买盘
970,10:18:27,13.15,10520,8,中性盘
971,10:18:30,13.15,92070,70,卖盘
972,10:18:33,13.15,74946,57,卖盘
973,10:18:36,13.15,9205,7,卖盘
974,10:18:39,13.15,151275,115,卖盘
975,10:18:42,13.15,86790,66,卖盘
976,10:18:45,13.16,120999,92,买盘
977,10:18:48,13.15,60490,46,卖盘
978,10:18:51,13.15,23676,18,卖盘
979,10:18:54,13.15,51285,39,卖盘
980,10:18:57,13.15,142020,108,卖盘
981,10:19:00,13.16,232911,177,买盘
982,10:19:03,13.18,815204,619,买盘
983,10:19:06,13.19,709088,538,买盘
984,10:19:09,13.17,23721,18,卖盘
985,10:19:12,13.19,11869,9,买盘
986,10:19:15,13.19,1319,1,买盘
987,10:19:18,13.18,34278,26,卖盘
988,10:19:21,13.19,21103,16,买盘
989,10:19:24,13.18,52756,40,卖盘
990,10:19:27,13.18,10547,8,卖盘
991,10:19:30,13.18,187261,142,卖盘
992,10:19:33,13.18,121272,92,卖盘
993,10:19:36,13.18,94875,72,卖盘
994,10:19:39,13.18,172651,131,买盘
995,10:19:42,13.19,60670,46,买盘
996,10:19:45,13.17,288754,219,卖盘
997,10:19:48,13.18,9232,7,中性盘
998,10:19:51,13.19,22407,17,买盘
999,10:19:54,13.18,199018,151,卖盘
1000,10:19:57,13.19,13183,10,买盘
1001,10:20:00,13.19,106770,81,买盘
1002,10:20:03,13.18,527044,400,卖盘
1003,10:20:06,13.19,177973,135,买盘
1004,10:20:09,13.18,142357,108,买盘
1005,10:20:12,13.17,2634,2,卖盘
1006,10:20:15,13.18,14498,11,买盘
1007,10:20:18,13.17,84332,64,卖盘
1008,10:20:21,13.17,139676,106,卖盘
1009,10:20:24,13.18,10539,8,买盘
1010,10:20:27,13.18,52717,40,买盘
1011,10:20:30,13.17,224032,170,卖盘
1012,10:20:33,13.17,22401,17,卖盘
1013,10:20:36,13.17,96185,73,卖盘
1014,10:20:39,13.18,101475,77,买盘
1015,10:20:42,13.17,5271,4,卖盘
1016,10:20:45,13.17,40827,31,卖盘
1017,10:20:48,13.17,60585,46,卖盘
1018,10:20:51,13.17,27663,21,卖盘
1019,10:20:54,13.17,51368,39,卖盘
1020,10:20:57,13.17,72444,55,卖盘
1021,10:21:00,13.17,104104,79,卖盘
1022,10:21:03,13.17,32925,25,卖盘
1023,10:21:06,13.18,429663,326,买盘
1024,10:21:09,13.17,109312,83,卖盘
1025,10:21:18,13.17,14487,11,卖盘
1026,10:21:21,13.17,28974,22,卖盘
1027,10:21:24,13.18,268686,204,买盘
1028,10:21:27,13.17,212088,161,卖盘
1029,10:21:30,13.17,292544,222,买盘
1030,10:21:33,13.18,97485,74,买盘
1031,10:21:36,13.18,96158,73,买盘
1032,10:21:39,13.17,5268,4,卖盘
1033,10:21:42,13.17,40830,31,卖盘
1034,10:21:45,13.18,502150,381,买盘
1035,10:21:48,13.18,82997,63,买盘
1036,10:21:51,13.17,65850,50,卖盘
1037,10:21:54,13.18,2635,2,买盘
1038,10:21:57,13.18,85627,65,买盘
1039,10:22:00,13.17,164625,125,卖盘
1040,10:22:03,13.16,71090,54,卖盘
1041,10:22:09,13.16,9212,7,卖盘
1042,10:22:12,13.16,98706,75,卖盘
1043,10:22:15,13.17,21072,16,买盘
1044,10:22:18,13.16,1316,1,卖盘
1045,10:22:21,13.16,102648,78,卖盘
1046,10:22:24,13.17,217305,165,买盘
1047,10:22:27,13.16,154007,117,卖盘
1048,10:22:30,13.16,9219,7,卖盘
1049,10:22:33,13.16,1212036,921,卖盘
1050,10:22:36,13.16,18424,14,买盘
1051,10:22:39,13.15,366885,279,卖盘
1052,10:22:42,13.14,174779,133,卖盘
1053,10:22:45,13.15,24974,19,买盘
1054,10:22:48,13.15,34190,26,买盘
1055,10:22:51,13.14,32850,25,卖盘
1056,10:22:54,13.14,187915,143,卖盘
1057,10:22:57,13.14,165612,126,卖盘
1058,10:23:00,13.15,307490,234,买盘
1059,10:23:03,13.14,189216,144,卖盘
1060,10:23:06,13.14,303608,231,买盘
1061,10:23:12,13.15,278897,212,买盘
1062,10:23:15,13.15,236637,180,卖盘
1063,10:23:18,13.15,161797,123,卖盘
1064,10:23:21,13.15,69695,53,买盘
1065,10:23:24,13.15,73638,56,卖盘
1066,10:23:27,13.15,238044,181,卖盘
1067,10:23:30,13.15,40765,31,买盘
1068,10:23:33,13.14,31559,24,卖盘
1069,10:23:36,13.16,248539,189,买盘
1070,10:23:39,13.15,21053,16,卖盘
1071,10:23:42,13.15,14466,11,卖盘
1072,10:23:45,13.15,88108,67,卖盘
1073,10:23:48,13.15,172265,131,卖盘
1074,10:23:51,13.15,252480,192,卖盘
1075,10:23:54,13.15,7890,6,买盘
1076,10:23:57,13.15,43395,33,卖盘
1077,10:24:00,13.15,39450,30,卖盘
1078,10:24:03,13.15,47346,36,卖盘
1079,10:24:06,13.15,94680,72,卖盘
1080,10:24:09,13.14,19712,15,卖盘
1081,10:24:12,13.14,106434,81,卖盘
1082,10:24:15,13.14,52560,40,卖盘
1083,10:24:18,13.14,47306,36,卖盘
1084,10:24:21,13.14,74898,57,卖盘
1085,10:24:24,13.14,1208902,920,卖盘
1086,10:24:27,13.14,7884,6,买盘
1087,10:24:30,13.13,39401,30,卖盘
1088,10:24:33,13.13,78798,60,卖盘
1089,10:24:36,13.13,175944,134,卖盘
1090,10:24:39,13.13,1435120,1093,卖盘
1091,10:24:42,13.13,13122,10,买盘
1092,10:24:45,13.12,346545,264,卖盘
1093,10:24:48,13.12,199430,152,卖盘
1094,10:24:51,13.12,429064,327,卖盘
1095,10:24:54,13.13,171884,131,买盘
1096,10:24:57,13.12,107585,82,卖盘
1097,10:25:00,13.12,14432,11,卖盘
1098,10:25:03,13.12,2067660,1577,卖盘
1099,10:25:06,13.13,1556917,1188,买盘
1100,10:25:09,13.13,1228959,936,买盘
1101,10:25:12,13.13,127366,97,买盘
1102,10:25:15,13.14,21012,16,买盘
1103,10:25:18,13.14,153651,117,买盘
1104,10:25:21,13.14,78827,60,买盘
1105,10:25:24,13.14,178637,136,买盘
1106,10:25:27,13.13,193115,147,卖盘
1107,10:25:30,13.15,203824,155,买盘
1108,10:25:33,13.14,166851,127,卖盘
1109,10:25:36,13.14,1078063,821,卖盘
1110,10:25:39,13.14,57816,44,卖盘
1111,10:25:42,13.14,15757,12,买盘
1112,10:25:45,13.13,135259,103,卖盘
1113,10:25:48,13.13,35451,27,卖盘
1114,10:25:51,13.12,14434,11,卖盘
1115,10:25:54,13.12,173304,132,卖盘
1116,10:25:57,13.13,80093,61,买盘
1117,10:26:00,13.13,5252,4,买盘
1118,10:26:03,13.13,187728,143,买盘
1119,10:26:06,13.12,36739,28,卖盘
1120,10:26:09,13.13,11817,9,买盘
1121,10:26:12,13.13,186382,142,买盘
1122,10:26:15,13.13,77467,59,卖盘
1123,10:26:18,13.13,217958,166,卖盘
1124,10:26:21,13.13,55134,42,买盘
1125,10:26:24,13.12,136483,104,卖盘
1126,10:26:27,13.13,4264854,3255,买盘
1127,10:26:30,13.12,98400,75,中性盘
1128,10:26:33,13.12,421129,321,买盘
1129,10:26:36,13.12,55047,42,买盘
1130,10:26:39,13.11,100877,77,中性盘
1131,10:26:42,13.1,192695,147,卖盘
1132,10:26:45,13.12,69475,53,买盘
1133,10:26:48,13.1,137635,105,卖盘
1134,10:26:51,13.12,73417,56,买盘
1135,10:26:54,13.11,17043,13,卖盘
1136,10:26:57,13.1,14416,11,卖盘
1137,10:27:00,13.11,13105,10,买盘
1138,10:27:03,13.1,141507,108,卖盘
1139,10:27:06,13.1,61574,47,卖盘
1140,10:27:09,13.1,430991,329,卖盘
1141,10:27:12,13.1,45846,35,买盘
1142,10:27:15,13.1,261916,200,买盘
1143,10:27:18,13.1,240963,184,买盘
1144,10:27:21,13.1,289471,221,买盘
1145,10:27:24,13.11,103491,79,买盘
1146,10:27:27,13.1,90395,69,卖盘
1147,10:27:30,13.1,64190,49,卖盘
1148,10:27:33,13.11,145428,111,买盘
1149,10:27:36,13.1,128383,98,卖盘
1150,10:27:39,13.1,106140,81,卖盘
1151,10:27:42,13.1,79919,61,卖盘
1152,10:27:45,13.1,107421,82,卖盘
1153,10:27:48,13.1,376098,287,卖盘
1154,10:27:51,13.1,78611,60,卖盘
1155,10:27:54,13.11,366875,280,买盘
1156,10:27:57,13.1,116597,89,卖盘
1157,10:28:00,13.1,573899,438,卖盘
1158,10:28:03,13.1,89109,68,卖盘
1159,10:28:06,13.1,72067,55,卖盘
1160,10:28:09,13.11,37995,29,买盘
1161,10:28:12,13.11,158535,121,卖盘
1162,10:28:15,13.11,283063,216,卖盘
1163,10:28:18,13.1,60260,46,卖盘
1164,10:28:21,13.1,106133,81,卖盘
1165,10:28:24,13.1,172920,132,买盘
1166,10:28:27,13.1,18340,14,买盘
1167,10:28:30,13.1,79894,61,买盘
1168,10:28:33,13.1,395576,302,买盘
1169,10:28:36,13.09,286676,219,卖盘
1170,10:28:39,13.09,204314,156,卖盘
1171,10:28:42,13.09,990988,757,卖盘
1172,10:28:45,13.1,226488,173,买盘
1173,10:28:48,13.09,323381,247,卖盘
1174,10:28:51,13.09,217295,166,卖盘
1175,10:28:54,13.09,527663,403,卖盘
1176,10:28:57,13.09,278820,213,卖盘
1177,10:29:00,13.09,422871,323,卖盘
1178,10:29:03,13.09,424116,324,卖盘
1179,10:29:06,13.09,518365,396,买盘
1180,10:29:09,13.09,68055,52,买盘
1181,10:29:12,13.08,451415,345,卖盘
1182,10:29:15,13.1,980201,749,买盘
1183,10:29:18,13.1,517328,395,买盘
1184,10:29:21,13.08,269589,206,卖盘
1185,10:29:24,13.09,420404,321,中性盘
1186,10:29:27,13.1,394255,301,买盘
1187,10:29:30,13.1,444037,339,卖盘
1188,10:29:33,13.1,35370,27,卖盘
1189,10:29:36,13.11,1264597,965,买盘
1190,10:29:39,13.1,141590,108,卖盘
1191,10:29:42,13.11,19658,15,买盘
1192,10:29:45,13.11,85155,65,买盘
1193,10:29:48,13.1,203060,155,卖盘
1194,10:29:51,13.1,226654,173,卖盘
1195,10:29:54,13.1,220082,168,卖盘
1196,10:29:57,13.11,185967,142,买盘
1197,10:30:00,13.1,116595,89,卖盘
1198,10:30:03,13.11,40626,31,买盘
1199,10:30:06,13.1,96948,74,卖盘
1200,10:30:09,13.09,7859,6,卖盘
1201,10:30:12,13.09,47133,36,卖盘
1202,10:30:15,13.09,34038,26,卖盘
1203,10:30:18,13.09,142722,109,卖盘
1204,10:30:21,13.1,146748,112,买盘
1205,10:30:24,13.1,41920,32,卖盘
1206,10:30:27,13.1,148030,113,卖盘
1207,10:30:30,13.1,159832,122,卖盘
1208,10:30:33,13.09,3316285,2534,卖盘
1209,10:30:36,13.1,103471,79,中性盘
1210,10:30:39,13.1,301200,230,买盘
1211,10:30:42,13.1,98249,75,买盘
1212,10:30:45,13.1,201629,154,买盘
1213,10:30:48,13.1,274993,210,买盘
1214,10:30:51,13.09,107355,82,卖盘
1215,10:30:54,13.09,49745,38,卖盘
1216,10:30:57,13.09,181997,139,卖盘
1217,10:31:00,13.09,407102,311,卖盘
1218,10:31:03,13.09,41888,32,卖盘
1219,10:31:06,13.09,3153272,2407,卖盘
1220,10:31:09,13.09,445195,340,卖盘
1221,10:31:12,13.09,180703,138,卖盘
1222,10:31:15,13.09,188497,144,卖盘
1223,10:31:18,13.09,154574,118,卖盘
1224,10:31:21,13.1,124370,95,买盘
1225,10:31:24,13.09,130904,100,卖盘
1226,10:31:27,13.1,936339,715,买盘
1227,10:31:30,13.09,45817,35,卖盘
1228,10:31:33,13.09,87709,67,卖盘
1229,10:31:36,13.09,102130,78,卖盘
1230,10:31:39,13.09,239554,183,卖盘
1231,10:31:42,13.09,78544,60,卖盘
1232,10:31:45,13.09,134859,103,卖盘
1233,10:31:48,13.09,90319,69,卖盘
1234,10:31:51,13.09,143990,110,买盘
1235,10:31:54,13.09,3927,3,买盘
1236,10:31:57,13.09,272116,208,买盘
1237,10:32:00,13.08,2153193,1646,卖盘
1238,10:32:03,13.09,365035,279,买盘
1239,10:32:06,13.08,170042,130,卖盘
1240,10:32:09,13.08,425109,325,卖盘
1241,10:32:12,13.08,561138,429,卖盘
1242,10:32:15,13.08,888241,679,卖盘
1243,10:32:18,13.08,545487,417,卖盘
1244,10:32:21,13.08,376704,288,卖盘
1245,10:32:24,13.08,1043962,798,卖盘
1246,10:32:27,13.08,455849,349,卖盘
1247,10:32:30,13.09,666930,510,买盘
1248,10:32:33,13.09,366679,280,卖盘
1249,10:32:36,13.09,104720,80,卖盘
1250,10:32:39,13.09,187187,143,卖盘
1251,10:32:42,13.09,174097,133,卖盘
1252,10:32:45,13.09,96871,74,卖盘
1253,10:32:48,13.09,18317,14,买盘
1254,10:32:51,13.09,13087,10,买盘
1255,10:32:54,13.09,70653,54,买盘
1256,10:32:57,13.09,147904,113,买盘
1257,10:33:00,13.08,130826,100,卖盘
1258,10:33:03,13.08,189724,145,卖盘
1259,10:33:06,13.09,219770,168,买盘
1260,10:33:09,13.09,48416,37,买盘
1261,10:33:12,13.08,253758,194,卖盘
1262,10:33:15,13.08,234791,180,卖盘
1263,10:33:18,13.08,98100,75,买盘
1264,10:33:21,13.07,181698,139,卖盘
1265,10:33:24,13.07,321538,246,卖盘
1266,10:33:27,13.07,589512,451,卖盘
1267,10:33:30,13.07,166002,127,卖盘
1268,10:33:33,13.08,3102440,2375,买盘
1269,10:33:36,13.08,905921,693,卖盘
1270,10:33:39,13.08,384313,294,买盘
1271,10:33:42,13.07,261450,200,卖盘
1272,10:33:45,13.08,96771,74,买盘
1273,10:33:48,13.08,129405,99,买盘
1274,10:33:51,13.07,284896,218,卖盘
1275,10:33:54,13.07,99340,76,买盘
1276,10:33:57,13.07,83644,64,卖盘
1277,10:34:00,13.07,94076,72,买盘
1278,10:34:03,13.06,218755,168,卖盘
1279,10:34:06,13.06,773119,592,卖盘
1280,10:34:09,13.06,272954,209,卖盘
1281,10:34:12,13.06,675171,517,卖盘
1282,10:34:15,13.06,274287,210,买盘
1283,10:34:18,13.06,150190,115,卖盘
1284,10:34:21,13.05,472763,362,卖盘
1285,10:34:24,13.06,701391,537,买盘
1286,10:34:27,13.06,443939,340,卖盘
1287,10:34:30,13.05,1394079,1068,卖盘
1288,10:34:33,13.06,182806,140,买盘
1289,10:34:36,13.06,79608,61,买盘
1290,10:34:39,13.05,210139,161,卖盘
1291,10:34:42,13.05,473161,363,卖盘
1292,10:34:45,13.04,357436,274,卖盘
1293,10:34:48,13.05,525582,403,买盘
1294,10:34:51,13.04,164345,126,卖盘
1295,10:34:54,13.04,872468,669,卖盘
1296,10:34:57,13.04,1771436,1358,卖盘
1297,10:35:00,13.04,487796,374,卖盘
1298,10:35:03,13.04,646834,496,买盘
1299,10:35:06,13.04,1102525,845,卖盘
1300,10:35:09,13.05,695637,533,中性盘
1301,10:35:12,13.05,194380,149,卖盘
1302,10:35:15,13.04,242692,186,卖盘
1303,10:35:18,13.04,331453,254,卖盘
1304,10:35:21,13.05,310419,238,买盘
1305,10:35:24,13.04,323454,248,卖盘
1306,10:35:27,13.05,457930,351,买盘
1307,10:35:30,13.05,584463,448,卖盘
1308,10:35:33,13.05,904039,693,买盘
1309,10:35:36,13.05,1626777,1248,中性盘
1310,10:35:39,13.04,153921,118,卖盘
1311,10:35:42,13.05,426018,327,买盘
1312,10:35:45,13.05,157905,121,卖盘
1313,10:35:48,13.05,176175,135,卖盘
1314,10:35:51,13.05,435974,334,卖盘
1315,10:35:54,13.05,182702,140,卖盘
1316,10:35:57,13.06,296285,227,买盘
1317,10:36:00,13.05,1824830,1398,卖盘
1318,10:36:03,13.05,309538,237,卖盘
1319,10:36:06,13.06,250677,192,卖盘
1320,10:36:09,13.06,99256,76,卖盘
1321,10:36:12,13.06,553734,424,卖盘
1322,10:36:15,13.07,223335,171,买盘
1323,10:36:18,13.07,368560,282,买盘
1324,10:36:21,13.07,154151,118,卖盘
1325,10:36:24,13.07,9149,7,卖盘
1326,10:36:27,13.07,7842,6,卖盘
1327,10:36:30,13.07,304457,233,卖盘
1328,10:36:33,13.06,73139,56,卖盘
1329,10:36:36,13.06,256003,196,卖盘
1330,10:36:39,13.05,66590,51,卖盘
1331,10:36:42,13.06,22203,17,中性盘
1332,10:36:45,13.05,105780,81,卖盘
1333,10:36:48,13.06,39176,30,买盘
1334,10:36:51,13.05,788222,604,卖盘
1335,10:36:54,13.04,74359,57,卖盘
1336,10:36:57,13.04,93924,72,卖盘
1337,10:37:00,13.05,109540,84,买盘
1338,10:37:03,13.04,332520,255,卖盘
1339,10:37:06,13.04,130416,100,卖盘
1340,10:37:09,13.04,99104,76,卖盘
1341,10:37:12,13.03,670254,514,卖盘
1342,10:37:15,13.03,345507,265,卖盘
1343,10:37:18,13.03,357223,274,卖盘
1344,10:37:21,13.03,865263,664,卖盘
1345,10:37:24,13.03,2638932,2026,卖盘
1346,10:37:27,13.02,264489,203,卖盘
1347,10:37:30,13.03,1425905,1095,买盘
1348,10:37:33,13.03,1064340,817,买盘
1349,10:37:36,13.02,634480,487,卖盘
1350,10:37:39,13.04,746493,573,买盘
1351,10:37:42,13.04,372717,286,买盘
1352,10:37:45,13.03,190238,146,卖盘
1353,10:37:48,13.03,345364,265,卖盘
1354,10:37:51,13.03,353116,271,卖盘
1355,10:37:54,13.03,478201,367,卖盘
1356,10:37:57,13.03,217601,167,卖盘
1357,10:38:00,13.03,61241,47,买盘
1358,10:38:03,13.02,423288,325,卖盘
1359,10:38:06,13.02,1389964,1067,卖盘
1360,10:38:09,13.02,223999,172,卖盘
1361,10:38:12,13.03,1699888,1305,买盘
1362,10:38:15,13.03,1047280,804,卖盘
1363,10:38:18,13.03,516091,396,卖盘
1364,10:38:21,13.05,1138315,873,买盘
1365,10:38:24,13.03,982655,754,卖盘
1366,10:38:27,13.05,503230,386,买盘
1367,10:38:30,13.03,63868,49,卖盘
1368,10:38:33,13.03,673710,517,卖盘
1369,10:38:36,13.03,161573,124,卖盘
1370,10:38:39,13.03,63847,49,卖盘
1371,10:38:42,13.03,114659,88,买盘
1372,10:38:45,13.02,196689,151,卖盘
1373,10:38:48,13.03,170713,131,卖盘
1374,10:38:51,13.03,246223,189,买盘
1375,10:38:54,13.03,217621,167,卖盘
1376,10:38:57,13.03,188935,145,卖盘
1377,10:39:00,13.03,265811,204,卖盘
1378,10:39:03,13.03,241152,185,卖盘
1379,10:39:06,13.03,112048,86,买盘
1380,10:39:09,13.02,424577,326,卖盘
1381,10:39:12,13.02,89888,69,卖盘
1382,10:39:15,13.03,222716,171,买盘
1383,10:39:18,13.02,444687,342,卖盘
1384,10:39:21,13.03,204503,157,买盘
1385,10:39:24,13.03,182325,140,买盘
1386,10:39:27,13.03,37773,29,卖盘
1387,10:39:30,13.03,181107,139,买盘
1388,10:39:33,13.03,844344,648,卖盘
1389,10:39:36,13.03,201844,155,买盘
1390,10:39:39,13.02,175784,135,卖盘
1391,10:39:42,13.03,127628,98,买盘
1392,10:39:45,13.02,218832,168,卖盘
1393,10:39:48,13.02,330854,254,卖盘
1394,10:39:51,13.03,95088,73,买盘
1395,10:39:54,13.03,180999,139,买盘
1396,10:39:57,13.03,169301,130,买盘
1397,10:40:00,13.02,110674,85,卖盘
1398,10:40:03,13.02,296925,228,卖盘
1399,10:40:06,13.02,238367,183,卖盘
1400,10:40:09,13.02,373749,287,卖盘
1401,10:40:12,13.02,208982,161,卖盘
1402,10:40:15,13.01,32540,25,卖盘
1403,10:40:18,13.03,1833904,1409,买盘
1404,10:40:21,13.03,575912,442,买盘
1405,10:40:24,13.03,177241,136,卖盘
1406,10:40:27,13.04,470423,361,买盘
1407,10:40:30,13.04,491623,377,买盘
1408,10:40:33,13.04,225603,173,卖盘
1409,10:40:36,13.04,590722,453,卖盘
1410,10:40:39,13.05,41729,32,买盘
1411,10:40:42,13.04,1086789,833,卖盘
1412,10:40:45,13.04,361442,277,卖盘
1413,10:40:48,13.04,108233,83,卖盘
1414,10:40:51,13.04,288192,221,卖盘
1415,10:40:54,13.04,7827,6,卖盘
1416,10:40:57,13.04,974119,747,卖盘
1417,10:41:00,13.04,76949,59,卖盘
1418,10:41:03,13.04,151286,116,卖盘
1419,10:41:06,13.04,24776,19,卖盘
1420,10:41:09,13.04,82156,63,卖盘
1421,10:41:12,13.04,35210,27,卖盘
1422,10:41:15,13.04,311803,239,卖盘
1423,10:41:18,13.05,1079309,827,买盘
1424,10:41:21,13.07,1439205,1102,买盘
1425,10:41:24,13.06,15672,12,卖盘
1426,10:41:27,13.06,27426,21,卖盘
1427,10:41:30,13.07,60093,46,买盘
1428,10:41:33,13.06,306910,235,卖盘
1429,10:41:36,13.06,84911,65,卖盘
1430,10:41:39,13.06,590316,452,卖盘
1431,10:41:42,13.06,84890,65,买盘
1432,10:41:45,13.05,300251,230,卖盘
1433,10:41:48,13.05,178822,137,卖盘
1434,10:41:51,13.06,82278,63,买盘
1435,10:41:54,13.06,31343,24,买盘
1436,10:41:57,13.06,208960,160,买盘
1437,10:42:00,13.06,11754,9,卖盘
1438,10:42:03,13.06,173634,133,卖盘
1439,10:42:06,13.06,155328,119,买盘
1440,10:42:09,13.05,293636,225,卖盘
1441,10:42:12,13.04,385984,296,卖盘
1442,10:42:15,13.05,24795,19,买盘
1443,10:42:18,13.05,56049,43,买盘
1444,10:42:21,13.03,71681,55,卖盘
1445,10:42:24,13.03,170703,131,卖盘
1446,10:42:27,13.03,170698,131,卖盘
1447,10:42:30,13.03,79495,61,卖盘
1448,10:42:33,13.03,423767,325,卖盘
1449,10:42:36,13.04,84715,65,买盘
1450,10:42:39,13.04,302312,232,卖盘
1451,10:42:42,13.04,45640,35,卖盘
1452,10:42:45,13.03,256802,197,卖盘
1453,10:42:48,13.03,194147,149,卖盘
1454,10:42:51,13.03,82091,63,卖盘
1455,10:42:54,13.03,347963,267,卖盘
1456,10:42:57,13.03,824799,633,卖盘
1457,10:43:00,13.03,97778,75,卖盘
1458,10:43:03,13.03,76877,59,卖盘
1459,10:43:06,13.03,168087,129,卖盘
1460,10:43:09,13.04,132930,102,买盘
1461,10:43:12,13.04,130320,100,买盘
1462,10:43:15,13.03,39090,30,卖盘
1463,10:43:18,13.02,940676,722,卖盘
1464,10:43:21,13.02,141927,109,卖盘
1465,10:43:24,13.02,1374968,1056,卖盘
1466,10:43:27,13.03,1891964,1452,买盘
1467,10:43:30,13.03,141465,109,卖盘
1468,10:43:33,13.03,314025,241,卖盘
1469,10:43:36,13.03,83406,64,卖盘
1470,10:43:39,13.03,158960,122,卖盘
1471,10:43:42,13.03,48216,37,卖盘
1472,10:43:45,13.02,4800482,3689,卖盘
1473,10:43:48,13.02,75560,58,卖盘
1474,10:43:51,13.02,55995,43,卖盘
1475,10:43:54,13.02,166775,128,卖盘
1476,10:43:57,13.02,69006,53,卖盘
1477,10:44:00,13.02,332155,255,卖盘
1478,10:44:03,13.03,352959,271,中性盘
1479,10:44:06,13.03,92513,71,卖盘
1480,10:44:09,13.03,546940,420,卖盘
1481,10:44:12,13.03,498014,382,卖盘
1482,10:44:15,13.03,231947,178,卖盘
1483,10:44:18,13.04,321964,247,中性盘
1484,10:44:21,13.04,669315,513,卖盘
1485,10:44:24,13.06,552102,423,买盘
1486,10:44:27,13.06,2078162,1594,买盘
1487,10:44:30,13.05,200986,154,卖盘
1488,10:44:33,13.05,391500,300,卖盘
1489,10:44:36,13.05,749074,574,买盘
1490,10:44:39,13.04,224364,172,卖盘
1491,10:44:42,13.06,509290,390,买盘
1492,10:44:45,13.07,147678,113,买盘
1493,10:44:48,13.05,285990,219,卖盘
1494,10:44:51,13.06,28722,22,买盘
1495,10:44:54,13.06,5224,4,买盘
1496,10:44:57,13.05,1183761,907,卖盘
1497,10:45:00,13.06,31346,24,中性盘
1498,10:45:03,13.06,134472,103,买盘
1499,10:45:06,13.06,339604,260,卖盘
1500,10:45:09,13.07,13066,10,中性盘
1501,10:45:12,13.06,39184,30,卖盘
1502,10:45:15,13.07,7839,6,买盘
1503,10:45:18,13.07,94044,72,买盘
1504,10:45:21,13.06,113658,87,卖盘
1505,10:45:24,13.06,62693,48,卖盘
1506,10:45:27,13.06,53568,41,卖盘
1507,10:45:30,13.06,18284,14,卖盘
1508,10:45:33,13.07,88826,68,买盘
1509,10:45:36,13.07,165978,127,买盘
1510,10:45:39,13.08,664554,508,买盘
1511,10:45:42,13.07,2661187,2037,卖盘
1512,10:45:45,13.08,56244,43,卖盘
1513,10:45:48,13.08,31392,24,卖盘
1514,10:45:51,13.08,66709,51,卖盘
1515,10:45:54,13.08,712860,545,卖盘
1516,10:45:57,13.08,17003,13,买盘
1517,10:46:03,13.07,70630,54,卖盘
1518,10:46:06,13.07,27457,21,卖盘
1519,10:46:09,13.08,30078,23,买盘
1520,10:46:12,13.07,82341,63,卖盘
1521,10:46:15,13.07,81047,62,卖盘
1522,10:46:18,13.06,3301270,2530,卖盘
1523,10:46:21,13.06,7836,6,中性盘
1524,10:46:24,13.07,3921,3,买盘
1525,10:46:27,13.06,1652726,1268,卖盘
1526,10:46:30,13.05,44394,34,卖盘
1527,10:46:33,13.06,26120,20,买盘
1528,10:46:36,13.05,341945,262,卖盘
1529,10:46:39,13.05,131891,101,卖盘
1530,10:46:42,13.05,212799,163,卖盘
1531,10:46:45,13.06,57430,44,中性盘
1532,10:46:48,13.05,194453,149,卖盘
1533,10:46:51,13.04,687439,527,卖盘
1534,10:46:54,13.05,75627,58,买盘
1535,10:46:57,13.05,109496,84,买盘
1536,10:47:00,13.04,39123,30,卖盘
1537,10:47:03,13.05,119983,92,买盘
1538,10:47:06,13.05,45660,35,买盘
1539,10:47:09,13.04,11736,9,卖盘
1540,10:47:12,13.04,260820,200,卖盘
1541,10:47:15,13.04,99104,76,买盘
1542,10:47:18,13.03,129051,99,卖盘
1543,10:47:21,13.03,49528,38,卖盘
1544,10:47:24,13.04,1304,1,中性盘
1545,10:47:27,13.03,91227,70,卖盘
1546,10:47:30,13.03,20848,16,卖盘
1547,10:47:33,13.03,24757,19,卖盘
1548,10:47:36,13.03,435310,334,卖盘
1549,10:47:39,13.03,97725,75,卖盘
1550,10:47:42,13.02,276231,212,卖盘
1551,10:47:45,13.02,337228,259,卖盘
1552,10:47:48,13.03,7815,6,买盘
1553,10:47:51,13.02,28644,22,卖盘
1554,10:47:54,13.03,40393,31,买盘
1555,10:47:57,13.02,481744,370,卖盘
1556,10:48:00,13.02,194016,149,卖盘
1557,10:48:03,13.03,15630,12,买盘
1558,10:48:06,13.02,109388,84,卖盘
1559,10:48:09,13.04,264529,203,买盘
1560,10:48:12,13.03,129013,99,卖盘
1561,10:48:15,13.03,80786,62,卖盘
1562,10:48:18,13.04,349411,268,买盘
1563,10:48:21,13.04,69126,53,卖盘
1564,10:48:24,13.04,629622,483,卖盘
1565,10:48:27,13.04,18256,14,买盘
1566,10:48:30,13.03,13031,10,卖盘
1567,10:48:33,13.04,79484,61,买盘
1568,10:48:36,13.03,43002,33,卖盘
1569,10:48:39,13.04,48244,37,买盘
1570,10:48:42,13.04,29985,23,买盘
1571,10:48:45,13.03,13031,10,卖盘
1572,10:48:48,13.03,41700,32,卖盘
1573,10:48:51,13.04,165491,127,买盘
1574,10:48:54,13.04,122496,94,买盘
1575,10:48:57,13.03,214995,165,卖盘
1576,10:49:00,13.04,29972,23,买盘
1577,10:49:03,13.03,188958,145,卖盘
1578,10:49:06,13.04,66500,51,买盘
1579,10:49:09,13.03,250176,192,卖盘
1580,10:49:12,13.03,655411,503,卖盘
1581,10:49:15,13.03,181017,139,买盘
1582,10:49:18,13.02,148445,114,卖盘
1583,10:49:21,13.02,564027,433,卖盘
1584,10:49:24,13.02,9115,7,卖盘
1585,10:49:27,13.02,117180,90,卖盘
1586,10:49:30,13.02,132815,102,卖盘
1587,10:49:33,13.02,229296,176,卖盘
1588,10:49:36,13.01,1644864,1264,卖盘
1589,10:49:39,13.01,148318,114,卖盘
1590,10:49:42,13.02,18228,14,买盘
1591,10:49:45,13.01,805383,619,卖盘
1592,10:49:48,13.01,227685,175,卖盘
1593,10:49:51,13.01,558763,429,卖盘
1594,10:49:54,13.01,18214,14,买盘
1595,10:49:57,13.0,570818,439,卖盘
1596,10:50:00,13.0,512267,394,卖盘
1597,10:50:03,13.01,1475733,1135,买盘
1598,10:50:06,13.0,136515,105,卖盘
1599,10:50:09,13.01,1117040,859,买盘
1600,10:50:12,13.02,375535,289,买盘
1601,10:50:15,13.01,430674,331,卖盘
1602,10:50:18,13.02,337077,259,卖盘
1603,10:50:21,13.03,1091289,838,买盘
1604,10:50:24,13.02,242221,186,卖盘
1605,10:50:27,13.02,33852,26,卖盘
1606,10:50:30,13.03,121094,93,买盘
1607,10:50:33,13.03,179774,138,买盘
1608,10:50:36,13.03,138026,106,买盘
1609,10:50:39,13.03,139388,107,买盘
1610,10:50:42,13.02,310091,238,卖盘
1611,10:50:45,13.03,67731,52,买盘
1612,10:50:48,13.03,82089,63,卖盘
1613,10:50:51,13.02,139335,107,卖盘
1614,10:50:54,13.03,411723,316,买盘
1615,10:50:57,13.03,265912,204,卖盘
1616,10:51:00,13.03,314170,241,卖盘
1617,10:51:03,13.03,54729,42,卖盘
1618,10:51:06,13.03,122486,94,卖盘
1619,10:51:09,13.03,115968,89,卖盘
1620,10:51:12,13.03,112058,86,卖盘
1621,10:51:15,13.03,480832,369,卖盘
1622,10:51:18,13.03,110755,85,卖盘
1623,10:51:21,13.03,191541,147,卖盘
1624,10:51:24,13.03,109452,84,买盘
1625,10:51:27,13.02,7839020,6028,卖盘
1626,10:51:30,13.02,23434,18,卖盘
1627,10:51:33,13.02,328108,252,卖盘
1628,10:51:36,13.02,212276,163,买盘
1629,10:51:39,13.02,76818,59,卖盘
1630,10:51:42,13.02,417942,321,卖盘
1631,10:51:45,13.02,131512,101,买盘
1632,10:51:48,13.02,174488,134,卖盘
1633,10:51:51,13.02,415178,319,卖盘
1634,10:51:54,13.02,88536,68,卖盘
1635,10:51:57,13.02,213528,164,卖盘
1636,10:52:00,13.03,52090,40,买盘
1637,10:52:03,13.02,277224,213,卖盘
1638,10:52:06,13.03,2611519,2004,买盘
1639,10:52:09,13.04,228202,175,买盘
1640,10:52:12,13.04,189040,145,卖盘
1641,10:52:18,13.04,18259,14,卖盘
1642,10:52:21,13.04,7824,6,卖盘
1643,10:52:24,13.04,71756,55,卖盘
1644,10:52:27,13.04,150030,115,卖盘
1645,10:52:30,13.05,153919,118,买盘
1646,10:52:33,13.04,30009,23,卖盘
1647,10:52:36,13.05,452814,347,买盘
1648,10:52:39,13.05,341742,262,买盘
1649,10:52:42,13.04,179958,138,卖盘
1650,10:52:45,13.05,152641,117,买盘
1651,10:52:48,13.05,15658,12,卖盘
1652,10:52:51,13.05,10440,8,卖盘
1653,10:52:54,13.05,26100,20,卖盘
1654,10:53:00,13.05,18272,14,卖盘
1655,10:53:03,13.05,407260,312,卖盘
1656,10:53:06,13.05,90058,69,卖盘
1657,10:53:09,13.05,71775,55,买盘
1658,10:53:12,13.05,16965,13,买盘
1659,10:53:15,13.04,37816,29,卖盘
1660,10:53:18,13.05,14347,11,买盘
1661,10:53:24,13.04,229674,176,卖盘
1662,10:53:27,13.04,69124,53,卖盘
1663,10:53:30,13.04,65203,50,卖盘
1664,10:53:33,13.05,40431,31,买盘
1665,10:53:36,13.04,449890,345,卖盘
1666,10:53:39,13.04,53464,41,卖盘
1667,10:53:42,13.04,19561,15,卖盘
1668,10:53:45,13.04,174817,134,卖盘
1669,10:53:48,13.04,138224,106,卖盘
1670,10:53:51,13.04,26080,20,买盘
1671,10:53:54,13.04,467847,359,买盘
1672,10:53:57,13.04,103017,79,卖盘
1673,10:54:00,13.04,61288,47,卖盘
1674,10:54:03,13.04,56073,43,卖盘
1675,10:54:06,13.04,140835,108,卖盘
1676,10:54:09,13.04,48248,37,买盘
1677,10:54:12,13.04,19560,15,买盘
1678,10:54:15,13.03,37787,29,卖盘
1679,10:54:18,13.03,24767,19,卖盘
1680,10:54:21,13.04,28671,22,买盘
1681,10:54:24,13.04,2608,2,买盘
1682,10:54:27,13.04,52145,40,买盘
1683,10:54:30,13.04,63889,49,买盘
1684,10:54:33,13.04,73021,56,买盘
1685,10:54:36,13.03,87354,67,卖盘
1686,10:54:39,13.03,237292,182,卖盘
1687,10:54:42,13.03,57340,44,卖盘
1688,10:54:45,13.04,31296,24,买盘
1689,10:54:48,13.04,48224,37,买盘
1690,10:54:51,13.04,92584,71,买盘
1691,10:54:54,13.04,699215,536,买盘
1692,10:54:57,13.04,57376,44,卖盘
1693,10:55:00,13.04,73029,56,卖盘
1694,10:55:03,13.04,429016,329,卖盘
1695,10:55:06,13.04,79548,61,卖盘
1696,10:55:09,13.04,10433,8,卖盘
1697,10:55:12,13.04,284272,218,卖盘
1698,10:55:15,13.04,26080,20,买盘
1699,10:55:18,13.03,318188,244,卖盘
1700,10:55:21,13.03,22151,17,卖盘
1701,10:55:24,13.04,156385,120,买盘
1702,10:55:27,13.03,134209,103,卖盘
1703,10:55:30,13.03,125088,96,卖盘
1704,10:55:33,13.03,74291,57,卖盘
1705,10:55:36,13.04,72969,56,买盘
1706,10:55:39,13.04,52138,40,买盘
1707,10:55:42,13.04,229417,176,买盘
1708,10:55:45,13.03,57333,44,卖盘
1709,10:55:48,13.03,33879,26,卖盘
1710,10:55:51,13.04,28668,22,买盘
1711,10:55:54,13.04,87310,67,买盘
1712,10:55:57,13.03,29978,23,卖盘
1713,10:56:00,13.04,28669,22,买盘
1714,10:56:03,13.03,263216,202,卖盘
1715,10:56:06,13.03,164179,126,卖盘
1716,10:56:09,13.03,18242,14,卖盘
1717,10:56:12,13.04,31283,24,买盘
1718,10:56:15,13.03,16951,13,卖盘
1719,10:56:18,13.04,19548,15,买盘
1720,10:56:21,13.03,653278,501,卖盘
1721,10:56:24,13.04,91226,70,买盘
1722,10:56:27,13.04,384443,295,买盘
1723,10:56:30,13.04,29976,23,买盘
1724,10:56:33,13.03,52127,40,卖盘
1725,10:56:36,13.03,106871,82,卖盘
1726,10:56:39,13.04,52150,40,买盘
1727,10:56:42,13.03,695802,534,卖盘
1728,10:56:45,13.03,41707,32,卖盘
1729,10:56:48,13.04,31289,24,买盘
1730,10:56:51,13.04,100377,77,买盘
1731,10:56:54,13.03,43014,33,卖盘
1732,10:56:57,13.04,292091,224,买盘
1733,10:57:00,13.04,83456,64,买盘
1734,10:57:03,13.03,59968,46,卖盘
1735,10:57:06,13.04,18256,14,买盘
1736,10:57:09,13.03,5212,4,卖盘
1737,10:57:12,13.03,44309,34,卖盘
1738,10:57:15,13.03,23454,18,卖盘
1739,10:57:18,13.03,40403,31,卖盘
1740,10:57:21,13.03,824847,633,卖盘
1741,10:57:24,13.03,116000,89,卖盘
1742,10:57:27,13.03,42999,33,卖盘
1743,10:57:30,13.03,66463,51,卖盘
1744,10:57:33,13.03,323144,248,买盘
1745,10:57:36,13.02,62539,48,卖盘
1746,10:57:39,13.02,28653,22,卖盘
1747,10:57:42,13.03,50791,39,买盘
1748,10:57:45,13.02,40364,31,卖盘
1749,10:57:48,13.02,1338644,1028,卖盘
1750,10:57:51,13.03,42998,33,买盘
1751,10:57:54,13.02,57288,44,卖盘
1752,10:57:57,13.02,295569,227,卖盘
1753,10:58:00,13.02,33858,26,卖盘
1754,10:58:03,13.03,119835,92,买盘
1755,10:58:06,13.02,201948,155,卖盘
1756,10:58:09,13.02,59901,46,卖盘
1757,10:58:12,13.02,2798278,2151,卖盘
1758,10:58:15,13.02,184883,142,买盘
1759,10:58:18,13.02,63793,49,买盘
1760,10:58:21,13.02,126286,97,买盘
1761,10:58:24,13.02,301860,232,买盘
1762,10:58:27,13.02,91130,70,买盘
1763,10:58:30,13.02,32550,25,买盘
1764,10:58:33,13.01,41638,32,卖盘
1765,10:58:36,13.02,40341,31,买盘
1766,10:58:39,13.01,130100,100,卖盘
1767,10:58:42,13.01,36435,28,卖盘
1768,10:58:45,13.01,33826,26,卖盘
1769,10:58:48,13.01,104080,80,卖盘
1770,10:58:51,13.01,107989,83,卖盘
1771,10:58:54,13.01,573780,441,卖盘
1772,10:58:57,13.01,187423,144,卖盘
1773,10:59:00,13.02,855419,657,买盘
1774,10:59:03,13.02,287678,221,卖盘
1775,10:59:06,13.02,469786,361,卖盘
1776,10:59:09,13.02,15617,12,买盘
1777,10:59:12,13.02,31245,24,买盘
1778,10:59:15,13.02,26040,20,买盘
1779,10:59:18,13.02,15622,12,买盘
1780,10:59:21,13.01,256316,197,卖盘
1781,10:59:24,13.01,572186,440,卖盘
1782,10:59:27,13.01,212086,163,卖盘
1783,10:59:30,13.01,111911,86,卖盘
1784,10:59:33,13.01,46845,36,卖盘
1785,10:59:36,13.01,66351,51,卖盘
1786,10:59:39,13.01,706291,543,卖盘
1787,10:59:42,13.01,143110,110,买盘
1788,10:59:45,13.01,193850,149,买盘
1789,10:59:48,13.01,81963,63,卖盘
1790,10:59:51,13.01,200293,154,买盘
1791,10:59:54,13.0,111861,86,卖盘
1792,10:59:57,13.0,248419,191,卖盘
1793,11:00:00,13.0,72816,56,卖盘
1794,11:00:03,13.0,299021,230,卖盘
1795,11:00:06,13.0,105305,81,卖盘
1796,11:00:09,13.01,165199,127,买盘
1797,11:00:12,13.01,83264,64,卖盘
1798,11:00:15,13.01,81963,63,卖盘
1799,11:00:18,13.02,683262,525,买盘
1800,11:00:21,13.03,950102,730,买盘
1801,11:00:24,13.02,285020,219,卖盘
1802,11:00:27,13.02,536439,412,卖盘
1803,11:00:30,13.02,100297,77,卖盘
1804,11:00:33,13.02,106764,82,卖盘
1805,11:00:36,13.02,54684,42,买盘
1806,11:00:39,13.02,113243,87,卖盘
1807,11:00:42,13.02,26040,20,买盘
1808,11:00:45,13.03,253938,195,买盘
1809,11:00:48,13.03,28654,22,买盘
1810,11:00:51,13.03,45572,35,买盘
1811,11:00:54,13.02,123707,95,卖盘
1812,11:00:57,13.02,29949,23,卖盘
1813,11:01:00,13.02,42966,33,卖盘
1814,11:01:03,13.02,362026,278,卖盘
1815,11:01:06,13.02,141922,109,卖盘
1816,11:01:09,13.02,174435,134,卖盘
1817,11:01:12,13.02,23436,18,买盘
1818,11:01:15,13.01,28627,22,卖盘
1819,11:01:18,13.02,3906,3,买盘
1820,11:01:21,13.02,65054,50,买盘
1821,11:01:24,13.02,24724,19,买盘
1822,11:01:27,13.01,413718,318,卖盘
1823,11:01:30,13.01,57244,44,卖盘
1824,11:01:33,13.02,106728,82,买盘
1825,11:01:36,13.02,88518,68,买盘
1826,11:01:39,13.01,18219,14,卖盘
1827,11:01:42,13.01,93677,72,卖盘
1828,11:01:45,13.01,167829,129,卖盘
1829,11:01:48,13.01,104090,80,卖盘
1830,11:01:51,13.01,640092,492,卖盘
1831,11:01:54,13.01,422834,325,买盘
1832,11:01:57,13.01,36428,28,卖盘
1833,11:02:00,13.01,969956,745,卖盘
1834,11:02:03,13.02,856560,658,买盘
1835,11:02:06,13.02,119817,92,卖盘
1836,11:02:09,13.02,66402,51,卖盘
1837,11:02:12,13.03,222679,171,买盘
1838,11:02:15,13.02,27342,21,卖盘
1839,11:02:18,13.02,6510,5,卖盘
1840,11:02:21,13.02,118513,91,卖盘
1841,11:02:24,13.02,136712,105,卖盘
1842,11:02:27,13.02,40362,31,卖盘
1843,11:02:30,13.03,164166,126,买盘
1844,11:02:33,13.03,558587,429,买盘
1845,11:02:36,13.02,337242,259,卖盘
1846,11:02:39,13.02,78132,60,卖盘
1847,11:02:42,13.02,35157,27,卖盘
1848,11:02:45,13.03,1025457,787,买盘
1849,11:02:48,13.04,27374,21,买盘
1850,11:02:51,13.03,340124,261,卖盘
1851,11:02:54,13.04,15648,12,买盘
1852,11:02:57,13.04,442041,339,买盘
1853,11:03:00,13.04,681668,523,买盘
1854,11:03:06,13.04,142243,109,卖盘
1855,11:03:09,13.04,57398,44,卖盘
1856,11:03:12,13.04,91338,70,卖盘
1857,11:03:15,13.04,282968,217,卖盘
1858,11:03:18,13.04,341648,262,卖盘
1859,11:03:21,13.04,268624,206,买盘
1860,11:03:24,13.04,45640,35,买盘
1861,11:03:27,13.04,96496,74,卖盘
1862,11:03:30,13.04,22179,17,卖盘
1863,11:03:33,13.04,37824,29,卖盘
1864,11:03:36,13.05,726885,557,买盘
1865,11:03:39,13.05,433268,332,卖盘
1866,11:03:42,13.05,9136,7,卖盘
1867,11:03:45,13.05,32625,25,卖盘
1868,11:03:48,13.06,19576,15,买盘
1869,11:03:51,13.05,52207,40,卖盘
1870,11:03:57,13.05,194444,149,卖盘
1871,11:04:00,13.05,123975,95,买盘
1872,11:04:03,13.05,69165,53,买盘
1873,11:04:06,13.05,108315,83,买盘
1874,11:04:09,13.05,133065,102,买盘
1875,11:04:12,13.05,6525,5,中性盘
1876,11:04:15,13.05,11745,9,卖盘
1877,11:04:18,13.05,129279,99,买盘
1878,11:04:21,13.04,125228,96,卖盘
1879,11:04:24,13.05,67860,52,中性盘
1880,11:04:27,13.06,96571,74,买盘
1881,11:04:30,13.06,2611,2,买盘
1882,11:04:33,13.06,45688,35,买盘
1883,11:04:36,13.06,70523,54,买盘
1884,11:04:39,13.06,37866,29,买盘
1885,11:04:42,13.06,279484,214,买盘
1886,11:04:45,13.06,71858,55,卖盘
1887,11:04:48,13.06,335678,257,卖盘
1888,11:04:51,13.06,190713,146,卖盘
1889,11:04:54,13.06,97950,75,卖盘
1890,11:04:57,13.07,49666,38,买盘
1891,11:05:00,13.07,435221,333,买盘
1892,11:05:03,13.07,82341,63,买盘
1893,11:05:06,13.08,49690,38,买盘
1894,11:05:09,13.08,78465,60,买盘
1895,11:05:12,13.07,90212,69,卖盘
1896,11:05:15,13.07,7847,6,卖盘
1897,11:05:18,13.08,248520,190,买盘
1898,11:05:21,13.08,167410,128,买盘
1899,11:05:24,13.08,213116,163,买盘
1900,11:05:27,13.08,15693,12,买盘
1901,11:05:30,13.08,316368,242,买盘
1902,11:05:33,13.07,614253,470,卖盘
1903,11:05:36,13.07,45745,35,买盘
1904,11:05:39,13.05,938709,719,卖盘
1905,11:05:42,13.07,43100,33,买盘
1906,11:05:45,13.06,124039,95,中性盘
1907,11:05:48,13.07,62700,48,买盘
1908,11:05:51,13.06,165991,127,中性盘
1909,11:05:54,13.06,56166,43,中性盘
1910,11:05:57,13.06,19598,15,卖盘
1911,11:06:00,13.06,45728,35,卖盘
1912,11:06:03,13.06,40486,31,买盘
1913,11:06:06,13.05,13059,10,卖盘
1914,11:06:09,13.05,326252,250,卖盘
1915,11:06:12,13.05,16965,13,买盘
1916,11:06:15,13.06,13060,10,买盘
1917,11:06:18,13.05,125226,96,卖盘
1918,11:06:21,13.05,20880,16,买盘
1919,11:06:24,13.05,105754,81,买盘
1920,11:06:27,13.06,9142,7,买盘
1921,11:06:30,13.05,32627,25,卖盘
1922,11:06:33,13.06,107042,82,买盘
1923,11:06:36,13.05,16965,13,卖盘
1924,11:06:39,13.06,122727,94,买盘
1925,11:06:42,13.05,56115,43,卖盘
1926,11:06:45,13.05,31320,24,买盘
1927,11:06:48,13.05,28727,22,卖盘
1928,11:06:51,13.05,5222,4,卖盘
1929,11:06:54,13.06,1306,1,中性盘
1930,11:06:57,13.06,7837,6,卖盘
1931,11:07:00,13.06,91420,70,卖盘
1932,11:07:03,13.06,11754,9,卖盘
1933,11:07:06,13.06,27436,21,卖盘
1934,11:07:09,13.06,23508,18,卖盘
1935,11:07:12,13.06,39208,30,卖盘
1936,11:07:15,13.06,53550,41,卖盘
1937,11:07:18,13.07,5228,4,买盘
1938,11:07:21,13.07,406192,311,买盘
1939,11:07:24,13.07,297967,228,买盘
1940,11:07:27,13.07,65350,50,买盘
1941,11:07:30,13.07,82338,63,买盘
1942,11:07:33,13.08,232634,178,买盘
1943,11:07:36,13.06,196032,150,卖盘
1944,11:07:39,13.07,20912,16,卖盘
1945,11:07:42,13.08,2616,2,买盘
1946,11:07:45,13.08,422392,323,买盘
1947,11:07:48,13.07,139872,107,卖盘
1948,11:07:51,13.07,56201,43,买盘
1949,11:07:54,13.07,1307,1,买盘
1950,11:07:57,13.06,86257,66,卖盘
1951,11:08:00,13.07,78479,60,中性盘
1952,11:08:03,13.08,5232,4,买盘
1953,11:08:06,13.07,197341,151,卖盘
1954,11:08:09,13.07,139852,107,卖盘
1955,11:08:12,13.07,703939,539,中性盘
1956,11:08:15,13.07,2614,2,买盘
1957,11:08:18,13.07,11755,9,买盘
1958,11:08:24,13.06,60076,46,买盘
1959,11:08:27,13.05,83561,64,卖盘
1960,11:08:30,13.06,11746,9,买盘
1961,11:08:33,13.06,270145,207,买盘
1962,11:08:36,13.06,71785,55,买盘
1963,11:08:39,13.06,2612,2,买盘
1964,11:08:42,13.05,375870,288,卖盘
1965,11:08:45,13.06,97883,75,买盘
1966,11:08:48,13.06,101842,78,买盘
1967,11:08:51,13.06,24807,19,买盘
1968,11:08:54,13.06,32640,25,买盘
1969,11:08:57,13.05,77025,59,卖盘
1970,11:09:00,13.06,1306,1,买盘
1971,11:09:03,13.06,26120,20,卖盘
1972,11:09:06,13.06,33956,26,卖盘
1973,11:09:09,13.06,10448,8,卖盘
1974,11:09:12,13.06,33964,26,卖盘
1975,11:09:15,13.06,6530,5,卖盘
1976,11:09:18,13.07,10456,8,买盘
1977,11:09:21,13.07,205108,157,买盘
1978,11:09:24,13.06,84890,65,卖盘
1979,11:09:27,13.06,6533,5,卖盘
1980,11:09:30,13.07,14377,11,买盘
1981,11:09:33,13.07,49666,38,买盘
1982,11:09:36,13.07,10450,8,卖盘
1983,11:09:39,13.07,2614,2,中性盘
1984,11:09:42,13.07,3921,3,买盘
1985,11:09:45,13.08,241648,185,买盘
1986,11:09:48,13.06,40527,31,卖盘
1987,11:09:51,13.07,10455,8,买盘
1988,11:09:54,13.07,54862,42,买盘
1989,11:09:57,13.06,49657,38,卖盘
1990,11:10:00,13.07,15684,12,买盘
1991,11:10:03,13.07,137220,105,买盘
1992,11:10:06,13.06,483220,370,卖盘
1993,11:10:09,13.06,18283,14,中性盘
1994,11:10:12,13.05,91354,70,卖盘
1995,11:10:15,13.06,15671,12,买盘
1996,11:10:18,13.05,1007460,772,卖盘
1997,11:10:21,13.04,2608,2,卖盘
1998,11:10:24,13.05,24795,19,买盘
1999,11:10:27,13.04,49557,38,卖盘
2000,11:10:30,13.04,69121,53,卖盘
2001,11:10:33,13.05,301442,231,买盘
2002,11:10:36,13.04,113528,87,卖盘
2003,11:10:39,13.05,18265,14,买盘
2004,11:10:42,13.04,32600,25,卖盘
2005,11:10:45,13.04,40424,31,卖盘
2006,11:10:48,13.05,104323,80,买盘
2007,11:10:51,13.04,52164,40,卖盘
2008,11:10:54,13.04,6520,5,卖盘
2009,11:10:57,13.04,67810,52,卖盘
2010,11:11:00,13.04,5217,4,卖盘
2011,11:11:03,13.03,112143,86,卖盘
2012,11:11:09,13.04,114685,88,买盘
2013,11:11:12,13.03,24772,19,卖盘
2014,11:11:15,13.03,24764,19,卖盘
2015,11:11:18,13.03,13030,10,卖盘
2016,11:11:21,13.03,57336,44,卖盘
2017,11:11:24,13.03,436505,335,卖盘
2018,11:11:27,13.03,11727,9,卖盘
2019,11:11:30,13.04,70373,54,买盘
2020,11:11:33,13.03,15636,12,卖盘
2021,11:11:36,13.03,5212,4,卖盘
2022,11:11:39,13.03,160279,123,卖盘
2023,11:11:42,13.03,492534,378,卖盘
2024,11:11:45,13.03,135512,104,买盘
2025,11:11:48,13.02,46878,36,卖盘
2026,11:11:51,13.03,61211,47,买盘
2027,11:11:54,13.02,419547,322,卖盘
2028,11:11:57,13.02,221358,170,卖盘
2029,11:12:00,13.02,5210,4,卖盘
2030,11:12:03,13.02,61254,47,卖盘
2031,11:12:06,13.03,67718,52,买盘
2032,11:12:09,13.03,41685,32,卖盘
2033,11:12:12,13.03,114587,88,买盘
2034,11:12:15,13.03,15636,12,买盘
2035,11:12:18,13.03,23437,18,买盘
2036,11:12:21,13.03,71645,55,买盘
2037,11:12:24,13.03,122462,94,买盘
2038,11:12:27,13.03,635873,488,卖盘
2039,11:12:30,13.02,174636,134,卖盘
2040,11:12:33,13.03,23454,18,买盘
2041,11:12:36,13.02,36470,28,卖盘
2042,11:12:39,13.03,15632,12,买盘
2043,11:12:42,13.02,55990,43,卖盘
2044,11:12:45,13.03,54695,42,买盘
2045,11:12:48,13.02,99021,76,卖盘
2046,11:12:51,13.02,75550,58,卖盘
2047,11:12:54,13.02,36457,28,卖盘
2048,11:12:57,13.03,187489,144,买盘
2049,11:13:00,13.02,24738,19,卖盘
2050,11:13:03,13.02,75521,58,卖盘
2051,11:13:06,13.02,93767,72,卖盘
2052,11:13:09,13.02,48180,37,卖盘
2053,11:13:12,13.02,22141,17,卖盘
2054,11:13:15,13.02,46896,36,卖盘
2055,11:13:18,13.03,19545,15,中性盘
2056,11:13:21,13.03,153762,118,卖盘
2057,11:13:24,13.02,251475,193,卖盘
2058,11:13:27,13.03,16939,13,买盘
2059,11:13:33,13.03,16939,13,买盘
2060,11:13:36,13.01,1938748,1490,卖盘
2061,11:13:39,13.01,85867,66,卖盘
2062,11:13:42,13.02,7812,6,买盘
2063,11:13:45,13.0,195116,150,卖盘
2064,11:13:48,13.02,123672,95,买盘
2065,11:13:51,13.01,356296,274,卖盘
2066,11:13:54,13.01,117094,90,卖盘
2067,11:13:57,13.01,83272,64,卖盘
2068,11:14:00,13.02,42950,33,买盘
2069,11:14:03,13.02,119784,92,卖盘
2070,11:14:06,13.02,171864,132,卖盘
2071,11:14:09,13.01,91070,70,卖盘
2072,11:14:12,13.02,31248,24,买盘
2073,11:14:15,13.01,206981,159,卖盘
2074,11:14:18,13.02,54682,42,买盘
2075,11:14:21,13.01,48138,37,卖盘
2076,11:14:24,13.02,42946,33,买盘
2077,11:14:27,13.02,16926,13,买盘
2078,11:14:30,13.01,36431,28,卖盘
2079,11:14:33,13.01,10408,8,卖盘
2080,11:14:36,13.02,148329,114,买盘
2081,11:14:39,13.01,15612,12,卖盘
2082,11:14:42,13.01,141819,109,卖盘
2083,11:14:45,13.01,214718,165,卖盘
2084,11:14:48,13.01,70264,54,卖盘
2085,11:14:51,13.01,949208,730,买盘
2086,11:14:54,13.01,167926,129,卖盘
2087,11:14:57,13.02,290315,223,买盘
2088,11:15:00,13.02,81994,63,买盘
2089,11:15:03,13.02,26040,20,卖盘
2090,11:15:06,13.02,33852,26,卖盘
2091,11:15:09,13.03,188800,145,买盘
2092,11:15:12,13.02,82021,63,卖盘
2093,11:15:15,13.02,13020,10,买盘
2094,11:15:21,13.01,527279,405,卖盘
2095,11:15:24,13.02,44253,34,买盘
2096,11:15:27,13.02,119784,92,买盘
2097,11:15:30,13.02,178309,137,买盘
2098,11:15:33,13.02,282403,217,买盘
2099,11:15:36,13.02,184744,142,买盘
2100,11:15:39,13.01,110622,85,卖盘
2101,11:15:42,13.02,265470,204,买盘
2102,11:15:45,13.01,49438,38,卖盘
2103,11:15:48,13.02,269481,207,买盘
2104,11:15:51,13.02,173092,133,买盘
2105,11:15:54,13.01,278417,214,卖盘
2106,11:15:57,13.01,175758,135,卖盘
2107,11:16:00,13.01,135304,104,卖盘
2108,11:16:03,13.01,26034,20,卖盘
2109,11:16:06,13.01,135304,104,卖盘
2110,11:16:09,13.01,317459,244,卖盘
2111,11:16:12,13.02,54645,42,买盘
2112,11:16:15,13.01,29923,23,卖盘
2113,11:16:18,13.01,2602,2,卖盘
2114,11:16:21,13.02,72869,56,买盘
2115,11:16:24,13.01,291424,224,卖盘
2116,11:16:27,13.01,57244,44,卖盘
2117,11:16:30,13.01,19515,15,卖盘
2118,11:16:33,13.01,9107,7,卖盘
2119,11:16:36,13.01,2602,2,卖盘
2120,11:16:39,13.01,131401,101,卖盘
2121,11:16:42,13.01,44234,34,买盘
2122,11:16:45,13.01,160028,123,买盘
2123,11:16:48,13.01,61147,47,卖盘
2124,11:16:51,13.01,83264,64,卖盘
2125,11:16:54,13.01,387723,298,卖盘
2126,11:16:57,13.01,49438,38,卖盘
2127,11:17:00,13.01,44234,34,买盘
2128,11:17:03,13.01,1301,1,卖盘
2129,11:17:06,13.01,174434,134,卖盘
2130,11:17:09,13.02,16917,13,买盘
2131,11:17:12,13.02,11717,9,买盘
2132,11:17:15,13.02,182280,140,买盘
2133,11:17:18,13.02,55986,43,买盘
2134,11:17:21,13.01,58583,45,卖盘
2135,11:17:24,13.02,158844,122,买盘
2136,11:17:27,13.02,424451,326,买盘
2137,11:17:30,13.02,106764,82,卖盘
2138,11:17:33,13.02,5208,4,卖盘
2139,11:17:39,13.02,19542,15,卖盘
2140,11:17:42,13.02,175770,135,卖盘
2141,11:17:45,13.03,53392,41,买盘
2142,11:17:48,13.02,14322,11,卖盘
2143,11:17:54,13.03,567778,436,买盘
2144,11:17:57,13.03,153748,118,买盘
2145,11:18:00,13.02,54702,42,卖盘
2146,11:18:03,13.03,13030,10,买盘
2147,11:18:06,13.03,19540,15,买盘
2148,11:18:09,13.02,79422,61,卖盘
2149,11:18:12,13.03,1303,1,买盘
2150,11:18:15,13.02,6513,5,卖盘
2151,11:18:18,13.02,1302,1,卖盘
2152,11:18:21,13.02,59892,46,卖盘
2153,11:18:24,13.03,303368,233,买盘
2154,11:18:27,13.03,82072,63,买盘
2155,11:18:30,13.03,1303,1,买盘
2156,11:18:33,13.03,2287771,1757,买盘
2157,11:18:36,13.04,784227,602,买盘
2158,11:18:45,13.04,70371,54,买盘
2159,11:18:48,13.03,463994,356,卖盘
2160,11:18:51,13.03,50817,39,买盘
2161,11:18:54,13.03,9121,7,买盘
2162,11:18:57,13.03,190238,146,买盘
2163,11:19:00,13.03,67756,52,买盘
2164,11:19:03,13.02,98955,76,卖盘
2165,11:19:06,13.03,2606,2,买盘
2166,11:19:09,13.02,15624,12,卖盘
2167,11:19:12,13.02,372545,286,卖盘
2168,11:19:18,13.02,19540,15,卖盘
2169,11:19:21,13.03,92511,71,买盘
2170,11:19:24,13.03,3909,3,买盘
2171,11:19:27,13.03,9115,7,买盘
2172,11:19:30,13.02,117183,90,卖盘
2173,11:19:33,13.03,2605,2,买盘
2174,11:19:36,13.02,40362,31,卖盘
2175,11:19:39,13.03,32568,25,买盘
2176,11:19:42,13.03,39073,30,买盘
2177,11:19:45,13.02,28664,22,卖盘
2178,11:19:48,13.02,195404,150,卖盘
2179,11:19:51,13.03,101606,78,买盘
2180,11:19:54,13.03,37784,29,买盘
2181,11:19:57,13.03,157613,121,买盘
2182,11:20:00,13.04,53424,41,买盘
2183,11:20:03,13.04,75632,58,买盘
2184,11:20:06,13.03,31276,24,卖盘
2185,11:20:09,13.04,71693,55,买盘
2186,11:20:15,13.03,53442,41,卖盘
2187,11:20:18,13.04,23482,18,卖盘
2188,11:20:21,13.04,14349,11,卖盘
2189,11:20:24,13.04,2608,2,卖盘
2190,11:20:27,13.05,399195,306,买盘
2191,11:20:30,13.05,20880,16,买盘
2192,11:20:33,13.05,99166,76,买盘
2193,11:20:36,13.06,11754,9,买盘
2194,11:20:39,13.06,144856,111,买盘
2195,11:20:42,13.06,7836,6,买盘
2196,11:20:48,13.05,27425,21,卖盘
2197,11:20:51,13.05,197203,151,卖盘
2198,11:20:54,13.06,26109,20,买盘
2199,11:20:57,13.05,6525,5,卖盘
2200,11:21:00,13.06,7836,6,买盘
2201,11:21:03,13.05,71775,55,卖盘
2202,11:21:06,13.06,9137,7,买盘
2203,11:21:09,13.05,1305,1,卖盘
2204,11:21:12,13.06,1306,1,买盘
2205,11:21:15,13.05,217943,167,卖盘
2206,11:21:18,13.06,2612,2,买盘
2207,11:21:21,13.05,43065,33,卖盘
2208,11:21:24,13.05,88740,68,卖盘
2209,11:21:27,13.05,49590,38,买盘
2210,11:21:30,13.05,36537,28,买盘
2211,11:21:33,13.05,15660,12,买盘
2212,11:21:36,13.04,16966,13,卖盘
2213,11:21:39,13.05,180093,138,卖盘
2214,11:21:42,13.05,24795,19,卖盘
2215,11:21:45,13.05,2610,2,卖盘
2216,11:21:48,13.05,116145,89,卖盘
2217,11:21:51,13.05,93960,72,买盘
2218,11:21:54,13.05,15660,12,卖盘
2219,11:21:57,13.05,30019,23,卖盘
2220,11:22:00,13.05,6525,5,卖盘
2221,11:22:03,13.05,49595,38,卖盘
2222,11:22:06,13.05,66556,51,卖盘
2223,11:22:09,13.05,88801,68,卖盘
2224,11:22:15,13.05,460682,353,卖盘
2225,11:22:18,13.05,35252,27,卖盘
2226,11:22:24,13.05,3917,3,卖盘
2227,11:22:27,13.05,16965,13,卖盘
2228,11:22:30,13.05,10441,8,卖盘
2229,11:22:33,13.05,99185,76,卖盘
2230,11:22:36,13.05,37865,29,卖盘
2231,11:22:39,13.05,73080,56,卖盘
2232,11:22:42,13.05,541557,415,卖盘
2233,11:22:45,13.05,274145,210,买盘
2234,11:22:48,13.04,110891,85,卖盘
2235,11:22:54,13.04,147356,113,卖盘
2236,11:22:57,13.04,2608,2,卖盘
2237,11:23:00,13.04,91290,70,卖盘
2238,11:23:03,13.05,9135,7,买盘
2239,11:23:06,13.04,16952,13,卖盘
2240,11:23:09,13.05,40454,31,买盘
2241,11:23:12,13.05,19566,15,买盘
2242,11:23:15,13.04,23473,18,卖盘
2243,11:23:18,13.05,14352,11,买盘
2244,11:23:21,13.04,269928,207,卖盘
2245,11:23:27,13.04,87307,67,买盘
2246,11:23:30,13.03,109523,84,卖盘
2247,11:23:33,13.04,79543,61,买盘
2248,11:23:36,13.04,200816,154,买盘
2249,11:23:39,13.04,1304,1,卖盘
2250,11:23:42,13.04,6520,5,卖盘
2251,11:23:45,13.04,16963,13,卖盘
2252,11:23:48,13.05,120020,92,买盘
2253,11:23:51,13.05,45647,35,买盘
2254,11:23:54,13.04,10432,8,卖盘
2255,11:23:57,13.04,5216,4,卖盘
2256,11:24:00,13.04,71754,55,卖盘
2257,11:24:03,13.05,26090,20,买盘
2258,11:24:06,13.04,2608,2,卖盘
2259,11:24:09,13.04,268699,206,卖盘
2260,11:24:12,13.04,10432,8,卖盘
2261,11:24:18,13.05,478935,367,买盘
2262,11:24:21,13.06,67912,52,买盘
2263,11:24:24,13.05,107046,82,卖盘
2264,11:24:27,13.06,24812,19,买盘
2265,11:24:30,13.05,5223,4,卖盘
2266,11:24:33,13.05,62687,48,卖盘
2267,11:24:36,13.05,5222,4,卖盘
2268,11:24:39,13.05,16973,13,卖盘
2269,11:24:45,13.06,13060,10,买盘
2270,11:24:48,13.05,70470,54,卖盘
2271,11:24:51,13.06,28731,22,买盘
2272,11:24:54,13.05,2610,2,卖盘
2273,11:25:00,13.05,9135,7,卖盘
2274,11:25:06,13.05,83520,64,卖盘
2275,11:25:12,13.05,368010,282,卖盘
2276,11:25:18,13.05,1305,1,卖盘
2277,11:25:21,13.05,9135,7,卖盘
2278,11:25:24,13.05,33954,26,卖盘
2279,11:25:27,13.06,207649,159,买盘
2280,11:25:30,13.05,1664233,1275,卖盘
2281,11:25:33,13.06,1478753,1132,卖盘
2282,11:25:36,13.07,64091,49,中性盘
2283,11:25:39,13.06,23541,18,卖盘
2284,11:25:42,13.07,15684,12,中性盘
2285,11:25:48,13.07,27457,21,卖盘
2286,11:25:51,13.07,142476,109,卖盘
2287,11:25:54,13.08,205281,157,买盘
2288,11:25:57,13.07,1307,1,卖盘
2289,11:26:00,13.08,27468,21,买盘
2290,11:26:03,13.07,1307,1,卖盘
2291,11:26:06,13.08,10464,8,买盘
2292,11:26:09,13.08,32688,25,买盘
2293,11:26:12,13.07,270549,207,卖盘
2294,11:26:15,13.06,250895,192,卖盘
2295,11:26:18,13.06,129294,99,买盘
2296,11:26:21,13.05,14365,11,卖盘
2297,11:26:24,13.06,24797,19,买盘
2298,11:26:27,13.05,257086,197,卖盘
2299,11:26:30,13.05,103095,79,卖盘
2300,11:26:33,13.05,6525,5,买盘
2301,11:26:36,13.05,14353,11,买盘
2302,11:26:39,13.05,11738,9,买盘
2303,11:26:42,13.05,67852,52,买盘
2304,11:26:45,13.04,84806,65,卖盘
2305,11:26:48,13.04,146060,112,卖盘
2306,11:26:51,13.04,57376,44,卖盘
2307,11:26:54,13.05,48285,37,买盘
2308,11:26:57,13.05,13050,10,卖盘
2309,11:27:00,13.05,3915,3,卖盘
2310,11:27:03,13.05,10440,8,卖盘
2311,11:27:06,13.05,20880,16,卖盘
2312,11:27:12,13.05,6525,5,卖盘
2313,11:27:15,13.06,7831,6,买盘
2314,11:27:18,13.06,33955,26,买盘
2315,11:27:21,13.05,35237,27,卖盘
2316,11:27:24,13.05,22185,17,卖盘
2317,11:27:27,13.06,1306,1,买盘
2318,11:27:30,13.06,10441,8,买盘
2319,11:27:36,13.06,14366,11,买盘
2320,11:27:39,13.05,57432,44,卖盘
2321,11:27:42,13.06,3916,3,买盘
2322,11:27:45,13.06,5224,4,买盘
2323,11:27:48,13.06,13057,10,买盘
2324,11:27:51,13.06,88743,68,买盘
2325,11:27:54,13.06,3918,3,买盘
2326,11:27:57,13.06,429660,329,买盘
2327,11:28:00,13.06,255969,196,买盘
2328,11:28:03,13.06,19590,15,买盘
2329,11:28:06,13.06,9140,7,买盘
2330,11:28:09,13.05,58735,45,卖盘
2331,11:28:12,13.06,20887,16,买盘
2332,11:28:15,13.05,6525,5,卖盘
2333,11:28:18,13.06,6530,5,买盘
2334,11:28:21,13.05,28713,22,卖盘
2335,11:28:24,13.06,5221,4,买盘
2336,11:28:27,13.06,1306,1,买盘
2337,11:28:30,13.05,3917,3,卖盘
2338,11:28:33,13.06,6530,5,买盘
2339,11:28:36,13.05,70470,54,卖盘
2340,11:28:39,13.06,3916,3,买盘
2341,11:28:42,13.06,2611,2,买盘
2342,11:28:45,13.06,2612,2,买盘
2343,11:28:48,13.06,122677,94,买盘
2344,11:28:51,13.06,1306,1,买盘
2345,11:28:54,13.06,35262,27,买盘
2346,11:28:57,13.06,265015,203,买盘
2347,11:29:00,13.06,2612,2,买盘
2348,11:29:03,13.06,69177,53,买盘
2349,11:29:06,13.05,901757,691,卖盘
2350,11:29:09,13.05,6525,5,买盘
2351,11:29:12,13.04,11741,9,卖盘
2352,11:29:15,13.05,35235,27,买盘
2353,11:29:18,13.04,16956,13,卖盘
2354,11:29:21,13.04,58681,45,卖盘
2355,11:29:24,13.05,14355,11,买盘
2356,11:29:27,13.04,80866,62,卖盘
2357,11:29:30,13.04,70429,54,卖盘
2358,11:29:33,13.04,108245,83,卖盘
2359,11:29:36,13.05,11737,9,买盘
2360,11:29:39,13.05,78276,60,买盘
2361,11:29:42,13.05,144842,111,买盘
2362,11:29:45,13.04,182683,140,卖盘
2363,11:29:48,13.04,29992,23,卖盘
2364,11:29:51,13.05,105625,81,买盘
2365,11:29:54,13.04,41728,32,卖盘
2366,11:29:57,13.04,925851,710,卖盘
2367,11:30:00,13.04,24776,19,买盘
2368,13:00:00,13.03,1429603,1097,卖盘
2369,13:00:03,13.03,2157572,1656,买盘
2370,13:00:06,13.03,603284,463,买盘
2371,13:00:09,13.03,145936,112,买盘
2372,13:00:12,13.03,244794,188,买盘
2373,13:00:15,13.02,20838,16,卖盘
2374,13:00:18,13.03,5212,4,买盘
2375,13:00:21,13.02,39060,30,卖盘
2376,13:00:24,13.02,22134,17,卖盘
2377,13:00:27,13.03,16936,13,买盘
2378,13:00:30,13.03,165362,127,买盘
2379,13:00:33,13.02,52084,40,卖盘
2380,13:00:36,13.02,42975,33,卖盘
2381,13:00:39,13.03,161453,124,买盘
2382,13:00:42,13.02,886662,681,卖盘
2383,13:00:45,13.02,1108454,852,买盘
2384,13:00:48,13.01,824834,634,卖盘
2385,13:00:51,13.01,16913,13,买盘
2386,13:00:54,13.0,76704,59,卖盘
2387,13:00:57,13.0,72801,56,卖盘
2388,13:01:00,13.0,390000,300,卖盘
2389,13:01:03,13.0,552500,425,卖盘
2390,13:01:06,13.0,40304,31,卖盘
2391,13:01:09,13.0,100100,77,卖盘
2392,13:01:12,13.0,18204,14,卖盘
2393,13:01:15,13.0,508300,391,卖盘
2394,13:01:18,13.0,31200,24,卖盘
2395,13:01:21,13.0,44221,34,卖盘
2396,13:01:24,13.0,107900,83,卖盘
2397,13:01:27,13.0,525200,404,卖盘
2398,13:01:30,13.0,124800,96,卖盘
2399,13:01:33,13.01,145612,112,买盘
2400,13:01:36,13.0,205518,158,卖盘
2401,13:01:39,13.01,20816,16,卖盘
2402,13:01:42,13.01,33826,26,卖盘
2403,13:01:45,13.01,41632,32,卖盘
2404,13:01:48,13.01,32525,25,卖盘
2405,13:01:51,13.02,521866,401,买盘
2406,13:01:54,13.02,200373,154,买盘
2407,13:01:57,13.01,14311,11,卖盘
2408,13:02:00,13.01,91070,70,卖盘
2409,13:02:03,13.02,23436,18,买盘
2410,13:02:06,13.01,75462,58,卖盘
2411,13:02:09,13.01,53344,41,卖盘
2412,13:02:12,13.01,32528,25,卖盘
2413,13:02:15,13.01,48142,37,卖盘
2414,13:02:18,13.01,88469,68,卖盘
2415,13:02:21,13.01,160023,123,卖盘
2416,13:02:24,13.01,323949,249,卖盘
2417,13:02:27,13.0,132701,102,卖盘
2418,13:02:30,13.0,2726101,2097,卖盘
2419,13:02:33,13.0,228802,176,卖盘
2420,13:02:36,13.01,36403,28,买盘
2421,13:02:42,13.0,72805,56,卖盘
2422,13:02:45,13.0,18205,14,卖盘
2423,13:02:48,13.0,65030,50,卖盘
2424,13:02:51,13.0,24700,19,卖盘
2425,13:02:54,13.0,2384195,1834,卖盘
2426,13:02:57,13.0,33800,26,买盘
2427,13:03:00,12.99,3190362,2456,卖盘
2428,13:03:03,12.99,274089,211,卖盘
2429,13:03:06,12.98,8326502,6411,卖盘
2430,13:03:09,12.98,77875,60,买盘
2431,13:03:12,12.97,210120,162,卖盘
2432,13:03:15,12.96,307397,237,卖盘
2433,13:03:18,12.96,1113264,859,卖盘
2434,13:03:21,12.96,703737,543,卖盘
2435,13:03:24,12.96,195572,151,买盘
2436,13:03:27,12.95,92000,71,卖盘
2437,13:03:30,12.95,1814271,1401,卖盘
2438,13:03:33,12.95,815852,630,卖盘
2439,13:03:36,12.95,612561,473,卖盘
2440,13:03:39,12.95,629391,486,卖盘
2441,13:03:42,12.94,134669,104,卖盘
2442,13:03:45,12.94,100981,78,卖盘
2443,13:03:48,12.93,156469,121,卖盘
2444,13:03:51,12.92,1236769,957,卖盘
2445,13:03:54,12.93,141009,109,买盘
2446,13:03:57,12.92,223549,173,卖盘
2447,13:04:00,12.92,682201,528,卖盘
2448,13:04:03,12.92,1732647,1341,卖盘
2449,13:04:06,12.93,386552,299,买盘
2450,13:04:09,12.93,429406,332,卖盘
2451,13:04:12,12.94,1059993,819,中性盘
2452,13:04:15,12.95,311789,241,中性盘
2453,13:04:18,12.96,213869,165,卖盘
2454,13:04:21,12.95,42768,33,卖盘
2455,13:04:24,12.96,10368,8,买盘
2456,13:04:27,12.95,222798,172,卖盘
2457,13:04:30,12.95,60871,47,卖盘
2458,13:04:33,12.95,185189,143,买盘
2459,13:04:36,12.95,58256,45,卖盘
2460,13:04:39,12.95,156662,121,买盘
2461,13:04:42,12.94,427219,330,卖盘
2462,13:04:45,12.95,183890,142,买盘
2463,13:04:48,12.94,155332,120,卖盘
2464,13:04:51,12.95,157954,122,买盘
2465,13:04:54,12.94,1898959,1467,卖盘
2466,13:04:57,12.94,2356876,1821,卖盘
2467,13:05:00,12.95,200652,155,中性盘
2468,13:05:03,12.95,229226,177,卖盘
2469,13:05:06,12.95,97120,75,卖盘
2470,13:05:09,12.95,590220,456,买盘
2471,13:05:12,12.94,203297,157,卖盘
2472,13:05:15,12.95,345737,267,买盘
2473,13:05:18,12.95,432513,334,买盘
2474,13:05:21,12.95,774210,598,买盘
2475,13:05:24,12.95,151511,117,买盘
2476,13:05:27,12.95,88060,68,卖盘
2477,13:05:30,12.95,10361,8,卖盘
2478,13:05:33,12.94,309500,239,卖盘
2479,13:05:36,12.95,7770,6,买盘
2480,13:05:39,12.95,47913,37,买盘
2481,13:05:42,12.94,458276,354,卖盘
2482,13:05:45,12.94,116497,90,卖盘
2483,13:05:48,12.94,595240,460,卖盘
2484,13:05:51,12.95,84142,65,买盘
2485,13:05:54,12.95,384327,297,买盘
2486,13:05:57,12.95,99682,77,买盘
2487,13:06:00,12.94,164346,127,卖盘
2488,13:06:03,12.95,402744,311,买盘
2489,13:06:06,12.95,46586,36,买盘
2490,13:06:09,12.95,725547,560,买盘
2491,13:06:12,12.95,46620,36,卖盘
2492,13:06:15,12.95,167064,129,卖盘
2493,13:06:18,12.96,331631,256,买盘
2494,13:06:21,12.95,67365,52,卖盘
2495,13:06:24,12.95,170958,132,卖盘
2496,13:06:27,12.95,283605,219,买盘
2497,13:06:30,12.95,150237,116,买盘
2498,13:06:33,12.95,37551,29,买盘
2499,13:06:36,12.95,2590,2,卖盘
2500,13:06:39,12.95,10361,8,卖盘
2501,13:06:42,12.95,379396,293,卖盘
2502,13:06:45,12.94,23296,18,卖盘
2503,13:06:48,12.95,40145,31,买盘
2504,13:06:51,12.95,340335,263,买盘
2505,13:06:54,12.94,387059,299,卖盘
2506,13:06:57,12.94,27176,21,卖盘
2507,13:07:00,12.94,90580,70,卖盘
2508,13:07:03,12.94,147534,114,卖盘
2509,13:07:06,12.94,191513,148,卖盘
2510,13:07:09,12.94,53054,41,卖盘
2511,13:07:12,12.95,291240,225,买盘
2512,13:07:15,12.94,20704,16,卖盘
2513,13:07:18,12.94,90582,70,卖盘
2514,13:07:21,12.95,234307,181,买盘
2515,13:07:24,12.94,428364,331,卖盘
2516,13:07:27,12.94,124224,96,买盘
2517,13:07:30,12.94,483721,374,买盘
2518,13:07:33,12.95,251125,194,买盘
2519,13:07:36,12.94,152708,118,卖盘
2520,13:07:39,12.94,49176,38,卖盘
2521,13:07:42,12.95,291321,225,买盘
2522,13:07:45,12.94,90607,70,卖盘
2523,13:07:48,12.94,42712,33,卖盘
2524,13:07:51,12.94,442582,342,卖盘
2525,13:07:54,12.95,264017,204,买盘
2526,13:07:57,12.95,679369,525,买盘
2527,13:08:00,12.94,93193,72,卖盘
2528,13:08:03,12.94,16822,13,买盘
2529,13:08:06,12.93,248401,192,卖盘
2530,13:08:09,12.93,2769582,2144,卖盘
2531,13:08:12,12.92,188822,146,卖盘
2532,13:08:15,12.93,125401,97,卖盘
2533,13:08:18,12.92,124032,96,卖盘
2534,13:08:21,12.93,1245159,963,买盘
2535,13:08:24,12.92,327036,253,卖盘
2536,13:08:27,12.92,169345,131,卖盘
2537,13:08:30,12.92,292075,226,卖盘
2538,13:08:33,12.93,336031,260,中性盘
2539,13:08:36,12.93,135760,105,卖盘
2540,13:08:39,12.93,1089134,842,卖盘
2541,13:08:42,12.93,417718,323,卖盘
2542,13:08:45,12.93,199111,154,买盘
2543,13:08:48,12.94,37503,29,买盘
2544,13:08:51,12.93,40083,31,卖盘
2545,13:08:54,12.93,421762,326,卖盘
2546,13:08:57,12.94,955416,739,买盘
2547,13:09:00,12.93,292162,226,中性盘
2548,13:09:03,12.93,125483,97,卖盘
2549,13:09:06,12.93,505604,391,卖盘
2550,13:09:09,12.94,289735,224,买盘
2551,13:09:12,12.93,405812,314,卖盘
2552,13:09:15,12.94,556461,430,买盘
2553,13:09:18,12.94,183739,142,卖盘
2554,13:09:21,12.94,126812,98,卖盘
2555,13:09:24,12.93,285963,221,卖盘
2556,13:09:27,12.94,6470,5,买盘
2557,13:09:30,12.94,155273,120,买盘
2558,13:09:33,12.94,279342,216,买盘
2559,13:09:36,12.94,947952,733,买盘
2560,13:09:39,12.93,390643,302,卖盘
2561,13:09:42,12.93,200422,155,卖盘
2562,13:09:45,12.92,1282133,992,卖盘
2563,13:09:48,12.94,89211,69,买盘
2564,13:09:51,12.93,2749475,2128,卖盘
2565,13:09:54,12.93,320846,248,卖盘
2566,13:09:57,12.93,49134,38,卖盘
2567,13:10:00,12.93,227575,176,卖盘
2568,13:10:03,12.93,237889,184,卖盘
2569,13:10:06,12.91,219611,170,卖盘
2570,13:10:09,12.92,50373,39,中性盘
2571,13:10:12,12.91,74930,58,卖盘
2572,13:10:15,12.91,4002475,3102,卖盘
2573,13:10:18,12.91,852144,660,卖盘
2574,13:10:21,12.91,488046,378,买盘
2575,13:10:24,12.92,556477,431,买盘
2576,13:10:27,12.9,768121,595,卖盘
2577,13:10:30,12.9,748650,580,卖盘
2578,13:10:33,12.91,2994002,2322,买盘
2579,13:10:36,12.9,624208,484,卖盘
2580,13:10:39,12.9,144424,112,买盘
2581,13:10:42,12.89,821447,637,卖盘
2582,13:10:45,12.9,927343,719,买盘
2583,13:10:48,12.9,343143,266,买盘
2584,13:10:51,12.91,2543744,1970,买盘
2585,13:10:54,12.91,409270,317,卖盘
2586,13:10:57,12.91,975812,756,卖盘
2587,13:11:00,12.9,108443,84,卖盘
2588,13:11:03,12.9,291760,226,卖盘
2589,13:11:06,12.9,529367,410,卖盘
2590,13:11:09,12.9,1250004,969,卖盘
2591,13:11:12,12.9,561111,435,买盘
2592,13:11:15,12.89,95411,74,卖盘
2593,13:11:18,12.89,45119,35,卖盘
2594,13:11:21,12.88,2921562,2267,卖盘
2595,13:11:24,12.88,94037,73,卖盘
2596,13:11:27,12.89,2209258,1714,买盘
2597,13:11:30,12.89,2088165,1621,卖盘
2598,13:11:33,12.89,1638100,1272,卖盘
2599,13:11:36,12.88,852743,662,卖盘
2600,13:11:39,12.88,901003,700,卖盘
2601,13:11:42,12.88,629842,489,卖盘
2602,13:11:45,12.88,293664,228,卖盘
2603,13:11:48,12.88,506162,393,买盘
2604,13:11:51,12.88,499498,388,买盘
2605,13:11:54,12.88,197120,153,中性盘
2606,13:11:57,12.88,248601,193,卖盘
2607,13:12:00,12.88,338757,263,卖盘
2608,13:12:03,12.89,581108,451,买盘
2609,13:12:06,12.89,1008038,782,买盘
2610,13:12:09,12.9,882320,684,买盘
2611,13:12:12,12.91,45151,35,买盘
2612,13:12:15,12.91,365064,283,买盘
2613,13:12:18,12.91,107105,83,卖盘
2614,13:12:21,12.91,45164,35,买盘
2615,13:12:24,12.9,172889,134,卖盘
2616,13:12:27,12.91,25806,20,买盘
2617,13:12:30,12.91,98058,76,买盘
2618,13:12:33,12.91,59344,46,买盘
2619,13:12:36,12.91,162612,126,买盘
2620,13:12:39,12.9,59340,46,卖盘
2621,13:12:42,12.89,206391,160,卖盘
2622,13:12:45,12.9,354742,275,买盘
2623,13:12:48,12.9,116101,90,卖盘
2624,13:12:51,12.9,640188,496,卖盘
2625,13:12:54,12.9,538120,417,卖盘
2626,13:12:57,12.9,224462,174,卖盘
2627,13:13:00,12.91,2277575,1765,买盘
2628,13:13:03,12.9,230946,179,卖盘
2629,13:13:06,12.91,1519843,1178,买盘
2630,13:13:09,12.9,63239,49,卖盘
2631,13:13:12,12.9,129045,100,卖盘
2632,13:13:15,12.9,76132,59,卖盘
2633,13:13:18,12.9,179311,139,卖盘
2634,13:13:21,12.91,211607,164,买盘
2635,13:13:24,12.9,64502,50,卖盘
2636,13:13:27,12.91,82566,64,买盘
2637,13:13:30,12.91,313475,243,买盘
2638,13:13:33,12.9,81279,63,卖盘
2639,13:13:36,12.91,387179,300,买盘
2640,13:13:39,12.9,167720,130,卖盘
2641,13:13:42,12.9,459258,356,卖盘
2642,13:13:45,12.91,127751,99,买盘
2643,13:13:48,12.9,110946,86,卖盘
2644,13:13:51,12.9,95470,74,卖盘
2645,13:13:54,12.9,299306,232,卖盘
2646,13:13:57,12.9,540644,419,卖盘
2647,13:14:00,12.91,1162072,900,买盘
2648,13:14:03,12.91,1544615,1197,卖盘
2649,13:14:06,12.91,209093,162,买盘
2650,13:14:09,12.91,29693,23,买盘
2651,13:14:12,12.9,85156,66,卖盘
2652,13:14:15,12.9,203822,158,卖盘
2653,13:14:18,12.9,47747,37,卖盘
2654,13:14:21,12.9,5162,4,卖盘
2655,13:14:24,12.9,159965,124,卖盘
2656,13:14:27,12.9,159967,124,卖盘
2657,13:14:30,12.91,63211,49,买盘
2658,13:14:33,12.91,45158,35,买盘
2659,13:14:36,12.9,243818,189,卖盘
2660,13:14:39,12.91,157393,122,买盘
2661,13:14:42,12.91,39993,31,买盘
2662,13:14:45,12.9,408688,317,中性盘
2663,13:14:48,12.9,12900,10,卖盘
2664,13:14:51,12.9,59345,46,卖盘
2665,13:14:54,12.9,42569,33,买盘
2666,13:14:57,12.9,29670,23,卖盘
2667,13:15:00,12.91,69670,54,买盘
2668,13:15:03,12.9,52890,41,卖盘
2669,13:15:06,12.89,661403,513,卖盘
2670,13:15:09,12.89,188194,146,买盘
2671,13:15:12,12.88,149463,116,卖盘
2672,13:15:15,12.89,23196,18,买盘
2673,13:15:18,12.89,298884,232,买盘
2674,13:15:21,12.88,972550,755,卖盘
2675,13:15:24,12.9,1921858,1491,买盘
2676,13:15:27,12.89,2156719,1673,卖盘
2677,13:15:30,12.89,162486,126,卖盘
2678,13:15:33,12.89,73473,57,卖盘
2679,13:15:36,12.89,248812,193,卖盘
2680,13:15:39,12.89,283488,220,卖盘
2681,13:15:42,12.89,165000,128,买盘
2682,13:15:45,12.89,18046,14,卖盘
2683,13:15:48,12.89,149535,116,卖盘
2684,13:15:51,12.9,799604,620,买盘
2685,13:15:54,12.9,123840,96,卖盘
2686,13:15:57,12.9,52890,41,买盘
2687,13:16:00,12.89,81259,63,卖盘
2688,13:16:03,12.89,21920,17,卖盘
2689,13:16:06,12.91,187052,145,买盘
2690,13:16:09,12.9,371459,288,卖盘
2691,13:16:12,12.89,750228,582,卖盘
2692,13:16:15,12.89,49000,38,卖盘
2693,13:16:18,12.89,176605,137,卖盘
2694,13:16:21,12.89,86368,67,卖盘
2695,13:16:24,12.89,114772,89,卖盘
2696,13:16:27,12.9,87714,68,买盘
2697,13:16:30,12.89,328884,255,卖盘
2698,13:16:33,12.9,423045,328,买盘
2699,13:16:36,12.89,309477,240,卖盘
2700,13:16:39,12.9,274762,213,买盘
2701,13:16:42,12.89,70895,55,卖盘
2702,13:16:45,12.89,336429,261,卖盘
2703,13:16:48,12.89,246204,191,卖盘
2704,13:16:51,12.89,237233,184,买盘
2705,13:16:54,12.89,105698,82,卖盘
2706,13:16:57,12.89,617431,479,卖盘
2707,13:17:00,12.9,3480115,2698,买盘
2708,13:17:03,12.9,832278,645,买盘
2709,13:17:06,12.9,143244,111,卖盘
2710,13:17:09,12.91,227064,176,买盘
2711,13:17:12,12.91,881756,683,买盘
2712,13:17:15,12.91,187195,145,卖盘
2713,13:17:18,12.9,68403,53,卖盘
2714,13:17:21,12.91,398703,309,买盘
2715,13:17:24,12.91,36145,28,买盘
2716,13:17:27,12.91,47765,37,买盘
2717,13:17:30,12.91,85198,66,买盘
2718,13:17:33,12.91,268366,208,卖盘
2719,13:17:36,12.91,46471,36,买盘
2720,13:17:39,12.91,32275,25,卖盘
2721,13:17:42,12.92,49086,38,买盘
2722,13:17:45,12.91,94244,73,卖盘
2723,13:17:48,12.92,25840,20,买盘
2724,13:17:51,12.92,112335,87,买盘
2725,13:17:54,12.91,104644,81,卖盘
2726,13:17:57,12.91,393780,305,卖盘
2727,13:18:00,12.91,52932,41,卖盘
2728,13:18:03,12.91,649411,503,卖盘
2729,13:18:06,12.91,959769,744,买盘
2730,13:18:09,12.9,184506,143,中性盘
2731,13:18:12,12.9,5161,4,中性盘
2732,13:18:15,12.9,42562,33,买盘
2733,13:18:18,12.9,127710,99,买盘
2734,13:18:21,12.9,322260,250,买盘
2735,13:18:24,12.89,263057,204,卖盘
2736,13:18:27,12.89,24491,19,卖盘
2737,13:18:30,12.89,78635,61,卖盘
2738,13:18:33,12.89,47688,37,买盘
2739,13:18:36,12.88,41226,32,卖盘
2740,13:18:39,12.88,28346,22,卖盘
2741,13:18:42,12.88,336183,261,卖盘
2742,13:18:45,12.88,45082,35,卖盘
2743,13:18:48,12.88,52808,41,卖盘
2744,13:18:51,12.88,725145,563,卖盘
2745,13:18:54,12.87,216485,168,卖盘
2746,13:18:57,12.88,169898,132,买盘
2747,13:19:00,12.87,293458,228,卖盘
2748,13:19:03,12.88,199626,155,买盘
2749,13:19:06,12.88,119728,93,买盘
2750,13:19:09,12.87,672301,522,卖盘
2751,13:19:12,12.88,123650,96,中性盘
2752,13:19:15,12.89,417414,324,买盘
2753,13:19:18,12.88,1191407,925,卖盘
2754,13:19:21,12.88,74684,58,买盘
2755,13:19:24,12.87,104268,81,卖盘
2756,13:19:27,12.88,77270,60,买盘
2757,13:19:30,12.88,305033,237,买盘
2758,13:19:33,12.88,844715,656,买盘
2759,13:19:36,12.87,205989,160,卖盘
2760,13:19:39,12.89,374788,291,买盘
2761,13:19:42,12.87,804672,625,卖盘
2762,13:19:45,12.87,650082,505,卖盘
2763,13:19:48,12.87,254836,198,卖盘
2764,13:19:51,12.87,169940,132,卖盘
2765,13:19:54,12.87,199469,155,卖盘
2766,13:19:57,12.87,398970,310,中性盘
2767,13:20:00,12.87,230375,179,卖盘
2768,13:20:03,12.87,668154,519,卖盘
2769,13:20:06,12.87,353952,275,卖盘
2770,13:20:09,12.87,365508,284,卖盘
2771,13:20:12,12.87,142866,111,卖盘
2772,13:20:15,12.87,319176,248,卖盘
2773,13:20:18,12.88,78516,61,买盘
2774,13:20:21,12.87,716933,557,卖盘
2775,13:20:24,12.87,169884,132,卖盘
2776,13:20:27,12.87,203362,158,卖盘
2777,13:20:30,12.87,315338,245,卖盘
2778,13:20:33,12.87,191763,149,卖盘
2779,13:20:36,12.87,149302,116,卖盘
2780,13:20:39,12.87,211086,164,卖盘
2781,13:20:42,12.87,41184,32,卖盘
2782,13:20:45,12.87,59202,46,买盘
2783,13:20:48,12.87,33440,26,买盘
2784,13:20:51,12.87,213583,166,买盘
2785,13:20:54,12.87,424658,330,买盘
2786,13:20:57,12.87,353925,275,卖盘
2787,13:21:00,12.87,293436,228,卖盘
2788,13:21:03,12.88,342384,266,买盘
2789,13:21:06,12.87,73359,57,卖盘
2790,13:21:09,12.87,522384,406,卖盘
2791,13:21:12,12.87,702702,546,买盘
2792,13:21:15,12.88,367061,285,买盘
2793,13:21:18,12.88,729008,566,买盘
2794,13:21:21,12.88,18032,14,卖盘
2795,13:21:24,12.88,162289,126,卖盘
2796,13:21:27,12.88,266648,207,卖盘
2797,13:21:30,12.87,139086,108,卖盘
2798,13:21:33,12.88,310469,241,买盘
2799,13:21:36,12.88,73416,57,卖盘
2800,13:21:39,12.88,2575359,2001,卖盘
2801,13:21:42,12.88,73425,57,卖盘
2802,13:21:45,12.87,704391,547,卖盘
2803,13:21:48,12.89,294965,229,买盘
2804,13:21:51,12.88,124937,97,卖盘
2805,13:21:54,12.88,87604,68,卖盘
2806,13:21:57,12.88,19320,15,买盘
2807,13:22:00,12.88,181483,141,买盘
2808,13:22:03,12.87,333577,259,卖盘
2809,13:22:06,12.88,79827,62,买盘
2810,13:22:09,12.87,124881,97,卖盘
2811,13:22:12,12.87,87575,68,卖盘
2812,13:22:15,12.88,149296,116,买盘
2813,13:22:18,12.87,209838,163,卖盘
2814,13:22:21,12.87,178960,139,卖盘
2815,13:22:24,12.87,95240,74,卖盘
2816,13:22:27,12.88,88815,69,买盘
2817,13:22:30,12.87,66934,52,卖盘
2818,13:22:33,12.87,1509732,1173,卖盘
2819,13:22:36,12.87,129987,101,卖盘
2820,13:22:39,12.88,628472,488,买盘
2821,13:22:42,12.88,122360,95,卖盘
2822,13:22:45,12.87,657731,511,卖盘
2823,13:22:48,12.87,643939,500,卖盘
2824,13:22:51,12.89,81152,63,买盘
2825,13:22:54,12.88,28341,22,卖盘
2826,13:22:57,12.87,46366,36,卖盘
2827,13:23:00,12.88,216301,168,买盘
2828,13:23:03,12.87,388700,302,卖盘
2829,13:23:06,12.87,47639,37,卖盘
2830,13:23:09,12.87,99104,77,卖盘
2831,13:23:12,12.87,37327,29,卖盘
2832,13:23:15,12.88,113261,88,买盘
2833,13:23:18,12.87,271557,211,卖盘
2834,13:23:21,12.86,154438,120,卖盘
2835,13:23:24,12.87,66873,52,买盘
2836,13:23:27,12.86,56592,44,卖盘
2837,13:23:30,12.87,78497,61,买盘
2838,13:23:33,12.86,621304,483,卖盘
2839,13:23:36,12.87,469416,365,买盘
2840,13:23:39,12.86,90022,70,卖盘
2841,13:23:42,12.87,437271,340,买盘
2842,13:23:45,12.87,221253,172,买盘
2843,13:23:48,12.86,441340,343,卖盘
2844,13:23:51,12.86,180060,140,卖盘
2845,13:23:54,12.87,1708956,1328,买盘
2846,13:23:57,12.87,330529,257,买盘
2847,13:24:00,12.86,681942,530,卖盘
2848,13:24:03,12.86,290689,226,卖盘
2849,13:24:06,12.86,95181,74,卖盘
2850,13:24:09,12.86,1984444,1543,卖盘
2851,13:24:12,12.86,264917,206,卖盘
2852,13:24:15,12.87,550435,428,买盘
2853,13:24:18,12.86,179998,140,卖盘
2854,13:24:21,12.86,418162,325,卖盘
2855,13:24:24,12.87,223798,174,买盘
2856,13:24:27,12.86,180042,140,卖盘
2857,13:24:30,12.86,37294,29,卖盘
2858,13:24:33,12.87,1198103,931,买盘
2859,13:24:36,12.86,653805,508,卖盘
2860,13:24:39,12.86,653400,508,卖盘
2861,13:24:42,12.87,410321,319,买盘
2862,13:24:45,12.86,82358,64,卖盘
2863,13:24:48,12.87,19302,15,买盘
2864,13:24:51,12.86,303550,236,卖盘
2865,13:24:54,12.86,664862,517,买盘
2866,13:24:57,12.86,42449,33,卖盘
2867,13:25:00,12.86,74588,58,卖盘
2868,13:25:03,12.86,198116,154,卖盘
2869,13:25:06,12.86,90020,70,卖盘
2870,13:25:09,12.86,38580,30,买盘
2871,13:25:12,12.86,222408,173,买盘
2872,13:25:15,12.86,973494,757,买盘
2873,13:25:18,12.86,102881,80,卖盘
2874,13:25:21,12.86,302330,235,卖盘
2875,13:25:24,12.86,1055872,821,卖盘
2876,13:25:27,12.87,78464,61,买盘
2877,13:25:30,12.86,167181,130,卖盘
2878,13:25:33,12.86,72023,56,中性盘
2879,13:25:36,12.87,65616,51,买盘
2880,13:25:39,12.86,87451,68,卖盘
2881,13:25:42,12.87,32160,25,买盘
2882,13:25:45,12.86,231558,180,卖盘
2883,13:25:48,12.86,497683,387,卖盘
2884,13:25:51,12.86,5146,4,卖盘
2885,13:25:54,12.87,25740,20,买盘
2886,13:25:57,12.86,379396,295,卖盘
2887,13:26:00,12.87,254730,198,买盘
2888,13:26:03,12.87,980704,762,买盘
2889,13:26:06,12.87,59199,46,卖盘
2890,13:26:09,12.87,326654,254,买盘
2891,13:26:12,12.87,268994,209,卖盘
2892,13:26:15,12.87,39897,31,卖盘
2893,13:26:18,12.87,61776,48,卖盘
2894,13:26:21,12.88,18019,14,买盘
2895,13:26:24,12.87,341071,265,卖盘
2896,13:26:27,12.88,682326,530,买盘
2897,13:26:33,12.87,20594,16,卖盘
2898,13:26:36,12.87,36041,28,卖盘
2899,13:26:39,12.86,15434,12,卖盘
2900,13:26:42,12.87,81078,63,买盘
2901,13:26:45,12.86,146674,114,卖盘
2902,13:26:48,12.86,6430,5,卖盘
2903,13:26:51,12.86,208370,162,卖盘
2904,13:26:54,12.86,14146,11,卖盘
2905,13:26:57,12.86,46316,36,卖盘
2906,13:27:00,12.86,954222,742,卖盘
2907,13:27:03,12.87,342177,266,买盘
2908,13:27:06,12.86,137638,107,卖盘
2909,13:27:09,12.87,29593,23,买盘
2910,13:27:12,12.87,118341,92,买盘
2911,13:27:15,12.86,54015,42,卖盘
2912,13:27:18,12.86,191614,149,卖盘
2913,13:27:21,12.87,140247,109,买盘
2914,13:27:27,12.87,190408,148,买盘
2915,13:27:30,12.86,264921,206,卖盘
2916,13:27:33,12.87,132497,103,买盘
2917,13:27:36,12.86,154381,120,卖盘
2918,13:27:39,12.86,153039,119,卖盘
2919,13:27:42,12.87,37311,29,买盘
2920,13:27:45,12.86,594148,462,卖盘
2921,13:27:48,12.86,506684,394,卖盘
2922,13:27:51,12.86,24434,19,买盘
2923,13:27:54,12.86,65583,51,买盘
2924,13:27:57,12.85,59119,46,卖盘
2925,13:28:00,12.85,332829,259,卖盘
2926,13:28:03,12.86,663451,516,买盘
2927,13:28:06,12.85,372769,290,卖盘
2928,13:28:09,12.86,110584,86,卖盘
2929,13:28:12,12.86,171025,133,买盘
2930,13:28:15,12.86,214762,167,卖盘
2931,13:28:18,12.86,114454,89,买盘
2932,13:28:21,12.86,30864,24,买盘
2933,13:28:24,12.86,255914,199,买盘
2934,13:28:27,12.86,151748,118,卖盘
2935,13:28:30,12.86,241668,188,卖盘
2936,13:28:33,12.87,47586,37,买盘
2937,13:28:36,12.86,159466,124,卖盘
2938,13:28:39,12.86,181369,141,卖盘
2939,13:28:42,12.87,1292008,1004,买盘
2940,13:28:45,12.87,373220,290,买盘
2941,13:28:48,12.88,79798,62,买盘
2942,13:28:51,12.87,195626,152,卖盘
2943,13:28:54,12.87,69498,54,卖盘
2944,13:28:57,12.87,137720,107,卖盘
2945,13:29:00,12.88,128701,100,买盘
2946,13:29:03,12.88,2576,2,买盘
2947,13:29:06,12.87,184056,143,卖盘
2948,13:29:09,12.87,57917,45,卖盘
2949,13:29:12,12.87,6435,5,卖盘
2950,13:29:15,12.87,34767,27,卖盘
2951,13:29:18,12.87,342389,266,卖盘
2952,13:29:21,12.87,29601,23,买盘
2953,13:29:24,12.87,12870,10,买盘
2954,13:29:27,12.86,11575,9,卖盘
2955,13:29:30,12.87,69498,54,买盘
2956,13:29:33,12.86,147897,115,卖盘
2957,13:29:36,12.86,65591,51,卖盘
2958,13:29:39,12.86,338237,263,卖盘
2959,13:29:42,12.86,39872,31,卖盘
2960,13:29:45,12.86,153037,119,卖盘
2961,13:29:48,12.86,33448,26,卖盘
2962,13:29:51,12.86,189047,147,卖盘
2963,13:29:54,12.86,498968,388,卖盘
2964,13:29:57,12.85,172229,134,卖盘
2965,13:30:00,12.86,335646,261,买盘
2966,13:30:03,12.85,406330,316,卖盘
2967,13:30:06,12.86,180040,140,买盘
2968,13:30:09,12.86,73335,57,卖盘
2969,13:30:12,12.86,261137,203,卖盘
2970,13:30:15,12.86,72022,56,卖盘
2971,13:30:18,12.87,142817,111,买盘
2972,13:30:21,12.86,267666,208,卖盘
2973,13:30:24,12.87,499574,388,买盘
2974,13:30:27,12.87,346285,269,卖盘
2975,13:30:30,12.88,338744,263,买盘
2976,13:30:33,12.88,140366,109,买盘
2977,13:30:36,12.88,90149,70,买盘
2978,13:30:39,12.89,1036047,804,买盘
2979,13:30:42,12.9,424236,329,买盘
2980,13:30:45,12.91,1675788,1299,买盘
2981,13:30:48,12.9,1746878,1354,卖盘
2982,13:30:51,12.9,1378163,1069,买盘
2983,13:30:54,12.9,56760,44,买盘
2984,13:30:57,12.89,214005,166,卖盘
2985,13:31:00,12.88,73470,57,卖盘
2986,13:31:03,12.89,37378,29,买盘
2987,13:31:06,12.89,168815,131,买盘
2988,13:31:09,12.88,74727,58,卖盘
2989,13:31:12,12.88,498844,387,卖盘
2990,13:31:15,12.89,69606,54,卖盘
2991,13:31:18,12.89,181739,141,买盘
2992,13:31:21,12.89,143069,111,买盘
2993,13:31:24,12.89,28358,22,买盘
2994,13:31:27,12.89,443274,344,买盘
2995,13:31:30,12.89,200973,156,买盘
2996,13:31:33,12.88,14171,11,卖盘
2997,13:31:36,12.89,21912,17,买盘
2998,13:31:39,12.88,41235,32,卖盘
2999,13:31:42,12.89,68301,53,买盘
3000,13:31:45,12.88,37376,29,卖盘
3001,13:31:48,12.89,216552,168,买盘
3002,13:31:51,12.89,705829,548,买盘
3003,13:31:54,12.89,47696,37,卖盘
3004,13:31:57,12.9,33529,26,买盘
3005,13:32:00,12.89,128898,100,卖盘
3006,13:32:03,12.89,39957,31,卖盘
3007,13:32:06,12.89,105674,82,买盘
3008,13:32:09,12.89,60566,47,买盘
3009,13:32:12,12.89,81165,63,买盘
3010,13:32:15,12.88,65732,51,卖盘
3011,13:32:18,12.89,76051,59,买盘
3012,13:32:21,12.89,20624,16,卖盘
3013,13:32:24,12.9,20629,16,买盘
3014,13:32:30,12.89,203676,158,卖盘
3015,13:32:33,12.89,38690,30,卖盘
3016,13:32:36,12.89,10314,8,卖盘
3017,13:32:39,12.89,2578,2,卖盘
3018,13:32:42,12.9,190916,148,买盘
3019,13:32:45,12.89,46425,36,卖盘
3020,13:32:48,12.9,813567,631,买盘
3021,13:32:51,12.89,376388,292,卖盘
3022,13:32:54,12.9,223143,173,买盘
3023,13:32:57,12.9,455209,353,买盘
3024,13:33:00,12.91,63227,49,买盘
3025,13:33:03,12.9,32250,25,卖盘
3026,13:33:06,12.9,24524,19,卖盘
3027,13:33:09,12.91,25801,20,买盘
3028,13:33:12,12.91,63255,49,买盘
3029,13:33:15,12.91,15492,12,买盘
3030,13:33:18,12.91,61968,48,买盘
3031,13:33:21,12.91,23227,18,买盘
3032,13:33:24,12.9,122555,95,卖盘
3033,13:33:27,12.91,24524,19,买盘
3034,13:33:30,12.9,488931,379,卖盘
3035,13:33:33,12.89,214168,166,卖盘
3036,13:33:36,12.9,105767,82,中性盘
3037,13:33:39,12.9,34817,27,买盘
3038,13:33:42,12.89,127703,99,卖盘
3039,13:33:45,12.89,237232,184,卖盘
3040,13:33:48,12.9,19340,15,买盘
3041,13:33:51,12.89,128900,100,卖盘
3042,13:33:54,12.89,27078,21,卖盘
3043,13:33:57,12.9,60587,47,买盘
3044,13:34:00,12.89,636772,494,卖盘
3045,13:34:03,12.89,60617,47,买盘
3046,13:34:06,12.89,61882,48,卖盘
3047,13:34:09,12.89,399565,310,卖盘
3048,13:34:12,12.89,81207,63,买盘
3049,13:34:15,12.88,131395,102,卖盘
3050,13:34:18,12.87,1913658,1486,卖盘
3051,13:34:21,12.87,30888,24,买盘
3052,13:34:24,12.87,19305,15,买盘
3053,13:34:27,12.86,39886,31,卖盘
3054,13:34:30,12.87,228973,178,买盘
3055,13:34:33,12.86,70734,55,卖盘
3056,13:34:36,12.86,34735,27,卖盘
3057,13:34:39,12.87,45033,35,买盘
