,成交时间,成交价格,成交金额,成交量,性质
0,09:25:00,36.04,16527944,4586,买盘
1,09:30:00,36.05,10269428,2847,买盘
2,09:30:03,36.19,8377081,2321,中性盘
3,09:30:06,36.23,2626130,725,买盘
4,09:30:09,36.3,584207,161,买盘
5,09:30:12,36.33,2147632,591,买盘
6,09:30:15,36.38,771323,212,买盘
7,09:30:18,36.39,2612076,718,买盘
8,09:30:21,36.41,1758308,483,买盘
9,09:30:24,36.4,1653681,454,卖盘
10,09:30:27,36.42,3854978,1059,买盘
11,09:30:30,36.4,1234232,339,卖盘
12,09:30:33,36.39,2249659,618,卖盘
13,09:30:36,36.34,2079927,572,卖盘
14,09:30:39,36.3,1605470,442,卖盘
15,09:30:42,36.29,1114302,307,卖盘
16,09:30:45,36.29,2615202,720,卖盘
17,09:30:48,36.26,1484423,409,卖盘
18,09:30:51,36.25,1102758,304,卖盘
19,09:30:54,36.27,949954,262,买盘
20,09:30:57,36.27,4191027,1156,卖盘
21,09:31:00,36.31,2516412,694,买盘
22,09:31:03,36.35,733474,202,买盘
23,09:31:06,36.37,537661,148,买盘
24,09:31:09,36.37,868148,239,中性盘
25,09:31:12,36.31,221646,61,卖盘
26,09:31:15,36.35,326996,90,买盘
27,09:31:18,36.35,512472,141,买盘
28,09:31:21,36.35,897762,247,买盘
29,09:31:24,36.37,2697791,742,买盘
30,09:31:27,36.37,1491724,410,卖盘
31,09:31:30,36.37,1473182,405,卖盘
32,09:31:33,36.37,400117,110,买盘
33,09:31:36,36.37,658442,181,买盘
34,09:31:39,36.36,1061931,292,卖盘
35,09:31:42,36.33,763420,210,卖盘
36,09:31:45,36.32,777915,214,卖盘
37,09:31:48,36.33,76326,21,中性盘
38,09:31:51,36.33,1750984,482,卖盘
39,09:31:54,36.32,1089806,300,卖盘
40,09:31:57,36.32,1067877,294,买盘
41,09:32:00,36.31,432190,119,卖盘
42,09:32:03,36.34,1365458,376,买盘
43,09:32:06,36.33,3485295,959,中性盘
44,09:32:09,36.37,1025248,282,买盘
45,09:32:12,36.42,1332025,366,买盘
46,09:32:15,36.44,1012582,278,买盘
47,09:32:18,36.46,506627,139,买盘
48,09:32:21,36.49,1772774,486,买盘
49,09:32:24,36.47,1211662,332,卖盘
50,09:32:27,36.47,1524665,418,卖盘
51,09:32:30,36.45,1546457,424,中性盘
52,09:32:33,36.44,528608,145,卖盘
53,09:32:36,36.49,1444121,396,买盘
54,09:32:39,36.49,547191,150,买盘
55,09:32:42,36.44,765722,210,卖盘
56,09:32:45,36.44,1880243,516,卖盘
57,09:32:48,36.43,1070401,294,卖盘
58,09:32:51,36.4,360632,99,中性盘
59,09:32:54,36.4,196627,54,卖盘
60,09:32:57,36.4,491504,135,买盘
61,09:33:00,36.39,687602,189,卖盘
62,09:33:03,36.38,636303,175,中性盘
63,09:33:06,36.39,301807,83,买盘
64,09:33:09,36.38,1648360,453,卖盘
65,09:33:12,36.39,374771,103,中性盘
66,09:33:15,36.39,513106,141,卖盘
67,09:33:18,36.39,214649,59,买盘
68,09:33:21,36.37,1516983,417,卖盘
69,09:33:24,36.37,109127,30,买盘
70,09:33:27,36.37,407402,112,卖盘
71,09:33:30,36.37,421968,116,买盘
72,09:33:33,36.36,436375,120,卖盘
73,09:33:36,36.36,54540,15,卖盘
74,09:33:39,36.37,734559,202,买盘
75,09:33:42,36.35,1050821,289,卖盘
76,09:33:45,36.36,821873,226,中性盘
77,09:33:48,36.35,563575,155,卖盘
78,09:33:51,36.36,196297,54,买盘
79,09:33:54,36.36,527023,145,买盘
80,09:33:57,36.38,1608136,442,买盘
81,09:34:00,36.42,917255,252,中性盘
82,09:34:03,36.43,553384,152,买盘
83,09:34:06,36.42,2904724,797,中性盘
84,09:34:09,36.45,404656,111,中性盘
85,09:34:12,36.45,360870,99,卖盘
86,09:34:15,36.44,258773,71,卖盘
87,09:34:18,36.45,371768,102,买盘
88,09:34:21,36.45,364485,100,买盘
89,09:34:24,36.44,991363,272,卖盘
90,09:34:27,36.44,291508,80,买盘
91,09:34:30,36.43,349764,96,卖盘
92,09:34:33,36.44,911044,250,买盘
93,09:34:36,36.43,429966,118,卖盘
94,09:34:39,36.42,309523,85,卖盘
95,09:34:42,36.43,196631,54,买盘
96,09:34:45,36.4,243991,67,卖盘
97,09:34:48,36.42,91033,25,买盘
98,09:34:51,36.4,218446,60,卖盘
99,09:34:54,36.44,2098274,576,买盘
100,09:34:57,36.45,1063880,292,买盘
101,09:35:00,36.45,134866,37,买盘
102,09:35:03,36.46,244252,67,买盘
103,09:35:06,36.41,1431277,393,卖盘
104,09:35:09,36.41,167495,46,买盘
105,09:35:12,36.4,877422,241,卖盘
106,09:35:15,36.42,1540050,423,买盘
107,09:35:18,36.4,451566,124,卖盘
108,09:35:21,36.37,1590580,437,卖盘
109,09:35:24,36.4,436640,120,买盘
110,09:35:27,36.4,1834328,504,买盘
111,09:35:30,36.41,487869,134,卖盘
112,09:35:33,36.43,568276,156,买盘
113,09:35:36,36.46,462678,127,买盘
114,09:35:39,36.42,320643,88,卖盘
115,09:35:42,36.42,167552,46,卖盘
116,09:35:45,36.42,451719,124,卖盘
117,09:35:48,36.46,634100,174,买盘
118,09:35:51,36.46,725536,199,买盘
119,09:35:54,36.45,561357,154,卖盘
120,09:35:57,36.45,250760,69,买盘
121,09:36:00,36.43,2347006,644,卖盘
122,09:36:03,36.45,444750,122,卖盘
123,09:36:06,36.42,386280,106,卖盘
124,09:36:09,36.41,2531474,695,卖盘
125,09:36:12,36.41,291353,80,卖盘
126,09:36:15,36.41,120156,33,卖盘
127,09:36:18,36.41,637165,175,买盘
128,09:36:21,36.41,429649,118,买盘
129,09:36:24,36.41,859436,236,卖盘
130,09:36:27,36.42,265914,73,中性盘
131,09:36:30,36.45,418978,115,买盘
132,09:36:33,36.42,510119,140,卖盘
133,09:36:36,36.42,291445,80,卖盘
134,09:36:39,36.44,236109,65,买盘
135,09:36:42,36.45,546576,150,买盘
136,09:36:45,36.43,112915,31,卖盘
137,09:36:48,36.43,196729,54,买盘
138,09:36:51,36.43,488224,134,卖盘
139,09:36:54,36.42,968759,266,卖盘
140,09:36:57,36.41,342306,94,卖盘
141,09:37:00,36.39,997270,274,卖盘
142,09:37:03,36.36,316461,87,卖盘
143,09:37:06,36.36,192729,53,卖盘
144,09:37:09,36.35,334563,92,卖盘
145,09:37:12,36.36,479933,132,买盘
146,09:37:15,36.37,512726,141,买盘
147,09:37:18,36.45,2080484,571,买盘
148,09:37:21,36.45,5715955,1571,买盘
149,09:37:24,36.44,196751,54,中性盘
150,09:37:27,36.42,1200788,330,卖盘
151,09:37:30,36.42,611570,168,买盘
152,09:37:33,36.41,280337,77,中性盘
153,09:37:36,36.41,1755358,482,买盘
154,09:37:39,36.38,422000,116,卖盘
155,09:37:42,36.36,189182,52,卖盘
156,09:37:45,36.4,141836,39,买盘
157,09:37:48,36.36,509103,140,卖盘
158,09:37:51,36.36,505382,139,买盘
159,09:37:54,36.37,4006250,1102,买盘
160,09:37:57,36.35,548941,151,卖盘
161,09:38:00,36.31,403283,111,卖盘
162,09:38:03,36.32,2663668,734,中性盘
163,09:38:06,36.34,1884945,519,买盘
164,09:38:09,36.35,625352,172,买盘
165,09:38:12,36.35,534340,147,卖盘
166,09:38:15,36.34,152688,42,卖盘
167,09:38:18,36.33,283447,78,卖盘
168,09:38:21,36.34,156257,43,买盘
169,09:38:24,36.4,680015,187,买盘
170,09:38:27,36.35,425512,117,卖盘
171,09:38:30,36.39,560221,154,中性盘
172,09:38:33,36.4,859068,236,买盘
173,09:38:36,36.4,1695721,466,买盘
174,09:38:39,36.44,757132,208,买盘
175,09:38:42,36.4,691514,190,卖盘
176,09:38:45,36.44,87394,24,买盘
177,09:38:48,36.41,418576,115,中性盘
178,09:38:51,36.4,1231394,338,卖盘
179,09:38:54,36.39,301986,83,卖盘
180,09:38:57,36.37,189201,52,卖盘
181,09:39:00,36.43,1824919,501,买盘
182,09:39:03,36.47,776711,213,买盘
183,09:39:06,36.49,291827,80,买盘
184,09:39:09,36.49,561943,154,买盘
185,09:39:12,36.5,361280,99,买盘
186,09:39:15,36.5,1091217,299,买盘
187,09:39:18,36.45,2224113,610,卖盘
188,09:39:21,36.45,572080,157,买盘
189,09:39:24,36.45,127574,35,中性盘
190,09:39:27,36.45,251506,69,买盘
191,09:39:30,36.45,871180,239,买盘
192,09:39:33,36.45,481065,132,买盘
193,09:39:36,36.47,94782,26,买盘
194,09:39:39,36.48,320859,88,买盘
195,09:39:42,36.47,138616,38,中性盘
196,09:39:45,36.5,94846,26,买盘
197,09:39:48,36.52,1033108,283,买盘
198,09:39:51,36.53,1926881,528,买盘
199,09:39:54,36.53,1441686,395,买盘
200,09:39:57,36.53,357928,98,买盘
201,09:40:00,36.47,842856,231,卖盘
202,09:40:03,36.45,149487,41,卖盘
203,09:40:06,36.46,226016,62,买盘
204,09:40:09,36.46,452169,124,买盘
205,09:40:12,36.49,193281,53,买盘
206,09:40:15,36.49,62028,17,买盘
207,09:40:18,36.47,43777,12,卖盘
208,09:40:21,36.46,306331,84,卖盘
209,09:40:24,36.47,91193,25,买盘
210,09:40:27,36.47,320966,88,买盘
211,09:40:30,36.47,189654,52,买盘
212,09:40:33,36.47,754856,207,买盘
213,09:40:36,36.47,113058,31,买盘
214,09:40:39,36.47,83881,23,卖盘
215,09:40:42,36.47,488698,134,中性盘
216,09:40:45,36.5,3043488,834,买盘
217,09:40:48,36.49,470827,129,卖盘
218,09:40:51,36.53,284765,78,买盘
219,09:40:54,36.48,317554,87,卖盘
220,09:40:57,36.48,175188,48,卖盘
221,09:41:00,36.49,463346,127,中性盘
222,09:41:03,36.42,4341058,1191,卖盘
223,09:41:06,36.45,706897,194,买盘
224,09:41:09,36.46,313505,86,买盘
225,09:41:12,36.45,353557,97,卖盘
226,09:41:15,36.46,142161,39,买盘
227,09:41:18,36.45,127637,35,卖盘
228,09:41:21,36.46,437622,120,卖盘
229,09:41:24,36.47,262508,72,中性盘
230,09:41:27,36.47,583697,160,中性盘
231,09:41:30,36.49,262643,72,中性盘
232,09:41:33,36.5,109471,30,中性盘
233,09:41:36,36.55,1822992,499,买盘
234,09:41:39,36.56,559174,153,买盘
235,09:41:42,36.56,771405,211,买盘
236,09:41:45,36.53,770910,211,卖盘
237,09:41:48,36.55,1205877,330,买盘
238,09:41:51,36.52,73040,20,买盘
239,09:41:54,36.49,332127,91,卖盘
240,09:41:57,36.52,259162,71,买盘
241,09:42:00,36.51,1317530,361,中性盘
242,09:42:03,36.51,1163780,319,买盘
243,09:42:06,36.52,759039,208,买盘
244,09:42:09,36.51,295732,81,中性盘
245,09:42:12,36.49,510895,140,卖盘
246,09:42:15,36.5,135014,37,买盘
247,09:42:18,36.48,175114,48,卖盘
248,09:42:21,36.49,262630,72,买盘
249,09:42:24,36.48,186051,51,中性盘
250,09:42:27,36.48,127680,35,卖盘
251,09:42:30,36.49,233465,64,买盘
252,09:42:33,36.5,675112,185,买盘
253,09:42:36,36.52,372354,102,买盘
254,09:42:39,36.5,226384,62,卖盘
255,09:42:42,36.52,460908,126,买盘
256,09:42:45,36.52,226449,62,卖盘
257,09:42:48,36.54,427426,117,买盘
258,09:42:51,36.55,204670,56,买盘
259,09:42:54,36.54,230246,63,卖盘
260,09:42:57,36.55,515301,141,买盘
261,09:43:00,36.55,171769,47,买盘
262,09:43:03,36.53,591913,162,卖盘
263,09:43:06,36.53,113243,31,买盘
264,09:43:09,36.53,91309,25,买盘
265,09:43:12,36.53,347030,95,买盘
266,09:43:15,36.53,244767,67,卖盘
267,09:43:18,36.53,456657,125,卖盘
268,09:43:21,36.54,292288,80,买盘
269,09:43:24,36.54,449562,123,卖盘
270,09:43:27,36.55,219999,60,买盘
271,09:43:30,36.55,113305,31,买盘
272,09:43:33,36.54,664422,182,卖盘
273,09:43:36,36.54,350809,96,买盘
274,09:43:39,36.56,358977,98,买盘
275,09:43:42,36.55,464228,127,卖盘
276,09:43:45,36.55,120638,33,买盘
277,09:43:48,36.55,1029927,282,卖盘
278,09:43:51,36.55,62103,17,买盘
279,09:43:54,36.55,405671,111,买盘
280,09:43:57,36.53,211967,58,中性盘
281,09:44:00,36.55,2306259,631,买盘
282,09:44:03,36.53,767206,210,卖盘
283,09:44:06,36.56,84081,23,买盘
284,09:44:09,36.53,701583,192,卖盘
285,09:44:12,36.55,105948,29,买盘
286,09:44:15,36.53,25573,7,卖盘
287,09:44:18,36.55,431162,118,买盘
288,09:44:21,36.55,160814,44,买盘
289,09:44:24,36.55,160786,44,买盘
290,09:44:27,36.55,822304,225,买盘
291,09:44:30,36.56,539591,148,买盘
292,09:44:33,36.57,153588,42,买盘
293,09:44:36,36.59,1013089,277,买盘
294,09:44:39,36.56,171843,47,卖盘
295,09:44:42,36.57,281538,77,买盘
296,09:44:45,36.54,913392,250,卖盘
297,09:44:48,36.53,2708184,741,中性盘
298,09:44:51,36.55,226500,62,买盘
299,09:44:54,36.55,343391,94,买盘
300,09:44:57,36.55,105965,29,买盘
301,09:45:00,36.53,369096,101,卖盘
302,09:45:03,36.51,3003725,823,卖盘
303,09:45:06,36.5,178890,49,中性盘
304,09:45:09,36.49,463573,127,卖盘
305,09:45:12,36.49,507177,139,中性盘
306,09:45:15,36.45,875129,240,卖盘
307,09:45:18,36.45,619559,170,卖盘
308,09:45:21,36.45,138510,38,买盘
309,09:45:24,36.44,145798,40,卖盘
310,09:45:27,36.44,109365,30,卖盘
311,09:45:30,36.46,149437,41,买盘
312,09:45:33,36.44,298863,82,卖盘
313,09:45:36,36.46,156718,43,中性盘
314,09:45:39,36.47,462914,127,买盘
315,09:45:42,36.46,142133,39,中性盘
316,09:45:45,36.47,211340,58,买盘
317,09:45:48,36.46,225833,62,中性盘
318,09:45:51,36.44,429778,118,中性盘
319,09:45:54,36.42,149292,41,中性盘
320,09:45:57,36.41,105654,29,卖盘
321,09:46:00,36.43,1228009,337,买盘
322,09:46:03,36.42,331449,91,中性盘
323,09:46:06,36.45,142148,39,买盘
324,09:46:09,36.44,25514,7,卖盘
325,09:46:12,36.46,247864,68,买盘
326,09:46:15,36.46,105726,29,买盘
327,09:46:18,36.48,149522,41,买盘
328,09:46:21,36.46,105737,29,卖盘
329,09:46:24,36.48,277232,76,买盘
330,09:46:27,36.49,171491,47,买盘
331,09:46:30,36.5,109462,30,买盘
332,09:46:33,36.49,145941,40,卖盘
333,09:46:36,36.48,193351,53,中性盘
334,09:46:39,36.47,54703,15,卖盘
335,09:46:42,36.48,65648,18,买盘
336,09:46:45,36.47,116693,32,买盘
337,09:46:48,36.46,266222,73,卖盘
338,09:46:51,36.47,592688,163,中性盘
339,09:46:54,36.49,204260,56,买盘
340,09:46:57,36.49,51065,14,买盘
341,09:47:00,36.48,295560,81,中性盘
342,09:47:03,36.49,62031,17,中性盘
343,09:47:06,36.5,1142427,313,买盘
344,09:47:09,36.49,116725,32,中性盘
345,09:47:12,36.5,1956384,536,买盘
346,09:47:15,36.5,445275,122,买盘
347,09:47:18,36.5,51104,14,卖盘
348,09:47:21,36.51,10952,3,中性盘
349,09:47:24,36.48,470774,129,卖盘
350,09:47:27,36.48,262656,72,买盘
351,09:47:30,36.51,2787290,764,买盘
352,09:47:33,36.5,489167,134,卖盘
353,09:47:36,36.48,62021,17,卖盘
354,09:47:39,36.5,158360,43,买盘
355,09:47:42,36.5,297797,82,卖盘
356,09:47:45,36.48,113110,31,卖盘
357,09:47:48,36.5,76638,21,买盘
358,09:47:51,36.5,80261,22,买盘
359,09:47:54,36.5,197055,54,买盘
360,09:47:57,36.47,481508,132,卖盘
361,09:48:00,36.46,2257151,619,卖盘
362,09:48:03,36.49,160503,44,买盘
363,09:48:06,36.5,470751,129,买盘
364,09:48:09,36.54,1428933,391,买盘
365,09:48:12,36.54,197326,54,买盘
366,09:48:15,36.54,562732,154,卖盘
367,09:48:18,36.55,738272,202,买盘
368,09:48:21,36.55,270465,74,买盘
369,09:48:24,36.54,1713812,469,卖盘
370,09:48:27,36.56,361798,99,买盘
371,09:48:30,36.53,80366,22,买盘
372,09:48:33,36.53,412616,113,买盘
373,09:48:36,36.53,149741,41,买盘
374,09:48:39,36.5,257701,71,卖盘
375,09:48:42,36.5,98550,27,买盘
376,09:48:45,36.5,271560,74,买盘
377,09:48:48,36.51,419862,115,中性盘
378,09:48:51,36.53,7305,2,买盘
379,09:48:54,36.51,157041,43,卖盘
380,09:48:57,36.53,1814356,497,买盘
381,09:49:00,36.49,319741,88,卖盘
382,09:49:03,36.5,452600,124,买盘
383,09:49:06,36.49,383203,105,卖盘
384,09:49:09,36.49,492615,135,买盘
385,09:49:12,36.49,821000,225,买盘
386,09:49:15,36.49,317544,87,卖盘
387,09:49:18,36.49,51086,14,卖盘
388,09:49:21,36.49,200653,55,买盘
389,09:49:24,36.47,196968,54,卖盘
390,09:49:27,36.47,145900,40,卖盘
391,09:49:30,36.49,102144,28,买盘
392,09:49:33,36.46,419325,115,卖盘
393,09:49:36,36.47,72939,20,买盘
394,09:49:39,36.46,510397,140,卖盘
395,09:49:42,36.46,109380,30,中性盘
396,09:49:45,36.47,546893,150,买盘
397,09:49:48,36.46,138557,38,卖盘
398,09:49:51,36.46,277092,76,卖盘
399,09:49:54,36.46,47400,13,卖盘
400,09:49:57,36.46,21879,6,卖盘
401,09:50:00,36.46,36460,10,卖盘
402,09:50:03,36.45,120309,33,卖盘
403,09:50:06,36.46,576178,158,买盘
404,09:50:09,36.48,1327821,364,买盘
405,09:50:12,36.49,403483,111,买盘
406,09:50:15,36.49,266334,73,买盘
407,09:50:18,36.48,65668,18,卖盘
408,09:50:21,36.49,149609,41,买盘
409,09:50:24,36.49,977183,268,买盘
410,09:50:27,36.49,237194,65,卖盘
411,09:50:30,36.5,580228,159,买盘
412,09:50:33,36.49,157652,43,卖盘
413,09:50:36,36.5,182477,50,买盘
414,09:50:39,36.49,256842,70,中性盘
415,09:50:42,36.5,160584,44,买盘
416,09:50:45,36.49,40143,11,卖盘
417,09:50:48,36.49,2270313,622,买盘
418,09:50:51,36.49,1265991,347,买盘
419,09:50:54,36.51,313872,86,买盘
420,09:50:57,36.49,40143,11,中性盘
421,09:51:00,36.51,153324,42,买盘
422,09:51:03,36.51,138701,38,中性盘
423,09:51:06,36.52,401686,110,买盘
424,09:51:09,36.53,734096,201,买盘
425,09:51:12,36.55,109642,30,买盘
426,09:51:15,36.55,160820,44,买盘
427,09:51:18,36.54,204678,56,中性盘
428,09:51:21,36.53,421008,115,卖盘
429,09:51:24,36.52,470494,129,卖盘
430,09:51:27,36.48,1620657,444,卖盘
431,09:51:30,36.5,408789,112,中性盘
432,09:51:33,36.48,3648,1,卖盘
433,09:51:36,36.49,280972,77,买盘
434,09:51:39,36.48,284570,78,卖盘
435,09:51:42,36.49,43788,12,卖盘
436,09:51:45,36.49,120428,33,卖盘
437,09:51:48,36.48,131357,36,卖盘
438,09:51:51,36.48,149590,41,卖盘
439,09:51:54,36.48,138624,38,卖盘
440,09:51:57,36.48,514317,141,买盘
441,09:52:00,36.5,1861313,510,买盘
442,09:52:03,36.53,357946,98,买盘
443,09:52:06,36.56,657922,180,买盘
444,09:52:09,36.56,431352,118,买盘
445,09:52:12,36.56,157940,43,买盘
446,09:52:15,36.56,332736,91,卖盘
447,09:52:18,36.57,157245,43,买盘
448,09:52:21,36.57,233274,64,买盘
449,09:52:24,36.56,544835,149,中性盘
450,09:52:27,36.56,182780,50,买盘
451,09:52:30,36.57,661981,181,买盘
452,09:52:33,36.57,84105,23,买盘
453,09:52:36,36.55,117010,32,卖盘
454,09:52:39,36.57,329114,90,买盘
455,09:52:42,36.57,32913,9,买盘
456,09:52:45,36.57,241362,66,买盘
457,09:52:48,36.56,160878,44,卖盘
458,09:52:51,36.54,460504,126,卖盘
459,09:52:54,36.55,62130,17,买盘
460,09:52:57,36.54,40194,11,中性盘
461,09:53:00,36.54,116865,32,买盘
462,09:53:03,36.51,135126,37,卖盘
463,09:53:06,36.5,510977,140,卖盘
464,09:53:09,36.48,131398,36,卖盘
465,09:53:12,36.5,204390,56,买盘
466,09:53:15,36.5,197086,54,买盘
467,09:53:18,36.51,704496,193,买盘
468,09:53:21,36.51,116863,32,卖盘
469,09:53:24,36.51,47475,13,卖盘
470,09:53:27,36.54,2673666,732,买盘
471,09:53:30,36.54,98652,27,买盘
472,09:53:33,36.53,664870,182,卖盘
473,09:53:36,36.52,58443,16,卖盘
474,09:53:39,36.54,460210,126,买盘
475,09:53:42,36.52,73040,20,卖盘
476,09:53:45,36.53,54795,15,买盘
477,09:53:48,36.54,277673,76,买盘
478,09:53:51,36.54,105965,29,买盘
479,09:53:54,36.56,1253924,343,买盘
480,09:53:57,36.54,186337,51,卖盘
481,09:54:00,36.52,811031,222,卖盘
482,09:54:03,36.52,149732,41,买盘
483,09:54:06,36.54,281307,77,买盘
484,09:54:09,36.54,153439,42,买盘
485,09:54:12,36.54,65769,18,买盘
486,09:54:15,36.54,266731,73,买盘
487,09:54:18,36.57,303397,83,买盘
488,09:54:21,36.57,270473,74,买盘
489,09:54:24,36.56,259646,71,卖盘
490,09:54:27,36.58,1064171,291,买盘
491,09:54:30,36.59,1551049,424,买盘
492,09:54:33,36.57,545081,149,卖盘
493,09:54:36,36.59,285362,78,买盘
494,09:54:39,36.61,4110569,1123,买盘
495,09:54:42,36.63,1006891,275,买盘
496,09:54:45,36.61,344298,94,卖盘
497,09:54:48,36.61,3889483,1063,卖盘
498,09:54:51,36.61,150059,41,买盘
499,09:54:54,36.6,73184,20,中性盘
500,09:54:57,36.61,296493,81,买盘
501,09:55:00,36.61,212282,58,买盘
502,09:55:03,36.6,201280,55,中性盘
503,09:55:06,36.59,391468,107,买盘
504,09:55:09,36.57,234061,64,卖盘
505,09:55:12,36.55,471513,129,卖盘
506,09:55:15,36.56,613887,168,买盘
507,09:55:18,36.53,189995,52,卖盘
508,09:55:21,36.54,193603,53,买盘
509,09:55:24,36.52,325052,89,卖盘
510,09:55:27,36.52,142428,39,买盘
511,09:55:30,36.53,555418,152,买盘
512,09:55:33,36.55,460396,126,中性盘
513,09:55:36,36.56,219361,60,买盘
514,09:55:39,36.55,299734,82,卖盘
515,09:55:42,36.55,102356,28,卖盘
516,09:55:45,36.55,113312,31,卖盘
517,09:55:48,36.55,116960,32,买盘
518,09:55:51,36.54,215692,59,卖盘
519,09:55:54,36.56,332562,91,买盘
520,09:55:57,36.54,21930,6,中性盘
521,09:56:00,36.54,135239,37,卖盘
522,09:56:03,36.54,672200,184,卖盘
523,09:56:06,36.53,168026,46,中性盘
524,09:56:09,36.51,624354,171,卖盘
525,09:56:12,36.51,94914,26,买盘
526,09:56:15,36.51,29206,8,买盘
527,09:56:18,36.51,62056,17,买盘
528,09:56:21,36.5,40158,11,卖盘
529,09:56:24,36.51,135087,37,卖盘
530,09:56:27,36.49,1737434,476,卖盘
531,09:56:30,36.48,328366,90,卖盘
532,09:56:36,36.48,266304,73,卖盘
533,09:56:39,36.48,182399,50,买盘
534,09:56:42,36.48,204260,56,买盘
535,09:56:45,36.47,167779,46,卖盘
536,09:56:48,36.47,61993,17,中性盘
537,09:56:51,36.46,164094,45,卖盘
538,09:56:54,36.45,729191,200,卖盘
539,09:56:57,36.42,2232162,613,卖盘
540,09:57:00,36.41,47342,13,卖盘
541,09:57:03,36.41,313168,86,卖盘
542,09:57:06,36.41,120175,33,卖盘
543,09:57:09,36.43,1373047,377,买盘
544,09:57:12,36.44,746934,205,买盘
545,09:57:15,36.43,105674,29,卖盘
546,09:57:18,36.43,502686,138,卖盘
547,09:57:21,36.44,356959,98,买盘
548,09:57:24,36.44,1034881,284,买盘
549,09:57:27,36.44,477373,131,卖盘
550,09:57:30,36.44,21864,6,卖盘
551,09:57:33,36.44,430063,118,卖盘
552,09:57:36,36.45,116640,32,中性盘
553,09:57:39,36.46,58334,16,买盘
554,09:57:42,36.45,51043,14,卖盘
555,09:57:45,36.47,10942,3,中性盘
556,09:57:48,36.48,116743,32,买盘
557,09:57:51,36.48,3648,1,卖盘
558,09:57:54,36.48,229823,63,卖盘
559,09:57:57,36.45,247969,68,卖盘
560,09:58:00,36.48,47414,13,买盘
561,09:58:03,36.48,51057,14,买盘
562,09:58:06,36.48,156822,43,买盘
563,09:58:09,36.47,51068,14,卖盘
564,09:58:12,36.48,218880,60,买盘
565,09:58:15,36.46,714989,196,卖盘
566,09:58:18,36.48,91202,25,中性盘
567,09:58:21,36.48,14590,4,买盘
568,09:58:24,36.47,25532,7,卖盘
569,09:58:27,36.47,91173,25,买盘
570,09:58:30,36.48,601654,165,买盘
571,09:58:33,36.48,240734,66,买盘
572,09:58:36,36.48,72951,20,买盘
573,09:58:39,36.48,120356,33,买盘
574,09:58:42,36.47,69293,19,卖盘
575,09:58:45,36.5,1006858,276,买盘
576,09:58:48,36.47,386605,106,卖盘
577,09:58:51,36.5,80283,22,买盘
578,09:58:54,36.5,310232,85,买盘
579,09:58:57,36.5,124043,34,买盘
580,09:59:00,36.5,97788,27,买盘
581,09:59:03,36.48,215288,59,卖盘
582,09:59:06,36.49,47429,13,买盘
583,09:59:09,36.48,350946,96,卖盘
584,09:59:12,36.48,54720,15,买盘
585,09:59:15,36.48,80254,22,买盘
586,09:59:18,36.47,802411,220,卖盘
587,09:59:21,36.46,933390,256,卖盘
588,09:59:24,36.45,451987,124,卖盘
589,09:59:27,36.44,1421407,390,卖盘
590,09:59:30,36.43,225906,62,卖盘
591,09:59:33,36.44,342521,94,买盘
592,09:59:36,36.43,51026,14,卖盘
593,09:59:39,36.45,637884,175,买盘
594,09:59:42,36.46,164070,45,买盘
595,09:59:45,36.45,43748,12,卖盘
596,09:59:48,36.46,127633,35,卖盘
597,09:59:51,36.47,324501,89,买盘
598,09:59:54,36.46,189583,52,卖盘
599,09:59:57,36.46,69265,19,买盘
600,10:00:00,36.46,109361,30,买盘
601,10:00:03,36.45,145803,40,卖盘
602,10:00:06,36.45,284233,78,买盘
603,10:00:09,36.45,302535,83,买盘
604,10:00:12,36.43,2696857,740,卖盘
605,10:00:15,36.44,142110,39,买盘
606,10:00:18,36.43,561052,154,卖盘
607,10:00:21,36.42,575444,158,卖盘
608,10:00:24,36.41,225787,62,卖盘
609,10:00:27,36.4,848369,233,卖盘
610,10:00:30,36.4,1103360,303,卖盘
611,10:00:33,36.42,189309,52,买盘
612,10:00:36,36.41,207484,57,卖盘
613,10:00:39,36.4,178378,49,卖盘
614,10:00:42,36.41,182050,50,买盘
615,10:00:45,36.4,407691,112,卖盘
616,10:00:48,36.42,139096,38,买盘
617,10:00:51,36.42,313134,86,买盘
618,10:00:54,36.44,360614,99,买盘
619,10:00:57,36.44,61963,17,卖盘
620,10:01:00,36.44,58306,16,卖盘
621,10:01:03,36.41,1299832,357,卖盘
622,10:01:06,36.42,112894,31,买盘
623,10:01:09,36.42,724402,199,买盘
624,10:01:12,36.41,43712,12,卖盘
625,10:01:15,36.42,174818,48,买盘
626,10:01:18,36.41,116516,32,卖盘
627,10:01:21,36.41,29128,8,买盘
628,10:01:24,36.41,171126,47,买盘
629,10:01:27,36.41,83729,23,买盘
630,10:01:30,36.4,61882,17,卖盘
631,10:01:33,36.41,152889,42,买盘
632,10:01:36,36.4,309400,85,卖盘
633,10:01:39,36.4,222077,61,卖盘
634,10:01:42,36.41,596966,164,买盘
635,10:01:45,36.4,1248525,343,卖盘
636,10:01:48,36.38,884070,243,卖盘
637,10:01:51,36.4,1029563,283,买盘
638,10:01:54,36.39,229319,63,卖盘
639,10:01:57,36.39,979042,269,卖盘
640,10:02:00,36.39,1255542,345,中性盘
641,10:02:03,36.43,444217,122,买盘
642,10:02:06,36.43,269615,74,买盘
643,10:02:09,36.45,914437,251,买盘
644,10:02:12,36.45,207727,57,买盘
645,10:02:15,36.45,174960,48,买盘
646,10:02:18,36.47,1148711,315,买盘
647,10:02:21,36.47,149579,41,卖盘
648,10:02:24,36.49,80246,22,买盘
649,10:02:27,36.46,291758,80,卖盘
650,10:02:33,36.46,25527,7,卖盘
651,10:02:36,36.47,40117,11,买盘
652,10:02:39,36.46,236994,65,卖盘
653,10:02:42,36.47,36470,10,买盘
654,10:02:45,36.48,102137,28,买盘
655,10:02:48,36.48,62016,17,买盘
656,10:02:51,36.49,87562,24,买盘
657,10:02:54,36.48,390398,107,卖盘
658,10:02:57,36.47,80251,22,卖盘
659,10:03:00,36.48,40136,11,中性盘
660,10:03:03,36.49,295601,81,买盘
661,10:03:06,36.5,109500,30,买盘
662,10:03:09,36.52,580392,159,买盘
663,10:03:12,36.52,343246,94,买盘
664,10:03:15,36.52,138776,38,买盘
665,10:03:18,36.52,58430,16,买盘
666,10:03:21,36.52,160679,44,买盘
667,10:03:24,36.52,18260,5,买盘
668,10:03:27,36.52,94943,26,买盘
669,10:03:30,36.52,65752,18,卖盘
670,10:03:33,36.54,120538,33,买盘
671,10:03:36,36.53,233764,64,买盘
672,10:03:39,36.53,200913,55,买盘
673,10:03:42,36.52,43825,12,卖盘
674,10:03:48,36.52,65741,18,卖盘
675,10:03:51,36.53,562547,154,买盘
676,10:03:54,36.54,54788,15,买盘
677,10:03:57,36.53,62101,17,卖盘
678,10:04:00,36.53,51134,14,卖盘
679,10:04:03,36.53,94971,26,卖盘
680,10:04:06,36.52,7304,2,中性盘
681,10:04:09,36.54,306853,84,买盘
682,10:04:12,36.52,168051,46,卖盘
683,10:04:15,36.54,310672,85,中性盘
684,10:04:18,36.54,62111,17,卖盘
685,10:04:21,36.54,40194,11,买盘
686,10:04:24,36.54,14616,4,卖盘
687,10:04:27,36.55,65771,18,买盘
688,10:04:30,36.55,32895,9,买盘
689,10:04:33,36.53,18269,5,卖盘
690,10:04:36,36.53,164438,45,卖盘
691,10:04:39,36.53,62101,17,卖盘
692,10:04:42,36.54,7308,2,买盘
693,10:04:45,36.54,80372,22,买盘
694,10:04:48,36.53,87687,24,卖盘
695,10:04:51,36.53,43836,12,买盘
696,10:04:54,36.55,927947,254,买盘
697,10:04:57,36.55,1418140,388,买盘
698,10:05:00,36.54,610353,167,卖盘
699,10:05:03,36.55,2788790,763,买盘
700,10:05:06,36.55,763810,209,买盘
701,10:05:09,36.54,960418,263,卖盘
702,10:05:12,36.51,788619,216,卖盘
703,10:05:15,36.51,386854,106,中性盘
704,10:05:18,36.47,244509,67,卖盘
705,10:05:21,36.46,156759,43,卖盘
706,10:05:24,36.48,51066,14,买盘
707,10:05:27,36.48,178721,49,中性盘
708,10:05:30,36.47,40127,11,卖盘
709,10:05:36,36.47,160490,44,卖盘
710,10:05:39,36.47,229846,63,买盘
711,10:05:42,36.49,21894,6,中性盘
712,10:05:45,36.5,83948,23,买盘
713,10:05:48,36.5,80314,22,卖盘
714,10:05:51,36.49,87593,24,卖盘
715,10:05:54,36.49,36489,10,买盘
716,10:05:57,36.49,109470,30,买盘
717,10:06:00,36.48,693208,190,卖盘
718,10:06:03,36.48,32836,9,卖盘
719,10:06:06,36.48,51072,14,卖盘
720,10:06:09,36.5,124044,34,买盘
721,10:06:12,36.48,80274,22,卖盘
722,10:06:15,36.5,54743,15,买盘
723,10:06:18,36.48,105794,29,卖盘
724,10:06:21,36.5,62031,17,买盘
725,10:06:24,36.5,375950,103,买盘
726,10:06:27,36.51,124112,34,买盘
727,10:06:30,36.51,164254,45,卖盘
728,10:06:33,36.5,116802,32,卖盘
729,10:06:36,36.5,167900,46,买盘
730,10:06:39,36.49,127749,35,卖盘
731,10:06:42,36.49,160586,44,卖盘
732,10:06:45,36.5,94899,26,买盘
733,10:06:48,36.51,58416,16,买盘
734,10:06:51,36.52,87631,24,买盘
735,10:06:54,36.52,149701,41,买盘
736,10:06:57,36.51,167991,46,卖盘
737,10:07:00,36.52,87636,24,买盘
738,10:07:03,36.52,222741,61,买盘
739,10:07:06,36.53,368960,101,买盘
740,10:07:09,36.54,164444,45,买盘
741,10:07:12,36.54,69441,19,卖盘
742,10:07:15,36.55,200287,55,买盘
743,10:07:18,36.56,201068,55,买盘
744,10:07:21,36.57,80418,22,买盘
745,10:07:24,36.55,47520,13,卖盘
746,10:07:27,36.57,58505,16,买盘
747,10:07:30,36.56,742505,203,中性盘
748,10:07:33,36.57,47541,13,卖盘
749,10:07:36,36.58,430177,118,买盘
750,10:07:39,36.6,625804,171,买盘
751,10:07:42,36.6,179338,49,买盘
752,10:07:45,36.59,881980,241,卖盘
753,10:07:48,36.6,702653,192,买盘
754,10:07:51,36.6,362310,99,买盘
755,10:07:54,36.6,567301,155,买盘
756,10:07:57,36.6,365998,100,卖盘
757,10:08:00,36.61,76873,21,买盘
758,10:08:03,36.61,1097812,300,买盘
759,10:08:06,36.6,962799,263,中性盘
760,10:08:09,36.61,25626,7,买盘
761,10:08:12,36.6,7320,2,买盘
762,10:08:15,36.6,54890,15,买盘
763,10:08:18,36.6,1061396,290,买盘
764,10:08:21,36.6,527010,144,卖盘
765,10:08:24,36.59,106135,29,卖盘
766,10:08:27,36.59,84172,23,卖盘
767,10:08:30,36.59,226817,62,买盘
768,10:08:33,36.59,74637,20,买盘
769,10:08:36,36.58,475559,130,卖盘
770,10:08:39,36.59,417131,114,买盘
771,10:08:42,36.59,393774,108,买盘
772,10:08:45,36.6,226841,62,买盘
773,10:08:48,36.59,182995,50,卖盘
774,10:08:51,36.6,98814,27,买盘
775,10:08:54,36.6,80504,22,买盘
776,10:08:57,36.59,223197,61,卖盘
777,10:09:00,36.6,296388,81,买盘
778,10:09:03,36.56,47570,13,卖盘
779,10:09:06,36.58,18291,5,中性盘
780,10:09:09,36.56,80436,22,卖盘
781,10:09:12,36.56,62148,17,中性盘
782,10:09:15,36.58,208518,57,买盘
783,10:09:18,36.58,933049,255,卖盘
784,10:09:21,36.59,1035575,283,买盘
785,10:09:24,36.6,303807,83,买盘
786,10:09:27,36.6,146428,40,卖盘
787,10:09:30,36.61,278202,76,买盘
788,10:09:33,36.61,1065368,291,买盘
789,10:09:36,36.62,270978,74,买盘
790,10:09:39,36.61,241677,66,卖盘
791,10:09:42,36.62,479601,131,买盘
792,10:09:45,36.62,54930,15,买盘
793,10:09:48,36.62,128163,35,买盘
794,10:09:51,36.62,172095,47,买盘
795,10:09:54,36.62,54930,15,买盘
796,10:09:57,36.62,545462,149,买盘
797,10:10:00,36.61,600152,164,中性盘
798,10:10:03,36.6,314619,86,中性盘
799,10:10:06,36.57,36596,10,中性盘
800,10:10:09,36.57,406249,111,中性盘
801,10:10:12,36.56,204713,56,卖盘
802,10:10:15,36.54,58491,16,卖盘
803,10:10:18,36.57,109705,30,买盘
804,10:10:21,36.57,87761,24,买盘
805,10:10:24,36.54,10970,3,卖盘
806,10:10:33,36.54,87718,24,卖盘
807,10:10:36,36.54,146172,40,卖盘
808,10:10:39,36.56,18279,5,中性盘
809,10:10:42,36.56,149928,41,买盘
810,10:10:45,36.58,14630,4,买盘
811,10:10:48,36.6,596240,163,买盘
812,10:10:51,36.61,278189,76,买盘
813,10:10:54,36.61,7322,2,买盘
814,10:10:57,36.6,62220,17,买盘
815,10:11:00,36.59,307389,84,卖盘
816,10:11:03,36.59,109798,30,卖盘
817,10:11:06,36.59,446434,122,卖盘
818,10:11:09,36.59,87813,24,买盘
819,10:11:12,36.59,193921,53,买盘
820,10:11:15,36.59,885478,242,卖盘
821,10:11:18,36.57,32914,9,卖盘
822,10:11:21,36.58,705623,193,买盘
823,10:11:24,36.56,179241,49,中性盘
824,10:11:27,36.55,866837,237,卖盘
825,10:11:30,36.57,98728,27,中性盘
826,10:11:33,36.57,215747,59,买盘
827,10:11:36,36.56,84112,23,卖盘
828,10:11:39,36.56,149876,41,买盘
829,10:11:42,36.55,40205,11,卖盘
830,10:11:45,36.55,40204,11,卖盘
831,10:11:48,36.55,105996,29,卖盘
832,10:11:51,36.56,146211,40,买盘
833,10:11:54,36.58,362002,99,买盘
834,10:11:57,36.6,91485,25,买盘
835,10:12:00,36.61,567330,155,买盘
836,10:12:03,36.61,139108,38,买盘
837,10:12:06,36.62,875817,239,买盘
838,10:12:09,36.65,2402858,656,买盘
839,10:12:12,36.65,131931,36,买盘
840,10:12:15,36.64,604682,165,卖盘
841,10:12:18,36.65,58644,16,中性盘
842,10:12:21,36.65,131888,36,中性盘
843,10:12:24,36.66,84280,23,买盘
844,10:12:27,36.66,161302,44,买盘
845,10:12:30,36.64,241897,66,卖盘
846,10:12:33,36.66,384895,105,买盘
847,10:12:36,36.65,117291,32,中性盘
848,10:12:39,36.66,120953,33,买盘
849,10:12:42,36.65,414202,113,卖盘
850,10:12:45,36.65,25655,7,买盘
851,10:12:48,36.65,102621,28,卖盘
852,10:12:51,36.66,538901,147,买盘
853,10:12:54,36.66,274935,75,买盘
854,10:12:57,36.67,311642,85,买盘
855,10:13:00,36.67,69658,19,买盘
856,10:13:03,36.67,33003,9,买盘
857,10:13:06,36.67,65993,18,买盘
858,10:13:09,36.67,154014,42,买盘
859,10:13:12,36.67,91675,25,买盘
860,10:13:15,36.67,209019,57,买盘
861,10:13:18,36.66,113669,31,卖盘
862,10:13:21,36.66,95324,26,卖盘
863,10:13:24,36.67,14666,4,买盘
864,10:13:27,36.67,186999,51,买盘
865,10:13:30,36.69,1944125,530,买盘
866,10:13:33,36.7,836589,228,买盘
867,10:13:36,36.68,807357,220,卖盘
868,10:13:39,36.73,935933,255,买盘
869,10:13:42,36.73,290106,79,买盘
870,10:13:45,36.71,517640,141,中性盘
871,10:13:48,36.73,1729764,471,买盘
872,10:13:51,36.73,918252,250,卖盘
873,10:13:54,36.73,268165,73,卖盘
874,10:13:57,36.75,312282,85,买盘
875,10:14:00,36.74,110210,30,买盘
876,10:14:03,36.75,356408,97,买盘
877,10:14:06,36.75,488664,133,买盘
878,10:14:09,36.73,1274937,347,卖盘
879,10:14:12,36.73,183659,50,中性盘
880,10:14:15,36.7,319402,87,卖盘
881,10:14:18,36.69,29357,8,卖盘
882,10:14:21,36.67,157753,43,卖盘
883,10:14:24,36.68,297304,81,中性盘
884,10:14:27,36.68,572201,156,买盘
885,10:14:30,36.67,641859,175,卖盘
886,10:14:33,36.69,58696,16,中性盘
887,10:14:36,36.7,3670,1,买盘
888,10:14:39,36.68,223855,61,卖盘
889,10:14:42,36.7,40363,11,买盘
890,10:14:45,36.72,47728,13,买盘
891,10:14:51,36.72,69752,19,买盘
892,10:14:54,36.73,121195,33,买盘
893,10:14:57,36.73,510568,139,买盘
894,10:15:00,36.73,102861,28,卖盘
895,10:15:03,36.74,172672,47,买盘
896,10:15:06,36.74,315940,86,买盘
897,10:15:09,36.75,455501,124,买盘
898,10:15:12,36.75,66144,18,买盘
899,10:15:15,36.75,518114,141,买盘
900,10:15:18,36.74,385869,105,卖盘
901,10:15:21,36.8,18628041,5066,买盘
902,10:15:24,36.81,58901,16,中性盘
903,10:15:27,36.81,132562,36,卖盘
904,10:15:30,36.83,128905,35,买盘
905,10:15:33,36.8,460177,125,卖盘
906,10:15:36,36.8,1454607,395,卖盘
907,10:15:39,36.81,394042,107,卖盘
908,10:15:42,36.84,239389,65,买盘
909,10:15:45,36.81,434405,118,卖盘
910,10:15:48,36.83,150935,41,买盘
911,10:15:51,36.84,158394,43,买盘
912,10:15:54,36.82,662739,180,卖盘
913,10:15:57,36.82,548463,149,买盘
914,10:16:00,36.78,838988,228,卖盘
915,10:16:03,36.8,147152,40,买盘
916,10:16:06,36.8,14720,4,买盘
917,10:16:09,36.78,356716,97,卖盘
918,10:16:12,36.76,580960,158,卖盘
919,10:16:15,36.8,393706,107,买盘
920,10:16:18,36.78,128732,35,卖盘
921,10:16:21,36.78,331079,90,卖盘
922,10:16:24,36.78,448722,122,卖盘
923,10:16:27,36.79,562740,153,买盘
924,10:16:30,36.78,194981,53,卖盘
925,10:16:33,36.8,114060,31,买盘
926,10:16:36,36.8,117721,32,买盘
927,10:16:39,36.78,445074,121,卖盘
928,10:16:42,36.77,702146,191,卖盘
929,10:16:45,36.75,437399,119,卖盘
930,10:16:48,36.76,227875,62,买盘
931,10:16:51,36.75,422663,115,中性盘
932,10:16:54,36.75,110255,30,卖盘
933,10:16:57,36.74,132298,36,卖盘
934,10:17:00,36.73,25719,7,卖盘
935,10:17:03,36.73,62465,17,卖盘
936,10:17:06,36.74,66125,18,中性盘
937,10:17:09,36.73,91826,25,卖盘
938,10:17:12,36.73,1142036,311,卖盘
939,10:17:15,36.74,639426,174,买盘
940,10:17:18,36.72,543620,148,卖盘
941,10:17:21,36.7,58749,16,卖盘
942,10:17:24,36.7,220223,60,卖盘
943,10:17:27,36.7,47710,13,卖盘
944,10:17:30,36.72,363405,99,买盘
945,10:17:33,36.72,212936,58,买盘
946,10:17:36,36.72,253368,69,买盘
947,10:17:39,36.71,47732,13,卖盘
948,10:17:42,36.71,304672,83,买盘
949,10:17:45,36.7,29360,8,卖盘
950,10:17:48,36.69,708307,193,卖盘
951,10:17:51,36.71,245903,67,买盘
952,10:17:54,36.69,157767,43,卖盘
953,10:17:57,36.71,726464,198,买盘
954,10:18:00,36.7,161459,44,中性盘
955,10:18:03,36.69,44037,12,卖盘
956,10:18:06,36.7,308165,84,中性盘
957,10:18:09,36.69,157746,43,中性盘
958,10:18:12,36.7,253197,69,买盘
959,10:18:15,36.69,128428,35,卖盘
960,10:18:18,36.69,150435,41,中性盘
961,10:18:21,36.72,1956749,533,买盘
962,10:18:24,36.72,308444,84,买盘
963,10:18:27,36.74,168964,46,买盘
964,10:18:30,36.74,44078,12,买盘
965,10:18:33,36.73,194686,53,卖盘
966,10:18:36,36.73,899956,245,卖盘
967,10:18:39,36.74,848687,231,买盘
968,10:18:42,36.73,135899,37,买盘
969,10:18:45,36.73,11019,3,买盘
970,10:18:48,36.72,264419,72,卖盘
971,10:18:51,36.72,113809,31,买盘
972,10:18:54,36.71,223948,61,卖盘
973,10:18:57,36.7,433076,118,卖盘
974,10:19:00,36.71,80761,22,买盘
975,10:19:03,36.68,216479,59,卖盘
976,10:19:06,36.68,18342,5,卖盘
977,10:19:09,36.68,106374,29,卖盘
978,10:19:15,36.68,80701,22,卖盘
979,10:19:18,36.7,146742,40,买盘
980,10:19:21,36.7,1207416,329,买盘
981,10:19:24,36.7,763353,208,买盘
982,10:19:27,36.69,124767,34,卖盘
983,10:19:30,36.7,40374,11,中性盘
984,10:19:33,36.71,73403,20,买盘
985,10:19:36,36.71,319368,87,买盘
986,10:19:39,36.71,40381,11,买盘
987,10:19:42,36.71,55071,15,卖盘
988,10:19:45,36.72,18359,5,买盘
989,10:19:48,36.73,293763,80,买盘
990,10:19:51,36.74,334251,91,买盘
991,10:19:54,36.73,220408,60,卖盘
992,10:19:57,36.75,205799,56,买盘
993,10:20:00,36.75,121270,33,买盘
994,10:20:03,36.75,216825,59,买盘
995,10:20:06,36.75,102915,28,买盘
996,10:20:09,36.77,981465,267,买盘
997,10:20:12,36.77,308900,84,买盘
998,10:20:15,36.77,58844,16,卖盘
999,10:20:18,36.77,11032,3,卖盘
1000,10:20:21,36.78,183872,50,买盘
1001,10:20:24,36.75,430028,117,卖盘
1002,10:20:27,36.77,224211,61,买盘
1003,10:20:30,36.75,102897,28,中性盘
1004,10:20:33,36.74,1253541,341,卖盘
1005,10:20:36,36.75,29398,8,买盘
1006,10:20:39,36.75,154350,42,卖盘
1007,10:20:42,36.74,132289,36,卖盘
1008,10:20:45,36.75,606317,165,买盘
1009,10:20:48,36.75,58791,16,买盘
1010,10:20:51,36.75,323353,88,买盘
1011,10:20:54,36.73,694353,189,卖盘
1012,10:20:57,36.72,238859,65,卖盘
1013,10:21:00,36.74,84469,23,买盘
1014,10:21:03,36.72,11016,3,卖盘
1015,10:21:06,36.72,124836,34,买盘
1016,10:21:09,36.71,293780,80,卖盘
1017,10:21:12,36.72,66099,18,中性盘
1018,10:21:15,36.73,44068,12,买盘
1019,10:21:18,36.73,99159,27,买盘
1020,10:21:21,36.72,198333,54,卖盘
1021,10:21:24,36.73,29379,8,买盘
1022,10:21:30,36.75,804666,219,买盘
1023,10:21:33,36.75,224170,61,买盘
1024,10:21:36,36.75,102890,28,买盘
1025,10:21:39,36.73,36733,10,卖盘
1026,10:21:42,36.73,69802,19,卖盘
1027,10:21:45,36.74,18370,5,买盘
1028,10:21:48,36.73,190996,52,卖盘
1029,10:21:51,36.73,209311,57,买盘
1030,10:21:54,36.72,135895,37,中性盘
1031,10:21:57,36.73,3673,1,买盘
1032,10:22:00,36.73,202006,55,买盘
1033,10:22:03,36.75,1487889,405,买盘
1034,10:22:06,36.75,224166,61,买盘
1035,10:22:09,36.75,180074,49,买盘
1036,10:22:12,36.75,22050,6,买盘
1037,10:22:15,36.75,216825,59,买盘
1038,10:22:18,36.75,205794,56,买盘
1039,10:22:24,36.75,36757,10,卖盘
1040,10:22:27,36.76,209479,57,买盘
1041,10:22:30,36.76,25730,7,买盘
1042,10:22:33,36.75,165398,45,卖盘
1043,10:22:36,36.76,216847,59,买盘
1044,10:22:39,36.75,334489,91,卖盘
1045,10:22:42,36.76,18382,5,中性盘
1046,10:22:45,36.76,40437,11,卖盘
1047,10:22:48,36.77,121331,33,买盘
1048,10:22:51,36.77,62501,17,买盘
1049,10:22:54,36.77,158111,43,买盘
1050,10:22:57,36.77,868013,236,卖盘
1051,10:23:00,36.79,22074,6,买盘
1052,10:23:03,36.78,84594,23,卖盘
1053,10:23:06,36.79,360541,98,买盘
1054,10:23:09,36.79,445123,121,买盘
1055,10:23:12,36.78,323589,88,中性盘
1056,10:23:15,36.78,389938,106,买盘
1057,10:23:18,36.77,55173,15,卖盘
1058,10:23:21,36.77,89719,24,卖盘
1059,10:23:24,36.76,252206,69,卖盘
1060,10:23:27,36.76,36751,10,中性盘
1061,10:23:30,36.76,117616,32,中性盘
1062,10:23:33,36.75,66144,18,买盘
1063,10:23:36,36.75,40425,11,买盘
1064,10:23:39,36.76,712828,194,买盘
1065,10:23:42,36.77,139726,38,买盘
1066,10:23:45,36.76,88237,24,卖盘
1067,10:23:48,36.76,161773,44,卖盘
1068,10:23:51,36.77,117653,32,买盘
1069,10:23:54,36.77,58823,16,买盘
1070,10:23:57,36.77,308867,84,买盘
1071,10:24:00,36.77,58829,16,买盘
1072,10:24:03,36.77,345564,94,买盘
1073,10:24:06,36.77,110286,30,买盘
1074,10:24:12,36.74,154283,42,卖盘
1075,10:24:15,36.75,66153,18,买盘
1076,10:24:18,36.72,77114,21,卖盘
1077,10:24:21,36.72,73458,20,卖盘
1078,10:24:27,36.72,124833,34,买盘
1079,10:24:30,36.71,157868,43,卖盘
1080,10:24:33,36.71,194542,53,卖盘
1081,10:24:36,36.7,77078,21,卖盘
1082,10:24:39,36.7,293601,80,卖盘
1083,10:24:42,36.7,462296,126,买盘
1084,10:24:45,36.7,36698,10,买盘
1085,10:24:48,36.68,740984,202,卖盘
1086,10:24:51,36.69,69696,19,买盘
1087,10:24:54,36.69,29347,8,买盘
1088,10:24:57,36.68,7336,2,卖盘
1089,10:25:00,36.68,645568,176,卖盘
1090,10:25:03,36.67,322699,88,卖盘
1091,10:25:06,36.67,208972,57,买盘
1092,10:25:09,36.67,91671,25,买盘
1093,10:25:12,36.67,161353,44,卖盘
1094,10:25:15,36.67,131995,36,卖盘
1095,10:25:18,36.67,18335,5,中性盘
1096,10:25:21,36.66,76996,21,卖盘
1097,10:25:24,36.67,99009,27,买盘
1098,10:25:27,36.68,1107712,302,买盘
1099,10:25:30,36.68,1606572,438,买盘
1100,10:25:33,36.68,135715,37,买盘
1101,10:25:36,36.69,225247,61,买盘
1102,10:25:39,36.68,47684,13,卖盘
1103,10:25:42,36.69,161402,44,买盘
1104,10:25:45,36.68,165073,45,卖盘
1105,10:25:48,36.68,86565,24,卖盘
1106,10:25:54,36.68,3668,1,买盘
1107,10:25:57,36.67,14668,4,卖盘
1108,10:26:00,36.66,117335,32,卖盘
1109,10:26:03,36.66,43992,12,卖盘
1110,10:26:06,36.66,40326,11,卖盘
1111,10:26:09,36.67,506043,138,买盘
1112,10:26:12,36.67,179639,49,买盘
1113,10:26:18,36.66,91656,25,卖盘
1114,10:26:21,36.66,47658,13,卖盘
1115,10:26:24,36.67,355633,97,买盘
1116,10:26:27,36.66,212648,58,卖盘
1117,10:26:30,36.68,601532,164,买盘
1118,10:26:33,36.68,36680,10,卖盘
1119,10:26:36,36.68,3668,1,卖盘
1120,10:26:39,36.69,128402,35,买盘
1121,10:26:42,36.67,1588186,433,卖盘
1122,10:26:45,36.67,3667,1,买盘
1123,10:26:48,36.66,25662,7,卖盘
1124,10:26:51,36.67,11001,3,买盘
1125,10:26:54,36.67,36670,10,买盘
1126,10:26:57,36.66,172312,47,卖盘
1127,10:27:00,36.66,40326,11,卖盘
1128,10:27:03,36.67,194351,53,买盘
1129,10:27:06,36.67,264030,72,卖盘
1130,10:27:09,36.68,11002,3,买盘
1131,10:27:12,36.68,190690,52,买盘
1132,10:27:15,36.68,47677,13,买盘
1133,10:27:18,36.67,187104,51,卖盘
1134,10:27:21,36.68,36680,10,买盘
1135,10:27:24,36.7,11006,3,买盘
1136,10:27:27,36.7,3670,1,买盘
1137,10:27:30,36.7,44035,12,买盘
1138,10:27:33,36.69,132118,36,卖盘
1139,10:27:39,36.7,80738,22,买盘
1140,10:27:42,36.7,7340,2,买盘
1141,10:27:45,36.69,62373,17,卖盘
1142,10:27:48,36.69,62376,17,卖盘
1143,10:27:51,36.69,3669,1,买盘
1144,10:27:57,36.68,14674,4,卖盘
1145,10:28:00,36.69,260499,71,买盘
1146,10:28:03,36.7,146734,40,买盘
1147,10:28:06,36.68,3668,1,卖盘
1148,10:28:09,36.68,399808,109,卖盘
1149,10:28:12,36.68,223748,61,买盘
1150,10:28:15,36.69,44028,12,买盘
1151,10:28:18,36.7,1589133,433,买盘
1152,10:28:21,36.72,260712,71,买盘
1153,10:28:24,36.72,99136,27,买盘
1154,10:28:27,36.71,110149,30,中性盘
1155,10:28:30,36.71,7342,2,买盘
1156,10:28:33,36.71,3671,1,卖盘
1157,10:28:36,36.71,14685,4,卖盘
1158,10:28:39,36.72,139522,38,中性盘
1159,10:28:45,36.73,62443,17,卖盘
1160,10:28:48,36.73,562102,153,卖盘
1161,10:28:51,36.72,121235,33,卖盘
1162,10:28:54,36.75,44073,12,买盘
1163,10:28:57,36.74,51424,14,中性盘
1164,10:29:00,36.74,201984,55,买盘
1165,10:29:03,36.74,238789,65,买盘
1166,10:29:06,36.74,14696,4,买盘
1167,10:29:09,36.73,62434,17,买盘
1168,10:29:12,36.73,3673,1,买盘
1169,10:29:15,36.72,51421,14,卖盘
1170,10:29:18,36.72,62423,17,卖盘
1171,10:29:21,36.72,58752,16,买盘
1172,10:29:24,36.73,205654,56,买盘
1173,10:29:27,36.73,36730,10,买盘
1174,10:29:30,36.73,165280,45,买盘
1175,10:29:33,36.74,132240,36,买盘
1176,10:29:36,36.76,1168491,318,买盘
1177,10:29:39,36.76,69837,19,买盘
1178,10:29:42,36.73,429902,117,卖盘
1179,10:29:45,36.75,33083,9,中性盘
1180,10:29:48,36.76,33076,9,买盘
1181,10:29:51,36.76,7352,2,买盘
1182,10:29:54,36.77,301455,82,买盘
1183,10:29:57,36.76,161787,44,卖盘
1184,10:30:00,36.77,154432,42,买盘
1185,10:30:03,36.77,136054,37,买盘
1186,10:30:06,36.78,864141,235,买盘
1187,10:30:09,36.78,422970,115,买盘
1188,10:30:12,36.79,588523,160,买盘
1189,10:30:15,36.77,290562,79,卖盘
1190,10:30:18,36.79,209648,57,买盘
1191,10:30:21,36.79,1806675,491,买盘
1192,10:30:24,36.8,257581,70,买盘
1193,10:30:27,36.81,353297,96,买盘
1194,10:30:30,36.81,393756,107,买盘
1195,10:30:33,36.8,246637,67,卖盘
1196,10:30:36,36.81,231829,63,卖盘
1197,10:30:39,36.79,198723,54,卖盘
1198,10:30:42,36.81,154587,42,买盘
1199,10:30:45,36.8,3680,1,卖盘
1200,10:30:48,36.82,228220,62,买盘
1201,10:30:51,36.82,29449,8,买盘
1202,10:30:54,36.81,11043,3,卖盘
1203,10:30:57,36.82,1262990,343,买盘
1204,10:31:00,36.84,213627,58,买盘
1205,10:31:03,36.9,5803512,1574,买盘
1206,10:31:06,36.86,158544,43,卖盘
1207,10:31:09,36.9,332085,90,买盘
1208,10:31:12,36.9,258282,70,买盘
1209,10:31:15,36.9,461223,125,买盘
1210,10:31:18,36.9,258267,70,买盘
1211,10:31:21,36.9,295198,80,买盘
1212,10:31:24,36.9,446480,121,买盘
1213,10:31:27,36.91,154997,42,买盘
1214,10:31:30,36.91,214060,58,卖盘
1215,10:31:33,36.92,1801259,488,买盘
1216,10:31:36,36.91,358001,97,中性盘
1217,10:31:39,36.89,413343,112,中性盘
1218,10:31:42,36.88,88544,24,卖盘
1219,10:31:45,36.91,77464,21,买盘
1220,10:31:48,36.88,169715,46,卖盘
1221,10:31:51,36.91,357923,97,买盘
1222,10:31:54,36.9,158573,43,买盘
1223,10:31:57,36.91,188224,51,买盘
1224,10:32:00,36.93,846803,229,买盘
1225,10:32:03,36.95,1817389,492,买盘
1226,10:32:06,36.94,195803,53,卖盘
1227,10:32:09,36.95,1053017,285,买盘
1228,10:32:12,36.95,262327,71,买盘
1229,10:32:15,36.97,1352943,366,买盘
1230,10:32:18,36.98,872299,236,买盘
1231,10:32:21,36.98,403047,109,买盘
1232,10:32:24,36.98,928181,251,买盘
1233,10:32:27,36.98,865336,234,买盘
1234,10:32:30,36.99,1020847,276,买盘
1235,10:32:33,36.99,425325,115,买盘
1236,10:32:36,36.98,2163843,585,卖盘
1237,10:32:39,36.99,1793987,485,买盘
1238,10:32:42,36.98,876336,237,卖盘
1239,10:32:45,36.98,536210,145,买盘
1240,10:32:48,36.95,365999,99,卖盘
1241,10:32:51,36.95,1152505,312,卖盘
1242,10:32:54,36.96,410108,111,买盘
1243,10:32:57,36.95,243831,66,买盘
1244,10:33:00,36.94,155118,42,中性盘
1245,10:33:03,36.91,716855,194,卖盘
1246,10:33:06,36.95,265999,72,买盘
1247,10:33:09,36.95,291923,79,卖盘
1248,10:33:12,36.94,247504,67,卖盘
1249,10:33:15,36.93,36930,10,中性盘
1250,10:33:18,36.92,343393,93,卖盘
1251,10:33:21,36.93,4289930,1161,买盘
1252,10:33:24,36.94,1159526,314,中性盘
1253,10:33:27,36.92,679479,184,卖盘
1254,10:33:30,36.95,639797,173,中性盘
1255,10:33:33,36.97,1102080,298,买盘
1256,10:33:36,36.98,236613,64,买盘
1257,10:33:39,36.98,218157,59,买盘
1258,10:33:42,36.98,192328,52,买盘
1259,10:33:45,36.98,177531,48,卖盘
1260,10:33:48,37.0,1476113,399,买盘
1261,10:33:51,36.99,406950,110,卖盘
1262,10:33:54,37.0,669525,181,买盘
1263,10:33:57,37.0,2023859,547,买盘
1264,10:34:00,37.0,1713086,463,买盘
1265,10:34:03,36.99,1339329,362,卖盘
1266,10:34:06,36.97,1897329,513,卖盘
1267,10:34:09,36.99,284794,77,买盘
1268,10:34:12,36.97,66547,18,卖盘
1269,10:34:15,36.96,181182,49,卖盘
1270,10:34:18,36.92,550590,149,卖盘
1271,10:34:21,36.92,70222,19,卖盘
1272,10:34:24,36.95,432227,117,买盘
1273,10:34:27,36.91,103356,28,卖盘
1274,10:34:30,36.95,339758,92,买盘
1275,10:34:33,36.93,132909,36,中性盘
1276,10:34:36,36.94,162451,44,中性盘
1277,10:34:39,36.95,1455233,394,买盘
1278,10:34:42,36.96,428629,116,买盘
1279,10:34:45,36.95,824144,223,卖盘
1280,10:34:48,36.95,450885,122,卖盘
1281,10:34:51,36.98,450999,122,买盘
1282,10:34:54,36.99,809929,219,买盘
1283,10:34:57,36.99,406996,110,卖盘
1284,10:35:00,36.99,369973,100,卖盘
1285,10:35:03,36.99,288527,78,卖盘
1286,10:35:06,36.99,273726,74,买盘
1287,10:35:09,36.99,66577,18,买盘
1288,10:35:12,36.99,133163,36,买盘
1289,10:35:15,36.99,227107,61,买盘
1290,10:35:18,37.0,899079,243,买盘
1291,10:35:21,36.99,2952550,798,卖盘
1292,10:35:24,37.0,99899,27,买盘
1293,10:35:27,37.01,444100,120,买盘
1294,10:35:30,37.0,373706,101,卖盘
1295,10:35:33,37.01,325692,88,买盘
1296,10:35:36,37.03,3545306,958,买盘
1297,10:35:39,37.04,715022,193,中性盘
1298,10:35:42,37.03,855661,231,卖盘
1299,10:35:45,37.07,107492,29,买盘
1300,10:35:48,37.07,415094,112,卖盘
1301,10:35:51,37.08,441164,119,买盘
1302,10:35:54,37.08,856343,231,买盘
1303,10:35:57,37.1,522939,141,买盘
1304,10:36:00,37.09,137233,37,中性盘
1305,10:36:03,37.08,760456,205,卖盘
1306,10:36:06,37.06,971397,262,卖盘
1307,10:36:09,37.08,2623489,708,买盘
1308,10:36:12,37.02,525770,142,卖盘
1309,10:36:15,37.02,211098,57,卖盘
1310,10:36:18,37.02,363003,98,卖盘
1311,10:36:21,37.01,510904,138,卖盘
1312,10:36:24,37.02,965998,261,买盘
1313,10:36:27,37.01,51808,14,卖盘
1314,10:36:30,37.01,266511,72,买盘
1315,10:36:33,37.02,111067,30,中性盘
1316,10:36:36,37.02,218360,59,卖盘
1317,10:36:39,37.04,181459,49,买盘
1318,10:36:42,37.0,395992,107,卖盘
1319,10:36:45,37.01,358967,97,卖盘
1320,10:36:48,37.01,155484,42,卖盘
1321,10:36:51,37.03,296111,80,买盘
1322,10:36:54,37.0,122146,33,卖盘
1323,10:36:57,37.0,185014,50,卖盘
1324,10:37:00,37.02,236813,64,买盘
1325,10:37:03,37.02,651397,176,买盘
1326,10:37:06,37.02,40716,11,买盘
1327,10:37:09,37.01,507034,137,卖盘
1328,10:37:12,37.02,718059,194,买盘
1329,10:37:15,37.02,218418,59,卖盘
1330,10:37:18,37.02,199867,54,卖盘
1331,10:37:21,37.03,351748,95,买盘
1332,10:37:24,37.03,681561,184,卖盘
1333,10:37:27,37.05,1874555,506,买盘
1334,10:37:30,37.07,366987,99,买盘
1335,10:37:33,37.05,452243,122,卖盘
1336,10:37:36,37.05,240988,65,卖盘
1337,10:37:39,37.05,222419,60,卖盘
1338,10:37:42,37.05,170456,46,卖盘
1339,10:37:45,37.05,366912,99,卖盘
1340,10:37:48,37.05,133384,36,卖盘
1341,10:37:51,37.05,1618656,437,买盘
1342,10:37:54,37.04,122211,33,中性盘
1343,10:37:57,37.04,85177,23,买盘
1344,10:38:00,37.02,70320,19,中性盘
1345,10:38:03,37.01,507177,137,卖盘
1346,10:38:06,37.01,203570,55,卖盘
1347,10:38:09,37.03,155514,42,买盘
1348,10:38:12,37.04,370350,100,买盘
1349,10:38:15,37.07,1407674,380,买盘
1350,10:38:18,37.06,796897,215,卖盘
1351,10:38:21,37.06,263166,71,买盘
1352,10:38:24,37.06,407666,110,买盘
1353,10:38:27,37.05,218655,59,卖盘
1354,10:38:30,37.07,796789,215,买盘
1355,10:38:33,37.05,478140,129,卖盘
1356,10:38:36,37.07,137156,37,中性盘
1357,10:38:39,37.08,470753,127,买盘
1358,10:38:42,37.07,403281,109,中性盘
1359,10:38:45,37.15,8789063,2369,买盘
1360,10:38:48,37.15,241165,65,买盘
1361,10:38:51,37.15,668344,180,买盘
1362,10:38:54,37.15,178268,48,买盘
1363,10:38:57,37.14,230266,62,中性盘
1364,10:39:00,37.15,308292,83,买盘
1365,10:39:03,37.14,66851,18,中性盘
1366,10:39:06,37.14,794332,214,买盘
1367,10:39:09,37.15,564650,152,买盘
1368,10:39:12,37.14,77998,21,卖盘
1369,10:39:15,37.14,906354,244,卖盘
1370,10:39:18,37.14,664955,179,卖盘
1371,10:39:21,37.15,568365,153,买盘
1372,10:39:24,37.15,475514,128,买盘
1373,10:39:27,37.14,612896,165,卖盘
1374,10:39:30,37.15,724383,195,买盘
1375,10:39:33,37.14,650013,175,卖盘
1376,10:39:36,37.15,921307,248,买盘
1377,10:39:39,37.17,988456,266,买盘
1378,10:39:42,37.19,2234350,601,买盘
1379,10:39:45,37.17,375460,101,卖盘
1380,10:39:48,37.18,446141,120,中性盘
1381,10:39:51,37.19,264025,71,买盘
1382,10:39:54,37.2,1487891,400,买盘
1383,10:39:57,37.2,1248418,336,买盘
1384,10:40:00,37.22,535855,144,买盘
1385,10:40:03,37.21,174934,47,卖盘
1386,10:40:06,37.22,320089,86,买盘
1387,10:40:09,37.24,498861,134,买盘
1388,10:40:12,37.23,316482,85,中性盘
1389,10:40:15,37.19,2381453,640,卖盘
1390,10:40:18,37.19,3753809,1009,卖盘
1391,10:40:21,37.18,245319,66,中性盘
1392,10:40:24,37.15,479353,129,卖盘
1393,10:40:27,37.16,1192788,321,中性盘
1394,10:40:30,37.14,66852,18,卖盘
1395,10:40:33,37.17,743181,200,买盘
1396,10:40:36,37.14,620343,167,卖盘
1397,10:40:39,37.14,152298,41,卖盘
1398,10:40:42,37.14,204309,55,卖盘
1399,10:40:45,37.14,401143,108,卖盘
1400,10:40:48,37.16,241523,65,买盘
1401,10:40:51,37.16,390171,105,卖盘
1402,10:40:54,37.14,590586,159,卖盘
1403,10:40:57,37.13,363895,98,卖盘
1404,10:41:00,37.11,1530444,412,卖盘
1405,10:41:03,37.11,181885,49,卖盘
1406,10:41:06,37.11,482427,130,买盘
1407,10:41:09,37.11,456345,123,买盘
1408,10:41:12,37.11,397056,107,买盘
1409,10:41:15,37.12,849880,229,买盘
1410,10:41:18,37.14,631237,170,买盘
1411,10:41:21,37.15,312074,84,卖盘
1412,10:41:24,37.15,55737,15,卖盘
1413,10:41:27,37.16,141188,38,买盘
1414,10:41:30,37.15,100308,27,卖盘
1415,10:41:33,37.15,568434,153,买盘
1416,10:41:36,37.16,431053,116,买盘
1417,10:41:39,37.16,159772,43,卖盘
1418,10:41:42,37.17,249038,67,买盘
1419,10:41:45,37.19,286279,77,买盘
1420,10:41:48,37.18,379298,102,卖盘
1421,10:41:51,37.19,409085,110,买盘
1422,10:41:54,37.18,1524491,410,卖盘
1423,10:41:57,37.16,639148,172,卖盘
1424,10:42:00,37.15,81732,22,卖盘
1425,10:42:03,37.16,549962,148,买盘
1426,10:42:06,37.16,367921,99,卖盘
1427,10:42:09,37.16,152345,41,卖盘
1428,10:42:12,37.15,498022,134,卖盘
1429,10:42:15,37.16,341859,92,买盘
1430,10:42:18,37.16,234108,63,卖盘
1431,10:42:21,37.15,137458,37,卖盘
1432,10:42:24,37.16,921562,248,买盘
1433,10:42:27,37.2,1416862,381,买盘
1434,10:42:30,37.2,230606,62,买盘
1435,10:42:33,37.2,104143,28,买盘
1436,10:42:36,37.2,1696086,456,买盘
1437,10:42:39,37.19,122741,33,卖盘
1438,10:42:42,37.2,252937,68,买盘
1439,10:42:45,37.2,1856304,499,买盘
1440,10:42:48,37.21,1064642,286,卖盘
1441,10:42:51,37.22,286493,77,中性盘
1442,10:42:54,37.22,208476,56,卖盘
1443,10:42:57,37.22,241969,65,卖盘
1444,10:43:00,37.22,364818,98,卖盘
1445,10:43:03,37.22,245655,66,买盘
1446,10:43:06,37.28,4548333,1221,买盘
1447,10:43:09,37.26,454727,122,卖盘
1448,10:43:12,37.28,193849,52,买盘
1449,10:43:15,37.27,242264,65,卖盘
1450,10:43:18,37.28,1730036,464,买盘
1451,10:43:21,37.28,700770,188,买盘
1452,10:43:24,37.29,1084969,291,买盘
1453,10:43:27,37.33,5631999,1510,买盘
1454,10:43:30,37.33,197831,53,买盘
1455,10:43:33,37.33,571168,153,买盘
1456,10:43:36,37.32,257599,69,卖盘
1457,10:43:39,37.33,410600,110,买盘
1458,10:43:42,37.32,209006,56,买盘
1459,10:43:45,37.33,242609,65,买盘
1460,10:43:48,37.31,548600,147,卖盘
1461,10:43:51,37.32,436654,117,买盘
1462,10:43:54,37.33,388154,104,买盘
1463,10:43:57,37.33,350867,94,买盘
1464,10:44:00,37.31,2284421,612,卖盘
1465,10:44:03,37.32,1085769,291,中性盘
1466,10:44:06,37.25,4041258,1084,卖盘
1467,10:44:09,37.27,704436,189,买盘
1468,10:44:12,37.24,1178192,316,中性盘
1469,10:44:15,37.27,472670,127,买盘
1470,10:44:18,37.27,312796,84,卖盘
1471,10:44:21,37.26,290598,78,卖盘
1472,10:44:24,37.23,242128,65,卖盘
1473,10:44:27,37.25,163907,44,买盘
1474,10:44:30,37.26,566377,152,买盘
1475,10:44:33,37.23,491784,132,卖盘
1476,10:44:36,37.25,208619,56,买盘
1477,10:44:39,37.23,137756,37,卖盘
1478,10:44:42,37.23,327728,88,卖盘
1479,10:44:45,37.22,770559,207,卖盘
1480,10:44:48,37.23,2745394,738,买盘
1481,10:44:51,37.18,252998,68,卖盘
1482,10:44:54,37.18,18588,5,买盘
1483,10:44:57,37.17,48326,13,卖盘
1484,10:45:00,37.18,230477,62,买盘
1485,10:45:03,37.17,208185,56,卖盘
1486,10:45:06,37.17,420062,113,卖盘
1487,10:45:09,37.18,271352,73,买盘
1488,10:45:12,37.18,230455,62,买盘
1489,10:45:15,37.17,137530,37,卖盘
1490,10:45:18,37.16,208149,56,卖盘
1491,10:45:21,37.18,275076,74,买盘
1492,10:45:24,37.18,111528,30,买盘
1493,10:45:27,37.18,386748,104,买盘
1494,10:45:30,37.2,211972,57,买盘
1495,10:45:33,37.19,215723,58,中性盘
1496,10:45:36,37.2,241741,65,买盘
1497,10:45:39,37.2,219433,59,买盘
1498,10:45:42,37.18,249217,67,卖盘
1499,10:45:45,37.18,63206,17,卖盘
1500,10:45:48,37.17,1955820,526,卖盘
1501,10:45:51,37.18,133843,36,买盘
1502,10:45:54,37.16,862343,232,卖盘
1503,10:45:57,37.17,468371,126,买盘
1504,10:46:00,37.17,96623,26,中性盘
1505,10:46:03,37.17,141236,38,卖盘
1506,10:46:06,37.18,152410,41,买盘
1507,10:46:09,37.17,289980,78,卖盘
1508,10:46:12,37.17,100374,27,卖盘
1509,10:46:15,37.17,297376,80,卖盘
1510,10:46:18,37.16,631846,170,卖盘
1511,10:46:21,37.16,798961,215,卖盘
1512,10:46:24,37.15,836301,225,卖盘
1513,10:46:27,37.15,115166,31,卖盘
1514,10:46:30,37.16,598130,161,买盘
1515,10:46:33,37.13,661129,178,卖盘
1516,10:46:36,37.13,37131,10,卖盘
1517,10:46:39,37.11,159626,43,卖盘
1518,10:46:42,37.11,497233,134,卖盘
1519,10:46:45,37.1,322777,87,卖盘
1520,10:46:48,37.1,697472,188,买盘
1521,10:46:51,37.1,556476,150,买盘
1522,10:46:54,37.1,267083,72,买盘
1523,10:46:57,37.09,103859,28,买盘
1524,10:47:00,37.08,333725,90,卖盘
1525,10:47:03,37.08,92700,25,买盘
1526,10:47:06,37.12,1936531,522,买盘
1527,10:47:09,37.1,259761,70,卖盘
1528,10:47:12,37.09,712239,192,卖盘
1529,10:47:15,37.08,244766,66,卖盘
1530,10:47:18,37.08,919806,248,卖盘
1531,10:47:21,37.11,285761,77,中性盘
1532,10:47:24,37.09,256023,69,卖盘
1533,10:47:27,37.09,144664,39,卖盘
1534,10:47:30,37.09,25963,7,卖盘
1535,10:47:33,37.09,100154,27,卖盘
1536,10:47:36,37.1,255932,69,卖盘
1537,10:47:39,37.1,192916,52,买盘
1538,10:47:42,37.1,371029,100,买盘
1539,10:47:45,37.1,144698,39,卖盘
1540,10:47:48,37.1,140985,38,卖盘
1541,10:47:51,37.1,100178,27,卖盘
1542,10:47:54,37.1,419234,113,卖盘
1543,10:47:57,37.09,96435,26,卖盘
1544,10:48:00,37.09,107570,29,卖盘
1545,10:48:03,37.09,85310,23,卖盘
1546,10:48:06,37.09,103857,28,卖盘
1547,10:48:09,37.1,604540,163,买盘
1548,10:48:12,37.1,22255,6,买盘
1549,10:48:15,37.09,396863,107,买盘
1550,10:48:18,37.09,300408,81,买盘
1551,10:48:21,37.09,330129,89,买盘
1552,10:48:24,37.09,7419,2,卖盘
1553,10:48:27,37.09,37095,10,卖盘
1554,10:48:30,37.09,267038,72,卖盘
1555,10:48:33,37.09,660076,178,买盘
1556,10:48:36,37.06,367000,99,卖盘
1557,10:48:39,37.06,252193,68,卖盘
1558,10:48:42,37.06,88947,24,卖盘
1559,10:48:45,37.07,85243,23,中性盘
1560,10:48:48,37.07,85265,23,中性盘
1561,10:48:51,37.08,122352,33,买盘
1562,10:48:54,37.07,163120,44,卖盘
1563,10:48:57,37.08,203870,55,买盘
1564,10:49:00,37.07,252134,68,中性盘
1565,10:49:03,37.08,144607,39,中性盘
1566,10:49:06,37.08,341095,92,买盘
1567,10:49:09,37.1,229995,62,买盘
1568,10:49:12,37.1,159490,43,买盘
1569,10:49:15,37.14,1065337,287,买盘
1570,10:49:18,37.15,312043,84,买盘
1571,10:49:21,37.17,245231,66,买盘
1572,10:49:24,37.17,159798,43,买盘
1573,10:49:27,37.17,828295,223,买盘
1574,10:49:30,37.15,44594,12,卖盘
1575,10:49:33,37.15,74288,20,买盘
1576,10:49:36,37.16,26018,7,中性盘
1577,10:49:39,37.15,118907,32,卖盘
1578,10:49:42,37.16,33440,9,买盘
1579,10:49:45,37.16,55740,15,买盘
1580,10:49:48,37.16,360522,97,卖盘
1581,10:49:51,37.17,70606,19,买盘
1582,10:49:54,37.19,2384366,641,买盘
1583,10:49:57,37.22,234410,63,买盘
1584,10:50:00,37.26,1318352,354,买盘
1585,10:50:03,37.29,1450100,389,买盘
1586,10:50:06,37.3,369265,99,买盘
1587,10:50:09,37.31,1686004,452,买盘
1588,10:50:12,37.33,2232142,598,买盘
1589,10:50:15,37.35,851417,228,买盘
1590,10:50:18,37.35,1045689,280,买盘
1591,10:50:21,37.35,1041975,279,买盘
1592,10:50:24,37.35,1673484,448,买盘
1593,10:50:27,37.35,276394,74,卖盘
1594,10:50:30,37.35,657467,176,卖盘
1595,10:50:33,37.35,1487081,398,卖盘
1596,10:50:36,37.35,721167,193,卖盘
1597,10:50:39,37.35,328818,88,卖盘
1598,10:50:42,37.36,739769,198,买盘
1599,10:50:45,37.35,309993,83,买盘
1600,10:50:48,37.35,89635,24,买盘
1601,10:50:51,37.34,276347,74,卖盘
1602,10:50:54,37.35,855411,229,买盘
1603,10:50:57,37.34,351069,94,卖盘
1604,10:51:00,37.33,48546,13,卖盘
1605,10:51:03,37.32,209096,56,卖盘
1606,10:51:06,37.33,115711,31,中性盘
1607,10:51:09,37.32,119419,32,买盘
1608,10:51:12,37.31,138066,37,卖盘
1609,10:51:15,37.31,317157,85,卖盘
1610,10:51:18,37.31,67149,18,买盘
1611,10:51:21,37.31,596918,160,买盘
1612,10:51:24,37.32,1152903,309,买盘
1613,10:51:27,37.33,993783,266,买盘
1614,10:51:30,37.34,246395,66,买盘
1615,10:51:33,37.32,820399,220,卖盘
1616,10:51:36,37.32,175367,47,买盘
1617,10:51:39,37.31,264890,71,卖盘
1618,10:51:42,37.3,738854,198,中性盘
1619,10:51:45,37.3,190234,51,卖盘
1620,10:51:48,37.3,1044620,280,买盘
1621,10:51:51,37.32,2877303,771,买盘
1622,10:51:54,37.3,1462824,392,卖盘
1623,10:51:57,37.29,1324164,355,卖盘
1624,10:52:00,37.32,712587,191,买盘
1625,10:52:03,37.32,649220,174,买盘
1626,10:52:06,37.37,9850674,2638,买盘
1627,10:52:09,37.38,2033413,544,买盘
1628,10:52:12,37.38,74758,20,买盘
1629,10:52:15,37.38,115886,31,卖盘
1630,10:52:18,37.37,773753,207,卖盘
1631,10:52:21,37.37,1311511,351,买盘
1632,10:52:24,37.37,642764,172,买盘
1633,10:52:27,37.36,358566,96,中性盘
1634,10:52:30,37.34,257805,69,买盘
1635,10:52:33,37.33,567962,152,卖盘
1636,10:52:36,37.36,29888,8,卖盘
1637,10:52:39,37.34,145717,39,卖盘
1638,10:52:42,37.37,455920,122,买盘
1639,10:52:45,37.34,171895,46,卖盘
1640,10:52:48,37.37,609134,163,买盘
1641,10:52:51,37.35,1020188,273,卖盘
1642,10:52:54,37.34,48545,13,卖盘
1643,10:52:57,37.36,145697,39,买盘
1644,10:53:00,37.35,186770,50,卖盘
1645,10:53:03,37.36,254037,68,买盘
1646,10:53:06,37.36,108343,29,买盘
1647,10:53:09,37.36,164361,44,买盘
1648,10:53:12,37.35,205447,55,卖盘
1649,10:53:15,37.35,179290,48,卖盘
1650,10:53:18,37.35,1415446,379,买盘
1651,10:53:21,37.31,171647,46,卖盘
1652,10:53:24,37.3,790572,212,卖盘
1653,10:53:30,37.3,22378,6,买盘
1654,10:53:33,37.3,190226,51,买盘
1655,10:53:36,37.26,421209,113,卖盘
1656,10:53:39,37.25,115506,31,卖盘
1657,10:53:42,37.2,301572,81,卖盘
1658,10:53:45,37.21,11163,3,中性盘
1659,10:53:48,37.21,48395,13,卖盘
1660,10:53:51,37.22,44688,12,中性盘
1661,10:53:54,37.2,197363,53,卖盘
1662,10:53:57,37.21,26048,7,卖盘
1663,10:54:00,37.25,197267,53,买盘
1664,10:54:03,37.21,186074,50,卖盘
1665,10:54:06,37.2,230640,62,卖盘
1666,10:54:09,37.2,765920,206,买盘
1667,10:54:12,37.17,193235,52,中性盘
1668,10:54:15,37.12,382523,103,卖盘
1669,10:54:18,37.11,48282,13,卖盘
1670,10:54:21,37.11,144736,39,卖盘
1671,10:54:24,37.13,382292,103,买盘
1672,10:54:27,37.11,103941,28,卖盘
1673,10:54:30,37.15,259916,70,买盘
1674,10:54:33,37.13,920834,248,卖盘
1675,10:54:36,37.13,115113,31,买盘
1676,10:54:39,37.13,85399,23,买盘
1677,10:54:42,37.13,1329092,358,买盘
1678,10:54:45,37.13,81679,22,卖盘
1679,10:54:48,37.13,118830,32,买盘
1680,10:54:51,37.11,775771,209,卖盘
1681,10:54:54,37.12,126263,34,中性盘
1682,10:54:57,37.11,22270,6,卖盘
1683,10:55:00,37.13,1083987,292,中性盘
1684,10:55:03,37.08,942872,254,卖盘
1685,10:55:06,37.1,111315,30,中性盘
1686,10:55:09,37.08,11126,3,卖盘
1687,10:55:12,37.11,18555,5,中性盘
1688,10:55:15,37.08,48213,13,卖盘
1689,10:55:18,37.1,255970,69,买盘
1690,10:55:21,37.1,218837,59,买盘
1691,10:55:24,37.1,678904,183,买盘
1692,10:55:27,37.1,204027,55,买盘
1693,10:55:30,37.11,2348332,633,买盘
1694,10:55:33,37.11,33396,9,买盘
1695,10:55:36,37.09,885811,239,卖盘
1696,10:55:39,37.09,185530,50,卖盘
1697,10:55:42,37.09,92725,25,中性盘
1698,10:55:45,37.09,278129,75,买盘
1699,10:55:48,37.09,952992,257,卖盘
1700,10:55:51,37.07,633307,171,卖盘
1701,10:55:54,37.06,226111,61,卖盘
1702,10:55:57,37.08,322428,87,买盘
1703,10:56:00,37.05,381823,103,中性盘
1704,10:56:03,37.05,329757,89,卖盘
1705,10:56:06,37.05,66719,18,卖盘
1706,10:56:09,37.08,1429908,386,买盘
1707,10:56:12,37.08,237270,64,买盘
1708,10:56:15,37.05,978478,264,卖盘
1709,10:56:18,37.08,1359788,367,买盘
1710,10:56:21,37.08,122320,33,买盘
1711,10:56:24,37.08,81552,22,买盘
1712,10:56:27,37.08,363402,98,买盘
1713,10:56:30,37.08,241018,65,买盘
1714,10:56:33,37.09,978963,264,买盘
1715,10:56:36,37.07,166853,45,卖盘
1716,10:56:39,37.07,537633,145,卖盘
1717,10:56:42,37.08,348549,94,买盘
1718,10:56:45,37.08,22250,6,买盘
1719,10:56:48,37.09,7418,2,买盘
1720,10:56:51,37.08,29671,8,卖盘
1721,10:56:54,37.1,987334,266,买盘
1722,10:56:57,37.11,63077,17,买盘
1723,10:57:00,37.11,70500,19,买盘
1724,10:57:03,37.08,2169269,585,卖盘
1725,10:57:06,37.08,1263808,341,买盘
1726,10:57:09,37.06,25946,7,中性盘
1727,10:57:12,37.09,40790,11,买盘
1728,10:57:15,37.07,96451,26,卖盘
1729,10:57:21,37.08,322780,87,卖盘
1730,10:57:24,37.08,118660,32,卖盘
1731,10:57:27,37.08,660127,178,卖盘
1732,10:57:30,37.11,300582,81,买盘
1733,10:57:33,37.09,25963,7,中性盘
1734,10:57:36,37.09,259687,70,卖盘
1735,10:57:39,37.1,59360,16,卖盘
1736,10:57:42,37.11,578760,156,买盘
1737,10:57:45,37.11,304268,82,卖盘
1738,10:57:48,37.12,311787,84,买盘
1739,10:57:51,37.12,59393,16,卖盘
1740,10:57:54,37.13,55685,15,买盘
1741,10:57:57,37.12,430695,116,中性盘
1742,10:58:00,37.1,11130,3,卖盘
1743,10:58:03,37.12,304371,82,买盘
1744,10:58:06,37.11,170705,46,中性盘
1745,10:58:09,37.11,29687,8,卖盘
1746,10:58:12,37.16,961300,259,买盘
1747,10:58:15,37.2,219396,59,买盘
1748,10:58:18,37.2,353318,95,买盘
1749,10:58:21,37.2,52837,14,卖盘
1750,10:58:24,37.2,33478,9,卖盘
1751,10:58:27,37.19,10415,3,卖盘
1752,10:58:30,37.16,253538,68,卖盘
1753,10:58:33,37.16,89254,24,卖盘
1754,10:58:36,37.21,569186,153,买盘
1755,10:58:39,37.21,208390,56,卖盘
1756,10:58:42,37.16,2505391,674,卖盘
1757,10:58:45,37.2,14882,4,买盘
1758,10:58:48,37.2,96720,26,卖盘
1759,10:58:51,37.2,18600,5,买盘
1760,10:58:54,37.2,55800,15,买盘
1761,10:58:57,37.18,37197,10,卖盘
1762,10:59:00,37.21,130219,35,买盘
1763,10:59:03,37.18,353364,95,卖盘
1764,10:59:06,37.18,37180,10,买盘
1765,10:59:09,37.18,18590,5,买盘
1766,10:59:12,37.21,271527,73,买盘
1767,10:59:15,37.18,512976,138,买盘
1768,10:59:18,37.15,178412,48,卖盘
1769,10:59:21,37.17,245324,66,中性盘
1770,10:59:24,37.15,22290,6,卖盘
1771,10:59:27,37.16,14863,4,买盘
1772,10:59:30,37.15,141170,38,卖盘
1773,10:59:33,37.15,100300,27,买盘
1774,10:59:36,37.18,111478,30,买盘
1775,10:59:39,37.15,33448,9,卖盘
1776,10:59:42,37.2,658017,177,买盘
1777,10:59:45,37.18,297462,80,卖盘
1778,10:59:48,37.17,89217,24,卖盘
1779,10:59:51,37.18,167310,45,买盘
1780,10:59:54,37.2,237956,64,买盘
1781,10:59:57,37.2,226920,61,买盘
1782,11:00:00,37.19,29759,8,卖盘
1783,11:00:03,37.2,249137,67,买盘
1784,11:00:06,37.19,63229,17,中性盘
1785,11:00:09,37.19,74363,20,买盘
1786,11:00:12,37.18,92964,25,卖盘
1787,11:00:15,37.19,96670,26,买盘
1788,11:00:18,37.19,3719,1,买盘
1789,11:00:21,37.18,156188,42,卖盘
1790,11:00:24,37.19,327082,88,买盘
1791,11:00:27,37.18,200759,54,中性盘
1792,11:00:30,37.18,78078,21,卖盘
1793,11:00:33,37.2,401628,108,买盘
1794,11:00:36,37.18,204492,55,买盘
1795,11:00:39,37.18,40895,11,买盘
1796,11:00:42,37.18,178538,48,卖盘
1797,11:00:45,37.18,223097,60,卖盘
1798,11:00:48,37.18,364376,98,卖盘
1799,11:00:51,37.18,171028,46,卖盘
1800,11:00:54,37.18,66924,18,卖盘
1801,11:00:57,37.18,48331,13,买盘
1802,11:01:00,37.18,55762,15,买盘
1803,11:01:03,37.18,59483,16,买盘
1804,11:01:06,37.17,133812,36,买盘
1805,11:01:09,37.15,196954,53,卖盘
1806,11:01:12,37.15,471927,127,卖盘
1807,11:01:15,37.16,33448,9,卖盘
1808,11:01:18,37.17,55751,15,买盘
1809,11:01:21,37.17,219260,59,卖盘
1810,11:01:24,37.17,397769,107,买盘
1811,11:01:27,37.16,256495,69,卖盘
1812,11:01:30,37.2,260296,70,买盘
1813,11:01:33,37.19,115299,31,中性盘
1814,11:01:36,37.19,2250597,605,卖盘
1815,11:01:39,37.24,1012006,272,买盘
1816,11:01:42,37.23,52123,14,卖盘
1817,11:01:45,37.24,14896,4,买盘
1818,11:01:48,37.24,52135,14,买盘
1819,11:01:51,37.24,253233,68,买盘
1820,11:01:54,37.22,383501,103,卖盘
1821,11:01:57,37.21,104207,28,卖盘
1822,11:02:00,37.22,234512,63,买盘
1823,11:02:03,37.22,66996,18,中性盘
1824,11:02:06,37.21,163762,44,卖盘
1825,11:02:09,37.21,104213,28,卖盘
1826,11:02:12,37.21,3721,1,卖盘
1827,11:02:15,37.21,204745,55,卖盘
1828,11:02:18,37.21,48381,13,卖盘
1829,11:02:21,37.22,63269,17,买盘
1830,11:02:24,37.22,93070,25,卖盘
1831,11:02:27,37.21,93039,25,卖盘
1832,11:02:30,37.22,137709,37,买盘
1833,11:02:33,37.21,349784,94,卖盘
1834,11:02:36,37.21,234448,63,卖盘
1835,11:02:39,37.21,66978,18,买盘
1836,11:02:42,37.21,29768,8,卖盘
1837,11:02:45,37.21,107909,29,买盘
1838,11:02:48,37.22,234437,63,买盘
1839,11:02:51,37.22,22330,6,买盘
1840,11:02:54,37.21,1056868,284,卖盘
1841,11:02:57,37.22,137707,37,买盘
1842,11:03:00,37.22,253157,68,卖盘
1843,11:03:03,37.23,26056,7,买盘
1844,11:03:06,37.23,308997,83,买盘
1845,11:03:09,37.22,70718,19,卖盘
1846,11:03:12,37.23,160077,43,买盘
1847,11:03:15,37.21,2433841,654,卖盘
1848,11:03:18,37.2,279039,75,卖盘
1849,11:03:21,37.2,11160,3,卖盘
1850,11:03:24,37.22,323683,87,买盘
1851,11:03:27,37.2,159957,43,卖盘
1852,11:03:30,37.19,126450,34,卖盘
1853,11:03:33,37.2,461280,124,买盘
1854,11:03:36,37.2,193440,52,卖盘
1855,11:03:39,37.19,610067,164,卖盘
1856,11:03:42,37.19,3719,1,买盘
1857,11:03:45,37.18,40898,11,卖盘
1858,11:03:48,37.18,119006,32,卖盘
1859,11:03:51,37.18,89232,24,卖盘
1860,11:03:54,37.18,63216,17,买盘
1861,11:03:57,37.17,74343,20,卖盘
1862,11:04:00,37.16,63181,17,卖盘
1863,11:04:03,37.16,118916,32,卖盘
1864,11:04:06,37.18,1178102,317,买盘
1865,11:04:09,37.17,312187,84,中性盘
1866,11:04:12,37.17,29736,8,卖盘
1867,11:04:15,37.17,104076,28,卖盘
1868,11:04:18,37.17,223016,60,卖盘
1869,11:04:21,37.16,854961,230,卖盘
1870,11:04:24,37.16,122635,33,买盘
1871,11:04:27,37.15,29721,8,卖盘
1872,11:04:30,37.15,167187,45,卖盘
1873,11:04:33,37.14,66852,18,卖盘
1874,11:04:36,37.15,178302,48,买盘
1875,11:04:39,37.14,118850,32,卖盘
1876,11:04:42,37.16,204310,55,买盘
1877,11:04:45,37.15,115166,31,卖盘
1878,11:04:48,37.16,70591,19,买盘
1879,11:04:51,37.14,705875,190,卖盘
1880,11:04:54,37.15,85442,23,买盘
1881,11:04:57,37.16,300912,81,买盘
1882,11:05:00,37.15,26009,7,卖盘
1883,11:05:03,37.22,1550675,417,买盘
1884,11:05:06,37.22,640239,172,买盘
1885,11:05:09,37.21,297757,80,卖盘
1886,11:05:12,37.24,335061,90,买盘
1887,11:05:15,37.22,245706,66,卖盘
1888,11:05:18,37.24,491366,132,买盘
1889,11:05:21,37.24,625635,168,买盘
1890,11:05:24,37.24,70763,19,卖盘
1891,11:05:27,37.25,2025765,544,买盘
1892,11:05:30,37.25,413483,111,买盘
1893,11:05:33,37.26,689287,185,买盘
1894,11:05:36,37.26,178832,48,买盘
1895,11:05:39,37.27,275753,74,买盘
1896,11:05:42,37.27,149069,40,买盘
1897,11:05:45,37.26,52168,14,卖盘
1898,11:05:48,37.25,506749,136,卖盘
1899,11:05:51,37.26,245937,66,买盘
1900,11:05:54,37.27,111809,30,买盘
1901,11:05:57,37.26,268335,72,卖盘
1902,11:06:00,37.27,339157,91,买盘
1903,11:06:03,37.27,637446,171,卖盘
1904,11:06:06,37.28,219960,59,买盘
1905,11:06:09,37.28,26097,7,卖盘
1906,11:06:12,37.29,298284,80,买盘
1907,11:06:15,37.29,402742,108,买盘
1908,11:06:18,37.27,4958823,1330,卖盘
1909,11:06:21,37.28,969156,260,买盘
1910,11:06:24,37.28,26087,7,买盘
1911,11:06:27,37.24,186200,50,卖盘
1912,11:06:30,37.28,223645,60,买盘
1913,11:06:33,37.25,137909,37,卖盘
1914,11:06:36,37.29,227430,61,买盘
1915,11:06:39,37.28,201305,54,卖盘
1916,11:06:42,37.29,857829,230,买盘
1917,11:06:45,37.29,264771,71,卖盘
1918,11:06:48,37.26,771909,207,卖盘
1919,11:06:51,37.29,137973,37,中性盘
1920,11:06:54,37.29,48471,13,买盘
1921,11:06:57,37.3,320708,86,买盘
1922,11:07:00,37.29,93229,25,卖盘
1923,11:07:03,37.28,376627,101,卖盘
1924,11:07:06,37.3,234954,63,买盘
1925,11:07:09,37.28,309541,83,卖盘
1926,11:07:12,37.29,123055,33,买盘
1927,11:07:15,37.29,134226,36,买盘
1928,11:07:18,37.29,2899806,777,买盘
1929,11:07:21,37.3,1265793,339,卖盘
1930,11:07:24,37.38,3029956,811,买盘
1931,11:07:27,37.38,1326919,355,买盘
1932,11:07:30,37.38,149470,40,买盘
1933,11:07:33,37.39,10119815,2706,买盘
1934,11:07:36,37.44,1258657,336,买盘
1935,11:07:39,37.43,378140,101,卖盘
1936,11:07:42,37.45,1580428,422,买盘
1937,11:07:45,37.52,21624365,5767,买盘
1938,11:07:48,37.53,1557133,415,买盘
1939,11:07:51,37.53,3359405,895,买盘
1940,11:07:54,37.51,3124566,833,卖盘
1941,11:07:57,37.5,1282660,342,中性盘
1942,11:08:00,37.51,712511,190,买盘
1943,11:08:03,37.5,476263,127,中性盘
1944,11:08:06,37.48,584936,156,卖盘
1945,11:08:09,37.5,1484975,396,中性盘
1946,11:08:12,37.48,697183,186,卖盘
1947,11:08:15,37.47,299865,80,卖盘
1948,11:08:18,37.48,881081,235,买盘
1949,11:08:21,37.48,266139,71,卖盘
1950,11:08:24,37.49,940624,251,买盘
1951,11:08:27,37.48,633471,169,卖盘
1952,11:08:30,37.48,1379085,368,买盘
1953,11:08:33,37.48,1150927,307,中性盘
1954,11:08:36,37.48,258604,69,买盘
1955,11:08:39,37.47,412305,110,卖盘
1956,11:08:42,37.46,1262793,337,卖盘
1957,11:08:45,37.49,764570,204,买盘
1958,11:08:48,37.48,262377,70,卖盘
1959,11:08:51,37.49,584809,156,买盘
1960,11:08:54,37.48,217421,58,卖盘
1961,11:08:57,37.49,513491,137,买盘
1962,11:09:00,37.47,134951,36,卖盘
1963,11:09:03,37.49,453554,121,买盘
1964,11:09:06,37.47,112410,30,卖盘
1965,11:09:09,37.45,655548,175,卖盘
1966,11:09:12,37.45,232197,62,卖盘
1967,11:09:15,37.43,441888,118,卖盘
1968,11:09:18,37.47,5431381,1449,买盘
1969,11:09:21,37.46,471992,126,卖盘
1970,11:09:24,37.45,404736,108,卖盘
1971,11:09:27,37.48,254866,68,买盘
1972,11:09:30,37.5,232400,62,买盘
1973,11:09:33,37.49,929420,248,中性盘
1974,11:09:36,37.48,476139,127,买盘
1975,11:09:39,37.5,1375505,367,买盘
1976,11:09:42,37.48,161188,43,卖盘
1977,11:09:45,37.5,3621048,966,买盘
1978,11:09:48,37.41,1671942,446,卖盘
1979,11:09:51,37.51,258725,69,买盘
1980,11:09:54,37.5,517599,138,卖盘
1981,11:09:57,37.52,2746873,732,买盘
1982,11:10:00,37.53,941912,251,买盘
1983,11:10:03,37.55,2136111,569,买盘
1984,11:10:06,37.56,3508708,934,买盘
1985,11:10:09,37.58,665160,177,买盘
1986,11:10:12,37.6,8664668,2305,买盘
1987,11:10:15,37.62,1147102,305,买盘
1988,11:10:18,37.6,233220,62,卖盘
1989,11:10:21,37.64,165576,44,买盘
1990,11:10:24,37.65,350037,93,买盘
1991,11:10:27,37.63,3488565,927,卖盘
1992,11:10:30,37.64,1350682,359,卖盘
1993,11:10:33,37.63,624735,166,卖盘
1994,11:10:36,37.63,2179155,579,买盘
1995,11:10:39,37.63,703666,187,卖盘
1996,11:10:42,37.65,1441717,383,买盘
1997,11:10:45,37.65,1001294,266,买盘
1998,11:10:48,37.64,986533,262,卖盘
1999,11:10:51,37.65,843428,224,买盘
2000,11:10:54,37.66,1284440,341,中性盘
2001,11:10:57,37.68,1280952,340,买盘
2002,11:11:00,37.68,701064,186,买盘
2003,11:11:03,37.7,3332376,884,买盘
2004,11:11:06,37.7,2194854,582,买盘
2005,11:11:09,37.73,475241,126,买盘
2006,11:11:12,37.73,630170,167,卖盘
2007,11:11:15,37.75,562397,149,买盘
2008,11:11:18,37.75,3590097,951,买盘
2009,11:11:21,37.75,3422528,907,买盘
2010,11:11:24,37.76,917367,243,买盘
2011,11:11:27,37.75,2586857,685,卖盘
2012,11:11:30,37.75,1883830,499,卖盘
2013,11:11:33,37.77,2778909,736,买盘
2014,11:11:36,37.74,1260663,334,中性盘
2015,11:11:39,37.7,2255206,598,卖盘
2016,11:11:42,37.7,1345864,357,买盘
2017,11:11:45,37.69,282689,75,中性盘
2018,11:11:48,37.66,1552201,412,卖盘
2019,11:11:51,37.65,873538,232,卖盘
2020,11:11:54,37.65,914690,243,卖盘
2021,11:11:57,37.65,764432,203,买盘
2022,11:12:00,37.65,199493,53,买盘
2023,11:12:03,37.67,647627,172,买盘
2024,11:12:06,37.68,874112,232,买盘
2025,11:12:09,37.67,599115,159,卖盘
2026,11:12:12,37.68,1006255,267,买盘
2027,11:12:15,37.69,651863,173,买盘
2028,11:12:18,37.69,1296732,344,买盘
2029,11:12:21,37.69,4285018,1137,卖盘
2030,11:12:24,37.69,2354641,625,卖盘
2031,11:12:27,37.71,810495,215,买盘
2032,11:12:30,37.69,165868,44,卖盘
2033,11:12:33,37.71,1873894,497,买盘
2034,11:12:36,37.71,826110,219,卖盘
2035,11:12:39,37.71,158394,42,卖盘
2036,11:12:42,37.72,1074879,285,买盘
2037,11:12:45,37.73,252794,67,卖盘
2038,11:12:48,37.74,1105721,293,买盘
2039,11:12:51,37.76,856897,227,买盘
2040,11:12:54,37.75,2347544,622,卖盘
2041,11:12:57,37.75,1936238,513,买盘
2042,11:13:00,37.74,3285461,871,买盘
2043,11:13:03,37.7,1508079,400,中性盘
2044,11:13:06,37.75,4218266,1118,买盘
2045,11:13:09,37.72,150815,40,买盘
2046,11:13:12,37.73,725003,192,买盘
2047,11:13:15,37.73,279238,74,卖盘
2048,11:13:18,37.74,902199,239,买盘
2049,11:13:21,37.75,1532113,406,买盘
2050,11:13:24,37.76,1738376,460,买盘
2051,11:13:27,37.76,1404826,372,卖盘
2052,11:13:30,37.76,523078,139,卖盘
2053,11:13:33,37.76,1161185,307,买盘
2054,11:13:36,37.77,906295,240,买盘
2055,11:13:39,37.76,555164,147,卖盘
2056,11:13:42,37.77,864985,229,买盘
2057,11:13:45,37.78,423087,112,买盘
2058,11:13:48,37.8,15883601,4203,买盘
2059,11:13:51,37.84,763887,202,买盘
2060,11:13:54,37.85,631958,167,买盘
2061,11:13:57,37.85,2093091,553,买盘
2062,11:14:00,37.86,435316,115,买盘
2063,11:14:03,37.87,1295683,342,买盘
2064,11:14:06,37.87,639918,169,买盘
2065,11:14:09,37.87,5037821,1330,买盘
2066,11:14:12,37.88,1315150,347,买盘
2067,11:14:15,37.88,560680,148,中性盘
2068,11:14:18,37.89,3884273,1025,买盘
2069,11:14:21,37.9,2194309,579,买盘
2070,11:14:24,37.9,4443206,1172,买盘
2071,11:14:27,37.91,1565583,413,买盘
2072,11:14:30,37.92,1459894,385,买盘
2073,11:14:33,37.94,1911728,504,买盘
2074,11:14:36,37.94,2744998,724,买盘
2075,11:14:39,37.95,1335784,352,买盘
2076,11:14:42,37.97,2691235,709,买盘
2077,11:14:45,37.97,895916,236,买盘
2078,11:14:48,37.98,3110186,819,买盘
2079,11:14:51,37.98,1773482,467,买盘
2080,11:14:54,37.99,2172476,572,买盘
2081,11:14:57,37.99,5957854,1568,买盘
2082,11:15:00,38.0,1702318,448,买盘
2083,11:15:03,38.0,3301804,869,买盘
2084,11:15:06,37.99,5376923,1415,卖盘
2085,11:15:09,38.0,6395290,1683,买盘
2086,11:15:12,38.01,9368459,2465,买盘
2087,11:15:15,38.03,1364862,359,买盘
2088,11:15:18,38.04,2054178,540,买盘
2089,11:15:21,38.07,388189,102,买盘
2090,11:15:24,38.07,491087,129,买盘
2091,11:15:27,38.1,1652139,434,买盘
2092,11:15:30,38.1,1439890,378,买盘
2093,11:15:33,38.1,2239953,588,买盘
2094,11:15:36,38.11,2206190,579,买盘
2095,11:15:39,38.16,1662665,436,买盘
2096,11:15:42,38.17,1053408,276,买盘
2097,11:15:45,38.18,3272341,857,买盘
2098,11:15:48,38.19,2425053,635,买盘
2099,11:15:51,38.23,2846101,745,买盘
2100,11:15:54,38.2,641966,168,卖盘
2101,11:15:57,38.22,3447225,902,卖盘
2102,11:16:00,38.14,11579917,3033,卖盘
2103,11:16:03,38.14,4929332,1291,卖盘
2104,11:16:06,38.15,1335669,350,中性盘
2105,11:16:09,38.14,4241288,1111,中性盘
2106,11:16:12,38.11,3345140,877,卖盘
2107,11:16:15,38.11,758352,199,买盘
2108,11:16:18,38.15,2115532,555,买盘
2109,11:16:21,38.13,1537057,403,卖盘
2110,11:16:24,38.11,720513,189,卖盘
2111,11:16:27,38.12,766511,201,中性盘
2112,11:16:30,38.11,2188549,574,卖盘
2113,11:16:33,38.12,831162,218,中性盘
2114,11:16:36,38.11,2214406,581,卖盘
2115,11:16:39,38.12,3287016,862,买盘
2116,11:16:42,38.14,1178021,309,买盘
2117,11:16:45,38.12,1216052,319,卖盘
2118,11:16:48,38.12,1578434,414,卖盘
2119,11:16:51,38.12,670870,176,买盘
2120,11:16:54,38.11,1040622,273,卖盘
2121,11:16:57,38.11,1166246,306,卖盘
2122,11:17:00,38.1,891823,234,卖盘
2123,11:17:03,38.1,899342,236,卖盘
2124,11:17:06,38.11,2450349,643,买盘
2125,11:17:09,38.14,3960207,1039,买盘
2126,11:17:12,38.14,1113531,292,卖盘
2127,11:17:15,38.17,1926577,505,买盘
2128,11:17:18,38.15,1030264,270,卖盘
2129,11:17:21,38.17,2111357,553,卖盘
2130,11:17:24,38.19,1256003,329,买盘
2131,11:17:27,38.19,4124321,1080,买盘
2132,11:17:30,38.2,5444613,1425,买盘
2133,11:17:33,38.22,1215031,318,买盘
2134,11:17:36,38.24,1065056,279,买盘
2135,11:17:39,38.25,2191004,573,买盘
2136,11:17:42,38.28,2078270,543,买盘
2137,11:17:45,38.29,1087644,284,买盘
2138,11:17:48,38.3,2640105,689,买盘
2139,11:17:51,38.34,521211,136,买盘
2140,11:17:54,38.35,996989,260,买盘
2141,11:17:57,38.36,2562249,668,买盘
2142,11:18:00,38.38,1829130,477,买盘
2143,11:18:03,38.4,1282356,334,买盘
2144,11:18:06,38.43,2073534,540,买盘
2145,11:18:09,38.44,1083718,282,买盘
2146,11:18:12,38.47,1338105,348,买盘
2147,11:18:15,38.48,2154645,560,买盘
2148,11:18:18,38.47,2162433,562,卖盘
2149,11:18:21,38.52,9262027,2406,买盘
2150,11:18:24,38.54,1377232,358,买盘
2151,11:18:27,38.54,1971019,511,买盘
2152,11:18:30,38.55,2055461,533,买盘
2153,11:18:33,38.56,1731956,449,中性盘
2154,11:18:36,38.58,2323038,602,卖盘
2155,11:18:39,38.6,6872812,1781,买盘
2156,11:18:42,38.64,2807012,727,买盘
2157,11:18:45,38.61,8165471,2115,卖盘
2158,11:18:48,38.58,6290922,1629,卖盘
2159,11:18:51,38.6,2937166,761,买盘
2160,11:18:54,38.6,2314146,599,卖盘
2161,11:18:57,38.62,2519168,652,买盘
2162,11:19:00,38.59,4734850,1227,卖盘
2163,11:19:03,38.61,3789266,981,买盘
2164,11:19:06,38.6,2867450,743,卖盘
2165,11:19:09,38.6,1987808,515,买盘
2166,11:19:12,38.61,1598219,414,买盘
2167,11:19:15,38.61,2783312,721,买盘
2168,11:19:18,38.62,1455663,377,买盘
2169,11:19:21,38.61,2285367,592,卖盘
2170,11:19:24,38.53,6257667,1622,卖盘
2171,11:19:27,38.5,2087192,541,卖盘
2172,11:19:30,38.43,4244774,1103,卖盘
2173,11:19:33,38.49,1029944,268,买盘
2174,11:19:36,38.41,1256397,327,卖盘
2175,11:19:39,38.4,853017,222,卖盘
2176,11:19:42,38.41,1302208,339,买盘
2177,11:19:45,38.4,1363460,355,卖盘
2178,11:19:48,38.4,1056208,275,卖盘
2179,11:19:51,38.35,7378644,1923,卖盘
2180,11:19:54,38.3,1069089,279,卖盘
2181,11:19:57,38.32,1364131,356,买盘
2182,11:20:00,38.3,900050,235,卖盘
2183,11:20:03,38.3,735205,192,买盘
2184,11:20:06,38.28,696502,182,中性盘
2185,11:20:09,38.28,3070112,802,买盘
2186,11:20:12,38.27,2070288,541,买盘
2187,11:20:15,38.29,3006000,785,买盘
2188,11:20:18,38.31,976659,255,卖盘
2189,11:20:21,38.35,2385420,622,买盘
2190,11:20:24,38.36,870541,227,中性盘
2191,11:20:27,38.4,1292996,337,买盘
2192,11:20:30,38.4,2011961,524,买盘
2193,11:20:33,38.37,1643793,428,卖盘
2194,11:20:36,38.39,1197546,312,买盘
2195,11:20:39,38.37,1677374,437,卖盘
2196,11:20:42,38.37,598542,156,卖盘
2197,11:20:45,38.37,1243632,324,卖盘
2198,11:20:48,38.37,851996,222,卖盘
2199,11:20:51,38.37,1354805,353,卖盘
2200,11:20:54,38.38,2787518,726,卖盘
2201,11:20:57,38.38,3239838,844,买盘
2202,11:21:00,38.36,445086,116,卖盘
2203,11:21:03,38.36,2055897,536,卖盘
2204,11:21:06,38.34,2365103,617,中性盘
2205,11:21:09,38.33,1467737,383,买盘
2206,11:21:12,38.31,1038284,271,卖盘
2207,11:21:15,38.3,1103032,288,卖盘
2208,11:21:18,38.32,2713414,708,买盘
2209,11:21:21,38.38,4325623,1127,买盘
2210,11:21:24,38.43,595349,155,中性盘
2211,11:21:27,38.38,437992,114,卖盘
2212,11:21:30,38.4,948619,247,买盘
2213,11:21:33,38.41,491669,128,中性盘
2214,11:21:36,38.44,1125742,293,买盘
2215,11:21:39,38.4,887609,231,卖盘
2216,11:21:42,38.44,884124,230,买盘
2217,11:21:45,38.44,645487,168,买盘
2218,11:21:48,38.41,1898802,494,卖盘
2219,11:21:51,38.44,1237678,322,买盘
2220,11:21:54,38.44,576578,150,卖盘
2221,11:21:57,38.44,1080119,281,卖盘
2222,11:22:00,38.39,3852250,1003,卖盘
2223,11:22:03,38.36,2022883,527,卖盘
2224,11:22:06,38.35,184156,48,卖盘
2225,11:22:09,38.36,1849612,482,中性盘
2226,11:22:12,38.37,575909,150,中性盘
2227,11:22:15,38.36,1362289,355,卖盘
2228,11:22:18,38.35,890222,232,卖盘
2229,11:22:21,38.34,1220036,318,卖盘
2230,11:22:24,38.34,1545822,403,卖盘
2231,11:22:27,38.36,1246888,325,中性盘
2232,11:22:30,38.34,1058394,276,卖盘
2233,11:22:33,38.34,1656162,432,卖盘
2234,11:22:36,38.33,855098,223,卖盘
2235,11:22:39,38.33,690040,180,卖盘
2236,11:22:42,38.33,824166,215,卖盘
2237,11:22:45,38.32,1303380,340,卖盘
2238,11:22:48,38.32,1019853,266,卖盘
2239,11:22:51,38.32,754903,197,卖盘
2240,11:22:54,38.32,2245912,586,买盘
2241,11:22:57,38.37,2772778,723,买盘
2242,11:23:00,38.37,2381395,621,卖盘
2243,11:23:03,38.38,1469264,383,中性盘
2244,11:23:06,38.39,953532,248,买盘
2245,11:23:09,38.43,2720355,708,买盘
2246,11:23:12,38.44,2234513,581,中性盘
2247,11:23:15,38.45,838515,218,中性盘
2248,11:23:18,38.44,1485192,386,卖盘
2249,11:23:21,38.5,885173,230,买盘
2250,11:23:24,38.44,1496979,389,卖盘
2251,11:23:27,38.46,2175939,566,买盘
2252,11:23:30,38.4,879505,229,卖盘
2253,11:23:33,38.4,1144292,298,买盘
2254,11:23:36,38.4,2377179,619,买盘
2255,11:23:39,38.4,295829,77,卖盘
2256,11:23:42,38.4,1317360,343,卖盘
2257,11:23:45,38.41,591612,154,中性盘
2258,11:23:48,38.45,1168508,304,买盘
2259,11:23:51,38.44,422850,110,卖盘
2260,11:23:54,38.47,549402,143,买盘
2261,11:23:57,38.48,411433,107,买盘
2262,11:24:00,38.44,619099,161,卖盘
2263,11:24:03,38.45,1692191,440,买盘
2264,11:24:06,38.46,688310,179,买盘
2265,11:24:09,38.43,899630,234,卖盘
2266,11:24:12,38.44,257612,67,中性盘
2267,11:24:15,38.44,115335,30,中性盘
2268,11:24:18,38.44,542055,141,卖盘
2269,11:24:21,38.44,1056345,275,卖盘
2270,11:24:24,38.41,1956447,509,卖盘
2271,11:24:27,38.41,460985,120,卖盘
2272,11:24:30,38.39,2304701,600,卖盘
2273,11:24:33,38.39,1197911,312,卖盘
2274,11:24:36,38.39,84462,22,卖盘
2275,11:24:39,38.39,1285800,335,买盘
2276,11:24:42,38.38,617979,161,卖盘
2277,11:24:45,38.39,498995,130,买盘
2278,11:24:48,38.39,1167648,304,买盘
2279,11:24:51,38.39,2391197,623,买盘
2280,11:24:54,38.4,2161963,563,买盘
2281,11:24:57,38.41,683497,178,买盘
2282,11:25:00,38.43,737563,192,买盘
2283,11:25:03,38.43,795314,207,买盘
2284,11:25:06,38.45,2835421,738,买盘
2285,11:25:09,38.45,2184613,568,买盘
2286,11:25:12,38.43,1222588,318,买盘
2287,11:25:15,38.43,146032,38,买盘
2288,11:25:18,38.42,365035,95,卖盘
2289,11:25:21,38.43,791649,206,买盘
2290,11:25:24,38.43,4617271,1202,卖盘
2291,11:25:27,38.44,672762,175,买盘
2292,11:25:30,38.44,457415,119,卖盘
2293,11:25:33,38.44,1356674,353,买盘
2294,11:25:36,38.44,849695,221,卖盘
2295,11:25:39,38.44,415231,108,卖盘
2296,11:25:42,38.45,1933467,503,买盘
2297,11:25:45,38.44,276726,72,中性盘
2298,11:25:48,38.44,353586,92,买盘
2299,11:25:51,38.43,345793,90,中性盘
2300,11:25:54,38.42,1880112,489,卖盘
2301,11:25:57,38.41,361195,94,卖盘
2302,11:26:00,38.41,525422,137,买盘
2303,11:26:03,38.5,4936772,1283,买盘
2304,11:26:06,38.51,4524304,1175,买盘
2305,11:26:09,38.52,2316789,601,中性盘
2306,11:26:12,38.57,551122,143,买盘
2307,11:26:15,38.58,6568374,1702,买盘
2308,11:26:18,38.62,2227867,577,买盘
2309,11:26:21,38.64,1081783,280,买盘
2310,11:26:24,38.64,1302124,337,买盘
2311,11:26:27,38.66,5972924,1545,买盘
2312,11:26:30,38.68,2057619,532,买盘
2313,11:26:33,38.68,986388,255,买盘
2314,11:26:36,38.7,2540827,657,买盘
2315,11:26:39,38.68,3402171,879,卖盘
2316,11:26:42,38.72,1790597,463,买盘
2317,11:26:45,38.68,841133,217,卖盘
2318,11:26:48,38.69,1717984,444,中性盘
2319,11:26:51,38.72,2600277,672,买盘
2320,11:26:54,38.66,1655969,428,卖盘
2321,11:26:57,38.7,1790940,463,买盘
2322,11:27:00,38.7,607471,157,买盘
2323,11:27:03,38.72,1223135,316,买盘
2324,11:27:06,38.72,1401062,362,买盘
2325,11:27:09,38.72,2503344,646,买盘
2326,11:27:12,38.72,1436776,371,卖盘
2327,11:27:15,38.72,1045515,270,卖盘
2328,11:27:18,38.75,1177873,304,买盘
2329,11:27:21,38.75,422399,109,卖盘
2330,11:27:24,38.76,2065623,533,买盘
2331,11:27:27,38.77,829528,214,买盘
2332,11:27:30,38.77,922738,238,买盘
2333,11:27:33,38.77,1899997,490,卖盘
2334,11:27:36,38.76,3850979,993,卖盘
2335,11:27:39,38.73,1352308,349,卖盘
2336,11:27:42,38.76,1088864,281,买盘
2337,11:27:45,38.77,1282396,331,买盘
2338,11:27:48,38.76,589075,152,中性盘
2339,11:27:51,38.76,1042625,269,买盘
2340,11:27:54,38.78,7550539,1946,买盘
2341,11:27:57,38.83,1401852,361,买盘
2342,11:28:00,38.86,1175618,303,买盘
2343,11:28:03,38.87,1263151,325,买盘
2344,11:28:06,38.89,6476328,1666,买盘
2345,11:28:09,38.9,1261367,324,买盘
2346,11:28:12,38.94,16401982,4208,买盘
2347,11:28:15,39.0,8213440,2106,买盘
2348,11:28:18,39.02,2423996,621,买盘
2349,11:28:21,39.07,2899817,743,买盘
2350,11:28:24,39.07,1938452,496,买盘
2351,11:28:27,39.05,7850047,2010,卖盘
2352,11:28:30,39.07,7043744,1804,买盘
2353,11:28:33,39.1,2736425,700,买盘
2354,11:28:36,39.1,1619645,414,买盘
2355,11:28:39,39.14,1638662,419,买盘
2356,11:28:42,39.08,11687714,2991,卖盘
2357,11:28:45,39.1,3161789,809,买盘
2358,11:28:48,39.01,3237931,829,卖盘
2359,11:28:51,39.06,4134739,1058,买盘
2360,11:28:54,39.1,2667612,683,买盘
2361,11:28:57,39.1,2172533,556,买盘
2362,11:29:00,39.1,2923165,748,买盘
2363,11:29:03,39.13,1760295,450,买盘
2364,11:29:06,39.14,1890249,483,买盘
2365,11:29:09,39.13,4796683,1226,中性盘
2366,11:29:12,39.17,1652463,422,买盘
2367,11:29:15,39.17,1821172,465,买盘
2368,11:29:18,39.18,2333565,596,买盘
2369,11:29:21,39.2,2936229,749,买盘
2370,11:29:24,39.23,1360821,347,买盘
2371,11:29:27,39.25,894488,228,买盘
2372,11:29:30,39.26,514160,131,买盘
2373,11:29:33,39.24,6304466,1607,卖盘
2374,11:29:36,39.24,3098940,790,买盘
2375,11:29:39,39.29,4788795,1219,买盘
2376,11:29:42,39.3,813194,207,中性盘
2377,11:29:45,39.31,1104313,281,买盘
2378,11:29:48,39.31,1195156,304,卖盘
2379,11:29:51,39.32,1820411,463,买盘
2380,11:29:54,39.34,2588767,658,买盘
2381,11:29:57,39.36,1239160,315,买盘
2382,11:30:00,39.39,1393984,354,买盘
2383,13:00:00,39.58,44568366,11284,买盘
2384,13:00:03,39.5,45984011,11622,卖盘
2385,13:00:06,39.5,6720097,1703,买盘
2386,13:00:09,39.52,1942002,492,买盘
2387,13:00:12,39.39,46793254,11878,卖盘
2388,13:00:15,39.29,23206771,5894,卖盘
2389,13:00:18,39.17,5245816,1337,卖盘
2390,13:00:21,39.11,2939974,751,卖盘
2391,13:00:24,39.05,2490679,637,卖盘
2392,13:00:27,39.03,2049554,525,卖盘
2393,13:00:30,39.0,2613291,670,卖盘
2394,13:00:33,39.01,8443110,2164,买盘
2395,13:00:36,39.04,2408968,617,买盘
2396,13:00:39,39.07,1273794,326,中性盘
2397,13:00:42,39.15,1595532,408,买盘
2398,13:00:45,39.18,763727,195,买盘
2399,13:00:48,39.2,944969,241,买盘
2400,13:00:51,39.22,1461206,372,中性盘
2401,13:00:54,39.29,1381914,352,买盘
2402,13:00:57,39.33,3033822,772,买盘
2403,13:01:00,39.33,2327510,591,买盘
2404,13:01:03,39.33,9001217,2289,卖盘
2405,13:01:06,39.33,3484691,886,卖盘
2406,13:01:09,39.36,3140944,798,买盘
2407,13:01:12,39.44,3009398,764,买盘
2408,13:01:15,39.44,11469126,2904,买盘
2409,13:01:18,39.48,3364746,853,买盘
2410,13:01:21,39.5,3439737,871,买盘
2411,13:01:24,39.53,2765657,700,买盘
2412,13:01:27,39.56,2099327,531,买盘
2413,13:01:30,39.56,12251679,3100,买盘
2414,13:01:33,39.55,4919710,1244,买盘
2415,13:01:36,39.6,4402016,1113,买盘
2416,13:01:39,39.57,2873946,726,卖盘
2417,13:01:42,39.56,6798228,1718,卖盘
2418,13:01:45,39.53,2637325,667,中性盘
2419,13:01:48,39.56,7560536,1911,买盘
2420,13:01:51,39.53,3593589,909,卖盘
2421,13:01:54,39.55,3814157,965,买盘
2422,13:01:57,39.55,1554476,393,卖盘
2423,13:02:00,39.53,3036669,768,卖盘
2424,13:02:03,39.54,9747137,2466,中性盘
2425,13:02:06,39.48,4363488,1104,中性盘
2426,13:02:09,39.44,4253005,1077,卖盘
2427,13:02:12,39.46,3348957,848,卖盘
2428,13:02:15,39.52,3957574,1002,买盘
2429,13:02:18,39.47,1430235,362,卖盘
2430,13:02:21,39.49,1153163,292,买盘
2431,13:02:24,39.52,1339487,339,买盘
2432,13:02:27,39.52,1489846,377,买盘
2433,13:02:30,39.52,1457920,369,卖盘
2434,13:02:33,39.54,1541550,390,买盘
2435,13:02:36,39.52,1051392,266,卖盘
2436,13:02:39,39.54,2166102,548,买盘
2437,13:02:42,39.52,2035237,515,卖盘
2438,13:02:45,39.52,2102844,532,卖盘
2439,13:02:48,39.52,1411076,357,买盘
2440,13:02:51,39.52,1165943,295,卖盘
2441,13:02:54,39.53,1094908,277,买盘
2442,13:02:57,39.53,731323,185,卖盘
2443,13:03:00,39.52,2854375,722,卖盘
2444,13:03:03,39.53,1257259,318,中性盘
2445,13:03:06,39.54,1522423,385,中性盘
2446,13:03:09,39.55,1474870,373,买盘
2447,13:03:12,39.56,680359,172,买盘
2448,13:03:15,39.57,538085,136,买盘
2449,13:03:18,39.59,320582,81,买盘
2450,13:03:21,39.59,1223007,309,买盘
2451,13:03:24,39.62,2803531,708,买盘
2452,13:03:27,39.62,214025,54,卖盘
2453,13:03:30,39.66,777034,196,买盘
2454,13:03:33,39.65,1236973,312,中性盘
2455,13:03:36,39.66,1201573,303,买盘
2456,13:03:39,39.66,1604060,404,卖盘
2457,13:03:42,39.67,1547561,390,中性盘
2458,13:03:45,39.67,833381,210,卖盘
2459,13:03:48,39.67,1539652,388,卖盘
2460,13:03:51,39.68,3780997,953,买盘
2461,13:03:54,39.69,627282,158,买盘
2462,13:03:57,39.7,539893,136,卖盘
2463,13:04:00,39.78,4248225,1068,买盘
2464,13:04:03,39.78,3606208,907,卖盘
2465,13:04:06,39.73,3820543,962,中性盘
2466,13:04:09,39.8,5068925,1274,买盘
2467,13:04:12,39.81,979756,246,买盘
2468,13:04:15,39.84,545561,137,中性盘
2469,13:04:18,39.86,498115,125,买盘
2470,13:04:21,39.87,1215764,305,买盘
2471,13:04:24,39.88,2410429,605,买盘
2472,13:04:27,39.87,2922596,733,卖盘
2473,13:04:30,39.87,2313962,580,卖盘
2474,13:04:33,39.86,3421307,858,卖盘
2475,13:04:36,39.85,2304479,578,卖盘
2476,13:04:39,39.86,3560435,893,买盘
2477,13:04:42,39.95,10210669,2559,买盘
2478,13:04:45,39.88,948529,238,卖盘
2479,13:04:48,39.94,714417,179,买盘
2480,13:04:51,39.9,6759997,1692,中性盘
2481,13:04:54,39.9,1887334,473,买盘
2482,13:04:57,39.9,973952,244,买盘
2483,13:05:00,39.9,1312780,329,卖盘
2484,13:05:03,39.94,3162558,792,买盘
2485,13:05:06,39.94,874619,219,中性盘
2486,13:05:09,39.94,986433,247,卖盘
2487,13:05:12,39.9,866665,217,卖盘
2488,13:05:15,39.91,2832845,709,中性盘
2489,13:05:18,39.96,1010546,253,买盘
2490,13:05:21,39.95,782617,196,中性盘
2491,13:05:24,39.92,1977241,495,卖盘
2492,13:05:27,39.95,1688919,423,买盘
2493,13:05:30,39.95,1764291,442,买盘
2494,13:05:33,39.92,969920,243,卖盘
2495,13:05:36,39.92,1944297,487,卖盘
2496,13:05:39,39.93,546975,137,买盘
2497,13:05:42,39.93,938374,235,中性盘
2498,13:05:45,39.93,722706,181,卖盘
2499,13:05:48,39.92,2143405,537,卖盘
2500,13:05:51,39.92,2842440,712,卖盘
2501,13:05:54,39.92,1385281,347,卖盘
2502,13:05:57,39.91,2327084,583,卖盘
2503,13:06:00,39.88,2034761,510,卖盘
2504,13:06:03,39.91,1846687,463,买盘
2505,13:06:06,39.92,2849071,714,买盘
2506,13:06:09,39.89,1068929,268,卖盘
2507,13:06:12,39.88,1679300,421,卖盘
2508,13:06:15,39.86,2629045,659,卖盘
2509,13:06:18,39.85,825168,207,卖盘
2510,13:06:21,39.83,1574087,395,卖盘
2511,13:06:24,39.74,1034484,260,卖盘
2512,13:06:27,39.7,889731,224,卖盘
2513,13:06:30,39.7,873438,220,卖盘
2514,13:06:33,39.68,555627,140,卖盘
2515,13:06:36,39.63,2070874,522,卖盘
2516,13:06:39,39.63,249660,63,卖盘
2517,13:06:42,39.6,1857950,469,卖盘
2518,13:06:45,39.58,570157,144,卖盘
2519,13:06:48,39.56,585649,148,卖盘
2520,13:06:51,39.5,2244705,568,卖盘
2521,13:06:54,39.51,2149539,544,买盘
2522,13:06:57,39.49,865321,219,卖盘
2523,13:07:00,39.48,1623364,411,卖盘
2524,13:07:03,39.48,2151924,545,卖盘
2525,13:07:06,39.46,1551027,393,卖盘
2526,13:07:09,39.46,856002,217,买盘
2527,13:07:12,39.45,1926110,488,卖盘
2528,13:07:15,39.45,2139011,542,买盘
2529,13:07:18,39.43,1317268,334,卖盘
2530,13:07:21,39.46,1428243,362,买盘
2531,13:07:24,39.45,884592,224,卖盘
2532,13:07:27,39.48,3232510,819,买盘
2533,13:07:30,39.49,2652735,672,买盘
2534,13:07:33,39.53,1493486,378,买盘
2535,13:07:36,39.49,1517337,384,卖盘
2536,13:07:39,39.53,379544,96,中性盘
2537,13:07:42,39.56,2102325,532,买盘
2538,13:07:45,39.54,2162373,547,卖盘
2539,13:07:48,39.57,3583787,906,买盘
2540,13:07:51,39.55,826666,209,卖盘
2541,13:07:54,39.55,802806,203,买盘
2542,13:07:57,39.55,870023,220,中性盘
2543,13:08:00,39.55,1146951,290,买盘
2544,13:08:03,39.52,1541947,390,卖盘
2545,13:08:06,39.54,952640,241,中性盘
2546,13:08:09,39.5,2465181,624,卖盘
2547,13:08:12,39.49,1449339,367,卖盘
2548,13:08:15,39.48,1354582,343,卖盘
2549,13:08:18,39.47,1654348,419,卖盘
2550,13:08:21,39.45,773657,196,卖盘
2551,13:08:24,39.44,1155787,293,卖盘
2552,13:08:27,39.42,421856,107,卖盘
2553,13:08:30,39.42,2251001,571,卖盘
2554,13:08:33,39.41,1501812,381,卖盘
2555,13:08:36,39.4,1320280,335,卖盘
2556,13:08:39,39.4,5828557,1480,卖盘
2557,13:08:42,39.38,1283674,326,卖盘
2558,13:08:45,39.35,330624,84,卖盘
2559,13:08:48,39.33,397284,101,卖盘
2560,13:08:51,39.3,723363,184,卖盘
2561,13:08:54,39.27,2082623,530,卖盘
2562,13:08:57,39.22,380657,97,卖盘
2563,13:09:00,39.19,337154,86,卖盘
2564,13:09:03,39.19,858362,219,卖盘
2565,13:09:06,39.18,1418281,362,卖盘
2566,13:09:09,39.15,1722420,440,卖盘
2567,13:09:12,39.1,3256287,833,卖盘
2568,13:09:15,39.09,476715,122,中性盘
2569,13:09:18,39.03,1839089,471,卖盘
2570,13:09:21,39.03,2113646,541,买盘
2571,13:09:24,39.0,2348824,602,卖盘
2572,13:09:27,39.01,3570202,915,中性盘
2573,13:09:30,39.02,3148524,807,买盘
2574,13:09:33,39.08,3134854,803,买盘
2575,13:09:36,39.11,683966,175,买盘
2576,13:09:39,39.11,641365,164,买盘
2577,13:09:42,39.13,571186,146,买盘
2578,13:09:45,39.13,731613,187,卖盘
2579,13:09:48,39.14,3102700,793,买盘
2580,13:09:51,39.13,2671890,683,卖盘
2581,13:09:54,39.11,962035,246,卖盘
2582,13:09:57,39.1,1125830,288,卖盘
2583,13:10:00,39.09,1031421,264,中性盘
2584,13:10:03,39.06,1035177,265,买盘
2585,13:10:06,39.05,792665,203,卖盘
2586,13:10:09,39.05,663518,170,买盘
2587,13:10:12,39.03,2888833,740,中性盘
2588,13:10:15,39.02,1670216,428,卖盘
2589,13:10:18,39.01,651559,167,卖盘
2590,13:10:21,39.01,1927244,494,卖盘
2591,13:10:24,39.0,811375,208,卖盘
2592,13:10:27,39.02,1248234,320,买盘
2593,13:10:30,39.01,1068794,274,卖盘
2594,13:10:33,39.02,628128,161,买盘
2595,13:10:36,39.02,1285394,329,买盘
2596,13:10:39,39.01,1900208,487,卖盘
2597,13:10:42,39.03,597158,153,卖盘
2598,13:10:45,39.0,3788578,971,卖盘
2599,13:10:48,39.02,538589,138,中性盘
2600,13:10:51,39.04,1041878,267,买盘
2601,13:10:54,39.02,1194056,306,卖盘
2602,13:10:57,39.03,838941,215,买盘
2603,13:11:00,39.02,1986317,509,卖盘
2604,13:11:03,39.03,678882,174,买盘
2605,13:11:06,39.03,468296,120,买盘
2606,13:11:09,39.03,928803,238,卖盘
2607,13:11:12,39.02,881805,226,买盘
2608,13:11:15,39.0,1833323,470,卖盘
2609,13:11:18,39.01,3853747,988,买盘
2610,13:11:21,39.01,1704383,437,买盘
2611,13:11:24,39.01,1528876,392,买盘
2612,13:11:27,39.02,815290,209,买盘
2613,13:11:30,39.01,440790,113,卖盘
2614,13:11:33,39.01,612454,157,卖盘
2615,13:11:36,39.01,1864243,478,买盘
2616,13:11:39,39.0,1376832,353,卖盘
2617,13:11:42,39.0,3221431,826,卖盘
2618,13:11:45,39.0,1208312,310,卖盘
2619,13:11:48,39.0,842308,216,买盘
2620,13:11:51,38.99,506835,130,卖盘
2621,13:11:54,38.99,230020,59,买盘
2622,13:11:57,38.98,771701,198,卖盘
2623,13:12:00,38.97,1152935,296,买盘
2624,13:12:03,38.95,747052,192,买盘
2625,13:12:06,38.9,268586,69,卖盘
2626,13:12:09,38.88,1815913,467,卖盘
2627,13:12:12,38.88,524859,135,买盘
2628,13:12:15,38.87,493637,127,卖盘
2629,13:12:18,38.86,454682,117,卖盘
2630,13:12:21,38.86,427354,110,买盘
2631,13:12:24,38.85,1006271,259,中性盘
2632,13:12:27,38.85,2086183,537,买盘
2633,13:12:30,38.85,920600,237,卖盘
2634,13:12:33,38.87,2111423,543,买盘
2635,13:12:36,38.87,2837798,730,卖盘
2636,13:12:39,38.9,921217,237,买盘
2637,13:12:42,38.93,933634,240,买盘
2638,13:12:45,38.9,2602988,670,卖盘
2639,13:12:48,38.94,424319,109,买盘
2640,13:12:51,38.89,2990098,769,卖盘
2641,13:12:54,38.93,249138,64,买盘
2642,13:12:57,38.93,680964,175,买盘
2643,13:13:00,38.91,719958,185,卖盘
2644,13:13:03,38.9,1198370,308,卖盘
2645,13:13:06,38.9,435601,112,买盘
2646,13:13:09,38.88,1018672,262,卖盘
2647,13:13:12,38.88,493694,127,买盘
2648,13:13:15,38.86,648976,167,中性盘
2649,13:13:18,38.85,380754,98,卖盘
2650,13:13:21,38.85,870166,224,买盘
2651,13:13:24,38.83,326275,84,卖盘
2652,13:13:27,38.84,489371,126,买盘
2653,13:13:30,38.83,489205,126,卖盘
2654,13:13:33,38.83,493179,127,买盘
2655,13:13:36,38.8,1733448,447,卖盘
2656,13:13:39,38.82,271678,70,买盘
2657,13:13:42,38.81,465665,120,卖盘
2658,13:13:45,38.82,430823,111,买盘
2659,13:13:48,38.81,939309,242,卖盘
2660,13:13:51,38.81,1082570,279,买盘
2661,13:13:54,38.8,1870203,482,卖盘
2662,13:13:57,38.8,597447,154,卖盘
2663,13:14:00,38.8,201742,52,买盘
2664,13:14:03,38.8,667152,172,买盘
2665,13:14:06,38.77,1827270,471,卖盘
2666,13:14:09,38.78,2600882,670,买盘
2667,13:14:12,38.81,434434,112,买盘
2668,13:14:15,38.8,965936,249,中性盘
2669,13:14:18,38.79,671028,173,卖盘
2670,13:14:21,38.79,232733,60,买盘
2671,13:14:24,38.79,422745,109,买盘
2672,13:14:27,38.78,938533,242,卖盘
2673,13:14:30,38.79,845512,218,买盘
2674,13:14:33,38.78,884140,228,买盘
2675,13:14:36,38.77,1500405,387,卖盘
2676,13:14:39,38.77,515628,133,买盘
2677,13:14:42,38.77,255860,66,买盘
2678,13:14:45,38.76,662933,171,卖盘
2679,13:14:48,38.76,558221,144,卖盘
2680,13:14:51,38.77,938080,242,买盘
2681,13:14:54,38.79,599520,155,买盘
2682,13:14:57,38.78,407128,105,中性盘
2683,13:15:00,38.78,1422890,367,卖盘
2684,13:15:03,38.78,1128266,291,卖盘
2685,13:15:06,38.76,697702,180,卖盘
2686,13:15:09,38.78,732719,189,买盘
2687,13:15:12,38.75,562162,145,卖盘
2688,13:15:15,38.78,531224,137,买盘
2689,13:15:18,38.79,453673,117,买盘
2690,13:15:21,38.79,854018,220,买盘
2691,13:15:24,38.8,399583,103,买盘
2692,13:15:27,38.8,2812630,725,买盘
2693,13:15:30,38.81,384177,99,买盘
2694,13:15:33,38.84,5549353,1430,买盘
2695,13:15:36,38.88,1636848,421,买盘
2696,13:15:39,38.89,770227,198,买盘
2697,13:15:42,38.92,412447,106,买盘
2698,13:15:45,38.93,2600003,668,买盘
2699,13:15:48,38.94,1175887,302,买盘
2700,13:15:51,38.96,280501,72,买盘
2701,13:15:54,38.96,167555,43,买盘
2702,13:15:57,39.0,1114921,286,买盘
2703,13:16:00,39.0,581068,149,买盘
2704,13:16:03,39.04,2203331,565,买盘
2705,13:16:06,39.03,1112268,285,中性盘
2706,13:16:09,39.02,2688061,689,卖盘
2707,13:16:12,39.03,1857738,476,买盘
2708,13:16:15,39.04,175649,45,买盘
2709,13:16:18,39.05,819829,210,买盘
2710,13:16:21,39.05,628614,161,买盘
2711,13:16:24,39.05,691123,177,卖盘
2712,13:16:27,39.07,1827283,468,买盘
2713,13:16:30,39.07,2511537,643,买盘
2714,13:16:33,39.07,1129035,289,卖盘
2715,13:16:36,39.05,1078190,276,卖盘
2716,13:16:39,39.08,402459,103,买盘
2717,13:16:42,39.08,242316,62,卖盘
2718,13:16:45,39.08,2715452,695,买盘
2719,13:16:48,39.09,355681,91,买盘
2720,13:16:51,39.09,656651,168,卖盘
2721,13:16:54,39.08,519879,133,卖盘
2722,13:16:57,39.09,547246,140,买盘
2723,13:17:00,39.08,801246,205,卖盘
2724,13:17:03,39.08,1457777,373,卖盘
2725,13:17:06,39.07,3938512,1008,卖盘
2726,13:17:09,39.07,621116,159,买盘
2727,13:17:12,39.06,1819733,466,买盘
2728,13:17:15,39.03,636392,163,卖盘
2729,13:17:18,39.04,417693,107,买盘
2730,13:17:21,39.03,1194319,306,卖盘
2731,13:17:24,39.0,1716836,440,卖盘
2732,13:17:27,39.01,1127140,289,买盘
2733,13:17:30,38.99,1059989,272,卖盘
2734,13:17:33,39.0,736967,189,买盘
2735,13:17:36,38.95,250213,64,卖盘
2736,13:17:39,38.96,522315,134,买盘
2737,13:17:42,38.95,148017,38,卖盘
2738,13:17:45,38.95,833496,214,买盘
2739,13:17:48,38.93,334882,86,卖盘
2740,13:17:51,38.93,471060,121,卖盘
2741,13:17:54,38.93,654024,168,卖盘
2742,13:17:57,38.91,144007,37,卖盘
2743,13:18:00,38.93,311363,80,买盘
2744,13:18:03,38.91,217873,56,卖盘
2745,13:18:06,38.91,770471,198,买盘
2746,13:18:09,38.91,1226024,315,中性盘
2747,13:18:12,38.93,774932,199,买盘
2748,13:18:15,38.99,2072055,532,买盘
2749,13:18:18,39.0,448269,115,买盘
2750,13:18:21,39.0,959378,246,买盘
2751,13:18:24,39.0,802467,206,买盘
2752,13:18:27,39.0,397945,102,卖盘
2753,13:18:30,39.01,89729,23,卖盘
2754,13:18:33,39.02,136551,35,买盘
2755,13:18:36,39.02,323856,83,卖盘
2756,13:18:39,39.03,515121,132,买盘
2757,13:18:42,39.02,140495,36,卖盘
2758,13:18:45,39.03,214649,55,中性盘
2759,13:18:48,39.02,1639097,420,卖盘
2760,13:18:51,39.04,324760,83,买盘
2761,13:18:54,39.04,520765,133,买盘
2762,13:18:57,39.04,1124205,288,卖盘
2763,13:19:00,39.01,567450,145,卖盘
2764,13:19:03,39.03,558210,143,卖盘
2765,13:19:06,39.02,351217,90,中性盘
2766,13:19:09,39.03,569821,146,买盘
2767,13:19:12,39.03,288793,74,卖盘
2768,13:19:15,39.04,716631,184,买盘
2769,13:19:18,39.04,605120,155,卖盘
2770,13:19:21,39.0,4693296,1203,卖盘
2771,13:19:24,39.02,501150,128,中性盘
2772,13:19:27,39.0,292664,75,卖盘
2773,13:19:30,39.0,179428,46,卖盘
2774,13:19:33,39.02,581212,149,买盘
2775,13:19:36,39.01,355095,91,卖盘
2776,13:19:39,39.02,327833,84,买盘
2777,13:19:42,39.05,2067542,530,买盘
2778,13:19:45,39.04,296654,76,卖盘
2779,13:19:48,39.05,89794,23,买盘
2780,13:19:51,39.05,148343,38,买盘
2781,13:19:54,39.02,663605,170,卖盘
2782,13:19:57,39.05,257671,66,买盘
2783,13:20:00,39.02,363094,93,卖盘
2784,13:20:03,39.05,702749,180,买盘
2785,13:20:06,39.05,398229,102,买盘
2786,13:20:09,39.05,1752772,449,买盘
2787,13:20:12,39.02,503415,129,中性盘
2788,13:20:15,39.04,873933,224,买盘
2789,13:20:18,39.04,58552,15,买盘
2790,13:20:21,39.02,612770,157,卖盘
2791,13:20:24,39.04,347381,89,买盘
2792,13:20:27,39.03,128808,33,卖盘
2793,13:20:30,39.02,50745,13,卖盘
2794,13:20:33,39.04,230284,59,买盘
2795,13:20:36,39.03,753207,193,中性盘
2796,13:20:39,39.04,85863,22,买盘
2797,13:20:42,39.04,249849,64,买盘
2798,13:20:45,39.04,1144065,293,卖盘
2799,13:20:48,39.04,2228907,571,卖盘
2800,13:20:51,39.05,1409691,361,买盘
2801,13:20:54,39.06,1531353,392,买盘
2802,13:20:57,39.08,97693,25,买盘
2803,13:21:00,39.09,547075,140,买盘
2804,13:21:03,39.1,1380170,353,买盘
2805,13:21:06,39.09,301067,77,卖盘
2806,13:21:09,39.09,258042,66,卖盘
2807,13:21:12,39.1,136838,35,买盘
2808,13:21:15,39.1,1270575,325,卖盘
2809,13:21:18,39.11,2088305,534,买盘
2810,13:21:21,39.11,414533,106,买盘
2811,13:21:24,39.1,430162,110,卖盘
2812,13:21:27,39.11,766528,196,买盘
2813,13:21:30,39.11,1126168,288,买盘
2814,13:21:33,39.11,445785,114,买盘
2815,13:21:36,39.1,793709,203,卖盘
2816,13:21:39,39.09,1047558,268,卖盘
2817,13:21:42,39.09,3519691,900,买盘
2818,13:21:45,39.06,211049,54,卖盘
2819,13:21:48,39.08,160245,41,卖盘
2820,13:21:51,39.08,171969,44,卖盘
2821,13:21:54,39.08,398606,102,买盘
2822,13:21:57,39.06,207067,53,卖盘
2823,13:22:00,39.09,394766,101,买盘
2824,13:22:03,39.08,234511,60,卖盘
2825,13:22:06,39.09,429776,110,买盘
2826,13:22:09,39.09,617612,158,卖盘
2827,13:22:12,39.08,480775,123,卖盘
2828,13:22:15,39.08,121167,31,卖盘
2829,13:22:18,39.09,586329,150,买盘
2830,13:22:21,39.09,191526,49,买盘
2831,13:22:24,39.1,246284,63,买盘
2832,13:22:27,39.09,160278,41,卖盘
2833,13:22:30,39.09,164186,42,卖盘
2834,13:22:33,39.1,527728,135,买盘
2835,13:22:36,39.09,398635,102,卖盘
2836,13:22:39,39.09,340136,87,卖盘
2837,13:22:42,39.09,695722,178,买盘
2838,13:22:45,39.09,934455,239,卖盘
2839,13:22:48,39.09,23452,6,买盘
2840,13:22:51,39.08,191526,49,卖盘
2841,13:22:54,39.08,379117,97,卖盘
2842,13:22:57,39.08,691483,177,买盘
2843,13:23:00,39.07,250055,64,卖盘
2844,13:23:03,39.06,148471,38,卖盘
2845,13:23:06,39.07,980421,251,买盘
2846,13:23:09,39.05,2163885,554,卖盘
2847,13:23:12,39.05,183547,47,卖盘
2848,13:23:15,39.04,597417,153,卖盘
2849,13:23:18,39.03,187386,48,卖盘
2850,13:23:21,39.02,323950,83,卖盘
2851,13:23:24,39.02,698707,179,卖盘
2852,13:23:27,39.02,261476,67,卖盘
2853,13:23:30,39.02,152178,39,卖盘
2854,13:23:33,39.01,995158,255,卖盘
2855,13:23:36,39.02,1178297,302,买盘
2856,13:23:39,39.05,191303,49,买盘
2857,13:23:42,39.07,1983750,508,买盘
2858,13:23:45,39.08,265675,68,买盘
2859,13:23:48,39.1,11922100,3050,买盘
2860,13:23:51,39.14,203395,52,买盘
2861,13:23:54,39.13,379630,97,卖盘
2862,13:23:57,39.16,513643,131,买盘
2863,13:24:00,39.19,517019,132,买盘
2864,13:24:03,39.19,446765,114,买盘
2865,13:24:06,39.2,744739,190,买盘
2866,13:24:09,39.25,258790,66,买盘
2867,13:24:12,39.25,1141053,291,买盘
2868,13:24:15,39.29,526179,134,买盘
2869,13:24:18,39.3,412642,105,买盘
2870,13:24:21,39.32,416582,106,买盘
2871,13:24:24,39.35,319391,81,买盘
2872,13:24:27,39.38,342489,87,买盘
2873,13:24:30,39.38,283476,72,买盘
2874,13:24:33,39.39,2740146,696,买盘
2875,13:24:36,39.4,1089614,277,买盘
2876,13:24:39,39.46,962323,244,买盘
2877,13:24:42,39.48,513028,130,买盘
2878,13:24:45,39.5,5082826,1287,买盘
2879,13:24:48,39.54,865572,219,买盘
2880,13:24:51,39.56,474615,120,买盘
2881,13:24:54,39.58,981361,248,买盘
2882,13:24:57,39.62,2467434,623,买盘
2883,13:25:00,39.64,229837,58,买盘
2884,13:25:03,39.65,1970191,497,买盘
2885,13:25:06,39.7,3651503,920,买盘
2886,13:25:09,39.7,2123449,535,买盘
2887,13:25:12,39.7,2139721,539,买盘
2888,13:25:15,39.7,1929935,486,买盘
2889,13:25:18,39.71,655345,165,买盘
2890,13:25:21,39.71,1895874,477,卖盘
2891,13:25:24,39.69,2792010,704,卖盘
2892,13:25:27,39.67,916285,231,中性盘
2893,13:25:30,39.6,2071079,522,卖盘
2894,13:25:33,39.57,463227,117,卖盘
2895,13:25:36,39.55,723979,183,卖盘
2896,13:25:39,39.5,446758,113,卖盘
2897,13:25:42,39.48,545344,138,卖盘
2898,13:25:45,39.54,276633,70,中性盘
2899,13:25:48,39.48,869700,220,卖盘
2900,13:25:51,39.48,225022,57,买盘
2901,13:25:54,39.48,1532296,388,买盘
2902,13:25:57,39.48,947677,240,卖盘
2903,13:26:00,39.48,485715,123,卖盘
2904,13:26:03,39.48,438172,111,卖盘
2905,13:26:06,39.48,904041,229,买盘
2906,13:26:09,39.46,469777,119,卖盘
2907,13:26:12,39.48,480790,122,买盘
2908,13:26:15,39.48,900915,228,卖盘
2909,13:26:18,39.5,781331,198,买盘
2910,13:26:21,39.5,312096,79,卖盘
2911,13:26:24,39.52,363581,92,中性盘
2912,13:26:27,39.49,861979,218,卖盘
2913,13:26:30,39.51,695106,176,买盘
2914,13:26:33,39.52,533483,135,买盘
2915,13:26:36,39.52,394386,100,卖盘
2916,13:26:39,39.52,308374,78,卖盘
2917,13:26:42,39.54,533581,135,买盘
2918,13:26:45,39.54,849835,215,买盘
2919,13:26:48,39.54,464182,117,买盘
2920,13:26:51,39.55,237279,60,买盘
2921,13:26:54,39.55,1194276,302,买盘
2922,13:26:57,39.55,506209,128,卖盘
2923,13:27:00,39.57,625100,158,买盘
2924,13:27:03,39.59,1227075,310,买盘
2925,13:27:06,39.56,648765,164,卖盘
2926,13:27:09,39.58,130616,33,买盘
2927,13:27:12,39.57,320541,81,卖盘
2928,13:27:15,39.58,1706367,431,买盘
2929,13:27:18,39.58,585780,148,买盘
2930,13:27:21,39.6,427612,108,买盘
2931,13:27:24,39.59,384015,97,中性盘
2932,13:27:27,39.6,593975,150,买盘
2933,13:27:30,39.6,340579,86,卖盘
2934,13:27:33,39.62,471350,119,买盘
2935,13:27:36,39.62,420025,106,卖盘
2936,13:27:39,39.62,376476,95,卖盘
2937,13:27:42,39.63,693383,175,买盘
2938,13:27:45,39.63,1141191,288,卖盘
2939,13:27:48,39.62,1042177,263,卖盘
2940,13:27:51,39.61,320929,81,卖盘
2941,13:27:54,39.59,875119,221,卖盘
2942,13:27:57,39.58,391858,99,卖盘
2943,13:28:00,39.58,922275,233,买盘
2944,13:28:03,39.63,2741399,692,买盘
2945,13:28:06,39.6,1290461,326,卖盘
2946,13:28:09,39.59,142545,36,卖盘
2947,13:28:12,39.59,154431,39,卖盘
2948,13:28:15,39.6,407869,103,买盘
2949,13:28:18,39.6,617791,156,卖盘
2950,13:28:21,39.6,1493757,377,买盘
2951,13:28:24,39.59,811914,205,卖盘
2952,13:28:27,39.59,795863,201,卖盘
2953,13:28:30,39.57,1979098,500,卖盘
2954,13:28:33,39.59,562074,142,买盘
2955,13:28:36,39.57,1607102,406,卖盘
2956,13:28:39,39.57,538230,136,买盘
2957,13:28:42,39.55,648760,164,卖盘
2958,13:28:45,39.55,640955,162,卖盘
2959,13:28:48,39.55,253165,64,卖盘
2960,13:28:51,39.55,102824,26,买盘
2961,13:28:54,39.53,170027,43,卖盘
2962,13:28:57,39.53,150247,38,卖盘
2963,13:29:00,39.52,296487,75,卖盘
2964,13:29:03,39.51,652016,165,卖盘
2965,13:29:06,39.5,241029,61,卖盘
2966,13:29:09,39.49,1486644,376,卖盘
2967,13:29:12,39.5,268587,68,买盘
2968,13:29:15,39.49,552821,140,卖盘
2969,13:29:18,39.49,225082,57,卖盘
2970,13:29:21,39.49,671360,170,买盘
2971,13:29:24,39.48,236855,60,卖盘
2972,13:29:27,39.48,434240,110,买盘
2973,13:29:30,39.46,221028,56,卖盘
2974,13:29:33,39.45,1073526,272,卖盘
2975,13:29:36,39.46,508977,129,买盘
2976,13:29:39,39.46,584133,148,买盘
2977,13:29:42,39.45,327481,83,卖盘
2978,13:29:45,39.46,836387,212,买盘
2979,13:29:48,39.43,173539,44,卖盘
2980,13:29:51,39.45,394362,100,买盘
2981,13:29:54,39.42,208934,53,中性盘
2982,13:29:57,39.42,157665,40,买盘
2983,13:30:00,39.43,1477740,375,买盘
2984,13:30:03,39.41,134027,34,卖盘
2985,13:30:06,39.4,110349,28,卖盘
2986,13:30:09,39.4,795898,202,卖盘
2987,13:30:12,39.39,382088,97,卖盘
2988,13:30:15,39.4,252076,64,买盘
2989,13:30:18,39.33,684680,174,卖盘
2990,13:30:21,39.3,184778,47,卖盘
2991,13:30:24,39.32,554276,141,买盘
2992,13:30:27,39.3,82529,21,卖盘
2993,13:30:30,39.3,797773,203,买盘
2994,13:30:33,39.27,180706,46,卖盘
2995,13:30:36,39.24,899384,229,卖盘
2996,13:30:39,39.26,451721,115,买盘
2997,13:30:42,39.26,1040463,265,卖盘
2998,13:30:45,39.29,255369,65,买盘
2999,13:30:48,39.3,1637539,417,买盘
3000,13:30:51,39.29,1009512,257,卖盘
3001,13:30:54,39.34,700007,178,买盘
3002,13:30:57,39.28,946318,241,卖盘
3003,13:31:00,39.2,1083304,276,卖盘
3004,13:31:03,39.28,70710,18,中性盘
3005,13:31:06,39.28,529801,135,买盘
3006,13:31:09,39.27,82456,21,卖盘
3007,13:31:12,39.27,153174,39,卖盘
3008,13:31:15,39.28,263190,67,卖盘
3009,13:31:18,39.26,212090,54,卖盘
