,成交时间,成交价格,成交金额,成交量,性质
0,09:25:00,50.66,39421079,7782,卖盘
1,09:30:00,50.59,23929664,4727,卖盘
2,09:30:03,50.59,29966428,5923,买盘
3,09:30:06,50.69,21536795,4256,买盘
4,09:30:09,50.74,11515500,2271,买盘
5,09:30:12,50.76,8715821,1717,买盘
6,09:30:15,50.8,5672994,1117,买盘
7,09:30:18,50.85,3808415,749,买盘
8,09:30:21,50.88,8048886,1582,买盘
9,09:30:24,50.96,18746817,3678,买盘
10,09:30:27,51.1,3527360,691,买盘
11,09:30:30,51.12,2329543,456,买盘
12,09:30:33,51.15,6248350,1222,买盘
13,09:30:36,51.09,16234337,3176,卖盘
14,09:30:39,50.81,10323893,2025,卖盘
15,09:30:42,50.59,13660867,2696,卖盘
16,09:30:45,50.35,5366506,1062,卖盘
17,09:30:48,50.5,4417049,876,买盘
18,09:30:51,50.59,3810694,753,买盘
19,09:30:54,50.6,1903593,376,中性盘
20,09:30:57,50.78,5178009,1021,买盘
21,09:31:00,50.89,396683,78,买盘
22,09:31:03,50.88,4356815,856,卖盘
23,09:31:06,50.95,9384627,1844,买盘
24,09:31:09,50.99,9505455,1864,买盘
25,09:31:12,51.06,4734739,928,买盘
26,09:31:15,51.06,5762942,1129,卖盘
27,09:31:18,51.0,2438572,478,卖盘
28,09:31:21,50.94,4619857,906,卖盘
29,09:31:24,50.94,4202536,825,买盘
30,09:31:27,50.95,3716756,730,买盘
31,09:31:30,50.97,5290195,1038,买盘
32,09:31:33,50.94,3449736,677,卖盘
33,09:31:36,50.89,2694964,529,中性盘
34,09:31:39,50.92,5184303,1018,买盘
35,09:31:42,50.92,2903356,570,卖盘
36,09:31:45,50.97,11232171,2203,买盘
37,09:31:48,50.97,3416069,670,卖盘
38,09:31:51,50.9,8025361,1575,卖盘
39,09:31:54,50.96,901760,177,买盘
40,09:31:57,50.92,4677406,918,中性盘
41,09:32:00,50.95,1955962,384,买盘
42,09:32:03,50.89,5425788,1066,卖盘
43,09:32:06,50.82,2665703,524,卖盘
44,09:32:09,50.85,8443323,1661,买盘
45,09:32:12,50.86,2650891,521,买盘
46,09:32:15,50.93,3278421,644,买盘
47,09:32:18,50.97,3592137,705,买盘
48,09:32:21,50.91,3235806,635,卖盘
49,09:32:24,50.83,2991842,588,卖盘
50,09:32:27,50.8,4490836,883,卖盘
51,09:32:30,50.78,2923209,576,中性盘
52,09:32:33,50.78,3323555,654,买盘
53,09:32:36,50.87,2145518,422,买盘
54,09:32:39,50.76,3050754,600,卖盘
55,09:32:42,50.8,828477,163,买盘
56,09:32:45,50.84,1647116,324,买盘
57,09:32:48,50.88,4150721,816,买盘
58,09:32:51,50.84,4562275,897,卖盘
59,09:32:54,50.88,1200743,236,买盘
60,09:32:57,50.86,1602395,315,卖盘
61,09:33:00,50.9,7580561,1490,买盘
62,09:33:03,50.9,1394178,274,买盘
63,09:33:06,50.9,3024054,594,卖盘
64,09:33:09,50.92,2611903,513,中性盘
65,09:33:12,50.95,4090798,803,买盘
66,09:33:15,50.95,6663596,1309,买盘
67,09:33:18,50.94,5493908,1078,中性盘
68,09:33:21,50.99,3099863,608,买盘
69,09:33:24,50.99,8374606,1643,中性盘
70,09:33:27,50.9,3409052,669,卖盘
71,09:33:30,50.94,2448252,481,买盘
72,09:33:33,50.9,1791219,352,卖盘
73,09:33:36,50.88,839258,165,中性盘
74,09:33:39,50.84,1911518,376,卖盘
75,09:33:42,50.79,2103263,414,卖盘
76,09:33:45,50.72,1488225,293,卖盘
77,09:33:48,50.73,228407,45,中性盘
78,09:33:51,50.76,1879213,370,买盘
79,09:33:54,50.76,4008932,789,卖盘
80,09:33:57,50.81,1122388,221,卖盘
81,09:34:00,50.79,2188841,431,中性盘
82,09:34:03,50.77,1091705,215,卖盘
83,09:34:06,50.79,1041029,205,买盘
84,09:34:09,50.81,5140644,1012,买盘
85,09:34:12,50.86,4602075,905,买盘
86,09:34:15,51.04,15231680,2987,买盘
87,09:34:18,51.1,6352839,1244,买盘
88,09:34:21,51.09,4582853,897,中性盘
89,09:34:24,51.1,2028295,397,买盘
90,09:34:27,51.1,3169271,620,卖盘
91,09:34:30,51.11,4508913,882,中性盘
92,09:34:33,51.12,2064894,404,买盘
93,09:34:36,51.11,4502239,881,卖盘
94,09:34:39,51.1,1175038,230,中性盘
95,09:34:42,51.04,4483027,877,卖盘
96,09:34:45,51.04,1664992,326,卖盘
97,09:34:48,51.04,1746700,342,卖盘
98,09:34:51,51.04,1664814,326,买盘
99,09:34:54,51.03,1913109,375,中性盘
100,09:34:57,51.03,1198877,235,买盘
101,09:35:00,51.03,2622136,514,买盘
102,09:35:03,50.98,2422069,475,卖盘
103,09:35:06,51.0,10419681,2044,买盘
104,09:35:09,51.0,765125,150,卖盘
105,09:35:12,51.0,1366576,268,卖盘
106,09:35:15,51.0,2631603,516,买盘
107,09:35:18,51.0,912598,179,买盘
108,09:35:21,51.0,1070772,210,买盘
109,09:35:24,51.04,9186365,1800,买盘
110,09:35:27,51.03,1414080,277,卖盘
111,09:35:30,51.08,2756449,540,中性盘
112,09:35:33,51.04,878531,172,卖盘
113,09:35:36,51.02,3989132,782,卖盘
114,09:35:39,51.0,5547232,1088,中性盘
115,09:35:42,50.95,1487745,292,中性盘
116,09:35:45,50.95,892092,175,买盘
117,09:35:48,50.91,865861,170,卖盘
118,09:35:51,50.94,5445741,1069,卖盘
119,09:35:54,50.9,1503175,295,卖盘
120,09:35:57,50.98,3811620,748,买盘
121,09:36:00,51.02,2927134,574,买盘
122,09:36:03,51.04,1224507,240,买盘
123,09:36:06,51.03,336871,66,卖盘
124,09:36:09,51.07,15824301,3096,买盘
125,09:36:12,51.14,1425826,279,中性盘
126,09:36:15,51.15,1160132,227,买盘
127,09:36:18,51.12,925196,181,中性盘
128,09:36:21,51.15,4116757,805,买盘
129,09:36:24,51.15,2071298,405,买盘
130,09:36:27,51.14,1559554,305,中性盘
131,09:36:30,51.12,2837146,555,卖盘
132,09:36:33,51.02,3580193,701,卖盘
133,09:36:36,51.0,1684111,330,卖盘
134,09:36:39,51.0,820885,161,买盘
135,09:36:42,50.99,1902278,373,卖盘
136,09:36:45,50.92,2976891,584,卖盘
137,09:36:48,50.9,585666,115,卖盘
138,09:36:51,50.9,1751117,344,卖盘
139,09:36:54,50.87,503830,99,卖盘
140,09:36:57,50.87,340949,67,买盘
141,09:37:00,50.86,1383400,272,卖盘
142,09:37:03,50.9,742686,146,买盘
143,09:37:06,50.91,758450,149,买盘
144,09:37:09,50.91,1004133,197,卖盘
145,09:37:12,50.96,702849,138,买盘
146,09:37:15,50.93,1461406,287,卖盘
147,09:37:18,50.93,2571715,505,卖盘
148,09:37:21,50.93,656976,129,买盘
149,09:37:24,50.9,3012239,592,卖盘
150,09:37:27,50.91,809531,159,买盘
151,09:37:30,50.93,376817,74,买盘
152,09:37:33,50.91,443013,87,卖盘
153,09:37:36,50.93,723161,142,买盘
154,09:37:39,50.96,1528433,300,买盘
155,09:37:42,50.91,703023,138,卖盘
156,09:37:45,50.97,1758843,345,买盘
157,09:37:48,50.98,846366,166,卖盘
158,09:37:51,51.01,601693,118,买盘
159,09:37:54,50.93,1427206,280,卖盘
160,09:37:57,50.9,1491890,293,卖盘
161,09:38:00,50.93,1680184,330,中性盘
162,09:38:03,50.91,2129042,418,卖盘
163,09:38:06,50.94,1431636,281,买盘
164,09:38:09,50.93,1288772,253,卖盘
165,09:38:12,50.82,5389590,1060,卖盘
166,09:38:15,50.77,2304689,454,中性盘
167,09:38:18,50.78,1665100,328,买盘
168,09:38:21,50.76,1955303,385,卖盘
169,09:38:24,50.73,1731147,341,卖盘
170,09:38:27,50.76,1182607,233,中性盘
171,09:38:30,50.88,1514099,298,买盘
172,09:38:33,50.82,3001192,590,卖盘
173,09:38:36,50.9,1078535,212,买盘
174,09:38:39,50.85,1598569,314,卖盘
175,09:38:42,50.88,711898,140,买盘
176,09:38:45,50.85,447673,88,卖盘
177,09:38:48,50.8,1637409,322,卖盘
178,09:38:51,50.87,1571546,309,买盘
179,09:38:54,50.88,1684297,331,买盘
180,09:38:57,50.87,1352875,266,买盘
181,09:39:00,50.92,2116080,416,买盘
182,09:39:03,50.85,2853805,561,卖盘
183,09:39:06,50.92,1807958,355,中性盘
184,09:39:09,50.92,1920899,377,卖盘
185,09:39:12,51.0,3747912,735,买盘
186,09:39:15,51.06,2234844,438,买盘
187,09:39:18,51.03,882558,173,中性盘
188,09:39:21,50.98,1580787,310,卖盘
189,09:39:24,50.99,591314,116,买盘
190,09:39:27,50.99,219259,43,买盘
191,09:39:30,51.0,887064,174,买盘
192,09:39:33,50.99,943226,185,中性盘
193,09:39:36,50.95,1100475,216,中性盘
194,09:39:39,50.95,1034233,203,买盘
195,09:39:42,50.95,1599227,314,买盘
196,09:39:45,50.97,794737,156,买盘
197,09:39:48,50.97,208945,41,买盘
198,09:39:51,50.93,1344929,264,卖盘
199,09:39:54,50.93,1991281,391,中性盘
200,09:39:57,50.85,951303,187,卖盘
201,09:40:00,50.81,594740,117,卖盘
202,09:40:03,50.8,1447867,285,卖盘
203,09:40:06,50.81,1325831,261,中性盘
204,09:40:09,50.83,696380,137,买盘
205,09:40:12,50.84,492957,97,中性盘
206,09:40:15,50.83,2717953,535,中性盘
207,09:40:18,50.83,797963,157,买盘
208,09:40:21,50.79,746797,147,卖盘
209,09:40:24,50.68,5548818,1094,卖盘
210,09:40:27,50.78,5016100,989,买盘
211,09:40:30,50.79,969686,191,买盘
212,09:40:33,50.77,4508317,888,卖盘
213,09:40:36,50.78,294565,58,买盘
214,09:40:39,50.72,406139,80,卖盘
215,09:40:42,50.76,416135,82,买盘
216,09:40:45,50.72,558119,110,卖盘
217,09:40:48,50.71,446317,88,卖盘
218,09:40:51,50.81,2411751,475,买盘
219,09:40:54,50.76,761731,150,卖盘
220,09:40:57,50.77,299685,59,中性盘
221,09:41:00,50.84,355746,70,买盘
222,09:41:03,50.85,2316546,456,买盘
223,09:41:06,50.84,244009,48,中性盘
224,09:41:09,50.85,142348,28,买盘
225,09:41:12,50.85,1153675,227,买盘
226,09:41:15,50.84,122004,24,卖盘
227,09:41:18,50.84,492939,97,买盘
228,09:41:21,50.85,1306706,257,买盘
229,09:41:24,50.87,289841,57,买盘
230,09:41:27,50.87,666301,131,买盘
231,09:41:30,50.87,732444,144,买盘
232,09:41:33,50.85,1220550,240,卖盘
233,09:41:36,50.85,361027,71,买盘
234,09:41:39,50.85,508432,100,买盘
235,09:41:42,50.85,874686,172,买盘
236,09:41:45,50.8,1392490,274,卖盘
237,09:41:48,50.81,873708,172,买盘
238,09:41:51,50.8,604528,119,卖盘
239,09:41:54,50.78,1336290,263,卖盘
240,09:41:57,50.78,462263,91,卖盘
241,09:42:00,50.77,812637,160,卖盘
242,09:42:03,50.83,1229382,242,买盘
243,09:42:06,50.86,1576112,310,买盘
244,09:42:09,50.83,742098,146,卖盘
245,09:42:12,50.81,411733,81,卖盘
246,09:42:15,50.8,233616,46,买盘
247,09:42:18,50.82,436931,86,买盘
248,09:42:21,50.81,320177,63,卖盘
249,09:42:24,50.81,599562,118,卖盘
250,09:42:27,50.81,228641,45,买盘
251,09:42:30,50.75,1975480,389,卖盘
252,09:42:33,50.71,4297157,847,卖盘
253,09:42:36,50.69,2018073,398,卖盘
254,09:42:39,50.69,613486,121,卖盘
255,09:42:42,50.67,1677092,331,卖盘
256,09:42:45,50.64,1023279,202,卖盘
257,09:42:48,50.57,1882654,372,卖盘
258,09:42:51,50.53,1228938,243,卖盘
259,09:42:54,50.48,4237059,839,卖盘
260,09:42:57,50.49,1762213,349,买盘
261,09:43:00,50.47,929003,184,卖盘
262,09:43:03,50.46,1145940,227,卖盘
263,09:43:06,50.44,1069578,212,卖盘
264,09:43:09,50.44,317678,63,买盘
265,09:43:12,50.4,5685864,1127,卖盘
266,09:43:15,50.4,1562447,310,卖盘
267,09:43:18,50.37,1299520,258,卖盘
268,09:43:21,50.35,226669,45,中性盘
269,09:43:24,50.33,760308,151,卖盘
270,09:43:27,50.35,2477424,492,买盘
271,09:43:30,50.4,4484849,890,买盘
272,09:43:33,50.44,569710,113,中性盘
273,09:43:36,50.46,670907,133,买盘
274,09:43:39,50.48,1437560,285,买盘
275,09:43:42,50.49,237247,47,买盘
276,09:43:45,50.5,494818,98,买盘
277,09:43:48,50.5,575888,114,卖盘
278,09:43:51,50.53,348604,69,中性盘
279,09:43:54,50.5,3170952,628,卖盘
280,09:43:57,50.5,1040120,206,买盘
281,09:44:00,50.5,873676,173,买盘
282,09:44:03,50.45,464469,92,卖盘
283,09:44:06,50.45,862626,171,买盘
284,09:44:09,50.37,3039173,603,卖盘
285,09:44:12,50.46,2817404,559,买盘
286,09:44:15,50.5,560011,111,买盘
287,09:44:18,50.52,1089800,216,买盘
288,09:44:21,50.53,3545482,702,买盘
289,09:44:24,50.52,1434042,284,买盘
290,09:44:27,50.55,2768258,548,买盘
291,09:44:30,50.55,394293,78,卖盘
292,09:44:33,50.56,333672,66,买盘
293,09:44:36,50.58,202304,40,买盘
294,09:44:39,50.58,333780,66,买盘
295,09:44:42,50.59,177051,35,买盘
296,09:44:45,50.59,966110,191,买盘
297,09:44:48,50.54,1314526,260,卖盘
298,09:44:51,50.54,1207696,239,买盘
299,09:44:54,50.56,2958651,585,买盘
300,09:44:57,50.53,863620,171,卖盘
301,09:45:00,50.53,727468,144,买盘
302,09:45:03,50.53,747809,148,卖盘
303,09:45:06,50.52,1666405,330,买盘
304,09:45:09,50.5,782480,155,中性盘
305,09:45:12,50.47,2115837,419,卖盘
306,09:45:15,50.53,1531106,303,买盘
307,09:45:18,50.53,1966661,389,卖盘
308,09:45:21,50.53,1864588,369,卖盘
309,09:45:24,50.57,2367004,468,买盘
310,09:45:27,50.57,379218,75,卖盘
311,09:45:30,50.59,313403,62,买盘
312,09:45:33,50.59,870191,172,买盘
313,09:45:36,50.58,500796,99,卖盘
314,09:45:39,50.53,348834,69,卖盘
315,09:45:42,50.57,293413,58,买盘
316,09:45:45,50.55,303257,60,卖盘
317,09:45:48,50.53,631564,125,卖盘
318,09:45:51,50.58,465000,92,买盘
319,09:45:54,50.55,1318903,261,买盘
320,09:45:57,50.51,323385,64,卖盘
321,09:46:00,50.52,833823,165,中性盘
322,09:46:03,50.55,1253747,248,买盘
323,09:46:06,50.55,1582673,313,卖盘
324,09:46:09,50.59,4570067,904,买盘
325,09:46:12,50.59,850009,168,卖盘
326,09:46:15,50.62,1376932,272,买盘
327,09:46:18,50.62,1250298,247,买盘
328,09:46:21,50.57,1214231,240,卖盘
329,09:46:24,50.5,1036109,205,卖盘
330,09:46:27,50.53,358654,71,买盘
331,09:46:30,50.5,732582,145,卖盘
332,09:46:33,50.5,742548,147,卖盘
333,09:46:36,50.51,101061,20,卖盘
334,09:46:39,50.5,1020122,202,卖盘
335,09:46:42,50.5,1105781,219,买盘
336,09:46:45,50.47,418960,83,卖盘
337,09:46:48,50.46,580268,115,卖盘
338,09:46:51,50.45,797150,158,中性盘
339,09:46:54,50.44,565041,112,中性盘
340,09:46:57,50.44,1427404,283,卖盘
341,09:47:00,50.43,771610,153,卖盘
342,09:47:03,50.47,1448349,287,买盘
343,09:47:06,50.45,726750,144,卖盘
344,09:47:09,50.47,1297380,257,中性盘
345,09:47:12,50.56,368891,73,买盘
346,09:47:15,50.56,555666,110,中性盘
347,09:47:18,50.53,510445,101,中性盘
348,09:47:21,50.5,1501216,297,卖盘
349,09:47:24,50.49,399045,79,卖盘
350,09:47:27,50.5,409144,81,卖盘
351,09:47:30,50.47,1207136,239,卖盘
352,09:47:33,50.44,1130351,224,卖盘
353,09:47:36,50.45,474133,94,买盘
354,09:47:39,50.44,216925,43,中性盘
355,09:47:42,50.43,1154556,229,卖盘
356,09:47:45,50.43,7201708,1429,买盘
357,09:47:48,50.43,1139559,226,买盘
358,09:47:51,50.44,1856454,368,买盘
359,09:47:54,50.48,741724,147,中性盘
360,09:47:57,50.44,979031,194,卖盘
361,09:48:00,50.47,5351022,1061,买盘
362,09:48:03,50.45,519712,103,卖盘
363,09:48:06,50.46,666035,132,买盘
364,09:48:09,50.47,459376,91,买盘
365,09:48:12,50.47,565158,112,买盘
366,09:48:15,50.49,348379,69,买盘
367,09:48:18,50.48,272656,54,卖盘
368,09:48:21,50.49,838392,166,买盘
369,09:48:24,50.49,232295,46,卖盘
370,09:48:27,50.49,212078,42,卖盘
371,09:48:30,50.5,398997,79,中性盘
372,09:48:33,50.52,80819,16,买盘
373,09:48:36,50.51,267723,53,卖盘
374,09:48:39,50.51,454659,90,卖盘
375,09:48:42,50.52,540559,107,买盘
376,09:48:45,50.53,601096,119,买盘
377,09:48:48,50.51,449631,89,卖盘
378,09:48:51,50.52,444530,88,中性盘
379,09:48:54,50.52,863788,171,买盘
380,09:48:57,50.52,338412,67,买盘
381,09:49:00,50.5,520257,103,卖盘
382,09:49:03,50.5,621164,123,卖盘
383,09:49:06,50.5,2660086,527,买盘
384,09:49:09,50.49,1004264,199,买盘
385,09:49:12,50.49,509881,101,买盘
386,09:49:15,50.51,1378796,273,买盘
387,09:49:18,50.54,3096652,613,买盘
388,09:49:21,50.55,924821,183,买盘
389,09:49:24,50.54,308312,61,中性盘
390,09:49:27,50.54,217363,43,买盘
391,09:49:30,50.54,202154,40,买盘
392,09:49:33,50.54,485172,96,买盘
393,09:49:36,50.53,469925,93,卖盘
394,09:49:39,50.53,191991,38,买盘
395,09:49:42,50.52,90948,18,卖盘
396,09:49:45,50.49,1575818,312,卖盘
397,09:49:48,50.47,999265,198,卖盘
398,09:49:51,50.47,302781,60,买盘
399,09:49:54,50.47,30279,6,买盘
400,09:49:57,50.43,685847,136,卖盘
401,09:50:00,50.43,231938,46,买盘
402,09:50:03,50.43,756652,150,买盘
403,09:50:06,50.43,201690,40,买盘
404,09:50:09,50.43,615434,122,卖盘
405,09:50:12,50.43,494340,98,卖盘
406,09:50:15,50.5,1074488,213,买盘
407,09:50:18,50.45,535252,106,中性盘
408,09:50:21,50.45,641210,127,卖盘
409,09:50:24,50.45,338165,67,卖盘
410,09:50:27,50.45,328205,65,卖盘
411,09:50:30,50.46,656252,130,卖盘
412,09:50:33,50.5,646099,128,买盘
413,09:50:36,50.49,363466,72,中性盘
414,09:50:39,50.49,141372,28,买盘
415,09:50:42,50.49,176674,35,买盘
416,09:50:45,50.48,272598,54,卖盘
417,09:50:48,50.48,161526,32,买盘
418,09:50:51,50.47,80759,16,卖盘
419,09:50:54,50.45,3138181,622,卖盘
420,09:50:57,50.46,171511,34,买盘
421,09:51:00,50.44,1412046,280,卖盘
422,09:51:03,50.42,1940527,385,中性盘
423,09:51:06,50.4,857050,170,卖盘
424,09:51:09,50.4,257086,51,中性盘
425,09:51:12,50.44,514276,102,买盘
426,09:51:15,50.41,458737,91,卖盘
427,09:51:18,50.41,20173,4,卖盘
428,09:51:21,50.42,352851,70,中性盘
429,09:51:24,50.4,50413,10,卖盘
430,09:51:27,50.4,131063,26,卖盘
431,09:51:30,50.4,322589,64,卖盘
432,09:51:33,50.36,4029345,800,卖盘
433,09:51:36,50.38,4241838,842,买盘
434,09:51:39,50.38,146119,29,卖盘
435,09:51:42,50.4,1643076,326,买盘
436,09:51:45,50.4,549390,109,卖盘
437,09:51:48,50.4,171350,34,买盘
438,09:51:51,50.4,403204,80,买盘
439,09:51:54,50.4,504095,100,卖盘
440,09:51:57,50.4,297360,59,卖盘
441,09:52:00,50.41,257078,51,买盘
442,09:52:03,50.41,2097156,416,买盘
443,09:52:06,50.41,236898,47,卖盘
444,09:52:09,50.42,45376,9,买盘
445,09:52:12,50.41,322749,64,卖盘
446,09:52:15,50.42,327728,65,卖盘
447,09:52:18,50.44,741346,147,买盘
448,09:52:21,50.41,342791,68,卖盘
449,09:52:24,50.43,695573,138,买盘
450,09:52:27,50.44,1064079,211,买盘
451,09:52:30,50.44,438876,87,卖盘
452,09:52:33,50.45,574923,114,买盘
453,09:52:36,50.43,554898,110,卖盘
454,09:52:39,50.45,721298,143,买盘
455,09:52:42,50.47,2496726,495,买盘
456,09:52:45,50.44,317910,63,卖盘
457,09:52:48,50.46,867586,172,中性盘
458,09:52:51,50.44,247205,49,中性盘
459,09:52:54,50.45,1044367,207,买盘
460,09:52:57,50.45,186664,37,卖盘
461,09:53:00,50.43,872398,173,卖盘
462,09:53:03,50.4,3483151,691,卖盘
463,09:53:06,50.37,821208,163,卖盘
464,09:53:09,50.37,90692,18,卖盘
465,09:53:12,50.37,579288,115,卖盘
466,09:53:15,50.34,4561712,906,卖盘
467,09:53:18,50.35,156073,31,买盘
468,09:53:21,50.34,25171,5,中性盘
469,09:53:24,50.33,699684,139,卖盘
470,09:53:27,50.33,206408,41,卖盘
471,09:53:30,50.28,4471948,889,卖盘
472,09:53:33,50.25,387096,77,卖盘
473,09:53:36,50.25,241195,48,中性盘
474,09:53:39,50.22,376773,75,卖盘
475,09:53:42,50.21,1009222,201,卖盘
476,09:53:45,50.2,662746,132,卖盘
477,09:53:48,50.2,2665637,531,卖盘
478,09:53:51,50.18,366377,73,卖盘
479,09:53:54,50.17,1033602,206,卖盘
480,09:53:57,50.14,351081,70,卖盘
481,09:54:00,50.14,606667,121,卖盘
482,09:54:03,50.11,1037394,207,卖盘
483,09:54:06,50.1,811995,162,卖盘
484,09:54:09,50.1,425805,85,买盘
485,09:54:12,50.08,1422027,284,卖盘
486,09:54:15,50.05,345533,69,卖盘
487,09:54:18,50.11,2730106,545,买盘
488,09:54:21,50.11,721596,144,卖盘
489,09:54:24,50.12,461111,92,中性盘
490,09:54:27,50.14,907102,181,买盘
491,09:54:30,50.15,646871,129,买盘
492,09:54:33,50.14,656901,131,卖盘
493,09:54:36,50.14,676869,135,卖盘
494,09:54:39,50.14,832581,166,买盘
495,09:54:42,50.18,416353,83,买盘
496,09:54:45,50.15,100284,20,买盘
497,09:54:48,50.15,606710,121,卖盘
498,09:54:51,50.16,436321,87,买盘
499,09:54:54,50.14,767326,153,卖盘
500,09:54:57,50.15,591855,118,卖盘
501,09:55:00,50.14,310889,62,卖盘
502,09:55:03,50.15,421196,84,买盘
503,09:55:06,50.14,511361,102,买盘
504,09:55:09,50.14,3102385,619,买盘
505,09:55:12,50.14,451188,90,买盘
506,09:55:15,50.1,426141,85,卖盘
507,09:55:18,50.13,330691,66,中性盘
508,09:55:21,50.13,140347,28,买盘
509,09:55:24,50.1,676452,135,卖盘
510,09:55:27,50.1,972039,194,卖盘
511,09:55:30,50.1,1217453,243,买盘
512,09:55:33,50.1,485884,97,中性盘
513,09:55:36,50.1,315644,63,卖盘
514,09:55:39,50.1,225455,45,卖盘
515,09:55:42,50.12,1938926,387,买盘
516,09:55:45,50.11,2009306,401,卖盘
517,09:55:48,50.11,230519,46,卖盘
518,09:55:51,50.1,245515,49,卖盘
519,09:55:54,50.1,300635,60,卖盘
520,09:55:57,50.1,1643285,328,卖盘
521,09:56:00,50.13,1788948,357,买盘
522,09:56:03,50.11,877091,175,卖盘
523,09:56:06,50.12,175416,35,中性盘
524,09:56:09,50.12,451091,90,卖盘
525,09:56:12,50.2,4605570,918,买盘
526,09:56:15,50.2,261001,52,中性盘
527,09:56:18,50.2,35138,7,买盘
528,09:56:21,50.2,135555,27,卖盘
529,09:56:24,50.21,175718,35,买盘
530,09:56:27,50.2,210848,42,卖盘
531,09:56:30,50.22,135578,27,买盘
532,09:56:33,50.21,205900,41,卖盘
533,09:56:36,50.18,918722,183,卖盘
534,09:56:39,50.19,185689,37,买盘
535,09:56:42,50.17,396296,79,中性盘
536,09:56:45,50.17,180651,36,买盘
537,09:56:48,50.18,55192,11,买盘
538,09:56:51,50.18,677296,135,买盘
539,09:56:54,50.18,291041,58,买盘
540,09:56:57,50.18,356273,71,卖盘
541,09:57:00,50.19,115431,23,买盘
542,09:57:03,50.2,592327,118,买盘
543,09:57:06,50.19,205770,41,卖盘
544,09:57:09,50.21,65264,13,买盘
545,09:57:12,50.2,291190,58,卖盘
546,09:57:15,50.19,351457,70,卖盘
547,09:57:18,50.19,346363,69,卖盘
548,09:57:21,50.19,200777,40,买盘
549,09:57:24,50.2,140555,28,买盘
550,09:57:27,50.2,100401,20,卖盘
551,09:57:30,50.21,276107,55,买盘
552,09:57:33,50.22,351480,70,买盘
553,09:57:36,50.2,481961,96,卖盘
554,09:57:39,50.21,356426,71,买盘
555,09:57:42,50.22,512154,102,买盘
556,09:57:45,50.21,291304,58,卖盘
557,09:57:48,50.23,2344864,467,买盘
558,09:57:51,50.23,853558,170,买盘
559,09:57:54,50.23,447014,89,买盘
560,09:57:57,50.23,125560,25,买盘
561,09:58:00,50.25,527588,105,买盘
562,09:58:03,50.29,226170,45,买盘
563,09:58:06,50.29,20116,4,买盘
564,09:58:09,50.3,135745,27,买盘
565,09:58:12,50.31,100578,20,买盘
566,09:58:15,50.31,90553,18,买盘
567,09:58:18,50.31,1277602,254,卖盘
568,09:58:21,50.29,377067,75,中性盘
569,09:58:24,50.3,150883,30,买盘
570,09:58:27,50.31,201139,40,买盘
571,09:58:30,50.28,950166,189,中性盘
572,09:58:33,50.26,593227,118,卖盘
573,09:58:36,50.28,417144,83,买盘
574,09:58:39,50.23,738990,147,卖盘
575,09:58:42,50.25,799032,159,中性盘
576,09:58:45,50.27,588072,117,买盘
577,09:58:48,50.27,341803,68,买盘
578,09:58:51,50.27,165873,33,卖盘
579,09:58:54,50.27,196067,39,买盘
580,09:58:57,50.28,95517,19,买盘
581,09:59:00,50.3,1408132,280,买盘
582,09:59:03,50.34,437795,87,买盘
583,09:59:06,50.34,171155,34,买盘
584,09:59:09,50.34,216517,43,中性盘
585,09:59:12,50.33,412812,82,卖盘
586,09:59:15,50.31,1424575,283,卖盘
587,09:59:18,50.31,352090,70,买盘
588,09:59:21,50.32,95586,19,买盘
589,09:59:24,50.33,749874,149,买盘
590,09:59:27,50.33,150954,30,买盘
591,09:59:30,50.33,855595,170,买盘
592,09:59:33,50.33,276796,55,买盘
593,09:59:36,50.33,130861,26,卖盘
594,09:59:39,50.33,332115,66,买盘
595,09:59:42,50.35,583831,116,买盘
596,09:59:45,50.35,10068,2,买盘
597,09:59:48,50.35,261730,52,买盘
598,09:59:51,50.35,342257,68,买盘
599,09:59:54,50.35,176225,35,买盘
600,09:59:57,50.34,120823,24,买盘
601,10:00:00,50.37,221587,44,买盘
602,10:00:03,50.37,176279,35,买盘
603,10:00:06,50.38,115875,23,买盘
604,10:00:09,50.45,1330914,264,买盘
605,10:00:12,50.44,201795,40,卖盘
606,10:00:15,50.45,161455,32,买盘
607,10:00:21,50.44,378338,75,卖盘
608,10:00:24,50.44,116012,23,买盘
609,10:00:27,50.47,1962755,389,买盘
610,10:00:30,50.47,569920,113,中性盘
611,10:00:33,50.46,297614,59,中性盘
612,10:00:36,50.46,126152,25,买盘
613,10:00:39,50.44,232036,46,卖盘
614,10:00:42,50.39,907254,180,卖盘
615,10:00:45,50.39,357712,71,买盘
616,10:00:48,50.37,166242,33,卖盘
617,10:00:51,50.39,221721,44,中性盘
618,10:00:54,50.38,312401,62,卖盘
619,10:00:57,50.41,302334,60,买盘
620,10:01:00,50.4,65508,13,买盘
621,10:01:03,50.41,105830,21,买盘
622,10:01:06,50.39,393088,78,卖盘
623,10:01:09,50.36,327470,65,卖盘
624,10:01:12,50.39,75574,15,买盘
625,10:01:15,50.38,151143,30,卖盘
626,10:01:18,50.36,579448,115,卖盘
627,10:01:21,50.39,337464,67,买盘
628,10:01:24,50.35,382689,76,卖盘
629,10:01:27,50.35,740076,147,买盘
630,10:01:30,50.35,286984,57,买盘
631,10:01:33,50.35,216490,43,买盘
632,10:01:36,50.33,508411,101,卖盘
633,10:01:39,50.33,125858,25,卖盘
634,10:01:42,50.34,301987,60,买盘
635,10:01:45,50.33,427828,85,卖盘
636,10:01:48,50.33,387576,77,卖盘
637,10:01:51,50.34,286884,57,买盘
638,10:01:54,50.33,216441,43,卖盘
639,10:01:57,50.33,176156,35,卖盘
640,10:02:00,50.32,372439,74,卖盘
641,10:02:03,50.33,186202,37,买盘
642,10:02:06,50.31,382337,76,卖盘
643,10:02:09,50.31,45287,9,中性盘
644,10:02:12,50.32,1484716,295,买盘
645,10:02:15,50.33,65441,13,卖盘
646,10:02:18,50.33,130877,26,卖盘
647,10:02:21,50.33,145974,29,卖盘
648,10:02:24,50.36,201392,40,买盘
649,10:02:27,50.34,191343,38,卖盘
650,10:02:30,50.35,20143,4,卖盘
651,10:02:33,50.36,261850,52,买盘
652,10:02:36,50.35,80557,16,买盘
653,10:02:39,50.33,1223606,243,卖盘
654,10:02:42,50.34,125834,25,中性盘
655,10:02:45,50.32,110745,22,卖盘
656,10:02:48,50.35,1031945,205,买盘
657,10:02:51,50.34,65445,13,卖盘
658,10:02:54,50.34,458093,91,卖盘
659,10:02:57,50.34,206413,41,中性盘
660,10:03:00,50.36,1147979,228,买盘
661,10:03:03,50.41,831537,165,买盘
662,10:03:06,50.41,1396429,277,买盘
663,10:03:09,50.45,151310,30,买盘
664,10:03:12,50.46,141213,28,买盘
665,10:03:15,50.47,121100,24,买盘
666,10:03:18,50.47,257338,51,买盘
667,10:03:21,50.47,65608,13,买盘
668,10:03:24,50.46,333051,66,卖盘
669,10:03:27,50.47,423926,84,买盘
670,10:03:30,50.47,65609,13,买盘
671,10:03:33,50.48,45426,9,买盘
672,10:03:36,50.47,131224,26,卖盘
673,10:03:39,50.46,943731,187,卖盘
674,10:03:42,50.43,554963,110,卖盘
675,10:03:45,50.45,302658,60,买盘
676,10:03:48,50.42,100885,20,卖盘
677,10:03:51,50.43,373114,74,中性盘
678,10:03:54,50.43,448694,89,买盘
679,10:03:57,50.43,146197,29,买盘
680,10:04:00,50.4,95788,19,中性盘
681,10:04:03,50.38,695610,138,卖盘
682,10:04:06,50.36,256922,51,卖盘
683,10:04:09,50.34,427991,85,卖盘
684,10:04:12,50.27,3234248,643,卖盘
685,10:04:15,50.25,643245,128,卖盘
686,10:04:18,50.24,15070,3,买盘
687,10:04:21,50.25,236178,47,买盘
688,10:04:24,50.24,80382,16,买盘
689,10:04:27,50.22,120557,24,卖盘
690,10:04:30,50.24,90420,18,买盘
691,10:04:33,50.21,316397,63,卖盘
692,10:04:36,50.2,657760,131,卖盘
693,10:04:39,50.18,2108377,420,卖盘
694,10:04:42,50.18,155570,31,卖盘
695,10:04:45,50.18,205740,41,卖盘
696,10:04:48,50.18,296070,59,卖盘
697,10:04:51,50.19,185677,37,买盘
698,10:04:54,50.18,160598,32,卖盘
699,10:04:57,50.18,567046,113,卖盘
700,10:05:00,50.18,55200,11,卖盘
701,10:05:03,50.15,466534,93,卖盘
702,10:05:06,50.15,496503,99,卖盘
703,10:05:09,50.15,631711,126,卖盘
704,10:05:12,50.12,200531,40,卖盘
705,10:05:15,50.12,536465,107,卖盘
706,10:05:18,50.12,621390,124,买盘
707,10:05:21,50.09,3536960,706,卖盘
708,10:05:24,50.1,1777697,355,买盘
709,10:05:27,50.08,295509,59,中性盘
710,10:05:30,50.07,160231,32,买盘
711,10:05:33,50.07,115180,23,卖盘
712,10:05:36,50.08,660936,132,买盘
713,10:05:39,50.05,3773575,754,卖盘
714,10:05:42,50.01,190086,38,卖盘
715,10:05:45,50.02,390084,78,中性盘
716,10:05:48,50.0,7055251,1411,卖盘
717,10:05:51,50.0,2809405,562,卖盘
718,10:05:54,49.99,489858,98,中性盘
719,10:05:57,49.97,214948,43,卖盘
720,10:06:00,49.95,139906,28,卖盘
721,10:06:03,49.95,119898,24,卖盘
722,10:06:06,49.95,814056,163,卖盘
723,10:06:09,49.94,809173,162,中性盘
724,10:06:12,49.95,799093,160,买盘
725,10:06:15,49.95,389571,78,买盘
726,10:06:18,49.97,184847,37,买盘
727,10:06:21,50.01,1654891,331,买盘
728,10:06:24,50.02,420184,84,买盘
729,10:06:27,50.01,305183,61,卖盘
730,10:06:30,50.02,675283,135,卖盘
731,10:06:33,50.07,1456463,291,买盘
732,10:06:36,50.02,415280,83,卖盘
733,10:06:39,50.03,735216,147,买盘
734,10:06:42,50.03,395182,79,买盘
735,10:06:45,50.0,575235,115,卖盘
736,10:06:48,50.02,270063,54,买盘
737,10:06:51,50.0,375024,75,卖盘
738,10:06:54,50.0,420035,84,卖盘
739,10:06:57,50.01,525051,105,买盘
740,10:07:00,50.0,215029,43,卖盘
741,10:07:03,50.01,260044,52,买盘
742,10:07:06,50.0,195019,39,卖盘
743,10:07:09,49.99,784985,157,卖盘
744,10:07:12,50.0,350000,70,买盘
745,10:07:15,49.97,1883593,377,卖盘
746,10:07:18,49.95,779298,156,中性盘
747,10:07:21,49.94,384650,77,卖盘
748,10:07:24,49.94,274617,55,买盘
749,10:07:27,49.96,229694,46,买盘
750,10:07:30,49.93,244662,49,中性盘
751,10:07:33,49.92,194706,39,卖盘
752,10:07:36,49.92,564127,113,卖盘
753,10:07:39,49.91,589054,118,卖盘
754,10:07:42,49.91,1013218,203,卖盘
755,10:07:45,49.91,384320,77,买盘
756,10:07:48,49.91,1656763,332,卖盘
757,10:07:51,49.91,379312,76,买盘
758,10:07:54,49.92,344386,69,买盘
759,10:07:57,49.92,344417,69,买盘
760,10:08:00,49.91,329424,66,卖盘
761,10:08:03,49.91,1093057,219,卖盘
762,10:08:06,49.91,209604,42,买盘
763,10:08:09,49.91,3764147,754,买盘
764,10:08:12,49.92,314522,63,中性盘
765,10:08:15,49.97,139809,28,买盘
766,10:08:18,49.97,109940,22,卖盘
767,10:08:21,49.97,94951,19,中性盘
768,10:08:24,49.98,104973,21,卖盘
769,10:08:27,49.99,434881,87,买盘
770,10:08:30,49.99,240938,48,买盘
771,10:08:33,50.0,299944,60,买盘
772,10:08:36,50.0,389897,78,买盘
773,10:08:39,49.99,204957,41,卖盘
774,10:08:42,49.98,164951,33,卖盘
775,10:08:45,49.98,99960,20,卖盘
776,10:08:48,49.98,149940,30,买盘
777,10:08:51,49.98,99977,20,卖盘
778,10:08:54,49.98,69978,14,卖盘
779,10:08:57,49.98,234908,47,卖盘
780,10:09:00,49.98,279915,56,卖盘
781,10:09:03,50.0,129967,26,买盘
782,10:09:06,49.98,554842,111,卖盘
783,10:09:09,49.97,509657,102,卖盘
784,10:09:12,49.98,124934,25,买盘
785,10:09:15,49.97,169884,34,卖盘
786,10:09:18,49.97,209827,42,买盘
787,10:09:21,49.96,84926,17,中性盘
788,10:09:24,49.95,264765,53,卖盘
789,10:09:27,49.95,119894,24,买盘
790,10:09:30,49.9,8525610,1708,卖盘
791,10:09:33,49.89,204648,41,卖盘
792,10:09:36,49.9,49905,10,中性盘
793,10:09:39,49.89,299369,60,卖盘
794,10:09:42,49.89,319342,64,卖盘
795,10:09:45,49.89,678518,136,卖盘
796,10:09:48,49.88,1167232,234,卖盘
797,10:09:51,49.88,5027072,1009,买盘
798,10:09:54,49.8,2445478,491,卖盘
799,10:09:57,49.8,527868,106,买盘
800,10:10:00,49.8,2649370,532,买盘
801,10:10:03,49.79,1389467,279,卖盘
802,10:10:06,49.8,562676,113,买盘
803,10:10:09,49.79,811447,163,卖盘
804,10:10:12,49.78,731821,147,卖盘
805,10:10:15,49.79,896025,180,买盘
806,10:10:18,49.81,5782595,1161,买盘
807,10:10:21,49.84,1225329,246,买盘
808,10:10:24,49.84,852377,171,买盘
809,10:10:27,49.86,1340101,269,中性盘
810,10:10:30,49.84,124594,25,卖盘
811,10:10:33,49.83,592819,119,中性盘
812,10:10:36,49.82,174394,35,卖盘
813,10:10:39,49.8,1399442,281,卖盘
814,10:10:42,49.79,468019,94,卖盘
815,10:10:45,49.78,408198,82,卖盘
816,10:10:48,49.78,303638,61,买盘
817,10:10:51,49.79,209110,42,买盘
818,10:10:54,49.78,283726,57,卖盘
819,10:10:57,49.78,393242,79,买盘
820,10:11:00,49.8,2170679,436,买盘
821,10:11:03,49.82,4193154,842,买盘
822,10:11:06,49.85,1429868,287,买盘
823,10:11:09,49.85,74775,15,卖盘
824,10:11:12,49.86,378953,76,买盘
825,10:11:15,49.88,388986,78,买盘
826,10:11:18,49.89,324164,65,买盘
827,10:11:21,49.89,304336,61,买盘
828,10:11:24,49.88,788183,158,卖盘
829,10:11:27,49.89,199596,40,卖盘
830,10:11:30,49.91,244499,49,买盘
831,10:11:33,49.89,139715,28,卖盘
832,10:11:36,49.9,324402,65,买盘
833,10:11:39,49.9,129740,26,买盘
834,10:11:42,49.9,523949,105,买盘
835,10:11:45,49.9,144700,29,买盘
836,10:11:48,49.9,274443,55,买盘
837,10:11:51,49.89,239514,48,卖盘
838,10:11:54,49.89,1940513,389,卖盘
839,10:11:57,49.9,209544,42,买盘
840,10:12:00,49.89,229476,46,卖盘
841,10:12:03,49.89,179613,36,买盘
842,10:12:06,49.88,518810,104,卖盘
843,10:12:09,49.86,463693,93,卖盘
844,10:12:12,49.82,1803761,362,卖盘
845,10:12:15,49.8,363633,73,卖盘
846,10:12:18,49.79,652401,131,卖盘
847,10:12:21,49.8,243984,49,中性盘
848,10:12:24,49.79,124478,25,买盘
849,10:12:27,49.79,124491,25,买盘
850,10:12:30,49.82,273874,55,买盘
851,10:12:33,49.86,169487,34,买盘
852,10:12:36,49.88,563335,113,买盘
853,10:12:39,49.83,558292,112,卖盘
854,10:12:42,49.88,364125,73,买盘
855,10:12:45,49.89,1222202,245,买盘
856,10:12:48,49.96,364211,73,买盘
857,10:12:51,49.9,259510,52,中性盘
858,10:12:54,49.96,4996,1,买盘
859,10:12:57,49.99,299866,60,买盘
860,10:13:00,49.97,49965,10,中性盘
861,10:13:03,49.98,129946,26,买盘
862,10:13:06,49.98,119931,24,买盘
863,10:13:09,49.98,314933,63,买盘
864,10:13:12,49.98,359917,72,卖盘
865,10:13:15,49.96,244840,49,卖盘
866,10:13:18,49.96,304712,61,买盘
867,10:13:21,49.96,69933,14,买盘
868,10:13:24,49.95,54945,11,中性盘
869,10:13:27,49.95,39948,8,买盘
870,10:13:30,49.93,134819,27,中性盘
871,10:13:33,49.95,99869,20,买盘
872,10:13:36,49.93,159762,32,中性盘
873,10:13:39,49.93,94867,19,买盘
874,10:13:42,49.92,79887,16,卖盘
875,10:13:45,49.92,34946,7,卖盘
876,10:13:48,49.91,279491,56,卖盘
877,10:13:51,49.92,214622,43,买盘
878,10:13:54,49.9,404218,81,卖盘
879,10:13:57,49.9,429212,86,卖盘
880,10:14:00,49.91,44917,9,买盘
881,10:14:03,49.91,324365,65,买盘
882,10:14:06,49.95,1737696,348,买盘
883,10:14:09,49.94,39961,8,卖盘
884,10:14:12,49.96,349679,70,买盘
885,10:14:15,49.95,99906,20,卖盘
886,10:14:18,49.95,94901,19,买盘
887,10:14:21,49.95,339656,68,买盘
888,10:14:24,49.97,2662844,533,买盘
889,10:14:27,49.98,834847,167,中性盘
890,10:14:30,50.0,289994,58,买盘
891,10:14:33,50.0,500010,100,买盘
892,10:14:36,50.0,130031,26,卖盘
893,10:14:39,50.01,165014,33,卖盘
894,10:14:42,50.01,60011,12,买盘
895,10:14:45,50.02,295069,59,买盘
896,10:14:48,50.01,40009,8,卖盘
897,10:14:51,50.02,230077,46,买盘
898,10:14:54,50.01,220059,44,卖盘
899,10:14:57,50.02,1701471,340,买盘
900,10:15:00,50.03,80069,16,中性盘
901,10:15:03,50.05,425185,85,买盘
902,10:15:06,49.98,1386016,277,卖盘
903,10:15:09,49.96,648756,130,卖盘
904,10:15:12,49.96,64955,13,中性盘
905,10:15:15,49.94,574378,115,卖盘
906,10:15:18,49.95,219780,44,买盘
907,10:15:21,49.92,414544,83,卖盘
908,10:15:24,49.92,449259,90,中性盘
909,10:15:27,49.88,1447070,290,卖盘
910,10:15:30,49.92,269489,54,买盘
911,10:15:33,49.89,244538,49,中性盘
912,10:15:36,49.92,459262,92,买盘
913,10:15:39,49.91,159687,32,中性盘
914,10:15:42,49.89,434109,87,卖盘
915,10:15:45,49.9,79831,16,买盘
916,10:15:48,49.9,209538,42,买盘
917,10:15:51,49.9,508866,102,买盘
918,10:15:54,49.86,733145,147,卖盘
919,10:15:57,49.85,134637,27,卖盘
920,10:16:00,49.86,219365,44,中性盘
921,10:16:03,49.85,274215,55,买盘
922,10:16:06,49.85,309067,62,买盘
923,10:16:09,49.85,358891,72,卖盘
924,10:16:12,49.85,912736,183,卖盘
925,10:16:15,49.85,648008,130,买盘
926,10:16:18,49.85,418714,84,买盘
927,10:16:21,49.85,179453,36,买盘
928,10:16:24,49.85,264224,53,卖盘
929,10:16:27,49.86,124637,25,买盘
930,10:16:30,49.84,687928,138,卖盘
931,10:16:33,49.86,184424,37,买盘
932,10:16:36,49.85,154559,31,卖盘
933,10:16:39,49.85,134594,27,买盘
934,10:16:42,49.85,553285,111,买盘
935,10:16:45,49.85,239371,48,卖盘
936,10:16:48,49.86,69804,14,中性盘
937,10:16:51,49.86,119664,24,卖盘
938,10:16:54,49.85,543390,109,卖盘
939,10:16:57,49.88,229371,46,买盘
940,10:17:00,49.88,134638,27,买盘
941,10:17:03,49.88,254318,51,买盘
942,10:17:06,49.88,29922,6,买盘
943,10:17:09,49.88,314229,63,买盘
944,10:17:12,49.88,149647,30,卖盘
945,10:17:15,49.89,139673,28,卖盘
946,10:17:18,49.91,234564,47,买盘
947,10:17:21,49.92,109804,22,买盘
948,10:17:24,49.91,54911,11,卖盘
949,10:17:27,49.91,124782,25,卖盘
950,10:17:30,49.93,74897,15,买盘
951,10:17:33,49.94,109868,22,买盘
952,10:17:36,49.94,19976,4,买盘
953,10:17:39,49.95,284697,57,买盘
954,10:17:42,49.95,214782,43,买盘
955,10:17:45,49.95,219758,44,买盘
956,10:17:48,49.95,119880,24,卖盘
957,10:17:51,49.97,304754,61,买盘
958,10:17:54,49.96,599524,120,卖盘
959,10:17:57,50.0,374996,75,买盘
960,10:18:00,49.98,109983,22,卖盘
961,10:18:03,49.99,24994,5,买盘
962,10:18:06,49.99,14997,3,买盘
963,10:18:09,49.95,724594,145,卖盘
964,10:18:12,49.95,329751,66,中性盘
965,10:18:15,49.97,124907,25,买盘
966,10:18:18,49.95,399620,80,卖盘
967,10:18:21,49.95,204804,41,中性盘
968,10:18:24,49.9,1212936,243,卖盘
969,10:18:27,49.9,948028,190,中性盘
970,10:18:30,49.9,269458,54,买盘
971,10:18:33,49.88,159619,32,卖盘
972,10:18:36,49.87,159626,32,卖盘
973,10:18:39,49.89,179596,36,买盘
974,10:18:42,49.88,134647,27,买盘
975,10:18:45,49.87,19950,4,卖盘
976,10:18:48,49.88,209493,42,买盘
977,10:18:51,49.87,49872,10,卖盘
978,10:18:54,49.89,648382,130,买盘
979,10:18:57,49.88,104748,21,卖盘
980,10:19:00,49.88,528671,106,卖盘
981,10:19:03,49.89,159600,32,买盘
982,10:19:09,49.89,54885,11,卖盘
983,10:19:12,49.88,384120,77,卖盘
984,10:19:15,49.88,54868,11,买盘
985,10:19:18,49.9,2314519,464,买盘
986,10:19:21,49.94,449355,90,买盘
987,10:19:24,49.95,704182,141,买盘
988,10:19:27,49.94,274761,55,卖盘
989,10:19:30,49.99,484884,97,买盘
990,10:19:33,49.99,154972,31,卖盘
991,10:19:36,50.0,354994,71,买盘
992,10:19:39,50.0,159989,32,买盘
993,10:19:42,49.98,959705,192,卖盘
994,10:19:45,49.98,99964,20,买盘
995,10:19:48,49.94,294828,59,卖盘
996,10:19:51,49.94,489588,98,买盘
997,10:19:54,49.98,154926,31,买盘
998,10:19:57,49.99,44991,9,买盘
999,10:20:00,49.97,69956,14,中性盘
1000,10:20:03,49.94,534582,107,卖盘
1001,10:20:06,49.98,219910,44,买盘
1002,10:20:09,50.0,749892,150,买盘
1003,10:20:12,50.02,615094,123,买盘
1004,10:20:15,50.0,365051,73,卖盘
1005,10:20:18,50.0,49993,10,买盘
1006,10:20:21,49.99,959736,192,中性盘
1007,10:20:24,49.98,509800,102,卖盘
1008,10:20:27,49.95,704688,141,卖盘
1009,10:20:30,49.95,144859,29,卖盘
1010,10:20:33,49.95,249755,50,中性盘
1011,10:20:36,49.95,159825,32,卖盘
1012,10:20:39,49.94,209731,42,卖盘
1013,10:20:42,49.94,274699,55,买盘
1014,10:20:45,49.92,214697,43,卖盘
1015,10:20:48,49.92,84861,17,买盘
1016,10:20:51,49.92,304619,61,买盘
1017,10:20:54,49.91,579059,116,卖盘
1018,10:20:57,49.9,1596349,320,卖盘
1019,10:21:00,49.93,174686,35,买盘
1020,10:21:03,49.9,1318093,264,卖盘
1021,10:21:06,49.93,184807,37,中性盘
1022,10:21:09,49.92,4992,1,卖盘
1023,10:21:12,49.92,179714,36,卖盘
1024,10:21:15,49.91,194679,39,卖盘
1025,10:21:18,49.92,499198,100,买盘
1026,10:21:21,49.92,1921484,385,买盘
1027,10:21:24,49.9,514172,103,卖盘
1028,10:21:27,49.9,199604,40,买盘
1029,10:21:30,49.9,59881,12,卖盘
1030,10:21:33,49.92,6241842,1252,买盘
1031,10:21:36,49.9,19957,4,买盘
1032,10:21:39,49.9,144734,29,买盘
1033,10:21:42,49.9,84833,17,卖盘
1034,10:21:45,49.92,39932,8,买盘
1035,10:21:48,49.91,279436,56,卖盘
1036,10:21:51,49.9,349179,70,中性盘
1037,10:21:54,49.86,234465,47,卖盘
1038,10:21:57,49.9,434084,87,买盘
1039,10:22:00,49.91,139717,28,买盘
1040,10:22:03,49.9,49911,10,卖盘
1041,10:22:06,49.9,169677,34,买盘
1042,10:22:09,49.89,394246,79,卖盘
1043,10:22:12,49.9,379119,76,买盘
1044,10:22:15,49.86,269270,54,卖盘
1045,10:22:18,49.86,214473,43,卖盘
1046,10:22:21,49.87,823005,165,买盘
1047,10:22:24,49.86,1958953,393,卖盘
1048,10:22:27,49.87,289235,58,买盘
1049,10:22:30,49.87,902319,181,卖盘
1050,10:22:33,49.87,204517,41,卖盘
1051,10:22:36,49.89,174568,35,买盘
1052,10:22:39,49.88,109766,22,卖盘
1053,10:22:42,49.88,14964,3,卖盘
1054,10:22:45,49.88,284372,57,卖盘
1055,10:22:48,49.88,114712,23,买盘
1056,10:22:51,49.87,189508,38,卖盘
1057,10:22:54,49.88,234418,47,买盘
1058,10:22:57,49.88,314204,63,买盘
1059,10:23:00,49.88,344114,69,买盘
1060,10:23:03,49.85,1819625,365,卖盘
1061,10:23:06,49.84,64802,13,中性盘
1062,10:23:09,49.84,54827,11,卖盘
1063,10:23:12,49.84,194388,39,卖盘
1064,10:23:15,49.83,239184,48,卖盘
1065,10:23:18,49.82,104642,21,卖盘
1066,10:23:21,49.82,59786,12,卖盘
1067,10:23:24,49.82,94665,19,卖盘
1068,10:23:27,49.82,488244,98,卖盘
1069,10:23:30,49.81,1100766,221,卖盘
1070,10:23:33,49.81,194278,39,买盘
1071,10:23:36,49.82,74727,15,买盘
1072,10:23:39,49.82,69749,14,买盘
1073,10:23:42,49.82,219198,44,买盘
1074,10:23:45,49.83,184338,37,买盘
1075,10:23:48,49.83,328834,66,买盘
1076,10:23:51,49.82,1106020,222,卖盘
1077,10:23:54,49.8,1409650,283,卖盘
1078,10:23:57,49.79,4601440,924,卖盘
1079,10:24:00,49.79,497927,100,卖盘
1080,10:24:03,49.78,2065926,415,卖盘
1081,10:24:06,49.77,552481,111,卖盘
1082,10:24:09,49.77,194103,39,卖盘
1083,10:24:12,49.72,2651795,533,卖盘
1084,10:24:15,49.73,154147,31,买盘
1085,10:24:18,49.72,64639,13,卖盘
1086,10:24:21,49.72,815322,164,买盘
1087,10:24:24,49.71,387748,78,卖盘
1088,10:24:27,49.71,447414,90,卖盘
1089,10:24:30,49.71,576716,116,买盘
1090,10:24:33,49.72,129264,26,中性盘
1091,10:24:36,49.75,3547456,713,买盘
1092,10:24:39,49.79,1029763,207,买盘
1093,10:24:42,49.75,159206,32,卖盘
1094,10:24:45,49.75,223880,45,卖盘
1095,10:24:48,49.75,467647,94,卖盘
1096,10:24:51,49.78,29853,6,买盘
1097,10:24:54,49.75,412912,83,买盘
1098,10:24:57,49.75,99495,20,买盘
1099,10:25:00,49.74,358183,72,卖盘
1100,10:25:03,49.74,119395,24,卖盘
1101,10:25:06,49.74,875494,176,卖盘
1102,10:25:09,49.74,278583,56,卖盘
1103,10:25:12,49.74,218888,44,买盘
1104,10:25:15,49.75,3983027,801,买盘
1105,10:25:18,49.73,198983,40,卖盘
1106,10:25:21,49.72,711036,143,卖盘
1107,10:25:24,49.73,164111,33,买盘
1108,10:25:27,49.73,193954,39,卖盘
1109,10:25:30,49.72,94494,19,卖盘
1110,10:25:33,49.73,169082,34,买盘
1111,10:25:36,49.73,343072,69,买盘
1112,10:25:39,49.73,2724055,548,买盘
1113,10:25:42,49.72,855005,172,卖盘
1114,10:25:45,49.72,139213,28,买盘
1115,10:25:48,49.7,273368,55,卖盘
1116,10:25:51,49.71,1220260,246,买盘
1117,10:25:54,49.7,258461,52,卖盘
1118,10:25:57,49.7,462210,93,卖盘
1119,10:26:00,49.7,305560,61,卖盘
1120,10:26:03,49.69,164001,33,卖盘
1121,10:26:06,49.69,293210,59,卖盘
1122,10:26:09,49.69,327963,66,卖盘
1123,10:26:12,49.69,263323,53,买盘
1124,10:26:15,49.68,308027,62,卖盘
1125,10:26:18,49.67,1430675,288,卖盘
1126,10:26:21,49.66,898971,181,卖盘
1127,10:26:24,49.67,79472,16,买盘
1128,10:26:27,49.66,730016,147,卖盘
1129,10:26:30,49.66,685313,138,卖盘
1130,10:26:33,49.66,536333,108,卖盘
1131,10:26:36,49.66,163876,33,买盘
1132,10:26:39,49.65,476676,96,卖盘
1133,10:26:42,49.65,307871,62,卖盘
1134,10:26:45,49.66,590906,119,买盘
1135,10:26:48,49.66,287977,58,买盘
1136,10:26:51,49.66,173783,35,买盘
1137,10:26:54,49.65,1102230,222,卖盘
1138,10:26:57,49.65,705049,142,卖盘
1139,10:27:00,49.65,327700,66,买盘
1140,10:27:03,49.65,153912,31,买盘
1141,10:27:06,49.65,173760,35,买盘
1142,10:27:09,49.64,417008,84,卖盘
1143,10:27:12,49.64,397120,80,买盘
1144,10:27:15,49.64,119136,24,买盘
1145,10:27:18,49.63,511237,103,卖盘
1146,10:27:21,49.64,1558499,314,买盘
1147,10:27:24,49.64,352453,71,卖盘
1148,10:27:27,49.64,158852,32,卖盘
1149,10:27:30,49.65,541092,109,买盘
1150,10:27:33,49.64,302805,61,卖盘
1151,10:27:36,49.64,337592,68,卖盘
1152,10:27:39,49.64,243236,49,买盘
1153,10:27:42,49.64,99280,20,卖盘
1154,10:27:45,49.64,233314,47,卖盘
1155,10:27:48,49.64,203526,41,买盘
1156,10:27:51,49.65,134044,27,买盘
1157,10:27:54,49.64,124114,25,卖盘
1158,10:27:57,49.65,282988,57,买盘
1159,10:28:00,49.64,724761,146,卖盘
1160,10:28:03,49.64,278000,56,卖盘
1161,10:28:06,49.65,79433,16,买盘
1162,10:28:09,49.65,34755,7,卖盘
1163,10:28:12,49.64,471657,95,卖盘
1164,10:28:15,49.65,153936,31,中性盘
1165,10:28:18,49.66,153925,31,买盘
1166,10:28:21,49.64,307844,62,卖盘
1167,10:28:24,49.66,34760,7,买盘
1168,10:28:27,49.65,253227,51,卖盘
1169,10:28:30,49.65,148930,30,买盘
1170,10:28:33,49.64,183683,37,卖盘
1171,10:28:36,49.64,436856,88,卖盘
1172,10:28:39,49.64,417038,84,卖盘
1173,10:28:42,49.65,421973,85,卖盘
1174,10:28:45,49.63,1315471,265,卖盘
1175,10:28:48,49.66,158906,32,买盘
1176,10:28:51,49.66,327721,66,买盘
1177,10:28:54,49.65,327668,66,卖盘
1178,10:28:57,49.63,134022,27,卖盘
1179,10:29:00,49.63,178716,36,卖盘
1180,10:29:03,49.63,198586,40,卖盘
1181,10:29:06,49.63,208499,42,卖盘
1182,10:29:09,49.63,238253,48,卖盘
1183,10:29:12,49.65,99268,20,买盘
1184,10:29:15,49.63,759350,153,卖盘
1185,10:29:18,49.64,99295,20,卖盘
1186,10:29:21,49.65,188671,38,买盘
1187,10:29:24,49.64,34757,7,卖盘
1188,10:29:27,49.65,168795,34,买盘
1189,10:29:30,49.66,99309,20,买盘
1190,10:29:33,49.64,769546,155,卖盘
1191,10:29:36,49.66,39725,8,买盘
1192,10:29:39,49.66,287981,58,买盘
1193,10:29:42,49.65,99310,20,卖盘
1194,10:29:45,49.66,486542,98,买盘
1195,10:29:48,49.66,134071,27,买盘
1196,10:29:51,49.66,367472,74,买盘
1197,10:29:54,49.66,2605641,525,买盘
1198,10:29:57,49.65,79453,16,中性盘
1199,10:30:00,49.66,203582,41,买盘
1200,10:30:03,49.69,3029831,610,买盘
1201,10:30:06,49.7,1326754,267,买盘
1202,10:30:09,49.69,1122561,226,卖盘
1203,10:30:12,49.72,64626,13,买盘
1204,10:30:15,49.71,64633,13,卖盘
1205,10:30:18,49.73,616609,124,买盘
1206,10:30:21,49.73,313324,63,卖盘
1207,10:30:24,49.74,169096,34,买盘
1208,10:30:27,49.74,378060,76,买盘
1209,10:30:30,49.74,338224,68,卖盘
1210,10:30:33,49.76,64688,13,买盘
1211,10:30:36,49.76,139321,28,买盘
1212,10:30:39,49.79,766391,154,买盘
1213,10:30:42,49.8,154350,31,买盘
1214,10:30:45,49.8,139435,28,买盘
1215,10:30:48,49.8,288839,58,买盘
1216,10:30:51,49.81,74715,15,买盘
1217,10:30:54,49.8,229141,46,卖盘
1218,10:30:57,49.81,3558468,714,卖盘
1219,10:31:00,49.83,234152,47,买盘
1220,10:31:03,49.83,104641,21,买盘
1221,10:31:06,49.77,3326203,668,卖盘
1222,10:31:09,49.77,174247,35,买盘
1223,10:31:12,49.79,94580,19,买盘
1224,10:31:15,49.77,119464,24,卖盘
1225,10:31:18,49.78,3077547,618,买盘
1226,10:31:21,49.79,74685,15,中性盘
1227,10:31:24,49.8,756691,152,买盘
1228,10:31:27,49.8,742022,149,卖盘
1229,10:31:30,49.83,901915,181,买盘
1230,10:31:33,49.85,304040,61,买盘
1231,10:31:36,49.84,473485,95,卖盘
1232,10:31:39,49.85,149606,30,中性盘
1233,10:31:42,49.87,284140,57,买盘
1234,10:31:45,49.89,403963,81,买盘
1235,10:31:48,49.9,224513,45,买盘
1236,10:31:51,49.92,9984,2,买盘
1237,10:31:54,49.93,14979,3,买盘
1238,10:31:57,49.93,114835,23,买盘
1239,10:32:00,49.94,74915,15,买盘
1240,10:32:03,49.95,149829,30,买盘
1241,10:32:06,49.94,124860,25,卖盘
1242,10:32:09,49.95,74927,15,卖盘
1243,10:32:12,49.95,174807,35,中性盘
1244,10:32:15,49.95,419649,84,买盘
1245,10:32:18,49.93,159807,32,卖盘
1246,10:32:21,49.94,139847,28,卖盘
1247,10:32:24,49.93,219672,44,卖盘
1248,10:32:27,49.93,39942,8,买盘
1249,10:32:30,49.92,64905,13,卖盘
1250,10:32:33,49.92,164766,33,中性盘
1251,10:32:36,49.93,124820,25,买盘
1252,10:32:39,49.93,19972,4,买盘
1253,10:32:42,49.92,84867,17,卖盘
1254,10:32:45,49.92,199676,40,买盘
1255,10:32:48,49.91,179717,36,卖盘
1256,10:32:51,49.91,69878,14,卖盘
1257,10:32:54,49.91,59890,12,买盘
1258,10:32:57,49.92,174691,35,买盘
1259,10:33:00,49.91,34937,7,卖盘
1260,10:33:03,49.91,44919,9,买盘
1261,10:33:06,49.91,104809,21,买盘
1262,10:33:09,49.92,793731,159,买盘
1263,10:33:12,49.92,359432,72,卖盘
1264,10:33:15,49.92,44930,9,卖盘
1265,10:33:18,49.94,159789,32,买盘
1266,10:33:21,49.94,434476,87,买盘
1267,10:33:24,49.95,719236,144,买盘
1268,10:33:27,49.94,984012,197,卖盘
1269,10:33:30,49.94,39958,8,卖盘
1270,10:33:33,49.94,364572,73,卖盘
1271,10:33:36,49.94,44948,9,卖盘
1272,10:33:39,49.95,249747,50,买盘
1273,10:33:42,49.95,209790,42,卖盘
1274,10:33:45,49.96,284765,57,买盘
1275,10:33:48,49.94,49948,10,卖盘
1276,10:33:51,49.95,329630,66,买盘
1277,10:33:54,49.96,349667,70,买盘
1278,10:33:57,49.96,784676,157,卖盘
1279,10:34:00,50.02,1795098,359,买盘
1280,10:34:03,50.02,235122,47,卖盘
1281,10:34:06,50.06,110074,22,买盘
1282,10:34:09,50.0,15000,3,卖盘
1283,10:34:12,50.02,420140,84,买盘
1284,10:34:15,50.01,70012,14,卖盘
1285,10:34:18,50.01,370056,74,买盘
1286,10:34:21,50.01,140036,28,卖盘
1287,10:34:24,50.02,130032,26,买盘
1288,10:34:27,50.02,10004,2,买盘
1289,10:34:30,50.01,105028,21,卖盘
1290,10:34:33,50.0,135034,27,卖盘
1291,10:34:36,50.02,120036,24,买盘
1292,10:34:39,50.01,120015,24,买盘
1293,10:34:42,50.02,35010,7,买盘
1294,10:34:45,50.0,300071,60,卖盘
1295,10:34:48,50.0,170009,34,卖盘
1296,10:34:51,50.01,70009,14,买盘
1297,10:34:54,50.01,35004,7,买盘
1298,10:34:57,50.0,40000,8,卖盘
1299,10:35:00,49.95,464803,93,卖盘
1300,10:35:03,49.94,359659,72,卖盘
1301,10:35:06,49.92,264663,53,卖盘
1302,10:35:09,49.93,24967,5,中性盘
1303,10:35:12,49.91,159729,32,卖盘
1304,10:35:15,49.92,234587,47,买盘
1305,10:35:18,49.92,119770,24,中性盘
1306,10:35:21,49.92,114817,23,卖盘
1307,10:35:24,49.92,79865,16,买盘
1308,10:35:27,49.92,464175,93,买盘
1309,10:35:30,49.92,9984,2,买盘
1310,10:35:33,49.9,29943,6,卖盘
1311,10:35:36,49.9,159687,32,买盘
1312,10:35:39,49.9,24950,5,卖盘
1313,10:35:42,49.89,129743,26,卖盘
1314,10:35:45,49.9,99804,20,买盘
1315,10:35:48,49.87,668270,134,卖盘
1316,10:35:51,49.87,239426,48,买盘
1317,10:35:54,49.83,1290596,259,卖盘
1318,10:35:57,49.83,333861,67,买盘
1319,10:36:00,49.81,189335,38,卖盘
1320,10:36:03,49.83,94717,19,中性盘
1321,10:36:06,49.85,34887,7,买盘
1322,10:36:09,49.83,9966,2,卖盘
1323,10:36:12,49.86,69791,14,买盘
1324,10:36:15,49.85,284154,57,中性盘
1325,10:36:18,49.85,423745,85,卖盘
1326,10:36:21,49.86,358962,72,买盘
1327,10:36:24,49.86,274196,55,买盘
1328,10:36:27,49.87,408886,82,买盘
1329,10:36:30,49.89,1406449,282,买盘
1330,10:36:33,49.9,673568,135,买盘
1331,10:36:36,49.91,843327,169,买盘
1332,10:36:39,49.92,44928,9,买盘
1333,10:36:42,49.9,104801,21,卖盘
1334,10:36:45,49.91,229633,46,卖盘
1335,10:36:48,49.92,149734,30,买盘
1336,10:36:51,49.91,4991,1,买盘
1337,10:36:54,49.91,74869,15,卖盘
1338,10:36:57,49.92,24960,5,买盘
1339,10:37:00,49.91,64882,13,卖盘
1340,10:37:03,49.9,114778,23,卖盘
1341,10:37:06,49.91,24955,5,中性盘
1342,10:37:09,49.88,259461,52,卖盘
1343,10:37:12,49.88,129709,26,卖盘
1344,10:37:15,49.89,49891,10,中性盘
1345,10:37:18,49.88,89803,18,卖盘
1346,10:37:21,49.9,164628,33,买盘
1347,10:37:24,49.9,39920,8,买盘
1348,10:37:27,49.88,89819,18,卖盘
1349,10:37:30,49.89,49888,10,买盘
1350,10:37:33,49.89,134703,27,买盘
1351,10:37:36,49.89,119735,24,买盘
1352,10:37:39,49.9,9980,2,买盘
1353,10:37:42,49.9,54889,11,买盘
1354,10:37:45,49.9,44903,9,买盘
1355,10:37:48,49.89,259438,52,卖盘
1356,10:37:51,49.88,114751,23,卖盘
1357,10:37:54,49.89,49885,10,买盘
1358,10:37:57,49.87,2229458,447,卖盘
1359,10:38:00,49.88,758169,152,买盘
1360,10:38:03,49.87,164618,33,中性盘
1361,10:38:06,49.87,29932,6,卖盘
1362,10:38:09,49.87,139645,28,卖盘
1363,10:38:12,49.86,69814,14,卖盘
1364,10:38:15,49.86,139614,28,卖盘
1365,10:38:18,49.87,44882,9,买盘
1366,10:38:21,49.85,99710,20,卖盘
1367,10:38:24,49.87,34914,7,中性盘
1368,10:38:27,49.86,289223,58,卖盘
1369,10:38:30,49.88,149638,30,买盘
1370,10:38:33,49.88,54867,11,买盘
1371,10:38:36,49.87,19950,4,中性盘
1372,10:38:42,49.88,274267,55,买盘
1373,10:38:45,49.88,259399,52,买盘
1374,10:38:48,49.89,149653,30,买盘
1375,10:38:51,49.91,1137552,228,买盘
1376,10:38:54,49.9,24954,5,卖盘
1377,10:38:57,49.91,29946,6,买盘
1378,10:39:00,49.9,34931,7,卖盘
1379,10:39:03,49.91,64883,13,买盘
1380,10:39:06,49.91,1082813,217,买盘
1381,10:39:09,49.91,244522,49,买盘
1382,10:39:12,49.9,14971,3,中性盘
1383,10:39:15,49.9,14970,3,买盘
1384,10:39:18,49.9,59875,12,买盘
1385,10:39:21,49.9,84832,17,买盘
1386,10:39:24,49.91,69862,14,买盘
1387,10:39:27,49.91,154692,31,买盘
1388,10:39:30,49.89,99791,20,卖盘
1389,10:39:33,49.9,229530,46,买盘
1390,10:39:36,49.9,69860,14,卖盘
1391,10:39:39,49.9,164670,33,卖盘
1392,10:39:42,49.88,119753,24,卖盘
1393,10:39:45,49.88,319322,64,卖盘
1394,10:39:48,49.9,124742,25,买盘
1395,10:39:51,49.89,29932,6,中性盘
1396,10:39:54,49.9,334243,67,买盘
1397,10:39:57,49.88,124745,25,卖盘
1398,10:40:00,49.9,24948,5,买盘
1399,10:40:03,49.89,49897,10,卖盘
1400,10:40:06,49.89,124703,25,买盘
1401,10:40:09,49.88,234425,47,卖盘
1402,10:40:12,49.89,59865,12,买盘
1403,10:40:15,49.89,34918,7,买盘
1404,10:40:18,49.87,209431,42,卖盘
1405,10:40:21,49.86,533432,107,卖盘
1406,10:40:24,49.81,563140,113,卖盘
1407,10:40:27,49.8,1275128,256,卖盘
1408,10:40:30,49.82,368868,74,中性盘
1409,10:40:33,49.84,184363,37,买盘
1410,10:40:36,49.83,144518,29,卖盘
1411,10:40:39,49.87,34906,7,买盘
1412,10:40:42,49.83,29899,6,卖盘
1413,10:40:45,49.77,632354,127,卖盘
1414,10:40:48,49.81,169420,34,中性盘
1415,10:40:51,49.82,1194930,240,中性盘
1416,10:40:54,49.82,413577,83,卖盘
1417,10:40:57,49.82,194312,39,买盘
1418,10:41:00,49.82,204246,41,卖盘
1419,10:41:03,49.82,84688,17,买盘
1420,10:41:06,49.82,4982,1,买盘
1421,10:41:09,49.8,149430,30,卖盘
1422,10:41:12,49.81,159389,32,买盘
1423,10:41:15,49.8,119535,24,卖盘
1424,10:41:18,49.8,24903,5,卖盘
1425,10:41:21,49.81,119544,24,买盘
1426,10:41:24,49.81,49808,10,买盘
1427,10:41:27,49.8,184283,37,卖盘
1428,10:41:30,49.81,313790,63,买盘
1429,10:41:33,49.8,303828,61,卖盘
1430,10:41:36,49.8,965971,194,卖盘
1431,10:41:39,49.8,254048,51,卖盘
1432,10:41:42,49.78,44816,9,卖盘
1433,10:41:45,49.79,34858,7,中性盘
1434,10:41:48,49.78,139402,28,卖盘
1435,10:41:51,49.78,54771,11,卖盘
1436,10:41:54,49.78,358420,72,卖盘
1437,10:41:57,49.78,154337,31,卖盘
1438,10:42:00,49.76,134393,27,卖盘
1439,10:42:03,49.78,875718,176,买盘
1440,10:42:06,49.78,219029,44,买盘
1441,10:42:09,49.75,298529,60,卖盘
1442,10:42:12,49.75,388020,78,买盘
1443,10:42:15,49.75,189051,38,买盘
1444,10:42:18,49.75,233751,47,买盘
1445,10:42:21,49.74,686219,138,中性盘
1446,10:42:24,49.78,204002,41,买盘
1447,10:42:27,49.78,34835,7,买盘
1448,10:42:30,49.75,129367,26,卖盘
1449,10:42:33,49.78,44806,9,中性盘
1450,10:42:36,49.78,159297,32,卖盘
1451,10:42:39,49.78,129457,26,卖盘
1452,10:42:42,49.78,54766,11,卖盘
1453,10:42:45,49.77,39817,8,卖盘
1454,10:42:48,49.78,139384,28,买盘
1455,10:42:51,49.77,79644,16,中性盘
1456,10:42:54,49.77,89575,18,中性盘
1457,10:42:57,49.76,89580,18,卖盘
1458,10:43:00,49.76,39807,8,买盘
1459,10:43:03,49.75,104486,21,卖盘
1460,10:43:06,49.75,238899,48,卖盘
1461,10:43:09,49.79,144327,29,买盘
1462,10:43:12,49.78,64721,13,中性盘
1463,10:43:15,49.81,756858,152,买盘
1464,10:43:18,49.81,318770,64,买盘
1465,10:43:21,49.78,1497600,301,卖盘
1466,10:43:24,49.81,353725,71,买盘
1467,10:43:27,49.79,259017,52,卖盘
1468,10:43:30,49.78,89655,18,卖盘
1469,10:43:33,49.78,129434,26,卖盘
1470,10:43:36,49.78,64725,13,卖盘
1471,10:43:39,49.77,184175,37,卖盘
1472,10:43:42,49.76,119466,24,卖盘
1473,10:43:45,49.76,14932,3,卖盘
1474,10:43:48,49.75,139367,28,卖盘
1475,10:43:51,49.76,89588,18,中性盘
1476,10:43:54,49.76,19904,4,卖盘
1477,10:43:57,49.78,69686,14,买盘
1478,10:44:00,49.76,59720,12,卖盘
1479,10:44:03,49.77,94561,19,中性盘
1480,10:44:06,49.75,457693,92,卖盘
1481,10:44:09,49.75,199016,40,买盘
1482,10:44:12,49.74,248615,50,中性盘
1483,10:44:15,49.74,159147,32,买盘
1484,10:44:18,49.7,243572,49,卖盘
1485,10:44:21,49.73,104418,21,买盘
1486,10:44:24,49.7,571574,115,卖盘
1487,10:44:27,49.71,1078551,217,中性盘
1488,10:44:30,49.7,835001,168,卖盘
1489,10:44:33,49.67,1257139,253,卖盘
1490,10:44:36,49.7,327965,66,买盘
1491,10:44:39,49.67,178847,36,卖盘
1492,10:44:42,49.67,1311059,264,买盘
1493,10:44:45,49.65,824332,166,卖盘
1494,10:44:48,49.64,367427,74,卖盘
1495,10:44:51,49.64,958044,193,卖盘
1496,10:44:54,49.65,277981,56,买盘
1497,10:44:57,49.65,148922,30,卖盘
1498,10:45:00,49.65,203564,41,买盘
1499,10:45:03,49.65,89373,18,卖盘
1500,10:45:06,49.66,575977,116,买盘
1501,10:45:09,49.66,655488,132,买盘
1502,10:45:12,49.66,422127,85,买盘
1503,10:45:15,49.66,1977210,398,卖盘
1504,10:45:18,49.71,39768,8,买盘
1505,10:45:21,49.68,372584,75,卖盘
1506,10:45:24,49.71,99379,20,买盘
1507,10:45:27,49.69,298239,60,卖盘
1508,10:45:30,49.72,34798,7,买盘
1509,10:45:33,49.7,228741,46,卖盘
1510,10:45:36,49.7,223617,45,买盘
1511,10:45:39,49.69,258423,52,卖盘
1512,10:45:42,49.7,645902,130,买盘
1513,10:45:45,49.68,44712,9,中性盘
1514,10:45:48,49.67,139079,28,卖盘
1515,10:45:51,49.68,660730,133,买盘
1516,10:45:54,49.67,243404,49,卖盘
1517,10:45:57,49.67,734996,148,买盘
1518,10:46:00,49.68,283135,57,买盘
1519,10:46:03,49.67,198685,40,卖盘
1520,10:46:06,49.67,109274,22,买盘
1521,10:46:09,49.68,144047,29,买盘
1522,10:46:12,49.68,312958,63,买盘
1523,10:46:15,49.68,94388,19,买盘
1524,10:46:18,49.67,24839,5,卖盘
1525,10:46:21,49.68,24840,5,买盘
1526,10:46:24,49.68,208655,42,买盘
1527,10:46:27,49.68,203657,41,买盘
1528,10:46:30,49.64,4593100,925,卖盘
1529,10:46:33,49.64,2511213,506,中性盘
1530,10:46:36,49.66,3511594,707,买盘
1531,10:46:39,49.61,927952,187,卖盘
1532,10:46:42,49.62,163792,33,中性盘
1533,10:46:45,49.68,377461,76,买盘
1534,10:46:48,49.67,59575,12,买盘
1535,10:46:51,49.62,39699,8,卖盘
1536,10:46:54,49.62,9924,2,卖盘
1537,10:46:57,49.63,129050,26,卖盘
1538,10:47:00,49.66,39711,8,买盘
1539,10:47:03,49.66,153965,31,买盘
1540,10:47:06,49.66,317861,64,卖盘
1541,10:47:09,49.67,4967,1,中性盘
1542,10:47:12,49.66,9932,2,卖盘
1543,10:47:15,49.66,19865,4,卖盘
1544,10:47:18,49.66,635671,128,卖盘
1545,10:47:21,49.66,99318,20,买盘
1546,10:47:24,49.66,173775,35,买盘
1547,10:47:27,49.66,59571,12,买盘
1548,10:47:30,49.6,8527245,1719,卖盘
1549,10:47:33,49.58,838047,169,卖盘
1550,10:47:36,49.58,158669,32,卖盘
1551,10:47:39,49.6,153775,31,买盘
1552,10:47:42,49.58,277681,56,卖盘
1553,10:47:45,49.57,609742,123,卖盘
1554,10:47:48,49.57,589902,119,卖盘
1555,10:47:51,49.58,485775,98,买盘
1556,10:47:54,49.56,227980,46,中性盘
1557,10:47:57,49.56,446029,90,买盘
1558,10:48:00,49.56,470773,95,买盘
1559,10:48:03,49.57,421262,85,买盘
1560,10:48:06,49.56,232932,47,卖盘
1561,10:48:09,49.58,292478,59,买盘
1562,10:48:12,49.56,218113,44,卖盘
1563,10:48:15,49.56,123910,25,卖盘
1564,10:48:18,49.57,99145,20,中性盘
1565,10:48:21,49.58,649254,131,买盘
1566,10:48:24,49.56,436138,88,卖盘
1567,10:48:27,49.57,232941,47,买盘
1568,10:48:30,49.55,1912681,386,卖盘
1569,10:48:33,49.56,341929,69,买盘
1570,10:48:36,49.55,222937,45,中性盘
1571,10:48:39,49.55,584507,118,买盘
1572,10:48:42,49.53,2208332,446,中性盘
1573,10:48:45,49.5,1872053,378,卖盘
1574,10:48:48,49.51,1287527,260,卖盘
1575,10:48:51,49.53,49520,10,中性盘
1576,10:48:54,49.51,604030,122,卖盘
1577,10:48:57,49.51,163386,33,卖盘
1578,10:49:00,49.53,222837,45,买盘
1579,10:49:03,49.53,173361,35,买盘
1580,10:49:06,49.53,198087,40,买盘
1581,10:49:09,49.53,183258,37,买盘
1582,10:49:12,49.54,74310,15,买盘
1583,10:49:15,49.54,89166,18,卖盘
1584,10:49:18,49.53,450727,91,卖盘
1585,10:49:21,49.52,203071,41,卖盘
1586,10:49:24,49.53,158496,32,买盘
1587,10:49:27,49.55,371524,75,买盘
1588,10:49:30,49.54,9909,2,卖盘
1589,10:49:33,49.54,64403,13,卖盘
1590,10:49:36,49.54,34681,7,卖盘
1591,10:49:39,49.56,242798,49,买盘
1592,10:49:42,49.55,69375,14,卖盘
1593,10:49:45,49.56,297350,60,买盘
1594,10:49:48,49.56,24777,5,买盘
1595,10:49:51,49.56,104075,21,买盘
1596,10:49:54,49.56,530242,107,买盘
1597,10:49:57,49.56,455939,92,买盘
1598,10:50:00,49.57,168538,34,买盘
1599,10:50:06,49.58,173527,35,买盘
1600,10:50:09,49.58,138823,28,买盘
1601,10:50:12,49.58,173514,35,买盘
1602,10:50:15,49.58,39663,8,买盘
1603,10:50:18,49.66,1686250,340,买盘
1604,10:50:21,49.62,34741,7,买盘
1605,10:50:24,49.66,143966,29,买盘
1606,10:50:27,49.65,79440,16,买盘
1607,10:50:30,49.65,99299,20,卖盘
1608,10:50:33,49.64,307847,62,中性盘
1609,10:50:36,49.65,248171,50,中性盘
1610,10:50:39,49.64,59568,12,买盘
1611,10:50:45,49.67,19869,4,卖盘
1612,10:50:48,49.67,109294,22,卖盘
1613,10:50:51,49.67,74505,15,中性盘
1614,10:50:54,49.67,124175,25,买盘
1615,10:50:57,49.66,39732,8,卖盘
1616,10:51:00,49.66,183761,37,卖盘
1617,10:51:03,49.66,233409,47,中性盘
1618,10:51:06,49.66,64566,13,卖盘
1619,10:51:09,49.66,278116,56,卖盘
1620,10:51:12,49.67,178811,36,买盘
1621,10:51:15,49.67,158923,32,卖盘
1622,10:51:18,49.68,49680,10,买盘
1623,10:51:21,49.67,44707,9,卖盘
1624,10:51:24,49.67,99343,20,卖盘
1625,10:51:27,49.68,104326,21,买盘
1626,10:51:30,49.68,129158,26,卖盘
1627,10:51:33,49.68,124201,25,卖盘
1628,10:51:36,49.68,54649,11,卖盘
1629,10:51:39,49.68,14904,3,买盘
1630,10:51:42,49.67,84452,17,卖盘
1631,10:51:45,49.68,457016,92,买盘
1632,10:51:48,49.68,104320,21,买盘
1633,10:51:51,49.67,74517,15,卖盘
1634,10:51:54,49.69,124211,25,买盘
1635,10:51:57,49.69,94407,19,买盘
1636,10:52:00,49.67,412302,83,卖盘
1637,10:52:03,49.69,347792,70,买盘
1638,10:52:06,49.69,208646,42,买盘
1639,10:52:09,49.69,24841,5,买盘
1640,10:52:12,49.68,253374,51,中性盘
1641,10:52:15,49.68,54652,11,卖盘
1642,10:52:18,49.67,24839,5,卖盘
1643,10:52:21,49.67,89416,18,卖盘
1644,10:52:24,49.68,119226,24,买盘
1645,10:52:27,49.67,69542,14,卖盘
1646,10:52:30,49.65,1241342,250,卖盘
1647,10:52:33,49.66,24829,5,买盘
1648,10:52:36,49.65,129106,26,卖盘
1649,10:52:39,49.66,69504,14,买盘
1650,10:52:42,49.62,536067,108,卖盘
1651,10:52:45,49.62,59547,12,卖盘
1652,10:52:48,49.62,39706,8,中性盘
1653,10:52:51,49.64,24820,5,买盘
1654,10:52:54,49.64,198519,40,买盘
1655,10:52:57,49.63,9926,2,中性盘
1656,10:53:00,49.63,69478,14,买盘
1657,10:53:03,49.62,178642,36,卖盘
1658,10:53:06,49.63,709605,143,买盘
1659,10:53:09,49.63,491294,99,买盘
1660,10:53:12,49.62,277888,56,卖盘
1661,10:53:15,49.63,1031987,208,买盘
1662,10:53:18,49.62,763857,154,卖盘
1663,10:53:21,49.62,520554,105,中性盘
1664,10:53:24,49.62,39695,8,买盘
1665,10:53:27,49.62,69466,14,买盘
1666,10:53:30,49.62,84337,17,买盘
1667,10:53:33,49.61,54562,11,中性盘
1668,10:53:36,49.62,133948,27,买盘
1669,10:53:39,49.6,119061,24,卖盘
1670,10:53:48,49.62,630032,127,买盘
1671,10:53:51,49.62,9924,2,卖盘
1672,10:53:54,49.62,34735,7,卖盘
1673,10:53:57,49.62,163746,33,卖盘
1674,10:54:00,49.61,798810,161,卖盘
1675,10:54:03,49.59,223199,45,卖盘
1676,10:54:06,49.56,872517,176,卖盘
1677,10:54:09,49.56,693864,140,卖盘
1678,10:54:12,49.6,1056402,213,买盘
1679,10:54:15,49.56,317186,64,卖盘
1680,10:54:18,49.6,441434,89,买盘
1681,10:54:21,49.6,535680,108,卖盘
1682,10:54:24,49.61,59530,12,买盘
1683,10:54:27,49.61,79378,16,卖盘
1684,10:54:30,49.62,506077,102,买盘
1685,10:54:33,49.62,570605,115,买盘
1686,10:54:36,49.62,114127,23,卖盘
1687,10:54:39,49.63,104206,21,买盘
1688,10:54:42,49.62,49620,10,卖盘
1689,10:54:45,49.63,223335,45,买盘
1690,10:54:48,49.65,104263,21,买盘
1691,10:54:51,49.66,253240,51,买盘
1692,10:54:54,49.66,566028,114,买盘
1693,10:54:57,49.63,4963,1,卖盘
1694,10:55:00,49.65,24825,5,买盘
1695,10:55:03,49.66,109244,22,买盘
1696,10:55:06,49.64,34752,7,卖盘
1697,10:55:09,49.65,54621,11,卖盘
1698,10:55:12,49.65,34760,7,中性盘
1699,10:55:15,49.64,29784,6,卖盘
1700,10:55:18,49.66,9931,2,买盘
1701,10:55:21,49.65,59579,12,卖盘
1702,10:55:24,49.65,134054,27,买盘
1703,10:55:27,49.65,129080,26,买盘
1704,10:55:30,49.65,69508,14,买盘
1705,10:55:33,49.64,233334,47,卖盘
1706,10:55:36,49.65,84391,17,买盘
1707,10:55:39,49.64,282955,57,卖盘
1708,10:55:42,49.63,421919,85,卖盘
1709,10:55:45,49.66,29791,6,买盘
1710,10:55:48,49.63,228374,46,卖盘
1711,10:55:51,49.65,29791,6,卖盘
1712,10:55:54,49.65,29791,6,卖盘
1713,10:55:57,49.66,74489,15,买盘
1714,10:56:00,49.65,29792,6,卖盘
1715,10:56:03,49.65,114217,23,卖盘
1716,10:56:06,49.66,99316,20,买盘
1717,10:56:09,49.65,158883,32,卖盘
1718,10:56:12,49.66,69524,14,买盘
1719,10:56:15,49.66,124143,25,买盘
1720,10:56:18,49.67,307911,62,买盘
1721,10:56:21,49.67,149008,30,买盘
1722,10:56:24,49.67,39736,8,买盘
1723,10:56:27,49.68,153996,31,买盘
1724,10:56:30,49.67,392425,79,卖盘
1725,10:56:33,49.68,288138,58,买盘
1726,10:56:36,49.68,69551,14,买盘
1727,10:56:39,49.68,79483,16,买盘
1728,10:56:42,49.68,163941,33,买盘
1729,10:56:45,49.68,114258,23,买盘
1730,10:56:48,49.68,129164,26,买盘
1731,10:56:51,49.67,29802,6,卖盘
1732,10:56:54,49.68,149020,30,买盘
1733,10:56:57,49.67,9934,2,卖盘
1734,10:57:00,49.67,64576,13,卖盘
1735,10:57:03,49.67,24835,5,买盘
1736,10:57:06,49.66,223493,45,卖盘
1737,10:57:09,49.67,64580,13,卖盘
1738,10:57:12,49.67,1241447,250,中性盘
1739,10:57:15,49.64,79440,16,中性盘
1740,10:57:21,49.6,4178141,842,卖盘
1741,10:57:24,49.6,1393796,281,卖盘
1742,10:57:27,49.6,124000,25,卖盘
1743,10:57:30,49.6,441466,89,卖盘
1744,10:57:33,49.6,892651,180,卖盘
1745,10:57:36,49.6,4960,1,中性盘
1746,10:57:39,49.6,34721,7,卖盘
1747,10:57:42,49.6,39683,8,卖盘
1748,10:57:45,49.61,133921,27,买盘
1749,10:57:48,49.61,94258,19,买盘
1750,10:57:51,49.61,69450,14,买盘
1751,10:57:54,49.6,79361,16,卖盘
1752,10:57:57,49.6,292681,59,卖盘
1753,10:58:03,49.6,143887,29,卖盘
1754,10:58:06,49.61,99204,20,买盘
1755,10:58:09,49.61,143866,29,买盘
1756,10:58:12,49.6,47617,10,卖盘
1757,10:58:15,49.61,79376,16,买盘
1758,10:58:18,49.61,29765,6,买盘
1759,10:58:21,49.6,520854,105,卖盘
1760,10:58:24,49.62,59522,12,中性盘
1761,10:58:27,49.6,14880,3,卖盘
1762,10:58:30,49.61,44650,9,卖盘
1763,10:58:33,49.63,24812,5,买盘
1764,10:58:36,49.63,69472,14,买盘
1765,10:58:39,49.62,69468,14,卖盘
1766,10:58:42,49.62,9924,2,买盘
1767,10:58:45,49.62,114136,23,买盘
1768,10:58:48,49.64,34748,7,买盘
1769,10:58:51,49.64,124099,25,买盘
1770,10:58:54,49.63,19852,4,卖盘
1771,10:59:00,49.64,397119,80,买盘
1772,10:59:03,49.64,129048,26,买盘
1773,10:59:06,49.64,143957,29,买盘
1774,10:59:09,49.64,253167,51,卖盘
1775,10:59:12,49.64,258121,52,买盘
1776,10:59:15,49.64,69499,14,买盘
1777,10:59:18,49.64,129089,26,卖盘
1778,10:59:21,49.65,4361658,879,买盘
1779,10:59:24,49.64,54610,11,卖盘
1780,10:59:27,49.66,139017,28,买盘
1781,10:59:30,49.65,34760,7,中性盘
1782,10:59:33,49.66,49654,10,买盘
1783,10:59:36,49.66,44694,9,买盘
1784,10:59:39,49.66,153931,31,买盘
1785,10:59:42,49.67,496667,100,买盘
1786,10:59:45,49.67,342685,69,买盘
1787,10:59:48,49.67,253309,51,买盘
1788,10:59:51,49.66,769621,155,卖盘
1789,10:59:54,49.67,248352,50,买盘
1790,10:59:57,49.65,382341,77,卖盘
1791,11:00:00,49.67,143995,29,买盘
1792,11:00:03,49.67,183739,37,买盘
1793,11:00:06,49.68,64575,13,买盘
1794,11:00:09,49.68,144028,29,买盘
1795,11:00:12,49.68,248350,50,买盘
1796,11:00:15,49.68,64584,13,买盘
1797,11:00:18,49.68,665710,134,买盘
1798,11:00:21,49.65,1087731,219,卖盘
1799,11:00:24,49.68,586212,118,买盘
1800,11:00:27,49.62,1504141,303,卖盘
1801,11:00:30,49.61,193539,39,卖盘
1802,11:00:33,49.64,39708,8,买盘
1803,11:00:36,49.64,34747,7,买盘
1804,11:00:39,49.62,148834,30,卖盘
1805,11:00:42,49.62,24810,5,买盘
1806,11:00:45,49.61,124051,25,卖盘
1807,11:00:48,49.62,124077,25,中性盘
1808,11:00:51,49.62,94302,19,卖盘
1809,11:00:54,49.62,24812,5,卖盘
1810,11:00:57,49.62,79411,16,卖盘
1811,11:01:00,49.63,54588,11,买盘
1812,11:01:03,49.62,143941,29,卖盘
1813,11:01:06,49.62,486381,98,卖盘
1814,11:01:09,49.63,262956,53,买盘
1815,11:01:12,49.63,34741,7,买盘
1816,11:01:15,49.63,14890,3,卖盘
1817,11:01:18,49.63,109185,22,中性盘
1818,11:01:21,49.62,1979553,399,卖盘
1819,11:01:24,49.6,124027,25,卖盘
1820,11:01:27,49.62,59539,12,买盘
1821,11:01:30,49.62,843220,170,买盘
1822,11:01:33,49.61,143870,29,卖盘
1823,11:01:36,49.62,59538,12,买盘
1824,11:01:39,49.61,79379,16,卖盘
1825,11:01:42,49.62,74420,15,买盘
1826,11:01:45,49.59,1234977,249,卖盘
1827,11:01:48,49.57,2448778,494,卖盘
1828,11:01:51,49.56,634172,128,中性盘
1829,11:01:54,49.54,89194,18,中性盘
1830,11:01:57,49.54,198128,40,卖盘
1831,11:02:00,49.53,1159097,234,卖盘
1832,11:02:03,49.54,940902,190,买盘
1833,11:02:06,49.51,2475420,500,卖盘
1834,11:02:09,49.5,1678080,339,卖盘
1835,11:02:12,49.5,742515,150,卖盘
1836,11:02:15,49.51,212865,43,中性盘
1837,11:02:18,49.51,356439,72,卖盘
1838,11:02:21,49.51,143580,29,买盘
1839,11:02:24,49.51,747523,151,卖盘
1840,11:02:27,49.47,9914168,2003,卖盘
1841,11:02:30,49.42,1858859,376,卖盘
1842,11:02:33,49.41,1017795,206,卖盘
1843,11:02:36,49.4,1684697,341,卖盘
1844,11:02:39,49.4,987918,200,买盘
1845,11:02:42,49.41,553317,112,卖盘
1846,11:02:45,49.41,380470,77,卖盘
1847,11:02:48,49.4,1210170,245,卖盘
1848,11:02:51,49.4,1679610,340,买盘
1849,11:02:54,49.41,1783385,361,买盘
1850,11:02:57,49.4,612569,124,卖盘
1851,11:03:00,49.36,2023763,410,卖盘
1852,11:03:03,49.36,508504,103,买盘
1853,11:03:06,49.34,942571,191,卖盘
1854,11:03:09,49.35,483621,98,买盘
1855,11:03:12,49.34,360210,73,卖盘
1856,11:03:15,49.33,1257977,255,卖盘
1857,11:03:18,49.32,305808,62,卖盘
1858,11:03:21,49.3,4323858,877,卖盘
1859,11:03:24,49.29,335181,68,卖盘
1860,11:03:27,49.28,3475376,705,卖盘
1861,11:03:30,49.28,335125,68,卖盘
1862,11:03:33,49.28,1241730,252,卖盘
1863,11:03:36,49.28,413881,84,买盘
1864,11:03:39,49.25,763538,155,卖盘
1865,11:03:42,49.22,585931,119,卖盘
1866,11:03:45,49.27,1501534,305,买盘
1867,11:03:48,49.27,522225,106,买盘
1868,11:03:51,49.27,1473249,299,卖盘
1869,11:03:54,49.27,270956,55,卖盘
1870,11:03:57,49.27,118243,24,买盘
1871,11:04:00,49.24,2004681,407,卖盘
1872,11:04:03,49.27,1645115,334,买盘
1873,11:04:06,49.28,1788712,363,卖盘
1874,11:04:09,49.27,89184,18,卖盘
1875,11:04:12,49.27,536555,109,卖盘
1876,11:04:15,49.26,408902,83,卖盘
1877,11:04:18,49.27,295593,60,买盘
1878,11:04:21,49.26,605928,123,卖盘
1879,11:04:24,49.26,1714505,348,卖盘
1880,11:04:27,49.27,2911349,591,买盘
1881,11:04:30,49.28,926144,188,买盘
1882,11:04:33,49.26,1630947,331,卖盘
1883,11:04:36,49.27,118246,24,卖盘
1884,11:04:39,49.26,359640,73,卖盘
1885,11:04:42,49.27,477879,97,买盘
1886,11:04:45,49.27,866990,176,买盘
1887,11:04:48,49.27,1078873,219,卖盘
1888,11:04:51,49.27,739077,150,卖盘
1889,11:04:54,49.28,610955,124,买盘
1890,11:04:57,49.26,5305938,1077,卖盘
1891,11:05:00,49.28,133055,27,中性盘
1892,11:05:03,49.3,69006,14,买盘
1893,11:05:06,49.3,113350,23,买盘
1894,11:05:09,49.28,118307,24,卖盘
1895,11:05:12,49.29,241536,49,中性盘
1896,11:05:15,49.28,1207242,245,卖盘
1897,11:05:18,49.28,1497681,304,买盘
1898,11:05:21,49.32,1754069,356,买盘
1899,11:05:24,49.32,429150,87,卖盘
1900,11:05:27,49.3,335341,68,卖盘
1901,11:05:30,49.3,285912,58,买盘
1902,11:05:33,49.3,433836,88,买盘
1903,11:05:36,49.28,1316264,267,卖盘
1904,11:05:39,49.3,360039,73,中性盘
1905,11:05:42,49.32,522633,106,卖盘
1906,11:05:45,49.33,295925,60,买盘
1907,11:05:48,49.35,389745,79,买盘
1908,11:05:51,49.3,991032,201,卖盘
1909,11:05:54,49.3,138092,28,卖盘
1910,11:05:57,49.33,162812,33,中性盘
1911,11:06:00,49.3,310658,63,卖盘
1912,11:06:03,49.32,172560,35,买盘
1913,11:06:06,49.32,1533039,311,买盘
1914,11:06:09,49.31,389583,79,中性盘
1915,11:06:12,49.32,2663208,540,买盘
1916,11:06:15,49.31,665717,135,卖盘
1917,11:06:18,49.3,709933,144,卖盘
1918,11:06:21,49.28,1192675,242,卖盘
1919,11:06:24,49.28,241477,49,买盘
1920,11:06:27,49.26,315375,64,卖盘
1921,11:06:30,49.27,226708,46,中性盘
1922,11:06:33,49.27,477920,97,卖盘
1923,11:06:36,49.26,172426,35,卖盘
1924,11:06:39,49.27,246341,50,买盘
1925,11:06:42,49.26,147796,30,卖盘
1926,11:06:45,49.26,650253,132,卖盘
1927,11:06:48,49.25,201947,41,卖盘
1928,11:06:51,49.25,187164,38,卖盘
1929,11:06:54,49.25,1172029,238,卖盘
1930,11:06:57,49.24,467642,95,中性盘
1931,11:07:00,49.2,5584492,1135,卖盘
1932,11:07:03,49.2,1401832,285,买盘
1933,11:07:06,49.19,1298303,264,中性盘
1934,11:07:09,49.18,1382577,281,卖盘
1935,11:07:12,49.18,643871,131,买盘
1936,11:07:15,49.18,240903,49,买盘
1937,11:07:18,49.14,329394,67,卖盘
1938,11:07:21,49.14,1562628,318,卖盘
1939,11:07:24,49.14,324295,66,买盘
1940,11:07:27,49.12,1438907,293,卖盘
1941,11:07:30,49.11,731943,149,卖盘
1942,11:07:33,49.1,702161,143,卖盘
1943,11:07:36,49.08,937778,191,卖盘
1944,11:07:39,49.08,196345,40,卖盘
1945,11:07:42,49.07,534970,109,卖盘
1946,11:07:45,49.07,1599083,326,卖盘
1947,11:07:48,49.1,3166170,645,买盘
1948,11:07:51,49.08,2027880,413,卖盘
1949,11:07:54,49.09,319108,65,卖盘
1950,11:07:57,49.08,755844,154,卖盘
1951,11:08:00,49.08,137416,28,卖盘
1952,11:08:03,49.07,957002,195,卖盘
1953,11:08:06,49.07,358187,73,买盘
1954,11:08:09,49.06,333608,68,卖盘
1955,11:08:12,49.05,662181,135,卖盘
1956,11:08:15,49.05,416918,85,买盘
1957,11:08:18,49.0,11487419,2344,卖盘
1958,11:08:21,49.01,1249769,255,中性盘
1959,11:08:24,49.03,597914,122,买盘
1960,11:08:27,49.0,10059758,2053,卖盘
1961,11:08:30,49.0,965283,197,买盘
1962,11:08:33,49.0,1567987,320,买盘
1963,11:08:36,49.01,2817321,575,卖盘
1964,11:08:39,49.01,553730,113,买盘
1965,11:08:42,48.99,416464,85,卖盘
1966,11:08:45,48.98,969904,198,卖盘
1967,11:08:48,48.98,1042968,213,买盘
1968,11:08:51,48.97,930357,190,卖盘
1969,11:08:54,48.96,97914,20,中性盘
1970,11:08:57,48.97,4505392,921,买盘
1971,11:09:00,48.95,1214230,248,买盘
1972,11:09:03,48.98,4946845,1010,买盘
1973,11:09:06,49.02,960227,196,买盘
1974,11:09:09,49.03,1195965,244,买盘
1975,11:09:12,49.05,411895,84,买盘
1976,11:09:15,49.06,235414,48,买盘
1977,11:09:18,49.06,730875,149,买盘
1978,11:09:21,49.05,1344238,274,卖盘
1979,11:09:24,49.05,583660,119,买盘
1980,11:09:27,49.06,1196807,244,买盘
1981,11:09:30,49.06,412109,84,卖盘
1982,11:09:33,49.02,3255164,664,卖盘
1983,11:09:36,49.04,279495,57,买盘
1984,11:09:39,49.05,441264,90,买盘
1985,11:09:42,49.05,809446,165,卖盘
1986,11:09:45,49.0,1700529,347,卖盘
1987,11:09:48,48.96,989588,202,卖盘
1988,11:09:51,49.0,288950,59,卖盘
1989,11:09:54,49.0,582994,119,卖盘
1990,11:09:57,49.0,156747,32,买盘
1991,11:10:00,49.0,1528588,312,买盘
1992,11:10:03,49.0,979750,200,买盘
1993,11:10:06,49.0,254792,52,买盘
1994,11:10:09,48.97,328213,67,卖盘
1995,11:10:12,48.97,1277755,261,买盘
1996,11:10:15,48.97,562972,115,买盘
1997,11:10:18,48.96,719730,147,卖盘
1998,11:10:21,48.96,455261,93,卖盘
1999,11:10:24,48.95,744077,152,卖盘
2000,11:10:27,48.99,4690216,958,买盘
2001,11:10:30,48.98,1028636,210,卖盘
2002,11:10:33,48.99,480076,98,卖盘
2003,11:10:36,48.99,68574,14,买盘
2004,11:10:39,48.98,303661,62,卖盘
2005,11:10:42,48.97,749137,153,卖盘
2006,11:10:45,48.95,1184738,242,卖盘
2007,11:10:48,48.95,362225,74,买盘
2008,11:10:51,48.95,1135326,232,买盘
2009,11:10:54,48.95,1853967,379,买盘
2010,11:10:57,48.94,948971,194,中性盘
2011,11:11:00,48.93,396473,81,卖盘
2012,11:11:03,48.92,494184,101,卖盘
2013,11:11:06,48.92,645754,132,卖盘
2014,11:11:09,48.92,136970,28,买盘
2015,11:11:12,48.91,523370,107,卖盘
2016,11:11:15,48.92,171216,35,买盘
2017,11:11:18,48.91,151644,31,卖盘
2018,11:11:21,48.92,366886,75,买盘
2019,11:11:24,48.96,4223049,863,买盘
2020,11:11:27,48.94,450116,92,中性盘
2021,11:11:30,48.92,342516,70,卖盘
2022,11:11:33,48.93,229984,47,卖盘
2023,11:11:36,48.94,102772,21,买盘
2024,11:11:39,48.94,450264,92,买盘
2025,11:11:42,48.94,200672,41,卖盘
2026,11:11:45,48.94,974025,199,卖盘
2027,11:11:48,48.94,425815,87,卖盘
2028,11:11:51,48.95,230094,47,中性盘
2029,11:11:54,48.94,616712,126,卖盘
2030,11:11:57,48.94,2020877,413,卖盘
2031,11:12:00,49.01,6102448,1246,买盘
2032,11:12:03,49.01,906810,185,买盘
2033,11:12:06,49.05,1427176,291,买盘
2034,11:12:09,49.04,1411689,288,卖盘
2035,11:12:12,49.08,117766,24,买盘
2036,11:12:15,49.06,255173,52,卖盘
2037,11:12:18,49.06,289554,59,卖盘
2038,11:12:21,49.07,107954,22,买盘
2039,11:12:24,49.07,240442,49,买盘
2040,11:12:27,49.06,1030065,210,卖盘
2041,11:12:30,49.07,240401,49,买盘
2042,11:12:33,49.08,2566079,523,买盘
2043,11:12:36,49.08,608645,124,卖盘
2044,11:12:39,49.08,638072,130,卖盘
2045,11:12:42,49.09,1025842,209,买盘
2046,11:12:45,49.06,2302200,469,卖盘
2047,11:12:48,49.06,426820,87,买盘
2048,11:12:51,49.06,2781745,567,买盘
2049,11:12:54,49.09,961818,196,买盘
2050,11:12:57,49.07,196335,40,卖盘
2051,11:13:00,49.08,137423,28,买盘
2052,11:13:03,49.07,206074,42,卖盘
2053,11:13:06,49.08,525137,107,买盘
2054,11:13:09,49.07,2064650,421,中性盘
2055,11:13:12,49.07,363058,74,买盘
2056,11:13:15,49.07,39257,8,买盘
2057,11:13:18,49.06,421937,86,卖盘
2058,11:13:21,49.07,152097,31,买盘
2059,11:13:24,49.08,68703,14,买盘
2060,11:13:27,49.07,637445,130,中性盘
2061,11:13:30,49.07,392548,80,卖盘
2062,11:13:33,49.08,1074759,219,买盘
2063,11:13:36,49.09,608626,124,买盘
2064,11:13:39,49.08,255255,52,卖盘
2065,11:13:42,49.09,377942,77,买盘
2066,11:13:45,49.08,917799,187,卖盘
2067,11:13:48,49.09,309218,63,买盘
2068,11:13:51,49.08,382891,78,卖盘
2069,11:13:54,49.1,1261539,257,买盘
2070,11:13:57,49.14,4105372,836,买盘
2071,11:14:00,49.15,2298835,468,买盘
2072,11:14:03,49.17,378453,77,买盘
2073,11:14:06,49.2,654205,133,买盘
2074,11:14:09,49.19,88544,18,中性盘
2075,11:14:12,49.2,550752,112,买盘
2076,11:14:15,49.19,786192,160,卖盘
2077,11:14:18,49.18,127865,26,买盘
2078,11:14:21,49.12,122955,25,中性盘
2079,11:14:24,49.15,181951,37,卖盘
2080,11:14:27,49.16,108152,22,中性盘
2081,11:14:30,49.14,403022,82,卖盘
2082,11:14:33,49.15,152361,31,买盘
2083,11:14:36,49.15,152334,31,买盘
2084,11:14:39,49.15,368620,75,买盘
2085,11:14:42,49.14,162185,33,卖盘
2086,11:14:45,49.13,289876,59,卖盘
2087,11:14:48,49.13,334049,68,买盘
2088,11:14:51,49.12,78603,16,卖盘
2089,11:14:54,49.12,314399,64,买盘
2090,11:14:57,49.1,471418,96,卖盘
2091,11:15:00,49.1,682542,139,卖盘
2092,11:15:03,49.1,363330,74,卖盘
2093,11:15:06,49.08,579295,118,卖盘
2094,11:15:09,49.1,442004,90,中性盘
2095,11:15:12,49.09,201261,41,卖盘
2096,11:15:15,49.08,157054,32,卖盘
2097,11:15:18,49.08,986184,201,买盘
2098,11:15:21,49.09,3013571,614,中性盘
2099,11:15:24,49.11,2278450,464,买盘
2100,11:15:27,49.15,525695,107,买盘
2101,11:15:30,49.15,540491,110,买盘
2102,11:15:33,49.13,1002209,204,中性盘
2103,11:15:36,49.16,722262,147,买盘
2104,11:15:39,49.16,1262109,257,买盘
2105,11:15:42,49.15,1164506,237,卖盘
2106,11:15:45,49.15,722056,147,买盘
2107,11:15:48,49.15,1050710,214,卖盘
2108,11:15:51,49.16,265443,54,买盘
2109,11:15:54,49.15,388280,79,卖盘
2110,11:15:57,49.16,201528,41,买盘
2111,11:16:00,49.16,280208,57,买盘
2112,11:16:03,49.16,122885,25,买盘
2113,11:16:06,49.15,432576,88,卖盘
2114,11:16:09,49.14,412806,84,卖盘
2115,11:16:12,49.11,353636,72,卖盘
2116,11:16:15,49.1,157142,32,卖盘
2117,11:16:18,49.1,819928,167,卖盘
2118,11:16:21,49.09,216021,44,卖盘
2119,11:16:24,49.08,284653,58,卖盘
2120,11:16:27,49.07,157025,32,卖盘
2121,11:16:30,49.05,78499,16,卖盘
2122,11:16:33,49.08,132490,27,买盘
2123,11:16:36,49.06,29437,6,卖盘
2124,11:16:39,49.05,5039478,1028,卖盘
2125,11:16:42,49.07,544617,111,买盘
2126,11:16:45,49.08,206100,42,买盘
2127,11:16:48,49.07,377672,77,中性盘
2128,11:16:51,49.07,220811,45,买盘
2129,11:16:54,49.11,1742714,355,买盘
2130,11:16:57,49.06,1727935,352,卖盘
2131,11:17:00,49.08,147195,30,买盘
2132,11:17:03,49.11,432070,88,买盘
2133,11:17:06,49.11,162112,33,中性盘
2134,11:17:09,49.1,137543,28,卖盘
2135,11:17:12,49.11,117857,24,中性盘
2136,11:17:15,49.1,132579,27,卖盘
2137,11:17:18,49.1,132591,27,卖盘
2138,11:17:21,49.1,186659,38,卖盘
2139,11:17:24,49.1,432080,88,买盘
2140,11:17:27,49.12,78585,16,买盘
2141,11:17:30,49.13,112966,23,买盘
2142,11:17:33,49.13,108081,22,买盘
2143,11:17:36,49.12,54042,11,卖盘
2144,11:17:39,49.12,176859,36,卖盘
2145,11:17:42,49.14,1041440,212,买盘
2146,11:17:45,49.13,108106,22,中性盘
2147,11:17:48,49.14,948549,193,买盘
2148,11:17:51,49.16,1076548,219,买盘
2149,11:17:54,49.16,7527162,1534,买盘
2150,11:17:57,49.2,1283429,261,买盘
2151,11:18:00,49.2,870788,177,买盘
2152,11:18:03,49.21,211595,43,买盘
2153,11:18:06,49.18,644587,131,卖盘
2154,11:18:09,49.17,108189,22,卖盘
2155,11:18:12,49.18,162294,33,买盘
2156,11:18:15,49.18,68851,14,买盘
2157,11:18:18,49.18,34426,7,买盘
2158,11:18:21,49.18,324587,66,买盘
2159,11:18:24,49.17,142616,29,卖盘
2160,11:18:27,49.17,186880,38,卖盘
2161,11:18:30,49.18,49192,10,中性盘
2162,11:18:33,49.19,39352,8,中性盘
2163,11:18:36,49.18,250829,51,卖盘
2164,11:18:39,49.18,216404,44,卖盘
2165,11:18:42,49.18,122950,25,买盘
2166,11:18:45,49.17,688398,140,卖盘
2167,11:18:48,49.16,417876,85,卖盘
2168,11:18:51,49.15,270327,55,卖盘
2169,11:18:54,49.16,108141,22,买盘
2170,11:18:57,49.13,299669,61,卖盘
2171,11:19:00,49.13,88415,18,买盘
2172,11:19:03,49.08,284797,58,卖盘
2173,11:19:06,49.09,147313,30,中性盘
2174,11:19:09,49.08,201273,41,卖盘
2175,11:19:12,49.1,54006,11,中性盘
2176,11:19:15,49.12,78564,16,买盘
2177,11:19:18,49.12,39289,8,买盘
2178,11:19:21,49.11,176804,36,卖盘
2179,11:19:24,49.11,240638,49,买盘
2180,11:19:27,49.09,225863,46,卖盘
2181,11:19:30,49.11,132576,27,买盘
2182,11:19:33,49.11,397787,81,买盘
2183,11:19:36,49.1,859251,175,卖盘
2184,11:19:39,49.1,289697,59,买盘
2185,11:19:42,49.1,83470,17,买盘
2186,11:19:45,49.1,206202,42,买盘
2187,11:19:48,49.1,471447,96,卖盘
2188,11:19:51,49.12,446882,91,买盘
2189,11:19:54,49.12,54015,11,买盘
2190,11:19:57,49.12,88401,18,买盘
2191,11:20:00,49.12,9824,2,买盘
2192,11:20:03,49.14,1748728,356,买盘
2193,11:20:06,49.13,260434,53,卖盘
2194,11:20:09,49.14,732070,149,买盘
2195,11:20:12,49.13,353746,72,卖盘
2196,11:20:15,49.13,127738,26,卖盘
2197,11:20:18,49.12,113000,23,卖盘
2198,11:20:21,49.18,2860247,582,买盘
2199,11:20:24,49.13,983041,200,卖盘
2200,11:20:27,49.18,196708,40,买盘
2201,11:20:30,49.17,525684,107,买盘
2202,11:20:33,49.15,34409,7,卖盘
2203,11:20:36,49.16,49161,10,买盘
2204,11:20:39,49.15,39324,8,卖盘
2205,11:20:42,49.17,49154,10,买盘
2206,11:20:45,49.16,63914,13,中性盘
2207,11:20:48,49.17,122925,25,买盘
2208,11:20:51,49.16,113089,23,卖盘
2209,11:20:54,49.17,63912,13,买盘
2210,11:20:57,49.17,968436,197,买盘
2211,11:21:00,49.15,309761,63,中性盘
2212,11:21:03,49.15,88490,18,卖盘
2213,11:21:06,49.15,34408,7,卖盘
2214,11:21:09,49.16,24577,5,中性盘
2215,11:21:12,49.15,265513,54,卖盘
2216,11:21:15,49.16,24580,5,中性盘
2217,11:21:18,49.16,29496,6,卖盘
2218,11:21:21,49.15,117966,24,卖盘
2219,11:21:24,49.16,49153,10,中性盘
2220,11:21:27,49.16,201519,41,买盘
2221,11:21:30,49.16,4916,1,买盘
2222,11:21:33,49.15,58990,12,卖盘
2223,11:21:36,49.16,29493,6,买盘
2224,11:21:39,49.16,83560,17,买盘
2225,11:21:42,49.15,157309,32,卖盘
2226,11:21:45,49.15,63902,13,卖盘
2227,11:21:48,49.15,280159,57,卖盘
2228,11:21:51,49.16,103236,21,买盘
2229,11:21:54,49.16,334288,68,买盘
2230,11:21:57,49.16,221224,45,买盘
2231,11:22:00,49.16,39328,8,买盘
2232,11:22:03,49.16,142572,29,卖盘
2233,11:22:06,49.16,44247,9,卖盘
2234,11:22:09,49.16,358877,73,卖盘
2235,11:22:12,49.16,78659,16,卖盘
2236,11:22:15,49.16,68829,14,卖盘
2237,11:22:18,49.16,9833,2,卖盘
2238,11:22:21,49.16,49160,10,卖盘
2239,11:22:24,49.16,388377,79,卖盘
2240,11:22:27,49.16,226136,46,买盘
2241,11:22:30,49.17,68827,14,买盘
2242,11:22:33,49.16,49160,10,卖盘
2243,11:22:36,49.16,501434,102,卖盘
2244,11:22:39,49.16,127835,26,卖盘
2245,11:22:42,49.16,93403,19,买盘
2246,11:22:45,49.16,176976,36,买盘
2247,11:22:48,49.15,73733,15,卖盘
2248,11:22:51,49.14,1322038,269,卖盘
2249,11:22:54,49.14,358651,73,买盘
2250,11:22:57,49.14,157167,32,买盘
2251,11:23:00,49.12,58944,12,卖盘
2252,11:23:03,49.1,446862,91,卖盘
2253,11:23:06,49.06,1305627,266,卖盘
2254,11:23:09,49.1,83470,17,买盘
2255,11:23:12,49.04,1064607,217,卖盘
2256,11:23:15,49.1,34368,7,买盘
2257,11:23:18,49.09,19636,4,卖盘
2258,11:23:21,49.09,171821,35,卖盘
2259,11:23:24,49.09,68726,14,买盘
2260,11:23:27,49.08,78528,16,卖盘
2261,11:23:30,49.08,39263,8,买盘
2262,11:23:33,49.07,98147,20,卖盘
2263,11:23:36,49.06,157026,32,卖盘
2264,11:23:39,49.06,161952,33,卖盘
2265,11:23:42,49.08,29448,6,买盘
2266,11:23:45,49.07,667031,136,买盘
2267,11:23:48,49.06,598363,122,买盘
2268,11:23:51,49.06,78498,16,买盘
2269,11:23:54,49.07,39263,8,中性盘
2270,11:23:57,49.06,264917,54,卖盘
2271,11:24:00,49.06,39247,8,买盘
2272,11:24:03,49.06,68683,14,买盘
2273,11:24:06,49.05,225645,46,卖盘
2274,11:24:09,49.05,358013,73,买盘
2275,11:24:12,49.04,608248,124,卖盘
2276,11:24:15,49.03,470617,96,卖盘
2277,11:24:18,49.02,774518,158,中性盘
2278,11:24:21,48.98,5684033,1160,卖盘
2279,11:24:24,49.01,524208,107,买盘
2280,11:24:27,49.01,343070,70,中性盘
2281,11:24:30,48.98,382415,78,卖盘
2282,11:24:33,49.05,480643,98,买盘
2283,11:24:36,49.04,392324,80,卖盘
2284,11:24:39,49.02,264814,54,卖盘
2285,11:24:42,49.04,470775,96,买盘
2286,11:24:45,49.02,19611,4,卖盘
2287,11:24:48,49.02,446151,91,卖盘
2288,11:24:51,49.01,102944,21,卖盘
2289,11:24:54,49.0,200903,41,卖盘
2290,11:24:57,49.0,867081,177,卖盘
2291,11:25:00,49.0,39200,8,买盘
2292,11:25:03,49.0,93099,19,买盘
2293,11:25:06,48.98,582934,119,卖盘
2294,11:25:09,48.97,6998569,1430,卖盘
2295,11:25:12,48.97,401542,82,买盘
2296,11:25:15,48.97,264438,54,买盘
2297,11:25:18,48.95,279085,57,卖盘
2298,11:25:21,48.98,1023317,209,买盘
2299,11:25:24,48.97,704735,144,中性盘
2300,11:25:27,48.97,367250,75,买盘
2301,11:25:30,48.98,1149879,235,买盘
2302,11:25:33,48.97,1321739,270,卖盘
2303,11:25:36,48.96,592537,121,卖盘
2304,11:25:39,48.98,249801,51,中性盘
2305,11:25:42,48.98,186082,38,买盘
2306,11:25:45,48.97,210580,43,卖盘
2307,11:25:48,48.97,63665,13,买盘
2308,11:25:51,48.98,710149,145,买盘
2309,11:25:54,48.98,29383,6,中性盘
2310,11:25:57,48.98,671181,137,买盘
2311,11:26:00,48.98,372280,76,卖盘
2312,11:26:03,48.98,156726,32,买盘
2313,11:26:06,48.98,661232,135,买盘
2314,11:26:09,48.98,191006,39,买盘
2315,11:26:12,48.98,553528,113,卖盘
2316,11:26:15,49.02,1941676,396,买盘
2317,11:26:18,49.02,176423,36,买盘
2318,11:26:21,49.02,941360,192,卖盘
2319,11:26:24,49.03,799294,163,中性盘
2320,11:26:27,49.04,14712,3,买盘
2321,11:26:30,49.04,49035,10,买盘
2322,11:26:33,49.02,201047,41,卖盘
2323,11:26:36,49.03,269669,55,卖盘
2324,11:26:39,49.03,29417,6,买盘
2325,11:26:42,49.03,102958,21,买盘
2326,11:26:45,49.02,308860,63,卖盘
2327,11:26:48,49.02,151980,31,卖盘
2328,11:26:51,49.02,161765,33,卖盘
2329,11:26:54,49.04,2382878,486,买盘
2330,11:26:57,49.01,4376455,893,卖盘
2331,11:27:00,49.01,127449,26,卖盘
2332,11:27:03,49.04,171601,35,买盘
2333,11:27:06,49.0,132388,27,卖盘
2334,11:27:09,49.02,112757,23,卖盘
2335,11:27:12,49.02,9804,2,卖盘
2336,11:27:15,49.02,107844,22,卖盘
2337,11:27:18,49.02,78433,16,卖盘
2338,11:27:21,49.02,83327,17,买盘
2339,11:27:24,49.0,347901,71,卖盘
2340,11:27:27,49.02,583084,119,买盘
2341,11:27:30,49.0,828100,169,卖盘
2342,11:27:33,49.02,186266,38,买盘
2343,11:27:36,49.02,147079,30,卖盘
2344,11:27:39,49.02,53923,11,卖盘
2345,11:27:42,49.02,53923,11,卖盘
2346,11:27:45,49.01,196071,40,卖盘
2347,11:27:48,49.01,137225,28,买盘
2348,11:27:51,49.01,475395,97,买盘
2349,11:27:54,49.0,161728,33,卖盘
2350,11:27:57,49.01,151906,31,买盘
2351,11:28:00,49.01,200930,41,买盘
2352,11:28:03,49.0,372414,76,卖盘
2353,11:28:06,49.01,93114,19,买盘
2354,11:28:09,49.01,49003,10,买盘
2355,11:28:12,49.04,2000038,408,买盘
2356,11:28:15,49.03,1210790,247,卖盘
2357,11:28:18,49.03,127471,26,买盘
2358,11:28:21,49.01,88234,18,卖盘
2359,11:28:24,49.02,4902,1,买盘
2360,11:28:27,49.03,985393,201,买盘
2361,11:28:30,49.03,456030,93,卖盘
2362,11:28:33,49.02,166683,34,卖盘
2363,11:28:36,49.03,529504,108,买盘
2364,11:28:39,49.0,1347549,275,卖盘
2365,11:28:42,48.99,78394,16,卖盘
2366,11:28:45,48.99,83286,17,卖盘
2367,11:28:48,49.0,244977,50,买盘
2368,11:28:51,48.99,34298,7,卖盘
2369,11:28:54,48.99,195983,40,卖盘
2370,11:28:57,48.99,176381,36,卖盘
2371,11:29:00,49.0,88186,18,买盘
2372,11:29:03,49.0,205761,42,买盘
2373,11:29:06,49.0,803385,164,买盘
2374,11:29:09,49.0,78389,16,买盘
2375,11:29:12,49.0,671295,137,买盘
2376,11:29:15,48.98,230239,47,卖盘
2377,11:29:18,48.99,200866,41,买盘
2378,11:29:21,49.0,362590,74,买盘
2379,11:29:24,49.02,1274051,260,买盘
2380,11:29:27,49.0,343066,70,卖盘
2381,11:29:30,49.04,2289466,467,买盘
2382,11:29:33,49.04,132396,27,买盘
2383,11:29:36,49.01,1171726,239,卖盘
2384,11:29:39,49.03,9806,2,买盘
2385,11:29:42,49.03,137284,28,买盘
2386,11:29:45,49.03,73542,15,买盘
2387,11:29:48,49.03,573651,117,买盘
2388,11:29:51,49.02,431345,88,卖盘
2389,11:29:54,49.03,53932,11,买盘
2390,11:29:57,49.02,68638,14,卖盘
2391,11:30:00,49.03,348073,71,买盘
2392,13:00:00,49.03,2210967,451,买盘
2393,13:00:03,49.04,3187329,650,买盘
2394,13:00:06,49.04,1996226,407,卖盘
2395,13:00:09,49.05,1780696,363,买盘
2396,13:00:12,49.23,6559855,1335,买盘
2397,13:00:15,49.3,2399645,487,买盘
2398,13:00:18,49.29,2587191,525,卖盘
2399,13:00:21,49.25,389364,79,中性盘
2400,13:00:24,49.29,39412,8,买盘
2401,13:00:27,49.29,344979,70,中性盘
2402,13:00:30,49.29,137938,28,买盘
2403,13:00:33,49.25,1162243,236,卖盘
2404,13:00:36,49.27,14779,3,买盘
2405,13:00:39,49.29,1123162,228,买盘
2406,13:00:42,49.29,300649,61,买盘
2407,13:00:45,49.29,147822,30,买盘
2408,13:00:48,49.33,715012,145,买盘
2409,13:00:51,49.33,424238,86,买盘
2410,13:00:54,49.32,340373,69,中性盘
2411,13:00:57,49.36,1460999,296,买盘
2412,13:01:00,49.36,375135,76,买盘
2413,13:01:03,49.4,1994447,404,买盘
2414,13:01:06,49.48,252145,51,买盘
2415,13:01:09,49.49,1222590,247,买盘
2416,13:01:12,49.48,232627,47,卖盘
2417,13:01:15,49.5,1079583,218,卖盘
2418,13:01:18,49.5,79194,16,卖盘
2419,13:01:21,49.48,687900,139,卖盘
2420,13:01:24,49.48,331529,67,买盘
2421,13:01:27,49.47,445260,90,中性盘
2422,13:01:30,49.46,385787,78,卖盘
2423,13:01:33,49.44,331309,67,卖盘
2424,13:01:36,49.44,385499,78,卖盘
2425,13:01:39,49.44,692408,140,卖盘
2426,13:01:42,49.44,716670,145,卖盘
2427,13:01:45,49.45,153268,31,买盘
2428,13:01:48,49.44,207621,42,买盘
2429,13:01:51,49.44,336181,68,买盘
2430,13:01:54,49.45,618114,125,买盘
2431,13:01:57,49.44,1725818,349,卖盘
2432,13:02:00,49.44,93947,19,卖盘
2433,13:02:03,49.46,677531,137,买盘
2434,13:02:06,49.49,326483,66,中性盘
2435,13:02:09,49.5,702567,142,买盘
2436,13:02:12,49.46,717311,145,卖盘
2437,13:02:15,49.45,919932,186,卖盘
2438,13:02:18,49.45,34622,7,卖盘
2439,13:02:21,49.46,553908,112,买盘
2440,13:02:24,49.48,361012,73,中性盘
2441,13:02:27,49.47,351342,71,卖盘
2442,13:02:30,49.47,286940,58,卖盘
2443,13:02:33,49.48,544171,110,买盘
2444,13:02:36,49.48,227569,46,买盘
2445,13:02:39,49.47,173162,35,卖盘
2446,13:02:42,49.47,168218,34,卖盘
2447,13:02:45,49.46,742069,150,卖盘
2448,13:02:48,49.45,1547665,313,卖盘
2449,13:02:51,49.45,227476,46,买盘
2450,13:02:54,49.35,627121,127,卖盘
2451,13:02:57,49.43,740475,150,买盘
2452,13:03:00,49.36,59232,12,卖盘
2453,13:03:03,49.35,799590,162,卖盘
2454,13:03:06,49.34,143115,29,卖盘
2455,13:03:09,49.35,404638,82,中性盘
2456,13:03:12,49.31,236804,48,卖盘
2457,13:03:15,49.33,685373,139,中性盘
2458,13:03:18,49.31,241642,49,卖盘
2459,13:03:21,49.31,310679,63,买盘
2460,13:03:24,49.29,532449,108,卖盘
2461,13:03:27,49.3,359923,73,买盘
2462,13:03:30,49.29,216882,44,卖盘
2463,13:03:33,49.29,290814,59,买盘
2464,13:03:36,49.28,147867,30,卖盘
2465,13:03:39,49.28,458376,93,卖盘
2466,13:03:42,49.28,83776,17,买盘
2467,13:03:45,49.28,1030276,209,卖盘
2468,13:03:48,49.29,197178,40,卖盘
2469,13:03:51,49.29,857874,174,卖盘
2470,13:03:54,49.29,34502,7,买盘
2471,13:03:57,49.29,14786,3,买盘
2472,13:04:00,49.29,59138,12,买盘
2473,13:04:03,49.3,83804,17,买盘
2474,13:04:06,49.3,241484,49,买盘
2475,13:04:09,49.34,778995,158,买盘
2476,13:04:12,49.4,789927,160,买盘
2477,13:04:15,49.36,345809,70,中性盘
2478,13:04:18,49.44,34608,7,买盘
2479,13:04:21,49.45,701643,142,买盘
2480,13:04:24,49.38,9878,2,卖盘
2481,13:04:27,49.43,108710,22,买盘
2482,13:04:30,49.44,74136,15,买盘
2483,13:04:33,49.43,207605,42,中性盘
2484,13:04:36,49.44,59324,12,买盘
2485,13:04:39,49.4,819892,166,卖盘
2486,13:04:42,49.36,311155,63,卖盘
2487,13:04:45,49.4,271527,55,买盘
2488,13:04:48,49.38,691572,140,中性盘
2489,13:04:51,49.36,54334,11,卖盘
2490,13:04:54,49.36,883394,179,卖盘
2491,13:04:57,49.32,547751,111,卖盘
2492,13:05:00,49.36,29616,6,买盘
2493,13:05:03,49.31,300832,61,卖盘
2494,13:05:06,49.31,793909,161,卖盘
2495,13:05:09,49.31,172590,35,买盘
2496,13:05:12,49.29,769081,156,卖盘
2497,13:05:15,49.3,399277,81,买盘
2498,13:05:18,49.3,611234,124,买盘
2499,13:05:21,49.31,986161,200,买盘
2500,13:05:24,49.35,236690,48,买盘
2501,13:05:27,49.31,246594,50,中性盘
2502,13:05:30,49.31,19736,4,卖盘
2503,13:05:33,49.35,182580,37,买盘
2504,13:05:36,49.31,315632,64,卖盘
2505,13:05:39,49.35,14805,3,买盘
2506,13:05:42,49.34,330426,67,中性盘
2507,13:05:45,49.35,138168,28,买盘
2508,13:05:48,49.35,59230,12,中性盘
2509,13:05:51,49.35,399962,81,卖盘
2510,13:05:54,49.35,103641,21,卖盘
2511,13:05:57,49.36,133294,27,卖盘
2512,13:06:00,49.36,83911,17,买盘
2513,13:06:03,49.38,222151,45,买盘
2514,13:06:09,49.45,578415,117,买盘
2515,13:06:15,49.44,341102,69,买盘
2516,13:06:21,49.45,623433,126,买盘
2517,13:06:24,49.46,89035,18,卖盘
2518,13:06:27,49.49,227639,46,买盘
2519,13:06:30,49.47,791886,160,卖盘
2520,13:06:33,49.49,316775,64,中性盘
2521,13:06:36,49.5,84157,17,卖盘
2522,13:06:39,49.51,168371,34,卖盘
2523,13:06:42,49.53,4953,1,中性盘
2524,13:06:45,49.55,247708,50,买盘
2525,13:06:48,49.54,693375,140,卖盘
2526,13:06:51,49.54,34669,7,买盘
2527,13:06:54,49.49,589225,119,卖盘
2528,13:06:57,49.5,880775,178,中性盘
2529,13:07:00,49.44,825982,167,卖盘
2530,13:07:03,49.41,450015,91,卖盘
2531,13:07:06,49.41,34599,7,中性盘
2532,13:07:09,49.41,4941,1,中性盘
2533,13:07:12,49.41,19766,4,中性盘
2534,13:07:15,49.41,64266,13,中性盘
2535,13:07:18,49.43,172921,35,中性盘
2536,13:07:21,49.43,410073,83,买盘
2537,13:07:24,49.44,9888,2,买盘
2538,13:07:27,49.45,39563,8,中性盘
2539,13:07:30,49.46,103851,21,买盘
2540,13:07:33,49.45,59346,12,卖盘
2541,13:07:36,49.48,252246,51,买盘
2542,13:07:42,49.46,192900,39,卖盘
2543,13:07:45,49.46,39568,8,卖盘
2544,13:07:48,49.46,494589,100,卖盘
2545,13:07:51,49.46,118703,24,买盘
2546,13:07:54,49.44,44502,9,卖盘
2547,13:07:57,49.46,118674,24,买盘
2548,13:08:00,49.46,24730,5,卖盘
2549,13:08:03,49.45,143368,29,卖盘
2550,13:08:06,49.44,44496,9,中性盘
2551,13:08:09,49.38,1249507,253,卖盘
2552,13:08:12,49.36,577298,117,中性盘
2553,13:08:15,49.32,291254,59,卖盘
2554,13:08:18,49.3,404372,82,卖盘
2555,13:08:21,49.3,212000,43,卖盘
2556,13:08:24,49.28,266184,54,卖盘
2557,13:08:27,49.29,39432,8,中性盘
2558,13:08:30,49.28,600849,122,卖盘
2559,13:08:33,49.28,68984,14,买盘
2560,13:08:36,49.27,433420,88,买盘
2561,13:08:39,49.27,19708,4,买盘
2562,13:08:42,49.24,182225,37,卖盘
2563,13:08:45,49.24,113267,23,卖盘
2564,13:08:48,49.23,98478,20,卖盘
2565,13:08:51,49.24,118175,24,买盘
2566,13:08:54,49.24,1102333,224,中性盘
2567,13:08:57,49.2,359131,73,卖盘
2568,13:09:00,49.2,132841,27,买盘
2569,13:09:03,49.2,63976,13,卖盘
2570,13:09:06,49.2,211585,43,卖盘
2571,13:09:09,49.2,83664,17,卖盘
2572,13:09:12,49.21,34447,7,中性盘
2573,13:09:15,49.19,54118,11,卖盘
2574,13:09:18,49.23,147618,30,买盘
2575,13:09:21,49.24,246157,50,买盘
2576,13:09:24,49.25,177252,36,买盘
2577,13:09:27,49.23,201854,41,卖盘
2578,13:09:30,49.24,39408,8,中性盘
2579,13:09:33,49.23,113230,23,卖盘
2580,13:09:36,49.24,334770,68,买盘
2581,13:09:39,49.24,59085,12,买盘
2582,13:09:42,49.25,132957,27,买盘
2583,13:09:45,49.26,49260,10,买盘
2584,13:09:48,49.25,133007,27,卖盘
2585,13:09:51,49.26,9853,2,中性盘
2586,13:09:54,49.29,78832,16,买盘
2587,13:09:57,49.29,103457,21,买盘
2588,13:10:00,49.26,137958,28,卖盘
2589,13:10:03,49.31,266181,54,买盘
2590,13:10:06,49.32,9864,2,买盘
2591,13:10:09,49.32,44395,9,买盘
2592,13:10:12,49.31,49312,10,卖盘
2593,13:10:15,49.32,138091,28,卖盘
2594,13:10:18,49.31,207121,42,卖盘
2595,13:10:21,49.33,2006584,407,买盘
2596,13:10:24,49.35,300930,61,买盘
2597,13:10:27,49.31,892648,181,卖盘
2598,13:10:30,49.31,98619,20,买盘
2599,13:10:33,49.3,9860,2,卖盘
2600,13:10:36,49.31,1262331,256,买盘
2601,13:10:39,49.31,1863927,378,买盘
2602,13:10:42,49.32,83857,17,中性盘
2603,13:10:45,49.33,9867,2,卖盘
2604,13:10:48,49.34,286307,58,中性盘
2605,13:10:51,49.35,39476,8,卖盘
2606,13:10:54,49.4,113585,23,买盘
2607,13:10:57,49.41,69145,14,买盘
2608,13:11:00,49.38,1090500,221,卖盘
2609,13:11:03,49.35,379994,77,卖盘
2610,13:11:06,49.36,1149868,233,买盘
2611,13:11:09,49.37,49377,10,卖盘
2612,13:11:12,49.38,474045,96,买盘
2613,13:11:15,49.38,103645,21,买盘
2614,13:11:18,49.38,19752,4,买盘
2615,13:11:21,49.39,118528,24,买盘
2616,13:11:24,49.36,340615,69,卖盘
2617,13:11:27,49.36,217182,44,买盘
2618,13:11:30,49.37,276412,56,买盘
2619,13:11:33,49.39,153095,31,买盘
2620,13:11:36,49.35,380051,77,卖盘
2621,13:11:39,49.37,54317,11,中性盘
2622,13:11:42,49.38,44435,9,买盘
2623,13:11:45,49.38,24693,5,买盘
2624,13:11:48,49.38,108617,22,卖盘
2625,13:11:51,49.38,291347,59,卖盘
2626,13:11:54,49.38,488763,99,买盘
2627,13:11:57,49.37,69125,14,卖盘
2628,13:12:00,49.38,74059,15,买盘
2629,13:12:03,49.38,34565,7,中性盘
2630,13:12:06,49.39,414795,84,买盘
2631,13:12:09,49.42,479196,97,买盘
2632,13:12:12,49.45,390563,79,买盘
2633,13:12:15,49.45,237342,48,买盘
2634,13:12:18,49.46,217583,44,买盘
2635,13:12:21,49.47,143427,29,买盘
2636,13:12:24,49.47,89041,18,买盘
2637,13:12:27,49.47,103867,21,买盘
2638,13:12:30,49.48,163253,33,买盘
2639,13:12:33,49.49,197928,40,买盘
2640,13:12:36,49.5,84142,17,买盘
2641,13:12:39,49.5,865711,175,买盘
2642,13:12:42,49.5,128694,26,买盘
2643,13:12:45,49.5,396016,80,买盘
2644,13:12:48,49.49,267311,54,卖盘
2645,13:12:51,49.5,247465,50,买盘
2646,13:12:54,49.47,148463,30,中性盘
2647,13:12:57,49.49,326592,66,买盘
2648,13:13:00,49.48,103914,21,中性盘
2649,13:13:03,49.46,885209,179,卖盘
2650,13:13:06,49.47,366045,74,买盘
2651,13:13:09,49.48,252381,51,买盘
2652,13:13:12,49.48,430618,87,卖盘
2653,13:13:15,49.47,539468,109,卖盘
2654,13:13:18,49.48,247448,50,卖盘
2655,13:13:21,49.47,786744,159,卖盘
2656,13:13:24,49.47,321618,65,中性盘
2657,13:13:27,49.47,29680,6,中性盘
2658,13:13:30,49.47,371015,75,买盘
2659,13:13:33,49.46,1592996,322,卖盘
2660,13:13:36,49.5,450400,91,买盘
2661,13:13:39,49.48,633724,128,卖盘
2662,13:13:42,49.5,1257300,254,买盘
2663,13:13:45,49.53,143619,29,买盘
2664,13:13:48,49.53,901693,182,卖盘
2665,13:13:51,49.54,4954,1,中性盘
2666,13:13:54,49.55,153612,31,买盘
2667,13:13:57,49.56,49562,10,买盘
2668,13:14:00,49.58,411333,83,买盘
2669,13:14:03,49.58,634428,128,买盘
2670,13:14:06,49.56,312370,63,中性盘
2671,13:14:09,49.59,123905,25,买盘
2672,13:14:12,49.6,208300,42,买盘
2673,13:14:15,49.6,684285,138,买盘
2674,13:14:18,49.6,123998,25,买盘
2675,13:14:21,49.6,396795,80,买盘
2676,13:14:24,49.61,342274,69,买盘
2677,13:14:27,49.63,193515,39,买盘
2678,13:14:30,49.63,1150973,232,卖盘
2679,13:14:33,49.64,124082,25,买盘
2680,13:14:36,49.65,590803,119,买盘
2681,13:14:39,49.62,1325372,267,卖盘
2682,13:14:42,49.65,798936,161,中性盘
2683,13:14:45,49.65,183677,37,买盘
2684,13:14:48,49.65,64544,13,卖盘
2685,13:14:51,49.64,1092071,220,卖盘
2686,13:14:54,49.64,39710,8,买盘
2687,13:14:57,49.61,784058,158,卖盘
2688,13:15:00,49.62,233256,47,中性盘
2689,13:15:03,49.63,258058,52,买盘
2690,13:15:06,49.63,322403,65,买盘
2691,13:15:09,49.63,525986,106,买盘
2692,13:15:12,49.59,416729,84,卖盘
2693,13:15:15,49.61,560458,113,买盘
2694,13:15:18,49.59,614983,124,卖盘
2695,13:15:21,49.57,59492,12,卖盘
2696,13:15:24,49.57,332220,67,卖盘
2697,13:15:27,49.57,252784,51,卖盘
2698,13:15:30,49.56,287498,58,卖盘
2699,13:15:33,49.57,158618,32,买盘
2700,13:15:36,49.57,208190,42,买盘
2701,13:15:39,49.56,208163,42,卖盘
2702,13:15:42,49.57,84269,17,买盘
2703,13:15:45,49.57,44613,9,买盘
2704,13:15:48,49.58,287507,58,买盘
2705,13:15:51,49.56,1462598,295,卖盘
2706,13:15:54,49.69,3703101,746,买盘
2707,13:15:57,49.7,238539,48,买盘
2708,13:16:00,49.71,333004,67,买盘
2709,13:16:03,49.71,243597,49,买盘
2710,13:16:06,49.74,338198,68,买盘
2711,13:16:09,49.74,547172,110,卖盘
2712,13:16:12,49.75,1527136,307,买盘
2713,13:16:15,49.75,1308323,263,卖盘
2714,13:16:18,49.74,820576,165,中性盘
2715,13:16:21,49.72,218768,44,中性盘
2716,13:16:24,49.68,1113498,224,卖盘
2717,13:16:27,49.72,333080,67,买盘
2718,13:16:30,49.7,1697941,342,买盘
2719,13:16:33,49.67,531445,107,卖盘
2720,13:16:36,49.67,397310,80,买盘
2721,13:16:39,49.67,218532,44,买盘
2722,13:16:42,49.67,402252,81,买盘
2723,13:16:45,49.67,268166,54,买盘
2724,13:16:48,49.67,163893,33,买盘
2725,13:16:51,49.67,158950,32,卖盘
2726,13:16:54,49.67,288081,58,卖盘
2727,13:16:57,49.67,884350,178,卖盘
2728,13:17:00,49.67,571222,115,卖盘
2729,13:17:03,49.68,760058,153,买盘
2730,13:17:06,49.69,149080,30,买盘
2731,13:17:09,49.71,1640125,330,买盘
2732,13:17:12,49.71,1819369,366,买盘
2733,13:17:15,49.72,800289,161,买盘
2734,13:17:18,49.73,929944,187,买盘
2735,13:17:21,49.72,164112,33,卖盘
2736,13:17:24,49.76,885576,178,买盘
2737,13:17:27,49.78,646956,130,买盘
2738,13:17:30,49.8,726732,146,买盘
2739,13:17:33,49.8,672255,135,买盘
2740,13:17:36,49.85,544173,109,买盘
2741,13:17:39,49.85,871908,175,买盘
2742,13:17:42,49.85,329004,66,卖盘
2743,13:17:45,49.85,782547,157,买盘
2744,13:17:48,49.84,363847,73,中性盘
2745,13:17:51,49.86,1311629,263,买盘
2746,13:17:54,49.86,379066,76,卖盘
2747,13:17:57,49.88,1032063,207,买盘
2748,13:18:00,49.89,1231979,247,买盘
2749,13:18:03,49.9,1117780,224,买盘
2750,13:18:06,49.93,743673,149,买盘
2751,13:18:09,49.94,559321,112,买盘
2752,13:18:12,49.96,359671,72,买盘
2753,13:18:15,49.95,1093818,219,卖盘
2754,13:18:18,49.96,2153354,431,中性盘
2755,13:18:21,49.94,339659,68,中性盘
2756,13:18:24,49.95,784154,157,买盘
2757,13:18:27,49.91,1133097,227,卖盘
2758,13:18:30,49.91,1447498,290,买盘
2759,13:18:33,49.92,289543,58,买盘
2760,13:18:36,49.93,474324,95,买盘
2761,13:18:39,49.94,389516,78,买盘
2762,13:18:42,49.94,119856,24,卖盘
2763,13:18:45,49.95,1328733,266,买盘
2764,13:18:48,49.97,564586,113,买盘
2765,13:18:51,49.97,204880,41,卖盘
2766,13:18:54,49.9,3594884,720,卖盘
2767,13:18:57,49.87,1302099,261,卖盘
2768,13:19:00,49.84,473756,95,卖盘
2769,13:19:03,49.81,917516,184,卖盘
2770,13:19:06,49.78,1971529,396,卖盘
2771,13:19:09,49.79,711934,143,买盘
2772,13:19:12,49.73,831014,167,卖盘
2773,13:19:15,49.8,3261251,655,买盘
2774,13:19:18,49.82,9163769,1840,买盘
2775,13:19:21,49.87,438844,88,中性盘
2776,13:19:24,49.87,344046,69,中性盘
2777,13:19:27,49.86,1944623,390,中性盘
2778,13:19:30,49.88,114723,23,买盘
2779,13:19:33,49.88,463841,93,卖盘
2780,13:19:36,49.88,219495,44,买盘
2781,13:19:39,49.88,334164,67,买盘
2782,13:19:42,49.88,428930,86,买盘
2783,13:19:45,49.88,847860,170,卖盘
2784,13:19:48,49.9,653487,131,买盘
2785,13:19:51,49.89,528721,106,中性盘
2786,13:19:54,49.88,1211500,243,中性盘
2787,13:19:57,49.85,299060,60,中性盘
2788,13:20:00,49.79,1274992,256,卖盘
2789,13:20:03,49.76,642179,129,卖盘
2790,13:20:06,49.73,572254,115,卖盘
2791,13:20:09,49.72,348081,70,卖盘
2792,13:20:12,49.74,278449,56,买盘
2793,13:20:15,49.68,511813,103,卖盘
2794,13:20:18,49.65,695357,140,卖盘
2795,13:20:21,49.62,555807,112,卖盘
2796,13:20:24,49.62,387129,78,卖盘
2797,13:20:27,49.62,367243,74,卖盘
2798,13:20:30,49.64,441570,89,买盘
2799,13:20:33,49.63,29783,6,卖盘
2800,13:20:36,49.62,74441,15,卖盘
2801,13:20:39,49.63,178669,36,买盘
2802,13:20:42,49.64,19854,4,中性盘
2803,13:20:45,49.7,630747,127,买盘
2804,13:20:48,49.71,109351,22,买盘
2805,13:20:51,49.71,159074,32,买盘
2806,13:20:54,49.73,223664,45,买盘
2807,13:20:57,49.74,119379,24,买盘
2808,13:21:00,49.76,392858,79,中性盘
2809,13:21:03,49.73,74623,15,卖盘
2810,13:21:06,49.73,64671,13,卖盘
2811,13:21:09,49.76,343265,69,买盘
2812,13:21:12,49.7,1033979,208,卖盘
2813,13:21:15,49.73,233707,47,中性盘
2814,13:21:18,49.69,457364,92,卖盘
2815,13:21:21,49.7,258370,52,买盘
2816,13:21:24,49.7,34790,7,卖盘
2817,13:21:27,49.72,357925,72,买盘
2818,13:21:30,49.71,422580,85,卖盘
2819,13:21:33,49.72,198909,40,卖盘
2820,13:21:36,49.72,129274,26,卖盘
2821,13:21:39,49.75,179005,36,买盘
2822,13:21:42,49.75,208953,42,买盘
2823,13:21:45,49.76,29856,6,买盘
2824,13:21:48,49.74,537273,108,卖盘
2825,13:21:51,49.77,14931,3,买盘
2826,13:21:54,49.76,179183,36,卖盘
2827,13:21:57,49.77,54744,11,中性盘
2828,13:22:00,49.79,517515,104,买盘
2829,13:22:03,49.77,139368,28,卖盘
2830,13:22:06,49.77,74649,15,买盘
2831,13:22:09,49.73,592057,119,卖盘
2832,13:22:12,49.72,552028,111,卖盘
2833,13:22:15,49.73,258568,52,中性盘
2834,13:22:18,49.72,59668,12,卖盘
2835,13:22:21,49.73,144191,29,买盘
2836,13:22:24,49.73,114371,23,买盘
2837,13:22:27,49.73,288476,58,卖盘
2838,13:22:30,49.73,472359,95,卖盘
2839,13:22:33,49.72,34807,7,卖盘
2840,13:22:36,49.73,109406,22,买盘
2841,13:22:39,49.72,253573,51,卖盘
2842,13:22:42,49.77,2725240,548,买盘
2843,13:22:45,49.78,721814,145,买盘
2844,13:22:48,49.8,298680,60,买盘
2845,13:22:51,49.81,263949,53,买盘
2846,13:22:54,49.79,482897,97,卖盘
2847,13:22:57,49.8,94623,19,中性盘
2848,13:23:00,49.79,438119,88,卖盘
2849,13:23:03,49.78,413126,83,卖盘
2850,13:23:06,49.77,363245,73,中性盘
2851,13:23:09,49.76,99524,20,中性盘
2852,13:23:12,49.75,69657,14,卖盘
2853,13:23:15,49.76,651607,131,买盘
2854,13:23:18,49.75,84576,17,卖盘
2855,13:23:21,49.75,273620,55,卖盘
2856,13:23:24,49.76,189076,38,买盘
2857,13:23:27,49.74,576994,116,卖盘
2858,13:23:30,49.74,417816,84,卖盘
2859,13:23:33,49.77,233861,47,买盘
2860,13:23:36,49.74,786040,158,卖盘
2861,13:23:39,49.75,184087,37,卖盘
2862,13:23:42,49.76,44779,9,买盘
2863,13:23:45,49.76,89551,18,买盘
2864,13:23:48,49.75,159225,32,卖盘
2865,13:23:51,49.75,99510,20,卖盘
2866,13:23:54,49.76,39808,8,卖盘
2867,13:23:57,49.75,114447,23,卖盘
2868,13:24:00,49.74,666606,134,卖盘
2869,13:24:03,49.75,258696,52,中性盘
2870,13:24:06,49.75,169148,34,买盘
2871,13:24:09,49.74,263623,53,卖盘
2872,13:24:12,49.73,358055,72,卖盘
2873,13:24:15,49.72,1501235,302,卖盘
2874,13:24:18,49.72,9944,2,买盘
2875,13:24:21,49.7,944172,190,卖盘
2876,13:24:24,49.74,795557,160,买盘
2877,13:24:27,49.73,4973,1,买盘
2878,13:24:30,49.7,422501,85,卖盘
2879,13:24:33,49.72,84522,17,买盘
2880,13:24:36,49.69,114306,23,卖盘
2881,13:24:39,49.68,452188,91,卖盘
2882,13:24:42,49.69,59628,12,卖盘
2883,13:24:45,49.68,273284,55,卖盘
2884,13:24:48,49.68,24840,5,买盘
2885,13:24:51,49.67,49670,10,卖盘
2886,13:24:54,49.67,59604,12,买盘
2887,13:24:57,49.67,24835,5,买盘
2888,13:25:00,49.67,432053,87,买盘
2889,13:25:03,49.65,1087423,219,卖盘
2890,13:25:06,49.66,297970,60,买盘
2891,13:25:09,49.65,109235,22,卖盘
2892,13:25:12,49.64,407077,82,卖盘
2893,13:25:15,49.62,491332,99,卖盘
2894,13:25:18,49.62,119088,24,卖盘
2895,13:25:21,49.62,69471,14,卖盘
2896,13:25:24,49.62,1623030,327,卖盘
2897,13:25:27,49.6,902903,182,卖盘
2898,13:25:30,49.6,510952,103,卖盘
2899,13:25:33,49.62,615015,124,买盘
2900,13:25:36,49.64,163755,33,买盘
2901,13:25:39,49.64,654914,132,买盘
2902,13:25:42,49.62,243146,49,卖盘
2903,13:25:45,49.62,138942,28,买盘
2904,13:25:48,49.62,29772,6,卖盘
2905,13:25:51,49.64,104222,21,买盘
2906,13:25:54,49.62,327611,66,卖盘
2907,13:25:57,49.64,79422,16,买盘
2908,13:26:00,49.63,446679,90,卖盘
2909,13:26:03,49.64,183650,37,中性盘
2910,13:26:06,49.63,213412,43,卖盘
2911,13:26:09,49.63,69494,14,卖盘
2912,13:26:12,49.65,595599,120,买盘
2913,13:26:15,49.64,248148,50,中性盘
2914,13:26:18,49.65,84402,17,买盘
2915,13:26:21,49.64,99290,20,卖盘
2916,13:26:24,49.64,263144,53,卖盘
2917,13:26:27,49.65,64537,13,买盘
2918,13:26:30,49.65,218458,44,买盘
2919,13:26:33,49.64,397057,80,卖盘
2920,13:26:36,49.64,109217,22,卖盘
2921,13:26:39,49.65,521295,105,买盘
2922,13:26:42,49.65,163845,33,卖盘
2923,13:26:45,49.65,74483,15,卖盘
2924,13:26:48,49.65,14896,3,卖盘
2925,13:26:51,49.66,158874,32,买盘
2926,13:26:54,49.66,79442,16,买盘
2927,13:26:57,49.64,471612,95,卖盘
2928,13:27:00,49.69,3243884,653,买盘
2929,13:27:03,49.7,909288,183,买盘
2930,13:27:06,49.69,318041,64,卖盘
2931,13:27:09,49.73,1252755,252,买盘
2932,13:27:12,49.71,49717,10,卖盘
2933,13:27:15,49.72,293325,59,买盘
2934,13:27:18,49.73,353020,71,买盘
2935,13:27:21,49.73,24865,5,买盘
2936,13:27:24,49.74,442677,89,买盘
2937,13:27:27,49.73,417779,84,卖盘
2938,13:27:30,49.74,99475,20,买盘
2939,13:27:33,49.74,467485,94,买盘
2940,13:27:36,49.74,497390,100,买盘
2941,13:27:39,49.75,119386,24,买盘
2942,13:27:42,49.74,149235,30,卖盘
2943,13:27:45,49.76,283630,57,买盘
2944,13:27:48,49.76,54734,11,买盘
2945,13:27:51,49.75,189082,38,卖盘
2946,13:27:54,49.76,258777,52,买盘
2947,13:27:57,49.76,174161,35,卖盘
2948,13:28:00,49.76,59712,12,买盘
2949,13:28:03,49.75,477622,96,卖盘
2950,13:28:06,49.76,34832,7,卖盘
2951,13:28:09,49.77,433052,87,买盘
2952,13:28:12,49.76,154271,31,卖盘
2953,13:28:15,49.76,64676,13,买盘
2954,13:28:18,49.76,298558,60,买盘
2955,13:28:21,49.76,189086,38,买盘
2956,13:28:24,49.75,408046,82,卖盘
2957,13:28:27,49.76,403087,81,卖盘
2958,13:28:30,49.76,214041,43,中性盘
2959,13:28:33,49.75,378111,76,卖盘
2960,13:28:36,49.76,587408,118,买盘
2961,13:28:39,49.78,39818,8,中性盘
2962,13:28:42,49.79,413116,83,买盘
2963,13:28:45,49.79,358536,72,买盘
2964,13:28:48,49.82,926382,186,买盘
2965,13:28:51,49.84,358726,72,买盘
2966,13:28:54,49.87,443700,89,买盘
2967,13:28:57,49.88,498701,100,买盘
2968,13:29:00,49.88,503780,101,买盘
2969,13:29:03,49.87,503656,101,卖盘
2970,13:29:06,49.89,952838,191,买盘
2971,13:29:09,49.9,798284,160,买盘
2972,13:29:12,49.86,937716,188,中性盘
2973,13:29:15,49.81,1345391,270,卖盘
2974,13:29:18,49.8,294087,59,卖盘
2975,13:29:21,49.85,49850,10,中性盘
2976,13:29:24,49.81,284133,57,卖盘
2977,13:29:27,49.81,199288,40,卖盘
2978,13:29:30,49.81,438269,88,买盘
2979,13:29:33,49.81,493111,99,买盘
2980,13:29:36,49.81,119550,24,卖盘
2981,13:29:39,49.82,204262,41,卖盘
2982,13:29:42,49.82,109605,22,卖盘
2983,13:29:45,49.83,159434,32,买盘
2984,13:29:48,49.82,782279,157,卖盘
2985,13:29:51,49.84,408613,82,买盘
2986,13:29:54,49.84,19936,4,卖盘
2987,13:29:57,49.85,94707,19,买盘
2988,13:30:00,49.85,154532,31,买盘
2989,13:30:03,49.86,563269,113,买盘
2990,13:30:06,49.87,1136438,228,买盘
2991,13:30:09,49.87,169543,34,中性盘
2992,13:30:12,49.88,194532,39,买盘
2993,13:30:15,49.87,643268,129,卖盘
2994,13:30:18,49.88,309250,62,买盘
2995,13:30:21,49.88,284303,57,买盘
2996,13:30:24,49.88,688373,138,买盘
2997,13:30:27,49.88,274413,55,卖盘
2998,13:30:30,49.89,39914,8,卖盘
2999,13:30:33,49.9,1596679,320,买盘
3000,13:30:36,49.89,319356,64,卖盘
3001,13:30:39,49.89,144705,29,卖盘
3002,13:30:42,49.89,74844,15,卖盘
3003,13:30:45,49.88,2538877,509,卖盘
3004,13:30:48,49.86,543401,109,中性盘
3005,13:30:51,49.85,249121,50,买盘
3006,13:30:54,49.81,2067182,415,卖盘
3007,13:30:57,49.82,542979,109,买盘
3008,13:31:00,49.82,74727,15,买盘
3009,13:31:03,49.84,552966,111,买盘
3010,13:31:06,49.82,79706,16,买盘
3011,13:31:09,49.82,19928,4,卖盘
3012,13:31:12,49.82,692437,139,卖盘
3013,13:31:15,49.83,523195,105,买盘
3014,13:31:18,49.82,214229,43,卖盘
3015,13:31:21,49.8,826887,166,卖盘
3016,13:31:24,49.82,214259,43,买盘
3017,13:31:27,49.8,69738,14,卖盘
3018,13:31:30,49.82,129510,26,买盘
3019,13:31:33,49.8,373500,75,卖盘
3020,13:31:36,49.82,149442,30,买盘
3021,13:31:39,49.8,49806,10,卖盘
3022,13:31:42,49.8,29882,6,卖盘
3023,13:31:45,49.82,49812,10,买盘
3024,13:31:48,49.82,388564,78,买盘
3025,13:31:51,49.82,164406,33,买盘
3026,13:31:54,49.82,69742,14,买盘
3027,13:31:57,49.81,229166,46,卖盘
3028,13:32:00,49.82,438401,88,买盘
3029,13:32:03,49.81,547927,110,卖盘
3030,13:32:06,49.82,124538,25,买盘
3031,13:32:09,49.82,298972,60,卖盘
3032,13:32:12,49.83,129555,26,买盘
3033,13:32:15,49.83,428610,86,卖盘
3034,13:32:18,49.83,194366,39,卖盘
3035,13:32:21,49.85,1609807,323,买盘
3036,13:32:24,49.84,348922,70,卖盘
3037,13:32:27,49.84,29908,6,卖盘
3038,13:32:30,49.86,668011,134,买盘
3039,13:32:33,49.84,353892,71,卖盘
