,成交时间,成交价格,成交金额,成交量,性质
0,09:25:00,37.96,15123264,3984,买盘
1,09:30:00,37.96,7765996,2044,卖盘
2,09:30:03,37.98,9232216,2430,卖盘
3,09:30:06,37.96,1895948,499,卖盘
4,09:30:09,38.03,919090,242,买盘
5,09:30:12,38.07,544328,143,买盘
6,09:30:15,38.1,621260,163,买盘
7,09:30:18,38.15,671180,176,买盘
8,09:30:21,38.23,2241730,587,买盘
9,09:30:24,38.27,872041,228,买盘
10,09:30:27,38.28,2071353,541,买盘
11,09:30:30,38.33,1482278,387,买盘
12,09:30:33,38.27,11310489,2954,卖盘
13,09:30:36,38.13,2102057,550,卖盘
14,09:30:39,38.07,1059100,278,卖盘
15,09:30:42,38.14,1493999,392,买盘
16,09:30:45,38.16,244162,64,买盘
17,09:30:48,38.24,1705365,446,买盘
18,09:30:51,38.26,179771,47,买盘
19,09:30:54,38.29,3551900,929,买盘
20,09:30:57,38.25,489826,128,卖盘
21,09:31:00,38.29,976155,255,买盘
22,09:31:03,38.29,386521,101,买盘
23,09:31:06,38.26,298571,78,卖盘
24,09:31:09,38.2,638497,167,卖盘
25,09:31:12,38.2,443196,116,买盘
26,09:31:15,38.15,541958,142,卖盘
27,09:31:18,38.19,1995796,523,买盘
28,09:31:21,38.2,923954,242,买盘
29,09:31:24,38.21,2002278,524,买盘
30,09:31:27,38.21,309635,81,卖盘
31,09:31:30,38.33,2721583,711,买盘
32,09:31:33,38.32,1186943,310,卖盘
33,09:31:36,38.31,263940,69,中性盘
34,09:31:39,38.3,428971,112,中性盘
35,09:31:42,38.27,409322,107,中性盘
36,09:31:45,38.25,393934,103,中性盘
37,09:31:48,38.26,1388668,363,买盘
38,09:31:51,38.25,627806,164,卖盘
39,09:31:54,38.28,646944,169,卖盘
40,09:31:57,38.26,489928,128,卖盘
41,09:32:00,38.28,1294255,338,买盘
42,09:32:03,38.26,964497,252,卖盘
43,09:32:06,38.26,1950353,510,卖盘
44,09:32:09,38.2,3830545,1003,卖盘
45,09:32:12,38.19,232821,61,中性盘
46,09:32:15,38.13,496638,130,卖盘
47,09:32:18,38.26,802246,210,买盘
48,09:32:21,38.21,470103,123,卖盘
49,09:32:24,38.25,462737,121,买盘
50,09:32:27,38.26,3106587,812,买盘
51,09:32:30,38.27,3782726,988,中性盘
52,09:32:33,38.32,2713125,708,买盘
53,09:32:36,38.34,310436,81,买盘
54,09:32:39,38.29,1865144,487,卖盘
55,09:32:42,38.29,1021996,267,买盘
56,09:32:45,38.31,267947,70,买盘
57,09:32:48,38.29,501344,131,中性盘
58,09:32:51,38.29,708152,185,买盘
59,09:32:54,38.28,237344,62,中性盘
60,09:32:57,38.3,781161,204,买盘
61,09:33:00,38.28,723545,189,买盘
62,09:33:03,38.28,405652,106,买盘
63,09:33:06,38.26,485938,127,买盘
64,09:33:09,38.29,1059868,277,买盘
65,09:33:12,38.29,994628,260,买盘
66,09:33:15,38.26,359743,94,卖盘
67,09:33:18,38.21,3977509,1040,卖盘
68,09:33:21,38.26,924870,242,买盘
69,09:33:24,38.28,110927,29,买盘
70,09:33:27,38.23,405492,106,中性盘
71,09:33:30,38.2,1154190,302,卖盘
72,09:33:33,38.25,527686,138,中性盘
73,09:33:36,38.25,302265,79,买盘
74,09:33:39,38.26,275482,72,中性盘
75,09:33:42,38.23,317476,83,卖盘
76,09:33:45,38.25,252499,66,买盘
77,09:33:48,38.24,435953,114,卖盘
78,09:33:51,38.26,501074,131,买盘
79,09:33:54,38.33,5387911,1406,买盘
80,09:33:57,38.35,356475,93,买盘
81,09:34:00,38.35,820682,214,买盘
82,09:34:03,38.35,705215,184,买盘
83,09:34:06,38.32,513397,134,中性盘
84,09:34:09,38.28,99596,26,卖盘
85,09:34:12,38.28,754461,197,卖盘
86,09:34:15,38.21,2885772,755,卖盘
87,09:34:18,38.2,149020,39,卖盘
88,09:34:21,38.22,512051,134,买盘
89,09:34:24,38.22,145264,38,买盘
90,09:34:27,38.22,91746,24,卖盘
91,09:34:30,38.25,420447,110,买盘
92,09:34:33,38.22,366865,96,卖盘
93,09:34:36,38.22,829861,217,卖盘
94,09:34:39,38.22,401421,105,卖盘
95,09:34:42,38.22,206418,54,卖盘
96,09:34:45,38.25,374754,98,买盘
97,09:34:48,38.22,424397,111,卖盘
98,09:34:51,38.25,462622,121,买盘
99,09:34:54,38.22,1735367,454,卖盘
100,09:34:57,38.22,3313663,867,卖盘
101,09:35:00,38.2,202488,53,卖盘
102,09:35:03,38.2,1875678,491,卖盘
103,09:35:06,38.2,217761,57,卖盘
104,09:35:09,38.2,240657,63,买盘
105,09:35:12,38.2,1718387,450,买盘
106,09:35:15,38.27,1495336,391,买盘
107,09:35:18,38.23,290686,76,卖盘
108,09:35:21,38.27,447364,117,买盘
109,09:35:24,38.23,107070,28,中性盘
110,09:35:27,38.27,229450,60,买盘
111,09:35:30,38.26,30598,8,中性盘
112,09:35:33,38.23,260147,68,卖盘
113,09:35:36,38.27,466738,122,买盘
114,09:35:39,38.24,447626,117,卖盘
115,09:35:42,38.28,532089,139,买盘
116,09:35:45,38.27,202800,53,卖盘
117,09:35:48,38.32,1145993,299,买盘
118,09:35:51,38.31,486574,127,卖盘
119,09:35:54,38.43,5698322,1485,买盘
120,09:35:57,38.43,246020,64,买盘
121,09:36:00,38.43,1318479,343,卖盘
122,09:36:03,38.45,522793,136,中性盘
123,09:36:06,38.41,1787142,465,卖盘
124,09:36:09,38.4,180432,47,中性盘
125,09:36:12,38.4,591188,154,买盘
126,09:36:15,38.4,1228884,320,买盘
127,09:36:18,38.4,368646,96,卖盘
128,09:36:21,38.38,825633,215,卖盘
129,09:36:24,38.31,904987,236,卖盘
130,09:36:27,38.35,306747,80,买盘
131,09:36:30,38.35,99660,26,买盘
132,09:36:33,38.35,778106,203,买盘
133,09:36:36,38.35,682608,178,卖盘
134,09:36:39,38.35,720938,188,买盘
135,09:36:42,38.35,483177,126,买盘
136,09:36:45,38.35,145744,38,买盘
137,09:36:48,38.34,1077664,281,卖盘
138,09:36:51,38.35,552204,144,买盘
139,09:36:54,38.33,210879,55,卖盘
140,09:36:57,38.34,333601,87,买盘
141,09:37:00,38.37,2101797,548,买盘
142,09:37:03,38.44,3048978,794,买盘
143,09:37:06,38.45,238242,62,买盘
144,09:37:09,38.46,339851,88,买盘
145,09:37:12,38.45,303770,79,卖盘
146,09:37:15,38.46,957471,249,买盘
147,09:37:18,38.43,3016821,785,卖盘
148,09:37:21,38.44,637933,166,买盘
149,09:37:24,38.44,226744,59,买盘
150,09:37:27,38.44,537893,140,买盘
151,09:37:30,38.44,288302,75,买盘
152,09:37:33,38.45,1115035,290,买盘
153,09:37:36,38.48,365416,95,买盘
154,09:37:39,38.5,1585712,412,买盘
155,09:37:42,38.52,1497885,389,买盘
156,09:37:45,38.52,1440933,374,卖盘
157,09:37:48,38.55,655571,170,中性盘
158,09:37:51,38.57,327842,85,中性盘
159,09:37:54,38.56,1478032,383,卖盘
160,09:37:57,38.57,960310,249,买盘
161,09:38:00,38.56,2297918,596,卖盘
162,09:38:03,38.5,2003951,520,卖盘
163,09:38:06,38.5,1601986,416,卖盘
164,09:38:09,38.49,656724,171,中性盘
165,09:38:12,38.48,1060160,275,卖盘
166,09:38:15,38.49,646827,168,买盘
167,09:38:18,38.52,1401534,364,买盘
168,09:38:21,38.5,673758,175,卖盘
169,09:38:24,38.51,1466652,381,中性盘
170,09:38:27,38.49,496672,129,中性盘
171,09:38:30,38.49,816308,212,卖盘
172,09:38:33,38.5,284902,74,卖盘
173,09:38:36,38.5,446580,116,买盘
174,09:38:39,38.49,693018,180,卖盘
175,09:38:42,38.51,1108940,288,买盘
176,09:38:45,38.46,2936923,763,卖盘
177,09:38:48,38.49,392565,102,买盘
178,09:38:51,38.5,307854,80,买盘
179,09:38:54,38.49,196307,51,买盘
180,09:38:57,38.5,288719,75,买盘
181,09:39:00,38.49,261778,68,卖盘
182,09:39:03,38.5,2829685,735,买盘
183,09:39:06,38.47,1700844,442,卖盘
184,09:39:09,38.5,1146474,298,买盘
185,09:39:12,38.5,304121,79,买盘
186,09:39:15,38.5,76995,20,中性盘
187,09:39:18,38.51,600774,156,买盘
188,09:39:21,38.51,566065,147,中性盘
189,09:39:24,38.52,319635,83,买盘
190,09:39:27,38.52,1093594,284,买盘
191,09:39:30,38.51,377445,98,中性盘
192,09:39:33,38.51,350423,91,买盘
193,09:39:36,38.48,488895,127,卖盘
194,09:39:39,38.47,1254390,326,卖盘
195,09:39:42,38.5,384734,100,买盘
196,09:39:45,38.47,84640,22,中性盘
197,09:39:48,38.48,992782,258,中性盘
198,09:39:51,38.44,1426650,371,卖盘
199,09:39:54,38.46,549765,143,买盘
200,09:39:57,38.42,1099014,286,卖盘
201,09:40:00,38.39,929247,242,卖盘
202,09:40:03,38.36,832760,217,卖盘
203,09:40:06,38.35,3263967,851,卖盘
204,09:40:09,38.36,368264,96,买盘
205,09:40:12,38.34,471672,123,卖盘
206,09:40:15,38.33,398720,104,卖盘
207,09:40:18,38.29,1991801,520,卖盘
208,09:40:21,38.26,1577036,412,卖盘
209,09:40:24,38.27,512935,134,买盘
210,09:40:27,38.26,528019,138,卖盘
211,09:40:30,38.26,1224449,320,买盘
212,09:40:33,38.26,210452,55,卖盘
213,09:40:36,38.27,156954,41,中性盘
214,09:40:39,38.27,183737,48,卖盘
215,09:40:42,38.27,1029471,269,卖盘
216,09:40:45,38.26,930109,243,卖盘
217,09:40:48,38.27,122464,32,买盘
218,09:40:51,38.26,176019,46,卖盘
219,09:40:54,38.26,4175901,1092,卖盘
220,09:40:57,38.23,941000,246,中性盘
221,09:41:00,38.22,787534,206,卖盘
222,09:41:03,38.2,546579,143,卖盘
223,09:41:06,38.2,1199487,314,卖盘
224,09:41:09,38.2,359032,94,买盘
225,09:41:12,38.2,527158,138,买盘
226,09:41:15,38.22,57314,15,买盘
227,09:41:18,38.2,523488,137,卖盘
228,09:41:21,38.21,198723,52,中性盘
229,09:41:24,38.22,554223,145,买盘
230,09:41:27,38.27,1418661,371,买盘
231,09:41:30,38.24,2978100,778,中性盘
232,09:41:33,38.26,153044,40,买盘
233,09:41:36,38.25,110922,29,卖盘
234,09:41:39,38.25,118572,31,买盘
235,09:41:42,38.24,275425,72,卖盘
236,09:41:45,38.24,914025,239,卖盘
237,09:41:48,38.24,138449,36,买盘
238,09:41:51,38.26,585283,153,买盘
239,09:41:54,38.28,126289,33,买盘
240,09:41:57,38.27,45928,12,卖盘
241,09:42:00,38.34,1635183,427,买盘
242,09:42:03,38.4,2397661,625,买盘
243,09:42:06,38.36,253271,66,卖盘
244,09:42:09,38.37,153456,40,买盘
245,09:42:12,38.36,207256,54,卖盘
246,09:42:15,38.31,337407,88,卖盘
247,09:42:18,38.36,893036,233,买盘
248,09:42:21,38.32,475190,124,卖盘
249,09:42:24,38.36,34509,9,买盘
250,09:42:27,38.35,425696,111,中性盘
251,09:42:30,38.36,260836,68,买盘
252,09:42:33,38.34,655726,171,卖盘
253,09:42:36,38.33,609395,159,卖盘
254,09:42:39,38.3,670451,175,卖盘
255,09:42:42,38.28,501609,131,卖盘
256,09:42:45,38.27,711936,186,卖盘
257,09:42:48,38.28,256486,67,买盘
258,09:42:51,38.27,451828,118,中性盘
259,09:42:54,38.28,164604,43,卖盘
260,09:42:57,38.29,363863,95,中性盘
261,09:43:00,38.29,118697,31,中性盘
262,09:43:03,38.29,99564,26,卖盘
263,09:43:06,38.31,57455,15,买盘
264,09:43:09,38.3,2577060,673,卖盘
265,09:43:12,38.34,310508,81,买盘
266,09:43:15,38.3,532747,139,卖盘
267,09:43:18,38.32,283587,74,中性盘
268,09:43:21,38.33,295123,77,买盘
269,09:43:24,38.29,1474668,385,卖盘
270,09:43:27,38.27,5149953,1346,卖盘
271,09:43:30,38.3,359680,94,买盘
272,09:43:33,38.27,405666,106,中性盘
273,09:43:36,38.29,566343,148,买盘
274,09:43:39,38.28,252691,66,卖盘
275,09:43:42,38.29,421188,110,中性盘
276,09:43:45,38.29,1022031,267,卖盘
277,09:43:48,38.29,210608,55,买盘
278,09:43:51,38.28,248794,65,卖盘
279,09:43:54,38.27,570324,149,卖盘
280,09:43:57,38.27,137778,36,卖盘
281,09:44:00,38.28,734820,192,买盘
282,09:44:03,38.27,252574,66,中性盘
283,09:44:06,38.26,244898,64,卖盘
284,09:44:09,38.25,195119,51,卖盘
285,09:44:12,38.26,187499,49,买盘
286,09:44:15,38.25,294620,77,卖盘
287,09:44:18,38.24,2058014,538,卖盘
288,09:44:21,38.25,497175,130,买盘
289,09:44:24,38.25,305905,80,买盘
290,09:44:27,38.25,279149,73,买盘
291,09:44:30,38.25,550783,144,卖盘
292,09:44:33,38.25,719289,188,中性盘
293,09:44:36,38.25,829894,217,卖盘
294,09:44:39,38.25,631081,165,买盘
295,09:44:42,38.22,152945,40,卖盘
296,09:44:45,38.24,114710,30,中性盘
297,09:44:48,38.22,554118,145,卖盘
298,09:44:51,38.22,95546,25,卖盘
299,09:44:54,38.22,229318,60,买盘
300,09:44:57,38.21,1307567,342,卖盘
301,09:45:00,38.21,2818997,738,卖盘
302,09:45:03,38.17,4597966,1204,卖盘
303,09:45:06,38.18,847396,222,中性盘
304,09:45:09,38.17,316859,83,卖盘
305,09:45:12,38.17,26720,7,卖盘
306,09:45:15,38.17,72527,19,卖盘
307,09:45:18,38.16,198432,52,卖盘
308,09:45:21,38.15,1682136,441,卖盘
309,09:45:24,38.15,324283,85,卖盘
310,09:45:27,38.22,1553565,407,买盘
311,09:45:30,38.23,1237611,324,买盘
312,09:45:33,38.21,657217,172,卖盘
313,09:45:36,38.22,194933,51,卖盘
314,09:45:39,38.23,692051,181,卖盘
315,09:45:42,38.23,856381,224,卖盘
316,09:45:45,38.27,80336,21,买盘
317,09:45:48,38.28,382673,100,买盘
318,09:45:51,38.25,662174,173,卖盘
319,09:45:54,38.29,95702,25,买盘
320,09:45:57,38.27,149291,39,卖盘
321,09:46:00,38.29,187604,49,买盘
322,09:46:03,38.28,210514,55,卖盘
323,09:46:06,38.28,451794,118,买盘
324,09:46:09,38.26,451607,118,卖盘
325,09:46:12,38.26,110942,29,卖盘
326,09:46:15,38.26,795839,208,买盘
327,09:46:18,38.2,1012892,265,卖盘
328,09:46:21,38.22,145220,38,买盘
329,09:46:24,38.22,57326,15,买盘
330,09:46:27,38.21,1333190,349,中性盘
331,09:46:30,38.21,91723,24,卖盘
332,09:46:33,38.21,634304,166,卖盘
333,09:46:36,38.22,561678,147,买盘
334,09:46:39,38.23,45861,12,买盘
335,09:46:42,38.22,378289,99,中性盘
336,09:46:45,38.24,302019,79,买盘
337,09:46:48,38.22,156713,41,卖盘
338,09:46:51,38.22,118482,31,卖盘
339,09:46:54,38.24,355476,93,买盘
340,09:46:57,38.23,156748,41,卖盘
341,09:47:00,38.23,95580,25,卖盘
342,09:47:03,38.21,363094,95,卖盘
343,09:47:06,38.21,424214,111,卖盘
344,09:47:09,38.2,152840,40,卖盘
345,09:47:12,38.21,695293,182,买盘
346,09:47:15,38.21,49682,13,卖盘
347,09:47:18,38.22,256044,67,买盘
348,09:47:21,38.23,26760,7,买盘
349,09:47:24,38.24,871708,228,买盘
350,09:47:27,38.23,68806,18,卖盘
351,09:47:30,38.23,214080,56,卖盘
352,09:47:33,38.23,84107,22,卖盘
353,09:47:36,38.24,390075,102,买盘
354,09:47:39,38.26,355570,93,买盘
355,09:47:42,38.26,198878,52,买盘
356,09:47:45,38.26,229591,60,卖盘
357,09:47:48,38.27,463085,121,中性盘
358,09:47:51,38.3,708521,185,买盘
359,09:47:54,38.29,141709,37,中性盘
360,09:47:57,38.3,69700,18,买盘
361,09:48:00,38.27,1610935,421,卖盘
362,09:48:03,38.25,838138,219,卖盘
363,09:48:06,38.25,459100,120,卖盘
364,09:48:09,38.23,214170,56,卖盘
365,09:48:12,38.24,179712,47,中性盘
366,09:48:15,38.23,122346,32,卖盘
367,09:48:18,38.28,1029078,269,买盘
368,09:48:21,38.28,214365,56,中性盘
369,09:48:24,38.28,19136,5,中性盘
370,09:48:27,38.28,440374,115,中性盘
371,09:48:30,38.3,716442,187,买盘
372,09:48:33,38.33,310226,81,买盘
373,09:48:36,38.3,118787,31,卖盘
374,09:48:39,38.3,187798,49,卖盘
375,09:48:42,38.32,406000,106,买盘
376,09:48:45,38.32,153294,40,卖盘
377,09:48:48,38.33,272199,71,买盘
378,09:48:51,38.35,3835,1,买盘
379,09:48:54,38.34,352805,92,中性盘
380,09:48:57,38.33,1192276,311,卖盘
381,09:49:00,38.33,475436,124,买盘
382,09:49:03,38.32,126472,33,卖盘
383,09:49:06,38.32,594057,155,卖盘
384,09:49:09,38.29,436670,114,卖盘
385,09:49:12,38.31,1030919,269,买盘
386,09:49:15,38.29,540068,141,卖盘
387,09:49:18,38.28,306335,80,卖盘
388,09:49:21,38.27,539727,141,卖盘
389,09:49:24,38.27,1029361,269,卖盘
390,09:49:27,38.26,432143,113,买盘
391,09:49:30,38.26,65034,17,买盘
392,09:49:33,38.25,84187,22,卖盘
393,09:49:36,38.24,371068,97,卖盘
394,09:49:39,38.26,87992,23,买盘
395,09:49:42,38.23,500951,131,卖盘
396,09:49:45,38.24,198804,52,买盘
397,09:49:48,38.23,61170,16,卖盘
398,09:49:51,38.25,141475,37,买盘
399,09:49:54,38.25,397844,104,买盘
400,09:49:57,38.24,397652,104,卖盘
401,09:50:00,38.23,141485,37,卖盘
402,09:50:03,38.24,214130,56,中性盘
403,09:50:06,38.26,623410,163,买盘
404,09:50:09,38.23,642326,168,卖盘
405,09:50:12,38.27,176006,46,买盘
406,09:50:15,38.28,459250,120,买盘
407,09:50:18,38.27,312321,82,卖盘
408,09:50:21,38.25,126273,33,卖盘
409,09:50:24,38.24,830218,217,卖盘
410,09:50:27,38.23,225607,59,卖盘
411,09:50:30,38.25,317386,83,买盘
412,09:50:33,38.23,156758,41,卖盘
413,09:50:36,38.24,1173302,307,中性盘
414,09:50:39,38.22,902616,236,卖盘
415,09:50:42,38.2,5234449,1370,卖盘
416,09:50:45,38.2,87882,23,卖盘
417,09:50:48,38.22,187247,49,买盘
418,09:50:51,38.22,416385,109,买盘
419,09:50:54,38.2,202498,53,卖盘
420,09:50:57,38.2,202470,53,卖盘
421,09:51:00,38.2,718017,188,卖盘
422,09:51:03,38.18,492696,129,卖盘
423,09:51:06,38.18,156578,41,卖盘
424,09:51:09,38.18,324556,85,卖盘
425,09:51:12,38.19,152750,40,中性盘
426,09:51:15,38.18,183296,48,卖盘
427,09:51:18,38.18,53458,14,卖盘
428,09:51:21,38.18,335931,88,买盘
429,09:51:24,38.16,53440,14,卖盘
430,09:51:27,38.16,202261,53,卖盘
431,09:51:30,38.16,946365,248,卖盘
432,09:51:33,38.16,83962,22,卖盘
433,09:51:36,38.16,99224,26,卖盘
434,09:51:39,38.16,202251,53,卖盘
435,09:51:42,38.16,129745,34,卖盘
436,09:51:45,38.16,412166,108,卖盘
437,09:51:48,38.16,366336,96,买盘
438,09:51:51,38.16,247999,65,买盘
439,09:51:54,38.15,87755,23,卖盘
440,09:51:57,38.16,488350,128,买盘
441,09:52:00,38.16,95397,25,买盘
442,09:52:03,38.16,911884,239,买盘
443,09:52:06,38.16,80132,21,买盘
444,09:52:09,38.16,206033,54,买盘
445,09:52:12,38.16,212929,56,买盘
446,09:52:15,38.16,61056,16,卖盘
447,09:52:18,38.21,3046607,798,买盘
448,09:52:21,38.23,741559,194,买盘
449,09:52:24,38.23,64970,17,卖盘
450,09:52:27,38.2,68791,18,卖盘
451,09:52:30,38.2,129951,34,卖盘
452,09:52:33,38.19,175742,46,卖盘
453,09:52:36,38.2,106933,28,中性盘
454,09:52:39,38.2,194772,51,买盘
455,09:52:42,38.21,148981,39,买盘
456,09:52:45,38.2,263618,69,卖盘
457,09:52:48,38.2,72583,19,卖盘
458,09:52:51,38.2,210094,55,卖盘
459,09:52:54,38.2,49660,13,买盘
460,09:52:57,38.21,294142,77,买盘
461,09:53:00,38.2,110793,29,卖盘
462,09:53:03,38.2,191031,50,卖盘
463,09:53:06,38.21,386836,101,买盘
464,09:53:09,38.23,175730,46,买盘
465,09:53:12,38.2,442254,116,卖盘
466,09:53:15,38.15,2884737,756,卖盘
467,09:53:18,38.14,1354322,355,卖盘
468,09:53:21,38.15,270834,71,买盘
469,09:53:24,38.15,183037,48,买盘
470,09:53:27,38.13,171580,45,卖盘
471,09:53:30,38.13,2142201,561,卖盘
472,09:53:33,38.14,137294,36,卖盘
473,09:53:36,38.14,87703,23,买盘
474,09:53:39,38.12,594618,156,卖盘
475,09:53:42,38.12,163897,43,买盘
476,09:53:45,38.12,381158,100,买盘
477,09:53:48,38.12,872898,229,卖盘
478,09:53:51,38.14,270723,71,买盘
479,09:53:54,38.14,953094,250,买盘
480,09:53:57,38.15,137315,36,买盘
481,09:54:00,38.15,224976,59,卖盘
482,09:54:03,38.15,137343,36,买盘
483,09:54:06,38.17,125928,33,买盘
484,09:54:09,38.16,141198,37,卖盘
485,09:54:12,38.15,217501,57,卖盘
486,09:54:15,38.17,175492,46,买盘
487,09:54:18,38.15,106820,28,卖盘
488,09:54:21,38.17,663887,174,买盘
489,09:54:24,38.17,717149,188,卖盘
490,09:54:27,38.16,416097,109,卖盘
491,09:54:30,38.16,22888,6,卖盘
492,09:54:33,38.16,76334,20,卖盘
493,09:54:36,38.15,202230,53,卖盘
494,09:54:39,38.15,61055,16,卖盘
495,09:54:42,38.16,118270,31,中性盘
496,09:54:45,38.14,308993,81,卖盘
497,09:54:48,38.16,232729,61,买盘
498,09:54:51,38.14,308972,81,卖盘
499,09:54:54,38.14,133974,35,卖盘
500,09:54:57,38.15,113984,30,买盘
501,09:55:00,38.16,167847,44,买盘
502,09:55:03,38.14,41964,11,卖盘
503,09:55:06,38.15,244108,64,买盘
504,09:55:09,38.13,419983,110,卖盘
505,09:55:12,38.13,514806,135,卖盘
506,09:55:15,38.14,549131,144,买盘
507,09:55:18,38.13,224967,59,卖盘
508,09:55:21,38.13,983778,258,卖盘
509,09:55:24,38.13,156349,41,卖盘
510,09:55:27,38.13,129642,34,卖盘
511,09:55:30,38.12,640583,168,卖盘
512,09:55:33,38.13,243984,64,买盘
513,09:55:36,38.11,175362,46,卖盘
514,09:55:39,38.12,163900,43,买盘
515,09:55:42,38.12,217228,57,买盘
516,09:55:45,38.11,571701,150,卖盘
517,09:55:48,38.1,182912,48,卖盘
518,09:55:51,38.1,331493,87,卖盘
519,09:55:54,38.11,1497729,393,买盘
520,09:55:57,38.11,354456,93,卖盘
521,09:56:00,38.13,484066,127,买盘
522,09:56:03,38.11,525949,138,卖盘
523,09:56:06,38.11,952786,250,卖盘
524,09:56:09,38.11,708896,186,卖盘
525,09:56:12,38.12,121972,32,买盘
526,09:56:15,38.11,209612,55,卖盘
527,09:56:18,38.12,579423,152,中性盘
528,09:56:21,38.16,7811965,2050,买盘
529,09:56:24,38.12,152483,40,卖盘
530,09:56:27,38.13,411802,108,买盘
531,09:56:30,38.14,2246456,589,卖盘
532,09:56:33,38.15,221303,58,卖盘
533,09:56:36,38.15,41965,11,卖盘
534,09:56:39,38.15,183123,48,卖盘
535,09:56:42,38.15,213666,56,卖盘
536,09:56:45,38.15,34335,9,买盘
537,09:56:48,38.15,205923,54,买盘
538,09:56:51,38.13,209774,55,卖盘
539,09:56:54,38.13,297478,78,卖盘
540,09:56:57,38.15,495916,130,买盘
541,09:57:00,38.13,285983,75,卖盘
542,09:57:03,38.15,236457,62,买盘
543,09:57:06,38.14,61023,16,买盘
544,09:57:09,38.13,186860,49,卖盘
545,09:57:12,38.15,724813,190,买盘
546,09:57:15,38.13,472891,124,卖盘
547,09:57:18,38.14,110589,29,中性盘
548,09:57:21,38.15,11445,3,卖盘
549,09:57:24,38.15,324166,85,买盘
550,09:57:27,38.15,118238,31,买盘
551,09:57:30,38.15,301385,79,买盘
552,09:57:33,38.15,30520,8,卖盘
553,09:57:36,38.15,30520,8,卖盘
554,09:57:39,38.16,57228,15,买盘
555,09:57:42,38.16,7632,2,买盘
556,09:57:45,38.16,1022665,268,买盘
557,09:57:48,38.15,225085,59,卖盘
558,09:57:51,38.15,41965,11,买盘
559,09:57:54,38.15,11445,3,买盘
560,09:57:57,38.16,351019,92,买盘
561,09:58:00,38.16,6668550,1749,买盘
562,09:58:03,38.15,91576,24,卖盘
563,09:58:06,38.16,34337,9,买盘
564,09:58:09,38.15,99194,26,卖盘
565,09:58:12,38.15,125905,33,卖盘
566,09:58:15,38.15,209817,55,卖盘
567,09:58:18,38.15,91564,24,卖盘
568,09:58:21,38.15,68669,18,买盘
569,09:58:24,38.15,99180,26,买盘
570,09:58:27,38.15,167855,44,买盘
571,09:58:30,38.15,991746,260,卖盘
572,09:58:33,38.15,511973,134,买盘
573,09:58:36,38.15,106837,28,卖盘
574,09:58:39,38.18,221321,58,买盘
575,09:58:42,38.15,41964,11,中性盘
576,09:58:45,38.16,61045,16,买盘
577,09:58:48,38.17,114481,30,买盘
578,09:58:51,38.15,22890,6,卖盘
579,09:58:54,38.15,141155,37,卖盘
580,09:58:57,38.15,129747,34,卖盘
581,09:59:00,38.15,61058,16,卖盘
582,09:59:03,38.18,362626,95,买盘
583,09:59:06,38.15,30520,8,卖盘
584,09:59:09,38.15,95381,25,卖盘
585,09:59:12,38.14,236511,62,卖盘
586,09:59:15,38.14,2547127,668,卖盘
587,09:59:18,38.11,396561,104,卖盘
588,09:59:21,38.1,1226922,322,卖盘
589,09:59:24,38.1,118126,31,卖盘
590,09:59:27,38.1,160015,42,买盘
591,09:59:30,38.1,102870,27,卖盘
592,09:59:33,38.1,163830,43,卖盘
593,09:59:36,38.1,952522,250,买盘
594,09:59:39,38.11,167662,44,中性盘
595,09:59:42,38.11,64779,17,卖盘
596,09:59:45,38.11,163832,43,中性盘
597,09:59:48,38.11,26672,7,买盘
598,09:59:51,38.1,110506,29,卖盘
599,09:59:54,38.11,68598,18,中性盘
600,09:59:57,38.1,171461,45,卖盘
601,10:00:00,38.1,247680,65,卖盘
602,10:00:03,38.1,361952,95,卖盘
603,10:00:06,38.09,270498,71,卖盘
604,10:00:09,38.09,331382,87,卖盘
605,10:00:12,38.08,418917,110,卖盘
606,10:00:15,38.08,1222615,321,卖盘
607,10:00:18,38.08,110442,29,卖盘
608,10:00:21,38.08,1676069,440,卖盘
609,10:00:24,38.08,3099825,814,买盘
610,10:00:27,38.08,594048,156,卖盘
611,10:00:30,38.07,175122,46,卖盘
612,10:00:33,38.06,384476,101,卖盘
613,10:00:36,38.06,121800,32,卖盘
614,10:00:39,38.07,293074,77,买盘
615,10:00:42,38.05,152206,40,卖盘
616,10:00:45,38.07,479486,126,买盘
617,10:00:48,38.06,605215,159,卖盘
618,10:00:51,38.07,525259,138,买盘
619,10:00:54,38.06,597557,157,卖盘
620,10:00:57,38.06,570936,150,卖盘
621,10:01:00,38.05,1568057,412,卖盘
622,10:01:03,38.05,445345,117,卖盘
623,10:01:06,38.05,2696185,709,卖盘
624,10:01:09,38.02,26627,7,卖盘
625,10:01:12,38.02,133102,35,卖盘
626,10:01:15,38.01,144480,38,卖盘
627,10:01:18,38.01,117842,31,卖盘
628,10:01:21,38.01,136836,36,卖盘
629,10:01:24,38.01,680392,179,卖盘
630,10:01:27,38.01,239436,63,卖盘
631,10:01:30,38.02,923630,243,买盘
632,10:01:33,38.01,535983,141,卖盘
633,10:01:36,38.03,547322,144,中性盘
634,10:01:39,38.04,262304,69,中性盘
635,10:01:42,38.04,559063,147,买盘
636,10:01:45,38.06,2079960,547,买盘
637,10:01:48,38.03,452691,119,卖盘
638,10:01:51,38.04,346013,91,中性盘
639,10:01:54,38.05,479502,126,买盘
640,10:01:57,38.05,68504,18,卖盘
641,10:02:00,38.08,224534,59,买盘
642,10:02:03,38.07,121793,32,中性盘
643,10:02:06,38.08,525095,138,买盘
644,10:02:09,38.08,308246,81,买盘
645,10:02:12,38.08,186582,49,买盘
646,10:02:15,38.1,102820,27,买盘
647,10:02:18,38.09,87598,23,买盘
648,10:02:21,38.09,571500,150,买盘
649,10:02:24,38.08,167583,44,卖盘
650,10:02:27,38.09,201843,53,买盘
651,10:02:30,38.09,293218,77,买盘
652,10:02:33,38.07,449345,118,卖盘
653,10:02:36,38.1,537106,141,买盘
654,10:02:39,38.07,1055235,277,卖盘
655,10:02:42,38.11,933534,245,买盘
656,10:02:45,38.09,49506,13,中性盘
657,10:02:48,38.09,64748,17,卖盘
658,10:02:51,38.08,182798,48,卖盘
659,10:02:54,38.09,114262,30,中性盘
660,10:02:57,38.08,133278,35,卖盘
661,10:03:00,38.08,917546,241,买盘
662,10:03:03,38.07,677890,178,卖盘
663,10:03:06,38.09,1173074,308,买盘
664,10:03:09,38.07,171322,45,卖盘
665,10:03:12,38.07,494841,130,买盘
666,10:03:15,38.07,757375,199,卖盘
667,10:03:18,38.07,95155,25,买盘
668,10:03:21,38.07,60906,16,买盘
669,10:03:24,38.07,243631,64,买盘
670,10:03:27,38.06,772214,203,中性盘
671,10:03:30,38.08,144693,38,买盘
672,10:03:33,38.05,14897260,3920,卖盘
673,10:03:36,38.06,110348,29,买盘
674,10:03:39,38.06,490816,129,买盘
675,10:03:42,38.02,414824,109,卖盘
676,10:03:45,38.02,506171,133,卖盘
677,10:03:48,38.05,194012,51,中性盘
678,10:03:51,38.02,201499,53,卖盘
679,10:03:54,38.03,429616,113,买盘
680,10:03:57,38.01,581563,153,卖盘
681,10:04:00,38.0,159625,42,卖盘
682,10:04:03,38.0,159610,42,卖盘
683,10:04:06,38.0,129213,34,卖盘
684,10:04:09,38.01,159618,42,卖盘
685,10:04:12,38.01,680272,179,卖盘
686,10:04:15,38.03,931320,245,买盘
687,10:04:18,38.04,509769,134,中性盘
688,10:04:21,38.05,49468,13,中性盘
689,10:04:24,38.06,251088,66,中性盘
690,10:04:27,38.07,121776,32,买盘
691,10:04:30,38.06,11418,3,卖盘
692,10:04:33,38.08,449278,118,买盘
693,10:04:36,38.08,76151,20,卖盘
694,10:04:39,38.08,45696,12,卖盘
695,10:04:42,38.09,60946,16,买盘
696,10:04:45,38.08,567481,149,卖盘
697,10:04:48,38.07,144666,38,卖盘
698,10:04:51,38.08,955797,251,买盘
699,10:04:54,38.08,228386,60,卖盘
700,10:04:57,38.09,148497,39,买盘
701,10:05:00,38.05,327365,86,卖盘
702,10:05:03,38.05,45675,12,卖盘
703,10:05:06,38.05,87521,23,卖盘
704,10:05:09,38.03,277746,73,卖盘
705,10:05:12,38.03,7606,2,卖盘
706,10:05:15,38.04,68482,18,中性盘
707,10:05:18,38.03,475498,125,卖盘
708,10:05:21,38.03,45642,12,卖盘
709,10:05:24,38.03,251073,66,卖盘
710,10:05:27,38.03,45652,12,卖盘
711,10:05:30,38.03,197774,52,卖盘
712,10:05:33,38.03,308044,81,卖盘
713,10:05:36,37.99,2743919,722,卖盘
714,10:05:39,38.0,117796,31,买盘
715,10:05:42,38.01,558511,147,买盘
716,10:05:45,38.0,49400,13,卖盘
717,10:05:48,38.01,714557,188,买盘
718,10:05:51,38.0,323070,85,卖盘
719,10:05:54,38.0,83610,22,卖盘
720,10:05:57,38.0,440801,116,卖盘
721,10:06:00,37.99,307799,81,卖盘
722,10:06:03,38.0,262157,69,买盘
723,10:06:06,38.01,429340,113,买盘
724,10:06:09,38.0,205218,54,卖盘
725,10:06:12,38.0,581514,153,卖盘
726,10:06:15,38.01,239406,63,买盘
727,10:06:18,38.0,303957,80,买盘
728,10:06:21,37.99,858685,226,卖盘
729,10:06:24,38.01,193817,51,买盘
730,10:06:27,38.0,227989,60,买盘
731,10:06:30,37.99,1967547,518,卖盘
732,10:06:33,38.0,642199,169,买盘
733,10:06:36,38.0,562487,148,卖盘
734,10:06:39,38.01,224220,59,买盘
735,10:06:42,38.0,433220,114,卖盘
736,10:06:45,38.0,102589,27,买盘
737,10:06:48,37.99,349575,92,卖盘
738,10:06:51,38.0,254562,67,买盘
739,10:06:54,38.0,246951,65,买盘
740,10:06:57,38.0,722051,190,买盘
741,10:07:00,38.0,182400,48,卖盘
742,10:07:03,38.0,68400,18,卖盘
743,10:07:06,38.01,272143,72,买盘
744,10:07:09,38.0,87404,23,卖盘
745,10:07:12,38.0,60811,16,卖盘
746,10:07:15,38.01,83603,22,中性盘
747,10:07:18,38.03,387897,102,买盘
748,10:07:21,38.03,387936,102,卖盘
749,10:07:24,38.05,41841,11,买盘
750,10:07:27,38.05,334723,88,买盘
751,10:07:30,38.05,26635,7,买盘
752,10:07:33,38.06,601289,158,买盘
753,10:07:36,38.06,26652,7,卖盘
754,10:07:39,38.05,224552,59,卖盘
755,10:07:42,38.06,110398,29,卖盘
756,10:07:45,38.07,133256,35,中性盘
757,10:07:48,38.07,247480,65,卖盘
758,10:07:51,38.08,79968,21,买盘
759,10:07:54,38.09,148523,39,买盘
760,10:07:57,38.08,57120,15,卖盘
761,10:08:00,38.07,239869,63,卖盘
762,10:08:03,38.06,152275,40,卖盘
763,10:08:06,38.03,285375,75,卖盘
764,10:08:09,38.03,87484,23,卖盘
765,10:08:12,38.04,136949,36,买盘
766,10:08:15,38.04,72278,19,买盘
767,10:08:18,38.16,1885460,495,买盘
768,10:08:21,38.15,301436,79,卖盘
769,10:08:24,38.15,61035,16,中性盘
770,10:08:27,38.13,129661,34,卖盘
771,10:08:30,38.15,61020,16,买盘
772,10:08:33,38.13,118215,31,卖盘
773,10:08:36,38.13,556881,146,卖盘
774,10:08:39,38.14,457565,120,买盘
775,10:08:42,38.14,80079,21,卖盘
776,10:08:45,38.14,80094,21,卖盘
777,10:08:48,38.14,80105,21,卖盘
778,10:08:51,38.15,186900,49,买盘
779,10:08:54,38.15,194544,51,卖盘
780,10:08:57,38.15,118261,31,卖盘
781,10:09:00,38.14,293823,77,卖盘
782,10:09:03,38.14,446323,117,卖盘
783,10:09:06,38.15,659675,173,买盘
784,10:09:09,38.14,114369,30,买盘
785,10:09:12,38.09,243839,64,卖盘
786,10:09:15,38.1,892176,234,买盘
787,10:09:18,38.11,308881,81,中性盘
788,10:09:21,38.11,45737,12,卖盘
789,10:09:27,38.11,83842,22,卖盘
790,10:09:30,38.09,240008,63,卖盘
791,10:09:33,38.08,30470,8,卖盘
792,10:09:36,38.08,118051,31,卖盘
793,10:09:39,38.09,278036,73,买盘
794,10:09:42,38.09,361839,95,买盘
795,10:09:45,38.09,350386,92,买盘
796,10:09:48,38.09,411357,108,买盘
797,10:09:51,38.09,38096,10,卖盘
798,10:09:54,38.1,3810,1,中性盘
799,10:09:57,38.11,60965,16,买盘
800,10:10:00,38.11,224834,59,买盘
801,10:10:03,38.11,57153,15,卖盘
802,10:10:06,38.09,182881,48,卖盘
803,10:10:09,38.09,72392,19,卖盘
804,10:10:12,38.09,693240,182,卖盘
805,10:10:15,38.08,26662,7,卖盘
806,10:10:18,38.09,163738,43,买盘
807,10:10:21,38.08,87587,23,中性盘
808,10:10:24,38.08,38078,10,买盘
809,10:10:27,38.07,106596,28,卖盘
810,10:10:30,38.06,34261,9,卖盘
811,10:10:33,38.07,140837,37,买盘
812,10:10:36,38.06,148418,39,卖盘
813,10:10:39,38.06,243548,64,买盘
814,10:10:42,38.06,30447,8,买盘
815,10:10:45,38.05,167439,44,卖盘
816,10:10:48,38.06,273976,72,买盘
817,10:10:51,38.06,95145,25,买盘
818,10:10:54,38.06,72314,19,买盘
819,10:10:57,38.06,98957,26,卖盘
820,10:11:03,38.06,605038,159,卖盘
821,10:11:06,38.06,64702,17,买盘
822,10:11:09,38.07,144666,38,买盘
823,10:11:12,38.07,60912,16,卖盘
824,10:11:15,38.08,129445,34,买盘
825,10:11:18,38.07,175122,46,卖盘
826,10:11:21,38.07,7614,2,买盘
827,10:11:24,38.07,228413,60,买盘
828,10:11:27,38.06,213166,56,卖盘
829,10:11:30,38.06,87538,23,卖盘
830,10:11:33,38.06,34254,9,卖盘
831,10:11:36,38.05,1126575,296,卖盘
832,10:11:39,38.05,79912,21,卖盘
833,10:11:42,38.05,26637,7,卖盘
834,10:11:45,38.05,57077,15,卖盘
835,10:11:48,38.06,148397,39,买盘
836,10:11:51,38.06,34249,9,买盘
837,10:11:54,38.05,190290,50,卖盘
838,10:11:57,38.04,68481,18,卖盘
839,10:12:00,38.01,1311806,345,卖盘
840,10:12:03,38.0,3356921,883,卖盘
841,10:12:06,37.99,455901,120,卖盘
842,10:12:09,37.99,303950,80,卖盘
843,10:12:12,37.98,1093944,288,卖盘
844,10:12:15,37.98,786139,207,买盘
845,10:12:18,37.98,106333,28,买盘
846,10:12:21,37.98,197461,52,买盘
847,10:12:24,37.99,98752,26,买盘
848,10:12:27,37.99,383621,101,买盘
849,10:12:30,37.98,277281,73,卖盘
850,10:12:33,37.99,273611,72,中性盘
851,10:12:36,37.98,155734,41,卖盘
852,10:12:39,37.98,330441,87,卖盘
853,10:12:42,37.98,64566,17,买盘
854,10:12:45,37.98,1067189,281,买盘
855,10:12:48,38.0,1273966,335,买盘
856,10:12:54,38.0,76003,20,卖盘
857,10:12:57,37.99,17479,5,卖盘
858,10:13:00,38.0,45597,12,买盘
859,10:13:03,38.01,138323,36,买盘
860,10:13:06,38.01,209023,55,卖盘
861,10:13:09,38.01,15204,4,卖盘
862,10:13:12,38.03,444744,117,买盘
863,10:13:15,38.03,254796,67,买盘
864,10:13:18,38.05,110309,29,买盘
865,10:13:21,38.04,102699,27,卖盘
866,10:13:24,38.03,60848,16,卖盘
867,10:13:27,38.03,53242,14,卖盘
868,10:13:30,38.03,64651,17,买盘
869,10:13:33,38.03,448785,118,买盘
870,10:13:36,38.03,121704,32,卖盘
871,10:13:39,38.04,195507,51,买盘
872,10:13:42,38.03,63141,17,卖盘
873,10:13:45,38.03,64651,17,卖盘
874,10:13:48,38.04,34228,9,买盘
875,10:13:51,38.03,251011,66,卖盘
876,10:13:54,38.03,190150,50,买盘
877,10:13:57,38.03,106484,28,买盘
878,10:14:00,38.03,64648,17,买盘
879,10:14:03,38.02,262344,69,卖盘
880,10:14:06,38.02,60830,16,买盘
881,10:14:09,38.03,79854,21,买盘
882,10:14:12,38.03,121667,32,买盘
883,10:14:15,38.02,91270,24,卖盘
884,10:14:18,38.02,45626,12,卖盘
885,10:14:21,38.02,34218,9,卖盘
886,10:14:24,38.03,228127,60,买盘
887,10:14:27,38.02,121664,32,卖盘
888,10:14:30,38.03,114075,30,买盘
889,10:14:33,38.03,34221,9,买盘
890,10:14:36,38.03,117863,31,买盘
891,10:14:39,38.02,15208,4,买盘
892,10:14:42,38.02,201506,53,买盘
893,10:14:45,38.02,190098,50,买盘
894,10:14:48,38.02,300356,79,买盘
895,10:14:54,38.03,26618,7,买盘
896,10:14:57,38.02,91252,24,卖盘
897,10:15:00,38.06,1098771,289,买盘
898,10:15:03,38.04,410939,108,卖盘
899,10:15:06,38.06,49475,13,买盘
900,10:15:09,38.06,53284,14,买盘
901,10:15:12,38.07,57098,15,买盘
902,10:15:15,38.06,315902,83,卖盘
903,10:15:18,38.05,201693,53,卖盘
904,10:15:21,38.07,60901,16,买盘
905,10:15:24,38.06,38066,10,卖盘
906,10:15:27,38.07,22842,6,买盘
907,10:15:30,38.07,30453,8,买盘
908,10:15:33,38.07,159891,42,买盘
909,10:15:36,38.07,2152413,566,买盘
910,10:15:39,38.08,148496,39,买盘
911,10:15:42,38.07,34263,9,卖盘
912,10:15:45,38.07,118017,31,买盘
913,10:15:51,38.1,1199459,315,买盘
914,10:15:54,38.1,11430,3,买盘
915,10:15:57,38.11,114303,30,买盘
916,10:16:00,38.09,179031,47,卖盘
917,10:16:03,38.1,137160,36,卖盘
918,10:16:06,38.1,765501,201,买盘
919,10:16:09,38.11,205697,54,买盘
920,10:16:12,38.1,19049,5,买盘
921,10:16:15,38.1,60954,16,中性盘
922,10:16:18,38.11,213380,56,买盘
923,10:16:21,38.1,171484,45,买盘
924,10:16:24,38.1,209508,55,卖盘
925,10:16:27,38.08,998130,262,卖盘
926,10:16:30,38.08,883433,232,卖盘
927,10:16:33,38.06,232286,61,卖盘
928,10:16:36,38.06,30458,8,卖盘
929,10:16:39,38.08,274174,72,买盘
930,10:16:42,38.09,483624,127,买盘
931,10:16:45,38.09,7618,2,卖盘
932,10:16:48,38.1,45713,12,买盘
933,10:16:51,38.1,53337,14,买盘
934,10:16:54,38.1,95244,25,买盘
935,10:16:57,38.09,137146,36,卖盘
936,10:17:00,38.1,125730,33,买盘
937,10:17:03,38.09,190460,50,卖盘
938,10:17:06,38.1,57146,15,买盘
939,10:17:09,38.09,270453,71,卖盘
940,10:17:12,38.09,64753,17,买盘
941,10:17:15,38.09,45717,12,卖盘
942,10:17:18,38.09,121888,32,卖盘
943,10:17:21,38.09,26663,7,买盘
944,10:17:24,38.09,41891,11,买盘
945,10:17:27,38.09,125696,33,买盘
946,10:17:30,38.1,540891,142,买盘
947,10:17:33,38.08,106650,28,卖盘
948,10:17:36,38.07,1751576,460,卖盘
949,10:17:39,38.06,205547,54,卖盘
950,10:17:42,38.06,7612,2,卖盘
951,10:17:45,38.06,15225,4,卖盘
952,10:17:48,38.07,7614,2,买盘
953,10:17:51,38.07,338766,89,买盘
954,10:17:54,38.08,129451,34,买盘
955,10:17:57,38.08,3808,1,买盘
956,10:18:00,38.07,144663,38,卖盘
957,10:18:03,38.05,586088,154,卖盘
958,10:18:06,38.05,681095,179,买盘
959,10:18:09,38.05,186445,49,买盘
960,10:18:12,38.05,45660,12,买盘
961,10:18:15,38.08,1141711,300,买盘
962,10:18:18,38.07,41887,11,卖盘
963,10:18:21,38.09,7616,2,买盘
964,10:18:24,38.08,814516,214,卖盘
965,10:18:27,38.08,76150,20,买盘
966,10:18:30,38.08,201815,53,卖盘
967,10:18:33,38.06,140853,37,卖盘
968,10:18:36,38.07,57103,15,买盘
969,10:18:39,38.06,274137,72,卖盘
970,10:18:42,38.06,38064,10,买盘
971,10:18:45,38.06,197905,52,买盘
972,10:18:48,38.05,114176,30,卖盘
973,10:18:51,38.06,194065,51,买盘
974,10:18:54,38.05,140785,37,卖盘
975,10:18:57,38.05,114142,30,卖盘
976,10:19:00,38.04,57066,15,卖盘
977,10:19:03,38.05,15218,4,买盘
978,10:19:06,38.04,216830,57,卖盘
979,10:19:09,38.04,159768,42,卖盘
980,10:19:12,38.03,98903,26,卖盘
981,10:19:15,38.03,155929,41,卖盘
982,10:19:18,38.02,182527,48,卖盘
983,10:19:21,38.02,114068,30,卖盘
984,10:19:24,38.02,190104,50,卖盘
985,10:19:27,38.01,209101,55,卖盘
986,10:19:30,38.02,83627,22,买盘
987,10:19:33,38.02,15208,4,买盘
988,10:19:36,38.03,262338,69,买盘
989,10:19:39,38.01,106453,28,卖盘
990,10:19:45,38.02,235726,62,卖盘
991,10:19:48,38.01,114048,30,卖盘
992,10:19:51,38.02,19006,5,买盘
993,10:19:54,38.02,152080,40,买盘
994,10:19:57,38.03,167276,44,买盘
995,10:20:00,38.02,68435,18,卖盘
996,10:20:03,38.04,26621,7,买盘
997,10:20:06,38.02,68446,18,卖盘
998,10:20:09,38.02,129268,34,卖盘
999,10:20:12,38.02,152095,40,卖盘
1000,10:20:15,38.02,136873,36,卖盘
1001,10:20:18,38.01,45621,12,卖盘
1002,10:20:21,38.02,114048,30,买盘
1003,10:20:24,38.01,463760,122,卖盘
1004,10:20:27,38.02,326960,86,买盘
1005,10:20:30,38.01,11403,3,卖盘
1006,10:20:33,38.0,1409918,371,卖盘
1007,10:20:36,38.0,1113430,293,卖盘
1008,10:20:39,38.01,615639,162,买盘
1009,10:20:42,38.0,76012,20,卖盘
1010,10:20:45,38.01,110224,29,买盘
1011,10:20:48,38.01,300279,79,卖盘
1012,10:20:51,37.99,174798,46,卖盘
1013,10:20:54,38.0,372337,98,买盘
1014,10:20:57,37.99,136774,36,卖盘
1015,10:21:00,37.99,645709,170,卖盘
1016,10:21:03,37.98,569702,150,卖盘
1017,10:21:06,37.98,565910,149,买盘
1018,10:21:09,37.98,455825,120,卖盘
1019,10:21:12,37.98,151953,40,卖盘
1020,10:21:15,37.98,87354,23,卖盘
1021,10:21:18,37.98,455760,120,卖盘
1022,10:21:21,38.0,2571597,677,买盘
1023,10:21:24,37.99,186189,49,卖盘
1024,10:21:27,38.0,741009,195,买盘
1025,10:21:30,38.0,608029,160,卖盘
1026,10:21:33,38.02,840242,221,买盘
1027,10:21:36,38.02,30419,8,卖盘
1028,10:21:39,38.03,231946,61,中性盘
1029,10:21:42,38.02,144499,38,卖盘
1030,10:21:45,38.05,186375,49,买盘
1031,10:21:48,38.03,76061,20,卖盘
1032,10:21:51,38.02,64634,17,卖盘
1033,10:21:54,38.02,64636,17,卖盘
1034,10:21:57,38.03,22814,6,买盘
1035,10:22:00,38.03,26615,7,买盘
1036,10:22:03,38.02,190104,50,卖盘
1037,10:22:06,38.02,273719,72,买盘
1038,10:22:09,38.01,72221,19,中性盘
1039,10:22:12,38.0,163400,43,卖盘
1040,10:22:18,38.0,49394,13,买盘
1041,10:22:21,37.99,60794,16,卖盘
1042,10:22:24,37.99,113986,30,卖盘
1043,10:22:27,37.99,75974,20,买盘
1044,10:22:30,37.99,478585,126,买盘
1045,10:22:33,37.98,193708,51,卖盘
1046,10:22:36,37.98,167074,44,卖盘
1047,10:22:39,37.98,41778,11,买盘
1048,10:22:42,37.98,615140,162,卖盘
1049,10:22:45,38.0,144369,38,买盘
1050,10:22:48,37.99,15193,4,中性盘
1051,10:22:51,37.99,18995,5,卖盘
1052,10:22:54,37.99,3799,1,卖盘
1053,10:22:57,37.99,148175,39,卖盘
1054,10:23:00,37.99,167156,44,卖盘
1055,10:23:03,37.99,83580,22,中性盘
1056,10:23:06,37.99,26593,7,买盘
1057,10:23:09,37.99,319111,84,买盘
1058,10:23:12,38.0,744444,196,买盘
1059,10:23:15,37.99,68384,18,中性盘
1060,10:23:18,37.99,83586,22,卖盘
1061,10:23:21,38.0,596467,157,买盘
1062,10:23:24,37.99,3799,1,卖盘
1063,10:23:27,37.99,60788,16,卖盘
1064,10:23:30,38.01,1109708,292,买盘
1065,10:23:33,38.01,26608,7,卖盘
1066,10:23:36,38.01,190078,50,卖盘
1067,10:23:39,38.01,1151947,303,卖盘
1068,10:23:42,38.02,34217,9,中性盘
1069,10:23:45,38.04,72262,19,买盘
1070,10:23:48,38.04,57056,15,中性盘
1071,10:23:51,38.03,26626,7,卖盘
1072,10:23:54,38.05,53239,14,买盘
1073,10:23:57,38.04,26628,7,卖盘
1074,10:24:00,38.05,60865,16,买盘
1075,10:24:03,38.01,34220,9,卖盘
1076,10:24:06,38.02,49434,13,卖盘
1077,10:24:09,38.03,30423,8,买盘
1078,10:24:12,38.03,125478,33,中性盘
1079,10:24:15,38.03,34227,9,卖盘
1080,10:24:18,38.03,144515,38,买盘
1081,10:24:21,38.03,72241,19,买盘
1082,10:24:24,38.03,3803,1,卖盘
1083,10:24:27,38.03,26621,7,卖盘
1084,10:24:30,38.04,589245,155,买盘
1085,10:24:33,38.03,220621,58,中性盘
1086,10:24:36,38.01,220490,58,卖盘
1087,10:24:39,38.03,11409,3,买盘
1088,10:24:42,38.02,3802,1,卖盘
1089,10:24:45,38.04,654136,172,买盘
1090,10:24:48,38.03,251038,66,卖盘
1091,10:24:51,38.03,76062,20,卖盘
1092,10:24:54,38.03,11411,3,卖盘
1093,10:24:57,38.05,22824,6,买盘
1094,10:25:00,38.05,34238,9,买盘
1095,10:25:03,38.03,566886,149,卖盘
1096,10:25:06,38.06,7611,2,买盘
1097,10:25:09,38.08,898276,236,买盘
1098,10:25:12,38.09,376977,99,买盘
1099,10:25:15,38.1,651348,171,买盘
1100,10:25:18,38.1,87630,23,买盘
1101,10:25:21,38.12,1047881,275,买盘
1102,10:25:24,38.11,3811,1,中性盘
1103,10:25:27,38.13,377398,99,买盘
1104,10:25:30,38.11,57940,15,卖盘
1105,10:25:33,38.13,11439,3,中性盘
1106,10:25:36,38.15,68667,18,买盘
1107,10:25:39,38.13,57195,15,卖盘
1108,10:25:42,38.13,95364,25,卖盘
1109,10:25:45,38.13,171643,45,卖盘
1110,10:25:48,38.14,49576,13,买盘
1111,10:25:51,38.13,41937,11,买盘
1112,10:25:54,38.13,57193,15,买盘
1113,10:25:57,38.12,76242,20,卖盘
1114,10:26:00,38.12,30496,8,买盘
1115,10:26:03,38.12,68613,18,买盘
1116,10:26:06,38.1,121920,32,卖盘
1117,10:26:09,38.1,34290,9,买盘
1118,10:26:12,38.11,144806,38,买盘
1119,10:26:15,38.12,2387780,627,买盘
1120,10:26:18,38.1,3810,1,卖盘
1121,10:26:21,38.09,106701,28,卖盘
1122,10:26:24,38.1,68578,18,买盘
1123,10:26:27,38.09,152375,40,卖盘
1124,10:26:30,38.08,83796,22,卖盘
1125,10:26:33,38.08,403648,106,卖盘
1126,10:26:36,38.08,72336,19,中性盘
1127,10:26:39,38.09,15231,4,买盘
1128,10:26:42,38.08,19040,5,卖盘
1129,10:26:45,38.08,53290,14,买盘
1130,10:26:48,38.06,26642,7,卖盘
1131,10:26:51,38.06,68528,18,中性盘
1132,10:26:54,38.06,91373,24,卖盘
1133,10:26:57,38.06,22836,6,卖盘
1134,10:27:00,38.05,19028,5,卖盘
1135,10:27:03,38.05,137002,36,卖盘
1136,10:27:06,38.05,34245,9,卖盘
1137,10:27:09,38.05,64691,17,卖盘
1138,10:27:12,38.05,53275,14,卖盘
1139,10:27:15,38.05,323444,85,卖盘
1140,10:27:18,38.05,117955,31,卖盘
1141,10:27:21,38.05,76087,20,买盘
1142,10:27:24,38.04,64669,17,卖盘
1143,10:27:27,38.05,87492,23,买盘
1144,10:27:30,38.03,7606,2,卖盘
1145,10:27:33,38.05,41847,11,买盘
1146,10:27:36,38.05,72286,19,买盘
1147,10:27:39,38.05,76082,20,买盘
1148,10:27:42,38.04,140750,37,卖盘
1149,10:27:45,38.04,15216,4,买盘
1150,10:27:48,38.06,15224,4,买盘
1151,10:27:54,38.05,121760,32,卖盘
1152,10:27:57,38.05,19023,5,买盘
1153,10:28:00,38.05,41854,11,买盘
1154,10:28:03,38.04,68482,18,卖盘
1155,10:28:06,38.04,110321,29,卖盘
1156,10:28:09,38.04,11412,3,卖盘
1157,10:28:12,38.04,34241,9,卖盘
1158,10:28:15,38.04,41844,11,卖盘
1159,10:28:18,38.04,41844,11,买盘
1160,10:28:21,38.04,19018,5,买盘
1161,10:28:24,38.04,30432,8,买盘
1162,10:28:27,38.03,129314,34,卖盘
1163,10:28:30,38.03,163546,43,卖盘
1164,10:28:33,38.03,34227,9,卖盘
1165,10:28:36,38.03,163534,43,卖盘
1166,10:28:39,38.03,87469,23,卖盘
1167,10:28:42,38.03,98888,26,卖盘
1168,10:28:45,38.03,98878,26,卖盘
1169,10:28:48,38.02,26617,7,卖盘
1170,10:28:51,38.02,91250,24,卖盘
1171,10:28:54,38.02,140682,37,卖盘
1172,10:28:57,38.02,136880,36,卖盘
1173,10:29:00,38.02,117861,31,买盘
1174,10:29:03,38.01,57025,15,卖盘
1175,10:29:09,38.01,201547,53,卖盘
1176,10:29:12,38.02,733956,193,卖盘
1177,10:29:15,38.03,235750,62,卖盘
1178,10:29:18,38.05,228317,60,买盘
1179,10:29:21,38.05,38056,10,卖盘
1180,10:29:24,38.07,30456,8,买盘
1181,10:29:27,38.05,121787,32,卖盘
1182,10:29:30,38.07,76146,20,卖盘
1183,10:29:33,38.08,106606,28,买盘
1184,10:29:36,38.08,106609,28,买盘
1185,10:29:39,38.08,87583,23,卖盘
1186,10:29:42,38.07,72345,19,卖盘
1187,10:29:45,38.05,83751,22,卖盘
1188,10:29:48,38.05,117955,31,卖盘
1189,10:29:51,38.05,167458,44,卖盘
1190,10:29:54,38.07,30444,8,买盘
1191,10:29:57,38.07,156079,41,买盘
1192,10:30:00,38.06,3806,1,卖盘
1193,10:30:03,38.06,101240,27,卖盘
1194,10:30:06,38.07,83754,22,买盘
1195,10:30:09,38.07,68526,18,卖盘
1196,10:30:12,38.08,152282,40,买盘
1197,10:30:15,38.08,49494,13,买盘
1198,10:30:18,38.08,34272,9,买盘
1199,10:30:21,38.09,304673,80,买盘
1200,10:30:24,38.09,99034,26,买盘
1201,10:30:27,38.08,140917,37,卖盘
1202,10:30:30,38.08,34278,9,卖盘
1203,10:30:33,38.1,99040,26,买盘
1204,10:30:36,38.1,80008,21,买盘
1205,10:30:39,38.09,72381,19,卖盘
1206,10:30:42,38.1,87623,23,买盘
1207,10:30:45,38.09,118087,31,卖盘
1208,10:30:48,38.08,38086,10,卖盘
1209,10:30:51,38.08,171419,45,卖盘
1210,10:30:54,38.09,64737,17,中性盘
1211,10:30:57,38.07,228445,60,卖盘
1212,10:31:00,38.07,68526,18,买盘
1213,10:31:03,38.07,11421,3,买盘
1214,10:31:06,38.07,72333,19,买盘
1215,10:31:09,38.07,72333,19,卖盘
1216,10:31:12,38.07,3807,1,卖盘
1217,10:31:15,38.07,49491,13,卖盘
1218,10:31:18,38.07,427890,112,卖盘
1219,10:31:21,38.04,327239,86,卖盘
1220,10:31:24,38.03,83676,22,卖盘
1221,10:31:27,38.04,129333,34,买盘
1222,10:31:33,38.04,285224,75,买盘
1223,10:31:36,38.05,155966,41,买盘
1224,10:31:39,38.05,30440,8,卖盘
1225,10:31:42,38.05,49463,13,买盘
1226,10:31:45,38.03,64667,17,卖盘
1227,10:31:48,38.04,129308,34,买盘
1228,10:31:51,38.03,26615,7,中性盘
1229,10:31:54,38.02,30417,8,卖盘
1230,10:31:57,38.03,330793,87,买盘
1231,10:32:00,38.02,136889,36,卖盘
1232,10:32:03,38.02,60833,16,卖盘
1233,10:32:06,38.02,15206,4,买盘
1234,10:32:09,38.02,760245,200,买盘
1235,10:32:12,38.02,475144,125,买盘
1236,10:32:15,38.01,106440,28,卖盘
1237,10:32:18,38.02,159659,42,买盘
1238,10:32:21,38.02,1083560,285,买盘
1239,10:32:24,38.02,714780,188,买盘
1240,10:32:27,38.03,79850,21,买盘
1241,10:32:30,38.03,154374,41,买盘
1242,10:32:36,38.02,45626,12,卖盘
1243,10:32:39,38.03,327058,86,买盘
1244,10:32:42,38.02,267661,70,卖盘
1245,10:32:45,38.02,64634,17,买盘
1246,10:32:48,38.02,106441,28,买盘
1247,10:32:51,38.01,600610,158,卖盘
1248,10:32:54,38.01,22806,6,买盘
1249,10:32:57,38.01,254667,67,买盘
1250,10:33:00,38.01,171042,45,买盘
1251,10:33:03,38.03,1556897,410,买盘
1252,10:33:06,38.08,635628,167,买盘
1253,10:33:09,38.07,26648,7,卖盘
1254,10:33:12,38.06,15225,4,卖盘
1255,10:33:15,38.05,87536,23,卖盘
1256,10:33:18,38.05,2588665,680,卖盘
1257,10:33:21,38.04,144560,38,卖盘
1258,10:33:24,38.04,64652,17,买盘
1259,10:33:27,38.03,41833,11,卖盘
1260,10:33:30,38.02,26617,7,卖盘
1261,10:33:33,38.02,57047,15,卖盘
1262,10:33:36,38.02,34226,9,卖盘
1263,10:33:39,38.04,3804,1,买盘
1264,10:33:42,38.03,53233,14,卖盘
1265,10:33:48,38.04,49441,13,买盘
1266,10:33:51,38.03,239527,63,中性盘
1267,10:33:54,38.02,144516,38,卖盘
1268,10:33:57,38.03,7606,2,卖盘
1269,10:34:00,38.03,45636,12,卖盘
1270,10:34:06,38.04,304314,80,买盘
1271,10:34:09,38.02,239605,63,卖盘
1272,10:34:12,38.03,53242,14,买盘
1273,10:34:18,38.03,3803,1,卖盘
1274,10:34:21,38.04,87489,23,买盘
1275,10:34:24,38.04,3804,1,买盘
1276,10:34:27,38.03,106490,28,卖盘
1277,10:34:30,38.03,448754,118,卖盘
1278,10:34:33,38.03,121666,32,买盘
1279,10:34:36,38.01,98851,26,卖盘
1280,10:34:39,38.02,83644,22,中性盘
1281,10:34:42,38.02,452368,119,买盘
1282,10:34:45,38.02,34218,9,中性盘
1283,10:34:48,38.01,30414,8,卖盘
1284,10:34:51,38.01,117836,31,卖盘
1285,10:34:54,38.01,220471,58,买盘
1286,10:34:57,37.99,4266931,1123,卖盘
1287,10:35:00,38.0,273579,72,买盘
1288,10:35:03,37.98,49374,13,卖盘
1289,10:35:06,37.98,189891,50,买盘
1290,10:35:09,37.97,94928,25,卖盘
1291,10:35:12,37.97,394881,104,卖盘
1292,10:35:15,37.96,364512,96,卖盘
1293,10:35:18,37.96,41762,11,卖盘
1294,10:35:21,37.97,311303,82,买盘
1295,10:35:24,37.97,60740,16,买盘
1296,10:35:27,37.97,30379,8,卖盘
1297,10:35:30,37.98,356925,94,买盘
1298,10:35:33,37.97,971796,256,卖盘
1299,10:35:36,37.97,30377,8,卖盘
1300,10:35:39,37.97,816160,215,买盘
1301,10:35:42,37.96,444204,117,卖盘
1302,10:35:45,37.96,34164,9,买盘
1303,10:35:48,37.96,18980,5,买盘
1304,10:35:51,37.96,250500,66,买盘
1305,10:35:54,37.96,87290,23,中性盘
1306,10:35:57,37.97,1259992,332,买盘
1307,10:36:00,37.96,26572,7,卖盘
1308,10:36:03,37.96,216406,57,卖盘
1309,10:36:06,37.96,30368,8,卖盘
1310,10:36:09,37.96,34165,9,卖盘
1311,10:36:12,37.97,7594,2,买盘
1312,10:36:15,37.97,121477,32,买盘
1313,10:36:18,37.97,113887,30,买盘
1314,10:36:21,37.96,155663,41,卖盘
1315,10:36:24,37.96,129064,34,卖盘
1316,10:36:27,37.97,7593,2,买盘
1317,10:36:30,37.97,34171,9,买盘
1318,10:36:33,37.97,94919,25,买盘
1319,10:36:36,37.96,353028,93,卖盘
1320,10:36:39,37.96,239155,63,卖盘
1321,10:36:42,37.96,26572,7,买盘
1322,10:36:45,37.96,11388,3,买盘
1323,10:36:48,37.95,121440,32,卖盘
1324,10:36:51,37.95,671856,177,卖盘
1325,10:36:54,37.95,523820,138,卖盘
1326,10:36:57,37.95,390905,103,卖盘
1327,10:37:00,37.96,280892,74,买盘
1328,10:37:03,37.95,519924,137,卖盘
1329,10:37:06,37.95,1480041,390,卖盘
1330,10:37:09,37.94,140413,37,卖盘
1331,10:37:12,37.94,223846,59,卖盘
1332,10:37:15,37.95,451542,119,买盘
1333,10:37:18,37.94,106236,28,卖盘
1334,10:37:21,37.94,383194,101,卖盘
1335,10:37:24,37.94,201075,53,买盘
1336,10:37:27,37.93,345180,91,卖盘
1337,10:37:30,37.93,121381,32,卖盘
1338,10:37:33,37.92,261648,69,卖盘
1339,10:37:36,37.92,276817,73,卖盘
1340,10:37:39,37.92,170639,45,买盘
1341,10:37:42,37.91,511794,135,卖盘
1342,10:37:45,37.91,231272,61,卖盘
1343,10:37:48,37.91,739261,195,卖盘
1344,10:37:51,37.9,371486,98,卖盘
1345,10:37:54,37.9,1152200,304,卖盘
1346,10:37:57,37.9,1061237,280,卖盘
1347,10:38:00,37.91,909626,240,买盘
1348,10:38:03,37.91,102335,27,买盘
1349,10:38:06,37.91,788504,208,买盘
1350,10:38:09,37.95,2036916,537,买盘
1351,10:38:12,37.95,352934,93,买盘
1352,10:38:15,37.96,171528,45,买盘
1353,10:38:18,37.96,269538,71,卖盘
1354,10:38:21,37.97,34173,9,中性盘
1355,10:38:24,37.98,231584,61,买盘
1356,10:38:27,37.97,22782,6,卖盘
1357,10:38:30,37.98,15190,4,买盘
1358,10:38:33,37.97,64547,17,买盘
1359,10:38:36,37.97,56947,15,卖盘
1360,10:38:39,37.98,30381,8,买盘
1361,10:38:42,37.98,281051,74,买盘
1362,10:38:45,37.98,18990,5,卖盘
1363,10:38:48,37.99,132952,35,买盘
1364,10:38:51,38.0,262101,69,买盘
1365,10:38:54,38.0,250773,66,买盘
1366,10:38:57,38.0,30393,8,买盘
1367,10:39:00,37.99,53189,14,卖盘
1368,10:39:03,37.98,1739446,458,卖盘
1369,10:39:06,37.95,440336,116,卖盘
1370,10:39:09,37.96,22775,6,中性盘
1371,10:39:12,37.95,170776,45,卖盘
1372,10:39:15,37.95,34155,9,卖盘
1373,10:39:18,37.95,166980,44,卖盘
1374,10:39:21,37.95,56925,15,卖盘
1375,10:39:24,37.95,223904,59,买盘
1376,10:39:27,37.94,7588,2,卖盘
1377,10:39:30,37.96,406089,107,买盘
1378,10:39:33,37.97,478176,126,买盘
1379,10:39:36,37.96,34172,9,中性盘
1380,10:39:39,37.95,223928,59,卖盘
1381,10:39:42,37.96,409975,108,卖盘
1382,10:39:45,37.96,91116,24,卖盘
1383,10:39:51,37.96,201947,53,卖盘
1384,10:39:54,37.96,15184,4,卖盘
1385,10:39:57,37.97,72126,19,买盘
1386,10:40:00,37.96,45552,12,卖盘
1387,10:40:03,37.97,132893,35,买盘
1388,10:40:06,37.96,201188,53,卖盘
1389,10:40:09,37.95,52383,14,卖盘
1390,10:40:12,37.95,30364,8,卖盘
1391,10:40:15,37.96,49341,13,买盘
1392,10:40:18,37.96,1085455,286,买盘
1393,10:40:21,37.97,281653,74,买盘
1394,10:40:24,37.96,15184,4,卖盘
1395,10:40:27,37.98,3798,1,买盘
1396,10:40:30,37.99,273458,72,买盘
1397,10:40:33,37.97,159496,42,卖盘
1398,10:40:36,37.97,26585,7,卖盘
1399,10:40:42,37.98,22788,6,卖盘
1400,10:40:48,37.97,22785,6,卖盘
1401,10:40:51,37.98,49374,13,买盘
1402,10:40:54,37.97,288572,76,卖盘
1403,10:40:57,37.97,98716,26,买盘
1404,10:41:00,37.96,197413,52,卖盘
1405,10:41:03,37.97,22782,6,买盘
1406,10:41:06,37.96,41758,11,卖盘
1407,10:41:09,37.97,72140,19,买盘
1408,10:41:12,37.97,182252,48,买盘
1409,10:41:15,37.98,243031,64,买盘
1410,10:41:18,37.98,60768,16,卖盘
1411,10:41:21,37.98,45576,12,卖盘
1412,10:41:24,37.98,15192,4,卖盘
1413,10:41:27,37.98,18990,5,卖盘
1414,10:41:30,37.99,15195,4,买盘
1415,10:41:33,37.98,379800,100,卖盘
1416,10:41:36,37.99,91176,24,买盘
1417,10:41:39,37.99,387590,102,买盘
1418,10:41:42,37.99,7598,2,卖盘
1419,10:41:45,38.0,15197,4,买盘
1420,10:41:48,37.99,91176,24,卖盘
1421,10:41:51,38.0,26594,7,买盘
1422,10:41:54,38.0,87400,23,买盘
1423,10:41:57,38.0,123120,32,买盘
1424,10:42:00,38.0,38000,10,卖盘
1425,10:42:03,38.0,74480,20,卖盘
1426,10:42:06,37.99,125372,33,卖盘
1427,10:42:09,37.98,15192,4,卖盘
1428,10:42:12,37.99,208939,55,买盘
1429,10:42:15,37.98,98758,26,卖盘
1430,10:42:18,37.97,7594,2,卖盘
1431,10:42:21,37.96,15185,4,卖盘
1432,10:42:24,37.97,18982,5,买盘
1433,10:42:27,37.97,75940,20,买盘
1434,10:42:30,37.95,951837,251,卖盘
1435,10:42:33,37.96,95635,25,买盘
1436,10:42:36,37.95,68318,18,卖盘
1437,10:42:39,37.95,7590,2,卖盘
1438,10:42:42,37.95,75909,20,卖盘
1439,10:42:45,37.96,94888,25,买盘
1440,10:42:48,37.96,75907,20,买盘
1441,10:42:51,37.96,30368,8,买盘
1442,10:42:54,37.96,26567,7,买盘
1443,10:42:57,37.95,7590,2,卖盘
1444,10:43:00,37.96,144228,38,买盘
1445,10:43:03,37.95,481923,127,卖盘
1446,10:43:06,37.95,7590,2,卖盘
1447,10:43:09,37.96,18980,5,买盘
1448,10:43:12,37.95,117634,31,卖盘
1449,10:43:15,37.95,60720,16,卖盘
1450,10:43:18,37.95,147996,39,卖盘
1451,10:43:21,37.95,110032,29,买盘
1452,10:43:24,37.94,22769,6,卖盘
1453,10:43:27,37.94,135846,36,卖盘
1454,10:43:30,37.94,611645,161,买盘
1455,10:43:33,37.95,34155,9,卖盘
1456,10:43:36,37.96,45548,12,买盘
1457,10:43:39,37.96,22776,6,买盘
1458,10:43:42,37.95,246678,65,卖盘
1459,10:43:45,37.96,18980,5,买盘
1460,10:43:48,37.95,56925,15,卖盘
1461,10:43:51,37.95,53132,14,卖盘
1462,10:43:54,37.96,204963,54,买盘
1463,10:43:57,37.96,98707,26,卖盘
1464,10:44:00,37.97,436689,115,买盘
1465,10:44:03,37.99,22790,6,买盘
1466,10:44:06,38.0,18999,5,买盘
1467,10:44:09,38.0,45581,12,买盘
1468,10:44:12,37.99,7598,2,卖盘
1469,10:44:15,37.99,45578,12,卖盘
1470,10:44:18,37.98,79777,21,卖盘
1471,10:44:21,37.98,379795,100,卖盘
1472,10:44:24,37.98,642018,169,中性盘
1473,10:44:27,38.0,991708,261,买盘
1474,10:44:30,38.01,239352,63,买盘
1475,10:44:33,38.0,129201,34,卖盘
1476,10:44:36,38.0,19000,5,卖盘
1477,10:44:39,38.0,38001,10,卖盘
1478,10:44:42,38.0,57000,15,卖盘
1479,10:44:45,38.0,95000,25,买盘
1480,10:44:48,38.0,15200,4,买盘
1481,10:44:51,38.03,1148645,302,买盘
1482,10:44:54,38.03,163529,43,买盘
1483,10:44:57,38.03,258604,68,买盘
1484,10:45:00,38.02,31420978,8303,卖盘
1485,10:45:03,38.02,140700,37,中性盘
1486,10:45:06,38.03,931317,245,中性盘
1487,10:45:09,38.04,163514,43,买盘
1488,10:45:15,38.03,72258,19,卖盘
1489,10:45:18,38.03,45669,12,卖盘
1490,10:45:21,38.05,11416,3,中性盘
1491,10:45:24,38.06,72289,19,买盘
1492,10:45:27,38.07,159894,42,买盘
1493,10:45:30,38.06,437695,115,卖盘
1494,10:45:33,38.06,7612,2,卖盘
1495,10:45:36,38.07,236034,62,买盘
1496,10:45:39,38.07,3807,1,卖盘
1497,10:45:42,38.08,483615,127,买盘
1498,10:45:45,38.07,243650,64,卖盘
1499,10:45:48,38.07,133245,35,买盘
1500,10:45:51,38.07,490960,129,买盘
1501,10:45:54,38.08,281784,74,买盘
1502,10:45:57,38.08,7616,2,卖盘
1503,10:46:00,38.08,91384,24,卖盘
1504,10:46:03,38.09,3809,1,买盘
1505,10:46:06,38.07,129468,34,卖盘
1506,10:46:09,38.08,205596,54,买盘
1507,10:46:12,38.07,26649,7,买盘
1508,10:46:15,38.08,68541,18,买盘
1509,10:46:18,38.08,57117,15,买盘
1510,10:46:21,38.07,102801,27,卖盘
1511,10:46:24,38.08,125661,33,买盘
1512,10:46:27,38.07,106613,28,卖盘
1513,10:46:30,38.08,118048,31,买盘
1514,10:46:33,38.07,285587,75,卖盘
1515,10:46:36,38.08,68547,18,卖盘
1516,10:46:39,38.09,376924,99,买盘
1517,10:46:42,38.09,129479,34,买盘
1518,10:46:45,38.06,34262,9,卖盘
1519,10:46:48,38.06,194202,51,卖盘
1520,10:46:51,38.06,186570,49,卖盘
1521,10:46:54,38.06,45672,12,卖盘
1522,10:46:57,38.07,38070,10,买盘
1523,10:47:00,38.06,76120,20,卖盘
1524,10:47:03,38.06,159857,42,买盘
1525,10:47:06,38.07,72332,19,买盘
1526,10:47:09,38.07,22840,6,卖盘
1527,10:47:12,38.06,15225,4,卖盘
1528,10:47:15,38.07,201736,53,买盘
1529,10:47:18,38.06,11419,3,卖盘
1530,10:47:21,38.05,235922,62,卖盘
1531,10:47:24,38.05,167464,44,买盘
1532,10:47:27,38.06,15224,4,买盘
1533,10:47:30,38.05,395605,104,买盘
1534,10:47:33,38.03,26621,7,中性盘
1535,10:47:36,38.03,87469,23,买盘
1536,10:47:39,38.02,121666,32,卖盘
1537,10:47:42,38.02,304160,80,卖盘
1538,10:47:45,38.02,460037,121,买盘
1539,10:47:48,38.04,376402,99,买盘
1540,10:47:51,38.04,60866,16,卖盘
1541,10:47:54,38.04,11412,3,卖盘
1542,10:47:57,38.03,45636,12,卖盘
1543,10:48:00,38.04,53252,14,买盘
1544,10:48:03,38.03,296593,78,卖盘
1545,10:48:06,38.03,76060,20,买盘
1546,10:48:09,38.02,98868,26,卖盘
1547,10:48:12,38.03,60846,16,卖盘
1548,10:48:15,38.03,186308,49,买盘
1549,10:48:18,38.02,15208,4,卖盘
1550,10:48:21,38.02,3802,1,卖盘
1551,10:48:27,38.04,745639,196,买盘
1552,10:48:30,38.03,19017,5,卖盘
1553,10:48:36,38.03,87498,23,卖盘
1554,10:48:39,38.04,79877,21,买盘
1555,10:48:42,38.04,26628,7,卖盘
1556,10:48:45,38.05,64686,17,买盘
1557,10:48:48,38.04,34241,9,卖盘
1558,10:48:51,38.04,79890,21,卖盘
1559,10:48:54,38.04,258613,68,买盘
1560,10:48:57,38.02,19010,5,卖盘
1561,10:49:00,38.02,34218,9,卖盘
1562,10:49:03,38.03,1022669,269,买盘
1563,10:49:06,38.0,64614,17,卖盘
1564,10:49:09,38.0,49404,13,卖盘
1565,10:49:12,38.0,722021,190,卖盘
1566,10:49:15,38.01,53204,14,买盘
1567,10:49:18,38.0,87398,23,买盘
1568,10:49:21,37.99,182377,48,卖盘
1569,10:49:24,37.98,91168,24,卖盘
1570,10:49:27,37.97,3797,1,卖盘
1571,10:49:30,37.97,417669,110,卖盘
1572,10:49:33,37.96,3796,1,卖盘
1573,10:49:36,37.97,37969,10,买盘
1574,10:49:39,37.98,102523,27,买盘
1575,10:49:42,37.97,45570,12,卖盘
1576,10:49:45,37.98,45574,12,买盘
1577,10:49:48,37.97,87351,23,卖盘
1578,10:49:51,37.98,3798,1,中性盘
1579,10:49:54,37.99,49379,13,买盘
1580,10:49:57,37.99,37974,10,买盘
1581,10:50:00,37.97,60766,16,卖盘
1582,10:50:03,37.99,60781,16,买盘
1583,10:50:06,37.97,45566,12,卖盘
1584,10:50:09,37.99,3799,1,买盘
1585,10:50:12,37.97,512590,135,卖盘
1586,10:50:15,37.97,64550,17,卖盘
1587,10:50:18,37.99,163359,43,买盘
1588,10:50:21,37.99,11397,3,卖盘
1589,10:50:24,37.99,45588,12,卖盘
1590,10:50:27,37.99,64579,17,买盘
1591,10:50:30,37.99,448023,118,买盘
1592,10:50:33,37.97,41769,11,中性盘
1593,10:50:36,37.97,7594,2,卖盘
1594,10:50:39,37.97,22778,6,买盘
1595,10:50:42,37.95,189779,50,卖盘
1596,10:50:45,37.95,102465,27,卖盘
1597,10:50:48,37.93,277015,73,卖盘
1598,10:50:51,37.94,288402,76,中性盘
1599,10:50:54,37.93,30344,8,卖盘
1600,10:50:57,37.94,87271,23,卖盘
1601,10:51:00,37.94,231434,61,买盘
1602,10:51:03,37.94,83452,22,买盘
1603,10:51:06,37.93,75879,20,卖盘
1604,10:51:09,37.93,280697,74,卖盘
1605,10:51:12,37.93,345200,91,中性盘
1606,10:51:18,37.96,163200,43,买盘
1607,10:51:21,37.97,174630,46,买盘
1608,10:51:27,37.98,770869,203,买盘
1609,10:51:30,37.98,212688,56,买盘
1610,10:51:33,37.99,155728,41,买盘
1611,10:51:36,37.99,26593,7,买盘
1612,10:51:39,37.99,113966,30,买盘
1613,10:51:42,37.99,11395,3,买盘
1614,10:51:45,37.99,102548,27,买盘
1615,10:51:48,37.98,60780,16,卖盘
1616,10:51:51,37.98,91164,24,卖盘
1617,10:51:54,37.99,7598,2,买盘
1618,10:51:57,37.99,45585,12,买盘
1619,10:52:00,37.99,22790,6,买盘
1620,10:52:03,37.99,87373,23,买盘
1621,10:52:06,38.0,748380,197,买盘
1622,10:52:09,38.01,174804,46,买盘
1623,10:52:12,38.0,38009,10,卖盘
1624,10:52:15,38.01,57013,15,买盘
1625,10:52:18,38.0,76019,20,卖盘
1626,10:52:21,38.02,49425,13,买盘
1627,10:52:24,38.02,15206,4,买盘
1628,10:52:27,38.03,212925,56,买盘
1629,10:52:30,38.02,559040,147,卖盘
1630,10:52:33,38.02,26614,7,卖盘
1631,10:52:36,38.03,19015,5,买盘
1632,10:52:39,38.02,3802,1,卖盘
1633,10:52:42,38.04,38031,10,买盘
1634,10:52:45,38.02,83644,22,卖盘
1635,10:52:48,38.03,72251,19,买盘
1636,10:52:51,38.04,53250,14,买盘
1637,10:52:54,38.03,45642,12,卖盘
1638,10:52:57,38.04,60861,16,买盘
1639,10:53:00,38.03,186378,49,卖盘
1640,10:53:03,38.03,19015,5,买盘
1641,10:53:06,38.03,19015,5,买盘
1642,10:53:09,38.05,110313,29,买盘
1643,10:53:12,38.05,64678,17,买盘
1644,10:53:15,38.05,15220,4,买盘
1645,10:53:18,38.04,11414,3,卖盘
1646,10:53:21,38.05,11415,3,买盘
1647,10:53:24,38.06,26642,7,买盘
1648,10:53:27,38.06,167405,44,买盘
1649,10:53:33,38.06,110369,29,买盘
1650,10:53:36,38.06,72309,19,买盘
1651,10:53:39,38.05,220741,58,卖盘
1652,10:53:42,38.06,590031,155,买盘
1653,10:53:45,38.06,49478,13,卖盘
1654,10:53:48,38.08,487213,128,买盘
1655,10:53:51,38.08,11422,3,买盘
1656,10:53:54,38.08,182765,48,买盘
1657,10:54:00,38.08,125658,33,买盘
1658,10:54:03,38.07,7614,2,买盘
1659,10:54:06,38.07,3807,1,买盘
1660,10:54:09,38.07,60902,16,买盘
1661,10:54:12,38.07,57101,15,买盘
1662,10:54:15,38.06,34255,9,卖盘
1663,10:54:18,38.06,95162,25,卖盘
1664,10:54:21,38.06,76122,20,卖盘
1665,10:54:24,38.05,34253,9,卖盘
1666,10:54:27,38.06,11417,3,买盘
1667,10:54:30,38.05,15220,4,卖盘
1668,10:54:33,38.06,34254,9,买盘
1669,10:54:36,38.06,45670,12,买盘
1670,10:54:39,38.05,41861,11,卖盘
1671,10:54:42,38.06,30445,8,买盘
1672,10:54:45,38.05,64685,17,卖盘
1673,10:54:48,38.05,57086,15,中性盘
1674,10:54:51,38.05,197898,52,买盘
1675,10:54:54,38.05,357684,94,卖盘
1676,10:54:57,38.05,34249,9,卖盘
1677,10:55:00,38.06,41861,11,买盘
1678,10:55:03,38.06,41859,11,买盘
1679,10:55:06,38.06,228279,60,买盘
1680,10:55:09,38.06,57084,15,买盘
1681,10:55:12,38.06,136969,36,买盘
1682,10:55:15,38.06,384406,101,买盘
1683,10:55:18,38.06,45672,12,买盘
1684,10:55:21,38.05,30443,8,卖盘
1685,10:55:24,38.05,72298,19,卖盘
1686,10:55:27,38.08,544302,143,买盘
1687,10:55:36,38.07,38071,10,卖盘
1688,10:55:42,38.08,239900,63,买盘
1689,10:55:45,38.08,34272,9,卖盘
1690,10:55:48,38.1,815200,214,买盘
1691,10:55:51,38.09,274301,72,卖盘
1692,10:55:54,38.09,41902,11,卖盘
1693,10:55:57,38.09,167638,44,卖盘
1694,10:56:00,38.09,83808,22,卖盘
1695,10:56:03,38.09,159978,42,卖盘
1696,10:56:06,38.09,217063,57,买盘
1697,10:56:09,38.09,133315,35,买盘
1698,10:56:12,38.08,99029,26,卖盘
1699,10:56:15,38.09,262821,69,买盘
1700,10:56:18,38.1,22860,6,买盘
1701,10:56:21,38.1,258967,68,买盘
1702,10:56:24,38.1,304782,80,买盘
1703,10:56:27,38.1,872476,229,买盘
1704,10:56:30,38.1,160020,42,买盘
1705,10:56:33,38.13,2532226,664,买盘
1706,10:56:36,38.12,163948,43,卖盘
1707,10:56:39,38.13,152520,40,买盘
1708,10:56:42,38.12,41933,11,卖盘
1709,10:56:45,38.13,53382,14,买盘
1710,10:56:48,38.12,343127,90,卖盘
1711,10:56:51,38.13,495643,130,买盘
1712,10:56:54,38.13,34317,9,买盘
1713,10:56:57,38.13,144906,38,买盘
1714,10:57:00,38.13,30504,8,卖盘
1715,10:57:03,38.12,411767,108,卖盘
1716,10:57:06,38.12,1124776,295,卖盘
1717,10:57:09,38.12,114335,30,买盘
1718,10:57:12,38.12,240253,63,中性盘
1719,10:57:15,38.12,152456,40,卖盘
1720,10:57:18,38.1,68587,18,卖盘
1721,10:57:21,38.12,22872,6,买盘
1722,10:57:24,38.11,45730,12,中性盘
1723,10:57:27,38.12,22870,6,买盘
1724,10:57:30,38.1,182899,48,卖盘
1725,10:57:33,38.12,26684,7,买盘
1726,10:57:36,38.11,327810,86,卖盘
1727,10:57:42,38.11,30488,8,买盘
1728,10:57:45,38.1,7620,2,卖盘
1729,10:57:48,38.1,41915,11,卖盘
1730,10:57:51,38.11,140987,37,买盘
1731,10:57:54,38.11,11431,3,买盘
1732,10:57:57,38.11,140992,37,买盘
1733,10:58:00,38.11,175307,46,卖盘
1734,10:58:03,38.11,137202,36,卖盘
1735,10:58:06,38.1,243845,64,卖盘
1736,10:58:12,38.1,57150,15,买盘
1737,10:58:15,38.1,11430,3,买盘
1738,10:58:18,38.1,53340,14,买盘
1739,10:58:21,38.11,45722,12,买盘
1740,10:58:24,38.1,129542,34,卖盘
1741,10:58:27,38.11,11433,3,买盘
1742,10:58:30,38.1,11430,3,卖盘
1743,10:58:33,38.11,148598,39,买盘
1744,10:58:36,38.11,49543,13,卖盘
1745,10:58:39,38.11,133385,35,买盘
1746,10:58:42,38.1,7621,2,卖盘
1747,10:58:45,38.1,163830,43,卖盘
1748,10:58:48,38.11,91449,24,买盘
1749,10:58:51,38.1,34290,9,卖盘
1750,10:58:54,38.1,106667,28,卖盘
1751,10:58:57,38.09,99050,26,卖盘
1752,10:59:00,38.1,7620,2,买盘
1753,10:59:03,38.1,72389,19,买盘
1754,10:59:06,38.1,38100,10,买盘
1755,10:59:09,38.09,171419,45,卖盘
1756,10:59:12,38.09,19045,5,卖盘
1757,10:59:15,38.09,236158,62,卖盘
1758,10:59:18,38.1,137156,36,买盘
1759,10:59:21,38.1,64774,17,买盘
1760,10:59:24,38.1,201944,53,卖盘
1761,10:59:27,38.11,22866,6,买盘
1762,10:59:30,38.1,91443,24,卖盘
1763,10:59:33,38.12,15248,4,买盘
1764,10:59:36,38.1,64770,17,卖盘
1765,10:59:39,38.1,41906,11,买盘
1766,10:59:42,38.09,15239,4,卖盘
1767,10:59:45,38.11,41915,11,买盘
1768,10:59:48,38.1,68592,18,卖盘
1769,10:59:51,38.11,68588,18,中性盘
1770,10:59:54,38.11,19055,5,卖盘
1771,10:59:57,38.11,19055,5,卖盘
1772,11:00:00,38.12,22862,6,买盘
1773,11:00:03,38.11,3811,1,中性盘
1774,11:00:06,38.11,99101,26,买盘
1775,11:00:09,38.11,26680,7,卖盘
1776,11:00:12,38.1,99083,26,卖盘
1777,11:00:15,38.1,407673,107,卖盘
1778,11:00:18,38.1,118118,31,卖盘
1779,11:00:21,38.1,121947,32,卖盘
1780,11:00:24,38.11,297225,78,买盘
1781,11:00:27,38.1,110499,29,卖盘
1782,11:00:30,38.1,140990,37,卖盘
1783,11:00:33,38.1,53340,14,卖盘
1784,11:00:36,38.08,1698617,446,卖盘
1785,11:00:39,38.09,57134,15,买盘
1786,11:00:42,38.08,57145,15,卖盘
1787,11:00:48,38.08,34272,9,买盘
1788,11:00:51,38.1,342793,90,买盘
1789,11:00:54,38.1,15241,4,买盘
1790,11:00:57,38.11,125700,33,买盘
1791,11:01:00,38.09,34281,9,卖盘
1792,11:01:03,38.11,11431,3,买盘
1793,11:01:06,38.08,34278,9,卖盘
1794,11:01:09,38.09,144791,38,卖盘
1795,11:01:12,38.09,7618,2,卖盘
1796,11:01:15,38.1,80009,21,买盘
1797,11:01:18,38.09,99034,26,卖盘
1798,11:01:21,38.1,106669,28,买盘
1799,11:01:24,38.08,95216,25,卖盘
1800,11:01:27,38.09,15235,4,买盘
1801,11:01:30,38.07,243696,64,卖盘
1802,11:01:33,38.07,171355,45,卖盘
1803,11:01:36,38.08,137086,36,买盘
1804,11:01:39,38.07,357884,94,卖盘
1805,11:01:42,38.07,186543,49,买盘
1806,11:01:45,38.07,300787,79,卖盘
1807,11:01:48,38.07,15228,4,买盘
1808,11:01:51,38.08,144679,38,买盘
1809,11:01:54,38.08,171353,45,买盘
1810,11:01:57,38.09,57135,15,买盘
1811,11:02:00,38.08,81320,21,卖盘
1812,11:02:03,38.08,57120,15,卖盘
1813,11:02:06,38.09,114235,30,买盘
1814,11:02:09,38.09,45703,12,买盘
1815,11:02:12,38.09,99040,26,卖盘
1816,11:02:15,38.1,403853,106,买盘
1817,11:02:18,38.1,76190,20,买盘
1818,11:02:21,38.1,87620,23,买盘
1819,11:02:24,38.1,3810,1,买盘
1820,11:02:27,38.1,125730,33,买盘
1821,11:02:30,38.1,26666,7,买盘
1822,11:02:33,38.11,270521,71,买盘
1823,11:02:39,38.14,819766,215,买盘
1824,11:02:42,38.17,648562,170,买盘
1825,11:02:45,38.22,2516680,659,买盘
1826,11:02:48,38.25,206532,54,买盘
1827,11:02:51,38.25,15300,4,买盘
1828,11:02:54,38.28,218115,57,买盘
1829,11:02:57,38.28,38271,10,买盘
1830,11:03:00,38.28,470753,123,买盘
1831,11:03:03,38.28,176098,46,卖盘
1832,11:03:06,38.27,222008,58,卖盘
1833,11:03:09,38.25,443786,116,卖盘
1834,11:03:12,38.24,84172,22,卖盘
1835,11:03:15,38.23,76471,20,卖盘
1836,11:03:18,38.23,53531,14,卖盘
1837,11:03:21,38.21,3821,1,卖盘
1838,11:03:24,38.2,278895,73,卖盘
1839,11:03:27,38.2,676726,177,卖盘
1840,11:03:30,38.21,275130,72,卖盘
1841,11:03:33,38.22,298046,78,中性盘
1842,11:03:36,38.22,103194,27,买盘
1843,11:03:39,38.22,122289,32,买盘
1844,11:03:42,38.22,160523,42,买盘
1845,11:03:45,38.22,80274,21,卖盘
1846,11:03:48,38.22,84105,22,卖盘
1847,11:03:51,38.23,160556,42,买盘
1848,11:03:57,38.23,15292,4,买盘
1849,11:04:00,38.23,49693,13,买盘
1850,11:04:03,38.22,110847,29,卖盘
1851,11:04:06,38.23,416566,109,买盘
1852,11:04:09,38.22,19110,5,中性盘
1853,11:04:12,38.2,91679,24,卖盘
1854,11:04:15,38.22,95532,25,买盘
1855,11:04:21,38.22,61134,16,买盘
1856,11:04:24,38.2,11462,3,卖盘
1857,11:04:27,38.22,194918,51,买盘
1858,11:04:30,38.21,229273,60,中性盘
1859,11:04:33,38.21,42033,11,买盘
1860,11:04:39,38.21,68765,18,买盘
1861,11:04:42,38.21,42031,11,买盘
1862,11:04:45,38.22,49686,13,买盘
1863,11:04:48,38.22,15288,4,卖盘
1864,11:04:51,38.22,118477,31,卖盘
1865,11:04:54,38.23,26756,7,买盘
1866,11:04:57,38.22,214086,56,卖盘
1867,11:05:00,38.23,80277,21,买盘
1868,11:05:03,38.23,107044,28,买盘
1869,11:05:06,38.22,171992,45,卖盘
1870,11:05:12,38.22,30576,8,买盘
1871,11:05:15,38.22,64974,17,买盘
1872,11:05:18,38.22,38220,10,卖盘
1873,11:05:21,38.23,141425,37,买盘
1874,11:05:24,38.23,72626,19,买盘
1875,11:05:27,38.24,73415,19,买盘
1876,11:05:30,38.24,53536,14,卖盘
1877,11:05:33,38.23,148335,39,卖盘
1878,11:05:36,38.23,168180,44,买盘
1879,11:05:39,38.23,118470,31,买盘
1880,11:05:42,38.2,424360,111,卖盘
1881,11:05:45,38.22,3822,1,买盘
1882,11:05:48,38.22,80242,21,买盘
1883,11:05:54,38.22,53512,14,卖盘
1884,11:05:57,38.22,22932,6,买盘
1885,11:06:00,38.22,22932,6,买盘
1886,11:06:03,38.23,53517,14,买盘
1887,11:06:06,38.24,19119,5,买盘
1888,11:06:12,38.23,118513,31,买盘
1889,11:06:15,38.23,22943,6,卖盘
1890,11:06:18,38.23,3823,1,卖盘
1891,11:06:21,38.24,26763,7,买盘
1892,11:06:24,38.24,76475,20,买盘
1893,11:06:27,38.23,30593,8,卖盘
1894,11:06:30,38.25,19122,5,买盘
1895,11:06:33,38.25,179774,47,买盘
1896,11:06:36,38.25,42840,11,买盘
1897,11:06:39,38.25,107126,28,卖盘
1898,11:06:42,38.27,294653,77,买盘
1899,11:06:45,38.27,103329,27,卖盘
1900,11:06:48,38.27,26789,7,买盘
1901,11:06:51,38.27,7654,2,买盘
1902,11:06:54,38.27,88028,23,卖盘
1903,11:06:57,38.28,298584,78,买盘
1904,11:07:00,38.29,11485,3,买盘
1905,11:07:03,38.3,758203,198,买盘
1906,11:07:06,38.3,130211,34,买盘
1907,11:07:09,38.32,1099283,287,买盘
1908,11:07:12,38.32,130285,34,买盘
1909,11:07:15,38.32,172812,45,买盘
1910,11:07:18,38.33,191631,50,买盘
1911,11:07:21,38.33,295086,77,买盘
1912,11:07:24,38.32,130308,34,卖盘
1913,11:07:27,38.32,628154,164,卖盘
1914,11:07:30,38.33,548095,143,买盘
1915,11:07:33,38.33,157164,41,卖盘
1916,11:07:36,38.35,280261,73,买盘
1917,11:07:39,38.34,1440732,376,卖盘
1918,11:07:42,38.34,310552,81,买盘
1919,11:07:45,38.34,521365,136,买盘
1920,11:07:48,38.35,95852,25,买盘
1921,11:07:51,38.34,107377,28,卖盘
1922,11:07:54,38.35,717094,187,买盘
1923,11:07:57,38.35,310652,81,买盘
1924,11:08:00,38.33,2016836,526,卖盘
1925,11:08:03,38.33,348882,91,卖盘
1926,11:08:06,38.33,53682,14,中性盘
1927,11:08:09,38.31,1333055,348,卖盘
1928,11:08:12,38.33,1718459,448,买盘
1929,11:08:15,38.33,61340,16,卖盘
1930,11:08:18,38.33,160975,42,中性盘
1931,11:08:21,38.34,145632,38,买盘
1932,11:08:24,38.34,586216,153,买盘
1933,11:08:27,38.32,95809,25,买盘
1934,11:08:30,38.32,283617,74,买盘
1935,11:08:33,38.32,210781,55,卖盘
1936,11:08:36,38.31,168596,44,卖盘
1937,11:08:39,38.29,344630,90,卖盘
1938,11:08:42,38.31,61272,16,买盘
1939,11:08:45,38.33,84286,22,买盘
1940,11:08:48,38.33,118817,31,买盘
1941,11:08:51,38.32,88154,23,卖盘
1942,11:08:54,38.32,53657,14,买盘
1943,11:08:57,38.33,1230269,321,买盘
1944,11:09:00,38.33,103520,27,卖盘
1945,11:09:03,38.34,69046,18,中性盘
1946,11:09:06,38.34,61346,16,卖盘
1947,11:09:09,38.35,80539,21,中性盘
1948,11:09:12,38.34,111210,29,卖盘
1949,11:09:15,38.35,61356,16,买盘
1950,11:09:18,38.34,42174,11,卖盘
1951,11:09:21,38.35,84375,22,买盘
1952,11:09:24,38.35,352790,92,卖盘
1953,11:09:27,38.34,65178,17,中性盘
1954,11:09:30,38.32,1246088,325,卖盘
1955,11:09:33,38.33,168649,44,买盘
1956,11:09:36,38.34,38336,10,买盘
1957,11:09:39,38.32,452196,118,卖盘
1958,11:09:42,38.32,126441,33,买盘
1959,11:09:45,38.33,363980,95,买盘
1960,11:09:48,38.3,455871,119,卖盘
1961,11:09:51,38.3,53623,14,买盘
1962,11:09:54,38.3,145538,38,卖盘
1963,11:09:57,38.29,42126,11,卖盘
1964,11:10:00,38.3,26804,7,中性盘
1965,11:10:03,38.28,983824,257,卖盘
1966,11:10:06,38.29,95727,25,中性盘
1967,11:10:09,38.29,390733,102,卖盘
1968,11:10:12,38.29,84240,22,卖盘
1969,11:10:15,38.3,26810,7,买盘
1970,11:10:18,38.27,723429,189,卖盘
1971,11:10:21,38.27,187537,49,买盘
1972,11:10:24,38.27,30616,8,卖盘
1973,11:10:27,38.29,11487,3,买盘
1974,11:10:30,38.25,1146875,300,卖盘
1975,11:10:33,38.27,215052,56,买盘
1976,11:10:36,38.28,103334,27,买盘
1977,11:10:39,38.27,15308,4,中性盘
1978,11:10:42,38.27,38258,10,买盘
1979,11:10:45,38.27,443001,116,买盘
1980,11:10:48,38.28,3828,1,买盘
1981,11:10:51,38.28,19139,5,买盘
1982,11:10:54,38.27,249516,65,卖盘
1983,11:11:00,38.26,145423,38,卖盘
1984,11:11:03,38.26,130110,34,卖盘
1985,11:11:09,38.27,205896,54,买盘
1986,11:11:15,38.27,26789,7,卖盘
1987,11:11:18,38.27,133967,35,卖盘
1988,11:11:21,38.27,35208,9,卖盘
1989,11:11:24,38.27,30611,8,买盘
1990,11:11:27,38.25,344342,90,卖盘
1991,11:11:30,38.26,428499,112,买盘
1992,11:11:33,38.25,19125,5,卖盘
1993,11:11:36,38.26,34430,9,买盘
1994,11:11:39,38.25,11475,3,卖盘
1995,11:11:42,38.26,22954,6,买盘
1996,11:11:45,38.26,137711,36,买盘
1997,11:11:48,38.24,145345,38,卖盘
1998,11:11:51,38.25,164470,43,买盘
1999,11:11:54,38.25,84145,22,买盘
2000,11:11:57,38.25,122373,32,买盘
2001,11:12:00,38.25,214166,56,买盘
2002,11:12:03,38.25,42075,11,卖盘
2003,11:12:06,38.25,84168,22,卖盘
2004,11:12:09,38.25,3825,1,卖盘
2005,11:12:12,38.25,183600,48,卖盘
2006,11:12:15,38.25,130074,34,卖盘
2007,11:12:21,38.25,191254,50,买盘
2008,11:12:24,38.26,218072,57,买盘
2009,11:12:27,38.25,137733,36,卖盘
2010,11:12:30,38.25,34425,9,卖盘
2011,11:12:33,38.27,214225,56,买盘
2012,11:12:36,38.27,19135,5,卖盘
2013,11:12:39,38.25,183698,48,卖盘
2014,11:12:42,38.25,11479,3,卖盘
2015,11:12:45,38.27,49752,13,买盘
2016,11:12:48,38.26,26782,7,卖盘
2017,11:12:51,38.28,141633,37,买盘
2018,11:12:54,38.27,72705,19,中性盘
2019,11:12:57,38.27,45924,12,中性盘
2020,11:13:00,38.27,61227,16,买盘
2021,11:13:03,38.27,65057,17,中性盘
2022,11:13:06,38.27,30616,8,卖盘
2023,11:13:09,38.27,177605,46,卖盘
2024,11:13:12,38.28,126295,33,买盘
2025,11:13:15,38.28,187572,49,买盘
2026,11:13:18,38.26,340684,89,卖盘
2027,11:13:21,38.27,49760,13,中性盘
2028,11:13:24,38.28,130150,34,买盘
2029,11:13:27,38.28,42106,11,卖盘
2030,11:13:30,38.28,34452,9,买盘
2031,11:13:33,38.27,187558,49,卖盘
2032,11:13:36,38.26,413168,108,卖盘
2033,11:13:39,38.28,179870,47,买盘
2034,11:13:42,38.28,42107,11,买盘
2035,11:13:45,38.28,53586,14,买盘
2036,11:13:48,38.28,22968,6,买盘
2037,11:13:51,38.26,65055,17,卖盘
2038,11:13:54,38.28,42108,11,买盘
2039,11:13:57,38.28,15312,4,买盘
2040,11:14:00,38.28,19139,5,买盘
2041,11:14:03,38.25,195145,51,卖盘
2042,11:14:06,38.25,832686,218,卖盘
2043,11:14:09,38.24,34412,9,买盘
2044,11:14:12,38.2,324730,85,卖盘
2045,11:14:15,38.2,118429,31,卖盘
2046,11:14:18,38.2,114602,30,卖盘
2047,11:14:24,38.19,30561,8,卖盘
2048,11:14:27,38.21,87844,23,买盘
2049,11:14:30,38.19,57285,15,卖盘
2050,11:14:33,38.22,320953,84,买盘
2051,11:14:36,38.21,19105,5,卖盘
2052,11:14:39,38.22,42034,11,买盘
2053,11:14:42,38.21,210096,55,卖盘
2054,11:14:45,38.21,7642,2,买盘
2055,11:14:48,38.21,22923,6,买盘
2056,11:14:51,38.21,3821,1,买盘
2057,11:14:54,38.21,84061,22,买盘
2058,11:14:57,38.22,137528,36,买盘
2059,11:15:00,38.2,80221,21,卖盘
2060,11:15:03,38.2,133708,35,卖盘
2061,11:15:06,38.19,34379,9,卖盘
2062,11:15:09,38.19,45838,12,卖盘
2063,11:15:12,38.19,84030,22,卖盘
2064,11:15:15,38.18,316913,83,卖盘
2065,11:15:18,38.18,125994,33,买盘
2066,11:15:21,38.18,156557,41,卖盘
2067,11:15:24,38.19,64910,17,买盘
2068,11:15:27,38.18,68732,18,卖盘
2069,11:15:30,38.19,255864,67,买盘
2070,11:15:33,38.2,80209,21,买盘
2071,11:15:36,38.19,26738,7,卖盘
2072,11:15:39,38.19,7638,2,卖盘
2073,11:15:42,38.2,206249,54,买盘
2074,11:15:45,38.19,42019,11,卖盘
2075,11:15:48,38.19,22914,6,买盘
2076,11:15:51,38.2,405101,106,买盘
2077,11:15:57,38.2,3820,1,卖盘
2078,11:16:00,38.23,11469,3,买盘
2079,11:16:03,38.2,91722,24,卖盘
2080,11:16:06,38.2,15280,4,卖盘
2081,11:16:09,38.19,57312,15,卖盘
2082,11:16:12,38.2,38200,10,买盘
2083,11:16:15,38.19,26733,7,卖盘
2084,11:16:18,38.19,103113,27,卖盘
2085,11:16:21,38.2,38200,10,卖盘
2086,11:16:24,38.22,160487,42,买盘
2087,11:16:27,38.21,42034,11,卖盘
2088,11:16:30,38.24,64971,17,买盘
2089,11:16:33,38.2,244540,64,卖盘
2090,11:16:36,38.19,332208,87,卖盘
2091,11:16:39,38.18,359183,94,卖盘
2092,11:16:42,38.18,72551,19,卖盘
2093,11:16:45,38.2,68760,18,买盘
2094,11:16:48,38.2,19098,5,买盘
2095,11:16:51,38.2,103116,27,买盘
2096,11:16:54,38.19,19095,5,卖盘
2097,11:17:00,38.19,53466,14,卖盘
2098,11:17:03,38.19,76391,20,卖盘
2099,11:17:06,38.19,22914,6,卖盘
2100,11:17:09,38.2,11459,3,买盘
2101,11:17:15,38.19,22919,6,卖盘
2102,11:17:18,38.19,26735,7,卖盘
2103,11:17:21,38.21,427847,112,买盘
2104,11:17:24,38.21,19105,5,卖盘
2105,11:17:30,38.21,38210,10,卖盘
2106,11:17:33,38.21,42033,11,卖盘
2107,11:17:39,38.21,11465,3,卖盘
2108,11:17:42,38.24,38233,10,买盘
2109,11:17:45,38.24,49712,13,买盘
2110,11:17:48,38.24,87952,23,买盘
2111,11:17:51,38.24,30592,8,买盘
2112,11:17:54,38.23,99423,26,卖盘
2113,11:18:00,38.24,7648,2,卖盘
2114,11:18:03,38.24,122375,32,卖盘
2115,11:18:06,38.24,7648,2,卖盘
2116,11:18:12,38.24,328867,86,卖盘
2117,11:18:15,38.25,91799,24,买盘
2118,11:18:18,38.25,370954,97,买盘
2119,11:18:21,38.25,221850,58,买盘
2120,11:18:24,38.25,11475,3,卖盘
2121,11:18:27,38.26,7652,2,买盘
2122,11:18:33,38.25,19125,5,卖盘
2123,11:18:36,38.26,11478,3,买盘
2124,11:18:39,38.26,26782,7,买盘
2125,11:18:42,38.26,84172,22,买盘
2126,11:18:45,38.26,3826,1,卖盘
2127,11:18:48,38.26,84172,22,卖盘
2128,11:18:51,38.25,42075,11,卖盘
2129,11:18:54,38.25,198916,52,卖盘
2130,11:18:57,38.25,68844,18,买盘
2131,11:19:00,38.24,53548,14,卖盘
2132,11:19:03,38.22,1146917,300,卖盘
2133,11:19:06,38.23,435785,114,买盘
2134,11:19:09,38.22,152876,40,卖盘
2135,11:19:12,38.21,225450,59,卖盘
2136,11:19:15,38.21,34395,9,卖盘
2137,11:19:18,38.2,114619,30,卖盘
2138,11:19:21,38.2,362932,95,卖盘
2139,11:19:24,38.21,198597,52,中性盘
2140,11:19:27,38.22,49671,13,买盘
2141,11:19:30,38.2,42024,11,中性盘
2142,11:19:33,38.21,225441,59,中性盘
2143,11:19:36,38.21,110828,29,卖盘
2144,11:19:39,38.23,110828,29,买盘
2145,11:19:42,38.21,30568,8,卖盘
2146,11:19:45,38.21,202514,53,卖盘
2147,11:19:51,38.21,38206,10,中性盘
2148,11:19:54,38.2,42023,11,卖盘
2149,11:19:57,38.2,22920,6,卖盘
2150,11:20:00,38.21,141337,37,中性盘
2151,11:20:03,38.24,22941,6,买盘
2152,11:20:09,38.24,179704,47,买盘
2153,11:20:12,38.24,42069,11,卖盘
2154,11:20:15,38.24,7648,2,卖盘
2155,11:20:18,38.25,214196,56,买盘
2156,11:20:21,38.24,11472,3,中性盘
2157,11:20:24,38.25,114729,30,买盘
2158,11:20:27,38.24,38240,10,卖盘
2159,11:20:30,38.24,19119,5,卖盘
2160,11:20:33,38.24,22939,6,中性盘
2161,11:20:36,38.24,30592,8,中性盘
2162,11:20:39,38.24,72669,19,卖盘
2163,11:20:42,38.25,53550,14,买盘
2164,11:20:45,38.25,76500,20,买盘
2165,11:20:48,38.22,191108,50,卖盘
2166,11:20:51,38.22,19110,5,买盘
2167,11:20:54,38.22,91758,24,卖盘
2168,11:20:57,38.21,15284,4,卖盘
2169,11:21:06,38.2,42785,11,卖盘
2170,11:21:09,38.24,3824,1,买盘
2171,11:21:12,38.24,244714,64,买盘
2172,11:21:21,38.21,7642,2,卖盘
2173,11:21:27,38.22,38216,10,买盘
2174,11:21:30,38.22,49686,13,买盘
2175,11:21:33,38.22,11466,3,卖盘
2176,11:21:36,38.22,19110,5,卖盘
2177,11:21:39,38.22,34398,9,卖盘
2178,11:21:42,38.22,7644,2,卖盘
2179,11:21:45,38.23,87926,23,买盘
2180,11:21:48,38.23,91752,24,买盘
2181,11:21:51,38.23,57335,15,买盘
2182,11:21:54,38.22,550368,144,卖盘
2183,11:21:57,38.22,76440,20,买盘
2184,11:22:00,38.22,7644,2,买盘
2185,11:22:03,38.23,214050,56,买盘
2186,11:22:06,38.22,11466,3,卖盘
2187,11:22:12,38.22,286650,75,卖盘
2188,11:22:15,38.23,53521,14,买盘
2189,11:22:18,38.23,34403,9,买盘
2190,11:22:21,38.21,84080,22,卖盘
2191,11:22:24,38.23,22936,6,买盘
2192,11:22:27,38.21,42051,11,卖盘
2193,11:22:30,38.22,26752,7,中性盘
2194,11:22:33,38.21,19105,5,卖盘
2195,11:22:39,38.21,22928,6,卖盘
2196,11:22:42,38.21,61137,16,卖盘
2197,11:22:45,38.22,194886,51,买盘
2198,11:22:48,38.22,61152,16,卖盘
2199,11:22:51,38.22,38220,10,卖盘
2200,11:22:54,38.21,7643,2,卖盘
2201,11:22:57,38.21,34391,9,卖盘
2202,11:23:00,38.2,22921,6,卖盘
2203,11:23:06,38.21,22926,6,买盘
2204,11:23:09,38.21,7642,2,买盘
2205,11:23:12,38.2,22922,6,卖盘
2206,11:23:15,38.19,495798,130,卖盘
2207,11:23:18,38.17,202346,53,卖盘
2208,11:23:21,38.18,34362,9,卖盘
2209,11:23:24,38.18,57273,15,卖盘
2210,11:23:27,38.18,152676,40,买盘
2211,11:23:30,38.17,83974,22,卖盘
2212,11:23:33,38.16,99226,26,卖盘
2213,11:23:36,38.16,95402,25,卖盘
2214,11:23:39,38.17,106852,28,买盘
2215,11:23:42,38.17,385527,101,买盘
2216,11:23:45,38.18,3818,1,买盘
2217,11:23:48,38.18,213808,56,买盘
2218,11:23:51,38.18,42002,11,卖盘
2219,11:23:54,38.18,26728,7,卖盘
2220,11:24:00,38.18,45820,12,卖盘
2221,11:24:03,38.19,34372,9,卖盘
2222,11:24:06,38.19,126003,33,卖盘
2223,11:24:09,38.18,11454,3,卖盘
2224,11:24:15,38.2,84026,22,买盘
2225,11:24:18,38.21,38206,10,买盘
2226,11:24:21,38.22,30576,8,买盘
2227,11:24:24,38.22,7644,2,卖盘
2228,11:24:27,38.22,42048,11,卖盘
2229,11:24:30,38.24,1408083,368,买盘
2230,11:24:33,38.23,49699,13,卖盘
2231,11:24:36,38.24,7648,2,买盘
2232,11:24:39,38.24,84128,22,买盘
2233,11:24:42,38.25,58898,15,买盘
2234,11:24:48,38.25,566068,148,买盘
2235,11:24:51,38.25,38250,10,卖盘
2236,11:24:54,38.27,2159410,564,买盘
2237,11:24:57,38.26,34439,9,卖盘
2238,11:25:00,38.3,447975,117,买盘
2239,11:25:03,38.31,99529,26,买盘
2240,11:25:06,38.29,22972,6,中性盘
2241,11:25:09,38.3,160856,42,买盘
2242,11:25:12,38.3,53620,14,买盘
2243,11:25:15,38.31,15321,4,买盘
2244,11:25:18,38.34,1593984,416,买盘
2245,11:25:21,38.35,786111,205,买盘
2246,11:25:24,38.4,2699459,703,买盘
2247,11:25:27,38.4,180480,47,买盘
2248,11:25:30,38.4,817902,213,买盘
2249,11:25:33,38.41,472371,123,买盘
2250,11:25:36,38.42,380228,99,买盘
2251,11:25:39,38.41,180485,47,中性盘
2252,11:25:42,38.41,80637,21,买盘
2253,11:25:45,38.41,145960,38,买盘
2254,11:25:48,38.41,57612,15,买盘
2255,11:25:51,38.4,1528610,398,卖盘
2256,11:25:54,38.4,111360,29,买盘
2257,11:25:57,38.4,168954,44,买盘
2258,11:26:00,38.37,763703,199,卖盘
2259,11:26:03,38.35,76702,20,卖盘
2260,11:26:06,38.36,26849,7,买盘
2261,11:26:09,38.35,345109,90,卖盘
2262,11:26:12,38.35,1073778,280,买盘
2263,11:26:15,38.34,57504,15,中性盘
2264,11:26:18,38.3,65169,17,卖盘
2265,11:26:21,38.31,65161,17,中性盘
2266,11:26:24,38.3,19152,5,卖盘
2267,11:26:27,38.33,88151,23,买盘
2268,11:26:30,38.34,329647,86,买盘
2269,11:26:33,38.33,30665,8,中性盘
2270,11:26:36,38.33,26829,7,卖盘
2271,11:26:39,38.33,199359,52,中性盘
2272,11:26:42,38.33,237650,62,卖盘
2273,11:26:45,38.34,30661,8,中性盘
2274,11:26:48,38.34,88182,23,卖盘
2275,11:26:51,38.34,882117,230,卖盘
2276,11:26:54,38.35,26839,7,买盘
2277,11:26:57,38.34,145724,38,卖盘
2278,11:27:00,38.36,429406,112,买盘
2279,11:27:03,38.34,337362,88,中性盘
2280,11:27:06,38.34,245340,64,中性盘
2281,11:27:09,38.32,183939,48,卖盘
2282,11:27:12,38.32,203159,53,卖盘
2283,11:27:15,38.33,80489,21,中性盘
2284,11:27:18,38.3,1587145,414,卖盘
2285,11:27:21,38.33,42158,11,卖盘
2286,11:27:24,38.32,7664,2,卖盘
2287,11:27:27,38.32,80472,21,卖盘
2288,11:27:30,38.32,15325,4,买盘
2289,11:27:33,38.32,3832,1,买盘
2290,11:27:36,38.32,53649,14,买盘
2291,11:27:39,38.31,49803,13,卖盘
2292,11:27:42,38.32,111128,29,买盘
2293,11:27:45,38.32,72808,19,卖盘
2294,11:27:48,38.32,57488,15,卖盘
2295,11:27:51,38.32,111128,29,卖盘
2296,11:27:54,38.33,7665,2,买盘
2297,11:27:57,38.33,157153,41,买盘
2298,11:28:00,38.33,103477,27,卖盘
2299,11:28:03,38.33,95839,25,买盘
2300,11:28:06,38.34,61338,16,买盘
2301,11:28:09,38.33,574956,150,卖盘
2302,11:28:12,38.33,130319,34,卖盘
2303,11:28:15,38.34,383342,100,买盘
2304,11:28:18,38.32,134178,35,卖盘
2305,11:28:21,38.33,76668,20,卖盘
2306,11:28:24,38.32,398582,104,卖盘
2307,11:28:27,38.33,586486,153,买盘
2308,11:28:30,38.33,11499,3,买盘
2309,11:28:33,38.32,196249,51,卖盘
2310,11:28:36,38.33,592581,155,中性盘
2311,11:28:39,38.32,84329,22,卖盘
2312,11:28:42,38.34,80514,21,买盘
2313,11:28:45,38.34,92011,24,买盘
2314,11:28:48,38.34,291303,76,卖盘
2315,11:28:51,38.34,30662,8,中性盘
2316,11:28:54,38.35,172566,45,买盘
2317,11:28:57,38.32,23001,6,卖盘
2318,11:29:00,38.35,237770,62,买盘
2319,11:29:03,38.34,49845,13,中性盘
2320,11:29:06,38.35,42185,11,买盘
2321,11:29:09,38.33,23004,6,卖盘
2322,11:29:12,38.34,65181,17,买盘
2323,11:29:15,38.32,168634,44,卖盘
2324,11:29:18,38.34,23001,6,买盘
2325,11:29:21,38.33,15331,4,买盘
2326,11:29:24,38.33,157144,41,中性盘
2327,11:29:27,38.32,360855,94,中性盘
2328,11:29:30,38.31,76620,20,卖盘
2329,11:29:33,38.32,65144,17,买盘
2330,11:29:36,38.32,117996,31,买盘
2331,11:29:39,38.33,3833,1,买盘
2332,11:29:42,38.32,77411,20,卖盘
2333,11:29:45,38.32,45984,12,卖盘
2334,11:29:48,38.33,19165,5,买盘
2335,11:29:51,38.32,287411,75,卖盘
2336,11:29:54,38.34,80504,21,买盘
2337,11:29:57,38.34,3834,1,买盘
2338,11:30:00,38.33,53673,14,卖盘
2339,13:00:00,38.35,2989870,780,买盘
2340,13:00:03,38.34,2366398,617,卖盘
2341,13:00:06,38.3,724028,189,卖盘
2342,13:00:09,38.17,2773512,726,卖盘
2343,13:00:12,38.14,132787,35,卖盘
2344,13:00:15,38.16,259361,68,买盘
2345,13:00:18,38.19,504860,132,买盘
2346,13:00:21,38.23,389845,102,买盘
2347,13:00:24,38.23,1198565,314,买盘
2348,13:00:27,38.2,19106,5,卖盘
2349,13:00:30,38.19,122220,32,卖盘
2350,13:00:33,38.16,68719,18,卖盘
2351,13:00:36,38.18,30544,8,买盘
2352,13:00:39,38.18,15274,4,卖盘
2353,13:00:42,38.15,225240,59,卖盘
2354,13:00:45,38.16,122164,32,卖盘
2355,13:00:48,38.16,99216,26,卖盘
2356,13:00:51,38.16,45792,12,买盘
2357,13:00:54,38.16,15264,4,买盘
2358,13:00:57,38.13,1384821,363,卖盘
2359,13:01:00,38.12,209699,55,卖盘
2360,13:01:03,38.14,53384,14,买盘
2361,13:01:06,38.14,95333,25,中性盘
2362,13:01:09,38.14,1360719,357,买盘
2363,13:01:12,38.14,15258,4,中性盘
2364,13:01:15,38.16,68666,18,买盘
2365,13:01:18,38.15,26710,7,卖盘
2366,13:01:21,38.15,53408,14,卖盘
2367,13:01:24,38.13,91533,24,卖盘
2368,13:01:27,38.13,19067,5,卖盘
2369,13:01:30,38.13,171581,45,卖盘
2370,13:01:33,38.13,274492,72,买盘
2371,13:01:36,38.12,236391,62,中性盘
2372,13:01:39,38.13,22880,6,中性盘
2373,13:01:42,38.12,19064,5,卖盘
2374,13:01:45,38.14,152546,40,买盘
2375,13:01:54,38.13,45756,12,卖盘
2376,13:01:57,38.12,26686,7,卖盘
2377,13:02:00,38.12,95311,25,卖盘
2378,13:02:03,38.12,388790,102,买盘
2379,13:02:06,38.14,15256,4,买盘
2380,13:02:09,38.14,19070,5,买盘
2381,13:02:12,38.13,11439,3,卖盘
2382,13:02:15,38.15,106812,28,买盘
2383,13:02:18,38.15,7630,2,买盘
2384,13:02:21,38.14,61030,16,卖盘
2385,13:02:24,38.13,1308172,343,卖盘
2386,13:02:27,38.11,488042,128,卖盘
2387,13:02:30,38.13,49569,13,买盘
2388,13:02:33,38.13,13956,4,买盘
2389,13:02:36,38.14,251745,66,买盘
2390,13:02:39,38.16,34344,9,买盘
2391,13:02:42,38.15,713405,187,卖盘
2392,13:02:48,38.16,68701,18,卖盘
2393,13:02:51,38.16,11448,3,卖盘
2394,13:02:54,38.16,7632,2,卖盘
2395,13:02:57,38.16,49618,13,卖盘
2396,13:03:00,38.17,118309,31,中性盘
2397,13:03:03,38.17,87782,23,卖盘
2398,13:03:06,38.17,473169,124,买盘
2399,13:03:09,38.18,454244,119,买盘
2400,13:03:12,38.18,278714,73,卖盘
2401,13:03:15,38.18,19090,5,卖盘
2402,13:03:18,38.19,11457,3,买盘
2403,13:03:21,38.19,68740,18,买盘
2404,13:03:24,38.19,53466,14,买盘
2405,13:03:27,38.18,26729,7,卖盘
2406,13:03:30,38.18,34367,9,卖盘
2407,13:03:33,38.18,61092,16,卖盘
2408,13:03:36,38.18,179446,47,买盘
2409,13:03:39,38.18,53453,14,买盘
2410,13:03:45,38.19,22914,6,买盘
2411,13:03:48,38.19,57282,15,买盘
2412,13:03:51,38.2,22919,6,买盘
2413,13:03:54,38.19,68742,18,卖盘
2414,13:03:57,38.2,505771,132,买盘
2415,13:04:00,38.18,1748028,458,卖盘
2416,13:04:03,38.19,252107,66,中性盘
2417,13:04:06,38.2,236787,62,买盘
2418,13:04:09,38.18,202345,53,卖盘
2419,13:04:12,38.2,133640,35,买盘
2420,13:04:15,38.18,49641,13,卖盘
2421,13:04:18,38.19,19093,5,买盘
2422,13:04:21,38.17,7635,2,卖盘
2423,13:04:24,38.17,49632,13,卖盘
2424,13:04:27,38.17,38172,10,卖盘
2425,13:04:30,38.17,259556,68,卖盘
2426,13:04:33,38.16,45793,12,卖盘
2427,13:04:36,38.15,45796,12,卖盘
2428,13:04:39,38.15,11445,3,卖盘
2429,13:04:42,38.15,137340,36,卖盘
2430,13:04:45,38.15,274688,72,卖盘
2431,13:04:48,38.15,41965,11,卖盘
2432,13:04:51,38.15,95375,25,卖盘
2433,13:04:54,38.15,3815,1,买盘
2434,13:04:57,38.15,194565,51,买盘
2435,13:05:00,38.16,106829,28,买盘
2436,13:05:03,38.15,22890,6,中性盘
2437,13:05:06,38.15,934908,245,卖盘
2438,13:05:09,38.16,30524,8,买盘
2439,13:05:12,38.15,110657,29,卖盘
2440,13:05:15,38.17,7633,2,买盘
2441,13:05:18,38.16,22896,6,卖盘
2442,13:05:21,38.17,122138,32,买盘
2443,13:05:24,38.16,83972,22,卖盘
2444,13:05:27,38.16,61056,16,卖盘
2445,13:05:30,38.16,30525,8,买盘
2446,13:05:33,38.16,38160,10,买盘
2447,13:05:36,38.15,5341,1,卖盘
2448,13:05:39,38.16,297648,78,买盘
2449,13:05:42,38.17,106871,28,买盘
2450,13:05:45,38.18,11454,3,买盘
2451,13:05:48,38.16,164133,43,卖盘
2452,13:05:51,38.18,7636,2,买盘
2453,13:05:54,38.18,3818,1,买盘
2454,13:05:57,38.17,72523,19,卖盘
2455,13:06:00,38.17,29732,8,买盘
2456,13:06:03,38.17,95419,25,买盘
2457,13:06:06,38.17,813035,213,买盘
2458,13:06:09,38.18,309246,81,买盘
2459,13:06:12,38.19,30552,8,买盘
2460,13:06:15,38.18,34369,9,卖盘
2461,13:06:18,38.17,171823,45,卖盘
2462,13:06:24,38.17,229791,60,买盘
2463,13:06:27,38.17,15264,4,买盘
2464,13:06:30,38.17,110693,29,买盘
2465,13:06:33,38.16,15263,4,买盘
2466,13:06:36,38.14,827767,217,卖盘
2467,13:06:39,38.13,7626,2,卖盘
2468,13:06:42,38.11,522289,137,卖盘
2469,13:06:45,38.11,156280,41,卖盘
2470,13:06:48,38.14,579690,152,买盘
2471,13:06:51,38.14,34320,9,买盘
2472,13:06:54,38.12,22871,6,中性盘
2473,13:06:57,38.14,53380,14,买盘
2474,13:07:03,38.14,22880,6,买盘
2475,13:07:06,38.11,369675,97,卖盘
2476,13:07:09,38.11,99086,26,买盘
2477,13:07:12,38.11,38108,10,买盘
2478,13:07:15,38.09,681986,179,卖盘
2479,13:07:18,38.08,68556,18,卖盘
2480,13:07:21,38.08,323692,85,卖盘
2481,13:07:24,38.08,49505,13,卖盘
2482,13:07:27,38.06,175102,46,卖盘
2483,13:07:30,38.07,53299,14,卖盘
2484,13:07:33,38.07,45684,12,买盘
2485,13:07:36,38.09,163706,43,买盘
2486,13:07:39,38.07,121838,32,卖盘
2487,13:07:42,38.07,34272,9,卖盘
2488,13:07:45,38.08,2093016,550,中性盘
2489,13:07:48,38.09,125671,33,买盘
2490,13:07:51,38.09,53326,14,卖盘
2491,13:07:54,38.09,15236,4,卖盘
2492,13:07:57,38.09,41899,11,卖盘
2493,13:08:00,38.09,110461,29,买盘
2494,13:08:03,38.24,8853011,2309,买盘
2495,13:08:06,38.2,126125,33,卖盘
2496,13:08:09,38.18,118376,31,卖盘
2497,13:08:12,38.16,72506,19,卖盘
2498,13:08:15,38.12,30517,8,卖盘
2499,13:08:18,38.15,7630,2,买盘
2500,13:08:21,38.11,76237,20,卖盘
2501,13:08:24,38.13,91524,24,买盘
2502,13:08:27,38.1,148592,39,卖盘
2503,13:08:30,38.12,7624,2,买盘
2504,13:08:33,38.11,26683,7,卖盘
2505,13:08:36,38.12,53368,14,买盘
2506,13:08:39,38.12,34301,9,买盘
2507,13:08:42,38.11,34303,9,卖盘
2508,13:08:45,38.11,22870,6,卖盘
2509,13:08:48,38.11,30493,8,卖盘
2510,13:08:51,38.11,3811,1,卖盘
2511,13:08:54,38.12,38120,10,买盘
2512,13:08:57,38.12,3812,1,买盘
2513,13:09:00,38.12,114335,30,买盘
2514,13:09:03,38.12,118143,31,买盘
2515,13:09:06,38.1,331499,87,卖盘
2516,13:09:09,38.12,368954,97,买盘
2517,13:09:12,38.1,1270094,333,卖盘
2518,13:09:15,38.1,102886,27,卖盘
2519,13:09:18,38.11,57156,15,买盘
2520,13:09:21,38.1,152400,40,卖盘
2521,13:09:24,38.11,102887,27,买盘
2522,13:09:27,38.11,19058,5,卖盘
2523,13:09:30,38.11,60989,16,卖盘
2524,13:09:33,38.09,460977,121,卖盘
2525,13:09:36,38.08,41896,11,卖盘
2526,13:09:39,38.1,19047,5,买盘
2527,13:09:42,38.1,3810,1,买盘
2528,13:09:45,38.08,114255,30,卖盘
2529,13:09:48,38.1,57137,15,买盘
2530,13:09:51,38.11,613262,161,买盘
2531,13:09:54,38.1,3810,1,卖盘
2532,13:09:57,38.09,1036318,272,卖盘
2533,13:10:00,38.09,7618,2,买盘
2534,13:10:03,38.08,395979,104,卖盘
2535,13:10:06,38.08,49504,13,卖盘
2536,13:10:09,38.08,38080,10,买盘
2537,13:10:12,38.08,72338,19,买盘
2538,13:10:15,38.08,68544,18,买盘
2539,13:10:18,38.08,22848,6,买盘
2540,13:10:21,38.08,118048,31,买盘
2541,13:10:24,38.08,38080,10,卖盘
2542,13:10:27,38.08,194208,51,卖盘
2543,13:10:30,38.08,11424,3,买盘
2544,13:10:33,38.07,110404,29,卖盘
2545,13:10:36,38.06,331123,87,卖盘
2546,13:10:39,38.06,45671,12,买盘
2547,13:10:42,38.05,106548,28,卖盘
2548,13:10:45,38.05,514094,135,卖盘
2549,13:10:48,38.05,136969,36,买盘
2550,13:10:51,38.04,68487,18,卖盘
2551,13:10:54,38.04,22825,6,卖盘
2552,13:10:57,38.04,49452,13,卖盘
2553,13:11:00,38.04,68483,18,卖盘
2554,13:11:03,38.04,125534,33,卖盘
2555,13:11:06,38.04,76092,20,卖盘
2556,13:11:09,38.03,205397,54,卖盘
2557,13:11:12,38.02,68451,18,卖盘
2558,13:11:15,38.02,145997,38,卖盘
2559,13:11:18,38.02,219041,58,卖盘
2560,13:11:21,38.02,285104,75,卖盘
2561,13:11:24,38.01,72235,19,卖盘
2562,13:11:27,38.02,383917,101,买盘
2563,13:11:30,38.01,421832,111,卖盘
2564,13:11:33,38.02,95027,25,买盘
2565,13:11:36,38.01,117825,31,买盘
2566,13:11:39,38.01,60806,16,买盘
2567,13:11:42,38.02,41813,11,买盘
2568,13:11:45,38.02,91239,24,买盘
2569,13:11:48,38.02,41822,11,买盘
2570,13:11:51,38.02,15208,4,卖盘
2571,13:11:54,38.03,3803,1,买盘
2572,13:11:57,38.02,38020,10,卖盘
2573,13:12:00,38.04,267731,70,买盘
2574,13:12:03,38.03,121717,32,卖盘
2575,13:12:06,38.03,243402,64,卖盘
2576,13:12:09,38.03,22818,6,卖盘
2577,13:12:12,38.04,49451,13,买盘
2578,13:12:15,38.03,22818,6,卖盘
2579,13:12:18,38.03,22818,6,卖盘
2580,13:12:21,38.04,216777,57,买盘
2581,13:12:24,38.03,72257,19,卖盘
2582,13:12:27,38.03,106489,28,卖盘
2583,13:12:30,38.03,57045,15,卖盘
2584,13:12:33,38.03,45636,12,卖盘
2585,13:12:36,38.04,106507,28,买盘
2586,13:12:39,38.03,317931,84,卖盘
2587,13:12:42,38.03,353679,93,买盘
2588,13:12:45,38.03,327058,86,买盘
2589,13:12:48,38.03,20536,5,买盘
2590,13:12:51,38.03,15212,4,卖盘
2591,13:12:54,38.04,41838,11,买盘
2592,13:12:57,38.04,3804,1,买盘
2593,13:13:00,38.05,22827,6,买盘
2594,13:13:03,38.03,547701,144,卖盘
2595,13:13:06,38.05,136951,36,买盘
2596,13:13:09,38.04,117925,31,卖盘
2597,13:13:15,38.03,239592,63,卖盘
2598,13:13:18,38.04,262419,69,买盘
2599,13:13:21,38.02,116367,31,卖盘
2600,13:13:24,38.02,22812,6,卖盘
2601,13:13:27,38.03,258570,68,买盘
2602,13:13:30,38.03,79860,21,买盘
2603,13:13:33,38.02,41832,11,卖盘
2604,13:13:36,38.03,68454,18,买盘
2605,13:13:39,38.03,216757,57,买盘
2606,13:13:42,38.01,1908181,502,卖盘
2607,13:13:45,38.01,497931,131,买盘
2608,13:13:48,38.01,15204,4,买盘
2609,13:13:51,38.01,57011,15,买盘
2610,13:13:54,38.01,41811,11,卖盘
2611,13:13:57,38.02,164965,43,买盘
2612,13:14:00,38.02,64629,17,卖盘
2613,13:14:03,38.02,11406,3,买盘
2614,13:14:06,38.0,32687,9,卖盘
2615,13:14:09,38.02,57016,15,买盘
2616,13:14:12,38.02,102652,27,买盘
2617,13:14:15,38.02,72238,19,卖盘
2618,13:14:18,38.0,5038856,1326,卖盘
2619,13:14:21,37.97,710288,187,卖盘
2620,13:14:24,37.98,110134,29,中性盘
2621,13:14:27,37.98,243042,64,买盘
2622,13:14:30,37.98,280994,74,买盘
2623,13:14:33,37.97,132899,35,卖盘
2624,13:14:36,37.98,45566,12,买盘
2625,13:14:39,37.97,216414,57,卖盘
2626,13:14:42,37.98,53172,14,买盘
2627,13:14:45,37.98,186057,49,买盘
2628,13:14:48,37.99,2626037,691,买盘
2629,13:14:51,38.0,209014,55,卖盘
2630,13:14:54,38.0,49400,13,卖盘
2631,13:14:57,38.0,216656,57,卖盘
2632,13:15:00,38.0,98801,26,卖盘
2633,13:15:03,38.0,79800,21,卖盘
2634,13:15:06,38.0,140600,37,卖盘
2635,13:15:09,37.99,140577,37,卖盘
2636,13:15:12,37.99,231756,61,卖盘
2637,13:15:15,37.98,22788,6,卖盘
2638,13:15:18,37.98,170920,45,卖盘
2639,13:15:21,37.98,170899,45,卖盘
2640,13:15:24,37.98,53168,14,买盘
2641,13:15:27,37.98,372201,98,买盘
2642,13:15:30,37.98,121524,32,中性盘
2643,13:15:33,37.99,22790,6,买盘
2644,13:15:36,37.98,110163,29,卖盘
2645,13:15:42,37.98,26590,7,卖盘
2646,13:15:45,37.98,26586,7,卖盘
2647,13:15:48,37.98,110142,29,卖盘
2648,13:15:51,37.98,91152,24,卖盘
2649,13:15:54,37.98,34182,9,卖盘
2650,13:15:57,38.0,649679,171,买盘
2651,13:16:00,37.98,186125,49,卖盘
2652,13:16:03,37.98,451957,119,买盘
2653,13:16:06,37.99,201354,53,中性盘
2654,13:16:09,37.99,75964,20,中性盘
2655,13:16:15,38.0,15199,4,买盘
2656,13:16:18,38.0,1962914,517,买盘
2657,13:16:21,37.99,41783,11,中性盘
2658,13:16:24,37.99,26593,7,买盘
2659,13:16:27,37.98,269765,71,卖盘
2660,13:16:30,37.98,15192,4,卖盘
2661,13:16:33,37.98,26590,7,卖盘
2662,13:16:36,37.98,37982,10,卖盘
2663,13:16:39,37.98,60772,16,卖盘
2664,13:16:45,37.98,7596,2,卖盘
2665,13:16:48,37.98,34183,9,卖盘
2666,13:16:51,37.98,15192,4,卖盘
2667,13:16:54,37.98,22789,6,卖盘
2668,13:16:57,37.99,72179,19,买盘
2669,13:17:00,37.99,300069,79,买盘
2670,13:17:03,37.98,110142,29,卖盘
2671,13:17:06,37.99,94952,25,买盘
2672,13:17:09,37.99,30392,8,买盘
2673,13:17:12,37.98,250716,66,卖盘
2674,13:17:15,37.98,387424,102,卖盘
2675,13:17:21,37.98,398992,105,卖盘
2676,13:17:24,37.99,22794,6,买盘
2677,13:17:27,37.99,471006,124,卖盘
2678,13:17:30,37.98,106370,28,卖盘
2679,13:17:33,37.98,18990,5,卖盘
2680,13:17:36,37.98,26586,7,卖盘
2681,13:17:39,37.99,49385,13,买盘
2682,13:17:42,37.99,151960,40,买盘
2683,13:17:45,37.99,56981,15,买盘
2684,13:17:48,37.99,60784,16,买盘
2685,13:17:51,37.99,49387,13,买盘
2686,13:17:54,37.99,18995,5,卖盘
2687,13:17:57,37.99,18995,5,卖盘
2688,13:18:00,38.0,117800,31,买盘
2689,13:18:03,38.0,668657,176,买盘
2690,13:18:06,38.0,174736,46,买盘
2691,13:18:09,37.99,121582,32,卖盘
2692,13:18:12,38.0,729717,192,买盘
2693,13:18:15,38.0,49408,13,卖盘
2694,13:18:18,38.0,991803,261,卖盘
2695,13:18:21,38.0,250798,66,买盘
2696,13:18:24,38.01,433278,114,买盘
2697,13:18:27,38.0,98806,26,卖盘
2698,13:18:30,38.0,11400,3,中性盘
2699,13:18:33,37.99,60796,16,卖盘
2700,13:18:36,38.01,140585,37,买盘
2701,13:18:39,38.0,11400,3,卖盘
2702,13:18:42,38.0,7600,2,卖盘
2703,13:18:45,38.01,383901,101,买盘
2704,13:18:48,38.01,288876,76,买盘
2705,13:18:51,38.01,57010,15,卖盘
2706,13:18:54,38.01,7602,2,卖盘
2707,13:18:57,38.02,41822,11,买盘
2708,13:19:00,38.03,463897,122,买盘
2709,13:19:03,38.03,38028,10,买盘
2710,13:19:06,38.02,64634,17,卖盘
2711,13:19:09,38.02,387708,102,买盘
2712,13:19:12,38.02,258512,68,买盘
2713,13:19:15,38.02,273657,72,中性盘
2714,13:19:18,38.01,805650,212,卖盘
2715,13:19:21,38.01,190030,50,买盘
2716,13:19:24,37.99,57027,15,卖盘
2717,13:19:27,38.0,26601,7,中性盘
2718,13:19:30,38.01,15202,4,买盘
2719,13:19:33,37.99,7598,2,卖盘
2720,13:19:36,38.03,2124552,558,买盘
2721,13:19:42,38.04,22826,6,卖盘
2722,13:19:45,38.05,57055,15,买盘
2723,13:19:48,38.05,102722,27,买盘
2724,13:19:51,38.03,98888,26,卖盘
2725,13:19:54,38.03,11411,3,卖盘
2726,13:19:57,38.04,327125,86,买盘
2727,13:20:00,38.03,152157,40,卖盘
2728,13:20:03,38.01,368806,97,卖盘
2729,13:20:06,38.03,117832,31,买盘
2730,13:20:09,38.0,41806,11,卖盘
2731,13:20:12,38.0,7600,2,卖盘
2732,13:20:15,38.0,57010,15,卖盘
2733,13:20:18,38.0,452222,119,卖盘
2734,13:20:21,38.0,30400,8,买盘
2735,13:20:24,38.0,49400,13,卖盘
2736,13:20:30,38.01,11401,3,买盘
2737,13:20:33,38.01,30408,8,买盘
2738,13:20:36,38.01,98813,26,买盘
2739,13:20:39,38.01,110204,29,买盘
2740,13:20:42,38.01,7602,2,卖盘
2741,13:20:45,38.01,102647,27,卖盘
2742,13:20:48,38.01,79819,21,买盘
2743,13:20:51,38.01,19007,5,卖盘
2744,13:20:54,38.0,349661,92,卖盘
2745,13:20:57,38.01,54729,14,中性盘
2746,13:21:00,38.0,268374,71,卖盘
2747,13:21:03,38.0,34200,9,卖盘
2748,13:21:06,38.01,38010,10,买盘
2749,13:21:09,38.01,292634,77,买盘
2750,13:21:12,38.01,38010,10,卖盘
2751,13:21:15,38.01,102628,27,卖盘
2752,13:21:18,38.01,364896,96,买盘
2753,13:21:21,38.01,117832,31,卖盘
2754,13:21:24,38.02,11405,3,买盘
2755,13:21:27,38.01,273629,72,卖盘
2756,13:21:30,38.01,41816,11,中性盘
2757,13:21:33,38.02,15206,4,买盘
2758,13:21:36,38.02,49424,13,买盘
2759,13:21:39,38.01,38017,10,卖盘
2760,13:21:42,38.02,83642,22,买盘
2761,13:21:45,38.02,49425,13,买盘
2762,13:21:48,38.01,288879,76,卖盘
2763,13:21:51,38.02,22809,6,买盘
2764,13:21:54,38.01,11403,3,卖盘
2765,13:21:57,38.01,125419,33,卖盘
2766,13:22:00,38.01,38010,10,卖盘
2767,13:22:03,38.01,554998,146,卖盘
2768,13:22:06,38.01,45607,12,买盘
2769,13:22:09,38.01,3887052,1023,卖盘
2770,13:22:12,38.0,53199,14,中性盘
2771,13:22:15,38.0,19000,5,买盘
2772,13:22:18,37.99,53198,14,卖盘
2773,13:22:24,37.99,26593,7,卖盘
2774,13:22:27,37.99,110173,29,卖盘
2775,13:22:30,37.99,170975,45,卖盘
2776,13:22:33,37.99,30393,8,卖盘
2777,13:22:36,37.99,49385,13,买盘
2778,13:22:42,38.0,201354,53,买盘
2779,13:22:45,38.0,209012,55,卖盘
2780,13:22:48,38.0,3800,1,卖盘
2781,13:22:51,38.02,106436,28,买盘
2782,13:22:54,38.02,7604,2,买盘
2783,13:22:57,38.01,110229,29,卖盘
2784,13:23:00,38.01,22807,6,卖盘
2785,13:23:03,38.01,15206,4,卖盘
2786,13:23:09,38.02,41814,11,买盘
2787,13:23:12,38.02,140674,37,买盘
2788,13:23:15,38.02,15206,4,买盘
2789,13:23:18,38.02,49426,13,卖盘
2790,13:23:21,38.02,3802,1,卖盘
2791,13:23:24,38.02,38028,10,卖盘
2792,13:23:27,38.0,509309,134,卖盘
2793,13:23:30,38.03,19011,5,买盘
2794,13:23:33,38.03,304238,80,买盘
2795,13:23:36,38.03,114090,30,卖盘
2796,13:23:39,38.01,45632,12,卖盘
2797,13:23:42,38.01,30408,8,卖盘
2798,13:23:45,38.03,64635,17,买盘
2799,13:23:48,38.02,22811,6,中性盘
2800,13:23:51,38.02,38016,10,买盘
2801,13:23:54,38.02,3802,1,卖盘
2802,13:24:00,38.03,76058,20,买盘
2803,13:24:03,38.02,87446,23,卖盘
2804,13:24:06,38.01,64634,17,卖盘
2805,13:24:09,38.02,163503,43,买盘
2806,13:24:12,38.03,45630,12,买盘
2807,13:24:15,38.03,49439,13,卖盘
2808,13:24:18,38.04,60864,16,买盘
2809,13:24:21,38.05,106534,28,买盘
2810,13:24:24,38.05,19023,5,买盘
2811,13:24:27,38.05,38050,10,买盘
2812,13:24:30,38.05,144613,38,买盘
2813,13:24:33,38.04,3887270,1023,卖盘
2814,13:24:36,38.02,570640,150,卖盘
2815,13:24:39,38.02,26614,7,卖盘
2816,13:24:42,38.02,19010,5,卖盘
2817,13:24:45,38.02,7604,2,卖盘
2818,13:24:48,38.03,49430,13,买盘
2819,13:24:51,38.02,190100,50,卖盘
2820,13:24:54,38.03,26621,7,买盘
2821,13:24:57,38.05,7610,2,买盘
2822,13:25:00,38.03,7607,2,卖盘
2823,13:25:03,38.03,53247,14,卖盘
2824,13:25:06,38.04,171221,45,买盘
2825,13:25:09,38.05,91316,24,中性盘
2826,13:25:12,38.05,60893,16,中性盘
2827,13:25:18,38.06,38060,10,买盘
2828,13:25:21,38.05,22830,6,卖盘
2829,13:25:24,38.06,41865,11,买盘
2830,13:25:27,38.06,22834,6,买盘
2831,13:25:30,38.06,7612,2,中性盘
2832,13:25:33,38.06,79925,21,买盘
2833,13:25:36,38.05,186468,49,卖盘
2834,13:25:42,38.05,83709,22,买盘
2835,13:25:45,38.05,140785,37,买盘
2836,13:25:48,38.05,11415,3,买盘
2837,13:25:51,38.05,60880,16,买盘
2838,13:25:54,38.04,26633,7,卖盘
2839,13:25:57,38.06,262548,69,买盘
2840,13:26:00,38.05,201665,53,卖盘
2841,13:26:03,38.05,232119,61,卖盘
2842,13:26:06,38.05,254937,67,卖盘
2843,13:26:09,38.04,334764,88,卖盘
2844,13:26:12,38.03,30430,8,卖盘
2845,13:26:15,38.03,30424,8,卖盘
2846,13:26:18,38.02,209121,55,卖盘
2847,13:26:21,38.01,11403,3,卖盘
2848,13:26:24,38.01,30411,8,卖盘
2849,13:26:27,38.01,121640,32,卖盘
2850,13:26:30,38.02,45622,12,买盘
2851,13:26:33,38.02,125454,33,买盘
2852,13:26:36,38.02,57027,15,买盘
2853,13:26:39,38.01,15204,4,卖盘
2854,13:26:42,38.01,30410,8,卖盘
2855,13:26:45,38.01,3801,1,卖盘
2856,13:26:48,38.01,68433,18,卖盘
2857,13:26:51,38.01,60826,16,卖盘
2858,13:26:54,38.01,22806,6,卖盘
2859,13:26:57,38.02,38021,10,中性盘
2860,13:27:00,38.01,26607,7,卖盘
2861,13:27:03,38.01,11403,3,卖盘
2862,13:27:06,38.01,258463,68,卖盘
2863,13:27:09,38.01,7602,2,卖盘
2864,13:27:12,38.02,148275,39,买盘
2865,13:27:15,38.02,437126,115,买盘
2866,13:27:18,38.02,11406,3,卖盘
2867,13:27:21,38.02,3802,1,卖盘
2868,13:27:24,38.02,38014,10,中性盘
2869,13:27:27,38.02,3802,1,买盘
2870,13:27:30,38.02,49422,13,买盘
2871,13:27:33,38.01,224321,59,卖盘
2872,13:27:36,38.02,53224,14,中性盘
2873,13:27:39,38.02,11406,3,卖盘
2874,13:27:42,38.02,3802,1,中性盘
2875,13:27:45,38.02,19009,5,买盘
2876,13:27:48,38.01,171064,45,卖盘
2877,13:27:54,38.02,45624,12,买盘
2878,13:27:57,38.03,49435,13,买盘
2879,13:28:00,38.01,163453,43,卖盘
2880,13:28:03,38.0,41802,11,卖盘
2881,13:28:06,38.01,114030,30,买盘
2882,13:28:09,38.0,11400,3,卖盘
2883,13:28:12,38.0,68413,18,卖盘
2884,13:28:15,38.01,57013,15,买盘
2885,13:28:18,38.01,159606,42,买盘
2886,13:28:21,38.01,38004,10,中性盘
2887,13:28:24,38.01,15205,4,卖盘
2888,13:28:30,38.01,34209,9,卖盘
2889,13:28:33,38.01,95019,25,卖盘
2890,13:28:36,38.0,49412,13,卖盘
2891,13:28:39,38.0,11400,3,卖盘
2892,13:28:42,38.0,34207,9,卖盘
2893,13:28:45,38.01,144416,38,买盘
2894,13:28:48,38.0,182439,48,卖盘
2895,13:28:51,38.0,49407,13,卖盘
2896,13:28:54,38.01,41809,11,买盘
2897,13:28:57,38.01,57015,15,买盘
2898,13:29:00,38.0,60813,16,卖盘
2899,13:29:03,38.0,60811,16,卖盘
2900,13:29:06,38.01,19005,5,中性盘
2901,13:29:09,38.01,49421,13,卖盘
2902,13:29:12,38.02,91245,24,买盘
2903,13:29:15,38.02,45624,12,买盘
2904,13:29:18,38.02,19007,5,买盘
2905,13:29:24,38.02,68428,18,买盘
2906,13:29:27,38.0,209033,55,卖盘
2907,13:29:30,38.01,79803,21,买盘
2908,13:29:33,38.01,342027,90,买盘
2909,13:29:36,38.0,60806,16,卖盘
2910,13:29:39,38.0,805660,212,卖盘
2911,13:29:42,38.01,76004,20,买盘
2912,13:29:45,38.01,897274,236,买盘
2913,13:29:48,38.0,53210,14,卖盘
2914,13:29:51,38.0,26600,7,卖盘
2915,13:29:54,38.01,163403,43,买盘
2916,13:29:57,38.0,380009,100,卖盘
2917,13:30:00,38.0,266017,70,卖盘
2918,13:30:03,38.0,38000,10,卖盘
2919,13:30:06,38.02,509348,134,买盘
2920,13:30:09,38.03,30427,8,买盘
2921,13:30:12,38.04,64665,17,买盘
2922,13:30:15,38.03,30429,8,卖盘
2923,13:30:18,38.03,34227,9,卖盘
2924,13:30:24,38.04,87484,23,买盘
2925,13:30:27,38.04,22824,6,卖盘
2926,13:30:33,38.04,79887,21,卖盘
2927,13:30:36,38.05,159810,42,买盘
2928,13:30:42,38.04,11412,3,卖盘
2929,13:30:45,38.04,11412,3,卖盘
2930,13:30:48,38.05,159800,42,买盘
2931,13:30:51,38.06,148423,39,买盘
2932,13:30:54,38.05,30437,8,买盘
2933,13:30:57,38.05,601330,158,买盘
2934,13:31:00,38.05,19029,5,卖盘
2935,13:31:03,38.06,79921,21,买盘
2936,13:31:09,38.07,72333,19,买盘
2937,13:31:12,38.07,19033,5,买盘
2938,13:31:15,38.07,76140,20,卖盘
2939,13:31:18,38.07,144692,38,买盘
2940,13:31:21,38.07,708543,186,卖盘
2941,13:31:27,38.07,156087,41,买盘
2942,13:31:30,38.07,7614,2,买盘
2943,13:31:33,38.07,11421,3,买盘
2944,13:31:36,38.07,7614,2,买盘
2945,13:31:42,38.07,7614,2,买盘
2946,13:31:45,38.07,152280,40,买盘
2947,13:31:48,38.07,15230,4,卖盘
2948,13:31:51,38.07,7614,2,卖盘
2949,13:31:54,38.06,68524,18,卖盘
2950,13:31:57,38.07,384599,101,买盘
2951,13:32:00,38.07,57100,15,买盘
2952,13:32:03,38.07,60904,16,卖盘
2953,13:32:06,38.08,209455,55,买盘
2954,13:32:09,38.07,144699,38,卖盘
2955,13:32:12,38.08,57122,15,中性盘
2956,13:32:15,38.1,15240,4,买盘
2957,13:32:18,38.1,3810,1,卖盘
2958,13:32:21,38.09,114294,30,卖盘
2959,13:32:24,38.09,15236,4,买盘
2960,13:32:27,38.09,68562,18,买盘
2961,13:32:30,38.11,742788,195,买盘
2962,13:32:33,38.1,118111,31,卖盘
2963,13:32:36,38.1,38100,10,买盘
2964,13:32:39,38.1,99045,26,买盘
2965,13:32:42,38.1,30480,8,买盘
2966,13:32:45,38.1,182858,48,买盘
2967,13:32:48,38.09,80000,21,卖盘
2968,13:32:51,38.1,22856,6,买盘
2969,13:32:54,38.1,30474,8,买盘
2970,13:32:57,38.09,49526,13,卖盘
2971,13:33:00,38.1,53337,14,买盘
2972,13:33:03,38.1,34290,9,买盘
2973,13:33:06,38.1,99059,26,买盘
2974,13:33:09,38.1,129513,34,买盘
2975,13:33:12,38.09,228550,60,卖盘
2976,13:33:15,38.09,232385,61,卖盘
2977,13:33:18,38.09,48755,13,卖盘
2978,13:33:21,38.09,7618,2,卖盘
2979,13:33:24,38.09,26663,7,卖盘
2980,13:33:27,38.1,30476,8,买盘
2981,13:33:30,38.11,76205,20,买盘
2982,13:33:33,38.1,198144,52,卖盘
2983,13:33:36,38.12,129592,34,买盘
2984,13:33:39,38.11,15244,4,卖盘
2985,13:33:42,38.14,68623,18,买盘
2986,13:33:45,38.14,865124,227,买盘
2987,13:33:48,38.14,3814,1,买盘
2988,13:33:51,38.11,57168,15,卖盘
2989,13:33:54,38.11,57165,15,买盘
2990,13:33:57,38.11,15243,4,买盘
2991,13:34:00,38.1,49542,13,卖盘
2992,13:34:03,38.09,316936,83,卖盘
2993,13:34:06,38.09,140925,37,买盘
2994,13:34:09,38.09,22854,6,买盘
2995,13:34:12,38.08,3808,1,卖盘
2996,13:34:15,38.09,76180,20,买盘
2997,13:34:18,38.08,209445,55,卖盘
2998,13:34:21,38.06,289363,76,卖盘
2999,13:34:24,38.07,60911,16,买盘
3000,13:34:27,38.08,98960,26,买盘
3001,13:34:30,38.07,3807,1,卖盘
3002,13:34:33,38.08,95174,25,买盘
3003,13:34:36,38.07,30456,8,卖盘
3004,13:34:39,38.07,95215,25,卖盘
3005,13:34:42,38.07,175251,46,卖盘
3006,13:34:45,38.08,11424,3,中性盘
3007,13:34:48,38.08,7616,2,中性盘
3008,13:34:51,38.1,38091,10,买盘
3009,13:34:57,38.08,7616,2,卖盘
3010,13:35:00,38.1,22858,6,买盘
3011,13:35:03,38.08,7616,2,卖盘
3012,13:35:06,38.08,247520,65,卖盘
3013,13:35:09,38.08,45696,12,中性盘
3014,13:35:12,38.08,41888,11,卖盘
3015,13:35:15,38.09,129502,34,买盘
3016,13:35:18,38.07,95176,25,卖盘
3017,13:35:24,38.06,148459,39,卖盘
3018,13:35:27,38.07,216997,57,买盘
3019,13:35:30,38.07,19035,5,卖盘
3020,13:35:33,38.07,513957,135,卖盘
3021,13:35:36,38.06,53291,14,卖盘
3022,13:35:39,38.07,64711,17,买盘
3023,13:35:42,38.08,68541,18,买盘
3024,13:35:45,38.07,49493,13,卖盘
3025,13:35:48,38.06,38060,10,卖盘
3026,13:35:51,38.06,11418,3,卖盘
3027,13:35:54,38.07,11420,3,买盘
3028,13:35:57,38.06,72330,19,卖盘
3029,13:36:00,38.07,53287,14,中性盘
3030,13:36:03,38.06,144628,38,卖盘
3031,13:36:06,38.06,140795,37,买盘
3032,13:36:09,38.06,45676,12,买盘
3033,13:36:12,38.06,26642,7,卖盘
3034,13:36:15,38.06,3806,1,卖盘
3035,13:36:18,38.06,72314,19,卖盘
3036,13:36:21,38.07,64719,17,买盘
3037,13:36:24,38.07,3807,1,卖盘
3038,13:36:27,38.09,251339,66,买盘
3039,13:36:30,38.08,11424,3,卖盘
3040,13:36:33,38.09,137090,36,买盘
3041,13:36:36,38.07,41883,11,卖盘
3042,13:36:39,38.06,30459,8,卖盘
3043,13:36:42,38.07,11421,3,中性盘
3044,13:36:45,38.08,7616,2,买盘
3045,13:36:48,38.07,3807,1,买盘
3046,13:36:54,38.07,11421,3,买盘
3047,13:36:57,38.08,30462,8,买盘
3048,13:37:00,38.07,34263,9,中性盘
3049,13:37:03,38.06,483388,127,卖盘
3050,13:37:06,38.06,106568,28,买盘
3051,13:37:09,38.05,76108,20,卖盘
3052,13:37:12,38.05,117966,31,卖盘
3053,13:37:15,38.06,30448,8,买盘
3054,13:37:24,38.06,22836,6,卖盘
3055,13:37:27,38.05,22830,6,卖盘
3056,13:37:30,38.07,3807,1,买盘
3057,13:37:33,38.07,11421,3,买盘
3058,13:37:36,38.05,45669,12,卖盘
3059,13:37:39,38.06,7611,2,中性盘
3060,13:37:45,38.05,38051,10,卖盘
3061,13:37:48,38.06,7612,2,买盘
3062,13:37:51,38.07,978023,257,买盘
3063,13:37:54,38.07,7614,2,买盘
3064,13:37:57,38.06,3806,1,卖盘
3065,13:38:00,38.07,213175,56,买盘
3066,13:38:03,38.06,296810,78,卖盘
3067,13:38:06,38.05,11415,3,卖盘
3068,13:38:09,38.06,38060,10,买盘
3069,13:38:12,38.05,144580,38,卖盘
3070,13:38:15,38.05,235903,62,买盘
3071,13:38:18,38.05,83701,22,买盘
3072,13:38:21,38.03,182573,48,卖盘
3073,13:38:24,38.02,498093,131,卖盘
3074,13:38:27,38.01,463798,122,卖盘
3075,13:38:30,38.01,64631,17,卖盘
3076,13:38:33,38.02,38016,10,中性盘
3077,13:38:36,38.02,11406,3,卖盘
3078,13:38:39,38.02,95050,25,卖盘
3079,13:38:42,38.03,98865,26,买盘
3080,13:38:45,38.02,117892,31,卖盘
3081,13:38:48,38.03,65413,17,买盘
3082,13:38:51,38.03,509438,134,卖盘
3083,13:38:54,38.04,266180,70,买盘
3084,13:38:57,38.03,49439,13,卖盘
3085,13:39:00,38.03,72258,19,卖盘
3086,13:39:03,38.04,125564,33,买盘
3087,13:39:06,38.02,7604,2,卖盘
3088,13:39:09,38.02,76062,20,卖盘
3089,13:39:12,38.01,83641,22,卖盘
3090,13:39:15,38.02,41816,11,买盘
3091,13:39:18,38.01,163456,43,卖盘
3092,13:39:21,38.0,11401,3,卖盘
3093,13:39:24,38.0,95021,25,卖盘
3094,13:39:27,38.0,95000,25,卖盘
3095,13:39:30,38.0,30405,8,卖盘
3096,13:39:33,38.01,34204,9,买盘
3097,13:39:36,38.0,60806,16,卖盘
3098,13:39:39,38.0,3317398,873,卖盘
3099,13:39:42,38.0,19000,5,买盘
3100,13:39:45,37.98,379871,100,卖盘
3101,13:39:48,37.99,79779,21,中性盘
3102,13:39:51,37.99,349436,92,卖盘
3103,13:39:54,37.99,53199,14,卖盘
3104,13:39:57,37.98,53177,14,卖盘
3105,13:40:00,37.98,319038,84,卖盘
3106,13:40:03,37.99,41781,11,买盘
3107,13:40:06,37.99,113944,30,买盘
3108,13:40:09,37.98,41782,11,卖盘
