,成交时间,成交价格,成交金额,成交量,性质
0,09:25:00,37.8,19795860,5237,买盘
1,09:30:00,37.91,5185552,1370,买盘
2,09:30:03,37.9,8243800,2173,卖盘
3,09:30:06,37.85,4694676,1237,卖盘
4,09:30:09,37.87,6279151,1658,买盘
5,09:30:12,37.85,5019927,1326,卖盘
6,09:30:15,37.87,3531026,933,中性盘
7,09:30:18,37.82,8760918,2316,卖盘
8,09:30:21,37.8,27843867,7364,卖盘
9,09:30:24,37.81,13818393,3655,买盘
10,09:30:27,37.81,5953241,1574,卖盘
11,09:30:30,37.8,12229139,3237,卖盘
12,09:30:33,37.77,2553468,676,卖盘
13,09:30:36,37.85,9518376,2518,买盘
14,09:30:39,37.81,1426136,377,卖盘
15,09:30:42,37.85,8822174,2335,买盘
16,09:30:45,37.82,1788779,473,卖盘
17,09:30:48,37.82,1376075,364,买盘
18,09:30:51,37.82,915406,242,买盘
19,09:30:54,37.82,1270714,336,卖盘
20,09:30:57,37.82,1732429,458,卖盘
21,09:31:00,37.82,665669,176,卖盘
22,09:31:03,37.82,1244417,329,卖盘
23,09:31:06,37.84,684760,181,买盘
24,09:31:09,37.83,862436,228,卖盘
25,09:31:12,37.87,4525559,1196,买盘
26,09:31:15,37.86,1029577,272,卖盘
27,09:31:18,37.89,2033247,537,买盘
28,09:31:21,37.89,1757533,464,卖盘
29,09:31:24,37.9,1988260,525,买盘
30,09:31:27,37.89,2170577,573,卖盘
31,09:31:30,37.86,1776461,469,卖盘
32,09:31:33,37.84,2236428,591,卖盘
33,09:31:36,37.82,3412993,902,卖盘
34,09:31:39,37.79,3039276,804,卖盘
35,09:31:42,37.78,1356538,359,卖盘
36,09:31:45,37.78,929511,246,卖盘
37,09:31:48,37.72,5798438,1536,卖盘
38,09:31:51,37.74,2986999,792,买盘
39,09:31:54,37.71,2601392,690,卖盘
40,09:31:57,37.72,2503691,664,买盘
41,09:32:00,37.7,4877820,1294,卖盘
42,09:32:03,37.7,3000347,796,买盘
43,09:32:06,37.7,3073279,815,卖盘
44,09:32:09,37.66,9957352,2644,卖盘
45,09:32:12,37.67,2601610,691,买盘
46,09:32:15,37.65,3293932,875,卖盘
47,09:32:18,37.64,2653692,705,卖盘
48,09:32:21,37.62,2069527,550,卖盘
49,09:32:24,37.64,5342664,1420,买盘
50,09:32:27,37.6,12092817,3216,卖盘
51,09:32:30,37.57,14964828,3984,卖盘
52,09:32:33,37.53,4480711,1194,卖盘
53,09:32:36,37.53,4621663,1232,买盘
54,09:32:39,37.53,3934337,1049,买盘
55,09:32:42,37.5,13200072,3520,卖盘
56,09:32:45,37.49,4977344,1328,中性盘
57,09:32:48,37.48,3563907,951,卖盘
58,09:32:51,37.45,2123768,567,卖盘
59,09:32:54,37.48,5502280,1469,买盘
60,09:32:57,37.45,9270633,2474,卖盘
61,09:33:00,37.51,3008688,803,买盘
62,09:33:03,37.51,2753091,734,买盘
63,09:33:06,37.51,2066603,551,卖盘
64,09:33:09,37.51,1744674,465,卖盘
65,09:33:12,37.51,3668774,978,卖盘
66,09:33:15,37.53,3072951,819,买盘
67,09:33:18,37.55,1471395,392,买盘
68,09:33:21,37.53,4289792,1143,卖盘
69,09:33:24,37.55,4910205,1308,买盘
70,09:33:27,37.56,1137918,303,买盘
71,09:33:30,37.56,638496,170,卖盘
72,09:33:33,37.57,5371302,1430,买盘
73,09:33:36,37.52,10004468,2666,卖盘
74,09:33:39,37.49,9852061,2626,卖盘
75,09:33:42,37.48,2919811,779,卖盘
76,09:33:45,37.48,3502834,934,买盘
77,09:33:48,37.48,1904242,508,卖盘
78,09:33:51,37.48,2102877,561,买盘
79,09:33:54,37.48,4826567,1288,买盘
80,09:33:57,37.51,3159657,843,买盘
81,09:34:00,37.48,727284,194,卖盘
82,09:34:03,37.45,15386238,4108,卖盘
83,09:34:06,37.45,3077817,822,买盘
84,09:34:09,37.44,2620998,700,中性盘
85,09:34:12,37.51,6307286,1683,买盘
86,09:34:15,37.5,4867035,1298,中性盘
87,09:34:18,37.51,4491831,1198,中性盘
88,09:34:21,37.52,1061767,283,买盘
89,09:34:24,37.52,896981,239,卖盘
90,09:34:27,37.52,3137629,836,卖盘
91,09:34:30,37.54,690375,184,买盘
92,09:34:33,37.51,3754609,1001,卖盘
93,09:34:36,37.51,3401549,907,买盘
94,09:34:39,37.51,2802245,747,买盘
95,09:34:42,37.48,2595683,692,卖盘
96,09:34:45,37.5,2621676,699,买盘
97,09:34:48,37.52,911422,243,买盘
98,09:34:51,37.5,5500615,1467,卖盘
99,09:34:54,37.49,4002438,1068,中性盘
100,09:34:57,37.48,5733421,1530,中性盘
101,09:35:00,37.45,4840856,1292,卖盘
102,09:35:03,37.38,38801435,10373,卖盘
103,09:35:06,37.31,6572277,1760,卖盘
104,09:35:09,37.33,3291115,882,买盘
105,09:35:12,37.33,10409166,2790,买盘
106,09:35:15,37.33,1918949,514,卖盘
107,09:35:18,37.36,8199408,2195,买盘
108,09:35:21,37.36,5462840,1462,卖盘
109,09:35:24,37.41,13157119,3518,买盘
110,09:35:27,37.4,1897018,507,卖盘
111,09:35:30,37.42,1620358,433,买盘
112,09:35:33,37.42,2959668,791,卖盘
113,09:35:36,37.4,5860445,1567,卖盘
114,09:35:39,37.4,2124090,568,买盘
115,09:35:42,37.39,1843265,493,卖盘
116,09:35:45,37.38,1973512,528,卖盘
117,09:35:48,37.37,1715351,459,卖盘
118,09:35:51,37.36,3545586,949,卖盘
119,09:35:54,37.36,907706,243,买盘
120,09:35:57,37.35,5105386,1367,卖盘
121,09:36:00,37.33,5649106,1513,卖盘
122,09:36:03,37.33,1888895,506,卖盘
123,09:36:06,37.33,1578819,423,买盘
124,09:36:09,37.37,25054073,6707,买盘
125,09:36:12,37.36,10087028,2698,卖盘
126,09:36:15,37.37,5131882,1373,中性盘
127,09:36:18,37.39,2037216,545,买盘
128,09:36:21,37.39,2176284,582,卖盘
129,09:36:24,37.41,2622101,701,买盘
130,09:36:27,37.41,1545052,413,卖盘
131,09:36:30,37.37,3291222,880,卖盘
132,09:36:33,37.4,2258590,604,中性盘
133,09:36:36,37.4,2606035,697,买盘
134,09:36:39,37.41,3299320,882,买盘
135,09:36:42,37.41,961637,257,卖盘
136,09:36:45,37.42,2264146,605,买盘
137,09:36:48,37.42,1534030,410,买盘
138,09:36:51,37.42,7836804,2095,买盘
139,09:36:54,37.42,1998311,534,买盘
140,09:36:57,37.42,1029165,275,卖盘
141,09:37:00,37.41,5750418,1537,卖盘
142,09:37:03,37.42,1560290,417,买盘
143,09:37:06,37.36,7272890,1946,卖盘
144,09:37:09,37.36,1669872,447,买盘
145,09:37:12,37.35,1946730,521,卖盘
146,09:37:15,37.36,1994558,534,买盘
147,09:37:18,37.38,1677466,449,买盘
148,09:37:21,37.4,2393617,640,买盘
149,09:37:24,37.38,1720175,460,中性盘
150,09:37:27,37.4,1645396,440,买盘
151,09:37:30,37.4,1544365,413,买盘
152,09:37:33,37.38,1828416,489,卖盘
153,09:37:36,37.41,12837167,3432,买盘
154,09:37:39,37.42,5174730,1383,买盘
155,09:37:42,37.43,1923917,514,买盘
156,09:37:45,37.42,2735557,731,卖盘
157,09:37:48,37.42,587396,157,买盘
158,09:37:51,37.42,729685,195,买盘
159,09:37:54,37.42,1799647,481,买盘
160,09:37:57,37.42,811959,217,卖盘
161,09:38:00,37.42,1507715,403,买盘
162,09:38:03,37.42,1077806,288,买盘
163,09:38:06,37.43,617493,165,买盘
164,09:38:09,37.42,1421901,380,卖盘
165,09:38:12,37.39,7852915,2100,卖盘
166,09:38:15,37.38,2310059,618,中性盘
167,09:38:18,37.37,1536099,411,中性盘
168,09:38:21,37.37,1741293,466,买盘
169,09:38:24,37.36,4759577,1274,卖盘
170,09:38:27,37.38,2944038,788,买盘
171,09:38:30,37.37,1640551,439,卖盘
172,09:38:33,37.38,911784,244,买盘
173,09:38:36,37.37,1083860,290,卖盘
174,09:38:39,37.36,2671701,715,卖盘
175,09:38:42,37.37,1546960,414,买盘
176,09:38:45,37.37,1573115,421,买盘
177,09:38:48,37.36,5043065,1350,卖盘
178,09:38:51,37.36,2972957,796,买盘
179,09:38:54,37.34,2251859,603,卖盘
180,09:38:57,37.33,1310680,351,卖盘
181,09:39:00,37.33,3308463,886,卖盘
182,09:39:03,37.34,2456614,658,卖盘
183,09:39:06,37.34,1482226,397,买盘
184,09:39:09,37.41,16529960,4424,买盘
185,09:39:12,37.4,4243786,1135,中性盘
186,09:39:15,37.37,478610,128,卖盘
187,09:39:18,37.4,1088016,291,卖盘
188,09:39:21,37.42,1106549,296,买盘
189,09:39:24,37.42,1971241,527,买盘
190,09:39:27,37.42,1328216,355,买盘
191,09:39:30,37.43,905628,242,买盘
192,09:39:33,37.43,1212650,324,卖盘
193,09:39:36,37.45,1905739,509,买盘
194,09:39:39,37.46,2478816,662,买盘
195,09:39:42,37.47,2202018,588,买盘
196,09:39:45,37.49,3761049,1003,买盘
197,09:39:48,37.54,2705050,721,买盘
198,09:39:51,37.54,2903475,774,买盘
199,09:39:54,37.57,702493,187,买盘
200,09:39:57,37.58,736491,196,买盘
201,09:40:00,37.59,2484619,661,买盘
202,09:40:03,37.6,1067660,284,买盘
203,09:40:06,37.59,3096825,824,卖盘
204,09:40:09,37.59,1270466,338,买盘
205,09:40:12,37.57,1991869,530,卖盘
206,09:40:15,37.58,2690022,716,买盘
207,09:40:18,37.58,2044250,544,买盘
208,09:40:21,37.58,1074515,286,买盘
209,09:40:24,37.55,1171624,312,卖盘
210,09:40:27,37.57,946787,252,买盘
211,09:40:30,37.54,398061,106,卖盘
212,09:40:33,37.55,574490,153,买盘
213,09:40:36,37.54,578192,154,卖盘
214,09:40:39,37.55,581975,155,买盘
215,09:40:42,37.54,1565686,417,卖盘
216,09:40:45,37.55,686934,183,买盘
217,09:40:48,37.53,1178781,314,卖盘
218,09:40:51,37.53,2271158,605,卖盘
219,09:40:54,37.56,608328,162,买盘
220,09:40:57,37.55,319165,85,卖盘
221,09:41:00,37.54,623220,166,卖盘
222,09:41:03,37.54,1095951,292,买盘
223,09:41:06,37.52,562916,150,卖盘
224,09:41:09,37.53,682941,182,买盘
225,09:41:12,37.52,108820,29,中性盘
226,09:41:15,37.53,461478,123,买盘
227,09:41:18,37.5,2078727,554,卖盘
228,09:41:21,37.52,656373,175,买盘
229,09:41:24,37.52,1816571,484,买盘
230,09:41:27,37.52,878286,234,卖盘
231,09:41:30,37.53,1238270,330,买盘
232,09:41:33,37.52,393967,105,卖盘
233,09:41:36,37.54,195160,52,买盘
234,09:41:39,37.53,968233,258,中性盘
235,09:41:42,37.54,168894,45,买盘
236,09:41:45,37.53,461717,123,卖盘
237,09:41:48,37.53,1429403,381,买盘
238,09:41:51,37.52,330223,88,中性盘
239,09:41:54,37.53,768985,205,买盘
240,09:41:57,37.52,2640300,704,买盘
241,09:42:00,37.52,1436672,383,买盘
242,09:42:03,37.51,859055,229,卖盘
243,09:42:06,37.51,1687911,450,买盘
244,09:42:09,37.5,1875379,500,卖盘
245,09:42:12,37.5,423738,113,买盘
246,09:42:15,37.51,671221,179,买盘
247,09:42:18,37.53,990364,264,买盘
248,09:42:21,37.5,446340,119,卖盘
249,09:42:24,37.51,1118098,298,卖盘
250,09:42:27,37.51,258826,69,卖盘
251,09:42:30,37.52,2469256,658,买盘
252,09:42:33,37.51,303861,81,卖盘
253,09:42:36,37.54,1369659,365,买盘
254,09:42:39,37.55,491715,131,买盘
255,09:42:42,37.54,1595338,425,买盘
256,09:42:45,37.55,994767,265,买盘
257,09:42:48,37.57,1464265,390,买盘
258,09:42:51,37.57,2085478,555,买盘
259,09:42:54,37.56,1521451,405,卖盘
260,09:42:57,37.56,687286,183,买盘
261,09:43:00,37.56,1025520,273,买盘
262,09:43:03,37.55,2682517,714,卖盘
263,09:43:06,37.56,638518,170,买盘
264,09:43:09,37.56,886361,236,买盘
265,09:43:12,37.56,1877448,500,买盘
266,09:43:15,37.5,2498726,666,卖盘
267,09:43:18,37.53,2921956,779,买盘
268,09:43:21,37.53,911456,243,买盘
269,09:43:24,37.53,408984,109,买盘
270,09:43:27,37.53,401520,107,买盘
271,09:43:30,37.53,840519,224,买盘
272,09:43:33,37.53,1414254,377,卖盘
273,09:43:36,37.53,439121,117,买盘
274,09:43:39,37.52,405227,108,卖盘
275,09:43:42,37.52,649129,173,买盘
276,09:43:45,37.51,607702,162,卖盘
277,09:43:48,37.52,907675,242,买盘
278,09:43:51,37.52,566433,151,买盘
279,09:43:54,37.51,378893,101,买盘
280,09:43:57,37.5,993799,265,卖盘
281,09:44:00,37.48,734835,196,卖盘
282,09:44:03,37.49,1289331,344,买盘
283,09:44:06,37.46,6290141,1680,卖盘
284,09:44:09,37.45,524617,140,中性盘
285,09:44:12,37.4,4249939,1136,卖盘
286,09:44:15,37.45,479310,128,买盘
287,09:44:18,37.42,6119030,1636,卖盘
288,09:44:21,37.46,1558245,416,买盘
289,09:44:24,37.45,588036,157,卖盘
290,09:44:27,37.45,1876470,501,卖盘
291,09:44:30,37.46,1494194,399,买盘
292,09:44:33,37.46,385786,103,买盘
293,09:44:36,37.45,486951,130,卖盘
294,09:44:39,37.46,516864,138,中性盘
295,09:44:42,37.46,1191241,318,买盘
296,09:44:45,37.46,767887,205,买盘
297,09:44:48,37.46,1101121,294,卖盘
298,09:44:51,37.46,595514,159,卖盘
299,09:44:54,37.45,745371,199,卖盘
300,09:44:57,37.46,1872672,500,买盘
301,09:45:00,37.46,621706,166,买盘
302,09:45:03,37.45,670323,179,卖盘
303,09:45:06,37.45,415617,111,买盘
304,09:45:09,37.44,861048,230,买盘
305,09:45:12,37.44,572875,153,卖盘
306,09:45:15,37.45,763857,204,买盘
307,09:45:18,37.46,966109,258,买盘
308,09:45:21,37.45,681600,182,卖盘
309,09:45:24,37.45,756457,202,买盘
310,09:45:27,37.44,591616,158,卖盘
311,09:45:30,37.45,1190520,318,买盘
312,09:45:33,37.45,1467524,392,买盘
313,09:45:36,37.46,550396,147,买盘
314,09:45:39,37.45,1370962,366,卖盘
315,09:45:42,37.45,228527,61,卖盘
316,09:45:45,37.46,775263,207,买盘
317,09:45:48,37.46,254732,68,买盘
318,09:45:51,37.46,3882852,1037,卖盘
319,09:45:54,37.45,636646,170,卖盘
320,09:45:57,37.45,861458,230,买盘
321,09:46:00,37.45,929018,248,中性盘
322,09:46:03,37.48,528112,141,买盘
323,09:46:06,37.46,513236,137,卖盘
324,09:46:09,37.48,535750,143,买盘
325,09:46:12,37.46,494606,132,卖盘
326,09:46:15,37.46,685655,183,卖盘
327,09:46:18,37.46,569487,152,卖盘
328,09:46:21,37.48,891860,238,买盘
329,09:46:24,37.46,513484,137,卖盘
330,09:46:27,37.48,153663,41,买盘
331,09:46:30,37.47,494694,132,卖盘
332,09:46:33,37.48,341056,91,中性盘
333,09:46:36,37.5,753438,201,买盘
334,09:46:39,37.5,607464,162,买盘
335,09:46:42,37.52,1402651,374,买盘
336,09:46:45,37.52,802745,214,买盘
337,09:46:48,37.51,570132,152,中性盘
338,09:46:51,37.5,285091,76,卖盘
339,09:46:54,37.52,416406,111,买盘
340,09:46:57,37.52,330111,88,买盘
341,09:47:00,37.52,108814,29,卖盘
342,09:47:03,37.53,1118256,298,买盘
343,09:47:06,37.53,349132,93,中性盘
344,09:47:09,37.53,1768296,471,卖盘
345,09:47:12,37.55,1809813,482,买盘
346,09:47:15,37.56,2415592,643,买盘
347,09:47:18,37.58,1623304,432,买盘
348,09:47:21,37.58,1142579,304,买盘
349,09:47:24,37.59,124021,33,买盘
350,09:47:27,37.59,545027,145,买盘
351,09:47:30,37.59,304486,81,卖盘
352,09:47:33,37.59,781903,208,卖盘
353,09:47:36,37.6,635385,169,买盘
354,09:47:39,37.6,1278194,340,买盘
355,09:47:42,37.6,752002,200,买盘
356,09:47:45,37.6,1285947,342,卖盘
357,09:47:48,37.6,624157,166,买盘
358,09:47:51,37.6,1045246,278,买盘
359,09:47:54,37.6,992714,264,买盘
360,09:47:57,37.6,304565,81,卖盘
361,09:48:00,37.6,323414,86,卖盘
362,09:48:03,37.58,6559415,1745,卖盘
363,09:48:06,37.61,1063513,283,买盘
364,09:48:09,37.58,150361,40,卖盘
365,09:48:12,37.58,623860,166,中性盘
366,09:48:15,37.58,849478,226,买盘
367,09:48:18,37.59,462228,123,买盘
368,09:48:21,37.58,488416,130,卖盘
369,09:48:24,37.58,409582,109,买盘
370,09:48:27,37.56,1318154,351,中性盘
371,09:48:30,37.56,473348,126,卖盘
372,09:48:33,37.55,266649,71,卖盘
373,09:48:36,37.55,533207,142,卖盘
374,09:48:39,37.53,746863,199,卖盘
375,09:48:42,37.53,1332349,355,买盘
376,09:48:45,37.51,240126,64,卖盘
377,09:48:48,37.5,540133,144,卖盘
378,09:48:51,37.5,416330,111,卖盘
379,09:48:54,37.51,240046,64,买盘
380,09:48:57,37.51,607600,162,卖盘
381,09:49:00,37.53,120079,32,买盘
382,09:49:03,37.53,287434,77,买盘
383,09:49:06,37.53,596642,159,买盘
384,09:49:09,37.53,465358,124,卖盘
385,09:49:12,37.53,409063,109,买盘
386,09:49:15,37.53,401580,107,卖盘
387,09:49:18,37.54,300297,80,买盘
388,09:49:21,37.56,2178429,580,买盘
389,09:49:24,37.57,82661,22,中性盘
390,09:49:27,37.57,537382,143,卖盘
391,09:49:30,37.58,360766,96,买盘
392,09:49:33,37.58,353201,94,买盘
393,09:49:36,37.57,496023,132,卖盘
394,09:49:39,37.57,1254826,334,卖盘
395,09:49:42,37.57,597387,159,卖盘
396,09:49:45,37.57,311770,83,买盘
397,09:49:48,37.57,296754,79,买盘
398,09:49:51,37.55,1078133,287,卖盘
399,09:49:54,37.57,822601,219,买盘
400,09:49:57,37.58,311824,83,买盘
401,09:50:00,37.58,285548,76,买盘
402,09:50:03,37.56,845245,225,卖盘
403,09:50:06,37.56,360698,96,卖盘
404,09:50:09,37.58,289358,77,买盘
405,09:50:12,37.57,1344799,358,卖盘
406,09:50:15,37.56,416960,111,卖盘
407,09:50:18,37.57,353083,94,买盘
408,09:50:21,37.56,416950,111,卖盘
409,09:50:24,37.55,383112,102,卖盘
410,09:50:27,37.56,244101,65,买盘
411,09:50:30,37.56,844959,225,买盘
412,09:50:33,37.56,818592,218,买盘
413,09:50:36,37.54,1554615,414,卖盘
414,09:50:39,37.55,994921,265,买盘
415,09:50:42,37.55,672003,179,买盘
416,09:50:45,37.55,465531,124,买盘
417,09:50:48,37.53,469145,125,卖盘
418,09:50:51,37.53,761981,203,卖盘
419,09:50:54,37.53,168889,45,卖盘
420,09:50:57,37.52,866812,231,卖盘
421,09:51:00,37.53,446544,119,买盘
422,09:51:03,37.53,930521,248,买盘
423,09:51:06,37.52,1046843,279,卖盘
424,09:51:09,37.53,513993,137,买盘
425,09:51:12,37.52,1272150,339,卖盘
426,09:51:15,37.54,495332,132,买盘
427,09:51:18,37.53,206423,55,卖盘
428,09:51:21,37.52,1317062,351,卖盘
429,09:51:24,37.54,472929,126,买盘
430,09:51:27,37.53,1051015,280,卖盘
431,09:51:30,37.52,829203,221,卖盘
432,09:51:33,37.52,378900,101,买盘
433,09:51:36,37.51,1586751,423,卖盘
434,09:51:39,37.51,1144144,305,卖盘
435,09:51:42,37.52,791493,211,卖盘
436,09:51:45,37.51,326344,87,卖盘
437,09:51:48,37.51,483889,129,买盘
438,09:51:51,37.51,176298,47,卖盘
439,09:51:54,37.51,202558,54,买盘
440,09:51:57,37.5,1312622,350,卖盘
441,09:52:00,37.51,806326,215,买盘
442,09:52:03,37.51,971306,259,买盘
443,09:52:06,37.5,562563,150,卖盘
444,09:52:09,37.5,1072584,286,卖盘
445,09:52:12,37.51,1368800,365,买盘
446,09:52:15,37.5,1597704,426,卖盘
447,09:52:18,37.51,2036289,543,卖盘
448,09:52:21,37.51,570129,152,卖盘
449,09:52:24,37.5,427534,114,卖盘
450,09:52:27,37.5,303792,81,卖盘
451,09:52:30,37.51,2430122,648,买盘
452,09:52:33,37.5,405055,108,卖盘
453,09:52:36,37.52,2059244,549,买盘
454,09:52:39,37.52,5594687,1491,买盘
455,09:52:42,37.52,1121788,299,卖盘
456,09:52:45,37.52,3935874,1049,买盘
457,09:52:48,37.52,1354888,361,卖盘
458,09:52:51,37.52,393890,105,买盘
459,09:52:54,37.51,303913,81,卖盘
460,09:52:57,37.55,322739,86,买盘
461,09:53:00,37.51,210110,56,卖盘
462,09:53:03,37.52,153826,41,买盘
463,09:53:06,37.51,453886,121,卖盘
464,09:53:09,37.51,596447,159,卖盘
465,09:53:12,37.51,307609,82,卖盘
466,09:53:15,37.51,375119,100,卖盘
467,09:53:18,37.52,371375,99,买盘
468,09:53:21,37.52,300190,80,卖盘
469,09:53:24,37.53,382771,102,买盘
470,09:53:27,37.53,600409,160,卖盘
471,09:53:30,37.54,243940,65,买盘
472,09:53:33,37.52,551564,147,卖盘
473,09:53:36,37.52,446442,119,买盘
474,09:53:39,37.54,461545,123,买盘
475,09:53:42,37.52,142576,38,卖盘
476,09:53:45,37.54,198950,53,买盘
477,09:53:48,37.53,236439,63,卖盘
478,09:53:51,37.53,183862,49,卖盘
479,09:53:54,37.53,349028,93,卖盘
480,09:53:57,37.54,731692,195,买盘
481,09:54:00,37.51,371467,99,卖盘
482,09:54:03,37.49,8201577,2187,卖盘
483,09:54:06,37.49,1956518,522,买盘
484,09:54:09,37.49,370993,99,买盘
485,09:54:12,37.48,378609,101,卖盘
486,09:54:15,37.48,258651,69,卖盘
487,09:54:18,37.48,378553,101,卖盘
488,09:54:21,37.47,648341,173,卖盘
489,09:54:24,37.49,2057690,549,买盘
490,09:54:27,37.48,1001137,267,卖盘
491,09:54:30,37.48,933322,249,卖盘
492,09:54:33,37.48,296112,79,卖盘
493,09:54:36,37.48,1169393,312,卖盘
494,09:54:39,37.48,622207,166,卖盘
495,09:54:42,37.48,528364,141,买盘
496,09:54:45,37.48,565848,151,买盘
497,09:54:48,37.47,1547571,413,卖盘
498,09:54:51,37.47,888076,237,卖盘
499,09:54:54,37.46,996536,266,卖盘
500,09:54:57,37.45,2412287,644,卖盘
501,09:55:00,37.46,1805386,482,中性盘
502,09:55:03,37.45,2528003,675,卖盘
503,09:55:06,37.45,767709,205,卖盘
504,09:55:09,37.44,1220578,326,卖盘
505,09:55:12,37.45,471788,126,买盘
506,09:55:15,37.43,700026,187,卖盘
507,09:55:18,37.44,696300,186,买盘
508,09:55:21,37.43,1171597,313,卖盘
509,09:55:24,37.44,1702939,455,中性盘
510,09:55:27,37.43,190903,51,中性盘
511,09:55:30,37.42,1534332,410,卖盘
512,09:55:33,37.43,1287373,344,买盘
513,09:55:36,37.42,1841498,492,卖盘
514,09:55:39,37.42,464076,124,卖盘
515,09:55:42,37.43,1287343,344,买盘
516,09:55:45,37.42,718556,192,卖盘
517,09:55:48,37.42,385486,103,卖盘
518,09:55:51,37.42,924423,247,卖盘
519,09:55:54,37.43,2200088,588,买盘
520,09:55:57,37.42,471517,126,中性盘
521,09:56:00,37.41,606164,162,卖盘
522,09:56:03,37.42,744567,199,买盘
523,09:56:06,37.42,389158,104,卖盘
524,09:56:09,37.43,516355,138,买盘
525,09:56:12,37.45,3557168,950,买盘
526,09:56:15,37.47,1130838,302,买盘
527,09:56:18,37.47,355791,95,买盘
528,09:56:21,37.47,397243,106,买盘
529,09:56:24,37.49,236065,63,买盘
530,09:56:27,37.49,314815,84,买盘
531,09:56:30,37.48,513416,137,中性盘
532,09:56:33,37.48,307407,82,卖盘
533,09:56:36,37.49,33733,9,买盘
534,09:56:39,37.49,397320,106,买盘
535,09:56:42,37.48,839665,224,卖盘
536,09:56:45,37.49,236200,63,买盘
537,09:56:48,37.49,412345,110,买盘
538,09:56:51,37.48,258673,69,卖盘
539,09:56:54,37.48,337347,90,卖盘
540,09:56:57,37.48,326106,87,卖盘
541,09:57:00,37.49,232435,62,买盘
542,09:57:03,37.48,2350055,627,卖盘
543,09:57:06,37.5,1289624,344,买盘
544,09:57:09,37.49,101215,27,中性盘
545,09:57:12,37.5,352414,94,买盘
546,09:57:15,37.5,221234,59,买盘
547,09:57:18,37.49,1312297,350,卖盘
548,09:57:21,37.5,221216,59,买盘
549,09:57:24,37.49,296218,79,卖盘
550,09:57:27,37.49,554936,148,卖盘
551,09:57:30,37.5,423659,113,买盘
552,09:57:33,37.5,224955,60,买盘
553,09:57:36,37.5,648653,173,买盘
554,09:57:39,37.5,269979,72,买盘
555,09:57:42,37.49,292458,78,卖盘
556,09:57:45,37.5,637448,170,买盘
557,09:57:48,37.49,284988,76,卖盘
558,09:57:51,37.49,187499,50,卖盘
559,09:57:54,37.5,228739,61,买盘
560,09:57:57,37.49,1473540,393,卖盘
561,09:58:00,37.49,596113,159,卖盘
562,09:58:03,37.5,513658,137,买盘
563,09:58:06,37.49,584886,156,卖盘
564,09:58:09,37.5,202474,54,买盘
565,09:58:12,37.5,302197,81,买盘
566,09:58:15,37.5,344921,92,买盘
567,09:58:18,37.5,71248,19,买盘
568,09:58:21,37.5,599929,160,买盘
569,09:58:24,37.5,648612,173,买盘
570,09:58:27,37.5,1837309,490,买盘
571,09:58:30,37.5,960029,256,卖盘
572,09:58:33,37.5,734889,196,买盘
573,09:58:36,37.5,206218,55,买盘
574,09:58:39,37.5,551240,147,买盘
575,09:58:42,37.5,1098792,293,买盘
576,09:58:45,37.5,2111252,563,卖盘
577,09:58:48,37.5,645028,172,买盘
578,09:58:51,37.5,352521,94,卖盘
579,09:58:54,37.5,419980,112,买盘
580,09:58:57,37.49,596219,159,卖盘
581,09:59:00,37.49,247475,66,卖盘
582,09:59:03,37.49,611232,163,卖盘
583,09:59:06,37.52,4036306,1076,买盘
584,09:59:09,37.51,307672,82,卖盘
585,09:59:12,37.52,123849,33,中性盘
586,09:59:15,37.51,296322,79,卖盘
587,09:59:18,37.51,303835,81,买盘
588,09:59:21,37.51,123768,33,买盘
589,09:59:24,37.51,15007,4,卖盘
590,09:59:27,37.52,315141,84,买盘
591,09:59:30,37.51,495146,132,卖盘
592,09:59:33,37.52,300133,80,买盘
593,09:59:36,37.51,525148,140,卖盘
594,09:59:39,37.51,393854,105,买盘
595,09:59:42,37.51,810306,216,买盘
596,09:59:45,37.51,382568,102,买盘
597,09:59:48,37.51,405113,108,卖盘
598,09:59:51,37.51,483906,129,卖盘
599,09:59:54,37.52,491492,131,买盘
600,09:59:57,37.51,712720,190,卖盘
601,10:00:00,37.52,236315,63,买盘
602,10:00:03,37.51,273829,73,卖盘
603,10:00:06,37.51,510101,136,买盘
604,10:00:09,37.56,7649601,2038,买盘
605,10:00:12,37.58,3189112,849,买盘
606,10:00:15,37.58,285600,76,买盘
607,10:00:18,37.58,274309,73,买盘
608,10:00:21,37.58,315655,84,买盘
609,10:00:24,37.57,232969,62,卖盘
610,10:00:27,37.57,214186,57,卖盘
611,10:00:30,37.58,281824,75,买盘
612,10:00:33,37.58,323122,86,买盘
613,10:00:36,37.57,405844,108,卖盘
614,10:00:39,37.59,409565,109,买盘
615,10:00:42,37.59,458554,122,买盘
616,10:00:45,37.58,323204,86,买盘
617,10:00:48,37.58,439738,117,卖盘
618,10:00:51,37.58,977157,260,卖盘
619,10:00:54,37.58,409589,109,买盘
620,10:00:57,37.58,293099,78,买盘
621,10:01:00,37.58,304390,81,卖盘
622,10:01:03,37.58,499755,133,买盘
623,10:01:06,37.58,935388,249,买盘
624,10:01:09,37.58,180380,48,买盘
625,10:01:12,37.58,567453,151,买盘
626,10:01:15,37.58,1315484,350,买盘
627,10:01:18,37.58,608790,162,买盘
628,10:01:21,37.59,669866,178,买盘
629,10:01:24,37.58,372071,99,卖盘
630,10:01:27,37.58,274378,73,卖盘
631,10:01:30,37.59,443537,118,买盘
632,10:01:33,37.59,304505,81,卖盘
633,10:01:36,37.59,755657,201,卖盘
634,10:01:39,37.59,725509,193,卖盘
635,10:01:42,37.59,360864,96,买盘
636,10:01:45,37.59,330792,88,买盘
637,10:01:48,37.59,2107647,561,买盘
638,10:01:51,37.58,492185,131,买盘
639,10:01:54,37.58,1006917,268,买盘
640,10:01:57,37.57,90168,24,卖盘
641,10:02:00,37.57,822764,219,买盘
642,10:02:03,37.57,499630,133,买盘
643,10:02:06,37.57,991588,264,买盘
644,10:02:09,37.57,375646,100,买盘
645,10:02:12,37.56,277982,74,卖盘
646,10:02:15,37.57,480721,128,买盘
647,10:02:18,37.56,988063,263,买盘
648,10:02:21,37.57,368154,98,买盘
649,10:02:24,37.56,815075,217,卖盘
650,10:02:27,37.57,236657,63,卖盘
651,10:02:30,37.56,165289,44,卖盘
652,10:02:33,37.57,961881,256,买盘
653,10:02:36,37.56,255424,68,卖盘
654,10:02:39,37.56,131473,35,卖盘
655,10:02:42,37.57,247925,66,买盘
656,10:02:45,37.57,202841,54,买盘
657,10:02:48,37.56,131452,35,卖盘
658,10:02:51,37.55,544540,145,卖盘
659,10:02:54,37.54,698404,186,卖盘
660,10:02:57,37.54,544423,145,卖盘
661,10:03:00,37.54,142642,38,买盘
662,10:03:03,37.54,123867,33,买盘
663,10:03:06,37.53,521778,139,卖盘
664,10:03:09,37.55,630640,168,买盘
665,10:03:12,37.57,1675092,446,买盘
666,10:03:15,37.57,390669,104,买盘
667,10:03:18,37.58,995548,265,买盘
668,10:03:21,37.55,259211,69,卖盘
669,10:03:24,37.57,210397,56,中性盘
670,10:03:27,37.55,338067,90,卖盘
671,10:03:30,37.57,262986,70,中性盘
672,10:03:33,37.58,217903,58,买盘
673,10:03:36,37.58,886569,236,买盘
674,10:03:39,37.58,458467,122,买盘
675,10:03:42,37.58,390775,104,买盘
676,10:03:45,37.56,447022,119,卖盘
677,10:03:48,37.58,229220,61,买盘
678,10:03:51,37.57,401959,107,卖盘
679,10:03:54,37.56,131474,35,卖盘
680,10:03:57,37.57,3757,1,买盘
681,10:04:00,37.56,259215,69,卖盘
682,10:04:03,37.58,999327,266,买盘
683,10:04:06,37.56,172804,46,卖盘
684,10:04:09,37.57,349313,93,中性盘
685,10:04:12,37.56,1963862,523,卖盘
686,10:04:15,37.56,533288,142,买盘
687,10:04:18,37.54,360448,96,中性盘
688,10:04:21,37.54,724656,193,买盘
689,10:04:24,37.56,431742,115,买盘
690,10:04:27,37.56,480709,128,买盘
691,10:04:30,37.56,814962,217,买盘
692,10:04:33,37.56,112641,30,买盘
693,10:04:36,37.54,454336,121,卖盘
694,10:04:39,37.54,202726,54,中性盘
695,10:04:42,37.55,1321964,352,买盘
696,10:04:45,37.53,762250,203,卖盘
697,10:04:48,37.54,435426,116,中性盘
698,10:04:51,37.54,135135,36,买盘
699,10:04:54,37.55,285290,76,买盘
700,10:04:57,37.54,146384,39,中性盘
701,10:05:00,37.54,1696409,452,买盘
702,10:05:03,37.53,2198460,586,卖盘
703,10:05:06,37.51,791756,211,卖盘
704,10:05:09,37.53,318951,85,买盘
705,10:05:12,37.51,645220,172,卖盘
706,10:05:15,37.5,352522,94,卖盘
707,10:05:18,37.47,12438772,3318,卖盘
708,10:05:21,37.47,2284922,610,买盘
709,10:05:24,37.47,2397714,640,买盘
710,10:05:27,37.47,535673,143,买盘
711,10:05:30,37.47,1307274,349,买盘
712,10:05:33,37.47,401009,107,卖盘
713,10:05:36,37.47,423437,113,卖盘
714,10:05:39,37.47,3419479,913,买盘
715,10:05:42,37.46,449483,120,中性盘
716,10:05:45,37.45,295819,79,中性盘
717,10:05:48,37.45,1759433,470,中性盘
718,10:05:51,37.44,456615,122,中性盘
719,10:05:54,37.42,153471,41,卖盘
720,10:05:57,37.42,797262,213,卖盘
721,10:06:00,37.44,261993,70,中性盘
722,10:06:03,37.43,254519,68,卖盘
723,10:06:06,37.44,262023,70,买盘
724,10:06:09,37.43,2211690,591,中性盘
725,10:06:12,37.44,699996,187,买盘
726,10:06:15,37.44,808389,216,卖盘
727,10:06:18,37.44,449173,120,买盘
728,10:06:21,37.43,808441,216,中性盘
729,10:06:24,37.44,902118,241,买盘
730,10:06:27,37.44,726346,194,买盘
731,10:06:30,37.45,932367,249,买盘
732,10:06:33,37.46,1228263,328,买盘
733,10:06:36,37.45,419365,112,卖盘
734,10:06:39,37.46,363246,97,买盘
735,10:06:42,37.46,228484,61,买盘
736,10:06:45,37.45,355865,95,卖盘
737,10:06:48,37.46,337085,90,买盘
738,10:06:51,37.45,505630,135,卖盘
739,10:06:54,37.45,509248,136,买盘
740,10:06:57,37.45,205987,55,卖盘
741,10:07:00,37.45,325821,87,卖盘
742,10:07:03,37.45,408225,109,卖盘
743,10:07:06,37.45,453188,121,买盘
744,10:07:09,37.44,992322,265,卖盘
745,10:07:12,37.45,1699720,454,中性盘
746,10:07:15,37.45,325795,87,卖盘
747,10:07:18,37.44,865229,231,卖盘
748,10:07:21,37.45,318318,85,买盘
749,10:07:24,37.44,628991,168,卖盘
750,10:07:27,37.43,782493,209,卖盘
751,10:07:30,37.43,336910,90,卖盘
752,10:07:33,37.43,471628,126,卖盘
753,10:07:36,37.43,1246431,333,卖盘
754,10:07:39,37.43,494007,132,买盘
755,10:07:42,37.43,426628,114,买盘
756,10:07:45,37.42,808439,216,卖盘
757,10:07:48,37.42,5336341,1426,卖盘
758,10:07:51,37.42,1578876,422,买盘
759,10:07:54,37.42,2330706,623,买盘
760,10:07:57,37.42,1249557,334,买盘
761,10:08:00,37.4,1507464,403,卖盘
762,10:08:03,37.4,13557140,3625,卖盘
763,10:08:06,37.38,6209384,1661,卖盘
764,10:08:09,37.38,1950896,522,卖盘
765,10:08:12,37.37,896983,240,卖盘
766,10:08:15,37.38,351306,94,买盘
767,10:08:18,37.37,2261078,605,卖盘
768,10:08:21,37.37,2432231,651,买盘
769,10:08:24,37.36,452110,121,卖盘
770,10:08:27,37.36,967642,259,卖盘
771,10:08:30,37.36,922800,247,卖盘
772,10:08:33,37.36,1001270,268,卖盘
773,10:08:36,37.37,1053579,282,买盘
774,10:08:39,37.36,1684672,451,卖盘
775,10:08:42,37.36,2106651,564,买盘
776,10:08:45,37.35,6658953,1783,卖盘
777,10:08:48,37.35,6820955,1827,中性盘
778,10:08:51,37.32,7020106,1881,卖盘
779,10:08:54,37.31,16549443,4436,卖盘
780,10:08:57,37.31,761156,204,卖盘
781,10:09:00,37.3,3450430,925,卖盘
782,10:09:03,37.31,3696701,991,买盘
783,10:09:06,37.31,10388394,2785,买盘
784,10:09:09,37.31,2708414,726,买盘
785,10:09:12,37.32,1734728,465,买盘
786,10:09:15,37.31,1604463,430,卖盘
787,10:09:18,37.33,1167864,313,买盘
788,10:09:21,37.31,660523,177,卖盘
789,10:09:24,37.32,1190600,319,卖盘
790,10:09:27,37.32,1160794,311,卖盘
791,10:09:30,37.32,2302702,617,卖盘
792,10:09:33,37.33,3896612,1044,买盘
793,10:09:36,37.33,156776,42,买盘
794,10:09:39,37.33,179225,48,卖盘
795,10:09:42,37.35,817603,219,买盘
796,10:09:45,37.35,216562,58,买盘
797,10:09:48,37.33,3808070,1020,卖盘
798,10:09:51,37.35,2400565,643,卖盘
799,10:09:54,37.35,982208,263,中性盘
800,10:09:57,37.33,2758846,739,卖盘
801,10:10:00,37.31,2888876,774,卖盘
802,10:10:03,37.33,3056077,819,中性盘
803,10:10:06,37.33,369568,99,卖盘
804,10:10:09,37.33,985219,264,买盘
805,10:10:12,37.33,373298,100,买盘
806,10:10:15,37.33,246377,66,买盘
807,10:10:18,37.33,1649987,442,卖盘
808,10:10:21,37.34,496506,133,买盘
809,10:10:24,37.34,3852140,1032,买盘
810,10:10:27,37.34,294933,79,卖盘
811,10:10:30,37.34,589893,158,买盘
812,10:10:33,37.35,780404,209,买盘
813,10:10:36,37.35,604932,162,买盘
814,10:10:39,37.35,799151,214,买盘
815,10:10:42,37.35,380953,102,买盘
816,10:10:45,37.35,380942,102,买盘
817,10:10:48,37.34,2763902,740,卖盘
818,10:10:51,37.37,563975,151,买盘
819,10:10:54,37.37,175578,47,买盘
820,10:10:57,37.37,198030,53,买盘
821,10:11:00,37.35,683728,183,卖盘
822,10:11:03,37.35,474446,127,卖盘
823,10:11:06,37.36,1087642,291,买盘
824,10:11:09,37.36,306313,82,卖盘
825,10:11:12,37.37,291422,78,买盘
826,10:11:15,37.37,284018,76,卖盘
827,10:11:18,37.38,822313,220,买盘
828,10:11:21,37.37,646571,173,卖盘
829,10:11:24,37.38,1252115,335,买盘
830,10:11:27,37.38,198110,53,买盘
831,10:11:30,37.38,1050351,281,买盘
832,10:11:33,37.38,721666,193,卖盘
833,10:11:36,37.38,295308,79,卖盘
834,10:11:39,37.39,564477,151,买盘
835,10:11:42,37.38,257955,69,卖盘
836,10:11:45,37.39,235512,63,买盘
837,10:11:48,37.38,1259903,337,卖盘
838,10:11:51,37.38,261685,70,卖盘
839,10:11:54,37.38,500904,134,卖盘
840,10:11:57,37.37,515759,138,卖盘
841,10:12:00,37.37,351357,94,卖盘
842,10:12:03,37.38,519475,139,买盘
843,10:12:06,37.37,276564,74,卖盘
844,10:12:09,37.37,889602,238,卖盘
845,10:12:12,37.38,609163,163,买盘
846,10:12:15,37.38,579366,155,买盘
847,10:12:18,37.38,893284,239,买盘
848,10:12:21,37.38,381220,102,买盘
849,10:12:24,37.38,235471,63,买盘
850,10:12:27,37.39,1132532,303,买盘
851,10:12:30,37.37,684017,183,卖盘
852,10:12:33,37.38,310265,83,买盘
853,10:12:36,37.39,1775983,475,买盘
854,10:12:39,37.38,635460,170,卖盘
855,10:12:42,37.38,284075,76,买盘
856,10:12:45,37.38,781241,209,买盘
857,10:12:48,37.38,848526,227,卖盘
858,10:12:51,37.38,228022,61,卖盘
859,10:12:54,37.39,332704,89,买盘
860,10:12:57,37.38,452287,121,卖盘
861,10:13:00,37.37,519520,139,卖盘
862,10:13:03,37.38,231789,62,中性盘
863,10:13:06,37.38,306495,82,卖盘
864,10:13:09,37.38,990449,265,买盘
865,10:13:12,37.38,269105,72,买盘
866,10:13:15,37.38,302760,81,买盘
867,10:13:18,37.38,325206,87,卖盘
868,10:13:21,37.39,527057,141,买盘
869,10:13:24,37.38,314010,84,卖盘
870,10:13:27,37.38,370058,99,买盘
871,10:13:30,37.38,433537,116,买盘
872,10:13:33,37.35,4591735,1229,卖盘
873,10:13:36,37.37,291426,78,买盘
874,10:13:39,37.37,780689,209,买盘
875,10:13:42,37.36,283960,76,卖盘
876,10:13:45,37.36,171882,46,卖盘
877,10:13:48,37.36,534283,143,卖盘
878,10:13:51,37.36,2737985,733,卖盘
879,10:13:54,37.35,825620,221,卖盘
880,10:13:57,37.35,769271,206,买盘
881,10:14:00,37.35,313744,84,卖盘
882,10:14:03,37.36,470618,126,买盘
883,10:14:06,37.35,1169327,313,卖盘
884,10:14:09,37.35,1441731,386,卖盘
885,10:14:12,37.35,153173,41,卖盘
886,10:14:15,37.35,276416,74,卖盘
887,10:14:18,37.35,549107,147,卖盘
888,10:14:21,37.35,717150,192,卖盘
889,10:14:24,37.35,403448,108,卖盘
890,10:14:27,37.36,676102,181,中性盘
891,10:14:30,37.36,104612,28,卖盘
892,10:14:33,37.37,1375144,368,买盘
893,10:14:36,37.37,164428,44,卖盘
894,10:14:39,37.37,313886,84,卖盘
895,10:14:42,37.37,310171,83,卖盘
896,10:14:45,37.38,549399,147,买盘
897,10:14:48,37.39,586762,157,买盘
898,10:14:51,37.39,601752,161,买盘
899,10:14:54,37.39,534642,143,买盘
900,10:14:57,37.39,1072891,287,买盘
901,10:15:00,37.4,407570,109,买盘
902,10:15:03,37.39,385147,103,卖盘
903,10:15:06,37.37,3965443,1061,卖盘
904,10:15:09,37.4,1263464,338,买盘
905,10:15:12,37.39,489716,131,卖盘
906,10:15:15,37.39,657885,176,买盘
907,10:15:18,37.38,392581,105,卖盘
908,10:15:21,37.39,639242,171,买盘
909,10:15:24,37.39,650491,174,买盘
910,10:15:27,37.4,358932,96,买盘
911,10:15:30,37.39,291634,78,卖盘
912,10:15:33,37.4,501058,134,买盘
913,10:15:36,37.41,1039678,278,买盘
914,10:15:39,37.41,198226,53,买盘
915,10:15:42,37.41,452616,121,买盘
916,10:15:45,37.4,381507,102,卖盘
917,10:15:48,37.41,314195,84,买盘
918,10:15:51,37.42,198281,53,买盘
919,10:15:54,37.41,172094,46,卖盘
920,10:15:57,37.41,231978,62,卖盘
921,10:16:00,37.42,449006,120,买盘
922,10:16:03,37.41,688357,184,卖盘
923,10:16:06,37.41,722041,193,买盘
924,10:16:09,37.42,864080,231,买盘
925,10:16:12,37.41,512584,137,卖盘
926,10:16:15,37.42,557466,149,买盘
927,10:16:18,37.41,564948,151,卖盘
928,10:16:21,37.42,1377833,368,买盘
929,10:16:24,37.43,800866,214,中性盘
930,10:16:27,37.42,381747,102,卖盘
931,10:16:30,37.44,86081,23,买盘
932,10:16:33,37.44,486710,130,买盘
933,10:16:36,37.45,400674,107,买盘
934,10:16:39,37.45,1227860,328,卖盘
935,10:16:42,37.44,1041007,278,卖盘
936,10:16:45,37.45,2153493,575,买盘
937,10:16:48,37.45,363223,97,买盘
938,10:16:51,37.45,1261837,337,买盘
939,10:16:54,37.44,550397,147,中性盘
940,10:16:57,37.45,647656,173,买盘
941,10:17:00,37.44,1587680,424,卖盘
942,10:17:03,37.43,396757,106,卖盘
943,10:17:06,37.43,677617,181,买盘
944,10:17:09,37.42,235799,63,卖盘
945,10:17:12,37.43,228283,61,买盘
946,10:17:15,37.43,673659,180,买盘
947,10:17:18,37.43,2811526,751,卖盘
948,10:17:21,37.44,898129,240,买盘
949,10:17:24,37.43,318112,85,中性盘
950,10:17:27,37.43,628815,168,买盘
951,10:17:30,37.41,886876,237,卖盘
952,10:17:33,37.42,550003,147,买盘
953,10:17:36,37.41,306785,82,卖盘
954,10:17:39,37.41,359194,96,卖盘
955,10:17:42,37.42,688356,184,买盘
956,10:17:45,37.42,946588,253,买盘
957,10:17:48,37.42,355453,95,买盘
958,10:17:51,37.42,1017950,272,买盘
959,10:17:54,37.46,2355849,629,买盘
960,10:17:57,37.42,1317314,352,卖盘
961,10:18:00,37.46,183433,49,买盘
962,10:18:03,37.44,378315,101,卖盘
963,10:18:06,37.44,206001,55,卖盘
964,10:18:09,37.46,258440,69,买盘
965,10:18:12,37.47,1727166,461,买盘
966,10:18:15,37.48,532127,142,买盘
967,10:18:18,37.48,157408,42,买盘
968,10:18:21,37.48,453480,121,买盘
969,10:18:24,37.48,423524,113,卖盘
970,10:18:27,37.49,314894,84,买盘
971,10:18:30,37.48,217406,58,卖盘
972,10:18:33,37.49,1293634,345,买盘
973,10:18:36,37.49,948491,253,卖盘
974,10:18:39,37.48,895886,239,卖盘
975,10:18:42,37.49,599808,160,买盘
976,10:18:45,37.49,566022,151,买盘
977,10:18:48,37.5,71233,19,买盘
978,10:18:51,37.49,663518,177,卖盘
979,10:18:54,37.49,802150,214,买盘
980,10:18:57,37.49,356115,95,买盘
981,10:19:00,37.49,828398,221,买盘
982,10:19:03,37.49,386080,103,卖盘
983,10:19:06,37.49,783425,209,买盘
984,10:19:09,37.48,371094,99,卖盘
985,10:19:12,37.48,431012,115,买盘
986,10:19:15,37.48,93706,25,买盘
987,10:19:18,37.49,836007,223,买盘
988,10:19:21,37.5,138711,37,买盘
989,10:19:24,37.48,2632098,702,卖盘
990,10:19:27,37.49,659691,176,买盘
991,10:19:30,37.48,329852,88,卖盘
992,10:19:33,37.49,236166,63,买盘
993,10:19:36,37.48,386052,103,卖盘
994,10:19:39,37.48,416057,111,卖盘
995,10:19:42,37.48,397339,106,卖盘
996,10:19:45,37.49,614704,164,买盘
997,10:19:48,37.48,254877,68,卖盘
998,10:19:51,37.48,1004653,268,卖盘
999,10:19:54,37.48,419742,112,卖盘
1000,10:19:57,37.48,656022,175,卖盘
1001,10:20:00,37.48,213605,57,买盘
1002,10:20:03,37.47,236119,63,卖盘
1003,10:20:06,37.49,539791,144,买盘
1004,10:20:09,37.49,663638,177,卖盘
1005,10:20:12,37.49,457440,122,卖盘
1006,10:20:15,37.49,551151,147,卖盘
1007,10:20:18,37.51,2369955,632,买盘
1008,10:20:21,37.5,1334652,356,中性盘
1009,10:20:24,37.49,944965,252,卖盘
1010,10:20:27,37.5,247455,66,中性盘
1011,10:20:30,37.51,2276882,607,买盘
1012,10:20:33,37.51,562577,150,卖盘
1013,10:20:36,37.52,390072,104,买盘
1014,10:20:39,37.52,382677,102,买盘
1015,10:20:42,37.5,266310,71,卖盘
1016,10:20:45,37.5,120010,32,卖盘
1017,10:20:48,37.51,547567,146,买盘
1018,10:20:51,37.5,746320,199,卖盘
1019,10:20:54,37.51,2426520,647,买盘
1020,10:20:57,37.49,1856115,495,卖盘
1021,10:21:00,37.5,528613,141,中性盘
1022,10:21:03,37.49,779605,208,卖盘
1023,10:21:06,37.49,1706815,455,买盘
1024,10:21:09,37.48,955827,255,卖盘
1025,10:21:12,37.5,483573,129,买盘
1026,10:21:15,37.49,288648,77,卖盘
1027,10:21:18,37.49,71229,19,买盘
1028,10:21:21,37.48,71216,19,卖盘
1029,10:21:24,37.48,453535,121,卖盘
1030,10:21:27,37.48,813174,217,卖盘
1031,10:21:30,37.48,535839,143,买盘
1032,10:21:33,37.48,520846,139,买盘
1033,10:21:36,37.48,423468,113,买盘
1034,10:21:39,37.48,1972222,526,买盘
1035,10:21:42,37.48,674640,180,买盘
1036,10:21:45,37.48,1562528,417,卖盘
1037,10:21:48,37.48,906474,242,买盘
1038,10:21:51,37.48,558389,149,买盘
1039,10:21:54,37.44,340761,91,卖盘
1040,10:21:57,37.45,460653,123,买盘
1041,10:22:00,37.44,258312,69,卖盘
1042,10:22:03,37.43,363203,97,卖盘
1043,10:22:06,37.43,381805,102,卖盘
1044,10:22:09,37.43,145977,39,卖盘
1045,10:22:12,37.42,673611,180,卖盘
1046,10:22:15,37.42,269408,72,卖盘
1047,10:22:18,37.41,707126,189,卖盘
1048,10:22:21,37.41,793139,212,卖盘
1049,10:22:24,37.41,1777541,475,卖盘
1050,10:22:27,37.41,2027243,542,卖盘
1051,10:22:30,37.42,190846,51,卖盘
1052,10:22:33,37.44,1126465,301,中性盘
1053,10:22:36,37.45,2353565,629,中性盘
1054,10:22:39,37.43,883351,236,卖盘
1055,10:22:42,37.45,917057,245,买盘
1056,10:22:45,37.44,449386,120,卖盘
1057,10:22:48,37.43,445437,119,卖盘
1058,10:22:51,37.43,89845,24,卖盘
1059,10:22:54,37.44,1063060,284,买盘
1060,10:22:57,37.43,1242872,332,卖盘
1061,10:23:00,37.45,1194099,319,买盘
1062,10:23:03,37.46,561576,150,买盘
1063,10:23:06,37.43,501660,134,卖盘
1064,10:23:09,37.48,269647,72,买盘
1065,10:23:12,37.46,366997,98,卖盘
1066,10:23:15,37.45,333315,89,中性盘
1067,10:23:18,37.45,2480092,662,买盘
1068,10:23:21,37.43,1512755,404,卖盘
1069,10:23:24,37.45,771325,206,中性盘
1070,10:23:27,37.45,292043,78,买盘
1071,10:23:30,37.45,258325,69,买盘
1072,10:23:33,37.45,1126713,301,买盘
1073,10:23:36,37.44,344476,92,中性盘
1074,10:23:39,37.43,464071,124,卖盘
1075,10:23:42,37.45,741268,198,买盘
1076,10:23:45,37.45,142252,38,卖盘
1077,10:23:48,37.45,441817,118,买盘
1078,10:23:51,37.43,288296,77,卖盘
1079,10:23:54,37.43,190928,51,卖盘
1080,10:23:57,37.44,351866,94,中性盘
1081,10:24:00,37.43,441708,118,卖盘
1082,10:24:03,37.43,209611,56,卖盘
1083,10:24:06,37.43,699771,187,买盘
1084,10:24:09,37.43,789678,211,买盘
1085,10:24:12,37.42,493952,132,卖盘
1086,10:24:15,37.43,770896,206,买盘
1087,10:24:18,37.43,804614,215,卖盘
1088,10:24:21,37.42,609859,163,中性盘
1089,10:24:24,37.41,411530,110,卖盘
1090,10:24:27,37.43,636259,170,买盘
1091,10:24:30,37.43,411632,110,买盘
1092,10:24:33,37.42,711001,190,中性盘
1093,10:24:36,37.42,168350,45,买盘
1094,10:24:39,37.41,1014009,271,卖盘
1095,10:24:42,37.41,306775,82,卖盘
1096,10:24:45,37.42,2158845,577,买盘
1097,10:24:48,37.41,770660,206,卖盘
1098,10:24:51,37.41,1399152,374,卖盘
1099,10:24:54,37.41,714631,191,卖盘
1100,10:24:57,37.41,108491,29,卖盘
1101,10:25:00,37.41,1081171,289,卖盘
1102,10:25:03,37.41,564852,151,卖盘
1103,10:25:06,37.4,1253097,335,卖盘
1104,10:25:09,37.4,785759,210,卖盘
1105,10:25:12,37.43,624832,167,买盘
1106,10:25:15,37.4,714446,191,卖盘
1107,10:25:18,37.41,837769,224,买盘
1108,10:25:21,37.4,837781,224,卖盘
1109,10:25:24,37.4,785455,210,卖盘
1110,10:25:27,37.4,590932,158,卖盘
1111,10:25:30,37.4,706894,189,卖盘
1112,10:25:33,37.4,594566,159,买盘
1113,10:25:36,37.39,871499,233,卖盘
1114,10:25:39,37.4,762860,204,买盘
1115,10:25:42,37.4,1046983,280,买盘
1116,10:25:45,37.4,553354,148,买盘
1117,10:25:48,37.39,814939,218,买盘
1118,10:25:51,37.39,530983,142,买盘
1119,10:25:54,37.39,145814,39,卖盘
1120,10:25:57,37.38,575664,154,卖盘
1121,10:26:00,37.38,474759,127,卖盘
1122,10:26:03,37.38,650423,174,卖盘
1123,10:26:06,37.38,1095248,293,卖盘
1124,10:26:09,37.38,818437,219,买盘
1125,10:26:12,37.38,448502,120,买盘
1126,10:26:15,37.37,781002,209,卖盘
1127,10:26:18,37.37,523090,140,买盘
1128,10:26:21,37.36,706163,189,卖盘
1129,10:26:24,37.36,829423,222,卖盘
1130,10:26:27,37.37,325034,87,买盘
1131,10:26:30,37.36,1513217,405,卖盘
1132,10:26:33,37.36,556641,149,卖盘
1133,10:26:36,37.36,1172814,314,买盘
1134,10:26:39,37.36,545395,146,买盘
1135,10:26:42,37.35,1262569,338,卖盘
1136,10:26:45,37.36,859132,230,买盘
1137,10:26:48,37.36,5953006,1594,买盘
1138,10:26:51,37.35,889144,238,卖盘
1139,10:26:54,37.34,2673276,716,卖盘
1140,10:26:57,37.34,2008436,538,买盘
1141,10:27:00,37.34,593580,159,卖盘
1142,10:27:03,37.34,1937564,519,买盘
1143,10:27:06,37.34,631017,169,卖盘
1144,10:27:09,37.36,392139,105,买盘
1145,10:27:12,37.34,444437,119,卖盘
1146,10:27:15,37.35,455643,122,卖盘
1147,10:27:18,37.35,646160,173,买盘
1148,10:27:21,37.35,855394,229,卖盘
1149,10:27:24,37.35,941360,252,卖盘
1150,10:27:27,37.37,1012302,271,买盘
1151,10:27:30,37.37,1049562,281,买盘
1152,10:27:33,37.36,721117,193,卖盘
1153,10:27:36,37.37,1057300,283,中性盘
1154,10:27:39,37.38,463417,124,买盘
1155,10:27:42,37.38,261632,70,买盘
1156,10:27:45,37.38,444792,119,买盘
1157,10:27:48,37.38,624244,167,买盘
1158,10:27:51,37.38,381301,102,卖盘
1159,10:27:54,37.39,89726,24,买盘
1160,10:27:57,37.38,362624,97,卖盘
1161,10:28:00,37.38,287888,77,卖盘
1162,10:28:03,37.39,474793,127,卖盘
1163,10:28:06,37.38,620526,166,卖盘
1164,10:28:09,37.38,1585781,424,卖盘
1165,10:28:12,37.39,41128,11,中性盘
1166,10:28:15,37.39,343980,92,卖盘
1167,10:28:18,37.39,153307,41,卖盘
1168,10:28:21,37.39,276699,74,卖盘
1169,10:28:24,37.4,258037,69,买盘
1170,10:28:27,37.39,104708,28,卖盘
1171,10:28:30,37.41,142128,38,买盘
1172,10:28:33,37.39,276732,74,卖盘
1173,10:28:36,37.41,329127,88,买盘
1174,10:28:39,37.4,422616,113,卖盘
1175,10:28:42,37.39,284190,76,卖盘
1176,10:28:45,37.39,86008,23,卖盘
1177,10:28:48,37.39,291687,78,卖盘
1178,10:28:51,37.39,874929,234,卖盘
1179,10:28:54,37.39,377562,101,买盘
1180,10:28:57,37.39,433718,116,买盘
1181,10:29:00,37.38,654163,175,卖盘
1182,10:29:03,37.39,160756,43,买盘
1183,10:29:06,37.39,564584,151,买盘
1184,10:29:09,37.39,291614,78,卖盘
1185,10:29:12,37.39,366379,98,买盘
1186,10:29:15,37.38,100948,27,卖盘
1187,10:29:18,37.38,112140,30,卖盘
1188,10:29:21,37.38,216830,58,卖盘
1189,10:29:24,37.38,171955,46,卖盘
1190,10:29:27,37.39,336451,90,买盘
1191,10:29:30,37.39,314066,84,买盘
1192,10:29:33,37.39,972163,260,买盘
1193,10:29:36,37.38,351454,94,卖盘
1194,10:29:39,37.38,183170,49,卖盘
1195,10:29:42,37.39,396264,106,买盘
1196,10:29:45,37.38,194409,52,卖盘
1197,10:29:48,37.38,388789,104,卖盘
1198,10:29:51,37.39,616929,165,买盘
1199,10:29:54,37.39,444925,119,买盘
1200,10:29:57,37.39,160777,43,卖盘
1201,10:30:00,37.38,366421,98,卖盘
1202,10:30:03,37.38,4425397,1184,卖盘
1203,10:30:06,37.38,993888,266,买盘
1204,10:30:09,37.39,527001,141,买盘
1205,10:30:12,37.38,287807,77,中性盘
1206,10:30:15,37.39,220572,59,买盘
1207,10:30:18,37.39,145808,39,买盘
1208,10:30:21,37.38,310284,83,卖盘
1209,10:30:24,37.39,123371,33,买盘
1210,10:30:27,37.38,370128,99,卖盘
1211,10:30:30,37.39,1555388,416,买盘
1212,10:30:33,37.38,370088,99,卖盘
1213,10:30:36,37.39,504655,135,买盘
1214,10:30:39,37.39,396255,106,买盘
1215,10:30:42,37.39,269160,72,买盘
1216,10:30:45,37.39,175704,47,买盘
1217,10:30:48,37.38,422426,113,卖盘
1218,10:30:51,37.38,321477,86,卖盘
1219,10:30:54,37.38,347656,93,卖盘
1220,10:30:57,37.38,575766,154,卖盘
1221,10:31:00,37.38,317737,85,卖盘
1222,10:31:03,37.39,213081,57,买盘
1223,10:31:06,37.38,859775,230,卖盘
1224,10:31:09,37.38,194332,52,买盘
1225,10:31:12,37.37,467200,125,卖盘
1226,10:31:15,37.38,291548,78,买盘
1227,10:31:18,37.37,833492,223,卖盘
1228,10:31:21,37.37,78479,21,卖盘
1229,10:31:24,37.37,609170,163,卖盘
1230,10:31:27,37.37,411077,110,卖盘
1231,10:31:30,37.37,257853,69,卖盘
1232,10:31:33,37.36,3369903,902,卖盘
1233,10:31:36,37.36,2371849,635,卖盘
1234,10:31:39,37.36,907857,243,卖盘
1235,10:31:42,37.36,627499,168,买盘
1236,10:31:45,37.36,915098,245,买盘
1237,10:31:48,37.35,414633,111,卖盘
1238,10:31:51,37.35,1142918,306,卖盘
1239,10:31:54,37.36,930033,249,买盘
1240,10:31:57,37.35,474290,127,卖盘
1241,10:32:00,37.35,743195,199,买盘
1242,10:32:03,37.34,844067,226,卖盘
1243,10:32:06,37.37,2793844,748,买盘
1244,10:32:09,37.35,638785,171,卖盘
1245,10:32:12,37.36,653657,175,买盘
1246,10:32:15,37.36,362319,97,买盘
1247,10:32:18,37.36,586589,157,中性盘
1248,10:32:21,37.36,829419,222,买盘
1249,10:32:24,37.36,440842,118,卖盘
1250,10:32:27,37.37,201767,54,买盘
1251,10:32:30,37.36,410960,110,卖盘
1252,10:32:33,37.36,870642,233,卖盘
1253,10:32:36,37.36,586617,157,卖盘
1254,10:32:39,37.36,194331,52,卖盘
1255,10:32:42,37.36,437203,117,卖盘
1256,10:32:45,37.37,186823,50,中性盘
1257,10:32:48,37.36,497054,133,卖盘
1258,10:32:51,37.37,198042,53,买盘
1259,10:32:54,37.36,425925,114,卖盘
1260,10:32:57,37.37,313853,84,买盘
1261,10:33:00,37.37,302692,81,卖盘
1262,10:33:03,37.36,216729,58,卖盘
1263,10:33:06,37.37,59795,16,中性盘
1264,10:33:09,37.37,112109,30,卖盘
1265,10:33:12,37.38,960645,257,买盘
1266,10:33:15,37.37,313945,84,卖盘
1267,10:33:18,37.38,299037,80,中性盘
1268,10:33:21,37.38,497110,133,买盘
1269,10:33:24,37.38,504668,135,买盘
1270,10:33:27,37.37,392421,105,卖盘
1271,10:33:30,37.37,56055,15,买盘
1272,10:33:33,37.36,209247,56,卖盘
1273,10:33:36,37.36,179357,48,卖盘
1274,10:33:39,37.37,85950,23,买盘
1275,10:33:42,37.37,306402,82,买盘
1276,10:33:45,37.37,1102205,295,买盘
1277,10:33:48,37.37,298967,80,卖盘
1278,10:33:51,37.37,1845793,494,卖盘
1279,10:33:54,37.37,900447,241,买盘
1280,10:33:57,37.37,463302,124,买盘
1281,10:34:00,37.37,160685,43,买盘
1282,10:34:03,37.37,194314,52,买盘
1283,10:34:06,37.37,896847,240,买盘
1284,10:34:09,37.37,384911,103,卖盘
1285,10:34:12,37.37,381186,102,卖盘
1286,10:34:15,37.37,205548,55,卖盘
1287,10:34:18,37.36,926779,248,卖盘
1288,10:34:21,37.36,313856,84,卖盘
1289,10:34:24,37.36,388547,104,卖盘
1290,10:34:27,37.39,3858062,1032,买盘
1291,10:34:30,37.38,665484,178,卖盘
1292,10:34:33,37.38,157001,42,卖盘
1293,10:34:36,37.38,736538,197,卖盘
1294,10:34:39,37.39,213068,57,买盘
1295,10:34:42,37.38,392546,105,卖盘
1296,10:34:45,37.39,388811,104,买盘
1297,10:34:48,37.39,400073,107,买盘
1298,10:34:51,37.39,377610,101,卖盘
1299,10:34:54,37.39,168245,45,卖盘
1300,10:34:57,37.4,2890948,773,买盘
1301,10:35:00,37.4,945977,253,买盘
1302,10:35:03,37.39,160777,43,卖盘
1303,10:35:06,37.4,856316,229,买盘
1304,10:35:09,37.38,216861,58,卖盘
1305,10:35:12,37.4,459940,123,买盘
1306,10:35:15,37.4,314105,84,买盘
1307,10:35:18,37.39,598287,160,卖盘
1308,10:35:21,37.39,261719,70,卖盘
1309,10:35:24,37.38,280418,75,卖盘
1310,10:35:27,37.39,56083,15,中性盘
1311,10:35:30,37.39,224308,60,买盘
1312,10:35:33,37.39,332771,89,买盘
1313,10:35:36,37.39,186950,50,卖盘
1314,10:35:39,37.39,37394,10,卖盘
1315,10:35:42,37.4,198218,53,买盘
1316,10:35:45,37.38,2209723,591,卖盘
1317,10:35:48,37.39,785104,210,买盘
1318,10:35:51,37.38,1065503,285,卖盘
1319,10:35:54,37.38,1416738,379,卖盘
1320,10:35:57,37.39,725218,194,买盘
1321,10:36:00,37.39,519628,139,买盘
1322,10:36:03,37.38,190654,51,卖盘
1323,10:36:06,37.38,381327,102,卖盘
1324,10:36:09,37.39,112167,30,买盘
1325,10:36:12,37.38,362599,97,卖盘
1326,10:36:15,37.38,396290,106,卖盘
1327,10:36:18,37.38,433612,116,卖盘
1328,10:36:21,37.38,478489,128,卖盘
1329,10:36:24,37.38,183174,49,卖盘
1330,10:36:27,37.39,934565,250,买盘
1331,10:36:30,37.39,1465567,392,买盘
1332,10:36:33,37.39,1013086,271,中性盘
1333,10:36:36,37.39,332764,89,卖盘
1334,10:36:39,37.39,811342,217,卖盘
1335,10:36:42,37.39,418727,112,卖盘
1336,10:36:45,37.39,964614,258,卖盘
1337,10:36:48,37.39,1162611,311,买盘
1338,10:36:51,37.38,302807,81,卖盘
1339,10:36:54,37.38,1147724,307,卖盘
1340,10:36:57,37.38,945826,253,卖盘
1341,10:37:00,37.38,923373,247,卖盘
1342,10:37:03,37.38,717742,192,卖盘
1343,10:37:06,37.39,661723,177,买盘
1344,10:37:09,37.38,429914,115,卖盘
1345,10:37:12,37.38,799946,214,卖盘
1346,10:37:15,37.38,340189,91,卖盘
1347,10:37:18,37.39,594422,159,买盘
1348,10:37:21,37.39,1701177,455,买盘
1349,10:37:24,37.38,564455,151,卖盘
1350,10:37:27,37.39,63559,17,买盘
1351,10:37:30,37.39,213134,57,卖盘
1352,10:37:33,37.39,456158,122,卖盘
1353,10:37:36,37.39,44865,12,买盘
1354,10:37:39,37.39,235529,63,买盘
1355,10:37:42,37.39,183209,49,买盘
1356,10:37:45,37.38,347658,93,卖盘
1357,10:37:48,37.39,355151,95,买盘
1358,10:37:51,37.38,336467,90,卖盘
1359,10:37:54,37.39,228032,61,买盘
1360,10:37:57,37.39,343945,92,买盘
1361,10:38:00,37.38,392542,105,卖盘
1362,10:38:03,37.38,74769,20,卖盘
1363,10:38:06,37.39,661683,177,买盘
1364,10:38:09,37.38,93457,25,卖盘
1365,10:38:12,37.38,246740,66,卖盘
1366,10:38:15,37.38,377587,101,卖盘
1367,10:38:18,37.39,138333,37,买盘
1368,10:38:21,37.39,381326,102,买盘
1369,10:38:24,37.39,661767,177,买盘
1370,10:38:27,37.39,142078,38,买盘
1371,10:38:30,37.38,250492,67,卖盘
1372,10:38:33,37.39,138353,37,中性盘
1373,10:38:36,37.39,302862,81,卖盘
1374,10:38:39,37.39,29912,8,卖盘
1375,10:38:42,37.39,482332,129,卖盘
1376,10:38:45,37.4,426323,114,买盘
1377,10:38:48,37.4,1275242,341,买盘
1378,10:38:51,37.39,3439316,920,卖盘
1379,10:38:54,37.39,112150,30,买盘
1380,10:38:57,37.39,758896,203,买盘
1381,10:39:00,37.39,400083,107,卖盘
1382,10:39:03,37.39,437472,117,卖盘
1383,10:39:06,37.4,183233,49,买盘
1384,10:39:09,37.39,127127,34,卖盘
1385,10:39:12,37.4,329098,88,买盘
1386,10:39:15,37.4,86011,23,买盘
1387,10:39:18,37.4,123411,33,买盘
1388,10:39:21,37.4,1181573,316,买盘
1389,10:39:24,37.39,344006,92,卖盘
1390,10:39:27,37.4,145856,39,买盘
1391,10:39:30,37.4,160820,43,买盘
1392,10:39:33,37.4,130903,35,卖盘
1393,10:39:36,37.4,89760,24,卖盘
1394,10:39:39,37.4,201974,54,卖盘
1395,10:39:42,37.4,314214,84,卖盘
1396,10:39:45,37.4,867625,232,卖盘
1397,10:39:48,37.4,190761,51,买盘
1398,10:39:51,37.41,519896,139,买盘
1399,10:39:54,37.41,392764,105,买盘
1400,10:39:57,37.42,183329,49,买盘
1401,10:40:00,37.41,1137514,304,卖盘
1402,10:40:03,37.41,460192,123,卖盘
1403,10:40:06,37.42,415259,111,买盘
1404,10:40:09,37.41,276861,74,卖盘
1405,10:40:12,37.43,378014,101,买盘
1406,10:40:15,37.43,250746,67,卖盘
1407,10:40:18,37.44,41177,11,买盘
1408,10:40:21,37.44,160952,43,买盘
1409,10:40:24,37.43,134752,36,卖盘
1410,10:40:27,37.44,97330,26,买盘
1411,10:40:30,37.43,673772,180,卖盘
1412,10:40:33,37.43,393043,105,卖盘
1413,10:40:36,37.44,329377,88,买盘
1414,10:40:39,37.44,284460,76,买盘
1415,10:40:42,37.44,82330,22,买盘
1416,10:40:45,37.44,153449,41,买盘
1417,10:40:48,37.44,101048,27,买盘
1418,10:40:51,37.44,168443,45,买盘
1419,10:40:54,37.44,145985,39,买盘
1420,10:40:57,37.42,209596,56,卖盘
1421,10:41:00,37.43,494046,132,买盘
1422,10:41:03,37.42,767111,205,卖盘
1423,10:41:06,37.43,501446,134,买盘
1424,10:41:09,37.43,142220,38,卖盘
1425,10:41:12,37.42,74846,20,卖盘
1426,10:41:15,37.42,179652,48,卖盘
1427,10:41:18,37.42,426616,114,卖盘
1428,10:41:21,37.43,123507,33,买盘
1429,10:41:24,37.43,643660,172,买盘
1430,10:41:27,37.43,97307,26,买盘
1431,10:41:30,37.42,291879,78,卖盘
1432,10:41:33,37.42,71100,19,卖盘
1433,10:41:36,37.42,194562,52,买盘
1434,10:41:39,37.43,153433,41,买盘
1435,10:41:42,37.43,228310,61,买盘
1436,10:41:45,37.43,269436,72,买盘
1437,10:41:48,37.43,258264,69,买盘
1438,10:41:51,37.43,291935,78,买盘
1439,10:41:54,37.43,145974,39,卖盘
1440,10:41:57,37.42,86071,23,卖盘
1441,10:42:00,37.42,250755,67,卖盘
1442,10:42:03,37.42,366779,98,卖盘
1443,10:42:06,37.42,640032,171,卖盘
1444,10:42:09,37.42,568787,152,卖盘
1445,10:42:12,37.43,640003,171,买盘
1446,10:42:15,37.42,351831,94,卖盘
1447,10:42:18,37.42,231960,62,买盘
1448,10:42:21,37.42,284429,76,买盘
1449,10:42:24,37.41,688415,184,卖盘
1450,10:42:27,37.42,321737,86,买盘
1451,10:42:30,37.42,422752,113,卖盘
1452,10:42:33,37.42,157144,42,买盘
1453,10:42:36,37.42,108520,29,卖盘
1454,10:42:39,37.42,314338,84,卖盘
1455,10:42:42,37.42,355536,95,卖盘
1456,10:42:45,37.42,209555,56,卖盘
1457,10:42:48,37.42,363024,97,卖盘
1458,10:42:51,37.41,153409,41,卖盘
1459,10:42:54,37.41,209511,56,卖盘
1460,10:42:57,37.41,134688,36,卖盘
1461,10:43:00,37.42,138422,37,买盘
1462,10:43:03,37.41,138441,37,卖盘
1463,10:43:06,37.41,119723,32,卖盘
1464,10:43:09,37.42,531315,142,买盘
1465,10:43:12,37.42,258154,69,买盘
1466,10:43:15,37.42,164643,44,买盘
1467,10:43:18,37.41,265651,71,卖盘
1468,10:43:21,37.43,632413,169,买盘
1469,10:43:24,37.42,336800,90,卖盘
1470,10:43:27,37.43,220823,59,买盘
1471,10:43:30,37.42,220806,59,卖盘
1472,10:43:33,37.43,284453,76,买盘
1473,10:43:36,37.42,363037,97,卖盘
1474,10:43:39,37.44,265717,71,买盘
1475,10:43:42,37.43,123536,33,卖盘
1476,10:43:45,37.44,164722,44,买盘
1477,10:43:48,37.45,651407,174,买盘
1478,10:43:51,37.45,400614,107,买盘
1479,10:43:54,37.45,318319,85,买盘
1480,10:43:57,37.45,247153,66,买盘
1481,10:44:00,37.44,479256,128,卖盘
1482,10:44:03,37.43,239581,64,卖盘
1483,10:44:06,37.43,385560,103,卖盘
1484,10:44:09,37.43,93578,25,卖盘
1485,10:44:12,37.43,351892,94,卖盘
1486,10:44:15,37.44,299437,80,买盘
1487,10:44:18,37.43,527625,141,中性盘
1488,10:44:21,37.42,258175,69,卖盘
1489,10:44:24,37.42,71097,19,买盘
1490,10:44:27,37.42,56129,15,买盘
1491,10:44:30,37.42,142188,38,买盘
1492,10:44:33,37.42,1208371,323,买盘
1493,10:44:36,37.41,179577,48,卖盘
1494,10:44:39,37.41,463798,124,买盘
1495,10:44:42,37.41,168345,45,买盘
1496,10:44:45,37.4,224418,60,卖盘
1497,10:44:48,37.41,351585,94,买盘
1498,10:44:51,37.4,325388,87,卖盘
1499,10:44:54,37.4,553633,148,卖盘
1500,10:44:57,37.4,755481,202,卖盘
1501,10:45:00,37.4,306706,82,卖盘
1502,10:45:03,37.4,1050972,281,卖盘
1503,10:45:06,37.4,246864,66,卖盘
1504,10:45:09,37.4,807860,216,卖盘
1505,10:45:12,37.4,755553,202,卖盘
1506,10:45:15,37.4,235625,63,卖盘
1507,10:45:18,37.41,688241,184,买盘
1508,10:45:21,37.4,523652,140,卖盘
1509,10:45:24,37.4,1230475,329,卖盘
1510,10:45:27,37.4,575878,154,买盘
1511,10:45:30,37.41,127163,34,买盘
1512,10:45:33,37.41,834243,223,买盘
1513,10:45:36,37.41,815551,218,买盘
1514,10:45:39,37.41,396561,106,卖盘
1515,10:45:42,37.41,82303,22,卖盘
1516,10:45:45,37.42,183310,49,买盘
1517,10:45:48,37.41,157119,42,卖盘
1518,10:45:51,37.41,63587,17,买盘
1519,10:45:54,37.41,430138,115,买盘
1520,10:45:57,37.41,366596,98,买盘
1521,10:46:00,37.41,187024,50,买盘
1522,10:46:03,37.41,306722,82,买盘
1523,10:46:06,37.41,314227,84,买盘
1524,10:46:09,37.41,145880,39,买盘
1525,10:46:12,37.41,198266,53,买盘
1526,10:46:15,37.41,172058,46,买盘
1527,10:46:18,37.4,388981,104,卖盘
1528,10:46:21,37.41,183274,49,买盘
1529,10:46:24,37.4,579804,155,卖盘
1530,10:46:27,37.4,377766,101,卖盘
1531,10:46:30,37.41,56106,15,买盘
1532,10:46:33,37.4,209472,56,卖盘
1533,10:46:36,37.41,321695,86,买盘
1534,10:46:39,37.4,187000,50,卖盘
1535,10:46:42,37.41,613369,164,买盘
1536,10:46:45,37.4,385206,103,卖盘
1537,10:46:48,37.4,388894,104,买盘
1538,10:46:51,37.39,235564,63,卖盘
1539,10:46:54,37.4,216883,58,买盘
1540,10:46:57,37.39,1779768,476,卖盘
1541,10:47:00,37.38,777531,208,卖盘
1542,10:47:03,37.38,1315801,352,卖盘
1543,10:47:06,37.38,927167,248,卖盘
1544,10:47:09,37.38,777511,208,卖盘
1545,10:47:12,37.39,1042908,279,买盘
1546,10:47:15,37.38,829855,222,卖盘
1547,10:47:18,37.37,553109,148,卖盘
1548,10:47:21,37.39,803560,215,买盘
1549,10:47:24,37.37,530681,142,卖盘
1550,10:47:27,37.37,459692,123,卖盘
1551,10:47:30,37.38,1192150,319,买盘
1552,10:47:33,37.37,2088991,559,卖盘
1553,10:47:36,37.36,425976,114,卖盘
1554,10:47:39,37.37,691178,185,买盘
1555,10:47:42,37.37,145728,39,买盘
1556,10:47:45,37.37,291422,78,买盘
1557,10:47:48,37.36,1128286,302,卖盘
1558,10:47:51,37.36,459552,123,卖盘
1559,10:47:54,37.37,325069,87,买盘
1560,10:47:57,37.36,915424,245,卖盘
1561,10:48:00,37.36,676263,181,卖盘
1562,10:48:03,37.37,130767,35,买盘
1563,10:48:06,37.36,3194298,855,卖盘
1564,10:48:09,37.36,844126,226,买盘
1565,10:48:12,37.36,358610,96,买盘
1566,10:48:15,37.36,287666,77,买盘
1567,10:48:18,37.37,2611772,699,买盘
1568,10:48:21,37.36,5302732,1419,卖盘
1569,10:48:24,37.36,1968399,527,卖盘
1570,10:48:27,37.36,3548361,950,买盘
1571,10:48:30,37.36,530518,142,买盘
1572,10:48:33,37.36,1378488,369,卖盘
1573,10:48:36,37.36,672409,180,买盘
1574,10:48:39,37.37,343735,92,买盘
1575,10:48:42,37.37,134522,36,买盘
1576,10:48:45,37.36,2644529,708,卖盘
1577,10:48:48,37.36,451971,121,买盘
1578,10:48:51,37.35,437036,117,卖盘
1579,10:48:54,37.35,1449211,388,卖盘
1580,10:48:57,37.35,608688,163,买盘
1581,10:49:00,37.34,324922,87,卖盘
1582,10:49:03,37.35,153123,41,买盘
1583,10:49:06,37.35,1113031,298,买盘
1584,10:49:09,37.36,530377,142,买盘
1585,10:49:12,37.36,168090,45,买盘
1586,10:49:15,37.36,679786,182,买盘
1587,10:49:18,37.35,803054,215,卖盘
1588,10:49:21,37.36,130732,35,买盘
1589,10:49:24,37.36,127002,34,买盘
1590,10:49:27,37.36,601350,161,买盘
1591,10:49:30,37.36,220400,59,买盘
1592,10:49:33,37.36,642557,172,买盘
1593,10:49:36,37.36,788294,211,买盘
1594,10:49:39,37.36,2345740,628,买盘
1595,10:49:42,37.36,74720,20,卖盘
1596,10:49:45,37.37,134529,36,买盘
1597,10:49:48,37.37,724808,194,买盘
1598,10:49:51,37.37,452096,121,买盘
1599,10:49:54,37.37,175606,47,买盘
1600,10:49:57,37.37,407307,109,买盘
1601,10:50:00,37.37,291513,78,卖盘
1602,10:50:03,37.36,213006,57,卖盘
1603,10:50:06,37.38,168145,45,买盘
1604,10:50:09,37.38,284072,76,买盘
1605,10:50:12,37.38,590509,158,买盘
1606,10:50:15,37.38,426103,114,买盘
1607,10:50:18,37.38,358848,96,卖盘
1608,10:50:21,37.38,89714,24,卖盘
1609,10:50:24,37.38,336437,90,卖盘
1610,10:50:27,37.38,183194,49,卖盘
1611,10:50:30,37.39,213074,57,买盘
1612,10:50:33,37.38,500903,134,卖盘
1613,10:50:36,37.38,568126,152,买盘
1614,10:50:39,37.38,1570068,420,买盘
1615,10:50:42,37.38,1993137,533,卖盘
1616,10:50:45,37.4,684085,183,中性盘
1617,10:50:48,37.42,467573,125,买盘
1618,10:50:51,37.42,2327305,622,买盘
1619,10:50:54,37.43,1175185,314,买盘
1620,10:50:57,37.42,737187,197,卖盘
1621,10:51:00,37.44,205833,55,买盘
1622,10:51:03,37.42,366743,98,卖盘
1623,10:51:06,37.42,217085,58,卖盘
1624,10:51:09,37.43,37438,10,中性盘
1625,10:51:12,37.46,5194351,1387,买盘
1626,10:51:15,37.45,741532,198,卖盘
1627,10:51:18,37.48,700405,187,买盘
1628,10:51:21,37.48,228560,61,买盘
1629,10:51:24,37.48,1559164,416,买盘
1630,10:51:27,37.48,176156,47,卖盘
1631,10:51:30,37.48,172404,46,卖盘
1632,10:51:33,37.48,288612,77,中性盘
1633,10:51:36,37.47,202332,54,卖盘
1634,10:51:39,37.47,48711,13,买盘
1635,10:51:45,37.47,119900,32,买盘
1636,10:51:48,37.47,119891,32,买盘
1637,10:51:51,37.47,172360,46,买盘
1638,10:51:54,37.47,681941,182,买盘
1639,10:51:57,37.47,348516,93,买盘
1640,10:52:00,37.47,817018,218,卖盘
1641,10:52:03,37.48,232416,62,中性盘
1642,10:52:06,37.49,498613,133,买盘
1643,10:52:09,37.49,239931,64,买盘
1644,10:52:12,37.49,476122,127,买盘
1645,10:52:15,37.49,236150,63,买盘
1646,10:52:18,37.49,116211,31,买盘
1647,10:52:21,37.49,86219,23,买盘
1648,10:52:24,37.49,442288,118,买盘
1649,10:52:27,37.49,239916,64,买盘
1650,10:52:30,37.49,352401,94,买盘
1651,10:52:33,37.49,674775,180,买盘
1652,10:52:36,37.48,539816,144,卖盘
1653,10:52:39,37.49,494805,132,买盘
1654,10:52:42,37.48,524841,140,卖盘
1655,10:52:45,37.49,869743,232,买盘
1656,10:52:48,37.52,9382824,2502,买盘
1657,10:52:51,37.52,1887584,503,卖盘
1658,10:52:54,37.54,270252,72,买盘
1659,10:52:57,37.53,694318,185,卖盘
1660,10:53:00,37.54,968332,258,买盘
1661,10:53:03,37.54,818237,218,买盘
1662,10:53:06,37.54,330352,88,卖盘
1663,10:53:09,37.54,645722,172,卖盘
1664,10:53:12,37.54,901013,240,卖盘
1665,10:53:15,37.55,1779788,474,买盘
1666,10:53:18,37.54,1036158,276,卖盘
1667,10:53:21,37.55,525591,140,买盘
1668,10:53:24,37.55,1280147,341,买盘
1669,10:53:27,37.55,176463,47,买盘
1670,10:53:30,37.55,645842,172,买盘
1671,10:53:33,37.54,799727,213,卖盘
1672,10:53:36,37.55,998704,266,买盘
1673,10:53:39,37.55,311624,83,买盘
1674,10:53:42,37.54,304140,81,卖盘
1675,10:53:45,37.55,856099,228,买盘
1676,10:53:48,37.55,142665,38,买盘
1677,10:53:51,37.55,698424,186,买盘
1678,10:53:54,37.55,382995,102,买盘
1679,10:53:57,37.55,435584,116,卖盘
1680,10:54:00,37.55,142710,38,卖盘
1681,10:54:03,37.56,390605,104,买盘
1682,10:54:06,37.55,552076,147,卖盘
1683,10:54:09,37.55,206554,55,卖盘
1684,10:54:12,37.56,657194,175,买盘
1685,10:54:15,37.56,424366,113,买盘
1686,10:54:18,37.56,1964353,523,买盘
1687,10:54:21,37.56,615968,164,卖盘
1688,10:54:24,37.57,398150,106,买盘
1689,10:54:27,37.56,447066,119,卖盘
1690,10:54:30,37.57,195341,52,买盘
1691,10:54:33,37.57,210389,56,买盘
1692,10:54:36,37.57,195322,52,买盘
1693,10:54:39,37.57,2054586,547,买盘
1694,10:54:42,37.56,1675225,446,卖盘
1695,10:54:45,37.56,807596,215,买盘
1696,10:54:48,37.56,529547,141,买盘
1697,10:54:51,37.57,908951,242,买盘
1698,10:54:54,37.55,296652,79,卖盘
1699,10:54:57,37.54,307902,82,卖盘
1700,10:55:00,37.54,105125,28,卖盘
1701,10:55:03,37.54,484334,129,卖盘
1702,10:55:06,37.54,259051,69,卖盘
1703,10:55:09,37.54,210234,56,卖盘
1704,10:55:12,37.54,867190,231,卖盘
1705,10:55:15,37.54,228983,61,买盘
1706,10:55:18,37.53,319070,85,卖盘
1707,10:55:21,37.53,292734,78,卖盘
1708,10:55:24,37.53,303992,81,卖盘
1709,10:55:27,37.52,41279,11,卖盘
1710,10:55:30,37.52,11257,3,卖盘
1711,10:55:33,37.52,393960,105,卖盘
1712,10:55:36,37.52,315170,84,卖盘
1713,10:55:39,37.52,161336,43,卖盘
1714,10:55:42,37.52,551488,147,买盘
1715,10:55:45,37.51,243834,65,卖盘
1716,10:55:48,37.51,67520,18,卖盘
1717,10:55:51,37.51,116280,31,卖盘
1718,10:55:54,37.5,161266,43,卖盘
1719,10:55:57,37.51,637668,170,买盘
1720,10:56:00,37.52,776518,207,买盘
1721,10:56:03,37.55,6860631,1828,买盘
1722,10:56:06,37.54,980102,261,卖盘
1723,10:56:09,37.55,860091,229,卖盘
1724,10:56:12,37.56,356791,95,买盘
1725,10:56:15,37.56,90136,24,买盘
1726,10:56:18,37.55,247873,66,卖盘
1727,10:56:21,37.56,717421,191,买盘
1728,10:56:24,37.56,2001547,533,卖盘
1729,10:56:27,37.56,773784,206,买盘
1730,10:56:30,37.56,184046,49,买盘
1731,10:56:33,37.56,180307,48,卖盘
1732,10:56:36,37.55,210313,56,卖盘
1733,10:56:39,37.56,221598,59,买盘
1734,10:56:42,37.56,702339,187,买盘
1735,10:56:45,37.55,90122,24,中性盘
1736,10:56:48,37.56,672280,179,买盘
1737,10:56:51,37.54,172721,46,卖盘
1738,10:56:54,37.54,536990,143,卖盘
1739,10:56:57,37.55,202780,54,中性盘
1740,10:57:00,37.56,465719,124,买盘
1741,10:57:03,37.56,131438,35,卖盘
1742,10:57:06,37.55,311721,83,卖盘
1743,10:57:09,37.56,78872,21,买盘
1744,10:57:12,37.55,319251,85,卖盘
1745,10:57:15,37.56,60096,16,买盘
1746,10:57:18,37.55,334220,89,卖盘
1747,10:57:21,37.55,307911,82,卖盘
1748,10:57:24,37.55,131427,35,卖盘
1749,10:57:27,37.55,120160,32,买盘
1750,10:57:30,37.55,90120,24,买盘
1751,10:57:33,37.55,735971,196,买盘
1752,10:57:36,37.55,322925,86,买盘
1753,10:57:39,37.54,386711,103,卖盘
1754,10:57:42,37.54,26280,7,卖盘
1755,10:57:45,37.54,326667,87,卖盘
1756,10:57:48,37.54,153916,41,卖盘
1757,10:57:51,37.55,337900,90,买盘
1758,10:57:54,37.54,232753,62,卖盘
1759,10:57:57,37.55,123912,33,买盘
1760,10:58:00,37.55,142662,38,买盘
1761,10:58:03,37.55,236515,63,买盘
1762,10:58:06,37.55,251493,67,买盘
1763,10:58:09,37.55,37548,10,买盘
1764,10:58:12,37.54,135162,36,中性盘
1765,10:58:15,37.55,600735,160,买盘
1766,10:58:18,37.55,108880,29,买盘
1767,10:58:21,37.54,2553751,680,卖盘
1768,10:58:24,37.56,127674,34,中性盘
1769,10:58:27,37.55,191526,51,卖盘
1770,10:58:30,37.55,341717,91,卖盘
1771,10:58:33,37.55,518198,138,卖盘
1772,10:58:36,37.56,600813,160,买盘
1773,10:58:39,37.56,721150,192,买盘
1774,10:58:42,37.57,146488,39,买盘
1775,10:58:45,37.56,289189,77,卖盘
1776,10:58:48,37.55,101398,27,卖盘
1777,10:58:51,37.56,446935,119,买盘
1778,10:58:54,37.55,240334,64,卖盘
1779,10:58:57,37.55,405588,108,卖盘
1780,10:59:00,37.55,195261,52,买盘
1781,10:59:03,37.54,60073,16,卖盘
1782,10:59:06,37.56,484396,129,买盘
1783,10:59:09,37.57,3184258,848,买盘
1784,10:59:12,37.57,108934,29,买盘
1785,10:59:15,37.56,300451,80,中性盘
1786,10:59:18,37.55,195305,52,卖盘
1787,10:59:21,37.57,56352,15,买盘
1788,10:59:24,37.55,285477,76,卖盘
1789,10:59:27,37.57,1292351,344,买盘
1790,10:59:30,37.57,296777,79,买盘
1791,10:59:33,37.56,300473,80,卖盘
1792,10:59:36,37.57,255433,68,买盘
1793,10:59:39,37.57,612387,163,买盘
1794,10:59:42,37.57,308022,82,买盘
1795,10:59:45,37.58,5828003,1551,买盘
1796,10:59:48,37.59,1713773,456,买盘
1797,10:59:51,37.59,864554,230,买盘
1798,10:59:54,37.59,1841807,490,买盘
1799,10:59:57,37.59,1424484,379,买盘
1800,11:00:00,37.59,1330682,354,买盘
1801,11:00:03,37.59,372115,99,买盘
1802,11:00:06,37.6,1755441,467,买盘
1803,11:00:09,37.6,184237,49,买盘
1804,11:00:12,37.59,375975,100,卖盘
1805,11:00:15,37.6,5316649,1414,买盘
1806,11:00:18,37.6,654222,174,卖盘
1807,11:00:21,37.59,312062,83,卖盘
1808,11:00:24,37.59,263226,70,卖盘
1809,11:00:27,37.6,71440,19,中性盘
1810,11:00:30,37.61,60163,16,买盘
1811,11:00:33,37.61,15044,4,买盘
1812,11:00:36,37.6,627948,167,卖盘
1813,11:00:39,37.61,255747,68,买盘
1814,11:00:42,37.61,1192214,317,买盘
1815,11:00:45,37.61,255748,68,卖盘
1816,11:00:48,37.58,6850322,1822,卖盘
1817,11:00:51,37.59,894404,238,买盘
1818,11:00:54,37.6,943538,251,买盘
1819,11:00:57,37.6,52629,14,买盘
1820,11:01:00,37.59,184203,49,卖盘
1821,11:01:03,37.59,124034,33,买盘
1822,11:01:06,37.6,669227,178,买盘
1823,11:01:09,37.59,116540,31,卖盘
1824,11:01:12,37.59,146601,39,卖盘
1825,11:01:15,37.59,120318,32,卖盘
1826,11:01:18,37.59,1958979,521,卖盘
1827,11:01:21,37.59,1172635,312,卖盘
1828,11:01:24,37.58,676539,180,卖盘
1829,11:01:27,37.58,67655,18,卖盘
1830,11:01:30,37.58,60128,16,卖盘
1831,11:01:33,37.58,356993,95,买盘
1832,11:01:36,37.57,405778,108,卖盘
1833,11:01:39,37.57,285562,76,买盘
1834,11:01:42,37.57,45084,12,买盘
1835,11:01:45,37.56,277980,74,卖盘
1836,11:01:48,37.57,308096,82,买盘
1837,11:01:51,37.57,78880,21,买盘
1838,11:01:54,37.56,323077,86,卖盘
1839,11:01:57,37.56,176540,47,卖盘
1840,11:02:00,37.56,131460,35,卖盘
1841,11:02:03,37.56,150234,40,买盘
1842,11:02:06,37.56,991599,264,买盘
1843,11:02:09,37.56,390633,104,卖盘
1844,11:02:12,37.56,165264,44,卖盘
1845,11:02:15,37.56,262920,70,卖盘
1846,11:02:18,37.55,150236,40,卖盘
1847,11:02:21,37.55,112673,30,卖盘
1848,11:02:24,37.55,563300,150,卖盘
1849,11:02:27,37.56,127680,34,买盘
1850,11:02:30,37.56,1562495,416,买盘
1851,11:02:33,37.56,202805,54,买盘
1852,11:02:36,37.56,289149,77,买盘
1853,11:02:39,37.56,916270,244,买盘
1854,11:02:42,37.55,108896,29,卖盘
1855,11:02:45,37.55,330435,88,卖盘
1856,11:02:48,37.55,420451,112,买盘
1857,11:02:51,37.54,371606,99,卖盘
1858,11:02:54,37.54,138866,37,买盘
1859,11:02:57,37.53,191408,51,卖盘
1860,11:03:00,37.53,206395,55,买盘
1861,11:03:03,37.52,735401,196,卖盘
1862,11:03:06,37.51,198815,53,卖盘
1863,11:03:09,37.52,71275,19,买盘
1864,11:03:12,37.51,165044,44,卖盘
1865,11:03:15,37.52,168799,45,买盘
1866,11:03:18,37.51,626426,167,卖盘
1867,11:03:21,37.51,60018,16,卖盘
1868,11:03:24,37.5,146261,39,卖盘
1869,11:03:27,37.5,270019,72,卖盘
1870,11:03:30,37.5,187515,50,卖盘
1871,11:03:33,37.5,720011,192,卖盘
1872,11:03:36,37.5,1185012,316,卖盘
1873,11:03:39,37.5,266250,71,卖盘
1874,11:03:42,37.51,345004,92,买盘
1875,11:03:45,37.5,120025,32,卖盘
1876,11:03:48,37.5,427505,114,卖盘
1877,11:03:51,37.5,60007,16,卖盘
1878,11:03:54,37.51,240039,64,买盘
1879,11:03:57,37.51,93754,25,买盘
1880,11:04:00,37.51,120004,32,买盘
1881,11:04:03,37.51,1181265,315,买盘
1882,11:04:06,37.5,480074,128,卖盘
1883,11:04:09,37.5,2017553,538,卖盘
1884,11:04:12,37.51,206259,55,买盘
1885,11:04:15,37.5,187502,50,卖盘
1886,11:04:18,37.5,401250,107,卖盘
1887,11:04:21,37.5,157515,42,卖盘
1888,11:04:24,37.5,112502,30,卖盘
1889,11:04:27,37.5,187500,50,卖盘
1890,11:04:30,37.5,142501,38,卖盘
1891,11:04:33,37.51,202503,54,买盘
1892,11:04:36,37.51,195013,52,买盘
1893,11:04:39,37.51,255012,68,买盘
1894,11:04:42,37.51,345005,92,买盘
1895,11:04:45,37.51,255001,68,买盘
1896,11:04:48,37.49,284958,76,卖盘
1897,11:04:51,37.49,513715,137,卖盘
1898,11:04:54,37.49,449886,120,卖盘
1899,11:04:57,37.5,127478,34,买盘
1900,11:05:00,37.48,307337,82,卖盘
1901,11:05:03,37.48,344836,92,卖盘
1902,11:05:06,37.47,622139,166,卖盘
1903,11:05:09,37.47,112428,30,卖盘
1904,11:05:12,37.48,104921,28,买盘
1905,11:05:15,37.47,239808,64,卖盘
1906,11:05:18,37.47,59952,16,卖盘
1907,11:05:21,37.47,183619,49,卖盘
1908,11:05:24,37.48,101182,27,买盘
1909,11:05:27,37.48,996988,266,买盘
1910,11:05:30,37.48,146178,39,卖盘
1911,11:05:33,37.49,153678,41,买盘
1912,11:05:36,37.49,172437,46,买盘
1913,11:05:39,37.49,543468,145,买盘
1914,11:05:42,37.49,731040,195,买盘
1915,11:05:45,37.5,382423,102,买盘
1916,11:05:48,37.5,5497510,1466,买盘
1917,11:05:51,37.51,438817,117,买盘
1918,11:05:54,37.5,318758,85,卖盘
1919,11:05:57,37.51,180043,48,买盘
1920,11:06:00,37.51,191270,51,买盘
1921,11:06:03,37.51,187530,50,买盘
1922,11:06:06,37.51,521266,139,买盘
1923,11:06:09,37.49,382463,102,卖盘
1924,11:06:12,37.51,1016265,271,买盘
1925,11:06:15,37.5,135005,36,中性盘
1926,11:06:18,37.5,86251,23,卖盘
1927,11:06:21,37.5,367531,98,卖盘
1928,11:06:24,37.51,26251,7,买盘
1929,11:06:27,37.5,112503,30,卖盘
1930,11:06:30,37.5,82500,22,卖盘
1931,11:06:33,37.5,146250,39,买盘
1932,11:06:36,37.49,333666,89,卖盘
1933,11:06:39,37.5,303722,81,买盘
1934,11:06:42,37.5,104999,28,买盘
1935,11:06:45,37.49,131229,35,卖盘
1936,11:06:48,37.49,97477,26,卖盘
1937,11:06:51,37.5,146245,39,买盘
1938,11:06:54,37.5,172494,46,买盘
1939,11:06:57,37.5,611244,163,买盘
1940,11:07:00,37.49,356204,95,卖盘
1941,11:07:03,37.49,86227,23,卖盘
1942,11:07:06,37.5,157498,42,买盘
1943,11:07:09,37.5,104988,28,买盘
1944,11:07:12,37.49,892488,238,卖盘
1945,11:07:15,37.5,540000,144,买盘
1946,11:07:18,37.5,161250,43,卖盘
1947,11:07:21,37.5,225000,60,卖盘
1948,11:07:24,37.47,2739930,731,卖盘
1949,11:07:27,37.46,1554864,415,卖盘
1950,11:07:30,37.45,273447,73,卖盘
1951,11:07:33,37.45,314587,84,卖盘
1952,11:07:36,37.45,329560,88,卖盘
1953,11:07:39,37.45,59921,16,卖盘
1954,11:07:42,37.45,157261,42,买盘
1955,11:07:45,37.45,127328,34,卖盘
1956,11:07:48,37.44,11232,3,卖盘
1957,11:07:51,37.44,160986,43,卖盘
1958,11:07:54,37.44,220934,59,卖盘
1959,11:07:57,37.44,146040,39,卖盘
1960,11:08:00,37.45,430498,115,买盘
1961,11:08:03,37.44,48675,13,中性盘
1962,11:08:06,37.44,112306,30,买盘
1963,11:08:09,37.43,194658,52,卖盘
1964,11:08:12,37.44,602654,161,买盘
1965,11:08:15,37.42,71100,19,卖盘
1966,11:08:18,37.43,426702,114,买盘
1967,11:08:21,37.44,404245,108,买盘
1968,11:08:24,37.43,29944,8,卖盘
1969,11:08:27,37.44,385590,103,买盘
1970,11:08:30,37.43,494162,132,卖盘
1971,11:08:33,37.44,7488,2,卖盘
1972,11:08:36,37.43,89847,24,卖盘
1973,11:08:39,37.43,89832,24,卖盘
1974,11:08:42,37.43,475362,127,卖盘
1975,11:08:45,37.43,801352,214,买盘
1976,11:08:48,37.45,134760,36,买盘
1977,11:08:51,37.44,14975,4,卖盘
1978,11:08:54,37.45,486651,130,买盘
1979,11:08:57,37.45,153480,41,买盘
1980,11:09:00,37.43,850390,227,卖盘
1981,11:09:03,37.44,307008,82,买盘
1982,11:09:06,37.44,247091,66,买盘
1983,11:09:09,37.44,131020,35,买盘
1984,11:09:12,37.44,340642,91,买盘
1985,11:09:15,37.43,273251,73,卖盘
1986,11:09:18,37.42,164721,44,卖盘
1987,11:09:21,37.44,423021,113,买盘
1988,11:09:24,37.43,153476,41,卖盘
1989,11:09:27,37.42,104797,28,卖盘
1990,11:09:30,37.43,112290,30,买盘
1991,11:09:33,37.42,1253624,335,卖盘
1992,11:09:36,37.42,606097,162,买盘
1993,11:09:39,37.42,149680,40,买盘
1994,11:09:42,37.41,153419,41,卖盘
1995,11:09:45,37.41,295553,79,卖盘
1996,11:09:48,37.41,22446,6,卖盘
1997,11:09:51,37.42,44903,12,买盘
1998,11:09:54,37.42,254433,68,买盘
1999,11:09:57,37.42,44904,12,买盘
2000,11:10:00,37.42,104757,28,买盘
2001,11:10:03,37.41,407777,109,卖盘
2002,11:10:06,37.42,389140,104,买盘
2003,11:10:09,37.41,265614,71,卖盘
2004,11:10:12,37.42,568672,152,买盘
2005,11:10:15,37.41,149641,40,卖盘
2006,11:10:18,37.42,288072,77,买盘
2007,11:10:21,37.41,336708,90,卖盘
2008,11:10:24,37.42,254429,68,买盘
2009,11:10:27,37.42,217001,58,买盘
2010,11:10:30,37.42,336740,90,买盘
2011,11:10:33,37.42,250678,67,买盘
2012,11:10:36,37.42,1047714,280,买盘
2013,11:10:39,37.42,29937,8,卖盘
2014,11:10:42,37.42,318070,85,卖盘
2015,11:10:45,37.42,97292,26,卖盘
2016,11:10:48,37.43,86082,23,买盘
2017,11:10:51,37.44,89829,24,买盘
2018,11:10:54,37.43,14975,4,卖盘
2019,11:10:57,37.44,86108,23,买盘
2020,11:11:00,37.43,262052,70,卖盘
2021,11:11:03,37.43,318235,85,卖盘
2022,11:11:06,37.43,63646,17,卖盘
2023,11:11:09,37.43,419246,112,卖盘
2024,11:11:12,37.44,628881,168,买盘
2025,11:11:15,37.45,56162,15,买盘
2026,11:11:18,37.43,295735,79,卖盘
2027,11:11:21,37.44,164727,44,买盘
2028,11:11:24,37.44,910155,243,买盘
2029,11:11:27,37.43,745053,199,卖盘
2030,11:11:30,37.44,116064,31,中性盘
2031,11:11:33,37.44,89856,24,买盘
2032,11:11:36,37.44,172205,46,买盘
2033,11:11:39,37.44,262050,70,买盘
2034,11:11:42,37.44,37440,10,卖盘
2035,11:11:45,37.44,134785,36,中性盘
2036,11:11:48,37.43,321909,86,卖盘
2037,11:11:51,37.44,647559,173,买盘
2038,11:11:54,37.43,142263,38,卖盘
2039,11:11:57,37.43,86091,23,卖盘
2040,11:12:00,37.43,254533,68,卖盘
2041,11:12:03,37.43,89839,24,卖盘
2042,11:12:06,37.43,205868,55,卖盘
2043,11:12:09,37.44,26205,7,买盘
2044,11:12:12,37.43,670020,179,卖盘
2045,11:12:15,37.43,138517,37,卖盘
2046,11:12:18,37.44,355671,95,买盘
2047,11:12:21,37.43,71129,19,卖盘
2048,11:12:24,37.43,276995,74,卖盘
2049,11:12:27,37.44,59892,16,买盘
2050,11:12:30,37.43,131024,35,卖盘
2051,11:12:33,37.43,3743,1,卖盘
2052,11:12:36,37.43,348099,93,卖盘
2053,11:12:39,37.43,557871,149,买盘
2054,11:12:42,37.42,153445,41,卖盘
2055,11:12:45,37.42,344381,92,卖盘
2056,11:12:48,37.42,71098,19,卖盘
2057,11:12:51,37.43,774603,207,买盘
2058,11:12:54,37.43,684857,183,买盘
2059,11:12:57,37.43,160922,43,买盘
2060,11:13:00,37.42,628752,168,卖盘
2061,11:13:03,37.41,1605088,429,卖盘
2062,11:13:06,37.41,172106,46,卖盘
2063,11:13:09,37.41,153393,41,卖盘
2064,11:13:12,37.42,505045,135,买盘
2065,11:13:15,37.42,1156523,309,买盘
2066,11:13:18,37.42,127234,34,买盘
2067,11:13:21,37.42,224520,60,买盘
2068,11:13:24,37.43,71117,19,买盘
2069,11:13:27,37.41,333018,89,卖盘
2070,11:13:30,37.43,340437,91,中性盘
2071,11:13:33,37.42,59863,16,中性盘
2072,11:13:36,37.42,194578,52,卖盘
2073,11:13:39,37.42,18710,5,卖盘
2074,11:13:42,37.43,205836,55,买盘
2075,11:13:45,37.42,160910,43,卖盘
2076,11:13:48,37.42,134712,36,卖盘
2077,11:13:51,37.42,419005,112,买盘
2078,11:13:54,37.42,172145,46,买盘
2079,11:13:57,37.42,22448,6,买盘
2080,11:14:00,37.42,355499,95,买盘
2081,11:14:03,37.44,531536,142,买盘
2082,11:14:06,37.43,452812,121,卖盘
2083,11:14:09,37.43,89832,24,买盘
2084,11:14:12,37.42,363018,97,卖盘
2085,11:14:15,37.43,168393,45,中性盘
2086,11:14:18,37.43,82353,22,卖盘
2087,11:14:21,37.42,258214,69,卖盘
2088,11:14:24,37.43,14971,4,买盘
2089,11:14:27,37.43,239524,64,买盘
2090,11:14:30,37.42,987921,264,卖盘
2091,11:14:33,37.43,52401,14,买盘
2092,11:14:36,37.43,553949,148,买盘
2093,11:14:39,37.43,565183,151,买盘
2094,11:14:42,37.45,306865,82,买盘
2095,11:14:45,37.42,217061,58,卖盘
2096,11:14:48,37.42,325601,87,买盘
2097,11:14:51,37.42,160898,43,买盘
2098,11:14:54,37.43,299309,80,买盘
2099,11:14:57,37.42,628584,168,中性盘
2100,11:15:00,37.41,419094,112,卖盘
2101,11:15:03,37.42,190835,51,买盘
2102,11:15:06,37.42,153407,41,买盘
2103,11:15:09,37.41,580019,155,卖盘
2104,11:15:12,37.41,572441,153,卖盘
2105,11:15:15,37.42,48646,13,买盘
2106,11:15:18,37.42,160883,43,卖盘
2107,11:15:21,37.42,82317,22,买盘
2108,11:15:24,37.42,108517,29,买盘
2109,11:15:27,37.42,78591,21,卖盘
2110,11:15:30,37.42,97296,26,卖盘
2111,11:15:33,37.43,217080,58,买盘
2112,11:15:36,37.42,160914,43,卖盘
2113,11:15:39,37.43,422858,113,买盘
2114,11:15:42,37.43,59884,16,买盘
2115,11:15:45,37.43,1006906,269,买盘
2116,11:15:48,37.45,93609,25,买盘
2117,11:15:51,37.45,33701,9,买盘
2118,11:15:54,37.45,471670,126,买盘
2119,11:15:57,37.45,153508,41,买盘
2120,11:16:00,37.45,123585,33,买盘
2121,11:16:03,37.45,52430,14,卖盘
2122,11:16:06,37.45,220955,59,卖盘
2123,11:16:09,37.45,48685,13,卖盘
2124,11:16:12,37.44,1295595,346,卖盘
2125,11:16:15,37.45,190989,51,买盘
2126,11:16:18,37.45,86135,23,买盘
2127,11:16:21,37.45,569335,152,买盘
2128,11:16:24,37.45,78650,21,卖盘
2129,11:16:27,37.45,104860,28,卖盘
2130,11:16:30,37.46,44943,12,买盘
2131,11:16:33,37.45,370764,99,卖盘
2132,11:16:36,37.46,1007578,269,买盘
2133,11:16:39,37.45,213476,57,卖盘
2134,11:16:42,37.45,224757,60,买盘
2135,11:16:45,37.46,22471,6,买盘
2136,11:16:48,37.46,14984,4,买盘
2137,11:16:51,37.46,78671,21,买盘
2138,11:16:54,37.47,696655,186,买盘
2139,11:16:57,37.48,344762,92,买盘
2140,11:17:00,37.47,63699,17,中性盘
2141,11:17:03,37.48,41221,11,买盘
2142,11:17:06,37.47,269823,72,卖盘
2143,11:17:09,37.48,101194,27,买盘
2144,11:17:12,37.48,217372,58,卖盘
2145,11:17:15,37.48,490887,131,买盘
2146,11:17:18,37.49,254924,68,买盘
2147,11:17:21,37.49,56234,15,买盘
2148,11:17:24,37.49,41239,11,买盘
2149,11:17:27,37.49,506107,135,买盘
2150,11:17:30,37.48,629819,168,卖盘
2151,11:17:33,37.49,89972,24,买盘
2152,11:17:36,37.48,198674,53,卖盘
2153,11:17:39,37.49,472356,126,买盘
2154,11:17:42,37.49,74980,20,买盘
2155,11:17:45,37.49,1079819,288,买盘
2156,11:17:48,37.5,104988,28,买盘
2157,11:17:51,37.5,33744,9,买盘
2158,11:17:54,37.5,78743,21,买盘
2159,11:17:57,37.5,37492,10,买盘
2160,11:18:00,37.5,127490,34,买盘
2161,11:18:03,37.5,37500,10,买盘
2162,11:18:06,37.5,138750,37,买盘
2163,11:18:09,37.5,914767,244,买盘
2164,11:18:12,37.49,191205,51,卖盘
2165,11:18:15,37.49,1368665,365,买盘
2166,11:18:18,37.5,119971,32,买盘
2167,11:18:21,37.49,303742,81,卖盘
2168,11:18:24,37.49,329912,88,买盘
2169,11:18:27,37.49,164965,44,买盘
2170,11:18:30,37.49,89978,24,卖盘
2171,11:18:33,37.49,476041,127,卖盘
2172,11:18:36,37.49,161225,43,卖盘
2173,11:18:39,37.49,104993,28,卖盘
2174,11:18:42,37.49,179987,48,卖盘
2175,11:18:45,37.5,1121231,299,买盘
2176,11:18:48,37.51,877702,234,买盘
2177,11:18:51,37.51,588909,157,卖盘
2178,11:18:54,37.52,18759,5,买盘
2179,11:18:57,37.52,78773,21,买盘
2180,11:19:00,37.51,210056,56,卖盘
2181,11:19:03,37.5,735136,196,卖盘
2182,11:19:06,37.49,416230,111,卖盘
2183,11:19:09,37.51,434939,116,买盘
2184,11:19:12,37.49,29993,8,卖盘
2185,11:19:15,37.52,1065117,284,买盘
2186,11:19:18,37.51,22503,6,买盘
2187,11:19:21,37.5,75016,20,卖盘
2188,11:19:24,37.51,397606,106,买盘
2189,11:19:27,37.5,892619,238,卖盘
2190,11:19:30,37.51,341240,91,中性盘
2191,11:19:33,37.5,359951,96,卖盘
2192,11:19:36,37.51,112510,30,买盘
2193,11:19:39,37.49,641057,171,卖盘
2194,11:19:42,37.5,1166608,311,买盘
2195,11:19:45,37.5,157426,42,买盘
2196,11:19:48,37.49,26243,7,卖盘
2197,11:19:51,37.51,1027672,274,买盘
2198,11:19:54,37.5,273810,73,卖盘
2199,11:19:57,37.49,176235,47,卖盘
2200,11:20:00,37.49,149970,40,卖盘
2201,11:20:03,37.48,404868,108,卖盘
2202,11:20:06,37.49,779777,208,买盘
2203,11:20:09,37.49,802073,214,中性盘
2204,11:20:12,37.48,565871,151,卖盘
2205,11:20:15,37.46,453306,121,卖盘
2206,11:20:18,37.47,198559,53,中性盘
2207,11:20:21,37.5,520950,139,买盘
2208,11:20:24,37.47,82434,22,卖盘
2209,11:20:27,37.47,176082,47,卖盘
2210,11:20:30,37.47,198596,53,卖盘
2211,11:20:33,37.47,318476,85,买盘
2212,11:20:36,37.47,374676,100,买盘
2213,11:20:39,37.47,325983,87,买盘
2214,11:20:42,37.47,415871,111,买盘
2215,11:20:45,37.46,618117,165,卖盘
2216,11:20:48,37.47,659405,176,买盘
2217,11:20:51,37.46,108661,29,卖盘
2218,11:20:54,37.47,389589,104,中性盘
2219,11:20:57,37.48,610695,163,买盘
2220,11:21:00,37.46,273472,73,卖盘
2221,11:21:03,37.46,142356,38,卖盘
2222,11:21:06,37.46,760484,203,卖盘
2223,11:21:09,37.46,505712,135,卖盘
2224,11:21:12,37.46,490729,131,卖盘
2225,11:21:15,37.45,389502,104,卖盘
2226,11:21:18,37.46,265939,71,买盘
2227,11:21:21,37.46,329608,88,买盘
2228,11:21:24,37.46,112379,30,买盘
2229,11:21:27,37.45,153547,41,卖盘
2230,11:21:30,37.45,59930,16,卖盘
2231,11:21:33,37.46,928990,248,买盘
2232,11:21:36,37.46,153558,41,买盘
2233,11:21:39,37.45,1344689,359,卖盘
2234,11:21:42,37.45,187270,50,卖盘
2235,11:21:45,37.46,441930,118,买盘
2236,11:21:48,37.46,183528,49,买盘
2237,11:21:51,37.46,206023,55,买盘
2238,11:21:54,37.46,318388,85,买盘
2239,11:21:57,37.45,82405,22,卖盘
2240,11:22:00,37.47,1187508,317,买盘
2241,11:22:03,37.46,221054,59,卖盘
2242,11:22:06,37.46,71178,19,卖盘
2243,11:22:09,37.47,26229,7,买盘
2244,11:22:12,37.46,708096,189,卖盘
2245,11:22:15,37.47,93675,25,买盘
2246,11:22:18,37.46,618094,165,卖盘
2247,11:22:21,37.46,142365,38,卖盘
2248,11:22:24,37.46,239842,64,卖盘
2249,11:22:27,37.47,26229,7,中性盘
2250,11:22:30,37.46,445867,119,卖盘
2251,11:22:33,37.47,67451,18,卖盘
2252,11:22:36,37.47,101162,27,卖盘
2253,11:22:39,37.47,303507,81,买盘
2254,11:22:42,37.46,232299,62,卖盘
2255,11:22:45,37.47,314737,84,买盘
2256,11:22:48,37.47,67446,18,卖盘
2257,11:22:51,37.48,104922,28,买盘
2258,11:22:54,37.47,93680,25,卖盘
2259,11:22:57,37.47,26232,7,卖盘
2260,11:23:00,37.47,44964,12,卖盘
2261,11:23:03,37.47,1704886,455,卖盘
2262,11:23:06,37.47,1023073,273,买盘
2263,11:23:09,37.47,108666,29,买盘
2264,11:23:12,37.46,494493,132,卖盘
2265,11:23:15,37.47,161087,43,买盘
2266,11:23:18,37.46,4614630,1232,卖盘
2267,11:23:21,37.45,352064,94,卖盘
2268,11:23:24,37.46,157326,42,买盘
2269,11:23:27,37.47,625749,167,买盘
2270,11:23:30,37.47,179856,48,卖盘
2271,11:23:36,37.47,123655,33,卖盘
2272,11:23:39,37.48,194883,52,买盘
2273,11:23:42,37.48,4215391,1125,卖盘
2274,11:23:45,37.48,670880,179,买盘
2275,11:23:48,37.48,771901,206,买盘
2276,11:23:51,37.48,104933,28,买盘
2277,11:23:54,37.47,112428,30,卖盘
2278,11:23:57,37.47,243560,65,卖盘
2279,11:24:00,37.48,206138,55,买盘
2280,11:24:03,37.48,303541,81,卖盘
2281,11:24:06,37.48,48725,13,买盘
2282,11:24:09,37.48,86198,23,买盘
2283,11:24:12,37.49,389736,104,买盘
2284,11:24:15,37.47,464705,124,卖盘
2285,11:24:18,37.48,14990,4,中性盘
2286,11:24:21,37.47,146158,39,卖盘
2287,11:24:24,37.49,52480,14,买盘
2288,11:24:27,37.47,119929,32,卖盘
2289,11:24:30,37.47,337387,90,卖盘
2290,11:24:33,37.47,97436,26,卖盘
2291,11:24:36,37.47,123668,33,卖盘
2292,11:24:39,37.47,123677,33,卖盘
2293,11:24:42,37.48,101200,27,中性盘
2294,11:24:45,37.48,221110,59,买盘
2295,11:24:48,37.48,401099,107,买盘
2296,11:24:51,37.48,29983,8,中性盘
2297,11:24:54,37.48,243633,65,卖盘
2298,11:24:57,37.48,29984,8,卖盘
2299,11:25:00,37.48,18741,5,卖盘
2300,11:25:03,37.48,123686,33,卖盘
2301,11:25:06,37.48,29985,8,卖盘
2302,11:25:09,37.48,56222,15,卖盘
2303,11:25:12,37.48,1060684,283,卖盘
2304,11:25:15,37.47,18736,5,卖盘
2305,11:25:18,37.48,262359,70,买盘
2306,11:25:21,37.48,472244,126,买盘
2307,11:25:24,37.47,67448,18,卖盘
2308,11:25:27,37.48,108671,29,买盘
2309,11:25:30,37.48,112425,30,买盘
2310,11:25:33,37.48,78707,21,买盘
2311,11:25:36,37.48,82447,22,买盘
2312,11:25:39,37.48,71211,19,卖盘
2313,11:25:42,37.49,209907,56,买盘
2314,11:25:45,37.48,86205,23,卖盘
2315,11:25:48,37.49,217418,58,买盘
2316,11:25:51,37.49,123694,33,买盘
2317,11:25:54,37.48,67467,18,卖盘
2318,11:25:57,37.47,599765,160,卖盘
2319,11:26:00,37.47,52460,14,卖盘
2320,11:26:03,37.48,104952,28,卖盘
2321,11:26:06,37.48,363586,97,卖盘
2322,11:26:09,37.49,29985,8,买盘
2323,11:26:12,37.48,974331,260,卖盘
2324,11:26:15,37.48,303652,81,买盘
2325,11:26:18,37.48,191193,51,卖盘
2326,11:26:21,37.49,599819,160,买盘
2327,11:26:24,37.5,44987,12,买盘
2328,11:26:27,37.5,48749,13,买盘
2329,11:26:30,37.48,14996,4,卖盘
2330,11:26:33,37.48,78744,21,卖盘
2331,11:26:36,37.5,74972,20,买盘
2332,11:26:39,37.49,281234,75,中性盘
2333,11:26:42,37.49,209977,56,买盘
2334,11:26:45,37.49,86227,23,卖盘
2335,11:26:48,37.48,802073,214,卖盘
2336,11:26:51,37.49,164952,44,买盘
2337,11:26:54,37.49,37490,10,买盘
2338,11:26:57,37.47,520984,139,卖盘
2339,11:27:00,37.48,48724,13,买盘
2340,11:27:03,37.47,112426,30,卖盘
2341,11:27:06,37.48,41228,11,买盘
2342,11:27:09,37.48,734868,196,卖盘
2343,11:27:12,37.48,213636,57,卖盘
2344,11:27:15,37.48,389803,104,买盘
2345,11:27:18,37.49,213696,57,买盘
2346,11:27:21,37.5,59992,16,买盘
2347,11:27:24,37.49,131239,35,卖盘
2348,11:27:27,37.49,149960,40,卖盘
2349,11:27:30,37.5,134977,36,买盘
2350,11:27:36,37.5,322488,86,买盘
2351,11:27:39,37.5,153750,41,买盘
2352,11:27:42,37.5,119992,32,买盘
2353,11:27:45,37.49,528744,141,卖盘
2354,11:27:48,37.5,172500,46,买盘
2355,11:27:51,37.5,281236,75,买盘
2356,11:27:54,37.49,112480,30,卖盘
2357,11:27:57,37.5,138729,37,买盘
2358,11:28:00,37.5,89979,24,买盘
2359,11:28:03,37.5,56248,15,买盘
2360,11:28:06,37.5,161246,43,买盘
2361,11:28:09,37.5,150009,40,卖盘
2362,11:28:12,37.5,461254,123,卖盘
2363,11:28:15,37.52,926566,247,买盘
2364,11:28:18,37.49,375120,100,卖盘
2365,11:28:21,37.51,63760,17,买盘
2366,11:28:24,37.52,604056,161,买盘
2367,11:28:27,37.52,288913,77,卖盘
2368,11:28:30,37.53,277659,74,买盘
2369,11:28:33,37.53,22518,6,买盘
2370,11:28:36,37.52,446548,119,卖盘
2371,11:28:39,37.53,52530,14,买盘
2372,11:28:42,37.52,540303,144,卖盘
2373,11:28:45,37.52,97552,26,买盘
2374,11:28:48,37.52,78792,21,买盘
2375,11:28:51,37.52,217608,58,买盘
2376,11:28:54,37.52,266391,71,买盘
2377,11:28:57,37.52,67535,18,买盘
2378,11:29:00,37.51,495263,132,卖盘
2379,11:29:03,37.51,116286,31,卖盘
2380,11:29:06,37.51,67518,18,卖盘
2381,11:29:09,37.51,247599,66,卖盘
2382,11:29:12,37.51,930240,248,卖盘
2383,11:29:15,37.51,281324,75,买盘
2384,11:29:18,37.5,142523,38,卖盘
2385,11:29:21,37.51,153777,41,买盘
2386,11:29:24,37.5,56261,15,卖盘
2387,11:29:27,37.5,37501,10,卖盘
2388,11:29:30,37.51,26256,7,买盘
2389,11:29:33,37.5,41254,11,卖盘
2390,11:29:36,37.5,127514,34,卖盘
2391,11:29:39,37.5,93759,25,卖盘
2392,11:29:42,37.51,270071,72,买盘
2393,11:29:45,37.5,18750,5,卖盘
2394,11:29:48,37.5,78757,21,卖盘
2395,11:29:51,37.5,82506,22,卖盘
2396,11:29:54,37.5,408851,109,卖盘
2397,11:29:57,37.51,56253,15,中性盘
2398,11:30:00,37.5,97519,26,卖盘
2399,13:00:00,37.51,4467081,1191,买盘
2400,13:00:03,37.51,6162811,1643,卖盘
2401,13:00:06,37.5,397524,106,卖盘
2402,13:00:09,37.51,168787,45,买盘
2403,13:00:12,37.51,108762,29,买盘
2404,13:00:15,37.51,566402,151,买盘
2405,13:00:18,37.51,337570,90,买盘
2406,13:00:21,37.5,1117558,298,卖盘
2407,13:00:24,37.5,206296,55,卖盘
2408,13:00:27,37.5,296251,79,卖盘
2409,13:00:30,37.5,266263,71,卖盘
2410,13:00:33,37.51,686398,183,买盘
2411,13:00:36,37.52,1084051,289,买盘
2412,13:00:39,37.51,371414,99,卖盘
2413,13:00:42,37.51,97535,26,卖盘
2414,13:00:45,37.51,146291,39,卖盘
2415,13:00:48,37.51,652787,174,卖盘
2416,13:00:51,37.52,412652,110,卖盘
2417,13:00:54,37.52,75054,20,卖盘
2418,13:00:57,37.52,180130,48,卖盘
2419,13:01:00,37.52,217648,58,卖盘
2420,13:01:03,37.53,439000,117,买盘
2421,13:01:06,37.56,5275098,1405,买盘
2422,13:01:09,37.55,398124,106,卖盘
2423,13:01:12,37.56,78876,21,买盘
2424,13:01:15,37.58,1262274,336,买盘
2425,13:01:18,37.57,1867204,497,中性盘
2426,13:01:21,37.59,2086264,555,买盘
2427,13:01:24,37.59,86471,23,卖盘
2428,13:01:27,37.59,477475,127,买盘
2429,13:01:30,37.59,428605,114,卖盘
2430,13:01:33,37.61,6414558,1706,买盘
2431,13:01:36,37.6,251962,67,卖盘
2432,13:01:39,37.6,319659,85,卖盘
2433,13:01:42,37.61,496449,132,买盘
2434,13:01:45,37.61,349794,93,买盘
2435,13:01:48,37.61,1801610,479,卖盘
2436,13:01:51,37.61,308418,82,卖盘
2437,13:01:54,37.62,158002,42,买盘
2438,13:01:57,37.62,1120823,298,买盘
2439,13:02:00,37.62,1207469,321,买盘
2440,13:02:03,37.62,1907246,507,买盘
2441,13:02:06,37.62,1109633,295,卖盘
2442,13:02:09,37.62,94062,25,卖盘
2443,13:02:12,37.62,647193,172,卖盘
2444,13:02:15,37.63,327360,87,买盘
2445,13:02:18,37.63,94064,25,买盘
2446,13:02:21,37.63,538109,143,买盘
2447,13:02:24,37.63,75254,20,买盘
2448,13:02:27,37.63,180613,48,买盘
2449,13:02:30,37.63,1192856,317,买盘
2450,13:02:33,37.62,5432225,1444,卖盘
2451,13:02:36,37.6,921477,245,卖盘
2452,13:02:39,37.57,999740,266,卖盘
2453,13:02:42,37.56,725319,193,卖盘
2454,13:02:45,37.57,623353,166,买盘
2455,13:02:48,37.57,244077,65,买盘
2456,13:02:51,37.55,258968,69,中性盘
2457,13:02:54,37.56,105154,28,买盘
2458,13:02:57,37.55,206511,55,卖盘
2459,13:03:00,37.55,225326,60,卖盘
2460,13:03:03,37.55,225292,60,卖盘
2461,13:03:06,37.55,379128,101,买盘
2462,13:03:09,37.55,90088,24,买盘
2463,13:03:12,37.53,135141,36,卖盘
2464,13:03:15,37.54,105112,28,买盘
2465,13:03:18,37.54,161421,43,买盘
2466,13:03:21,37.53,563021,150,卖盘
2467,13:03:24,37.53,90082,24,卖盘
2468,13:03:27,37.54,356580,95,买盘
2469,13:03:30,37.54,480388,128,买盘
2470,13:03:33,37.53,105108,28,卖盘
2471,13:03:36,37.53,183898,49,卖盘
2472,13:03:39,37.53,26275,7,卖盘
2473,13:03:42,37.53,829551,221,卖盘
2474,13:03:45,37.54,210187,56,买盘
2475,13:03:48,37.53,232724,62,卖盘
2476,13:03:51,37.53,300265,80,卖盘
2477,13:03:54,37.54,334094,89,买盘
2478,13:03:57,37.54,138875,37,买盘
2479,13:04:00,37.53,885924,236,卖盘
2480,13:04:03,37.53,285256,76,卖盘
2481,13:04:06,37.54,52556,14,卖盘
2482,13:04:09,37.56,2054229,547,买盘
2483,13:04:12,37.56,60098,16,卖盘
2484,13:04:15,37.58,3758,1,买盘
2485,13:04:18,37.58,105224,28,买盘
2486,13:04:21,37.58,555929,148,买盘
2487,13:04:24,37.58,413266,110,买盘
2488,13:04:27,37.57,293018,78,买盘
2489,13:04:30,37.57,1112197,296,买盘
2490,13:04:33,37.58,1672524,445,买盘
2491,13:04:36,37.56,563480,150,卖盘
2492,13:04:39,37.58,30063,8,买盘
2493,13:04:42,37.58,127767,34,买盘
2494,13:04:45,37.57,176601,47,卖盘
2495,13:04:48,37.57,394502,105,卖盘
2496,13:04:51,37.57,86411,23,买盘
2497,13:04:54,37.57,308074,82,买盘
2498,13:04:57,37.57,394480,105,买盘
2499,13:05:00,37.57,687742,183,买盘
2500,13:05:03,37.57,319303,85,卖盘
2501,13:05:06,37.57,315617,84,卖盘
2502,13:05:09,37.56,199096,53,卖盘
2503,13:05:12,37.57,341877,91,买盘
2504,13:05:15,37.57,82672,22,卖盘
2505,13:05:18,37.58,270552,72,买盘
2506,13:05:21,37.58,187898,50,买盘
2507,13:05:24,37.58,154116,41,卖盘
2508,13:05:27,37.59,1210404,322,中性盘
2509,13:05:30,37.6,1312133,349,买盘
2510,13:05:33,37.6,210559,56,买盘
2511,13:05:36,37.6,146639,39,卖盘
2512,13:05:39,37.6,135359,36,买盘
2513,13:05:42,37.6,345920,92,买盘
2514,13:05:45,37.6,323360,86,买盘
2515,13:05:48,37.6,612868,163,买盘
2516,13:05:51,37.6,2161483,575,买盘
2517,13:05:54,37.6,293273,78,买盘
2518,13:05:57,37.6,360989,96,卖盘
2519,13:06:00,37.61,218082,58,买盘
2520,13:06:03,37.6,673103,179,卖盘
2521,13:06:06,37.6,169201,45,卖盘
2522,13:06:09,37.6,564035,150,卖盘
2523,13:06:12,37.6,225643,60,卖盘
2524,13:06:15,37.61,549065,146,买盘
2525,13:06:18,37.62,101551,27,买盘
2526,13:06:21,37.61,120354,32,卖盘
2527,13:06:24,37.62,135406,36,买盘
2528,13:06:27,37.62,1324150,352,买盘
2529,13:06:30,37.62,161765,43,卖盘
2530,13:06:33,37.63,383730,102,买盘
2531,13:06:36,37.63,425214,113,买盘
2532,13:06:39,37.63,124167,33,买盘
2533,13:06:42,37.63,924010,246,买盘
2534,13:06:45,37.63,349966,93,卖盘
2535,13:06:48,37.64,97862,26,买盘
2536,13:06:51,37.64,319898,85,买盘
2537,13:06:54,37.64,214538,57,买盘
2538,13:06:57,37.64,191964,51,买盘
2539,13:07:00,37.63,233350,62,卖盘
2540,13:07:03,37.63,395139,105,卖盘
2541,13:07:06,37.63,617201,164,卖盘
2542,13:07:09,37.64,417757,111,买盘
2543,13:07:12,37.63,323654,86,卖盘
2544,13:07:15,37.64,180655,48,买盘
2545,13:07:18,37.63,1125226,299,卖盘
2546,13:07:21,37.64,1546995,411,买盘
2547,13:07:24,37.63,526907,140,卖盘
2548,13:07:27,37.64,1155537,307,买盘
2549,13:07:30,37.64,173128,46,卖盘
2550,13:07:33,37.64,124213,33,卖盘
2551,13:07:36,37.65,391499,104,买盘
2552,13:07:39,37.65,1671636,444,买盘
2553,13:07:42,37.65,508254,135,买盘
2554,13:07:45,37.65,327536,87,买盘
2555,13:07:48,37.65,2172397,577,买盘
2556,13:07:51,37.64,436699,116,卖盘
2557,13:07:54,37.65,350134,93,买盘
2558,13:07:57,37.65,907422,241,买盘
2559,13:08:00,37.66,1562568,415,买盘
2560,13:08:03,37.65,602462,160,卖盘
2561,13:08:06,37.66,252322,67,买盘
2562,13:08:09,37.67,1608327,427,买盘
2563,13:08:12,37.67,783699,208,卖盘
2564,13:08:15,37.67,94181,25,买盘
2565,13:08:18,37.67,395533,105,买盘
2566,13:08:21,37.67,546125,145,买盘
2567,13:08:24,37.66,591302,157,卖盘
2568,13:08:27,37.67,979187,260,买盘
2569,13:08:30,37.66,2075113,551,卖盘
2570,13:08:33,37.67,2584004,686,买盘
2571,13:08:36,37.67,1126249,299,卖盘
2572,13:08:39,37.67,388031,103,卖盘
2573,13:08:42,37.67,237338,63,卖盘
2574,13:08:45,37.67,437065,116,卖盘
2575,13:08:48,37.67,380487,101,卖盘
2576,13:08:51,37.67,410624,109,卖盘
2577,13:08:54,37.66,376721,100,卖盘
2578,13:08:57,37.67,233524,62,买盘
2579,13:09:00,37.66,372922,99,卖盘
2580,13:09:03,37.67,448180,119,买盘
2581,13:09:06,37.67,512249,136,买盘
2582,13:09:09,37.67,120522,32,买盘
2583,13:09:12,37.66,440690,117,卖盘
2584,13:09:15,37.66,572426,152,卖盘
2585,13:09:18,37.65,342644,91,卖盘
2586,13:09:21,37.65,771839,205,卖盘
2587,13:09:24,37.65,86588,23,卖盘
2588,13:09:27,37.65,801946,213,买盘
2589,13:09:30,37.64,421674,112,卖盘
2590,13:09:33,37.65,331253,88,买盘
2591,13:09:36,37.64,1852113,492,卖盘
2592,13:09:39,37.65,143038,38,买盘
2593,13:09:42,37.64,421587,112,卖盘
2594,13:09:45,37.64,67759,18,卖盘
2595,13:09:48,37.65,1325016,352,买盘
2596,13:09:51,37.65,1377693,366,买盘
2597,13:09:54,37.64,150571,40,中性盘
2598,13:09:57,37.64,229643,61,买盘
2599,13:10:00,37.63,191929,51,卖盘
2600,13:10:03,37.64,470390,125,买盘
2601,13:10:06,37.63,726244,193,卖盘
2602,13:10:09,37.62,323537,86,卖盘
2603,13:10:12,37.63,105350,28,买盘
2604,13:10:15,37.62,2036088,541,卖盘
2605,13:10:18,37.62,56442,15,卖盘
2606,13:10:21,37.62,538080,143,卖盘
2607,13:10:24,37.62,263376,70,卖盘
2608,13:10:27,37.62,63955,17,卖盘
2609,13:10:30,37.62,440197,117,卖盘
2610,13:10:33,37.62,489070,130,卖盘
2611,13:10:36,37.62,101580,27,卖盘
2612,13:10:39,37.62,402522,107,卖盘
2613,13:10:42,37.63,1444895,384,买盘
2614,13:10:45,37.63,222018,59,卖盘
2615,13:10:48,37.63,97838,26,卖盘
2616,13:10:51,37.64,545673,145,买盘
2617,13:10:54,37.63,274699,73,卖盘
2618,13:10:57,37.64,1912073,508,买盘
2619,13:11:00,37.66,2244079,596,买盘
2620,13:11:03,37.65,1837586,488,卖盘
2621,13:11:06,37.65,75300,20,卖盘
2622,13:11:09,37.66,421732,112,买盘
2623,13:11:12,37.65,466876,124,卖盘
2624,13:11:15,37.65,670182,178,卖盘
2625,13:11:18,37.64,1792134,476,卖盘
2626,13:11:21,37.65,105412,28,买盘
2627,13:11:24,37.64,327489,87,卖盘
2628,13:11:27,37.65,154340,41,买盘
2629,13:11:30,37.65,229612,61,买盘
2630,13:11:33,37.65,263496,70,买盘
2631,13:11:36,37.65,564747,150,买盘
2632,13:11:39,37.65,293670,78,卖盘
2633,13:11:42,37.66,244743,65,买盘
2634,13:11:45,37.65,399102,106,卖盘
2635,13:11:48,37.65,384030,102,买盘
2636,13:11:51,37.65,229657,61,买盘
2637,13:11:54,37.65,271064,72,买盘
2638,13:11:57,37.65,316223,84,买盘
2639,13:12:00,37.64,2812637,747,卖盘
2640,13:12:03,37.65,410336,109,卖盘
2641,13:12:06,37.65,105422,28,卖盘
2642,13:12:09,37.65,628746,167,卖盘
2643,13:12:12,37.65,444296,118,卖盘
2644,13:12:15,37.65,500753,133,卖盘
2645,13:12:18,37.65,94125,25,卖盘
2646,13:12:21,37.65,549701,146,卖盘
2647,13:12:24,37.65,561088,149,卖盘
2648,13:12:27,37.65,56475,15,卖盘
2649,13:12:30,37.65,64010,17,卖盘
2650,13:12:33,37.65,967643,257,卖盘
2651,13:12:36,37.65,139318,37,卖盘
2652,13:12:39,37.65,323810,86,卖盘
2653,13:12:42,37.65,37651,10,卖盘
2654,13:12:45,37.65,173221,46,卖盘
2655,13:12:48,37.66,293684,78,买盘
2656,13:12:51,37.65,67777,18,卖盘
2657,13:12:54,37.65,94134,25,卖盘
2658,13:12:57,37.65,335099,89,卖盘
2659,13:13:00,37.66,406669,108,买盘
2660,13:13:03,37.66,726662,193,买盘
2661,13:13:06,37.66,252238,67,买盘
2662,13:13:09,37.64,587341,156,卖盘
2663,13:13:12,37.66,621368,165,买盘
2664,13:13:15,37.66,335122,89,买盘
2665,13:13:18,37.65,918769,244,卖盘
2666,13:13:21,37.66,94138,25,买盘
2667,13:13:24,37.66,7532,2,买盘
2668,13:13:27,37.66,237205,63,买盘
2669,13:13:30,37.66,1201344,319,买盘
2670,13:13:33,37.66,444454,118,卖盘
2671,13:13:36,37.66,915280,243,卖盘
2672,13:13:39,37.67,323900,86,买盘
2673,13:13:42,37.67,218480,58,买盘
2674,13:13:45,37.67,821153,218,买盘
2675,13:13:48,37.67,241061,64,买盘
2676,13:13:51,37.67,357838,95,买盘
2677,13:13:54,37.67,711945,189,买盘
2678,13:13:57,37.67,968281,257,买盘
2679,13:14:00,37.67,482269,128,卖盘
2680,13:14:03,37.67,376719,100,卖盘
2681,13:14:06,37.68,757337,201,买盘
2682,13:14:09,37.68,403145,107,买盘
2683,13:14:12,37.68,1582368,420,买盘
2684,13:14:15,37.68,82899,22,中性盘
2685,13:14:18,37.68,237384,63,卖盘
2686,13:14:21,37.68,346735,92,卖盘
2687,13:14:24,37.69,1307833,347,买盘
2688,13:14:27,37.69,629331,167,买盘
2689,13:14:30,37.68,135676,36,卖盘
2690,13:14:33,37.69,456061,121,买盘
2691,13:14:36,37.69,278899,74,买盘
2692,13:14:39,37.69,162067,43,买盘
2693,13:14:42,37.69,595396,158,卖盘
2694,13:14:45,37.69,418399,111,卖盘
2695,13:14:48,37.69,158310,42,卖盘
2696,13:14:51,37.69,260064,69,卖盘
2697,13:14:54,37.7,301563,80,买盘
2698,13:14:57,37.69,143253,38,卖盘
2699,13:15:00,37.69,339272,90,卖盘
2700,13:15:03,37.69,441011,117,卖盘
2701,13:15:06,37.69,418383,111,卖盘
2702,13:15:09,37.7,757671,201,买盘
2703,13:15:12,37.69,1375979,365,卖盘
2704,13:15:15,37.69,335481,89,卖盘
2705,13:15:18,37.69,346690,92,买盘
2706,13:15:21,37.69,105525,28,买盘
2707,13:15:24,37.69,188444,50,买盘
2708,13:15:27,37.68,376854,100,卖盘
2709,13:15:30,37.69,369357,98,买盘
2710,13:15:33,37.68,131893,35,卖盘
2711,13:15:36,37.69,226118,60,买盘
2712,13:15:39,37.69,407013,108,买盘
2713,13:15:42,37.69,659518,175,买盘
2714,13:15:45,37.68,146989,39,卖盘
2715,13:15:48,37.68,599231,159,卖盘
2716,13:15:51,37.68,218574,58,卖盘
2717,13:15:54,37.69,286433,76,买盘
2718,13:15:57,37.69,354202,94,买盘
2719,13:16:00,37.69,218570,58,买盘
2720,13:16:03,37.68,591615,157,卖盘
2721,13:16:06,37.69,384406,102,买盘
2722,13:16:09,37.69,226104,60,买盘
2723,13:16:12,37.69,199721,53,买盘
2724,13:16:15,37.68,105517,28,卖盘
2725,13:16:18,37.68,535092,142,卖盘
2726,13:16:21,37.67,5975152,1586,卖盘
2727,13:16:24,37.66,629141,167,卖盘
2728,13:16:27,37.65,545936,145,卖盘
2729,13:16:30,37.64,1603751,426,卖盘
2730,13:16:33,37.63,978538,260,卖盘
2731,13:16:36,37.64,474161,126,买盘
2732,13:16:39,37.63,587109,156,卖盘
2733,13:16:42,37.63,669842,178,卖盘
2734,13:16:45,37.64,402677,107,买盘
2735,13:16:48,37.65,312364,83,买盘
2736,13:16:51,37.63,748853,199,卖盘
2737,13:16:54,37.63,658526,175,卖盘
2738,13:16:57,37.63,259650,69,卖盘
2739,13:17:00,37.63,444034,118,卖盘
2740,13:17:03,37.63,2077217,552,卖盘
2741,13:17:06,37.64,1151367,306,买盘
2742,13:17:09,37.61,571753,152,卖盘
2743,13:17:12,37.6,357235,95,卖盘
2744,13:17:15,37.6,473821,126,卖盘
2745,13:17:18,37.6,718170,191,卖盘
2746,13:17:21,37.6,387294,103,卖盘
2747,13:17:24,37.61,669302,178,买盘
2748,13:17:27,37.6,454981,121,卖盘
2749,13:17:30,37.6,526410,140,卖盘
2750,13:17:33,37.61,1556944,414,买盘
2751,13:17:36,37.6,1030094,274,卖盘
2752,13:17:39,37.6,759435,202,买盘
2753,13:17:42,37.6,424750,113,买盘
2754,13:17:45,37.59,202989,54,卖盘
2755,13:17:48,37.6,375902,100,买盘
2756,13:17:51,37.59,311982,83,中性盘
2757,13:17:54,37.59,169162,45,卖盘
2758,13:17:57,37.6,398457,106,买盘
2759,13:18:00,37.59,281946,75,卖盘
2760,13:18:03,37.6,1304577,347,买盘
2761,13:18:06,37.6,932428,248,卖盘
2762,13:18:09,37.59,1466514,390,卖盘
2763,13:18:12,37.6,530066,141,中性盘
2764,13:18:15,37.6,304536,81,买盘
2765,13:18:18,37.6,721948,192,买盘
2766,13:18:21,37.61,33848,9,卖盘
2767,13:18:24,37.62,571664,152,买盘
2768,13:18:27,37.62,402534,107,买盘
2769,13:18:30,37.62,221959,59,卖盘
2770,13:18:33,37.63,274681,73,买盘
2771,13:18:36,37.62,748769,199,卖盘
2772,13:18:39,37.62,729870,194,卖盘
2773,13:18:42,37.63,462781,123,买盘
2774,13:18:45,37.64,259646,69,买盘
2775,13:18:48,37.63,150484,40,买盘
2776,13:18:51,37.63,142980,38,买盘
2777,13:18:54,37.63,154260,41,买盘
2778,13:18:57,37.63,180610,48,买盘
2779,13:19:00,37.63,835279,222,买盘
2780,13:19:03,37.63,771273,205,买盘
2781,13:19:06,37.62,372462,99,卖盘
2782,13:19:09,37.62,383729,102,卖盘
2783,13:19:12,37.63,297215,79,买盘
2784,13:19:15,37.62,2753800,732,卖盘
2785,13:19:18,37.62,1249006,332,卖盘
2786,13:19:21,37.63,203170,54,买盘
2787,13:19:24,37.62,451545,120,卖盘
2788,13:19:27,37.62,395027,105,卖盘
2789,13:19:30,37.63,229492,61,买盘
2790,13:19:33,37.63,1505200,400,买盘
2791,13:19:36,37.63,267152,71,买盘
2792,13:19:39,37.63,188150,50,买盘
2793,13:19:42,37.63,233305,62,买盘
2794,13:19:45,37.63,45156,12,卖盘
2795,13:19:48,37.63,109133,29,卖盘
2796,13:19:51,37.63,636105,169,卖盘
2797,13:19:54,37.64,139234,37,买盘
2798,13:19:57,37.64,52690,14,买盘
2799,13:20:00,37.63,41395,11,卖盘
2800,13:20:03,37.64,353748,94,买盘
2801,13:20:06,37.64,18819,5,买盘
2802,13:20:09,37.64,481792,128,买盘
2803,13:20:12,37.63,767772,204,卖盘
2804,13:20:15,37.64,252147,67,买盘
2805,13:20:18,37.64,180633,48,买盘
2806,13:20:21,37.64,195690,52,买盘
2807,13:20:24,37.64,237129,63,买盘
2808,13:20:27,37.63,387600,103,卖盘
2809,13:20:30,37.64,135487,36,买盘
2810,13:20:33,37.64,169375,45,买盘
2811,13:20:36,37.64,71508,19,买盘
2812,13:20:39,37.63,263418,70,卖盘
2813,13:20:42,37.64,636086,169,买盘
2814,13:20:45,37.63,718840,191,卖盘
2815,13:20:48,37.64,654905,174,买盘
2816,13:20:51,37.64,602234,160,买盘
2817,13:20:54,37.64,703869,187,买盘
2818,13:20:57,37.65,271047,72,买盘
2819,13:21:00,37.64,1543066,410,卖盘
2820,13:21:03,37.64,3764,1,买盘
2821,13:21:06,37.64,421543,112,买盘
2822,13:21:09,37.64,271008,72,买盘
2823,13:21:12,37.63,90333,24,卖盘
2824,13:21:15,37.63,176874,47,卖盘
2825,13:21:18,37.63,67742,18,卖盘
2826,13:21:21,37.64,90335,24,买盘
2827,13:21:24,37.63,3540999,941,卖盘
2828,13:21:27,37.63,195629,52,买盘
2829,13:21:30,37.63,206954,55,买盘
2830,13:21:33,37.63,127917,34,买盘
2831,13:21:36,37.62,406341,108,卖盘
2832,13:21:39,37.62,504115,134,卖盘
2833,13:21:42,37.62,391262,104,卖盘
2834,13:21:45,37.62,112860,30,卖盘
2835,13:21:48,37.63,169294,45,买盘
2836,13:21:51,37.63,839032,223,买盘
2837,13:21:54,37.62,673497,179,卖盘
2838,13:21:57,37.62,135436,36,卖盘
2839,13:22:00,37.62,458964,122,卖盘
2840,13:22:03,37.62,391254,104,卖盘
2841,13:22:06,37.61,4420347,1175,卖盘
2842,13:22:09,37.6,932736,248,卖盘
2843,13:22:12,37.6,2530528,673,卖盘
2844,13:22:15,37.6,902323,240,卖盘
2845,13:22:18,37.6,203026,54,买盘
2846,13:22:21,37.59,327036,87,卖盘
2847,13:22:24,37.56,3307168,880,卖盘
2848,13:22:27,37.57,661119,176,买盘
2849,13:22:30,37.55,495811,132,卖盘
2850,13:22:33,37.58,3251212,865,买盘
2851,13:22:36,37.56,142751,38,卖盘
2852,13:22:39,37.58,22548,6,买盘
2853,13:22:42,37.58,1787761,476,买盘
2854,13:22:45,37.58,180382,48,买盘
2855,13:22:48,37.58,732816,195,买盘
2856,13:22:51,37.58,266822,71,卖盘
2857,13:22:54,37.58,330782,88,卖盘
2858,13:22:57,37.58,142804,38,卖盘
2859,13:23:00,37.59,432183,115,买盘
2860,13:23:03,37.58,593777,158,卖盘
2861,13:23:06,37.57,139031,37,卖盘
2862,13:23:09,37.57,71383,19,卖盘
2863,13:23:12,37.57,563422,150,买盘
2864,13:23:15,37.57,443326,118,买盘
2865,13:23:18,37.56,1702163,453,卖盘
2866,13:23:21,37.57,484603,129,买盘
2867,13:23:24,37.58,8168059,2173,买盘
2868,13:23:27,37.58,1115888,297,卖盘
2869,13:23:30,37.58,1281394,341,买盘
2870,13:23:33,37.58,120240,32,中性盘
2871,13:23:36,37.58,184117,49,买盘
2872,13:23:39,37.58,740278,197,买盘
2873,13:23:42,37.58,680304,181,买盘
2874,13:23:45,37.59,1251552,333,买盘
2875,13:23:48,37.59,101491,27,买盘
2876,13:23:51,37.58,372061,99,卖盘
2877,13:23:54,37.58,465992,124,买盘
2878,13:23:57,37.59,507331,135,买盘
2879,13:24:00,37.58,75160,20,卖盘
2880,13:24:03,37.58,311930,83,卖盘
2881,13:24:06,37.59,281925,75,买盘
2882,13:24:09,37.59,323239,86,买盘
2883,13:24:12,37.59,687846,183,买盘
2884,13:24:15,37.59,71426,19,卖盘
2885,13:24:18,37.59,86457,23,卖盘
2886,13:24:21,37.59,1037740,276,卖盘
2887,13:24:24,37.59,1022448,272,卖盘
2888,13:24:27,37.59,428470,114,买盘
2889,13:24:30,37.59,82693,22,买盘
2890,13:24:33,37.59,533713,142,买盘
2891,13:24:36,37.59,45103,12,买盘
2892,13:24:39,37.59,687844,183,买盘
2893,13:24:42,37.58,492416,131,卖盘
2894,13:24:45,37.59,507370,135,买盘
2895,13:24:48,37.58,484785,129,卖盘
2896,13:24:51,37.58,60130,16,卖盘
2897,13:24:54,37.58,214217,57,卖盘
2898,13:24:57,37.59,172876,46,买盘
2899,13:25:00,37.58,60135,16,卖盘
2900,13:25:03,37.58,635126,169,卖盘
2901,13:25:06,37.58,6557254,1745,卖盘
2902,13:25:09,37.58,698732,186,买盘
2903,13:25:12,37.57,82650,22,中性盘
2904,13:25:15,37.55,1122837,299,卖盘
2905,13:25:18,37.55,634440,169,买盘
2906,13:25:21,37.53,244009,65,卖盘
2907,13:25:24,37.54,258994,69,买盘
2908,13:25:27,37.53,750601,200,卖盘
2909,13:25:30,37.53,495362,132,买盘
2910,13:25:33,37.53,645425,172,买盘
2911,13:25:36,37.54,1561305,416,买盘
2912,13:25:39,37.55,198965,53,买盘
2913,13:25:42,37.55,176463,47,买盘
2914,13:25:45,37.54,195235,52,卖盘
2915,13:25:48,37.55,2068895,551,买盘
2916,13:25:51,37.55,882328,235,卖盘
2917,13:25:54,37.56,352955,94,买盘
2918,13:25:57,37.55,251551,67,卖盘
2919,13:26:00,37.55,75111,20,卖盘
2920,13:26:03,37.55,1017605,271,卖盘
2921,13:26:06,37.55,2639744,703,买盘
2922,13:26:09,37.56,2031436,541,买盘
2923,13:26:12,37.56,165264,44,卖盘
2924,13:26:15,37.57,97662,26,买盘
2925,13:26:18,37.56,356820,95,卖盘
2926,13:26:21,37.58,495923,132,买盘
2927,13:26:24,37.57,45082,12,买盘
2928,13:26:27,37.57,123969,33,买盘
2929,13:26:30,37.56,172808,46,卖盘
2930,13:26:33,37.57,514589,137,买盘
2931,13:26:36,37.57,330606,88,买盘
2932,13:26:39,37.56,131474,35,卖盘
2933,13:26:42,37.56,82651,22,卖盘
2934,13:26:45,37.56,63858,17,卖盘
2935,13:26:48,37.56,30050,8,卖盘
2936,13:26:51,37.57,278007,74,买盘
2937,13:26:54,37.57,398242,106,买盘
2938,13:26:57,37.57,375678,100,买盘
2939,13:27:00,37.57,424535,113,买盘
2940,13:27:03,37.57,3320343,884,买盘
2941,13:27:06,37.56,97676,26,卖盘
2942,13:27:09,37.57,758852,202,买盘
2943,13:27:12,37.56,60105,16,卖盘
2944,13:27:15,37.57,368161,98,买盘
2945,13:27:21,37.57,236688,63,买盘
2946,13:27:24,37.57,788961,210,买盘
2947,13:27:27,37.57,108941,29,买盘
2948,13:27:30,37.57,266740,71,买盘
2949,13:27:33,37.57,1093296,291,买盘
2950,13:27:36,37.57,93929,25,卖盘
2951,13:27:39,37.58,371962,99,买盘
2952,13:27:42,37.58,18790,5,买盘
2953,13:27:45,37.58,139028,37,买盘
2954,13:27:48,37.58,409544,109,买盘
2955,13:27:51,37.58,146561,39,买盘
2956,13:27:54,37.58,372034,99,买盘
2957,13:27:57,37.57,26305,7,卖盘
2958,13:28:00,37.58,255518,68,买盘
2959,13:28:03,37.57,514750,137,卖盘
2960,13:28:06,37.58,364521,97,买盘
2961,13:28:09,37.58,86433,23,买盘
2962,13:28:12,37.58,1352914,360,买盘
2963,13:28:15,37.59,97703,26,买盘
2964,13:28:18,37.59,244330,65,买盘
2965,13:28:21,37.59,109010,29,买盘
2966,13:28:24,37.59,2101277,559,买盘
2967,13:28:27,37.59,800657,213,买盘
2968,13:28:30,37.59,109031,29,卖盘
2969,13:28:33,37.6,157919,42,买盘
2970,13:28:36,37.6,116537,31,买盘
2971,13:28:39,37.6,541431,144,买盘
2972,13:28:42,37.6,620390,165,买盘
2973,13:28:45,37.6,139133,37,卖盘
2974,13:28:48,37.61,199328,53,买盘
2975,13:28:51,37.62,1015681,270,买盘
2976,13:28:54,37.63,22577,6,买盘
2977,13:28:57,37.63,116652,31,买盘
2978,13:29:00,37.63,289751,77,买盘
2979,13:29:03,37.63,466544,124,买盘
2980,13:29:06,37.62,334897,89,卖盘
2981,13:29:09,37.62,229517,61,卖盘
2982,13:29:12,37.63,778939,207,买盘
2983,13:29:15,37.63,82783,22,买盘
2984,13:29:18,37.63,289759,77,买盘
2985,13:29:21,37.63,101606,27,卖盘
2986,13:29:24,37.64,1128941,300,买盘
2987,13:29:27,37.64,764057,203,买盘
2988,13:29:30,37.63,60213,16,卖盘
2989,13:29:33,37.64,820567,218,买盘
2990,13:29:36,37.64,105392,28,卖盘
2991,13:29:39,37.64,82808,22,买盘
2992,13:29:42,37.64,207012,55,买盘
2993,13:29:45,37.64,636104,169,买盘
2994,13:29:48,37.65,530734,141,买盘
2995,13:29:51,37.66,3106147,825,买盘
2996,13:29:54,37.65,82835,22,卖盘
2997,13:29:57,37.66,135564,36,买盘
2998,13:30:00,37.66,598792,159,买盘
2999,13:30:03,37.66,1521216,404,买盘
3000,13:30:06,37.67,97942,26,买盘
3001,13:30:09,37.67,757173,201,买盘
3002,13:30:12,37.68,90417,24,买盘
3003,13:30:15,37.68,391847,104,买盘
3004,13:30:18,37.68,828760,220,买盘
3005,13:30:21,37.67,602846,160,卖盘
