,成交时间,成交价格,成交金额,成交量,性质
0,09:25:00,49.39,8875383,1797,卖盘
1,09:30:00,49.36,6913134,1403,卖盘
2,09:30:03,49.36,8334874,1690,买盘
3,09:30:06,49.31,1894498,384,中性盘
4,09:30:09,49.37,3183796,645,买盘
5,09:30:12,49.39,5605100,1135,买盘
6,09:30:15,49.42,5243283,1061,买盘
7,09:30:18,49.5,984733,199,买盘
8,09:30:21,49.54,1025033,207,中性盘
9,09:30:24,49.58,2828669,571,买盘
10,09:30:27,49.59,1175174,237,买盘
11,09:30:30,49.66,1403975,283,买盘
12,09:30:33,49.7,2811935,566,买盘
13,09:30:36,49.93,1862777,374,买盘
14,09:30:39,50.09,4558654,912,买盘
15,09:30:42,50.05,4193158,837,卖盘
16,09:30:45,50.04,2745270,549,买盘
17,09:30:48,50.01,3311135,662,中性盘
18,09:30:51,49.99,1025190,205,中性盘
19,09:30:54,49.94,1974750,395,卖盘
20,09:30:57,49.94,559594,112,买盘
21,09:31:00,50.04,6742838,1349,买盘
22,09:31:03,49.97,954802,191,卖盘
23,09:31:06,50.0,760140,152,买盘
24,09:31:09,50.0,1245037,249,买盘
25,09:31:12,50.12,6572202,1313,买盘
26,09:31:15,50.12,3083844,615,卖盘
27,09:31:18,50.14,2865405,571,中性盘
28,09:31:21,50.15,2517620,502,中性盘
29,09:31:24,50.23,2559115,510,买盘
30,09:31:27,50.15,2452256,489,卖盘
31,09:31:30,50.16,1058844,211,买盘
32,09:31:33,50.17,3320478,662,中性盘
33,09:31:36,50.2,2148727,428,买盘
34,09:31:39,50.27,7360091,1464,买盘
35,09:31:42,50.26,2547472,507,卖盘
36,09:31:45,50.25,1447172,288,中性盘
37,09:31:48,50.2,3632947,723,卖盘
38,09:31:51,50.2,1852512,369,卖盘
39,09:31:54,50.15,953214,190,卖盘
40,09:31:57,50.15,3036605,606,买盘
41,09:32:00,50.1,706331,141,卖盘
42,09:32:03,50.1,1698593,339,买盘
43,09:32:06,50.01,760925,152,卖盘
44,09:32:09,49.98,1630247,326,卖盘
45,09:32:12,49.94,1317925,264,卖盘
46,09:32:15,49.95,4926998,986,买盘
47,09:32:18,49.96,2169929,434,中性盘
48,09:32:21,49.95,1394608,279,卖盘
49,09:32:24,50.01,590019,118,中性盘
50,09:32:27,49.98,799846,160,中性盘
51,09:32:30,50.01,1104946,221,中性盘
52,09:32:33,50.01,1754735,351,买盘
53,09:32:36,50.06,2088237,417,买盘
54,09:32:39,50.15,1634552,326,买盘
55,09:32:42,50.28,6635504,1321,买盘
56,09:32:45,50.29,739048,147,买盘
57,09:32:48,50.29,2223114,442,卖盘
58,09:32:51,50.29,1473301,293,买盘
59,09:32:54,50.26,1161104,231,中性盘
60,09:32:57,50.15,933673,186,卖盘
61,09:33:00,50.07,581440,116,卖盘
62,09:33:03,50.13,416143,83,中性盘
63,09:33:06,50.05,475643,95,卖盘
64,09:33:09,50.07,830888,166,买盘
65,09:33:12,50.05,665516,133,卖盘
66,09:33:15,49.94,4183849,837,卖盘
67,09:33:18,49.94,1299003,260,买盘
68,09:33:21,49.94,514631,103,卖盘
69,09:33:24,49.9,234736,47,卖盘
70,09:33:27,49.94,1154016,231,买盘
71,09:33:30,49.97,1560105,312,中性盘
72,09:33:33,50.0,534588,107,中性盘
73,09:33:36,50.02,374839,75,买盘
74,09:33:39,50.0,2458536,492,中性盘
75,09:33:42,49.96,889226,178,卖盘
76,09:33:45,49.96,1538938,308,买盘
77,09:33:48,49.92,994055,199,中性盘
78,09:33:51,49.91,559121,112,卖盘
79,09:33:54,49.91,374346,75,卖盘
80,09:33:57,49.9,1267652,254,卖盘
81,09:34:00,49.91,539125,108,买盘
82,09:34:03,49.96,629175,126,买盘
83,09:34:06,49.95,3643337,730,卖盘
84,09:34:09,49.99,934821,187,买盘
85,09:34:12,50.0,3155601,631,买盘
86,09:34:15,50.0,620066,124,卖盘
87,09:34:18,50.06,220191,44,中性盘
88,09:34:21,50.07,235264,47,买盘
89,09:34:24,50.05,135179,27,中性盘
90,09:34:27,50.01,355264,71,卖盘
91,09:34:30,50.03,3033724,606,中性盘
92,09:34:33,50.07,2861201,572,买盘
93,09:34:36,50.03,9771650,1952,卖盘
94,09:34:39,50.04,185150,37,买盘
95,09:34:42,50.01,265113,53,卖盘
96,09:34:45,50.0,530031,106,卖盘
97,09:34:48,49.96,189970,38,卖盘
98,09:34:51,49.96,339889,68,买盘
99,09:34:54,49.95,299781,60,卖盘
100,09:34:57,49.98,299786,60,买盘
101,09:35:00,50.01,1524897,305,买盘
102,09:35:03,49.99,254905,51,中性盘
103,09:35:06,49.99,459910,92,买盘
104,09:35:09,49.94,1299159,260,卖盘
105,09:35:12,49.92,1143753,229,卖盘
106,09:35:15,49.87,3089053,619,卖盘
107,09:35:18,49.83,1617270,324,卖盘
108,09:35:21,49.83,224371,45,卖盘
109,09:35:24,49.8,707584,142,卖盘
110,09:35:27,49.81,448341,90,买盘
111,09:35:30,49.8,806652,162,买盘
112,09:35:33,49.71,149296,30,卖盘
113,09:35:36,49.75,174068,35,买盘
114,09:35:39,49.68,2147212,432,卖盘
115,09:35:42,49.7,317899,64,买盘
116,09:35:45,49.66,491410,99,买盘
117,09:35:48,49.63,258010,52,卖盘
118,09:35:51,49.6,193534,39,卖盘
119,09:35:54,49.59,119027,24,卖盘
120,09:35:57,49.57,193330,39,卖盘
121,09:36:00,49.53,2472258,499,卖盘
122,09:36:03,49.54,554674,112,买盘
123,09:36:06,49.5,1010053,204,卖盘
124,09:36:09,49.5,1485824,300,卖盘
125,09:36:12,49.5,1138818,230,卖盘
126,09:36:15,49.5,827005,167,卖盘
127,09:36:18,49.56,569461,115,中性盘
128,09:36:21,49.51,465519,94,中性盘
129,09:36:24,49.5,1613757,326,卖盘
130,09:36:27,49.5,633661,128,卖盘
131,09:36:30,49.49,984974,199,卖盘
132,09:36:33,49.51,4692674,948,买盘
133,09:36:36,49.56,252537,51,买盘
134,09:36:39,49.58,193303,39,买盘
135,09:36:42,49.58,1091050,220,中性盘
136,09:36:45,49.64,322382,65,中性盘
137,09:36:48,49.64,84332,17,买盘
138,09:36:51,49.59,203458,41,卖盘
139,09:36:54,49.65,54606,11,买盘
140,09:36:57,49.65,104253,21,买盘
141,09:37:00,49.65,317711,64,买盘
142,09:37:03,49.65,660161,133,买盘
143,09:37:06,49.65,253260,51,卖盘
144,09:37:09,49.63,392274,79,卖盘
145,09:37:12,49.64,1742168,351,买盘
146,09:37:15,49.65,853741,172,买盘
147,09:37:18,49.65,814859,164,卖盘
148,09:37:21,49.66,789797,159,中性盘
149,09:37:24,49.7,358105,72,中性盘
150,09:37:27,49.7,293590,59,卖盘
151,09:37:30,49.74,54751,11,卖盘
152,09:37:33,49.65,506925,102,卖盘
153,09:37:36,49.64,1167892,235,卖盘
154,09:37:39,49.65,94351,19,中性盘
155,09:37:42,49.65,759554,153,中性盘
156,09:37:45,49.71,3033100,610,买盘
157,09:37:48,49.69,1638333,330,中性盘
158,09:37:51,49.67,774592,156,卖盘
159,09:37:54,49.66,302943,61,卖盘
160,09:37:57,49.63,640319,129,卖盘
161,09:38:00,49.64,461611,93,买盘
162,09:38:03,49.61,2569939,518,卖盘
163,09:38:06,49.62,739295,149,买盘
164,09:38:09,49.64,342402,69,买盘
165,09:38:12,49.62,545869,110,卖盘
166,09:38:15,49.63,486355,98,中性盘
167,09:38:18,49.64,258066,52,买盘
168,09:38:21,49.65,655348,132,买盘
169,09:38:24,49.67,307861,62,买盘
170,09:38:27,49.66,129141,26,卖盘
171,09:38:30,49.67,114271,23,中性盘
172,09:38:33,49.66,198661,40,卖盘
173,09:38:36,49.69,486850,98,买盘
174,09:38:39,49.71,1188580,239,买盘
175,09:38:42,49.78,258739,52,买盘
176,09:38:45,49.76,179148,36,中性盘
177,09:38:48,49.78,99553,20,买盘
178,09:38:51,49.76,637300,128,卖盘
179,09:38:54,49.78,318612,64,买盘
180,09:38:57,49.76,865991,174,卖盘
181,09:39:00,49.79,875940,176,买盘
182,09:39:03,49.85,2986586,599,买盘
183,09:39:06,49.91,1315602,264,买盘
184,09:39:09,49.89,154565,31,中性盘
185,09:39:12,49.83,1534621,308,卖盘
186,09:39:15,49.83,947418,190,中性盘
187,09:39:18,49.88,668304,134,买盘
188,09:39:21,49.87,149609,30,买盘
189,09:39:24,49.86,1685920,338,卖盘
190,09:39:27,49.88,408904,82,买盘
191,09:39:30,49.87,997642,200,卖盘
192,09:39:33,49.89,1626077,326,买盘
193,09:39:36,49.89,1361437,273,买盘
194,09:39:39,49.89,2770841,555,买盘
195,09:39:42,49.9,239491,48,中性盘
196,09:39:45,49.93,1386764,278,买盘
197,09:39:48,49.88,339296,68,卖盘
198,09:39:51,49.88,673170,135,中性盘
199,09:39:54,49.89,957836,192,买盘
200,09:39:57,49.93,1857674,372,买盘
201,09:40:00,49.94,379440,76,中性盘
202,09:40:03,49.99,994665,199,买盘
203,09:40:06,49.94,969253,194,卖盘
204,09:40:09,49.94,234653,47,买盘
205,09:40:12,49.94,274569,55,买盘
206,09:40:15,49.93,728555,146,中性盘
207,09:40:18,49.93,389280,78,买盘
208,09:40:21,49.89,428921,86,中性盘
209,09:40:24,49.86,438960,88,中性盘
210,09:40:27,49.85,707598,142,卖盘
211,09:40:30,49.85,309116,62,卖盘
212,09:40:33,49.93,2258953,453,买盘
213,09:40:36,49.98,659227,132,买盘
214,09:40:39,50.0,1668467,334,买盘
215,09:40:42,50.0,4235295,847,买盘
216,09:40:45,49.96,1444911,289,卖盘
217,09:40:48,49.94,604247,121,卖盘
218,09:40:51,49.85,264375,53,卖盘
219,09:40:54,49.94,962057,193,买盘
220,09:40:57,49.89,822114,165,中性盘
221,09:41:00,49.83,772284,155,卖盘
222,09:41:03,49.82,39861,8,中性盘
223,09:41:06,49.81,363862,73,卖盘
224,09:41:09,49.78,1120431,225,卖盘
225,09:41:12,49.74,208976,42,卖盘
226,09:41:15,49.76,288513,58,买盘
227,09:41:18,49.75,497322,100,中性盘
228,09:41:21,49.74,258543,52,中性盘
229,09:41:24,49.74,437553,88,卖盘
230,09:41:27,49.7,233632,47,中性盘
231,09:41:30,49.7,611312,123,卖盘
232,09:41:33,49.7,283204,57,卖盘
233,09:41:36,49.7,382532,77,买盘
234,09:41:39,49.7,278189,56,买盘
235,09:41:42,49.7,973883,196,买盘
236,09:41:45,49.75,1073561,216,买盘
237,09:41:48,49.7,134239,27,卖盘
238,09:41:51,49.7,417507,84,卖盘
239,09:41:54,49.7,64632,13,卖盘
240,09:41:57,49.71,268389,54,买盘
241,09:42:00,49.71,397558,80,买盘
242,09:42:03,49.73,462322,93,买盘
243,09:42:06,49.74,447786,90,中性盘
244,09:42:09,49.74,427707,86,卖盘
245,09:42:12,49.73,198887,40,买盘
246,09:42:15,49.7,884674,178,卖盘
247,09:42:18,49.73,323010,65,买盘
248,09:42:21,49.7,223655,45,中性盘
249,09:42:24,49.7,238444,48,买盘
250,09:42:27,49.68,144041,29,中性盘
251,09:42:30,49.65,481462,97,卖盘
252,09:42:33,49.69,223488,45,买盘
253,09:42:36,49.61,466823,94,卖盘
254,09:42:39,49.59,1349221,272,卖盘
255,09:42:42,49.58,203310,41,卖盘
256,09:42:45,49.6,1511965,305,买盘
257,09:42:48,49.56,456129,92,卖盘
258,09:42:51,49.58,346788,70,买盘
259,09:42:54,49.6,1928922,389,买盘
260,09:42:57,49.59,297544,60,卖盘
261,09:43:00,49.59,233124,47,卖盘
262,09:43:03,49.6,267864,54,卖盘
263,09:43:06,49.6,59525,12,卖盘
264,09:43:09,49.6,714119,144,卖盘
265,09:43:12,49.54,5962408,1204,卖盘
266,09:43:15,49.55,1063939,215,买盘
267,09:43:18,49.54,1682867,340,中性盘
268,09:43:21,49.54,109028,22,卖盘
269,09:43:24,49.55,128814,26,中性盘
270,09:43:27,49.54,143674,29,卖盘
271,09:43:30,49.54,841759,170,买盘
272,09:43:33,49.55,267511,54,买盘
273,09:43:36,49.51,391261,79,卖盘
274,09:43:39,49.51,341631,69,卖盘
275,09:43:42,49.51,227818,46,卖盘
276,09:43:45,49.51,396258,80,买盘
277,09:43:48,49.51,292149,59,卖盘
278,09:43:51,49.57,2163558,437,买盘
279,09:43:54,49.55,778530,157,中性盘
280,09:43:57,49.58,109028,22,中性盘
281,09:44:00,49.63,218176,44,买盘
282,09:44:03,49.63,1917065,387,卖盘
283,09:44:06,49.66,283012,57,买盘
284,09:44:09,49.63,213476,43,卖盘
285,09:44:12,49.65,163753,33,买盘
286,09:44:15,49.67,629945,127,买盘
287,09:44:18,49.68,119140,24,卖盘
288,09:44:21,49.65,148992,30,卖盘
289,09:44:24,49.62,432051,87,卖盘
290,09:44:27,49.68,298056,60,买盘
291,09:44:30,49.68,218606,44,卖盘
292,09:44:33,49.7,283230,57,买盘
293,09:44:36,49.71,173898,35,买盘
294,09:44:39,49.68,59633,12,卖盘
295,09:44:42,49.69,367675,74,买盘
296,09:44:45,49.7,243501,49,中性盘
297,09:44:48,49.73,318112,64,买盘
298,09:44:51,49.7,531758,107,中性盘
299,09:44:54,49.69,99393,20,卖盘
300,09:44:57,49.71,457229,92,中性盘
301,09:45:00,49.69,164037,33,卖盘
302,09:45:03,49.71,2757887,554,中性盘
303,09:45:06,49.74,1655079,333,买盘
304,09:45:09,49.65,1739079,350,卖盘
305,09:45:12,49.74,2155896,434,买盘
306,09:45:15,49.72,328069,66,中性盘
307,09:45:18,49.74,1033609,208,买盘
308,09:45:21,49.7,104343,21,中性盘
309,09:45:24,49.66,352595,71,中性盘
310,09:45:27,49.66,555800,112,卖盘
311,09:45:30,49.66,139038,28,买盘
312,09:45:33,49.66,109250,22,买盘
313,09:45:36,49.65,89376,18,中性盘
314,09:45:39,49.61,173796,35,卖盘
315,09:45:42,49.65,268127,54,中性盘
316,09:45:45,49.66,427037,86,买盘
317,09:45:48,49.67,258275,52,买盘
318,09:45:51,49.66,283110,57,卖盘
319,09:45:54,49.66,228430,46,卖盘
320,09:45:57,49.65,54619,11,卖盘
321,09:46:00,49.62,1304664,263,卖盘
322,09:46:03,49.59,129012,26,卖盘
323,09:46:06,49.58,342122,69,卖盘
324,09:46:09,49.62,2262903,456,买盘
325,09:46:12,49.62,154020,31,卖盘
326,09:46:15,49.71,153979,31,买盘
327,09:46:18,49.67,114281,23,卖盘
328,09:46:21,49.71,154065,31,买盘
329,09:46:24,49.7,183834,37,卖盘
330,09:46:27,49.71,193786,39,买盘
331,09:46:30,49.65,804495,162,卖盘
332,09:46:33,49.68,2135642,430,买盘
333,09:46:36,49.65,104269,21,卖盘
334,09:46:39,49.69,59629,12,买盘
335,09:46:42,49.66,89427,18,卖盘
336,09:46:45,49.65,1012918,204,卖盘
337,09:46:48,49.66,441757,89,买盘
338,09:46:51,49.64,163808,33,中性盘
339,09:46:54,49.62,238213,48,卖盘
340,09:46:57,49.7,3508243,706,买盘
341,09:47:00,49.72,1019070,205,买盘
342,09:47:03,49.7,716281,144,中性盘
343,09:47:06,49.71,183978,37,中性盘
344,09:47:09,49.72,318196,64,中性盘
345,09:47:12,49.7,149106,30,中性盘
346,09:47:15,49.66,685952,138,卖盘
347,09:47:18,49.66,422096,85,卖盘
348,09:47:21,49.67,243332,49,买盘
349,09:47:24,49.57,3888610,784,卖盘
350,09:47:27,49.56,74351,15,卖盘
351,09:47:30,49.59,223040,45,买盘
352,09:47:33,49.57,203211,41,中性盘
353,09:47:36,49.58,773473,156,买盘
354,09:47:39,49.57,128887,26,卖盘
355,09:47:42,49.57,218127,44,卖盘
356,09:47:45,49.57,342011,69,卖盘
357,09:47:48,49.57,94168,19,买盘
358,09:47:51,49.56,1045728,211,卖盘
359,09:47:54,49.67,4863315,981,买盘
360,09:47:57,49.63,303077,61,中性盘
361,09:48:00,49.62,491400,99,卖盘
362,09:48:03,49.64,213560,43,卖盘
363,09:48:06,49.65,258117,52,中性盘
364,09:48:09,49.69,124171,25,买盘
365,09:48:12,49.69,347862,70,卖盘
366,09:48:15,49.7,154044,31,中性盘
367,09:48:18,49.73,596625,120,买盘
368,09:48:21,49.73,636541,128,买盘
369,09:48:24,49.73,104433,21,卖盘
370,09:48:27,49.75,89533,18,中性盘
371,09:48:30,49.76,154193,31,买盘
372,09:48:33,49.76,586771,118,买盘
373,09:48:36,49.74,29847,6,买盘
374,09:48:39,49.73,4228082,851,卖盘
375,09:48:42,49.73,313296,63,买盘
376,09:48:45,49.7,402607,81,卖盘
377,09:48:48,49.71,228687,46,卖盘
378,09:48:51,49.71,352877,71,买盘
379,09:48:54,49.69,69553,14,中性盘
380,09:48:57,49.68,69552,14,卖盘
381,09:49:00,49.73,2529983,509,买盘
382,09:49:03,49.73,179043,36,买盘
383,09:49:06,49.73,89515,18,中性盘
384,09:49:09,49.73,283429,57,买盘
385,09:49:12,49.71,44740,9,卖盘
386,09:49:15,49.71,114333,23,买盘
387,09:49:18,49.72,19885,4,买盘
388,09:49:21,49.71,139210,28,卖盘
389,09:49:24,49.72,452513,91,买盘
390,09:49:27,49.71,516989,104,卖盘
391,09:49:30,49.72,34803,7,买盘
392,09:49:33,49.71,203812,41,卖盘
393,09:49:36,49.71,293240,59,买盘
394,09:49:39,49.71,149108,30,买盘
395,09:49:42,49.71,690962,139,买盘
396,09:49:45,49.73,1193097,240,买盘
397,09:49:48,49.77,1373330,276,买盘
398,09:49:51,49.79,288745,58,买盘
399,09:49:54,49.77,164272,33,卖盘
400,09:49:57,49.79,139404,28,买盘
401,09:50:00,49.75,169195,34,卖盘
402,09:50:03,49.78,761826,153,卖盘
403,09:50:06,49.77,228978,46,卖盘
404,09:50:09,49.79,811584,163,买盘
405,09:50:12,49.8,318683,64,买盘
406,09:50:15,49.79,179288,36,卖盘
407,09:50:18,49.81,249007,50,买盘
408,09:50:21,49.79,238990,48,卖盘
409,09:50:24,49.79,49791,10,买盘
410,09:50:27,49.76,94559,19,卖盘
411,09:50:30,49.75,109484,22,卖盘
412,09:50:33,49.77,44791,9,买盘
413,09:50:36,49.76,84599,17,卖盘
414,09:50:39,49.76,179128,36,买盘
415,09:50:42,49.76,1134371,228,买盘
416,09:50:45,49.75,373131,75,卖盘
417,09:50:48,49.71,1124186,226,卖盘
418,09:50:51,49.7,119274,24,卖盘
419,09:50:54,49.7,173900,35,买盘
420,09:50:57,49.7,382662,77,买盘
421,09:51:00,49.72,273350,55,买盘
422,09:51:03,49.7,104421,21,卖盘
423,09:51:06,49.72,945389,190,中性盘
424,09:51:09,49.75,198885,40,中性盘
425,09:51:12,49.79,228832,46,买盘
426,09:51:15,49.77,49768,10,中性盘
427,09:51:21,49.76,69671,14,卖盘
428,09:51:24,49.76,194032,39,中性盘
429,09:51:27,49.74,49746,10,中性盘
430,09:51:30,49.7,313306,63,卖盘
431,09:51:33,49.73,9946,2,买盘
432,09:51:36,49.7,417494,84,卖盘
433,09:51:39,49.7,49709,10,卖盘
434,09:51:42,49.69,645909,130,卖盘
435,09:51:45,49.69,144024,29,买盘
436,09:51:48,49.69,129121,26,买盘
437,09:51:51,49.64,109243,22,中性盘
438,09:51:54,49.64,99308,20,卖盘
439,09:51:57,49.64,89366,18,卖盘
440,09:52:00,49.7,268401,54,买盘
441,09:52:03,49.69,139141,28,中性盘
442,09:52:06,49.69,39759,8,卖盘
443,09:52:09,49.69,397519,80,卖盘
444,09:52:12,49.64,436948,88,卖盘
445,09:52:15,49.62,178658,36,卖盘
446,09:52:18,49.62,99230,20,中性盘
447,09:52:21,49.6,1171903,236,卖盘
448,09:52:24,49.61,79390,16,中性盘
449,09:52:27,49.65,119151,24,买盘
450,09:52:30,49.65,332400,67,买盘
451,09:52:33,49.64,24816,5,中性盘
452,09:52:36,49.63,3486962,703,中性盘
453,09:52:39,49.62,153888,31,卖盘
454,09:52:42,49.61,253060,51,卖盘
455,09:52:45,49.63,69480,14,买盘
456,09:52:48,49.62,99240,20,买盘
457,09:52:51,49.64,228361,46,中性盘
458,09:52:54,49.65,89375,18,卖盘
459,09:52:57,49.65,158889,32,卖盘
460,09:53:00,49.69,79479,16,买盘
461,09:53:03,49.7,303132,61,买盘
462,09:53:06,49.71,129242,26,买盘
463,09:53:09,49.7,44734,9,卖盘
464,09:53:12,49.7,382693,77,卖盘
465,09:53:15,49.69,303038,61,卖盘
466,09:53:18,49.7,89437,18,买盘
467,09:53:21,49.69,104351,21,卖盘
468,09:53:24,49.69,49692,10,买盘
469,09:53:27,49.7,124232,25,买盘
470,09:53:30,49.7,14910,3,买盘
471,09:53:33,49.69,69579,14,卖盘
472,09:53:36,49.7,54662,11,买盘
473,09:53:39,49.69,193821,39,卖盘
474,09:53:42,49.7,49697,10,买盘
475,09:53:45,49.7,104359,21,买盘
476,09:53:48,49.69,119263,24,卖盘
477,09:53:51,49.7,253461,51,买盘
478,09:53:54,49.71,1375949,277,买盘
479,09:53:57,49.7,99403,20,卖盘
480,09:54:00,49.7,154074,31,卖盘
481,09:54:03,49.72,1262518,254,买盘
482,09:54:06,49.77,666687,134,买盘
483,09:54:09,49.75,149312,30,卖盘
484,09:54:12,49.78,184083,37,买盘
485,09:54:15,49.76,3202194,644,中性盘
486,09:54:18,49.75,268716,54,卖盘
487,09:54:21,49.76,44772,9,买盘
488,09:54:24,49.75,9950,2,中性盘
489,09:54:27,49.76,104473,21,买盘
490,09:54:30,49.75,84575,17,中性盘
491,09:54:33,49.76,104487,21,卖盘
492,09:54:36,49.76,318458,64,中性盘
493,09:54:39,49.75,114424,23,买盘
494,09:54:42,49.74,119381,24,卖盘
495,09:54:45,49.72,59679,12,卖盘
496,09:54:48,49.72,303298,61,卖盘
497,09:54:51,49.72,412670,83,买盘
498,09:54:54,49.72,104407,21,买盘
499,09:54:57,49.71,263484,53,卖盘
500,09:55:00,49.7,159050,32,卖盘
501,09:55:03,49.71,129228,26,买盘
502,09:55:06,49.7,119280,24,卖盘
503,09:55:09,49.7,268380,54,买盘
504,09:55:12,49.71,218716,44,买盘
505,09:55:15,49.69,223610,45,卖盘
506,09:55:18,49.66,968693,195,卖盘
507,09:55:21,49.62,114148,23,卖盘
508,09:55:24,49.6,441471,89,卖盘
509,09:55:27,49.6,411983,83,卖盘
510,09:55:30,49.58,406749,82,卖盘
511,09:55:33,49.58,198340,40,卖盘
512,09:55:36,49.58,233034,47,卖盘
513,09:55:39,49.57,783318,158,卖盘
514,09:55:42,49.57,84269,17,买盘
515,09:55:45,49.57,223037,45,买盘
516,09:55:48,49.56,148707,30,卖盘
517,09:55:51,49.56,450995,91,卖盘
518,09:55:54,49.55,183340,37,卖盘
519,09:55:57,49.55,639228,129,卖盘
520,09:56:00,49.56,525266,106,买盘
521,09:56:03,49.6,2354743,475,买盘
522,09:56:06,49.6,218270,44,卖盘
523,09:56:09,49.62,104208,21,中性盘
524,09:56:12,49.64,302601,61,买盘
525,09:56:15,49.64,193621,39,买盘
526,09:56:18,49.64,24833,5,卖盘
527,09:56:21,49.64,79424,16,卖盘
528,09:56:24,49.64,69488,14,中性盘
529,09:56:27,49.64,233450,47,卖盘
530,09:56:30,49.6,228285,46,卖盘
531,09:56:33,49.6,54574,11,卖盘
532,09:56:36,49.64,44658,9,买盘
533,09:56:39,49.64,34746,7,买盘
534,09:56:42,49.62,99269,20,中性盘
535,09:56:45,49.62,94281,19,中性盘
536,09:56:48,49.62,44656,9,买盘
537,09:56:51,49.63,84347,17,买盘
538,09:56:54,49.61,124043,25,卖盘
539,09:56:57,49.61,307582,62,卖盘
540,09:57:00,49.6,357142,72,卖盘
541,09:57:03,49.6,282726,57,卖盘
542,09:57:06,49.6,198407,40,卖盘
543,09:57:09,49.61,79356,16,买盘
544,09:57:12,49.6,163684,33,卖盘
545,09:57:15,49.62,252999,51,买盘
546,09:57:18,49.65,1056500,213,买盘
547,09:57:21,49.65,253268,51,卖盘
548,09:57:24,49.73,2008225,404,买盘
549,09:57:27,49.68,114292,23,卖盘
550,09:57:30,49.68,19872,4,卖盘
551,09:57:33,49.68,49690,10,卖盘
552,09:57:36,49.68,59618,12,卖盘
553,09:57:39,49.72,59620,12,中性盘
554,09:57:42,49.67,89424,18,卖盘
555,09:57:45,49.65,288167,58,卖盘
556,09:57:48,49.7,19884,4,中性盘
557,09:57:51,49.7,14911,3,卖盘
558,09:57:54,49.72,64614,13,买盘
559,09:57:57,49.72,64622,13,买盘
560,09:58:00,49.75,1586562,319,买盘
561,09:58:03,49.75,3708448,745,买盘
562,09:58:06,49.8,517852,104,买盘
563,09:58:09,49.78,99577,20,卖盘
564,09:58:12,49.8,732229,147,中性盘
565,09:58:15,49.81,74707,15,中性盘
566,09:58:18,49.8,706898,142,卖盘
567,09:58:21,49.8,109516,22,买盘
568,09:58:24,49.8,179165,36,买盘
569,09:58:27,49.79,59731,12,中性盘
570,09:58:30,49.79,44797,9,买盘
571,09:58:33,49.79,174184,35,买盘
572,09:58:36,49.73,114399,23,卖盘
573,09:58:39,49.7,129253,26,卖盘
574,09:58:42,49.72,54676,11,买盘
575,09:58:45,49.71,19884,4,中性盘
576,09:58:48,49.73,19888,4,买盘
577,09:58:51,49.74,417606,84,买盘
578,09:58:54,49.75,64675,13,买盘
579,09:58:57,49.76,84591,17,买盘
580,09:59:00,49.75,348255,70,卖盘
581,09:59:03,49.76,44790,9,中性盘
582,09:59:06,49.75,164185,33,卖盘
583,09:59:09,49.75,79596,16,中性盘
584,09:59:12,49.74,348212,70,卖盘
585,09:59:15,49.74,79582,16,卖盘
586,09:59:18,49.71,144206,29,卖盘
587,09:59:21,49.7,24853,5,卖盘
588,09:59:24,49.68,506818,102,卖盘
589,09:59:27,49.7,39760,8,买盘
590,09:59:30,49.66,183810,37,卖盘
591,09:59:33,49.7,506895,102,买盘
592,09:59:36,49.66,44699,9,卖盘
593,09:59:39,49.68,14904,3,买盘
594,09:59:42,49.66,1177019,237,卖盘
595,09:59:45,49.69,39747,8,买盘
596,09:59:48,49.68,39744,8,卖盘
597,09:59:51,49.68,29808,6,卖盘
598,09:59:54,49.7,94402,19,买盘
599,10:00:00,49.7,477086,96,买盘
600,10:00:03,49.7,218694,44,卖盘
601,10:00:06,49.7,104387,21,买盘
602,10:00:09,49.69,114293,23,卖盘
603,10:00:12,49.72,869835,175,买盘
604,10:00:15,49.72,49727,10,中性盘
605,10:00:18,49.74,74592,15,买盘
606,10:00:21,49.75,1681302,338,买盘
607,10:00:24,49.75,44782,9,卖盘
608,10:00:27,49.75,64679,13,卖盘
609,10:00:30,49.75,54725,11,卖盘
610,10:00:33,49.75,1687670,339,买盘
611,10:00:36,49.77,313393,63,中性盘
612,10:00:39,49.77,194033,39,买盘
613,10:00:42,49.77,537517,108,买盘
614,10:00:45,49.78,44802,9,买盘
615,10:00:48,49.77,39819,8,卖盘
616,10:00:51,49.78,418151,84,买盘
617,10:00:54,49.77,1448967,291,卖盘
618,10:00:57,49.78,114505,23,卖盘
619,10:01:00,49.79,273836,55,买盘
620,10:01:03,49.78,428196,86,卖盘
621,10:01:06,49.8,89610,18,买盘
622,10:01:09,49.78,89627,18,卖盘
623,10:01:12,49.79,24897,5,中性盘
624,10:01:15,49.8,114527,23,买盘
625,10:01:18,49.8,214133,43,买盘
626,10:01:21,49.75,796383,160,卖盘
627,10:01:24,49.75,313494,63,卖盘
628,10:01:27,49.75,94538,19,卖盘
629,10:01:30,49.75,413146,83,卖盘
630,10:01:33,49.75,64675,13,卖盘
631,10:01:36,49.75,203977,41,卖盘
632,10:01:39,49.75,44777,9,卖盘
633,10:01:42,49.75,114446,23,卖盘
634,10:01:45,49.75,174167,35,买盘
635,10:01:48,49.76,308457,62,中性盘
636,10:01:51,49.72,99492,20,卖盘
637,10:01:54,49.75,14925,3,买盘
638,10:01:57,49.77,39812,8,买盘
639,10:02:00,49.72,114342,23,卖盘
640,10:02:03,49.76,114431,23,买盘
641,10:02:06,49.76,243804,49,买盘
642,10:02:09,49.77,258774,52,买盘
643,10:02:12,49.78,263813,53,买盘
644,10:02:15,49.78,995081,200,买盘
645,10:02:18,49.8,2076515,417,买盘
646,10:02:21,49.78,333603,67,卖盘
647,10:02:24,49.77,94572,19,卖盘
648,10:02:27,49.75,154285,31,卖盘
649,10:02:30,49.75,44790,9,买盘
650,10:02:33,49.75,94525,19,卖盘
651,10:02:36,49.77,104459,21,买盘
652,10:02:39,49.72,233833,47,卖盘
653,10:02:42,49.76,571741,115,中性盘
654,10:02:45,49.75,34834,7,买盘
655,10:02:48,49.71,169021,34,卖盘
656,10:02:51,49.67,1276971,257,卖盘
657,10:02:54,49.71,258387,52,买盘
658,10:02:57,49.66,1082486,218,卖盘
659,10:03:00,49.66,431985,87,买盘
660,10:03:03,49.65,288004,58,卖盘
661,10:03:06,49.63,29782,6,卖盘
662,10:03:09,49.63,377241,76,卖盘
663,10:03:12,49.63,952746,192,卖盘
664,10:03:15,49.67,168818,34,中性盘
665,10:03:18,49.65,44702,9,卖盘
666,10:03:21,49.68,188634,38,买盘
667,10:03:24,49.66,74476,15,中性盘
668,10:03:27,49.63,272996,55,卖盘
669,10:03:30,49.63,134004,27,卖盘
670,10:03:33,49.65,148908,30,买盘
671,10:03:36,49.64,69493,14,卖盘
672,10:03:39,49.66,178702,36,买盘
673,10:03:42,49.65,109226,22,卖盘
674,10:03:45,49.64,54604,11,卖盘
675,10:03:48,49.64,138992,28,卖盘
676,10:03:51,49.64,238272,48,卖盘
677,10:03:54,49.64,14891,3,卖盘
678,10:03:57,49.63,302761,61,卖盘
679,10:04:00,49.64,332585,67,买盘
680,10:04:03,49.64,84375,17,中性盘
681,10:04:06,49.63,69482,14,卖盘
682,10:04:09,49.62,362225,73,卖盘
683,10:04:12,49.61,292706,59,卖盘
684,10:04:15,49.61,2013891,406,卖盘
685,10:04:18,49.61,79374,16,买盘
686,10:04:21,49.59,262849,53,卖盘
687,10:04:24,49.59,109097,22,买盘
688,10:04:27,49.58,104144,21,卖盘
689,10:04:30,49.59,223203,45,中性盘
690,10:04:33,49.6,242996,49,中性盘
691,10:04:36,49.6,69435,14,买盘
692,10:04:39,49.6,228142,46,买盘
693,10:04:42,49.61,138889,28,买盘
694,10:04:45,49.61,94249,19,买盘
695,10:04:48,49.6,173610,35,卖盘
696,10:04:51,49.61,109164,22,中性盘
697,10:04:54,49.61,178603,36,卖盘
698,10:04:57,49.6,29764,6,卖盘
699,10:05:00,49.6,19840,4,卖盘
700,10:05:03,49.62,119073,24,买盘
701,10:05:06,49.62,129016,26,卖盘
702,10:05:09,49.66,322676,65,买盘
703,10:05:12,49.64,104300,21,卖盘
704,10:05:15,49.68,24837,5,买盘
705,10:05:18,49.7,89438,18,买盘
706,10:05:21,49.68,119203,24,中性盘
707,10:05:24,49.69,44704,9,买盘
708,10:05:27,49.65,1593228,321,卖盘
709,10:05:30,49.65,124125,25,买盘
710,10:05:33,49.64,317701,64,卖盘
711,10:05:36,49.64,158840,32,买盘
712,10:05:39,49.66,2528284,509,买盘
713,10:05:42,49.67,183830,37,中性盘
714,10:05:45,49.69,99380,20,买盘
715,10:05:48,49.68,64598,13,中性盘
716,10:05:51,49.68,9936,2,买盘
717,10:05:54,49.68,139068,28,买盘
718,10:05:57,49.7,59636,12,买盘
719,10:06:00,49.7,4970,1,买盘
720,10:06:03,49.69,59631,12,卖盘
721,10:06:06,49.68,750195,151,卖盘
722,10:06:09,49.68,317966,64,卖盘
723,10:06:12,49.69,54668,11,卖盘
724,10:06:15,49.69,64607,13,卖盘
725,10:06:18,49.69,139133,28,卖盘
726,10:06:21,49.7,218642,44,买盘
727,10:06:24,49.7,129212,26,买盘
728,10:06:27,49.69,611243,123,卖盘
729,10:06:30,49.69,74536,15,卖盘
730,10:06:33,49.69,109323,22,买盘
731,10:06:36,49.69,79492,16,买盘
732,10:06:39,49.7,54660,11,买盘
733,10:06:42,49.69,19876,4,卖盘
734,10:06:45,49.69,29816,6,卖盘
735,10:06:48,49.69,29813,6,买盘
736,10:06:51,49.68,69557,14,卖盘
737,10:06:54,49.68,104342,21,卖盘
738,10:06:57,49.71,710644,143,买盘
739,10:07:00,49.74,1168632,235,买盘
740,10:07:03,49.74,54716,11,卖盘
741,10:07:06,49.74,39794,8,卖盘
742,10:07:09,49.78,661654,133,买盘
743,10:07:12,49.75,169206,34,卖盘
744,10:07:15,49.74,104518,21,卖盘
745,10:07:18,49.78,19903,4,买盘
746,10:07:21,49.77,214025,43,中性盘
747,10:07:24,49.78,159289,32,买盘
748,10:07:27,49.79,821317,165,买盘
749,10:07:30,49.79,333572,67,买盘
750,10:07:33,49.79,44809,9,买盘
751,10:07:36,49.78,189185,38,卖盘
752,10:07:39,49.79,74679,15,买盘
753,10:07:42,49.78,174234,35,卖盘
754,10:07:45,49.79,502827,101,买盘
755,10:07:48,49.78,64714,13,卖盘
756,10:07:51,49.78,701930,141,卖盘
757,10:07:54,49.79,746844,150,买盘
758,10:07:57,49.79,582360,117,买盘
759,10:08:00,49.8,109553,22,买盘
760,10:08:03,49.79,468002,94,卖盘
761,10:08:06,49.79,204139,41,买盘
762,10:08:09,49.78,144380,29,卖盘
763,10:08:12,49.78,84633,17,卖盘
764,10:08:15,49.79,318647,64,买盘
765,10:08:18,49.78,89604,18,卖盘
766,10:08:21,49.78,209091,42,买盘
767,10:08:24,49.78,104548,21,卖盘
768,10:08:27,49.77,189158,38,卖盘
769,10:08:30,49.77,129353,26,卖盘
770,10:08:33,49.77,4977,1,买盘
771,10:08:36,49.72,59675,12,卖盘
772,10:08:39,49.72,183963,37,买盘
773,10:08:42,49.71,54682,11,卖盘
774,10:08:45,49.71,64626,13,卖盘
775,10:08:51,49.74,492181,99,买盘
776,10:08:54,49.72,144199,29,卖盘
777,10:08:57,49.76,611938,123,买盘
778,10:09:00,49.76,308471,62,卖盘
779,10:09:03,49.76,328375,66,卖盘
780,10:09:06,49.76,1916618,385,卖盘
781,10:09:09,49.82,6146439,1234,买盘
782,10:09:12,49.83,264121,53,中性盘
783,10:09:15,49.84,428494,86,中性盘
784,10:09:18,49.88,867571,174,买盘
785,10:09:21,49.89,439000,88,买盘
786,10:09:24,49.88,713261,143,卖盘
787,10:09:27,49.88,214464,43,买盘
788,10:09:30,49.88,109736,22,买盘
789,10:09:33,49.87,129659,26,中性盘
790,10:09:36,49.82,354008,71,卖盘
791,10:09:39,49.81,572828,115,卖盘
792,10:09:42,49.79,2135963,429,卖盘
793,10:09:45,49.81,328652,66,买盘
794,10:09:48,49.79,636813,128,中性盘
795,10:09:51,49.81,139423,28,买盘
796,10:09:54,49.8,159371,32,卖盘
797,10:09:57,49.8,368499,74,卖盘
798,10:10:00,49.8,209122,42,买盘
799,10:10:03,49.79,129441,26,卖盘
800,10:10:06,49.79,1414143,284,买盘
801,10:10:09,49.76,94553,19,卖盘
802,10:10:12,49.78,184113,37,买盘
803,10:10:15,49.78,318414,64,买盘
804,10:10:18,49.71,1283331,258,卖盘
805,10:10:21,49.67,422304,85,卖盘
806,10:10:24,49.71,332904,67,买盘
807,10:10:27,49.64,223457,45,卖盘
808,10:10:30,49.64,24819,5,买盘
809,10:10:33,49.63,84381,17,卖盘
810,10:10:36,49.62,158835,32,卖盘
811,10:10:39,49.64,109193,22,卖盘
812,10:10:42,49.64,208459,42,卖盘
813,10:10:45,49.64,208580,42,买盘
814,10:10:48,49.64,69486,14,中性盘
815,10:10:51,49.64,109198,22,买盘
816,10:10:54,49.64,590722,119,卖盘
817,10:10:57,49.62,134015,27,卖盘
818,10:11:00,49.61,1537635,310,卖盘
819,10:11:03,49.61,714002,144,买盘
820,10:11:06,49.58,1615805,326,卖盘
821,10:11:09,49.56,322049,65,中性盘
822,10:11:12,49.54,208051,42,卖盘
823,10:11:15,49.48,6539688,1321,卖盘
824,10:11:18,49.48,771946,156,卖盘
825,10:11:21,49.48,717339,145,卖盘
826,10:11:24,49.48,934941,189,买盘
827,10:11:27,49.5,415634,84,买盘
828,10:11:30,49.48,158381,32,卖盘
829,10:11:33,49.49,207867,42,中性盘
830,10:11:36,49.48,321626,65,卖盘
831,10:11:39,49.48,727345,147,买盘
832,10:11:42,49.47,133591,27,中性盘
833,10:11:45,49.48,494776,100,买盘
834,10:11:48,49.46,1439455,291,卖盘
835,10:11:51,49.46,583642,118,卖盘
836,10:11:54,49.48,118721,24,卖盘
837,10:11:57,49.48,321531,65,中性盘
838,10:12:00,49.48,158282,32,买盘
839,10:12:03,49.47,504569,102,卖盘
840,10:12:06,49.48,455159,92,买盘
841,10:12:09,49.46,489678,99,卖盘
842,10:12:12,49.46,435164,88,买盘
843,10:12:15,49.45,583568,118,卖盘
844,10:12:18,49.46,69244,14,买盘
845,10:12:21,49.47,306633,62,买盘
846,10:12:24,49.47,262114,53,买盘
847,10:12:27,49.47,74191,15,中性盘
848,10:12:30,49.48,187975,38,买盘
849,10:12:33,49.48,103875,21,买盘
850,10:12:36,49.48,440292,89,买盘
851,10:12:39,49.46,173112,35,卖盘
852,10:12:42,49.46,267116,54,卖盘
853,10:12:45,49.46,469802,95,买盘
854,10:12:48,49.45,113738,23,卖盘
855,10:12:51,49.44,776177,157,卖盘
856,10:12:54,49.44,266936,54,买盘
857,10:12:57,49.43,504219,102,卖盘
858,10:13:00,49.42,504155,102,卖盘
859,10:13:03,49.41,336031,68,卖盘
860,10:13:06,49.41,444694,90,卖盘
861,10:13:09,49.41,454622,92,卖盘
862,10:13:12,49.42,118604,24,中性盘
863,10:13:15,49.42,232270,47,卖盘
864,10:13:18,49.42,266830,54,买盘
865,10:13:21,49.42,168014,34,买盘
866,10:13:24,49.43,400278,81,买盘
867,10:13:27,49.42,252044,51,卖盘
868,10:13:30,49.42,291623,59,卖盘
869,10:13:33,49.42,192733,39,卖盘
870,10:13:36,49.44,306506,62,买盘
871,10:13:39,49.45,686930,139,买盘
872,10:13:42,49.44,19776,4,中性盘
873,10:13:45,49.45,232399,47,买盘
874,10:13:48,49.46,103847,21,买盘
875,10:13:51,49.45,257142,52,卖盘
876,10:13:54,49.46,113749,23,买盘
877,10:13:57,49.48,974428,197,买盘
878,10:14:00,49.46,79150,16,中性盘
879,10:14:03,49.45,652777,132,卖盘
880,10:14:06,49.45,148337,30,卖盘
881,10:14:09,49.46,301669,61,买盘
882,10:14:12,49.46,212699,43,卖盘
883,10:14:15,49.46,74190,15,卖盘
884,10:14:18,49.5,910449,184,买盘
885,10:14:21,49.52,708043,143,买盘
886,10:14:24,49.48,59411,12,卖盘
887,10:14:27,49.52,138678,28,中性盘
888,10:14:30,49.52,79224,16,卖盘
889,10:14:33,49.51,84171,17,买盘
890,10:14:36,49.5,29700,6,卖盘
891,10:14:39,49.51,94068,19,买盘
892,10:14:42,49.51,44560,9,卖盘
893,10:14:45,49.52,158441,32,买盘
894,10:14:48,49.52,99040,20,买盘
895,10:14:51,49.52,64378,13,卖盘
896,10:14:54,49.52,64376,13,卖盘
897,10:14:57,49.55,252653,51,买盘
898,10:15:00,49.53,89155,18,卖盘
899,10:15:03,49.56,24774,5,买盘
900,10:15:06,49.55,168482,34,卖盘
901,10:15:09,49.55,49557,10,买盘
902,10:15:12,49.57,431149,87,买盘
903,10:15:15,49.55,29731,6,中性盘
904,10:15:18,49.62,237974,48,买盘
905,10:15:21,49.55,99149,20,卖盘
906,10:15:24,49.61,14883,3,买盘
907,10:15:30,49.64,243196,49,买盘
908,10:15:33,49.64,133997,27,卖盘
909,10:15:36,49.64,367201,74,中性盘
910,10:15:39,49.64,134014,27,买盘
911,10:15:42,49.65,79396,16,买盘
912,10:15:45,49.65,158869,32,买盘
913,10:15:48,49.6,461818,93,卖盘
914,10:15:51,49.6,44640,9,卖盘
915,10:15:54,49.61,64517,13,卖盘
916,10:15:57,49.62,119051,24,买盘
917,10:16:00,49.63,69482,14,买盘
918,10:16:03,49.77,1157433,233,买盘
919,10:16:06,49.7,129356,26,中性盘
920,10:16:09,49.77,213974,43,买盘
921,10:16:12,49.77,69612,14,买盘
922,10:16:15,49.71,164054,33,卖盘
923,10:16:18,49.75,24875,5,买盘
924,10:16:21,49.71,164217,33,卖盘
925,10:16:24,49.69,149090,30,卖盘
926,10:16:27,49.7,69564,14,中性盘
927,10:16:30,49.7,154069,31,中性盘
928,10:16:33,49.71,99410,20,买盘
929,10:16:36,49.71,34796,7,卖盘
930,10:16:39,49.68,223669,45,卖盘
931,10:16:42,49.68,104320,21,中性盘
932,10:16:45,49.68,134187,27,卖盘
933,10:16:48,49.68,49683,10,卖盘
934,10:16:51,49.68,29808,6,卖盘
935,10:16:54,49.71,64597,13,买盘
936,10:16:57,49.69,34783,7,卖盘
937,10:17:00,49.69,4969,1,中性盘
938,10:17:03,49.69,129175,26,买盘
939,10:17:06,49.69,49682,10,买盘
940,10:17:09,49.69,44718,9,买盘
941,10:17:12,49.68,79486,16,卖盘
942,10:17:15,49.6,1136967,229,卖盘
943,10:17:18,49.64,34742,7,中性盘
944,10:17:21,49.61,2514463,506,卖盘
945,10:17:24,49.64,114182,23,中性盘
946,10:17:27,49.64,551217,111,买盘
947,10:17:30,49.64,19856,4,买盘
948,10:17:33,49.61,124026,25,卖盘
949,10:17:36,49.62,347571,70,中性盘
950,10:17:39,49.65,69493,14,买盘
951,10:17:42,49.61,4961,1,中性盘
952,10:17:45,49.6,89300,18,卖盘
953,10:17:48,49.61,4961,1,卖盘
954,10:17:51,49.6,64483,13,卖盘
955,10:17:54,49.61,49610,10,卖盘
956,10:17:57,49.61,114103,23,卖盘
957,10:18:00,49.6,545609,110,卖盘
958,10:18:03,49.6,148800,30,卖盘
959,10:18:06,49.6,44642,9,卖盘
960,10:18:09,49.6,14880,3,卖盘
961,10:18:12,49.6,183469,37,卖盘
962,10:18:15,49.6,24800,5,卖盘
963,10:18:18,49.6,54537,11,卖盘
964,10:18:21,49.6,282729,57,买盘
965,10:18:24,49.6,456396,92,买盘
966,10:18:27,49.6,292644,59,卖盘
967,10:18:30,49.6,243040,49,买盘
968,10:18:33,49.61,223213,45,买盘
969,10:18:36,49.61,59531,12,买盘
970,10:18:39,49.6,79368,16,卖盘
971,10:18:42,49.59,262861,53,卖盘
972,10:18:45,49.6,84316,17,买盘
973,10:18:48,49.58,366901,74,卖盘
974,10:18:51,49.58,29744,6,中性盘
975,10:18:54,49.57,59484,12,卖盘
976,10:18:57,49.57,54524,11,卖盘
977,10:19:00,49.54,990920,200,卖盘
978,10:19:03,49.52,658717,133,卖盘
979,10:19:06,49.51,173285,35,卖盘
980,10:19:09,49.53,34671,7,卖盘
981,10:19:12,49.56,29721,6,买盘
982,10:19:15,49.52,103993,21,卖盘
983,10:19:18,49.55,89156,18,中性盘
984,10:19:21,49.55,59436,12,中性盘
985,10:19:24,49.52,24760,5,卖盘
986,10:19:27,49.53,34675,7,中性盘
987,10:19:30,49.52,108944,22,卖盘
988,10:19:33,49.52,79244,16,卖盘
989,10:19:36,49.52,79232,16,卖盘
990,10:19:39,49.52,673331,136,买盘
991,10:19:42,49.52,108910,22,买盘
992,10:19:45,49.52,118820,24,买盘
993,10:19:48,49.55,524911,106,买盘
994,10:19:51,49.51,282738,57,卖盘
995,10:19:54,49.52,217819,44,买盘
996,10:19:57,49.51,34664,7,卖盘
997,10:20:00,49.5,257428,52,卖盘
998,10:20:03,49.5,34651,7,卖盘
999,10:20:06,49.51,44559,9,卖盘
1000,10:20:09,49.5,638583,129,卖盘
1001,10:20:12,49.5,272279,55,卖盘
1002,10:20:15,49.5,469755,95,卖盘
1003,10:20:18,49.49,371213,75,卖盘
1004,10:20:21,49.5,128676,26,买盘
1005,10:20:24,49.49,385985,78,卖盘
1006,10:20:27,49.49,252344,51,买盘
1007,10:20:30,49.47,227562,46,卖盘
1008,10:20:33,49.48,153344,31,买盘
1009,10:20:36,49.46,168191,34,卖盘
1010,10:20:39,49.46,380842,77,卖盘
1011,10:20:42,49.46,103862,21,卖盘
1012,10:20:45,49.46,247262,50,买盘
1013,10:20:48,49.46,267052,54,买盘
1014,10:20:51,49.45,316511,64,卖盘
1015,10:20:54,49.45,247232,50,卖盘
1016,10:20:57,49.44,177987,36,卖盘
1017,10:21:00,49.43,84032,17,卖盘
1018,10:21:03,49.45,642680,130,买盘
1019,10:21:06,49.47,291745,59,买盘
1020,10:21:09,49.5,801441,162,买盘
1021,10:21:12,49.49,648888,131,卖盘
1022,10:21:15,49.49,197924,40,卖盘
1023,10:21:18,49.49,59382,12,卖盘
1024,10:21:21,49.49,311790,63,中性盘
1025,10:21:24,49.51,346409,70,中性盘
1026,10:21:27,49.52,252510,51,买盘
1027,10:21:30,49.51,163295,33,中性盘
1028,10:21:33,49.51,59411,12,中性盘
1029,10:21:36,49.52,391201,79,买盘
1030,10:21:39,49.51,128714,26,卖盘
1031,10:21:42,49.52,514809,104,买盘
1032,10:21:45,49.5,633635,128,卖盘
1033,10:21:48,49.49,207821,42,卖盘
1034,10:21:51,49.49,163291,33,卖盘
1035,10:21:54,49.45,123649,25,卖盘
1036,10:21:57,49.45,39572,8,卖盘
1037,10:22:00,49.45,192893,39,卖盘
1038,10:22:03,49.52,1781907,360,买盘
1039,10:22:06,49.5,544564,110,卖盘
1040,10:22:09,49.5,331651,67,卖盘
1041,10:22:12,49.5,94070,19,卖盘
1042,10:22:15,49.5,648681,131,卖盘
1043,10:22:18,49.5,94050,19,卖盘
1044,10:22:21,49.49,94039,19,卖盘
1045,10:22:24,49.49,84135,17,卖盘
1046,10:22:27,49.5,475136,96,买盘
1047,10:22:30,49.5,74225,15,买盘
1048,10:22:33,49.5,44546,9,买盘
1049,10:22:36,49.49,183137,37,卖盘
1050,10:22:39,49.5,113840,23,买盘
1051,10:22:42,49.53,227736,46,买盘
1052,10:22:45,49.54,123828,25,买盘
1053,10:22:48,49.53,123826,25,卖盘
1054,10:22:51,49.54,113924,23,买盘
1055,10:22:54,49.53,84202,17,卖盘
1056,10:22:57,49.55,163476,33,买盘
1057,10:23:00,49.56,183330,37,买盘
1058,10:23:03,49.56,237895,48,买盘
1059,10:23:06,49.56,84264,17,卖盘
1060,10:23:09,49.59,64432,13,买盘
1061,10:23:12,49.59,242960,49,买盘
1062,10:23:15,49.61,317442,64,买盘
1063,10:23:18,49.59,89265,18,卖盘
1064,10:23:21,49.61,138881,28,卖盘
1065,10:23:24,49.61,84337,17,卖盘
1066,10:23:27,49.61,2597505,523,买盘
1067,10:23:30,49.59,579841,117,卖盘
1068,10:23:33,49.58,470720,95,中性盘
1069,10:23:36,49.54,153649,31,卖盘
1070,10:23:39,49.6,109059,22,买盘
1071,10:23:42,49.55,14865,3,卖盘
1072,10:23:45,49.6,69405,14,买盘
1073,10:23:48,49.54,64403,13,卖盘
1074,10:23:51,49.58,54529,11,买盘
1075,10:23:54,49.55,34685,7,卖盘
1076,10:23:57,49.56,337196,68,卖盘
1077,10:24:00,49.6,421268,85,买盘
1078,10:24:03,49.56,198328,40,卖盘
1079,10:24:06,49.56,94167,19,卖盘
1080,10:24:09,49.56,123900,25,卖盘
1081,10:24:12,49.58,104102,21,买盘
1082,10:24:15,49.58,366700,74,买盘
1083,10:24:18,49.56,64428,13,卖盘
1084,10:24:21,49.54,203131,41,卖盘
1085,10:24:24,49.54,99119,20,卖盘
1086,10:24:27,49.55,29731,6,卖盘
1087,10:24:30,49.59,223053,45,买盘
1088,10:24:33,49.61,441458,89,买盘
1089,10:24:36,49.59,332602,67,卖盘
1090,10:24:39,49.64,64495,13,中性盘
1091,10:24:42,49.61,79376,16,卖盘
1092,10:24:45,49.61,104191,21,卖盘
1093,10:24:48,49.62,109150,22,中性盘
1094,10:24:51,49.67,143929,29,买盘
1095,10:24:54,49.68,79448,16,买盘
1096,10:24:57,49.68,49678,10,买盘
1097,10:25:00,49.73,1098211,221,买盘
1098,10:25:03,49.69,223673,45,卖盘
1099,10:25:06,49.69,332988,67,卖盘
1100,10:25:09,49.7,69573,14,中性盘
1101,10:25:12,49.7,253456,51,买盘
1102,10:25:15,49.71,129233,26,买盘
1103,10:25:18,49.72,198864,40,买盘
1104,10:25:21,49.74,89512,18,买盘
1105,10:25:24,49.75,149214,30,买盘
1106,10:25:27,49.75,666640,134,买盘
1107,10:25:30,49.76,726309,146,买盘
1108,10:25:33,49.77,706521,142,买盘
1109,10:25:36,49.76,751264,151,卖盘
1110,10:25:39,49.78,378248,76,买盘
1111,10:25:42,49.76,856120,172,卖盘
1112,10:25:45,49.73,646707,130,卖盘
1113,10:25:48,49.75,243557,49,中性盘
1114,10:25:51,49.73,407850,82,卖盘
1115,10:25:54,49.71,1164323,234,中性盘
1116,10:25:57,49.75,1288602,259,买盘
1117,10:26:00,49.77,626668,126,中性盘
1118,10:26:03,49.84,11481277,2305,买盘
1119,10:26:06,49.88,673106,135,买盘
1120,10:26:09,49.84,244260,49,卖盘
1121,10:26:12,49.9,4386124,879,买盘
1122,10:26:15,49.93,1631945,327,买盘
1123,10:26:18,49.93,738688,148,买盘
1124,10:26:21,49.94,1102826,221,买盘
1125,10:26:24,49.94,738595,148,中性盘
1126,10:26:27,49.94,568934,114,买盘
1127,10:26:30,49.88,668637,134,中性盘
1128,10:26:33,49.93,384261,77,买盘
1129,10:26:36,49.92,473846,95,中性盘
1130,10:26:39,49.88,319210,64,卖盘
1131,10:26:42,49.83,658140,132,卖盘
1132,10:26:45,49.83,558320,112,卖盘
1133,10:26:48,49.92,633792,127,买盘
1134,10:26:51,49.85,224258,45,卖盘
1135,10:26:54,49.9,369192,74,买盘
1136,10:26:57,49.86,578598,116,中性盘
1137,10:27:00,49.9,1405873,282,中性盘
1138,10:27:03,49.91,698593,140,中性盘
1139,10:27:06,49.9,543959,109,卖盘
1140,10:27:09,49.86,334124,67,中性盘
1141,10:27:12,49.91,558757,112,买盘
1142,10:27:15,49.92,264456,53,买盘
1143,10:27:18,49.92,473756,95,买盘
1144,10:27:21,49.91,444150,89,买盘
1145,10:27:24,49.91,1098079,220,买盘
1146,10:27:27,49.91,1212792,243,卖盘
1147,10:27:30,49.92,1287762,258,中性盘
1148,10:27:33,49.98,7013478,1404,买盘
1149,10:27:36,49.99,884462,177,买盘
1150,10:27:39,49.93,918850,184,卖盘
1151,10:27:42,49.92,1313428,263,卖盘
1152,10:27:45,49.86,668856,134,卖盘
1153,10:27:48,49.92,763168,153,买盘
1154,10:27:51,49.92,473970,95,买盘
1155,10:27:54,49.9,354134,71,卖盘
1156,10:27:57,49.92,404031,81,买盘
1157,10:28:00,49.91,369083,74,买盘
1158,10:28:03,49.83,1499912,301,卖盘
1159,10:28:06,49.73,587380,118,卖盘
1160,10:28:09,49.71,159044,32,卖盘
1161,10:28:12,49.81,5215592,1045,买盘
1162,10:28:15,49.84,1755959,353,买盘
1163,10:28:18,49.75,174276,35,卖盘
1164,10:28:21,49.84,1354135,272,买盘
1165,10:28:24,49.84,3707431,744,卖盘
1166,10:28:27,49.8,1706751,343,卖盘
1167,10:28:30,49.82,398301,80,买盘
1168,10:28:33,49.82,338401,68,买盘
1169,10:28:36,49.8,746681,150,卖盘
1170,10:28:39,49.8,308588,62,买盘
1171,10:28:42,49.8,253878,51,买盘
1172,10:28:45,49.8,204212,41,卖盘
1173,10:28:48,49.8,318591,64,买盘
1174,10:28:51,49.79,457843,92,卖盘
1175,10:28:54,49.81,492543,99,买盘
1176,10:28:57,49.81,423099,85,买盘
1177,10:29:00,49.8,487826,98,中性盘
1178,10:29:03,49.81,602404,121,买盘
1179,10:29:06,49.81,472768,95,买盘
1180,10:29:09,49.76,318180,64,中性盘
1181,10:29:12,49.79,308454,62,买盘
1182,10:29:15,49.73,169190,34,卖盘
1183,10:29:18,49.73,283513,57,中性盘
1184,10:29:21,49.77,278611,56,中性盘
1185,10:29:24,49.79,203919,41,买盘
1186,10:29:27,49.79,547270,110,买盘
1187,10:29:30,49.79,193982,39,买盘
1188,10:29:33,49.75,403018,81,卖盘
1189,10:29:36,49.78,621955,125,买盘
1190,10:29:39,49.79,567273,114,买盘
1191,10:29:42,49.79,368205,74,买盘
1192,10:29:45,49.79,432970,87,买盘
1193,10:29:48,49.75,213964,43,卖盘
1194,10:29:51,49.76,731338,147,卖盘
1195,10:29:54,49.77,422785,85,买盘
1196,10:29:57,49.77,353092,71,中性盘
1197,10:30:00,49.75,223876,45,中性盘
1198,10:30:03,49.75,273480,55,买盘
1199,10:30:06,49.7,84499,17,卖盘
1200,10:30:09,49.73,283318,57,中性盘
1201,10:30:12,49.73,387752,78,买盘
1202,10:30:15,49.72,273445,55,中性盘
1203,10:30:18,49.72,203791,41,买盘
1204,10:30:21,49.69,546682,110,卖盘
1205,10:30:24,49.69,750029,151,买盘
1206,10:30:27,49.68,138929,28,卖盘
1207,10:30:30,49.6,1066437,215,卖盘
1208,10:30:33,49.6,247906,50,买盘
1209,10:30:36,49.59,282506,57,中性盘
1210,10:30:39,49.6,272595,55,买盘
1211,10:30:42,49.61,669253,135,买盘
1212,10:30:45,49.61,208437,42,中性盘
1213,10:30:48,49.61,19850,4,卖盘
1214,10:30:51,49.61,64500,13,卖盘
1215,10:30:54,49.7,243434,49,买盘
1216,10:30:57,49.69,2494702,502,卖盘
1217,10:31:00,49.69,54633,11,买盘
1218,10:31:03,49.7,39738,8,买盘
1219,10:31:06,49.7,288276,58,买盘
1220,10:31:09,49.67,59612,12,卖盘
1221,10:31:12,49.72,84538,17,买盘
1222,10:31:15,49.72,144129,29,卖盘
1223,10:31:18,49.74,59675,12,买盘
1224,10:31:21,49.73,104439,21,中性盘
1225,10:31:24,49.74,502452,101,买盘
1226,10:31:27,49.78,119392,24,买盘
1227,10:31:30,49.72,397770,80,卖盘
1228,10:31:33,49.78,1163523,234,买盘
1229,10:31:36,49.75,14931,3,卖盘
1230,10:31:39,49.75,44770,9,卖盘
1231,10:31:42,49.75,24872,5,买盘
1232,10:31:45,49.79,398163,80,买盘
1233,10:31:48,49.75,119447,24,卖盘
1234,10:31:51,49.75,333400,67,卖盘
1235,10:31:54,49.75,59700,12,买盘
1236,10:31:57,49.75,89533,18,买盘
1237,10:32:00,49.73,54723,11,卖盘
1238,10:32:03,49.75,109450,22,买盘
1239,10:32:09,49.73,64655,13,卖盘
1240,10:32:12,49.73,208845,42,卖盘
1241,10:32:15,49.72,740794,149,卖盘
1242,10:32:18,49.7,2775710,558,卖盘
1243,10:32:21,49.71,54671,11,买盘
1244,10:32:24,49.7,69575,14,中性盘
1245,10:32:27,49.69,104363,21,卖盘
1246,10:32:30,49.71,203794,41,买盘
1247,10:32:33,49.72,104416,21,买盘
1248,10:32:36,49.73,54703,11,买盘
1249,10:32:39,49.75,9949,2,买盘
1250,10:32:42,49.73,79584,16,卖盘
1251,10:32:45,49.73,9946,2,买盘
1252,10:32:48,49.75,487548,98,买盘
1253,10:32:51,49.75,124370,25,买盘
1254,10:32:54,49.75,49750,10,买盘
1255,10:32:57,49.75,646867,130,买盘
1256,10:33:00,49.79,233997,47,买盘
1257,10:33:03,49.76,243968,49,中性盘
1258,10:33:06,49.79,79664,16,买盘
1259,10:33:09,49.79,29871,6,买盘
1260,10:33:12,49.8,1414285,284,买盘
1261,10:33:15,49.81,124502,25,买盘
1262,10:33:18,49.81,408411,82,买盘
1263,10:33:21,49.8,49800,10,卖盘
1264,10:33:24,49.8,109567,22,卖盘
1265,10:33:27,49.78,1165306,234,卖盘
1266,10:33:30,49.78,189077,38,卖盘
1267,10:33:33,49.78,373200,75,买盘
1268,10:33:36,49.77,44783,9,中性盘
1269,10:33:39,49.73,204007,41,卖盘
1270,10:33:42,49.73,39784,8,买盘
1271,10:33:45,49.76,34835,7,买盘
1272,10:33:48,49.73,49749,10,卖盘
1273,10:33:51,49.76,84592,17,中性盘
1274,10:33:54,49.74,149212,30,卖盘
1275,10:33:57,49.75,34824,7,买盘
1276,10:34:00,49.74,39798,8,卖盘
1277,10:34:03,49.69,2783488,560,卖盘
1278,10:34:06,49.69,114319,23,卖盘
1279,10:34:09,49.69,198798,40,卖盘
1280,10:34:12,49.72,2529350,508,中性盘
1281,10:34:15,49.73,79554,16,买盘
1282,10:34:18,49.73,19886,4,买盘
1283,10:34:21,49.73,24865,5,买盘
1284,10:34:24,49.7,69581,14,卖盘
1285,10:34:27,49.73,114361,23,买盘
1286,10:34:30,49.7,9940,2,卖盘
1287,10:34:33,49.7,39767,8,卖盘
1288,10:34:36,49.7,9940,2,卖盘
1289,10:34:39,49.7,69590,14,卖盘
1290,10:34:42,49.71,44738,9,买盘
1291,10:34:45,49.72,49711,10,买盘
1292,10:34:48,49.7,1272346,256,卖盘
1293,10:34:51,49.7,14910,3,卖盘
1294,10:34:54,49.7,34794,7,卖盘
1295,10:34:57,49.71,2556910,514,买盘
1296,10:35:00,49.71,238607,48,卖盘
1297,10:35:03,49.7,208803,42,卖盘
1298,10:35:06,49.71,44732,9,中性盘
1299,10:35:09,49.69,382715,77,卖盘
1300,10:35:12,49.69,168969,34,卖盘
1301,10:35:15,49.7,109325,22,买盘
1302,10:35:18,49.7,144126,29,买盘
1303,10:35:21,49.7,178902,36,买盘
1304,10:35:24,49.69,49693,10,卖盘
1305,10:35:27,49.7,3233211,650,买盘
1306,10:35:30,49.7,144122,29,买盘
1307,10:35:33,49.7,49700,10,买盘
1308,10:35:36,49.7,4970,1,买盘
1309,10:35:39,49.7,84490,17,买盘
1310,10:35:42,49.7,14908,3,买盘
1311,10:35:45,49.69,9939,2,卖盘
1312,10:35:48,49.7,536759,108,买盘
1313,10:35:51,49.71,29821,6,中性盘
1314,10:35:54,49.7,4970,1,卖盘
1315,10:35:57,49.71,14911,3,中性盘
1316,10:36:00,49.71,19883,4,买盘
1317,10:36:03,49.7,670951,135,卖盘
1318,10:36:06,49.71,29825,6,买盘
1319,10:36:09,49.7,9940,2,卖盘
1320,10:36:12,49.71,119303,24,买盘
1321,10:36:15,49.71,24853,5,买盘
1322,10:36:18,49.71,44739,9,买盘
1323,10:36:21,49.71,134217,27,买盘
1324,10:36:24,49.71,54673,11,买盘
1325,10:36:27,49.7,104370,21,卖盘
1326,10:36:30,49.7,94448,19,卖盘
1327,10:36:33,49.71,402578,81,买盘
1328,10:36:36,49.7,109340,22,卖盘
1329,10:36:39,49.69,790145,159,卖盘
1330,10:36:42,49.7,14908,3,买盘
1331,10:36:45,49.7,159025,32,买盘
1332,10:36:48,49.69,1162729,234,卖盘
1333,10:36:51,49.69,19874,4,买盘
1334,10:36:54,49.68,39746,8,卖盘
1335,10:36:57,49.68,99362,20,卖盘
1336,10:37:00,49.68,337837,68,卖盘
1337,10:37:03,49.68,228528,46,卖盘
1338,10:37:06,49.68,44712,9,卖盘
1339,10:37:09,49.68,29808,6,卖盘
1340,10:37:12,49.68,158980,32,卖盘
1341,10:37:15,49.69,208665,42,买盘
1342,10:37:18,49.68,79493,16,卖盘
1343,10:37:21,49.67,387502,78,卖盘
1344,10:37:24,49.67,29806,6,卖盘
1345,10:37:27,49.64,431977,87,卖盘
1346,10:37:30,49.64,4964,1,买盘
1347,10:37:33,49.64,64523,13,买盘
1348,10:37:36,49.64,243233,49,买盘
1349,10:37:39,49.63,19852,4,卖盘
1350,10:37:42,49.64,168769,34,买盘
1351,10:37:45,49.64,44670,9,买盘
1352,10:37:48,49.64,54599,11,买盘
1353,10:37:51,49.63,163798,33,卖盘
1354,10:37:54,49.64,69491,14,买盘
1355,10:38:00,49.64,218416,44,买盘
1356,10:38:03,49.63,19855,4,卖盘
1357,10:38:06,49.65,39713,8,买盘
1358,10:38:12,49.64,19857,4,卖盘
1359,10:38:15,49.63,64524,13,卖盘
1360,10:38:18,49.64,89352,18,卖盘
1361,10:38:21,49.64,24820,5,卖盘
1362,10:38:24,49.65,4965,1,买盘
1363,10:38:27,49.65,4965,1,买盘
1364,10:38:30,49.64,29785,6,卖盘
1365,10:38:33,49.63,272993,55,卖盘
1366,10:38:36,49.62,228288,46,卖盘
1367,10:38:39,49.63,29776,6,中性盘
1368,10:38:42,49.62,208404,42,卖盘
1369,10:38:45,49.65,526165,106,买盘
1370,10:38:48,49.65,198591,40,买盘
1371,10:38:51,49.65,14895,3,卖盘
1372,10:38:54,49.66,39719,8,买盘
1373,10:38:57,49.65,49650,10,中性盘
1374,10:39:00,49.64,14892,3,卖盘
1375,10:39:03,49.65,104250,21,买盘
1376,10:39:06,49.63,29779,6,卖盘
1377,10:39:09,49.62,620273,125,卖盘
1378,10:39:12,49.63,104218,21,买盘
1379,10:39:15,49.63,461607,93,买盘
1380,10:39:21,49.63,109186,22,卖盘
1381,10:39:24,49.65,24822,5,买盘
1382,10:39:27,49.65,387081,78,买盘
1383,10:39:30,49.62,14886,3,卖盘
1384,10:39:33,49.63,29779,6,卖盘
1385,10:39:36,49.62,521032,105,卖盘
1386,10:39:39,49.61,262982,53,卖盘
1387,10:39:42,49.61,69458,14,卖盘
1388,10:39:45,49.61,34727,7,卖盘
1389,10:39:48,49.62,19848,4,买盘
1390,10:39:51,49.61,69458,14,卖盘
1391,10:39:54,49.61,585513,118,卖盘
1392,10:39:57,49.63,391993,79,买盘
1393,10:40:00,49.64,69492,14,买盘
1394,10:40:03,49.64,114189,23,卖盘
1395,10:40:06,49.69,148996,30,买盘
1396,10:40:09,49.69,208714,42,买盘
1397,10:40:12,49.71,188844,38,买盘
1398,10:40:15,49.72,109363,22,买盘
1399,10:40:18,49.71,29826,6,卖盘
1400,10:40:21,49.69,19880,4,卖盘
1401,10:40:24,49.69,59647,12,卖盘
1402,10:40:27,49.69,44721,9,买盘
1403,10:40:30,49.69,54659,11,买盘
1404,10:40:33,49.7,64620,13,中性盘
1405,10:40:36,49.72,54674,11,买盘
1406,10:40:39,49.71,24853,5,买盘
1407,10:40:42,49.7,29820,6,卖盘
1408,10:40:45,49.69,24851,5,卖盘
1409,10:40:48,49.71,24855,5,买盘
1410,10:40:51,49.72,34802,7,买盘
1411,10:40:54,49.72,69586,14,买盘
1412,10:40:57,49.71,4971,1,中性盘
1413,10:41:00,49.72,19888,4,买盘
1414,10:41:06,49.72,29829,6,买盘
1415,10:41:09,49.71,39775,8,卖盘
1416,10:41:12,49.72,164058,33,买盘
1417,10:41:15,49.7,54684,11,卖盘
1418,10:41:18,49.71,64616,13,中性盘
1419,10:41:21,49.7,19880,4,卖盘
1420,10:41:24,49.71,54671,11,买盘
1421,10:41:27,49.71,24852,5,买盘
1422,10:41:30,49.7,74562,15,卖盘
1423,10:41:33,49.71,89467,18,买盘
1424,10:41:36,49.71,173955,35,买盘
1425,10:41:39,49.7,313116,63,卖盘
1426,10:41:42,49.7,119284,24,买盘
1427,10:41:45,49.7,134206,27,卖盘
1428,10:41:48,49.7,233554,47,卖盘
1429,10:41:51,49.69,74545,15,卖盘
1430,10:41:54,49.7,24848,5,买盘
1431,10:41:57,49.7,104363,21,买盘
1432,10:42:00,49.7,64608,13,买盘
1433,10:42:03,49.7,59651,12,卖盘
1434,10:42:06,49.7,114312,23,卖盘
1435,10:42:09,49.69,29818,6,卖盘
1436,10:42:12,49.69,69576,14,卖盘
1437,10:42:15,49.69,39758,8,卖盘
1438,10:42:18,49.68,99366,20,卖盘
1439,10:42:21,49.68,59619,12,卖盘
1440,10:42:24,49.68,49684,10,卖盘
1441,10:42:27,49.69,99376,20,买盘
1442,10:42:30,49.69,377658,76,买盘
1443,10:42:33,49.71,109359,22,买盘
1444,10:42:36,49.68,39748,8,卖盘
1445,10:42:39,49.7,34789,7,买盘
1446,10:42:42,49.69,14907,3,买盘
1447,10:42:45,49.68,9936,2,卖盘
1448,10:42:48,49.68,59625,12,卖盘
1449,10:42:51,49.69,19874,4,买盘
1450,10:42:54,49.69,84479,17,卖盘
1451,10:42:57,49.69,34783,7,买盘
1452,10:43:00,49.69,39754,8,中性盘
1453,10:43:03,49.7,14910,3,买盘
1454,10:43:06,49.7,64609,13,买盘
1455,10:43:09,49.7,99381,20,买盘
1456,10:43:12,49.69,34783,7,卖盘
1457,10:43:15,49.69,89450,18,卖盘
1458,10:43:18,49.7,119271,24,卖盘
1459,10:43:21,49.7,44730,9,买盘
1460,10:43:24,49.7,74549,15,买盘
1461,10:43:27,49.7,99400,20,买盘
1462,10:43:30,49.71,29826,6,买盘
1463,10:43:33,49.71,64613,13,买盘
1464,10:43:36,49.71,34795,7,买盘
1465,10:43:42,49.71,4971,1,买盘
1466,10:43:45,49.7,442328,89,卖盘
1467,10:43:48,49.7,397600,80,买盘
1468,10:43:51,49.7,84490,17,买盘
1469,10:43:54,49.7,337959,68,买盘
1470,10:43:57,49.7,129231,26,中性盘
1471,10:44:00,49.69,308088,62,卖盘
1472,10:44:03,49.7,397634,80,买盘
1473,10:44:06,49.7,427419,86,卖盘
1474,10:44:09,49.71,34794,7,买盘
1475,10:44:12,49.71,134200,27,买盘
1476,10:44:15,49.71,815238,164,买盘
1477,10:44:18,49.73,2356356,474,买盘
1478,10:44:21,49.74,193972,39,买盘
1479,10:44:24,49.76,432890,87,买盘
1480,10:44:27,49.79,353367,71,买盘
1481,10:44:30,49.81,587643,118,买盘
1482,10:44:33,49.79,313795,63,卖盘
1483,10:44:36,49.81,159373,32,买盘
1484,10:44:39,49.81,258964,52,买盘
1485,10:44:42,49.8,84656,17,中性盘
1486,10:44:45,49.81,79675,16,买盘
1487,10:44:48,49.77,89640,18,卖盘
1488,10:44:51,49.8,89619,18,买盘
1489,10:44:54,49.79,14939,3,中性盘
1490,10:44:57,49.77,34838,7,中性盘
1491,10:45:00,49.75,64681,13,卖盘
1492,10:45:03,49.78,34845,7,买盘
1493,10:45:06,49.75,74646,15,卖盘
1494,10:45:09,49.78,54745,11,买盘
1495,10:45:12,49.78,94564,19,买盘
1496,10:45:15,49.8,1274857,256,买盘
1497,10:45:18,49.82,463263,93,买盘
1498,10:45:21,49.82,383604,77,买盘
1499,10:45:24,49.83,34879,7,买盘
1500,10:45:27,49.83,49830,10,买盘
1501,10:45:30,49.83,194304,39,买盘
1502,10:45:33,49.82,84692,17,买盘
1503,10:45:36,49.76,3381045,679,卖盘
1504,10:45:39,49.75,174174,35,卖盘
1505,10:45:42,49.79,69678,14,买盘
1506,10:45:45,49.72,199083,40,卖盘
1507,10:45:48,49.75,383078,77,中性盘
1508,10:45:51,49.77,49750,10,买盘
1509,10:45:54,49.76,134379,27,中性盘
1510,10:45:57,49.76,348171,70,卖盘
1511,10:46:00,49.74,89553,18,卖盘
1512,10:46:03,49.7,4095571,824,卖盘
1513,10:46:06,49.74,149233,30,中性盘
1514,10:46:09,49.75,204005,41,买盘
1515,10:46:12,49.75,44774,9,卖盘
1516,10:46:15,49.73,149183,30,卖盘
1517,10:46:18,49.75,283568,57,买盘
1518,10:46:21,49.71,94449,19,卖盘
1519,10:46:24,49.72,4972,1,中性盘
1520,10:46:27,49.73,134227,27,买盘
1521,10:46:30,49.73,29838,6,卖盘
1522,10:46:33,49.72,164084,33,卖盘
1523,10:46:36,49.72,29837,6,中性盘
1524,10:46:39,49.72,9944,2,中性盘
1525,10:46:42,49.72,4972,1,买盘
1526,10:46:45,49.73,39780,8,买盘
1527,10:46:48,49.72,24860,5,中性盘
1528,10:46:54,49.72,14916,3,买盘
1529,10:46:57,49.72,34804,7,卖盘
1530,10:47:00,49.73,174038,35,买盘
1531,10:47:06,49.73,49731,10,卖盘
1532,10:47:09,49.73,4973,1,卖盘
1533,10:47:12,49.74,39785,8,买盘
1534,10:47:15,49.74,99471,20,买盘
1535,10:47:18,49.74,84558,17,卖盘
1536,10:47:21,49.73,1089189,219,卖盘
1537,10:47:24,49.71,14913,3,卖盘
1538,10:47:27,49.71,9943,2,卖盘
1539,10:47:30,49.72,218744,44,买盘
1540,10:47:33,49.71,4971,1,卖盘
1541,10:47:36,49.71,387740,78,卖盘
1542,10:47:39,49.71,59652,12,卖盘
1543,10:47:42,49.72,14914,3,买盘
1544,10:47:45,49.71,14913,3,卖盘
1545,10:47:51,49.71,124278,25,卖盘
1546,10:47:54,49.7,39760,8,卖盘
1547,10:47:57,49.7,19880,4,卖盘
1548,10:48:00,49.7,34790,7,卖盘
1549,10:48:03,49.7,9940,2,卖盘
1550,10:48:06,49.7,64611,13,卖盘
1551,10:48:09,49.7,303230,61,卖盘
1552,10:48:12,49.7,94438,19,卖盘
1553,10:48:15,49.71,288315,58,买盘
1554,10:48:18,49.71,59652,12,卖盘
1555,10:48:21,49.71,268434,54,卖盘
1556,10:48:24,49.7,412514,83,卖盘
1557,10:48:27,49.7,178924,36,卖盘
1558,10:48:30,49.7,154072,31,卖盘
1559,10:48:33,49.7,119280,24,卖盘
1560,10:48:36,49.7,74548,15,买盘
1561,10:48:39,49.69,248452,50,卖盘
1562,10:48:42,49.69,422366,85,卖盘
1563,10:48:45,49.69,4969,1,卖盘
1564,10:48:51,49.69,134161,27,卖盘
1565,10:48:54,49.7,303166,61,买盘
1566,10:48:57,49.7,19880,4,卖盘
1567,10:49:00,49.7,24850,5,卖盘
1568,10:49:03,49.71,24852,5,买盘
1569,10:49:06,49.71,134194,27,买盘
1570,10:49:09,49.69,149103,30,卖盘
1571,10:49:12,49.7,9940,2,中性盘
1572,10:49:15,49.7,4970,1,卖盘
1573,10:49:18,49.69,29814,6,卖盘
1574,10:49:21,49.69,59643,12,卖盘
1575,10:49:27,49.7,69570,14,买盘
1576,10:49:30,49.69,59628,12,中性盘
1577,10:49:33,49.7,551721,111,买盘
1578,10:49:36,49.7,114314,23,卖盘
1579,10:49:39,49.65,3672352,739,卖盘
1580,10:49:42,49.64,9929,2,卖盘
1581,10:49:45,49.65,4965,1,买盘
1582,10:49:48,49.65,29790,6,买盘
1583,10:49:51,49.64,4964,1,卖盘
1584,10:49:54,49.65,178709,36,买盘
1585,10:49:57,49.65,24821,5,买盘
1586,10:50:00,49.65,14895,3,卖盘
1587,10:50:03,49.63,1052245,212,卖盘
1588,10:50:06,49.63,124073,25,买盘
1589,10:50:09,49.62,153862,31,卖盘
1590,10:50:12,49.62,163756,33,卖盘
1591,10:50:15,49.62,94294,19,中性盘
1592,10:50:18,49.64,24820,5,买盘
1593,10:50:24,49.64,39712,8,卖盘
1594,10:50:27,49.64,476544,96,卖盘
1595,10:50:30,49.6,1825803,368,卖盘
1596,10:50:33,49.63,4963,1,卖盘
1597,10:50:36,49.63,49631,10,卖盘
1598,10:50:39,49.63,178668,36,卖盘
1599,10:50:42,49.63,4963,1,卖盘
1600,10:50:48,49.62,64506,13,卖盘
1601,10:50:54,49.62,24810,5,买盘
1602,10:50:57,49.62,29772,6,卖盘
1603,10:51:00,49.62,59544,12,卖盘
1604,10:51:06,49.62,54582,11,卖盘
1605,10:51:12,49.61,59542,12,卖盘
1606,10:51:18,49.62,24808,5,买盘
1607,10:51:21,49.61,14883,3,卖盘
1608,10:51:24,49.61,258022,52,卖盘
1609,10:51:27,49.62,188540,38,买盘
1610,10:51:30,49.62,64504,13,买盘
1611,10:51:33,49.62,14886,3,卖盘
1612,10:51:36,49.62,14886,3,卖盘
1613,10:51:39,49.63,14887,3,买盘
1614,10:51:42,49.62,9924,2,卖盘
1615,10:51:45,49.62,94280,19,卖盘
1616,10:51:48,49.62,14884,3,买盘
1617,10:51:51,49.63,69482,14,买盘
1618,10:51:54,49.63,44667,9,卖盘
1619,10:51:57,49.64,59568,12,买盘
1620,10:52:00,49.64,69496,14,卖盘
1621,10:52:03,49.69,844046,170,买盘
1622,10:52:06,49.66,9932,2,卖盘
1623,10:52:09,49.66,19864,4,卖盘
1624,10:52:15,49.69,29814,6,买盘
1625,10:52:21,49.7,99382,20,买盘
1626,10:52:24,49.69,49690,10,卖盘
1627,10:52:27,49.69,263358,53,卖盘
1628,10:52:36,49.68,4968,1,买盘
1629,10:52:39,49.68,19872,4,买盘
1630,10:52:42,49.68,119227,24,买盘
1631,10:52:45,49.67,124191,25,卖盘
1632,10:52:48,49.69,645960,130,买盘
1633,10:52:51,49.69,39735,8,买盘
1634,10:52:54,49.69,84457,17,买盘
1635,10:52:57,49.66,9932,2,卖盘
1636,10:53:00,49.63,89352,18,卖盘
1637,10:53:03,49.63,19853,4,卖盘
1638,10:53:06,49.63,54588,11,中性盘
1639,10:53:09,49.6,307585,62,卖盘
1640,10:53:12,49.61,104181,21,买盘
1641,10:53:15,49.6,9920,2,卖盘
1642,10:53:18,49.6,64480,13,卖盘
1643,10:53:21,49.6,148801,30,卖盘
1644,10:53:24,49.6,49601,10,卖盘
1645,10:53:27,49.61,1116020,225,买盘
1646,10:53:30,49.61,34727,7,卖盘
1647,10:53:33,49.61,238128,48,卖盘
1648,10:53:36,49.61,94259,19,卖盘
1649,10:53:39,49.61,104164,21,买盘
1650,10:53:42,49.6,34722,7,卖盘
1651,10:53:45,49.6,84322,17,卖盘
1652,10:53:48,49.59,848131,171,卖盘
1653,10:53:51,49.59,114057,23,买盘
1654,10:53:54,49.59,173535,35,买盘
1655,10:53:57,49.59,9918,2,买盘
1656,10:54:00,49.59,14877,3,买盘
1657,10:54:03,49.59,59508,12,买盘
1658,10:54:06,49.58,4958,1,卖盘
1659,10:54:09,49.59,376819,76,买盘
1660,10:54:12,49.58,441315,89,中性盘
1661,10:54:15,49.55,1144831,231,卖盘
1662,10:54:18,49.55,208134,42,卖盘
1663,10:54:21,49.54,94137,19,卖盘
1664,10:54:24,49.54,118918,24,卖盘
1665,10:54:27,49.55,94128,19,中性盘
1666,10:54:30,49.54,108988,22,卖盘
1667,10:54:33,49.54,94133,19,买盘
1668,10:54:36,49.55,19817,4,买盘
1669,10:54:39,49.55,74326,15,卖盘
1670,10:54:42,49.55,19820,4,卖盘
1671,10:54:45,49.55,9910,2,卖盘
1672,10:54:48,49.56,19824,4,买盘
1673,10:54:51,49.55,49550,10,卖盘
1674,10:54:54,49.55,44595,9,卖盘
1675,10:55:00,49.55,64427,13,卖盘
1676,10:55:09,49.56,69377,14,买盘
1677,10:55:12,49.55,188302,38,卖盘
1678,10:55:15,49.56,128856,26,买盘
1679,10:55:18,49.56,29736,6,买盘
1680,10:55:21,49.56,520279,105,买盘
1681,10:55:24,49.54,64402,13,卖盘
1682,10:55:27,49.54,64390,13,买盘
1683,10:55:30,49.5,2356684,476,卖盘
1684,10:55:33,49.53,9906,2,买盘
1685,10:55:36,49.52,19808,4,中性盘
1686,10:55:39,49.5,49500,10,卖盘
1687,10:55:42,49.52,386151,78,买盘
1688,10:55:45,49.51,143573,29,买盘
1689,10:55:51,49.51,64363,13,卖盘
1690,10:55:54,49.5,103954,21,卖盘
1691,10:55:57,49.5,163350,33,卖盘
1692,10:56:00,49.5,118802,24,卖盘
1693,10:56:03,49.5,237603,48,卖盘
1694,10:56:06,49.51,346541,70,买盘
1695,10:56:09,49.51,19803,4,买盘
1696,10:56:12,49.51,2024651,409,卖盘
1697,10:56:15,49.5,262313,53,卖盘
1698,10:56:18,49.5,163351,33,买盘
1699,10:56:21,49.51,549331,111,买盘
1700,10:56:24,49.51,460192,93,买盘
1701,10:56:27,49.51,69302,14,买盘
1702,10:56:30,49.5,79182,16,中性盘
1703,10:56:33,49.49,34639,7,中性盘
1704,10:56:36,49.48,59385,12,卖盘
1705,10:56:39,49.48,24742,5,卖盘
1706,10:56:42,49.48,316674,64,卖盘
1707,10:56:45,49.48,118752,24,买盘
1708,10:56:48,49.47,59364,12,卖盘
1709,10:56:51,49.48,128631,26,买盘
1710,10:56:54,49.47,54423,11,卖盘
1711,10:56:57,49.47,79156,16,卖盘
1712,10:57:00,49.48,64318,13,买盘
1713,10:57:06,49.48,222647,45,买盘
1714,10:57:09,49.48,69272,14,卖盘
1715,10:57:12,49.49,29690,6,买盘
1716,10:57:15,49.48,19795,4,卖盘
1717,10:57:18,49.49,24741,5,买盘
1718,10:57:21,49.48,98971,20,卖盘
1719,10:57:24,49.49,103924,21,买盘
1720,10:57:27,49.48,79175,16,卖盘
1721,10:57:30,49.49,4949,1,买盘
1722,10:57:33,49.48,385950,78,卖盘
1723,10:57:36,49.49,84133,17,买盘
1724,10:57:39,49.48,29690,6,卖盘
1725,10:57:42,49.49,34641,7,买盘
1726,10:57:45,49.49,59388,12,买盘
1727,10:57:48,49.49,19795,4,买盘
1728,10:57:51,49.48,94029,19,卖盘
1729,10:57:54,49.49,29694,6,买盘
1730,10:57:57,49.48,39590,8,卖盘
1731,10:58:00,49.46,5945881,1202,卖盘
1732,10:58:03,49.44,1216253,246,卖盘
1733,10:58:06,49.44,64268,13,买盘
1734,10:58:09,49.43,29662,6,卖盘
1735,10:58:12,49.44,182899,37,买盘
1736,10:58:15,49.44,34608,7,买盘
1737,10:58:18,49.43,276835,56,卖盘
1738,10:58:21,49.43,74145,15,卖盘
1739,10:58:24,49.44,177972,36,买盘
1740,10:58:27,49.43,44487,9,卖盘
1741,10:58:30,49.44,855128,173,买盘
1742,10:58:33,49.43,74147,15,卖盘
1743,10:58:36,49.43,69202,14,买盘
1744,10:58:39,49.42,74135,15,卖盘
1745,10:58:42,49.42,123552,25,卖盘
1746,10:58:45,49.42,172969,35,卖盘
1747,10:58:48,49.41,84004,17,卖盘
1748,10:58:51,49.4,3685421,746,卖盘
1749,10:58:54,49.4,207499,42,卖盘
1750,10:58:57,49.39,83963,17,卖盘
1751,10:59:00,49.42,1240207,251,买盘
1752,10:59:03,49.44,686909,139,买盘
1753,10:59:06,49.41,34593,7,卖盘
1754,10:59:09,49.41,222346,45,卖盘
1755,10:59:12,49.44,88941,18,买盘
1756,10:59:15,49.44,24708,5,买盘
1757,10:59:18,49.43,14829,3,买盘
1758,10:59:21,49.42,88959,18,卖盘
1759,10:59:24,49.43,49430,10,买盘
1760,10:59:27,49.44,29663,6,买盘
1761,10:59:30,49.43,29660,6,卖盘
1762,10:59:33,49.44,158203,32,买盘
1763,10:59:39,49.44,34608,7,卖盘
1764,10:59:42,49.44,202701,41,卖盘
1765,10:59:45,49.45,64277,13,买盘
1766,10:59:48,49.44,385639,78,卖盘
1767,10:59:51,49.44,39552,8,买盘
1768,10:59:54,49.44,202698,41,买盘
1769,10:59:57,49.44,64268,13,买盘
1770,11:00:00,49.44,133487,27,买盘
1771,11:00:03,49.45,281865,57,买盘
1772,11:00:06,49.45,168119,34,买盘
1773,11:00:09,49.45,133496,27,买盘
1774,11:00:12,49.45,24725,5,买盘
1775,11:00:15,49.46,578587,117,买盘
1776,11:00:18,49.46,103862,21,买盘
1777,11:00:21,49.46,14838,3,卖盘
1778,11:00:24,49.47,227559,46,买盘
1779,11:00:27,49.47,29682,6,卖盘
1780,11:00:30,49.47,79152,16,卖盘
1781,11:00:33,49.48,1142859,231,买盘
1782,11:00:36,49.48,98972,20,卖盘
1783,11:00:39,49.49,351384,71,买盘
1784,11:00:42,49.48,188029,38,卖盘
1785,11:00:45,49.5,44550,9,买盘
1786,11:00:48,49.5,54450,11,买盘
1787,11:00:51,49.49,915741,185,卖盘
1788,11:00:54,49.48,163327,33,卖盘
1789,11:00:57,49.5,341460,69,买盘
1790,11:01:00,49.48,153402,31,卖盘
1791,11:01:03,49.48,148440,30,卖盘
1792,11:01:06,49.49,148450,30,买盘
1793,11:01:09,49.48,69276,14,卖盘
1794,11:01:12,49.48,108887,22,买盘
1795,11:01:15,49.47,222618,45,卖盘
1796,11:01:18,49.46,59370,12,卖盘
1797,11:01:21,49.46,34624,7,卖盘
1798,11:01:24,49.47,14841,3,卖盘
1799,11:01:27,49.48,14844,3,买盘
1800,11:01:30,49.47,98940,20,卖盘
1801,11:01:36,49.47,19788,4,买盘
1802,11:01:42,49.46,14839,3,卖盘
1803,11:01:48,49.47,34629,7,买盘
1804,11:01:51,49.47,425442,86,买盘
1805,11:01:54,49.47,29682,6,卖盘
1806,11:01:57,49.47,4947,1,卖盘
1807,11:02:00,49.47,24735,5,卖盘
1808,11:02:03,49.48,752311,152,买盘
1809,11:02:06,49.5,49501,10,卖盘
1810,11:02:09,49.5,14850,3,卖盘
1811,11:02:12,49.5,4950,1,卖盘
1812,11:02:15,49.51,39608,8,买盘
1813,11:02:18,49.51,188132,38,买盘
1814,11:02:21,49.51,29710,6,卖盘
1815,11:02:24,49.52,2519576,509,买盘
1816,11:02:27,49.52,257508,52,买盘
1817,11:02:30,49.52,79232,16,买盘
1818,11:02:33,49.55,544838,110,买盘
1819,11:02:36,49.56,391488,79,买盘
1820,11:02:39,49.59,89734,18,买盘
1821,11:02:42,49.6,109100,22,买盘
1822,11:02:45,49.62,69446,14,买盘
1823,11:02:48,49.59,64505,13,卖盘
1824,11:02:51,49.6,9920,2,中性盘
1825,11:02:54,49.57,188438,38,卖盘
1826,11:02:57,49.59,24793,5,买盘
1827,11:03:00,49.61,14881,3,中性盘
1828,11:03:03,49.61,138855,28,买盘
1829,11:03:06,49.59,188441,38,卖盘
1830,11:03:09,49.61,59513,12,买盘
1831,11:03:15,49.6,119068,24,中性盘
1832,11:03:18,49.62,14886,3,买盘
1833,11:03:21,49.59,14877,3,卖盘
1834,11:03:24,49.61,4961,1,中性盘
1835,11:03:27,49.59,59523,12,卖盘
1836,11:03:30,49.59,34713,7,卖盘
1837,11:03:33,49.59,34714,7,卖盘
1838,11:03:36,49.58,168617,34,卖盘
1839,11:03:39,49.58,99169,20,买盘
1840,11:03:42,49.58,74383,15,卖盘
1841,11:03:45,49.58,14875,3,卖盘
1842,11:03:48,49.58,29748,6,卖盘
1843,11:03:51,49.58,29749,6,卖盘
1844,11:03:54,49.58,9916,2,买盘
1845,11:03:57,49.58,74374,15,卖盘
1846,11:04:00,49.59,19836,4,买盘
1847,11:04:03,49.61,54569,11,买盘
1848,11:04:06,49.61,173589,35,买盘
1849,11:04:09,49.59,49604,10,卖盘
1850,11:04:12,49.62,44652,9,买盘
1851,11:04:15,49.62,14886,3,买盘
1852,11:04:18,49.59,59519,12,卖盘
1853,11:04:21,49.6,24796,5,买盘
1854,11:04:24,49.62,84310,17,买盘
1855,11:04:27,49.59,99180,20,卖盘
1856,11:04:30,49.59,69438,14,卖盘
1857,11:04:33,49.62,9924,2,买盘
1858,11:04:36,49.64,734402,148,买盘
1859,11:04:39,49.65,49632,10,买盘
1860,11:04:45,49.61,64514,13,卖盘
1861,11:04:51,49.64,94323,19,卖盘
1862,11:04:54,49.64,4964,1,买盘
1863,11:04:57,49.6,14880,3,卖盘
1864,11:05:00,49.6,14885,3,卖盘
1865,11:05:03,49.62,114086,23,中性盘
1866,11:05:06,49.64,9928,2,买盘
1867,11:05:09,49.64,49636,10,买盘
1868,11:05:15,49.64,178704,36,买盘
1869,11:05:18,49.63,4963,1,中性盘
1870,11:05:21,49.64,24818,5,买盘
1871,11:05:24,49.61,34727,7,卖盘
1872,11:05:27,49.61,198549,40,卖盘
1873,11:05:30,49.61,69459,14,卖盘
1874,11:05:33,49.6,14881,3,卖盘
1875,11:05:36,49.57,257870,52,卖盘
1876,11:05:39,49.58,24790,5,中性盘
1877,11:05:42,49.57,49573,10,卖盘
1878,11:05:48,49.57,19828,4,卖盘
1879,11:05:51,49.58,39662,8,买盘
1880,11:05:54,49.58,24790,5,卖盘
1881,11:05:57,49.58,24790,5,卖盘
1882,11:06:00,49.58,138824,28,卖盘
1883,11:06:03,49.58,218182,44,中性盘
1884,11:06:06,49.58,69413,14,卖盘
1885,11:06:09,49.58,54538,11,买盘
1886,11:06:12,49.58,14874,3,中性盘
1887,11:06:15,49.57,371795,75,卖盘
1888,11:06:18,49.57,123924,25,卖盘
1889,11:06:21,49.57,14873,3,卖盘
1890,11:06:24,49.61,362046,73,买盘
1891,11:06:27,49.63,689949,139,买盘
1892,11:06:30,49.65,79428,16,买盘
1893,11:06:33,49.64,183640,37,卖盘
1894,11:06:36,49.65,84365,17,买盘
1895,11:06:42,49.63,14889,3,买盘
1896,11:06:45,49.62,34734,7,卖盘
1897,11:06:48,49.62,59544,12,买盘
1898,11:06:51,49.59,99222,20,卖盘
1899,11:06:54,49.61,4961,1,中性盘
1900,11:07:00,49.63,153822,31,买盘
1901,11:07:03,49.62,119033,24,中性盘
1902,11:07:06,49.62,99244,20,买盘
1903,11:07:09,49.6,14882,3,卖盘
1904,11:07:12,49.58,119021,24,卖盘
1905,11:07:15,49.58,14872,3,中性盘
1906,11:07:18,49.57,143753,29,卖盘
1907,11:07:21,49.57,391741,79,卖盘
1908,11:07:27,49.57,446178,90,卖盘
1909,11:07:30,49.61,44649,9,买盘
1910,11:07:33,49.57,208244,42,卖盘
1911,11:07:36,49.61,183413,37,买盘
1912,11:07:39,49.57,14871,3,卖盘
1913,11:07:42,49.57,178535,36,卖盘
1914,11:07:45,49.58,9916,2,中性盘
1915,11:07:48,49.57,24787,5,卖盘
1916,11:07:51,49.6,9917,2,中性盘
1917,11:08:00,49.58,9916,2,卖盘
1918,11:08:03,49.56,232996,47,卖盘
1919,11:08:06,49.55,79297,16,卖盘
1920,11:08:09,49.56,19821,4,中性盘
1921,11:08:12,49.56,24780,5,卖盘
1922,11:08:15,49.57,49570,10,买盘
1923,11:08:18,49.55,29733,6,卖盘
1924,11:08:24,49.55,24775,5,卖盘
1925,11:08:30,49.55,64415,13,卖盘
1926,11:08:33,49.55,49550,10,卖盘
1927,11:08:36,49.56,69373,14,买盘
1928,11:08:39,49.58,892177,180,买盘
1929,11:08:42,49.59,247854,50,买盘
1930,11:08:45,49.59,24795,5,买盘
1931,11:08:48,49.61,352182,71,买盘
1932,11:08:51,49.59,367007,74,卖盘
1933,11:08:54,49.6,4960,1,中性盘
1934,11:08:57,49.62,421630,85,买盘
1935,11:09:00,49.62,759173,153,买盘
1936,11:09:03,49.61,376984,76,卖盘
1937,11:09:06,49.62,29772,6,买盘
1938,11:09:09,49.63,1052146,212,买盘
1939,11:09:12,49.63,491381,99,卖盘
1940,11:09:15,49.63,198533,40,卖盘
1941,11:09:18,49.63,243177,49,卖盘
1942,11:09:21,49.63,99239,20,买盘
1943,11:09:24,49.63,79393,16,买盘
1944,11:09:27,49.64,74449,15,买盘
1945,11:09:30,49.64,54607,11,中性盘
1946,11:09:33,49.66,342575,69,买盘
1947,11:09:36,49.6,441814,89,卖盘
1948,11:09:39,49.61,143862,29,中性盘
1949,11:09:42,49.63,173632,35,买盘
1950,11:09:48,49.63,104224,21,中性盘
1951,11:09:51,49.65,89352,18,买盘
1952,11:09:54,49.65,9929,2,买盘
1953,11:09:57,49.63,89350,18,卖盘
1954,11:10:00,49.64,49640,10,中性盘
1955,11:10:03,49.64,501645,101,卖盘
1956,11:10:06,49.64,178752,36,卖盘
1957,11:10:09,49.69,99359,20,买盘
1958,11:10:12,49.69,44697,9,买盘
1959,11:10:15,49.69,655903,132,买盘
1960,11:10:18,49.69,2737874,551,买盘
1961,11:10:21,49.64,595918,120,卖盘
1962,11:10:27,49.68,347576,70,买盘
1963,11:10:33,49.68,268104,54,买盘
1964,11:10:36,49.68,163837,33,买盘
1965,11:10:39,49.64,119211,24,卖盘
1966,11:10:42,49.65,94360,19,中性盘
1967,11:10:45,49.67,4967,1,买盘
1968,11:10:48,49.69,1674457,337,买盘
1969,11:10:51,49.75,2894259,582,买盘
1970,11:10:54,49.75,233762,47,买盘
1971,11:10:57,49.75,1064376,214,卖盘
1972,11:11:00,49.75,9950,2,买盘
1973,11:11:03,49.75,447526,90,买盘
1974,11:11:06,49.69,397741,80,卖盘
1975,11:11:09,49.73,29838,6,中性盘
1976,11:11:12,49.72,382887,77,卖盘
1977,11:11:15,49.74,328244,66,买盘
1978,11:11:18,49.7,183934,37,卖盘
1979,11:11:21,49.7,74583,15,卖盘
1980,11:11:24,49.74,59671,12,买盘
1981,11:11:30,49.74,213767,43,买盘
1982,11:11:33,49.75,303369,61,买盘
1983,11:11:36,49.71,44739,9,中性盘
1984,11:11:39,49.74,29844,6,买盘
1985,11:11:42,49.71,34797,7,卖盘
1986,11:11:45,49.71,49727,10,卖盘
1987,11:11:48,49.74,193933,39,买盘
1988,11:11:51,49.7,29824,6,卖盘
1989,11:11:54,49.7,4970,1,卖盘
1990,11:11:57,49.7,19880,4,卖盘
1991,11:12:00,49.7,263450,53,卖盘
1992,11:12:03,49.74,382913,77,买盘
1993,11:12:06,49.7,164065,33,卖盘
1994,11:12:09,49.75,776045,156,买盘
1995,11:12:12,49.74,1825697,367,中性盘
1996,11:12:15,49.75,24875,5,中性盘
1997,11:12:18,49.75,641702,129,卖盘
1998,11:12:21,49.75,696874,140,卖盘
1999,11:12:24,49.77,418106,84,中性盘
2000,11:12:27,49.79,328502,66,买盘
2001,11:12:30,49.79,94596,19,买盘
2002,11:12:33,49.8,5447606,1094,买盘
2003,11:12:36,49.8,1324098,266,买盘
2004,11:12:39,49.81,229097,46,买盘
2005,11:12:42,49.79,632384,127,卖盘
2006,11:12:45,49.8,19919,4,买盘
2007,11:12:48,49.8,368201,74,买盘
2008,11:12:51,49.74,482959,97,卖盘
2009,11:12:54,49.8,303819,61,中性盘
2010,11:12:57,49.71,293519,59,卖盘
2011,11:13:00,49.83,1877965,377,买盘
2012,11:13:03,49.83,513214,103,卖盘
2013,11:13:06,49.83,881987,177,买盘
2014,11:13:09,49.83,433511,87,买盘
2015,11:13:12,49.83,1061255,213,买盘
2016,11:13:15,49.81,249147,50,卖盘
2017,11:13:18,49.84,582889,117,买盘
2018,11:13:21,49.9,6444345,1292,买盘
2019,11:13:24,49.91,384247,77,买盘
2020,11:13:27,49.92,3065664,614,买盘
2021,11:13:30,49.93,684390,137,中性盘
2022,11:13:33,49.96,1363238,273,买盘
2023,11:13:36,49.86,848188,170,卖盘
2024,11:13:39,49.9,514432,103,中性盘
2025,11:13:42,49.86,793281,159,卖盘
2026,11:13:45,49.92,14976,3,买盘
2027,11:13:48,49.92,329282,66,买盘
2028,11:13:51,49.92,813368,163,买盘
2029,11:13:54,49.92,214586,43,买盘
2030,11:13:57,49.91,1277593,256,买盘
2031,11:14:00,49.91,239499,48,买盘
2032,11:14:03,49.9,463728,93,中性盘
2033,11:14:06,49.87,594219,119,卖盘
2034,11:14:09,49.87,953063,191,卖盘
2035,11:14:12,49.83,508496,102,卖盘
2036,11:14:15,49.87,4987,1,买盘
2037,11:14:18,49.87,333872,67,买盘
2038,11:14:21,49.82,224288,45,卖盘
2039,11:14:24,49.87,728118,146,买盘
2040,11:14:27,49.87,543766,109,卖盘
2041,11:14:30,49.89,254345,51,中性盘
2042,11:14:33,49.88,314206,63,中性盘
2043,11:14:36,49.9,503808,101,买盘
2044,11:14:39,49.88,34922,7,卖盘
2045,11:14:42,49.88,214488,43,卖盘
2046,11:14:45,49.91,1352490,271,买盘
2047,11:14:48,49.9,444009,89,卖盘
2048,11:14:51,49.9,429133,86,卖盘
2049,11:14:54,49.9,424135,85,买盘
2050,11:14:57,49.9,344265,69,卖盘
2051,11:15:00,49.91,928197,186,买盘
2052,11:15:03,49.9,449052,90,卖盘
2053,11:15:06,49.89,1147772,230,卖盘
2054,11:15:09,49.92,374392,75,买盘
2055,11:15:12,49.89,429076,86,卖盘
2056,11:15:15,49.9,683538,137,卖盘
2057,11:15:18,49.9,399133,80,买盘
2058,11:15:21,49.89,304336,61,卖盘
2059,11:15:24,49.89,19956,4,卖盘
2060,11:15:27,49.9,199573,40,买盘
2061,11:15:30,49.9,89808,18,买盘
2062,11:15:33,49.88,1711223,343,卖盘
2063,11:15:36,49.83,438697,88,卖盘
2064,11:15:39,49.82,124575,25,卖盘
2065,11:15:42,49.8,468251,94,卖盘
2066,11:15:45,49.86,503346,101,买盘
2067,11:15:48,49.79,363440,73,卖盘
2068,11:15:51,49.86,383696,77,买盘
2069,11:15:54,49.81,124527,25,卖盘
2070,11:15:57,49.82,294023,59,卖盘
2071,11:16:00,49.83,174380,35,中性盘
2072,11:16:03,49.86,164467,33,买盘
2073,11:16:06,49.86,24927,5,买盘
2074,11:16:09,49.85,69790,14,卖盘
2075,11:16:12,49.86,433729,87,买盘
2076,11:16:15,49.87,134630,27,买盘
2077,11:16:18,49.88,433906,87,买盘
2078,11:16:21,49.9,528796,106,买盘
2079,11:16:24,49.87,54861,11,卖盘
2080,11:16:27,49.91,869262,174,买盘
2081,11:16:30,49.97,6302284,1262,买盘
2082,11:16:33,49.97,584643,117,买盘
2083,11:16:36,49.97,104927,21,卖盘
2084,11:16:39,50.03,17899923,3580,买盘
2085,11:16:42,50.02,305205,61,卖盘
2086,11:16:45,50.02,220081,44,卖盘
2087,11:16:48,50.0,330052,66,卖盘
2088,11:16:51,50.0,340018,68,卖盘
2089,11:16:54,49.99,794988,159,卖盘
2090,11:16:57,50.0,419901,84,买盘
2091,11:17:00,49.96,784583,157,卖盘
2092,11:17:03,49.96,2224265,445,买盘
2093,11:17:06,49.96,179784,36,买盘
2094,11:17:09,49.96,54942,11,中性盘
2095,11:17:12,49.95,134813,27,买盘
2096,11:17:15,49.94,204738,41,中性盘
2097,11:17:18,49.92,344520,69,买盘
2098,11:17:21,49.89,1037028,208,卖盘
2099,11:17:24,49.88,19954,4,卖盘
2100,11:17:27,49.88,4988,1,卖盘
2101,11:17:30,49.86,169537,34,卖盘
2102,11:17:33,49.86,129628,26,中性盘
2103,11:17:36,49.84,49842,10,卖盘
2104,11:17:39,49.86,139563,28,买盘
2105,11:17:42,49.84,224300,45,卖盘
2106,11:17:45,49.85,194389,39,买盘
2107,11:17:48,49.84,49843,10,卖盘
2108,11:17:51,49.84,39877,8,卖盘
2109,11:17:54,49.84,259169,52,卖盘
2110,11:17:57,49.84,14952,3,买盘
2111,11:18:00,49.79,2610260,524,卖盘
2112,11:18:03,49.78,109474,22,中性盘
2113,11:18:06,49.75,74646,15,卖盘
2114,11:18:09,49.76,109491,22,中性盘
2115,11:18:12,49.75,34829,7,卖盘
2116,11:18:15,49.76,39814,8,卖盘
2117,11:18:18,49.76,139364,28,卖盘
2118,11:18:21,49.77,44787,9,卖盘
2119,11:18:24,49.78,19908,4,买盘
2120,11:18:27,49.78,159292,32,买盘
2121,11:18:30,49.77,29865,6,卖盘
2122,11:18:33,49.78,9956,2,买盘
2123,11:18:36,49.78,49779,10,买盘
2124,11:18:39,49.78,39824,8,买盘
2125,11:18:42,49.79,109536,22,买盘
2126,11:18:45,49.79,9958,2,买盘
2127,11:18:48,49.79,59742,12,买盘
2128,11:18:51,49.79,69704,14,买盘
2129,11:18:54,49.79,418158,84,买盘
2130,11:18:57,49.79,49790,10,买盘
2131,11:19:00,49.79,149358,30,卖盘
2132,11:19:03,49.76,2010713,404,卖盘
2133,11:19:06,49.74,497490,100,卖盘
2134,11:19:09,49.75,69649,14,买盘
2135,11:19:12,49.75,208923,42,买盘
2136,11:19:15,49.76,54733,11,买盘
2137,11:19:21,49.74,94520,19,卖盘
2138,11:19:24,49.74,59700,12,卖盘
2139,11:19:30,49.78,612096,123,买盘
2140,11:19:39,49.78,29868,6,买盘
2141,11:19:42,49.78,34846,7,买盘
2142,11:19:45,49.78,29868,6,买盘
2143,11:19:48,49.77,4977,1,卖盘
2144,11:19:51,49.77,104547,21,卖盘
2145,11:19:54,49.78,14934,3,买盘
2146,11:19:57,49.77,24889,5,卖盘
2147,11:20:00,49.76,213993,43,卖盘
2148,11:20:03,49.77,69688,14,卖盘
2149,11:20:06,49.78,4978,1,卖盘
2150,11:20:09,49.79,24895,5,买盘
2151,11:20:12,49.79,209099,42,买盘
2152,11:20:15,49.8,84660,17,买盘
2153,11:20:18,49.85,4123489,828,买盘
2154,11:20:21,49.82,94675,19,卖盘
2155,11:20:24,49.9,588498,118,买盘
2156,11:20:27,49.82,14947,3,卖盘
2157,11:20:30,49.83,94638,19,中性盘
2158,11:20:33,49.8,74722,15,卖盘
2159,11:20:36,49.83,94685,19,中性盘
2160,11:20:39,49.84,109634,22,买盘
2161,11:20:42,49.82,124574,25,中性盘
2162,11:20:45,49.81,119534,24,中性盘
2163,11:20:48,49.8,84661,17,卖盘
2164,11:20:51,49.8,129480,26,买盘
2165,11:20:54,49.81,59766,12,买盘
2166,11:20:57,49.81,204216,41,买盘
2167,11:21:00,49.8,273929,55,卖盘
2168,11:21:03,49.8,124499,25,买盘
2169,11:21:06,49.8,253980,51,买盘
2170,11:21:09,49.8,612539,123,买盘
2171,11:21:12,49.79,54770,11,卖盘
2172,11:21:15,49.8,39840,8,买盘
2173,11:21:18,49.79,199170,40,卖盘
2174,11:21:21,49.83,2330702,468,买盘
2175,11:21:24,49.83,69745,14,买盘
2176,11:21:27,49.85,119625,24,买盘
2177,11:21:30,49.85,19940,4,买盘
2178,11:21:33,49.83,109651,22,卖盘
2179,11:21:36,49.83,44849,9,卖盘
2180,11:21:39,49.84,59798,12,买盘
2181,11:21:42,49.84,14952,3,买盘
2182,11:21:45,49.84,119603,24,买盘
2183,11:21:48,49.84,149520,30,中性盘
2184,11:21:51,49.81,79718,16,卖盘
2185,11:21:54,49.83,69742,14,买盘
2186,11:21:57,49.83,49824,10,买盘
2187,11:22:00,49.84,99645,20,买盘
2188,11:22:03,49.82,119623,24,卖盘
2189,11:22:06,49.82,114580,23,卖盘
2190,11:22:09,49.85,49846,10,买盘
2191,11:22:12,49.84,34884,7,中性盘
2192,11:22:15,49.83,94698,19,中性盘
2193,11:22:18,49.82,523068,105,卖盘
2194,11:22:21,49.81,59783,12,中性盘
2195,11:22:24,49.8,74704,15,卖盘
2196,11:22:27,49.79,677211,136,卖盘
2197,11:22:30,49.79,179216,36,中性盘
2198,11:22:33,49.76,54747,11,卖盘
2199,11:22:36,49.77,19908,4,中性盘
2200,11:22:39,49.77,34835,7,买盘
2201,11:22:42,49.77,24883,5,买盘
2202,11:22:45,49.76,129376,26,卖盘
2203,11:22:48,49.76,59712,12,买盘
2204,11:22:54,49.76,29856,6,卖盘
2205,11:22:57,49.76,114437,23,卖盘
2206,11:23:00,49.76,4976,1,买盘
2207,11:23:03,49.76,9952,2,买盘
2208,11:23:06,49.76,437805,88,买盘
2209,11:23:09,49.76,24880,5,买盘
2210,11:23:12,49.76,9952,2,买盘
2211,11:23:15,49.77,79619,16,买盘
2212,11:23:18,49.76,14928,3,卖盘
2213,11:23:21,49.76,154285,31,卖盘
2214,11:23:24,49.75,9950,2,卖盘
2215,11:23:27,49.76,24880,5,买盘
2216,11:23:30,49.75,69665,14,卖盘
2217,11:23:33,49.77,64713,13,卖盘
2218,11:23:36,49.78,308703,62,买盘
2219,11:23:42,49.77,49785,10,卖盘
2220,11:23:45,49.8,129475,26,买盘
2221,11:23:48,49.8,54774,11,买盘
2222,11:23:51,49.78,9958,2,卖盘
2223,11:23:54,49.77,273757,55,卖盘
2224,11:23:57,49.73,1283282,258,卖盘
2225,11:24:00,49.73,169082,34,买盘
2226,11:24:03,49.74,671459,135,买盘
2227,11:24:06,49.74,114399,23,买盘
2228,11:24:09,49.74,159168,32,买盘
2229,11:24:12,49.74,4974,1,买盘
2230,11:24:15,49.73,114390,23,卖盘
2231,11:24:18,49.75,44767,9,买盘
2232,11:24:21,49.71,601532,121,卖盘
2233,11:24:24,49.69,631169,127,卖盘
2234,11:24:27,49.68,298084,60,卖盘
2235,11:24:30,49.68,178875,36,卖盘
2236,11:24:33,49.68,119232,24,卖盘
2237,11:24:36,49.68,158976,32,卖盘
2238,11:24:39,49.68,49680,10,卖盘
2239,11:24:42,49.68,9936,2,买盘
2240,11:24:48,49.68,54648,11,买盘
2241,11:24:54,49.68,49679,10,买盘
2242,11:24:57,49.68,154008,31,买盘
2243,11:25:00,49.68,54639,11,卖盘
2244,11:25:03,49.68,69558,14,卖盘
2245,11:25:06,49.69,4969,1,买盘
2246,11:25:09,49.69,29814,6,买盘
2247,11:25:12,49.68,144073,29,卖盘
2248,11:25:15,49.69,54655,11,买盘
2249,11:25:18,49.68,24844,5,卖盘
2250,11:25:21,49.7,99400,20,买盘
2251,11:25:24,49.7,74538,15,买盘
2252,11:25:27,49.69,19876,4,中性盘
2253,11:25:30,49.71,29817,6,买盘
2254,11:25:33,49.69,74567,15,卖盘
2255,11:25:36,49.7,14910,3,买盘
2256,11:25:39,49.73,79539,16,买盘
2257,11:25:48,49.71,14914,3,中性盘
2258,11:25:51,49.7,99403,20,卖盘
2259,11:25:54,49.71,283315,57,买盘
2260,11:25:57,49.7,94431,19,卖盘
2261,11:26:00,49.69,154045,31,卖盘
2262,11:26:03,49.68,144093,29,卖盘
2263,11:26:06,49.68,526607,106,卖盘
2264,11:26:09,49.65,908806,183,卖盘
2265,11:26:12,49.66,114217,23,买盘
2266,11:26:15,49.65,109240,22,卖盘
2267,11:26:18,49.64,39716,8,卖盘
2268,11:26:21,49.64,29789,6,卖盘
2269,11:26:24,49.64,44680,9,卖盘
2270,11:26:27,49.67,84435,17,买盘
2271,11:26:30,49.67,19868,4,中性盘
2272,11:26:33,49.66,24830,5,卖盘
2273,11:26:36,49.66,84420,17,买盘
2274,11:26:39,49.65,19860,4,卖盘
2275,11:26:45,49.65,59581,12,卖盘
2276,11:26:48,49.67,24831,5,买盘
2277,11:26:51,49.67,9934,2,买盘
2278,11:26:54,49.65,14895,3,卖盘
2279,11:26:57,49.66,24828,5,买盘
2280,11:27:00,49.67,59588,12,买盘
2281,11:27:06,49.67,14901,3,卖盘
2282,11:27:09,49.68,134136,27,买盘
2283,11:27:12,49.69,59622,12,买盘
2284,11:27:15,49.7,173922,35,买盘
2285,11:27:18,49.75,99462,20,买盘
2286,11:27:21,49.76,4976,1,中性盘
2287,11:27:24,49.77,59724,12,买盘
2288,11:27:30,49.73,228846,46,卖盘
2289,11:27:33,49.77,14930,3,买盘
2290,11:27:36,49.75,34843,7,中性盘
2291,11:27:39,49.74,99503,20,中性盘
2292,11:27:42,49.73,19892,4,卖盘
2293,11:27:45,49.74,64653,13,中性盘
2294,11:27:48,49.74,59691,12,买盘
2295,11:27:51,49.75,9949,2,买盘
2296,11:27:54,49.74,4974,1,买盘
2297,11:27:57,49.73,188998,38,卖盘
2298,11:28:00,49.73,69622,14,卖盘
2299,11:28:03,49.73,104432,21,卖盘
2300,11:28:06,49.73,79561,16,买盘
2301,11:28:09,49.73,104430,21,买盘
2302,11:28:12,49.74,288472,58,买盘
2303,11:28:15,49.73,19893,4,卖盘
2304,11:28:18,49.75,89544,18,买盘
2305,11:28:21,49.75,9950,2,买盘
2306,11:28:24,49.75,14925,3,买盘
2307,11:28:27,49.75,154221,31,买盘
2308,11:28:30,49.75,54725,11,买盘
2309,11:28:36,49.74,74622,15,卖盘
2310,11:28:39,49.74,19899,4,卖盘
2311,11:28:42,49.75,144264,29,买盘
2312,11:28:45,49.75,194025,39,买盘
2313,11:28:48,49.74,79590,16,卖盘
2314,11:28:51,49.74,179087,36,卖盘
2315,11:28:54,49.74,79591,16,卖盘
2316,11:28:57,49.75,447742,90,买盘
2317,11:29:00,49.75,164175,33,买盘
2318,11:29:03,49.75,64675,13,买盘
2319,11:29:06,49.75,29845,6,买盘
2320,11:29:09,49.74,94520,19,卖盘
2321,11:29:12,49.75,109433,22,买盘
2322,11:29:15,49.75,338299,68,买盘
2323,11:29:18,49.74,4974,1,卖盘
2324,11:29:21,49.75,134319,27,买盘
2325,11:29:24,49.75,9950,2,买盘
2326,11:29:27,49.75,39796,8,买盘
2327,11:29:30,49.75,39798,8,买盘
2328,11:29:33,49.75,44773,9,买盘
2329,11:29:36,49.74,19898,4,卖盘
2330,11:29:42,49.74,472528,95,卖盘
2331,11:29:48,49.71,596652,120,卖盘
2332,11:29:51,49.7,69592,14,卖盘
2333,11:29:54,49.7,576466,116,卖盘
2334,11:29:57,49.69,29816,6,中性盘
2335,11:30:00,49.69,44714,9,买盘
2336,13:00:00,49.7,442720,89,买盘
2337,13:00:03,49.69,950709,191,卖盘
2338,13:00:06,49.69,902869,182,卖盘
2339,13:00:09,49.66,1067673,215,卖盘
2340,13:00:12,49.66,287991,58,卖盘
2341,13:00:15,49.65,223466,45,卖盘
2342,13:00:18,49.65,134063,27,卖盘
2343,13:00:21,49.65,218457,44,卖盘
2344,13:00:27,49.65,74463,15,买盘
2345,13:00:30,49.64,29788,6,卖盘
2346,13:00:33,49.65,213495,43,买盘
2347,13:00:36,49.65,54610,11,买盘
2348,13:00:39,49.64,9929,2,卖盘
2349,13:00:42,49.65,114195,23,买盘
2350,13:00:45,49.65,263106,53,买盘
2351,13:00:48,49.64,203564,41,卖盘
2352,13:00:51,49.65,104262,21,买盘
2353,13:00:54,49.66,4966,1,买盘
2354,13:00:57,49.64,74464,15,卖盘
2355,13:01:00,49.64,54611,11,卖盘
2356,13:01:03,49.67,258167,52,买盘
2357,13:01:06,49.67,24835,5,买盘
2358,13:01:09,49.66,293023,59,卖盘
2359,13:01:12,49.68,54648,11,买盘
2360,13:01:15,49.67,54642,11,卖盘
2361,13:01:18,49.68,9936,2,中性盘
2362,13:01:21,49.69,178829,36,买盘
2363,13:01:24,49.69,263354,53,买盘
2364,13:01:27,49.64,993094,200,卖盘
2365,13:01:30,49.63,431753,87,卖盘
2366,13:01:33,49.64,19855,4,买盘
2367,13:01:36,49.63,9926,2,中性盘
2368,13:01:39,49.65,119138,24,买盘
2369,13:01:45,49.64,114208,23,卖盘
2370,13:01:48,49.65,243248,49,买盘
2371,13:01:51,49.61,684709,138,卖盘
2372,13:01:54,49.58,1259783,254,卖盘
2373,13:01:57,49.59,371857,75,买盘
2374,13:02:00,49.56,128904,26,卖盘
2375,13:02:03,49.58,356901,72,买盘
2376,13:02:06,49.56,307374,62,卖盘
2377,13:02:09,49.58,114045,23,买盘
2378,13:02:12,49.58,89246,18,买盘
2379,13:02:15,49.57,29747,6,卖盘
2380,13:02:18,49.57,123925,25,卖盘
2381,13:02:21,49.56,9912,2,卖盘
2382,13:02:24,49.56,9912,2,卖盘
2383,13:02:27,49.56,84252,17,卖盘
2384,13:02:30,49.58,178461,36,买盘
2385,13:02:33,49.57,133825,27,买盘
2386,13:02:36,49.56,19825,4,卖盘
2387,13:02:39,49.57,4957,1,中性盘
2388,13:02:42,49.57,168516,34,买盘
2389,13:02:45,49.56,24780,5,卖盘
2390,13:02:48,49.57,14871,3,买盘
2391,13:02:51,49.57,79312,16,卖盘
2392,13:02:54,49.57,128880,26,买盘
2393,13:02:57,49.57,29742,6,买盘
2394,13:03:00,49.55,237886,48,卖盘
2395,13:03:03,49.55,84237,17,卖盘
2396,13:03:09,49.56,222977,45,买盘
2397,13:03:12,49.55,59460,12,卖盘
2398,13:03:15,49.55,163520,33,卖盘
2399,13:03:18,49.55,24775,5,卖盘
2400,13:03:21,49.54,19819,4,卖盘
2401,13:03:24,49.55,158555,32,买盘
2402,13:03:27,49.56,4956,1,买盘
2403,13:03:30,49.56,341918,69,买盘
2404,13:03:33,49.55,29732,6,卖盘
2405,13:03:36,49.55,59466,12,卖盘
2406,13:03:39,49.55,9911,2,卖盘
2407,13:03:42,49.54,525231,106,卖盘
2408,13:03:48,49.56,104076,21,买盘
2409,13:03:51,49.56,39639,8,买盘
2410,13:03:54,49.56,24780,5,买盘
2411,13:03:57,49.55,14865,3,中性盘
2412,13:04:00,49.55,113961,23,买盘
2413,13:04:03,49.54,636547,129,卖盘
2414,13:04:06,49.55,74322,15,买盘
2415,13:04:09,49.55,14865,3,卖盘
2416,13:04:12,49.56,34692,7,买盘
2417,13:04:18,49.57,69397,14,买盘
2418,13:04:21,49.58,79316,16,买盘
2419,13:04:24,49.58,4958,1,卖盘
2420,13:04:27,49.58,4958,1,卖盘
2421,13:04:30,49.58,1094687,221,卖盘
2422,13:04:33,49.58,24792,5,中性盘
2423,13:04:36,49.58,24790,5,买盘
2424,13:04:39,49.58,376808,76,买盘
2425,13:04:42,49.58,118992,24,卖盘
2426,13:04:45,49.58,123947,25,卖盘
2427,13:04:48,49.56,59472,12,卖盘
2428,13:04:51,49.56,14868,3,买盘
2429,13:04:54,49.55,104058,21,卖盘
2430,13:04:57,49.55,19820,4,买盘
2431,13:05:00,49.53,94128,19,卖盘
2432,13:05:03,49.54,29724,6,买盘
2433,13:05:06,49.51,477821,97,卖盘
2434,13:05:09,49.51,34657,7,买盘
2435,13:05:12,49.53,103953,21,买盘
2436,13:05:15,49.5,1059371,214,卖盘
2437,13:05:18,49.53,128757,26,买盘
2438,13:05:21,49.54,64374,13,买盘
2439,13:05:27,49.51,178264,36,卖盘
2440,13:05:30,49.53,9906,2,买盘
2441,13:05:33,49.54,178290,36,买盘
2442,13:05:36,49.52,4952,1,卖盘
2443,13:05:39,49.53,14861,3,卖盘
2444,13:05:42,49.54,4954,1,买盘
2445,13:05:45,49.52,203033,41,卖盘
2446,13:05:48,49.52,69328,14,买盘
2447,13:05:51,49.52,341684,69,买盘
2448,13:05:57,49.53,64379,13,买盘
2449,13:06:03,49.55,89178,18,买盘
2450,13:06:09,49.55,9909,2,买盘
2451,13:06:12,49.55,29730,6,买盘
2452,13:06:18,49.55,74325,15,买盘
2453,13:06:24,49.56,118942,24,买盘
2454,13:06:27,49.56,99119,20,买盘
2455,13:06:30,49.56,84252,17,买盘
2456,13:06:33,49.56,44604,9,买盘
2457,13:06:36,49.56,24779,5,买盘
2458,13:06:42,49.56,84247,17,买盘
2459,13:06:45,49.56,203196,41,买盘
2460,13:06:48,49.56,34692,7,买盘
2461,13:06:54,49.55,520277,105,卖盘
2462,13:06:57,49.56,4956,1,卖盘
2463,13:07:00,49.56,9912,2,卖盘
2464,13:07:03,49.58,39662,8,买盘
2465,13:07:09,49.57,14871,3,卖盘
2466,13:07:12,49.58,64454,13,买盘
2467,13:07:15,49.58,49580,10,买盘
2468,13:07:18,49.58,24790,5,买盘
2469,13:07:21,49.58,4958,1,买盘
2470,13:07:24,49.57,44620,9,卖盘
2471,13:07:27,49.58,109076,22,买盘
2472,13:07:30,49.58,44622,9,买盘
2473,13:07:33,49.58,19833,4,卖盘
2474,13:07:36,49.57,148754,30,卖盘
2475,13:07:39,49.55,505562,102,卖盘
2476,13:07:42,49.56,59467,12,买盘
2477,13:07:45,49.57,133829,27,买盘
2478,13:07:48,49.55,54505,11,卖盘
2479,13:07:51,49.52,921456,186,卖盘
2480,13:07:54,49.52,188309,38,卖盘
2481,13:07:57,49.54,69348,14,买盘
2482,13:08:03,49.54,4954,1,买盘
2483,13:08:06,49.53,188251,38,卖盘
2484,13:08:09,49.53,24765,5,卖盘
2485,13:08:12,49.54,109006,22,卖盘
2486,13:08:15,49.55,34679,7,买盘
2487,13:08:18,49.53,14861,3,卖盘
2488,13:08:21,49.54,14863,3,卖盘
2489,13:08:24,49.54,24770,5,买盘
2490,13:08:27,49.53,64400,13,卖盘
2491,13:08:30,49.54,14862,3,卖盘
2492,13:08:33,49.54,24771,5,卖盘
2493,13:08:36,49.54,59448,12,买盘
2494,13:08:42,49.54,34679,7,卖盘
2495,13:08:45,49.55,19819,4,买盘
2496,13:08:48,49.54,104034,21,买盘
2497,13:08:51,49.54,104034,21,买盘
2498,13:08:54,49.54,54494,11,买盘
2499,13:08:57,49.56,94143,19,买盘
2500,13:09:00,49.56,29734,6,买盘
2501,13:09:03,49.55,133805,27,卖盘
2502,13:09:09,49.55,29730,6,买盘
2503,13:09:12,49.54,54498,11,卖盘
2504,13:09:15,49.54,39634,8,卖盘
2505,13:09:21,49.54,257626,52,卖盘
2506,13:09:24,49.54,158559,32,卖盘
2507,13:09:27,49.55,128830,26,买盘
2508,13:09:33,49.56,44610,9,买盘
2509,13:09:36,49.55,24777,5,卖盘
2510,13:09:39,49.55,4955,1,卖盘
2511,13:09:42,49.57,19824,4,买盘
2512,13:09:45,49.56,19824,4,卖盘
2513,13:09:48,49.56,19827,4,卖盘
2514,13:09:51,49.57,257713,52,买盘
2515,13:09:54,49.56,272593,55,卖盘
2516,13:09:57,49.55,1506180,304,卖盘
2517,13:10:00,49.55,326939,66,买盘
2518,13:10:03,49.55,193206,39,买盘
2519,13:10:06,49.53,89157,18,卖盘
2520,13:10:09,49.54,168466,34,中性盘
2521,13:10:12,49.54,4954,1,卖盘
2522,13:10:15,49.54,34684,7,中性盘
2523,13:10:18,49.55,9910,2,卖盘
2524,13:10:21,49.56,69384,14,买盘
2525,13:10:24,49.55,9910,2,卖盘
2526,13:10:27,49.55,9910,2,卖盘
2527,13:10:30,49.56,133812,27,买盘
2528,13:10:33,49.56,114007,23,卖盘
2529,13:10:36,49.57,24785,5,买盘
2530,13:10:39,49.56,104086,21,卖盘
2531,13:10:42,49.56,99120,20,卖盘
2532,13:10:45,49.57,49570,10,买盘
2533,13:10:48,49.57,257764,52,买盘
2534,13:10:51,49.57,29737,6,中性盘
2535,13:10:57,49.56,59476,12,卖盘
2536,13:11:00,49.58,1031247,208,买盘
2537,13:11:03,49.58,267701,54,卖盘
2538,13:11:06,49.56,475689,96,卖盘
2539,13:11:09,49.56,168501,34,买盘
2540,13:11:12,49.56,14868,3,买盘
2541,13:11:15,49.58,113960,23,买盘
2542,13:11:18,49.56,34692,7,卖盘
2543,13:11:21,49.56,178392,36,卖盘
2544,13:11:24,49.59,322159,65,买盘
2545,13:11:27,49.54,49554,10,卖盘
2546,13:11:30,49.54,381458,77,卖盘
2547,13:11:33,49.54,79266,16,卖盘
2548,13:11:36,49.54,74323,15,卖盘
2549,13:11:39,49.54,193187,39,卖盘
2550,13:11:42,49.54,386345,78,买盘
2551,13:11:45,49.53,94124,19,卖盘
2552,13:11:48,49.52,212963,43,卖盘
2553,13:11:51,49.53,267420,54,中性盘
2554,13:11:54,49.52,435903,88,卖盘
2555,13:11:57,49.52,158464,32,卖盘
2556,13:12:00,49.52,207985,42,卖盘
2557,13:12:03,49.52,208004,42,卖盘
2558,13:12:09,49.52,168370,34,卖盘
2559,13:12:15,49.53,227817,46,买盘
2560,13:12:18,49.53,24765,5,卖盘
2561,13:12:21,49.53,108985,22,卖盘
2562,13:12:24,49.53,153553,31,卖盘
2563,13:12:27,49.53,69342,14,买盘
2564,13:12:30,49.53,222889,45,买盘
2565,13:12:33,49.55,14864,3,买盘
2566,13:12:36,49.53,4953,1,卖盘
2567,13:12:39,49.55,84234,17,买盘
2568,13:12:45,49.55,29730,6,买盘
2569,13:12:48,49.53,19812,4,卖盘
2570,13:12:54,49.54,74310,15,买盘
2571,13:12:57,49.54,4954,1,卖盘
2572,13:13:00,49.54,29725,6,卖盘
2573,13:13:03,49.54,9909,2,卖盘
2574,13:13:06,49.54,128806,26,卖盘
2575,13:13:09,49.54,49542,10,卖盘
2576,13:13:12,49.54,4954,1,卖盘
2577,13:13:15,49.55,9910,2,买盘
2578,13:13:18,49.55,34681,7,买盘
2579,13:13:21,49.54,49545,10,卖盘
2580,13:13:24,49.55,9910,2,买盘
2581,13:13:27,49.54,128804,26,卖盘
2582,13:13:30,49.54,183298,37,买盘
2583,13:13:33,49.55,19818,4,买盘
2584,13:13:36,49.55,14865,3,买盘
2585,13:13:39,49.54,262562,53,卖盘
2586,13:13:42,49.55,19820,4,买盘
2587,13:13:45,49.55,14863,3,买盘
2588,13:13:48,49.55,118899,24,买盘
2589,13:13:51,49.54,104034,21,卖盘
2590,13:13:54,49.55,99082,20,买盘
2591,13:13:57,49.55,24775,5,买盘
2592,13:14:00,49.54,39632,8,卖盘
2593,13:14:03,49.54,292283,59,卖盘
2594,13:14:06,49.54,208080,42,卖盘
2595,13:14:09,49.53,49534,10,卖盘
2596,13:14:12,49.53,89170,18,卖盘
2597,13:14:15,49.53,99061,20,卖盘
2598,13:14:18,49.53,79250,16,卖盘
2599,13:14:21,49.51,2005555,405,卖盘
2600,13:14:24,49.51,14854,3,卖盘
2601,13:14:27,49.52,188141,38,买盘
2602,13:14:30,49.52,103978,21,买盘
2603,13:14:33,49.52,653535,132,买盘
2604,13:14:36,49.52,29708,6,买盘
2605,13:14:39,49.51,99023,20,卖盘
2606,13:14:42,49.52,143604,29,买盘
2607,13:14:48,49.46,9984680,2018,卖盘
2608,13:14:51,49.43,380756,77,卖盘
2609,13:14:54,49.47,227523,46,买盘
2610,13:14:57,49.46,19788,4,卖盘
2611,13:15:03,49.47,14840,3,买盘
2612,13:15:06,49.47,24735,5,买盘
2613,13:15:09,49.46,163224,33,卖盘
2614,13:15:12,49.48,306700,62,买盘
2615,13:15:15,49.47,14841,3,卖盘
2616,13:15:18,49.49,64337,13,卖盘
2617,13:15:21,49.49,257303,52,卖盘
2618,13:15:24,49.51,272268,55,买盘
2619,13:15:30,49.52,193055,39,买盘
2620,13:15:33,49.52,4952,1,买盘
2621,13:15:39,49.52,183216,37,买盘
2622,13:15:42,49.52,94089,19,卖盘
2623,13:15:48,49.52,59424,12,卖盘
2624,13:15:51,49.53,104010,21,买盘
2625,13:15:54,49.52,14857,3,卖盘
2626,13:15:57,49.52,524850,106,卖盘
2627,13:16:00,49.5,49516,10,中性盘
2628,13:16:03,49.5,376083,76,中性盘
2629,13:16:06,49.48,4948,1,卖盘
2630,13:16:09,49.46,103871,21,卖盘
2631,13:16:12,49.46,281968,57,卖盘
2632,13:16:18,49.46,158280,32,卖盘
2633,13:16:21,49.47,34629,7,买盘
2634,13:16:24,49.47,34624,7,买盘
2635,13:16:27,49.47,108834,22,买盘
2636,13:16:30,49.48,54428,11,买盘
2637,13:16:33,49.46,84090,17,卖盘
2638,13:16:36,49.46,410518,83,卖盘
2639,13:16:39,49.46,207721,42,买盘
2640,13:16:42,49.46,4946,1,卖盘
2641,13:16:45,49.47,108818,22,买盘
2642,13:16:48,49.45,791234,160,卖盘
2643,13:16:51,49.45,64285,13,买盘
2644,13:16:54,49.44,113713,23,卖盘
2645,13:16:57,49.45,103837,21,买盘
2646,13:17:00,49.43,49436,10,卖盘
2647,13:17:03,49.43,118651,24,卖盘
2648,13:17:06,49.44,133480,27,中性盘
2649,13:17:09,49.43,19774,4,卖盘
2650,13:17:12,49.44,133513,27,卖盘
2651,13:17:15,49.44,74165,15,卖盘
2652,13:17:18,49.44,14832,3,买盘
2653,13:17:21,49.44,197756,40,买盘
2654,13:17:24,49.43,93934,19,卖盘
2655,13:17:27,49.43,84052,17,卖盘
2656,13:17:30,49.44,24720,5,卖盘
2657,13:17:33,49.44,69215,14,买盘
2658,13:17:36,49.43,177984,36,卖盘
2659,13:17:39,49.43,528904,107,卖盘
2660,13:17:42,49.43,39546,8,卖盘
2661,13:17:45,49.44,4944,1,买盘
2662,13:17:48,49.45,59323,12,买盘
2663,13:17:51,49.44,19774,4,中性盘
2664,13:17:54,49.45,113735,23,买盘
2665,13:18:00,49.44,74160,15,卖盘
2666,13:18:03,49.44,118678,24,卖盘
2667,13:18:06,49.45,14835,3,买盘
2668,13:18:09,49.45,24725,5,买盘
2669,13:18:12,49.45,316480,64,买盘
2670,13:18:15,49.46,9892,2,买盘
2671,13:18:18,49.45,49450,10,卖盘
2672,13:18:21,49.45,49450,10,卖盘
2673,13:18:24,49.45,128578,26,卖盘
2674,13:18:27,49.46,4946,1,买盘
2675,13:18:30,49.44,533997,108,卖盘
2676,13:18:33,49.44,9888,2,买盘
2677,13:18:36,49.43,257046,52,卖盘
2678,13:18:39,49.43,153241,31,卖盘
2679,13:18:42,49.44,39551,8,买盘
2680,13:18:45,49.44,227383,46,买盘
2681,13:18:48,49.44,217515,44,买盘
2682,13:18:51,49.44,19775,4,买盘
2683,13:18:54,49.43,163144,33,卖盘
2684,13:18:57,49.44,281753,57,买盘
2685,13:19:00,49.43,2348460,475,卖盘
2686,13:19:03,49.47,123603,25,买盘
2687,13:19:06,49.47,153282,31,买盘
2688,13:19:12,49.47,29678,6,买盘
2689,13:19:15,49.45,197821,40,卖盘
2690,13:19:18,49.47,123669,25,买盘
2691,13:19:21,49.47,84089,17,买盘
2692,13:19:24,49.47,49476,10,卖盘
2693,13:19:27,49.46,123669,25,卖盘
2694,13:19:30,49.46,19784,4,买盘
2695,13:19:33,49.48,9895,2,买盘
2696,13:19:36,49.46,39569,8,卖盘
2697,13:19:39,49.47,197838,40,买盘
2698,13:19:42,49.47,9894,2,买盘
2699,13:19:45,49.47,24734,5,买盘
2700,13:19:48,49.45,697333,141,卖盘
2701,13:19:51,49.45,69230,14,卖盘
2702,13:19:54,49.45,19779,4,买盘
2703,13:19:57,49.46,395558,80,买盘
2704,13:20:00,49.45,103845,21,卖盘
2705,13:20:03,49.45,74166,15,买盘
2706,13:20:06,49.43,64268,13,卖盘
2707,13:20:09,49.44,543732,110,买盘
2708,13:20:12,49.44,34608,7,买盘
2709,13:20:15,49.43,34606,7,卖盘
2710,13:20:18,49.44,14832,3,买盘
2711,13:20:21,49.44,4944,1,买盘
2712,13:20:24,49.44,9888,2,买盘
2713,13:20:27,49.44,4944,1,买盘
2714,13:20:30,49.43,14829,3,卖盘
2715,13:20:33,49.44,118656,24,买盘
2716,13:20:36,49.44,39552,8,卖盘
2717,13:20:39,49.44,4944,1,卖盘
2718,13:20:42,49.45,242257,49,买盘
2719,13:20:45,49.45,178010,36,买盘
2720,13:20:48,49.45,4945,1,卖盘
2721,13:20:51,49.45,34615,7,卖盘
2722,13:20:54,49.46,331382,67,买盘
2723,13:20:57,49.46,9892,2,卖盘
2724,13:21:00,49.46,64298,13,卖盘
2725,13:21:06,49.45,163217,33,卖盘
2726,13:21:09,49.46,108829,22,买盘
2727,13:21:12,49.46,24730,5,买盘
2728,13:21:15,49.46,108797,22,买盘
2729,13:21:18,49.45,707114,143,卖盘
2730,13:21:21,49.43,217547,44,卖盘
2731,13:21:24,49.45,59326,12,买盘
2732,13:21:27,49.44,54389,11,中性盘
2733,13:21:30,49.43,64259,13,卖盘
2734,13:21:33,49.43,4943,1,卖盘
2735,13:21:36,49.44,93924,19,买盘
2736,13:21:39,49.44,271869,55,买盘
2737,13:21:42,49.43,168062,34,卖盘
2738,13:21:45,49.43,173037,35,卖盘
2739,13:21:48,49.43,49431,10,卖盘
2740,13:21:51,49.43,44488,9,卖盘
2741,13:21:54,49.44,9888,2,买盘
2742,13:21:57,49.43,64264,13,卖盘
2743,13:22:00,49.44,24720,5,买盘
2744,13:22:03,49.44,108768,22,买盘
2745,13:22:06,49.44,237311,48,买盘
2746,13:22:09,49.44,108789,22,卖盘
2747,13:22:12,49.44,9888,2,卖盘
2748,13:22:15,49.45,9890,2,买盘
2749,13:22:18,49.45,489562,99,买盘
2750,13:22:21,49.46,19783,4,买盘
2751,13:22:24,49.46,93974,19,买盘
2752,13:22:27,49.46,14838,3,买盘
2753,13:22:30,49.46,9892,2,卖盘
2754,13:22:33,49.47,39569,8,买盘
2755,13:22:36,49.46,29676,6,卖盘
2756,13:22:39,49.46,49460,10,买盘
2757,13:22:42,49.45,9891,2,卖盘
2758,13:22:45,49.46,158272,32,买盘
2759,13:22:48,49.46,54406,11,卖盘
2760,13:22:51,49.45,29676,6,卖盘
2761,13:22:54,49.45,272049,55,卖盘
2762,13:22:57,49.45,84069,17,卖盘
2763,13:23:00,49.47,173110,35,买盘
2764,13:23:06,49.46,54410,11,卖盘
2765,13:23:09,49.47,361073,73,买盘
2766,13:23:12,49.47,19788,4,买盘
2767,13:23:15,49.48,1132897,229,买盘
2768,13:23:18,49.47,14841,3,卖盘
2769,13:23:21,49.47,153341,31,卖盘
2770,13:23:24,49.47,103887,21,买盘
2771,13:23:27,49.47,128616,26,买盘
2772,13:23:30,49.47,232509,47,买盘
2773,13:23:33,49.48,29681,6,买盘
2774,13:23:36,49.47,212728,43,卖盘
2775,13:23:39,49.47,39576,8,买盘
2776,13:23:42,49.47,74205,15,买盘
2777,13:23:45,49.48,326561,66,买盘
2778,13:23:48,49.47,222655,45,卖盘
2779,13:23:51,49.47,79154,16,卖盘
2780,13:23:57,49.49,103924,21,买盘
2781,13:24:00,49.49,59388,12,买盘
2782,13:24:03,49.48,153406,31,卖盘
2783,13:24:06,49.48,519642,105,卖盘
2784,13:24:09,49.48,64327,13,卖盘
2785,13:24:12,49.49,108873,22,买盘
2786,13:24:15,49.48,183100,37,卖盘
2787,13:24:18,49.5,69279,14,买盘
2788,13:24:21,49.5,252399,51,买盘
2789,13:24:24,49.5,153381,31,买盘
2790,13:24:27,49.47,59366,12,卖盘
2791,13:24:30,49.49,133609,27,买盘
2792,13:24:33,49.47,103912,21,卖盘
2793,13:24:36,49.47,133583,27,卖盘
2794,13:24:39,49.47,291894,59,卖盘
2795,13:24:42,49.48,173152,35,买盘
2796,13:24:45,49.48,123682,25,买盘
2797,13:24:48,49.44,2161053,437,卖盘
2798,13:24:51,49.44,865144,175,卖盘
2799,13:24:54,49.44,805709,163,买盘
2800,13:24:57,49.43,459619,93,买盘
2801,13:25:00,49.42,973565,197,卖盘
2802,13:25:03,49.43,840116,170,买盘
2803,13:25:06,49.41,350813,71,卖盘
2804,13:25:09,49.41,261887,53,卖盘
2805,13:25:12,49.42,153180,31,买盘
2806,13:25:15,49.42,177899,36,买盘
2807,13:25:18,49.42,79062,16,卖盘
2808,13:25:21,49.42,54353,11,买盘
2809,13:25:24,49.41,163095,33,卖盘
2810,13:25:27,49.42,192726,39,中性盘
2811,13:25:30,49.43,321271,65,买盘
2812,13:25:33,49.44,192764,39,买盘
2813,13:25:36,49.42,207565,42,卖盘
2814,13:25:39,49.44,286714,58,买盘
2815,13:25:42,49.44,321296,65,买盘
2816,13:25:45,49.44,281709,57,买盘
2817,13:25:48,49.42,479377,97,卖盘
2818,13:25:51,49.41,588089,119,卖盘
2819,13:25:54,49.4,1012867,205,卖盘
2820,13:25:57,49.41,1249880,253,买盘
2821,13:26:00,49.4,1911858,387,卖盘
2822,13:26:03,49.41,1086808,220,买盘
2823,13:26:06,49.41,711411,144,买盘
2824,13:26:09,49.42,439755,89,买盘
2825,13:26:12,49.42,731606,148,中性盘
2826,13:26:15,49.41,331056,67,卖盘
2827,13:26:18,49.45,192783,39,买盘
2828,13:26:21,49.41,88948,18,卖盘
2829,13:26:24,49.45,360783,73,买盘
2830,13:26:27,49.45,128550,26,卖盘
2831,13:26:30,49.45,98909,20,卖盘
2832,13:26:33,49.45,74175,15,卖盘
2833,13:26:36,49.45,49455,10,卖盘
2834,13:26:39,49.45,89024,18,卖盘
2835,13:26:42,49.46,400569,81,买盘
2836,13:26:45,49.45,168083,34,卖盘
2837,13:26:48,49.45,138440,28,买盘
2838,13:26:51,49.45,74148,15,买盘
2839,13:26:54,49.44,113711,23,中性盘
2840,13:26:57,49.42,133457,27,卖盘
2841,13:27:00,49.45,84019,17,买盘
2842,13:27:03,49.43,123625,25,卖盘
2843,13:27:06,49.45,113697,23,买盘
2844,13:27:09,49.43,44482,9,中性盘
2845,13:27:12,49.45,222515,45,买盘
2846,13:27:15,49.45,138420,28,买盘
2847,13:27:18,49.45,138412,28,买盘
2848,13:27:21,49.43,118636,24,卖盘
2849,13:27:24,49.43,49422,10,买盘
2850,13:27:27,49.43,19770,4,买盘
2851,13:27:30,49.43,54373,11,买盘
2852,13:27:33,49.43,93911,19,买盘
2853,13:27:36,49.43,148283,30,买盘
2854,13:27:39,49.43,276795,56,买盘
2855,13:27:42,49.41,484315,98,卖盘
2856,13:27:45,49.42,252001,51,买盘
2857,13:27:48,49.42,256971,52,买盘
2858,13:27:51,49.43,489238,99,买盘
2859,13:27:54,49.43,222386,45,买盘
2860,13:27:57,49.42,54362,11,卖盘
2861,13:28:00,49.43,138390,28,买盘
2862,13:28:03,49.44,88983,18,买盘
2863,13:28:06,49.43,93915,19,卖盘
2864,13:28:09,49.43,163112,33,买盘
2865,13:28:12,49.43,247138,50,买盘
2866,13:28:15,49.43,113674,23,买盘
2867,13:28:18,49.43,227370,46,买盘
2868,13:28:21,49.43,172981,35,买盘
2869,13:28:24,49.43,281737,57,买盘
2870,13:28:27,49.43,271838,55,买盘
2871,13:28:30,49.43,128494,26,买盘
2872,13:28:33,49.42,177914,36,中性盘
2873,13:28:36,49.42,138365,28,买盘
2874,13:28:39,49.42,153202,31,卖盘
2875,13:28:42,49.42,103771,21,买盘
2876,13:28:45,49.41,261920,53,卖盘
2877,13:28:48,49.42,316267,64,买盘
2878,13:28:51,49.42,98823,20,买盘
2879,13:28:54,49.43,187807,38,买盘
2880,13:28:57,49.43,93887,19,中性盘
2881,13:29:00,49.42,153216,31,卖盘
2882,13:29:03,49.43,207559,42,买盘
2883,13:29:06,49.42,158163,32,卖盘
2884,13:29:09,49.44,336070,68,买盘
2885,13:29:12,49.41,128470,26,卖盘
2886,13:29:15,49.43,69196,14,买盘
2887,13:29:18,49.43,88964,18,买盘
2888,13:29:21,49.44,113706,23,买盘
2889,13:29:24,49.44,44484,9,买盘
2890,13:29:27,49.44,74158,15,买盘
2891,13:29:30,49.44,44490,9,买盘
2892,13:29:33,49.43,59317,12,卖盘
2893,13:29:36,49.43,84027,17,买盘
2894,13:29:39,49.43,49425,10,买盘
2895,13:29:42,49.43,34600,7,买盘
2896,13:29:45,49.43,187828,38,买盘
2897,13:29:48,49.43,64249,13,卖盘
2898,13:29:51,49.43,9886,2,买盘
2899,13:29:54,49.43,24717,5,卖盘
2900,13:29:57,49.44,93936,19,买盘
2901,13:30:00,49.43,103803,21,卖盘
2902,13:30:03,49.45,484466,98,买盘
2903,13:30:06,49.45,252153,51,买盘
2904,13:30:09,49.45,69223,14,买盘
2905,13:30:12,49.45,74167,15,买盘
2906,13:30:15,49.43,207636,42,卖盘
2907,13:30:18,49.46,143418,29,买盘
2908,13:30:21,49.44,24720,5,卖盘
2909,13:30:24,49.45,39553,8,买盘
2910,13:30:27,49.43,9886,2,卖盘
2911,13:30:30,49.43,247195,50,卖盘
2912,13:30:33,49.45,177971,36,买盘
2913,13:30:36,49.43,153236,31,卖盘
2914,13:30:39,49.44,123608,25,买盘
2915,13:30:42,49.44,74154,15,买盘
2916,13:30:45,49.44,118657,24,卖盘
2917,13:30:48,49.43,336205,68,卖盘
2918,13:30:51,49.43,212564,43,卖盘
2919,13:30:54,49.42,242225,49,卖盘
2920,13:30:57,49.42,242161,49,卖盘
2921,13:31:00,49.42,365750,74,卖盘
2922,13:31:03,49.44,207590,42,买盘
2923,13:31:06,49.42,207644,42,卖盘
2924,13:31:09,49.44,84032,17,中性盘
2925,13:31:12,49.44,123599,25,卖盘
2926,13:31:15,49.44,59316,12,买盘
2927,13:31:18,49.42,39542,8,卖盘
2928,13:31:21,49.44,91453,19,买盘
2929,13:31:24,49.43,163122,33,卖盘
2930,13:31:27,49.42,34596,7,卖盘
2931,13:31:30,49.44,64272,13,买盘
2932,13:31:33,49.42,29657,6,卖盘
2933,13:31:36,49.44,14832,3,买盘
2934,13:31:39,49.43,59321,12,卖盘
2935,13:31:42,49.44,247179,50,买盘
2936,13:31:45,49.43,153245,31,卖盘
2937,13:31:48,49.45,252142,51,买盘
2938,13:31:51,49.43,74137,15,卖盘
2939,13:31:54,49.44,64283,13,买盘
2940,13:31:57,49.43,34602,7,卖盘
2941,13:32:03,49.43,84036,17,卖盘
2942,13:32:06,49.44,98875,20,买盘
2943,13:32:09,49.44,34608,7,卖盘
2944,13:32:12,49.45,202706,41,买盘
2945,13:32:15,49.44,286756,58,卖盘
2946,13:32:18,49.44,281804,57,买盘
2947,13:32:21,49.43,341069,69,卖盘
2948,13:32:24,49.44,346026,70,买盘
2949,13:32:27,49.44,237276,48,买盘
2950,13:32:30,49.44,118662,24,卖盘
2951,13:32:33,49.44,187872,38,卖盘
2952,13:32:36,49.45,108778,22,买盘
2953,13:32:39,49.44,44499,9,卖盘
2954,13:32:42,49.44,74164,15,卖盘
2955,13:32:45,49.45,514297,104,买盘
2956,13:32:48,49.45,242304,49,卖盘
2957,13:32:51,49.46,168151,34,买盘
2958,13:32:54,49.46,306615,62,买盘
2959,13:32:57,49.46,227479,46,买盘
2960,13:33:00,49.46,39568,8,卖盘
2961,13:33:03,49.46,133552,27,卖盘
2962,13:33:06,49.46,158278,32,买盘
2963,13:33:09,49.46,54401,11,卖盘
2964,13:33:12,49.46,113759,23,卖盘
2965,13:33:15,49.46,168153,34,买盘
2966,13:33:18,49.46,108795,22,买盘
2967,13:33:21,49.46,74186,15,买盘
2968,13:33:24,49.46,103869,21,卖盘
2969,13:33:27,49.46,64292,13,买盘
2970,13:33:30,49.46,98918,20,买盘
2971,13:33:33,49.45,405493,82,卖盘
2972,13:33:36,49.45,227506,46,卖盘
2973,13:33:39,49.46,118687,24,买盘
2974,13:33:42,49.45,98900,20,卖盘
2975,13:33:45,49.45,59333,12,买盘
2976,13:33:48,49.45,390650,79,买盘
2977,13:33:51,49.46,123604,25,买盘
2978,13:33:54,49.46,187917,38,买盘
2979,13:33:57,49.46,227510,46,买盘
2980,13:34:00,49.44,84049,17,卖盘
2981,13:34:03,49.47,1706735,345,买盘
2982,13:34:06,49.47,652764,132,买盘
2983,13:34:09,49.48,361180,73,买盘
2984,13:34:12,49.47,583801,118,卖盘
2985,13:34:15,49.47,301717,61,买盘
2986,13:34:18,49.47,227551,46,买盘
2987,13:34:21,49.47,89035,18,买盘
2988,13:34:24,49.47,281921,57,买盘
2989,13:34:27,49.47,89006,18,中性盘
2990,13:34:30,49.47,74195,15,买盘
2991,13:34:33,49.47,89046,18,卖盘
2992,13:34:36,49.49,24737,5,买盘
2993,13:34:39,49.49,74235,15,买盘
2994,13:34:42,49.49,143513,29,卖盘
2995,13:34:45,49.49,113809,23,买盘
2996,13:34:48,49.49,64332,13,买盘
2997,13:34:51,49.48,69284,14,卖盘
2998,13:34:54,49.49,207869,42,卖盘
2999,13:34:57,49.5,113829,23,买盘
3000,13:35:00,49.5,24744,5,买盘
3001,13:35:03,49.5,98990,20,买盘
3002,13:35:06,49.5,84144,17,买盘
3003,13:35:09,49.5,98997,20,买盘
3004,13:35:12,49.49,153433,31,卖盘
3005,13:35:15,49.49,173225,35,卖盘
3006,13:35:18,49.49,64327,13,买盘
3007,13:35:21,49.5,54450,11,买盘
3008,13:35:24,49.5,524670,106,买盘
3009,13:35:27,49.5,287019,58,买盘
3010,13:35:30,49.5,272184,55,中性盘
3011,13:35:33,49.47,262250,53,卖盘
3012,13:35:36,49.47,187975,38,买盘
3013,13:35:39,49.47,59357,12,买盘
3014,13:35:42,49.47,118731,24,卖盘
3015,13:35:45,49.47,49464,10,买盘
3016,13:35:48,49.49,400987,81,买盘
3017,13:35:51,49.51,257379,52,买盘
3018,13:35:54,49.48,163277,33,卖盘
3019,13:35:57,49.47,34634,7,卖盘
3020,13:36:00,49.5,4950,1,买盘
3021,13:36:03,49.5,44544,9,买盘
3022,13:36:06,49.5,54437,11,买盘
3023,13:36:09,49.49,14844,3,中性盘
3024,13:36:12,49.48,49488,10,卖盘
3025,13:36:15,49.48,19789,4,买盘
3026,13:36:18,49.49,24745,5,买盘
3027,13:36:21,49.49,74226,15,中性盘
3028,13:36:24,49.49,168240,34,买盘
3029,13:36:27,49.49,188053,38,卖盘
3030,13:36:30,49.49,148456,30,买盘
3031,13:36:33,49.49,163309,33,中性盘
3032,13:36:36,49.49,54432,11,中性盘
3033,13:36:39,49.5,9900,2,买盘
3034,13:36:42,49.49,267294,54,卖盘
3035,13:36:45,49.5,178183,36,买盘
3036,13:36:48,49.51,158397,32,买盘
3037,13:36:51,49.51,242596,49,买盘
3038,13:36:54,49.5,103969,21,卖盘
3039,13:36:57,49.5,366300,74,卖盘
3040,13:37:00,49.5,103950,21,买盘
3041,13:37:03,49.49,168283,34,卖盘
3042,13:37:06,49.5,148490,30,买盘
3043,13:37:09,49.5,158420,32,买盘
3044,13:37:12,49.48,430549,87,卖盘
3045,13:37:15,49.48,252355,51,卖盘
3046,13:37:18,49.48,415604,84,卖盘
3047,13:37:21,49.47,79158,16,卖盘
3048,13:37:24,49.48,202829,41,买盘
3049,13:37:27,49.47,158307,32,卖盘
3050,13:37:30,49.47,192966,39,卖盘
3051,13:37:33,49.47,178120,36,卖盘
3052,13:37:36,49.46,168196,34,卖盘
3053,13:37:39,49.47,133569,27,买盘
3054,13:37:42,49.46,158276,32,卖盘
3055,13:37:45,49.47,64311,13,买盘
3056,13:37:51,49.47,4947,1,卖盘
3057,13:37:54,49.47,54417,11,卖盘
3058,13:37:57,49.47,9894,2,卖盘
3059,13:38:03,49.5,1484829,300,买盘
3060,13:38:06,49.5,108914,22,卖盘
3061,13:38:09,49.51,29705,6,买盘
3062,13:38:12,49.49,1014876,205,卖盘
3063,13:38:15,49.51,99020,20,买盘
3064,13:38:18,49.52,123789,25,买盘
3065,13:38:24,49.51,89118,18,卖盘
3066,13:38:27,49.5,34650,7,卖盘
3067,13:38:30,49.5,74250,15,买盘
3068,13:38:33,49.49,29694,6,卖盘
3069,13:38:36,49.5,69292,14,买盘
3070,13:38:39,49.49,24745,5,卖盘
3071,13:38:42,49.48,54431,11,卖盘
3072,13:38:45,49.48,94012,19,买盘
3073,13:38:51,49.48,98960,20,卖盘
3074,13:38:54,49.49,89065,18,买盘
3075,13:38:57,49.48,94017,19,卖盘
3076,13:39:00,49.49,123710,25,买盘
3077,13:39:03,49.48,103919,21,卖盘
3078,13:39:06,49.48,227616,46,卖盘
3079,13:39:09,49.47,336464,68,卖盘
3080,13:39:12,49.47,103887,21,卖盘
3081,13:39:15,49.47,24735,5,卖盘
3082,13:39:18,49.48,29683,6,买盘
3083,13:39:21,49.48,118747,24,买盘
3084,13:39:24,49.47,93997,19,卖盘
3085,13:39:27,49.47,410606,83,卖盘
3086,13:39:30,49.46,237410,48,卖盘
3087,13:39:33,49.46,252256,51,卖盘
3088,13:39:36,49.46,237442,48,卖盘
3089,13:39:39,49.46,267106,54,卖盘
3090,13:39:42,49.46,59349,12,卖盘
3091,13:39:45,49.46,59352,12,买盘
3092,13:39:48,49.45,9890,2,卖盘
3093,13:39:51,49.46,49460,10,买盘
3094,13:39:54,49.45,707140,143,卖盘
3095,13:39:57,49.45,237377,48,卖盘
3096,13:40:00,49.46,9891,2,买盘
3097,13:40:03,49.45,311567,63,卖盘
3098,13:40:06,49.46,34620,7,买盘
3099,13:40:09,49.45,74181,15,卖盘
3100,13:40:12,49.45,123638,25,卖盘
3101,13:40:15,49.46,108812,22,买盘
3102,13:40:18,49.46,207732,42,买盘
