,成交时间,成交价格,成交金额,成交量,性质
0,09:25:00,37.89,11874726,3134,买盘
1,09:30:00,37.9,6482321,1710,买盘
2,09:30:03,37.94,3488831,920,中性盘
3,09:30:06,37.92,4304000,1135,卖盘
4,09:30:09,37.92,2069710,546,卖盘
5,09:30:12,37.92,18040755,4760,买盘
6,09:30:15,37.91,15843314,4181,中性盘
7,09:30:18,37.89,10431266,2752,中性盘
8,09:30:21,37.84,2062840,545,卖盘
9,09:30:24,37.88,1513699,400,买盘
10,09:30:27,37.88,4355289,1150,买盘
11,09:30:30,37.82,4594357,1214,卖盘
12,09:30:33,37.82,4574711,1210,买盘
13,09:30:36,37.89,3193380,843,买盘
14,09:30:39,37.94,3688884,973,买盘
15,09:30:42,37.92,2671212,704,卖盘
16,09:30:45,37.93,1463728,386,买盘
17,09:30:48,37.93,1668665,440,买盘
18,09:30:51,37.92,1540050,406,卖盘
19,09:30:54,37.91,1198317,316,卖盘
20,09:30:57,37.9,2846648,751,卖盘
21,09:31:00,37.87,1094764,289,卖盘
22,09:31:03,37.89,1442705,381,买盘
23,09:31:06,37.91,3800527,1003,买盘
24,09:31:09,37.87,1075601,284,卖盘
25,09:31:12,37.92,1978548,522,买盘
26,09:31:15,37.94,2135864,563,买盘
27,09:31:18,37.95,986364,260,买盘
28,09:31:21,37.96,607169,160,中性盘
29,09:31:24,37.98,2927168,771,买盘
30,09:31:27,37.98,1173361,309,卖盘
31,09:31:30,37.99,1603072,422,买盘
32,09:31:33,37.99,6660168,1753,买盘
33,09:31:36,37.98,2665704,702,卖盘
34,09:31:39,37.98,3036593,799,买盘
35,09:31:42,37.96,2342256,617,卖盘
36,09:31:45,37.98,1894351,499,买盘
37,09:31:48,37.98,1298291,342,卖盘
38,09:31:51,37.96,1628994,429,卖盘
39,09:31:54,38.0,3631529,956,买盘
40,09:31:57,38.0,1356094,357,卖盘
41,09:32:00,38.01,531986,140,买盘
42,09:32:03,38.03,1463830,385,买盘
43,09:32:06,38.05,433600,114,买盘
44,09:32:09,38.05,1916980,504,买盘
45,09:32:12,38.05,3385121,890,买盘
46,09:32:15,38.04,2442568,642,卖盘
47,09:32:18,38.04,4282916,1126,买盘
48,09:32:21,38.04,2160415,568,买盘
49,09:32:24,38.06,2017130,530,买盘
50,09:32:27,38.08,2222709,584,买盘
51,09:32:30,38.11,11764536,3088,买盘
52,09:32:33,38.15,5084648,1332,买盘
53,09:32:36,38.21,637561,167,买盘
54,09:32:39,38.21,874459,229,买盘
55,09:32:42,38.23,3880197,1015,买盘
56,09:32:45,38.24,2672608,699,中性盘
57,09:32:48,38.26,1392314,364,买盘
58,09:32:51,38.3,6582465,1719,买盘
59,09:32:54,38.32,2378956,621,买盘
60,09:32:57,38.31,3853223,1006,中性盘
61,09:33:00,38.26,4757482,1242,卖盘
62,09:33:03,38.25,4975133,1299,卖盘
63,09:33:06,38.29,2618446,684,中性盘
64,09:33:09,38.3,8124788,2122,买盘
65,09:33:12,38.3,4074363,1064,卖盘
66,09:33:15,38.26,3902706,1019,卖盘
67,09:33:18,38.24,3026693,791,卖盘
68,09:33:21,38.29,2264870,592,买盘
69,09:33:24,38.26,2636440,689,卖盘
70,09:33:27,38.26,2212412,578,卖盘
71,09:33:30,38.27,2284158,597,中性盘
72,09:33:33,38.26,1591599,416,卖盘
73,09:33:36,38.24,4546440,1189,卖盘
74,09:33:39,38.21,1116573,292,卖盘
75,09:33:42,38.17,2810772,736,卖盘
76,09:33:45,38.15,1718252,450,卖盘
77,09:33:48,38.15,1647653,432,卖盘
78,09:33:51,38.1,1212392,318,卖盘
79,09:33:54,38.15,3072831,805,买盘
80,09:33:57,38.14,594935,156,卖盘
81,09:34:00,38.15,1163527,305,买盘
82,09:34:03,38.19,2100105,550,买盘
83,09:34:06,38.23,1222729,320,买盘
84,09:34:09,38.19,1550937,406,卖盘
85,09:34:12,38.23,2499382,654,买盘
86,09:34:15,38.23,1020433,267,卖盘
87,09:34:18,38.2,1666965,436,卖盘
88,09:34:21,38.2,966818,253,卖盘
89,09:34:24,38.2,2988395,782,卖盘
90,09:34:27,38.22,638276,167,中性盘
91,09:34:30,38.21,1674123,438,卖盘
92,09:34:33,38.23,1272805,333,买盘
93,09:34:36,38.21,2304849,603,卖盘
94,09:34:39,38.21,2048699,536,卖盘
95,09:34:42,38.22,3515994,920,买盘
96,09:34:45,38.21,1391262,364,卖盘
97,09:34:48,38.19,7727827,2023,卖盘
98,09:34:51,38.16,3875560,1015,卖盘
99,09:34:54,38.15,4507217,1181,卖盘
100,09:34:57,38.12,1083858,284,卖盘
101,09:35:00,38.18,2813261,737,买盘
102,09:35:03,38.19,820697,215,买盘
103,09:35:06,38.19,3042900,797,买盘
104,09:35:09,38.17,2232501,585,中性盘
105,09:35:12,38.13,1595586,418,卖盘
106,09:35:15,38.14,5161683,1354,中性盘
107,09:35:18,38.18,3066493,804,买盘
108,09:35:21,38.19,1278462,335,买盘
109,09:35:24,38.18,1590659,417,买盘
110,09:35:27,38.17,1530931,401,中性盘
111,09:35:30,38.18,2370379,621,买盘
112,09:35:33,38.18,1099569,288,卖盘
113,09:35:36,38.18,1588458,416,买盘
114,09:35:39,38.17,641446,168,卖盘
115,09:35:42,38.17,2740192,718,卖盘
116,09:35:45,38.16,2400509,629,中性盘
117,09:35:48,38.12,6963451,1826,卖盘
118,09:35:51,38.13,2028988,532,买盘
119,09:35:54,38.15,4156428,1089,中性盘
120,09:35:57,38.14,1670368,438,卖盘
121,09:36:00,38.13,2812674,737,卖盘
122,09:36:03,38.15,373844,98,卖盘
123,09:36:06,38.15,1934033,507,买盘
124,09:36:09,38.13,736180,193,卖盘
125,09:36:12,38.15,908140,238,买盘
126,09:36:15,38.17,817139,214,中性盘
127,09:36:18,38.18,3868522,1013,买盘
128,09:36:21,38.18,954498,250,买盘
129,09:36:24,38.2,1363714,357,买盘
130,09:36:27,38.2,1704525,446,卖盘
131,09:36:30,38.31,18345227,4792,买盘
132,09:36:33,38.32,3547145,926,买盘
133,09:36:36,38.31,2072980,541,买盘
134,09:36:39,38.33,4511734,1177,买盘
135,09:36:42,38.42,16480510,4294,买盘
136,09:36:45,38.4,6045761,1573,卖盘
137,09:36:48,38.44,3073292,800,买盘
138,09:36:51,38.42,5317415,1384,买盘
139,09:36:54,38.42,3239789,843,卖盘
140,09:36:57,38.43,2075656,540,买盘
141,09:37:00,38.44,3801251,989,买盘
142,09:37:03,38.44,4748459,1235,卖盘
143,09:37:06,38.45,4252199,1106,买盘
144,09:37:09,38.45,4087973,1063,卖盘
145,09:37:12,38.48,3053713,794,买盘
146,09:37:15,38.47,2911274,757,卖盘
147,09:37:18,38.44,9609000,2500,卖盘
148,09:37:21,38.4,4404460,1146,卖盘
149,09:37:24,38.42,2562057,667,中性盘
150,09:37:27,38.39,6950963,1811,中性盘
151,09:37:30,38.38,3040139,792,中性盘
152,09:37:33,38.34,2301842,600,卖盘
153,09:37:36,38.34,2511910,655,卖盘
154,09:37:39,38.34,3149328,821,卖盘
155,09:37:42,38.34,1323140,345,中性盘
156,09:37:45,38.32,1269471,331,卖盘
157,09:37:48,38.31,5707738,1489,卖盘
158,09:37:51,38.36,2192779,572,买盘
159,09:37:54,38.35,1891965,493,中性盘
160,09:37:57,38.36,1833247,478,买盘
161,09:38:00,38.34,1576268,411,中性盘
162,09:38:03,38.32,7035876,1836,卖盘
163,09:38:06,38.32,1560287,407,买盘
164,09:38:09,38.32,1536869,401,卖盘
165,09:38:12,38.32,1954218,510,卖盘
166,09:38:15,38.32,2223130,580,买盘
167,09:38:18,38.33,682223,178,中性盘
168,09:38:21,38.35,3278590,855,买盘
169,09:38:24,38.35,544428,142,中性盘
170,09:38:27,38.37,1630572,425,买盘
171,09:38:30,38.37,629296,164,卖盘
172,09:38:33,38.38,2264065,590,买盘
173,09:38:36,38.34,2485504,648,卖盘
174,09:38:39,38.37,3097040,807,买盘
175,09:38:42,38.37,6219992,1621,买盘
176,09:38:45,38.35,2893232,754,卖盘
177,09:38:48,38.34,7802690,2035,卖盘
178,09:38:51,38.35,2300137,600,买盘
179,09:38:54,38.32,678376,177,中性盘
180,09:38:57,38.31,1552275,405,卖盘
181,09:39:00,38.3,4829669,1261,卖盘
182,09:39:03,38.32,1129787,295,买盘
183,09:39:06,38.32,681877,178,买盘
184,09:39:09,38.31,2212069,577,卖盘
185,09:39:12,38.32,2065045,539,买盘
186,09:39:15,38.33,1379163,360,买盘
187,09:39:18,38.32,1395002,364,卖盘
188,09:39:21,38.34,1184095,309,买盘
189,09:39:24,38.33,1969191,514,买盘
190,09:39:27,38.32,919545,240,中性盘
191,09:39:30,38.32,2761153,721,买盘
192,09:39:33,38.3,1282682,335,买盘
193,09:39:36,38.29,543524,142,中性盘
194,09:39:39,38.28,1358770,355,中性盘
195,09:39:42,38.3,1661035,434,买盘
196,09:39:45,38.3,1783595,466,买盘
197,09:39:48,38.3,693056,181,买盘
198,09:39:51,38.28,800043,209,卖盘
199,09:39:54,38.29,1133183,296,买盘
200,09:39:57,38.31,1922491,502,买盘
201,09:40:00,38.35,2291981,598,买盘
202,09:40:03,38.36,1963829,512,买盘
203,09:40:06,38.36,755713,197,卖盘
204,09:40:09,38.35,1273183,332,卖盘
205,09:40:12,38.35,1016538,265,买盘
206,09:40:15,38.4,9624321,2507,买盘
207,09:40:18,38.4,1363351,355,卖盘
208,09:40:21,38.4,1609099,419,卖盘
209,09:40:24,38.42,4174243,1087,买盘
210,09:40:27,38.4,2357702,614,买盘
211,09:40:30,38.41,2031769,529,买盘
212,09:40:33,38.41,2400116,625,卖盘
213,09:40:36,38.41,1490401,388,买盘
214,09:40:39,38.42,2930732,763,买盘
215,09:40:42,38.4,2696082,702,卖盘
216,09:40:45,38.41,1520870,396,买盘
217,09:40:48,38.41,1712716,446,买盘
218,09:40:51,38.38,2042612,532,卖盘
219,09:40:54,38.39,1915498,499,买盘
220,09:40:57,38.37,3411601,889,卖盘
221,09:41:00,38.37,1343035,350,买盘
222,09:41:03,38.35,1752982,457,卖盘
223,09:41:06,38.38,1576748,411,买盘
224,09:41:09,38.35,1238916,323,卖盘
225,09:41:12,38.34,1932187,504,卖盘
226,09:41:15,38.32,1728824,451,中性盘
227,09:41:18,38.32,1747348,456,买盘
228,09:41:21,38.34,4131246,1078,买盘
229,09:41:24,38.32,1498915,391,卖盘
230,09:41:27,38.32,1061691,277,卖盘
231,09:41:30,38.32,2111464,551,卖盘
232,09:41:33,38.32,866104,226,卖盘
233,09:41:36,38.32,1145700,299,卖盘
234,09:41:39,38.32,1505723,393,买盘
235,09:41:42,38.31,543987,142,中性盘
236,09:41:45,38.3,4906121,1281,卖盘
237,09:41:48,38.29,1692549,442,中性盘
238,09:41:51,38.29,371355,97,买盘
239,09:41:54,38.27,2020675,528,卖盘
240,09:41:57,38.24,3446377,901,卖盘
241,09:42:00,38.24,2391956,625,卖盘
242,09:42:03,38.23,711127,186,卖盘
243,09:42:06,38.23,458676,120,买盘
244,09:42:09,38.22,2825405,739,卖盘
245,09:42:12,38.23,1192663,312,买盘
246,09:42:15,38.23,569607,149,买盘
247,09:42:18,38.22,1185052,310,卖盘
248,09:42:21,38.22,955589,250,卖盘
249,09:42:24,38.22,3581155,937,卖盘
250,09:42:27,38.22,1249515,327,买盘
251,09:42:30,38.22,1387252,363,买盘
252,09:42:33,38.22,1280429,335,卖盘
253,09:42:36,38.23,1800108,471,买盘
254,09:42:39,38.21,4966125,1300,卖盘
255,09:42:42,38.21,5061102,1325,买盘
256,09:42:45,38.19,339892,89,卖盘
257,09:42:48,38.19,748434,196,买盘
258,09:42:51,38.17,404706,106,卖盘
259,09:42:54,38.17,1359234,356,卖盘
260,09:42:57,38.17,648940,170,卖盘
261,09:43:00,38.16,374051,98,卖盘
262,09:43:03,38.17,1125946,295,买盘
263,09:43:06,38.17,988749,259,卖盘
264,09:43:09,38.17,1393081,365,卖盘
265,09:43:12,38.16,7872564,2064,卖盘
266,09:43:15,38.15,1995138,523,卖盘
267,09:43:18,38.16,1862280,488,买盘
268,09:43:21,38.15,644844,169,中性盘
269,09:43:24,38.16,393082,103,中性盘
270,09:43:27,38.16,1541763,404,卖盘
271,09:43:30,38.16,679333,178,卖盘
272,09:43:33,38.17,232843,61,买盘
273,09:43:36,38.18,908376,238,买盘
274,09:43:39,38.18,752086,197,买盘
275,09:43:42,38.18,397096,104,卖盘
276,09:43:45,38.19,1114892,292,买盘
277,09:43:48,38.18,1267623,332,卖盘
278,09:43:51,38.2,970078,254,买盘
279,09:43:54,38.19,278795,73,卖盘
280,09:43:57,38.2,275023,72,买盘
281,09:44:00,38.21,489013,128,买盘
282,09:44:03,38.2,2089731,547,卖盘
283,09:44:06,38.2,3784715,991,买盘
284,09:44:09,38.19,1451169,380,卖盘
285,09:44:12,38.2,2852294,747,买盘
286,09:44:15,38.19,2634815,690,中性盘
287,09:44:18,38.19,912777,239,买盘
288,09:44:21,38.18,920298,241,卖盘
289,09:44:24,38.19,290211,76,买盘
290,09:44:27,38.19,633835,166,买盘
291,09:44:30,38.19,381884,100,买盘
292,09:44:33,38.19,366569,96,卖盘
293,09:44:36,38.19,836496,219,买盘
294,09:44:39,38.19,263489,69,买盘
295,09:44:42,38.18,1420428,372,卖盘
296,09:44:45,38.18,729217,191,买盘
297,09:44:48,38.18,752355,197,买盘
298,09:44:51,38.18,523116,137,卖盘
299,09:44:54,38.17,374163,98,卖盘
300,09:44:57,38.18,339802,89,中性盘
301,09:45:00,38.18,763648,200,卖盘
302,09:45:03,38.16,6537704,1713,卖盘
303,09:45:06,38.14,3708166,972,卖盘
304,09:45:09,38.14,1270391,333,卖盘
305,09:45:12,38.12,537577,141,卖盘
306,09:45:15,38.12,224946,59,卖盘
307,09:45:18,38.12,632888,166,卖盘
308,09:45:21,38.12,1056170,277,买盘
309,09:45:24,38.11,3159459,829,卖盘
310,09:45:27,38.11,270541,71,买盘
311,09:45:30,38.1,537247,141,卖盘
312,09:45:33,38.11,308625,81,买盘
313,09:45:36,38.11,369630,97,买盘
314,09:45:39,38.1,693450,182,卖盘
315,09:45:42,38.11,4309268,1131,买盘
316,09:45:45,38.1,544853,143,卖盘
317,09:45:48,38.1,895385,235,卖盘
318,09:45:51,38.11,861204,226,买盘
319,09:45:54,38.11,201983,53,卖盘
320,09:45:57,38.11,114337,30,卖盘
321,09:46:00,38.1,2061459,541,卖盘
322,09:46:03,38.11,251492,66,买盘
323,09:46:06,38.1,274402,72,卖盘
324,09:46:09,38.11,1147187,301,买盘
325,09:46:12,38.12,655511,172,买盘
326,09:46:15,38.1,1478693,388,卖盘
327,09:46:18,38.12,472455,124,买盘
328,09:46:21,38.12,304876,80,买盘
329,09:46:24,38.13,830999,218,买盘
330,09:46:27,38.12,244029,64,卖盘
331,09:46:30,38.13,339311,89,买盘
332,09:46:33,38.11,1540044,404,卖盘
333,09:46:36,38.13,1204564,316,买盘
334,09:46:39,38.12,739571,194,卖盘
335,09:46:42,38.13,678564,178,买盘
336,09:46:45,38.12,381248,100,卖盘
337,09:46:48,38.13,476632,125,买盘
338,09:46:51,38.13,1894670,497,买盘
339,09:46:54,38.12,1007559,264,卖盘
340,09:46:57,38.12,677558,178,卖盘
341,09:47:00,38.12,720436,189,买盘
342,09:47:03,38.12,531070,139,卖盘
343,09:47:06,38.12,566814,149,卖盘
344,09:47:09,38.12,529808,139,买盘
345,09:47:12,38.1,1139377,299,卖盘
346,09:47:15,38.07,7324275,1923,卖盘
347,09:47:18,38.05,1788678,470,卖盘
348,09:47:21,38.03,1723305,453,卖盘
349,09:47:24,38.02,1216546,320,卖盘
350,09:47:27,38.01,1729487,455,卖盘
351,09:47:30,38.01,600578,158,卖盘
352,09:47:33,38.01,2527233,665,买盘
353,09:47:36,38.01,1018524,268,卖盘
354,09:47:39,38.0,1740834,458,卖盘
355,09:47:42,38.0,2910836,766,卖盘
356,09:47:45,38.0,1881071,495,卖盘
357,09:47:48,38.0,2967858,781,卖盘
358,09:47:51,38.0,816996,215,卖盘
359,09:47:54,38.0,1736464,457,买盘
360,09:47:57,37.99,2884267,759,卖盘
361,09:48:00,38.0,1033998,272,买盘
362,09:48:03,38.0,262211,69,卖盘
363,09:48:06,38.01,581457,153,买盘
364,09:48:09,38.01,570039,150,中性盘
365,09:48:12,38.01,828667,218,买盘
366,09:48:15,38.03,501804,132,买盘
367,09:48:18,38.05,1133571,298,买盘
368,09:48:21,38.06,171231,45,买盘
369,09:48:24,38.06,403413,106,买盘
370,09:48:27,38.07,586111,154,买盘
371,09:48:30,38.07,727126,191,买盘
372,09:48:33,38.07,1107621,291,买盘
373,09:48:36,38.06,909644,239,卖盘
374,09:48:39,38.05,764941,201,卖盘
375,09:48:42,38.06,407168,107,买盘
376,09:48:45,38.06,1031024,271,买盘
377,09:48:48,38.05,905589,238,中性盘
378,09:48:51,38.05,859605,226,买盘
379,09:48:54,38.05,1004286,264,买盘
380,09:48:57,38.05,711468,187,买盘
381,09:49:00,38.02,418411,110,卖盘
382,09:49:03,38.04,958109,252,买盘
383,09:49:06,38.04,494455,130,买盘
384,09:49:09,38.04,870945,229,买盘
385,09:49:12,38.03,787162,207,买盘
386,09:49:15,38.03,346092,91,买盘
387,09:49:18,38.03,437353,115,卖盘
388,09:49:21,38.03,281420,74,买盘
389,09:49:24,38.03,102681,27,卖盘
390,09:49:27,38.04,677096,178,买盘
391,09:49:30,38.04,304280,80,买盘
392,09:49:33,38.04,631426,166,买盘
393,09:49:36,38.04,912868,240,买盘
394,09:49:39,38.04,505930,133,买盘
395,09:49:42,38.04,121732,32,卖盘
396,09:49:45,38.04,384209,101,卖盘
397,09:49:48,38.06,1527228,401,买盘
398,09:49:51,38.06,79929,21,卖盘
399,09:49:54,38.07,723202,190,买盘
400,09:49:57,38.06,662278,174,卖盘
401,09:50:00,38.04,1087195,286,卖盘
402,09:50:03,38.04,2145857,564,卖盘
403,09:50:06,38.04,1388570,365,卖盘
404,09:50:09,38.04,376634,99,买盘
405,09:50:12,38.05,646647,170,中性盘
406,09:50:15,38.04,1559907,410,卖盘
407,09:50:18,38.05,475592,125,买盘
408,09:50:21,38.05,589806,155,买盘
409,09:50:24,38.05,68490,18,卖盘
410,09:50:27,38.07,1214297,319,买盘
411,09:50:30,38.06,2246045,590,卖盘
412,09:50:33,38.08,559491,147,买盘
413,09:50:36,38.08,182778,48,买盘
414,09:50:39,38.08,194183,51,买盘
415,09:50:42,38.08,319872,84,卖盘
416,09:50:45,38.09,503872,132,买盘
417,09:50:48,38.08,2405628,632,卖盘
418,09:50:51,38.08,822592,216,中性盘
419,09:50:54,38.08,662506,174,买盘
420,09:50:57,38.09,777016,204,买盘
421,09:51:00,38.09,137114,36,中性盘
422,09:51:03,38.1,232382,61,买盘
423,09:51:06,38.09,159986,42,卖盘
424,09:51:09,38.1,266693,70,买盘
425,09:51:12,38.1,220970,58,买盘
426,09:51:15,38.11,403864,106,买盘
427,09:51:18,38.12,156273,41,买盘
428,09:51:21,38.12,129603,34,买盘
429,09:51:24,38.13,289750,76,买盘
430,09:51:27,38.13,217305,57,卖盘
431,09:51:30,38.13,652030,171,买盘
432,09:51:33,38.12,2935606,770,卖盘
433,09:51:36,38.14,2623247,688,买盘
434,09:51:39,38.12,411771,108,中性盘
435,09:51:42,38.12,438366,115,买盘
436,09:51:45,38.13,880419,231,买盘
437,09:51:48,38.14,362262,95,买盘
438,09:51:51,38.14,179213,47,买盘
439,09:51:54,38.13,423233,111,卖盘
440,09:51:57,38.13,312633,82,买盘
441,09:52:00,38.12,827376,217,卖盘
442,09:52:03,38.12,979691,257,卖盘
443,09:52:06,38.1,1874457,492,卖盘
444,09:52:09,38.1,777210,204,买盘
445,09:52:12,38.1,788313,207,买盘
446,09:52:15,38.08,502557,132,中性盘
447,09:52:18,38.08,875491,230,买盘
448,09:52:21,38.08,308388,81,买盘
449,09:52:24,38.08,483498,127,买盘
450,09:52:27,38.05,833590,219,卖盘
451,09:52:30,38.04,1678375,441,卖盘
452,09:52:33,38.06,886596,233,买盘
453,09:52:36,38.06,840841,221,买盘
454,09:52:39,38.05,848656,223,中性盘
455,09:52:42,38.05,570619,150,买盘
456,09:52:45,38.05,635267,167,买盘
457,09:52:48,38.05,517427,136,买盘
458,09:52:51,38.07,1780928,468,买盘
459,09:52:54,38.08,2119364,557,买盘
460,09:52:57,38.08,182669,48,买盘
461,09:53:00,38.06,426190,112,卖盘
462,09:53:03,38.07,414875,109,买盘
463,09:53:06,38.06,289242,76,卖盘
464,09:53:09,38.07,1366507,359,买盘
465,09:53:12,38.07,270301,71,卖盘
466,09:53:15,38.06,437754,115,卖盘
467,09:53:18,38.06,178895,47,卖盘
468,09:53:21,38.06,262603,69,卖盘
469,09:53:24,38.06,452914,119,买盘
470,09:53:27,38.06,529019,139,买盘
471,09:53:30,38.06,243617,64,卖盘
472,09:53:33,38.07,582445,153,买盘
473,09:53:36,38.08,647224,170,买盘
474,09:53:39,38.08,407462,107,买盘
475,09:53:42,38.08,79968,21,卖盘
476,09:53:45,38.09,853012,224,买盘
477,09:53:48,38.08,685515,180,卖盘
478,09:53:51,38.09,1355765,356,买盘
479,09:53:54,38.08,521682,137,中性盘
480,09:53:57,38.05,6527018,1715,卖盘
481,09:54:00,38.05,1430764,376,卖盘
482,09:54:03,38.05,312031,82,卖盘
483,09:54:06,38.08,3499712,919,买盘
484,09:54:09,38.08,388545,102,卖盘
485,09:54:12,38.08,956208,251,卖盘
486,09:54:15,38.08,624536,164,卖盘
487,09:54:18,38.11,144747,38,买盘
488,09:54:21,38.08,2406928,632,卖盘
489,09:54:24,38.1,396200,104,中性盘
490,09:54:27,38.1,289457,76,买盘
491,09:54:30,38.1,628710,165,买盘
492,09:54:33,38.1,407626,107,买盘
493,09:54:36,38.1,251445,66,买盘
494,09:54:39,38.11,316309,83,买盘
495,09:54:42,38.11,415355,109,买盘
496,09:54:45,38.11,331520,87,买盘
497,09:54:48,38.1,480047,126,卖盘
498,09:54:51,38.1,1245941,327,买盘
499,09:54:54,38.1,266724,70,卖盘
500,09:54:57,38.1,297232,78,卖盘
501,09:55:00,38.11,266770,70,买盘
502,09:55:03,38.12,628978,165,买盘
503,09:55:06,38.12,118172,31,卖盘
504,09:55:09,38.13,461261,121,买盘
505,09:55:12,38.11,4665561,1224,卖盘
506,09:55:15,38.13,1242801,326,买盘
507,09:55:18,38.1,1040471,273,卖盘
508,09:55:21,38.12,476498,125,买盘
509,09:55:24,38.11,442216,116,卖盘
510,09:55:27,38.11,457393,120,卖盘
511,09:55:30,38.11,339241,89,卖盘
512,09:55:33,38.12,472607,124,买盘
513,09:55:36,38.12,426928,112,买盘
514,09:55:39,38.12,385013,101,买盘
515,09:55:42,38.12,705223,185,卖盘
516,09:55:45,38.11,2702026,709,卖盘
517,09:55:48,38.11,701262,184,买盘
518,09:55:51,38.1,541108,142,卖盘
519,09:55:54,38.11,518237,136,买盘
520,09:55:57,38.12,327821,86,买盘
521,09:56:00,38.13,373698,98,买盘
522,09:56:03,38.14,1909642,501,买盘
523,09:56:06,38.11,407915,107,卖盘
524,09:56:09,38.12,1261447,331,买盘
525,09:56:12,38.13,76258,20,买盘
526,09:56:15,38.16,3418471,896,买盘
527,09:56:18,38.19,339752,89,买盘
528,09:56:21,38.16,103053,27,卖盘
529,09:56:24,38.19,175644,46,买盘
530,09:56:27,38.19,213828,56,买盘
531,09:56:30,38.19,294018,77,买盘
532,09:56:33,38.2,1585025,415,买盘
533,09:56:36,38.23,1512551,396,买盘
534,09:56:39,38.24,378499,99,买盘
535,09:56:42,38.23,324971,85,卖盘
536,09:56:45,38.24,657569,172,买盘
537,09:56:48,38.23,1318699,345,中性盘
538,09:56:51,38.22,1310318,343,中性盘
539,09:56:54,38.21,569500,149,中性盘
540,09:56:57,38.2,687665,180,中性盘
541,09:57:00,38.21,450726,118,买盘
542,09:57:03,38.2,611360,160,卖盘
543,09:57:06,38.21,401155,105,中性盘
544,09:57:09,38.21,160466,42,买盘
545,09:57:12,38.24,5035944,1317,买盘
546,09:57:15,38.27,834045,218,买盘
547,09:57:18,38.31,5816055,1519,买盘
548,09:57:21,38.36,3424325,893,买盘
549,09:57:24,38.34,1446403,377,卖盘
550,09:57:27,38.37,610136,159,中性盘
551,09:57:30,38.37,1097567,286,卖盘
552,09:57:33,38.37,813529,212,卖盘
553,09:57:36,38.38,2129911,555,买盘
554,09:57:39,38.38,1389408,362,卖盘
555,09:57:42,38.39,3562382,928,买盘
556,09:57:45,38.38,1508776,393,卖盘
557,09:57:48,38.37,3701309,964,卖盘
558,09:57:51,38.38,802133,209,买盘
559,09:57:54,38.37,537232,140,卖盘
560,09:57:57,38.38,3174478,827,买盘
561,09:58:00,38.44,18454308,4802,买盘
562,09:58:03,38.44,5479670,1425,卖盘
563,09:58:06,38.46,861150,224,中性盘
564,09:58:09,38.46,1584708,412,卖盘
565,09:58:12,38.53,46141614,11986,买盘
566,09:58:15,38.5,3886783,1009,卖盘
567,09:58:18,38.5,5966980,1549,卖盘
568,09:58:21,38.53,1117063,290,买盘
569,09:58:24,38.51,2353615,611,卖盘
570,09:58:27,38.51,985997,256,买盘
571,09:58:30,38.51,9753492,2533,卖盘
572,09:58:33,38.51,1640630,426,买盘
573,09:58:36,38.5,2421958,629,卖盘
574,09:58:39,38.5,3238592,841,买盘
575,09:58:42,38.52,5680350,1475,买盘
576,09:58:45,38.51,2665849,692,卖盘
577,09:58:48,38.52,3319938,862,中性盘
578,09:58:51,38.5,1197407,311,卖盘
579,09:58:54,38.5,1285891,334,买盘
580,09:58:57,38.5,1154975,300,买盘
581,09:59:00,38.5,2738115,711,买盘
582,09:59:03,38.51,2198464,571,买盘
583,09:59:06,38.5,4684887,1217,卖盘
584,09:59:09,38.49,1050836,273,卖盘
585,09:59:12,38.49,815898,212,买盘
586,09:59:15,38.45,1161925,302,卖盘
587,09:59:18,38.45,422804,110,卖盘
588,09:59:21,38.45,672929,175,买盘
589,09:59:24,38.44,672526,175,中性盘
590,09:59:27,38.4,591701,154,卖盘
591,09:59:30,38.4,641584,167,卖盘
592,09:59:33,38.4,967801,252,卖盘
593,09:59:36,38.4,1298073,338,卖盘
594,09:59:39,38.42,1310208,341,买盘
595,09:59:42,38.42,1133300,295,卖盘
596,09:59:45,38.4,879872,229,卖盘
597,09:59:48,38.4,1390349,362,卖盘
598,09:59:51,38.4,622220,162,买盘
599,09:59:54,38.38,1148099,299,卖盘
600,09:59:57,38.4,387756,101,买盘
601,10:00:00,38.38,1362388,355,卖盘
602,10:00:03,38.4,1933798,504,买盘
603,10:00:06,38.35,491060,128,卖盘
604,10:00:09,38.34,855504,223,卖盘
605,10:00:12,38.35,1196907,312,买盘
606,10:00:15,38.38,410655,107,中性盘
607,10:00:18,38.36,490975,128,中性盘
608,10:00:21,38.37,280106,73,中性盘
609,10:00:24,38.36,437438,114,卖盘
610,10:00:27,38.36,364494,95,卖盘
611,10:00:30,38.38,1669774,435,买盘
612,10:00:33,38.38,303215,79,卖盘
613,10:00:36,38.39,767577,200,买盘
614,10:00:39,38.39,5208564,1358,卖盘
615,10:00:42,38.36,1021078,266,卖盘
616,10:00:45,38.36,2384233,621,卖盘
617,10:00:48,38.38,80592,21,卖盘
618,10:00:51,38.38,437500,114,买盘
619,10:00:54,38.38,1784919,465,买盘
620,10:00:57,38.38,729101,190,卖盘
621,10:01:00,38.38,721596,188,买盘
622,10:01:03,38.37,1047792,273,卖盘
623,10:01:06,38.39,1439452,375,买盘
624,10:01:09,38.4,1381959,360,买盘
625,10:01:12,38.39,729541,190,中性盘
626,10:01:15,38.38,1278325,333,卖盘
627,10:01:18,38.39,1839156,479,中性盘
628,10:01:21,38.38,445295,116,卖盘
629,10:01:24,38.34,3766765,982,卖盘
630,10:01:27,38.34,2021482,527,买盘
631,10:01:30,38.32,490860,128,卖盘
632,10:01:33,38.34,410269,107,中性盘
633,10:01:36,38.32,341156,89,卖盘
634,10:01:39,38.35,268338,70,买盘
635,10:01:42,38.34,310530,81,中性盘
636,10:01:45,38.34,483104,126,卖盘
637,10:01:48,38.34,291427,76,卖盘
638,10:01:51,38.34,337448,88,卖盘
639,10:01:54,38.34,1284432,335,卖盘
640,10:01:57,38.34,709504,185,买盘
641,10:02:00,38.34,195548,51,卖盘
642,10:02:03,38.35,333571,87,买盘
643,10:02:06,38.34,1027572,268,卖盘
644,10:02:09,38.35,693981,181,买盘
645,10:02:12,38.34,625032,163,卖盘
646,10:02:15,38.36,893606,233,买盘
647,10:02:18,38.36,49875,13,卖盘
648,10:02:21,38.37,65216,17,买盘
649,10:02:24,38.36,337617,88,卖盘
650,10:02:27,38.38,590903,154,买盘
651,10:02:30,38.39,1408698,367,买盘
652,10:02:33,38.39,23038,6,卖盘
653,10:02:36,38.4,353217,92,买盘
654,10:02:39,38.4,3132965,816,买盘
655,10:02:42,38.41,764249,199,买盘
656,10:02:45,38.41,1424773,371,买盘
657,10:02:48,38.41,1129243,294,买盘
658,10:02:51,38.35,9856230,2568,卖盘
659,10:02:54,38.31,3131406,817,卖盘
660,10:02:57,38.32,6689230,1746,买盘
661,10:03:00,38.31,773982,202,卖盘
662,10:03:03,38.32,1632318,426,买盘
663,10:03:06,38.32,1864731,487,买盘
664,10:03:09,38.32,892994,233,卖盘
665,10:03:12,38.33,130322,34,卖盘
666,10:03:15,38.34,414024,108,买盘
667,10:03:18,38.33,1195917,312,卖盘
668,10:03:21,38.32,563518,147,卖盘
669,10:03:24,38.33,325801,85,买盘
670,10:03:27,38.33,1134564,296,买盘
671,10:03:30,38.33,68998,18,卖盘
672,10:03:33,38.33,65169,17,卖盘
673,10:03:36,38.34,609609,159,买盘
674,10:03:39,38.34,2672299,697,卖盘
675,10:03:42,38.34,992983,259,买盘
676,10:03:45,38.33,356560,93,卖盘
677,10:03:48,38.34,1414702,369,买盘
678,10:03:51,38.33,2246348,586,卖盘
679,10:03:54,38.34,345043,90,中性盘
680,10:03:57,38.34,1073375,280,买盘
681,10:04:00,38.35,2238879,584,买盘
682,10:04:03,38.35,437119,114,买盘
683,10:04:06,38.35,118885,31,买盘
684,10:04:09,38.34,632757,165,卖盘
685,10:04:12,38.34,544542,142,卖盘
686,10:04:15,38.34,532964,139,卖盘
687,10:04:18,38.35,920290,240,买盘
688,10:04:21,38.35,579060,151,买盘
689,10:04:24,38.35,502469,131,买盘
690,10:04:27,38.35,145756,38,卖盘
691,10:04:30,38.36,2957438,771,中性盘
692,10:04:33,38.35,2553522,666,卖盘
693,10:04:36,38.34,3269659,853,中性盘
694,10:04:39,38.36,1641133,428,买盘
695,10:04:42,38.36,544628,142,买盘
696,10:04:45,38.36,203286,53,买盘
697,10:04:48,38.35,935945,244,卖盘
698,10:04:51,38.36,210962,55,买盘
699,10:04:54,38.34,5645025,1472,卖盘
700,10:04:57,38.34,552151,144,买盘
701,10:05:00,38.33,291362,76,卖盘
702,10:05:03,38.33,3914295,1021,卖盘
703,10:05:06,38.32,842952,220,买盘
704,10:05:09,38.33,1080575,282,买盘
705,10:05:12,38.32,486648,127,中性盘
706,10:05:15,38.34,722891,189,买盘
707,10:05:18,38.34,256834,67,买盘
708,10:05:21,38.34,571246,149,买盘
709,10:05:24,38.33,900984,235,卖盘
710,10:05:27,38.35,279896,73,买盘
711,10:05:30,38.35,80521,21,买盘
712,10:05:33,38.34,797509,208,卖盘
713,10:05:36,38.34,1353414,353,卖盘
714,10:05:39,38.35,92036,24,买盘
715,10:05:42,38.35,429510,112,买盘
716,10:05:45,38.34,314453,82,卖盘
717,10:05:48,38.35,276067,72,买盘
718,10:05:51,38.35,536887,140,买盘
719,10:05:54,38.34,410332,107,卖盘
720,10:05:57,38.34,517709,135,卖盘
721,10:06:00,38.35,460153,120,买盘
722,10:06:03,38.35,230106,60,卖盘
723,10:06:06,38.35,989633,258,卖盘
724,10:06:09,38.36,556188,145,买盘
725,10:06:12,38.36,126610,33,卖盘
726,10:06:15,38.36,203293,53,卖盘
727,10:06:18,38.36,241673,63,买盘
728,10:06:21,38.36,652221,170,卖盘
729,10:06:24,38.35,694304,181,卖盘
730,10:06:27,38.36,1054894,275,买盘
731,10:06:30,38.37,234034,61,买盘
732,10:06:33,38.38,736621,192,买盘
733,10:06:36,38.37,702265,183,买盘
734,10:06:39,38.38,199546,52,买盘
735,10:06:42,38.38,249457,65,买盘
736,10:06:45,38.38,533456,139,买盘
737,10:06:48,38.38,752248,196,买盘
738,10:06:51,38.38,1020856,266,买盘
739,10:06:54,38.38,717660,187,买盘
740,10:06:57,38.37,1865161,486,卖盘
741,10:07:00,38.38,1631145,425,买盘
742,10:07:03,38.39,1086073,283,买盘
743,10:07:06,38.38,510445,133,中性盘
744,10:07:09,38.38,418301,109,买盘
745,10:07:12,38.38,1108940,289,买盘
746,10:07:15,38.38,644727,168,买盘
747,10:07:18,38.36,525733,137,卖盘
748,10:07:21,38.37,725347,189,买盘
749,10:07:24,38.38,820989,214,买盘
750,10:07:27,38.36,506459,132,卖盘
751,10:07:30,38.36,448909,117,卖盘
752,10:07:33,38.37,429689,112,买盘
753,10:07:36,38.37,203332,53,买盘
754,10:07:39,38.37,1089777,284,买盘
755,10:07:42,38.38,690608,180,买盘
756,10:07:45,38.39,1331675,347,买盘
757,10:07:48,38.39,368460,96,买盘
758,10:07:51,38.39,1362783,355,买盘
759,10:07:54,38.39,99814,26,中性盘
760,10:07:57,38.4,472254,123,买盘
761,10:08:00,38.4,591335,154,买盘
762,10:08:03,38.4,372457,97,买盘
763,10:08:06,38.4,1823900,475,买盘
764,10:08:09,38.4,1205725,314,买盘
765,10:08:12,38.4,337920,88,卖盘
766,10:08:15,38.4,2150350,560,卖盘
767,10:08:18,38.38,318663,83,中性盘
768,10:08:21,38.39,1950164,508,买盘
769,10:08:24,38.39,460646,120,买盘
770,10:08:27,38.38,633291,165,卖盘
771,10:08:30,38.37,468191,122,卖盘
772,10:08:33,38.37,3034840,791,卖盘
773,10:08:36,38.36,659686,172,买盘
774,10:08:39,38.35,1626031,424,卖盘
775,10:08:42,38.34,977723,255,卖盘
776,10:08:45,38.33,2424373,632,卖盘
777,10:08:48,38.32,977106,255,卖盘
778,10:08:51,38.31,1199391,313,卖盘
779,10:08:54,38.31,720253,188,卖盘
780,10:08:57,38.31,747046,195,卖盘
781,10:09:00,38.31,1015167,265,卖盘
782,10:09:03,38.3,1126126,294,卖盘
783,10:09:06,38.31,666490,174,买盘
784,10:09:09,38.31,2099239,548,买盘
785,10:09:12,38.3,835123,218,卖盘
786,10:09:15,38.3,298758,78,卖盘
787,10:09:18,38.31,708616,185,买盘
788,10:09:21,38.3,1539683,402,卖盘
789,10:09:24,38.3,1283090,335,卖盘
790,10:09:27,38.3,635786,166,卖盘
791,10:09:30,38.3,605141,158,卖盘
792,10:09:33,38.3,264232,69,买盘
793,10:09:36,38.29,524695,137,卖盘
794,10:09:39,38.3,210618,55,买盘
795,10:09:42,38.29,164646,43,中性盘
796,10:09:45,38.29,336940,88,买盘
797,10:09:48,38.28,493850,129,卖盘
798,10:09:51,38.28,482353,126,卖盘
799,10:09:54,38.28,313916,82,卖盘
800,10:09:57,38.27,260288,68,卖盘
801,10:10:00,38.27,386552,101,卖盘
802,10:10:03,38.29,329184,86,买盘
803,10:10:06,38.27,313819,82,卖盘
804,10:10:09,38.29,528274,138,买盘
805,10:10:12,38.29,95696,25,买盘
806,10:10:15,38.26,1840552,481,卖盘
807,10:10:18,38.26,340584,89,中性盘
808,10:10:21,38.26,964026,252,买盘
809,10:10:24,38.26,440083,115,卖盘
810,10:10:27,38.24,2945267,770,卖盘
811,10:10:30,38.25,497125,130,买盘
812,10:10:33,38.26,409251,107,买盘
813,10:10:36,38.25,99443,26,买盘
814,10:10:39,38.26,562377,147,买盘
815,10:10:42,38.25,214230,56,卖盘
816,10:10:45,38.26,374933,98,买盘
817,10:10:48,38.25,459000,120,卖盘
818,10:10:51,38.26,539438,141,买盘
819,10:10:54,38.26,141562,37,卖盘
820,10:10:57,38.26,126260,33,卖盘
821,10:11:00,38.26,818898,214,卖盘
822,10:11:03,38.27,137775,36,买盘
823,10:11:06,38.27,26789,7,卖盘
824,10:11:09,38.27,88024,23,卖盘
825,10:11:12,38.28,2112576,552,买盘
826,10:11:15,38.25,3121525,816,卖盘
827,10:11:18,38.24,2642852,691,卖盘
828,10:11:21,38.27,657879,172,买盘
829,10:11:24,38.26,1078554,282,买盘
830,10:11:27,38.25,290726,76,卖盘
831,10:11:30,38.26,153007,40,买盘
832,10:11:33,38.25,661750,173,卖盘
833,10:11:36,38.26,233365,61,买盘
834,10:11:39,38.26,195100,51,买盘
835,10:11:42,38.26,711573,186,买盘
836,10:11:45,38.27,244834,64,买盘
837,10:11:48,38.27,405547,106,买盘
838,10:11:51,38.27,443903,116,买盘
839,10:11:54,38.26,1404222,367,卖盘
840,10:11:57,38.26,577691,151,买盘
841,10:12:00,38.26,229557,60,买盘
842,10:12:03,38.26,443758,116,买盘
843,10:12:06,38.25,539444,141,卖盘
844,10:12:09,38.26,577670,151,买盘
845,10:12:12,38.25,1346136,352,卖盘
846,10:12:15,38.25,918099,240,买盘
847,10:12:18,38.26,275474,72,卖盘
848,10:12:21,38.27,248754,65,买盘
849,10:12:24,38.26,868533,227,卖盘
850,10:12:27,38.25,642662,168,卖盘
851,10:12:30,38.25,214232,56,中性盘
852,10:12:33,38.26,1185999,310,买盘
853,10:12:36,38.25,107125,28,中性盘
854,10:12:39,38.25,608123,159,卖盘
855,10:12:42,38.25,271568,71,买盘
856,10:12:45,38.25,317479,83,买盘
857,10:12:48,38.25,822302,215,卖盘
858,10:12:51,38.25,122401,32,卖盘
859,10:12:54,38.25,550874,144,卖盘
860,10:12:57,38.25,237157,62,卖盘
861,10:13:00,38.25,275402,72,卖盘
862,10:13:03,38.25,110932,29,卖盘
863,10:13:06,38.24,3067817,802,卖盘
864,10:13:09,38.26,872180,228,买盘
865,10:13:12,38.25,187443,49,卖盘
866,10:13:15,38.26,1044000,273,买盘
867,10:13:18,38.26,237171,62,卖盘
868,10:13:21,38.26,428424,112,买盘
869,10:13:24,38.27,371128,97,买盘
870,10:13:27,38.26,302303,79,卖盘
871,10:13:30,38.27,684937,179,买盘
872,10:13:33,38.27,122454,32,买盘
873,10:13:36,38.27,417101,109,买盘
874,10:13:39,38.29,1445372,378,买盘
875,10:13:42,38.3,333039,87,买盘
876,10:13:45,38.3,260395,68,买盘
877,10:13:48,38.29,248948,65,卖盘
878,10:13:51,38.3,187647,49,买盘
879,10:13:54,38.3,210650,55,买盘
880,10:13:57,38.31,352361,92,买盘
881,10:14:00,38.31,501761,131,买盘
882,10:14:03,38.29,911508,238,卖盘
883,10:14:06,38.29,451891,118,卖盘
884,10:14:09,38.29,589764,154,卖盘
885,10:14:12,38.3,582081,152,买盘
886,10:14:15,38.3,425089,111,卖盘
887,10:14:18,38.3,861752,225,卖盘
888,10:14:21,38.29,501686,131,卖盘
889,10:14:24,38.29,38300,10,卖盘
890,10:14:27,38.29,283401,74,卖盘
891,10:14:30,38.3,543821,142,买盘
892,10:14:33,38.3,291143,76,卖盘
893,10:14:36,38.3,180031,47,卖盘
894,10:14:39,38.3,306409,80,卖盘
895,10:14:42,38.3,164690,43,卖盘
896,10:14:45,38.29,179973,47,卖盘
897,10:14:48,38.3,72758,19,买盘
898,10:14:51,38.29,405935,106,卖盘
899,10:14:54,38.3,218282,57,买盘
900,10:14:57,38.3,566813,148,买盘
901,10:15:00,38.3,1344479,351,买盘
902,10:15:03,38.32,2621482,684,买盘
903,10:15:06,38.31,421762,110,卖盘
904,10:15:09,38.31,26821,7,卖盘
905,10:15:12,38.31,95790,25,卖盘
906,10:15:15,38.32,425268,111,买盘
907,10:15:18,38.32,80472,21,卖盘
908,10:15:21,38.33,237640,62,买盘
909,10:15:24,38.36,2205055,575,买盘
910,10:15:27,38.35,395096,103,中性盘
911,10:15:30,38.34,460182,120,卖盘
912,10:15:33,38.36,103585,27,买盘
913,10:15:36,38.36,955166,249,卖盘
914,10:15:39,38.36,157264,41,买盘
915,10:15:42,38.35,306807,80,卖盘
916,10:15:45,38.36,76720,20,买盘
917,10:15:48,38.36,310691,81,买盘
918,10:15:51,38.36,1622325,423,买盘
919,10:15:54,38.36,352912,92,买盘
920,10:15:57,38.35,970375,253,卖盘
921,10:16:00,38.37,1074140,280,买盘
922,10:16:03,38.36,1246523,325,中性盘
923,10:16:06,38.37,483282,126,买盘
924,10:16:09,38.37,260852,68,买盘
925,10:16:12,38.36,329967,86,卖盘
926,10:16:15,38.37,372174,97,买盘
927,10:16:18,38.36,1216048,317,卖盘
928,10:16:21,38.36,732821,191,买盘
929,10:16:24,38.37,80570,21,买盘
930,10:16:27,38.37,441152,115,买盘
931,10:16:30,38.37,2091743,545,买盘
932,10:16:33,38.36,510403,133,卖盘
933,10:16:36,38.36,725017,189,卖盘
934,10:16:39,38.36,644368,168,买盘
935,10:16:42,38.37,253197,66,买盘
936,10:16:45,38.36,268501,70,卖盘
937,10:16:48,38.37,479605,125,买盘
938,10:16:51,38.37,176494,46,买盘
939,10:16:54,38.37,1269794,331,买盘
940,10:16:57,38.37,498751,130,卖盘
941,10:17:00,38.36,471859,123,中性盘
942,10:17:03,38.35,1265645,330,卖盘
943,10:17:06,38.34,740122,193,卖盘
944,10:17:09,38.34,460147,120,卖盘
945,10:17:12,38.35,279920,73,买盘
946,10:17:15,38.35,563684,147,买盘
947,10:17:18,38.35,544526,142,买盘
948,10:17:21,38.35,210876,55,买盘
949,10:17:24,38.33,414162,108,卖盘
950,10:17:27,38.33,314359,82,卖盘
951,10:17:30,38.34,521481,136,买盘
952,10:17:33,38.34,1502574,392,买盘
953,10:17:36,38.34,467605,122,买盘
954,10:17:39,38.33,276018,72,卖盘
955,10:17:42,38.35,1249989,326,买盘
956,10:17:45,38.32,482996,126,卖盘
957,10:17:48,38.34,187861,49,买盘
958,10:17:51,38.35,118882,31,买盘
959,10:17:54,38.34,72854,19,卖盘
960,10:17:57,38.35,134210,35,买盘
961,10:18:00,38.34,786021,205,卖盘
962,10:18:03,38.35,222417,58,买盘
963,10:18:06,38.34,364275,95,卖盘
964,10:18:09,38.35,1016264,265,买盘
965,10:18:12,38.35,214672,56,买盘
966,10:18:15,38.35,552185,144,买盘
967,10:18:18,38.35,644229,168,买盘
968,10:18:21,38.34,713285,186,卖盘
969,10:18:24,38.34,954641,249,卖盘
970,10:18:27,38.33,628762,164,卖盘
971,10:18:30,38.33,199365,52,卖盘
972,10:18:33,38.33,180183,47,卖盘
973,10:18:36,38.33,199341,52,卖盘
974,10:18:39,38.33,111160,29,卖盘
975,10:18:42,38.33,490631,128,卖盘
976,10:18:45,38.33,245367,64,卖盘
977,10:18:48,38.33,502133,131,卖盘
978,10:18:51,38.33,563493,147,卖盘
979,10:18:54,38.33,505952,132,卖盘
980,10:18:57,38.32,341087,89,卖盘
981,10:19:00,38.33,620933,162,买盘
982,10:19:03,38.32,965702,252,卖盘
983,10:19:06,38.32,578632,151,买盘
984,10:19:09,38.32,965781,252,买盘
985,10:19:12,38.32,773978,202,买盘
986,10:19:15,38.32,471338,123,卖盘
987,10:19:18,38.32,812409,212,卖盘
988,10:19:21,38.32,701321,183,卖盘
989,10:19:24,38.32,122626,32,卖盘
990,10:19:27,38.35,3722384,971,买盘
991,10:19:30,38.34,92019,24,卖盘
992,10:19:33,38.34,264600,69,卖盘
993,10:19:36,38.36,590739,154,买盘
994,10:19:39,38.37,2808156,732,买盘
995,10:19:42,38.38,1542900,402,买盘
996,10:19:45,38.38,80606,21,卖盘
997,10:19:48,38.39,280195,73,买盘
998,10:19:51,38.39,145862,38,买盘
999,10:19:54,38.39,2011556,524,买盘
1000,10:19:57,38.39,276418,72,卖盘
1001,10:20:00,38.4,1812375,472,买盘
1002,10:20:03,38.39,326361,85,卖盘
1003,10:20:06,38.4,479971,125,买盘
1004,10:20:09,38.39,2657244,692,卖盘
1005,10:20:12,38.39,890860,232,卖盘
1006,10:20:15,38.39,583587,152,卖盘
1007,10:20:18,38.39,368569,96,卖盘
1008,10:20:21,38.39,522127,136,卖盘
1009,10:20:24,38.4,1739414,453,买盘
1010,10:20:27,38.38,2073206,540,卖盘
1011,10:20:30,38.38,629517,164,卖盘
1012,10:20:33,38.38,260951,68,买盘
1013,10:20:36,38.38,990283,258,买盘
1014,10:20:39,38.37,337731,88,卖盘
1015,10:20:42,38.38,218761,57,买盘
1016,10:20:45,38.38,333932,87,卖盘
1017,10:20:48,38.38,184220,48,买盘
1018,10:20:51,38.38,606331,158,买盘
1019,10:20:54,38.37,1596449,416,卖盘
1020,10:20:57,38.36,402913,105,卖盘
1021,10:21:00,38.37,448948,117,买盘
1022,10:21:03,38.37,2170790,566,买盘
1023,10:21:06,38.36,49874,13,卖盘
1024,10:21:09,38.37,329977,86,买盘
1025,10:21:12,38.37,214851,56,买盘
1026,10:21:15,38.37,42204,11,买盘
1027,10:21:18,38.37,322270,84,买盘
1028,10:21:21,38.37,506356,132,买盘
1029,10:21:24,38.36,241655,63,卖盘
1030,10:21:27,38.36,360590,94,买盘
1031,10:21:30,38.36,115094,30,买盘
1032,10:21:33,38.37,69050,18,买盘
1033,10:21:36,38.35,698136,182,卖盘
1034,10:21:39,38.35,1012458,264,卖盘
1035,10:21:42,38.33,387223,101,卖盘
1036,10:21:45,38.33,394848,103,卖盘
1037,10:21:48,38.32,2601770,679,卖盘
1038,10:21:51,38.32,68972,18,买盘
1039,10:21:54,38.31,1272285,332,卖盘
1040,10:21:57,38.32,268228,70,中性盘
1041,10:22:00,38.32,95800,25,卖盘
1042,10:22:03,38.32,107299,28,卖盘
1043,10:22:06,38.33,413865,108,买盘
1044,10:22:09,38.31,199265,52,卖盘
1045,10:22:12,38.33,624608,163,买盘
1046,10:22:15,38.31,91967,24,卖盘
1047,10:22:18,38.31,597750,156,卖盘
1048,10:22:21,38.31,758556,198,卖盘
1049,10:22:24,38.32,371701,97,买盘
1050,10:22:27,38.32,302768,79,卖盘
1051,10:22:30,38.32,91968,24,卖盘
1052,10:22:33,38.32,130293,34,卖盘
1053,10:22:36,38.32,682104,178,卖盘
1054,10:22:39,38.32,1015578,265,卖盘
1055,10:22:42,38.32,183954,48,卖盘
1056,10:22:45,38.32,279763,73,卖盘
1057,10:22:48,38.33,157131,41,买盘
1058,10:22:51,38.32,647612,169,卖盘
1059,10:22:54,38.32,164788,43,卖盘
1060,10:22:57,38.32,448364,117,卖盘
1061,10:23:00,38.32,532667,139,卖盘
1062,10:23:03,38.33,130314,34,买盘
1063,10:23:06,38.33,141818,37,买盘
1064,10:23:09,38.33,2346907,612,买盘
1065,10:23:12,38.33,172548,45,卖盘
1066,10:23:15,38.36,107355,28,买盘
1067,10:23:18,38.34,268376,70,卖盘
1068,10:23:21,38.34,134195,35,卖盘
1069,10:23:24,38.35,728303,190,买盘
1070,10:23:27,38.33,237690,62,卖盘
1071,10:23:30,38.33,352655,92,卖盘
1072,10:23:33,38.32,789394,206,卖盘
1073,10:23:36,38.33,180109,47,买盘
1074,10:23:39,38.32,463751,121,卖盘
1075,10:23:42,38.33,302786,79,买盘
1076,10:23:45,38.33,310434,81,买盘
1077,10:23:48,38.33,68994,18,卖盘
1078,10:23:51,38.33,72827,19,卖盘
1079,10:23:54,38.33,115014,30,卖盘
1080,10:23:57,38.33,145667,38,卖盘
1081,10:24:00,38.33,333522,87,卖盘
1082,10:24:03,38.32,1464011,382,卖盘
1083,10:24:06,38.32,1911767,499,买盘
1084,10:24:09,38.32,287423,75,买盘
1085,10:24:12,38.31,187724,49,卖盘
1086,10:24:15,38.3,1509871,394,卖盘
1087,10:24:18,38.33,49832,13,中性盘
1088,10:24:21,38.33,705427,184,卖盘
1089,10:24:24,38.33,226156,59,卖盘
1090,10:24:27,38.33,440858,115,卖盘
1091,10:24:30,38.33,68996,18,卖盘
1092,10:24:33,38.33,479234,125,卖盘
1093,10:24:36,38.34,253000,66,买盘
1094,10:24:39,38.34,2184925,570,卖盘
1095,10:24:42,38.34,115036,30,卖盘
1096,10:24:45,38.36,598293,156,买盘
1097,10:24:48,38.35,23006,6,中性盘
1098,10:24:51,38.35,157244,41,卖盘
1099,10:24:54,38.35,53693,14,卖盘
1100,10:24:57,38.35,356707,93,卖盘
1101,10:25:00,38.37,763401,199,买盘
1102,10:25:03,38.35,805717,210,卖盘
1103,10:25:06,38.36,88230,23,中性盘
1104,10:25:09,38.37,95921,25,买盘
1105,10:25:12,38.36,176480,46,卖盘
1106,10:25:15,38.37,138113,36,买盘
1107,10:25:18,38.37,1193278,311,买盘
1108,10:25:21,38.38,1834555,478,买盘
1109,10:25:24,38.39,1024995,267,买盘
1110,10:25:27,38.38,195729,51,卖盘
1111,10:25:30,38.39,1324446,345,买盘
1112,10:25:33,38.39,199617,52,买盘
1113,10:25:36,38.39,414550,108,买盘
1114,10:25:39,38.39,230330,60,买盘
1115,10:25:42,38.38,756261,197,卖盘
1116,10:25:45,38.39,153554,40,买盘
1117,10:25:48,38.39,1711880,446,买盘
1118,10:25:51,38.38,744646,194,卖盘
1119,10:25:54,38.38,249470,65,买盘
1120,10:25:57,38.37,287825,75,卖盘
1121,10:26:00,38.38,1020895,266,买盘
1122,10:26:03,38.38,518130,135,买盘
1123,10:26:06,38.39,92126,24,买盘
1124,10:26:09,38.39,26867,7,买盘
1125,10:26:12,38.39,395404,103,买盘
1126,10:26:15,38.38,1189871,310,卖盘
1127,10:26:18,38.38,188061,49,买盘
1128,10:26:21,38.37,287847,75,卖盘
1129,10:26:24,38.37,161187,42,卖盘
1130,10:26:27,38.37,153486,40,卖盘
1131,10:26:30,38.37,1039778,271,卖盘
1132,10:26:33,38.37,805723,210,买盘
1133,10:26:36,38.36,602285,157,卖盘
1134,10:26:39,38.35,1196757,312,卖盘
1135,10:26:42,38.34,494710,129,卖盘
1136,10:26:45,38.34,299059,78,卖盘
1137,10:26:48,38.35,352766,92,买盘
1138,10:26:51,38.34,168699,44,卖盘
1139,10:26:54,38.34,107353,28,卖盘
1140,10:26:57,38.33,172518,45,卖盘
1141,10:27:00,38.33,506060,132,卖盘
1142,10:27:03,38.33,107324,28,卖盘
1143,10:27:06,38.34,153322,40,买盘
1144,10:27:09,38.34,276047,72,买盘
1145,10:27:12,38.35,1161952,303,买盘
1146,10:27:15,38.35,126524,33,中性盘
1147,10:27:18,38.34,122694,32,卖盘
1148,10:27:21,38.35,42181,11,买盘
1149,10:27:24,38.34,107374,28,卖盘
1150,10:27:27,38.34,402641,105,卖盘
1151,10:27:30,38.34,276061,72,卖盘
1152,10:27:33,38.34,88194,23,卖盘
1153,10:27:36,38.34,862838,225,卖盘
1154,10:27:39,38.34,325903,85,卖盘
1155,10:27:42,38.34,207040,54,卖盘
1156,10:27:45,38.33,264505,69,卖盘
1157,10:27:48,38.33,1648166,430,卖盘
1158,10:27:51,38.33,61320,16,买盘
1159,10:27:54,38.33,84317,22,买盘
1160,10:27:57,38.32,433071,113,卖盘
1161,10:28:00,38.33,137972,36,买盘
1162,10:28:03,38.33,206957,54,买盘
1163,10:28:06,38.3,6978836,1822,卖盘
1164,10:28:09,38.29,2676451,699,卖盘
1165,10:28:12,38.29,195334,51,买盘
1166,10:28:15,38.28,440291,115,卖盘
1167,10:28:18,38.3,275757,72,买盘
1168,10:28:21,38.31,72772,19,买盘
1169,10:28:24,38.3,80436,21,卖盘
1170,10:28:27,38.3,218310,57,卖盘
1171,10:28:30,38.3,815995,213,卖盘
1172,10:28:33,38.3,218314,57,卖盘
1173,10:28:36,38.31,145578,38,卖盘
1174,10:28:39,38.31,126435,33,卖盘
1175,10:28:42,38.32,478969,125,买盘
1176,10:28:45,38.31,295026,77,卖盘
1177,10:28:48,38.31,390803,102,卖盘
1178,10:28:51,38.31,900310,235,卖盘
1179,10:28:54,38.32,4068479,1062,买盘
1180,10:28:57,38.32,206940,54,卖盘
1181,10:29:00,38.32,11496,3,卖盘
1182,10:29:03,38.32,796996,208,卖盘
1183,10:29:06,38.3,1225814,320,卖盘
1184,10:29:09,38.29,65103,17,卖盘
1185,10:29:12,38.29,222121,58,卖盘
1186,10:29:15,38.3,68940,18,买盘
1187,10:29:18,38.3,405887,106,买盘
1188,10:29:21,38.29,279554,73,卖盘
1189,10:29:24,38.29,187658,49,卖盘
1190,10:29:27,38.29,494051,129,卖盘
1191,10:29:30,38.3,329324,86,买盘
1192,10:29:33,38.3,1282986,335,买盘
1193,10:29:36,38.29,337023,88,卖盘
1194,10:29:39,38.3,160847,42,买盘
1195,10:29:42,38.3,57450,15,买盘
1196,10:29:45,38.3,1060809,277,买盘
1197,10:29:48,38.29,1340455,350,卖盘
1198,10:29:51,38.3,283347,74,买盘
1199,10:29:54,38.29,80409,21,卖盘
1200,10:29:57,38.29,291059,76,卖盘
1201,10:30:00,38.29,206778,54,卖盘
1202,10:30:03,38.29,608923,159,卖盘
1203,10:30:06,38.3,7659,2,买盘
1204,10:30:09,38.29,333172,87,卖盘
1205,10:30:12,38.3,2601617,679,买盘
1206,10:30:15,38.3,524721,137,卖盘
1207,10:30:18,38.31,34482,9,卖盘
1208,10:30:21,38.31,126423,33,买盘
1209,10:30:24,38.31,183885,48,买盘
1210,10:30:27,38.31,114929,30,买盘
1211,10:30:30,38.31,275780,72,买盘
1212,10:30:33,38.32,1268022,331,买盘
1213,10:30:36,38.3,344723,90,卖盘
1214,10:30:39,38.31,478972,125,买盘
1215,10:30:42,38.31,747319,195,卖盘
1216,10:30:45,38.33,624607,163,买盘
1217,10:30:48,38.32,91964,24,中性盘
1218,10:30:51,38.32,107292,28,买盘
1219,10:30:54,38.32,195422,51,买盘
1220,10:30:57,38.31,68963,18,卖盘
1221,10:31:00,38.32,199231,52,买盘
1222,10:31:03,38.31,337131,88,卖盘
1223,10:31:06,38.32,149424,39,买盘
1224,10:31:09,38.31,187722,49,卖盘
1225,10:31:12,38.31,49798,13,卖盘
1226,10:31:15,38.31,337169,88,买盘
1227,10:31:18,38.35,969762,253,买盘
1228,10:31:21,38.32,11496,3,卖盘
1229,10:31:24,38.32,65156,17,卖盘
1230,10:31:27,38.32,88136,23,卖盘
1231,10:31:30,38.34,1219080,318,买盘
1232,10:31:33,38.36,1591612,415,买盘
1233,10:31:36,38.35,230100,60,卖盘
1234,10:31:39,38.36,42196,11,买盘
1235,10:31:42,38.35,1538225,401,卖盘
1236,10:31:45,38.37,491047,128,买盘
1237,10:31:48,38.36,260849,68,卖盘
1238,10:31:51,38.36,230170,60,卖盘
1239,10:31:54,38.37,95922,25,买盘
1240,10:31:57,38.36,222518,58,卖盘
1241,10:32:00,38.37,1170265,305,买盘
1242,10:32:03,38.37,364517,95,卖盘
1243,10:32:06,38.38,11512,3,买盘
1244,10:32:09,38.37,494983,129,卖盘
1245,10:32:12,38.37,832813,217,买盘
1246,10:32:15,38.37,191840,50,中性盘
1247,10:32:18,38.37,429747,112,买盘
1248,10:32:21,38.37,468124,122,卖盘
1249,10:32:24,38.37,222546,58,卖盘
1250,10:32:27,38.37,1047595,273,买盘
1251,10:32:30,38.38,648539,169,买盘
1252,10:32:33,38.38,560307,146,买盘
1253,10:32:36,38.38,640907,167,买盘
1254,10:32:39,38.37,372273,97,卖盘
1255,10:32:42,38.37,744531,194,中性盘
1256,10:32:45,38.37,1093807,285,买盘
1257,10:32:48,38.38,594842,155,买盘
1258,10:32:51,38.37,161176,42,卖盘
1259,10:32:54,38.38,99788,26,买盘
1260,10:32:57,38.38,568136,148,买盘
1261,10:33:00,38.38,69078,18,买盘
1262,10:33:03,38.38,103642,27,卖盘
1263,10:33:06,38.39,660289,172,买盘
1264,10:33:09,38.39,2383962,621,买盘
1265,10:33:12,38.38,103641,27,卖盘
1266,10:33:15,38.39,1385917,361,买盘
1267,10:33:18,38.39,460668,120,卖盘
1268,10:33:21,38.39,748605,195,买盘
1269,10:33:24,38.39,299493,78,卖盘
1270,10:33:27,38.4,652765,170,买盘
1271,10:33:30,38.4,418555,109,买盘
1272,10:33:33,38.4,871490,227,买盘
1273,10:33:36,38.4,1781721,464,买盘
1274,10:33:39,38.4,1274928,332,买盘
1275,10:33:42,38.4,4098887,1068,卖盘
1276,10:33:45,38.4,188167,49,买盘
1277,10:33:48,38.41,1524697,397,买盘
1278,10:33:51,38.4,510688,133,卖盘
1279,10:33:54,38.41,387832,101,买盘
1280,10:33:57,38.41,341789,89,买盘
1281,10:34:00,38.41,418669,109,买盘
1282,10:34:03,38.42,1382519,360,买盘
1283,10:34:06,38.41,145955,38,买盘
1284,10:34:09,38.41,518366,135,买盘
1285,10:34:12,38.4,72960,19,买盘
1286,10:34:15,38.4,138233,36,买盘
1287,10:34:18,38.39,337865,88,卖盘
1288,10:34:21,38.39,222656,58,买盘
1289,10:34:24,38.39,218817,57,买盘
1290,10:34:27,38.39,1244425,324,买盘
1291,10:34:30,38.39,92149,24,卖盘
1292,10:34:33,38.4,46079,12,买盘
1293,10:34:36,38.39,334028,87,卖盘
1294,10:34:39,38.4,57598,15,买盘
1295,10:34:42,38.39,207331,54,卖盘
1296,10:34:45,38.39,111343,29,卖盘
1297,10:34:48,38.39,368554,96,卖盘
1298,10:34:51,38.4,334078,87,买盘
1299,10:34:54,38.4,191993,50,买盘
1300,10:34:57,38.4,1946375,507,买盘
1301,10:35:00,38.4,387745,101,买盘
1302,10:35:03,38.4,395451,103,买盘
1303,10:35:06,38.4,675800,176,买盘
1304,10:35:09,38.37,4026724,1049,卖盘
1305,10:35:12,38.39,1792364,467,买盘
1306,10:35:15,38.37,330027,86,中性盘
1307,10:35:18,38.36,199478,52,卖盘
1308,10:35:21,38.36,287659,75,买盘
1309,10:35:24,38.36,230148,60,买盘
1310,10:35:27,38.35,172603,45,卖盘
1311,10:35:30,38.35,176423,46,卖盘
1312,10:35:33,38.35,76707,20,卖盘
1313,10:35:36,38.35,53691,14,卖盘
1314,10:35:39,38.35,69033,18,卖盘
1315,10:35:42,38.35,80538,21,卖盘
1316,10:35:45,38.35,126557,33,卖盘
1317,10:35:48,38.35,7671,2,卖盘
1318,10:35:51,38.36,107401,28,买盘
1319,10:35:54,38.35,26845,7,卖盘
1320,10:35:57,38.35,111235,29,卖盘
1321,10:36:00,38.36,164929,43,买盘
1322,10:36:03,38.35,99735,26,卖盘
1323,10:36:06,38.35,130391,34,卖盘
1324,10:36:09,38.36,84388,22,买盘
1325,10:36:12,38.35,168755,44,卖盘
1326,10:36:15,38.35,95878,25,卖盘
1327,10:36:18,38.35,222469,58,卖盘
1328,10:36:21,38.35,226316,59,卖盘
1329,10:36:24,38.36,61362,16,买盘
1330,10:36:27,38.36,233968,61,买盘
1331,10:36:30,38.36,3476548,906,买盘
1332,10:36:33,38.36,34527,9,卖盘
1333,10:36:36,38.36,199472,52,卖盘
1334,10:36:39,38.36,7672,2,买盘
1335,10:36:42,38.36,456467,119,买盘
1336,10:36:45,38.35,115078,30,卖盘
1337,10:36:48,38.36,184088,48,买盘
1338,10:36:51,38.36,95896,25,买盘
1339,10:36:54,38.35,210948,55,卖盘
1340,10:36:57,38.36,241657,63,买盘
1341,10:37:00,38.36,145761,38,买盘
1342,10:37:03,38.36,65212,17,卖盘
1343,10:37:06,38.37,76728,20,买盘
1344,10:37:09,38.37,111269,29,买盘
1345,10:37:12,38.36,310793,81,卖盘
1346,10:37:18,38.37,878487,229,买盘
1347,10:37:21,38.37,391331,102,买盘
1348,10:37:24,38.36,23016,6,卖盘
1349,10:37:27,38.36,92068,24,卖盘
1350,10:37:30,38.36,287725,75,卖盘
1351,10:37:33,38.36,161122,42,卖盘
1352,10:37:36,38.36,249340,65,买盘
1353,10:37:39,38.37,234008,61,买盘
1354,10:37:42,38.37,172656,45,买盘
1355,10:37:45,38.36,30689,8,卖盘
1356,10:37:48,38.37,161122,42,买盘
1357,10:37:51,38.37,42207,11,买盘
1358,10:37:54,38.36,88238,23,卖盘
1359,10:37:57,38.37,203350,53,买盘
1360,10:38:00,38.37,141959,37,买盘
1361,10:38:03,38.36,164977,43,卖盘
1362,10:38:06,38.36,452648,118,卖盘
1363,10:38:09,38.36,387436,101,买盘
1364,10:38:12,38.36,2498343,651,买盘
1365,10:38:15,38.36,107408,28,卖盘
1366,10:38:18,38.37,19185,5,卖盘
1367,10:38:21,38.38,1201294,313,买盘
1368,10:38:24,38.37,322310,84,卖盘
1369,10:38:27,38.37,211010,55,买盘
1370,10:38:30,38.37,314673,82,买盘
1371,10:38:33,38.37,299311,78,买盘
1372,10:38:36,38.37,287766,75,买盘
1373,10:38:39,38.37,379838,99,买盘
1374,10:38:42,38.37,111263,29,买盘
1375,10:38:45,38.37,57555,15,卖盘
1376,10:38:48,38.37,107437,28,卖盘
1377,10:38:51,38.38,42217,11,买盘
1378,10:38:54,38.37,107443,28,卖盘
1379,10:38:57,38.38,188025,49,买盘
1380,10:39:00,38.37,272466,71,中性盘
1381,10:39:03,38.38,80592,21,买盘
1382,10:39:06,38.36,76734,20,卖盘
1383,10:39:09,38.37,34533,9,买盘
1384,10:39:12,38.37,23022,6,买盘
1385,10:39:15,38.36,172625,45,卖盘
1386,10:39:18,38.37,34525,9,买盘
1387,10:39:21,38.36,118932,31,卖盘
1388,10:39:24,38.37,38370,10,买盘
1389,10:39:27,38.37,326132,85,买盘
1390,10:39:30,38.37,19185,5,买盘
1391,10:39:33,38.36,452662,118,卖盘
1392,10:39:36,38.37,1216215,317,买盘
1393,10:39:39,38.36,145762,38,卖盘
1394,10:39:42,38.35,1672096,436,卖盘
1395,10:39:45,38.35,1039542,271,买盘
1396,10:39:48,38.36,609817,159,买盘
1397,10:39:51,38.34,509935,133,卖盘
1398,10:39:54,38.33,421634,110,卖盘
1399,10:39:57,38.33,302819,79,卖盘
1400,10:40:00,38.33,164824,43,卖盘
1401,10:40:03,38.33,91994,24,卖盘
1402,10:40:06,38.34,843275,220,买盘
1403,10:40:09,38.33,99652,26,中性盘
1404,10:40:12,38.32,283690,74,卖盘
1405,10:40:15,38.33,214636,56,买盘
1406,10:40:18,38.32,387034,101,卖盘
1407,10:40:21,38.31,99626,26,卖盘
1408,10:40:24,38.32,7664,2,买盘
1409,10:40:27,38.31,547896,143,卖盘
1410,10:40:30,38.31,153247,40,卖盘
1411,10:40:33,38.3,3730615,974,卖盘
1412,10:40:36,38.31,474955,124,买盘
1413,10:40:39,38.29,88095,23,卖盘
1414,10:40:42,38.29,42124,11,卖盘
1415,10:40:45,38.29,352351,92,卖盘
1416,10:40:48,38.29,126371,33,卖盘
1417,10:40:51,38.29,5830678,1523,卖盘
1418,10:40:54,38.3,222090,58,买盘
1419,10:40:57,38.29,30632,8,卖盘
1420,10:41:00,38.29,352209,92,卖盘
1421,10:41:03,38.3,532267,139,买盘
1422,10:41:06,38.29,210633,55,中性盘
1423,10:41:09,38.3,294857,77,买盘
1424,10:41:12,38.3,191484,50,买盘
1425,10:41:15,38.3,1405610,367,卖盘
1426,10:41:18,38.3,88077,23,买盘
1427,10:41:21,38.3,153190,40,买盘
1428,10:41:24,38.3,91904,24,买盘
1429,10:41:27,38.29,126379,33,卖盘
1430,10:41:30,38.3,53617,14,买盘
1431,10:41:33,38.29,352268,92,卖盘
1432,10:41:36,38.29,1681523,439,买盘
1433,10:41:39,38.29,68922,18,卖盘
1434,10:41:42,38.29,149310,39,买盘
1435,10:41:45,38.29,241210,63,买盘
1436,10:41:48,38.29,134016,35,买盘
1437,10:41:51,38.29,61274,16,卖盘
1438,10:41:54,38.29,72752,19,卖盘
1439,10:41:57,38.3,111052,29,买盘
1440,10:42:00,38.29,1255982,328,卖盘
1441,10:42:03,38.29,176141,46,买盘
1442,10:42:06,38.29,348435,91,卖盘
1443,10:42:09,38.3,463351,121,买盘
1444,10:42:12,38.28,145498,38,卖盘
1445,10:42:15,38.29,451827,118,买盘
1446,10:42:18,38.27,3047093,796,卖盘
1447,10:42:21,38.27,562596,147,卖盘
1448,10:42:24,38.27,267894,70,卖盘
1449,10:42:27,38.27,2284701,597,卖盘
1450,10:42:30,38.27,206654,54,买盘
1451,10:42:33,38.26,130099,34,卖盘
1452,10:42:36,38.26,110968,29,卖盘
1453,10:42:39,38.26,757550,198,卖盘
1454,10:42:42,38.27,49744,13,买盘
1455,10:42:45,38.26,340564,89,卖盘
1456,10:42:48,38.26,336724,88,卖盘
1457,10:42:51,38.26,723138,189,卖盘
1458,10:42:54,38.26,179826,47,卖盘
1459,10:42:57,38.26,65042,17,卖盘
1460,10:43:00,38.26,1094236,286,卖盘
1461,10:43:03,38.26,478275,125,买盘
1462,10:43:06,38.26,375010,98,卖盘
1463,10:43:09,38.27,371141,97,买盘
1464,10:43:12,38.26,176024,46,买盘
1465,10:43:15,38.25,443814,116,卖盘
1466,10:43:18,38.26,110954,29,买盘
1467,10:43:21,38.26,122426,32,买盘
1468,10:43:24,38.26,313675,82,买盘
1469,10:43:27,38.25,309849,81,卖盘
1470,10:43:30,38.26,118595,31,买盘
1471,10:43:33,38.26,11476,3,买盘
1472,10:43:36,38.26,447632,117,买盘
1473,10:43:39,38.25,260157,68,卖盘
1474,10:43:42,38.26,84163,22,买盘
1475,10:43:45,38.25,593010,155,卖盘
1476,10:43:48,38.26,841611,220,买盘
1477,10:43:51,38.26,711588,186,买盘
1478,10:43:54,38.25,405554,106,卖盘
1479,10:43:57,38.26,631305,165,买盘
1480,10:44:00,38.26,76520,20,卖盘
1481,10:44:03,38.26,61218,16,卖盘
1482,10:44:06,38.27,1507838,394,买盘
1483,10:44:09,38.26,191347,50,卖盘
1484,10:44:12,38.27,168370,44,买盘
1485,10:44:15,38.27,635295,166,买盘
1486,10:44:18,38.27,34439,9,卖盘
1487,10:44:21,38.28,317662,83,买盘
1488,10:44:24,38.27,91848,24,卖盘
1489,10:44:27,38.27,42097,11,卖盘
1490,10:44:30,38.28,218170,57,买盘
1491,10:44:33,38.28,811332,212,买盘
1492,10:44:36,38.27,405746,106,卖盘
1493,10:44:39,38.27,88021,23,卖盘
1494,10:44:42,38.27,317701,83,买盘
1495,10:44:45,38.27,658446,172,买盘
1496,10:44:48,38.27,352018,92,卖盘
1497,10:44:51,38.27,241091,63,买盘
1498,10:44:54,38.27,183696,48,卖盘
1499,10:44:57,38.26,15307,4,卖盘
1500,10:45:00,38.27,279366,73,买盘
1501,10:45:03,38.26,103326,27,卖盘
1502,10:45:06,38.28,1220816,319,买盘
1503,10:45:09,38.28,1217764,318,买盘
1504,10:45:12,38.28,22968,6,卖盘
1505,10:45:15,38.28,267960,70,买盘
1506,10:45:18,38.28,428676,112,卖盘
1507,10:45:21,38.28,57437,15,卖盘
1508,10:45:24,38.29,68932,18,中性盘
1509,10:45:27,38.3,804152,210,买盘
1510,10:45:30,38.3,95750,25,中性盘
1511,10:45:33,38.28,111053,29,卖盘
1512,10:45:36,38.29,122555,32,卖盘
1513,10:45:39,38.29,218259,57,卖盘
1514,10:45:42,38.3,22980,6,买盘
1515,10:45:48,38.3,6269708,1637,买盘
1516,10:45:51,38.29,574484,150,卖盘
1517,10:45:54,38.29,260372,68,买盘
1518,10:45:57,38.28,360037,94,卖盘
1519,10:46:00,38.3,107229,28,买盘
1520,10:46:03,38.31,509392,133,买盘
1521,10:46:06,38.3,88090,23,买盘
1522,10:46:09,38.29,61277,16,卖盘
1523,10:46:12,38.29,72767,19,卖盘
1524,10:46:15,38.3,53620,14,买盘
1525,10:46:18,38.29,137853,36,卖盘
1526,10:46:21,38.3,137866,36,买盘
1527,10:46:24,38.31,226014,59,买盘
1528,10:46:27,38.31,214541,56,卖盘
1529,10:46:30,38.32,134113,35,买盘
1530,10:46:33,38.32,38320,10,买盘
1531,10:46:36,38.32,103464,27,买盘
1532,10:46:39,38.31,582471,152,卖盘
1533,10:46:42,38.31,283513,74,卖盘
1534,10:46:45,38.32,7664,2,卖盘
1535,10:46:48,38.32,111119,29,卖盘
1536,10:46:51,38.31,103477,27,卖盘
1537,10:46:54,38.3,440576,115,卖盘
1538,10:46:57,38.31,72788,19,买盘
1539,10:47:00,38.31,436782,114,卖盘
1540,10:47:03,38.32,118779,31,买盘
1541,10:47:06,38.3,1540594,402,卖盘
1542,10:47:09,38.32,49799,13,买盘
1543,10:47:12,38.32,95800,25,买盘
1544,10:47:15,38.33,114947,30,买盘
1545,10:47:18,38.32,65136,17,卖盘
1546,10:47:21,38.33,406121,106,买盘
1547,10:47:24,38.32,65154,17,中性盘
1548,10:47:27,38.32,42153,11,卖盘
1549,10:47:30,38.32,65143,17,买盘
1550,10:47:33,38.32,797151,208,买盘
1551,10:47:36,38.32,15328,4,卖盘
1552,10:47:39,38.33,436859,114,买盘
1553,10:47:42,38.33,45992,12,买盘
1554,10:47:45,38.33,333475,87,买盘
1555,10:47:48,38.32,171447,45,卖盘
1556,10:47:51,38.33,76660,20,买盘
1557,10:47:54,38.33,157151,41,卖盘
1558,10:47:57,38.32,34491,9,卖盘
1559,10:48:00,38.33,295129,77,买盘
1560,10:48:03,38.33,72819,19,买盘
1561,10:48:06,38.33,398652,104,买盘
1562,10:48:09,38.34,95828,25,买盘
1563,10:48:12,38.33,149487,39,卖盘
1564,10:48:15,38.33,249202,65,买盘
1565,10:48:18,38.32,406226,106,卖盘
1566,10:48:21,38.32,287417,75,卖盘
1567,10:48:24,38.31,169599,44,卖盘
1568,10:48:27,38.3,417561,109,卖盘
1569,10:48:30,38.31,26811,7,买盘
1570,10:48:33,38.3,1489879,389,卖盘
1571,10:48:36,38.29,455849,119,卖盘
1572,10:48:39,38.29,149337,39,卖盘
1573,10:48:42,38.3,356141,93,买盘
1574,10:48:45,38.29,264211,69,卖盘
1575,10:48:48,38.29,34462,9,卖盘
1576,10:48:51,38.29,168501,44,卖盘
1577,10:48:54,38.29,386770,101,卖盘
1578,10:48:57,38.3,359936,94,买盘
1579,10:49:00,38.3,68923,18,买盘
1580,10:49:03,38.3,838869,219,买盘
1581,10:49:06,38.29,103395,27,卖盘
1582,10:49:09,38.29,34461,9,买盘
1583,10:49:12,38.29,1779714,465,卖盘
1584,10:49:15,38.29,222082,58,卖盘
1585,10:49:18,38.28,176127,46,卖盘
1586,10:49:21,38.29,38290,10,买盘
1587,10:49:24,38.29,164637,43,买盘
1588,10:49:27,38.29,999725,261,买盘
1589,10:49:30,38.29,1913775,500,买盘
1590,10:49:33,38.32,45973,12,买盘
1591,10:49:36,38.29,45948,12,卖盘
1592,10:49:39,38.27,57426,15,卖盘
1593,10:49:42,38.29,3829,1,买盘
1594,10:49:45,38.29,195244,51,买盘
1595,10:49:48,38.28,45937,12,卖盘
1596,10:49:51,38.28,95711,25,卖盘
1597,10:49:54,38.28,26796,7,卖盘
1598,10:49:57,38.29,290948,76,买盘
1599,10:50:00,38.28,233508,61,卖盘
1600,10:50:03,38.27,229678,60,卖盘
1601,10:50:06,38.27,88032,23,卖盘
1602,10:50:09,38.28,26794,7,买盘
1603,10:50:12,38.27,84203,22,卖盘
1604,10:50:15,38.28,130143,34,买盘
1605,10:50:18,38.27,367480,96,卖盘
1606,10:50:21,38.28,727185,190,买盘
1607,10:50:24,38.28,145452,38,买盘
1608,10:50:27,38.28,436317,114,买盘
1609,10:50:30,38.27,340642,89,卖盘
1610,10:50:33,38.27,715690,187,买盘
1611,10:50:36,38.28,7765680,2030,买盘
1612,10:50:39,38.27,179867,47,卖盘
1613,10:50:42,38.28,114818,30,买盘
1614,10:50:45,38.26,241122,63,卖盘
1615,10:50:48,38.26,214256,56,买盘
1616,10:50:51,38.26,187474,49,买盘
1617,10:50:54,38.26,141588,37,卖盘
1618,10:50:57,38.26,130109,34,卖盘
1619,10:51:00,38.27,57405,15,买盘
1620,10:51:03,38.27,141624,37,卖盘
1621,10:51:06,38.27,160759,42,卖盘
1622,10:51:09,38.28,133965,35,买盘
1623,10:51:12,38.28,122491,32,买盘
1624,10:51:15,38.3,719870,188,买盘
1625,10:51:18,38.28,103374,27,买盘
1626,10:51:21,38.29,260301,68,中性盘
1627,10:51:24,38.26,107161,28,卖盘
1628,10:51:27,38.28,68900,18,中性盘
1629,10:51:30,38.28,164606,43,卖盘
1630,10:51:33,38.27,11481,3,卖盘
1631,10:51:36,38.27,650824,170,卖盘
1632,10:51:39,38.28,256485,67,买盘
1633,10:51:42,38.29,38282,10,买盘
1634,10:51:48,38.29,88049,23,买盘
1635,10:51:51,38.29,1175930,307,买盘
1636,10:51:54,38.29,22978,6,中性盘
1637,10:51:57,38.28,134021,35,卖盘
1638,10:52:00,38.28,168433,44,卖盘
1639,10:52:03,38.29,68922,18,买盘
1640,10:52:06,38.29,57444,15,卖盘
1641,10:52:09,38.3,7660,2,买盘
1642,10:52:12,38.3,1298715,339,买盘
1643,10:52:15,38.3,302710,79,卖盘
1644,10:52:18,38.29,11487,3,卖盘
1645,10:52:21,38.28,662376,173,卖盘
1646,10:52:24,38.29,26805,7,卖盘
1647,10:52:27,38.29,26805,7,卖盘
1648,10:52:30,38.29,153165,40,卖盘
1649,10:52:33,38.33,275810,72,买盘
1650,10:52:36,38.3,540433,141,买盘
1651,10:52:39,38.3,76615,20,卖盘
1652,10:52:42,38.3,22982,6,卖盘
1653,10:52:45,38.32,210780,55,买盘
1654,10:52:48,38.3,53623,14,卖盘
1655,10:52:51,38.32,114933,30,买盘
1656,10:52:54,38.31,53637,14,中性盘
1657,10:53:00,38.31,317991,83,卖盘
1658,10:53:03,38.3,965283,252,卖盘
1659,10:53:06,38.29,1853447,484,卖盘
1660,10:53:09,38.28,1638816,428,卖盘
1661,10:53:12,38.3,183833,48,买盘
1662,10:53:15,38.28,145510,38,卖盘
1663,10:53:18,38.29,114889,30,中性盘
1664,10:53:21,38.3,53618,14,买盘
1665,10:53:24,38.3,126382,33,买盘
1666,10:53:27,38.29,271916,71,卖盘
1667,10:53:30,38.3,865445,226,买盘
1668,10:53:33,38.3,268073,70,买盘
1669,10:53:36,38.29,271906,71,卖盘
1670,10:53:39,38.29,356114,93,卖盘
1671,10:53:42,38.29,432839,113,买盘
1672,10:53:45,38.29,245112,64,买盘
1673,10:53:48,38.29,42129,11,卖盘
1674,10:53:51,38.29,91905,24,卖盘
1675,10:53:54,38.29,390567,102,卖盘
1676,10:53:57,38.29,42119,11,买盘
1677,10:54:00,38.29,229740,60,买盘
1678,10:54:03,38.29,202937,53,买盘
1679,10:54:06,38.28,256506,67,卖盘
1680,10:54:09,38.29,91886,24,买盘
1681,10:54:12,38.29,91879,24,买盘
1682,10:54:15,38.29,796411,208,买盘
1683,10:54:18,38.29,283290,74,买盘
1684,10:54:21,38.28,352256,92,卖盘
1685,10:54:24,38.3,559031,146,买盘
1686,10:54:27,38.3,176145,46,买盘
1687,10:54:30,38.29,2090149,546,中性盘
1688,10:54:33,38.3,283344,74,买盘
1689,10:54:36,38.3,80425,21,买盘
1690,10:54:39,38.29,367581,96,卖盘
1691,10:54:42,38.29,210563,55,买盘
1692,10:54:45,38.28,187579,49,卖盘
1693,10:54:48,38.28,398112,104,卖盘
1694,10:54:51,38.28,260300,68,买盘
1695,10:54:54,38.28,321517,84,买盘
1696,10:54:57,38.28,34452,9,买盘
1697,10:55:00,38.28,1148193,300,买盘
1698,10:55:03,38.27,819080,214,卖盘
1699,10:55:06,38.26,137755,36,卖盘
1700,10:55:09,38.27,332872,87,买盘
1701,10:55:12,38.26,80352,21,卖盘
1702,10:55:15,38.27,352001,92,买盘
1703,10:55:18,38.26,145400,38,卖盘
1704,10:55:21,38.26,1561001,408,卖盘
1705,10:55:24,38.26,168306,44,买盘
1706,10:55:27,38.26,363429,95,买盘
1707,10:55:30,38.26,309877,81,买盘
1708,10:55:33,38.26,156858,41,买盘
1709,10:55:36,38.26,214220,56,买盘
1710,10:55:39,38.26,233344,61,买盘
1711,10:55:42,38.25,566104,148,卖盘
1712,10:55:45,38.24,1499192,392,卖盘
1713,10:55:48,38.23,1059242,277,卖盘
1714,10:55:51,38.23,477899,125,卖盘
1715,10:55:54,38.23,424353,111,卖盘
1716,10:55:57,38.22,363136,95,卖盘
1717,10:56:00,38.22,1211625,317,卖盘
1718,10:56:03,38.22,2300847,602,卖盘
1719,10:56:06,38.22,317226,83,卖盘
1720,10:56:09,38.22,1039584,272,卖盘
1721,10:56:12,38.23,1873022,490,买盘
1722,10:56:15,38.23,626833,164,买盘
1723,10:56:18,38.24,951987,249,买盘
1724,10:56:21,38.24,156793,41,卖盘
1725,10:56:24,38.24,122368,32,卖盘
1726,10:56:27,38.24,302101,79,卖盘
1727,10:56:30,38.24,210315,55,卖盘
1728,10:56:33,38.24,57360,15,买盘
1729,10:56:36,38.24,229413,60,中性盘
1730,10:56:39,38.23,305873,80,卖盘
1731,10:56:42,38.23,393840,103,买盘
1732,10:56:45,38.22,374567,98,卖盘
1733,10:56:48,38.21,68800,18,卖盘
1734,10:56:51,38.21,164306,43,卖盘
1735,10:56:54,38.23,2334643,611,买盘
1736,10:56:57,38.21,175784,46,卖盘
1737,10:57:00,38.22,164321,43,中性盘
1738,10:57:03,38.21,836833,219,卖盘
1739,10:57:06,38.21,179551,47,买盘
1740,10:57:09,38.2,313281,82,卖盘
1741,10:57:12,38.2,225412,59,卖盘
1742,10:57:15,38.2,1604402,420,卖盘
1743,10:57:18,38.19,2295813,601,卖盘
1744,10:57:21,38.19,271159,71,卖盘
1745,10:57:24,38.18,297855,78,卖盘
1746,10:57:27,38.18,103086,27,卖盘
1747,10:57:30,38.18,106904,28,卖盘
1748,10:57:33,38.18,1340121,351,卖盘
1749,10:57:36,38.18,271078,71,卖盘
1750,10:57:39,38.18,511615,134,卖盘
1751,10:57:42,38.17,1606936,421,卖盘
1752,10:57:45,38.17,419770,110,中性盘
1753,10:57:48,38.16,328190,86,卖盘
1754,10:57:51,38.15,183173,48,卖盘
1755,10:57:54,38.16,602778,158,买盘
1756,10:57:57,38.15,393025,103,卖盘
1757,10:58:00,38.15,694388,182,卖盘
1758,10:58:03,38.15,698173,183,卖盘
1759,10:58:06,38.15,240384,63,卖盘
1760,10:58:09,38.15,259441,68,卖盘
1761,10:58:12,38.13,1369457,359,卖盘
1762,10:58:15,38.14,95340,25,买盘
1763,10:58:18,38.13,476668,125,卖盘
1764,10:58:21,38.12,350775,92,卖盘
1765,10:58:24,38.13,1159074,304,买盘
1766,10:58:27,38.12,1982371,520,卖盘
1767,10:58:30,38.12,453552,119,买盘
1768,10:58:33,38.11,392555,103,卖盘
1769,10:58:36,38.11,320135,84,卖盘
1770,10:58:39,38.11,209614,55,卖盘
1771,10:58:42,38.1,148627,39,卖盘
1772,10:58:45,38.11,617225,162,买盘
1773,10:58:48,38.1,445782,117,卖盘
1774,10:58:51,38.1,834410,219,卖盘
1775,10:58:54,38.1,1908812,501,卖盘
1776,10:58:57,38.09,761848,200,卖盘
1777,10:59:00,38.09,369489,97,卖盘
1778,10:59:03,38.09,2621102,688,卖盘
1779,10:59:06,38.09,411378,108,卖盘
1780,10:59:09,38.08,186640,49,卖盘
1781,10:59:12,38.08,849382,223,卖盘
1782,10:59:15,38.09,453271,119,卖盘
1783,10:59:18,38.09,160001,42,卖盘
1784,10:59:21,38.08,648364,170,卖盘
1785,10:59:24,38.1,1669052,438,买盘
1786,10:59:27,38.1,156214,41,卖盘
1787,10:59:30,38.12,110505,29,买盘
1788,10:59:33,38.12,324012,85,买盘
1789,10:59:36,38.11,243974,64,卖盘
1790,10:59:39,38.12,743345,195,卖盘
1791,10:59:42,38.13,137250,36,买盘
1792,10:59:45,38.13,442232,116,买盘
1793,10:59:48,38.12,1376216,361,卖盘
1794,10:59:51,38.11,369755,97,卖盘
1795,10:59:54,38.11,853711,224,卖盘
1796,10:59:57,38.12,548879,144,买盘
1797,11:00:00,38.12,464951,122,买盘
1798,11:00:03,38.12,320179,84,卖盘
1799,11:00:06,38.12,869233,228,买盘
1800,11:00:09,38.12,617434,162,买盘
1801,11:00:12,38.12,560275,147,买盘
1802,11:00:15,38.12,106744,28,中性盘
1803,11:00:18,38.12,19061,5,卖盘
1804,11:00:21,38.13,53375,14,买盘
1805,11:00:24,38.14,617940,162,买盘
1806,11:00:27,38.13,175521,46,卖盘
1807,11:00:30,38.14,45766,12,买盘
1808,11:00:33,38.14,49582,13,卖盘
1809,11:00:36,38.15,553396,145,中性盘
1810,11:00:39,38.16,164065,43,买盘
1811,11:00:42,38.16,225139,59,买盘
1812,11:00:45,38.17,278573,73,买盘
1813,11:00:48,38.17,526595,138,卖盘
1814,11:00:51,38.17,698469,183,买盘
1815,11:00:54,38.17,122122,32,中性盘
1816,11:00:57,38.15,454093,119,卖盘
1817,11:01:00,38.16,309112,81,买盘
1818,11:01:03,38.15,301394,79,卖盘
1819,11:01:06,38.15,141146,37,卖盘
1820,11:01:09,38.16,91562,24,买盘
1821,11:01:12,38.16,427434,112,买盘
1822,11:01:15,38.16,164100,43,买盘
1823,11:01:18,38.17,370214,97,买盘
1824,11:01:21,38.16,103055,27,卖盘
1825,11:01:24,38.17,232793,61,买盘
1826,11:01:27,38.16,2144886,562,卖盘
1827,11:01:30,38.16,194616,51,买盘
1828,11:01:33,38.16,370152,97,买盘
1829,11:01:36,38.15,316674,83,卖盘
1830,11:01:39,38.15,236578,62,卖盘
1831,11:01:42,38.16,568556,149,买盘
1832,11:01:45,38.16,30528,8,卖盘
1833,11:01:48,38.17,68696,18,买盘
1834,11:01:51,38.17,622155,163,买盘
1835,11:01:54,38.18,95435,25,买盘
1836,11:01:57,38.18,61082,16,买盘
1837,11:02:00,38.19,637629,167,买盘
1838,11:02:03,38.19,72561,19,买盘
1839,11:02:06,38.19,133642,35,买盘
1840,11:02:09,38.19,95475,25,买盘
1841,11:02:12,38.19,439214,115,买盘
1842,11:02:15,38.2,171873,45,买盘
1843,11:02:18,38.2,366715,96,买盘
1844,11:02:21,38.2,68767,18,卖盘
1845,11:02:24,38.2,852021,223,卖盘
1846,11:02:27,38.19,859550,225,卖盘
1847,11:02:30,38.19,1011864,265,买盘
1848,11:02:33,38.18,148940,39,卖盘
1849,11:02:36,38.18,179463,47,卖盘
1850,11:02:39,38.19,263493,69,买盘
1851,11:02:42,38.2,733276,192,买盘
1852,11:02:45,38.19,240621,63,买盘
1853,11:02:48,38.19,53477,14,买盘
1854,11:02:51,38.19,145129,38,买盘
1855,11:02:54,38.19,156581,41,卖盘
1856,11:02:57,38.19,339887,89,卖盘
1857,11:03:00,38.19,252020,66,卖盘
1858,11:03:03,38.19,324680,85,卖盘
1859,11:03:06,38.19,358988,94,卖盘
1860,11:03:09,38.18,106914,28,卖盘
1861,11:03:12,38.19,721756,189,买盘
1862,11:03:15,38.19,57268,15,买盘
1863,11:03:18,38.17,137471,36,卖盘
1864,11:03:21,38.18,194708,51,买盘
1865,11:03:24,38.17,148898,39,卖盘
1866,11:03:27,38.18,30544,8,买盘
1867,11:03:30,38.18,206138,54,卖盘
1868,11:03:33,38.19,645328,169,买盘
1869,11:03:36,38.18,309227,81,买盘
1870,11:03:39,38.18,84002,22,卖盘
1871,11:03:42,38.18,477366,125,卖盘
1872,11:03:45,38.18,366568,96,卖盘
1873,11:03:48,38.18,240551,63,卖盘
1874,11:03:51,38.18,129817,34,卖盘
1875,11:03:54,38.18,129812,34,卖盘
1876,11:03:57,38.19,87835,23,买盘
1877,11:04:00,38.18,141266,37,卖盘
1878,11:04:03,38.18,53452,14,卖盘
1879,11:04:06,38.18,160356,42,卖盘
1880,11:04:09,38.18,57274,15,卖盘
1881,11:04:12,38.18,316918,83,卖盘
1882,11:04:15,38.18,1734091,454,买盘
1883,11:04:18,38.18,38184,10,卖盘
1884,11:04:21,38.19,275115,72,买盘
1885,11:04:24,38.18,49636,13,卖盘
1886,11:04:27,38.18,15274,4,卖盘
1887,11:04:30,38.19,3819,1,买盘
1888,11:04:33,38.18,68748,18,卖盘
1889,11:04:36,38.17,358885,94,卖盘
1890,11:04:39,38.18,427716,112,买盘
1891,11:04:42,38.2,244478,64,买盘
1892,11:04:45,38.18,171882,45,卖盘
1893,11:04:48,38.18,49639,13,卖盘
1894,11:04:51,38.18,84001,22,卖盘
1895,11:04:54,38.18,347503,91,买盘
1896,11:04:57,38.18,106924,28,买盘
1897,11:05:00,38.18,53452,14,卖盘
1898,11:05:03,38.18,145085,38,卖盘
1899,11:05:06,38.17,553687,145,卖盘
1900,11:05:09,38.19,175637,46,买盘
1901,11:05:12,38.19,3819,1,买盘
1902,11:05:15,38.19,103113,27,买盘
1903,11:05:18,38.19,57285,15,买盘
1904,11:05:21,38.18,461999,121,卖盘
1905,11:05:24,38.19,57285,15,买盘
1906,11:05:27,38.2,187137,49,买盘
1907,11:05:30,38.19,141348,37,卖盘
1908,11:05:33,38.2,129886,34,买盘
1909,11:05:36,38.2,91676,24,买盘
1910,11:05:39,38.2,42020,11,卖盘
1911,11:05:42,38.2,217740,57,卖盘
1912,11:05:45,38.2,84040,22,买盘
1913,11:05:48,38.2,87855,23,买盘
1914,11:05:51,38.19,133686,35,卖盘
1915,11:05:54,38.19,194770,51,卖盘
1916,11:05:57,38.18,309336,81,卖盘
1917,11:06:00,38.19,49654,13,卖盘
1918,11:06:03,38.18,794158,208,卖盘
1919,11:06:06,38.17,1374385,360,卖盘
1920,11:06:09,38.17,198518,52,卖盘
1921,11:06:12,38.18,53439,14,买盘
1922,11:06:15,38.18,171786,45,买盘
1923,11:06:18,38.18,1275263,334,买盘
1924,11:06:21,38.16,335995,88,卖盘
1925,11:06:24,38.17,49621,13,中性盘
1926,11:06:27,38.18,591680,155,买盘
1927,11:06:30,38.16,301524,79,卖盘
1928,11:06:33,38.17,7634,2,卖盘
1929,11:06:36,38.18,244303,64,买盘
1930,11:06:39,38.16,286256,75,卖盘
1931,11:06:42,38.16,15264,4,卖盘
1932,11:06:45,38.18,3818,1,买盘
1933,11:06:48,38.18,164155,43,买盘
1934,11:06:51,38.18,225260,59,买盘
1935,11:06:54,38.17,83987,22,卖盘
1936,11:06:57,38.17,202301,53,卖盘
1937,11:07:00,38.17,198475,52,买盘
1938,11:07:03,38.17,167939,44,买盘
1939,11:07:06,38.17,438884,115,买盘
1940,11:07:09,38.16,87782,23,卖盘
1941,11:07:12,38.16,152642,40,卖盘
1942,11:07:15,38.17,129745,34,买盘
1943,11:07:18,38.17,57254,15,买盘
1944,11:07:21,38.16,251912,66,卖盘
1945,11:07:24,38.16,499899,131,卖盘
1946,11:07:27,38.16,122132,32,买盘
1947,11:07:30,38.15,431157,113,卖盘
1948,11:07:33,38.16,3816,1,买盘
1949,11:07:36,38.15,175525,46,卖盘
1950,11:07:39,38.15,11445,3,卖盘
1951,11:07:42,38.15,225090,59,卖盘
1952,11:07:45,38.15,186935,49,卖盘
1953,11:07:48,38.15,423467,111,卖盘
1954,11:07:51,38.14,553136,145,卖盘
1955,11:07:54,38.13,343256,90,卖盘
1956,11:07:57,38.13,19067,5,卖盘
1957,11:08:00,38.13,110577,29,卖盘
1958,11:08:03,38.12,636697,167,卖盘
1959,11:08:06,38.13,304991,80,买盘
1960,11:08:09,38.12,320245,84,卖盘
1961,11:08:12,38.12,407944,107,买盘
1962,11:08:15,38.14,61004,16,买盘
1963,11:08:18,38.11,114339,30,卖盘
1964,11:08:21,38.12,64803,17,卖盘
1965,11:08:24,38.12,877007,230,买盘
1966,11:08:27,38.12,110567,29,卖盘
1967,11:08:30,38.12,335443,88,卖盘
1968,11:08:33,38.12,83867,22,卖盘
1969,11:08:36,38.11,487912,128,卖盘
1970,11:08:39,38.11,449729,118,卖盘
1971,11:08:42,38.12,384974,101,中性盘
1972,11:08:45,38.14,205943,54,买盘
1973,11:08:48,38.13,270782,71,卖盘
1974,11:08:51,38.13,171622,45,卖盘
1975,11:08:54,38.14,91515,24,中性盘
1976,11:08:57,38.14,316604,83,买盘
1977,11:09:00,38.16,3960459,1038,买盘
1978,11:09:03,38.2,748517,196,买盘
1979,11:09:06,38.2,156595,41,买盘
1980,11:09:09,38.2,672320,176,买盘
1981,11:09:12,38.2,328532,86,卖盘
1982,11:09:15,38.22,328619,86,买盘
1983,11:09:18,38.22,454805,119,买盘
1984,11:09:21,38.23,385998,101,买盘
1985,11:09:24,38.22,412723,108,卖盘
1986,11:09:27,38.22,202572,53,买盘
1987,11:09:30,38.2,133790,35,卖盘
1988,11:09:33,38.23,202605,53,买盘
1989,11:09:36,38.22,198744,52,卖盘
1990,11:09:39,38.22,45854,12,买盘
1991,11:09:42,38.2,504368,132,卖盘
1992,11:09:45,38.21,49683,13,中性盘
1993,11:09:48,38.2,317062,83,卖盘
1994,11:09:51,38.2,99320,26,买盘
1995,11:09:54,38.19,309398,81,卖盘
1996,11:09:57,38.2,401099,105,买盘
1997,11:10:00,38.2,191000,50,卖盘
1998,11:10:03,38.2,164263,43,卖盘
1999,11:10:06,38.2,53486,14,卖盘
2000,11:10:09,38.2,1012755,265,卖盘
2001,11:10:12,38.2,424158,111,买盘
2002,11:10:15,38.21,26747,7,中性盘
2003,11:10:18,38.2,61134,16,卖盘
2004,11:10:21,38.21,95501,25,买盘
2005,11:10:24,38.21,622964,163,买盘
2006,11:10:27,38.21,34389,9,卖盘
2007,11:10:30,38.22,64960,17,买盘
2008,11:10:33,38.21,317143,83,卖盘
2009,11:10:36,38.21,500551,131,买盘
2010,11:10:39,38.21,129914,34,买盘
2011,11:10:42,38.2,336220,88,卖盘
2012,11:10:45,38.22,64965,17,买盘
2013,11:10:48,38.21,267451,70,中性盘
2014,11:10:51,38.22,202566,53,买盘
2015,11:10:54,38.21,244655,64,卖盘
2016,11:10:57,38.22,68796,18,中性盘
2017,11:11:00,38.23,34401,9,买盘
2018,11:11:03,38.22,95557,25,卖盘
2019,11:11:06,38.22,225499,59,卖盘
2020,11:11:09,38.22,53505,14,买盘
2021,11:11:12,38.22,248430,65,买盘
2022,11:11:15,38.22,500676,131,买盘
2023,11:11:18,38.22,397479,104,买盘
2024,11:11:21,38.23,114677,30,买盘
2025,11:11:24,38.21,137589,36,卖盘
2026,11:11:27,38.21,11463,3,卖盘
2027,11:11:30,38.22,103192,27,买盘
2028,11:11:33,38.21,710743,186,卖盘
2029,11:11:36,38.22,175772,46,买盘
2030,11:11:39,38.21,91723,24,中性盘
2031,11:11:42,38.22,30571,8,买盘
2032,11:11:48,38.22,561834,147,买盘
2033,11:11:51,38.23,64980,17,买盘
2034,11:11:54,38.22,118484,31,卖盘
2035,11:11:57,38.23,34401,9,买盘
2036,11:12:00,38.23,80283,21,买盘
2037,11:12:03,38.23,355537,93,买盘
2038,11:12:06,38.23,168212,44,买盘
2039,11:12:09,38.23,267598,70,买盘
2040,11:12:12,38.23,432080,113,买盘
2041,11:12:15,38.24,19120,5,卖盘
2042,11:12:18,38.24,321222,84,卖盘
2043,11:12:21,38.24,466496,122,卖盘
2044,11:12:24,38.23,11471,3,卖盘
2045,11:12:27,38.24,191195,50,买盘
2046,11:12:30,38.24,91776,24,卖盘
2047,11:12:36,38.24,103248,27,卖盘
2048,11:12:39,38.24,107072,28,卖盘
2049,11:12:42,38.25,133847,35,买盘
2050,11:12:45,38.25,110919,29,买盘
2051,11:12:48,38.24,87958,23,卖盘
2052,11:12:51,38.25,19125,5,买盘
2053,11:12:54,38.25,107089,28,买盘
2054,11:12:57,38.25,466548,122,买盘
2055,11:13:00,38.25,657874,172,买盘
2056,11:13:03,38.25,1258618,329,买盘
2057,11:13:06,38.27,49742,13,买盘
2058,11:13:09,38.27,53578,14,买盘
2059,11:13:12,38.28,164595,43,买盘
2060,11:13:15,38.27,76540,20,买盘
2061,11:13:18,38.28,22968,6,买盘
2062,11:13:21,38.28,38273,10,买盘
2063,11:13:24,38.28,482327,126,买盘
2064,11:13:27,38.28,118663,31,买盘
2065,11:13:30,38.29,317753,83,买盘
2066,11:13:33,38.32,2592935,677,买盘
2067,11:13:36,38.32,107244,28,买盘
2068,11:13:39,38.32,95799,25,买盘
2069,11:13:42,38.32,122624,32,买盘
2070,11:13:45,38.32,1261006,329,买盘
2071,11:13:48,38.32,99645,26,卖盘
2072,11:13:51,38.33,613245,160,买盘
2073,11:13:54,38.34,137989,36,买盘
2074,11:13:57,38.33,237685,62,卖盘
2075,11:14:00,38.34,778292,203,买盘
2076,11:14:03,38.33,345038,90,卖盘
2077,11:14:06,38.34,164865,43,买盘
2078,11:14:09,38.33,414035,108,卖盘
2079,11:14:12,38.35,2170553,566,买盘
2080,11:14:15,38.35,494605,129,卖盘
2081,11:14:18,38.35,237800,62,卖盘
2082,11:14:21,38.36,176422,46,买盘
2083,11:14:24,38.36,164948,43,买盘
2084,11:14:27,38.35,682631,178,卖盘
2085,11:14:30,38.35,287617,75,买盘
2086,11:14:33,38.35,61360,16,买盘
2087,11:14:36,38.35,314467,82,买盘
2088,11:14:39,38.35,199422,52,买盘
2089,11:14:42,38.35,479339,125,卖盘
2090,11:14:45,38.34,1833477,478,卖盘
2091,11:14:48,38.35,325973,85,卖盘
2092,11:14:51,38.33,76666,20,卖盘
2093,11:14:54,38.34,176360,46,买盘
2094,11:14:57,38.33,42166,11,卖盘
2095,11:15:00,38.34,490842,128,卖盘
2096,11:15:03,38.34,203236,53,卖盘
2097,11:15:06,38.35,667152,174,买盘
2098,11:15:09,38.34,84352,22,买盘
2099,11:15:12,38.34,84343,22,买盘
2100,11:15:15,38.33,107337,28,卖盘
2101,11:15:18,38.33,310543,81,卖盘
2102,11:15:21,38.33,164833,43,卖盘
2103,11:15:24,38.33,647777,169,卖盘
2104,11:15:27,38.33,84321,22,卖盘
2105,11:15:30,38.32,387183,101,卖盘
2106,11:15:33,38.33,2265309,591,买盘
2107,11:15:36,38.33,302782,79,买盘
2108,11:15:39,38.32,84304,22,卖盘
2109,11:15:42,38.32,2816818,735,卖盘
2110,11:15:45,38.32,563308,147,卖盘
2111,11:15:48,38.32,6933545,1809,卖盘
2112,11:15:51,38.33,612813,160,买盘
2113,11:15:54,38.33,3031759,791,买盘
2114,11:15:57,38.34,4684762,1222,买盘
2115,11:16:00,38.37,1438612,375,买盘
2116,11:16:03,38.35,99721,26,卖盘
2117,11:16:06,38.37,917040,239,买盘
2118,11:16:09,38.37,337733,88,卖盘
2119,11:16:12,38.38,88255,23,买盘
2120,11:16:15,38.38,418270,109,买盘
2121,11:16:18,38.38,452879,118,买盘
2122,11:16:21,38.38,579527,151,买盘
2123,11:16:24,38.38,1201172,313,买盘
2124,11:16:27,38.38,487505,127,卖盘
2125,11:16:30,38.39,483595,126,买盘
2126,11:16:33,38.39,291732,76,买盘
2127,11:16:36,38.39,191931,50,买盘
2128,11:16:39,38.39,111323,29,买盘
2129,11:16:42,38.39,249530,65,买盘
2130,11:16:45,38.38,414534,108,卖盘
2131,11:16:48,38.38,341609,89,卖盘
2132,11:16:51,38.38,1201305,313,卖盘
2133,11:16:54,38.38,832689,217,买盘
2134,11:16:57,38.38,556517,145,买盘
2135,11:17:00,38.39,1631372,425,买盘
2136,11:17:03,38.38,314691,82,中性盘
2137,11:17:06,38.38,115110,30,买盘
2138,11:17:09,38.37,475826,124,买盘
2139,11:17:12,38.36,95939,25,卖盘
2140,11:17:15,38.36,610201,159,卖盘
2141,11:17:18,38.36,257061,67,卖盘
2142,11:17:21,38.35,115064,30,卖盘
2143,11:17:24,38.35,76704,20,卖盘
2144,11:17:27,38.35,180244,47,买盘
2145,11:17:30,38.34,993028,259,卖盘
2146,11:17:33,38.38,2148338,560,买盘
2147,11:17:36,38.35,99710,26,卖盘
2148,11:17:39,38.37,164983,43,买盘
2149,11:17:42,38.38,111265,29,买盘
2150,11:17:45,38.38,6879791,1792,买盘
2151,11:17:48,38.37,2355681,614,卖盘
2152,11:17:51,38.38,88247,23,买盘
2153,11:17:54,38.38,38380,10,买盘
2154,11:17:57,38.35,283812,74,卖盘
2155,11:18:00,38.37,717351,187,买盘
2156,11:18:03,38.34,226239,59,卖盘
2157,11:18:06,38.34,1085649,283,买盘
2158,11:18:09,38.34,118862,31,卖盘
2159,11:18:12,38.34,11506,3,卖盘
2160,11:18:15,38.34,467754,122,卖盘
2161,11:18:18,38.34,187859,49,买盘
2162,11:18:21,38.34,229991,60,买盘
2163,11:18:24,38.33,187851,49,卖盘
2164,11:18:27,38.33,517476,135,卖盘
2165,11:18:30,38.33,429297,112,卖盘
2166,11:18:33,38.33,256819,67,卖盘
2167,11:18:36,38.34,210822,55,买盘
2168,11:18:39,38.34,118829,31,买盘
2169,11:18:42,38.33,195504,51,卖盘
2170,11:18:45,38.33,364170,95,卖盘
2171,11:18:48,38.33,494497,129,卖盘
2172,11:18:51,38.34,118847,31,买盘
2173,11:18:54,38.33,2560444,668,卖盘
2174,11:18:57,38.34,72828,19,买盘
2175,11:19:00,38.34,214658,56,买盘
2176,11:19:03,38.33,793446,207,卖盘
2177,11:19:06,38.32,2088980,545,卖盘
2178,11:19:09,38.32,237588,62,卖盘
2179,11:19:12,38.31,509646,133,卖盘
2180,11:19:15,38.32,137936,36,买盘
2181,11:19:18,38.3,42146,11,卖盘
2182,11:19:21,38.3,440459,115,卖盘
2183,11:19:24,38.3,61282,16,卖盘
2184,11:19:27,38.3,26811,7,卖盘
2185,11:19:30,38.31,103417,27,买盘
2186,11:19:33,38.3,206875,54,卖盘
2187,11:19:36,38.31,61296,16,买盘
2188,11:19:39,38.32,53638,14,买盘
2189,11:19:42,38.32,53637,14,买盘
2190,11:19:45,38.31,42141,11,卖盘
2191,11:19:48,38.34,1452599,379,买盘
2192,11:19:51,38.32,157123,41,中性盘
2193,11:19:54,38.32,191600,50,卖盘
2194,11:19:57,38.34,2269678,592,买盘
2195,11:20:00,38.37,1104582,288,买盘
2196,11:20:03,38.36,126590,33,卖盘
2197,11:20:06,38.37,237884,62,买盘
2198,11:20:09,38.37,49874,13,买盘
2199,11:20:12,38.37,1070499,279,买盘
2200,11:20:15,38.37,909331,237,买盘
2201,11:20:18,38.37,57544,15,买盘
2202,11:20:21,38.37,84403,22,买盘
2203,11:20:24,38.37,694446,181,买盘
2204,11:20:27,38.37,141969,37,卖盘
2205,11:20:30,38.37,65229,17,卖盘
2206,11:20:33,38.37,149643,39,卖盘
2207,11:20:36,38.38,207232,54,买盘
2208,11:20:39,38.37,103606,27,卖盘
2209,11:20:42,38.38,287827,75,买盘
2210,11:20:45,38.38,429762,112,买盘
2211,11:20:48,38.37,199544,52,卖盘
2212,11:20:51,38.37,337660,88,卖盘
2213,11:20:54,38.37,360672,94,买盘
2214,11:20:57,38.36,237881,62,卖盘
2215,11:21:00,38.37,203330,53,买盘
2216,11:21:03,38.35,30687,8,卖盘
2217,11:21:06,38.35,30680,8,卖盘
2218,11:21:09,38.35,84373,22,卖盘
2219,11:21:12,38.35,575213,150,买盘
2220,11:21:15,38.35,306872,80,卖盘
2221,11:21:18,38.36,214808,56,买盘
2222,11:21:21,38.35,1457302,380,卖盘
2223,11:21:24,38.35,180247,47,卖盘
2224,11:21:27,38.36,84385,22,买盘
2225,11:21:30,38.36,349068,91,买盘
2226,11:21:33,38.36,118925,31,卖盘
2227,11:21:36,38.36,141941,37,卖盘
2228,11:21:39,38.36,583180,152,卖盘
2229,11:21:42,38.36,425840,111,卖盘
2230,11:21:45,38.37,471941,123,买盘
2231,11:21:48,38.36,521699,136,卖盘
2232,11:21:51,38.36,49868,13,卖盘
2233,11:21:54,38.37,72896,19,买盘
2234,11:21:57,38.37,1035990,270,买盘
2235,11:22:00,38.39,3557910,927,买盘
2236,11:22:03,38.38,491340,128,卖盘
2237,11:22:06,38.38,387707,101,卖盘
2238,11:22:09,38.38,514300,134,卖盘
2239,11:22:12,38.38,303221,79,卖盘
2240,11:22:15,38.38,545044,142,卖盘
2241,11:22:18,38.38,429857,112,卖盘
2242,11:22:21,38.38,360797,94,卖盘
2243,11:22:24,38.38,165028,43,买盘
2244,11:22:27,38.38,134326,35,买盘
2245,11:22:30,38.38,11514,3,买盘
2246,11:22:33,38.38,149666,39,买盘
2247,11:22:36,38.38,1231955,321,买盘
2248,11:22:39,38.38,353032,92,买盘
2249,11:22:42,38.37,234084,61,卖盘
2250,11:22:45,38.38,291637,76,买盘
2251,11:22:48,38.37,195725,51,卖盘
2252,11:22:51,38.37,72903,19,卖盘
2253,11:22:54,38.37,226386,59,卖盘
2254,11:22:57,38.37,3027302,789,卖盘
2255,11:23:00,38.37,107418,28,买盘
2256,11:23:03,38.36,42203,11,卖盘
2257,11:23:06,38.36,134265,35,卖盘
2258,11:23:09,38.35,15342,4,卖盘
2259,11:23:12,38.35,69030,18,卖盘
2260,11:23:15,38.35,107392,28,卖盘
2261,11:23:18,38.35,226281,59,卖盘
2262,11:23:21,38.34,126554,33,卖盘
2263,11:23:24,38.35,61350,16,买盘
2264,11:23:27,38.33,7666,2,卖盘
2265,11:23:30,38.33,68994,18,卖盘
2266,11:23:33,38.33,49829,13,卖盘
2267,11:23:36,38.32,218517,57,卖盘
2268,11:23:39,38.33,57495,15,买盘
2269,11:23:42,38.32,22993,6,卖盘
2270,11:23:45,38.33,176296,46,买盘
2271,11:23:48,38.33,42157,11,买盘
2272,11:23:51,38.31,7662,2,卖盘
2273,11:23:54,38.32,11496,3,买盘
2274,11:23:57,38.31,272004,71,卖盘
2275,11:24:00,38.32,264380,69,买盘
2276,11:24:03,38.32,45979,12,买盘
2277,11:24:06,38.32,72794,19,买盘
2278,11:24:09,38.32,68965,18,买盘
2279,11:24:12,38.32,145591,38,买盘
2280,11:24:15,38.32,26824,7,买盘
2281,11:24:18,38.32,180099,47,买盘
2282,11:24:21,38.31,84295,22,卖盘
2283,11:24:24,38.31,34481,9,卖盘
2284,11:24:27,38.31,68958,18,卖盘
2285,11:24:30,38.31,210735,55,卖盘
2286,11:24:33,38.32,11495,3,买盘
2287,11:24:36,38.31,241352,63,卖盘
2288,11:24:39,38.32,3376466,881,买盘
2289,11:24:42,38.32,61313,16,卖盘
2290,11:24:45,38.32,22992,6,卖盘
2291,11:24:48,38.34,45986,12,买盘
2292,11:24:51,38.32,187774,49,卖盘
2293,11:24:54,38.32,103478,27,买盘
2294,11:24:57,38.32,49816,13,买盘
2295,11:25:00,38.34,88150,23,买盘
2296,11:25:03,38.32,30656,8,卖盘
2297,11:25:09,38.32,76655,20,卖盘
2298,11:25:12,38.33,3833,1,买盘
2299,11:25:15,38.33,49825,13,买盘
2300,11:25:18,38.34,46003,12,买盘
2301,11:25:21,38.33,214671,56,卖盘
2302,11:25:24,38.32,552060,144,卖盘
2303,11:25:27,38.33,126504,33,买盘
2304,11:25:30,38.33,65161,17,卖盘
2305,11:25:33,38.34,210856,55,买盘
2306,11:25:36,38.35,107370,28,买盘
2307,11:25:39,38.35,1065744,278,买盘
2308,11:25:42,38.34,38340,10,卖盘
2309,11:25:45,38.35,613545,160,买盘
2310,11:25:48,38.34,149527,39,中性盘
2311,11:25:51,38.33,3833,1,中性盘
2312,11:25:54,38.34,88180,23,买盘
2313,11:25:57,38.34,3834,1,买盘
2314,11:26:00,38.34,164838,43,买盘
2315,11:26:03,38.32,11497,3,卖盘
2316,11:26:06,38.32,46002,12,卖盘
2317,11:26:09,38.34,61324,16,买盘
2318,11:26:12,38.34,72829,19,买盘
2319,11:26:15,38.31,141787,37,卖盘
2320,11:26:18,38.31,218403,57,卖盘
2321,11:26:21,38.32,226054,59,中性盘
2322,11:26:24,38.33,45996,12,买盘
2323,11:26:27,38.32,65135,17,卖盘
2324,11:26:30,38.33,444626,116,买盘
2325,11:26:33,38.31,222230,58,卖盘
2326,11:26:36,38.33,122636,32,买盘
2327,11:26:39,38.32,84304,22,卖盘
2328,11:26:42,38.32,137958,36,卖盘
2329,11:26:45,38.32,49809,13,买盘
2330,11:26:48,38.32,30656,8,买盘
2331,11:26:51,38.32,122624,32,买盘
2332,11:26:54,38.31,45976,12,卖盘
2333,11:26:57,38.31,153253,40,卖盘
2334,11:27:00,38.31,22987,6,卖盘
2335,11:27:03,38.31,61302,16,卖盘
2336,11:27:06,38.32,647594,169,买盘
2337,11:27:09,38.33,153292,40,买盘
2338,11:27:12,38.32,26829,7,卖盘
2339,11:27:15,38.32,210779,55,卖盘
2340,11:27:18,38.33,540451,141,买盘
2341,11:27:21,38.34,460064,120,买盘
2342,11:27:24,38.34,176341,46,买盘
2343,11:27:27,38.34,134184,35,卖盘
2344,11:27:30,38.34,30672,8,买盘
2345,11:27:33,38.33,53674,14,卖盘
2346,11:27:36,38.33,23002,6,卖盘
2347,11:27:39,38.34,107338,28,买盘
2348,11:27:42,38.34,180192,47,买盘
2349,11:27:45,38.33,61332,16,卖盘
2350,11:27:48,38.34,356562,93,买盘
2351,11:27:51,38.34,34504,9,卖盘
2352,11:27:54,38.34,141857,37,买盘
2353,11:27:57,38.34,187865,49,买盘
2354,11:28:00,38.34,103506,27,买盘
2355,11:28:03,38.33,551991,144,卖盘
2356,11:28:06,38.34,26838,7,买盘
2357,11:28:09,38.34,99671,26,买盘
2358,11:28:12,38.33,138011,36,卖盘
2359,11:28:15,38.34,53668,14,买盘
2360,11:28:18,38.33,30668,8,卖盘
2361,11:28:21,38.34,130346,34,买盘
2362,11:28:24,38.34,134157,35,买盘
2363,11:28:27,38.34,138012,36,买盘
2364,11:28:30,38.34,38335,10,买盘
2365,11:28:33,38.34,233863,61,买盘
2366,11:28:36,38.34,34501,9,买盘
2367,11:28:39,38.34,118844,31,买盘
2368,11:28:42,38.34,172513,45,买盘
2369,11:28:45,38.34,23002,6,买盘
2370,11:28:48,38.34,145692,38,买盘
2371,11:28:51,38.34,84333,22,买盘
2372,11:28:54,38.34,11502,3,买盘
2373,11:28:57,38.33,34498,9,卖盘
2374,11:29:00,38.34,586602,153,买盘
2375,11:29:03,38.34,210871,55,买盘
2376,11:29:06,38.35,149519,39,买盘
2377,11:29:09,38.33,53669,14,卖盘
2378,11:29:12,38.35,337420,88,买盘
2379,11:29:15,38.35,76680,20,买盘
2380,11:29:18,38.34,3834,1,中性盘
2381,11:29:21,38.35,130346,34,买盘
2382,11:29:24,38.35,92001,24,买盘
2383,11:29:27,38.35,23007,6,买盘
2384,11:29:30,38.35,138034,36,买盘
2385,11:29:33,38.33,318270,83,卖盘
2386,11:29:36,38.33,187842,49,卖盘
2387,11:29:39,38.33,126501,33,卖盘
2388,11:29:42,38.33,15332,4,卖盘
2389,11:29:45,38.35,84342,22,买盘
2390,11:29:48,38.33,95839,25,卖盘
2391,11:29:51,38.33,84347,22,卖盘
2392,11:29:54,38.33,268421,70,卖盘
2393,11:29:57,38.33,253093,66,卖盘
2394,11:30:00,38.33,114995,30,卖盘
2395,13:00:00,38.34,4561374,1189,买盘
2396,13:00:03,38.34,3392797,885,卖盘
2397,13:00:06,38.32,1425946,372,卖盘
2398,13:00:09,38.31,3765686,983,卖盘
2399,13:00:12,38.28,2799422,731,卖盘
2400,13:00:15,38.27,221983,58,卖盘
2401,13:00:18,38.26,952683,249,卖盘
2402,13:00:21,38.26,95629,25,买盘
2403,13:00:24,38.29,1235842,323,买盘
2404,13:00:27,38.29,34455,9,中性盘
2405,13:00:30,38.29,84233,22,卖盘
2406,13:00:33,38.28,283268,74,卖盘
2407,13:00:36,38.27,501263,131,卖盘
2408,13:00:39,38.27,1489588,389,买盘
2409,13:00:42,38.28,333137,87,卖盘
2410,13:00:45,38.28,7656,2,卖盘
2411,13:00:48,38.28,3828,1,卖盘
2412,13:00:51,38.29,22972,6,买盘
2413,13:00:54,38.29,394177,103,买盘
2414,13:00:57,38.33,919814,240,买盘
2415,13:01:00,38.28,68912,18,中性盘
2416,13:01:06,38.29,49777,13,卖盘
2417,13:01:09,38.29,681939,178,买盘
2418,13:01:12,38.3,53615,14,卖盘
2419,13:01:18,38.3,57450,15,买盘
2420,13:01:21,38.3,202974,53,买盘
2421,13:01:24,38.3,49790,13,买盘
2422,13:01:27,38.3,76602,20,卖盘
2423,13:01:30,38.3,206821,54,卖盘
2424,13:01:33,38.3,409812,107,卖盘
2425,13:01:36,38.31,157037,41,买盘
2426,13:01:39,38.3,716210,187,卖盘
2427,13:01:42,38.29,337081,88,卖盘
2428,13:01:45,38.29,103406,27,卖盘
2429,13:01:48,38.3,99569,26,买盘
2430,13:01:51,38.27,2377640,621,卖盘
2431,13:01:54,38.26,95666,25,卖盘
2432,13:01:57,38.28,447533,117,买盘
2433,13:02:00,38.25,103291,27,中性盘
2434,13:02:03,38.24,340542,89,卖盘
2435,13:02:06,38.26,30608,8,中性盘
2436,13:02:09,38.25,214194,56,卖盘
2437,13:02:12,38.24,1891183,494,卖盘
2438,13:02:15,38.25,91783,24,买盘
2439,13:02:18,38.25,22946,6,买盘
2440,13:02:21,38.25,834452,218,买盘
2441,13:02:24,38.24,87987,23,卖盘
2442,13:02:27,38.25,30600,8,卖盘
2443,13:02:30,38.25,260102,68,卖盘
2444,13:02:33,38.25,191252,50,卖盘
2445,13:02:36,38.25,57383,15,卖盘
2446,13:02:39,38.25,344254,90,卖盘
2447,13:02:42,38.27,19133,5,买盘
2448,13:02:45,38.26,57396,15,卖盘
2449,13:02:48,38.27,26789,7,买盘
2450,13:02:51,38.28,126292,33,买盘
2451,13:02:54,38.27,183716,48,卖盘
2452,13:02:57,38.27,122464,32,卖盘
2453,13:03:00,38.27,57405,15,卖盘
2454,13:03:03,38.28,22964,6,买盘
2455,13:03:06,38.27,443932,116,卖盘
2456,13:03:09,38.3,654712,171,买盘
2457,13:03:12,38.26,65042,17,卖盘
2458,13:03:15,38.26,149300,39,买盘
2459,13:03:18,38.26,45930,12,中性盘
2460,13:03:21,38.27,371219,97,中性盘
2461,13:03:24,38.27,34446,9,卖盘
2462,13:03:27,38.27,175889,46,卖盘
2463,13:03:30,38.27,459242,120,卖盘
2464,13:03:33,38.27,26942,7,卖盘
2465,13:03:36,38.26,7653,2,卖盘
2466,13:03:39,38.27,260084,68,买盘
2467,13:03:45,38.27,22963,6,卖盘
2468,13:03:48,38.27,7654,2,卖盘
2469,13:03:51,38.27,7655,2,卖盘
2470,13:03:54,38.27,191353,50,卖盘
2471,13:03:57,38.27,3827,1,卖盘
2472,13:04:00,38.27,68886,18,卖盘
2473,13:04:03,38.27,11481,3,卖盘
2474,13:04:06,38.28,110992,29,买盘
2475,13:04:09,38.28,593324,155,买盘
2476,13:04:12,38.27,141653,37,卖盘
2477,13:04:18,38.28,22968,6,卖盘
2478,13:04:21,38.3,1010975,264,买盘
2479,13:04:24,38.29,61251,16,卖盘
2480,13:04:27,38.29,57437,15,卖盘
2481,13:04:30,38.3,149370,39,买盘
2482,13:04:33,38.3,61278,16,买盘
2483,13:04:36,38.35,2322794,606,买盘
2484,13:04:39,38.35,191751,50,卖盘
2485,13:04:42,38.35,111223,29,卖盘
2486,13:04:45,38.35,138055,36,卖盘
2487,13:04:48,38.37,1645743,429,买盘
2488,13:04:51,38.35,456389,119,卖盘
2489,13:04:54,38.38,65207,17,买盘
2490,13:04:57,38.38,26862,7,买盘
2491,13:05:00,38.38,3354410,874,买盘
2492,13:05:03,38.38,8323335,2168,买盘
2493,13:05:06,38.37,951487,248,卖盘
2494,13:05:09,38.4,441486,115,买盘
2495,13:05:12,38.4,249465,65,买盘
2496,13:05:15,38.39,92107,24,中性盘
2497,13:05:18,38.39,122846,32,买盘
2498,13:05:21,38.38,26871,7,卖盘
2499,13:05:24,38.38,425966,111,卖盘
2500,13:05:27,38.39,671781,175,买盘
2501,13:05:30,38.38,111311,29,中性盘
2502,13:05:33,38.38,46060,12,卖盘
2503,13:05:36,38.38,498999,130,卖盘
2504,13:05:39,38.39,260990,68,买盘
2505,13:05:42,38.38,2283630,595,卖盘
2506,13:05:45,38.38,337776,88,卖盘
2507,13:05:48,38.38,1853771,483,卖盘
2508,13:05:51,38.35,468126,122,卖盘
2509,13:05:54,38.38,115140,30,买盘
2510,13:05:57,38.38,69084,18,买盘
2511,13:06:00,38.38,118963,31,买盘
2512,13:06:03,38.36,69048,18,卖盘
2513,13:06:06,38.35,88221,23,卖盘
2514,13:06:09,38.36,15344,4,买盘
2515,13:06:12,38.36,107385,28,买盘
2516,13:06:15,38.36,111247,29,买盘
2517,13:06:18,38.36,84416,22,卖盘
2518,13:06:21,38.36,23017,6,卖盘
2519,13:06:24,38.36,103572,27,卖盘
2520,13:06:27,38.35,398933,104,卖盘
2521,13:06:30,38.35,42189,11,卖盘
2522,13:06:33,38.35,115051,30,卖盘
2523,13:06:36,38.35,203267,53,卖盘
2524,13:06:39,38.36,69032,18,买盘
2525,13:06:42,38.35,34515,9,卖盘
2526,13:06:45,38.34,1029936,269,中性盘
2527,13:06:48,38.33,49811,13,中性盘
2528,13:06:51,38.35,1177266,307,买盘
2529,13:06:54,38.35,49829,13,买盘
2530,13:06:57,38.34,99704,26,中性盘
2531,13:07:00,38.35,3835,1,买盘
2532,13:07:03,38.34,226236,59,卖盘
2533,13:07:06,38.33,30667,8,卖盘
2534,13:07:09,38.34,19169,5,买盘
2535,13:07:12,38.35,789833,206,买盘
2536,13:07:15,38.35,76698,20,卖盘
2537,13:07:18,38.36,42194,11,买盘
2538,13:07:21,38.35,149565,39,卖盘
2539,13:07:24,38.35,76700,20,卖盘
2540,13:07:27,38.35,46025,12,卖盘
2541,13:07:30,38.35,153403,40,卖盘
2542,13:07:33,38.36,429620,112,买盘
2543,13:07:36,38.36,11508,3,卖盘
2544,13:07:39,38.35,34515,9,卖盘
2545,13:07:42,38.35,3835,1,卖盘
2546,13:07:45,38.36,95895,25,买盘
2547,13:07:48,38.36,172628,45,买盘
2548,13:07:51,38.36,157276,41,卖盘
2549,13:07:54,38.36,168784,44,卖盘
2550,13:07:57,38.35,452634,118,卖盘
2551,13:08:00,38.35,19175,5,卖盘
2552,13:08:03,38.35,329833,86,卖盘
2553,13:08:06,38.35,118887,31,卖盘
2554,13:08:09,38.35,433365,113,卖盘
2555,13:08:12,38.35,115050,30,卖盘
2556,13:08:15,38.36,19180,5,买盘
2557,13:08:18,38.35,7670,2,卖盘
2558,13:08:21,38.35,157240,41,卖盘
2559,13:08:24,38.35,517727,135,卖盘
2560,13:08:27,38.34,23005,6,卖盘
2561,13:08:30,38.35,145696,38,买盘
2562,13:08:33,38.35,578973,151,买盘
2563,13:08:36,38.34,26838,7,卖盘
2564,13:08:39,38.36,671096,175,买盘
2565,13:08:42,38.34,30673,8,卖盘
2566,13:08:45,38.35,203205,53,买盘
2567,13:08:48,38.34,134214,35,卖盘
2568,13:08:51,38.35,84352,22,买盘
2569,13:08:54,38.34,448547,117,中性盘
2570,13:08:57,38.34,19170,5,买盘
2571,13:09:00,38.34,46016,12,卖盘
2572,13:09:03,38.34,230043,60,卖盘
2573,13:09:06,38.34,118858,31,卖盘
2574,13:09:09,38.35,19175,5,买盘
2575,13:09:12,38.34,92019,24,卖盘
2576,13:09:15,38.34,3834,1,卖盘
2577,13:09:18,38.34,38342,10,卖盘
2578,13:09:21,38.35,49849,13,买盘
2579,13:09:24,38.35,103525,27,买盘
2580,13:09:27,38.35,92024,24,买盘
2581,13:09:30,38.35,230050,60,买盘
2582,13:09:33,38.35,99699,26,买盘
2583,13:09:36,38.35,176375,46,买盘
2584,13:09:39,38.34,210900,55,卖盘
2585,13:09:42,38.35,42185,11,买盘
2586,13:09:45,38.34,130357,34,卖盘
2587,13:09:48,38.35,65189,17,买盘
2588,13:09:51,38.35,571414,149,买盘
2589,13:09:54,38.35,184065,48,买盘
2590,13:09:57,38.34,161036,42,卖盘
2591,13:10:00,38.35,26841,7,买盘
2592,13:10:03,38.35,11505,3,买盘
2593,13:10:06,38.35,529174,138,买盘
2594,13:10:09,38.34,46017,12,卖盘
2595,13:10:12,38.35,440930,115,买盘
2596,13:10:15,38.35,149560,39,买盘
2597,13:10:18,38.35,99710,26,买盘
2598,13:10:21,38.35,61360,16,买盘
2599,13:10:24,38.35,540708,141,买盘
2600,13:10:27,38.35,1035496,270,买盘
2601,13:10:30,38.35,23010,6,卖盘
2602,13:10:33,38.35,590633,154,卖盘
2603,13:10:36,38.36,145754,38,买盘
2604,13:10:39,38.36,61364,16,买盘
2605,13:10:42,38.35,76717,20,卖盘
2606,13:10:45,38.36,843920,220,买盘
2607,13:10:48,38.37,69055,18,买盘
2608,13:10:51,38.37,122775,32,买盘
2609,13:10:54,38.37,230209,60,买盘
2610,13:10:57,38.37,471941,123,买盘
2611,13:11:00,38.37,107434,28,买盘
2612,13:11:03,38.37,3837,1,买盘
2613,13:11:06,38.37,548636,143,买盘
2614,13:11:09,38.37,970753,253,买盘
2615,13:11:12,38.37,310781,81,买盘
2616,13:11:15,38.37,295446,77,买盘
2617,13:11:18,38.37,391319,102,买盘
2618,13:11:21,38.37,1028565,268,买盘
2619,13:11:24,38.37,76752,20,卖盘
2620,13:11:27,38.38,2045686,533,买盘
2621,13:11:30,38.37,53719,14,卖盘
2622,13:11:33,38.37,307037,80,卖盘
2623,13:11:36,38.38,272448,71,买盘
2624,13:11:39,38.39,191922,50,买盘
2625,13:11:42,38.38,107485,28,中性盘
2626,13:11:45,38.36,6787020,1769,卖盘
2627,13:11:48,38.35,287668,75,卖盘
2628,13:11:51,38.35,1657544,432,卖盘
2629,13:11:54,38.35,141882,37,卖盘
2630,13:11:57,38.36,46032,12,买盘
2631,13:12:00,38.36,42193,11,买盘
2632,13:12:03,38.37,337564,88,买盘
2633,13:12:06,38.35,375859,98,卖盘
2634,13:12:09,38.33,617277,161,卖盘
2635,13:12:12,38.36,467927,122,买盘
2636,13:12:15,38.33,22999,6,卖盘
2637,13:12:18,38.33,57495,15,卖盘
2638,13:12:21,38.34,49838,13,买盘
2639,13:12:24,38.34,11502,3,卖盘
2640,13:12:27,38.34,53676,14,卖盘
2641,13:12:30,38.34,53676,14,买盘
2642,13:12:33,38.34,3834,1,买盘
2643,13:12:36,38.34,141853,37,买盘
2644,13:12:39,38.34,19170,5,买盘
2645,13:12:42,38.34,69009,18,买盘
2646,13:12:45,38.34,92016,24,买盘
2647,13:12:48,38.34,65177,17,买盘
2648,13:12:51,38.34,61343,16,买盘
2649,13:12:54,38.34,141844,37,买盘
2650,13:12:57,38.34,57510,15,买盘
2651,13:13:00,38.34,145675,38,买盘
2652,13:13:03,38.34,843525,220,买盘
2653,13:13:06,38.35,291400,76,买盘
2654,13:13:09,38.33,130345,34,卖盘
2655,13:13:12,38.34,199383,52,卖盘
2656,13:13:15,38.34,184047,48,卖盘
2657,13:13:18,38.34,107352,28,买盘
2658,13:13:21,38.35,107368,28,买盘
2659,13:13:24,38.35,118874,31,买盘
2660,13:13:27,38.34,65185,17,中性盘
2661,13:13:30,38.35,414172,108,买盘
2662,13:13:33,38.34,360435,94,卖盘
2663,13:13:36,38.35,187905,49,买盘
2664,13:13:39,38.35,203221,53,买盘
2665,13:13:42,38.34,42174,11,卖盘
2666,13:13:45,38.35,84365,22,买盘
2667,13:13:48,38.34,145693,38,卖盘
2668,13:13:51,38.35,157217,41,买盘
2669,13:13:54,38.36,2289885,597,买盘
2670,13:13:57,38.36,99700,26,买盘
2671,13:14:00,38.34,84353,22,卖盘
2672,13:14:03,38.35,199420,52,卖盘
2673,13:14:06,38.33,640180,167,卖盘
2674,13:14:09,38.33,91972,24,买盘
2675,13:14:12,38.32,72813,19,卖盘
2676,13:14:15,38.31,379352,99,卖盘
2677,13:14:18,38.3,1122285,293,卖盘
2678,13:14:21,38.31,141747,37,买盘
2679,13:14:24,38.31,19155,5,卖盘
2680,13:14:27,38.31,298846,78,卖盘
2681,13:14:30,38.31,95775,25,卖盘
2682,13:14:33,38.32,34486,9,买盘
2683,13:14:36,38.33,168575,44,买盘
2684,13:14:39,38.35,1181038,308,买盘
2685,13:14:42,38.33,80501,21,中性盘
2686,13:14:45,38.32,72812,19,卖盘
2687,13:14:48,38.33,226149,59,卖盘
2688,13:14:51,38.33,781933,204,卖盘
2689,13:14:54,38.33,310455,81,卖盘
2690,13:14:57,38.32,19160,5,卖盘
2691,13:15:00,38.33,241466,63,买盘
2692,13:15:03,38.34,84342,22,买盘
2693,13:15:06,38.32,866355,226,卖盘
2694,13:15:09,38.33,57485,15,买盘
2695,13:15:12,38.32,61312,16,卖盘
2696,13:15:15,38.33,168620,44,买盘
2697,13:15:18,38.32,19160,5,卖盘
2698,13:15:21,38.32,7664,2,卖盘
2699,13:15:24,38.32,76656,20,卖盘
2700,13:15:27,38.32,57482,15,卖盘
2701,13:15:30,38.34,575030,150,买盘
2702,13:15:33,38.33,46004,12,卖盘
2703,13:15:36,38.33,53669,14,卖盘
2704,13:15:39,38.33,72841,19,卖盘
2705,13:15:42,38.33,65180,17,卖盘
2706,13:15:45,38.34,76680,20,卖盘
2707,13:15:48,38.34,184032,48,卖盘
2708,13:15:51,38.35,92018,24,买盘
2709,13:15:54,38.34,138050,36,卖盘
2710,13:15:57,38.34,23004,6,卖盘
2711,13:16:00,38.35,456361,119,买盘
2712,13:16:03,38.34,49842,13,卖盘
2713,13:16:06,38.34,1238367,323,卖盘
2714,13:16:09,38.32,525053,137,卖盘
2715,13:16:12,38.32,329585,86,卖盘
2716,13:16:15,38.33,30664,8,买盘
2717,13:16:18,38.32,210791,55,卖盘
2718,13:16:21,38.32,206970,54,卖盘
2719,13:16:24,38.31,3831,1,卖盘
2720,13:16:27,38.32,99632,26,买盘
2721,13:16:30,38.31,214641,56,卖盘
2722,13:16:33,38.32,229868,60,中性盘
2723,13:16:36,38.31,88135,23,卖盘
2724,13:16:39,38.31,195418,51,卖盘
2725,13:16:42,38.32,7664,2,买盘
2726,13:16:45,38.31,80469,21,卖盘
2727,13:16:48,38.32,628293,164,买盘
2728,13:16:51,38.32,191555,50,买盘
2729,13:16:54,38.31,1556629,406,卖盘
2730,13:16:57,38.32,417582,109,买盘
2731,13:17:00,38.32,26821,7,买盘
2732,13:17:03,38.3,134069,35,卖盘
2733,13:17:06,38.3,467337,122,卖盘
2734,13:17:09,38.3,352360,92,卖盘
2735,13:17:12,38.3,49779,13,买盘
2736,13:17:15,38.29,187623,49,卖盘
2737,13:17:18,38.29,1589556,415,卖盘
2738,13:17:21,38.3,578776,151,买盘
2739,13:17:24,38.28,15314,4,卖盘
2740,13:17:27,38.32,180047,47,买盘
2741,13:17:30,38.29,3829,1,卖盘
2742,13:17:33,38.3,436516,114,买盘
2743,13:17:36,38.29,22974,6,卖盘
2744,13:17:39,38.3,76582,20,中性盘
2745,13:17:42,38.31,727503,190,买盘
2746,13:17:45,38.29,298764,78,卖盘
2747,13:17:48,38.3,99589,26,中性盘
2748,13:17:51,38.3,107255,28,卖盘
2749,13:17:54,38.3,7660,2,买盘
2750,13:17:57,38.3,187667,49,买盘
2751,13:18:00,38.31,363861,95,买盘
2752,13:18:03,38.3,42128,11,中性盘
2753,13:18:06,38.31,11491,3,买盘
2754,13:18:09,38.3,91902,24,中性盘
2755,13:18:12,38.31,3831,1,买盘
2756,13:18:15,38.3,183874,48,买盘
2757,13:18:18,38.3,57455,15,中性盘
2758,13:18:21,38.3,45952,12,卖盘
2759,13:18:24,38.3,11490,3,中性盘
2760,13:18:27,38.31,229851,60,买盘
2761,13:18:30,38.3,180059,47,买盘
2762,13:18:33,38.3,222140,58,卖盘
2763,13:18:36,38.3,34471,9,卖盘
2764,13:18:42,38.31,95789,25,买盘
2765,13:18:45,38.3,164732,43,卖盘
2766,13:18:48,38.31,38310,10,卖盘
2767,13:18:51,38.32,11494,3,买盘
2768,13:18:54,38.31,141753,37,卖盘
2769,13:18:57,38.32,19160,5,买盘
2770,13:19:00,38.32,203096,53,买盘
2771,13:19:03,38.33,1249498,326,买盘
2772,13:19:06,38.31,222211,58,卖盘
2773,13:19:09,38.31,3785027,988,卖盘
2774,13:19:12,38.31,700918,183,买盘
2775,13:19:15,38.31,122592,32,买盘
2776,13:19:18,38.31,141711,37,买盘
2777,13:19:21,38.31,168517,44,买盘
2778,13:19:24,38.3,72760,19,中性盘
2779,13:19:27,38.3,141710,37,买盘
2780,13:19:30,38.3,191490,50,买盘
2781,13:19:33,38.31,314132,82,买盘
2782,13:19:36,38.31,375436,98,买盘
2783,13:19:39,38.3,95756,25,卖盘
2784,13:19:42,38.3,45966,12,卖盘
2785,13:19:45,38.3,317901,83,卖盘
2786,13:19:48,38.29,237450,62,卖盘
2787,13:19:51,38.3,95750,25,买盘
2788,13:19:54,38.29,1003200,262,卖盘
2789,13:19:57,38.29,2646267,691,买盘
2790,13:20:00,38.29,88065,23,卖盘
2791,13:20:03,38.29,199104,52,买盘
2792,13:20:06,38.29,118736,31,卖盘
2793,13:20:09,38.29,68935,18,卖盘
2794,13:20:15,38.28,42110,11,卖盘
2795,13:20:18,38.29,7658,2,买盘
2796,13:20:21,38.28,30624,8,卖盘
2797,13:20:24,38.28,26798,7,卖盘
2798,13:20:27,38.29,206766,54,买盘
2799,13:20:30,38.29,199108,52,卖盘
2800,13:20:33,38.29,114870,30,卖盘
2801,13:20:36,38.29,164647,43,卖盘
2802,13:20:39,38.29,379071,99,卖盘
2803,13:20:42,38.29,597336,156,卖盘
2804,13:20:45,38.3,440414,115,买盘
2805,13:20:48,38.29,275688,72,买盘
2806,13:20:51,38.29,271854,71,买盘
2807,13:20:54,38.28,444061,116,卖盘
2808,13:20:57,38.29,42119,11,买盘
2809,13:21:00,38.3,524474,137,买盘
2810,13:21:03,38.29,313972,82,卖盘
2811,13:21:06,38.29,1979170,517,买盘
2812,13:21:09,38.29,53598,14,买盘
2813,13:21:12,38.28,478543,125,卖盘
2814,13:21:15,38.28,49765,13,卖盘
2815,13:21:18,38.28,168435,44,卖盘
2816,13:21:21,38.28,49764,13,卖盘
2817,13:21:24,38.28,19141,5,卖盘
2818,13:21:27,38.29,130154,34,买盘
2819,13:21:30,38.28,727322,190,卖盘
2820,13:21:33,38.28,421166,110,买盘
2821,13:21:36,38.29,195279,51,买盘
2822,13:21:39,38.29,122528,32,卖盘
2823,13:21:42,38.3,114877,30,买盘
2824,13:21:45,38.28,19142,5,卖盘
2825,13:21:51,38.3,137868,36,买盘
2826,13:21:54,38.28,1011235,264,卖盘
2827,13:21:57,38.28,61258,16,卖盘
2828,13:22:00,38.29,478611,125,中性盘
2829,13:22:03,38.28,3828,1,卖盘
2830,13:22:06,38.29,49766,13,买盘
2831,13:22:09,38.29,114870,30,买盘
2832,13:22:12,38.29,11487,3,卖盘
2833,13:22:15,38.28,91892,24,卖盘
2834,13:22:18,38.29,26802,7,中性盘
2835,13:22:21,38.28,11486,3,卖盘
2836,13:22:24,38.28,19143,5,卖盘
2837,13:22:27,38.28,202911,53,卖盘
2838,13:22:33,38.3,134043,35,买盘
2839,13:22:36,38.32,555432,145,买盘
2840,13:22:39,38.3,88080,23,买盘
2841,13:22:42,38.32,835364,218,买盘
2842,13:22:45,38.29,409713,107,卖盘
2843,13:22:48,38.3,19150,5,中性盘
2844,13:22:51,38.31,42132,11,买盘
2845,13:22:54,38.31,61296,16,买盘
2846,13:22:57,38.31,291156,76,卖盘
2847,13:23:00,38.32,26819,7,买盘
2848,13:23:03,38.31,321813,84,卖盘
2849,13:23:06,38.31,678164,177,中性盘
2850,13:23:09,38.31,827682,216,买盘
2851,13:23:12,38.29,363932,95,卖盘
2852,13:23:15,38.29,49793,13,卖盘
2853,13:23:18,38.29,45958,12,卖盘
2854,13:23:21,38.29,15320,4,卖盘
2855,13:23:24,38.3,30640,8,中性盘
2856,13:23:27,38.31,95765,25,买盘
2857,13:23:30,38.3,7661,2,卖盘
2858,13:23:33,38.31,30648,8,买盘
2859,13:23:36,38.3,11490,3,卖盘
2860,13:23:39,38.3,724196,189,买盘
2861,13:23:42,38.31,15326,4,卖盘
2862,13:23:45,38.3,42136,11,卖盘
2863,13:23:48,38.3,122578,32,卖盘
2864,13:23:51,38.31,49803,13,卖盘
2865,13:23:54,38.31,19156,5,卖盘
2866,13:23:57,38.31,176226,46,卖盘
2867,13:24:00,38.32,19160,5,买盘
2868,13:24:03,38.32,141768,37,买盘
2869,13:24:06,38.32,394754,103,买盘
2870,13:24:09,38.31,114930,30,卖盘
2871,13:24:12,38.32,693654,181,买盘
2872,13:24:15,38.32,7664,2,卖盘
2873,13:24:18,38.32,229923,60,卖盘
2874,13:24:21,38.32,68976,18,卖盘
2875,13:24:24,38.33,157119,41,买盘
2876,13:24:27,38.33,42157,11,买盘
2877,13:24:30,38.32,95805,25,卖盘
2878,13:24:33,38.32,180110,47,卖盘
2879,13:24:36,38.31,84288,22,卖盘
2880,13:24:39,38.32,164776,43,买盘
2881,13:24:42,38.32,218424,57,卖盘
2882,13:24:45,38.32,42152,11,买盘
2883,13:24:48,38.32,19160,5,买盘
2884,13:24:51,38.31,34480,9,卖盘
2885,13:24:54,38.32,187737,49,买盘
2886,13:24:57,38.32,38320,10,买盘
2887,13:25:00,38.32,49815,13,买盘
2888,13:25:03,38.31,256735,67,卖盘
2889,13:25:06,38.32,268256,70,买盘
2890,13:25:09,38.32,34494,9,卖盘
2891,13:25:12,38.32,65150,17,卖盘
2892,13:25:15,38.32,95800,25,卖盘
2893,13:25:18,38.33,206939,54,买盘
2894,13:25:21,38.33,19165,5,买盘
2895,13:25:24,38.31,61307,16,卖盘
2896,13:25:27,38.32,11496,3,买盘
2897,13:25:30,38.32,218439,57,买盘
2898,13:25:33,38.32,26824,7,卖盘
2899,13:25:36,38.32,3832,1,买盘
2900,13:25:39,38.31,770322,201,卖盘
2901,13:25:42,38.31,272009,71,卖盘
2902,13:25:45,38.32,7663,2,中性盘
2903,13:25:48,38.32,187736,49,买盘
2904,13:25:51,38.31,1000374,261,卖盘
2905,13:25:54,38.31,95785,25,卖盘
2906,13:25:57,38.32,11496,3,买盘
2907,13:26:00,38.32,421420,110,买盘
2908,13:26:03,38.32,19160,5,买盘
2909,13:26:06,38.32,7664,2,买盘
2910,13:26:09,38.32,11494,3,买盘
2911,13:26:12,38.31,283504,74,卖盘
2912,13:26:15,38.33,697448,182,买盘
2913,13:26:18,38.32,57488,15,中性盘
2914,13:26:21,38.32,22993,6,卖盘
2915,13:26:27,38.32,76642,20,卖盘
2916,13:26:30,38.32,490508,128,卖盘
2917,13:26:33,38.32,183966,48,卖盘
2918,13:26:36,38.33,26826,7,买盘
2919,13:26:42,38.33,49817,13,买盘
2920,13:26:45,38.33,563339,147,买盘
2921,13:26:48,38.33,237638,62,买盘
2922,13:26:51,38.33,80485,21,买盘
2923,13:26:54,38.32,107313,28,卖盘
2924,13:26:57,38.33,76660,20,买盘
2925,13:27:00,38.33,141812,37,买盘
2926,13:27:03,38.33,195473,51,买盘
2927,13:27:06,38.32,68986,18,卖盘
2928,13:27:09,38.32,22997,6,卖盘
2929,13:27:12,38.32,352582,92,卖盘
2930,13:27:15,38.33,137960,36,买盘
2931,13:27:18,38.33,76658,20,买盘
2932,13:27:21,38.33,390890,102,买盘
2933,13:27:24,38.33,318139,83,买盘
2934,13:27:27,38.33,256811,67,买盘
2935,13:27:30,38.32,222299,58,卖盘
2936,13:27:33,38.33,111151,29,买盘
2937,13:27:36,38.32,99641,26,卖盘
2938,13:27:39,38.33,555774,145,买盘
2939,13:27:42,38.32,222297,58,卖盘
2940,13:27:45,38.32,45994,12,卖盘
2941,13:27:48,38.32,2076944,542,卖盘
2942,13:27:51,38.31,72791,19,卖盘
2943,13:27:54,38.31,19159,5,卖盘
2944,13:27:57,38.33,1552279,405,买盘
2945,13:28:00,38.33,448473,117,买盘
2946,13:28:03,38.31,1379676,360,卖盘
2947,13:28:06,38.3,275899,72,卖盘
2948,13:28:09,38.31,3831,1,买盘
2949,13:28:12,38.3,26812,7,卖盘
2950,13:28:15,38.31,30645,8,买盘
2951,13:28:18,38.32,145601,38,买盘
2952,13:28:21,38.32,57480,15,卖盘
2953,13:28:27,38.32,38320,10,买盘
2954,13:28:30,38.31,344951,90,卖盘
2955,13:28:33,38.32,42152,11,买盘
2956,13:28:36,38.32,149418,39,买盘
2957,13:28:39,38.32,34485,9,买盘
2958,13:28:42,38.32,429181,112,买盘
2959,13:28:45,38.31,486596,127,卖盘
2960,13:28:48,38.31,1245079,325,卖盘
2961,13:28:51,38.3,153235,40,卖盘
2962,13:28:54,38.31,38307,10,买盘
2963,13:28:57,38.31,38310,10,买盘
2964,13:29:00,38.31,76614,20,买盘
2965,13:29:03,38.29,3546528,926,卖盘
2966,13:29:06,38.3,436580,114,买盘
2967,13:29:09,38.3,38300,10,买盘
2968,13:29:12,38.29,80412,21,卖盘
2969,13:29:15,38.29,168469,44,买盘
2970,13:29:18,38.29,61264,16,买盘
2971,13:29:21,38.28,80421,21,卖盘
2972,13:29:24,38.29,49780,13,中性盘
2973,13:29:27,38.29,210595,55,卖盘
2974,13:29:30,38.29,3829,1,卖盘
2975,13:29:33,38.29,42119,11,卖盘
2976,13:29:36,38.29,298662,78,卖盘
2977,13:29:39,38.28,363786,95,卖盘
2978,13:29:42,38.29,42120,11,买盘
2979,13:29:45,38.28,107202,28,卖盘
2980,13:29:48,38.29,42118,11,买盘
2981,13:29:51,38.28,42114,11,卖盘
2982,13:29:54,38.28,99529,26,卖盘
2983,13:29:57,38.28,122500,32,卖盘
2984,13:30:00,38.29,348408,91,买盘
2985,13:30:03,38.3,777288,203,买盘
2986,13:30:06,38.29,65102,17,卖盘
2987,13:30:09,38.3,30637,8,买盘
2988,13:30:12,38.29,340784,89,卖盘
2989,13:30:15,38.29,15316,4,卖盘
2990,13:30:18,38.3,237457,62,买盘
2991,13:30:21,38.3,543832,142,买盘
2992,13:30:24,38.3,7660,2,卖盘
2993,13:30:27,38.3,7660,2,卖盘
2994,13:30:30,38.3,99580,26,卖盘
2995,13:30:33,38.31,99602,26,买盘
2996,13:30:36,38.31,11493,3,买盘
2997,13:30:39,38.31,141743,37,买盘
2998,13:30:42,38.31,95775,25,买盘
2999,13:30:45,38.31,118761,31,买盘
3000,13:30:48,38.3,84263,22,卖盘
3001,13:30:51,38.3,42130,11,卖盘
3002,13:30:54,38.31,68951,18,买盘
3003,13:30:57,38.31,34472,9,买盘
3004,13:31:00,38.3,191541,50,卖盘
3005,13:31:03,38.31,30643,8,买盘
3006,13:31:06,38.31,19155,5,买盘
3007,13:31:09,38.31,264339,69,买盘
3008,13:31:12,38.3,95765,25,卖盘
3009,13:31:15,38.31,3831,1,买盘
3010,13:31:18,38.3,3209475,838,卖盘
3011,13:31:21,38.3,172336,45,买盘
3012,13:31:24,38.3,68940,18,买盘
3013,13:31:27,38.3,65110,17,买盘
3014,13:31:30,38.3,91918,24,买盘
3015,13:31:33,38.29,210603,55,卖盘
3016,13:31:36,38.3,103384,27,买盘
3017,13:31:39,38.3,233576,61,买盘
3018,13:31:42,38.29,80414,21,卖盘
3019,13:31:45,38.29,88077,23,卖盘
3020,13:31:48,38.3,187647,49,买盘
3021,13:31:51,38.29,42119,11,卖盘
3022,13:31:54,38.29,95726,25,卖盘
3023,13:31:57,38.3,796598,208,买盘
3024,13:32:00,38.29,111036,29,买盘
3025,13:32:03,38.29,53606,14,买盘
3026,13:32:06,38.29,42119,11,买盘
3027,13:32:09,38.3,233610,61,买盘
3028,13:32:12,38.29,497708,130,卖盘
3029,13:32:15,38.29,88067,23,卖盘
3030,13:32:18,38.29,30637,8,卖盘
3031,13:32:21,38.3,225963,59,买盘
3032,13:32:24,38.29,22974,6,卖盘
3033,13:32:27,38.3,22977,6,买盘
3034,13:32:30,38.29,386829,101,卖盘
3035,13:32:36,38.29,248885,65,卖盘
