,成交时间,成交价格,成交金额,成交量,性质
0,09:25:00,39.69,32881577,8285,买盘
1,09:30:00,39.72,32186773,8084,买盘
2,09:30:03,39.76,23720874,5964,中性盘
3,09:30:06,39.89,7511701,1886,中性盘
4,09:30:09,39.82,4651055,1167,中性盘
5,09:30:12,39.78,4146380,1040,卖盘
6,09:30:15,39.8,4055641,1018,买盘
7,09:30:18,39.82,5126980,1286,买盘
8,09:30:21,39.82,6866932,1724,卖盘
9,09:30:24,39.85,6371560,1598,买盘
10,09:30:27,39.86,3332477,836,中性盘
11,09:30:30,39.81,3294646,827,卖盘
12,09:30:33,39.84,3400866,854,买盘
13,09:30:36,39.84,10949206,2747,卖盘
14,09:30:39,39.88,6722058,1686,买盘
15,09:30:42,40.09,13757148,3441,买盘
16,09:30:45,40.1,6788574,1694,买盘
17,09:30:48,40.19,7820179,1945,买盘
18,09:30:51,40.12,3767662,938,卖盘
19,09:30:54,40.29,5158076,1283,买盘
20,09:30:57,40.13,2710314,674,卖盘
21,09:31:00,40.17,8141150,2029,中性盘
22,09:31:03,40.03,4727133,1180,卖盘
23,09:31:06,40.0,9014736,2249,卖盘
24,09:31:09,40.06,3558723,889,买盘
25,09:31:12,40.06,6547926,1634,卖盘
26,09:31:15,40.06,5989454,1495,买盘
27,09:31:18,40.02,7617182,1903,卖盘
28,09:31:21,39.96,5475474,1371,卖盘
29,09:31:24,39.81,2725248,683,卖盘
30,09:31:27,39.81,2758717,693,卖盘
31,09:31:30,39.75,1241686,312,卖盘
32,09:31:33,39.78,3915243,984,买盘
33,09:31:36,39.62,20846217,5251,卖盘
34,09:31:39,39.57,2728303,689,卖盘
35,09:31:42,39.55,2514576,636,卖盘
36,09:31:45,39.51,2897378,733,卖盘
37,09:31:48,39.49,3942319,998,卖盘
38,09:31:51,39.49,6273124,1590,卖盘
39,09:31:54,39.49,5063079,1283,买盘
40,09:31:57,39.46,7420052,1878,中性盘
41,09:32:00,39.5,4259470,1078,卖盘
42,09:32:03,39.51,2391807,605,中性盘
43,09:32:06,39.5,5863454,1484,卖盘
44,09:32:09,39.55,5338936,1349,卖盘
45,09:32:12,39.51,1366719,346,卖盘
46,09:32:15,39.53,4558982,1153,中性盘
47,09:32:18,39.56,2446822,619,中性盘
48,09:32:21,39.58,2607101,659,买盘
49,09:32:24,39.58,2912887,736,卖盘
50,09:32:27,39.57,8932127,2259,卖盘
51,09:32:30,39.59,7659829,1937,买盘
52,09:32:33,39.55,2208843,558,卖盘
53,09:32:36,39.53,2835967,717,卖盘
54,09:32:39,39.5,6670661,1688,卖盘
55,09:32:42,39.5,2061897,522,买盘
56,09:32:45,39.5,1335029,338,卖盘
57,09:32:48,39.46,2692931,682,卖盘
58,09:32:51,39.46,3419828,866,卖盘
59,09:32:54,39.46,3269464,828,卖盘
60,09:32:57,39.45,3729091,945,卖盘
61,09:33:00,39.55,10658523,2700,买盘
62,09:33:03,39.51,2919046,739,卖盘
63,09:33:06,39.51,1807544,457,卖盘
64,09:33:09,39.5,1359991,344,卖盘
65,09:33:12,39.5,2125240,538,卖盘
66,09:33:15,39.48,1433438,363,卖盘
67,09:33:18,39.47,1792798,454,中性盘
68,09:33:21,39.49,777567,197,买盘
69,09:33:24,39.48,2113844,536,卖盘
70,09:33:27,39.6,11278890,2854,买盘
71,09:33:30,39.56,724492,183,卖盘
72,09:33:33,39.58,933774,236,中性盘
73,09:33:36,39.64,2343891,592,买盘
74,09:33:39,39.61,1398949,353,中性盘
75,09:33:42,39.63,1204920,304,中性盘
76,09:33:45,39.61,491518,124,卖盘
77,09:33:48,39.68,2268337,572,买盘
78,09:33:51,39.66,1204476,304,买盘
79,09:33:54,39.63,1208949,305,卖盘
80,09:33:57,39.66,3517642,887,买盘
81,09:34:00,39.64,1149968,290,卖盘
82,09:34:03,39.56,3724049,940,卖盘
83,09:34:06,39.55,474561,120,中性盘
84,09:34:09,39.48,6738365,1707,卖盘
85,09:34:12,39.48,1352452,343,买盘
86,09:34:15,39.48,3034857,770,买盘
87,09:34:18,39.4,2546169,646,卖盘
88,09:34:21,39.4,3100989,787,卖盘
89,09:34:24,39.38,1540402,391,卖盘
90,09:34:27,39.37,893868,227,卖盘
91,09:34:30,39.35,515596,131,卖盘
92,09:34:33,39.31,731399,186,卖盘
93,09:34:36,39.3,817539,208,卖盘
94,09:34:39,39.25,1288597,328,卖盘
95,09:34:42,39.25,993620,253,卖盘
96,09:34:45,39.25,4098130,1044,卖盘
97,09:34:48,39.23,1047568,267,卖盘
98,09:34:51,39.27,6000328,1529,买盘
99,09:34:54,39.25,5942218,1513,卖盘
100,09:34:57,39.22,3710801,946,卖盘
101,09:35:00,39.25,3793012,966,买盘
102,09:35:03,39.31,4847863,1233,买盘
103,09:35:06,39.31,2762294,703,卖盘
104,09:35:09,39.31,1403543,357,卖盘
105,09:35:12,39.3,1435607,365,卖盘
106,09:35:15,39.31,2018285,513,中性盘
107,09:35:18,39.38,3063657,779,买盘
108,09:35:21,39.34,1584103,403,中性盘
109,09:35:24,39.37,1125183,286,买盘
110,09:35:27,39.37,2977105,756,卖盘
111,09:35:30,39.41,721812,183,买盘
112,09:35:33,39.44,540210,137,买盘
113,09:35:36,39.49,1825849,463,买盘
114,09:35:39,39.5,2318455,587,买盘
115,09:35:42,39.51,1146037,290,中性盘
116,09:35:45,39.44,2530512,641,卖盘
117,09:35:48,39.44,951262,241,卖盘
118,09:35:51,39.47,1783634,452,中性盘
119,09:35:54,39.49,1732335,439,买盘
120,09:35:57,39.45,1357562,344,卖盘
121,09:36:00,39.46,3069534,778,买盘
122,09:36:03,39.53,6840068,1732,买盘
123,09:36:06,39.51,1280625,324,卖盘
124,09:36:09,39.52,1039230,263,中性盘
125,09:36:12,39.58,5242393,1326,买盘
126,09:36:15,39.58,1310352,331,卖盘
127,09:36:18,39.59,866780,219,中性盘
128,09:36:21,39.58,990033,250,卖盘
129,09:36:24,39.59,1575539,398,买盘
130,09:36:27,39.56,1665863,421,卖盘
131,09:36:30,39.56,1483731,375,买盘
132,09:36:33,39.56,1839006,465,买盘
133,09:36:36,39.51,2320283,587,卖盘
134,09:36:39,39.44,2194970,556,卖盘
135,09:36:42,39.47,4450716,1127,中性盘
136,09:36:45,39.44,2711193,687,卖盘
137,09:36:48,39.46,1092642,277,买盘
138,09:36:51,39.44,1013771,257,中性盘
139,09:36:54,39.55,8839053,2238,买盘
140,09:36:57,39.47,6165108,1560,卖盘
141,09:37:00,39.57,695570,176,买盘
142,09:37:03,39.55,1312169,332,卖盘
143,09:37:06,39.53,4774808,1208,中性盘
144,09:37:09,39.55,3078764,779,买盘
145,09:37:12,39.56,1404487,355,买盘
146,09:37:15,39.57,1839484,465,买盘
147,09:37:18,39.58,1650308,417,买盘
148,09:37:21,39.6,1088566,275,买盘
149,09:37:24,39.6,3087239,780,买盘
150,09:37:27,39.6,3994790,1009,买盘
151,09:37:30,39.55,2484934,628,卖盘
152,09:37:33,39.57,1812438,458,买盘
153,09:37:36,39.57,458760,116,买盘
154,09:37:39,39.54,1807018,457,卖盘
155,09:37:42,39.52,1087328,275,卖盘
156,09:37:45,39.53,1885385,477,买盘
157,09:37:48,39.52,1150464,291,中性盘
158,09:37:51,39.54,1379298,349,买盘
159,09:37:54,39.5,2026462,513,卖盘
160,09:37:57,39.51,742633,188,买盘
161,09:38:00,39.53,458318,116,买盘
162,09:38:03,39.5,1900261,481,卖盘
163,09:38:06,39.52,4709525,1192,买盘
164,09:38:09,39.59,5030848,1272,买盘
165,09:38:12,39.59,704406,178,买盘
166,09:38:15,39.68,6785119,1712,买盘
167,09:38:18,39.7,1087122,274,买盘
168,09:38:21,39.71,539765,136,买盘
169,09:38:24,39.71,1021057,257,买盘
170,09:38:27,39.74,643616,162,买盘
171,09:38:30,39.74,743049,187,买盘
172,09:38:33,39.75,1947644,490,买盘
173,09:38:36,39.77,2060180,518,买盘
174,09:38:39,39.77,1169404,294,买盘
175,09:38:42,39.77,2680608,674,卖盘
176,09:38:45,39.77,2123852,534,买盘
177,09:38:48,39.75,1650263,415,卖盘
178,09:38:51,39.83,12599072,3167,买盘
179,09:38:54,39.74,5442473,1368,卖盘
180,09:38:57,39.77,1725662,434,中性盘
181,09:39:00,39.74,1721785,433,卖盘
182,09:39:03,39.75,2993593,753,买盘
183,09:39:06,39.7,1748141,440,卖盘
184,09:39:09,39.68,1333505,336,卖盘
185,09:39:12,39.6,542873,137,卖盘
186,09:39:15,39.6,625667,158,中性盘
187,09:39:18,39.58,3166893,801,中性盘
188,09:39:21,39.57,708341,179,中性盘
189,09:39:24,39.57,2354822,596,买盘
190,09:39:27,39.53,1502415,380,中性盘
191,09:39:30,39.54,2249042,569,中性盘
192,09:39:33,39.55,829940,210,买盘
193,09:39:36,39.53,553594,140,卖盘
194,09:39:39,39.52,1086900,275,卖盘
195,09:39:42,39.53,723381,183,买盘
196,09:39:45,39.5,2887855,731,卖盘
197,09:39:48,39.5,1157004,293,买盘
198,09:39:51,39.45,1845235,468,卖盘
199,09:39:54,39.43,3439580,872,卖盘
200,09:39:57,39.4,1375177,349,卖盘
201,09:40:00,39.39,846737,215,卖盘
202,09:40:03,39.35,1723473,438,卖盘
203,09:40:06,39.31,1352618,344,卖盘
204,09:40:09,39.28,2318148,590,卖盘
205,09:40:12,39.34,6208338,1579,买盘
206,09:40:15,39.29,3883140,989,卖盘
207,09:40:18,39.34,597764,152,买盘
208,09:40:21,39.35,1553794,395,买盘
209,09:40:24,39.39,1326362,337,买盘
210,09:40:27,39.35,1783003,453,卖盘
211,09:40:30,39.35,2634713,669,卖盘
212,09:40:33,39.31,1333656,339,卖盘
213,09:40:36,39.33,1348918,343,买盘
214,09:40:39,39.33,2450426,623,买盘
215,09:40:42,39.33,1778290,452,中性盘
216,09:40:45,39.35,829865,211,中性盘
217,09:40:48,39.33,1805271,459,中性盘
218,09:40:51,39.33,1407525,358,卖盘
219,09:40:54,39.32,1152315,293,卖盘
220,09:40:57,39.33,2521083,641,中性盘
221,09:41:00,39.32,2363591,601,卖盘
222,09:41:03,39.31,4323755,1100,卖盘
223,09:41:06,39.29,3708188,944,卖盘
224,09:41:09,39.25,1378841,351,卖盘
225,09:41:12,39.27,3526840,898,中性盘
226,09:41:15,39.3,1366864,348,买盘
227,09:41:18,39.3,3316452,844,中性盘
228,09:41:21,39.3,1654069,421,买盘
229,09:41:24,39.3,1115847,284,卖盘
230,09:41:27,39.29,1292751,329,中性盘
231,09:41:30,39.29,1288811,328,卖盘
232,09:41:33,39.28,675757,172,卖盘
233,09:41:36,39.27,1044960,266,卖盘
234,09:41:39,39.3,3347918,852,买盘
235,09:41:42,39.3,864650,220,卖盘
236,09:41:45,39.31,923588,235,买盘
237,09:41:48,39.3,3026245,770,卖盘
238,09:41:51,39.3,408808,104,卖盘
239,09:41:54,39.31,3541406,901,买盘
240,09:41:57,39.33,2120175,539,买盘
241,09:42:00,39.31,2449326,623,卖盘
242,09:42:03,39.32,157305,40,卖盘
243,09:42:06,39.37,1549353,394,买盘
244,09:42:09,39.43,649970,165,买盘
245,09:42:12,39.4,421623,107,中性盘
246,09:42:15,39.42,311236,79,买盘
247,09:42:18,39.4,366371,93,卖盘
248,09:42:21,39.42,536109,136,买盘
249,09:42:24,39.42,693722,176,买盘
250,09:42:27,39.42,441522,112,卖盘
251,09:42:30,39.41,1872483,475,卖盘
252,09:42:33,39.4,713462,181,卖盘
253,09:42:36,39.38,1221269,310,卖盘
254,09:42:39,39.4,1764909,448,买盘
255,09:42:42,39.36,177188,45,卖盘
256,09:42:45,39.35,692884,176,卖盘
257,09:42:48,39.33,539026,137,卖盘
258,09:42:51,39.34,731726,186,买盘
259,09:42:54,39.37,1274827,324,买盘
260,09:42:57,39.34,1152922,293,卖盘
261,09:43:00,39.34,10559498,2680,卖盘
262,09:43:03,39.34,1362589,346,卖盘
263,09:43:06,39.35,1310237,333,中性盘
264,09:43:09,39.35,413153,105,卖盘
265,09:43:12,39.35,1534881,390,中性盘
266,09:43:15,39.37,594230,151,买盘
267,09:43:18,39.37,492117,125,中性盘
268,09:43:21,39.42,1201446,305,买盘
269,09:43:24,39.42,539779,137,买盘
270,09:43:27,39.45,930397,236,买盘
271,09:43:30,39.44,370760,94,中性盘
272,09:43:33,39.45,848371,215,中性盘
273,09:43:36,39.43,871302,221,卖盘
274,09:43:39,39.4,1315738,334,卖盘
275,09:43:42,39.36,1192367,303,卖盘
276,09:43:45,39.35,452611,115,中性盘
277,09:43:48,39.36,1554217,395,买盘
278,09:43:51,39.36,196778,50,买盘
279,09:43:54,39.4,421167,107,买盘
280,09:43:57,39.38,1181859,300,中性盘
281,09:44:00,39.4,775865,197,买盘
282,09:44:03,39.4,543725,138,卖盘
283,09:44:06,39.4,472820,120,卖盘
284,09:44:09,39.41,1497229,380,买盘
285,09:44:12,39.4,1753581,445,卖盘
286,09:44:15,39.4,1430247,363,卖盘
287,09:44:18,39.4,2726344,692,卖盘
288,09:44:21,39.38,1012350,257,中性盘
289,09:44:24,39.39,165401,42,中性盘
290,09:44:27,39.37,326802,83,卖盘
291,09:44:30,39.39,720896,183,买盘
292,09:44:33,39.38,401701,102,卖盘
293,09:44:36,39.4,3234815,821,买盘
294,09:44:39,39.4,1482347,376,卖盘
295,09:44:42,39.42,587408,149,卖盘
296,09:44:45,39.42,390287,99,卖盘
297,09:44:48,39.42,934041,237,卖盘
298,09:44:51,39.4,445336,113,卖盘
299,09:44:54,39.4,532079,135,卖盘
300,09:44:57,39.4,354698,90,卖盘
301,09:45:00,39.4,398022,101,卖盘
302,09:45:03,39.38,1536554,390,卖盘
303,09:45:06,39.38,417510,106,卖盘
304,09:45:09,39.37,1669419,424,卖盘
305,09:45:12,39.37,216600,55,卖盘
306,09:45:15,39.4,1299640,330,买盘
307,09:45:18,39.4,1595533,405,买盘
308,09:45:21,39.38,1016106,258,卖盘
309,09:45:24,39.38,1031894,262,卖盘
310,09:45:27,39.4,193031,49,买盘
311,09:45:30,39.4,173324,44,买盘
312,09:45:33,39.4,1351245,343,买盘
313,09:45:36,39.38,346693,88,卖盘
314,09:45:39,39.4,806819,205,买盘
315,09:45:42,39.38,3415295,867,卖盘
316,09:45:45,39.39,704124,179,买盘
317,09:45:48,39.39,256796,65,卖盘
318,09:45:51,39.37,1370166,348,卖盘
319,09:45:54,39.35,4313747,1096,卖盘
320,09:45:57,39.35,354120,90,买盘
321,09:46:00,39.33,338363,86,卖盘
322,09:46:03,39.31,6025571,1533,卖盘
323,09:46:06,39.31,971213,247,买盘
324,09:46:09,39.29,361522,92,卖盘
325,09:46:12,39.29,385056,98,卖盘
326,09:46:15,39.3,1002154,255,买盘
327,09:46:18,39.3,1685829,429,卖盘
328,09:46:21,39.34,3218236,818,买盘
329,09:46:24,39.41,5361411,1362,买盘
330,09:46:27,39.4,563465,143,卖盘
331,09:46:30,39.35,1524741,387,卖盘
332,09:46:33,39.4,177158,45,中性盘
333,09:46:36,39.37,295308,75,中性盘
334,09:46:39,39.35,484000,123,卖盘
335,09:46:42,39.36,779097,198,买盘
336,09:46:45,39.35,208569,53,卖盘
337,09:46:48,39.35,771213,196,买盘
338,09:46:51,39.36,3006542,764,买盘
339,09:46:54,39.4,1546669,393,买盘
340,09:46:57,39.41,2265543,575,买盘
341,09:47:00,39.44,2254791,572,买盘
342,09:47:03,39.46,2674643,678,买盘
343,09:47:06,39.5,876428,222,买盘
344,09:47:09,39.5,706764,179,买盘
345,09:47:12,39.49,355243,90,卖盘
346,09:47:15,39.49,714857,181,买盘
347,09:47:18,39.49,627720,159,买盘
348,09:47:21,39.47,1457376,369,卖盘
349,09:47:24,39.46,773591,196,卖盘
350,09:47:27,39.41,240630,61,卖盘
351,09:47:30,39.41,477187,121,卖盘
352,09:47:33,39.42,520272,132,买盘
353,09:47:36,39.39,279762,71,卖盘
354,09:47:39,39.4,169453,43,中性盘
355,09:47:42,39.39,981253,249,卖盘
356,09:47:45,39.39,275749,70,买盘
357,09:47:48,39.4,145765,37,买盘
358,09:47:51,39.39,547615,139,卖盘
359,09:47:54,39.42,957692,243,买盘
360,09:47:57,39.42,402084,102,卖盘
361,09:48:00,39.42,425755,108,卖盘
362,09:48:03,39.4,362584,92,卖盘
363,09:48:06,39.42,122177,31,买盘
364,09:48:09,39.41,1264787,321,买盘
365,09:48:12,39.41,2584535,656,买盘
366,09:48:15,39.4,264010,67,卖盘
367,09:48:18,39.4,177271,45,买盘
368,09:48:21,39.4,1311982,333,买盘
369,09:48:24,39.39,228516,58,卖盘
370,09:48:27,39.39,370322,94,卖盘
371,09:48:30,39.4,378214,96,买盘
372,09:48:33,39.4,689469,175,买盘
373,09:48:36,39.4,1678898,426,卖盘
374,09:48:39,39.4,457130,116,卖盘
375,09:48:42,39.42,567394,144,买盘
376,09:48:45,39.43,725473,184,买盘
377,09:48:48,39.4,106443,27,卖盘
378,09:48:51,39.43,859920,218,买盘
379,09:48:54,39.44,283947,72,买盘
380,09:48:57,39.43,725552,184,卖盘
381,09:49:00,39.44,236580,60,买盘
382,09:49:03,39.48,1319844,334,买盘
383,09:49:06,39.46,627778,159,卖盘
384,09:49:09,39.46,236845,60,卖盘
385,09:49:12,39.48,276374,70,买盘
386,09:49:15,39.5,3528000,893,买盘
387,09:49:18,39.5,391069,99,买盘
388,09:49:21,39.51,395049,100,中性盘
389,09:49:24,39.52,695381,176,买盘
390,09:49:27,39.5,1243996,315,卖盘
391,09:49:30,39.51,749500,190,买盘
392,09:49:33,39.5,726822,184,中性盘
393,09:49:36,39.5,1492667,378,买盘
394,09:49:39,39.49,600240,152,卖盘
395,09:49:42,39.5,2089082,529,买盘
396,09:49:45,39.5,671442,170,买盘
397,09:49:48,39.49,379165,96,中性盘
398,09:49:51,39.5,525347,133,买盘
399,09:49:54,39.5,2124786,538,卖盘
400,09:49:57,39.51,1730080,438,中性盘
401,09:50:00,39.49,280468,71,中性盘
402,09:50:03,39.48,493726,125,卖盘
403,09:50:06,39.48,758044,192,卖盘
404,09:50:09,39.48,359237,91,卖盘
405,09:50:12,39.43,1049387,266,卖盘
406,09:50:15,39.42,954126,242,卖盘
407,09:50:18,39.39,1788900,454,卖盘
408,09:50:21,39.39,453030,115,卖盘
409,09:50:24,39.39,579099,147,卖盘
410,09:50:27,39.39,957234,243,卖盘
411,09:50:30,39.39,1000499,254,卖盘
412,09:50:33,39.35,3385982,860,卖盘
413,09:50:36,39.38,811266,206,买盘
414,09:50:39,39.38,287457,73,买盘
415,09:50:42,39.35,582502,148,卖盘
416,09:50:45,39.36,1437280,365,中性盘
417,09:50:48,39.35,212532,54,卖盘
418,09:50:51,39.35,806484,205,卖盘
419,09:50:54,39.32,2629534,669,卖盘
420,09:50:57,39.33,420953,107,买盘
421,09:51:00,39.3,393032,100,卖盘
422,09:51:03,39.3,290825,74,卖盘
423,09:51:06,39.3,408636,104,买盘
424,09:51:09,39.29,447954,114,中性盘
425,09:51:12,39.31,687612,175,买盘
426,09:51:15,39.3,2126688,541,中性盘
427,09:51:18,39.32,1022163,260,卖盘
428,09:51:21,39.34,330366,84,中性盘
429,09:51:24,39.34,818171,208,买盘
430,09:51:27,39.37,275420,70,买盘
431,09:51:30,39.37,232200,59,买盘
432,09:51:33,39.34,208548,53,卖盘
433,09:51:36,39.35,184927,47,买盘
434,09:51:39,39.35,287218,73,买盘
435,09:51:42,39.35,405224,103,买盘
436,09:51:45,39.35,665013,169,买盘
437,09:51:48,39.35,62960,16,卖盘
438,09:51:51,39.35,346280,88,卖盘
439,09:51:54,39.33,865560,220,卖盘
440,09:51:57,39.35,66887,17,买盘
441,09:52:00,39.35,196739,50,买盘
442,09:52:03,39.35,645283,164,买盘
443,09:52:06,39.34,1042113,265,卖盘
444,09:52:09,39.31,888513,226,卖盘
445,09:52:12,39.3,495251,126,卖盘
446,09:52:15,39.3,1324422,337,卖盘
447,09:52:18,39.28,2562258,652,卖盘
448,09:52:21,39.28,777996,198,卖盘
449,09:52:24,39.28,517789,132,卖盘
450,09:52:27,39.28,447818,114,卖盘
451,09:52:30,39.27,845409,215,卖盘
452,09:52:33,39.28,589192,150,中性盘
453,09:52:36,39.29,706936,180,中性盘
454,09:52:39,39.29,671797,171,卖盘
455,09:52:42,39.29,290731,74,买盘
456,09:52:45,39.28,707046,180,卖盘
457,09:52:48,39.27,1205322,307,卖盘
458,09:52:51,39.31,306426,78,买盘
459,09:52:54,39.29,703615,179,中性盘
460,09:52:57,39.29,314531,80,卖盘
461,09:53:00,39.36,3654515,929,买盘
462,09:53:03,39.38,271616,69,买盘
463,09:53:06,39.39,145708,37,买盘
464,09:53:09,39.4,523852,133,买盘
465,09:53:12,39.43,1345997,342,买盘
466,09:53:15,39.38,756613,192,卖盘
467,09:53:18,39.43,67027,17,中性盘
468,09:53:21,39.42,118268,30,卖盘
469,09:53:24,39.45,1056906,268,买盘
470,09:53:27,39.43,465401,118,中性盘
471,09:53:30,39.43,816130,207,买盘
472,09:53:33,39.45,500869,127,买盘
473,09:53:36,39.45,31560,8,卖盘
474,09:53:39,39.45,734040,186,卖盘
475,09:53:42,39.46,1396846,354,买盘
476,09:53:45,39.46,244650,62,买盘
477,09:53:48,39.46,729295,185,卖盘
478,09:53:51,39.48,2163193,548,买盘
479,09:53:54,39.48,1689619,428,买盘
480,09:53:57,39.49,157933,40,买盘
481,09:54:00,39.5,493626,125,买盘
482,09:54:03,39.49,311990,79,卖盘
483,09:54:06,39.5,1532487,388,买盘
484,09:54:09,39.5,363442,92,卖盘
485,09:54:12,39.52,296356,75,买盘
486,09:54:15,39.52,1149960,291,买盘
487,09:54:18,39.54,707635,179,买盘
488,09:54:21,39.55,154215,39,买盘
489,09:54:24,39.58,2915405,737,买盘
490,09:54:27,39.56,967370,244,卖盘
491,09:54:30,39.59,360109,91,买盘
492,09:54:33,39.59,3381658,854,买盘
493,09:54:36,39.6,257382,65,买盘
494,09:54:39,39.6,728612,184,买盘
495,09:54:42,39.6,1215544,307,买盘
496,09:54:45,39.58,3226792,815,卖盘
497,09:54:48,39.63,3056925,772,买盘
498,09:54:51,39.6,249489,63,中性盘
499,09:54:54,39.59,1191919,301,卖盘
500,09:54:57,39.6,2999832,758,买盘
501,09:55:00,39.58,573811,145,卖盘
502,09:55:03,39.58,744203,188,买盘
503,09:55:06,39.57,759566,192,买盘
504,09:55:09,39.56,1147736,290,中性盘
505,09:55:12,39.58,2108991,533,买盘
506,09:55:15,39.58,368095,93,卖盘
507,09:55:18,39.58,546358,138,卖盘
508,09:55:21,39.59,720613,182,卖盘
509,09:55:24,39.59,613742,155,卖盘
510,09:55:27,39.62,2118706,535,买盘
511,09:55:30,39.6,514824,130,卖盘
512,09:55:33,39.62,574414,145,买盘
513,09:55:36,39.62,835951,211,买盘
514,09:55:39,39.62,633847,160,卖盘
515,09:55:42,39.6,451559,114,卖盘
516,09:55:45,39.59,9800620,2475,卖盘
517,09:55:48,39.59,383969,97,买盘
518,09:55:51,39.57,1424841,360,卖盘
519,09:55:54,39.57,189922,48,买盘
520,09:55:57,39.55,257133,65,卖盘
521,09:56:00,39.54,601316,152,卖盘
522,09:56:03,39.55,806815,204,买盘
523,09:56:06,39.54,502221,127,卖盘
524,09:56:09,39.54,834327,211,买盘
525,09:56:12,39.52,573121,145,卖盘
526,09:56:15,39.53,600852,152,买盘
527,09:56:18,39.52,750952,190,卖盘
528,09:56:21,39.53,272743,69,买盘
529,09:56:24,39.54,1506203,381,买盘
530,09:56:27,39.54,1158357,293,买盘
531,09:56:30,39.53,162089,41,卖盘
532,09:56:33,39.54,601004,152,买盘
533,09:56:36,39.54,90943,23,卖盘
534,09:56:39,39.55,367745,93,买盘
535,09:56:42,39.54,280735,71,卖盘
536,09:56:45,39.54,462618,117,买盘
537,09:56:48,39.54,320273,81,买盘
538,09:56:51,39.53,636556,161,卖盘
539,09:56:54,39.54,826301,209,买盘
540,09:56:57,39.53,296480,75,卖盘
541,09:57:00,39.52,920988,233,卖盘
542,09:57:03,39.51,1213094,307,卖盘
543,09:57:06,39.5,79006,20,卖盘
544,09:57:09,39.5,252836,64,卖盘
545,09:57:12,39.48,1496789,379,卖盘
546,09:57:15,39.48,232910,59,买盘
547,09:57:18,39.46,248627,63,卖盘
548,09:57:21,39.45,410370,104,卖盘
549,09:57:24,39.44,122297,31,卖盘
550,09:57:27,39.4,1044276,265,卖盘
551,09:57:30,39.39,70905,18,卖盘
552,09:57:33,39.4,1162762,295,买盘
553,09:57:36,39.39,283729,72,卖盘
554,09:57:39,39.4,177289,45,卖盘
555,09:57:42,39.4,327010,83,买盘
556,09:57:45,39.4,547624,139,买盘
557,09:57:48,39.39,386009,98,卖盘
558,09:57:51,39.37,263853,67,卖盘
559,09:57:54,39.37,346488,88,卖盘
560,09:57:57,39.37,602487,153,买盘
561,09:58:00,39.37,291298,74,买盘
562,09:58:03,39.37,823156,209,卖盘
563,09:58:06,39.37,464640,118,卖盘
564,09:58:09,39.37,2769517,703,卖盘
565,09:58:12,39.37,334699,85,卖盘
566,09:58:15,39.42,169317,43,买盘
567,09:58:18,39.39,3939,1,卖盘
568,09:58:21,39.4,74850,19,中性盘
569,09:58:24,39.41,102445,26,买盘
570,09:58:27,39.4,173363,44,卖盘
571,09:58:30,39.41,323132,82,买盘
572,09:58:33,39.4,981266,249,卖盘
573,09:58:36,39.39,579178,147,卖盘
574,09:58:39,39.4,862847,219,买盘
575,09:58:42,39.4,1567042,398,买盘
576,09:58:45,39.39,1750129,444,卖盘
577,09:58:48,39.4,98498,25,买盘
578,09:58:51,39.42,717000,182,买盘
579,09:58:54,39.42,106421,27,买盘
580,09:58:57,39.42,94590,24,买盘
581,09:59:00,39.42,391808,99,买盘
582,09:59:03,39.42,236590,60,卖盘
583,09:59:06,39.43,469208,119,中性盘
584,09:59:09,39.44,244459,62,买盘
585,09:59:12,39.43,571780,145,卖盘
586,09:59:15,39.44,252396,64,买盘
587,09:59:18,39.44,220859,56,买盘
588,09:59:21,39.45,358923,91,买盘
589,09:59:24,39.45,457624,116,买盘
590,09:59:27,39.45,78905,20,卖盘
591,09:59:30,39.45,849698,215,卖盘
592,09:59:33,39.46,536543,136,买盘
593,09:59:36,39.46,291952,74,买盘
594,09:59:39,39.45,1175502,298,卖盘
595,09:59:42,39.44,416574,106,卖盘
596,09:59:45,39.46,1219362,309,买盘
597,09:59:48,39.45,142023,36,卖盘
598,09:59:51,39.45,169671,43,卖盘
599,09:59:54,39.46,122321,31,买盘
600,09:59:57,39.46,213121,54,买盘
601,10:00:00,39.46,1725336,437,卖盘
602,10:00:03,39.45,931728,236,卖盘
603,10:00:06,39.46,2269780,575,买盘
604,10:00:09,39.45,1006879,255,卖盘
605,10:00:12,39.46,157837,40,买盘
606,10:00:15,39.46,2150066,545,买盘
607,10:00:18,39.46,1759215,446,买盘
608,10:00:21,39.46,490128,124,买盘
609,10:00:24,39.45,299015,76,卖盘
610,10:00:27,39.45,43387,11,买盘
611,10:00:30,39.45,169620,43,买盘
612,10:00:33,39.43,808552,205,卖盘
613,10:00:36,39.43,469169,119,卖盘
614,10:00:39,39.4,4447987,1129,卖盘
615,10:00:42,39.41,236403,60,买盘
616,10:00:45,39.42,141875,36,买盘
617,10:00:48,39.4,291598,74,卖盘
618,10:00:51,39.45,3427258,869,买盘
619,10:00:54,39.42,1355786,344,卖盘
620,10:00:57,39.46,343250,87,买盘
621,10:01:00,39.46,709548,180,买盘
622,10:01:03,39.47,536505,136,买盘
623,10:01:06,39.43,2262063,574,卖盘
624,10:01:09,39.43,201114,51,中性盘
625,10:01:12,39.41,90661,23,卖盘
626,10:01:15,39.42,145849,37,买盘
627,10:01:18,39.41,134016,34,买盘
628,10:01:21,39.41,378336,96,卖盘
629,10:01:24,39.42,1150726,292,买盘
630,10:01:27,39.43,173452,44,买盘
631,10:01:30,39.43,248379,63,买盘
632,10:01:33,39.42,1076170,273,卖盘
633,10:01:36,39.41,804189,204,卖盘
634,10:01:39,39.49,3905410,990,买盘
635,10:01:42,39.58,3496858,884,买盘
636,10:01:45,39.55,431235,109,卖盘
637,10:01:48,39.55,27691,7,卖盘
638,10:01:51,39.55,1224485,310,卖盘
639,10:01:54,39.54,889455,225,中性盘
640,10:01:57,39.54,142335,36,买盘
641,10:02:00,39.55,490230,124,买盘
642,10:02:03,39.52,889513,225,卖盘
643,10:02:06,39.52,209452,53,买盘
644,10:02:09,39.51,592859,150,买盘
645,10:02:12,39.52,169918,43,买盘
646,10:02:15,39.52,225342,57,卖盘
647,10:02:18,39.52,505952,128,卖盘
648,10:02:21,39.51,177831,45,卖盘
649,10:02:24,39.51,916783,232,卖盘
650,10:02:27,39.51,173866,44,卖盘
651,10:02:30,39.52,509803,129,买盘
652,10:02:33,39.52,335932,85,卖盘
653,10:02:36,39.52,47424,12,卖盘
654,10:02:39,39.54,300397,76,买盘
655,10:02:42,39.54,1146189,290,买盘
656,10:02:45,39.53,438719,111,中性盘
657,10:02:48,39.51,331966,84,卖盘
658,10:02:51,39.51,474223,120,卖盘
659,10:02:54,39.51,544973,138,卖盘
660,10:02:57,39.49,418365,106,中性盘
661,10:03:00,39.46,252571,64,卖盘
662,10:03:03,39.43,682534,173,卖盘
663,10:03:06,39.46,477309,121,买盘
664,10:03:09,39.45,248480,63,中性盘
665,10:03:12,39.47,655107,166,中性盘
666,10:03:15,39.45,911224,231,中性盘
667,10:03:18,39.46,51305,13,卖盘
668,10:03:21,39.45,177574,45,卖盘
669,10:03:24,39.43,98586,25,卖盘
670,10:03:27,39.44,741772,188,卖盘
671,10:03:30,39.46,47337,12,买盘
672,10:03:33,39.43,161701,41,卖盘
673,10:03:36,39.45,193267,49,买盘
674,10:03:39,39.46,122280,31,买盘
675,10:03:42,39.46,781073,198,买盘
676,10:03:45,39.44,556209,141,中性盘
677,10:03:48,39.46,1198929,304,买盘
678,10:03:51,39.46,323548,82,买盘
679,10:03:54,39.46,1029357,261,买盘
680,10:03:57,39.47,769371,195,买盘
681,10:04:00,39.46,252605,64,卖盘
682,10:04:03,39.46,193339,49,买盘
683,10:04:06,39.46,217040,55,卖盘
684,10:04:09,39.47,741996,188,买盘
685,10:04:12,39.46,457850,116,卖盘
686,10:04:15,39.47,63135,16,买盘
687,10:04:18,39.47,323647,82,买盘
688,10:04:21,39.46,232847,59,卖盘
689,10:04:24,39.45,299883,76,卖盘
690,10:04:27,39.45,51281,13,买盘
691,10:04:30,39.45,307710,78,买盘
692,10:04:33,39.45,252532,64,卖盘
693,10:04:36,39.45,335349,85,卖盘
694,10:04:39,39.46,51298,13,中性盘
695,10:04:42,39.46,55244,14,卖盘
696,10:04:45,39.47,63139,16,买盘
697,10:04:48,39.46,366931,93,卖盘
698,10:04:51,39.45,236748,60,卖盘
699,10:04:54,39.45,635214,161,卖盘
700,10:04:57,39.45,1818654,461,卖盘
701,10:05:00,39.45,1266328,321,卖盘
702,10:05:03,39.44,840275,213,卖盘
703,10:05:06,39.43,47325,12,卖盘
704,10:05:09,39.43,484974,123,卖盘
705,10:05:12,39.42,161628,41,卖盘
706,10:05:15,39.41,212869,54,卖盘
707,10:05:18,39.41,177363,45,卖盘
708,10:05:21,39.42,1020921,259,买盘
709,10:05:24,39.42,370513,94,卖盘
710,10:05:27,39.41,697589,177,卖盘
711,10:05:30,39.41,563537,143,卖盘
712,10:05:33,39.41,722744,183,买盘
713,10:05:36,39.41,212833,54,卖盘
714,10:05:39,39.41,831565,211,卖盘
715,10:05:42,39.4,200962,51,卖盘
716,10:05:45,39.4,295544,75,卖盘
717,10:05:48,39.41,51222,13,买盘
718,10:05:51,39.4,504332,128,卖盘
719,10:05:54,39.41,1229418,312,买盘
720,10:05:57,39.41,522420,133,买盘
721,10:06:00,39.41,591062,150,买盘
722,10:06:03,39.4,500418,127,卖盘
723,10:06:06,39.4,614569,156,卖盘
724,10:06:09,39.4,157596,40,买盘
725,10:06:12,39.47,7421149,1882,买盘
726,10:06:15,39.45,406586,103,卖盘
727,10:06:18,39.52,393514,100,买盘
728,10:06:21,39.51,246487,62,卖盘
729,10:06:24,39.51,647607,164,中性盘
730,10:06:27,39.52,371134,94,买盘
731,10:06:30,39.48,67118,17,中性盘
732,10:06:33,39.55,2688348,680,买盘
733,10:06:36,39.55,818620,207,买盘
734,10:06:39,39.53,320203,81,卖盘
735,10:06:42,39.55,351950,89,买盘
736,10:06:45,39.55,233300,59,卖盘
737,10:06:48,39.54,324172,82,中性盘
738,10:06:51,39.55,1731997,438,买盘
739,10:06:54,39.55,1197729,303,卖盘
740,10:06:57,39.54,814625,206,中性盘
741,10:07:00,39.55,233303,59,买盘
742,10:07:03,39.54,284697,72,中性盘
743,10:07:06,39.55,632406,160,买盘
744,10:07:09,39.54,118612,30,中性盘
745,10:07:12,39.55,1597770,404,买盘
746,10:07:15,39.55,158201,40,买盘
747,10:07:18,39.58,4190400,1059,买盘
748,10:07:21,39.68,8673514,2189,买盘
749,10:07:24,39.64,868376,219,卖盘
750,10:07:27,39.7,877111,221,买盘
751,10:07:30,39.74,2887787,728,买盘
752,10:07:33,39.72,790683,199,中性盘
753,10:07:36,39.75,774867,195,买盘
754,10:07:39,39.74,651846,164,卖盘
755,10:07:42,39.75,950112,239,卖盘
756,10:07:45,39.78,1242827,312,买盘
757,10:07:48,39.8,2473877,622,买盘
758,10:07:51,39.82,557351,140,买盘
759,10:07:54,39.84,852566,214,买盘
760,10:07:57,39.8,5709804,1434,卖盘
761,10:08:00,39.82,1660291,417,买盘
762,10:08:03,39.8,1210214,304,卖盘
763,10:08:06,39.76,3216295,809,卖盘
764,10:08:09,39.75,3064857,771,中性盘
765,10:08:12,39.71,683238,172,卖盘
766,10:08:15,39.71,242322,61,卖盘
767,10:08:18,39.71,1418354,357,卖盘
768,10:08:21,39.7,968770,244,卖盘
769,10:08:24,39.7,706515,178,买盘
770,10:08:27,39.7,567722,143,卖盘
771,10:08:30,39.7,1401035,353,买盘
772,10:08:33,39.7,4310527,1086,买盘
773,10:08:36,39.67,444544,112,卖盘
774,10:08:39,39.67,793482,200,买盘
775,10:08:42,39.65,249849,63,卖盘
776,10:08:45,39.64,590719,149,卖盘
777,10:08:48,39.64,1395937,352,买盘
778,10:08:51,39.62,225926,57,买盘
779,10:08:54,39.62,277340,70,卖盘
780,10:08:57,39.61,312956,79,卖盘
781,10:09:00,39.6,803602,203,卖盘
782,10:09:03,39.6,182080,46,买盘
783,10:09:06,39.55,3449367,871,卖盘
784,10:09:09,39.58,360289,91,中性盘
785,10:09:12,39.63,166391,42,买盘
786,10:09:15,39.58,253413,64,卖盘
787,10:09:18,39.64,1129486,285,买盘
788,10:09:21,39.64,277418,70,买盘
789,10:09:24,39.63,328976,83,中性盘
790,10:09:27,39.63,344813,87,卖盘
791,10:09:30,39.64,233868,59,买盘
792,10:09:33,39.64,523307,132,卖盘
793,10:09:36,39.65,158603,40,买盘
794,10:09:39,39.65,598597,151,卖盘
795,10:09:42,39.65,368769,93,买盘
796,10:09:45,39.64,249780,63,卖盘
797,10:09:48,39.65,1006845,254,买盘
798,10:09:51,39.65,253760,64,卖盘
799,10:09:54,39.64,1458182,368,卖盘
800,10:09:57,39.64,1098820,277,卖盘
801,10:10:00,39.64,372632,94,买盘
802,10:10:03,39.63,384499,97,中性盘
803,10:10:06,39.65,471712,119,买盘
804,10:10:09,39.65,717517,181,买盘
805,10:10:12,39.64,360721,91,卖盘
806,10:10:15,39.64,923546,233,买盘
807,10:10:18,39.63,459813,116,卖盘
808,10:10:21,39.63,154589,39,卖盘
809,10:10:24,39.62,531001,134,卖盘
810,10:10:27,39.63,503294,127,买盘
811,10:10:30,39.63,447708,113,卖盘
812,10:10:33,39.63,317105,80,买盘
813,10:10:36,39.63,515287,130,卖盘
814,10:10:39,39.63,955301,241,卖盘
815,10:10:42,39.68,6601436,1665,买盘
816,10:10:45,39.68,305497,77,买盘
817,10:10:48,39.68,459317,116,买盘
818,10:10:51,39.69,329409,83,买盘
819,10:10:54,39.68,640184,161,卖盘
820,10:10:57,39.7,570105,144,买盘
821,10:11:00,39.7,2366631,596,买盘
822,10:11:03,39.7,1571858,396,买盘
823,10:11:06,39.7,1044091,263,买盘
824,10:11:09,39.7,1147370,289,卖盘
825,10:11:12,39.7,1341909,338,卖盘
826,10:11:15,39.7,1139347,287,买盘
827,10:11:18,39.7,547859,138,卖盘
828,10:11:21,39.7,623281,157,买盘
829,10:11:24,39.71,329543,83,买盘
830,10:11:27,39.71,821997,207,卖盘
831,10:11:30,39.72,563926,142,卖盘
832,10:11:33,39.73,452780,114,买盘
833,10:11:36,39.71,663237,167,卖盘
834,10:11:39,39.72,1104173,278,买盘
835,10:11:42,39.72,869663,219,卖盘
836,10:11:45,39.72,837872,211,卖盘
837,10:11:48,39.72,1127978,284,卖盘
838,10:11:51,39.76,2376104,598,买盘
839,10:11:54,39.76,893848,225,买盘
840,10:11:57,39.78,771387,194,买盘
841,10:12:00,39.78,819167,206,买盘
842,10:12:03,39.81,2276358,572,买盘
843,10:12:06,39.83,4484161,1127,买盘
844,10:12:09,39.82,1974807,496,卖盘
845,10:12:12,39.8,3975152,999,中性盘
846,10:12:15,39.82,4403921,1106,买盘
847,10:12:18,39.83,1429340,359,买盘
848,10:12:21,39.82,1935197,486,卖盘
849,10:12:24,39.8,1436721,361,卖盘
850,10:12:27,39.79,1610997,405,中性盘
851,10:12:30,39.78,672287,169,中性盘
852,10:12:33,39.76,926026,233,卖盘
853,10:12:36,39.75,341824,86,中性盘
854,10:12:39,39.71,961043,242,卖盘
855,10:12:42,39.68,1170789,295,卖盘
856,10:12:45,39.61,804874,203,卖盘
857,10:12:48,39.6,740986,187,卖盘
858,10:12:51,39.6,1296019,327,卖盘
859,10:12:54,39.6,637808,161,卖盘
860,10:12:57,39.6,883599,223,卖盘
861,10:13:00,39.61,966384,244,卖盘
862,10:13:03,39.61,487192,123,卖盘
863,10:13:06,39.61,594087,150,买盘
864,10:13:09,39.63,1089335,275,买盘
865,10:13:12,39.6,134673,34,卖盘
866,10:13:15,39.63,126767,32,买盘
867,10:13:18,39.63,883301,223,买盘
868,10:13:21,39.63,396300,100,卖盘
869,10:13:24,39.63,665810,168,卖盘
870,10:13:27,39.63,344774,87,卖盘
871,10:13:30,39.63,313044,79,买盘
872,10:13:33,39.64,380543,96,买盘
873,10:13:36,39.62,483504,122,卖盘
874,10:13:39,39.65,261568,66,买盘
875,10:13:42,39.65,158552,40,买盘
876,10:13:45,39.65,293301,74,买盘
877,10:13:48,39.64,2036696,514,中性盘
878,10:13:51,39.64,1217190,307,中性盘
879,10:13:54,39.64,376507,95,买盘
880,10:13:57,39.63,198132,50,中性盘
881,10:14:00,39.59,1041694,263,卖盘
882,10:14:03,39.61,974853,246,买盘
883,10:14:06,39.63,530928,134,买盘
884,10:14:09,39.6,400157,101,卖盘
885,10:14:12,39.63,566280,143,买盘
886,10:14:15,39.61,233799,59,中性盘
887,10:14:18,39.63,51511,13,买盘
888,10:14:21,39.62,102994,26,中性盘
889,10:14:24,39.61,372413,94,卖盘
890,10:14:27,39.62,649639,164,买盘
891,10:14:30,39.6,463505,117,卖盘
892,10:14:33,39.63,986437,249,买盘
893,10:14:36,39.62,206000,52,卖盘
894,10:14:39,39.63,408083,103,买盘
895,10:14:42,39.65,711817,180,买盘
896,10:14:45,39.65,333026,84,买盘
897,10:14:48,39.67,285515,72,买盘
898,10:14:51,39.65,444236,112,卖盘
899,10:14:54,39.67,428486,108,买盘
900,10:14:57,39.67,142818,36,卖盘
901,10:15:00,39.67,230153,58,卖盘
902,10:15:03,39.65,947968,239,卖盘
903,10:15:06,39.64,769132,194,卖盘
904,10:15:09,39.61,538910,136,卖盘
905,10:15:12,39.59,966199,244,卖盘
906,10:15:15,39.57,478904,121,卖盘
907,10:15:18,39.59,217703,55,买盘
908,10:15:21,39.57,102876,26,买盘
909,10:15:24,39.57,530191,134,买盘
910,10:15:27,39.57,241376,61,买盘
911,10:15:30,39.57,621203,157,卖盘
912,10:15:33,39.59,154333,39,买盘
913,10:15:36,39.55,589354,149,卖盘
914,10:15:39,39.54,415294,105,卖盘
915,10:15:42,39.53,67216,17,卖盘
916,10:15:45,39.54,705818,179,买盘
917,10:15:48,39.52,244957,62,中性盘
918,10:15:51,39.52,904672,229,买盘
919,10:15:54,39.5,1086300,275,卖盘
920,10:15:57,39.48,1360345,344,卖盘
921,10:16:00,39.47,134242,34,卖盘
922,10:16:03,39.5,335698,85,买盘
923,10:16:06,39.46,51308,13,卖盘
924,10:16:09,39.47,153918,39,买盘
925,10:16:12,39.5,2582687,654,买盘
926,10:16:15,39.5,592661,150,卖盘
927,10:16:18,39.52,2021058,512,中性盘
928,10:16:21,39.54,2403839,608,买盘
929,10:16:24,39.56,6296790,1594,买盘
930,10:16:27,39.54,213529,54,中性盘
931,10:16:30,39.53,75132,19,卖盘
932,10:16:33,39.53,154226,39,卖盘
933,10:16:36,39.57,530116,134,买盘
934,10:16:39,39.56,67258,17,卖盘
935,10:16:42,39.55,59339,15,卖盘
936,10:16:45,39.58,336378,85,买盘
937,10:16:48,39.55,130528,33,卖盘
938,10:16:51,39.58,320426,81,买盘
939,10:16:54,39.58,292865,74,卖盘
940,10:16:57,39.57,98922,25,卖盘
941,10:17:00,39.56,383754,97,卖盘
942,10:17:03,39.55,462732,117,卖盘
943,10:17:06,39.56,217552,55,买盘
944,10:17:09,39.55,150292,38,卖盘
945,10:17:12,39.55,597191,151,卖盘
946,10:17:15,39.55,344085,87,买盘
947,10:17:18,39.55,146325,37,买盘
948,10:17:21,39.53,1474838,373,卖盘
949,10:17:24,39.54,308374,78,买盘
950,10:17:27,39.52,458501,116,卖盘
951,10:17:30,39.52,762960,193,卖盘
952,10:17:33,39.51,272661,69,卖盘
953,10:17:36,39.5,260818,66,卖盘
954,10:17:39,39.51,102723,26,中性盘
955,10:17:42,39.5,189616,48,卖盘
956,10:17:45,39.47,276501,70,卖盘
957,10:17:48,39.5,94799,24,买盘
958,10:17:51,39.5,75033,19,买盘
959,10:17:54,39.5,197504,50,买盘
960,10:17:57,39.5,209363,53,卖盘
961,10:18:00,39.51,240951,61,买盘
962,10:18:03,39.51,268613,68,买盘
963,10:18:06,39.51,1371103,347,买盘
964,10:18:09,39.55,1736606,439,买盘
965,10:18:12,39.56,162202,41,中性盘
966,10:18:15,39.57,63314,16,中性盘
967,10:18:18,39.58,942439,238,买盘
968,10:18:21,39.58,142490,36,买盘
969,10:18:24,39.6,316789,80,买盘
970,10:18:27,39.62,71296,18,买盘
971,10:18:30,39.62,285214,72,买盘
972,10:18:33,39.64,126808,32,买盘
973,10:18:36,39.64,110950,28,买盘
974,10:18:39,39.66,536879,135,买盘
975,10:18:42,39.65,130876,33,中性盘
976,10:18:45,39.65,959376,242,卖盘
977,10:18:48,39.64,335452,85,卖盘
978,10:18:51,39.64,146668,37,买盘
979,10:18:54,39.61,1244150,314,卖盘
980,10:18:57,39.63,320984,81,中性盘
981,10:19:00,39.62,150572,38,中性盘
982,10:19:03,39.61,67362,17,中性盘
983,10:19:06,39.61,170305,43,卖盘
984,10:19:09,39.62,518926,131,买盘
985,10:19:12,39.63,273395,69,买盘
986,10:19:15,39.61,190185,48,中性盘
987,10:19:18,39.69,1976349,498,买盘
988,10:19:21,39.7,400900,101,买盘
989,10:19:24,39.7,250104,63,买盘
990,10:19:27,39.71,313631,79,买盘
991,10:19:30,39.7,138953,35,卖盘
992,10:19:33,39.72,397018,100,买盘
993,10:19:36,39.71,687122,173,卖盘
994,10:19:39,39.72,3972,1,卖盘
995,10:19:42,39.75,600136,151,买盘
996,10:19:45,39.76,468907,118,买盘
997,10:19:48,39.76,488951,123,买盘
998,10:19:51,39.85,4376261,1099,买盘
999,10:19:54,39.87,494253,124,买盘
1000,10:19:57,39.86,693698,174,中性盘
1001,10:20:00,39.9,1371951,344,买盘
1002,10:20:03,39.94,2849218,714,买盘
1003,10:20:06,39.97,2105829,527,买盘
1004,10:20:09,39.98,2766530,692,买盘
1005,10:20:12,39.97,2238083,560,卖盘
1006,10:20:15,39.99,5536048,1385,买盘
1007,10:20:18,39.99,1575178,394,买盘
1008,10:20:21,39.96,3177283,795,卖盘
1009,10:20:24,39.93,1917655,480,卖盘
1010,10:20:27,39.95,718899,180,买盘
1011,10:20:30,39.95,1154022,289,买盘
1012,10:20:33,39.96,931105,233,买盘
1013,10:20:36,39.97,1515052,379,买盘
1014,10:20:39,39.98,1451437,363,买盘
1015,10:20:42,39.98,851684,213,卖盘
1016,10:20:45,39.99,1958877,490,买盘
1017,10:20:48,39.98,939512,235,卖盘
1018,10:20:51,39.96,2431899,608,卖盘
1019,10:20:54,39.98,735514,184,买盘
1020,10:20:57,39.99,3454961,864,买盘
1021,10:21:00,40.0,10519621,2630,买盘
1022,10:21:03,40.0,4771746,1193,买盘
1023,10:21:06,40.0,1631223,408,买盘
1024,10:21:09,40.02,752152,188,买盘
1025,10:21:12,40.02,1348988,337,买盘
1026,10:21:15,40.02,1172612,293,卖盘
1027,10:21:18,40.04,1200853,300,买盘
1028,10:21:21,40.05,676660,169,买盘
1029,10:21:24,40.05,861022,215,买盘
1030,10:21:27,40.03,8315584,2077,卖盘
1031,10:21:30,40.05,3906775,976,买盘
1032,10:21:33,40.05,900755,225,买盘
1033,10:21:36,40.04,1705652,426,卖盘
1034,10:21:39,40.05,1649755,412,买盘
1035,10:21:42,40.05,1704601,426,卖盘
1036,10:21:45,40.05,2587154,646,卖盘
1037,10:21:48,40.05,1353639,338,买盘
1038,10:21:51,40.05,1471126,367,买盘
1039,10:21:54,40.03,1029185,257,卖盘
1040,10:21:57,40.02,1894543,473,卖盘
1041,10:22:00,40.05,873101,218,买盘
1042,10:22:03,40.08,2178636,544,买盘
1043,10:22:06,40.09,3437879,858,买盘
1044,10:22:09,40.1,1708033,426,买盘
1045,10:22:12,40.12,894374,223,买盘
1046,10:22:15,40.13,774386,193,买盘
1047,10:22:18,40.15,477721,119,买盘
1048,10:22:21,40.15,855165,213,买盘
1049,10:22:24,40.17,1631936,406,买盘
1050,10:22:27,40.18,951999,237,买盘
1051,10:22:30,40.2,2290749,570,买盘
1052,10:22:33,40.2,3102975,772,买盘
1053,10:22:36,40.2,4185081,1041,买盘
1054,10:22:39,40.22,2002861,498,买盘
1055,10:22:42,40.23,6035021,1501,买盘
1056,10:22:45,40.24,1484403,369,买盘
1057,10:22:48,40.24,2148922,534,买盘
1058,10:22:51,40.25,2894754,719,买盘
1059,10:22:54,40.27,4216253,1047,买盘
1060,10:22:57,40.27,3095930,769,买盘
1061,10:23:00,40.27,3177961,789,买盘
1062,10:23:03,40.29,1490303,370,买盘
1063,10:23:06,40.28,1470426,365,卖盘
1064,10:23:09,40.29,4037029,1002,买盘
1065,10:23:12,40.29,3094621,768,买盘
1066,10:23:15,40.3,4867194,1208,买盘
1067,10:23:18,40.32,8713070,2162,买盘
1068,10:23:21,40.33,2933150,727,买盘
1069,10:23:24,40.33,2903621,720,买盘
1070,10:23:27,40.3,19701468,4889,卖盘
1071,10:23:30,40.31,4207741,1044,买盘
1072,10:23:33,40.28,3989691,990,卖盘
1073,10:23:36,40.29,4439408,1102,买盘
1074,10:23:39,40.22,1694912,421,卖盘
1075,10:23:42,40.24,3120246,775,中性盘
1076,10:23:45,40.22,1061697,264,中性盘
1077,10:23:48,40.2,2962108,737,卖盘
1078,10:23:51,40.15,900178,224,卖盘
1079,10:23:54,40.12,357237,89,卖盘
1080,10:23:57,40.13,943087,235,买盘
1081,10:24:00,40.1,2947981,735,卖盘
1082,10:24:03,40.1,1603782,400,卖盘
1083,10:24:06,40.02,605280,151,卖盘
1084,10:24:09,40.02,641276,160,卖盘
1085,10:24:12,40.02,1385802,346,中性盘
1086,10:24:15,40.03,1505032,376,买盘
1087,10:24:18,40.03,624607,156,卖盘
1088,10:24:21,40.1,2293760,572,买盘
1089,10:24:24,40.12,1781367,444,买盘
1090,10:24:27,40.14,1007786,251,买盘
1091,10:24:30,40.19,699186,174,买盘
1092,10:24:33,40.19,570578,142,卖盘
1093,10:24:36,40.19,1787478,445,卖盘
1094,10:24:39,40.2,1636075,407,买盘
1095,10:24:42,40.2,1362837,339,卖盘
1096,10:24:45,40.2,3553778,884,卖盘
1097,10:24:48,40.2,3010820,749,买盘
1098,10:24:51,40.2,1829831,455,卖盘
1099,10:24:54,40.2,1797208,447,买盘
1100,10:24:57,40.19,4277087,1064,中性盘
1101,10:25:00,40.14,1201711,299,卖盘
1102,10:25:03,40.19,2700193,672,买盘
1103,10:25:06,40.18,413697,103,中性盘
1104,10:25:09,40.14,1525293,380,卖盘
1105,10:25:12,40.2,4455240,1109,买盘
1106,10:25:15,40.21,582971,145,买盘
1107,10:25:18,40.21,627178,156,买盘
1108,10:25:21,40.21,2255529,561,卖盘
1109,10:25:24,40.24,1079562,268,买盘
1110,10:25:27,40.25,1014046,252,买盘
1111,10:25:30,40.25,768769,191,买盘
1112,10:25:33,40.27,591815,147,买盘
1113,10:25:36,40.26,934268,232,卖盘
1114,10:25:39,40.27,2130148,529,买盘
1115,10:25:42,40.25,3072675,763,卖盘
1116,10:25:45,40.29,1776190,441,买盘
1117,10:25:48,40.29,1856871,461,买盘
1118,10:25:51,40.3,1031465,256,买盘
1119,10:25:54,40.29,2570669,638,卖盘
1120,10:25:57,40.29,4146314,1029,卖盘
1121,10:26:00,40.29,2861002,710,买盘
1122,10:26:03,40.3,2813029,698,买盘
1123,10:26:06,40.29,2481878,616,卖盘
1124,10:26:09,40.29,1921586,477,买盘
1125,10:26:12,40.29,499544,124,买盘
1126,10:26:15,40.3,3863895,959,买盘
1127,10:26:18,40.3,1720873,427,卖盘
1128,10:26:21,40.3,1809626,449,卖盘
1129,10:26:24,40.31,1165010,289,中性盘
1130,10:26:27,40.31,1173126,291,卖盘
1131,10:26:30,40.31,1153045,286,卖盘
1132,10:26:33,40.31,1157002,287,卖盘
1133,10:26:36,40.3,8515186,2113,卖盘
1134,10:26:39,40.25,1308167,325,卖盘
1135,10:26:42,40.23,458628,114,卖盘
1136,10:26:45,40.25,2353940,585,买盘
1137,10:26:48,40.22,1637767,407,卖盘
1138,10:26:51,40.23,1921768,478,买盘
1139,10:26:54,40.23,667657,166,卖盘
1140,10:26:57,40.23,824498,205,买盘
1141,10:27:00,40.22,1037515,258,中性盘
1142,10:27:03,40.18,2793999,695,卖盘
1143,10:27:06,40.18,1724815,429,卖盘
1144,10:27:09,40.19,1073083,267,卖盘
1145,10:27:12,40.16,751354,187,卖盘
1146,10:27:15,40.15,530153,132,卖盘
1147,10:27:18,40.1,899124,224,卖盘
1148,10:27:21,40.1,156466,39,卖盘
1149,10:27:24,40.1,665653,166,卖盘
1150,10:27:27,40.1,1411476,352,买盘
1151,10:27:30,40.1,481246,120,卖盘
1152,10:27:33,40.09,561319,140,卖盘
1153,10:27:36,40.09,224478,56,买盘
1154,10:27:39,40.1,2906483,725,买盘
1155,10:27:42,40.11,924127,230,买盘
1156,10:27:45,40.1,2520771,629,卖盘
1157,10:27:48,40.09,473014,118,卖盘
1158,10:27:51,40.09,1286977,321,买盘
1159,10:27:54,40.09,449028,112,卖盘
1160,10:27:57,40.09,6700228,1674,卖盘
1161,10:28:00,40.1,813951,203,买盘
1162,10:28:03,40.09,530823,132,卖盘
1163,10:28:06,40.09,471452,118,卖盘
1164,10:28:09,40.07,901941,225,中性盘
1165,10:28:12,40.06,272566,68,卖盘
1166,10:28:15,40.06,76114,19,买盘
1167,10:28:18,40.05,352509,88,卖盘
1168,10:28:21,40.03,216235,54,中性盘
1169,10:28:24,40.05,484372,121,买盘
1170,10:28:27,40.01,316112,79,卖盘
1171,10:28:30,40.02,924633,231,买盘
1172,10:28:33,40.01,640237,160,卖盘
1173,10:28:36,40.02,532163,133,买盘
1174,10:28:39,40.0,1240042,310,卖盘
1175,10:28:42,40.0,400781,100,买盘
1176,10:28:45,40.0,871070,218,买盘
1177,10:28:48,39.99,211951,53,卖盘
1178,10:28:51,39.99,471830,118,买盘
1179,10:28:54,39.98,323884,81,卖盘
1180,10:28:57,39.99,879652,220,买盘
1181,10:29:00,39.98,231873,58,买盘
1182,10:29:03,39.97,1003257,251,卖盘
1183,10:29:06,39.97,175870,44,买盘
1184,10:29:09,39.97,703475,176,卖盘
1185,10:29:12,39.97,371742,93,卖盘
1186,10:29:15,39.98,1063344,266,买盘
1187,10:29:18,39.99,299903,75,买盘
1188,10:29:21,39.99,1083851,271,买盘
1189,10:29:24,40.0,51997,13,买盘
1190,10:29:27,40.0,207997,52,买盘
1191,10:29:30,39.99,363942,91,卖盘
1192,10:29:33,40.0,1147951,287,买盘
1193,10:29:36,39.99,935768,234,卖盘
1194,10:29:39,39.98,151949,38,卖盘
1195,10:29:42,39.99,2147833,537,买盘
1196,10:29:45,39.99,347921,87,卖盘
1197,10:29:48,40.0,2623951,656,买盘
1198,10:29:51,39.98,387926,97,卖盘
1199,10:29:54,40.0,792770,198,买盘
1200,10:29:57,40.0,144000,36,卖盘
1201,10:30:00,40.01,632042,158,买盘
1202,10:30:03,39.97,3800231,951,卖盘
1203,10:30:06,39.95,247723,62,卖盘
1204,10:30:09,39.94,647216,162,卖盘
1205,10:30:12,39.91,742252,186,卖盘
1206,10:30:15,39.91,343202,86,买盘
1207,10:30:18,39.88,466707,117,卖盘
1208,10:30:21,39.86,673828,169,卖盘
1209,10:30:24,39.85,462440,116,卖盘
1210,10:30:27,39.85,486175,122,卖盘
1211,10:30:30,39.85,625600,157,买盘
1212,10:30:33,39.84,346602,87,卖盘
1213,10:30:36,39.84,597451,150,卖盘
1214,10:30:39,39.84,191232,48,买盘
1215,10:30:42,39.82,350509,88,卖盘
1216,10:30:45,39.81,270740,68,卖盘
1217,10:30:48,39.82,282664,71,买盘
1218,10:30:51,39.82,648954,163,买盘
1219,10:30:54,39.8,3178727,799,卖盘
1220,10:30:57,39.78,819518,206,卖盘
1221,10:31:00,39.78,358042,90,卖盘
1222,10:31:03,39.78,286416,72,买盘
1223,10:31:06,39.78,906948,228,买盘
1224,10:31:09,39.78,779549,196,卖盘
1225,10:31:12,39.78,461500,116,中性盘
1226,10:31:15,39.79,429669,108,买盘
1227,10:31:18,39.8,461618,116,买盘
1228,10:31:21,39.82,4240453,1065,买盘
1229,10:31:24,39.83,238994,60,买盘
1230,10:31:27,39.85,378597,95,买盘
1231,10:31:30,39.88,713785,179,买盘
1232,10:31:33,39.91,183532,46,买盘
1233,10:31:36,39.92,139675,35,买盘
1234,10:31:39,39.92,682636,171,买盘
1235,10:31:42,39.9,1285027,322,卖盘
1236,10:31:45,39.89,1137220,285,卖盘
1237,10:31:48,39.86,713856,179,卖盘
1238,10:31:51,39.86,1096344,275,买盘
1239,10:31:54,39.85,1789284,449,卖盘
1240,10:31:57,39.85,804902,202,买盘
1241,10:32:00,39.85,792698,199,买盘
1242,10:32:03,39.88,1267394,318,买盘
1243,10:32:06,39.88,582277,146,卖盘
1244,10:32:09,39.89,175493,44,买盘
1245,10:32:12,39.9,662337,166,买盘
1246,10:32:15,39.85,4560651,1144,卖盘
1247,10:32:18,39.85,1119747,281,买盘
1248,10:32:21,39.85,585694,147,买盘
1249,10:32:24,39.85,765098,192,买盘
1250,10:32:27,39.88,6081163,1526,买盘
1251,10:32:30,39.87,59830,15,卖盘
1252,10:32:33,39.89,434770,109,买盘
1253,10:32:36,39.91,243391,61,买盘
1254,10:32:39,39.91,195542,49,买盘
1255,10:32:42,39.91,279370,70,买盘
1256,10:32:45,39.91,901935,226,买盘
1257,10:32:48,39.93,351250,88,买盘
1258,10:32:51,39.97,187721,47,买盘
1259,10:32:54,39.97,271782,68,买盘
1260,10:32:57,39.97,487634,122,买盘
1261,10:33:00,39.99,219934,55,买盘
1262,10:33:03,40.03,2696541,674,买盘
1263,10:33:06,40.06,1443678,361,买盘
1264,10:33:09,40.07,745460,186,买盘
1265,10:33:12,40.11,722669,180,买盘
1266,10:33:15,40.13,1031094,257,买盘
1267,10:33:18,40.15,1099917,274,买盘
1268,10:33:21,40.15,497896,124,买盘
1269,10:33:24,40.18,751301,187,买盘
1270,10:33:27,40.2,2081200,518,买盘
1271,10:33:30,40.2,824027,205,买盘
1272,10:33:33,40.21,796223,198,买盘
1273,10:33:36,40.21,1222581,304,卖盘
1274,10:33:39,40.25,1967616,489,买盘
1275,10:33:42,40.25,730011,181,买盘
1276,10:33:45,40.27,1449426,360,买盘
1277,10:33:48,40.27,1192216,296,卖盘
1278,10:33:51,40.29,1051706,261,买盘
1279,10:33:54,40.3,6284571,1559,买盘
1280,10:33:57,40.32,1079157,268,买盘
1281,10:34:00,40.3,5303969,1316,卖盘
1282,10:34:03,40.29,2043677,507,卖盘
1283,10:34:06,40.3,2945506,731,买盘
1284,10:34:09,40.28,1937941,481,卖盘
1285,10:34:12,40.28,2300506,571,卖盘
1286,10:34:15,40.3,2671159,663,买盘
1287,10:34:18,40.29,1285407,319,卖盘
1288,10:34:21,40.29,1353593,336,卖盘
1289,10:34:24,40.28,1538749,382,卖盘
1290,10:34:27,40.27,1083376,269,中性盘
1291,10:34:30,40.23,289786,72,卖盘
1292,10:34:33,40.23,486798,121,卖盘
1293,10:34:36,40.18,1137758,283,卖盘
1294,10:34:39,40.18,176844,44,卖盘
1295,10:34:42,40.19,506318,126,中性盘
1296,10:34:45,40.18,1410845,351,卖盘
1297,10:34:48,40.18,352695,88,卖盘
1298,10:34:51,40.18,1410581,351,卖盘
1299,10:34:54,40.21,381834,95,买盘
1300,10:34:57,40.19,466226,116,卖盘
1301,10:35:00,40.2,321589,80,买盘
1302,10:35:03,40.18,688157,171,卖盘
1303,10:35:06,40.21,1197538,298,买盘
1304,10:35:09,40.2,458181,114,卖盘
1305,10:35:12,40.16,514375,128,卖盘
1306,10:35:15,40.19,844058,210,买盘
1307,10:35:18,40.16,514057,128,卖盘
1308,10:35:21,40.15,2013582,501,卖盘
1309,10:35:24,40.13,269009,67,卖盘
1310,10:35:27,40.14,485685,121,买盘
1311,10:35:30,40.16,718511,179,买盘
1312,10:35:33,40.14,501876,125,卖盘
1313,10:35:36,40.14,473792,118,卖盘
1314,10:35:39,40.1,693961,173,卖盘
1315,10:35:42,40.1,140337,35,买盘
1316,10:35:45,40.09,549095,137,卖盘
1317,10:35:48,40.07,84181,21,中性盘
1318,10:35:51,40.03,424493,106,卖盘
1319,10:35:54,40.06,612691,153,中性盘
1320,10:35:57,40.06,176274,44,卖盘
1321,10:36:00,40.07,192317,48,买盘
1322,10:36:03,40.06,252404,63,卖盘
1323,10:36:06,40.04,92111,23,卖盘
1324,10:36:09,40.03,1112918,278,卖盘
1325,10:36:12,39.99,1296050,324,卖盘
1326,10:36:15,39.97,579730,145,卖盘
1327,10:36:18,39.96,319731,80,卖盘
1328,10:36:21,39.95,119866,30,卖盘
1329,10:36:24,39.94,135796,34,卖盘
1330,10:36:27,39.93,714911,179,卖盘
1331,10:36:30,39.94,199692,50,买盘
1332,10:36:33,39.95,179754,45,买盘
1333,10:36:36,39.95,1018474,255,买盘
1334,10:36:39,39.94,982512,246,卖盘
1335,10:36:42,39.93,734643,184,卖盘
1336,10:36:45,39.92,1369252,343,卖盘
1337,10:36:48,39.92,487016,122,买盘
1338,10:36:51,39.92,251501,63,买盘
1339,10:36:54,39.97,1605711,402,买盘
1340,10:36:57,39.96,119851,30,中性盘
1341,10:37:00,39.97,235813,59,买盘
1342,10:37:03,39.97,289311,72,买盘
1343,10:37:06,39.97,387638,97,买盘
1344,10:37:09,39.96,1268909,318,卖盘
1345,10:37:12,39.96,1011129,253,买盘
1346,10:37:15,39.97,173433,43,买盘
1347,10:37:18,39.95,271726,68,卖盘
1348,10:37:21,39.98,235831,59,买盘
1349,10:37:24,39.99,155946,39,买盘
1350,10:37:27,39.98,523679,131,卖盘
1351,10:37:30,39.97,1867011,467,卖盘
1352,10:37:33,39.98,99955,25,卖盘
1353,10:37:36,40.0,763802,191,买盘
1354,10:37:39,39.98,559806,140,卖盘
1355,10:37:42,39.99,103991,26,买盘
1356,10:37:45,40.0,55993,14,买盘
1357,10:37:48,39.99,640021,160,卖盘
1358,10:37:51,40.0,975774,244,买盘
1359,10:37:54,39.99,303900,76,中性盘
1360,10:37:57,40.01,563973,141,买盘
1361,10:38:00,40.0,451921,113,卖盘
1362,10:38:03,40.0,1007726,252,买盘
1363,10:38:06,40.0,107983,27,买盘
1364,10:38:09,40.0,696000,174,买盘
1365,10:38:12,40.01,188041,47,买盘
1366,10:38:15,40.01,576103,144,买盘
1367,10:38:18,40.02,160041,40,买盘
1368,10:38:21,40.0,2312274,578,卖盘
1369,10:38:24,39.97,1991972,498,卖盘
1370,10:38:27,40.0,295924,74,买盘
1371,10:38:30,39.99,431878,108,中性盘
1372,10:38:33,39.92,2481123,621,卖盘
1373,10:38:36,39.92,175729,44,卖盘
1374,10:38:39,39.92,74264,19,卖盘
1375,10:38:42,39.95,327460,82,买盘
1376,10:38:45,39.96,239616,60,买盘
1377,10:38:48,39.91,650917,163,卖盘
1378,10:38:51,39.93,207551,52,中性盘
1379,10:38:54,39.91,83855,21,卖盘
1380,10:38:57,39.94,455031,114,买盘
1381,10:39:00,39.91,295412,74,卖盘
1382,10:39:03,39.93,295357,74,买盘
1383,10:39:06,39.91,303336,76,卖盘
1384,10:39:09,39.91,95796,24,卖盘
1385,10:39:12,39.91,203549,51,买盘
1386,10:39:15,39.91,87800,22,买盘
1387,10:39:18,39.91,83812,21,买盘
1388,10:39:21,39.92,271389,68,买盘
1389,10:39:24,39.92,79837,20,买盘
1390,10:39:27,39.91,283421,71,卖盘
1391,10:39:30,39.9,371110,93,卖盘
1392,10:39:33,39.89,1982954,497,卖盘
1393,10:39:36,39.88,367028,92,卖盘
1394,10:39:39,39.86,514390,129,卖盘
1395,10:39:42,39.86,825016,207,卖盘
1396,10:39:45,39.85,920581,231,卖盘
1397,10:39:48,39.85,322737,81,卖盘
1398,10:39:51,39.83,366538,92,中性盘
1399,10:39:54,39.81,286681,72,卖盘
1400,10:39:57,39.81,402089,101,卖盘
1401,10:40:00,39.81,151272,38,买盘
1402,10:40:03,39.81,1910740,480,卖盘
1403,10:40:06,39.81,493609,124,买盘
1404,10:40:09,39.82,931675,234,买盘
1405,10:40:12,39.8,1031077,259,卖盘
1406,10:40:15,39.81,214966,54,买盘
1407,10:40:18,39.8,222899,56,卖盘
1408,10:40:21,39.8,565254,142,卖盘
1409,10:40:24,39.8,175145,44,卖盘
1410,10:40:27,39.81,1783486,448,买盘
1411,10:40:30,39.81,167227,42,卖盘
1412,10:40:33,39.81,119433,30,卖盘
1413,10:40:36,39.82,203050,51,买盘
1414,10:40:39,39.81,246848,62,卖盘
1415,10:40:42,39.82,637082,160,买盘
1416,10:40:45,39.82,119460,30,卖盘
1417,10:40:48,39.83,115483,29,买盘
1418,10:40:51,39.82,350395,88,卖盘
1419,10:40:54,39.81,485697,122,卖盘
1420,10:40:57,39.8,1544534,388,卖盘
1421,10:41:00,39.81,254781,64,卖盘
1422,10:41:03,39.8,282608,71,卖盘
1423,10:41:06,39.81,262744,66,买盘
1424,10:41:09,39.81,919442,231,买盘
1425,10:41:12,39.8,3570102,897,卖盘
1426,10:41:15,39.78,1249485,314,卖盘
1427,10:41:18,39.78,624507,157,卖盘
1428,10:41:21,39.78,354034,89,买盘
1429,10:41:24,39.78,190922,48,买盘
1430,10:41:27,39.78,55668,14,买盘
1431,10:41:30,39.77,505016,127,买盘
1432,10:41:33,39.77,437450,110,买盘
1433,10:41:36,39.77,190910,48,卖盘
1434,10:41:39,39.77,600556,151,卖盘
1435,10:41:42,39.78,696110,175,买盘
1436,10:41:45,39.77,1308499,329,卖盘
1437,10:41:48,39.77,330094,83,卖盘
1438,10:41:51,39.77,202840,51,卖盘
1439,10:41:54,39.76,55677,14,卖盘
1440,10:41:57,39.76,644042,162,卖盘
1441,10:42:00,39.76,332776,84,买盘
1442,10:42:03,39.75,617361,155,卖盘
1443,10:42:06,39.76,488935,123,买盘
1444,10:42:09,39.75,51665,13,买盘
1445,10:42:12,39.75,294124,74,买盘
1446,10:42:15,39.75,139130,35,卖盘
1447,10:42:18,39.76,258393,65,买盘
1448,10:42:21,39.76,369724,93,买盘
1449,10:42:24,39.75,381996,96,卖盘
1450,10:42:27,39.76,115292,29,中性盘
1451,10:42:30,39.75,166975,42,卖盘
1452,10:42:33,39.75,222189,56,卖盘
1453,10:42:36,39.75,1168586,294,买盘
1454,10:42:39,39.75,210643,53,买盘
1455,10:42:42,39.74,854514,215,卖盘
1456,10:42:45,39.75,234467,59,买盘
1457,10:42:48,39.74,214583,54,中性盘
1458,10:42:51,39.74,190708,48,买盘
1459,10:42:54,39.73,198669,50,卖盘
1460,10:42:57,39.73,218556,55,卖盘
1461,10:43:00,39.72,981327,247,卖盘
1462,10:43:03,39.72,309819,78,卖盘
1463,10:43:06,39.7,988813,249,卖盘
1464,10:43:09,39.7,420880,106,卖盘
1465,10:43:12,39.71,460608,116,买盘
1466,10:43:15,39.7,1048093,264,卖盘
1467,10:43:18,39.7,166756,42,卖盘
1468,10:43:21,39.7,301734,76,卖盘
1469,10:43:24,39.7,1425244,359,卖盘
1470,10:43:27,39.7,575750,145,卖盘
1471,10:43:30,39.7,198502,50,卖盘
1472,10:43:33,39.7,115130,29,买盘
1473,10:43:36,39.7,520046,131,卖盘
1474,10:43:39,39.7,178664,45,卖盘
1475,10:43:42,39.7,452569,114,卖盘
1476,10:43:45,39.69,162758,41,卖盘
1477,10:43:48,39.7,226280,57,买盘
1478,10:43:51,39.69,230197,58,卖盘
1479,10:43:54,39.7,111145,28,买盘
1480,10:43:57,39.7,301697,76,买盘
1481,10:44:00,39.69,408874,103,卖盘
1482,10:44:03,39.7,309272,78,买盘
1483,10:44:06,39.7,119114,30,卖盘
1484,10:44:09,39.7,103242,26,卖盘
1485,10:44:12,39.72,198521,50,买盘
1486,10:44:15,39.72,651369,164,卖盘
1487,10:44:18,39.73,719046,181,买盘
1488,10:44:21,39.72,806097,203,卖盘
1489,10:44:24,39.73,381367,96,买盘
1490,10:44:27,39.73,480686,121,买盘
1491,10:44:30,39.72,250260,63,中性盘
1492,10:44:33,39.72,281981,71,中性盘
1493,10:44:36,39.73,1195180,301,买盘
1494,10:44:39,39.71,564065,142,卖盘
1495,10:44:42,39.73,774386,195,买盘
1496,10:44:45,39.73,178785,45,卖盘
1497,10:44:48,39.73,1819659,458,卖盘
1498,10:44:51,39.73,520469,131,卖盘
1499,10:44:54,39.74,619841,156,买盘
1500,10:44:57,39.74,140680,35,买盘
1501,10:45:00,39.74,975949,246,卖盘
1502,10:45:03,39.75,576189,145,买盘
1503,10:45:06,39.74,441035,111,中性盘
1504,10:45:09,39.74,540476,136,卖盘
1505,10:45:12,39.74,278183,70,卖盘
1506,10:45:15,39.74,369602,93,卖盘
1507,10:45:18,39.74,402981,101,买盘
1508,10:45:21,39.74,174865,44,卖盘
1509,10:45:24,39.75,298111,75,买盘
1510,10:45:27,39.74,345747,87,卖盘
1511,10:45:30,39.74,1196256,301,卖盘
1512,10:45:33,39.73,169280,43,卖盘
1513,10:45:36,39.75,961834,242,买盘
1514,10:45:39,39.74,208231,52,买盘
1515,10:45:42,39.74,143075,36,卖盘
1516,10:45:45,39.74,182809,46,卖盘
1517,10:45:48,39.76,151034,38,买盘
1518,10:45:51,39.75,107304,27,中性盘
1519,10:45:54,39.76,278250,70,买盘
1520,10:45:57,39.74,630466,159,卖盘
1521,10:46:00,39.71,572012,144,卖盘
1522,10:46:03,39.73,2626072,661,买盘
1523,10:46:06,39.73,1324452,333,卖盘
1524,10:46:09,39.72,59588,15,卖盘
1525,10:46:12,39.71,242315,61,卖盘
1526,10:46:15,39.73,464803,117,买盘
1527,10:46:18,39.74,214576,54,买盘
1528,10:46:21,39.75,190754,48,中性盘
1529,10:46:24,39.74,27828,7,卖盘
1530,10:46:27,39.74,115246,29,卖盘
1531,10:46:30,39.74,158915,40,买盘
1532,10:46:33,39.72,186695,47,卖盘
1533,10:46:36,39.72,333667,84,卖盘
1534,10:46:39,39.72,556116,140,买盘
1535,10:46:42,39.72,786313,198,卖盘
1536,10:46:45,39.7,480395,121,卖盘
1537,10:46:48,39.7,428836,108,卖盘
1538,10:46:51,39.71,313663,79,买盘
1539,10:46:54,39.7,258128,65,卖盘
1540,10:46:57,39.71,444680,112,买盘
1541,10:47:00,39.71,543965,137,卖盘
1542,10:47:03,39.7,341422,86,卖盘
1543,10:47:06,39.71,1619787,408,买盘
1544,10:47:09,39.71,742421,187,买盘
1545,10:47:12,39.71,289822,73,买盘
1546,10:47:15,39.7,150859,38,卖盘
1547,10:47:18,39.7,722953,182,卖盘
1548,10:47:21,39.7,47640,12,买盘
1549,10:47:24,39.68,432611,109,卖盘
1550,10:47:27,39.69,190496,48,买盘
1551,10:47:30,39.68,79371,20,卖盘
1552,10:47:33,39.69,265905,67,买盘
1553,10:47:36,39.68,174592,44,卖盘
1554,10:47:39,39.67,603134,152,卖盘
1555,10:47:42,39.67,75390,19,卖盘
1556,10:47:45,39.67,107109,27,卖盘
1557,10:47:48,39.66,79320,20,卖盘
1558,10:47:51,39.68,2185982,551,买盘
1559,10:47:54,39.68,126976,32,卖盘
1560,10:47:57,39.68,849254,214,卖盘
1561,10:48:00,39.65,1625994,410,卖盘
1562,10:48:03,39.64,31718,8,卖盘
1563,10:48:06,39.64,55500,14,卖盘
1564,10:48:09,39.64,55497,14,卖盘
1565,10:48:12,39.64,35672,9,买盘
1566,10:48:15,39.63,305152,77,卖盘
1567,10:48:18,39.63,380445,96,买盘
1568,10:48:21,39.62,190208,48,卖盘
1569,10:48:24,39.63,324919,82,买盘
1570,10:48:27,39.62,71330,18,卖盘
1571,10:48:30,39.61,463459,117,卖盘
1572,10:48:33,39.62,1014255,256,买盘
1573,10:48:36,39.62,206034,52,卖盘
1574,10:48:39,39.62,970811,245,卖盘
1575,10:48:42,39.62,213966,54,卖盘
1576,10:48:45,39.62,926767,234,卖盘
1577,10:48:48,39.62,1759515,444,卖盘
1578,10:48:51,39.61,237663,60,卖盘
1579,10:48:54,39.62,550501,139,买盘
1580,10:48:57,39.61,554501,140,买盘
1581,10:49:00,39.6,399966,101,卖盘
1582,10:49:03,39.6,784133,198,卖盘
1583,10:49:06,39.6,4864048,1228,卖盘
1584,10:49:09,39.6,744366,188,买盘
1585,10:49:12,39.59,320610,81,卖盘
1586,10:49:15,39.58,308762,78,卖盘
1587,10:49:18,39.59,368195,93,买盘
1588,10:49:21,39.59,463269,117,卖盘
1589,10:49:24,39.59,296925,75,卖盘
1590,10:49:27,39.6,471186,119,买盘
1591,10:49:30,39.59,613672,155,卖盘
1592,10:49:33,39.59,352028,89,卖盘
1593,10:49:36,39.61,269390,68,中性盘
1594,10:49:39,39.63,368554,93,买盘
1595,10:49:42,39.64,83210,21,买盘
1596,10:49:45,39.63,91166,23,卖盘
1597,10:49:48,39.63,75297,19,中性盘
1598,10:49:51,39.64,7928,2,卖盘
1599,10:49:54,39.65,336984,85,买盘
1600,10:49:57,39.64,685900,173,卖盘
1601,10:50:00,39.63,126839,32,卖盘
1602,10:50:03,39.65,289429,73,买盘
1603,10:50:06,39.63,126842,32,卖盘
1604,10:50:09,39.64,19822,5,卖盘
1605,10:50:12,39.64,83245,21,卖盘
1606,10:50:15,39.69,1078791,272,买盘
1607,10:50:18,39.65,491909,124,中性盘
1608,10:50:21,39.64,273597,69,卖盘
1609,10:50:24,39.64,507354,128,卖盘
1610,10:50:27,39.62,206086,52,卖盘
1611,10:50:30,39.66,269605,68,买盘
1612,10:50:33,39.66,1308780,330,卖盘
1613,10:50:36,39.66,491784,124,卖盘
1614,10:50:39,39.65,483818,122,卖盘
1615,10:50:42,39.66,404107,102,买盘
1616,10:50:45,39.67,47593,12,买盘
1617,10:50:48,39.66,230033,58,卖盘
1618,10:50:51,39.66,91616,23,卖盘
1619,10:50:54,39.66,130878,33,买盘
1620,10:50:57,39.64,895810,226,卖盘
1621,10:51:00,39.64,190330,48,卖盘
1622,10:51:03,39.64,63427,16,卖盘
1623,10:51:06,39.64,123280,31,卖盘
1624,10:51:09,39.63,348774,88,卖盘
1625,10:51:12,39.64,83234,21,买盘
1626,10:51:15,39.63,59447,15,卖盘
1627,10:51:18,39.63,340831,86,买盘
1628,10:51:21,39.63,221957,56,卖盘
1629,10:51:24,39.63,55481,14,卖盘
1630,10:51:27,39.63,103035,26,卖盘
1631,10:51:30,39.62,51506,13,卖盘
1632,10:51:33,39.62,142655,36,卖盘
1633,10:51:36,39.63,356591,90,买盘
1634,10:51:39,39.62,566669,143,卖盘
1635,10:51:42,39.65,816265,206,买盘
1636,10:51:45,39.67,959883,242,买盘
1637,10:51:48,39.67,51559,13,买盘
1638,10:51:51,39.66,95204,24,卖盘
1639,10:51:54,39.65,79300,20,买盘
1640,10:51:57,39.66,309348,78,买盘
1641,10:52:00,39.67,15866,4,买盘
1642,10:52:03,39.66,27762,7,卖盘
1643,10:52:06,39.67,1292693,326,买盘
1644,10:52:09,39.67,226087,57,买盘
1645,10:52:12,39.67,115038,29,买盘
1646,10:52:15,39.66,444273,112,卖盘
1647,10:52:18,39.66,698081,176,卖盘
1648,10:52:21,39.66,237960,60,卖盘
1649,10:52:24,39.65,146725,37,卖盘
1650,10:52:27,39.64,7928,2,卖盘
1651,10:52:30,39.63,273503,69,卖盘
1652,10:52:33,39.62,495376,125,卖盘
1653,10:52:36,39.65,654014,165,买盘
1654,10:52:39,39.62,1256523,317,卖盘
1655,10:52:42,39.61,241658,61,卖盘
1656,10:52:45,39.62,91114,23,买盘
1657,10:52:48,39.62,265442,67,买盘
1658,10:52:51,39.61,867507,219,卖盘
1659,10:52:54,39.62,316924,80,买盘
1660,10:52:57,39.63,665472,168,买盘
1661,10:53:00,39.61,392289,99,卖盘
1662,10:53:03,39.61,174272,44,买盘
1663,10:53:06,39.6,190114,48,卖盘
1664,10:53:09,39.6,1362319,344,卖盘
1665,10:53:12,39.59,835504,211,卖盘
1666,10:53:15,39.58,756033,191,卖盘
1667,10:53:18,39.59,769553,194,买盘
1668,10:53:21,39.58,240276,61,卖盘
1669,10:53:24,39.58,87072,22,买盘
1670,10:53:27,39.56,498582,126,卖盘
1671,10:53:30,39.56,245298,62,卖盘
1672,10:53:33,39.55,118669,30,卖盘
1673,10:53:36,39.56,55384,14,买盘
1674,10:53:39,39.55,708051,179,卖盘
1675,10:53:42,39.55,557699,141,卖盘
1676,10:53:45,39.56,170076,43,买盘
1677,10:53:48,39.55,177999,45,卖盘
1678,10:53:51,39.55,114696,29,卖盘
1679,10:53:54,39.56,806798,204,买盘
1680,10:53:57,39.55,450869,114,卖盘
1681,10:54:00,39.55,225435,57,买盘
1682,10:54:03,39.55,102830,26,买盘
1683,10:54:06,39.5,1311942,332,卖盘
1684,10:54:09,39.51,102713,26,买盘
1685,10:54:12,39.5,2215955,561,卖盘
1686,10:54:15,39.51,1323307,335,买盘
1687,10:54:18,39.5,857268,217,卖盘
1688,10:54:21,39.5,173810,44,卖盘
1689,10:54:24,39.5,1285489,325,卖盘
1690,10:54:27,39.5,1061012,269,卖盘
1691,10:54:30,39.5,323900,82,买盘
1692,10:54:33,39.49,98731,25,卖盘
1693,10:54:36,39.5,150083,38,买盘
1694,10:54:39,39.49,853091,216,卖盘
1695,10:54:42,39.48,422460,107,卖盘
1696,10:54:45,39.44,753617,191,卖盘
1697,10:54:48,39.44,63099,16,买盘
1698,10:54:51,39.44,287879,73,买盘
1699,10:54:54,39.43,662424,168,卖盘
1700,10:54:57,39.44,504717,128,买盘
1701,10:55:00,39.48,603638,153,买盘
1702,10:55:03,39.51,1054401,267,买盘
1703,10:55:06,39.51,2818606,713,买盘
1704,10:55:09,39.51,146195,37,卖盘
1705,10:55:12,39.52,126437,32,中性盘
1706,10:55:15,39.52,63249,16,卖盘
1707,10:55:18,39.53,608876,154,卖盘
1708,10:55:21,39.53,94879,24,卖盘
1709,10:55:24,39.54,86982,22,买盘
1710,10:55:27,39.53,419122,106,中性盘
1711,10:55:30,39.54,454627,115,买盘
1712,10:55:33,39.57,656575,166,买盘
1713,10:55:36,39.56,296759,75,卖盘
1714,10:55:39,39.59,389102,98,买盘
1715,10:55:42,39.59,300839,76,买盘
1716,10:55:45,39.59,75218,19,买盘
1717,10:55:48,39.6,142539,36,买盘
1718,10:55:51,39.59,934392,236,卖盘
1719,10:55:54,39.59,265230,67,买盘
1720,10:55:57,39.6,1409601,356,买盘
1721,10:56:00,39.6,63360,16,卖盘
1722,10:56:03,39.61,423772,107,买盘
1723,10:56:06,39.61,118820,30,买盘
1724,10:56:09,39.61,47538,12,卖盘
1725,10:56:12,39.61,47532,12,卖盘
1726,10:56:15,39.63,522982,132,买盘
1727,10:56:18,39.61,891533,225,卖盘
1728,10:56:21,39.62,154506,39,买盘
1729,10:56:24,39.62,118883,30,卖盘
1730,10:56:27,39.57,5182522,1309,卖盘
1731,10:56:30,39.57,193916,49,卖盘
1732,10:56:33,39.58,55408,14,买盘
1733,10:56:36,39.57,106839,27,卖盘
1734,10:56:39,39.58,189979,48,买盘
1735,10:56:42,39.58,221648,56,卖盘
1736,10:56:45,39.58,320528,81,卖盘
1737,10:56:48,39.55,75171,19,卖盘
1738,10:56:51,39.55,185880,47,卖盘
1739,10:56:54,39.54,146317,37,卖盘
1740,10:56:57,39.54,881846,223,卖盘
1741,10:57:00,39.54,158150,40,卖盘
1742,10:57:03,39.54,193682,49,买盘
1743,10:57:06,39.52,272676,69,卖盘
1744,10:57:09,39.51,110629,28,卖盘
1745,10:57:12,39.51,82967,21,卖盘
1746,10:57:15,39.51,59252,15,买盘
1747,10:57:18,39.5,1666899,422,卖盘
1748,10:57:21,39.49,71082,18,卖盘
1749,10:57:24,39.49,260637,66,卖盘
1750,10:57:27,39.49,106608,27,买盘
1751,10:57:30,39.48,39482,10,中性盘
1752,10:57:33,39.46,1392627,353,卖盘
1753,10:57:36,39.44,240664,61,卖盘
1754,10:57:39,39.43,611439,155,卖盘
1755,10:57:42,39.43,252390,64,卖盘
1756,10:57:45,39.43,583835,148,卖盘
1757,10:57:48,39.43,374632,95,卖盘
1758,10:57:51,39.43,287870,73,卖盘
1759,10:57:54,39.43,484909,123,卖盘
1760,10:57:57,39.44,473224,120,买盘
1761,10:58:00,39.42,5055956,1283,卖盘
1762,10:58:03,39.42,47302,12,买盘
1763,10:58:06,39.42,47296,12,买盘
1764,10:58:09,39.42,185212,47,买盘
1765,10:58:12,39.42,1422498,361,买盘
1766,10:58:15,39.39,3939,1,卖盘
1767,10:58:18,39.42,646105,164,买盘
1768,10:58:21,39.4,212864,54,卖盘
1769,10:58:24,39.4,137900,35,卖盘
1770,10:58:27,39.4,106374,27,买盘
1771,10:58:30,39.39,287549,73,卖盘
1772,10:58:33,39.39,358438,91,卖盘
1773,10:58:36,39.39,401773,102,买盘
1774,10:58:39,39.37,1094866,278,卖盘
1775,10:58:42,39.38,342575,87,买盘
1776,10:58:45,39.37,519687,132,卖盘
1777,10:58:48,39.36,1302765,331,卖盘
1778,10:58:51,39.35,1396958,355,卖盘
1779,10:58:54,39.36,1566669,398,买盘
1780,10:58:57,39.38,2184648,555,买盘
1781,10:59:00,39.4,984720,250,买盘
1782,10:59:03,39.41,1934939,491,买盘
1783,10:59:06,39.44,587295,149,买盘
1784,10:59:09,39.43,339046,86,卖盘
1785,10:59:12,39.45,3945,1,中性盘
1786,10:59:15,39.44,654563,166,卖盘
1787,10:59:18,39.45,161747,41,买盘
1788,10:59:21,39.45,311606,79,卖盘
1789,10:59:24,39.45,165679,42,买盘
1790,10:59:27,39.44,690330,175,卖盘
1791,10:59:30,39.44,145915,37,卖盘
1792,10:59:33,39.44,236661,60,买盘
1793,10:59:36,39.45,260321,66,买盘
1794,10:59:39,39.44,486792,123,卖盘
1795,10:59:42,39.44,282418,72,卖盘
1796,10:59:45,39.46,281720,71,买盘
1797,10:59:48,39.43,542643,138,卖盘
1798,10:59:51,39.46,80485,20,买盘
1799,10:59:54,39.44,544230,138,卖盘
1800,10:59:57,39.46,224894,57,买盘
1801,11:00:00,39.47,142061,36,中性盘
1802,11:00:03,39.47,39469,10,买盘
1803,11:00:06,39.47,110504,28,卖盘
1804,11:00:09,39.48,201304,51,买盘
1805,11:00:12,39.47,82895,21,卖盘
1806,11:00:15,39.46,232888,59,卖盘
1807,11:00:18,39.48,123947,31,买盘
1808,11:00:21,39.49,1393914,353,买盘
1809,11:00:24,39.49,335737,85,卖盘
1810,11:00:27,39.5,161928,41,中性盘
1811,11:00:30,39.51,363391,92,买盘
1812,11:00:33,39.49,774269,196,卖盘
1813,11:00:36,39.49,315908,80,买盘
1814,11:00:39,39.48,651533,165,卖盘
1815,11:00:42,39.48,82893,21,买盘
1816,11:00:45,39.48,461914,117,买盘
1817,11:00:48,39.48,173713,44,卖盘
1818,11:00:51,39.47,1038186,263,卖盘
1819,11:00:54,39.48,153935,39,买盘
1820,11:00:57,39.48,225039,57,买盘
1821,11:01:00,39.48,213192,54,卖盘
1822,11:01:03,39.47,165799,42,中性盘
1823,11:01:06,39.48,532831,135,买盘
1824,11:01:09,39.48,130245,33,买盘
1825,11:01:12,39.47,51308,13,中性盘
1826,11:01:15,39.47,142080,36,买盘
1827,11:01:18,39.48,813075,206,买盘
1828,11:01:21,39.47,461810,117,卖盘
1829,11:01:24,39.47,501423,127,买盘
1830,11:01:27,39.47,43417,11,卖盘
1831,11:01:30,39.48,363190,92,买盘
1832,11:01:33,39.48,236827,60,买盘
1833,11:01:36,39.46,149972,38,卖盘
1834,11:01:39,39.47,536792,136,买盘
1835,11:01:42,39.45,134165,34,卖盘
1836,11:01:45,39.46,430201,109,买盘
1837,11:01:48,39.47,51301,13,买盘
1838,11:01:51,39.45,47347,12,卖盘
1839,11:01:54,39.45,126260,32,卖盘
1840,11:01:57,39.45,114432,29,卖盘
1841,11:02:00,39.45,193322,49,卖盘
1842,11:02:03,39.45,946804,240,卖盘
1843,11:02:06,39.46,98650,25,买盘
1844,11:02:09,39.45,189404,48,卖盘
1845,11:02:12,39.46,153862,39,中性盘
1846,11:02:15,39.45,157815,40,卖盘
1847,11:02:18,39.47,142059,36,买盘
1848,11:02:21,39.45,572025,145,卖盘
1849,11:02:24,39.44,126235,32,卖盘
1850,11:02:27,39.45,39450,10,买盘
1851,11:02:30,39.44,232697,59,卖盘
1852,11:02:33,39.44,134096,34,卖盘
1853,11:02:36,39.44,59161,15,买盘
1854,11:02:39,39.44,149876,38,卖盘
1855,11:02:42,39.44,240586,61,卖盘
1856,11:02:45,39.44,59169,15,卖盘
1857,11:02:48,39.44,181424,46,卖盘
1858,11:02:51,39.44,157760,40,买盘
1859,11:02:54,39.43,51269,13,卖盘
1860,11:02:57,39.44,31551,8,买盘
1861,11:03:00,39.44,299717,76,买盘
1862,11:03:03,39.43,252396,64,卖盘
1863,11:03:06,39.44,122243,31,买盘
1864,11:03:09,39.44,240584,61,买盘
1865,11:03:12,39.43,86763,22,卖盘
1866,11:03:15,39.44,477182,121,买盘
1867,11:03:18,39.44,394359,100,卖盘
1868,11:03:21,39.43,260235,66,卖盘
1869,11:03:24,39.43,94632,24,卖盘
1870,11:03:27,39.43,31538,8,买盘
1871,11:03:30,39.42,130114,33,卖盘
1872,11:03:33,39.43,224741,57,买盘
1873,11:03:36,39.41,599215,152,卖盘
1874,11:03:39,39.42,78840,20,买盘
1875,11:03:42,39.42,23652,6,买盘
1876,11:03:45,39.39,3203229,813,卖盘
1877,11:03:48,39.38,236335,60,卖盘
1878,11:03:51,39.38,173280,44,卖盘
1879,11:03:54,39.38,169341,43,卖盘
1880,11:03:57,39.38,236295,60,卖盘
1881,11:04:00,39.38,287474,73,卖盘
1882,11:04:03,39.39,283572,72,买盘
1883,11:04:06,39.39,39394,10,卖盘
1884,11:04:09,39.39,141782,36,卖盘
1885,11:04:12,39.38,39390,10,卖盘
1886,11:04:18,39.38,66953,17,卖盘
1887,11:04:21,39.39,31512,8,买盘
1888,11:04:24,39.38,114202,29,卖盘
1889,11:04:27,39.38,685206,174,买盘
1890,11:04:30,39.46,16476266,4180,买盘
1891,11:04:33,39.47,556295,141,买盘
1892,11:04:36,39.47,568418,144,买盘
1893,11:04:39,39.47,303910,77,卖盘
1894,11:04:42,39.47,189481,48,卖盘
1895,11:04:45,39.47,236843,60,卖盘
1896,11:04:48,39.47,556488,141,买盘
1897,11:04:51,39.49,268483,68,买盘
1898,11:04:54,39.55,1552897,393,买盘
1899,11:04:57,39.54,497859,126,中性盘
1900,11:05:00,39.55,170058,43,买盘
1901,11:05:03,39.55,146321,37,买盘
1902,11:05:06,39.54,102801,26,卖盘
1903,11:05:09,39.55,98842,25,买盘
1904,11:05:12,39.53,47446,12,中性盘
1905,11:05:15,39.54,233233,59,买盘
1906,11:05:18,39.51,55332,14,卖盘
1907,11:05:21,39.53,43474,11,买盘
1908,11:05:24,39.51,276661,70,卖盘
1909,11:05:27,39.51,31610,8,中性盘
1910,11:05:30,39.5,146155,37,卖盘
1911,11:05:33,39.51,229131,58,买盘
1912,11:05:36,39.51,27660,7,卖盘
1913,11:05:39,39.54,1660572,420,买盘
1914,11:05:42,39.54,27678,7,卖盘
1915,11:05:45,39.55,39541,10,买盘
1916,11:05:48,39.55,47452,12,买盘
1917,11:05:51,39.56,510182,129,买盘
1918,11:05:54,39.55,55373,14,卖盘
1919,11:05:57,39.56,221531,56,买盘
1920,11:06:00,39.56,201725,51,中性盘
1921,11:06:03,39.55,245271,62,卖盘
1922,11:06:06,39.55,731694,185,卖盘
1923,11:06:09,39.55,233391,59,中性盘
1924,11:06:12,39.54,537757,136,卖盘
1925,11:06:15,39.54,549637,139,卖盘
1926,11:06:18,39.54,1158552,293,卖盘
1927,11:06:21,39.55,1031999,261,买盘
1928,11:06:24,39.54,806616,204,卖盘
1929,11:06:27,39.54,205589,52,买盘
1930,11:06:30,39.54,264849,67,买盘
1931,11:06:33,39.53,106732,27,中性盘
1932,11:06:36,39.52,39520,10,卖盘
1933,11:06:39,39.51,383259,97,卖盘
1934,11:06:42,39.53,134394,34,买盘
1935,11:06:45,39.52,229204,58,中性盘
1936,11:06:48,39.52,47423,12,买盘
1937,11:06:51,39.52,158071,40,买盘
1938,11:06:54,39.52,61650,16,买盘
1939,11:06:57,39.52,122514,31,卖盘
1940,11:07:00,39.52,250583,63,卖盘
1941,11:07:06,39.52,63227,16,买盘
1942,11:07:09,39.52,197596,50,买盘
1943,11:07:12,39.52,132787,34,买盘
1944,11:07:15,39.52,51376,13,卖盘
1945,11:07:18,39.52,49005,12,卖盘
1946,11:07:21,39.53,223735,57,买盘
1947,11:07:24,39.51,64809,16,卖盘
1948,11:07:27,39.52,71133,18,买盘
1949,11:07:30,39.51,165944,42,卖盘
1950,11:07:33,39.52,51376,13,买盘
1951,11:07:36,39.51,15804,4,卖盘
1952,11:07:39,39.53,279056,71,买盘
1953,11:07:42,39.52,185777,47,卖盘
1954,11:07:45,39.52,134374,34,卖盘
1955,11:07:48,39.51,333467,84,卖盘
1956,11:07:51,39.51,334263,85,卖盘
1957,11:07:54,39.51,612430,155,卖盘
1958,11:07:57,39.51,2216512,561,卖盘
1959,11:08:00,39.51,1469774,372,卖盘
1960,11:08:03,39.5,877116,222,卖盘
1961,11:08:06,39.5,782109,198,卖盘
1962,11:08:09,39.5,2208052,559,卖盘
1963,11:08:12,39.49,1838321,465,卖盘
1964,11:08:15,39.49,71085,18,卖盘
1965,11:08:18,39.49,292226,74,卖盘
1966,11:08:21,39.48,51335,13,卖盘
1967,11:08:24,39.48,47376,12,卖盘
1968,11:08:27,39.44,402535,102,卖盘
1969,11:08:30,39.44,63089,16,买盘
1970,11:08:33,39.44,7888,2,买盘
1971,11:08:36,39.43,145891,37,卖盘
1972,11:08:39,39.42,94616,24,卖盘
1973,11:08:42,39.42,19710,5,买盘
1974,11:08:45,39.41,504556,128,卖盘
1975,11:08:48,39.41,480786,122,卖盘
1976,11:08:51,39.4,47291,12,卖盘
1977,11:08:54,39.4,736784,187,卖盘
1978,11:08:57,39.4,535842,136,卖盘
1979,11:09:00,39.4,31520,8,买盘
1980,11:09:03,39.39,256088,65,卖盘
1981,11:09:06,39.4,1678445,426,买盘
1982,11:09:09,39.41,1544531,392,买盘
1983,11:09:12,39.4,200983,51,卖盘
1984,11:09:15,39.4,153670,39,卖盘
1985,11:09:18,39.4,161530,41,卖盘
1986,11:09:21,39.4,59100,15,买盘
1987,11:09:24,39.4,362448,92,买盘
1988,11:09:27,39.4,59109,15,卖盘
1989,11:09:30,39.4,200966,51,卖盘
1990,11:09:33,39.4,374325,95,卖盘
1991,11:09:36,39.4,118225,30,卖盘
1992,11:09:39,39.4,319138,81,卖盘
1993,11:09:42,39.4,78815,20,卖盘
1994,11:09:45,39.4,98502,25,买盘
1995,11:09:48,39.4,319131,81,卖盘
1996,11:09:51,39.4,43332,11,买盘
1997,11:09:54,39.39,263951,67,卖盘
1998,11:09:57,39.47,910503,231,买盘
1999,11:10:00,39.4,39401,10,卖盘
2000,11:10:03,39.4,236379,60,卖盘
2001,11:10:06,39.41,149731,38,买盘
2002,11:10:09,39.4,827354,210,卖盘
2003,11:10:12,39.39,204874,52,卖盘
2004,11:10:15,39.4,31520,8,买盘
2005,11:10:18,39.4,149700,38,卖盘
2006,11:10:21,39.41,39403,10,买盘
2007,11:10:24,39.4,173371,44,卖盘
2008,11:10:27,39.4,204934,52,卖盘
2009,11:10:30,39.41,74875,19,中性盘
2010,11:10:33,39.42,118231,30,买盘
2011,11:10:36,39.41,500511,127,卖盘
2012,11:10:39,39.41,220688,56,卖盘
2013,11:10:42,39.41,216733,55,买盘
2014,11:10:45,39.41,614684,156,买盘
2015,11:10:48,39.4,244290,62,卖盘
2016,11:10:51,39.4,51220,13,买盘
2017,11:10:54,39.4,216664,55,买盘
2018,11:10:57,39.4,212760,54,买盘
2019,11:11:00,39.4,122146,31,卖盘
2020,11:11:03,39.4,130033,33,卖盘
2021,11:11:06,39.4,287620,73,卖盘
2022,11:11:09,39.4,51210,13,买盘
2023,11:11:12,39.4,260008,66,买盘
2024,11:11:15,39.4,334860,85,买盘
2025,11:11:18,39.4,500321,127,买盘
2026,11:11:21,39.4,193051,49,买盘
2027,11:11:24,39.4,47271,12,买盘
2028,11:11:27,39.4,55147,14,买盘
2029,11:11:30,39.39,165457,42,卖盘
2030,11:11:33,39.4,279697,71,买盘
2031,11:11:36,39.4,283658,72,买盘
2032,11:11:39,39.4,126058,32,买盘
2033,11:11:42,39.39,303315,77,卖盘
2034,11:11:45,39.39,7878,2,买盘
2035,11:11:48,39.38,515881,131,卖盘
2036,11:11:51,39.37,641895,163,卖盘
2037,11:11:54,39.37,405532,103,卖盘
2038,11:11:57,39.37,440947,112,卖盘
2039,11:12:00,39.37,125984,32,买盘
2040,11:12:03,39.36,322788,82,卖盘
2041,11:12:06,39.36,322767,82,卖盘
2042,11:12:09,39.38,527440,134,买盘
2043,11:12:12,39.36,1220152,310,卖盘
2044,11:12:15,39.35,212495,54,卖盘
2045,11:12:18,39.35,35415,9,卖盘
2046,11:12:21,39.36,964136,245,买盘
2047,11:12:24,39.35,247905,63,卖盘
2048,11:12:27,39.35,51153,13,买盘
2049,11:12:30,39.35,149528,38,买盘
2050,11:12:33,39.34,507521,129,卖盘
2051,11:12:36,39.34,102287,26,卖盘
2052,11:12:39,39.33,236021,60,卖盘
2053,11:12:42,39.34,291083,74,买盘
2054,11:12:45,39.33,412966,105,卖盘
2055,11:12:48,39.33,291032,74,买盘
2056,11:12:51,39.32,235928,60,卖盘
2057,11:12:54,39.33,452169,115,买盘
2058,11:12:57,39.32,224126,57,中性盘
2059,11:13:00,39.31,279141,71,卖盘
2060,11:13:03,39.3,664483,169,卖盘
2061,11:13:06,39.3,23585,6,卖盘
2062,11:13:09,39.3,656431,167,卖盘
2063,11:13:12,39.3,113974,29,卖盘
2064,11:13:15,39.33,1497337,381,买盘
2065,11:13:18,39.33,239784,61,买盘
2066,11:13:21,39.31,133669,34,卖盘
2067,11:13:24,39.34,652909,166,买盘
2068,11:13:27,39.31,393280,100,卖盘
2069,11:13:30,39.31,145487,37,卖盘
2070,11:13:33,39.32,483518,123,中性盘
2071,11:13:36,39.32,39320,10,买盘
2072,11:13:39,39.31,204415,52,卖盘
2073,11:13:42,39.32,47180,12,买盘
2074,11:13:45,39.32,27519,7,买盘
2075,11:13:48,39.32,263447,67,卖盘
2076,11:13:51,39.33,314573,80,买盘
2077,11:13:54,39.32,117956,30,卖盘
2078,11:13:57,39.32,62912,16,买盘
2079,11:14:00,39.32,456111,116,买盘
2080,11:14:03,39.33,267427,68,买盘
2081,11:14:06,39.37,369946,94,买盘
2082,11:14:09,39.32,102246,26,卖盘
2083,11:14:12,39.32,578008,147,卖盘
2084,11:14:15,39.32,652712,166,买盘
2085,11:14:18,39.36,165197,42,买盘
2086,11:14:21,39.36,82587,21,买盘
2087,11:14:24,39.35,106264,27,中性盘
2088,11:14:27,39.36,479958,122,买盘
2089,11:14:30,39.36,141652,36,买盘
2090,11:14:33,39.36,27551,7,买盘
2091,11:14:36,39.36,350273,89,买盘
2092,11:14:39,39.36,106272,27,买盘
2093,11:14:42,39.36,110208,28,卖盘
2094,11:14:45,39.35,535226,136,卖盘
2095,11:14:48,39.36,27550,7,买盘
2096,11:14:51,39.36,90522,23,买盘
2097,11:14:54,39.36,334508,85,卖盘
2098,11:14:57,39.35,114123,29,中性盘
2099,11:15:00,39.34,302981,77,卖盘
2100,11:15:03,39.34,487927,124,卖盘
2101,11:15:06,39.34,70814,18,卖盘
2102,11:15:09,39.34,294999,75,买盘
2103,11:15:12,39.34,141627,36,买盘
2104,11:15:15,39.34,145558,37,卖盘
2105,11:15:18,39.35,78695,20,买盘
2106,11:15:21,39.35,31477,8,买盘
2107,11:15:24,39.35,200665,51,买盘
2108,11:15:27,39.34,232145,59,卖盘
2109,11:15:30,39.35,216405,55,买盘
2110,11:15:33,39.35,51153,13,买盘
2111,11:15:36,39.35,98374,25,买盘
2112,11:15:39,39.35,74764,19,买盘
2113,11:15:42,39.34,476127,121,卖盘
2114,11:15:45,39.35,70831,18,卖盘
2115,11:15:48,39.35,149558,38,卖盘
2116,11:15:51,39.35,1125412,286,卖盘
2117,11:15:54,39.35,346274,88,买盘
2118,11:15:57,39.35,62961,16,买盘
2119,11:16:00,39.35,39350,10,买盘
2120,11:16:03,39.36,74771,19,买盘
2121,11:16:06,39.36,70849,18,卖盘
2122,11:16:09,39.37,271615,69,买盘
2123,11:16:12,39.37,55128,14,卖盘
2124,11:16:15,39.38,334796,85,买盘
2125,11:16:18,39.41,1189729,302,买盘
2126,11:16:21,39.4,39409,10,中性盘
2127,11:16:24,39.41,35466,9,买盘
2128,11:16:27,39.41,98506,25,买盘
2129,11:16:30,39.41,153692,39,买盘
2130,11:16:33,39.4,527960,134,卖盘
2131,11:16:36,39.4,114260,29,买盘
2132,11:16:39,39.4,90616,23,买盘
2133,11:16:42,39.39,271807,69,卖盘
2134,11:16:45,39.4,94556,24,买盘
2135,11:16:48,39.39,338815,86,卖盘
2136,11:16:51,39.4,78785,20,买盘
2137,11:16:54,39.4,181210,46,买盘
2138,11:16:57,39.4,161536,41,买盘
2139,11:17:00,39.4,86680,22,卖盘
2140,11:17:03,39.38,433288,110,卖盘
2141,11:17:06,39.38,145706,37,卖盘
2142,11:17:09,39.39,145728,37,买盘
2143,11:17:12,39.39,177260,45,卖盘
2144,11:17:15,39.38,165409,42,卖盘
2145,11:17:18,39.37,287401,73,卖盘
2146,11:17:21,39.38,452791,115,买盘
2147,11:17:24,39.37,31492,8,中性盘
2148,11:17:27,39.37,141732,36,买盘
2149,11:17:30,39.37,185006,47,买盘
2150,11:17:33,39.37,3937,1,买盘
2151,11:17:36,39.37,82665,21,买盘
2152,11:17:39,39.37,7874,2,卖盘
2153,11:17:42,39.37,137798,35,卖盘
2154,11:17:45,39.38,35434,9,买盘
2155,11:17:48,39.36,464465,118,卖盘
2156,11:17:51,39.37,94488,24,买盘
2157,11:17:54,39.37,27559,7,买盘
2158,11:17:57,39.38,39376,10,买盘
2159,11:18:00,39.38,688968,175,买盘
2160,11:18:03,39.36,322752,82,卖盘
2161,11:18:06,39.36,173188,44,卖盘
2162,11:18:09,39.36,31487,8,买盘
2163,11:18:12,39.36,66912,17,买盘
2164,11:18:15,39.34,519418,132,卖盘
2165,11:18:18,39.34,216397,55,卖盘
2166,11:18:21,39.34,7869,2,卖盘
2167,11:18:24,39.34,283261,72,卖盘
2168,11:18:27,39.34,15734,4,买盘
2169,11:18:30,39.33,822062,209,卖盘
2170,11:18:33,39.34,232054,59,中性盘
2171,11:18:36,39.35,23608,6,买盘
2172,11:18:39,39.34,74753,19,卖盘
2173,11:18:42,39.35,15740,4,买盘
2174,11:18:45,39.34,141622,36,卖盘
2175,11:18:48,39.33,574221,146,卖盘
2176,11:18:51,39.33,94390,24,买盘
2177,11:18:54,39.32,51128,13,卖盘
2178,11:18:57,39.32,448258,114,卖盘
2179,11:19:00,39.31,479603,122,卖盘
2180,11:19:03,39.32,102213,26,买盘
2181,11:19:06,39.31,62911,16,卖盘
2182,11:19:09,39.32,271296,69,买盘
2183,11:19:12,39.32,94368,24,买盘
2184,11:19:15,39.33,208394,53,买盘
2185,11:19:18,39.32,39320,10,卖盘
2186,11:19:21,39.33,86510,22,买盘
2187,11:19:24,39.32,1191443,303,卖盘
2188,11:19:27,39.32,208396,53,卖盘
2189,11:19:30,39.33,51139,13,中性盘
2190,11:19:33,39.32,39321,10,卖盘
2191,11:19:36,39.33,23597,6,买盘
2192,11:19:39,39.32,613426,156,卖盘
2193,11:19:42,39.31,43246,11,卖盘
2194,11:19:45,39.33,121893,31,买盘
2195,11:19:48,39.32,3932,1,卖盘
2196,11:19:51,39.32,617324,157,卖盘
2197,11:19:54,39.32,82572,21,买盘
2198,11:19:57,39.33,806108,205,买盘
2199,11:20:00,39.32,353941,90,卖盘
2200,11:20:03,39.33,704221,179,中性盘
2201,11:20:06,39.33,212533,54,卖盘
2202,11:20:09,39.33,27536,7,卖盘
2203,11:20:12,39.33,35402,9,卖盘
2204,11:20:15,39.33,452411,115,卖盘
2205,11:20:18,39.33,440506,112,买盘
2206,11:20:21,39.35,55070,14,买盘
2207,11:20:24,39.33,117990,30,卖盘
2208,11:20:27,39.33,121935,31,卖盘
2209,11:20:30,39.33,43263,11,买盘
2210,11:20:33,39.33,62928,16,买盘
2211,11:20:36,39.32,589822,150,卖盘
2212,11:20:39,39.33,110117,28,买盘
2213,11:20:42,39.33,82590,21,买盘
2214,11:20:45,39.33,125846,32,买盘
2215,11:20:48,39.32,196612,50,卖盘
2216,11:20:51,39.33,66861,17,买盘
2217,11:20:54,39.33,70791,18,买盘
2218,11:20:57,39.33,39330,10,买盘
2219,11:21:00,39.33,3933,1,卖盘
2220,11:21:03,39.34,145522,37,买盘
2221,11:21:06,39.32,267399,68,卖盘
2222,11:21:09,39.32,74709,19,卖盘
2223,11:21:12,39.32,322425,82,卖盘
2224,11:21:15,39.33,306726,78,买盘
2225,11:21:18,39.32,216277,55,卖盘
2226,11:21:21,39.32,55046,14,买盘
2227,11:21:24,39.32,129730,33,买盘
2228,11:21:27,39.31,1505592,383,卖盘
2229,11:21:30,39.32,522919,133,买盘
2230,11:21:33,39.32,259514,66,卖盘
2231,11:21:36,39.31,1607493,409,卖盘
2232,11:21:39,39.31,302632,77,买盘
2233,11:21:42,39.31,31448,8,买盘
2234,11:21:45,39.31,613092,156,买盘
2235,11:21:48,39.3,2648866,674,卖盘
2236,11:21:51,39.3,66809,17,买盘
2237,11:21:54,39.29,27503,7,卖盘
2238,11:21:57,39.3,310438,79,买盘
2239,11:22:00,39.3,110036,28,买盘
2240,11:22:03,39.3,1096447,279,买盘
2241,11:22:06,39.29,927126,236,卖盘
2242,11:22:09,39.3,640428,163,买盘
2243,11:22:12,39.3,526502,134,买盘
2244,11:22:15,39.3,51092,13,卖盘
2245,11:22:18,39.3,436269,111,卖盘
2246,11:22:21,39.29,133608,34,卖盘
2247,11:22:24,39.3,74666,19,买盘
2248,11:22:27,39.3,227889,58,买盘
2249,11:22:30,39.29,506886,129,卖盘
2250,11:22:33,39.29,74637,19,买盘
2251,11:22:36,39.29,82494,21,买盘
2252,11:22:39,39.29,98223,25,买盘
2253,11:22:42,39.28,94273,24,卖盘
2254,11:22:45,39.27,769909,196,卖盘
2255,11:22:48,39.28,62848,16,买盘
2256,11:22:51,39.27,459481,117,卖盘
2257,11:22:54,39.27,184604,47,卖盘
2258,11:22:57,39.27,188503,48,卖盘
2259,11:23:00,39.27,2069412,527,卖盘
2260,11:23:03,39.29,585264,149,买盘
2261,11:23:06,39.31,428323,109,买盘
2262,11:23:09,39.29,98246,25,卖盘
2263,11:23:12,39.29,208227,53,卖盘
2264,11:23:15,39.29,31432,8,买盘
2265,11:23:18,39.29,98219,25,买盘
2266,11:23:21,39.3,51078,13,买盘
2267,11:23:24,39.3,357540,91,买盘
2268,11:23:27,39.29,93525,24,中性盘
2269,11:23:30,39.31,1257164,320,买盘
2270,11:23:33,39.31,23586,6,卖盘
2271,11:23:36,39.31,23586,6,卖盘
2272,11:23:39,39.31,149388,38,卖盘
2273,11:23:42,39.31,373465,95,卖盘
2274,11:23:45,39.3,78615,20,卖盘
2275,11:23:48,39.32,66844,17,中性盘
2276,11:23:51,39.32,27526,7,卖盘
2277,11:23:54,39.32,23592,6,卖盘
2278,11:23:57,39.32,114042,29,卖盘
2279,11:24:00,39.33,129787,33,买盘
2280,11:24:03,39.34,255676,65,买盘
2281,11:24:06,39.32,416805,106,卖盘
2282,11:24:09,39.32,47184,12,买盘
2283,11:24:12,39.31,39318,10,卖盘
2284,11:24:15,39.32,35387,9,买盘
2285,11:24:18,39.32,121880,31,买盘
2286,11:24:21,39.33,302769,77,买盘
2287,11:24:24,39.31,62896,16,卖盘
2288,11:24:27,39.31,373502,95,卖盘
2289,11:24:30,39.31,55034,14,买盘
2290,11:24:33,39.31,153308,39,买盘
2291,11:24:36,39.31,55032,14,买盘
2292,11:24:39,39.31,70758,18,买盘
2293,11:24:42,39.31,66824,17,买盘
2294,11:24:45,39.31,129724,33,买盘
2295,11:24:48,39.32,23588,6,买盘
2296,11:24:51,39.32,23592,6,买盘
2297,11:24:54,39.32,31455,8,卖盘
2298,11:24:57,39.32,3932,1,中性盘
2299,11:25:00,39.32,70775,18,买盘
2300,11:25:03,39.32,117967,30,卖盘
2301,11:25:06,39.32,593608,151,卖盘
2302,11:25:09,39.32,62912,16,中性盘
2303,11:25:12,39.32,82554,21,中性盘
2304,11:25:15,39.33,125828,32,买盘
2305,11:25:18,39.32,86517,22,中性盘
2306,11:25:21,39.33,47189,12,买盘
2307,11:25:24,39.32,35388,9,卖盘
2308,11:25:27,39.33,361836,92,买盘
2309,11:25:30,39.33,47204,12,卖盘
2310,11:25:33,39.35,385631,98,买盘
2311,11:25:36,39.37,279508,71,买盘
2312,11:25:39,39.36,11808,3,中性盘
2313,11:25:42,39.38,31485,8,买盘
2314,11:25:45,39.36,11810,3,中性盘
2315,11:25:48,39.36,31492,8,卖盘
2316,11:25:51,39.37,70882,18,中性盘
2317,11:25:54,39.38,196900,50,买盘
2318,11:25:57,39.39,555415,141,买盘
2319,11:26:00,39.39,39383,10,卖盘
2320,11:26:03,39.39,137844,35,买盘
2321,11:26:06,39.39,31512,8,买盘
2322,11:26:09,39.39,55146,14,卖盘
2323,11:26:12,39.39,788268,200,买盘
2324,11:26:15,39.39,35451,9,卖盘
2325,11:26:18,39.4,43340,11,买盘
2326,11:26:21,39.4,39400,10,卖盘
2327,11:26:24,39.42,98542,25,买盘
2328,11:26:27,39.42,153708,39,买盘
2329,11:26:30,39.41,145853,37,中性盘
2330,11:26:33,39.4,39400,10,卖盘
2331,11:26:36,39.41,82741,21,买盘
2332,11:26:39,39.41,244330,62,买盘
2333,11:26:42,39.42,35470,9,买盘
2334,11:26:45,39.4,15762,4,卖盘
2335,11:26:48,39.41,70940,18,买盘
2336,11:26:51,39.41,35462,9,中性盘
2337,11:26:54,39.41,39408,10,卖盘
2338,11:26:57,39.43,484926,123,买盘
2339,11:27:00,39.45,398374,101,买盘
2340,11:27:03,39.46,78890,20,买盘
2341,11:27:06,39.46,51294,13,买盘
2342,11:27:09,39.44,319606,81,卖盘
2343,11:27:12,39.46,165710,42,买盘
2344,11:27:15,39.46,583856,148,卖盘
2345,11:27:18,39.47,102622,26,买盘
2346,11:27:21,39.48,71064,18,买盘
2347,11:27:24,39.49,375153,95,买盘
2348,11:27:27,39.49,31588,8,买盘
2349,11:27:30,39.48,55272,14,卖盘
2350,11:27:33,39.49,386980,98,买盘
2351,11:27:36,39.48,59229,15,卖盘
2352,11:27:39,39.48,232953,59,卖盘
2353,11:27:42,39.48,11844,3,买盘
2354,11:27:45,39.48,15792,4,买盘
2355,11:27:48,39.48,78960,20,买盘
2356,11:27:51,39.48,690902,175,卖盘
2357,11:27:54,39.48,481658,122,卖盘
2358,11:27:57,39.48,142131,36,卖盘
2359,11:28:00,39.48,635631,161,卖盘
2360,11:28:03,39.48,1705591,432,卖盘
2361,11:28:06,39.48,146078,37,买盘
2362,11:28:09,39.48,71070,18,买盘
2363,11:28:12,39.48,177669,45,卖盘
2364,11:28:15,39.49,90821,23,买盘
2365,11:28:18,39.48,126346,32,卖盘
2366,11:28:21,39.48,90805,23,卖盘
2367,11:28:24,39.49,110550,28,买盘
2368,11:28:27,39.48,35532,9,卖盘
2369,11:28:30,39.49,11846,3,买盘
2370,11:28:33,39.48,47378,12,卖盘
2371,11:28:36,39.48,307973,78,卖盘
2372,11:28:39,39.49,39486,10,买盘
2373,11:28:42,39.49,114497,29,买盘
2374,11:28:45,39.48,71065,18,卖盘
2375,11:28:48,39.48,868567,220,卖盘
2376,11:28:51,39.48,106596,27,卖盘
2377,11:28:54,39.48,78974,20,卖盘
2378,11:28:57,39.49,1042322,264,买盘
2379,11:29:00,39.48,248746,63,卖盘
2380,11:29:03,39.49,19741,5,买盘
2381,11:29:06,39.48,106619,27,卖盘
2382,11:29:09,39.48,75021,19,卖盘
2383,11:29:12,39.47,363287,92,卖盘
2384,11:29:15,39.48,130274,33,中性盘
2385,11:29:18,39.48,169732,43,买盘
2386,11:29:21,39.47,35523,9,卖盘
2387,11:29:24,39.47,59207,15,卖盘
2388,11:29:27,39.48,201319,51,买盘
2389,11:29:30,39.48,446114,113,买盘
2390,11:29:33,39.49,122415,31,买盘
2391,11:29:36,39.48,292203,74,卖盘
2392,11:29:39,39.49,750264,190,买盘
2393,11:29:42,39.49,256736,65,卖盘
2394,11:29:45,39.48,181652,46,卖盘
2395,11:29:48,39.48,43433,11,卖盘
2396,11:29:51,39.49,75023,19,买盘
2397,11:29:54,39.5,2350075,595,买盘
2398,11:29:57,39.5,173795,44,买盘
2399,11:30:00,39.51,106677,27,买盘
2400,13:00:00,39.52,2580418,653,买盘
2401,13:00:03,39.51,3492913,884,卖盘
2402,13:00:06,39.53,1232821,312,中性盘
2403,13:00:09,39.51,1058898,268,卖盘
2404,13:00:12,39.49,1437571,364,卖盘
2405,13:00:15,39.49,339615,86,卖盘
2406,13:00:18,39.48,248769,63,卖盘
2407,13:00:21,39.49,78975,20,买盘
2408,13:00:24,39.48,63175,16,卖盘
2409,13:00:27,39.48,82910,21,卖盘
2410,13:00:30,39.48,347294,88,买盘
2411,13:00:33,39.47,777751,197,卖盘
2412,13:00:36,39.45,59186,15,卖盘
2413,13:00:39,39.45,189474,48,卖盘
2414,13:00:42,39.47,217036,55,买盘
2415,13:00:45,39.47,82887,21,买盘
2416,13:00:48,39.47,173668,44,卖盘
2417,13:00:51,39.47,31577,8,卖盘
2418,13:00:54,39.47,23678,6,买盘
2419,13:00:57,39.46,94704,24,卖盘
2420,13:01:00,39.46,78920,20,卖盘
2421,13:01:03,39.46,67082,17,买盘
2422,13:01:06,39.45,102573,26,卖盘
2423,13:01:09,39.44,201174,51,卖盘
2424,13:01:12,39.43,347076,88,卖盘
2425,13:01:15,39.43,11829,3,中性盘
2426,13:01:18,39.42,55188,14,卖盘
2427,13:01:21,39.47,599500,152,买盘
2428,13:01:24,39.43,169549,43,卖盘
2429,13:01:27,39.5,410644,104,买盘
2430,13:01:30,39.52,371414,94,买盘
2431,13:01:33,39.59,949476,240,买盘
2432,13:01:36,39.57,348247,88,卖盘
2433,13:01:39,39.55,221640,56,卖盘
2434,13:01:42,39.59,122719,31,中性盘
2435,13:01:45,39.59,407274,103,中性盘
2436,13:01:48,39.59,1057167,267,买盘
2437,13:01:51,39.57,122664,31,卖盘
2438,13:01:54,39.57,150330,38,中性盘
2439,13:01:57,39.59,672910,170,买盘
2440,13:02:00,39.58,193941,49,卖盘
2441,13:02:03,39.56,213689,54,卖盘
2442,13:02:06,39.54,565735,143,中性盘
2443,13:02:09,39.52,122548,31,卖盘
2444,13:02:12,39.52,98788,25,卖盘
2445,13:02:15,39.51,63216,16,卖盘
2446,13:02:18,39.45,244883,62,卖盘
2447,13:02:21,39.49,19745,5,中性盘
2448,13:02:24,39.5,67136,17,买盘
2449,13:02:27,39.5,244889,62,买盘
2450,13:02:30,39.51,367369,93,买盘
2451,13:02:33,39.5,197531,50,中性盘
2452,13:02:36,39.52,355573,90,买盘
2453,13:02:39,39.51,209350,53,卖盘
2454,13:02:42,39.53,256782,65,买盘
2455,13:02:45,39.46,75069,19,卖盘
2456,13:02:48,39.51,82950,21,买盘
2457,13:02:51,39.51,142191,36,买盘
2458,13:02:54,39.51,189562,48,买盘
2459,13:02:57,39.49,94791,24,卖盘
2460,13:03:00,39.52,309752,78,买盘
2461,13:03:03,39.52,256851,65,买盘
2462,13:03:06,39.52,426883,108,卖盘
2463,13:03:09,39.52,39523,10,卖盘
2464,13:03:12,39.54,280666,71,买盘
2465,13:03:15,39.52,185790,47,卖盘
2466,13:03:18,39.51,18178,5,卖盘
2467,13:03:21,39.49,94800,24,卖盘
2468,13:03:24,39.49,31585,8,买盘
2469,13:03:27,39.48,466113,118,买盘
2470,13:03:30,39.48,7898,2,中性盘
2471,13:03:33,39.45,331579,84,卖盘
2472,13:03:36,39.47,232817,59,买盘
2473,13:03:39,39.47,118410,30,卖盘
2474,13:03:42,39.48,122378,31,买盘
2475,13:03:45,39.47,248669,63,卖盘
2476,13:03:48,39.48,260533,66,买盘
2477,13:03:51,39.46,15784,4,卖盘
2478,13:03:54,39.46,591094,150,卖盘
2479,13:03:57,39.46,232785,59,卖盘
2480,13:04:00,39.45,280109,71,卖盘
2481,13:04:03,39.45,110470,28,卖盘
2482,13:04:06,39.45,15780,4,卖盘
2483,13:04:09,39.45,86787,22,卖盘
2484,13:04:12,39.45,74955,19,卖盘
2485,13:04:15,39.45,441774,112,买盘
2486,13:04:18,39.45,237516,60,买盘
2487,13:04:21,39.44,11830,3,中性盘
2488,13:04:24,39.43,90702,23,卖盘
2489,13:04:27,39.44,7888,2,买盘
2490,13:04:30,39.43,149834,38,卖盘
2491,13:04:33,39.43,1147597,291,买盘
2492,13:04:36,39.44,1366819,347,买盘
2493,13:04:39,39.43,43373,11,买盘
2494,13:04:42,39.42,24834,6,买盘
2495,13:04:45,39.41,51233,13,卖盘
2496,13:04:48,39.41,223094,57,卖盘
2497,13:04:51,39.41,118224,30,卖盘
2498,13:04:54,39.41,106407,27,买盘
2499,13:04:57,39.4,39406,10,卖盘
2500,13:05:00,39.41,165486,42,买盘
2501,13:05:03,39.41,43345,11,买盘
2502,13:05:06,39.4,102456,26,卖盘
2503,13:05:09,39.41,31524,8,买盘
2504,13:05:12,39.4,248220,63,卖盘
2505,13:05:15,39.39,122120,31,卖盘
2506,13:05:18,39.4,106372,27,买盘
2507,13:05:21,39.39,43329,11,卖盘
2508,13:05:24,39.39,673662,171,中性盘
2509,13:05:27,39.37,362346,92,卖盘
2510,13:05:30,39.39,11815,3,买盘
2511,13:05:33,39.36,106285,27,卖盘
2512,13:05:36,39.37,82682,21,中性盘
2513,13:05:39,39.37,177162,45,买盘
2514,13:05:42,39.37,173255,44,卖盘
2515,13:05:45,39.38,47249,12,买盘
2516,13:05:48,39.37,161390,41,中性盘
2517,13:05:51,39.37,82673,21,买盘
2518,13:05:54,39.36,47238,12,卖盘
2519,13:05:57,39.37,62981,16,中性盘
2520,13:06:00,39.37,401486,102,买盘
2521,13:06:03,39.36,240115,61,卖盘
2522,13:06:06,39.37,413636,105,卖盘
2523,13:06:09,39.38,74822,19,卖盘
2524,13:06:12,39.38,232324,59,卖盘
2525,13:06:15,39.38,98450,25,卖盘
2526,13:06:18,39.4,82707,21,买盘
2527,13:06:21,39.39,3939,1,买盘
2528,13:06:24,39.38,23628,6,卖盘
2529,13:06:27,39.37,236222,60,卖盘
2530,13:06:30,39.38,177231,45,买盘
2531,13:06:33,39.38,51197,13,中性盘
2532,13:06:36,39.39,216614,55,买盘
2533,13:06:39,39.38,263846,67,中性盘
2534,13:06:42,39.37,47250,12,卖盘
2535,13:06:48,39.37,11811,3,卖盘
2536,13:06:51,39.38,15752,4,买盘
2537,13:06:54,39.38,11813,3,买盘
2538,13:06:57,39.38,35442,9,买盘
2539,13:07:00,39.37,251973,64,卖盘
2540,13:07:03,39.38,19686,5,买盘
2541,13:07:06,39.38,90572,23,买盘
2542,13:07:09,39.36,889597,226,卖盘
2543,13:07:12,39.35,62975,16,卖盘
2544,13:07:15,39.36,278629,71,买盘
2545,13:07:18,39.35,279387,71,卖盘
2546,13:07:21,39.35,263655,67,卖盘
2547,13:07:24,39.34,110978,28,卖盘
2548,13:07:27,39.34,51137,13,买盘
2549,13:07:30,39.33,180940,46,卖盘
2550,13:07:33,39.33,23598,6,卖盘
2551,13:07:36,39.34,1513295,385,买盘
2552,13:07:39,39.33,463930,118,卖盘
2553,13:07:42,39.34,161306,41,中性盘
2554,13:07:45,39.33,298913,76,卖盘
2555,13:07:48,39.34,177093,45,买盘
2556,13:07:51,39.35,62956,16,中性盘
2557,13:07:54,39.36,133839,34,卖盘
2558,13:07:57,39.39,311090,79,买盘
2559,13:08:00,39.41,476739,121,买盘
2560,13:08:03,39.45,1013107,257,买盘
2561,13:08:06,39.46,151526,38,买盘
2562,13:08:09,39.46,7892,2,卖盘
2563,13:08:12,39.44,207558,53,卖盘
2564,13:08:15,39.4,299611,76,卖盘
2565,13:08:18,39.4,3940,1,买盘
2566,13:08:21,39.38,60665,15,卖盘
2567,13:08:24,39.39,90618,23,中性盘
2568,13:08:27,39.39,15756,4,卖盘
2569,13:08:30,39.39,43332,11,卖盘
2570,13:08:33,39.39,126049,32,卖盘
2571,13:08:36,39.39,19695,5,买盘
2572,13:08:39,39.39,122102,31,买盘
2573,13:08:42,39.4,204834,52,买盘
2574,13:08:45,39.39,252099,64,卖盘
2575,13:08:48,39.39,626259,159,卖盘
2576,13:08:51,39.39,66957,17,买盘
2577,13:08:54,39.39,47268,12,买盘
2578,13:08:57,39.38,137855,35,卖盘
2579,13:09:00,39.39,110292,28,买盘
2580,13:09:03,39.37,507954,129,卖盘
2581,13:09:06,39.38,55143,14,卖盘
2582,13:09:09,39.39,70902,18,买盘
2583,13:09:12,39.39,15756,4,卖盘
2584,13:09:15,39.4,145750,37,买盘
2585,13:09:18,39.39,82739,21,中性盘
2586,13:09:21,39.4,874680,222,买盘
2587,13:09:24,39.4,228562,58,卖盘
2588,13:09:27,39.41,7882,2,中性盘
2589,13:09:30,39.41,7881,2,买盘
2590,13:09:33,39.41,264041,67,买盘
2591,13:09:36,39.41,70938,18,买盘
2592,13:09:39,39.41,709442,180,买盘
2593,13:09:42,39.44,252287,64,买盘
2594,13:09:45,39.42,110359,28,中性盘
2595,13:09:48,39.42,102491,26,买盘
2596,13:09:51,39.41,122201,31,卖盘
2597,13:09:54,39.43,3943,1,买盘
2598,13:09:57,39.42,161629,41,卖盘
2599,13:10:00,39.43,47316,12,买盘
2600,13:10:03,39.44,378553,96,买盘
2601,13:10:06,39.44,205042,52,买盘
2602,13:10:09,39.43,35487,9,中性盘
2603,13:10:12,39.44,51261,13,买盘
2604,13:10:15,39.44,43384,11,买盘
2605,13:10:18,39.44,47328,12,买盘
2606,13:10:21,39.44,59160,15,买盘
2607,13:10:24,39.45,59169,15,买盘
2608,13:10:27,39.45,39444,10,中性盘
2609,13:10:30,39.44,303679,77,卖盘
2610,13:10:33,39.43,252397,64,卖盘
2611,13:10:36,39.43,78865,20,卖盘
2612,13:10:39,39.42,141955,36,卖盘
2613,13:10:42,39.42,126167,32,卖盘
2614,13:10:45,39.42,626779,159,卖盘
2615,13:10:48,39.44,358818,91,买盘
2616,13:10:51,39.44,31546,8,买盘
2617,13:10:54,39.43,3943,1,卖盘
2618,13:10:57,39.42,445517,113,卖盘
2619,13:11:00,39.44,35491,9,中性盘
2620,13:11:03,39.43,189301,48,卖盘
2621,13:11:06,39.43,149839,38,卖盘
2622,13:11:09,39.44,35484,9,买盘
2623,13:11:12,39.44,122248,31,买盘
2624,13:11:15,39.41,717357,182,卖盘
2625,13:11:18,39.41,74877,19,买盘
2626,13:11:21,39.41,374391,95,买盘
2627,13:11:24,39.4,102446,26,卖盘
2628,13:11:27,39.38,1173971,298,卖盘
2629,13:11:30,39.39,55144,14,买盘
2630,13:11:33,39.39,47267,12,买盘
2631,13:11:36,39.37,455005,116,卖盘
2632,13:11:39,39.37,70858,18,买盘
2633,13:11:42,39.37,101956,26,买盘
2634,13:11:45,39.37,23623,6,卖盘
2635,13:11:48,39.37,47639,12,卖盘
2636,13:11:51,39.37,19685,5,买盘
2637,13:11:54,39.36,19680,5,卖盘
2638,13:11:57,39.36,62972,16,买盘
2639,13:12:00,39.36,51166,13,买盘
2640,13:12:03,39.35,299065,76,卖盘
2641,13:12:06,39.36,966666,246,买盘
2642,13:12:09,39.35,84228,21,卖盘
2643,13:12:12,39.35,39350,10,买盘
2644,13:12:15,39.35,59014,15,买盘
2645,13:12:18,39.35,236064,60,买盘
2646,13:12:21,39.35,74758,19,买盘
2647,13:12:24,39.35,78684,20,买盘
2648,13:12:27,39.35,102294,26,买盘
2649,13:12:30,39.35,133782,34,买盘
2650,13:12:33,39.35,59024,15,买盘
2651,13:12:36,39.33,200605,51,卖盘
2652,13:12:39,39.33,271383,69,卖盘
2653,13:12:42,39.35,94402,24,买盘
2654,13:12:45,39.33,1309000,333,中性盘
2655,13:12:48,39.32,19663,5,卖盘
2656,13:12:51,39.35,149429,38,买盘
2657,13:12:54,39.32,306696,78,卖盘
2658,13:12:57,39.32,19660,5,卖盘
2659,13:13:00,39.33,39324,10,买盘
2660,13:13:03,39.3,1739546,443,卖盘
2661,13:13:06,39.3,455883,116,卖盘
2662,13:13:09,39.3,1414803,360,卖盘
2663,13:13:12,39.3,180812,46,卖盘
2664,13:13:15,39.3,113996,29,卖盘
2665,13:13:18,39.3,58962,15,卖盘
2666,13:13:21,39.31,58962,15,买盘
2667,13:13:24,39.32,400984,102,买盘
2668,13:13:27,39.33,137635,35,买盘
2669,13:13:30,39.34,59004,15,买盘
2670,13:13:33,39.33,381573,97,卖盘
2671,13:13:36,39.35,3935,1,买盘
2672,13:13:39,39.35,19671,5,买盘
2673,13:13:42,39.35,59025,15,买盘
2674,13:13:45,39.33,19665,5,卖盘
2675,13:13:48,39.33,200608,51,卖盘
2676,13:13:51,39.33,11801,3,卖盘
2677,13:13:54,39.33,114059,29,卖盘
2678,13:13:57,39.33,11801,3,卖盘
2679,13:14:00,39.33,232061,59,卖盘
2680,13:14:03,39.32,78647,20,卖盘
2681,13:14:06,39.3,408812,104,卖盘
2682,13:14:09,39.31,58964,15,中性盘
2683,13:14:12,39.3,267241,68,卖盘
2684,13:14:15,39.3,436230,111,卖盘
2685,13:14:18,39.29,170555,43,卖盘
2686,13:14:21,39.29,200410,51,卖盘
2687,13:14:24,39.29,70725,18,卖盘
2688,13:14:27,39.29,58935,15,卖盘
2689,13:14:30,39.29,149305,38,卖盘
2690,13:14:33,39.28,180733,46,卖盘
2691,13:14:36,39.28,239628,61,卖盘
2692,13:14:39,39.28,90347,23,卖盘
2693,13:14:42,39.28,176760,45,卖盘
2694,13:14:45,39.29,208209,53,买盘
2695,13:14:48,39.29,137484,35,买盘
2696,13:14:51,39.28,129652,33,卖盘
2697,13:14:54,39.28,204280,52,卖盘
2698,13:14:57,39.28,718837,183,卖盘
2699,13:15:00,39.28,133561,34,卖盘
2700,13:15:03,39.27,125672,32,卖盘
2701,13:15:06,39.27,459431,117,卖盘
2702,13:15:12,39.27,192404,49,买盘
2703,13:15:15,39.27,832334,212,买盘
2704,13:15:18,39.25,2119655,540,卖盘
2705,13:15:21,39.25,54955,14,卖盘
2706,13:15:24,39.26,66742,17,买盘
2707,13:15:27,39.25,557362,142,卖盘
2708,13:15:30,39.25,145225,37,卖盘
2709,13:15:33,39.25,969502,247,卖盘
2710,13:15:36,39.26,235529,60,买盘
2711,13:15:39,39.26,278683,71,买盘
2712,13:15:42,39.26,157035,40,买盘
2713,13:15:45,39.26,439643,112,卖盘
2714,13:15:48,39.29,746264,190,买盘
2715,13:15:51,39.31,416574,106,买盘
2716,13:15:54,39.32,35388,9,买盘
2717,13:15:57,39.3,33806,9,中性盘
2718,13:16:00,39.32,578004,147,卖盘
2719,13:16:03,39.32,617302,157,卖盘
2720,13:16:06,39.31,27524,7,中性盘
2721,13:16:09,39.3,47163,12,卖盘
2722,13:16:12,39.29,420389,107,卖盘
2723,13:16:15,39.29,62861,16,买盘
2724,13:16:18,39.29,3929,1,买盘
2725,13:16:21,39.29,27500,7,买盘
2726,13:16:24,39.28,200376,51,中性盘
2727,13:16:27,39.29,62858,16,买盘
2728,13:16:30,39.28,420370,107,卖盘
2729,13:16:33,39.3,161096,41,买盘
2730,13:16:36,39.3,113970,29,买盘
2731,13:16:39,39.31,161171,41,买盘
2732,13:16:42,39.3,39304,10,卖盘
2733,13:16:45,39.28,872304,222,卖盘
2734,13:16:51,39.29,62876,16,卖盘
2735,13:16:54,39.28,192482,49,卖盘
2736,13:16:57,39.28,43208,11,买盘
2737,13:17:00,39.28,27490,7,买盘
2738,13:17:03,39.27,192453,49,卖盘
2739,13:17:06,39.27,357511,91,卖盘
2740,13:17:09,39.27,43209,11,卖盘
2741,13:17:12,39.28,62839,16,买盘
2742,13:17:15,39.27,380954,97,卖盘
2743,13:17:18,39.28,23565,6,中性盘
2744,13:17:21,39.27,58905,15,卖盘
2745,13:17:24,39.28,153167,39,买盘
2746,13:17:27,39.28,86408,22,买盘
2747,13:17:30,39.27,793095,202,卖盘
2748,13:17:33,39.27,47115,12,买盘
2749,13:17:36,39.26,329794,84,卖盘
2750,13:17:39,39.26,23556,6,买盘
2751,13:17:42,39.25,443634,113,卖盘
2752,13:17:45,39.25,39260,10,卖盘
2753,13:17:48,39.25,133468,34,卖盘
2754,13:17:51,39.25,510412,130,卖盘
2755,13:17:54,39.25,200175,51,卖盘
2756,13:17:57,39.26,7852,2,中性盘
2757,13:18:00,39.25,121683,31,卖盘
2758,13:18:03,39.26,39254,10,中性盘
2759,13:18:06,39.25,149158,38,卖盘
2760,13:18:09,39.25,62804,16,卖盘
2761,13:18:12,39.25,467083,119,卖盘
2762,13:18:15,39.25,184484,47,卖盘
2763,13:18:18,39.25,164850,42,卖盘
2764,13:18:21,39.24,204057,52,卖盘
2765,13:18:24,39.24,294303,75,卖盘
2766,13:18:27,39.24,431640,110,买盘
2767,13:18:30,39.24,105944,27,买盘
2768,13:18:33,39.24,164793,42,买盘
2769,13:18:36,39.24,243287,62,买盘
2770,13:18:39,39.24,141263,36,卖盘
2771,13:18:42,39.23,27463,7,卖盘
2772,13:18:45,39.24,149128,38,买盘
2773,13:18:48,39.23,117704,30,卖盘
2774,13:18:51,39.23,90230,23,卖盘
2775,13:18:54,39.24,160850,41,买盘
2776,13:18:57,39.23,223612,57,卖盘
2777,13:19:00,39.23,141219,36,买盘
2778,13:19:03,39.22,94133,24,卖盘
2779,13:19:06,39.22,254968,65,卖盘
2780,13:19:09,39.22,1210731,309,卖盘
2781,13:19:12,39.22,252185,64,卖盘
2782,13:19:15,39.22,345134,88,买盘
2783,13:19:18,39.22,606841,155,买盘
2784,13:19:21,39.21,447061,114,卖盘
2785,13:19:24,39.21,35289,9,卖盘
2786,13:19:27,39.21,584229,149,卖盘
2787,13:19:30,39.21,333289,85,卖盘
2788,13:19:33,39.21,47054,12,卖盘
2789,13:19:36,39.21,227418,58,卖盘
2790,13:19:39,39.22,1168623,298,买盘
2791,13:19:42,39.22,160816,41,卖盘
2792,13:19:45,39.23,600245,153,买盘
2793,13:19:48,39.22,266743,68,卖盘
2794,13:19:51,39.25,2087901,532,中性盘
2795,13:19:54,39.23,82412,21,卖盘
2796,13:19:57,39.25,58866,15,中性盘
2797,13:20:00,39.25,74581,19,中性盘
2798,13:20:03,39.25,325802,83,买盘
2799,13:20:06,39.24,145205,37,卖盘
2800,13:20:09,39.25,15698,4,买盘
2801,13:20:12,39.25,102038,26,买盘
2802,13:20:15,39.24,127138,32,卖盘
2803,13:20:18,39.23,141235,36,卖盘
2804,13:20:21,39.23,58845,15,买盘
2805,13:20:24,39.22,262798,67,卖盘
2806,13:20:27,39.23,39228,10,买盘
2807,13:20:30,39.22,674589,172,卖盘
2808,13:20:33,39.21,592153,151,卖盘
2809,13:20:36,39.22,172563,44,买盘
2810,13:20:39,39.21,497994,127,卖盘
2811,13:20:42,39.21,168642,43,卖盘
2812,13:20:45,39.21,188218,48,卖盘
2813,13:20:48,39.26,1463440,373,买盘
2814,13:20:51,39.26,141284,36,卖盘
2815,13:20:54,39.26,70604,18,买盘
2816,13:20:57,39.26,254924,65,买盘
2817,13:21:00,39.23,172636,44,卖盘
2818,13:21:03,39.26,427794,109,买盘
2819,13:21:06,39.26,1652780,421,买盘
2820,13:21:09,39.26,58890,15,卖盘
2821,13:21:12,39.26,82476,21,卖盘
2822,13:21:15,39.26,11778,3,卖盘
2823,13:21:18,39.26,125634,32,卖盘
2824,13:21:21,39.29,1103423,281,买盘
2825,13:21:24,39.27,565676,144,卖盘
2826,13:21:27,39.26,70669,18,卖盘
2827,13:21:30,39.27,39270,10,买盘
2828,13:21:33,39.27,137445,35,买盘
2829,13:21:36,39.28,157061,40,买盘
2830,13:21:39,39.28,86408,22,买盘
2831,13:21:42,39.28,145330,37,买盘
2832,13:21:45,39.28,47127,12,卖盘
2833,13:21:48,39.3,459747,117,买盘
2834,13:21:51,39.28,443872,113,卖盘
2835,13:21:54,39.3,550071,140,买盘
2836,13:21:57,39.3,51090,13,卖盘
2837,13:22:00,39.3,11790,3,中性盘
2838,13:22:03,39.3,110040,28,买盘
2839,13:22:09,39.3,98250,25,卖盘
2840,13:22:12,39.3,39296,10,买盘
2841,13:22:15,39.31,90411,23,买盘
2842,13:22:18,39.3,39299,10,中性盘
2843,13:22:21,39.31,23582,6,买盘
2844,13:22:24,39.31,43239,11,买盘
2845,13:22:27,39.31,133653,34,买盘
2846,13:22:30,39.32,538501,137,买盘
2847,13:22:33,39.31,424498,108,卖盘
2848,13:22:36,39.29,204357,52,卖盘
2849,13:22:39,39.28,129660,33,卖盘
2850,13:22:42,39.29,157135,40,买盘
2851,13:22:45,39.28,400666,102,卖盘
2852,13:22:48,39.28,251369,64,卖盘
2853,13:22:51,39.28,157073,40,买盘
2854,13:22:54,39.28,31413,8,买盘
2855,13:22:57,39.27,31416,8,中性盘
2856,13:23:00,39.26,259224,66,卖盘
2857,13:23:03,39.28,98192,25,买盘
2858,13:23:06,39.27,27487,7,中性盘
2859,13:23:09,39.26,62825,16,卖盘
2860,13:23:12,39.27,15708,4,中性盘
2861,13:23:15,39.27,51042,13,卖盘
2862,13:23:18,39.27,31411,8,卖盘
2863,13:23:21,39.27,58905,15,买盘
2864,13:23:24,39.26,31408,8,卖盘
2865,13:23:27,39.26,125628,32,卖盘
2866,13:23:30,39.26,74595,19,卖盘
2867,13:23:33,39.26,125633,32,卖盘
2868,13:23:36,39.26,3926,1,买盘
2869,13:23:39,39.25,231601,59,卖盘
2870,13:23:45,39.25,522026,133,卖盘
2871,13:23:48,39.24,62799,16,卖盘
2872,13:23:51,39.25,184475,47,买盘
2873,13:23:54,39.25,204095,52,买盘
2874,13:23:57,39.26,208076,53,买盘
2875,13:24:00,39.26,278757,71,卖盘
2876,13:24:03,39.26,31408,8,卖盘
2877,13:24:06,39.26,3926,1,买盘
2878,13:24:09,39.26,106002,27,买盘
2879,13:24:12,39.26,90284,23,卖盘
2880,13:24:15,39.26,94208,24,买盘
2881,13:24:18,39.27,565260,144,买盘
2882,13:24:21,39.26,15698,4,中性盘
2883,13:24:24,39.26,74592,19,买盘
2884,13:24:27,39.26,66728,17,买盘
2885,13:24:30,39.26,180581,46,买盘
2886,13:24:33,39.26,113828,29,买盘
2887,13:24:36,39.26,3926,1,卖盘
2888,13:24:39,39.26,11778,3,卖盘
2889,13:24:42,39.27,168817,43,买盘
2890,13:24:45,39.26,11780,3,卖盘
2891,13:24:48,39.26,23557,6,卖盘
2892,13:24:51,39.27,78540,20,买盘
2893,13:24:54,39.26,227709,58,卖盘
2894,13:24:57,39.26,7852,2,买盘
2895,13:25:00,39.26,3926,1,买盘
2896,13:25:03,39.26,176631,45,买盘
2897,13:25:06,39.26,11778,3,买盘
2898,13:25:09,39.27,1252677,319,买盘
2899,13:25:12,39.26,106033,27,卖盘
2900,13:25:18,39.28,70689,18,买盘
2901,13:25:21,39.26,31408,8,卖盘
2902,13:25:24,39.26,117795,30,卖盘
2903,13:25:27,39.26,51038,13,卖盘
2904,13:25:30,39.27,102088,26,买盘
2905,13:25:33,39.26,86379,22,卖盘
2906,13:25:36,39.26,333706,85,买盘
2907,13:25:39,39.25,227677,58,卖盘
2908,13:25:42,39.26,27482,7,买盘
2909,13:25:45,39.25,98135,25,卖盘
2910,13:25:48,39.25,35330,9,卖盘
2911,13:25:51,39.25,384663,98,卖盘
2912,13:25:54,39.26,109911,28,买盘
2913,13:25:57,39.26,7852,2,买盘
2914,13:26:00,39.26,11777,3,买盘
2915,13:26:03,39.26,180595,46,买盘
2916,13:26:06,39.25,145237,37,卖盘
2917,13:26:09,39.26,43177,11,买盘
2918,13:26:12,39.25,290450,74,卖盘
2919,13:26:15,39.25,31396,8,买盘
2920,13:26:18,39.25,31398,8,买盘
2921,13:26:21,39.25,117750,30,买盘
2922,13:26:24,39.25,200175,51,买盘
2923,13:26:27,39.25,219801,56,卖盘
2924,13:26:30,39.3,710796,181,买盘
2925,13:26:33,39.26,43195,11,卖盘
2926,13:26:36,39.29,23570,6,买盘
2927,13:26:39,39.26,86413,22,卖盘
2928,13:26:42,39.26,98168,25,卖盘
2929,13:26:45,39.26,31408,8,卖盘
2930,13:26:48,39.26,31416,8,卖盘
2931,13:26:51,39.26,23557,6,卖盘
2932,13:26:54,39.26,133495,34,卖盘
2933,13:26:57,39.26,58890,15,买盘
2934,13:27:00,39.26,35330,9,买盘
2935,13:27:03,39.25,105980,27,卖盘
2936,13:27:06,39.26,160936,41,买盘
2937,13:27:09,39.26,157010,40,买盘
2938,13:27:12,39.26,94207,24,买盘
2939,13:27:15,39.26,266958,68,买盘
2940,13:27:18,39.26,102076,26,卖盘
2941,13:27:21,39.25,310129,79,卖盘
2942,13:27:27,39.25,15702,4,卖盘
2943,13:27:30,39.25,19626,5,卖盘
2944,13:27:33,39.25,31406,8,卖盘
2945,13:27:36,39.26,94224,24,买盘
2946,13:27:39,39.26,149160,38,买盘
2947,13:27:42,39.26,180581,46,买盘
2948,13:27:45,39.26,247288,63,买盘
2949,13:27:48,39.26,396426,101,买盘
2950,13:27:51,39.26,66734,17,买盘
2951,13:27:54,39.26,62806,16,买盘
2952,13:27:57,39.26,62816,16,买盘
2953,13:28:00,39.26,176640,45,买盘
2954,13:28:03,39.26,133484,34,买盘
2955,13:28:06,39.26,212004,54,买盘
2956,13:28:09,39.26,321889,82,买盘
2957,13:28:12,39.26,105989,27,中性盘
2958,13:28:15,39.25,86351,22,卖盘
2959,13:28:18,39.24,463160,118,卖盘
2960,13:28:21,39.24,989006,252,卖盘
2961,13:28:24,39.24,608224,155,卖盘
2962,13:28:27,39.25,160903,41,买盘
2963,13:28:30,39.24,255884,65,卖盘
2964,13:28:33,39.24,278617,71,卖盘
2965,13:28:36,39.24,266010,68,卖盘
2966,13:28:39,39.23,125551,32,卖盘
2967,13:28:42,39.23,466844,119,卖盘
2968,13:28:45,39.23,1157299,295,卖盘
2969,13:28:48,39.24,105923,27,买盘
2970,13:28:51,39.23,337386,86,卖盘
2971,13:28:54,39.23,266778,68,卖盘
2972,13:28:57,39.24,231469,59,买盘
2973,13:29:00,39.24,3263939,832,买盘
2974,13:29:03,39.23,431532,110,卖盘
2975,13:29:06,39.23,533443,136,卖盘
2976,13:29:09,39.23,101998,26,买盘
2977,13:29:12,39.21,137278,35,卖盘
2978,13:29:15,39.23,94133,24,买盘
2979,13:29:18,39.22,27451,7,中性盘
2980,13:29:21,39.22,341151,87,买盘
2981,13:29:24,39.21,317611,81,卖盘
2982,13:29:27,39.22,31371,8,买盘
2983,13:29:30,39.21,15684,4,卖盘
2984,13:29:33,39.21,799953,204,卖盘
2985,13:29:36,39.21,82355,21,卖盘
2986,13:29:39,39.22,54902,14,买盘
2987,13:29:42,39.21,199985,51,卖盘
2988,13:29:45,39.22,697942,178,买盘
2989,13:29:48,39.22,258852,66,买盘
2990,13:29:51,39.21,188224,48,卖盘
2991,13:29:54,39.22,184289,47,中性盘
2992,13:29:57,39.22,39218,10,买盘
2993,13:30:00,39.21,243110,62,卖盘
2994,13:30:03,39.22,334939,85,买盘
2995,13:30:06,39.24,1460833,372,买盘
2996,13:30:09,39.24,207966,53,买盘
2997,13:30:12,39.23,290390,74,中性盘
2998,13:30:15,39.23,117694,30,中性盘
2999,13:30:18,39.26,94159,24,买盘
3000,13:30:21,39.23,78473,20,卖盘
3001,13:30:24,39.23,145166,37,卖盘
3002,13:30:27,39.23,160844,41,买盘
3003,13:30:30,39.23,305989,78,买盘
3004,13:30:33,39.24,82387,21,买盘
3005,13:30:36,39.25,11772,3,买盘
3006,13:30:39,39.24,11772,3,中性盘
3007,13:30:42,39.23,43159,11,卖盘
3008,13:30:45,39.24,58858,15,买盘
3009,13:30:48,39.24,247211,63,买盘
3010,13:30:51,39.23,11769,3,卖盘
3011,13:30:54,39.23,74547,19,卖盘
3012,13:30:57,39.23,7846,2,卖盘
3013,13:31:00,39.23,11770,3,卖盘
3014,13:31:03,39.23,313840,80,卖盘
3015,13:31:06,39.23,192227,49,卖盘
3016,13:31:09,39.23,541344,138,买盘
3017,13:31:12,39.23,27461,7,买盘
3018,13:31:15,39.23,15690,4,买盘
3019,13:31:18,39.23,305985,78,买盘
3020,13:31:21,39.23,215765,55,买盘
3021,13:31:24,39.22,70614,18,卖盘
3022,13:31:27,39.23,58852,15,卖盘
3023,13:31:30,39.24,94172,24,买盘
3024,13:31:33,39.23,74543,19,卖盘
3025,13:31:36,39.23,62769,16,卖盘
3026,13:31:39,39.27,1750543,446,买盘
