,成交时间,成交价格,成交金额,成交量,性质
0,09:25:00,53.1,65392650,12315,买盘
1,09:30:00,53.31,19383526,3636,买盘
2,09:30:03,53.34,27721868,5195,买盘
3,09:30:06,53.5,13460066,2517,买盘
4,09:30:09,53.6,20297878,3788,买盘
5,09:30:12,53.74,5835596,1086,买盘
6,09:30:15,53.81,11026344,2050,买盘
7,09:30:18,53.89,5819605,1080,买盘
8,09:30:21,53.94,12315515,2284,买盘
9,09:30:24,53.96,9513088,1763,买盘
10,09:30:27,54.01,13509084,2502,买盘
11,09:30:30,54.11,19570561,3621,买盘
12,09:30:33,54.16,7014444,1296,买盘
13,09:30:36,54.13,10255079,1895,卖盘
14,09:30:39,54.06,15538281,2869,卖盘
15,09:30:42,54.03,6224894,1151,卖盘
16,09:30:45,54.03,5062486,937,卖盘
17,09:30:48,54.23,31617255,5845,买盘
18,09:30:51,54.11,14431750,2668,卖盘
19,09:30:54,54.04,5517765,1019,卖盘
20,09:30:57,54.06,3645879,674,中性盘
21,09:31:00,53.94,9724026,1800,卖盘
22,09:31:03,53.98,2499009,463,买盘
23,09:31:06,53.89,5357699,994,卖盘
24,09:31:09,53.85,3863698,717,卖盘
25,09:31:12,53.79,2659706,494,卖盘
26,09:31:15,53.78,6147488,1142,卖盘
27,09:31:18,53.71,1644703,306,卖盘
28,09:31:21,53.75,1616946,301,买盘
29,09:31:24,53.66,3162566,589,卖盘
30,09:31:27,53.66,6252887,1165,卖盘
31,09:31:30,53.66,9711529,1809,卖盘
32,09:31:33,53.66,6498286,1211,买盘
33,09:31:36,53.66,4067120,758,卖盘
34,09:31:39,53.67,3219491,600,买盘
35,09:31:42,53.78,11233206,2091,买盘
36,09:31:45,53.67,6830213,1272,卖盘
37,09:31:48,53.79,4625094,860,买盘
38,09:31:51,53.77,5990345,1114,卖盘
39,09:31:54,53.86,3426383,637,中性盘
40,09:31:57,53.8,2486353,462,中性盘
41,09:32:00,53.86,4684996,871,卖盘
42,09:32:03,53.82,5989331,1113,中性盘
43,09:32:06,53.85,3847728,715,中性盘
44,09:32:09,53.8,3320479,617,卖盘
45,09:32:12,53.79,2618567,487,卖盘
46,09:32:15,53.67,3325917,619,卖盘
47,09:32:18,53.71,3871302,721,中性盘
48,09:32:21,53.65,2603243,485,卖盘
49,09:32:24,53.65,4067744,758,卖盘
50,09:32:27,53.68,3561192,663,买盘
51,09:32:30,53.78,2901355,540,买盘
52,09:32:33,53.74,1536408,286,买盘
53,09:32:36,53.74,1633458,304,买盘
54,09:32:39,53.7,2617514,487,卖盘
55,09:32:42,53.72,2545749,474,中性盘
56,09:32:45,53.7,4778987,890,卖盘
57,09:32:48,53.7,3615140,674,买盘
58,09:32:51,53.67,2855871,532,中性盘
59,09:32:54,53.61,2342494,437,卖盘
60,09:32:57,53.56,969408,181,卖盘
61,09:33:00,53.56,1328126,248,买盘
62,09:33:03,53.55,2593095,484,买盘
63,09:33:06,53.52,5286797,988,卖盘
64,09:33:09,53.51,5831635,1090,卖盘
65,09:33:12,53.42,1623335,304,卖盘
66,09:33:15,53.52,13966547,2609,买盘
67,09:33:18,53.48,2426753,454,卖盘
68,09:33:21,53.47,4457105,834,卖盘
69,09:33:24,53.46,4304696,805,买盘
70,09:33:27,53.33,1824739,342,卖盘
71,09:33:30,53.44,1825340,342,买盘
72,09:33:33,53.37,2569820,482,中性盘
73,09:33:36,53.27,2740978,514,卖盘
74,09:33:39,53.3,2916145,547,买盘
75,09:33:42,53.24,3670133,689,卖盘
76,09:33:45,53.27,995812,187,中性盘
77,09:33:48,53.24,2448569,460,卖盘
78,09:33:51,53.24,10463416,1964,买盘
79,09:33:54,53.23,4366400,820,卖盘
80,09:33:57,53.25,4992313,937,卖盘
81,09:34:00,53.29,3014156,566,中性盘
82,09:34:03,53.33,2585041,485,买盘
83,09:34:06,53.43,1526350,286,买盘
84,09:34:09,53.45,2659793,498,买盘
85,09:34:12,53.43,2387929,447,卖盘
86,09:34:15,53.45,1726206,323,买盘
87,09:34:18,53.46,2838572,531,买盘
88,09:34:21,53.5,1813826,339,买盘
89,09:34:24,53.52,2686565,502,中性盘
90,09:34:27,53.57,2141187,400,买盘
91,09:34:30,53.57,1184067,221,买盘
92,09:34:33,53.5,14474011,2705,卖盘
93,09:34:36,53.43,4411837,825,卖盘
94,09:34:39,53.37,1543713,289,卖盘
95,09:34:42,53.36,1120398,210,卖盘
96,09:34:45,53.4,4286149,803,买盘
97,09:34:48,53.33,2336274,438,卖盘
98,09:34:51,53.34,1322587,248,中性盘
99,09:34:54,53.34,1563224,293,卖盘
100,09:34:57,53.25,32040416,6013,卖盘
101,09:35:00,53.21,6807882,1278,中性盘
102,09:35:03,53.25,3703520,695,中性盘
103,09:35:06,53.2,3341526,628,卖盘
104,09:35:09,53.18,888376,167,中性盘
105,09:35:12,53.2,2367774,445,买盘
106,09:35:15,53.24,3491313,656,中性盘
107,09:35:18,53.25,3890801,731,中性盘
108,09:35:21,53.3,2601708,488,中性盘
109,09:35:24,53.39,3527371,661,买盘
110,09:35:27,53.39,4122360,772,买盘
111,09:35:30,53.37,2140023,401,卖盘
112,09:35:33,53.39,832669,156,买盘
113,09:35:36,53.37,645840,121,中性盘
114,09:35:39,53.39,1521111,285,买盘
115,09:35:42,53.37,4572607,857,卖盘
116,09:35:45,53.42,8804461,1649,买盘
117,09:35:48,53.41,2890155,541,卖盘
118,09:35:51,53.4,4737605,887,卖盘
119,09:35:54,53.42,1764199,330,卖盘
120,09:35:57,53.4,1068404,200,卖盘
121,09:36:00,53.43,2259894,423,买盘
122,09:36:03,53.53,5832362,1090,买盘
123,09:36:06,53.53,1220512,228,卖盘
124,09:36:09,53.53,3473267,649,卖盘
125,09:36:12,53.54,1487860,278,买盘
126,09:36:15,53.5,1434053,268,卖盘
127,09:36:18,53.52,3509350,656,买盘
128,09:36:21,53.5,5610919,1048,卖盘
129,09:36:24,53.5,3291129,615,买盘
130,09:36:27,53.52,1514327,283,中性盘
131,09:36:30,53.5,1777152,332,卖盘
132,09:36:33,53.52,1129130,211,买盘
133,09:36:36,53.52,2825797,528,卖盘
134,09:36:39,53.52,1075806,201,卖盘
135,09:36:42,53.52,1424037,266,卖盘
136,09:36:45,53.52,620966,116,卖盘
137,09:36:48,53.52,4285333,800,卖盘
138,09:36:51,53.52,3098712,579,买盘
139,09:36:54,53.51,3360044,628,卖盘
140,09:36:57,53.57,4302543,804,买盘
141,09:37:00,53.6,1715037,320,买盘
142,09:37:03,53.66,832025,155,买盘
143,09:37:06,53.63,1270988,237,卖盘
144,09:37:09,53.68,520391,97,买盘
145,09:37:12,53.68,3435640,640,买盘
146,09:37:15,53.7,1503172,280,买盘
147,09:37:18,53.7,2062258,384,卖盘
148,09:37:21,53.65,6143583,1144,卖盘
149,09:37:24,53.66,2211177,412,买盘
150,09:37:27,53.6,2285636,426,卖盘
151,09:37:30,53.59,2128328,397,卖盘
152,09:37:33,53.58,1360504,254,中性盘
153,09:37:36,53.55,5367030,1002,卖盘
154,09:37:39,53.53,910016,170,中性盘
155,09:37:42,53.5,2001834,374,卖盘
156,09:37:45,53.5,3563783,666,卖盘
157,09:37:48,53.51,1690960,316,买盘
158,09:37:51,53.52,2574595,481,卖盘
159,09:37:54,53.55,5883441,1098,中性盘
160,09:37:57,53.55,1006703,188,卖盘
161,09:38:00,53.55,1734930,324,买盘
162,09:38:03,53.56,1815409,339,卖盘
163,09:38:06,53.66,1441634,269,买盘
164,09:38:09,53.75,4828555,900,买盘
165,09:38:12,53.76,402952,75,买盘
166,09:38:15,53.77,908153,169,买盘
167,09:38:18,53.78,908673,169,买盘
168,09:38:21,53.76,2355140,438,卖盘
169,09:38:24,53.78,4732240,880,买盘
170,09:38:27,53.77,1161070,216,卖盘
171,09:38:30,53.78,1290612,240,买盘
172,09:38:33,53.78,1672499,311,买盘
173,09:38:36,53.8,1339341,249,买盘
174,09:38:39,53.81,3125317,581,买盘
175,09:38:42,53.81,715775,133,卖盘
176,09:38:45,53.84,2309755,429,买盘
177,09:38:48,53.84,2321420,431,卖盘
178,09:38:51,53.92,1977648,367,买盘
179,09:38:54,53.89,371898,69,卖盘
180,09:38:57,53.93,614632,114,买盘
181,09:39:00,53.9,3653765,678,卖盘
182,09:39:03,53.88,4648033,862,卖盘
183,09:39:06,53.9,9375599,1740,买盘
184,09:39:09,53.9,3834080,711,买盘
185,09:39:12,54.03,19462638,3604,买盘
186,09:39:15,54.0,4693737,869,卖盘
187,09:39:18,54.03,1983353,367,买盘
188,09:39:21,54.0,1242467,230,卖盘
189,09:39:24,54.01,1561318,289,卖盘
190,09:39:27,54.0,4320344,800,卖盘
191,09:39:30,54.02,3699428,685,买盘
192,09:39:33,54.03,3608545,668,买盘
193,09:39:36,54.04,1755536,325,买盘
194,09:39:39,54.01,1788421,331,卖盘
195,09:39:42,54.0,4179564,774,卖盘
196,09:39:45,54.0,2952429,547,买盘
197,09:39:48,54.0,1905285,353,买盘
198,09:39:51,53.96,685002,127,中性盘
199,09:39:54,54.0,1413458,262,买盘
200,09:39:57,53.96,879480,163,卖盘
201,09:40:00,53.98,647726,120,买盘
202,09:40:03,53.96,2380257,441,卖盘
203,09:40:06,53.99,1608441,298,买盘
204,09:40:09,53.99,6490913,1202,买盘
205,09:40:12,53.98,1371391,254,卖盘
206,09:40:15,54.0,2791407,517,买盘
207,09:40:18,53.87,21602054,4005,卖盘
208,09:40:21,53.84,2405211,447,卖盘
209,09:40:24,53.77,1123939,209,卖盘
210,09:40:27,53.75,1020800,190,卖盘
211,09:40:30,53.7,1578701,294,卖盘
212,09:40:33,53.68,1320260,246,中性盘
213,09:40:36,53.62,1443195,269,卖盘
214,09:40:39,53.6,2375128,443,卖盘
215,09:40:42,53.55,664419,124,卖盘
216,09:40:45,53.55,1623100,303,卖盘
217,09:40:48,53.55,888922,166,买盘
218,09:40:51,53.55,824661,154,卖盘
219,09:40:54,53.55,2040123,381,买盘
220,09:40:57,53.55,1643823,307,买盘
221,09:41:00,53.6,3541168,661,买盘
222,09:41:03,53.62,1698625,317,买盘
223,09:41:06,53.7,4044404,754,买盘
224,09:41:09,53.74,917977,171,买盘
225,09:41:12,53.74,128948,24,买盘
226,09:41:15,53.75,676958,126,买盘
227,09:41:18,53.75,644682,120,买盘
228,09:41:21,53.71,1890788,352,中性盘
229,09:41:24,53.6,3149447,587,卖盘
230,09:41:27,53.6,3477826,649,卖盘
231,09:41:30,53.53,2602614,486,卖盘
232,09:41:33,53.53,1991779,372,卖盘
233,09:41:36,53.52,2137016,399,卖盘
234,09:41:39,53.52,1503679,281,卖盘
235,09:41:42,53.52,2730665,510,卖盘
236,09:41:45,53.52,1487651,278,买盘
237,09:41:48,53.51,1701570,318,中性盘
238,09:41:51,53.5,1321475,247,卖盘
239,09:41:54,53.45,3759781,703,卖盘
240,09:41:57,53.48,988978,185,买盘
241,09:42:00,53.5,2785009,521,买盘
242,09:42:03,53.52,2048942,383,买盘
243,09:42:06,53.48,850294,159,卖盘
244,09:42:09,53.49,604383,113,买盘
245,09:42:12,53.5,1005725,188,买盘
246,09:42:15,53.5,1016697,190,卖盘
247,09:42:18,53.54,1535998,287,买盘
248,09:42:21,53.56,760623,142,中性盘
249,09:42:24,53.6,2052832,383,买盘
250,09:42:27,53.6,562955,105,卖盘
251,09:42:30,53.69,525872,98,买盘
252,09:42:33,53.7,322092,60,买盘
253,09:42:36,53.66,799621,149,卖盘
254,09:42:39,53.68,692186,129,买盘
255,09:42:42,53.66,354264,66,买盘
256,09:42:45,53.7,1187030,221,买盘
257,09:42:48,53.7,451065,84,卖盘
258,09:42:51,53.71,967144,180,买盘
259,09:42:54,53.7,1353461,252,卖盘
260,09:42:57,53.7,2330287,434,买盘
261,09:43:00,53.7,1691683,315,买盘
262,09:43:03,53.7,1880264,350,卖盘
263,09:43:06,53.7,746458,139,卖盘
264,09:43:09,53.7,531869,99,卖盘
265,09:43:12,53.7,628521,117,卖盘
266,09:43:15,53.7,1160061,216,卖盘
267,09:43:18,53.7,2142590,399,卖盘
268,09:43:21,53.7,1712810,319,买盘
269,09:43:24,53.71,1111327,207,买盘
270,09:43:27,53.68,971871,181,卖盘
271,09:43:30,53.67,1567530,292,中性盘
272,09:43:33,53.65,2597023,484,卖盘
273,09:43:36,53.64,664825,124,卖盘
274,09:43:39,53.64,289548,54,买盘
275,09:43:42,53.64,3357841,626,买盘
276,09:43:45,53.63,906401,169,卖盘
277,09:43:48,53.64,916959,171,买盘
278,09:43:51,53.61,1507277,281,卖盘
279,09:43:54,53.65,1303386,243,买盘
280,09:43:57,53.66,1030065,192,买盘
281,09:44:00,53.69,1631849,304,买盘
282,09:44:03,53.7,1035871,193,中性盘
283,09:44:06,53.72,1052679,196,买盘
284,09:44:09,53.73,327650,61,买盘
285,09:44:12,53.73,434908,81,买盘
286,09:44:15,53.71,714471,133,卖盘
287,09:44:18,53.68,1325741,247,卖盘
288,09:44:21,53.65,2714597,506,中性盘
289,09:44:24,53.58,9937430,1854,卖盘
290,09:44:27,53.54,428281,80,卖盘
291,09:44:30,53.51,1156315,216,卖盘
292,09:44:33,53.5,1070067,200,卖盘
293,09:44:36,53.51,1861821,348,买盘
294,09:44:39,53.47,2343015,438,卖盘
295,09:44:42,53.5,10500965,1963,买盘
296,09:44:45,53.5,2912446,544,卖盘
297,09:44:48,53.5,7236638,1353,卖盘
298,09:44:51,53.44,1994519,373,卖盘
299,09:44:54,53.43,694914,130,卖盘
300,09:44:57,53.43,716015,134,卖盘
301,09:45:00,53.43,1859734,348,卖盘
302,09:45:03,53.43,2622936,491,卖盘
303,09:45:06,53.4,1725115,323,卖盘
304,09:45:09,53.4,822474,154,卖盘
305,09:45:12,53.4,3301056,618,卖盘
306,09:45:15,53.4,2542292,476,卖盘
307,09:45:18,53.41,2547339,477,卖盘
308,09:45:21,53.4,1084093,203,卖盘
309,09:45:24,53.41,1110960,208,买盘
310,09:45:27,53.41,2131113,399,卖盘
311,09:45:30,53.41,1420472,266,买盘
312,09:45:33,53.4,7320354,1371,卖盘
313,09:45:36,53.34,1792566,336,卖盘
314,09:45:39,53.34,506818,95,买盘
315,09:45:42,53.3,9610240,1802,卖盘
316,09:45:45,53.33,3391032,636,买盘
317,09:45:48,53.34,2887002,541,买盘
318,09:45:51,53.33,2533247,475,卖盘
319,09:45:54,53.4,2769117,519,买盘
320,09:45:57,53.32,1669694,313,卖盘
321,09:46:00,53.36,2331278,437,买盘
322,09:46:03,53.38,3580079,671,买盘
323,09:46:06,53.35,1909731,358,卖盘
324,09:46:09,53.38,2304779,432,买盘
325,09:46:12,53.36,1158094,217,卖盘
326,09:46:15,53.36,1523227,286,买盘
327,09:46:18,53.38,2038765,382,买盘
328,09:46:21,53.35,522930,98,卖盘
329,09:46:24,53.33,1226373,230,卖盘
330,09:46:27,53.32,1999879,375,卖盘
331,09:46:30,53.31,447875,84,卖盘
332,09:46:33,53.31,1567202,294,卖盘
333,09:46:36,53.3,932947,175,卖盘
334,09:46:39,53.3,1908183,358,卖盘
335,09:46:42,53.31,1369952,257,买盘
336,09:46:45,53.3,2622676,492,卖盘
337,09:46:48,53.28,3960388,743,卖盘
338,09:46:51,53.22,4211171,791,卖盘
339,09:46:54,53.2,4080458,767,卖盘
340,09:46:57,53.2,8622587,1620,买盘
341,09:47:00,53.2,3361242,632,买盘
342,09:47:03,53.18,3713246,698,卖盘
343,09:47:06,53.16,765685,144,卖盘
344,09:47:09,53.15,1817807,342,卖盘
345,09:47:12,53.15,1073316,202,买盘
346,09:47:15,53.13,2247500,423,卖盘
347,09:47:18,53.12,2608565,491,卖盘
348,09:47:21,53.13,2252478,424,买盘
349,09:47:24,53.12,1503465,283,卖盘
350,09:47:27,53.12,6150644,1158,卖盘
351,09:47:30,53.18,4631248,871,买盘
352,09:47:33,53.2,1648659,310,中性盘
353,09:47:36,53.26,1779034,334,买盘
354,09:47:39,53.31,975087,183,买盘
355,09:47:42,53.31,389202,73,卖盘
356,09:47:45,53.33,181305,34,买盘
357,09:47:48,53.34,2557995,480,买盘
358,09:47:51,53.33,512033,96,卖盘
359,09:47:54,53.34,410727,77,卖盘
360,09:47:57,53.33,762405,143,卖盘
361,09:48:00,53.28,751516,141,卖盘
362,09:48:03,53.32,841930,158,买盘
363,09:48:06,53.27,404914,76,卖盘
364,09:48:09,53.36,3377213,633,买盘
365,09:48:12,53.36,624226,117,卖盘
366,09:48:15,53.36,218776,41,卖盘
367,09:48:18,53.41,373805,70,买盘
368,09:48:21,53.4,587309,110,卖盘
369,09:48:24,53.39,1789040,335,中性盘
370,09:48:27,53.38,432230,81,中性盘
371,09:48:30,53.34,651147,122,卖盘
372,09:48:33,53.36,709644,133,买盘
373,09:48:36,53.3,671744,126,卖盘
374,09:48:39,53.29,383735,72,卖盘
375,09:48:42,53.29,1342903,252,买盘
376,09:48:45,53.34,1935609,363,买盘
377,09:48:48,53.35,229424,43,中性盘
378,09:48:51,53.38,293467,55,买盘
379,09:48:54,53.37,181435,34,卖盘
380,09:48:57,53.37,138743,26,买盘
381,09:49:00,53.44,2183928,409,买盘
382,09:49:03,53.49,4044129,756,买盘
383,09:49:06,53.49,363713,68,卖盘
384,09:49:09,53.48,904283,169,卖盘
385,09:49:12,53.49,363572,68,中性盘
386,09:49:15,53.44,379305,71,中性盘
387,09:49:18,53.41,1527475,286,卖盘
388,09:49:21,53.39,507145,95,中性盘
389,09:49:24,53.37,1019340,191,卖盘
390,09:49:27,53.35,1530694,287,卖盘
391,09:49:30,53.35,645700,121,买盘
392,09:49:33,53.35,837261,157,买盘
393,09:49:36,53.35,714757,134,买盘
394,09:49:39,53.32,293305,55,卖盘
395,09:49:42,53.32,266631,50,卖盘
396,09:49:45,53.31,511866,96,卖盘
397,09:49:48,53.31,975672,183,卖盘
398,09:49:51,53.3,1439147,270,卖盘
399,09:49:54,53.23,2274365,427,卖盘
400,09:49:57,53.23,734140,138,买盘
401,09:50:00,53.18,579915,109,卖盘
402,09:50:03,53.18,367065,69,卖盘
403,09:50:06,53.16,717776,135,卖盘
404,09:50:09,53.15,446365,84,卖盘
405,09:50:12,53.13,536666,101,卖盘
406,09:50:15,53.13,1137109,214,卖盘
407,09:50:18,53.1,3043078,573,卖盘
408,09:50:21,53.06,1900104,358,卖盘
409,09:50:24,53.02,1299404,245,卖盘
410,09:50:27,52.99,12471002,2353,卖盘
411,09:50:30,52.98,640864,121,卖盘
412,09:50:33,52.96,2248754,425,买盘
413,09:50:36,52.9,1593029,301,卖盘
414,09:50:39,52.9,814763,154,中性盘
415,09:50:42,52.86,867324,164,卖盘
416,09:50:45,52.89,3507832,663,买盘
417,09:50:48,52.86,3787772,716,卖盘
418,09:50:51,52.86,1723393,326,买盘
419,09:50:54,52.86,1009660,191,卖盘
420,09:50:57,52.87,2363316,447,卖盘
421,09:51:00,52.88,2004214,379,中性盘
422,09:51:03,52.93,1576230,298,买盘
423,09:51:06,52.99,1504617,284,买盘
424,09:51:09,52.99,646711,122,卖盘
425,09:51:12,53.05,996902,188,买盘
426,09:51:15,53.05,801237,151,卖盘
427,09:51:18,53.09,360952,68,买盘
428,09:51:21,53.1,403445,76,买盘
429,09:51:24,53.09,584051,110,卖盘
430,09:51:27,53.1,854890,161,买盘
431,09:51:30,53.11,1072692,202,买盘
432,09:51:33,53.1,764666,144,卖盘
433,09:51:36,53.09,817700,154,卖盘
434,09:51:39,53.1,881406,166,买盘
435,09:51:42,53.09,722106,136,卖盘
436,09:51:45,53.09,1396325,263,买盘
437,09:51:48,53.08,1082958,204,卖盘
438,09:51:51,53.13,4930638,929,买盘
439,09:51:54,53.12,866136,163,卖盘
440,09:51:57,53.15,308282,58,买盘
441,09:52:00,53.19,632691,119,买盘
442,09:52:03,53.19,840135,158,买盘
443,09:52:06,53.19,957728,180,买盘
444,09:52:09,53.21,1298242,244,买盘
445,09:52:12,53.21,862207,162,买盘
446,09:52:15,53.21,1182090,222,卖盘
447,09:52:18,53.25,559302,105,买盘
448,09:52:21,53.23,564786,106,卖盘
449,09:52:24,53.25,687429,129,中性盘
450,09:52:27,53.31,868381,163,买盘
451,09:52:30,53.29,810066,152,卖盘
452,09:52:33,53.31,798941,150,买盘
453,09:52:36,53.28,687376,129,中性盘
454,09:52:39,53.3,628991,118,买盘
455,09:52:42,53.3,714150,134,买盘
456,09:52:45,53.3,799604,150,卖盘
457,09:52:48,53.3,1156590,217,卖盘
458,09:52:51,53.3,538399,101,买盘
459,09:52:54,53.3,1748638,328,买盘
460,09:52:57,53.31,1887897,354,中性盘
461,09:53:00,53.38,2383623,447,买盘
462,09:53:03,53.45,1009560,189,买盘
463,09:53:06,53.45,833821,156,买盘
464,09:53:09,53.45,2173948,407,卖盘
465,09:53:12,53.4,823454,154,中性盘
466,09:53:15,53.4,427447,80,中性盘
467,09:53:18,53.4,560892,105,卖盘
468,09:53:21,53.4,689103,129,卖盘
469,09:53:24,53.4,517893,97,买盘
470,09:53:27,53.38,1030558,193,卖盘
471,09:53:30,53.35,2534402,475,卖盘
472,09:53:33,53.35,1205786,226,买盘
473,09:53:36,53.32,997138,187,买盘
474,09:53:39,53.31,634567,119,卖盘
475,09:53:42,53.32,1007998,189,买盘
476,09:53:45,53.31,842372,158,卖盘
477,09:53:48,53.32,602555,113,买盘
478,09:53:51,53.33,1189234,223,买盘
479,09:53:54,53.35,815990,153,中性盘
480,09:53:57,53.32,229275,43,卖盘
481,09:54:00,53.33,239966,45,买盘
482,09:54:03,53.33,671924,126,买盘
483,09:54:06,53.34,895785,168,买盘
484,09:54:09,53.37,773434,145,买盘
485,09:54:12,53.37,934245,175,买盘
486,09:54:15,53.39,315024,59,中性盘
487,09:54:18,53.37,907954,170,卖盘
488,09:54:21,53.34,3287605,616,卖盘
489,09:54:24,53.28,5110659,959,卖盘
490,09:54:27,53.27,181026,34,中性盘
491,09:54:30,53.27,1310338,246,买盘
492,09:54:33,53.23,250324,47,卖盘
493,09:54:36,53.17,1622860,305,卖盘
494,09:54:39,53.16,265891,50,卖盘
495,09:54:42,53.15,191369,36,卖盘
496,09:54:45,53.13,313445,59,卖盘
497,09:54:48,53.05,1751988,330,卖盘
498,09:54:51,53.05,790459,149,卖盘
499,09:54:54,53.05,222833,42,中性盘
500,09:54:57,53.04,493307,93,卖盘
501,09:55:00,53.04,609957,115,中性盘
502,09:55:03,53.05,1002476,189,卖盘
503,09:55:06,53.05,673699,127,卖盘
504,09:55:09,53.02,562173,106,中性盘
505,09:55:12,53.01,912457,172,卖盘
506,09:55:15,53.06,578193,109,买盘
507,09:55:18,53.02,599276,113,卖盘
508,09:55:21,53.02,594021,112,买盘
509,09:55:24,53.04,445351,84,买盘
510,09:55:27,53.02,694582,131,卖盘
511,09:55:30,53.02,349966,66,卖盘
512,09:55:33,53.02,1744493,329,卖盘
513,09:55:36,53.02,1065716,201,卖盘
514,09:55:39,53.02,514242,97,买盘
515,09:55:42,53.0,2777340,524,卖盘
516,09:55:45,52.97,360276,68,卖盘
517,09:55:48,52.96,74149,14,卖盘
518,09:55:51,52.96,529525,100,卖盘
519,09:55:54,52.9,497408,94,卖盘
520,09:55:57,52.9,946997,179,卖盘
521,09:56:00,52.89,994342,188,卖盘
522,09:56:03,52.89,312020,59,买盘
523,09:56:06,52.92,5512572,1042,买盘
524,09:56:09,52.97,3746255,707,买盘
525,09:56:12,52.99,1574596,297,中性盘
526,09:56:15,53.03,1347059,254,中性盘
527,09:56:18,53.0,1474197,278,卖盘
528,09:56:21,53.08,355774,67,中性盘
529,09:56:24,53.08,276026,52,卖盘
530,09:56:27,53.08,668668,126,卖盘
531,09:56:30,53.08,281316,53,买盘
532,09:56:33,53.0,1240810,234,卖盘
533,09:56:36,53.08,286509,54,买盘
534,09:56:39,53.03,95470,18,卖盘
535,09:56:42,53.03,185607,35,卖盘
536,09:56:45,53.02,212094,40,卖盘
537,09:56:48,53.0,1298799,245,卖盘
538,09:56:51,53.0,715495,135,卖盘
539,09:56:54,52.99,1493900,282,卖盘
540,09:56:57,52.97,572330,108,卖盘
541,09:57:00,52.99,815798,154,买盘
542,09:57:03,52.99,640974,121,买盘
543,09:57:06,52.97,635673,120,卖盘
544,09:57:09,52.97,810490,153,卖盘
545,09:57:12,52.98,725706,137,买盘
546,09:57:15,52.98,1213338,229,买盘
547,09:57:18,53.02,1690995,319,买盘
548,09:57:21,52.99,1091690,206,卖盘
549,09:57:24,53.03,970336,183,买盘
550,09:57:27,53.02,705032,133,卖盘
551,09:57:30,53.02,84823,16,买盘
552,09:57:33,53.01,461110,87,中性盘
553,09:57:36,53.0,1176639,222,卖盘
554,09:57:39,52.96,3125820,590,卖盘
555,09:57:42,52.96,423684,80,买盘
556,09:57:45,52.95,709513,134,卖盘
557,09:57:48,52.96,1689349,319,买盘
558,09:57:51,52.92,481670,91,卖盘
559,09:57:54,52.93,661451,125,买盘
560,09:57:57,52.93,386411,73,卖盘
561,09:58:00,52.95,1021498,193,买盘
562,09:58:03,52.96,894685,169,买盘
563,09:58:06,52.93,867940,164,中性盘
564,09:58:09,52.91,2491619,471,卖盘
565,09:58:12,52.88,957304,181,卖盘
566,09:58:15,52.89,819685,155,买盘
567,09:58:18,52.89,798674,151,卖盘
568,09:58:21,52.88,338487,64,卖盘
569,09:58:24,52.88,1004699,190,卖盘
570,09:58:27,52.87,1004693,190,卖盘
571,09:58:30,52.87,1062813,201,卖盘
572,09:58:33,52.88,4992589,944,买盘
573,09:58:36,52.92,1475712,279,买盘
574,09:58:39,52.9,1263995,239,卖盘
575,09:58:42,52.9,460292,87,卖盘
576,09:58:45,52.9,1020775,193,买盘
577,09:58:48,52.9,1137195,215,卖盘
578,09:58:51,52.9,1052644,199,卖盘
579,09:58:54,52.92,1106050,209,买盘
580,09:58:57,52.91,645507,122,卖盘
581,09:59:00,52.91,560851,106,卖盘
582,09:59:03,52.93,529348,100,中性盘
583,09:59:06,52.93,524042,99,卖盘
584,09:59:09,53.0,4202521,793,买盘
585,09:59:12,52.96,762958,144,卖盘
586,09:59:15,52.95,630243,119,卖盘
587,09:59:18,52.94,402304,76,中性盘
588,09:59:21,52.93,884445,167,卖盘
589,09:59:24,52.94,333505,63,中性盘
590,09:59:27,52.96,672782,127,中性盘
591,09:59:30,52.94,301856,57,卖盘
592,09:59:33,52.96,799475,151,买盘
593,09:59:36,52.94,984750,186,卖盘
594,09:59:39,52.96,344122,65,买盘
595,09:59:42,52.93,449937,85,卖盘
596,09:59:45,52.95,222355,42,中性盘
597,09:59:48,52.93,158812,30,卖盘
598,09:59:51,52.93,238212,45,卖盘
599,09:59:54,52.94,359911,68,买盘
600,09:59:57,52.93,815040,154,卖盘
601,10:00:00,52.92,825704,156,卖盘
602,10:00:03,52.94,608679,115,买盘
603,10:00:06,52.93,497562,94,卖盘
604,10:00:09,52.94,539870,102,买盘
605,10:00:12,52.94,434029,82,买盘
606,10:00:15,52.94,322912,61,买盘
607,10:00:18,52.92,1212208,229,卖盘
608,10:00:21,52.98,1456352,275,买盘
609,10:00:24,52.95,1064445,201,卖盘
610,10:00:27,52.96,651290,123,买盘
611,10:00:30,52.97,370742,70,买盘
612,10:00:33,52.98,678065,128,买盘
613,10:00:36,52.98,625040,118,买盘
614,10:00:39,52.98,344391,65,卖盘
615,10:00:42,53.02,2348399,443,买盘
616,10:00:45,53.0,333947,63,卖盘
617,10:00:48,53.0,307400,58,卖盘
618,10:00:51,52.99,180198,34,卖盘
619,10:00:54,52.99,238490,45,卖盘
620,10:00:57,52.99,233184,44,卖盘
621,10:01:00,53.0,598804,113,买盘
622,10:01:03,52.92,3574361,675,卖盘
623,10:01:06,52.89,3179766,601,卖盘
624,10:01:09,52.85,2638113,499,卖盘
625,10:01:12,52.84,2954306,559,卖盘
626,10:01:15,52.82,438534,83,卖盘
627,10:01:18,52.83,2039806,386,买盘
628,10:01:21,52.81,929471,176,卖盘
629,10:01:24,52.8,1605190,304,卖盘
630,10:01:27,52.79,3384450,641,卖盘
631,10:01:30,52.76,860307,163,卖盘
632,10:01:33,52.76,253259,48,卖盘
633,10:01:36,52.76,1302965,247,卖盘
634,10:01:39,52.76,780652,148,买盘
635,10:01:42,52.76,1076023,204,买盘
636,10:01:45,52.74,738351,140,卖盘
637,10:01:48,52.71,369074,70,卖盘
638,10:01:51,52.71,732734,139,卖盘
639,10:01:54,52.71,4576844,868,买盘
640,10:01:57,52.76,4261164,808,买盘
641,10:02:00,52.74,3888266,737,中性盘
642,10:02:03,52.91,4947937,937,买盘
643,10:02:06,52.83,634181,120,中性盘
644,10:02:09,52.89,380781,72,中性盘
645,10:02:12,52.99,1144048,216,买盘
646,10:02:15,52.99,434311,82,中性盘
647,10:02:18,53.0,847546,160,买盘
648,10:02:21,53.0,985444,186,买盘
649,10:02:24,52.98,598469,113,中性盘
650,10:02:27,52.98,323115,61,买盘
651,10:02:30,52.94,238269,45,卖盘
652,10:02:33,52.9,767307,145,卖盘
653,10:02:36,52.89,423343,80,中性盘
654,10:02:39,52.91,185226,35,买盘
655,10:02:42,52.91,148143,28,卖盘
656,10:02:45,52.91,661185,125,中性盘
657,10:02:48,52.91,698364,132,卖盘
658,10:02:51,52.92,471007,89,中性盘
659,10:02:54,52.9,253960,48,卖盘
660,10:02:57,52.9,380868,72,买盘
661,10:03:00,52.88,359693,68,卖盘
662,10:03:03,52.88,148094,28,卖盘
663,10:03:06,52.85,491608,93,卖盘
664,10:03:09,52.85,253680,48,卖盘
665,10:03:12,52.8,1415324,268,卖盘
666,10:03:15,52.84,1679756,318,买盘
667,10:03:18,52.84,633919,120,中性盘
668,10:03:21,52.84,401558,76,中性盘
669,10:03:24,52.82,433114,82,卖盘
670,10:03:27,52.82,237672,45,买盘
671,10:03:30,52.81,686569,130,卖盘
672,10:03:33,52.82,3935719,745,买盘
673,10:03:36,52.87,1235903,234,中性盘
674,10:03:39,52.87,745571,141,买盘
675,10:03:42,52.85,2430533,460,卖盘
676,10:03:45,52.88,274866,52,中性盘
677,10:03:48,52.89,1353644,256,买盘
678,10:03:51,52.85,248504,47,中性盘
679,10:03:54,52.85,296019,56,买盘
680,10:03:57,52.86,1178713,223,中性盘
681,10:04:00,52.91,4673971,883,买盘
682,10:04:03,52.97,592973,112,买盘
683,10:04:06,52.97,630323,119,买盘
684,10:04:09,52.97,614473,116,卖盘
685,10:04:12,52.96,1640737,310,卖盘
686,10:04:15,52.97,127079,24,买盘
687,10:04:18,52.92,2102197,397,卖盘
688,10:04:21,52.9,275128,52,卖盘
689,10:04:24,52.91,603175,114,买盘
690,10:04:27,52.89,624617,118,卖盘
691,10:04:30,52.92,285711,54,买盘
692,10:04:33,52.9,735442,139,卖盘
693,10:04:36,52.92,709110,134,买盘
694,10:04:39,52.92,232848,44,中性盘
695,10:04:42,52.91,2053148,388,卖盘
696,10:04:45,52.89,973313,184,卖盘
697,10:04:48,52.88,386054,73,卖盘
698,10:04:51,52.88,1454738,275,买盘
699,10:04:54,52.88,1395732,264,买盘
700,10:04:57,52.89,1068629,202,买盘
701,10:05:00,52.88,1586347,300,卖盘
702,10:05:03,52.9,2131114,403,中性盘
703,10:05:06,52.88,714023,135,卖盘
704,10:05:09,52.9,301595,57,卖盘
705,10:05:12,52.92,2302658,435,买盘
706,10:05:15,52.96,3067720,579,中性盘
707,10:05:18,52.98,376042,71,买盘
708,10:05:21,53.0,694198,131,买盘
709,10:05:24,52.97,598698,113,卖盘
710,10:05:27,52.98,423834,80,中性盘
711,10:05:30,52.97,365550,69,卖盘
712,10:05:33,52.97,566691,107,卖盘
713,10:05:36,52.9,1979033,374,卖盘
714,10:05:39,52.89,1549575,293,卖盘
715,10:05:42,52.86,438714,83,卖盘
716,10:05:45,52.83,639302,121,卖盘
717,10:05:48,52.82,1230900,233,卖盘
718,10:05:51,52.81,829142,157,卖盘
719,10:05:54,52.8,2528846,479,卖盘
720,10:05:57,52.76,2321554,440,卖盘
721,10:06:00,52.74,1677210,318,卖盘
722,10:06:03,52.71,1444457,274,卖盘
723,10:06:06,52.75,3301060,626,买盘
724,10:06:09,52.72,2873644,545,卖盘
725,10:06:12,52.72,474423,90,买盘
726,10:06:15,52.68,2550787,484,卖盘
727,10:06:18,52.71,1317477,250,买盘
728,10:06:21,52.62,1285159,244,卖盘
729,10:06:24,52.62,794829,151,卖盘
730,10:06:27,52.6,3204188,609,卖盘
731,10:06:30,52.6,1857246,353,卖盘
732,10:06:33,52.58,3666115,697,卖盘
733,10:06:36,52.57,2839709,540,卖盘
734,10:06:39,52.58,6735043,1281,中性盘
735,10:06:42,52.61,2351196,447,中性盘
736,10:06:45,52.66,2741710,521,买盘
737,10:06:48,52.67,1495899,284,买盘
738,10:06:51,52.72,901109,171,买盘
739,10:06:54,52.75,922709,175,买盘
740,10:06:57,52.75,4000531,757,买盘
741,10:07:00,52.75,643494,122,卖盘
742,10:07:03,52.8,475035,90,买盘
743,10:07:06,52.75,1039639,197,卖盘
744,10:07:09,52.77,453989,86,卖盘
745,10:07:12,52.76,517038,98,卖盘
746,10:07:15,52.78,474957,90,买盘
747,10:07:18,52.78,248002,47,买盘
748,10:07:21,52.75,263792,50,卖盘
749,10:07:24,52.76,633145,120,买盘
750,10:07:27,52.77,1033922,196,买盘
751,10:07:30,52.76,216334,41,卖盘
752,10:07:33,52.76,960265,182,卖盘
753,10:07:36,52.8,3082235,584,买盘
754,10:07:39,52.76,189970,36,卖盘
755,10:07:42,52.78,337725,64,买盘
756,10:07:45,52.77,295552,56,卖盘
757,10:07:48,52.77,976180,185,卖盘
758,10:07:51,52.78,971094,184,买盘
759,10:07:54,52.78,406389,77,买盘
760,10:07:57,52.78,411678,78,卖盘
761,10:08:00,52.81,1515131,287,买盘
762,10:08:03,52.94,1242262,235,买盘
763,10:08:06,52.86,412569,78,卖盘
764,10:08:09,52.93,761777,144,买盘
765,10:08:12,52.89,259345,49,卖盘
766,10:08:15,52.9,111119,21,中性盘
767,10:08:18,52.95,254033,48,买盘
768,10:08:21,52.95,720073,136,买盘
769,10:08:24,52.96,217113,41,中性盘
770,10:08:27,52.96,95309,18,买盘
771,10:08:30,52.96,158849,30,买盘
772,10:08:33,52.96,746729,141,卖盘
773,10:08:36,52.98,2918159,551,买盘
774,10:08:39,52.98,333706,63,买盘
775,10:08:42,52.98,1530963,289,买盘
776,10:08:45,52.98,545716,103,卖盘
777,10:08:48,52.98,768267,145,卖盘
778,10:08:51,52.98,487443,92,卖盘
779,10:08:54,52.99,52990,10,卖盘
780,10:08:57,52.99,540505,102,卖盘
781,10:09:00,52.99,529934,100,卖盘
782,10:09:03,52.99,1383243,261,卖盘
783,10:09:06,53.0,863772,163,买盘
784,10:09:09,52.99,280826,53,卖盘
785,10:09:12,52.99,1467581,277,买盘
786,10:09:15,52.98,222481,42,中性盘
787,10:09:18,52.96,455573,86,卖盘
788,10:09:21,52.96,158882,30,卖盘
789,10:09:24,52.96,31776,6,买盘
790,10:09:27,52.96,232991,44,买盘
791,10:09:30,52.97,2108413,398,买盘
792,10:09:33,52.96,482080,91,卖盘
793,10:09:36,52.97,116521,22,买盘
794,10:09:39,52.96,625021,118,卖盘
795,10:09:42,53.0,376183,71,买盘
796,10:09:45,52.99,2565281,484,中性盘
797,10:09:48,53.0,328501,62,卖盘
798,10:09:51,53.0,190800,36,买盘
799,10:09:54,53.0,127198,24,买盘
800,10:09:57,52.99,317983,60,卖盘
801,10:10:00,53.0,551135,104,买盘
802,10:10:03,52.99,355060,67,卖盘
803,10:10:06,52.97,201353,38,卖盘
804,10:10:09,52.99,1107608,209,买盘
805,10:10:12,52.97,249079,47,卖盘
806,10:10:15,52.99,460897,87,中性盘
807,10:10:18,52.97,423843,80,卖盘
808,10:10:21,52.97,90064,17,卖盘
809,10:10:24,53.0,884996,167,买盘
810,10:10:27,53.0,768374,145,买盘
811,10:10:30,53.0,535264,101,买盘
812,10:10:33,53.0,294658,56,卖盘
813,10:10:36,52.98,86903,16,卖盘
814,10:10:39,52.99,84777,16,买盘
815,10:10:42,52.98,799855,151,卖盘
816,10:10:45,52.96,503179,95,卖盘
817,10:10:48,52.98,821259,155,中性盘
818,10:10:51,52.96,391807,74,中性盘
819,10:10:54,52.93,269946,51,卖盘
820,10:10:57,52.92,137605,26,卖盘
821,10:11:00,52.88,513199,97,卖盘
822,10:11:03,52.89,121668,23,中性盘
823,10:11:06,52.92,994806,188,买盘
824,10:11:09,52.95,354713,67,中性盘
825,10:11:12,52.95,275302,52,卖盘
826,10:11:15,52.95,217095,41,中性盘
827,10:11:18,52.95,328215,62,买盘
828,10:11:21,52.93,312333,59,卖盘
829,10:11:24,52.93,206449,39,买盘
830,10:11:27,52.93,132337,25,卖盘
831,10:11:30,52.93,809817,153,买盘
832,10:11:33,52.92,370491,70,卖盘
833,10:11:36,52.91,238138,45,卖盘
834,10:11:39,52.95,3123587,590,买盘
835,10:11:42,52.95,460716,87,卖盘
836,10:11:45,52.98,74153,14,买盘
837,10:11:48,52.96,312514,59,卖盘
838,10:11:51,52.98,15894,3,中性盘
839,10:11:54,52.98,5298,1,卖盘
840,10:11:57,52.98,328485,62,卖盘
841,10:12:00,52.96,307247,58,卖盘
842,10:12:03,52.92,1058751,200,卖盘
843,10:12:06,52.95,905243,171,买盘
844,10:12:09,52.92,169321,32,卖盘
845,10:12:12,52.92,354636,67,卖盘
846,10:12:15,52.92,666818,126,卖盘
847,10:12:18,52.93,217003,41,买盘
848,10:12:21,52.94,84704,16,买盘
849,10:12:24,52.97,598400,113,买盘
850,10:12:27,53.0,1123209,212,买盘
851,10:12:30,52.98,1987093,375,卖盘
852,10:12:33,53.0,514054,97,买盘
853,10:12:36,52.98,158922,30,卖盘
854,10:12:39,52.96,84760,16,卖盘
855,10:12:42,52.98,84762,16,买盘
856,10:12:45,52.97,132443,25,卖盘
857,10:12:48,52.97,116535,22,卖盘
858,10:12:51,52.98,238410,45,买盘
859,10:12:54,52.98,190736,36,卖盘
860,10:12:57,52.98,148338,28,卖盘
861,10:13:00,52.98,450406,85,卖盘
862,10:13:03,52.98,651642,123,卖盘
863,10:13:06,52.97,413230,78,卖盘
864,10:13:09,52.97,5647647,1066,卖盘
865,10:13:12,53.01,3527038,666,买盘
866,10:13:15,53.03,1744379,329,买盘
867,10:13:18,53.03,1034890,195,卖盘
868,10:13:21,53.06,504035,95,买盘
869,10:13:24,53.08,191014,36,买盘
870,10:13:27,53.07,127375,24,中性盘
871,10:13:30,53.07,504130,95,买盘
872,10:13:33,53.07,254728,48,买盘
873,10:13:36,53.06,419139,79,卖盘
874,10:13:39,53.07,1331907,251,买盘
875,10:13:42,53.07,498782,94,卖盘
876,10:13:45,53.03,291725,55,卖盘
877,10:13:48,53.06,392521,74,买盘
878,10:13:51,53.03,127341,24,卖盘
879,10:13:54,53.05,429636,81,中性盘
880,10:13:57,52.97,2331543,440,卖盘
881,10:14:00,52.99,582745,110,买盘
882,10:14:03,52.95,460945,87,卖盘
883,10:14:06,52.98,142957,27,买盘
884,10:14:09,52.93,58245,11,卖盘
885,10:14:12,52.98,111243,21,买盘
886,10:14:15,53.0,540508,102,买盘
887,10:14:18,52.99,196095,37,卖盘
888,10:14:21,53.0,47698,9,中性盘
889,10:14:24,53.05,546124,103,买盘
890,10:14:27,53.08,1464796,276,买盘
891,10:14:30,53.08,392644,74,买盘
892,10:14:33,53.08,339712,64,买盘
893,10:14:36,53.07,159232,30,卖盘
894,10:14:39,53.08,3148017,593,买盘
895,10:14:42,53.07,849081,160,卖盘
896,10:14:45,53.09,164554,31,买盘
897,10:14:48,53.1,63713,12,买盘
898,10:14:51,53.08,472564,89,卖盘
899,10:14:54,53.1,122128,23,买盘
900,10:14:57,53.1,90267,17,买盘
901,10:15:00,53.1,127447,24,卖盘
902,10:15:03,53.1,101957,19,卖盘
903,10:15:06,53.1,382338,72,卖盘
904,10:15:09,53.09,996922,188,卖盘
905,10:15:12,53.09,318474,60,买盘
906,10:15:15,53.07,419309,79,卖盘
907,10:15:18,53.07,191045,36,买盘
908,10:15:21,53.03,159135,30,卖盘
909,10:15:24,53.05,201575,38,买盘
910,10:15:27,53.02,212164,40,卖盘
911,10:15:30,53.05,143199,27,买盘
912,10:15:33,53.04,116693,22,中性盘
913,10:15:36,53.03,175032,33,卖盘
914,10:15:39,53.03,90151,17,买盘
915,10:15:42,53.02,970541,183,卖盘
916,10:15:45,53.02,233268,44,买盘
917,10:15:48,53.0,699685,132,卖盘
918,10:15:51,53.01,148421,28,买盘
919,10:15:54,53.0,185500,35,卖盘
920,10:15:57,53.0,424017,80,卖盘
921,10:16:00,53.01,1160745,219,买盘
922,10:16:03,53.0,768522,145,卖盘
923,10:16:06,53.0,222600,42,买盘
924,10:16:09,53.0,360336,68,买盘
925,10:16:12,52.99,514107,97,卖盘
926,10:16:15,52.99,911576,172,卖盘
927,10:16:18,53.01,259794,49,中性盘
928,10:16:21,53.03,429412,81,买盘
929,10:16:24,53.03,185580,35,买盘
930,10:16:27,53.04,164402,31,买盘
931,10:16:30,53.05,206865,39,买盘
932,10:16:33,53.03,1363264,257,卖盘
933,10:16:36,53.04,663041,125,卖盘
934,10:16:39,53.05,127320,24,卖盘
935,10:16:42,53.06,127362,24,中性盘
936,10:16:45,53.06,175140,33,买盘
937,10:16:48,53.07,58371,11,买盘
938,10:16:51,53.06,31836,6,卖盘
939,10:16:54,53.07,137965,26,买盘
940,10:16:57,53.07,47764,9,卖盘
941,10:17:00,53.08,302506,57,买盘
942,10:17:03,53.08,562575,106,买盘
943,10:17:06,53.07,207003,39,卖盘
944,10:17:09,53.08,116765,22,买盘
945,10:17:12,53.04,196284,37,卖盘
946,10:17:15,53.04,84896,16,卖盘
947,10:17:18,53.04,68947,13,卖盘
948,10:17:21,53.02,212129,40,卖盘
949,10:17:24,53.01,84821,16,卖盘
950,10:17:27,53.03,344593,65,买盘
951,10:17:30,53.01,270357,51,中性盘
952,10:17:33,53.0,630755,119,卖盘
953,10:17:36,53.0,418746,79,卖盘
954,10:17:39,53.0,206716,39,卖盘
955,10:17:42,53.0,159000,30,卖盘
956,10:17:45,53.0,270306,51,卖盘
957,10:17:48,53.0,132508,25,卖盘
958,10:17:51,53.0,530018,100,卖盘
959,10:17:54,52.99,768450,145,卖盘
960,10:17:57,52.98,519242,98,卖盘
961,10:18:00,52.98,190717,36,卖盘
962,10:18:03,52.96,211882,40,卖盘
963,10:18:06,52.96,370720,70,卖盘
964,10:18:09,52.95,317727,60,卖盘
965,10:18:12,52.95,127069,24,买盘
966,10:18:15,52.94,317648,60,卖盘
967,10:18:18,52.94,407638,77,卖盘
968,10:18:21,52.94,190587,36,买盘
969,10:18:24,52.94,206442,39,买盘
970,10:18:27,52.93,317622,60,卖盘
971,10:18:30,52.93,275238,52,卖盘
972,10:18:33,52.92,693263,131,卖盘
973,10:18:36,52.93,709160,134,买盘
974,10:18:39,52.92,767354,145,卖盘
975,10:18:42,52.91,206351,39,卖盘
976,10:18:45,52.89,1470736,278,卖盘
977,10:18:48,52.88,275001,52,卖盘
978,10:18:51,52.88,68744,13,卖盘
979,10:18:54,52.86,111032,21,卖盘
980,10:18:57,52.86,121593,23,卖盘
981,10:19:00,52.85,301216,57,卖盘
982,10:19:03,52.86,644802,122,买盘
983,10:19:06,52.85,776739,147,卖盘
984,10:19:09,52.85,565521,107,买盘
985,10:19:12,52.85,465111,88,卖盘
986,10:19:15,52.84,264281,50,卖盘
987,10:19:18,52.84,89836,17,卖盘
988,10:19:21,52.85,142663,27,买盘
989,10:19:24,52.85,1506478,285,买盘
990,10:19:27,52.89,645054,122,买盘
991,10:19:30,52.89,1400590,265,买盘
992,10:19:33,52.88,645044,122,卖盘
993,10:19:36,52.88,216812,41,买盘
994,10:19:39,52.89,1348505,255,中性盘
995,10:19:42,52.91,137532,26,买盘
996,10:19:45,52.9,793441,150,卖盘
997,10:19:48,52.91,227515,43,买盘
998,10:19:51,52.92,995005,188,买盘
999,10:19:54,52.95,211707,40,买盘
1000,10:19:57,52.93,52930,10,卖盘
1001,10:20:00,52.95,90014,17,买盘
1002,10:20:03,52.91,132326,25,卖盘
1003,10:20:06,52.94,227622,43,买盘
1004,10:20:09,52.92,206469,39,中性盘
1005,10:20:12,52.93,312299,59,中性盘
1006,10:20:15,52.92,195847,37,卖盘
1007,10:20:18,52.93,21173,4,卖盘
1008,10:20:21,52.92,79383,15,卖盘
1009,10:20:24,52.93,746232,141,买盘
1010,10:20:27,52.93,296363,56,买盘
1011,10:20:30,52.94,296412,56,买盘
1012,10:20:36,52.94,127040,24,买盘
1013,10:20:39,52.93,211738,40,卖盘
1014,10:20:42,52.95,476470,90,买盘
1015,10:20:45,52.94,656362,124,中性盘
1016,10:20:48,52.94,682714,129,买盘
1017,10:20:51,52.92,269921,51,卖盘
1018,10:20:54,52.93,248765,47,买盘
1019,10:20:57,52.92,280494,53,卖盘
1020,10:21:00,52.95,1418789,268,买盘
1021,10:21:03,52.98,407853,77,买盘
1022,10:21:06,52.99,506544,96,买盘
1023,10:21:09,52.99,169539,32,买盘
1024,10:21:12,52.99,196065,37,卖盘
1025,10:21:15,52.99,158966,30,买盘
1026,10:21:18,52.99,164265,31,买盘
1027,10:21:21,53.0,704895,133,买盘
1028,10:21:24,52.99,185452,35,卖盘
1029,10:21:27,52.99,185445,35,买盘
1030,10:21:30,52.99,169564,32,买盘
1031,10:21:33,52.98,31790,6,中性盘
1032,10:21:36,52.98,31784,6,买盘
1033,10:21:39,52.96,31776,6,卖盘
1034,10:21:42,52.96,296679,56,卖盘
1035,10:21:45,52.96,211879,40,卖盘
1036,10:21:48,52.96,201250,38,卖盘
1037,10:21:51,52.95,328352,62,卖盘
1038,10:21:54,52.93,111179,21,卖盘
1039,10:21:57,52.97,211836,40,买盘
1040,10:22:00,52.95,90022,17,卖盘
1041,10:22:03,52.99,105910,20,买盘
1042,10:22:06,52.95,58265,11,卖盘
1043,10:22:09,52.95,79420,15,中性盘
1044,10:22:12,52.98,275400,52,买盘
1045,10:22:15,52.97,164220,31,中性盘
1046,10:22:18,52.97,58269,11,中性盘
1047,10:22:21,52.98,137732,26,买盘
1048,10:22:24,52.99,100669,19,买盘
1049,10:22:27,52.98,74172,14,卖盘
1050,10:22:30,52.98,52980,10,卖盘
1051,10:22:33,52.99,127163,24,买盘
1052,10:22:36,52.96,63552,12,卖盘
1053,10:22:39,52.98,58268,11,买盘
1054,10:22:42,52.95,180074,34,卖盘
1055,10:22:45,52.95,296507,56,卖盘
1056,10:22:48,52.96,1069627,202,买盘
1057,10:22:51,52.94,190668,36,卖盘
1058,10:22:54,52.95,105923,20,中性盘
1059,10:22:57,52.96,185340,35,买盘
1060,10:23:00,52.95,354785,67,卖盘
1061,10:23:03,52.95,238296,45,卖盘
1062,10:23:06,52.97,3078965,581,买盘
1063,10:23:09,53.01,15441926,2914,买盘
1064,10:23:12,53.03,1166408,220,买盘
1065,10:23:15,53.04,551541,104,买盘
1066,10:23:18,53.05,2158532,407,买盘
1067,10:23:21,53.07,185725,35,买盘
1068,10:23:24,53.09,424643,80,买盘
1069,10:23:27,53.1,621174,117,买盘
1070,10:23:30,53.1,493828,93,买盘
1071,10:23:33,53.11,1115100,210,买盘
1072,10:23:36,53.12,143403,27,买盘
1073,10:23:39,53.12,111551,21,买盘
1074,10:23:42,53.13,21252,4,买盘
1075,10:23:45,53.14,116890,22,买盘
1076,10:23:48,53.16,233856,44,买盘
1077,10:23:51,53.15,430556,81,卖盘
1078,10:23:54,53.16,728199,137,买盘
1079,10:23:57,53.15,1079300,203,卖盘
1080,10:24:00,53.15,925258,174,卖盘
1081,10:24:03,53.16,765572,144,买盘
1082,10:24:06,53.15,350783,66,卖盘
1083,10:24:09,53.15,233836,44,中性盘
1084,10:24:12,53.16,579352,109,买盘
1085,10:24:15,53.15,398567,75,卖盘
1086,10:24:18,53.12,249804,47,卖盘
1087,10:24:21,53.12,223137,42,卖盘
1088,10:24:24,53.15,164729,31,买盘
1089,10:24:27,53.13,1302305,245,卖盘
1090,10:24:30,53.14,371921,70,中性盘
1091,10:24:33,53.1,393123,74,卖盘
1092,10:24:36,53.13,966577,182,买盘
1093,10:24:39,53.11,748892,141,卖盘
1094,10:24:42,53.13,324010,61,买盘
1095,10:24:45,53.13,148763,28,买盘
1096,10:24:48,53.13,637335,120,买盘
1097,10:24:51,53.12,201871,38,中性盘
1098,10:24:54,53.1,154011,29,卖盘
1099,10:24:57,53.12,435636,82,买盘
1100,10:25:00,53.1,658517,124,卖盘
1101,10:25:03,53.11,212432,40,买盘
1102,10:25:06,53.09,116812,22,卖盘
1103,10:25:09,53.12,759460,143,买盘
1104,10:25:12,53.12,191321,36,卖盘
1105,10:25:15,53.14,403917,76,买盘
1106,10:25:18,53.14,69092,13,卖盘
1107,10:25:21,53.16,345520,65,买盘
1108,10:25:24,53.17,111656,21,买盘
1109,10:25:27,53.17,175447,33,卖盘
1110,10:25:30,53.17,106336,20,中性盘
1111,10:25:33,53.17,372175,70,买盘
1112,10:25:36,53.2,1164726,219,买盘
1113,10:25:39,53.2,292560,55,买盘
1114,10:25:42,53.2,265988,50,买盘
1115,10:25:45,53.19,180850,34,卖盘
1116,10:25:48,53.19,159591,30,卖盘
1117,10:25:51,53.18,617107,116,卖盘
1118,10:25:54,53.2,191519,36,买盘
1119,10:25:57,53.19,664832,125,卖盘
1120,10:26:00,53.19,319143,60,中性盘
1121,10:26:03,53.21,1947240,366,买盘
1122,10:26:06,53.22,42569,8,中性盘
1123,10:26:09,53.22,180971,34,卖盘
1124,10:26:12,53.25,143749,27,买盘
1125,10:26:15,53.24,85188,16,卖盘
1126,10:26:18,53.24,383399,72,中性盘
1127,10:26:21,53.25,149109,28,买盘
1128,10:26:24,53.25,207683,39,卖盘
1129,10:26:27,53.26,181067,34,买盘
1130,10:26:30,53.26,410081,77,买盘
1131,10:26:33,53.27,298273,56,买盘
1132,10:26:36,53.28,372941,70,买盘
1133,10:26:39,53.28,197167,37,中性盘
1134,10:26:42,53.29,373035,70,买盘
1135,10:26:45,53.29,298459,56,卖盘
1136,10:26:48,53.3,1028654,193,买盘
1137,10:26:51,53.31,1034022,194,买盘
1138,10:26:54,53.3,303827,57,卖盘
1139,10:26:57,53.32,367802,69,买盘
1140,10:27:00,53.33,271896,51,买盘
1141,10:27:03,53.31,852897,160,卖盘
1142,10:27:06,53.28,484988,91,卖盘
1143,10:27:09,53.3,229162,43,买盘
1144,10:27:12,53.29,303741,57,中性盘
1145,10:27:15,53.27,239803,45,卖盘
1146,10:27:18,53.27,650048,122,卖盘
1147,10:27:21,53.21,1608318,302,卖盘
1148,10:27:24,53.24,266155,50,买盘
1149,10:27:27,53.2,149003,28,卖盘
1150,10:27:30,53.18,1180674,222,卖盘
1151,10:27:33,53.18,164851,31,买盘
1152,10:27:36,53.18,116972,22,买盘
1153,10:27:39,53.14,217989,41,卖盘
1154,10:27:42,53.18,164772,31,中性盘
1155,10:27:45,53.17,111631,21,中性盘
1156,10:27:48,53.28,2665343,501,买盘
1157,10:27:51,53.3,820676,154,买盘
1158,10:27:54,53.33,1130442,212,买盘
1159,10:27:57,53.35,384015,72,买盘
1160,10:28:00,53.35,165380,31,买盘
1161,10:28:03,53.43,3694631,692,买盘
1162,10:28:06,53.46,1373415,257,买盘
1163,10:28:09,53.42,229719,43,卖盘
1164,10:28:12,53.5,4230819,791,买盘
1165,10:28:15,53.51,3621994,677,买盘
1166,10:28:18,53.51,583309,109,卖盘
1167,10:28:21,53.58,4799561,895,买盘
1168,10:28:24,53.68,643585,120,买盘
1169,10:28:27,53.61,440032,82,中性盘
1170,10:28:30,53.68,606717,113,中性盘
1171,10:28:33,53.68,322009,60,买盘
1172,10:28:36,53.62,729817,136,中性盘
1173,10:28:39,53.68,2062885,384,买盘
1174,10:28:42,53.72,3946790,735,买盘
1175,10:28:45,53.72,2626796,489,卖盘
1176,10:28:48,53.72,2091010,389,买盘
1177,10:28:51,53.73,429738,80,中性盘
1178,10:28:54,53.71,1687107,314,卖盘
1179,10:28:57,53.73,1429227,266,买盘
1180,10:29:00,53.74,515853,96,买盘
1181,10:29:03,53.72,1273193,237,卖盘
1182,10:29:06,53.7,3926514,731,卖盘
1183,10:29:09,53.71,1471551,274,买盘
1184,10:29:12,53.69,467101,87,卖盘
1185,10:29:15,53.69,402640,75,买盘
1186,10:29:18,53.68,955039,178,买盘
1187,10:29:21,53.67,322034,60,中性盘
1188,10:29:24,53.64,144799,27,卖盘
1189,10:29:27,53.6,128694,24,卖盘
1190,10:29:30,53.6,171520,32,买盘
1191,10:29:33,53.59,401687,75,中性盘
1192,10:29:36,53.55,460738,86,卖盘
1193,10:29:39,53.56,508863,95,买盘
1194,10:29:42,53.56,1109285,207,卖盘
1195,10:29:45,53.59,702032,131,买盘
1196,10:29:48,53.55,948304,177,卖盘
1197,10:29:51,53.65,1749210,326,买盘
1198,10:29:54,53.69,338119,63,买盘
1199,10:29:57,53.68,1701183,317,中性盘
1200,10:30:00,53.71,2722741,507,买盘
1201,10:30:03,53.67,1036460,193,卖盘
1202,10:30:06,53.7,402799,75,卖盘
1203,10:30:09,53.69,1025790,191,买盘
1204,10:30:12,53.7,832212,155,买盘
1205,10:30:15,53.69,1073912,200,卖盘
1206,10:30:18,53.7,1245675,232,买盘
1207,10:30:21,53.69,569152,106,卖盘
1208,10:30:24,53.7,1358886,253,买盘
1209,10:30:27,53.72,520928,97,买盘
1210,10:30:30,53.72,596186,111,买盘
1211,10:30:33,53.72,376079,70,卖盘
1212,10:30:36,53.78,2095967,390,买盘
1213,10:30:39,53.78,107527,20,买盘
1214,10:30:42,53.78,1897812,353,卖盘
1215,10:30:45,53.78,473291,88,买盘
1216,10:30:48,53.78,1441362,268,卖盘
1217,10:30:51,53.78,1107101,206,买盘
1218,10:30:54,53.78,537738,100,买盘
1219,10:30:57,53.75,3211394,597,卖盘
1220,10:31:00,53.73,790089,147,卖盘
1221,10:31:03,53.75,397732,74,买盘
1222,10:31:06,53.72,1971587,367,卖盘
1223,10:31:09,53.72,1256719,234,买盘
1224,10:31:12,53.71,1917077,357,中性盘
1225,10:31:15,53.66,574647,107,卖盘
1226,10:31:18,53.71,391825,73,买盘
1227,10:31:21,53.67,1493450,278,买盘
1228,10:31:24,53.67,300646,56,中性盘
1229,10:31:27,53.68,424146,79,中性盘
1230,10:31:30,53.67,311389,58,卖盘
1231,10:31:33,53.67,203954,38,卖盘
1232,10:31:36,53.66,139545,26,卖盘
1233,10:31:39,53.67,654766,122,买盘
1234,10:31:42,53.65,252207,47,卖盘
1235,10:31:45,53.65,654542,122,卖盘
1236,10:31:48,53.66,1335980,249,买盘
1237,10:31:51,53.65,998032,186,卖盘
1238,10:31:54,53.65,2253271,420,卖盘
1239,10:31:57,53.6,482661,90,卖盘
1240,10:32:00,53.55,396666,74,卖盘
1241,10:32:03,53.62,675517,126,买盘
1242,10:32:06,53.62,1335520,249,卖盘
1243,10:32:09,53.62,300316,56,卖盘
1244,10:32:12,53.71,2748007,512,买盘
1245,10:32:15,53.62,482671,90,卖盘
1246,10:32:18,53.7,429092,80,中性盘
1247,10:32:21,53.7,112747,21,买盘
1248,10:32:24,53.71,370458,69,买盘
1249,10:32:27,53.67,263061,49,卖盘
1250,10:32:30,53.68,177183,33,卖盘
1251,10:32:33,53.7,429622,80,买盘
1252,10:32:36,53.7,445664,83,买盘
1253,10:32:39,53.65,279083,52,卖盘
1254,10:32:42,53.71,6254775,1163,买盘
1255,10:32:45,53.71,311519,58,卖盘
1256,10:32:48,53.72,241787,45,中性盘
1257,10:32:51,53.74,784656,146,中性盘
1258,10:32:54,53.75,273974,51,买盘
1259,10:32:57,53.72,236359,44,卖盘
1260,10:33:00,53.74,768410,143,买盘
1261,10:33:03,53.72,204167,38,卖盘
1262,10:33:06,53.74,343919,64,买盘
1263,10:33:09,53.71,322327,60,卖盘
1264,10:33:12,53.73,1816022,338,买盘
1265,10:33:15,53.75,1343526,250,买盘
1266,10:33:18,53.68,499275,93,卖盘
1267,10:33:21,53.67,193206,36,中性盘
1268,10:33:24,53.58,1314086,245,卖盘
1269,10:33:27,53.58,1324820,247,中性盘
1270,10:33:30,53.65,326780,61,中性盘
1271,10:33:33,53.57,107147,20,卖盘
1272,10:33:36,53.63,155578,29,中性盘
1273,10:33:39,53.58,160756,30,卖盘
1274,10:33:42,53.63,112639,21,中性盘
1275,10:33:45,53.58,246549,46,卖盘
1276,10:33:48,53.61,112545,21,买盘
1277,10:33:51,53.61,230349,43,买盘
1278,10:33:54,53.56,123223,23,卖盘
1279,10:33:57,53.59,289241,54,买盘
1280,10:34:00,53.56,525092,98,卖盘
1281,10:34:03,53.58,857639,160,买盘
1282,10:34:06,53.58,359067,67,卖盘
1283,10:34:09,53.58,262654,49,卖盘
1284,10:34:12,53.58,643055,120,卖盘
1285,10:34:15,53.63,48269,9,中性盘
1286,10:34:18,53.58,943667,176,卖盘
1287,10:34:21,53.64,536326,100,买盘
1288,10:34:24,53.65,4497229,837,买盘
1289,10:34:27,53.67,182498,34,中性盘
1290,10:34:30,53.7,236065,44,中性盘
1291,10:34:33,53.68,220031,41,中性盘
1292,10:34:36,53.7,177182,33,卖盘
1293,10:34:39,53.69,1962400,365,卖盘
1294,10:34:42,53.7,112712,21,买盘
1295,10:34:45,53.7,698102,130,买盘
1296,10:34:48,53.75,649782,121,买盘
1297,10:34:51,53.75,112808,21,买盘
1298,10:34:54,53.72,85933,16,中性盘
1299,10:34:57,53.75,295491,55,买盘
1300,10:35:00,53.75,317089,59,买盘
1301,10:35:03,53.75,274079,51,买盘
1302,10:35:06,53.71,505154,94,卖盘
1303,10:35:09,53.71,520943,97,买盘
1304,10:35:12,53.71,2143005,399,买盘
1305,10:35:15,53.71,2078532,387,买盘
1306,10:35:18,53.7,2524004,470,卖盘
1307,10:35:21,53.71,778685,145,买盘
1308,10:35:24,53.7,290037,54,卖盘
1309,10:35:27,53.7,134268,25,中性盘
1310,10:35:30,53.66,343548,64,卖盘
1311,10:35:33,53.7,252343,47,买盘
1312,10:35:36,53.66,91223,17,卖盘
1313,10:35:39,53.66,177107,33,卖盘
1314,10:35:42,53.66,209298,39,卖盘
1315,10:35:45,53.66,171712,32,卖盘
1316,10:35:48,53.66,1341729,250,买盘
1317,10:35:51,53.67,509878,95,买盘
1318,10:35:54,53.67,161067,30,卖盘
1319,10:35:57,53.67,499229,93,卖盘
1320,10:36:00,53.7,236280,44,买盘
1321,10:36:03,53.7,397353,74,买盘
1322,10:36:06,53.7,112771,21,中性盘
1323,10:36:09,53.69,440398,82,卖盘
1324,10:36:12,53.7,510064,95,中性盘
1325,10:36:15,53.69,359773,67,卖盘
1326,10:36:18,53.71,665976,124,买盘
1327,10:36:21,53.72,230976,43,中性盘
1328,10:36:24,53.73,241750,45,买盘
1329,10:36:27,53.71,349160,65,卖盘
1330,10:36:30,53.73,102073,19,买盘
1331,10:36:33,53.72,182644,34,卖盘
1332,10:36:36,53.68,6719927,1252,卖盘
1333,10:36:39,53.68,568686,106,买盘
1334,10:36:42,53.68,364827,68,买盘
1335,10:36:45,53.68,536973,100,中性盘
1336,10:36:48,53.68,198672,37,卖盘
1337,10:36:51,53.68,552931,103,卖盘
1338,10:36:54,53.68,134184,25,买盘
1339,10:36:57,53.67,5298336,986,中性盘
1340,10:37:00,53.68,810480,151,中性盘
1341,10:37:03,53.65,144864,27,中性盘
1342,10:37:06,53.67,407697,76,买盘
1343,10:37:09,53.66,1158782,216,买盘
1344,10:37:12,53.65,150144,28,中性盘
1345,10:37:15,53.65,584741,109,买盘
1346,10:37:18,53.61,214560,40,中性盘
1347,10:37:21,53.6,359145,67,卖盘
1348,10:37:24,53.58,460889,86,卖盘
1349,10:37:27,53.6,310853,58,买盘
1350,10:37:30,53.59,69661,13,中性盘
1351,10:37:33,53.57,96437,18,卖盘
1352,10:37:36,53.57,503488,94,买盘
1353,10:37:39,53.56,851950,159,卖盘
1354,10:37:42,53.57,332168,62,买盘
1355,10:37:45,53.57,862134,161,卖盘
1356,10:37:48,53.57,128568,24,卖盘
1357,10:37:51,53.55,321507,60,卖盘
1358,10:37:54,53.57,155283,29,买盘
1359,10:37:57,53.52,37476,7,卖盘
1360,10:38:00,53.54,165954,31,买盘
1361,10:38:03,53.52,240858,45,卖盘
1362,10:38:06,53.54,695977,130,买盘
1363,10:38:09,53.56,455110,85,买盘
1364,10:38:12,53.56,32134,6,买盘
1365,10:38:15,53.56,166036,31,卖盘
1366,10:38:18,53.6,1596685,298,买盘
1367,10:38:21,53.62,91113,17,买盘
1368,10:38:24,53.64,101845,19,买盘
1369,10:38:27,53.61,123304,23,中性盘
1370,10:38:30,53.6,219839,41,卖盘
1371,10:38:33,53.62,64336,12,买盘
1372,10:38:36,53.61,101855,19,中性盘
1373,10:38:39,53.62,91144,17,卖盘
1374,10:38:42,53.62,128685,24,买盘
1375,10:38:45,53.62,155496,29,买盘
1376,10:38:48,53.61,182292,34,卖盘
1377,10:38:51,53.6,112575,21,卖盘
1378,10:38:54,53.61,75043,14,买盘
1379,10:38:57,53.6,262588,49,卖盘
1380,10:39:00,53.56,310723,58,卖盘
1381,10:39:03,53.53,829825,155,卖盘
1382,10:39:06,53.51,1604987,300,卖盘
1383,10:39:09,53.53,529841,99,买盘
1384,10:39:12,53.45,139026,26,卖盘
1385,10:39:15,53.45,229897,43,卖盘
1386,10:39:18,53.45,192440,36,卖盘
1387,10:39:21,53.45,138961,26,买盘
1388,10:39:24,53.45,582610,109,买盘
1389,10:39:27,53.44,251239,47,卖盘
1390,10:39:30,53.44,219129,41,买盘
1391,10:39:33,53.45,635959,119,卖盘
1392,10:39:36,53.45,133610,25,卖盘
1393,10:39:39,53.47,176427,33,中性盘
1394,10:39:42,53.47,513212,96,卖盘
1395,10:39:45,53.48,101622,19,中性盘
1396,10:39:48,53.48,593719,111,买盘
1397,10:39:51,53.48,647121,121,卖盘
1398,10:39:54,53.48,133711,25,卖盘
1399,10:39:57,53.52,642111,120,买盘
1400,10:40:00,53.51,337059,63,卖盘
1401,10:40:03,53.5,727973,136,卖盘
1402,10:40:06,53.45,668485,125,卖盘
1403,10:40:09,53.45,336885,63,卖盘
1404,10:40:12,53.45,128283,24,卖盘
1405,10:40:15,53.45,668084,125,卖盘
1406,10:40:18,53.45,224513,42,卖盘
1407,10:40:21,53.45,283328,53,卖盘
1408,10:40:24,53.49,5679152,1059,买盘
1409,10:40:27,53.49,706013,132,卖盘
1410,10:40:30,53.53,101750,19,中性盘
1411,10:40:33,53.57,149867,28,买盘
1412,10:40:36,53.56,101760,19,中性盘
1413,10:40:39,53.49,74918,14,卖盘
1414,10:40:42,53.5,535003,100,买盘
1415,10:40:45,53.5,90950,17,买盘
1416,10:40:48,53.54,567803,106,买盘
1417,10:40:51,53.57,192787,36,买盘
1418,10:40:54,53.55,406739,76,卖盘
1419,10:40:57,53.56,160633,30,卖盘
1420,10:41:00,53.51,47860,9,卖盘
1421,10:41:03,53.51,171361,32,卖盘
1422,10:41:06,53.56,273020,51,买盘
1423,10:41:09,53.57,696450,130,买盘
1424,10:41:12,53.65,85787,16,买盘
1425,10:41:15,53.6,611059,114,卖盘
1426,10:41:18,53.6,42892,8,卖盘
1427,10:41:21,53.64,128766,24,买盘
1428,10:41:24,53.65,37555,7,中性盘
1429,10:41:27,53.67,198625,37,买盘
1430,10:41:30,53.69,59046,11,买盘
1431,10:41:33,53.71,338280,63,买盘
1432,10:41:36,53.72,290020,54,买盘
1433,10:41:39,53.72,284759,53,中性盘
1434,10:41:42,53.73,236406,44,买盘
1435,10:41:45,53.76,215011,40,买盘
1436,10:41:48,53.75,172037,32,卖盘
1437,10:41:51,53.78,424797,79,买盘
1438,10:41:54,53.78,177444,33,买盘
1439,10:41:57,53.75,914035,170,卖盘
1440,10:42:00,53.76,204326,38,中性盘
1441,10:42:03,53.78,349496,65,买盘
1442,10:42:06,53.78,215104,40,买盘
1443,10:42:09,53.78,473275,88,买盘
1444,10:42:12,53.79,634511,118,买盘
1445,10:42:15,53.79,494820,92,买盘
1446,10:42:18,53.79,1393303,259,卖盘
1447,10:42:21,53.79,494886,92,卖盘
1448,10:42:24,53.8,726254,135,买盘
1449,10:42:27,53.79,156025,29,卖盘
1450,10:42:30,53.8,365825,68,买盘
1451,10:42:33,53.8,252864,47,买盘
1452,10:42:36,53.8,312051,58,卖盘
1453,10:42:39,53.82,263741,49,买盘
1454,10:42:42,53.86,328443,61,买盘
1455,10:42:45,53.88,296238,55,买盘
1456,10:42:48,53.86,560298,104,卖盘
1457,10:42:51,53.87,641113,119,中性盘
1458,10:42:54,53.88,484930,90,买盘
1459,10:42:57,53.88,797520,148,卖盘
1460,10:43:00,53.89,393396,73,买盘
1461,10:43:03,53.9,910647,169,买盘
1462,10:43:06,53.9,932418,173,买盘
1463,10:43:09,53.9,468893,87,买盘
1464,10:43:12,53.9,1169629,217,买盘
1465,10:43:15,53.9,1681617,312,买盘
1466,10:43:18,53.9,1536087,285,买盘
1467,10:43:21,53.9,2031836,377,买盘
1468,10:43:24,53.9,1401362,260,买盘
1469,10:43:27,53.9,2296072,426,买盘
1470,10:43:30,53.9,1746299,324,买盘
1471,10:43:33,53.9,355771,66,卖盘
1472,10:43:36,53.9,592992,110,卖盘
1473,10:43:39,53.92,447453,83,买盘
1474,10:43:42,53.93,491233,91,买盘
1475,10:43:45,53.92,312772,58,卖盘
1476,10:43:48,53.92,426032,79,卖盘
1477,10:43:51,53.92,652466,121,买盘
1478,10:43:54,53.92,1347977,250,买盘
1479,10:43:57,53.92,889633,165,买盘
1480,10:44:00,53.91,614650,114,卖盘
1481,10:44:03,53.92,1940453,360,买盘
1482,10:44:06,53.91,657768,122,中性盘
1483,10:44:09,53.91,695420,129,买盘
1484,10:44:12,53.85,2958079,549,卖盘
1485,10:44:15,53.82,1082444,201,卖盘
1486,10:44:18,53.8,517076,96,卖盘
1487,10:44:21,53.8,1264439,235,卖盘
1488,10:44:24,53.84,775663,144,买盘
1489,10:44:27,53.85,350056,65,买盘
1490,10:44:30,53.86,247762,46,买盘
1491,10:44:33,53.85,743319,138,卖盘
1492,10:44:36,53.85,183184,34,买盘
1493,10:44:39,53.86,301783,56,卖盘
1494,10:44:42,53.85,220888,41,卖盘
1495,10:44:45,53.87,328688,61,买盘
1496,10:44:48,53.87,43101,8,卖盘
1497,10:44:51,53.87,371720,69,卖盘
1498,10:44:54,53.88,328713,61,买盘
1499,10:44:57,53.9,431137,80,买盘
1500,10:45:00,53.87,1158439,215,卖盘
1501,10:45:03,53.88,1320029,245,买盘
1502,10:45:06,53.89,1309502,243,买盘
1503,10:45:09,53.91,1008050,187,买盘
1504,10:45:12,53.93,911790,169,买盘
1505,10:45:15,53.93,646549,120,买盘
1506,10:45:18,53.93,717191,133,买盘
1507,10:45:21,53.93,787241,146,买盘
1508,10:45:24,53.89,1251135,232,卖盘
1509,10:45:27,53.93,976689,181,买盘
1510,10:45:30,53.93,1348577,250,卖盘
1511,10:45:33,53.93,998009,185,卖盘
1512,10:45:36,53.93,1320819,245,卖盘
1513,10:45:39,53.93,917091,170,买盘
1514,10:45:42,53.94,614950,114,买盘
1515,10:45:45,53.93,339809,63,买盘
1516,10:45:48,53.93,1218788,226,卖盘
1517,10:45:51,53.93,1175778,218,买盘
1518,10:45:54,53.94,755168,140,买盘
1519,10:45:57,53.95,377694,70,中性盘
1520,10:46:00,53.97,312944,58,买盘
1521,10:46:03,53.9,2372940,440,卖盘
1522,10:46:06,53.91,2296987,426,中性盘
1523,10:46:09,53.91,695518,129,买盘
1524,10:46:12,53.88,927068,172,中性盘
1525,10:46:15,53.92,247959,46,买盘
1526,10:46:18,53.92,145608,27,卖盘
1527,10:46:21,53.93,291279,54,买盘
1528,10:46:24,53.91,355931,66,卖盘
1529,10:46:27,53.93,253504,47,买盘
1530,10:46:30,53.93,382954,71,买盘
1531,10:46:33,53.95,253544,47,买盘
1532,10:46:36,53.93,5629740,1043,卖盘
1533,10:46:39,53.96,1721722,319,中性盘
1534,10:46:42,53.94,830614,154,中性盘
1535,10:46:45,53.95,323759,60,中性盘
1536,10:46:48,53.94,145669,27,卖盘
1537,10:46:51,53.94,404542,75,卖盘
1538,10:46:54,53.92,938544,174,卖盘
1539,10:46:57,53.92,199504,37,卖盘
1540,10:47:00,53.91,274907,51,卖盘
1541,10:47:03,53.88,1110292,206,卖盘
1542,10:47:06,53.89,210191,39,中性盘
1543,10:47:09,53.87,1012893,188,卖盘
1544,10:47:12,53.86,447170,83,卖盘
1545,10:47:15,53.87,420250,78,中性盘
1546,10:47:18,53.86,258551,48,卖盘
1547,10:47:21,53.86,285449,53,买盘
1548,10:47:24,53.86,161561,30,买盘
1549,10:47:27,53.85,823835,153,中性盘
1550,10:47:30,53.85,366210,68,卖盘
1551,10:47:33,53.85,172020,32,卖盘
1552,10:47:36,53.85,382596,71,卖盘
1553,10:47:39,53.85,242315,45,买盘
1554,10:47:42,53.84,581231,108,卖盘
1555,10:47:45,53.84,221134,41,卖盘
1556,10:47:48,53.83,193805,36,卖盘
1557,10:47:51,53.83,215338,40,卖盘
1558,10:47:54,53.83,48442,9,买盘
1559,10:47:57,53.84,263774,49,买盘
1560,10:48:00,53.85,516850,96,买盘
1561,10:48:03,53.88,1174613,218,买盘
1562,10:48:06,53.91,1163275,216,买盘
1563,10:48:09,53.91,75452,14,买盘
1564,10:48:12,53.91,258751,48,买盘
1565,10:48:15,53.94,404420,75,买盘
1566,10:48:18,53.95,264275,49,买盘
1567,10:48:21,53.93,308547,57,中性盘
1568,10:48:24,53.94,248127,46,买盘
1569,10:48:27,53.94,372098,69,买盘
1570,10:48:30,53.94,900766,167,买盘
1571,10:48:33,53.95,221168,41,买盘
1572,10:48:36,53.97,410084,76,买盘
1573,10:48:39,53.97,134879,25,买盘
1574,10:48:42,53.97,323786,60,买盘
1575,10:48:45,53.96,172701,32,卖盘
1576,10:48:48,53.98,232095,43,买盘
1577,10:48:51,53.98,475017,88,买盘
1578,10:48:54,53.98,421034,78,买盘
1579,10:48:57,53.98,367049,68,买盘
1580,10:49:00,53.98,464223,86,买盘
1581,10:49:03,53.98,1376692,255,买盘
1582,10:49:06,53.96,2266835,420,卖盘
1583,10:49:09,53.96,2725617,505,卖盘
1584,10:49:12,53.96,167282,31,买盘
1585,10:49:15,53.95,350707,65,卖盘
1586,10:49:18,53.93,555552,103,卖盘
1587,10:49:21,53.91,753800,140,卖盘
1588,10:49:24,53.9,221013,41,卖盘
1589,10:49:27,53.9,140137,26,买盘
1590,10:49:30,53.89,96991,18,卖盘
1591,10:49:33,53.86,156241,29,卖盘
1592,10:49:36,53.89,242449,45,买盘
1593,10:49:39,53.97,2388304,443,买盘
1594,10:49:42,53.92,437029,81,卖盘
1595,10:49:45,53.95,75548,14,中性盘
1596,10:49:48,53.96,202396,38,卖盘
1597,10:49:51,53.98,188799,35,买盘
1598,10:49:54,53.95,205049,38,买盘
1599,10:49:57,53.95,188840,35,卖盘
1600,10:50:00,53.93,328993,61,卖盘
1601,10:50:03,53.92,345241,64,中性盘
1602,10:50:06,53.95,134849,25,买盘
1603,10:50:09,53.94,156410,29,买盘
1604,10:50:12,53.94,64732,12,卖盘
1605,10:50:15,53.94,102495,19,买盘
1606,10:50:18,53.95,609507,113,买盘
1607,10:50:21,53.96,949377,176,买盘
1608,10:50:24,53.95,140275,26,中性盘
1609,10:50:27,53.96,491123,91,卖盘
1610,10:50:30,53.96,134907,25,卖盘
1611,10:50:33,53.96,253625,47,卖盘
1612,10:50:36,53.97,534292,99,买盘
1613,10:50:39,53.97,248282,46,卖盘
1614,10:50:42,53.99,3989246,739,买盘
1615,10:50:45,53.97,151100,28,买盘
1616,10:50:48,53.99,361676,67,买盘
1617,10:50:51,53.98,361703,67,卖盘
1618,10:50:54,53.99,550698,102,买盘
1619,10:50:57,53.99,1679076,311,买盘
1620,10:51:00,53.99,593846,110,买盘
1621,10:51:03,54.0,647886,120,买盘
1622,10:51:06,53.99,340073,63,卖盘
1623,10:51:09,53.97,901659,167,卖盘
1624,10:51:12,53.99,458887,85,买盘
1625,10:51:15,53.99,210549,39,买盘
1626,10:51:18,53.99,16195,3,买盘
1627,10:51:21,53.98,448006,83,卖盘
1628,10:51:24,53.99,269950,50,买盘
1629,10:51:27,53.99,178167,33,卖盘
1630,10:51:30,53.99,2338197,433,卖盘
1631,10:51:33,54.0,1079990,200,买盘
1632,10:51:36,54.0,950370,176,买盘
1633,10:51:39,54.0,361759,67,买盘
1634,10:51:42,54.0,172799,32,买盘
1635,10:51:45,54.0,955793,177,买盘
1636,10:51:48,54.0,885481,164,买盘
1637,10:51:51,53.99,205183,38,中性盘
1638,10:51:54,54.0,113387,21,买盘
1639,10:51:57,53.99,129590,24,卖盘
1640,10:52:00,53.99,161970,30,买盘
1641,10:52:03,54.0,512960,95,买盘
1642,10:52:06,54.0,2505578,464,买盘
1643,10:52:09,54.0,842380,156,买盘
1644,10:52:12,53.99,388786,72,卖盘
1645,10:52:15,54.0,313181,58,买盘
1646,10:52:18,54.0,313192,58,买盘
1647,10:52:21,53.98,491284,91,卖盘
1648,10:52:24,53.99,1457350,270,买盘
1649,10:52:27,53.95,1165270,216,卖盘
1650,10:52:30,53.94,668761,124,中性盘
1651,10:52:33,53.94,80892,15,买盘
1652,10:52:36,53.9,37737,7,中性盘
1653,10:52:39,53.89,107855,20,卖盘
1654,10:52:42,53.9,64701,12,中性盘
1655,10:52:45,53.89,113184,21,卖盘
1656,10:52:48,53.9,118579,22,买盘
1657,10:52:51,53.9,118574,22,买盘
1658,10:52:54,53.9,296421,55,买盘
1659,10:52:57,53.93,501420,93,买盘
1660,10:53:00,53.93,59323,11,卖盘
1661,10:53:03,53.93,199567,37,卖盘
1662,10:53:06,53.93,91681,17,卖盘
1663,10:53:09,53.95,215764,40,买盘
1664,10:53:12,53.95,140306,26,卖盘
1665,10:53:15,53.95,134890,25,卖盘
1666,10:53:18,53.98,296888,55,买盘
1667,10:53:21,53.95,151101,28,卖盘
1668,10:53:24,53.96,183442,34,买盘
1669,10:53:27,53.95,97111,18,卖盘
1670,10:53:30,53.95,485522,90,卖盘
1671,10:53:33,53.95,102490,19,买盘
1672,10:53:36,53.91,2270012,421,卖盘
1673,10:53:39,53.9,6280484,1164,卖盘
1674,10:53:42,53.9,221004,41,卖盘
1675,10:53:45,53.9,150899,28,买盘
1676,10:53:48,53.89,156305,29,卖盘
1677,10:53:51,53.9,107793,20,买盘
1678,10:53:54,53.9,555126,103,买盘
1679,10:53:57,53.88,59274,11,卖盘
1680,10:54:00,53.88,237134,44,卖盘
1681,10:54:03,53.88,264035,49,卖盘
1682,10:54:06,53.89,355670,66,中性盘
1683,10:54:09,53.89,204753,38,买盘
1684,10:54:12,53.9,102436,19,买盘
1685,10:54:15,53.9,274844,51,卖盘
1686,10:54:18,53.93,215652,40,买盘
1687,10:54:21,53.89,220949,41,卖盘
1688,10:54:24,53.9,134743,25,买盘
1689,10:54:27,53.9,107803,20,中性盘
1690,10:54:30,53.91,21564,4,买盘
1691,10:54:33,53.92,37736,7,买盘
1692,10:54:36,53.91,145538,27,卖盘
1693,10:54:39,53.86,1169336,217,卖盘
1694,10:54:42,53.89,334019,62,买盘
1695,10:54:45,53.87,91564,17,中性盘
1696,10:54:48,53.89,64646,12,买盘
1697,10:54:51,53.88,204690,38,买盘
1698,10:54:54,53.88,107763,20,买盘
1699,10:54:57,53.86,183174,34,卖盘
1700,10:55:00,53.82,1389119,258,卖盘
1701,10:55:03,53.81,780913,145,卖盘
1702,10:55:06,53.8,968403,180,卖盘
1703,10:55:09,53.77,166717,31,卖盘
1704,10:55:12,53.72,1488851,277,卖盘
1705,10:55:15,53.71,187972,35,卖盘
1706,10:55:18,53.71,236352,44,买盘
1707,10:55:21,53.7,187979,35,卖盘
1708,10:55:24,53.76,284714,53,买盘
1709,10:55:27,53.73,155817,29,买盘
1710,10:55:30,53.73,247167,46,卖盘
1711,10:55:33,53.73,53736,10,卖盘
1712,10:55:36,53.73,188108,35,卖盘
1713,10:55:39,53.73,118267,22,卖盘
1714,10:55:42,53.73,220306,41,卖盘
1715,10:55:45,53.73,32250,6,卖盘
1716,10:55:48,53.73,827315,154,卖盘
1717,10:55:51,53.7,53704,10,卖盘
1718,10:55:54,53.67,869925,162,卖盘
1719,10:55:57,53.66,241400,45,卖盘
1720,10:56:00,53.6,37523,7,卖盘
1721,10:56:03,53.62,1014350,189,中性盘
1722,10:56:06,53.7,209303,39,买盘
1723,10:56:09,53.7,139500,26,买盘
1724,10:56:12,53.7,579961,108,买盘
1725,10:56:15,53.7,236266,44,中性盘
1726,10:56:18,53.72,247036,46,买盘
1727,10:56:21,53.73,182641,34,买盘
1728,10:56:24,53.73,80587,15,买盘
1729,10:56:27,53.74,123595,23,买盘
1730,10:56:30,53.73,419094,78,卖盘
1731,10:56:33,53.74,85984,16,买盘
1732,10:56:36,53.75,494491,92,买盘
1733,10:56:39,53.75,177386,33,卖盘
1734,10:56:42,53.73,1628204,303,卖盘
1735,10:56:45,53.75,231078,43,买盘
1736,10:56:48,53.75,59112,11,买盘
1737,10:56:51,53.77,881790,164,买盘
1738,10:56:54,53.8,75287,14,买盘
1739,10:56:57,53.8,930202,173,买盘
1740,10:57:00,53.75,1769000,329,卖盘
1741,10:57:03,53.68,1310716,244,卖盘
1742,10:57:06,53.69,724731,135,买盘
1743,10:57:09,53.65,257717,48,中性盘
1744,10:57:12,53.65,214530,40,买盘
1745,10:57:15,53.65,144847,27,买盘
1746,10:57:18,53.65,171690,32,卖盘
1747,10:57:21,53.66,155599,29,买盘
1748,10:57:24,53.66,203873,38,中性盘
1749,10:57:27,53.66,96594,18,卖盘
1750,10:57:30,53.67,118069,22,中性盘
1751,10:57:33,53.67,5613466,1044,卖盘
1752,10:57:36,53.69,123485,23,中性盘
1753,10:57:39,53.7,26846,5,中性盘
1754,10:57:42,53.75,209579,39,买盘
1755,10:57:45,53.71,37595,7,买盘
1756,10:57:48,53.68,155699,29,卖盘
1757,10:57:51,53.72,1171392,218,买盘
1758,10:57:54,53.71,85937,16,卖盘
1759,10:57:57,53.7,64443,12,卖盘
1760,10:58:00,53.7,220183,41,卖盘
1761,10:58:03,53.6,2569101,479,卖盘
1762,10:58:06,53.6,369794,69,买盘
1763,10:58:09,53.6,214377,40,买盘
1764,10:58:12,53.58,1123571,210,卖盘
1765,10:58:15,53.6,262623,49,买盘
1766,10:58:18,53.59,173455,32,中性盘
1767,10:58:21,53.58,75013,14,卖盘
1768,10:58:24,53.58,632365,118,卖盘
1769,10:58:27,53.6,525100,98,买盘
1770,10:58:30,53.56,267901,50,卖盘
1771,10:58:33,53.56,332156,62,卖盘
1772,10:58:36,53.56,101784,19,卖盘
1773,10:58:39,53.56,257068,48,卖盘
1774,10:58:42,53.56,391056,73,买盘
1775,10:58:45,53.56,476746,89,卖盘
1776,10:58:48,53.6,198214,37,买盘
1777,10:58:51,53.56,166042,31,卖盘
1778,10:58:54,53.57,375060,70,中性盘
1779,10:58:57,53.57,75004,14,卖盘
1780,10:59:00,53.57,192903,36,卖盘
1781,10:59:03,53.57,230435,43,卖盘
1782,10:59:06,53.61,284034,53,买盘
1783,10:59:09,53.59,251807,47,卖盘
1784,10:59:12,53.61,58958,11,买盘
1785,10:59:15,53.58,348271,65,买盘
1786,10:59:18,53.58,208963,39,买盘
1787,10:59:24,53.6,185593,35,买盘
1788,10:59:27,53.6,144715,27,买盘
1789,10:59:30,53.59,284070,53,卖盘
1790,10:59:33,53.59,182222,34,卖盘
1791,10:59:36,53.6,403906,75,买盘
1792,10:59:39,53.6,262575,49,买盘
1793,10:59:42,53.59,26796,5,买盘
1794,10:59:45,53.59,176849,33,卖盘
1795,10:59:48,53.59,251868,47,卖盘
1796,10:59:51,53.58,171490,32,卖盘
1797,10:59:54,53.59,128630,24,卖盘
1798,10:59:57,53.58,150038,28,卖盘
1799,11:00:00,53.6,289423,54,买盘
1800,11:00:03,53.59,42875,8,卖盘
1801,11:00:06,53.59,369740,69,中性盘
1802,11:00:09,53.57,535800,100,卖盘
1803,11:00:12,53.57,300018,56,卖盘
1804,11:00:15,53.57,182124,34,卖盘
1805,11:00:18,53.57,32142,6,买盘
1806,11:00:21,53.57,273223,51,卖盘
1807,11:00:24,53.57,176780,33,卖盘
1808,11:00:27,53.56,107124,20,卖盘
1809,11:00:30,53.56,514203,96,卖盘
1810,11:00:33,53.55,74985,14,卖盘
1811,11:00:36,53.55,1493934,279,卖盘
1812,11:00:39,53.56,969368,181,买盘
1813,11:00:42,53.56,417769,78,卖盘
1814,11:00:45,53.55,412378,77,卖盘
1815,11:00:48,53.58,353578,66,买盘
1816,11:00:51,53.56,241066,45,卖盘
1817,11:00:54,53.55,524885,98,卖盘
1818,11:00:57,53.57,176732,33,买盘
1819,11:01:00,53.58,299966,56,买盘
1820,11:01:03,53.58,53571,10,买盘
1821,11:01:06,53.57,235635,44,中性盘
1822,11:01:09,53.55,289291,54,卖盘
1823,11:01:12,53.56,80315,15,买盘
1824,11:01:15,53.57,321326,60,买盘
1825,11:01:18,53.56,374953,70,卖盘
1826,11:01:21,53.55,128535,24,卖盘
1827,11:01:24,53.55,128546,24,卖盘
1828,11:01:27,53.56,316092,59,中性盘
1829,11:01:30,53.55,230292,43,卖盘
1830,11:01:33,53.55,117814,22,卖盘
1831,11:01:36,53.57,155318,29,买盘
1832,11:01:39,53.56,16070,3,卖盘
1833,11:01:42,53.56,74984,14,卖盘
1834,11:01:45,53.56,149968,28,卖盘
1835,11:01:48,53.54,74967,14,卖盘
1836,11:01:51,53.54,112435,21,卖盘
1837,11:01:54,53.54,321245,60,卖盘
1838,11:01:57,53.53,813657,152,卖盘
1839,11:02:00,53.52,1022235,191,卖盘
1840,11:02:03,53.51,96322,18,卖盘
1841,11:02:06,53.48,5665919,1059,卖盘
1842,11:02:09,53.47,791383,148,卖盘
1843,11:02:12,53.45,630728,118,卖盘
1844,11:02:15,53.4,897260,168,卖盘
1845,11:02:18,53.4,213641,40,卖盘
1846,11:02:21,53.36,453743,85,卖盘
1847,11:02:24,53.4,293616,55,买盘
1848,11:02:27,53.39,379050,71,中性盘
1849,11:02:30,53.38,325616,61,卖盘
1850,11:02:33,53.36,240153,45,卖盘
1851,11:02:36,53.36,282763,53,买盘
1852,11:02:39,53.32,272098,51,卖盘
1853,11:02:42,53.31,175929,33,卖盘
1854,11:02:45,53.31,335825,63,卖盘
1855,11:02:48,53.31,138606,26,卖盘
1856,11:02:51,53.3,655375,123,卖盘
1857,11:02:54,53.3,894885,168,买盘
1858,11:02:57,53.23,703229,132,卖盘
1859,11:03:00,53.31,229176,43,买盘
1860,11:03:03,53.31,655537,123,买盘
1861,11:03:06,53.35,655820,123,买盘
1862,11:03:09,53.35,293320,55,买盘
1863,11:03:12,53.32,875122,164,卖盘
1864,11:03:15,53.35,725919,136,中性盘
1865,11:03:18,53.35,240084,45,卖盘
1866,11:03:21,53.38,256181,48,买盘
1867,11:03:24,53.38,352184,66,买盘
1868,11:03:27,53.38,357533,67,买盘
1869,11:03:30,53.38,42702,8,买盘
1870,11:03:33,53.38,309542,58,买盘
1871,11:03:36,53.38,362973,68,买盘
1872,11:03:39,53.38,330897,62,买盘
1873,11:03:42,53.38,245505,46,买盘
1874,11:03:45,53.35,106717,20,卖盘
1875,11:03:48,53.38,330863,62,买盘
1876,11:03:51,53.38,10676,2,买盘
1877,11:03:54,53.36,160104,30,卖盘
1878,11:03:57,53.38,341565,64,买盘
1879,11:04:00,53.37,757618,142,买盘
1880,11:04:03,53.33,469366,88,卖盘
1881,11:04:06,53.32,1018374,191,卖盘
1882,11:04:09,53.28,1471078,276,卖盘
1883,11:04:12,53.24,372806,70,卖盘
1884,11:04:15,53.31,1311084,246,买盘
1885,11:04:18,53.25,447333,84,中性盘
1886,11:04:21,53.29,367550,69,买盘
1887,11:04:24,53.25,388725,73,卖盘
1888,11:04:27,53.24,404703,76,卖盘
1889,11:04:30,53.29,63921,12,买盘
1890,11:04:33,53.28,239645,45,中性盘
1891,11:04:36,53.29,47943,9,买盘
1892,11:04:39,53.28,159808,30,卖盘
1893,11:04:42,53.39,5594344,1047,买盘
1894,11:04:45,53.4,165503,31,中性盘
1895,11:04:48,53.41,859432,161,卖盘
1896,11:04:51,53.47,155032,29,中性盘
1897,11:04:54,53.41,523351,98,卖盘
1898,11:04:57,53.4,464241,87,卖盘
1899,11:05:00,53.35,74744,14,中性盘
1900,11:05:03,53.34,229394,43,卖盘
1901,11:05:06,53.38,149415,28,中性盘
1902,11:05:09,53.34,277358,52,卖盘
1903,11:05:12,53.33,469581,88,卖盘
1904,11:05:15,53.34,122670,23,中性盘
1905,11:05:18,53.33,229312,43,卖盘
1906,11:05:21,53.38,96022,18,买盘
1907,11:05:24,53.38,106736,20,卖盘
1908,11:05:27,53.35,37345,7,卖盘
1909,11:05:30,53.38,122750,23,买盘
1910,11:05:33,53.33,309407,58,卖盘
1911,11:05:36,53.34,160007,30,买盘
1912,11:05:39,53.34,335984,63,买盘
1913,11:05:42,53.32,154638,29,卖盘
1914,11:05:45,53.32,836972,157,买盘
1915,11:05:48,53.33,463848,87,买盘
1916,11:05:51,53.31,138624,26,卖盘
1917,11:05:54,53.34,645142,121,买盘
1918,11:05:57,53.34,2394999,449,买盘
1919,11:06:00,53.38,272183,51,买盘
1920,11:06:03,53.38,410693,77,买盘
1921,11:06:06,53.38,176105,33,买盘
1922,11:06:09,53.37,416012,78,中性盘
1923,11:06:12,53.34,250747,47,卖盘
1924,11:06:15,53.34,16005,3,卖盘
1925,11:06:18,53.37,208074,39,买盘
1926,11:06:21,53.37,186765,35,买盘
1927,11:06:24,53.38,138777,26,买盘
1928,11:06:27,53.35,128068,24,卖盘
1929,11:06:30,53.38,309635,58,买盘
1930,11:06:33,53.35,240095,45,卖盘
1931,11:06:36,53.37,21347,4,中性盘
1932,11:06:39,53.35,266819,50,卖盘
1933,11:06:42,53.37,768437,144,买盘
1934,11:06:45,53.34,101349,19,卖盘
1935,11:06:48,53.33,240036,45,卖盘
1936,11:06:51,53.35,112017,21,买盘
1937,11:06:54,53.35,96000,18,买盘
1938,11:06:57,53.35,176048,33,买盘
1939,11:07:00,53.35,58685,11,卖盘
1940,11:07:03,53.35,144045,27,卖盘
1941,11:07:06,53.35,192063,36,卖盘
1942,11:07:09,53.35,149370,28,买盘
1943,11:07:12,53.34,128034,24,卖盘
1944,11:07:15,53.36,90701,17,买盘
1945,11:07:18,53.34,128022,24,卖盘
1946,11:07:21,53.34,42672,8,买盘
1947,11:07:24,53.34,79998,15,买盘
1948,11:07:27,53.35,256030,48,买盘
1949,11:07:30,53.33,1152008,216,卖盘
1950,11:07:33,53.34,501400,94,中性盘
1951,11:07:36,53.35,106684,20,买盘
1952,11:07:39,53.34,389382,73,卖盘
1953,11:07:42,53.32,293309,55,卖盘
1954,11:07:45,53.34,10667,2,买盘
1955,11:07:48,53.33,170657,32,卖盘
1956,11:07:51,53.34,234667,44,买盘
1957,11:07:54,53.34,207991,39,买盘
1958,11:07:57,53.33,42666,8,卖盘
1959,11:08:00,53.33,69339,13,卖盘
1960,11:08:03,53.32,223978,42,卖盘
1961,11:08:06,53.33,85321,16,买盘
1962,11:08:09,53.31,90640,17,卖盘
1963,11:08:12,53.31,74637,14,卖盘
1964,11:08:15,53.31,234580,44,卖盘
1965,11:08:18,53.32,85298,16,买盘
1966,11:08:21,53.32,165274,31,买盘
1967,11:08:24,53.33,346594,65,买盘
1968,11:08:27,53.32,133305,25,卖盘
1969,11:08:30,53.33,69319,13,买盘
1970,11:08:33,53.33,133317,25,买盘
1971,11:08:36,53.32,186647,35,卖盘
1972,11:08:39,53.32,191937,36,中性盘
1973,11:08:42,53.31,111965,21,卖盘
1974,11:08:45,53.32,117304,22,卖盘
1975,11:08:48,53.32,170620,32,卖盘
1976,11:08:51,53.32,197285,37,卖盘
1977,11:08:54,53.33,314612,59,买盘
1978,11:08:57,53.32,138633,26,卖盘
1979,11:09:00,53.36,2160565,405,买盘
1980,11:09:03,53.37,5129230,959,买盘
1981,11:09:06,53.4,138850,26,卖盘
1982,11:09:09,53.37,741965,139,卖盘
1983,11:09:12,53.33,458739,86,卖盘
1984,11:09:15,53.43,69446,13,买盘
1985,11:09:18,53.37,320070,60,卖盘
1986,11:09:21,53.37,149551,28,买盘
1987,11:09:24,53.44,256227,48,中性盘
1988,11:09:27,53.45,117459,22,买盘
1989,11:09:30,53.44,32053,6,买盘
1990,11:09:33,53.39,32042,6,卖盘
1991,11:09:36,53.45,26722,5,买盘
1992,11:09:39,53.39,267188,50,卖盘
1993,11:09:42,53.44,176344,33,买盘
1994,11:09:45,53.44,112172,21,买盘
1995,11:09:48,53.43,187039,35,中性盘
1996,11:09:51,53.44,261774,49,买盘
1997,11:09:54,53.39,218964,41,卖盘
1998,11:09:57,53.41,186909,35,中性盘
1999,11:10:00,53.43,288450,54,买盘
2000,11:10:03,53.42,122866,23,卖盘
2001,11:10:06,53.44,352607,66,买盘
2002,11:10:09,53.43,149599,28,卖盘
2003,11:10:12,53.44,154987,29,买盘
2004,11:10:15,53.45,192390,36,买盘
2005,11:10:18,53.44,37411,7,卖盘
2006,11:10:21,53.47,443644,83,买盘
2007,11:10:24,53.48,165763,31,买盘
2008,11:10:27,53.5,58836,11,买盘
2009,11:10:30,53.5,155114,29,买盘
2010,11:10:33,53.49,58841,11,卖盘
2011,11:10:36,53.5,181865,34,买盘
2012,11:10:39,53.5,37444,7,买盘
2013,11:10:42,53.5,112335,21,买盘
2014,11:10:45,53.49,197932,37,卖盘
2015,11:10:48,53.47,53483,10,卖盘
2016,11:10:51,53.46,117634,22,卖盘
2017,11:10:54,53.48,197828,37,买盘
2018,11:10:57,53.47,48127,9,中性盘
2019,11:11:00,53.48,331464,62,买盘
2020,11:11:03,53.48,962512,180,买盘
2021,11:11:06,53.48,58828,11,卖盘
2022,11:11:09,53.48,203228,38,卖盘
2023,11:11:12,53.48,572248,107,卖盘
2024,11:11:15,53.47,368973,69,卖盘
2025,11:11:18,53.48,53480,10,买盘
2026,11:11:21,53.48,288775,54,卖盘
2027,11:11:24,53.49,37437,7,买盘
2028,11:11:27,53.5,139066,26,买盘
2029,11:11:30,53.48,149748,28,卖盘
2030,11:11:33,53.5,90944,17,买盘
2031,11:11:36,53.5,58836,11,买盘
2032,11:11:39,53.5,64199,12,买盘
2033,11:11:42,53.5,187203,35,买盘
2034,11:11:45,53.5,235390,44,买盘
2035,11:11:48,53.5,139076,26,买盘
2036,11:11:51,53.5,224686,42,买盘
2037,11:11:54,53.5,5350,1,卖盘
2038,11:11:57,53.51,171213,32,买盘
2039,11:12:00,53.51,53509,10,买盘
2040,11:12:03,53.48,155123,29,卖盘
2041,11:12:06,53.48,74872,14,卖盘
2042,11:12:09,53.5,872167,163,买盘
2043,11:12:12,53.49,342251,64,中性盘
2044,11:12:15,53.49,48134,9,买盘
2045,11:12:18,53.49,192524,36,买盘
2046,11:12:21,53.49,58838,11,买盘
2047,11:12:24,53.49,133725,25,买盘
2048,11:12:27,53.48,406512,76,卖盘
2049,11:12:30,53.49,69533,13,卖盘
2050,11:12:33,53.47,149717,28,卖盘
2051,11:12:36,53.48,10696,2,中性盘
2052,11:12:39,53.47,5347,1,卖盘
2053,11:12:42,53.49,476027,89,买盘
2054,11:12:45,53.48,74880,14,卖盘
2055,11:12:48,53.46,187143,35,卖盘
2056,11:12:51,53.5,139077,26,买盘
2057,11:12:54,53.5,80234,15,买盘
2058,11:12:57,53.48,139070,26,卖盘
2059,11:13:00,53.5,320995,60,买盘
2060,11:13:03,53.51,219349,41,买盘
2061,11:13:06,53.5,64194,12,卖盘
2062,11:13:09,53.5,74894,14,买盘
2063,11:13:15,53.5,69556,13,卖盘
2064,11:13:18,53.5,53500,10,卖盘
2065,11:13:21,53.52,256853,48,买盘
2066,11:13:24,53.52,1113234,208,买盘
2067,11:13:27,53.53,128434,24,买盘
2068,11:13:30,53.52,176605,33,卖盘
2069,11:13:33,53.51,160560,30,卖盘
2070,11:13:36,53.51,230096,43,卖盘
2071,11:13:39,53.54,224781,42,买盘
2072,11:13:42,53.55,32128,6,买盘
2073,11:13:45,53.54,21416,4,卖盘
2074,11:13:48,53.54,369473,69,中性盘
2075,11:13:51,53.55,53546,10,买盘
2076,11:13:54,53.55,171330,32,买盘
2077,11:13:57,53.55,80319,15,买盘
2078,11:14:00,53.58,166066,31,买盘
2079,11:14:03,53.58,133974,25,卖盘
2080,11:14:06,53.6,262654,49,中性盘
2081,11:14:09,53.61,493098,92,买盘
2082,11:14:12,53.6,128650,24,卖盘
2083,11:14:15,53.62,219766,41,买盘
2084,11:14:18,53.61,182259,34,中性盘
2085,11:14:21,53.62,42896,8,买盘
2086,11:14:24,53.61,75065,14,卖盘
2087,11:14:27,53.65,160916,30,买盘
2088,11:14:30,53.63,144805,27,卖盘
2089,11:14:33,53.63,504138,94,卖盘
2090,11:14:36,53.61,85784,16,卖盘
2091,11:14:39,53.61,455722,85,卖盘
2092,11:14:42,53.61,241210,45,卖盘
2093,11:14:45,53.6,407316,76,中性盘
2094,11:14:48,53.56,150002,28,卖盘
2095,11:14:51,53.61,300122,56,买盘
2096,11:14:54,53.56,2480414,463,卖盘
2097,11:14:57,53.63,536232,100,买盘
2098,11:15:00,53.65,675758,126,买盘
2099,11:15:03,53.63,359363,67,卖盘
2100,11:15:06,53.63,85822,16,卖盘
2101,11:15:09,53.66,236005,44,买盘
2102,11:15:12,53.66,144883,27,买盘
2103,11:15:15,53.66,139519,26,卖盘
2104,11:15:18,53.66,37569,7,卖盘
2105,11:15:21,53.66,101972,19,卖盘
2106,11:15:24,53.68,284470,53,买盘
2107,11:15:27,53.69,96642,18,买盘
2108,11:15:30,53.71,161090,30,买盘
2109,11:15:33,53.7,42962,8,卖盘
2110,11:15:36,53.7,102051,19,卖盘
2111,11:15:39,53.72,102055,19,买盘
2112,11:15:42,53.72,42976,8,卖盘
2113,11:15:45,53.74,521156,97,买盘
2114,11:15:48,53.75,365419,68,买盘
2115,11:15:51,53.76,215031,40,买盘
2116,11:15:54,53.79,2829641,526,买盘
2117,11:15:57,53.79,285101,53,买盘
2118,11:16:00,53.8,112978,21,买盘
2119,11:16:03,53.81,446537,83,买盘
2120,11:16:06,53.8,419658,78,卖盘
2121,11:16:09,53.86,11827019,2193,买盘
2122,11:16:12,53.9,608270,113,中性盘
2123,11:16:15,53.93,1518531,282,买盘
2124,11:16:18,53.91,506452,94,中性盘
2125,11:16:21,53.84,1022835,190,卖盘
2126,11:16:24,53.89,866876,161,中性盘
2127,11:16:27,53.9,156108,29,买盘
2128,11:16:30,53.86,613772,114,中性盘
2129,11:16:33,53.85,199157,37,中性盘
2130,11:16:36,53.95,3224374,598,买盘
2131,11:16:39,53.86,506291,94,卖盘
2132,11:16:42,53.86,242334,45,卖盘
2133,11:16:45,53.9,813810,151,买盘
2134,11:16:48,53.95,199476,37,买盘
2135,11:16:51,53.95,766046,142,买盘
2136,11:16:54,53.9,847021,157,卖盘
2137,11:16:57,53.96,248054,46,中性盘
2138,11:17:00,53.96,490806,91,买盘
2139,11:17:03,53.96,490942,91,买盘
2140,11:17:06,53.97,361297,67,买盘
2141,11:17:09,53.96,296657,55,买盘
2142,11:17:12,53.96,172642,32,卖盘
2143,11:17:15,53.97,248172,46,买盘
2144,11:17:18,53.96,318339,59,买盘
2145,11:17:21,53.93,452988,84,卖盘
2146,11:17:24,53.91,102437,19,卖盘
2147,11:17:27,53.91,188717,35,卖盘
2148,11:17:30,53.91,409771,76,卖盘
2149,11:17:33,53.91,328905,61,卖盘
2150,11:17:36,53.91,226441,42,卖盘
2151,11:17:39,53.92,760350,141,中性盘
2152,11:17:42,53.9,328841,61,卖盘
2153,11:17:45,53.92,420530,78,买盘
2154,11:17:48,53.93,1315882,244,买盘
2155,11:17:51,53.94,2762595,512,买盘
2156,11:17:54,53.95,356069,66,中性盘
2157,11:17:57,53.95,550162,102,买盘
2158,11:18:00,53.95,560946,104,买盘
2159,11:18:03,53.92,539443,100,卖盘
2160,11:18:06,53.88,2387795,443,卖盘
2161,11:18:09,53.86,598121,111,卖盘
2162,11:18:12,53.9,403980,75,买盘
2163,11:18:15,53.83,312300,58,卖盘
2164,11:18:18,53.86,75370,14,中性盘
2165,11:18:21,53.82,279907,52,卖盘
2166,11:18:24,53.83,215370,40,中性盘
2167,11:18:27,53.82,360618,67,卖盘
2168,11:18:30,53.84,215289,40,买盘
2169,11:18:33,53.85,543643,101,买盘
2170,11:18:36,53.82,177629,33,卖盘
2171,11:18:39,53.83,139955,26,中性盘
2172,11:18:42,53.85,290714,54,买盘
2173,11:18:45,53.81,629732,117,卖盘
2174,11:18:48,53.82,392852,73,买盘
2175,11:18:51,53.83,979526,182,中性盘
2176,11:18:54,53.8,2268477,422,卖盘
2177,11:18:57,53.81,559530,104,买盘
2178,11:19:00,53.81,1259084,234,买盘
2179,11:19:03,53.76,263472,49,卖盘
2180,11:19:06,53.71,268639,50,卖盘
2181,11:19:09,53.76,157720,29,买盘
2182,11:19:12,53.68,182529,34,卖盘
2183,11:19:15,53.65,193220,36,卖盘
2184,11:19:18,53.62,171668,32,卖盘
2185,11:19:21,53.65,241321,45,买盘
2186,11:19:24,53.68,203898,38,买盘
2187,11:19:27,53.67,230694,43,中性盘
2188,11:19:30,53.67,85874,16,中性盘
2189,11:19:33,53.67,305975,57,卖盘
2190,11:19:36,53.72,220087,41,买盘
2191,11:19:39,53.71,284492,53,中性盘
2192,11:19:42,53.73,182607,34,买盘
2193,11:19:45,53.73,16119,3,卖盘
2194,11:19:48,53.73,370493,69,卖盘
2195,11:19:51,53.71,123484,23,卖盘
2196,11:19:54,53.75,102113,19,买盘
2197,11:19:57,53.75,86003,16,卖盘
2198,11:20:00,53.75,123632,23,卖盘
2199,11:20:03,53.73,166591,31,卖盘
2200,11:20:06,53.7,290140,54,卖盘
2201,11:20:09,53.7,69812,13,卖盘
2202,11:20:12,53.75,118203,22,买盘
2203,11:20:15,53.7,37600,7,卖盘
2204,11:20:18,53.75,91362,17,买盘
2205,11:20:21,53.7,85937,16,卖盘
2206,11:20:24,53.69,37585,7,卖盘
2207,11:20:27,53.72,1331840,248,买盘
2208,11:20:30,53.72,204142,38,卖盘
2209,11:20:33,53.73,188024,35,买盘
2210,11:20:36,53.75,209561,39,买盘
2211,11:20:39,53.73,96714,18,卖盘
2212,11:20:42,53.73,118214,22,卖盘
2213,11:20:45,53.74,440650,82,卖盘
2214,11:20:48,53.73,263254,49,卖盘
2215,11:20:51,53.71,553287,103,卖盘
2216,11:20:54,53.7,230898,43,卖盘
2217,11:20:57,53.69,365263,68,卖盘
2218,11:21:00,53.68,220218,41,卖盘
2219,11:21:03,53.68,118131,22,卖盘
2220,11:21:06,53.68,32208,6,卖盘
2221,11:21:09,53.68,204107,38,卖盘
2222,11:21:12,53.69,155691,29,中性盘
2223,11:21:15,53.73,392123,73,买盘
2224,11:21:18,53.69,42961,8,卖盘
2225,11:21:21,53.7,171824,32,卖盘
2226,11:21:24,53.73,80580,15,买盘
2227,11:21:27,53.7,231023,43,卖盘
2228,11:21:30,53.74,322260,60,买盘
2229,11:21:33,53.73,198823,37,卖盘
2230,11:21:36,53.74,59114,11,卖盘
2231,11:21:39,53.74,64489,12,卖盘
2232,11:21:42,53.75,128988,24,买盘
2233,11:21:45,53.73,16119,3,中性盘
2234,11:21:48,53.73,392359,73,卖盘
2235,11:21:51,53.75,817005,152,买盘
2236,11:21:54,53.75,220399,41,卖盘
2237,11:21:57,53.75,247265,46,卖盘
2238,11:22:00,53.75,191538,36,卖盘
2239,11:22:03,53.75,360261,67,卖盘
2240,11:22:06,53.78,118287,22,买盘
2241,11:22:09,53.8,338830,63,买盘
2242,11:22:12,53.81,172138,32,买盘
2243,11:22:15,53.8,37650,7,卖盘
2244,11:22:18,53.78,263674,49,卖盘
2245,11:22:21,53.83,134508,25,买盘
2246,11:22:24,53.81,113020,21,卖盘
2247,11:22:27,53.79,134516,25,卖盘
2248,11:22:30,53.79,177568,33,卖盘
2249,11:22:33,53.82,150647,28,买盘
2250,11:22:36,53.79,629711,117,卖盘
2251,11:22:39,53.79,188351,35,卖盘
2252,11:22:42,53.81,193654,36,买盘
2253,11:22:45,53.81,225980,42,卖盘
2254,11:22:48,53.8,656466,122,卖盘
2255,11:22:51,53.78,419540,78,卖盘
2256,11:22:54,53.76,806642,150,卖盘
2257,11:22:57,53.76,408552,76,卖盘
2258,11:23:00,53.75,543005,101,卖盘
2259,11:23:03,53.75,177393,33,卖盘
2260,11:23:06,53.76,252686,47,中性盘
2261,11:23:09,53.76,102135,19,中性盘
2262,11:23:12,53.76,161284,30,卖盘
2263,11:23:15,53.78,209674,39,买盘
2264,11:23:18,53.78,548485,102,中性盘
2265,11:23:21,53.75,1586942,295,卖盘
2266,11:23:24,53.76,188114,35,中性盘
2267,11:23:27,53.78,354716,66,买盘
2268,11:23:30,53.75,123631,23,卖盘
2269,11:23:33,53.75,139755,26,卖盘
2270,11:23:36,53.74,338630,63,卖盘
2271,11:23:39,53.76,833165,155,买盘
2272,11:23:42,53.78,161297,30,买盘
2273,11:23:45,53.76,311934,58,卖盘
2274,11:23:48,53.81,204417,38,买盘
2275,11:23:51,53.81,387108,72,买盘
2276,11:23:54,53.81,199095,37,买盘
2277,11:23:57,53.8,182932,34,卖盘
2278,11:24:00,53.83,355183,66,买盘
2279,11:24:03,53.82,252954,47,卖盘
2280,11:24:06,53.82,209905,39,卖盘
2281,11:24:09,53.82,376785,70,中性盘
2282,11:24:12,53.8,1712258,318,卖盘
2283,11:24:15,53.8,80725,15,卖盘
2284,11:24:18,53.82,193704,36,卖盘
2285,11:24:21,53.84,387618,72,买盘
2286,11:24:24,53.84,107685,20,卖盘
2287,11:24:27,53.84,166905,31,卖盘
2288,11:24:30,53.84,253080,47,卖盘
2289,11:24:33,53.85,382318,71,买盘
2290,11:24:36,53.86,306920,57,买盘
2291,11:24:39,53.87,86177,16,买盘
2292,11:24:42,53.87,253189,47,买盘
2293,11:24:45,53.87,307059,57,卖盘
2294,11:24:48,53.85,549460,102,卖盘
2295,11:24:51,53.86,226108,42,中性盘
2296,11:24:54,53.82,118403,22,卖盘
2297,11:24:57,53.81,635219,118,卖盘
2298,11:25:00,53.8,1125124,209,卖盘
2299,11:25:03,53.8,193701,36,卖盘
2300,11:25:06,53.8,435781,81,卖盘
2301,11:25:09,53.8,285180,53,卖盘
2302,11:25:12,53.8,193683,36,卖盘
2303,11:25:15,53.8,150676,28,卖盘
2304,11:25:18,53.8,80700,15,卖盘
2305,11:25:21,53.84,150763,28,中性盘
2306,11:25:24,53.86,70006,13,买盘
2307,11:25:27,53.84,48463,9,卖盘
2308,11:25:30,53.86,43082,8,买盘
2309,11:25:33,53.86,123845,23,买盘
2310,11:25:36,53.85,59235,11,卖盘
2311,11:25:39,53.86,59245,11,买盘
2312,11:25:42,53.86,242352,45,买盘
2313,11:25:45,53.86,732490,136,买盘
2314,11:25:48,53.87,710953,132,买盘
2315,11:25:51,53.86,1034121,192,卖盘
2316,11:25:54,53.85,538514,100,卖盘
2317,11:25:57,53.83,748351,139,卖盘
2318,11:26:00,53.8,172187,32,卖盘
2319,11:26:03,53.8,764277,142,卖盘
2320,11:26:06,53.8,441162,82,卖盘
2321,11:26:09,53.79,258260,48,卖盘
2322,11:26:12,53.76,268803,50,卖盘
2323,11:26:15,53.75,559107,104,卖盘
2324,11:26:18,53.76,451622,84,买盘
2325,11:26:21,53.75,258013,48,卖盘
2326,11:26:24,53.76,349389,65,买盘
2327,11:26:27,53.76,537851,100,卖盘
2328,11:26:30,53.75,145128,27,卖盘
2329,11:26:33,53.76,376261,70,买盘
2330,11:26:36,53.75,150505,28,卖盘
2331,11:26:39,53.76,650410,121,买盘
2332,11:26:42,53.76,188129,35,买盘
2333,11:26:45,53.75,881810,164,卖盘
2334,11:26:48,53.8,532320,99,中性盘
2335,11:26:51,53.75,413877,77,卖盘
2336,11:26:54,53.81,338653,63,买盘
2337,11:26:57,53.8,392407,73,中性盘
2338,11:27:00,53.74,424974,79,卖盘
2339,11:27:03,53.74,134350,25,卖盘
2340,11:27:06,53.74,118228,22,卖盘
2341,11:27:09,53.75,386993,72,买盘
2342,11:27:12,53.77,263316,49,买盘
2343,11:27:15,53.73,236465,44,卖盘
2344,11:27:18,53.78,198912,37,买盘
2345,11:27:21,53.75,306461,57,卖盘
2346,11:27:24,53.75,397750,74,卖盘
2347,11:27:27,53.75,91377,17,中性盘
2348,11:27:30,53.75,209633,39,卖盘
2349,11:27:33,53.75,53750,10,卖盘
2350,11:27:36,53.73,102111,19,卖盘
2351,11:27:39,53.79,661353,123,买盘
2352,11:27:42,53.75,333258,62,中性盘
2353,11:27:45,53.73,252597,47,卖盘
2354,11:27:48,53.74,204227,38,卖盘
2355,11:27:51,53.73,150462,28,卖盘
2356,11:27:54,53.74,150479,28,买盘
2357,11:27:57,53.74,134351,25,卖盘
2358,11:28:00,53.73,408422,76,卖盘
2359,11:28:03,53.74,333129,62,中性盘
2360,11:28:06,53.72,107447,20,卖盘
2361,11:28:09,53.72,220256,41,卖盘
2362,11:28:12,53.72,102073,19,卖盘
2363,11:28:15,53.72,188033,35,卖盘
2364,11:28:18,53.72,397627,74,买盘
2365,11:28:21,53.71,214849,40,卖盘
2366,11:28:24,53.71,359873,67,卖盘
2367,11:28:27,53.72,107424,20,买盘
2368,11:28:30,53.7,381303,71,卖盘
2369,11:28:33,53.7,247022,46,卖盘
2370,11:28:36,53.7,322211,60,卖盘
2371,11:28:39,53.7,187950,35,卖盘
2372,11:28:42,53.7,123515,23,卖盘
2373,11:28:45,53.7,161089,30,卖盘
2374,11:28:48,53.69,531630,99,卖盘
2375,11:28:51,53.67,1508672,281,卖盘
2376,11:28:54,53.65,236098,44,卖盘
2377,11:28:57,53.65,600927,112,卖盘
2378,11:29:00,53.65,622351,116,卖盘
2379,11:29:03,53.66,724338,135,中性盘
2380,11:29:06,53.65,1191046,222,卖盘
2381,11:29:09,53.67,1657834,309,买盘
2382,11:29:12,53.63,187732,35,卖盘
2383,11:29:15,53.6,444960,83,卖盘
2384,11:29:18,53.58,332327,62,卖盘
2385,11:29:21,53.58,187514,35,卖盘
2386,11:29:24,53.56,717706,134,卖盘
2387,11:29:27,53.56,476648,89,卖盘
2388,11:29:30,53.53,224802,42,卖盘
2389,11:29:33,53.51,321025,60,卖盘
2390,11:29:36,53.51,754401,141,买盘
2391,11:29:39,53.5,572458,107,卖盘
2392,11:29:42,53.48,374405,70,卖盘
2393,11:29:45,53.48,304819,57,卖盘
2394,11:29:48,53.5,133755,25,卖盘
2395,11:29:51,53.5,192606,36,卖盘
2396,11:29:54,53.54,283642,53,买盘
2397,11:29:57,53.56,42827,8,买盘
2398,11:30:00,53.5,53534,10,卖盘
2399,13:00:00,53.57,2741637,512,买盘
2400,13:00:03,53.57,1071418,200,卖盘
2401,13:00:06,53.53,348069,65,卖盘
2402,13:00:09,53.42,9713016,1817,卖盘
2403,13:00:12,53.38,1430838,268,卖盘
2404,13:00:15,53.39,779495,146,买盘
2405,13:00:18,53.38,1585831,297,卖盘
2406,13:00:21,53.38,688644,129,卖盘
2407,13:00:24,53.39,699509,131,卖盘
2408,13:00:27,53.39,453901,85,卖盘
2409,13:00:30,53.39,523309,98,卖盘
2410,13:00:33,53.4,363118,68,卖盘
2411,13:00:36,53.47,64121,12,中性盘
2412,13:00:39,53.48,529234,99,买盘
2413,13:00:42,53.48,299499,56,买盘
2414,13:00:45,53.52,117666,22,买盘
2415,13:00:48,53.51,230021,43,中性盘
2416,13:00:51,53.48,106979,20,卖盘
2417,13:00:54,53.53,197989,37,买盘
2418,13:00:57,53.51,235421,44,卖盘
2419,13:01:00,53.54,155166,29,中性盘
2420,13:01:03,53.55,626322,117,买盘
2421,13:01:06,53.55,182129,34,卖盘
2422,13:01:09,53.56,353541,66,中性盘
2423,13:01:12,53.6,80378,15,买盘
2424,13:01:15,53.59,171496,32,卖盘
2425,13:01:18,53.57,160762,30,卖盘
2426,13:01:21,53.55,241090,45,卖盘
2427,13:01:24,53.58,482170,90,买盘
2428,13:01:27,53.58,192890,36,卖盘
2429,13:01:30,53.58,176842,33,卖盘
2430,13:01:33,53.62,455754,85,买盘
2431,13:01:36,53.63,139419,26,买盘
2432,13:01:39,53.64,37543,7,买盘
2433,13:01:42,53.64,459576,86,买盘
2434,13:01:45,53.58,1030787,192,卖盘
2435,13:01:48,53.56,91091,17,卖盘
2436,13:01:51,53.57,42861,8,中性盘
2437,13:01:54,53.59,214283,40,买盘
2438,13:01:57,53.58,53575,10,买盘
2439,13:02:00,53.56,637426,119,卖盘
2440,13:02:03,53.53,224905,42,卖盘
2441,13:02:06,53.58,171327,32,买盘
2442,13:02:09,53.54,133898,25,中性盘
2443,13:02:12,53.58,64283,12,买盘
2444,13:02:15,53.58,32148,6,卖盘
2445,13:02:18,53.59,278643,52,买盘
2446,13:02:21,53.59,64308,12,卖盘
2447,13:02:24,53.59,225109,42,卖盘
2448,13:02:27,53.62,117913,22,买盘
2449,13:02:30,53.59,150050,28,买盘
2450,13:02:33,53.62,42898,8,买盘
2451,13:02:36,53.61,96502,18,卖盘
2452,13:02:39,53.61,107240,20,卖盘
2453,13:02:42,53.61,16083,3,卖盘
2454,13:02:45,53.63,139409,26,买盘
2455,13:02:48,53.63,160890,30,买盘
2456,13:02:51,53.63,123359,23,卖盘
2457,13:02:54,53.64,10727,2,买盘
2458,13:02:57,53.65,91201,17,买盘
2459,13:03:00,53.67,368629,69,买盘
2460,13:03:03,53.67,53667,10,买盘
2461,13:03:06,53.68,64404,12,买盘
2462,13:03:09,53.67,85885,16,中性盘
2463,13:03:12,53.69,204003,38,买盘
2464,13:03:15,53.73,1498752,279,买盘
2465,13:03:18,53.75,128970,24,买盘
2466,13:03:21,53.75,145107,27,买盘
2467,13:03:24,53.76,64517,12,买盘
2468,13:03:27,53.76,91418,17,卖盘
2469,13:03:30,53.79,26892,5,买盘
2470,13:03:33,53.79,177498,33,买盘
2471,13:03:36,53.79,129094,24,买盘
2472,13:03:39,53.79,112949,21,买盘
2473,13:03:42,53.8,328165,61,买盘
2474,13:03:45,53.79,96831,18,卖盘
2475,13:03:48,53.8,145277,27,买盘
2476,13:03:51,53.82,80713,15,买盘
2477,13:03:54,53.84,75370,14,买盘
2478,13:03:57,53.82,96892,18,卖盘
2479,13:04:00,53.84,86155,16,卖盘
2480,13:04:03,53.78,3971414,738,卖盘
2481,13:04:06,53.84,1086705,202,买盘
2482,13:04:09,53.82,365991,68,买盘
2483,13:04:12,53.79,613361,114,卖盘
2484,13:04:15,53.8,290499,54,买盘
2485,13:04:18,53.8,166744,31,买盘
2486,13:04:21,53.8,263620,49,买盘
2487,13:04:24,53.76,172143,32,卖盘
2488,13:04:27,53.79,26895,5,卖盘
2489,13:04:30,53.76,75273,14,卖盘
2490,13:04:33,53.78,16133,3,买盘
2491,13:04:36,53.77,64519,12,买盘
2492,13:04:39,53.76,252670,47,卖盘
2493,13:04:42,53.76,53759,10,买盘
2494,13:04:45,53.75,177383,33,卖盘
2495,13:04:48,53.76,32254,6,买盘
2496,13:04:51,53.76,48377,9,买盘
2497,13:04:54,53.74,300999,56,卖盘
2498,13:04:57,53.74,188135,35,中性盘
2499,13:05:00,53.76,10752,2,买盘
2500,13:05:03,53.76,86011,16,买盘
2501,13:05:06,53.76,59136,11,买盘
2502,13:05:09,53.74,86004,16,卖盘
2503,13:05:12,53.73,188116,35,卖盘
2504,13:05:15,53.77,607344,113,买盘
2505,13:05:18,53.74,86044,16,卖盘
2506,13:05:21,53.79,1780413,331,买盘
2507,13:05:24,53.8,543287,101,买盘
2508,13:05:27,53.79,86059,16,中性盘
2509,13:05:30,53.79,80684,15,买盘
2510,13:05:33,53.79,328047,61,买盘
2511,13:05:36,53.79,48416,9,卖盘
2512,13:05:39,53.79,112975,21,买盘
2513,13:05:42,53.79,118337,22,买盘
2514,13:05:45,53.79,96822,18,买盘
2515,13:05:48,53.8,26897,5,买盘
2516,13:05:51,53.79,43033,8,卖盘
2517,13:05:54,53.8,473440,88,买盘
2518,13:05:57,53.81,225924,42,买盘
2519,13:06:00,53.81,96853,18,买盘
2520,13:06:03,53.79,1269466,236,卖盘
2521,13:06:06,53.8,129045,24,买盘
2522,13:06:09,53.79,295846,55,买盘
2523,13:06:12,53.75,123647,23,卖盘
2524,13:06:15,53.77,215118,40,中性盘
2525,13:06:18,53.75,209631,39,卖盘
2526,13:06:21,53.74,91381,17,卖盘
2527,13:06:24,53.73,112847,21,卖盘
2528,13:06:27,53.73,53739,10,卖盘
2529,13:06:30,53.73,80602,15,卖盘
2530,13:06:33,53.73,32239,6,卖盘
2531,13:06:36,53.72,91325,17,卖盘
2532,13:06:39,53.74,155777,29,买盘
2533,13:06:42,53.7,182589,34,卖盘
2534,13:06:45,53.7,295401,55,卖盘
2535,13:06:48,53.69,236275,44,卖盘
2536,13:06:51,53.7,59060,11,买盘
2537,13:06:54,53.7,85914,16,买盘
2538,13:06:57,53.7,536999,100,买盘
2539,13:07:00,53.7,150342,28,卖盘
2540,13:07:03,53.67,48313,9,卖盘
2541,13:07:06,53.69,692801,129,买盘
2542,13:07:09,53.69,42952,8,卖盘
2543,13:07:12,53.67,96640,18,卖盘
2544,13:07:15,53.64,4696112,875,卖盘
2545,13:07:18,53.61,316382,59,卖盘
2546,13:07:21,53.63,10726,2,买盘
2547,13:07:24,53.6,203719,38,卖盘
2548,13:07:27,53.6,112570,21,卖盘
2549,13:07:30,53.6,498589,93,卖盘
2550,13:07:33,53.6,69680,13,卖盘
2551,13:07:36,53.63,85802,16,中性盘
2552,13:07:39,53.64,692405,129,买盘
2553,13:07:42,53.61,273418,51,卖盘
2554,13:07:45,53.61,101874,19,卖盘
2555,13:07:48,53.6,187603,35,卖盘
2556,13:07:51,53.6,316302,59,卖盘
2557,13:07:54,53.61,58975,11,卖盘
2558,13:07:57,53.62,37538,7,卖盘
2559,13:08:00,53.63,53646,10,中性盘
2560,13:08:03,53.65,58998,11,中性盘
2561,13:08:06,53.63,198459,37,卖盘
2562,13:08:09,53.63,139481,26,卖盘
2563,13:08:12,53.67,536525,100,买盘
2564,13:08:15,53.63,359505,67,卖盘
2565,13:08:18,53.63,21452,4,买盘
2566,13:08:21,53.63,42910,8,卖盘
2567,13:08:24,53.66,123356,23,买盘
2568,13:08:27,53.63,112649,21,卖盘
2569,13:08:30,53.65,69735,13,买盘
2570,13:08:33,53.66,58980,11,买盘
2571,13:08:36,53.7,644041,120,买盘
2572,13:08:39,53.63,21452,4,卖盘
2573,13:08:42,53.64,252115,47,卖盘
2574,13:08:45,53.61,171596,32,卖盘
2575,13:08:48,53.61,900518,168,卖盘
2576,13:08:51,53.6,268000,50,卖盘
2577,13:08:54,53.6,37515,7,买盘
2578,13:08:57,53.62,80411,15,买盘
2579,13:09:00,53.6,187587,35,卖盘
2580,13:09:03,53.58,139322,26,卖盘
2581,13:09:06,53.63,745262,139,买盘
2582,13:09:09,53.56,53577,10,卖盘
2583,13:09:12,53.57,80354,15,卖盘
2584,13:09:15,53.56,149993,28,卖盘
2585,13:09:18,53.57,251854,47,中性盘
2586,13:09:21,53.6,444656,83,买盘
2587,13:09:24,53.6,26791,5,买盘
2588,13:09:27,53.59,96440,18,卖盘
2589,13:09:30,53.6,407237,76,买盘
2590,13:09:33,53.61,343005,64,买盘
2591,13:09:36,53.61,64343,12,卖盘
2592,13:09:39,53.62,48256,9,买盘
2593,13:09:42,53.62,91144,17,买盘
2594,13:09:48,53.61,16085,3,卖盘
2595,13:09:51,53.61,85783,16,卖盘
2596,13:09:54,53.59,793401,148,卖盘
2597,13:09:57,53.61,123289,23,买盘
2598,13:10:00,53.58,369795,69,卖盘
2599,13:10:03,53.58,777309,145,卖盘
2600,13:10:06,53.58,75019,14,卖盘
2601,13:10:09,53.58,69662,13,卖盘
2602,13:10:12,53.58,192921,36,卖盘
2603,13:10:15,53.59,32154,6,卖盘
2604,13:10:18,53.59,58949,11,卖盘
2605,13:10:21,53.58,894899,167,卖盘
2606,13:10:24,53.59,584315,109,买盘
2607,13:10:27,53.59,80396,15,中性盘
2608,13:10:30,53.64,504104,94,买盘
2609,13:10:33,53.64,42912,8,卖盘
2610,13:10:36,53.64,219922,41,卖盘
2611,13:10:39,53.65,150208,28,买盘
2612,13:10:42,53.65,32188,6,买盘
2613,13:10:45,53.65,10730,2,买盘
2614,13:10:48,53.65,150196,28,买盘
2615,13:10:51,53.62,42914,8,中性盘
2616,13:10:57,53.61,160898,30,卖盘
2617,13:11:00,53.61,799340,149,卖盘
2618,13:11:03,53.6,91143,17,卖盘
2619,13:11:06,53.58,187588,35,卖盘
2620,13:11:09,53.58,48226,9,卖盘
2621,13:11:12,53.56,1832197,342,卖盘
2622,13:11:15,53.56,235682,44,卖盘
2623,13:11:18,53.54,915611,171,卖盘
2624,13:11:21,53.55,101749,19,买盘
2625,13:11:24,53.54,369426,69,卖盘
2626,13:11:27,53.54,278426,52,卖盘
2627,13:11:30,53.55,182056,34,买盘
2628,13:11:33,53.55,80329,15,卖盘
2629,13:11:36,53.58,428611,80,买盘
2630,13:11:39,53.59,267889,50,买盘
2631,13:11:42,53.55,1140618,213,卖盘
2632,13:11:45,53.58,1718954,321,买盘
2633,13:11:48,53.59,53581,10,买盘
2634,13:11:51,53.59,353695,66,买盘
2635,13:11:54,53.6,32157,6,买盘
2636,13:11:57,53.59,273351,51,卖盘
2637,13:12:00,53.59,308139,58,买盘
2638,13:12:03,53.61,761109,142,买盘
2639,13:12:06,53.58,85737,16,卖盘
2640,13:12:09,53.59,37512,7,买盘
2641,13:12:12,53.59,107180,20,买盘
2642,13:12:15,53.61,1152424,215,买盘
2643,13:12:18,53.61,75065,14,卖盘
2644,13:12:21,53.64,21453,4,买盘
2645,13:12:24,53.64,96551,18,买盘
2646,13:12:27,53.65,37552,7,买盘
2647,13:12:30,53.65,96569,18,买盘
2648,13:12:33,53.69,397208,74,买盘
2649,13:12:36,53.69,139594,26,卖盘
2650,13:12:39,53.7,284609,53,买盘
2651,13:12:42,53.71,10741,2,买盘
2652,13:12:45,53.7,80551,15,卖盘
2653,13:12:48,53.7,467190,87,卖盘
2654,13:12:51,53.7,21480,4,买盘
2655,13:12:54,53.7,91294,17,买盘
2656,13:12:57,53.7,64440,12,买盘
2657,13:13:00,53.69,96654,18,卖盘
2658,13:13:03,53.69,171839,32,卖盘
2659,13:13:06,53.7,42956,8,买盘
2660,13:13:09,53.7,681990,127,买盘
2661,13:13:12,53.7,220170,41,买盘
2662,13:13:15,53.7,80554,15,卖盘
2663,13:13:18,53.7,123511,23,卖盘
2664,13:13:21,53.71,290034,54,买盘
2665,13:13:24,53.71,53715,10,卖盘
2666,13:13:27,53.8,2866788,533,买盘
2667,13:13:30,53.72,102069,19,卖盘
2668,13:13:36,53.79,430282,80,买盘
2669,13:13:39,53.8,1918256,357,买盘
2670,13:13:42,53.8,155970,29,买盘
2671,13:13:45,53.8,107597,20,中性盘
2672,13:13:48,53.81,473442,88,买盘
2673,13:13:51,53.8,91471,17,中性盘
2674,13:13:54,53.8,64536,12,中性盘
2675,13:13:57,53.8,204463,38,买盘
2676,13:14:00,53.77,129069,24,卖盘
2677,13:14:03,53.77,817217,152,买盘
2678,13:14:06,53.77,118279,22,买盘
2679,13:14:09,53.77,64520,12,买盘
2680,13:14:12,53.76,258079,48,中性盘
2681,13:14:15,53.74,59105,11,买盘
2682,13:14:18,53.72,37609,7,卖盘
2683,13:14:21,53.72,123576,23,卖盘
2684,13:14:24,53.7,85941,16,卖盘
2685,13:14:27,53.7,53700,10,卖盘
2686,13:14:30,53.77,2268707,422,买盘
2687,13:14:33,53.8,86044,16,买盘
2688,13:14:36,53.8,118341,22,买盘
2689,13:14:39,53.8,10760,2,买盘
2690,13:14:42,53.77,408731,76,卖盘
2691,13:14:45,53.8,295866,55,买盘
2692,13:14:48,53.8,102208,19,买盘
2693,13:14:51,53.8,43032,8,买盘
2694,13:14:54,53.8,155990,29,买盘
2695,13:14:57,53.78,1049039,195,中性盘
2696,13:15:00,53.77,828212,154,卖盘
2697,13:15:03,53.75,930505,173,卖盘
2698,13:15:06,53.76,107489,20,中性盘
2699,13:15:09,53.71,75220,14,卖盘
2700,13:15:12,53.71,139733,26,卖盘
2701,13:15:15,53.77,139704,26,买盘
2702,13:15:18,53.76,118246,22,买盘
2703,13:15:21,53.78,596925,111,买盘
2704,13:15:24,53.81,968399,180,买盘
2705,13:15:27,53.81,247551,46,卖盘
2706,13:15:30,53.81,425137,79,卖盘
2707,13:15:33,53.82,1248956,232,买盘
2708,13:15:36,53.81,349828,65,卖盘
2709,13:15:39,53.82,69977,13,卖盘
2710,13:15:42,53.83,48443,9,买盘
2711,13:15:45,53.83,118413,22,买盘
2712,13:15:48,53.85,980047,182,买盘
2713,13:15:51,53.85,32310,6,卖盘
2714,13:15:54,53.85,102303,19,买盘
2715,13:15:57,53.83,21536,4,卖盘
2716,13:16:00,53.81,371319,69,卖盘
2717,13:16:03,53.83,69966,13,中性盘
2718,13:16:06,53.81,161458,30,卖盘
2719,13:16:09,53.82,403713,75,中性盘
2720,13:16:12,53.81,161502,30,卖盘
2721,13:16:15,53.83,129217,24,中性盘
2722,13:16:18,53.82,16145,3,卖盘
2723,13:16:21,53.84,215334,40,买盘
2724,13:16:24,53.85,317702,59,买盘
2725,13:16:27,53.85,624465,116,买盘
2726,13:16:30,53.84,301467,56,买盘
2727,13:16:33,53.84,312190,58,买盘
2728,13:16:36,53.81,69977,13,卖盘
2729,13:16:39,53.81,328779,61,卖盘
2730,13:16:42,53.84,425137,79,买盘
2731,13:16:45,53.81,134549,25,卖盘
2732,13:16:48,53.8,575765,107,卖盘
2733,13:16:51,53.79,193682,36,卖盘
2734,13:16:54,53.82,715986,133,买盘
2735,13:16:57,53.82,69969,13,买盘
2736,13:17:00,53.78,80132,15,卖盘
2737,13:17:06,53.77,102164,19,卖盘
2738,13:17:09,53.77,193552,36,买盘
2739,13:17:12,53.73,75242,14,卖盘
2740,13:17:15,53.73,21492,4,卖盘
2741,13:17:18,53.73,80596,15,卖盘
2742,13:17:21,53.73,241796,45,买盘
2743,13:17:24,53.73,91378,17,卖盘
2744,13:17:27,53.73,634475,118,卖盘
2745,13:17:30,53.79,758708,141,买盘
2746,13:17:33,53.78,32268,6,卖盘
2747,13:17:36,53.8,10760,2,买盘
2748,13:17:39,53.78,123723,23,卖盘
2749,13:17:42,53.77,107586,20,卖盘
2750,13:17:45,53.76,26880,5,卖盘
2751,13:17:48,53.83,1081646,201,买盘
2752,13:17:51,53.75,59134,11,卖盘
2753,13:17:54,53.8,91442,17,买盘
2754,13:18:00,53.76,91427,17,卖盘
2755,13:18:03,53.76,704789,131,买盘
2756,13:18:06,53.77,188259,35,中性盘
2757,13:18:09,53.75,69881,13,卖盘
2758,13:18:12,53.75,64504,12,卖盘
2759,13:18:15,53.74,166639,31,卖盘
2760,13:18:18,53.75,10750,2,买盘
2761,13:18:21,53.75,112872,21,买盘
2762,13:18:24,53.75,629082,117,买盘
2763,13:18:27,53.74,59122,11,卖盘
2764,13:18:30,53.76,16126,3,买盘
2765,13:18:33,53.78,252685,47,买盘
2766,13:18:36,53.75,376513,70,卖盘
2767,13:18:39,53.8,102188,19,买盘
2768,13:18:42,53.75,21505,4,卖盘
2769,13:18:45,53.8,312025,58,买盘
2770,13:18:48,53.77,10754,2,卖盘
2771,13:18:51,53.77,32262,6,卖盘
2772,13:18:54,53.8,64545,12,买盘
2773,13:18:57,53.8,866166,161,买盘
2774,13:19:00,53.79,570278,106,卖盘
2775,13:19:03,53.8,156020,29,中性盘
2776,13:19:06,53.8,252869,47,卖盘
2777,13:19:09,53.8,747845,139,卖盘
2778,13:19:12,53.81,150649,28,买盘
2779,13:19:15,53.81,249668,46,买盘
2780,13:19:18,53.8,435851,81,卖盘
2781,13:19:21,53.81,408983,76,卖盘
2782,13:19:24,53.81,699812,130,卖盘
2783,13:19:27,53.81,96858,18,卖盘
2784,13:19:30,53.81,172237,32,卖盘
2785,13:19:33,53.82,489800,91,买盘
2786,13:19:36,53.83,188381,35,卖盘
2787,13:19:39,53.83,21532,4,中性盘
2788,13:19:42,53.82,156074,29,卖盘
2789,13:19:45,53.83,69979,13,买盘
2790,13:19:48,53.83,80736,15,买盘
2791,13:19:51,53.81,301397,56,卖盘
2792,13:19:54,53.81,86102,16,卖盘
2793,13:19:57,53.81,689019,128,卖盘
2794,13:20:00,53.81,532923,99,卖盘
2795,13:20:03,53.82,80741,15,卖盘
2796,13:20:06,53.84,151280,28,买盘
2797,13:20:09,53.82,301464,56,卖盘
2798,13:20:12,53.82,53823,10,卖盘
2799,13:20:15,53.84,258425,48,买盘
2800,13:20:18,53.84,26912,5,买盘
2801,13:20:21,53.85,1114642,207,买盘
2802,13:20:24,53.83,134580,25,中性盘
2803,13:20:27,53.84,2186295,406,买盘
2804,13:20:30,53.88,5883820,1092,买盘
2805,13:20:33,53.85,1137237,211,卖盘
2806,13:20:36,53.92,377296,70,买盘
2807,13:20:39,53.92,280374,52,买盘
2808,13:20:42,53.92,404400,75,买盘
2809,13:20:45,53.92,75497,14,卖盘
2810,13:20:48,53.92,161782,30,卖盘
2811,13:20:51,53.95,771310,143,买盘
2812,13:20:54,53.94,145625,27,中性盘
2813,13:20:57,53.95,285857,53,买盘
2814,13:21:00,53.92,161830,30,卖盘
2815,13:21:03,53.94,134872,25,中性盘
2816,13:21:06,53.94,53931,10,中性盘
2817,13:21:09,53.94,409847,76,中性盘
2818,13:21:12,53.95,3053243,566,买盘
2819,13:21:15,53.95,145630,27,买盘
2820,13:21:18,53.95,534090,99,买盘
2821,13:21:21,53.95,1181493,219,卖盘
2822,13:21:24,53.96,404726,75,中性盘
2823,13:21:27,53.96,701564,130,卖盘
2824,13:21:30,53.97,156515,29,买盘
2825,13:21:33,53.98,447977,83,买盘
2826,13:21:36,53.98,950034,176,买盘
2827,13:21:39,53.98,1111985,206,买盘
2828,13:21:42,53.99,2758872,511,买盘
2829,13:21:45,53.99,728853,135,买盘
2830,13:21:48,53.99,933889,173,买盘
2831,13:21:51,53.98,253743,47,中性盘
2832,13:21:54,53.99,1009607,187,买盘
2833,13:21:57,53.98,561428,104,中性盘
2834,13:22:00,53.97,5169981,958,卖盘
2835,13:22:03,53.95,512568,95,卖盘
2836,13:22:06,53.96,388500,72,买盘
2837,13:22:09,53.97,91742,17,买盘
2838,13:22:12,53.96,404734,75,卖盘
2839,13:22:15,53.97,1019687,189,买盘
2840,13:22:18,53.95,194216,36,卖盘
2841,13:22:21,53.97,1408512,261,买盘
2842,13:22:24,53.94,156432,29,卖盘
2843,13:22:27,53.94,124100,23,卖盘
2844,13:22:30,53.94,53942,10,卖盘
2845,13:22:33,53.93,231900,43,卖盘
2846,13:22:36,53.91,64706,12,卖盘
2847,13:22:39,53.91,32348,6,卖盘
2848,13:22:42,53.91,2238786,415,卖盘
2849,13:22:45,53.91,496227,92,卖盘
2850,13:22:48,53.92,167144,31,买盘
2851,13:22:51,53.93,377498,70,买盘
2852,13:22:54,53.96,194206,36,买盘
2853,13:22:57,53.96,75547,14,卖盘
2854,13:23:00,53.96,350742,65,卖盘
2855,13:23:03,53.97,302227,56,买盘
2856,13:23:06,53.97,226687,42,买盘
2857,13:23:09,53.97,555890,103,卖盘
2858,13:23:12,53.96,118733,22,卖盘
2859,13:23:15,53.97,280655,52,买盘
2860,13:23:18,53.97,264478,49,卖盘
2861,13:23:21,53.98,1133533,210,买盘
2862,13:23:24,53.99,2980213,552,买盘
2863,13:23:27,53.98,663914,123,中性盘
2864,13:23:30,53.99,572247,106,买盘
2865,13:23:33,53.99,377919,70,买盘
2866,13:23:36,53.99,1625352,301,买盘
2867,13:23:39,53.99,140374,26,买盘
2868,13:23:42,53.99,91788,17,卖盘
2869,13:23:45,54.0,723484,134,买盘
2870,13:23:48,54.0,75588,14,买盘
2871,13:23:51,53.99,739791,137,中性盘
2872,13:23:54,54.0,86394,16,买盘
2873,13:23:57,53.99,97167,18,中性盘
2874,13:24:00,53.98,161969,30,卖盘
2875,13:24:03,53.99,367102,68,买盘
2876,13:24:06,53.98,739547,137,卖盘
2877,13:24:09,53.98,151135,28,买盘
2878,13:24:12,53.97,512763,95,卖盘
2879,13:24:15,53.97,1624419,301,卖盘
2880,13:24:18,53.95,339935,63,卖盘
2881,13:24:21,53.97,64753,12,买盘
2882,13:24:24,53.95,847209,157,卖盘
2883,13:24:27,53.96,49639,9,买盘
2884,13:24:30,53.96,194252,36,中性盘
2885,13:24:33,53.96,145707,27,卖盘
2886,13:24:36,53.95,700297,130,卖盘
2887,13:24:39,53.94,161823,30,卖盘
2888,13:24:42,53.94,151052,28,卖盘
2889,13:24:45,53.94,172608,32,卖盘
2890,13:24:48,53.93,91693,17,卖盘
2891,13:24:51,53.93,37753,7,卖盘
2892,13:24:54,53.92,172571,32,卖盘
2893,13:24:57,53.91,911483,169,卖盘
2894,13:25:00,53.91,26955,5,卖盘
2895,13:25:03,53.92,172525,32,买盘
2896,13:25:06,53.91,21565,4,卖盘
2897,13:25:09,53.91,334268,62,买盘
2898,13:25:12,53.9,280280,52,卖盘
2899,13:25:15,53.9,48511,9,卖盘
2900,13:25:18,53.9,172477,32,卖盘
2901,13:25:21,53.89,59286,11,卖盘
2902,13:25:24,53.89,16167,3,卖盘
2903,13:25:27,53.89,48503,9,卖盘
2904,13:25:30,53.9,609018,113,买盘
2905,13:25:33,53.89,355721,66,买盘
2906,13:25:36,53.9,150917,28,买盘
2907,13:25:39,53.92,328846,61,买盘
2908,13:25:42,53.92,258825,48,买盘
2909,13:25:45,53.92,59312,11,卖盘
2910,13:25:48,53.92,873882,162,卖盘
2911,13:25:51,53.93,204935,38,中性盘
2912,13:25:54,53.93,80901,15,卖盘
2913,13:25:57,53.93,701316,130,卖盘
2914,13:26:00,53.93,97077,18,卖盘
2915,13:26:03,53.94,199547,37,中性盘
2916,13:26:06,53.95,161841,30,买盘
2917,13:26:09,53.93,388296,72,卖盘
2918,13:26:12,53.95,323608,60,买盘
2919,13:26:15,53.98,884998,164,买盘
2920,13:26:18,53.98,615315,114,买盘
2921,13:26:21,53.95,37779,7,卖盘
2922,13:26:24,53.98,609969,113,买盘
2923,13:26:27,53.98,820633,152,买盘
2924,13:26:30,53.98,97157,18,买盘
2925,13:26:33,53.96,226708,42,卖盘
2926,13:26:36,53.98,113354,21,卖盘
2927,13:26:39,53.96,210528,39,卖盘
2928,13:26:42,53.99,194344,36,买盘
2929,13:26:45,53.98,53987,10,卖盘
2930,13:26:48,53.99,80979,15,买盘
2931,13:26:51,53.99,842221,156,买盘
2932,13:26:54,53.98,232139,43,卖盘
2933,13:26:57,53.99,48590,9,买盘
2934,13:27:00,53.98,453505,84,卖盘
2935,13:27:03,53.99,815233,151,买盘
2936,13:27:06,53.99,426480,79,买盘
2937,13:27:09,53.99,908154,168,买盘
2938,13:27:12,54.0,766752,142,买盘
2939,13:27:15,54.06,33048552,6119,买盘
2940,13:27:18,54.13,12528801,2316,买盘
2941,13:27:21,54.17,4029593,744,买盘
2942,13:27:24,54.18,444243,82,买盘
2943,13:27:27,54.18,2020858,373,买盘
2944,13:27:30,54.18,2763365,510,买盘
2945,13:27:33,54.2,2455202,453,买盘
2946,13:27:36,54.2,1902267,351,买盘
2947,13:27:39,54.2,3669329,677,买盘
2948,13:27:42,54.19,3083963,569,卖盘
2949,13:27:45,54.2,4390734,810,买盘
2950,13:27:48,54.22,2674150,493,卖盘
2951,13:27:51,54.25,2267116,418,买盘
2952,13:27:54,54.26,602266,111,买盘
2953,13:27:57,54.26,857309,158,买盘
2954,13:28:00,54.26,1937026,357,卖盘
2955,13:28:03,54.26,4118469,759,买盘
2956,13:28:06,54.28,2219811,409,买盘
2957,13:28:09,54.26,949600,175,卖盘
2958,13:28:12,54.28,1156112,213,买盘
2959,13:28:15,54.28,1291637,238,买盘
2960,13:28:18,54.27,3131926,577,中性盘
2961,13:28:21,54.28,1444027,266,买盘
2962,13:28:24,54.29,2215342,408,买盘
2963,13:28:27,54.3,1883960,347,买盘
2964,13:28:30,54.3,1373761,253,买盘
2965,13:28:33,54.3,667854,123,买盘
2966,13:28:36,54.29,1710219,315,卖盘
2967,13:28:39,54.29,1178203,217,买盘
2968,13:28:42,54.3,1444275,266,买盘
2969,13:28:45,54.3,580987,107,买盘
2970,13:28:48,54.29,2921244,538,卖盘
2971,13:28:51,54.29,3659744,674,卖盘
2972,13:28:54,54.32,3513617,647,买盘
2973,13:28:57,54.34,1793191,330,买盘
2974,13:29:00,54.35,418477,77,买盘
2975,13:29:03,54.37,1734134,319,买盘
2976,13:29:06,54.38,1114471,205,买盘
2977,13:29:09,54.39,1886865,347,买盘
2978,13:29:12,54.4,2752429,506,买盘
2979,13:29:15,54.43,1262398,232,买盘
2980,13:29:18,54.46,1910764,351,买盘
2981,13:29:21,54.47,299567,55,买盘
2982,13:29:24,54.47,2554690,469,买盘
2983,13:29:27,54.46,3523873,647,卖盘
2984,13:29:30,54.46,1639112,301,买盘
2985,13:29:33,54.48,3757243,690,买盘
2986,13:29:36,54.48,1803262,331,卖盘
2987,13:29:39,54.48,2729880,501,买盘
2988,13:29:42,54.48,1705701,313,买盘
2989,13:29:45,54.5,2708521,497,买盘
2990,13:29:48,54.49,3885151,713,卖盘
2991,13:29:51,54.47,3541404,650,卖盘
2992,13:29:54,54.49,5726913,1051,买盘
2993,13:29:57,54.5,2218098,407,买盘
2994,13:30:00,54.5,2468666,453,买盘
2995,13:30:03,54.5,5404991,992,买盘
2996,13:30:06,54.5,2452252,450,买盘
2997,13:30:09,54.46,6676111,1225,卖盘
2998,13:30:12,54.48,1607237,295,买盘
2999,13:30:15,54.46,1100546,202,卖盘
3000,13:30:18,54.51,4992277,916,买盘
3001,13:30:21,54.52,1630042,299,买盘
3002,13:30:24,54.54,1532177,281,买盘
3003,13:30:27,54.56,2061874,378,买盘
3004,13:30:30,54.56,856560,157,买盘
3005,13:30:33,54.56,4141454,759,买盘
3006,13:30:36,54.56,1058717,194,买盘
3007,13:30:39,54.56,884309,162,卖盘
3008,13:30:42,54.59,480286,88,买盘
3009,13:30:45,54.59,1179244,216,买盘
3010,13:30:48,54.58,780607,143,卖盘
3011,13:30:51,54.57,5751345,1054,卖盘
3012,13:30:54,54.6,3571936,654,买盘
3013,13:30:57,54.6,4340746,795,卖盘
3014,13:31:00,54.57,2334436,428,卖盘
3015,13:31:03,54.59,1097038,201,买盘
3016,13:31:06,54.59,873357,160,买盘
3017,13:31:09,54.57,1211676,222,卖盘
3018,13:31:12,54.56,567461,104,卖盘
3019,13:31:15,54.59,2207004,404,买盘
3020,13:31:18,54.5,2572865,472,卖盘
3021,13:31:21,54.56,1417959,260,买盘
