,成交时间,成交价格,成交金额,成交量,性质
0,09:25:00,37.55,5434386,1447,卖盘
1,09:30:00,37.54,3067205,817,卖盘
2,09:30:03,37.55,5233189,1394,买盘
3,09:30:06,37.52,6570944,1751,卖盘
4,09:30:09,37.5,1988063,530,卖盘
5,09:30:12,37.5,10064711,2684,卖盘
6,09:30:15,37.42,6377848,1703,卖盘
7,09:30:18,37.41,9285288,2482,卖盘
8,09:30:21,37.39,5860254,1566,卖盘
9,09:30:24,37.41,6476802,1731,买盘
10,09:30:27,37.43,4454287,1190,买盘
11,09:30:30,37.44,7215095,1927,中性盘
12,09:30:33,37.52,3740085,998,买盘
13,09:30:36,37.49,4560780,1217,中性盘
14,09:30:39,37.45,1625005,434,卖盘
15,09:30:42,37.43,2727931,729,卖盘
16,09:30:45,37.39,3278930,877,卖盘
17,09:30:48,37.37,3243475,868,卖盘
18,09:30:51,37.37,2644231,708,中性盘
19,09:30:54,37.37,1188312,318,卖盘
20,09:30:57,37.35,1900435,509,卖盘
21,09:31:00,37.35,2337752,626,卖盘
22,09:31:03,37.35,5881866,1574,买盘
23,09:31:06,37.36,3936163,1054,买盘
24,09:31:09,37.35,2856441,765,卖盘
25,09:31:12,37.35,4719057,1264,买盘
26,09:31:15,37.35,3131334,839,买盘
27,09:31:18,37.34,3251387,871,中性盘
28,09:31:21,37.32,4224357,1132,卖盘
29,09:31:24,37.32,1962719,526,买盘
30,09:31:27,37.32,1769063,474,卖盘
31,09:31:30,37.32,1683061,451,卖盘
32,09:31:33,37.37,10213753,2736,买盘
33,09:31:36,37.33,2434494,652,卖盘
34,09:31:39,37.33,3630122,972,卖盘
35,09:31:42,37.33,3240793,868,卖盘
36,09:31:45,37.33,4959743,1329,卖盘
37,09:31:48,37.35,2745224,735,中性盘
38,09:31:51,37.34,4814335,1289,卖盘
39,09:31:54,37.35,1937505,519,买盘
40,09:31:57,37.35,4207389,1127,买盘
41,09:32:00,37.34,1799844,482,卖盘
42,09:32:03,37.36,5997445,1606,买盘
43,09:32:06,37.44,5148804,1377,买盘
44,09:32:09,37.39,1382901,370,中性盘
45,09:32:12,37.39,2530345,677,买盘
46,09:32:15,37.39,1850476,495,买盘
47,09:32:18,37.37,3346078,895,中性盘
48,09:32:21,37.35,2435796,652,卖盘
49,09:32:24,37.36,6466854,1732,买盘
50,09:32:27,37.35,1345023,360,卖盘
51,09:32:30,37.38,4637559,1241,买盘
52,09:32:33,37.36,1311742,351,卖盘
53,09:32:36,37.38,1293595,346,买盘
54,09:32:39,37.38,1065748,285,卖盘
55,09:32:42,37.41,1751383,468,买盘
56,09:32:45,37.42,864643,231,卖盘
57,09:32:48,37.43,643803,172,买盘
58,09:32:51,37.45,520527,139,买盘
59,09:32:54,37.47,565512,151,买盘
60,09:32:57,37.45,1070963,286,卖盘
61,09:33:00,37.43,1478869,395,卖盘
62,09:33:03,37.43,4564635,1220,卖盘
63,09:33:06,37.4,2057287,550,卖盘
64,09:33:09,37.41,2184051,584,买盘
65,09:33:12,37.38,2011171,538,卖盘
66,09:33:15,37.38,1263119,338,买盘
67,09:33:18,37.36,4188137,1121,卖盘
68,09:33:21,37.36,1886466,505,中性盘
69,09:33:24,37.36,3922007,1050,买盘
70,09:33:27,37.34,1501493,402,卖盘
71,09:33:30,37.35,1430338,383,买盘
72,09:33:33,37.34,1000618,268,卖盘
73,09:33:36,37.33,1792008,480,卖盘
74,09:33:39,37.3,24223993,6494,卖盘
75,09:33:42,37.31,2289891,614,买盘
76,09:33:45,37.33,7260767,1946,买盘
77,09:33:48,37.32,1962088,526,中性盘
78,09:33:51,37.31,5440115,1458,卖盘
79,09:33:54,37.32,2672345,716,卖盘
80,09:33:57,37.31,3843170,1030,卖盘
81,09:34:00,37.31,1820690,488,买盘
82,09:34:03,37.34,8695844,2330,买盘
83,09:34:06,37.33,3862295,1035,中性盘
84,09:34:09,37.31,2518777,675,卖盘
85,09:34:12,37.31,1190336,319,卖盘
86,09:34:15,37.31,1414389,379,卖盘
87,09:34:18,37.33,3183294,853,买盘
88,09:34:21,37.32,966633,259,中性盘
89,09:34:24,37.33,1377221,369,买盘
90,09:34:27,37.32,1847387,495,卖盘
91,09:34:30,37.33,2018872,541,买盘
92,09:34:33,37.32,1664558,446,卖盘
93,09:34:36,37.32,1720110,461,买盘
94,09:34:39,37.33,3892588,1043,买盘
95,09:34:42,37.32,4850496,1300,卖盘
96,09:34:45,37.3,1283389,344,卖盘
97,09:34:48,37.3,2256996,605,卖盘
98,09:34:51,37.3,1548045,415,卖盘
99,09:34:54,37.3,5001369,1341,卖盘
100,09:34:57,37.24,13642215,3661,卖盘
101,09:35:00,37.21,5106873,1372,卖盘
102,09:35:03,37.22,3233231,869,买盘
103,09:35:06,37.2,4498145,1209,卖盘
104,09:35:09,37.2,3503447,942,卖盘
105,09:35:12,37.2,1591755,428,买盘
106,09:35:15,37.18,5505023,1481,卖盘
107,09:35:18,37.18,7000438,1883,卖盘
108,09:35:21,37.18,4604642,1239,中性盘
109,09:35:24,37.18,2223554,598,买盘
110,09:35:27,37.18,5991106,1611,卖盘
111,09:35:30,37.19,3210763,863,中性盘
112,09:35:33,37.21,5851328,1574,中性盘
113,09:35:36,37.21,3311102,890,卖盘
114,09:35:39,37.21,1837481,494,买盘
115,09:35:42,37.21,706804,190,买盘
116,09:35:45,37.19,2012143,541,卖盘
117,09:35:48,37.21,4713960,1267,买盘
118,09:35:51,37.21,1495462,402,买盘
119,09:35:54,37.2,1130903,304,中性盘
120,09:35:57,37.2,1774681,477,卖盘
121,09:36:00,37.2,1965158,528,卖盘
122,09:36:03,37.22,5401957,1451,买盘
123,09:36:06,37.22,2225752,598,卖盘
124,09:36:09,37.26,2814644,756,买盘
125,09:36:12,37.26,443334,119,买盘
126,09:36:15,37.26,1218382,327,买盘
127,09:36:18,37.27,2712436,728,买盘
128,09:36:21,37.27,1270685,341,买盘
129,09:36:24,37.26,1308026,351,卖盘
130,09:36:27,37.26,1084429,291,卖盘
131,09:36:30,37.24,2391468,642,卖盘
132,09:36:33,37.23,1709147,459,卖盘
133,09:36:36,37.22,1995000,536,卖盘
134,09:36:39,37.22,725804,195,买盘
135,09:36:42,37.22,1563083,420,买盘
136,09:36:45,37.2,3419667,919,卖盘
137,09:36:48,37.21,1726881,464,中性盘
138,09:36:51,37.22,487522,131,买盘
139,09:36:54,37.22,1004828,270,买盘
140,09:36:57,37.22,2452590,659,卖盘
141,09:37:00,37.22,930501,250,买盘
142,09:37:03,37.23,5789018,1555,买盘
143,09:37:06,37.23,2345638,630,卖盘
144,09:37:09,37.24,1586401,426,中性盘
145,09:37:12,37.25,692609,186,买盘
146,09:37:15,37.25,852824,229,买盘
147,09:37:18,37.24,3694837,992,卖盘
148,09:37:21,37.25,2476103,665,买盘
149,09:37:24,37.25,1113689,299,买盘
150,09:37:27,37.25,912534,245,买盘
151,09:37:30,37.24,2543656,683,卖盘
152,09:37:33,37.23,3745973,1006,卖盘
153,09:37:36,37.22,2024955,544,卖盘
154,09:37:39,37.2,3821669,1027,卖盘
155,09:37:42,37.21,1618795,435,买盘
156,09:37:45,37.21,6733344,1810,买盘
157,09:37:48,37.21,1923483,517,买盘
158,09:37:51,37.21,1677914,451,卖盘
159,09:37:54,37.23,7257471,1950,买盘
160,09:37:57,37.21,3660696,984,卖盘
161,09:38:00,37.21,163778,44,卖盘
162,09:38:03,37.21,1480984,398,卖盘
163,09:38:06,37.23,640125,172,买盘
164,09:38:09,37.23,1548609,416,买盘
165,09:38:12,37.23,1846175,496,买盘
166,09:38:15,37.23,822669,221,卖盘
167,09:38:18,37.24,6044832,1623,买盘
168,09:38:21,37.27,1091603,293,买盘
169,09:38:24,37.25,1102689,296,卖盘
170,09:38:27,37.27,1114666,299,中性盘
171,09:38:30,37.25,1162985,312,卖盘
172,09:38:33,37.26,436022,117,卖盘
173,09:38:36,37.27,1624911,436,买盘
174,09:38:39,37.27,1132854,304,买盘
175,09:38:42,37.29,1114592,299,买盘
176,09:38:45,37.28,2256377,605,卖盘
177,09:38:48,37.3,1044322,280,买盘
178,09:38:51,37.34,3276941,878,买盘
179,09:38:54,37.3,585743,157,卖盘
180,09:38:57,37.3,683139,183,卖盘
181,09:39:00,37.32,1228229,329,买盘
182,09:39:03,37.32,2103882,564,买盘
183,09:39:06,37.32,724108,194,卖盘
184,09:39:09,37.33,186608,50,买盘
185,09:39:12,37.34,212783,57,买盘
186,09:39:15,37.33,664570,178,卖盘
187,09:39:18,37.33,914739,245,卖盘
188,09:39:21,37.33,500213,134,买盘
189,09:39:24,37.34,896102,240,买盘
190,09:39:27,37.34,601200,161,卖盘
191,09:39:30,37.35,429420,115,买盘
192,09:39:33,37.35,1206124,323,买盘
193,09:39:36,37.34,1276854,342,中性盘
194,09:39:39,37.34,1557061,417,买盘
195,09:39:42,37.34,967068,259,买盘
196,09:39:45,37.34,582553,156,买盘
197,09:39:48,37.34,627356,168,卖盘
198,09:39:51,37.34,414484,111,卖盘
199,09:39:54,37.35,888653,238,买盘
200,09:39:57,37.35,1579813,423,买盘
201,09:40:00,37.35,2404363,644,卖盘
202,09:40:03,37.34,1829923,490,卖盘
203,09:40:06,37.34,489106,131,买盘
204,09:40:09,37.33,328547,88,卖盘
205,09:40:12,37.34,3570325,956,买盘
206,09:40:15,37.34,694779,186,卖盘
207,09:40:18,37.34,922331,247,卖盘
208,09:40:21,37.32,914649,245,卖盘
209,09:40:24,37.32,1395711,374,卖盘
210,09:40:27,37.31,1809812,485,卖盘
211,09:40:30,37.31,1354629,363,买盘
212,09:40:33,37.31,1436456,385,买盘
213,09:40:36,37.3,3178111,852,卖盘
214,09:40:39,37.3,1390913,373,买盘
215,09:40:42,37.28,160332,43,卖盘
216,09:40:45,37.28,771764,207,卖盘
217,09:40:48,37.28,518165,139,买盘
218,09:40:51,37.27,547914,147,卖盘
219,09:40:54,37.26,1136589,305,卖盘
220,09:40:57,37.25,1482525,398,卖盘
221,09:41:00,37.24,528881,142,卖盘
222,09:41:03,37.24,1046515,281,卖盘
223,09:41:06,37.24,1262681,339,卖盘
224,09:41:09,37.24,2674841,718,卖盘
225,09:41:12,37.24,1033069,277,卖盘
226,09:41:15,37.24,96837,26,中性盘
227,09:41:18,37.23,536254,144,卖盘
228,09:41:21,37.25,819309,220,买盘
229,09:41:24,37.23,823114,221,卖盘
230,09:41:27,37.24,487934,131,中性盘
231,09:41:30,37.25,718739,193,买盘
232,09:41:33,37.24,510176,137,卖盘
233,09:41:36,37.24,1810102,486,买盘
234,09:41:39,37.24,755966,203,买盘
235,09:41:42,37.25,982984,264,买盘
236,09:41:45,37.24,446866,120,卖盘
237,09:41:48,37.24,982942,264,买盘
238,09:41:51,37.23,748448,201,卖盘
239,09:41:54,37.24,454323,122,买盘
240,09:41:57,37.23,1146694,308,卖盘
241,09:42:00,37.26,6313671,1695,买盘
242,09:42:03,37.25,1128897,303,卖盘
243,09:42:06,37.24,238399,64,卖盘
244,09:42:09,37.24,197408,53,卖盘
245,09:42:12,37.24,521428,140,卖盘
246,09:42:15,37.25,975737,262,买盘
247,09:42:18,37.24,621912,167,卖盘
248,09:42:21,37.25,458160,123,买盘
249,09:42:24,37.24,912437,245,卖盘
250,09:42:27,37.24,338905,91,卖盘
251,09:42:30,37.24,458086,123,卖盘
252,09:42:33,37.23,1567732,421,卖盘
253,09:42:36,37.25,871643,234,中性盘
254,09:42:39,37.26,480467,129,买盘
255,09:42:42,37.26,443263,119,买盘
256,09:42:45,37.26,335235,90,买盘
257,09:42:48,37.24,253254,68,卖盘
258,09:42:51,37.25,852948,229,买盘
259,09:42:54,37.25,379939,102,卖盘
260,09:42:57,37.25,111755,30,卖盘
261,09:43:00,37.26,4239853,1138,买盘
262,09:43:03,37.27,119225,32,买盘
263,09:43:06,37.27,491912,132,买盘
264,09:43:09,37.27,514244,138,买盘
265,09:43:12,37.27,1125374,302,买盘
266,09:43:15,37.27,376406,101,买盘
267,09:43:18,37.26,790061,212,卖盘
268,09:43:21,37.27,648421,174,买盘
269,09:43:24,37.26,689283,185,卖盘
270,09:43:27,37.26,305548,82,买盘
271,09:43:30,37.25,771373,207,卖盘
272,09:43:33,37.27,249645,67,买盘
273,09:43:36,37.26,398632,107,卖盘
274,09:43:39,37.26,771311,207,买盘
275,09:43:42,37.26,1069202,287,买盘
276,09:43:45,37.25,771284,207,卖盘
277,09:43:48,37.26,499191,134,买盘
278,09:43:51,37.26,771131,207,买盘
279,09:43:54,37.25,286865,77,卖盘
280,09:43:57,37.24,726380,195,卖盘
281,09:44:00,37.26,2030412,545,买盘
282,09:44:03,37.25,1475001,396,卖盘
283,09:44:06,37.24,964727,259,卖盘
284,09:44:09,37.25,864071,232,买盘
285,09:44:12,37.25,3643120,978,买盘
286,09:44:15,37.25,1683821,452,卖盘
287,09:44:18,37.25,934975,251,卖盘
288,09:44:21,37.21,10277965,2761,卖盘
289,09:44:24,37.21,472606,127,卖盘
290,09:44:27,37.19,11673942,3138,卖盘
291,09:44:30,37.19,2759805,742,卖盘
292,09:44:33,37.19,1718195,462,卖盘
293,09:44:36,37.18,788311,212,卖盘
294,09:44:39,37.19,2164037,582,买盘
295,09:44:42,37.18,2758830,742,卖盘
296,09:44:45,37.18,1070732,288,卖盘
297,09:44:48,37.18,371758,100,买盘
298,09:44:51,37.17,5972879,1607,卖盘
299,09:44:54,37.16,401380,108,卖盘
300,09:44:57,37.16,7504764,2020,卖盘
301,09:45:00,37.15,1950622,525,卖盘
302,09:45:03,37.15,2191776,590,卖盘
303,09:45:06,37.14,2035743,548,卖盘
304,09:45:09,37.14,3331003,897,卖盘
305,09:45:12,37.13,6448445,1736,卖盘
306,09:45:15,37.13,1908663,514,卖盘
307,09:45:18,37.13,3434213,925,买盘
308,09:45:21,37.12,2331931,628,卖盘
309,09:45:24,37.14,1191901,321,买盘
310,09:45:27,37.12,2844071,766,卖盘
311,09:45:30,37.12,2268160,611,卖盘
312,09:45:33,37.12,3482271,938,卖盘
313,09:45:36,37.12,1982275,534,卖盘
314,09:45:39,37.11,2163949,583,卖盘
315,09:45:42,37.13,1150752,310,买盘
316,09:45:45,37.12,634690,171,卖盘
317,09:45:48,37.12,627301,169,买盘
318,09:45:51,37.11,3711780,1000,卖盘
319,09:45:54,37.12,3009682,811,买盘
320,09:45:57,37.11,4289954,1156,卖盘
321,09:46:00,37.14,13491460,3634,买盘
322,09:46:03,37.13,8151655,2194,卖盘
323,09:46:06,37.15,742848,200,买盘
324,09:46:09,37.14,802254,216,卖盘
325,09:46:12,37.16,304592,82,买盘
326,09:46:15,37.14,973059,262,卖盘
327,09:46:18,37.14,1597152,430,买盘
328,09:46:21,37.14,2198120,592,买盘
329,09:46:24,37.14,1827239,492,买盘
330,09:46:27,37.13,523590,141,卖盘
331,09:46:30,37.13,1169482,315,买盘
332,09:46:33,37.13,2498327,673,买盘
333,09:46:36,37.12,815069,220,中性盘
334,09:46:39,37.12,903755,243,卖盘
335,09:46:42,37.12,2360518,636,买盘
336,09:46:45,37.12,716301,193,买盘
337,09:46:48,37.12,2583013,696,买盘
338,09:46:51,37.11,8005457,2158,卖盘
339,09:46:54,37.11,8941508,2410,买盘
340,09:46:57,37.1,1328266,358,卖盘
341,09:47:00,37.09,3250158,876,卖盘
342,09:47:03,37.09,6062167,1634,卖盘
343,09:47:06,37.09,1416940,382,卖盘
344,09:47:09,37.09,1902433,513,买盘
345,09:47:12,37.09,2028610,547,卖盘
346,09:47:15,37.09,1902395,513,卖盘
347,09:47:18,37.09,1817176,490,买盘
348,09:47:21,37.06,5201066,1403,卖盘
349,09:47:24,37.06,2884523,778,卖盘
350,09:47:27,37.05,4767868,1287,卖盘
351,09:47:30,37.05,2874236,776,买盘
352,09:47:33,37.05,1531761,414,买盘
353,09:47:36,37.06,7733289,2088,买盘
354,09:47:39,37.05,5991458,1617,卖盘
355,09:47:42,37.05,4574539,1235,买盘
356,09:47:45,37.05,7372522,1990,买盘
357,09:47:48,37.04,2319301,626,卖盘
358,09:47:51,37.06,2912056,786,中性盘
359,09:47:54,37.03,6789208,1833,卖盘
360,09:47:57,37.05,2966884,801,买盘
361,09:48:00,37.03,3926859,1060,卖盘
362,09:48:03,37.05,1000073,270,买盘
363,09:48:06,37.03,2195895,593,卖盘
364,09:48:09,37.04,4846506,1309,买盘
365,09:48:12,37.02,3432288,927,卖盘
366,09:48:15,37.03,2399212,648,买盘
367,09:48:18,37.04,4185428,1130,买盘
368,09:48:21,37.03,2662168,719,卖盘
369,09:48:24,37.03,7501034,2026,卖盘
370,09:48:27,37.04,2307117,623,买盘
371,09:48:30,37.03,1366390,369,卖盘
372,09:48:33,37.04,2221978,600,买盘
373,09:48:36,37.02,9130822,2466,卖盘
374,09:48:39,37.03,2540096,686,买盘
375,09:48:42,37.03,2162270,584,买盘
376,09:48:45,37.02,6926777,1871,卖盘
377,09:48:48,37.04,9787616,2643,买盘
378,09:48:51,37.04,2229795,602,卖盘
379,09:48:54,37.05,574090,155,买盘
380,09:48:57,37.08,8707510,2350,买盘
381,09:49:00,37.08,1850303,499,买盘
382,09:49:03,37.06,974972,263,卖盘
383,09:49:06,37.05,3309711,893,卖盘
384,09:49:09,37.06,726510,196,卖盘
385,09:49:12,37.05,1996859,539,卖盘
386,09:49:15,37.05,2555403,690,卖盘
387,09:49:18,37.05,944877,255,买盘
388,09:49:21,37.05,1355970,366,卖盘
389,09:49:24,37.05,944806,255,买盘
390,09:49:27,37.05,2771498,748,卖盘
391,09:49:30,37.05,1118883,302,买盘
392,09:49:33,37.06,1719320,464,买盘
393,09:49:36,37.05,1400652,378,卖盘
394,09:49:39,37.06,448497,121,中性盘
395,09:49:42,37.06,589300,159,卖盘
396,09:49:45,37.07,719099,194,买盘
397,09:49:48,37.06,3342427,902,卖盘
398,09:49:51,37.06,841289,227,买盘
399,09:49:54,37.06,882629,238,买盘
400,09:49:57,37.05,807277,218,卖盘
401,09:50:00,37.05,604078,163,卖盘
402,09:50:03,37.05,1208057,326,卖盘
403,09:50:06,37.06,3149630,850,买盘
404,09:50:09,37.06,2823396,762,买盘
405,09:50:12,37.06,1085831,293,卖盘
406,09:50:15,37.06,2353074,635,买盘
407,09:50:18,37.06,518811,140,买盘
408,09:50:21,37.06,1004252,271,买盘
409,09:50:24,37.07,1775010,479,买盘
410,09:50:27,37.06,1163706,314,卖盘
411,09:50:30,37.06,1915793,517,买盘
412,09:50:33,37.06,852286,230,买盘
413,09:50:36,37.05,1082090,292,卖盘
414,09:50:39,37.05,403932,109,卖盘
415,09:50:42,37.05,664052,179,卖盘
416,09:50:45,37.06,1315489,355,买盘
417,09:50:48,37.06,1130300,305,卖盘
418,09:50:51,37.06,1071040,289,卖盘
419,09:50:54,37.06,1904732,514,卖盘
420,09:50:57,37.06,778236,210,买盘
421,09:51:00,37.06,637377,172,买盘
422,09:51:03,37.06,893131,241,买盘
423,09:51:06,37.05,3554573,959,卖盘
424,09:51:09,37.06,478061,129,买盘
425,09:51:12,37.05,741178,200,卖盘
426,09:51:15,37.06,904117,244,买盘
427,09:51:18,37.06,1741506,470,买盘
428,09:51:21,37.06,2101032,567,买盘
429,09:51:24,37.06,681841,184,买盘
430,09:51:27,37.06,1111662,300,卖盘
431,09:51:30,37.07,522601,141,买盘
432,09:51:33,37.06,911686,246,卖盘
433,09:51:36,37.06,2935147,792,买盘
434,09:51:39,37.06,2193651,592,买盘
435,09:51:42,37.06,652191,176,买盘
436,09:51:45,37.05,1708110,461,卖盘
437,09:51:48,37.06,2745651,741,买盘
438,09:51:51,37.06,1111740,300,卖盘
439,09:51:54,37.06,19227285,5192,买盘
440,09:51:57,37.06,426145,115,买盘
441,09:52:00,37.06,759681,205,买盘
442,09:52:03,37.06,744915,201,卖盘
443,09:52:06,37.07,1037824,280,买盘
444,09:52:09,37.07,504064,136,买盘
445,09:52:12,37.06,467035,126,中性盘
446,09:52:15,37.06,429924,116,卖盘
447,09:52:18,37.06,663344,179,买盘
448,09:52:21,37.07,1778840,480,买盘
449,09:52:24,37.06,759680,205,卖盘
450,09:52:27,37.07,1160012,313,买盘
451,09:52:30,37.06,522566,141,卖盘
452,09:52:33,37.06,1222804,330,买盘
453,09:52:36,37.05,807914,218,卖盘
454,09:52:39,37.05,500267,135,卖盘
455,09:52:42,37.06,529912,143,买盘
456,09:52:45,37.06,804156,217,卖盘
457,09:52:48,37.07,13167414,3551,买盘
458,09:52:51,37.07,771179,208,卖盘
459,09:52:54,37.07,663630,179,卖盘
460,09:52:57,37.07,1754398,473,买盘
461,09:53:00,37.08,1938206,523,买盘
462,09:53:03,37.07,11627422,3140,卖盘
463,09:53:06,37.06,1304892,352,卖盘
464,09:53:09,37.06,2153208,581,买盘
465,09:53:12,37.05,2992367,808,卖盘
466,09:53:15,37.05,511229,138,买盘
467,09:53:18,37.03,1244537,336,中性盘
468,09:53:21,37.03,2717510,734,买盘
469,09:53:24,37.02,10263540,2773,卖盘
470,09:53:27,37.01,67664069,18286,卖盘
471,09:53:30,37.0,4690764,1268,卖盘
472,09:53:33,36.98,10381372,2806,卖盘
473,09:53:36,36.99,2492604,674,买盘
474,09:53:39,36.98,2843405,769,卖盘
475,09:53:42,36.98,1497184,405,买盘
476,09:53:45,36.97,4305640,1165,卖盘
477,09:53:48,36.97,2269145,614,买盘
478,09:53:51,36.96,2261546,612,卖盘
479,09:53:54,36.99,11688526,3161,买盘
480,09:53:57,36.98,6273291,1696,卖盘
481,09:54:00,36.98,340200,92,卖盘
482,09:54:03,36.96,2591569,701,卖盘
483,09:54:06,36.97,1726332,467,中性盘
484,09:54:09,36.96,2476160,670,卖盘
485,09:54:12,36.96,3185315,862,买盘
486,09:54:15,36.96,1205009,326,卖盘
487,09:54:18,36.96,857400,232,卖盘
488,09:54:21,36.96,6151232,1664,买盘
489,09:54:24,36.96,1674732,453,卖盘
490,09:54:27,36.97,1992076,539,中性盘
491,09:54:30,36.96,3755019,1016,卖盘
492,09:54:33,36.97,987015,267,卖盘
493,09:54:36,36.97,15275924,4134,卖盘
494,09:54:39,36.96,2610882,706,卖盘
495,09:54:42,36.97,1275237,345,买盘
496,09:54:45,36.96,2365653,640,卖盘
497,09:54:48,36.95,1190077,322,卖盘
498,09:54:51,36.96,1374684,372,买盘
499,09:54:54,36.96,1042095,282,买盘
500,09:54:57,36.95,975551,264,卖盘
501,09:55:00,36.95,4919169,1331,买盘
502,09:55:03,36.96,3377060,914,买盘
503,09:55:06,36.96,2184169,591,卖盘
504,09:55:09,36.96,1167950,316,卖盘
505,09:55:12,36.97,1526443,413,买盘
506,09:55:15,36.96,1374941,372,卖盘
507,09:55:18,36.96,4770648,1291,中性盘
508,09:55:21,36.95,753947,204,卖盘
509,09:55:24,36.96,742868,201,买盘
510,09:55:27,36.96,790931,214,买盘
511,09:55:30,36.96,3421819,926,买盘
512,09:55:33,36.96,801976,217,卖盘
513,09:55:36,36.95,923889,250,卖盘
514,09:55:39,36.95,960798,260,卖盘
515,09:55:42,36.96,635593,172,买盘
516,09:55:45,36.96,909005,246,买盘
517,09:55:48,36.95,1740504,471,卖盘
518,09:55:51,36.94,1197145,324,卖盘
519,09:55:54,36.94,2759564,747,卖盘
520,09:55:57,36.93,2936564,795,卖盘
521,09:56:00,36.92,5435455,1472,卖盘
522,09:56:03,36.92,4710033,1276,中性盘
523,09:56:06,36.91,3993693,1082,卖盘
524,09:56:09,36.91,4258625,1154,买盘
525,09:56:12,36.91,3255097,882,买盘
526,09:56:15,36.9,4660651,1263,卖盘
527,09:56:18,36.9,3347142,907,卖盘
528,09:56:21,36.9,3571829,968,卖盘
529,09:56:24,36.89,1442617,391,卖盘
530,09:56:27,36.89,2434924,660,卖盘
531,09:56:30,36.89,2227978,604,卖盘
532,09:56:33,36.89,2792279,757,卖盘
533,09:56:36,36.89,10327614,2799,卖盘
534,09:56:39,36.89,4260769,1155,买盘
535,09:56:42,36.88,4267160,1157,卖盘
536,09:56:45,36.88,2644479,717,卖盘
537,09:56:48,36.88,2061511,559,买盘
538,09:56:51,36.88,4259382,1155,中性盘
539,09:56:54,36.88,2916933,791,买盘
540,09:56:57,36.9,5716897,1550,买盘
541,09:57:00,36.9,4033228,1093,买盘
542,09:57:03,36.9,5432254,1473,卖盘
543,09:57:06,36.89,1774311,481,中性盘
544,09:57:09,36.88,844660,229,卖盘
545,09:57:12,36.88,667580,181,卖盘
546,09:57:15,36.87,1382861,375,卖盘
547,09:57:18,36.87,3546582,962,中性盘
548,09:57:21,36.87,4131090,1121,卖盘
549,09:57:24,36.86,1588555,431,中性盘
550,09:57:27,36.86,1628972,442,买盘
551,09:57:30,36.85,5732856,1556,卖盘
552,09:57:33,36.85,2177758,591,卖盘
553,09:57:36,36.85,711245,193,买盘
554,09:57:39,36.85,3489241,947,卖盘
555,09:57:42,36.84,1466733,398,卖盘
556,09:57:45,36.86,2008431,545,买盘
557,09:57:48,36.86,1916558,520,买盘
558,09:57:51,36.86,5507077,1494,卖盘
559,09:57:54,36.87,2404241,652,中性盘
560,09:57:57,36.86,6888332,1869,卖盘
561,09:58:00,36.87,958619,260,买盘
562,09:58:03,36.88,1515231,411,买盘
563,09:58:06,36.86,2235720,607,卖盘
564,09:58:09,36.87,3470540,941,中性盘
565,09:58:12,36.88,1164918,316,买盘
566,09:58:15,36.88,1555840,422,买盘
567,09:58:18,36.88,1677488,455,买盘
568,09:58:21,36.88,1511918,410,买盘
569,09:58:24,36.89,796608,216,买盘
570,09:58:27,36.87,2783832,755,卖盘
571,09:58:30,36.89,841045,228,买盘
572,09:58:33,36.89,4619600,1252,买盘
573,09:58:36,36.89,3219837,873,卖盘
574,09:58:39,36.9,619719,168,买盘
575,09:58:42,36.91,1571937,426,买盘
576,09:58:45,36.92,907849,246,买盘
577,09:58:48,36.91,1000304,271,卖盘
578,09:58:51,36.91,1000371,271,卖盘
579,09:58:54,36.93,686631,186,买盘
580,09:58:57,36.93,1388263,376,买盘
581,09:59:00,36.94,550268,149,买盘
582,09:59:03,36.93,3050462,826,卖盘
583,09:59:06,36.94,498676,135,卖盘
584,09:59:09,36.95,1788394,484,买盘
585,09:59:12,36.95,960513,260,买盘
586,09:59:15,36.95,1718132,465,买盘
587,09:59:18,36.95,809238,219,卖盘
588,09:59:21,36.96,860977,233,买盘
589,09:59:24,36.96,1932717,523,买盘
590,09:59:27,36.96,2543455,688,卖盘
591,09:59:30,36.96,310491,84,卖盘
592,09:59:33,36.96,399246,108,卖盘
593,09:59:36,36.97,510070,138,买盘
594,09:59:39,36.98,499116,135,买盘
595,09:59:42,36.98,414038,112,买盘
596,09:59:45,36.98,606434,164,买盘
597,09:59:48,36.98,880154,238,买盘
598,09:59:51,36.97,1656554,448,卖盘
599,09:59:54,36.97,635903,172,买盘
600,09:59:57,36.96,1885283,510,卖盘
601,10:00:00,36.97,2336801,632,卖盘
602,10:00:03,36.96,613619,166,卖盘
603,10:00:06,36.97,1197601,324,买盘
604,10:00:09,36.96,1437824,389,卖盘
605,10:00:12,36.96,395445,107,卖盘
606,10:00:15,36.95,410235,111,卖盘
607,10:00:18,36.96,391753,106,买盘
608,10:00:21,36.96,1836800,497,买盘
609,10:00:24,36.96,753982,204,卖盘
610,10:00:27,36.96,883481,239,卖盘
611,10:00:30,36.96,1005176,272,卖盘
612,10:00:33,36.96,2314038,626,买盘
613,10:00:36,36.97,772582,209,买盘
614,10:00:39,36.95,1016433,275,卖盘
615,10:00:42,36.97,352866,95,买盘
616,10:00:45,36.96,1072241,290,卖盘
617,10:00:48,36.98,676450,183,买盘
618,10:00:51,36.97,646898,175,卖盘
619,10:00:54,36.97,691434,187,卖盘
620,10:00:57,36.98,580513,157,买盘
621,10:01:00,36.97,887309,240,卖盘
622,10:01:03,36.98,521346,141,买盘
623,10:01:06,36.97,351201,95,卖盘
624,10:01:09,36.96,3091466,837,卖盘
625,10:01:12,36.96,3399222,920,买盘
626,10:01:15,36.95,606024,164,卖盘
627,10:01:18,36.94,993490,269,中性盘
628,10:01:21,36.93,2061338,558,卖盘
629,10:01:24,36.94,937856,254,买盘
630,10:01:27,36.92,2587512,701,卖盘
631,10:01:30,36.91,472510,128,卖盘
632,10:01:33,36.91,1196236,324,卖盘
633,10:01:36,36.91,668187,181,买盘
634,10:01:39,36.91,1624215,440,卖盘
635,10:01:42,36.91,531493,144,买盘
636,10:01:45,36.9,435519,118,卖盘
637,10:01:48,36.91,1199376,325,卖盘
638,10:01:51,36.91,287906,78,卖盘
639,10:01:54,36.9,494573,134,卖盘
640,10:01:57,36.91,520348,141,中性盘
641,10:02:00,36.9,1262310,342,卖盘
642,10:02:03,36.91,461325,125,中性盘
643,10:02:06,36.94,4764128,1290,买盘
644,10:02:09,36.96,4698695,1271,买盘
645,10:02:12,36.97,1653146,447,中性盘
646,10:02:15,36.99,868712,235,中性盘
647,10:02:18,37.0,1720447,465,买盘
648,10:02:21,37.0,5835517,1577,买盘
649,10:02:24,37.01,381216,103,中性盘
650,10:02:27,37.02,407245,110,中性盘
651,10:02:30,37.04,383346,104,买盘
652,10:02:33,37.04,614907,166,卖盘
653,10:02:36,37.05,1448534,391,买盘
654,10:02:39,37.05,629808,170,买盘
655,10:02:42,37.05,2411900,651,买盘
656,10:02:45,37.03,1931905,521,卖盘
657,10:02:48,37.05,744629,201,卖盘
658,10:02:51,37.03,214858,58,卖盘
659,10:02:54,37.05,1689270,456,买盘
660,10:02:57,37.03,1107286,299,卖盘
661,10:03:00,37.05,381565,103,买盘
662,10:03:03,37.04,796619,215,卖盘
663,10:03:06,37.05,1618568,437,买盘
664,10:03:09,37.05,1252110,338,买盘
665,10:03:12,37.04,966633,261,卖盘
666,10:03:15,37.04,429708,116,卖盘
667,10:03:18,37.04,925879,250,卖盘
668,10:03:21,37.04,848020,229,买盘
669,10:03:24,37.04,351831,95,买盘
670,10:03:27,37.04,474083,128,买盘
671,10:03:30,37.04,1247745,337,买盘
672,10:03:33,37.02,1317883,356,卖盘
673,10:03:36,37.03,322109,87,买盘
674,10:03:39,37.0,407148,110,卖盘
675,10:03:42,37.0,903011,244,卖盘
676,10:03:45,37.0,2175882,588,卖盘
677,10:03:48,36.98,632418,171,卖盘
678,10:03:51,37.0,1102306,298,买盘
679,10:03:54,36.98,247777,67,卖盘
680,10:03:57,36.99,676790,183,买盘
681,10:04:00,37.0,965117,261,买盘
682,10:04:03,36.98,717421,194,卖盘
683,10:04:06,36.98,968793,262,买盘
684,10:04:09,36.97,1800891,487,卖盘
685,10:04:12,36.97,562041,152,卖盘
686,10:04:15,36.98,173806,47,中性盘
687,10:04:18,36.98,306891,83,买盘
688,10:04:21,36.99,998496,270,买盘
689,10:04:24,37.0,1061760,287,买盘
690,10:04:27,37.0,325545,88,买盘
691,10:04:30,36.99,1331912,360,卖盘
692,10:04:33,36.99,906493,245,卖盘
693,10:04:36,37.0,773220,209,买盘
694,10:04:39,37.0,802838,217,中性盘
695,10:04:42,36.99,514198,139,卖盘
696,10:04:45,36.99,392171,106,卖盘
697,10:04:48,36.99,440285,119,卖盘
698,10:04:51,37.01,255319,69,买盘
699,10:04:54,37.0,518002,140,卖盘
700,10:04:57,37.0,1202484,325,卖盘
701,10:05:00,37.0,976674,264,买盘
702,10:05:03,37.0,983880,266,买盘
703,10:05:06,37.0,1594638,431,买盘
704,10:05:09,37.0,603026,163,买盘
705,10:05:12,37.0,651044,176,买盘
706,10:05:15,37.0,836156,226,买盘
707,10:05:18,37.0,406973,110,买盘
708,10:05:21,36.99,636344,172,卖盘
709,10:05:24,37.01,284897,77,买盘
710,10:05:27,37.0,532801,144,卖盘
711,10:05:30,37.01,236827,64,买盘
712,10:05:33,37.01,899213,243,买盘
713,10:05:36,37.0,2016467,545,卖盘
714,10:05:39,36.99,562333,152,卖盘
715,10:05:42,37.0,621582,168,买盘
716,10:05:45,36.99,1020908,276,卖盘
717,10:05:48,36.99,1135591,307,买盘
718,10:05:51,36.98,1198330,324,卖盘
719,10:05:54,36.97,1342407,363,卖盘
720,10:05:57,37.0,369793,100,买盘
721,10:06:00,36.99,499378,135,卖盘
722,10:06:03,36.98,665616,180,卖盘
723,10:06:06,36.99,358759,97,买盘
724,10:06:09,36.98,606463,164,卖盘
725,10:06:12,36.98,366135,99,卖盘
726,10:06:15,36.98,728436,197,卖盘
727,10:06:18,36.98,144233,39,买盘
728,10:06:21,36.98,480752,130,卖盘
729,10:06:24,36.98,1590171,430,卖盘
730,10:06:27,36.99,440126,119,买盘
731,10:06:30,36.99,1601611,433,买盘
732,10:06:33,36.99,492009,133,卖盘
733,10:06:36,36.99,1220693,330,卖盘
734,10:06:39,36.99,340354,92,卖盘
735,10:06:42,36.99,451326,122,卖盘
736,10:06:45,36.99,1279843,346,卖盘
737,10:06:48,36.99,1009677,273,买盘
738,10:06:51,36.99,902493,244,买盘
739,10:06:54,36.98,632447,171,卖盘
740,10:06:57,37.0,18302889,4948,买盘
741,10:07:00,36.99,1209762,327,卖盘
742,10:07:03,36.99,1209922,327,买盘
743,10:07:06,36.99,695491,188,卖盘
744,10:07:09,36.99,432797,117,卖盘
745,10:07:12,37.0,162772,44,买盘
746,10:07:15,37.0,3026577,818,买盘
747,10:07:18,37.0,695568,188,买盘
748,10:07:21,37.0,773313,209,卖盘
749,10:07:24,37.01,133209,36,买盘
750,10:07:27,37.01,836317,226,买盘
751,10:07:30,37.01,751134,203,买盘
752,10:07:33,37.0,514304,139,卖盘
753,10:07:36,37.0,395891,107,买盘
754,10:07:39,37.0,236800,64,买盘
755,10:07:42,37.0,399600,108,买盘
756,10:07:45,37.0,632686,171,买盘
757,10:07:48,37.0,695560,188,买盘
758,10:07:51,36.99,414398,112,卖盘
759,10:07:54,37.0,510492,138,买盘
760,10:07:57,36.99,284861,77,卖盘
761,10:08:00,36.99,429128,116,卖盘
762,10:08:03,36.99,140577,38,卖盘
763,10:08:06,36.99,2067814,559,卖盘
764,10:08:09,36.99,462397,125,中性盘
765,10:08:12,37.01,3111958,841,买盘
766,10:08:15,37.01,229449,62,买盘
767,10:08:18,37.01,2942492,795,买盘
768,10:08:21,37.01,185056,50,卖盘
769,10:08:24,37.02,92538,25,买盘
770,10:08:27,37.01,251707,68,卖盘
771,10:08:30,37.02,185094,50,买盘
772,10:08:33,37.02,2080238,562,买盘
773,10:08:36,37.02,662628,179,买盘
774,10:08:39,37.02,621920,168,买盘
775,10:08:42,37.02,1502935,406,买盘
776,10:08:45,37.02,392379,106,卖盘
777,10:08:48,37.02,884577,239,卖盘
778,10:08:51,37.03,244346,66,买盘
779,10:08:54,37.03,188843,51,买盘
780,10:08:57,37.03,1229332,332,买盘
781,10:09:00,37.05,1848144,499,买盘
782,10:09:03,37.05,696493,188,买盘
783,10:09:06,37.04,563016,152,卖盘
784,10:09:09,37.03,892836,241,卖盘
785,10:09:12,37.03,2932809,792,卖盘
786,10:09:15,37.04,951852,257,买盘
787,10:09:18,37.04,122237,33,买盘
788,10:09:21,37.05,248169,67,买盘
789,10:09:24,37.04,170387,46,卖盘
790,10:09:27,37.04,125941,34,买盘
791,10:09:30,37.05,351940,95,买盘
792,10:09:33,37.05,481528,130,买盘
793,10:09:36,37.05,270463,73,买盘
794,10:09:39,37.04,826005,223,卖盘
795,10:09:42,37.04,163009,44,卖盘
796,10:09:45,37.04,666873,180,卖盘
797,10:09:48,37.05,633486,171,买盘
798,10:09:51,37.06,781571,211,买盘
799,10:09:54,37.05,29640,8,卖盘
800,10:09:57,37.05,463217,125,卖盘
801,10:10:00,37.05,1593145,430,卖盘
802,10:10:03,37.03,918631,248,卖盘
803,10:10:06,37.04,1151914,311,中性盘
804,10:10:09,37.05,381535,103,买盘
805,10:10:12,37.05,144501,39,卖盘
806,10:10:15,37.06,111156,30,买盘
807,10:10:18,37.06,763394,206,买盘
808,10:10:21,37.05,418705,113,卖盘
809,10:10:24,37.06,844959,228,买盘
810,10:10:27,37.06,222394,60,卖盘
811,10:10:30,37.07,689336,186,买盘
812,10:10:33,37.07,489303,132,买盘
813,10:10:36,37.06,466959,126,卖盘
814,10:10:39,37.05,2412732,651,卖盘
815,10:10:42,37.06,1000679,270,买盘
816,10:10:45,37.05,88929,24,卖盘
817,10:10:48,37.06,188985,51,买盘
818,10:10:51,37.06,626258,169,买盘
819,10:10:54,37.06,344658,93,买盘
820,10:10:57,37.06,826421,223,买盘
821,10:11:00,37.06,622766,168,卖盘
822,10:11:03,37.08,786047,212,买盘
823,10:11:06,37.07,311445,84,卖盘
824,10:11:09,37.08,281822,76,买盘
825,10:11:12,37.08,107545,29,卖盘
826,10:11:15,37.09,1053043,284,买盘
827,10:11:18,37.09,356008,96,买盘
828,10:11:21,37.08,430159,116,卖盘
829,10:11:24,37.07,278082,75,卖盘
830,10:11:27,37.08,270648,73,买盘
831,10:11:30,37.09,411594,111,买盘
832,10:11:33,37.08,1476074,398,卖盘
833,10:11:36,37.08,196545,53,中性盘
834,10:11:39,37.08,496980,134,卖盘
835,10:11:42,37.09,267013,72,买盘
836,10:11:45,37.09,462859,125,买盘
837,10:11:48,37.09,103852,28,卖盘
838,10:11:51,37.09,393210,106,卖盘
839,10:11:54,37.1,597256,161,买盘
840,10:11:57,37.1,359853,97,买盘
841,10:12:00,37.1,474832,128,买盘
842,10:12:03,37.1,2515380,678,买盘
843,10:12:06,37.11,144709,39,买盘
844,10:12:09,37.11,159542,43,买盘
845,10:12:12,37.11,853498,230,买盘
846,10:12:15,37.11,152165,41,卖盘
847,10:12:18,37.12,237543,64,买盘
848,10:12:21,37.12,100221,27,买盘
849,10:12:24,37.12,1195264,322,买盘
850,10:12:27,37.12,419467,113,卖盘
851,10:12:30,37.13,1667121,449,买盘
852,10:12:33,37.13,1414504,381,买盘
853,10:12:36,37.13,204227,55,卖盘
854,10:12:39,37.13,122538,33,卖盘
855,10:12:42,37.11,7148744,1926,卖盘
856,10:12:45,37.11,920192,248,买盘
857,10:12:48,37.09,2993307,807,卖盘
858,10:12:51,37.09,285591,77,买盘
859,10:12:54,37.09,163196,44,买盘
860,10:12:57,37.09,1008692,272,买盘
861,10:13:00,37.08,281873,76,卖盘
862,10:13:03,37.08,274446,74,卖盘
863,10:13:06,37.08,237316,64,卖盘
864,10:13:09,37.08,81576,22,卖盘
865,10:13:12,37.08,226208,61,买盘
866,10:13:15,37.09,422747,114,买盘
867,10:13:18,37.09,196572,53,买盘
868,10:13:21,37.08,81585,22,卖盘
869,10:13:24,37.09,2043396,551,买盘
870,10:13:27,37.08,278113,75,卖盘
871,10:13:30,37.08,1390759,375,买盘
872,10:13:33,37.08,385657,104,卖盘
873,10:13:36,37.08,682223,184,卖盘
874,10:13:39,37.07,281769,76,卖盘
875,10:13:42,37.08,311453,84,买盘
876,10:13:45,37.07,281739,76,卖盘
877,10:13:48,37.07,274345,74,卖盘
878,10:13:51,37.07,341054,92,卖盘
879,10:13:54,37.07,63019,17,买盘
880,10:13:57,37.07,422571,114,买盘
881,10:14:00,37.07,726559,196,买盘
882,10:14:03,37.06,392918,106,卖盘
883,10:14:06,37.07,81557,22,卖盘
884,10:14:09,37.07,129745,35,卖盘
885,10:14:12,37.07,1000685,270,卖盘
886,10:14:15,37.07,278022,75,买盘
887,10:14:18,37.07,455899,123,买盘
888,10:14:21,37.06,911583,246,卖盘
889,10:14:24,37.07,1445692,390,买盘
890,10:14:27,37.06,1241756,335,卖盘
891,10:14:30,37.08,2610410,704,买盘
892,10:14:33,37.07,189081,51,卖盘
893,10:14:36,37.07,129768,35,买盘
894,10:14:39,37.08,2243345,605,买盘
895,10:14:42,37.08,96415,26,卖盘
896,10:14:45,37.08,100116,27,卖盘
897,10:14:48,37.08,459816,124,买盘
898,10:14:51,37.07,333638,90,卖盘
899,10:14:54,37.08,66745,18,买盘
900,10:14:57,37.08,103825,28,卖盘
901,10:15:00,37.08,237362,64,卖盘
902,10:15:03,37.1,545225,147,买盘
903,10:15:06,37.09,222572,60,卖盘
904,10:15:09,37.09,255986,69,卖盘
905,10:15:12,37.09,467328,126,卖盘
906,10:15:15,37.1,701015,189,买盘
907,10:15:18,37.1,107569,29,买盘
908,10:15:21,37.1,2237111,603,买盘
909,10:15:24,37.12,686549,185,买盘
910,10:15:27,37.11,315496,85,卖盘
911,10:15:30,37.12,100204,27,买盘
912,10:15:33,37.12,475125,128,买盘
913,10:15:36,37.12,2449389,660,买盘
914,10:15:39,37.1,437898,118,卖盘
915,10:15:42,37.11,115048,31,买盘
916,10:15:45,37.11,200393,54,买盘
917,10:15:48,37.12,868337,234,买盘
918,10:15:51,37.11,22267,6,卖盘
919,10:15:54,37.12,712661,192,买盘
920,10:15:57,37.12,70531,19,买盘
921,10:16:00,37.13,66820,18,买盘
922,10:16:03,37.13,111380,30,买盘
923,10:16:06,37.13,92819,25,买盘
924,10:16:09,37.12,890926,240,卖盘
925,10:16:12,37.12,1228512,331,卖盘
926,10:16:15,37.11,4214599,1136,中性盘
927,10:16:18,37.1,1054175,284,卖盘
928,10:16:21,37.1,575016,155,买盘
929,10:16:24,37.1,144685,39,买盘
930,10:16:27,37.09,211454,57,卖盘
931,10:16:30,37.09,174345,47,买盘
932,10:16:33,37.09,100146,27,卖盘
933,10:16:36,37.1,133558,36,买盘
934,10:16:39,37.1,174372,47,买盘
935,10:16:42,37.11,634557,171,买盘
936,10:16:45,37.11,293166,79,买盘
937,10:16:48,37.11,348821,94,买盘
938,10:16:51,37.11,838638,226,买盘
939,10:16:54,37.11,348909,94,卖盘
940,10:16:57,37.12,85367,23,买盘
941,10:17:00,37.13,252392,68,买盘
942,10:17:03,37.12,404523,109,中性盘
943,10:17:06,37.13,263547,71,买盘
944,10:17:09,37.13,167075,45,买盘
945,10:17:12,37.12,679450,183,卖盘
946,10:17:15,37.14,29706,8,买盘
947,10:17:18,37.13,129964,35,卖盘
948,10:17:21,37.11,1325269,357,卖盘
949,10:17:24,37.11,237590,64,卖盘
950,10:17:27,37.14,631306,170,买盘
951,10:17:30,37.13,7426,2,中性盘
952,10:17:33,37.11,100214,27,卖盘
953,10:17:36,37.12,55684,15,买盘
954,10:17:39,37.12,192991,52,买盘
955,10:17:42,37.12,152172,41,买盘
956,10:17:45,37.12,1477035,398,买盘
957,10:17:48,37.11,382297,103,卖盘
958,10:17:51,37.12,1499618,404,买盘
959,10:17:54,37.11,81643,22,卖盘
960,10:17:57,37.12,152163,41,买盘
961,10:18:00,37.11,430479,116,卖盘
962,10:18:03,37.09,2500323,674,卖盘
963,10:18:06,37.08,726944,196,卖盘
964,10:18:09,37.08,189142,51,卖盘
965,10:18:12,37.08,385745,104,卖盘
966,10:18:15,37.1,304192,82,买盘
967,10:18:18,37.09,470996,127,卖盘
968,10:18:21,37.09,267000,72,买盘
969,10:18:24,37.08,203974,55,卖盘
970,10:18:27,37.08,330114,89,卖盘
971,10:18:30,37.08,92704,25,卖盘
972,10:18:33,37.08,496900,134,卖盘
973,10:18:36,37.08,344879,93,卖盘
974,10:18:39,37.09,656332,177,买盘
975,10:18:42,37.09,333741,90,买盘
976,10:18:45,37.08,274406,74,卖盘
977,10:18:48,37.07,181682,49,卖盘
978,10:18:51,37.07,1019441,275,卖盘
979,10:18:54,37.06,581870,157,卖盘
980,10:18:57,37.07,211247,57,买盘
981,10:19:00,37.07,181612,49,买盘
982,10:19:03,37.06,352096,95,卖盘
983,10:19:06,37.06,804245,217,卖盘
984,10:19:09,37.05,326062,88,卖盘
985,10:19:12,37.05,192688,52,卖盘
986,10:19:15,37.06,767136,207,买盘
987,10:19:18,37.05,711423,192,卖盘
988,10:19:21,37.05,500204,135,卖盘
989,10:19:24,37.06,174140,47,买盘
990,10:19:27,37.05,718849,194,卖盘
991,10:19:30,37.05,277877,75,卖盘
992,10:19:33,37.05,1585740,428,买盘
993,10:19:36,37.05,1326349,358,买盘
994,10:19:39,37.05,1582000,427,卖盘
995,10:19:42,37.05,74100,20,卖盘
996,10:19:45,37.05,418681,113,卖盘
997,10:19:48,37.05,5014603,1353,卖盘
998,10:19:51,37.07,303909,82,买盘
999,10:19:54,37.07,148268,40,买盘
1000,10:19:57,37.07,129727,35,卖盘
1001,10:20:00,37.07,292819,79,买盘
1002,10:20:03,37.07,641367,173,买盘
1003,10:20:06,37.07,318846,86,卖盘
1004,10:20:09,37.07,315095,85,买盘
1005,10:20:12,37.06,348414,94,卖盘
1006,10:20:15,37.08,307684,83,买盘
1007,10:20:18,37.07,544935,147,卖盘
1008,10:20:21,37.06,300259,81,卖盘
1009,10:20:24,37.07,107494,29,买盘
1010,10:20:27,37.06,248324,67,卖盘
1011,10:20:30,37.07,237197,64,买盘
1012,10:20:33,37.07,781968,211,买盘
1013,10:20:36,37.06,189010,51,卖盘
1014,10:20:39,37.07,166775,45,买盘
1015,10:20:42,37.06,203848,55,卖盘
1016,10:20:45,37.07,48180,13,买盘
1017,10:20:48,37.07,333552,90,买盘
1018,10:20:51,37.06,344726,93,卖盘
1019,10:20:54,37.06,344708,93,卖盘
1020,10:20:57,37.06,415075,112,卖盘
1021,10:21:00,37.06,3291428,888,卖盘
1022,10:21:03,37.06,841334,227,买盘
1023,10:21:06,37.06,278014,75,卖盘
1024,10:21:09,37.06,170480,46,卖盘
1025,10:21:12,37.06,240912,65,卖盘
1026,10:21:15,37.07,218666,59,买盘
1027,10:21:18,37.06,29651,8,卖盘
1028,10:21:21,37.07,489301,132,买盘
1029,10:21:24,37.07,66719,18,买盘
1030,10:21:27,37.07,1204929,325,买盘
1031,10:21:30,37.07,989932,267,买盘
1032,10:21:33,37.07,1412755,381,买盘
1033,10:21:36,37.07,300268,81,卖盘
1034,10:21:39,37.07,103797,28,卖盘
1035,10:21:42,37.07,589414,159,卖盘
1036,10:21:45,37.07,901014,243,卖盘
1037,10:21:48,37.09,556161,150,买盘
1038,10:21:51,37.07,133500,36,卖盘
1039,10:21:54,37.08,55613,15,买盘
1040,10:21:57,37.07,163129,44,卖盘
1041,10:22:00,37.07,426289,115,卖盘
1042,10:22:03,37.06,622616,168,卖盘
1043,10:22:06,37.06,311309,84,买盘
1044,10:22:09,37.06,270589,73,卖盘
1045,10:22:12,37.06,33354,9,卖盘
1046,10:22:15,37.06,1693644,457,卖盘
1047,10:22:18,37.06,203815,55,买盘
1048,10:22:21,37.06,240889,65,买盘
1049,10:22:24,37.06,314985,85,买盘
1050,10:22:27,37.06,251978,68,买盘
1051,10:22:30,37.06,326083,88,买盘
1052,10:22:33,37.06,348359,94,买盘
1053,10:22:36,37.05,111172,30,卖盘
1054,10:22:39,37.06,285308,77,买盘
1055,10:22:42,37.06,911512,246,买盘
1056,10:22:45,37.06,306085,83,买盘
1057,10:22:48,37.08,4585714,1237,买盘
1058,10:22:51,37.08,637638,172,卖盘
1059,10:22:54,37.08,111246,30,卖盘
1060,10:22:57,37.09,133520,36,买盘
1061,10:23:00,37.1,5129275,1383,买盘
1062,10:23:03,37.12,976178,263,买盘
1063,10:23:06,37.12,590099,159,买盘
1064,10:23:09,37.11,248672,67,卖盘
1065,10:23:12,37.12,285758,77,买盘
1066,10:23:15,37.13,412052,111,买盘
1067,10:23:18,37.12,118807,32,卖盘
1068,10:23:21,37.13,657242,177,买盘
1069,10:23:24,37.14,167111,45,买盘
1070,10:23:27,37.13,289639,78,卖盘
1071,10:23:30,37.14,155988,42,买盘
1072,10:23:33,37.13,315646,85,卖盘
1073,10:23:36,37.15,1322468,356,买盘
1074,10:23:39,37.16,2288733,616,买盘
1075,10:23:42,37.17,289880,78,买盘
1076,10:23:45,37.17,167304,45,买盘
1077,10:23:48,37.18,486942,131,买盘
1078,10:23:51,37.18,691501,186,买盘
1079,10:23:54,37.17,304867,82,卖盘
1080,10:23:57,37.17,263954,71,卖盘
1081,10:24:00,37.18,624558,168,买盘
1082,10:24:03,37.17,353122,95,卖盘
1083,10:24:06,37.18,345708,93,买盘
1084,10:24:09,37.17,96636,26,卖盘
1085,10:24:12,37.17,587343,158,买盘
1086,10:24:15,37.18,92941,25,买盘
1087,10:24:18,37.17,245348,66,卖盘
1088,10:24:21,37.18,256512,69,买盘
1089,10:24:24,37.17,1223213,329,卖盘
1090,10:24:27,37.18,397828,107,买盘
1091,10:24:30,37.18,475881,128,卖盘
1092,10:24:33,37.18,104101,28,买盘
1093,10:24:36,37.18,717437,193,买盘
1094,10:24:39,37.18,301123,81,买盘
1095,10:24:42,37.18,505577,136,买盘
1096,10:24:45,37.18,267691,72,买盘
1097,10:24:48,37.18,148701,40,买盘
1098,10:24:51,37.17,260214,70,卖盘
1099,10:24:54,37.17,881022,237,买盘
1100,10:24:57,37.16,687552,185,卖盘
1101,10:25:00,37.17,167268,45,买盘
1102,10:25:03,37.17,156109,42,买盘
1103,10:25:06,37.17,170979,46,买盘
1104,10:25:09,37.17,118916,32,买盘
1105,10:25:12,37.19,6430816,1729,买盘
1106,10:25:15,37.2,628597,169,中性盘
1107,10:25:18,37.18,293912,79,卖盘
1108,10:25:21,37.18,970457,261,卖盘
1109,10:25:24,37.22,346084,93,买盘
1110,10:25:27,37.2,342292,92,卖盘
1111,10:25:30,37.2,63240,17,中性盘
1112,10:25:33,37.2,156258,42,买盘
1113,10:25:36,37.21,107882,29,买盘
1114,10:25:39,37.21,93001,25,买盘
1115,10:25:42,37.21,1142287,307,买盘
1116,10:25:45,37.2,152542,41,中性盘
1117,10:25:48,37.19,178556,48,卖盘
1118,10:25:51,37.2,409039,110,中性盘
1119,10:25:54,37.2,342219,92,买盘
1120,10:25:57,37.2,464995,125,买盘
1121,10:26:00,37.19,386873,104,卖盘
1122,10:26:03,37.2,122740,33,买盘
1123,10:26:06,37.2,736537,198,买盘
1124,10:26:09,37.2,632389,170,买盘
1125,10:26:12,37.23,6848206,1840,买盘
1126,10:26:15,37.25,871385,234,买盘
1127,10:26:18,37.24,212275,57,卖盘
1128,10:26:21,37.25,160149,43,买盘
1129,10:26:24,37.25,372489,100,买盘
1130,10:26:27,37.24,283068,76,卖盘
1131,10:26:30,37.25,562393,151,买盘
1132,10:26:33,37.25,1012955,272,买盘
1133,10:26:36,37.24,376125,101,中性盘
1134,10:26:39,37.25,327753,88,买盘
1135,10:26:42,37.25,491501,132,买盘
1136,10:26:45,37.23,729921,196,买盘
1137,10:26:48,37.21,1611542,433,卖盘
1138,10:26:51,37.22,93040,25,买盘
1139,10:26:54,37.22,241928,65,买盘
1140,10:26:57,37.23,186135,50,买盘
1141,10:27:00,37.23,286655,77,买盘
1142,10:27:03,37.23,253152,68,买盘
1143,10:27:06,37.23,286665,77,买盘
1144,10:27:09,37.23,223361,60,买盘
1145,10:27:12,37.22,1239559,333,卖盘
1146,10:27:15,37.23,2542214,683,买盘
1147,10:27:18,37.23,372278,100,买盘
1148,10:27:21,37.22,48390,13,中性盘
1149,10:27:24,37.21,353623,95,卖盘
1150,10:27:27,37.21,107931,29,卖盘
1151,10:27:30,37.21,4011411,1078,卖盘
1152,10:27:33,37.21,241918,65,卖盘
1153,10:27:36,37.22,628863,169,买盘
1154,10:27:39,37.21,967395,260,中性盘
1155,10:27:42,37.2,338573,91,中性盘
1156,10:27:45,37.19,606242,163,卖盘
1157,10:27:48,37.19,1086118,292,买盘
1158,10:27:51,37.2,1365219,367,买盘
1159,10:27:54,37.21,1439670,387,买盘
1160,10:27:57,37.21,1477251,397,买盘
1161,10:28:00,37.2,226982,61,卖盘
1162,10:28:03,37.21,424287,114,卖盘
1163,10:28:06,37.23,1012729,272,买盘
1164,10:28:09,37.25,156378,42,买盘
1165,10:28:12,37.24,163838,44,中性盘
1166,10:28:15,37.23,673939,181,卖盘
1167,10:28:18,37.23,454272,122,卖盘
1168,10:28:21,37.24,376124,101,中性盘
1169,10:28:24,37.24,234603,63,卖盘
1170,10:28:27,37.23,137758,37,卖盘
1171,10:28:30,37.24,208531,56,买盘
1172,10:28:33,37.23,364865,98,卖盘
1173,10:28:36,37.24,309022,83,买盘
1174,10:28:39,37.23,130306,35,卖盘
1175,10:28:42,37.24,230840,62,买盘
1176,10:28:45,37.24,543598,146,买盘
1177,10:28:48,37.24,126574,34,买盘
1178,10:28:51,37.23,145208,39,卖盘
1179,10:28:54,37.23,606767,163,卖盘
1180,10:28:57,37.22,331292,89,卖盘
1181,10:29:00,37.24,171264,46,买盘
1182,10:29:03,37.22,510049,137,卖盘
1183,10:29:06,37.23,692589,186,中性盘
1184,10:29:09,37.22,688789,185,卖盘
1185,10:29:12,37.23,517475,139,买盘
1186,10:29:15,37.22,722059,194,卖盘
1187,10:29:18,37.22,409347,110,卖盘
1188,10:29:21,37.2,186095,50,卖盘
1189,10:29:24,37.2,271628,73,卖盘
1190,10:29:27,37.2,89282,24,卖盘
1191,10:29:30,37.2,293897,79,卖盘
1192,10:29:33,37.2,186026,50,卖盘
1193,10:29:36,37.2,565470,152,卖盘
1194,10:29:39,37.18,446252,120,卖盘
1195,10:29:42,37.19,304900,82,买盘
1196,10:29:45,37.19,334565,90,买盘
1197,10:29:48,37.16,368045,99,卖盘
1198,10:29:51,37.18,3365825,905,中性盘
1199,10:29:54,37.15,583524,157,卖盘
1200,10:29:57,37.15,1014561,273,卖盘
1201,10:30:00,37.17,111467,30,买盘
1202,10:30:03,37.15,601862,162,卖盘
1203,10:30:06,37.15,356659,96,买盘
1204,10:30:09,37.18,2757271,742,买盘
1205,10:30:12,37.18,2548760,685,中性盘
1206,10:30:15,37.2,1226811,330,买盘
1207,10:30:18,37.16,1103584,297,卖盘
1208,10:30:21,37.22,1104959,297,买盘
1209,10:30:24,37.22,1105238,297,卖盘
1210,10:30:27,37.21,223262,60,卖盘
1211,10:30:30,37.22,684857,184,买盘
1212,10:30:33,37.21,1559248,419,卖盘
1213,10:30:36,37.21,319930,86,卖盘
1214,10:30:39,37.2,275331,74,卖盘
1215,10:30:42,37.2,52082,14,卖盘
1216,10:30:45,37.19,472516,127,卖盘
1217,10:30:48,37.22,2754331,740,买盘
1218,10:30:51,37.22,692364,186,卖盘
1219,10:30:54,37.23,435524,117,买盘
1220,10:30:57,37.23,208493,56,卖盘
1221,10:31:00,37.24,96818,26,买盘
1222,10:31:03,37.24,55858,15,买盘
1223,10:31:06,37.24,1232471,331,买盘
1224,10:31:09,37.23,264280,71,卖盘
1225,10:31:12,37.23,160021,43,买盘
1226,10:31:15,37.2,1105554,297,卖盘
1227,10:31:18,37.22,167439,45,买盘
1228,10:31:21,37.2,275281,74,卖盘
1229,10:31:24,37.21,1599920,430,买盘
1230,10:31:27,37.23,684693,184,买盘
1231,10:31:30,37.21,1533062,412,卖盘
1232,10:31:33,37.21,260482,70,卖盘
1233,10:31:36,37.22,152602,41,中性盘
1234,10:31:39,37.22,171200,46,卖盘
1235,10:31:42,37.22,160046,43,买盘
1236,10:31:45,37.22,550834,148,卖盘
1237,10:31:48,37.21,1912707,514,卖盘
1238,10:31:51,37.19,543142,146,卖盘
1239,10:31:54,37.18,111570,30,卖盘
1240,10:31:57,37.18,301191,81,卖盘
1241,10:32:00,37.17,223057,60,卖盘
1242,10:32:03,37.17,92929,25,卖盘
1243,10:32:06,37.17,137541,37,卖盘
1244,10:32:09,37.19,70654,19,买盘
1245,10:32:12,37.18,341984,92,买盘
1246,10:32:15,37.17,189570,51,卖盘
1247,10:32:18,37.17,197001,53,买盘
1248,10:32:21,37.17,156111,42,买盘
1249,10:32:24,37.17,137510,37,买盘
1250,10:32:27,37.17,2962969,797,卖盘
1251,10:32:30,37.18,717423,193,中性盘
1252,10:32:33,37.18,126394,34,卖盘
1253,10:32:36,37.18,163606,44,买盘
1254,10:32:39,37.19,286258,77,买盘
1255,10:32:42,37.19,137594,37,买盘
1256,10:32:45,37.18,52052,14,卖盘
1257,10:32:48,37.18,130133,35,卖盘
1258,10:32:51,37.18,115278,31,卖盘
1259,10:32:54,37.18,449960,121,卖盘
1260,10:32:57,37.18,178475,48,卖盘
1261,10:33:00,37.18,487058,131,卖盘
1262,10:33:03,37.18,133828,36,买盘
1263,10:33:06,37.17,159856,43,卖盘
1264,10:33:09,37.18,234201,63,买盘
1265,10:33:12,37.17,252759,68,卖盘
1266,10:33:15,37.22,3570823,960,买盘
1267,10:33:18,37.17,1510438,406,卖盘
1268,10:33:21,37.2,773672,208,中性盘
1269,10:33:24,37.2,148746,40,买盘
1270,10:33:27,37.2,896521,241,买盘
1271,10:33:30,37.2,256680,69,卖盘
1272,10:33:33,37.2,331086,89,卖盘
1273,10:33:36,37.2,267872,72,卖盘
1274,10:33:39,37.2,762635,205,卖盘
1275,10:33:42,37.2,323703,87,卖盘
1276,10:33:45,37.21,178564,48,买盘
1277,10:33:48,37.2,450126,121,卖盘
1278,10:33:51,37.2,331130,89,卖盘
1279,10:33:54,37.21,197182,53,买盘
1280,10:33:57,37.2,178567,48,卖盘
1281,10:34:00,37.21,282757,76,买盘
1282,10:34:03,37.2,215780,58,卖盘
1283,10:34:06,37.19,1272221,342,卖盘
1284,10:34:09,37.18,223091,60,卖盘
1285,10:34:12,37.18,55774,15,卖盘
1286,10:34:15,37.18,364441,98,卖盘
1287,10:34:18,37.18,185908,50,卖盘
1288,10:34:21,37.19,26028,7,卖盘
1289,10:34:24,37.19,2101659,565,买盘
1290,10:34:27,37.18,420272,113,卖盘
1291,10:34:30,37.19,145046,39,卖盘
1292,10:34:33,37.17,687904,185,卖盘
1293,10:34:36,37.18,111547,30,中性盘
1294,10:34:39,37.19,40909,11,买盘
1295,10:34:42,37.18,66926,18,卖盘
1296,10:34:45,37.19,264036,71,买盘
1297,10:34:48,37.18,368075,99,卖盘
1298,10:34:51,37.16,646805,174,卖盘
1299,10:34:54,37.16,193247,52,卖盘
1300,10:34:57,37.15,185792,50,卖盘
1301,10:35:00,37.15,226670,61,卖盘
1302,10:35:03,37.15,100327,27,卖盘
1303,10:35:06,37.15,304632,82,卖盘
1304,10:35:09,37.15,765325,206,卖盘
1305,10:35:12,37.14,189419,51,卖盘
1306,10:35:15,37.14,74289,20,卖盘
1307,10:35:18,37.14,300834,81,卖盘
1308,10:35:21,37.14,445680,120,卖盘
1309,10:35:24,37.13,382521,103,卖盘
1310,10:35:27,37.13,460483,124,卖盘
1311,10:35:30,37.13,605220,163,卖盘
1312,10:35:33,37.13,698060,188,卖盘
1313,10:35:36,37.13,1466869,395,卖盘
1314,10:35:39,37.14,482756,130,中性盘
1315,10:35:42,37.14,170844,46,卖盘
1316,10:35:45,37.14,230218,62,买盘
1317,10:35:48,37.13,386180,104,卖盘
1318,10:35:51,37.14,363943,98,买盘
1319,10:35:54,37.13,352815,95,卖盘
1320,10:35:57,37.14,181989,49,中性盘
1321,10:36:00,37.14,115128,31,卖盘
1322,10:36:03,37.13,200508,54,卖盘
1323,10:36:06,37.13,148530,40,卖盘
1324,10:36:09,37.13,668481,180,卖盘
1325,10:36:12,37.13,846593,228,卖盘
1326,10:36:15,37.13,193081,52,卖盘
1327,10:36:18,37.14,486410,131,买盘
1328,10:36:21,37.14,349049,94,买盘
1329,10:36:24,37.13,185656,50,卖盘
1330,10:36:27,37.14,4625075,1245,买盘
1331,10:36:30,37.16,646589,174,中性盘
1332,10:36:33,37.17,189518,51,中性盘
1333,10:36:36,37.17,156122,42,中性盘
1334,10:36:39,37.17,96632,26,卖盘
1335,10:36:42,37.16,275001,74,卖盘
1336,10:36:45,37.16,40877,11,卖盘
1337,10:36:48,37.17,431156,116,买盘
1338,10:36:51,37.16,104071,28,卖盘
1339,10:36:54,37.17,85497,23,买盘
1340,10:36:57,37.17,208152,56,买盘
1341,10:37:00,37.17,66890,18,买盘
1342,10:37:03,37.16,2890891,778,卖盘
1343,10:37:06,37.12,668330,180,卖盘
1344,10:37:09,37.12,107684,29,卖盘
1345,10:37:12,37.13,7426,2,买盘
1346,10:37:15,37.12,215315,58,卖盘
1347,10:37:18,37.13,211604,57,卖盘
1348,10:37:21,37.12,371242,100,卖盘
1349,10:37:24,37.12,111361,30,卖盘
1350,10:37:27,37.12,404619,109,卖盘
1351,10:37:30,37.11,675420,182,卖盘
1352,10:37:33,37.11,118760,32,卖盘
1353,10:37:36,37.11,211542,57,卖盘
1354,10:37:39,37.11,55666,15,卖盘
1355,10:37:42,37.11,296880,80,卖盘
1356,10:37:45,37.1,326567,88,卖盘
1357,10:37:48,37.1,1072191,289,卖盘
1358,10:37:51,37.1,908963,245,卖盘
1359,10:37:54,37.1,697481,188,卖盘
1360,10:37:57,37.1,497207,134,卖盘
1361,10:38:00,37.1,1680630,453,卖盘
1362,10:38:03,37.1,430231,116,买盘
1363,10:38:06,37.09,140942,38,中性盘
1364,10:38:09,37.08,526754,142,卖盘
1365,10:38:12,37.08,114954,31,卖盘
1366,10:38:15,37.08,181693,49,卖盘
1367,10:38:18,37.1,2566941,692,买盘
1368,10:38:21,37.11,1925444,519,买盘
1369,10:38:24,37.1,1759104,474,卖盘
1370,10:38:27,37.1,307951,83,卖盘
1371,10:38:30,37.11,252286,68,买盘
1372,10:38:33,37.13,1800403,485,买盘
1373,10:38:36,37.13,356448,96,卖盘
1374,10:38:39,37.14,115113,31,买盘
1375,10:38:42,37.13,352847,95,卖盘
1376,10:38:45,37.15,260023,70,买盘
1377,10:38:48,37.13,1325958,357,卖盘
1378,10:38:51,37.14,44565,12,卖盘
1379,10:38:54,37.15,118840,32,买盘
1380,10:38:57,37.14,208016,56,卖盘
1381,10:39:00,37.14,230298,62,卖盘
1382,10:39:03,37.15,129995,35,买盘
1383,10:39:06,37.14,219131,59,卖盘
1384,10:39:09,37.14,141099,38,中性盘
1385,10:39:12,37.14,115141,31,中性盘
1386,10:39:15,37.13,107696,29,卖盘
1387,10:39:18,37.13,111407,30,卖盘
1388,10:39:21,37.13,230254,62,卖盘
1389,10:39:24,37.16,1107142,298,买盘
1390,10:39:27,37.15,371528,100,卖盘
1391,10:39:30,37.16,334561,90,卖盘
1392,10:39:33,37.16,182089,49,卖盘
1393,10:39:36,37.16,590963,159,卖盘
1394,10:39:39,37.16,1107363,298,买盘
1395,10:39:42,37.16,565171,152,卖盘
1396,10:39:45,37.17,639174,172,买盘
1397,10:39:48,37.16,1033071,278,卖盘
1398,10:39:51,37.16,427538,115,卖盘
1399,10:39:54,37.17,211885,57,买盘
1400,10:39:57,37.17,196969,53,卖盘
1401,10:40:00,37.17,137520,37,买盘
1402,10:40:03,37.17,769240,207,买盘
1403,10:40:06,37.16,252703,68,卖盘
1404,10:40:09,37.16,382747,103,买盘
1405,10:40:12,37.15,118865,32,卖盘
1406,10:40:15,37.14,78001,21,卖盘
1407,10:40:18,37.16,215461,58,买盘
1408,10:40:21,37.16,189509,51,买盘
1409,10:40:24,37.16,33436,9,买盘
1410,10:40:27,37.16,222947,60,买盘
1411,10:40:30,37.17,505388,136,买盘
1412,10:40:33,37.17,360542,97,买盘
1413,10:40:36,37.17,167265,45,卖盘
1414,10:40:39,37.17,104069,28,买盘
1415,10:40:42,37.16,193247,52,卖盘
1416,10:40:45,37.15,85467,23,卖盘
1417,10:40:48,37.15,189492,51,卖盘
1418,10:40:51,37.15,37150,10,卖盘
1419,10:40:54,37.14,293479,79,卖盘
1420,10:40:57,37.15,129983,35,中性盘
1421,10:41:00,37.15,234003,63,买盘
1422,10:41:03,37.14,81708,22,买盘
1423,10:41:06,37.14,163446,44,中性盘
1424,10:41:09,37.14,137404,37,卖盘
1425,10:41:12,37.13,48280,13,卖盘
1426,10:41:15,37.15,2898561,780,买盘
1427,10:41:18,37.19,442270,119,买盘
1428,10:41:21,37.19,1432117,385,买盘
1429,10:41:24,37.16,104115,28,卖盘
1430,10:41:27,37.16,241677,65,卖盘
1431,10:41:30,37.19,89238,24,买盘
1432,10:41:33,37.18,661956,178,卖盘
1433,10:41:36,37.19,714184,192,买盘
1434,10:41:39,37.2,766372,206,买盘
1435,10:41:42,37.21,647480,174,买盘
1436,10:41:45,37.21,160003,43,卖盘
1437,10:41:48,37.22,524786,141,买盘
1438,10:41:51,37.21,588125,158,卖盘
1439,10:41:54,37.22,268013,72,中性盘
1440,10:41:57,37.22,684825,184,买盘
1441,10:42:00,37.22,18611,5,中性盘
1442,10:42:03,37.23,402076,108,买盘
1443,10:42:06,37.22,160059,43,卖盘
1444,10:42:09,37.22,305234,82,卖盘
1445,10:42:12,37.19,323717,87,卖盘
1446,10:42:15,37.21,145156,39,中性盘
1447,10:42:18,37.2,141361,38,卖盘
1448,10:42:21,37.19,929987,250,卖盘
1449,10:42:24,37.21,279057,75,买盘
1450,10:42:27,37.2,368353,99,卖盘
1451,10:42:30,37.21,212068,57,买盘
1452,10:42:33,37.2,372097,100,卖盘
1453,10:42:36,37.2,275353,74,卖盘
1454,10:42:39,37.21,699392,188,中性盘
1455,10:42:42,37.2,163710,44,卖盘
1456,10:42:45,37.21,93025,25,买盘
1457,10:42:48,37.21,167439,45,买盘
1458,10:42:51,37.21,973627,262,买盘
1459,10:42:54,37.21,197213,53,买盘
1460,10:42:57,37.2,197199,53,卖盘
1461,10:43:00,37.2,245581,66,卖盘
1462,10:43:03,37.2,736599,198,卖盘
1463,10:43:06,37.2,719307,193,卖盘
1464,10:43:09,37.19,29756,8,卖盘
1465,10:43:12,37.2,159937,43,买盘
1466,10:43:15,37.18,260370,70,卖盘
1467,10:43:18,37.21,1096259,295,买盘
1468,10:43:21,37.21,55812,15,卖盘
1469,10:43:24,37.21,6101261,1639,卖盘
1470,10:43:27,37.22,160013,43,买盘
1471,10:43:30,37.21,55821,15,卖盘
1472,10:43:33,37.21,644085,173,买盘
1473,10:43:36,37.22,238175,64,买盘
1474,10:43:39,37.21,204668,55,卖盘
1475,10:43:42,37.22,37220,10,买盘
1476,10:43:45,37.22,454044,122,买盘
1477,10:43:48,37.22,427994,115,买盘
1478,10:43:51,37.22,584339,157,买盘
1479,10:43:54,37.22,506191,136,买盘
1480,10:43:57,37.23,751756,202,买盘
1481,10:44:00,37.23,85609,23,买盘
1482,10:44:03,37.23,160055,43,买盘
1483,10:44:06,37.22,178674,48,卖盘
1484,10:44:09,37.23,208471,56,买盘
1485,10:44:12,37.22,115397,31,卖盘
1486,10:44:15,37.22,599243,161,卖盘
1487,10:44:18,37.22,122810,33,卖盘
1488,10:44:21,37.22,186079,50,买盘
1489,10:44:24,37.22,186080,50,买盘
1490,10:44:27,37.22,153717,41,中性盘
1491,10:44:30,37.22,327548,88,卖盘
1492,10:44:33,37.22,413142,111,卖盘
1493,10:44:36,37.2,342372,92,卖盘
1494,10:44:39,37.22,55824,15,买盘
1495,10:44:42,37.21,312614,84,买盘
1496,10:44:45,37.21,167425,45,买盘
1497,10:44:48,37.22,111633,30,买盘
1498,10:44:51,37.22,483817,130,买盘
1499,10:44:54,37.21,137701,37,卖盘
1500,10:44:57,37.22,85588,23,买盘
1501,10:45:00,37.22,416883,112,买盘
1502,10:45:03,37.22,312674,84,卖盘
1503,10:45:06,37.23,1407271,378,买盘
1504,10:45:09,37.24,4003902,1075,买盘
1505,10:45:12,37.25,63315,17,买盘
1506,10:45:15,37.25,446959,120,买盘
1507,10:45:18,37.25,1124684,302,买盘
1508,10:45:21,37.25,1851322,497,买盘
1509,10:45:24,37.26,204866,55,买盘
1510,10:45:27,37.25,122927,33,卖盘
1511,10:45:30,37.26,342728,92,买盘
1512,10:45:33,37.26,29807,8,买盘
1513,10:45:36,37.25,100585,27,卖盘
1514,10:45:39,37.25,63338,17,卖盘
1515,10:45:42,37.25,1341319,360,卖盘
1516,10:45:45,37.25,126664,34,卖盘
1517,10:45:48,37.25,409820,110,卖盘
1518,10:45:51,37.25,89404,24,卖盘
1519,10:45:54,37.25,648215,174,卖盘
1520,10:45:57,37.26,640839,172,买盘
1521,10:46:00,37.26,324105,87,买盘
1522,10:46:03,37.26,279440,75,买盘
1523,10:46:06,37.25,238436,64,卖盘
1524,10:46:09,37.26,752618,202,买盘
1525,10:46:12,37.25,432211,116,卖盘
1526,10:46:15,37.25,178820,48,卖盘
1527,10:46:18,37.25,1855095,498,卖盘
1528,10:46:21,37.26,104325,28,买盘
1529,10:46:24,37.25,432122,116,卖盘
1530,10:46:27,37.26,156468,42,买盘
1531,10:46:30,37.25,245850,66,卖盘
1532,10:46:33,37.24,573459,154,卖盘
1533,10:46:36,37.23,405977,109,卖盘
1534,10:46:39,37.25,223471,60,买盘
1535,10:46:42,37.24,74495,20,卖盘
1536,10:46:45,37.24,134042,36,卖盘
1537,10:46:48,37.23,137769,37,卖盘
1538,10:46:51,37.23,55847,15,卖盘
1539,10:46:54,37.23,141504,38,卖盘
1540,10:46:57,37.23,122874,33,卖盘
1541,10:47:00,37.23,260611,70,卖盘
1542,10:47:03,37.25,1944399,522,买盘
1543,10:47:06,37.24,100549,27,卖盘
1544,10:47:09,37.23,394651,106,卖盘
1545,10:47:12,37.23,1362641,366,卖盘
1546,10:47:15,37.24,81930,22,买盘
1547,10:47:18,37.22,1068521,287,卖盘
1548,10:47:21,37.24,193581,52,买盘
1549,10:47:24,37.22,40949,11,卖盘
1550,10:47:27,37.22,245668,66,卖盘
1551,10:47:30,37.23,145159,39,买盘
1552,10:47:33,37.22,63282,17,卖盘
1553,10:47:36,37.22,167495,45,卖盘
1554,10:47:39,37.22,52113,14,卖盘
1555,10:47:42,37.23,1101749,296,买盘
1556,10:47:45,37.22,301491,81,卖盘
1557,10:47:48,37.23,1991693,535,买盘
1558,10:47:51,37.25,2312532,621,买盘
1559,10:47:54,37.23,383514,103,卖盘
1560,10:47:57,37.23,301545,81,买盘
1561,10:48:00,37.23,227102,61,买盘
1562,10:48:03,37.24,1582169,425,买盘
1563,10:48:06,37.24,1057618,284,买盘
1564,10:48:09,37.25,1083961,291,买盘
1565,10:48:12,37.25,137818,37,卖盘
1566,10:48:15,37.25,216050,58,卖盘
1567,10:48:18,37.26,152700,41,买盘
1568,10:48:21,37.24,163887,44,卖盘
1569,10:48:24,37.25,219823,59,卖盘
1570,10:48:27,37.26,145284,39,买盘
1571,10:48:30,37.26,111740,30,买盘
1572,10:48:33,37.25,18624,5,中性盘
1573,10:48:36,37.25,122932,33,买盘
1574,10:48:39,37.25,70775,19,买盘
1575,10:48:42,37.25,145252,39,买盘
1576,10:48:45,37.25,115454,31,买盘
1577,10:48:48,37.25,547511,147,买盘
1578,10:48:51,37.25,327800,88,买盘
1579,10:48:54,37.25,55875,15,卖盘
1580,10:48:57,37.24,70765,19,卖盘
1581,10:49:00,37.25,26075,7,买盘
1582,10:49:03,37.25,14899,4,买盘
1583,10:49:06,37.23,376131,101,卖盘
1584,10:49:09,37.24,759524,204,中性盘
1585,10:49:12,37.23,44667,12,中性盘
1586,10:49:15,37.22,63288,17,卖盘
1587,10:49:18,37.22,401967,108,卖盘
1588,10:49:21,37.21,48377,13,卖盘
1589,10:49:24,37.21,29770,8,卖盘
1590,10:49:27,37.21,107913,29,卖盘
1591,10:49:30,37.21,163741,44,卖盘
1592,10:49:33,37.21,152567,41,卖盘
1593,10:49:36,37.22,342358,92,买盘
1594,10:49:39,37.23,1198487,322,买盘
1595,10:49:42,37.23,335043,90,买盘
1596,10:49:45,37.24,405918,109,买盘
1597,10:49:48,37.24,849126,228,卖盘
1598,10:49:51,37.24,208580,56,卖盘
1599,10:49:54,37.25,253233,68,买盘
1600,10:49:57,37.25,160161,43,买盘
1601,10:50:00,37.24,286779,77,卖盘
1602,10:50:03,37.25,22350,6,买盘
1603,10:50:06,37.25,67048,18,买盘
1604,10:50:09,37.25,1217769,327,买盘
1605,10:50:12,37.24,1813793,487,卖盘
1606,10:50:15,37.24,722304,194,买盘
1607,10:50:18,37.24,227179,61,卖盘
1608,10:50:21,37.26,5979710,1605,买盘
1609,10:50:24,37.27,1248279,335,买盘
1610,10:50:27,37.27,178876,48,买盘
1611,10:50:30,37.27,67071,18,买盘
1612,10:50:33,37.27,443493,119,买盘
1613,10:50:36,37.27,204947,55,买盘
1614,10:50:39,37.27,581411,156,买盘
1615,10:50:42,37.27,644640,173,买盘
1616,10:50:45,37.27,219893,59,卖盘
1617,10:50:48,37.27,268394,72,卖盘
1618,10:50:51,37.27,175190,47,卖盘
1619,10:50:54,37.28,328035,88,买盘
1620,10:50:57,37.28,1379312,370,买盘
1621,10:51:00,37.28,1916170,514,买盘
1622,10:51:03,37.28,876079,235,买盘
1623,10:51:06,37.28,406373,109,卖盘
1624,10:51:09,37.28,104406,28,卖盘
1625,10:51:12,37.28,231159,62,卖盘
1626,10:51:15,37.28,432451,116,卖盘
1627,10:51:18,37.27,223646,60,卖盘
1628,10:51:21,37.28,44733,12,买盘
1629,10:51:24,37.28,339247,91,买盘
1630,10:51:27,37.28,205017,55,买盘
1631,10:51:30,37.27,268401,72,卖盘
1632,10:51:33,37.27,33547,9,卖盘
1633,10:51:36,37.28,145377,39,买盘
1634,10:51:39,37.27,655964,176,卖盘
1635,10:51:42,37.27,152817,41,卖盘
1636,10:51:45,37.28,253492,68,买盘
1637,10:51:48,37.28,287066,77,卖盘
1638,10:51:51,37.28,417480,112,买盘
1639,10:51:54,37.28,145391,39,买盘
1640,10:51:57,37.28,301968,81,买盘
1641,10:52:00,37.28,55920,15,卖盘
1642,10:52:03,37.28,96939,26,卖盘
1643,10:52:06,37.28,730685,196,卖盘
1644,10:52:09,37.29,1103743,296,买盘
1645,10:52:12,37.29,894717,240,买盘
1646,10:52:15,37.3,10962545,2939,买盘
1647,10:52:18,37.3,402893,108,卖盘
1648,10:52:21,37.29,261032,70,卖盘
1649,10:52:24,37.3,2656549,712,买盘
1650,10:52:27,37.3,492452,132,买盘
1651,10:52:30,37.3,186494,50,买盘
1652,10:52:33,37.3,410271,110,买盘
1653,10:52:36,37.3,555838,149,买盘
1654,10:52:39,37.3,89521,24,买盘
1655,10:52:42,37.3,201410,54,买盘
1656,10:52:45,37.3,63411,17,买盘
1657,10:52:48,37.3,253653,68,卖盘
1658,10:52:51,37.3,171591,46,卖盘
1659,10:52:54,37.3,1406378,377,卖盘
1660,10:52:57,37.3,190230,51,卖盘
1661,10:53:00,37.31,283545,76,买盘
1662,10:53:03,37.31,272391,73,卖盘
1663,10:53:06,37.35,7795820,2088,买盘
1664,10:53:09,37.35,373562,100,卖盘
1665,10:53:12,37.35,874184,234,卖盘
1666,10:53:15,37.36,1061008,284,买盘
1667,10:53:18,37.36,564142,151,卖盘
1668,10:53:21,37.36,1210702,324,卖盘
1669,10:53:24,37.36,381100,102,买盘
1670,10:53:27,37.36,224137,60,买盘
1671,10:53:30,37.36,1700127,455,买盘
1672,10:53:33,37.36,549242,147,卖盘
1673,10:53:36,37.38,4036697,1080,买盘
1674,10:53:39,37.37,455853,122,卖盘
1675,10:53:42,37.38,661424,177,买盘
1676,10:53:45,37.36,1158378,310,卖盘
1677,10:53:48,37.38,2074175,555,买盘
1678,10:53:51,37.38,186862,50,买盘
1679,10:53:54,37.37,1072752,287,中性盘
1680,10:53:57,37.37,194345,52,中性盘
1681,10:54:00,37.37,343879,92,中性盘
1682,10:54:03,37.39,7650807,2046,买盘
1683,10:54:06,37.38,299081,80,卖盘
1684,10:54:09,37.38,758807,203,卖盘
1685,10:54:12,37.38,145789,39,卖盘
1686,10:54:15,37.39,295324,79,买盘
1687,10:54:18,37.38,201833,54,卖盘
1688,10:54:21,37.38,257941,69,买盘
1689,10:54:24,37.38,145793,39,买盘
1690,10:54:27,37.38,130826,35,买盘
1691,10:54:30,37.37,295290,79,卖盘
1692,10:54:33,37.38,500854,134,中性盘
1693,10:54:36,37.38,224281,60,卖盘
1694,10:54:39,37.38,205590,55,卖盘
1695,10:54:42,37.38,1259759,337,买盘
1696,10:54:45,37.38,459755,123,买盘
1697,10:54:48,37.38,160730,43,买盘
1698,10:54:51,37.38,160725,43,买盘
1699,10:54:54,37.38,437346,117,卖盘
1700,10:54:57,37.38,654155,175,卖盘
1701,10:55:00,37.38,97182,26,买盘
1702,10:55:03,37.38,512038,137,买盘
1703,10:55:06,37.38,277504,74,买盘
1704,10:55:09,37.38,142051,38,卖盘
1705,10:55:12,37.39,317760,85,买盘
1706,10:55:15,37.38,123351,33,买盘
1707,10:55:18,37.37,175670,47,卖盘
1708,10:55:21,37.38,616726,165,买盘
1709,10:55:24,37.38,829683,222,买盘
1710,10:55:27,37.38,142040,38,卖盘
1711,10:55:30,37.38,201871,54,卖盘
1712,10:55:33,37.39,441107,118,买盘
1713,10:55:36,37.38,71023,19,卖盘
1714,10:55:39,37.39,71037,19,买盘
1715,10:55:42,37.38,1297118,347,卖盘
1716,10:55:45,37.39,725301,194,买盘
1717,10:55:48,37.38,665452,178,卖盘
1718,10:55:51,37.39,299104,80,买盘
1719,10:55:54,37.39,1331051,356,买盘
1720,10:55:57,37.39,631718,169,买盘
1721,10:56:00,37.4,725381,194,买盘
1722,10:56:03,37.39,272947,73,卖盘
1723,10:56:06,37.39,104682,28,买盘
1724,10:56:09,37.39,284160,76,买盘
1725,10:56:12,37.42,3583006,958,买盘
1726,10:56:15,37.41,239465,64,卖盘
1727,10:56:18,37.41,254399,68,买盘
1728,10:56:21,37.42,261891,70,买盘
1729,10:56:24,37.41,71091,19,卖盘
1730,10:56:27,37.41,273116,73,卖盘
1731,10:56:30,37.41,404076,108,卖盘
1732,10:56:33,37.41,680973,182,中性盘
1733,10:56:36,37.41,430243,115,买盘
1734,10:56:39,37.41,183333,49,卖盘
1735,10:56:42,37.42,280638,75,买盘
1736,10:56:45,37.41,774306,207,卖盘
1737,10:56:48,37.41,744634,199,卖盘
1738,10:56:51,37.42,333020,89,买盘
1739,10:56:54,37.42,202064,54,买盘
1740,10:56:57,37.42,1107351,296,买盘
1741,10:57:00,37.41,303093,81,卖盘
1742,10:57:03,37.4,1036061,277,卖盘
1743,10:57:06,37.39,661993,177,卖盘
1744,10:57:09,37.39,89736,24,买盘
1745,10:57:12,37.38,751340,201,卖盘
1746,10:57:15,37.37,814701,218,卖盘
1747,10:57:18,37.37,108373,29,卖盘
1748,10:57:21,37.36,78481,21,卖盘
1749,10:57:24,37.37,276466,74,买盘
1750,10:57:27,37.35,164374,44,卖盘
1751,10:57:30,37.35,242792,65,卖盘
1752,10:57:33,37.34,485550,130,卖盘
1753,10:57:36,37.34,425831,114,卖盘
1754,10:57:39,37.35,399541,107,买盘
1755,10:57:42,37.34,220297,59,中性盘
1756,10:57:45,37.35,1385547,371,买盘
1757,10:57:48,37.35,67214,18,买盘
1758,10:57:51,37.34,74678,20,卖盘
1759,10:57:54,37.32,283716,76,卖盘
1760,10:57:57,37.32,126878,34,买盘
1761,10:58:00,37.32,313418,84,买盘
1762,10:58:03,37.31,194027,52,卖盘
1763,10:58:06,37.31,246231,66,买盘
1764,10:58:09,37.31,22384,6,买盘
1765,10:58:12,37.3,455064,122,卖盘
1766,10:58:15,37.31,354432,95,买盘
1767,10:58:18,37.3,1439795,386,卖盘
1768,10:58:21,37.3,514689,138,卖盘
1769,10:58:24,37.3,111929,30,卖盘
1770,10:58:27,37.31,208902,56,中性盘
1771,10:58:30,37.32,242520,65,买盘
1772,10:58:33,37.31,320919,86,卖盘
1773,10:58:36,37.3,249924,67,卖盘
1774,10:58:39,37.3,29840,8,买盘
1775,10:58:42,37.29,44758,12,卖盘
1776,10:58:45,37.29,52210,14,卖盘
1777,10:58:48,37.29,253584,68,卖盘
1778,10:58:51,37.29,197651,53,卖盘
1779,10:58:54,37.29,100683,27,卖盘
1780,10:58:57,37.3,272251,73,买盘
1781,10:59:00,37.29,600371,161,卖盘
1782,10:59:03,37.3,186473,50,买盘
1783,10:59:06,37.3,223786,60,买盘
1784,10:59:09,37.3,93247,25,买盘
1785,10:59:12,37.29,137978,37,卖盘
1786,10:59:15,37.29,134244,36,卖盘
1787,10:59:18,37.29,283411,76,卖盘
1788,10:59:21,37.29,212583,57,卖盘
1789,10:59:24,37.29,287142,77,卖盘
1790,10:59:27,37.3,167806,45,买盘
1791,10:59:30,37.29,137994,37,卖盘
1792,10:59:33,37.29,142895,38,卖盘
1793,10:59:36,37.29,201367,54,卖盘
1794,10:59:39,37.29,1074195,288,卖盘
1795,10:59:42,37.3,33563,9,买盘
1796,10:59:45,37.29,164112,44,卖盘
1797,10:59:48,37.3,257345,69,买盘
1798,10:59:51,37.29,764479,205,卖盘
1799,10:59:54,37.29,216324,58,卖盘
1800,10:59:57,37.29,193912,52,卖盘
1801,11:00:00,37.29,85789,23,卖盘
1802,11:00:03,37.29,764625,205,卖盘
1803,11:00:06,37.29,1352434,363,卖盘
1804,11:00:09,37.29,275878,74,买盘
1805,11:00:12,37.28,59651,16,卖盘
1806,11:00:15,37.28,93206,25,卖盘
1807,11:00:18,37.28,600215,161,卖盘
1808,11:00:21,37.29,115587,31,买盘
1809,11:00:24,37.31,757133,203,买盘
1810,11:00:27,37.31,862888,231,买盘
1811,11:00:30,37.31,540995,145,买盘
1812,11:00:33,37.32,3570877,957,买盘
1813,11:00:36,37.31,126881,34,卖盘
1814,11:00:39,37.32,306016,82,买盘
1815,11:00:42,37.31,223917,60,卖盘
1816,11:00:45,37.32,115689,31,买盘
1817,11:00:48,37.31,570851,153,卖盘
1818,11:00:51,37.31,104481,28,卖盘
1819,11:00:54,37.32,205253,55,买盘
1820,11:00:57,37.31,108202,29,卖盘
1821,11:01:00,37.31,317209,85,卖盘
1822,11:01:03,37.31,48513,13,卖盘
1823,11:01:06,37.32,223876,60,买盘
1824,11:01:09,37.32,74623,20,买盘
1825,11:01:12,37.31,231366,62,卖盘
1826,11:01:15,37.32,235114,63,买盘
1827,11:01:18,37.31,291080,78,卖盘
1828,11:01:21,37.31,78362,21,卖盘
1829,11:01:24,37.31,3731,1,卖盘
1830,11:01:27,37.31,63436,17,卖盘
1831,11:01:30,37.31,63432,17,卖盘
1832,11:01:33,37.31,160444,43,卖盘
1833,11:01:36,37.31,884303,237,卖盘
1834,11:01:39,37.32,257456,69,买盘
1835,11:01:42,37.32,26121,7,买盘
1836,11:01:45,37.32,97029,26,买盘
1837,11:01:48,37.31,391783,105,卖盘
1838,11:01:51,37.31,216381,58,买盘
1839,11:01:54,37.3,287238,77,卖盘
1840,11:01:57,37.31,97008,26,中性盘
1841,11:02:00,37.3,14923,4,卖盘
1842,11:02:03,37.31,82080,22,买盘
1843,11:02:06,37.31,44771,12,买盘
1844,11:02:09,37.3,126828,34,卖盘
1845,11:02:12,37.3,93250,25,卖盘
1846,11:02:15,37.3,29840,8,卖盘
1847,11:02:18,37.3,220076,59,卖盘
1848,11:02:21,37.3,175313,47,卖盘
1849,11:02:24,37.3,48495,13,卖盘
1850,11:02:27,37.3,70870,19,卖盘
1851,11:02:30,37.3,425298,114,卖盘
1852,11:02:33,37.3,328240,88,卖盘
1853,11:02:36,37.31,216388,58,买盘
1854,11:02:39,37.31,67141,18,买盘
1855,11:02:42,37.3,37300,10,卖盘
1856,11:02:45,37.3,55955,15,卖盘
1857,11:02:48,37.3,156672,42,卖盘
1858,11:02:51,37.31,663942,178,买盘
1859,11:02:54,37.3,100711,27,卖盘
1860,11:02:57,37.3,145470,39,卖盘
1861,11:03:00,37.3,477445,128,卖盘
1862,11:03:03,37.3,77125,21,卖盘
1863,11:03:06,37.29,380386,102,卖盘
1864,11:03:09,37.29,74584,20,卖盘
1865,11:03:12,37.29,78313,21,卖盘
1866,11:03:15,37.29,67124,18,卖盘
1867,11:03:18,37.29,137973,37,卖盘
1868,11:03:21,37.29,454960,122,中性盘
1869,11:03:24,37.29,499767,134,买盘
1870,11:03:27,37.29,96957,26,卖盘
1871,11:03:30,37.3,410301,110,买盘
1872,11:03:33,37.29,294653,79,卖盘
1873,11:03:36,37.3,626621,168,买盘
1874,11:03:39,37.3,410322,110,买盘
1875,11:03:42,37.3,74600,20,卖盘
1876,11:03:45,37.32,4383917,1175,买盘
1877,11:03:48,37.33,921793,247,买盘
1878,11:03:51,37.33,324672,87,买盘
1879,11:03:54,37.33,134359,36,买盘
1880,11:03:57,37.32,134373,36,卖盘
1881,11:04:00,37.33,182962,49,卖盘
1882,11:04:06,37.33,623306,167,卖盘
1883,11:04:09,37.32,100766,27,卖盘
1884,11:04:12,37.32,167942,45,卖盘
1885,11:04:15,37.33,44794,12,买盘
1886,11:04:18,37.32,220220,59,卖盘
1887,11:04:21,37.33,55991,15,买盘
1888,11:04:24,37.32,298590,80,卖盘
1889,11:04:27,37.32,503927,135,卖盘
1890,11:04:30,37.33,190352,51,中性盘
1891,11:04:33,37.32,190351,51,卖盘
1892,11:04:36,37.33,138086,37,买盘
1893,11:04:39,37.32,171672,46,卖盘
1894,11:04:42,37.32,533720,143,卖盘
1895,11:04:45,37.32,1067713,286,卖盘
1896,11:04:48,37.32,186587,50,买盘
1897,11:04:51,37.31,496236,133,卖盘
1898,11:04:54,37.31,108203,29,卖盘
1899,11:04:57,37.3,11190,3,卖盘
1900,11:05:00,37.32,1761229,472,买盘
1901,11:05:03,37.32,649042,174,买盘
1902,11:05:06,37.31,70891,19,卖盘
1903,11:05:09,37.31,37314,10,卖盘
1904,11:05:12,37.31,138059,37,卖盘
1905,11:05:15,37.33,1500531,402,买盘
1906,11:05:18,37.34,459133,123,买盘
1907,11:05:21,37.34,93341,25,买盘
1908,11:05:24,37.33,895799,240,卖盘
1909,11:05:27,37.33,223965,60,买盘
1910,11:05:30,37.33,709089,190,买盘
1911,11:05:33,37.34,145581,39,买盘
1912,11:05:36,37.32,104521,28,卖盘
1913,11:05:39,37.34,56000,15,买盘
1914,11:05:42,37.34,645971,173,买盘
1915,11:05:45,37.33,384577,103,卖盘
1916,11:05:48,37.33,100799,27,卖盘
1917,11:05:51,37.33,156802,42,卖盘
1918,11:05:54,37.33,552600,148,卖盘
1919,11:05:57,37.33,380772,102,卖盘
1920,11:06:00,37.34,52276,14,买盘
1921,11:06:03,37.33,130674,35,卖盘
1922,11:06:06,37.34,350977,94,买盘
1923,11:06:09,37.34,74676,20,买盘
1924,11:06:12,37.34,212826,57,买盘
1925,11:06:15,37.33,44801,12,卖盘
1926,11:06:18,37.33,1153499,309,卖盘
1927,11:06:21,37.33,145587,39,买盘
1928,11:06:24,37.34,82128,22,买盘
1929,11:06:27,37.34,100797,27,买盘
1930,11:06:30,37.33,52264,14,卖盘
1931,11:06:33,37.33,664497,178,卖盘
1932,11:06:36,37.33,212776,57,卖盘
1933,11:06:39,37.34,403264,108,买盘
1934,11:06:42,37.34,26133,7,买盘
1935,11:06:45,37.33,242677,65,卖盘
1936,11:06:48,37.34,250134,67,买盘
1937,11:06:51,37.34,26135,7,买盘
1938,11:06:54,37.34,160550,43,买盘
1939,11:06:57,37.34,294947,79,卖盘
1940,11:07:00,37.34,33608,9,卖盘
1941,11:07:03,37.34,44808,12,卖盘
1942,11:07:06,37.34,74684,20,卖盘
1943,11:07:09,37.35,336079,90,买盘
1944,11:07:12,37.34,115754,31,卖盘
1945,11:07:15,37.34,212838,57,买盘
1946,11:07:18,37.34,11202,3,卖盘
1947,11:07:21,37.35,93363,25,买盘
1948,11:07:24,37.34,18670,5,卖盘
1949,11:07:27,37.35,70947,19,买盘
1950,11:07:30,37.35,18671,5,买盘
1951,11:07:33,37.35,63481,17,买盘
1952,11:07:36,37.35,1266148,339,买盘
1953,11:07:39,37.35,26141,7,买盘
1954,11:07:42,37.35,485541,130,买盘
1955,11:07:45,37.34,1004472,269,卖盘
1956,11:07:48,37.33,238959,64,卖盘
1957,11:07:51,37.34,578597,155,买盘
1958,11:07:54,37.33,227743,61,卖盘
1959,11:07:57,37.34,224006,60,买盘
1960,11:08:00,37.33,321024,86,卖盘
1961,11:08:03,37.34,52276,14,买盘
1962,11:08:06,37.33,126892,34,卖盘
1963,11:08:09,37.33,59715,16,买盘
1964,11:08:12,37.32,89573,24,卖盘
1965,11:08:15,37.32,14929,4,卖盘
1966,11:08:18,37.32,93300,25,卖盘
1967,11:08:21,37.33,145553,39,买盘
1968,11:08:24,37.33,473945,127,买盘
1969,11:08:27,37.33,29851,8,买盘
1970,11:08:30,37.31,14925,4,卖盘
1971,11:08:33,37.31,567334,152,卖盘
1972,11:08:36,37.32,186563,50,买盘
1973,11:08:39,37.31,208940,56,卖盘
1974,11:08:42,37.31,63414,17,中性盘
1975,11:08:45,37.32,272409,73,买盘
1976,11:08:48,37.32,149225,40,卖盘
1977,11:08:51,37.31,82073,22,中性盘
1978,11:08:54,37.3,126822,34,卖盘
1979,11:08:57,37.3,619250,166,卖盘
1980,11:09:00,37.3,212623,57,卖盘
1981,11:09:03,37.3,190230,51,卖盘
1982,11:09:06,37.29,734754,197,卖盘
1983,11:09:09,37.31,249881,67,买盘
1984,11:09:12,37.3,108178,29,卖盘
1985,11:09:15,37.3,67133,18,卖盘
1986,11:09:18,37.3,175310,47,买盘
1987,11:09:21,37.31,41032,11,买盘
1988,11:09:24,37.3,70874,19,卖盘
1989,11:09:27,37.31,257419,69,买盘
1990,11:09:30,37.3,52227,14,卖盘
1991,11:09:33,37.31,264875,71,买盘
1992,11:09:36,37.31,279817,75,买盘
1993,11:09:39,37.31,332050,89,卖盘
1994,11:09:42,37.31,123103,33,买盘
1995,11:09:45,37.31,55965,15,卖盘
1996,11:09:48,37.31,82082,22,卖盘
1997,11:09:51,37.31,477568,128,卖盘
1998,11:09:54,37.31,1898725,509,买盘
1999,11:09:57,37.3,324560,87,卖盘
2000,11:10:00,37.3,343162,92,卖盘
2001,11:10:03,37.3,231261,62,卖盘
2002,11:10:06,37.3,145470,39,卖盘
2003,11:10:09,37.3,179040,48,卖盘
2004,11:10:12,37.3,817048,219,卖盘
2005,11:10:15,37.31,141761,38,买盘
2006,11:10:18,37.3,205183,55,卖盘
2007,11:10:21,37.31,932517,250,买盘
2008,11:10:24,37.31,414199,111,买盘
2009,11:10:27,37.3,376804,101,卖盘
2010,11:10:30,37.31,115649,31,买盘
2011,11:10:33,37.32,41041,11,买盘
2012,11:10:36,37.31,216418,58,买盘
2013,11:10:39,37.31,119398,32,卖盘
2014,11:10:42,37.31,179056,48,买盘
2015,11:10:45,37.31,55963,15,买盘
2016,11:10:48,37.3,108182,29,卖盘
2017,11:10:51,37.31,67148,18,买盘
2018,11:10:54,37.3,115631,31,卖盘
2019,11:10:57,37.3,130556,35,卖盘
2020,11:11:00,37.3,37300,10,卖盘
2021,11:11:03,37.3,134295,36,卖盘
2022,11:11:06,37.3,235010,63,卖盘
2023,11:11:09,37.3,175320,47,卖盘
2024,11:11:12,37.3,44761,12,卖盘
2025,11:11:15,37.3,138010,37,卖盘
2026,11:11:18,37.3,96980,26,卖盘
2027,11:11:21,37.31,89523,24,买盘
2028,11:11:24,37.31,67143,18,买盘
2029,11:11:27,37.3,149205,40,卖盘
2030,11:11:30,37.3,55960,15,卖盘
2031,11:11:33,37.3,156664,42,卖盘
2032,11:11:36,37.3,626657,168,卖盘
2033,11:11:39,37.3,294670,79,卖盘
2034,11:11:42,37.3,138000,37,买盘
2035,11:11:45,37.29,67136,18,卖盘
2036,11:11:48,37.3,141707,38,买盘
2037,11:11:51,37.3,212588,57,买盘
2038,11:11:54,37.29,67123,18,卖盘
2039,11:11:57,37.29,89501,24,卖盘
2040,11:12:00,37.29,104413,28,卖盘
2041,11:12:03,37.3,85768,23,买盘
2042,11:12:06,37.29,82052,22,卖盘
2043,11:12:09,37.29,96959,26,卖盘
2044,11:12:12,37.29,67122,18,卖盘
2045,11:12:15,37.29,111870,30,卖盘
2046,11:12:18,37.29,108141,29,卖盘
2047,11:12:21,37.29,156621,42,卖盘
2048,11:12:24,37.29,74580,20,卖盘
2049,11:12:27,37.28,134241,36,卖盘
2050,11:12:30,37.29,305767,82,买盘
2051,11:12:33,37.28,421315,113,卖盘
2052,11:12:36,37.28,298284,80,卖盘
2053,11:12:39,37.29,134211,36,买盘
2054,11:12:42,37.29,231141,62,买盘
2055,11:12:45,37.29,171503,46,买盘
2056,11:12:48,37.28,279656,75,卖盘
2057,11:12:51,37.29,637657,171,买盘
2058,11:12:54,37.28,663689,178,卖盘
2059,11:12:57,37.28,111853,30,卖盘
2060,11:13:00,37.28,141679,38,卖盘
2061,11:13:03,37.29,96933,26,买盘
2062,11:13:06,37.28,294523,79,卖盘
2063,11:13:09,37.28,473577,127,卖盘
2064,11:13:12,37.3,1506757,404,买盘
2065,11:13:15,37.3,1421035,381,买盘
2066,11:13:18,37.3,454957,122,卖盘
2067,11:13:21,37.3,134282,36,买盘
2068,11:13:24,37.31,186503,50,买盘
2069,11:13:27,37.3,119363,32,中性盘
2070,11:13:30,37.3,134281,36,卖盘
2071,11:13:33,37.3,723601,194,卖盘
2072,11:13:36,37.29,440048,118,卖盘
2073,11:13:39,37.3,104420,28,买盘
2074,11:13:42,37.29,145457,39,卖盘
2075,11:13:45,37.29,18648,5,卖盘
2076,11:13:48,37.28,454926,122,卖盘
2077,11:13:51,37.28,93216,25,卖盘
2078,11:13:54,37.29,581709,156,买盘
2079,11:13:57,37.28,41017,11,卖盘
2080,11:14:00,37.28,145396,39,卖盘
2081,11:14:03,37.29,67112,18,买盘
2082,11:14:06,37.28,343033,92,卖盘
2083,11:14:09,37.33,7737518,2074,买盘
2084,11:14:12,37.27,3181852,853,卖盘
2085,11:14:15,37.29,756914,203,中性盘
2086,11:14:18,37.28,1197433,321,卖盘
2087,11:14:21,37.32,130620,35,买盘
2088,11:14:24,37.29,175363,47,卖盘
2089,11:14:27,37.3,346969,93,卖盘
2090,11:14:30,37.3,216332,58,卖盘
2091,11:14:33,37.3,201373,54,买盘
2092,11:14:36,37.29,59667,16,卖盘
2093,11:14:39,37.3,18649,5,买盘
2094,11:14:42,37.3,63410,17,买盘
2095,11:14:45,37.3,63403,17,买盘
2096,11:14:48,37.31,324521,87,买盘
2097,11:14:51,37.31,138006,37,买盘
2098,11:14:54,37.31,70877,19,买盘
2099,11:14:57,37.34,3605354,966,买盘
2100,11:15:00,37.34,2505875,671,卖盘
2101,11:15:03,37.34,773165,207,卖盘
2102,11:15:06,37.34,907731,243,卖盘
2103,11:15:09,37.34,589857,158,买盘
2104,11:15:12,37.35,1023414,274,买盘
2105,11:15:15,37.35,313754,84,卖盘
2106,11:15:18,37.35,112026,30,卖盘
2107,11:15:21,37.35,418306,112,卖盘
2108,11:15:24,37.35,216646,58,卖盘
2109,11:15:27,37.35,153106,41,买盘
2110,11:15:30,37.34,616064,165,卖盘
2111,11:15:33,37.34,369719,99,卖盘
2112,11:15:36,37.34,145650,39,卖盘
2113,11:15:39,37.35,250245,67,买盘
2114,11:15:42,37.34,522868,140,卖盘
2115,11:15:45,37.34,294936,79,买盘
2116,11:15:48,37.34,209101,56,买盘
2117,11:15:51,37.34,153074,41,买盘
2118,11:15:54,37.34,164263,44,买盘
2119,11:15:57,37.33,436921,117,卖盘
2120,11:16:00,37.34,280019,75,卖盘
2121,11:16:03,37.34,160527,43,买盘
2122,11:16:06,37.33,26136,7,卖盘
2123,11:16:09,37.34,85872,23,买盘
2124,11:16:12,37.34,160577,43,卖盘
2125,11:16:15,37.34,1045761,280,卖盘
2126,11:16:18,37.35,283879,76,买盘
2127,11:16:21,37.35,276343,74,卖盘
2128,11:16:24,37.34,179223,48,卖盘
2129,11:16:27,37.34,93333,25,买盘
2130,11:16:30,37.33,26133,7,卖盘
2131,11:16:33,37.34,246444,66,买盘
2132,11:16:36,37.34,362219,97,卖盘
2133,11:16:39,37.35,138180,37,买盘
2134,11:16:42,37.33,578665,155,卖盘
2135,11:16:45,37.33,168005,45,卖盘
2136,11:16:48,37.35,321174,86,买盘
2137,11:16:51,37.33,268787,72,卖盘
2138,11:16:54,37.32,298626,80,卖盘
2139,11:16:57,37.33,115711,31,买盘
2140,11:17:00,37.35,2331503,624,买盘
2141,11:17:03,37.34,881375,236,卖盘
2142,11:17:06,37.35,52281,14,买盘
2143,11:17:09,37.35,765553,205,卖盘
2144,11:17:12,37.35,481820,129,卖盘
2145,11:17:15,37.35,478195,128,卖盘
2146,11:17:18,37.36,907784,243,买盘
2147,11:17:21,37.36,496885,133,买盘
2148,11:17:24,37.36,474496,127,买盘
2149,11:17:27,37.37,205497,55,买盘
2150,11:17:30,37.36,265315,71,卖盘
2151,11:17:33,37.36,567909,152,卖盘
2152,11:17:36,37.37,310124,83,买盘
2153,11:17:39,37.36,175628,47,卖盘
2154,11:17:42,37.37,153187,41,买盘
2155,11:17:45,37.38,355026,95,买盘
2156,11:17:48,37.37,82214,22,卖盘
2157,11:17:51,37.38,89712,24,买盘
2158,11:17:54,37.38,201835,54,买盘
2159,11:17:57,37.37,48584,13,卖盘
2160,11:18:00,37.38,1240870,332,买盘
2161,11:18:03,37.38,1461571,391,买盘
2162,11:18:06,37.38,743902,199,卖盘
2163,11:18:09,37.38,433625,116,卖盘
2164,11:18:12,37.39,317734,85,买盘
2165,11:18:15,37.38,2602340,696,卖盘
2166,11:18:18,37.39,826207,221,中性盘
2167,11:18:21,37.4,1686693,451,买盘
2168,11:18:24,37.4,406893,109,买盘
2169,11:18:27,37.41,837931,224,买盘
2170,11:18:30,37.4,254336,68,卖盘
2171,11:18:33,37.41,246875,66,买盘
2172,11:18:36,37.4,175796,47,卖盘
2173,11:18:39,37.41,389046,104,买盘
2174,11:18:42,37.4,478806,128,卖盘
2175,11:18:45,37.41,1313073,351,买盘
2176,11:18:48,37.41,2963553,792,卖盘
2177,11:18:51,37.4,958213,256,卖盘
2178,11:18:54,37.41,628296,168,买盘
2179,11:18:57,37.38,388979,104,卖盘
2180,11:19:00,37.39,190691,51,中性盘
2181,11:19:03,37.39,168255,45,卖盘
2182,11:19:06,37.39,272964,73,买盘
2183,11:19:09,37.39,138339,37,买盘
2184,11:19:12,37.39,235561,63,卖盘
2185,11:19:15,37.37,2216663,593,卖盘
2186,11:19:18,37.35,384859,103,卖盘
2187,11:19:21,37.37,373522,100,买盘
2188,11:19:24,37.37,190535,51,买盘
2189,11:19:27,37.36,104611,28,中性盘
2190,11:19:30,37.37,74731,20,买盘
2191,11:19:33,37.37,138269,37,买盘
2192,11:19:36,37.37,156978,42,卖盘
2193,11:19:39,37.38,852243,228,买盘
2194,11:19:42,37.37,414859,111,卖盘
2195,11:19:45,37.38,250418,67,买盘
2196,11:19:48,37.37,347601,93,卖盘
2197,11:19:51,37.38,299038,80,买盘
2198,11:19:54,37.38,235480,63,买盘
2199,11:19:57,37.39,1237380,331,买盘
2200,11:20:00,37.38,560682,150,卖盘
2201,11:20:03,37.39,213094,57,买盘
2202,11:20:06,37.39,545679,146,买盘
2203,11:20:09,37.39,127111,34,卖盘
2204,11:20:12,37.39,52338,14,买盘
2205,11:20:15,37.39,63549,17,卖盘
2206,11:20:18,37.39,112160,30,买盘
2207,11:20:21,37.39,11217,3,买盘
2208,11:20:24,37.38,119641,32,卖盘
2209,11:20:27,37.38,164515,44,卖盘
2210,11:20:30,37.38,441095,118,卖盘
2211,11:20:33,37.38,100912,27,买盘
2212,11:20:36,37.38,306495,82,买盘
2213,11:20:39,37.37,138287,37,卖盘
2214,11:20:42,37.38,179440,48,买盘
2215,11:20:45,37.38,82220,22,买盘
2216,11:20:48,37.38,198072,53,买盘
2217,11:20:51,37.38,209293,56,买盘
2218,11:20:54,37.37,340105,91,卖盘
2219,11:20:57,37.38,149491,40,买盘
2220,11:21:00,37.38,127072,34,买盘
2221,11:21:03,37.37,71007,19,卖盘
2222,11:21:06,37.37,287791,77,卖盘
2223,11:21:09,37.37,276545,74,卖盘
2224,11:21:12,37.37,508269,136,卖盘
2225,11:21:15,37.38,112123,30,买盘
2226,11:21:18,37.38,612984,164,买盘
2227,11:21:21,37.38,168186,45,买盘
2228,11:21:24,37.37,732470,196,卖盘
2229,11:21:27,37.37,44850,12,卖盘
2230,11:21:30,37.37,224220,60,卖盘
2231,11:21:33,37.39,4190428,1121,买盘
2232,11:21:36,37.38,1506503,403,卖盘
2233,11:21:39,37.39,59810,16,买盘
2234,11:21:42,37.39,216831,58,买盘
2235,11:21:45,37.38,366344,98,卖盘
2236,11:21:48,37.38,530906,142,卖盘
2237,11:21:51,37.39,190640,51,买盘
2238,11:21:54,37.39,85976,23,买盘
2239,11:21:57,37.39,194380,52,买盘
2240,11:22:00,37.38,104674,28,卖盘
2241,11:22:03,37.39,179445,48,买盘
2242,11:22:06,37.38,104670,28,卖盘
2243,11:22:09,37.38,100945,27,卖盘
2244,11:22:12,37.39,364494,97,买盘
2245,11:22:15,37.39,115890,31,买盘
2246,11:22:18,37.38,250447,67,卖盘
2247,11:22:21,37.39,1869218,500,买盘
2248,11:22:24,37.39,454244,122,卖盘
2249,11:22:27,37.38,130831,35,卖盘
2250,11:22:30,37.38,321512,86,卖盘
2251,11:22:33,37.38,52333,14,卖盘
2252,11:22:36,37.38,85957,23,买盘
2253,11:22:39,37.37,586740,157,卖盘
2254,11:22:42,37.37,220510,59,卖盘
2255,11:22:45,37.37,119596,32,卖盘
2256,11:22:48,37.37,78485,21,卖盘
2257,11:22:51,37.37,22422,6,卖盘
2258,11:22:54,37.38,138292,37,买盘
2259,11:22:57,37.37,78477,21,卖盘
2260,11:23:00,37.38,325253,87,中性盘
2261,11:23:03,37.39,115894,31,买盘
2262,11:23:06,37.38,22428,6,卖盘
2263,11:23:09,37.38,11214,3,卖盘
2264,11:23:12,37.38,164485,44,卖盘
2265,11:23:15,37.38,228018,61,卖盘
2266,11:23:18,37.38,100932,27,卖盘
2267,11:23:21,37.37,78493,21,卖盘
2268,11:23:24,37.38,856194,229,买盘
2269,11:23:27,37.38,183156,49,买盘
2270,11:23:30,37.37,325169,87,卖盘
2271,11:23:33,37.36,216714,58,卖盘
2272,11:23:36,37.38,171874,46,买盘
2273,11:23:39,37.36,661357,177,卖盘
2274,11:23:42,37.37,85949,23,中性盘
2275,11:23:45,37.37,123298,33,卖盘
2276,11:23:48,37.37,89671,24,买盘
2277,11:23:51,37.37,52309,14,买盘
2278,11:23:54,37.35,466932,125,卖盘
2279,11:23:57,37.36,11207,3,买盘
2280,11:24:00,37.35,18677,5,卖盘
2281,11:24:03,37.34,138193,37,卖盘
2282,11:24:06,37.32,526348,141,卖盘
2283,11:24:09,37.32,227691,61,卖盘
2284,11:24:12,37.34,1795449,481,买盘
2285,11:24:15,37.34,1224751,328,买盘
2286,11:24:18,37.34,489142,131,卖盘
2287,11:24:21,37.34,444292,119,买盘
2288,11:24:24,37.33,119488,32,卖盘
2289,11:24:27,37.34,115734,31,中性盘
2290,11:24:30,37.33,272590,73,卖盘
2291,11:24:33,37.33,126933,34,卖盘
2292,11:24:36,37.32,824690,221,卖盘
2293,11:24:39,37.33,220241,59,买盘
2294,11:24:42,37.32,111967,30,卖盘
2295,11:24:45,37.32,227652,61,卖盘
2296,11:24:48,37.32,78372,21,卖盘
2297,11:24:51,37.31,119392,32,卖盘
2298,11:24:54,37.31,160447,43,卖盘
2299,11:24:57,37.3,369353,99,卖盘
2300,11:25:00,37.3,2062699,553,卖盘
2301,11:25:03,37.3,1760452,472,卖盘
2302,11:25:06,37.31,149203,40,买盘
2303,11:25:09,37.3,995808,267,卖盘
2304,11:25:12,37.29,1059050,284,卖盘
2305,11:25:15,37.29,316976,85,卖盘
2306,11:25:18,37.3,186481,50,买盘
2307,11:25:21,37.3,1025358,275,买盘
2308,11:25:24,37.3,201393,54,买盘
2309,11:25:27,37.31,220081,59,买盘
2310,11:25:30,37.3,253596,68,卖盘
2311,11:25:33,37.3,261101,70,卖盘
2312,11:25:36,37.3,432654,116,买盘
2313,11:25:39,37.29,74591,20,卖盘
2314,11:25:42,37.3,186499,50,中性盘
2315,11:25:45,37.3,37298,10,买盘
2316,11:25:48,37.29,141703,38,卖盘
2317,11:25:51,37.3,108154,29,买盘
2318,11:25:54,37.29,730908,196,卖盘
2319,11:25:57,37.3,641390,172,买盘
2320,11:26:00,37.29,167816,45,中性盘
2321,11:26:03,37.29,123064,33,卖盘
2322,11:26:06,37.29,37290,10,卖盘
2323,11:26:09,37.3,261058,70,买盘
2324,11:26:12,37.29,257301,69,卖盘
2325,11:26:15,37.28,301977,81,卖盘
2326,11:26:18,37.28,85760,23,卖盘
2327,11:26:21,37.29,685960,184,买盘
2328,11:26:24,37.29,93201,25,买盘
2329,11:26:27,37.29,257257,69,买盘
2330,11:26:30,37.29,152878,41,买盘
2331,11:26:33,37.29,413821,111,买盘
2332,11:26:36,37.28,264692,71,卖盘
2333,11:26:39,37.28,119307,32,卖盘
2334,11:26:42,37.28,164048,44,卖盘
2335,11:26:45,37.29,152885,41,买盘
2336,11:26:48,37.29,1290247,346,买盘
2337,11:26:51,37.3,1111452,298,买盘
2338,11:26:54,37.29,3152388,845,卖盘
2339,11:26:57,37.32,701250,188,买盘
2340,11:27:00,37.31,876973,235,卖盘
2341,11:27:03,37.31,44773,12,卖盘
2342,11:27:06,37.31,287318,77,卖盘
2343,11:27:09,37.3,249885,67,卖盘
2344,11:27:12,37.3,33572,9,卖盘
2345,11:27:15,37.3,167860,45,卖盘
2346,11:27:18,37.3,26110,7,卖盘
2347,11:27:21,37.3,78333,21,卖盘
2348,11:27:24,37.3,167853,45,卖盘
2349,11:27:27,37.31,164143,44,买盘
2350,11:27:30,37.29,111880,30,卖盘
2351,11:27:33,37.3,82052,22,买盘
2352,11:27:36,37.29,671141,180,卖盘
2353,11:27:39,37.3,115626,31,买盘
2354,11:27:42,37.3,128970,35,买盘
2355,11:27:45,37.3,294673,79,卖盘
2356,11:27:48,37.3,68707,18,卖盘
2357,11:27:51,37.31,220092,59,买盘
2358,11:27:54,37.3,193998,52,中性盘
2359,11:27:57,37.3,205155,55,卖盘
2360,11:28:00,37.3,70872,19,卖盘
2361,11:28:03,37.3,119383,32,卖盘
2362,11:28:06,37.3,111904,30,卖盘
2363,11:28:09,37.3,29840,8,卖盘
2364,11:28:12,37.29,82046,22,卖盘
2365,11:28:15,37.29,74585,20,卖盘
2366,11:28:18,37.3,3730,1,买盘
2367,11:28:21,37.3,171542,46,买盘
2368,11:28:24,37.29,123077,33,卖盘
2369,11:28:27,37.3,152893,41,买盘
2370,11:28:30,37.28,443705,119,卖盘
2371,11:28:33,37.29,521965,140,买盘
2372,11:28:36,37.29,227469,61,卖盘
2373,11:28:39,37.28,41015,11,卖盘
2374,11:28:42,37.29,82029,22,中性盘
2375,11:28:45,37.28,562928,151,卖盘
2376,11:28:48,37.27,238528,64,卖盘
2377,11:28:51,37.27,816218,219,卖盘
2378,11:28:54,37.27,37274,10,卖盘
2379,11:28:57,37.27,156551,42,卖盘
2380,11:29:00,37.27,193811,52,卖盘
2381,11:29:03,37.28,160275,43,买盘
2382,11:29:06,37.27,115538,31,卖盘
2383,11:29:09,37.28,175184,47,买盘
2384,11:29:12,37.28,152826,41,买盘
2385,11:29:15,37.28,63369,17,买盘
2386,11:29:18,37.29,868728,233,买盘
2387,11:29:21,37.28,223664,60,卖盘
2388,11:29:24,37.28,26097,7,卖盘
2389,11:29:27,37.29,108127,29,买盘
2390,11:29:30,37.29,55926,15,买盘
2391,11:29:33,37.28,801603,215,卖盘
2392,11:29:36,37.28,279553,75,买盘
2393,11:29:39,37.28,197584,53,买盘
2394,11:29:42,37.27,313139,84,卖盘
2395,11:29:45,37.27,26093,7,卖盘
2396,11:29:48,37.28,424925,114,买盘
2397,11:29:51,37.28,249781,67,卖盘
2398,11:29:54,37.27,40997,11,卖盘
2399,11:29:57,37.28,41008,11,买盘
2400,11:30:00,37.28,29822,8,买盘
2401,13:00:00,37.27,3287404,882,卖盘
2402,13:00:03,37.26,4535901,1217,卖盘
2403,13:00:06,37.26,1847995,496,卖盘
2404,13:00:09,37.26,327863,88,买盘
2405,13:00:12,37.26,424677,114,买盘
2406,13:00:15,37.23,2029615,545,卖盘
2407,13:00:18,37.22,409509,110,卖盘
2408,13:00:21,37.23,290346,78,买盘
2409,13:00:24,37.23,2842662,764,买盘
2410,13:00:27,37.22,814873,219,中性盘
2411,13:00:30,37.23,1098346,295,买盘
2412,13:00:33,37.21,595651,160,卖盘
2413,13:00:36,37.25,219681,59,中性盘
2414,13:00:39,37.26,249530,67,买盘
2415,13:00:42,37.26,484243,130,买盘
2416,13:00:45,37.24,476675,128,卖盘
2417,13:00:48,37.26,301566,81,买盘
2418,13:00:51,37.24,7448,2,中性盘
2419,13:00:54,37.25,1162464,312,卖盘
2420,13:00:57,37.26,208662,56,卖盘
2421,13:01:00,37.26,163943,44,卖盘
2422,13:01:03,37.27,521767,140,买盘
2423,13:01:06,37.27,100616,27,买盘
2424,13:01:09,37.26,167672,45,卖盘
2425,13:01:12,37.29,2504394,672,买盘
2426,13:01:15,37.27,1026020,275,卖盘
2427,13:01:18,37.26,1054570,283,卖盘
2428,13:01:21,37.26,435864,117,买盘
2429,13:01:24,37.23,420877,113,卖盘
2430,13:01:27,37.24,338845,91,中性盘
2431,13:01:30,37.26,625881,168,买盘
2432,13:01:33,37.27,1412191,379,买盘
2433,13:01:36,37.28,975684,262,买盘
2434,13:01:39,37.28,208762,56,买盘
2435,13:01:42,37.26,685605,184,卖盘
2436,13:01:45,37.27,22365,6,中性盘
2437,13:01:48,37.28,529005,142,中性盘
2438,13:01:51,37.27,33550,9,卖盘
2439,13:01:54,37.27,63356,17,买盘
2440,13:01:57,37.26,163956,44,卖盘
2441,13:02:00,37.26,163961,44,卖盘
2442,13:02:03,37.26,3726,1,卖盘
2443,13:02:06,37.27,104336,28,买盘
2444,13:02:09,37.27,846019,227,买盘
2445,13:02:12,37.27,286953,77,卖盘
2446,13:02:15,37.27,40997,11,卖盘
2447,13:02:18,37.27,52181,14,卖盘
2448,13:02:21,37.26,186332,50,卖盘
2449,13:02:24,37.26,115508,31,卖盘
2450,13:02:27,37.27,424800,114,买盘
2451,13:02:30,37.26,249643,67,卖盘
2452,13:02:33,37.26,525498,141,卖盘
2453,13:02:36,37.27,249670,67,买盘
2454,13:02:39,37.27,298150,80,买盘
2455,13:02:42,37.27,309360,83,卖盘
2456,13:02:45,37.28,682058,183,买盘
2457,13:02:48,37.29,1163237,312,买盘
2458,13:02:51,37.29,1025421,275,买盘
2459,13:02:54,37.29,305718,82,中性盘
2460,13:02:57,37.28,835263,224,卖盘
2461,13:03:00,37.3,287097,77,买盘
2462,13:03:03,37.28,581528,156,卖盘
2463,13:03:06,37.29,55927,15,买盘
2464,13:03:09,37.29,74580,20,买盘
2465,13:03:12,37.28,469738,126,卖盘
2466,13:03:15,37.29,652331,175,买盘
2467,13:03:18,37.27,193835,52,卖盘
2468,13:03:21,37.28,700965,188,卖盘
2469,13:03:24,37.29,529413,142,买盘
2470,13:03:27,37.28,1010195,271,卖盘
2471,13:03:30,37.29,152876,41,买盘
2472,13:03:33,37.3,1800909,483,买盘
2473,13:03:36,37.29,178992,48,卖盘
2474,13:03:39,37.3,178990,48,买盘
2475,13:03:42,37.29,488442,131,卖盘
2476,13:03:45,37.29,682342,183,买盘
2477,13:03:48,37.29,316964,85,卖盘
2478,13:03:51,37.3,947420,254,买盘
2479,13:03:54,37.29,473594,127,卖盘
2480,13:03:57,37.28,443650,119,卖盘
2481,13:04:00,37.31,373041,100,买盘
2482,13:04:03,37.3,473656,127,卖盘
2483,13:04:06,37.3,164120,44,买盘
2484,13:04:09,37.29,186461,50,卖盘
2485,13:04:12,37.29,74599,20,卖盘
2486,13:04:15,37.31,1517999,407,买盘
2487,13:04:18,37.31,734792,197,买盘
2488,13:04:21,37.31,238764,64,买盘
2489,13:04:24,37.3,802236,215,卖盘
2490,13:04:27,37.31,89544,24,买盘
2491,13:04:30,37.31,1323994,355,买盘
2492,13:04:33,37.31,522291,140,买盘
2493,13:04:36,37.31,369369,99,买盘
2494,13:04:39,37.3,126835,34,卖盘
2495,13:04:42,37.31,11193,3,买盘
2496,13:04:45,37.3,7460,2,卖盘
2497,13:04:48,37.31,145496,39,买盘
2498,13:04:51,37.32,958872,257,买盘
2499,13:04:54,37.32,1371786,368,买盘
2500,13:04:57,37.33,447705,120,买盘
2501,13:05:00,37.34,742801,199,买盘
2502,13:05:03,37.33,1172369,314,卖盘
2503,13:05:06,37.33,440494,118,买盘
2504,13:05:09,37.33,44805,12,卖盘
2505,13:05:12,37.34,362124,97,买盘
2506,13:05:15,37.34,238971,64,买盘
2507,13:05:18,37.33,272522,73,卖盘
2508,13:05:21,37.33,52262,14,卖盘
2509,13:05:24,37.33,563684,151,卖盘
2510,13:05:27,37.34,541291,145,买盘
2511,13:05:30,37.31,455263,122,卖盘
2512,13:05:36,37.33,70927,19,买盘
2513,13:05:39,37.33,29860,8,买盘
2514,13:05:42,37.32,832265,223,卖盘
2515,13:05:45,37.33,589544,158,买盘
2516,13:05:48,37.3,541001,145,卖盘
2517,13:05:51,37.32,231379,62,卖盘
2518,13:05:54,37.32,48516,13,买盘
2519,13:05:57,37.31,123129,33,卖盘
2520,13:06:00,37.3,216388,58,卖盘
2521,13:06:03,37.32,358133,96,买盘
2522,13:06:06,37.31,41041,11,中性盘
2523,13:06:09,37.3,432868,116,卖盘
2524,13:06:12,37.31,302132,81,中性盘
2525,13:06:15,37.31,179072,48,卖盘
2526,13:06:18,37.32,18656,5,买盘
2527,13:06:21,37.31,70900,19,卖盘
2528,13:06:24,37.31,540944,145,卖盘
2529,13:06:27,37.31,276094,74,买盘
2530,13:06:30,37.31,7462,2,买盘
2531,13:06:33,37.3,701251,188,卖盘
2532,13:06:36,37.31,145509,39,买盘
2533,13:06:39,37.3,354357,95,卖盘
2534,13:06:42,37.33,1317251,353,买盘
2535,13:06:45,37.32,22393,6,中性盘
2536,13:06:48,37.32,2994913,803,中性盘
2537,13:06:51,37.31,1593968,427,中性盘
2538,13:06:54,37.31,67165,18,卖盘
2539,13:06:57,37.32,182862,49,买盘
2540,13:07:00,37.32,41052,11,卖盘
2541,13:07:03,37.32,813576,218,卖盘
2542,13:07:06,37.33,1523008,408,买盘
2543,13:07:09,37.31,503738,135,卖盘
2544,13:07:12,37.32,313531,84,卖盘
2545,13:07:15,37.32,3732,1,买盘
2546,13:07:18,37.31,70899,19,卖盘
2547,13:07:21,37.31,339529,91,卖盘
2548,13:07:24,37.31,3731,1,买盘
2549,13:07:27,37.3,167862,45,卖盘
2550,13:07:33,37.31,458828,123,买盘
2551,13:07:36,37.31,485019,130,买盘
2552,13:07:39,37.31,22386,6,买盘
2553,13:07:42,37.31,1097059,294,卖盘
2554,13:07:45,37.31,145509,39,买盘
2555,13:07:48,37.32,33588,9,买盘
2556,13:07:51,37.3,600627,161,卖盘
2557,13:07:54,37.32,186569,50,买盘
2558,13:07:57,37.31,104468,28,卖盘
2559,13:08:00,37.33,279964,75,买盘
2560,13:08:03,37.31,723994,194,卖盘
2561,13:08:06,37.33,862130,231,买盘
2562,13:08:09,37.32,298582,80,中性盘
2563,13:08:12,37.31,638077,171,卖盘
2564,13:08:15,37.31,26117,7,买盘
2565,13:08:18,37.33,634420,170,买盘
2566,13:08:21,37.32,202957,54,买盘
2567,13:08:24,37.3,257419,69,卖盘
2568,13:08:27,37.32,63443,17,买盘
2569,13:08:30,37.32,153012,41,买盘
2570,13:08:33,37.31,264904,71,卖盘
2571,13:08:36,37.31,186550,50,买盘
2572,13:08:39,37.32,354441,95,买盘
2573,13:08:42,37.32,205257,55,买盘
2574,13:08:45,37.32,52248,14,买盘
2575,13:08:48,37.31,294756,79,卖盘
2576,13:08:51,37.32,160458,43,买盘
2577,13:08:54,37.32,111960,30,买盘
2578,13:08:57,37.32,772324,207,买盘
2579,13:09:00,37.31,499991,134,卖盘
2580,13:09:03,37.31,701430,188,卖盘
2581,13:09:06,37.31,768469,206,卖盘
2582,13:09:09,37.32,37318,10,买盘
2583,13:09:12,37.3,82064,22,卖盘
2584,13:09:15,37.3,3730,1,卖盘
2585,13:09:18,37.3,33570,9,卖盘
2586,13:09:21,37.3,59680,16,卖盘
2587,13:09:24,37.31,190278,51,买盘
2588,13:09:27,37.3,496090,133,卖盘
2589,13:09:30,37.3,152930,41,卖盘
2590,13:09:33,37.3,167874,45,卖盘
2591,13:09:36,37.3,18650,5,卖盘
2592,13:09:39,37.3,201437,54,卖盘
2593,13:09:42,37.3,126843,34,卖盘
2594,13:09:45,37.3,41030,11,卖盘
2595,13:09:48,37.3,130552,35,卖盘
2596,13:09:51,37.3,406576,109,卖盘
2597,13:09:54,37.3,457348,123,卖盘
2598,13:09:57,37.3,14920,4,买盘
2599,13:10:00,37.3,67140,18,买盘
2600,13:10:03,37.29,11187,3,卖盘
2601,13:10:06,37.3,26110,7,买盘
2602,13:10:09,37.3,55943,15,买盘
2603,13:10:12,37.3,279696,75,买盘
2604,13:10:15,37.3,145435,39,买盘
2605,13:10:18,37.29,22374,6,卖盘
2606,13:10:21,37.29,544434,146,卖盘
2607,13:10:24,37.29,96960,26,卖盘
2608,13:10:27,37.29,78309,21,卖盘
2609,13:10:30,37.3,26106,7,买盘
2610,13:10:33,37.29,298340,80,卖盘
2611,13:10:36,37.3,451210,121,买盘
2612,13:10:39,37.29,44749,12,卖盘
2613,13:10:42,37.29,167805,45,卖盘
2614,13:10:45,37.29,268490,72,卖盘
2615,13:10:48,37.3,52207,14,买盘
2616,13:10:51,37.29,130520,35,卖盘
2617,13:10:54,37.29,59666,16,卖盘
2618,13:10:57,37.29,82043,22,卖盘
2619,13:11:00,37.29,44748,12,卖盘
2620,13:11:03,37.29,275946,74,卖盘
2621,13:11:06,37.28,272199,73,卖盘
2622,13:11:09,37.29,44748,12,买盘
2623,13:11:12,37.29,82028,22,买盘
2624,13:11:15,37.28,242326,65,卖盘
2625,13:11:18,37.29,488398,131,买盘
2626,13:11:21,37.28,22368,6,中性盘
2627,13:11:24,37.27,249715,67,卖盘
2628,13:11:27,37.27,63360,17,卖盘
2629,13:11:30,37.28,186353,50,买盘
2630,13:11:33,37.27,96911,26,卖盘
2631,13:11:36,37.28,2132145,572,买盘
2632,13:11:39,37.28,294550,79,买盘
2633,13:11:42,37.29,59655,16,买盘
2634,13:11:45,37.28,466014,125,卖盘
2635,13:11:48,37.28,63380,17,卖盘
2636,13:11:51,37.28,141667,38,卖盘
2637,13:11:54,37.28,26096,7,卖盘
2638,13:11:57,37.28,469626,126,买盘
2639,13:12:00,37.28,100673,27,卖盘
2640,13:12:03,37.28,44736,12,卖盘
2641,13:12:06,37.28,108116,29,卖盘
2642,13:12:09,37.28,52192,14,卖盘
2643,13:12:12,37.28,96928,26,卖盘
2644,13:12:15,37.28,85744,23,卖盘
2645,13:12:18,37.28,156576,42,买盘
2646,13:12:21,37.28,395168,106,买盘
2647,13:12:24,37.28,156559,42,买盘
2648,13:12:27,37.28,29824,8,买盘
2649,13:12:30,37.27,1170375,314,卖盘
2650,13:12:33,37.28,55923,15,卖盘
2651,13:12:36,37.28,89472,24,卖盘
2652,13:12:39,37.28,141667,38,卖盘
2653,13:12:42,37.28,134221,36,卖盘
2654,13:12:45,37.29,70848,19,买盘
2655,13:12:48,37.28,939687,252,卖盘
2656,13:12:51,37.29,11187,3,买盘
2657,13:12:54,37.28,618849,166,卖盘
2658,13:12:57,37.28,37283,10,卖盘
2659,13:13:00,37.29,11185,3,买盘
2660,13:13:03,37.29,186401,50,买盘
2661,13:13:06,37.28,190175,51,卖盘
2662,13:13:09,37.29,134237,36,买盘
2663,13:13:12,37.31,6207547,1664,买盘
2664,13:13:15,37.31,373114,100,买盘
2665,13:13:18,37.31,37317,10,卖盘
2666,13:13:21,37.31,806091,216,卖盘
2667,13:13:24,37.32,1052013,282,中性盘
2668,13:13:27,37.33,123189,33,买盘
2669,13:13:30,37.31,123123,33,卖盘
2670,13:13:33,37.31,138053,37,买盘
2671,13:13:36,37.31,111924,30,买盘
2672,13:13:39,37.31,7462,2,买盘
2673,13:13:42,37.31,82069,22,买盘
2674,13:13:45,37.31,3731,1,买盘
2675,13:13:48,37.31,67156,18,买盘
2676,13:13:51,37.3,313331,84,卖盘
2677,13:13:54,37.31,3731,1,中性盘
2678,13:13:57,37.32,89547,24,买盘
2679,13:14:00,37.31,3731,1,卖盘
2680,13:14:03,37.31,67161,18,卖盘
2681,13:14:06,37.31,37313,10,卖盘
2682,13:14:09,37.32,33580,9,买盘
2683,13:14:12,37.32,936486,251,买盘
2684,13:14:15,37.31,223860,60,卖盘
2685,13:14:18,37.32,89565,24,买盘
2686,13:14:21,37.31,48506,13,卖盘
2687,13:14:24,37.31,44772,12,卖盘
2688,13:14:27,37.32,231382,62,买盘
2689,13:14:30,37.32,309705,83,买盘
2690,13:14:33,37.32,320917,86,买盘
2691,13:14:36,37.31,1391672,373,卖盘
2692,13:14:39,37.31,33585,9,卖盘
2693,13:14:42,37.32,679048,182,买盘
2694,13:14:45,37.3,309596,83,卖盘
2695,13:14:48,37.31,85813,23,买盘
2696,13:14:51,37.3,33571,9,卖盘
2697,13:14:54,37.31,93277,25,买盘
2698,13:15:00,37.31,160433,43,卖盘
2699,13:15:03,37.31,14923,4,买盘
2700,13:15:06,37.31,895173,240,买盘
2701,13:15:09,37.31,205128,55,买盘
2702,13:15:12,37.3,18648,5,中性盘
2703,13:15:15,37.31,3731,1,买盘
2704,13:15:18,37.3,78311,21,买盘
2705,13:15:21,37.3,115611,31,买盘
2706,13:15:24,37.3,182771,49,买盘
2707,13:15:27,37.3,533364,143,卖盘
2708,13:15:30,37.3,108170,29,卖盘
2709,13:15:33,37.29,428872,115,卖盘
2710,13:15:36,37.29,74588,20,卖盘
2711,13:15:39,37.29,18647,5,卖盘
2712,13:15:42,37.3,305793,82,买盘
2713,13:15:45,37.3,134277,36,卖盘
2714,13:15:48,37.29,33567,9,卖盘
2715,13:15:51,37.29,11187,3,卖盘
2716,13:15:54,37.29,149161,40,卖盘
2717,13:15:57,37.3,167807,45,买盘
2718,13:16:00,37.29,175263,47,卖盘
2719,13:16:03,37.29,152891,41,卖盘
2720,13:16:06,37.29,1348436,362,卖盘
2721,13:16:09,37.29,150614,40,买盘
2722,13:16:12,37.28,197610,53,卖盘
2723,13:16:15,37.28,7457,2,卖盘
2724,13:16:18,37.29,231140,62,买盘
2725,13:16:21,37.28,29825,8,卖盘
2726,13:16:24,37.29,3729,1,买盘
2727,13:16:27,37.28,22373,6,卖盘
2728,13:16:30,37.29,52196,14,买盘
2729,13:16:33,37.29,115584,31,买盘
2730,13:16:36,37.28,18641,5,卖盘
2731,13:16:39,37.29,667261,179,买盘
2732,13:16:42,37.28,74560,20,中性盘
2733,13:16:45,37.28,186401,50,卖盘
2734,13:16:48,37.28,70827,19,买盘
2735,13:16:51,37.27,126733,34,卖盘
2736,13:16:54,37.27,171448,46,卖盘
2737,13:16:57,37.29,85747,23,买盘
2738,13:17:00,37.29,11186,3,买盘
2739,13:17:03,37.29,216230,58,买盘
2740,13:17:06,37.29,1368543,367,买盘
2741,13:17:09,37.29,1629571,437,买盘
2742,13:17:12,37.29,160351,43,卖盘
2743,13:17:15,37.29,44757,12,卖盘
2744,13:17:18,37.29,96955,26,卖盘
2745,13:17:21,37.29,268488,72,卖盘
2746,13:17:24,37.29,309545,83,买盘
2747,13:17:27,37.3,279683,75,买盘
2748,13:17:30,37.29,197668,53,卖盘
2749,13:17:33,37.3,179032,48,买盘
2750,13:17:36,37.29,205098,55,卖盘
2751,13:17:39,37.3,18647,5,买盘
2752,13:17:42,37.29,18645,5,卖盘
2753,13:17:45,37.3,7460,2,买盘
2754,13:17:48,37.29,149163,40,卖盘
2755,13:17:51,37.29,227470,61,卖盘
2756,13:17:54,37.29,11187,3,卖盘
2757,13:17:57,37.29,111870,30,卖盘
2758,13:18:00,37.29,566667,152,卖盘
2759,13:18:03,37.29,190169,51,卖盘
2760,13:18:06,37.29,201327,54,买盘
2761,13:18:09,37.29,85770,23,卖盘
2762,13:18:12,37.28,93216,25,卖盘
2763,13:18:15,37.29,529402,142,买盘
2764,13:18:18,37.29,14916,4,买盘
2765,13:18:21,37.29,29832,8,买盘
2766,13:18:24,37.28,14913,4,卖盘
2767,13:18:27,37.29,126781,34,买盘
2768,13:18:30,37.29,33555,9,买盘
2769,13:18:33,37.29,193863,52,买盘
2770,13:18:36,37.29,22369,6,买盘
2771,13:18:39,37.29,574162,154,买盘
2772,13:18:42,37.29,26104,7,卖盘
2773,13:18:45,37.29,93225,25,卖盘
2774,13:18:48,37.3,82060,22,买盘
2775,13:18:51,37.29,167805,45,卖盘
2776,13:18:54,37.3,462406,124,买盘
2777,13:18:57,37.29,167805,45,卖盘
2778,13:19:00,37.3,193942,52,买盘
2779,13:19:03,37.29,59677,16,卖盘
2780,13:19:06,37.3,171566,46,买盘
2781,13:19:09,37.3,2208143,592,买盘
2782,13:19:12,37.3,1234537,331,买盘
2783,13:19:15,37.29,171552,46,卖盘
2784,13:19:18,37.3,551866,148,买盘
2785,13:19:21,37.3,175286,47,买盘
2786,13:19:27,37.3,216338,58,买盘
2787,13:19:30,37.3,406570,109,买盘
2788,13:19:33,37.3,208880,56,买盘
2789,13:19:36,37.29,104439,28,卖盘
2790,13:19:39,37.3,164109,44,买盘
2791,13:19:42,37.29,67125,18,卖盘
2792,13:19:45,37.3,14919,4,买盘
2793,13:19:48,37.3,145470,39,买盘
2794,13:19:51,37.3,11190,3,买盘
2795,13:19:54,37.3,85793,23,买盘
2796,13:19:57,37.3,11189,3,买盘
2797,13:20:00,37.3,52209,14,买盘
2798,13:20:03,37.3,179035,48,买盘
2799,13:20:06,37.29,205143,55,卖盘
2800,13:20:09,37.3,74600,20,买盘
2801,13:20:12,37.29,164091,44,卖盘
2802,13:20:15,37.3,22375,6,买盘
2803,13:20:18,37.3,540838,145,买盘
2804,13:20:21,37.31,373028,100,买盘
2805,13:20:24,37.3,141730,38,中性盘
2806,13:20:27,37.31,891707,239,买盘
2807,13:20:30,37.31,1846656,495,买盘
2808,13:20:33,37.32,705044,189,买盘
2809,13:20:36,37.32,44784,12,买盘
2810,13:20:39,37.32,541037,145,买盘
2811,13:20:42,37.31,134330,36,卖盘
2812,13:20:45,37.31,186591,50,卖盘
2813,13:20:48,37.32,246287,66,买盘
2814,13:20:51,37.32,29853,8,买盘
2815,13:20:54,37.32,108213,29,买盘
2816,13:20:57,37.32,406714,109,买盘
2817,13:21:00,37.32,242564,65,买盘
2818,13:21:03,37.31,406739,109,卖盘
2819,13:21:06,37.32,138049,37,买盘
2820,13:21:09,37.32,186554,50,买盘
2821,13:21:12,37.32,395560,106,买盘
2822,13:21:15,37.32,26124,7,买盘
2823,13:21:18,37.31,70898,19,卖盘
2824,13:21:21,37.31,59699,16,卖盘
2825,13:21:24,37.31,82088,22,卖盘
2826,13:21:27,37.31,630541,169,卖盘
2827,13:21:30,37.32,429178,115,买盘
2828,13:21:33,37.32,18657,5,买盘
2829,13:21:36,37.32,115692,31,买盘
2830,13:21:39,37.32,634307,170,卖盘
2831,13:21:42,37.32,7464,2,买盘
2832,13:21:45,37.31,634214,170,卖盘
2833,13:21:48,37.32,223897,60,买盘
2834,13:21:51,37.31,37313,10,卖盘
2835,13:21:54,37.31,164171,44,卖盘
2836,13:21:57,37.31,7463,2,卖盘
2837,13:22:00,37.32,37312,10,买盘
2838,13:22:03,37.32,78361,21,买盘
2839,13:22:06,37.31,37316,10,卖盘
2840,13:22:09,37.3,466367,125,卖盘
2841,13:22:12,37.31,3731,1,买盘
2842,13:22:15,37.31,156686,42,买盘
2843,13:22:18,37.31,130582,35,买盘
2844,13:22:21,37.31,29847,8,买盘
2845,13:22:24,37.31,18652,5,买盘
2846,13:22:27,37.31,167891,45,买盘
2847,13:22:30,37.32,182823,49,买盘
2848,13:22:33,37.32,167904,45,买盘
2849,13:22:36,37.32,22387,6,买盘
2850,13:22:39,37.32,790974,212,买盘
2851,13:22:42,37.32,302260,81,买盘
2852,13:22:45,37.31,149252,40,卖盘
2853,13:22:48,37.31,1496490,401,卖盘
2854,13:22:51,37.31,294766,79,卖盘
2855,13:22:57,37.32,119413,32,买盘
2856,13:23:00,37.33,111962,30,买盘
2857,13:23:03,37.32,649248,174,卖盘
2858,13:23:06,37.32,328493,88,卖盘
2859,13:23:09,37.33,37322,10,买盘
2860,13:23:12,37.33,160495,43,买盘
2861,13:23:15,37.34,1687321,452,买盘
2862,13:23:18,37.33,209067,56,卖盘
2863,13:23:21,37.33,78406,21,卖盘
2864,13:23:24,37.33,104540,28,卖盘
2865,13:23:27,37.34,22404,6,买盘
2866,13:23:30,37.34,1459988,391,买盘
2867,13:23:33,37.35,85903,23,买盘
2868,13:23:36,37.34,410775,110,卖盘
2869,13:23:39,37.34,138185,37,卖盘
2870,13:23:42,37.34,104561,28,卖盘
2871,13:23:45,37.34,52277,14,卖盘
2872,13:23:48,37.34,97100,26,卖盘
2873,13:23:51,37.34,18670,5,卖盘
2874,13:23:54,37.34,123222,33,卖盘
2875,13:23:57,37.35,153120,41,买盘
2876,13:24:00,37.35,175518,47,买盘
2877,13:24:03,37.35,810453,217,买盘
2878,13:24:06,37.35,26143,7,买盘
2879,13:24:09,37.34,126962,34,卖盘
2880,13:24:12,37.34,104552,28,卖盘
2881,13:24:15,37.34,115765,31,卖盘
2882,13:24:18,37.34,616090,165,卖盘
2883,13:24:21,37.33,630954,169,卖盘
2884,13:24:24,37.33,126919,34,买盘
2885,13:24:27,37.32,291202,78,卖盘
2886,13:24:30,37.33,115717,31,买盘
2887,13:24:33,37.33,544900,146,买盘
2888,13:24:36,37.33,41063,11,买盘
2889,13:24:39,37.33,108241,29,卖盘
2890,13:24:42,37.33,156785,42,买盘
2891,13:24:45,37.33,55995,15,中性盘
2892,13:24:48,37.33,238916,64,卖盘
2893,13:24:51,37.33,63450,17,买盘
2894,13:24:54,37.33,74660,20,买盘
2895,13:24:57,37.33,119456,32,买盘
2896,13:25:00,37.32,231388,62,卖盘
2897,13:25:03,37.33,141836,38,买盘
2898,13:25:06,37.34,164264,44,买盘
2899,13:25:09,37.34,739270,198,买盘
2900,13:25:12,37.33,828916,222,卖盘
2901,13:25:15,37.34,67210,18,买盘
2902,13:25:18,37.33,115725,31,卖盘
2903,13:25:21,37.34,93347,25,买盘
2904,13:25:24,37.34,601171,161,买盘
2905,13:25:27,37.34,294972,79,买盘
2906,13:25:30,37.33,93329,25,卖盘
2907,13:25:33,37.33,306115,82,卖盘
2908,13:25:36,37.34,358300,96,买盘
2909,13:25:39,37.34,291248,78,买盘
2910,13:25:42,37.34,52285,14,中性盘
2911,13:25:45,37.33,134393,36,卖盘
2912,13:25:48,37.34,74663,20,买盘
2913,13:25:51,37.33,82131,22,卖盘
2914,13:25:54,37.34,3734,1,买盘
2915,13:25:57,37.34,123212,33,买盘
2916,13:26:00,37.34,108284,29,买盘
2917,13:26:03,37.34,100796,27,买盘
2918,13:26:06,37.34,63477,17,买盘
2919,13:26:09,37.33,14934,4,卖盘
2920,13:26:12,37.34,141882,38,买盘
2921,13:26:15,37.34,18670,5,买盘
2922,13:26:18,37.34,171744,46,买盘
2923,13:26:21,37.33,522623,140,卖盘
2924,13:26:24,37.33,253861,68,卖盘
2925,13:26:27,37.32,97035,26,卖盘
2926,13:26:30,37.33,44796,12,买盘
2927,13:26:33,37.33,70918,19,买盘
2928,13:26:36,37.32,123158,33,卖盘
2929,13:26:39,37.33,283669,76,买盘
2930,13:26:42,37.33,627132,168,买盘
2931,13:26:45,37.33,231441,62,买盘
2932,13:26:48,37.32,67183,18,卖盘
2933,13:26:51,37.33,7466,2,买盘
2934,13:26:54,37.34,1481980,397,买盘
2935,13:26:57,37.34,317363,85,买盘
2936,13:27:00,37.34,881115,236,买盘
2937,13:27:03,37.34,410732,110,买盘
2938,13:27:06,37.34,78415,21,卖盘
2939,13:27:09,37.34,317390,85,卖盘
2940,13:27:12,37.34,82149,22,卖盘
2941,13:27:15,37.34,41081,11,卖盘
2942,13:27:18,37.34,246444,66,卖盘
2943,13:27:21,37.36,3159784,846,买盘
2944,13:27:24,37.36,425837,114,买盘
2945,13:27:27,37.36,37359,10,买盘
2946,13:27:30,37.34,597490,160,卖盘
2947,13:27:33,37.35,433364,116,买盘
2948,13:27:36,37.36,537980,144,买盘
2949,13:27:39,37.37,41099,11,买盘
2950,13:27:42,37.37,254081,68,买盘
2951,13:27:45,37.36,186833,50,卖盘
2952,13:27:48,37.37,33633,9,买盘
2953,13:27:51,37.37,44841,12,买盘
2954,13:27:54,37.37,205529,55,买盘
2955,13:27:57,37.37,11209,3,买盘
2956,13:28:00,37.37,29891,8,买盘
2957,13:28:03,37.36,254056,68,卖盘
2958,13:28:06,37.37,134510,36,买盘
2959,13:28:09,37.37,276536,74,买盘
2960,13:28:12,37.36,63512,17,卖盘
2961,13:28:15,37.37,235394,63,买盘
2962,13:28:18,37.37,1760108,471,买盘
2963,13:28:21,37.38,519447,139,买盘
2964,13:28:24,37.38,18689,5,买盘
2965,13:28:27,37.38,706464,189,买盘
2966,13:28:30,37.39,1214855,325,买盘
2967,13:28:33,37.39,1884426,504,买盘
2968,13:28:36,37.39,429959,115,买盘
2969,13:28:39,37.39,414976,111,买盘
2970,13:28:42,37.38,164507,44,卖盘
2971,13:28:45,37.4,370200,99,买盘
2972,13:28:48,37.4,78520,21,买盘
2973,13:28:51,37.4,598268,160,买盘
2974,13:28:54,37.4,744225,199,买盘
2975,13:28:57,37.4,441217,118,买盘
2976,13:29:00,37.4,306672,82,买盘
2977,13:29:03,37.39,239340,64,卖盘
2978,13:29:06,37.4,179515,48,买盘
2979,13:29:09,37.4,2715239,726,买盘
2980,13:29:12,37.39,583409,156,卖盘
2981,13:29:15,37.4,1687169,451,中性盘
2982,13:29:18,37.4,142121,38,卖盘
2983,13:29:21,37.4,355309,95,卖盘
2984,13:29:24,37.4,299207,80,卖盘
2985,13:29:27,37.4,130903,35,卖盘
2986,13:29:30,37.4,97245,26,卖盘
2987,13:29:33,37.41,1545006,413,买盘
2988,13:29:36,37.41,632225,169,买盘
2989,13:29:39,37.41,508776,136,买盘
2990,13:29:42,37.41,41149,11,买盘
2991,13:29:45,37.4,703305,188,卖盘
2992,13:29:48,37.4,740695,198,卖盘
2993,13:29:51,37.4,157108,42,卖盘
2994,13:29:54,37.41,280566,75,卖盘
2995,13:29:57,37.41,209495,56,买盘
2996,13:30:00,37.41,763016,204,买盘
2997,13:30:03,37.41,344170,92,买盘
2998,13:30:06,37.41,374090,100,买盘
2999,13:30:09,37.41,160853,43,买盘
3000,13:30:12,37.41,175810,47,买盘
3001,13:30:15,37.4,14960,4,卖盘
3002,13:30:18,37.41,673373,180,买盘
3003,13:30:21,37.41,542420,145,买盘
3004,13:30:24,37.41,108495,29,卖盘
3005,13:30:27,37.42,1312836,351,买盘
3006,13:30:30,37.41,422739,113,卖盘
3007,13:30:33,37.41,194532,52,买盘
3008,13:30:36,37.41,205755,55,买盘
3009,13:30:39,37.41,314244,84,买盘
3010,13:30:42,37.41,314241,84,买盘
3011,13:30:45,37.41,123452,33,买盘
3012,13:30:48,37.4,202002,54,卖盘
3013,13:30:51,37.41,100990,27,买盘
3014,13:30:54,37.41,220686,59,买盘
3015,13:30:57,37.41,445169,119,买盘
3016,13:31:00,37.41,284317,76,买盘
3017,13:31:03,37.41,127198,34,卖盘
