,成交时间,成交价格,成交金额,成交量,性质
0,09:25:00,52.48,8953088,1706,卖盘
1,09:30:00,53.05,3307647,627,买盘
2,09:30:03,53.05,1221667,230,买盘
3,09:30:06,53.44,2027327,381,中性盘
4,09:30:09,53.44,1346757,252,卖盘
5,09:30:12,53.4,255867,48,卖盘
6,09:30:15,53.4,1102979,207,买盘
7,09:30:18,53.44,576291,108,买盘
8,09:30:21,53.43,766328,144,卖盘
9,09:30:24,53.02,605645,114,卖盘
10,09:30:27,52.6,631958,119,卖盘
11,09:30:30,52.83,412162,78,中性盘
12,09:30:33,52.69,347294,66,中性盘
13,09:30:36,52.7,685352,130,中性盘
14,09:30:39,52.71,210901,40,卖盘
15,09:30:42,52.6,442632,84,卖盘
16,09:30:45,52.82,152783,29,买盘
17,09:30:48,52.46,1301399,248,卖盘
18,09:30:51,52.12,652450,125,卖盘
19,09:30:54,52.41,728141,139,中性盘
20,09:30:57,52.12,146663,28,卖盘
21,09:31:00,52.11,104589,20,卖盘
22,09:31:03,52.02,1148048,220,卖盘
23,09:31:06,52.07,666961,128,卖盘
24,09:31:09,52.01,452716,87,卖盘
25,09:31:12,52.07,759790,146,买盘
26,09:31:15,52.04,895090,172,中性盘
27,09:31:18,52.03,343714,66,卖盘
28,09:31:21,52.02,535936,103,卖盘
29,09:31:24,52.0,639853,123,卖盘
30,09:31:27,52.01,161344,31,卖盘
31,09:31:30,52.01,270531,52,卖盘
32,09:31:33,52.0,249704,48,卖盘
33,09:31:36,52.0,156033,30,卖盘
34,09:31:39,51.92,1304782,251,卖盘
35,09:31:42,51.76,264481,51,卖盘
36,09:31:45,51.9,2714230,525,中性盘
37,09:31:48,51.68,305518,59,卖盘
38,09:31:51,51.76,248619,48,中性盘
39,09:31:54,51.75,506862,98,卖盘
40,09:31:57,51.7,207179,40,卖盘
41,09:32:00,51.51,645554,125,卖盘
42,09:32:03,51.89,2018014,390,买盘
43,09:32:06,51.8,160691,31,卖盘
44,09:32:09,51.77,290159,56,卖盘
45,09:32:12,51.81,693122,134,买盘
46,09:32:15,51.8,342034,66,卖盘
47,09:32:18,51.9,441631,85,中性盘
48,09:32:21,51.87,290301,56,卖盘
49,09:32:24,51.77,93276,18,卖盘
50,09:32:27,51.76,67292,13,卖盘
51,09:32:30,51.66,237960,46,卖盘
52,09:32:33,51.66,150008,29,卖盘
53,09:32:36,51.68,92958,18,中性盘
54,09:32:39,51.61,175578,34,中性盘
55,09:32:42,51.62,113647,22,中性盘
56,09:32:45,51.75,799987,155,买盘
57,09:32:48,51.61,61936,12,中性盘
58,09:32:51,51.61,201408,39,卖盘
59,09:32:54,51.61,56823,11,卖盘
60,09:32:57,51.62,165213,32,中性盘
61,09:33:00,51.61,459358,89,卖盘
62,09:33:03,51.52,360984,70,卖盘
63,09:33:06,51.53,128847,25,中性盘
64,09:33:09,51.54,113409,22,中性盘
65,09:33:12,51.5,92730,18,卖盘
66,09:33:15,51.51,36074,7,卖盘
67,09:33:18,51.5,149433,29,卖盘
68,09:33:21,51.31,772348,150,卖盘
69,09:33:24,51.4,169550,33,中性盘
70,09:33:27,51.33,97571,19,卖盘
71,09:33:30,51.3,169437,33,卖盘
72,09:33:33,51.2,205124,40,卖盘
73,09:33:36,51.21,189513,37,中性盘
74,09:33:39,51.18,189445,37,卖盘
75,09:33:42,51.18,424923,83,卖盘
76,09:33:45,51.29,189556,37,买盘
77,09:33:48,51.19,102409,20,卖盘
78,09:33:51,51.19,174128,34,卖盘
79,09:33:54,51.18,373806,73,卖盘
80,09:33:57,51.18,174041,34,卖盘
81,09:34:00,51.26,184381,36,中性盘
82,09:34:03,51.29,199727,39,买盘
83,09:34:06,51.24,123033,24,中性盘
84,09:34:09,51.43,266961,52,买盘
85,09:34:12,51.3,708915,138,卖盘
86,09:34:15,51.43,579905,113,买盘
87,09:34:18,51.45,179687,35,买盘
88,09:34:21,51.28,266975,52,卖盘
89,09:34:24,51.46,154258,30,买盘
90,09:34:27,51.46,36033,7,卖盘
91,09:34:30,51.44,72087,14,卖盘
92,09:34:33,51.47,82382,16,买盘
93,09:34:36,51.32,744586,145,卖盘
94,09:34:39,51.3,113023,22,卖盘
95,09:34:42,51.3,56467,11,卖盘
96,09:34:45,51.3,82102,16,卖盘
97,09:34:48,51.31,66717,13,中性盘
98,09:34:51,51.31,66747,13,卖盘
99,09:34:54,51.31,508033,99,卖盘
100,09:34:57,51.28,292461,57,卖盘
101,09:35:00,51.31,195148,38,中性盘
102,09:35:03,51.3,482673,94,卖盘
103,09:35:06,51.28,153975,30,卖盘
104,09:35:09,51.37,153980,30,中性盘
105,09:35:12,51.3,164301,32,卖盘
106,09:35:15,51.35,179577,35,买盘
107,09:35:18,51.3,179669,35,中性盘
108,09:35:21,51.31,184860,36,中性盘
109,09:35:24,51.37,169657,33,中性盘
110,09:35:27,51.37,154200,30,卖盘
111,09:35:30,51.39,262273,51,中性盘
112,09:35:33,51.4,190245,37,中性盘
113,09:35:36,51.38,4070002,791,卖盘
114,09:35:39,51.4,298732,58,中性盘
115,09:35:42,51.55,128734,25,买盘
116,09:35:45,51.39,102880,20,卖盘
117,09:35:48,51.3,220959,43,卖盘
118,09:35:51,51.19,696849,136,卖盘
119,09:35:54,51.17,204760,40,卖盘
120,09:35:57,51.16,128021,25,卖盘
121,09:36:00,51.28,189486,37,中性盘
122,09:36:03,51.14,71607,14,卖盘
123,09:36:06,51.13,127865,25,卖盘
124,09:36:09,51.02,3587619,702,卖盘
125,09:36:12,51.06,127555,25,买盘
126,09:36:15,51.09,132644,26,买盘
127,09:36:18,50.96,469143,92,卖盘
128,09:36:21,50.9,244440,48,卖盘
129,09:36:24,50.86,208708,41,卖盘
130,09:36:27,50.82,361288,71,卖盘
131,09:36:30,50.82,111790,22,中性盘
132,09:36:33,50.8,60942,12,中性盘
133,09:36:36,50.71,243838,48,卖盘
134,09:36:39,50.85,569496,112,中性盘
135,09:36:42,50.76,71171,14,卖盘
136,09:36:45,50.81,178144,35,中性盘
137,09:36:48,50.95,101949,20,中性盘
138,09:36:51,50.95,106995,21,卖盘
139,09:36:54,50.97,428136,84,中性盘
140,09:36:57,50.86,402481,79,卖盘
141,09:37:00,50.86,178271,35,卖盘
142,09:37:03,51.0,198404,39,买盘
143,09:37:06,50.87,91711,18,卖盘
144,09:37:09,50.89,61117,12,中性盘
145,09:37:12,50.89,214016,42,卖盘
146,09:37:15,50.89,351011,69,卖盘
147,09:37:18,50.91,91680,18,中性盘
148,09:37:21,50.78,427445,84,卖盘
149,09:37:24,50.72,486769,96,卖盘
150,09:37:27,50.69,177617,35,中性盘
151,09:37:30,50.69,339694,67,卖盘
152,09:37:33,50.68,294081,58,卖盘
153,09:37:36,50.69,299244,59,中性盘
154,09:37:39,50.7,76040,15,中性盘
155,09:37:42,50.61,288824,57,卖盘
156,09:37:45,50.61,91139,18,卖盘
157,09:37:48,50.6,106300,21,卖盘
158,09:37:51,50.63,374766,74,中性盘
159,09:37:54,50.63,55735,11,卖盘
160,09:37:57,50.8,101388,20,买盘
161,09:38:00,50.64,116568,23,卖盘
162,09:38:03,50.64,172227,34,卖盘
163,09:38:06,50.66,390910,77,中性盘
164,09:38:09,50.69,361252,71,中性盘
165,09:38:12,50.84,752918,148,中性盘
166,09:38:15,50.94,198232,39,买盘
167,09:38:18,50.7,45651,9,卖盘
168,09:38:21,50.72,218361,43,中性盘
169,09:38:24,50.92,91465,18,买盘
170,09:38:27,50.72,330312,65,卖盘
171,09:38:30,50.82,381944,75,中性盘
172,09:38:33,50.92,229126,45,中性盘
173,09:38:36,51.08,203920,40,买盘
174,09:38:39,51.05,92017,18,中性盘
175,09:38:42,50.82,305822,60,卖盘
176,09:38:45,50.92,271200,53,中性盘
177,09:38:48,51.03,173442,34,中性盘
178,09:38:51,50.91,168689,33,卖盘
179,09:38:54,51.1,448641,88,买盘
180,09:38:57,50.9,214230,42,卖盘
181,09:39:00,50.91,147924,29,中性盘
182,09:39:03,51.0,316658,62,中性盘
183,09:39:06,51.02,194737,38,中性盘
184,09:39:09,51.0,296740,58,卖盘
185,09:39:12,50.93,337912,66,卖盘
186,09:39:15,50.94,271832,53,中性盘
187,09:39:18,51.48,143545,28,买盘
188,09:39:21,50.97,204915,40,中性盘
189,09:39:24,50.97,56197,11,卖盘
190,09:39:27,50.98,168906,33,中性盘
191,09:39:30,50.97,102331,20,卖盘
192,09:39:33,50.97,302574,59,卖盘
193,09:39:36,51.05,265305,52,中性盘
194,09:39:39,51.06,200127,39,中性盘
195,09:39:42,51.02,158629,31,卖盘
196,09:39:45,51.02,2326888,456,卖盘
197,09:39:48,51.08,86836,17,中性盘
198,09:39:51,51.07,97290,19,卖盘
199,09:39:54,51.12,61359,12,中性盘
200,09:39:57,51.23,97242,19,中性盘
201,09:40:00,51.36,261190,51,买盘
202,09:40:03,51.1,209612,41,卖盘
203,09:40:06,51.1,51120,10,卖盘
204,09:40:09,51.18,97425,19,卖盘
205,09:40:12,51.42,426274,83,买盘
206,09:40:15,51.44,494163,96,中性盘
207,09:40:18,51.5,834074,162,买盘
208,09:40:21,51.5,2281448,443,买盘
209,09:40:24,51.51,257908,50,中性盘
210,09:40:27,51.51,56670,11,卖盘
211,09:40:30,51.68,144436,28,买盘
212,09:40:33,51.7,598017,116,买盘
213,09:40:36,51.66,557831,108,中性盘
214,09:40:39,51.66,175475,34,买盘
215,09:40:42,51.6,87784,17,中性盘
216,09:40:45,51.66,139220,27,买盘
217,09:40:48,51.66,103346,20,买盘
218,09:40:51,51.73,495595,96,中性盘
219,09:40:54,51.67,329740,64,卖盘
220,09:40:57,51.38,82292,16,卖盘
221,09:41:00,51.38,303257,59,卖盘
222,09:41:03,51.64,179846,35,买盘
223,09:41:06,51.52,72146,14,中性盘
224,09:41:09,51.39,144019,28,卖盘
225,09:41:12,51.48,56560,11,中性盘
226,09:41:15,51.39,149102,29,卖盘
227,09:41:18,51.4,41131,8,中性盘
228,09:41:21,51.5,246713,48,中性盘
229,09:41:24,51.39,92476,18,中性盘
230,09:41:27,51.39,138590,27,买盘
231,09:41:30,51.39,339240,66,卖盘
232,09:41:33,51.39,318608,62,卖盘
233,09:41:36,51.4,20559,4,中性盘
234,09:41:39,51.39,66847,13,卖盘
235,09:41:42,51.39,71980,14,卖盘
236,09:41:45,51.55,77325,15,买盘
237,09:41:48,51.55,92459,18,买盘
238,09:41:51,51.19,46119,9,卖盘
239,09:41:54,51.28,102565,20,卖盘
240,09:41:57,51.5,82174,16,买盘
241,09:42:00,51.29,20516,4,中性盘
242,09:42:03,51.41,61563,12,中性盘
243,09:42:06,51.41,30804,6,买盘
244,09:42:09,51.28,66801,13,卖盘
245,09:42:12,51.27,61503,12,卖盘
246,09:42:15,51.4,20560,4,买盘
247,09:42:18,51.28,92411,18,卖盘
248,09:42:21,51.36,235915,46,中性盘
249,09:42:27,51.38,112928,22,中性盘
250,09:42:30,51.34,302286,59,中性盘
251,09:42:33,51.31,179492,35,中性盘
252,09:42:36,51.29,66695,13,卖盘
253,09:42:39,51.18,133203,26,卖盘
254,09:42:42,51.25,35871,7,中性盘
255,09:42:45,51.2,46115,9,卖盘
256,09:42:48,51.26,81951,16,买盘
257,09:42:51,51.28,117819,23,买盘
258,09:42:54,51.31,246271,48,买盘
259,09:42:57,51.37,184910,36,中性盘
260,09:43:00,51.31,215622,42,卖盘
261,09:43:03,51.31,76965,15,买盘
262,09:43:06,51.31,61514,12,买盘
263,09:43:09,51.31,41070,8,中性盘
264,09:43:12,51.26,51327,10,卖盘
265,09:43:15,51.18,41008,8,卖盘
266,09:43:18,51.3,66574,13,买盘
267,09:43:21,51.22,56338,11,中性盘
268,09:43:24,51.29,56348,11,中性盘
269,09:43:27,51.18,112687,22,卖盘
270,09:43:30,51.13,265976,52,卖盘
271,09:43:33,51.15,40922,8,卖盘
272,09:43:36,51.15,30690,6,卖盘
273,09:43:39,51.18,76765,15,中性盘
274,09:43:42,51.25,35840,7,买盘
275,09:43:45,51.25,15375,3,买盘
276,09:43:48,51.18,102445,20,卖盘
277,09:43:51,51.18,122829,24,卖盘
278,09:43:54,51.18,20472,4,卖盘
279,09:43:57,51.18,86997,17,卖盘
280,09:44:00,51.11,163675,32,卖盘
281,09:44:03,51.11,97127,19,卖盘
282,09:44:06,51.1,301617,59,卖盘
283,09:44:09,51.1,327149,64,卖盘
284,09:44:12,50.95,1444511,283,卖盘
285,09:44:15,50.94,173249,34,卖盘
286,09:44:18,51.0,372023,73,买盘
287,09:44:21,50.94,157956,31,卖盘
288,09:44:24,51.0,66211,13,买盘
289,09:44:27,50.94,107032,21,卖盘
290,09:44:30,50.9,509130,100,卖盘
291,09:44:33,50.94,122278,24,中性盘
292,09:44:36,50.96,208862,41,买盘
293,09:44:39,50.93,45821,9,中性盘
294,09:44:42,50.94,50946,10,卖盘
295,09:44:45,51.02,204112,40,买盘
296,09:44:48,51.1,71505,14,买盘
297,09:44:51,51.04,245133,48,中性盘
298,09:44:54,51.05,96992,19,中性盘
299,09:44:57,51.02,20424,4,中性盘
300,09:45:00,50.97,101917,20,卖盘
301,09:45:03,50.95,81524,16,卖盘
302,09:45:06,50.9,382028,75,卖盘
303,09:45:09,50.9,66157,13,卖盘
304,09:45:12,50.92,76349,15,买盘
305,09:45:15,50.88,111985,22,卖盘
306,09:45:18,50.94,30547,6,买盘
307,09:45:21,50.97,127385,25,买盘
308,09:45:24,50.92,96762,19,卖盘
309,09:45:27,50.9,20361,4,中性盘
310,09:45:30,50.91,330909,65,中性盘
311,09:45:33,51.02,20396,4,买盘
312,09:45:36,50.91,127275,25,卖盘
313,09:45:39,50.88,91611,18,卖盘
314,09:45:42,50.88,514780,101,卖盘
315,09:45:45,50.88,76409,15,卖盘
316,09:45:48,50.81,488199,96,卖盘
317,09:45:51,50.77,309833,61,卖盘
318,09:45:54,50.8,30480,6,中性盘
319,09:45:57,50.9,264212,52,买盘
320,09:46:00,50.7,111576,22,卖盘
321,09:46:03,50.8,471893,93,买盘
322,09:46:06,50.75,35482,7,中性盘
323,09:46:09,50.66,15216,3,卖盘
324,09:46:12,50.62,820806,162,卖盘
325,09:46:15,50.6,369474,73,卖盘
326,09:46:18,50.66,192297,38,买盘
327,09:46:21,50.62,101222,20,中性盘
328,09:46:24,50.61,339023,67,中性盘
329,09:46:27,50.59,96161,19,卖盘
330,09:46:30,50.63,227669,45,买盘
331,09:46:33,50.63,101215,20,中性盘
332,09:46:36,50.6,141708,28,卖盘
333,09:46:39,50.6,55676,11,卖盘
334,09:46:42,50.61,50597,10,中性盘
335,09:46:45,50.62,101226,20,买盘
336,09:46:48,50.62,101229,20,买盘
337,09:46:51,50.61,141675,28,中性盘
338,09:46:54,50.6,247980,49,卖盘
339,09:46:57,50.62,141720,28,买盘
340,09:47:00,50.65,364601,72,买盘
341,09:47:03,50.72,146931,29,买盘
342,09:47:06,50.84,132069,26,买盘
343,09:47:09,50.83,298959,59,中性盘
344,09:47:12,50.77,147447,29,中性盘
345,09:47:15,50.84,60915,12,中性盘
346,09:47:18,50.74,40626,8,卖盘
347,09:47:21,50.74,55851,11,卖盘
348,09:47:24,50.73,101500,20,卖盘
349,09:47:27,50.76,40587,8,中性盘
350,09:47:30,50.76,40614,8,买盘
351,09:47:33,50.76,106674,21,买盘
352,09:47:36,50.84,50800,10,买盘
353,09:47:39,50.73,472313,93,卖盘
354,09:47:42,50.82,15252,3,中性盘
355,09:47:45,50.89,40618,8,买盘
356,09:47:48,50.76,91389,18,中性盘
357,09:47:51,50.88,71113,14,中性盘
358,09:47:54,50.73,167497,33,卖盘
359,09:47:57,50.77,10155,2,中性盘
360,09:48:00,50.77,55837,11,买盘
361,09:48:03,50.72,131919,26,卖盘
362,09:48:06,50.72,45646,9,买盘
363,09:48:09,50.73,25365,5,卖盘
364,09:48:12,50.76,40593,8,买盘
365,09:48:15,50.77,289399,57,买盘
366,09:48:18,50.89,178001,35,买盘
367,09:48:21,50.8,50809,10,中性盘
368,09:48:24,50.88,142365,28,中性盘
369,09:48:27,50.81,177905,35,中性盘
370,09:48:30,50.82,218607,43,中性盘
371,09:48:33,50.82,71193,14,卖盘
372,09:48:36,50.82,25411,5,卖盘
373,09:48:39,50.85,127077,25,中性盘
374,09:48:42,50.86,137290,27,买盘
375,09:48:45,50.85,91500,18,买盘
376,09:48:48,50.82,60983,12,卖盘
377,09:48:51,50.82,96562,19,卖盘
378,09:48:54,50.85,25423,5,买盘
379,09:48:57,50.85,91552,18,卖盘
380,09:49:00,50.85,81330,16,中性盘
381,09:49:03,50.87,76299,15,买盘
382,09:49:06,50.85,167800,33,中性盘
383,09:49:09,50.85,111842,22,卖盘
384,09:49:12,50.85,45744,9,中性盘
385,09:49:15,50.82,66070,13,卖盘
386,09:49:18,50.82,35575,7,卖盘
387,09:49:21,50.87,172878,34,买盘
388,09:49:24,50.84,157719,31,卖盘
389,09:49:27,50.84,15255,3,卖盘
390,09:49:30,50.88,20353,4,卖盘
391,09:49:33,50.88,45796,9,卖盘
392,09:49:36,50.94,40740,8,买盘
393,09:49:39,50.89,35635,7,中性盘
394,09:49:42,50.88,147615,29,卖盘
395,09:49:45,50.91,25446,5,中性盘
396,09:49:48,50.92,152653,30,中性盘
397,09:49:51,50.91,91633,18,卖盘
398,09:49:54,50.94,45819,9,买盘
399,09:49:57,50.84,86443,17,卖盘
400,09:50:00,50.95,254693,50,买盘
401,09:50:03,50.96,35666,7,买盘
402,09:50:06,51.05,2733576,536,买盘
403,09:50:09,51.11,311594,61,买盘
404,09:50:12,51.5,348779,68,买盘
405,09:50:15,51.12,215022,42,卖盘
406,09:50:18,51.26,112555,22,买盘
407,09:50:21,51.13,40930,8,卖盘
408,09:50:24,51.27,122992,24,买盘
409,09:50:27,51.28,220449,43,买盘
410,09:50:30,51.26,605499,118,卖盘
411,09:50:33,51.28,235954,46,买盘
412,09:50:36,51.29,560409,109,中性盘
413,09:50:39,51.3,41038,8,中性盘
414,09:50:42,51.44,35994,7,买盘
415,09:50:45,51.48,118303,23,买盘
416,09:50:48,51.55,1060800,206,买盘
417,09:50:51,51.59,1052607,204,中性盘
418,09:50:54,51.49,365951,71,卖盘
419,09:50:57,51.69,134305,26,买盘
420,09:51:00,51.72,248226,48,买盘
421,09:51:03,51.61,858867,166,卖盘
422,09:51:06,51.68,51631,10,中性盘
423,09:51:09,51.76,356919,69,买盘
424,09:51:12,52.16,728039,140,买盘
425,09:51:15,52.03,88451,17,中性盘
426,09:51:18,52.07,124946,24,买盘
427,09:51:21,52.07,140559,27,卖盘
428,09:51:24,52.09,166859,32,中性盘
429,09:51:27,52.16,125151,24,买盘
430,09:51:30,52.1,344630,66,卖盘
431,09:51:33,52.09,104376,20,卖盘
432,09:51:36,52.27,67885,13,买盘
433,09:51:39,52.22,235280,45,卖盘
434,09:51:42,52.28,104528,20,中性盘
435,09:51:45,52.28,5228,1,卖盘
436,09:51:48,52.28,36607,7,卖盘
437,09:51:51,52.38,151887,29,买盘
438,09:51:54,52.38,455702,87,卖盘
439,09:51:57,52.42,497939,95,买盘
440,09:52:00,52.46,204346,39,买盘
441,09:52:03,52.45,162490,31,中性盘
442,09:52:06,52.45,1198016,228,买盘
443,09:52:09,52.45,278439,53,中性盘
444,09:52:12,52.47,68147,13,买盘
445,09:52:15,52.42,676261,129,卖盘
446,09:52:18,52.4,707808,135,卖盘
447,09:52:21,52.28,52286,10,卖盘
448,09:52:24,52.28,377214,72,中性盘
449,09:52:27,52.16,287206,55,卖盘
450,09:52:30,52.19,350510,67,中性盘
451,09:52:33,52.26,188081,36,卖盘
452,09:52:36,52.17,140975,27,卖盘
453,09:52:42,52.17,940805,180,卖盘
454,09:52:45,52.26,78383,15,中性盘
455,09:52:48,52.31,434249,83,买盘
456,09:52:51,52.41,78587,15,买盘
457,09:52:54,52.45,367081,70,买盘
458,09:52:57,52.45,293746,56,卖盘
459,09:53:00,52.4,413854,79,卖盘
460,09:53:03,52.48,435535,83,买盘
461,09:53:06,52.5,21000,4,买盘
462,09:53:09,52.65,357430,68,买盘
463,09:53:12,52.65,47378,9,买盘
464,09:53:15,52.8,63255,12,买盘
465,09:53:18,52.86,126609,24,中性盘
466,09:53:21,52.85,364479,69,中性盘
467,09:53:24,52.73,126730,24,中性盘
468,09:53:27,52.73,131991,25,卖盘
469,09:53:30,52.66,221290,42,卖盘
470,09:53:33,52.69,357973,68,买盘
471,09:53:36,52.66,690914,131,中性盘
472,09:53:39,52.81,195267,37,买盘
473,09:53:42,52.85,279905,53,中性盘
474,09:53:45,52.8,385850,73,买盘
475,09:53:48,52.8,465166,88,中性盘
476,09:53:51,52.8,21120,4,卖盘
477,09:53:54,52.97,111186,21,买盘
478,09:53:57,52.86,126847,24,中性盘
479,09:54:00,52.93,58156,11,中性盘
480,09:54:03,52.6,1380258,262,卖盘
481,09:54:06,52.67,242256,46,买盘
482,09:54:09,52.69,484932,92,买盘
483,09:54:12,52.69,384968,73,卖盘
484,09:54:15,52.91,264599,50,买盘
485,09:54:18,52.95,31770,6,买盘
486,09:54:21,52.81,386037,73,卖盘
487,09:54:24,52.69,26385,5,卖盘
488,09:54:27,52.86,258983,49,中性盘
489,09:54:30,52.81,195543,37,卖盘
490,09:54:33,52.88,354152,67,买盘
491,09:54:36,52.84,111044,21,卖盘
492,09:54:39,52.88,195595,37,买盘
493,09:54:42,52.82,89811,17,中性盘
494,09:54:45,52.79,316543,60,中性盘
495,09:54:48,52.69,258584,49,卖盘
496,09:54:51,52.79,100221,19,买盘
497,09:54:54,52.92,914074,173,买盘
498,09:54:57,52.97,699325,132,买盘
499,09:55:00,53.04,121924,23,买盘
500,09:55:03,53.04,557774,105,卖盘
501,09:55:06,53.0,21204,4,卖盘
502,09:55:09,53.04,238672,45,买盘
503,09:55:12,53.05,270703,51,中性盘
504,09:55:15,53.09,515263,97,买盘
505,09:55:18,53.04,853663,161,卖盘
506,09:55:21,53.05,466515,88,买盘
507,09:55:24,53.05,26535,5,中性盘
508,09:55:27,53.14,127527,24,买盘
509,09:55:30,53.09,426147,80,卖盘
510,09:55:33,53.14,180700,34,卖盘
511,09:55:36,53.11,255081,48,中性盘
512,09:55:39,53.06,63751,12,卖盘
513,09:55:42,53.08,106247,20,中性盘
514,09:55:45,53.08,79674,15,买盘
515,09:55:48,53.09,47808,9,中性盘
516,09:55:51,53.09,377758,71,卖盘
517,09:55:54,53.12,244290,46,中性盘
518,09:55:57,53.12,21256,4,买盘
519,09:56:00,53.1,392841,74,卖盘
520,09:56:03,53.1,408777,77,买盘
521,09:56:06,53.01,185571,35,卖盘
522,09:56:09,53.02,143154,27,买盘
523,09:56:12,53.06,106049,20,中性盘
524,09:56:15,53.21,648297,122,买盘
525,09:56:18,53.27,90565,17,买盘
526,09:56:21,53.46,453939,85,买盘
527,09:56:24,53.08,410007,77,卖盘
528,09:56:27,53.06,339793,64,卖盘
529,09:56:30,52.81,498435,94,卖盘
530,09:56:33,53.13,116719,22,中性盘
531,09:56:36,53.13,53130,10,买盘
532,09:56:39,53.01,79667,15,卖盘
533,09:56:45,52.98,456084,86,卖盘
534,09:56:48,52.86,142818,27,卖盘
535,09:56:51,52.97,47596,9,买盘
536,09:56:54,52.97,21178,4,买盘
537,09:56:57,52.97,116430,22,买盘
538,09:57:00,52.97,105897,20,买盘
539,09:57:03,52.87,52894,10,卖盘
540,09:57:06,52.92,15880,3,卖盘
541,09:57:09,52.87,174632,33,卖盘
542,09:57:12,52.97,116465,22,买盘
543,09:57:15,53.01,143044,27,买盘
544,09:57:18,53.01,111351,21,卖盘
545,09:57:21,53.01,31806,6,卖盘
546,09:57:24,53.08,95537,18,买盘
547,09:57:27,53.01,10602,2,卖盘
548,09:57:30,53.08,21214,4,中性盘
549,09:57:33,53.08,328518,62,买盘
550,09:57:36,53.08,111412,21,买盘
551,09:57:39,53.06,26515,5,中性盘
552,09:57:42,52.88,15864,3,卖盘
553,09:57:45,53.06,10612,2,买盘
554,09:57:48,52.87,58160,11,卖盘
555,09:57:51,52.87,21154,4,卖盘
556,09:57:57,52.88,15864,3,卖盘
557,09:58:00,52.9,10580,2,卖盘
558,09:58:03,52.81,528645,100,卖盘
559,09:58:06,52.83,865957,164,买盘
560,09:58:09,52.86,607533,115,买盘
561,09:58:12,52.9,63470,12,买盘
562,09:58:15,53.08,116669,22,买盘
563,09:58:18,53.08,90257,17,买盘
564,09:58:21,53.2,180739,34,买盘
565,09:58:24,53.23,26612,5,买盘
566,09:58:27,53.21,21290,4,卖盘
567,09:58:30,53.28,63926,12,买盘
568,09:58:33,53.38,336086,63,买盘
569,09:58:36,53.38,15998,3,买盘
570,09:58:39,53.34,256208,48,中性盘
571,09:58:42,53.38,101414,19,买盘
572,09:58:45,53.39,261592,49,买盘
573,09:58:48,53.44,256512,48,买盘
574,09:58:51,53.48,69530,13,中性盘
575,09:58:54,53.44,620389,116,卖盘
576,09:58:57,53.55,717049,134,买盘
577,09:59:00,53.55,578645,108,买盘
578,09:59:03,53.62,133916,25,买盘
579,09:59:06,53.66,467125,87,买盘
580,09:59:09,53.78,150319,28,中性盘
581,09:59:12,53.8,209679,39,买盘
582,09:59:15,53.67,1745453,325,卖盘
583,09:59:18,53.56,310890,58,卖盘
584,09:59:21,53.56,289092,54,卖盘
585,09:59:24,53.56,101897,19,中性盘
586,09:59:27,53.58,10716,2,中性盘
587,09:59:30,53.6,155383,29,买盘
588,09:59:33,53.58,123290,23,卖盘
589,09:59:36,53.6,177017,33,中性盘
590,09:59:39,53.67,236041,44,买盘
591,09:59:42,53.6,32158,6,买盘
592,09:59:45,53.72,144915,27,买盘
593,09:59:48,53.68,295473,55,中性盘
594,09:59:51,53.58,955579,178,卖盘
595,09:59:54,53.7,128870,24,中性盘
596,09:59:57,53.68,375796,70,买盘
597,10:00:00,53.66,101986,19,中性盘
598,10:00:03,53.71,155611,29,中性盘
599,10:00:06,53.7,171744,32,中性盘
600,10:00:09,53.71,85928,16,买盘
601,10:00:12,53.72,301025,56,中性盘
602,10:00:15,53.74,69834,13,中性盘
603,10:00:18,53.72,37619,7,卖盘
604,10:00:21,53.72,300803,56,卖盘
605,10:00:24,53.72,150386,28,买盘
606,10:00:27,53.75,96681,18,买盘
607,10:00:30,53.72,198780,37,卖盘
608,10:00:33,53.79,699036,130,买盘
609,10:00:36,53.75,75240,14,买盘
610,10:00:39,53.75,204227,38,买盘
611,10:00:42,53.75,542859,101,买盘
612,10:00:45,53.75,279540,52,中性盘
613,10:00:48,53.75,85999,16,买盘
614,10:00:51,53.75,462245,86,买盘
615,10:00:54,53.76,5376,1,中性盘
616,10:00:57,53.8,64535,12,买盘
617,10:01:00,53.67,1009957,188,卖盘
618,10:01:03,53.62,402946,75,卖盘
619,10:01:06,53.62,32184,6,卖盘
620,10:01:09,53.74,42956,8,买盘
621,10:01:12,53.76,150496,28,买盘
622,10:01:15,53.86,398349,74,买盘
623,10:01:18,53.78,26898,5,卖盘
624,10:01:21,53.69,386957,72,卖盘
625,10:01:24,53.61,284421,53,卖盘
626,10:01:27,53.58,353605,66,卖盘
627,10:01:30,53.64,80408,15,买盘
628,10:01:33,53.61,16090,3,卖盘
629,10:01:36,53.6,37528,7,卖盘
630,10:01:39,53.57,160754,30,卖盘
631,10:01:42,53.51,487517,91,卖盘
632,10:01:45,53.49,823578,154,卖盘
633,10:01:48,53.39,128245,24,卖盘
634,10:01:51,53.38,128121,24,卖盘
635,10:01:54,53.37,202814,38,卖盘
636,10:01:57,53.35,80047,15,卖盘
637,10:02:00,53.08,143907,27,卖盘
638,10:02:03,53.38,117415,22,买盘
639,10:02:06,53.49,26723,5,买盘
640,10:02:09,53.57,433363,81,买盘
641,10:02:12,53.52,149873,28,卖盘
642,10:02:15,53.49,272955,51,卖盘
643,10:02:18,53.58,412114,77,买盘
644,10:02:21,53.6,48242,9,中性盘
645,10:02:24,53.57,85733,16,卖盘
646,10:02:27,53.56,182087,34,中性盘
647,10:02:30,53.51,353329,66,卖盘
648,10:02:33,53.59,332121,62,买盘
649,10:02:36,53.59,203296,38,中性盘
650,10:02:39,53.59,112468,21,买盘
651,10:02:42,53.63,278433,52,买盘
652,10:02:45,53.54,337525,63,卖盘
653,10:02:48,53.6,21439,4,中性盘
654,10:02:51,53.64,69684,13,买盘
655,10:02:54,53.58,273318,51,卖盘
656,10:02:57,53.64,32181,6,买盘
657,10:03:00,53.54,450099,84,卖盘
658,10:03:03,53.51,364087,68,卖盘
659,10:03:06,53.56,246233,46,买盘
660,10:03:09,53.6,315916,59,买盘
661,10:03:12,53.55,294666,55,卖盘
662,10:03:15,53.59,348207,65,买盘
663,10:03:18,53.58,305451,57,中性盘
664,10:03:21,53.56,208831,39,卖盘
665,10:03:24,53.56,85730,16,卖盘
666,10:03:27,53.63,187534,35,买盘
667,10:03:30,53.59,58987,11,卖盘
668,10:03:33,53.56,144670,27,卖盘
669,10:03:36,53.54,353514,66,卖盘
670,10:03:39,53.53,144442,27,中性盘
671,10:03:42,53.43,85543,16,中性盘
672,10:03:45,53.43,187126,35,卖盘
673,10:03:48,53.41,251027,47,卖盘
674,10:03:51,53.37,69399,13,卖盘
675,10:03:54,53.37,112085,21,卖盘
676,10:03:57,53.32,154431,29,中性盘
677,10:04:00,53.27,106387,20,中性盘
678,10:04:03,53.11,31881,6,卖盘
679,10:04:06,53.26,228589,43,买盘
680,10:04:09,53.13,15939,3,卖盘
681,10:04:12,53.26,31956,6,买盘
682,10:04:15,53.14,53212,10,卖盘
683,10:04:18,53.18,63848,12,卖盘
684,10:04:21,53.27,90558,17,买盘
685,10:04:24,53.25,191708,36,卖盘
686,10:04:27,53.25,101189,19,卖盘
687,10:04:30,53.26,58582,11,买盘
688,10:04:33,53.2,122443,23,卖盘
689,10:04:36,53.19,79804,15,卖盘
690,10:04:39,53.17,276511,52,卖盘
691,10:04:42,53.17,79734,15,买盘
692,10:04:45,53.14,271114,51,中性盘
693,10:04:48,53.11,53119,10,卖盘
694,10:04:51,53.1,180568,34,卖盘
695,10:04:54,53.07,291929,55,卖盘
696,10:04:57,53.02,122011,23,卖盘
697,10:05:00,53.05,58328,11,买盘
698,10:05:03,53.01,286234,54,卖盘
699,10:05:06,52.81,164045,31,卖盘
700,10:05:09,52.97,164196,31,买盘
701,10:05:12,53.01,84740,16,买盘
702,10:05:15,53.01,95300,18,买盘
703,10:05:18,52.97,47691,9,卖盘
704,10:05:21,52.97,58231,11,卖盘
705,10:05:24,53.05,21208,4,买盘
706,10:05:27,53.06,169798,32,买盘
707,10:05:30,53.11,31866,6,中性盘
708,10:05:33,53.09,15934,3,中性盘
709,10:05:36,53.07,111556,21,卖盘
710,10:05:42,53.06,42457,8,卖盘
711,10:05:45,53.06,302501,57,卖盘
712,10:05:48,53.1,111438,21,买盘
713,10:05:51,53.1,228226,43,中性盘
714,10:05:54,53.1,100899,19,卖盘
715,10:05:57,53.03,291847,55,卖盘
716,10:06:00,53.02,143183,27,卖盘
717,10:06:03,53.0,206708,39,卖盘
718,10:06:06,52.95,31776,6,卖盘
719,10:06:09,52.97,37014,7,买盘
720,10:06:12,52.84,95137,18,卖盘
721,10:06:15,52.85,84536,16,买盘
722,10:06:18,52.85,158293,30,买盘
723,10:06:21,52.73,68549,13,中性盘
724,10:06:24,52.71,57981,11,卖盘
725,10:06:27,52.69,100148,19,卖盘
726,10:06:30,52.69,21076,4,卖盘
727,10:06:33,52.8,105556,20,买盘
728,10:06:36,52.7,31670,6,卖盘
729,10:06:39,52.65,363524,69,卖盘
730,10:06:42,52.54,131543,25,卖盘
731,10:06:45,52.54,21031,4,卖盘
732,10:06:48,52.52,57787,11,卖盘
733,10:06:51,52.54,63048,12,中性盘
734,10:06:54,52.65,47330,9,买盘
735,10:06:57,52.53,84054,16,卖盘
736,10:07:00,52.65,47385,9,买盘
737,10:07:03,52.65,52733,10,卖盘
738,10:07:06,52.73,36862,7,买盘
739,10:07:09,52.66,5266,1,卖盘
740,10:07:12,52.78,26381,5,买盘
741,10:07:15,52.67,321150,61,卖盘
742,10:07:18,52.55,47302,9,卖盘
743,10:07:21,52.67,100048,19,中性盘
744,10:07:24,52.6,105265,20,卖盘
745,10:07:27,52.69,78999,15,买盘
746,10:07:30,52.74,279674,53,中性盘
747,10:07:33,52.75,73874,14,卖盘
748,10:07:36,52.72,163536,31,卖盘
749,10:07:39,52.74,284817,54,卖盘
750,10:07:42,52.7,205633,39,卖盘
751,10:07:45,52.7,10538,2,买盘
752,10:07:48,52.68,15804,3,卖盘
753,10:07:51,52.6,321167,61,卖盘
754,10:07:54,52.59,26289,5,中性盘
755,10:07:57,52.59,110374,21,买盘
756,10:08:00,52.57,36795,7,中性盘
757,10:08:03,52.59,157837,30,买盘
758,10:08:06,52.68,242038,46,中性盘
759,10:08:09,52.57,115702,22,卖盘
760,10:08:12,52.61,121153,23,中性盘
761,10:08:15,52.56,52608,10,卖盘
762,10:08:18,52.53,89318,17,卖盘
763,10:08:21,52.72,289827,55,买盘
764,10:08:24,52.58,131504,25,中性盘
765,10:08:27,52.53,120892,23,卖盘
766,10:08:30,52.5,62998,12,卖盘
767,10:08:33,52.48,199490,38,卖盘
768,10:08:36,52.46,57728,11,卖盘
769,10:08:39,52.47,73503,14,中性盘
770,10:08:42,52.58,273316,52,买盘
771,10:08:45,52.58,184114,35,卖盘
772,10:08:48,52.47,115538,22,卖盘
773,10:08:51,52.46,83961,16,卖盘
774,10:08:54,52.46,36726,7,卖盘
775,10:08:57,52.47,36728,7,中性盘
776,10:09:00,52.47,26235,5,卖盘
777,10:09:03,52.49,83945,16,买盘
778,10:09:06,52.47,62949,12,买盘
779,10:09:09,52.41,104812,20,中性盘
780,10:09:12,52.4,68091,13,卖盘
781,10:09:15,52.33,57644,11,卖盘
782,10:09:18,52.47,68149,13,买盘
783,10:09:21,52.33,52400,10,卖盘
784,10:09:24,52.34,5234,1,中性盘
785,10:09:27,52.33,31403,6,卖盘
786,10:09:30,52.46,41893,8,买盘
787,10:09:33,52.46,41902,8,买盘
788,10:09:36,52.31,26155,5,卖盘
789,10:09:39,52.42,115222,22,买盘
790,10:09:42,52.32,5232,1,卖盘
791,10:09:45,52.4,120544,23,中性盘
792,10:09:48,52.49,47173,9,买盘
793,10:09:51,52.67,168370,32,买盘
794,10:09:54,52.49,73547,14,中性盘
795,10:09:57,52.48,41942,8,卖盘
796,10:10:00,52.65,84013,16,买盘
797,10:10:03,52.74,289553,55,买盘
798,10:10:06,52.6,100080,19,中性盘
799,10:10:09,52.53,89404,17,卖盘
800,10:10:12,52.6,15780,3,中性盘
801,10:10:15,52.69,26309,5,买盘
802,10:10:18,52.92,200680,38,买盘
803,10:10:21,52.8,147410,28,中性盘
804,10:10:24,52.55,26279,5,卖盘
805,10:10:27,52.52,73698,14,卖盘
806,10:10:33,52.61,105379,20,中性盘
807,10:10:36,52.8,10541,2,买盘
808,10:10:39,52.8,10560,2,买盘
809,10:10:42,52.8,58009,11,买盘
810,10:10:45,52.64,5264,1,卖盘
811,10:10:48,52.97,26388,5,买盘
812,10:10:51,52.67,137104,26,中性盘
813,10:10:54,52.7,21107,4,中性盘
814,10:10:57,52.97,10567,2,买盘
815,10:11:00,53.02,137590,26,买盘
816,10:11:03,52.97,42272,8,中性盘
817,10:11:06,52.9,15884,3,中性盘
818,10:11:09,52.9,284491,54,买盘
819,10:11:12,52.9,10561,2,买盘
820,10:11:15,52.73,5273,1,卖盘
821,10:11:18,52.9,116004,22,中性盘
822,10:11:21,52.73,47436,9,卖盘
823,10:11:24,52.58,21056,4,卖盘
824,10:11:27,52.58,136948,26,卖盘
825,10:11:30,52.6,68560,13,中性盘
826,10:11:33,52.5,99855,19,卖盘
827,10:11:36,52.6,73529,14,中性盘
828,10:11:39,52.54,110338,21,中性盘
829,10:11:42,52.54,84220,16,卖盘
830,10:11:45,52.53,141832,27,卖盘
831,10:11:48,52.54,21016,4,中性盘
832,10:11:51,52.79,253371,48,买盘
833,10:11:54,52.8,84468,16,买盘
834,10:11:57,53.0,47612,9,买盘
835,10:12:00,53.06,249382,47,买盘
836,10:12:03,53.06,153793,29,买盘
837,10:12:06,53.08,10614,2,买盘
838,10:12:09,52.95,47683,9,卖盘
839,10:12:12,53.03,84808,16,买盘
840,10:12:15,53.06,37130,7,中性盘
841,10:12:18,53.08,53007,10,买盘
842,10:12:21,52.97,216859,41,卖盘
843,10:12:24,52.88,79376,15,中性盘
844,10:12:27,52.89,10578,2,卖盘
845,10:12:30,52.88,26445,5,卖盘
846,10:12:33,52.86,63506,12,卖盘
847,10:12:39,52.82,21128,4,卖盘
848,10:12:42,52.82,26414,5,卖盘
849,10:12:45,52.81,21124,4,卖盘
850,10:12:48,52.82,132288,25,中性盘
851,10:12:54,52.89,26450,5,卖盘
852,10:12:57,53.0,74133,14,买盘
853,10:13:00,53.0,89971,17,买盘
854,10:13:06,53.0,26500,5,卖盘
855,10:13:09,53.0,21203,4,卖盘
856,10:13:12,53.02,329265,62,中性盘
857,10:13:15,53.01,53017,10,卖盘
858,10:13:18,53.0,26504,5,卖盘
859,10:13:21,52.82,137582,26,卖盘
860,10:13:24,52.82,26410,5,卖盘
861,10:13:27,52.83,42257,8,中性盘
862,10:13:30,52.82,79456,15,卖盘
863,10:13:33,52.82,79405,15,卖盘
864,10:13:36,52.83,5283,1,卖盘
865,10:13:39,52.83,15862,3,卖盘
866,10:13:42,52.84,42297,8,中性盘
867,10:13:45,52.95,58224,11,买盘
868,10:13:48,52.95,10590,2,卖盘
869,10:13:51,52.95,21180,4,卖盘
870,10:13:57,52.95,42416,8,卖盘
871,10:14:00,52.95,58246,11,卖盘
872,10:14:03,52.95,10590,2,卖盘
873,10:14:06,52.95,37067,7,卖盘
874,10:14:09,52.95,37065,7,卖盘
875,10:14:12,52.9,26460,5,卖盘
876,10:14:15,52.95,84683,16,买盘
877,10:14:18,53.03,52914,10,买盘
878,10:14:21,53.03,79353,15,买盘
879,10:14:24,52.95,63506,12,中性盘
880,10:14:27,52.84,52940,10,卖盘
881,10:14:33,52.84,42274,8,卖盘
882,10:14:36,52.84,63408,12,卖盘
883,10:14:39,52.84,26420,5,卖盘
884,10:14:42,52.85,31707,6,中性盘
885,10:14:45,52.84,84661,16,卖盘
886,10:14:48,52.84,47557,9,卖盘
887,10:14:51,52.84,95225,18,中性盘
888,10:14:54,52.84,79349,15,中性盘
889,10:14:57,52.83,84614,16,卖盘
890,10:15:00,52.85,15855,3,中性盘
891,10:15:03,52.84,15853,3,卖盘
892,10:15:06,52.83,89798,17,卖盘
893,10:15:09,52.81,31690,6,卖盘
894,10:15:12,52.77,116265,22,卖盘
895,10:15:15,52.9,5290,1,买盘
896,10:15:18,52.9,84523,16,买盘
897,10:15:21,52.9,26458,5,卖盘
898,10:15:24,52.97,21176,4,中性盘
899,10:15:27,52.9,26472,5,卖盘
900,10:15:30,52.89,21159,4,卖盘
901,10:15:36,52.86,15873,3,卖盘
902,10:15:39,52.85,21144,4,卖盘
903,10:15:42,52.85,15855,3,中性盘
904,10:15:45,52.85,31710,6,卖盘
905,10:15:48,52.91,190435,36,买盘
906,10:15:51,52.95,74072,14,买盘
907,10:15:54,52.9,68756,13,卖盘
908,10:15:57,52.9,26440,5,中性盘
909,10:16:00,52.91,47621,9,卖盘
910,10:16:03,52.98,21177,4,买盘
911,10:16:06,52.9,26452,5,卖盘
912,10:16:09,52.8,306536,58,卖盘
913,10:16:12,52.8,285273,54,卖盘
914,10:16:15,52.7,68581,13,卖盘
915,10:16:18,52.68,5268,1,卖盘
916,10:16:21,52.84,26420,5,买盘
917,10:16:24,52.7,57973,11,卖盘
918,10:16:27,52.84,21108,4,买盘
919,10:16:30,52.77,15826,3,中性盘
920,10:16:33,52.71,26360,5,卖盘
921,10:16:36,52.79,21116,4,中性盘
922,10:16:39,52.83,206028,39,买盘
923,10:16:42,52.73,15819,3,卖盘
924,10:16:45,52.76,5276,1,中性盘
925,10:16:48,52.73,52776,10,卖盘
926,10:16:51,52.7,36891,7,卖盘
927,10:16:54,52.7,26351,5,卖盘
928,10:16:57,52.7,36937,7,卖盘
929,10:17:00,52.69,31614,6,中性盘
930,10:17:06,52.7,94847,18,中性盘
931,10:17:09,52.79,137067,26,买盘
932,10:17:12,52.71,5271,1,卖盘
933,10:17:15,52.71,31622,6,卖盘
934,10:17:18,52.71,21085,4,卖盘
935,10:17:21,52.79,47481,9,买盘
936,10:17:27,52.88,295745,56,买盘
937,10:17:30,52.88,10579,2,中性盘
938,10:17:33,52.88,52898,10,买盘
939,10:17:36,52.86,95156,18,卖盘
940,10:17:39,52.92,5292,1,买盘
941,10:17:42,52.97,68846,13,买盘
942,10:17:45,52.9,26447,5,中性盘
943,10:17:48,52.98,52928,10,买盘
944,10:17:54,52.87,58188,11,卖盘
945,10:18:00,52.93,26447,5,买盘
946,10:18:03,52.85,68719,13,卖盘
947,10:18:06,52.85,21145,4,卖盘
948,10:18:09,52.85,95210,18,卖盘
949,10:18:12,52.93,47594,9,买盘
950,10:18:15,52.85,84568,16,卖盘
951,10:18:21,52.85,26426,5,卖盘
952,10:18:24,52.86,5286,1,卖盘
953,10:18:27,52.86,10572,2,卖盘
954,10:18:30,52.85,42284,8,卖盘
955,10:18:33,52.85,10570,2,卖盘
956,10:18:39,52.92,42295,8,买盘
957,10:18:42,52.85,15862,3,卖盘
958,10:18:45,52.86,37005,7,中性盘
959,10:18:48,52.86,42289,8,卖盘
960,10:18:51,52.79,433251,82,卖盘
961,10:18:54,52.74,47496,9,卖盘
962,10:18:57,52.72,47452,9,卖盘
963,10:19:00,52.71,58009,11,卖盘
964,10:19:03,52.7,100132,19,卖盘
965,10:19:06,52.76,47473,9,买盘
966,10:19:09,52.78,52778,10,买盘
967,10:19:15,52.8,95075,18,卖盘
968,10:19:18,52.78,79230,15,卖盘
969,10:19:21,52.78,36947,7,卖盘
970,10:19:24,52.76,36945,7,卖盘
971,10:19:27,52.76,68631,13,中性盘
972,10:19:30,52.8,21113,4,买盘
973,10:19:33,52.79,147824,28,中性盘
974,10:19:36,52.77,15831,3,中性盘
975,10:19:39,52.8,68616,13,买盘
976,10:19:42,52.79,26386,5,中性盘
977,10:19:45,52.76,31660,6,卖盘
978,10:19:48,52.74,68579,13,中性盘
979,10:19:51,52.72,57993,11,卖盘
980,10:19:54,52.73,31653,6,卖盘
981,10:19:57,52.7,57977,11,卖盘
982,10:20:00,52.81,732608,139,买盘
983,10:20:03,52.81,343231,65,买盘
984,10:20:06,52.8,68649,13,卖盘
985,10:20:09,52.81,68643,13,买盘
986,10:20:12,52.81,5281,1,卖盘
987,10:20:15,52.8,448827,85,卖盘
988,10:20:18,52.73,279569,53,卖盘
989,10:20:21,52.8,237571,45,中性盘
990,10:20:24,52.8,26400,5,买盘
991,10:20:27,52.71,26362,5,卖盘
992,10:20:30,52.7,195013,37,卖盘
993,10:20:33,52.66,221268,42,卖盘
994,10:20:36,52.58,173650,33,卖盘
995,10:20:39,52.56,47333,9,卖盘
996,10:20:42,52.54,21018,4,卖盘
997,10:20:45,52.5,52522,10,卖盘
998,10:20:48,52.47,26236,5,卖盘
999,10:20:51,52.45,89179,17,卖盘
1000,10:20:54,52.52,110167,21,买盘
1001,10:20:57,52.46,68269,13,卖盘
1002,10:21:00,52.46,10492,2,卖盘
1003,10:21:03,52.57,57812,11,买盘
1004,10:21:06,52.58,52559,10,买盘
1005,10:21:09,52.6,10520,2,买盘
1006,10:21:12,52.61,199899,38,中性盘
1007,10:21:18,52.63,184178,35,买盘
1008,10:21:21,52.63,205254,39,买盘
1009,10:21:24,52.66,15798,3,买盘
1010,10:21:27,52.67,21067,4,买盘
1011,10:21:30,52.72,36881,7,买盘
1012,10:21:33,52.73,68546,13,买盘
1013,10:21:36,52.8,10553,2,买盘
1014,10:21:39,52.8,26372,5,买盘
1015,10:21:42,52.8,52781,10,买盘
1016,10:21:48,52.82,42242,8,买盘
1017,10:21:51,52.81,5281,1,中性盘
1018,10:21:57,52.8,47524,9,卖盘
1019,10:22:00,52.57,247724,47,卖盘
1020,10:22:06,52.81,100229,19,买盘
1021,10:22:09,52.68,10540,2,卖盘
1022,10:22:12,52.72,73889,14,中性盘
1023,10:22:15,52.71,21084,4,卖盘
1024,10:22:18,52.81,47518,9,买盘
1025,10:22:21,52.67,5267,1,卖盘
1026,10:22:24,52.8,68570,13,买盘
1027,10:22:33,52.69,15808,3,卖盘
1028,10:22:36,52.68,15804,3,卖盘
1029,10:22:39,52.7,10539,2,买盘
1030,10:22:42,52.75,31626,6,中性盘
1031,10:22:45,52.68,57949,11,卖盘
1032,10:22:48,52.68,42144,8,买盘
1033,10:22:51,52.68,26341,5,卖盘
1034,10:22:57,52.72,21091,4,卖盘
1035,10:23:00,52.72,89670,17,卖盘
1036,10:23:03,52.71,5271,1,卖盘
1037,10:23:06,52.72,131798,25,买盘
1038,10:23:09,52.73,205780,39,卖盘
1039,10:23:12,52.8,58056,11,买盘
1040,10:23:15,52.78,36929,7,中性盘
1041,10:23:18,52.78,42183,8,买盘
1042,10:23:21,52.7,5270,1,卖盘
1043,10:23:24,52.69,10546,2,卖盘
1044,10:23:27,52.68,47412,9,卖盘
1045,10:23:30,52.68,21081,4,卖盘
1046,10:23:33,52.67,5267,1,卖盘
1047,10:23:36,52.6,68448,13,卖盘
1048,10:23:39,52.59,63105,12,卖盘
1049,10:23:42,52.56,52562,10,卖盘
1050,10:23:45,52.56,52583,10,中性盘
1051,10:23:48,52.55,73679,14,卖盘
1052,10:23:51,52.56,31527,6,中性盘
1053,10:23:54,52.5,173384,33,卖盘
1054,10:23:57,52.57,168180,32,中性盘
1055,10:24:00,52.57,36774,7,中性盘
1056,10:24:03,52.52,26262,5,卖盘
1057,10:24:06,52.7,15790,3,买盘
1058,10:24:09,52.7,15788,3,买盘
1059,10:24:12,52.58,31552,6,卖盘
1060,10:24:15,52.7,26350,5,买盘
1061,10:24:21,52.6,31558,6,卖盘
1062,10:24:30,52.62,36826,7,中性盘
1063,10:24:33,52.62,126414,24,卖盘
1064,10:24:39,52.62,21048,4,卖盘
1065,10:24:45,52.64,126307,24,中性盘
1066,10:24:48,52.68,105322,20,买盘
1067,10:24:54,52.67,5267,1,中性盘
1068,10:24:57,52.58,147283,28,卖盘
1069,10:25:00,52.59,36818,7,卖盘
1070,10:25:03,52.58,36847,7,卖盘
1071,10:25:06,52.58,26290,5,卖盘
1072,10:25:09,52.58,31544,6,中性盘
1073,10:25:15,52.66,21043,4,买盘
1074,10:25:24,52.65,31570,6,买盘
1075,10:25:27,52.61,15787,3,中性盘
1076,10:25:30,52.66,5266,1,买盘
1077,10:25:33,52.58,105196,20,卖盘
1078,10:25:36,52.64,10528,2,买盘
1079,10:25:42,52.63,15790,3,卖盘
1080,10:25:51,52.66,52629,10,买盘
1081,10:25:54,52.7,194858,37,买盘
1082,10:25:57,52.74,10544,2,买盘
1083,10:26:00,52.7,36884,7,中性盘
1084,10:26:03,52.74,5274,1,买盘
1085,10:26:06,52.79,15816,3,买盘
1086,10:26:09,52.66,21066,4,卖盘
1087,10:26:15,52.81,105576,20,买盘
1088,10:26:18,52.81,52802,10,买盘
1089,10:26:24,52.83,10566,2,买盘
1090,10:26:27,52.85,31701,6,买盘
1091,10:26:30,52.88,15860,3,买盘
1092,10:26:33,52.85,26425,5,卖盘
1093,10:26:36,52.79,47529,9,卖盘
1094,10:26:39,52.8,73863,14,中性盘
1095,10:26:42,52.67,47415,9,卖盘
1096,10:26:45,52.74,253500,48,中性盘
1097,10:26:48,52.67,100090,19,卖盘
1098,10:26:51,52.69,137112,26,中性盘
1099,10:26:54,52.69,131801,25,中性盘
1100,10:27:00,52.68,26340,5,卖盘
1101,10:27:03,52.61,57881,11,卖盘
1102,10:27:06,52.58,47337,9,卖盘
1103,10:27:09,52.57,15775,3,卖盘
1104,10:27:12,52.59,115816,22,中性盘
1105,10:27:15,52.8,21120,4,买盘
1106,10:27:18,52.67,47455,9,卖盘
1107,10:27:21,52.8,31604,6,买盘
1108,10:27:27,52.8,42229,8,买盘
1109,10:27:30,52.8,26367,5,买盘
1110,10:27:33,52.8,26400,5,买盘
1111,10:27:45,52.68,58013,11,卖盘
1112,10:27:48,52.8,10560,2,买盘
1113,10:27:54,52.69,21077,4,卖盘
1114,10:27:57,52.62,5262,1,中性盘
1115,10:28:00,52.62,84372,16,卖盘
1116,10:28:03,52.61,42089,8,卖盘
1117,10:28:06,52.73,5273,1,中性盘
1118,10:28:09,52.58,10522,2,卖盘
1119,10:28:12,52.58,15774,3,卖盘
1120,10:28:15,52.59,10518,2,卖盘
1121,10:28:18,52.59,168256,32,卖盘
1122,10:28:21,52.6,15782,3,卖盘
1123,10:28:24,52.59,31549,6,中性盘
1124,10:28:30,52.56,141953,27,卖盘
1125,10:28:36,52.61,126221,24,买盘
1126,10:28:39,52.55,47288,9,卖盘
1127,10:28:42,52.53,42117,8,中性盘
1128,10:28:45,52.68,15775,3,买盘
1129,10:28:48,52.54,15762,3,卖盘
1130,10:28:51,52.54,31566,6,卖盘
1131,10:28:54,52.55,183897,35,中性盘
1132,10:28:57,52.55,42040,8,卖盘
1133,10:29:00,52.55,36807,7,中性盘
1134,10:29:03,52.55,73674,14,卖盘
1135,10:29:06,52.56,52546,10,买盘
1136,10:29:09,52.56,10512,2,卖盘
1137,10:29:12,52.66,36838,7,买盘
1138,10:29:15,52.55,26276,5,卖盘
1139,10:29:18,52.52,26261,5,卖盘
1140,10:29:21,52.55,36785,7,买盘
1141,10:29:24,52.53,21012,4,卖盘
1142,10:29:27,52.55,31530,6,卖盘
1143,10:29:33,52.54,31528,6,卖盘
1144,10:29:36,52.52,15756,3,卖盘
1145,10:29:39,52.52,31577,6,卖盘
1146,10:29:42,52.5,105022,20,卖盘
1147,10:29:45,52.5,42000,8,卖盘
1148,10:29:48,52.51,10502,2,中性盘
1149,10:29:51,52.5,15751,3,卖盘
1150,10:29:54,52.52,5252,1,卖盘
1151,10:29:57,52.55,5255,1,中性盘
1152,10:30:00,52.51,31507,6,卖盘
1153,10:30:03,52.51,15753,3,卖盘
1154,10:30:09,52.6,126104,24,买盘
1155,10:30:12,52.6,126239,24,买盘
1156,10:30:15,52.61,52585,10,买盘
1157,10:30:18,52.65,136770,26,买盘
1158,10:30:21,52.56,94672,18,卖盘
1159,10:30:24,52.75,68482,13,买盘
1160,10:30:27,52.75,142276,27,中性盘
1161,10:30:30,52.79,95011,18,买盘
1162,10:30:33,52.73,68506,13,中性盘
1163,10:30:36,52.79,36928,7,买盘
1164,10:30:39,52.72,84437,16,卖盘
1165,10:30:45,52.73,42194,8,卖盘
1166,10:30:48,52.8,5280,1,买盘
1167,10:30:51,52.8,21125,4,买盘
1168,10:30:54,52.8,116083,22,买盘
1169,10:30:57,52.8,42240,8,买盘
1170,10:31:00,52.73,26380,5,卖盘
1171,10:31:03,52.79,10559,2,卖盘
1172,10:31:06,52.77,15835,3,卖盘
1173,10:31:09,52.88,5288,1,买盘
1174,10:31:12,52.81,15845,3,卖盘
1175,10:31:15,52.87,21144,4,中性盘
1176,10:31:18,52.81,111013,21,卖盘
1177,10:31:21,52.8,158612,30,卖盘
1178,10:31:24,52.8,47568,9,卖盘
1179,10:31:27,52.8,58080,11,卖盘
1180,10:31:30,52.77,132003,25,卖盘
1181,10:31:33,52.77,26389,5,卖盘
1182,10:31:36,52.76,105569,20,卖盘
1183,10:31:39,52.75,21100,4,卖盘
1184,10:31:42,52.87,47524,9,买盘
1185,10:31:48,52.87,195673,37,买盘
1186,10:31:51,52.85,47557,9,中性盘
1187,10:31:54,52.84,74052,14,卖盘
1188,10:31:57,52.81,31692,6,卖盘
1189,10:32:00,52.78,58084,11,卖盘
1190,10:32:03,52.77,100583,19,卖盘
1191,10:32:06,52.77,63379,12,卖盘
1192,10:32:09,52.95,10590,2,买盘
1193,10:32:12,52.81,42296,8,卖盘
1194,10:32:15,52.85,26425,5,卖盘
1195,10:32:18,53.0,90034,17,买盘
1196,10:32:21,53.0,79464,15,买盘
1197,10:32:24,52.9,26451,5,卖盘
1198,10:32:27,52.95,79470,15,卖盘
1199,10:32:30,52.92,15879,3,卖盘
1200,10:32:33,52.9,142860,27,卖盘
1201,10:32:36,52.9,26450,5,卖盘
1202,10:32:39,52.9,105800,20,卖盘
1203,10:32:42,52.9,116442,22,卖盘
1204,10:32:45,52.92,21164,4,买盘
1205,10:32:48,52.9,95255,18,卖盘
1206,10:32:51,52.9,21157,4,买盘
1207,10:32:54,52.9,68774,13,卖盘
1208,10:32:57,52.89,95206,18,卖盘
1209,10:33:00,52.9,42302,8,买盘
1210,10:33:03,52.9,153419,29,买盘
1211,10:33:06,53.0,53000,10,买盘
1212,10:33:09,53.02,111311,21,中性盘
1213,10:33:12,52.91,47668,9,卖盘
1214,10:33:15,52.92,10584,2,卖盘
1215,10:33:18,53.09,185540,35,买盘
1216,10:33:21,53.03,42461,8,中性盘
1217,10:33:24,53.03,58331,11,卖盘
1218,10:33:27,53.04,58333,11,中性盘
1219,10:33:30,52.92,15896,3,卖盘
1220,10:33:33,53.09,42472,8,买盘
1221,10:33:36,52.91,52956,10,卖盘
1222,10:33:39,52.95,15885,3,卖盘
1223,10:33:42,53.09,63707,12,买盘
1224,10:33:45,52.96,31785,6,卖盘
1225,10:33:48,53.09,58399,11,买盘
1226,10:33:51,53.09,53090,10,买盘
1227,10:33:54,52.97,58330,11,卖盘
1228,10:33:57,52.97,15891,3,卖盘
1229,10:34:00,53.09,26511,5,买盘
1230,10:34:03,53.09,68978,13,买盘
1231,10:34:06,52.97,10594,2,卖盘
1232,10:34:09,52.96,52978,10,卖盘
1233,10:34:12,52.96,164189,31,卖盘
1234,10:34:15,52.96,74264,14,卖盘
1235,10:34:18,52.96,31777,6,卖盘
1236,10:34:21,53.08,143074,27,买盘
1237,10:34:24,53.08,265315,50,买盘
1238,10:34:27,53.1,95562,18,买盘
1239,10:34:30,53.18,111540,21,买盘
1240,10:34:33,53.14,63796,12,中性盘
1241,10:34:36,53.08,69028,13,卖盘
1242,10:34:39,53.14,53122,10,买盘
1243,10:34:42,53.08,31854,6,卖盘
1244,10:34:45,53.08,47772,9,卖盘
1245,10:34:48,53.08,138083,26,卖盘
1246,10:34:51,53.14,111542,21,买盘
1247,10:34:54,53.09,69057,13,卖盘
1248,10:34:57,53.09,31849,6,买盘
1249,10:35:00,53.14,69023,13,买盘
1250,10:35:03,53.08,180665,34,卖盘
1251,10:35:06,53.09,138020,26,买盘
1252,10:35:09,53.09,74346,14,卖盘
1253,10:35:12,53.18,21245,4,买盘
1254,10:35:15,53.2,420103,79,买盘
1255,10:35:18,53.2,202124,38,买盘
1256,10:35:21,53.18,143622,27,卖盘
1257,10:35:24,53.2,111753,21,卖盘
1258,10:35:27,53.1,249970,47,卖盘
1259,10:35:30,53.14,95724,18,卖盘
1260,10:35:33,53.1,111519,21,卖盘
1261,10:35:36,53.11,90287,17,卖盘
1262,10:35:39,53.26,101026,19,买盘
1263,10:35:42,53.14,47828,9,卖盘
1264,10:35:45,53.14,5314,1,买盘
1265,10:35:48,53.11,419859,79,卖盘
1266,10:35:51,53.11,63759,12,卖盘
1267,10:35:54,53.1,5310,1,卖盘
1268,10:35:57,53.11,37171,7,中性盘
1269,10:36:00,53.09,95565,18,卖盘
1270,10:36:03,53.09,297271,56,中性盘
1271,10:36:06,53.09,164609,31,卖盘
1272,10:36:09,53.09,31871,6,卖盘
1273,10:36:12,53.09,15927,3,卖盘
1274,10:36:15,53.13,47817,9,买盘
1275,10:36:18,53.1,21240,4,卖盘
1276,10:36:21,53.14,111554,21,买盘
1277,10:36:24,53.14,122202,23,买盘
1278,10:36:27,53.13,164745,31,中性盘
1279,10:36:30,53.16,42494,8,卖盘
1280,10:36:33,53.14,26570,5,卖盘
1281,10:36:36,53.24,69182,13,买盘
1282,10:36:39,53.24,5324,1,买盘
1283,10:36:42,53.24,149064,28,买盘
1284,10:36:45,53.14,95672,18,卖盘
1285,10:36:48,53.14,63887,12,卖盘
1286,10:36:54,53.25,37234,7,买盘
1287,10:36:57,53.14,47839,9,卖盘
1288,10:37:00,53.2,5320,1,买盘
1289,10:37:03,53.2,106377,20,买盘
1290,10:37:06,53.2,148887,28,买盘
1291,10:37:09,53.2,74524,14,卖盘
1292,10:37:12,53.2,31921,6,卖盘
1293,10:37:15,53.15,85029,16,卖盘
1294,10:37:18,53.15,69093,13,买盘
1295,10:37:21,53.14,37230,7,卖盘
1296,10:37:24,53.15,42572,8,中性盘
1297,10:37:27,53.22,10644,2,买盘
1298,10:37:30,53.16,21264,4,卖盘
1299,10:37:33,53.22,10644,2,买盘
1300,10:37:36,53.24,15972,3,买盘
1301,10:37:39,53.2,15960,3,卖盘
1302,10:37:45,53.28,159749,30,买盘
1303,10:37:48,53.26,74560,14,卖盘
1304,10:37:51,53.3,47967,9,买盘
1305,10:37:54,53.3,37310,7,买盘
1306,10:37:57,53.4,53362,10,买盘
1307,10:38:00,53.39,37346,7,中性盘
1308,10:38:03,53.38,208062,39,中性盘
1309,10:38:06,53.38,128078,24,买盘
1310,10:38:09,53.38,21352,4,买盘
1311,10:38:12,53.32,165454,31,卖盘
1312,10:38:15,53.3,154577,29,卖盘
1313,10:38:18,53.3,15990,3,买盘
1314,10:38:21,53.36,85320,16,买盘
1315,10:38:24,53.3,15990,3,卖盘
1316,10:38:27,53.31,31986,6,卖盘
1317,10:38:30,53.3,170623,32,卖盘
1318,10:38:33,53.31,154612,29,买盘
1319,10:38:36,53.31,15993,3,买盘
1320,10:38:39,53.3,85334,16,卖盘
1321,10:38:42,53.29,37303,7,中性盘
1322,10:38:45,53.29,133207,25,买盘
1323,10:38:48,53.28,85246,16,卖盘
1324,10:38:51,53.27,79917,15,卖盘
1325,10:38:54,53.29,69262,13,买盘
1326,10:38:57,53.27,15971,3,中性盘
1327,10:39:00,53.26,21306,4,卖盘
1328,10:39:03,53.18,148988,28,卖盘
1329,10:39:06,53.14,74440,14,卖盘
1330,10:39:09,53.1,164701,31,卖盘
1331,10:39:12,53.0,95532,18,卖盘
1332,10:39:15,53.0,26500,5,卖盘
1333,10:39:18,53.08,31816,6,买盘
1334,10:39:21,52.99,153677,29,卖盘
1335,10:39:24,53.08,69004,13,买盘
1336,10:39:27,53.01,26506,5,卖盘
1337,10:39:30,53.05,201555,38,买盘
1338,10:39:33,53.04,26520,5,卖盘
1339,10:39:36,53.03,21215,4,卖盘
1340,10:39:42,53.08,31846,6,买盘
1341,10:39:45,53.08,419332,79,买盘
1342,10:39:48,53.19,244179,46,买盘
1343,10:39:51,53.19,53190,10,买盘
1344,10:39:54,53.13,212566,40,卖盘
1345,10:40:03,53.09,15927,3,卖盘
1346,10:40:09,53.09,90254,17,卖盘
1347,10:40:12,53.06,58371,11,中性盘
1348,10:40:15,53.05,10611,2,卖盘
1349,10:40:18,53.05,15916,3,卖盘
1350,10:40:21,53.02,832563,157,卖盘
1351,10:40:24,52.98,111258,21,卖盘
1352,10:40:27,53.05,53035,10,买盘
1353,10:40:30,53.05,63643,12,买盘
1354,10:40:33,53.05,10610,2,买盘
1355,10:40:36,53.0,53008,10,卖盘
1356,10:40:39,53.09,31830,6,买盘
1357,10:40:42,53.09,58399,11,买盘
1358,10:40:45,53.09,21236,4,买盘
1359,10:40:48,53.0,15900,3,卖盘
1360,10:40:51,53.12,106192,20,买盘
1361,10:40:54,53.01,15910,3,中性盘
1362,10:40:57,53.0,132698,25,卖盘
1363,10:41:00,53.0,5300,1,卖盘
1364,10:41:03,53.0,74205,14,卖盘
1365,10:41:06,52.99,100704,19,卖盘
1366,10:41:09,53.08,148532,28,买盘
1367,10:41:15,53.08,37129,7,买盘
1368,10:41:18,53.08,137778,26,买盘
1369,10:41:24,53.08,63656,12,买盘
1370,10:41:30,52.94,52945,10,卖盘
1371,10:41:33,53.08,37117,7,买盘
1372,10:41:36,52.95,31770,6,卖盘
1373,10:41:39,52.95,5295,1,卖盘
1374,10:41:42,52.94,15884,3,卖盘
1375,10:41:45,52.94,5294,1,卖盘
1376,10:41:51,53.04,37078,7,中性盘
1377,10:41:54,53.05,53044,10,买盘
1378,10:41:57,53.05,10610,2,买盘
1379,10:42:00,52.95,15885,3,卖盘
1380,10:42:06,53.05,31830,6,买盘
1381,10:42:09,52.96,15889,3,卖盘
1382,10:42:12,53.05,10610,2,买盘
1383,10:42:15,53.05,53050,10,买盘
1384,10:42:18,52.99,15897,3,卖盘
1385,10:42:21,52.98,105970,20,卖盘
1386,10:42:24,53.0,90095,17,买盘
1387,10:42:27,53.0,15900,3,卖盘
1388,10:42:30,53.0,5300,1,卖盘
1389,10:42:36,52.99,148406,28,卖盘
1390,10:42:39,52.95,10591,2,卖盘
1391,10:42:45,52.99,10598,2,买盘
1392,10:42:48,52.97,21185,4,中性盘
1393,10:42:51,52.99,5299,1,买盘
1394,10:42:54,53.04,37100,7,买盘
1395,10:42:57,53.0,15900,3,卖盘
1396,10:43:00,53.04,5304,1,买盘
1397,10:43:03,53.04,5304,1,买盘
1398,10:43:06,53.01,37103,7,中性盘
1399,10:43:09,53.0,95416,18,卖盘
1400,10:43:12,53.05,63656,12,买盘
1401,10:43:15,53.06,164471,31,买盘
1402,10:43:18,53.06,5306,1,买盘
1403,10:43:21,53.06,143268,27,买盘
1404,10:43:24,53.04,15914,3,卖盘
1405,10:43:27,53.03,21214,4,卖盘
1406,10:43:30,53.08,5308,1,买盘
1407,10:43:33,53.02,21209,4,卖盘
1408,10:43:36,53.03,37139,7,中性盘
1409,10:43:39,53.03,5303,1,卖盘
1410,10:43:42,53.02,15907,3,卖盘
1411,10:43:45,53.02,10604,2,卖盘
1412,10:43:48,53.08,5308,1,买盘
1413,10:43:51,53.01,21207,4,卖盘
1414,10:43:57,53.04,5304,1,中性盘
1415,10:44:00,53.05,37131,7,买盘
1416,10:44:03,53.08,90226,17,买盘
1417,10:44:09,53.08,21221,4,买盘
1418,10:44:15,53.08,10616,2,买盘
1419,10:44:18,53.08,26531,5,买盘
1420,10:44:21,53.06,21230,4,卖盘
1421,10:44:24,53.06,31844,6,卖盘
1422,10:44:27,53.03,58340,11,卖盘
1423,10:44:30,53.08,53080,10,买盘
1424,10:44:33,53.02,47716,9,卖盘
1425,10:44:36,53.01,116630,22,卖盘
1426,10:44:39,53.02,10604,2,中性盘
1427,10:44:42,53.01,175054,33,卖盘
1428,10:44:45,53.01,63615,12,卖盘
1429,10:44:48,53.08,5308,1,买盘
1430,10:44:51,53.01,26513,5,卖盘
1431,10:44:54,53.01,58311,11,卖盘
1432,10:44:57,53.01,63613,12,卖盘
1433,10:45:00,53.01,53010,10,卖盘
1434,10:45:03,53.01,37107,7,卖盘
1435,10:45:06,53.01,5301,1,卖盘
1436,10:45:12,53.01,26505,5,卖盘
1437,10:45:15,53.02,26510,5,买盘
1438,10:45:18,53.02,15906,3,买盘
1439,10:45:21,53.02,185547,35,买盘
1440,10:45:27,53.02,90182,17,卖盘
1441,10:45:30,53.01,26505,5,卖盘
1442,10:45:33,53.06,47743,9,买盘
1443,10:45:39,53.0,21201,4,卖盘
1444,10:45:42,53.0,21201,4,卖盘
1445,10:45:45,53.01,15903,3,买盘
1446,10:45:48,53.01,15905,3,卖盘
1447,10:45:57,53.05,122003,23,买盘
1448,10:46:00,53.05,74270,14,卖盘
1449,10:46:03,53.05,26525,5,卖盘
1450,10:46:06,53.0,37105,7,卖盘
1451,10:46:09,53.0,74201,14,卖盘
1452,10:46:12,53.0,63600,12,卖盘
1453,10:46:15,53.01,37101,7,买盘
1454,10:46:21,53.0,10601,2,卖盘
1455,10:46:24,53.01,212007,40,买盘
1456,10:46:27,53.0,15900,3,卖盘
1457,10:46:33,53.01,47702,9,买盘
1458,10:46:39,52.99,10598,2,买盘
1459,10:46:42,52.97,15892,3,卖盘
1460,10:46:48,52.97,21188,4,卖盘
1461,10:46:51,52.93,238343,45,卖盘
1462,10:46:54,52.89,248692,47,卖盘
1463,10:46:57,52.84,5284,1,卖盘
1464,10:47:00,52.84,15853,3,卖盘
1465,10:47:03,52.86,5286,1,卖盘
1466,10:47:06,52.85,10570,2,卖盘
1467,10:47:09,52.84,142645,27,卖盘
1468,10:47:12,52.77,26391,5,卖盘
1469,10:47:18,52.76,47490,9,卖盘
1470,10:47:24,52.73,89682,17,卖盘
1471,10:47:27,52.73,21092,4,卖盘
1472,10:47:30,52.72,15817,3,卖盘
1473,10:47:33,52.7,5270,1,卖盘
1474,10:47:36,52.63,63162,12,卖盘
1475,10:47:39,52.61,52608,10,中性盘
1476,10:47:42,52.6,57862,11,卖盘
1477,10:47:45,52.59,15779,3,卖盘
1478,10:47:48,52.56,168245,32,卖盘
1479,10:47:51,52.6,21040,4,中性盘
1480,10:47:54,52.62,10524,2,卖盘
1481,10:47:57,52.61,57853,11,买盘
1482,10:48:03,52.6,15781,3,卖盘
1483,10:48:06,52.63,5263,1,买盘
1484,10:48:09,52.57,36838,7,卖盘
1485,10:48:12,52.58,26290,5,卖盘
1486,10:48:15,52.65,68445,13,买盘
1487,10:48:18,52.6,57870,11,卖盘
1488,10:48:21,52.61,42090,8,中性盘
1489,10:48:24,52.6,89411,17,卖盘
1490,10:48:27,52.6,5260,1,买盘
1491,10:48:30,52.58,21032,4,卖盘
1492,10:48:36,52.59,5259,1,卖盘
1493,10:48:39,52.59,15777,3,卖盘
1494,10:48:42,52.59,10520,2,卖盘
1495,10:48:48,52.59,31555,6,卖盘
1496,10:48:51,52.61,5261,1,买盘
1497,10:48:54,52.61,15783,3,买盘
1498,10:48:57,52.58,21033,4,卖盘
1499,10:49:00,52.61,10522,2,买盘
1500,10:49:03,52.58,5258,1,卖盘
1501,10:49:06,52.57,21030,4,卖盘
1502,10:49:09,52.56,21024,4,卖盘
1503,10:49:12,52.55,47302,9,卖盘
1504,10:49:15,52.51,63017,12,卖盘
1505,10:49:18,52.53,26265,5,买盘
1506,10:49:24,52.55,73570,14,卖盘
1507,10:49:27,52.51,10502,2,卖盘
1508,10:49:30,52.53,5253,1,买盘
1509,10:49:33,52.5,456756,87,卖盘
1510,10:49:36,52.5,26256,5,卖盘
1511,10:49:39,52.5,57750,11,卖盘
1512,10:49:42,52.5,42003,8,卖盘
1513,10:49:48,52.53,5253,1,买盘
1514,10:49:51,52.5,126013,24,卖盘
1515,10:49:54,52.5,10500,2,卖盘
1516,10:49:57,52.53,5253,1,买盘
1517,10:50:00,52.53,21007,4,买盘
1518,10:50:03,52.53,57781,11,买盘
1519,10:50:09,52.53,5253,1,买盘
1520,10:50:12,52.52,15756,3,卖盘
1521,10:50:15,52.7,225914,43,买盘
1522,10:50:24,52.54,42046,8,卖盘
1523,10:50:27,52.54,26267,5,卖盘
1524,10:50:30,52.54,78841,15,卖盘
1525,10:50:33,52.51,89289,17,卖盘
1526,10:50:36,52.55,78816,15,买盘
1527,10:50:42,52.54,252441,48,卖盘
1528,10:50:45,52.52,73529,14,卖盘
1529,10:50:48,52.53,5253,1,买盘
1530,10:50:51,52.51,183785,35,卖盘
1531,10:50:54,52.5,162763,31,卖盘
1532,10:50:57,52.49,183748,35,卖盘
1533,10:51:00,52.49,36738,7,卖盘
1534,10:51:03,52.47,36732,7,卖盘
1535,10:51:06,52.47,10494,2,卖盘
1536,10:51:09,52.42,47203,9,卖盘
1537,10:51:15,52.4,26200,5,卖盘
1538,10:51:18,52.4,20960,4,卖盘
1539,10:51:21,52.3,73311,14,卖盘
1540,10:51:24,52.33,272086,52,中性盘
1541,10:51:27,52.32,36626,7,卖盘
1542,10:51:30,52.33,41897,8,中性盘
1543,10:51:33,52.4,5240,1,买盘
1544,10:51:36,52.32,15697,3,卖盘
1545,10:51:42,52.4,15720,3,买盘
1546,10:51:45,52.32,26173,5,卖盘
1547,10:51:48,52.32,5232,1,中性盘
1548,10:51:54,52.31,20924,4,卖盘
1549,10:51:57,52.3,36613,7,卖盘
1550,10:52:00,52.37,15711,3,买盘
1551,10:52:03,52.28,15685,3,卖盘
1552,10:52:06,52.37,15711,3,中性盘
1553,10:52:12,52.27,67961,13,卖盘
1554,10:52:15,52.26,31368,6,卖盘
1555,10:52:18,52.29,187853,36,买盘
1556,10:52:21,52.15,15645,3,卖盘
1557,10:52:24,52.15,88648,17,卖盘
1558,10:52:30,52.18,15654,3,卖盘
1559,10:52:33,52.23,20892,4,中性盘
1560,10:52:36,52.24,5224,1,中性盘
1561,10:52:39,52.26,31351,6,中性盘
1562,10:52:42,52.24,78367,15,中性盘
1563,10:52:45,52.26,41787,8,买盘
1564,10:52:48,52.21,93916,18,中性盘
1565,10:52:51,52.16,26084,5,卖盘
1566,10:52:57,52.16,36509,7,买盘
1567,10:53:00,52.26,99224,19,买盘
1568,10:53:03,52.21,20894,4,卖盘
1569,10:53:06,52.28,88853,17,买盘
1570,10:53:09,52.28,26138,5,买盘
1571,10:53:12,52.29,41825,8,买盘
1572,10:53:15,52.28,73197,14,卖盘
1573,10:53:18,52.27,88866,17,卖盘
1574,10:53:24,52.29,20916,4,买盘
1575,10:53:27,52.29,41832,8,卖盘
1576,10:53:30,52.25,52224,10,卖盘
1577,10:53:33,52.21,10442,2,卖盘
1578,10:53:36,52.21,15663,3,卖盘
1579,10:53:39,52.18,46990,9,卖盘
1580,10:53:42,52.21,5221,1,卖盘
1581,10:53:45,52.18,15656,3,卖盘
1582,10:53:48,52.38,241105,46,买盘
1583,10:53:54,52.25,15675,3,卖盘
1584,10:53:57,52.37,36593,7,中性盘
1585,10:54:03,52.25,20895,4,中性盘
1586,10:54:12,52.25,31350,6,卖盘
1587,10:54:15,52.36,162304,31,买盘
1588,10:54:18,52.24,15694,3,卖盘
1589,10:54:21,52.25,15675,3,卖盘
1590,10:54:27,52.38,5238,1,买盘
1591,10:54:30,52.22,235154,45,卖盘
1592,10:54:33,52.23,26116,5,卖盘
1593,10:54:42,52.25,15676,3,卖盘
1594,10:54:54,52.29,41820,8,买盘
1595,10:55:00,52.25,10450,2,卖盘
1596,10:55:03,52.23,15670,3,卖盘
1597,10:55:12,52.21,73116,14,卖盘
1598,10:55:18,52.18,224400,43,卖盘
1599,10:55:21,52.16,41729,8,卖盘
1600,10:55:27,52.21,15663,3,买盘
1601,10:55:30,52.16,46946,9,卖盘
1602,10:55:33,52.16,5216,1,卖盘
1603,10:55:36,52.21,5221,1,买盘
1604,10:55:39,52.21,41769,8,卖盘
1605,10:55:42,52.29,10450,2,买盘
1606,10:55:48,52.21,36547,7,卖盘
1607,10:55:57,52.22,20893,4,卖盘
1608,10:56:00,52.23,36585,7,中性盘
1609,10:56:03,52.24,20896,4,卖盘
1610,10:56:06,52.23,15670,3,卖盘
1611,10:56:09,52.23,62682,12,卖盘
1612,10:56:15,52.15,120053,23,卖盘
1613,10:56:18,52.2,78255,15,买盘
1614,10:56:21,52.18,36531,7,中性盘
1615,10:56:24,52.15,73028,14,卖盘
1616,10:56:27,52.15,52150,10,卖盘
1617,10:56:30,52.14,57354,11,卖盘
1618,10:56:33,52.18,208787,40,卖盘
1619,10:56:36,52.18,15654,3,卖盘
1620,10:56:39,52.19,26095,5,卖盘
1621,10:56:42,52.19,20873,4,买盘
1622,10:56:45,52.18,46964,9,卖盘
1623,10:56:48,52.19,15658,3,卖盘
1624,10:56:51,52.18,57401,11,中性盘
1625,10:56:54,52.18,46963,9,中性盘
1626,10:56:57,52.2,41764,8,卖盘
1627,10:57:00,52.21,67945,13,中性盘
1628,10:57:03,52.2,52199,10,卖盘
1629,10:57:06,52.23,47043,9,中性盘
1630,10:57:09,52.22,15668,3,卖盘
1631,10:57:12,52.22,15666,3,卖盘
1632,10:57:18,52.21,62668,12,中性盘
1633,10:57:21,52.14,177426,34,卖盘
1634,10:57:27,52.14,26070,5,卖盘
1635,10:57:30,52.22,302717,58,买盘
1636,10:57:33,52.14,67812,13,卖盘
1637,10:57:39,52.13,177277,34,卖盘
1638,10:57:45,52.29,5229,1,买盘
1639,10:57:48,52.18,20872,4,卖盘
1640,10:57:51,52.29,5229,1,买盘
1641,10:57:54,52.19,15659,3,卖盘
1642,10:57:57,52.19,15665,3,卖盘
1643,10:58:00,52.26,10445,2,买盘
1644,10:58:06,52.26,26112,5,买盘
1645,10:58:09,52.26,5226,1,卖盘
1646,10:58:15,52.24,47001,9,中性盘
1647,10:58:21,52.23,83547,16,卖盘
1648,10:58:24,52.19,36533,7,卖盘
1649,10:58:30,52.19,20877,4,卖盘
1650,10:58:33,52.19,15657,3,卖盘
1651,10:58:36,52.24,41790,8,买盘
1652,10:58:39,52.4,115238,22,买盘
1653,10:58:42,52.3,15690,3,卖盘
1654,10:58:45,52.4,5240,1,买盘
1655,10:58:48,52.45,31435,6,买盘
1656,10:58:51,52.32,15696,3,卖盘
1657,10:58:54,52.33,20968,4,中性盘
1658,10:58:57,52.45,10490,2,买盘
1659,10:59:00,52.33,15699,3,卖盘
1660,10:59:06,52.4,5240,1,卖盘
1661,10:59:09,52.36,20951,4,卖盘
1662,10:59:12,52.46,26217,5,买盘
1663,10:59:21,52.34,26179,5,卖盘
1664,10:59:24,52.33,172455,33,卖盘
1665,10:59:27,52.34,36640,7,中性盘
1666,10:59:30,52.34,10468,2,卖盘
1667,10:59:33,52.45,104829,20,买盘
1668,10:59:36,52.38,136126,26,中性盘
1669,10:59:39,52.38,36666,7,卖盘
1670,10:59:42,52.38,115237,22,卖盘
1671,10:59:45,52.38,36666,7,卖盘
1672,10:59:48,52.38,62856,12,卖盘
1673,10:59:51,52.38,83808,16,卖盘
1674,10:59:54,52.38,5238,1,卖盘
1675,10:59:57,52.35,20943,4,卖盘
1676,11:00:00,52.34,15702,3,卖盘
1677,11:00:03,52.34,36638,7,卖盘
1678,11:00:06,52.3,47073,9,卖盘
1679,11:00:09,52.38,36658,7,买盘
1680,11:00:15,52.37,26186,5,卖盘
1681,11:00:18,52.34,47128,9,卖盘
1682,11:00:21,52.38,10476,2,买盘
1683,11:00:24,52.32,31397,6,卖盘
1684,11:00:27,52.35,31407,6,中性盘
1685,11:00:30,52.4,36668,7,买盘
1686,11:00:33,52.39,26199,5,卖盘
1687,11:00:36,52.43,20958,4,买盘
1688,11:00:39,52.43,26215,5,买盘
1689,11:00:42,52.43,10486,2,买盘
1690,11:00:45,52.43,15726,3,买盘
1691,11:00:48,52.41,36697,7,卖盘
1692,11:00:51,52.44,94392,18,买盘
1693,11:00:54,52.46,110178,21,买盘
1694,11:00:57,52.46,20984,4,卖盘
1695,11:01:00,52.52,21008,4,买盘
1696,11:01:03,52.47,115404,22,卖盘
1697,11:01:09,52.45,15742,3,中性盘
1698,11:01:12,52.45,10490,2,卖盘
1699,11:01:15,52.47,5247,1,卖盘
1700,11:01:18,52.52,52520,10,买盘
1701,11:01:21,52.53,5253,1,卖盘
1702,11:01:24,52.63,42056,8,买盘
1703,11:01:30,52.64,163143,31,买盘
1704,11:01:33,52.55,52559,10,卖盘
1705,11:01:45,52.63,15789,3,买盘
1706,11:01:57,52.7,126438,24,中性盘
1707,11:02:00,52.7,21080,4,买盘
1708,11:02:03,52.64,94758,18,卖盘
1709,11:02:06,52.7,52700,10,买盘
1710,11:02:09,52.7,137020,26,买盘
1711,11:02:12,52.69,15807,3,卖盘
1712,11:02:15,52.73,15816,3,买盘
1713,11:02:18,52.7,10540,2,卖盘
1714,11:02:21,52.73,10544,2,买盘
1715,11:02:24,52.7,126540,24,卖盘
1716,11:02:27,52.71,68543,13,卖盘
1717,11:02:30,52.73,63276,12,中性盘
1718,11:02:33,52.73,79103,15,卖盘
1719,11:02:36,52.73,47457,9,卖盘
1720,11:02:39,52.73,173911,33,卖盘
1721,11:02:45,52.68,36876,7,卖盘
1722,11:02:48,52.68,21072,4,卖盘
1723,11:02:51,52.65,10530,2,卖盘
1724,11:02:54,52.65,236972,45,买盘
1725,11:02:57,52.73,10546,2,买盘
1726,11:03:00,52.64,47380,9,卖盘
1727,11:03:03,52.63,184210,35,卖盘
1728,11:03:06,52.64,5264,1,中性盘
1729,11:03:09,52.73,5273,1,买盘
1730,11:03:15,52.59,52626,10,卖盘
1731,11:03:18,52.5,26282,5,卖盘
1732,11:03:21,52.49,26245,5,卖盘
1733,11:03:24,52.49,10498,2,卖盘
1734,11:03:30,52.49,20997,4,卖盘
1735,11:03:45,52.51,5251,1,卖盘
1736,11:03:48,52.63,5263,1,买盘
1737,11:03:51,52.53,15759,3,中性盘
1738,11:04:00,52.5,57775,11,卖盘
1739,11:04:03,52.5,157500,30,卖盘
1740,11:04:06,52.52,5252,1,卖盘
1741,11:04:09,52.52,31512,6,卖盘
1742,11:04:15,52.53,5253,1,卖盘
1743,11:04:18,52.54,15762,3,卖盘
1744,11:04:21,52.59,5259,1,中性盘
1745,11:04:24,52.6,26283,5,买盘
1746,11:04:27,52.49,89273,17,卖盘
1747,11:04:33,52.55,5255,1,买盘
1748,11:04:36,52.55,157650,30,买盘
1749,11:04:39,52.55,5255,1,买盘
1750,11:04:51,52.51,42018,8,卖盘
1751,11:04:54,52.56,57812,11,买盘
1752,11:05:03,52.55,268009,51,卖盘
1753,11:05:06,52.56,10511,2,买盘
1754,11:05:12,52.48,47239,9,卖盘
1755,11:05:15,52.44,204576,39,卖盘
1756,11:05:18,52.44,20976,4,卖盘
1757,11:05:21,52.45,104880,20,买盘
1758,11:05:24,52.46,41962,8,买盘
1759,11:05:27,52.48,152213,29,中性盘
1760,11:05:30,52.52,21016,4,卖盘
1761,11:05:33,52.49,36753,7,卖盘
1762,11:05:45,52.48,31498,6,卖盘
1763,11:05:48,52.47,5247,1,卖盘
1764,11:05:51,52.46,62957,12,卖盘
1765,11:05:54,52.47,10494,2,买盘
1766,11:05:57,52.47,5247,1,买盘
1767,11:06:03,52.43,188780,36,卖盘
1768,11:06:09,52.45,99619,19,中性盘
1769,11:06:12,52.43,120589,23,卖盘
1770,11:06:15,52.43,10486,2,卖盘
1771,11:06:18,52.43,68162,13,卖盘
1772,11:06:21,52.43,26215,5,卖盘
1773,11:06:24,52.45,41946,8,中性盘
1774,11:06:27,52.43,89131,17,卖盘
1775,11:06:30,52.45,47191,9,买盘
1776,11:06:33,52.43,36701,7,卖盘
1777,11:06:36,52.45,41948,8,买盘
1778,11:06:39,52.43,10488,2,卖盘
1779,11:06:45,52.43,5243,1,卖盘
1780,11:06:48,52.45,15733,3,买盘
1781,11:06:51,52.46,47206,9,买盘
1782,11:06:54,52.47,157426,30,买盘
1783,11:07:00,52.46,83951,16,卖盘
1784,11:07:03,52.43,62944,12,卖盘
1785,11:07:09,52.59,10518,2,买盘
1786,11:07:12,52.48,26242,5,卖盘
1787,11:07:15,52.47,20989,4,卖盘
1788,11:07:18,52.45,36722,7,卖盘
1789,11:07:21,52.48,52472,10,中性盘
1790,11:07:24,52.45,31472,6,卖盘
1791,11:07:27,52.45,15736,3,卖盘
1792,11:07:33,52.58,15748,3,买盘
1793,11:07:45,52.56,15768,3,买盘
1794,11:07:48,52.43,36727,7,卖盘
1795,11:07:51,52.46,10491,2,中性盘
1796,11:07:57,52.43,78648,15,卖盘
1797,11:08:00,52.43,5243,1,卖盘
1798,11:08:03,52.44,89133,17,中性盘
1799,11:08:06,52.56,47304,9,买盘
1800,11:08:09,52.44,26220,5,中性盘
1801,11:08:12,52.44,10488,2,卖盘
1802,11:08:18,52.43,62924,12,卖盘
1803,11:08:21,52.43,78645,15,卖盘
1804,11:08:24,52.44,10488,2,卖盘
1805,11:08:27,52.43,104863,20,卖盘
1806,11:08:30,52.43,15729,3,卖盘
1807,11:08:33,52.43,36701,7,卖盘
1808,11:08:36,52.53,31466,6,中性盘
1809,11:08:39,52.44,68227,13,中性盘
1810,11:08:45,52.51,31464,6,买盘
1811,11:08:48,52.41,10483,2,卖盘
1812,11:08:51,52.41,15725,3,卖盘
1813,11:08:54,52.4,89097,17,卖盘
1814,11:08:57,52.41,68039,13,中性盘
1815,11:09:00,52.28,15697,3,卖盘
1816,11:09:03,52.51,52425,10,买盘
1817,11:09:09,52.43,5243,1,中性盘
1818,11:09:12,52.42,31457,6,卖盘
1819,11:09:15,52.42,5242,1,卖盘
1820,11:09:18,52.4,62895,12,卖盘
1821,11:09:24,52.29,41910,8,卖盘
1822,11:09:27,52.37,31462,6,中性盘
1823,11:09:36,52.41,5241,1,中性盘
1824,11:09:39,52.4,10481,2,卖盘
1825,11:09:45,52.41,15723,3,卖盘
1826,11:09:51,52.39,36674,7,卖盘
1827,11:09:57,52.3,78548,15,卖盘
1828,11:10:03,52.41,10482,2,中性盘
1829,11:10:09,52.3,20946,4,卖盘
1830,11:10:12,52.33,5233,1,中性盘
1831,11:10:15,52.34,83802,16,卖盘
1832,11:10:18,52.43,141374,27,买盘
1833,11:10:21,52.43,78645,15,买盘
1834,11:10:24,52.43,78606,15,买盘
1835,11:10:27,52.43,15729,3,买盘
1836,11:10:30,52.41,26205,5,卖盘
1837,11:10:33,52.43,68155,13,买盘
1838,11:10:36,52.41,136301,26,卖盘
1839,11:10:39,52.41,57683,11,卖盘
1840,11:10:42,52.44,36709,7,卖盘
1841,11:10:45,52.42,10484,2,卖盘
1842,11:10:48,52.43,52435,10,卖盘
1843,11:11:00,52.34,83810,16,卖盘
1844,11:11:03,52.47,104934,20,买盘
1845,11:11:06,52.47,36729,7,买盘
1846,11:11:09,52.46,10493,2,卖盘
1847,11:11:12,52.56,57694,11,买盘
1848,11:11:15,52.44,31464,6,卖盘
1849,11:11:18,52.43,41944,8,卖盘
1850,11:11:24,52.56,52560,10,买盘
1851,11:11:27,52.47,5247,1,卖盘
1852,11:11:30,52.47,52477,10,卖盘
1853,11:11:33,52.47,57717,11,卖盘
1854,11:11:42,52.48,31489,6,中性盘
1855,11:11:45,52.49,15747,3,卖盘
1856,11:11:48,52.47,104950,20,卖盘
1857,11:11:51,52.43,104887,20,卖盘
1858,11:11:54,52.56,5256,1,买盘
1859,11:11:57,52.44,15732,3,卖盘
1860,11:12:00,52.44,15732,3,中性盘
1861,11:12:03,52.56,120870,23,买盘
1862,11:12:06,52.51,15753,3,中性盘
1863,11:12:09,52.52,10504,2,卖盘
1864,11:12:12,52.52,31512,6,卖盘
1865,11:12:15,52.52,47256,9,买盘
1866,11:12:18,52.49,31494,6,卖盘
1867,11:12:21,52.46,41992,8,卖盘
1868,11:12:30,52.48,5248,1,卖盘
1869,11:12:36,52.49,26245,5,卖盘
1870,11:12:42,52.57,5257,1,买盘
1871,11:12:45,52.57,63084,12,买盘
1872,11:12:48,52.53,36776,7,卖盘
1873,11:12:57,52.59,5259,1,买盘
1874,11:13:00,52.54,26273,5,卖盘
1875,11:13:03,52.52,21009,4,卖盘
1876,11:13:06,52.51,36767,7,卖盘
1877,11:13:09,52.59,15770,3,买盘
1878,11:13:12,52.55,26275,5,卖盘
1879,11:13:15,52.55,168245,32,卖盘
1880,11:13:21,52.59,57819,11,买盘
1881,11:13:24,52.55,21020,4,卖盘
1882,11:13:30,52.59,31534,6,买盘
1883,11:13:36,52.59,89403,17,买盘
1884,11:13:42,52.59,63108,12,卖盘
1885,11:13:45,52.57,10514,2,卖盘
1886,11:13:48,52.63,5263,1,买盘
1887,11:13:51,52.59,5259,1,中性盘
1888,11:13:54,52.59,10518,2,卖盘
1889,11:13:57,52.63,47367,9,买盘
1890,11:14:00,52.72,26356,5,买盘
1891,11:14:06,52.67,63238,12,卖盘
1892,11:14:09,52.67,21068,4,卖盘
1893,11:14:12,52.63,389620,74,卖盘
1894,11:14:15,52.54,26276,5,卖盘
1895,11:14:18,52.52,115586,22,卖盘
1896,11:14:21,52.51,52521,10,卖盘
1897,11:14:27,52.51,26255,5,卖盘
1898,11:14:30,52.5,21000,4,卖盘
1899,11:14:33,52.48,99723,19,卖盘
1900,11:14:39,52.46,83957,16,卖盘
1901,11:14:42,52.5,57720,11,中性盘
1902,11:14:45,52.5,10494,2,买盘
1903,11:14:48,52.47,26233,5,中性盘
1904,11:14:51,52.45,5245,1,中性盘
1905,11:14:54,52.4,120589,23,卖盘
1906,11:14:57,52.44,31447,6,买盘
1907,11:15:00,52.44,41949,8,中性盘
1908,11:15:03,52.5,268092,51,买盘
1909,11:15:06,52.5,5250,1,卖盘
1910,11:15:09,52.44,89218,17,卖盘
1911,11:15:12,52.44,57684,11,卖盘
1912,11:15:15,52.44,5244,1,卖盘
1913,11:15:18,52.43,47194,9,卖盘
1914,11:15:24,52.4,52422,10,卖盘
1915,11:15:39,52.46,31481,6,卖盘
1916,11:15:51,52.49,26245,5,卖盘
1917,11:16:00,52.51,31530,6,卖盘
1918,11:16:03,52.57,15771,3,买盘
1919,11:16:06,52.57,21025,4,买盘
1920,11:16:15,52.56,57823,11,卖盘
1921,11:16:18,52.58,31548,6,中性盘
1922,11:16:21,52.56,52561,10,卖盘
1923,11:16:24,52.56,10512,2,卖盘
1924,11:16:30,52.56,10512,2,卖盘
1925,11:16:33,52.55,21023,4,卖盘
1926,11:16:39,52.63,15789,3,买盘
1927,11:16:42,52.58,215749,41,中性盘
1928,11:16:48,52.64,21056,4,买盘
1929,11:16:51,52.63,21052,4,卖盘
1930,11:16:57,52.65,94756,18,买盘
1931,11:17:00,52.66,21061,4,买盘
1932,11:17:03,52.66,5266,1,买盘
1933,11:17:06,52.66,5266,1,买盘
1934,11:17:09,52.64,31594,6,卖盘
1935,11:17:12,52.64,84239,16,卖盘
1936,11:17:15,52.64,31584,6,卖盘
1937,11:17:18,52.62,47369,9,卖盘
1938,11:17:27,52.73,152842,29,买盘
1939,11:17:33,52.74,10548,2,买盘
1940,11:17:42,52.65,105385,20,卖盘
1941,11:17:45,52.74,52732,10,买盘
1942,11:17:48,52.74,21072,4,买盘
1943,11:17:51,52.74,5274,1,买盘
1944,11:17:57,52.67,68513,13,卖盘
1945,11:18:03,52.65,47400,9,卖盘
1946,11:18:09,52.58,152840,29,卖盘
1947,11:18:12,52.6,15780,3,卖盘
1948,11:18:15,52.6,42122,8,卖盘
1949,11:18:18,52.62,73718,14,中性盘
1950,11:18:24,52.7,237158,45,中性盘
1951,11:18:27,52.73,68533,13,买盘
1952,11:18:30,52.73,10546,2,买盘
1953,11:18:33,52.75,163507,31,买盘
1954,11:18:39,52.79,5279,1,卖盘
1955,11:18:42,52.74,89665,17,卖盘
1956,11:18:45,52.73,110733,21,卖盘
1957,11:18:51,52.73,300441,57,买盘
1958,11:18:54,52.73,94780,18,买盘
1959,11:18:57,52.73,31638,6,买盘
1960,11:19:00,52.74,5274,1,中性盘
1961,11:19:03,52.74,21096,4,卖盘
1962,11:19:06,52.65,79084,15,卖盘
1963,11:19:09,52.74,68504,13,卖盘
1964,11:19:12,52.61,94814,18,卖盘
1965,11:19:15,52.66,57930,11,买盘
1966,11:19:21,52.6,42109,8,卖盘
1967,11:19:27,52.62,15787,3,卖盘
1968,11:19:33,52.61,26305,5,卖盘
1969,11:19:51,52.6,152572,29,卖盘
1970,11:19:54,52.61,5261,1,卖盘
1971,11:20:00,52.61,10522,2,买盘
1972,11:20:03,52.6,10520,2,卖盘
1973,11:20:09,52.61,31600,6,中性盘
1974,11:20:12,52.66,79078,15,中性盘
1975,11:20:15,52.6,89448,17,卖盘
1976,11:20:18,52.61,126416,24,卖盘
1977,11:20:24,52.63,21094,4,卖盘
1978,11:20:27,52.62,31572,6,卖盘
1979,11:20:33,52.61,68425,13,卖盘
1980,11:20:36,52.59,253079,48,卖盘
1981,11:20:39,52.59,105234,20,卖盘
1982,11:20:42,52.58,147231,28,卖盘
1983,11:20:45,52.6,73640,14,中性盘
1984,11:20:51,52.63,26315,5,卖盘
1985,11:20:54,52.55,152466,29,卖盘
1986,11:20:57,52.5,36772,7,卖盘
1987,11:21:00,52.5,89250,17,卖盘
1988,11:21:03,52.47,78739,15,卖盘
1989,11:21:12,52.49,84019,16,卖盘
1990,11:21:15,52.48,31488,6,卖盘
1991,11:21:18,52.71,5271,1,买盘
1992,11:21:24,52.71,73576,14,买盘
1993,11:21:39,52.47,41983,8,卖盘
1994,11:21:45,52.47,31484,6,卖盘
1995,11:21:54,52.51,42127,8,卖盘
1996,11:21:57,52.48,141726,27,卖盘
1997,11:22:12,52.48,31531,6,卖盘
1998,11:22:15,52.65,10513,2,买盘
1999,11:22:27,52.48,41995,8,卖盘
2000,11:22:30,52.49,31540,6,卖盘
2001,11:22:33,52.65,263208,50,买盘
2002,11:22:39,52.5,10514,2,中性盘
2003,11:22:42,52.51,36757,7,卖盘
2004,11:22:45,52.65,31564,6,买盘
2005,11:22:48,52.5,21000,4,卖盘
2006,11:22:57,52.5,168000,32,卖盘
2007,11:23:00,52.48,141709,27,卖盘
2008,11:23:09,52.47,41982,8,卖盘
2009,11:23:12,52.47,26235,5,卖盘
2010,11:23:18,52.47,68214,13,卖盘
2011,11:23:21,52.47,68211,13,卖盘
2012,11:23:24,52.47,68211,13,卖盘
2013,11:23:27,52.47,141669,27,卖盘
2014,11:23:30,52.47,52470,10,卖盘
2015,11:23:33,52.48,409313,78,买盘
2016,11:23:36,52.46,78690,15,卖盘
2017,11:23:39,52.45,20980,4,中性盘
2018,11:23:45,52.44,20976,4,卖盘
2019,11:23:48,52.41,20971,4,卖盘
2020,11:23:51,52.4,47160,9,卖盘
2021,11:23:54,52.38,31438,6,卖盘
2022,11:23:57,52.33,52343,10,卖盘
2023,11:24:00,52.27,94150,18,卖盘
2024,11:24:03,52.27,156917,30,卖盘
2025,11:24:06,52.27,10455,2,卖盘
2026,11:24:09,52.26,52268,10,卖盘
2027,11:24:33,52.28,62736,12,卖盘
2028,11:24:36,52.28,10457,2,卖盘
2029,11:24:39,52.42,272518,52,买盘
2030,11:24:48,52.3,15693,3,卖盘
2031,11:24:51,52.32,5232,1,中性盘
2032,11:24:54,52.3,26151,5,卖盘
2033,11:24:57,52.27,141258,27,卖盘
2034,11:25:00,52.27,20908,4,卖盘
2035,11:25:06,52.28,47052,9,卖盘
2036,11:25:12,52.28,52282,10,卖盘
2037,11:25:15,52.28,62742,12,卖盘
2038,11:25:21,52.29,5229,1,买盘
2039,11:25:30,52.38,5238,1,买盘
2040,11:25:36,52.38,10476,2,买盘
2041,11:25:39,52.29,41832,8,卖盘
2042,11:25:42,52.38,88913,17,买盘
2043,11:25:45,52.3,26182,5,中性盘
2044,11:25:51,52.39,15716,3,买盘
2045,11:25:57,52.39,5239,1,买盘
2046,11:26:03,52.38,10476,2,卖盘
2047,11:26:06,52.32,20928,4,卖盘
2048,11:26:09,52.27,99348,19,卖盘
2049,11:26:12,52.33,10462,2,买盘
2050,11:26:15,52.27,15685,3,卖盘
2051,11:26:18,52.27,20911,4,卖盘
2052,11:26:21,52.28,5228,1,买盘
2053,11:26:30,52.28,20912,4,卖盘
2054,11:26:33,52.29,5229,1,卖盘
2055,11:26:36,52.28,41824,8,卖盘
2056,11:26:39,52.26,125432,24,卖盘
2057,11:26:42,52.25,36589,7,卖盘
2058,11:26:45,52.32,5232,1,买盘
2059,11:26:48,52.25,41809,8,卖盘
2060,11:26:51,52.25,26125,5,卖盘
2061,11:26:54,52.25,62700,12,卖盘
2062,11:26:57,52.25,88825,17,卖盘
2063,11:27:00,52.25,57475,11,卖盘
2064,11:27:03,52.25,31350,6,卖盘
2065,11:27:06,52.25,114950,22,卖盘
2066,11:27:09,52.25,41802,8,卖盘
2067,11:27:12,52.2,1071037,205,卖盘
2068,11:27:15,52.15,31300,6,卖盘
2069,11:27:18,52.15,31290,6,卖盘
2070,11:27:21,52.15,255525,49,买盘
2071,11:27:24,52.2,10438,2,买盘
2072,11:27:27,52.2,120060,23,买盘
2073,11:27:33,52.24,41792,8,中性盘
2074,11:27:42,52.2,78337,15,卖盘
2075,11:27:51,52.2,10440,2,卖盘
2076,11:27:57,52.19,20876,4,卖盘
2077,11:28:00,52.23,73117,14,买盘
2078,11:28:09,52.2,20882,4,卖盘
2079,11:28:12,52.21,41735,8,买盘
2080,11:28:15,52.12,15637,3,卖盘
2081,11:28:27,52.15,5215,1,卖盘
2082,11:28:30,52.14,67783,13,卖盘
2083,11:28:33,52.12,5212,1,卖盘
2084,11:28:45,52.18,10436,2,买盘
2085,11:28:48,52.1,52111,10,卖盘
2086,11:28:51,52.1,5210,1,卖盘
2087,11:28:57,52.11,26052,5,中性盘
2088,11:29:03,52.19,5219,1,买盘
2089,11:29:09,52.19,10438,2,买盘
2090,11:29:12,52.11,20846,4,卖盘
2091,11:29:15,52.19,5219,1,买盘
2092,11:29:24,52.19,5219,1,买盘
2093,11:29:27,52.12,52135,10,卖盘
2094,11:29:39,52.21,5221,1,买盘
2095,11:29:45,52.19,20880,4,卖盘
2096,11:29:48,52.19,10438,2,卖盘
2097,11:29:51,52.19,20876,4,卖盘
2098,11:29:54,52.12,20848,4,卖盘
2099,11:30:00,52.1,67731,13,卖盘
2100,13:00:00,52.25,99144,19,买盘
2101,13:00:03,52.25,109701,21,买盘
2102,13:00:06,52.26,135875,26,买盘
2103,13:00:09,52.31,141199,27,买盘
2104,13:00:12,52.33,15701,3,卖盘
2105,13:00:15,52.44,183429,35,买盘
2106,13:00:18,52.65,5265,1,中性盘
2107,13:00:21,52.49,26245,5,卖盘
2108,13:00:24,52.61,99831,19,买盘
2109,13:00:27,52.58,52502,10,中性盘
2110,13:00:30,52.77,652892,124,买盘
2111,13:00:33,52.76,84317,16,中性盘
2112,13:00:36,52.7,242796,46,中性盘
2113,13:00:39,52.66,216202,41,卖盘
2114,13:00:42,52.67,15801,3,卖盘
2115,13:00:45,52.86,126833,24,买盘
2116,13:00:48,52.87,84553,16,买盘
2117,13:00:51,53.0,719534,136,买盘
2118,13:00:54,52.88,95186,18,中性盘
2119,13:00:57,52.87,232669,44,卖盘
2120,13:01:00,52.89,412611,78,买盘
2121,13:01:03,53.0,132452,25,买盘
2122,13:01:06,53.0,137800,26,买盘
2123,13:01:09,52.99,95402,18,中性盘
2124,13:01:12,53.22,218124,41,买盘
2125,13:01:15,53.06,127365,24,中性盘
2126,13:01:18,53.01,31828,6,卖盘
2127,13:01:21,53.02,255151,48,中性盘
2128,13:01:24,52.92,42454,8,卖盘
2129,13:01:27,53.01,42396,8,中性盘
2130,13:01:30,52.97,74168,14,卖盘
2131,13:01:33,52.98,111079,21,买盘
2132,13:01:36,52.89,21177,4,中性盘
2133,13:01:39,52.87,63457,12,卖盘
2134,13:01:42,52.87,95166,18,卖盘
2135,13:01:45,52.85,105682,20,买盘
2136,13:01:48,52.93,95249,18,买盘
2137,13:01:51,52.92,15876,3,买盘
2138,13:01:54,52.95,137629,26,买盘
2139,13:01:57,52.92,63475,12,中性盘
2140,13:02:00,52.79,10570,2,卖盘
2141,13:02:03,52.88,10578,2,中性盘
2142,13:02:09,52.88,126912,24,买盘
2143,13:02:12,52.9,79344,15,买盘
2144,13:02:15,52.9,169285,32,买盘
2145,13:02:18,52.89,31734,6,卖盘
2146,13:02:21,52.87,206203,39,卖盘
2147,13:02:24,52.87,79274,15,买盘
2148,13:02:27,52.87,52825,10,买盘
2149,13:02:30,52.84,31704,6,卖盘
2150,13:02:33,52.82,68661,13,卖盘
2151,13:02:36,52.76,295648,56,卖盘
2152,13:02:39,52.74,68566,13,卖盘
2153,13:02:45,52.61,105330,20,卖盘
2154,13:02:51,52.62,47358,9,卖盘
2155,13:02:54,52.62,42101,8,卖盘
2156,13:02:57,52.62,15786,3,卖盘
2157,13:03:00,52.73,26317,5,买盘
2158,13:03:03,52.61,21044,4,卖盘
2159,13:03:06,52.6,36826,7,卖盘
2160,13:03:09,52.6,26300,5,卖盘
2161,13:03:12,52.59,26295,5,卖盘
2162,13:03:15,52.59,84144,16,卖盘
2163,13:03:18,52.59,31554,6,买盘
2164,13:03:21,52.59,31554,6,买盘
2165,13:03:33,52.45,84078,16,中性盘
2166,13:03:36,52.43,681311,130,卖盘
2167,13:03:39,52.41,15723,3,中性盘
2168,13:03:42,52.4,492566,94,卖盘
2169,13:03:45,52.4,104800,20,买盘
2170,13:03:48,52.39,157179,30,卖盘
2171,13:03:51,52.4,36675,7,买盘
2172,13:03:54,52.41,21001,4,卖盘
2173,13:03:57,52.41,83856,16,卖盘
2174,13:04:03,52.38,157224,30,卖盘
2175,13:04:06,52.41,5241,1,买盘
2176,13:04:09,52.38,356365,68,卖盘
2177,13:04:12,52.48,68147,13,买盘
2178,13:04:15,52.42,89129,17,卖盘
2179,13:04:18,52.38,136214,26,卖盘
2180,13:04:21,52.38,73338,14,卖盘
2181,13:04:24,52.38,10476,2,卖盘
2182,13:04:27,52.58,5258,1,买盘
2183,13:04:30,52.39,10478,2,卖盘
2184,13:04:45,52.44,26220,5,卖盘
2185,13:04:48,52.58,10516,2,买盘
2186,13:04:51,52.43,21002,4,卖盘
2187,13:04:54,52.58,26288,5,买盘
2188,13:04:57,52.42,73402,14,卖盘
2189,13:05:00,52.42,26210,5,卖盘
2190,13:05:03,52.54,10508,2,中性盘
2191,13:05:06,52.53,15750,3,中性盘
2192,13:05:09,52.43,26252,5,中性盘
2193,13:05:12,52.55,36761,7,买盘
2194,13:05:15,52.74,163156,31,买盘
2195,13:05:18,52.55,42163,8,卖盘
2196,13:05:21,52.75,79104,15,买盘
2197,13:05:24,52.74,5274,1,中性盘
2198,13:05:27,52.59,147251,28,中性盘
2199,13:05:30,52.88,47489,9,买盘
2200,13:05:33,52.58,168348,32,卖盘
2201,13:05:36,52.67,31642,6,中性盘
2202,13:05:42,52.69,227489,43,中性盘
2203,13:05:45,52.77,21108,4,卖盘
2204,13:05:48,53.0,169490,32,买盘
2205,13:05:51,52.78,211648,40,卖盘
2206,13:05:54,52.79,174486,33,中性盘
2207,13:05:57,52.8,42360,8,中性盘
2208,13:06:00,52.79,52788,10,卖盘
2209,13:06:03,52.76,168821,32,卖盘
2210,13:06:06,52.76,21103,4,买盘
2211,13:06:09,52.79,15834,3,买盘
2212,13:06:12,52.76,68588,13,买盘
2213,13:06:18,52.75,105490,20,中性盘
2214,13:06:21,52.72,36912,7,中性盘
2215,13:06:24,52.69,882192,167,卖盘
2216,13:06:27,53.0,143010,27,买盘
2217,13:06:30,53.0,53000,10,买盘
2218,13:06:33,53.0,174900,33,买盘
2219,13:06:45,53.0,53000,10,买盘
2220,13:06:48,53.0,10600,2,买盘
2221,13:06:54,52.98,15894,3,中性盘
2222,13:06:57,52.97,21191,4,中性盘
2223,13:07:00,52.8,275268,52,卖盘
2224,13:07:06,52.8,111040,21,卖盘
2225,13:07:12,52.79,15838,3,卖盘
2226,13:07:18,52.99,21193,4,买盘
2227,13:07:21,52.82,10564,2,卖盘
2228,13:07:24,52.98,5298,1,买盘
2229,13:07:27,52.98,10596,2,买盘
2230,13:07:30,52.82,10564,2,卖盘
2231,13:07:33,52.82,10568,2,卖盘
2232,13:07:36,52.98,121683,23,买盘
2233,13:07:39,52.82,10564,2,卖盘
2234,13:07:42,52.82,15845,3,卖盘
2235,13:07:48,52.8,36965,7,卖盘
2236,13:07:51,52.82,5282,1,买盘
2237,13:07:57,52.95,10590,2,中性盘
2238,13:08:00,52.8,79200,15,卖盘
2239,13:08:12,52.79,89764,17,卖盘
2240,13:08:15,52.78,21112,4,卖盘
2241,13:08:18,52.78,5278,1,卖盘
2242,13:08:30,52.78,79171,15,卖盘
2243,13:08:33,52.74,116062,22,卖盘
2244,13:08:36,52.69,252946,48,卖盘
2245,13:08:39,52.68,52673,10,中性盘
2246,13:08:42,52.65,99915,19,卖盘
2247,13:08:45,52.59,99990,19,卖盘
2248,13:08:48,52.59,31556,6,卖盘
2249,13:08:51,52.59,42072,8,卖盘
2250,13:08:54,52.66,31596,6,卖盘
2251,13:08:57,52.66,21064,4,卖盘
2252,13:09:00,52.64,321294,61,卖盘
2253,13:09:03,52.64,110574,21,卖盘
2254,13:09:06,52.64,42112,8,卖盘
2255,13:09:09,52.62,26321,5,卖盘
2256,13:09:12,52.68,10536,2,买盘
2257,13:09:15,52.68,5268,1,买盘
2258,13:09:18,52.68,10535,2,买盘
2259,13:09:27,52.65,21062,4,卖盘
2260,13:09:30,52.68,5268,1,买盘
2261,13:09:42,52.65,26326,5,卖盘
2262,13:09:48,52.65,5265,1,卖盘
2263,13:09:51,52.68,52660,10,买盘
2264,13:09:54,52.68,5268,1,买盘
2265,13:09:57,52.63,126377,24,卖盘
2266,13:10:00,52.68,5268,1,买盘
2267,13:10:03,52.64,5264,1,卖盘
2268,13:10:06,52.64,10528,2,买盘
2269,13:10:09,52.63,63156,12,卖盘
2270,13:10:12,52.63,15789,3,买盘
2271,13:10:15,52.63,5263,1,买盘
2272,13:10:18,52.6,278882,53,卖盘
2273,13:10:21,52.63,47366,9,买盘
2274,13:10:30,52.6,42082,8,卖盘
2275,13:10:45,52.6,131658,25,卖盘
2276,13:10:48,52.61,5261,1,中性盘
2277,13:10:51,52.6,94684,18,卖盘
2278,13:10:54,52.61,42088,8,卖盘
2279,13:11:00,52.61,36827,7,卖盘
2280,13:11:03,52.61,5261,1,买盘
2281,13:11:15,52.6,21040,4,卖盘
2282,13:11:21,52.58,268187,51,卖盘
2283,13:11:24,52.58,78870,15,卖盘
2284,13:11:27,52.58,5258,1,卖盘
2285,13:11:30,52.56,199768,38,卖盘
2286,13:11:33,52.56,147164,28,卖盘
2287,13:11:36,52.56,120680,23,买盘
2288,13:11:51,52.43,110121,21,卖盘
2289,13:11:54,52.42,57674,11,卖盘
2290,13:11:57,52.42,110083,21,卖盘
2291,13:12:00,52.43,31458,6,卖盘
2292,13:12:03,52.42,26213,5,卖盘
2293,13:12:06,52.43,5243,1,卖盘
2294,13:12:12,52.43,15738,3,卖盘
2295,13:12:15,52.42,99615,19,卖盘
2296,13:12:18,52.42,26212,5,卖盘
2297,13:12:24,52.41,115313,22,卖盘
2298,13:12:27,52.42,157467,30,中性盘
2299,13:12:36,52.48,31488,6,买盘
2300,13:12:39,52.48,15743,3,买盘
2301,13:12:45,52.51,73484,14,买盘
2302,13:12:48,52.43,62940,12,卖盘
2303,13:12:54,52.47,115385,22,中性盘
2304,13:12:57,52.51,5251,1,买盘
2305,13:13:00,52.43,52441,10,卖盘
2306,13:13:03,52.45,10490,2,买盘
2307,13:13:12,52.45,15736,3,卖盘
2308,13:13:15,52.43,94408,18,卖盘
2309,13:13:18,52.47,10494,2,中性盘
2310,13:13:21,52.42,110102,21,卖盘
2311,13:13:27,52.45,78653,15,中性盘
2312,13:13:30,52.46,5246,1,买盘
2313,13:13:33,52.46,5246,1,买盘
2314,13:13:36,52.46,5246,1,买盘
2315,13:13:39,52.51,94449,18,买盘
2316,13:13:42,52.49,10500,2,中性盘
2317,13:13:45,52.51,15753,3,买盘
2318,13:13:48,52.51,5251,1,卖盘
2319,13:13:51,52.47,530298,101,卖盘
2320,13:13:54,52.52,141716,27,买盘
2321,13:13:57,52.45,47211,9,卖盘
2322,13:14:00,52.52,5252,1,买盘
2323,13:14:06,52.47,15741,3,卖盘
2324,13:14:12,52.45,94425,18,卖盘
2325,13:14:15,52.46,47220,9,卖盘
2326,13:14:18,52.46,10492,2,卖盘
2327,13:14:21,52.45,73435,14,卖盘
2328,13:14:30,52.48,36718,7,中性盘
2329,13:14:33,52.48,5248,1,卖盘
2330,13:14:36,52.46,31476,6,卖盘
2331,13:14:39,52.49,5249,1,卖盘
2332,13:14:42,52.48,31488,6,卖盘
2333,13:14:45,52.52,31508,6,买盘
2334,13:14:48,52.49,10498,2,卖盘
2335,13:14:51,52.5,15750,3,卖盘
2336,13:14:54,52.5,15750,3,中性盘
2337,13:14:57,52.5,26250,5,卖盘
2338,13:15:00,52.45,246654,47,卖盘
2339,13:15:03,52.42,15726,3,卖盘
2340,13:15:09,52.42,47179,9,卖盘
2341,13:15:15,52.42,26214,5,卖盘
2342,13:15:18,52.42,68146,13,卖盘
2343,13:15:21,52.42,57656,11,卖盘
2344,13:15:24,52.38,235773,45,卖盘
2345,13:15:27,52.46,26230,5,买盘
2346,13:15:33,52.38,41917,8,卖盘
2347,13:15:42,52.41,5241,1,中性盘
2348,13:15:48,52.46,10492,2,买盘
2349,13:15:51,52.41,47170,9,卖盘
2350,13:15:57,52.46,62907,12,买盘
2351,13:16:00,52.46,5246,1,买盘
2352,13:16:03,52.42,15730,3,卖盘
2353,13:16:06,52.46,10492,2,买盘
2354,13:16:09,52.42,5242,1,卖盘
2355,13:16:12,52.39,246310,47,卖盘
2356,13:16:15,52.4,68119,13,中性盘
2357,13:16:18,52.35,282823,54,卖盘
2358,13:16:24,52.35,31419,6,卖盘
2359,13:16:36,52.46,41968,8,买盘
2360,13:16:39,52.37,5237,1,卖盘
2361,13:16:45,52.38,5238,1,卖盘
2362,13:16:51,52.46,26230,5,买盘
2363,13:16:57,52.46,5246,1,买盘
2364,13:17:06,52.46,5246,1,买盘
2365,13:17:09,52.46,41968,8,买盘
2366,13:17:12,52.44,20979,4,卖盘
2367,13:17:15,52.44,78656,15,卖盘
2368,13:17:21,52.38,324950,62,卖盘
2369,13:17:24,52.36,109966,21,卖盘
2370,13:17:30,52.35,136122,26,卖盘
2371,13:17:33,52.35,83775,16,卖盘
2372,13:17:36,52.36,83766,16,中性盘
2373,13:17:39,52.33,423898,81,卖盘
2374,13:17:42,52.35,10470,2,卖盘
2375,13:17:45,52.33,141291,27,卖盘
2376,13:17:48,52.32,47088,9,卖盘
2377,13:17:51,52.36,5236,1,卖盘
2378,13:17:54,52.35,36645,7,卖盘
2379,13:17:57,52.34,31404,6,卖盘
2380,13:18:06,52.32,47102,9,卖盘
2381,13:18:12,52.31,62773,12,卖盘
2382,13:18:15,52.32,47088,9,买盘
2383,13:18:18,52.32,10464,2,卖盘
2384,13:18:21,52.32,62784,12,卖盘
2385,13:18:24,52.34,115118,22,买盘
2386,13:18:27,52.34,5234,1,买盘
2387,13:18:36,52.35,141327,27,买盘
2388,13:18:51,52.37,10475,2,卖盘
2389,13:19:00,52.39,5239,1,买盘
2390,13:19:03,52.37,47139,9,卖盘
2391,13:19:09,52.38,502721,96,卖盘
2392,13:19:12,52.39,15712,3,买盘
2393,13:19:15,52.35,26182,5,卖盘
2394,13:19:18,52.36,10472,2,卖盘
2395,13:19:21,52.36,41892,8,卖盘
2396,13:19:24,52.36,83788,16,卖盘
2397,13:19:27,52.37,5237,1,卖盘
2398,13:19:39,52.38,15716,3,中性盘
2399,13:19:42,52.33,382128,73,卖盘
2400,13:19:45,52.33,73261,14,买盘
2401,13:19:48,52.33,41859,8,买盘
2402,13:19:51,52.3,31386,6,卖盘
2403,13:19:54,52.33,20930,4,买盘
2404,13:19:57,52.33,5233,1,买盘
2405,13:20:03,52.32,26160,5,卖盘
2406,13:20:06,52.32,10464,2,卖盘
2407,13:20:09,52.31,10462,2,卖盘
2408,13:20:12,52.32,5232,1,买盘
2409,13:20:15,52.31,36614,7,卖盘
2410,13:20:18,52.31,57532,11,中性盘
2411,13:20:21,52.32,5232,1,买盘
2412,13:20:24,52.26,251017,48,卖盘
2413,13:20:27,52.28,67964,13,卖盘
2414,13:20:33,52.29,20916,4,卖盘
2415,13:20:36,52.29,20916,4,卖盘
2416,13:20:39,52.29,15687,3,卖盘
2417,13:20:42,52.26,209070,40,卖盘
2418,13:20:45,52.27,83614,16,中性盘
2419,13:20:48,52.28,193396,37,买盘
2420,13:20:51,52.27,36591,7,中性盘
2421,13:20:54,52.28,62714,12,买盘
2422,13:20:57,52.27,41820,8,卖盘
2423,13:21:00,52.26,120209,23,卖盘
2424,13:21:03,52.27,52269,10,买盘
2425,13:21:06,52.24,26120,5,卖盘
2426,13:21:09,52.27,5227,1,买盘
2427,13:21:12,52.24,26126,5,卖盘
2428,13:21:18,52.24,36569,7,卖盘
2429,13:21:21,52.24,114937,22,卖盘
2430,13:21:24,52.27,47020,9,买盘
2431,13:21:27,52.27,31362,6,买盘
2432,13:21:30,52.25,10451,2,卖盘
2433,13:21:33,52.27,10454,2,买盘
2434,13:21:39,52.26,5226,1,卖盘
2435,13:21:42,52.24,104487,20,卖盘
2436,13:21:48,52.24,10449,2,卖盘
2437,13:21:57,52.27,47043,9,买盘
2438,13:22:00,52.25,36575,7,卖盘
2439,13:22:03,52.23,94036,18,卖盘
2440,13:22:06,52.23,20892,4,卖盘
2441,13:22:15,52.23,120149,23,卖盘
2442,13:22:21,52.24,5224,1,卖盘
2443,13:22:24,52.26,5226,1,中性盘
2444,13:22:27,52.25,20903,4,卖盘
2445,13:22:30,52.24,41795,8,卖盘
2446,13:22:33,52.27,5227,1,买盘
2447,13:22:45,52.26,36583,7,卖盘
2448,13:22:54,52.27,52270,10,买盘
2449,13:22:57,52.32,737240,141,买盘
2450,13:23:00,52.41,167559,32,买盘
2451,13:23:03,52.38,173070,33,卖盘
2452,13:23:06,52.38,5238,1,卖盘
2453,13:23:09,52.46,15738,3,中性盘
2454,13:23:12,52.43,99628,19,卖盘
2455,13:23:21,52.68,36876,7,买盘
2456,13:23:27,52.45,47205,9,卖盘
2457,13:23:30,52.68,363489,69,买盘
2458,13:23:33,52.68,474000,90,买盘
2459,13:23:36,52.67,911363,173,卖盘
2460,13:23:39,52.66,710928,135,卖盘
2461,13:23:42,52.68,892571,170,买盘
2462,13:23:45,52.52,42122,8,卖盘
2463,13:23:48,52.68,47412,9,买盘
2464,13:23:51,52.68,73752,14,买盘
2465,13:23:54,52.68,136965,26,买盘
2466,13:23:57,52.68,63216,12,买盘
2467,13:24:00,52.57,52648,10,卖盘
2468,13:24:03,52.68,42144,8,买盘
2469,13:24:06,52.68,73752,14,买盘
2470,13:24:09,52.68,42144,8,买盘
2471,13:24:12,52.68,136851,26,买盘
2472,13:24:15,52.68,136961,26,买盘
2473,13:24:18,52.79,3319488,630,买盘
2474,13:24:21,52.98,211594,40,买盘
2475,13:24:24,53.04,312696,59,买盘
2476,13:24:27,53.1,148584,28,买盘
2477,13:24:30,53.32,537868,101,买盘
2478,13:24:33,53.29,122273,23,中性盘
2479,13:24:36,53.04,596307,112,卖盘
2480,13:24:39,53.04,302257,57,买盘
2481,13:24:42,53.02,106040,20,买盘
2482,13:24:45,53.02,74228,14,买盘
2483,13:24:48,52.92,79520,15,中性盘
2484,13:24:51,53.02,116634,22,买盘
2485,13:24:54,53.02,121946,23,买盘
2486,13:24:57,53.02,127248,24,买盘
2487,13:25:00,53.24,185766,35,买盘
2488,13:25:03,53.24,10648,2,买盘
2489,13:25:06,53.24,287616,54,买盘
2490,13:25:09,53.36,85380,16,中性盘
2491,13:25:12,53.27,346486,65,买盘
2492,13:25:15,53.31,117254,22,买盘
2493,13:25:18,53.09,218574,41,卖盘
2494,13:25:21,53.36,138659,26,买盘
2495,13:25:24,53.3,5330,1,中性盘
2496,13:25:27,53.36,21344,4,买盘
2497,13:25:30,53.29,298669,56,卖盘
2498,13:25:33,53.27,79919,15,中性盘
2499,13:25:36,53.29,159758,30,买盘
2500,13:25:39,53.31,95952,18,买盘
2501,13:25:42,53.32,159976,30,买盘
2502,13:25:45,53.31,106646,20,中性盘
2503,13:25:48,53.31,69303,13,买盘
2504,13:25:51,53.35,181255,34,买盘
2505,13:25:54,53.39,112059,21,买盘
2506,13:25:57,53.39,58729,11,买盘
2507,13:26:00,53.43,245644,46,买盘
2508,13:26:03,53.49,64185,12,买盘
2509,13:26:06,53.57,353319,66,买盘
2510,13:26:09,53.68,75118,14,买盘
2511,13:26:12,53.6,85891,16,中性盘
2512,13:26:15,53.73,69817,13,中性盘
2513,13:26:18,53.76,128945,24,买盘
2514,13:26:21,53.76,166562,31,买盘
2515,13:26:24,53.79,215051,40,买盘
2516,13:26:27,53.79,419480,78,买盘
2517,13:26:30,53.79,360410,67,买盘
2518,13:26:33,53.79,107552,20,卖盘
2519,13:26:36,53.79,112967,21,卖盘
2520,13:26:39,53.7,494479,92,卖盘
2521,13:26:42,53.75,193443,36,买盘
2522,13:26:45,53.74,381441,71,中性盘
2523,13:26:48,53.7,118129,22,中性盘
2524,13:26:51,53.73,445779,83,买盘
2525,13:26:54,53.73,91311,17,买盘
2526,13:26:57,53.71,134250,25,中性盘
2527,13:27:00,53.77,118221,22,买盘
2528,13:27:03,53.79,118324,22,买盘
2529,13:27:06,53.7,661149,123,卖盘
2530,13:27:09,53.74,123558,23,买盘
2531,13:27:12,53.77,64512,12,买盘
2532,13:27:15,53.79,688320,128,买盘
2533,13:27:18,53.98,1872903,348,买盘
2534,13:27:21,54.0,993542,184,买盘
2535,13:27:24,54.04,216004,40,买盘
2536,13:27:27,54.2,54086,10,买盘
2537,13:27:30,54.28,141064,26,买盘
2538,13:27:33,54.46,146680,27,买盘
2539,13:27:36,54.28,135665,25,中性盘
2540,13:27:39,54.33,796695,147,中性盘
2541,13:27:42,54.36,837904,154,买盘
2542,13:27:45,54.36,255703,47,卖盘
2543,13:27:48,54.44,141550,26,买盘
2544,13:27:51,54.47,168855,31,买盘
2545,13:27:54,54.48,108955,20,买盘
2546,13:27:57,54.49,294270,54,买盘
2547,13:28:00,54.5,882771,162,买盘
2548,13:28:03,54.53,812128,149,买盘
2549,13:28:06,54.58,147295,27,买盘
2550,13:28:09,54.57,91963,17,中性盘
2551,13:28:12,54.58,519311,95,买盘
2552,13:28:15,54.58,360129,66,买盘
2553,13:28:18,54.64,414029,76,买盘
2554,13:28:21,54.64,103804,19,买盘
2555,13:28:24,54.7,71069,13,买盘
2556,13:28:27,54.85,49345,9,买盘
2557,13:28:30,54.94,131570,24,买盘
2558,13:28:33,54.86,192333,35,中性盘
2559,13:28:36,54.94,82485,15,中性盘
2560,13:28:39,55.04,269477,49,买盘
2561,13:28:42,54.77,900578,164,卖盘
2562,13:28:45,54.71,240787,44,中性盘
2563,13:28:48,54.77,629693,115,买盘
2564,13:28:51,54.8,142309,26,买盘
2565,13:28:54,54.79,823108,150,中性盘
2566,13:28:57,54.8,346899,63,中性盘
2567,13:29:00,54.8,87954,16,卖盘
2568,13:29:03,54.93,181274,33,中性盘
2569,13:29:06,54.96,521632,95,买盘
2570,13:29:09,55.0,60496,11,买盘
2571,13:29:12,54.99,203487,37,卖盘
2572,13:29:15,55.0,434235,79,买盘
2573,13:29:18,55.0,511730,93,卖盘
2574,13:29:21,54.96,203535,37,卖盘
2575,13:29:24,55.0,203570,37,中性盘
2576,13:29:27,55.05,154077,28,买盘
2577,13:29:30,55.09,253345,46,买盘
2578,13:29:33,55.08,148726,27,卖盘
2579,13:29:36,54.99,501069,91,卖盘
2580,13:29:39,54.99,709011,129,卖盘
2581,13:29:42,54.99,175945,32,买盘
2582,13:29:45,55.0,307980,56,买盘
2583,13:29:48,55.0,324461,59,买盘
2584,13:29:51,55.05,110010,20,买盘
2585,13:29:54,55.1,402171,73,买盘
2586,13:29:57,55.08,159745,29,中性盘
2587,13:30:00,55.11,192807,35,买盘
2588,13:30:03,55.05,616620,112,卖盘
2589,13:30:06,55.07,203684,37,买盘
2590,13:30:09,54.98,307868,56,中性盘
2591,13:30:12,54.88,219722,40,卖盘
2592,13:30:15,54.94,818500,149,买盘
2593,13:30:18,54.93,137310,25,中性盘
2594,13:30:21,54.94,82374,15,买盘
2595,13:30:24,54.97,98909,18,买盘
2596,13:30:27,55.0,44000,8,买盘
2597,13:30:30,55.0,76987,14,买盘
2598,13:30:33,55.0,181491,33,买盘
2599,13:30:36,54.99,159480,29,中性盘
2600,13:30:39,54.9,478031,87,卖盘
2601,13:30:42,54.96,109774,20,买盘
2602,13:30:45,54.8,115383,21,卖盘
2603,13:30:48,54.8,65913,12,卖盘
2604,13:30:51,54.76,158883,29,卖盘
2605,13:30:54,54.71,109295,20,中性盘
2606,13:30:57,54.71,49228,9,买盘
2607,13:31:00,54.68,103747,19,中性盘
2608,13:31:03,54.7,92880,17,买盘
2609,13:31:06,54.68,125778,23,中性盘
2610,13:31:09,54.53,92863,17,卖盘
2611,13:31:12,54.68,153032,28,买盘
2612,13:31:15,54.68,49177,9,买盘
2613,13:31:18,54.68,109360,20,买盘
2614,13:31:21,54.56,98379,18,中性盘
2615,13:31:24,54.68,38276,7,中性盘
2616,13:31:27,54.6,60118,11,中性盘
2617,13:31:30,54.69,76551,14,买盘
2618,13:31:33,54.7,60159,11,买盘
2619,13:31:36,54.66,131246,24,卖盘
2620,13:31:39,54.68,114864,21,中性盘
2621,13:31:42,54.7,284440,52,买盘
2622,13:31:45,54.69,202388,37,中性盘
2623,13:31:48,54.7,92990,17,买盘
2624,13:31:51,54.7,98488,18,卖盘
2625,13:31:54,54.76,98534,18,中性盘
2626,13:31:57,54.77,191657,35,买盘
2627,13:32:00,54.71,87613,16,卖盘
2628,13:32:03,54.77,153349,28,买盘
2629,13:32:06,54.77,109534,20,买盘
2630,13:32:09,54.75,76676,14,卖盘
2631,13:32:12,54.78,180724,33,买盘
2632,13:32:15,54.75,60237,11,卖盘
2633,13:32:18,54.75,164282,30,卖盘
2634,13:32:21,54.77,16431,3,买盘
2635,13:32:24,54.79,147881,27,买盘
2636,13:32:27,54.71,175201,32,卖盘
2637,13:32:30,54.7,284468,52,卖盘
2638,13:32:33,54.59,322452,59,卖盘
2639,13:32:36,54.59,98243,18,买盘
2640,13:32:39,54.57,92809,17,中性盘
2641,13:32:42,54.55,76421,14,卖盘
2642,13:32:45,54.53,119981,22,卖盘
2643,13:32:48,54.54,49086,9,买盘
2644,13:32:51,54.55,43645,8,买盘
2645,13:32:54,54.58,38202,7,买盘
2646,13:32:57,54.61,223593,41,买盘
2647,13:33:00,54.61,212818,39,买盘
2648,13:33:03,54.65,207677,38,买盘
2649,13:33:06,54.65,49204,9,卖盘
2650,13:33:09,54.69,38283,7,买盘
2651,13:33:12,54.65,109341,20,卖盘
2652,13:33:15,54.68,82028,15,买盘
2653,13:33:18,54.69,76566,14,买盘
2654,13:33:21,54.68,76577,14,卖盘
2655,13:33:24,54.7,103928,19,买盘
2656,13:33:27,54.69,180495,33,卖盘
2657,13:33:30,54.7,114864,21,买盘
2658,13:33:33,54.75,136751,25,买盘
2659,13:33:36,54.76,87602,16,买盘
2660,13:33:39,54.79,87622,16,买盘
2661,13:33:42,54.8,43813,8,买盘
2662,13:33:45,54.81,60305,11,卖盘
2663,13:33:48,54.94,5494,1,买盘
2664,13:33:51,54.95,49421,9,买盘
2665,13:33:54,54.95,38464,7,买盘
2666,13:33:57,54.95,170335,31,中性盘
2667,13:34:00,54.96,318746,58,买盘
2668,13:34:03,54.81,49430,9,卖盘
2669,13:34:06,54.97,137403,25,买盘
2670,13:34:09,55.0,126486,23,买盘
2671,13:34:12,54.97,109968,20,卖盘
2672,13:34:15,55.0,76987,14,买盘
2673,13:34:18,55.0,973484,177,买盘
2674,13:34:21,55.04,192646,35,买盘
2675,13:34:24,55.1,308269,56,买盘
2676,13:34:27,55.01,71552,13,卖盘
2677,13:34:30,55.1,170808,31,买盘
2678,13:34:33,55.1,27550,5,买盘
2679,13:34:36,55.04,88144,16,卖盘
2680,13:34:39,55.02,181785,33,卖盘
2681,13:34:42,55.1,77140,14,买盘
2682,13:34:45,54.97,451084,82,卖盘
2683,13:34:48,55.1,1448807,263,买盘
2684,13:34:51,55.1,226022,41,卖盘
2685,13:34:54,55.08,71599,13,买盘
2686,13:34:57,55.07,49560,9,买盘
2687,13:35:00,55.08,71592,13,买盘
2688,13:35:03,55.03,66095,12,卖盘
2689,13:35:06,55.07,159747,29,中性盘
2690,13:35:09,55.05,143179,26,中性盘
2691,13:35:12,55.1,198346,36,买盘
2692,13:35:15,55.02,154130,28,卖盘
2693,13:35:18,55.04,44032,8,买盘
2694,13:35:21,55.06,49542,9,中性盘
2695,13:35:24,55.05,143086,26,买盘
2696,13:35:27,55.09,88099,16,买盘
2697,13:35:30,55.05,165230,30,卖盘
2698,13:35:33,55.1,132183,24,买盘
2699,13:35:36,55.05,121178,22,卖盘
2700,13:35:39,55.1,143237,26,买盘
2701,13:35:42,55.09,247920,45,卖盘
2702,13:35:45,55.1,148766,27,买盘
2703,13:35:48,55.09,231395,42,卖盘
2704,13:35:51,55.1,137719,25,买盘
2705,13:35:54,55.13,132241,24,买盘
2706,13:35:57,55.15,148798,27,买盘
2707,13:36:00,55.16,22072,4,买盘
2708,13:36:03,55.26,11052,2,买盘
2709,13:36:06,55.27,171305,31,买盘
2710,13:36:09,55.25,132604,24,中性盘
2711,13:36:12,55.25,182325,33,买盘
2712,13:36:15,55.25,138118,25,买盘
2713,13:36:18,55.18,143568,26,卖盘
2714,13:36:21,55.26,143646,26,买盘
2715,13:36:24,55.24,160181,29,买盘
2716,13:36:27,55.28,110535,20,买盘
2717,13:36:30,55.28,138201,25,买盘
2718,13:36:33,55.3,193489,35,买盘
2719,13:36:36,55.34,60872,11,买盘
2720,13:36:39,55.47,27723,5,中性盘
2721,13:36:42,55.32,154911,28,卖盘
2722,13:36:45,55.32,398198,72,买盘
2723,13:36:48,55.3,177073,32,卖盘
2724,13:36:51,55.43,127331,23,买盘
2725,13:36:54,55.43,66516,12,买盘
2726,13:36:57,55.43,205077,37,买盘
2727,13:37:00,55.43,216159,39,买盘
2728,13:37:03,55.48,66546,12,买盘
2729,13:37:06,55.47,110940,20,卖盘
2730,13:37:09,55.47,116504,21,卖盘
2731,13:37:12,55.5,172029,31,买盘
2732,13:37:15,55.5,105448,19,买盘
2733,13:37:18,55.5,160948,29,买盘
2734,13:37:21,55.5,355142,64,买盘
2735,13:37:24,55.5,360739,65,买盘
2736,13:37:27,55.49,349549,63,中性盘
2737,13:37:30,55.49,244143,44,买盘
2738,13:37:33,55.49,49940,9,买盘
2739,13:37:36,55.46,183081,33,卖盘
2740,13:37:39,55.46,221798,40,买盘
2741,13:37:42,55.34,49838,9,卖盘
2742,13:37:45,55.24,270893,49,卖盘
2743,13:37:48,55.32,82949,15,买盘
2744,13:37:51,55.32,22128,4,中性盘
2745,13:37:54,55.33,60835,11,买盘
2746,13:37:57,55.39,376538,68,买盘
2747,13:38:00,55.39,60929,11,买盘
2748,13:38:03,55.38,110760,20,买盘
2749,13:38:06,55.37,49832,9,买盘
2750,13:38:09,55.38,210427,38,买盘
2751,13:38:12,55.37,60902,11,卖盘
2752,13:38:15,55.37,27688,5,卖盘
2753,13:38:18,55.39,5539,1,买盘
2754,13:38:21,55.37,60913,11,卖盘
2755,13:38:24,55.35,66442,12,卖盘
2756,13:38:27,55.15,503177,91,卖盘
2757,13:38:33,55.09,22040,4,卖盘
2758,13:38:36,55.01,33015,6,卖盘
2759,13:38:39,54.89,93485,17,卖盘
2760,13:38:42,54.85,21942,4,卖盘
2761,13:38:45,54.79,38359,7,卖盘
2762,13:38:48,54.78,5478,1,卖盘
2763,13:38:51,54.75,76650,14,卖盘
2764,13:38:54,54.75,10950,2,卖盘
2765,13:38:57,54.75,32850,6,卖盘
2766,13:39:03,54.86,16448,3,买盘
2767,13:39:06,54.86,109641,20,买盘
2768,13:39:09,54.86,16461,3,卖盘
2769,13:39:12,54.86,16458,3,卖盘
2770,13:39:15,54.84,38415,7,卖盘
2771,13:39:18,54.86,21945,4,买盘
2772,13:39:27,54.86,21944,4,卖盘
2773,13:39:30,54.86,32949,6,卖盘
2774,13:39:33,54.87,16461,3,卖盘
2775,13:39:36,54.87,27435,5,卖盘
2776,13:39:39,54.87,38454,7,卖盘
2777,13:39:42,54.86,142655,26,卖盘
2778,13:39:45,54.82,460327,84,卖盘
2779,13:39:48,54.65,87562,16,卖盘
2780,13:39:51,54.65,5465,1,卖盘
2781,13:39:54,54.5,43614,8,卖盘
2782,13:39:57,54.49,38138,7,卖盘
2783,13:40:00,54.44,21778,4,卖盘
2784,13:40:03,54.49,10893,2,买盘
2785,13:40:06,54.49,21793,4,买盘
2786,13:40:09,54.48,32688,6,卖盘
2787,13:40:12,54.44,27220,5,卖盘
2788,13:40:15,54.46,43574,8,中性盘
2789,13:40:21,54.46,27229,5,买盘
2790,13:40:24,54.46,10892,2,买盘
2791,13:40:27,54.45,16335,3,卖盘
2792,13:40:30,54.46,16338,3,买盘
2793,13:40:33,54.46,5446,1,卖盘
2794,13:40:36,54.48,5448,1,卖盘
2795,13:40:39,54.49,5449,1,买盘
2796,13:40:42,54.49,10898,2,买盘
2797,13:40:45,54.49,32694,6,买盘
2798,13:40:48,54.5,38144,7,买盘
2799,13:40:51,54.49,54500,10,卖盘
2800,13:40:54,54.51,27255,5,买盘
2801,13:40:57,54.51,10902,2,买盘
2802,13:41:00,54.51,32732,6,卖盘
2803,13:41:03,54.5,21802,4,卖盘
2804,13:41:06,54.51,16353,3,买盘
2805,13:41:09,54.49,386906,71,卖盘
2806,13:41:12,54.49,5449,1,中性盘
2807,13:41:15,54.48,81720,15,卖盘
2808,13:41:18,54.46,21790,4,卖盘
2809,13:41:21,54.49,343132,63,买盘
2810,13:41:24,54.49,70822,13,买盘
2811,13:41:27,54.5,27250,5,卖盘
2812,13:41:30,54.5,49050,9,中性盘
2813,13:41:33,54.5,5450,1,卖盘
2814,13:41:36,54.5,10900,2,卖盘
2815,13:41:39,54.44,59884,11,卖盘
2816,13:41:42,54.44,136100,25,卖盘
2817,13:41:45,54.43,179601,33,卖盘
2818,13:41:51,54.41,141445,26,买盘
2819,13:41:54,54.37,5437,1,卖盘
2820,13:41:57,54.3,65204,12,卖盘
2821,13:42:00,54.3,5430,1,卖盘
2822,13:42:03,54.3,5430,1,卖盘
2823,13:42:09,54.28,119526,22,卖盘
2824,13:42:12,54.2,43320,8,卖盘
2825,13:42:15,54.18,32510,6,买盘
2826,13:42:24,54.1,10820,2,卖盘
2827,13:42:27,54.09,21639,4,卖盘
2828,13:42:36,54.09,10818,2,买盘
2829,13:42:39,54.16,10832,2,买盘
2830,13:42:45,54.1,16244,3,卖盘
2831,13:42:54,54.17,27057,5,买盘
2832,13:43:00,54.16,5416,1,买盘
2833,13:43:09,54.1,27050,5,卖盘
2834,13:43:12,54.11,54105,10,卖盘
2835,13:43:15,54.08,21647,4,卖盘
2836,13:43:18,54.08,27047,5,卖盘
2837,13:43:24,54.08,48669,9,卖盘
2838,13:43:27,54.11,21636,4,买盘
2839,13:43:33,54.09,10816,2,中性盘
2840,13:43:36,54.08,5408,1,买盘
2841,13:43:39,54.07,27035,5,卖盘
2842,13:43:42,54.05,70283,13,卖盘
2843,13:43:45,54.05,443211,82,卖盘
2844,13:43:48,54.05,54050,10,卖盘
2845,13:43:51,54.05,27028,5,卖盘
2846,13:43:54,54.05,37835,7,卖盘
2847,13:44:00,54.05,21620,4,卖盘
2848,13:44:12,54.03,37832,7,卖盘
2849,13:44:15,54.03,59433,11,卖盘
2850,13:44:18,54.06,421594,78,买盘
2851,13:44:24,54.06,5406,1,卖盘
2852,13:44:27,54.03,5403,1,卖盘
2853,13:44:30,54.02,97236,18,卖盘
2854,13:44:33,54.1,48675,9,买盘
2855,13:44:36,54.04,32424,6,卖盘
2856,13:44:39,54.02,135097,25,卖盘
2857,13:44:42,54.01,10803,2,卖盘
2858,13:44:45,54.01,108029,20,卖盘
2859,13:44:48,54.01,10804,2,卖盘
2860,13:44:51,54.0,124209,23,卖盘
2861,13:44:54,54.03,10806,2,买盘
2862,13:44:57,54.01,27005,5,卖盘
2863,13:45:03,54.03,5403,1,买盘
2864,13:45:06,54.02,5402,1,中性盘
2865,13:45:09,54.03,5403,1,买盘
2866,13:45:12,54.16,16231,3,买盘
2867,13:45:15,54.03,32418,6,卖盘
2868,13:45:18,54.02,5402,1,卖盘
2869,13:45:21,54.01,10803,2,卖盘
2870,13:45:27,54.09,37862,7,买盘
2871,13:45:30,54.08,5408,1,卖盘
2872,13:45:33,54.17,10827,2,买盘
2873,13:45:36,54.08,10825,2,卖盘
2874,13:45:39,54.08,54086,10,卖盘
2875,13:45:42,54.07,10814,2,卖盘
2876,13:45:45,54.08,135182,25,买盘
2877,13:45:48,54.08,75710,14,买盘
2878,13:45:51,54.07,5407,1,中性盘
2879,13:45:54,54.08,275800,51,买盘
2880,13:45:57,54.08,10816,2,买盘
2881,13:46:00,54.08,5408,1,买盘
2882,13:46:03,54.08,91899,17,买盘
2883,13:46:06,54.08,10816,2,买盘
2884,13:46:09,54.04,37828,7,卖盘
2885,13:46:12,54.04,59446,11,卖盘
2886,13:46:15,54.03,32419,6,卖盘
2887,13:46:18,54.08,81120,15,买盘
2888,13:46:21,54.08,10816,2,买盘
2889,13:46:27,54.03,32418,6,卖盘
2890,13:46:30,54.0,102620,19,卖盘
2891,13:46:33,54.0,48600,9,卖盘
2892,13:46:36,53.99,64798,12,卖盘
2893,13:46:39,54.02,37802,7,买盘
2894,13:46:42,53.98,37790,7,卖盘
2895,13:46:48,53.92,21574,4,卖盘
2896,13:46:51,53.92,124016,23,卖盘
2897,13:46:54,53.91,26958,5,卖盘
2898,13:47:00,53.9,16170,3,卖盘
2899,13:47:03,53.91,16171,3,买盘
2900,13:47:06,53.92,75478,14,买盘
2901,13:47:09,53.92,43128,8,买盘
2902,13:47:18,53.92,5392,1,卖盘
2903,13:47:21,53.92,10784,2,卖盘
2904,13:47:24,53.92,5392,1,卖盘
2905,13:47:27,53.9,37734,7,卖盘
2906,13:47:30,53.9,32340,6,卖盘
2907,13:47:36,53.92,5392,1,买盘
2908,13:47:39,53.91,5391,1,中性盘
2909,13:47:42,53.9,32343,6,卖盘
2910,13:47:45,53.9,26953,5,卖盘
2911,13:47:48,53.9,5390,1,卖盘
2912,13:47:51,53.9,26950,5,卖盘
2913,13:47:54,53.91,21564,4,买盘
2914,13:48:00,53.9,37730,7,卖盘
2915,13:48:03,53.9,5390,1,卖盘
2916,13:48:06,53.88,64661,12,卖盘
2917,13:48:09,53.83,53838,10,卖盘
2918,13:48:12,53.83,96887,18,卖盘
2919,13:48:15,53.87,43050,8,买盘
2920,13:48:21,53.87,10774,2,卖盘
2921,13:48:24,53.87,26935,5,卖盘
2922,13:48:27,53.88,10776,2,买盘
2923,13:48:30,53.87,5387,1,卖盘
2924,13:48:33,53.88,16164,3,买盘
2925,13:48:36,53.88,16164,3,买盘
2926,13:48:39,53.87,5387,1,卖盘
2927,13:48:42,53.88,26940,5,买盘
2928,13:48:45,53.91,70083,13,买盘
2929,13:48:48,53.91,70077,13,买盘
2930,13:48:51,53.91,10782,2,买盘
2931,13:48:54,53.89,97000,18,中性盘
2932,13:49:00,53.89,26945,5,买盘
2933,13:49:06,53.89,32334,6,买盘
2934,13:49:09,53.89,10778,2,买盘
2935,13:49:12,53.88,53884,10,卖盘
2936,13:49:15,53.89,123941,23,买盘
2937,13:49:18,53.91,107790,20,买盘
2938,13:49:21,53.91,26955,5,买盘
2939,13:49:24,53.91,43128,8,买盘
2940,13:49:30,53.91,21564,4,买盘
2941,13:49:33,53.91,26955,5,买盘
2942,13:49:42,54.03,21611,4,买盘
2943,13:49:45,53.92,10784,2,卖盘
2944,13:49:51,54.03,5403,1,买盘
2945,13:49:54,54.03,5403,1,买盘
2946,13:50:03,53.98,43189,8,中性盘
2947,13:50:06,53.98,16194,3,卖盘
2948,13:50:09,53.99,75563,14,买盘
2949,13:50:15,53.93,43156,8,卖盘
2950,13:50:18,53.93,5393,1,卖盘
2951,13:50:21,54.0,53992,10,买盘
2952,13:50:27,54.0,5400,1,卖盘
2953,13:50:30,54.0,59406,11,卖盘
2954,13:50:33,53.93,172735,32,卖盘
2955,13:50:36,53.93,21588,4,卖盘
2956,13:50:39,53.92,10785,2,卖盘
2957,13:50:42,53.92,37744,7,卖盘
2958,13:50:45,53.92,86272,16,卖盘
2959,13:50:48,53.92,70097,13,卖盘
2960,13:50:51,53.9,161726,30,卖盘
2961,13:50:54,53.88,70048,13,卖盘
2962,13:50:57,53.88,64659,12,卖盘
2963,13:51:00,53.87,91584,17,卖盘
2964,13:51:03,53.87,323220,60,卖盘
2965,13:51:06,53.86,96965,18,卖盘
2966,13:51:09,53.8,21523,4,卖盘
2967,13:51:12,53.8,59182,11,卖盘
2968,13:51:15,53.8,16140,3,卖盘
2969,13:51:18,53.8,75321,14,卖盘
2970,13:51:21,53.8,16140,3,卖盘
2971,13:51:24,53.79,16137,3,卖盘
2972,13:51:27,53.8,21519,4,买盘
2973,13:51:30,53.78,48402,9,卖盘
2974,13:51:33,53.78,21518,4,卖盘
2975,13:51:36,53.78,5378,1,卖盘
2976,13:51:42,53.74,85984,16,卖盘
2977,13:51:48,53.78,21497,4,买盘
2978,13:51:57,53.77,5377,1,买盘
2979,13:52:00,53.74,5374,1,卖盘
2980,13:52:03,53.73,5373,1,卖盘
2981,13:52:15,53.74,48366,9,卖盘
2982,13:52:18,53.73,5373,1,卖盘
2983,13:52:21,53.72,53720,10,卖盘
2984,13:52:24,53.72,5372,1,卖盘
2985,13:52:30,53.72,26860,5,卖盘
2986,13:52:33,53.71,5371,1,卖盘
2987,13:52:36,53.72,48340,9,买盘
2988,13:52:39,53.68,5368,1,卖盘
2989,13:52:42,53.7,10740,2,中性盘
2990,13:52:45,53.68,16110,3,卖盘
2991,13:52:48,53.71,32214,6,买盘
2992,13:52:51,53.68,10736,2,卖盘
2993,13:52:54,53.71,42939,8,买盘
2994,13:53:00,53.65,10730,2,卖盘
2995,13:53:06,53.65,69745,13,卖盘
2996,13:53:12,53.62,16088,3,卖盘
2997,13:53:15,53.55,69656,13,卖盘
2998,13:53:18,53.55,21420,4,卖盘
2999,13:53:21,53.53,16053,3,买盘
3000,13:53:24,53.53,42812,8,买盘
3001,13:53:27,53.45,90899,17,卖盘
3002,13:53:30,53.32,58665,11,卖盘
3003,13:53:33,53.4,69388,13,卖盘
3004,13:53:36,53.45,21380,4,中性盘
3005,13:53:39,53.45,10690,2,卖盘
3006,13:53:42,53.45,32015,6,买盘
3007,13:53:45,53.45,144290,27,买盘
3008,13:53:48,53.45,42725,8,中性盘
3009,13:53:51,53.45,32050,6,买盘
3010,13:53:54,53.45,26725,5,卖盘
3011,13:53:57,53.44,5344,1,中性盘
3012,13:54:00,53.44,48082,9,买盘
3013,13:54:09,53.42,5342,1,卖盘
3014,13:54:15,53.42,10684,2,卖盘
3015,13:54:21,53.42,48078,9,卖盘
3016,13:54:24,53.42,5342,1,卖盘
3017,13:54:27,53.45,16035,3,买盘
3018,13:54:30,53.4,74767,14,卖盘
3019,13:54:36,53.4,112142,21,卖盘
3020,13:54:39,53.41,10682,2,买盘
3021,13:54:45,53.41,5341,1,买盘
3022,13:54:48,53.34,10674,2,卖盘
3023,13:54:54,53.38,64056,12,卖盘
3024,13:54:57,53.41,128154,24,买盘
3025,13:55:06,53.4,229625,43,卖盘
3026,13:55:09,53.35,10670,2,卖盘
3027,13:55:12,53.35,10675,2,卖盘
3028,13:55:15,53.35,26675,5,卖盘
3029,13:55:18,53.35,10670,2,卖盘
3030,13:55:21,53.33,80009,15,卖盘
3031,13:55:24,53.33,15999,3,卖盘
3032,13:55:27,53.33,26673,5,卖盘
3033,13:55:30,53.38,21347,4,中性盘
3034,13:55:33,53.38,10676,2,卖盘
3035,13:55:36,53.4,21360,4,中性盘
3036,13:55:39,53.41,74770,14,买盘
3037,13:55:42,53.41,10682,2,买盘
3038,13:55:45,53.41,16023,3,买盘
3039,13:55:48,53.38,21352,4,卖盘
3040,13:56:06,53.38,21352,4,卖盘
3041,13:56:09,53.38,10676,2,卖盘
3042,13:56:12,53.41,16023,3,买盘
3043,13:56:15,53.39,117460,22,卖盘
3044,13:56:18,53.41,16021,3,买盘
3045,13:56:21,53.41,10682,2,买盘
3046,13:56:30,53.41,37379,7,买盘
3047,13:56:33,53.39,5339,1,卖盘
3048,13:56:36,53.38,32028,6,卖盘
3049,13:56:39,53.38,10676,2,卖盘
3050,13:56:42,53.36,53369,10,卖盘
3051,13:56:45,53.41,58731,11,买盘
3052,13:56:48,53.35,42681,8,卖盘
3053,13:56:51,53.41,10677,2,买盘
3054,13:56:54,53.35,96030,18,卖盘
3055,13:56:57,53.35,53359,10,卖盘
3056,13:57:03,53.38,16014,3,卖盘
3057,13:57:09,53.36,5336,1,卖盘
3058,13:57:12,53.35,16005,3,卖盘
3059,13:57:15,53.35,5335,1,卖盘
3060,13:57:18,53.35,32010,6,买盘
3061,13:57:21,53.35,48007,9,买盘
3062,13:57:27,53.4,5340,1,买盘
3063,13:57:33,53.35,58689,11,卖盘
3064,13:57:36,53.35,53354,10,卖盘
3065,13:57:42,53.39,32034,6,买盘
3066,13:57:45,53.39,5339,1,买盘
3067,13:57:48,53.36,10672,2,中性盘
3068,13:57:51,53.35,21341,4,卖盘
3069,13:57:54,53.38,10676,2,中性盘
3070,13:57:57,53.39,16012,3,买盘
3071,13:58:00,53.39,69404,13,买盘
3072,13:58:03,53.35,80025,15,卖盘
3073,13:58:06,53.32,368004,69,卖盘
3074,13:58:09,53.32,63984,12,卖盘
3075,13:58:12,53.3,15994,3,卖盘
3076,13:58:21,53.32,15994,3,买盘
3077,13:58:27,53.29,21317,4,卖盘
3078,13:58:33,53.33,149300,28,买盘
3079,13:58:39,53.33,37331,7,买盘
3080,13:58:42,53.29,10662,2,卖盘
3081,13:58:45,53.33,15999,3,买盘
3082,13:58:48,53.35,5335,1,卖盘
3083,13:58:57,53.29,5329,1,卖盘
3084,13:59:03,53.35,5335,1,卖盘
3085,13:59:06,53.29,90599,17,卖盘
3086,13:59:09,53.28,122561,23,卖盘
3087,13:59:12,53.28,26643,5,卖盘
3088,13:59:15,53.27,15983,3,卖盘
3089,13:59:24,53.28,5328,1,卖盘
3090,13:59:30,53.3,10660,2,买盘
3091,13:59:33,53.28,10656,2,卖盘
3092,13:59:36,53.28,15984,3,卖盘
3093,13:59:39,53.3,26650,5,买盘
3094,13:59:42,53.5,218877,41,买盘
3095,13:59:48,53.3,15990,3,买盘
3096,13:59:51,53.3,15990,3,买盘
3097,13:59:54,53.49,10697,2,买盘
3098,14:00:06,53.47,58818,11,买盘
3099,14:00:15,53.47,37421,7,买盘
3100,14:00:18,53.47,101593,19,卖盘
3101,14:00:27,53.43,16031,3,中性盘
3102,14:00:30,53.43,10686,2,买盘
3103,14:00:36,53.42,16026,3,买盘
3104,14:00:48,53.4,5340,1,中性盘
3105,14:00:51,53.4,26704,5,卖盘
3106,14:00:57,53.44,138921,26,买盘
3107,14:01:00,53.43,26716,5,卖盘
3108,14:01:03,53.43,5343,1,卖盘
3109,14:01:06,53.44,502229,94,买盘
3110,14:01:09,53.48,21392,4,中性盘
3111,14:01:12,53.48,69524,13,买盘
3112,14:01:18,53.48,16044,3,买盘
3113,14:01:24,53.45,21380,4,买盘
3114,14:01:27,53.45,5345,1,卖盘
3115,14:01:36,53.48,16041,3,买盘
3116,14:01:39,53.44,261861,49,卖盘
3117,14:01:42,53.44,448920,84,卖盘
3118,14:01:45,53.43,26715,5,卖盘
3119,14:01:48,53.4,128210,24,卖盘
3120,14:01:57,53.43,26717,5,中性盘
3121,14:02:00,53.44,112214,21,买盘
3122,14:02:03,53.41,5341,1,卖盘
3123,14:02:09,53.41,138938,26,卖盘
3124,14:02:15,53.44,10688,2,买盘
3125,14:02:24,53.41,56081,11,卖盘
3126,14:02:27,53.41,45423,9,卖盘
3127,14:02:33,53.31,74660,14,卖盘
3128,14:02:36,53.31,10662,2,卖盘
3129,14:02:39,53.31,10662,2,买盘
3130,14:02:42,53.31,63964,12,买盘
3131,14:02:48,53.31,37317,7,卖盘
3132,14:02:51,53.31,37317,7,卖盘
3133,14:02:54,53.31,37317,7,卖盘
3134,14:02:57,53.31,15993,3,卖盘
3135,14:03:00,53.34,16002,3,卖盘
3136,14:03:03,53.43,42653,8,买盘
3137,14:03:06,53.43,5343,1,买盘
3138,14:03:09,53.43,5343,1,买盘
3139,14:03:12,53.44,10687,2,买盘
3140,14:03:15,53.44,16010,3,买盘
3141,14:03:18,53.44,5344,1,买盘
3142,14:03:24,53.44,10688,2,买盘
3143,14:03:27,53.48,26725,5,买盘
3144,14:03:33,53.48,32088,6,买盘
3145,14:03:36,53.48,331576,62,买盘
3146,14:03:39,53.36,64087,12,卖盘
3147,14:03:42,53.36,5336,1,中性盘
3148,14:03:51,53.48,10696,2,买盘
3149,14:03:54,53.48,53480,10,买盘
3150,14:04:03,53.47,21402,4,卖盘
3151,14:04:06,53.47,16041,3,卖盘
3152,14:04:12,53.62,310492,58,买盘
3153,14:04:15,53.52,289099,54,卖盘
3154,14:04:21,53.62,16086,3,卖盘
3155,14:04:27,53.7,923636,172,买盘
3156,14:04:30,53.78,16126,3,买盘
3157,14:04:33,53.95,75393,14,买盘
3158,14:04:36,54.0,16198,3,买盘
3159,14:04:42,53.99,32394,6,买盘
3160,14:04:45,54.08,10816,2,买盘
3161,14:04:51,54.07,10806,2,中性盘
3162,14:04:54,54.06,37830,7,买盘
3163,14:04:57,54.0,10799,2,中性盘
3164,14:05:00,54.06,10812,2,买盘
3165,14:05:03,53.99,140457,26,卖盘
3166,14:05:06,53.99,91787,17,卖盘
3167,14:05:09,53.92,32302,6,中性盘
3168,14:05:12,53.99,323786,60,买盘
3169,14:05:15,54.0,21600,4,买盘
3170,14:05:18,53.99,59393,11,卖盘
3171,14:05:21,54.0,64798,12,买盘
3172,14:05:24,53.99,329343,61,卖盘
3173,14:05:27,53.99,145781,27,卖盘
