,成交时间,成交价格,成交金额,成交量,性质
0,09:25:00,50.12,245588,49,卖盘
1,09:30:00,50.66,419394,83,买盘
2,09:30:03,50.45,571840,113,卖盘
3,09:30:06,50.47,75398,15,买盘
4,09:30:09,50.31,60431,12,中性盘
5,09:30:12,50.48,40394,8,买盘
6,09:30:15,50.56,65652,13,买盘
7,09:30:18,50.63,96141,19,买盘
8,09:30:21,50.66,394776,78,买盘
9,09:30:24,50.66,55730,11,卖盘
10,09:30:27,50.68,65888,13,买盘
11,09:30:30,50.68,5068,1,卖盘
12,09:30:33,50.56,15190,3,卖盘
13,09:30:36,50.56,91050,18,卖盘
14,09:30:39,50.51,30316,6,中性盘
15,09:30:42,50.46,201928,40,卖盘
16,09:30:45,50.32,20134,4,卖盘
17,09:30:48,50.56,161737,32,买盘
18,09:30:54,50.46,151452,30,卖盘
19,09:30:57,50.46,95853,19,中性盘
20,09:31:00,50.42,95858,19,中性盘
21,09:31:03,50.41,5041,1,买盘
22,09:31:09,50.41,100700,20,买盘
23,09:31:12,50.35,30239,6,中性盘
24,09:31:15,50.3,40268,8,卖盘
25,09:31:18,50.22,95578,19,中性盘
26,09:31:27,50.22,80348,16,卖盘
27,09:31:30,50.22,15076,3,卖盘
28,09:31:39,50.22,65275,13,买盘
29,09:31:42,50.2,215880,43,中性盘
30,09:31:48,50.2,5020,1,卖盘
31,09:31:51,50.2,45187,9,卖盘
32,09:31:54,50.2,5020,1,卖盘
33,09:31:57,50.25,10050,2,中性盘
34,09:32:03,50.32,115687,23,买盘
35,09:32:06,50.37,20148,4,买盘
36,09:32:09,50.37,55357,11,买盘
37,09:32:12,50.37,10074,2,卖盘
38,09:32:18,50.38,5038,1,卖盘
39,09:32:21,50.35,20155,4,卖盘
40,09:32:24,50.46,70616,14,买盘
41,09:32:27,50.38,10078,2,卖盘
42,09:32:33,50.39,10070,2,买盘
43,09:32:39,50.4,20160,4,买盘
44,09:32:45,50.4,75558,15,买盘
45,09:32:57,50.39,10078,2,买盘
46,09:33:00,50.34,45315,9,卖盘
47,09:33:03,50.31,10068,2,卖盘
48,09:33:06,50.26,346865,69,卖盘
49,09:33:09,50.24,155594,31,中性盘
50,09:33:15,50.28,45216,9,买盘
51,09:33:18,50.25,50233,10,卖盘
52,09:33:24,50.34,5034,1,买盘
53,09:33:30,50.26,5026,1,卖盘
54,09:33:33,50.26,20104,4,卖盘
55,09:33:39,50.25,5025,1,卖盘
56,09:33:45,50.25,40198,8,卖盘
57,09:33:48,50.26,5026,1,中性盘
58,09:33:51,50.24,5024,1,卖盘
59,09:34:00,50.31,20103,4,买盘
60,09:34:03,50.24,45216,9,卖盘
61,09:34:09,50.31,10062,2,买盘
62,09:34:12,50.21,20100,4,卖盘
63,09:34:15,50.24,85408,17,中性盘
64,09:34:18,50.24,35168,7,买盘
65,09:34:21,50.24,30144,6,买盘
66,09:34:24,50.34,5034,1,买盘
67,09:34:27,50.34,5034,1,买盘
68,09:34:30,50.34,35238,7,买盘
69,09:34:33,50.35,45315,9,买盘
70,09:34:36,50.39,55313,11,买盘
71,09:34:39,50.3,30180,6,卖盘
72,09:34:42,50.26,80431,16,卖盘
73,09:34:45,50.2,15066,3,卖盘
74,09:34:48,50.21,170578,34,中性盘
75,09:34:51,50.15,20063,4,卖盘
76,09:34:57,50.14,5014,1,卖盘
77,09:35:00,50.13,25065,5,卖盘
78,09:35:03,50.13,10029,2,卖盘
79,09:35:06,50.16,25068,5,买盘
80,09:35:09,50.13,35113,7,卖盘
81,09:35:12,50.25,70317,14,买盘
82,09:35:15,50.25,5025,1,买盘
83,09:35:33,50.21,10042,2,买盘
84,09:35:36,50.16,35116,7,卖盘
85,09:35:39,50.13,50143,10,卖盘
86,09:35:42,50.08,225502,45,卖盘
87,09:35:45,50.12,30038,6,买盘
88,09:35:51,50.07,5007,1,中性盘
89,09:35:57,50.1,20046,4,中性盘
90,09:36:00,50.1,10025,2,卖盘
91,09:36:03,50.17,15047,3,买盘
92,09:36:06,50.13,20052,4,卖盘
93,09:36:15,50.12,25070,5,卖盘
94,09:36:18,50.13,10027,2,卖盘
95,09:36:24,50.15,40130,8,中性盘
96,09:36:27,50.15,50150,10,卖盘
97,09:36:30,50.15,60180,12,卖盘
98,09:36:33,50.15,5015,1,卖盘
99,09:36:36,50.23,35156,7,买盘
100,09:36:39,50.15,55171,11,卖盘
101,09:36:42,50.15,40150,8,卖盘
102,09:36:48,50.21,65231,13,买盘
103,09:36:51,50.15,120399,24,卖盘
104,09:36:57,50.15,95285,19,卖盘
105,09:37:00,50.09,65129,13,卖盘
106,09:37:06,50.01,20010,4,卖盘
107,09:37:09,50.03,10006,2,中性盘
108,09:37:12,50.12,80044,16,买盘
109,09:37:15,50.03,10006,2,卖盘
110,09:37:21,50.1,65083,13,中性盘
111,09:37:24,50.03,25015,5,卖盘
112,09:37:27,50.03,5003,1,卖盘
113,09:37:30,50.03,240144,48,卖盘
114,09:37:33,50.03,20012,4,卖盘
115,09:37:39,50.03,20017,4,卖盘
116,09:37:45,50.03,95057,19,卖盘
117,09:37:48,50.01,65017,13,卖盘
118,09:37:51,50.02,5002,1,买盘
119,09:37:54,50.03,20010,4,买盘
120,09:37:57,50.01,75019,15,卖盘
121,09:38:00,50.01,15003,3,卖盘
122,09:38:03,50.0,65005,13,卖盘
123,09:38:06,49.95,94992,19,卖盘
124,09:38:12,49.82,199311,40,卖盘
125,09:38:15,49.83,4983,1,卖盘
126,09:38:21,49.84,34884,7,卖盘
127,09:38:27,49.97,249276,50,买盘
128,09:38:30,49.85,9970,2,卖盘
129,09:38:36,49.94,9987,2,买盘
130,09:38:39,49.95,54895,11,买盘
131,09:38:42,49.85,29910,6,中性盘
132,09:38:45,49.85,29910,6,卖盘
133,09:38:51,49.83,24915,5,卖盘
134,09:38:54,49.82,59770,12,中性盘
135,09:38:57,49.68,203711,41,卖盘
136,09:39:00,49.68,34776,7,卖盘
137,09:39:03,49.68,34776,7,卖盘
138,09:39:06,49.73,134511,27,中性盘
139,09:39:09,49.84,655014,132,中性盘
140,09:39:12,49.85,79620,16,买盘
141,09:39:15,49.76,4976,1,卖盘
142,09:39:21,49.84,39872,8,卖盘
143,09:39:24,49.94,24973,5,中性盘
144,09:39:27,49.95,244719,49,买盘
145,09:39:30,50.0,74972,15,买盘
146,09:39:36,50.08,15024,3,中性盘
147,09:39:39,49.99,50035,10,卖盘
148,09:39:42,49.77,129751,26,卖盘
149,09:39:48,49.96,39983,8,中性盘
150,09:39:54,50.02,5002,1,买盘
151,09:39:57,49.96,19984,4,卖盘
152,09:40:00,49.99,14997,3,买盘
153,09:40:09,50.02,60047,12,中性盘
154,09:40:15,50.09,35063,7,买盘
155,09:40:18,50.1,35072,7,中性盘
156,09:40:21,50.18,5018,1,买盘
157,09:40:24,50.18,15054,3,中性盘
158,09:40:30,50.13,15040,3,中性盘
159,09:40:33,50.17,5017,1,买盘
160,09:40:36,50.16,5016,1,卖盘
161,09:40:39,50.12,70207,14,卖盘
162,09:40:45,50.12,15036,3,卖盘
163,09:40:48,50.12,5012,1,买盘
164,09:40:51,50.12,60143,12,买盘
165,09:40:54,50.12,30080,6,卖盘
166,09:40:57,50.16,20064,4,买盘
167,09:41:00,50.16,20064,4,买盘
168,09:41:03,50.17,5017,1,买盘
169,09:41:06,50.16,20064,4,卖盘
170,09:41:09,50.16,10032,2,卖盘
171,09:41:12,50.16,15048,3,卖盘
172,09:41:15,50.16,10032,2,卖盘
173,09:41:21,50.16,25080,5,卖盘
174,09:41:30,50.12,10024,2,卖盘
175,09:41:33,50.08,410852,82,卖盘
176,09:41:39,50.08,5008,1,买盘
177,09:41:45,50.1,95160,19,买盘
178,09:41:54,50.07,5007,1,中性盘
179,09:42:03,50.0,15000,3,卖盘
180,09:42:06,50.0,665000,133,买盘
181,09:42:09,50.0,580000,116,买盘
182,09:42:12,50.05,45033,9,买盘
183,09:42:15,50.0,150114,30,卖盘
184,09:42:21,50.0,65000,13,卖盘
185,09:42:24,50.0,30000,6,卖盘
186,09:42:27,50.0,5000,1,卖盘
187,09:42:30,49.97,574900,115,卖盘
188,09:42:33,49.94,9988,2,买盘
189,09:42:39,49.88,34917,7,卖盘
190,09:42:42,49.83,14949,3,卖盘
191,09:42:45,49.77,59755,12,卖盘
192,09:42:48,49.73,29838,6,卖盘
193,09:42:51,49.73,14919,3,卖盘
194,09:42:54,49.7,69578,14,卖盘
195,09:42:57,49.7,9938,2,中性盘
196,09:43:00,49.73,44754,9,买盘
197,09:43:03,49.78,29862,6,买盘
198,09:43:06,49.87,59768,12,买盘
199,09:43:09,49.74,14922,3,卖盘
200,09:43:15,49.9,29934,6,买盘
201,09:43:18,49.78,44819,9,卖盘
202,09:43:27,49.89,14967,3,买盘
203,09:43:30,49.89,34920,7,买盘
204,09:43:33,49.76,24882,5,卖盘
205,09:43:36,49.86,109514,22,中性盘
206,09:43:45,49.79,9958,2,卖盘
207,09:43:48,49.86,29898,6,买盘
208,09:43:54,49.76,44804,9,卖盘
209,09:43:57,49.76,9952,2,买盘
210,09:44:00,49.76,59712,12,买盘
211,09:44:03,49.76,9952,2,卖盘
212,09:44:06,49.77,4977,1,卖盘
213,09:44:15,49.77,14931,3,卖盘
214,09:44:18,49.77,4977,1,卖盘
215,09:44:21,49.78,9955,2,买盘
216,09:44:27,49.77,29870,6,卖盘
217,09:44:39,49.76,24882,5,卖盘
218,09:44:42,49.75,39800,8,卖盘
219,09:44:45,49.75,14925,3,买盘
220,09:44:48,49.75,4975,1,买盘
221,09:44:51,49.75,4975,1,买盘
222,09:44:57,49.7,54670,11,卖盘
223,09:45:03,49.67,99351,20,卖盘
224,09:45:06,49.67,44705,9,卖盘
225,09:45:09,49.67,9934,2,买盘
226,09:45:12,49.65,14895,3,卖盘
227,09:45:18,49.65,1102870,222,买盘
228,09:45:21,49.67,24850,5,中性盘
229,09:45:24,49.66,24830,5,卖盘
230,09:45:27,49.69,19883,4,中性盘
231,09:45:30,49.67,84455,17,卖盘
232,09:45:33,49.67,675512,136,买盘
233,09:45:36,49.7,19877,4,中性盘
234,09:45:42,49.69,19876,4,卖盘
235,09:45:48,49.69,19876,4,买盘
236,09:45:51,49.69,59630,12,卖盘
237,09:45:54,49.68,139122,28,卖盘
238,09:46:00,49.67,9934,2,卖盘
239,09:46:06,49.67,49674,10,卖盘
240,09:46:12,49.7,745214,150,买盘
241,09:46:18,49.71,4971,1,卖盘
242,09:46:30,49.71,74571,15,卖盘
243,09:46:36,49.73,24860,5,中性盘
244,09:46:39,49.73,19892,4,卖盘
245,09:46:42,49.68,308200,62,卖盘
246,09:46:45,49.7,24846,5,买盘
247,09:46:48,49.72,9943,2,买盘
248,09:47:00,49.69,14907,3,卖盘
249,09:47:03,49.69,29814,6,卖盘
250,09:47:06,49.69,29814,6,买盘
251,09:47:09,49.69,19875,4,买盘
252,09:47:12,49.66,292982,59,卖盘
253,09:47:15,49.66,9932,2,买盘
254,09:47:18,49.61,24805,5,卖盘
255,09:47:21,49.6,104160,21,卖盘
256,09:47:27,49.6,59520,12,卖盘
257,09:47:30,49.59,44632,9,卖盘
258,09:47:33,49.58,54529,11,卖盘
259,09:47:42,49.52,39616,8,卖盘
260,09:47:45,49.52,49520,10,卖盘
261,09:47:51,49.59,1026696,207,买盘
262,09:47:54,49.57,19828,4,中性盘
263,09:48:00,49.59,59516,12,中性盘
264,09:48:06,49.58,79351,16,卖盘
265,09:48:12,49.58,79336,16,卖盘
266,09:48:15,49.58,44630,9,卖盘
267,09:48:30,49.65,19860,4,买盘
268,09:48:33,49.58,44630,9,卖盘
269,09:48:39,49.58,19832,4,买盘
270,09:48:42,49.56,14868,3,卖盘
271,09:48:45,49.66,1001609,202,买盘
272,09:48:48,49.76,24852,5,买盘
273,09:49:00,49.69,14907,3,卖盘
274,09:49:03,49.79,228947,46,买盘
275,09:49:06,49.88,9976,2,买盘
276,09:49:12,49.78,4978,1,中性盘
277,09:49:24,49.86,14958,3,买盘
278,09:49:30,49.84,4984,1,中性盘
279,09:49:33,49.85,159492,32,买盘
280,09:49:36,49.91,4991,1,买盘
281,09:49:39,49.9,4990,1,中性盘
282,09:49:42,49.98,29979,6,买盘
283,09:49:48,49.98,14994,3,中性盘
284,09:49:51,49.98,9996,2,卖盘
285,09:49:54,49.98,384947,77,卖盘
286,09:50:03,50.0,99999,20,买盘
287,09:50:09,49.91,89858,18,卖盘
288,09:50:12,50.0,29996,6,买盘
289,09:50:21,49.86,1156681,232,卖盘
290,09:50:24,49.71,9944,2,卖盘
291,09:50:30,49.83,4983,1,买盘
292,09:50:42,49.76,14928,3,中性盘
293,09:50:45,49.74,29848,6,卖盘
294,09:50:48,49.83,14929,3,中性盘
295,09:50:54,49.82,29892,6,买盘
296,09:51:03,49.7,29825,6,卖盘
297,09:51:12,49.69,144119,29,卖盘
298,09:51:30,49.7,94430,19,卖盘
299,09:51:33,49.71,9942,2,卖盘
300,09:51:36,49.78,4978,1,买盘
301,09:51:57,49.71,4971,1,卖盘
302,09:52:06,49.72,14918,3,卖盘
303,09:52:27,49.73,4973,1,卖盘
304,09:52:36,49.8,134285,27,中性盘
305,09:52:39,49.86,29912,6,买盘
306,09:52:42,49.85,24925,5,买盘
307,09:52:45,49.85,14955,3,买盘
308,09:52:48,49.85,74792,15,中性盘
309,09:52:54,49.85,29910,6,买盘
310,09:53:06,49.76,9952,2,卖盘
311,09:53:27,49.72,14916,3,卖盘
312,09:53:30,49.76,114360,23,买盘
313,09:53:36,49.76,4976,1,买盘
314,09:53:42,49.81,54741,11,买盘
315,09:53:45,49.8,29877,6,中性盘
316,09:53:48,49.81,9961,2,买盘
317,09:53:51,49.8,9960,2,中性盘
318,09:53:57,49.81,4981,1,买盘
319,09:54:03,49.81,19924,4,买盘
320,09:54:09,49.91,4991,1,买盘
321,09:54:12,49.91,24955,5,买盘
322,09:54:15,49.91,4991,1,买盘
323,09:54:21,49.9,29940,6,买盘
324,09:54:27,49.91,4991,1,买盘
325,09:54:30,49.91,4991,1,买盘
326,09:54:51,49.98,4998,1,买盘
327,09:55:06,49.98,4998,1,买盘
328,09:55:18,49.9,24952,5,卖盘
329,09:55:21,49.83,339098,68,卖盘
330,09:55:27,49.76,9952,2,卖盘
331,09:55:33,49.75,14925,3,中性盘
332,09:55:36,49.72,9944,2,中性盘
333,09:55:42,49.75,4975,1,中性盘
334,09:55:48,49.83,9966,2,卖盘
335,09:55:54,49.86,54720,11,买盘
336,09:55:57,49.86,14958,3,买盘
337,09:56:00,49.74,59820,12,卖盘
338,09:56:15,49.74,9948,2,卖盘
339,09:56:21,49.75,49795,10,中性盘
340,09:56:24,49.75,29848,6,卖盘
341,09:56:30,49.75,4975,1,卖盘
342,09:56:39,49.75,9950,2,卖盘
343,09:56:42,49.75,4975,1,卖盘
344,09:56:45,49.8,4980,1,买盘
345,09:56:51,49.83,14949,3,买盘
346,09:56:54,49.75,14925,3,卖盘
347,09:57:06,49.83,24915,5,买盘
348,09:57:15,49.83,24915,5,卖盘
349,09:57:24,49.83,74745,15,买盘
350,09:57:30,49.77,29865,6,卖盘
351,09:57:45,49.77,204057,41,卖盘
352,09:58:00,49.87,144517,29,买盘
353,09:58:03,49.9,49881,10,买盘
354,09:58:09,49.94,9988,2,买盘
355,09:58:12,49.87,119702,24,卖盘
356,09:58:18,49.93,4993,1,中性盘
357,09:58:21,49.98,9996,2,买盘
358,09:58:24,49.87,14961,3,卖盘
359,09:58:30,49.97,4997,1,买盘
360,09:58:33,49.98,9995,2,买盘
361,09:58:39,49.97,14993,3,卖盘
362,09:58:42,50.0,29996,6,买盘
363,09:58:45,49.97,29986,6,卖盘
364,09:58:51,50.0,25000,5,买盘
365,09:58:54,49.9,9990,2,卖盘
366,09:58:57,49.99,4999,1,买盘
367,09:59:00,49.99,34969,7,买盘
368,09:59:09,49.98,14995,3,中性盘
369,09:59:12,49.96,49923,10,中性盘
370,09:59:15,49.96,74937,15,买盘
371,09:59:18,49.88,64868,13,卖盘
372,09:59:24,49.95,9990,2,买盘
373,09:59:33,49.88,4988,1,卖盘
374,09:59:39,49.9,59871,12,中性盘
375,10:00:00,49.88,19952,4,卖盘
376,10:00:03,49.9,4990,1,买盘
377,10:00:06,49.87,124697,25,卖盘
378,10:00:12,49.86,14960,3,卖盘
379,10:00:18,49.88,9976,2,买盘
380,10:00:24,49.86,69814,14,卖盘
381,10:00:27,49.89,4989,1,买盘
382,10:00:30,49.86,19944,4,卖盘
383,10:00:33,49.86,4986,1,卖盘
384,10:00:39,49.86,79776,16,卖盘
385,10:00:48,49.85,29910,6,卖盘
386,10:00:51,49.85,4985,1,卖盘
387,10:00:54,49.83,4983,1,卖盘
388,10:01:09,49.83,164439,33,卖盘
389,10:01:12,49.83,74729,15,买盘
390,10:01:15,49.83,9966,2,买盘
391,10:01:18,49.85,9970,2,买盘
392,10:01:21,49.83,24915,5,中性盘
393,10:01:24,49.86,24917,5,买盘
394,10:01:27,49.86,4986,1,买盘
395,10:01:30,49.9,24938,5,买盘
396,10:01:33,49.82,9964,2,卖盘
397,10:01:54,49.8,54782,11,卖盘
398,10:01:57,49.72,159148,32,卖盘
399,10:02:00,49.79,14937,3,买盘
400,10:02:03,49.8,29880,6,买盘
401,10:02:06,49.76,29872,6,中性盘
402,10:02:09,49.78,79636,16,买盘
403,10:02:12,49.76,94538,19,中性盘
404,10:02:21,49.67,64600,13,卖盘
405,10:02:24,49.66,14899,3,卖盘
406,10:02:30,49.75,14899,3,买盘
407,10:02:33,49.61,4961,1,卖盘
408,10:02:48,49.62,34722,7,中性盘
409,10:02:51,49.6,49604,10,卖盘
410,10:02:54,49.61,24805,5,卖盘
411,10:03:00,49.6,14880,3,卖盘
412,10:03:03,49.61,168616,34,中性盘
413,10:03:06,49.58,14874,3,中性盘
414,10:03:12,49.56,29738,6,卖盘
415,10:03:15,49.66,39686,8,买盘
416,10:03:24,49.62,54546,11,买盘
417,10:03:27,49.66,4966,1,买盘
418,10:03:30,49.74,29844,6,买盘
419,10:03:33,49.7,4970,1,中性盘
420,10:03:36,49.66,9932,2,卖盘
421,10:03:39,49.7,79528,16,买盘
422,10:03:54,49.62,19850,4,中性盘
423,10:03:57,49.64,163714,33,买盘
424,10:04:03,49.58,9922,2,卖盘
425,10:04:06,49.64,4964,1,买盘
426,10:04:09,49.58,9918,2,卖盘
427,10:04:12,49.58,9916,2,卖盘
428,10:04:18,49.58,9916,2,卖盘
429,10:04:21,49.64,4964,1,买盘
430,10:04:30,49.59,24795,5,卖盘
431,10:04:33,49.58,29749,6,卖盘
432,10:04:36,49.58,54535,11,卖盘
433,10:04:39,49.6,29750,6,中性盘
434,10:04:42,49.6,24800,5,买盘
435,10:04:45,49.57,9916,2,卖盘
436,10:04:48,49.56,287514,58,卖盘
437,10:04:51,49.62,9924,2,买盘
438,10:04:54,49.62,24809,5,买盘
439,10:04:57,49.57,44613,9,卖盘
440,10:05:03,49.57,59484,12,中性盘
441,10:05:06,49.58,14874,3,中性盘
442,10:05:09,49.58,39657,8,买盘
443,10:05:12,49.58,14872,3,买盘
444,10:05:18,49.57,44620,9,卖盘
445,10:05:21,49.58,34701,7,中性盘
446,10:05:24,49.55,64421,13,卖盘
447,10:05:27,49.55,153605,31,卖盘
448,10:05:30,49.52,128800,26,卖盘
449,10:05:33,49.56,252690,51,买盘
450,10:05:36,49.56,74340,15,卖盘
451,10:05:42,49.52,29712,6,卖盘
452,10:05:45,49.56,29716,6,买盘
453,10:05:48,49.52,29712,6,卖盘
454,10:05:51,49.5,29704,6,卖盘
455,10:05:54,49.52,19808,4,买盘
456,10:05:57,49.52,44568,9,卖盘
457,10:06:00,49.52,34670,7,中性盘
458,10:06:03,49.56,39620,8,买盘
459,10:06:18,49.52,9904,2,买盘
460,10:06:21,49.5,4950,1,卖盘
461,10:06:24,49.5,49500,10,卖盘
462,10:06:30,49.52,9904,2,卖盘
463,10:06:33,49.45,341539,69,卖盘
464,10:06:36,49.45,49472,10,卖盘
465,10:06:45,49.44,19776,4,卖盘
466,10:06:54,49.41,19767,4,卖盘
467,10:06:57,49.4,44465,9,卖盘
468,10:07:00,49.3,39467,8,卖盘
469,10:07:03,49.3,93734,19,卖盘
470,10:07:06,49.36,98638,20,中性盘
471,10:07:09,49.36,29610,6,中性盘
472,10:07:12,49.32,4932,1,卖盘
473,10:07:15,49.31,73973,15,卖盘
474,10:07:21,49.28,69004,14,卖盘
475,10:07:24,49.23,34471,7,卖盘
476,10:07:27,49.32,39419,8,买盘
477,10:07:30,49.24,113267,23,卖盘
478,10:07:33,49.28,9856,2,中性盘
479,10:07:36,49.28,44344,9,买盘
480,10:07:39,49.24,44316,9,卖盘
481,10:07:42,49.24,9848,2,卖盘
482,10:07:45,49.24,9848,2,卖盘
483,10:07:48,49.23,44307,9,卖盘
484,10:07:51,49.2,19683,4,卖盘
485,10:07:57,49.2,88580,18,卖盘
486,10:08:00,49.17,34438,7,卖盘
487,10:08:03,49.2,108240,22,卖盘
488,10:08:06,49.17,88516,18,卖盘
489,10:08:09,49.13,63878,13,卖盘
490,10:08:12,49.11,88400,18,卖盘
491,10:08:18,49.09,14728,3,卖盘
492,10:08:21,49.1,24550,5,买盘
493,10:08:24,49.09,520370,106,中性盘
494,10:08:27,49.05,206034,42,卖盘
495,10:08:30,49.07,274571,56,买盘
496,10:08:33,49.04,24516,5,中性盘
497,10:08:36,49.05,68650,14,中性盘
498,10:08:39,49.02,39216,8,卖盘
499,10:08:42,49.02,176430,36,卖盘
500,10:08:45,49.07,44143,9,买盘
501,10:08:48,49.01,1279901,261,卖盘
502,10:08:51,49.0,396901,81,卖盘
503,10:08:54,49.01,19604,4,卖盘
504,10:08:57,49.01,9802,2,卖盘
505,10:09:00,49.01,9802,2,卖盘
506,10:09:03,49.02,88251,18,中性盘
507,10:09:06,49.06,416865,85,买盘
508,10:09:09,49.07,19636,4,中性盘
509,10:09:12,49.08,9816,2,卖盘
510,10:09:15,49.17,162206,33,买盘
511,10:09:18,49.09,441974,90,卖盘
512,10:09:21,49.16,19664,4,中性盘
513,10:09:27,49.03,225747,46,卖盘
514,10:09:30,49.16,29476,6,买盘
515,10:09:36,49.12,4912,1,买盘
516,10:09:39,49.05,9810,2,卖盘
517,10:09:45,49.2,535756,109,买盘
518,10:09:48,49.14,639042,130,中性盘
519,10:09:51,49.15,54057,11,中性盘
520,10:09:54,49.11,122797,25,卖盘
521,10:09:57,49.08,53988,11,卖盘
522,10:10:03,49.08,9818,2,卖盘
523,10:10:06,49.1,4910,1,买盘
524,10:10:09,49.09,265041,54,卖盘
525,10:10:12,49.1,137443,28,买盘
526,10:10:15,49.1,49091,10,买盘
527,10:10:18,49.11,324086,66,买盘
528,10:10:21,49.15,162077,33,买盘
529,10:10:30,49.11,68762,14,卖盘
530,10:10:33,49.1,73662,15,卖盘
531,10:10:36,49.1,19634,4,买盘
532,10:10:39,49.09,58889,12,中性盘
533,10:10:42,49.07,49079,10,卖盘
534,10:10:45,49.06,147194,30,卖盘
535,10:10:48,49.1,78515,16,中性盘
536,10:10:51,49.08,107984,22,卖盘
537,10:10:54,49.05,39247,8,卖盘
538,10:10:57,49.08,53972,11,买盘
539,10:11:00,49.07,78518,16,中性盘
540,10:11:03,49.04,2274283,464,卖盘
541,10:11:06,49.03,83327,17,中性盘
542,10:11:09,49.05,34338,7,卖盘
543,10:11:12,49.04,166771,34,卖盘
544,10:11:15,49.06,372716,76,中性盘
545,10:11:18,49.01,122555,25,卖盘
546,10:11:21,49.0,176427,36,卖盘
547,10:11:24,48.96,78341,16,卖盘
548,10:11:27,49.0,39200,8,买盘
549,10:11:33,48.97,53865,11,中性盘
550,10:11:36,48.98,58756,12,中性盘
551,10:11:39,48.95,102831,21,卖盘
552,10:11:42,48.95,117510,24,卖盘
553,10:11:45,48.99,9798,2,买盘
554,10:11:48,48.95,48950,10,中性盘
555,10:11:51,48.95,34265,7,卖盘
556,10:11:54,48.95,93003,19,卖盘
557,10:11:57,48.94,29366,6,卖盘
558,10:12:00,48.95,137043,28,买盘
559,10:12:03,48.95,73425,15,买盘
560,10:12:06,48.94,102781,21,卖盘
561,10:12:09,48.96,83233,17,卖盘
562,10:12:12,48.95,137040,28,卖盘
563,10:12:15,48.94,34258,7,卖盘
564,10:12:18,48.92,156597,32,卖盘
565,10:12:21,48.89,156465,32,卖盘
566,10:12:24,48.89,14667,3,中性盘
567,10:12:27,48.89,63550,13,买盘
568,10:12:30,48.88,48892,10,卖盘
569,10:12:33,48.89,68452,14,卖盘
570,10:12:36,48.89,29333,6,买盘
571,10:12:39,48.88,14664,3,卖盘
572,10:12:42,48.88,171083,35,买盘
573,10:12:45,48.9,200486,41,买盘
574,10:12:48,48.91,107583,22,卖盘
575,10:12:51,48.88,29337,6,卖盘
576,10:12:54,48.88,63544,13,卖盘
577,10:12:57,48.87,14665,3,卖盘
578,10:13:00,48.84,19542,4,卖盘
579,10:13:03,48.8,195234,40,卖盘
580,10:13:06,48.88,4888,1,买盘
581,10:13:09,48.8,34169,7,卖盘
582,10:13:12,48.79,29282,6,卖盘
583,10:13:15,48.8,34163,7,卖盘
584,10:13:18,48.79,63419,13,买盘
585,10:13:21,48.77,78055,16,卖盘
586,10:13:24,48.77,48773,10,卖盘
587,10:13:27,48.77,78032,16,卖盘
588,10:13:30,48.77,58525,12,卖盘
589,10:13:33,48.75,34117,7,中性盘
590,10:13:36,48.74,87727,18,中性盘
591,10:13:39,48.74,180286,37,买盘
592,10:13:42,48.7,68188,14,卖盘
593,10:13:45,48.7,160706,33,卖盘
594,10:13:48,48.7,53574,11,卖盘
595,10:13:51,48.7,77927,16,卖盘
596,10:13:54,48.7,63305,13,卖盘
597,10:13:57,48.69,77913,16,卖盘
598,10:14:00,48.66,272612,56,卖盘
599,10:14:03,48.6,106947,22,卖盘
600,10:14:06,48.56,451832,93,卖盘
601,10:14:09,48.66,165099,34,买盘
602,10:14:12,48.68,63196,13,买盘
603,10:14:15,48.68,92440,19,买盘
604,10:14:18,48.57,58284,12,卖盘
605,10:14:21,48.57,43730,9,卖盘
606,10:14:24,48.62,9724,2,买盘
607,10:14:27,48.72,729617,150,买盘
608,10:14:30,48.69,462342,95,卖盘
609,10:14:33,48.62,476773,98,卖盘
610,10:14:36,48.58,714619,147,卖盘
611,10:14:39,48.62,267047,55,中性盘
612,10:14:42,48.71,102010,21,买盘
613,10:14:45,48.69,97178,20,中性盘
614,10:14:48,48.58,48586,10,卖盘
615,10:14:51,48.69,14607,3,买盘
616,10:14:54,48.54,180054,37,卖盘
617,10:14:57,48.6,102156,21,中性盘
618,10:15:00,48.6,58333,12,卖盘
619,10:15:03,48.74,68196,14,买盘
620,10:15:06,48.77,496855,102,买盘
621,10:15:09,48.71,68234,14,卖盘
622,10:15:12,48.71,107144,22,买盘
623,10:15:15,48.71,107120,22,买盘
624,10:15:18,48.71,116860,24,买盘
625,10:15:21,48.66,102222,21,卖盘
626,10:15:24,48.71,19484,4,买盘
627,10:15:27,48.71,92519,19,买盘
628,10:15:30,48.69,68155,14,卖盘
629,10:15:33,48.72,68174,14,买盘
630,10:15:36,48.73,112021,23,买盘
631,10:15:39,48.73,160676,33,买盘
632,10:15:42,48.73,204677,42,买盘
633,10:15:45,48.68,165691,34,卖盘
634,10:15:48,48.73,136311,28,买盘
635,10:15:51,48.69,77919,16,中性盘
636,10:15:54,48.77,4877,1,买盘
637,10:15:57,48.77,53605,11,买盘
638,10:16:00,48.76,107247,22,中性盘
639,10:16:03,48.72,116992,24,卖盘
640,10:16:06,48.73,121895,25,中性盘
641,10:16:09,48.77,102382,21,买盘
642,10:16:12,48.71,92579,19,卖盘
643,10:16:15,48.76,73110,15,买盘
644,10:16:21,48.77,102417,21,买盘
645,10:16:24,48.72,107290,22,卖盘
646,10:16:27,48.87,200190,41,买盘
647,10:16:30,48.86,175496,36,买盘
648,10:16:33,48.85,63445,13,中性盘
649,10:16:36,48.85,24425,5,买盘
650,10:16:39,48.85,48802,10,买盘
651,10:16:42,48.85,29310,6,买盘
652,10:16:45,48.74,24374,5,卖盘
653,10:16:48,48.8,4880,1,买盘
654,10:16:51,48.8,19520,4,买盘
655,10:16:54,48.72,48748,10,卖盘
656,10:16:57,48.69,58447,12,卖盘
657,10:17:00,48.67,228790,47,卖盘
658,10:17:03,48.63,126484,26,卖盘
659,10:17:06,48.72,14616,3,买盘
660,10:17:09,48.62,43766,9,卖盘
661,10:17:12,48.63,73002,15,中性盘
662,10:17:15,48.62,38894,8,卖盘
663,10:17:18,48.6,709606,146,卖盘
664,10:17:21,48.55,549149,113,卖盘
665,10:17:24,48.55,601572,124,买盘
666,10:17:27,48.53,621397,128,卖盘
667,10:17:30,48.53,2653472,547,卖盘
668,10:17:33,48.53,383292,79,买盘
669,10:17:36,48.53,121271,25,买盘
670,10:17:39,48.53,179484,37,卖盘
671,10:17:42,48.58,19428,4,买盘
672,10:17:45,48.58,276679,57,买盘
673,10:17:48,48.62,2061642,425,买盘
674,10:17:51,48.58,101941,21,买盘
675,10:17:54,48.62,4862,1,买盘
676,10:17:57,48.58,43719,9,卖盘
677,10:18:00,48.53,169879,35,卖盘
678,10:18:03,48.5,67900,14,卖盘
679,10:18:06,48.5,63003,13,买盘
680,10:18:09,48.5,29088,6,买盘
681,10:18:12,48.5,24244,5,买盘
682,10:18:15,48.5,58200,12,买盘
683,10:18:18,48.49,72753,15,卖盘
684,10:18:21,48.5,67884,14,卖盘
685,10:18:24,48.45,9690,2,卖盘
686,10:18:27,48.5,4850,1,买盘
687,10:18:33,48.45,9690,2,卖盘
688,10:18:42,48.45,43613,9,卖盘
689,10:18:45,48.45,77508,16,买盘
690,10:18:48,48.44,53291,11,卖盘
691,10:18:51,48.73,1111394,229,买盘
692,10:18:54,48.62,29159,6,卖盘
693,10:18:57,48.63,48658,10,卖盘
694,10:19:00,48.63,48631,10,卖盘
695,10:19:03,48.76,24354,5,买盘
696,10:19:06,48.77,9742,2,买盘
697,10:19:12,48.77,29257,6,买盘
698,10:19:18,48.66,9742,2,卖盘
699,10:19:21,48.76,68164,14,买盘
700,10:19:24,48.76,34132,7,买盘
701,10:19:27,48.76,34131,7,中性盘
702,10:19:30,48.76,24378,5,买盘
703,10:19:33,48.76,4876,1,买盘
704,10:19:36,48.76,24380,5,中性盘
705,10:19:39,48.76,38978,8,买盘
706,10:19:42,48.77,14609,3,买盘
707,10:19:51,48.76,14628,3,买盘
708,10:19:57,48.6,2430157,500,卖盘
709,10:20:00,48.6,539487,111,卖盘
710,10:20:03,48.6,174905,36,买盘
711,10:20:09,48.55,335015,69,卖盘
712,10:20:15,48.59,29146,6,买盘
713,10:20:21,48.55,19425,4,卖盘
714,10:20:24,48.55,24275,5,卖盘
715,10:20:27,48.59,14569,3,买盘
716,10:20:30,48.59,24283,5,买盘
717,10:20:33,48.59,9715,2,买盘
718,10:20:39,48.56,4856,1,卖盘
719,10:20:42,48.57,29150,6,卖盘
720,10:20:45,48.58,9716,2,中性盘
721,10:20:48,48.57,4857,1,卖盘
722,10:20:51,48.56,9712,2,卖盘
723,10:20:54,48.58,3193414,658,买盘
724,10:20:57,48.53,868692,179,卖盘
725,10:21:00,48.53,854131,176,卖盘
726,10:21:03,48.53,29112,6,买盘
727,10:21:06,48.52,4852,1,中性盘
728,10:21:09,48.52,14556,3,买盘
729,10:21:12,48.52,14556,3,卖盘
730,10:21:15,48.52,9704,2,卖盘
731,10:21:18,48.53,4853,1,买盘
732,10:21:21,48.52,19408,4,卖盘
733,10:21:24,48.53,33965,7,买盘
734,10:21:30,48.53,14559,3,买盘
735,10:21:33,48.52,24263,5,卖盘
736,10:21:36,48.54,1140460,235,买盘
737,10:21:39,48.55,4855,1,买盘
738,10:21:42,48.56,38846,8,买盘
739,10:21:45,48.56,24280,5,买盘
740,10:21:48,48.56,48560,10,卖盘
741,10:21:51,48.58,24286,5,买盘
742,10:21:54,48.59,29154,6,买盘
743,10:21:57,48.6,34014,7,买盘
744,10:22:00,48.57,19429,4,卖盘
745,10:22:03,48.57,4857,1,买盘
746,10:22:06,48.56,63128,13,卖盘
747,10:22:09,48.54,223308,46,卖盘
748,10:22:12,48.54,29120,6,买盘
749,10:22:15,48.54,24264,5,买盘
750,10:22:21,48.56,4856,1,中性盘
751,10:22:27,48.54,9708,2,卖盘
752,10:22:30,48.54,29126,6,卖盘
753,10:22:33,48.56,19424,4,买盘
754,10:22:36,48.57,29141,6,买盘
755,10:22:39,48.57,276721,57,买盘
756,10:22:42,48.57,325419,67,买盘
757,10:22:45,48.54,184494,38,卖盘
758,10:22:48,48.56,24278,5,中性盘
759,10:22:54,48.56,4856,1,买盘
760,10:22:57,48.55,38848,8,中性盘
761,10:23:00,48.55,9711,2,卖盘
762,10:23:03,48.56,77681,16,买盘
763,10:23:06,48.57,63114,13,买盘
764,10:23:09,48.54,169904,35,卖盘
765,10:23:12,48.53,67942,14,卖盘
766,10:23:18,48.52,9704,2,卖盘
767,10:23:24,48.51,4851,1,卖盘
768,10:23:27,48.51,9702,2,卖盘
769,10:23:30,48.53,33969,7,买盘
770,10:23:33,48.53,63089,13,卖盘
771,10:23:36,48.53,19412,4,买盘
772,10:23:39,48.51,58212,12,卖盘
773,10:23:45,48.52,29107,6,买盘
774,10:23:48,48.52,24260,5,买盘
775,10:23:54,48.52,24260,5,卖盘
776,10:23:57,48.52,43668,9,卖盘
777,10:24:03,48.51,53361,11,卖盘
778,10:24:06,48.5,184300,38,卖盘
779,10:24:09,48.51,4851,1,中性盘
780,10:24:12,48.52,29108,6,买盘
781,10:24:21,48.52,38816,8,买盘
782,10:24:24,48.51,116446,24,卖盘
783,10:24:27,48.52,38813,8,买盘
784,10:24:30,48.52,38813,8,买盘
785,10:24:33,48.52,38816,8,买盘
786,10:24:36,48.51,4851,1,卖盘
787,10:24:42,48.57,315431,65,买盘
788,10:24:45,48.52,228063,47,卖盘
789,10:24:48,48.57,14571,3,买盘
790,10:25:00,48.53,9706,2,卖盘
791,10:25:03,48.54,4854,1,买盘
792,10:25:06,48.53,77648,16,卖盘
793,10:25:09,48.54,4854,1,买盘
794,10:25:12,48.52,4852,1,卖盘
795,10:25:15,48.52,659848,136,卖盘
796,10:25:18,48.5,329807,68,卖盘
797,10:25:21,48.49,67890,14,卖盘
798,10:25:24,48.48,145442,30,卖盘
799,10:25:27,48.5,33950,7,买盘
800,10:25:30,48.52,67925,14,买盘
801,10:25:33,48.52,33956,7,买盘
802,10:25:36,48.54,53374,11,买盘
803,10:25:39,48.54,38828,8,买盘
804,10:25:42,48.54,38832,8,买盘
805,10:25:45,48.54,24270,5,买盘
806,10:25:51,48.54,9708,2,买盘
807,10:25:57,48.48,33936,7,卖盘
808,10:26:00,48.48,43626,9,买盘
809,10:26:03,48.48,19392,4,买盘
810,10:26:06,48.53,9706,2,买盘
811,10:26:09,48.48,19392,4,卖盘
812,10:26:12,48.52,4852,1,买盘
813,10:26:18,48.47,14546,3,卖盘
814,10:26:21,48.52,4852,1,买盘
815,10:26:24,48.46,24230,5,卖盘
816,10:26:30,48.49,4849,1,中性盘
817,10:26:48,48.46,33922,7,卖盘
818,10:26:51,48.45,106605,22,卖盘
819,10:26:57,48.48,4848,1,买盘
820,10:27:03,48.45,9690,2,卖盘
821,10:27:06,48.47,24235,5,买盘
822,10:27:09,48.45,4845,1,卖盘
823,10:27:12,48.45,9690,2,卖盘
824,10:27:15,48.45,48458,10,卖盘
825,10:27:18,48.45,14535,3,卖盘
826,10:27:21,48.44,24220,5,卖盘
827,10:27:24,48.44,24220,5,买盘
828,10:27:27,48.45,14534,3,买盘
829,10:27:30,48.43,38749,8,卖盘
830,10:27:33,48.45,4845,1,买盘
831,10:27:36,48.48,38778,8,买盘
832,10:27:39,48.48,14544,3,买盘
833,10:27:42,48.5,29096,6,买盘
834,10:27:45,48.5,58200,12,买盘
835,10:27:48,48.54,169750,35,买盘
836,10:27:51,48.54,4854,1,买盘
837,10:28:03,48.54,4854,1,卖盘
838,10:28:06,48.53,48547,10,卖盘
839,10:28:09,48.58,9716,2,买盘
840,10:28:15,48.55,53412,11,卖盘
841,10:28:18,48.55,4855,1,买盘
842,10:28:24,48.57,14567,3,买盘
843,10:28:27,48.55,19420,4,买盘
844,10:28:36,48.55,9710,2,买盘
845,10:28:39,48.54,208722,43,卖盘
846,10:28:42,48.54,9708,2,买盘
847,10:28:45,48.5,19403,4,卖盘
848,10:28:54,48.47,33935,7,卖盘
849,10:29:00,48.48,4848,1,卖盘
850,10:29:03,48.47,4847,1,卖盘
851,10:29:15,48.47,48472,10,卖盘
852,10:29:27,48.49,82407,17,中性盘
853,10:29:33,48.49,19394,4,买盘
854,10:29:36,48.5,19399,4,买盘
855,10:29:39,48.5,4850,1,买盘
856,10:29:42,48.48,19389,4,中性盘
857,10:29:45,48.48,53320,11,买盘
858,10:29:48,48.48,9696,2,买盘
859,10:29:54,48.48,24240,5,买盘
860,10:29:57,48.48,14544,3,中性盘
861,10:30:03,48.49,14547,3,买盘
862,10:30:09,48.49,29094,6,买盘
863,10:30:12,48.47,38779,8,卖盘
864,10:30:18,48.48,14545,3,卖盘
865,10:30:21,48.49,4849,1,买盘
866,10:30:24,48.47,33935,7,卖盘
867,10:30:27,48.49,4849,1,买盘
868,10:30:33,48.49,19396,4,买盘
869,10:30:36,48.47,43624,9,卖盘
870,10:30:39,48.47,48476,10,卖盘
871,10:30:42,48.47,14541,3,卖盘
872,10:30:45,48.47,9694,2,卖盘
873,10:30:54,48.49,130907,27,买盘
874,10:31:03,48.5,295850,61,买盘
875,10:31:09,48.4,1482559,306,卖盘
876,10:31:12,48.4,62920,13,买盘
877,10:31:15,48.39,9678,2,买盘
878,10:31:27,48.37,19348,4,卖盘
879,10:31:30,48.32,9664,2,卖盘
880,10:31:33,48.36,9672,2,买盘
881,10:31:36,48.32,38656,8,卖盘
882,10:31:39,48.32,28992,6,买盘
883,10:31:42,48.37,1865693,386,买盘
884,10:31:45,48.36,58037,12,卖盘
885,10:31:48,48.36,111251,23,卖盘
886,10:31:51,48.31,425369,88,卖盘
887,10:31:57,48.31,4831,1,卖盘
888,10:32:00,48.31,67717,14,卖盘
889,10:32:03,48.32,135360,28,中性盘
890,10:32:06,48.36,4836,1,买盘
891,10:32:12,48.35,72481,15,中性盘
892,10:32:15,48.35,14496,3,买盘
893,10:32:18,48.35,24175,5,买盘
894,10:32:21,48.36,14507,3,买盘
895,10:32:24,48.35,43517,9,卖盘
896,10:32:30,48.36,174093,36,买盘
897,10:32:33,48.37,9674,2,卖盘
898,10:32:42,48.4,135520,28,中性盘
899,10:32:45,48.47,53269,11,买盘
900,10:33:03,48.41,82303,17,卖盘
901,10:33:15,48.42,19366,4,买盘
902,10:33:18,48.42,217986,45,买盘
903,10:33:21,48.5,9700,2,买盘
904,10:33:24,48.57,29119,6,买盘
905,10:33:30,48.5,4850,1,买盘
906,10:33:39,48.5,9700,2,买盘
907,10:33:48,48.44,242261,50,卖盘
908,10:34:00,48.55,4855,1,买盘
909,10:34:09,48.49,24257,5,中性盘
910,10:34:15,48.48,43645,9,卖盘
911,10:34:30,48.47,4847,1,卖盘
912,10:34:39,48.47,9695,2,卖盘
913,10:34:42,48.47,9694,2,卖盘
914,10:34:51,48.45,29085,6,卖盘
915,10:34:54,48.44,29064,6,卖盘
916,10:35:03,48.4,101660,21,卖盘
917,10:35:09,48.4,72634,15,卖盘
918,10:35:12,48.4,9680,2,卖盘
919,10:35:18,48.42,24204,5,买盘
920,10:35:30,48.4,4840,1,买盘
921,10:35:36,48.4,14520,3,买盘
922,10:35:39,48.39,58078,12,中性盘
923,10:35:42,48.41,53251,11,买盘
924,10:35:45,48.39,33875,7,卖盘
925,10:35:48,48.39,19356,4,卖盘
926,10:35:51,48.4,14520,3,买盘
927,10:36:00,48.4,33879,7,买盘
928,10:36:09,48.38,9677,2,卖盘
929,10:36:15,48.38,48380,10,卖盘
930,10:36:18,48.38,62893,13,卖盘
931,10:36:30,48.38,4838,1,买盘
932,10:36:36,48.38,4838,1,买盘
933,10:36:39,48.32,58014,12,卖盘
934,10:36:48,48.33,4833,1,卖盘
935,10:36:51,48.37,24179,5,买盘
936,10:36:54,48.35,53183,11,中性盘
937,10:36:57,48.34,48340,10,卖盘
938,10:37:03,48.34,58008,12,卖盘
939,10:37:06,48.33,43498,9,卖盘
940,10:37:09,48.34,38665,8,买盘
941,10:37:12,48.33,14499,3,买盘
942,10:37:15,48.34,53222,11,买盘
943,10:37:24,48.34,24171,5,卖盘
944,10:37:30,48.37,24181,5,买盘
945,10:37:33,48.42,271041,56,买盘
946,10:37:36,48.44,14532,3,买盘
947,10:37:45,48.38,14519,3,卖盘
948,10:37:57,48.38,4838,1,卖盘
949,10:38:03,48.44,2455895,507,买盘
950,10:38:09,48.57,4857,1,中性盘
951,10:38:12,48.46,29077,6,卖盘
952,10:38:15,48.47,4847,1,中性盘
953,10:38:18,48.56,14568,3,买盘
954,10:38:24,48.56,4856,1,买盘
955,10:38:33,48.47,29083,6,卖盘
956,10:38:42,48.56,14568,3,买盘
957,10:38:45,48.56,14568,3,买盘
958,10:38:51,48.56,24280,5,买盘
959,10:38:54,48.56,38848,8,买盘
960,10:38:57,48.56,19427,4,买盘
961,10:39:00,48.56,38854,8,买盘
962,10:39:03,48.58,33994,7,买盘
963,10:39:06,48.56,19424,4,买盘
964,10:39:15,48.56,19424,4,买盘
965,10:39:18,48.59,24297,5,买盘
966,10:39:24,48.56,19424,4,卖盘
967,10:39:27,48.59,29151,6,买盘
968,10:39:33,48.59,505336,104,卖盘
969,10:39:36,48.59,87394,18,买盘
970,10:39:45,48.54,14562,3,卖盘
971,10:39:48,48.54,4854,1,卖盘
972,10:39:51,48.58,19428,4,买盘
973,10:39:54,48.59,38871,8,买盘
974,10:39:57,48.54,24284,5,卖盘
975,10:40:00,48.58,34009,7,中性盘
976,10:40:03,48.58,14576,3,中性盘
977,10:40:06,48.6,38876,8,买盘
978,10:40:09,48.6,14580,3,买盘
979,10:40:12,48.6,19440,4,买盘
980,10:40:15,48.6,19440,4,买盘
981,10:40:18,48.6,4860,1,买盘
982,10:40:24,48.6,4860,1,买盘
983,10:40:27,48.59,29157,6,卖盘
984,10:40:33,48.6,4860,1,买盘
985,10:40:39,48.6,4860,1,买盘
986,10:40:42,48.6,92340,19,买盘
987,10:40:45,48.6,4860,1,买盘
988,10:40:48,48.6,19440,4,买盘
989,10:40:51,48.7,1025496,211,买盘
990,10:40:57,48.7,4870,1,买盘
991,10:41:00,48.7,43830,9,买盘
992,10:41:03,48.7,53561,11,买盘
993,10:41:06,48.7,14594,3,买盘
994,10:41:09,48.7,9731,2,买盘
995,10:41:12,48.69,160706,33,买盘
996,10:41:15,48.7,58437,12,买盘
997,10:41:18,48.7,4870,1,买盘
998,10:41:21,48.64,87615,18,卖盘
999,10:41:24,48.65,9730,2,买盘
1000,10:41:27,48.65,9730,2,买盘
1001,10:41:30,48.65,14595,3,买盘
1002,10:41:33,48.65,4865,1,买盘
1003,10:41:42,48.63,9727,2,中性盘
1004,10:41:45,48.64,4864,1,买盘
1005,10:41:48,48.62,24310,5,卖盘
1006,10:41:51,48.59,704597,145,卖盘
1007,10:42:00,48.5,150368,31,卖盘
1008,10:42:03,48.48,9696,2,中性盘
1009,10:42:06,48.5,101847,21,买盘
1010,10:42:09,48.48,77596,16,卖盘
1011,10:42:12,48.5,4850,1,买盘
1012,10:42:15,48.5,4850,1,买盘
1013,10:42:18,48.5,14550,3,买盘
1014,10:42:24,48.5,63047,13,买盘
1015,10:42:27,48.48,92113,19,卖盘
1016,10:42:30,48.48,4848,1,买盘
1017,10:42:33,48.48,19392,4,买盘
1018,10:42:36,48.47,14541,3,卖盘
1019,10:42:39,48.48,4848,1,买盘
1020,10:42:42,48.46,9692,2,卖盘
1021,10:42:51,48.47,4847,1,买盘
1022,10:42:57,48.47,9694,2,买盘
1023,10:43:03,48.47,14539,3,中性盘
1024,10:43:06,48.47,9694,2,买盘
1025,10:43:09,48.48,4848,1,买盘
1026,10:43:15,48.47,9694,2,卖盘
1027,10:43:18,48.48,9696,2,买盘
1028,10:43:21,48.5,43638,9,买盘
1029,10:43:24,48.5,38799,8,买盘
1030,10:43:27,48.5,14550,3,买盘
1031,10:43:30,48.5,4850,1,买盘
1032,10:43:33,48.5,9700,2,买盘
1033,10:43:36,48.49,174598,36,卖盘
1034,10:43:39,48.49,14557,3,卖盘
1035,10:43:42,48.51,33965,7,中性盘
1036,10:43:45,48.64,4864,1,中性盘
1037,10:43:48,48.64,4864,1,买盘
1038,10:43:51,48.65,4865,1,买盘
1039,10:43:54,48.6,77750,16,卖盘
1040,10:43:57,48.6,14580,3,买盘
1041,10:44:00,48.59,34019,7,中性盘
1042,10:44:03,48.59,9718,2,买盘
1043,10:44:09,48.6,34018,7,买盘
1044,10:44:18,48.64,34048,7,买盘
1045,10:44:24,48.53,48530,10,卖盘
1046,10:44:27,48.53,4853,1,买盘
1047,10:44:30,48.52,14556,3,卖盘
1048,10:44:33,48.52,14556,3,卖盘
1049,10:44:39,48.52,9704,2,卖盘
1050,10:44:42,48.52,4852,1,买盘
1051,10:44:45,48.51,19407,4,卖盘
1052,10:44:48,48.51,9703,2,卖盘
1053,10:44:54,48.49,82443,17,卖盘
1054,10:44:57,48.51,24243,5,买盘
1055,10:45:00,48.48,4848,1,卖盘
1056,10:45:03,48.48,48483,10,卖盘
1057,10:45:06,48.48,9696,2,卖盘
1058,10:45:09,48.48,19393,4,卖盘
1059,10:45:12,48.49,9698,2,买盘
1060,10:45:15,48.48,24240,5,买盘
1061,10:45:18,48.5,9698,2,买盘
1062,10:45:21,48.5,19394,4,买盘
1063,10:45:27,48.49,14545,3,买盘
1064,10:45:30,48.48,24241,5,卖盘
1065,10:45:33,48.49,33943,7,买盘
1066,10:45:36,48.51,48499,10,买盘
1067,10:45:39,48.61,4861,1,买盘
1068,10:45:48,48.59,4859,1,买盘
1069,10:46:06,48.54,24270,5,买盘
1070,10:46:09,48.55,4855,1,买盘
1071,10:46:12,48.54,33978,7,买盘
1072,10:46:21,48.51,4851,1,卖盘
1073,10:46:24,48.51,24255,5,卖盘
1074,10:46:30,48.52,58219,12,买盘
1075,10:46:36,48.5,48509,10,卖盘
1076,10:46:39,48.52,19409,4,中性盘
1077,10:46:45,48.53,24262,5,买盘
1078,10:46:51,48.52,14556,3,卖盘
1079,10:46:54,48.52,14556,3,卖盘
1080,10:47:00,48.51,4851,1,中性盘
1081,10:47:03,48.51,9702,2,买盘
1082,10:47:06,48.5,14550,3,卖盘
1083,10:47:15,48.5,14550,3,卖盘
1084,10:47:21,48.48,290904,60,卖盘
1085,10:47:24,48.48,19392,4,卖盘
1086,10:47:30,48.47,9694,2,卖盘
1087,10:47:33,48.48,14544,3,买盘
1088,10:47:36,48.48,14544,3,卖盘
1089,10:47:39,48.48,24240,5,卖盘
1090,10:47:45,48.49,4849,1,买盘
1091,10:47:51,48.43,92077,19,卖盘
1092,10:48:03,48.4,111330,23,卖盘
1093,10:48:09,48.39,19356,4,卖盘
1094,10:48:18,48.35,198246,41,卖盘
1095,10:48:21,48.33,19338,4,卖盘
1096,10:48:24,48.34,14502,3,中性盘
1097,10:48:27,48.36,87064,18,买盘
1098,10:48:30,48.34,362588,75,卖盘
1099,10:48:33,48.35,62843,13,买盘
1100,10:48:36,48.34,14502,3,中性盘
1101,10:48:39,48.32,120807,25,卖盘
1102,10:48:45,48.29,1429692,296,卖盘
1103,10:48:48,48.22,77210,16,卖盘
1104,10:48:54,48.22,24110,5,卖盘
1105,10:48:57,48.22,4822,1,卖盘
1106,10:49:03,48.25,4825,1,买盘
1107,10:49:06,48.23,178386,37,中性盘
1108,10:49:12,48.22,9645,2,卖盘
1109,10:49:15,48.22,9645,2,卖盘
1110,10:49:18,48.23,24113,5,买盘
1111,10:49:21,48.23,28938,6,卖盘
1112,10:49:24,48.23,38584,8,卖盘
1113,10:49:27,48.23,48230,10,买盘
1114,10:49:30,48.23,19289,4,买盘
1115,10:49:33,48.23,14469,3,买盘
1116,10:49:36,48.23,135037,28,买盘
1117,10:49:45,48.21,53041,11,卖盘
1118,10:49:48,48.25,4825,1,买盘
1119,10:49:51,48.24,53056,11,中性盘
1120,10:50:00,48.22,53058,11,中性盘
1121,10:50:03,48.22,4822,1,买盘
1122,10:50:06,48.21,43411,9,卖盘
1123,10:50:09,48.25,62725,13,买盘
1124,10:50:12,48.25,38595,8,买盘
1125,10:50:15,48.24,24123,5,卖盘
1126,10:50:18,48.25,67532,14,买盘
1127,10:50:21,48.2,433822,90,卖盘
1128,10:50:24,48.2,24100,5,买盘
1129,10:50:27,48.2,33737,7,买盘
1130,10:50:30,48.2,19277,4,买盘
1131,10:50:33,48.19,43371,9,卖盘
1132,10:50:36,48.19,19276,4,买盘
1133,10:50:39,48.17,207173,43,卖盘
1134,10:50:45,48.13,4813,1,卖盘
1135,10:50:48,48.13,33687,7,中性盘
1136,10:50:57,48.14,24071,5,卖盘
1137,10:51:00,48.14,67393,14,买盘
1138,10:51:03,48.14,57775,12,卖盘
1139,10:51:12,48.14,33695,7,买盘
1140,10:51:15,48.14,24070,5,卖盘
1141,10:51:18,48.11,14435,3,卖盘
1142,10:51:21,48.14,4814,1,买盘
1143,10:51:24,48.13,14439,3,买盘
1144,10:51:27,48.12,14436,3,中性盘
1145,10:51:30,48.13,312959,65,买盘
1146,10:51:33,48.15,62595,13,中性盘
1147,10:51:36,48.15,9630,2,卖盘
1148,10:51:39,48.13,399545,83,卖盘
1149,10:51:42,48.13,4813,1,买盘
1150,10:51:45,48.12,28875,6,卖盘
1151,10:51:48,48.12,4812,1,卖盘
1152,10:51:51,48.12,28872,6,卖盘
1153,10:51:54,48.11,495624,103,卖盘
1154,10:51:57,48.12,9624,2,卖盘
1155,10:52:00,48.11,14433,3,卖盘
1156,10:52:06,48.11,38488,8,卖盘
1157,10:52:09,48.11,76976,16,卖盘
1158,10:52:12,48.11,38488,8,卖盘
1159,10:52:15,48.11,14433,3,买盘
1160,10:52:18,48.11,24052,5,中性盘
1161,10:52:21,48.1,139495,29,卖盘
1162,10:52:24,48.1,28855,6,买盘
1163,10:52:30,48.07,269244,56,卖盘
1164,10:52:36,48.07,4807,1,卖盘
1165,10:52:39,48.06,9612,2,卖盘
1166,10:52:42,48.06,24030,5,卖盘
1167,10:52:45,48.06,9612,2,卖盘
1168,10:52:48,48.06,43254,9,卖盘
1169,10:52:51,48.06,28836,6,卖盘
1170,10:52:57,48.04,4804,1,卖盘
1171,10:53:00,48.05,24022,5,买盘
1172,10:53:03,48.04,4804,1,卖盘
1173,10:53:06,48.03,14409,3,卖盘
1174,10:53:09,48.02,19212,4,卖盘
1175,10:53:12,48.03,4803,1,中性盘
1176,10:53:15,48.03,38424,8,买盘
1177,10:53:18,48.03,24015,5,卖盘
1178,10:53:21,48.04,62431,13,买盘
1179,10:53:24,48.03,24011,5,买盘
1180,10:53:27,48.02,62430,13,卖盘
1181,10:53:30,48.01,62416,13,卖盘
1182,10:53:33,48.03,38410,8,买盘
1183,10:53:36,48.01,14403,3,卖盘
1184,10:53:39,48.02,28809,6,买盘
1185,10:53:42,48.0,801666,167,卖盘
1186,10:53:45,48.02,57626,12,买盘
1187,10:53:48,48.0,225622,47,卖盘
1188,10:53:51,48.0,43200,9,买盘
1189,10:53:54,48.02,14406,3,卖盘
1190,10:54:00,47.99,124792,26,卖盘
1191,10:54:06,47.99,23997,5,卖盘
1192,10:54:09,47.99,9598,2,卖盘
1193,10:54:12,48.02,691274,144,买盘
1194,10:54:15,48.06,33642,7,买盘
1195,10:54:18,48.04,28831,6,卖盘
1196,10:54:21,48.1,14414,3,买盘
1197,10:54:24,48.02,4802,1,卖盘
1198,10:54:33,48.03,4803,1,中性盘
1199,10:54:39,48.02,67261,14,卖盘
1200,10:54:45,48.07,38449,8,买盘
1201,10:54:48,48.06,14418,3,卖盘
1202,10:54:51,48.1,72117,15,买盘
1203,10:54:54,48.1,110566,23,买盘
1204,10:54:57,48.13,33677,7,买盘
1205,10:55:00,48.13,67374,14,买盘
1206,10:55:03,48.12,43290,9,中性盘
1207,10:55:06,48.15,447719,93,买盘
1208,10:55:09,48.12,4812,1,中性盘
1209,10:55:12,48.12,4812,1,买盘
1210,10:55:15,48.12,4812,1,买盘
1211,10:55:18,48.11,4811,1,卖盘
1212,10:55:24,48.11,43294,9,买盘
1213,10:55:27,48.11,14433,3,卖盘
1214,10:55:30,48.12,9624,2,买盘
1215,10:55:33,48.15,33696,7,中性盘
1216,10:55:36,48.13,9626,2,卖盘
1217,10:55:39,48.16,9629,2,中性盘
1218,10:55:48,48.16,101136,21,买盘
1219,10:55:54,48.15,24072,5,买盘
1220,10:56:00,48.14,9628,2,买盘
1221,10:56:03,48.13,43317,9,卖盘
1222,10:56:06,48.12,24059,5,卖盘
1223,10:56:09,48.11,24055,5,卖盘
1224,10:56:12,48.11,91381,19,买盘
1225,10:56:18,48.08,4808,1,卖盘
1226,10:56:21,48.08,24040,5,卖盘
1227,10:56:24,48.1,48092,10,买盘
1228,10:56:27,48.08,19236,4,卖盘
1229,10:56:30,48.06,38450,8,卖盘
1230,10:56:33,48.06,38456,8,卖盘
1231,10:56:36,48.05,28834,6,卖盘
1232,10:56:39,48.03,24019,5,卖盘
1233,10:56:42,48.04,28821,6,中性盘
1234,10:56:45,48.0,172845,36,卖盘
1235,10:56:48,48.0,192000,40,卖盘
1236,10:56:54,48.0,192034,40,卖盘
1237,10:56:57,48.0,24000,5,卖盘
1238,10:57:00,48.0,24000,5,买盘
1239,10:57:03,47.99,33596,7,卖盘
1240,10:57:06,47.99,19197,4,卖盘
1241,10:57:09,47.99,14397,3,卖盘
1242,10:57:12,47.99,23995,5,卖盘
1243,10:57:15,48.0,143990,30,买盘
1244,10:57:18,47.99,14397,3,卖盘
1245,10:57:21,48.0,110393,23,买盘
1246,10:57:24,47.99,14397,3,卖盘
1247,10:57:27,47.99,33594,7,卖盘
1248,10:57:30,47.99,47990,10,卖盘
1249,10:57:33,47.99,23995,5,卖盘
1250,10:57:36,48.0,4800,1,买盘
1251,10:57:39,47.99,14397,3,卖盘
1252,10:57:42,47.99,4799,1,中性盘
1253,10:57:45,47.99,71971,15,买盘
1254,10:57:48,47.98,62381,13,卖盘
1255,10:57:51,47.98,19192,4,买盘
1256,10:57:54,47.97,14391,3,卖盘
1257,10:57:57,47.97,28782,6,卖盘
1258,10:58:00,47.98,4798,1,买盘
1259,10:58:03,47.97,14391,3,卖盘
1260,10:58:06,47.97,33579,7,卖盘
1261,10:58:09,47.97,28782,6,中性盘
1262,10:58:12,48.03,619017,129,买盘
1263,10:58:15,47.98,19209,4,卖盘
1264,10:58:30,48.12,4812,1,买盘
1265,10:58:39,48.04,14412,3,中性盘
1266,10:58:42,48.04,33632,7,中性盘
1267,10:58:45,48.11,388857,81,买盘
1268,10:58:48,48.1,4810,1,中性盘
1269,10:58:51,48.11,14431,3,买盘
1270,10:58:54,48.05,9610,2,中性盘
1271,10:58:57,48.02,28815,6,卖盘
1272,10:59:03,48.02,48020,10,卖盘
1273,10:59:09,48.03,4803,1,买盘
1274,10:59:12,48.03,14409,3,买盘
1275,10:59:15,48.02,14406,3,卖盘
1276,10:59:18,48.03,28815,6,买盘
1277,10:59:21,48.04,19214,4,买盘
1278,10:59:24,48.02,52843,11,卖盘
1279,10:59:27,48.05,38440,8,买盘
1280,10:59:30,48.05,67262,14,买盘
1281,10:59:33,48.04,43243,9,中性盘
1282,10:59:36,48.05,57657,12,买盘
1283,10:59:39,48.05,76870,16,买盘
1284,10:59:42,48.05,28825,6,买盘
1285,10:59:45,48.05,81679,17,买盘
1286,10:59:48,48.04,168166,35,中性盘
1287,10:59:54,48.11,4811,1,买盘
1288,10:59:57,48.11,24055,5,买盘
1289,11:00:00,48.1,9620,2,中性盘
1290,11:00:03,48.05,24025,5,卖盘
1291,11:00:06,48.1,24047,5,买盘
1292,11:00:09,48.1,38481,8,买盘
1293,11:00:12,48.12,14434,3,买盘
1294,11:00:15,48.1,14430,3,卖盘
1295,11:00:18,48.17,4817,1,买盘
1296,11:00:21,48.16,9632,2,买盘
1297,11:00:27,48.15,9630,2,买盘
1298,11:00:33,48.13,24068,5,卖盘
1299,11:00:39,48.11,9623,2,卖盘
1300,11:00:45,48.1,14430,3,中性盘
1301,11:00:51,48.11,24046,5,买盘
1302,11:00:57,48.12,38482,8,买盘
1303,11:01:00,48.12,28864,6,买盘
1304,11:01:03,48.12,33688,7,卖盘
1305,11:01:09,48.15,4815,1,买盘
1306,11:01:18,48.12,14436,3,卖盘
1307,11:01:21,48.14,48134,10,买盘
1308,11:01:27,48.12,14436,3,买盘
1309,11:01:30,48.11,4811,1,中性盘
1310,11:01:33,48.1,24052,5,中性盘
1311,11:01:48,48.11,43289,9,中性盘
1312,11:02:03,48.09,19237,4,卖盘
1313,11:02:06,48.08,57703,12,卖盘
1314,11:02:15,48.08,33647,7,中性盘
1315,11:02:18,48.06,33648,7,卖盘
1316,11:02:27,48.06,19226,4,卖盘
1317,11:02:30,48.07,19225,4,买盘
1318,11:02:33,48.07,33645,7,买盘
1319,11:02:36,48.06,24030,5,买盘
1320,11:02:39,48.06,24034,5,卖盘
1321,11:02:48,48.06,28836,6,卖盘
1322,11:02:51,48.06,14418,3,买盘
1323,11:02:57,48.07,28839,6,买盘
1324,11:03:00,48.08,62504,13,买盘
1325,11:03:03,48.09,24042,5,买盘
1326,11:03:06,48.09,33660,7,买盘
1327,11:03:09,48.08,9616,2,卖盘
1328,11:03:12,48.08,4808,1,买盘
1329,11:03:15,48.09,62511,13,买盘
1330,11:03:24,48.07,4807,1,卖盘
1331,11:03:30,48.06,24033,5,卖盘
1332,11:03:36,48.06,33639,7,买盘
1333,11:03:39,48.07,4807,1,买盘
1334,11:03:42,48.05,86490,18,卖盘
1335,11:03:48,48.04,9608,2,卖盘
1336,11:03:51,48.05,91290,19,买盘
1337,11:03:54,48.04,19217,4,卖盘
1338,11:03:57,48.05,168166,35,中性盘
1339,11:04:00,48.05,14415,3,卖盘
1340,11:04:03,48.05,4805,1,买盘
1341,11:04:06,48.04,14412,3,卖盘
1342,11:04:09,48.04,14412,3,卖盘
1343,11:04:12,48.04,14412,3,卖盘
1344,11:04:15,48.04,14412,3,卖盘
1345,11:04:18,48.05,48050,10,买盘
1346,11:04:21,48.04,14412,3,卖盘
1347,11:04:24,48.04,76864,16,卖盘
1348,11:04:30,48.03,33621,7,卖盘
1349,11:04:36,48.03,369697,77,卖盘
1350,11:04:39,48.01,28808,6,卖盘
1351,11:04:42,48.0,360004,75,卖盘
1352,11:04:45,47.99,9598,2,卖盘
1353,11:04:48,47.99,14399,3,卖盘
1354,11:04:51,47.99,14397,3,卖盘
1355,11:04:54,47.99,33593,7,卖盘
1356,11:04:57,48.0,331083,69,买盘
1357,11:05:03,47.96,4796,1,卖盘
1358,11:05:06,47.9,378678,79,卖盘
1359,11:05:09,47.89,38314,8,卖盘
1360,11:05:12,47.89,4789,1,买盘
1361,11:05:15,47.89,43098,9,买盘
1362,11:05:21,47.85,545760,114,卖盘
1363,11:05:30,47.88,28728,6,卖盘
1364,11:05:36,47.88,19152,4,买盘
1365,11:05:39,47.86,47863,10,卖盘
1366,11:05:42,47.93,756768,158,买盘
1367,11:05:45,47.94,23972,5,中性盘
1368,11:05:48,47.89,23964,5,卖盘
1369,11:05:51,47.94,19181,4,中性盘
1370,11:05:54,47.95,9590,2,卖盘
1371,11:05:57,47.94,28764,6,买盘
1372,11:06:00,47.9,23950,5,卖盘
1373,11:06:03,47.9,28740,6,买盘
1374,11:06:06,47.91,38331,8,中性盘
1375,11:06:09,47.93,19172,4,买盘
1376,11:06:12,47.9,23954,5,卖盘
1377,11:06:15,47.89,143697,30,卖盘
1378,11:06:18,47.9,14370,3,买盘
1379,11:06:21,47.89,71837,15,卖盘
1380,11:06:27,47.88,306475,64,卖盘
1381,11:06:30,47.89,9578,2,中性盘
1382,11:06:33,47.86,14358,3,卖盘
1383,11:06:36,47.85,19143,4,卖盘
1384,11:06:39,47.86,9572,2,买盘
1385,11:06:42,47.86,33496,7,买盘
1386,11:06:45,47.86,33502,7,买盘
1387,11:06:48,47.86,23930,5,卖盘
1388,11:06:51,47.86,124411,26,买盘
1389,11:06:54,47.86,4786,1,买盘
1390,11:06:57,47.87,660115,138,买盘
1391,11:07:00,47.87,28727,6,中性盘
1392,11:07:03,47.86,81410,17,卖盘
1393,11:07:06,47.9,33518,7,买盘
1394,11:07:09,47.91,28741,6,买盘
1395,11:07:12,47.89,14367,3,卖盘
1396,11:07:15,47.88,19154,4,卖盘
1397,11:07:21,47.92,4792,1,买盘
1398,11:07:30,47.87,9575,2,卖盘
1399,11:07:36,47.88,14364,3,中性盘
1400,11:07:45,47.87,14361,3,卖盘
1401,11:07:48,47.87,62231,13,卖盘
1402,11:07:51,47.87,19148,4,卖盘
1403,11:07:54,47.87,23935,5,买盘
1404,11:07:57,47.87,14361,3,卖盘
1405,11:08:00,47.87,23932,5,中性盘
1406,11:08:03,47.87,71829,15,中性盘
1407,11:08:06,47.91,9582,2,中性盘
1408,11:08:15,47.9,47900,10,买盘
1409,11:08:24,47.91,19161,4,买盘
1410,11:08:27,47.89,14367,3,卖盘
1411,11:08:30,47.88,19153,4,卖盘
1412,11:08:33,47.92,19165,4,买盘
1413,11:08:36,47.9,14370,3,中性盘
1414,11:08:42,47.93,4793,1,中性盘
1415,11:08:54,47.91,14373,3,买盘
1416,11:08:57,47.89,38315,8,卖盘
1417,11:09:12,47.89,14367,3,卖盘
1418,11:09:15,47.88,14364,3,卖盘
1419,11:09:21,47.89,28731,6,买盘
1420,11:09:27,47.88,52683,11,卖盘
1421,11:09:30,47.9,14368,3,买盘
1422,11:09:33,47.89,14367,3,中性盘
1423,11:09:36,47.89,19157,4,卖盘
1424,11:09:39,47.9,19160,4,买盘
1425,11:09:42,47.91,19160,4,中性盘
1426,11:09:45,47.91,9582,2,买盘
1427,11:09:48,47.9,4790,1,中性盘
1428,11:09:51,47.92,33531,7,买盘
1429,11:10:00,47.92,38366,8,卖盘
1430,11:10:18,47.92,86271,18,卖盘
1431,11:10:24,47.88,114954,24,卖盘
1432,11:10:27,47.87,28726,6,卖盘
1433,11:10:30,47.89,28729,6,买盘
1434,11:10:33,47.89,4789,1,买盘
1435,11:10:36,47.89,23942,5,买盘
1436,11:10:42,47.87,28722,6,卖盘
1437,11:10:45,47.86,33506,7,卖盘
1438,11:10:48,47.87,33509,7,买盘
1439,11:10:51,47.87,28719,6,买盘
1440,11:10:57,47.87,57437,12,买盘
1441,11:11:00,47.86,133993,28,卖盘
1442,11:11:06,47.85,62213,13,卖盘
1443,11:11:12,47.85,14355,3,卖盘
1444,11:11:15,47.86,162680,34,买盘
1445,11:11:18,47.84,52624,11,卖盘
1446,11:11:21,47.85,76560,16,买盘
1447,11:11:24,47.84,33494,7,卖盘
1448,11:11:27,47.85,38276,8,中性盘
1449,11:11:33,47.85,14355,3,中性盘
1450,11:11:36,47.85,4785,1,中性盘
1451,11:11:39,47.85,14353,3,买盘
1452,11:11:42,47.84,19139,4,卖盘
1453,11:11:45,47.85,14353,3,中性盘
1454,11:11:48,47.84,23920,5,卖盘
1455,11:11:51,47.84,28704,6,卖盘
1456,11:11:54,47.84,28704,6,卖盘
1457,11:11:57,47.83,38271,8,卖盘
1458,11:12:00,47.84,28699,6,买盘
1459,11:12:03,47.84,23920,5,买盘
1460,11:12:06,47.83,129147,27,卖盘
1461,11:12:09,47.83,57391,12,买盘
1462,11:12:12,47.82,28692,6,卖盘
1463,11:12:18,47.82,14346,3,卖盘
1464,11:12:21,47.82,47827,10,卖盘
1465,11:12:24,47.82,23910,5,卖盘
1466,11:12:27,47.82,14346,3,卖盘
1467,11:12:30,47.82,14346,3,卖盘
1468,11:12:33,47.83,38261,8,买盘
1469,11:12:36,47.82,33474,7,卖盘
1470,11:12:39,47.85,143501,30,买盘
1471,11:12:45,47.85,14355,3,卖盘
1472,11:12:51,47.86,9572,2,卖盘
1473,11:12:57,47.86,9572,2,卖盘
1474,11:13:00,47.93,4793,1,中性盘
1475,11:13:03,47.86,4786,1,中性盘
1476,11:13:09,47.86,14358,3,卖盘
1477,11:13:12,47.92,28749,6,买盘
1478,11:13:24,47.86,9572,2,卖盘
1479,11:13:27,47.85,33495,7,卖盘
1480,11:13:30,47.85,4785,1,卖盘
1481,11:13:33,47.85,23925,5,卖盘
1482,11:13:36,47.85,43072,9,卖盘
1483,11:13:39,47.85,43047,9,买盘
1484,11:13:42,47.82,14346,3,卖盘
1485,11:13:45,47.85,28695,6,买盘
1486,11:13:51,47.84,14352,3,买盘
1487,11:13:54,47.81,23907,5,卖盘
1488,11:14:00,47.86,373197,78,买盘
1489,11:14:03,47.93,57488,12,买盘
1490,11:14:06,47.93,9585,2,买盘
1491,11:14:09,47.94,81518,17,卖盘
1492,11:14:27,47.97,9594,2,买盘
1493,11:14:30,47.96,19184,4,中性盘
1494,11:14:36,47.97,33576,7,买盘
1495,11:14:39,47.98,19186,4,买盘
1496,11:14:42,47.96,139076,29,中性盘
1497,11:14:57,47.94,14382,3,买盘
1498,11:15:00,47.93,14379,3,买盘
1499,11:15:03,47.93,9586,2,卖盘
1500,11:15:06,47.92,4792,1,买盘
1501,11:15:09,47.91,4791,1,卖盘
1502,11:15:12,47.9,86226,18,卖盘
1503,11:15:15,47.88,9576,2,卖盘
1504,11:15:18,47.9,23947,5,买盘
1505,11:15:21,47.88,4788,1,卖盘
1506,11:15:24,47.9,38318,8,买盘
1507,11:15:27,47.9,86224,18,卖盘
1508,11:15:30,47.96,19184,4,买盘
1509,11:15:33,48.0,33585,7,买盘
1510,11:15:39,48.0,9600,2,买盘
1511,11:15:42,48.0,105571,22,买盘
1512,11:15:45,47.94,52738,11,卖盘
1513,11:15:48,47.94,38368,8,买盘
1514,11:15:51,47.97,14391,3,买盘
1515,11:15:54,47.97,4797,1,卖盘
1516,11:15:57,47.97,19186,4,买盘
1517,11:16:00,47.9,71858,15,卖盘
1518,11:16:03,47.9,28740,6,买盘
1519,11:16:06,47.9,28740,6,买盘
1520,11:16:09,47.89,100588,21,卖盘
1521,11:16:12,47.87,28733,6,卖盘
1522,11:16:15,47.9,158059,33,买盘
1523,11:16:18,47.9,19157,4,买盘
1524,11:16:24,47.85,86160,18,卖盘
1525,11:16:36,47.85,19143,4,卖盘
1526,11:16:42,47.85,23925,5,卖盘
1527,11:16:45,47.86,9571,2,买盘
1528,11:16:48,47.85,9570,2,卖盘
1529,11:16:51,47.86,28713,6,买盘
1530,11:16:54,47.88,76586,16,买盘
1531,11:16:57,47.91,95804,20,买盘
1532,11:17:00,47.86,90986,19,卖盘
1533,11:17:03,47.85,28720,6,卖盘
1534,11:17:09,47.89,4789,1,中性盘
1535,11:17:12,47.89,4789,1,买盘
1536,11:17:18,47.87,14361,3,卖盘
1537,11:17:21,47.87,23937,5,卖盘
1538,11:17:24,47.87,23938,5,中性盘
1539,11:17:27,47.89,9578,2,买盘
1540,11:17:30,47.9,28732,6,买盘
1541,11:17:33,47.92,297007,62,买盘
1542,11:17:36,48.03,9606,2,买盘
1543,11:17:42,48.02,9604,2,买盘
1544,11:17:45,48.01,14403,3,中性盘
1545,11:17:48,48.02,9600,2,买盘
1546,11:17:57,47.96,4796,1,买盘
1547,11:18:00,47.93,4793,1,卖盘
1548,11:18:03,47.9,62306,13,卖盘
1549,11:18:06,47.96,86307,18,买盘
1550,11:18:09,47.9,9580,2,卖盘
1551,11:18:12,47.9,23950,5,卖盘
1552,11:18:15,47.93,4793,1,中性盘
1553,11:18:18,47.93,4793,1,买盘
1554,11:18:21,47.94,71883,15,买盘
1555,11:18:24,47.94,57521,12,买盘
1556,11:18:27,47.97,9594,2,买盘
1557,11:18:30,47.96,38358,8,中性盘
1558,11:18:33,47.92,162965,34,卖盘
1559,11:18:36,47.97,71902,15,买盘
1560,11:18:39,47.97,71987,15,买盘
1561,11:18:42,48.02,48020,10,买盘
1562,11:18:45,48.02,43211,9,买盘
1563,11:18:48,48.01,48021,10,卖盘
1564,11:18:51,48.03,115209,24,买盘
1565,11:18:54,47.99,76824,16,卖盘
1566,11:19:00,47.95,57554,12,卖盘
1567,11:19:03,47.98,33579,7,买盘
1568,11:19:06,47.97,86313,18,买盘
1569,11:19:09,47.95,14387,3,卖盘
1570,11:19:12,47.97,57551,12,买盘
1571,11:19:15,47.99,57561,12,买盘
1572,11:19:18,47.97,28785,6,中性盘
1573,11:19:21,47.99,91148,19,买盘
1574,11:19:24,48.02,33596,7,买盘
1575,11:19:33,48.0,9600,2,中性盘
1576,11:19:36,48.0,47991,10,买盘
1577,11:19:39,48.0,9600,2,中性盘
1578,11:19:45,47.98,4798,1,卖盘
1579,11:19:48,47.98,28788,6,买盘
1580,11:19:51,47.95,57540,12,中性盘
1581,11:19:57,47.95,62343,13,中性盘
1582,11:20:00,48.01,57585,12,买盘
1583,11:20:09,48.02,33608,7,买盘
1584,11:20:12,48.02,91206,19,买盘
1585,11:20:15,48.01,14405,3,卖盘
1586,11:20:18,48.02,14406,3,卖盘
1587,11:20:21,48.03,24012,5,买盘
1588,11:20:39,48.01,62406,13,买盘
1589,11:20:42,47.99,38382,8,买盘
1590,11:20:48,47.98,4798,1,买盘
1591,11:20:51,47.97,14391,3,卖盘
1592,11:20:54,47.98,47977,10,买盘
1593,11:20:57,47.97,38379,8,卖盘
1594,11:21:00,48.01,43209,9,买盘
1595,11:21:03,47.97,28798,6,卖盘
1596,11:21:06,48.02,19208,4,中性盘
1597,11:21:09,48.03,38423,8,买盘
1598,11:21:12,48.03,38424,8,卖盘
1599,11:21:21,48.0,91208,19,卖盘
1600,11:21:27,47.97,23988,5,卖盘
1601,11:21:33,47.95,14386,3,卖盘
1602,11:21:36,47.97,9592,2,买盘
1603,11:21:42,47.96,33569,7,买盘
1604,11:21:45,47.95,9590,2,卖盘
1605,11:21:48,47.96,19183,4,买盘
1606,11:21:51,47.95,28773,6,卖盘
1607,11:21:54,47.97,4797,1,买盘
1608,11:22:00,47.96,19184,4,买盘
1609,11:22:03,47.96,19184,4,买盘
1610,11:22:06,47.95,14386,3,卖盘
1611,11:22:09,47.96,215862,45,卖盘
1612,11:22:24,47.98,23986,5,买盘
1613,11:22:27,47.96,4796,1,卖盘
1614,11:22:36,47.96,14388,3,卖盘
1615,11:22:39,47.96,14388,3,卖盘
1616,11:22:42,47.98,52771,11,买盘
1617,11:22:45,47.96,28776,6,卖盘
1618,11:22:48,47.95,19183,4,卖盘
1619,11:22:51,47.95,33569,7,卖盘
1620,11:22:54,47.95,19180,4,卖盘
1621,11:23:06,47.94,306878,64,卖盘
1622,11:23:09,47.92,71896,15,卖盘
1623,11:23:12,47.92,4792,1,买盘
1624,11:23:15,47.91,43119,9,卖盘
1625,11:23:18,47.9,148493,31,卖盘
1626,11:23:21,47.88,81417,17,卖盘
1627,11:23:24,47.88,33518,7,卖盘
1628,11:23:27,47.88,28728,6,卖盘
1629,11:23:30,47.88,33516,7,卖盘
1630,11:23:33,47.88,14364,3,卖盘
1631,11:23:36,47.88,62244,13,卖盘
1632,11:23:39,47.88,28729,6,卖盘
1633,11:23:42,47.88,47880,10,卖盘
1634,11:23:45,47.87,143612,30,卖盘
1635,11:23:48,47.83,162660,34,卖盘
1636,11:23:51,47.86,71740,15,中性盘
1637,11:23:57,47.81,33471,7,卖盘
1638,11:24:00,47.82,23910,5,中性盘
1639,11:24:03,47.83,14349,3,卖盘
1640,11:24:06,47.83,33481,7,卖盘
1641,11:24:12,47.8,1023012,214,卖盘
1642,11:24:15,47.84,43056,9,买盘
1643,11:24:18,47.84,4784,1,卖盘
1644,11:24:21,47.84,76549,16,卖盘
1645,11:24:24,47.8,129106,27,卖盘
1646,11:24:27,47.8,14340,3,买盘
1647,11:24:30,47.84,23900,5,中性盘
1648,11:24:33,47.79,9558,2,卖盘
1649,11:24:36,47.84,9568,2,买盘
1650,11:24:45,47.81,9563,2,中性盘
1651,11:24:48,47.82,47804,10,买盘
1652,11:24:54,47.8,38237,8,买盘
1653,11:24:57,47.79,14337,3,卖盘
1654,11:25:03,47.79,23892,5,买盘
1655,11:25:06,47.78,14334,3,卖盘
1656,11:25:12,47.77,4777,1,卖盘
1657,11:25:15,47.78,57337,12,买盘
1658,11:25:18,47.8,62146,13,中性盘
1659,11:25:21,47.85,71705,15,买盘
1660,11:25:24,47.79,52569,11,卖盘
1661,11:25:27,47.77,23886,5,卖盘
1662,11:25:33,47.77,19108,4,卖盘
1663,11:25:45,47.76,9553,2,卖盘
1664,11:25:51,47.8,4780,1,中性盘
1665,11:25:54,47.78,9556,2,卖盘
1666,11:25:57,47.79,14337,3,中性盘
1667,11:26:06,47.78,14334,3,卖盘
1668,11:26:09,47.78,23890,5,卖盘
1669,11:26:12,47.78,4778,1,卖盘
1670,11:26:15,47.77,33439,7,卖盘
1671,11:26:18,47.75,47758,10,卖盘
1672,11:26:24,47.79,109884,23,买盘
1673,11:26:27,47.77,85998,18,卖盘
1674,11:26:30,47.77,28665,6,卖盘
1675,11:26:33,47.75,42981,9,卖盘
1676,11:26:36,47.78,14334,3,中性盘
1677,11:26:39,47.79,14337,3,买盘
1678,11:26:42,47.78,42993,9,中性盘
1679,11:26:45,47.76,14328,3,卖盘
1680,11:26:48,47.79,28659,6,中性盘
1681,11:26:51,47.76,38210,8,卖盘
1682,11:27:03,47.76,42987,9,卖盘
1683,11:27:06,47.77,38211,8,中性盘
1684,11:27:09,47.79,76452,16,买盘
1685,11:27:12,47.84,81256,17,买盘
1686,11:27:15,47.87,4787,1,买盘
1687,11:27:18,47.86,33502,7,买盘
1688,11:27:27,47.86,19141,4,买盘
1689,11:27:45,47.8,28681,6,卖盘
1690,11:27:51,47.8,28680,6,卖盘
1691,11:28:03,47.79,23892,5,买盘
1692,11:28:06,47.79,4779,1,买盘
1693,11:28:09,47.81,219874,46,买盘
1694,11:28:12,47.77,81277,17,卖盘
1695,11:28:15,47.76,76416,16,卖盘
1696,11:28:21,47.8,4780,1,买盘
1697,11:28:27,47.79,4779,1,买盘
1698,11:28:30,47.78,9556,2,买盘
1699,11:28:33,47.77,19109,4,卖盘
1700,11:28:36,47.78,66895,14,中性盘
1701,11:28:39,47.76,33432,7,卖盘
1702,11:28:42,47.76,19104,4,卖盘
1703,11:28:54,47.77,14331,3,卖盘
1704,11:28:57,47.77,28665,6,卖盘
1705,11:29:03,47.77,14331,3,卖盘
1706,11:29:09,47.76,14328,3,卖盘
1707,11:29:12,47.77,42986,9,买盘
1708,11:29:15,47.77,9554,2,买盘
1709,11:29:18,47.78,28661,6,买盘
1710,11:29:21,47.8,38226,8,买盘
1711,11:29:24,47.77,14332,3,卖盘
1712,11:29:27,47.78,23892,5,中性盘
1713,11:29:30,47.8,105152,22,买盘
1714,11:29:33,47.8,119504,25,买盘
1715,11:29:36,47.8,28695,6,卖盘
1716,11:29:39,47.8,19120,4,卖盘
1717,11:29:51,47.83,38258,8,买盘
1718,11:29:54,47.83,43047,9,卖盘
1719,11:29:57,47.83,28698,6,卖盘
1720,11:30:00,47.83,19132,4,卖盘
1721,13:00:00,48.0,344729,72,买盘
1722,13:00:03,48.0,244805,51,卖盘
1723,13:00:06,48.04,148840,31,买盘
1724,13:00:09,48.0,374491,78,卖盘
1725,13:00:12,47.92,139171,29,卖盘
1726,13:00:24,48.04,4804,1,买盘
1727,13:00:27,47.95,134250,28,卖盘
1728,13:00:30,47.96,67019,14,中性盘
1729,13:00:33,47.97,33561,7,买盘
1730,13:00:36,47.84,167551,35,卖盘
1731,13:00:39,47.96,38296,8,买盘
1732,13:00:42,47.83,100451,21,卖盘
1733,13:00:45,47.84,19133,4,中性盘
1734,13:00:48,47.86,4786,1,卖盘
1735,13:00:51,47.87,4787,1,卖盘
1736,13:00:57,47.89,4789,1,卖盘
1737,13:01:03,47.92,19167,4,买盘
1738,13:01:06,47.87,19159,4,卖盘
1739,13:01:09,47.86,57439,12,卖盘
1740,13:01:12,47.85,9570,2,卖盘
1741,13:01:15,47.85,23928,5,卖盘
1742,13:01:18,47.86,4786,1,中性盘
1743,13:01:21,47.92,28748,6,买盘
1744,13:01:24,47.92,9580,2,买盘
1745,13:01:27,47.92,86253,18,买盘
1746,13:01:30,47.9,28738,6,卖盘
1747,13:01:33,47.9,4790,1,中性盘
1748,13:01:36,47.89,43106,9,卖盘
1749,13:01:39,47.92,9580,2,中性盘
1750,13:01:42,47.96,47954,10,买盘
1751,13:01:45,47.9,19178,4,卖盘
1752,13:01:48,47.9,23956,5,卖盘
1753,13:01:51,47.91,9584,2,卖盘
1754,13:01:54,48.0,28751,6,买盘
1755,13:01:57,47.91,4791,1,中性盘
1756,13:02:00,47.9,28742,6,卖盘
1757,13:02:03,48.0,33591,7,买盘
1758,13:02:06,47.95,4795,1,卖盘
1759,13:02:12,48.0,14400,3,买盘
1760,13:02:15,48.0,4800,1,买盘
1761,13:02:18,47.99,4799,1,卖盘
1762,13:02:21,48.0,14400,3,买盘
1763,13:02:24,48.0,4800,1,卖盘
1764,13:02:27,48.0,4800,1,卖盘
1765,13:02:30,48.01,19204,4,买盘
1766,13:02:33,48.0,28800,6,卖盘
1767,13:02:36,47.97,76772,16,卖盘
1768,13:02:39,47.97,57539,12,买盘
1769,13:02:42,48.0,4800,1,卖盘
1770,13:02:48,48.0,14406,3,中性盘
1771,13:02:51,47.92,105518,22,卖盘
1772,13:02:54,47.91,14376,3,卖盘
1773,13:02:57,47.91,273087,57,卖盘
1774,13:03:00,47.92,9584,2,卖盘
1775,13:03:03,47.92,76682,16,卖盘
1776,13:03:06,47.92,57508,12,卖盘
1777,13:03:09,47.92,9584,2,卖盘
1778,13:03:18,47.95,47956,10,中性盘
1779,13:03:21,47.91,33537,7,卖盘
1780,13:03:24,47.92,23956,5,中性盘
1781,13:03:27,47.92,33534,7,中性盘
1782,13:03:30,47.94,47940,10,买盘
1783,13:03:33,47.94,4794,1,卖盘
1784,13:03:39,47.94,4794,1,卖盘
1785,13:04:00,47.95,33568,7,卖盘
1786,13:04:06,47.97,14391,3,买盘
1787,13:04:09,47.97,4797,1,买盘
1788,13:04:12,47.99,47982,10,买盘
1789,13:04:18,47.99,19196,4,中性盘
1790,13:04:21,48.03,9602,2,买盘
1791,13:04:24,48.04,19204,4,买盘
1792,13:04:27,47.99,14410,3,中性盘
1793,13:04:30,48.04,4804,1,中性盘
1794,13:04:33,48.06,33636,7,买盘
1795,13:04:45,48.13,9626,2,买盘
1796,13:04:51,48.02,38429,8,卖盘
1797,13:04:54,48.13,9619,2,买盘
1798,13:04:57,48.0,9601,2,卖盘
1799,13:05:00,47.99,14398,3,卖盘
1800,13:05:03,48.13,72148,15,买盘
1801,13:05:09,48.0,14400,3,卖盘
1802,13:05:12,48.1,28860,6,中性盘
1803,13:05:18,48.11,57727,12,买盘
1804,13:05:24,48.06,9612,2,卖盘
1805,13:05:27,48.1,9622,2,中性盘
1806,13:05:30,48.09,9619,2,卖盘
1807,13:05:33,48.1,28844,6,买盘
1808,13:05:42,48.09,24012,5,中性盘
1809,13:05:48,48.09,57708,12,买盘
1810,13:05:57,48.09,19236,4,卖盘
1811,13:06:00,48.09,62517,13,卖盘
1812,13:06:03,48.09,48090,10,卖盘
1813,13:06:06,48.09,110607,23,卖盘
1814,13:06:09,48.02,28812,6,卖盘
1815,13:06:12,48.09,9618,2,买盘
1816,13:06:24,48.03,38424,8,卖盘
1817,13:06:27,48.05,19226,4,中性盘
1818,13:06:30,48.08,33656,7,买盘
1819,13:06:33,48.08,9616,2,买盘
1820,13:06:36,48.08,9616,2,卖盘
1821,13:06:45,48.09,4809,1,买盘
1822,13:06:51,48.09,14427,3,买盘
1823,13:06:54,48.07,9615,2,卖盘
1824,13:06:57,48.07,4807,1,卖盘
1825,13:07:03,48.08,43272,9,买盘
1826,13:07:12,48.11,81757,17,买盘
1827,13:07:18,48.13,52943,11,买盘
1828,13:07:21,48.11,86678,18,卖盘
1829,13:07:33,48.19,19276,4,买盘
1830,13:07:36,48.19,24095,5,买盘
1831,13:07:39,48.19,33733,7,买盘
1832,13:07:42,48.19,9638,2,买盘
1833,13:07:45,48.21,28918,6,买盘
1834,13:07:48,48.19,4819,1,中性盘
1835,13:07:51,48.28,19314,4,买盘
1836,13:07:54,48.2,4820,1,卖盘
1837,13:07:57,48.19,24095,5,卖盘
1838,13:08:00,48.19,4819,1,买盘
1839,13:08:03,48.19,43371,9,买盘
1840,13:08:12,48.19,77104,16,买盘
1841,13:08:15,48.19,33734,7,买盘
1842,13:08:21,48.2,4820,1,买盘
1843,13:08:24,48.19,77106,16,卖盘
1844,13:08:27,48.2,24100,5,买盘
1845,13:08:30,48.2,4820,1,买盘
1846,13:08:48,48.23,33761,7,卖盘
1847,13:08:51,48.28,62731,13,买盘
1848,13:08:54,48.24,14474,3,卖盘
1849,13:08:57,48.27,9654,2,买盘
1850,13:09:00,48.23,43407,9,卖盘
1851,13:09:03,48.27,48250,10,买盘
1852,13:09:06,48.27,14481,3,买盘
1853,13:09:09,48.3,168909,35,买盘
1854,13:09:12,48.3,4830,1,买盘
1855,13:09:15,48.29,111084,23,卖盘
1856,13:09:24,48.33,77285,16,买盘
1857,13:09:27,48.3,86956,18,卖盘
1858,13:09:30,48.29,207587,43,卖盘
1859,13:09:33,48.29,4829,1,买盘
1860,13:09:36,48.25,19300,4,卖盘
1861,13:09:39,48.29,48290,10,买盘
1862,13:09:42,48.25,4825,1,卖盘
1863,13:09:45,48.29,14487,3,中性盘
1864,13:09:48,48.26,48270,10,卖盘
1865,13:09:54,48.26,14478,3,卖盘
1866,13:10:06,48.26,67564,14,买盘
1867,13:10:12,48.26,4826,1,买盘
1868,13:10:15,48.26,38608,8,买盘
1869,13:10:21,48.29,62784,13,买盘
1870,13:10:33,48.33,53163,11,买盘
1871,13:10:36,48.33,14499,3,卖盘
1872,13:10:48,48.34,9667,2,买盘
1873,13:10:54,48.33,154685,32,中性盘
1874,13:11:00,48.33,9666,2,买盘
1875,13:11:12,48.3,4830,1,卖盘
1876,13:11:15,48.3,9660,2,卖盘
1877,13:11:27,48.31,4831,1,卖盘
1878,13:11:33,48.34,96668,20,买盘
1879,13:11:42,48.33,9666,2,买盘
1880,13:11:48,48.35,4835,1,买盘
1881,13:11:57,48.35,43515,9,买盘
1882,13:12:03,48.36,4836,1,买盘
1883,13:12:06,48.36,53196,11,买盘
1884,13:12:12,48.35,72541,15,卖盘
1885,13:12:15,48.25,516521,107,卖盘
1886,13:12:18,48.25,125450,26,卖盘
1887,13:12:42,48.28,33783,7,买盘
1888,13:12:48,48.25,48254,10,卖盘
1889,13:12:51,48.26,53081,11,买盘
1890,13:12:54,48.25,130275,27,卖盘
1891,13:12:57,48.25,4825,1,卖盘
1892,13:13:06,48.26,86866,18,买盘
1893,13:13:12,48.26,62747,13,卖盘
1894,13:13:15,48.27,9654,2,卖盘
1895,13:13:24,48.25,24130,5,卖盘
1896,13:13:27,48.25,19300,4,卖盘
1897,13:13:30,48.25,4825,1,卖盘
1898,13:13:42,48.26,4826,1,买盘
1899,13:13:51,48.25,9650,2,卖盘
1900,13:13:57,48.25,9650,2,卖盘
1901,13:14:00,48.26,72390,15,买盘
1902,13:14:03,48.25,9650,2,卖盘
1903,13:14:06,48.28,28965,6,买盘
1904,13:14:12,48.28,38626,8,买盘
1905,13:14:15,48.28,9656,2,中性盘
1906,13:14:24,48.28,4828,1,卖盘
1907,13:14:33,48.26,19306,4,卖盘
1908,13:14:39,48.25,24130,5,卖盘
1909,13:14:42,48.24,246074,51,卖盘
1910,13:14:45,48.2,43380,9,卖盘
1911,13:14:48,48.2,4820,1,卖盘
1912,13:14:51,48.2,14460,3,卖盘
1913,13:14:54,48.21,4821,1,卖盘
1914,13:14:57,48.21,4821,1,卖盘
1915,13:15:03,48.23,28934,6,买盘
1916,13:15:06,48.21,14464,3,卖盘
1917,13:15:09,48.25,81996,17,买盘
1918,13:15:12,48.2,38575,8,卖盘
1919,13:15:15,48.2,4820,1,卖盘
1920,13:15:27,48.24,4824,1,买盘
1921,13:15:30,48.24,14472,3,买盘
1922,13:15:33,48.24,33772,7,买盘
1923,13:15:36,48.26,9652,2,买盘
1924,13:15:39,48.26,19304,4,中性盘
1925,13:15:42,48.26,4826,1,卖盘
1926,13:15:45,48.26,9652,2,卖盘
1927,13:15:48,48.26,48268,10,卖盘
1928,13:15:51,48.26,9652,2,卖盘
1929,13:16:09,48.3,48272,10,中性盘
1930,13:16:12,48.25,9650,2,卖盘
1931,13:16:15,48.31,9662,2,买盘
1932,13:16:18,48.32,28990,6,买盘
1933,13:16:21,48.25,4825,1,卖盘
1934,13:16:27,48.25,4825,1,卖盘
1935,13:16:36,48.31,14493,3,买盘
1936,13:16:39,48.25,57902,12,卖盘
1937,13:16:42,48.24,48248,10,卖盘
1938,13:16:45,48.2,4820,1,卖盘
1939,13:16:48,48.24,4824,1,买盘
1940,13:16:51,48.2,9640,2,卖盘
1941,13:16:54,48.2,14460,3,卖盘
1942,13:17:03,48.23,9646,2,买盘
1943,13:17:06,48.2,33740,7,卖盘
1944,13:17:09,48.2,4820,1,卖盘
1945,13:17:15,48.2,4820,1,卖盘
1946,13:17:24,48.2,14460,3,卖盘
1947,13:17:36,48.18,33735,7,卖盘
1948,13:17:39,48.18,9636,2,卖盘
1949,13:17:48,48.2,9640,2,买盘
1950,13:17:51,48.2,96400,20,买盘
1951,13:17:54,48.19,101223,21,卖盘
1952,13:17:57,48.19,19276,4,卖盘
1953,13:18:00,48.19,14458,3,卖盘
1954,13:18:06,48.2,4820,1,买盘
1955,13:18:09,48.22,57848,12,买盘
1956,13:18:12,48.19,9638,2,卖盘
1957,13:18:15,48.19,9638,2,卖盘
1958,13:18:18,48.19,4819,1,卖盘
1959,13:18:27,48.34,4834,1,买盘
1960,13:18:36,48.19,14458,3,卖盘
1961,13:18:45,48.33,77244,16,买盘
1962,13:18:48,48.18,14455,3,卖盘
1963,13:18:54,48.18,9636,2,卖盘
1964,13:18:57,48.18,4818,1,卖盘
1965,13:19:03,48.19,24098,5,卖盘
1966,13:19:06,48.19,4819,1,卖盘
1967,13:19:09,48.22,4822,1,卖盘
1968,13:19:27,48.22,9644,2,卖盘
1969,13:19:33,48.22,38576,8,卖盘
1970,13:19:36,48.22,4822,1,卖盘
1971,13:19:45,48.19,197651,41,卖盘
1972,13:19:48,48.18,81906,17,卖盘
1973,13:19:51,48.16,48152,10,卖盘
1974,13:19:54,48.08,735926,153,卖盘
1975,13:19:57,47.99,239983,50,卖盘
1976,13:20:00,47.96,47982,10,卖盘
1977,13:20:03,47.98,148735,31,中性盘
1978,13:20:06,47.98,33588,7,卖盘
1979,13:20:09,47.95,57608,12,卖盘
1980,13:20:12,47.98,14394,3,中性盘
1981,13:20:15,47.97,4797,1,卖盘
1982,13:20:21,47.98,28808,6,卖盘
1983,13:20:24,47.95,81528,17,卖盘
1984,13:20:27,47.96,28776,6,卖盘
1985,13:20:30,47.95,4795,1,卖盘
1986,13:20:36,47.95,4795,1,中性盘
1987,13:20:39,48.0,9600,2,买盘
1988,13:20:42,47.95,4795,1,中性盘
1989,13:20:57,47.96,9592,2,中性盘
1990,13:21:00,47.94,67121,14,卖盘
1991,13:21:03,47.98,23978,5,买盘
1992,13:21:12,47.98,47980,10,买盘
1993,13:21:15,47.95,9590,2,卖盘
1994,13:21:27,47.99,23995,5,买盘
1995,13:21:30,47.99,43185,9,买盘
1996,13:21:33,47.98,57582,12,中性盘
1997,13:21:36,47.98,14396,3,卖盘
1998,13:21:42,47.99,110377,23,买盘
1999,13:21:45,47.99,33594,7,卖盘
2000,13:21:48,47.99,4799,1,卖盘
2001,13:21:54,47.98,9596,2,卖盘
2002,13:21:57,47.98,9597,2,卖盘
2003,13:22:00,47.98,9596,2,卖盘
2004,13:22:03,47.98,14394,3,卖盘
2005,13:22:06,47.97,163120,34,卖盘
2006,13:22:09,47.97,28782,6,卖盘
2007,13:22:15,47.97,9594,2,卖盘
2008,13:22:18,47.97,9594,2,卖盘
2009,13:22:21,47.98,9595,2,中性盘
2010,13:22:27,47.97,38378,8,卖盘
2011,13:22:30,47.98,4798,1,卖盘
2012,13:22:33,47.98,4798,1,卖盘
2013,13:22:36,47.98,4798,1,卖盘
2014,13:22:45,47.99,14397,3,卖盘
2015,13:22:48,47.99,9598,2,卖盘
2016,13:22:54,48.03,9606,2,买盘
2017,13:22:57,47.98,81567,17,卖盘
2018,13:23:00,47.98,14394,3,卖盘
2019,13:23:18,47.98,14394,3,卖盘
2020,13:23:24,47.98,47980,10,卖盘
2021,13:23:27,47.99,23993,5,买盘
2022,13:23:30,47.99,23995,5,买盘
2023,13:23:33,47.99,14396,3,买盘
2024,13:23:36,47.99,19195,4,买盘
2025,13:23:39,47.99,9598,2,买盘
2026,13:23:42,47.98,9596,2,卖盘
2027,13:23:51,47.98,14394,3,卖盘
2028,13:24:03,47.99,9598,2,买盘
2029,13:24:06,47.98,4798,1,卖盘
2030,13:24:09,47.98,71971,15,卖盘
2031,13:24:12,47.98,9596,2,卖盘
2032,13:24:21,47.99,28789,6,买盘
2033,13:24:24,47.99,52788,11,买盘
2034,13:24:27,47.98,19194,4,卖盘
2035,13:24:30,48.0,24000,5,买盘
2036,13:24:33,48.0,28800,6,卖盘
2037,13:24:36,47.98,62375,13,卖盘
2038,13:24:39,47.98,9596,2,卖盘
2039,13:24:42,47.98,28788,6,卖盘
2040,13:24:45,47.97,23986,5,卖盘
2041,13:24:48,47.97,4797,1,卖盘
2042,13:25:03,47.99,38392,8,买盘
2043,13:25:06,47.99,4799,1,卖盘
2044,13:25:09,47.99,14397,3,卖盘
2045,13:25:12,47.99,4799,1,卖盘
2046,13:25:18,47.99,47990,10,卖盘
2047,13:25:21,47.98,38384,8,卖盘
2048,13:25:24,47.97,4797,1,卖盘
2049,13:25:30,47.99,4799,1,买盘
2050,13:25:36,47.97,4797,1,卖盘
2051,13:25:39,47.99,4799,1,买盘
2052,13:25:51,47.97,33579,7,卖盘
2053,13:25:54,47.97,9594,2,卖盘
2054,13:26:00,47.97,81549,17,卖盘
2055,13:26:03,47.97,33579,7,卖盘
2056,13:26:06,47.96,47965,10,卖盘
2057,13:26:09,47.97,647596,135,买盘
2058,13:26:12,47.95,115104,24,卖盘
2059,13:26:15,47.98,14394,3,买盘
2060,13:26:18,47.99,19192,4,买盘
2061,13:26:21,47.99,14398,3,买盘
2062,13:26:24,48.01,28801,6,买盘
2063,13:26:27,48.0,24003,5,卖盘
2064,13:26:30,48.0,4800,1,卖盘
2065,13:26:39,48.07,24035,5,买盘
2066,13:26:42,48.01,4801,1,卖盘
2067,13:26:48,48.02,14406,3,中性盘
2068,13:27:03,48.07,48070,10,买盘
2069,13:27:06,48.07,28836,6,买盘
2070,13:27:09,48.06,67294,14,卖盘
2071,13:27:12,48.04,19216,4,卖盘
2072,13:27:15,48.04,9608,2,卖盘
2073,13:27:42,48.06,9612,2,买盘
2074,13:27:45,48.04,24020,5,卖盘
2075,13:27:48,48.06,14414,3,买盘
2076,13:27:51,48.04,57668,12,卖盘
2077,13:27:54,48.04,9608,2,卖盘
2078,13:28:03,48.07,105754,22,买盘
2079,13:28:06,48.06,19224,4,卖盘
2080,13:28:36,48.19,9638,2,买盘
2081,13:28:39,48.1,4810,1,卖盘
2082,13:28:42,48.1,28860,6,卖盘
2083,13:28:45,48.11,53001,11,卖盘
2084,13:28:48,48.12,4812,1,卖盘
2085,13:29:06,48.19,4819,1,买盘
2086,13:29:09,48.19,14453,3,买盘
2087,13:29:12,48.2,38564,8,中性盘
2088,13:29:15,48.22,14464,3,中性盘
2089,13:29:18,48.21,4821,1,卖盘
2090,13:29:21,48.2,274834,57,卖盘
2091,13:29:24,48.12,48153,10,卖盘
2092,13:29:27,48.2,19280,4,中性盘
2093,13:29:30,48.21,38614,8,中性盘
2094,13:29:33,48.2,19283,4,卖盘
2095,13:29:36,48.29,9658,2,买盘
2096,13:29:39,48.2,4820,1,卖盘
2097,13:29:45,48.29,24145,5,买盘
2098,13:29:48,48.29,24145,5,中性盘
2099,13:29:51,48.2,4820,1,卖盘
2100,13:30:03,48.27,14479,3,买盘
2101,13:30:06,48.2,14462,3,卖盘
2102,13:30:15,48.27,48270,10,买盘
2103,13:30:18,48.21,33747,7,卖盘
2104,13:30:21,48.2,241000,50,卖盘
2105,13:30:24,48.21,43365,9,买盘
2106,13:30:27,48.16,4816,1,中性盘
2107,13:30:33,48.18,4818,1,买盘
2108,13:30:48,48.13,48154,10,卖盘
2109,13:30:51,48.11,72194,15,卖盘
2110,13:30:54,48.11,38500,8,卖盘
2111,13:30:57,48.1,125083,26,卖盘
2112,13:31:00,48.16,67340,14,买盘
2113,13:31:03,48.12,134728,28,中性盘
2114,13:31:06,48.08,72120,15,卖盘
2115,13:31:09,48.05,19229,4,卖盘
2116,13:31:12,48.05,62472,13,卖盘
2117,13:31:15,48.05,72069,15,买盘
2118,13:31:18,48.11,134513,28,买盘
2119,13:31:21,48.16,72125,15,买盘
2120,13:31:24,48.03,57660,12,卖盘
2121,13:31:27,48.05,9610,2,卖盘
2122,13:31:30,48.13,14439,3,买盘
2123,13:31:36,48.14,33698,7,中性盘
2124,13:31:39,48.14,4814,1,卖盘
2125,13:31:42,48.14,9628,2,买盘
2126,13:31:45,48.15,105926,22,买盘
2127,13:31:48,48.16,110709,23,买盘
2128,13:31:51,48.15,57771,12,买盘
2129,13:31:54,48.2,120423,25,买盘
2130,13:31:57,48.17,24094,5,卖盘
2131,13:32:00,48.27,38612,8,买盘
2132,13:32:03,48.17,4817,1,卖盘
2133,13:32:06,48.17,62621,13,卖盘
2134,13:32:09,48.17,48197,10,卖盘
2135,13:32:12,48.17,19268,4,卖盘
2136,13:32:15,48.26,24130,5,买盘
2137,13:32:18,48.18,4818,1,卖盘
2138,13:32:27,48.19,4819,1,中性盘
2139,13:32:30,48.27,24119,5,买盘
2140,13:32:33,48.19,4819,1,卖盘
2141,13:32:36,48.26,24130,5,买盘
2142,13:32:39,48.19,4819,1,卖盘
2143,13:32:51,48.26,24130,5,买盘
2144,13:32:54,48.19,24119,5,卖盘
2145,13:32:57,48.19,53009,11,卖盘
2146,13:33:00,48.19,9638,2,中性盘
2147,13:33:03,48.27,9654,2,买盘
2148,13:33:06,48.19,4819,1,卖盘
2149,13:33:12,48.27,9654,2,买盘
2150,13:33:18,48.27,482700,100,买盘
2151,13:33:21,48.27,255538,53,买盘
2152,13:33:24,48.17,158983,33,卖盘
2153,13:33:27,48.12,72236,15,卖盘
2154,13:33:30,48.12,62584,13,卖盘
2155,13:33:33,48.11,19253,4,卖盘
2156,13:33:36,48.12,19252,4,卖盘
2157,13:33:39,48.15,19252,4,买盘
2158,13:33:42,48.12,28866,6,买盘
2159,13:33:45,48.11,72158,15,中性盘
2160,13:33:48,48.09,9619,2,卖盘
2161,13:33:51,48.12,33670,7,买盘
2162,13:33:54,48.15,91325,19,买盘
2163,13:33:57,48.12,48172,10,中性盘
2164,13:34:00,48.05,4805,1,卖盘
2165,13:34:24,48.08,28851,6,卖盘
2166,13:34:27,48.09,4809,1,中性盘
2167,13:34:30,48.09,14437,3,卖盘
2168,13:34:33,48.1,14430,3,中性盘
2169,13:34:36,48.13,9626,2,买盘
2170,13:34:42,48.14,33698,7,买盘
2171,13:34:45,48.14,4814,1,卖盘
2172,13:34:48,48.14,72195,15,卖盘
2173,13:34:51,48.26,43299,9,买盘
2174,13:34:54,48.06,4806,1,卖盘
2175,13:35:00,48.2,9640,2,买盘
2176,13:35:03,48.13,4813,1,卖盘
2177,13:35:06,48.2,9633,2,买盘
2178,13:35:09,48.09,38472,8,卖盘
2179,13:35:12,48.2,19267,4,买盘
2180,13:35:15,48.07,14421,3,卖盘
2181,13:35:18,48.2,4820,1,买盘
2182,13:35:21,48.2,33740,7,买盘
2183,13:35:24,48.19,33714,7,买盘
2184,13:35:30,48.23,14469,3,买盘
2185,13:35:33,48.21,19263,4,中性盘
2186,13:35:36,48.1,14430,3,卖盘
2187,13:35:42,48.21,241022,50,买盘
2188,13:35:45,48.18,76989,16,买盘
2189,13:35:48,48.1,96309,20,卖盘
2190,13:35:51,48.1,173154,36,买盘
2191,13:35:54,48.22,86709,18,买盘
2192,13:35:57,48.22,57836,12,买盘
2193,13:36:00,48.25,43372,9,买盘
2194,13:36:03,48.23,105870,22,买盘
2195,13:36:06,48.24,48188,10,买盘
2196,13:36:09,48.24,24102,5,买盘
2197,13:36:12,48.24,38577,8,买盘
2198,13:36:15,48.12,9624,2,卖盘
2199,13:36:18,48.24,24122,5,中性盘
2200,13:36:21,48.24,9636,2,买盘
2201,13:36:24,48.24,9648,2,买盘
2202,13:36:27,48.24,19285,4,买盘
2203,13:36:30,48.13,14450,3,卖盘
2204,13:36:33,48.13,4813,1,卖盘
2205,13:36:42,48.13,38504,8,卖盘
2206,13:36:45,48.23,14459,3,买盘
2207,13:36:48,48.23,24095,5,买盘
2208,13:36:51,48.23,19282,4,买盘
2209,13:36:54,48.12,4812,1,卖盘
2210,13:37:06,48.12,134736,28,卖盘
2211,13:37:09,48.12,77043,16,买盘
2212,13:37:12,48.1,24082,5,卖盘
2213,13:37:15,48.21,33747,7,中性盘
2214,13:37:18,48.21,14452,3,买盘
2215,13:37:21,48.21,28915,6,买盘
2216,13:37:24,48.11,4811,1,卖盘
2217,13:37:45,48.15,9631,2,卖盘
2218,13:37:48,48.2,4820,1,买盘
2219,13:37:51,48.19,9638,2,买盘
2220,13:37:54,48.18,14452,3,买盘
2221,13:37:57,48.18,9636,2,买盘
2222,13:38:06,48.17,24086,5,卖盘
2223,13:38:09,48.18,9635,2,买盘
2224,13:38:12,48.18,14454,3,买盘
2225,13:38:15,48.12,38511,8,卖盘
2226,13:38:18,48.18,9634,2,买盘
2227,13:38:21,48.16,9634,2,卖盘
2228,13:38:24,48.16,9629,2,买盘
2229,13:38:30,48.16,38528,8,买盘
2230,13:38:33,48.15,43339,9,中性盘
2231,13:38:36,48.15,19256,4,买盘
2232,13:38:39,48.16,48160,10,买盘
2233,13:38:42,48.16,19262,4,买盘
2234,13:38:45,48.14,14444,3,中性盘
2235,13:38:48,48.16,9629,2,买盘
2236,13:38:51,48.16,9632,2,买盘
2237,13:38:54,48.16,14448,3,买盘
2238,13:38:57,48.13,4813,1,卖盘
2239,13:39:03,48.13,14440,3,卖盘
2240,13:39:06,48.13,9626,2,买盘
2241,13:39:09,48.13,77007,16,买盘
2242,13:39:12,48.2,48188,10,买盘
2243,13:39:15,48.12,9624,2,卖盘
2244,13:39:18,48.19,19276,4,买盘
2245,13:39:39,48.18,19272,4,买盘
2246,13:39:42,48.2,28914,6,买盘
2247,13:39:45,48.2,38558,8,买盘
2248,13:39:48,48.2,19278,4,买盘
2249,13:39:51,48.2,19278,4,买盘
2250,13:39:54,48.18,178266,37,卖盘
2251,13:39:57,48.2,149333,31,买盘
2252,13:40:00,48.17,33700,7,买盘
2253,13:40:03,48.25,62695,13,买盘
2254,13:40:06,48.25,33751,7,买盘
2255,13:40:09,48.25,28949,6,买盘
2256,13:40:12,48.25,38587,8,买盘
2257,13:40:15,48.18,4818,1,卖盘
2258,13:40:18,48.18,4818,1,卖盘
2259,13:40:36,48.19,4819,1,卖盘
2260,13:40:39,48.18,28909,6,卖盘
2261,13:40:42,48.18,4818,1,卖盘
2262,13:40:45,48.23,86741,18,买盘
2263,13:40:48,48.23,33744,7,买盘
2264,13:40:51,48.25,53060,11,买盘
2265,13:40:54,48.25,24105,5,买盘
2266,13:40:57,48.18,9636,2,买盘
2267,13:41:00,48.25,33766,7,买盘
2268,13:41:03,48.25,14470,3,买盘
2269,13:41:06,48.25,33775,7,买盘
2270,13:41:09,48.2,4820,1,卖盘
2271,13:41:18,48.24,9648,2,买盘
2272,13:41:21,48.24,24118,5,买盘
2273,13:41:33,48.22,4822,1,卖盘
2274,13:41:39,48.2,9641,2,卖盘
2275,13:41:42,48.21,4821,1,卖盘
2276,13:42:06,48.18,28919,6,卖盘
2277,13:42:09,48.18,14454,3,卖盘
2278,13:42:12,48.18,48180,10,卖盘
2279,13:42:15,48.18,43354,9,中性盘
2280,13:42:18,48.16,9632,2,卖盘
2281,13:42:24,48.16,14448,3,卖盘
2282,13:42:27,48.15,4815,1,卖盘
2283,13:42:33,48.16,43336,9,中性盘
2284,13:42:36,48.12,43320,9,卖盘
2285,13:42:39,48.17,28894,6,买盘
2286,13:42:42,48.12,4812,1,卖盘
2287,13:42:45,48.18,81892,17,买盘
2288,13:42:48,48.12,28905,6,卖盘
2289,13:42:51,48.21,14463,3,买盘
2290,13:42:54,48.11,72176,15,卖盘
2291,13:42:57,48.12,67364,14,买盘
2292,13:43:00,48.12,24056,5,买盘
2293,13:43:03,48.21,33735,7,买盘
2294,13:43:06,48.13,4813,1,卖盘
2295,13:43:21,48.14,33698,7,卖盘
2296,13:43:24,48.12,4812,1,卖盘
2297,13:43:36,48.12,33684,7,卖盘
2298,13:43:39,48.11,4811,1,卖盘
2299,13:43:45,48.15,81855,17,中性盘
2300,13:43:48,48.1,14433,3,卖盘
2301,13:43:51,48.14,33724,7,中性盘
2302,13:43:54,48.14,28880,6,买盘
2303,13:43:57,48.14,9628,2,卖盘
2304,13:44:00,48.12,14450,3,卖盘
2305,13:44:03,48.12,9625,2,卖盘
2306,13:44:06,48.18,14448,3,中性盘
2307,13:44:09,48.13,4813,1,卖盘
2308,13:44:12,48.12,245416,51,卖盘
2309,13:44:15,48.08,620397,129,卖盘
2310,13:44:18,48.08,274081,57,卖盘
2311,13:44:21,48.03,91261,19,卖盘
2312,13:44:24,48.01,163307,34,卖盘
2313,13:44:27,47.98,571176,119,卖盘
2314,13:44:30,48.0,244707,51,买盘
2315,13:44:33,47.93,71923,15,卖盘
2316,13:44:36,48.0,52790,11,买盘
2317,13:44:39,48.0,57583,12,买盘
2318,13:44:42,47.93,9586,2,卖盘
2319,13:44:45,47.92,23961,5,卖盘
2320,13:44:48,48.08,19216,4,买盘
2321,13:44:51,47.93,28761,6,卖盘
2322,13:44:54,47.93,9586,2,卖盘
2323,13:45:03,47.93,14379,3,卖盘
2324,13:45:06,47.93,4793,1,卖盘
2325,13:45:18,47.96,19198,4,中性盘
2326,13:45:21,47.96,4796,1,卖盘
2327,13:45:33,47.96,28779,6,卖盘
2328,13:45:36,47.96,9592,2,卖盘
2329,13:45:48,47.99,9598,2,中性盘
2330,13:45:51,47.99,14397,3,买盘
2331,13:45:54,48.0,14398,3,买盘
2332,13:45:57,48.0,19200,4,买盘
2333,13:46:00,48.0,124800,26,卖盘
2334,13:46:03,47.99,38393,8,卖盘
2335,13:46:06,48.0,43196,9,买盘
2336,13:46:09,47.98,4798,1,卖盘
2337,13:46:12,47.98,9596,2,卖盘
2338,13:46:15,47.96,9592,2,卖盘
2339,13:46:18,48.0,24000,5,买盘
2340,13:46:21,47.97,4797,1,卖盘
2341,13:46:24,47.96,19187,4,卖盘
2342,13:46:27,47.96,4796,1,卖盘
2343,13:46:30,47.99,19195,4,买盘
2344,13:46:33,47.97,19188,4,卖盘
2345,13:46:36,47.96,4796,1,卖盘
2346,13:46:42,47.97,19188,4,买盘
2347,13:46:45,47.97,9594,2,中性盘
2348,13:46:48,47.97,14391,3,买盘
2349,13:46:54,47.98,9596,2,买盘
2350,13:46:57,47.99,28796,6,买盘
2351,13:47:00,47.99,47996,10,卖盘
2352,13:47:03,47.99,4799,1,卖盘
2353,13:47:09,48.04,9608,2,买盘
2354,13:47:12,48.06,19213,4,买盘
2355,13:47:15,48.07,28816,6,买盘
2356,13:47:18,48.08,19219,4,买盘
2357,13:47:21,48.16,62491,13,中性盘
2358,13:47:24,48.15,24042,5,买盘
2359,13:47:30,48.15,9630,2,买盘
2360,13:47:33,48.0,4800,1,卖盘
2361,13:47:39,48.14,14442,3,买盘
2362,13:47:42,48.15,14445,3,买盘
2363,13:47:45,48.14,14428,3,中性盘
2364,13:47:48,48.15,14443,3,买盘
2365,13:47:51,48.15,19245,4,买盘
2366,13:47:54,48.14,19258,4,中性盘
2367,13:47:57,48.01,14403,3,卖盘
2368,13:48:03,48.02,9617,2,卖盘
2369,13:48:06,48.15,19247,4,买盘
2370,13:48:09,48.15,43257,9,买盘
2371,13:48:12,48.02,91282,19,卖盘
2372,13:48:15,48.03,91304,19,卖盘
2373,13:48:18,48.04,28821,6,买盘
2374,13:48:21,48.04,76864,16,买盘
2375,13:48:24,48.17,67296,14,买盘
2376,13:48:27,48.03,28874,6,卖盘
2377,13:48:30,48.17,19268,4,买盘
2378,13:48:33,48.04,4804,1,卖盘
2379,13:48:36,48.17,52987,11,买盘
2380,13:48:39,48.17,57684,12,买盘
2381,13:48:42,48.17,130029,27,买盘
2382,13:48:45,48.18,72095,15,买盘
2383,13:48:48,48.05,9610,2,卖盘
2384,13:48:51,48.03,72055,15,卖盘
2385,13:48:54,48.03,43227,9,卖盘
2386,13:48:57,48.16,19251,4,买盘
2387,13:49:00,48.03,43227,9,卖盘
2388,13:49:03,48.16,24062,5,买盘
2389,13:49:06,48.02,115290,24,卖盘
2390,13:49:09,48.16,52920,11,买盘
2391,13:49:12,48.02,38416,8,卖盘
2392,13:49:15,48.0,62411,13,卖盘
2393,13:49:21,48.0,48010,10,卖盘
2394,13:49:24,48.0,67214,14,卖盘
2395,13:49:27,48.15,14445,3,买盘
2396,13:49:30,48.0,43205,9,卖盘
2397,13:49:33,48.15,24075,5,买盘
2398,13:49:39,48.0,24000,5,卖盘
2399,13:49:42,48.0,67200,14,卖盘
2400,13:49:45,48.15,14445,3,买盘
2401,13:49:48,48.05,33636,7,卖盘
2402,13:49:51,48.05,9610,2,卖盘
2403,13:49:54,47.99,48013,10,卖盘
2404,13:50:03,48.0,47993,10,卖盘
2405,13:50:09,48.12,9624,2,买盘
2406,13:50:12,47.97,19191,4,卖盘
2407,13:50:15,47.97,33581,7,卖盘
2408,13:50:18,47.97,139339,29,卖盘
2409,13:50:21,48.12,48024,10,买盘
2410,13:50:24,48.11,14433,3,买盘
2411,13:50:27,47.95,81544,17,卖盘
2412,13:50:30,47.94,28767,6,卖盘
2413,13:50:33,48.09,48090,10,中性盘
2414,13:50:36,47.94,48008,10,卖盘
2415,13:50:39,48.1,4810,1,买盘
2416,13:50:42,48.1,9620,2,买盘
2417,13:50:48,47.95,14385,3,卖盘
2418,13:50:51,47.94,28764,6,卖盘
2419,13:50:54,47.94,33558,7,卖盘
2420,13:51:00,48.08,14424,3,买盘
2421,13:51:03,48.08,33656,7,买盘
2422,13:51:06,48.08,4808,1,买盘
2423,13:51:09,48.08,9616,2,买盘
2424,13:51:15,48.08,19232,4,买盘
2425,13:51:18,47.99,28794,6,中性盘
2426,13:51:21,48.0,62408,13,中性盘
2427,13:51:24,48.08,48024,10,买盘
2428,13:51:27,47.99,95996,20,卖盘
2429,13:51:30,48.16,19240,4,买盘
2430,13:51:36,48.08,9616,2,买盘
2431,13:51:42,48.02,4802,1,中性盘
2432,13:51:45,48.08,4808,1,买盘
2433,13:51:48,48.07,14421,3,买盘
2434,13:51:51,48.07,4807,1,买盘
2435,13:51:54,48.04,28836,6,卖盘
2436,13:52:03,48.04,76870,16,卖盘
2437,13:52:12,48.08,9616,2,买盘
2438,13:52:21,48.16,38472,8,买盘
2439,13:52:24,48.18,9636,2,买盘
2440,13:52:30,48.04,9608,2,卖盘
2441,13:52:33,48.04,28824,6,卖盘
2442,13:52:36,48.16,43246,9,买盘
2443,13:52:54,48.04,4804,1,卖盘
2444,13:53:09,48.04,52852,11,卖盘
2445,13:53:15,48.04,33628,7,卖盘
2446,13:53:27,48.05,24025,5,卖盘
2447,13:53:36,48.05,9610,2,卖盘
2448,13:53:39,48.04,24021,5,卖盘
2449,13:53:42,48.03,38424,8,卖盘
2450,13:53:51,48.05,28830,6,买盘
2451,13:53:54,48.06,57672,12,买盘
2452,13:53:57,48.06,62474,13,买盘
2453,13:54:00,48.03,28822,6,卖盘
2454,13:54:03,48.06,9612,2,买盘
2455,13:54:06,48.05,38431,8,中性盘
2456,13:54:09,48.06,48059,10,买盘
2457,13:54:15,48.15,14443,3,买盘
2458,13:54:36,48.05,72090,15,卖盘
2459,13:54:39,48.03,28824,6,卖盘
2460,13:54:42,48.02,67237,14,卖盘
2461,13:54:45,48.13,86458,18,买盘
2462,13:54:51,48.14,24069,5,买盘
2463,13:55:00,48.18,14450,3,买盘
2464,13:55:03,48.18,14454,3,买盘
2465,13:55:06,48.18,9636,2,买盘
2466,13:55:09,48.18,24088,5,买盘
2467,13:55:21,48.18,38536,8,买盘
2468,13:55:24,48.18,19272,4,买盘
2469,13:55:30,48.17,14451,3,买盘
2470,13:55:57,48.16,28896,6,买盘
2471,13:56:03,48.12,4812,1,中性盘
2472,13:56:06,48.1,38486,8,卖盘
2473,13:56:09,48.16,14448,3,买盘
2474,13:56:15,48.1,4810,1,卖盘
2475,13:56:33,48.04,48040,10,卖盘
2476,13:56:36,48.04,19218,4,卖盘
2477,13:56:42,48.05,28830,6,中性盘
2478,13:56:45,48.14,43273,9,买盘
2479,13:56:51,48.07,57699,12,卖盘
2480,13:56:54,48.07,43265,9,卖盘
2481,13:56:57,48.14,14442,3,买盘
2482,13:57:00,48.07,38456,8,卖盘
2483,13:57:06,48.13,4813,1,买盘
2484,13:57:33,48.08,62480,13,中性盘
2485,13:57:39,48.09,14430,3,卖盘
2486,13:57:42,48.06,28842,6,卖盘
2487,13:58:03,48.1,28855,6,买盘
2488,13:58:27,48.07,81744,17,卖盘
2489,13:58:30,48.18,38523,8,买盘
2490,13:58:54,48.18,4818,1,买盘
2491,13:58:57,48.07,52908,11,卖盘
2492,13:59:00,48.03,62475,13,卖盘
2493,13:59:03,48.03,67246,14,卖盘
2494,13:59:06,48.03,105756,22,卖盘
2495,13:59:12,48.18,67419,14,买盘
2496,13:59:15,48.03,81679,17,卖盘
2497,13:59:18,48.17,38536,8,买盘
2498,13:59:24,48.03,96063,20,卖盘
2499,13:59:27,48.03,48030,10,卖盘
2500,13:59:33,48.18,19272,4,买盘
2501,13:59:36,48.03,57699,12,卖盘
2502,13:59:45,48.16,9632,2,买盘
2503,13:59:48,48.16,235984,49,买盘
2504,13:59:51,48.02,57634,12,卖盘
2505,13:59:54,48.01,101021,21,卖盘
2506,13:59:57,48.15,110496,23,买盘
2507,14:00:00,48.0,43236,9,卖盘
2508,14:00:03,48.0,67233,14,卖盘
2509,14:00:09,48.16,28896,6,买盘
2510,14:00:12,48.0,38408,8,卖盘
2511,14:00:15,48.16,39953,8,买盘
2512,14:00:21,48.01,33610,7,卖盘
2513,14:00:24,48.16,4816,1,买盘
2514,14:00:30,48.16,4816,1,买盘
2515,14:00:33,48.01,43257,9,卖盘
2516,14:00:42,48.0,28840,6,卖盘
2517,14:00:45,48.15,9630,2,买盘
2518,14:00:51,48.01,9603,2,卖盘
2519,14:00:54,48.14,48049,10,买盘
2520,14:00:57,48.15,9630,2,买盘
2521,14:01:00,48.16,9632,2,买盘
2522,14:01:45,48.05,43251,9,卖盘
2523,14:01:48,48.16,9632,2,买盘
2524,14:02:06,48.06,52866,11,卖盘
2525,14:02:09,48.16,48160,10,买盘
2526,14:02:12,48.16,14448,3,买盘
2527,14:02:18,48.16,24080,5,中性盘
2528,14:02:21,48.16,4816,1,买盘
2529,14:02:45,48.16,9632,2,买盘
2530,14:02:48,48.17,9634,2,买盘
2531,14:02:54,48.17,279386,58,买盘
2532,14:03:03,48.1,77044,16,卖盘
2533,14:03:06,48.17,81883,17,买盘
2534,14:03:09,48.17,14451,3,买盘
2535,14:03:15,48.17,9634,2,买盘
2536,14:03:24,48.18,24090,5,买盘
2537,14:04:06,48.19,33729,7,买盘
2538,14:04:15,48.21,149389,31,买盘
2539,14:04:18,48.23,134940,28,买盘
2540,14:04:21,48.1,168573,35,卖盘
2541,14:04:24,48.21,77176,16,中性盘
2542,14:04:27,48.08,72120,15,卖盘
2543,14:04:30,48.06,43281,9,卖盘
2544,14:04:33,48.22,100964,21,买盘
2545,14:04:36,48.17,9634,2,买盘
2546,14:04:39,48.19,57850,12,中性盘
2547,14:04:42,48.21,9642,2,买盘
2548,14:04:48,48.22,14463,3,买盘
2549,14:04:51,48.21,4821,1,买盘
2550,14:05:45,48.2,4820,1,卖盘
2551,14:05:51,48.17,9634,2,卖盘
2552,14:05:57,48.21,9642,2,买盘
2553,14:06:06,48.21,86777,18,买盘
2554,14:06:09,48.23,67511,14,买盘
2555,14:06:15,48.23,9644,2,买盘
2556,14:06:18,48.22,33754,7,买盘
2557,14:06:21,48.23,9646,2,买盘
2558,14:06:24,48.23,4823,1,买盘
2559,14:06:39,48.23,24115,5,买盘
2560,14:06:54,48.22,19288,4,卖盘
2561,14:06:57,48.22,4822,1,中性盘
2562,14:07:00,48.22,24107,5,买盘
2563,14:07:03,48.22,144532,30,买盘
2564,14:07:06,48.06,62574,13,卖盘
2565,14:07:12,48.09,33663,7,中性盘
2566,14:07:15,48.21,43320,9,买盘
2567,14:07:18,48.22,14465,3,买盘
2568,14:07:45,48.22,33750,7,买盘
2569,14:08:06,48.21,9642,2,买盘
2570,14:08:18,48.17,14451,3,卖盘
2571,14:08:27,48.16,4816,1,卖盘
2572,14:08:36,48.16,4816,1,卖盘
2573,14:08:51,48.17,4817,1,卖盘
2574,14:08:54,48.17,19268,4,买盘
2575,14:08:57,48.16,52978,11,卖盘
2576,14:09:03,48.16,9632,2,买盘
2577,14:09:12,48.16,24079,5,买盘
2578,14:09:18,48.16,14448,3,买盘
2579,14:09:27,48.16,9632,2,买盘
2580,14:09:36,48.15,33706,7,卖盘
2581,14:09:39,48.15,14450,3,卖盘
2582,14:09:42,48.14,9628,2,卖盘
2583,14:09:45,48.08,28872,6,卖盘
2584,14:10:39,48.13,14439,3,卖盘
2585,14:10:51,48.13,9626,2,卖盘
2586,14:10:57,48.14,9628,2,买盘
