,成交时间,成交价格,成交金额,成交量,性质
0,09:25:00,11.92,165072928,138484,卖盘
1,09:30:00,11.96,56549275,47315,买盘
2,09:30:03,12.0,68770589,57362,买盘
3,09:30:06,12.0,17074089,14183,买盘
4,09:30:09,12.07,8480840,7030,买盘
5,09:30:12,12.1,10217592,8460,买盘
6,09:30:15,12.1,16869636,13966,买盘
7,09:30:18,12.1,20236626,16716,买盘
8,09:30:21,12.17,9092492,7496,买盘
9,09:30:24,12.18,32379257,26703,买盘
10,09:30:27,12.19,15248802,12515,中性盘
11,09:30:30,12.2,36662050,30259,买盘
12,09:30:33,12.2,18182680,14932,买盘
13,09:30:36,12.19,20671121,16967,卖盘
14,09:30:39,12.15,18792576,15495,卖盘
15,09:30:42,12.0,9647976,7988,卖盘
16,09:30:45,12.0,7507325,6238,卖盘
17,09:30:48,11.98,5627019,4695,卖盘
18,09:30:51,11.95,8163878,6825,卖盘
19,09:30:54,11.95,9174803,7679,买盘
20,09:30:57,11.97,15463645,12907,中性盘
21,09:31:00,12.12,16235870,13448,买盘
22,09:31:03,12.13,6111603,5050,买盘
23,09:31:06,12.1,10237370,8460,卖盘
24,09:31:09,12.12,10935138,9035,买盘
25,09:31:12,12.11,9691154,8006,中性盘
26,09:31:15,12.0,15151512,12564,卖盘
27,09:31:18,12.1,13413373,11135,买盘
28,09:31:21,12.02,8020267,6661,卖盘
29,09:31:24,12.01,8548592,7088,卖盘
30,09:31:27,12.0,12061563,10045,卖盘
31,09:31:30,12.02,12922089,10764,买盘
32,09:31:33,12.02,5136828,4270,买盘
33,09:31:36,12.08,3571014,2965,买盘
34,09:31:39,12.1,4922028,4077,买盘
35,09:31:42,12.1,8788049,7270,买盘
36,09:31:45,12.1,11029271,9127,买盘
37,09:31:48,12.08,10100653,8354,卖盘
38,09:31:51,12.08,8580560,7107,买盘
39,09:31:54,12.07,6267851,5193,中性盘
40,09:31:57,12.04,8588166,7134,卖盘
41,09:32:00,12.03,4300986,3572,中性盘
42,09:32:03,12.04,4088578,3396,买盘
43,09:32:06,12.06,4481175,3721,买盘
44,09:32:09,12.07,5750929,4771,买盘
45,09:32:12,12.07,3679481,3048,买盘
46,09:32:15,12.07,6558493,5432,卖盘
47,09:32:18,12.09,11747362,9729,买盘
48,09:32:21,12.09,6775611,5608,买盘
49,09:32:24,12.09,6486257,5368,买盘
50,09:32:27,12.1,7385569,6111,买盘
51,09:32:30,12.09,6632900,5485,卖盘
52,09:32:33,12.1,6995724,5783,买盘
53,09:32:36,12.1,5583082,4615,卖盘
54,09:32:39,12.11,6399401,5289,买盘
55,09:32:42,12.1,6320380,5229,买盘
56,09:32:45,12.1,4625952,3824,买盘
57,09:32:48,12.1,6398259,5287,卖盘
58,09:32:51,12.1,5317220,4397,买盘
59,09:32:54,12.09,7737399,6403,卖盘
60,09:32:57,12.1,3581986,2964,买盘
61,09:33:00,12.05,3578017,2963,卖盘
62,09:33:03,12.07,6049052,5021,买盘
63,09:33:06,12.03,6384745,5299,卖盘
64,09:33:09,12.05,3891124,3234,买盘
65,09:33:12,12.02,4595582,3822,卖盘
66,09:33:15,12.04,4435403,3688,买盘
67,09:33:18,12.02,13529135,11266,卖盘
68,09:33:21,11.98,14202954,11838,卖盘
69,09:33:24,11.98,3447954,2877,卖盘
70,09:33:27,11.96,2666598,2229,卖盘
71,09:33:30,11.96,3672464,3071,买盘
72,09:33:33,11.96,3931300,3289,卖盘
73,09:33:36,11.95,3503436,2931,卖盘
74,09:33:39,11.95,4311234,3608,买盘
75,09:33:42,11.94,4058337,3399,中性盘
76,09:33:45,11.94,4935897,4136,买盘
77,09:33:48,11.95,4814102,4034,买盘
78,09:33:51,11.93,4209605,3529,卖盘
79,09:33:54,11.93,3444960,2887,买盘
80,09:33:57,11.94,4744401,3978,买盘
81,09:34:00,11.94,6460744,5417,卖盘
82,09:34:03,11.94,3639637,3048,卖盘
83,09:34:06,11.94,3682218,3084,买盘
84,09:34:09,11.94,3754810,3145,卖盘
85,09:34:12,11.94,2462319,2062,买盘
86,09:34:15,11.94,4748004,3975,中性盘
87,09:34:18,11.94,4399848,3682,卖盘
88,09:34:21,11.96,2680141,2243,买盘
89,09:34:24,11.96,1979058,1656,买盘
90,09:34:27,11.97,3506941,2934,买盘
91,09:34:30,11.97,2605220,2177,买盘
92,09:34:33,11.97,2466102,2060,卖盘
93,09:34:36,11.98,1365362,1140,买盘
94,09:34:39,11.98,2067036,1725,卖盘
95,09:34:42,11.99,4568818,3812,买盘
96,09:34:45,11.98,12299194,10275,卖盘
97,09:34:48,11.98,3112594,2599,买盘
98,09:34:51,11.98,2884886,2408,买盘
99,09:34:54,11.99,3679484,3071,买盘
100,09:34:57,11.99,3622299,3024,买盘
101,09:35:00,12.0,3048240,2542,买盘
102,09:35:03,12.0,3719352,3102,买盘
103,09:35:06,12.0,3134114,2612,买盘
104,09:35:09,12.01,1243638,1036,买盘
105,09:35:12,11.97,10438798,8713,卖盘
106,09:35:15,11.93,13905352,11651,卖盘
107,09:35:18,11.94,4258684,3571,买盘
108,09:35:21,11.92,2353665,1973,卖盘
109,09:35:24,11.91,18229548,15292,卖盘
110,09:35:27,11.91,5097582,4281,卖盘
111,09:35:30,11.9,4780108,4016,卖盘
112,09:35:33,11.9,9332199,7843,卖盘
113,09:35:36,11.9,6909708,5809,买盘
114,09:35:39,11.88,3878447,3263,卖盘
115,09:35:42,11.89,6343479,5339,买盘
116,09:35:45,11.87,3108942,2619,卖盘
117,09:35:48,11.85,2959619,2495,卖盘
118,09:35:51,11.84,1944822,1641,卖盘
119,09:35:54,11.83,4590822,3877,卖盘
120,09:35:57,11.8,9684147,8199,卖盘
121,09:36:00,11.79,4257479,3609,卖盘
122,09:36:03,11.77,3170624,2690,卖盘
123,09:36:06,11.77,6794542,5778,卖盘
124,09:36:09,11.74,3643720,3099,卖盘
125,09:36:12,11.74,8072065,6864,卖盘
126,09:36:15,11.74,10806848,9191,卖盘
127,09:36:18,11.79,5598524,4765,买盘
128,09:36:21,11.77,4262903,3625,卖盘
129,09:36:24,11.77,3643927,3094,买盘
130,09:36:27,11.79,3043860,2585,中性盘
131,09:36:30,11.81,4616861,3918,买盘
132,09:36:33,11.8,2150416,1822,卖盘
133,09:36:36,11.83,2220346,1879,买盘
134,09:36:39,11.83,2434747,2058,买盘
135,09:36:42,11.85,1691770,1429,买盘
136,09:36:45,11.87,1754911,1480,买盘
137,09:36:48,11.87,1531385,1290,卖盘
138,09:36:51,11.88,6018398,5072,买盘
139,09:36:54,11.89,2027241,1707,买盘
140,09:36:57,11.88,3806463,3205,卖盘
141,09:37:00,11.86,3638676,3065,卖盘
142,09:37:03,11.85,4137558,3488,卖盘
143,09:37:06,11.84,2799556,2364,卖盘
144,09:37:09,11.83,1615623,1365,卖盘
145,09:37:12,11.83,1288065,1089,卖盘
146,09:37:15,11.82,2943710,2491,卖盘
147,09:37:18,11.81,3206117,2715,卖盘
148,09:37:21,11.8,2089273,1770,卖盘
149,09:37:24,11.8,2432571,2061,卖盘
150,09:37:27,11.79,2563706,2174,卖盘
151,09:37:30,11.78,1797758,1525,卖盘
152,09:37:33,11.77,1093186,928,卖盘
153,09:37:36,11.77,2728655,2318,卖盘
154,09:37:39,11.76,2493223,2120,卖盘
155,09:37:42,11.75,1535316,1306,卖盘
156,09:37:45,11.75,2882500,2453,卖盘
157,09:37:48,11.74,2589986,2205,卖盘
158,09:37:51,11.74,2400314,2044,卖盘
159,09:37:54,11.74,3037366,2588,买盘
160,09:37:57,11.74,4862337,4143,买盘
161,09:38:00,11.76,6717271,5718,买盘
162,09:38:03,11.76,4293709,3654,买盘
163,09:38:06,11.77,1778811,1512,买盘
164,09:38:09,11.77,2516956,2139,买盘
165,09:38:12,11.77,1259300,1069,卖盘
166,09:38:15,11.79,1177005,999,买盘
167,09:38:18,11.79,1488995,1263,买盘
168,09:38:21,11.8,2218749,1881,买盘
169,09:38:24,11.79,2003344,1698,卖盘
170,09:38:27,11.8,3238318,2744,卖盘
171,09:38:30,11.81,2431514,2060,买盘
172,09:38:33,11.81,2222779,1883,买盘
173,09:38:36,11.82,933470,790,买盘
174,09:38:39,11.82,1312992,1111,买盘
175,09:38:42,11.82,674010,570,卖盘
176,09:38:45,11.83,1597885,1351,买盘
177,09:38:48,11.84,1111132,939,买盘
178,09:38:51,11.84,812145,686,买盘
179,09:38:54,11.85,991200,837,买盘
180,09:38:57,11.85,2267352,1914,买盘
181,09:39:00,11.86,2126411,1794,买盘
182,09:39:03,11.86,767332,647,买盘
183,09:39:06,11.86,1440119,1214,卖盘
184,09:39:09,11.87,1928227,1625,买盘
185,09:39:12,11.87,1780148,1500,卖盘
186,09:39:15,11.88,2867914,2416,买盘
187,09:39:18,11.88,3042127,2562,买盘
188,09:39:21,11.88,1573966,1325,买盘
189,09:39:24,11.89,1814914,1528,买盘
190,09:39:27,11.88,1822182,1534,卖盘
191,09:39:30,11.89,2546468,2143,买盘
192,09:39:33,11.87,4827448,4062,卖盘
193,09:39:36,11.87,3160661,2663,买盘
194,09:39:39,11.86,2071553,1746,卖盘
195,09:39:42,11.86,4282989,3610,买盘
196,09:39:45,11.86,2789186,2353,卖盘
197,09:39:48,11.85,1913556,1614,卖盘
198,09:39:51,11.85,1927614,1627,买盘
199,09:39:54,11.84,1714931,1448,卖盘
200,09:39:57,11.84,1296453,1095,买盘
201,09:40:00,11.83,1571472,1328,卖盘
202,09:40:03,11.83,1363372,1153,买盘
203,09:40:06,11.82,1641918,1389,卖盘
204,09:40:09,11.82,1233600,1044,买盘
205,09:40:12,11.81,1325288,1122,卖盘
206,09:40:15,11.81,682305,578,买盘
207,09:40:18,11.8,5277643,4469,卖盘
208,09:40:21,11.8,4201140,3560,卖盘
209,09:40:24,11.8,1441741,1222,买盘
210,09:40:27,11.8,1942890,1647,买盘
211,09:40:30,11.79,2985684,2531,卖盘
212,09:40:33,11.79,1584113,1343,中性盘
213,09:40:36,11.8,2536977,2151,买盘
214,09:40:39,11.8,1419654,1203,卖盘
215,09:40:42,11.8,1616899,1370,买盘
216,09:40:45,11.81,1846432,1564,卖盘
217,09:40:48,11.82,2347485,1985,买盘
218,09:40:51,11.82,663472,561,卖盘
219,09:40:54,11.86,3031492,2558,买盘
220,09:40:57,11.84,950499,802,卖盘
221,09:41:00,11.86,536945,453,中性盘
222,09:41:03,11.85,3385385,2859,中性盘
223,09:41:06,11.86,968036,817,买盘
224,09:41:09,11.86,831193,701,买盘
225,09:41:12,11.86,1734869,1462,卖盘
226,09:41:15,11.88,962420,811,买盘
227,09:41:18,11.88,1102416,929,买盘
228,09:41:21,11.88,1533560,1291,买盘
229,09:41:24,11.88,1403018,1181,买盘
230,09:41:27,11.88,811869,683,卖盘
231,09:41:30,11.89,1044844,879,买盘
232,09:41:33,11.89,2546655,2142,买盘
233,09:41:36,11.9,621990,523,买盘
234,09:41:39,11.9,934967,786,买盘
235,09:41:42,11.9,1724151,1449,买盘
236,09:41:45,11.9,3351012,2816,买盘
237,09:41:48,11.9,3029553,2546,买盘
238,09:41:51,11.91,745134,626,买盘
239,09:41:54,11.91,824218,692,买盘
240,09:41:57,11.91,1174406,985,卖盘
241,09:42:00,11.93,786890,660,买盘
242,09:42:03,11.94,1702880,1428,买盘
243,09:42:06,11.94,1916192,1606,买盘
244,09:42:09,11.95,3312839,2775,买盘
245,09:42:12,11.95,1413995,1184,买盘
246,09:42:15,11.95,3613281,3025,买盘
247,09:42:18,11.95,4532129,3794,买盘
248,09:42:21,11.96,1254069,1049,买盘
249,09:42:24,11.97,1344816,1124,买盘
250,09:42:27,11.97,1862124,1556,买盘
251,09:42:30,11.96,7624366,6375,卖盘
252,09:42:33,11.92,3357433,2811,卖盘
253,09:42:36,11.93,2292795,1922,买盘
254,09:42:39,11.93,3466755,2909,卖盘
255,09:42:42,11.94,1575378,1321,买盘
256,09:42:45,11.94,2280510,1912,买盘
257,09:42:48,11.94,1486117,1245,买盘
258,09:42:51,11.94,3626256,3040,买盘
259,09:42:54,11.95,1365942,1144,买盘
260,09:42:57,11.94,2685264,2250,卖盘
261,09:43:00,11.94,2813474,2356,买盘
262,09:43:03,11.94,1042681,873,买盘
263,09:43:06,11.94,472868,396,卖盘
264,09:43:09,11.94,2936761,2459,卖盘
265,09:43:12,11.93,1442835,1209,卖盘
266,09:43:15,11.94,1328029,1113,买盘
267,09:43:18,11.93,2388484,2004,卖盘
268,09:43:21,11.94,1326960,1112,买盘
269,09:43:24,11.93,900405,755,卖盘
270,09:43:27,11.93,642852,539,卖盘
271,09:43:30,11.92,818253,686,卖盘
272,09:43:33,11.92,1321319,1108,卖盘
273,09:43:36,11.92,1288877,1082,卖盘
274,09:43:39,11.92,798676,670,卖盘
275,09:43:42,11.92,910654,764,买盘
276,09:43:45,11.91,835169,701,卖盘
277,09:43:48,11.91,672989,565,买盘
278,09:43:51,11.9,4174139,3507,卖盘
279,09:43:54,11.89,480584,404,卖盘
280,09:43:57,11.89,950389,799,卖盘
281,09:44:00,11.89,1129842,950,卖盘
282,09:44:03,11.89,833561,701,卖盘
283,09:44:06,11.88,529045,445,卖盘
284,09:44:09,11.88,560888,472,卖盘
285,09:44:12,11.88,1900952,1600,卖盘
286,09:44:15,11.88,981159,826,卖盘
287,09:44:18,11.88,1017517,857,买盘
288,09:44:21,11.87,757432,638,卖盘
289,09:44:24,11.87,910442,767,买盘
290,09:44:27,11.86,607277,512,卖盘
291,09:44:30,11.86,1440632,1215,买盘
292,09:44:33,11.87,1075743,907,买盘
293,09:44:36,11.85,729501,615,卖盘
294,09:44:39,11.91,11201295,9425,买盘
295,09:44:42,11.91,7982576,6691,卖盘
296,09:44:45,11.95,1671176,1401,买盘
297,09:44:48,11.95,3459063,2894,买盘
298,09:44:51,11.95,2502934,2094,卖盘
299,09:44:54,11.97,1227480,1026,买盘
300,09:44:57,11.97,7144280,5969,买盘
301,09:45:00,11.97,2232123,1865,买盘
302,09:45:03,11.98,760350,635,买盘
303,09:45:06,11.99,1539086,1285,买盘
304,09:45:09,11.99,1191362,994,买盘
305,09:45:12,11.99,2567999,2142,买盘
306,09:45:15,11.99,2001489,1669,买盘
307,09:45:18,11.99,1293824,1079,卖盘
308,09:45:21,11.99,3740133,3118,卖盘
309,09:45:24,12.0,2254129,1879,买盘
310,09:45:27,12.0,2678782,2233,买盘
311,09:45:30,12.0,2738108,2282,买盘
312,09:45:33,12.0,2496550,2081,买盘
313,09:45:36,12.0,2584536,2154,买盘
314,09:45:39,12.0,2423083,2019,买盘
315,09:45:42,12.01,2020327,1683,买盘
316,09:45:45,12.02,710960,592,买盘
317,09:45:48,12.01,2986965,2487,卖盘
318,09:45:51,12.02,3945025,3285,买盘
319,09:45:54,12.02,1428897,1189,买盘
320,09:45:57,12.02,1093024,909,卖盘
321,09:46:00,12.03,1048683,872,买盘
322,09:46:03,12.04,2247898,1868,买盘
323,09:46:06,12.05,1382159,1148,买盘
324,09:46:09,12.05,2273226,1887,买盘
325,09:46:12,12.05,1398924,1161,买盘
326,09:46:15,12.07,2476320,2054,买盘
327,09:46:18,12.06,2473528,2051,卖盘
328,09:46:21,12.08,2881151,2388,买盘
329,09:46:24,12.08,2689134,2227,买盘
330,09:46:27,12.08,3699334,3063,买盘
331,09:46:30,12.09,3529869,2923,买盘
332,09:46:33,12.09,1676054,1387,买盘
333,09:46:36,12.09,2960348,2449,买盘
334,09:46:39,12.1,3171788,2624,买盘
335,09:46:42,12.1,2399140,1984,买盘
336,09:46:45,12.1,3342888,2763,买盘
337,09:46:48,12.1,3939105,3256,买盘
338,09:46:51,12.1,3811422,3150,买盘
339,09:46:54,12.06,10404258,8605,卖盘
340,09:46:57,12.06,4760991,3947,卖盘
341,09:47:00,12.03,2714501,2253,卖盘
342,09:47:03,12.03,2525148,2097,卖盘
343,09:47:06,12.02,1470776,1223,卖盘
344,09:47:09,12.02,2724226,2267,卖盘
345,09:47:12,12.01,1516998,1263,卖盘
346,09:47:15,12.01,840611,700,卖盘
347,09:47:18,12.0,2612500,2176,卖盘
348,09:47:21,12.0,1951585,1626,卖盘
349,09:47:24,11.98,2026376,1689,卖盘
350,09:47:27,11.98,833018,695,卖盘
351,09:47:30,11.98,592008,494,卖盘
352,09:47:33,11.97,1026430,857,卖盘
353,09:47:36,11.98,3338156,2785,买盘
354,09:47:39,11.98,1433432,1197,买盘
355,09:47:42,11.98,1094618,914,买盘
356,09:47:45,11.99,1751884,1461,买盘
357,09:47:48,11.99,1387610,1158,买盘
358,09:47:51,12.0,826351,689,买盘
359,09:47:54,12.0,2858846,2385,买盘
360,09:47:57,12.0,1355701,1130,买盘
361,09:48:00,12.0,858170,715,卖盘
362,09:48:03,12.01,2769153,2307,买盘
363,09:48:06,12.01,1563390,1302,买盘
364,09:48:09,12.02,1439927,1199,买盘
365,09:48:12,12.02,2411646,2007,买盘
366,09:48:15,12.02,550697,458,卖盘
367,09:48:18,12.02,1541633,1282,卖盘
368,09:48:21,12.03,961901,800,买盘
369,09:48:24,12.04,740060,615,买盘
370,09:48:27,12.05,846190,703,买盘
371,09:48:30,12.05,1393796,1157,买盘
372,09:48:33,12.05,757117,628,卖盘
373,09:48:36,12.07,1551293,1286,买盘
374,09:48:39,12.08,1065148,883,买盘
375,09:48:42,12.08,1076789,892,买盘
376,09:48:45,12.08,764900,633,卖盘
377,09:48:48,12.09,2063189,1707,买盘
378,09:48:51,12.08,3359240,2780,卖盘
379,09:48:54,12.07,3919701,3244,卖盘
380,09:48:57,12.06,1949543,1615,卖盘
381,09:49:00,12.06,1441440,1196,买盘
382,09:49:03,12.06,1672651,1388,买盘
383,09:49:06,12.04,1235601,1025,卖盘
384,09:49:09,12.05,1738894,1443,中性盘
385,09:49:12,12.05,926921,769,买盘
386,09:49:15,12.05,843549,700,卖盘
387,09:49:18,12.05,1675628,1391,买盘
388,09:49:21,12.05,736270,611,买盘
389,09:49:24,12.05,1349481,1120,卖盘
390,09:49:27,12.05,668763,555,卖盘
391,09:49:30,12.05,704871,585,买盘
392,09:49:33,12.03,2266656,1884,卖盘
393,09:49:36,12.04,875762,728,买盘
394,09:49:39,12.03,111911,93,卖盘
395,09:49:42,12.03,742542,617,卖盘
396,09:49:45,12.03,910856,757,卖盘
397,09:49:48,12.03,500361,416,买盘
398,09:49:51,12.03,866017,720,买盘
399,09:49:54,12.03,1081056,899,买盘
400,09:49:57,12.02,1058763,881,卖盘
401,09:50:00,12.02,1288530,1072,买盘
402,09:50:03,12.02,534554,445,买盘
403,09:50:06,12.02,609228,507,买盘
404,09:50:09,12.01,716360,596,卖盘
405,09:50:12,12.0,788152,656,卖盘
406,09:50:15,12.01,903498,752,卖盘
407,09:50:18,12.0,1120401,933,卖盘
408,09:50:21,12.01,854869,712,买盘
409,09:50:24,12.01,799960,666,买盘
410,09:50:27,12.01,682199,568,卖盘
411,09:50:30,12.01,1245452,1037,卖盘
412,09:50:33,12.01,348263,290,买盘
413,09:50:36,12.01,288209,240,买盘
414,09:50:39,12.0,1220393,1016,卖盘
415,09:50:42,12.01,702527,585,买盘
416,09:50:45,12.01,318295,265,卖盘
417,09:50:48,12.01,1132101,943,卖盘
418,09:50:51,12.01,442022,368,卖盘
419,09:50:54,12.02,921037,767,买盘
420,09:50:57,12.0,942700,785,卖盘
421,09:51:00,12.01,1013062,844,买盘
422,09:51:03,12.01,672489,560,买盘
423,09:51:06,12.01,506825,422,卖盘
424,09:51:09,12.02,324381,270,买盘
425,09:51:12,12.01,905778,754,卖盘
426,09:51:15,12.01,999851,833,买盘
427,09:51:18,12.01,1135003,945,买盘
428,09:51:21,12.01,954504,795,卖盘
429,09:51:24,12.01,681052,567,卖盘
430,09:51:27,12.02,619946,516,买盘
431,09:51:30,12.01,859094,715,卖盘
432,09:51:33,12.01,636731,530,卖盘
433,09:51:36,12.01,528585,440,卖盘
434,09:51:39,12.02,669042,557,买盘
435,09:51:42,12.01,301530,251,卖盘
436,09:51:45,12.02,532103,443,买盘
437,09:51:48,12.02,856879,713,买盘
438,09:51:51,12.02,838689,698,买盘
439,09:51:54,12.02,941025,783,买盘
440,09:51:57,12.02,582841,485,买盘
441,09:52:00,12.02,659777,549,买盘
442,09:52:03,12.02,1072063,892,买盘
443,09:52:06,12.02,4492949,3743,买盘
444,09:52:09,12.02,1986458,1653,买盘
445,09:52:12,12.02,648137,539,卖盘
446,09:52:15,12.02,964338,802,卖盘
447,09:52:18,12.02,1754030,1459,卖盘
448,09:52:21,12.02,799206,665,买盘
449,09:52:24,12.02,913444,760,买盘
450,09:52:27,12.02,704164,586,卖盘
451,09:52:30,12.02,290903,242,卖盘
452,09:52:33,12.01,729736,607,卖盘
453,09:52:36,12.02,450559,375,买盘
454,09:52:39,12.02,449414,374,买盘
455,09:52:42,12.01,759350,632,卖盘
456,09:52:45,12.01,728849,607,买盘
457,09:52:48,12.01,632667,527,买盘
458,09:52:51,12.01,1861877,1550,买盘
459,09:52:54,12.01,1657352,1380,买盘
460,09:52:57,12.01,378323,315,卖盘
461,09:53:00,12.01,296722,247,卖盘
462,09:53:03,12.01,498621,415,卖盘
463,09:53:06,12.0,1192629,993,卖盘
464,09:53:09,12.01,604079,503,买盘
465,09:53:12,12.01,817861,681,买盘
466,09:53:15,12.01,565399,471,卖盘
467,09:53:18,12.0,625408,521,卖盘
468,09:53:21,12.0,1058685,882,卖盘
469,09:53:24,12.0,897703,748,卖盘
470,09:53:27,12.0,254386,212,买盘
471,09:53:30,12.0,912803,761,买盘
472,09:53:33,11.99,620213,517,卖盘
473,09:53:36,11.99,579283,483,卖盘
474,09:53:39,12.0,1295051,1080,买盘
475,09:53:42,11.99,785333,655,买盘
476,09:53:45,12.0,153470,128,买盘
477,09:53:48,12.0,877419,732,买盘
478,09:53:51,11.99,672873,561,中性盘
479,09:53:54,12.0,3398884,2833,买盘
480,09:53:57,12.0,421997,352,买盘
481,09:54:00,12.0,1576313,1314,买盘
482,09:54:03,12.0,1386940,1156,买盘
483,09:54:06,12.0,1299546,1083,卖盘
484,09:54:09,12.01,1501188,1251,买盘
485,09:54:12,12.0,498058,415,中性盘
486,09:54:15,12.01,841528,701,买盘
487,09:54:18,12.0,1343845,1120,卖盘
488,09:54:21,12.0,781487,651,卖盘
489,09:54:24,12.0,477676,398,中性盘
490,09:54:27,12.01,529374,441,买盘
491,09:54:30,12.0,974938,812,卖盘
492,09:54:33,12.01,666383,555,买盘
493,09:54:36,12.01,599011,499,卖盘
494,09:54:39,12.01,388939,324,买盘
495,09:54:42,12.01,651983,543,买盘
496,09:54:45,12.0,622866,519,卖盘
497,09:54:48,12.0,1360386,1133,买盘
498,09:54:51,12.0,502759,419,买盘
499,09:54:54,12.0,1033136,861,买盘
500,09:54:57,12.0,351603,293,卖盘
501,09:55:00,12.01,1118911,932,买盘
502,09:55:03,12.01,1208940,1007,买盘
503,09:55:06,12.01,331333,276,买盘
504,09:55:09,12.01,420257,350,买盘
505,09:55:12,12.01,584883,487,卖盘
506,09:55:15,12.01,476735,397,卖盘
507,09:55:18,12.01,3012603,2507,卖盘
508,09:55:21,12.01,1044054,869,卖盘
509,09:55:24,12.03,251240,209,买盘
510,09:55:27,12.03,886343,737,买盘
511,09:55:30,12.03,997075,829,买盘
512,09:55:33,12.04,406844,338,买盘
513,09:55:36,12.04,1230244,1022,买盘
514,09:55:39,12.04,458722,381,买盘
515,09:55:42,12.04,330062,274,卖盘
516,09:55:45,12.05,790140,656,买盘
517,09:55:48,12.05,651815,541,买盘
518,09:55:51,12.05,1367642,1135,买盘
519,09:55:54,12.05,1454056,1207,买盘
520,09:55:57,12.05,1398030,1160,卖盘
521,09:56:00,12.07,996139,826,买盘
522,09:56:03,12.08,1240289,1028,买盘
523,09:56:06,12.08,406858,337,买盘
524,09:56:09,12.08,1310539,1085,买盘
525,09:56:12,12.08,756466,626,买盘
526,09:56:15,12.09,818249,677,买盘
527,09:56:18,12.1,1839445,1522,买盘
528,09:56:21,12.1,685712,567,买盘
529,09:56:24,12.1,1629747,1347,买盘
530,09:56:27,12.1,3438508,2842,买盘
531,09:56:30,12.11,3935021,3252,买盘
532,09:56:33,12.1,1691562,1397,卖盘
533,09:56:36,12.11,5455341,4508,买盘
534,09:56:39,12.12,2606093,2152,买盘
535,09:56:42,12.12,1424850,1176,买盘
536,09:56:45,12.13,1565874,1292,买盘
537,09:56:48,12.14,1306167,1077,买盘
538,09:56:51,12.15,957956,789,买盘
539,09:56:54,12.15,2426069,1997,买盘
540,09:56:57,12.17,1802616,1483,买盘
541,09:57:00,12.17,1284838,1056,买盘
542,09:57:03,12.18,2535037,2084,买盘
543,09:57:06,12.18,3440551,2825,买盘
544,09:57:09,12.19,1969782,1617,买盘
545,09:57:12,12.19,1613521,1324,买盘
546,09:57:15,12.19,2052118,1683,买盘
547,09:57:18,12.2,3018850,2475,买盘
548,09:57:21,12.2,3417992,2802,买盘
549,09:57:24,12.2,4217202,3457,买盘
550,09:57:27,12.2,3205175,2627,买盘
551,09:57:30,12.21,2132439,1747,买盘
552,09:57:33,12.22,2181483,1787,买盘
553,09:57:36,12.22,1282686,1050,买盘
554,09:57:39,12.22,3846658,3148,买盘
555,09:57:42,12.22,1976192,1617,买盘
556,09:57:45,12.24,1072515,877,买盘
557,09:57:48,12.25,1683955,1376,买盘
558,09:57:51,12.26,2479044,2024,买盘
559,09:57:54,12.28,2046272,1669,买盘
560,09:57:57,12.28,2625664,2140,买盘
561,09:58:00,12.25,10737135,8753,卖盘
562,09:58:03,12.13,23897223,19599,卖盘
563,09:58:06,12.18,3895716,3214,买盘
564,09:58:09,12.16,828318,681,中性盘
565,09:58:12,12.15,2213281,1824,卖盘
566,09:58:15,12.15,1854439,1528,买盘
567,09:58:18,12.13,2404684,1982,卖盘
568,09:58:21,12.13,1572668,1298,买盘
569,09:58:24,12.14,1950616,1608,买盘
570,09:58:27,12.14,1412429,1164,买盘
571,09:58:30,12.14,1169405,963,卖盘
572,09:58:33,12.13,2511949,2069,卖盘
573,09:58:36,12.14,3108529,2560,卖盘
574,09:58:39,12.14,1402283,1155,买盘
575,09:58:42,12.15,940005,774,买盘
576,09:58:45,12.14,1902745,1567,卖盘
577,09:58:48,12.15,1523821,1255,买盘
578,09:58:51,12.12,4954093,4085,卖盘
579,09:58:54,12.12,2324927,1918,买盘
580,09:58:57,12.12,751579,620,买盘
581,09:59:00,12.13,485157,400,买盘
582,09:59:03,12.14,1158217,954,买盘
583,09:59:06,12.15,426436,351,买盘
584,09:59:09,12.16,843434,694,买盘
585,09:59:12,12.16,2691237,2214,买盘
586,09:59:15,12.17,1175320,966,买盘
587,09:59:18,12.17,1707242,1403,买盘
588,09:59:21,12.18,1007075,827,买盘
589,09:59:24,12.15,6827997,5614,卖盘
590,09:59:27,12.16,3127628,2571,买盘
591,09:59:30,12.17,1183721,974,买盘
592,09:59:33,12.17,1349906,1110,买盘
593,09:59:36,12.17,910358,748,卖盘
594,09:59:39,12.17,1096552,901,买盘
595,09:59:42,12.17,1067298,877,卖盘
596,09:59:45,12.17,1611589,1324,卖盘
597,09:59:48,12.17,1989555,1635,卖盘
598,09:59:51,12.16,1899421,1560,卖盘
599,09:59:54,12.13,4273604,3518,卖盘
600,09:59:57,12.14,3159509,2606,中性盘
601,10:00:00,12.11,1049488,866,卖盘
602,10:00:03,12.11,1349669,1115,卖盘
603,10:00:06,12.11,1387220,1146,买盘
604,10:00:09,12.09,1678088,1387,卖盘
605,10:00:12,12.1,655561,542,买盘
606,10:00:15,12.09,863220,714,中性盘
607,10:00:18,12.1,658794,545,买盘
608,10:00:21,12.09,1186287,981,卖盘
609,10:00:24,12.1,1105968,915,买盘
610,10:00:27,12.09,2647517,2191,卖盘
611,10:00:30,12.08,1093957,905,卖盘
612,10:00:33,12.07,968656,802,卖盘
613,10:00:36,12.07,1066318,883,卖盘
614,10:00:39,12.07,368087,305,卖盘
615,10:00:42,12.07,1130576,937,买盘
616,10:00:45,12.08,1133923,940,买盘
617,10:00:48,12.07,347568,288,卖盘
618,10:00:51,12.04,3589362,2980,卖盘
619,10:00:54,12.03,748618,622,卖盘
620,10:00:57,12.03,713500,593,卖盘
621,10:01:00,12.02,1027198,854,卖盘
622,10:01:03,12.04,952521,792,买盘
623,10:01:06,12.04,656056,545,中性盘
624,10:01:09,12.06,816467,678,买盘
625,10:01:12,12.06,560470,465,买盘
626,10:01:15,12.07,646597,536,买盘
627,10:01:18,12.08,783526,649,买盘
628,10:01:21,12.09,1104312,914,买盘
629,10:01:24,12.09,916157,758,买盘
630,10:01:27,12.08,1429788,1183,卖盘
631,10:01:30,12.1,1352274,1119,买盘
632,10:01:33,12.1,747230,618,买盘
633,10:01:36,12.1,818845,677,买盘
634,10:01:39,12.09,1129772,934,卖盘
635,10:01:42,12.09,1166307,965,买盘
636,10:01:45,12.08,1753246,1451,卖盘
637,10:01:48,12.09,1362370,1128,买盘
638,10:01:51,12.08,1147346,950,中性盘
639,10:01:54,12.08,944066,782,买盘
640,10:01:57,12.08,917480,760,买盘
641,10:02:00,12.06,1005615,833,卖盘
642,10:02:03,12.08,557395,462,买盘
643,10:02:06,12.07,691746,573,卖盘
644,10:02:09,12.08,1119937,928,买盘
645,10:02:12,12.08,1434184,1188,买盘
646,10:02:15,12.08,614564,509,买盘
647,10:02:18,12.08,905748,750,买盘
648,10:02:21,12.08,1248631,1034,买盘
649,10:02:24,12.08,839376,695,买盘
650,10:02:27,12.08,1065272,882,卖盘
651,10:02:30,12.09,777047,643,买盘
652,10:02:33,12.09,641671,531,买盘
653,10:02:36,12.08,713005,590,卖盘
654,10:02:39,12.08,1292396,1070,卖盘
655,10:02:42,12.08,887598,735,买盘
656,10:02:45,12.08,997553,826,买盘
657,10:02:48,12.08,682488,565,卖盘
658,10:02:51,12.08,757259,627,买盘
659,10:02:54,12.09,971260,804,买盘
660,10:02:57,12.09,582305,482,买盘
661,10:03:00,12.07,573845,475,卖盘
662,10:03:03,12.08,738879,612,买盘
663,10:03:06,12.08,646057,535,卖盘
664,10:03:09,12.08,1016634,842,买盘
665,10:03:12,12.08,705328,584,买盘
666,10:03:15,12.08,2130214,1766,买盘
667,10:03:18,12.07,417633,346,卖盘
668,10:03:21,12.07,2240344,1859,买盘
669,10:03:24,12.08,866232,718,买盘
670,10:03:27,12.07,1245024,1032,中性盘
671,10:03:30,12.07,482754,400,卖盘
672,10:03:33,12.06,575281,477,卖盘
673,10:03:36,12.06,372637,309,卖盘
674,10:03:39,12.06,852157,707,买盘
675,10:03:42,12.06,724436,601,卖盘
676,10:03:45,12.06,780124,647,买盘
677,10:03:48,12.06,498989,414,买盘
678,10:03:51,12.04,1748002,1452,卖盘
679,10:03:54,12.03,617106,513,卖盘
680,10:03:57,12.04,418463,348,买盘
681,10:04:00,12.04,531681,442,买盘
682,10:04:03,12.03,487239,405,卖盘
683,10:04:06,12.03,1038902,864,买盘
684,10:04:09,12.03,524201,436,买盘
685,10:04:12,12.02,1475185,1228,卖盘
686,10:04:15,12.02,702809,585,买盘
687,10:04:18,12.01,739924,616,卖盘
688,10:04:21,12.0,642556,535,卖盘
689,10:04:24,12.01,876687,730,买盘
690,10:04:27,12.02,888177,740,买盘
691,10:04:30,12.01,780529,650,卖盘
692,10:04:33,12.01,1183834,986,买盘
693,10:04:36,12.01,672391,560,买盘
694,10:04:39,12.0,854905,712,卖盘
695,10:04:42,12.01,441986,368,卖盘
696,10:04:45,12.01,625386,521,买盘
697,10:04:48,12.0,804391,670,卖盘
698,10:04:51,12.02,1750078,1458,买盘
699,10:04:54,12.01,687963,573,卖盘
700,10:04:57,12.02,534540,445,买盘
701,10:05:00,12.02,565728,471,买盘
702,10:05:03,12.02,569322,474,买盘
703,10:05:06,12.02,509352,424,买盘
704,10:05:09,12.01,551328,459,卖盘
705,10:05:12,12.01,606235,505,买盘
706,10:05:15,12.02,992802,827,买盘
707,10:05:18,12.01,606495,505,卖盘
708,10:05:21,12.02,718162,598,买盘
709,10:05:24,12.02,392741,327,买盘
710,10:05:27,12.02,357965,298,买盘
711,10:05:30,12.02,672723,560,买盘
712,10:05:33,12.02,502143,418,买盘
713,10:05:36,12.01,786683,655,卖盘
714,10:05:39,12.02,1283703,1069,买盘
715,10:05:42,12.02,267839,223,买盘
716,10:05:45,12.02,434897,362,买盘
717,10:05:48,12.02,613877,511,买盘
718,10:05:51,12.02,1401126,1166,买盘
719,10:05:54,12.02,1069466,890,买盘
720,10:05:57,12.02,1030933,858,买盘
721,10:06:00,12.02,466092,388,买盘
722,10:06:03,12.02,1048893,873,买盘
723,10:06:06,12.03,623869,519,买盘
724,10:06:09,12.03,385929,321,买盘
725,10:06:12,12.04,656383,546,买盘
726,10:06:15,12.04,375337,312,买盘
727,10:06:18,12.03,386232,321,卖盘
728,10:06:21,12.04,680026,565,买盘
729,10:06:24,12.04,801575,666,卖盘
730,10:06:27,12.05,432348,359,买盘
731,10:06:30,12.05,637165,529,买盘
732,10:06:33,12.05,510783,424,买盘
733,10:06:36,12.06,257874,214,买盘
734,10:06:39,12.06,520662,432,买盘
735,10:06:42,12.07,471274,391,买盘
736,10:06:45,12.06,512626,425,卖盘
737,10:06:48,12.07,538082,446,买盘
738,10:06:51,12.07,638388,529,卖盘
739,10:06:54,12.08,879047,728,买盘
740,10:06:57,12.08,1148459,951,买盘
741,10:07:00,12.05,2637253,2186,卖盘
742,10:07:03,12.04,1056963,877,卖盘
743,10:07:06,12.07,1310300,1087,买盘
744,10:07:09,12.06,267480,222,卖盘
745,10:07:12,12.05,449601,373,卖盘
746,10:07:15,12.06,493974,410,买盘
747,10:07:18,12.08,1979595,1640,买盘
748,10:07:21,12.08,501320,415,卖盘
749,10:07:24,12.08,664412,550,卖盘
750,10:07:27,12.08,251296,208,卖盘
751,10:07:30,12.08,437050,362,买盘
752,10:07:33,12.09,644666,534,买盘
753,10:07:36,12.09,706773,585,买盘
754,10:07:39,12.09,657258,544,买盘
755,10:07:42,12.09,572628,474,买盘
756,10:07:45,12.07,471892,391,卖盘
757,10:07:48,12.08,329298,273,买盘
758,10:07:51,12.06,694258,575,卖盘
759,10:07:54,12.08,554568,460,买盘
760,10:07:57,12.06,107414,89,卖盘
761,10:08:00,12.08,582715,483,买盘
762,10:08:03,12.08,466839,387,买盘
763,10:08:06,12.07,325918,270,卖盘
764,10:08:09,12.07,577768,479,买盘
765,10:08:12,12.06,600708,498,卖盘
766,10:08:15,12.07,575313,477,买盘
767,10:08:18,12.07,651545,540,买盘
768,10:08:21,12.07,451315,374,卖盘
769,10:08:24,12.07,396890,329,买盘
770,10:08:27,12.07,446552,370,卖盘
771,10:08:30,12.07,712962,591,买盘
772,10:08:33,12.08,750836,622,买盘
773,10:08:36,12.08,325891,270,买盘
774,10:08:39,12.08,594001,492,买盘
775,10:08:42,12.07,395978,328,卖盘
776,10:08:45,12.08,382708,317,买盘
777,10:08:48,12.07,705965,585,中性盘
778,10:08:51,12.06,496968,412,卖盘
779,10:08:54,12.07,452181,375,买盘
780,10:08:57,12.06,328163,272,卖盘
781,10:09:00,12.07,107416,89,买盘
782,10:09:03,12.07,399534,331,卖盘
783,10:09:06,12.07,365665,303,卖盘
784,10:09:09,12.07,492380,408,卖盘
785,10:09:12,12.07,445455,369,卖盘
786,10:09:15,12.07,307700,255,买盘
787,10:09:18,12.07,592655,491,买盘
788,10:09:21,12.08,322419,267,买盘
789,10:09:24,12.07,258348,214,卖盘
790,10:09:27,12.08,990531,820,买盘
791,10:09:30,12.08,2626224,2174,买盘
792,10:09:33,12.09,247678,205,买盘
793,10:09:36,12.09,175238,145,买盘
794,10:09:39,12.09,360280,298,买盘
795,10:09:42,12.1,826857,684,买盘
796,10:09:45,12.1,612211,506,买盘
797,10:09:48,12.1,2978946,2462,买盘
798,10:09:51,12.11,670570,554,买盘
799,10:09:54,12.12,389976,322,买盘
800,10:09:57,12.12,427795,353,买盘
801,10:10:00,12.12,481071,397,买盘
802,10:10:03,12.12,444948,367,卖盘
803,10:10:06,12.13,520293,429,买盘
804,10:10:09,12.13,550705,454,卖盘
805,10:10:12,12.15,936015,771,买盘
806,10:10:15,12.15,933457,769,买盘
807,10:10:18,12.15,1116529,919,买盘
808,10:10:21,12.16,196856,162,买盘
809,10:10:24,12.16,476546,392,买盘
810,10:10:27,12.16,456150,375,买盘
811,10:10:30,12.16,273720,225,卖盘
812,10:10:33,12.17,633965,521,买盘
813,10:10:36,12.17,619769,509,卖盘
814,10:10:39,12.18,594314,488,买盘
815,10:10:42,12.18,1484741,1219,买盘
816,10:10:45,12.18,1518942,1247,卖盘
817,10:10:48,12.17,3661674,3009,卖盘
818,10:10:51,12.16,1460020,1201,卖盘
819,10:10:54,12.14,752164,619,卖盘
820,10:10:57,12.14,506062,417,买盘
821,10:11:00,12.12,962729,794,卖盘
822,10:11:03,12.14,759522,626,买盘
823,10:11:06,12.12,391581,323,卖盘
824,10:11:09,12.13,246067,203,买盘
825,10:11:12,12.12,480301,396,卖盘
826,10:11:15,12.13,258200,213,买盘
827,10:11:18,12.13,728682,601,买盘
828,10:11:21,12.12,598974,494,卖盘
829,10:11:24,12.13,440197,363,买盘
830,10:11:27,12.12,598898,494,卖盘
831,10:11:30,12.12,346566,286,买盘
832,10:11:33,12.13,168524,139,买盘
833,10:11:36,12.12,167309,138,卖盘
834,10:11:39,12.13,322496,266,买盘
835,10:11:42,12.12,376854,311,卖盘
836,10:11:45,12.12,1460016,1206,买盘
837,10:11:48,12.12,338322,279,买盘
838,10:11:51,12.11,478640,395,卖盘
839,10:11:54,12.12,238686,197,买盘
840,10:11:57,12.11,245954,203,卖盘
841,10:12:00,12.11,420348,347,卖盘
842,10:12:03,12.12,275075,227,买盘
843,10:12:06,12.12,438507,362,买盘
844,10:12:09,12.12,450647,372,买盘
845,10:12:12,12.11,236296,195,卖盘
846,10:12:15,12.11,319831,264,卖盘
847,10:12:18,12.12,888321,733,买盘
848,10:12:21,12.12,150271,124,买盘
849,10:12:24,12.12,229091,189,卖盘
850,10:12:27,12.12,664659,548,卖盘
851,10:12:30,12.13,333467,275,买盘
852,10:12:33,12.13,982410,810,卖盘
853,10:12:36,12.13,228192,188,卖盘
854,10:12:39,12.13,311648,257,卖盘
855,10:12:42,12.14,390614,322,买盘
856,10:12:45,12.14,215966,178,买盘
857,10:12:48,12.15,801777,660,买盘
858,10:12:51,12.15,270864,223,买盘
859,10:12:54,12.16,168921,139,买盘
860,10:12:57,12.16,257638,212,买盘
861,10:13:00,12.16,732844,603,买盘
862,10:13:03,12.16,972753,800,买盘
863,10:13:06,12.16,429232,353,买盘
864,10:13:09,12.16,419582,345,卖盘
865,10:13:12,12.17,558291,459,买盘
866,10:13:15,12.17,1007062,828,买盘
867,10:13:18,12.17,484277,398,买盘
868,10:13:21,12.17,725176,596,买盘
869,10:13:24,12.17,450236,370,买盘
870,10:13:27,12.16,806798,663,卖盘
871,10:13:30,12.17,644918,530,买盘
872,10:13:33,12.17,182563,150,卖盘
873,10:13:36,12.17,977409,803,卖盘
874,10:13:39,12.17,791148,650,卖盘
875,10:13:42,12.17,491708,404,买盘
876,10:13:45,12.17,408867,336,买盘
877,10:13:48,12.17,623009,512,买盘
878,10:13:51,12.17,671686,552,买盘
879,10:13:54,12.17,889306,731,买盘
880,10:13:57,12.17,1205887,991,买盘
881,10:14:00,12.17,368802,303,卖盘
882,10:14:03,12.18,312915,257,买盘
883,10:14:06,12.17,267742,220,卖盘
884,10:14:09,12.17,517381,425,买盘
885,10:14:12,12.17,320058,263,买盘
886,10:14:15,12.17,995173,818,买盘
887,10:14:18,12.17,288336,237,买盘
888,10:14:21,12.17,417332,343,买盘
889,10:14:24,12.17,617974,508,买盘
890,10:14:27,12.16,478067,393,卖盘
891,10:14:30,12.16,421977,347,卖盘
892,10:14:33,12.16,383120,315,卖盘
893,10:14:36,12.16,612069,503,买盘
894,10:14:39,12.17,477884,393,买盘
895,10:14:42,12.17,465806,383,买盘
896,10:14:45,12.17,249346,205,买盘
897,10:14:48,12.17,335741,276,买盘
898,10:14:51,12.16,970612,798,卖盘
899,10:14:54,12.16,791524,651,买盘
900,10:14:57,12.16,280869,231,买盘
901,10:15:00,12.16,629883,518,买盘
902,10:15:03,12.16,479108,394,卖盘
903,10:15:06,12.16,291927,240,卖盘
904,10:15:09,12.16,353883,291,卖盘
905,10:15:12,12.16,1318931,1084,卖盘
906,10:15:15,12.16,168993,139,买盘
907,10:15:18,12.15,359791,296,卖盘
908,10:15:21,12.16,636776,524,买盘
909,10:15:24,12.15,709676,584,卖盘
910,10:15:27,12.16,244328,201,买盘
911,10:15:30,12.16,658966,542,买盘
912,10:15:33,12.15,252754,208,卖盘
913,10:15:36,12.15,415493,342,买盘
914,10:15:39,12.16,284312,234,买盘
915,10:15:42,12.16,484960,399,买盘
916,10:15:45,12.15,260086,214,卖盘
917,10:15:48,12.15,630690,519,卖盘
918,10:15:51,12.16,211502,174,买盘
919,10:15:54,12.16,309981,255,买盘
920,10:15:57,12.15,210248,173,卖盘
921,10:16:00,12.16,181082,149,买盘
922,10:16:03,12.15,283216,233,卖盘
923,10:16:06,12.16,604064,497,买盘
924,10:16:09,12.16,117908,97,买盘
925,10:16:12,12.16,325724,268,买盘
926,10:16:15,12.16,292940,241,买盘
927,10:16:18,12.15,2490808,2050,卖盘
928,10:16:21,12.16,167744,138,买盘
929,10:16:24,12.15,942900,776,卖盘
930,10:16:27,12.15,323175,266,买盘
931,10:16:30,12.14,248915,205,卖盘
932,10:16:33,12.15,250252,206,买盘
933,10:16:36,12.14,559751,461,卖盘
934,10:16:39,12.14,70412,58,买盘
935,10:16:42,12.14,155351,128,买盘
936,10:16:45,12.14,270592,223,买盘
937,10:16:48,12.13,138308,114,卖盘
938,10:16:51,12.13,653851,539,卖盘
939,10:16:54,12.13,31536,26,买盘
940,10:16:57,12.12,121233,100,卖盘
941,10:17:00,12.13,187884,155,买盘
942,10:17:03,12.13,446090,368,买盘
943,10:17:06,12.13,728732,601,买盘
944,10:17:09,12.13,392797,324,买盘
945,10:17:12,12.12,342040,282,卖盘
946,10:17:15,12.12,166030,137,卖盘
947,10:17:18,12.12,176957,146,买盘
948,10:17:21,12.12,75174,62,买盘
949,10:17:24,12.12,262993,217,卖盘
950,10:17:27,12.13,313950,259,买盘
951,10:17:30,12.11,231495,191,卖盘
952,10:17:33,12.13,104254,86,买盘
953,10:17:36,12.13,50941,42,买盘
954,10:17:39,12.12,129703,107,卖盘
955,10:17:42,12.13,161245,133,买盘
956,10:17:45,12.12,147869,122,卖盘
957,10:17:48,12.13,261909,216,买盘
958,10:17:51,12.12,400071,330,卖盘
959,10:17:54,12.13,654415,540,买盘
960,10:17:57,12.12,623855,515,中性盘
961,10:18:00,12.13,648184,535,买盘
962,10:18:03,12.12,180636,149,中性盘
963,10:18:06,12.13,421795,348,买盘
964,10:18:09,12.13,187915,155,买盘
965,10:18:12,12.13,172169,142,买盘
966,10:18:15,12.13,607266,501,买盘
967,10:18:18,12.12,110330,91,中性盘
968,10:18:21,12.13,203635,168,买盘
969,10:18:24,12.12,141833,117,中性盘
970,10:18:27,12.13,1012330,835,买盘
971,10:18:30,12.13,90931,75,买盘
972,10:18:33,12.13,322637,266,买盘
973,10:18:36,12.13,305645,252,买盘
974,10:18:39,12.13,170956,141,买盘
975,10:18:42,12.13,281343,232,买盘
976,10:18:45,12.13,580881,479,买盘
977,10:18:48,12.13,180725,149,买盘
978,10:18:51,12.13,129781,107,买盘
979,10:18:54,12.13,322688,266,卖盘
980,10:18:57,12.13,449902,371,买盘
981,10:19:00,12.13,334765,276,卖盘
982,10:19:03,12.13,114001,94,买盘
983,10:19:06,12.14,180809,149,买盘
984,10:19:09,12.16,3371674,2775,买盘
985,10:19:12,12.14,162676,134,卖盘
986,10:19:15,12.16,151885,125,买盘
987,10:19:18,12.16,201768,166,买盘
988,10:19:21,12.16,416865,343,买盘
989,10:19:24,12.16,554322,456,买盘
990,10:19:27,12.16,380595,313,买盘
991,10:19:30,12.16,421968,347,买盘
992,10:19:33,12.17,99738,82,买盘
993,10:19:36,12.17,132604,109,买盘
994,10:19:39,12.17,421030,346,买盘
995,10:19:42,12.16,992669,816,卖盘
996,10:19:45,12.17,455046,374,买盘
997,10:19:48,12.17,463383,381,买盘
998,10:19:51,12.17,478323,393,买盘
999,10:19:54,12.17,216635,178,卖盘
1000,10:19:57,12.17,528492,434,卖盘
1001,10:20:00,12.18,613672,504,买盘
1002,10:20:03,12.18,428438,352,买盘
1003,10:20:06,12.17,746594,613,卖盘
1004,10:20:09,12.17,247165,203,卖盘
1005,10:20:12,12.18,364113,299,买盘
1006,10:20:15,12.18,373840,307,买盘
1007,10:20:18,12.18,864587,710,买盘
1008,10:20:21,12.17,337242,277,卖盘
1009,10:20:24,12.18,276363,227,买盘
1010,10:20:27,12.17,927839,762,卖盘
1011,10:20:30,12.18,388374,319,买盘
1012,10:20:33,12.18,969448,796,买盘
1013,10:20:36,12.18,292290,240,买盘
1014,10:20:39,12.18,174170,143,买盘
1015,10:20:42,12.18,246037,202,买盘
1016,10:20:45,12.18,389683,320,卖盘
1017,10:20:48,12.19,343509,282,买盘
1018,10:20:51,12.19,241167,198,买盘
1019,10:20:54,12.19,117013,96,买盘
1020,10:20:57,12.19,861506,707,买盘
1021,10:21:00,12.18,253541,208,卖盘
1022,10:21:03,12.18,438632,360,卖盘
1023,10:21:06,12.19,371731,305,买盘
1024,10:21:09,12.19,357096,293,买盘
1025,10:21:12,12.19,333985,274,买盘
1026,10:21:15,12.19,742326,609,买盘
1027,10:21:18,12.19,290122,238,买盘
1028,10:21:21,12.19,450943,370,买盘
1029,10:21:24,12.18,310817,255,卖盘
1030,10:21:27,12.18,291159,239,卖盘
1031,10:21:30,12.19,169442,139,买盘
1032,10:21:33,12.19,311950,256,买盘
1033,10:21:36,12.18,482431,396,卖盘
1034,10:21:39,12.19,276586,227,买盘
1035,10:21:42,12.18,586014,481,卖盘
1036,10:21:45,12.18,570125,468,卖盘
1037,10:21:48,12.17,429790,353,卖盘
1038,10:21:51,12.18,490625,403,买盘
1039,10:21:54,12.18,288473,237,买盘
1040,10:21:57,12.18,137588,113,买盘
1041,10:22:00,12.17,558842,459,卖盘
1042,10:22:03,12.18,199657,164,买盘
1043,10:22:06,12.18,893522,734,买盘
1044,10:22:09,12.17,261770,215,卖盘
1045,10:22:12,12.18,299566,246,买盘
1046,10:22:15,12.18,317844,261,买盘
1047,10:22:18,12.18,291015,239,买盘
1048,10:22:21,12.17,275091,226,卖盘
1049,10:22:24,12.17,131427,108,买盘
1050,10:22:27,12.17,54765,45,买盘
1051,10:22:30,12.16,333281,274,卖盘
1052,10:22:33,12.17,799766,657,买盘
1053,10:22:36,12.17,161856,133,买盘
1054,10:22:39,12.17,177698,146,卖盘
1055,10:22:42,12.17,618262,508,卖盘
1056,10:22:45,12.17,253257,208,卖盘
1057,10:22:48,12.17,177694,146,买盘
1058,10:22:51,12.17,114368,94,买盘
1059,10:22:54,12.16,193481,159,卖盘
1060,10:22:57,12.17,300492,247,买盘
1061,10:23:00,12.17,323601,266,买盘
1062,10:23:03,12.16,1031214,848,卖盘
1063,10:23:06,12.16,48635,40,买盘
1064,10:23:09,12.15,552875,455,卖盘
1065,10:23:12,12.15,74061,61,买盘
1066,10:23:15,12.14,195497,161,卖盘
1067,10:23:18,12.15,191935,158,买盘
1068,10:23:21,12.16,622448,512,买盘
1069,10:23:24,12.15,172542,142,卖盘
1070,10:23:27,12.15,269743,222,卖盘
1071,10:23:30,12.14,301128,248,卖盘
1072,10:23:33,12.14,254993,210,卖盘
1073,10:23:36,12.14,354572,292,买盘
1074,10:23:39,12.14,324180,267,卖盘
1075,10:23:42,12.15,218700,180,买盘
1076,10:23:45,12.14,472918,389,卖盘
1077,10:23:48,12.15,353714,291,中性盘
1078,10:23:51,12.14,44918,37,卖盘
1079,10:23:54,12.15,365434,301,买盘
1080,10:23:57,12.14,303648,250,卖盘
1081,10:24:00,12.15,149393,123,买盘
1082,10:24:03,12.14,653307,538,卖盘
1083,10:24:06,12.14,337411,278,买盘
1084,10:24:09,12.13,1072349,884,卖盘
1085,10:24:12,12.13,93395,77,买盘
1086,10:24:15,12.13,117642,97,买盘
1087,10:24:18,12.13,103063,85,买盘
1088,10:24:21,12.12,413427,341,卖盘
1089,10:24:24,12.13,410963,339,买盘
1090,10:24:27,12.12,158778,131,卖盘
1091,10:24:30,12.12,310286,256,卖盘
1092,10:24:33,12.12,183026,151,卖盘
1093,10:24:36,12.11,144191,119,卖盘
1094,10:24:39,12.12,75116,62,买盘
1095,10:24:42,12.11,412985,341,卖盘
1096,10:24:45,12.11,225308,186,卖盘
1097,10:24:48,12.12,111457,92,买盘
1098,10:24:51,12.12,145363,120,买盘
1099,10:24:54,12.11,591098,488,卖盘
1100,10:24:57,12.11,187701,155,买盘
1101,10:25:00,12.12,1001499,827,买盘
1102,10:25:03,12.11,203490,168,卖盘
1103,10:25:06,12.11,145387,120,卖盘
1104,10:25:09,12.17,5661048,4657,买盘
1105,10:25:12,12.17,228804,188,卖盘
1106,10:25:15,12.17,204500,168,卖盘
1107,10:25:18,12.17,335891,276,卖盘
1108,10:25:21,12.17,82730,68,买盘
1109,10:25:24,12.17,62046,51,买盘
1110,10:25:27,12.15,158094,130,卖盘
1111,10:25:30,12.17,93698,77,买盘
1112,10:25:33,12.17,268861,221,买盘
1113,10:25:36,12.15,212911,175,卖盘
1114,10:25:39,12.17,271380,223,买盘
1115,10:25:42,12.15,240736,198,卖盘
1116,10:25:45,12.16,189722,156,买盘
1117,10:25:48,12.16,126493,104,买盘
1118,10:25:51,12.17,147239,121,买盘
1119,10:25:54,12.16,68110,56,卖盘
1120,10:25:57,12.16,469486,386,卖盘
1121,10:26:00,12.16,318633,262,卖盘
1122,10:26:03,12.16,233583,192,买盘
1123,10:26:06,12.16,206720,170,买盘
1124,10:26:09,12.17,375796,309,买盘
1125,10:26:12,12.16,333163,274,卖盘
1126,10:26:15,12.16,217589,179,买盘
1127,10:26:18,12.16,543530,447,买盘
1128,10:26:21,12.16,178752,147,买盘
1129,10:26:24,12.16,234635,193,买盘
1130,10:26:27,12.16,452311,372,卖盘
1131,10:26:30,12.16,244376,201,买盘
1132,10:26:33,12.17,313898,258,买盘
1133,10:26:36,12.16,218887,180,卖盘
1134,10:26:39,12.16,100948,83,买盘
1135,10:26:42,12.16,151969,125,买盘
1136,10:26:45,12.16,188483,155,卖盘
1137,10:26:48,12.16,364815,300,卖盘
1138,10:26:51,12.15,239596,197,卖盘
1139,10:26:54,12.15,213880,176,卖盘
1140,10:26:57,12.15,164078,135,卖盘
1141,10:27:00,12.16,148292,122,买盘
1142,10:27:03,12.14,467667,385,卖盘
1143,10:27:06,12.14,179614,148,买盘
1144,10:27:09,12.15,84952,70,买盘
1145,10:27:12,12.14,100717,83,中性盘
1146,10:27:15,12.13,555714,458,卖盘
1147,10:27:18,12.12,130967,108,卖盘
1148,10:27:21,12.12,117604,97,卖盘
1149,10:27:24,12.13,107925,89,买盘
1150,10:27:27,12.12,196439,162,卖盘
1151,10:27:30,12.13,504739,416,买盘
1152,10:27:33,12.13,209849,173,卖盘
1153,10:27:36,12.14,569912,470,中性盘
1154,10:27:39,12.13,515236,425,卖盘
1155,10:27:42,12.13,419678,346,买盘
1156,10:27:45,12.13,156421,129,买盘
1157,10:27:48,12.1,6410895,5296,卖盘
1158,10:27:51,12.12,130800,108,买盘
1159,10:27:54,12.12,78778,65,买盘
1160,10:27:57,12.12,58157,48,买盘
1161,10:28:00,12.12,484334,400,买盘
1162,10:28:03,12.1,116232,96,卖盘
1163,10:28:06,12.1,268845,222,卖盘
1164,10:28:09,12.1,151299,125,卖盘
1165,10:28:12,12.1,389777,322,卖盘
1166,10:28:15,12.1,260272,215,卖盘
1167,10:28:18,12.1,275923,228,卖盘
1168,10:28:21,12.1,880926,728,卖盘
1169,10:28:24,12.1,476448,394,买盘
1170,10:28:27,12.1,286630,237,买盘
1171,10:28:30,12.09,409918,339,卖盘
1172,10:28:33,12.09,616638,510,卖盘
1173,10:28:36,12.08,80954,67,卖盘
1174,10:28:39,12.08,93047,77,卖盘
1175,10:28:42,12.08,496554,411,卖盘
1176,10:28:45,12.08,1011351,837,卖盘
1177,10:28:48,12.09,503772,417,买盘
1178,10:28:51,12.08,314107,260,卖盘
1179,10:28:54,12.08,634210,525,卖盘
1180,10:28:57,12.08,120796,100,买盘
1181,10:29:00,12.08,199243,165,买盘
1182,10:29:03,12.07,432190,358,卖盘
1183,10:29:06,12.07,325932,270,卖盘
1184,10:29:09,12.07,656599,544,买盘
1185,10:29:12,12.08,360907,299,买盘
1186,10:29:15,12.07,450205,373,卖盘
1187,10:29:18,12.07,85698,71,卖盘
1188,10:29:21,12.07,246227,204,买盘
1189,10:29:24,12.06,405301,336,卖盘
1190,10:29:27,12.06,630108,522,卖盘
1191,10:29:30,12.07,121843,101,中性盘
1192,10:29:33,12.06,298077,247,卖盘
1193,10:29:36,12.07,372776,309,买盘
1194,10:29:39,12.07,200233,166,买盘
1195,10:29:42,12.06,176124,146,卖盘
1196,10:29:45,12.06,187069,155,卖盘
1197,10:29:48,12.06,357067,296,卖盘
1198,10:29:51,12.06,141143,117,卖盘
1199,10:29:54,12.07,215962,179,买盘
1200,10:29:57,12.07,306413,254,买盘
1201,10:30:00,12.08,257182,213,买盘
1202,10:30:03,12.07,366942,304,中性盘
1203,10:30:06,12.07,301707,250,买盘
1204,10:30:09,12.08,2066871,1712,买盘
1205,10:30:12,12.11,5495410,4541,买盘
1206,10:30:15,12.12,496409,410,买盘
1207,10:30:18,12.13,150211,124,买盘
1208,10:30:21,12.13,135770,112,买盘
1209,10:30:24,12.13,340845,281,买盘
1210,10:30:27,12.13,247389,204,买盘
1211,10:30:30,12.13,295972,244,买盘
1212,10:30:33,12.13,418461,345,买盘
1213,10:30:36,12.13,220760,182,买盘
1214,10:30:39,12.13,241333,199,买盘
1215,10:30:42,12.13,354180,292,买盘
1216,10:30:45,12.13,299608,247,买盘
1217,10:30:48,12.14,52183,43,买盘
1218,10:30:51,12.14,235445,194,买盘
1219,10:30:54,12.14,220972,182,卖盘
1220,10:30:57,12.14,172433,142,买盘
1221,10:31:00,12.14,286619,236,卖盘
1222,10:31:03,12.14,308341,254,卖盘
1223,10:31:06,12.14,366802,302,卖盘
1224,10:31:09,12.14,189412,156,卖盘
1225,10:31:12,12.14,382227,315,卖盘
1226,10:31:15,12.14,498576,411,买盘
1227,10:31:18,12.13,161374,133,中性盘
1228,10:31:21,12.13,121232,100,买盘
1229,10:31:24,12.13,166197,137,买盘
1230,10:31:27,12.14,211077,174,买盘
1231,10:31:30,12.13,299601,247,卖盘
1232,10:31:33,12.13,297283,245,卖盘
1233,10:31:36,12.14,639620,527,买盘
1234,10:31:39,12.14,160153,132,买盘
1235,10:31:42,12.13,186888,154,卖盘
1236,10:31:45,12.14,116464,96,买盘
1237,10:31:48,12.13,144365,119,卖盘
1238,10:31:51,12.13,262066,216,买盘
1239,10:31:54,12.13,310549,256,卖盘
1240,10:31:57,12.12,149144,123,卖盘
1241,10:32:00,12.12,209812,173,卖盘
1242,10:32:03,12.12,647364,534,卖盘
1243,10:32:06,12.11,272684,225,卖盘
1244,10:32:09,12.12,301762,249,买盘
1245,10:32:12,12.12,260453,215,买盘
1246,10:32:15,12.12,164747,136,买盘
1247,10:32:18,12.12,78741,65,买盘
1248,10:32:21,12.11,142967,118,卖盘
1249,10:32:24,12.12,133289,110,买盘
1250,10:32:27,12.11,387386,320,卖盘
1251,10:32:30,12.11,193750,160,买盘
1252,10:32:33,12.1,124695,103,卖盘
1253,10:32:36,12.1,435644,360,卖盘
1254,10:32:39,12.1,233729,193,买盘
1255,10:32:42,12.11,96831,80,买盘
1256,10:32:45,12.1,66541,55,卖盘
1257,10:32:48,12.11,163384,135,中性盘
1258,10:32:51,12.11,260366,215,卖盘
1259,10:32:54,12.1,399633,330,卖盘
1260,10:32:57,12.11,92010,76,买盘
1261,10:33:00,12.11,360878,298,买盘
1262,10:33:03,12.11,147729,122,买盘
1263,10:33:06,12.09,874638,723,卖盘
1264,10:33:09,12.11,54466,45,买盘
1265,10:33:12,12.11,64180,53,卖盘
1266,10:33:15,12.1,207059,171,卖盘
1267,10:33:18,12.1,71380,59,买盘
1268,10:33:21,12.1,525006,434,买盘
1269,10:33:24,12.1,50795,42,买盘
1270,10:33:27,12.1,147625,122,买盘
1271,10:33:30,12.1,119756,99,买盘
1272,10:33:33,12.09,90710,75,卖盘
1273,10:33:36,12.1,133074,110,买盘
1274,10:33:39,12.09,422044,349,卖盘
1275,10:33:42,12.09,112437,93,买盘
1276,10:33:45,12.09,261062,216,买盘
1277,10:33:48,12.09,120892,100,买盘
1278,10:33:51,12.09,132934,110,卖盘
1279,10:33:54,12.09,221249,183,卖盘
1280,10:33:57,12.09,100364,83,卖盘
1281,10:34:00,12.1,267342,221,买盘
1282,10:34:03,12.1,153652,127,买盘
1283,10:34:06,12.09,105198,87,卖盘
1284,10:34:09,12.1,66541,55,买盘
1285,10:34:12,12.09,130641,108,卖盘
1286,10:34:15,12.09,1230014,1018,卖盘
1287,10:34:18,12.09,1090143,901,卖盘
1288,10:34:21,12.09,87042,72,卖盘
1289,10:34:24,12.08,91865,76,卖盘
1290,10:34:27,12.09,216379,179,买盘
1291,10:34:30,12.09,217488,180,买盘
1292,10:34:33,12.09,8462,7,买盘
1293,10:34:36,12.08,258651,214,卖盘
1294,10:34:39,12.1,206765,171,买盘
1295,10:34:42,12.09,51996,43,卖盘
1296,10:34:45,12.09,102769,85,卖盘
1297,10:34:48,12.09,372397,308,卖盘
1298,10:34:51,12.09,71381,59,卖盘
1299,10:34:54,12.09,171678,142,卖盘
1300,10:34:57,12.09,83418,69,买盘
1301,10:35:00,12.09,452157,374,买盘
1302,10:35:03,12.08,470178,389,卖盘
1303,10:35:06,12.09,140141,116,买盘
1304,10:35:09,12.08,93030,77,卖盘
1305,10:35:12,12.08,523136,433,卖盘
1306,10:35:15,12.08,641497,531,卖盘
1307,10:35:18,12.08,146169,121,卖盘
1308,10:35:21,12.08,167912,139,买盘
1309,10:35:24,12.08,278934,231,买盘
1310,10:35:27,12.08,350133,290,买盘
1311,10:35:30,12.08,260930,216,买盘
1312,10:35:33,12.09,187279,155,买盘
1313,10:35:36,12.09,176393,146,买盘
1314,10:35:39,12.09,99117,82,买盘
1315,10:35:42,12.09,76161,63,买盘
1316,10:35:45,12.09,299736,248,买盘
1317,10:35:48,12.08,95458,79,卖盘
1318,10:35:51,12.08,109951,91,卖盘
1319,10:35:54,12.09,195764,162,买盘
1320,10:35:57,12.08,247809,205,卖盘
1321,10:36:00,12.09,233332,193,买盘
1322,10:36:03,12.09,146274,121,买盘
1323,10:36:06,12.09,105126,87,买盘
1324,10:36:09,12.09,635859,526,买盘
1325,10:36:12,12.1,2513972,2076,买盘
1326,10:36:15,12.11,262552,217,买盘
1327,10:36:18,12.11,133313,110,卖盘
1328,10:36:21,12.11,70291,58,卖盘
1329,10:36:24,12.11,215569,178,卖盘
1330,10:36:27,12.12,94522,78,买盘
1331,10:36:30,12.13,100614,83,买盘
1332,10:36:33,12.13,429350,354,买盘
1333,10:36:36,12.13,220766,182,买盘
1334,10:36:39,12.13,363800,300,买盘
1335,10:36:42,12.13,308100,254,买盘
1336,10:36:45,12.13,66715,55,买盘
1337,10:36:48,12.14,345914,285,买盘
1338,10:36:51,12.12,482796,398,卖盘
1339,10:36:54,12.11,332277,274,卖盘
1340,10:36:57,12.14,93455,77,买盘
1341,10:37:00,12.14,332567,274,买盘
1342,10:37:03,12.14,160187,132,买盘
1343,10:37:06,12.13,223229,184,卖盘
1344,10:37:09,12.13,47319,39,卖盘
1345,10:37:12,12.13,118913,98,卖盘
1346,10:37:15,12.13,186890,154,卖盘
1347,10:37:18,12.14,686976,566,买盘
1348,10:37:21,12.14,171123,141,买盘
1349,10:37:24,12.14,476992,393,买盘
1350,10:37:27,12.14,475882,392,买盘
1351,10:37:30,12.14,197854,163,买盘
1352,10:37:33,12.14,233122,192,卖盘
1353,10:37:36,12.14,70434,58,卖盘
1354,10:37:39,12.14,217340,179,卖盘
1355,10:37:42,12.15,430072,354,买盘
1356,10:37:45,12.15,594916,490,买盘
1357,10:37:48,12.15,289146,238,买盘
1358,10:37:51,12.15,256262,211,买盘
1359,10:37:54,12.14,314644,259,卖盘
1360,10:37:57,12.14,157884,130,卖盘
1361,10:38:00,12.14,188193,155,卖盘
1362,10:38:03,12.15,140906,116,买盘
1363,10:38:06,12.15,219753,181,买盘
1364,10:38:09,12.14,87421,72,买盘
1365,10:38:12,12.14,84980,70,买盘
1366,10:38:15,12.14,197839,163,买盘
1367,10:38:18,12.14,85030,70,卖盘
1368,10:38:21,12.15,83799,69,买盘
1369,10:38:24,12.15,357205,294,买盘
1370,10:38:27,12.15,338796,279,买盘
1371,10:38:30,12.15,80163,66,买盘
1372,10:38:33,12.15,275769,227,买盘
1373,10:38:36,12.15,191963,158,买盘
1374,10:38:39,12.14,139668,115,卖盘
1375,10:38:42,12.15,66824,55,买盘
1376,10:38:45,12.15,256267,211,买盘
1377,10:38:48,12.15,138465,114,买盘
1378,10:38:51,12.14,197995,163,卖盘
1379,10:38:54,12.14,161578,133,卖盘
1380,10:38:57,12.14,77733,64,卖盘
1381,10:39:00,12.15,292808,241,买盘
1382,10:39:03,12.15,25505,21,买盘
1383,10:39:06,12.15,513589,423,买盘
1384,10:39:09,12.15,29159,24,买盘
1385,10:39:12,12.15,61950,51,买盘
1386,10:39:15,12.14,140925,116,卖盘
1387,10:39:18,12.15,76502,63,买盘
1388,10:39:21,12.14,116624,96,卖盘
1389,10:39:24,12.14,166376,137,卖盘
1390,10:39:27,12.15,95975,79,买盘
1391,10:39:30,12.15,23078,19,买盘
1392,10:39:33,12.15,104452,86,买盘
1393,10:39:36,12.15,120243,99,买盘
1394,10:39:39,12.15,692311,570,买盘
1395,10:39:42,12.15,165187,136,买盘
1396,10:39:45,12.14,517423,426,卖盘
1397,10:39:48,12.14,216252,178,卖盘
1398,10:39:51,12.15,219879,181,买盘
1399,10:39:54,12.15,84986,70,买盘
1400,10:39:57,12.15,68010,56,买盘
1401,10:40:00,12.15,168879,139,买盘
1402,10:40:03,12.15,66805,55,买盘
1403,10:40:06,12.15,100835,83,买盘
1404,10:40:09,12.15,74093,61,买盘
1405,10:40:12,12.15,88681,73,买盘
1406,10:40:15,12.15,443345,365,买盘
1407,10:40:18,12.15,216256,178,买盘
1408,10:40:21,12.15,303739,250,买盘
1409,10:40:24,12.15,95976,79,买盘
1410,10:40:27,12.15,178563,147,买盘
1411,10:40:30,12.15,111780,92,买盘
1412,10:40:33,12.14,374125,308,卖盘
1413,10:40:36,12.14,129951,107,卖盘
1414,10:40:39,12.14,167542,138,卖盘
1415,10:40:42,12.15,112965,93,买盘
1416,10:40:45,12.15,152978,126,买盘
1417,10:40:48,12.14,268426,221,卖盘
1418,10:40:51,12.14,84987,70,卖盘
1419,10:40:54,12.14,265871,219,卖盘
1420,10:40:57,12.14,177255,146,卖盘
1421,10:41:00,12.14,211367,174,卖盘
1422,10:41:03,12.14,115349,95,卖盘
1423,10:41:06,12.14,104457,86,卖盘
1424,10:41:09,12.14,206402,170,卖盘
1425,10:41:12,12.15,64376,53,买盘
1426,10:41:15,12.14,110482,91,卖盘
1427,10:41:18,12.15,48585,40,买盘
1428,10:41:21,12.14,138429,114,卖盘
1429,10:41:24,12.14,117772,97,卖盘
1430,10:41:27,12.14,310789,256,卖盘
1431,10:41:30,12.14,1348958,1111,卖盘
1432,10:41:33,12.14,149228,123,买盘
1433,10:41:36,12.14,171174,141,买盘
1434,10:41:39,12.14,240329,198,买盘
1435,10:41:42,12.14,213622,176,买盘
1436,10:41:45,12.13,280208,231,卖盘
1437,10:41:48,12.14,77683,64,买盘
1438,10:41:51,12.14,199044,164,买盘
1439,10:41:54,12.14,54624,45,买盘
1440,10:41:57,12.14,582678,480,买盘
1441,10:42:00,12.13,37619,31,卖盘
1442,10:42:03,12.13,107971,89,卖盘
1443,10:42:06,12.13,41258,34,卖盘
1444,10:42:09,12.14,72831,60,买盘
1445,10:42:12,12.14,176020,145,买盘
1446,10:42:15,12.14,46116,38,买盘
1447,10:42:18,12.13,93443,77,卖盘
1448,10:42:21,12.14,166258,137,买盘
1449,10:42:24,12.13,236555,195,卖盘
1450,10:42:27,12.13,121301,100,卖盘
1451,10:42:30,12.13,63078,52,卖盘
1452,10:42:33,12.13,167404,138,卖盘
1453,10:42:36,12.13,550719,454,卖盘
1454,10:42:39,12.13,90978,75,卖盘
1455,10:42:42,12.13,47307,39,买盘
1456,10:42:45,12.13,275277,227,买盘
1457,10:42:48,12.12,95802,79,卖盘
1458,10:42:51,12.12,79999,66,卖盘
1459,10:42:54,12.13,170960,141,买盘
1460,10:42:57,12.12,35148,29,卖盘
1461,10:43:00,12.13,258338,213,买盘
1462,10:43:03,12.13,12126,10,买盘
1463,10:43:06,12.12,311521,257,卖盘
1464,10:43:09,12.12,905482,747,卖盘
1465,10:43:12,12.12,26662,22,卖盘
1466,10:43:15,12.12,132126,109,买盘
1467,10:43:18,12.11,77524,64,卖盘
1468,10:43:21,12.11,204814,169,卖盘
1469,10:43:24,12.12,6060,5,买盘
1470,10:43:27,12.11,65443,54,卖盘
1471,10:43:30,12.11,72672,60,卖盘
1472,10:43:33,12.12,46021,38,买盘
1473,10:43:36,12.11,30287,25,卖盘
1474,10:43:39,12.11,277401,229,卖盘
1475,10:43:42,12.12,43610,36,买盘
1476,10:43:45,12.11,42399,35,卖盘
1477,10:43:48,12.11,46022,38,卖盘
1478,10:43:51,12.11,155037,128,卖盘
1479,10:43:54,12.11,70266,58,卖盘
1480,10:43:57,12.11,900935,744,卖盘
1481,10:44:00,12.11,163485,135,买盘
1482,10:44:03,12.11,162260,134,买盘
1483,10:44:06,12.11,130783,108,买盘
1484,10:44:09,12.11,60532,50,买盘
1485,10:44:12,12.12,338044,279,买盘
1486,10:44:15,12.12,78691,65,买盘
1487,10:44:18,12.11,30295,25,卖盘
1488,10:44:21,12.11,78720,65,卖盘
1489,10:44:24,12.11,58149,48,卖盘
1490,10:44:27,12.12,282227,233,买盘
1491,10:44:30,12.12,140486,116,买盘
1492,10:44:33,12.12,130788,108,买盘
1493,10:44:36,12.12,90892,75,买盘
1494,10:44:39,12.11,26656,22,卖盘
1495,10:44:42,12.12,70296,58,买盘
1496,10:44:45,12.11,222851,184,卖盘
1497,10:44:48,12.11,64196,53,卖盘
1498,10:44:51,12.12,854460,705,买盘
1499,10:44:54,12.11,135722,112,卖盘
1500,10:44:57,12.12,142943,118,买盘
1501,10:45:00,12.13,255755,211,买盘
1502,10:45:03,12.12,147796,122,买盘
1503,10:45:06,12.12,59374,49,买盘
1504,10:45:09,12.13,506680,418,买盘
1505,10:45:12,12.13,503816,416,买盘
1506,10:45:15,12.13,147976,122,买盘
1507,10:45:18,12.13,824437,680,买盘
1508,10:45:21,12.12,531847,439,买盘
1509,10:45:24,12.12,43639,36,卖盘
1510,10:45:27,12.12,430104,355,卖盘
1511,10:45:30,12.12,100619,83,卖盘
1512,10:45:33,12.12,197613,163,买盘
1513,10:45:36,12.12,56964,47,买盘
1514,10:45:39,12.11,133312,110,卖盘
1515,10:45:42,12.12,81171,67,卖盘
1516,10:45:45,12.12,107862,89,买盘
1517,10:45:48,12.12,138168,114,买盘
1518,10:45:51,12.1,3644284,3011,卖盘
1519,10:45:54,12.1,333951,276,买盘
1520,10:45:57,12.09,44736,37,卖盘
1521,10:46:00,12.1,471847,390,买盘
1522,10:46:03,12.09,306087,253,卖盘
1523,10:46:06,12.09,868172,718,卖盘
1524,10:46:09,12.09,401479,332,卖盘
1525,10:46:12,12.1,108826,90,买盘
1526,10:46:15,12.1,145147,120,买盘
1527,10:46:18,12.09,371428,307,卖盘
1528,10:46:21,12.09,78606,65,卖盘
1529,10:46:24,12.1,192291,159,买盘
1530,10:46:27,12.1,91944,76,买盘
1531,10:46:30,12.1,361658,299,买盘
1532,10:46:33,12.09,325307,269,卖盘
1533,10:46:36,12.1,309708,256,买盘
1534,10:46:39,12.1,97948,81,买盘
1535,10:46:42,12.09,53233,44,卖盘
1536,10:46:45,12.1,71372,59,买盘
1537,10:46:48,12.09,94354,78,卖盘
1538,10:46:51,12.1,36295,30,买盘
1539,10:46:54,12.1,112451,93,买盘
1540,10:46:57,12.09,255159,211,卖盘
1541,10:47:00,12.1,564981,467,买盘
1542,10:47:03,12.09,145169,120,卖盘
1543,10:47:06,12.1,128253,106,买盘
1544,10:47:09,12.09,4614654,3805,卖盘
1545,10:47:12,12.1,300045,248,卖盘
1546,10:47:15,12.14,315084,260,买盘
1547,10:47:18,12.12,18180,15,卖盘
1548,10:47:21,12.1,58146,48,卖盘
1549,10:47:24,12.1,59367,49,卖盘
1550,10:47:27,12.12,233647,193,中性盘
1551,10:47:30,12.13,162542,134,买盘
1552,10:47:33,12.13,19394,16,买盘
1553,10:47:36,12.13,89763,74,买盘
1554,10:47:39,12.14,172280,142,买盘
1555,10:47:42,12.13,26687,22,卖盘
1556,10:47:45,12.14,86186,71,买盘
1557,10:47:48,12.14,31545,26,买盘
1558,10:47:51,12.14,281646,232,买盘
1559,10:47:54,12.13,38843,32,卖盘
1560,10:47:57,12.14,65531,54,买盘
1561,10:48:00,12.14,552360,455,买盘
1562,10:48:03,12.14,239186,197,买盘
1563,10:48:06,12.14,227017,187,卖盘
1564,10:48:09,12.14,163892,135,卖盘
1565,10:48:12,12.14,396978,327,买盘
1566,10:48:15,12.14,129873,107,买盘
1567,10:48:18,12.14,20638,17,买盘
1568,10:48:21,12.13,30334,25,卖盘
1569,10:48:24,12.14,220927,182,买盘
1570,10:48:27,12.14,145658,120,买盘
1571,10:48:30,12.14,332433,274,买盘
1572,10:48:33,12.14,141941,117,买盘
1573,10:48:36,12.13,257326,212,卖盘
1574,10:48:39,12.14,162633,134,买盘
1575,10:48:42,12.13,44902,37,买盘
1576,10:48:45,12.14,65525,54,买盘
1577,10:48:48,12.14,416399,343,买盘
1578,10:48:51,12.13,44889,37,卖盘
1579,10:48:54,12.14,198980,164,买盘
1580,10:48:57,12.13,88554,73,卖盘
1581,10:49:00,12.14,597199,492,买盘
1582,10:49:03,12.14,539012,444,买盘
1583,10:49:06,12.15,672575,554,买盘
1584,10:49:09,12.15,346059,285,买盘
1585,10:49:12,12.15,148228,122,买盘
1586,10:49:15,12.14,354738,292,卖盘
1587,10:49:18,12.14,544259,448,卖盘
1588,10:49:21,12.15,201675,166,买盘
1589,10:49:24,12.15,652352,537,买盘
1590,10:49:27,12.15,195600,161,买盘
1591,10:49:30,12.15,165219,136,买盘
1592,10:49:33,12.15,423932,349,买盘
1593,10:49:36,12.14,222257,183,卖盘
1594,10:49:39,12.15,42525,35,买盘
1595,10:49:42,12.15,206537,170,买盘
1596,10:49:45,12.15,171309,141,买盘
1597,10:49:48,12.15,324398,267,买盘
1598,10:49:51,12.15,144575,119,买盘
1599,10:49:54,12.15,280661,231,买盘
1600,10:49:57,12.15,112987,93,买盘
1601,10:50:00,12.15,394837,325,买盘
1602,10:50:03,12.15,65573,54,买盘
1603,10:50:06,12.15,404585,333,买盘
1604,10:50:09,12.15,325618,268,买盘
1605,10:50:12,12.15,1201594,989,买盘
1606,10:50:15,12.15,347470,286,买盘
1607,10:50:18,12.15,148232,122,买盘
1608,10:50:21,12.16,171322,141,买盘
1609,10:50:24,12.15,87521,72,卖盘
1610,10:50:27,12.15,198064,163,卖盘
1611,10:50:30,12.15,246667,203,卖盘
1612,10:50:33,12.15,328202,270,卖盘
1613,10:50:36,12.15,38906,32,卖盘
1614,10:50:39,12.15,121553,100,卖盘
1615,10:50:42,12.15,268538,221,卖盘
1616,10:50:45,12.15,2186359,1798,卖盘
1617,10:50:48,12.14,215913,178,卖盘
1618,10:50:51,12.14,71659,59,卖盘
1619,10:50:54,12.15,47374,39,买盘
1620,10:50:57,12.15,110548,91,买盘
1621,10:51:00,12.14,82612,68,卖盘
1622,10:51:03,12.15,104448,86,买盘
1623,10:51:06,12.14,55878,46,卖盘
1624,10:51:09,12.15,251505,207,买盘
1625,10:51:12,12.14,2919521,2400,卖盘
1626,10:51:15,12.15,195609,161,买盘
1627,10:51:18,12.15,647996,533,卖盘
1628,10:51:21,12.16,308678,254,买盘
1629,10:51:24,12.16,68048,56,买盘
1630,10:51:27,12.16,48618,40,买盘
1631,10:51:30,12.16,174987,144,买盘
1632,10:51:33,12.15,58325,48,卖盘
1633,10:51:36,12.16,196865,162,买盘
1634,10:51:39,12.16,166577,137,买盘
1635,10:51:42,12.16,102193,84,卖盘
1636,10:51:45,12.16,136197,112,卖盘
1637,10:51:48,12.17,122817,101,买盘
1638,10:51:51,12.17,86400,71,买盘
1639,10:51:54,12.16,204296,168,卖盘
1640,10:51:57,12.16,86325,71,买盘
1641,10:52:00,12.16,94839,78,买盘
1642,10:52:03,12.16,103358,85,买盘
1643,10:52:06,12.16,103316,85,买盘
1644,10:52:09,12.16,10943,9,买盘
1645,10:52:12,12.15,207800,171,卖盘
1646,10:52:15,12.16,177505,146,买盘
1647,10:52:18,12.16,108207,89,买盘
1648,10:52:21,12.16,49832,41,买盘
1649,10:52:24,12.16,142261,117,买盘
1650,10:52:27,12.16,25528,21,买盘
1651,10:52:30,12.16,48637,40,买盘
1652,10:52:33,12.16,149560,123,买盘
1653,10:52:36,12.16,633468,521,买盘
1654,10:52:39,12.16,430720,354,卖盘
1655,10:52:42,12.16,133763,110,卖盘
1656,10:52:45,12.17,2132543,1752,买盘
1657,10:52:48,12.17,53548,44,卖盘
1658,10:52:51,12.18,243503,200,买盘
1659,10:52:54,12.18,5742832,4715,买盘
1660,10:52:57,12.18,388517,319,买盘
1661,10:53:00,12.18,1339532,1100,买盘
1662,10:53:03,12.18,569924,468,买盘
1663,10:53:06,12.18,129104,106,买盘
1664,10:53:09,12.18,280092,230,买盘
1665,10:53:12,12.18,742068,610,买盘
1666,10:53:15,12.18,203318,167,买盘
1667,10:53:18,12.17,633211,520,卖盘
1668,10:53:21,12.17,412867,339,卖盘
1669,10:53:24,12.18,81583,67,买盘
1670,10:53:27,12.18,312987,257,买盘
1671,10:53:30,12.18,589508,484,买盘
1672,10:53:33,12.18,250738,206,买盘
1673,10:53:36,12.17,571208,469,卖盘
1674,10:53:39,12.17,247183,203,卖盘
1675,10:53:42,12.17,76707,63,卖盘
1676,10:53:45,12.17,208244,171,卖盘
1677,10:53:48,12.18,177773,146,买盘
1678,10:53:51,12.18,65751,54,买盘
1679,10:53:54,12.17,163110,134,卖盘
1680,10:53:57,12.17,154620,127,卖盘
1681,10:54:00,12.18,382419,314,买盘
1682,10:54:03,12.17,1145828,942,卖盘
1683,10:54:06,12.17,65718,54,买盘
1684,10:54:09,12.17,187415,154,卖盘
1685,10:54:12,12.17,249641,205,买盘
1686,10:54:15,12.17,109530,90,卖盘
1687,10:54:18,12.16,48666,40,卖盘
1688,10:54:21,12.17,120466,99,买盘
1689,10:54:24,12.17,111912,92,买盘
1690,10:54:27,12.17,149644,123,买盘
1691,10:54:30,12.16,177570,146,卖盘
1692,10:54:33,12.16,165474,136,卖盘
1693,10:54:36,12.16,68120,56,卖盘
1694,10:54:39,12.16,23122,19,卖盘
1695,10:54:42,12.16,325889,268,卖盘
1696,10:54:45,12.17,52295,43,买盘
1697,10:54:48,12.16,165470,136,卖盘
1698,10:54:51,12.17,198298,163,买盘
1699,10:54:54,12.16,102186,84,卖盘
1700,10:54:57,12.17,183649,151,买盘
1701,10:55:00,12.16,267665,220,卖盘
1702,10:55:03,12.17,300395,247,买盘
1703,10:55:06,12.17,178854,147,买盘
1704,10:55:09,12.17,188551,155,买盘
1705,10:55:12,12.16,105839,87,卖盘
1706,10:55:15,12.17,114313,94,买盘
1707,10:55:18,12.16,68097,56,卖盘
1708,10:55:21,12.17,135075,111,买盘
1709,10:55:24,12.16,121641,100,卖盘
1710,10:55:27,12.16,55905,46,买盘
1711,10:55:30,12.16,92409,76,买盘
1712,10:55:33,12.16,282107,232,买盘
1713,10:55:36,12.16,74144,61,买盘
1714,10:55:39,12.16,115520,95,买盘
1715,10:55:42,12.16,193278,159,卖盘
1716,10:55:45,12.16,69359,57,卖盘
1717,10:55:48,12.16,159311,131,卖盘
1718,10:55:51,12.16,100933,83,买盘
1719,10:55:54,12.16,92434,76,卖盘
1720,10:55:57,12.16,384246,316,买盘
1721,10:56:00,12.16,154351,127,卖盘
1722,10:56:03,12.16,38913,32,买盘
1723,10:56:06,12.16,97280,80,买盘
1724,10:56:09,12.15,245696,202,卖盘
1725,10:56:12,12.16,123982,102,买盘
1726,10:56:15,12.16,103295,85,买盘
1727,10:56:18,12.16,37688,31,买盘
1728,10:56:21,12.16,75392,62,买盘
1729,10:56:24,12.16,98463,81,买盘
1730,10:56:27,12.15,138510,114,卖盘
1731,10:56:30,12.15,290395,239,卖盘
1732,10:56:33,12.15,170142,140,卖盘
1733,10:56:36,12.15,270964,223,卖盘
1734,10:56:39,12.15,312256,257,卖盘
1735,10:56:42,12.15,459275,378,卖盘
1736,10:56:45,12.15,205305,169,买盘
1737,10:56:48,12.14,36436,30,卖盘
1738,10:56:51,12.15,47372,39,买盘
1739,10:56:54,12.14,97123,80,卖盘
1740,10:56:57,12.14,206535,170,卖盘
1741,10:57:00,12.14,222192,183,卖盘
1742,10:57:03,12.14,618215,509,卖盘
1743,10:57:06,12.14,393593,324,卖盘
1744,10:57:09,12.14,149368,123,卖盘
1745,10:57:12,12.15,82616,68,买盘
1746,10:57:15,12.14,335066,276,卖盘
1747,10:57:18,12.14,860164,708,卖盘
1748,10:57:21,12.14,32794,27,卖盘
1749,10:57:24,12.15,242801,200,买盘
1750,10:57:27,12.15,12146,10,买盘
1751,10:57:30,12.15,100804,83,买盘
1752,10:57:33,12.15,127498,105,买盘
1753,10:57:36,12.15,98384,81,买盘
1754,10:57:39,12.15,98375,81,买盘
1755,10:57:42,12.15,490753,404,买盘
1756,10:57:45,12.14,151817,125,卖盘
1757,10:57:48,12.15,151875,125,买盘
1758,10:57:51,12.14,134790,111,卖盘
1759,10:57:54,12.14,65556,54,买盘
1760,10:57:57,12.14,15773,13,买盘
1761,10:58:00,12.13,66716,55,卖盘
1762,10:58:03,12.14,76463,63,买盘
1763,10:58:06,12.14,46133,38,卖盘
1764,10:58:09,12.14,110550,91,卖盘
1765,10:58:12,12.14,65586,54,卖盘
1766,10:58:15,12.14,20635,17,卖盘
1767,10:58:18,12.15,149359,123,买盘
1768,10:58:21,12.14,47356,39,卖盘
1769,10:58:24,12.14,33995,28,卖盘
1770,10:58:27,12.14,190704,157,卖盘
1771,10:58:30,12.15,76487,63,买盘
1772,10:58:33,12.14,8498,7,卖盘
1773,10:58:36,12.14,34017,28,卖盘
1774,10:58:39,12.14,137196,113,卖盘
1775,10:58:42,12.14,159068,131,卖盘
1776,10:58:45,12.14,159034,131,卖盘
1777,10:58:48,12.14,80124,66,买盘
1778,10:58:51,12.14,941341,776,买盘
1779,10:58:54,12.14,365279,301,买盘
1780,10:58:57,12.14,160231,132,买盘
1781,10:59:00,12.14,215991,178,买盘
1782,10:59:03,12.14,430728,355,买盘
1783,10:59:06,12.13,95898,79,卖盘
1784,10:59:09,12.14,19420,16,买盘
1785,10:59:12,12.13,1012877,835,卖盘
1786,10:59:15,12.13,37603,31,买盘
1787,10:59:18,12.13,1227785,1013,买盘
1788,10:59:21,12.13,128509,106,买盘
1789,10:59:24,12.12,38802,32,中性盘
1790,10:59:27,12.11,111521,92,卖盘
1791,10:59:30,12.11,139275,115,卖盘
1792,10:59:33,12.12,43611,36,买盘
1793,10:59:36,12.11,12118,10,卖盘
1794,10:59:39,12.12,58176,48,卖盘
1795,10:59:42,12.12,93303,77,卖盘
1796,10:59:45,12.11,89655,74,卖盘
1797,10:59:48,12.12,33915,28,买盘
1798,10:59:51,12.12,110264,91,买盘
1799,10:59:54,12.11,95693,79,卖盘
1800,10:59:57,12.11,77554,64,卖盘
1801,11:00:00,12.12,79938,66,买盘
1802,11:00:03,12.11,101756,84,卖盘
1803,11:00:06,12.11,63002,52,卖盘
1804,11:00:09,12.12,13332,11,买盘
1805,11:00:12,12.12,151500,125,卖盘
1806,11:00:15,12.12,204922,169,卖盘
1807,11:00:18,12.13,106720,88,买盘
1808,11:00:21,12.11,65439,54,卖盘
1809,11:00:24,12.12,2424,2,买盘
1810,11:00:27,12.13,59389,49,买盘
1811,11:00:30,12.12,23032,19,卖盘
1812,11:00:33,12.13,189094,156,买盘
1813,11:00:36,12.13,147879,122,买盘
1814,11:00:39,12.12,149152,123,卖盘
1815,11:00:42,12.12,384514,317,卖盘
1816,11:00:45,12.13,87281,72,买盘
1817,11:00:48,12.13,52142,43,买盘
1818,11:00:51,12.13,362685,299,买盘
1819,11:00:54,12.14,90986,75,买盘
1820,11:00:57,12.13,65530,54,卖盘
1821,11:01:00,12.13,63094,52,卖盘
1822,11:01:03,12.14,43678,36,买盘
1823,11:01:06,12.13,30334,25,卖盘
1824,11:01:09,12.14,122608,101,买盘
1825,11:01:12,12.14,26708,22,买盘
1826,11:01:15,12.14,71623,59,买盘
1827,11:01:18,12.14,143252,118,买盘
1828,11:01:21,12.15,21853,18,买盘
1829,11:01:24,12.14,52239,43,卖盘
1830,11:01:27,12.15,37642,31,买盘
1831,11:01:30,12.14,47366,39,卖盘
1832,11:01:33,12.15,81362,67,买盘
1833,11:01:36,12.15,227182,187,买盘
1834,11:01:39,12.15,459040,378,买盘
1835,11:01:42,12.15,114204,94,买盘
1836,11:01:45,12.15,143370,118,买盘
1837,11:01:48,12.14,122713,101,卖盘
1838,11:01:51,12.15,24296,20,买盘
1839,11:01:54,12.15,138500,114,买盘
1840,11:01:57,12.15,307384,253,买盘
1841,11:02:00,12.15,92335,76,买盘
1842,11:02:03,12.15,112994,93,买盘
1843,11:02:06,12.14,42502,35,卖盘
1844,11:02:09,12.15,92332,76,买盘
1845,11:02:12,12.15,19440,16,买盘
1846,11:02:15,12.15,153087,126,买盘
1847,11:02:18,12.15,334125,275,买盘
1848,11:02:21,12.15,94757,78,买盘
1849,11:02:24,12.14,164023,135,卖盘
1850,11:02:27,12.14,387473,319,卖盘
1851,11:02:30,12.14,172423,142,卖盘
1852,11:02:33,12.15,30374,25,买盘
1853,11:02:36,12.14,219877,181,卖盘
1854,11:02:39,12.15,97170,80,买盘
1855,11:02:42,12.15,7290,6,买盘
1856,11:02:45,12.15,174923,144,买盘
1857,11:02:48,12.15,54658,45,买盘
1858,11:02:51,12.15,250166,206,买盘
1859,11:02:54,12.15,125145,103,买盘
1860,11:02:57,12.15,126350,104,买盘
1861,11:03:00,12.15,170100,140,买盘
1862,11:03:03,12.15,97190,80,买盘
1863,11:03:06,12.15,257203,212,买盘
1864,11:03:09,12.15,38900,32,卖盘
1865,11:03:12,12.15,61976,51,卖盘
1866,11:03:15,12.16,37667,31,买盘
1867,11:03:18,12.15,21871,18,卖盘
1868,11:03:21,12.16,243173,200,买盘
1869,11:03:24,12.15,34040,28,卖盘
1870,11:03:27,12.15,62005,51,卖盘
1871,11:03:30,12.16,128834,106,买盘
1872,11:03:33,12.15,200558,165,卖盘
1873,11:03:36,12.16,85107,70,买盘
1874,11:03:39,12.16,25533,21,买盘
1875,11:03:42,12.16,75387,62,买盘
1876,11:03:45,12.15,597044,491,卖盘
1877,11:03:48,12.15,80246,66,卖盘
1878,11:03:51,12.15,223684,184,卖盘
1879,11:03:54,12.15,88736,73,卖盘
1880,11:03:57,12.16,113019,93,买盘
1881,11:04:00,12.16,35264,29,买盘
1882,11:04:03,12.16,6080,5,买盘
1883,11:04:06,12.16,115519,95,买盘
1884,11:04:09,12.16,92416,76,买盘
1885,11:04:12,12.16,255347,210,买盘
1886,11:04:15,12.16,37696,31,买盘
1887,11:04:18,12.16,148268,122,买盘
1888,11:04:21,12.16,120364,99,买盘
1889,11:04:24,12.15,65657,54,卖盘
1890,11:04:27,12.15,36477,30,卖盘
1891,11:04:30,12.15,13375,11,卖盘
1892,11:04:33,12.15,96014,79,卖盘
1893,11:04:36,12.16,223578,184,买盘
1894,11:04:39,12.15,396129,326,卖盘
1895,11:04:42,12.16,215188,177,买盘
1896,11:04:45,12.15,271056,223,卖盘
1897,11:04:48,12.16,145860,120,买盘
1898,11:04:51,12.15,529772,436,卖盘
1899,11:04:54,12.15,544371,448,卖盘
1900,11:04:57,12.15,921302,758,卖盘
1901,11:05:00,12.15,140890,116,买盘
1902,11:05:03,12.15,114185,94,买盘
1903,11:05:06,12.14,37655,31,卖盘
1904,11:05:09,12.14,111698,92,卖盘
1905,11:05:12,12.15,200356,165,买盘
1906,11:05:15,12.14,265907,219,卖盘
1907,11:05:18,12.14,242807,200,卖盘
1908,11:05:21,12.14,688376,567,卖盘
1909,11:05:24,12.14,150522,124,买盘
1910,11:05:27,12.14,50993,42,卖盘
1911,11:05:30,12.14,236602,195,买盘
1912,11:05:33,12.14,87409,72,卖盘
1913,11:05:36,12.14,46132,38,买盘
1914,11:05:39,12.14,55844,46,买盘
1915,11:05:42,12.14,197882,163,买盘
1916,11:05:45,12.13,37616,31,卖盘
1917,11:05:48,12.14,18210,15,买盘
1918,11:05:51,12.13,515529,425,卖盘
1919,11:05:54,12.13,59439,49,卖盘
1920,11:05:57,12.13,43668,36,卖盘
1921,11:06:00,12.14,115326,95,买盘
1922,11:06:03,12.14,105546,87,买盘
1923,11:06:06,12.14,65538,54,买盘
1924,11:06:09,12.13,60692,50,卖盘
1925,11:06:12,12.14,84980,70,买盘
1926,11:06:15,12.14,15780,13,买盘
1927,11:06:18,12.13,117756,97,卖盘
1928,11:06:21,12.13,191674,158,卖盘
1929,11:06:24,12.14,260804,215,买盘
1930,11:06:27,12.14,46114,38,买盘
1931,11:06:30,12.14,15782,13,买盘
1932,11:06:33,12.13,4853,4,卖盘
1933,11:06:36,12.13,343343,283,卖盘
1934,11:06:39,12.13,78890,65,卖盘
1935,11:06:42,12.13,84919,70,卖盘
1936,11:06:45,12.14,93403,77,买盘
1937,11:06:48,12.13,208677,172,卖盘
1938,11:06:51,12.14,12133,10,买盘
1939,11:06:54,12.13,36395,30,卖盘
1940,11:06:57,12.14,158924,131,买盘
1941,11:07:00,12.14,206311,170,买盘
1942,11:07:03,12.14,20634,17,买盘
1943,11:07:06,12.14,88597,73,买盘
1944,11:07:09,12.13,40049,33,卖盘
1945,11:07:12,12.13,29126,24,卖盘
1946,11:07:15,12.14,83764,69,买盘
1947,11:07:18,12.14,13354,11,买盘
1948,11:07:21,12.14,84936,70,买盘
1949,11:07:24,12.13,99524,82,卖盘
1950,11:07:27,12.14,203870,168,买盘
1951,11:07:30,12.14,69163,57,买盘
1952,11:07:33,12.14,20622,17,买盘
1953,11:07:36,12.14,134734,111,买盘
1954,11:07:39,12.14,125004,103,买盘
1955,11:07:42,12.14,75230,62,买盘
1956,11:07:45,12.14,287628,237,买盘
1957,11:07:48,12.13,286312,236,卖盘
1958,11:07:51,12.13,202547,167,卖盘
1959,11:07:54,12.13,49733,41,买盘
1960,11:07:57,12.13,84901,70,买盘
1961,11:08:00,12.14,428331,353,买盘
1962,11:08:03,12.12,33952,28,卖盘
1963,11:08:06,12.13,257104,212,买盘
1964,11:08:09,12.13,50938,42,买盘
1965,11:08:12,12.13,109154,90,买盘
1966,11:08:15,12.13,101880,84,买盘
1967,11:08:18,12.13,107918,89,买盘
1968,11:08:21,12.13,53372,44,卖盘
1969,11:08:24,12.13,104318,86,卖盘
1970,11:08:27,12.13,234172,193,卖盘
1971,11:08:30,12.12,126077,104,卖盘
1972,11:08:33,12.13,75193,62,买盘
1973,11:08:36,12.12,37596,31,卖盘
1974,11:08:39,12.13,30329,25,买盘
1975,11:08:42,12.13,99427,82,买盘
1976,11:08:45,12.12,553994,457,卖盘
1977,11:08:48,12.12,242434,200,卖盘
1978,11:08:51,12.12,218315,180,卖盘
1979,11:08:54,12.12,317547,262,卖盘
1980,11:08:57,12.12,506659,418,卖盘
1981,11:09:00,12.13,533670,440,买盘
1982,11:09:03,12.13,220764,182,买盘
1983,11:09:06,12.13,59437,49,卖盘
1984,11:09:09,12.13,109170,90,卖盘
1985,11:09:12,12.13,691498,570,卖盘
1986,11:09:15,12.13,346918,286,买盘
1987,11:09:18,12.13,132217,109,买盘
1988,11:09:21,12.13,221806,183,买盘
1989,11:09:24,12.13,271706,224,买盘
1990,11:09:27,12.13,94605,78,买盘
1991,11:09:30,12.13,177048,146,买盘
1992,11:09:33,12.13,169747,140,买盘
1993,11:09:36,12.13,58221,48,买盘
1994,11:09:39,12.13,215886,178,买盘
1995,11:09:42,12.15,5704056,4699,买盘
1996,11:09:45,12.16,15743940,12926,买盘
1997,11:09:48,12.2,3169493,2598,买盘
1998,11:09:51,12.2,3105936,2546,买盘
1999,11:09:54,12.2,3584312,2938,买盘
2000,11:09:57,12.22,1370098,1122,买盘
2001,11:10:00,12.22,1466598,1201,买盘
2002,11:10:03,12.23,1179526,965,买盘
2003,11:10:06,12.23,524620,429,买盘
2004,11:10:09,12.24,453835,371,买盘
2005,11:10:12,12.24,342676,280,买盘
2006,11:10:15,12.25,938865,767,买盘
2007,11:10:18,12.25,1200007,980,买盘
2008,11:10:21,12.25,1591264,1299,买盘
2009,11:10:24,12.25,1237171,1010,买盘
2010,11:10:27,12.25,1265118,1033,买盘
2011,11:10:30,12.25,1325399,1082,买盘
2012,11:10:33,12.24,1738214,1419,卖盘
2013,11:10:36,12.25,1588197,1297,买盘
2014,11:10:39,12.24,481147,393,卖盘
2015,11:10:42,12.25,2532356,2068,买盘
2016,11:10:45,12.23,2009596,1641,卖盘
2017,11:10:48,12.25,820628,670,买盘
2018,11:10:51,12.25,605152,494,卖盘
2019,11:10:54,12.25,774576,632,卖盘
2020,11:10:57,12.26,1273185,1039,买盘
2021,11:11:00,12.26,1764516,1439,买盘
2022,11:11:03,12.27,660611,539,买盘
2023,11:11:06,12.27,162034,132,卖盘
2024,11:11:09,12.28,536548,437,买盘
2025,11:11:12,12.28,990890,807,买盘
2026,11:11:15,12.28,2462155,2006,买盘
2027,11:11:18,12.28,1479613,1205,买盘
2028,11:11:21,12.28,2109564,1718,买盘
2029,11:11:24,12.28,873478,711,买盘
2030,11:11:27,12.28,674260,549,卖盘
2031,11:11:30,12.28,1029310,838,卖盘
2032,11:11:33,12.28,597065,486,卖盘
2033,11:11:36,12.29,1498869,1220,买盘
2034,11:11:39,12.29,1016181,827,买盘
2035,11:11:42,12.29,1280318,1042,买盘
2036,11:11:45,12.3,1274485,1037,买盘
2037,11:11:48,12.29,1408330,1146,卖盘
2038,11:11:51,12.3,1339166,1089,买盘
2039,11:11:54,12.29,2571248,2094,卖盘
2040,11:11:57,12.28,584841,476,卖盘
2041,11:12:00,12.27,627186,511,卖盘
2042,11:12:03,12.26,419442,342,中性盘
2043,11:12:06,12.25,728566,595,卖盘
2044,11:12:09,12.25,328236,268,买盘
2045,11:12:12,12.25,364813,298,买盘
2046,11:12:15,12.25,689544,563,买盘
2047,11:12:18,12.25,411450,336,买盘
2048,11:12:21,12.24,988252,807,卖盘
2049,11:12:24,12.24,394261,322,卖盘
2050,11:12:27,12.25,490982,401,买盘
2051,11:12:30,12.24,311015,254,卖盘
2052,11:12:33,12.24,505450,413,买盘
2053,11:12:36,12.24,469875,384,买盘
2054,11:12:39,12.24,131004,107,卖盘
2055,11:12:42,12.24,363537,297,卖盘
2056,11:12:45,12.24,325553,266,买盘
2057,11:12:48,12.24,386614,316,买盘
2058,11:12:51,12.24,270493,221,买盘
2059,11:12:54,12.24,954700,780,买盘
2060,11:12:57,12.24,379311,310,买盘
2061,11:13:00,12.23,503995,412,卖盘
2062,11:13:03,12.23,121067,99,买盘
2063,11:13:06,12.22,338510,277,卖盘
2064,11:13:09,12.22,814481,667,买盘
2065,11:13:12,12.21,47638,39,卖盘
2066,11:13:15,12.21,168525,138,买盘
2067,11:13:18,12.22,157481,129,买盘
2068,11:13:21,12.22,179563,147,买盘
2069,11:13:24,12.22,470423,385,买盘
2070,11:13:27,12.22,345658,283,卖盘
2071,11:13:30,12.22,216319,177,卖盘
2072,11:13:33,12.22,404527,331,卖盘
2073,11:13:36,12.22,215029,176,买盘
2074,11:13:39,12.21,171057,140,卖盘
2075,11:13:42,12.21,351680,288,卖盘
2076,11:13:45,12.22,78190,64,买盘
2077,11:13:48,12.21,305260,250,卖盘
2078,11:13:51,12.22,158860,130,买盘
2079,11:13:54,12.22,188129,154,买盘
2080,11:13:57,12.22,98986,81,卖盘
2081,11:14:00,12.23,124675,102,买盘
2082,11:14:03,12.23,101485,83,买盘
2083,11:14:06,12.23,227374,186,买盘
2084,11:14:09,12.23,629917,515,买盘
2085,11:14:12,12.23,152930,125,卖盘
2086,11:14:15,12.24,83259,68,卖盘
2087,11:14:18,12.24,61202,50,卖盘
2088,11:14:21,12.25,375667,307,买盘
2089,11:14:24,12.23,374624,306,卖盘
2090,11:14:27,12.23,688411,563,卖盘
2091,11:14:30,12.24,523490,428,买盘
2092,11:14:33,12.24,46507,38,买盘
2093,11:14:36,12.24,168862,138,买盘
2094,11:14:39,12.23,386625,316,卖盘
2095,11:14:42,12.23,267907,219,卖盘
2096,11:14:45,12.23,225058,184,买盘
2097,11:14:48,12.24,199422,163,买盘
2098,11:14:51,12.24,137068,112,买盘
2099,11:14:54,12.24,407535,333,买盘
2100,11:14:57,12.24,129740,106,买盘
2101,11:15:00,12.24,309678,253,卖盘
2102,11:15:03,12.24,384373,314,卖盘
2103,11:15:06,12.25,368464,301,买盘
2104,11:15:09,12.25,107753,88,买盘
2105,11:15:12,12.24,170229,139,卖盘
2106,11:15:15,12.25,175162,143,买盘
2107,11:15:18,12.25,328249,268,买盘
2108,11:15:21,12.25,210653,172,买盘
2109,11:15:24,12.25,982400,802,买盘
2110,11:15:27,12.25,307524,251,买盘
2111,11:15:30,12.26,99240,81,买盘
2112,11:15:33,12.26,134849,110,买盘
2113,11:15:36,12.26,144625,118,买盘
2114,11:15:39,12.27,110398,90,买盘
2115,11:15:42,12.27,439162,358,买盘
2116,11:15:45,12.28,132565,108,买盘
2117,11:15:48,12.28,567250,462,买盘
2118,11:15:51,12.3,2447440,1991,买盘
2119,11:15:54,12.3,430437,350,买盘
2120,11:15:57,12.3,4939680,4016,买盘
2121,11:16:00,12.31,1418851,1154,买盘
2122,11:16:03,12.32,866870,704,买盘
2123,11:16:06,12.32,402736,327,买盘
2124,11:16:09,12.33,404241,328,买盘
2125,11:16:12,12.33,552335,448,买盘
2126,11:16:15,12.34,330592,268,买盘
2127,11:16:18,12.34,509629,413,买盘
2128,11:16:21,12.35,616253,499,买盘
2129,11:16:24,12.35,1621489,1313,买盘
2130,11:16:27,12.36,572196,463,买盘
2131,11:16:30,12.36,1639970,1327,买盘
2132,11:16:33,12.38,1467926,1187,买盘
2133,11:16:36,12.38,756322,611,买盘
2134,11:16:39,12.39,1718884,1388,买盘
2135,11:16:42,12.4,1323630,1068,买盘
2136,11:16:45,12.43,1533130,1235,买盘
2137,11:16:48,12.44,794341,639,买盘
2138,11:16:51,12.45,2591526,2085,买盘
2139,11:16:54,12.45,2136008,1717,买盘
2140,11:16:57,12.45,2657165,2134,买盘
2141,11:17:00,12.45,3190626,2562,卖盘
2142,11:17:03,12.47,1765776,1416,买盘
2143,11:17:06,12.48,3239733,2597,买盘
2144,11:17:09,12.48,1131375,906,卖盘
2145,11:17:12,12.49,3815772,3057,买盘
2146,11:17:15,12.49,2337692,1871,卖盘
2147,11:17:18,12.5,1385852,1109,买盘
2148,11:17:21,12.5,2427041,1942,买盘
2149,11:17:24,12.5,1656175,1325,买盘
2150,11:17:27,12.49,1814865,1452,卖盘
2151,11:17:30,12.5,2692226,2155,买盘
2152,11:17:33,12.44,3145571,2523,卖盘
2153,11:17:36,12.31,3542363,2862,卖盘
2154,11:17:39,12.31,983990,800,买盘
2155,11:17:42,12.34,585308,475,买盘
2156,11:17:45,12.34,521236,423,买盘
2157,11:17:48,12.34,882130,715,买盘
2158,11:17:51,12.34,1131405,917,买盘
2159,11:17:54,12.35,307834,249,买盘
2160,11:17:57,12.35,344014,278,卖盘
2161,11:18:00,12.42,472529,381,买盘
2162,11:18:03,12.44,303124,244,买盘
2163,11:18:06,12.43,452477,364,卖盘
2164,11:18:09,12.44,1114786,897,买盘
2165,11:18:12,12.45,485320,390,买盘
2166,11:18:15,12.45,550112,442,买盘
2167,11:18:18,12.47,517953,416,买盘
2168,11:18:21,12.48,482612,387,买盘
2169,11:18:24,12.48,330587,265,买盘
2170,11:18:27,12.48,501899,402,买盘
2171,11:18:30,12.49,699337,560,买盘
2172,11:18:33,12.5,952795,763,买盘
2173,11:18:36,12.5,1069761,856,买盘
2174,11:18:39,12.49,2421002,1937,卖盘
2175,11:18:42,12.51,1178642,943,买盘
2176,11:18:45,12.51,802922,642,买盘
2177,11:18:48,12.52,583273,466,买盘
2178,11:18:51,12.52,657205,525,买盘
2179,11:18:54,12.52,729940,583,买盘
2180,11:18:57,12.53,583748,466,买盘
2181,11:19:00,12.53,2522231,2014,买盘
2182,11:19:03,12.54,1342547,1071,买盘
2183,11:19:06,12.55,1094627,873,买盘
2184,11:19:09,12.55,692681,552,买盘
2185,11:19:12,12.54,2792960,2226,卖盘
2186,11:19:15,12.53,1890958,1508,卖盘
2187,11:19:18,12.52,4051087,3233,卖盘
2188,11:19:21,12.5,816938,653,卖盘
2189,11:19:24,12.5,724095,579,卖盘
2190,11:19:27,12.5,1326999,1062,买盘
2191,11:19:30,12.5,645648,517,买盘
2192,11:19:33,12.5,731846,586,买盘
2193,11:19:36,12.47,577929,463,卖盘
2194,11:19:39,12.5,658612,528,买盘
2195,11:19:42,12.46,227995,183,买盘
2196,11:19:45,12.47,325608,261,买盘
2197,11:19:48,12.46,357920,287,卖盘
2198,11:19:51,12.49,769585,617,买盘
2199,11:19:54,12.49,323531,259,卖盘
2200,11:19:57,12.49,822340,658,卖盘
2201,11:20:00,12.49,358612,287,卖盘
2202,11:20:03,12.49,648315,519,卖盘
2203,11:20:06,12.49,422233,338,买盘
2204,11:20:09,12.49,465606,373,卖盘
2205,11:20:12,12.49,246061,197,买盘
2206,11:20:15,12.49,305880,245,买盘
2207,11:20:18,12.48,400845,321,卖盘
2208,11:20:21,12.48,322025,258,中性盘
2209,11:20:24,12.48,160889,129,买盘
2210,11:20:27,12.47,394144,316,卖盘
2211,11:20:30,12.47,305547,245,卖盘
2212,11:20:33,12.47,269383,216,卖盘
2213,11:20:36,12.47,1649449,1323,卖盘
2214,11:20:39,12.47,259368,208,买盘
2215,11:20:42,12.46,341561,274,卖盘
2216,11:20:45,12.46,965691,775,卖盘
2217,11:20:48,12.44,1206546,969,卖盘
2218,11:20:51,12.46,138199,111,买盘
2219,11:20:54,12.45,337140,271,买盘
2220,11:20:57,12.44,248894,200,中性盘
2221,11:21:00,12.44,103262,83,买盘
2222,11:21:03,12.44,437897,352,卖盘
2223,11:21:06,12.44,384604,309,买盘
2224,11:21:09,12.4,2754275,2219,卖盘
2225,11:21:12,12.4,238075,192,买盘
2226,11:21:15,12.39,200855,162,卖盘
2227,11:21:18,12.39,141243,114,卖盘
2228,11:21:21,12.4,256458,207,买盘
2229,11:21:24,12.38,236453,191,卖盘
2230,11:21:27,12.38,654970,529,买盘
2231,11:21:30,12.38,424502,343,卖盘
2232,11:21:33,12.38,246269,199,买盘
2233,11:21:36,12.37,196766,159,卖盘
2234,11:21:39,12.37,441735,357,买盘
2235,11:21:42,12.39,839502,679,买盘
2236,11:21:45,12.38,108917,88,中性盘
2237,11:21:48,12.39,200667,162,买盘
2238,11:21:51,12.38,409980,331,卖盘
2239,11:21:54,12.39,276297,223,买盘
2240,11:21:57,12.39,365600,295,卖盘
2241,11:22:00,12.4,114018,92,买盘
2242,11:22:03,12.4,167362,135,买盘
2243,11:22:06,12.4,903927,729,买盘
2244,11:22:09,12.4,197159,159,买盘
2245,11:22:12,12.4,376942,304,买盘
2246,11:22:15,12.4,339758,274,买盘
2247,11:22:18,12.4,1835198,1480,买盘
2248,11:22:21,12.44,178757,144,买盘
2249,11:22:24,12.41,38473,31,卖盘
2250,11:22:27,12.44,150467,121,买盘
2251,11:22:30,12.44,189070,152,买盘
2252,11:22:33,12.46,540464,434,买盘
2253,11:22:36,12.45,93365,75,卖盘
2254,11:22:39,12.46,255252,205,买盘
2255,11:22:42,12.46,179523,144,卖盘
2256,11:22:45,12.47,382891,307,买盘
2257,11:22:48,12.48,128460,103,买盘
2258,11:22:51,12.48,123524,99,买盘
2259,11:22:54,12.49,126102,101,买盘
2260,11:22:57,12.49,173540,139,买盘
2261,11:23:00,12.49,848002,679,买盘
2262,11:23:03,12.49,312366,250,卖盘
2263,11:23:06,12.5,943110,755,买盘
2264,11:23:09,12.49,616033,493,卖盘
2265,11:23:12,12.49,611966,490,买盘
2266,11:23:15,12.5,369973,296,买盘
2267,11:23:18,12.5,239878,192,买盘
2268,11:23:21,12.5,794449,636,买盘
2269,11:23:24,12.48,639735,512,卖盘
2270,11:23:27,12.48,146200,117,卖盘
2271,11:23:30,12.5,293472,235,买盘
2272,11:23:33,12.49,188493,151,中性盘
2273,11:23:36,12.48,206031,165,卖盘
2274,11:23:39,12.49,401984,322,买盘
2275,11:23:42,12.49,679232,544,买盘
2276,11:23:45,12.49,371973,298,买盘
2277,11:23:48,12.48,565447,453,卖盘
2278,11:23:51,12.48,1691491,1357,买盘
2279,11:23:54,12.47,184677,148,卖盘
2280,11:23:57,12.47,163348,131,买盘
2281,11:24:00,12.46,608286,488,卖盘
2282,11:24:03,12.46,255263,205,买盘
2283,11:24:06,12.46,164292,132,买盘
2284,11:24:09,12.44,201687,162,卖盘
2285,11:24:12,12.45,106951,86,买盘
2286,11:24:15,12.43,175451,141,卖盘
2287,11:24:18,12.44,87052,70,卖盘
2288,11:24:21,12.44,119372,96,买盘
2289,11:24:24,12.44,468912,377,卖盘
2290,11:24:27,12.43,329542,265,卖盘
2291,11:24:30,12.43,42266,34,买盘
2292,11:24:33,12.42,176463,142,卖盘
2293,11:24:36,12.43,673261,542,买盘
2294,11:24:39,12.42,127950,103,卖盘
2295,11:24:42,12.41,74510,60,卖盘
2296,11:24:45,12.41,134064,108,卖盘
2297,11:24:48,12.42,284325,229,买盘
2298,11:24:51,12.42,173762,140,买盘
2299,11:24:54,12.41,305310,246,卖盘
2300,11:24:57,12.41,182494,147,买盘
2301,11:25:00,12.42,192446,155,卖盘
2302,11:25:03,12.42,74520,60,卖盘
2303,11:25:06,12.42,160218,129,卖盘
2304,11:25:09,12.42,152781,123,卖盘
2305,11:25:12,12.43,605279,487,买盘
2306,11:25:15,12.43,38533,31,卖盘
2307,11:25:18,12.43,500018,402,卖盘
2308,11:25:21,12.43,249876,201,卖盘
2309,11:25:24,12.44,264954,213,买盘
2310,11:25:27,12.44,287384,231,买盘
2311,11:25:30,12.45,39831,32,买盘
2312,11:25:33,12.45,222752,179,买盘
2313,11:25:36,12.45,361042,290,买盘
2314,11:25:39,12.45,189203,152,买盘
2315,11:25:42,12.45,217863,175,买盘
2316,11:25:45,12.45,129482,104,买盘
2317,11:25:48,12.45,511746,411,卖盘
2318,11:25:51,12.46,69743,56,买盘
2319,11:25:54,12.45,277736,223,卖盘
2320,11:25:57,12.45,127026,102,卖盘
2321,11:26:00,12.45,78480,63,卖盘
2322,11:26:03,12.46,417471,335,买盘
2323,11:26:06,12.46,73514,59,卖盘
2324,11:26:09,12.46,135824,109,卖盘
2325,11:26:12,12.46,94682,76,卖盘
2326,11:26:15,12.46,74760,60,买盘
2327,11:26:18,12.46,123263,99,买盘
2328,11:26:21,12.46,191837,154,买盘
2329,11:26:24,12.46,198115,159,买盘
2330,11:26:27,12.46,227985,183,买盘
2331,11:26:30,12.46,699707,562,买盘
2332,11:26:33,12.46,84717,68,买盘
2333,11:26:36,12.46,159411,128,买盘
2334,11:26:39,12.45,328743,264,卖盘
2335,11:26:42,12.45,766930,616,卖盘
2336,11:26:45,12.44,194212,156,卖盘
2337,11:26:48,12.44,79677,64,卖盘
2338,11:26:51,12.44,230159,185,卖盘
2339,11:26:54,12.44,120725,97,卖盘
2340,11:26:57,12.44,148045,119,卖盘
2341,11:27:00,12.43,120629,97,卖盘
2342,11:27:03,12.42,344302,277,卖盘
2343,11:27:06,12.43,203762,164,买盘
2344,11:27:09,12.42,881850,710,卖盘
2345,11:27:12,12.41,76996,62,卖盘
2346,11:27:15,12.42,68308,55,买盘
2347,11:27:18,12.41,157610,127,卖盘
2348,11:27:21,12.41,187501,151,卖盘
2349,11:27:24,12.41,178774,144,卖盘
2350,11:27:27,12.4,534771,431,卖盘
2351,11:27:30,12.41,135261,109,买盘
2352,11:27:33,12.41,503597,406,买盘
2353,11:27:36,12.41,112909,91,买盘
2354,11:27:39,12.4,205944,166,卖盘
2355,11:27:42,12.4,288982,233,卖盘
2356,11:27:45,12.41,147622,119,买盘
2357,11:27:48,12.41,205903,166,卖盘
2358,11:27:51,12.41,69494,56,买盘
2359,11:27:54,12.41,169907,137,买盘
2360,11:27:57,12.41,612585,494,买盘
2361,11:28:00,12.41,312513,252,买盘
2362,11:28:03,12.41,182335,147,买盘
2363,11:28:06,12.41,431578,348,买盘
2364,11:28:09,12.4,47120,38,买盘
2365,11:28:12,12.41,179751,145,买盘
2366,11:28:15,12.39,91755,74,卖盘
2367,11:28:18,12.4,24799,20,买盘
2368,11:28:21,12.4,127710,103,买盘
2369,11:28:24,12.39,85552,69,卖盘
2370,11:28:27,12.39,316169,255,卖盘
2371,11:28:30,12.39,219361,177,卖盘
2372,11:28:33,12.39,245322,198,卖盘
2373,11:28:36,12.38,49550,40,卖盘
2374,11:28:39,12.38,78056,63,卖盘
2375,11:28:42,12.38,194394,157,卖盘
2376,11:28:45,12.38,271169,219,卖盘
2377,11:28:48,12.38,307131,248,卖盘
2378,11:28:51,12.38,577008,466,卖盘
2379,11:28:54,12.38,433212,350,卖盘
2380,11:28:57,12.39,136232,110,买盘
2381,11:29:00,12.38,199390,161,卖盘
2382,11:29:03,12.38,68117,55,卖盘
2383,11:29:06,12.38,383820,310,卖盘
2384,11:29:09,12.38,123835,100,卖盘
2385,11:29:12,12.39,350476,283,买盘
2386,11:29:15,12.38,92830,75,中性盘
2387,11:29:18,12.37,110161,89,卖盘
2388,11:29:21,12.38,146063,118,买盘
2389,11:29:24,12.37,290906,235,卖盘
2390,11:29:27,12.38,152277,123,卖盘
2391,11:29:30,12.38,231511,187,卖盘
2392,11:29:33,12.38,411142,332,卖盘
2393,11:29:36,12.38,222863,180,卖盘
2394,11:29:39,12.38,58186,47,买盘
2395,11:29:42,12.37,268597,217,卖盘
2396,11:29:45,12.37,107686,87,卖盘
2397,11:29:48,12.38,137347,111,买盘
2398,11:29:51,12.38,197950,160,买盘
2399,11:29:54,12.38,347625,281,买盘
2400,11:29:57,12.38,101469,82,买盘
2401,11:30:00,12.38,251206,203,买盘
2402,13:00:00,12.37,2100079,1697,卖盘
2403,13:00:03,12.38,3790904,3063,买盘
2404,13:00:06,12.38,351816,284,卖盘
2405,13:00:09,12.38,47044,38,卖盘
2406,13:00:12,12.4,190894,154,买盘
2407,13:00:15,12.38,168525,136,卖盘
2408,13:00:18,12.4,184739,149,买盘
2409,13:00:21,12.4,228157,184,买盘
2410,13:00:24,12.4,234359,189,买盘
2411,13:00:27,12.39,213209,172,卖盘
2412,13:00:30,12.39,374178,302,买盘
2413,13:00:33,12.38,351601,284,卖盘
2414,13:00:36,12.37,105130,85,卖盘
2415,13:00:39,12.38,198038,160,买盘
2416,13:00:42,12.36,878789,711,卖盘
2417,13:00:45,12.36,64272,52,买盘
2418,13:00:48,12.36,1851312,1499,买盘
2419,13:00:51,12.34,74089,60,卖盘
2420,13:00:54,12.35,436993,354,买盘
2421,13:00:57,12.34,190111,154,卖盘
2422,13:01:00,12.33,135718,110,卖盘
2423,13:01:03,12.33,175211,142,卖盘
2424,13:01:06,12.33,519217,421,卖盘
2425,13:01:09,12.32,208359,169,卖盘
2426,13:01:12,12.35,336788,273,买盘
2427,13:01:15,12.35,174137,141,卖盘
2428,13:01:18,12.35,83974,68,卖盘
2429,13:01:21,12.35,29643,24,买盘
2430,13:01:24,12.35,85170,69,买盘
2431,13:01:27,12.35,60500,49,买盘
2432,13:01:30,12.34,150653,122,卖盘
2433,13:01:33,12.33,130773,106,卖盘
2434,13:01:36,12.35,49397,40,买盘
2435,13:01:39,12.34,41956,34,卖盘
2436,13:01:42,12.34,41952,34,买盘
2437,13:01:45,12.34,225777,183,买盘
2438,13:01:48,12.33,188689,153,卖盘
2439,13:01:51,12.34,113517,92,买盘
2440,13:01:54,12.34,124625,101,买盘
2441,13:01:57,12.33,300871,244,卖盘
2442,13:02:00,12.33,146745,119,买盘
2443,13:02:03,12.34,203477,165,买盘
2444,13:02:06,12.33,66581,54,卖盘
2445,13:02:09,12.33,72747,59,买盘
2446,13:02:12,12.33,51771,42,买盘
2447,13:02:15,12.33,123220,100,买盘
2448,13:02:18,12.33,303100,246,买盘
2449,13:02:21,12.32,67768,55,卖盘
2450,13:02:24,12.32,33285,27,卖盘
2451,13:02:27,12.32,117057,95,卖盘
2452,13:02:30,12.32,235313,191,卖盘
2453,13:02:33,12.32,158932,129,卖盘
2454,13:02:36,12.32,52976,43,买盘
2455,13:02:39,12.31,61578,50,卖盘
2456,13:02:42,12.32,28316,23,中性盘
2457,13:02:45,12.32,93567,76,买盘
2458,13:02:48,12.32,513744,417,买盘
2459,13:02:51,12.32,178641,145,卖盘
2460,13:02:54,12.32,105952,86,卖盘
2461,13:02:57,12.33,75138,61,买盘
2462,13:03:00,12.32,14784,12,买盘
2463,13:03:03,12.32,104718,85,买盘
2464,13:03:06,12.32,38184,31,买盘
2465,13:03:09,12.31,221615,180,卖盘
2466,13:03:12,12.32,520720,423,买盘
2467,13:03:15,12.31,180984,147,卖盘
2468,13:03:18,12.32,182251,148,买盘
2469,13:03:21,12.31,254865,207,卖盘
2470,13:03:24,12.32,18478,15,买盘
2471,13:03:27,12.32,77582,63,买盘
2472,13:03:30,12.32,163739,133,买盘
2473,13:03:33,12.32,371668,302,买盘
2474,13:03:36,12.31,228855,186,买盘
2475,13:03:39,12.3,119316,97,卖盘
2476,13:03:42,12.31,264576,215,买盘
2477,13:03:45,12.32,292929,238,买盘
2478,13:03:48,12.31,77522,63,卖盘
2479,13:03:51,12.31,54164,44,买盘
2480,13:03:54,12.3,32005,26,卖盘
2481,13:03:57,12.31,84936,69,买盘
2482,13:04:00,12.3,189420,154,卖盘
2483,13:04:03,12.3,134079,109,卖盘
2484,13:04:06,12.3,105784,86,卖盘
2485,13:04:09,12.31,277996,226,买盘
2486,13:04:12,12.3,444340,361,卖盘
2487,13:04:15,12.31,279335,227,买盘
2488,13:04:18,12.3,285552,232,卖盘
2489,13:04:21,12.31,75083,61,买盘
2490,13:04:24,12.3,131653,107,卖盘
2491,13:04:27,12.3,2094690,1703,卖盘
2492,13:04:30,12.29,323312,263,卖盘
2493,13:04:33,12.29,204014,166,卖盘
2494,13:04:36,12.29,400443,326,买盘
2495,13:04:39,12.29,130190,106,买盘
2496,13:04:42,12.28,343810,280,卖盘
2497,13:04:45,12.27,67526,55,卖盘
2498,13:04:48,12.27,206225,168,卖盘
2499,13:04:51,12.27,19629,16,买盘
2500,13:04:54,12.26,134921,110,卖盘
2501,13:04:57,12.25,701027,572,卖盘
2502,13:05:00,12.25,202137,165,卖盘
2503,13:05:03,12.25,155463,127,买盘
2504,13:05:06,12.24,215477,176,卖盘
2505,13:05:09,12.23,106434,87,卖盘
2506,13:05:12,12.24,243434,199,买盘
2507,13:05:15,12.23,72121,59,买盘
2508,13:05:18,12.22,233519,191,卖盘
2509,13:05:21,12.22,188235,154,卖盘
2510,13:05:24,12.22,413096,338,卖盘
2511,13:05:27,12.21,541059,443,卖盘
2512,13:05:30,12.21,89139,73,卖盘
2513,13:05:33,12.21,451770,370,卖盘
2514,13:05:36,12.21,637430,522,卖盘
2515,13:05:39,12.21,247827,203,卖盘
2516,13:05:42,12.21,119599,98,买盘
2517,13:05:45,12.21,242948,199,买盘
2518,13:05:48,12.21,390433,320,买盘
2519,13:05:51,12.2,299039,245,卖盘
2520,13:05:54,12.2,452771,371,卖盘
2521,13:05:57,12.2,231858,190,卖盘
2522,13:06:00,12.21,840639,689,买盘
2523,13:06:03,12.21,539470,442,买盘
2524,13:06:06,12.21,246554,202,买盘
2525,13:06:09,12.21,489449,401,买盘
2526,13:06:12,12.22,257659,211,买盘
2527,13:06:15,12.22,183287,150,买盘
2528,13:06:18,12.22,230949,189,买盘
2529,13:06:21,12.22,202852,166,买盘
2530,13:06:24,12.22,23228,19,卖盘
2531,13:06:27,12.23,127133,104,买盘
2532,13:06:30,12.23,187121,153,买盘
2533,13:06:33,12.24,315564,258,买盘
2534,13:06:36,12.24,85680,70,买盘
2535,13:06:39,12.25,215370,176,买盘
2536,13:06:42,12.24,399248,326,卖盘
2537,13:06:45,12.25,89425,73,买盘
2538,13:06:48,12.26,57610,47,买盘
2539,13:06:51,12.26,133624,109,买盘
2540,13:06:54,12.3,904619,736,买盘
2541,13:06:57,12.31,46778,38,买盘
2542,13:07:00,12.32,52973,43,买盘
2543,13:07:03,12.32,412640,335,买盘
2544,13:07:06,12.32,368342,299,买盘
2545,13:07:09,12.32,197123,160,卖盘
2546,13:07:12,12.32,151579,123,卖盘
2547,13:07:15,12.33,134360,109,买盘
2548,13:07:18,12.33,215735,175,买盘
2549,13:07:21,12.34,131881,107,买盘
2550,13:07:24,12.34,19741,16,买盘
2551,13:07:27,12.34,156718,127,买盘
2552,13:07:30,12.34,219660,178,卖盘
2553,13:07:33,12.34,1282865,1039,卖盘
2554,13:07:36,12.34,784338,636,买盘
2555,13:07:39,12.33,155455,126,中性盘
2556,13:07:42,12.34,123370,100,买盘
2557,13:07:45,12.33,126964,103,卖盘
2558,13:07:48,12.32,1225070,995,卖盘
2559,13:07:51,12.31,62758,51,卖盘
2560,13:07:54,12.3,147615,120,卖盘
2561,13:07:57,12.31,146211,119,买盘
2562,13:08:00,12.3,101978,83,买盘
2563,13:08:03,12.28,171838,140,买盘
2564,13:08:06,12.3,360198,293,买盘
2565,13:08:09,12.3,366272,298,买盘
2566,13:08:12,12.3,25830,21,买盘
2567,13:08:15,12.29,183256,149,卖盘
2568,13:08:18,12.29,71297,58,卖盘
2569,13:08:21,12.29,126527,103,买盘
2570,13:08:24,12.29,58988,48,买盘
2571,13:08:27,12.29,63897,52,买盘
2572,13:08:30,12.29,141253,115,买盘
2573,13:08:33,12.29,33183,27,买盘
2574,13:08:36,12.28,73707,60,卖盘
2575,13:08:39,12.29,170749,139,买盘
2576,13:08:42,12.27,132629,108,卖盘
2577,13:08:45,12.29,103141,84,买盘
2578,13:08:48,12.28,49129,40,中性盘
2579,13:08:51,12.28,94583,77,卖盘
2580,13:08:54,12.27,39292,32,卖盘
2581,13:08:57,12.28,56447,46,买盘
2582,13:09:00,12.27,100640,82,卖盘
2583,13:09:03,12.27,61356,50,买盘
2584,13:09:06,12.27,195039,159,买盘
2585,13:09:09,12.27,143548,117,买盘
2586,13:09:12,12.26,418108,341,卖盘
2587,13:09:15,12.27,76054,62,买盘
2588,13:09:18,12.27,34342,28,买盘
2589,13:09:21,12.25,40453,33,卖盘
2590,13:09:24,12.26,3680,3,卖盘
2591,13:09:27,12.25,20828,17,卖盘
2592,13:09:30,12.25,306308,250,卖盘
2593,13:09:33,12.26,110271,90,买盘
2594,13:09:36,12.26,100519,82,买盘
2595,13:09:39,12.25,57585,47,卖盘
2596,13:09:42,12.25,51460,42,卖盘
2597,13:09:45,12.25,140897,115,卖盘
2598,13:09:48,12.26,96833,79,买盘
2599,13:09:51,12.25,214412,175,卖盘
2600,13:09:54,12.26,461852,377,买盘
2601,13:09:57,12.25,94324,77,卖盘
2602,13:10:00,12.25,88202,72,卖盘
2603,13:10:03,12.24,420031,343,卖盘
2604,13:10:06,12.25,30625,25,买盘
2605,13:10:09,12.23,303410,248,卖盘
2606,13:10:12,12.24,90576,74,买盘
2607,13:10:15,12.23,25684,21,卖盘
2608,13:10:18,12.24,66086,54,买盘
2609,13:10:21,12.24,453931,371,买盘
2610,13:10:24,12.24,148071,121,买盘
2611,13:10:27,12.24,335139,274,买盘
2612,13:10:30,12.24,81956,67,买盘
2613,13:10:33,12.24,156669,128,买盘
2614,13:10:36,12.23,39161,32,卖盘
2615,13:10:39,12.24,36720,30,卖盘
2616,13:10:42,12.24,286582,234,卖盘
2617,13:10:45,12.24,910135,743,卖盘
2618,13:10:48,12.23,176226,144,卖盘
2619,13:10:51,12.23,106476,87,卖盘
2620,13:10:54,12.23,85625,70,卖盘
2621,13:10:57,12.23,247055,202,卖盘
2622,13:11:00,12.24,94210,77,买盘
2623,13:11:03,12.24,58715,48,买盘
2624,13:11:06,12.24,374174,306,买盘
2625,13:11:09,12.24,46494,38,买盘
2626,13:11:12,12.24,37932,31,买盘
2627,13:11:15,12.24,223949,183,买盘
2628,13:11:18,12.24,94234,77,买盘
2629,13:11:21,12.23,255802,209,卖盘
2630,13:11:24,12.25,79564,65,买盘
2631,13:11:27,12.25,89402,73,买盘
2632,13:11:30,12.24,118752,97,卖盘
2633,13:11:33,12.25,29380,24,买盘
2634,13:11:36,12.24,134718,110,卖盘
2635,13:11:39,12.24,75908,62,卖盘
2636,13:11:42,12.25,204543,167,买盘
2637,13:11:45,12.24,365977,299,卖盘
2638,13:11:48,12.24,324360,265,买盘
2639,13:11:51,12.23,161559,132,卖盘
2640,13:11:54,12.24,12240,10,买盘
2641,13:11:57,12.24,15909,13,买盘
2642,13:12:00,12.24,45271,37,买盘
2643,13:12:03,12.24,238655,195,买盘
2644,13:12:06,12.23,115030,94,卖盘
2645,13:12:09,12.24,92982,76,买盘
2646,13:12:12,12.24,57521,47,买盘
2647,13:12:15,12.23,286236,234,卖盘
2648,13:12:18,12.24,715520,585,买盘
2649,13:12:21,12.23,29364,24,卖盘
2650,13:12:24,12.23,163953,134,卖盘
2651,13:12:27,12.23,35477,29,卖盘
2652,13:12:30,12.24,90524,74,买盘
2653,13:12:33,12.24,92970,76,买盘
2654,13:12:36,12.23,203123,166,卖盘
2655,13:12:39,12.24,547128,447,买盘
2656,13:12:42,12.24,372096,304,卖盘
2657,13:12:45,12.24,113835,93,卖盘
2658,13:12:48,12.24,750039,613,卖盘
2659,13:12:51,12.25,68563,56,买盘
2660,13:12:54,12.25,68600,56,买盘
2661,13:12:57,12.25,142072,116,买盘
2662,13:13:00,12.25,100429,82,买盘
2663,13:13:03,12.25,183703,150,买盘
2664,13:13:06,12.25,155572,127,买盘
2665,13:13:09,12.25,52674,43,买盘
2666,13:13:12,12.25,719787,588,买盘
2667,13:13:15,12.24,105328,86,卖盘
2668,13:13:18,12.25,193428,158,买盘
2669,13:13:21,12.25,37972,31,买盘
2670,13:13:24,12.25,150671,123,买盘
2671,13:13:27,12.24,189863,155,卖盘
2672,13:13:30,12.25,72275,59,买盘
2673,13:13:33,12.25,128525,105,买盘
2674,13:13:36,12.24,271746,222,卖盘
2675,13:13:39,12.24,166461,136,买盘
2676,13:13:42,12.24,285191,233,买盘
2677,13:13:45,12.25,41613,34,买盘
2678,13:13:48,12.25,88158,72,买盘
2679,13:13:51,12.25,71050,58,买盘
2680,13:13:54,12.25,39182,32,买盘
2681,13:13:57,12.24,894919,731,卖盘
2682,13:14:00,12.24,190944,156,买盘
2683,13:14:03,12.23,151757,124,卖盘
2684,13:14:06,12.24,14686,12,中性盘
2685,13:14:09,12.24,3672,3,买盘
2686,13:14:12,12.23,111300,91,卖盘
2687,13:14:15,12.24,29366,24,买盘
2688,13:14:18,12.24,133363,109,买盘
2689,13:14:21,12.24,126059,103,买盘
2690,13:14:24,12.24,122400,100,卖盘
2691,13:14:27,12.24,261829,214,卖盘
2692,13:14:30,12.24,140721,115,买盘
2693,13:14:33,12.24,85677,70,买盘
2694,13:14:36,12.26,547612,447,买盘
2695,13:14:39,12.23,25688,21,卖盘
2696,13:14:42,12.25,41609,34,买盘
2697,13:14:45,12.24,11020,9,卖盘
2698,13:14:48,12.25,129879,106,买盘
2699,13:14:51,12.25,31846,26,卖盘
2700,13:14:54,12.25,91818,75,买盘
2701,13:14:57,12.25,24490,20,买盘
2702,13:15:00,12.24,47746,39,卖盘
2703,13:15:03,12.24,22043,18,卖盘
2704,13:15:06,12.25,46526,38,买盘
2705,13:15:09,12.25,48997,40,买盘
2706,13:15:12,12.25,57575,47,买盘
2707,13:15:15,12.25,169052,138,买盘
2708,13:15:18,12.25,196000,160,卖盘
2709,13:15:21,12.26,24507,20,买盘
2710,13:15:24,12.26,804838,657,买盘
2711,13:15:27,12.26,60069,49,买盘
2712,13:15:30,12.26,62525,51,买盘
2713,13:15:33,12.26,31876,26,买盘
2714,13:15:36,12.25,89496,73,卖盘
2715,13:15:39,12.26,180185,147,买盘
2716,13:15:42,12.26,2452,2,买盘
2717,13:15:45,12.26,36780,30,买盘
2718,13:15:48,12.26,252555,206,买盘
2719,13:15:51,12.26,78464,64,买盘
2720,13:15:54,12.26,155702,127,买盘
2721,13:15:57,12.26,170414,139,买盘
2722,13:16:00,12.26,84594,69,买盘
2723,13:16:03,12.26,357951,292,买盘
2724,13:16:06,12.26,180179,147,卖盘
2725,13:16:09,12.26,37997,31,买盘
2726,13:16:12,12.27,8583,7,买盘
2727,13:16:15,12.27,101819,83,买盘
2728,13:16:18,12.27,66256,54,买盘
2729,13:16:21,12.27,71166,58,买盘
2730,13:16:24,12.28,142337,116,买盘
2731,13:16:30,12.28,133846,109,买盘
2732,13:16:33,12.28,61400,50,买盘
2733,13:16:36,12.28,477700,389,买盘
2734,13:16:39,12.29,68751,56,买盘
2735,13:16:42,12.29,124099,101,买盘
2736,13:16:45,12.29,302232,246,买盘
2737,13:16:48,12.29,637122,518,卖盘
2738,13:16:51,12.3,59005,48,买盘
2739,13:16:54,12.3,94709,77,买盘
2740,13:16:57,12.3,2035651,1655,买盘
2741,13:17:00,12.3,2460,2,卖盘
2742,13:17:03,12.31,43083,35,买盘
2743,13:17:06,12.32,227738,185,买盘
2744,13:17:09,12.32,142863,116,买盘
2745,13:17:12,12.32,234040,190,买盘
2746,13:17:15,12.32,96094,78,买盘
2747,13:17:18,12.33,165138,134,买盘
2748,13:17:21,12.33,246486,200,买盘
2749,13:17:24,12.34,255268,207,买盘
2750,13:17:27,12.34,370042,300,买盘
2751,13:17:30,12.34,371422,301,卖盘
2752,13:17:33,12.33,181259,147,卖盘
2753,13:17:36,12.34,424249,344,买盘
2754,13:17:39,12.34,102343,83,买盘
2755,13:17:42,12.34,371066,301,买盘
2756,13:17:45,12.33,162844,132,中性盘
2757,13:17:48,12.34,98635,80,买盘
2758,13:17:51,12.33,155325,126,卖盘
2759,13:17:54,12.34,129380,105,买盘
2760,13:17:57,12.34,29616,24,买盘
2761,13:18:00,12.34,244291,198,买盘
2762,13:18:03,12.34,321990,261,买盘
2763,13:18:06,12.34,148021,120,买盘
2764,13:18:09,12.33,254043,206,卖盘
2765,13:18:12,12.33,279670,227,买盘
2766,13:18:15,12.32,255204,207,卖盘
2767,13:18:18,12.32,39449,32,卖盘
2768,13:18:21,12.32,49285,40,卖盘
2769,13:18:24,12.33,83796,68,买盘
2770,13:18:27,12.32,444622,361,卖盘
2771,13:18:30,12.33,269896,219,买盘
2772,13:18:33,12.3,372917,303,卖盘
2773,13:18:36,12.31,91039,74,中性盘
2774,13:18:39,12.32,17248,14,买盘
2775,13:18:42,12.32,445456,362,买盘
2776,13:18:45,12.31,70157,57,卖盘
2777,13:18:48,12.3,84926,69,卖盘
2778,13:18:51,12.3,66442,54,卖盘
2779,13:18:54,12.3,43081,35,卖盘
2780,13:18:57,12.3,72589,59,卖盘
2781,13:19:00,12.3,22140,18,卖盘
2782,13:19:03,12.3,51660,42,买盘
2783,13:19:06,12.29,12291,10,卖盘
2784,13:19:09,12.29,71282,58,卖盘
2785,13:19:12,12.29,57764,47,卖盘
2786,13:19:15,12.29,47931,39,买盘
2787,13:19:18,12.28,92157,75,卖盘
2788,13:19:21,12.29,73682,60,买盘
2789,13:19:24,12.29,52814,43,买盘
2790,13:19:27,12.29,223507,182,买盘
2791,13:19:30,12.29,125291,102,买盘
2792,13:19:33,12.28,40529,33,卖盘
2793,13:19:36,12.28,23334,19,卖盘
2794,13:19:39,12.28,137539,112,卖盘
2795,13:19:42,12.28,109306,89,卖盘
2796,13:19:45,12.28,206308,168,卖盘
2797,13:19:48,12.28,264020,215,买盘
2798,13:19:51,12.28,63848,52,买盘
2799,13:19:54,12.27,184152,150,卖盘
2800,13:19:57,12.27,88353,72,卖盘
2801,13:20:00,12.28,119042,97,买盘
2802,13:20:03,12.27,33129,27,买盘
2803,13:20:06,12.27,41708,34,买盘
2804,13:20:09,12.27,24540,20,买盘
2805,13:20:12,12.27,233002,190,买盘
2806,13:20:15,12.26,191287,156,卖盘
2807,13:20:18,12.26,14709,12,买盘
2808,13:20:21,12.26,60074,49,买盘
2809,13:20:24,12.27,79681,65,买盘
2810,13:20:27,12.26,101763,83,卖盘
2811,13:20:30,12.27,143398,117,买盘
2812,13:20:33,12.28,139803,114,买盘
2813,13:20:36,12.26,45368,37,中性盘
2814,13:20:39,12.26,50335,41,卖盘
2815,13:20:42,12.27,66257,54,中性盘
2816,13:20:45,12.28,42978,35,买盘
2817,13:20:48,12.27,122774,100,卖盘
2818,13:20:51,12.27,39264,32,买盘
2819,13:20:54,12.27,29441,24,买盘
2820,13:20:57,12.26,118999,97,卖盘
2821,13:21:00,12.28,145926,119,买盘
2822,13:21:03,12.27,270140,220,卖盘
2823,13:21:06,12.28,44204,36,买盘
2824,13:21:09,12.27,29447,24,买盘
2825,13:21:12,12.28,301916,246,买盘
2826,13:21:15,12.27,38040,31,卖盘
2827,13:21:18,12.28,179144,146,买盘
2828,13:21:21,12.27,69959,57,卖盘
2829,13:21:24,12.28,132624,108,买盘
2830,13:21:27,12.28,36839,30,买盘
2831,13:21:30,12.28,77305,63,买盘
2832,13:21:33,12.28,42980,35,买盘
2833,13:21:36,12.28,23332,19,买盘
2834,13:21:39,12.28,259108,211,买盘
2835,13:21:42,12.28,138740,113,买盘
2836,13:21:45,12.28,159612,130,买盘
2837,13:21:48,12.28,104380,85,卖盘
2838,13:21:51,12.28,42982,35,卖盘
2839,13:21:54,12.29,116678,95,买盘
2840,13:21:57,12.29,22121,18,买盘
2841,13:22:00,12.28,229817,187,卖盘
2842,13:22:03,12.29,1229,1,买盘
2843,13:22:06,12.29,22120,18,买盘
2844,13:22:09,12.29,83572,68,买盘
2845,13:22:12,12.29,52834,43,买盘
2846,13:22:15,12.29,102004,83,买盘
2847,13:22:18,12.29,24576,20,买盘
2848,13:22:21,12.29,378525,308,买盘
2849,13:22:24,12.29,25824,21,卖盘
2850,13:22:27,12.3,20910,17,买盘
2851,13:22:30,12.3,280433,228,买盘
2852,13:22:33,12.3,158670,129,买盘
2853,13:22:36,12.3,97170,79,买盘
2854,13:22:39,12.3,488006,397,买盘
2855,13:22:42,12.3,72568,59,买盘
2856,13:22:45,12.3,65190,53,买盘
2857,13:22:48,12.29,225076,183,卖盘
2858,13:22:51,12.3,220179,179,买盘
2859,13:22:54,12.3,36900,30,卖盘
2860,13:22:57,12.3,269370,219,卖盘
2861,13:23:00,12.3,99650,81,卖盘
2862,13:23:03,12.31,158730,129,买盘
2863,13:23:06,12.3,373927,304,卖盘
2864,13:23:09,12.3,95940,78,买盘
2865,13:23:12,12.3,104550,85,买盘
2866,13:23:15,12.3,33210,27,卖盘
2867,13:23:18,12.31,34448,28,买盘
2868,13:23:21,12.31,144004,117,买盘
2869,13:23:24,12.3,863463,702,卖盘
2870,13:23:27,12.31,39386,32,买盘
2871,13:23:30,12.31,68936,56,买盘
2872,13:23:33,12.31,46778,38,买盘
2873,13:23:36,12.3,180902,147,卖盘
2874,13:23:39,12.3,460087,374,卖盘
2875,13:23:42,12.3,1031429,838,卖盘
2876,13:23:45,12.3,126690,103,买盘
2877,13:23:48,12.31,116925,95,买盘
2878,13:23:51,12.3,59073,48,卖盘
2879,13:23:54,12.31,17234,14,买盘
2880,13:23:57,12.31,112015,91,买盘
2881,13:24:00,12.31,30764,25,买盘
2882,13:24:03,12.31,103404,84,买盘
2883,13:24:06,12.31,87401,71,买盘
2884,13:24:09,12.3,51695,42,卖盘
2885,13:24:12,12.31,242505,197,买盘
2886,13:24:15,12.31,140325,114,买盘
2887,13:24:18,12.3,237390,193,卖盘
2888,13:24:21,12.31,19696,16,买盘
2889,13:24:24,12.31,25841,21,买盘
2890,13:24:27,12.31,54132,44,买盘
2891,13:24:30,12.31,25849,21,买盘
2892,13:24:33,12.31,73860,60,买盘
2893,13:24:36,12.3,1009074,820,卖盘
2894,13:24:39,12.3,30745,25,买盘
2895,13:24:42,12.3,60270,49,买盘
2896,13:24:45,12.3,59040,48,买盘
2897,13:24:48,12.3,202950,165,卖盘
2898,13:24:51,12.31,178360,145,买盘
2899,13:24:54,12.3,94713,77,卖盘
2900,13:24:57,12.3,140220,114,买盘
2901,13:25:00,12.3,150067,122,卖盘
2902,13:25:03,12.3,39359,32,买盘
2903,13:25:06,12.3,230006,187,买盘
2904,13:25:09,12.3,39360,32,买盘
2905,13:25:12,12.3,54115,44,买盘
2906,13:25:15,12.3,57810,47,买盘
2907,13:25:18,12.29,136510,111,卖盘
2908,13:25:21,12.3,137712,112,中性盘
2909,13:25:24,12.3,82408,67,买盘
2910,13:25:27,12.3,22140,18,卖盘
2911,13:25:30,12.3,30735,25,买盘
2912,13:25:33,12.3,341840,278,买盘
2913,13:25:36,12.3,22139,18,买盘
2914,13:25:39,12.3,30740,25,买盘
2915,13:25:42,12.3,127848,104,买盘
2916,13:25:45,12.29,118059,96,卖盘
2917,13:25:48,12.3,25828,21,买盘
2918,13:25:51,12.3,45510,37,买盘
2919,13:25:54,12.3,33204,27,买盘
2920,13:25:57,12.3,210296,171,买盘
2921,13:26:00,12.29,47964,39,卖盘
2922,13:26:03,12.3,39360,32,买盘
2923,13:26:06,12.3,88551,72,买盘
2924,13:26:09,12.3,78720,64,买盘
2925,13:26:12,12.29,172090,140,卖盘
2926,13:26:15,12.29,55346,45,卖盘
2927,13:26:18,12.29,29510,24,卖盘
2928,13:26:21,12.3,205341,167,买盘
2929,13:26:24,12.3,3690,3,买盘
2930,13:26:27,12.3,585351,476,买盘
2931,13:26:30,12.3,175807,143,买盘
2932,13:26:33,12.29,109445,89,卖盘
2933,13:26:36,12.29,57809,47,卖盘
2934,13:26:39,12.3,76260,62,买盘
2935,13:26:42,12.3,72539,59,买盘
2936,13:26:45,12.3,398514,324,买盘
2937,13:26:48,12.3,84912,69,卖盘
2938,13:26:51,12.3,24600,20,卖盘
2939,13:26:54,12.3,412070,335,卖盘
2940,13:26:57,12.3,81181,66,卖盘
2941,13:27:00,12.3,156210,127,卖盘
2942,13:27:03,12.3,30764,25,卖盘
2943,13:27:06,12.3,100878,82,卖盘
2944,13:27:09,12.31,71382,58,买盘
2945,13:27:12,12.31,67665,55,买盘
2946,13:27:15,12.3,108255,88,卖盘
2947,13:27:18,12.3,104619,85,卖盘
2948,13:27:21,12.3,1166056,948,卖盘
2949,13:27:24,12.3,153750,125,买盘
2950,13:27:27,12.3,9840,8,买盘
2951,13:27:30,12.3,88560,72,买盘
2952,13:27:33,12.3,118080,96,买盘
2953,13:27:36,12.3,84835,69,买盘
2954,13:27:39,12.3,49200,40,买盘
2955,13:27:42,12.3,215223,175,买盘
2956,13:27:45,12.3,51660,42,买盘
2957,13:27:48,12.3,46740,38,买盘
2958,13:27:51,12.3,209100,170,买盘
2959,13:27:54,12.3,126605,103,中性盘
2960,13:27:57,12.3,172122,140,买盘
2961,13:28:00,12.3,54120,44,买盘
2962,13:28:03,12.3,151300,123,卖盘
2963,13:28:06,12.31,105812,86,买盘
2964,13:28:09,12.3,51662,42,卖盘
2965,13:28:12,12.31,14772,12,买盘
2966,13:28:15,12.31,1231,1,买盘
2967,13:28:18,12.31,102132,83,买盘
2968,13:28:21,12.31,93523,76,买盘
2969,13:28:24,12.3,13539,11,卖盘
2970,13:28:27,12.31,93499,76,买盘
2971,13:28:30,12.31,38161,31,买盘
2972,13:28:33,12.31,99691,81,买盘
2973,13:28:36,12.31,121855,99,买盘
2974,13:28:39,12.31,16003,13,买盘
2975,13:28:42,12.31,13531,11,买盘
2976,13:28:45,12.31,60312,49,买盘
2977,13:28:48,12.31,31986,26,买盘
2978,13:28:51,12.3,137763,112,卖盘
2979,13:28:54,12.3,573305,466,卖盘
2980,13:28:57,12.3,23373,19,卖盘
2981,13:29:00,12.3,432962,352,卖盘
2982,13:29:03,12.31,126700,103,买盘
2983,13:29:06,12.3,375005,305,卖盘
2984,13:29:09,12.3,97742,79,买盘
2985,13:29:12,12.3,9840,8,买盘
