,成交时间,成交价格,成交金额,成交量,性质
0,09:25:00,11.85,57664470,48662,买盘
1,09:30:00,11.88,17162709,14463,买盘
2,09:30:03,11.84,25894396,21838,卖盘
3,09:30:06,11.85,8067940,6824,买盘
4,09:30:09,11.81,3957774,3349,卖盘
5,09:30:12,11.8,12052825,10221,卖盘
6,09:30:15,11.77,5606582,4754,卖盘
7,09:30:18,11.75,6909682,5868,卖盘
8,09:30:21,11.76,5362879,4559,卖盘
9,09:30:24,11.74,2750101,2343,卖盘
10,09:30:27,11.73,4239287,3613,卖盘
11,09:30:30,11.76,9055310,7713,买盘
12,09:30:33,11.78,6337152,5385,买盘
13,09:30:36,11.82,5578219,4729,买盘
14,09:30:39,11.88,7711803,6510,买盘
15,09:30:42,11.93,2767560,2324,买盘
16,09:30:45,11.91,2230163,1872,卖盘
17,09:30:48,11.91,2561858,2150,卖盘
18,09:30:51,11.91,4173344,3507,买盘
19,09:30:54,11.91,3055768,2564,买盘
20,09:30:57,11.93,2183519,1832,中性盘
21,09:31:00,11.94,2433636,2040,买盘
22,09:31:03,11.94,2633094,2207,买盘
23,09:31:06,11.94,2949283,2471,卖盘
24,09:31:09,11.95,12292896,10267,买盘
25,09:31:12,12.01,2011518,1679,买盘
26,09:31:15,12.05,1654719,1376,买盘
27,09:31:18,12.06,1012820,841,买盘
28,09:31:21,12.06,2384449,1978,买盘
29,09:31:24,12.06,3312966,2748,卖盘
30,09:31:27,12.06,4086922,3392,买盘
31,09:31:30,12.05,2175916,1807,中性盘
32,09:31:33,12.05,3898070,3240,买盘
33,09:31:36,12.08,12289689,10188,买盘
34,09:31:39,12.08,2985618,2477,卖盘
35,09:31:42,12.06,1189084,985,卖盘
36,09:31:45,12.08,1938883,1607,买盘
37,09:31:48,12.08,2462888,2043,买盘
38,09:31:51,12.06,2091405,1733,卖盘
39,09:31:54,12.09,3972473,3291,买盘
40,09:31:57,12.08,3652279,3028,卖盘
41,09:32:00,12.07,1994659,1653,中性盘
42,09:32:03,12.05,1953113,1620,卖盘
43,09:32:06,12.04,3225529,2679,中性盘
44,09:32:09,12.0,3145735,2616,卖盘
45,09:32:12,12.0,1936120,1611,卖盘
46,09:32:15,12.0,1870174,1559,卖盘
47,09:32:18,12.02,14372671,11946,买盘
48,09:32:21,12.03,4216601,3500,中性盘
49,09:32:24,12.05,2154425,1791,买盘
50,09:32:27,12.05,1425895,1184,卖盘
51,09:32:30,12.05,2305466,1914,卖盘
52,09:32:33,12.05,1668487,1388,买盘
53,09:32:36,12.02,1786363,1484,卖盘
54,09:32:39,12.02,1703289,1418,卖盘
55,09:32:42,11.99,425112,354,卖盘
56,09:32:45,11.99,841886,702,卖盘
57,09:32:48,11.98,1423547,1188,卖盘
58,09:32:51,11.97,933812,780,卖盘
59,09:32:54,11.95,4680376,3910,卖盘
60,09:32:57,11.94,1913387,1602,卖盘
61,09:33:00,11.92,996521,835,卖盘
62,09:33:03,12.02,8965230,7486,买盘
63,09:33:06,11.97,3252267,2708,卖盘
64,09:33:09,12.02,1683573,1404,中性盘
65,09:33:12,12.03,1543949,1287,买盘
66,09:33:15,12.02,1245609,1036,买盘
67,09:33:18,12.02,752935,626,卖盘
68,09:33:21,12.03,1595686,1327,中性盘
69,09:33:24,12.02,1178990,980,中性盘
70,09:33:27,12.03,1958710,1628,买盘
71,09:33:30,12.02,2444364,2033,卖盘
72,09:33:33,12.02,1772307,1475,买盘
73,09:33:36,12.01,1179726,982,中性盘
74,09:33:39,12.0,1215844,1012,卖盘
75,09:33:42,11.99,1557912,1297,卖盘
76,09:33:45,12.0,1142095,952,买盘
77,09:33:48,11.99,1247041,1040,中性盘
78,09:33:51,11.98,835939,698,卖盘
79,09:33:54,11.97,1124543,939,卖盘
80,09:33:57,11.96,985438,823,卖盘
81,09:34:00,11.95,866209,724,卖盘
82,09:34:03,11.96,1656177,1385,买盘
83,09:34:06,11.95,1593398,1334,卖盘
84,09:34:09,11.95,1144837,958,买盘
85,09:34:12,11.97,6460869,5399,买盘
86,09:34:15,12.01,4217634,3518,买盘
87,09:34:18,12.02,5796821,4815,买盘
88,09:34:21,12.05,726851,604,买盘
89,09:34:24,12.06,1480355,1230,买盘
90,09:34:27,12.07,667303,553,买盘
91,09:34:30,12.08,1009438,836,买盘
92,09:34:33,12.08,1413093,1170,买盘
93,09:34:36,12.08,698369,578,卖盘
94,09:34:39,12.09,1693604,1401,买盘
95,09:34:42,12.09,996260,824,卖盘
96,09:34:45,12.09,3271901,2708,卖盘
97,09:34:48,12.06,3818296,3162,卖盘
98,09:34:51,12.08,836241,693,买盘
99,09:34:54,12.06,1300579,1077,卖盘
100,09:34:57,12.06,954355,791,卖盘
101,09:35:00,12.05,936922,777,卖盘
102,09:35:03,12.03,702158,583,卖盘
103,09:35:06,12.03,888146,737,卖盘
104,09:35:09,12.03,797630,663,买盘
105,09:35:12,12.02,785044,653,卖盘
106,09:35:15,12.01,520053,433,卖盘
107,09:35:18,12.0,1071545,892,卖盘
108,09:35:21,12.0,975830,813,卖盘
109,09:35:24,12.0,573417,478,买盘
110,09:35:27,11.99,625637,522,卖盘
111,09:35:30,11.98,1649741,1376,卖盘
112,09:35:33,11.98,2233287,1862,卖盘
113,09:35:36,12.01,2471308,2061,买盘
114,09:35:39,12.06,3840208,3193,买盘
115,09:35:42,12.15,12679271,10473,买盘
116,09:35:45,12.16,5824951,4794,买盘
117,09:35:48,12.18,1384329,1138,买盘
118,09:35:51,12.2,3060582,2512,买盘
119,09:35:54,12.21,2890026,2369,买盘
120,09:35:57,12.23,2259256,1848,买盘
121,09:36:00,12.26,1560870,1275,买盘
122,09:36:03,12.27,2313633,1887,买盘
123,09:36:06,12.27,3075959,2507,买盘
124,09:36:09,12.29,3879282,3160,买盘
125,09:36:12,12.3,4000105,3256,买盘
126,09:36:15,12.3,3835675,3119,买盘
127,09:36:18,12.31,2041985,1658,中性盘
128,09:36:21,12.32,2906869,2359,中性盘
129,09:36:24,12.34,2682213,2174,买盘
130,09:36:27,12.35,3119342,2526,买盘
131,09:36:30,12.36,2364533,1913,买盘
132,09:36:33,12.38,3583877,2898,买盘
133,09:36:36,12.38,3622402,2927,买盘
134,09:36:39,12.34,22815806,18453,卖盘
135,09:36:42,12.29,11531821,9349,卖盘
136,09:36:45,12.26,5006591,4072,卖盘
137,09:36:48,12.26,2736051,2229,卖盘
138,09:36:51,12.22,4280909,3494,卖盘
139,09:36:54,12.22,3600940,2942,卖盘
140,09:36:57,12.26,5379020,4401,买盘
141,09:37:00,12.25,3033559,2480,卖盘
142,09:37:03,12.25,2847823,2323,买盘
143,09:37:06,12.26,1658386,1352,中性盘
144,09:37:09,12.27,2725334,2222,中性盘
145,09:37:12,12.3,1993004,1623,买盘
146,09:37:15,12.28,2915247,2372,卖盘
147,09:37:18,12.3,2426520,1972,买盘
148,09:37:21,12.3,2268871,1844,卖盘
149,09:37:24,12.32,3180597,2582,买盘
150,09:37:27,12.32,1572641,1276,卖盘
151,09:37:30,12.34,2290479,1856,买盘
152,09:37:33,12.34,2499761,2026,卖盘
153,09:37:36,12.36,2976158,2410,买盘
154,09:37:39,12.37,7527754,6099,买盘
155,09:37:42,12.37,3386557,2739,买盘
156,09:37:45,12.37,7734253,6257,卖盘
157,09:37:48,12.36,6059086,4902,卖盘
158,09:37:51,12.35,5255332,4256,卖盘
159,09:37:54,12.32,5310783,4305,卖盘
160,09:37:57,12.34,4810631,3905,买盘
161,09:38:00,12.34,3061926,2485,买盘
162,09:38:03,12.35,2304800,1867,买盘
163,09:38:06,12.35,3416531,2767,买盘
164,09:38:09,12.31,8216325,6666,卖盘
165,09:38:12,12.28,9145403,7452,卖盘
166,09:38:15,12.23,2779108,2270,卖盘
167,09:38:18,12.2,2540665,2080,卖盘
168,09:38:21,12.18,2099074,1720,卖盘
169,09:38:24,12.18,1820750,1495,卖盘
170,09:38:27,12.2,2242086,1840,买盘
171,09:38:30,12.21,2803392,2299,买盘
172,09:38:33,12.22,1527641,1250,买盘
173,09:38:36,12.22,3115257,2549,卖盘
174,09:38:39,12.22,4164796,3409,卖盘
175,09:38:42,12.23,3072408,2514,买盘
176,09:38:45,12.25,2112616,1728,买盘
177,09:38:48,12.25,1690709,1381,买盘
178,09:38:51,12.26,2446140,1998,买盘
179,09:38:54,12.26,1465562,1196,卖盘
180,09:38:57,12.27,2279185,1859,买盘
181,09:39:00,12.28,1067760,870,买盘
182,09:39:03,12.24,6731933,5495,卖盘
183,09:39:06,12.24,1043820,853,买盘
184,09:39:09,12.22,2762855,2261,卖盘
185,09:39:12,12.23,1740494,1423,买盘
186,09:39:15,12.22,2407126,1971,中性盘
187,09:39:18,12.21,2048228,1676,卖盘
188,09:39:21,12.21,3651829,2990,卖盘
189,09:39:24,12.2,3173443,2601,卖盘
190,09:39:27,12.19,2149962,1763,卖盘
191,09:39:30,12.19,993118,815,买盘
192,09:39:33,12.19,1984509,1629,买盘
193,09:39:36,12.18,1600985,1314,卖盘
194,09:39:39,12.17,1091998,897,卖盘
195,09:39:42,12.16,1200657,987,卖盘
196,09:39:45,12.15,1270022,1045,卖盘
197,09:39:48,12.15,1188423,978,卖盘
198,09:39:51,12.14,516136,425,卖盘
199,09:39:54,12.13,755023,622,卖盘
200,09:39:57,12.12,1371519,1130,卖盘
201,09:40:00,12.12,2526410,2083,卖盘
202,09:40:03,12.12,1297621,1071,买盘
203,09:40:06,12.11,2534892,2092,卖盘
204,09:40:09,12.11,1451398,1198,卖盘
205,09:40:12,12.12,2597401,2143,中性盘
206,09:40:15,12.12,1360502,1122,卖盘
207,09:40:18,12.15,1355562,1117,买盘
208,09:40:21,12.16,674224,555,买盘
209,09:40:24,12.16,986262,811,买盘
210,09:40:27,12.16,1205602,991,卖盘
211,09:40:30,12.16,2230270,1833,卖盘
212,09:40:33,12.17,1574842,1294,买盘
213,09:40:36,12.17,1287714,1058,买盘
214,09:40:39,12.17,1471520,1209,卖盘
215,09:40:42,12.17,1039896,854,卖盘
216,09:40:45,12.19,2446826,2010,买盘
217,09:40:48,12.19,967870,795,买盘
218,09:40:51,12.19,792422,650,卖盘
219,09:40:54,12.2,1280011,1050,买盘
220,09:40:57,12.2,1353597,1110,买盘
221,09:41:00,12.17,3829520,3143,卖盘
222,09:41:03,12.16,4792587,3943,卖盘
223,09:41:06,12.11,4154778,3429,卖盘
224,09:41:09,12.11,2324754,1921,买盘
225,09:41:12,12.1,1121056,927,卖盘
226,09:41:15,12.07,1442798,1193,卖盘
227,09:41:18,12.07,1154230,956,卖盘
228,09:41:21,12.06,819671,679,卖盘
229,09:41:24,12.06,814320,675,卖盘
230,09:41:27,12.05,864359,717,卖盘
231,09:41:30,12.04,993310,824,卖盘
232,09:41:33,12.04,1393096,1156,卖盘
233,09:41:36,12.04,1569339,1303,卖盘
234,09:41:39,12.04,1454231,1208,买盘
235,09:41:42,12.04,1607057,1335,买盘
236,09:41:45,12.04,1136989,944,卖盘
237,09:41:48,12.06,766564,636,卖盘
238,09:41:51,12.06,446363,370,卖盘
239,09:41:54,12.06,1039825,861,卖盘
240,09:41:57,12.07,1501336,1244,卖盘
241,09:42:00,12.06,584081,484,卖盘
242,09:42:03,12.07,453779,376,买盘
243,09:42:06,12.08,429737,356,买盘
244,09:42:09,12.08,1018810,844,买盘
245,09:42:12,12.08,875760,725,买盘
246,09:42:15,12.08,401094,332,卖盘
247,09:42:18,12.09,1994929,1651,买盘
248,09:42:21,12.07,3624863,3003,卖盘
249,09:42:24,12.07,2146107,1779,买盘
250,09:42:27,12.07,4868392,4042,买盘
251,09:42:30,12.07,930654,771,买盘
252,09:42:33,12.07,886873,735,卖盘
253,09:42:36,12.06,775967,643,卖盘
254,09:42:39,12.07,833850,691,买盘
255,09:42:42,12.06,1805205,1496,卖盘
256,09:42:45,12.06,646329,536,买盘
257,09:42:48,12.07,1159706,962,买盘
258,09:42:51,12.03,819621,681,卖盘
259,09:42:54,12.03,704399,585,买盘
260,09:42:57,12.02,925389,769,卖盘
261,09:43:00,12.01,1142414,950,卖盘
262,09:43:03,12.01,958786,798,卖盘
263,09:43:06,12.01,1348893,1123,卖盘
264,09:43:09,12.01,2717267,2264,买盘
265,09:43:12,12.0,2039098,1699,卖盘
266,09:43:15,12.0,1446677,1205,卖盘
267,09:43:18,12.0,1791861,1493,卖盘
268,09:43:21,12.01,1721337,1434,卖盘
269,09:43:24,12.01,1214163,1011,卖盘
270,09:43:27,12.01,554855,462,卖盘
271,09:43:30,12.0,705950,588,卖盘
272,09:43:33,12.0,623006,519,卖盘
273,09:43:36,12.0,1236884,1031,卖盘
274,09:43:39,12.0,574715,479,买盘
275,09:43:42,11.99,750801,626,卖盘
276,09:43:45,11.98,690626,576,卖盘
277,09:43:48,11.98,740601,618,卖盘
278,09:43:51,11.97,1328715,1109,卖盘
279,09:43:54,11.97,713504,596,卖盘
280,09:43:57,11.97,698787,584,买盘
281,09:44:00,11.96,1400668,1171,卖盘
282,09:44:03,11.96,959112,802,买盘
283,09:44:06,11.97,1190746,996,买盘
284,09:44:09,11.95,1138657,952,卖盘
285,09:44:12,11.97,906870,758,买盘
286,09:44:15,11.97,617216,516,卖盘
287,09:44:18,11.97,683463,571,卖盘
288,09:44:21,11.98,763551,638,买盘
289,09:44:24,11.97,1108693,926,卖盘
290,09:44:27,11.97,900410,752,卖盘
291,09:44:30,11.98,538820,450,买盘
292,09:44:33,11.98,1262456,1054,买盘
293,09:44:36,12.0,345116,288,买盘
294,09:44:39,12.0,934107,779,买盘
295,09:44:42,12.01,384174,320,买盘
296,09:44:45,12.02,1558267,1298,买盘
297,09:44:48,12.01,431247,359,卖盘
298,09:44:51,12.02,719768,599,买盘
299,09:44:54,12.03,611845,509,买盘
300,09:44:57,12.03,500237,416,买盘
301,09:45:00,12.05,2670015,2214,买盘
302,09:45:03,12.04,305677,254,卖盘
303,09:45:06,12.05,250725,208,中性盘
304,09:45:09,12.04,778316,646,卖盘
305,09:45:12,12.05,1007462,835,买盘
306,09:45:15,12.05,438904,364,卖盘
307,09:45:18,12.05,1034569,859,卖盘
308,09:45:21,12.05,845565,702,买盘
309,09:45:24,12.04,813911,676,买盘
310,09:45:27,12.03,1075771,894,卖盘
311,09:45:30,12.04,465486,387,买盘
312,09:45:33,12.03,454581,378,买盘
313,09:45:36,12.02,529107,440,卖盘
314,09:45:39,12.01,1074263,894,卖盘
315,09:45:42,12.0,234111,195,卖盘
316,09:45:45,12.0,1587678,1323,卖盘
317,09:45:48,11.99,294011,245,卖盘
318,09:45:51,11.99,309433,258,卖盘
319,09:45:54,11.98,710747,593,卖盘
320,09:45:57,11.98,553666,462,卖盘
321,09:46:00,11.98,1092643,912,卖盘
322,09:46:03,11.98,509107,425,买盘
323,09:46:06,11.97,1295700,1082,卖盘
324,09:46:09,11.95,4415061,3693,卖盘
325,09:46:12,11.94,482617,404,卖盘
326,09:46:15,11.94,1253108,1050,卖盘
327,09:46:18,11.92,473597,397,卖盘
328,09:46:21,11.93,711733,597,买盘
329,09:46:24,11.92,1205031,1011,卖盘
330,09:46:27,11.92,919869,772,买盘
331,09:46:30,11.92,1651113,1386,买盘
332,09:46:33,11.91,724207,608,卖盘
333,09:46:36,11.91,1493863,1254,买盘
334,09:46:39,11.92,2822563,2370,买盘
335,09:46:42,11.92,1260906,1058,卖盘
336,09:46:45,11.92,1363220,1144,买盘
337,09:46:48,11.92,1117083,937,卖盘
338,09:46:51,11.92,1120292,940,卖盘
339,09:46:54,11.92,735325,617,买盘
340,09:46:57,11.92,1502299,1261,买盘
341,09:47:00,11.92,905823,760,买盘
342,09:47:03,11.92,633326,531,卖盘
343,09:47:06,11.92,556739,467,卖盘
344,09:47:09,11.92,326807,274,卖盘
345,09:47:12,11.93,782519,656,买盘
346,09:47:15,11.94,458175,384,买盘
347,09:47:18,11.92,762511,639,卖盘
348,09:47:21,11.94,406986,341,买盘
349,09:47:24,11.94,300826,252,卖盘
350,09:47:27,11.94,324628,272,买盘
351,09:47:30,11.94,611206,512,买盘
352,09:47:33,11.94,698175,585,买盘
353,09:47:36,11.95,392958,329,买盘
354,09:47:39,11.95,297393,249,卖盘
355,09:47:42,11.96,547453,458,买盘
356,09:47:45,11.97,588171,492,买盘
357,09:47:48,11.96,539576,451,卖盘
358,09:47:51,11.97,686819,574,买盘
359,09:47:54,11.96,750474,627,卖盘
360,09:47:57,11.97,432204,361,中性盘
361,09:48:00,11.97,275235,230,买盘
362,09:48:03,11.96,1041699,871,卖盘
363,09:48:06,11.96,736911,616,买盘
364,09:48:09,11.96,1742891,1458,买盘
365,09:48:12,11.95,802361,671,卖盘
366,09:48:15,11.96,950733,795,买盘
367,09:48:18,11.96,436154,365,中性盘
368,09:48:21,11.95,588038,492,卖盘
369,09:48:24,11.94,348855,292,卖盘
370,09:48:27,11.94,677268,567,卖盘
371,09:48:30,11.95,647320,542,买盘
372,09:48:33,11.94,1177387,986,卖盘
373,09:48:36,11.94,435920,365,卖盘
374,09:48:39,11.95,705961,591,买盘
375,09:48:42,11.94,410757,344,卖盘
376,09:48:45,11.94,273495,229,买盘
377,09:48:48,11.95,283014,237,买盘
378,09:48:51,11.94,426292,357,卖盘
379,09:48:54,11.95,269893,226,买盘
380,09:48:57,11.94,575589,482,卖盘
381,09:49:00,11.93,656528,550,卖盘
382,09:49:03,11.94,863908,724,买盘
383,09:49:06,11.94,708935,594,买盘
384,09:49:09,11.93,481148,403,卖盘
385,09:49:12,11.94,656741,550,卖盘
386,09:49:15,11.93,200534,168,卖盘
387,09:49:18,11.93,509442,427,卖盘
388,09:49:21,11.93,665797,558,卖盘
389,09:49:24,11.93,501033,420,买盘
390,09:49:27,11.93,548467,460,买盘
391,09:49:30,11.92,809804,679,卖盘
392,09:49:33,11.93,633330,531,买盘
393,09:49:36,11.93,435205,365,卖盘
394,09:49:39,11.93,621315,521,买盘
395,09:49:42,11.92,459053,385,卖盘
396,09:49:45,11.92,521070,437,卖盘
397,09:49:48,11.92,727196,610,卖盘
398,09:49:51,11.92,612850,514,卖盘
399,09:49:54,11.92,533985,448,买盘
400,09:49:57,11.92,623176,523,卖盘
401,09:50:00,11.91,278840,234,卖盘
402,09:50:03,11.91,825581,693,卖盘
403,09:50:06,11.91,1158968,973,卖盘
404,09:50:09,11.91,754034,633,卖盘
405,09:50:12,11.91,409642,344,卖盘
406,09:50:15,11.91,684700,575,买盘
407,09:50:18,11.91,753532,633,买盘
408,09:50:21,11.9,1575962,1324,卖盘
409,09:50:24,11.91,777546,653,买盘
410,09:50:27,11.91,1074245,902,卖盘
411,09:50:30,11.91,1267317,1064,卖盘
412,09:50:33,11.92,680244,571,买盘
413,09:50:36,11.93,687542,577,买盘
414,09:50:39,11.92,636415,534,卖盘
415,09:50:42,11.92,571345,479,卖盘
416,09:50:45,11.92,518883,435,卖盘
417,09:50:48,11.92,262423,220,卖盘
418,09:50:51,11.92,732690,614,卖盘
419,09:50:54,11.93,595582,499,中性盘
420,09:50:57,11.95,626362,525,中性盘
421,09:51:00,11.96,505041,423,买盘
422,09:51:03,11.96,365897,306,买盘
423,09:51:06,11.96,419797,351,卖盘
424,09:51:09,11.96,248903,208,卖盘
425,09:51:12,11.98,298189,249,买盘
426,09:51:15,11.97,84996,71,卖盘
427,09:51:18,11.98,443220,370,买盘
428,09:51:21,11.98,501809,419,买盘
429,09:51:24,11.98,376112,314,买盘
430,09:51:27,11.98,365418,305,卖盘
431,09:51:30,11.99,354691,296,买盘
432,09:51:33,11.98,770712,643,卖盘
433,09:51:36,11.99,831848,694,买盘
434,09:51:39,11.99,921805,769,买盘
435,09:51:42,12.0,236322,197,买盘
436,09:51:45,12.0,353875,295,买盘
437,09:51:48,12.0,1150732,959,买盘
438,09:51:51,12.0,326471,272,买盘
439,09:51:54,12.02,219684,183,买盘
440,09:51:57,12.02,144113,120,买盘
441,09:52:00,12.02,246233,205,买盘
442,09:52:03,12.02,205625,171,卖盘
443,09:52:06,12.03,425635,354,买盘
444,09:52:09,12.03,1206927,1004,买盘
445,09:52:12,12.03,467966,389,卖盘
446,09:52:15,12.03,884599,735,卖盘
447,09:52:18,12.03,466713,388,卖盘
448,09:52:21,12.02,778228,647,卖盘
449,09:52:24,12.01,809977,674,卖盘
450,09:52:27,12.0,1061059,884,卖盘
451,09:52:30,12.0,847393,706,卖盘
452,09:52:33,11.99,383881,320,卖盘
453,09:52:36,11.99,1158180,966,卖盘
454,09:52:39,11.98,381184,318,卖盘
455,09:52:42,11.98,491087,410,买盘
456,09:52:45,11.96,313640,262,卖盘
457,09:52:48,11.97,312225,261,买盘
458,09:52:51,11.96,430744,360,卖盘
459,09:52:54,11.96,883634,739,卖盘
460,09:52:57,11.96,236739,198,买盘
461,09:53:00,11.95,207937,174,卖盘
462,09:53:03,11.94,290459,243,卖盘
463,09:53:06,11.94,530229,444,卖盘
464,09:53:09,11.94,243621,204,卖盘
465,09:53:12,11.94,347313,291,买盘
466,09:53:15,11.94,263748,221,买盘
467,09:53:18,11.93,474960,398,卖盘
468,09:53:21,11.93,954567,800,卖盘
469,09:53:24,11.93,393805,330,卖盘
470,09:53:27,11.93,635635,533,买盘
471,09:53:30,11.92,344604,289,卖盘
472,09:53:33,11.92,881358,739,卖盘
473,09:53:36,11.93,597483,501,卖盘
474,09:53:39,11.93,481650,404,卖盘
475,09:53:42,11.94,200476,168,买盘
476,09:53:45,11.94,346180,290,卖盘
477,09:53:48,11.94,557399,467,卖盘
478,09:53:51,11.94,291261,244,买盘
479,09:53:54,11.94,735132,616,买盘
480,09:53:57,11.94,638592,535,买盘
481,09:54:00,11.95,255524,214,买盘
482,09:54:03,11.94,280590,235,卖盘
483,09:54:06,11.94,493214,413,卖盘
484,09:54:09,11.94,357112,299,买盘
485,09:54:12,11.94,502565,421,卖盘
486,09:54:15,11.95,444369,372,买盘
487,09:54:18,11.94,341502,286,卖盘
488,09:54:21,11.95,216230,181,买盘
489,09:54:24,11.95,295036,247,买盘
490,09:54:27,11.95,544600,456,买盘
491,09:54:30,11.94,286754,240,卖盘
492,09:54:33,11.95,355994,298,买盘
493,09:54:36,11.94,568781,476,卖盘
494,09:54:39,11.95,209010,175,中性盘
495,09:54:42,11.95,230655,193,卖盘
496,09:54:45,11.95,202021,169,卖盘
497,09:54:48,11.95,307232,257,卖盘
498,09:54:51,11.96,105278,88,卖盘
499,09:54:54,11.96,186591,156,卖盘
500,09:54:57,11.95,230836,193,卖盘
501,09:55:00,11.95,241480,202,卖盘
502,09:55:03,11.96,169807,142,买盘
503,09:55:06,11.96,267852,224,买盘
504,09:55:09,11.96,236763,198,卖盘
505,09:55:12,11.97,211720,177,买盘
506,09:55:15,11.97,128030,107,买盘
507,09:55:18,11.97,134075,112,卖盘
508,09:55:21,11.98,791521,661,买盘
509,09:55:24,11.99,559172,467,买盘
510,09:55:27,11.99,41948,35,买盘
511,09:55:30,11.98,327197,273,卖盘
512,09:55:33,11.99,696288,581,买盘
513,09:55:36,11.99,58748,49,卖盘
514,09:55:39,12.0,224245,187,买盘
515,09:55:42,11.99,314358,262,卖盘
516,09:55:45,11.99,414907,346,卖盘
517,09:55:48,12.0,591551,493,买盘
518,09:55:51,12.0,395969,330,买盘
519,09:55:54,12.0,283168,236,买盘
520,09:55:57,11.99,562750,469,卖盘
521,09:56:00,11.99,434280,362,卖盘
522,09:56:03,12.0,391002,326,买盘
523,09:56:06,11.99,1557786,1299,卖盘
524,09:56:09,12.0,704037,587,买盘
525,09:56:12,11.99,437653,365,卖盘
526,09:56:15,11.99,177468,148,买盘
527,09:56:18,11.99,308211,257,卖盘
528,09:56:21,11.99,286593,239,卖盘
529,09:56:24,11.99,260192,217,买盘
530,09:56:27,11.98,1737509,1450,卖盘
531,09:56:30,11.98,188085,157,买盘
532,09:56:33,11.97,158082,132,卖盘
533,09:56:36,11.97,949958,793,卖盘
534,09:56:39,11.97,216716,181,卖盘
535,09:56:42,11.97,806820,674,卖盘
536,09:56:45,11.98,92177,77,买盘
537,09:56:48,11.97,239427,200,卖盘
538,09:56:51,11.97,135278,113,卖盘
539,09:56:54,11.97,484915,405,卖盘
540,09:56:57,11.97,526463,440,买盘
541,09:57:00,11.96,430813,360,卖盘
542,09:57:03,11.97,554047,463,买盘
543,09:57:06,11.97,356732,298,卖盘
544,09:57:09,11.96,331547,277,卖盘
545,09:57:12,11.96,257299,215,卖盘
546,09:57:15,11.96,245219,205,卖盘
547,09:57:18,11.96,303878,254,卖盘
548,09:57:21,11.96,372115,311,卖盘
549,09:57:24,11.96,423490,354,卖盘
550,09:57:27,11.97,489292,409,买盘
551,09:57:30,11.97,269230,225,卖盘
552,09:57:33,11.97,1077787,901,买盘
553,09:57:36,11.97,496475,415,买盘
554,09:57:39,11.96,193816,162,卖盘
555,09:57:42,11.96,197406,165,卖盘
556,09:57:45,11.96,455704,381,卖盘
557,09:57:48,11.96,123178,103,买盘
558,09:57:51,11.95,460217,385,卖盘
559,09:57:54,11.95,722528,604,卖盘
560,09:57:57,11.95,502007,420,卖盘
561,09:58:00,11.95,394484,330,卖盘
562,09:58:03,11.96,292850,245,买盘
563,09:58:06,11.96,200875,168,买盘
564,09:58:09,11.96,167441,140,卖盘
565,09:58:12,11.96,332522,278,卖盘
566,09:58:15,11.96,313515,262,卖盘
567,09:58:18,11.96,216505,181,卖盘
568,09:58:21,11.96,234447,196,卖盘
569,09:58:24,11.97,211739,177,买盘
570,09:58:27,11.97,513169,429,买盘
571,09:58:30,11.97,398525,333,买盘
572,09:58:33,11.97,418710,350,买盘
573,09:58:36,11.97,174704,146,买盘
574,09:58:39,11.97,156782,131,买盘
575,09:58:42,11.97,196320,164,卖盘
576,09:58:45,11.98,269328,225,买盘
577,09:58:48,11.98,93397,78,买盘
578,09:58:51,11.97,283747,237,卖盘
579,09:58:54,11.97,217884,182,卖盘
580,09:58:57,11.97,337614,282,买盘
581,09:59:00,11.97,71821,60,卖盘
582,09:59:03,11.97,235827,197,卖盘
583,09:59:06,11.98,354405,296,买盘
584,09:59:09,11.97,542234,453,卖盘
585,09:59:12,11.98,246684,206,买盘
586,09:59:15,11.98,152060,127,买盘
587,09:59:18,11.97,530010,443,卖盘
588,09:59:21,11.97,217919,182,卖盘
589,09:59:24,11.97,192781,161,卖盘
590,09:59:27,11.97,1054567,881,卖盘
591,09:59:30,11.97,259790,217,卖盘
592,09:59:33,11.97,118500,99,买盘
593,09:59:36,11.97,293184,245,买盘
594,09:59:39,11.97,380483,318,买盘
595,09:59:42,11.97,486889,407,买盘
596,09:59:45,11.97,1298683,1085,买盘
597,09:59:48,11.97,238253,199,卖盘
598,09:59:51,11.97,338835,283,卖盘
599,09:59:54,11.98,138866,116,买盘
600,09:59:57,11.97,214268,179,卖盘
601,10:00:00,11.98,136542,114,买盘
602,10:00:03,11.98,274135,229,买盘
603,10:00:06,11.97,252668,211,卖盘
604,10:00:09,11.97,323420,270,卖盘
605,10:00:12,11.98,118579,99,买盘
606,10:00:15,11.97,1519916,1270,卖盘
607,10:00:18,11.97,203483,170,买盘
608,10:00:21,11.96,768226,642,卖盘
609,10:00:24,11.96,220154,184,卖盘
610,10:00:27,11.96,703454,588,卖盘
611,10:00:30,11.96,467667,391,卖盘
612,10:00:33,11.96,156701,131,卖盘
613,10:00:36,11.96,265533,222,卖盘
614,10:00:39,11.96,302613,253,卖盘
615,10:00:42,11.97,837237,700,买盘
616,10:00:45,11.97,681663,570,买盘
617,10:00:48,11.96,101660,85,卖盘
618,10:00:51,11.95,101659,85,卖盘
619,10:00:54,11.95,297732,249,卖盘
620,10:00:57,11.95,629825,527,卖盘
621,10:01:00,11.95,1358229,1136,卖盘
622,10:01:03,11.95,494794,414,卖盘
623,10:01:06,11.96,335846,281,买盘
624,10:01:09,11.96,1015895,850,卖盘
625,10:01:12,11.95,326321,273,卖盘
626,10:01:15,11.95,383670,321,卖盘
627,10:01:18,11.95,482834,404,卖盘
628,10:01:21,11.94,358482,300,卖盘
629,10:01:24,11.94,106306,89,卖盘
630,10:01:27,11.95,238838,200,买盘
631,10:01:30,11.94,272259,228,卖盘
632,10:01:33,11.94,312840,262,卖盘
633,10:01:36,11.94,378587,317,卖盘
634,10:01:39,11.95,519452,435,买盘
635,10:01:42,11.95,501522,420,买盘
636,10:01:45,11.94,311774,261,卖盘
637,10:01:48,11.94,394067,330,卖盘
638,10:01:51,11.94,641420,537,卖盘
639,10:01:54,11.93,254354,213,卖盘
640,10:01:57,11.94,486844,408,买盘
641,10:02:00,11.93,622868,522,卖盘
642,10:02:03,11.94,958030,803,买盘
643,10:02:06,11.93,483238,405,卖盘
644,10:02:09,11.93,1294405,1085,卖盘
645,10:02:12,11.92,671519,563,卖盘
646,10:02:15,11.92,941246,789,卖盘
647,10:02:18,11.92,1603244,1345,卖盘
648,10:02:21,11.91,60777,51,卖盘
649,10:02:24,11.91,1039808,873,卖盘
650,10:02:27,11.91,1828233,1535,卖盘
651,10:02:30,11.91,1754589,1473,卖盘
652,10:02:33,11.9,328524,276,卖盘
653,10:02:36,11.9,893705,751,卖盘
654,10:02:39,11.9,1235293,1038,卖盘
655,10:02:42,11.9,1117415,939,卖盘
656,10:02:45,11.9,3593832,3020,卖盘
657,10:02:48,11.89,1402732,1179,卖盘
658,10:02:51,11.89,764626,643,卖盘
659,10:02:54,11.88,338858,285,卖盘
660,10:02:57,11.88,1402217,1180,卖盘
661,10:03:00,11.88,3129652,2634,卖盘
662,10:03:03,11.87,1410271,1188,卖盘
663,10:03:06,11.86,87816,74,卖盘
664,10:03:09,11.86,1029481,868,卖盘
665,10:03:12,11.85,659380,556,卖盘
666,10:03:15,11.85,1816687,1533,卖盘
667,10:03:18,11.84,1749718,1477,卖盘
668,10:03:21,11.84,1084973,916,卖盘
669,10:03:24,11.84,4144354,3499,买盘
670,10:03:27,11.83,2100047,1774,卖盘
671,10:03:30,11.83,1440306,1217,买盘
672,10:03:33,11.82,2724058,2303,卖盘
673,10:03:36,11.83,1992391,1685,买盘
674,10:03:39,11.83,1045099,884,卖盘
675,10:03:42,11.82,1009416,854,卖盘
676,10:03:45,11.84,2903378,2452,买盘
677,10:03:48,11.83,943373,797,卖盘
678,10:03:51,11.83,649725,549,卖盘
679,10:03:54,11.84,2497743,2108,买盘
680,10:03:57,11.86,933617,788,中性盘
681,10:04:00,11.9,2274681,1915,买盘
682,10:04:03,11.9,489690,412,买盘
683,10:04:06,11.89,642476,540,卖盘
684,10:04:09,11.91,1274811,1071,买盘
685,10:04:12,11.93,472581,397,买盘
686,10:04:15,11.91,260682,219,中性盘
687,10:04:18,11.91,290499,244,买盘
688,10:04:21,11.92,86965,73,买盘
689,10:04:24,11.92,373069,313,买盘
690,10:04:27,11.93,299243,251,买盘
691,10:04:30,11.92,157423,132,卖盘
692,10:04:33,11.92,540119,453,卖盘
693,10:04:36,11.92,170453,143,买盘
694,10:04:39,11.91,586261,492,卖盘
695,10:04:42,11.91,240706,202,卖盘
696,10:04:45,11.91,357402,300,卖盘
697,10:04:48,11.9,609580,512,卖盘
698,10:04:51,11.9,590747,496,卖盘
699,10:04:54,11.9,786185,661,卖盘
700,10:04:57,11.9,250995,211,买盘
701,10:05:00,11.89,357968,301,中性盘
702,10:05:03,11.88,846688,712,卖盘
703,10:05:06,11.87,381373,321,卖盘
704,10:05:09,11.87,184087,155,卖盘
705,10:05:12,11.87,252751,213,卖盘
706,10:05:15,11.86,1760958,1484,卖盘
707,10:05:18,11.88,1156289,974,买盘
708,10:05:21,11.89,2037031,1713,买盘
709,10:05:24,11.89,617305,519,卖盘
710,10:05:27,11.9,893492,751,买盘
711,10:05:30,11.89,416156,350,卖盘
712,10:05:33,11.89,293623,247,买盘
713,10:05:36,11.89,419525,353,买盘
714,10:05:39,11.88,716732,603,卖盘
715,10:05:42,11.88,439581,370,卖盘
716,10:05:45,11.88,630827,531,买盘
717,10:05:48,11.89,498830,420,买盘
718,10:05:51,11.88,323166,272,卖盘
719,10:05:54,11.89,845397,711,买盘
720,10:05:57,11.89,305398,257,卖盘
721,10:06:00,11.9,1331886,1120,买盘
722,10:06:03,11.89,231824,195,中性盘
723,10:06:06,11.9,300741,253,买盘
724,10:06:09,11.88,385187,324,卖盘
725,10:06:12,11.9,236576,199,买盘
726,10:06:15,11.89,202061,170,卖盘
727,10:06:18,11.88,395787,333,卖盘
728,10:06:21,11.88,457422,385,卖盘
729,10:06:24,11.89,792066,667,买盘
730,10:06:27,11.88,326703,275,卖盘
731,10:06:30,11.88,317213,267,卖盘
732,10:06:33,11.88,162751,137,买盘
733,10:06:36,11.87,313428,264,卖盘
734,10:06:39,11.88,445201,375,买盘
735,10:06:42,11.88,970009,817,买盘
736,10:06:45,11.88,345468,291,买盘
737,10:06:48,11.87,499739,421,卖盘
738,10:06:51,11.87,160297,135,卖盘
739,10:06:54,11.87,321666,271,卖盘
740,10:06:57,11.87,262253,221,买盘
741,10:07:00,11.88,1161822,979,买盘
742,10:07:03,11.87,328805,277,卖盘
743,10:07:06,11.87,373859,315,卖盘
744,10:07:09,11.86,236150,199,卖盘
745,10:07:12,11.86,394990,333,卖盘
746,10:07:15,11.86,817609,689,卖盘
747,10:07:18,11.86,845657,713,卖盘
748,10:07:21,11.85,424419,358,卖盘
749,10:07:24,11.85,420747,355,卖盘
750,10:07:27,11.85,1371464,1157,卖盘
751,10:07:30,11.85,548288,463,卖盘
752,10:07:33,11.85,595790,503,买盘
753,10:07:36,11.85,1043193,881,买盘
754,10:07:39,11.84,871568,736,卖盘
755,10:07:42,11.86,3599431,3036,买盘
756,10:07:45,11.84,842255,711,卖盘
757,10:07:48,11.84,328125,277,中性盘
758,10:07:51,11.84,533893,451,卖盘
759,10:07:54,11.84,364526,308,买盘
760,10:07:57,11.83,646132,546,卖盘
761,10:08:00,11.84,1982890,1676,买盘
762,10:08:03,11.83,939858,794,卖盘
763,10:08:06,11.83,442451,374,卖盘
764,10:08:09,11.82,553601,468,卖盘
765,10:08:12,11.83,711631,602,买盘
766,10:08:15,11.82,458641,388,卖盘
767,10:08:18,11.82,793140,671,卖盘
768,10:08:21,11.82,607519,514,卖盘
769,10:08:24,11.81,393535,333,卖盘
770,10:08:27,11.81,392251,332,卖盘
771,10:08:30,11.81,2105807,1783,卖盘
772,10:08:33,11.81,794753,673,卖盘
773,10:08:36,11.81,905491,767,买盘
774,10:08:39,11.81,1881298,1594,买盘
775,10:08:42,11.8,1415015,1199,卖盘
776,10:08:45,11.81,1281607,1086,买盘
777,10:08:48,11.8,1803294,1528,卖盘
778,10:08:51,11.8,1242601,1053,卖盘
779,10:08:54,11.8,2178271,1846,卖盘
780,10:08:57,11.8,457691,388,买盘
781,10:09:00,11.8,1887991,1601,买盘
782,10:09:03,11.78,521103,442,卖盘
783,10:09:06,11.78,380609,323,卖盘
784,10:09:09,11.78,1212221,1029,卖盘
785,10:09:12,11.78,1400733,1189,卖盘
786,10:09:15,11.78,1876954,1593,卖盘
787,10:09:18,11.78,957538,813,买盘
788,10:09:21,11.78,1297979,1102,卖盘
789,10:09:24,11.78,2485674,2111,卖盘
790,10:09:27,11.78,887183,753,卖盘
791,10:09:30,11.77,903456,767,卖盘
792,10:09:33,11.77,1247249,1059,卖盘
793,10:09:36,11.77,1004053,853,卖盘
794,10:09:39,11.76,653137,555,卖盘
795,10:09:42,11.76,2530012,2151,卖盘
796,10:09:45,11.76,905310,770,卖盘
797,10:09:48,11.76,377456,321,买盘
798,10:09:51,11.76,977831,832,买盘
799,10:09:54,11.75,1471380,1252,卖盘
800,10:09:57,11.75,1159834,987,卖盘
801,10:10:00,11.76,1953001,1662,买盘
802,10:10:03,11.75,1435507,1222,卖盘
803,10:10:06,11.75,4069620,3462,买盘
804,10:10:09,11.78,1450297,1233,买盘
805,10:10:12,11.77,1183402,1006,卖盘
806,10:10:15,11.77,481396,409,卖盘
807,10:10:18,11.8,1163430,988,买盘
808,10:10:21,11.81,1118247,948,买盘
809,10:10:24,11.8,818137,693,卖盘
810,10:10:27,11.82,623114,528,买盘
811,10:10:30,11.81,302399,256,卖盘
812,10:10:33,11.82,649429,550,买盘
813,10:10:36,11.82,314277,266,买盘
814,10:10:39,11.81,667158,565,卖盘
815,10:10:42,11.82,530700,449,买盘
816,10:10:45,11.81,816449,691,卖盘
817,10:10:48,11.81,478513,405,卖盘
818,10:10:51,11.81,551669,467,买盘
819,10:10:54,11.82,294052,249,买盘
820,10:10:57,11.82,369800,313,买盘
821,10:11:00,11.83,354677,300,买盘
822,10:11:03,11.83,260122,220,买盘
823,10:11:06,11.83,449359,380,买盘
824,10:11:09,11.83,364352,308,买盘
825,10:11:12,11.83,198745,168,卖盘
826,10:11:15,11.83,215335,182,卖盘
827,10:11:18,11.83,257957,218,卖盘
828,10:11:21,11.84,573926,485,买盘
829,10:11:24,11.83,293495,248,卖盘
830,10:11:27,11.84,342107,289,买盘
831,10:11:30,11.83,300663,254,卖盘
832,10:11:33,11.84,195323,165,买盘
833,10:11:36,11.83,267452,226,卖盘
834,10:11:39,11.84,431941,365,买盘
835,10:11:42,11.84,825216,697,买盘
836,10:11:45,11.85,206089,174,买盘
837,10:11:48,11.85,104247,88,买盘
838,10:11:51,11.84,705056,595,卖盘
839,10:11:54,11.85,286706,242,买盘
840,10:11:57,11.85,507020,428,买盘
841,10:12:00,11.86,428921,362,买盘
842,10:12:03,11.86,113788,96,买盘
843,10:12:06,11.86,284474,240,买盘
844,10:12:09,11.86,621177,524,买盘
845,10:12:12,11.85,335419,283,卖盘
846,10:12:15,11.85,279765,236,卖盘
847,10:12:18,11.85,325872,275,卖盘
848,10:12:21,11.84,236981,200,卖盘
849,10:12:24,11.84,443021,374,卖盘
850,10:12:27,11.84,410929,347,卖盘
851,10:12:30,11.84,1179300,996,卖盘
852,10:12:33,11.84,561350,474,卖盘
853,10:12:36,11.84,811066,685,卖盘
854,10:12:39,11.83,207151,175,卖盘
855,10:12:42,11.83,351480,297,卖盘
856,10:12:45,11.83,766538,648,卖盘
857,10:12:48,11.82,241287,204,卖盘
858,10:12:51,11.82,419714,355,卖盘
859,10:12:54,11.82,429100,363,卖盘
860,10:12:57,11.81,80334,68,卖盘
861,10:13:00,11.82,761926,645,买盘
862,10:13:03,11.81,565703,479,卖盘
863,10:13:06,11.81,222022,188,买盘
864,10:13:09,11.8,560639,475,卖盘
865,10:13:12,11.8,672756,570,卖盘
866,10:13:15,11.8,489831,415,卖盘
867,10:13:18,11.8,486226,412,卖盘
868,10:13:21,11.8,803673,681,卖盘
869,10:13:24,11.79,282009,239,卖盘
870,10:13:27,11.78,1103944,936,卖盘
871,10:13:30,11.78,407794,346,卖盘
872,10:13:33,11.79,507787,431,买盘
873,10:13:36,11.78,1020209,866,卖盘
874,10:13:39,11.79,313397,266,买盘
875,10:13:42,11.78,768176,652,卖盘
876,10:13:45,11.78,206118,175,买盘
877,10:13:48,11.78,362701,308,买盘
878,10:13:51,11.78,688892,585,买盘
879,10:13:54,11.78,472288,401,买盘
880,10:13:57,11.78,300454,255,卖盘
881,10:14:00,11.79,673973,572,买盘
882,10:14:03,11.78,1003179,851,卖盘
883,10:14:06,11.77,596047,506,卖盘
884,10:14:09,11.78,386500,328,卖盘
885,10:14:12,11.78,453715,385,卖盘
886,10:14:15,11.78,573785,487,卖盘
887,10:14:18,11.79,643561,546,买盘
888,10:14:21,11.78,463087,393,卖盘
889,10:14:24,11.78,387474,329,买盘
890,10:14:27,11.78,354497,301,买盘
891,10:14:30,11.77,972352,826,卖盘
892,10:14:33,11.78,750167,637,买盘
893,10:14:36,11.78,296759,252,买盘
894,10:14:39,11.78,262638,223,卖盘
895,10:14:42,11.78,382960,325,卖盘
896,10:14:45,11.78,495213,420,卖盘
897,10:14:48,11.78,287550,244,卖盘
898,10:14:51,11.78,345188,293,卖盘
899,10:14:54,11.8,299323,254,买盘
900,10:14:57,11.8,120323,102,买盘
901,10:15:00,11.81,387114,328,买盘
902,10:15:03,11.81,77897,66,买盘
903,10:15:06,11.8,716672,607,卖盘
904,10:15:09,11.82,265616,225,买盘
905,10:15:12,11.8,184138,156,卖盘
906,10:15:15,11.82,344891,292,买盘
907,10:15:18,11.81,148897,126,卖盘
908,10:15:21,11.82,125251,106,买盘
909,10:15:24,11.82,576583,488,买盘
910,10:15:27,11.82,143042,121,卖盘
911,10:15:30,11.83,140756,119,买盘
912,10:15:33,11.82,556835,471,卖盘
913,10:15:36,11.83,220016,186,买盘
914,10:15:39,11.82,151409,128,卖盘
915,10:15:42,11.82,91084,77,卖盘
916,10:15:45,11.82,147839,125,卖盘
917,10:15:48,11.83,274296,232,中性盘
918,10:15:51,11.84,272196,230,买盘
919,10:15:54,11.84,116055,98,卖盘
920,10:15:57,11.85,330362,279,买盘
921,10:16:00,11.85,447855,378,买盘
922,10:16:03,11.85,175367,148,买盘
923,10:16:06,11.84,732486,619,卖盘
924,10:16:09,11.84,168130,142,买盘
925,10:16:12,11.84,274655,232,买盘
926,10:16:15,11.83,178775,151,卖盘
927,10:16:18,11.83,94642,80,卖盘
928,10:16:21,11.83,136009,115,买盘
929,10:16:24,11.83,223562,189,买盘
930,10:16:27,11.83,280237,237,卖盘
931,10:16:30,11.82,217659,184,卖盘
932,10:16:33,11.83,62697,53,买盘
933,10:16:36,11.82,859492,727,卖盘
934,10:16:39,11.84,552674,467,买盘
935,10:16:42,11.83,69802,59,卖盘
936,10:16:45,11.83,67385,57,卖盘
937,10:16:48,11.83,368001,311,卖盘
938,10:16:51,11.83,115928,98,买盘
939,10:16:54,11.82,131266,111,卖盘
940,10:16:57,11.82,106436,90,卖盘
941,10:17:00,11.82,282651,239,卖盘
942,10:17:03,11.83,289724,245,买盘
943,10:17:06,11.82,280294,237,卖盘
944,10:17:09,11.83,314528,266,买盘
945,10:17:12,11.82,151349,128,卖盘
946,10:17:15,11.82,203436,172,卖盘
947,10:17:18,11.83,372519,315,买盘
948,10:17:21,11.82,65023,55,卖盘
949,10:17:24,11.83,385399,326,买盘
950,10:17:27,11.83,81610,69,买盘
951,10:17:30,11.82,118260,100,卖盘
952,10:17:33,11.83,264953,224,买盘
953,10:17:36,11.83,238846,202,卖盘
954,10:17:39,11.83,208164,176,买盘
955,10:17:42,11.82,425850,360,卖盘
956,10:17:45,11.82,81616,69,卖盘
957,10:17:48,11.82,171475,145,卖盘
958,10:17:51,11.83,98126,83,买盘
959,10:17:54,11.83,179754,152,买盘
960,10:17:57,11.83,131310,111,买盘
961,10:18:00,11.82,273130,231,卖盘
962,10:18:03,11.83,1022621,865,买盘
963,10:18:06,11.82,173806,147,卖盘
964,10:18:09,11.82,320410,271,卖盘
965,10:18:12,11.82,106406,90,卖盘
966,10:18:15,11.82,269528,228,卖盘
967,10:18:18,11.83,163154,138,买盘
968,10:18:21,11.82,266089,225,卖盘
969,10:18:24,11.82,132466,112,卖盘
970,10:18:27,11.82,269508,228,卖盘
971,10:18:30,11.81,205661,174,卖盘
972,10:18:33,11.81,211471,179,卖盘
973,10:18:36,11.81,108662,92,卖盘
974,10:18:39,11.82,216213,183,买盘
975,10:18:42,11.82,303570,257,买盘
976,10:18:45,11.82,288357,244,买盘
977,10:18:48,11.82,256309,217,买盘
978,10:18:51,11.82,374559,317,买盘
979,10:18:54,11.81,167768,142,卖盘
980,10:18:57,11.82,304814,258,买盘
981,10:19:00,11.82,175986,149,买盘
982,10:19:03,11.82,388809,329,买盘
983,10:19:06,11.81,21258,18,卖盘
984,10:19:09,11.81,179606,152,卖盘
985,10:19:12,11.81,214958,182,卖盘
986,10:19:15,11.82,118121,100,买盘
987,10:19:18,11.82,199697,169,买盘
988,10:19:21,11.81,253894,215,卖盘
989,10:19:24,11.81,116908,99,买盘
990,10:19:27,11.81,81480,69,买盘
991,10:19:30,11.8,221859,188,卖盘
992,10:19:33,11.8,258449,219,卖盘
993,10:19:36,11.8,213643,181,卖盘
994,10:19:39,11.8,1429076,1211,卖盘
995,10:19:42,11.8,221865,188,卖盘
996,10:19:45,11.8,206562,175,卖盘
997,10:19:48,11.8,500371,424,卖盘
998,10:19:51,11.8,385892,327,卖盘
999,10:19:54,11.8,637150,540,卖盘
1000,10:19:57,11.8,69620,59,买盘
1001,10:20:00,11.79,194632,165,卖盘
1002,10:20:03,11.79,165100,140,卖盘
1003,10:20:06,11.79,143860,122,卖盘
1004,10:20:09,11.79,996279,845,卖盘
1005,10:20:12,11.78,303977,258,卖盘
1006,10:20:15,11.79,225049,191,买盘
1007,10:20:18,11.78,295703,251,卖盘
1008,10:20:21,11.79,359337,305,买盘
1009,10:20:24,11.78,539578,458,卖盘
1010,10:20:27,11.78,451352,383,卖盘
1011,10:20:30,11.78,346337,294,卖盘
1012,10:20:33,11.78,490072,416,卖盘
1013,10:20:36,11.78,1390117,1180,卖盘
1014,10:20:39,11.78,347406,295,买盘
1015,10:20:42,11.78,260243,221,买盘
1016,10:20:45,11.77,312009,265,卖盘
1017,10:20:48,11.77,357830,304,卖盘
1018,10:20:51,11.77,526256,447,卖盘
1019,10:20:54,11.77,1187662,1009,卖盘
1020,10:20:57,11.77,311923,265,卖盘
1021,10:21:00,11.77,381335,324,买盘
1022,10:21:03,11.76,772843,657,卖盘
1023,10:21:06,11.76,896254,762,卖盘
1024,10:21:09,11.76,465764,396,卖盘
1025,10:21:12,11.76,797385,678,卖盘
1026,10:21:15,11.76,1082025,920,卖盘
1027,10:21:18,11.76,295028,251,买盘
1028,10:21:21,11.75,384290,327,卖盘
1029,10:21:24,11.76,779123,663,买盘
1030,10:21:27,11.75,524116,446,卖盘
1031,10:21:30,11.75,437128,372,卖盘
1032,10:21:33,11.76,1390060,1183,买盘
1033,10:21:36,11.75,965892,822,卖盘
1034,10:21:39,11.75,865004,736,卖盘
1035,10:21:42,11.75,1033775,880,卖盘
1036,10:21:45,11.74,285465,243,卖盘
1037,10:21:48,11.74,457906,390,卖盘
1038,10:21:51,11.74,693900,591,卖盘
1039,10:21:54,11.74,540063,460,卖盘
1040,10:21:57,11.74,1477007,1258,卖盘
1041,10:22:00,11.75,736162,627,买盘
1042,10:22:03,11.74,318160,271,卖盘
1043,10:22:06,11.73,205425,175,卖盘
1044,10:22:09,11.74,725296,618,买盘
1045,10:22:12,11.73,532612,454,卖盘
1046,10:22:15,11.73,776705,662,卖盘
1047,10:22:18,11.73,793194,676,卖盘
1048,10:22:21,11.73,959604,818,卖盘
1049,10:22:24,11.74,1468918,1252,买盘
1050,10:22:27,11.74,1189587,1014,买盘
1051,10:22:30,11.75,1013913,864,买盘
1052,10:22:33,11.75,193723,165,买盘
1053,10:22:36,11.74,149161,127,卖盘
1054,10:22:39,11.75,559035,476,买盘
1055,10:22:42,11.74,967647,824,卖盘
1056,10:22:45,11.75,385294,328,买盘
1057,10:22:48,11.75,758530,646,买盘
1058,10:22:51,11.74,142103,121,卖盘
1059,10:22:54,11.74,281917,240,卖盘
1060,10:22:57,11.74,311166,265,卖盘
1061,10:23:00,11.75,1232073,1049,买盘
1062,10:23:03,11.75,509690,434,卖盘
1063,10:23:06,11.74,143303,122,卖盘
1064,10:23:09,11.75,106903,91,买盘
1065,10:23:12,11.75,331230,282,买盘
1066,10:23:15,11.74,204373,174,卖盘
1067,10:23:18,11.75,801167,682,买盘
1068,10:23:21,11.75,691564,589,买盘
1069,10:23:24,11.74,594329,506,卖盘
1070,10:23:27,11.75,209122,178,买盘
1071,10:23:30,11.75,263185,224,卖盘
1072,10:23:33,11.75,193869,165,卖盘
1073,10:23:36,11.75,236158,201,买盘
1074,10:23:39,11.75,274933,234,买盘
1075,10:23:42,11.75,81082,69,卖盘
1076,10:23:45,11.75,544260,463,卖盘
1077,10:23:48,11.75,845225,719,卖盘
1078,10:23:51,11.75,198575,169,买盘
1079,10:23:54,11.74,269064,229,卖盘
1080,10:23:57,11.74,523822,446,卖盘
1081,10:24:00,11.76,580375,494,买盘
1082,10:24:03,11.75,226714,193,卖盘
1083,10:24:06,11.75,110469,94,卖盘
1084,10:24:09,11.75,336060,286,卖盘
1085,10:24:12,11.75,544088,463,卖盘
1086,10:24:15,11.74,345432,294,卖盘
1087,10:24:18,11.75,354682,302,买盘
1088,10:24:21,11.75,382950,326,买盘
1089,10:24:24,11.75,293653,250,卖盘
1090,10:24:27,11.75,104583,89,卖盘
1091,10:24:30,11.75,624909,532,卖盘
1092,10:24:33,11.75,224094,191,买盘
1093,10:24:36,11.75,130444,111,卖盘
1094,10:24:39,11.75,111642,95,卖盘
1095,10:24:42,11.76,193944,165,买盘
1096,10:24:45,11.76,215118,183,买盘
1097,10:24:48,11.75,47020,40,卖盘
1098,10:24:51,11.75,178751,152,卖盘
1099,10:24:54,11.75,300841,256,卖盘
1100,10:24:57,11.75,444205,378,卖盘
1101,10:25:00,11.76,489087,416,买盘
1102,10:25:03,11.75,209307,178,卖盘
1103,10:25:06,11.76,338519,288,中性盘
1104,10:25:09,11.75,484283,412,卖盘
1105,10:25:12,11.76,249169,212,中性盘
1106,10:25:15,11.75,112872,96,卖盘
1107,10:25:18,11.76,286865,244,买盘
1108,10:25:21,11.76,285754,243,买盘
1109,10:25:24,11.77,107059,91,买盘
1110,10:25:27,11.77,172962,147,买盘
1111,10:25:30,11.77,136531,116,买盘
1112,10:25:33,11.77,144769,123,买盘
1113,10:25:36,11.76,255267,217,卖盘
1114,10:25:39,11.77,280109,238,买盘
1115,10:25:42,11.77,110638,94,卖盘
1116,10:25:45,11.78,138953,118,买盘
1117,10:25:48,11.78,208393,177,买盘
1118,10:25:51,11.77,136603,116,卖盘
1119,10:25:54,11.79,36532,31,买盘
1120,10:25:57,11.78,160191,136,卖盘
1121,10:26:00,11.78,196743,167,卖盘
1122,10:26:03,11.78,137861,117,卖盘
1123,10:26:06,11.78,154426,131,卖盘
1124,10:26:09,11.78,375896,319,卖盘
1125,10:26:12,11.79,43608,37,买盘
1126,10:26:15,11.79,174458,148,买盘
1127,10:26:18,11.79,254516,216,买盘
1128,10:26:21,11.79,411342,349,买盘
1129,10:26:24,11.79,289947,246,买盘
1130,10:26:27,11.79,358416,304,卖盘
1131,10:26:30,11.79,307752,261,卖盘
1132,10:26:33,11.79,473916,402,卖盘
1133,10:26:36,11.79,358250,304,买盘
1134,10:26:39,11.79,207379,176,买盘
1135,10:26:42,11.78,87190,74,中性盘
1136,10:26:45,11.78,307455,261,买盘
1137,10:26:48,11.78,68321,58,买盘
1138,10:26:51,11.79,514875,437,买盘
1139,10:26:54,11.78,117861,100,卖盘
1140,10:26:57,11.78,592536,503,卖盘
1141,10:27:00,11.78,142653,121,卖盘
1142,10:27:03,11.78,689169,585,卖盘
1143,10:27:06,11.78,303914,258,买盘
1144,10:27:09,11.78,97778,83,买盘
1145,10:27:12,11.78,331011,281,买盘
1146,10:27:15,11.78,227298,193,卖盘
1147,10:27:18,11.79,55380,47,买盘
1148,10:27:21,11.78,181447,154,卖盘
1149,10:27:24,11.78,111951,95,卖盘
1150,10:27:27,11.78,67124,57,买盘
1151,10:27:30,11.78,77719,66,中性盘
1152,10:27:33,11.79,289683,246,买盘
1153,10:27:36,11.78,388750,330,卖盘
1154,10:27:39,11.78,82460,70,买盘
1155,10:27:42,11.78,111897,95,买盘
1156,10:27:45,11.77,226093,192,卖盘
1157,10:27:48,11.78,173124,147,买盘
1158,10:27:51,11.78,166036,141,卖盘
1159,10:27:54,11.78,53004,45,买盘
1160,10:27:57,11.78,123654,105,买盘
1161,10:28:00,11.78,345053,293,买盘
1162,10:28:03,11.78,51832,44,卖盘
1163,10:28:06,11.78,271039,230,卖盘
1164,10:28:09,11.77,275569,234,卖盘
1165,10:28:12,11.78,142537,121,买盘
1166,10:28:15,11.77,202602,172,卖盘
1167,10:28:18,11.77,201319,171,卖盘
1168,10:28:21,11.78,204885,174,买盘
1169,10:28:24,11.78,131879,112,买盘
1170,10:28:27,11.78,61252,52,卖盘
1171,10:28:30,11.78,101312,86,买盘
1172,10:28:33,11.78,399169,339,卖盘
1173,10:28:36,11.77,616427,523,卖盘
1174,10:28:39,11.78,180159,153,中性盘
1175,10:28:42,11.78,149602,127,买盘
1176,10:28:45,11.78,336654,286,买盘
1177,10:28:48,11.78,181306,154,买盘
1178,10:28:51,11.78,142479,121,买盘
1179,10:28:54,11.78,85958,73,买盘
1180,10:28:57,11.78,296702,252,买盘
1181,10:29:00,11.77,149506,127,卖盘
1182,10:29:03,11.78,130724,111,买盘
1183,10:29:06,11.78,163618,139,买盘
1184,10:29:09,11.78,307242,261,买盘
1185,10:29:12,11.77,76522,65,卖盘
1186,10:29:15,11.77,880959,748,卖盘
1187,10:29:18,11.77,110721,94,卖盘
1188,10:29:21,11.77,128303,109,卖盘
1189,10:29:24,11.78,524081,445,买盘
1190,10:29:27,11.78,149637,127,卖盘
1191,10:29:30,11.78,277954,236,卖盘
1192,10:29:33,11.78,64790,55,买盘
1193,10:29:36,11.77,101274,86,卖盘
1194,10:29:39,11.77,385147,327,卖盘
1195,10:29:42,11.78,208511,177,买盘
1196,10:29:45,11.78,286251,243,卖盘
1197,10:29:48,11.78,151905,129,买盘
1198,10:29:51,11.78,100093,85,买盘
1199,10:29:54,11.78,134256,114,买盘
1200,10:29:57,11.78,212030,180,买盘
1201,10:30:00,11.78,93064,79,卖盘
1202,10:30:03,11.78,567971,482,卖盘
1203,10:30:06,11.78,174443,148,卖盘
1204,10:30:09,11.78,407939,346,卖盘
1205,10:30:12,11.78,154359,131,卖盘
1206,10:30:15,11.79,409280,347,中性盘
1207,10:30:18,11.79,93115,79,买盘
1208,10:30:21,11.79,22401,19,买盘
1209,10:30:24,11.79,74271,63,卖盘
1210,10:30:27,11.79,162669,138,买盘
1211,10:30:30,11.79,308791,262,买盘
1212,10:30:33,11.8,16517,14,买盘
1213,10:30:36,11.8,49529,42,买盘
1214,10:30:39,11.79,191153,162,卖盘
1215,10:30:42,11.8,395270,335,买盘
1216,10:30:45,11.79,140400,119,卖盘
1217,10:30:48,11.8,572300,485,买盘
1218,10:30:51,11.8,305588,259,买盘
1219,10:30:54,11.81,80223,68,买盘
1220,10:30:57,11.81,41297,35,买盘
1221,10:31:00,11.81,172413,146,买盘
1222,10:31:03,11.81,98024,83,卖盘
1223,10:31:06,11.81,72079,61,卖盘
1224,10:31:09,11.82,173718,147,买盘
1225,10:31:12,11.82,101648,86,买盘
1226,10:31:15,11.82,51998,44,买盘
1227,10:31:18,11.82,41375,35,卖盘
1228,10:31:21,11.82,47290,40,卖盘
1229,10:31:24,11.82,139507,118,卖盘
1230,10:31:27,11.83,61507,52,买盘
1231,10:31:30,11.83,279180,236,买盘
1232,10:31:33,11.83,113573,96,卖盘
1233,10:31:36,11.84,8288,7,买盘
1234,10:31:39,11.84,171660,145,买盘
1235,10:31:42,11.83,124310,105,卖盘
1236,10:31:45,11.84,1128011,953,卖盘
1237,10:31:48,11.84,489003,413,卖盘
1238,10:31:51,11.84,188283,159,卖盘
1239,10:31:54,11.84,182259,154,买盘
1240,10:31:57,11.84,455518,385,买盘
1241,10:32:00,11.84,209525,177,买盘
1242,10:32:03,11.84,155094,131,卖盘
1243,10:32:06,11.84,74576,63,买盘
1244,10:32:09,11.84,274488,232,买盘
1245,10:32:12,11.82,930361,787,卖盘
1246,10:32:15,11.82,41370,35,买盘
1247,10:32:18,11.82,93398,79,买盘
1248,10:32:21,11.82,75668,64,卖盘
1249,10:32:24,11.82,245851,208,卖盘
1250,10:32:27,11.82,100457,85,买盘
1251,10:32:30,11.82,346328,293,买盘
1252,10:32:33,11.81,297671,252,卖盘
1253,10:32:36,11.81,50760,43,买盘
1254,10:32:39,11.8,42489,36,卖盘
1255,10:32:42,11.81,106243,90,买盘
1256,10:32:45,11.81,181855,154,卖盘
1257,10:32:48,11.8,1102743,933,卖盘
1258,10:32:51,11.81,27158,23,中性盘
1259,10:32:54,11.81,60207,51,买盘
1260,10:32:57,11.8,368181,312,卖盘
1261,10:33:00,11.8,332880,282,卖盘
1262,10:33:03,11.82,681730,577,买盘
1263,10:33:06,11.82,151296,128,卖盘
1264,10:33:09,11.82,104016,88,卖盘
1265,10:33:12,11.82,229281,194,卖盘
1266,10:33:15,11.82,120553,102,买盘
1267,10:33:18,11.82,79162,67,买盘
1268,10:33:21,11.81,253928,215,卖盘
1269,10:33:24,11.81,80306,68,买盘
1270,10:33:27,11.81,64946,55,买盘
1271,10:33:30,11.81,69673,59,买盘
1272,10:33:33,11.81,126398,107,卖盘
1273,10:33:36,11.81,86220,73,卖盘
1274,10:33:39,11.81,64945,55,买盘
1275,10:33:42,11.81,180801,153,卖盘
1276,10:33:45,11.81,24801,21,卖盘
1277,10:33:48,11.83,75592,64,买盘
1278,10:33:51,11.82,134729,114,卖盘
1279,10:33:54,11.82,62646,53,卖盘
1280,10:33:57,11.82,5910,5,买盘
1281,10:34:00,11.82,78004,66,买盘
1282,10:34:03,11.82,64970,55,买盘
1283,10:34:06,11.82,128754,109,买盘
1284,10:34:09,11.81,92139,78,卖盘
1285,10:34:12,11.81,380331,322,卖盘
1286,10:34:15,11.82,15366,13,买盘
1287,10:34:18,11.82,382854,324,买盘
1288,10:34:21,11.81,400540,339,卖盘
1289,10:34:24,11.81,121643,103,买盘
1290,10:34:27,11.81,118096,100,买盘
1291,10:34:30,11.81,251450,213,买盘
1292,10:34:33,11.81,390879,331,买盘
1293,10:34:36,11.81,69663,59,买盘
1294,10:34:39,11.81,584302,495,买盘
1295,10:34:42,11.81,155873,132,买盘
1296,10:34:45,11.81,125187,106,卖盘
1297,10:34:48,11.82,81508,69,买盘
1298,10:34:51,11.8,122813,104,卖盘
1299,10:34:54,11.81,81437,69,买盘
1300,10:34:57,11.8,57824,49,卖盘
1301,10:35:00,11.81,183039,155,买盘
1302,10:35:03,11.8,298629,253,卖盘
1303,10:35:06,11.81,83823,71,买盘
1304,10:35:09,11.8,308053,261,卖盘
1305,10:35:12,11.81,534582,453,买盘
1306,10:35:15,11.8,59017,50,卖盘
1307,10:35:18,11.81,359915,305,买盘
1308,10:35:21,11.8,223036,189,卖盘
1309,10:35:24,11.81,76732,65,买盘
1310,10:35:27,11.8,349286,296,卖盘
1311,10:35:30,11.8,791911,671,卖盘
1312,10:35:33,11.8,59046,50,卖盘
1313,10:35:36,11.81,299741,254,买盘
1314,10:35:39,11.8,352835,299,卖盘
1315,10:35:42,11.8,177029,150,卖盘
1316,10:35:45,11.8,217185,184,卖盘
1317,10:35:48,11.8,135711,115,卖盘
1318,10:35:51,11.8,147511,125,卖盘
1319,10:35:54,11.8,87320,74,卖盘
1320,10:35:57,11.81,106178,90,买盘
1321,10:36:00,11.8,169922,144,卖盘
1322,10:36:03,11.8,40133,34,卖盘
1323,10:36:06,11.8,42485,36,卖盘
1324,10:36:09,11.8,12980,11,卖盘
1325,10:36:12,11.8,118000,100,卖盘
1326,10:36:15,11.8,140420,119,卖盘
1327,10:36:18,11.8,48385,41,卖盘
1328,10:36:21,11.8,77883,66,卖盘
1329,10:36:24,11.8,99150,84,卖盘
1330,10:36:27,11.8,131010,111,卖盘
1331,10:36:30,11.8,17703,15,卖盘
1332,10:36:33,11.8,82614,70,卖盘
1333,10:36:36,11.8,236013,200,卖盘
1334,10:36:39,11.8,299738,254,卖盘
1335,10:36:42,11.8,103840,88,买盘
1336,10:36:45,11.8,68392,58,买盘
1337,10:36:48,11.79,90809,77,卖盘
1338,10:36:51,11.79,33033,28,卖盘
1339,10:36:54,11.79,194641,165,卖盘
1340,10:36:57,11.79,225201,191,卖盘
1341,10:37:00,11.79,788761,669,卖盘
1342,10:37:03,11.79,31833,27,买盘
1343,10:37:06,11.79,140209,119,买盘
1344,10:37:09,11.79,40085,34,买盘
1345,10:37:12,11.78,253286,215,卖盘
1346,10:37:15,11.79,80142,68,买盘
1347,10:37:18,11.79,58916,50,买盘
1348,10:37:21,11.78,47122,40,卖盘
1349,10:37:24,11.78,285096,242,卖盘
1350,10:37:27,11.78,121374,103,卖盘
1351,10:37:30,11.78,1148550,975,卖盘
1352,10:37:33,11.78,25916,22,买盘
1353,10:37:36,11.78,263707,224,买盘
1354,10:37:39,11.78,107136,91,买盘
1355,10:37:42,11.77,208405,177,卖盘
1356,10:37:45,11.77,213066,181,卖盘
1357,10:37:48,11.77,203649,173,卖盘
1358,10:37:51,11.78,224816,191,买盘
1359,10:37:54,11.77,276659,235,卖盘
1360,10:37:57,11.78,142481,121,买盘
1361,10:38:00,11.77,277801,236,卖盘
1362,10:38:03,11.77,528490,449,卖盘
1363,10:38:06,11.77,271923,231,卖盘
1364,10:38:09,11.77,214224,182,卖盘
1365,10:38:12,11.77,135368,115,卖盘
1366,10:38:15,11.77,191870,163,卖盘
1367,10:38:18,11.77,121246,103,卖盘
1368,10:38:21,11.78,221292,188,买盘
1369,10:38:24,11.78,90661,77,买盘
1370,10:38:27,11.77,72997,62,卖盘
1371,10:38:30,11.77,242498,206,卖盘
1372,10:38:33,11.77,44736,38,卖盘
1373,10:38:36,11.77,94171,80,卖盘
1374,10:38:39,11.78,1807012,1536,买盘
1375,10:38:42,11.77,82382,70,卖盘
1376,10:38:45,11.76,145848,124,卖盘
1377,10:38:48,11.77,35306,30,买盘
1378,10:38:51,11.77,140068,119,买盘
1379,10:38:54,11.77,149479,127,卖盘
1380,10:38:57,11.76,326024,277,卖盘
1381,10:39:00,11.76,77673,66,卖盘
1382,10:39:03,11.77,334040,284,买盘
1383,10:39:06,11.77,289572,246,买盘
1384,10:39:09,11.77,125939,107,卖盘
1385,10:39:12,11.77,296537,252,卖盘
1386,10:39:15,11.77,127099,108,卖盘
1387,10:39:18,11.76,143581,122,卖盘
1388,10:39:21,11.77,243618,207,买盘
1389,10:39:24,11.76,84738,72,卖盘
1390,10:39:27,11.77,171806,146,买盘
1391,10:39:30,11.77,229462,195,卖盘
1392,10:39:33,11.77,117700,100,卖盘
1393,10:39:36,11.76,266979,227,卖盘
1394,10:39:39,11.76,89413,76,卖盘
1395,10:39:42,11.76,115310,98,卖盘
1396,10:39:45,11.76,96488,82,卖盘
1397,10:39:48,11.76,190540,162,卖盘
1398,10:39:51,11.76,149356,127,卖盘
1399,10:39:54,11.76,60006,51,卖盘
1400,10:39:57,11.76,211760,180,卖盘
1401,10:40:00,11.76,399946,340,卖盘
1402,10:40:03,11.76,132917,113,卖盘
1403,10:40:06,11.76,91762,78,卖盘
1404,10:40:09,11.76,450420,383,卖盘
1405,10:40:12,11.76,45866,39,卖盘
1406,10:40:15,11.76,648030,551,卖盘
1407,10:40:18,11.76,241106,205,卖盘
1408,10:40:21,11.76,386937,329,卖盘
1409,10:40:24,11.76,329294,280,卖盘
1410,10:40:27,11.77,129389,110,买盘
1411,10:40:30,11.75,364596,310,卖盘
1412,10:40:33,11.76,72917,62,买盘
1413,10:40:36,11.76,67050,57,卖盘
1414,10:40:39,11.76,102312,87,卖盘
1415,10:40:42,11.76,68198,58,买盘
1416,10:40:45,11.75,182194,155,卖盘
1417,10:40:48,11.75,237363,202,卖盘
1418,10:40:51,11.75,285553,243,卖盘
1419,10:40:54,11.76,121065,103,买盘
1420,10:40:57,11.76,222120,189,买盘
1421,10:41:00,11.76,173918,148,买盘
1422,10:41:03,11.76,103488,88,买盘
1423,10:41:06,11.76,438648,373,买盘
1424,10:41:09,11.76,1161792,988,卖盘
1425,10:41:12,11.76,44689,38,买盘
1426,10:41:15,11.76,85898,73,卖盘
1427,10:41:18,11.76,130532,111,卖盘
1428,10:41:21,11.76,265789,226,卖盘
1429,10:41:24,11.76,98817,84,卖盘
1430,10:41:27,11.76,132888,113,买盘
1431,10:41:30,11.76,104688,89,卖盘
1432,10:41:33,11.76,21168,18,卖盘
1433,10:41:36,11.76,259905,221,卖盘
1434,10:41:39,11.76,47040,40,卖盘
1435,10:41:42,11.76,224617,191,卖盘
1436,10:41:45,11.77,88220,75,买盘
1437,10:41:48,11.77,121155,103,买盘
1438,10:41:51,11.76,95276,81,卖盘
1439,10:41:54,11.76,425710,362,卖盘
1440,10:41:57,11.76,370543,315,买盘
1441,10:42:00,11.76,144648,123,卖盘
1442,10:42:03,11.76,124668,106,卖盘
1443,10:42:06,11.76,293983,250,卖盘
1444,10:42:09,11.76,209327,178,买盘
1445,10:42:12,11.76,221206,188,卖盘
1446,10:42:15,11.77,47063,40,买盘
1447,10:42:18,11.76,107016,91,卖盘
1448,10:42:21,11.76,49401,42,卖盘
1449,10:42:24,11.77,189374,161,买盘
1450,10:42:27,11.76,95259,81,卖盘
1451,10:42:30,11.76,376437,320,卖盘
1452,10:42:33,11.76,109437,93,卖盘
1453,10:42:36,11.76,161123,137,卖盘
1454,10:42:39,11.76,149426,127,卖盘
1455,10:42:42,11.76,136428,116,卖盘
1456,10:42:45,11.76,87052,74,卖盘
1457,10:42:48,11.77,262257,223,买盘
1458,10:42:51,11.76,193085,164,卖盘
1459,10:42:54,11.78,134239,114,买盘
1460,10:42:57,11.78,63581,54,买盘
1461,10:43:00,11.77,24717,21,卖盘
1462,10:43:03,11.76,54141,46,卖盘
1463,10:43:06,11.78,94200,80,买盘
1464,10:43:09,11.78,75336,64,买盘
1465,10:43:12,11.76,298954,254,卖盘
1466,10:43:15,11.78,48282,41,买盘
1467,10:43:18,11.77,117720,100,卖盘
1468,10:43:21,11.78,89473,76,买盘
1469,10:43:24,11.77,43573,37,卖盘
1470,10:43:27,11.78,73008,62,买盘
1471,10:43:30,11.77,160089,136,卖盘
1472,10:43:33,11.76,23538,20,卖盘
1473,10:43:36,11.76,325824,277,卖盘
1474,10:43:39,11.76,2167416,1843,卖盘
1475,10:43:42,11.76,430413,366,买盘
1476,10:43:45,11.75,206957,176,卖盘
1477,10:43:48,11.76,114041,97,买盘
1478,10:43:51,11.76,713325,607,买盘
1479,10:43:54,11.76,473822,403,买盘
1480,10:43:57,11.76,179810,153,买盘
1481,10:44:00,11.76,129278,110,买盘
1482,10:44:03,11.75,325559,277,卖盘
1483,10:44:06,11.75,229210,195,卖盘
1484,10:44:09,11.75,532616,453,卖盘
1485,10:44:12,11.76,808600,688,买盘
1486,10:44:15,11.76,848376,722,买盘
1487,10:44:18,11.75,112820,96,卖盘
1488,10:44:21,11.76,356271,303,买盘
1489,10:44:24,11.76,213896,182,买盘
1490,10:44:27,11.76,197435,168,买盘
1491,10:44:30,11.75,240969,205,卖盘
1492,10:44:33,11.75,150402,128,卖盘
1493,10:44:36,11.76,277426,236,买盘
1494,10:44:39,11.75,239768,204,卖盘
1495,10:44:42,11.75,367979,313,卖盘
1496,10:44:45,11.76,205680,175,买盘
1497,10:44:48,11.75,1225617,1043,卖盘
1498,10:44:51,11.76,235070,200,买盘
1499,10:44:54,11.76,340810,290,买盘
1500,10:44:57,11.76,446652,380,买盘
1501,10:45:00,11.76,329241,280,买盘
1502,10:45:03,11.75,122241,104,卖盘
1503,10:45:06,11.76,95199,81,买盘
1504,10:45:09,11.76,68180,58,买盘
1505,10:45:12,11.75,258535,220,卖盘
1506,10:45:15,11.75,423047,360,卖盘
1507,10:45:18,11.75,124555,106,卖盘
1508,10:45:21,11.75,353751,301,卖盘
1509,10:45:24,11.75,203309,173,卖盘
1510,10:45:27,11.75,158688,135,卖盘
1511,10:45:30,11.75,156315,133,卖盘
1512,10:45:33,11.75,183340,156,卖盘
1513,10:45:36,11.75,76378,65,卖盘
1514,10:45:39,11.75,190370,162,卖盘
1515,10:45:42,11.75,365452,311,卖盘
1516,10:45:45,11.75,265559,226,卖盘
1517,10:45:48,11.76,216300,184,买盘
1518,10:45:51,11.75,1943452,1654,卖盘
1519,10:45:54,11.75,157490,134,买盘
1520,10:45:57,11.75,201956,172,买盘
1521,10:46:00,11.75,83391,71,买盘
1522,10:46:03,11.74,337073,287,卖盘
1523,10:46:06,11.74,279541,238,卖盘
1524,10:46:09,11.75,203112,173,买盘
1525,10:46:12,11.74,380601,324,卖盘
1526,10:46:15,11.74,248912,212,卖盘
1527,10:46:18,11.74,1968800,1677,卖盘
1528,10:46:21,11.74,328715,280,卖盘
1529,10:46:24,11.74,24645,21,买盘
1530,10:46:27,11.74,100934,86,买盘
1531,10:46:30,11.74,590078,503,买盘
1532,10:46:33,11.74,210048,179,买盘
1533,10:46:36,11.74,199446,170,买盘
1534,10:46:39,11.74,144288,123,买盘
1535,10:46:42,11.74,174888,149,买盘
1536,10:46:45,11.73,1231696,1050,卖盘
1537,10:46:48,11.73,198276,169,卖盘
1538,10:46:51,11.73,1113211,949,卖盘
1539,10:46:54,11.73,476317,406,卖盘
1540,10:46:57,11.73,303818,259,卖盘
1541,10:47:00,11.74,1217879,1038,买盘
1542,10:47:03,11.73,472721,403,卖盘
1543,10:47:06,11.73,171259,146,卖盘
1544,10:47:09,11.73,376572,321,卖盘
1545,10:47:12,11.73,154773,132,买盘
1546,10:47:15,11.72,175874,150,卖盘
1547,10:47:18,11.72,685703,585,卖盘
1548,10:47:21,11.72,412587,352,卖盘
1549,10:47:24,11.72,1118112,954,卖盘
1550,10:47:27,11.72,578972,494,卖盘
1551,10:47:30,11.72,1421660,1213,卖盘
1552,10:47:33,11.72,746565,637,卖盘
1553,10:47:36,11.72,398516,340,卖盘
1554,10:47:39,11.73,2163507,1846,买盘
1555,10:47:42,11.72,454775,388,卖盘
1556,10:47:45,11.72,1256404,1072,卖盘
1557,10:47:48,11.72,579023,494,卖盘
1558,10:47:51,11.72,1523604,1300,卖盘
1559,10:47:54,11.72,554389,473,卖盘
1560,10:47:57,11.72,512148,437,卖盘
1561,10:48:00,11.72,1087389,928,买盘
1562,10:48:03,11.71,469795,401,卖盘
1563,10:48:06,11.72,439199,375,买盘
1564,10:48:09,11.71,664037,567,卖盘
1565,10:48:12,11.72,989599,845,买盘
1566,10:48:15,11.71,333813,285,卖盘
1567,10:48:18,11.71,105446,90,卖盘
1568,10:48:21,11.71,224932,192,卖盘
1569,10:48:24,11.71,464890,397,卖盘
1570,10:48:27,11.71,498877,426,卖盘
1571,10:48:30,11.72,292824,250,买盘
1572,10:48:33,11.71,228389,195,卖盘
1573,10:48:36,11.71,205000,175,卖盘
1574,10:48:39,11.72,236578,202,买盘
1575,10:48:42,11.71,81983,70,卖盘
1576,10:48:45,11.71,190914,163,卖盘
1577,10:48:48,11.71,215474,184,卖盘
1578,10:48:51,11.72,1003696,857,买盘
1579,10:48:54,11.72,446225,381,买盘
1580,10:48:57,11.72,887160,757,买盘
1581,10:49:00,11.73,513501,438,买盘
1582,10:49:03,11.72,671579,573,卖盘
1583,10:49:06,11.72,262517,224,卖盘
1584,10:49:09,11.72,194579,166,买盘
1585,10:49:12,11.72,264837,226,卖盘
1586,10:49:15,11.72,232029,198,买盘
1587,10:49:18,11.72,370279,316,买盘
1588,10:49:21,11.72,290576,248,买盘
1589,10:49:24,11.72,250786,214,买盘
1590,10:49:27,11.72,106681,91,卖盘
1591,10:49:30,11.72,94947,81,卖盘
1592,10:49:33,11.72,398532,340,卖盘
1593,10:49:36,11.72,232069,198,卖盘
1594,10:49:39,11.72,209705,179,买盘
1595,10:49:42,11.71,437050,373,卖盘
1596,10:49:45,11.71,537875,459,卖盘
1597,10:49:48,11.71,572763,489,卖盘
1598,10:49:51,11.71,1878399,1604,卖盘
1599,10:49:54,11.72,119465,102,买盘
1600,10:49:57,11.71,336103,287,卖盘
1601,10:50:00,11.72,431097,368,买盘
1602,10:50:03,11.71,70304,60,卖盘
1603,10:50:06,11.72,193317,165,买盘
1604,10:50:09,11.71,488374,417,卖盘
1605,10:50:12,11.72,166310,142,买盘
1606,10:50:15,11.71,586875,501,卖盘
1607,10:50:18,11.71,62080,53,卖盘
1608,10:50:21,11.71,694569,593,卖盘
1609,10:50:24,11.72,452293,386,买盘
1610,10:50:27,11.71,299828,256,卖盘
1611,10:50:30,11.71,175699,150,卖盘
1612,10:50:33,11.71,326815,279,卖盘
1613,10:50:36,11.72,329117,281,买盘
1614,10:50:39,11.71,108903,93,卖盘
1615,10:50:42,11.71,413386,353,卖盘
1616,10:50:45,11.71,322035,275,卖盘
1617,10:50:48,11.72,780134,666,买盘
1618,10:50:51,11.72,112468,96,买盘
1619,10:50:54,11.71,183910,157,卖盘
1620,10:50:57,11.72,905812,773,买盘
1621,10:51:00,11.72,453545,387,买盘
1622,10:51:03,11.72,584488,499,买盘
1623,10:51:06,11.72,250755,214,买盘
1624,10:51:09,11.71,449751,384,卖盘
1625,10:51:12,11.72,106585,91,买盘
1626,10:51:15,11.72,131233,112,买盘
1627,10:51:18,11.71,298645,255,卖盘
1628,10:51:21,11.72,244796,209,买盘
1629,10:51:24,11.72,652284,557,买盘
1630,10:51:27,11.71,306846,262,卖盘
1631,10:51:30,11.71,268164,229,卖盘
1632,10:51:33,11.71,166366,142,卖盘
1633,10:51:36,11.71,127654,109,卖盘
1634,10:51:39,11.72,30451,26,买盘
1635,10:51:42,11.71,300983,257,卖盘
1636,10:51:45,11.71,32803,28,卖盘
1637,10:51:48,11.71,87829,75,卖盘
1638,10:51:51,11.72,215483,184,买盘
1639,10:51:54,11.71,96073,82,卖盘
1640,10:51:57,11.71,185030,158,卖盘
1641,10:52:00,11.72,512102,437,买盘
1642,10:52:03,11.71,269456,230,卖盘
1643,10:52:06,11.72,214407,183,买盘
1644,10:52:09,11.72,250710,214,买盘
1645,10:52:12,11.71,204964,175,卖盘
1646,10:52:15,11.72,1296210,1106,买盘
1647,10:52:18,11.71,252975,216,卖盘
1648,10:52:21,11.71,90187,77,卖盘
1649,10:52:24,11.71,359651,307,卖盘
1650,10:52:27,11.72,346708,296,买盘
1651,10:52:30,11.72,120636,103,买盘
1652,10:52:33,11.71,292806,250,卖盘
1653,10:52:36,11.71,219109,187,卖盘
1654,10:52:39,11.71,215612,184,卖盘
1655,10:52:42,11.72,538809,460,买盘
1656,10:52:45,11.72,89077,76,卖盘
1657,10:52:48,11.72,303364,259,买盘
1658,10:52:51,11.71,137090,117,卖盘
1659,10:52:54,11.72,94932,81,买盘
1660,10:52:57,11.72,117205,100,卖盘
1661,10:53:00,11.73,465527,397,买盘
1662,10:53:03,11.73,175941,150,买盘
1663,10:53:06,11.73,79764,68,卖盘
1664,10:53:09,11.72,225139,192,卖盘
1665,10:53:12,11.73,57467,49,中性盘
1666,10:53:15,11.72,211015,180,卖盘
1667,10:53:18,11.74,163079,139,买盘
1668,10:53:21,11.74,139623,119,买盘
1669,10:53:24,11.74,86817,74,买盘
1670,10:53:27,11.74,96268,82,买盘
1671,10:53:30,11.75,32882,28,买盘
1672,10:53:33,11.75,137389,117,买盘
1673,10:53:36,11.75,293677,250,买盘
1674,10:53:39,11.75,285495,243,买盘
1675,10:53:42,11.75,722611,615,买盘
1676,10:53:45,11.75,22333,19,卖盘
1677,10:53:48,11.76,141074,120,买盘
1678,10:53:51,11.76,188094,160,买盘
1679,10:53:54,11.76,88189,75,买盘
1680,10:53:57,11.76,64680,55,买盘
1681,10:54:00,11.77,436390,371,买盘
1682,10:54:03,11.77,150609,128,买盘
1683,10:54:06,11.77,34128,29,买盘
1684,10:54:09,11.78,44727,38,买盘
1685,10:54:12,11.78,68303,58,买盘
1686,10:54:15,11.78,142519,121,买盘
1687,10:54:18,11.78,121324,103,买盘
1688,10:54:21,11.78,333264,283,买盘
1689,10:54:24,11.78,485316,412,买盘
1690,10:54:27,11.78,414425,352,中性盘
1691,10:54:30,11.78,1169564,992,中性盘
1692,10:54:33,11.79,156786,133,买盘
1693,10:54:36,11.79,110155,94,买盘
1694,10:54:39,11.8,273528,232,买盘
1695,10:54:42,11.79,500829,425,中性盘
1696,10:54:45,11.8,232314,197,买盘
1697,10:54:48,11.8,419725,356,买盘
1698,10:54:51,11.79,154482,131,中性盘
1699,10:54:54,11.79,195106,166,买盘
1700,10:54:57,11.79,818783,695,买盘
1701,10:55:00,11.78,213823,182,卖盘
1702,10:55:03,11.78,140160,119,买盘
1703,10:55:06,11.77,150765,128,卖盘
1704,10:55:09,11.78,200812,171,买盘
1705,10:55:12,11.78,173067,147,买盘
1706,10:55:15,11.77,92395,79,卖盘
1707,10:55:18,11.76,97659,83,卖盘
1708,10:55:21,11.76,1012166,861,卖盘
1709,10:55:24,11.74,182128,155,卖盘
1710,10:55:27,11.74,110381,94,卖盘
1711,10:55:30,11.74,23480,20,买盘
1712,10:55:33,11.73,152528,130,卖盘
1713,10:55:36,11.73,149002,127,卖盘
1714,10:55:39,11.73,213517,182,卖盘
1715,10:55:42,11.73,198263,169,卖盘
1716,10:55:45,11.73,52802,45,卖盘
1717,10:55:48,11.74,143202,122,买盘
1718,10:55:51,11.74,58717,50,卖盘
1719,10:55:54,11.75,31712,27,买盘
1720,10:55:57,11.74,131540,112,卖盘
1721,10:56:00,11.74,59887,51,卖盘
1722,10:56:03,11.74,104492,89,卖盘
1723,10:56:06,11.74,81042,69,卖盘
1724,10:56:09,11.74,59846,51,买盘
1725,10:56:12,11.73,347285,296,卖盘
1726,10:56:15,11.73,161983,138,卖盘
1727,10:56:18,11.74,1022908,872,买盘
1728,10:56:21,11.74,73948,63,卖盘
1729,10:56:24,11.74,32872,28,卖盘
1730,10:56:27,11.74,79832,68,卖盘
1731,10:56:30,11.74,84528,72,买盘
1732,10:56:33,11.73,138518,118,卖盘
1733,10:56:36,11.73,71553,61,卖盘
1734,10:56:39,11.74,150210,128,买盘
1735,10:56:42,11.74,63380,54,买盘
1736,10:56:45,11.74,50482,43,买盘
1737,10:56:48,11.73,112674,96,卖盘
1738,10:56:51,11.74,58726,50,中性盘
1739,10:56:54,11.75,93902,80,买盘
1740,10:56:57,11.74,304066,259,中性盘
1741,10:57:00,11.75,87494,75,买盘
1742,10:57:03,11.74,183150,156,卖盘
1743,10:57:06,11.74,35807,31,卖盘
1744,10:57:09,11.74,39916,34,买盘
1745,10:57:12,11.74,43434,37,买盘
1746,10:57:15,11.74,131472,112,买盘
1747,10:57:18,11.74,192535,164,买盘
1748,10:57:21,11.74,90375,77,买盘
1749,10:57:24,11.74,323812,276,买盘
1750,10:57:27,11.74,129053,110,买盘
1751,10:57:30,11.74,25816,22,买盘
1752,10:57:33,11.73,377362,322,卖盘
1753,10:57:36,11.74,24643,21,中性盘
1754,10:57:39,11.74,64547,55,卖盘
1755,10:57:42,11.74,31696,27,买盘
1756,10:57:45,11.74,127961,109,买盘
1757,10:57:48,11.74,77448,66,买盘
1758,10:57:51,11.74,103244,88,买盘
1759,10:57:54,11.74,120854,103,买盘
1760,10:57:57,11.73,127879,109,卖盘
1761,10:58:00,11.74,95068,81,买盘
1762,10:58:03,11.73,65689,56,卖盘
1763,10:58:06,11.73,75088,64,卖盘
1764,10:58:09,11.74,181944,155,买盘
1765,10:58:12,11.74,520864,444,买盘
1766,10:58:15,11.73,132629,113,卖盘
1767,10:58:18,11.74,122073,104,买盘
1768,10:58:21,11.73,48111,41,卖盘
1769,10:58:24,11.74,126725,108,买盘
1770,10:58:27,11.73,165429,141,卖盘
1771,10:58:30,11.74,112665,96,买盘
1772,10:58:33,11.73,292219,249,卖盘
1773,10:58:36,11.74,168940,144,买盘
1774,10:58:39,11.74,97409,83,买盘
1775,10:58:42,11.74,75137,64,卖盘
1776,10:58:45,11.74,91563,78,买盘
1777,10:58:48,11.73,168971,144,卖盘
1778,10:58:51,11.73,32855,28,卖盘
1779,10:58:54,11.73,320291,273,卖盘
1780,10:58:57,11.73,928524,792,卖盘
1781,10:59:00,11.73,60975,52,买盘
1782,10:59:03,11.73,71553,61,买盘
1783,10:59:06,11.74,99693,85,买盘
1784,10:59:09,11.72,154712,132,卖盘
1785,10:59:12,11.72,685758,585,卖盘
1786,10:59:15,11.72,321242,274,卖盘
1787,10:59:18,11.73,159412,136,买盘
1788,10:59:21,11.72,556712,475,卖盘
1789,10:59:24,11.72,471273,402,卖盘
1790,10:59:27,11.72,125423,107,卖盘
1791,10:59:30,11.72,260235,222,卖盘
1792,10:59:33,11.72,457098,390,卖盘
1793,10:59:36,11.72,179387,153,卖盘
1794,10:59:39,11.72,125409,107,卖盘
1795,10:59:42,11.72,458457,391,卖盘
1796,10:59:45,11.72,351606,300,卖盘
1797,10:59:48,11.72,41024,35,卖盘
1798,10:59:51,11.72,266153,227,卖盘
1799,10:59:54,11.72,146505,125,卖盘
1800,10:59:57,11.72,174660,149,卖盘
1801,11:00:00,11.73,214498,183,买盘
1802,11:00:03,11.72,89076,76,卖盘
1803,11:00:06,11.73,208627,178,买盘
1804,11:00:09,11.73,41024,35,买盘
1805,11:00:12,11.73,7038,6,买盘
1806,11:00:15,11.73,186449,159,买盘
1807,11:00:18,11.73,82078,70,买盘
1808,11:00:21,11.72,170048,145,卖盘
1809,11:00:24,11.72,373905,319,卖盘
1810,11:00:27,11.73,151245,129,买盘
1811,11:00:30,11.72,285973,244,卖盘
1812,11:00:33,11.73,121969,104,买盘
1813,11:00:36,11.73,18768,16,卖盘
1814,11:00:39,11.73,150143,128,卖盘
1815,11:00:42,11.73,186390,159,买盘
1816,11:00:45,11.72,201734,172,卖盘
1817,11:00:48,11.73,166464,142,买盘
1818,11:00:51,11.73,276753,236,买盘
1819,11:00:54,11.72,165352,141,卖盘
1820,11:00:57,11.72,15241,13,卖盘
1821,11:01:00,11.73,17584,15,买盘
1822,11:01:03,11.73,300078,256,买盘
1823,11:01:06,11.72,16409,14,卖盘
1824,11:01:09,11.72,383390,327,卖盘
1825,11:01:12,11.72,72679,62,卖盘
1826,11:01:15,11.73,53914,46,中性盘
1827,11:01:18,11.73,60954,52,卖盘
1828,11:01:21,11.73,21114,18,卖盘
1829,11:01:24,11.72,94999,81,卖盘
1830,11:01:27,11.72,140727,120,卖盘
1831,11:01:30,11.72,67983,58,卖盘
1832,11:01:33,11.72,99650,85,卖盘
1833,11:01:36,11.72,637573,544,卖盘
1834,11:01:39,11.73,300066,256,买盘
1835,11:01:42,11.72,303603,259,卖盘
1836,11:01:45,11.72,46875,40,卖盘
1837,11:01:48,11.72,62116,53,买盘
1838,11:01:51,11.72,113677,97,买盘
1839,11:01:54,11.72,93707,80,买盘
1840,11:01:57,11.71,101921,87,卖盘
1841,11:02:00,11.72,77316,66,买盘
1842,11:02:03,11.71,103097,88,卖盘
1843,11:02:06,11.72,219014,187,买盘
1844,11:02:09,11.72,65594,56,买盘
1845,11:02:12,11.72,151096,129,买盘
1846,11:02:15,11.71,33977,29,卖盘
1847,11:02:18,11.71,92572,79,卖盘
1848,11:02:21,11.71,292811,250,卖盘
1849,11:02:24,11.72,271831,232,买盘
1850,11:02:27,11.72,85507,73,买盘
1851,11:02:30,11.71,119453,102,卖盘
1852,11:02:33,11.72,145216,124,买盘
1853,11:02:36,11.72,696120,594,买盘
1854,11:02:39,11.72,185052,158,卖盘
1855,11:02:42,11.72,131234,112,买盘
1856,11:02:45,11.72,149999,128,买盘
1857,11:02:48,11.72,110097,94,买盘
1858,11:02:51,11.72,97254,83,买盘
1859,11:02:54,11.72,82008,70,买盘
1860,11:02:57,11.71,351537,300,卖盘
1861,11:03:00,11.71,850214,726,卖盘
1862,11:03:03,11.71,239024,204,卖盘
1863,11:03:06,11.71,79682,68,卖盘
1864,11:03:09,11.71,681536,582,卖盘
1865,11:03:12,11.71,62074,53,卖盘
1866,11:03:15,11.71,586694,501,卖盘
1867,11:03:18,11.71,241389,206,卖盘
1868,11:03:21,11.71,213180,182,卖盘
1869,11:03:24,11.71,988354,844,卖盘
1870,11:03:27,11.72,472316,403,买盘
1871,11:03:30,11.72,120716,103,卖盘
1872,11:03:33,11.73,150045,128,买盘
1873,11:03:36,11.72,59804,51,中性盘
1874,11:03:39,11.72,698118,596,买盘
1875,11:03:42,11.73,14065,12,买盘
1876,11:03:45,11.72,175928,150,卖盘
1877,11:03:48,11.73,64467,55,买盘
1878,11:03:51,11.72,774812,661,卖盘
1879,11:03:54,11.73,66834,57,买盘
1880,11:03:57,11.72,46907,40,卖盘
1881,11:04:00,11.72,69170,59,卖盘
1882,11:04:03,11.72,103161,88,卖盘
1883,11:04:06,11.72,109041,93,卖盘
1884,11:04:09,11.73,67989,58,买盘
1885,11:04:12,11.72,148905,127,卖盘
1886,11:04:15,11.72,167597,143,卖盘
1887,11:04:18,11.73,756158,645,买盘
1888,11:04:21,11.72,99625,85,卖盘
1889,11:04:24,11.72,89097,76,卖盘
1890,11:04:27,11.73,134883,115,买盘
1891,11:04:30,11.73,584541,499,买盘
1892,11:04:33,11.73,32844,28,买盘
1893,11:04:36,11.73,82095,70,买盘
1894,11:04:39,11.73,41055,35,卖盘
1895,11:04:42,11.74,34020,29,买盘
1896,11:04:45,11.72,52749,45,卖盘
1897,11:04:48,11.72,477320,407,卖盘
1898,11:04:51,11.72,48095,41,卖盘
1899,11:04:54,11.74,104336,89,买盘
1900,11:04:57,11.73,30486,26,中性盘
1901,11:05:00,11.74,86812,74,买盘
1902,11:05:03,11.73,2346,2,中性盘
1903,11:05:06,11.74,187697,160,买盘
1904,11:05:09,11.72,139664,119,卖盘
1905,11:05:12,11.73,65691,56,买盘
1906,11:05:15,11.72,170061,145,卖盘
1907,11:05:18,11.72,64489,55,卖盘
1908,11:05:21,11.73,50446,43,卖盘
1909,11:05:24,11.73,278952,238,买盘
1910,11:05:27,11.72,57440,49,卖盘
1911,11:05:30,11.73,55100,47,买盘
1912,11:05:33,11.72,57447,49,卖盘
1913,11:05:36,11.72,283670,242,卖盘
1914,11:05:39,11.73,39879,34,买盘
1915,11:05:42,11.72,204010,174,卖盘
1916,11:05:45,11.73,134802,115,买盘
1917,11:05:48,11.73,12897,11,买盘
1918,11:05:51,11.72,5860,5,卖盘
1919,11:05:54,11.72,111351,95,卖盘
1920,11:05:57,11.72,106663,91,卖盘
1921,11:06:00,11.72,145348,124,卖盘
1922,11:06:03,11.72,119557,102,卖盘
1923,11:06:06,11.72,50415,43,卖盘
1924,11:06:09,11.73,236775,202,买盘
1925,11:06:12,11.73,382106,326,买盘
1926,11:06:15,11.73,50397,43,买盘
1927,11:06:18,11.72,119566,102,卖盘
1928,11:06:21,11.73,30478,26,买盘
1929,11:06:24,11.72,154741,132,卖盘
1930,11:06:27,11.73,25791,22,买盘
1931,11:06:30,11.72,69188,59,卖盘
1932,11:06:33,11.73,25793,22,买盘
1933,11:06:36,11.72,73844,63,卖盘
1934,11:06:39,11.72,73864,63,卖盘
1935,11:06:42,11.73,124284,106,买盘
1936,11:06:45,11.73,151299,129,买盘
1937,11:06:48,11.72,78567,67,卖盘
1938,11:06:51,11.72,219318,187,卖盘
1939,11:06:54,11.72,49242,42,卖盘
1940,11:06:57,11.72,125466,107,卖盘
1941,11:07:00,11.73,75040,64,买盘
1942,11:07:03,11.73,77359,66,买盘
1943,11:07:06,11.73,564206,481,买盘
1944,11:07:09,11.73,39882,34,卖盘
1945,11:07:12,11.73,233593,199,卖盘
1946,11:07:15,11.74,117305,100,买盘
1947,11:07:18,11.73,39892,34,卖盘
1948,11:07:21,11.74,129066,110,买盘
1949,11:07:24,11.73,66916,57,卖盘
1950,11:07:27,11.74,58666,50,买盘
1951,11:07:30,11.74,49308,42,卖盘
1952,11:07:33,11.74,185403,158,买盘
1953,11:07:36,11.74,51655,44,买盘
1954,11:07:39,11.74,78658,67,卖盘
1955,11:07:42,11.75,41101,35,买盘
1956,11:07:45,11.73,760213,648,卖盘
1957,11:07:48,11.73,39878,34,买盘
1958,11:07:51,11.73,144302,123,买盘
1959,11:07:54,11.73,18769,16,卖盘
1960,11:07:57,11.75,43421,37,买盘
1961,11:08:00,11.74,10566,9,中性盘
1962,11:08:03,11.75,19973,17,买盘
1963,11:08:06,11.74,59890,51,卖盘
1964,11:08:09,11.75,64595,55,买盘
1965,11:08:12,11.74,77486,66,卖盘
1966,11:08:15,11.74,83354,71,买盘
1967,11:08:18,11.74,11740,10,买盘
1968,11:08:21,11.74,158394,135,买盘
1969,11:08:24,11.73,56351,48,卖盘
1970,11:08:27,11.73,17604,15,卖盘
1971,11:08:30,11.73,32863,28,卖盘
1972,11:08:33,11.73,248731,212,卖盘
1973,11:08:36,11.73,86855,74,卖盘
1974,11:08:39,11.73,111436,95,卖盘
1975,11:08:42,11.73,8211,7,卖盘
1976,11:08:45,11.73,231247,197,卖盘
1977,11:08:48,11.73,119650,102,卖盘
1978,11:08:51,11.73,140766,120,卖盘
1979,11:08:54,11.73,299353,255,卖盘
1980,11:08:57,11.73,117306,100,卖盘
1981,11:09:00,11.73,124419,106,卖盘
1982,11:09:03,11.73,63366,54,卖盘
1983,11:09:06,11.74,68046,58,买盘
1984,11:09:09,11.75,138515,118,买盘
1985,11:09:12,11.74,11738,10,中性盘
1986,11:09:15,11.73,32855,28,卖盘
1987,11:09:18,11.75,57544,49,买盘
1988,11:09:21,11.75,133808,114,买盘
1989,11:09:24,11.75,132740,113,买盘
1990,11:09:27,11.75,86937,74,买盘
1991,11:09:30,11.75,79900,68,买盘
1992,11:09:33,11.75,136286,116,买盘
1993,11:09:36,11.74,633210,539,卖盘
1994,11:09:39,11.75,108085,92,买盘
1995,11:09:42,11.75,95173,81,买盘
1996,11:09:45,11.75,35247,30,买盘
1997,11:09:48,11.74,129215,110,卖盘
1998,11:09:51,11.75,71662,61,买盘
1999,11:09:54,11.75,37600,32,卖盘
2000,11:09:57,11.75,19984,17,卖盘
2001,11:10:00,11.76,229157,195,买盘
2002,11:10:06,11.76,43510,37,买盘
2003,11:10:09,11.76,56443,48,买盘
2004,11:10:12,11.76,125830,107,买盘
2005,11:10:15,11.76,62299,53,中性盘
2006,11:10:18,11.76,164641,140,卖盘
2007,11:10:21,11.76,55277,47,卖盘
2008,11:10:24,11.77,177684,151,买盘
2009,11:10:27,11.77,85876,73,买盘
2010,11:10:30,11.78,35340,30,买盘
2011,11:10:33,11.78,29436,25,买盘
2012,11:10:36,11.78,123690,105,买盘
2013,11:10:39,11.78,155495,132,买盘
2014,11:10:42,11.78,270908,230,买盘
2015,11:10:45,11.78,198029,168,卖盘
2016,11:10:48,11.78,65976,56,中性盘
2017,11:10:51,11.79,625292,531,买盘
2018,11:10:54,11.77,90709,77,中性盘
2019,11:10:57,11.79,47101,40,买盘
2020,11:11:00,11.76,64733,55,卖盘
2021,11:11:03,11.77,51791,44,中性盘
2022,11:11:06,11.76,74206,63,卖盘
2023,11:11:09,11.78,184904,157,买盘
2024,11:11:12,11.77,556272,473,中性盘
2025,11:11:15,11.77,87066,74,卖盘
2026,11:11:18,11.76,58809,50,中性盘
2027,11:11:21,11.75,324772,276,卖盘
2028,11:11:24,11.76,24701,21,中性盘
2029,11:11:27,11.75,1175,1,卖盘
2030,11:11:30,11.75,27041,23,卖盘
2031,11:11:33,11.76,903648,769,中性盘
2032,11:11:36,11.77,94083,80,买盘
2033,11:11:39,11.75,117522,100,卖盘
2034,11:11:42,11.75,100008,85,卖盘
2035,11:11:45,11.75,52905,45,卖盘
2036,11:11:48,11.76,27048,23,买盘
2037,11:11:51,11.77,296235,252,买盘
2038,11:11:54,11.76,4701,4,中性盘
2039,11:11:57,11.76,70557,60,买盘
2040,11:12:00,11.75,110451,94,卖盘
2041,11:12:03,11.76,16461,14,买盘
2042,11:12:06,11.76,137558,117,买盘
2043,11:12:09,11.76,91689,78,买盘
2044,11:12:12,11.76,24691,21,买盘
2045,11:12:15,11.76,4703,4,买盘
2046,11:12:18,11.75,475879,405,卖盘
2047,11:12:21,11.75,51700,44,买盘
2048,11:12:24,11.75,110434,94,买盘
2049,11:12:27,11.74,34046,29,卖盘
2050,11:12:30,11.74,64623,55,卖盘
2051,11:12:33,11.74,10567,9,卖盘
2052,11:12:36,11.74,54015,46,卖盘
2053,11:12:39,11.74,106834,91,卖盘
2054,11:12:42,11.74,34060,29,卖盘
2055,11:12:45,11.74,75165,64,卖盘
2056,11:12:48,11.75,83360,71,买盘
2057,11:12:51,11.74,180808,154,卖盘
2058,11:12:54,11.75,382931,326,买盘
2059,11:12:57,11.75,81019,69,买盘
2060,11:13:00,11.74,18784,16,卖盘
2061,11:13:03,11.74,390007,332,卖盘
2062,11:13:06,11.75,42288,36,买盘
2063,11:13:09,11.74,19958,17,卖盘
2064,11:13:12,11.75,89295,76,买盘
2065,11:13:15,11.74,45794,39,卖盘
2066,11:13:18,11.74,82185,70,卖盘
2067,11:13:21,11.74,57527,49,卖盘
2068,11:13:24,11.75,92762,79,买盘
2069,11:13:27,11.74,85706,73,卖盘
2070,11:13:30,11.74,101042,86,卖盘
2071,11:13:33,11.74,48159,41,卖盘
2072,11:13:36,11.74,75136,64,卖盘
2073,11:13:39,11.74,300755,256,卖盘
2074,11:13:42,11.75,76319,65,买盘
2075,11:13:45,11.74,64574,55,卖盘
2076,11:13:48,11.75,130384,111,买盘
2077,11:13:51,11.74,78707,67,卖盘
2078,11:13:54,11.74,135027,115,卖盘
2079,11:13:57,11.74,132671,113,卖盘
2080,11:14:00,11.73,667987,569,卖盘
2081,11:14:03,11.75,504755,430,买盘
2082,11:14:06,11.74,17610,15,卖盘
2083,11:14:09,11.74,45792,39,卖盘
2084,11:14:12,11.75,132663,113,买盘
2085,11:14:15,11.74,14088,12,卖盘
2086,11:14:18,11.75,25844,22,买盘
2087,11:14:21,11.75,4700,4,买盘
2088,11:14:24,11.74,11740,10,卖盘
2089,11:14:27,11.75,4700,4,买盘
2090,11:14:30,11.74,90423,77,卖盘
2091,11:14:33,11.74,36394,31,卖盘
2092,11:14:36,11.75,406411,346,买盘
2093,11:14:39,11.74,14090,12,卖盘
2094,11:14:42,11.74,10574,9,卖盘
2095,11:14:45,11.75,38772,33,买盘
2096,11:14:48,11.75,39926,34,买盘
2097,11:14:51,11.75,5875,5,买盘
2098,11:14:54,11.74,77530,66,卖盘
2099,11:14:57,11.74,66939,57,卖盘
2100,11:15:00,11.75,23500,20,买盘
2101,11:15:03,11.75,7050,6,买盘
2102,11:15:06,11.75,17625,15,卖盘
2103,11:15:09,11.76,12926,11,买盘
2104,11:15:12,11.76,61138,52,买盘
2105,11:15:15,11.76,131673,112,卖盘
2106,11:15:18,11.76,28226,24,卖盘
2107,11:15:21,11.76,218738,186,卖盘
2108,11:15:24,11.76,64680,55,买盘
2109,11:15:27,11.77,18823,16,买盘
2110,11:15:30,11.76,8235,7,卖盘
2111,11:15:33,11.76,2353,2,卖盘
2112,11:15:36,11.77,120014,102,买盘
2113,11:15:39,11.77,12946,11,买盘
2114,11:15:42,11.76,67062,57,卖盘
2115,11:15:45,11.77,55290,47,买盘
2116,11:15:48,11.77,24717,21,买盘
2117,11:15:51,11.77,35305,30,买盘
2118,11:15:54,11.76,125898,107,卖盘
2119,11:15:57,11.77,138886,118,买盘
2120,11:16:00,11.77,56496,48,卖盘
2121,11:16:03,11.77,224815,191,卖盘
2122,11:16:06,11.77,145980,124,买盘
2123,11:16:09,11.76,110583,94,卖盘
2124,11:16:12,11.76,156410,133,卖盘
2125,11:16:15,11.76,141160,120,中性盘
2126,11:16:18,11.77,87043,74,买盘
2127,11:16:21,11.77,72935,62,买盘
2128,11:16:24,11.77,50605,43,买盘
2129,11:16:27,11.76,54082,46,买盘
2130,11:16:33,11.77,229325,195,买盘
2131,11:16:36,11.77,1177,1,买盘
2132,11:16:39,11.77,14120,12,买盘
2133,11:16:42,11.77,3531,3,买盘
2134,11:16:45,11.77,158762,135,买盘
2135,11:16:48,11.77,84742,72,买盘
2136,11:16:51,11.77,89399,76,买盘
2137,11:16:54,11.76,143501,122,卖盘
2138,11:16:57,11.76,22344,19,买盘
2139,11:17:00,11.77,154145,131,买盘
2140,11:17:03,11.77,65836,56,买盘
2141,11:17:06,11.76,411640,350,中性盘
2142,11:17:09,11.75,229134,195,卖盘
2143,11:17:12,11.77,81149,69,买盘
2144,11:17:18,11.76,30571,26,买盘
2145,11:17:21,11.76,23520,20,买盘
2146,11:17:24,11.76,18813,16,买盘
2147,11:17:30,11.76,642735,547,买盘
2148,11:17:33,11.75,52893,45,卖盘
2149,11:17:36,11.75,49367,42,卖盘
2150,11:17:39,11.76,205739,175,买盘
2151,11:17:42,11.76,8228,7,买盘
2152,11:17:45,11.76,69376,59,买盘
2153,11:17:48,11.75,43476,37,卖盘
2154,11:17:51,11.76,158698,135,买盘
2155,11:17:54,11.76,27047,23,买盘
2156,11:17:57,11.75,29377,25,卖盘
2157,11:18:00,11.75,24692,21,卖盘
2158,11:18:03,11.76,32906,28,买盘
2159,11:18:06,11.75,17625,15,卖盘
2160,11:18:09,11.75,343166,292,卖盘
2161,11:18:12,11.75,168127,143,卖盘
2162,11:18:15,11.75,346625,295,卖盘
2163,11:18:18,11.76,122285,104,买盘
2164,11:18:21,11.76,30558,26,卖盘
2165,11:18:24,11.75,110505,94,卖盘
2166,11:18:27,11.76,52890,45,买盘
2167,11:18:30,11.76,27042,23,买盘
2168,11:18:33,11.76,63477,54,买盘
2169,11:18:36,11.76,51744,44,卖盘
2170,11:18:39,11.76,2352,2,卖盘
2171,11:18:42,11.76,28225,24,卖盘
2172,11:18:45,11.76,276360,235,卖盘
2173,11:18:48,11.76,16464,14,买盘
2174,11:18:51,11.75,65855,56,卖盘
2175,11:18:54,11.76,181095,154,买盘
2176,11:18:57,11.77,64722,55,买盘
2177,11:19:00,11.75,392634,334,卖盘
2178,11:19:03,11.76,256304,218,中性盘
2179,11:19:06,11.76,52890,45,买盘
2180,11:19:09,11.76,12936,11,买盘
2181,11:19:12,11.76,55270,47,买盘
2182,11:19:15,11.76,12933,11,买盘
2183,11:19:18,11.75,48175,41,卖盘
2184,11:19:21,11.75,101128,86,卖盘
2185,11:19:24,11.76,21162,18,买盘
2186,11:19:27,11.76,125832,107,买盘
2187,11:19:30,11.75,9405,8,卖盘
2188,11:19:33,11.76,94073,80,买盘
2189,11:19:36,11.76,166960,142,买盘
2190,11:19:39,11.76,7056,6,买盘
2191,11:19:42,11.76,92885,79,买盘
2192,11:19:45,11.76,18814,16,买盘
2193,11:19:48,11.76,22338,19,买盘
2194,11:19:51,11.76,47033,40,买盘
2195,11:19:54,11.76,15288,13,买盘
2196,11:19:57,11.76,2352,2,买盘
2197,11:20:00,11.74,588637,501,卖盘
2198,11:20:03,11.75,137451,117,买盘
2199,11:20:06,11.76,23493,20,买盘
2200,11:20:09,11.74,413454,352,卖盘
2201,11:20:12,11.75,27023,23,买盘
2202,11:20:15,11.75,14102,12,卖盘
2203,11:20:18,11.75,37600,32,卖盘
2204,11:20:21,11.76,59976,51,买盘
2205,11:20:24,11.75,88191,75,卖盘
2206,11:20:27,11.75,2350,2,卖盘
2207,11:20:30,11.75,78737,67,卖盘
2208,11:20:33,11.75,9401,8,卖盘
2209,11:20:36,11.75,78731,67,卖盘
2210,11:20:39,11.75,150416,128,卖盘
2211,11:20:42,11.76,38793,33,买盘
2212,11:20:45,11.76,9406,8,买盘
2213,11:20:48,11.76,39959,34,买盘
2214,11:20:51,11.75,36426,31,卖盘
2215,11:20:54,11.75,11750,10,卖盘
2216,11:20:57,11.75,56402,48,卖盘
2217,11:21:00,11.75,70527,60,卖盘
2218,11:21:03,11.75,30565,26,卖盘
2219,11:21:06,11.75,29375,25,买盘
2220,11:21:09,11.74,145665,124,卖盘
2221,11:21:12,11.74,219539,187,卖盘
2222,11:21:15,11.74,22318,19,卖盘
2223,11:21:18,11.74,280619,239,卖盘
2224,11:21:21,11.74,32872,28,卖盘
2225,11:21:24,11.74,106836,91,卖盘
2226,11:21:27,11.74,32875,28,卖盘
2227,11:21:30,11.74,36402,31,卖盘
2228,11:21:33,11.74,406204,346,卖盘
2229,11:21:36,11.75,32887,28,买盘
2230,11:21:39,11.75,104559,89,买盘
2231,11:21:42,11.74,152627,130,卖盘
2232,11:21:45,11.75,14095,12,买盘
2233,11:21:48,11.75,12924,11,买盘
2234,11:21:51,11.74,49341,42,卖盘
2235,11:21:54,11.74,122124,104,卖盘
2236,11:21:57,11.74,68093,58,卖盘
2237,11:22:00,11.74,5870,5,卖盘
2238,11:22:03,11.75,45813,39,买盘
2239,11:22:06,11.74,3522,3,卖盘
2240,11:22:09,11.74,54031,46,卖盘
2241,11:22:12,11.74,449724,383,卖盘
2242,11:22:15,11.74,4696,4,卖盘
2243,11:22:18,11.74,14088,12,卖盘
2244,11:22:21,11.74,108068,92,卖盘
2245,11:22:24,11.74,48150,41,卖盘
2246,11:22:27,11.74,71614,61,卖盘
2247,11:22:30,11.74,98627,84,卖盘
2248,11:22:33,11.75,70477,60,买盘
2249,11:22:36,11.74,108021,92,卖盘
2250,11:22:39,11.74,5870,5,卖盘
2251,11:22:42,11.74,42264,36,卖盘
2252,11:22:45,11.74,152637,130,卖盘
2253,11:22:48,11.74,18784,16,买盘
2254,11:22:51,11.73,113867,97,卖盘
2255,11:22:54,11.74,51628,44,买盘
2256,11:22:57,11.73,10565,9,卖盘
2257,11:23:00,11.73,65688,56,卖盘
2258,11:23:03,11.73,274484,234,卖盘
2259,11:23:06,11.74,35202,30,买盘
2260,11:23:09,11.73,73907,63,卖盘
2261,11:23:12,11.73,71593,61,卖盘
2262,11:23:15,11.73,8212,7,卖盘
2263,11:23:18,11.73,39898,34,卖盘
2264,11:23:21,11.74,28163,24,买盘
2265,11:23:24,11.74,186515,159,买盘
2266,11:23:27,11.73,510635,435,卖盘
2267,11:23:30,11.74,56334,48,买盘
2268,11:23:33,11.73,43415,37,卖盘
2269,11:23:36,11.74,17610,15,买盘
2270,11:23:39,11.74,113862,97,买盘
2271,11:23:42,11.73,322622,275,卖盘
2272,11:23:45,11.73,24635,21,卖盘
2273,11:23:48,11.74,134902,115,买盘
2274,11:23:51,11.73,75108,64,卖盘
2275,11:23:54,11.73,283885,242,卖盘
2276,11:23:57,11.73,44579,38,卖盘
2277,11:24:00,11.73,171341,146,卖盘
2278,11:24:03,11.73,139588,119,卖盘
2279,11:24:06,11.73,103226,88,卖盘
2280,11:24:09,11.73,32844,28,卖盘
2281,11:24:12,11.73,113781,97,卖盘
2282,11:24:15,11.73,382433,326,卖盘
2283,11:24:18,11.73,410864,350,卖盘
2284,11:24:21,11.73,98549,84,卖盘
2285,11:24:27,11.73,110272,94,卖盘
2286,11:24:30,11.74,25807,22,买盘
2287,11:24:33,11.74,62219,53,买盘
2288,11:24:36,11.74,3522,3,买盘
2289,11:24:39,11.74,84525,72,买盘
2290,11:24:42,11.74,34032,29,买盘
2291,11:24:45,11.74,4696,4,买盘
2292,11:24:48,11.74,31698,27,卖盘
2293,11:24:51,11.74,59884,51,卖盘
2294,11:24:54,11.75,119850,102,买盘
2295,11:24:57,11.75,11745,10,买盘
2296,11:25:00,11.74,46983,40,卖盘
2297,11:25:03,11.75,55189,47,买盘
2298,11:25:06,11.75,366579,312,买盘
2299,11:25:09,11.75,48175,41,卖盘
2300,11:25:12,11.75,139825,119,卖盘
2301,11:25:15,11.76,195158,166,买盘
2302,11:25:18,11.75,7050,6,中性盘
2303,11:25:21,11.75,14100,12,买盘
2304,11:25:24,11.75,48175,41,买盘
2305,11:25:27,11.75,43475,37,买盘
2306,11:25:30,11.75,7050,6,买盘
2307,11:25:33,11.75,30550,26,卖盘
2308,11:25:36,11.75,16442,14,卖盘
2309,11:25:39,11.75,45825,39,买盘
2310,11:25:42,11.75,266708,227,卖盘
2311,11:25:45,11.75,27029,23,卖盘
2312,11:25:51,11.75,29387,25,卖盘
2313,11:25:54,11.75,86951,74,卖盘
2314,11:25:57,11.75,169210,144,卖盘
2315,11:26:00,11.74,156159,133,卖盘
2316,11:26:03,11.75,130433,111,买盘
2317,11:26:06,11.75,15275,13,卖盘
2318,11:26:09,11.75,61105,52,卖盘
2319,11:26:12,11.75,85773,73,买盘
2320,11:26:15,11.75,64599,55,卖盘
2321,11:26:18,11.74,22321,19,卖盘
2322,11:26:21,11.74,69323,59,卖盘
2323,11:26:24,11.75,10571,9,买盘
2324,11:26:27,11.75,185507,158,买盘
2325,11:26:30,11.74,19963,17,卖盘
2326,11:26:33,11.75,113895,97,买盘
2327,11:26:36,11.74,556571,474,卖盘
2328,11:26:39,11.74,189132,161,卖盘
2329,11:26:42,11.74,239534,204,卖盘
2330,11:26:45,11.74,88060,75,卖盘
2331,11:26:48,11.74,1174,1,卖盘
2332,11:26:51,11.74,89235,76,卖盘
2333,11:26:54,11.74,178498,152,卖盘
2334,11:26:57,11.75,39928,34,买盘
2335,11:27:00,11.73,1044594,890,卖盘
2336,11:27:03,11.75,57539,49,买盘
2337,11:27:06,11.73,129035,110,卖盘
2338,11:27:09,11.74,1671543,1425,买盘
2339,11:27:12,11.73,92679,79,卖盘
2340,11:27:15,11.73,374195,319,买盘
2341,11:27:18,11.73,86804,74,卖盘
2342,11:27:21,11.73,170084,145,卖盘
2343,11:27:24,11.73,82123,70,卖盘
2344,11:27:27,11.73,28152,24,卖盘
2345,11:27:30,11.73,106743,91,卖盘
2346,11:27:33,11.73,106794,91,卖盘
2347,11:27:36,11.74,38737,33,买盘
2348,11:27:39,11.73,95029,81,卖盘
2349,11:27:42,11.73,26998,23,卖盘
2350,11:27:45,11.73,122014,104,卖盘
2351,11:27:48,11.74,5866,5,买盘
2352,11:27:51,11.73,99710,85,卖盘
2353,11:27:54,11.73,80979,69,卖盘
2354,11:27:57,11.73,104407,89,卖盘
2355,11:28:00,11.73,69216,59,卖盘
2356,11:28:03,11.73,449265,383,卖盘
2357,11:28:06,11.73,44581,38,卖盘
2358,11:28:09,11.73,124343,106,卖盘
2359,11:28:12,11.73,165401,141,卖盘
2360,11:28:15,11.73,132550,113,卖盘
2361,11:28:18,11.72,130191,111,卖盘
2362,11:28:21,11.73,52753,45,买盘
2363,11:28:24,11.73,125424,107,买盘
2364,11:28:27,11.73,104329,89,买盘
2365,11:28:30,11.72,160596,137,卖盘
2366,11:28:33,11.73,193539,165,买盘
2367,11:28:36,11.73,21114,18,卖盘
2368,11:28:39,11.72,44551,38,卖盘
2369,11:28:42,11.72,157162,134,卖盘
2370,11:28:45,11.73,193406,165,买盘
2371,11:28:48,11.72,1089999,930,卖盘
2372,11:28:51,11.72,55089,47,卖盘
2373,11:28:54,11.72,113707,97,卖盘
2374,11:28:57,11.72,112542,96,卖盘
2375,11:29:00,11.72,519242,443,卖盘
2376,11:29:03,11.73,123126,105,买盘
2377,11:29:06,11.73,398804,340,买盘
2378,11:29:09,11.73,86802,74,卖盘
2379,11:29:12,11.72,779452,665,卖盘
2380,11:29:15,11.73,50439,43,中性盘
2381,11:29:18,11.73,134819,115,买盘
2382,11:29:21,11.72,30483,26,卖盘
2383,11:29:24,11.72,105509,90,卖盘
2384,11:29:27,11.72,132488,113,卖盘
2385,11:29:30,11.72,33990,29,卖盘
2386,11:29:33,11.72,24612,21,卖盘
2387,11:29:36,11.73,19933,17,买盘
2388,11:29:39,11.72,341052,291,卖盘
2389,11:29:42,11.72,23445,20,卖盘
2390,11:29:45,11.72,75008,64,卖盘
2391,11:29:48,11.72,12897,11,卖盘
2392,11:29:51,11.72,141836,121,卖盘
2393,11:29:54,11.72,131281,112,卖盘
2394,11:29:57,11.72,191059,163,卖盘
2395,11:30:00,11.72,162914,139,卖盘
2396,13:00:00,11.72,1674015,1428,卖盘
2397,13:00:03,11.72,2653953,2264,卖盘
2398,13:00:06,11.73,640349,546,买盘
2399,13:00:09,11.72,155880,133,卖盘
2400,13:00:12,11.72,18752,16,卖盘
2401,13:00:15,11.72,8204,7,卖盘
2402,13:00:18,11.72,409059,349,卖盘
2403,13:00:21,11.71,89059,76,卖盘
2404,13:00:24,11.72,67971,58,买盘
2405,13:00:27,11.71,33960,29,卖盘
2406,13:00:30,11.72,215497,184,买盘
2407,13:00:33,11.72,50369,43,买盘
2408,13:00:36,11.72,469966,401,买盘
2409,13:00:39,11.72,389104,332,卖盘
2410,13:00:42,11.72,24617,21,卖盘
2411,13:00:45,11.72,142987,122,卖盘
2412,13:00:48,11.72,63322,54,卖盘
2413,13:00:51,11.72,147718,126,卖盘
2414,13:00:54,11.71,16405,14,卖盘
2415,13:00:57,11.72,114856,98,买盘
2416,13:01:00,11.71,116009,99,卖盘
2417,13:01:03,11.71,229697,196,卖盘
2418,13:01:06,11.71,73832,63,卖盘
2419,13:01:09,11.71,204939,175,卖盘
2420,13:01:12,11.71,398166,340,卖盘
2421,13:01:15,11.71,43327,37,卖盘
2422,13:01:18,11.71,276374,236,卖盘
2423,13:01:21,11.72,77331,66,买盘
2424,13:01:24,11.72,183907,157,买盘
2425,13:01:27,11.72,58588,50,买盘
2426,13:01:30,11.71,145285,124,卖盘
2427,13:01:33,11.72,90181,77,买盘
2428,13:01:36,11.71,251775,215,卖盘
2429,13:01:39,11.71,105431,90,卖盘
2430,13:01:42,11.72,212070,181,买盘
2431,13:01:45,11.71,94883,81,卖盘
2432,13:01:48,11.72,48031,41,中性盘
2433,13:01:51,11.71,16404,14,卖盘
2434,13:01:54,11.71,26936,23,卖盘
2435,13:01:57,11.71,69101,59,卖盘
2436,13:02:00,11.71,154659,132,卖盘
2437,13:02:03,11.71,120668,103,卖盘
2438,13:02:06,11.71,580926,496,卖盘
2439,13:02:09,11.71,832583,711,卖盘
2440,13:02:12,11.71,78480,67,卖盘
2441,13:02:15,11.71,80799,69,卖盘
2442,13:02:18,11.71,161634,138,卖盘
2443,13:02:21,11.71,133523,114,卖盘
2444,13:02:24,11.71,189732,162,卖盘
2445,13:02:27,11.71,111261,95,卖盘
2446,13:02:30,11.71,1439162,1229,卖盘
2447,13:02:33,11.71,542177,463,卖盘
2448,13:02:36,11.71,217811,186,卖盘
2449,13:02:39,11.71,2014016,1720,卖盘
2450,13:02:42,11.71,33943,29,买盘
2451,13:02:45,11.7,62024,53,卖盘
2452,13:02:48,11.7,381425,326,卖盘
2453,13:02:51,11.7,194224,166,卖盘
2454,13:02:54,11.7,424725,363,卖盘
2455,13:02:57,11.7,237515,203,卖盘
2456,13:03:00,11.71,459837,393,买盘
2457,13:03:03,11.7,272660,233,卖盘
2458,13:03:06,11.7,647076,553,卖盘
2459,13:03:09,11.7,215322,184,卖盘
2460,13:03:12,11.7,339300,290,卖盘
2461,13:03:15,11.7,50326,43,卖盘
2462,13:03:18,11.71,340506,291,买盘
2463,13:03:21,11.7,154440,132,卖盘
2464,13:03:24,11.7,101790,87,卖盘
2465,13:03:27,11.7,749976,641,卖盘
2466,13:03:30,11.7,193080,165,卖盘
2467,13:03:33,11.7,161525,138,卖盘
2468,13:03:36,11.7,368554,315,卖盘
2469,13:03:39,11.7,139230,119,卖盘
2470,13:03:42,11.7,176670,151,卖盘
2471,13:03:45,11.7,251551,215,卖盘
2472,13:03:48,11.7,373254,319,卖盘
2473,13:03:51,11.7,179023,153,卖盘
2474,13:03:54,11.7,331176,283,卖盘
2475,13:03:57,11.7,135720,116,卖盘
2476,13:04:00,11.7,162632,139,卖盘
2477,13:04:03,11.7,262163,224,卖盘
2478,13:04:06,11.7,355716,304,卖盘
2479,13:04:09,11.7,187213,160,卖盘
2480,13:04:12,11.7,403655,345,卖盘
2481,13:04:15,11.7,179015,153,卖盘
2482,13:04:18,11.7,266762,228,卖盘
2483,13:04:21,11.7,424741,363,卖盘
2484,13:04:24,11.71,231663,198,买盘
2485,13:04:27,11.7,109984,94,卖盘
2486,13:04:30,11.7,150959,129,卖盘
2487,13:04:33,11.7,245731,210,卖盘
2488,13:04:36,11.7,278564,238,卖盘
2489,13:04:39,11.7,63213,54,卖盘
2490,13:04:42,11.7,180185,154,卖盘
2491,13:04:45,11.71,216452,185,买盘
2492,13:04:48,11.7,160316,137,卖盘
2493,13:04:51,11.7,132238,113,卖盘
2494,13:04:54,11.7,321762,275,卖盘
2495,13:04:57,11.71,51491,44,买盘
2496,13:05:00,11.7,155617,133,卖盘
2497,13:05:03,11.71,78409,67,买盘
2498,13:05:06,11.71,255073,218,买盘
2499,13:05:09,11.71,93627,80,买盘
2500,13:05:12,11.71,29271,25,买盘
2501,13:05:15,11.7,173212,148,卖盘
2502,13:05:18,11.7,76090,65,卖盘
2503,13:05:21,11.71,257440,220,买盘
2504,13:05:24,11.7,51489,44,卖盘
2505,13:05:27,11.7,93608,80,卖盘
2506,13:05:30,11.7,52674,45,卖盘
2507,13:05:33,11.7,346375,296,卖盘
2508,13:05:36,11.71,86595,74,买盘
2509,13:05:39,11.7,216494,185,卖盘
2510,13:05:42,11.7,134555,115,卖盘
2511,13:05:45,11.7,242230,207,卖盘
2512,13:05:48,11.71,313562,268,买盘
2513,13:05:51,11.7,128718,110,卖盘
2514,13:05:54,11.7,51495,44,卖盘
2515,13:05:57,11.7,352192,301,卖盘
2516,13:06:00,11.7,160339,137,卖盘
2517,13:06:03,11.7,408330,349,卖盘
2518,13:06:06,11.7,506625,433,卖盘
2519,13:06:09,11.69,8243589,7046,卖盘
2520,13:06:12,11.69,1178473,1008,卖盘
2521,13:06:15,11.68,646464,553,卖盘
2522,13:06:18,11.68,619047,530,卖盘
2523,13:06:21,11.68,1025558,878,卖盘
2524,13:06:24,11.68,738219,632,卖盘
2525,13:06:27,11.68,885348,758,卖盘
2526,13:06:30,11.68,1085098,929,卖盘
2527,13:06:33,11.68,2748397,2354,卖盘
2528,13:06:36,11.68,338511,290,买盘
2529,13:06:39,11.67,552047,473,卖盘
2530,13:06:42,11.66,546113,468,卖盘
2531,13:06:45,11.66,780153,669,卖盘
2532,13:06:48,11.66,1016788,872,卖盘
2533,13:06:51,11.66,1269779,1089,卖盘
2534,13:06:54,11.65,311060,267,卖盘
2535,13:06:57,11.65,936850,804,卖盘
2536,13:07:00,11.65,1494711,1283,卖盘
2537,13:07:03,11.64,1400200,1202,卖盘
2538,13:07:06,11.63,442413,380,卖盘
2539,13:07:09,11.63,601299,517,卖盘
2540,13:07:12,11.63,749931,645,卖盘
2541,13:07:15,11.62,356769,307,卖盘
2542,13:07:18,11.62,1289402,1110,卖盘
2543,13:07:21,11.61,682730,588,卖盘
2544,13:07:24,11.61,631608,544,卖盘
2545,13:07:27,11.6,473456,408,卖盘
2546,13:07:30,11.6,1328277,1145,卖盘
2547,13:07:33,11.6,1556744,1342,卖盘
2548,13:07:36,11.61,1943425,1675,买盘
2549,13:07:39,11.6,890865,768,卖盘
2550,13:07:42,11.6,358398,309,买盘
2551,13:07:45,11.6,1171676,1010,买盘
2552,13:07:48,11.6,1260107,1086,卖盘
2553,13:07:51,11.6,1665460,1435,卖盘
2554,13:07:54,11.61,543110,468,中性盘
2555,13:07:57,11.61,342393,295,卖盘
2556,13:08:00,11.62,741773,639,买盘
2557,13:08:03,11.61,864429,744,中性盘
2558,13:08:06,11.6,608401,524,卖盘
2559,13:08:09,11.6,231125,199,卖盘
2560,13:08:12,11.6,421261,363,卖盘
2561,13:08:15,11.62,303127,261,买盘
2562,13:08:18,11.62,260097,224,买盘
2563,13:08:21,11.62,232291,200,买盘
2564,13:08:24,11.62,292754,252,买盘
2565,13:08:27,11.62,224266,193,卖盘
2566,13:08:30,11.63,309114,266,买盘
2567,13:08:33,11.62,368505,317,卖盘
2568,13:08:36,11.63,176628,152,买盘
2569,13:08:39,11.63,316310,272,买盘
2570,13:08:42,11.62,760232,654,卖盘
2571,13:08:45,11.62,148736,128,买盘
2572,13:08:48,11.63,239344,206,买盘
2573,13:08:51,11.62,292858,252,卖盘
2574,13:08:54,11.63,360306,310,买盘
2575,13:08:57,11.63,420737,362,卖盘
2576,13:09:00,11.63,390825,336,卖盘
2577,13:09:03,11.63,274444,236,买盘
2578,13:09:06,11.63,38363,33,买盘
2579,13:09:09,11.63,201130,173,买盘
2580,13:09:12,11.62,281334,242,卖盘
2581,13:09:15,11.63,344216,296,买盘
2582,13:09:18,11.63,396473,341,买盘
2583,13:09:21,11.63,972804,837,卖盘
2584,13:09:24,11.64,141893,122,买盘
2585,13:09:27,11.63,120894,104,买盘
2586,13:09:30,11.63,326728,281,买盘
2587,13:09:33,11.63,193044,166,买盘
2588,13:09:36,11.63,81405,70,买盘
2589,13:09:39,11.63,76758,66,卖盘
2590,13:09:42,11.63,190759,164,卖盘
2591,13:09:45,11.63,169789,146,买盘
2592,13:09:48,11.63,45353,39,买盘
2593,13:09:51,11.62,218588,188,卖盘
2594,13:09:54,11.62,143025,123,卖盘
2595,13:09:57,11.63,257035,221,买盘
2596,13:10:00,11.64,279188,240,买盘
2597,13:10:03,11.64,74446,64,买盘
2598,13:10:06,11.63,252435,217,卖盘
2599,13:10:09,11.63,98888,85,卖盘
2600,13:10:12,11.63,152398,131,卖盘
2601,13:10:15,11.64,268775,231,买盘
2602,13:10:18,11.64,23280,20,卖盘
2603,13:10:21,11.64,158313,136,卖盘
2604,13:10:24,11.65,258582,222,买盘
2605,13:10:27,11.65,166507,143,买盘
2606,13:10:30,11.65,161906,139,买盘
2607,13:10:33,11.65,289867,249,买盘
2608,13:10:36,11.65,232947,200,买盘
2609,13:10:39,11.65,12815,11,卖盘
2610,13:10:42,11.65,113039,97,卖盘
2611,13:10:45,11.66,74590,64,买盘
2612,13:10:48,11.66,380091,326,买盘
2613,13:10:51,11.66,116598,100,买盘
2614,13:10:54,11.66,52460,45,买盘
2615,13:10:57,11.66,127144,109,卖盘
2616,13:11:00,11.67,148106,127,买盘
2617,13:11:03,11.67,194832,167,买盘
2618,13:11:06,11.67,269417,231,买盘
2619,13:11:09,11.67,299830,257,买盘
2620,13:11:12,11.67,109698,94,买盘
2621,13:11:15,11.68,22182,19,买盘
2622,13:11:18,11.67,79418,68,卖盘
2623,13:11:21,11.68,115604,99,买盘
2624,13:11:24,11.68,140113,120,买盘
2625,13:11:27,11.68,86422,74,买盘
2626,13:11:30,11.67,441331,378,卖盘
2627,13:11:33,11.67,320983,275,卖盘
2628,13:11:36,11.67,74683,64,买盘
2629,13:11:39,11.67,632600,542,买盘
2630,13:11:42,11.67,152831,131,买盘
2631,13:11:45,11.67,81664,70,买盘
2632,13:11:48,11.67,87523,75,买盘
2633,13:11:51,11.67,670563,575,买盘
2634,13:11:54,11.66,101491,87,卖盘
2635,13:11:57,11.67,59497,51,买盘
2636,13:12:00,11.66,190184,163,卖盘
2637,13:12:03,11.66,1244122,1067,卖盘
2638,13:12:06,11.66,281006,241,买盘
2639,13:12:09,11.65,1054432,905,卖盘
2640,13:12:12,11.65,179452,154,卖盘
2641,13:12:15,11.65,103685,89,卖盘
2642,13:12:18,11.64,74548,64,卖盘
2643,13:12:21,11.65,52406,45,买盘
2644,13:12:24,11.65,90815,78,买盘
2645,13:12:27,11.65,230495,198,买盘
2646,13:12:30,11.65,151365,130,买盘
2647,13:12:33,11.64,902665,776,卖盘
2648,13:12:36,11.64,119906,103,买盘
2649,13:12:39,11.63,64006,55,卖盘
2650,13:12:42,11.64,338458,291,买盘
2651,13:12:45,11.64,236302,203,卖盘
2652,13:12:48,11.63,80314,69,卖盘
2653,13:12:51,11.63,52341,45,卖盘
2654,13:12:54,11.63,134914,116,卖盘
2655,13:12:57,11.63,81410,70,卖盘
2656,13:13:00,11.63,89544,77,买盘
2657,13:13:03,11.62,396317,341,卖盘
2658,13:13:06,11.63,123227,106,买盘
2659,13:13:09,11.62,214975,185,卖盘
2660,13:13:12,11.62,234767,202,卖盘
2661,13:13:15,11.63,271944,234,买盘
2662,13:13:18,11.62,269602,232,卖盘
2663,13:13:21,11.63,894978,770,买盘
2664,13:13:24,11.61,154524,133,卖盘
2665,13:13:27,11.62,341396,294,买盘
2666,13:13:30,11.62,328636,283,买盘
2667,13:13:33,11.62,291441,251,买盘
2668,13:13:36,11.61,826761,712,卖盘
2669,13:13:39,11.62,363533,313,买盘
2670,13:13:42,11.62,535475,461,买盘
2671,13:13:45,11.62,250993,216,卖盘
2672,13:13:48,11.62,199872,172,卖盘
2673,13:13:51,11.61,679737,585,卖盘
2674,13:13:54,11.61,123099,106,卖盘
2675,13:13:57,11.62,265910,229,买盘
2676,13:14:00,11.62,807234,695,买盘
2677,13:14:03,11.61,398300,343,卖盘
2678,13:14:06,11.61,472551,407,卖盘
2679,13:14:09,11.61,530577,457,卖盘
2680,13:14:12,11.6,222812,192,卖盘
2681,13:14:15,11.6,561479,484,卖盘
2682,13:14:18,11.6,496661,428,卖盘
2683,13:14:21,11.6,483774,417,卖盘
2684,13:14:24,11.6,1822515,1571,卖盘
2685,13:14:27,11.6,381668,329,卖盘
2686,13:14:30,11.6,419923,362,卖盘
2687,13:14:33,11.61,358514,309,买盘
2688,13:14:36,11.6,1932561,1666,卖盘
2689,13:14:39,11.6,549908,474,卖盘
2690,13:14:42,11.6,419926,362,卖盘
2691,13:14:45,11.6,777311,670,卖盘
2692,13:14:48,11.6,327111,282,卖盘
2693,13:14:51,11.6,292320,252,买盘
2694,13:14:54,11.6,617858,533,买盘
2695,13:14:57,11.6,291093,251,买盘
2696,13:15:00,11.6,774497,668,买盘
2697,13:15:03,11.59,576097,497,卖盘
2698,13:15:06,11.59,847270,731,卖盘
2699,13:15:09,11.59,425362,367,卖盘
2700,13:15:12,11.59,192401,166,卖盘
2701,13:15:15,11.59,821736,709,买盘
2702,13:15:18,11.59,570253,492,卖盘
2703,13:15:21,11.59,646723,558,卖盘
2704,13:15:24,11.58,184265,159,卖盘
2705,13:15:27,11.58,770160,665,卖盘
2706,13:15:30,11.59,1686215,1455,买盘
2707,13:15:33,11.58,433225,374,卖盘
2708,13:15:36,11.58,251323,217,卖盘
2709,13:15:39,11.58,273346,236,卖盘
2710,13:15:42,11.59,501672,433,买盘
2711,13:15:45,11.58,666137,575,卖盘
2712,13:15:48,11.59,836135,722,中性盘
2713,13:15:51,11.59,286059,247,买盘
2714,13:15:54,11.58,141337,122,卖盘
2715,13:15:57,11.58,3647684,3150,卖盘
2716,13:16:00,11.58,659979,570,买盘
2717,13:16:03,11.57,586763,507,卖盘
2718,13:16:06,11.57,433960,375,卖盘
2719,13:16:09,11.57,502205,434,卖盘
2720,13:16:12,11.57,242983,210,卖盘
2721,13:16:15,11.57,218666,189,卖盘
2722,13:16:18,11.56,175809,152,卖盘
2723,13:16:21,11.56,718249,621,卖盘
2724,13:16:24,11.56,839343,726,卖盘
2725,13:16:27,11.56,613850,531,卖盘
2726,13:16:30,11.56,590727,511,卖盘
2727,13:16:33,11.56,277450,240,卖盘
2728,13:16:36,11.56,383576,332,买盘
2729,13:16:39,11.55,306131,265,卖盘
2730,13:16:42,11.55,657292,569,卖盘
2731,13:16:45,11.55,1126158,975,卖盘
2732,13:16:48,11.55,583342,505,卖盘
2733,13:16:51,11.55,910273,788,卖盘
2734,13:16:54,11.55,289945,251,卖盘
2735,13:16:57,11.55,747377,647,卖盘
2736,13:17:00,11.56,1835649,1588,买盘
2737,13:17:03,11.56,224328,194,卖盘
2738,13:17:06,11.57,401183,347,买盘
2739,13:17:09,11.57,649851,562,买盘
2740,13:17:12,11.57,223254,193,买盘
2741,13:17:15,11.58,732763,633,买盘
2742,13:17:18,11.58,163162,141,买盘
2743,13:17:21,11.59,848084,732,买盘
2744,13:17:24,11.59,19695,17,买盘
2745,13:17:27,11.59,205016,177,买盘
2746,13:17:30,11.59,1006736,868,买盘
2747,13:17:33,11.59,78823,68,卖盘
2748,13:17:36,11.59,559110,482,卖盘
2749,13:17:39,11.6,206413,178,买盘
2750,13:17:42,11.61,307417,265,买盘
2751,13:17:45,11.6,48747,42,卖盘
2752,13:17:48,11.61,219400,189,买盘
2753,13:17:51,11.62,356389,307,买盘
2754,13:17:54,11.61,142795,123,卖盘
2755,13:17:57,11.62,149849,129,买盘
2756,13:18:00,11.62,1007316,868,买盘
2757,13:18:03,11.62,131231,113,买盘
2758,13:18:06,11.61,106863,92,卖盘
2759,13:18:09,11.61,317105,273,卖盘
2760,13:18:12,11.62,464725,400,买盘
2761,13:18:15,11.62,485725,418,卖盘
2762,13:18:18,11.62,130144,112,卖盘
2763,13:18:21,11.62,63931,55,卖盘
2764,13:18:24,11.62,367249,316,卖盘
2765,13:18:27,11.62,166228,143,卖盘
2766,13:18:30,11.62,146498,126,卖盘
2767,13:18:33,11.63,251000,216,买盘
2768,13:18:36,11.62,108066,93,卖盘
2769,13:18:39,11.62,67394,58,买盘
2770,13:18:42,11.62,139429,120,买盘
2771,13:18:45,11.62,189295,163,买盘
2772,13:18:48,11.62,128958,111,买盘
2773,13:18:51,11.62,170710,147,买盘
2774,13:18:54,11.62,347236,299,买盘
2775,13:18:57,11.61,94033,81,卖盘
2776,13:19:00,11.62,408678,352,买盘
2777,13:19:03,11.6,616112,531,卖盘
2778,13:19:06,11.6,151973,131,卖盘
2779,13:19:09,11.59,49867,43,卖盘
2780,13:19:12,11.6,281620,243,买盘
2781,13:19:15,11.59,190101,164,卖盘
2782,13:19:18,11.58,209630,181,卖盘
2783,13:19:21,11.59,128561,111,买盘
2784,13:19:24,11.58,187625,162,卖盘
2785,13:19:27,11.58,634627,548,卖盘
2786,13:19:30,11.57,248961,215,卖盘
2787,13:19:33,11.58,314775,272,买盘
2788,13:19:36,11.58,130817,113,卖盘
2789,13:19:39,11.57,145815,126,卖盘
2790,13:19:42,11.57,155044,134,卖盘
2791,13:19:45,11.57,504746,436,卖盘
2792,13:19:48,11.57,500981,433,卖盘
2793,13:19:51,11.57,151595,131,卖盘
2794,13:19:54,11.57,299680,259,卖盘
2795,13:19:57,11.57,359928,311,买盘
2796,13:20:00,11.6,1624444,1402,买盘
2797,13:20:03,11.57,291896,252,卖盘
2798,13:20:06,11.57,119175,103,卖盘
2799,13:20:09,11.57,48606,42,卖盘
2800,13:20:12,11.58,309085,267,买盘
2801,13:20:15,11.58,139040,120,卖盘
2802,13:20:18,11.58,86896,75,卖盘
2803,13:20:21,11.58,68325,59,卖盘
2804,13:20:24,11.59,211973,183,买盘
2805,13:20:27,11.59,117017,101,卖盘
2806,13:20:30,11.59,163353,141,卖盘
2807,13:20:33,11.59,144842,125,卖盘
2808,13:20:36,11.59,69534,60,买盘
2809,13:20:39,11.58,42873,37,卖盘
2810,13:20:42,11.58,516505,446,卖盘
2811,13:20:45,11.57,67147,58,卖盘
2812,13:20:48,11.57,85674,74,卖盘
2813,13:20:51,11.58,322947,279,买盘
2814,13:20:54,11.58,137799,119,买盘
2815,13:20:57,11.58,407571,352,卖盘
2816,13:21:00,11.58,290600,251,买盘
2817,13:21:03,11.58,169027,146,买盘
2818,13:21:06,11.58,203710,176,买盘
2819,13:21:09,11.58,116948,101,买盘
2820,13:21:12,11.58,352032,304,卖盘
2821,13:21:15,11.58,225819,195,卖盘
2822,13:21:18,11.58,133195,115,卖盘
2823,13:21:21,11.58,133242,115,卖盘
2824,13:21:24,11.58,96136,83,卖盘
2825,13:21:27,11.58,269986,233,卖盘
2826,13:21:30,11.58,174860,151,卖盘
2827,13:21:33,11.58,100805,87,卖盘
2828,13:21:36,11.58,159815,138,卖盘
2829,13:21:39,11.58,147084,127,卖盘
2830,13:21:42,11.58,371736,321,卖盘
2831,13:21:45,11.58,267472,231,卖盘
2832,13:21:48,11.58,92639,80,买盘
2833,13:21:51,11.58,40528,35,买盘
2834,13:21:54,11.57,129614,112,卖盘
2835,13:21:57,11.58,172542,149,买盘
2836,13:22:00,11.6,359209,310,买盘
2837,13:22:03,11.57,477988,413,卖盘
2838,13:22:06,11.58,75274,65,买盘
2839,13:22:09,11.59,26655,23,中性盘
2840,13:22:12,11.57,314949,272,卖盘
2841,13:22:15,11.58,41688,36,买盘
2842,13:22:18,11.58,71816,62,卖盘
2843,13:22:21,11.58,106567,92,卖盘
2844,13:22:24,11.58,191102,165,卖盘
2845,13:22:27,11.58,229297,198,卖盘
2846,13:22:30,11.59,130860,113,买盘
2847,13:22:33,11.58,189982,164,卖盘
2848,13:22:36,11.58,100755,87,卖盘
2849,13:22:39,11.58,137825,119,卖盘
2850,13:22:42,11.58,97276,84,卖盘
2851,13:22:45,11.58,101904,88,卖盘
2852,13:22:48,11.58,399590,345,卖盘
2853,13:22:51,11.58,151762,131,卖盘
2854,13:22:54,11.58,198018,171,卖盘
2855,13:22:57,11.58,18532,16,卖盘
2856,13:23:00,11.6,557458,481,买盘
2857,13:23:03,11.58,97329,84,卖盘
2858,13:23:06,11.58,64880,56,卖盘
2859,13:23:09,11.59,74148,64,买盘
2860,13:23:12,11.58,185305,160,卖盘
2861,13:23:15,11.59,67197,58,买盘
2862,13:23:18,11.59,312728,270,买盘
2863,13:23:21,11.59,150670,130,买盘
2864,13:23:24,11.59,389114,336,买盘
2865,13:23:27,11.59,164563,142,买盘
2866,13:23:30,11.59,105430,91,买盘
2867,13:23:33,11.59,169151,146,买盘
2868,13:23:36,11.59,107787,93,买盘
2869,13:23:39,11.59,95038,82,卖盘
2870,13:23:42,11.6,73045,63,买盘
2871,13:23:45,11.59,171629,148,卖盘
2872,13:23:48,11.6,110159,95,买盘
2873,13:23:51,11.6,120550,104,买盘
2874,13:23:54,11.59,33638,29,卖盘
2875,13:23:57,11.6,53354,46,买盘
2876,13:24:00,11.6,571804,493,买盘
2877,13:24:03,11.6,1169162,1008,买盘
2878,13:24:06,11.6,169370,146,卖盘
2879,13:24:09,11.6,139236,120,卖盘
2880,13:24:12,11.61,81268,70,买盘
2881,13:24:15,11.61,70803,61,买盘
2882,13:24:18,11.61,203128,175,买盘
2883,13:24:21,11.61,18579,16,卖盘
2884,13:24:24,11.61,22059,19,卖盘
2885,13:24:27,11.62,91774,79,买盘
2886,13:24:30,11.62,168435,145,买盘
2887,13:24:33,11.62,134722,116,买盘
2888,13:24:36,11.62,88309,76,买盘
2889,13:24:39,11.62,447307,385,买盘
2890,13:24:42,11.62,317026,273,买盘
2891,13:24:45,11.62,99918,86,买盘
2892,13:24:48,11.62,47643,41,卖盘
2893,13:24:51,11.62,506585,436,卖盘
2894,13:24:54,11.62,279763,241,买盘
2895,13:24:57,11.61,82465,71,中性盘
2896,13:25:00,11.61,69640,60,买盘
2897,13:25:03,11.6,619493,534,卖盘
2898,13:25:06,11.61,290230,250,买盘
2899,13:25:09,11.61,67340,58,买盘
2900,13:25:12,11.61,176460,152,买盘
2901,13:25:15,11.61,100955,87,买盘
2902,13:25:18,11.61,141580,122,买盘
2903,13:25:21,11.6,200829,173,卖盘
2904,13:25:24,11.6,257594,222,卖盘
2905,13:25:27,11.61,259896,224,买盘
2906,13:25:30,11.6,81241,70,卖盘
2907,13:25:33,11.6,211237,182,卖盘
2908,13:25:36,11.6,45254,39,卖盘
2909,13:25:39,11.61,39443,34,买盘
2910,13:25:42,11.61,39453,34,买盘
2911,13:25:45,11.61,85913,74,买盘
2912,13:25:48,11.61,99846,86,卖盘
2913,13:25:51,11.61,157888,136,卖盘
2914,13:25:54,11.62,468816,404,买盘
2915,13:25:57,11.62,82440,71,买盘
2916,13:26:00,11.62,177777,153,买盘
2917,13:26:03,11.62,141747,122,买盘
2918,13:26:06,11.62,127781,110,买盘
2919,13:26:09,11.62,85987,74,买盘
2920,13:26:12,11.62,88302,76,买盘
2921,13:26:15,11.62,253329,218,卖盘
2922,13:26:18,11.62,9296,8,卖盘
2923,13:26:21,11.63,49990,43,买盘
2924,13:26:24,11.63,548936,472,买盘
2925,13:26:27,11.63,82584,71,卖盘
2926,13:26:30,11.64,86107,74,买盘
2927,13:26:33,11.64,102384,88,买盘
2928,13:26:36,11.64,141998,122,买盘
2929,13:26:39,11.64,123384,106,买盘
2930,13:26:42,11.64,61670,53,买盘
2931,13:26:45,11.64,140817,121,买盘
2932,13:26:48,11.64,112908,97,买盘
2933,13:26:51,11.64,324563,279,买盘
2934,13:26:54,11.64,65207,56,买盘
2935,13:26:57,11.64,96623,83,卖盘
2936,13:27:00,11.64,187500,161,卖盘
2937,13:27:03,11.65,83869,72,买盘
2938,13:27:06,11.65,256097,220,买盘
2939,13:27:09,11.64,462298,397,卖盘
2940,13:27:12,11.64,129231,111,买盘
2941,13:27:15,11.65,53550,46,买盘
2942,13:27:18,11.64,81508,70,买盘
2943,13:27:21,11.63,147808,127,卖盘
2944,13:27:24,11.63,47701,41,卖盘
2945,13:27:27,11.63,67493,58,卖盘
2946,13:27:30,11.63,191921,165,卖盘
2947,13:27:33,11.63,186080,160,卖盘
2948,13:27:36,11.62,48843,42,卖盘
2949,13:27:39,11.62,116230,100,卖盘
2950,13:27:42,11.63,58127,50,买盘
2951,13:27:45,11.64,168555,145,买盘
2952,13:27:48,11.63,13955,12,中性盘
2953,13:27:51,11.63,25577,22,买盘
2954,13:27:54,11.62,131446,113,卖盘
2955,13:27:57,11.62,45318,39,卖盘
2956,13:28:00,11.62,232408,200,卖盘
2957,13:28:03,11.63,231437,199,买盘
2958,13:28:06,11.63,158168,136,卖盘
2959,13:28:09,11.64,168657,145,买盘
2960,13:28:12,11.63,23274,20,卖盘
2961,13:28:15,11.63,248884,214,卖盘
2962,13:28:18,11.64,161773,139,买盘
2963,13:28:21,11.64,241930,208,买盘
2964,13:28:24,11.63,711768,612,卖盘
2965,13:28:27,11.63,56985,49,买盘
2966,13:28:30,11.63,97678,84,买盘
2967,13:28:33,11.63,59313,51,买盘
2968,13:28:36,11.63,62783,54,买盘
2969,13:28:39,11.63,136048,117,买盘
2970,13:28:42,11.63,25586,22,卖盘
2971,13:28:45,11.63,82591,71,卖盘
2972,13:28:48,11.63,64001,55,卖盘
2973,13:28:51,11.63,125604,108,卖盘
2974,13:28:54,11.63,84955,73,卖盘
2975,13:28:57,11.64,94261,81,买盘
2976,13:29:00,11.64,20952,18,买盘
2977,13:29:03,11.64,208350,179,买盘
2978,13:29:06,11.64,1070809,920,卖盘
2979,13:29:09,11.64,27929,24,买盘
2980,13:29:12,11.64,223464,192,买盘
2981,13:29:15,11.64,193208,166,卖盘
2982,13:29:18,11.63,94278,81,卖盘
2983,13:29:21,11.63,201250,173,卖盘
2984,13:29:24,11.63,91883,79,卖盘
2985,13:29:27,11.63,17451,15,卖盘
2986,13:29:30,11.64,44228,38,买盘
2987,13:29:33,11.63,57013,49,卖盘
2988,13:29:36,11.63,47695,41,卖盘
2989,13:29:39,11.63,65137,56,卖盘
2990,13:29:42,11.63,43045,37,卖盘
2991,13:29:45,11.64,345669,297,买盘
2992,13:29:48,11.64,55874,48,卖盘
2993,13:29:51,11.65,39578,34,买盘
2994,13:29:54,11.65,86160,74,买盘
2995,13:29:57,11.65,132810,114,买盘
2996,13:30:00,11.65,64075,55,买盘
2997,13:30:03,11.65,86208,74,买盘
2998,13:30:06,11.65,201452,173,买盘
2999,13:30:09,11.65,655845,563,买盘
3000,13:30:12,11.65,86177,74,买盘
3001,13:30:15,11.64,93191,80,卖盘
3002,13:30:18,11.65,1165,1,卖盘
3003,13:30:21,11.65,47769,41,卖盘
