,成交时间,成交价格,成交金额,成交量,性质
0,09:25:00,11.22,4222086,3763,买盘
1,09:30:00,11.23,1658709,1477,买盘
2,09:30:03,11.22,1953682,1740,卖盘
3,09:30:06,11.22,626209,558,卖盘
4,09:30:09,11.21,770185,687,卖盘
5,09:30:12,11.19,625883,559,卖盘
6,09:30:15,11.19,404896,362,卖盘
7,09:30:18,11.18,475179,425,卖盘
8,09:30:21,11.18,529982,474,卖盘
9,09:30:24,11.18,476278,426,卖盘
10,09:30:27,11.17,233584,209,卖盘
11,09:30:30,11.17,1222657,1095,卖盘
12,09:30:33,11.17,1475828,1321,买盘
13,09:30:36,11.22,2164118,1933,买盘
14,09:30:39,11.21,866724,775,卖盘
15,09:30:42,11.15,633607,565,卖盘
16,09:30:45,11.21,823543,736,买盘
17,09:30:48,11.19,349248,312,卖盘
18,09:30:51,11.19,682284,609,卖盘
19,09:30:54,11.19,418823,374,买盘
20,09:30:57,11.19,646940,578,买盘
21,09:31:00,11.19,308425,276,卖盘
22,09:31:03,11.18,344932,308,卖盘
23,09:31:06,11.18,119688,107,卖盘
24,09:31:09,11.18,232521,208,买盘
25,09:31:12,11.17,300532,269,卖盘
26,09:31:15,11.17,357402,320,卖盘
27,09:31:18,11.17,788478,706,买盘
28,09:31:21,11.16,539464,483,卖盘
29,09:31:24,11.18,913640,818,买盘
30,09:31:27,11.17,221137,198,卖盘
31,09:31:30,11.17,232358,208,卖盘
32,09:31:33,11.17,2289120,2048,卖盘
33,09:31:36,11.18,326219,292,中性盘
34,09:31:39,11.18,155408,139,卖盘
35,09:31:42,11.18,404794,362,卖盘
36,09:31:45,11.2,339019,303,买盘
37,09:31:48,11.2,348272,311,卖盘
38,09:31:51,11.2,336150,300,买盘
39,09:31:54,11.2,327034,292,买盘
40,09:31:57,11.21,150165,134,买盘
41,09:32:00,11.2,124415,111,卖盘
42,09:32:03,11.21,45990,41,中性盘
43,09:32:06,11.21,284630,254,卖盘
44,09:32:09,11.21,124397,111,买盘
45,09:32:12,11.21,194931,174,买盘
46,09:32:15,11.21,493168,440,买盘
47,09:32:18,11.21,197296,176,卖盘
48,09:32:21,11.21,326295,291,卖盘
49,09:32:24,11.21,386808,345,卖盘
50,09:32:27,11.21,136713,122,卖盘
51,09:32:30,11.2,288003,257,卖盘
52,09:32:33,11.2,583752,521,卖盘
53,09:32:36,11.2,395377,353,卖盘
54,09:32:39,11.18,1645555,1471,卖盘
55,09:32:42,11.19,168836,151,买盘
56,09:32:45,11.2,546947,489,买盘
57,09:32:48,11.18,261665,234,卖盘
58,09:32:51,11.19,134205,120,买盘
59,09:32:54,11.19,722269,646,买盘
60,09:32:57,11.19,378116,338,买盘
61,09:33:00,11.19,860922,770,卖盘
62,09:33:03,11.19,279636,250,买盘
63,09:33:06,11.19,211373,189,买盘
64,09:33:09,11.18,216890,194,卖盘
65,09:33:12,11.17,344289,308,卖盘
66,09:33:15,11.17,407754,365,卖盘
67,09:33:18,11.17,532953,477,卖盘
68,09:33:21,11.17,303811,272,卖盘
69,09:33:24,11.18,1653630,1480,买盘
70,09:33:27,11.18,605599,542,卖盘
71,09:33:30,11.18,467036,418,卖盘
72,09:33:33,11.17,145285,130,卖盘
73,09:33:36,11.18,1308652,1171,买盘
74,09:33:39,11.17,385513,345,卖盘
75,09:33:42,11.17,252479,226,卖盘
76,09:33:45,11.17,234615,210,卖盘
77,09:33:48,11.17,426592,382,买盘
78,09:33:51,11.16,1118904,1002,卖盘
79,09:33:54,11.17,845818,757,买盘
80,09:33:57,11.17,227939,204,卖盘
81,09:34:00,11.17,358583,321,卖盘
82,09:34:03,11.18,790265,707,买盘
83,09:34:06,11.18,312822,280,卖盘
84,09:34:09,11.18,201200,180,卖盘
85,09:34:12,11.17,226817,203,卖盘
86,09:34:15,11.18,52515,47,买盘
87,09:34:18,11.17,118425,106,卖盘
88,09:34:21,11.18,659064,590,买盘
89,09:34:24,11.17,1793879,1607,卖盘
90,09:34:27,11.16,595104,533,卖盘
91,09:34:30,11.16,221074,198,卖盘
92,09:34:33,11.16,425377,381,卖盘
93,09:34:36,11.16,1246409,1117,卖盘
94,09:34:39,11.17,455586,408,买盘
95,09:34:42,11.17,1087535,973,卖盘
96,09:34:45,11.16,133952,120,卖盘
97,09:34:48,11.16,306933,275,卖盘
98,09:34:51,11.16,458804,411,卖盘
99,09:34:54,11.16,352656,316,卖盘
100,09:34:57,11.16,158452,142,买盘
101,09:35:00,11.16,80324,72,买盘
102,09:35:03,11.16,2187640,1961,买盘
103,09:35:06,11.16,350354,314,卖盘
104,09:35:09,11.15,999895,896,卖盘
105,09:35:12,11.15,179603,161,卖盘
106,09:35:15,11.15,537504,482,卖盘
107,09:35:18,11.15,444920,399,卖盘
108,09:35:21,11.15,328954,295,卖盘
109,09:35:24,11.16,301059,270,买盘
110,09:35:27,11.15,344569,309,卖盘
111,09:35:30,11.15,277784,249,卖盘
112,09:35:33,11.16,1298889,1164,买盘
113,09:35:36,11.16,574488,515,卖盘
114,09:35:39,11.16,372732,334,卖盘
115,09:35:42,11.16,296860,266,卖盘
116,09:35:45,11.16,455328,408,卖盘
117,09:35:48,11.16,762189,683,买盘
118,09:35:51,11.16,156251,140,卖盘
119,09:35:54,11.16,129458,116,卖盘
120,09:35:57,11.16,510048,457,卖盘
121,09:36:00,11.16,252177,226,卖盘
122,09:36:03,11.16,1935196,1734,买盘
123,09:36:06,11.17,1218517,1091,买盘
124,09:36:09,11.17,537385,481,卖盘
125,09:36:12,11.18,175450,157,买盘
126,09:36:15,11.18,149846,134,卖盘
127,09:36:18,11.18,394836,353,卖盘
128,09:36:21,11.19,329847,295,买盘
129,09:36:24,11.18,117402,105,卖盘
130,09:36:27,11.18,218010,195,卖盘
131,09:36:30,11.18,163231,146,中性盘
132,09:36:33,11.18,150896,135,买盘
133,09:36:36,11.17,183267,164,卖盘
134,09:36:39,11.17,122903,110,卖盘
135,09:36:42,11.18,166489,149,买盘
136,09:36:45,11.17,384470,344,卖盘
137,09:36:48,11.18,233544,209,买盘
138,09:36:51,11.18,156520,140,卖盘
139,09:36:54,11.18,822838,736,卖盘
140,09:36:57,11.18,173279,155,卖盘
141,09:37:00,11.18,368886,330,买盘
142,09:37:03,11.18,146410,131,买盘
143,09:37:06,11.17,900422,806,卖盘
144,09:37:09,11.17,13404,12,买盘
145,09:37:12,11.18,841451,753,买盘
146,09:37:15,11.16,394353,353,卖盘
147,09:37:18,11.17,444880,398,卖盘
148,09:37:21,11.17,127359,114,卖盘
149,09:37:24,11.17,213370,191,卖盘
150,09:37:27,11.17,332860,298,卖盘
151,09:37:30,11.17,81538,73,买盘
152,09:37:33,11.16,300272,269,卖盘
153,09:37:36,11.17,344029,308,买盘
154,09:37:39,11.17,377546,338,卖盘
155,09:37:42,11.16,94929,85,卖盘
156,09:37:45,11.17,196526,176,买盘
157,09:37:48,11.17,589826,528,买盘
158,09:37:51,11.17,419916,376,卖盘
159,09:37:54,11.17,1352680,1210,卖盘
160,09:37:57,11.18,290529,260,买盘
161,09:38:00,11.18,209075,187,卖盘
162,09:38:03,11.18,309726,277,买盘
163,09:38:06,11.19,758691,678,买盘
164,09:38:09,11.19,61511,55,卖盘
165,09:38:12,11.2,40319,36,买盘
166,09:38:15,11.19,324510,290,卖盘
167,09:38:18,11.19,127577,114,买盘
168,09:38:21,11.2,173565,155,买盘
169,09:38:24,11.2,80599,72,买盘
170,09:38:27,11.2,256451,229,买盘
171,09:38:30,11.19,107458,96,卖盘
172,09:38:33,11.2,96295,86,买盘
173,09:38:36,11.2,335751,300,买盘
174,09:38:39,11.19,95161,85,卖盘
175,09:38:42,11.2,369596,330,买盘
176,09:38:45,11.19,467847,418,卖盘
177,09:38:48,11.21,207286,185,买盘
178,09:38:51,11.2,175931,157,卖盘
179,09:38:54,11.21,883171,788,买盘
180,09:38:57,11.2,128856,115,卖盘
181,09:39:00,11.21,88516,79,买盘
182,09:39:03,11.21,66136,59,买盘
183,09:39:06,11.21,188285,168,买盘
184,09:39:09,11.21,194995,174,买盘
185,09:39:12,11.2,229795,205,卖盘
186,09:39:15,11.21,163628,146,买盘
187,09:39:18,11.21,133333,119,买盘
188,09:39:21,11.21,460366,411,买盘
189,09:39:24,11.2,126579,113,买盘
190,09:39:27,11.2,10079,9,买盘
191,09:39:30,11.2,114214,102,买盘
192,09:39:33,11.2,765636,684,买盘
193,09:39:36,11.2,89581,80,买盘
194,09:39:39,11.19,296641,265,卖盘
195,09:39:42,11.19,143254,128,卖盘
196,09:39:45,11.19,705706,631,卖盘
197,09:39:48,11.19,3357,3,买盘
198,09:39:51,11.19,91720,82,买盘
199,09:39:54,11.18,1268520,1135,卖盘
200,09:39:57,11.18,74891,67,买盘
201,09:40:00,11.17,189187,169,卖盘
202,09:40:03,11.17,169334,152,卖盘
203,09:40:06,11.17,117298,105,买盘
204,09:40:09,11.17,302580,271,买盘
205,09:40:12,11.17,224893,201,买盘
206,09:40:15,11.17,296123,265,卖盘
207,09:40:18,11.17,172018,154,卖盘
208,09:40:21,11.18,266970,239,买盘
209,09:40:24,11.18,202181,181,买盘
210,09:40:27,11.18,355231,318,买盘
211,09:40:30,11.17,307216,275,卖盘
212,09:40:33,11.17,141465,127,卖盘
213,09:40:36,11.17,158615,142,买盘
214,09:40:39,11.16,185347,166,卖盘
215,09:40:42,11.17,1960862,1757,买盘
216,09:40:45,11.16,136161,122,卖盘
217,09:40:48,11.16,131720,118,卖盘
218,09:40:51,11.17,344849,309,买盘
219,09:40:54,11.16,274536,246,卖盘
220,09:40:57,11.16,91512,82,买盘
221,09:41:00,11.16,128254,115,买盘
222,09:41:03,11.15,276613,248,卖盘
223,09:41:06,11.16,196327,176,买盘
224,09:41:09,11.15,4788891,4296,卖盘
225,09:41:12,11.14,118184,106,卖盘
226,09:41:15,11.13,347539,312,卖盘
227,09:41:18,11.13,234946,211,卖盘
228,09:41:21,11.14,680049,611,买盘
229,09:41:24,11.14,398459,358,买盘
230,09:41:27,11.13,437420,393,卖盘
231,09:41:30,11.13,873784,785,卖盘
232,09:41:33,11.12,511601,460,卖盘
233,09:41:36,11.12,2002750,1801,卖盘
234,09:41:39,11.11,2599797,2340,卖盘
235,09:41:42,11.11,597793,538,卖盘
236,09:41:45,11.1,358694,323,卖盘
237,09:41:48,11.1,950586,856,卖盘
238,09:41:51,11.11,1443035,1300,买盘
239,09:41:54,11.1,1191190,1073,卖盘
240,09:41:57,11.1,1537521,1385,卖盘
241,09:42:00,11.1,1409105,1269,卖盘
242,09:42:03,11.1,1119190,1008,卖盘
243,09:42:06,11.12,2565136,2307,买盘
244,09:42:09,11.12,1473546,1325,卖盘
245,09:42:12,11.12,282523,254,卖盘
246,09:42:15,11.12,225716,203,卖盘
247,09:42:18,11.12,230165,207,买盘
248,09:42:21,11.12,255720,230,买盘
249,09:42:24,11.12,819415,737,买盘
250,09:42:27,11.12,471509,424,卖盘
251,09:42:30,11.12,189074,170,卖盘
252,09:42:33,11.12,520444,468,卖盘
253,09:42:36,11.12,153454,138,卖盘
254,09:42:39,11.12,244614,220,买盘
255,09:42:42,11.12,700161,630,买盘
256,09:42:45,11.12,263485,237,买盘
257,09:42:48,11.12,240075,216,买盘
258,09:42:51,11.12,244639,220,买盘
259,09:42:54,11.12,420292,378,卖盘
260,09:42:57,11.12,339110,305,卖盘
261,09:43:00,11.12,206891,186,卖盘
262,09:43:03,11.12,315849,284,卖盘
263,09:43:06,11.13,271421,244,买盘
264,09:43:09,11.13,274670,247,买盘
265,09:43:12,11.13,331425,298,买盘
266,09:43:15,11.12,235769,212,卖盘
267,09:43:18,11.13,505072,454,买盘
268,09:43:21,11.12,334812,301,卖盘
269,09:43:24,11.12,425948,383,卖盘
270,09:43:27,11.11,201271,181,卖盘
271,09:43:30,11.11,463658,417,卖盘
272,09:43:33,11.11,265695,239,卖盘
273,09:43:36,11.11,444521,400,卖盘
274,09:43:39,11.11,452241,407,卖盘
275,09:43:42,11.11,164462,148,卖盘
276,09:43:45,11.11,372218,335,卖盘
277,09:43:48,11.11,597760,538,卖盘
278,09:43:51,11.11,1173342,1056,卖盘
279,09:43:54,11.12,189986,171,买盘
280,09:43:57,11.11,323319,291,卖盘
281,09:44:00,11.11,344411,310,买盘
282,09:44:03,11.12,1301925,1171,买盘
283,09:44:06,11.12,519956,468,卖盘
284,09:44:09,11.12,177961,160,卖盘
285,09:44:12,11.12,1282748,1154,卖盘
286,09:44:15,11.11,191256,172,卖盘
287,09:44:18,11.11,112249,101,卖盘
288,09:44:21,11.11,153395,138,卖盘
289,09:44:24,11.11,326661,294,卖盘
290,09:44:27,11.11,261095,235,卖盘
291,09:44:30,11.11,326645,294,卖盘
292,09:44:33,11.11,83332,75,卖盘
293,09:44:36,11.11,639951,576,卖盘
294,09:44:39,11.11,276639,249,买盘
295,09:44:42,11.1,715255,644,卖盘
296,09:44:45,11.11,238717,215,买盘
297,09:44:48,11.11,212023,191,买盘
298,09:44:51,11.1,137655,124,卖盘
299,09:44:54,11.1,298719,269,卖盘
300,09:44:57,11.1,451932,407,卖盘
301,09:45:00,11.11,647189,583,买盘
302,09:45:03,11.1,621660,560,卖盘
303,09:45:06,11.1,1053490,949,卖盘
304,09:45:09,11.1,455120,410,卖盘
305,09:45:12,11.1,1021250,920,卖盘
306,09:45:15,11.1,494002,445,卖盘
307,09:45:18,11.1,691676,623,卖盘
308,09:45:21,11.09,113201,102,卖盘
309,09:45:24,11.09,371540,335,卖盘
310,09:45:27,11.09,461477,416,卖盘
311,09:45:30,11.09,1784459,1609,卖盘
312,09:45:33,11.08,506879,457,卖盘
313,09:45:36,11.08,124119,112,卖盘
314,09:45:39,11.08,490907,443,卖盘
315,09:45:42,11.08,428815,387,卖盘
316,09:45:45,11.08,1667624,1505,卖盘
317,09:45:48,11.08,2405591,2170,卖盘
318,09:45:51,11.08,1318679,1190,卖盘
319,09:45:54,11.09,630165,568,中性盘
320,09:45:57,11.08,1514386,1365,卖盘
321,09:46:00,11.11,491897,443,买盘
322,09:46:03,11.11,938749,845,买盘
323,09:46:06,11.11,206651,186,卖盘
324,09:46:09,11.12,203323,183,买盘
325,09:46:12,11.11,326670,294,卖盘
326,09:46:15,11.11,376629,339,买盘
327,09:46:18,11.11,168798,152,买盘
328,09:46:21,11.11,688736,620,买盘
329,09:46:24,11.1,214333,193,卖盘
330,09:46:27,11.11,348573,314,买盘
331,09:46:30,11.1,411931,371,卖盘
332,09:46:33,11.1,444067,400,卖盘
333,09:46:36,11.1,431808,389,卖盘
334,09:46:39,11.11,156517,141,买盘
335,09:46:42,11.1,199810,180,卖盘
336,09:46:45,11.1,697182,628,卖盘
337,09:46:48,11.1,422800,381,卖盘
338,09:46:51,11.09,196391,177,卖盘
339,09:46:54,11.1,492721,444,买盘
340,09:46:57,11.1,464791,419,买盘
341,09:47:00,11.1,143114,129,买盘
342,09:47:03,11.09,248513,224,卖盘
343,09:47:06,11.09,546879,493,卖盘
344,09:47:09,11.09,210756,190,卖盘
345,09:47:12,11.09,283989,256,卖盘
346,09:47:15,11.09,568917,513,卖盘
347,09:47:18,11.09,390435,352,卖盘
348,09:47:21,11.09,351611,317,卖盘
349,09:47:24,11.09,591097,533,卖盘
350,09:47:27,11.09,157456,142,买盘
351,09:47:30,11.09,240539,217,买盘
352,09:47:33,11.09,380254,343,买盘
353,09:47:36,11.08,285996,258,卖盘
354,09:47:39,11.08,666019,601,卖盘
355,09:47:42,11.08,586189,529,卖盘
356,09:47:45,11.08,426593,385,卖盘
357,09:47:48,11.08,229374,207,卖盘
358,09:47:51,11.08,1497399,1351,卖盘
359,09:47:54,11.1,1771630,1596,买盘
360,09:47:57,11.1,308544,278,卖盘
361,09:48:00,11.1,502639,453,卖盘
362,09:48:03,11.1,58828,53,买盘
363,09:48:06,11.1,233139,210,买盘
364,09:48:09,11.09,316326,285,卖盘
365,09:48:12,11.1,561279,506,买盘
366,09:48:15,11.09,65435,59,卖盘
367,09:48:18,11.1,163122,147,买盘
368,09:48:21,11.09,265059,239,卖盘
369,09:48:24,11.09,129814,117,卖盘
370,09:48:27,11.09,110939,100,卖盘
371,09:48:30,11.09,189660,171,卖盘
372,09:48:33,11.09,150838,136,卖盘
373,09:48:36,11.1,967485,872,买盘
374,09:48:39,11.09,515759,465,卖盘
375,09:48:42,11.1,158629,143,买盘
376,09:48:45,11.09,394887,356,卖盘
377,09:48:48,11.09,122006,110,卖盘
378,09:48:51,11.09,402572,363,卖盘
379,09:48:54,11.09,507040,457,卖盘
380,09:48:57,11.09,509044,459,卖盘
381,09:49:00,11.09,971601,876,卖盘
382,09:49:03,11.09,204066,184,卖盘
383,09:49:06,11.09,146391,132,卖盘
384,09:49:09,11.09,131985,119,卖盘
385,09:49:12,11.09,1520826,1372,卖盘
386,09:49:15,11.09,176301,159,买盘
387,09:49:18,11.08,451000,407,卖盘
388,09:49:21,11.08,710609,641,卖盘
389,09:49:24,11.08,121880,110,卖盘
390,09:49:27,11.08,230489,208,卖盘
391,09:49:30,11.09,232772,210,买盘
392,09:49:33,11.08,388913,351,卖盘
393,09:49:36,11.08,145161,131,卖盘
394,09:49:39,11.08,159580,144,卖盘
395,09:49:42,11.09,236109,213,买盘
396,09:49:45,11.08,164012,148,卖盘
397,09:49:48,11.09,169597,153,买盘
398,09:49:51,11.09,482104,435,买盘
399,09:49:54,11.09,233925,211,卖盘
400,09:49:57,11.1,208509,188,买盘
401,09:50:00,11.09,190759,172,卖盘
402,09:50:03,11.1,296241,267,买盘
403,09:50:06,11.1,176386,159,买盘
404,09:50:09,11.09,238473,215,卖盘
405,09:50:12,11.09,150838,136,卖盘
406,09:50:15,11.09,53232,48,卖盘
407,09:50:18,11.1,2118299,1908,买盘
408,09:50:21,11.1,644275,580,卖盘
409,09:50:24,11.1,146520,132,卖盘
410,09:50:27,11.1,235327,212,卖盘
411,09:50:30,11.1,210900,190,卖盘
412,09:50:33,11.1,56596,51,买盘
413,09:50:36,11.11,359654,324,买盘
414,09:50:39,11.11,68825,62,买盘
415,09:50:42,11.1,165417,149,卖盘
416,09:50:45,11.11,214311,193,买盘
417,09:50:48,11.1,292021,263,卖盘
418,09:50:51,11.11,201074,181,买盘
419,09:50:54,11.11,242025,218,买盘
420,09:50:57,11.11,231001,208,买盘
421,09:51:00,11.11,150987,136,买盘
422,09:51:03,11.11,376582,339,买盘
423,09:51:06,11.11,275464,248,买盘
424,09:51:09,11.11,234420,211,买盘
425,09:51:12,11.1,245424,221,卖盘
426,09:51:15,11.1,177623,160,卖盘
427,09:51:18,11.1,76634,69,卖盘
428,09:51:21,11.11,173772,157,买盘
429,09:51:24,11.1,1259287,1135,卖盘
430,09:51:27,11.1,479501,432,买盘
431,09:51:30,11.09,78782,71,卖盘
432,09:51:33,11.09,55462,50,卖盘
433,09:51:36,11.1,351281,317,买盘
434,09:51:39,11.1,62147,56,买盘
435,09:51:42,11.09,16645,15,卖盘
436,09:51:45,11.09,28849,26,卖盘
437,09:51:48,11.09,65434,59,卖盘
438,09:51:51,11.1,558166,503,买盘
439,09:51:54,11.09,100922,91,卖盘
440,09:51:57,11.09,205193,185,卖盘
441,09:52:00,11.09,97593,88,卖盘
442,09:52:03,11.09,333819,301,卖盘
443,09:52:06,11.1,156412,141,买盘
444,09:52:09,11.09,308497,278,卖盘
445,09:52:12,11.09,185244,167,卖盘
446,09:52:15,11.09,309577,279,卖盘
447,09:52:18,11.1,232941,210,买盘
448,09:52:21,11.1,107612,97,买盘
449,09:52:24,11.09,433947,391,卖盘
450,09:52:27,11.1,377142,340,买盘
451,09:52:30,11.1,306123,276,买盘
452,09:52:33,11.1,55485,50,买盘
453,09:52:36,11.1,255234,230,买盘
454,09:52:39,11.1,169806,153,买盘
455,09:52:42,11.1,346296,312,买盘
456,09:52:45,11.1,260666,235,买盘
457,09:52:48,11.1,33300,30,买盘
458,09:52:51,11.09,168584,152,卖盘
459,09:52:54,11.1,29959,27,买盘
460,09:52:57,11.1,149751,135,买盘
461,09:53:00,11.09,112029,101,卖盘
462,09:53:03,11.09,64345,58,卖盘
463,09:53:06,11.1,1570661,1415,买盘
464,09:53:09,11.1,158838,143,卖盘
465,09:53:12,11.1,259896,234,卖盘
466,09:53:15,11.1,63280,57,卖盘
467,09:53:18,11.11,165395,149,买盘
468,09:53:21,11.1,183176,165,卖盘
469,09:53:24,11.1,196535,177,卖盘
470,09:53:27,11.1,75530,68,卖盘
471,09:53:30,11.1,308837,278,卖盘
472,09:53:33,11.11,287548,259,买盘
473,09:53:36,11.1,164303,148,卖盘
474,09:53:39,11.11,883634,796,买盘
475,09:53:42,11.1,233295,210,卖盘
476,09:53:45,11.11,253124,228,买盘
477,09:53:48,11.11,1342004,1208,买盘
478,09:53:51,11.11,117828,106,卖盘
479,09:53:54,11.12,164457,148,买盘
480,09:53:57,11.12,125647,113,买盘
481,09:54:00,11.12,314549,283,买盘
482,09:54:03,11.12,280131,252,买盘
483,09:54:06,11.12,135648,122,买盘
484,09:54:09,11.12,618272,556,买盘
485,09:54:12,11.12,66720,60,买盘
486,09:54:15,11.12,58936,53,卖盘
487,09:54:18,11.12,140115,126,卖盘
488,09:54:21,11.12,121212,109,卖盘
489,09:54:24,11.12,150181,135,卖盘
490,09:54:27,11.12,116817,105,卖盘
491,09:54:30,11.12,2547352,2292,卖盘
492,09:54:33,11.11,165548,149,中性盘
493,09:54:36,11.1,317612,286,卖盘
494,09:54:39,11.11,142190,128,中性盘
495,09:54:42,11.11,38883,35,买盘
496,09:54:45,11.1,247602,223,卖盘
497,09:54:48,11.11,133309,120,买盘
498,09:54:51,11.1,19995,18,卖盘
499,09:54:54,11.1,136570,123,卖盘
500,09:54:57,11.1,121019,109,卖盘
501,09:55:00,11.11,253102,228,买盘
502,09:55:03,11.1,67710,61,卖盘
503,09:55:06,11.11,319769,288,买盘
504,09:55:09,11.1,962384,867,卖盘
505,09:55:12,11.1,142109,128,卖盘
506,09:55:15,11.1,52170,47,卖盘
507,09:55:18,11.11,172097,155,买盘
508,09:55:21,11.11,127656,115,买盘
509,09:55:24,11.1,200931,181,卖盘
510,09:55:27,11.1,394072,355,卖盘
511,09:55:30,11.1,216450,195,卖盘
512,09:55:33,11.09,156484,141,卖盘
513,09:55:36,11.1,76567,69,买盘
514,09:55:39,11.1,130965,118,买盘
515,09:55:42,11.1,385169,347,买盘
516,09:55:45,11.1,226440,204,卖盘
517,09:55:48,11.09,175345,158,卖盘
518,09:55:51,11.1,185368,167,买盘
519,09:55:54,11.1,99874,90,买盘
520,09:55:57,11.1,122056,110,买盘
521,09:56:00,11.09,97665,88,卖盘
522,09:56:03,11.09,43265,39,卖盘
523,09:56:06,11.1,94335,85,买盘
524,09:56:09,11.09,226256,204,卖盘
525,09:56:12,11.09,165288,149,卖盘
526,09:56:15,11.09,84284,76,卖盘
527,09:56:18,11.09,58777,53,卖盘
528,09:56:21,11.09,962617,868,卖盘
529,09:56:24,11.09,49905,45,卖盘
530,09:56:27,11.09,476870,430,卖盘
531,09:56:30,11.09,1176649,1061,卖盘
532,09:56:33,11.09,512358,462,卖盘
533,09:56:36,11.09,126981,115,卖盘
534,09:56:39,11.09,74302,67,买盘
535,09:56:42,11.08,772944,697,卖盘
536,09:56:45,11.09,304975,275,卖盘
537,09:56:48,11.09,224019,202,卖盘
538,09:56:51,11.09,272816,246,卖盘
539,09:56:54,11.1,109811,99,买盘
540,09:56:57,11.09,355989,321,卖盘
541,09:57:00,11.09,41018,37,买盘
542,09:57:03,11.09,222907,201,买盘
543,09:57:06,11.09,123075,111,买盘
544,09:57:09,11.09,148492,134,买盘
545,09:57:12,11.08,96454,87,卖盘
546,09:57:15,11.08,349289,315,卖盘
547,09:57:18,11.08,205014,185,卖盘
548,09:57:21,11.08,190646,172,卖盘
549,09:57:24,11.08,288089,260,卖盘
550,09:57:27,11.08,203958,184,卖盘
551,09:57:30,11.08,294733,266,卖盘
552,09:57:33,11.08,167312,151,卖盘
553,09:57:36,11.09,52079,47,买盘
554,09:57:39,11.08,200581,181,卖盘
555,09:57:42,11.08,279219,252,卖盘
556,09:57:45,11.08,259427,234,卖盘
557,09:57:48,11.09,105285,95,买盘
558,09:57:51,11.09,392254,354,买盘
559,09:57:54,11.09,323605,292,买盘
560,09:57:57,11.09,176209,159,买盘
561,09:58:00,11.08,160710,145,卖盘
562,09:58:03,11.08,537409,485,卖盘
563,09:58:06,11.09,217261,196,买盘
564,09:58:09,11.08,90925,82,卖盘
565,09:58:12,11.08,219431,198,卖盘
566,09:58:15,11.08,167371,151,卖盘
567,09:58:18,11.09,626044,565,买盘
568,09:58:21,11.09,179510,162,买盘
569,09:58:24,11.08,436603,394,卖盘
570,09:58:27,11.08,47675,43,卖盘
571,09:58:30,11.08,272568,246,卖盘
572,09:58:33,11.08,86438,78,卖盘
573,09:58:36,11.08,273686,247,卖盘
574,09:58:39,11.08,1104815,997,卖盘
575,09:58:42,11.08,251533,227,卖盘
576,09:58:45,11.08,229364,207,卖盘
577,09:58:48,11.08,915772,826,买盘
578,09:58:51,11.08,338079,305,卖盘
579,09:58:54,11.08,745672,673,卖盘
580,09:58:57,11.08,288080,260,买盘
581,09:59:00,11.08,330018,298,买盘
582,09:59:03,11.08,441854,399,卖盘
583,09:59:06,11.08,366759,331,卖盘
584,09:59:09,11.08,701455,633,卖盘
585,09:59:12,11.08,200550,181,卖盘
586,09:59:15,11.08,84208,76,买盘
587,09:59:18,11.08,465139,420,买盘
588,09:59:21,11.08,384426,347,卖盘
589,09:59:24,11.08,32131,29,买盘
590,09:59:27,11.08,324532,293,买盘
591,09:59:30,11.08,290062,262,买盘
592,09:59:33,11.07,148414,134,卖盘
593,09:59:36,11.07,84158,76,卖盘
594,09:59:39,11.07,303373,274,卖盘
595,09:59:42,11.08,273471,247,买盘
596,09:59:45,11.07,256829,232,卖盘
597,09:59:48,11.07,189299,171,卖盘
598,09:59:51,11.07,288940,261,卖盘
599,09:59:54,11.07,733942,663,卖盘
600,09:59:57,11.07,345406,312,卖盘
601,10:00:00,11.07,369738,334,卖盘
602,10:00:03,11.07,805278,727,买盘
603,10:00:06,11.07,250190,226,卖盘
604,10:00:09,11.07,369738,334,卖盘
605,10:00:12,11.08,679686,614,买盘
606,10:00:15,11.08,220321,199,买盘
607,10:00:18,11.07,466318,421,卖盘
608,10:00:21,11.09,2389850,2157,买盘
609,10:00:24,11.08,241622,218,卖盘
610,10:00:27,11.08,240569,217,卖盘
611,10:00:30,11.08,415548,375,卖盘
612,10:00:33,11.08,169557,153,卖盘
613,10:00:36,11.08,272607,246,卖盘
614,10:00:39,11.09,437998,395,买盘
615,10:00:42,11.09,329340,297,买盘
616,10:00:45,11.08,145183,131,卖盘
617,10:00:48,11.09,517903,467,买盘
618,10:00:51,11.09,67649,61,卖盘
619,10:00:54,11.1,121996,110,买盘
620,10:00:57,11.1,116486,105,买盘
621,10:01:00,11.1,125396,113,买盘
622,10:01:03,11.11,3004857,2707,买盘
623,10:01:06,11.11,194290,175,买盘
624,10:01:09,11.11,287742,259,买盘
625,10:01:12,11.1,228704,206,卖盘
626,10:01:15,11.11,456544,411,买盘
627,10:01:18,11.11,215462,194,买盘
628,10:01:21,11.11,123258,111,买盘
629,10:01:24,11.11,178834,161,买盘
630,10:01:27,11.11,99954,90,买盘
631,10:01:30,11.11,147714,133,买盘
632,10:01:33,11.11,188866,170,买盘
633,10:01:36,11.1,304200,274,卖盘
634,10:01:39,11.11,58831,53,买盘
635,10:01:42,11.11,186540,168,买盘
636,10:01:45,11.11,104424,94,买盘
637,10:01:48,11.1,65505,59,卖盘
638,10:01:51,11.1,941319,848,卖盘
639,10:01:54,11.1,103230,93,买盘
640,10:01:57,11.09,153165,138,卖盘
641,10:02:00,11.09,99884,90,卖盘
642,10:02:03,11.1,47715,43,卖盘
643,10:02:06,11.1,182009,164,买盘
644,10:02:09,11.1,117654,106,买盘
645,10:02:12,11.1,42171,38,买盘
646,10:02:15,11.1,351670,317,买盘
647,10:02:18,11.1,98713,89,买盘
648,10:02:21,11.1,22200,20,买盘
649,10:02:24,11.09,83188,75,卖盘
650,10:02:27,11.09,122099,110,卖盘
651,10:02:30,11.09,87660,79,卖盘
652,10:02:33,11.09,39935,36,卖盘
653,10:02:36,11.1,35517,32,买盘
654,10:02:39,11.09,278516,251,卖盘
655,10:02:42,11.1,786436,709,买盘
656,10:02:45,11.1,447306,403,买盘
657,10:02:48,11.1,1030077,928,买盘
658,10:02:51,11.1,57730,52,卖盘
659,10:02:54,11.1,123260,111,卖盘
660,10:02:57,11.11,1560071,1404,买盘
661,10:03:00,11.14,1651882,1485,买盘
662,10:03:03,11.13,752995,676,卖盘
663,10:03:06,11.15,222647,200,买盘
664,10:03:09,11.15,66885,60,买盘
665,10:03:12,11.14,803879,721,卖盘
666,10:03:15,11.15,1402193,1258,卖盘
667,10:03:18,11.15,158414,142,卖盘
668,10:03:21,11.16,544543,488,买盘
669,10:03:24,11.16,217620,195,买盘
670,10:03:27,11.16,477616,428,买盘
671,10:03:30,11.16,572490,513,买盘
672,10:03:33,11.16,215406,193,买盘
673,10:03:36,11.16,780662,700,买盘
674,10:03:39,11.16,217611,195,买盘
675,10:03:42,11.16,77004,69,卖盘
676,10:03:45,11.16,98223,88,卖盘
677,10:03:48,11.16,461015,413,卖盘
678,10:03:51,11.16,171877,154,卖盘
679,10:03:54,11.17,1088440,974,买盘
680,10:03:57,11.18,333226,298,买盘
681,10:04:00,11.19,1989403,1777,买盘
682,10:04:03,11.2,156750,140,买盘
683,10:04:06,11.19,421064,376,卖盘
684,10:04:09,11.2,572410,511,买盘
685,10:04:12,11.2,364135,325,卖盘
686,10:04:15,11.2,455086,406,卖盘
687,10:04:18,11.2,2017488,1802,卖盘
688,10:04:21,11.2,1461831,1307,买盘
689,10:04:24,11.2,453400,405,买盘
690,10:04:27,11.18,547513,490,卖盘
691,10:04:30,11.17,838355,751,买盘
692,10:04:33,11.17,108302,97,买盘
693,10:04:36,11.17,276940,248,买盘
694,10:04:39,11.16,74818,67,卖盘
695,10:04:42,11.15,631466,566,卖盘
696,10:04:45,11.15,563997,506,卖盘
697,10:04:48,11.15,14495,13,买盘
698,10:04:51,11.15,8919,8,买盘
699,10:04:54,11.15,61286,55,买盘
700,10:04:57,11.13,362018,325,卖盘
701,10:05:00,11.14,182703,164,买盘
702,10:05:03,11.15,25639,23,买盘
703,10:05:06,11.15,238543,214,买盘
704,10:05:09,11.15,297583,267,买盘
705,10:05:12,11.15,238519,214,卖盘
706,10:05:15,11.16,108218,97,买盘
707,10:05:18,11.16,182962,164,买盘
708,10:05:21,11.16,354852,318,买盘
709,10:05:24,11.16,274335,246,买盘
710,10:05:27,11.16,83692,75,买盘
711,10:05:30,11.15,194143,174,卖盘
712,10:05:33,11.16,212029,190,买盘
713,10:05:36,11.16,140559,126,买盘
714,10:05:39,11.16,157341,141,买盘
715,10:05:42,11.16,55770,50,买盘
716,10:05:45,11.16,134958,121,买盘
717,10:05:48,11.16,481867,432,买盘
718,10:05:51,11.16,89266,80,买盘
719,10:05:54,11.15,102619,92,买盘
720,10:05:57,11.15,50175,45,买盘
721,10:06:00,11.15,39029,35,卖盘
722,10:06:03,11.15,278780,250,卖盘
723,10:06:06,11.15,52422,47,卖盘
724,10:06:09,11.16,74757,67,买盘
725,10:06:12,11.16,390571,350,买盘
726,10:06:15,11.15,56875,51,卖盘
727,10:06:18,11.15,953625,855,卖盘
728,10:06:21,11.15,438953,394,买盘
729,10:06:24,11.14,186197,167,卖盘
730,10:06:27,11.14,422206,379,买盘
731,10:06:30,11.14,181603,163,买盘
732,10:06:33,11.14,92463,83,卖盘
733,10:06:36,11.14,134698,121,买盘
734,10:06:39,11.13,30068,27,卖盘
735,10:06:42,11.14,129224,116,买盘
736,10:06:45,11.13,415160,373,卖盘
737,10:06:48,11.14,22280,20,买盘
738,10:06:51,11.13,144725,130,买盘
739,10:06:54,11.14,22279,20,买盘
740,10:06:57,11.14,73493,66,买盘
741,10:07:00,11.13,25605,23,卖盘
742,10:07:03,11.13,28948,26,卖盘
743,10:07:06,11.12,542896,488,卖盘
744,10:07:09,11.13,1113,1,中性盘
745,10:07:12,11.12,161242,145,卖盘
746,10:07:15,11.12,97894,88,卖盘
747,10:07:18,11.13,45630,41,买盘
748,10:07:21,11.12,82291,74,卖盘
749,10:07:24,11.12,73394,66,买盘
750,10:07:27,11.11,163396,147,卖盘
751,10:07:30,11.12,33353,30,买盘
752,10:07:33,11.12,56708,51,买盘
753,10:07:36,11.12,286648,258,买盘
754,10:07:39,11.11,47779,43,卖盘
755,10:07:42,11.11,77835,70,卖盘
756,10:07:45,11.11,86660,78,卖盘
757,10:07:48,11.11,107840,97,卖盘
758,10:07:51,11.12,43334,39,买盘
759,10:07:54,11.11,92213,83,卖盘
760,10:07:57,11.12,563284,507,买盘
761,10:08:00,11.11,122213,110,卖盘
762,10:08:03,11.12,45570,41,买盘
763,10:08:06,11.12,216709,195,买盘
764,10:08:09,11.12,134514,121,买盘
765,10:08:12,11.11,48884,44,卖盘
766,10:08:15,11.12,65603,59,买盘
767,10:08:18,11.12,136776,123,买盘
768,10:08:21,11.12,106733,96,卖盘
769,10:08:24,11.12,117867,106,买盘
770,10:08:27,11.12,80067,72,卖盘
771,10:08:30,11.12,848845,764,买盘
772,10:08:33,11.11,43336,39,卖盘
773,10:08:36,11.12,182214,164,买盘
774,10:08:39,11.11,17776,16,卖盘
775,10:08:42,11.11,301083,271,卖盘
776,10:08:45,11.11,200117,180,卖盘
777,10:08:51,11.11,68935,62,卖盘
778,10:08:54,11.12,52247,47,买盘
779,10:08:57,11.12,67817,61,买盘
780,10:09:00,11.11,296648,267,卖盘
781,10:09:03,11.11,293313,264,卖盘
782,10:09:06,11.11,45551,41,买盘
783,10:09:09,11.11,75534,68,买盘
784,10:09:12,11.11,111100,100,卖盘
785,10:09:15,11.1,157761,142,卖盘
786,10:09:18,11.11,143319,129,买盘
787,10:09:21,11.11,38877,35,买盘
788,10:09:24,11.11,543258,489,买盘
789,10:09:27,11.11,221029,199,买盘
790,10:09:30,11.11,99961,90,买盘
791,10:09:33,11.1,69987,63,卖盘
792,10:09:36,11.1,34419,31,卖盘
793,10:09:39,11.1,254303,229,卖盘
794,10:09:42,11.11,302076,272,买盘
795,10:09:45,11.11,61089,55,买盘
796,10:09:48,11.11,121055,109,买盘
797,10:09:51,11.11,225371,203,买盘
798,10:09:54,11.11,316513,285,买盘
799,10:09:57,11.12,72233,65,买盘
800,10:10:00,11.11,188870,170,卖盘
801,10:10:03,11.1,732148,659,卖盘
802,10:10:06,11.11,66621,60,买盘
803,10:10:09,11.11,37774,34,买盘
804,10:10:12,11.1,169942,153,卖盘
805,10:10:15,11.11,233283,210,买盘
806,10:10:18,11.12,37783,34,买盘
807,10:10:21,11.11,270990,244,卖盘
808,10:10:24,11.11,159984,144,中性盘
809,10:10:27,11.12,278748,251,买盘
810,10:10:30,11.11,25553,23,中性盘
811,10:10:33,11.12,48923,44,买盘
812,10:10:36,11.11,108918,98,卖盘
813,10:10:39,11.11,56661,51,卖盘
814,10:10:42,11.11,101101,91,卖盘
815,10:10:45,11.1,31107,28,卖盘
816,10:10:48,11.1,72198,65,卖盘
817,10:10:51,11.1,82140,74,卖盘
818,10:10:54,11.1,19992,18,卖盘
819,10:10:57,11.11,164292,148,买盘
820,10:11:00,11.1,47738,43,卖盘
821,10:11:03,11.1,404046,364,卖盘
822,10:11:06,11.1,96605,87,卖盘
823,10:11:09,11.1,66630,60,卖盘
824,10:11:12,11.1,335229,302,卖盘
825,10:11:15,11.1,281010,253,卖盘
826,10:11:18,11.1,294170,265,卖盘
827,10:11:21,11.11,141072,127,买盘
828,10:11:24,11.11,387405,349,买盘
829,10:11:27,11.11,288710,260,买盘
830,10:11:30,11.1,272094,245,卖盘
831,10:11:33,11.11,2493345,2246,买盘
832,10:11:36,11.11,83320,75,买盘
833,10:11:39,11.11,88880,80,中性盘
834,10:11:42,11.11,57773,52,卖盘
835,10:11:45,11.1,53304,48,卖盘
836,10:11:48,11.1,49955,45,卖盘
837,10:11:51,11.11,67763,61,买盘
838,10:11:54,11.11,65517,59,买盘
839,10:11:57,11.11,97768,88,买盘
840,10:12:00,11.11,63309,57,买盘
841,10:12:03,11.1,82176,74,卖盘
842,10:12:06,11.11,19998,18,买盘
843,10:12:09,11.11,215408,194,买盘
844,10:12:12,11.1,18880,17,卖盘
845,10:12:15,11.1,56616,51,卖盘
846,10:12:18,11.1,6665,6,卖盘
847,10:12:21,11.1,308590,278,卖盘
848,10:12:24,11.1,1620621,1460,卖盘
849,10:12:27,11.11,128771,116,买盘
850,10:12:30,11.11,305275,275,买盘
851,10:12:33,11.1,36639,33,卖盘
852,10:12:36,11.1,8880,8,卖盘
853,10:12:39,11.1,43290,39,卖盘
854,10:12:42,11.1,74386,67,卖盘
855,10:12:45,11.1,55500,50,买盘
856,10:12:48,11.09,93208,84,卖盘
857,10:12:51,11.1,119813,108,买盘
858,10:12:54,11.09,98701,89,卖盘
859,10:12:57,11.09,36608,33,卖盘
860,10:13:00,11.1,49928,45,买盘
861,10:13:03,11.09,138645,125,卖盘
862,10:13:06,11.1,401766,362,买盘
863,10:13:09,11.09,191859,173,卖盘
864,10:13:12,11.09,46611,42,卖盘
865,10:13:15,11.1,103210,93,买盘
866,10:13:18,11.1,245286,221,买盘
867,10:13:21,11.1,43272,39,买盘
868,10:13:24,11.1,42170,38,买盘
869,10:13:27,11.1,198649,179,买盘
870,10:13:30,11.1,102096,92,买盘
871,10:13:33,11.09,434992,392,卖盘
872,10:13:36,11.1,21090,19,买盘
873,10:13:39,11.1,136530,123,卖盘
874,10:13:42,11.1,136530,123,卖盘
875,10:13:45,11.1,147555,133,买盘
876,10:13:48,11.1,12210,11,买盘
877,10:13:51,11.09,161956,146,卖盘
878,10:13:54,11.1,86520,78,买盘
879,10:13:57,11.09,67685,61,卖盘
880,10:14:00,11.1,203113,183,买盘
881,10:14:03,11.09,77686,70,卖盘
882,10:14:06,11.09,129863,117,卖盘
883,10:14:09,11.09,144238,130,卖盘
884,10:14:12,11.09,102113,92,卖盘
885,10:14:15,11.09,80960,73,卖盘
886,10:14:18,11.1,54372,49,买盘
887,10:14:21,11.1,115420,104,买盘
888,10:14:24,11.1,171917,155,买盘
889,10:14:27,11.09,489199,441,卖盘
890,10:14:30,11.09,26623,24,卖盘
891,10:14:33,11.1,77673,70,买盘
892,10:14:36,11.09,148691,134,卖盘
893,10:14:39,11.1,82086,74,买盘
894,10:14:42,11.09,158611,143,卖盘
895,10:14:45,11.1,113204,102,买盘
896,10:14:48,11.1,651561,587,买盘
897,10:14:51,11.1,65492,59,卖盘
898,10:14:54,11.1,7776,7,卖盘
899,10:14:57,11.1,46627,42,卖盘
900,10:15:00,11.1,78848,71,卖盘
901,10:15:03,11.1,206469,186,卖盘
902,10:15:06,11.11,49985,45,买盘
903,10:15:09,11.1,184279,166,卖盘
904,10:15:12,11.1,35547,32,卖盘
905,10:15:15,11.11,22220,20,买盘
906,10:15:18,11.11,169893,153,买盘
907,10:15:21,11.11,121048,109,买盘
908,10:15:24,11.11,168835,152,买盘
909,10:15:27,11.11,616197,555,买盘
910,10:15:30,11.11,29997,27,卖盘
911,10:15:33,11.11,23340,21,卖盘
912,10:15:36,11.11,215543,194,卖盘
913,10:15:39,11.12,3336,3,买盘
914,10:15:42,11.12,81176,73,买盘
915,10:15:45,11.12,126768,114,买盘
916,10:15:48,11.12,11120,10,买盘
917,10:15:51,11.12,134531,121,买盘
918,10:15:54,11.12,120096,108,买盘
919,10:15:57,11.13,109003,98,买盘
920,10:16:00,11.13,251391,226,买盘
921,10:16:03,11.12,64504,58,中性盘
922,10:16:06,11.13,70103,63,买盘
923,10:16:09,11.13,147966,133,买盘
924,10:16:12,11.12,18915,17,中性盘
925,10:16:15,11.12,123432,111,买盘
926,10:16:18,11.11,5558,5,卖盘
927,10:16:21,11.12,57784,52,买盘
928,10:16:24,11.12,156758,141,买盘
929,10:16:27,11.11,187765,169,卖盘
930,10:16:30,11.11,102217,92,卖盘
931,10:16:33,11.11,32226,29,卖盘
932,10:16:36,11.12,251291,226,买盘
933,10:16:39,11.11,261087,235,卖盘
934,10:16:42,11.11,116655,105,卖盘
935,10:16:45,11.12,53339,48,买盘
936,10:16:48,11.11,30002,27,卖盘
937,10:16:51,11.11,39996,36,卖盘
938,10:16:54,11.11,124433,112,卖盘
939,10:16:57,11.12,151191,136,买盘
940,10:17:00,11.11,9999,9,卖盘
941,10:17:03,11.12,2224,2,买盘
942,10:17:06,11.12,74441,67,买盘
943,10:17:09,11.11,64443,58,卖盘
944,10:17:12,11.11,56661,51,卖盘
945,10:17:15,11.12,62219,56,买盘
946,10:17:18,11.11,32219,29,卖盘
947,10:17:21,11.12,31116,28,买盘
948,10:17:24,11.11,213315,192,卖盘
949,10:17:27,11.11,29997,27,卖盘
950,10:17:30,11.11,175548,158,卖盘
951,10:17:33,11.11,15564,14,卖盘
952,10:17:36,11.11,164465,148,卖盘
953,10:17:39,11.12,736047,663,买盘
954,10:17:42,11.12,87789,79,买盘
955,10:17:45,11.11,55558,50,卖盘
956,10:17:48,11.11,7777,7,卖盘
957,10:17:51,11.11,75548,68,卖盘
958,10:17:54,11.11,46662,42,卖盘
959,10:17:57,11.11,25553,23,买盘
960,10:18:00,11.11,24442,22,买盘
961,10:18:03,11.11,119924,108,买盘
962,10:18:06,11.1,54416,49,卖盘
963,10:18:09,11.1,166503,150,卖盘
964,10:18:12,11.1,32196,29,卖盘
965,10:18:15,11.1,18880,17,卖盘
966,10:18:18,11.1,118776,107,卖盘
967,10:18:21,11.1,261980,236,卖盘
968,10:18:24,11.1,137640,124,卖盘
969,10:18:27,11.1,55501,50,卖盘
970,10:18:30,11.1,87700,79,卖盘
971,10:18:33,11.1,5550,5,卖盘
972,10:18:36,11.1,47730,43,卖盘
973,10:18:39,11.1,116557,105,卖盘
974,10:18:42,11.1,22200,20,卖盘
975,10:18:45,11.1,63275,57,卖盘
976,10:18:48,11.1,89917,81,卖盘
977,10:18:51,11.11,238663,215,买盘
978,10:18:54,11.1,17768,16,卖盘
979,10:18:57,11.11,71071,64,买盘
980,10:19:00,11.1,166500,150,卖盘
981,10:19:03,11.11,291947,263,买盘
982,10:19:06,11.1,109893,99,卖盘
983,10:19:09,11.1,27761,25,卖盘
984,10:19:12,11.1,32191,29,卖盘
985,10:19:15,11.1,101010,91,卖盘
986,10:19:18,11.1,76590,69,买盘
987,10:19:21,11.09,35509,32,卖盘
988,10:19:24,11.1,53270,48,买盘
989,10:19:27,11.1,18868,17,买盘
990,10:19:30,11.09,6658,6,卖盘
991,10:19:33,11.09,123149,111,卖盘
992,10:19:36,11.09,18854,17,卖盘
993,10:19:39,11.09,84284,76,卖盘
994,10:19:42,11.1,129864,117,买盘
995,10:19:45,11.09,234033,211,卖盘
996,10:19:48,11.09,389272,351,卖盘
997,10:19:54,11.09,93238,84,卖盘
998,10:19:57,11.09,56584,51,卖盘
999,10:20:00,11.09,37726,34,卖盘
1000,10:20:03,11.09,14423,13,卖盘
1001,10:20:06,11.1,68820,62,买盘
1002,10:20:09,11.1,15537,14,买盘
1003,10:20:12,11.09,125328,113,卖盘
1004,10:20:15,11.09,362684,327,卖盘
1005,10:20:18,11.09,45472,41,卖盘
1006,10:20:21,11.09,122000,110,卖盘
1007,10:20:24,11.09,98704,89,卖盘
1008,10:20:27,11.09,421442,380,卖盘
1009,10:20:30,11.09,2834135,2556,卖盘
1010,10:20:33,11.09,247299,223,买盘
1011,10:20:36,11.09,85361,77,买盘
1012,10:20:39,11.08,53203,48,卖盘
1013,10:20:42,11.09,96478,87,买盘
1014,10:20:45,11.08,618269,558,卖盘
1015,10:20:48,11.07,4153801,3750,卖盘
1016,10:20:51,11.08,208151,188,买盘
1017,10:20:54,11.07,122878,111,卖盘
1018,10:20:57,11.07,133963,121,卖盘
1019,10:21:00,11.08,54250,49,买盘
1020,10:21:03,11.07,312174,282,卖盘
1021,10:21:06,11.07,173799,157,买盘
1022,10:21:09,11.07,89649,81,买盘
1023,10:21:12,11.06,77447,70,卖盘
1024,10:21:15,11.07,139463,126,买盘
1025,10:21:18,11.06,106247,96,卖盘
1026,10:21:21,11.06,191450,173,卖盘
1027,10:21:24,11.06,637164,576,卖盘
1028,10:21:27,11.07,102933,93,中性盘
1029,10:21:30,11.07,39852,36,卖盘
1030,10:21:33,11.07,141628,128,卖盘
1031,10:21:36,11.07,365426,330,卖盘
1032,10:21:39,11.07,519498,469,买盘
1033,10:21:42,11.07,68634,62,买盘
1034,10:21:45,11.07,446861,404,买盘
1035,10:21:48,11.07,157194,142,卖盘
1036,10:21:51,11.07,327672,296,卖盘
1037,10:21:54,11.07,163836,148,买盘
1038,10:21:57,11.07,79704,72,卖盘
1039,10:22:00,11.08,94111,85,买盘
1040,10:22:03,11.08,53147,48,买盘
1041,10:22:06,11.08,33214,30,买盘
1042,10:22:09,11.08,138418,125,买盘
1043,10:22:12,11.08,55356,50,买盘
1044,10:22:15,11.08,118499,107,买盘
1045,10:22:18,11.07,999792,903,卖盘
1046,10:22:21,11.07,151659,137,买盘
1047,10:22:24,11.06,3787101,3424,卖盘
1048,10:22:27,11.06,175899,159,买盘
1049,10:22:30,11.06,165859,150,买盘
1050,10:22:33,11.05,33172,30,卖盘
1051,10:22:36,11.05,179058,162,卖盘
1052,10:22:39,11.05,603840,546,卖盘
1053,10:22:42,11.06,90662,82,买盘
1054,10:22:45,11.06,175751,159,买盘
1055,10:22:48,11.05,230992,209,卖盘
1056,10:22:51,11.05,442206,400,卖盘
1057,10:22:54,11.06,627966,568,买盘
1058,10:22:57,11.06,722832,654,买盘
1059,10:23:00,11.06,282944,256,买盘
1060,10:23:03,11.05,120496,109,卖盘
1061,10:23:06,11.06,190210,172,买盘
1062,10:23:09,11.06,138250,125,卖盘
1063,10:23:12,11.06,343966,311,卖盘
1064,10:23:15,11.06,81844,74,卖盘
1065,10:23:18,11.06,261021,236,买盘
1066,10:23:21,11.06,34286,31,卖盘
1067,10:23:24,11.06,160370,145,卖盘
1068,10:23:27,11.07,349511,316,买盘
1069,10:23:30,11.06,67466,61,中性盘
1070,10:23:33,11.06,86268,78,买盘
1071,10:23:36,11.07,329565,298,买盘
1072,10:23:39,11.07,192431,174,买盘
1073,10:23:42,11.06,73035,66,卖盘
1074,10:23:45,11.07,73035,66,买盘
1075,10:23:48,11.07,322073,291,买盘
1076,10:23:51,11.06,154853,140,卖盘
1077,10:23:54,11.07,46454,42,买盘
1078,10:23:57,11.07,191371,173,买盘
1079,10:24:00,11.06,376212,340,卖盘
1080,10:24:03,11.07,126153,114,中性盘
1081,10:24:06,11.07,98476,89,买盘
1082,10:24:09,11.06,191347,173,卖盘
1083,10:24:12,11.06,37628,34,卖盘
1084,10:24:15,11.06,195810,177,卖盘
1085,10:24:18,11.07,243371,220,买盘
1086,10:24:21,11.07,116206,105,买盘
1087,10:24:24,11.06,23237,21,卖盘
1088,10:24:27,11.07,81907,74,买盘
1089,10:24:30,11.07,105156,95,买盘
1090,10:24:33,11.06,1339379,1211,卖盘
1091,10:24:36,11.06,628407,568,卖盘
1092,10:24:39,11.07,91832,83,买盘
1093,10:24:42,11.06,90692,82,卖盘
1094,10:24:45,11.07,141690,128,买盘
1095,10:24:48,11.06,96270,87,卖盘
1096,10:24:51,11.07,154895,140,买盘
1097,10:24:54,11.07,354210,320,买盘
1098,10:24:57,11.06,195774,177,卖盘
1099,10:25:00,11.06,34295,31,卖盘
1100,10:25:03,11.06,45356,41,卖盘
1101,10:25:06,11.06,587839,532,卖盘
1102,10:25:09,11.06,355494,322,卖盘
1103,10:25:12,11.06,113918,103,买盘
1104,10:25:15,11.06,174732,158,买盘
1105,10:25:18,11.06,191275,173,买盘
1106,10:25:21,11.05,496276,449,卖盘
1107,10:25:24,11.06,277411,251,买盘
1108,10:25:27,11.06,153620,139,买盘
1109,10:25:30,11.05,186870,169,卖盘
1110,10:25:33,11.06,172485,156,买盘
1111,10:25:36,11.05,189017,171,卖盘
1112,10:25:39,11.06,169096,153,买盘
1113,10:25:42,11.06,182347,165,买盘
1114,10:25:45,11.06,284058,257,买盘
1115,10:25:48,11.05,3982731,3604,卖盘
1116,10:25:51,11.06,254211,230,买盘
1117,10:25:54,11.05,1321613,1196,卖盘
1118,10:25:57,11.05,271830,246,卖盘
1119,10:26:00,11.05,436493,395,卖盘
1120,10:26:03,11.05,286195,259,卖盘
1121,10:26:06,11.04,230796,209,卖盘
1122,10:26:09,11.05,410789,372,买盘
1123,10:26:12,11.05,131440,119,买盘
1124,10:26:15,11.04,160150,145,卖盘
1125,10:26:18,11.05,623197,564,买盘
1126,10:26:21,11.05,149140,135,买盘
1127,10:26:24,11.05,375449,340,买盘
1128,10:26:27,11.05,255253,231,买盘
1129,10:26:30,11.05,275068,249,卖盘
1130,10:26:33,11.04,70711,64,卖盘
1131,10:26:36,11.05,265175,240,买盘
1132,10:26:39,11.04,98361,89,卖盘
1133,10:26:42,11.05,53027,48,买盘
1134,10:26:45,11.04,55239,50,卖盘
1135,10:26:48,11.05,449372,407,买盘
1136,10:26:51,11.04,156862,142,卖盘
1137,10:26:54,11.05,262759,238,买盘
1138,10:26:57,11.05,124790,113,买盘
1139,10:27:00,11.04,76193,69,卖盘
1140,10:27:03,11.04,134729,122,卖盘
1141,10:27:06,11.04,129240,117,卖盘
1142,10:27:09,11.05,688928,624,买盘
1143,10:27:12,11.04,130276,118,卖盘
1144,10:27:15,11.04,70675,64,卖盘
1145,10:27:18,11.05,481374,436,买盘
1146,10:27:21,11.05,483574,438,买盘
1147,10:27:24,11.04,128129,116,卖盘
1148,10:27:27,11.04,376562,341,卖盘
1149,10:27:30,11.04,46379,42,卖盘
1150,10:27:33,11.04,232944,211,卖盘
1151,10:27:36,11.04,112613,102,卖盘
1152,10:27:39,11.05,415405,376,买盘
1153,10:27:42,11.05,136991,124,买盘
1154,10:27:45,11.04,271664,246,卖盘
1155,10:27:48,11.05,93851,85,买盘
1156,10:27:51,11.04,71762,65,卖盘
1157,10:27:54,11.04,119267,108,卖盘
1158,10:27:57,11.05,181167,164,买盘
1159,10:28:00,11.05,12155,11,买盘
1160,10:28:03,11.05,200980,182,买盘
1161,10:28:06,11.05,350224,317,买盘
1162,10:28:09,11.05,73981,67,买盘
1163,10:28:12,11.04,100495,91,卖盘
1164,10:28:15,11.04,132544,120,卖盘
1165,10:28:18,11.04,112642,102,卖盘
1166,10:28:21,11.04,203221,184,卖盘
1167,10:28:24,11.04,33140,30,卖盘
1168,10:28:27,11.04,406467,368,卖盘
1169,10:28:30,11.04,205455,186,卖盘
1170,10:28:33,11.05,299199,271,买盘
1171,10:28:36,11.04,299190,271,卖盘
1172,10:28:39,11.04,341176,309,卖盘
1173,10:28:42,11.05,165619,150,买盘
1174,10:28:45,11.04,82815,75,卖盘
1175,10:28:48,11.05,244030,221,买盘
1176,10:28:51,11.05,250801,227,买盘
1177,10:28:54,11.04,97168,88,卖盘
1178,10:28:57,11.05,251913,228,买盘
1179,10:29:00,11.05,182203,165,买盘
1180,10:29:03,11.05,174503,158,买盘
1181,10:29:06,11.05,75100,68,买盘
1182,10:29:09,11.04,228569,207,卖盘
1183,10:29:12,11.04,92754,84,卖盘
1184,10:29:15,11.04,77282,70,卖盘
1185,10:29:18,11.04,235184,213,卖盘
1186,10:29:21,11.05,678983,615,买盘
1187,10:29:24,11.04,582925,528,卖盘
1188,10:29:27,11.04,322399,292,卖盘
1189,10:29:30,11.04,182160,165,买盘
1190,10:29:33,11.04,132480,120,买盘
1191,10:29:36,11.04,216288,196,买盘
1192,10:29:39,11.04,353039,320,买盘
1193,10:29:42,11.04,156650,142,买盘
1194,10:29:45,11.03,537328,487,卖盘
1195,10:29:48,11.04,126860,115,买盘
1196,10:29:51,11.03,304461,276,卖盘
1197,10:29:54,11.03,347560,315,卖盘
1198,10:29:57,11.03,216254,196,卖盘
1199,10:30:00,11.03,262520,238,卖盘
1200,10:30:03,11.03,486433,441,卖盘
1201,10:30:06,11.03,320974,291,卖盘
1202,10:30:09,11.03,77224,70,卖盘
1203,10:30:12,11.03,155528,141,卖盘
1204,10:30:15,11.03,92659,84,卖盘
1205,10:30:18,11.03,153333,139,卖盘
1206,10:30:21,11.03,281284,255,卖盘
1207,10:30:24,11.03,326497,296,卖盘
1208,10:30:27,11.03,236083,214,卖盘
1209,10:30:30,11.03,612179,555,卖盘
1210,10:30:33,11.03,556024,504,卖盘
1211,10:30:36,11.03,236082,214,卖盘
1212,10:30:39,11.03,132370,120,卖盘
1213,10:30:42,11.03,86036,78,卖盘
1214,10:30:45,11.04,263625,239,买盘
1215,10:30:48,11.03,153359,139,卖盘
1216,10:30:51,11.04,239503,217,买盘
1217,10:30:54,11.03,713718,647,卖盘
1218,10:30:57,11.03,291234,264,卖盘
1219,10:31:00,11.04,130207,118,买盘
1220,10:31:03,11.03,71707,65,卖盘
1221,10:31:06,11.04,200860,182,买盘
1222,10:31:09,11.04,627050,568,买盘
1223,10:31:12,11.04,49681,45,卖盘
1224,10:31:15,11.05,33121,30,买盘
1225,10:31:18,11.04,66250,60,卖盘
1226,10:31:21,11.04,179957,163,卖盘
1227,10:31:24,11.04,15456,14,卖盘
1228,10:31:27,11.04,108206,98,卖盘
1229,10:31:30,11.04,34246,31,卖盘
1230,10:31:33,11.04,152356,138,卖盘
1231,10:31:36,11.04,93886,85,卖盘
1232,10:31:39,11.04,119270,108,卖盘
1233,10:31:42,11.04,201028,182,卖盘
1234,10:31:45,11.05,103783,94,买盘
1235,10:31:48,11.05,376474,341,买盘
1236,10:31:51,11.04,25398,23,卖盘
1237,10:31:54,11.05,239590,217,买盘
1238,10:31:57,11.04,87233,79,卖盘
1239,10:32:00,11.05,149122,135,买盘
1240,10:32:03,11.05,104956,95,买盘
1241,10:32:06,11.05,35360,32,买盘
1242,10:32:09,11.05,44181,40,买盘
1243,10:32:12,11.05,20988,19,买盘
1244,10:32:15,11.05,38656,35,买盘
1245,10:32:18,11.05,370092,335,买盘
1246,10:32:21,11.04,98343,89,卖盘
1247,10:32:24,11.05,220985,200,买盘
1248,10:32:27,11.05,80659,73,买盘
1249,10:32:30,11.04,320232,290,卖盘
1250,10:32:33,11.05,46402,42,买盘
1251,10:32:36,11.05,336801,305,买盘
1252,10:32:39,11.05,45299,41,买盘
1253,10:32:42,11.05,145836,132,买盘
1254,10:32:45,11.04,105984,96,卖盘
1255,10:32:48,11.04,11048,10,卖盘
1256,10:32:51,11.05,186729,169,买盘
1257,10:32:54,11.05,261650,237,买盘
1258,10:32:57,11.04,119273,108,卖盘
1259,10:33:00,11.05,48608,44,买盘
1260,10:33:03,11.05,43078,39,买盘
1261,10:33:06,11.05,66274,60,买盘
1262,10:33:09,11.05,54135,49,买盘
1263,10:33:12,11.05,72928,66,买盘
1264,10:33:15,11.05,32026,29,买盘
1265,10:33:18,11.05,98337,89,买盘
1266,10:33:21,11.05,85062,77,买盘
1267,10:33:24,11.04,95009,86,卖盘
1268,10:33:27,11.05,142544,129,买盘
1269,10:33:30,11.04,57438,52,卖盘
1270,10:33:33,11.05,131474,119,买盘
1271,10:33:36,11.05,103822,94,买盘
1272,10:33:39,11.05,35360,32,买盘
1273,10:33:42,11.05,119340,108,买盘
1274,10:33:45,11.05,2210,2,卖盘
1275,10:33:48,11.06,11051,10,买盘
1276,10:33:51,11.05,22116,20,卖盘
1277,10:33:54,11.06,749238,678,买盘
1278,10:33:57,11.06,318527,288,买盘
1279,10:34:00,11.05,159171,144,卖盘
1280,10:34:03,11.05,86227,78,买盘
1281,10:34:06,11.06,5530,5,买盘
1282,10:34:09,11.05,3317,3,卖盘
1283,10:34:12,11.06,39793,36,买盘
1284,10:34:15,11.06,374601,339,买盘
1285,10:34:18,11.06,9954,9,买盘
1286,10:34:21,11.06,617762,559,买盘
1287,10:34:24,11.05,77365,70,卖盘
1288,10:34:27,11.04,4418,4,卖盘
1289,10:34:30,11.05,48621,44,买盘
1290,10:34:33,11.04,58542,53,卖盘
1291,10:34:36,11.05,135821,123,买盘
1292,10:34:39,11.04,71772,65,卖盘
1293,10:34:42,11.05,29830,27,买盘
1294,10:34:45,11.04,68449,62,卖盘
1295,10:34:48,11.05,18773,17,买盘
1296,10:34:51,11.05,79535,72,买盘
1297,10:34:54,11.04,118155,107,卖盘
1298,10:34:57,11.04,129206,117,卖盘
1299,10:35:00,11.04,70684,64,卖盘
1300,10:35:03,11.05,218605,198,买盘
1301,10:35:06,11.05,38654,35,买盘
1302,10:35:09,11.05,359965,326,买盘
1303,10:35:12,11.05,178998,162,买盘
1304,10:35:15,11.04,37559,34,卖盘
1305,10:35:18,11.05,69599,63,买盘
1306,10:35:21,11.05,50807,46,买盘
1307,10:35:24,11.04,79498,72,卖盘
1308,10:35:27,11.04,168967,153,卖盘
1309,10:35:30,11.04,161194,146,卖盘
1310,10:35:33,11.04,1905363,1726,卖盘
1311,10:35:36,11.04,27595,25,买盘
1312,10:35:39,11.04,82796,75,买盘
1313,10:35:42,11.04,34217,31,买盘
1314,10:35:45,11.04,39724,36,买盘
1315,10:35:48,11.04,7725,7,买盘
1316,10:35:51,11.04,184367,167,买盘
1317,10:35:54,11.04,182056,165,买盘
1318,10:35:57,11.04,238438,216,买盘
1319,10:36:00,11.04,44160,40,买盘
1320,10:36:03,11.03,139011,126,卖盘
1321,10:36:06,11.04,176599,160,买盘
1322,10:36:09,11.03,476637,432,卖盘
1323,10:36:12,11.03,72825,66,卖盘
1324,10:36:15,11.03,123556,112,卖盘
1325,10:36:18,11.03,142397,129,卖盘
1326,10:36:21,11.03,539367,489,卖盘
1327,10:36:24,11.03,120236,109,卖盘
1328,10:36:27,11.04,113706,103,买盘
1329,10:36:30,11.04,1296108,1175,卖盘
1330,10:36:33,11.03,20959,19,卖盘
1331,10:36:36,11.04,98189,89,买盘
1332,10:36:39,11.04,123568,112,买盘
1333,10:36:42,11.03,130164,118,卖盘
1334,10:36:45,11.03,96029,87,卖盘
1335,10:36:48,11.04,27584,25,买盘
1336,10:36:51,11.03,115822,105,卖盘
1337,10:36:54,11.04,48544,44,买盘
1338,10:36:57,11.03,46331,42,卖盘
1339,10:37:00,11.04,39720,36,买盘
1340,10:37:03,11.03,126849,115,卖盘
1341,10:37:06,11.04,134611,122,买盘
1342,10:37:09,11.04,150054,136,买盘
1343,10:37:12,11.03,66221,60,卖盘
1344,10:37:15,11.04,132382,120,买盘
1345,10:37:18,11.03,52980,48,卖盘
1346,10:37:21,11.03,1539686,1396,卖盘
1347,10:37:24,11.02,140071,127,卖盘
1348,10:37:27,11.03,131238,119,买盘
1349,10:37:30,11.02,451861,410,卖盘
1350,10:37:33,11.02,153199,139,卖盘
1351,10:37:36,11.02,101406,92,卖盘
1352,10:37:39,11.03,33065,30,买盘
1353,10:37:42,11.02,557612,506,卖盘
1354,10:37:45,11.02,569743,517,卖盘
1355,10:37:48,11.02,344931,313,卖盘
1356,10:37:51,11.03,132308,120,买盘
1357,10:37:54,11.02,829806,753,卖盘
1358,10:37:57,11.02,274408,249,卖盘
1359,10:38:00,11.02,4147919,3764,卖盘
1360,10:38:03,11.02,143260,130,买盘
1361,10:38:06,11.01,127788,116,卖盘
1362,10:38:09,11.01,923756,839,卖盘
1363,10:38:12,11.01,943573,857,卖盘
1364,10:38:15,11.01,1272913,1156,卖盘
1365,10:38:18,11.02,107908,98,买盘
1366,10:38:21,11.01,266512,242,卖盘
1367,10:38:24,11.01,1354250,1230,卖盘
1368,10:38:27,11.01,385398,350,卖盘
1369,10:38:30,11.01,212512,193,卖盘
1370,10:38:33,11.02,823561,748,买盘
1371,10:38:36,11.02,474539,431,买盘
1372,10:38:39,11.02,810778,736,买盘
1373,10:38:42,11.02,223522,203,买盘
1374,10:38:45,11.02,206043,187,买盘
1375,10:38:48,11.01,77084,70,卖盘
1376,10:38:51,11.01,118936,108,卖盘
1377,10:38:54,11.01,105747,96,卖盘
1378,10:38:57,11.02,931179,845,买盘
1379,10:39:00,11.01,685089,622,卖盘
1380,10:39:03,11.01,161883,147,卖盘
1381,10:39:06,11.02,79312,72,买盘
1382,10:39:09,11.02,67175,61,买盘
1383,10:39:12,11.01,284106,258,卖盘
1384,10:39:15,11.02,591320,537,买盘
1385,10:39:18,11.01,391959,356,卖盘
1386,10:39:21,11.01,175070,159,卖盘
1387,10:39:24,11.02,288625,262,买盘
1388,10:39:27,11.02,74906,68,买盘
1389,10:39:30,11.02,73769,67,买盘
1390,10:39:33,11.01,204843,186,卖盘
1391,10:39:36,11.01,225817,205,卖盘
1392,10:39:39,11.01,167393,152,卖盘
1393,10:39:42,11.01,705746,641,卖盘
1394,10:39:45,11.01,374367,340,卖盘
1395,10:39:48,11.02,519775,472,买盘
1396,10:39:51,11.01,53949,49,卖盘
1397,10:39:54,11.02,28642,26,买盘
1398,10:39:57,11.02,700258,636,买盘
1399,10:40:00,11.02,421800,383,买盘
1400,10:40:03,11.01,79277,72,卖盘
1401,10:40:06,11.01,396375,360,卖盘
1402,10:40:09,11.0,183857,167,卖盘
1403,10:40:12,11.01,540281,491,买盘
1404,10:40:15,11.0,262977,239,卖盘
1405,10:40:18,11.0,519280,472,卖盘
1406,10:40:21,11.01,248666,226,买盘
1407,10:40:24,11.0,518366,471,卖盘
1408,10:40:27,11.0,557826,507,卖盘
1409,10:40:30,11.01,232123,211,买盘
1410,10:40:33,11.0,252047,229,卖盘
1411,10:40:36,11.0,642445,584,卖盘
1412,10:40:39,11.0,332212,302,卖盘
1413,10:40:42,11.0,170530,155,卖盘
1414,10:40:45,11.0,568979,517,卖盘
1415,10:40:48,11.0,766872,697,卖盘
1416,10:40:51,11.0,365204,332,卖盘
1417,10:40:54,11.0,388321,353,卖盘
1418,10:40:57,11.0,510512,464,卖盘
1419,10:41:00,11.01,193631,176,买盘
1420,10:41:03,11.0,248604,226,卖盘
1421,10:41:06,11.0,159533,145,卖盘
1422,10:41:09,11.0,187000,170,卖盘
1423,10:41:12,11.01,532458,484,买盘
1424,10:41:15,11.0,127618,116,卖盘
1425,10:41:18,11.0,257430,234,卖盘
1426,10:41:21,11.01,90235,82,买盘
1427,10:41:24,11.0,163915,149,卖盘
1428,10:41:27,11.01,177205,161,买盘
1429,10:41:30,11.0,391851,356,卖盘
1430,10:41:33,11.01,467660,425,买盘
1431,10:41:36,11.01,173958,158,买盘
1432,10:41:39,11.01,581125,528,买盘
1433,10:41:42,11.01,102368,93,买盘
1434,10:41:45,11.01,267525,243,买盘
1435,10:41:48,11.01,575562,523,买盘
1436,10:41:51,11.02,245550,223,买盘
1437,10:41:54,11.01,195980,178,卖盘
1438,10:41:57,11.01,56153,51,卖盘
1439,10:42:00,11.01,29750,27,卖盘
1440,10:42:03,11.01,417321,379,卖盘
1441,10:42:06,11.01,301678,274,卖盘
1442,10:42:09,11.02,271000,246,买盘
1443,10:42:12,11.01,197034,179,卖盘
1444,10:42:15,11.02,287487,261,买盘
1445,10:42:18,11.01,86979,79,卖盘
1446,10:42:21,11.02,58369,53,买盘
1447,10:42:24,11.01,35238,32,卖盘
1448,10:42:27,11.02,71609,65,买盘
1449,10:42:30,11.02,48476,44,买盘
1450,10:42:33,11.01,238917,217,卖盘
1451,10:42:36,11.01,26429,24,卖盘
1452,10:42:39,11.02,92506,84,买盘
1453,10:42:42,11.01,44046,40,卖盘
1454,10:42:45,11.02,127773,116,买盘
1455,10:42:48,11.01,204822,186,卖盘
1456,10:42:51,11.01,154148,140,卖盘
1457,10:42:54,11.02,13224,12,买盘
1458,10:42:57,11.02,15428,14,买盘
1459,10:43:00,11.01,94724,86,卖盘
1460,10:43:03,11.02,135470,123,买盘
1461,10:43:06,11.02,118958,108,买盘
1462,10:43:09,11.01,238022,216,卖盘
1463,10:43:12,11.01,62785,57,卖盘
1464,10:43:15,11.01,861658,782,卖盘
1465,10:43:18,11.02,101334,92,买盘
1466,10:43:21,11.01,126723,115,卖盘
1467,10:43:24,11.02,150959,137,买盘
1468,10:43:27,11.01,48469,44,卖盘
1469,10:43:30,11.02,90285,82,买盘
1470,10:43:33,11.02,53981,49,买盘
1471,10:43:36,11.02,50677,46,买盘
1472,10:43:39,11.01,106806,97,卖盘
1473,10:43:42,11.01,71607,65,卖盘
1474,10:43:45,11.02,31948,29,买盘
1475,10:43:48,11.02,66070,60,买盘
1476,10:43:51,11.01,98021,89,卖盘
1477,10:43:54,11.02,112391,102,买盘
1478,10:43:57,11.01,55096,50,卖盘
1479,10:44:00,11.02,30846,28,买盘
1480,10:44:03,11.01,81479,74,卖盘
1481,10:44:06,11.01,165179,150,卖盘
1482,10:44:09,11.02,64988,59,买盘
1483,10:44:12,11.02,81521,74,买盘
1484,10:44:15,11.02,60585,55,买盘
1485,10:44:18,11.02,46275,42,买盘
1486,10:44:21,11.02,84854,77,买盘
1487,10:44:24,11.02,312749,284,买盘
1488,10:44:27,11.02,182811,166,买盘
1489,10:44:30,11.02,68324,62,买盘
1490,10:44:33,11.02,157585,143,买盘
1491,10:44:36,11.02,137728,125,买盘
1492,10:44:39,11.02,116782,106,买盘
1493,10:44:42,11.02,84852,77,买盘
1494,10:44:45,11.02,105782,96,买盘
1495,10:44:48,11.02,582943,529,买盘
1496,10:44:51,11.02,30856,28,卖盘
1497,10:44:54,11.02,18734,17,卖盘
1498,10:44:57,11.03,16545,15,买盘
1499,10:45:00,11.02,60640,55,卖盘
1500,10:45:03,11.02,160896,146,卖盘
1501,10:45:06,11.02,95919,87,卖盘
1502,10:45:09,11.02,216066,196,卖盘
1503,10:45:12,11.02,120131,109,卖盘
1504,10:45:15,11.02,105863,96,卖盘
1505,10:45:18,11.03,49605,45,买盘
1506,10:45:21,11.02,79356,72,卖盘
1507,10:45:24,11.03,145528,132,买盘
1508,10:45:27,11.03,218300,198,买盘
1509,10:45:30,11.03,63933,58,买盘
1510,10:45:33,11.03,200696,182,买盘
1511,10:45:36,11.03,306533,278,买盘
1512,10:45:39,11.04,68387,62,买盘
1513,10:45:42,11.02,133468,121,卖盘
1514,10:45:45,11.03,20952,19,买盘
1515,10:45:48,11.03,60665,55,买盘
1516,10:45:51,11.03,1373258,1246,买盘
1517,10:45:54,11.03,129038,117,买盘
1518,10:45:57,11.03,545679,495,买盘
1519,10:46:00,11.02,188542,171,卖盘
1520,10:46:03,11.01,61711,56,卖盘
1521,10:46:06,11.02,111272,101,买盘
1522,10:46:09,11.02,79339,72,卖盘
1523,10:46:12,11.02,255448,232,买盘
1524,10:46:15,11.02,101316,92,买盘
1525,10:46:18,11.02,265578,241,买盘
1526,10:46:21,11.02,228114,207,卖盘
1527,10:46:24,11.02,103569,94,买盘
1528,10:46:27,11.02,23142,21,买盘
1529,10:46:30,11.02,40774,37,买盘
1530,10:46:33,11.02,62801,57,买盘
1531,10:46:36,11.02,27547,25,买盘
1532,10:46:39,11.02,149872,136,买盘
1533,10:46:42,11.01,131053,119,卖盘
1534,10:46:45,11.01,36359,33,卖盘
1535,10:46:48,11.02,5510,5,买盘
1536,10:46:51,11.02,5508,5,买盘
1537,10:46:54,11.02,53998,49,买盘
1538,10:46:57,11.01,246660,224,卖盘
1539,10:47:00,11.02,158651,144,买盘
1540,10:47:03,11.02,97995,89,买盘
1541,10:47:06,11.01,256549,233,卖盘
1542,10:47:09,11.01,35239,32,卖盘
1543,10:47:12,11.01,4646084,4221,卖盘
1544,10:47:15,11.0,58340,53,卖盘
1545,10:47:18,11.01,142006,129,买盘
1546,10:47:21,11.0,23101,21,卖盘
1547,10:47:24,11.0,282720,257,卖盘
1548,10:47:27,11.0,700790,637,卖盘
1549,10:47:30,11.0,66023,60,卖盘
1550,10:47:33,11.0,587406,534,卖盘
1551,10:47:36,10.99,10616579,9653,卖盘
1552,10:47:39,10.99,664351,605,买盘
1553,10:47:42,10.99,102156,93,买盘
1554,10:47:45,10.99,330518,301,买盘
1555,10:47:48,10.99,265734,242,买盘
1556,10:47:51,10.98,87840,80,卖盘
1557,10:47:54,10.99,484428,441,买盘
1558,10:47:57,10.98,331650,302,卖盘
1559,10:48:00,10.98,314151,286,卖盘
1560,10:48:03,10.98,585297,533,卖盘
1561,10:48:06,10.98,352472,321,卖盘
1562,10:48:09,10.98,195447,178,卖盘
1563,10:48:12,10.98,631380,575,卖盘
1564,10:48:15,10.98,422741,385,卖盘
1565,10:48:18,10.98,162504,148,卖盘
1566,10:48:21,10.98,431522,393,卖盘
1567,10:48:24,10.98,172411,157,卖盘
1568,10:48:27,10.98,426124,388,卖盘
1569,10:48:30,10.98,118640,108,卖盘
1570,10:48:33,10.98,577623,526,卖盘
1571,10:48:36,10.98,424969,387,卖盘
1572,10:48:39,10.98,293187,267,卖盘
1573,10:48:42,10.98,737862,672,卖盘
1574,10:48:45,10.98,554494,505,卖盘
1575,10:48:48,10.98,51606,47,买盘
1576,10:48:51,10.97,752695,686,卖盘
1577,10:48:54,10.97,638664,582,卖盘
1578,10:48:57,10.97,117394,107,卖盘
1579,10:49:00,10.98,161278,147,买盘
1580,10:49:03,10.98,475322,433,买盘
1581,10:49:06,10.97,859287,783,卖盘
1582,10:49:09,10.98,352193,321,买盘
1583,10:49:12,10.98,129483,118,买盘
1584,10:49:15,10.97,740506,675,卖盘
1585,10:49:18,10.98,197520,180,买盘
1586,10:49:21,10.98,401564,366,买盘
1587,10:49:24,10.97,263293,240,卖盘
1588,10:49:27,10.97,234814,214,卖盘
1589,10:49:30,10.97,120694,110,卖盘
1590,10:49:33,10.97,489262,446,卖盘
1591,10:49:36,10.98,751556,685,买盘
1592,10:49:39,10.97,286327,261,卖盘
1593,10:49:42,10.98,87765,80,买盘
1594,10:49:45,10.97,392785,358,卖盘
1595,10:49:48,10.98,77917,71,买盘
1596,10:49:51,10.97,93265,85,卖盘
1597,10:49:54,10.98,136039,124,买盘
1598,10:49:57,10.97,187595,171,卖盘
1599,10:50:00,10.97,496941,453,卖盘
1600,10:50:03,10.97,168943,154,买盘
1601,10:50:06,10.97,149205,136,卖盘
1602,10:50:09,10.97,215020,196,卖盘
1603,10:50:12,10.97,182104,166,买盘
1604,10:50:15,10.97,85566,78,卖盘
1605,10:50:18,10.97,687797,627,卖盘
1606,10:50:21,10.97,369689,337,卖盘
1607,10:50:24,10.97,159065,145,买盘
1608,10:50:27,10.97,47181,43,卖盘
1609,10:50:30,10.98,246844,225,买盘
1610,10:50:33,10.97,204063,186,卖盘
1611,10:50:36,10.98,392729,358,买盘
1612,10:50:39,10.97,213969,195,卖盘
1613,10:50:42,10.97,8782,8,卖盘
1614,10:50:45,10.97,362010,330,卖盘
1615,10:50:48,10.97,182109,166,卖盘
1616,10:50:51,10.97,99838,91,卖盘
1617,10:50:54,10.97,235870,215,卖盘
1618,10:50:57,10.97,80055,73,买盘
1619,10:51:00,10.97,144723,132,买盘
1620,10:51:03,10.97,249019,227,买盘
1621,10:51:06,10.97,205116,187,买盘
1622,10:51:09,10.97,406966,371,买盘
1623,10:51:12,10.97,149192,136,卖盘
1624,10:51:15,10.97,89960,82,卖盘
1625,10:51:18,10.97,2799560,2552,卖盘
1626,10:51:21,10.97,184394,168,卖盘
1627,10:51:24,10.97,727060,663,卖盘
1628,10:51:27,10.99,1883109,1715,买盘
1629,10:51:30,10.98,76824,70,中性盘
1630,10:51:33,10.98,25255,23,中性盘
1631,10:51:36,10.98,1098,1,卖盘
1632,10:51:39,10.98,54916,50,卖盘
1633,10:51:42,10.99,920203,838,买盘
1634,10:51:45,10.99,90037,82,买盘
1635,10:51:48,10.98,73566,67,卖盘
1636,10:51:51,10.98,107642,98,中性盘
1637,10:51:54,10.98,97727,89,买盘
1638,10:51:57,10.98,18676,17,卖盘
1639,10:52:00,10.99,143842,131,买盘
1640,10:52:03,10.98,16475,15,卖盘
1641,10:52:06,10.99,68128,62,买盘
1642,10:52:09,10.99,123086,112,买盘
1643,10:52:12,10.99,90080,82,买盘
1644,10:52:15,10.98,159298,145,卖盘
1645,10:52:18,10.99,947703,863,买盘
1646,10:52:21,10.99,7690,7,买盘
1647,10:52:24,10.99,80217,73,买盘
1648,10:52:27,10.99,220739,201,买盘
1649,10:52:30,10.98,86766,79,卖盘
1650,10:52:33,10.99,65895,60,买盘
1651,10:52:36,10.99,88984,81,买盘
1652,10:52:39,10.98,175811,160,卖盘
1653,10:52:42,10.98,58212,53,卖盘
1654,10:52:45,10.98,46147,42,卖盘
1655,10:52:48,10.98,51612,47,卖盘
1656,10:52:51,10.98,121929,111,卖盘
1657,10:52:54,10.98,67019,61,卖盘
1658,10:52:57,10.99,92315,84,买盘
1659,10:53:00,10.98,50510,46,卖盘
1660,10:53:03,10.98,238453,217,卖盘
1661,10:53:06,10.99,224106,204,买盘
1662,10:53:09,10.98,382161,348,卖盘
1663,10:53:12,10.98,12080,11,卖盘
1664,10:53:15,10.99,124086,113,买盘
1665,10:53:18,10.99,161412,147,买盘
1666,10:53:21,10.98,48316,44,卖盘
1667,10:53:24,10.99,56013,51,买盘
1668,10:53:27,10.99,30759,28,买盘
1669,10:53:30,10.99,388695,354,买盘
1670,10:53:33,10.99,57108,52,买盘
1671,10:53:36,10.99,153799,140,买盘
1672,10:53:39,10.99,141652,129,买盘
1673,10:53:42,10.99,196564,179,买盘
1674,10:53:45,10.98,360165,328,卖盘
1675,10:53:48,10.98,61488,56,买盘
1676,10:53:51,10.98,37329,34,买盘
1677,10:53:54,10.97,173483,158,卖盘
1678,10:53:57,10.98,40626,37,买盘
1679,10:54:00,10.99,30745,28,买盘
1680,10:54:03,10.98,62586,57,卖盘
1681,10:54:06,10.98,167994,153,卖盘
1682,10:54:09,10.98,57096,52,买盘
1683,10:54:12,10.98,258012,235,买盘
1684,10:54:15,10.98,333774,304,买盘
1685,10:54:18,10.98,142740,130,卖盘
1686,10:54:21,10.98,281101,256,卖盘
1687,10:54:24,10.98,18666,17,买盘
1688,10:54:27,10.98,83446,76,买盘
1689,10:54:30,10.98,63326,58,买盘
1690,10:54:33,10.97,71368,65,卖盘
1691,10:54:36,10.98,106483,97,买盘
1692,10:54:39,10.97,59298,54,卖盘
1693,10:54:42,10.98,17567,16,中性盘
1694,10:54:45,10.98,8784,8,卖盘
1695,10:54:48,10.98,94428,86,卖盘
1696,10:54:51,10.98,172393,157,卖盘
1697,10:54:54,10.98,65910,60,卖盘
1698,10:54:57,10.99,61509,56,买盘
1699,10:55:00,10.99,57097,52,买盘
1700,10:55:03,10.98,370138,337,卖盘
1701,10:55:06,10.99,103252,94,买盘
1702,10:55:09,10.98,373488,340,卖盘
1703,10:55:12,10.98,82355,75,卖盘
1704,10:55:15,10.98,20877,19,卖盘
1705,10:55:18,10.98,97742,89,卖盘
1706,10:55:21,10.99,28551,26,买盘
1707,10:55:24,10.98,159210,145,卖盘
1708,10:55:27,10.98,300915,274,卖盘
1709,10:55:30,10.98,58194,53,卖盘
1710,10:55:33,10.99,284620,259,买盘
1711,10:55:36,10.98,421938,384,卖盘
1712,10:55:39,10.98,17568,16,卖盘
1713,10:55:42,10.98,117489,107,卖盘
1714,10:55:45,10.98,13176,12,卖盘
1715,10:55:48,10.99,74700,68,买盘
1716,10:55:51,10.98,99930,91,卖盘
1717,10:55:54,10.99,57146,52,买盘
1718,10:56:00,10.98,35137,32,卖盘
1719,10:56:03,10.98,76861,70,卖盘
1720,10:56:06,10.99,644633,587,买盘
1721,10:56:09,10.99,69229,63,买盘
1722,10:56:12,10.99,24167,22,买盘
1723,10:56:15,10.99,285622,260,买盘
1724,10:56:18,10.99,148365,135,买盘
1725,10:56:21,10.99,953139,868,买盘
1726,10:56:24,10.99,62631,57,买盘
1727,10:56:27,10.99,642707,585,买盘
1728,10:56:30,10.99,70304,64,买盘
1729,10:56:33,10.98,14285,13,卖盘
1730,10:56:36,10.99,125286,114,买盘
1731,10:56:39,10.99,3297,3,买盘
1732,10:56:42,10.98,84548,77,卖盘
1733,10:56:45,10.98,128475,117,卖盘
1734,10:56:48,10.99,21980,20,买盘
1735,10:56:51,10.99,23069,21,买盘
1736,10:56:54,10.99,94514,86,买盘
1737,10:56:57,10.98,76911,70,卖盘
1738,10:57:00,10.99,23074,21,买盘
1739,10:57:03,10.99,5495,5,买盘
1740,10:57:06,10.99,166978,152,买盘
1741,10:57:09,10.98,156033,142,卖盘
1742,10:57:12,10.99,64840,59,买盘
1743,10:57:15,10.99,29664,27,买盘
1744,10:57:18,10.99,186813,170,买盘
1745,10:57:21,10.99,182434,166,买盘
1746,10:57:24,10.99,70331,64,买盘
1747,10:57:27,10.99,113154,103,买盘
1748,10:57:30,10.99,16485,15,买盘
1749,10:57:33,10.99,49475,45,卖盘
1750,10:57:36,10.99,46158,42,卖盘
1751,10:57:39,10.99,9898,9,卖盘
1752,10:57:42,11.0,68183,62,买盘
1753,10:57:45,10.99,109900,100,卖盘
1754,10:57:48,11.0,45091,41,买盘
1755,10:57:51,10.99,207818,189,卖盘
1756,10:57:54,10.99,36294,33,卖盘
1757,10:57:57,10.99,1099,1,卖盘
1758,10:58:00,11.0,50579,46,买盘
1759,10:58:03,11.0,74800,68,买盘
1760,10:58:06,11.0,240808,219,买盘
1761,10:58:09,11.0,79187,72,买盘
1762,10:58:12,11.0,452041,411,买盘
1763,10:58:15,11.02,1390751,1264,买盘
1764,10:58:18,11.02,16521,15,买盘
1765,10:58:21,11.02,159782,145,买盘
1766,10:58:24,11.02,57301,52,买盘
1767,10:58:27,11.01,70515,64,卖盘
1768,10:58:30,11.02,53975,49,买盘
1769,10:58:33,11.02,22040,20,买盘
1770,10:58:36,11.02,158598,144,买盘
1771,10:58:39,11.01,199350,181,卖盘
1772,10:58:42,11.01,217998,198,买盘
1773,10:58:45,11.01,179528,163,买盘
1774,10:58:48,11.02,120040,109,买盘
1775,10:58:51,11.02,31958,29,买盘
1776,10:58:54,11.02,89262,81,买盘
1777,10:58:57,11.02,279672,254,买盘
1778,10:59:00,11.02,45182,41,买盘
1779,10:59:03,11.02,41868,38,买盘
1780,10:59:06,11.01,151972,138,卖盘
1781,10:59:09,11.01,24222,22,买盘
1782,10:59:12,11.01,38535,35,买盘
1783,10:59:15,11.0,134216,122,卖盘
1784,10:59:18,11.01,56151,51,中性盘
1785,10:59:21,11.0,30803,28,卖盘
1786,10:59:24,11.01,199242,181,买盘
1787,10:59:27,11.01,44008,40,买盘
1788,10:59:30,11.01,56115,51,买盘
1789,10:59:33,11.0,128751,117,卖盘
1790,10:59:36,11.01,52839,48,买盘
1791,10:59:42,11.01,77049,70,买盘
1792,10:59:45,11.0,13209,12,卖盘
1793,10:59:54,11.0,49509,45,卖盘
1794,10:59:57,11.0,107892,98,卖盘
1795,11:00:00,11.01,106756,97,买盘
1796,11:00:03,11.0,93570,85,卖盘
1797,11:00:06,11.0,8801,8,卖盘
1798,11:00:09,11.01,114437,104,买盘
1799,11:00:12,11.01,22017,20,买盘
1800,11:00:15,11.01,77023,70,买盘
1801,11:00:18,11.01,67151,61,买盘
1802,11:00:21,11.01,102353,93,买盘
1803,11:00:24,11.0,933203,848,卖盘
1804,11:00:27,11.0,708410,644,卖盘
1805,11:00:30,11.0,104479,95,买盘
1806,11:00:33,10.99,218813,199,卖盘
1807,11:00:36,10.99,8792,8,卖盘
1808,11:00:39,11.0,78039,71,买盘
1809,11:00:42,10.99,86847,79,卖盘
1810,11:00:45,11.0,25285,23,买盘
1811,11:00:48,10.99,52764,48,卖盘
1812,11:00:51,11.0,26400,24,买盘
1813,11:00:54,11.0,36287,33,买盘
1814,11:00:57,10.99,121999,111,卖盘
1815,11:01:00,10.99,94515,86,卖盘
1816,11:01:03,10.99,322007,293,卖盘
1817,11:01:06,10.99,562703,512,卖盘
1818,11:01:09,10.99,87856,80,买盘
1819,11:01:12,10.99,27469,25,买盘
1820,11:01:15,10.99,29673,27,买盘
1821,11:01:18,10.99,116439,106,买盘
1822,11:01:21,10.99,68132,62,买盘
1823,11:01:24,10.98,70316,64,卖盘
1824,11:01:27,10.99,80221,73,买盘
1825,11:01:30,10.98,7687,7,卖盘
1826,11:01:33,10.98,158221,144,卖盘
1827,11:01:36,10.98,35163,32,卖盘
1828,11:01:39,10.98,13186,12,卖盘
1829,11:01:42,10.98,47214,43,卖盘
1830,11:01:45,10.99,18680,17,买盘
1831,11:01:48,10.98,2388151,2175,卖盘
1832,11:01:51,10.99,54905,50,买盘
1833,11:01:54,10.99,208557,190,买盘
1834,11:01:57,10.98,80164,73,卖盘
1835,11:02:00,10.98,47214,43,买盘
1836,11:02:03,10.98,91136,83,卖盘
1837,11:02:06,10.98,27450,25,卖盘
1838,11:02:09,10.99,86759,79,买盘
1839,11:02:12,10.98,87850,80,卖盘
1840,11:02:15,10.98,52713,48,卖盘
1841,11:02:18,10.98,25262,23,卖盘
1842,11:02:21,10.99,24175,22,买盘
1843,11:02:24,10.98,32940,30,卖盘
1844,11:02:27,10.98,109831,100,卖盘
1845,11:02:30,10.98,3295,3,卖盘
1846,11:02:33,10.98,90036,82,卖盘
1847,11:02:36,10.98,261328,238,卖盘
1848,11:02:39,10.98,25268,23,卖盘
1849,11:02:42,10.98,106506,97,卖盘
1850,11:02:45,10.99,25267,23,买盘
1851,11:02:48,10.99,2198,2,买盘
1852,11:02:51,10.99,98896,90,买盘
1853,11:02:54,10.99,428599,390,买盘
1854,11:02:57,10.98,128549,117,卖盘
1855,11:03:00,10.98,71375,65,卖盘
1856,11:03:03,10.99,124080,113,中性盘
1857,11:03:06,10.99,34069,31,卖盘
1858,11:03:09,10.99,16485,15,卖盘
1859,11:03:12,10.99,3297,3,卖盘
1860,11:03:15,11.0,45090,41,买盘
1861,11:03:18,10.99,64849,59,卖盘
1862,11:03:21,10.99,345904,315,卖盘
1863,11:03:24,10.99,29673,27,买盘
1864,11:03:27,10.99,49475,45,卖盘
1865,11:03:30,10.99,35168,32,卖盘
1866,11:03:33,10.99,46158,42,买盘
1867,11:03:36,10.99,145055,132,买盘
1868,11:03:39,10.99,32970,30,卖盘
1869,11:03:42,10.99,7693,7,卖盘
1870,11:03:45,10.99,10990,10,买盘
1871,11:03:48,10.99,9897,9,买盘
1872,11:03:51,10.98,244187,222,卖盘
1873,11:03:54,10.98,30764,28,卖盘
1874,11:03:57,10.98,46124,42,卖盘
1875,11:04:00,10.98,76879,70,卖盘
1876,11:04:03,10.98,50508,46,卖盘
1877,11:04:06,10.98,15372,14,卖盘
1878,11:04:09,10.99,41762,38,买盘
1879,11:04:12,10.99,3297,3,卖盘
1880,11:04:15,10.99,38465,35,卖盘
1881,11:04:18,10.99,78029,71,卖盘
1882,11:04:21,10.99,53851,49,买盘
1883,11:04:24,10.98,16483,15,卖盘
1884,11:04:27,10.98,7686,7,卖盘
1885,11:04:30,10.98,27470,25,卖盘
1886,11:04:33,10.99,14279,13,买盘
1887,11:04:36,10.98,224002,204,卖盘
1888,11:04:42,10.99,1099,1,买盘
1889,11:04:45,10.98,88982,81,卖盘
1890,11:04:48,10.99,59317,54,买盘
1891,11:04:51,10.98,7690,7,卖盘
1892,11:04:54,10.98,20867,19,卖盘
1893,11:04:57,10.99,85652,78,买盘
1894,11:05:00,10.98,64833,59,卖盘
1895,11:05:03,10.99,24178,22,买盘
1896,11:05:06,10.98,41754,38,卖盘
1897,11:05:09,10.99,282424,257,买盘
1898,11:05:12,10.99,36267,33,买盘
1899,11:05:15,10.99,259180,236,买盘
1900,11:05:18,10.99,243812,222,买盘
1901,11:05:21,10.98,110902,101,卖盘
1902,11:05:24,10.99,20876,19,买盘
1903,11:05:27,10.98,79097,72,卖盘
1904,11:05:30,10.99,8792,8,买盘
1905,11:05:33,10.99,16485,15,买盘
1906,11:05:36,10.98,81310,74,卖盘
1907,11:05:39,10.98,406563,370,卖盘
1908,11:05:42,11.0,309087,281,买盘
1909,11:05:45,10.99,78029,71,卖盘
1910,11:05:48,11.0,220909,201,买盘
1911,11:05:51,10.99,23082,21,卖盘
1912,11:05:54,10.99,81396,74,卖盘
1913,11:05:57,10.99,39595,36,卖盘
1914,11:06:00,11.0,9899,9,买盘
1915,11:06:03,11.0,5500,5,买盘
1916,11:06:06,10.99,15386,14,卖盘
1917,11:06:09,11.0,146178,133,买盘
1918,11:06:12,10.99,45075,41,卖盘
1919,11:06:15,10.99,37373,34,卖盘
1920,11:06:18,10.99,19783,18,卖盘
1921,11:06:21,11.0,62700,57,买盘
1922,11:06:24,10.99,69253,63,卖盘
1923,11:06:27,11.0,43961,40,买盘
1924,11:06:30,11.0,191284,174,买盘
1925,11:06:36,11.0,65997,60,买盘
1926,11:06:39,11.0,8795,8,买盘
1927,11:06:42,11.0,72580,66,买盘
1928,11:06:45,11.0,12100,11,买盘
1929,11:06:48,11.0,154000,140,买盘
1930,11:06:51,10.99,12094,11,卖盘
1931,11:06:54,10.99,119845,109,卖盘
1932,11:06:57,11.0,50570,46,买盘
1933,11:07:00,11.0,11000,10,买盘
1934,11:07:03,10.99,38475,35,卖盘
1935,11:07:06,11.0,23082,21,买盘
1936,11:07:09,11.0,34100,31,买盘
1937,11:07:12,11.0,82497,75,买盘
1938,11:07:15,11.0,15392,14,买盘
1939,11:07:21,11.0,7700,7,买盘
1940,11:07:24,11.0,133090,121,买盘
1941,11:07:27,11.0,56099,51,买盘
1942,11:07:33,11.0,97860,89,买盘
1943,11:07:36,11.0,23100,21,买盘
1944,11:07:39,11.0,117625,107,买盘
1945,11:07:42,10.99,32988,30,卖盘
1946,11:07:45,10.99,106624,97,卖盘
1947,11:07:48,10.99,95623,87,卖盘
1948,11:07:54,10.99,51660,47,卖盘
1949,11:07:57,10.99,34082,31,卖盘
1950,11:08:00,10.99,199040,181,卖盘
1951,11:08:03,10.99,26377,24,卖盘
1952,11:08:06,10.99,70336,64,卖盘
1953,11:08:09,10.99,21998,20,卖盘
1954,11:08:12,10.99,250572,228,卖盘
1955,11:08:15,10.99,74733,68,卖盘
1956,11:08:18,10.99,121997,111,卖盘
1957,11:08:21,11.0,54970,50,买盘
1958,11:08:24,10.99,114306,104,卖盘
1959,11:08:27,10.99,82444,75,卖盘
1960,11:08:30,10.99,112098,102,卖盘
1961,11:08:33,11.0,74744,68,买盘
1962,11:08:36,10.99,108861,99,卖盘
1963,11:08:39,10.99,9891,9,买盘
1964,11:08:42,10.99,36267,33,买盘
1965,11:08:45,10.99,64841,59,买盘
1966,11:08:48,10.99,32969,30,买盘
1967,11:08:51,10.99,17582,16,买盘
1968,11:08:54,10.99,50513,46,买盘
1969,11:08:57,10.98,18673,17,卖盘
1970,11:09:00,10.98,9882,9,卖盘
1971,11:09:03,10.99,239492,218,买盘
1972,11:09:06,10.99,120890,110,买盘
1973,11:09:09,10.99,6594,6,买盘
1974,11:09:12,10.98,56038,51,卖盘
1975,11:09:15,10.98,4394,4,卖盘
1976,11:09:18,10.99,37366,34,中性盘
1977,11:09:21,10.99,57148,52,卖盘
1978,11:09:24,11.0,145161,132,买盘
1979,11:09:30,11.0,11000,10,买盘
1980,11:09:33,11.0,23089,21,买盘
1981,11:09:36,10.99,62654,57,卖盘
1982,11:09:39,11.0,262900,239,买盘
1983,11:09:42,10.99,40698,37,卖盘
1984,11:09:45,10.99,4396,4,卖盘
1985,11:09:48,10.99,20889,19,卖盘
1986,11:09:51,10.99,74734,68,卖盘
1987,11:09:54,11.0,43970,40,买盘
1988,11:09:57,11.0,23100,21,买盘
1989,11:10:00,11.0,325389,296,买盘
1990,11:10:03,11.0,39598,36,买盘
1991,11:10:06,11.0,20893,19,买盘
1992,11:10:09,11.0,93497,85,买盘
1993,11:10:12,11.0,115397,105,买盘
1994,11:10:15,11.0,31898,29,买盘
1995,11:10:18,10.99,7693,7,卖盘
1996,11:10:21,10.99,62676,57,卖盘
1997,11:10:24,11.0,48364,44,买盘
1998,11:10:27,11.0,103368,94,买盘
1999,11:10:33,11.0,63748,58,买盘
2000,11:10:36,11.0,39584,36,买盘
2001,11:10:39,10.99,28594,26,卖盘
2002,11:10:42,10.99,198919,181,卖盘
2003,11:10:45,11.0,31898,29,买盘
2004,11:10:48,10.99,215415,196,卖盘
2005,11:10:51,11.0,3300,3,买盘
2006,11:10:54,10.99,168147,153,卖盘
2007,11:10:57,10.99,43963,40,中性盘
2008,11:11:00,11.0,378966,345,买盘
2009,11:11:03,11.0,50566,46,买盘
2010,11:11:06,10.99,14297,13,卖盘
2011,11:11:09,10.99,2198,2,卖盘
2012,11:11:12,10.99,80235,73,卖盘
2013,11:11:15,10.99,103306,94,卖盘
2014,11:11:18,10.99,334097,304,卖盘
2015,11:11:21,10.99,129682,118,卖盘
2016,11:11:24,10.99,7693,7,买盘
2017,11:11:27,10.99,10990,10,买盘
2018,11:11:30,10.99,39564,36,买盘
2019,11:11:33,10.99,21971,20,买盘
2020,11:11:36,10.99,56048,51,买盘
2021,11:11:39,10.99,34069,31,买盘
2022,11:11:42,10.99,6594,6,卖盘
2023,11:11:45,10.99,26376,24,卖盘
2024,11:11:48,11.0,58257,53,买盘
2025,11:11:51,11.0,45089,41,买盘
2026,11:11:54,11.0,229758,209,买盘
2027,11:11:57,11.0,4400,4,买盘
2028,11:12:00,10.99,123094,112,卖盘
2029,11:12:03,10.99,14297,13,卖盘
2030,11:12:06,11.0,18692,17,买盘
2031,11:12:09,11.0,13193,12,买盘
2032,11:12:12,10.99,89019,81,卖盘
2033,11:12:15,10.99,74734,68,卖盘
2034,11:12:18,10.99,116494,106,买盘
2035,11:12:21,10.99,134058,122,买盘
2036,11:12:24,10.99,5495,5,卖盘
2037,11:12:27,10.99,30772,28,卖盘
2038,11:12:30,10.99,41767,38,卖盘
2039,11:12:33,10.99,71435,65,卖盘
2040,11:12:36,10.99,19782,18,卖盘
2041,11:12:39,11.0,85750,78,买盘
2042,11:12:42,10.99,28576,26,卖盘
2043,11:12:45,10.99,26376,24,卖盘
2044,11:12:48,10.99,19784,18,卖盘
2045,11:12:51,10.99,3297,3,卖盘
2046,11:12:54,10.99,17584,16,卖盘
2047,11:12:57,10.99,32970,30,卖盘
2048,11:13:03,10.99,19787,18,卖盘
2049,11:13:06,10.99,18689,17,卖盘
2050,11:13:09,10.99,182485,166,卖盘
2051,11:13:12,10.99,4396,4,卖盘
2052,11:13:15,10.99,179137,163,卖盘
2053,11:13:18,10.99,115395,105,卖盘
2054,11:13:21,10.99,73667,67,卖盘
2055,11:13:27,10.99,5495,5,卖盘
2056,11:13:30,11.0,28590,26,买盘
2057,11:13:33,10.99,58247,53,卖盘
2058,11:13:36,10.99,4396,4,卖盘
2059,11:13:39,10.99,126385,115,卖盘
2060,11:13:42,10.99,82469,75,卖盘
2061,11:13:45,10.99,1099,1,卖盘
2062,11:13:48,10.99,12089,11,卖盘
2063,11:13:51,10.99,74732,68,卖盘
2064,11:13:54,11.0,36295,33,买盘
2065,11:13:57,10.99,37366,34,卖盘
2066,11:14:00,10.99,101108,92,卖盘
2067,11:14:06,10.99,54953,50,卖盘
2068,11:14:12,10.99,69239,63,卖盘
2069,11:14:15,10.99,207723,189,卖盘
2070,11:14:21,11.0,15396,14,买盘
2071,11:14:24,10.99,112098,102,卖盘
2072,11:14:27,10.99,96712,88,卖盘
2073,11:14:30,11.0,34099,31,买盘
2074,11:14:33,10.99,174741,159,卖盘
2075,11:14:36,10.99,34069,31,卖盘
2076,11:14:39,10.99,114306,104,卖盘
2077,11:14:42,10.99,3297,3,买盘
2078,11:14:45,10.98,29646,27,卖盘
2079,11:14:51,10.99,18668,17,买盘
2080,11:14:54,10.98,23058,21,卖盘
2081,11:14:57,10.99,235152,214,买盘
2082,11:15:00,10.99,1099,1,买盘
2083,11:15:03,10.99,236095,215,买盘
2084,11:15:06,10.98,189954,173,卖盘
2085,11:15:09,10.99,14287,13,买盘
2086,11:15:12,10.99,17584,16,买盘
2087,11:15:15,10.99,86816,79,买盘
2088,11:15:18,10.99,215404,196,买盘
2089,11:15:21,10.99,102207,93,卖盘
2090,11:15:24,10.99,61544,56,卖盘
2091,11:15:27,10.99,5498,5,卖盘
2092,11:15:30,10.99,27482,25,卖盘
2093,11:15:33,10.99,48356,44,卖盘
2094,11:15:36,11.0,188042,171,买盘
2095,11:15:39,10.99,91217,83,卖盘
2096,11:15:42,11.0,97812,89,买盘
2097,11:15:45,10.99,15395,14,卖盘
2098,11:15:48,10.99,15392,14,卖盘
2099,11:15:51,10.99,2199,2,卖盘
2100,11:15:54,10.99,75831,69,卖盘
2101,11:15:57,10.99,63745,58,卖盘
2102,11:16:00,11.0,25280,23,买盘
2103,11:16:03,10.99,10990,10,卖盘
2104,11:16:06,11.0,13200,12,买盘
2105,11:16:09,10.99,39564,36,卖盘
2106,11:16:15,10.99,53851,49,卖盘
2107,11:16:18,10.99,25277,23,卖盘
2108,11:16:21,10.99,43960,40,卖盘
2109,11:16:24,10.99,37366,34,卖盘
2110,11:16:27,10.99,81326,74,卖盘
2111,11:16:30,10.99,1099,1,卖盘
2112,11:16:33,11.0,104413,95,买盘
2113,11:16:36,11.0,9892,9,买盘
2114,11:16:39,11.0,14300,13,买盘
2115,11:16:42,10.99,26390,24,卖盘
2116,11:16:45,11.0,24187,22,买盘
2117,11:16:48,11.0,1100,1,买盘
2118,11:16:51,10.99,5495,5,卖盘
2119,11:16:54,10.99,14287,13,卖盘
2120,11:16:57,11.0,222197,202,买盘
2121,11:17:00,10.99,39575,36,卖盘
2122,11:17:03,10.99,469416,427,卖盘
2123,11:17:06,11.0,70400,64,买盘
2124,11:17:09,11.0,27500,25,买盘
2125,11:17:12,10.99,16490,15,卖盘
2126,11:17:15,10.99,59348,54,卖盘
2127,11:17:18,11.0,68200,62,买盘
2128,11:17:21,11.0,36300,33,买盘
2129,11:17:24,11.01,1740364,1582,买盘
2130,11:17:27,11.0,27520,25,卖盘
2131,11:17:30,11.01,56134,51,买盘
2132,11:17:33,11.01,2202,2,买盘
2133,11:17:36,11.01,64946,59,买盘
2134,11:17:39,11.01,4404,4,买盘
2135,11:17:42,11.01,90282,82,卖盘
2136,11:17:45,11.01,104570,95,买盘
2137,11:17:48,11.01,45141,41,买盘
2138,11:17:51,11.01,64955,59,买盘
2139,11:17:54,11.01,38535,35,买盘
2140,11:17:57,11.01,20919,19,卖盘
2141,11:18:00,11.01,118908,108,卖盘
2142,11:18:03,11.01,68272,62,卖盘
2143,11:18:06,11.02,8816,8,买盘
2144,11:18:09,11.01,14325,13,卖盘
2145,11:18:12,11.02,25346,23,买盘
2146,11:18:15,11.01,168463,153,卖盘
2147,11:18:18,11.01,123343,112,买盘
2148,11:18:21,11.02,79272,72,买盘
2149,11:18:24,11.02,4408,4,买盘
2150,11:18:27,11.02,16520,15,买盘
2151,11:18:30,11.02,44064,40,买盘
2152,11:18:33,11.02,13224,12,买盘
2153,11:18:36,11.02,19836,18,买盘
2154,11:18:39,11.02,7714,7,买盘
2155,11:18:42,11.02,65018,59,买盘
2156,11:18:45,11.02,311859,283,买盘
2157,11:18:48,11.01,5509,5,卖盘
2158,11:18:51,11.01,6607,6,卖盘
2159,11:18:54,11.02,77140,70,买盘
2160,11:18:57,11.02,8816,8,买盘
2161,11:19:00,11.02,25346,23,买盘
2162,11:19:03,11.02,170754,155,买盘
2163,11:19:06,11.01,11014,10,卖盘
2164,11:19:09,11.02,28640,26,买盘
2165,11:19:12,11.02,11020,10,买盘
2166,11:19:15,11.02,71595,65,买盘
2167,11:19:18,11.02,111222,101,买盘
2168,11:19:21,11.02,12113,11,买盘
2169,11:19:24,11.02,13222,12,买盘
2170,11:19:27,11.02,23136,21,买盘
2171,11:19:30,11.02,45180,41,买盘
2172,11:19:33,11.01,74924,68,卖盘
2173,11:19:36,11.02,180720,164,买盘
2174,11:19:39,11.02,123371,112,买盘
2175,11:19:42,11.02,200564,182,买盘
2176,11:19:45,11.02,22040,20,买盘
2177,11:19:48,11.02,128929,117,买盘
2178,11:19:54,11.02,46285,42,卖盘
2179,11:19:57,11.02,57304,52,卖盘
2180,11:20:00,11.02,22055,20,卖盘
2181,11:20:03,11.02,73834,67,卖盘
2182,11:20:06,11.03,20957,19,买盘
2183,11:20:09,11.03,118019,107,买盘
2184,11:20:15,11.03,75004,68,买盘
2185,11:20:18,11.03,9927,9,买盘
2186,11:20:21,11.03,80509,73,买盘
2187,11:20:24,11.03,9927,9,买盘
2188,11:20:27,11.03,56246,51,买盘
2189,11:20:30,11.03,94821,86,买盘
2190,11:20:33,11.03,130099,118,买盘
2191,11:20:36,11.03,14339,13,买盘
2192,11:20:39,11.03,56253,51,买盘
2193,11:20:42,11.03,33090,30,卖盘
2194,11:20:45,11.03,67302,61,卖盘
2195,11:20:48,11.03,11030,10,卖盘
2196,11:20:51,11.03,59606,54,卖盘
2197,11:20:54,11.04,104875,95,买盘
2198,11:20:57,11.03,39741,36,卖盘
2199,11:21:00,11.03,27575,25,卖盘
2200,11:21:03,11.03,163344,148,卖盘
2201,11:21:06,11.04,69551,63,买盘
2202,11:21:09,11.04,19871,18,买盘
2203,11:21:12,11.04,23184,21,买盘
2204,11:21:15,11.04,17664,16,买盘
2205,11:21:18,11.03,729083,661,卖盘
2206,11:21:21,11.03,33090,30,买盘
2207,11:21:24,11.03,76107,69,买盘
2208,11:21:27,11.03,41914,38,买盘
2209,11:21:30,11.03,14339,13,买盘
2210,11:21:33,11.03,122433,111,买盘
2211,11:21:36,11.03,9927,9,卖盘
2212,11:21:45,11.04,59616,54,买盘
2213,11:21:48,11.03,143509,130,卖盘
2214,11:21:51,11.04,14352,13,买盘
2215,11:21:54,11.03,8824,8,卖盘
2216,11:21:57,11.04,1104,1,买盘
2217,11:22:00,11.04,56269,51,买盘
2218,11:22:03,11.03,121350,110,卖盘
2219,11:22:09,11.03,43017,39,卖盘
2220,11:22:12,11.03,37505,34,卖盘
2221,11:22:15,11.03,167656,152,卖盘
2222,11:22:18,11.03,33090,30,买盘
2223,11:22:21,11.03,102490,93,买盘
2224,11:22:24,11.03,148901,135,买盘
2225,11:22:27,11.02,11025,10,卖盘
2226,11:22:30,11.03,29773,27,买盘
2227,11:22:33,11.03,14336,13,买盘
2228,11:22:36,11.02,28655,26,卖盘
2229,11:22:39,11.02,15441,14,卖盘
2230,11:22:42,11.02,190695,173,卖盘
2231,11:22:45,11.02,62814,57,卖盘
2232,11:22:48,11.02,35284,32,卖盘
2233,11:22:51,11.02,30856,28,卖盘
2234,11:22:54,11.02,88180,80,卖盘
2235,11:22:57,11.02,128934,117,卖盘
2236,11:23:00,11.02,35266,32,卖盘
2237,11:23:03,11.02,168606,153,卖盘
2238,11:23:06,11.02,13224,12,买盘
2239,11:23:09,11.02,12122,11,买盘
2240,11:23:12,11.01,25339,23,卖盘
2241,11:23:15,11.02,11020,10,买盘
2242,11:23:18,11.02,330600,300,买盘
2243,11:23:21,11.02,28652,26,买盘
2244,11:23:24,11.02,5506,5,买盘
2245,11:23:27,11.02,22028,20,买盘
2246,11:23:30,11.02,51794,47,买盘
2247,11:23:36,11.01,3303,3,卖盘
2248,11:23:39,11.02,37465,34,买盘
2249,11:23:42,11.02,35245,32,买盘
2250,11:23:45,11.02,18734,17,买盘
2251,11:23:48,11.01,34152,31,卖盘
2252,11:23:51,11.02,58381,53,买盘
2253,11:23:54,11.02,12122,11,买盘
2254,11:23:57,11.01,35235,32,卖盘
2255,11:24:03,11.01,11010,10,卖盘
2256,11:24:06,11.01,115605,105,卖盘
2257,11:24:09,11.01,36334,33,卖盘
2258,11:24:12,11.02,142034,129,买盘
2259,11:24:15,11.01,38535,35,卖盘
2260,11:24:18,11.02,14325,13,买盘
2261,11:24:21,11.01,136628,124,卖盘
2262,11:24:27,11.02,388875,353,买盘
2263,11:24:33,11.01,8808,8,卖盘
2264,11:24:36,11.02,22037,20,买盘
2265,11:24:39,11.01,158623,144,卖盘
2266,11:24:42,11.02,3355895,3050,买盘
2267,11:24:45,11.02,192845,175,买盘
2268,11:24:48,11.02,22030,20,买盘
2269,11:24:51,11.01,36334,33,卖盘
2270,11:24:54,11.01,6611,6,卖盘
2271,11:24:57,11.02,2204,2,买盘
2272,11:25:03,11.01,40737,37,卖盘
2273,11:25:06,11.02,31953,29,买盘
2274,11:25:09,11.02,693636,630,买盘
2275,11:25:12,11.02,19830,18,买盘
2276,11:25:15,11.02,101373,92,买盘
2277,11:25:18,11.02,16530,15,买盘
2278,11:25:21,11.02,107983,98,买盘
2279,11:25:24,11.02,55100,50,卖盘
2280,11:25:27,11.02,17632,16,卖盘
2281,11:25:30,11.02,5510,5,卖盘
2282,11:25:33,11.03,23154,21,买盘
2283,11:25:36,11.03,12133,11,买盘
2284,11:25:39,11.02,9921,9,卖盘
2285,11:25:42,11.03,3309,3,买盘
2286,11:25:48,11.03,29780,27,买盘
2287,11:25:51,11.03,11030,10,买盘
2288,11:25:54,11.03,3309,3,买盘
2289,11:26:00,11.03,69488,63,买盘
2290,11:26:03,11.02,251417,228,卖盘
2291,11:26:06,11.02,33060,30,卖盘
2292,11:26:09,11.03,13236,12,买盘
2293,11:26:15,11.03,105815,96,买盘
2294,11:26:18,11.03,18736,17,买盘
2295,11:26:21,11.03,12133,11,买盘
2296,11:26:24,11.03,128985,117,买盘
2297,11:26:27,11.03,5515,5,买盘
2298,11:26:30,11.03,30884,28,买盘
2299,11:26:33,11.03,170924,155,买盘
2300,11:26:36,11.03,7721,7,卖盘
2301,11:26:39,11.03,179789,163,卖盘
2302,11:26:42,11.03,56253,51,卖盘
2303,11:26:45,11.03,11030,10,卖盘
2304,11:26:48,11.03,79419,72,卖盘
2305,11:26:51,11.04,22069,20,买盘
2306,11:26:57,11.03,48532,44,卖盘
2307,11:27:00,11.04,25392,23,买盘
2308,11:27:03,11.03,63975,58,卖盘
2309,11:27:06,11.04,17662,16,买盘
2310,11:27:09,11.04,89363,81,买盘
2311,11:27:12,11.04,11040,10,买盘
2312,11:27:15,11.04,19872,18,买盘
2313,11:27:18,11.03,5515,5,卖盘
2314,11:27:21,11.03,43017,39,卖盘
2315,11:27:24,11.03,158832,144,卖盘
2316,11:27:33,11.02,4408,4,卖盘
2317,11:27:36,11.03,26471,24,买盘
2318,11:27:39,11.03,81621,74,买盘
2319,11:27:42,11.03,133349,121,买盘
2320,11:27:45,11.02,37468,34,卖盘
2321,11:27:48,11.02,17632,16,卖盘
2322,11:27:51,11.02,245746,223,卖盘
2323,11:27:54,11.02,55100,50,买盘
2324,11:27:57,11.02,232312,211,买盘
2325,11:28:00,11.02,37468,34,买盘
2326,11:28:03,11.02,171912,156,买盘
2327,11:28:06,11.01,12111,11,卖盘
2328,11:28:09,11.02,17624,16,买盘
2329,11:28:12,11.02,4407,4,买盘
2330,11:28:15,11.02,30856,28,买盘
2331,11:28:18,11.02,42978,39,买盘
2332,11:28:21,11.02,165300,150,买盘
2333,11:28:24,11.02,36366,33,卖盘
2334,11:28:27,11.02,34162,31,卖盘
2335,11:28:30,11.02,118957,108,买盘
2336,11:28:33,11.02,9916,9,买盘
2337,11:28:39,11.01,16528,15,卖盘
2338,11:28:42,11.02,120118,109,买盘
2339,11:28:45,11.02,9914,9,买盘
2340,11:28:48,11.01,57252,52,卖盘
2341,11:28:51,11.02,24232,22,买盘
2342,11:28:54,11.01,134400,122,卖盘
2343,11:28:57,11.02,7714,7,买盘
2344,11:29:00,11.01,11010,10,卖盘
2345,11:29:03,11.01,49554,45,卖盘
2346,11:29:09,11.0,640694,582,卖盘
2347,11:29:12,11.01,44040,40,买盘
2348,11:29:15,11.01,55050,50,买盘
2349,11:29:18,11.01,16515,15,买盘
2350,11:29:21,11.02,30829,28,买盘
2351,11:29:24,11.01,15414,14,卖盘
2352,11:29:27,11.02,1102,1,买盘
2353,11:29:30,11.01,22029,20,卖盘
2354,11:29:33,11.0,17604,16,卖盘
2355,11:29:36,11.01,15419,14,中性盘
2356,11:29:39,11.01,11010,10,卖盘
2357,11:29:42,11.01,33030,30,中性盘
2358,11:29:45,11.01,7705,7,买盘
2359,11:29:48,11.0,30808,28,卖盘
2360,11:29:51,11.01,12111,11,买盘
2361,11:29:54,11.01,51707,47,买盘
2362,11:29:57,11.01,45131,41,买盘
2363,13:00:00,11.01,991979,901,买盘
2364,13:00:03,11.01,865387,786,卖盘
2365,13:00:06,11.01,89181,81,卖盘
2366,13:00:09,11.01,395259,359,卖盘
2367,13:00:15,11.01,7707,7,卖盘
2368,13:00:21,11.01,18717,17,卖盘
2369,13:00:24,11.01,45141,41,卖盘
2370,13:00:27,11.02,11020,10,买盘
2371,13:00:30,11.01,44040,40,卖盘
2372,13:00:33,11.01,12111,11,卖盘
2373,13:00:39,11.02,1102,1,买盘
2374,13:00:42,11.01,20919,19,卖盘
2375,13:00:45,11.02,88100,80,买盘
2376,13:00:48,11.02,18734,17,买盘
2377,13:00:51,11.01,329199,299,卖盘
2378,13:00:54,11.01,444799,404,卖盘
2379,13:00:57,11.01,82575,75,买盘
2380,13:01:00,11.02,101339,92,买盘
2381,13:01:03,11.02,82643,75,买盘
2382,13:01:06,11.01,59454,54,卖盘
2383,13:01:09,11.01,12111,11,买盘
2384,13:01:12,11.02,48454,44,买盘
2385,13:01:15,11.01,1101,1,卖盘
2386,13:01:18,11.01,14313,13,卖盘
2387,13:01:21,11.0,111200,101,卖盘
2388,13:01:24,11.0,106809,97,卖盘
2389,13:01:27,11.01,44037,40,买盘
2390,13:01:30,11.01,70464,64,卖盘
2391,13:01:33,11.01,19821,18,卖盘
2392,13:01:36,11.01,57262,52,卖盘
2393,13:01:39,11.02,8811,8,买盘
2394,13:01:42,11.02,63872,58,买盘
2395,13:01:45,11.01,9909,9,卖盘
2396,13:01:48,11.02,13224,12,买盘
2397,13:01:51,11.01,4404,4,卖盘
2398,13:01:57,11.02,74876,68,买盘
2399,13:02:00,11.01,149744,136,卖盘
2400,13:02:03,11.01,64963,59,卖盘
2401,13:02:06,11.02,73771,67,买盘
2402,13:02:09,11.01,20919,19,卖盘
2403,13:02:12,11.02,28652,26,买盘
2404,13:02:15,11.02,2204,2,买盘
2405,13:02:18,11.02,1102,1,买盘
2406,13:02:21,11.02,11016,10,买盘
2407,13:02:24,11.01,11010,10,卖盘
2408,13:02:27,11.02,57262,52,买盘
2409,13:02:30,11.01,12111,11,卖盘
2410,13:02:33,11.01,2202,2,卖盘
2411,13:02:36,11.02,44059,40,买盘
2412,13:02:39,11.01,47344,43,卖盘
2413,13:02:42,11.01,25333,23,卖盘
2414,13:02:45,11.01,20924,19,卖盘
2415,13:02:48,11.01,35232,32,卖盘
2416,13:02:51,11.01,93635,85,卖盘
2417,13:02:54,11.01,1101,1,卖盘
2418,13:02:57,11.01,97999,89,卖盘
2419,13:03:00,11.01,41838,38,卖盘
2420,13:03:03,11.01,77071,70,卖盘
2421,13:03:06,11.02,5510,5,买盘
2422,13:03:09,11.02,18732,17,买盘
2423,13:03:12,11.02,58384,53,买盘
2424,13:03:15,11.02,4408,4,买盘
2425,13:03:18,11.01,137646,125,卖盘
2426,13:03:21,11.01,11010,10,卖盘
2427,13:03:24,11.01,231240,210,卖盘
2428,13:03:27,11.01,115608,105,卖盘
2429,13:03:30,11.01,84796,77,卖盘
2430,13:03:33,11.01,471228,428,卖盘
2431,13:03:36,11.02,14323,13,买盘
2432,13:03:39,11.01,31930,29,卖盘
2433,13:03:42,11.01,36346,33,卖盘
2434,13:03:45,11.01,11010,10,卖盘
2435,13:03:48,11.01,101292,92,卖盘
2436,13:03:51,11.01,11010,10,卖盘
2437,13:03:54,11.01,2202,2,卖盘
2438,13:03:57,11.01,64959,59,卖盘
2439,13:04:00,11.02,208268,189,买盘
2440,13:04:03,11.02,2204,2,买盘
2441,13:04:06,11.02,12122,11,买盘
2442,13:04:09,11.02,22039,20,买盘
2443,13:04:12,11.02,2203,2,买盘
2444,13:04:15,11.02,162957,148,买盘
2445,13:04:18,11.02,35250,32,买盘
2446,13:04:21,11.02,58387,53,买盘
2447,13:04:24,11.02,6612,6,买盘
2448,13:04:27,11.01,170658,155,卖盘
2449,13:04:30,11.02,16522,15,买盘
2450,13:04:33,11.01,22021,20,卖盘
2451,13:04:36,11.01,4404,4,卖盘
2452,13:04:39,11.01,106797,97,卖盘
2453,13:04:42,11.01,39648,36,卖盘
2454,13:04:45,11.02,7714,7,买盘
2455,13:04:48,11.01,36363,33,卖盘
2456,13:04:51,11.01,45146,41,卖盘
2457,13:04:54,11.01,11010,10,卖盘
2458,13:04:57,11.01,61680,56,卖盘
2459,13:05:00,11.01,105696,96,卖盘
2460,13:05:03,11.01,335805,305,卖盘
2461,13:05:06,11.01,49545,45,卖盘
2462,13:05:09,11.01,11010,10,买盘
2463,13:05:12,11.0,16514,15,卖盘
2464,13:05:15,11.01,41838,38,买盘
2465,13:05:18,11.0,517209,470,卖盘
2466,13:05:21,11.01,45135,41,中性盘
2467,13:05:24,11.01,14313,13,卖盘
2468,13:05:27,11.01,86994,79,卖盘
2469,13:05:30,11.01,40747,37,卖盘
2470,13:05:33,11.01,9909,9,买盘
2471,13:05:36,11.01,11010,10,买盘
2472,13:05:39,11.01,34130,31,买盘
2473,13:05:42,11.01,15402,14,买盘
2474,13:05:45,11.01,115597,105,买盘
2475,13:05:48,11.0,116691,106,卖盘
2476,13:05:51,11.0,88009,80,卖盘
2477,13:05:54,11.0,18705,17,卖盘
2478,13:05:57,11.0,88060,80,卖盘
2479,13:06:00,11.01,547174,497,买盘
2480,13:06:03,11.01,11010,10,卖盘
2481,13:06:06,11.01,37446,34,卖盘
2482,13:06:09,11.01,14313,13,中性盘
2483,13:06:12,11.02,155243,141,买盘
2484,13:06:15,11.0,31926,29,卖盘
2485,13:06:18,11.01,6606,6,中性盘
2486,13:06:21,11.01,5505,5,卖盘
2487,13:06:24,11.01,41838,38,卖盘
2488,13:06:27,11.01,717853,652,卖盘
2489,13:06:30,11.01,23121,21,卖盘
2490,13:06:33,11.02,18727,17,买盘
2491,13:06:36,11.02,51786,47,买盘
2492,13:06:39,11.02,6612,6,买盘
2493,13:06:42,11.02,19828,18,买盘
2494,13:06:45,11.01,8810,8,卖盘
2495,13:06:48,11.02,2204,2,买盘
2496,13:06:51,11.01,38535,35,卖盘
2497,13:06:54,11.01,92534,84,卖盘
2498,13:06:57,11.02,100282,91,买盘
2499,13:07:00,11.01,131019,119,卖盘
2500,13:07:03,11.01,204899,186,卖盘
2501,13:07:06,11.01,193776,176,卖盘
2502,13:07:09,11.01,156337,142,买盘
2503,13:07:12,11.01,17616,16,买盘
2504,13:07:15,11.01,20919,19,买盘
2505,13:07:18,11.01,22020,20,买盘
2506,13:07:21,11.0,11000,10,卖盘
2507,13:07:24,11.01,95705,87,买盘
2508,13:07:27,11.0,30807,28,卖盘
2509,13:07:30,11.01,19818,18,买盘
2510,13:07:33,11.0,67160,61,卖盘
2511,13:07:36,11.01,33030,30,买盘
2512,13:07:39,11.0,525811,478,卖盘
2513,13:07:42,11.0,217819,198,卖盘
2514,13:07:45,11.0,9901,9,卖盘
2515,13:07:48,11.0,26400,24,卖盘
2516,13:07:51,11.0,31900,29,卖盘
2517,13:07:54,11.0,66010,60,卖盘
2518,13:07:57,11.0,20900,19,卖盘
2519,13:08:00,11.01,11002,10,买盘
2520,13:08:03,11.0,80364,73,卖盘
2521,13:08:06,11.0,28600,26,卖盘
2522,13:08:09,11.0,97900,89,卖盘
2523,13:08:12,11.0,36300,33,卖盘
2524,13:08:15,11.01,12107,11,买盘
2525,13:08:18,11.0,26400,24,卖盘
2526,13:08:21,11.0,26401,24,卖盘
2527,13:08:24,11.0,27500,25,卖盘
2528,13:08:27,11.0,62705,57,卖盘
2529,13:08:30,11.01,102303,93,买盘
2530,13:08:33,11.01,112261,102,买盘
2531,13:08:36,11.01,25311,23,买盘
2532,13:08:39,11.01,4404,4,买盘
2533,13:08:42,11.0,402961,366,卖盘
2534,13:08:45,11.0,77000,70,卖盘
2535,13:08:48,11.01,70414,64,买盘
2536,13:08:51,11.0,16505,15,卖盘
2537,13:08:54,11.01,69303,63,买盘
2538,13:08:57,11.0,5501,5,卖盘
2539,13:09:00,11.0,48404,44,卖盘
2540,13:09:03,11.0,217811,198,卖盘
2541,13:09:06,11.0,287106,261,卖盘
2542,13:09:09,11.0,293700,267,卖盘
2543,13:09:12,11.0,764550,695,卖盘
2544,13:09:15,11.0,157300,143,卖盘
2545,13:09:18,11.0,233200,212,卖盘
2546,13:09:21,11.0,322317,293,卖盘
2547,13:09:24,11.0,81400,74,卖盘
2548,13:09:27,11.0,90200,82,卖盘
2549,13:09:30,11.0,104500,95,卖盘
2550,13:09:33,11.0,765598,696,卖盘
2551,13:09:36,11.0,62645,57,买盘
2552,13:09:39,11.0,35179,32,买盘
2553,13:09:42,11.0,58297,53,买盘
2554,13:09:45,10.99,32982,30,卖盘
2555,13:09:48,11.0,69298,63,买盘
2556,13:09:54,10.99,208810,190,卖盘
2557,13:09:57,10.99,9896,9,卖盘
2558,13:10:00,10.99,2198,2,卖盘
2559,13:10:03,10.99,8792,8,卖盘
2560,13:10:06,10.99,10994,10,卖盘
2561,13:10:09,11.0,169309,154,买盘
2562,13:10:12,10.99,273661,249,卖盘
2563,13:10:15,10.99,82491,75,卖盘
2564,13:10:18,10.99,16485,15,卖盘
2565,13:10:21,10.99,425670,387,卖盘
2566,13:10:24,10.99,138474,126,卖盘
2567,13:10:27,11.0,70400,64,买盘
2568,13:10:30,10.99,30794,28,卖盘
2569,13:10:33,10.99,20888,19,卖盘
2570,13:10:36,11.0,25285,23,买盘
2571,13:10:39,11.0,26379,24,买盘
2572,13:10:42,10.99,49455,45,卖盘
2573,13:10:45,10.99,19782,18,卖盘
2574,13:10:48,10.99,30772,28,卖盘
2575,13:10:51,11.0,28575,26,买盘
2576,13:10:54,10.99,20883,19,卖盘
2577,13:10:57,11.0,15396,14,买盘
2578,13:11:00,10.99,21985,20,卖盘
2579,13:11:03,11.0,11000,10,买盘
2580,13:11:06,10.99,39570,36,卖盘
2581,13:11:09,11.0,6599,6,买盘
2582,13:11:12,10.99,35168,32,卖盘
2583,13:11:15,10.99,153869,140,卖盘
2584,13:11:18,11.0,320924,292,买盘
2585,13:11:21,10.99,10990,10,卖盘
2586,13:11:24,11.0,56050,51,买盘
2587,13:11:27,10.99,32976,30,卖盘
2588,13:11:30,10.99,13192,12,卖盘
2589,13:11:33,10.99,63742,58,卖盘
2590,13:11:36,10.99,8792,8,卖盘
2591,13:11:39,10.99,81329,74,卖盘
2592,13:11:42,11.0,48367,44,买盘
2593,13:11:45,11.0,24198,22,买盘
2594,13:11:48,10.99,1099,1,卖盘
2595,13:11:51,10.99,301148,274,卖盘
2596,13:11:54,10.99,62643,57,卖盘
2597,13:11:57,11.0,8798,8,买盘
2598,13:12:00,10.99,135177,123,卖盘
2599,13:12:03,11.0,553910,504,买盘
2600,13:12:06,10.99,160456,146,卖盘
2601,13:12:09,10.99,283542,258,卖盘
2602,13:12:12,10.99,160461,146,卖盘
2603,13:12:15,10.99,64894,59,卖盘
2604,13:12:18,10.99,141775,129,卖盘
2605,13:12:21,10.99,29674,27,卖盘
2606,13:12:24,10.98,695163,633,卖盘
2607,13:12:27,10.99,7693,7,买盘
2608,13:12:30,10.98,10980,10,卖盘
2609,13:12:33,10.98,3294,3,卖盘
2610,13:12:36,10.98,82350,75,卖盘
2611,13:12:39,10.99,74706,68,买盘
2612,13:12:42,10.99,80227,73,买盘
2613,13:12:45,10.99,104359,95,买盘
2614,13:12:48,10.99,120890,110,买盘
2615,13:12:51,10.99,26376,24,卖盘
2616,13:12:54,10.99,4396,4,卖盘
2617,13:13:00,11.0,92370,84,买盘
2618,13:13:03,10.99,9891,9,卖盘
2619,13:13:06,11.0,84625,77,买盘
2620,13:13:09,10.99,343987,313,卖盘
2621,13:13:12,10.99,119791,109,买盘
2622,13:13:15,10.98,58213,53,卖盘
2623,13:13:18,10.99,19782,18,买盘
2624,13:13:21,10.99,19782,18,买盘
2625,13:13:24,10.99,29673,27,卖盘
2626,13:13:27,11.0,18684,17,买盘
2627,13:13:30,11.0,14297,13,买盘
2628,13:13:33,11.0,223099,203,买盘
2629,13:13:36,11.0,112200,102,买盘
2630,13:13:39,10.99,7693,7,卖盘
2631,13:13:42,11.0,18689,17,买盘
2632,13:13:45,11.0,19785,18,买盘
2633,13:13:48,10.99,39564,36,卖盘
2634,13:13:51,10.99,8792,8,卖盘
2635,13:13:54,10.99,16485,15,卖盘
2636,13:13:57,10.99,28588,26,卖盘
2637,13:14:00,10.99,27475,25,卖盘
2638,13:14:03,10.99,83524,76,卖盘
2639,13:14:06,10.99,9891,9,卖盘
2640,13:14:09,10.99,112098,102,卖盘
2641,13:14:12,10.99,27475,25,卖盘
2642,13:14:15,10.99,85739,78,卖盘
2643,13:14:18,10.99,21980,20,卖盘
2644,13:14:21,10.99,38465,35,卖盘
2645,13:14:24,10.99,42869,39,买盘
2646,13:14:27,10.99,51653,47,卖盘
2647,13:14:30,10.99,30777,28,卖盘
2648,13:14:33,10.99,18685,17,卖盘
2649,13:14:36,10.99,30782,28,卖盘
2650,13:14:39,10.99,45069,41,卖盘
2651,13:14:42,10.99,10990,10,卖盘
2652,13:14:45,11.0,200033,182,买盘
2653,13:14:48,11.0,62657,57,买盘
2654,13:14:51,10.99,41764,38,卖盘
2655,13:14:54,11.0,228781,208,买盘
2656,13:14:57,10.99,13188,12,卖盘
2657,13:15:00,10.99,97816,89,卖盘
2658,13:15:03,11.0,82432,75,买盘
2659,13:15:06,10.99,30772,28,买盘
2660,13:15:09,10.99,21980,20,买盘
2661,13:15:12,10.99,32960,30,买盘
2662,13:15:15,10.99,188924,172,买盘
2663,13:15:18,10.98,49433,45,卖盘
2664,13:15:21,10.99,154927,141,买盘
2665,13:15:24,10.99,70327,64,买盘
2666,13:15:27,10.98,151533,138,卖盘
2667,13:15:30,10.99,64833,59,买盘
2668,13:15:33,10.98,32953,30,卖盘
2669,13:15:36,10.99,269246,245,买盘
2670,13:15:39,10.99,92316,84,卖盘
2671,13:15:42,11.0,156031,142,买盘
2672,13:15:45,10.99,9891,9,买盘
2673,13:15:48,10.99,56023,51,买盘
2674,13:15:51,10.99,23079,21,买盘
2675,13:15:54,10.99,9891,9,买盘
2676,13:15:57,10.99,6594,6,买盘
2677,13:16:00,10.99,38452,35,买盘
2678,13:16:03,10.99,355768,324,买盘
2679,13:16:06,10.98,13185,12,卖盘
2680,13:16:09,10.99,20881,19,买盘
2681,13:16:12,10.98,53806,49,卖盘
2682,13:16:15,10.98,34049,31,卖盘
2683,13:16:18,10.99,28564,26,买盘
2684,13:16:21,10.99,7687,7,买盘
2685,13:16:24,10.98,88990,81,卖盘
2686,13:16:30,10.98,52704,48,卖盘
2687,13:16:33,10.98,24156,22,卖盘
2688,13:16:36,10.98,18668,17,卖盘
2689,13:16:39,10.98,16476,15,卖盘
2690,13:16:42,10.98,56048,51,卖盘
2691,13:16:45,10.98,436251,397,卖盘
2692,13:16:48,10.98,147187,134,卖盘
2693,13:16:51,10.98,60390,55,卖盘
2694,13:16:54,10.98,25256,23,卖盘
2695,13:16:57,10.99,35142,32,买盘
2696,13:17:00,10.98,91139,83,卖盘
2697,13:17:03,10.98,1098,1,卖盘
2698,13:17:06,10.98,43921,40,卖盘
2699,13:17:09,10.98,13176,12,卖盘
2700,13:17:12,10.98,130663,119,卖盘
2701,13:17:15,10.98,28548,26,卖盘
2702,13:17:18,10.99,57133,52,买盘
2703,13:17:21,10.99,40661,37,买盘
2704,13:17:27,10.99,36267,33,买盘
2705,13:17:30,10.98,31862,29,卖盘
2706,13:17:33,10.98,5492,5,卖盘
2707,13:17:36,10.99,4396,4,买盘
2708,13:17:39,10.99,72473,66,买盘
2709,13:17:42,10.98,21966,20,卖盘
2710,13:17:45,10.98,24173,22,卖盘
2711,13:17:48,10.98,18676,17,卖盘
2712,13:17:51,10.98,315142,287,卖盘
2713,13:17:54,10.98,468851,427,卖盘
2714,13:17:57,10.99,25277,23,买盘
2715,13:18:00,10.98,74664,68,卖盘
2716,13:18:03,10.99,437304,398,买盘
2717,13:18:06,10.99,37362,34,买盘
2718,13:18:09,10.99,84615,77,买盘
2719,13:18:12,10.99,146167,133,买盘
2720,13:18:15,10.99,30747,28,买盘
2721,13:18:18,10.98,64787,59,卖盘
2722,13:18:21,10.99,36252,33,买盘
2723,13:18:24,10.99,10989,10,买盘
2724,13:18:27,10.99,50544,46,买盘
2725,13:18:30,10.99,109881,100,买盘
2726,13:18:33,10.99,17580,16,买盘
2727,13:18:36,10.98,92242,84,卖盘
2728,13:18:39,10.98,61489,56,卖盘
2729,13:18:42,10.98,12078,11,卖盘
2730,13:18:45,10.98,34052,31,卖盘
2731,13:18:48,10.99,405178,369,买盘
2732,13:18:51,10.98,101052,92,卖盘
2733,13:18:54,10.98,14274,13,卖盘
2734,13:18:57,10.99,40646,37,买盘
2735,13:19:00,10.98,42823,39,卖盘
2736,13:19:03,10.99,117496,107,买盘
2737,13:19:06,10.98,70285,64,卖盘
2738,13:19:09,10.98,35164,32,卖盘
2739,13:19:15,10.98,70296,64,卖盘
2740,13:19:18,10.98,35157,32,卖盘
2741,13:19:21,10.98,50537,46,卖盘
2742,13:19:24,10.99,110915,101,买盘
2743,13:19:27,10.99,69226,63,买盘
2744,13:19:30,10.98,38432,35,卖盘
2745,13:19:33,10.98,131864,120,卖盘
2746,13:19:36,10.99,23079,21,买盘
2747,13:19:39,10.99,15384,14,买盘
2748,13:19:42,10.98,31854,29,卖盘
2749,13:19:45,10.99,2198,2,买盘
2750,13:19:48,10.98,61488,56,卖盘
2751,13:19:51,10.98,21960,20,卖盘
2752,13:19:54,10.98,7688,7,卖盘
2753,13:20:00,10.98,14276,13,卖盘
2754,13:20:03,10.98,57096,52,卖盘
2755,13:20:06,10.99,42837,39,买盘
2756,13:20:12,10.99,25274,23,买盘
2757,13:20:15,10.98,71428,65,卖盘
2758,13:20:18,10.98,170341,155,卖盘
2759,13:20:21,10.99,109862,100,买盘
2760,13:20:24,10.98,1894078,1725,卖盘
2761,13:20:27,10.99,35160,32,买盘
2762,13:20:30,10.99,41755,38,买盘
2763,13:20:33,10.99,97811,89,买盘
2764,13:20:36,10.99,47252,43,买盘
2765,13:20:39,10.98,15373,14,卖盘
2766,13:20:42,10.99,47234,43,买盘
2767,13:20:45,10.98,15372,14,卖盘
2768,13:20:48,10.99,46155,42,买盘
2769,13:20:51,10.98,76912,70,卖盘
2770,13:20:54,10.99,427501,389,买盘
2771,13:20:57,10.98,5490,5,卖盘
2772,13:21:00,10.99,37366,34,买盘
2773,13:21:06,10.99,20872,19,买盘
2774,13:21:09,10.99,95557,87,买盘
2775,13:21:12,11.0,2526850,2299,买盘
2776,13:21:15,11.0,109995,100,买盘
2777,13:21:18,10.99,30778,28,卖盘
2778,13:21:21,10.99,29692,27,卖盘
2779,13:21:24,11.0,28600,26,买盘
2780,13:21:27,10.99,17588,16,卖盘
2781,13:21:30,11.0,19800,18,买盘
2782,13:21:33,10.99,20895,19,卖盘
2783,13:21:36,11.0,118800,108,买盘
2784,13:21:39,11.0,42889,39,买盘
2785,13:21:42,11.0,14288,13,买盘
2786,13:21:45,10.99,152767,139,卖盘
2787,13:21:48,10.99,62649,57,卖盘
2788,13:21:51,10.99,54960,50,卖盘
2789,13:21:54,11.0,9899,9,买盘
2790,13:21:57,11.0,83533,76,买盘
2791,13:22:00,10.99,43995,40,卖盘
2792,13:22:03,10.99,83548,76,卖盘
2793,13:22:06,11.0,3300,3,买盘
2794,13:22:09,11.0,15400,14,买盘
2795,13:22:12,11.0,83597,76,买盘
2796,13:22:15,11.0,56100,51,买盘
2797,13:22:18,11.0,150699,137,买盘
2798,13:22:21,10.99,58277,53,卖盘
2799,13:22:24,11.01,1515796,1378,买盘
2800,13:22:27,11.0,119900,109,卖盘
2801,13:22:30,11.0,7706,7,卖盘
2802,13:22:33,11.01,3303,3,买盘
2803,13:22:36,11.01,95717,87,买盘
2804,13:22:39,11.0,39621,36,卖盘
2805,13:22:42,11.01,36310,33,买盘
2806,13:22:45,11.01,20915,19,买盘
2807,13:22:48,11.01,64959,59,买盘
2808,13:22:51,11.0,194800,177,卖盘
2809,13:22:54,11.0,38501,35,卖盘
2810,13:22:57,11.01,41830,38,买盘
2811,13:23:00,11.01,192657,175,买盘
2812,13:23:03,11.0,69300,63,卖盘
2813,13:23:06,11.01,28602,26,买盘
2814,13:23:09,11.01,302769,275,买盘
2815,13:23:12,11.01,161846,147,买盘
2816,13:23:15,11.01,12111,11,买盘
2817,13:23:18,11.01,23116,21,买盘
2818,13:23:21,11.01,9907,9,买盘
2819,13:23:24,11.01,36323,33,买盘
2820,13:23:27,11.0,8800,8,卖盘
2821,13:23:30,11.0,365230,332,卖盘
2822,13:23:33,11.0,64921,59,卖盘
2823,13:23:36,11.0,4400,4,卖盘
2824,13:23:39,11.0,8800,8,卖盘
2825,13:23:42,11.0,173800,158,卖盘
2826,13:23:45,11.01,503802,458,买盘
2827,13:23:48,11.0,44000,40,卖盘
2828,13:23:51,11.01,62702,57,买盘
2829,13:23:54,11.01,25308,23,买盘
2830,13:23:57,11.0,4400,4,卖盘
2831,13:24:00,11.0,13200,12,卖盘
2832,13:24:03,11.0,106709,97,卖盘
2833,13:24:06,11.0,43969,40,买盘
2834,13:24:09,11.0,450988,410,买盘
2835,13:24:12,10.99,56049,51,卖盘
2836,13:24:15,10.99,16495,15,卖盘
2837,13:24:18,11.0,31900,29,买盘
2838,13:24:21,10.99,5499,5,卖盘
2839,13:24:24,10.99,4396,4,卖盘
2840,13:24:27,10.99,34069,31,卖盘
2841,13:24:30,11.0,13199,12,买盘
2842,13:24:33,11.0,6596,6,买盘
2843,13:24:36,11.0,16497,15,买盘
2844,13:24:39,10.99,5495,5,卖盘
2845,13:24:45,10.99,49455,45,卖盘
2846,13:24:48,11.0,193597,176,买盘
2847,13:24:51,10.99,114296,104,卖盘
2848,13:24:54,11.0,16500,15,买盘
2849,13:25:00,10.99,298928,272,卖盘
2850,13:25:03,11.0,5498,5,买盘
2851,13:25:06,10.99,128588,117,卖盘
2852,13:25:09,10.99,937447,853,卖盘
2853,13:25:12,10.99,17584,16,买盘
2854,13:25:15,10.99,23078,21,买盘
2855,13:25:18,10.99,3297,3,买盘
2856,13:25:21,10.98,26372,24,卖盘
2857,13:25:24,10.99,82425,75,买盘
2858,13:25:27,10.99,53847,49,买盘
2859,13:25:30,10.98,79095,72,卖盘
2860,13:25:33,10.99,35165,32,买盘
2861,13:25:36,10.98,3296,3,卖盘
2862,13:25:39,10.98,61499,56,卖盘
2863,13:25:42,10.99,74675,68,买盘
2864,13:25:45,10.98,15384,14,卖盘
2865,13:25:48,10.99,17581,16,买盘
2866,13:25:51,10.99,68138,62,买盘
2867,13:25:54,10.99,32970,30,买盘
2868,13:25:57,10.99,49430,45,买盘
2869,13:26:03,10.98,8791,8,卖盘
2870,13:26:09,10.98,4196556,3822,卖盘
2871,13:26:12,10.98,14274,13,卖盘
2872,13:26:15,10.98,64787,59,卖盘
2873,13:26:18,10.98,196542,179,卖盘
2874,13:26:21,10.99,278893,254,买盘
2875,13:26:24,10.99,207535,189,买盘
2876,13:26:27,10.98,63684,58,卖盘
2877,13:26:30,10.98,56018,51,卖盘
2878,13:26:33,10.98,38430,35,中性盘
2879,13:26:36,10.98,54871,50,买盘
2880,13:26:39,10.98,21960,20,买盘
2881,13:26:42,10.98,217386,198,买盘
2882,13:26:45,10.98,14274,13,买盘
2883,13:26:48,10.98,48288,44,买盘
2884,13:26:51,10.98,36234,33,买盘
2885,13:26:54,10.97,258027,235,卖盘
2886,13:26:57,10.98,116388,106,买盘
2887,13:27:00,10.97,97712,89,卖盘
2888,13:27:03,10.98,88950,81,买盘
2889,13:27:06,10.98,7686,7,卖盘
2890,13:27:09,10.98,97722,89,卖盘
2891,13:27:12,10.98,113097,103,买盘
2892,13:27:15,10.97,265637,242,卖盘
2893,13:27:18,10.98,16470,15,卖盘
2894,13:27:21,10.99,120790,110,买盘
2895,13:27:24,10.98,38435,35,卖盘
2896,13:27:27,10.98,91134,83,卖盘
2897,13:27:30,10.98,117501,107,卖盘
2898,13:27:33,10.97,47200,43,卖盘
2899,13:27:36,10.97,206263,188,卖盘
2900,13:27:39,10.98,14274,13,买盘
2901,13:27:42,10.98,85600,78,买盘
2902,13:27:45,10.97,8779,8,卖盘
2903,13:27:48,10.97,83415,76,卖盘
2904,13:27:51,10.97,27425,25,卖盘
2905,13:27:54,10.98,292909,267,买盘
2906,13:27:57,10.98,220592,201,买盘
2907,13:28:00,10.98,237017,216,买盘
2908,13:28:03,10.98,141527,129,买盘
2909,13:28:06,10.97,29620,27,卖盘
2910,13:28:09,10.98,23058,21,买盘
2911,13:28:12,10.97,10977,10,卖盘
2912,13:28:15,10.97,69171,63,卖盘
2913,13:28:18,10.97,97651,89,卖盘
2914,13:28:21,10.97,215050,196,卖盘
2915,13:28:24,10.97,1444777,1317,卖盘
2916,13:28:27,10.98,3294,3,买盘
2917,13:28:30,10.97,2194,2,卖盘
2918,13:28:33,10.98,20859,19,买盘
2919,13:28:36,10.97,68053,62,卖盘
2920,13:28:39,10.97,240250,219,卖盘
2921,13:28:42,10.98,69154,63,买盘
2922,13:28:45,10.97,60335,55,卖盘
2923,13:28:48,10.97,35134,32,卖盘
2924,13:28:51,10.97,86713,79,卖盘
2925,13:28:54,10.97,32936,30,卖盘
2926,13:28:57,10.98,28532,26,买盘
2927,13:29:00,10.97,44987,41,卖盘
2928,13:29:03,10.97,1097,1,卖盘
2929,13:29:06,10.97,32936,30,卖盘
2930,13:29:09,10.97,30716,28,卖盘
2931,13:29:12,10.98,80118,73,买盘
2932,13:29:15,10.97,31823,29,卖盘
2933,13:29:18,10.98,284382,259,买盘
2934,13:29:21,10.98,87832,80,买盘
2935,13:29:24,10.98,203125,185,买盘
2936,13:29:27,10.98,223852,204,买盘
2937,13:29:30,10.98,17568,16,买盘
2938,13:29:33,10.98,285426,260,买盘
2939,13:29:36,10.98,57088,52,买盘
2940,13:29:39,10.98,21951,20,买盘
2941,13:29:42,10.98,27437,25,买盘
2942,13:29:45,10.98,71320,65,买盘
2943,13:29:48,10.98,113093,103,买盘
2944,13:29:51,10.98,148230,135,买盘
2945,13:29:54,10.98,233750,213,买盘
2946,13:29:57,10.98,46106,42,买盘
2947,13:30:00,10.98,26352,24,买盘
2948,13:30:03,10.97,103139,94,卖盘
2949,13:30:06,10.98,142682,130,买盘
2950,13:30:09,10.97,46074,42,卖盘
2951,13:30:15,10.97,21940,20,卖盘
2952,13:30:18,10.97,141545,129,卖盘
2953,13:30:21,10.97,159065,145,卖盘
2954,13:30:24,10.98,38410,35,买盘
2955,13:30:27,10.97,41704,38,卖盘
2956,13:30:30,10.97,61451,56,卖盘
2957,13:30:33,10.98,132749,121,买盘
2958,13:30:36,10.98,66965,61,买盘
2959,13:30:39,10.97,165693,151,卖盘
2960,13:30:42,10.98,604984,551,买盘
2961,13:30:45,10.98,49410,45,卖盘
2962,13:30:48,10.98,35136,32,卖盘
2963,13:30:51,10.98,5490,5,卖盘
2964,13:30:54,10.98,3294,3,卖盘
2965,13:30:57,10.98,10980,10,卖盘
2966,13:31:00,10.99,139451,127,买盘
2967,13:31:03,10.98,75777,69,卖盘
2968,13:31:06,10.99,5495,5,买盘
2969,13:31:09,10.99,259150,236,买盘
2970,13:31:12,10.99,5495,5,买盘
2971,13:31:15,10.98,18680,17,卖盘
2972,13:31:21,10.99,90076,82,买盘
2973,13:31:24,10.99,2198,2,买盘
2974,13:31:27,10.98,5490,5,卖盘
2975,13:31:30,10.98,1098,1,卖盘
2976,13:31:33,10.98,40626,37,卖盘
2977,13:31:36,10.99,54949,50,买盘
2978,13:31:39,10.98,7686,7,卖盘
2979,13:31:42,10.98,278895,254,卖盘
2980,13:31:45,10.99,129598,118,买盘
2981,13:31:48,10.98,17570,16,卖盘
2982,13:31:51,10.98,116389,106,卖盘
2983,13:31:57,10.98,312008,284,卖盘
2984,13:32:00,10.98,24156,22,卖盘
2985,13:32:03,10.98,60394,55,卖盘
2986,13:32:06,10.98,41742,38,卖盘
2987,13:32:09,10.99,58204,53,买盘
2988,13:32:12,10.98,108702,99,卖盘
2989,13:32:15,10.99,40642,37,买盘
2990,13:32:18,10.98,774090,705,卖盘
2991,13:32:21,10.98,1127693,1027,买盘
2992,13:32:24,10.98,42840,39,卖盘
2993,13:32:27,10.98,113094,103,卖盘
2994,13:32:30,10.98,88938,81,卖盘
2995,13:32:33,10.98,266814,243,卖盘
2996,13:32:36,10.98,5490,5,卖盘
2997,13:32:39,10.99,128522,117,买盘
2998,13:32:42,10.98,21970,20,卖盘
2999,13:32:45,10.99,45057,41,买盘
3000,13:32:48,10.98,57096,52,卖盘
3001,13:32:51,10.98,93346,85,卖盘
3002,13:32:54,10.98,125258,114,卖盘
3003,13:32:57,10.98,186660,170,卖盘
3004,13:33:03,10.99,40633,37,买盘
3005,13:33:06,10.98,70278,64,卖盘
3006,13:33:09,10.98,150428,137,卖盘
3007,13:33:12,10.99,4396,4,买盘
3008,13:33:15,10.98,53831,49,卖盘
3009,13:33:18,10.98,70273,64,卖盘
3010,13:33:21,10.98,23058,21,卖盘
3011,13:33:24,10.99,18677,17,买盘
3012,13:33:27,10.99,196562,179,买盘
3013,13:33:30,10.98,8785,8,卖盘
3014,13:33:33,10.98,58244,53,卖盘
3015,13:33:36,10.99,37366,34,买盘
3016,13:33:39,10.98,10981,10,卖盘
3017,13:33:42,10.99,15373,14,买盘
3018,13:33:45,10.98,3294,3,卖盘
3019,13:33:48,10.98,83494,76,卖盘
3020,13:33:51,10.99,43960,40,买盘
3021,13:33:54,10.98,286578,261,卖盘
3022,13:33:57,10.98,43920,40,卖盘
3023,13:34:00,10.98,177965,162,卖盘
3024,13:34:03,10.98,12078,11,卖盘
3025,13:34:06,10.98,2196,2,卖盘
3026,13:34:09,10.98,45025,41,卖盘
3027,13:34:12,10.98,72530,66,卖盘
3028,13:34:15,10.99,3297,3,买盘
3029,13:34:18,10.99,62591,57,买盘
3030,13:34:21,10.98,2196,2,卖盘
3031,13:34:30,10.99,54930,50,买盘
3032,13:34:33,10.98,6589,6,卖盘
3033,13:34:36,10.98,158132,144,卖盘
3034,13:34:39,10.98,57106,52,卖盘
3035,13:34:42,10.98,79056,72,卖盘
3036,13:34:45,10.99,20869,19,买盘
3037,13:34:48,10.98,60420,55,卖盘
3038,13:34:51,10.98,14274,13,卖盘
3039,13:34:54,10.98,40626,37,卖盘
3040,13:34:57,10.99,132897,121,买盘
3041,13:35:00,10.99,2198,2,买盘
3042,13:35:03,10.98,56013,51,卖盘
3043,13:35:06,10.98,48354,44,卖盘
3044,13:35:09,10.98,87850,80,卖盘
3045,13:35:15,10.98,1098,1,卖盘
3046,13:35:18,10.98,108702,99,卖盘
3047,13:35:21,10.98,71420,65,卖盘
3048,13:35:24,10.98,18666,17,卖盘
3049,13:35:27,10.98,38430,35,卖盘
3050,13:35:30,10.99,9887,9,买盘
3051,13:35:33,10.99,59324,54,买盘
3052,13:35:36,10.99,31843,29,买盘
3053,13:35:39,10.98,94470,86,卖盘
3054,13:35:42,10.99,1099,1,买盘
3055,13:35:45,10.99,20880,19,买盘
3056,13:35:48,10.98,62606,57,卖盘
3057,13:35:54,10.99,91204,83,买盘
3058,13:35:57,10.99,23079,21,买盘
3059,13:36:00,10.98,108702,99,卖盘
3060,13:36:03,10.98,47214,43,卖盘
3061,13:36:06,10.99,69180,63,买盘
3062,13:36:09,10.98,1098,1,卖盘
3063,13:36:12,10.99,74731,68,买盘
3064,13:36:15,10.99,54950,50,买盘
3065,13:36:18,10.98,53802,49,卖盘
3066,13:36:21,10.98,46126,42,卖盘
3067,13:36:24,10.98,12083,11,卖盘
3068,13:36:27,10.98,32940,30,卖盘
3069,13:36:30,10.99,27455,25,买盘
3070,13:36:33,10.99,8788,8,买盘
3071,13:36:36,10.98,2197,2,卖盘
3072,13:36:39,10.98,1035409,943,卖盘
3073,13:36:42,10.98,41706,38,买盘
3074,13:36:45,10.97,114110,104,卖盘
3075,13:36:48,10.97,234817,214,卖盘
3076,13:36:51,10.98,3294,3,买盘
3077,13:36:54,10.97,30736,28,卖盘
3078,13:36:57,10.97,208430,190,卖盘
3079,13:37:00,10.97,20843,19,卖盘
3080,13:37:03,10.98,36220,33,买盘
3081,13:37:06,10.97,4388,4,卖盘
3082,13:37:09,10.98,18659,17,买盘
3083,13:37:12,10.97,18659,17,卖盘
3084,13:37:15,10.97,57046,52,卖盘
