,成交时间,成交价格,成交金额,成交量,性质
0,09:25:00,40.8,3031440,743,买盘
1,09:30:00,40.8,1227777,301,卖盘
2,09:30:03,40.72,276786,68,卖盘
3,09:30:06,40.69,166774,41,卖盘
4,09:30:09,40.63,101502,25,卖盘
5,09:30:12,40.59,182721,45,卖盘
6,09:30:15,40.59,52751,13,卖盘
7,09:30:18,40.51,48607,12,卖盘
8,09:30:21,40.5,101251,25,卖盘
9,09:30:24,40.48,275107,68,卖盘
10,09:30:27,40.42,416357,103,卖盘
11,09:30:30,40.44,513355,127,买盘
12,09:30:33,40.44,1472319,364,卖盘
13,09:30:36,40.41,327510,81,中性盘
14,09:30:39,40.43,388097,96,中性盘
15,09:30:42,40.38,198106,49,卖盘
16,09:30:45,40.4,335156,83,买盘
17,09:30:48,40.3,173603,43,卖盘
18,09:30:51,40.4,88865,22,买盘
19,09:30:54,40.32,242120,60,卖盘
20,09:30:57,40.3,628882,156,卖盘
21,09:31:00,40.3,225851,56,卖盘
22,09:31:03,40.3,386895,96,买盘
23,09:31:06,40.3,145053,36,卖盘
24,09:31:09,40.3,48380,12,卖盘
25,09:31:12,40.35,124997,31,中性盘
26,09:31:15,40.32,32271,8,卖盘
27,09:31:18,40.3,56460,14,卖盘
28,09:31:21,40.33,40339,10,中性盘
29,09:31:24,40.33,568747,141,中性盘
30,09:31:27,40.37,330923,82,买盘
31,09:31:30,40.41,763535,189,买盘
32,09:31:33,40.48,376526,93,买盘
33,09:31:36,40.52,68878,17,买盘
34,09:31:39,40.53,48647,12,中性盘
35,09:31:42,40.56,328451,81,卖盘
36,09:31:45,40.56,141932,35,卖盘
37,09:31:48,40.52,336322,83,卖盘
38,09:31:51,40.62,93310,23,买盘
39,09:31:54,40.56,36530,9,卖盘
40,09:31:57,40.57,85194,21,中性盘
41,09:32:00,40.62,28423,7,买盘
42,09:32:03,40.6,73060,18,卖盘
43,09:32:06,40.55,348750,86,卖盘
44,09:32:09,40.48,113491,28,卖盘
45,09:32:12,40.46,89027,22,卖盘
46,09:32:15,40.4,133410,33,卖盘
47,09:32:18,40.37,145433,36,卖盘
48,09:32:21,40.38,391468,97,买盘
49,09:32:24,40.38,80683,20,买盘
50,09:32:27,40.33,36302,9,卖盘
51,09:32:30,40.33,112966,28,卖盘
52,09:32:33,40.32,334714,83,卖盘
53,09:32:36,40.31,225798,56,卖盘
54,09:32:39,40.31,624722,155,卖盘
55,09:32:42,40.32,165371,41,买盘
56,09:32:45,40.3,249905,62,卖盘
57,09:32:48,40.3,76582,19,卖盘
58,09:32:51,40.32,64498,16,买盘
59,09:32:54,40.3,479638,119,卖盘
60,09:32:57,40.29,96714,24,卖盘
61,09:33:00,40.3,225648,56,买盘
62,09:33:03,40.28,64466,16,卖盘
63,09:33:06,40.25,285758,71,卖盘
64,09:33:09,40.2,48270,12,卖盘
65,09:33:12,40.21,96483,24,中性盘
66,09:33:15,40.24,570903,142,买盘
67,09:33:18,40.28,406628,101,买盘
68,09:33:21,40.29,362331,90,买盘
69,09:33:24,40.24,358361,89,卖盘
70,09:33:27,40.24,487284,121,中性盘
71,09:33:30,40.28,80545,20,买盘
72,09:33:33,40.25,386423,96,卖盘
73,09:33:36,40.28,394453,98,买盘
74,09:33:39,40.28,185288,46,买盘
75,09:33:42,40.28,193338,48,卖盘
76,09:33:45,40.23,205293,51,卖盘
77,09:33:48,40.23,205222,51,卖盘
78,09:33:51,40.21,148806,37,卖盘
79,09:33:54,40.2,156788,39,卖盘
80,09:33:57,40.2,100572,25,卖盘
81,09:34:00,40.32,595619,148,买盘
82,09:34:03,40.3,250018,62,中性盘
83,09:34:06,40.34,488625,121,中性盘
84,09:34:09,40.39,24231,6,中性盘
85,09:34:12,40.46,299057,74,买盘
86,09:34:15,40.47,218451,54,买盘
87,09:34:18,40.47,210335,52,买盘
88,09:34:21,40.44,113232,28,卖盘
89,09:34:24,40.39,234313,58,卖盘
90,09:34:27,40.34,88849,22,卖盘
91,09:34:30,40.33,8066,2,中性盘
92,09:34:33,40.33,24207,6,中性盘
93,09:34:36,40.3,286337,71,卖盘
94,09:34:39,40.3,56419,14,买盘
95,09:34:42,40.3,88658,22,买盘
96,09:34:45,40.28,68491,17,卖盘
97,09:34:48,40.3,36264,9,买盘
98,09:34:51,40.3,44329,11,买盘
99,09:34:54,40.28,217615,54,卖盘
100,09:34:57,40.31,193483,48,买盘
101,09:35:00,40.3,116900,29,卖盘
102,09:35:03,40.29,20148,5,卖盘
103,09:35:06,40.33,592564,147,买盘
104,09:35:09,40.33,487887,121,买盘
105,09:35:12,40.34,379084,94,卖盘
106,09:35:15,40.41,24236,6,中性盘
107,09:35:18,40.34,80677,20,卖盘
108,09:35:21,40.34,121186,30,中性盘
109,09:35:24,40.33,56464,14,卖盘
110,09:35:27,40.32,104844,26,卖盘
111,09:35:30,40.28,16118,4,卖盘
112,09:35:33,40.28,24168,6,卖盘
113,09:35:36,40.29,120876,30,买盘
114,09:35:39,40.32,201464,50,买盘
115,09:35:42,40.31,32240,8,中性盘
116,09:35:45,40.27,84581,21,卖盘
117,09:35:48,40.29,64441,16,买盘
118,09:35:51,40.26,24157,6,卖盘
119,09:35:54,40.25,161033,40,卖盘
120,09:35:57,40.25,116729,29,卖盘
121,09:36:00,40.25,116727,29,卖盘
122,09:36:03,40.25,277782,69,中性盘
123,09:36:06,40.23,80487,20,卖盘
124,09:36:09,40.23,52311,13,卖盘
125,09:36:12,40.23,345892,86,卖盘
126,09:36:15,40.21,659497,164,中性盘
127,09:36:18,40.24,128708,32,买盘
128,09:36:21,40.2,277400,69,卖盘
129,09:36:24,40.19,68332,17,卖盘
130,09:36:27,40.19,277307,69,卖盘
131,09:36:30,40.19,293331,73,买盘
132,09:36:33,40.18,232992,58,卖盘
133,09:36:36,40.15,32120,8,卖盘
134,09:36:39,40.12,216758,54,卖盘
135,09:36:42,40.11,260764,65,卖盘
136,09:36:45,40.1,1098941,274,卖盘
137,09:36:48,40.05,252451,63,卖盘
138,09:36:51,40.01,536364,134,卖盘
139,09:36:54,39.98,443980,111,卖盘
140,09:36:57,39.96,311648,78,卖盘
141,09:37:00,39.92,107781,27,卖盘
142,09:37:03,39.89,115700,29,卖盘
143,09:37:06,40.0,3621940,907,买盘
144,09:37:09,39.91,619599,155,卖盘
145,09:37:12,40.16,2119354,529,买盘
146,09:37:15,40.18,677829,169,买盘
147,09:37:18,40.13,236741,59,中性盘
148,09:37:21,40.13,96313,24,买盘
149,09:37:24,40.1,3715137,927,中性盘
150,09:37:27,40.11,866475,216,卖盘
151,09:37:30,40.11,810202,202,买盘
152,09:37:33,40.11,156422,39,买盘
153,09:37:36,40.1,68166,17,卖盘
154,09:37:39,40.1,116276,29,买盘
155,09:37:42,40.1,172396,43,买盘
156,09:37:45,40.05,560991,140,卖盘
157,09:37:48,40.05,472818,118,买盘
158,09:37:51,40.12,930411,232,买盘
159,09:37:54,40.13,60194,15,中性盘
160,09:37:57,40.21,237139,59,买盘
161,09:38:00,40.23,112652,28,买盘
162,09:38:03,40.2,88479,22,卖盘
163,09:38:06,40.23,567216,141,买盘
164,09:38:09,40.23,156952,39,卖盘
165,09:38:12,40.23,76450,19,卖盘
166,09:38:15,40.25,100634,25,中性盘
167,09:38:18,40.3,1047705,260,买盘
168,09:38:21,40.3,92575,23,买盘
169,09:38:24,40.22,80486,20,卖盘
170,09:38:27,40.22,60410,15,卖盘
171,09:38:30,40.28,100598,25,中性盘
172,09:38:33,40.3,237782,59,买盘
173,09:38:36,40.33,1342656,333,买盘
174,09:38:39,40.44,80767,20,买盘
175,09:38:42,40.34,234250,58,卖盘
176,09:38:45,40.45,117302,29,买盘
177,09:38:48,40.43,60637,15,中性盘
178,09:38:51,40.44,68732,17,买盘
179,09:38:54,40.45,165818,41,买盘
180,09:38:57,40.46,530004,131,买盘
181,09:39:00,40.47,97127,24,中性盘
182,09:39:03,40.48,234696,58,中性盘
183,09:39:06,40.47,32391,8,卖盘
184,09:39:09,40.47,149763,37,卖盘
185,09:39:12,40.47,32368,8,买盘
186,09:39:15,40.43,101062,25,卖盘
187,09:39:18,40.43,8086,2,买盘
188,09:39:21,40.36,16165,4,卖盘
189,09:39:24,40.4,24245,6,中性盘
190,09:39:27,40.37,92950,23,卖盘
191,09:39:30,40.4,40353,10,中性盘
192,09:39:33,40.43,40430,10,买盘
193,09:39:36,40.37,395921,98,卖盘
194,09:39:39,40.37,12111,3,买盘
195,09:39:42,40.35,36315,9,卖盘
196,09:39:45,40.36,68612,17,买盘
197,09:39:48,40.35,12102,3,中性盘
198,09:39:51,40.37,28247,7,中性盘
199,09:39:54,40.33,24208,6,卖盘
200,09:39:57,40.33,28225,7,中性盘
201,09:40:00,40.33,8066,2,卖盘
202,09:40:03,40.33,60495,15,卖盘
203,09:40:06,40.31,20155,5,卖盘
204,09:40:09,40.33,185483,46,买盘
205,09:40:12,40.36,210090,52,中性盘
206,09:40:15,40.46,36393,9,中性盘
207,09:40:18,40.43,40428,10,中性盘
208,09:40:21,40.47,101166,25,买盘
209,09:40:24,40.49,72861,18,买盘
210,09:40:27,40.52,20240,5,买盘
211,09:40:30,40.52,267186,66,买盘
212,09:40:33,40.51,44552,11,中性盘
213,09:40:36,40.44,238666,59,卖盘
214,09:40:39,40.43,178003,44,卖盘
215,09:40:42,40.47,16186,4,买盘
216,09:40:45,40.45,4045,1,中性盘
217,09:40:48,40.47,64794,16,买盘
218,09:40:51,40.47,24287,6,卖盘
219,09:40:54,40.5,20244,5,买盘
220,09:40:57,40.47,8094,2,卖盘
221,09:41:00,40.5,40476,10,买盘
222,09:41:03,40.52,161970,40,买盘
223,09:41:06,40.55,202627,50,买盘
224,09:41:09,40.56,174335,43,买盘
225,09:41:12,40.52,32439,8,卖盘
226,09:41:15,40.51,182316,45,卖盘
227,09:41:18,40.57,137790,34,买盘
228,09:41:21,40.52,194506,48,卖盘
229,09:41:24,40.52,68821,17,买盘
230,09:41:27,40.48,165966,41,卖盘
231,09:41:30,40.52,445526,110,买盘
232,09:41:33,40.49,243022,60,卖盘
233,09:41:36,40.52,52673,13,买盘
234,09:41:39,40.52,68842,17,买盘
235,09:41:42,40.5,121528,30,卖盘
236,09:41:45,40.5,76972,19,卖盘
237,09:41:48,40.51,28366,7,中性盘
238,09:41:51,40.54,52664,13,中性盘
239,09:41:54,40.54,8108,2,中性盘
240,09:41:57,40.51,28355,7,中性盘
241,09:42:00,40.51,32418,8,卖盘
242,09:42:03,40.51,4051,1,卖盘
243,09:42:06,40.58,883514,218,买盘
244,09:42:09,40.51,4051,1,中性盘
245,09:42:12,40.5,20250,5,卖盘
246,09:42:15,40.4,218466,54,卖盘
247,09:42:18,40.39,44446,11,卖盘
248,09:42:21,40.41,16162,4,中性盘
249,09:42:24,40.39,28277,7,卖盘
250,09:42:30,40.41,84928,21,中性盘
251,09:42:33,40.51,81020,20,买盘
252,09:42:36,40.56,48620,12,买盘
253,09:42:39,40.5,36457,9,卖盘
254,09:42:42,40.48,48653,12,中性盘
255,09:42:45,40.48,16193,4,卖盘
256,09:42:48,40.48,32384,8,卖盘
257,09:42:51,40.54,85115,21,买盘
258,09:42:54,40.56,56759,14,买盘
259,09:42:57,40.56,697973,172,买盘
260,09:43:00,40.58,36523,9,中性盘
261,09:43:03,40.63,235500,58,买盘
262,09:43:06,40.57,4057,1,中性盘
263,09:43:09,40.63,56858,14,买盘
264,09:43:12,40.53,141985,35,卖盘
265,09:43:15,40.57,198829,49,中性盘
266,09:43:18,40.52,300022,74,中性盘
267,09:43:21,40.53,8105,2,中性盘
268,09:43:24,40.58,36516,9,买盘
269,09:43:27,40.57,73038,18,卖盘
270,09:43:30,40.61,97374,24,买盘
271,09:43:33,40.6,166343,41,中性盘
272,09:43:36,40.61,32480,8,买盘
273,09:43:39,40.61,125870,31,卖盘
274,09:43:42,40.6,12181,3,卖盘
275,09:43:45,40.61,198970,49,买盘
276,09:43:48,40.53,158237,39,卖盘
277,09:43:51,40.6,44660,11,买盘
278,09:43:54,40.54,4054,1,中性盘
279,09:43:57,40.54,77116,19,卖盘
280,09:44:00,40.61,125891,31,买盘
281,09:44:03,40.61,255843,63,卖盘
282,09:44:06,40.61,93378,23,买盘
283,09:44:09,40.54,665806,164,卖盘
284,09:44:12,40.61,1112108,274,买盘
285,09:44:15,40.6,1199420,295,卖盘
286,09:44:18,40.61,129952,32,中性盘
287,09:44:21,40.8,664552,163,买盘
288,09:44:24,40.86,195967,48,买盘
289,09:44:27,40.8,28588,7,卖盘
290,09:44:30,40.8,114339,28,卖盘
291,09:44:33,40.8,253005,62,卖盘
292,09:44:36,40.75,359505,88,中性盘
293,09:44:39,40.8,138715,34,买盘
294,09:44:42,40.8,187681,46,卖盘
295,09:44:45,40.84,269344,66,买盘
296,09:44:48,40.83,97992,24,卖盘
297,09:44:51,40.79,832828,204,卖盘
298,09:44:54,40.82,57130,14,中性盘
299,09:44:57,40.83,81646,20,买盘
300,09:45:00,40.73,69367,17,卖盘
301,09:45:03,40.8,134617,33,买盘
302,09:45:06,40.8,114233,28,卖盘
303,09:45:09,40.73,93873,23,卖盘
304,09:45:12,40.78,69250,17,中性盘
305,09:45:15,40.87,392100,96,买盘
306,09:45:18,40.86,261765,64,卖盘
307,09:45:21,40.98,520376,127,买盘
308,09:45:24,41.01,619088,151,买盘
309,09:45:27,41.09,12323,3,买盘
310,09:45:30,41.1,73964,18,买盘
311,09:45:33,41.1,193096,47,买盘
312,09:45:36,41.1,110995,27,买盘
313,09:45:39,41.09,299911,73,卖盘
314,09:45:42,41.07,114964,28,中性盘
315,09:45:45,40.95,230721,56,卖盘
316,09:45:48,41.0,127206,31,中性盘
317,09:45:51,40.95,28695,7,卖盘
318,09:45:54,41.05,77945,19,买盘
319,09:45:57,40.97,664338,162,卖盘
320,09:46:00,41.02,217389,53,买盘
321,09:46:03,41.06,529964,129,买盘
322,09:46:06,41.12,176701,43,买盘
323,09:46:09,41.12,102853,25,买盘
324,09:46:12,41.22,190143,46,买盘
325,09:46:15,41.2,20604,5,卖盘
326,09:46:18,41.26,391854,95,买盘
327,09:46:21,41.28,383825,93,买盘
328,09:46:24,41.28,210575,51,卖盘
329,09:46:27,41.28,380030,92,卖盘
330,09:46:30,41.28,995216,241,卖盘
331,09:46:33,41.27,276554,67,中性盘
332,09:46:36,41.29,400303,97,买盘
333,09:46:39,41.27,433398,105,中性盘
334,09:46:42,41.27,305260,74,买盘
335,09:46:45,41.21,1031395,250,卖盘
336,09:46:48,41.3,1319644,320,买盘
337,09:46:51,41.3,194134,47,中性盘
338,09:46:54,41.34,202482,49,买盘
339,09:46:57,41.34,409306,99,卖盘
340,09:47:00,41.22,611220,148,卖盘
341,09:47:03,41.2,860812,209,卖盘
342,09:47:06,41.19,111087,27,中性盘
343,09:47:09,41.1,461195,112,中性盘
344,09:47:12,41.2,144140,35,买盘
345,09:47:15,41.19,424013,103,中性盘
346,09:47:18,41.19,176971,43,买盘
347,09:47:21,41.19,246950,60,买盘
348,09:47:24,41.11,176908,43,卖盘
349,09:47:27,41.27,1067258,259,买盘
350,09:47:30,41.3,280687,68,买盘
351,09:47:33,41.34,466688,113,买盘
352,09:47:36,41.29,1020780,247,卖盘
353,09:47:39,41.35,338705,82,中性盘
354,09:47:42,41.35,41329,10,中性盘
355,09:47:45,41.3,330378,80,卖盘
356,09:47:48,41.31,284855,69,买盘
357,09:47:51,41.21,107219,26,卖盘
358,09:47:54,41.2,247225,60,卖盘
359,09:47:57,41.22,222374,54,中性盘
360,09:48:00,41.15,440540,107,卖盘
361,09:48:03,41.2,82376,20,买盘
362,09:48:06,41.18,148205,36,买盘
363,09:48:09,41.15,94662,23,卖盘
364,09:48:12,41.13,600550,146,卖盘
365,09:48:15,41.15,472976,115,买盘
366,09:48:18,41.13,53463,13,中性盘
367,09:48:21,41.14,213844,52,中性盘
368,09:48:24,41.13,106954,26,卖盘
369,09:48:27,41.13,124562,30,卖盘
370,09:48:30,41.11,52309,13,卖盘
371,09:48:33,41.13,342548,83,买盘
372,09:48:36,41.17,185175,45,买盘
373,09:48:39,41.2,292408,71,买盘
374,09:48:42,41.2,173040,42,买盘
375,09:48:45,41.2,28839,7,买盘
376,09:48:48,41.18,687930,167,卖盘
377,09:48:51,41.15,510451,124,卖盘
378,09:48:54,41.1,213826,52,卖盘
379,09:48:57,41.1,316466,77,卖盘
380,09:49:00,41.08,45209,11,卖盘
381,09:49:03,40.93,783639,191,卖盘
382,09:49:06,40.93,45067,11,卖盘
383,09:49:09,40.88,167834,41,卖盘
384,09:49:12,40.92,143228,35,中性盘
385,09:49:15,40.92,241573,59,卖盘
386,09:49:18,40.99,94222,23,买盘
387,09:49:21,40.95,118895,29,卖盘
388,09:49:24,40.99,77881,19,中性盘
389,09:49:27,40.99,73745,18,买盘
390,09:49:30,40.95,323626,79,卖盘
391,09:49:33,41.02,147603,36,买盘
392,09:49:36,41.0,139431,34,卖盘
393,09:49:39,41.06,20530,5,买盘
394,09:49:42,41.28,769767,187,买盘
395,09:49:45,41.11,28839,7,卖盘
396,09:49:48,41.18,4118,1,中性盘
397,09:49:51,41.16,12340,3,中性盘
398,09:49:54,41.16,201657,49,卖盘
399,09:49:57,41.18,102887,25,买盘
400,09:50:00,41.16,259457,63,卖盘
401,09:50:03,41.11,65846,16,卖盘
402,09:50:06,41.11,148245,36,卖盘
403,09:50:09,41.11,41110,10,卖盘
404,09:50:12,41.16,135673,33,买盘
405,09:50:15,41.15,37040,9,中性盘
406,09:50:18,41.16,20580,5,买盘
407,09:50:21,41.17,210096,51,中性盘
408,09:50:24,41.17,53510,13,中性盘
409,09:50:27,41.18,308807,75,买盘
410,09:50:30,41.16,259383,63,卖盘
411,09:50:33,41.17,28825,7,中性盘
412,09:50:36,41.17,382794,93,买盘
413,09:50:39,41.15,461222,112,卖盘
414,09:50:42,41.18,49412,12,买盘
415,09:50:45,41.17,69998,17,卖盘
416,09:50:48,41.19,94733,23,买盘
417,09:50:51,41.18,49426,12,卖盘
418,09:50:54,41.2,115340,28,买盘
419,09:50:57,41.19,45307,11,中性盘
420,09:51:00,41.2,41209,10,中性盘
421,09:51:03,41.21,20602,5,买盘
422,09:51:06,41.21,32966,8,买盘
423,09:51:09,41.21,65951,16,中性盘
424,09:51:12,41.21,78367,19,卖盘
425,09:51:15,41.21,576872,140,卖盘
426,09:51:18,41.21,333557,81,中性盘
427,09:51:21,41.13,135779,33,卖盘
428,09:51:24,41.2,530771,129,买盘
429,09:51:27,41.19,20587,5,买盘
430,09:51:30,41.19,98828,24,买盘
431,09:51:33,41.24,247250,60,买盘
432,09:51:36,41.35,1144307,277,买盘
433,09:51:39,41.4,446832,108,买盘
434,09:51:42,41.35,417897,101,卖盘
435,09:51:45,41.37,939358,227,中性盘
436,09:51:48,41.36,392474,95,中性盘
437,09:51:51,41.34,91009,22,中性盘
438,09:51:54,41.3,37169,9,买盘
439,09:51:57,41.28,227055,55,卖盘
440,09:52:00,41.26,511782,124,卖盘
441,09:52:03,41.29,611095,148,买盘
442,09:52:06,41.26,49522,12,卖盘
443,09:52:09,41.26,103210,25,卖盘
444,09:52:12,41.27,37150,9,卖盘
445,09:52:15,41.3,111594,27,卖盘
446,09:52:18,41.35,20673,5,买盘
447,09:52:21,41.36,95129,23,买盘
448,09:52:24,41.37,99255,24,买盘
449,09:52:27,41.35,339225,82,卖盘
450,09:52:30,41.37,95194,23,中性盘
451,09:52:33,41.4,66237,16,买盘
452,09:52:36,41.41,82799,20,买盘
453,09:52:39,41.4,1150960,278,卖盘
454,09:52:42,41.41,796113,192,买盘
455,09:52:45,41.43,240245,58,买盘
456,09:52:48,41.41,198860,48,卖盘
457,09:52:51,41.39,458384,111,卖盘
458,09:52:54,41.4,153168,37,买盘
459,09:52:57,41.39,612774,148,中性盘
460,09:53:00,41.4,248328,60,买盘
461,09:53:03,41.4,136620,33,买盘
462,09:53:06,41.41,293935,71,买盘
463,09:53:09,41.38,541990,131,卖盘
464,09:53:12,41.38,359910,87,买盘
465,09:53:15,41.39,248326,60,买盘
466,09:53:18,41.39,57949,14,卖盘
467,09:53:21,41.4,120051,29,买盘
468,09:53:24,41.4,293886,71,买盘
469,09:53:27,41.41,977367,236,买盘
470,09:53:30,41.43,140805,34,买盘
471,09:53:33,41.42,140894,34,卖盘
472,09:53:36,41.43,219587,53,卖盘
473,09:53:39,41.47,393722,95,买盘
474,09:53:42,41.46,559729,135,卖盘
475,09:53:45,41.46,165840,40,买盘
476,09:53:48,41.48,66358,16,买盘
477,09:53:51,41.49,124463,30,买盘
478,09:53:54,41.49,518620,125,买盘
479,09:53:57,41.5,784328,189,买盘
480,09:54:00,41.43,2586454,624,卖盘
481,09:54:03,41.39,575365,139,卖盘
482,09:54:06,41.4,144842,35,买盘
483,09:54:09,41.53,1803282,435,买盘
484,09:54:12,41.52,62219,15,中性盘
485,09:54:15,41.49,116205,28,买盘
486,09:54:18,41.5,145245,35,买盘
487,09:54:21,41.5,33200,8,卖盘
488,09:54:24,41.53,170173,41,买盘
489,09:54:27,41.5,33202,8,卖盘
490,09:54:30,41.51,186746,45,买盘
491,09:54:33,41.48,489555,118,卖盘
492,09:54:36,41.45,352553,85,卖盘
493,09:54:39,41.47,514635,124,中性盘
494,09:54:42,41.4,124246,30,卖盘
495,09:54:45,41.38,633713,153,卖盘
496,09:54:48,41.41,41406,10,买盘
497,09:54:51,41.34,194058,47,中性盘
498,09:54:54,41.34,177692,43,买盘
499,09:54:57,41.3,115640,28,卖盘
500,09:55:00,41.3,33028,8,卖盘
501,09:55:03,41.33,251987,61,买盘
502,09:55:06,41.34,95071,23,买盘
503,09:55:09,41.33,53729,13,卖盘
504,09:55:12,41.33,289320,70,卖盘
505,09:55:15,41.32,429528,104,中性盘
506,09:55:18,41.22,647401,157,卖盘
507,09:55:21,41.27,132027,32,买盘
508,09:55:24,41.27,45366,11,买盘
509,09:55:27,41.25,20625,5,卖盘
510,09:55:30,41.24,4124,1,卖盘
511,09:55:33,41.22,342147,83,卖盘
512,09:55:36,41.22,16488,4,买盘
513,09:55:39,41.24,177308,43,买盘
514,09:55:42,41.24,144340,35,卖盘
515,09:55:45,41.25,181487,44,买盘
516,09:55:48,41.25,86612,21,卖盘
517,09:55:51,41.27,140303,34,买盘
518,09:55:54,41.24,119655,29,卖盘
519,09:55:57,41.26,259828,63,中性盘
520,09:56:00,41.24,342173,83,卖盘
521,09:56:03,41.18,1491378,362,卖盘
522,09:56:06,41.23,746378,181,买盘
523,09:56:09,41.18,32926,8,中性盘
524,09:56:12,41.18,135789,33,中性盘
525,09:56:15,41.06,554926,135,卖盘
526,09:56:18,41.14,41132,10,买盘
527,09:56:21,41.07,20541,5,卖盘
528,09:56:24,41.07,566638,138,卖盘
529,09:56:27,41.0,459203,112,卖盘
530,09:56:30,40.99,61498,15,中性盘
531,09:56:33,40.99,118769,29,买盘
532,09:56:36,41.0,16391,4,买盘
533,09:56:39,41.01,151684,37,买盘
534,09:56:42,41.0,24600,6,卖盘
535,09:56:45,41.03,24606,6,买盘
536,09:56:48,41.0,377200,92,卖盘
537,09:56:51,41.03,176303,43,买盘
538,09:56:54,41.0,90235,22,卖盘
539,09:56:57,41.04,77963,19,买盘
540,09:57:00,41.0,471577,115,卖盘
541,09:57:03,41.0,164000,40,卖盘
542,09:57:06,40.99,49195,12,卖盘
543,09:57:09,40.98,135275,33,卖盘
544,09:57:12,41.03,159922,39,买盘
545,09:57:15,41.0,4100,1,卖盘
546,09:57:18,40.98,196796,48,卖盘
547,09:57:21,40.98,32786,8,卖盘
548,09:57:24,40.98,90161,22,卖盘
549,09:57:27,40.98,77850,19,买盘
550,09:57:30,40.97,16388,4,卖盘
551,09:57:33,40.98,32780,8,买盘
552,09:57:36,40.95,8190,2,卖盘
553,09:57:39,40.98,487629,119,买盘
554,09:57:42,40.95,57337,14,卖盘
555,09:57:45,40.95,122885,30,卖盘
556,09:57:48,40.95,163820,40,卖盘
557,09:57:51,40.92,143308,35,卖盘
558,09:57:54,40.96,180185,44,买盘
559,09:57:57,40.92,4092,1,卖盘
560,09:58:00,40.92,16368,4,卖盘
561,09:58:03,40.92,286420,70,卖盘
562,09:58:06,40.92,670763,164,中性盘
563,09:58:09,41.03,565434,138,买盘
564,09:58:12,41.03,90259,22,买盘
565,09:58:15,41.01,4101,1,卖盘
566,09:58:18,41.05,4105,1,买盘
567,09:58:21,41.03,28721,7,卖盘
568,09:58:24,41.05,69767,17,买盘
569,09:58:27,41.03,32824,8,中性盘
570,09:58:33,41.03,24618,6,买盘
571,09:58:36,41.01,168181,41,卖盘
572,09:58:39,41.05,443240,108,买盘
573,09:58:42,41.02,45120,11,买盘
574,09:58:45,41.02,53329,13,卖盘
575,09:58:48,41.02,24608,6,中性盘
576,09:58:51,41.03,69729,17,买盘
577,09:58:54,41.0,541271,132,卖盘
578,09:58:57,40.94,20482,5,卖盘
579,09:59:00,40.93,221119,54,卖盘
580,09:59:03,40.93,143308,35,买盘
581,09:59:06,40.93,4093,1,卖盘
582,09:59:09,40.94,24568,6,卖盘
583,09:59:12,40.94,27635,7,卖盘
584,09:59:15,40.94,36859,9,卖盘
585,09:59:18,40.95,45050,11,中性盘
586,09:59:24,40.97,46068,11,买盘
587,09:59:30,40.97,12291,3,买盘
588,09:59:33,40.97,28672,7,买盘
589,09:59:36,41.03,475517,116,买盘
590,09:59:39,41.04,172352,42,买盘
591,09:59:42,41.05,98515,24,买盘
592,09:59:45,41.1,82174,20,买盘
593,09:59:48,41.09,332694,81,中性盘
594,09:59:51,41.09,28763,7,买盘
595,09:59:54,41.07,110937,27,卖盘
596,09:59:57,41.1,189055,46,买盘
597,10:00:00,41.1,8220,2,买盘
598,10:00:03,41.07,41075,10,卖盘
599,10:00:06,41.1,131513,32,买盘
600,10:00:09,41.08,53405,13,卖盘
601,10:00:12,41.08,542569,132,买盘
602,10:00:15,41.08,16432,4,卖盘
603,10:00:18,41.13,69940,17,中性盘
604,10:00:21,41.08,24653,6,卖盘
605,10:00:24,41.11,20549,5,买盘
606,10:00:27,41.09,20545,5,卖盘
607,10:00:30,41.11,53438,13,买盘
608,10:00:33,41.08,41073,10,买盘
609,10:00:36,41.08,65728,16,买盘
610,10:00:39,41.13,106885,26,买盘
611,10:00:42,41.09,698578,170,卖盘
612,10:00:45,41.09,168645,41,卖盘
613,10:00:48,41.16,16462,4,买盘
614,10:00:51,41.08,102718,25,卖盘
615,10:00:54,41.09,90491,22,中性盘
616,10:00:57,41.06,493015,120,卖盘
617,10:01:00,41.06,8220,2,卖盘
618,10:01:06,41.13,41128,10,买盘
619,10:01:09,41.14,102841,25,买盘
620,10:01:12,41.09,1138622,277,卖盘
621,10:01:15,41.24,37116,9,买盘
622,10:01:18,41.24,37107,9,买盘
623,10:01:21,41.24,383643,93,买盘
624,10:01:24,41.2,94766,23,中性盘
625,10:01:27,41.18,78246,19,卖盘
626,10:01:30,41.18,24708,6,卖盘
627,10:01:33,41.18,82380,20,卖盘
628,10:01:36,41.18,16472,4,卖盘
629,10:01:39,41.25,626629,152,买盘
630,10:01:42,41.18,214116,52,中性盘
631,10:01:45,41.17,86265,21,中性盘
632,10:01:48,41.07,49301,12,卖盘
633,10:01:51,41.08,90475,22,买盘
634,10:01:54,41.09,164584,40,卖盘
635,10:01:57,41.08,24648,6,卖盘
636,10:02:00,41.17,8234,2,买盘
637,10:02:03,41.19,148229,36,买盘
638,10:02:06,41.17,41162,10,中性盘
639,10:02:09,41.18,24696,6,买盘
640,10:02:12,41.23,511147,124,买盘
641,10:02:15,41.26,206181,50,买盘
642,10:02:18,41.26,57764,14,买盘
643,10:02:21,41.25,41248,10,中性盘
644,10:02:24,41.27,639224,155,买盘
645,10:02:27,41.27,41273,10,卖盘
646,10:02:30,41.3,61937,15,买盘
647,10:02:33,41.31,86698,21,买盘
648,10:02:36,41.33,78505,19,买盘
649,10:02:39,41.37,417892,101,买盘
650,10:02:42,41.36,70278,17,中性盘
651,10:02:45,41.37,289469,70,买盘
652,10:02:48,41.36,148868,36,中性盘
653,10:02:51,41.36,62045,15,卖盘
654,10:02:54,41.37,248209,60,买盘
655,10:02:57,41.37,235907,57,卖盘
656,10:03:00,41.4,12420,3,买盘
657,10:03:03,41.41,45542,11,买盘
658,10:03:06,41.4,49680,12,买盘
659,10:03:09,41.41,33133,8,买盘
660,10:03:12,41.42,20708,5,中性盘
661,10:03:15,41.41,352048,85,买盘
662,10:03:18,41.42,144940,35,买盘
663,10:03:21,41.4,140789,34,卖盘
664,10:03:24,41.4,840281,203,买盘
665,10:03:27,41.41,95241,23,买盘
666,10:03:30,41.4,12422,3,卖盘
667,10:03:33,41.44,650124,157,买盘
668,10:03:36,41.41,207192,50,卖盘
669,10:03:39,41.43,724587,175,买盘
670,10:03:42,41.39,49682,12,卖盘
671,10:03:45,41.4,78660,19,中性盘
672,10:03:48,41.33,28952,7,卖盘
673,10:03:51,41.31,123993,30,卖盘
674,10:03:54,41.27,128039,31,卖盘
675,10:03:57,41.28,177530,43,买盘
676,10:04:00,41.32,66092,16,中性盘
677,10:04:03,41.32,33044,8,买盘
678,10:04:06,41.28,123828,30,卖盘
679,10:04:09,41.3,37165,9,买盘
680,10:04:12,41.32,4132,1,买盘
681,10:04:15,41.32,20660,5,买盘
682,10:04:18,41.35,256253,62,买盘
683,10:04:21,41.37,12411,3,买盘
684,10:04:24,41.39,62059,15,买盘
685,10:04:27,41.4,28976,7,买盘
686,10:04:30,41.4,20700,5,买盘
687,10:04:33,41.41,190451,46,买盘
688,10:04:36,41.42,4142,1,买盘
689,10:04:39,41.43,45564,11,买盘
690,10:04:42,41.43,12429,3,卖盘
691,10:04:45,41.43,116013,28,卖盘
692,10:04:48,41.44,343981,83,买盘
693,10:04:51,41.47,120204,29,买盘
694,10:04:54,41.49,174200,42,买盘
695,10:04:57,41.49,290430,70,买盘
696,10:05:00,41.49,33191,8,买盘
697,10:05:03,41.5,373473,90,买盘
698,10:05:06,41.47,369269,89,卖盘
699,10:05:09,41.49,78835,19,卖盘
700,10:05:12,41.5,348355,84,买盘
701,10:05:15,41.49,91257,22,买盘
702,10:05:18,41.5,24900,6,买盘
703,10:05:21,41.5,41500,10,卖盘
704,10:05:24,41.49,236519,57,卖盘
705,10:05:27,41.43,476658,115,卖盘
706,10:05:30,41.43,327249,79,中性盘
707,10:05:33,41.42,78707,19,卖盘
708,10:05:36,41.4,223677,54,卖盘
709,10:05:39,41.4,227706,55,卖盘
710,10:05:42,41.4,182128,44,买盘
711,10:05:45,41.4,12420,3,买盘
712,10:05:48,41.37,12411,3,买盘
713,10:05:51,41.34,70290,17,卖盘
714,10:05:54,41.36,272828,66,买盘
715,10:05:57,41.35,16537,4,中性盘
716,10:06:00,41.35,41338,10,买盘
717,10:06:03,41.29,264581,64,卖盘
718,10:06:06,41.34,181866,44,买盘
719,10:06:09,41.28,8257,2,卖盘
720,10:06:12,41.3,103278,25,中性盘
721,10:06:15,41.35,53749,13,买盘
722,10:06:18,41.35,53763,13,卖盘
723,10:06:21,41.34,169511,41,卖盘
724,10:06:24,41.35,87404,21,买盘
725,10:06:27,41.31,24799,6,卖盘
726,10:06:30,41.33,24787,6,买盘
727,10:06:33,41.35,144709,35,买盘
728,10:06:36,41.37,28954,7,买盘
729,10:06:39,41.35,82726,20,卖盘
730,10:06:42,41.37,70324,17,买盘
731,10:06:45,41.37,186114,45,买盘
732,10:06:48,41.35,20675,5,卖盘
733,10:06:51,41.35,388851,94,买盘
734,10:06:54,41.35,124036,30,买盘
735,10:06:57,41.37,49637,12,买盘
736,10:07:00,41.39,20693,5,买盘
737,10:07:03,41.37,190389,46,卖盘
738,10:07:06,41.39,330901,80,卖盘
739,10:07:09,41.32,310010,75,卖盘
740,10:07:12,41.23,523645,127,卖盘
741,10:07:15,41.2,131870,32,卖盘
742,10:07:18,41.21,37081,9,买盘
743,10:07:21,41.2,20569,5,买盘
744,10:07:24,41.2,4120,1,买盘
745,10:07:27,41.19,8238,2,中性盘
746,10:07:30,41.19,148271,36,买盘
747,10:07:33,41.21,189514,46,买盘
748,10:07:36,41.11,16454,4,卖盘
749,10:07:39,41.11,4111,1,卖盘
750,10:07:42,41.19,65865,16,买盘
751,10:07:48,41.21,65916,16,买盘
752,10:07:51,41.15,69958,17,卖盘
753,10:07:54,41.16,12352,3,卖盘
754,10:07:57,41.16,45276,11,卖盘
755,10:08:00,41.15,234614,57,卖盘
756,10:08:03,41.15,94629,23,买盘
757,10:08:06,41.12,20561,5,中性盘
758,10:08:09,41.12,61674,15,买盘
759,10:08:12,41.12,16448,4,卖盘
760,10:08:15,41.13,90498,22,中性盘
761,10:08:18,41.14,4114,1,买盘
762,10:08:21,41.13,115177,28,卖盘
763,10:08:24,41.12,82240,20,卖盘
764,10:08:27,41.1,328914,80,卖盘
765,10:08:33,41.09,115052,28,卖盘
766,10:08:36,41.03,853864,208,卖盘
767,10:08:39,41.0,53331,13,卖盘
768,10:08:42,41.04,16416,4,买盘
769,10:08:45,41.06,151850,37,买盘
770,10:08:48,41.05,73915,18,中性盘
771,10:08:51,41.12,189137,46,买盘
772,10:08:54,41.05,24637,6,卖盘
773,10:08:57,41.1,4110,1,买盘
774,10:09:00,41.12,143813,35,买盘
775,10:09:03,41.05,123387,30,卖盘
776,10:09:06,41.05,4105,1,卖盘
777,10:09:09,41.05,197267,48,卖盘
778,10:09:12,41.15,78176,19,买盘
779,10:09:15,41.14,8228,2,买盘
780,10:09:18,41.05,110945,27,卖盘
781,10:09:21,41.15,86357,21,买盘
782,10:09:24,41.14,12326,3,买盘
783,10:09:27,41.06,16424,4,卖盘
784,10:09:30,41.06,28742,7,卖盘
785,10:09:33,41.06,8212,2,卖盘
786,10:09:36,41.12,86338,21,买盘
787,10:09:39,41.14,61631,15,买盘
788,10:09:42,41.11,36991,9,中性盘
789,10:09:45,41.12,45224,11,买盘
790,10:09:48,41.05,480487,117,卖盘
791,10:10:00,41.07,4107,1,卖盘
792,10:10:03,41.05,20543,5,卖盘
793,10:10:09,41.03,1410537,344,卖盘
794,10:10:12,41.03,36927,9,买盘
795,10:10:15,40.93,106472,26,卖盘
796,10:10:18,41.01,40938,10,买盘
797,10:10:21,41.02,65518,16,买盘
798,10:10:24,40.93,28661,7,中性盘
799,10:10:27,40.99,229196,56,买盘
800,10:10:30,40.93,8186,2,中性盘
801,10:10:33,40.94,24572,6,卖盘
802,10:10:36,40.95,61399,15,买盘
803,10:10:42,40.95,49152,12,卖盘
804,10:10:45,40.9,85932,21,卖盘
805,10:10:48,40.93,49110,12,中性盘
806,10:10:51,40.95,90052,22,买盘
807,10:10:54,40.93,45023,11,卖盘
808,10:10:57,40.91,12273,3,卖盘
809,10:11:00,40.91,98223,24,中性盘
810,10:11:03,40.9,274088,67,卖盘
811,10:11:06,40.95,200571,49,买盘
812,10:11:09,40.95,102361,25,买盘
813,10:11:12,40.95,57330,14,卖盘
814,10:11:18,40.93,274336,67,卖盘
815,10:11:21,40.95,184244,45,买盘
816,10:11:24,40.93,102325,25,卖盘
817,10:11:27,40.99,32773,8,买盘
818,10:11:30,40.99,8198,2,买盘
819,10:11:33,40.95,127088,31,卖盘
820,10:11:36,40.99,24594,6,买盘
821,10:11:39,41.02,57402,14,买盘
822,10:11:42,40.99,512414,125,卖盘
823,10:11:45,41.0,8200,2,中性盘
824,10:11:48,41.0,114800,28,卖盘
825,10:11:51,41.05,365228,89,买盘
826,10:11:54,40.99,24606,6,卖盘
827,10:11:57,41.04,77903,19,中性盘
828,10:12:00,40.99,16397,4,卖盘
829,10:12:03,41.04,856669,209,买盘
830,10:12:06,40.95,372961,91,卖盘
831,10:12:09,40.93,737368,180,卖盘
832,10:12:12,40.95,4095,1,中性盘
833,10:12:15,40.95,36856,9,卖盘
834,10:12:18,40.95,8190,2,卖盘
835,10:12:21,41.06,45153,11,买盘
836,10:12:24,41.03,4103,1,中性盘
837,10:12:27,41.05,82096,20,买盘
838,10:12:33,41.0,290957,71,中性盘
839,10:12:36,41.05,20525,5,中性盘
840,10:12:39,40.96,351960,86,卖盘
841,10:12:42,40.93,16372,4,卖盘
842,10:12:45,40.93,24562,6,中性盘
843,10:12:48,40.93,155423,38,中性盘
844,10:12:51,40.93,102281,25,买盘
845,10:12:54,40.93,265855,65,买盘
846,10:13:00,40.93,36835,9,买盘
847,10:13:03,40.93,36829,9,买盘
848,10:13:06,40.88,408809,100,卖盘
849,10:13:09,40.9,32720,8,卖盘
850,10:13:12,40.89,4089,1,卖盘
851,10:13:15,40.89,20445,5,卖盘
852,10:13:18,40.89,24536,6,卖盘
853,10:13:21,40.89,24532,6,卖盘
854,10:13:24,40.88,61331,15,卖盘
855,10:13:27,40.88,28612,7,卖盘
856,10:13:30,40.86,24516,6,卖盘
857,10:13:33,40.86,61293,15,卖盘
858,10:13:36,40.85,28598,7,卖盘
859,10:13:39,40.85,110299,27,卖盘
860,10:13:42,40.84,69432,17,卖盘
861,10:13:45,40.84,4084,1,卖盘
862,10:13:48,40.84,40840,10,卖盘
863,10:13:51,40.83,61258,15,卖盘
864,10:13:54,40.8,126499,31,卖盘
865,10:14:00,40.8,85700,21,卖盘
866,10:14:03,40.8,44884,11,卖盘
867,10:14:06,40.81,142801,35,买盘
868,10:14:09,40.78,28554,7,卖盘
869,10:14:12,40.76,106037,26,卖盘
870,10:14:15,40.75,20377,5,卖盘
871,10:14:18,40.75,81500,20,卖盘
872,10:14:21,40.76,24453,6,中性盘
873,10:14:24,40.75,126318,31,卖盘
874,10:14:27,40.74,24444,6,卖盘
875,10:14:30,40.73,130337,32,卖盘
876,10:14:33,40.72,61089,15,卖盘
877,10:14:36,40.71,36653,9,卖盘
878,10:14:39,40.71,28497,7,卖盘
879,10:14:42,40.71,175056,43,卖盘
880,10:14:45,40.71,179148,44,卖盘
881,10:14:48,40.71,219869,54,卖盘
882,10:14:51,40.71,77356,19,卖盘
883,10:14:54,40.72,195453,48,买盘
884,10:14:57,40.72,61076,15,卖盘
885,10:15:00,40.72,93663,23,买盘
886,10:15:03,40.72,500651,123,买盘
887,10:15:06,40.71,8142,2,中性盘
888,10:15:09,40.69,93610,23,卖盘
889,10:15:12,40.69,109878,27,卖盘
890,10:15:15,40.7,211596,52,买盘
891,10:15:18,40.68,20341,5,卖盘
892,10:15:21,40.73,313378,77,买盘
893,10:15:24,40.74,171077,42,买盘
894,10:15:27,40.74,12218,3,买盘
895,10:15:30,40.74,4074,1,买盘
896,10:15:33,40.7,97756,24,卖盘
897,10:15:36,40.72,118034,29,买盘
898,10:15:39,40.65,280688,69,卖盘
899,10:15:42,40.67,32524,8,中性盘
900,10:15:45,40.65,20327,5,卖盘
901,10:15:48,40.65,36594,9,卖盘
902,10:15:51,40.64,73158,18,卖盘
903,10:15:54,40.64,56889,14,买盘
904,10:15:57,40.63,125977,31,卖盘
905,10:16:00,40.65,613363,151,买盘
906,10:16:03,40.67,272268,67,买盘
907,10:16:06,40.68,117994,29,买盘
908,10:16:09,40.68,85435,21,卖盘
909,10:16:12,40.74,44784,11,买盘
910,10:16:15,40.74,28488,7,买盘
911,10:16:18,40.69,57017,14,卖盘
912,10:16:24,40.73,69226,17,买盘
913,10:16:27,40.73,8142,2,中性盘
914,10:16:30,40.69,93587,23,卖盘
915,10:16:33,40.69,12207,3,中性盘
916,10:16:39,40.67,219666,54,卖盘
917,10:16:42,40.67,134125,33,买盘
918,10:16:48,40.68,153270,38,买盘
919,10:16:51,40.62,44686,11,卖盘
920,10:16:54,40.62,8124,2,买盘
921,10:16:57,40.61,28429,7,卖盘
922,10:17:00,40.62,32493,8,买盘
923,10:17:03,40.61,45765,11,卖盘
924,10:17:06,40.6,56844,14,卖盘
925,10:17:09,40.62,52792,13,买盘
926,10:17:12,40.6,20303,5,卖盘
927,10:17:18,40.6,56840,14,卖盘
928,10:17:21,40.6,284144,70,卖盘
929,10:17:24,40.6,24362,6,买盘
930,10:17:27,40.58,271886,67,卖盘
931,10:17:30,40.58,105511,26,卖盘
932,10:17:33,40.58,8116,2,卖盘
933,10:17:36,40.58,12174,3,卖盘
934,10:17:39,40.6,24354,6,买盘
935,10:17:42,40.58,69001,17,卖盘
936,10:17:45,40.58,31368,8,卖盘
937,10:17:48,40.55,151193,37,卖盘
938,10:17:51,40.55,16226,4,卖盘
939,10:17:54,40.55,28388,7,卖盘
940,10:17:57,40.55,133761,33,卖盘
941,10:18:00,40.54,4054,1,卖盘
942,10:18:03,40.53,64863,16,卖盘
943,10:18:06,40.52,68884,17,卖盘
944,10:18:09,40.51,68868,17,卖盘
945,10:18:12,40.51,340284,84,卖盘
946,10:18:15,40.51,401049,99,卖盘
947,10:18:18,40.5,105300,26,卖盘
948,10:18:21,40.51,24301,6,买盘
949,10:18:24,40.5,20254,5,卖盘
950,10:18:27,40.51,89114,22,买盘
951,10:18:30,40.58,559154,138,买盘
952,10:18:33,40.55,16223,4,卖盘
953,10:18:36,40.55,16224,4,卖盘
954,10:18:39,40.55,16220,4,卖盘
955,10:18:42,40.55,48660,12,买盘
956,10:18:45,40.54,16218,4,卖盘
957,10:18:48,40.54,44594,11,卖盘
958,10:18:51,40.52,20264,5,卖盘
959,10:18:54,40.52,20260,5,卖盘
960,10:18:57,40.51,72924,18,卖盘
961,10:19:00,40.52,153976,38,买盘
962,10:19:03,40.52,60784,15,卖盘
963,10:19:06,40.51,125601,31,卖盘
964,10:19:09,40.51,174191,43,买盘
965,10:19:12,40.51,56713,14,卖盘
966,10:19:15,40.51,52663,13,卖盘
967,10:19:18,40.5,117451,29,卖盘
968,10:19:21,40.49,60730,15,卖盘
969,10:19:24,40.49,52621,13,中性盘
970,10:19:27,40.48,60716,15,卖盘
971,10:19:30,40.47,12139,3,中性盘
972,10:19:33,40.46,16184,4,卖盘
973,10:19:36,40.45,105200,26,卖盘
974,10:19:42,40.45,214384,53,卖盘
975,10:19:45,40.47,238722,59,买盘
976,10:19:48,40.46,20229,5,中性盘
977,10:19:51,40.47,93066,23,中性盘
978,10:19:54,40.47,105261,26,卖盘
979,10:19:57,40.47,12147,3,卖盘
980,10:20:00,40.5,202430,50,买盘
981,10:20:03,40.51,81017,20,买盘
982,10:20:06,40.51,32410,8,卖盘
983,10:20:09,40.51,8102,2,卖盘
984,10:20:15,40.51,32411,8,卖盘
985,10:20:18,40.52,12156,3,买盘
986,10:20:24,40.53,8106,2,买盘
987,10:20:27,40.53,52664,13,买盘
988,10:20:30,40.48,16196,4,卖盘
989,10:20:33,40.47,141676,35,卖盘
990,10:20:36,40.47,4047,1,中性盘
991,10:20:39,40.46,76883,19,卖盘
992,10:20:42,40.48,24288,6,买盘
993,10:20:45,40.46,60712,15,卖盘
994,10:20:51,40.46,12140,3,卖盘
995,10:20:54,40.48,8094,2,买盘
996,10:20:57,40.5,80957,20,买盘
997,10:21:00,40.48,12146,3,卖盘
998,10:21:03,40.48,44550,11,卖盘
999,10:21:06,40.51,52639,13,买盘
1000,10:21:12,40.51,40497,10,买盘
1001,10:21:15,40.49,16196,4,卖盘
1002,10:21:18,40.5,20247,5,买盘
1003,10:21:24,40.49,8098,2,买盘
1004,10:21:27,40.48,64768,16,卖盘
1005,10:21:30,40.48,4048,1,中性盘
1006,10:21:33,40.47,8094,2,卖盘
1007,10:21:36,40.47,8094,2,卖盘
1008,10:21:39,40.47,8094,2,卖盘
1009,10:21:42,40.48,48572,12,买盘
1010,10:21:45,40.47,89049,22,卖盘
1011,10:21:48,40.48,28336,7,中性盘
1012,10:21:51,40.51,595010,147,买盘
1013,10:21:54,40.49,64786,16,中性盘
1014,10:21:57,40.48,117404,29,卖盘
1015,10:22:00,40.51,28345,7,中性盘
1016,10:22:03,40.52,36457,9,买盘
1017,10:22:06,40.51,89107,22,买盘
1018,10:22:09,40.51,12154,3,中性盘
1019,10:22:12,40.49,12149,3,卖盘
1020,10:22:15,40.49,36452,9,卖盘
1021,10:22:18,40.49,121470,30,卖盘
1022,10:22:21,40.49,425145,105,卖盘
1023,10:22:24,40.52,16208,4,买盘
1024,10:22:27,40.52,40516,10,中性盘
1025,10:22:30,40.5,36466,9,中性盘
1026,10:22:33,40.52,105304,26,买盘
1027,10:22:36,40.53,20259,5,买盘
1028,10:22:39,40.51,24309,6,卖盘
1029,10:22:45,40.51,20269,5,卖盘
1030,10:22:48,40.51,287618,71,卖盘
1031,10:22:51,40.51,72908,18,买盘
1032,10:22:54,40.49,186255,46,卖盘
1033,10:22:57,40.49,32389,8,买盘
1034,10:23:00,40.49,16196,4,买盘
1035,10:23:03,40.5,28347,7,买盘
1036,10:23:06,40.49,76915,19,卖盘
1037,10:23:09,40.49,117396,29,买盘
1038,10:23:12,40.49,20247,5,中性盘
1039,10:23:15,40.49,24294,6,卖盘
1040,10:23:21,40.49,48588,12,卖盘
1041,10:23:24,40.49,48585,12,卖盘
1042,10:23:27,40.47,226676,56,卖盘
1043,10:23:30,40.47,214447,53,买盘
1044,10:23:33,40.45,109216,27,卖盘
1045,10:23:36,40.45,64720,16,卖盘
1046,10:23:39,40.46,129441,32,买盘
1047,10:23:42,40.44,230524,57,卖盘
1048,10:23:45,40.42,32341,8,卖盘
1049,10:23:48,40.41,16164,4,卖盘
1050,10:23:51,40.41,129312,32,卖盘
1051,10:23:54,40.4,8080,2,卖盘
1052,10:23:57,40.4,230309,57,卖盘
1053,10:24:00,40.41,8082,2,中性盘
1054,10:24:03,40.45,48505,12,买盘
1055,10:24:06,40.42,24252,6,卖盘
1056,10:24:09,40.42,20210,5,买盘
1057,10:24:12,40.46,376017,93,买盘
1058,10:24:15,40.45,80914,20,卖盘
1059,10:24:18,40.45,56631,14,卖盘
1060,10:24:21,40.46,28322,7,买盘
1061,10:24:24,40.46,52593,13,卖盘
1062,10:24:27,40.46,28316,7,买盘
1063,10:24:30,40.46,56626,14,买盘
1064,10:24:36,40.46,28319,7,买盘
1065,10:24:42,40.46,52570,13,买盘
1066,10:24:45,40.44,20217,5,买盘
1067,10:24:48,40.43,20215,5,买盘
1068,10:24:51,40.44,64699,16,买盘
1069,10:24:54,40.44,32352,8,卖盘
1070,10:24:57,40.45,97058,24,买盘
1071,10:25:00,40.44,8088,2,卖盘
1072,10:25:03,40.44,52572,13,卖盘
1073,10:25:06,40.43,32344,8,卖盘
1074,10:25:09,40.43,4043,1,买盘
1075,10:25:15,40.42,24256,6,卖盘
1076,10:25:18,40.45,92998,23,买盘
1077,10:25:21,40.42,32336,8,卖盘
1078,10:25:24,40.45,8090,2,买盘
1079,10:25:27,40.43,8086,2,卖盘
1080,10:25:30,40.45,40450,10,买盘
1081,10:25:33,40.44,68748,17,卖盘
1082,10:25:36,40.44,12132,3,卖盘
1083,10:25:39,40.44,16176,4,买盘
1084,10:25:42,40.44,4044,1,卖盘
1085,10:25:45,40.44,12132,3,中性盘
1086,10:25:48,40.44,40434,10,买盘
1087,10:25:51,40.43,105142,26,卖盘
1088,10:25:54,40.43,16172,4,卖盘
1089,10:25:57,40.43,8086,2,卖盘
1090,10:26:00,40.42,4042,1,卖盘
1091,10:26:03,40.43,28296,7,买盘
1092,10:26:06,40.42,52550,13,卖盘
1093,10:26:12,40.42,8084,2,卖盘
1094,10:26:15,40.43,12128,3,买盘
1095,10:26:18,40.48,274994,68,买盘
1096,10:26:21,40.47,8095,2,卖盘
1097,10:26:24,40.48,16192,4,买盘
1098,10:26:27,40.47,40471,10,卖盘
1099,10:26:30,40.46,20231,5,卖盘
1100,10:26:33,40.46,93108,23,卖盘
1101,10:26:36,40.46,44512,11,卖盘
1102,10:26:39,40.5,32396,8,买盘
1103,10:26:42,40.53,97228,24,买盘
1104,10:26:45,40.5,121518,30,卖盘
1105,10:26:48,40.51,129605,32,卖盘
1106,10:26:51,40.59,52728,13,买盘
1107,10:26:54,40.46,60711,15,卖盘
1108,10:26:57,40.49,8098,2,卖盘
1109,10:27:00,40.55,32404,8,买盘
1110,10:27:03,40.49,117367,29,卖盘
1111,10:27:06,40.48,36430,9,中性盘
1112,10:27:09,40.48,166007,41,卖盘
1113,10:27:12,40.48,28340,7,卖盘
1114,10:27:15,40.48,20240,5,卖盘
1115,10:27:18,40.48,44528,11,卖盘
1116,10:27:21,40.48,24288,6,卖盘
1117,10:27:24,40.48,32384,8,买盘
1118,10:27:27,40.47,76897,19,卖盘
1119,10:27:30,40.47,36423,9,卖盘
1120,10:27:33,40.46,12140,3,卖盘
1121,10:27:36,40.46,16184,4,卖盘
1122,10:27:39,40.46,113308,28,卖盘
1123,10:27:42,40.46,36416,9,卖盘
1124,10:27:45,40.49,32392,8,买盘
1125,10:27:48,40.46,473410,117,卖盘
1126,10:27:54,40.54,93224,23,买盘
1127,10:27:57,40.46,238938,59,卖盘
1128,10:28:00,40.47,4047,1,中性盘
1129,10:28:03,40.47,8094,2,卖盘
1130,10:28:06,40.47,113318,28,卖盘
1131,10:28:12,40.46,153828,38,卖盘
1132,10:28:15,40.46,16182,4,买盘
1133,10:28:18,40.45,52589,13,卖盘
1134,10:28:21,40.46,125416,31,买盘
1135,10:28:24,40.46,141610,35,买盘
1136,10:28:27,40.46,36414,9,卖盘
1137,10:28:33,40.52,121440,30,买盘
1138,10:28:36,40.46,24276,6,卖盘
1139,10:28:39,40.5,24283,6,买盘
1140,10:28:42,40.5,76950,19,卖盘
1141,10:28:45,40.5,36450,9,买盘
1142,10:28:48,40.46,44515,11,卖盘
1143,10:28:51,40.49,28325,7,买盘
1144,10:28:54,40.46,20230,5,卖盘
1145,10:28:57,40.46,24278,6,卖盘
1146,10:29:00,40.46,12139,3,卖盘
1147,10:29:06,40.46,113298,28,卖盘
1148,10:29:09,40.46,408804,101,卖盘
1149,10:29:12,40.45,8090,2,卖盘
1150,10:29:15,40.48,429243,106,买盘
1151,10:29:18,40.47,12141,3,卖盘
1152,10:29:21,40.48,20240,5,中性盘
1153,10:29:24,40.53,810268,200,买盘
1154,10:29:27,40.54,16218,4,卖盘
1155,10:29:33,40.54,4054,1,买盘
1156,10:29:36,40.52,44591,11,卖盘
1157,10:29:39,40.55,4055,1,买盘
1158,10:29:42,40.54,324324,80,卖盘
1159,10:29:45,40.54,52707,13,卖盘
1160,10:29:48,40.54,8108,2,买盘
1161,10:29:51,40.54,16216,4,买盘
1162,10:29:57,40.54,4054,1,卖盘
1163,10:30:00,40.54,154047,38,卖盘
1164,10:30:06,40.5,1332657,329,卖盘
1165,10:30:09,40.5,36449,9,买盘
1166,10:30:12,40.5,198449,49,买盘
1167,10:30:15,40.49,20246,5,卖盘
1168,10:30:18,40.5,242950,60,买盘
1169,10:30:21,40.5,8100,2,买盘
1170,10:30:24,40.5,16200,4,买盘
1171,10:30:27,40.49,36441,9,卖盘
1172,10:30:30,40.5,44550,11,买盘
1173,10:30:33,40.5,121475,30,买盘
1174,10:30:36,40.49,93139,23,卖盘
1175,10:30:39,40.5,44547,11,买盘
1176,10:30:42,40.49,117440,29,卖盘
1177,10:30:45,40.5,198430,49,买盘
1178,10:30:48,40.49,174145,43,中性盘
1179,10:30:57,40.51,20259,5,卖盘
1180,10:31:00,40.52,4052,1,买盘
1181,10:31:03,40.52,12156,3,买盘
1182,10:31:06,40.51,157979,39,卖盘
1183,10:31:09,40.51,8102,2,买盘
1184,10:31:12,40.48,20246,5,卖盘
1185,10:31:15,40.49,429422,106,买盘
1186,10:31:18,40.51,56746,14,中性盘
1187,10:31:21,40.57,4057,1,买盘
1188,10:31:24,40.57,40570,10,买盘
1189,10:31:27,40.56,8112,2,卖盘
1190,10:31:30,40.58,24341,6,买盘
1191,10:31:33,40.56,64911,16,卖盘
1192,10:31:36,40.56,60835,15,买盘
1193,10:31:39,40.55,56770,14,卖盘
1194,10:31:42,40.51,137854,34,中性盘
1195,10:31:45,40.58,56788,14,买盘
1196,10:31:48,40.56,48677,12,卖盘
1197,10:31:51,40.56,20282,5,卖盘
1198,10:31:54,40.57,4057,1,中性盘
1199,10:31:57,40.54,12164,3,卖盘
1200,10:32:00,40.54,8108,2,卖盘
1201,10:32:03,40.55,105420,26,买盘
1202,10:32:06,40.51,2033621,502,卖盘
1203,10:32:09,40.55,12165,3,卖盘
1204,10:32:12,40.55,60801,15,买盘
1205,10:32:15,40.55,28387,7,卖盘
1206,10:32:18,40.55,8110,2,卖盘
1207,10:32:24,40.52,129770,32,卖盘
1208,10:32:27,40.56,93264,23,卖盘
1209,10:32:30,40.55,16219,4,卖盘
1210,10:32:33,40.56,12167,3,买盘
1211,10:32:36,40.59,158245,39,买盘
1212,10:32:39,40.56,28393,7,卖盘
1213,10:32:45,40.61,20301,5,买盘
1214,10:32:48,40.6,20300,5,卖盘
1215,10:32:51,40.61,4061,1,买盘
1216,10:32:54,40.6,60876,15,卖盘
1217,10:32:57,40.56,56836,14,中性盘
1218,10:33:00,40.62,56854,14,买盘
1219,10:33:03,40.67,12187,3,中性盘
1220,10:33:06,40.62,32493,8,中性盘
1221,10:33:12,40.61,4061,1,卖盘
1222,10:33:15,40.66,8132,2,买盘
1223,10:33:18,40.6,101496,25,卖盘
1224,10:33:24,40.59,142065,35,卖盘
1225,10:33:27,40.59,16238,4,卖盘
1226,10:33:30,40.6,162400,40,买盘
1227,10:33:33,40.6,85258,21,买盘
1228,10:33:36,40.6,20300,5,卖盘
1229,10:33:39,40.6,24360,6,卖盘
1230,10:33:42,40.63,8125,2,买盘
1231,10:33:45,40.63,20312,5,买盘
1232,10:33:48,40.63,32492,8,卖盘
1233,10:33:51,40.64,24376,6,买盘
1234,10:33:54,40.6,4060,1,卖盘
1235,10:33:57,40.6,36553,9,卖盘
1236,10:34:00,40.63,12183,3,买盘
1237,10:34:03,40.61,8122,2,卖盘
1238,10:34:06,40.61,36558,9,卖盘
1239,10:34:09,40.61,60917,15,买盘
1240,10:34:15,40.61,40606,10,买盘
1241,10:34:21,40.61,12183,3,买盘
1242,10:34:27,40.59,592685,146,卖盘
1243,10:34:30,40.58,12174,3,卖盘
1244,10:34:39,40.56,40560,10,卖盘
1245,10:34:42,40.56,608477,150,卖盘
1246,10:34:45,40.57,8114,2,买盘
1247,10:34:48,40.59,1142498,282,中性盘
1248,10:34:51,40.62,129953,32,中性盘
1249,10:34:54,40.61,16244,4,卖盘
1250,10:34:57,40.61,24369,6,卖盘
1251,10:35:03,40.62,16246,4,买盘
1252,10:35:06,40.6,284271,70,卖盘
1253,10:35:12,40.57,52753,13,卖盘
1254,10:35:15,40.54,231369,57,中性盘
1255,10:35:18,40.64,239592,59,买盘
1256,10:35:21,40.64,60956,15,买盘
1257,10:35:24,40.64,20324,5,中性盘
1258,10:35:27,40.65,12196,3,中性盘
1259,10:35:30,40.64,16257,4,卖盘
1260,10:35:33,40.64,4064,1,卖盘
1261,10:35:39,40.64,97527,24,卖盘
1262,10:35:42,40.66,36580,9,买盘
1263,10:35:45,40.68,85397,21,买盘
1264,10:35:48,40.67,32542,8,卖盘
1265,10:35:51,40.65,426599,105,卖盘
1266,10:35:54,40.65,16260,4,买盘
1267,10:35:57,40.66,4066,1,买盘
1268,10:36:00,40.74,28486,7,买盘
1269,10:36:06,40.74,442814,109,买盘
1270,10:36:09,40.66,16272,4,中性盘
1271,10:36:12,40.64,20322,5,卖盘
1272,10:36:15,40.66,32530,8,买盘
1273,10:36:18,40.65,446949,110,卖盘
1274,10:36:21,40.65,8130,2,买盘
1275,10:36:24,40.64,60970,15,卖盘
1276,10:36:27,40.6,406204,100,卖盘
1277,10:36:30,40.62,36574,9,中性盘
1278,10:36:33,40.63,4063,1,卖盘
1279,10:36:36,40.62,121862,30,卖盘
1280,10:36:39,40.63,101597,25,卖盘
1281,10:36:45,40.71,8142,2,买盘
1282,10:36:48,40.63,32504,8,卖盘
1283,10:36:51,40.64,52810,13,中性盘
1284,10:36:57,40.64,28442,7,买盘
1285,10:37:00,40.65,16260,4,中性盘
1286,10:37:03,40.66,16262,4,卖盘
1287,10:37:06,40.67,36606,9,卖盘
1288,10:37:09,40.66,32529,8,卖盘
1289,10:37:12,40.63,52849,13,卖盘
1290,10:37:15,40.65,4065,1,中性盘
1291,10:37:18,40.64,12192,3,卖盘
1292,10:37:24,40.64,81291,20,买盘
1293,10:37:27,40.69,40679,10,买盘
1294,10:37:30,40.69,16273,4,中性盘
1295,10:37:39,40.7,12209,3,买盘
1296,10:37:45,40.7,101750,25,买盘
1297,10:37:48,40.69,28486,7,卖盘
1298,10:37:51,40.7,16280,4,买盘
1299,10:37:57,40.71,24424,6,买盘
1300,10:38:00,40.7,32558,8,卖盘
1301,10:38:03,40.7,16280,4,买盘
1302,10:38:06,40.71,16284,4,买盘
1303,10:38:09,40.7,20354,5,卖盘
1304,10:38:12,40.7,16280,4,买盘
1305,10:38:15,40.71,20356,5,卖盘
1306,10:38:18,40.71,28497,7,卖盘
1307,10:38:21,40.68,48831,12,卖盘
1308,10:38:27,40.72,61044,15,买盘
1309,10:38:30,40.69,183062,45,买盘
1310,10:38:33,40.65,20325,5,卖盘
1311,10:38:36,40.65,20325,5,中性盘
1312,10:38:39,40.65,32520,8,卖盘
1313,10:38:42,40.65,4065,1,卖盘
1314,10:38:45,40.67,28464,7,买盘
1315,10:38:48,40.65,97570,24,卖盘
1316,10:38:51,40.65,20327,5,卖盘
1317,10:38:54,40.65,12196,3,卖盘
1318,10:38:57,40.65,40650,10,买盘
1319,10:39:00,40.68,109786,27,中性盘
1320,10:39:03,40.64,4064,1,卖盘
1321,10:39:06,40.66,44717,11,买盘
1322,10:39:09,40.65,32520,8,卖盘
1323,10:39:12,40.65,8131,2,卖盘
1324,10:39:15,40.66,20330,5,买盘
1325,10:39:18,40.66,4066,1,卖盘
1326,10:39:24,40.66,4066,1,买盘
1327,10:39:27,40.65,28457,7,卖盘
1328,10:39:30,40.66,313013,77,买盘
1329,10:39:33,40.64,40640,10,卖盘
1330,10:39:36,40.66,16262,4,买盘
1331,10:39:39,40.64,65026,16,卖盘
1332,10:39:42,40.64,138176,34,卖盘
1333,10:39:45,40.64,81266,20,买盘
1334,10:39:48,40.64,8128,2,卖盘
1335,10:39:51,40.64,24384,6,卖盘
1336,10:39:54,40.62,4062,1,卖盘
1337,10:40:00,40.62,48744,12,卖盘
1338,10:40:03,40.61,296516,73,卖盘
1339,10:40:06,40.61,56833,14,买盘
1340,10:40:09,40.59,32472,8,卖盘
1341,10:40:12,40.5,1243865,307,卖盘
1342,10:40:15,40.59,97404,24,买盘
1343,10:40:18,40.59,93371,23,卖盘
1344,10:40:21,40.6,267960,66,买盘
1345,10:40:24,40.61,24366,6,中性盘
1346,10:40:27,40.6,142137,35,卖盘
1347,10:40:30,40.6,20300,5,卖盘
1348,10:40:33,40.6,32480,8,卖盘
1349,10:40:39,40.6,32482,8,卖盘
1350,10:40:42,40.6,16242,4,卖盘
1351,10:40:45,40.65,146279,36,买盘
1352,10:40:48,40.66,105716,26,买盘
1353,10:40:51,40.6,1255104,309,卖盘
1354,10:40:54,40.63,81260,20,中性盘
1355,10:40:57,40.62,28438,7,卖盘
1356,10:41:00,40.62,16248,4,卖盘
1357,10:41:03,40.69,56948,14,买盘
1358,10:41:06,40.68,48832,12,中性盘
1359,10:41:09,40.69,40693,10,卖盘
1360,10:41:12,40.72,4072,1,买盘
1361,10:41:15,40.72,4072,1,买盘
1362,10:41:18,40.73,57016,14,买盘
1363,10:41:21,40.73,20361,5,买盘
1364,10:41:24,40.64,2495712,614,卖盘
1365,10:41:27,40.73,73217,18,买盘
1366,10:41:30,40.67,24402,6,卖盘
1367,10:41:33,40.67,48799,12,卖盘
1368,10:41:36,40.66,44723,11,卖盘
1369,10:41:39,40.66,4066,1,卖盘
1370,10:41:42,40.65,4065,1,卖盘
1371,10:41:45,40.65,16261,4,卖盘
1372,10:41:48,40.65,28457,7,卖盘
1373,10:41:51,40.65,4065,1,卖盘
1374,10:41:54,40.67,85371,21,买盘
1375,10:42:00,40.65,8130,2,卖盘
1376,10:42:03,40.67,73206,18,买盘
1377,10:42:06,40.71,12213,3,买盘
1378,10:42:09,40.71,48853,12,买盘
1379,10:42:12,40.71,12213,3,卖盘
1380,10:42:18,40.72,8144,2,买盘
1381,10:42:21,40.68,8136,2,卖盘
1382,10:42:27,40.71,20352,5,买盘
1383,10:42:30,40.68,69158,17,卖盘
1384,10:42:33,40.69,8138,2,买盘
1385,10:42:36,40.68,16272,4,卖盘
1386,10:42:39,40.68,32544,8,卖盘
1387,10:42:48,40.65,130135,32,卖盘
1388,10:42:51,40.65,8130,2,卖盘
1389,10:42:54,40.64,239832,59,卖盘
1390,10:42:57,40.63,24378,6,卖盘
1391,10:43:00,40.63,32504,8,卖盘
1392,10:43:03,40.62,20311,5,卖盘
1393,10:43:06,40.63,32498,8,买盘
1394,10:43:09,40.61,24368,6,卖盘
1395,10:43:18,40.6,56840,14,卖盘
1396,10:43:21,40.61,133992,33,买盘
1397,10:43:27,40.64,12192,3,买盘
1398,10:43:30,40.62,20310,5,卖盘
1399,10:43:36,40.61,4061,1,卖盘
1400,10:43:39,40.61,32490,8,卖盘
1401,10:43:45,40.61,8122,2,卖盘
1402,10:43:48,40.62,8124,2,买盘
1403,10:43:51,40.61,44671,11,卖盘
1404,10:43:57,40.61,77159,19,卖盘
1405,10:44:00,40.61,12183,3,卖盘
1406,10:44:03,40.61,32488,8,卖盘
1407,10:44:06,40.62,125896,31,买盘
1408,10:44:09,40.59,16236,4,卖盘
1409,10:44:12,40.59,16236,4,卖盘
1410,10:44:15,40.59,4059,1,卖盘
1411,10:44:18,40.59,8118,2,卖盘
1412,10:44:21,40.64,264032,65,买盘
1413,10:44:24,40.64,36576,9,卖盘
1414,10:44:27,40.64,40642,10,卖盘
1415,10:44:30,40.64,12192,3,卖盘
1416,10:44:33,40.71,166781,41,买盘
1417,10:44:42,40.71,85479,21,买盘
1418,10:44:48,40.71,12213,3,买盘
1419,10:44:51,40.71,16275,4,买盘
1420,10:44:54,40.71,4071,1,买盘
1421,10:44:57,40.71,20352,5,买盘
1422,10:45:00,40.7,16279,4,中性盘
1423,10:45:03,40.71,28497,7,买盘
1424,10:45:06,40.72,12216,3,买盘
1425,10:45:09,40.7,40702,10,卖盘
1426,10:45:21,40.7,16282,4,中性盘
1427,10:45:27,40.71,8142,2,买盘
1428,10:45:30,40.71,28496,7,买盘
1429,10:45:36,40.7,20350,5,卖盘
1430,10:45:39,40.7,12211,3,卖盘
1431,10:45:42,40.71,12212,3,买盘
1432,10:45:48,40.71,32563,8,买盘
1433,10:45:51,40.7,16280,4,卖盘
1434,10:45:54,40.7,77309,19,买盘
1435,10:46:00,40.66,8132,2,中性盘
1436,10:46:06,40.67,8134,2,买盘
1437,10:46:09,40.67,69147,17,买盘
1438,10:46:12,40.7,32560,8,买盘
1439,10:46:15,40.71,85515,21,买盘
1440,10:46:18,40.74,8148,2,中性盘
1441,10:46:21,40.73,8147,2,中性盘
1442,10:46:24,40.75,4075,1,买盘
1443,10:46:27,40.74,40734,10,买盘
1444,10:46:30,40.73,36657,9,卖盘
1445,10:46:36,40.72,8144,2,卖盘
1446,10:46:39,40.74,32592,8,买盘
1447,10:46:42,40.74,16296,4,卖盘
1448,10:46:45,40.74,4074,1,卖盘
1449,10:46:48,40.74,20373,5,卖盘
1450,10:46:51,40.74,61110,15,卖盘
1451,10:46:57,40.72,4072,1,卖盘
1452,10:47:00,40.72,36650,9,卖盘
1453,10:47:03,40.74,12222,3,买盘
1454,10:47:06,40.74,4074,1,买盘
1455,10:47:09,40.74,52962,13,买盘
1456,10:47:12,40.78,285285,70,买盘
1457,10:47:15,40.8,32622,8,买盘
1458,10:47:18,40.79,146837,36,中性盘
1459,10:47:21,40.79,20397,5,卖盘
1460,10:47:24,40.79,167238,41,卖盘
1461,10:47:27,40.85,224566,55,买盘
1462,10:47:30,40.79,4079,1,卖盘
1463,10:47:33,40.79,8160,2,卖盘
1464,10:47:42,40.79,20397,5,卖盘
1465,10:47:48,40.79,65266,16,卖盘
1466,10:47:54,40.75,20375,5,卖盘
1467,10:48:00,40.75,12228,3,卖盘
1468,10:48:06,40.77,4077,1,买盘
1469,10:48:09,40.78,48932,12,买盘
1470,10:48:12,40.79,77498,19,买盘
1471,10:48:15,40.78,77486,19,卖盘
1472,10:48:18,40.77,342484,84,卖盘
1473,10:48:24,40.77,8154,2,中性盘
1474,10:48:27,40.78,32622,8,买盘
1475,10:48:30,40.78,97870,24,买盘
1476,10:48:33,40.76,8152,2,卖盘
1477,10:48:36,40.76,12228,3,卖盘
1478,10:48:39,40.79,16312,4,买盘
1479,10:48:42,40.71,354496,87,卖盘
1480,10:48:48,40.79,16311,4,买盘
1481,10:48:51,40.74,48900,12,中性盘
1482,10:48:54,40.79,36706,9,买盘
1483,10:48:57,40.75,4075,1,中性盘
1484,10:49:00,40.73,61112,15,卖盘
1485,10:49:06,40.74,20370,5,买盘
1486,10:49:09,40.74,61110,15,买盘
1487,10:49:12,40.74,16296,4,卖盘
1488,10:49:18,40.74,8148,2,卖盘
1489,10:49:21,40.75,52972,13,买盘
1490,10:49:24,40.75,12225,3,买盘
1491,10:49:27,40.77,12231,3,买盘
1492,10:49:30,40.78,61172,15,买盘
1493,10:49:33,40.79,93817,23,买盘
1494,10:49:36,40.8,12238,3,买盘
1495,10:49:42,40.79,20395,5,卖盘
1496,10:49:48,40.81,134633,33,买盘
1497,10:49:51,40.8,24480,6,卖盘
1498,10:49:57,40.8,16320,4,卖盘
1499,10:50:00,40.79,36723,9,卖盘
1500,10:50:06,40.79,8158,2,买盘
1501,10:50:09,40.79,12237,3,买盘
1502,10:50:12,40.78,24470,6,卖盘
1503,10:50:15,40.78,4078,1,卖盘
1504,10:50:18,40.78,4078,1,卖盘
1505,10:50:21,40.78,24470,6,卖盘
1506,10:50:24,40.78,8156,2,卖盘
1507,10:50:27,40.79,16314,4,买盘
1508,10:50:30,40.78,32625,8,卖盘
1509,10:50:33,40.78,8156,2,卖盘
1510,10:50:39,40.78,12234,3,卖盘
1511,10:50:42,40.79,28547,7,买盘
1512,10:50:45,40.78,12234,3,卖盘
1513,10:50:48,40.79,28549,7,买盘
1514,10:50:54,40.78,4078,1,卖盘
1515,10:50:57,40.78,118262,29,卖盘
1516,10:51:00,40.75,8150,2,卖盘
1517,10:51:03,40.75,8150,2,卖盘
1518,10:51:06,40.76,32606,8,买盘
1519,10:51:09,40.78,32620,8,买盘
1520,10:51:12,40.78,69330,17,买盘
1521,10:51:15,40.81,77515,19,买盘
1522,10:51:18,40.84,44904,11,买盘
1523,10:51:21,40.85,57185,14,中性盘
1524,10:51:24,40.85,28595,7,卖盘
1525,10:51:27,40.86,49010,12,中性盘
1526,10:51:30,40.84,20423,5,中性盘
1527,10:51:33,40.84,130706,32,中性盘
1528,10:51:36,40.87,20432,5,买盘
1529,10:51:42,40.89,57190,14,买盘
1530,10:51:45,40.88,48987,12,中性盘
1531,10:51:48,40.89,175809,43,买盘
1532,10:51:51,40.82,20410,5,卖盘
1533,10:52:00,40.83,20421,5,卖盘
1534,10:52:06,40.9,392584,96,买盘
1535,10:52:09,40.9,228954,56,买盘
1536,10:52:12,40.84,24524,6,卖盘
1537,10:52:15,40.92,36835,9,中性盘
1538,10:52:21,40.92,69514,17,买盘
1539,10:52:24,40.92,73632,18,买盘
1540,10:52:27,40.91,4091,1,中性盘
1541,10:52:30,40.92,36827,9,买盘
1542,10:52:33,40.87,53165,13,卖盘
1543,10:52:36,40.87,20433,5,买盘
1544,10:52:39,40.87,24522,6,买盘
1545,10:52:42,40.87,53131,13,卖盘
1546,10:52:45,40.87,98067,24,买盘
1547,10:52:48,40.86,40860,10,卖盘
1548,10:52:51,40.85,4085,1,卖盘
1549,10:52:57,40.87,61283,15,买盘
1550,10:53:00,40.87,20435,5,买盘
1551,10:53:03,40.83,8166,2,卖盘
1552,10:53:09,40.93,830874,203,买盘
1553,10:53:12,40.84,28591,7,卖盘
1554,10:53:15,40.85,8170,2,卖盘
1555,10:53:21,40.86,8172,2,卖盘
1556,10:53:27,40.89,8176,2,中性盘
1557,10:53:30,40.9,8179,2,买盘
1558,10:53:33,40.9,36800,9,买盘
1559,10:53:39,40.91,4091,1,买盘
1560,10:53:42,40.91,425364,104,买盘
1561,10:53:48,40.91,12273,3,买盘
1562,10:53:51,40.87,40902,10,卖盘
1563,10:53:57,40.88,8179,2,中性盘
1564,10:54:03,40.87,8174,2,卖盘
1565,10:54:06,40.9,85856,21,买盘
1566,10:54:09,40.9,16356,4,买盘
1567,10:54:12,40.9,81787,20,买盘
1568,10:54:15,40.92,8184,2,买盘
1569,10:54:18,40.92,16367,4,买盘
1570,10:54:21,40.91,8183,2,卖盘
1571,10:54:27,40.91,32728,8,卖盘
1572,10:54:30,40.9,20452,5,卖盘
1573,10:54:33,40.91,16361,4,买盘
1574,10:54:36,40.91,53181,13,买盘
1575,10:54:42,40.91,61350,15,买盘
1576,10:54:48,40.91,331488,81,买盘
1577,10:54:51,40.9,12270,3,卖盘
1578,10:54:54,40.91,8182,2,买盘
1579,10:55:00,40.91,45001,11,买盘
1580,10:55:03,40.91,12273,3,卖盘
1581,10:55:06,41.0,135224,33,买盘
1582,10:55:09,41.0,12300,3,买盘
1583,10:55:12,40.95,421361,103,卖盘
1584,10:55:15,41.04,123028,30,买盘
1585,10:55:18,40.97,8195,2,中性盘
1586,10:55:21,40.93,12279,3,卖盘
1587,10:55:24,41.02,332198,81,买盘
1588,10:55:27,41.01,4101,1,买盘
1589,10:55:30,41.0,8200,2,中性盘
1590,10:55:36,41.0,16395,4,中性盘
1591,10:55:39,41.03,135364,33,买盘
1592,10:55:42,40.97,4097,1,卖盘
1593,10:55:45,40.98,40980,10,卖盘
1594,10:55:48,41.0,32790,8,买盘
1595,10:55:51,40.98,90180,22,卖盘
1596,10:55:54,40.97,327833,80,卖盘
1597,10:55:57,40.93,90091,22,卖盘
1598,10:56:00,40.93,36846,9,卖盘
1599,10:56:03,40.92,45020,11,卖盘
1600,10:56:06,40.92,16368,4,卖盘
1601,10:56:09,40.92,20461,5,卖盘
1602,10:56:12,40.91,8182,2,卖盘
1603,10:56:18,40.91,8182,2,卖盘
1604,10:56:21,40.91,20457,5,卖盘
1605,10:56:24,40.91,106370,26,卖盘
1606,10:56:27,40.91,49092,12,卖盘
1607,10:56:30,40.91,24549,6,卖盘
1608,10:56:33,40.91,77729,19,卖盘
1609,10:56:36,40.92,53194,13,买盘
1610,10:56:39,40.91,36821,9,卖盘
1611,10:56:42,40.91,4091,1,卖盘
1612,10:56:45,40.91,28637,7,卖盘
1613,10:56:48,40.92,20457,5,买盘
1614,10:56:51,40.92,8184,2,买盘
1615,10:56:54,40.91,4091,1,卖盘
1616,10:57:00,40.91,212732,52,卖盘
1617,10:57:03,40.92,4092,1,买盘
1618,10:57:06,40.92,49099,12,买盘
1619,10:57:12,40.93,24553,6,买盘
1620,10:57:15,40.92,20460,5,卖盘
1621,10:57:18,40.91,28639,7,卖盘
1622,10:57:21,40.91,20458,5,卖盘
1623,10:57:24,40.9,24540,6,卖盘
1624,10:57:27,40.87,826021,202,卖盘
1625,10:57:30,40.87,4087,1,买盘
1626,10:57:36,40.88,12263,3,买盘
1627,10:57:39,40.9,85862,21,买盘
1628,10:57:42,40.9,65451,16,卖盘
1629,10:57:45,40.91,40912,10,买盘
1630,10:57:48,40.92,12275,3,买盘
1631,10:57:51,40.91,49094,12,卖盘
1632,10:57:57,40.9,36823,9,卖盘
1633,10:58:00,40.9,12271,3,卖盘
1634,10:58:03,40.9,20454,5,卖盘
1635,10:58:06,40.9,53170,13,卖盘
1636,10:58:09,40.91,8182,2,买盘
1637,10:58:12,40.88,12266,3,卖盘
1638,10:58:15,40.89,69497,17,买盘
1639,10:58:18,40.87,28609,7,卖盘
1640,10:58:21,40.87,49046,12,卖盘
1641,10:58:24,40.87,57225,14,卖盘
1642,10:58:27,40.87,8174,2,卖盘
1643,10:58:30,40.87,16349,4,卖盘
1644,10:58:33,40.9,126764,31,买盘
1645,10:58:36,40.89,44967,11,中性盘
1646,10:58:39,40.88,102223,25,卖盘
1647,10:58:42,40.88,49057,12,卖盘
1648,10:58:45,40.88,4088,1,卖盘
1649,10:58:48,40.88,4088,1,中性盘
1650,10:58:54,40.87,220698,54,卖盘
1651,10:59:03,40.86,24519,6,卖盘
1652,10:59:06,40.87,8174,2,买盘
1653,10:59:09,40.84,106214,26,卖盘
1654,10:59:12,40.83,32664,8,买盘
1655,10:59:15,40.85,4085,1,中性盘
1656,10:59:21,40.83,89826,22,卖盘
1657,10:59:24,40.84,12252,3,卖盘
1658,10:59:27,40.84,24508,6,卖盘
1659,10:59:30,40.85,20425,5,买盘
1660,10:59:33,40.83,4083,1,卖盘
1661,10:59:39,40.86,8170,2,买盘
1662,10:59:45,40.84,16336,4,卖盘
1663,10:59:48,40.84,4084,1,卖盘
1664,10:59:51,40.86,53104,13,买盘
1665,10:59:54,40.85,8170,2,卖盘
1666,10:59:57,40.86,4086,1,卖盘
1667,11:00:00,40.87,12259,3,买盘
1668,11:00:03,40.86,4086,1,中性盘
1669,11:00:06,40.85,12256,3,卖盘
1670,11:00:12,40.87,28609,7,买盘
1671,11:00:15,40.88,40870,10,买盘
1672,11:00:18,40.9,77701,19,买盘
1673,11:00:21,40.93,126845,31,买盘
1674,11:00:24,40.97,57334,14,买盘
1675,11:00:27,40.95,40950,10,卖盘
1676,11:00:30,40.95,32756,8,买盘
1677,11:00:33,40.92,12276,3,卖盘
1678,11:00:36,40.92,8184,2,买盘
1679,11:00:39,40.92,69583,17,买盘
1680,11:00:42,40.91,28638,7,卖盘
1681,11:00:48,40.9,28630,7,卖盘
1682,11:00:51,40.93,77737,19,买盘
1683,11:00:54,40.93,36837,9,卖盘
1684,11:00:57,40.93,151339,37,买盘
1685,11:01:00,40.93,130967,32,买盘
1686,11:01:03,40.93,40930,10,卖盘
1687,11:01:06,40.94,16374,4,买盘
1688,11:01:12,40.92,28644,7,卖盘
1689,11:01:15,40.95,409430,100,买盘
1690,11:01:18,40.91,28648,7,卖盘
1691,11:01:21,40.91,45003,11,卖盘
1692,11:01:24,40.9,12272,3,卖盘
1693,11:01:27,40.9,20453,5,卖盘
1694,11:01:30,40.91,8182,2,买盘
1695,11:01:42,40.9,12270,3,卖盘
1696,11:01:45,40.9,28636,7,卖盘
1697,11:01:51,40.9,36810,9,买盘
1698,11:01:54,40.89,4089,1,卖盘
1699,11:01:57,40.9,122694,30,买盘
1700,11:02:09,40.88,85873,21,卖盘
1701,11:02:12,40.88,4088,1,卖盘
1702,11:02:15,40.88,8176,2,卖盘
1703,11:02:18,40.9,8180,2,买盘
1704,11:02:21,40.9,4090,1,卖盘
1705,11:02:24,40.91,118583,29,买盘
1706,11:02:30,40.91,28632,7,中性盘
1707,11:02:33,40.91,12275,3,卖盘
1708,11:02:36,40.91,4091,1,卖盘
1709,11:02:42,40.91,12273,3,卖盘
1710,11:02:45,40.92,8184,2,买盘
1711,11:02:48,40.92,20457,5,买盘
1712,11:02:51,40.91,20455,5,卖盘
1713,11:02:57,40.91,49092,12,卖盘
1714,11:03:00,40.92,16368,4,买盘
1715,11:03:03,40.92,4092,1,买盘
1716,11:03:06,40.93,16369,4,买盘
1717,11:03:09,40.93,16372,4,买盘
1718,11:03:33,40.93,151441,37,卖盘
1719,11:03:36,40.94,32750,8,买盘
1720,11:03:39,40.94,171948,42,卖盘
1721,11:03:45,40.94,85970,21,买盘
1722,11:03:48,40.94,122820,30,卖盘
1723,11:03:54,40.93,4093,1,卖盘
1724,11:03:57,40.94,24561,6,买盘
1725,11:04:03,40.92,8184,2,卖盘
1726,11:04:06,40.94,20470,5,买盘
1727,11:04:09,40.94,32752,8,卖盘
1728,11:04:12,40.94,32752,8,卖盘
1729,11:04:15,40.94,28658,7,卖盘
1730,11:04:21,40.95,36850,9,买盘
1731,11:04:27,41.01,344294,84,买盘
1732,11:04:30,41.01,90224,22,中性盘
1733,11:04:36,40.99,49201,12,卖盘
1734,11:04:39,41.01,32804,8,买盘
1735,11:04:45,41.01,24601,6,买盘
1736,11:04:48,41.0,65600,16,卖盘
1737,11:05:00,40.99,114778,28,卖盘
1738,11:05:09,40.99,16396,4,买盘
1739,11:05:12,40.98,24590,6,卖盘
1740,11:05:15,40.99,4099,1,买盘
1741,11:05:18,40.98,4098,1,卖盘
1742,11:05:24,40.99,8198,2,买盘
1743,11:05:27,40.99,57381,14,买盘
1744,11:05:33,40.99,12297,3,中性盘
1745,11:05:42,41.04,791845,193,买盘
1746,11:05:48,41.0,24600,6,卖盘
1747,11:05:51,41.04,57439,14,买盘
1748,11:05:54,41.04,12312,3,买盘
1749,11:05:57,41.03,8206,2,卖盘
1750,11:06:06,41.03,41033,10,卖盘
1751,11:06:09,41.02,28716,7,卖盘
1752,11:06:12,41.01,4101,1,卖盘
1753,11:06:15,41.02,16408,4,买盘
1754,11:06:18,41.01,8202,2,卖盘
1755,11:06:21,41.01,16404,4,卖盘
1756,11:06:24,41.02,41012,10,买盘
1757,11:06:27,41.01,20505,5,卖盘
1758,11:06:30,41.0,12300,3,卖盘
1759,11:06:33,40.99,20495,5,卖盘
1760,11:06:36,40.99,24594,6,卖盘
1761,11:06:39,40.98,8197,2,卖盘
1762,11:06:45,40.97,32776,8,卖盘
1763,11:06:48,40.97,36873,9,卖盘
1764,11:06:51,40.97,327760,80,卖盘
1765,11:06:54,40.94,36870,9,卖盘
1766,11:06:57,40.94,8188,2,卖盘
1767,11:07:00,40.95,40945,10,买盘
1768,11:07:18,40.94,4094,1,卖盘
1769,11:07:21,40.95,8190,2,买盘
1770,11:07:24,40.95,49140,12,买盘
1771,11:07:27,40.94,8189,2,卖盘
1772,11:07:30,40.94,36847,9,卖盘
1773,11:07:33,40.94,61410,15,卖盘
1774,11:07:36,40.94,8188,2,卖盘
1775,11:07:39,40.95,57326,14,买盘
1776,11:07:45,40.96,176079,43,买盘
1777,11:07:48,40.96,49152,12,买盘
1778,11:07:51,40.97,8193,2,买盘
1779,11:07:54,40.97,4097,1,买盘
1780,11:07:57,40.97,4097,1,卖盘
1781,11:08:00,40.97,8194,2,卖盘
1782,11:08:06,40.96,20482,5,卖盘
1783,11:08:09,40.96,12288,3,卖盘
1784,11:08:15,40.96,53244,13,买盘
1785,11:08:21,40.96,24576,6,买盘
1786,11:08:33,40.96,4096,1,卖盘
1787,11:08:42,40.96,65536,16,买盘
1788,11:08:45,40.95,49153,12,卖盘
1789,11:08:48,40.98,118815,29,买盘
1790,11:08:51,40.99,57373,14,买盘
1791,11:08:57,41.0,77900,19,买盘
1792,11:09:03,41.02,86142,21,买盘
1793,11:09:09,41.01,4101,1,卖盘
1794,11:09:12,41.02,12306,3,卖盘
1795,11:09:15,41.04,94388,23,买盘
1796,11:09:18,41.05,20523,5,买盘
1797,11:09:21,41.05,254454,62,买盘
1798,11:09:27,41.05,197040,48,买盘
1799,11:09:30,41.08,12321,3,买盘
1800,11:09:33,41.06,86224,21,中性盘
1801,11:09:36,41.07,82133,20,中性盘
1802,11:09:39,41.05,324586,79,卖盘
1803,11:09:42,41.08,28756,7,买盘
1804,11:09:48,41.08,4108,1,买盘
1805,11:09:51,41.06,8212,2,中性盘
1806,11:09:54,41.1,373912,91,买盘
1807,11:09:57,41.1,41100,10,卖盘
1808,11:10:00,41.11,4111,1,买盘
1809,11:10:03,41.11,20555,5,卖盘
1810,11:10:06,41.11,12331,3,买盘
1811,11:10:09,41.11,45221,11,买盘
1812,11:10:12,41.14,37002,9,买盘
1813,11:10:18,41.1,86329,21,卖盘
1814,11:10:21,41.1,180842,44,卖盘
1815,11:10:24,41.07,49294,12,卖盘
1816,11:10:33,41.06,36956,9,卖盘
1817,11:10:36,41.05,28736,7,卖盘
1818,11:10:39,41.07,250523,61,买盘
1819,11:10:45,41.07,53393,13,卖盘
1820,11:10:54,41.07,32856,8,买盘
1821,11:10:57,41.07,238202,58,买盘
1822,11:11:00,41.07,20535,5,买盘
1823,11:11:03,41.07,4107,1,卖盘
1824,11:11:06,41.06,119092,29,卖盘
1825,11:11:12,41.05,4105,1,卖盘
1826,11:11:15,41.02,188765,46,卖盘
1827,11:11:18,41.01,69717,17,卖盘
1828,11:11:21,41.0,24600,6,卖盘
1829,11:11:24,41.01,65601,16,买盘
1830,11:11:33,40.97,12291,3,卖盘
1831,11:11:36,40.96,24576,6,卖盘
1832,11:11:45,40.96,49151,12,买盘
1833,11:11:48,40.96,24576,6,买盘
1834,11:11:51,40.95,16380,4,卖盘
1835,11:11:57,40.95,4095,1,卖盘
1836,11:12:00,40.96,8191,2,买盘
1837,11:12:03,40.96,53247,13,买盘
1838,11:12:06,40.96,4096,1,卖盘
1839,11:12:09,40.96,24576,6,卖盘
1840,11:12:12,40.96,16384,4,卖盘
1841,11:12:15,40.96,16383,4,买盘
1842,11:12:21,40.96,4096,1,卖盘
1843,11:12:24,40.97,81930,20,买盘
1844,11:12:27,40.96,20480,5,卖盘
1845,11:12:30,40.95,4095,1,卖盘
1846,11:12:36,40.95,102373,25,卖盘
1847,11:12:39,40.94,12282,3,卖盘
1848,11:12:42,40.94,12282,3,卖盘
1849,11:12:48,40.93,57308,14,卖盘
1850,11:12:54,40.93,4093,1,卖盘
1851,11:13:00,40.9,77743,19,卖盘
1852,11:13:03,40.96,544144,133,买盘
1853,11:13:09,40.94,20469,5,中性盘
1854,11:13:12,40.93,16372,4,卖盘
1855,11:13:15,40.94,36838,9,中性盘
1856,11:13:27,40.94,49128,12,买盘
1857,11:13:30,40.94,8188,2,卖盘
1858,11:13:33,40.94,4094,1,中性盘
1859,11:13:36,40.95,24567,6,买盘
1860,11:13:42,40.94,8188,2,卖盘
1861,11:13:45,40.9,220897,54,卖盘
1862,11:13:48,40.9,4090,1,中性盘
1863,11:13:51,40.89,4089,1,卖盘
1864,11:13:54,40.89,40890,10,买盘
1865,11:13:57,40.9,12272,3,中性盘
1866,11:14:00,40.88,20444,5,卖盘
1867,11:14:06,40.89,4089,1,买盘
1868,11:14:15,40.89,8178,2,买盘
1869,11:14:24,40.88,4088,1,卖盘
1870,11:14:27,40.88,36792,9,卖盘
1871,11:14:30,40.88,28616,7,卖盘
1872,11:14:33,40.88,36792,9,卖盘
1873,11:14:36,40.88,4088,1,卖盘
1874,11:14:39,40.88,16352,4,卖盘
1875,11:14:42,40.88,4088,1,买盘
1876,11:14:51,40.86,28608,7,卖盘
1877,11:14:54,40.88,36792,9,买盘
1878,11:14:57,40.9,36810,9,买盘
1879,11:15:00,40.91,224934,55,买盘
1880,11:15:03,40.91,44998,11,买盘
1881,11:15:06,40.91,8182,2,买盘
1882,11:15:15,40.91,8182,2,买盘
1883,11:15:18,40.93,139108,34,买盘
1884,11:15:21,40.94,4094,1,买盘
1885,11:15:24,40.96,114672,28,买盘
1886,11:15:27,40.96,8192,2,买盘
1887,11:15:30,40.96,45056,11,买盘
1888,11:15:33,40.96,4096,1,买盘
1889,11:15:39,40.95,77805,19,卖盘
1890,11:15:42,40.93,61409,15,卖盘
1891,11:15:48,40.93,270084,66,买盘
1892,11:16:03,40.92,16368,4,卖盘
1893,11:16:09,40.92,4092,1,买盘
1894,11:16:15,40.9,4090,1,中性盘
1895,11:16:21,40.92,4092,1,买盘
1896,11:16:24,40.9,4090,1,卖盘
1897,11:16:30,40.9,45002,11,卖盘
1898,11:16:42,40.9,28630,7,卖盘
1899,11:16:48,40.88,36808,9,卖盘
1900,11:16:51,40.88,12266,3,卖盘
1901,11:16:54,40.88,36792,9,卖盘
1902,11:17:03,40.88,44969,11,卖盘
1903,11:17:06,40.88,20440,5,买盘
1904,11:17:12,40.87,4087,1,卖盘
1905,11:17:15,40.87,8174,2,买盘
1906,11:17:21,40.86,8172,2,卖盘
1907,11:17:24,40.87,16345,4,买盘
1908,11:17:36,40.86,179784,44,卖盘
1909,11:17:39,40.84,12254,3,卖盘
1910,11:17:45,40.82,12246,3,卖盘
1911,11:17:48,40.81,28567,7,卖盘
1912,11:17:51,40.82,40820,10,买盘
1913,11:17:54,40.83,16332,4,中性盘
1914,11:17:57,40.84,8168,2,买盘
1915,11:18:03,40.84,24504,6,卖盘
1916,11:18:15,40.86,20429,5,买盘
1917,11:18:18,40.84,20420,5,卖盘
1918,11:18:24,40.84,8169,2,卖盘
1919,11:18:36,40.86,8172,2,买盘
1920,11:18:42,40.87,122586,30,买盘
1921,11:18:48,40.88,16352,4,买盘
1922,11:18:51,40.88,4088,1,买盘
1923,11:18:57,40.88,28616,7,买盘
1924,11:19:09,40.88,12264,3,买盘
1925,11:19:15,40.88,8176,2,买盘
1926,11:19:18,40.89,24530,6,买盘
1927,11:19:33,40.89,20443,5,买盘
1928,11:19:36,40.87,40885,10,卖盘
1929,11:19:39,40.88,32701,8,买盘
1930,11:19:42,40.89,20443,5,买盘
1931,11:19:45,40.88,130852,32,卖盘
1932,11:19:48,40.91,183963,45,买盘
1933,11:19:51,40.92,16365,4,买盘
1934,11:20:00,40.93,4093,1,买盘
1935,11:20:03,40.92,12276,3,卖盘
1936,11:20:15,40.95,20467,5,买盘
1937,11:20:21,40.96,32761,8,买盘
1938,11:20:24,40.98,12292,3,买盘
1939,11:20:27,40.98,36882,9,买盘
1940,11:20:30,40.99,57374,14,买盘
1941,11:20:33,40.97,118854,29,卖盘
1942,11:20:36,40.96,61456,15,卖盘
1943,11:20:39,40.95,12285,3,卖盘
1944,11:20:42,40.95,32760,8,卖盘
1945,11:20:45,40.95,12285,3,卖盘
1946,11:20:51,40.95,20475,5,卖盘
1947,11:20:54,40.95,4095,1,买盘
1948,11:20:57,40.95,4095,1,卖盘
1949,11:21:03,40.94,12282,3,卖盘
1950,11:21:06,40.95,36853,9,买盘
1951,11:21:09,40.95,4095,1,买盘
1952,11:21:12,40.99,155752,38,买盘
1953,11:21:18,41.0,20500,5,买盘
1954,11:21:21,41.0,8200,2,买盘
1955,11:21:24,41.0,4100,1,买盘
1956,11:21:27,41.0,12300,3,买盘
1957,11:21:36,40.99,20495,5,卖盘
1958,11:21:39,40.98,45078,11,卖盘
1959,11:21:42,40.98,8196,2,中性盘
1960,11:21:45,40.98,81941,20,中性盘
1961,11:21:54,40.95,12285,3,卖盘
1962,11:22:03,40.97,4097,1,买盘
1963,11:22:06,40.93,57312,14,卖盘
1964,11:22:12,40.93,4093,1,卖盘
1965,11:22:27,40.97,45060,11,买盘
1966,11:22:30,40.96,4096,1,卖盘
1967,11:22:36,40.93,8186,2,卖盘
1968,11:22:39,40.92,40920,10,卖盘
1969,11:22:45,40.89,90019,22,卖盘
1970,11:22:48,40.93,8185,2,买盘
1971,11:22:54,40.9,16360,4,卖盘
1972,11:23:00,40.94,36840,9,买盘
1973,11:23:06,40.95,90071,22,买盘
1974,11:23:09,40.96,4096,1,买盘
1975,11:23:12,40.96,20480,5,买盘
1976,11:23:18,40.95,73715,18,卖盘
1977,11:23:24,40.98,81953,20,买盘
1978,11:23:27,40.97,4097,1,卖盘
1979,11:23:30,40.97,4097,1,卖盘
1980,11:23:39,40.98,4098,1,买盘
1981,11:23:45,40.97,12291,3,卖盘
1982,11:23:48,40.98,24588,6,买盘
1983,11:24:00,40.98,32784,8,买盘
1984,11:24:03,40.98,4098,1,买盘
1985,11:24:18,40.98,32784,8,买盘
1986,11:24:21,40.98,16392,4,卖盘
1987,11:24:24,40.96,143403,35,卖盘
1988,11:24:33,40.96,20476,5,买盘
1989,11:24:36,40.97,32776,8,卖盘
1990,11:24:45,40.96,12288,3,买盘
1991,11:24:48,40.94,4094,1,卖盘
1992,11:24:57,40.95,4095,1,买盘
1993,11:25:00,40.94,24564,6,卖盘
1994,11:25:03,40.94,49128,12,买盘
1995,11:25:06,40.93,12279,3,卖盘
1996,11:25:09,40.96,655160,160,买盘
1997,11:25:12,40.98,32777,8,买盘
1998,11:25:18,40.98,12294,3,卖盘
1999,11:25:21,40.97,4097,1,中性盘
2000,11:25:24,40.97,8194,2,中性盘
2001,11:25:27,40.98,12293,3,买盘
2002,11:25:30,40.98,114737,28,买盘
2003,11:25:33,40.99,86049,21,买盘
2004,11:25:36,40.99,16396,4,买盘
2005,11:25:39,40.99,28690,7,买盘
2006,11:25:45,40.99,8198,2,买盘
2007,11:25:48,41.0,364840,89,买盘
2008,11:25:51,41.0,4100,1,买盘
2009,11:25:54,41.0,20500,5,买盘
2010,11:26:00,41.0,20500,5,买盘
2011,11:26:06,41.0,8199,2,买盘
2012,11:26:09,40.99,40992,10,卖盘
2013,11:26:12,40.96,204830,50,卖盘
2014,11:26:15,40.95,16380,4,卖盘
2015,11:26:21,40.93,487821,119,卖盘
2016,11:26:24,40.94,8188,2,卖盘
2017,11:26:27,40.94,8188,2,卖盘
2018,11:26:39,40.94,4094,1,买盘
2019,11:26:42,40.93,8186,2,卖盘
2020,11:26:51,40.92,12276,3,卖盘
2021,11:26:54,40.91,319271,78,卖盘
2022,11:26:57,40.94,12282,3,中性盘
2023,11:27:03,40.96,4096,1,买盘
2024,11:27:06,40.96,8192,2,买盘
2025,11:27:12,40.94,8188,2,中性盘
2026,11:27:18,40.93,204651,50,卖盘
2027,11:27:21,40.94,4094,1,买盘
2028,11:27:24,40.93,106418,26,卖盘
2029,11:27:30,40.93,20465,5,买盘
2030,11:27:33,40.91,4091,1,卖盘
2031,11:27:45,40.92,8184,2,买盘
2032,11:27:48,40.91,4091,1,卖盘
2033,11:27:54,40.92,8185,2,卖盘
2034,11:28:00,40.92,4092,1,卖盘
2035,11:28:03,40.92,24552,6,卖盘
2036,11:28:12,40.91,8182,2,卖盘
2037,11:28:15,40.91,8182,2,卖盘
2038,11:28:18,40.9,28630,7,卖盘
2039,11:28:21,40.92,102300,25,买盘
2040,11:28:27,40.92,16368,4,卖盘
2041,11:28:33,40.93,4093,1,买盘
2042,11:28:45,40.9,368108,90,卖盘
2043,11:28:48,40.9,8180,2,卖盘
2044,11:28:57,40.93,8186,2,买盘
2045,11:29:03,40.9,89980,22,卖盘
2046,11:29:06,40.93,16372,4,买盘
2047,11:29:12,40.9,4090,1,卖盘
2048,11:29:15,40.9,8181,2,卖盘
2049,11:29:18,40.9,4090,1,卖盘
2050,11:29:21,40.89,49077,12,卖盘
2051,11:29:24,40.89,94047,23,买盘
2052,11:29:27,40.9,16361,4,卖盘
2053,11:29:33,40.91,12273,3,买盘
2054,11:29:36,40.92,20454,5,买盘
2055,11:29:45,40.92,53185,13,买盘
2056,13:00:00,40.89,143165,35,卖盘
2057,13:00:03,40.89,347570,85,买盘
2058,13:00:06,40.89,948500,232,卖盘
2059,13:00:09,40.91,151326,37,买盘
2060,13:00:12,40.91,77700,19,买盘
2061,13:00:15,40.88,49061,12,卖盘
2062,13:00:18,40.91,12269,3,买盘
2063,13:00:21,40.87,16349,4,卖盘
2064,13:00:24,40.84,367747,90,卖盘
2065,13:00:27,40.85,28601,7,卖盘
2066,13:00:30,40.87,8173,2,买盘
2067,13:00:33,40.86,12258,3,卖盘
2068,13:00:36,40.85,138896,34,卖盘
2069,13:00:39,40.84,12252,3,卖盘
2070,13:00:42,40.85,32673,8,买盘
2071,13:00:45,40.8,122416,30,卖盘
2072,13:00:48,40.82,102055,25,卖盘
2073,13:00:51,40.82,134677,33,卖盘
2074,13:00:54,40.8,4080,1,卖盘
2075,13:00:57,40.79,4079,1,卖盘
2076,13:01:00,40.77,24464,6,卖盘
2077,13:01:03,40.77,4077,1,卖盘
2078,13:01:06,40.78,32618,8,买盘
2079,13:01:09,40.77,40776,10,卖盘
2080,13:01:15,40.78,8156,2,卖盘
2081,13:01:18,40.79,4079,1,卖盘
2082,13:01:21,40.77,8154,2,卖盘
2083,13:01:24,40.77,97848,24,卖盘
2084,13:01:27,40.76,105993,26,卖盘
2085,13:01:30,40.77,93771,23,买盘
2086,13:01:33,40.76,158972,39,卖盘
2087,13:01:36,40.8,701245,172,买盘
2088,13:01:39,40.78,12235,3,卖盘
2089,13:01:42,40.78,114164,28,卖盘
2090,13:01:45,40.82,191839,47,买盘
2091,13:01:48,40.78,4078,1,卖盘
2092,13:01:51,40.77,24467,6,卖盘
2093,13:01:57,40.77,32616,8,卖盘
2094,13:02:00,40.76,126351,31,卖盘
2095,13:02:03,40.74,77407,19,卖盘
2096,13:02:06,40.71,16284,4,卖盘
2097,13:02:09,40.73,223848,55,中性盘
2098,13:02:12,40.73,4073,1,中性盘
2099,13:02:15,40.74,97751,24,买盘
2100,13:02:18,40.74,8148,2,卖盘
2101,13:02:21,40.73,48887,12,卖盘
2102,13:02:24,40.74,4074,1,买盘
2103,13:02:27,40.73,48876,12,卖盘
2104,13:02:39,40.73,44803,11,买盘
2105,13:02:42,40.74,48877,12,买盘
2106,13:02:45,40.74,40734,10,买盘
2107,13:02:48,40.73,4073,1,卖盘
2108,13:02:57,40.77,272941,67,买盘
2109,13:03:09,40.76,16306,4,卖盘
2110,13:03:12,40.75,12225,3,卖盘
2111,13:03:18,40.78,138571,34,买盘
2112,13:03:21,40.76,89712,22,卖盘
2113,13:03:24,40.73,57034,14,卖盘
2114,13:03:27,40.71,81475,20,卖盘
2115,13:03:30,40.74,57019,14,买盘
2116,13:03:33,40.75,4075,1,卖盘
2117,13:03:36,40.74,24444,6,卖盘
2118,13:03:39,40.74,24444,6,卖盘
2119,13:03:42,40.7,16281,4,卖盘
2120,13:03:45,40.7,105820,26,卖盘
2121,13:03:48,40.71,24421,6,买盘
2122,13:03:51,40.71,56994,14,卖盘
2123,13:03:54,40.71,16284,4,卖盘
2124,13:03:57,40.73,4073,1,卖盘
2125,13:04:03,40.73,8146,2,买盘
2126,13:04:06,40.74,73321,18,买盘
2127,13:04:09,40.75,48900,12,买盘
2128,13:04:15,40.77,20385,5,卖盘
2129,13:04:21,40.74,89658,22,卖盘
2130,13:04:24,40.76,12228,3,卖盘
2131,13:04:27,40.76,32610,8,卖盘
2132,13:04:30,40.76,8152,2,卖盘
2133,13:04:33,40.76,8152,2,卖盘
2134,13:04:36,40.76,48912,12,卖盘
2135,13:04:39,40.75,16300,4,卖盘
2136,13:04:42,40.74,4074,1,卖盘
2137,13:04:45,40.74,16296,4,卖盘
2138,13:04:48,40.74,8148,2,卖盘
2139,13:04:51,40.74,142590,35,卖盘
2140,13:04:54,40.74,48885,12,买盘
2141,13:04:57,40.74,36666,9,买盘
2142,13:05:03,40.74,4074,1,买盘
2143,13:05:06,40.73,8146,2,卖盘
2144,13:05:09,40.73,16292,4,卖盘
2145,13:05:18,40.73,77387,19,买盘
2146,13:05:21,40.75,472550,116,买盘
2147,13:05:24,40.77,4077,1,买盘
2148,13:05:27,40.77,16308,4,买盘
2149,13:05:30,40.78,12234,3,买盘
2150,13:05:33,40.78,8156,2,买盘
2151,13:05:36,40.8,44874,11,买盘
2152,13:05:45,40.81,16329,4,卖盘
2153,13:06:15,40.81,20406,5,卖盘
2154,13:06:18,40.81,28567,7,卖盘
2155,13:06:21,40.83,114320,28,买盘
2156,13:06:24,40.82,4082,1,中性盘
2157,13:06:33,40.8,85685,21,卖盘
2158,13:06:39,40.81,16320,4,买盘
2159,13:06:42,40.79,183629,45,卖盘
2160,13:06:45,40.79,8158,2,中性盘
2161,13:06:51,40.79,12237,3,买盘
2162,13:06:54,40.8,48949,12,买盘
2163,13:06:57,40.81,20405,5,买盘
2164,13:07:06,40.8,106082,26,卖盘
2165,13:07:09,40.81,73458,18,买盘
2166,13:07:12,40.8,28562,7,卖盘
2167,13:07:18,40.8,8160,2,卖盘
2168,13:07:27,40.79,8158,2,卖盘
2169,13:07:30,40.8,8160,2,卖盘
2170,13:07:33,40.79,16316,4,卖盘
2171,13:07:39,40.8,16320,4,买盘
2172,13:07:42,40.79,40792,10,卖盘
2173,13:07:45,40.78,8157,2,卖盘
2174,13:07:51,40.78,12234,3,卖盘
2175,13:07:57,40.78,8156,2,买盘
2176,13:08:03,40.77,8154,2,卖盘
2177,13:08:09,40.78,57092,14,买盘
2178,13:08:12,40.79,32626,8,买盘
2179,13:08:15,40.78,163132,40,卖盘
2180,13:08:18,40.78,4078,1,卖盘
2181,13:08:21,40.78,40780,10,卖盘
2182,13:08:24,40.83,8166,2,买盘
2183,13:08:30,40.83,20411,5,买盘
2184,13:08:45,40.83,12249,3,卖盘
2185,13:08:48,40.8,106129,26,卖盘
2186,13:08:51,40.82,8164,2,中性盘
2187,13:08:54,40.84,8168,2,买盘
2188,13:09:00,40.81,4081,1,卖盘
2189,13:09:06,40.83,4083,1,买盘
2190,13:09:09,40.82,69397,17,卖盘
2191,13:09:12,40.8,12242,3,卖盘
2192,13:09:15,40.79,4079,1,卖盘
2193,13:09:24,40.8,20400,5,卖盘
2194,13:09:27,40.79,28553,7,卖盘
2195,13:09:36,40.82,61218,15,买盘
2196,13:09:42,40.83,12249,3,买盘
2197,13:09:45,40.79,4079,1,卖盘
2198,13:09:48,40.77,53008,13,卖盘
2199,13:09:51,40.75,89672,22,卖盘
2200,13:09:54,40.75,24448,6,中性盘
2201,13:09:57,40.74,93716,23,卖盘
2202,13:10:03,40.74,65197,16,卖盘
2203,13:10:12,40.75,8150,2,买盘
2204,13:10:18,40.76,195605,48,买盘
2205,13:10:21,40.83,53064,13,买盘
2206,13:10:24,40.84,4084,1,买盘
2207,13:10:27,40.84,57176,14,买盘
2208,13:10:30,40.84,12247,3,中性盘
2209,13:10:42,40.84,12252,3,买盘
2210,13:10:45,40.84,20420,5,买盘
2211,13:10:48,40.86,28600,7,买盘
2212,13:11:00,40.84,36758,9,卖盘
2213,13:11:03,40.84,24504,6,买盘
2214,13:11:06,40.83,167377,41,卖盘
2215,13:11:09,40.82,4082,1,卖盘
2216,13:11:12,40.82,20408,5,买盘
2217,13:11:15,40.81,24490,6,卖盘
2218,13:11:24,40.83,8166,2,买盘
2219,13:11:27,40.83,122520,30,卖盘
2220,13:11:30,40.85,4085,1,中性盘
2221,13:11:33,40.85,167514,41,卖盘
2222,13:11:36,40.85,142999,35,卖盘
2223,13:11:39,40.86,12257,3,中性盘
2224,13:11:45,40.86,4086,1,中性盘
2225,13:11:48,40.86,8172,2,买盘
2226,13:11:51,40.88,85832,21,买盘
2227,13:11:54,40.88,8176,2,中性盘
2228,13:11:57,40.85,4085,1,卖盘
2229,13:12:00,40.86,24516,6,中性盘
2230,13:12:06,40.85,4085,1,卖盘
2231,13:12:12,40.85,12255,3,卖盘
2232,13:12:15,40.85,4085,1,卖盘
2233,13:12:21,40.86,8172,2,卖盘
2234,13:12:27,40.85,4085,1,卖盘
2235,13:12:30,40.86,8171,2,买盘
2236,13:12:33,40.86,8172,2,买盘
2237,13:12:36,40.86,16344,4,买盘
2238,13:12:45,40.86,4086,1,买盘
2239,13:12:48,40.85,12256,3,卖盘
2240,13:13:00,40.85,4085,1,卖盘
2241,13:13:03,40.85,81700,20,卖盘
2242,13:13:06,40.84,8168,2,卖盘
2243,13:13:09,40.84,44924,11,卖盘
2244,13:13:12,40.85,93951,23,买盘
2245,13:13:15,40.84,4084,1,卖盘
2246,13:13:21,40.85,20425,5,买盘
2247,13:13:24,40.84,16336,4,卖盘
2248,13:13:30,40.85,8170,2,卖盘
2249,13:13:33,40.85,8170,2,卖盘
2250,13:13:39,40.84,4084,1,卖盘
2251,13:13:42,40.84,4084,1,卖盘
2252,13:13:45,40.83,16333,4,卖盘
2253,13:13:48,40.83,8166,2,卖盘
2254,13:13:54,40.83,122490,30,卖盘
2255,13:13:57,40.8,93857,23,卖盘
2256,13:14:00,40.81,12243,3,买盘
2257,13:14:03,40.81,16323,4,中性盘
2258,13:14:06,40.81,8162,2,卖盘
2259,13:14:09,40.79,203999,50,卖盘
2260,13:14:12,40.79,28559,7,卖盘
2261,13:14:15,40.78,8156,2,卖盘
2262,13:14:18,40.78,20390,5,卖盘
2263,13:14:21,40.8,28551,7,买盘
2264,13:14:24,40.79,16318,4,卖盘
2265,13:14:30,40.79,44869,11,卖盘
2266,13:14:33,40.79,4079,1,卖盘
2267,13:14:42,40.77,12231,3,卖盘
2268,13:14:45,40.77,20385,5,卖盘
2269,13:14:48,40.77,24462,6,卖盘
2270,13:14:51,40.77,8154,2,买盘
2271,13:14:54,40.76,4076,1,卖盘
2272,13:14:57,40.76,28532,7,卖盘
2273,13:15:00,40.76,24456,6,卖盘
2274,13:15:03,40.76,4076,1,卖盘
2275,13:15:06,40.76,8152,2,卖盘
2276,13:15:15,40.83,420094,103,买盘
2277,13:15:18,40.82,4082,1,卖盘
2278,13:15:21,40.82,20414,5,卖盘
2279,13:15:27,40.82,48996,12,卖盘
2280,13:15:30,40.82,40826,10,卖盘
2281,13:15:36,40.82,16329,4,卖盘
2282,13:15:39,40.83,4083,1,中性盘
2283,13:15:57,40.83,4083,1,卖盘
2284,13:16:00,40.83,16332,4,卖盘
2285,13:16:06,40.82,8164,2,卖盘
2286,13:16:09,40.83,12247,3,买盘
2287,13:16:15,40.82,4082,1,卖盘
2288,13:16:18,40.82,4082,1,卖盘
2289,13:16:24,40.82,8164,2,卖盘
2290,13:16:30,40.8,28563,7,卖盘
2291,13:16:33,40.8,24480,6,卖盘
2292,13:16:45,40.81,20408,5,卖盘
2293,13:16:48,40.81,4081,1,卖盘
2294,13:16:54,40.8,48962,12,卖盘
2295,13:16:57,40.79,8158,2,卖盘
2296,13:17:00,40.79,65264,16,卖盘
2297,13:17:03,40.79,20394,5,买盘
2298,13:17:06,40.78,12234,3,卖盘
2299,13:17:09,40.78,4078,1,卖盘
2300,13:17:12,40.78,8156,2,卖盘
2301,13:17:15,40.79,61171,15,买盘
2302,13:17:18,40.78,28546,7,卖盘
2303,13:17:30,40.78,106028,26,卖盘
2304,13:17:33,40.79,89725,22,买盘
2305,13:17:39,40.8,4080,1,买盘
2306,13:17:45,40.79,8158,2,卖盘
2307,13:17:51,40.79,16316,4,卖盘
2308,13:18:00,40.79,36711,9,卖盘
2309,13:18:06,40.79,8158,2,卖盘
2310,13:18:09,40.79,4079,1,卖盘
2311,13:18:15,40.79,8158,2,卖盘
2312,13:18:18,40.79,8158,2,买盘
2313,13:18:21,40.83,265264,65,买盘
2314,13:18:24,40.83,8166,2,买盘
2315,13:18:27,40.82,73493,18,卖盘
2316,13:18:30,40.83,48996,12,卖盘
2317,13:18:33,40.84,4084,1,买盘
2318,13:18:36,40.84,4084,1,买盘
2319,13:18:39,40.84,24504,6,买盘
2320,13:18:42,40.84,28588,7,卖盘
2321,13:18:51,40.83,85744,21,卖盘
2322,13:18:57,40.83,20415,5,卖盘
2323,13:19:00,40.82,16328,4,卖盘
2324,13:19:06,40.81,40818,10,卖盘
2325,13:19:09,40.82,24491,6,买盘
2326,13:19:15,40.84,12250,3,买盘
2327,13:19:18,40.84,16336,4,买盘
2328,13:19:21,40.85,53092,13,买盘
2329,13:19:24,40.85,4085,1,买盘
2330,13:19:27,40.85,16340,4,买盘
2331,13:19:30,40.84,36756,9,卖盘
2332,13:19:33,40.85,40850,10,卖盘
2333,13:19:54,40.86,4086,1,中性盘
2334,13:20:00,40.87,32690,8,买盘
2335,13:20:03,40.86,93963,23,中性盘
2336,13:20:06,40.85,4085,1,中性盘
2337,13:20:09,40.85,16340,4,卖盘
2338,13:20:12,40.84,36756,9,卖盘
2339,13:20:15,40.84,8168,2,买盘
2340,13:20:18,40.85,65348,16,买盘
2341,13:20:21,40.87,167539,41,买盘
2342,13:20:24,40.89,192183,47,买盘
2343,13:20:27,40.89,81779,20,买盘
2344,13:20:30,40.88,527313,129,卖盘
2345,13:20:33,40.86,147058,36,卖盘
2346,13:20:36,40.83,4083,1,卖盘
2347,13:20:39,40.83,4083,1,卖盘
2348,13:20:45,40.84,8168,2,卖盘
2349,13:20:54,40.84,8170,2,卖盘
2350,13:20:57,40.84,12252,3,卖盘
2351,13:21:00,40.83,4083,1,卖盘
2352,13:21:03,40.83,4083,1,卖盘
2353,13:21:06,40.83,20415,5,卖盘
2354,13:21:09,40.8,347917,85,卖盘
2355,13:21:18,40.8,91720,22,卖盘
2356,13:21:24,40.81,4081,1,中性盘
2357,13:21:27,40.8,4080,1,卖盘
2358,13:21:42,40.8,16323,4,卖盘
2359,13:21:45,40.8,20400,5,卖盘
2360,13:21:48,40.8,2122,1,卖盘
2361,13:21:51,40.8,26438,6,买盘
2362,13:21:57,40.79,91826,23,卖盘
2363,13:22:06,40.79,89741,22,卖盘
2364,13:22:09,40.79,4079,1,卖盘
2365,13:22:12,40.8,4080,1,卖盘
2366,13:22:15,40.82,81622,20,买盘
2367,13:22:21,40.82,8164,2,卖盘
2368,13:22:24,40.82,8164,2,卖盘
2369,13:22:27,40.82,40820,10,卖盘
2370,13:22:30,40.84,69409,17,买盘
2371,13:22:42,40.84,4084,1,卖盘
2372,13:22:48,40.84,4084,1,买盘
2373,13:22:51,40.84,4084,1,卖盘
2374,13:22:54,40.83,8166,2,卖盘
2375,13:22:57,40.84,8168,2,买盘
2376,13:23:00,40.83,12249,3,卖盘
2377,13:23:09,40.84,8168,2,买盘
2378,13:23:12,40.84,16336,4,买盘
2379,13:23:18,40.85,49020,12,买盘
2380,13:23:30,40.87,8175,2,中性盘
2381,13:23:33,40.87,8174,2,卖盘
2382,13:23:42,40.87,8174,2,买盘
2383,13:23:45,40.87,12261,3,买盘
2384,13:23:48,40.86,16347,4,卖盘
2385,13:24:09,40.87,4087,1,中性盘
2386,13:24:12,40.88,40879,10,买盘
2387,13:24:21,40.89,4089,1,买盘
2388,13:24:30,40.87,73566,18,卖盘
2389,13:24:33,40.85,216562,53,卖盘
2390,13:24:39,40.84,16336,4,卖盘
2391,13:24:42,40.84,8168,2,卖盘
2392,13:24:48,40.83,4083,1,卖盘
2393,13:24:51,40.83,8166,2,卖盘
2394,13:24:54,40.83,12249,3,卖盘
2395,13:24:57,40.82,8164,2,卖盘
2396,13:25:03,40.82,77569,19,卖盘
2397,13:25:09,40.85,4085,1,买盘
2398,13:25:24,40.84,49013,12,卖盘
2399,13:25:30,40.84,8168,2,卖盘
2400,13:25:33,40.84,36756,9,卖盘
2401,13:25:36,40.83,32664,8,卖盘
2402,13:25:39,40.83,16332,4,卖盘
2403,13:25:42,40.82,114302,28,卖盘
2404,13:25:45,40.82,24492,6,卖盘
2405,13:25:48,40.8,61211,15,卖盘
2406,13:25:51,40.79,146854,36,卖盘
2407,13:25:54,40.79,12278,3,卖盘
2408,13:26:00,40.78,16312,4,卖盘
2409,13:26:03,40.79,36710,9,买盘
2410,13:26:06,40.79,4079,1,卖盘
2411,13:26:15,40.79,8158,2,卖盘
2412,13:26:18,40.79,12237,3,卖盘
2413,13:26:36,40.79,4079,1,卖盘
2414,13:26:39,40.78,8157,2,卖盘
2415,13:26:42,40.79,12237,3,卖盘
2416,13:26:45,40.79,24479,6,卖盘
2417,13:26:48,40.79,36712,9,卖盘
2418,13:26:54,40.77,103079,25,卖盘
2419,13:27:00,40.8,150864,37,买盘
2420,13:27:15,40.79,20395,5,卖盘
2421,13:27:24,40.79,28553,7,买盘
2422,13:27:27,40.79,24474,6,卖盘
2423,13:27:30,40.79,36704,9,买盘
2424,13:27:33,40.79,8158,2,买盘
2425,13:27:36,40.78,12235,3,卖盘
2426,13:27:39,40.78,44863,11,卖盘
2427,13:27:42,40.79,48952,12,买盘
2428,13:27:45,40.81,8162,2,买盘
2429,13:27:48,40.79,4079,1,卖盘
2430,13:27:51,40.79,65264,16,卖盘
2431,13:27:54,40.77,122332,30,卖盘
2432,13:27:57,40.77,61155,15,卖盘
2433,13:28:00,40.76,55923,14,卖盘
2434,13:28:03,40.77,107846,26,买盘
2435,13:28:06,40.77,40770,10,卖盘
2436,13:28:09,40.79,130518,32,买盘
2437,13:28:15,40.8,8160,2,买盘
2438,13:28:18,40.79,8158,2,买盘
2439,13:28:24,40.79,20399,5,卖盘
2440,13:28:27,40.8,16320,4,买盘
2441,13:28:30,40.8,8160,2,买盘
2442,13:28:39,40.79,12239,3,卖盘
2443,13:28:42,40.8,16320,4,买盘
2444,13:28:48,40.79,24479,6,卖盘
2445,13:28:54,40.8,4080,1,买盘
2446,13:29:00,40.79,40793,10,卖盘
2447,13:29:03,40.79,29777,7,买盘
2448,13:29:06,40.81,20405,5,买盘
2449,13:29:12,40.81,8163,2,卖盘
2450,13:29:15,40.8,48960,12,卖盘
2451,13:29:18,40.81,4081,1,卖盘
2452,13:29:21,40.82,4082,1,买盘
2453,13:29:27,40.82,4082,1,买盘
2454,13:29:30,40.81,12243,3,卖盘
2455,13:29:48,40.81,8162,2,卖盘
2456,13:30:00,40.81,48972,12,卖盘
2457,13:30:06,40.82,89802,22,买盘
2458,13:30:09,40.85,4085,1,买盘
2459,13:30:12,40.86,12258,3,买盘
2460,13:30:15,40.83,57199,14,卖盘
2461,13:30:21,40.86,16344,4,买盘
2462,13:30:24,40.9,204467,50,买盘
2463,13:30:27,40.92,425410,104,买盘
2464,13:30:30,40.92,102292,25,买盘
2465,13:30:33,40.92,20459,5,买盘
2466,13:30:36,40.91,45003,11,卖盘
2467,13:30:45,40.92,4092,1,买盘
2468,13:30:48,40.92,24552,6,买盘
2469,13:30:51,40.93,24558,6,买盘
2470,13:30:57,40.98,122891,30,买盘
2471,13:31:06,40.98,40973,10,买盘
2472,13:31:09,40.97,151595,37,买盘
2473,13:31:12,40.95,8189,2,中性盘
2474,13:31:18,40.94,98260,24,卖盘
2475,13:31:24,40.93,32744,8,卖盘
2476,13:31:27,40.93,45025,11,卖盘
2477,13:31:30,40.95,81888,20,买盘
2478,13:31:33,40.93,4093,1,中性盘
2479,13:31:51,40.93,53231,13,卖盘
2480,13:31:54,40.94,53234,13,中性盘
2481,13:31:57,40.94,4094,1,卖盘
2482,13:32:03,40.95,4095,1,卖盘
2483,13:32:06,40.96,16384,4,买盘
2484,13:32:09,40.98,77852,19,买盘
2485,13:32:12,41.0,627187,153,买盘
2486,13:32:15,41.0,151697,37,买盘
2487,13:32:18,40.99,61498,15,卖盘
2488,13:32:21,41.0,184500,45,买盘
2489,13:32:24,41.01,90201,22,买盘
2490,13:32:27,41.02,32816,8,买盘
2491,13:32:33,41.03,8206,2,中性盘
2492,13:32:36,41.05,20521,5,买盘
2493,13:32:45,41.05,24630,6,买盘
2494,13:32:48,41.05,20525,5,买盘
2495,13:32:51,41.03,12311,3,卖盘
2496,13:32:54,41.03,291285,71,卖盘
2497,13:32:57,41.01,24607,6,卖盘
2498,13:33:03,41.0,155819,38,卖盘
2499,13:33:09,40.96,303234,74,卖盘
2500,13:33:12,40.94,61426,15,卖盘
2501,13:33:15,40.93,126880,31,买盘
2502,13:33:18,40.91,12273,3,卖盘
2503,13:33:21,40.92,32723,8,买盘
2504,13:33:24,40.92,24551,6,买盘
2505,13:33:27,40.96,8192,2,买盘
2506,13:33:33,40.94,32752,8,卖盘
2507,13:33:39,40.94,57316,14,买盘
2508,13:33:45,40.93,4093,1,卖盘
2509,13:33:51,40.92,118679,29,卖盘
2510,13:33:54,40.87,20440,5,卖盘
2511,13:34:00,40.87,85853,21,卖盘
2512,13:34:06,40.87,4087,1,卖盘
2513,13:34:09,40.91,4091,1,买盘
2514,13:34:15,40.9,4090,1,卖盘
2515,13:34:18,40.91,53183,13,买盘
2516,13:34:21,40.91,40903,10,卖盘
2517,13:34:24,40.9,65440,16,卖盘
2518,13:34:30,40.89,8178,2,卖盘
2519,13:34:33,40.88,134904,33,卖盘
2520,13:34:36,40.87,298386,73,卖盘
2521,13:34:39,40.86,20430,5,卖盘
2522,13:34:42,40.86,16344,4,卖盘
2523,13:34:51,40.85,12255,3,卖盘
2524,13:34:54,40.84,4084,1,卖盘
2525,13:34:57,40.84,12252,3,卖盘
2526,13:35:00,40.85,53096,13,买盘
2527,13:35:03,40.84,20420,5,中性盘
2528,13:35:06,40.84,4084,1,卖盘
2529,13:35:09,40.85,8170,2,买盘
2530,13:35:12,40.84,40841,10,卖盘
2531,13:35:15,40.83,40839,10,卖盘
2532,13:35:18,40.82,12246,3,卖盘
2533,13:35:21,40.82,44902,11,买盘
2534,13:35:24,40.82,8164,2,中性盘
2535,13:35:27,40.82,12246,3,中性盘
2536,13:35:30,40.83,4083,1,买盘
2537,13:35:33,40.85,240901,59,买盘
2538,13:35:36,40.85,12254,3,买盘
2539,13:35:39,40.85,4085,1,买盘
2540,13:35:45,40.85,20425,5,买盘
2541,13:35:51,40.83,12252,3,卖盘
2542,13:35:54,40.85,12255,3,买盘
2543,13:35:57,40.85,12253,3,买盘
2544,13:36:00,40.85,12255,3,买盘
2545,13:36:03,40.85,36758,9,买盘
2546,13:36:06,40.83,20417,5,卖盘
2547,13:36:12,40.84,4084,1,买盘
2548,13:36:15,40.83,93907,23,卖盘
2549,13:36:21,40.82,61231,15,卖盘
2550,13:36:24,40.82,4082,1,卖盘
2551,13:36:27,40.82,32656,8,卖盘
2552,13:36:30,40.78,69362,17,卖盘
2553,13:36:33,40.79,12240,3,中性盘
2554,13:36:36,40.81,32630,8,买盘
2555,13:36:39,40.78,32624,8,卖盘
2556,13:36:51,40.78,32628,8,卖盘
2557,13:36:54,40.79,16316,4,卖盘
2558,13:36:57,40.79,57114,14,卖盘
2559,13:37:00,40.8,4080,1,买盘
2560,13:37:03,40.8,16320,4,买盘
2561,13:37:12,40.8,8160,2,卖盘
2562,13:37:15,40.8,32640,8,卖盘
2563,13:37:21,40.81,20403,5,买盘
2564,13:37:24,40.8,16320,4,卖盘
2565,13:37:27,40.79,24476,6,卖盘
2566,13:37:33,40.8,12240,3,买盘
2567,13:37:36,40.79,155048,38,卖盘
2568,13:37:39,40.85,115558,28,买盘
2569,13:37:45,40.85,8171,2,中性盘
2570,13:37:51,40.82,44894,11,卖盘
2571,13:37:54,40.85,4085,1,买盘
2572,13:38:00,40.82,8164,2,卖盘
2573,13:38:03,40.84,44915,11,买盘
2574,13:38:09,40.83,8166,2,卖盘
2575,13:38:15,40.84,61257,15,买盘
2576,13:38:30,40.83,8166,2,卖盘
2577,13:38:33,40.83,12249,3,卖盘
2578,13:38:36,40.83,8166,2,卖盘
2579,13:38:45,40.83,16332,4,卖盘
2580,13:38:48,40.83,8166,2,卖盘
2581,13:38:54,40.82,12248,3,卖盘
2582,13:38:57,40.82,8164,2,卖盘
2583,13:39:00,40.83,98014,24,中性盘
2584,13:39:09,40.83,4083,1,卖盘
2585,13:39:24,40.85,89855,22,买盘
2586,13:39:27,40.85,16340,4,买盘
2587,13:39:30,40.85,53094,13,卖盘
2588,13:39:42,40.86,16344,4,买盘
2589,13:39:45,40.85,4085,1,卖盘
2590,13:39:51,40.86,20430,5,买盘
2591,13:40:03,40.85,208335,51,卖盘
2592,13:40:12,40.85,4085,1,买盘
2593,13:40:15,40.84,20420,5,卖盘
2594,13:40:21,40.85,28595,7,买盘
2595,13:40:24,40.91,408576,100,买盘
2596,13:40:30,40.88,8177,2,卖盘
2597,13:40:33,40.88,12264,3,卖盘
2598,13:40:36,40.88,4088,1,买盘
2599,13:40:45,40.89,12267,3,买盘
2600,13:40:54,40.89,77691,19,卖盘
2601,13:41:00,40.89,12267,3,卖盘
2602,13:41:06,40.9,4090,1,中性盘
2603,13:41:09,40.9,4090,1,买盘
2604,13:41:15,40.9,4090,1,买盘
2605,13:41:21,40.9,12270,3,买盘
2606,13:41:27,40.91,40902,10,买盘
2607,13:41:30,40.9,24540,6,买盘
2608,13:41:39,40.91,12271,3,买盘
2609,13:41:42,40.91,8182,2,买盘
2610,13:41:48,40.89,167672,41,卖盘
2611,13:41:54,40.9,8180,2,卖盘
2612,13:42:00,40.89,61335,15,卖盘
2613,13:42:06,40.9,4090,1,买盘
2614,13:42:09,40.89,4089,1,卖盘
2615,13:42:15,40.89,12269,3,卖盘
2616,13:42:30,40.89,24534,6,卖盘
2617,13:42:33,40.89,298498,73,卖盘
2618,13:42:36,40.9,24540,6,买盘
2619,13:43:00,40.88,8176,2,卖盘
2620,13:43:03,40.89,4089,1,买盘
2621,13:43:09,40.88,130816,32,卖盘
2622,13:43:12,40.88,20440,5,卖盘
2623,13:43:24,40.88,24528,6,买盘
2624,13:43:39,40.88,8176,2,卖盘
2625,13:43:45,40.88,8176,2,卖盘
2626,13:43:48,40.87,4087,1,卖盘
2627,13:43:54,40.86,4086,1,卖盘
2628,13:44:00,40.87,49034,12,买盘
2629,13:44:06,40.87,20435,5,卖盘
2630,13:44:09,40.88,53144,13,买盘
2631,13:44:24,40.88,8176,2,卖盘
2632,13:44:27,40.88,40880,10,卖盘
2633,13:44:30,40.88,16352,4,卖盘
2634,13:44:33,40.87,12261,3,卖盘
2635,13:44:36,40.87,53131,13,卖盘
2636,13:44:51,40.87,32696,8,卖盘
2637,13:44:57,40.87,4087,1,卖盘
2638,13:45:00,40.87,73566,18,卖盘
2639,13:45:03,40.85,16340,4,卖盘
2640,13:45:06,40.84,171578,42,卖盘
2641,13:45:15,40.86,4086,1,卖盘
2642,13:45:18,40.86,28602,7,卖盘
2643,13:45:24,40.85,28595,7,卖盘
2644,13:45:27,40.86,65363,16,中性盘
2645,13:45:30,40.88,24518,6,买盘
2646,13:45:33,40.88,69473,17,买盘
2647,13:45:39,40.87,4087,1,卖盘
2648,13:45:42,40.88,102195,25,买盘
2649,13:45:45,40.88,8175,2,买盘
2650,13:45:48,40.88,8176,2,买盘
2651,13:45:51,40.89,216668,53,买盘
2652,13:45:54,40.89,65431,16,买盘
2653,13:45:57,40.9,24539,6,买盘
2654,13:46:09,40.88,175801,43,卖盘
2655,13:46:15,40.87,228973,56,卖盘
2656,13:46:21,40.87,69481,17,卖盘
2657,13:46:24,40.87,8174,2,买盘
2658,13:46:27,40.87,8174,2,买盘
2659,13:46:36,40.86,28602,7,卖盘
2660,13:46:42,40.85,12255,3,卖盘
2661,13:46:45,40.85,77599,19,卖盘
2662,13:46:48,40.83,24498,6,卖盘
2663,13:46:54,40.84,4084,1,买盘
2664,13:47:03,40.83,4083,1,卖盘
2665,13:47:09,40.84,8168,2,买盘
2666,13:47:15,40.83,40830,10,卖盘
2667,13:47:24,40.84,53079,13,买盘
2668,13:47:27,40.83,53079,13,中性盘
2669,13:47:30,40.84,53081,13,买盘
2670,13:47:33,40.86,40854,10,买盘
2671,13:47:36,40.85,20425,5,卖盘
2672,13:47:54,40.85,12255,3,卖盘
2673,13:47:57,40.85,12255,3,卖盘
2674,13:48:03,40.85,8170,2,卖盘
2675,13:48:06,40.88,110332,27,买盘
2676,13:48:09,40.87,20435,5,中性盘
2677,13:48:21,40.88,4088,1,卖盘
2678,13:48:27,40.88,4088,1,卖盘
2679,13:48:48,40.87,8174,2,卖盘
2680,13:48:54,40.86,4086,1,卖盘
2681,13:48:57,40.86,4086,1,卖盘
2682,13:49:03,40.87,8174,2,买盘
2683,13:49:06,40.86,20430,5,卖盘
2684,13:49:09,40.86,4086,1,卖盘
2685,13:49:18,40.86,28602,7,卖盘
2686,13:49:24,40.86,4086,1,卖盘
2687,13:49:30,40.86,65391,16,卖盘
2688,13:49:36,40.86,28602,7,卖盘
2689,13:49:39,40.86,8171,2,买盘
2690,13:49:42,40.85,8170,2,中性盘
2691,13:49:45,40.85,20425,5,卖盘
2692,13:49:48,40.85,4085,1,卖盘
2693,13:49:54,40.86,20430,5,买盘
2694,13:49:57,40.87,122576,30,买盘
2695,13:50:03,40.86,20429,5,卖盘
2696,13:50:09,40.85,4085,1,卖盘
2697,13:50:15,40.86,16344,4,买盘
2698,13:50:18,40.85,32680,8,卖盘
2699,13:50:21,40.85,16340,4,卖盘
2700,13:50:24,40.89,192097,47,买盘
2701,13:50:27,40.9,69510,17,买盘
2702,13:50:30,40.9,28630,7,买盘
2703,13:50:33,40.89,53168,13,卖盘
2704,13:50:36,40.9,20450,5,买盘
2705,13:50:39,40.89,16357,4,卖盘
2706,13:50:42,40.9,20447,5,买盘
2707,13:50:45,40.89,8179,2,卖盘
2708,13:50:51,40.89,40890,10,卖盘
2709,13:50:54,40.88,8176,2,卖盘
2710,13:50:57,40.88,12264,3,卖盘
2711,13:51:00,40.87,433306,106,卖盘
2712,13:51:03,40.87,4087,1,中性盘
2713,13:51:06,40.86,73555,18,卖盘
2714,13:51:09,40.86,4086,1,卖盘
2715,13:51:15,40.87,4087,1,买盘
2716,13:51:18,40.88,32699,8,买盘
2717,13:51:21,40.88,253456,62,买盘
2718,13:51:24,40.87,147156,36,卖盘
2719,13:51:33,40.89,862577,211,买盘
2720,13:51:36,40.88,69500,17,卖盘
2721,13:51:39,40.89,4089,1,买盘
2722,13:51:42,40.89,16356,4,买盘
2723,13:51:48,40.88,4088,1,卖盘
2724,13:51:51,40.88,49057,12,卖盘
2725,13:51:54,40.89,20445,5,买盘
2726,13:52:00,40.87,12262,3,卖盘
2727,13:52:06,40.87,73566,18,卖盘
2728,13:52:09,40.87,8174,2,中性盘
2729,13:52:12,40.86,192045,47,卖盘
2730,13:52:21,40.85,171570,42,卖盘
2731,13:52:30,40.85,8170,2,买盘
2732,13:52:33,40.84,16336,4,卖盘
2733,13:52:39,40.85,57189,14,买盘
2734,13:52:48,40.84,4084,1,卖盘
2735,13:52:51,40.83,102082,25,卖盘
2736,13:52:57,40.82,8164,2,卖盘
2737,13:53:00,40.81,285706,70,卖盘
2738,13:53:06,40.81,8162,2,中性盘
2739,13:53:09,40.8,603866,148,卖盘
2740,13:53:12,40.8,85680,21,买盘
2741,13:53:15,40.8,187677,46,买盘
2742,13:53:18,40.8,187680,46,买盘
2743,13:53:21,40.8,93832,23,买盘
2744,13:53:24,40.8,36718,9,买盘
2745,13:53:27,40.82,53042,13,买盘
2746,13:53:30,40.82,32656,8,买盘
2747,13:53:33,40.82,8162,2,买盘
2748,13:53:36,40.81,8162,2,卖盘
2749,13:53:39,40.81,16324,4,买盘
2750,13:53:42,40.82,12246,3,买盘
2751,13:53:45,40.81,81620,20,卖盘
2752,13:53:51,40.81,4081,1,中性盘
2753,13:53:54,40.8,8160,2,卖盘
2754,13:54:00,40.81,12243,3,买盘
2755,13:54:03,40.81,24486,6,卖盘
2756,13:54:21,40.8,16320,4,卖盘
2757,13:54:30,40.8,53040,13,卖盘
2758,13:54:42,40.8,12240,3,卖盘
2759,13:54:51,40.8,32640,8,卖盘
2760,13:54:54,40.81,20405,5,买盘
2761,13:55:06,40.81,77538,19,买盘
2762,13:55:09,40.81,8162,2,中性盘
2763,13:55:12,40.8,8160,2,卖盘
2764,13:55:18,40.8,36721,9,卖盘
2765,13:55:24,40.8,36720,9,卖盘
2766,13:55:30,40.8,150970,37,卖盘
2767,13:55:45,40.79,93817,23,卖盘
2768,13:55:48,40.79,12237,3,卖盘
2769,13:55:54,40.79,12237,3,卖盘
2770,13:56:06,40.79,97896,24,卖盘
2771,13:56:09,40.79,8158,2,卖盘
2772,13:56:15,40.79,4079,1,卖盘
2773,13:56:24,40.78,40785,10,卖盘
2774,13:56:27,40.79,4079,1,买盘
2775,13:56:30,40.78,8156,2,卖盘
2776,13:56:39,40.78,20390,5,卖盘
2777,13:56:45,40.78,28546,7,卖盘
2778,13:56:48,40.78,32624,8,卖盘
2779,13:56:51,40.78,40780,10,卖盘
2780,13:56:54,40.76,8152,2,卖盘
2781,13:57:00,40.76,293502,72,卖盘
2782,13:57:03,40.75,93726,23,卖盘
2783,13:57:09,40.76,16304,4,卖盘
2784,13:57:15,40.76,44835,11,卖盘
2785,13:57:18,40.76,4076,1,卖盘
2786,13:57:21,40.76,93748,23,买盘
2787,13:57:24,40.75,89653,22,卖盘
2788,13:57:30,40.75,8150,2,卖盘
2789,13:57:33,40.75,8150,2,卖盘
2790,13:57:36,40.75,16300,4,卖盘
2791,13:57:39,40.75,16300,4,卖盘
2792,13:57:45,40.75,277100,68,卖盘
2793,13:57:48,40.74,20370,5,卖盘
2794,13:57:54,40.73,8146,2,卖盘
2795,13:57:57,40.73,4073,1,买盘
2796,13:58:00,40.73,171068,42,买盘
2797,13:58:03,40.73,8148,2,卖盘
2798,13:58:06,40.74,12222,3,卖盘
2799,13:58:09,40.72,73301,18,卖盘
2800,13:58:12,40.75,122248,30,买盘
2801,13:58:18,40.76,232332,57,买盘
2802,13:58:24,40.78,8156,2,买盘
2803,13:58:27,40.76,48914,12,卖盘
2804,13:58:30,40.76,61140,15,卖盘
2805,13:58:33,40.76,48912,12,卖盘
2806,13:58:36,40.76,20379,5,买盘
2807,13:58:39,40.75,36675,9,卖盘
2808,13:58:45,40.78,114179,28,买盘
2809,13:58:48,40.79,8158,2,买盘
2810,13:58:54,40.79,8158,2,买盘
2811,13:59:00,40.75,44843,11,卖盘
2812,13:59:09,40.78,8156,2,买盘
2813,13:59:18,40.78,8156,2,买盘
2814,13:59:21,40.77,32616,8,卖盘
2815,13:59:24,40.78,8156,2,买盘
2816,13:59:27,40.78,28546,7,买盘
2817,13:59:30,40.77,12231,3,卖盘
2818,13:59:33,40.77,4077,1,卖盘
2819,13:59:36,40.77,122310,30,卖盘
2820,13:59:39,40.77,4077,1,卖盘
2821,13:59:42,40.77,73386,18,卖盘
2822,13:59:45,40.77,40766,10,买盘
2823,13:59:48,40.75,4075,1,卖盘
2824,13:59:51,40.79,358786,88,买盘
2825,13:59:54,40.8,32638,8,买盘
2826,13:59:57,40.8,4080,1,买盘
2827,14:00:00,40.79,4079,1,卖盘
2828,14:00:09,40.79,16317,4,卖盘
2829,14:00:12,40.8,77512,19,买盘
2830,14:00:15,40.79,12237,3,卖盘
2831,14:00:18,40.8,4080,1,买盘
2832,14:00:21,40.77,199790,49,卖盘
2833,14:00:24,40.8,146863,36,买盘
2834,14:00:27,40.79,53031,13,卖盘
2835,14:00:33,40.8,93820,23,买盘
2836,14:00:36,40.79,110133,27,卖盘
2837,14:00:39,40.78,65248,16,卖盘
2838,14:00:45,40.76,130453,32,卖盘
2839,14:00:57,40.77,20382,5,买盘
2840,14:01:06,40.76,8153,2,卖盘
2841,14:01:09,40.76,57064,14,卖盘
2842,14:01:12,40.76,150781,37,买盘
2843,14:01:15,40.77,28534,7,买盘
2844,14:01:21,40.77,16308,4,卖盘
2845,14:01:24,40.77,44845,11,买盘
2846,14:01:33,40.75,150787,37,卖盘
2847,14:01:36,40.75,8150,2,卖盘
2848,14:01:39,40.75,118175,29,卖盘
2849,14:01:42,40.73,1417872,348,卖盘
2850,14:01:45,40.72,73304,18,卖盘
2851,14:01:48,40.73,4073,1,买盘
2852,14:01:51,40.73,4073,1,买盘
2853,14:01:57,40.72,16288,4,卖盘
2854,14:02:03,40.73,48861,12,买盘
2855,14:02:06,40.73,4073,1,买盘
2856,14:02:09,40.7,118069,29,卖盘
2857,14:02:12,40.7,28496,7,卖盘
2858,14:02:18,40.7,118030,29,卖盘
2859,14:02:21,40.69,105816,26,卖盘
2860,14:02:24,40.69,12207,3,卖盘
2861,14:02:27,40.69,20345,5,买盘
2862,14:02:30,40.69,12207,3,卖盘
2863,14:02:33,40.68,12206,3,卖盘
2864,14:02:36,40.7,8140,2,买盘
2865,14:02:39,40.67,44747,11,卖盘
2866,14:02:42,40.67,8135,2,卖盘
2867,14:02:45,40.65,60998,15,卖盘
2868,14:02:48,40.65,16260,4,卖盘
2869,14:02:51,40.64,24388,6,卖盘
2870,14:02:54,40.66,85378,21,买盘
2871,14:02:57,40.66,32530,8,卖盘
2872,14:03:00,40.64,260189,64,卖盘
2873,14:03:03,40.66,32524,8,中性盘
2874,14:03:06,40.66,4066,1,卖盘
2875,14:03:09,40.65,24394,6,卖盘
2876,14:03:15,40.66,24392,6,买盘
2877,14:03:18,40.65,44715,11,卖盘
2878,14:03:21,40.64,24386,6,卖盘
2879,14:03:24,40.64,69088,17,卖盘
2880,14:03:27,40.61,483453,119,卖盘
2881,14:03:30,40.6,56840,14,卖盘
2882,14:03:33,40.6,36540,9,卖盘
2883,14:03:36,40.6,174582,43,卖盘
2884,14:03:39,40.6,203000,50,卖盘
2885,14:03:42,40.55,778515,192,卖盘
2886,14:03:45,40.53,239204,59,卖盘
2887,14:03:48,40.55,8110,2,中性盘
2888,14:03:51,40.55,12165,3,卖盘
2889,14:03:54,40.55,235254,58,卖盘
2890,14:03:57,40.56,227094,56,中性盘
2891,14:04:00,40.57,16228,4,卖盘
2892,14:04:03,40.59,4059,1,买盘
2893,14:04:06,40.59,93329,23,买盘
2894,14:04:09,40.58,4058,1,卖盘
2895,14:04:12,40.59,24354,6,买盘
2896,14:04:18,40.58,4058,1,卖盘
2897,14:04:21,40.59,4059,1,买盘
2898,14:04:24,40.58,154204,38,卖盘
2899,14:04:27,40.58,8116,2,买盘
2900,14:04:30,40.57,16231,4,卖盘
2901,14:04:33,40.57,8114,2,卖盘
2902,14:04:36,40.58,4058,1,买盘
2903,14:04:39,40.58,89274,22,买盘
2904,14:04:42,40.58,365161,90,买盘
2905,14:04:45,40.59,44643,11,买盘
2906,14:04:48,40.59,8118,2,买盘
2907,14:04:54,40.57,81149,20,卖盘
2908,14:04:57,40.57,8114,2,中性盘
2909,14:05:00,40.58,12173,3,买盘
2910,14:05:03,40.57,24345,6,卖盘
2911,14:05:06,40.58,40577,10,买盘
2912,14:05:09,40.58,12174,3,买盘
2913,14:05:18,40.58,129855,32,买盘
2914,14:05:21,40.55,16223,4,卖盘
2915,14:05:24,40.55,24330,6,卖盘
2916,14:05:27,40.53,85139,21,卖盘
2917,14:05:30,40.53,360487,89,卖盘
2918,14:05:33,40.48,16194,4,卖盘
2919,14:05:36,40.48,80960,20,卖盘
2920,14:05:39,40.48,20240,5,卖盘
2921,14:05:42,40.51,16198,4,买盘
2922,14:05:45,40.48,28341,7,卖盘
2923,14:05:48,40.48,113344,28,卖盘
2924,14:05:51,40.46,40465,10,卖盘
2925,14:05:54,40.45,36412,9,卖盘
2926,14:05:57,40.45,44495,11,卖盘
2927,14:06:00,40.43,266941,66,卖盘
2928,14:06:03,40.46,32368,8,买盘
2929,14:06:06,40.48,32376,8,买盘
2930,14:06:09,40.47,8094,2,卖盘
2931,14:06:12,40.46,60695,15,卖盘
2932,14:06:15,40.46,157794,39,卖盘
2933,14:06:18,40.46,12138,3,卖盘
2934,14:06:21,40.43,36391,9,卖盘
2935,14:06:24,40.45,32351,8,买盘
2936,14:06:27,40.44,4044,1,中性盘
2937,14:06:30,40.45,12135,3,买盘
2938,14:06:33,40.45,20225,5,买盘
2939,14:06:36,40.44,16179,4,卖盘
2940,14:06:39,40.44,190033,47,卖盘
2941,14:06:42,40.46,331610,82,买盘
2942,14:06:45,40.44,32354,8,卖盘
2943,14:06:48,40.41,436549,108,卖盘
2944,14:06:51,40.45,638838,158,买盘
2945,14:06:54,40.44,68739,17,卖盘
2946,14:07:00,40.43,36387,9,卖盘
2947,14:07:03,40.44,8088,2,中性盘
2948,14:07:06,40.43,52565,13,卖盘
2949,14:07:09,40.44,109166,27,买盘
2950,14:07:12,40.43,101053,25,卖盘
2951,14:07:15,40.42,12127,3,卖盘
2952,14:07:18,40.44,8088,2,买盘
2953,14:07:24,40.41,32331,8,卖盘
2954,14:07:27,40.42,80840,20,卖盘
2955,14:07:30,40.43,36387,9,买盘
2956,14:07:33,40.43,105108,26,买盘
2957,14:07:36,40.43,8085,2,买盘
2958,14:07:42,40.44,190030,47,买盘
2959,14:07:45,40.46,137496,34,买盘
2960,14:07:48,40.47,80918,20,买盘
2961,14:07:51,40.47,8094,2,买盘
2962,14:07:54,40.47,20232,5,买盘
2963,14:08:00,40.46,24281,6,卖盘
2964,14:08:03,40.46,93062,23,卖盘
2965,14:08:06,40.46,16183,4,买盘
2966,14:08:12,40.44,250733,62,卖盘
2967,14:08:15,40.43,80860,20,卖盘
2968,14:08:18,40.41,48494,12,卖盘
2969,14:08:21,40.42,32333,8,买盘
2970,14:08:24,40.42,28299,7,卖盘
2971,14:08:30,40.41,121235,30,卖盘
2972,14:08:33,40.42,36371,9,买盘
2973,14:08:36,40.42,28289,7,中性盘
2974,14:08:39,40.41,311159,77,卖盘
2975,14:08:42,40.4,161631,40,卖盘
2976,14:08:45,40.4,80800,20,卖盘
2977,14:08:51,40.4,4040,1,卖盘
2978,14:08:54,40.4,549466,136,卖盘
2979,14:08:57,40.4,76762,19,卖盘
2980,14:09:00,40.4,96960,24,卖盘
2981,14:09:03,40.4,52520,13,卖盘
2982,14:09:06,40.4,197941,49,卖盘
2983,14:09:12,40.43,149554,37,买盘
2984,14:09:15,40.44,16176,4,买盘
2985,14:09:21,40.41,48513,12,卖盘
2986,14:09:24,40.43,4043,1,卖盘
2987,14:09:27,40.44,24260,6,买盘
2988,14:09:30,40.43,4043,1,卖盘
2989,14:09:33,40.44,52567,13,买盘
2990,14:09:39,40.48,716101,177,买盘
2991,14:09:45,40.49,8098,2,买盘
2992,14:09:48,40.46,20232,5,卖盘
2993,14:09:51,40.46,24276,6,卖盘
2994,14:09:54,40.45,117309,29,卖盘
2995,14:09:57,40.43,68731,17,卖盘
2996,14:10:00,40.42,190129,47,卖盘
2997,14:10:03,40.45,8090,2,中性盘
2998,14:10:06,40.42,24252,6,卖盘
2999,14:10:09,40.45,36389,9,买盘
3000,14:10:12,40.45,117287,29,中性盘
3001,14:10:15,40.48,20231,5,买盘
3002,14:10:21,40.5,121467,30,买盘
3003,14:10:24,40.5,12150,3,买盘
3004,14:10:27,40.52,137691,34,买盘
3005,14:10:30,40.51,32408,8,卖盘
3006,14:10:33,40.51,12153,3,买盘
3007,14:10:39,40.52,36468,9,买盘
3008,14:10:42,40.52,12156,3,卖盘
3009,14:10:45,40.55,125710,31,买盘
3010,14:10:48,40.53,4053,1,卖盘
3011,14:10:51,40.54,93209,23,卖盘
3012,14:10:54,40.54,36476,9,买盘
3013,14:10:57,40.51,8102,2,卖盘
3014,14:11:00,40.51,4051,1,卖盘
3015,14:11:03,40.51,28357,7,卖盘
3016,14:11:06,40.51,153929,38,卖盘
3017,14:11:09,40.5,68854,17,卖盘
3018,14:11:12,40.5,32401,8,卖盘
3019,14:11:15,40.5,12150,3,卖盘
3020,14:11:18,40.5,12150,3,卖盘
3021,14:11:21,40.52,263397,65,买盘
3022,14:11:24,40.52,12156,3,卖盘
3023,14:11:27,40.54,48648,12,买盘
3024,14:11:30,40.54,93233,23,买盘
3025,14:11:33,40.54,24326,6,卖盘
3026,14:11:36,40.54,20272,5,卖盘
3027,14:11:39,40.55,219005,54,买盘
3028,14:11:45,40.58,4058,1,中性盘
3029,14:11:51,40.58,8116,2,买盘
3030,14:11:57,40.56,24331,6,买盘
3031,14:12:00,40.55,8110,2,卖盘
3032,14:12:03,40.55,4055,1,卖盘
3033,14:12:06,40.55,32440,8,卖盘
3034,14:12:09,40.55,20276,5,卖盘
3035,14:12:12,40.52,360688,89,卖盘
3036,14:12:15,40.5,72916,18,卖盘
3037,14:12:18,40.5,16200,4,卖盘
3038,14:12:21,40.49,299699,74,卖盘
3039,14:12:24,40.49,28337,7,买盘
3040,14:12:27,40.48,68816,17,卖盘
3041,14:12:30,40.46,24276,6,中性盘
3042,14:12:33,40.45,40450,10,卖盘
3043,14:12:36,40.45,20225,5,卖盘
3044,14:12:39,40.44,24265,6,卖盘
3045,14:12:42,40.42,113198,28,卖盘
3046,14:12:45,40.44,12133,3,卖盘
3047,14:12:48,40.44,12132,3,卖盘
3048,14:12:51,40.45,68760,17,买盘
3049,14:12:54,40.45,64719,16,买盘
3050,14:12:57,40.45,101142,25,卖盘
3051,14:13:00,40.46,28317,7,买盘
3052,14:13:03,40.45,8090,2,卖盘
3053,14:13:06,40.46,89021,22,买盘
3054,14:13:09,40.46,20231,5,卖盘
3055,14:13:12,40.49,28337,7,买盘
3056,14:13:15,40.49,4049,1,中性盘
3057,14:13:21,40.47,4047,1,中性盘
3058,14:13:24,40.47,1217516,301,卖盘
3059,14:13:27,40.48,93020,23,买盘
3060,14:13:33,40.43,36390,9,卖盘
3061,14:13:36,40.44,32348,8,买盘
3062,14:13:39,40.43,8086,2,卖盘
3063,14:13:42,40.41,771997,191,卖盘
3064,14:13:45,40.37,783722,194,卖盘
3065,14:13:48,40.41,967958,240,买盘
3066,14:13:51,40.38,20191,5,卖盘
3067,14:13:54,40.39,16156,4,中性盘
3068,14:13:57,40.39,68652,17,中性盘
3069,14:14:00,40.38,32304,8,卖盘
3070,14:14:03,40.36,343071,85,卖盘
3071,14:14:06,40.37,48437,12,买盘
3072,14:14:09,40.38,52493,13,买盘
3073,14:14:12,40.37,40370,10,卖盘
3074,14:14:15,40.37,20182,5,买盘
3075,14:14:18,40.36,8072,2,卖盘
3076,14:14:21,40.36,230053,57,卖盘
3077,14:14:24,40.36,72648,18,卖盘
3078,14:14:27,40.36,24217,6,卖盘
3079,14:14:30,40.35,80721,20,卖盘
3080,14:14:33,40.35,12105,3,卖盘
3081,14:14:36,40.34,258237,64,卖盘
3082,14:14:39,40.44,2955292,732,买盘
3083,14:14:42,40.41,48507,12,卖盘
3084,14:14:45,40.41,24250,6,卖盘
3085,14:14:48,40.35,484282,120,卖盘
3086,14:14:51,40.37,28259,7,卖盘
3087,14:14:54,40.37,8075,2,卖盘
3088,14:15:00,40.38,8076,2,中性盘
3089,14:15:03,40.39,92897,23,买盘
3090,14:15:06,40.39,28273,7,买盘
3091,14:15:09,40.39,12116,3,买盘
3092,14:15:12,40.4,109044,27,买盘
3093,14:15:15,40.4,76758,19,中性盘
3094,14:15:18,40.41,8082,2,买盘
3095,14:15:21,40.4,24238,6,卖盘
3096,14:15:24,40.42,133366,33,买盘
3097,14:15:27,40.42,16168,4,卖盘
3098,14:15:33,40.42,20210,5,卖盘
3099,14:15:39,40.43,4043,1,买盘
3100,14:15:42,40.42,404200,100,卖盘
3101,14:15:45,40.42,8084,2,卖盘
3102,14:15:54,40.42,8084,2,卖盘
3103,14:15:57,40.42,20210,5,卖盘
3104,14:16:00,40.41,56574,14,卖盘
3105,14:16:03,40.39,589845,146,卖盘
3106,14:16:06,40.4,577674,143,买盘
3107,14:16:09,40.4,311062,77,买盘
3108,14:16:12,40.39,52518,13,卖盘
3109,14:16:18,40.4,36360,9,买盘
3110,14:16:21,40.39,32312,8,卖盘
3111,14:16:24,40.39,149443,37,卖盘
3112,14:16:27,40.39,76724,19,中性盘
3113,14:16:33,40.38,12114,3,中性盘
3114,14:16:36,40.37,133222,33,卖盘
3115,14:16:39,40.38,48436,12,买盘
3116,14:16:42,40.36,4036,1,卖盘
3117,14:16:45,40.36,36324,9,卖盘
3118,14:16:48,40.35,28247,7,卖盘
3119,14:16:51,40.35,12105,3,卖盘
3120,14:16:54,40.34,476046,118,卖盘
3121,14:16:57,40.34,32273,8,卖盘
3122,14:17:00,40.34,56477,14,卖盘
3123,14:17:03,40.34,286416,71,卖盘
3124,14:17:06,40.33,40330,10,卖盘
3125,14:17:09,40.34,36304,9,买盘
3126,14:17:12,40.33,605132,150,卖盘
3127,14:17:15,40.38,798865,198,买盘
3128,14:17:18,40.34,201762,50,卖盘
3129,14:17:21,40.38,4038,1,中性盘
3130,14:17:24,40.39,44418,11,买盘
3131,14:17:27,40.38,12114,3,中性盘
3132,14:17:30,40.37,68629,17,卖盘
3133,14:17:33,40.36,32289,8,卖盘
3134,14:17:42,40.36,52468,13,卖盘
3135,14:17:45,40.36,20182,5,卖盘
3136,14:17:51,40.35,12105,3,卖盘
3137,14:17:54,40.35,76675,19,卖盘
3138,14:18:00,40.35,12105,3,卖盘
3139,14:18:03,40.35,56490,14,卖盘
3140,14:18:06,40.35,4035,1,卖盘
3141,14:18:09,40.35,185610,46,卖盘
3142,14:18:12,40.36,112982,28,买盘
3143,14:18:15,40.36,363247,90,买盘
3144,14:18:18,40.36,141262,35,卖盘
3145,14:18:21,40.36,76680,19,买盘
3146,14:18:24,40.36,32288,8,卖盘
3147,14:18:27,40.36,80720,20,卖盘
3148,14:18:30,40.36,20180,5,卖盘
3149,14:18:36,40.37,121110,30,买盘
3150,14:18:39,40.36,32295,8,卖盘
3151,14:18:42,40.36,52478,13,卖盘
3152,14:18:45,40.36,12108,3,卖盘
3153,14:18:54,40.36,4036,1,卖盘
3154,14:18:57,40.37,20182,5,买盘
3155,14:19:00,40.36,32288,8,卖盘
3156,14:19:03,40.36,8072,2,卖盘
3157,14:19:06,40.36,76684,19,卖盘
3158,14:19:12,40.35,12105,3,卖盘
3159,14:19:15,40.35,100875,25,卖盘
3160,14:19:21,40.35,12105,3,卖盘
3161,14:19:24,40.34,20174,5,卖盘
3162,14:19:27,40.35,8070,2,中性盘
3163,14:19:30,40.35,20172,5,中性盘
3164,14:19:33,40.34,80680,20,卖盘
3165,14:19:36,40.34,8068,2,卖盘
3166,14:19:39,40.34,16136,4,卖盘
3167,14:19:42,40.34,68578,17,卖盘
3168,14:19:45,40.34,44374,11,卖盘
3169,14:19:48,40.34,20170,5,卖盘
3170,14:19:51,40.31,403202,100,卖盘
3171,14:19:57,40.35,838743,208,买盘
3172,14:20:00,40.35,12105,3,卖盘
3173,14:20:03,40.35,48420,12,卖盘
3174,14:20:06,40.34,28236,7,卖盘
3175,14:20:09,40.34,12102,3,卖盘
3176,14:20:12,40.35,16139,4,买盘
3177,14:20:15,40.35,36311,9,买盘
3178,14:20:18,40.39,980773,243,买盘
3179,14:20:21,40.44,889034,220,买盘
3180,14:20:24,40.42,36386,9,中性盘
3181,14:20:30,40.42,24252,6,卖盘
3182,14:20:33,40.43,16168,4,买盘
3183,14:20:36,40.42,12128,3,中性盘
3184,14:20:39,40.42,52542,13,买盘
3185,14:20:42,40.42,20210,5,买盘
3186,14:20:54,40.42,4042,1,买盘
3187,14:20:57,40.41,8083,2,卖盘
3188,14:21:00,40.41,133355,33,卖盘
3189,14:21:03,40.4,141425,35,卖盘
3190,14:21:06,40.4,126614,31,卖盘
3191,14:21:09,40.4,71346,18,卖盘
3192,14:21:12,40.4,32320,8,买盘
3193,14:21:21,40.39,28273,7,卖盘
3194,14:21:24,40.39,20195,5,卖盘
3195,14:21:27,40.39,64630,16,卖盘
3196,14:21:30,40.43,1031860,255,买盘
3197,14:21:33,40.43,36381,9,买盘
