,成交时间,成交价格,成交金额,成交量,性质
0,09:25:00,40.22,985390,245,卖盘
1,09:30:00,40.22,132734,33,买盘
2,09:30:03,40.22,660193,164,卖盘
3,09:30:06,40.2,386071,96,卖盘
4,09:30:09,40.18,321537,80,卖盘
5,09:30:12,40.15,297012,74,卖盘
6,09:30:15,40.1,264823,66,卖盘
7,09:30:18,40.1,80184,20,卖盘
8,09:30:21,40.05,116207,29,卖盘
9,09:30:24,40.03,164190,41,卖盘
10,09:30:27,40.01,468321,117,卖盘
11,09:30:30,39.98,491969,123,卖盘
12,09:30:33,39.88,1382116,346,卖盘
13,09:30:36,39.8,1920916,482,卖盘
14,09:30:39,39.77,393633,99,卖盘
15,09:30:42,39.61,206277,52,卖盘
16,09:30:45,39.55,308810,78,卖盘
17,09:30:48,39.5,197726,50,卖盘
18,09:30:51,39.5,150154,38,卖盘
19,09:30:54,39.45,79034,20,卖盘
20,09:30:57,39.51,580535,147,买盘
21,09:31:00,39.45,213176,54,卖盘
22,09:31:03,39.46,690515,175,中性盘
23,09:31:06,39.48,142047,36,买盘
24,09:31:09,39.48,296244,75,买盘
25,09:31:12,39.48,632214,160,卖盘
26,09:31:15,39.54,237174,60,中性盘
27,09:31:18,39.51,284658,72,卖盘
28,09:31:21,39.51,237089,60,中性盘
29,09:31:24,39.52,359850,91,卖盘
30,09:31:27,39.51,675871,171,卖盘
31,09:31:30,39.56,94866,24,买盘
32,09:31:33,39.52,138382,35,卖盘
33,09:31:36,39.52,419264,106,卖盘
34,09:31:39,39.52,498160,126,卖盘
35,09:31:42,39.53,150207,38,卖盘
36,09:31:45,39.52,292466,74,卖盘
37,09:31:48,39.52,7904,2,卖盘
38,09:31:51,39.53,82999,21,买盘
39,09:31:54,39.51,233146,59,卖盘
40,09:31:57,39.51,150143,38,卖盘
41,09:32:00,39.51,320054,81,买盘
42,09:32:03,39.51,430787,109,卖盘
43,09:32:06,39.52,75088,19,卖盘
44,09:32:09,39.53,86965,22,中性盘
45,09:32:12,39.56,130537,33,买盘
46,09:32:15,39.66,510455,129,买盘
47,09:32:18,39.72,139013,35,买盘
48,09:32:21,39.73,39729,10,中性盘
49,09:32:24,39.72,202584,51,卖盘
50,09:32:27,39.66,118984,30,卖盘
51,09:32:30,39.63,293372,74,卖盘
52,09:32:33,39.64,352475,89,买盘
53,09:32:36,39.66,574955,145,买盘
54,09:32:39,39.71,527684,133,买盘
55,09:32:42,39.66,432435,109,卖盘
56,09:32:45,39.72,349517,88,买盘
57,09:32:48,39.72,11916,3,中性盘
58,09:32:51,39.72,47670,12,卖盘
59,09:32:54,39.69,218401,55,卖盘
60,09:32:57,39.68,150788,38,卖盘
61,09:33:00,39.67,305474,77,卖盘
62,09:33:03,39.72,277715,70,买盘
63,09:33:06,39.76,1068980,269,买盘
64,09:33:09,39.68,377797,95,卖盘
65,09:33:12,39.72,230212,58,中性盘
66,09:33:15,39.74,297822,75,买盘
67,09:33:18,39.7,107232,27,中性盘
68,09:33:21,39.7,150879,38,卖盘
69,09:33:24,39.72,174796,44,卖盘
70,09:33:27,39.74,242303,61,买盘
71,09:33:30,39.74,123208,31,中性盘
72,09:33:33,39.81,15924,4,买盘
73,09:33:36,39.82,15922,4,买盘
74,09:33:39,39.87,362608,91,买盘
75,09:33:42,39.86,107636,27,卖盘
76,09:33:45,39.87,103679,26,买盘
77,09:33:48,39.86,187334,47,中性盘
78,09:33:51,39.86,530016,133,卖盘
79,09:33:54,39.87,79749,20,卖盘
80,09:33:57,39.88,3988,1,买盘
81,09:34:00,39.88,43854,11,买盘
82,09:34:03,39.88,31900,8,买盘
83,09:34:06,39.97,251482,63,买盘
84,09:34:09,39.99,175965,44,买盘
85,09:34:12,40.05,44050,11,买盘
86,09:34:15,40.09,48098,12,中性盘
87,09:34:18,39.99,1425005,356,卖盘
88,09:34:21,39.91,91876,23,卖盘
89,09:34:24,39.96,108028,27,中性盘
90,09:34:27,39.95,67959,17,卖盘
91,09:34:30,39.94,219963,55,卖盘
92,09:34:33,39.94,167748,42,卖盘
93,09:34:36,39.93,67876,17,卖盘
94,09:34:39,39.95,311575,78,买盘
95,09:34:42,39.91,491568,123,卖盘
96,09:34:45,39.94,39940,10,卖盘
97,09:34:48,39.93,19959,5,中性盘
98,09:34:51,39.94,67887,17,买盘
99,09:34:54,39.92,526363,132,卖盘
100,09:34:57,39.92,355476,89,买盘
101,09:35:00,39.92,15969,4,买盘
102,09:35:03,39.88,11964,3,卖盘
103,09:35:06,39.93,115795,29,买盘
104,09:35:09,39.92,59890,15,中性盘
105,09:35:12,39.92,27944,7,中性盘
106,09:35:15,39.92,111798,28,中性盘
107,09:35:18,39.93,31938,8,中性盘
108,09:35:21,39.95,15978,4,买盘
109,09:35:24,39.93,35942,9,卖盘
110,09:35:27,39.95,35953,9,中性盘
111,09:35:30,39.96,163818,41,买盘
112,09:35:33,40.0,119972,30,买盘
113,09:35:36,40.05,228242,57,买盘
114,09:35:42,40.04,16025,4,中性盘
115,09:35:45,40.0,104101,26,卖盘
116,09:35:48,40.03,8008,2,中性盘
117,09:35:51,40.01,24016,6,中性盘
118,09:35:54,40.04,48000,12,买盘
119,09:35:57,40.04,20016,5,买盘
120,09:36:00,40.0,11996,3,中性盘
121,09:36:03,39.98,59944,15,买盘
122,09:36:06,39.99,31981,8,买盘
123,09:36:12,39.95,67923,17,卖盘
124,09:36:15,39.82,287384,72,卖盘
125,09:36:18,39.89,7978,2,买盘
126,09:36:21,39.82,87623,22,卖盘
127,09:36:24,39.8,211026,53,卖盘
128,09:36:27,39.77,11931,3,卖盘
129,09:36:30,39.76,63631,16,卖盘
130,09:36:33,39.84,406182,102,买盘
131,09:36:36,39.84,175460,44,卖盘
132,09:36:39,39.85,47820,12,中性盘
133,09:36:42,39.91,11972,3,买盘
134,09:36:45,39.84,39850,10,卖盘
135,09:36:48,39.84,91645,23,卖盘
136,09:36:51,39.85,63765,16,卖盘
137,09:36:54,39.91,87666,22,买盘
138,09:36:57,39.85,127497,32,卖盘
139,09:37:03,39.85,39862,10,卖盘
140,09:37:06,39.96,650781,163,买盘
141,09:37:09,39.95,19977,5,卖盘
142,09:37:12,40.04,824001,206,买盘
143,09:37:15,40.06,60076,15,中性盘
144,09:37:18,40.05,192298,48,卖盘
145,09:37:21,40.05,32050,8,卖盘
146,09:37:24,40.03,264261,66,卖盘
147,09:37:27,40.05,356296,89,买盘
148,09:37:30,40.02,496198,124,卖盘
149,09:37:33,40.01,28008,7,中性盘
150,09:37:36,40.01,19991,5,买盘
151,09:37:39,39.95,15980,4,卖盘
152,09:37:42,39.95,23974,6,买盘
153,09:37:45,39.98,35968,9,买盘
154,09:37:48,39.98,19990,5,买盘
155,09:37:51,39.98,31989,8,中性盘
156,09:37:54,40.02,147993,37,买盘
157,09:37:57,40.01,4001,1,中性盘
158,09:38:03,40.0,288028,72,卖盘
159,09:38:06,39.97,147991,37,卖盘
160,09:38:09,39.96,59980,15,卖盘
161,09:38:12,40.0,127860,32,买盘
162,09:38:18,39.98,15988,4,买盘
163,09:38:21,39.99,47985,12,买盘
164,09:38:24,39.97,3997,1,中性盘
165,09:38:27,40.04,640165,160,买盘
166,09:38:30,40.05,456446,114,买盘
167,09:38:33,40.05,36039,9,买盘
168,09:38:36,40.02,76073,19,卖盘
169,09:38:39,40.02,56028,14,卖盘
170,09:38:42,39.97,16005,4,中性盘
171,09:38:45,40.03,24017,6,买盘
172,09:38:48,40.0,455431,114,中性盘
173,09:38:51,40.03,835970,209,买盘
174,09:38:54,40.03,8007,2,卖盘
175,09:38:57,40.07,24042,6,买盘
176,09:39:00,40.04,20020,5,卖盘
177,09:39:03,40.07,52089,13,买盘
178,09:39:06,40.04,4004,1,卖盘
179,09:39:09,40.04,12012,3,卖盘
180,09:39:12,40.11,1792197,447,买盘
181,09:39:15,40.11,28077,7,卖盘
182,09:39:24,40.07,96280,24,卖盘
183,09:39:30,40.14,622294,155,买盘
184,09:39:33,40.16,112390,28,买盘
185,09:39:36,40.17,546158,136,卖盘
186,09:39:39,40.17,52217,13,中性盘
187,09:39:42,40.14,659478,164,卖盘
188,09:39:45,40.15,64270,16,卖盘
189,09:39:51,40.14,602126,150,卖盘
190,09:39:54,40.1,212649,53,卖盘
191,09:39:57,40.07,112307,28,卖盘
192,09:40:00,40.13,144443,36,买盘
193,09:40:03,40.14,72162,18,买盘
194,09:40:06,40.13,84234,21,买盘
195,09:40:09,40.07,32057,8,中性盘
196,09:40:12,40.01,296301,74,卖盘
197,09:40:15,40.07,28059,7,中性盘
198,09:40:18,40.09,104228,26,买盘
199,09:40:21,40.09,228485,57,买盘
200,09:40:24,40.07,60122,15,卖盘
201,09:40:27,40.07,28053,7,卖盘
202,09:40:30,40.07,288506,72,卖盘
203,09:40:33,40.03,12010,3,卖盘
204,09:40:36,40.02,56032,14,卖盘
205,09:40:39,40.01,60068,15,卖盘
206,09:40:42,40.0,140011,35,卖盘
207,09:40:45,40.02,76036,19,买盘
208,09:40:48,40.02,140070,35,买盘
209,09:40:51,40.05,148155,37,买盘
210,09:40:54,40.02,4002,1,中性盘
211,09:40:57,40.01,48019,12,卖盘
212,09:41:00,40.04,108075,27,买盘
213,09:41:03,40.0,160155,40,卖盘
214,09:41:06,39.96,287920,72,卖盘
215,09:41:09,39.94,51940,13,卖盘
216,09:41:12,39.93,87869,22,卖盘
217,09:41:15,39.91,479029,120,卖盘
218,09:41:18,39.88,35889,9,中性盘
219,09:41:21,39.92,27929,7,买盘
220,09:41:24,39.89,51870,13,中性盘
221,09:41:27,39.87,183513,46,卖盘
222,09:41:30,39.91,11970,3,买盘
223,09:41:33,39.91,51885,13,买盘
224,09:41:36,39.92,255306,64,买盘
225,09:41:39,39.99,83896,21,买盘
226,09:41:42,39.94,87866,22,买盘
227,09:41:45,39.95,451116,113,中性盘
228,09:41:48,39.95,123904,31,卖盘
229,09:41:51,40.01,19991,5,买盘
230,09:41:54,39.95,43955,11,卖盘
231,09:41:57,40.0,8000,2,买盘
232,09:42:00,40.0,4000,1,买盘
233,09:42:03,40.0,96013,24,买盘
234,09:42:06,40.0,72009,18,卖盘
235,09:42:09,40.05,628306,157,买盘
236,09:42:12,40.05,168239,42,卖盘
237,09:42:15,40.09,440556,110,买盘
238,09:42:18,40.0,828044,207,卖盘
239,09:42:21,39.97,31979,8,卖盘
240,09:42:24,39.95,75911,19,卖盘
241,09:42:27,39.97,111969,28,卖盘
242,09:42:30,39.96,143763,36,中性盘
243,09:42:33,39.96,67917,17,买盘
244,09:42:36,39.95,31934,8,中性盘
245,09:42:39,39.95,7990,2,买盘
246,09:42:42,39.93,447393,112,中性盘
247,09:42:45,39.95,59888,15,中性盘
248,09:42:48,40.0,487663,122,买盘
249,09:42:51,39.96,47952,12,卖盘
250,09:42:54,39.98,107983,27,中性盘
251,09:42:57,40.0,31988,8,买盘
252,09:43:00,40.02,252059,63,买盘
253,09:43:03,40.06,136176,34,买盘
254,09:43:06,40.06,20038,5,中性盘
255,09:43:09,40.09,28063,7,买盘
256,09:43:12,40.1,156361,39,买盘
257,09:43:15,40.09,168382,42,卖盘
258,09:43:18,40.1,76190,19,买盘
259,09:43:21,40.07,36079,9,卖盘
260,09:43:24,40.08,60104,15,中性盘
261,09:43:27,40.06,40073,10,卖盘
262,09:43:30,40.06,8012,2,卖盘
263,09:43:33,40.06,72103,18,中性盘
264,09:43:36,40.06,32048,8,卖盘
265,09:43:39,40.05,16020,4,卖盘
266,09:43:42,40.06,221392,55,买盘
267,09:43:45,40.05,24027,6,中性盘
268,09:43:48,40.06,100110,25,买盘
269,09:43:51,40.0,232123,58,卖盘
270,09:43:54,40.0,183974,46,卖盘
271,09:43:57,40.03,188001,47,买盘
272,09:44:00,40.06,304369,76,买盘
273,09:44:03,40.07,144267,36,买盘
274,09:44:06,40.09,20043,5,买盘
275,09:44:09,40.09,80208,20,卖盘
276,09:44:12,40.06,176295,44,卖盘
277,09:44:15,40.02,112158,28,卖盘
278,09:44:18,40.02,232183,58,卖盘
279,09:44:21,40.0,36008,9,卖盘
280,09:44:27,40.0,52004,13,卖盘
281,09:44:30,40.0,184012,46,卖盘
282,09:44:33,40.01,44016,11,卖盘
283,09:44:36,40.01,80020,20,卖盘
284,09:44:39,40.0,348000,87,卖盘
285,09:44:42,39.97,31981,8,卖盘
286,09:44:45,39.95,143854,36,卖盘
287,09:44:48,39.97,251749,63,买盘
288,09:44:51,39.94,11982,3,买盘
289,09:44:54,39.96,647520,162,买盘
290,09:44:57,39.95,15983,4,卖盘
291,09:45:00,40.0,235980,59,买盘
292,09:45:03,39.96,27974,7,卖盘
293,09:45:06,39.97,95945,24,卖盘
294,09:45:09,40.02,544022,136,买盘
295,09:45:12,40.03,176193,44,卖盘
296,09:45:15,40.03,32024,8,卖盘
297,09:45:18,40.03,8007,2,卖盘
298,09:45:21,40.03,4003,1,卖盘
299,09:45:24,40.03,40030,10,卖盘
300,09:45:27,40.03,208156,52,买盘
301,09:45:30,40.02,332287,83,卖盘
302,09:45:33,40.05,12017,3,中性盘
303,09:45:36,40.03,76065,19,卖盘
304,09:45:39,40.03,20015,5,卖盘
305,09:45:42,40.01,84036,21,卖盘
306,09:45:45,40.02,356012,89,中性盘
307,09:45:51,39.96,424097,106,卖盘
308,09:45:54,39.96,11990,3,卖盘
309,09:45:57,40.02,223899,56,买盘
310,09:46:00,39.98,28006,7,卖盘
311,09:46:03,39.98,160070,40,卖盘
312,09:46:06,39.98,15993,4,卖盘
313,09:46:09,39.99,87946,22,买盘
314,09:46:15,39.97,47964,12,卖盘
315,09:46:18,39.97,527470,132,买盘
316,09:46:21,39.96,3996,1,买盘
317,09:46:24,40.01,439877,110,买盘
318,09:46:27,40.01,88033,22,卖盘
319,09:46:30,40.03,16010,4,买盘
320,09:46:33,40.05,104109,26,买盘
321,09:46:36,40.11,108187,27,买盘
322,09:46:39,40.11,44111,11,买盘
323,09:46:45,40.1,304606,76,卖盘
324,09:46:48,40.09,24054,6,中性盘
325,09:46:51,40.07,44071,11,中性盘
326,09:46:54,40.05,124222,31,卖盘
327,09:46:57,40.05,28036,7,卖盘
328,09:47:00,40.05,44064,11,中性盘
329,09:47:03,40.03,8006,2,卖盘
330,09:47:06,40.02,112053,28,中性盘
331,09:47:09,40.11,340613,85,买盘
332,09:47:12,40.14,461475,115,买盘
333,09:47:15,40.17,52204,13,中性盘
334,09:47:18,40.18,164724,41,买盘
335,09:47:21,40.23,816101,203,买盘
336,09:47:24,40.31,12093,3,中性盘
337,09:47:27,40.32,28220,7,买盘
338,09:47:30,40.31,28209,7,买盘
339,09:47:33,40.31,96744,24,买盘
340,09:47:36,40.3,193431,48,卖盘
341,09:47:39,40.31,201497,50,买盘
342,09:47:42,40.3,185380,46,中性盘
343,09:47:45,40.3,24180,6,买盘
344,09:47:48,40.3,56420,14,买盘
345,09:47:54,40.26,128888,32,卖盘
346,09:47:57,40.21,132841,33,卖盘
347,09:48:00,40.24,8048,2,买盘
348,09:48:06,40.23,28156,7,中性盘
349,09:48:09,40.23,28161,7,买盘
350,09:48:12,40.23,201179,50,买盘
351,09:48:15,40.24,100599,25,买盘
352,09:48:18,40.22,32181,8,卖盘
353,09:48:21,40.23,8046,2,买盘
354,09:48:24,40.23,88473,22,买盘
355,09:48:27,40.24,96556,24,买盘
356,09:48:30,40.25,20125,5,买盘
357,09:48:33,40.22,607429,151,卖盘
358,09:48:36,40.18,96476,24,卖盘
359,09:48:39,40.18,4018,1,卖盘
360,09:48:42,40.18,244994,61,中性盘
361,09:48:45,40.17,4017,1,中性盘
362,09:48:48,40.13,24083,6,卖盘
363,09:48:51,40.11,56166,14,卖盘
364,09:48:57,40.1,16040,4,卖盘
365,09:49:00,40.1,12030,3,中性盘
366,09:49:03,40.05,24033,6,卖盘
367,09:49:06,40.01,52052,13,卖盘
368,09:49:09,40.02,4002,1,中性盘
369,09:49:12,40.0,104026,26,卖盘
370,09:49:15,39.99,599988,150,卖盘
371,09:49:21,39.97,35975,9,卖盘
372,09:49:24,39.95,27969,7,卖盘
373,09:49:27,39.95,83886,21,卖盘
374,09:49:30,39.94,27963,7,卖盘
375,09:49:33,39.94,75897,19,卖盘
376,09:49:36,40.0,467496,117,买盘
377,09:49:39,40.06,196123,49,买盘
378,09:49:45,40.05,76075,19,卖盘
379,09:50:00,40.06,772789,193,买盘
380,09:50:03,40.09,28069,7,中性盘
381,09:50:09,40.14,12036,3,买盘
382,09:50:12,40.14,52182,13,买盘
383,09:50:15,40.21,12056,3,中性盘
384,09:50:18,40.21,24126,6,买盘
385,09:50:27,40.14,92307,23,卖盘
386,09:50:30,40.14,104364,26,买盘
387,09:50:33,40.2,60251,15,买盘
388,09:50:36,40.22,44228,11,买盘
389,09:50:39,40.2,16075,4,中性盘
390,09:50:42,40.19,36175,9,买盘
391,09:50:45,40.19,28133,7,卖盘
392,09:50:48,40.17,16068,4,卖盘
393,09:50:54,40.23,237294,59,买盘
394,09:50:57,40.26,305911,76,买盘
395,09:51:00,40.26,12078,3,卖盘
396,09:51:03,40.27,24157,6,买盘
397,09:51:06,40.27,8054,2,买盘
398,09:51:09,40.28,136940,34,买盘
399,09:51:12,40.28,40280,10,卖盘
400,09:51:15,40.29,181170,45,买盘
401,09:51:18,40.23,4023,1,卖盘
402,09:51:21,40.2,24120,6,中性盘
403,09:51:27,40.26,249462,62,买盘
404,09:51:30,40.19,44219,11,卖盘
405,09:51:39,40.22,20110,5,买盘
406,09:51:45,40.21,92503,23,卖盘
407,09:51:48,40.21,20105,5,买盘
408,09:51:51,40.23,156867,39,买盘
409,09:51:57,40.21,84467,21,卖盘
410,09:52:00,40.2,4020,1,卖盘
411,09:52:03,40.21,176817,44,中性盘
412,09:52:06,40.2,32160,8,中性盘
413,09:52:09,40.2,36178,9,买盘
414,09:52:15,40.13,16054,4,卖盘
415,09:52:18,40.11,16050,4,卖盘
416,09:52:24,40.08,20046,5,卖盘
417,09:52:27,40.09,12027,3,买盘
418,09:52:30,40.08,12024,3,卖盘
419,09:52:33,40.05,12021,3,卖盘
420,09:52:45,40.06,16026,4,卖盘
421,09:52:48,40.09,112201,28,买盘
422,09:52:54,40.13,188425,47,买盘
423,09:52:57,40.13,4013,1,买盘
424,09:53:00,40.17,8034,2,买盘
425,09:53:06,40.18,4018,1,买盘
426,09:53:09,40.18,32144,8,买盘
427,09:53:12,40.19,20094,5,买盘
428,09:53:15,40.17,36156,9,卖盘
429,09:53:18,40.18,4018,1,买盘
430,09:53:21,40.2,64303,16,买盘
431,09:53:24,40.22,28142,7,买盘
432,09:53:27,40.24,8048,2,买盘
433,09:53:30,40.24,100600,25,买盘
434,09:53:33,40.24,24140,6,买盘
435,09:53:36,40.24,64369,16,买盘
436,09:53:42,40.25,68424,17,买盘
437,09:53:48,40.25,48300,12,买盘
438,09:53:51,40.25,28165,7,买盘
439,09:53:54,40.25,12075,3,买盘
440,09:53:57,40.25,24150,6,买盘
441,09:54:03,40.24,52295,13,买盘
442,09:54:06,40.21,60357,15,卖盘
443,09:54:09,40.25,44274,11,买盘
444,09:54:12,40.25,40250,10,中性盘
445,09:54:15,40.25,20125,5,卖盘
446,09:54:24,40.23,16099,4,卖盘
447,09:54:27,40.22,28160,7,卖盘
448,09:54:30,40.24,68403,17,买盘
449,09:54:33,40.22,249593,62,卖盘
450,09:54:39,40.22,16088,4,中性盘
451,09:54:42,40.25,40250,10,买盘
452,09:54:51,40.23,60365,15,卖盘
453,09:55:00,40.23,20115,5,卖盘
454,09:55:03,40.21,36197,9,卖盘
455,09:55:06,40.22,44239,11,买盘
456,09:55:15,40.21,16084,4,卖盘
457,09:55:18,40.19,844292,210,卖盘
458,09:55:21,40.21,84407,21,买盘
459,09:55:27,40.2,12060,3,买盘
460,09:55:30,40.2,12060,3,买盘
461,09:55:33,40.2,76380,19,买盘
462,09:55:39,40.2,8040,2,买盘
463,09:55:42,40.19,12057,3,卖盘
464,09:55:45,40.18,249135,62,卖盘
465,09:55:48,40.18,20090,5,卖盘
466,09:55:51,40.17,4017,1,卖盘
467,09:55:54,40.17,40171,10,卖盘
468,09:55:57,40.17,60256,15,买盘
469,09:56:00,40.17,16068,4,买盘
470,09:56:03,40.17,16071,4,卖盘
471,09:56:09,40.17,80340,20,卖盘
472,09:56:12,40.25,1488198,370,买盘
473,09:56:15,40.27,116784,29,买盘
474,09:56:21,40.27,32211,8,买盘
475,09:56:24,40.28,4028,1,买盘
476,09:56:30,40.29,145009,36,买盘
477,09:56:33,40.29,4029,1,买盘
478,09:56:36,40.29,189363,47,买盘
479,09:56:39,40.3,552036,137,买盘
480,09:56:42,40.3,96720,24,买盘
481,09:56:45,40.29,177302,44,卖盘
482,09:56:48,40.29,286045,71,中性盘
483,09:56:51,40.29,173247,43,卖盘
484,09:56:54,40.29,100704,25,买盘
485,09:56:57,40.28,36256,9,卖盘
486,09:57:00,40.28,40280,10,卖盘
487,09:57:03,40.29,128924,32,买盘
488,09:57:06,40.29,52358,13,买盘
489,09:57:09,40.27,24162,6,卖盘
490,09:57:12,40.25,24156,6,卖盘
491,09:57:15,40.26,16105,4,中性盘
492,09:57:18,40.25,12075,3,卖盘
493,09:57:21,40.26,64422,16,中性盘
494,09:57:24,40.26,116754,29,卖盘
495,09:57:27,40.27,40263,10,买盘
496,09:57:30,40.29,455147,113,买盘
497,09:57:33,40.29,56419,14,卖盘
498,09:57:39,40.35,4035,1,买盘
499,09:57:42,40.36,44387,11,买盘
500,09:57:45,40.33,4033,1,卖盘
501,09:57:48,40.34,20170,5,买盘
502,09:57:54,40.32,145159,36,卖盘
503,09:57:57,40.33,145165,36,买盘
504,09:58:00,40.35,149260,37,买盘
505,09:58:03,40.35,84733,21,买盘
506,09:58:06,40.35,8070,2,买盘
507,09:58:09,40.33,8067,2,卖盘
508,09:58:12,40.33,36293,9,买盘
509,09:58:15,40.31,44351,11,卖盘
510,09:58:18,40.33,8064,2,买盘
511,09:58:21,40.31,24180,6,中性盘
512,09:58:24,40.31,217739,54,中性盘
513,09:58:27,40.31,16123,4,买盘
514,09:58:30,40.3,16122,4,卖盘
515,09:58:33,40.3,24176,6,买盘
516,09:58:36,40.34,468927,116,买盘
517,09:58:39,40.34,56443,14,买盘
518,09:58:42,40.34,16136,4,买盘
519,09:58:45,40.34,4034,1,买盘
520,09:58:51,40.32,4032,1,卖盘
521,09:58:54,40.32,8064,2,卖盘
522,09:58:57,40.32,12096,3,卖盘
523,09:59:00,40.31,48382,12,卖盘
524,09:59:03,40.3,36273,9,卖盘
525,09:59:06,40.3,8060,2,卖盘
526,09:59:09,40.3,221751,55,卖盘
527,09:59:12,40.3,8060,2,卖盘
528,09:59:15,40.29,63371,16,卖盘
529,09:59:18,40.29,8058,2,卖盘
530,09:59:24,40.3,28204,7,买盘
531,09:59:27,40.3,24178,6,买盘
532,09:59:39,40.3,89838,22,买盘
533,09:59:42,40.3,56420,14,卖盘
534,09:59:45,40.29,116995,29,卖盘
535,09:59:51,40.32,40320,10,卖盘
536,09:59:57,40.3,12092,3,卖盘
537,10:00:00,40.35,4035,1,中性盘
538,10:00:03,40.3,24186,6,卖盘
539,10:00:06,40.31,20169,5,卖盘
540,10:00:09,40.36,141263,35,买盘
541,10:00:12,40.44,747260,185,买盘
542,10:00:15,40.45,68754,17,买盘
543,10:00:18,40.45,36408,9,买盘
544,10:00:21,40.46,40464,10,买盘
545,10:00:24,40.47,198269,49,买盘
546,10:00:27,40.47,24278,6,买盘
547,10:00:30,40.47,80940,20,买盘
548,10:00:33,40.47,28328,7,买盘
549,10:00:36,40.48,121408,30,买盘
550,10:00:39,40.46,4046,1,中性盘
551,10:00:42,40.47,178090,44,中性盘
552,10:00:45,40.48,56656,14,买盘
553,10:00:48,40.47,97125,24,中性盘
554,10:00:51,40.45,190120,47,卖盘
555,10:00:54,40.44,347964,86,卖盘
556,10:00:57,40.44,181993,45,买盘
557,10:01:00,40.45,56616,14,中性盘
558,10:01:03,40.46,133490,33,买盘
559,10:01:06,40.47,12139,3,买盘
560,10:01:09,40.48,125469,31,买盘
561,10:01:12,40.47,85000,21,中性盘
562,10:01:15,40.48,121439,30,买盘
563,10:01:18,40.47,44518,11,卖盘
564,10:01:21,40.48,222552,55,买盘
565,10:01:24,40.48,692445,171,买盘
566,10:01:27,40.55,85102,21,买盘
567,10:01:30,40.55,85069,21,中性盘
568,10:01:33,40.56,89231,22,买盘
569,10:01:36,40.6,97408,24,买盘
570,10:01:39,40.6,52756,13,买盘
571,10:01:42,40.51,198740,49,卖盘
572,10:01:45,40.48,133656,33,卖盘
573,10:01:48,40.5,153897,38,中性盘
574,10:01:51,40.49,97185,24,中性盘
575,10:01:54,40.49,56695,14,卖盘
576,10:01:57,40.49,36438,9,买盘
577,10:02:00,40.5,238895,59,买盘
578,10:02:03,40.51,332173,82,买盘
579,10:02:06,40.49,44566,11,卖盘
580,10:02:09,40.56,12168,3,买盘
581,10:02:12,40.56,93292,23,买盘
582,10:02:15,40.56,8112,2,卖盘
583,10:02:18,40.57,235294,58,买盘
584,10:02:21,40.58,263758,65,买盘
585,10:02:24,40.58,89270,22,买盘
586,10:02:27,40.58,68986,17,卖盘
587,10:02:30,40.58,215123,53,买盘
588,10:02:33,40.6,93364,23,买盘
589,10:02:36,40.62,203061,50,买盘
590,10:02:39,40.66,154424,38,买盘
591,10:02:42,40.68,20338,5,买盘
592,10:02:45,40.69,345836,85,买盘
593,10:02:48,40.7,374433,92,买盘
594,10:02:51,40.77,4077,1,买盘
595,10:02:54,40.77,199755,49,买盘
596,10:02:57,40.72,224176,55,卖盘
597,10:03:00,40.71,272822,67,卖盘
598,10:03:03,40.71,2559944,629,买盘
599,10:03:06,40.75,1056085,259,买盘
600,10:03:09,40.79,89707,22,中性盘
601,10:03:12,40.81,48962,12,买盘
602,10:03:15,40.82,603635,148,买盘
603,10:03:18,40.85,147006,36,买盘
604,10:03:21,40.86,93931,23,买盘
605,10:03:24,40.85,482224,118,中性盘
606,10:03:27,40.86,81768,20,卖盘
607,10:03:30,40.9,155416,38,买盘
608,10:03:33,40.89,257639,63,卖盘
609,10:03:36,40.92,192480,47,卖盘
610,10:03:39,40.95,114626,28,中性盘
611,10:03:42,40.98,270285,66,买盘
612,10:03:45,40.9,462549,113,卖盘
613,10:03:48,40.94,1112970,272,中性盘
614,10:03:51,40.86,1002263,245,卖盘
615,10:03:54,40.82,984359,241,卖盘
616,10:03:57,40.8,220540,54,卖盘
617,10:04:00,40.85,200044,49,买盘
618,10:04:03,40.86,894959,219,买盘
619,10:04:06,40.92,90008,22,买盘
620,10:04:09,40.95,85946,21,买盘
621,10:04:12,40.99,405706,99,买盘
622,10:04:15,40.95,81928,20,卖盘
623,10:04:18,41.0,213161,52,买盘
624,10:04:21,40.99,434552,106,卖盘
625,10:04:24,41.0,172193,42,买盘
626,10:04:27,41.0,659961,161,买盘
627,10:04:30,41.04,8207,2,买盘
628,10:04:33,41.06,196966,48,买盘
629,10:04:36,41.02,143638,35,卖盘
630,10:04:39,41.04,143603,35,买盘
631,10:04:42,40.99,1869404,456,卖盘
632,10:04:45,40.98,250028,61,中性盘
633,10:04:48,40.99,213128,52,买盘
634,10:04:51,40.99,381205,93,买盘
635,10:04:54,41.01,98414,24,买盘
636,10:04:57,41.01,131225,32,买盘
637,10:05:00,41.01,110761,27,卖盘
638,10:05:03,41.06,106719,26,买盘
639,10:05:06,41.02,86178,21,卖盘
640,10:05:09,41.04,110863,27,卖盘
641,10:05:12,41.04,110828,27,卖盘
642,10:05:15,41.05,553874,135,买盘
643,10:05:18,41.06,69797,17,买盘
644,10:05:21,41.05,381805,93,卖盘
645,10:05:24,41.05,344786,84,卖盘
646,10:05:27,41.06,225778,55,买盘
647,10:05:30,41.05,295561,72,中性盘
648,10:05:33,41.06,956599,233,买盘
649,10:05:36,41.07,90341,22,买盘
650,10:05:39,41.06,587164,143,卖盘
651,10:05:42,41.05,90306,22,卖盘
652,10:05:45,41.05,147788,36,买盘
653,10:05:48,41.03,319916,78,中性盘
654,10:05:51,40.97,2180115,532,卖盘
655,10:05:54,40.96,40960,10,中性盘
656,10:05:57,40.91,85907,21,卖盘
657,10:06:00,40.91,106334,26,买盘
658,10:06:03,40.82,376012,92,卖盘
659,10:06:06,40.82,494586,121,中性盘
660,10:06:09,40.82,756212,185,卖盘
661,10:06:12,40.81,452941,111,卖盘
662,10:06:15,40.84,110206,27,买盘
663,10:06:18,40.78,110240,27,中性盘
664,10:06:21,40.77,110236,27,卖盘
665,10:06:24,40.84,69400,17,中性盘
666,10:06:27,40.78,546995,134,卖盘
667,10:06:30,40.9,306447,75,买盘
668,10:06:33,40.88,179863,44,中性盘
669,10:06:36,40.9,1349968,330,买盘
670,10:06:39,40.91,208642,51,买盘
671,10:06:42,40.95,65473,16,买盘
672,10:06:45,40.96,339633,83,买盘
673,10:06:48,40.97,221257,54,买盘
674,10:06:51,40.92,258209,63,卖盘
675,10:06:54,41.0,233875,57,中性盘
676,10:06:57,41.02,225686,55,卖盘
677,10:07:00,41.08,390095,95,买盘
678,10:07:03,41.06,143814,35,卖盘
679,10:07:06,41.1,1051023,256,买盘
680,10:07:09,41.11,464315,113,买盘
681,10:07:12,41.1,16443,4,卖盘
682,10:07:15,41.1,867058,211,卖盘
683,10:07:18,41.08,164365,40,中性盘
684,10:07:21,41.09,1248196,304,中性盘
685,10:07:24,41.05,673944,164,卖盘
686,10:07:27,41.19,1854323,451,买盘
687,10:07:30,41.08,176820,43,中性盘
688,10:07:33,41.2,1433279,348,买盘
689,10:07:36,41.17,32962,8,卖盘
690,10:07:39,41.22,1302223,316,买盘
691,10:07:42,41.21,90613,22,中性盘
692,10:07:45,41.22,651066,158,中性盘
693,10:07:48,41.17,556450,135,卖盘
694,10:07:51,41.19,626319,152,中性盘
695,10:07:54,41.17,391230,95,中性盘
696,10:07:57,41.16,230395,56,买盘
697,10:08:00,41.13,259270,63,卖盘
698,10:08:03,41.1,362137,88,卖盘
699,10:08:06,41.12,119214,29,买盘
700,10:08:09,41.12,250811,61,买盘
701,10:08:12,41.1,209708,51,卖盘
702,10:08:15,41.1,292199,71,卖盘
703,10:08:18,41.12,72700,18,买盘
704,10:08:21,41.17,119351,29,买盘
705,10:08:24,41.17,115236,28,买盘
706,10:08:27,41.2,1417063,344,买盘
707,10:08:30,41.2,141357,34,买盘
708,10:08:33,41.21,274776,67,买盘
709,10:08:36,41.22,541195,131,买盘
710,10:08:39,41.25,235129,57,买盘
711,10:08:42,41.29,16504,4,买盘
712,10:08:45,41.29,152725,37,买盘
713,10:08:48,41.26,644071,156,中性盘
714,10:08:51,41.29,338556,82,买盘
715,10:08:54,41.19,713190,173,卖盘
716,10:08:57,41.21,140102,34,买盘
717,10:09:00,41.02,2154939,524,卖盘
718,10:09:03,41.2,1678817,408,买盘
719,10:09:06,41.2,82380,20,买盘
720,10:09:09,41.19,247071,60,买盘
721,10:09:12,41.2,181208,44,买盘
722,10:09:15,41.21,53569,13,买盘
723,10:09:18,41.21,453202,110,买盘
724,10:09:21,41.19,251263,61,卖盘
725,10:09:24,41.19,70028,17,买盘
726,10:09:27,41.12,144112,35,卖盘
727,10:09:30,41.21,477927,116,买盘
728,10:09:33,41.21,164776,40,买盘
729,10:09:36,41.21,873678,212,买盘
730,10:09:39,41.21,156763,38,卖盘
731,10:09:42,41.21,28861,7,卖盘
732,10:09:45,41.22,103075,25,中性盘
733,10:09:48,41.22,16509,4,卖盘
734,10:09:51,41.28,94840,23,买盘
735,10:09:54,41.23,218675,53,中性盘
736,10:09:57,41.28,404484,98,买盘
737,10:10:00,41.23,41206,10,中性盘
738,10:10:03,41.18,99000,24,卖盘
739,10:10:06,41.28,404379,98,买盘
740,10:10:09,41.21,98908,24,卖盘
741,10:10:12,41.29,239376,58,买盘
742,10:10:15,41.29,388128,94,买盘
743,10:10:18,41.18,1377106,334,卖盘
744,10:10:21,41.12,275579,67,卖盘
745,10:10:24,41.17,1007810,245,买盘
746,10:10:27,41.16,255173,62,买盘
747,10:10:30,41.17,160549,39,买盘
748,10:10:33,41.27,683558,166,买盘
749,10:10:36,41.28,90768,22,买盘
750,10:10:39,41.2,16484,4,中性盘
751,10:10:42,41.22,32976,8,买盘
752,10:10:45,41.23,37099,9,买盘
753,10:10:48,41.19,288467,70,卖盘
754,10:10:51,41.19,465624,113,卖盘
755,10:10:54,41.21,234814,57,买盘
756,10:10:57,41.21,61815,15,买盘
757,10:11:00,41.2,49439,12,卖盘
758,10:11:03,41.2,444933,108,买盘
759,10:11:06,41.2,185466,45,买盘
760,10:11:09,41.28,400122,97,买盘
761,10:11:12,41.24,940792,228,卖盘
762,10:11:15,41.29,255955,62,买盘
763,10:11:18,41.27,322045,78,买盘
764,10:11:21,41.27,276636,67,卖盘
765,10:11:24,41.27,185800,45,卖盘
766,10:11:27,41.3,235453,57,买盘
767,10:11:30,41.3,707073,171,卖盘
768,10:11:33,41.3,111554,27,卖盘
769,10:11:36,41.36,359567,87,买盘
770,10:11:39,41.39,571002,138,买盘
771,10:11:42,41.41,234055,57,买盘
772,10:11:45,41.46,787249,190,买盘
773,10:11:48,41.53,1070313,258,买盘
774,10:11:51,41.58,623872,150,买盘
775,10:11:54,41.66,370667,89,买盘
776,10:11:57,41.68,187498,45,买盘
777,10:12:00,41.64,1037662,249,卖盘
778,10:12:03,41.68,1129262,271,买盘
779,10:12:06,41.66,91671,22,中性盘
780,10:12:09,41.66,637029,153,买盘
781,10:12:12,41.67,224941,54,买盘
782,10:12:15,41.67,300041,72,中性盘
783,10:12:18,41.67,254193,61,卖盘
784,10:12:21,41.6,457968,110,卖盘
785,10:12:24,41.54,427921,103,卖盘
786,10:12:27,41.48,166112,40,中性盘
787,10:12:30,41.48,16591,4,卖盘
788,10:12:33,41.48,170197,41,卖盘
789,10:12:36,41.48,107848,26,卖盘
790,10:12:39,41.48,29038,7,中性盘
791,10:12:42,41.49,87118,21,买盘
792,10:12:45,41.49,87129,21,卖盘
793,10:12:48,41.5,49790,12,买盘
794,10:12:54,41.55,344731,83,买盘
795,10:12:57,41.58,16629,4,买盘
796,10:13:00,41.59,4159,1,卖盘
797,10:13:03,41.6,507497,122,买盘
798,10:13:06,41.6,178906,43,买盘
799,10:13:09,41.64,70768,17,买盘
800,10:13:12,41.6,24960,6,卖盘
801,10:13:15,41.55,1306073,314,卖盘
802,10:13:18,41.61,827624,199,买盘
803,10:13:21,41.51,174495,42,卖盘
804,10:13:24,41.44,1953104,471,卖盘
805,10:13:27,41.47,936712,226,买盘
806,10:13:30,41.48,145116,35,买盘
807,10:13:33,41.44,149258,36,卖盘
808,10:13:36,41.48,157558,38,买盘
809,10:13:39,41.48,331850,80,买盘
810,10:13:42,41.6,340841,82,买盘
811,10:13:45,41.53,20768,5,卖盘
812,10:13:48,41.6,187200,45,买盘
813,10:13:51,41.61,41608,10,买盘
814,10:13:54,41.59,274571,66,卖盘
815,10:13:57,41.48,170199,41,卖盘
816,10:14:00,41.57,482358,116,买盘
817,10:14:03,41.58,298908,72,买盘
818,10:14:06,41.6,29116,7,买盘
819,10:14:09,41.6,170618,41,卖盘
820,10:14:12,41.64,129088,31,买盘
821,10:14:15,41.64,66617,16,卖盘
822,10:14:18,41.64,112450,27,卖盘
823,10:14:21,41.65,474748,114,买盘
824,10:14:24,41.64,162416,39,中性盘
825,10:14:27,41.65,108309,26,卖盘
826,10:14:30,41.65,237486,57,卖盘
827,10:14:33,41.66,66677,16,中性盘
828,10:14:36,41.67,45843,11,卖盘
829,10:14:39,41.66,499870,120,卖盘
830,10:14:42,41.66,283275,68,买盘
831,10:14:45,41.69,437658,105,买盘
832,10:14:48,41.69,33349,8,买盘
833,10:14:51,41.7,120915,29,买盘
834,10:14:54,41.69,258452,62,卖盘
835,10:14:57,41.69,404289,97,买盘
836,10:15:00,41.69,237645,57,买盘
837,10:15:03,41.69,608583,146,卖盘
838,10:15:06,41.64,1070628,257,卖盘
839,10:15:09,41.62,179078,43,买盘
840,10:15:12,41.63,33300,8,卖盘
841,10:15:15,41.62,45802,11,卖盘
842,10:15:18,41.66,179112,43,买盘
843,10:15:21,41.63,124885,30,卖盘
844,10:15:24,41.62,62459,15,卖盘
845,10:15:27,41.63,95741,23,买盘
846,10:15:30,41.62,212325,51,卖盘
847,10:15:33,41.62,262298,63,中性盘
848,10:15:36,41.61,79080,19,卖盘
849,10:15:39,41.6,70725,17,卖盘
850,10:15:42,41.6,4160,1,卖盘
851,10:15:45,41.6,70723,17,卖盘
852,10:15:48,41.59,370244,89,卖盘
853,10:15:51,41.6,66546,16,买盘
854,10:15:54,41.6,274534,66,买盘
855,10:15:57,41.56,113447,27,卖盘
856,10:16:00,41.6,141454,34,中性盘
857,10:16:03,41.61,324634,78,买盘
858,10:16:06,41.6,37464,9,卖盘
859,10:16:09,41.61,79089,19,卖盘
860,10:16:12,41.58,58204,14,卖盘
861,10:16:15,41.44,1339149,323,卖盘
862,10:16:18,41.43,489173,118,卖盘
863,10:16:21,41.46,335755,81,买盘
864,10:16:24,41.46,49745,12,买盘
865,10:16:27,41.44,161695,39,卖盘
866,10:16:30,41.43,45599,11,卖盘
867,10:16:33,41.46,41446,10,买盘
868,10:16:39,41.45,24866,6,买盘
869,10:16:42,41.43,29002,7,卖盘
870,10:16:45,41.45,33157,8,买盘
871,10:16:48,41.46,33159,8,买盘
872,10:16:51,41.48,24884,6,买盘
873,10:16:54,41.43,687942,166,卖盘
874,10:16:57,41.44,194697,47,买盘
875,10:17:00,41.46,99446,24,买盘
876,10:17:03,41.45,219627,53,中性盘
877,10:17:06,41.47,62189,15,买盘
878,10:17:09,41.51,676277,163,买盘
879,10:17:12,41.59,128806,31,买盘
880,10:17:15,41.57,99758,24,中性盘
881,10:17:18,41.53,54004,13,卖盘
882,10:17:21,41.59,191331,46,买盘
883,10:17:24,41.59,145645,35,中性盘
884,10:17:27,41.67,87487,21,买盘
885,10:17:30,41.65,87521,21,卖盘
886,10:17:33,41.69,91664,22,买盘
887,10:17:36,41.7,74997,18,买盘
888,10:17:39,41.61,441778,106,卖盘
889,10:17:42,41.71,54214,13,买盘
890,10:17:45,41.69,75034,18,买盘
891,10:17:48,41.64,229130,55,卖盘
892,10:17:51,41.69,199929,48,中性盘
893,10:17:54,41.65,145817,35,中性盘
894,10:17:57,41.6,249821,60,卖盘
895,10:18:00,41.59,174669,42,中性盘
896,10:18:03,41.54,619252,149,卖盘
897,10:18:06,41.52,120471,29,中性盘
898,10:18:09,41.6,49869,12,买盘
899,10:18:12,41.58,58196,14,买盘
900,10:18:15,41.56,120534,29,卖盘
901,10:18:18,41.58,357529,86,买盘
902,10:18:21,41.58,108118,26,中性盘
903,10:18:24,41.57,112281,27,中性盘
904,10:18:27,41.56,24936,6,买盘
905,10:18:30,41.54,33236,8,卖盘
906,10:18:33,41.52,120439,29,卖盘
907,10:18:36,41.51,452473,109,卖盘
908,10:18:39,41.53,8306,2,买盘
909,10:18:42,41.53,124603,30,买盘
910,10:18:45,41.54,12460,3,中性盘
911,10:18:48,41.55,128773,31,买盘
912,10:18:51,41.53,41543,10,买盘
913,10:18:54,41.51,539678,130,卖盘
914,10:18:57,41.54,58143,14,买盘
915,10:19:00,41.54,45688,11,买盘
916,10:19:03,41.55,128795,31,买盘
917,10:19:06,41.58,241048,58,买盘
918,10:19:09,41.57,8314,2,卖盘
919,10:19:12,41.56,62340,15,中性盘
920,10:19:15,41.54,120493,29,卖盘
921,10:19:18,41.48,601815,145,卖盘
922,10:19:21,41.48,91248,22,买盘
923,10:19:24,41.49,103689,25,买盘
924,10:19:27,41.51,174241,42,买盘
925,10:19:30,41.47,78780,19,买盘
926,10:19:33,41.44,219678,53,卖盘
927,10:19:36,41.45,8290,2,买盘
928,10:19:39,41.4,120137,29,卖盘
929,10:19:42,41.42,33129,8,买盘
930,10:19:45,41.45,62151,15,买盘
931,10:19:48,41.42,41420,10,中性盘
932,10:19:51,41.4,269239,65,卖盘
933,10:19:54,41.4,149040,36,卖盘
934,10:19:57,41.38,173919,42,卖盘
935,10:20:03,41.4,57960,14,买盘
936,10:20:06,41.38,74490,18,卖盘
937,10:20:09,41.38,364144,88,卖盘
938,10:20:12,41.39,66217,16,买盘
939,10:20:15,41.38,82763,20,卖盘
940,10:20:18,41.38,575181,139,卖盘
941,10:20:21,41.35,161309,39,卖盘
942,10:20:24,41.37,95137,23,买盘
943,10:20:27,41.38,227550,55,买盘
944,10:20:30,41.33,153078,37,卖盘
945,10:20:33,41.33,140568,34,买盘
946,10:20:36,41.36,20668,5,中性盘
947,10:20:39,41.33,99215,24,卖盘
948,10:20:42,41.32,8264,2,中性盘
949,10:20:45,41.3,70217,17,卖盘
950,10:20:48,41.32,95036,23,买盘
951,10:20:51,41.32,95036,23,卖盘
952,10:20:54,41.32,140482,34,买盘
953,10:20:57,41.28,4128,1,卖盘
954,10:21:00,41.32,123941,30,买盘
955,10:21:03,41.3,57831,14,中性盘
956,10:21:06,41.36,524832,127,买盘
957,10:21:09,41.35,45492,11,卖盘
958,10:21:15,41.39,91014,22,买盘
959,10:21:18,41.39,339400,82,买盘
960,10:21:21,41.4,74520,18,买盘
961,10:21:24,41.43,28991,7,买盘
962,10:21:27,41.45,37296,9,买盘
963,10:21:30,41.47,78779,19,买盘
964,10:21:33,41.46,244706,59,卖盘
965,10:21:36,41.46,29022,7,买盘
966,10:21:39,41.45,240624,58,卖盘
967,10:21:42,41.45,439207,106,中性盘
968,10:21:45,41.45,418706,101,买盘
969,10:21:48,41.45,132664,32,买盘
970,10:21:51,41.5,2253237,543,买盘
971,10:21:54,41.51,672183,162,买盘
972,10:21:57,41.51,66416,16,买盘
973,10:22:00,41.55,261560,63,买盘
974,10:22:03,41.55,532253,128,卖盘
975,10:22:06,41.64,220659,53,买盘
976,10:22:09,41.67,154129,37,买盘
977,10:22:12,41.71,851547,204,买盘
978,10:22:15,41.68,12504,3,卖盘
979,10:22:18,41.72,325173,78,买盘
980,10:22:21,41.69,120914,29,中性盘
981,10:22:24,41.71,321042,77,买盘
982,10:22:27,41.78,434102,104,买盘
983,10:22:30,41.79,154591,37,买盘
984,10:22:33,41.78,188029,45,卖盘
985,10:22:36,41.85,430868,103,买盘
986,10:22:39,41.79,856499,205,卖盘
987,10:22:42,41.87,460061,110,买盘
988,10:22:45,41.79,300970,72,中性盘
989,10:22:48,41.83,209101,50,买盘
990,10:22:51,41.79,384633,92,卖盘
991,10:22:54,41.84,418321,100,买盘
992,10:22:57,41.86,1889592,451,买盘
993,10:23:00,41.91,659485,158,买盘
994,10:23:03,41.91,174191,42,卖盘
995,10:23:06,41.91,209048,50,卖盘
996,10:23:09,41.79,1330861,318,卖盘
997,10:23:12,41.75,225677,54,卖盘
998,10:23:15,41.86,615181,147,买盘
999,10:23:18,41.8,250823,60,卖盘
1000,10:23:21,41.68,271198,65,卖盘
1001,10:23:24,41.76,379542,91,买盘
1002,10:23:27,41.68,116833,28,中性盘
1003,10:23:30,41.72,37545,9,买盘
1004,10:23:33,41.58,291722,70,卖盘
1005,10:23:36,41.63,150015,36,中性盘
1006,10:23:39,41.66,287492,69,中性盘
1007,10:23:42,41.68,54184,13,买盘
1008,10:23:45,41.68,129218,31,卖盘
1009,10:23:48,41.69,350124,84,买盘
1010,10:23:51,41.65,70838,17,卖盘
1011,10:23:54,41.69,296013,71,买盘
1012,10:23:57,41.69,87549,21,卖盘
1013,10:24:00,41.65,187706,45,卖盘
1014,10:24:03,41.65,216625,52,卖盘
1015,10:24:06,41.68,237542,57,买盘
1016,10:24:09,41.62,162394,39,卖盘
1017,10:24:12,41.68,287746,69,买盘
1018,10:24:15,41.7,20851,5,中性盘
1019,10:24:18,41.72,66742,16,买盘
1020,10:24:21,41.75,212887,51,买盘
1021,10:24:24,41.75,12527,3,中性盘
1022,10:24:27,41.79,175468,42,买盘
1023,10:24:30,41.79,108650,26,买盘
1024,10:24:33,41.82,363659,87,买盘
1025,10:24:36,41.81,62726,15,卖盘
1026,10:24:39,41.82,33462,8,中性盘
1027,10:24:42,41.9,234547,56,买盘
1028,10:24:45,41.9,200876,48,买盘
1029,10:24:48,41.9,196865,47,买盘
1030,10:24:51,41.8,631686,151,卖盘
1031,10:24:54,41.84,355645,85,买盘
1032,10:24:57,41.7,229575,55,卖盘
1033,10:25:00,41.68,533609,128,卖盘
1034,10:25:03,41.65,475172,114,卖盘
1035,10:25:06,41.64,907176,218,中性盘
1036,10:25:09,41.65,12493,3,买盘
1037,10:25:12,41.65,275000,66,买盘
1038,10:25:18,41.76,125207,30,买盘
1039,10:25:21,41.76,16704,4,卖盘
1040,10:25:24,41.82,45976,11,买盘
1041,10:25:27,41.82,29264,7,卖盘
1042,10:25:30,41.88,196620,47,买盘
1043,10:25:33,41.88,33500,8,买盘
1044,10:25:36,41.88,674279,161,买盘
1045,10:25:39,41.78,774554,185,卖盘
1046,10:25:42,41.83,117108,28,买盘
1047,10:25:45,41.85,669513,160,买盘
1048,10:25:48,41.78,196556,47,卖盘
1049,10:25:51,41.77,204643,49,卖盘
1050,10:25:54,41.78,100265,24,买盘
1051,10:25:57,41.77,288096,69,卖盘
1052,10:26:00,41.77,233991,56,买盘
1053,10:26:03,41.71,50088,12,卖盘
1054,10:26:06,41.71,137791,33,卖盘
1055,10:26:09,41.74,8347,2,买盘
1056,10:26:12,41.75,66784,16,买盘
1057,10:26:15,41.78,58457,14,买盘
1058,10:26:18,41.8,54331,13,买盘
1059,10:26:21,41.78,254872,61,卖盘
1060,10:26:24,41.78,71015,17,买盘
1061,10:26:27,41.8,125373,30,买盘
1062,10:26:30,41.78,8356,2,买盘
1063,10:26:33,41.78,129518,31,买盘
1064,10:26:36,41.78,29251,7,卖盘
1065,10:26:39,41.78,137909,33,卖盘
1066,10:26:42,41.76,71020,17,卖盘
1067,10:26:45,41.75,434680,104,卖盘
1068,10:26:48,41.74,79334,19,卖盘
1069,10:26:51,41.75,459208,110,卖盘
1070,10:26:54,41.7,158643,38,卖盘
1071,10:26:57,41.76,33408,8,买盘
1072,10:27:00,41.7,91708,22,卖盘
1073,10:27:03,41.76,179525,43,买盘
1074,10:27:06,41.7,162690,39,卖盘
1075,10:27:09,41.78,71004,17,买盘
1076,10:27:12,41.69,158594,38,卖盘
1077,10:27:15,41.71,167092,40,卖盘
1078,10:27:18,41.77,20882,5,买盘
1079,10:27:21,41.74,104396,25,卖盘
1080,10:27:24,41.77,4177,1,买盘
1081,10:27:27,41.77,20885,5,买盘
1082,10:27:33,41.77,426040,102,卖盘
1083,10:27:36,41.77,221275,53,买盘
1084,10:27:39,41.77,29237,7,买盘
1085,10:27:42,41.77,96061,23,买盘
1086,10:27:45,41.78,25063,6,买盘
1087,10:27:48,41.78,16712,4,买盘
1088,10:27:51,41.78,204722,49,买盘
1089,10:27:57,41.81,330158,79,买盘
1090,10:28:00,41.77,275915,66,卖盘
1091,10:28:03,41.66,771999,185,卖盘
1092,10:28:06,41.66,45849,11,卖盘
1093,10:28:09,41.65,625588,150,卖盘
1094,10:28:12,41.72,154163,37,买盘
1095,10:28:15,41.65,187497,45,卖盘
1096,10:28:18,41.76,505027,121,买盘
1097,10:28:21,41.69,4169,1,卖盘
1098,10:28:24,41.74,137765,33,中性盘
1099,10:28:30,41.74,204518,49,买盘
1100,10:28:33,41.74,20870,5,卖盘
1101,10:28:36,41.73,279651,67,卖盘
1102,10:28:39,41.73,4173,1,买盘
1103,10:28:42,41.74,54258,13,买盘
1104,10:28:45,41.75,187841,45,买盘
1105,10:28:48,41.74,283837,68,卖盘
1106,10:28:51,41.73,20873,5,卖盘
1107,10:28:54,41.74,187813,45,买盘
1108,10:28:57,41.71,16686,4,卖盘
1109,10:29:00,41.71,129382,31,卖盘
1110,10:29:03,41.73,33372,8,买盘
1111,10:29:06,41.73,8346,2,买盘
1112,10:29:09,41.7,54213,13,卖盘
1113,10:29:12,41.72,25029,6,中性盘
1114,10:29:15,41.69,20849,5,卖盘
1115,10:29:18,41.69,166755,40,卖盘
1116,10:29:21,41.68,12504,3,卖盘
1117,10:29:24,41.69,45856,11,买盘
1118,10:29:30,41.7,54196,13,买盘
1119,10:29:33,41.69,45849,11,买盘
1120,10:29:36,41.66,91694,22,卖盘
1121,10:29:39,41.68,25008,6,中性盘
1122,10:29:42,41.67,87531,21,中性盘
1123,10:29:45,41.67,8334,2,买盘
1124,10:29:48,41.7,41692,10,买盘
1125,10:29:54,41.69,75050,18,卖盘
1126,10:29:57,41.69,16676,4,卖盘
1127,10:30:00,41.69,137577,33,卖盘
1128,10:30:03,41.67,200064,48,卖盘
1129,10:30:06,41.67,37497,9,卖盘
1130,10:30:09,41.66,162472,39,卖盘
1131,10:30:12,41.66,79154,19,买盘
1132,10:30:15,41.7,533848,128,买盘
1133,10:30:18,41.75,208779,50,买盘
1134,10:30:21,41.75,171308,41,中性盘
1135,10:30:24,41.81,12543,3,中性盘
1136,10:30:27,41.8,71036,17,中性盘
1137,10:30:30,41.74,20894,5,卖盘
1138,10:30:33,41.74,50138,12,卖盘
1139,10:30:36,41.78,4178,1,中性盘
1140,10:30:42,41.76,79350,19,卖盘
1141,10:30:45,41.79,125343,30,买盘
1142,10:30:48,41.81,372014,89,买盘
1143,10:30:51,41.83,368031,88,买盘
1144,10:30:54,41.81,96208,23,卖盘
1145,10:30:57,41.91,1102774,263,买盘
1146,10:31:00,41.91,606530,145,卖盘
1147,10:31:03,42.03,3585655,854,买盘
1148,10:31:06,42.02,147106,35,卖盘
1149,10:31:09,42.01,945156,225,卖盘
1150,10:31:12,42.02,1684238,401,买盘
1151,10:31:15,42.05,752392,179,买盘
1152,10:31:18,42.06,407857,97,买盘
1153,10:31:21,42.04,676863,161,中性盘
1154,10:31:24,42.03,542428,129,买盘
1155,10:31:27,42.02,235299,56,中性盘
1156,10:31:30,42.03,647252,154,买盘
1157,10:31:33,42.02,218481,52,中性盘
1158,10:31:36,42.02,542054,129,卖盘
1159,10:31:39,42.02,570031,136,中性盘
1160,10:31:42,42.03,399167,95,买盘
1161,10:31:45,41.97,151066,36,买盘
1162,10:31:48,41.98,234965,56,买盘
1163,10:31:51,41.98,201457,48,买盘
1164,10:31:54,41.98,130098,31,买盘
1165,10:31:57,41.99,818931,195,买盘
1166,10:32:00,41.89,146926,35,卖盘
1167,10:32:03,41.98,138541,33,中性盘
1168,10:32:06,42.03,500026,119,买盘
1169,10:32:09,42.09,143083,34,买盘
1170,10:32:12,42.03,50512,12,卖盘
1171,10:32:15,42.08,218824,52,卖盘
1172,10:32:18,42.07,446038,106,中性盘
1173,10:32:21,42.08,1882177,446,买盘
1174,10:32:24,42.07,92577,22,卖盘
1175,10:32:27,42.09,126243,30,买盘
1176,10:32:30,42.1,1001750,238,买盘
1177,10:32:33,42.09,159898,38,卖盘
1178,10:32:36,42.09,227319,54,买盘
1179,10:32:39,42.07,33660,8,中性盘
1180,10:32:42,41.97,1041682,248,卖盘
1181,10:32:45,41.85,129787,31,卖盘
1182,10:32:48,41.87,310476,74,中性盘
1183,10:32:51,41.85,46098,11,卖盘
1184,10:32:54,41.94,58614,14,中性盘
1185,10:32:57,41.86,54528,13,中性盘
1186,10:33:00,41.96,20978,5,买盘
1187,10:33:03,41.95,12569,3,中性盘
1188,10:33:06,41.96,83920,20,买盘
1189,10:33:09,41.95,192947,46,中性盘
1190,10:33:12,41.95,88082,21,买盘
1191,10:33:15,41.96,301960,72,买盘
1192,10:33:18,41.96,260152,62,卖盘
1193,10:33:21,41.96,302018,72,买盘
1194,10:33:24,41.95,146804,35,买盘
1195,10:33:27,41.95,104878,25,买盘
1196,10:33:30,41.95,121676,29,卖盘
1197,10:33:33,41.95,109070,26,卖盘
1198,10:33:36,41.94,130046,31,买盘
1199,10:33:39,41.94,41940,10,买盘
1200,10:33:42,41.94,16779,4,卖盘
1201,10:33:45,41.95,58729,14,买盘
1202,10:33:48,41.95,25167,6,买盘
1203,10:33:51,41.96,142658,34,买盘
1204,10:33:54,41.96,20979,5,买盘
1205,10:33:57,41.97,52454,13,买盘
1206,10:34:00,41.95,209762,50,卖盘
1207,10:34:03,41.95,545156,130,卖盘
1208,10:34:06,41.93,640902,153,中性盘
1209,10:34:09,41.91,96381,23,中性盘
1210,10:34:12,41.78,694390,166,卖盘
1211,10:34:15,41.78,142058,34,卖盘
1212,10:34:18,41.78,4178,1,中性盘
1213,10:34:21,41.81,213168,51,买盘
1214,10:34:24,41.8,45984,11,卖盘
1215,10:34:30,41.8,710624,170,卖盘
1216,10:34:33,41.81,20905,5,买盘
1217,10:34:36,41.83,25094,6,买盘
1218,10:34:39,41.83,37653,9,买盘
1219,10:34:45,41.8,62717,15,卖盘
1220,10:34:48,41.84,259346,62,买盘
1221,10:34:51,41.85,92070,22,买盘
1222,10:34:54,41.85,435242,104,卖盘
1223,10:34:57,41.86,225953,54,买盘
1224,10:35:00,41.8,100356,24,卖盘
1225,10:35:03,41.8,209006,50,卖盘
1226,10:35:06,41.82,146324,35,中性盘
1227,10:35:09,41.81,133790,32,中性盘
1228,10:35:12,41.8,83602,20,中性盘
1229,10:35:15,41.8,66896,16,卖盘
1230,10:35:18,41.82,112866,27,买盘
1231,10:35:21,41.81,91982,22,卖盘
1232,10:35:24,41.8,121227,29,卖盘
1233,10:35:27,41.81,54349,13,中性盘
1234,10:35:30,41.81,12543,3,卖盘
1235,10:35:33,41.81,158878,38,卖盘
1236,10:35:36,41.82,121256,29,买盘
1237,10:35:39,41.81,83636,20,卖盘
1238,10:35:42,41.81,225799,54,卖盘
1239,10:35:45,41.82,255036,61,买盘
1240,10:35:48,41.82,351291,84,卖盘
1241,10:35:51,41.81,112912,27,卖盘
1242,10:35:54,41.8,125401,30,卖盘
1243,10:35:57,41.8,25083,6,卖盘
1244,10:36:00,41.8,175633,42,卖盘
1245,10:36:03,41.81,8361,2,中性盘
1246,10:36:06,41.8,16723,4,卖盘
1247,10:36:09,41.81,230043,55,买盘
1248,10:36:12,41.81,16724,4,买盘
1249,10:36:15,41.88,837135,200,买盘
1250,10:36:18,41.92,75442,18,买盘
1251,10:36:21,41.93,96437,23,买盘
1252,10:36:24,41.94,129998,31,买盘
1253,10:36:27,41.95,41948,10,买盘
1254,10:36:30,41.98,700657,167,买盘
1255,10:36:33,41.95,71337,17,卖盘
1256,10:36:36,42.0,16800,4,买盘
1257,10:36:39,42.0,197388,47,买盘
1258,10:36:42,42.0,16810,4,卖盘
1259,10:36:45,42.06,121923,29,买盘
1260,10:36:48,42.0,67200,16,卖盘
1261,10:36:51,42.0,310692,74,卖盘
1262,10:36:54,41.99,298071,71,中性盘
1263,10:36:57,42.0,264554,63,买盘
1264,10:37:00,41.94,29374,7,中性盘
1265,10:37:03,41.81,741461,177,卖盘
1266,10:37:06,41.82,25092,6,中性盘
1267,10:37:09,41.87,37685,9,买盘
1268,10:37:12,41.94,213823,51,买盘
1269,10:37:15,41.91,37704,9,中性盘
1270,10:37:18,41.88,33504,8,买盘
1271,10:37:21,41.85,66975,16,卖盘
1272,10:37:24,41.88,75365,18,买盘
1273,10:37:27,41.85,410280,98,卖盘
1274,10:37:30,41.89,54444,13,买盘
1275,10:37:33,41.85,146473,35,卖盘
1276,10:37:36,41.85,75330,18,买盘
1277,10:37:39,41.9,8380,2,买盘
1278,10:37:42,41.91,33518,8,买盘
1279,10:37:45,41.91,37719,9,买盘
1280,10:37:48,41.91,4191,1,卖盘
1281,10:37:51,41.91,50294,12,卖盘
1282,10:37:54,41.93,4193,1,中性盘
1283,10:37:57,41.91,142502,34,卖盘
1284,10:38:00,41.91,389759,93,买盘
1285,10:38:03,41.91,37751,9,卖盘
1286,10:38:06,41.91,16764,4,卖盘
1287,10:38:09,41.91,20967,5,卖盘
1288,10:38:12,41.92,8384,2,中性盘
1289,10:38:15,41.94,16774,4,买盘
1290,10:38:24,41.9,259848,62,卖盘
1291,10:38:27,41.9,113130,27,买盘
1292,10:38:30,41.98,79746,19,买盘
1293,10:38:33,41.98,33558,8,买盘
1294,10:38:36,41.98,29386,7,买盘
1295,10:38:39,41.98,88051,21,卖盘
1296,10:38:42,41.99,8398,2,买盘
1297,10:38:45,42.0,63000,15,买盘
1298,10:38:51,42.02,105015,25,买盘
1299,10:38:57,42.03,33623,8,买盘
1300,10:39:00,42.02,147076,35,卖盘
1301,10:39:03,42.01,344571,82,卖盘
1302,10:39:06,41.99,46190,11,卖盘
1303,10:39:09,41.95,163622,39,卖盘
1304,10:39:12,41.95,96429,23,买盘
1305,10:39:15,41.91,117359,28,卖盘
1306,10:39:18,41.9,67058,16,卖盘
1307,10:39:21,41.92,75444,18,买盘
1308,10:39:24,41.92,4192,1,中性盘
1309,10:39:30,41.92,25152,6,买盘
1310,10:39:33,41.92,121566,29,买盘
1311,10:39:36,41.92,171872,41,买盘
1312,10:39:39,41.92,46112,11,买盘
1313,10:39:42,41.92,16768,4,卖盘
1314,10:39:45,41.93,54509,13,买盘
1315,10:39:48,41.93,201264,48,买盘
1316,10:39:51,41.94,222284,53,买盘
1317,10:39:54,41.97,62952,15,买盘
1318,10:39:57,41.98,163707,39,买盘
1319,10:40:00,41.98,172118,41,买盘
1320,10:40:03,41.98,88173,21,卖盘
1321,10:40:06,41.95,310580,74,卖盘
1322,10:40:09,41.97,83917,20,买盘
1323,10:40:12,41.97,37765,9,买盘
1324,10:40:18,41.93,910260,217,卖盘
1325,10:40:21,41.92,746358,178,卖盘
1326,10:40:24,41.92,729361,174,卖盘
1327,10:40:27,41.89,4189,1,卖盘
1328,10:40:30,41.92,54484,13,买盘
1329,10:40:33,41.92,58684,14,买盘
1330,10:40:36,41.89,12567,3,卖盘
1331,10:40:39,41.89,29333,7,卖盘
1332,10:40:42,41.89,50268,12,卖盘
1333,10:40:45,41.92,125724,30,买盘
1334,10:40:48,41.89,196888,47,卖盘
1335,10:40:51,41.89,209497,50,卖盘
1336,10:40:54,41.86,841811,201,卖盘
1337,10:40:57,41.86,665574,159,卖盘
1338,10:41:00,41.82,200815,48,卖盘
1339,10:41:03,41.81,150563,36,卖盘
1340,10:41:06,41.8,543452,130,卖盘
1341,10:41:09,41.8,254982,61,卖盘
1342,10:41:12,41.72,1750856,419,卖盘
1343,10:41:15,41.72,16686,4,买盘
1344,10:41:21,41.7,62554,15,卖盘
1345,10:41:24,41.7,8340,2,卖盘
1346,10:41:27,41.7,12510,3,卖盘
1347,10:41:30,41.69,241854,58,卖盘
1348,10:41:33,41.7,54210,13,买盘
1349,10:41:36,41.74,342040,82,买盘
1350,10:41:39,41.73,50076,12,卖盘
1351,10:41:42,41.8,87724,21,买盘
1352,10:41:48,41.73,542490,130,卖盘
1353,10:41:51,41.79,62670,15,买盘
1354,10:42:03,41.76,54288,13,卖盘
1355,10:42:06,41.76,50139,12,卖盘
1356,10:42:09,41.78,142034,34,中性盘
1357,10:42:12,41.79,71039,17,买盘
1358,10:42:15,41.77,33410,8,中性盘
1359,10:42:18,41.74,25044,6,卖盘
1360,10:42:21,41.79,50136,12,买盘
1361,10:42:27,41.79,16716,4,买盘
1362,10:42:33,41.75,29232,7,卖盘
1363,10:42:36,41.76,8352,2,卖盘
1364,10:42:39,41.75,20875,5,卖盘
1365,10:42:42,41.75,8350,2,卖盘
1366,10:42:45,41.75,20876,5,卖盘
1367,10:42:48,41.75,4175,1,卖盘
1368,10:42:51,41.76,20880,5,买盘
1369,10:42:54,41.76,20878,5,买盘
1370,10:42:57,41.76,20880,5,买盘
1371,10:43:03,41.76,141983,34,买盘
1372,10:43:06,41.76,12527,3,买盘
1373,10:43:09,41.76,16702,4,买盘
1374,10:43:12,41.75,62637,15,卖盘
1375,10:43:15,41.76,129454,31,买盘
1376,10:43:18,41.75,12525,3,卖盘
1377,10:43:27,41.75,20875,5,卖盘
1378,10:43:30,41.75,150300,36,卖盘
1379,10:43:33,41.74,37566,9,卖盘
1380,10:43:36,41.73,12521,3,卖盘
1381,10:43:39,41.73,87652,21,卖盘
1382,10:43:42,41.72,20861,5,卖盘
1383,10:43:45,41.72,12516,3,卖盘
1384,10:43:48,41.72,50069,12,卖盘
1385,10:43:54,41.72,50064,12,卖盘
1386,10:44:00,41.72,25037,6,卖盘
1387,10:44:03,41.73,25038,6,买盘
1388,10:44:06,41.73,87633,21,卖盘
1389,10:44:15,41.74,50079,12,买盘
1390,10:44:18,41.74,8348,2,卖盘
1391,10:44:21,41.75,25050,6,买盘
1392,10:44:24,41.74,12522,3,卖盘
1393,10:44:27,41.74,25044,6,卖盘
1394,10:44:30,41.75,25047,6,买盘
1395,10:44:33,41.74,66792,16,卖盘
1396,10:44:36,41.75,75143,18,买盘
1397,10:44:39,41.74,70963,17,卖盘
1398,10:44:42,41.76,62625,15,买盘
1399,10:44:45,41.75,4175,1,卖盘
1400,10:44:48,41.76,768387,184,买盘
1401,10:44:51,41.78,25058,6,中性盘
1402,10:44:54,41.79,75222,18,买盘
1403,10:44:57,41.81,183922,44,买盘
1404,10:45:00,41.81,75258,18,买盘
1405,10:45:03,41.77,47143,11,卖盘
1406,10:45:06,41.84,20912,5,买盘
1407,10:45:09,41.81,8362,2,卖盘
1408,10:45:12,41.81,16724,4,卖盘
1409,10:45:15,41.82,20910,5,买盘
1410,10:45:18,41.84,4184,1,买盘
1411,10:45:21,41.84,20920,5,买盘
1412,10:45:27,41.85,33474,8,中性盘
1413,10:45:30,41.86,41855,10,买盘
1414,10:45:33,41.91,180108,43,买盘
1415,10:45:36,41.92,72434,17,买盘
1416,10:45:42,41.92,8385,2,卖盘
1417,10:45:45,41.95,41930,10,买盘
1418,10:45:48,41.95,339722,81,买盘
1419,10:45:51,41.95,12584,3,中性盘
1420,10:45:54,41.94,163525,39,中性盘
1421,10:45:57,41.92,19786,5,卖盘
1422,10:46:00,41.9,452829,108,卖盘
1423,10:46:03,41.85,121543,29,卖盘
1424,10:46:06,41.82,16739,4,卖盘
1425,10:46:09,41.84,292743,70,中性盘
1426,10:46:12,41.82,25092,6,卖盘
1427,10:46:15,41.84,33470,8,买盘
1428,10:46:21,41.84,87862,21,买盘
1429,10:46:24,41.84,12552,3,买盘
1430,10:46:27,41.84,12548,3,买盘
1431,10:46:30,41.82,12546,3,卖盘
1432,10:46:39,41.83,41830,10,卖盘
1433,10:46:42,41.84,12552,3,买盘
1434,10:46:48,41.82,376426,90,卖盘
1435,10:46:51,41.82,284351,68,中性盘
1436,10:46:54,41.81,54365,13,中性盘
1437,10:46:57,41.81,16723,4,买盘
1438,10:47:00,41.8,62703,15,卖盘
1439,10:47:03,41.77,171357,41,卖盘
1440,10:47:06,41.76,82368,20,卖盘
1441,10:47:09,41.72,3386194,811,卖盘
1442,10:47:12,41.71,137658,33,卖盘
1443,10:47:15,41.72,66740,16,买盘
1444,10:47:18,41.71,120959,29,卖盘
1445,10:47:21,41.7,1451168,348,卖盘
1446,10:47:24,41.69,300224,72,卖盘
1447,10:47:27,41.69,325198,78,卖盘
1448,10:47:30,41.68,408464,98,卖盘
1449,10:47:33,41.7,1100770,264,买盘
1450,10:47:36,41.7,95910,23,卖盘
1451,10:47:39,41.71,70901,17,买盘
1452,10:47:42,41.73,1001477,240,买盘
1453,10:47:45,41.83,267602,64,买盘
1454,10:47:48,41.77,292550,70,卖盘
1455,10:47:54,41.79,192144,46,中性盘
1456,10:47:57,41.77,12535,3,卖盘
1457,10:48:00,41.82,66912,16,买盘
1458,10:48:03,41.82,50171,12,买盘
1459,10:48:06,41.83,83641,20,买盘
1460,10:48:09,41.82,171462,41,卖盘
1461,10:48:12,41.82,326265,78,卖盘
1462,10:48:15,41.82,8364,2,买盘
1463,10:48:18,41.83,4183,1,卖盘
1464,10:48:24,41.84,25104,6,买盘
1465,10:48:27,41.83,4183,1,卖盘
1466,10:48:30,41.83,25098,6,中性盘
1467,10:48:33,41.84,25103,6,买盘
1468,10:48:36,41.84,4184,1,卖盘
1469,10:48:39,41.85,4185,1,买盘
1470,10:48:42,41.84,133889,32,卖盘
1471,10:48:45,41.84,71128,17,买盘
1472,10:48:48,41.84,62750,15,买盘
1473,10:48:54,41.84,16736,4,买盘
1474,10:48:57,41.82,16732,4,卖盘
1475,10:49:00,41.84,37656,9,买盘
1476,10:49:03,41.84,4184,1,买盘
1477,10:49:06,41.8,50174,12,卖盘
1478,10:49:12,41.77,29242,7,卖盘
1479,10:49:15,41.79,4179,1,买盘
1480,10:49:21,41.79,16716,4,卖盘
1481,10:49:24,41.83,79446,19,买盘
1482,10:49:27,41.8,37619,9,买盘
1483,10:49:33,41.81,16724,4,买盘
1484,10:49:36,41.82,4182,1,买盘
1485,10:49:45,41.82,37623,9,买盘
1486,10:49:51,41.82,20910,5,买盘
1487,10:49:57,41.82,25092,6,买盘
1488,10:50:03,41.82,8364,2,卖盘
1489,10:50:06,41.79,75255,18,卖盘
1490,10:50:09,41.79,16716,4,卖盘
1491,10:50:12,41.82,37620,9,买盘
1492,10:50:18,41.81,4181,1,买盘
1493,10:50:21,41.81,4181,1,买盘
1494,10:50:27,41.78,376107,90,卖盘
1495,10:50:30,41.78,175472,42,卖盘
1496,10:50:33,41.78,104450,25,卖盘
1497,10:50:36,41.78,20890,5,卖盘
1498,10:50:39,41.77,12532,3,卖盘
1499,10:50:42,41.77,75186,18,卖盘
1500,10:50:45,41.75,446927,107,卖盘
1501,10:50:48,41.75,100200,24,卖盘
1502,10:50:51,41.73,37571,9,卖盘
1503,10:50:54,41.73,16692,4,卖盘
1504,10:50:57,41.74,4174,1,买盘
1505,10:51:00,41.75,16700,4,买盘
1506,10:51:03,41.75,83500,20,卖盘
1507,10:51:06,41.75,83500,20,卖盘
1508,10:51:09,41.75,25050,6,卖盘
1509,10:51:12,41.77,168219,40,买盘
1510,10:51:15,41.79,401129,96,买盘
1511,10:51:18,41.72,6646604,1593,卖盘
1512,10:51:21,41.77,4177,1,买盘
1513,10:51:24,41.77,250441,60,买盘
1514,10:51:27,41.72,12516,3,卖盘
1515,10:51:30,41.73,62595,15,卖盘
1516,10:51:33,41.76,25050,6,买盘
1517,10:51:36,41.76,33407,8,买盘
1518,10:51:39,41.76,8351,2,买盘
1519,10:51:42,41.73,216996,52,卖盘
1520,10:51:45,41.72,1013796,243,卖盘
1521,10:51:48,41.71,82271,20,卖盘
1522,10:51:51,41.71,158498,38,卖盘
1523,10:51:54,41.71,316996,76,卖盘
1524,10:51:57,41.66,4536761,1088,卖盘
1525,10:52:00,41.65,91651,22,卖盘
1526,10:52:03,41.65,54145,13,卖盘
1527,10:52:06,41.65,166600,40,卖盘
1528,10:52:09,41.65,337365,81,卖盘
1529,10:52:12,41.65,349860,84,卖盘
1530,10:52:15,41.64,41643,10,卖盘
1531,10:52:18,41.64,33308,8,买盘
1532,10:52:21,41.62,295754,71,卖盘
1533,10:52:24,41.62,49942,12,买盘
1534,10:52:27,41.61,266620,64,卖盘
1535,10:52:30,41.62,166637,40,中性盘
1536,10:52:33,41.69,112444,27,买盘
1537,10:52:36,41.62,116661,28,中性盘
1538,10:52:42,41.61,133163,32,卖盘
1539,10:52:45,41.6,33281,8,卖盘
1540,10:52:48,41.6,12481,3,卖盘
1541,10:52:51,41.6,45764,11,卖盘
1542,10:52:54,41.6,20802,5,卖盘
1543,10:52:57,41.66,29157,7,买盘
1544,10:53:00,41.61,108201,26,卖盘
1545,10:53:03,41.6,8320,2,卖盘
1546,10:53:06,41.6,41600,10,卖盘
1547,10:53:09,41.65,29133,7,买盘
1548,10:53:12,41.6,45769,11,卖盘
1549,10:53:15,41.6,20800,5,卖盘
1550,10:53:18,41.61,24961,6,买盘
1551,10:53:21,41.61,12483,3,卖盘
1552,10:53:24,41.6,45761,11,卖盘
1553,10:53:27,41.61,41610,10,买盘
1554,10:53:30,41.6,41609,10,卖盘
1555,10:53:33,41.6,29120,7,卖盘
1556,10:53:36,41.6,12480,3,卖盘
1557,10:53:39,41.61,470106,113,买盘
1558,10:53:42,41.6,29117,7,买盘
1559,10:53:45,41.59,45749,11,卖盘
1560,10:53:48,41.59,8318,2,卖盘
1561,10:53:51,41.59,4159,1,卖盘
1562,10:53:54,41.59,45749,11,卖盘
1563,10:53:57,41.59,16636,4,卖盘
1564,10:54:00,41.59,228745,55,卖盘
1565,10:54:03,41.59,8318,2,买盘
1566,10:54:06,41.58,29106,7,卖盘
1567,10:54:09,41.58,66533,16,卖盘
1568,10:54:12,41.58,45738,11,卖盘
1569,10:54:15,41.58,8316,2,卖盘
1570,10:54:18,41.58,24948,6,卖盘
1571,10:54:21,41.58,12474,3,卖盘
1572,10:54:24,41.58,20794,5,卖盘
1573,10:54:27,41.58,16632,4,卖盘
1574,10:54:30,41.58,403448,97,卖盘
1575,10:54:33,41.58,4158,1,卖盘
1576,10:54:36,41.59,8318,2,买盘
1577,10:54:39,41.58,37422,9,卖盘
1578,10:54:42,41.57,4157,1,卖盘
1579,10:54:48,41.58,8315,2,买盘
1580,10:54:57,41.58,8316,2,买盘
1581,10:55:00,41.58,95612,23,买盘
1582,10:55:06,41.56,20780,5,卖盘
1583,10:55:09,41.56,58184,14,卖盘
1584,10:55:12,41.55,49860,12,卖盘
1585,10:55:15,41.55,8310,2,卖盘
1586,10:55:18,41.55,8310,2,卖盘
1587,10:55:21,41.55,178665,43,卖盘
1588,10:55:27,41.55,4155,1,卖盘
1589,10:55:33,41.56,29090,7,买盘
1590,10:55:36,41.55,4155,1,卖盘
1591,10:55:39,41.56,24936,6,买盘
1592,10:55:42,41.55,4155,1,卖盘
1593,10:55:45,41.55,24930,6,卖盘
1594,10:55:48,41.55,33237,8,买盘
1595,10:55:54,41.54,12462,3,卖盘
1596,10:55:57,41.54,8307,2,买盘
1597,10:56:00,41.53,8307,2,卖盘
1598,10:56:03,41.54,16615,4,买盘
1599,10:56:06,41.53,336405,81,卖盘
1600,10:56:09,41.53,41530,10,卖盘
1601,10:56:12,41.53,12459,3,卖盘
1602,10:56:15,41.55,146581,35,买盘
1603,10:56:18,41.55,49844,12,卖盘
1604,10:56:24,41.55,8310,2,卖盘
1605,10:56:30,41.56,16621,4,买盘
1606,10:56:33,41.56,78957,19,买盘
1607,10:56:36,41.56,24936,6,买盘
1608,10:56:39,41.56,24936,6,买盘
1609,10:56:42,41.56,4156,1,中性盘
1610,10:56:45,41.56,4156,1,卖盘
1611,10:56:51,41.57,4157,1,买盘
1612,10:56:54,41.58,87317,21,买盘
1613,10:56:57,41.58,37430,9,卖盘
1614,10:57:00,41.6,12480,3,买盘
1615,10:57:03,41.6,8320,2,买盘
1616,10:57:06,41.6,128960,31,买盘
1617,10:57:09,41.61,8321,2,买盘
1618,10:57:12,41.61,33289,8,买盘
1619,10:57:15,41.61,58260,14,中性盘
1620,10:57:18,41.6,12480,3,卖盘
1621,10:57:21,41.62,99873,24,买盘
1622,10:57:24,41.62,4162,1,卖盘
1623,10:57:27,41.61,16650,4,卖盘
1624,10:57:30,41.61,16644,4,卖盘
1625,10:57:33,41.61,20810,5,卖盘
1626,10:57:36,41.61,8323,2,卖盘
1627,10:57:39,41.62,4162,1,买盘
1628,10:57:42,41.62,66589,16,买盘
1629,10:57:45,41.62,37458,9,买盘
1630,10:57:48,41.62,237245,57,卖盘
1631,10:57:51,41.62,37458,9,买盘
1632,10:57:54,41.62,4162,1,中性盘
1633,10:57:57,41.61,29136,7,卖盘
1634,10:58:00,41.63,66608,16,买盘
1635,10:58:03,41.61,37449,9,卖盘
1636,10:58:06,41.63,54113,13,买盘
1637,10:58:09,41.63,4163,1,卖盘
1638,10:58:12,41.63,95755,23,卖盘
1639,10:58:15,41.63,16652,4,卖盘
1640,10:58:21,41.64,12492,3,买盘
1641,10:58:27,41.64,104100,25,买盘
1642,10:58:33,41.66,24992,6,买盘
1643,10:58:36,41.68,12503,3,买盘
1644,10:58:39,41.68,25008,6,买盘
1645,10:58:42,41.69,37521,9,买盘
1646,10:58:45,41.69,25014,6,买盘
1647,10:58:48,41.69,166792,40,买盘
1648,10:58:51,41.7,20847,5,买盘
1649,10:58:54,41.69,145933,35,卖盘
1650,10:58:57,41.73,54234,13,买盘
1651,10:59:03,41.73,83460,20,买盘
1652,10:59:06,41.73,4173,1,买盘
1653,10:59:09,41.74,12522,3,买盘
1654,10:59:12,41.74,58431,14,买盘
1655,10:59:15,41.74,16696,4,买盘
1656,10:59:18,41.74,54262,13,买盘
1657,10:59:21,41.75,4175,1,买盘
1658,10:59:24,41.75,4175,1,买盘
1659,10:59:27,41.75,25050,6,买盘
1660,10:59:30,41.76,29231,7,买盘
1661,10:59:33,41.75,37583,9,卖盘
1662,10:59:36,41.76,45930,11,买盘
1663,10:59:39,41.76,137792,33,买盘
1664,10:59:45,41.78,37598,9,买盘
1665,10:59:48,41.78,4178,1,卖盘
1666,10:59:51,41.79,12537,3,买盘
1667,10:59:54,41.79,75212,18,买盘
1668,10:59:57,41.79,12537,3,卖盘
1669,11:00:00,41.76,171292,41,卖盘
1670,11:00:03,41.77,20887,5,卖盘
1671,11:00:06,41.74,29230,7,卖盘
1672,11:00:09,41.74,8350,2,卖盘
1673,11:00:12,41.74,62630,15,卖盘
1674,11:00:15,41.74,25044,6,卖盘
1675,11:00:18,41.72,162755,39,卖盘
1676,11:00:21,41.7,792314,190,卖盘
1677,11:00:24,41.69,246053,59,卖盘
1678,11:00:27,41.69,70873,17,卖盘
1679,11:00:30,41.65,100053,24,卖盘
1680,11:00:33,41.63,20822,5,卖盘
1681,11:00:36,41.63,37467,9,卖盘
1682,11:00:39,41.62,4162,1,卖盘
1683,11:00:45,41.62,20810,5,卖盘
1684,11:00:48,41.62,62455,15,卖盘
1685,11:00:51,41.64,29148,7,买盘
1686,11:00:54,41.63,20819,5,卖盘
1687,11:00:57,41.61,191408,46,卖盘
1688,11:01:00,41.6,45762,11,卖盘
1689,11:01:06,41.6,33280,8,卖盘
1690,11:01:12,41.6,45760,11,卖盘
1691,11:01:15,41.61,91531,22,买盘
1692,11:01:18,41.6,108160,26,卖盘
1693,11:01:21,41.59,33273,8,卖盘
1694,11:01:30,41.58,49906,12,卖盘
1695,11:01:33,41.57,37416,9,卖盘
1696,11:01:36,41.57,174594,42,卖盘
1697,11:01:39,41.57,12471,3,买盘
1698,11:01:42,41.57,16628,4,买盘
1699,11:01:45,41.56,41560,10,卖盘
1700,11:01:48,41.55,49860,12,卖盘
1701,11:01:54,41.53,49847,12,卖盘
1702,11:01:57,41.53,66461,16,中性盘
1703,11:02:00,41.52,16608,4,卖盘
1704,11:02:03,41.54,477872,115,买盘
1705,11:02:06,41.54,16616,4,卖盘
1706,11:02:09,41.54,8308,2,卖盘
1707,11:02:12,41.59,8318,2,中性盘
1708,11:02:15,41.54,41540,10,卖盘
1709,11:02:18,41.52,16612,4,卖盘
1710,11:02:24,41.59,4159,1,买盘
1711,11:02:27,41.54,8308,2,卖盘
1712,11:02:30,41.59,4159,1,买盘
1713,11:02:33,41.6,91447,22,买盘
1714,11:02:36,41.52,4152,1,卖盘
1715,11:02:39,41.55,24933,6,中性盘
1716,11:02:42,41.55,16620,4,卖盘
1717,11:02:48,41.58,4158,1,买盘
1718,11:02:51,41.58,29106,7,买盘
1719,11:02:54,41.59,66538,16,买盘
1720,11:02:57,41.6,16640,4,买盘
1721,11:03:00,41.58,49918,12,卖盘
1722,11:03:03,41.61,29127,7,买盘
1723,11:03:06,41.64,29141,7,买盘
1724,11:03:09,41.66,29161,7,买盘
1725,11:03:12,41.64,20820,5,卖盘
1726,11:03:15,41.65,382934,92,买盘
1727,11:03:18,41.66,12498,3,买盘
1728,11:03:21,41.67,37496,9,买盘
1729,11:03:24,41.68,54178,13,买盘
1730,11:03:33,41.69,33348,8,买盘
1731,11:03:36,41.71,91732,22,买盘
1732,11:03:39,41.68,196160,47,卖盘
1733,11:03:42,41.72,8344,2,卖盘
1734,11:03:45,41.73,79266,19,买盘
1735,11:03:48,41.72,8344,2,买盘
1736,11:03:51,41.73,33383,8,买盘
1737,11:03:54,41.73,41729,10,买盘
1738,11:04:00,41.72,16688,4,买盘
1739,11:04:03,41.68,79214,19,卖盘
1740,11:04:06,41.66,75018,18,卖盘
1741,11:04:09,41.67,391696,94,买盘
1742,11:04:12,41.7,29188,7,买盘
1743,11:04:15,41.67,79171,19,卖盘
1744,11:04:18,41.7,187531,45,买盘
1745,11:04:21,41.7,4170,1,买盘
1746,11:04:24,41.67,12501,3,中性盘
1747,11:04:27,41.65,54168,13,卖盘
1748,11:04:30,41.67,4167,1,买盘
1749,11:04:33,41.65,8330,2,卖盘
1750,11:04:36,41.67,45837,11,卖盘
1751,11:04:42,41.69,58358,14,买盘
1752,11:04:45,41.69,8338,2,买盘
1753,11:04:48,41.67,20843,5,卖盘
1754,11:04:51,41.68,4168,1,中性盘
1755,11:04:54,41.67,20835,5,卖盘
1756,11:05:00,41.69,95883,23,买盘
1757,11:05:03,41.69,29183,7,买盘
1758,11:05:09,41.69,20842,5,买盘
1759,11:05:15,41.68,4168,1,买盘
1760,11:05:21,41.68,41680,10,买盘
1761,11:05:24,41.7,29185,7,买盘
1762,11:05:27,41.7,133378,32,买盘
1763,11:05:30,41.7,8340,2,买盘
1764,11:05:36,41.7,12510,3,买盘
1765,11:05:39,41.72,45881,11,买盘
1766,11:05:45,41.7,25024,6,卖盘
1767,11:05:48,41.72,12516,3,买盘
1768,11:05:51,41.72,37548,9,买盘
1769,11:05:54,41.73,121014,29,买盘
1770,11:05:57,41.74,8348,2,买盘
1771,11:06:00,41.75,45916,11,买盘
1772,11:06:03,41.75,8350,2,买盘
1773,11:06:06,41.75,171185,41,卖盘
1774,11:06:09,41.72,37564,9,卖盘
1775,11:06:12,41.72,25038,6,卖盘
1776,11:06:15,41.73,25038,6,买盘
1777,11:06:18,41.73,8346,2,买盘
1778,11:06:21,41.71,100127,24,卖盘
1779,11:06:24,41.71,208548,50,卖盘
1780,11:06:27,41.7,4170,1,卖盘
1781,11:06:30,41.69,8338,2,中性盘
1782,11:06:33,41.71,37536,9,买盘
1783,11:06:39,41.72,25032,6,买盘
1784,11:06:45,41.71,16684,4,卖盘
1785,11:06:48,41.73,33371,8,买盘
1786,11:06:51,41.7,116782,28,卖盘
1787,11:07:00,41.68,45866,11,卖盘
1788,11:07:03,41.68,12504,3,卖盘
1789,11:07:06,41.7,4170,1,买盘
1790,11:07:09,41.73,800811,192,买盘
1791,11:07:12,41.74,37558,9,买盘
1792,11:07:15,41.75,58450,14,买盘
1793,11:07:18,41.79,100230,24,买盘
1794,11:07:21,41.79,16716,4,买盘
1795,11:07:30,41.79,4179,1,买盘
1796,11:07:33,41.79,12537,3,买盘
1797,11:07:39,41.78,33425,8,买盘
1798,11:07:42,41.79,20895,5,买盘
1799,11:07:45,41.79,25074,6,买盘
1800,11:07:51,41.76,4176,1,卖盘
1801,11:07:57,41.76,8352,2,卖盘
1802,11:08:00,41.78,29252,7,中性盘
1803,11:08:03,41.8,50152,12,买盘
1804,11:08:09,41.8,33440,8,买盘
1805,11:08:12,41.81,25082,6,买盘
1806,11:08:15,41.8,33441,8,中性盘
1807,11:08:18,41.86,255125,61,买盘
1808,11:08:21,41.77,66880,16,卖盘
1809,11:08:24,41.8,16717,4,中性盘
1810,11:08:27,41.78,79355,19,中性盘
1811,11:08:30,41.76,25056,6,卖盘
1812,11:08:33,41.78,37602,9,买盘
1813,11:08:39,41.78,12534,3,买盘
1814,11:08:42,41.79,45963,11,买盘
1815,11:08:45,41.8,33433,8,买盘
1816,11:08:51,41.82,104502,25,买盘
1817,11:08:54,41.84,142194,34,买盘
1818,11:08:57,41.84,62752,15,中性盘
1819,11:09:00,41.84,37656,9,买盘
1820,11:09:03,41.85,477052,114,买盘
1821,11:09:06,41.88,121399,29,买盘
1822,11:09:09,41.87,180079,43,卖盘
1823,11:09:12,41.86,192635,46,卖盘
1824,11:09:15,41.88,87932,21,买盘
1825,11:09:18,41.88,4188,1,买盘
1826,11:09:21,41.9,238739,57,买盘
1827,11:09:24,41.87,4187,1,卖盘
1828,11:09:27,41.92,20960,5,买盘
1829,11:09:30,41.95,50335,12,买盘
1830,11:09:33,41.92,8384,2,中性盘
1831,11:09:36,41.95,75510,18,买盘
1832,11:09:39,41.95,29365,7,卖盘
1833,11:09:42,41.96,188785,45,买盘
1834,11:09:45,41.96,88110,21,买盘
1835,11:09:51,41.97,29379,7,买盘
1836,11:09:54,41.98,8395,2,买盘
1837,11:09:57,41.98,251892,60,买盘
1838,11:10:00,41.96,184652,44,卖盘
1839,11:10:03,41.98,54565,13,中性盘
1840,11:10:06,41.98,75560,18,买盘
1841,11:10:09,41.94,537060,128,卖盘
1842,11:10:12,41.93,50315,12,卖盘
1843,11:10:15,41.93,12578,3,买盘
1844,11:10:18,41.88,150836,36,卖盘
1845,11:10:21,41.88,117264,28,卖盘
1846,11:10:24,41.86,37678,9,卖盘
1847,11:10:27,41.84,66944,16,卖盘
1848,11:10:30,41.83,62747,15,卖盘
1849,11:10:33,41.82,4182,1,卖盘
1850,11:10:36,41.82,8364,2,买盘
1851,11:10:39,41.81,8362,2,买盘
1852,11:10:42,41.8,4180,1,卖盘
1853,11:10:45,41.8,29260,7,卖盘
1854,11:10:48,41.8,29260,7,卖盘
1855,11:10:51,41.81,75257,18,买盘
1856,11:10:54,41.81,183968,44,买盘
1857,11:11:00,41.82,12546,3,买盘
1858,11:11:06,41.81,4181,1,卖盘
1859,11:11:09,41.82,33456,8,买盘
1860,11:11:12,41.82,37637,9,买盘
1861,11:11:21,41.81,50177,12,卖盘
1862,11:11:27,41.82,12546,3,买盘
1863,11:11:36,41.82,46002,11,买盘
1864,11:11:39,41.83,50196,12,买盘
1865,11:11:42,41.82,37648,9,卖盘
1866,11:11:45,41.84,33472,8,买盘
1867,11:11:48,41.87,125545,30,买盘
1868,11:11:51,41.87,62792,15,买盘
1869,11:11:57,41.88,16752,4,买盘
1870,11:12:00,41.88,20940,5,买盘
1871,11:12:03,41.88,29316,7,买盘
1872,11:12:06,41.89,8378,2,买盘
1873,11:12:12,41.9,293300,70,买盘
1874,11:12:15,41.92,4192,1,买盘
1875,11:12:18,41.94,54510,13,买盘
1876,11:12:21,41.95,33559,8,买盘
1877,11:12:24,41.96,54545,13,买盘
1878,11:12:27,41.96,92287,22,买盘
1879,11:12:30,41.94,92233,22,中性盘
1880,11:12:33,41.94,16776,4,买盘
1881,11:12:36,41.94,142596,34,买盘
1882,11:12:39,41.92,104801,25,卖盘
1883,11:12:42,41.92,243136,58,买盘
1884,11:12:48,41.91,8382,2,买盘
1885,11:12:51,41.88,50286,12,卖盘
1886,11:12:54,41.93,226376,54,买盘
1887,11:13:03,41.92,58691,14,卖盘
1888,11:13:06,41.92,12576,3,买盘
1889,11:13:09,41.94,293663,70,买盘
1890,11:13:12,41.93,4193,1,卖盘
1891,11:13:15,41.91,37719,9,卖盘
1892,11:13:18,41.94,427644,102,买盘
1893,11:13:21,41.94,8388,2,买盘
1894,11:13:24,41.95,260049,62,买盘
1895,11:13:27,41.97,130060,31,买盘
1896,11:13:30,41.98,20986,5,买盘
1897,11:13:36,41.99,41980,10,买盘
1898,11:13:39,42.03,1344070,320,买盘
1899,11:13:42,42.03,113479,27,买盘
1900,11:13:45,42.03,235226,56,买盘
1901,11:13:48,42.02,109226,26,买盘
1902,11:13:51,42.01,37816,9,中性盘
1903,11:13:54,42.02,25213,6,买盘
1904,11:13:57,42.03,71451,17,买盘
1905,11:14:00,42.03,29416,7,买盘
1906,11:14:03,42.03,336232,80,买盘
1907,11:14:06,42.0,247934,59,卖盘
1908,11:14:09,41.99,201580,48,卖盘
1909,11:14:12,42.0,340241,81,买盘
1910,11:14:15,41.99,117547,28,买盘
1911,11:14:18,41.97,440985,105,卖盘
1912,11:14:21,41.94,88108,21,卖盘
1913,11:14:24,41.96,25166,6,中性盘
1914,11:14:27,41.96,16769,4,中性盘
1915,11:14:30,42.0,419917,100,买盘
1916,11:14:33,41.97,16788,4,卖盘
1917,11:14:36,41.98,8395,2,买盘
1918,11:14:39,41.99,121759,29,买盘
1919,11:14:42,41.97,41971,10,卖盘
1920,11:14:45,41.98,4198,1,卖盘
1921,11:14:48,41.98,25187,6,卖盘
1922,11:14:51,41.99,75575,18,买盘
1923,11:14:54,42.0,29396,7,买盘
1924,11:15:00,41.98,4198,1,卖盘
1925,11:15:03,41.99,4199,1,买盘
1926,11:15:09,41.99,16795,4,买盘
1927,11:15:12,41.98,96564,23,卖盘
1928,11:15:15,41.99,4199,1,买盘
1929,11:15:18,41.98,4198,1,卖盘
1930,11:15:21,41.99,71383,17,买盘
1931,11:15:24,41.97,428186,102,卖盘
1932,11:15:27,41.96,209848,50,卖盘
1933,11:15:30,41.96,46156,11,卖盘
1934,11:15:33,41.95,29365,7,卖盘
1935,11:15:39,41.96,58742,14,买盘
1936,11:15:48,41.96,12588,3,买盘
1937,11:15:54,41.96,4196,1,买盘
1938,11:15:57,41.96,12588,3,买盘
1939,11:16:00,41.96,46161,11,卖盘
1940,11:16:03,41.96,20980,5,卖盘
1941,11:16:06,41.92,331272,79,卖盘
1942,11:16:09,41.9,54482,13,卖盘
1943,11:16:21,41.9,16760,4,卖盘
1944,11:16:24,41.9,20950,5,卖盘
1945,11:16:30,41.9,4190,1,卖盘
1946,11:16:33,41.9,41900,10,卖盘
1947,11:16:36,41.9,16760,4,卖盘
1948,11:16:39,41.9,37710,9,中性盘
1949,11:16:42,41.95,213797,51,买盘
1950,11:16:45,41.96,8392,2,买盘
1951,11:16:48,41.95,29365,7,卖盘
1952,11:16:51,41.94,1824688,435,卖盘
1953,11:16:54,41.94,138388,33,买盘
1954,11:16:57,41.94,20970,5,买盘
1955,11:17:00,41.94,8388,2,买盘
1956,11:17:03,41.91,79719,19,卖盘
1957,11:17:06,41.94,4194,1,买盘
1958,11:17:09,41.96,54544,13,买盘
1959,11:17:12,42.0,1041079,248,买盘
1960,11:17:15,41.98,4198,1,中性盘
1961,11:17:18,42.0,84000,20,买盘
1962,11:17:21,42.01,33615,8,卖盘
1963,11:17:24,42.04,226916,54,买盘
1964,11:17:30,42.04,121916,29,买盘
1965,11:17:33,42.04,8408,2,卖盘
1966,11:17:36,42.05,235466,56,买盘
1967,11:17:39,42.04,12612,3,卖盘
1968,11:17:42,42.04,25224,6,卖盘
1969,11:17:45,42.05,8410,2,买盘
1970,11:17:48,42.05,58862,14,买盘
1971,11:17:51,42.04,4204,1,卖盘
1972,11:17:54,42.05,12615,3,买盘
1973,11:17:57,42.05,285872,68,买盘
1974,11:18:00,42.02,75660,18,卖盘
1975,11:18:03,42.04,189161,45,买盘
1976,11:18:06,42.04,42040,10,买盘
1977,11:18:09,42.04,67267,16,买盘
1978,11:18:12,42.05,16818,4,买盘
1979,11:18:15,42.04,21020,5,卖盘
1980,11:18:18,42.04,4204,1,买盘
1981,11:18:21,42.05,100918,24,买盘
1982,11:18:24,42.04,4204,1,卖盘
1983,11:18:27,42.05,4205,1,买盘
1984,11:18:30,42.03,50451,12,卖盘
1985,11:18:36,42.05,8409,2,买盘
1986,11:18:39,42.05,4205,1,买盘
1987,11:18:42,42.02,71468,17,卖盘
1988,11:18:48,42.02,210160,50,卖盘
1989,11:18:51,42.01,298355,71,卖盘
1990,11:18:54,42.0,50400,12,卖盘
1991,11:18:57,42.0,130203,31,卖盘
1992,11:19:00,42.0,71423,17,卖盘
1993,11:19:03,41.98,247771,59,卖盘
1994,11:19:06,41.98,29380,7,买盘
1995,11:19:09,41.97,12588,3,买盘
1996,11:19:12,41.97,88123,21,买盘
1997,11:19:15,41.98,41976,10,买盘
1998,11:19:18,41.98,172063,41,买盘
1999,11:19:21,41.97,16791,4,中性盘
2000,11:19:27,41.97,12591,3,中性盘
2001,11:19:33,41.97,33576,8,卖盘
2002,11:19:36,41.98,37781,9,买盘
2003,11:19:39,41.97,8395,2,卖盘
2004,11:19:48,41.98,29386,7,买盘
2005,11:19:51,41.99,16796,4,买盘
2006,11:19:57,41.97,12593,3,卖盘
2007,11:20:03,41.97,16790,4,卖盘
2008,11:20:09,41.98,16792,4,买盘
2009,11:20:12,42.0,121789,29,买盘
2010,11:20:15,41.99,4199,1,中性盘
2011,11:20:18,41.97,226691,54,卖盘
2012,11:20:21,41.94,318868,76,卖盘
2013,11:20:24,41.9,104762,25,卖盘
2014,11:20:27,41.88,209479,50,卖盘
2015,11:20:30,41.87,134015,32,卖盘
2016,11:20:39,41.86,16744,4,卖盘
2017,11:20:45,41.85,29305,7,卖盘
2018,11:20:48,41.87,79530,19,买盘
2019,11:20:51,41.84,8368,2,卖盘
2020,11:20:54,41.84,12553,3,卖盘
2021,11:20:57,41.86,37662,9,买盘
2022,11:21:00,41.84,41840,10,卖盘
2023,11:21:06,41.84,58576,14,卖盘
2024,11:21:09,41.84,12552,3,卖盘
2025,11:21:12,41.83,20916,5,卖盘
2026,11:21:15,41.83,12549,3,卖盘
2027,11:21:18,41.84,12552,3,买盘
2028,11:21:24,41.83,66928,16,卖盘
2029,11:21:30,41.83,16732,4,卖盘
2030,11:21:33,41.84,92029,22,买盘
2031,11:21:36,41.82,20911,5,卖盘
2032,11:21:39,41.83,146464,35,中性盘
2033,11:21:45,41.88,200976,48,买盘
2034,11:21:48,41.85,41862,10,卖盘
2035,11:21:51,41.87,16747,4,买盘
2036,11:22:00,41.87,20932,5,买盘
2037,11:22:06,41.85,50220,12,卖盘
2038,11:22:09,41.87,79536,19,买盘
2039,11:22:12,41.84,29288,7,卖盘
2040,11:22:15,41.84,12552,3,卖盘
2041,11:22:18,41.84,104600,25,卖盘
2042,11:22:21,41.85,25105,6,买盘
2043,11:22:24,41.83,20915,5,卖盘
2044,11:22:27,41.83,167320,40,卖盘
2045,11:22:30,41.83,71111,17,卖盘
2046,11:22:36,41.82,50184,12,卖盘
2047,11:22:39,41.82,33458,8,卖盘
2048,11:22:42,41.83,8366,2,买盘
2049,11:22:45,41.83,8366,2,买盘
2050,11:22:48,41.82,25092,6,卖盘
2051,11:22:51,41.82,16728,4,卖盘
2052,11:22:54,41.81,62717,15,卖盘
2053,11:22:57,41.79,472417,113,卖盘
2054,11:23:00,41.79,41791,10,卖盘
2055,11:23:03,41.78,112806,27,卖盘
2056,11:23:06,41.76,29232,7,卖盘
2057,11:23:09,41.75,129429,31,卖盘
2058,11:23:12,41.74,25044,6,卖盘
2059,11:23:21,41.71,62574,15,卖盘
2060,11:23:24,41.7,25020,6,卖盘
2061,11:23:27,41.71,12513,3,买盘
2062,11:23:33,41.7,12510,3,卖盘
2063,11:23:36,41.7,8341,2,卖盘
2064,11:23:39,41.71,33363,8,买盘
2065,11:23:42,41.7,12510,3,卖盘
2066,11:23:45,41.7,20850,5,卖盘
2067,11:23:48,41.7,12510,3,卖盘
2068,11:23:51,41.7,16680,4,卖盘
2069,11:23:54,41.7,95910,23,卖盘
2070,11:23:57,41.7,16680,4,卖盘
2071,11:24:00,41.7,4170,1,卖盘
2072,11:24:03,41.7,4170,1,卖盘
2073,11:24:06,41.69,233507,56,卖盘
2074,11:24:09,41.69,41689,10,买盘
2075,11:24:12,41.7,116760,28,买盘
2076,11:24:21,41.7,12509,3,买盘
2077,11:24:24,41.7,54210,13,买盘
2078,11:24:27,41.7,145950,35,买盘
2079,11:24:30,41.71,83420,20,买盘
2080,11:24:33,41.72,70926,17,买盘
2081,11:24:36,41.72,70937,17,卖盘
2082,11:24:39,41.73,12519,3,买盘
2083,11:24:42,41.72,62602,15,卖盘
2084,11:24:45,41.77,29225,7,买盘
2085,11:24:48,41.73,12519,3,卖盘
2086,11:24:51,41.73,8346,2,卖盘
2087,11:24:54,41.73,4173,1,中性盘
2088,11:24:57,41.72,37558,9,卖盘
2089,11:25:00,41.72,16694,4,卖盘
2090,11:25:09,41.72,4172,1,卖盘
2091,11:25:12,41.72,41720,10,卖盘
2092,11:25:15,41.72,62580,15,卖盘
2093,11:25:18,41.73,25033,6,买盘
2094,11:25:21,41.72,4172,1,卖盘
2095,11:25:24,41.71,54223,13,卖盘
2096,11:25:27,41.71,125130,30,卖盘
2097,11:25:30,41.71,12513,3,卖盘
2098,11:25:33,41.71,41711,10,卖盘
2099,11:25:36,41.72,8344,2,买盘
2100,11:25:39,41.72,12516,3,买盘
2101,11:25:42,41.72,112642,27,买盘
2102,11:25:45,41.75,217050,52,买盘
2103,11:25:51,41.77,12529,3,买盘
2104,11:25:54,41.75,20875,5,卖盘
2105,11:25:57,41.75,8350,2,买盘
2106,11:26:00,41.75,58450,14,买盘
2107,11:26:03,41.75,20879,5,买盘
2108,11:26:06,41.75,37575,9,买盘
2109,11:26:09,41.74,16696,4,卖盘
2110,11:26:12,41.76,8352,2,买盘
2111,11:26:15,41.75,4175,1,卖盘
2112,11:26:18,41.76,12528,3,买盘
2113,11:26:21,41.76,54288,13,卖盘
2114,11:26:24,41.77,29239,7,买盘
2115,11:26:27,41.77,8354,2,买盘
2116,11:26:39,41.77,58472,14,买盘
2117,11:26:42,41.77,12531,3,买盘
2118,11:26:48,41.76,25056,6,卖盘
2119,11:26:51,41.77,96071,23,买盘
2120,11:26:54,41.77,242266,58,买盘
2121,11:26:57,41.76,158692,38,卖盘
2122,11:27:00,41.77,16708,4,买盘
2123,11:27:06,41.73,910255,218,卖盘
2124,11:27:09,41.74,221205,53,买盘
2125,11:27:12,41.7,41709,10,卖盘
2126,11:27:18,41.7,4170,1,卖盘
2127,11:27:24,41.7,4170,1,卖盘
2128,11:27:27,41.73,20863,5,买盘
2129,11:27:33,41.72,8345,2,卖盘
2130,11:27:36,41.72,33376,8,卖盘
2131,11:27:39,41.72,4172,1,卖盘
2132,11:27:42,41.72,16688,4,卖盘
2133,11:27:45,41.73,12518,3,买盘
2134,11:27:48,41.73,58409,14,中性盘
2135,11:27:54,41.72,16689,4,卖盘
2136,11:27:57,41.72,12514,3,买盘
2137,11:28:00,41.73,12518,3,买盘
2138,11:28:03,41.73,4173,1,买盘
2139,11:28:09,41.72,12516,3,卖盘
2140,11:28:12,41.72,12516,3,卖盘
2141,11:28:15,41.71,25028,6,卖盘
2142,11:28:18,41.72,8343,2,买盘
2143,11:28:21,41.71,25026,6,卖盘
2144,11:28:24,41.71,20856,5,卖盘
2145,11:28:27,41.7,4170,1,卖盘
2146,11:28:30,41.72,25022,6,买盘
2147,11:28:33,41.7,425340,102,卖盘
2148,11:28:36,41.7,29190,7,买盘
2149,11:28:39,41.7,8341,2,卖盘
2150,11:28:42,41.71,4171,1,买盘
2151,11:28:45,41.7,175142,42,卖盘
2152,11:28:48,41.69,8338,2,卖盘
2153,11:28:51,41.7,54207,13,买盘
2154,11:28:54,41.69,25014,6,卖盘
2155,11:28:57,41.69,4169,1,卖盘
2156,11:29:00,41.7,41691,10,买盘
2157,11:29:03,41.7,133436,32,买盘
2158,11:29:06,41.7,4170,1,买盘
2159,11:29:09,41.68,62520,15,卖盘
2160,11:29:15,41.67,12501,3,卖盘
2161,11:29:18,41.68,20840,5,买盘
2162,11:29:21,41.7,12508,3,买盘
2163,11:29:24,41.7,20850,5,买盘
2164,11:29:30,41.68,16672,4,卖盘
2165,11:29:33,41.67,29180,7,卖盘
2166,11:29:42,41.67,4167,1,卖盘
2167,11:29:45,41.67,16672,4,卖盘
2168,11:29:48,41.7,16678,4,买盘
2169,13:00:00,41.72,333595,80,买盘
2170,13:00:03,41.73,55411,13,中性盘
2171,13:00:06,41.71,45898,11,卖盘
2172,13:00:09,41.73,66766,16,买盘
2173,13:00:12,41.8,1199941,287,买盘
2174,13:00:15,41.82,25092,6,中性盘
2175,13:00:18,41.8,232963,56,卖盘
2176,13:00:21,41.83,177254,42,买盘
2177,13:00:24,41.8,171418,41,卖盘
2178,13:00:27,41.8,173878,42,卖盘
2179,13:00:30,41.79,16718,4,卖盘
2180,13:00:33,41.8,451315,108,买盘
2181,13:00:36,41.8,271695,65,买盘
2182,13:00:39,41.78,8356,2,中性盘
2183,13:00:42,41.83,294293,70,买盘
2184,13:00:48,41.8,332737,80,卖盘
2185,13:00:51,41.8,495395,118,买盘
2186,13:00:54,41.8,296988,71,卖盘
2187,13:00:57,41.8,581193,139,卖盘
2188,13:01:00,41.8,844449,202,卖盘
2189,13:01:03,41.86,560320,134,买盘
2190,13:01:06,41.82,941541,225,中性盘
2191,13:01:09,41.9,514581,123,买盘
2192,13:01:12,41.82,556910,133,卖盘
2193,13:01:15,41.93,577637,138,买盘
2194,13:01:18,41.84,661463,158,卖盘
2195,13:01:21,41.93,565530,135,买盘
2196,13:01:24,41.93,909210,217,中性盘
2197,13:01:27,41.96,532310,127,卖盘
2198,13:01:30,41.82,636970,152,卖盘
2199,13:01:33,41.97,422831,101,中性盘
2200,13:01:36,41.99,62982,15,买盘
2201,13:01:39,42.0,1580984,377,买盘
2202,13:01:42,41.88,2130022,508,卖盘
2203,13:01:45,41.99,33589,8,买盘
2204,13:01:48,41.98,617647,147,卖盘
2205,13:01:51,41.98,839812,200,卖盘
2206,13:01:54,41.98,457620,109,中性盘
2207,13:01:57,41.98,1364538,325,中性盘
2208,13:02:00,41.98,839932,200,卖盘
2209,13:02:03,41.98,894176,213,买盘
2210,13:02:06,41.98,1120901,267,买盘
2211,13:02:09,41.98,528948,126,买盘
2212,13:02:12,41.97,209851,50,卖盘
2213,13:02:15,41.98,8396,2,卖盘
2214,13:02:18,41.98,1297181,309,买盘
2215,13:02:21,41.98,209900,50,买盘
2216,13:02:24,41.98,54624,13,卖盘
2217,13:02:27,42.07,622044,148,买盘
2218,13:02:30,41.98,839600,200,卖盘
2219,13:02:33,42.0,840000,200,中性盘
2220,13:02:36,42.0,8400,2,卖盘
2221,13:02:39,42.0,436800,104,卖盘
2222,13:02:42,42.08,470491,112,买盘
2223,13:02:45,42.08,22213,5,买盘
2224,13:02:48,42.0,990161,236,卖盘
2225,13:02:51,42.0,138600,33,买盘
2226,13:02:54,42.07,173401,41,买盘
2227,13:02:57,42.0,420004,100,卖盘
2228,13:03:00,42.0,465024,111,卖盘
2229,13:03:03,42.0,58800,14,买盘
2230,13:03:06,41.99,83993,20,卖盘
2231,13:03:09,41.99,75582,18,买盘
2232,13:03:12,42.0,736163,175,买盘
2233,13:03:15,42.05,16809,4,中性盘
2234,13:03:18,42.07,84128,20,买盘
2235,13:03:21,42.0,498628,119,卖盘
2236,13:03:24,42.0,562791,134,买盘
2237,13:03:27,42.08,1096800,261,买盘
2238,13:03:30,42.06,214635,51,中性盘
2239,13:03:33,42.19,1769958,420,买盘
2240,13:03:36,42.19,636984,151,中性盘
2241,13:03:39,42.21,1560797,370,买盘
2242,13:03:42,42.21,1010679,240,买盘
2243,13:03:45,42.18,388247,92,中性盘
2244,13:03:48,42.17,4217,1,中性盘
2245,13:03:51,42.17,92766,22,买盘
2246,13:03:54,42.16,21080,5,买盘
2247,13:03:57,42.2,240434,57,买盘
2248,13:04:00,42.21,185707,44,买盘
2249,13:04:03,42.21,113895,27,买盘
2250,13:04:06,42.21,1367765,324,买盘
2251,13:04:09,42.25,67598,16,买盘
2252,13:04:12,42.27,114121,27,买盘
2253,13:04:15,42.28,131045,31,买盘
2254,13:04:18,42.27,253713,60,中性盘
2255,13:04:21,42.28,135301,32,买盘
2256,13:04:24,42.28,54967,13,买盘
2257,13:04:27,42.3,67667,16,买盘
2258,13:04:30,42.3,97287,23,买盘
2259,13:04:33,42.3,118440,28,买盘
2260,13:04:36,42.3,160725,38,买盘
2261,13:04:39,42.3,126894,30,买盘
2262,13:04:42,42.29,114167,27,买盘
2263,13:04:45,42.28,828884,196,卖盘
2264,13:04:48,42.29,63435,15,买盘
2265,13:04:51,42.29,42286,10,买盘
2266,13:04:54,42.27,21135,5,卖盘
2267,13:04:57,42.29,181825,43,买盘
2268,13:05:00,42.27,93026,22,卖盘
2269,13:05:03,42.28,25372,6,卖盘
2270,13:05:06,42.29,93038,22,买盘
2271,13:05:15,42.32,21160,5,买盘
2272,13:05:18,42.3,97277,23,买盘
2273,13:05:21,42.31,84620,20,买盘
2274,13:05:24,42.31,258057,61,买盘
2275,13:05:27,42.32,33855,8,买盘
2276,13:05:30,42.32,8464,2,买盘
2277,13:05:33,42.32,139652,33,买盘
2278,13:05:36,42.32,38088,9,买盘
2279,13:05:39,42.31,59241,14,卖盘
2280,13:05:42,42.31,55005,13,卖盘
2281,13:05:45,42.32,12695,3,买盘
2282,13:05:48,42.32,101568,24,买盘
2283,13:05:51,42.32,135428,32,卖盘
2284,13:05:54,42.3,935064,221,卖盘
2285,13:05:57,42.32,156564,37,买盘
2286,13:06:00,42.3,25386,6,卖盘
2287,13:06:03,42.3,274965,65,卖盘
2288,13:06:06,42.3,71908,17,买盘
2289,13:06:09,42.29,42292,10,卖盘
2290,13:06:12,42.34,567167,134,买盘
2291,13:06:15,42.34,50810,12,卖盘
2292,13:06:18,42.35,46585,11,买盘
2293,13:06:21,42.35,84699,20,买盘
2294,13:06:24,42.36,220218,52,买盘
2295,13:06:27,42.38,88990,21,买盘
2296,13:06:30,42.38,347421,82,买盘
2297,13:06:33,42.4,542614,128,买盘
2298,13:06:36,42.43,106005,25,买盘
2299,13:06:39,42.4,21206,5,中性盘
2300,13:06:42,42.43,114520,27,买盘
2301,13:06:45,42.43,46668,11,买盘
2302,13:06:48,42.43,55158,13,买盘
2303,13:06:51,42.41,237602,56,卖盘
2304,13:06:54,42.39,924025,218,卖盘
2305,13:06:57,42.37,220279,52,中性盘
2306,13:07:00,42.34,59317,14,卖盘
2307,13:07:03,42.4,135656,32,买盘
2308,13:07:06,42.4,101757,24,买盘
2309,13:07:09,42.4,72084,17,买盘
2310,13:07:15,42.41,63615,15,买盘
2311,13:07:18,42.41,25446,6,买盘
2312,13:07:21,42.41,84819,20,买盘
2313,13:07:24,42.41,224794,53,卖盘
2314,13:07:27,42.44,84823,20,买盘
2315,13:07:30,42.48,768772,181,买盘
2316,13:07:33,42.44,4244,1,中性盘
2317,13:07:36,42.48,135935,32,买盘
2318,13:07:39,42.47,118933,28,卖盘
2319,13:07:42,42.48,428965,101,买盘
2320,13:07:45,42.42,449966,106,卖盘
2321,13:07:48,42.39,334959,79,卖盘
2322,13:07:51,42.48,517809,122,买盘
2323,13:07:54,42.47,38219,9,买盘
2324,13:07:57,42.5,569157,134,买盘
2325,13:08:00,42.48,267734,63,中性盘
2326,13:08:03,42.45,216544,51,卖盘
2327,13:08:06,42.4,267430,63,卖盘
2328,13:08:09,42.38,161101,38,卖盘
2329,13:08:12,42.5,2124427,500,买盘
2330,13:08:15,42.5,182565,43,买盘
2331,13:08:18,42.4,301493,71,卖盘
2332,13:08:21,42.4,233288,55,买盘
2333,13:08:24,42.38,106038,25,卖盘
2334,13:08:27,42.4,241700,57,买盘
2335,13:08:30,42.37,76287,18,卖盘
2336,13:08:33,42.39,21195,5,买盘
2337,13:08:36,42.38,12714,3,卖盘
2338,13:08:39,42.39,29681,7,买盘
2339,13:08:42,42.41,33928,8,买盘
2340,13:08:45,42.39,59354,14,卖盘
2341,13:08:51,42.41,67850,16,买盘
2342,13:08:54,42.42,46653,11,买盘
2343,13:08:57,42.43,144239,34,买盘
2344,13:09:00,42.4,38174,9,卖盘
2345,13:09:03,42.4,25440,6,卖盘
2346,13:09:06,42.39,745926,176,卖盘
2347,13:09:09,42.36,93196,22,卖盘
2348,13:09:12,42.36,165181,39,买盘
2349,13:09:15,42.34,55042,13,卖盘
2350,13:09:18,42.32,46533,11,买盘
2351,13:09:21,42.34,114275,27,买盘
2352,13:09:24,42.33,12691,3,买盘
2353,13:09:30,42.3,211508,50,卖盘
2354,13:09:33,42.32,29617,7,买盘
2355,13:09:36,42.3,143820,34,卖盘
2356,13:09:39,42.28,71895,17,卖盘
2357,13:09:42,42.27,253669,60,卖盘
2358,13:09:45,42.21,101383,24,卖盘
2359,13:09:51,42.27,21123,5,买盘
2360,13:09:54,42.27,4227,1,买盘
2361,13:09:57,42.22,50664,12,卖盘
2362,13:10:00,42.21,4221,1,卖盘
2363,13:10:03,42.2,290973,69,卖盘
2364,13:10:09,42.16,8437,2,卖盘
2365,13:10:12,42.16,135035,32,卖盘
2366,13:10:15,42.16,4216,1,卖盘
2367,13:10:18,42.16,4216,1,卖盘
2368,13:10:21,42.16,21080,5,卖盘
2369,13:10:24,42.1,370906,88,卖盘
2370,13:10:27,42.1,92595,22,卖盘
2371,13:10:30,42.08,16832,4,卖盘
2372,13:10:33,42.01,46247,11,卖盘
2373,13:10:36,42.02,21009,5,中性盘
2374,13:10:39,42.03,4203,1,买盘
2375,13:10:42,42.03,71451,17,卖盘
2376,13:10:45,42.03,4203,1,卖盘
2377,13:10:48,42.04,42032,10,买盘
2378,13:10:51,42.08,189314,45,买盘
2379,13:10:54,42.08,46283,11,买盘
2380,13:10:57,42.04,42040,10,卖盘
2381,13:11:00,42.04,63064,15,卖盘
2382,13:11:03,42.08,33663,8,买盘
2383,13:11:06,42.05,4205,1,中性盘
2384,13:11:09,42.04,92489,22,卖盘
2385,13:11:12,42.05,264813,63,买盘
2386,13:11:15,42.05,58866,14,买盘
2387,13:11:18,42.05,4205,1,买盘
2388,13:11:21,42.06,8411,2,买盘
2389,13:11:24,42.08,441824,105,买盘
2390,13:11:27,42.08,126227,30,买盘
2391,13:11:30,42.09,122036,29,买盘
2392,13:11:33,42.06,1219861,290,卖盘
2393,13:11:36,42.14,256590,61,买盘
2394,13:11:39,42.17,16865,4,买盘
2395,13:11:42,42.17,46383,11,买盘
2396,13:11:45,42.18,33739,8,买盘
2397,13:11:48,42.15,109580,26,中性盘
2398,13:11:51,42.18,105443,25,买盘
2399,13:11:54,42.18,63248,15,买盘
2400,13:11:57,42.18,4218,1,买盘
2401,13:12:00,42.19,88579,21,买盘
2402,13:12:03,42.21,113963,27,买盘
2403,13:12:06,42.21,50648,12,买盘
2404,13:12:09,42.18,712785,169,卖盘
2405,13:12:12,42.16,156021,37,卖盘
2406,13:12:15,42.15,80095,19,卖盘
2407,13:12:18,42.14,42141,10,卖盘
2408,13:12:21,42.13,59005,14,卖盘
2409,13:12:27,42.12,113742,27,卖盘
2410,13:12:30,42.14,84267,20,买盘
2411,13:12:33,42.14,8428,2,卖盘
2412,13:12:36,42.19,455377,108,买盘
2413,13:12:39,42.13,4213,1,卖盘
2414,13:12:45,42.19,219050,52,买盘
2415,13:12:48,42.18,8436,2,卖盘
2416,13:12:51,42.17,46387,11,卖盘
2417,13:12:54,42.14,42152,10,卖盘
2418,13:12:57,42.13,101107,24,卖盘
2419,13:13:00,42.12,12636,3,卖盘
2420,13:13:03,42.13,16851,4,买盘
2421,13:13:06,42.12,12637,3,卖盘
2422,13:13:09,42.13,25276,6,买盘
2423,13:13:12,42.12,21060,5,卖盘
2424,13:13:15,42.14,96902,23,买盘
2425,13:13:18,42.14,12642,3,卖盘
2426,13:13:27,42.12,33710,8,卖盘
2427,13:13:30,42.16,8431,2,买盘
2428,13:13:42,42.12,4212,1,卖盘
2429,13:13:45,42.15,16858,4,买盘
2430,13:13:48,42.13,12643,3,中性盘
2431,13:13:54,42.13,42144,10,卖盘
2432,13:14:03,42.15,42150,10,买盘
2433,13:14:06,42.16,21080,5,买盘
2434,13:14:09,42.15,42150,10,卖盘
2435,13:14:12,42.18,42178,10,买盘
2436,13:14:18,42.16,33733,8,卖盘
2437,13:14:21,42.19,181372,43,买盘
2438,13:14:27,42.18,37958,9,买盘
2439,13:14:33,42.17,67494,16,卖盘
2440,13:14:36,42.19,84369,20,买盘
2441,13:14:39,42.17,4217,1,卖盘
2442,13:14:42,42.19,71723,17,买盘
2443,13:14:45,42.2,126598,30,买盘
2444,13:14:48,42.2,50640,12,买盘
2445,13:14:51,42.21,173040,41,买盘
2446,13:14:54,42.21,12662,3,买盘
2447,13:14:57,42.2,63314,15,卖盘
2448,13:15:00,42.22,109770,26,买盘
2449,13:15:03,42.24,92939,22,买盘
2450,13:15:06,42.25,63363,15,买盘
2451,13:15:09,42.2,33764,8,卖盘
2452,13:15:12,42.2,498009,118,卖盘
2453,13:15:15,42.19,118187,28,卖盘
2454,13:15:18,42.23,97114,23,买盘
2455,13:15:21,42.25,63374,15,买盘
2456,13:15:24,42.28,38044,9,买盘
2457,13:15:27,42.29,29588,7,中性盘
2458,13:15:30,42.3,42297,10,买盘
2459,13:15:33,42.27,25367,6,卖盘
2460,13:15:36,42.3,198797,47,买盘
2461,13:15:39,42.29,101519,24,中性盘
2462,13:15:42,42.28,651110,154,卖盘
2463,13:15:45,42.28,71871,17,买盘
2464,13:15:48,42.25,215496,51,卖盘
2465,13:15:51,42.23,38017,9,卖盘
2466,13:15:54,42.26,249166,59,买盘
2467,13:15:57,42.28,42268,10,买盘
2468,13:16:03,42.26,21130,5,卖盘
2469,13:16:06,42.27,971774,230,买盘
2470,13:16:09,42.27,33815,8,卖盘
2471,13:16:12,42.24,333786,79,卖盘
2472,13:16:15,42.24,114058,27,卖盘
2473,13:16:18,42.27,557947,132,买盘
2474,13:16:21,42.27,405794,96,卖盘
2475,13:16:24,42.25,33803,8,卖盘
2476,13:16:27,42.25,21125,5,卖盘
2477,13:16:30,42.26,29582,7,买盘
2478,13:16:33,42.26,8452,2,买盘
2479,13:16:36,42.25,12676,3,卖盘
2480,13:16:39,42.25,16900,4,卖盘
2481,13:16:42,42.25,76038,18,买盘
2482,13:16:45,42.26,257784,61,买盘
2483,13:16:48,42.26,25356,6,卖盘
2484,13:16:54,42.27,316993,75,买盘
2485,13:16:57,42.28,147965,35,买盘
2486,13:17:00,42.29,194497,46,买盘
2487,13:17:03,42.3,190336,45,买盘
2488,13:17:06,42.29,50755,12,卖盘
2489,13:17:09,42.31,50770,12,买盘
2490,13:17:12,42.32,80389,19,买盘
2491,13:17:15,42.32,67726,16,卖盘
2492,13:17:18,42.35,33880,8,买盘
2493,13:17:21,42.36,21180,5,买盘
2494,13:17:27,42.39,67813,16,买盘
2495,13:17:30,42.36,80534,19,卖盘
2496,13:17:33,42.37,25432,6,中性盘
2497,13:17:36,42.35,50823,12,卖盘
2498,13:17:39,42.3,994386,235,卖盘
2499,13:17:42,42.31,274960,65,买盘
2500,13:17:45,42.31,194607,46,买盘
2501,13:17:48,42.31,25385,6,买盘
2502,13:17:51,42.31,50761,12,买盘
2503,13:17:54,42.3,287641,68,卖盘
2504,13:17:57,42.3,84600,20,卖盘
2505,13:18:00,42.31,181908,43,买盘
2506,13:18:03,42.31,275002,65,卖盘
2507,13:18:06,42.31,25388,6,卖盘
2508,13:18:09,42.31,67696,16,卖盘
2509,13:18:12,42.26,811689,192,卖盘
2510,13:18:15,42.25,490657,116,卖盘
2511,13:18:18,42.25,122532,29,卖盘
2512,13:18:21,42.27,29584,7,买盘
2513,13:18:24,42.27,42268,10,买盘
2514,13:18:27,42.27,16908,4,卖盘
2515,13:18:33,42.3,249424,59,中性盘
2516,13:18:36,42.26,76073,18,卖盘
2517,13:18:39,42.25,156331,37,卖盘
2518,13:18:42,42.25,219866,52,卖盘
2519,13:18:45,42.25,25350,6,卖盘
2520,13:18:48,42.25,4225,1,卖盘
2521,13:18:51,42.26,33799,8,买盘
2522,13:18:54,42.26,12678,3,卖盘
2523,13:18:57,42.26,8452,2,卖盘
2524,13:19:00,42.21,291405,69,卖盘
2525,13:19:03,42.19,135038,32,卖盘
2526,13:19:06,42.19,97037,23,卖盘
2527,13:19:09,42.16,113895,27,卖盘
2528,13:19:12,42.19,37969,9,买盘
2529,13:19:15,42.16,42151,10,中性盘
2530,13:19:18,42.15,189692,45,卖盘
2531,13:19:21,42.12,96913,23,卖盘
2532,13:19:24,42.09,67363,16,卖盘
2533,13:19:27,42.1,25263,6,中性盘
2534,13:19:30,42.1,4210,1,买盘
2535,13:19:33,42.1,12630,3,卖盘
2536,13:19:36,42.1,25260,6,买盘
2537,13:19:39,42.11,16844,4,买盘
2538,13:19:42,42.11,4211,1,卖盘
2539,13:19:45,42.12,4212,1,买盘
2540,13:19:51,42.11,8423,2,卖盘
2541,13:19:54,42.15,50568,12,买盘
2542,13:20:00,42.11,25282,6,卖盘
2543,13:20:03,42.11,12633,3,卖盘
2544,13:20:06,42.09,463107,110,卖盘
2545,13:20:09,42.09,185185,44,卖盘
2546,13:20:12,42.08,117798,28,中性盘
2547,13:20:15,42.07,46276,11,卖盘
2548,13:20:18,42.12,88418,21,买盘
2549,13:20:21,42.04,252580,60,卖盘
2550,13:20:24,42.04,75672,18,卖盘
2551,13:20:27,42.02,75653,18,卖盘
2552,13:20:30,42.03,21014,5,买盘
2553,13:20:33,42.03,58842,14,买盘
2554,13:20:36,42.04,109286,26,买盘
2555,13:20:39,42.04,130297,31,买盘
2556,13:20:42,42.03,151317,36,卖盘
2557,13:20:45,42.03,29421,7,买盘
2558,13:20:48,42.03,100871,24,买盘
2559,13:20:51,42.03,100874,24,买盘
2560,13:20:54,42.05,50460,12,买盘
2561,13:20:57,42.03,269013,64,卖盘
2562,13:21:00,42.03,50436,12,卖盘
2563,13:21:03,42.06,12615,3,中性盘
2564,13:21:06,42.04,4204,1,卖盘
2565,13:21:09,42.06,21033,5,买盘
2566,13:21:12,42.07,8414,2,买盘
2567,13:21:18,42.04,231236,55,卖盘
2568,13:21:21,42.06,4206,1,卖盘
2569,13:21:24,42.07,16828,4,买盘
2570,13:21:27,42.07,67321,16,买盘
2571,13:21:30,42.06,46276,11,卖盘
2572,13:21:33,42.1,33663,8,买盘
2573,13:21:36,42.07,29459,7,中性盘
2574,13:21:39,42.08,8415,2,买盘
2575,13:21:42,42.08,42080,10,买盘
2576,13:21:45,42.13,92641,22,买盘
2577,13:21:48,42.12,21065,5,卖盘
2578,13:21:51,42.12,33709,8,卖盘
2579,13:21:54,42.15,42144,10,买盘
2580,13:21:57,42.12,67425,16,卖盘
2581,13:22:00,42.12,21072,5,卖盘
2582,13:22:03,42.15,29505,7,买盘
2583,13:22:06,42.16,33718,8,买盘
2584,13:22:09,42.15,139085,33,买盘
2585,13:22:12,42.15,67441,16,卖盘
2586,13:22:15,42.15,12645,3,买盘
2587,13:22:18,42.16,126478,30,买盘
2588,13:22:21,42.15,21076,5,中性盘
2589,13:22:24,42.16,29507,7,买盘
2590,13:22:27,42.15,8431,2,卖盘
2591,13:22:30,42.16,21080,5,买盘
2592,13:22:33,42.16,21080,5,买盘
2593,13:22:36,42.19,25306,6,买盘
2594,13:22:39,42.21,232094,55,买盘
2595,13:22:42,42.21,113944,27,中性盘
2596,13:22:45,42.22,92874,22,买盘
2597,13:22:48,42.23,25336,6,买盘
2598,13:22:51,42.24,88693,21,买盘
2599,13:22:54,42.24,67572,16,买盘
2600,13:22:57,42.23,97151,23,中性盘
2601,13:23:00,42.28,156377,37,买盘
2602,13:23:03,42.25,25350,6,中性盘
2603,13:23:06,42.21,489754,116,卖盘
2604,13:23:09,42.25,202674,48,买盘
2605,13:23:12,42.25,42244,10,买盘
2606,13:23:15,42.21,21108,5,卖盘
2607,13:23:18,42.22,21108,5,卖盘
2608,13:23:21,42.23,54888,13,买盘
2609,13:23:24,42.23,92900,22,买盘
2610,13:23:30,42.22,4222,1,中性盘
2611,13:23:33,42.2,42208,10,卖盘
2612,13:23:36,42.2,75979,18,卖盘
2613,13:23:39,42.22,42218,10,买盘
2614,13:23:42,42.22,12666,3,卖盘
2615,13:23:45,42.23,21114,5,买盘
2616,13:23:48,42.22,8444,2,卖盘
2617,13:23:51,42.23,67556,16,买盘
2618,13:23:54,42.23,38003,9,买盘
2619,13:23:57,42.21,42210,10,中性盘
2620,13:24:00,42.24,50682,12,买盘
2621,13:24:03,42.22,25333,6,卖盘
2622,13:24:09,42.23,16890,4,买盘
2623,13:24:12,42.24,50680,12,买盘
2624,13:24:15,42.22,8445,2,卖盘
2625,13:24:18,42.24,8448,2,买盘
2626,13:24:21,42.24,8448,2,买盘
2627,13:24:24,42.25,190095,45,买盘
2628,13:24:27,42.24,42246,10,买盘
2629,13:24:30,42.22,67574,16,卖盘
2630,13:24:33,42.24,16892,4,买盘
2631,13:24:36,42.24,59136,14,买盘
2632,13:24:39,42.22,21116,5,卖盘
2633,13:24:48,42.23,4223,1,买盘
2634,13:24:51,42.22,4222,1,卖盘
2635,13:24:57,42.24,50684,12,买盘
2636,13:25:00,42.24,16894,4,买盘
2637,13:25:03,42.24,67584,16,买盘
2638,13:25:06,42.24,33789,8,买盘
2639,13:25:09,42.25,46468,11,买盘
2640,13:25:12,42.25,25349,6,买盘
2641,13:25:15,42.25,92945,22,买盘
2642,13:25:18,42.25,42249,10,买盘
2643,13:25:21,42.25,223923,53,买盘
2644,13:25:24,42.25,223937,53,买盘
2645,13:25:27,42.28,12682,3,买盘
2646,13:25:30,42.3,198752,47,买盘
2647,13:25:33,42.3,109981,26,买盘
2648,13:25:36,42.33,16929,4,买盘
2649,13:25:39,42.38,21185,5,买盘
2650,13:25:42,42.4,135674,32,买盘
2651,13:25:45,42.4,55113,13,买盘
2652,13:25:48,42.41,101778,24,买盘
2653,13:25:51,42.42,33928,8,买盘
2654,13:25:54,42.43,42426,10,买盘
2655,13:25:57,42.45,203722,48,买盘
2656,13:26:00,42.44,152796,36,中性盘
2657,13:26:03,42.45,123092,29,买盘
2658,13:26:06,42.47,182558,43,买盘
2659,13:26:09,42.47,390768,92,买盘
2660,13:26:12,42.47,55223,13,卖盘
2661,13:26:15,42.48,140183,33,买盘
2662,13:26:18,42.48,101951,24,买盘
2663,13:26:21,42.48,76476,18,买盘
2664,13:26:24,42.5,85000,20,买盘
2665,13:26:27,42.49,242231,57,卖盘
2666,13:26:30,42.5,144481,34,买盘
2667,13:26:33,42.5,544000,128,买盘
2668,13:26:36,42.5,91370,22,买盘
2669,13:26:39,42.52,378354,89,买盘
2670,13:26:42,42.51,8501,2,买盘
2671,13:26:45,42.52,114804,27,买盘
2672,13:26:48,42.52,140314,33,买盘
2673,13:26:51,42.53,46781,11,买盘
2674,13:26:54,42.52,357249,84,卖盘
2675,13:26:57,42.53,310467,73,买盘
2676,13:27:00,42.53,59541,14,买盘
2677,13:27:03,42.53,791058,186,买盘
2678,13:27:06,42.53,480580,113,买盘
2679,13:27:09,42.5,843999,199,卖盘
2680,13:27:12,42.52,246521,58,买盘
2681,13:27:15,42.46,501207,118,卖盘
2682,13:27:18,42.46,178318,42,买盘
2683,13:27:21,42.44,84880,20,中性盘
2684,13:27:24,42.44,8488,2,买盘
2685,13:27:27,42.45,114604,27,买盘
2686,13:27:30,42.45,12726,3,买盘
2687,13:27:33,42.36,46670,11,中性盘
2688,13:27:36,42.44,25463,6,买盘
2689,13:27:39,42.45,76386,18,买盘
2690,13:27:42,42.43,4243,1,买盘
2691,13:27:45,42.45,76358,18,买盘
2692,13:27:48,42.35,29645,7,卖盘
2693,13:27:51,42.34,46594,11,卖盘
2694,13:27:54,42.33,4233,1,卖盘
2695,13:27:57,42.34,50808,12,买盘
2696,13:28:00,42.33,16933,4,卖盘
2697,13:28:03,42.34,21169,5,买盘
2698,13:28:06,42.34,21166,5,买盘
2699,13:28:09,42.34,12702,3,买盘
2700,13:28:12,42.34,16936,4,买盘
2701,13:28:15,42.35,33880,8,买盘
2702,13:28:18,42.33,21169,5,卖盘
2703,13:28:21,42.35,55055,13,买盘
2704,13:28:24,42.36,21176,5,买盘
2705,13:28:27,42.42,16964,4,买盘
2706,13:28:30,42.42,12726,3,买盘
2707,13:28:33,42.42,8484,2,买盘
2708,13:28:36,42.44,114578,27,买盘
2709,13:28:39,42.4,131562,31,中性盘
2710,13:28:42,42.43,25444,6,买盘
2711,13:28:45,42.44,16978,4,卖盘
2712,13:28:48,42.45,42444,10,买盘
2713,13:28:51,42.45,8490,2,卖盘
2714,13:28:54,42.47,208065,49,买盘
2715,13:28:57,42.47,33975,8,买盘
2716,13:29:00,42.47,157139,37,买盘
2717,13:29:03,42.47,399218,94,买盘
2718,13:29:06,42.47,72197,17,买盘
2719,13:29:09,42.47,178369,42,买盘
2720,13:29:12,42.47,195361,46,买盘
2721,13:29:15,42.48,89189,21,买盘
2722,13:29:18,42.46,205971,49,卖盘
2723,13:29:21,42.49,169959,40,买盘
2724,13:29:24,42.48,4248,1,中性盘
2725,13:29:27,42.49,21244,5,买盘
2726,13:29:30,42.48,46732,11,卖盘
2727,13:29:33,42.5,144478,34,买盘
2728,13:29:36,42.48,16994,4,卖盘
2729,13:29:39,42.48,4248,1,卖盘
2730,13:29:42,42.48,117109,28,卖盘
2731,13:29:45,42.49,4249,1,中性盘
2732,13:29:48,42.49,59484,14,中性盘
2733,13:29:51,42.48,528627,124,卖盘
2734,13:29:54,42.47,93438,22,卖盘
2735,13:29:57,42.47,84934,20,卖盘
2736,13:30:00,42.48,159246,38,买盘
2737,13:30:03,42.48,84940,20,买盘
2738,13:30:06,42.48,8750,2,买盘
2739,13:30:09,42.48,76468,18,卖盘
2740,13:30:12,42.49,50988,12,买盘
2741,13:30:15,42.49,67984,16,卖盘
2742,13:30:18,42.5,34000,8,买盘
2743,13:30:21,42.5,119000,28,买盘
2744,13:30:24,42.48,46741,11,卖盘
2745,13:30:27,42.5,63746,15,买盘
2746,13:30:30,42.5,68000,16,买盘
2747,13:30:33,42.5,378249,89,买盘
2748,13:30:36,42.5,301748,71,买盘
2749,13:30:39,42.47,743155,175,卖盘
2750,13:30:42,42.45,174136,41,卖盘
2751,13:30:45,42.45,123112,29,卖盘
2752,13:30:48,42.45,16983,4,卖盘
2753,13:30:51,42.44,258943,61,卖盘
2754,13:30:54,42.42,454018,107,卖盘
2755,13:30:57,42.4,152653,36,卖盘
2756,13:31:00,42.38,114440,27,卖盘
2757,13:31:03,42.34,63554,15,卖盘
2758,13:31:06,42.36,25408,6,中性盘
2759,13:31:09,42.32,71954,17,卖盘
2760,13:31:12,42.34,126975,30,买盘
2761,13:31:18,42.34,55050,13,卖盘
2762,13:31:21,42.38,38118,9,买盘
2763,13:31:27,42.38,59327,14,买盘
2764,13:31:30,42.4,25435,6,买盘
2765,13:31:33,42.4,25453,6,中性盘
2766,13:31:36,42.4,8480,2,买盘
2767,13:31:39,42.38,114528,27,卖盘
2768,13:31:42,42.44,21220,5,买盘
2769,13:31:45,42.41,21214,5,卖盘
2770,13:31:48,42.44,25464,6,买盘
2771,13:31:51,42.4,42417,10,卖盘
2772,13:31:54,42.41,25455,6,中性盘
2773,13:31:57,42.41,16964,4,买盘
2774,13:32:00,42.45,8489,2,买盘
2775,13:32:03,42.4,12720,3,卖盘
2776,13:32:09,42.45,16980,4,买盘
2777,13:32:12,42.4,16975,4,卖盘
2778,13:32:15,42.41,25461,6,中性盘
2779,13:32:18,42.45,63675,15,买盘
2780,13:32:21,42.45,21217,5,买盘
2781,13:32:24,42.48,212316,50,买盘
2782,13:32:27,42.47,4247,1,中性盘
2783,13:32:30,42.46,12742,3,卖盘
2784,13:32:33,42.48,50976,12,买盘
2785,13:32:36,42.48,158362,37,买盘
2786,13:32:39,42.47,130450,31,卖盘
2787,13:32:42,42.47,438694,103,买盘
2788,13:32:45,42.47,21238,5,卖盘
2789,13:32:48,42.48,76453,18,买盘
2790,13:32:51,42.48,16992,4,买盘
2791,13:32:54,42.48,424800,100,买盘
2792,13:32:57,42.47,16990,4,卖盘
2793,13:33:00,42.48,38232,9,买盘
2794,13:33:03,42.48,97704,23,买盘
2795,13:33:06,42.48,46725,11,买盘
2796,13:33:09,42.48,63975,15,买盘
2797,13:33:12,42.48,25488,6,卖盘
2798,13:33:15,42.46,232138,55,卖盘
2799,13:33:18,42.45,547645,129,卖盘
2800,13:33:21,42.45,42451,10,卖盘
2801,13:33:24,42.43,339564,80,卖盘
2802,13:33:27,42.4,80598,19,卖盘
2803,13:33:30,42.4,407044,96,卖盘
2804,13:33:33,42.38,72055,17,卖盘
2805,13:33:36,42.34,4234,1,卖盘
2806,13:33:39,42.34,38114,9,卖盘
2807,13:33:42,42.36,25407,6,买盘
2808,13:33:45,42.33,25400,6,卖盘
2809,13:33:48,42.33,12699,3,卖盘
2810,13:33:51,42.35,21174,5,买盘
2811,13:33:57,42.33,5418,1,卖盘
2812,13:34:00,42.34,8468,2,买盘
2813,13:34:03,42.34,21166,5,买盘
2814,13:34:06,42.34,12700,3,买盘
2815,13:34:09,42.33,16935,4,卖盘
2816,13:34:12,42.33,8466,2,卖盘
2817,13:34:15,42.33,4233,1,卖盘
2818,13:34:18,42.34,8467,2,买盘
2819,13:34:21,42.33,8466,2,卖盘
2820,13:34:24,42.33,25398,6,卖盘
2821,13:34:27,42.34,29633,7,买盘
2822,13:34:30,42.33,91941,22,卖盘
2823,13:34:33,42.33,50788,12,买盘
2824,13:34:36,42.32,12696,3,卖盘
2825,13:34:39,42.32,8465,2,卖盘
2826,13:34:42,42.32,25394,6,卖盘
2827,13:34:45,42.32,12696,3,卖盘
2828,13:34:48,42.32,4232,1,卖盘
2829,13:34:51,42.32,21164,5,卖盘
2830,13:34:54,42.32,135421,32,卖盘
2831,13:34:57,42.31,67696,16,卖盘
2832,13:35:00,42.31,50772,12,卖盘
2833,13:35:03,42.3,38072,9,卖盘
2834,13:35:06,42.27,524354,124,卖盘
2835,13:35:09,42.22,97156,23,卖盘
2836,13:35:12,42.2,164650,39,卖盘
2837,13:35:15,42.22,16892,4,卖盘
2838,13:35:18,42.21,25327,6,卖盘
2839,13:35:21,42.2,8441,2,卖盘
2840,13:35:24,42.2,16880,4,卖盘
2841,13:35:27,42.2,21100,5,卖盘
2842,13:35:30,42.2,8440,2,卖盘
2843,13:35:33,42.21,25326,6,买盘
2844,13:35:36,42.21,21103,5,买盘
2845,13:35:39,42.21,29543,7,买盘
2846,13:35:42,42.2,122390,29,卖盘
2847,13:35:45,42.19,75958,18,卖盘
2848,13:35:48,42.18,88598,21,卖盘
2849,13:35:51,42.18,134976,32,卖盘
2850,13:35:54,42.19,88581,21,中性盘
2851,13:35:57,42.19,21095,5,卖盘
2852,13:36:00,42.2,4220,1,买盘
2853,13:36:06,42.2,12659,3,买盘
2854,13:36:09,42.19,37978,9,卖盘
2855,13:36:12,42.2,25317,6,买盘
2856,13:36:15,42.2,42199,10,买盘
2857,13:36:18,42.2,25320,6,卖盘
2858,13:36:21,42.2,8440,2,卖盘
2859,13:36:24,42.2,21102,5,卖盘
2860,13:36:27,42.21,33764,8,买盘
2861,13:36:30,42.21,21102,5,买盘
2862,13:36:33,42.2,25324,6,卖盘
2863,13:36:36,42.2,8440,2,卖盘
2864,13:36:45,42.21,16884,4,买盘
2865,13:36:48,42.21,16882,4,买盘
2866,13:36:51,42.21,33766,8,买盘
2867,13:36:54,42.2,122395,29,卖盘
2868,13:36:57,42.21,126618,30,买盘
2869,13:37:00,42.22,63321,15,买盘
2870,13:37:03,42.22,329565,78,买盘
2871,13:37:06,42.21,139315,33,卖盘
2872,13:37:12,42.21,4221,1,卖盘
2873,13:37:15,42.26,16897,4,买盘
2874,13:37:18,42.21,12662,3,买盘
2875,13:37:21,42.2,8440,2,卖盘
2876,13:37:24,42.21,37983,9,买盘
2877,13:37:27,42.2,21100,5,卖盘
2878,13:37:30,42.2,46420,11,卖盘
2879,13:37:33,42.21,320744,76,买盘
2880,13:37:36,42.21,135072,32,卖盘
2881,13:37:39,42.22,143538,34,买盘
2882,13:37:42,42.26,109801,26,买盘
2883,13:37:45,42.26,54937,13,买盘
2884,13:37:48,42.28,59178,14,买盘
2885,13:37:51,42.3,101497,24,买盘
2886,13:37:54,42.31,71907,17,买盘
2887,13:37:57,42.32,88856,21,买盘
2888,13:38:00,42.32,67720,16,卖盘
2889,13:38:03,42.34,85853,20,买盘
2890,13:38:06,42.35,88927,21,买盘
2891,13:38:09,42.35,88929,21,买盘
2892,13:38:12,42.36,84702,20,买盘
2893,13:38:15,42.34,169435,40,卖盘
2894,13:38:18,42.29,764896,181,卖盘
2895,13:38:21,42.2,173109,41,卖盘
2896,13:38:24,42.18,37971,9,卖盘
2897,13:38:27,42.16,33730,8,卖盘
2898,13:38:30,42.18,113733,27,中性盘
2899,13:38:33,42.12,8428,2,卖盘
2900,13:38:36,42.15,46362,11,中性盘
2901,13:38:39,42.1,42121,10,卖盘
2902,13:38:42,42.1,21050,5,卖盘
2903,13:38:45,42.1,25260,6,卖盘
2904,13:38:48,42.12,42110,10,买盘
2905,13:38:51,42.15,37918,9,买盘
2906,13:38:54,42.09,46300,11,卖盘
2907,13:38:57,42.08,12624,3,卖盘
2908,13:39:00,42.08,33679,8,卖盘
2909,13:39:03,42.1,63140,15,中性盘
2910,13:39:06,42.09,96797,23,中性盘
2911,13:39:09,42.1,172570,41,买盘
2912,13:39:12,42.08,63120,15,卖盘
2913,13:39:15,42.1,8420,2,买盘
2914,13:39:18,42.09,8418,2,卖盘
2915,13:39:21,42.08,16832,4,卖盘
2916,13:39:24,42.08,8416,2,卖盘
2917,13:39:36,42.1,16840,4,买盘
2918,13:39:39,42.09,8418,2,卖盘
2919,13:39:42,42.09,4209,1,卖盘
2920,13:39:45,42.09,25254,6,卖盘
2921,13:39:48,42.09,33672,8,卖盘
2922,13:39:51,42.08,126255,30,卖盘
2923,13:39:54,42.09,201994,48,买盘
2924,13:39:57,42.09,311392,74,买盘
2925,13:40:00,42.07,159881,38,卖盘
2926,13:40:03,42.09,33660,8,买盘
2927,13:40:06,42.07,8414,2,卖盘
2928,13:40:09,42.07,50484,12,卖盘
2929,13:40:12,42.07,75728,18,卖盘
2930,13:40:15,42.07,84131,20,买盘
2931,13:40:18,42.08,92550,22,买盘
2932,13:40:21,42.09,63108,15,买盘
2933,13:40:24,42.1,50505,12,买盘
2934,13:40:27,42.09,37873,9,中性盘
2935,13:40:30,42.1,46300,11,买盘
2936,13:40:33,42.07,33672,8,卖盘
2937,13:40:36,42.07,8414,2,卖盘
2938,13:40:39,42.07,16828,4,卖盘
2939,13:40:42,42.07,4207,1,卖盘
2940,13:40:48,42.07,16828,4,卖盘
2941,13:40:51,42.07,58892,14,买盘
2942,13:40:54,42.06,42062,10,卖盘
2943,13:40:57,42.06,8412,2,卖盘
2944,13:41:00,42.08,33653,8,买盘
2945,13:41:03,42.06,16824,4,卖盘
2946,13:41:06,42.06,33648,8,卖盘
2947,13:41:09,42.07,84135,20,买盘
2948,13:41:12,42.05,33642,8,卖盘
2949,13:41:15,42.05,4205,1,卖盘
2950,13:41:18,42.07,12621,3,买盘
2951,13:41:21,42.07,16827,4,买盘
2952,13:41:24,42.07,37861,9,买盘
2953,13:41:27,42.06,88319,21,买盘
2954,13:41:30,42.07,71493,17,买盘
2955,13:41:33,42.07,29441,7,买盘
2956,13:41:36,42.06,16823,4,中性盘
2957,13:41:39,42.07,25240,6,买盘
2958,13:41:42,42.07,29445,7,买盘
2959,13:41:45,42.05,8410,2,卖盘
2960,13:41:48,42.08,16830,4,买盘
2961,13:41:51,42.07,8414,2,卖盘
2962,13:41:57,42.08,12623,3,买盘
2963,13:42:00,42.07,54691,13,卖盘
2964,13:42:03,42.06,21033,5,卖盘
2965,13:42:09,42.07,122002,29,买盘
2966,13:42:12,42.06,126177,30,卖盘
2967,13:42:15,42.07,109345,26,买盘
2968,13:42:18,42.07,42062,10,买盘
2969,13:42:21,42.05,63087,15,卖盘
2970,13:42:24,42.04,710581,169,卖盘
2971,13:42:27,42.0,567259,135,卖盘
2972,13:42:30,42.0,323400,77,卖盘
2973,13:42:33,42.0,113403,27,卖盘
2974,13:42:36,42.0,46206,11,卖盘
2975,13:42:39,42.0,105004,25,卖盘
2976,13:42:42,42.0,117608,28,卖盘
2977,13:42:45,42.01,50403,12,中性盘
2978,13:42:48,42.01,12603,3,卖盘
2979,13:43:00,42.01,84020,20,卖盘
2980,13:43:03,42.0,37805,9,卖盘
2981,13:43:06,42.0,4200,1,卖盘
2982,13:43:09,42.01,29406,7,买盘
2983,13:43:12,42.01,29403,7,中性盘
2984,13:43:15,42.02,21008,5,买盘
2985,13:43:18,42.01,92406,22,卖盘
2986,13:43:21,42.01,46211,11,卖盘
2987,13:43:24,42.01,92411,22,买盘
2988,13:43:27,42.01,63006,15,买盘
2989,13:43:30,42.02,54619,13,买盘
2990,13:43:33,42.02,37807,9,买盘
2991,13:43:36,42.01,16804,4,买盘
2992,13:43:39,42.01,37809,9,卖盘
2993,13:43:42,42.0,96607,23,卖盘
2994,13:43:45,42.0,449359,107,卖盘
2995,13:43:48,42.0,356909,85,买盘
2996,13:43:51,41.98,79798,19,卖盘
2997,13:43:54,41.98,4198,1,卖盘
2998,13:43:57,41.98,20990,5,卖盘
2999,13:44:00,41.98,16792,4,卖盘
3000,13:44:03,41.98,16792,4,卖盘
3001,13:44:06,41.98,100787,24,卖盘
3002,13:44:09,41.97,41978,10,卖盘
3003,13:44:12,41.98,41983,10,卖盘
3004,13:44:15,41.97,109146,26,卖盘
3005,13:44:18,41.96,151089,36,卖盘
3006,13:44:21,41.98,83926,20,买盘
3007,13:44:24,41.95,104880,25,卖盘
3008,13:44:27,41.95,75508,18,卖盘
3009,13:44:30,41.94,20970,5,卖盘
3010,13:44:33,41.97,163656,39,买盘
3011,13:44:36,41.97,88138,21,卖盘
3012,13:44:39,41.97,20985,5,卖盘
3013,13:44:42,41.97,50366,12,卖盘
3014,13:44:45,41.97,71353,17,卖盘
3015,13:44:48,41.98,62957,15,买盘
3016,13:44:51,41.97,125951,30,中性盘
3017,13:44:54,41.98,62946,15,买盘
3018,13:44:57,41.96,33568,8,卖盘
3019,13:45:00,41.96,25174,6,买盘
3020,13:45:03,41.95,33566,8,卖盘
3021,13:45:06,41.94,8388,2,卖盘
3022,13:45:12,41.94,12584,3,卖盘
3023,13:45:15,41.94,8388,2,卖盘
3024,13:45:18,41.95,33560,8,买盘
3025,13:45:21,41.95,12585,3,卖盘
3026,13:45:27,41.95,83900,20,卖盘
3027,13:45:30,41.94,54534,13,卖盘
3028,13:45:33,41.96,16783,4,买盘
3029,13:45:36,41.95,12585,3,卖盘
3030,13:45:39,41.95,100680,24,卖盘
3031,13:45:42,41.96,46145,11,买盘
3032,13:45:45,41.95,121673,29,买盘
3033,13:45:48,41.94,50328,12,卖盘
3034,13:45:51,41.95,25166,6,买盘
3035,13:45:54,41.95,8390,2,卖盘
3036,13:45:57,41.95,20975,5,卖盘
3037,13:46:00,41.95,12585,3,卖盘
3038,13:46:03,41.96,16784,4,买盘
3039,13:46:06,41.96,8391,2,买盘
3040,13:46:09,41.96,88115,21,买盘
3041,13:46:12,41.94,37750,9,卖盘
3042,13:46:15,41.94,8388,2,卖盘
3043,13:46:21,41.95,50340,12,买盘
3044,13:46:24,41.95,71310,17,买盘
3045,13:46:27,41.95,46141,11,中性盘
3046,13:46:30,41.95,25170,6,卖盘
3047,13:46:33,41.95,4195,1,卖盘
3048,13:46:45,41.95,16780,4,卖盘
3049,13:46:48,41.95,8390,2,卖盘
3050,13:46:51,41.97,230781,55,买盘
3051,13:46:54,41.97,146868,35,买盘
3052,13:46:57,41.97,50360,12,买盘
3053,13:47:00,41.98,33579,8,买盘
3054,13:47:03,41.98,62969,15,买盘
3055,13:47:06,41.98,75557,18,买盘
3056,13:47:09,41.97,25182,6,卖盘
3057,13:47:12,41.97,113319,27,卖盘
3058,13:47:15,41.94,968893,231,卖盘
3059,13:47:18,41.91,314374,75,卖盘
3060,13:47:21,41.9,138344,33,卖盘
3061,13:47:24,41.9,16760,4,卖盘
3062,13:47:27,41.9,12572,3,卖盘
3063,13:47:33,41.9,29330,7,卖盘
3064,13:47:36,41.92,4192,1,买盘
3065,13:47:39,41.94,83870,20,买盘
3066,13:47:42,41.9,8385,2,卖盘
3067,13:47:45,41.9,104750,25,卖盘
3068,13:47:48,41.89,347769,83,卖盘
3069,13:47:51,41.89,87969,21,卖盘
3070,13:47:54,41.89,58646,14,卖盘
3071,13:47:57,41.89,50262,12,买盘
3072,13:48:00,41.88,20940,5,卖盘
3073,13:48:03,41.88,8376,2,卖盘
3074,13:48:06,41.88,20941,5,卖盘
3075,13:48:09,41.89,16754,4,买盘
3076,13:48:12,41.88,58633,14,卖盘
3077,13:48:15,41.88,138212,33,买盘
3078,13:48:18,41.88,58636,14,卖盘
3079,13:48:21,41.88,20942,5,卖盘
3080,13:48:24,41.88,4188,1,卖盘
3081,13:48:27,41.89,25131,6,买盘
3082,13:48:30,41.89,20942,5,买盘
3083,13:48:33,41.89,20943,5,买盘
3084,13:48:36,41.88,83768,20,卖盘
3085,13:48:39,41.89,75386,18,买盘
3086,13:48:42,41.88,25123,6,中性盘
3087,13:48:45,41.87,62807,15,卖盘
3088,13:48:48,41.87,29303,7,买盘
3089,13:48:51,41.86,58613,14,卖盘
3090,13:48:54,41.86,20930,5,卖盘
3091,13:49:03,41.86,66976,16,卖盘
3092,13:49:06,41.86,184840,44,买盘
3093,13:49:09,41.84,167373,40,卖盘
3094,13:49:12,41.82,46014,11,卖盘
3095,13:49:15,41.82,4182,1,卖盘
3096,13:49:21,41.81,120604,29,卖盘
3097,13:49:24,41.81,96163,23,卖盘
3098,13:49:27,41.81,87797,21,买盘
3099,13:49:30,41.82,30445,7,卖盘
3100,13:49:33,41.82,3011,1,卖盘
3101,13:49:36,41.82,8364,2,买盘
3102,13:49:39,41.8,1015747,243,卖盘
3103,13:49:42,41.8,33440,8,卖盘
3104,13:49:45,41.81,37621,9,买盘
3105,13:49:48,41.8,54344,13,卖盘
3106,13:49:51,41.8,37616,9,买盘
3107,13:49:54,41.8,58518,14,买盘
3108,13:49:57,41.8,25080,6,卖盘
3109,13:50:00,41.79,8359,2,卖盘
3110,13:50:03,41.8,72221,17,卖盘
3111,13:50:06,41.78,28083,7,卖盘
3112,13:50:09,41.78,33424,8,卖盘
3113,13:50:12,41.77,196362,47,卖盘
3114,13:50:15,41.76,133633,32,卖盘
3115,13:50:18,41.75,129438,31,卖盘
3116,13:50:21,41.71,162717,39,卖盘
3117,13:50:24,41.7,346139,83,卖盘
3118,13:50:27,41.7,154292,37,卖盘
3119,13:50:30,41.7,112581,27,买盘
3120,13:50:33,41.69,133414,32,卖盘
3121,13:50:36,41.68,120885,29,卖盘
3122,13:50:39,41.67,91679,22,卖盘
3123,13:50:42,41.67,62503,15,卖盘
3124,13:50:45,41.67,41666,10,买盘
3125,13:50:48,41.66,120820,29,卖盘
3126,13:50:51,41.67,266654,64,买盘
3127,13:50:54,41.65,99961,24,卖盘
3128,13:50:57,41.65,20825,5,卖盘
3129,13:51:00,41.65,33322,8,卖盘
3130,13:51:03,41.65,37485,9,卖盘
3131,13:51:06,41.66,62475,15,买盘
3132,13:51:09,41.63,216540,52,卖盘
3133,13:51:12,41.61,320438,77,卖盘
3134,13:51:15,41.61,195546,47,卖盘
3135,13:51:18,41.61,41611,10,卖盘
3136,13:51:21,41.62,24969,6,买盘
3137,13:51:24,41.61,87413,21,卖盘
3138,13:51:27,41.61,66576,16,卖盘
3139,13:51:30,41.61,45782,11,卖盘
3140,13:51:33,41.63,208108,50,买盘
3141,13:51:36,41.61,120661,29,卖盘
3142,13:51:39,41.65,20817,5,买盘
3143,13:51:42,41.65,33311,8,买盘
3144,13:51:45,41.66,108288,26,买盘
3145,13:51:48,41.65,54123,13,中性盘
3146,13:51:51,41.65,1166,0,卖盘
3147,13:51:54,41.65,45824,11,卖盘
3148,13:51:57,41.67,320852,77,买盘
3149,13:52:00,41.68,195856,47,买盘
3150,13:52:03,41.68,33342,8,买盘
3151,13:52:06,41.68,16672,4,买盘
3152,13:52:09,41.69,75042,18,买盘
3153,13:52:12,41.7,25020,6,买盘
3154,13:52:15,41.69,37528,9,卖盘
3155,13:52:18,41.7,16680,4,买盘
3156,13:52:21,41.7,16680,4,买盘
3157,13:52:24,41.71,58393,14,买盘
3158,13:52:27,41.71,29197,7,买盘
3159,13:52:33,41.71,12517,3,卖盘
