,成交时间,成交价格,成交金额,成交量,性质
0,09:25:00,41.4,7501680,1812,买盘
1,09:30:00,41.02,2490738,602,卖盘
2,09:30:03,41.2,2117918,513,中性盘
3,09:30:06,41.39,804258,195,买盘
4,09:30:09,41.2,317294,77,卖盘
5,09:30:12,41.2,792577,193,买盘
6,09:30:15,41.0,616479,150,卖盘
7,09:30:18,41.0,459641,112,卖盘
8,09:30:21,41.11,180602,44,中性盘
9,09:30:24,41.18,217660,53,买盘
10,09:30:27,41.18,172945,42,买盘
11,09:30:30,41.18,856881,208,卖盘
12,09:30:33,41.2,918317,223,买盘
13,09:30:36,41.23,338114,82,买盘
14,09:30:39,41.36,20662,5,中性盘
15,09:30:42,41.4,740215,179,买盘
16,09:30:45,41.24,165454,40,卖盘
17,09:30:48,41.24,672038,163,卖盘
18,09:30:51,41.36,375295,91,买盘
19,09:30:54,41.25,255656,62,中性盘
20,09:30:57,41.26,115577,28,中性盘
21,09:31:00,41.3,515543,125,中性盘
22,09:31:03,41.26,131977,32,中性盘
23,09:31:06,41.18,201896,49,卖盘
24,09:31:09,41.12,321325,78,卖盘
25,09:31:12,41.07,172917,42,中性盘
26,09:31:15,41.2,489548,119,买盘
27,09:31:18,41.28,226623,55,买盘
28,09:31:21,41.29,185670,45,买盘
29,09:31:24,41.31,503701,122,买盘
30,09:31:27,41.38,479525,116,买盘
31,09:31:30,41.31,78574,19,卖盘
32,09:31:33,41.33,928529,225,中性盘
33,09:31:36,41.37,285408,69,中性盘
34,09:31:39,41.33,123936,30,中性盘
35,09:31:42,41.33,239895,58,买盘
36,09:31:45,41.33,409100,99,卖盘
37,09:31:48,41.37,487944,118,买盘
38,09:31:51,41.38,95170,23,中性盘
39,09:31:54,41.39,239992,58,中性盘
40,09:31:57,41.37,173773,42,卖盘
41,09:32:00,41.37,678593,164,卖盘
42,09:32:03,41.32,272744,66,卖盘
43,09:32:06,41.25,280723,68,卖盘
44,09:32:09,41.15,160581,39,卖盘
45,09:32:12,41.07,193187,47,卖盘
46,09:32:15,41.05,69772,17,卖盘
47,09:32:18,41.0,110728,27,卖盘
48,09:32:21,41.02,574157,140,买盘
49,09:32:24,41.03,537318,131,买盘
50,09:32:27,41.0,467576,114,卖盘
51,09:32:30,41.05,237854,58,中性盘
52,09:32:33,41.07,250337,61,买盘
53,09:32:36,41.01,110740,27,卖盘
54,09:32:39,40.99,627967,153,卖盘
55,09:32:42,40.99,90148,22,买盘
56,09:32:45,40.92,167744,41,卖盘
57,09:32:48,40.87,114539,28,卖盘
58,09:32:51,40.87,371419,91,买盘
59,09:32:54,40.8,122434,30,买盘
60,09:32:57,40.79,244788,60,中性盘
61,09:33:00,40.7,468997,115,卖盘
62,09:33:03,40.76,191580,47,中性盘
63,09:33:06,40.7,244411,60,卖盘
64,09:33:09,40.83,791726,194,买盘
65,09:33:12,40.78,570640,140,卖盘
66,09:33:15,40.92,236866,58,买盘
67,09:33:18,40.92,179996,44,卖盘
68,09:33:21,40.98,343276,84,买盘
69,09:33:24,40.99,65510,16,买盘
70,09:33:27,40.98,135196,33,中性盘
71,09:33:30,40.92,728646,178,卖盘
72,09:33:33,40.88,134908,33,中性盘
73,09:33:36,40.83,36790,9,中性盘
74,09:33:39,40.9,265762,65,中性盘
75,09:33:42,40.79,306112,75,卖盘
76,09:33:45,40.79,138839,34,卖盘
77,09:33:48,40.79,24483,6,卖盘
78,09:33:51,40.79,391803,96,卖盘
79,09:33:54,40.8,81692,20,中性盘
80,09:33:57,40.81,114297,28,中性盘
81,09:34:00,40.87,16325,4,买盘
82,09:34:03,40.82,73457,18,中性盘
83,09:34:06,40.83,85771,21,中性盘
84,09:34:09,40.82,175535,43,卖盘
85,09:34:12,40.82,363459,89,卖盘
86,09:34:15,40.82,171514,42,卖盘
87,09:34:18,40.84,69454,17,卖盘
88,09:34:21,40.84,65376,16,卖盘
89,09:34:24,40.9,233095,57,买盘
90,09:34:27,40.9,20452,5,买盘
91,09:34:30,40.92,182103,45,买盘
92,09:34:33,40.99,819177,200,买盘
93,09:34:36,40.94,650897,159,卖盘
94,09:34:39,41.0,135184,33,中性盘
95,09:34:42,40.94,53222,13,卖盘
96,09:34:45,40.92,421892,103,卖盘
97,09:34:48,40.84,204443,50,卖盘
98,09:34:51,40.84,188183,46,卖盘
99,09:34:54,40.87,53125,13,买盘
100,09:34:57,40.87,73554,18,买盘
101,09:35:00,40.86,53126,13,卖盘
102,09:35:03,40.84,102138,25,卖盘
103,09:35:06,40.84,146993,36,买盘
104,09:35:09,40.83,220494,54,卖盘
105,09:35:12,40.83,196006,48,卖盘
106,09:35:15,40.86,93921,23,买盘
107,09:35:18,40.86,302226,74,买盘
108,09:35:21,40.85,739168,181,卖盘
109,09:35:24,40.85,40889,10,卖盘
110,09:35:27,40.97,69480,17,中性盘
111,09:35:30,40.85,122566,30,中性盘
112,09:35:33,40.84,159311,39,卖盘
113,09:35:36,40.85,69450,17,卖盘
114,09:35:39,40.83,204196,50,卖盘
115,09:35:42,40.8,436706,107,卖盘
116,09:35:45,40.8,350907,86,卖盘
117,09:35:48,40.8,159094,39,卖盘
118,09:35:51,40.79,53039,13,卖盘
119,09:35:54,40.79,444657,109,卖盘
120,09:35:57,40.78,314030,77,卖盘
121,09:36:00,40.78,530153,130,卖盘
122,09:36:03,40.78,554853,136,卖盘
123,09:36:06,40.78,314036,77,卖盘
124,09:36:09,40.78,85657,21,卖盘
125,09:36:12,40.79,36712,9,卖盘
126,09:36:15,40.76,689123,169,卖盘
127,09:36:18,40.75,89645,22,中性盘
128,09:36:21,40.7,32572,8,卖盘
129,09:36:24,40.7,40706,10,卖盘
130,09:36:27,40.7,118024,29,卖盘
131,09:36:30,40.68,40685,10,卖盘
132,09:36:33,40.68,162755,40,卖盘
133,09:36:36,40.67,853678,210,中性盘
134,09:36:39,40.6,5659189,1393,卖盘
135,09:36:42,40.62,60943,15,中性盘
136,09:36:45,40.62,544419,134,卖盘
137,09:36:48,40.61,227450,56,卖盘
138,09:36:51,40.59,544249,134,卖盘
139,09:36:54,40.6,312592,77,买盘
140,09:36:57,40.57,320532,79,卖盘
141,09:37:00,40.51,449712,111,卖盘
142,09:37:03,40.5,141728,35,卖盘
143,09:37:06,40.48,676068,167,卖盘
144,09:37:09,40.51,1704344,421,买盘
145,09:37:12,40.54,936366,231,中性盘
146,09:37:15,40.59,2726541,672,中性盘
147,09:37:18,40.69,235675,58,买盘
148,09:37:21,40.69,134316,33,买盘
149,09:37:24,40.69,2233285,549,卖盘
150,09:37:27,40.8,20384,5,买盘
151,09:37:30,40.82,260772,64,买盘
152,09:37:33,40.84,118370,29,买盘
153,09:37:36,40.82,4082,1,卖盘
154,09:37:39,40.84,57164,14,买盘
155,09:37:42,40.82,85739,21,卖盘
156,09:37:45,40.82,102071,25,卖盘
157,09:37:48,40.8,106112,26,卖盘
158,09:37:51,40.8,28562,7,卖盘
159,09:37:54,40.75,73426,18,卖盘
160,09:37:57,40.69,134345,33,卖盘
161,09:38:00,40.69,114028,28,卖盘
162,09:38:03,40.7,52935,13,中性盘
163,09:38:06,40.63,422857,104,卖盘
164,09:38:09,40.69,32534,8,买盘
165,09:38:12,40.63,97527,24,卖盘
166,09:38:15,40.68,113880,28,买盘
167,09:38:18,40.62,89374,22,卖盘
168,09:38:21,40.56,336891,83,卖盘
169,09:38:24,40.56,20292,5,卖盘
170,09:38:27,40.6,2352700,580,买盘
171,09:38:30,40.59,44658,11,卖盘
172,09:38:33,40.58,125878,31,卖盘
173,09:38:36,40.59,162385,40,中性盘
174,09:38:39,40.57,170461,42,卖盘
175,09:38:42,40.58,16232,4,中性盘
176,09:38:45,40.57,223152,55,卖盘
177,09:38:48,40.57,604541,149,卖盘
178,09:38:51,40.58,28404,7,买盘
179,09:38:54,40.58,52758,13,卖盘
180,09:38:57,40.58,1010893,249,买盘
181,09:39:00,40.57,1131943,279,卖盘
182,09:39:03,40.57,77101,19,卖盘
183,09:39:06,40.56,182569,45,卖盘
184,09:39:09,40.56,89252,22,卖盘
185,09:39:12,40.63,609711,150,买盘
186,09:39:15,40.68,118013,29,中性盘
187,09:39:18,40.79,126180,31,中性盘
188,09:39:21,40.86,2179293,534,买盘
189,09:39:24,40.97,89987,22,买盘
190,09:39:27,40.97,73736,18,买盘
191,09:39:30,40.97,49154,12,买盘
192,09:39:33,40.96,28673,7,卖盘
193,09:39:36,40.97,151591,37,买盘
194,09:39:39,40.97,266236,65,卖盘
195,09:39:42,40.97,130986,32,买盘
196,09:39:45,40.97,118818,29,卖盘
197,09:39:48,40.98,28687,7,中性盘
198,09:39:51,40.98,69653,17,买盘
199,09:39:54,40.97,90126,22,买盘
200,09:39:57,40.97,539718,132,卖盘
201,09:40:00,40.91,122896,30,卖盘
202,09:40:03,40.94,294588,72,买盘
203,09:40:06,40.93,454444,111,卖盘
204,09:40:09,40.93,61395,15,卖盘
205,09:40:12,40.94,282423,69,卖盘
206,09:40:15,40.98,81923,20,买盘
207,09:40:18,40.94,53214,13,买盘
208,09:40:21,40.85,1698592,415,卖盘
209,09:40:24,40.86,187904,46,买盘
210,09:40:27,40.85,44941,11,中性盘
211,09:40:30,40.85,110318,27,卖盘
212,09:40:33,40.84,302290,74,卖盘
213,09:40:36,40.83,620029,152,卖盘
214,09:40:39,40.83,81673,20,卖盘
215,09:40:42,40.83,4083,1,卖盘
216,09:40:45,40.81,28570,7,卖盘
217,09:40:48,40.79,20400,5,卖盘
218,09:40:51,40.8,32640,8,买盘
219,09:40:54,40.79,61183,15,卖盘
220,09:40:57,40.79,183489,45,买盘
221,09:41:00,40.79,53025,13,买盘
222,09:41:03,40.79,199870,49,买盘
223,09:41:06,40.78,44861,11,卖盘
224,09:41:09,40.78,77477,19,卖盘
225,09:41:12,40.77,44846,11,买盘
226,09:41:15,40.76,28532,7,卖盘
227,09:41:18,40.76,8152,2,卖盘
228,09:41:21,40.76,44836,11,卖盘
229,09:41:24,40.76,16304,4,买盘
230,09:41:27,40.68,130288,32,卖盘
231,09:41:30,40.76,8151,2,买盘
232,09:41:33,40.76,69230,17,买盘
233,09:41:36,40.68,12204,3,卖盘
234,09:41:39,40.68,504432,124,卖盘
235,09:41:42,40.7,36630,9,中性盘
236,09:41:45,40.74,48858,12,买盘
237,09:41:48,40.69,180224,44,卖盘
238,09:41:51,40.68,488538,120,卖盘
239,09:41:54,40.7,122087,30,中性盘
240,09:41:57,40.7,89551,22,卖盘
241,09:42:00,40.74,256351,63,中性盘
242,09:42:03,40.74,423346,104,买盘
243,09:42:06,40.76,77395,19,买盘
244,09:42:09,40.75,370530,91,中性盘
245,09:42:12,40.71,12216,3,卖盘
246,09:42:15,40.67,130257,32,卖盘
247,09:42:18,40.69,8136,2,买盘
248,09:42:21,40.69,12203,3,买盘
249,09:42:24,40.68,40680,10,卖盘
250,09:42:27,40.69,101703,25,买盘
251,09:42:30,40.71,73250,18,买盘
252,09:42:33,40.69,4069,1,中性盘
253,09:42:36,40.69,24414,6,卖盘
254,09:42:39,40.69,44767,11,卖盘
255,09:42:42,40.68,394657,97,卖盘
256,09:42:45,40.66,32532,8,卖盘
257,09:42:48,40.68,191071,47,买盘
258,09:42:51,40.64,239773,59,卖盘
259,09:42:54,40.66,12198,3,卖盘
260,09:42:57,40.6,81204,20,卖盘
261,09:43:00,40.61,64992,16,买盘
262,09:43:03,40.6,44663,11,卖盘
263,09:43:06,40.6,64941,16,买盘
264,09:43:09,40.58,32468,8,卖盘
265,09:43:12,40.57,97358,24,卖盘
266,09:43:15,40.56,68954,17,卖盘
267,09:43:18,40.56,109513,27,卖盘
268,09:43:21,40.56,133848,33,卖盘
269,09:43:24,40.56,101404,25,卖盘
270,09:43:27,40.54,174363,43,卖盘
271,09:43:30,40.52,113479,28,卖盘
272,09:43:33,40.52,8104,2,买盘
273,09:43:36,40.51,93175,23,卖盘
274,09:43:39,40.58,1301864,321,买盘
275,09:43:42,40.65,288103,71,中性盘
276,09:43:45,40.58,36543,9,卖盘
277,09:43:48,40.59,4059,1,卖盘
278,09:43:51,40.66,52833,13,买盘
279,09:43:54,40.7,427465,105,买盘
280,09:43:57,40.69,174923,43,卖盘
281,09:44:00,40.69,8138,2,卖盘
282,09:44:03,40.78,32568,8,买盘
283,09:44:06,40.67,101744,25,卖盘
284,09:44:09,40.69,28470,7,中性盘
285,09:44:15,40.66,56926,14,卖盘
286,09:44:18,40.66,60994,15,卖盘
287,09:44:21,40.66,158586,39,卖盘
288,09:44:24,40.67,69139,17,中性盘
289,09:44:27,40.67,97587,24,卖盘
290,09:44:30,40.67,195182,48,中性盘
291,09:44:33,40.69,40688,10,买盘
292,09:44:36,40.67,113900,28,卖盘
293,09:44:39,40.66,8132,2,卖盘
294,09:44:42,40.66,60994,15,卖盘
295,09:44:45,40.66,162660,40,卖盘
296,09:44:48,40.66,504193,124,买盘
297,09:44:51,40.59,36535,9,卖盘
298,09:44:54,40.6,20298,5,中性盘
299,09:44:57,40.59,8118,2,卖盘
300,09:45:00,40.59,60884,15,卖盘
301,09:45:03,40.58,93338,23,卖盘
302,09:45:06,40.57,85209,21,卖盘
303,09:45:09,40.56,121701,30,卖盘
304,09:45:12,40.55,16220,4,卖盘
305,09:45:15,40.54,24327,6,卖盘
306,09:45:18,40.52,133744,33,卖盘
307,09:45:21,40.53,320248,79,买盘
308,09:45:24,40.53,1187048,293,卖盘
309,09:45:27,40.53,178485,44,卖盘
310,09:45:30,40.53,478457,118,卖盘
311,09:45:33,40.55,490752,121,中性盘
312,09:45:36,40.54,158121,39,卖盘
313,09:45:39,40.56,328418,81,中性盘
314,09:45:42,40.58,97405,24,中性盘
315,09:45:45,40.57,158209,39,卖盘
316,09:45:48,40.56,231220,57,卖盘
317,09:45:51,40.58,12180,3,中性盘
318,09:45:54,40.62,73060,18,买盘
319,09:45:57,40.6,40612,10,卖盘
320,09:46:00,40.64,158381,39,买盘
321,09:46:03,40.65,272204,67,买盘
322,09:46:06,40.65,125997,31,卖盘
323,09:46:09,40.67,101685,25,中性盘
324,09:46:12,40.77,1178219,290,中性盘
325,09:46:15,40.77,20367,5,买盘
326,09:46:18,40.77,114015,28,买盘
327,09:46:21,40.77,138600,34,买盘
328,09:46:24,40.78,69317,17,买盘
329,09:46:27,40.75,24460,6,卖盘
330,09:46:30,40.77,16308,4,买盘
331,09:46:33,40.77,20385,5,买盘
332,09:46:36,40.75,89698,22,卖盘
333,09:46:39,40.77,16308,4,中性盘
334,09:46:42,40.77,122315,30,买盘
335,09:46:45,40.77,16308,4,中性盘
336,09:46:48,40.8,244681,60,买盘
337,09:46:51,40.83,163222,40,买盘
338,09:46:54,40.84,265460,65,买盘
339,09:46:57,40.85,126607,31,买盘
340,09:47:00,40.85,114387,28,买盘
341,09:47:03,40.86,12258,3,买盘
342,09:47:06,40.85,85785,21,卖盘
343,09:47:09,40.86,81709,20,买盘
344,09:47:12,40.79,771137,189,卖盘
345,09:47:15,40.8,77491,19,买盘
346,09:47:18,40.72,16289,4,中性盘
347,09:47:21,40.81,126466,31,中性盘
348,09:47:24,40.73,20383,5,卖盘
349,09:47:27,40.76,326243,80,中性盘
350,09:47:30,40.82,57112,14,买盘
351,09:47:33,40.77,57093,14,卖盘
352,09:47:36,40.81,32648,8,买盘
353,09:47:39,40.81,130592,32,买盘
354,09:47:42,40.82,130589,32,买盘
355,09:47:45,40.86,200066,49,买盘
356,09:47:48,40.88,187921,46,买盘
357,09:47:51,40.91,61349,15,买盘
358,09:47:54,40.95,57285,14,买盘
359,09:47:57,40.91,57285,14,中性盘
360,09:48:00,40.96,53188,13,买盘
361,09:48:03,40.96,28658,7,买盘
362,09:48:06,40.95,90010,22,买盘
363,09:48:09,40.92,40938,10,中性盘
364,09:48:12,40.9,441731,108,卖盘
365,09:48:15,40.82,106236,26,卖盘
366,09:48:18,40.8,89788,22,卖盘
367,09:48:21,40.79,48948,12,卖盘
368,09:48:24,40.79,48938,12,中性盘
369,09:48:27,40.8,65274,16,买盘
370,09:48:33,40.8,146846,36,买盘
371,09:48:36,40.82,28574,7,买盘
372,09:48:39,40.82,48994,12,卖盘
373,09:48:42,40.82,77558,19,卖盘
374,09:48:45,40.82,40819,10,卖盘
375,09:48:48,40.8,16326,4,卖盘
376,09:48:51,40.8,40800,10,卖盘
377,09:48:54,40.8,8160,2,卖盘
378,09:48:57,40.82,24491,6,买盘
379,09:49:00,40.8,114241,28,卖盘
380,09:49:03,40.8,16320,4,买盘
381,09:49:06,40.82,171370,42,买盘
382,09:49:09,40.81,48972,12,卖盘
383,09:49:12,40.85,36762,9,买盘
384,09:49:15,40.83,32665,8,卖盘
385,09:49:18,40.84,151099,37,买盘
386,09:49:21,40.84,4084,1,买盘
387,09:49:24,40.83,114297,28,中性盘
388,09:49:27,40.81,767584,188,卖盘
389,09:49:33,40.83,20415,5,买盘
390,09:49:36,40.81,151125,37,卖盘
391,09:49:39,40.82,16328,4,中性盘
392,09:49:45,40.86,138962,34,买盘
393,09:49:48,40.9,118555,29,买盘
394,09:49:51,40.9,44989,11,买盘
395,09:49:54,40.9,36810,9,买盘
396,09:50:00,40.91,24541,6,买盘
397,09:50:03,40.89,49081,12,卖盘
398,09:50:06,40.86,77671,19,卖盘
399,09:50:09,40.89,81729,20,买盘
400,09:50:12,40.89,12267,3,中性盘
401,09:50:15,40.89,580243,142,卖盘
402,09:50:18,40.87,49057,12,中性盘
403,09:50:21,40.83,375926,92,卖盘
404,09:50:24,40.82,28575,7,卖盘
405,09:50:27,40.82,16328,4,卖盘
406,09:50:30,40.8,297885,73,卖盘
407,09:50:33,40.79,244777,60,卖盘
408,09:50:36,40.82,44886,11,买盘
409,09:50:39,40.8,4080,1,卖盘
410,09:50:42,40.81,4081,1,买盘
411,09:50:45,40.8,4080,1,卖盘
412,09:50:48,40.78,40786,10,卖盘
413,09:50:51,40.78,24468,6,卖盘
414,09:50:54,40.78,61170,15,卖盘
415,09:50:57,40.77,110080,27,卖盘
416,09:51:00,40.76,32608,8,卖盘
417,09:51:03,40.72,578458,142,卖盘
418,09:51:06,40.72,622866,153,卖盘
419,09:51:09,40.65,178990,44,中性盘
420,09:51:12,40.7,16280,4,中性盘
421,09:51:15,40.7,12210,3,卖盘
422,09:51:18,40.7,8140,2,卖盘
423,09:51:21,40.7,28490,7,卖盘
424,09:51:24,40.7,244526,60,卖盘
425,09:51:27,40.7,10582,3,买盘
426,09:51:30,40.75,8150,2,买盘
427,09:51:33,40.73,28519,7,中性盘
428,09:51:36,40.77,8154,2,买盘
429,09:51:39,40.74,57054,14,中性盘
430,09:51:42,40.73,171092,42,卖盘
431,09:51:45,40.74,28518,7,卖盘
432,09:51:48,40.76,146741,36,卖盘
433,09:51:51,40.76,36684,9,卖盘
434,09:51:54,40.76,12230,3,卖盘
435,09:51:57,40.76,24456,6,卖盘
436,09:52:00,40.78,53010,13,买盘
437,09:52:03,40.78,171209,42,卖盘
438,09:52:06,40.79,12237,3,买盘
439,09:52:09,40.8,183597,45,买盘
440,09:52:12,40.8,134640,33,买盘
441,09:52:15,40.8,4080,1,买盘
442,09:52:18,40.79,12237,3,卖盘
443,09:52:21,40.79,187635,46,卖盘
444,09:52:24,40.78,40787,10,卖盘
445,09:52:27,40.78,8156,2,卖盘
446,09:52:30,40.77,36698,9,卖盘
447,09:52:33,40.77,32616,8,卖盘
448,09:52:36,40.78,28544,7,买盘
449,09:52:39,40.77,32616,8,卖盘
450,09:52:42,40.77,36697,9,卖盘
451,09:52:45,40.74,216090,53,卖盘
452,09:52:48,40.73,73314,18,卖盘
453,09:52:51,40.73,52960,13,卖盘
454,09:52:54,40.72,28504,7,卖盘
455,09:52:57,40.72,57008,14,卖盘
456,09:53:00,40.71,130272,32,卖盘
457,09:53:03,40.71,138385,34,买盘
458,09:53:06,40.67,203363,50,卖盘
459,09:53:09,40.63,48757,12,卖盘
460,09:53:12,40.63,56884,14,卖盘
461,09:53:15,40.64,105646,26,买盘
462,09:53:18,40.63,121904,30,卖盘
463,09:53:21,40.65,36576,9,买盘
464,09:53:24,40.65,4065,1,卖盘
465,09:53:27,40.62,73140,18,卖盘
466,09:53:30,40.63,162494,40,中性盘
467,09:53:33,40.63,69083,17,卖盘
468,09:53:36,40.65,113820,28,买盘
469,09:53:39,40.64,32518,8,卖盘
470,09:53:42,40.65,97525,24,买盘
471,09:53:45,40.65,12196,3,卖盘
472,09:53:48,40.66,105682,26,买盘
473,09:53:51,40.66,56921,14,买盘
474,09:53:57,40.66,32531,8,卖盘
475,09:54:00,40.66,28464,7,卖盘
476,09:54:03,40.66,69122,17,卖盘
477,09:54:06,40.66,97587,24,卖盘
478,09:54:09,40.69,8135,2,买盘
479,09:54:12,40.71,284943,70,买盘
480,09:54:15,40.78,28509,7,买盘
481,09:54:18,40.72,73296,18,卖盘
482,09:54:21,40.78,40780,10,买盘
483,09:54:27,40.78,4078,1,买盘
484,09:54:30,40.74,61120,15,卖盘
485,09:54:33,40.76,4076,1,中性盘
486,09:54:36,40.78,20382,5,买盘
487,09:54:39,40.76,65202,16,中性盘
488,09:54:42,40.76,4076,1,买盘
489,09:54:45,40.76,52988,13,买盘
490,09:54:48,40.76,69295,17,卖盘
491,09:54:51,40.76,73353,18,中性盘
492,09:54:54,40.76,16304,4,买盘
493,09:54:57,40.75,130392,32,卖盘
494,09:55:00,40.74,272969,67,卖盘
495,09:55:03,40.74,36667,9,卖盘
496,09:55:06,40.71,350349,86,卖盘
497,09:55:09,40.7,109907,27,卖盘
498,09:55:12,40.69,36629,9,卖盘
499,09:55:15,40.69,8139,2,卖盘
500,09:55:18,40.69,61035,15,卖盘
501,09:55:21,40.69,24414,6,卖盘
502,09:55:24,40.69,113928,28,卖盘
503,09:55:27,40.68,36614,9,卖盘
504,09:55:30,40.75,749369,184,买盘
505,09:55:33,40.74,12222,3,卖盘
506,09:55:36,40.74,114072,28,卖盘
507,09:55:42,40.74,118148,29,卖盘
508,09:55:45,40.69,20349,5,卖盘
509,09:55:48,40.69,4069,1,卖盘
510,09:55:51,40.69,40693,10,卖盘
511,09:55:54,40.68,52893,13,卖盘
512,09:55:57,40.69,8138,2,中性盘
513,09:56:00,40.7,16280,4,买盘
514,09:56:03,40.7,69202,17,卖盘
515,09:56:06,40.7,81411,20,卖盘
516,09:56:09,40.7,256412,63,卖盘
517,09:56:12,40.68,12207,3,卖盘
518,09:56:18,40.74,301463,74,买盘
519,09:56:21,40.74,24461,6,卖盘
520,09:56:24,40.74,20379,5,卖盘
521,09:56:27,40.8,456786,112,买盘
522,09:56:30,40.8,53036,13,买盘
523,09:56:33,40.81,53044,13,买盘
524,09:56:36,40.8,8160,2,卖盘
525,09:56:45,40.82,106108,26,买盘
526,09:56:48,40.84,73483,18,买盘
527,09:56:51,40.86,36774,9,买盘
528,09:56:54,40.9,281978,69,买盘
529,09:56:57,40.9,73620,18,买盘
530,09:57:00,40.9,16360,4,买盘
531,09:57:03,40.88,159502,39,中性盘
532,09:57:06,40.9,49090,12,买盘
533,09:57:09,40.9,16360,4,卖盘
534,09:57:12,40.92,188207,46,买盘
535,09:57:15,40.95,163707,40,买盘
536,09:57:18,40.94,16371,4,中性盘
537,09:57:21,40.95,16378,4,买盘
538,09:57:24,40.95,81892,20,买盘
539,09:57:27,40.94,4094,1,卖盘
540,09:57:30,40.95,36854,9,买盘
541,09:57:33,40.94,110544,27,卖盘
542,09:57:36,40.95,24567,6,买盘
543,09:57:39,40.95,372437,91,买盘
544,09:57:42,40.94,147404,36,买盘
545,09:57:45,40.92,49104,12,卖盘
546,09:57:48,40.92,24552,6,买盘
547,09:57:51,40.88,212670,52,卖盘
548,09:57:54,40.88,114481,28,卖盘
549,09:57:57,40.87,163544,40,卖盘
550,09:58:00,40.88,12264,3,中性盘
551,09:58:03,40.89,8177,2,买盘
552,09:58:06,40.88,4088,1,卖盘
553,09:58:09,40.87,65382,16,买盘
554,09:58:12,40.86,32689,8,卖盘
555,09:58:18,40.87,4087,1,买盘
556,09:58:21,40.87,20435,5,买盘
557,09:58:24,40.86,4086,1,卖盘
558,09:58:27,40.87,122594,30,买盘
559,09:58:30,40.87,16349,4,中性盘
560,09:58:33,40.88,77657,19,中性盘
561,09:58:36,40.86,224770,55,卖盘
562,09:58:39,40.84,73544,18,卖盘
563,09:58:42,40.86,32680,8,买盘
564,09:58:45,40.84,28588,7,卖盘
565,09:58:48,40.83,53081,13,卖盘
566,09:58:51,40.83,89863,22,买盘
567,09:58:57,40.82,102052,25,卖盘
568,09:59:00,40.83,40830,10,买盘
569,09:59:03,40.83,4083,1,卖盘
570,09:59:06,40.83,130661,32,卖盘
571,09:59:09,40.83,12249,3,买盘
572,09:59:12,40.82,85735,21,卖盘
573,09:59:15,40.82,4082,1,卖盘
574,09:59:18,40.81,32653,8,卖盘
575,09:59:21,40.81,48972,12,卖盘
576,09:59:24,40.81,12243,3,买盘
577,09:59:27,40.78,65278,16,卖盘
578,09:59:30,40.78,8157,2,卖盘
579,09:59:33,40.79,126428,31,中性盘
580,09:59:36,40.78,36693,9,买盘
581,09:59:39,40.78,16308,4,买盘
582,09:59:42,40.75,81501,20,卖盘
583,09:59:48,40.76,16301,4,买盘
584,09:59:51,40.74,36667,9,卖盘
585,09:59:54,40.74,4074,1,卖盘
586,09:59:57,40.74,24444,6,卖盘
587,10:00:00,40.74,44815,11,卖盘
588,10:00:03,40.74,61112,15,卖盘
589,10:00:06,40.74,12223,3,卖盘
590,10:00:09,40.74,24444,6,卖盘
591,10:00:12,40.74,57039,14,卖盘
592,10:00:15,40.74,20370,5,卖盘
593,10:00:18,40.75,142615,35,买盘
594,10:00:21,40.75,28525,7,卖盘
595,10:00:24,40.75,8150,2,卖盘
596,10:00:27,40.85,563104,138,买盘
597,10:00:30,40.85,102127,25,买盘
598,10:00:33,40.84,24507,6,卖盘
599,10:00:36,40.85,4085,1,中性盘
600,10:00:39,40.82,98015,24,卖盘
601,10:00:42,40.81,85717,21,卖盘
602,10:00:45,40.85,138860,34,买盘
603,10:00:48,40.84,294065,72,买盘
604,10:00:51,40.8,53069,13,卖盘
605,10:00:54,40.8,20408,5,卖盘
606,10:00:57,40.79,20398,5,卖盘
607,10:01:00,40.8,12240,3,卖盘
608,10:01:03,40.81,8162,2,中性盘
609,10:01:06,40.82,4082,1,中性盘
610,10:01:12,40.82,16322,4,中性盘
611,10:01:15,40.8,32647,8,卖盘
612,10:01:18,40.82,85704,21,买盘
613,10:01:21,40.79,61204,15,卖盘
614,10:01:24,40.8,8160,2,卖盘
615,10:01:27,40.8,69352,17,卖盘
616,10:01:30,40.79,73429,18,卖盘
617,10:01:33,40.79,57111,14,卖盘
618,10:01:36,40.79,44872,11,卖盘
619,10:01:42,40.8,24475,6,买盘
620,10:01:51,40.79,65266,16,卖盘
621,10:01:57,40.79,4079,1,卖盘
622,10:02:00,40.83,285651,70,买盘
623,10:02:03,40.84,595651,146,买盘
624,10:02:06,40.84,8168,2,买盘
625,10:02:09,40.84,8168,2,买盘
626,10:02:12,40.84,12252,3,买盘
627,10:02:15,40.84,122520,30,买盘
628,10:02:18,40.86,277830,68,买盘
629,10:02:21,40.88,94013,23,买盘
630,10:02:24,40.9,887508,217,买盘
631,10:02:27,40.97,351999,86,买盘
632,10:02:30,40.97,110574,27,买盘
633,10:02:33,41.02,1381392,337,买盘
634,10:02:36,41.04,151819,37,买盘
635,10:02:39,41.02,201122,49,中性盘
636,10:02:42,41.05,192876,47,中性盘
637,10:02:45,41.01,69773,17,卖盘
638,10:02:48,41.03,242134,59,买盘
639,10:02:51,41.02,176418,43,买盘
640,10:02:54,41.02,311691,76,买盘
641,10:02:57,41.02,135366,33,买盘
642,10:03:00,40.97,159957,39,卖盘
643,10:03:03,41.0,180458,44,中性盘
644,10:03:06,41.01,237803,58,买盘
645,10:03:09,41.02,278807,68,买盘
646,10:03:12,41.02,45118,11,买盘
647,10:03:15,41.02,139434,34,买盘
648,10:03:18,40.99,73811,18,中性盘
649,10:03:21,41.04,73844,18,买盘
650,10:03:24,41.02,242028,59,买盘
651,10:03:27,41.05,12315,3,买盘
652,10:03:30,41.1,110953,27,买盘
653,10:03:33,41.1,390220,95,中性盘
654,10:03:36,41.06,312280,76,卖盘
655,10:03:39,41.08,562291,137,中性盘
656,10:03:42,41.02,205195,50,卖盘
657,10:03:45,41.02,49232,12,卖盘
658,10:03:48,41.02,393997,96,卖盘
659,10:03:51,41.05,221692,54,买盘
660,10:03:54,41.05,20522,5,买盘
661,10:03:57,41.05,4105,1,中性盘
662,10:04:00,41.07,45166,11,买盘
663,10:04:03,41.05,36949,9,卖盘
664,10:04:06,41.12,168455,41,买盘
665,10:04:09,41.08,226012,55,卖盘
666,10:04:12,41.14,61644,15,买盘
667,10:04:15,41.09,61693,15,卖盘
668,10:04:18,41.14,82226,20,买盘
669,10:04:21,41.09,197234,48,卖盘
670,10:04:24,41.09,61635,15,买盘
671,10:04:27,41.08,147947,36,卖盘
672,10:04:33,41.1,102750,25,买盘
673,10:04:36,41.08,439738,107,卖盘
674,10:04:39,41.07,209433,51,卖盘
675,10:04:42,41.07,32849,8,买盘
676,10:04:45,41.04,147773,36,卖盘
677,10:04:48,41.05,209433,51,买盘
678,10:04:51,41.05,8212,2,中性盘
679,10:04:54,41.07,82108,20,买盘
680,10:04:57,41.08,402350,98,买盘
681,10:05:00,41.04,49253,12,卖盘
682,10:05:03,41.02,397910,97,卖盘
683,10:05:06,41.02,209399,51,买盘
684,10:05:09,41.0,159985,39,卖盘
685,10:05:12,41.04,28725,7,买盘
686,10:05:15,41.05,8210,2,中性盘
687,10:05:18,41.02,143620,35,卖盘
688,10:05:21,41.0,155831,38,卖盘
689,10:05:24,41.0,28700,7,卖盘
690,10:05:27,41.0,36901,9,卖盘
691,10:05:30,41.01,94317,23,中性盘
692,10:05:33,41.01,4101,1,卖盘
693,10:05:36,41.03,61532,15,买盘
694,10:05:39,41.03,28721,7,买盘
695,10:05:42,41.02,41021,10,卖盘
696,10:05:45,41.03,123065,30,买盘
697,10:05:48,41.03,20511,5,买盘
698,10:05:51,41.03,57440,14,买盘
699,10:05:54,41.02,4102,1,卖盘
700,10:06:00,41.01,57414,14,卖盘
701,10:06:03,41.03,254355,62,买盘
702,10:06:06,41.01,12304,3,卖盘
703,10:06:09,41.02,155822,38,中性盘
704,10:06:12,40.95,1240964,303,卖盘
705,10:06:15,40.92,102348,25,卖盘
706,10:06:18,40.92,77748,19,卖盘
707,10:06:21,40.94,98245,24,中性盘
708,10:06:24,40.88,478625,117,卖盘
709,10:06:27,40.85,118511,29,卖盘
710,10:06:30,40.84,93932,23,卖盘
711,10:06:33,40.84,24504,6,卖盘
712,10:06:36,40.8,310081,76,卖盘
713,10:06:39,40.77,20389,5,卖盘
714,10:06:42,40.77,183466,45,卖盘
715,10:06:45,40.77,167141,41,卖盘
716,10:06:48,40.77,40763,10,买盘
717,10:06:51,40.77,40769,10,买盘
718,10:06:54,40.77,224235,55,卖盘
719,10:06:57,40.76,24431,6,中性盘
720,10:07:00,40.7,61056,15,卖盘
721,10:07:03,40.7,325685,80,卖盘
722,10:07:06,40.7,89531,22,买盘
723,10:07:09,40.69,345812,85,卖盘
724,10:07:12,40.7,24419,6,买盘
725,10:07:15,40.7,12210,3,买盘
726,10:07:18,40.67,28475,7,卖盘
727,10:07:21,40.66,1577605,388,卖盘
728,10:07:24,40.61,81275,20,卖盘
729,10:07:27,40.6,89337,22,卖盘
730,10:07:30,40.6,97440,24,卖盘
731,10:07:33,40.59,24358,6,卖盘
732,10:07:36,40.6,77108,19,买盘
733,10:07:39,40.56,105503,26,卖盘
734,10:07:42,40.58,113600,28,买盘
735,10:07:45,40.57,73018,18,买盘
736,10:07:48,40.57,12171,3,卖盘
737,10:07:51,40.57,52735,13,卖盘
738,10:07:54,40.52,332493,82,卖盘
739,10:08:00,40.51,271442,67,卖盘
740,10:08:03,40.49,587220,145,卖盘
741,10:08:06,40.48,72864,18,卖盘
742,10:08:09,40.46,93078,23,卖盘
743,10:08:12,40.48,343938,85,买盘
744,10:08:15,40.45,64733,16,卖盘
745,10:08:18,40.44,267103,66,卖盘
746,10:08:21,40.44,76838,19,卖盘
747,10:08:24,40.43,16174,4,卖盘
748,10:08:27,40.43,64696,16,卖盘
749,10:08:30,40.43,161721,40,卖盘
750,10:08:33,40.42,315355,78,卖盘
751,10:08:36,40.42,56594,14,卖盘
752,10:08:39,40.42,109139,27,卖盘
753,10:08:42,40.42,545670,135,卖盘
754,10:08:45,40.42,238478,59,卖盘
755,10:08:48,40.42,72759,18,卖盘
756,10:08:51,40.41,76781,19,卖盘
757,10:08:54,40.4,161651,40,卖盘
758,10:08:57,40.41,319161,79,中性盘
759,10:09:00,40.41,137394,34,卖盘
760,10:09:03,40.47,2535860,627,买盘
761,10:09:06,40.47,251102,62,卖盘
762,10:09:09,40.5,40496,10,中性盘
763,10:09:12,40.52,64830,16,中性盘
764,10:09:15,40.56,283584,70,买盘
765,10:09:18,40.5,214812,53,卖盘
766,10:09:21,40.55,8112,2,中性盘
767,10:09:24,40.51,113483,28,卖盘
768,10:09:27,40.53,52667,13,买盘
769,10:09:30,40.54,89153,22,买盘
770,10:09:33,40.53,60785,15,买盘
771,10:09:36,40.52,72948,18,卖盘
772,10:09:39,40.52,52682,13,卖盘
773,10:09:42,40.53,251213,62,买盘
774,10:09:45,40.54,85114,21,买盘
775,10:09:48,40.54,149984,37,买盘
776,10:09:51,40.55,93249,23,买盘
777,10:09:54,40.54,60810,15,卖盘
778,10:09:57,40.57,133853,33,买盘
779,10:10:00,40.58,251571,62,买盘
780,10:10:03,40.59,12177,3,中性盘
781,10:10:06,40.59,12186,3,中性盘
782,10:10:09,40.69,16276,4,买盘
783,10:10:12,40.69,20345,5,买盘
784,10:10:15,40.66,113873,28,中性盘
785,10:10:18,40.68,32544,8,买盘
786,10:10:21,40.7,69171,17,买盘
787,10:10:24,40.69,52857,13,买盘
788,10:10:27,40.69,40679,10,买盘
789,10:10:30,40.64,16262,4,卖盘
790,10:10:33,40.64,28451,7,卖盘
791,10:10:36,40.63,4063,1,卖盘
792,10:10:39,40.66,101648,25,买盘
793,10:10:42,40.63,60960,15,卖盘
794,10:10:45,40.63,186859,46,买盘
795,10:10:48,40.63,389975,96,买盘
796,10:10:51,40.65,32520,8,买盘
797,10:10:54,40.65,4065,1,卖盘
798,10:10:57,40.61,16256,4,卖盘
799,10:11:06,40.65,32517,8,买盘
800,10:11:09,40.63,4063,1,卖盘
801,10:11:12,40.63,56907,14,卖盘
802,10:11:15,40.64,24382,6,买盘
803,10:11:18,40.62,381651,94,卖盘
804,10:11:21,40.63,633826,156,买盘
805,10:11:24,40.63,308788,76,买盘
806,10:11:27,40.61,475157,117,卖盘
807,10:11:30,40.61,12183,3,买盘
808,10:11:33,40.59,24354,6,卖盘
809,10:11:36,40.59,4059,1,卖盘
810,10:11:39,40.59,109595,27,卖盘
811,10:11:42,40.59,105536,26,卖盘
812,10:11:45,40.58,178590,44,卖盘
813,10:11:51,40.58,12174,3,卖盘
814,10:11:54,40.58,215161,53,买盘
815,10:11:57,40.53,1037624,256,卖盘
816,10:12:03,40.54,251405,62,卖盘
817,10:12:06,40.56,8112,2,卖盘
818,10:12:09,40.55,20277,5,卖盘
819,10:12:12,40.55,40551,10,卖盘
820,10:12:15,40.55,4055,1,卖盘
821,10:12:18,40.55,40552,10,卖盘
822,10:12:21,40.55,129759,32,卖盘
823,10:12:24,40.55,93263,23,买盘
824,10:12:27,40.61,1293822,319,买盘
825,10:12:30,40.62,85295,21,买盘
826,10:12:33,40.58,324766,80,卖盘
827,10:12:36,40.58,16235,4,卖盘
828,10:12:39,40.58,166378,41,卖盘
829,10:12:42,40.61,16240,4,买盘
830,10:12:45,40.65,211221,52,买盘
831,10:12:48,40.68,223336,55,买盘
832,10:12:51,40.62,8122,2,中性盘
833,10:12:57,40.68,12204,3,买盘
834,10:13:00,40.65,345531,85,卖盘
835,10:13:03,40.68,16275,4,中性盘
836,10:13:09,40.69,8137,2,买盘
837,10:13:12,40.69,4069,1,买盘
838,10:13:15,40.69,16274,4,买盘
839,10:13:18,40.67,36613,9,卖盘
840,10:13:24,40.69,32546,8,买盘
841,10:13:33,40.67,4067,1,卖盘
842,10:13:36,40.66,199247,49,卖盘
843,10:13:39,40.66,20329,5,买盘
844,10:13:42,40.66,20330,5,买盘
845,10:13:45,40.64,121931,30,卖盘
846,10:13:51,40.64,4064,1,买盘
847,10:13:54,40.63,4063,1,卖盘
848,10:13:57,40.61,28427,7,卖盘
849,10:14:00,40.6,300457,74,卖盘
850,10:14:03,40.61,28418,7,中性盘
851,10:14:06,40.58,4058,1,卖盘
852,10:14:09,40.61,12177,3,买盘
853,10:14:12,40.6,32474,8,买盘
854,10:14:15,40.59,36531,9,卖盘
855,10:14:18,40.58,243430,60,卖盘
856,10:14:21,40.55,255590,63,卖盘
857,10:14:24,40.55,8110,2,卖盘
858,10:14:27,40.55,28386,7,卖盘
859,10:14:30,40.56,4056,1,买盘
860,10:14:33,40.53,72986,18,卖盘
861,10:14:36,40.55,12164,3,中性盘
862,10:14:39,40.54,44606,11,中性盘
863,10:14:45,40.53,52689,13,卖盘
864,10:14:48,40.52,52686,13,卖盘
865,10:14:51,40.52,12156,3,卖盘
866,10:14:54,40.52,48610,12,买盘
867,10:14:57,40.5,113420,28,卖盘
868,10:15:00,40.5,8101,2,卖盘
869,10:15:03,40.51,437524,108,买盘
870,10:15:06,40.56,844461,208,买盘
871,10:15:09,40.61,121718,30,买盘
872,10:15:12,40.61,40585,10,买盘
873,10:15:15,40.58,28409,7,卖盘
874,10:15:18,40.59,178612,44,中性盘
875,10:15:21,40.61,150299,37,中性盘
876,10:15:24,40.65,4065,1,中性盘
877,10:15:27,40.69,56941,14,买盘
878,10:15:30,40.69,85429,21,买盘
879,10:15:33,40.7,48797,12,买盘
880,10:15:36,40.7,20344,5,买盘
881,10:15:39,40.7,4070,1,买盘
882,10:15:42,40.64,4064,1,卖盘
883,10:15:45,40.63,296733,73,卖盘
884,10:15:51,40.68,138211,34,买盘
885,10:15:54,40.62,36592,9,中性盘
886,10:15:57,40.69,158685,39,买盘
887,10:16:00,40.69,178875,44,买盘
888,10:16:03,40.69,48828,12,买盘
889,10:16:06,40.68,20341,5,卖盘
890,10:16:09,40.69,20345,5,买盘
891,10:16:12,40.68,56946,14,买盘
892,10:16:21,40.69,44741,11,买盘
893,10:16:24,40.73,569683,140,买盘
894,10:16:27,40.74,65188,16,中性盘
895,10:16:30,40.79,20389,5,买盘
896,10:16:33,40.79,40781,10,买盘
897,10:16:36,40.8,126430,31,买盘
898,10:16:39,40.81,20403,5,买盘
899,10:16:42,40.8,36708,9,买盘
900,10:16:45,40.79,32635,8,卖盘
901,10:16:48,40.8,12238,3,买盘
902,10:16:51,40.78,40780,10,卖盘
903,10:16:54,40.75,114096,28,卖盘
904,10:16:57,40.75,12225,3,卖盘
905,10:17:00,40.69,134310,33,卖盘
906,10:17:03,40.69,20345,5,卖盘
907,10:17:06,40.68,8136,2,买盘
908,10:17:12,40.67,65072,16,卖盘
909,10:17:15,40.66,12198,3,卖盘
910,10:17:18,40.64,40640,10,卖盘
911,10:17:21,40.63,125960,31,卖盘
912,10:17:24,40.61,20309,5,卖盘
913,10:17:27,40.62,48726,12,买盘
914,10:17:30,40.62,16247,4,中性盘
915,10:17:33,40.63,44693,11,买盘
916,10:17:36,40.62,73125,18,卖盘
917,10:17:39,40.62,24372,6,卖盘
918,10:17:42,40.59,410071,101,卖盘
919,10:17:45,40.59,146124,36,买盘
920,10:17:48,40.59,12177,3,买盘
921,10:17:51,40.58,133793,33,卖盘
922,10:17:54,40.58,16232,4,卖盘
923,10:17:57,40.59,4059,1,买盘
924,10:18:00,40.58,8116,2,卖盘
925,10:18:03,40.58,121694,30,卖盘
926,10:18:06,40.58,8115,2,中性盘
927,10:18:09,40.56,4056,1,中性盘
928,10:18:12,40.56,44620,11,卖盘
929,10:18:15,40.58,28406,7,买盘
930,10:18:18,40.58,4058,1,买盘
931,10:18:21,40.57,198790,49,中性盘
932,10:18:24,40.56,85194,21,卖盘
933,10:18:27,40.56,44617,11,卖盘
934,10:18:30,40.56,4056,1,卖盘
935,10:18:33,40.55,85155,21,卖盘
936,10:18:36,40.55,8110,2,卖盘
937,10:18:39,40.55,162202,40,卖盘
938,10:18:42,40.55,28385,7,卖盘
939,10:18:45,40.55,12163,3,买盘
940,10:18:51,40.54,4054,1,卖盘
941,10:18:54,40.53,16212,4,卖盘
942,10:18:57,40.53,72954,18,卖盘
943,10:19:00,40.53,117540,29,卖盘
944,10:19:03,40.52,24314,6,卖盘
945,10:19:06,40.52,20260,5,卖盘
946,10:19:09,40.56,1045687,258,买盘
947,10:19:12,40.57,60852,15,买盘
948,10:19:15,40.57,101422,25,买盘
949,10:19:18,40.57,417930,103,买盘
950,10:19:21,40.56,206894,51,卖盘
951,10:19:24,40.56,16224,4,买盘
952,10:19:27,40.55,20277,5,卖盘
953,10:19:33,40.54,72956,18,买盘
954,10:19:36,40.53,28371,7,卖盘
955,10:19:39,40.53,291816,72,卖盘
956,10:19:42,40.53,222915,55,卖盘
957,10:19:45,40.53,137802,34,买盘
958,10:19:48,40.53,364784,90,买盘
959,10:19:51,40.55,105430,26,买盘
960,10:19:54,40.53,267523,66,卖盘
961,10:19:57,40.53,8106,2,卖盘
962,10:20:00,40.53,145909,36,卖盘
963,10:20:03,40.53,36472,9,买盘
964,10:20:06,40.53,178332,44,买盘
965,10:20:09,40.53,4053,1,中性盘
966,10:20:12,40.52,72939,18,卖盘
967,10:20:15,40.53,28367,7,买盘
968,10:20:18,40.53,162084,40,买盘
969,10:20:21,40.52,133736,33,卖盘
970,10:20:24,40.52,12156,3,买盘
971,10:20:27,40.52,12156,3,买盘
972,10:20:30,40.52,352459,87,买盘
973,10:20:33,40.5,243054,60,卖盘
974,10:20:36,40.5,20250,5,卖盘
975,10:20:39,40.5,8100,2,卖盘
976,10:20:42,40.5,943531,233,卖盘
977,10:20:45,40.48,20244,5,卖盘
978,10:20:48,40.47,93096,23,卖盘
979,10:20:51,40.47,12141,3,卖盘
980,10:20:57,40.45,101126,25,卖盘
981,10:21:00,40.43,125351,31,卖盘
982,10:21:03,40.44,56606,14,买盘
983,10:21:06,40.44,52571,13,卖盘
984,10:21:09,40.43,101080,25,卖盘
985,10:21:12,40.43,68731,17,卖盘
986,10:21:15,40.42,101049,25,卖盘
987,10:21:18,40.41,141489,35,卖盘
988,10:21:21,40.42,121233,30,买盘
989,10:21:24,40.41,181845,45,卖盘
990,10:21:27,40.41,634451,157,买盘
991,10:21:30,40.41,145471,36,买盘
992,10:21:33,40.4,339381,84,卖盘
993,10:21:36,40.4,64648,16,卖盘
994,10:21:39,40.4,125244,31,卖盘
995,10:21:42,40.41,165643,41,买盘
996,10:21:45,40.4,210083,52,卖盘
997,10:21:48,40.42,145448,36,买盘
998,10:21:51,40.41,76782,19,卖盘
999,10:21:54,40.43,101075,25,买盘
1000,10:21:57,40.44,214283,53,买盘
1001,10:22:00,40.43,60652,15,卖盘
1002,10:22:03,40.43,44477,11,卖盘
1003,10:22:06,40.43,315373,78,卖盘
1004,10:22:09,40.41,60626,15,卖盘
1005,10:22:12,40.43,24256,6,买盘
1006,10:22:15,40.43,32337,8,买盘
1007,10:22:18,40.45,388148,96,买盘
1008,10:22:21,40.42,88984,22,卖盘
1009,10:22:24,40.45,68731,17,买盘
1010,10:22:30,40.45,8090,2,买盘
1011,10:22:33,40.41,173779,43,卖盘
1012,10:22:36,40.43,28300,7,中性盘
1013,10:22:39,40.42,36380,9,卖盘
1014,10:22:42,40.42,48504,12,卖盘
1015,10:22:45,40.42,48504,12,卖盘
1016,10:22:48,40.42,101047,25,卖盘
1017,10:22:51,40.44,173856,43,买盘
1018,10:22:54,40.41,242536,60,卖盘
1019,10:22:57,40.41,40431,10,卖盘
1020,10:23:00,40.42,20206,5,买盘
1021,10:23:03,40.41,60615,15,卖盘
1022,10:23:06,40.41,48493,12,卖盘
1023,10:23:09,40.41,254635,63,卖盘
1024,10:23:12,40.41,12123,3,卖盘
1025,10:23:15,40.41,68697,17,卖盘
1026,10:23:18,40.41,68697,17,卖盘
1027,10:23:21,40.41,202050,50,卖盘
1028,10:23:27,40.4,118008,29,卖盘
1029,10:23:30,40.4,335320,83,卖盘
1030,10:23:33,40.4,88027,22,卖盘
1031,10:23:36,40.38,48456,12,卖盘
1032,10:23:39,40.37,96890,24,卖盘
1033,10:23:42,40.37,82113,20,卖盘
1034,10:23:45,40.36,127801,32,卖盘
1035,10:23:48,40.37,371317,92,买盘
1036,10:23:51,40.36,197777,49,卖盘
1037,10:23:54,40.36,100900,25,卖盘
1038,10:23:57,40.36,56504,14,卖盘
1039,10:24:00,40.35,129122,32,卖盘
1040,10:24:03,40.35,28245,7,买盘
1041,10:24:06,40.35,326701,81,买盘
1042,10:24:09,40.35,185590,46,买盘
1043,10:24:12,40.35,443872,110,买盘
1044,10:24:15,40.34,165410,41,卖盘
1045,10:24:18,40.34,76636,19,中性盘
1046,10:24:21,40.33,306522,76,卖盘
1047,10:24:24,40.46,1341720,332,买盘
1048,10:24:27,40.45,40460,10,卖盘
1049,10:24:33,40.42,97029,24,卖盘
1050,10:24:39,40.37,68671,17,卖盘
1051,10:24:42,40.37,16152,4,卖盘
1052,10:24:45,40.37,20185,5,卖盘
1053,10:24:48,40.37,36333,9,卖盘
1054,10:24:54,40.36,44396,11,卖盘
1055,10:24:57,40.35,125095,31,卖盘
1056,10:25:03,40.34,16136,4,卖盘
1057,10:25:06,40.34,108926,27,卖盘
1058,10:25:09,40.33,108902,27,卖盘
1059,10:25:12,40.34,4034,1,中性盘
1060,10:25:15,40.33,717915,178,卖盘
1061,10:25:18,40.33,116961,29,卖盘
1062,10:25:21,40.31,891084,221,卖盘
1063,10:25:24,40.31,92720,23,卖盘
1064,10:25:27,40.31,80627,20,卖盘
1065,10:25:30,40.3,88671,22,卖盘
1066,10:25:33,40.3,76575,19,卖盘
1067,10:25:36,40.3,346584,86,卖盘
1068,10:25:39,40.29,8058,2,卖盘
1069,10:25:42,40.28,177230,44,卖盘
1070,10:25:45,40.26,48316,12,卖盘
1071,10:25:48,40.26,132862,33,卖盘
1072,10:25:51,40.26,350262,87,卖盘
1073,10:25:54,40.26,358316,89,卖盘
1074,10:26:00,40.25,112699,28,卖盘
1075,10:26:03,40.25,1404840,349,买盘
1076,10:26:06,40.27,265844,66,卖盘
1077,10:26:09,40.28,302049,75,买盘
1078,10:26:12,40.28,92590,23,买盘
1079,10:26:15,40.25,28177,7,卖盘
1080,10:26:18,40.25,68438,17,卖盘
1081,10:26:21,40.27,128846,32,买盘
1082,10:26:24,40.25,893105,222,卖盘
1083,10:26:27,40.25,96580,24,买盘
1084,10:26:30,40.29,1319963,328,买盘
1085,10:26:33,40.29,382762,95,卖盘
1086,10:26:36,40.3,378727,94,买盘
1087,10:26:39,40.29,8058,2,卖盘
1088,10:26:42,40.29,104646,26,卖盘
1089,10:26:45,40.3,28207,7,买盘
1090,10:26:48,40.29,60438,15,卖盘
1091,10:26:51,40.3,36270,9,买盘
1092,10:26:54,40.29,56406,14,卖盘
1093,10:26:57,40.29,8058,2,买盘
1094,10:27:03,40.28,16113,4,卖盘
1095,10:27:06,40.28,120857,30,卖盘
1096,10:27:09,40.28,169190,42,卖盘
1097,10:27:12,40.27,48332,12,卖盘
1098,10:27:15,40.27,16110,4,卖盘
1099,10:27:18,40.25,4025,1,卖盘
1100,10:27:21,40.25,92581,23,卖盘
1101,10:27:24,40.25,76479,19,卖盘
1102,10:27:27,40.26,321985,80,买盘
1103,10:27:30,40.24,349932,87,卖盘
1104,10:27:33,40.23,100539,25,买盘
1105,10:27:36,40.24,60341,15,买盘
1106,10:27:39,40.24,187303,47,买盘
1107,10:27:42,40.24,164965,41,买盘
1108,10:27:45,40.21,213162,53,卖盘
1109,10:27:48,40.21,100532,25,卖盘
1110,10:27:51,40.2,32160,8,卖盘
1111,10:27:54,40.2,94229,23,卖盘
1112,10:27:57,40.17,381704,95,卖盘
1113,10:28:00,40.18,100426,25,中性盘
1114,10:28:03,40.17,156675,39,卖盘
1115,10:28:06,40.17,52228,13,卖盘
1116,10:28:09,40.18,457952,114,买盘
1117,10:28:12,40.19,546438,136,买盘
1118,10:28:15,40.18,599708,149,中性盘
1119,10:28:18,40.17,228978,57,卖盘
1120,10:28:21,40.17,188793,47,买盘
1121,10:28:24,40.16,88358,22,卖盘
1122,10:28:27,40.15,64242,16,卖盘
1123,10:28:30,40.14,634199,158,卖盘
1124,10:28:33,40.14,389367,97,卖盘
1125,10:28:36,40.12,457413,114,卖盘
1126,10:28:39,40.13,634110,158,买盘
1127,10:28:42,40.14,220767,55,中性盘
1128,10:28:45,40.13,529787,132,卖盘
1129,10:28:48,40.13,200607,50,买盘
1130,10:28:51,40.11,200616,50,卖盘
1131,10:28:54,40.12,68198,17,买盘
1132,10:28:57,40.09,264594,66,卖盘
1133,10:29:00,40.12,960790,240,买盘
1134,10:29:03,40.09,100260,25,卖盘
1135,10:29:06,40.09,60148,15,卖盘
1136,10:29:09,40.09,212521,53,卖盘
1137,10:29:12,40.12,565554,141,买盘
1138,10:29:15,40.13,1662874,414,买盘
1139,10:29:18,40.13,168585,42,卖盘
1140,10:29:21,40.25,88500,22,买盘
1141,10:29:24,40.25,84532,21,卖盘
1142,10:29:27,40.25,205275,51,卖盘
1143,10:29:30,40.24,60361,15,中性盘
1144,10:29:33,40.23,20110,5,买盘
1145,10:29:36,40.22,490145,122,中性盘
1146,10:29:39,40.23,52273,13,买盘
1147,10:29:42,40.21,32137,8,中性盘
1148,10:29:45,40.21,8035,2,买盘
1149,10:29:48,40.14,8028,2,卖盘
1150,10:29:51,40.14,971388,242,卖盘
1151,10:29:54,40.13,1043267,260,卖盘
1152,10:29:57,40.14,184610,46,中性盘
1153,10:30:00,40.13,1007141,251,卖盘
1154,10:30:03,40.13,96296,24,买盘
1155,10:30:06,40.14,36118,9,买盘
1156,10:30:09,40.14,68228,17,买盘
1157,10:30:12,40.14,52177,13,买盘
1158,10:30:15,40.12,96297,24,卖盘
1159,10:30:18,40.11,168499,42,卖盘
1160,10:30:21,40.14,633880,158,买盘
1161,10:30:24,40.12,477647,119,卖盘
1162,10:30:27,40.13,148464,37,买盘
1163,10:30:30,40.12,313035,78,卖盘
1164,10:30:33,40.08,882411,220,卖盘
1165,10:30:36,40.13,16050,4,买盘
1166,10:30:39,40.12,16048,4,卖盘
1167,10:30:42,40.1,80230,20,卖盘
1168,10:30:45,40.1,144381,36,卖盘
1169,10:30:48,40.1,60150,15,卖盘
1170,10:30:51,40.1,56129,14,买盘
1171,10:30:54,40.1,8019,2,买盘
1172,10:30:57,40.09,993752,248,卖盘
1173,10:31:00,40.09,1049706,262,买盘
1174,10:31:03,40.09,829421,207,卖盘
1175,10:31:06,40.09,140315,35,买盘
1176,10:31:09,40.09,120245,30,买盘
1177,10:31:12,40.08,489011,122,卖盘
1178,10:31:15,40.08,428606,107,买盘
1179,10:31:18,40.13,1110786,277,买盘
1180,10:31:21,40.12,333101,83,卖盘
1181,10:31:24,40.13,252861,63,中性盘
1182,10:31:27,40.13,232754,58,卖盘
1183,10:31:33,40.13,52181,13,卖盘
1184,10:31:36,40.13,20069,5,卖盘
1185,10:31:39,40.13,92291,23,卖盘
1186,10:31:42,40.13,96312,24,买盘
1187,10:31:45,40.13,180585,45,买盘
1188,10:31:48,40.12,288882,72,卖盘
1189,10:31:51,40.12,128415,32,卖盘
1190,10:31:54,40.12,140387,35,买盘
1191,10:31:57,40.14,184644,46,买盘
1192,10:32:00,40.13,108383,27,卖盘
1193,10:32:03,40.21,1961623,488,买盘
1194,10:32:06,40.25,140780,35,买盘
1195,10:32:09,40.25,120744,30,买盘
1196,10:32:12,40.25,4025,1,买盘
1197,10:32:15,40.29,100704,25,买盘
1198,10:32:18,40.31,64493,16,买盘
1199,10:32:21,40.31,56435,14,卖盘
1200,10:32:24,40.32,8064,2,买盘
1201,10:32:27,40.32,40315,10,买盘
1202,10:32:30,40.31,8063,2,卖盘
1203,10:32:33,40.31,40312,10,卖盘
1204,10:32:36,40.29,24177,6,卖盘
1205,10:32:39,40.29,145086,36,中性盘
1206,10:32:42,40.29,4029,1,买盘
1207,10:32:45,40.26,12078,3,卖盘
1208,10:32:48,40.25,4025,1,卖盘
1209,10:32:51,40.26,48309,12,买盘
1210,10:32:54,40.26,4026,1,买盘
1211,10:32:57,40.23,52299,13,卖盘
1212,10:33:00,40.26,4026,1,买盘
1213,10:33:03,40.21,148797,37,卖盘
1214,10:33:06,40.23,28167,7,卖盘
1215,10:33:09,40.23,36210,9,卖盘
1216,10:33:12,40.21,92498,23,卖盘
1217,10:33:15,40.23,32175,8,中性盘
1218,10:33:18,40.23,28154,7,买盘
1219,10:33:21,40.2,128642,32,卖盘
1220,10:33:24,40.21,180896,45,买盘
1221,10:33:27,40.19,40196,10,卖盘
1222,10:33:30,40.2,4020,1,买盘
1223,10:33:33,40.19,56277,14,卖盘
1224,10:33:36,40.2,140700,35,中性盘
1225,10:33:39,40.2,12060,3,卖盘
1226,10:33:42,40.21,68350,17,买盘
1227,10:33:45,40.2,88461,22,卖盘
1228,10:33:48,40.21,4021,1,卖盘
1229,10:33:51,40.21,8042,2,卖盘
1230,10:33:54,40.21,64336,16,卖盘
1231,10:33:57,40.21,144768,36,卖盘
1232,10:34:00,40.21,116610,29,卖盘
1233,10:34:03,40.21,88448,22,买盘
1234,10:34:06,40.2,60308,15,卖盘
1235,10:34:12,40.2,28140,7,卖盘
1236,10:34:15,40.2,24120,6,卖盘
1237,10:34:18,40.2,108540,27,卖盘
1238,10:34:21,40.2,96479,24,卖盘
1239,10:34:24,40.21,188968,47,买盘
1240,10:34:27,40.23,418262,104,买盘
1241,10:34:30,40.26,40255,10,买盘
1242,10:34:33,40.26,152969,38,买盘
1243,10:34:36,40.28,454964,113,买盘
1244,10:34:39,40.3,112775,28,买盘
1245,10:34:42,40.27,24179,6,卖盘
1246,10:34:45,40.31,4031,1,买盘
1247,10:34:48,40.32,20156,5,买盘
1248,10:34:54,40.31,20146,5,买盘
1249,10:34:57,40.31,28217,7,买盘
1250,10:35:03,40.28,4028,1,卖盘
1251,10:35:06,40.28,68476,17,卖盘
1252,10:35:09,40.28,32229,8,卖盘
1253,10:35:12,40.28,56393,14,卖盘
1254,10:35:15,40.27,48324,12,卖盘
1255,10:35:18,40.26,36241,9,卖盘
1256,10:35:21,40.27,44294,11,买盘
1257,10:35:24,40.26,152996,38,卖盘
1258,10:35:27,40.26,44287,11,卖盘
1259,10:35:30,40.28,48314,12,买盘
1260,10:35:33,40.26,8052,2,卖盘
1261,10:35:36,40.26,12078,3,卖盘
1262,10:35:42,40.27,44297,11,买盘
1263,10:35:45,40.27,8054,2,买盘
1264,10:35:48,40.26,16104,4,卖盘
1265,10:35:51,40.27,88594,22,买盘
1266,10:35:54,40.26,116771,29,卖盘
1267,10:35:57,40.27,4027,1,卖盘
1268,10:36:00,40.27,4027,1,买盘
1269,10:36:03,40.26,84546,21,卖盘
1270,10:36:06,40.25,185153,46,卖盘
1271,10:36:09,40.23,527066,131,卖盘
1272,10:36:12,40.22,289504,72,卖盘
1273,10:36:18,40.19,76361,19,卖盘
1274,10:36:21,40.18,76352,19,卖盘
1275,10:36:27,40.18,52238,13,卖盘
1276,10:36:30,40.17,96430,24,卖盘
1277,10:36:33,40.17,56242,14,卖盘
1278,10:36:36,40.17,4017,1,卖盘
1279,10:36:39,40.17,56238,14,卖盘
1280,10:36:42,40.17,16068,4,买盘
1281,10:36:45,40.17,48200,12,买盘
1282,10:36:48,40.18,309384,77,买盘
1283,10:36:51,40.22,313447,78,买盘
1284,10:36:54,40.2,52262,13,中性盘
1285,10:36:57,40.19,48238,12,卖盘
1286,10:37:03,40.2,44221,11,卖盘
1287,10:37:06,40.19,144674,36,卖盘
1288,10:37:09,40.19,24114,6,卖盘
1289,10:37:12,40.21,1125550,280,买盘
1290,10:37:15,40.26,237488,59,买盘
1291,10:37:18,40.3,12086,3,买盘
1292,10:37:21,40.27,40270,10,卖盘
1293,10:37:36,40.3,44324,11,买盘
1294,10:37:39,40.22,467022,116,卖盘
1295,10:37:42,40.21,197110,49,卖盘
1296,10:37:45,40.23,345974,86,卖盘
1297,10:37:48,40.23,148831,37,卖盘
1298,10:37:51,40.23,281564,70,买盘
1299,10:37:54,40.21,128701,32,卖盘
1300,10:37:57,40.22,68386,17,卖盘
1301,10:38:03,40.21,48261,12,卖盘
1302,10:38:06,40.22,76424,19,买盘
1303,10:38:09,40.25,414798,103,中性盘
1304,10:38:12,40.22,80450,20,卖盘
1305,10:38:15,40.22,100553,25,卖盘
1306,10:38:18,40.25,104575,26,买盘
1307,10:38:21,40.22,40232,10,卖盘
1308,10:38:24,40.27,44247,11,买盘
1309,10:38:30,40.27,4027,1,买盘
1310,10:38:33,40.23,52299,13,卖盘
1311,10:38:36,40.23,92511,23,买盘
1312,10:38:39,40.22,28157,7,卖盘
1313,10:38:42,40.22,56317,14,卖盘
1314,10:38:45,40.22,217203,54,卖盘
1315,10:38:48,40.22,40220,10,卖盘
1316,10:38:51,40.23,64353,16,买盘
1317,10:38:54,40.22,36203,9,卖盘
1318,10:38:57,40.22,233320,58,卖盘
1319,10:39:00,40.23,84449,21,买盘
1320,10:39:03,40.22,36198,9,卖盘
1321,10:39:06,40.22,48256,12,买盘
1322,10:39:09,40.22,32175,8,买盘
1323,10:39:12,40.21,164867,41,卖盘
1324,10:39:15,40.21,100535,25,卖盘
1325,10:39:21,40.22,12066,3,卖盘
1326,10:39:24,40.21,8042,2,卖盘
1327,10:39:27,40.2,281419,70,卖盘
1328,10:39:30,40.18,261183,65,卖盘
1329,10:39:33,40.18,24108,6,卖盘
1330,10:39:36,40.17,24103,6,卖盘
1331,10:39:39,40.17,8034,2,卖盘
1332,10:39:42,40.17,4017,1,卖盘
1333,10:39:48,40.16,16067,4,卖盘
1334,10:39:51,40.17,80321,20,买盘
1335,10:39:54,40.16,48187,12,买盘
1336,10:39:57,40.16,52197,13,买盘
1337,10:40:00,40.14,36128,9,卖盘
1338,10:40:03,40.14,144520,36,卖盘
1339,10:40:06,40.13,96314,24,卖盘
1340,10:40:09,40.14,56183,14,买盘
1341,10:40:12,40.2,879601,219,买盘
1342,10:40:15,40.2,164805,41,卖盘
1343,10:40:18,40.19,164784,41,卖盘
1344,10:40:21,40.19,76361,19,卖盘
1345,10:40:24,40.16,253051,63,卖盘
1346,10:40:27,40.18,72310,18,卖盘
1347,10:40:30,40.16,92371,23,卖盘
1348,10:40:33,40.16,52212,13,卖盘
1349,10:40:36,40.15,204760,51,卖盘
1350,10:40:39,40.16,377512,94,买盘
1351,10:40:42,40.16,84336,21,卖盘
1352,10:40:45,40.19,299630,75,买盘
1353,10:40:48,40.18,449915,112,卖盘
1354,10:40:51,40.19,470136,117,买盘
1355,10:40:54,40.18,237071,59,卖盘
1356,10:40:57,40.18,100450,25,卖盘
1357,10:41:00,40.17,116498,29,卖盘
1358,10:41:03,40.18,20086,5,买盘
1359,10:41:06,40.18,20090,5,买盘
1360,10:41:09,40.18,32142,8,买盘
1361,10:41:12,40.18,84368,21,买盘
1362,10:41:15,40.17,28120,7,卖盘
1363,10:41:18,40.18,228978,57,买盘
1364,10:41:21,40.17,136564,34,卖盘
1365,10:41:24,40.16,36145,9,卖盘
1366,10:41:27,40.16,8032,2,卖盘
1367,10:41:30,40.17,12049,3,买盘
1368,10:41:33,40.16,198472,49,卖盘
1369,10:41:36,40.15,104394,26,卖盘
1370,10:41:39,40.15,236885,59,卖盘
1371,10:41:42,40.15,92332,23,买盘
1372,10:41:45,40.15,8030,2,买盘
1373,10:41:48,40.14,112415,28,卖盘
1374,10:41:51,40.13,1091617,272,卖盘
1375,10:41:54,40.12,272809,68,卖盘
1376,10:41:57,40.11,64186,16,中性盘
1377,10:42:00,40.11,36106,9,中性盘
1378,10:42:03,40.1,212532,53,卖盘
1379,10:42:06,40.09,128302,32,卖盘
1380,10:42:09,40.14,1038566,259,买盘
1381,10:42:12,40.11,730263,182,卖盘
1382,10:42:15,40.12,317129,79,中性盘
1383,10:42:18,40.14,148420,37,中性盘
1384,10:42:21,40.11,108289,27,卖盘
1385,10:42:24,40.11,68196,17,买盘
1386,10:42:27,40.15,1002568,250,买盘
1387,10:42:30,40.11,513516,128,卖盘
1388,10:42:33,40.12,152387,38,买盘
1389,10:42:36,40.12,20060,5,买盘
1390,10:42:39,40.11,64180,16,卖盘
1391,10:42:42,40.1,409075,102,卖盘
1392,10:42:45,40.12,172533,43,卖盘
1393,10:42:48,40.12,112346,28,卖盘
1394,10:42:51,40.13,4013,1,中性盘
1395,10:42:54,40.12,64207,16,卖盘
1396,10:42:57,40.12,36108,9,卖盘
1397,10:43:00,40.12,68204,17,卖盘
1398,10:43:03,40.1,164457,41,卖盘
1399,10:43:06,40.1,64160,16,卖盘
1400,10:43:09,40.12,272654,68,买盘
1401,10:43:12,40.11,104249,26,中性盘
1402,10:43:15,40.12,721838,180,买盘
1403,10:43:18,40.1,124294,31,卖盘
1404,10:43:21,40.09,372831,93,卖盘
1405,10:43:24,40.12,440986,110,买盘
1406,10:43:27,40.1,108254,27,卖盘
1407,10:43:30,40.1,40097,10,中性盘
1408,10:43:33,40.09,40095,10,卖盘
1409,10:43:36,40.09,64144,16,买盘
1410,10:43:39,40.11,8020,2,买盘
1411,10:43:42,40.11,4011,1,买盘
1412,10:43:45,40.1,28076,7,卖盘
1413,10:43:48,40.11,8022,2,买盘
1414,10:43:51,40.1,136337,34,卖盘
1415,10:43:54,40.11,16045,4,中性盘
1416,10:43:57,40.12,16048,4,买盘
1417,10:44:00,40.13,68211,17,买盘
1418,10:44:03,40.14,96271,24,买盘
1419,10:44:06,40.14,12040,3,买盘
1420,10:44:09,40.12,56170,14,卖盘
1421,10:44:12,40.14,36124,9,买盘
1422,10:44:15,40.12,24078,6,卖盘
1423,10:44:18,40.12,16053,4,卖盘
1424,10:44:21,40.13,56182,14,卖盘
1425,10:44:24,40.13,128412,32,买盘
1426,10:44:27,40.12,328985,82,卖盘
1427,10:44:30,40.11,124339,31,卖盘
1428,10:44:33,40.11,12033,3,卖盘
1429,10:44:36,40.11,8022,2,买盘
1430,10:44:39,40.1,40100,10,卖盘
1431,10:44:42,40.1,176453,44,卖盘
1432,10:44:45,40.1,108270,27,卖盘
1433,10:44:48,40.1,48117,12,买盘
1434,10:44:51,40.1,16037,4,买盘
1435,10:44:54,40.09,136311,34,卖盘
1436,10:44:57,40.23,1503549,375,买盘
1437,10:45:00,40.22,249425,62,卖盘
1438,10:45:03,40.22,36180,9,卖盘
1439,10:45:06,40.22,84352,21,买盘
1440,10:45:09,40.14,56220,14,卖盘
1441,10:45:12,40.14,8028,2,卖盘
1442,10:45:15,40.13,12040,3,卖盘
1443,10:45:18,40.13,84233,21,中性盘
1444,10:45:21,40.14,4014,1,买盘
1445,10:45:24,40.14,84294,21,买盘
1446,10:45:27,40.14,4014,1,中性盘
1447,10:45:30,40.16,4016,1,买盘
1448,10:45:33,40.16,4016,1,买盘
1449,10:45:36,40.15,12044,3,中性盘
1450,10:45:39,40.14,8029,2,卖盘
1451,10:45:42,40.14,20070,5,卖盘
1452,10:45:45,40.15,4015,1,买盘
1453,10:45:48,40.14,32112,8,卖盘
1454,10:45:51,40.14,16056,4,卖盘
1455,10:45:54,40.14,16056,4,卖盘
1456,10:45:57,40.15,8030,2,买盘
1457,10:46:00,40.14,24088,6,卖盘
1458,10:46:03,40.14,272952,68,卖盘
1459,10:46:06,40.14,76250,19,买盘
1460,10:46:09,40.14,148488,37,买盘
1461,10:46:12,40.14,32109,8,买盘
1462,10:46:15,40.14,52180,13,买盘
1463,10:46:18,40.13,12039,3,卖盘
1464,10:46:21,40.13,44146,11,卖盘
1465,10:46:24,40.13,220717,55,卖盘
1466,10:46:27,40.14,60206,15,买盘
1467,10:46:30,40.13,72234,18,卖盘
1468,10:46:33,40.13,44143,11,卖盘
1469,10:46:36,40.13,132436,33,卖盘
1470,10:46:39,40.14,341183,85,买盘
1471,10:46:42,40.17,598180,149,买盘
1472,10:46:45,40.14,132538,33,卖盘
1473,10:46:51,40.13,40136,10,卖盘
1474,10:46:54,40.19,12057,3,买盘
1475,10:46:57,40.17,4017,1,卖盘
1476,10:47:00,40.17,40170,10,卖盘
1477,10:47:03,40.19,4019,1,买盘
1478,10:47:09,40.19,20094,5,买盘
1479,10:47:15,40.18,12054,3,卖盘
1480,10:47:18,40.17,172732,43,卖盘
1481,10:47:24,40.17,20085,5,卖盘
1482,10:47:30,40.17,56238,14,买盘
1483,10:47:33,40.16,28112,7,卖盘
1484,10:47:36,40.15,16060,4,卖盘
1485,10:47:48,40.17,4017,1,买盘
1486,10:47:51,40.2,305457,76,买盘
1487,10:47:54,40.19,393799,98,卖盘
1488,10:47:57,40.2,16080,4,卖盘
1489,10:48:00,40.2,32161,8,中性盘
1490,10:48:03,40.26,12078,3,买盘
1491,10:48:06,40.22,8044,2,中性盘
1492,10:48:09,40.25,28172,7,买盘
1493,10:48:18,40.25,40250,10,买盘
1494,10:48:21,40.25,4025,1,买盘
1495,10:48:24,40.24,20120,5,买盘
1496,10:48:27,40.25,120739,30,买盘
1497,10:48:30,40.25,12073,3,买盘
1498,10:48:39,40.22,12068,3,卖盘
1499,10:48:42,40.22,4022,1,买盘
1500,10:48:45,40.24,4024,1,买盘
1501,10:48:48,40.24,12072,3,买盘
1502,10:48:51,40.23,48283,12,卖盘
1503,10:48:54,40.23,12069,3,买盘
1504,10:48:57,40.25,40240,10,买盘
1505,10:49:00,40.24,56347,14,中性盘
1506,10:49:03,40.25,152949,38,买盘
1507,10:49:06,40.25,32199,8,买盘
1508,10:49:09,40.25,8050,2,买盘
1509,10:49:12,40.25,16100,4,买盘
1510,10:49:15,40.25,132814,33,买盘
1511,10:49:18,40.25,8050,2,买盘
1512,10:49:24,40.25,96600,24,买盘
1513,10:49:27,40.25,80500,20,买盘
1514,10:49:33,40.25,28175,7,买盘
1515,10:49:36,40.27,36237,9,买盘
1516,10:49:39,40.27,8054,2,买盘
1517,10:49:42,40.27,28189,7,买盘
1518,10:49:45,40.28,4028,1,买盘
1519,10:49:48,40.28,36251,9,买盘
1520,10:49:51,40.27,4027,1,卖盘
1521,10:49:57,40.27,20136,5,卖盘
1522,10:50:03,40.27,40268,10,买盘
1523,10:50:06,40.26,60392,15,卖盘
1524,10:50:09,40.27,4027,1,买盘
1525,10:50:12,40.26,36234,9,卖盘
1526,10:50:18,40.26,12078,3,卖盘
1527,10:50:21,40.26,40258,10,买盘
1528,10:50:24,40.26,12078,3,买盘
1529,10:50:27,40.27,60395,15,买盘
1530,10:50:30,40.28,76517,19,买盘
1531,10:50:33,40.27,32216,8,卖盘
1532,10:50:39,40.27,44297,11,卖盘
1533,10:50:42,40.27,96648,24,卖盘
1534,10:50:45,40.25,354280,88,卖盘
1535,10:50:51,40.25,32200,8,卖盘
1536,10:50:54,40.24,12072,3,卖盘
1537,10:50:57,40.22,24137,6,卖盘
1538,10:51:00,40.23,76424,19,买盘
1539,10:51:03,40.23,96552,24,买盘
1540,10:51:06,40.22,80450,20,卖盘
1541,10:51:09,40.26,177079,44,买盘
1542,10:51:12,40.26,4026,1,卖盘
1543,10:51:21,40.27,8054,2,买盘
1544,10:51:30,40.27,28184,7,买盘
1545,10:51:33,40.26,16104,4,卖盘
1546,10:51:36,40.26,72468,18,卖盘
1547,10:51:39,40.26,173118,43,卖盘
1548,10:51:42,40.24,4024,1,卖盘
1549,10:51:48,40.24,24144,6,卖盘
1550,10:51:51,40.34,1946187,483,买盘
1551,10:51:54,40.34,4034,1,买盘
1552,10:51:57,40.34,4034,1,买盘
1553,10:52:00,40.34,8068,2,买盘
1554,10:52:06,40.34,4034,1,买盘
1555,10:52:09,40.33,76627,19,卖盘
1556,10:52:12,40.32,4032,1,卖盘
1557,10:52:15,40.33,48393,12,买盘
1558,10:52:21,40.33,20165,5,卖盘
1559,10:52:24,40.33,4033,1,卖盘
1560,10:52:36,40.33,24198,6,买盘
1561,10:52:45,40.33,40330,10,买盘
1562,10:52:48,40.33,44363,11,卖盘
1563,10:52:51,40.33,20165,5,卖盘
1564,10:52:54,40.34,64542,16,买盘
1565,10:52:57,40.33,88739,22,卖盘
1566,10:53:00,40.33,20165,5,买盘
1567,10:53:03,40.32,120970,30,卖盘
1568,10:53:15,40.32,4032,1,买盘
1569,10:53:18,40.32,16126,4,买盘
1570,10:53:21,40.32,4032,1,买盘
1571,10:53:24,40.31,8062,2,卖盘
1572,10:53:27,40.3,32240,8,卖盘
1573,10:53:30,40.29,20145,5,卖盘
1574,10:53:33,40.29,20145,5,卖盘
1575,10:53:36,40.27,48337,12,卖盘
1576,10:53:42,40.25,76478,19,卖盘
1577,10:53:51,40.25,40250,10,买盘
1578,10:53:57,40.23,28164,7,卖盘
1579,10:54:03,40.22,60337,15,卖盘
1580,10:54:06,40.22,60323,15,买盘
1581,10:54:09,40.22,24129,6,买盘
1582,10:54:12,40.28,80468,20,买盘
1583,10:54:15,40.25,36225,9,中性盘
1584,10:54:21,40.26,28184,7,卖盘
1585,10:54:24,40.25,32203,8,卖盘
1586,10:54:30,40.29,84562,21,买盘
1587,10:54:33,40.28,8056,2,卖盘
1588,10:54:36,40.29,12087,3,买盘
1589,10:54:39,40.29,4029,1,买盘
1590,10:54:42,40.28,32224,8,卖盘
1591,10:54:48,40.28,8055,2,买盘
1592,10:54:54,40.27,24163,6,卖盘
1593,10:54:57,40.26,40262,10,卖盘
1594,10:55:00,40.28,20140,5,买盘
1595,10:55:06,40.27,64434,16,卖盘
1596,10:55:09,40.31,503717,125,买盘
1597,10:55:12,40.32,149181,37,买盘
1598,10:55:15,40.33,52414,13,买盘
1599,10:55:18,40.32,24197,6,卖盘
1600,10:55:21,40.32,28229,7,卖盘
1601,10:55:24,40.33,48396,12,买盘
1602,10:55:27,40.32,108876,27,卖盘
1603,10:55:30,40.32,56448,14,卖盘
1604,10:55:33,40.33,40324,10,买盘
1605,10:55:36,40.33,20165,5,卖盘
1606,10:55:39,40.33,44363,11,卖盘
1607,10:55:42,40.33,88705,22,买盘
1608,10:55:45,40.32,24192,6,卖盘
1609,10:55:51,40.33,24194,6,买盘
1610,10:56:00,40.33,12099,3,买盘
1611,10:56:03,40.32,4032,1,卖盘
1612,10:56:06,40.32,24191,6,卖盘
1613,10:56:12,40.32,16128,4,买盘
1614,10:56:18,40.31,4031,1,卖盘
1615,10:56:21,40.3,64480,16,卖盘
1616,10:56:24,40.3,28210,7,买盘
1617,10:56:27,40.3,12086,3,买盘
1618,10:56:30,40.3,24180,6,买盘
1619,10:56:39,40.32,68517,17,买盘
1620,10:56:42,40.32,12096,3,买盘
1621,10:56:45,40.3,24180,6,卖盘
1622,10:56:48,40.3,4030,1,卖盘
1623,10:56:51,40.33,88723,22,买盘
1624,10:56:57,40.29,52391,13,卖盘
1625,10:57:00,40.31,8062,2,中性盘
1626,10:57:03,40.32,16126,4,买盘
1627,10:57:09,40.31,16124,4,买盘
1628,10:57:12,40.3,12090,3,卖盘
1629,10:57:21,40.3,12090,3,卖盘
1630,10:57:24,40.29,8058,2,卖盘
1631,10:57:27,40.29,44328,11,卖盘
1632,10:57:30,40.29,4029,1,卖盘
1633,10:57:33,40.3,8060,2,卖盘
1634,10:57:36,40.3,8060,2,卖盘
1635,10:57:39,40.3,4030,1,卖盘
1636,10:57:45,40.3,4030,1,卖盘
1637,10:57:57,40.3,20146,5,买盘
1638,10:58:03,40.29,8058,2,卖盘
1639,10:58:06,40.28,52385,13,卖盘
1640,10:58:09,40.28,12084,3,卖盘
1641,10:58:12,40.29,120952,30,中性盘
1642,10:58:15,40.31,68536,17,中性盘
1643,10:58:18,40.28,193316,48,卖盘
1644,10:58:21,40.3,20150,5,买盘
1645,10:58:24,40.3,64476,16,中性盘
1646,10:58:27,40.31,4031,1,买盘
1647,10:58:30,40.31,4031,1,买盘
1648,10:58:39,40.31,4031,1,买盘
1649,10:58:42,40.26,426767,106,卖盘
1650,10:58:45,40.3,16114,4,中性盘
1651,10:58:48,40.28,4028,1,中性盘
1652,10:58:51,40.3,4030,1,买盘
1653,10:58:57,40.29,128879,32,中性盘
1654,10:59:03,40.29,40285,10,买盘
1655,10:59:09,40.28,4028,1,中性盘
1656,10:59:12,40.28,28196,7,买盘
1657,10:59:15,40.27,4027,1,中性盘
1658,10:59:18,40.26,8052,2,卖盘
1659,10:59:21,40.26,40264,10,卖盘
1660,10:59:24,40.3,193392,48,买盘
1661,10:59:27,40.31,64491,16,买盘
1662,10:59:30,40.33,28232,7,买盘
1663,10:59:33,40.33,8066,2,买盘
1664,10:59:36,40.33,4033,1,买盘
1665,10:59:39,40.36,141138,35,买盘
1666,10:59:42,40.36,40348,10,买盘
1667,10:59:54,40.36,36313,9,买盘
1668,10:59:57,40.36,4036,1,买盘
1669,11:00:00,40.36,16144,4,买盘
1670,11:00:03,40.34,4034,1,中性盘
1671,11:00:06,40.31,12093,3,中性盘
1672,11:00:09,40.3,48371,12,卖盘
1673,11:00:12,40.36,52452,13,买盘
1674,11:00:24,40.3,88671,22,卖盘
1675,11:00:33,40.28,4028,1,卖盘
1676,11:00:36,40.28,4028,1,卖盘
1677,11:00:42,40.27,68460,17,卖盘
1678,11:00:45,40.25,80508,20,卖盘
1679,11:00:48,40.27,177108,44,中性盘
1680,11:00:57,40.25,8050,2,买盘
1681,11:01:03,40.25,84509,21,买盘
1682,11:01:06,40.24,40231,10,买盘
1683,11:01:15,40.24,92552,23,买盘
1684,11:01:33,40.24,68408,17,卖盘
1685,11:01:36,40.24,16096,4,中性盘
1686,11:01:39,40.23,12069,3,卖盘
1687,11:01:45,40.22,434261,108,卖盘
1688,11:01:54,40.18,4018,1,卖盘
1689,11:01:57,40.19,8037,2,买盘
1690,11:02:00,40.18,28126,7,卖盘
1691,11:02:03,40.17,132544,33,卖盘
1692,11:02:12,40.15,16061,4,卖盘
1693,11:02:15,40.19,433862,108,买盘
1694,11:02:18,40.17,28125,7,卖盘
1695,11:02:21,40.19,4019,1,买盘
1696,11:02:30,40.18,4018,1,中性盘
1697,11:02:36,40.17,8034,2,卖盘
1698,11:02:39,40.19,164703,41,买盘
1699,11:02:42,40.2,36172,9,买盘
1700,11:02:48,40.22,124614,31,买盘
1701,11:02:51,40.22,24127,6,买盘
1702,11:02:54,40.24,44251,11,买盘
1703,11:02:57,40.25,12075,3,买盘
1704,11:03:00,40.25,233450,58,买盘
1705,11:03:03,40.25,12075,3,买盘
1706,11:03:06,40.2,763840,190,卖盘
1707,11:03:09,40.2,36180,9,买盘
1708,11:03:12,40.22,24122,6,买盘
1709,11:03:15,40.23,16091,4,买盘
1710,11:03:18,40.24,4024,1,买盘
1711,11:03:21,40.24,12069,3,买盘
1712,11:03:24,40.24,8045,2,买盘
1713,11:03:27,40.24,8045,2,买盘
1714,11:03:30,40.24,8048,2,买盘
1715,11:03:33,40.23,16092,4,中性盘
1716,11:03:36,40.23,4023,1,中性盘
1717,11:03:42,40.21,4021,1,卖盘
1718,11:03:45,40.2,192954,48,卖盘
1719,11:03:48,40.2,4020,1,中性盘
1720,11:03:51,40.19,24115,6,卖盘
1721,11:03:54,40.17,249153,62,卖盘
1722,11:03:57,40.2,4020,1,买盘
1723,11:04:00,40.17,28121,7,卖盘
1724,11:04:09,40.16,482014,120,卖盘
1725,11:04:12,40.16,8032,2,买盘
1726,11:04:15,40.15,152570,38,卖盘
1727,11:04:18,40.16,734915,183,买盘
1728,11:04:21,40.17,16065,4,买盘
1729,11:04:24,40.17,8034,2,买盘
1730,11:04:27,40.16,8033,2,卖盘
1731,11:04:30,40.17,4017,1,买盘
1732,11:04:33,40.16,20080,5,卖盘
1733,11:04:36,40.16,4016,1,卖盘
1734,11:04:39,40.17,8033,2,买盘
1735,11:04:45,40.16,8032,2,卖盘
1736,11:04:51,40.16,12048,3,卖盘
1737,11:04:54,40.16,8032,2,卖盘
1738,11:04:57,40.17,44177,11,买盘
1739,11:05:03,40.15,132519,33,卖盘
1740,11:05:09,40.15,40150,10,卖盘
1741,11:05:12,40.15,36135,9,卖盘
1742,11:05:15,40.16,1042806,260,买盘
1743,11:05:18,40.16,296902,74,买盘
1744,11:05:21,40.17,8033,2,买盘
1745,11:05:24,40.16,40161,10,卖盘
1746,11:05:27,40.16,40160,10,卖盘
1747,11:05:30,40.16,32128,8,卖盘
1748,11:05:33,40.16,16064,4,卖盘
1749,11:05:36,40.16,4016,1,卖盘
1750,11:05:39,40.15,260998,65,卖盘
1751,11:05:42,40.12,40115,10,卖盘
1752,11:05:45,40.11,4011,1,卖盘
1753,11:05:48,40.11,8025,2,卖盘
1754,11:05:51,40.14,8026,2,买盘
1755,11:05:54,40.11,40115,10,卖盘
1756,11:06:00,40.11,28077,7,卖盘
1757,11:06:03,40.11,216579,54,卖盘
1758,11:06:06,40.11,40102,10,买盘
1759,11:06:09,40.1,92240,23,卖盘
1760,11:06:12,40.1,40100,10,卖盘
1761,11:06:15,40.09,224587,56,卖盘
1762,11:06:18,40.1,36090,9,卖盘
1763,11:06:21,40.09,12027,3,卖盘
1764,11:06:24,40.1,36089,9,买盘
1765,11:06:27,40.1,68160,17,买盘
1766,11:06:30,40.1,44113,11,卖盘
1767,11:06:33,40.1,36090,9,卖盘
1768,11:06:36,40.1,12030,3,卖盘
1769,11:06:39,40.1,16040,4,卖盘
1770,11:06:42,40.08,12024,3,卖盘
1771,11:06:45,40.08,100201,25,卖盘
1772,11:06:48,40.1,16038,4,买盘
1773,11:06:51,40.08,56113,14,卖盘
1774,11:06:54,40.08,44089,11,卖盘
1775,11:06:57,40.09,4009,1,买盘
1776,11:07:00,40.08,8016,2,卖盘
1777,11:07:03,40.07,44090,11,卖盘
1778,11:07:06,40.07,36068,9,卖盘
1779,11:07:09,40.08,8015,2,买盘
1780,11:07:12,40.07,4007,1,卖盘
1781,11:07:18,40.07,52091,13,卖盘
1782,11:07:21,40.07,160273,40,卖盘
1783,11:07:24,40.07,64106,16,买盘
1784,11:07:27,40.06,16024,4,卖盘
1785,11:07:30,40.06,424636,106,卖盘
1786,11:07:33,40.06,168255,42,卖盘
1787,11:07:36,40.05,124155,31,卖盘
1788,11:07:39,40.06,8012,2,买盘
1789,11:07:42,40.06,96137,24,买盘
1790,11:07:45,40.06,112168,28,卖盘
1791,11:07:48,40.06,191006,48,卖盘
1792,11:07:51,40.06,84132,21,卖盘
1793,11:07:54,40.06,28042,7,卖盘
1794,11:07:57,40.06,16024,4,卖盘
1795,11:08:00,40.06,244376,61,卖盘
1796,11:08:03,40.06,56094,14,卖盘
1797,11:08:06,40.06,4006,1,卖盘
1798,11:08:09,40.07,20036,5,卖盘
1799,11:08:15,40.08,4008,1,中性盘
1800,11:08:18,40.08,12023,3,卖盘
1801,11:08:24,40.1,56129,14,买盘
1802,11:08:27,40.1,56140,14,卖盘
1803,11:08:30,40.07,12021,3,卖盘
1804,11:08:36,40.07,48087,12,卖盘
1805,11:08:39,40.08,12024,3,中性盘
1806,11:08:42,40.08,100182,25,买盘
1807,11:08:45,40.08,8016,2,卖盘
1808,11:08:51,40.08,4008,1,买盘
1809,11:08:54,40.07,136238,34,卖盘
1810,11:08:57,40.06,28042,7,卖盘
1811,11:09:00,40.06,8012,2,卖盘
1812,11:09:03,40.06,100150,25,卖盘
1813,11:09:06,40.06,97425,24,卖盘
1814,11:09:09,40.05,108155,27,卖盘
1815,11:09:12,40.06,16021,4,买盘
1816,11:09:15,40.05,24034,6,卖盘
1817,11:09:18,40.05,8011,2,卖盘
1818,11:09:21,40.05,118886,30,卖盘
1819,11:09:24,40.08,673088,168,买盘
1820,11:09:27,40.11,1241227,310,买盘
1821,11:09:30,40.1,212548,53,卖盘
1822,11:09:33,40.1,28070,7,卖盘
1823,11:09:36,40.11,108219,27,买盘
1824,11:09:39,40.11,16044,4,卖盘
1825,11:09:42,40.11,16044,4,卖盘
1826,11:09:48,40.11,20055,5,卖盘
1827,11:09:51,40.11,12033,3,卖盘
1828,11:09:54,40.11,4011,1,卖盘
1829,11:09:57,40.11,4011,1,卖盘
1830,11:10:00,40.11,44124,11,卖盘
1831,11:10:03,40.13,72200,18,买盘
1832,11:10:06,40.11,72258,18,卖盘
1833,11:10:09,40.15,80276,20,买盘
1834,11:10:15,40.1,100346,25,卖盘
1835,11:10:18,40.1,365030,91,卖盘
1836,11:10:21,40.08,88180,22,卖盘
1837,11:10:24,40.08,196392,49,卖盘
1838,11:10:27,40.07,40071,10,卖盘
1839,11:10:30,40.06,24036,6,卖盘
1840,11:10:33,40.06,76129,19,卖盘
1841,11:10:36,40.06,124196,31,卖盘
1842,11:10:39,40.06,28042,7,卖盘
1843,11:10:42,40.07,116183,29,买盘
1844,11:10:45,40.06,16025,4,卖盘
1845,11:10:48,40.06,12017,3,买盘
1846,11:10:51,40.05,104141,26,卖盘
1847,11:10:54,40.05,20025,5,卖盘
1848,11:11:00,40.05,20025,5,卖盘
1849,11:11:03,40.06,16021,4,买盘
1850,11:11:06,40.06,32048,8,买盘
1851,11:11:09,40.05,24035,6,卖盘
1852,11:11:12,40.06,456632,114,买盘
1853,11:11:15,40.05,68061,17,卖盘
1854,11:11:18,40.05,28036,7,卖盘
1855,11:11:21,40.06,52067,13,买盘
1856,11:11:24,40.08,72120,18,买盘
1857,11:11:27,40.08,24048,6,卖盘
1858,11:11:30,40.05,60085,15,卖盘
1859,11:11:33,40.06,8012,2,中性盘
1860,11:11:36,40.04,200210,50,卖盘
1861,11:11:39,40.05,80089,20,买盘
1862,11:11:42,40.05,24030,6,买盘
1863,11:11:45,40.04,64064,16,卖盘
1864,11:11:48,40.03,16012,4,卖盘
1865,11:11:51,40.03,96079,24,卖盘
1866,11:11:54,40.02,8004,2,卖盘
1867,11:11:57,40.03,60044,15,买盘
1868,11:12:00,40.03,12009,3,买盘
1869,11:12:03,40.03,24019,6,卖盘
1870,11:12:06,40.04,24020,6,买盘
1871,11:12:09,40.02,12009,3,卖盘
1872,11:12:12,40.02,32017,8,卖盘
1873,11:12:15,40.02,84051,21,卖盘
1874,11:12:18,40.02,16008,4,卖盘
1875,11:12:21,40.05,364233,91,买盘
1876,11:12:24,40.03,152173,38,卖盘
1877,11:12:27,40.04,28025,7,中性盘
1878,11:12:30,40.03,8006,2,卖盘
1879,11:12:33,40.03,80079,20,卖盘
1880,11:12:36,40.03,20015,5,卖盘
1881,11:12:39,40.06,16024,4,买盘
1882,11:12:42,40.08,12022,3,买盘
1883,11:12:51,40.06,24036,6,卖盘
1884,11:12:54,40.04,32039,8,卖盘
1885,11:12:57,40.03,4003,1,卖盘
1886,11:13:00,40.06,36047,9,买盘
1887,11:13:03,40.06,40033,10,买盘
1888,11:13:06,40.06,20027,5,买盘
1889,11:13:09,40.03,44033,11,卖盘
1890,11:13:15,40.06,36052,9,买盘
1891,11:13:21,40.06,28031,7,卖盘
1892,11:13:27,40.06,136224,34,买盘
1893,11:13:30,40.07,24042,6,中性盘
1894,11:13:36,40.09,749856,187,中性盘
1895,11:13:39,40.08,128256,32,卖盘
1896,11:13:42,40.07,24043,6,卖盘
1897,11:13:45,40.08,4008,1,买盘
1898,11:13:48,40.07,4007,1,卖盘
1899,11:13:51,40.07,20038,5,卖盘
1900,11:13:54,40.1,140350,35,买盘
1901,11:13:57,40.12,673844,168,买盘
1902,11:14:00,40.17,32136,8,买盘
1903,11:14:03,40.2,269322,67,买盘
1904,11:14:06,40.2,44220,11,买盘
1905,11:14:09,40.2,44214,11,买盘
1906,11:14:12,40.2,20090,5,买盘
1907,11:14:18,40.18,4018,1,卖盘
1908,11:14:21,40.2,490440,122,买盘
1909,11:14:27,40.2,273362,68,卖盘
1910,11:14:30,40.2,116580,29,卖盘
1911,11:14:33,40.2,40205,10,买盘
1912,11:14:36,40.2,16080,4,买盘
1913,11:14:39,40.24,20120,5,买盘
1914,11:14:45,40.24,24124,6,买盘
1915,11:14:51,40.21,8042,2,卖盘
1916,11:15:03,40.18,44198,11,卖盘
1917,11:15:06,40.19,261171,65,买盘
1918,11:15:12,40.19,281368,70,卖盘
1919,11:15:18,40.2,4020,1,卖盘
1920,11:15:21,40.21,28147,7,卖盘
1921,11:15:24,40.22,140737,35,买盘
1922,11:15:27,40.24,64361,16,买盘
1923,11:15:30,40.25,76421,19,买盘
1924,11:15:33,40.28,20134,5,买盘
1925,11:15:36,40.3,40281,10,买盘
1926,11:15:39,40.32,120938,30,买盘
1927,11:15:42,40.3,32254,8,中性盘
1928,11:15:45,40.31,32255,8,中性盘
1929,11:15:48,40.31,68535,17,买盘
1930,11:15:51,40.31,32244,8,买盘
1931,11:15:54,40.29,96696,24,卖盘
1932,11:15:57,40.31,16124,4,买盘
1933,11:16:00,40.28,72535,18,卖盘
1934,11:16:03,40.28,52364,13,卖盘
1935,11:16:06,40.28,221535,55,卖盘
1936,11:16:09,40.28,12084,3,卖盘
1937,11:16:12,40.29,24173,6,买盘
1938,11:16:15,40.31,193485,48,买盘
1939,11:16:18,40.35,395512,98,买盘
1940,11:16:21,40.36,97527,24,中性盘
1941,11:16:24,40.38,12110,3,买盘
1942,11:16:27,40.4,206028,51,买盘
1943,11:16:33,40.38,8076,2,卖盘
1944,11:16:36,40.35,125086,31,卖盘
1945,11:16:39,40.33,16138,4,卖盘
1946,11:16:42,40.34,40336,10,买盘
1947,11:16:45,40.34,24172,6,中性盘
1948,11:16:48,40.34,52449,13,卖盘
1949,11:16:51,40.35,32279,8,买盘
1950,11:16:54,40.35,44385,11,买盘
1951,11:16:57,40.36,16144,4,买盘
1952,11:17:00,40.36,4036,1,买盘
1953,11:17:06,40.37,36330,9,买盘
1954,11:17:12,40.4,44440,11,买盘
1955,11:17:18,40.4,12120,3,买盘
1956,11:17:21,40.4,28280,7,买盘
1957,11:17:24,40.4,24242,6,卖盘
1958,11:17:27,40.4,44440,11,买盘
1959,11:17:30,40.4,16160,4,买盘
1960,11:17:33,40.42,416146,103,买盘
1961,11:17:36,40.45,28315,7,买盘
1962,11:17:39,40.41,76783,19,卖盘
1963,11:17:42,40.45,20221,5,买盘
1964,11:17:45,40.41,4041,1,卖盘
1965,11:17:48,40.44,8088,2,买盘
1966,11:17:54,40.43,4043,1,买盘
1967,11:17:57,40.47,243887,60,买盘
1968,11:18:00,40.47,157833,39,卖盘
1969,11:18:03,40.48,429068,106,买盘
1970,11:18:06,40.5,157910,39,买盘
1971,11:18:09,40.56,958243,236,买盘
1972,11:18:12,40.57,85197,21,中性盘
1973,11:18:15,40.56,12172,3,卖盘
1974,11:18:18,40.57,190699,47,中性盘
1975,11:18:21,40.58,32472,8,中性盘
1976,11:18:24,40.57,64922,16,卖盘
1977,11:18:27,40.61,24351,6,买盘
1978,11:18:30,40.58,166378,41,买盘
1979,11:18:33,40.59,450444,111,买盘
1980,11:18:36,40.61,20301,5,买盘
1981,11:18:39,40.66,195087,48,买盘
1982,11:18:42,40.68,52870,13,买盘
1983,11:18:45,40.68,28476,7,买盘
1984,11:18:48,40.73,89503,22,买盘
1985,11:18:51,40.68,81378,20,卖盘
1986,11:18:54,40.73,40722,10,买盘
1987,11:18:57,40.7,69190,17,买盘
1988,11:19:00,40.68,20348,5,卖盘
1989,11:19:03,40.74,93657,23,买盘
1990,11:19:06,40.69,24417,6,卖盘
1991,11:19:09,40.68,85433,21,卖盘
1992,11:19:12,40.67,24399,6,中性盘
1993,11:19:15,40.67,89474,22,买盘
1994,11:19:18,40.67,4067,1,卖盘
1995,11:19:21,40.67,32536,8,卖盘
1996,11:19:24,40.65,77235,19,中性盘
1997,11:19:27,40.64,8128,2,卖盘
1998,11:19:33,40.61,20305,5,卖盘
1999,11:19:36,40.61,93403,23,卖盘
2000,11:19:39,40.61,97464,24,买盘
2001,11:19:42,40.61,93383,23,卖盘
2002,11:19:45,40.6,40601,10,卖盘
2003,11:19:48,40.6,77140,19,卖盘
2004,11:19:51,40.61,186786,46,买盘
2005,11:19:54,40.6,32480,8,买盘
2006,11:19:57,40.6,60914,15,卖盘
2007,11:20:00,40.63,32498,8,买盘
2008,11:20:03,40.63,109698,27,买盘
2009,11:20:06,40.67,60991,15,买盘
2010,11:20:09,40.65,28467,7,卖盘
2011,11:20:12,40.65,44725,11,卖盘
2012,11:20:15,40.67,69133,17,买盘
2013,11:20:18,40.67,4067,1,卖盘
2014,11:20:21,40.68,4068,1,买盘
2015,11:20:24,40.65,85379,21,卖盘
2016,11:20:27,40.68,146637,36,卖盘
2017,11:20:33,40.74,203700,50,买盘
2018,11:20:36,40.69,4069,1,卖盘
2019,11:20:39,40.74,207765,51,买盘
2020,11:20:51,40.72,20360,5,买盘
2021,11:20:54,40.7,52922,13,卖盘
2022,11:20:57,40.74,203666,50,买盘
2023,11:21:00,40.73,12219,3,卖盘
2024,11:21:03,40.73,16292,4,买盘
2025,11:21:06,40.72,24435,6,中性盘
2026,11:21:09,40.69,130236,32,卖盘
2027,11:21:12,40.68,219724,54,卖盘
2028,11:21:15,40.7,195337,48,买盘
2029,11:21:21,40.7,61048,15,买盘
2030,11:21:24,40.75,313588,77,买盘
2031,11:21:27,40.7,93699,23,卖盘
2032,11:21:30,40.7,8140,2,卖盘
2033,11:21:33,40.74,56996,14,中性盘
2034,11:21:36,40.7,4070,1,卖盘
2035,11:21:39,40.71,24419,6,买盘
2036,11:21:42,40.71,28497,7,买盘
2037,11:21:45,40.71,16284,4,买盘
2038,11:21:48,40.71,4071,1,买盘
2039,11:22:00,40.7,150587,37,买盘
2040,11:22:03,40.7,317461,78,卖盘
2041,11:22:06,40.64,182902,45,卖盘
2042,11:22:09,40.65,20318,5,买盘
2043,11:22:12,40.62,4062,1,卖盘
2044,11:22:15,40.63,32504,8,买盘
2045,11:22:18,40.63,40638,10,中性盘
2046,11:22:21,40.62,97522,24,卖盘
2047,11:22:24,40.6,292591,72,卖盘
2048,11:22:27,40.61,101509,25,买盘
2049,11:22:30,40.59,8119,2,卖盘
2050,11:22:33,40.59,20295,5,卖盘
2051,11:22:39,40.59,36534,9,卖盘
2052,11:22:42,40.59,69015,17,卖盘
2053,11:22:45,40.6,105567,26,买盘
2054,11:22:51,40.6,4060,1,买盘
2055,11:23:00,40.59,121770,30,卖盘
2056,11:23:06,40.58,20290,5,卖盘
2057,11:23:09,40.58,12174,3,买盘
2058,11:23:15,40.57,4057,1,卖盘
2059,11:23:18,40.56,4056,1,卖盘
2060,11:23:21,40.57,215057,53,买盘
2061,11:23:24,40.56,68953,17,卖盘
2062,11:23:27,40.56,48668,12,卖盘
2063,11:23:30,40.63,479111,118,买盘
2064,11:23:33,40.64,12188,3,买盘
2065,11:23:36,40.64,353424,87,买盘
2066,11:23:42,40.6,20308,5,卖盘
2067,11:23:45,40.6,4060,1,买盘
2068,11:23:51,40.61,28423,7,买盘
2069,11:23:54,40.6,12180,3,中性盘
2070,11:24:00,40.64,150296,37,买盘
2071,11:24:06,40.65,44715,11,卖盘
2072,11:24:12,40.66,4066,1,中性盘
2073,11:24:15,40.69,24399,6,买盘
2074,11:24:21,40.69,56966,14,买盘
2075,11:24:24,40.66,61029,15,卖盘
2076,11:24:27,40.69,272634,67,买盘
2077,11:24:33,40.69,12207,3,卖盘
2078,11:24:36,40.69,16276,4,卖盘
2079,11:24:42,40.72,374531,92,买盘
2080,11:24:45,40.73,32582,8,买盘
2081,11:24:48,40.71,122145,30,卖盘
2082,11:24:51,40.73,24438,6,买盘
2083,11:24:54,40.73,12219,3,买盘
2084,11:24:57,40.73,20365,5,中性盘
2085,11:25:00,40.73,8146,2,卖盘
2086,11:25:06,40.72,28504,7,卖盘
2087,11:25:12,40.71,12213,3,卖盘
2088,11:25:15,40.72,85510,21,买盘
2089,11:25:21,40.71,24431,6,卖盘
2090,11:25:27,40.7,36636,9,卖盘
2091,11:25:30,40.69,4069,1,卖盘
2092,11:25:33,40.69,8138,2,卖盘
2093,11:25:36,40.69,4069,1,卖盘
2094,11:25:42,40.7,20348,5,买盘
2095,11:25:45,40.68,36614,9,卖盘
2096,11:25:48,40.69,52894,13,中性盘
2097,11:25:57,40.69,12207,3,买盘
2098,11:26:03,40.66,16265,4,卖盘
2099,11:26:06,40.69,431191,106,买盘
2100,11:26:09,40.7,28484,7,买盘
2101,11:26:12,40.69,12207,3,卖盘
2102,11:26:15,40.71,349152,86,买盘
2103,11:26:18,40.75,309558,76,买盘
2104,11:26:24,40.77,4077,1,买盘
2105,11:26:30,40.76,4076,1,卖盘
2106,11:26:33,40.76,24457,6,卖盘
2107,11:26:36,40.75,44835,11,卖盘
2108,11:26:39,40.75,61115,15,买盘
2109,11:26:48,40.76,107093,26,买盘
2110,11:26:51,40.76,16304,4,中性盘
2111,11:26:54,40.77,28538,7,买盘
2112,11:26:57,40.79,53028,13,买盘
2113,11:27:00,40.85,306025,75,买盘
2114,11:27:03,40.84,20422,5,卖盘
2115,11:27:06,40.82,57186,14,卖盘
2116,11:27:09,40.86,130691,32,买盘
2117,11:27:12,40.82,20410,5,买盘
2118,11:27:15,40.86,24504,6,买盘
2119,11:27:18,40.87,85810,21,买盘
2120,11:27:21,40.85,179681,44,买盘
2121,11:27:24,40.84,49009,12,中性盘
2122,11:27:27,40.85,89862,22,买盘
2123,11:27:30,40.84,20419,5,买盘
2124,11:27:33,40.85,469773,115,买盘
2125,11:27:36,40.85,8170,2,买盘
2126,11:27:39,40.86,106232,26,买盘
2127,11:27:42,40.85,232871,57,卖盘
2128,11:27:45,40.85,69434,17,买盘
2129,11:27:48,40.85,134790,33,中性盘
2130,11:27:54,40.86,65361,16,买盘
2131,11:27:57,40.81,4081,1,卖盘
2132,11:28:00,40.85,53105,13,买盘
2133,11:28:06,40.85,28595,7,买盘
2134,11:28:09,40.85,106123,26,买盘
2135,11:28:12,40.85,8170,2,买盘
2136,11:28:15,40.84,85715,21,买盘
2137,11:28:18,40.85,126595,31,买盘
2138,11:28:21,40.84,946913,232,买盘
2139,11:28:24,40.84,138808,34,买盘
2140,11:28:27,40.76,12237,3,卖盘
2141,11:28:30,40.76,24456,6,卖盘
2142,11:28:33,40.82,69360,17,买盘
2143,11:28:36,40.75,8150,2,卖盘
2144,11:28:42,40.8,126480,31,中性盘
2145,11:28:51,40.8,106078,26,买盘
2146,11:28:54,40.8,28560,7,买盘
2147,11:29:00,40.77,12233,3,卖盘
2148,11:29:03,40.79,4079,1,买盘
2149,11:29:06,40.76,126328,31,卖盘
2150,11:29:09,40.7,23290,6,卖盘
2151,11:29:12,40.69,122071,30,卖盘
2152,11:29:15,40.69,12195,3,买盘
2153,11:29:18,40.78,199544,49,买盘
2154,11:29:21,40.75,16294,4,买盘
2155,11:29:30,40.68,20344,5,卖盘
2156,11:29:36,40.73,4073,1,买盘
2157,11:29:39,40.68,4068,1,卖盘
2158,11:29:45,40.69,4069,1,中性盘
2159,11:29:48,40.7,20349,5,买盘
2160,11:29:51,40.7,73269,18,买盘
2161,11:29:54,40.71,77337,19,买盘
2162,11:29:57,40.7,207570,51,卖盘
2163,13:00:00,40.7,476401,117,卖盘
2164,13:00:03,40.7,785293,193,买盘
2165,13:00:06,40.6,251993,62,卖盘
2166,13:00:09,40.67,129907,32,买盘
2167,13:00:12,40.64,48745,12,中性盘
2168,13:00:15,40.6,4060,1,买盘
2169,13:00:18,40.6,24383,6,卖盘
2170,13:00:21,40.6,12180,3,卖盘
2171,13:00:24,40.6,44660,11,卖盘
2172,13:00:27,40.61,4061,1,中性盘
2173,13:00:30,40.62,158399,39,中性盘
2174,13:00:33,40.61,32488,8,卖盘
2175,13:00:36,40.61,130025,32,卖盘
2176,13:00:39,40.61,8122,2,中性盘
2177,13:00:42,40.65,219534,54,买盘
2178,13:00:45,40.7,93598,23,买盘
2179,13:00:48,40.7,28490,7,买盘
2180,13:00:51,40.69,77320,19,卖盘
2181,13:00:54,40.68,77308,19,中性盘
2182,13:00:57,40.69,44749,11,买盘
2183,13:01:00,40.69,69174,17,买盘
2184,13:01:03,40.7,44761,11,买盘
2185,13:01:06,40.71,4071,1,买盘
2186,13:01:09,40.71,28475,7,买盘
2187,13:01:12,40.73,44783,11,买盘
2188,13:01:18,40.71,16288,4,卖盘
2189,13:01:21,40.71,12213,3,卖盘
2190,13:01:24,40.77,101808,25,买盘
2191,13:01:27,40.71,24426,6,买盘
2192,13:01:30,40.71,44809,11,卖盘
2193,13:01:33,40.77,4077,1,买盘
2194,13:01:36,40.71,28497,7,卖盘
2195,13:01:39,40.69,12211,3,卖盘
2196,13:01:42,40.71,459423,113,买盘
2197,13:01:45,40.71,65186,16,卖盘
2198,13:01:48,40.75,4075,1,买盘
2199,13:01:51,40.71,8142,2,卖盘
2200,13:01:54,40.71,28497,7,卖盘
2201,13:01:57,40.66,16276,4,卖盘
2202,13:02:00,40.67,56973,14,中性盘
2203,13:02:03,40.67,16273,4,卖盘
2204,13:02:06,40.67,44737,11,卖盘
2205,13:02:18,40.67,20342,5,卖盘
2206,13:02:24,40.69,4069,1,卖盘
2207,13:02:30,40.69,16276,4,卖盘
2208,13:02:33,40.63,585340,144,卖盘
2209,13:02:36,40.61,24372,6,卖盘
2210,13:02:42,40.61,8122,2,卖盘
2211,13:02:45,40.61,16244,4,卖盘
2212,13:02:48,40.61,20305,5,卖盘
2213,13:02:51,40.62,24372,6,买盘
2214,13:02:54,40.63,16249,4,买盘
2215,13:03:00,40.63,73120,18,买盘
2216,13:03:03,40.63,73134,18,买盘
2217,13:03:09,40.63,12189,3,卖盘
2218,13:03:12,40.58,105555,26,卖盘
2219,13:03:15,40.55,52786,13,卖盘
2220,13:03:18,40.55,81100,20,卖盘
2221,13:03:21,40.57,4057,1,卖盘
2222,13:03:24,40.55,20277,5,卖盘
2223,13:03:27,40.55,287962,71,卖盘
2224,13:03:30,40.56,16224,4,卖盘
2225,13:03:33,40.56,24336,6,卖盘
2226,13:03:36,40.56,12170,3,卖盘
2227,13:03:39,40.58,4058,1,买盘
2228,13:03:42,40.56,4056,1,卖盘
2229,13:03:45,40.58,64926,16,买盘
2230,13:03:48,40.59,12177,3,买盘
2231,13:03:51,40.58,32464,8,卖盘
2232,13:03:54,40.56,190676,47,卖盘
2233,13:03:57,40.51,101418,25,卖盘
2234,13:04:03,40.58,4058,1,买盘
2235,13:04:06,40.58,365222,90,买盘
2236,13:04:09,40.58,4058,1,卖盘
2237,13:04:18,40.58,8116,2,卖盘
2238,13:04:27,40.59,8118,2,买盘
2239,13:04:30,40.58,32464,8,卖盘
2240,13:04:42,40.59,4059,1,买盘
2241,13:04:45,40.59,8118,2,买盘
2242,13:04:51,40.58,32464,8,卖盘
2243,13:04:54,40.58,20290,5,卖盘
2244,13:04:57,40.58,4058,1,卖盘
2245,13:05:03,40.55,214951,53,卖盘
2246,13:05:06,40.58,85185,21,买盘
2247,13:05:09,40.52,12156,3,卖盘
2248,13:05:18,40.51,81020,20,卖盘
2249,13:05:24,40.52,8107,2,中性盘
2250,13:05:27,40.51,40510,10,卖盘
2251,13:05:30,40.52,32416,8,卖盘
2252,13:05:33,40.52,24312,6,卖盘
2253,13:05:36,40.51,117479,29,卖盘
2254,13:05:39,40.51,16204,4,卖盘
2255,13:05:42,40.51,16204,4,卖盘
2256,13:05:45,40.51,24306,6,卖盘
2257,13:05:48,40.52,230926,57,买盘
2258,13:05:51,40.5,60750,15,卖盘
2259,13:05:54,40.5,48602,12,卖盘
2260,13:05:57,40.5,64800,16,卖盘
2261,13:06:00,40.5,125561,31,卖盘
2262,13:06:03,40.5,20250,5,卖盘
2263,13:06:06,40.5,546760,135,卖盘
2264,13:06:09,40.5,8100,2,卖盘
2265,13:06:12,40.5,4050,1,卖盘
2266,13:06:15,40.48,484775,120,卖盘
2267,13:06:18,40.45,12136,3,卖盘
2268,13:06:21,40.47,56650,14,买盘
2269,13:06:24,40.47,12141,3,卖盘
2270,13:06:27,40.45,60688,15,卖盘
2271,13:06:30,40.48,12143,3,买盘
2272,13:06:33,40.45,109215,27,卖盘
2273,13:06:36,40.45,48540,12,卖盘
2274,13:06:39,40.45,8090,2,卖盘
2275,13:06:42,40.45,20225,5,卖盘
2276,13:06:45,40.45,145624,36,卖盘
2277,13:06:51,40.45,20225,5,卖盘
2278,13:06:54,40.41,8082,2,卖盘
2279,13:06:57,40.45,4045,1,中性盘
2280,13:07:00,40.41,60615,15,卖盘
2281,13:07:03,40.41,8082,2,卖盘
2282,13:07:06,40.41,4041,1,卖盘
2283,13:07:09,40.41,4041,1,卖盘
2284,13:07:12,40.4,52526,13,卖盘
2285,13:07:18,40.4,105040,26,卖盘
2286,13:07:21,40.4,484928,120,卖盘
2287,13:07:27,40.4,28288,7,卖盘
2288,13:07:30,40.44,8088,2,买盘
2289,13:07:33,40.46,234600,58,买盘
2290,13:07:36,40.44,76875,19,卖盘
2291,13:07:42,40.47,48560,12,买盘
2292,13:07:45,40.63,811287,200,买盘
2293,13:07:48,40.46,24276,6,卖盘
2294,13:07:51,40.59,12177,3,中性盘
2295,13:07:54,40.46,8093,2,卖盘
2296,13:07:57,40.4,808203,200,卖盘
2297,13:08:03,40.54,12161,3,买盘
2298,13:08:06,40.4,707263,175,卖盘
2299,13:08:21,40.43,117251,29,卖盘
2300,13:08:24,40.45,8090,2,卖盘
2301,13:08:27,40.53,4053,1,买盘
2302,13:08:30,40.49,12147,3,中性盘
2303,13:08:33,40.53,24309,6,买盘
2304,13:08:36,40.53,32424,8,买盘
2305,13:08:39,40.49,101258,25,卖盘
2306,13:08:42,40.49,20245,5,买盘
2307,13:08:45,40.5,352269,87,买盘
2308,13:08:48,40.52,64845,16,中性盘
2309,13:08:51,40.51,40523,10,卖盘
2310,13:08:54,40.56,12168,3,买盘
2311,13:09:06,40.56,4056,1,买盘
2312,13:09:09,40.56,20280,5,买盘
2313,13:09:15,40.51,12153,3,卖盘
2314,13:09:24,40.49,230798,57,卖盘
2315,13:09:27,40.48,60729,15,卖盘
2316,13:09:30,40.46,12138,3,卖盘
2317,13:09:33,40.46,44506,11,卖盘
2318,13:09:36,40.47,28325,7,买盘
2319,13:09:39,40.46,8092,2,卖盘
2320,13:09:42,40.46,4046,1,卖盘
2321,13:09:48,40.46,194209,48,卖盘
2322,13:09:51,40.46,36414,9,买盘
2323,13:09:54,40.43,32358,8,卖盘
2324,13:09:57,40.45,56630,14,买盘
2325,13:10:00,40.43,8086,2,卖盘
2326,13:10:09,40.44,44484,11,买盘
2327,13:10:12,40.44,4044,1,买盘
2328,13:10:15,40.43,32344,8,卖盘
2329,13:10:18,40.44,52555,13,买盘
2330,13:10:21,40.43,20219,5,卖盘
2331,13:10:24,40.4,606074,150,卖盘
2332,13:10:36,40.43,16170,4,买盘
2333,13:10:39,40.42,20210,5,卖盘
2334,13:10:42,40.41,20209,5,卖盘
2335,13:10:45,40.4,20203,5,卖盘
2336,13:10:48,40.39,12117,3,卖盘
2337,13:10:51,40.4,48480,12,卖盘
2338,13:11:00,40.4,12120,3,买盘
2339,13:11:03,40.4,141428,35,买盘
2340,13:11:12,40.39,4039,1,卖盘
2341,13:11:15,40.39,12117,3,卖盘
2342,13:11:21,40.4,8080,2,买盘
2343,13:11:24,40.4,12120,3,买盘
2344,13:11:33,40.4,105040,26,买盘
2345,13:11:36,40.39,36358,9,卖盘
2346,13:11:39,40.4,40402,10,中性盘
2347,13:11:42,40.4,173723,43,卖盘
2348,13:12:03,40.42,282806,70,买盘
2349,13:12:09,40.44,145562,36,买盘
2350,13:12:12,40.45,20225,5,买盘
2351,13:12:15,40.44,32352,8,卖盘
2352,13:12:18,40.44,44484,11,卖盘
2353,13:12:21,40.44,4044,1,买盘
2354,13:12:27,40.44,20220,5,买盘
2355,13:12:39,40.39,218125,54,卖盘
2356,13:12:42,40.44,4044,1,买盘
2357,13:12:45,40.44,12132,3,买盘
2358,13:12:57,40.43,4043,1,买盘
2359,13:13:03,40.43,24258,6,买盘
2360,13:13:06,40.4,12121,3,卖盘
2361,13:13:09,40.44,88928,22,买盘
2362,13:13:12,40.42,4042,1,买盘
2363,13:13:15,40.42,92944,23,买盘
2364,13:13:24,40.37,68648,17,卖盘
2365,13:13:27,40.33,488365,121,卖盘
2366,13:13:30,40.36,226004,56,买盘
2367,13:13:33,40.39,72702,18,买盘
2368,13:13:36,40.39,133363,33,中性盘
2369,13:13:42,40.45,36398,9,买盘
2370,13:13:45,40.44,60656,15,买盘
2371,13:13:51,40.43,20216,5,卖盘
2372,13:13:57,40.44,28304,7,买盘
2373,13:14:03,40.44,52570,13,买盘
2374,13:14:06,40.47,368162,91,买盘
2375,13:14:09,40.5,24285,6,买盘
2376,13:14:15,40.5,40491,10,买盘
2377,13:14:21,40.5,20247,5,买盘
2378,13:14:24,40.49,16192,4,中性盘
2379,13:14:27,40.49,12147,3,卖盘
2380,13:14:30,40.49,8098,2,卖盘
2381,13:14:33,40.44,93055,23,卖盘
2382,13:14:36,40.47,24282,6,买盘
2383,13:14:39,40.44,40440,10,卖盘
2384,13:14:42,40.43,214281,53,卖盘
2385,13:14:45,40.38,28272,7,卖盘
2386,13:14:51,40.36,12112,3,卖盘
2387,13:14:57,40.3,419229,104,卖盘
2388,13:15:00,40.3,32240,8,卖盘
2389,13:15:03,40.3,358674,89,卖盘
2390,13:15:06,40.31,28225,7,卖盘
2391,13:15:09,40.32,20172,5,中性盘
2392,13:15:15,40.35,24215,6,中性盘
2393,13:15:18,40.35,20175,5,买盘
2394,13:15:21,40.33,4033,1,卖盘
2395,13:15:24,40.38,12114,3,买盘
2396,13:15:33,40.38,16152,4,买盘
2397,13:15:39,40.34,24208,6,卖盘
2398,13:15:42,40.38,60565,15,买盘
2399,13:15:45,40.38,88836,22,卖盘
2400,13:15:48,40.38,40380,10,卖盘
2401,13:15:51,40.39,56542,14,买盘
2402,13:15:54,40.39,48464,12,买盘
2403,13:15:57,40.39,52507,13,买盘
2404,13:16:03,40.4,84825,21,买盘
2405,13:16:06,40.39,109078,27,卖盘
2406,13:16:09,40.39,4039,1,卖盘
2407,13:16:12,40.4,101000,25,买盘
2408,13:16:15,40.41,476714,118,买盘
2409,13:16:18,40.39,40396,10,卖盘
2410,13:16:21,40.41,32328,8,买盘
2411,13:16:24,40.41,8082,2,中性盘
2412,13:16:27,40.4,4040,1,卖盘
2413,13:16:30,40.5,580346,143,买盘
2414,13:16:33,40.55,12157,3,买盘
2415,13:16:36,40.55,137854,34,买盘
2416,13:16:39,40.55,182484,45,卖盘
2417,13:16:42,40.55,20258,5,买盘
2418,13:16:45,40.5,105315,26,卖盘
2419,13:16:48,40.57,579635,143,买盘
2420,13:16:51,40.5,109512,27,卖盘
2421,13:16:54,40.5,40500,10,卖盘
2422,13:16:57,40.5,40500,10,卖盘
2423,13:17:00,40.5,255154,63,卖盘
2424,13:17:03,40.5,153900,38,卖盘
2425,13:17:06,40.5,153900,38,卖盘
2426,13:17:09,40.5,105301,26,卖盘
2427,13:17:12,40.5,24300,6,卖盘
2428,13:17:15,40.5,162000,40,卖盘
2429,13:17:18,40.5,97200,24,卖盘
2430,13:17:21,40.5,8100,2,卖盘
2431,13:17:24,40.5,89100,22,卖盘
2432,13:17:27,40.5,6845,2,卖盘
2433,13:17:36,40.5,70106,17,买盘
2434,13:17:42,40.51,28357,7,买盘
2435,13:17:45,40.5,20252,5,卖盘
2436,13:17:51,40.51,12151,3,买盘
2437,13:18:00,40.56,599594,148,买盘
2438,13:18:03,40.58,56809,14,买盘
2439,13:18:06,40.6,44653,11,买盘
2440,13:18:09,40.63,239702,59,买盘
2441,13:18:12,40.64,32506,8,买盘
2442,13:18:15,40.65,4065,1,买盘
2443,13:18:18,40.59,272121,67,卖盘
2444,13:18:21,40.59,12177,3,买盘
2445,13:18:24,40.59,174537,43,买盘
2446,13:18:27,40.63,4063,1,买盘
2447,13:18:30,40.63,4063,1,买盘
2448,13:18:33,40.65,20321,5,买盘
2449,13:18:39,40.65,4065,1,买盘
2450,13:18:42,40.63,12189,3,卖盘
2451,13:18:48,40.63,16252,4,卖盘
2452,13:18:51,40.63,65008,16,卖盘
2453,13:18:54,40.62,12187,3,卖盘
2454,13:18:57,40.63,154394,38,买盘
2455,13:19:00,40.63,117827,29,买盘
2456,13:19:03,40.63,101575,25,买盘
2457,13:19:06,40.69,97580,24,买盘
2458,13:19:09,40.63,207396,51,卖盘
2459,13:19:18,40.69,12207,3,买盘
2460,13:19:24,40.69,8138,2,买盘
2461,13:19:27,40.66,20326,5,中性盘
2462,13:19:39,40.7,77290,19,买盘
2463,13:19:42,40.7,4070,1,买盘
2464,13:19:45,40.7,65120,16,买盘
2465,13:19:48,40.67,36602,9,中性盘
2466,13:19:51,40.69,89508,22,买盘
2467,13:19:57,40.69,8138,2,买盘
2468,13:20:00,40.7,8140,2,买盘
2469,13:20:03,40.69,12207,3,卖盘
2470,13:20:06,40.69,4069,1,中性盘
2471,13:20:09,40.66,8132,2,卖盘
2472,13:20:12,40.63,1564667,385,卖盘
2473,13:20:15,40.62,8124,2,买盘
2474,13:20:18,40.61,4061,1,中性盘
2475,13:20:21,40.6,434410,107,卖盘
2476,13:20:24,40.6,4060,1,买盘
2477,13:20:27,40.64,812388,200,买盘
2478,13:20:30,40.61,36549,9,买盘
2479,13:20:33,40.7,671464,165,买盘
2480,13:20:36,40.61,44671,11,卖盘
2481,13:20:39,40.61,8122,2,卖盘
2482,13:20:42,40.62,4062,1,买盘
2483,13:20:48,40.62,93426,23,买盘
2484,13:20:51,40.62,8124,2,卖盘
2485,13:20:57,40.62,12187,3,卖盘
2486,13:21:00,40.62,8124,2,卖盘
2487,13:21:03,40.65,4065,1,买盘
2488,13:21:06,40.65,4065,1,买盘
2489,13:21:09,40.64,16256,4,卖盘
2490,13:21:15,40.64,4064,1,买盘
2491,13:21:21,40.64,12192,3,买盘
2492,13:21:24,40.64,28448,7,买盘
2493,13:21:27,40.65,44718,11,买盘
2494,13:21:30,40.65,8130,2,买盘
2495,13:21:33,40.65,89410,22,中性盘
2496,13:21:39,40.68,12204,3,买盘
2497,13:21:45,40.65,12195,3,卖盘
2498,13:21:48,40.69,36619,9,买盘
2499,13:21:54,40.68,12204,3,卖盘
2500,13:22:00,40.7,77322,19,买盘
2501,13:22:03,40.65,81355,20,卖盘
2502,13:22:06,40.65,32520,8,卖盘
2503,13:22:09,40.64,89419,22,卖盘
2504,13:22:12,40.62,69055,17,卖盘
2505,13:22:15,40.61,48736,12,卖盘
2506,13:22:18,40.54,8108,2,中性盘
2507,13:22:21,40.54,20277,5,卖盘
2508,13:22:27,40.59,24329,6,买盘
2509,13:22:36,40.53,77010,19,卖盘
2510,13:22:42,40.52,117508,29,卖盘
2511,13:22:45,40.51,28357,7,卖盘
2512,13:22:51,40.51,676670,167,卖盘
2513,13:22:54,40.59,72958,18,买盘
2514,13:23:00,40.53,40531,10,卖盘
2515,13:23:03,40.53,12159,3,中性盘
2516,13:23:12,40.55,4055,1,卖盘
2517,13:23:15,40.52,36469,9,卖盘
2518,13:23:24,40.5,477932,118,卖盘
2519,13:23:30,40.5,20250,5,卖盘
2520,13:23:33,40.5,627750,155,卖盘
2521,13:23:36,40.5,2795,1,卖盘
2522,13:23:42,40.47,41725,10,卖盘
2523,13:23:45,40.47,6839,2,卖盘
2524,13:23:48,40.44,32382,8,卖盘
2525,13:23:51,40.44,8088,2,卖盘
2526,13:23:54,40.47,352046,87,买盘
2527,13:23:57,40.49,36439,9,买盘
2528,13:24:00,40.47,4047,1,卖盘
2529,13:24:03,40.47,36430,9,卖盘
2530,13:24:09,40.52,12156,3,买盘
2531,13:24:18,40.47,4047,1,卖盘
2532,13:24:21,40.52,28364,7,买盘
2533,13:24:27,40.52,8104,2,买盘
2534,13:24:30,40.52,4052,1,卖盘
2535,13:24:33,40.52,4052,1,卖盘
2536,13:24:36,40.42,40452,10,卖盘
2537,13:24:42,40.53,32364,8,买盘
2538,13:24:54,40.46,44516,11,卖盘
2539,13:25:03,40.46,8092,2,卖盘
2540,13:25:18,40.5,28350,7,卖盘
2541,13:25:21,40.5,16200,4,卖盘
2542,13:25:27,40.5,4050,1,中性盘
2543,13:25:30,40.46,32369,8,卖盘
2544,13:25:36,40.5,40500,10,买盘
2545,13:25:42,40.52,4052,1,买盘
2546,13:25:48,40.51,4051,1,卖盘
2547,13:26:00,40.5,109355,27,卖盘
2548,13:26:03,40.51,32403,8,买盘
2549,13:26:18,40.5,125599,31,卖盘
2550,13:26:24,40.52,12156,3,买盘
2551,13:26:30,40.52,56732,14,卖盘
2552,13:26:48,40.51,40510,10,卖盘
2553,13:26:51,40.51,12153,3,卖盘
2554,13:26:57,40.5,28350,7,卖盘
2555,13:27:03,40.5,830244,205,卖盘
2556,13:27:06,40.5,40498,10,买盘
2557,13:27:12,40.47,12141,3,卖盘
2558,13:27:18,40.5,80983,20,买盘
2559,13:27:21,40.47,36427,9,卖盘
2560,13:27:27,40.5,16200,4,中性盘
2561,13:27:33,40.52,251220,62,买盘
2562,13:27:39,40.53,20264,5,买盘
2563,13:27:42,40.56,77026,19,买盘
2564,13:27:45,40.53,4053,1,卖盘
2565,13:27:48,40.56,8112,2,买盘
2566,13:27:57,40.6,414098,102,买盘
2567,13:28:03,40.6,81200,20,买盘
2568,13:28:06,40.6,36540,9,买盘
2569,13:28:12,40.63,166469,41,买盘
2570,13:28:15,40.68,4068,1,买盘
2571,13:28:18,40.68,65088,16,买盘
2572,13:28:21,40.68,20340,5,买盘
2573,13:28:30,40.62,109819,27,卖盘
2574,13:28:33,40.62,117799,29,卖盘
2575,13:28:36,40.61,4061,1,卖盘
2576,13:28:39,40.61,4061,1,买盘
2577,13:28:45,40.6,8121,2,卖盘
2578,13:28:48,40.61,4061,1,买盘
2579,13:28:51,40.6,85260,21,卖盘
2580,13:28:57,40.59,56837,14,卖盘
2581,13:29:00,40.6,4060,1,买盘
2582,13:29:03,40.56,12168,3,卖盘
2583,13:29:06,40.56,12168,3,买盘
2584,13:29:09,40.56,8112,2,买盘
2585,13:29:12,40.56,16224,4,买盘
2586,13:29:15,40.56,16224,4,买盘
2587,13:29:21,40.55,28385,7,卖盘
2588,13:29:24,40.59,16236,4,买盘
2589,13:29:27,40.59,28398,7,买盘
2590,13:29:30,40.59,12174,3,买盘
2591,13:29:39,40.61,28423,7,买盘
2592,13:29:42,40.61,8122,2,买盘
2593,13:29:45,40.59,48708,12,卖盘
2594,13:29:48,40.61,4061,1,买盘
2595,13:29:57,40.6,16240,4,卖盘
2596,13:30:00,40.61,4061,1,买盘
2597,13:30:03,40.61,4061,1,买盘
2598,13:30:06,40.61,28427,7,买盘
2599,13:30:09,40.62,93426,23,买盘
2600,13:30:12,40.62,52806,13,买盘
2601,13:30:15,40.65,24390,6,买盘
2602,13:30:21,40.65,28455,7,买盘
2603,13:30:24,40.65,52843,13,买盘
2604,13:30:27,40.65,16260,4,买盘
2605,13:30:33,40.64,28466,7,卖盘
2606,13:30:45,40.65,12197,3,卖盘
2607,13:30:48,40.62,60947,15,卖盘
2608,13:30:51,40.62,73116,18,卖盘
2609,13:30:54,40.61,36565,9,卖盘
2610,13:30:57,40.61,32491,8,卖盘
2611,13:31:00,40.64,32512,8,买盘
2612,13:31:03,40.65,8130,2,买盘
2613,13:31:06,40.66,69116,17,买盘
2614,13:31:09,40.6,1486073,366,卖盘
2615,13:31:12,40.65,89418,22,买盘
2616,13:31:15,40.65,44715,11,买盘
2617,13:31:21,40.66,56912,14,买盘
2618,13:31:24,40.66,4066,1,买盘
2619,13:31:27,40.64,4064,1,卖盘
2620,13:31:30,40.65,272289,67,买盘
2621,13:31:33,40.65,28461,7,卖盘
2622,13:31:39,40.67,4067,1,买盘
2623,13:31:42,40.65,12196,3,卖盘
2624,13:31:48,40.67,40670,10,买盘
2625,13:31:51,40.65,101649,25,卖盘
2626,13:31:54,40.68,28473,7,买盘
2627,13:32:00,40.68,56934,14,中性盘
2628,13:32:03,40.69,170891,42,买盘
2629,13:32:09,40.7,56977,14,买盘
2630,13:32:12,40.62,8126,2,卖盘
2631,13:32:15,40.61,16244,4,卖盘
2632,13:32:18,40.69,28483,7,买盘
2633,13:32:21,40.72,154669,38,买盘
2634,13:32:24,40.74,1085941,267,买盘
2635,13:32:27,40.73,8146,2,买盘
2636,13:32:30,40.69,4069,1,卖盘
2637,13:32:33,40.72,48866,12,中性盘
2638,13:32:39,40.69,28483,7,卖盘
2639,13:32:42,40.72,40720,10,买盘
2640,13:32:45,40.73,93662,23,买盘
2641,13:32:48,40.73,48872,12,卖盘
2642,13:32:51,40.72,109989,27,卖盘
2643,13:32:54,40.71,36648,9,中性盘
2644,13:32:57,40.72,12216,3,卖盘
2645,13:33:00,40.72,93663,23,卖盘
2646,13:33:03,40.74,36652,9,买盘
2647,13:33:06,40.73,12221,3,中性盘
2648,13:33:09,40.72,44792,11,卖盘
2649,13:33:12,40.72,504928,124,卖盘
2650,13:33:15,40.72,142522,35,卖盘
2651,13:33:18,40.72,36640,9,买盘
2652,13:33:21,40.73,85508,21,买盘
2653,13:33:24,40.73,4073,1,买盘
2654,13:33:27,40.73,16292,4,买盘
2655,13:33:30,40.74,16293,4,买盘
2656,13:33:33,40.74,24444,6,买盘
2657,13:33:36,40.75,89620,22,买盘
2658,13:33:39,40.75,28521,7,买盘
2659,13:33:45,40.75,4075,1,买盘
2660,13:33:48,40.75,16300,4,买盘
2661,13:33:51,40.75,81498,20,买盘
2662,13:33:54,40.75,757389,186,买盘
2663,13:33:57,40.78,12233,3,买盘
2664,13:34:00,40.75,326248,80,卖盘
2665,13:34:03,40.81,469132,115,买盘
2666,13:34:06,40.81,44891,11,买盘
2667,13:34:09,40.81,204050,50,买盘
2668,13:34:12,40.81,77539,19,买盘
2669,13:34:15,40.81,85701,21,买盘
2670,13:34:18,40.81,85701,21,买盘
2671,13:34:21,40.81,1281170,314,买盘
2672,13:34:24,40.81,346885,85,买盘
2673,13:34:27,40.81,114268,28,买盘
2674,13:34:30,40.82,175510,43,买盘
2675,13:34:33,40.82,106132,26,买盘
2676,13:34:36,40.82,40825,10,卖盘
2677,13:34:39,40.85,81688,20,买盘
2678,13:34:42,40.85,8170,2,买盘
2679,13:34:45,40.86,110306,27,买盘
2680,13:34:48,40.85,187880,46,买盘
2681,13:34:51,40.85,134801,33,中性盘
2682,13:34:54,40.86,151155,37,买盘
2683,13:34:57,40.85,73530,18,中性盘
2684,13:35:00,40.86,187940,46,买盘
2685,13:35:03,40.85,245058,60,中性盘
2686,13:35:06,40.85,77623,19,中性盘
2687,13:35:09,40.86,110302,27,买盘
2688,13:35:12,40.85,200210,49,中性盘
2689,13:35:15,40.86,93971,23,买盘
2690,13:35:18,40.86,249226,61,买盘
2691,13:35:21,40.86,183881,45,中性盘
2692,13:35:24,40.87,122607,30,买盘
2693,13:35:27,40.85,89870,22,卖盘
2694,13:35:30,40.85,196041,48,买盘
2695,13:35:33,40.8,803874,197,卖盘
2696,13:35:36,40.8,77582,19,卖盘
2697,13:35:39,40.8,334507,82,卖盘
2698,13:35:42,40.79,44877,11,中性盘
2699,13:35:45,40.8,175424,43,买盘
2700,13:35:48,40.79,12229,3,中性盘
2701,13:35:51,40.79,77503,19,买盘
2702,13:35:54,40.8,28560,7,买盘
2703,13:35:57,40.8,938400,230,买盘
2704,13:36:00,40.81,212188,52,买盘
2705,13:36:03,40.74,40775,10,卖盘
2706,13:36:06,40.81,93838,23,买盘
2707,13:36:09,40.8,114240,28,卖盘
2708,13:36:12,40.75,40750,10,卖盘
2709,13:36:15,40.75,12224,3,买盘
2710,13:36:18,40.76,65201,16,买盘
2711,13:36:21,40.73,105926,26,卖盘
2712,13:36:24,40.73,175139,43,卖盘
2713,13:36:27,40.66,12198,3,卖盘
2714,13:36:30,40.66,8133,2,卖盘
2715,13:36:33,40.66,244397,60,卖盘
2716,13:36:36,40.74,4074,1,中性盘
2717,13:36:42,40.66,36594,9,卖盘
2718,13:36:45,40.66,24396,6,买盘
2719,13:36:48,40.66,12212,3,中性盘
2720,13:36:51,40.67,16265,4,买盘
2721,13:37:00,40.71,16280,4,买盘
2722,13:37:06,40.74,36665,9,买盘
2723,13:37:09,40.66,28462,7,卖盘
2724,13:37:12,40.66,20330,5,买盘
2725,13:37:15,40.66,36591,9,买盘
2726,13:37:18,40.66,8132,2,买盘
2727,13:37:21,40.66,24391,6,买盘
2728,13:37:24,40.65,56910,14,卖盘
2729,13:37:27,40.65,28455,7,买盘
2730,13:37:30,40.64,48777,12,卖盘
2731,13:37:33,40.66,81298,20,买盘
2732,13:37:45,40.66,12198,3,买盘
2733,13:37:48,40.74,16288,4,中性盘
2734,13:37:54,40.75,20373,5,买盘
2735,13:38:00,40.66,81501,20,卖盘
2736,13:38:03,40.75,8150,2,买盘
2737,13:38:06,40.74,12222,3,买盘
2738,13:38:12,40.74,93702,23,买盘
2739,13:38:15,40.74,8148,2,中性盘
2740,13:38:18,40.66,73301,18,卖盘
2741,13:38:24,40.74,16296,4,买盘
2742,13:38:30,40.66,20330,5,卖盘
2743,13:38:33,40.7,8140,2,买盘
2744,13:38:36,40.7,52910,13,买盘
2745,13:38:39,40.66,431628,106,卖盘
2746,13:38:42,40.74,4074,1,买盘
2747,13:38:48,40.66,431862,106,卖盘
2748,13:38:51,40.66,48864,12,卖盘
2749,13:38:57,40.75,407487,100,买盘
2750,13:39:00,40.66,101659,25,卖盘
2751,13:39:03,40.74,40695,10,中性盘
2752,13:39:09,40.67,24402,6,卖盘
2753,13:39:12,40.74,16296,4,买盘
2754,13:39:18,40.67,85523,21,卖盘
2755,13:39:21,40.74,4074,1,中性盘
2756,13:39:24,40.75,411571,101,买盘
2757,13:39:27,40.67,8141,2,卖盘
2758,13:39:30,40.75,533684,131,买盘
2759,13:39:33,40.75,4075,1,买盘
2760,13:39:36,40.75,36668,9,买盘
2761,13:39:39,40.76,105957,26,买盘
2762,13:39:42,40.75,28526,7,卖盘
2763,13:39:45,40.74,387107,95,卖盘
2764,13:39:48,40.69,52937,13,卖盘
2765,13:39:57,40.69,32583,8,卖盘
2766,13:40:00,40.69,4069,1,卖盘
2767,13:40:03,40.69,24414,6,买盘
2768,13:40:06,40.69,89518,22,中性盘
2769,13:40:09,40.68,12205,3,卖盘
2770,13:40:12,40.75,93710,23,买盘
2771,13:40:18,40.75,85605,21,卖盘
2772,13:40:21,40.78,16307,4,买盘
2773,13:40:24,40.76,97883,24,卖盘
2774,13:40:30,40.81,485408,119,买盘
2775,13:40:33,40.81,4081,1,买盘
2776,13:40:36,40.83,408197,100,买盘
2777,13:40:39,40.78,44868,11,卖盘
2778,13:40:42,40.84,115515,28,买盘
2779,13:40:45,40.86,196085,48,买盘
2780,13:40:48,40.84,16336,4,卖盘
2781,13:40:51,40.87,408615,100,买盘
2782,13:40:54,40.84,61279,15,卖盘
2783,13:40:57,40.87,106259,26,买盘
2784,13:41:00,40.87,216459,53,买盘
2785,13:41:03,40.9,1063087,260,买盘
2786,13:41:06,40.95,28645,7,买盘
2787,13:41:09,40.9,20450,5,卖盘
2788,13:41:12,40.95,40954,10,买盘
2789,13:41:15,40.96,184289,45,买盘
2790,13:41:18,40.94,20474,5,卖盘
2791,13:41:21,40.96,65532,16,买盘
2792,13:41:24,40.96,4096,1,买盘
2793,13:41:27,40.97,24579,6,买盘
2794,13:41:30,40.96,81932,20,中性盘
2795,13:41:36,40.98,384976,94,买盘
2796,13:41:39,40.97,90134,22,买盘
2797,13:41:42,40.97,106522,26,买盘
2798,13:41:48,40.91,86005,21,卖盘
2799,13:41:51,40.99,176202,43,买盘
2800,13:41:54,40.93,8192,2,中性盘
2801,13:41:57,40.99,12295,3,买盘
2802,13:42:00,40.97,167917,41,买盘
2803,13:42:03,40.96,4096,1,中性盘
2804,13:42:06,40.95,8189,2,中性盘
2805,13:42:09,40.91,114583,28,卖盘
2806,13:42:12,40.9,1104451,270,卖盘
2807,13:42:15,40.86,65429,16,卖盘
2808,13:42:18,40.83,98102,24,卖盘
2809,13:42:21,40.83,257238,63,卖盘
2810,13:42:24,40.83,15148,4,卖盘
2811,13:42:27,40.83,81660,20,买盘
2812,13:42:30,40.83,57156,14,买盘
2813,13:42:33,40.83,12249,3,买盘
2814,13:42:36,40.83,4083,1,买盘
2815,13:42:39,40.82,28574,7,卖盘
2816,13:42:42,40.83,4083,1,买盘
2817,13:42:45,40.82,40820,10,卖盘
2818,13:42:48,40.81,114305,28,卖盘
2819,13:43:00,40.82,16328,4,卖盘
2820,13:43:03,40.83,118384,29,买盘
2821,13:43:06,40.83,8166,2,卖盘
2822,13:43:09,40.83,61269,15,卖盘
2823,13:43:12,40.83,8166,2,买盘
2824,13:43:15,40.83,20415,5,买盘
2825,13:43:18,40.82,32660,8,卖盘
2826,13:43:21,40.82,8164,2,买盘
2827,13:43:27,40.83,44912,11,买盘
2828,13:43:30,40.81,20405,5,卖盘
2829,13:43:33,40.81,32648,8,卖盘
2830,13:43:39,40.86,53101,13,买盘
2831,13:43:42,40.83,32664,8,卖盘
2832,13:43:45,40.83,4083,1,买盘
2833,13:43:48,40.82,32657,8,卖盘
2834,13:43:51,40.83,32664,8,买盘
2835,13:43:54,40.83,8166,2,中性盘
2836,13:43:57,40.84,28592,7,买盘
2837,13:44:00,40.83,32665,8,卖盘
2838,13:44:03,40.78,403990,99,卖盘
2839,13:44:06,40.77,12232,3,卖盘
2840,13:44:09,40.77,12231,3,卖盘
2841,13:44:12,40.76,8152,2,卖盘
2842,13:44:15,40.76,69291,17,卖盘
2843,13:44:18,40.75,317894,78,卖盘
2844,13:44:21,40.77,12227,3,买盘
2845,13:44:24,40.77,44840,11,买盘
2846,13:44:30,40.79,93787,23,买盘
2847,13:44:33,40.78,28546,7,中性盘
2848,13:44:36,40.77,28539,7,卖盘
2849,13:44:39,40.76,8152,2,卖盘
2850,13:44:42,40.75,207827,51,卖盘
2851,13:44:45,40.7,126340,31,卖盘
2852,13:44:48,40.7,20351,5,卖盘
2853,13:44:51,40.69,48831,12,卖盘
2854,13:45:00,40.76,40724,10,买盘
2855,13:45:09,40.69,61112,15,卖盘
2856,13:45:18,40.69,73242,18,卖盘
2857,13:45:21,40.69,4069,1,卖盘
2858,13:45:30,40.69,16276,4,卖盘
2859,13:45:33,40.69,12207,3,卖盘
2860,13:45:36,40.68,12205,3,卖盘
2861,13:45:39,40.68,24408,6,卖盘
2862,13:45:42,40.68,8136,2,卖盘
2863,13:45:48,40.68,44753,11,卖盘
2864,13:45:51,40.68,24410,6,卖盘
2865,13:45:54,40.68,126121,31,卖盘
2866,13:45:57,40.69,4069,1,买盘
2867,13:46:00,40.68,20340,5,卖盘
2868,13:46:06,40.68,32544,8,卖盘
2869,13:46:09,40.67,85422,21,卖盘
2870,13:46:12,40.67,12202,3,卖盘
2871,13:46:15,40.67,8134,2,卖盘
2872,13:46:18,40.67,40670,10,卖盘
2873,13:46:21,40.67,24402,6,卖盘
2874,13:46:24,40.67,4067,1,卖盘
2875,13:46:27,40.67,4067,1,卖盘
2876,13:46:30,40.67,40670,10,卖盘
2877,13:46:33,40.67,8134,2,卖盘
2878,13:46:36,40.7,1029328,253,买盘
2879,13:46:39,40.68,24416,6,中性盘
2880,13:46:45,40.76,44836,11,买盘
2881,13:46:48,40.7,16277,4,中性盘
2882,13:47:00,40.69,16276,4,卖盘
2883,13:47:03,40.81,93857,23,买盘
2884,13:47:09,40.72,138748,34,卖盘
2885,13:47:12,40.83,48996,12,买盘
2886,13:47:15,40.82,24462,6,中性盘
2887,13:47:18,40.76,12228,3,卖盘
2888,13:47:21,40.72,8144,2,卖盘
2889,13:47:27,40.76,20380,5,买盘
2890,13:47:30,40.73,24438,6,卖盘
2891,13:47:33,40.83,44873,11,买盘
2892,13:47:36,40.83,48989,12,买盘
2893,13:47:39,40.82,36687,9,中性盘
2894,13:47:42,40.83,77577,19,买盘
2895,13:47:45,40.83,4083,1,买盘
2896,13:47:48,40.73,12239,3,卖盘
2897,13:47:51,40.73,12219,3,卖盘
2898,13:47:57,40.83,8166,2,买盘
2899,13:48:00,40.77,441012,108,卖盘
2900,13:48:03,40.76,4076,1,卖盘
2901,13:48:06,40.85,179437,44,买盘
2902,13:48:09,40.78,28558,7,卖盘
2903,13:48:12,40.78,8156,2,卖盘
2904,13:48:15,40.78,236607,58,卖盘
2905,13:48:18,40.78,20396,5,卖盘
2906,13:48:21,40.84,12246,3,买盘
2907,13:48:24,40.85,408484,100,买盘
2908,13:48:30,40.8,61184,15,买盘
2909,13:48:39,40.78,24469,6,卖盘
2910,13:48:42,40.78,24471,6,卖盘
2911,13:48:45,40.78,53026,13,卖盘
2912,13:48:48,40.78,40796,10,卖盘
2913,13:48:51,40.8,8158,2,买盘
2914,13:48:54,40.83,20415,5,中性盘
2915,13:49:00,40.78,36707,9,卖盘
2916,13:49:03,40.77,61167,15,卖盘
2917,13:49:06,40.83,151019,37,买盘
2918,13:49:09,40.77,36723,9,卖盘
2919,13:49:15,40.83,32664,8,买盘
2920,13:49:18,40.78,4078,1,卖盘
2921,13:49:21,40.78,24468,6,卖盘
2922,13:49:27,40.81,4081,1,中性盘
2923,13:49:30,40.78,65306,16,卖盘
2924,13:49:33,40.81,8162,2,中性盘
2925,13:49:39,40.78,57102,14,卖盘
2926,13:49:42,40.81,48972,12,买盘
2927,13:49:45,40.81,16324,4,买盘
2928,13:49:48,40.78,4078,1,卖盘
2929,13:49:51,40.78,28546,7,卖盘
2930,13:49:57,40.81,142798,35,买盘
2931,13:50:00,40.77,65270,16,卖盘
2932,13:50:03,40.77,32616,8,卖盘
2933,13:50:06,40.81,4081,1,买盘
2934,13:50:09,40.78,65285,16,卖盘
2935,13:50:15,40.78,8156,2,买盘
2936,13:50:18,40.77,16308,4,卖盘
2937,13:50:21,40.77,36693,9,卖盘
2938,13:50:24,40.78,4078,1,买盘
2939,13:50:27,40.77,12232,3,卖盘
2940,13:50:30,40.88,494006,121,买盘
2941,13:50:33,40.97,2597079,634,买盘
2942,13:50:36,41.05,36939,9,买盘
2943,13:50:39,40.97,16388,4,卖盘
2944,13:50:42,41.03,57457,14,中性盘
2945,13:50:45,41.03,4103,1,买盘
2946,13:50:48,41.05,41032,10,买盘
2947,13:50:51,40.97,12291,3,卖盘
2948,13:50:54,41.01,28683,7,买盘
2949,13:50:57,41.04,114865,28,买盘
2950,13:51:00,41.03,361077,88,卖盘
2951,13:51:03,41.02,147701,36,卖盘
2952,13:51:06,41.03,237663,58,买盘
2953,13:51:09,41.01,53303,13,中性盘
2954,13:51:12,41.05,98462,24,买盘
2955,13:51:15,41.03,8208,2,卖盘
2956,13:51:18,41.04,61548,15,中性盘
2957,13:51:21,41.04,123045,30,买盘
2958,13:51:24,41.05,192860,47,买盘
2959,13:51:27,41.09,414704,101,买盘
2960,13:51:30,41.1,636403,155,买盘
2961,13:51:33,41.1,127411,31,买盘
2962,13:51:36,41.2,310920,76,买盘
2963,13:51:39,41.2,111145,27,买盘
2964,13:51:42,41.2,263680,64,买盘
2965,13:51:45,41.21,284345,69,买盘
2966,13:51:48,41.27,61848,15,买盘
2967,13:51:51,41.21,45328,11,卖盘
2968,13:51:54,41.21,210187,51,卖盘
2969,13:51:57,41.27,280678,68,买盘
2970,13:52:00,41.21,753462,183,卖盘
2971,13:52:03,41.24,193685,47,买盘
2972,13:52:06,41.2,210229,51,卖盘
2973,13:52:09,41.13,75024,18,卖盘
2974,13:52:12,41.2,24718,6,买盘
2975,13:52:15,41.18,16469,4,中性盘
2976,13:52:21,41.14,119405,29,卖盘
2977,13:52:24,41.2,181164,44,买盘
2978,13:52:27,41.14,45254,11,买盘
2979,13:52:30,41.2,201578,49,买盘
2980,13:52:33,41.18,53544,13,中性盘
2981,13:52:36,41.18,111227,27,买盘
2982,13:52:39,41.24,622299,151,买盘
2983,13:52:42,41.29,185556,45,买盘
2984,13:52:45,41.28,41290,10,中性盘
2985,13:52:48,41.29,99084,24,买盘
2986,13:52:51,41.27,20623,5,卖盘
2987,13:52:54,41.22,12366,3,中性盘
2988,13:52:57,41.21,70090,17,卖盘
2989,13:53:00,41.22,181421,44,中性盘
2990,13:53:03,41.22,20610,5,买盘
2991,13:53:06,41.24,651524,158,买盘
2992,13:53:09,41.25,408224,99,买盘
2993,13:53:12,41.28,94905,23,买盘
2994,13:53:15,41.29,78441,19,买盘
2995,13:53:18,41.27,49543,12,卖盘
2996,13:53:21,41.3,309715,75,买盘
2997,13:53:24,41.3,57819,14,买盘
2998,13:53:27,41.29,206484,50,中性盘
2999,13:53:30,41.31,429569,104,买盘
3000,13:53:33,41.31,132139,32,买盘
3001,13:53:36,41.28,57815,14,卖盘
3002,13:53:39,41.27,239559,58,卖盘
3003,13:53:42,41.31,123933,30,买盘
3004,13:53:45,41.31,1805963,437,卖盘
3005,13:53:48,41.32,123922,30,中性盘
3006,13:53:51,41.36,181900,44,买盘
3007,13:53:54,41.34,16536,4,卖盘
3008,13:53:57,41.38,256322,62,买盘
3009,13:54:00,41.32,181846,44,卖盘
3010,13:54:03,41.33,157079,38,中性盘
3011,13:54:06,41.3,103269,25,卖盘
3012,13:54:09,41.28,343044,83,卖盘
3013,13:54:12,41.28,20654,5,卖盘
3014,13:54:15,41.32,210612,51,买盘
3015,13:54:18,41.33,20650,5,买盘
3016,13:54:21,41.3,95028,23,卖盘
3017,13:54:24,41.34,41329,10,买盘
3018,13:54:27,41.32,95051,23,中性盘
3019,13:54:30,41.33,231419,56,卖盘
3020,13:54:33,41.35,405167,98,买盘
3021,13:54:36,41.35,529283,128,买盘
3022,13:54:39,41.35,62041,15,卖盘
3023,13:54:42,41.33,74419,18,卖盘
3024,13:54:45,41.37,62053,15,买盘
3025,13:54:48,41.38,62051,15,买盘
3026,13:54:51,41.37,111695,27,中性盘
3027,13:54:54,41.37,347580,84,买盘
3028,13:54:57,41.35,99281,24,卖盘
3029,13:55:00,41.36,37225,9,卖盘
3030,13:55:03,41.35,281202,68,卖盘
3031,13:55:06,41.33,66161,16,卖盘
3032,13:55:09,41.36,165371,40,买盘
3033,13:55:12,41.36,99269,24,卖盘
3034,13:55:15,41.36,173735,42,卖盘
3035,13:55:18,41.36,78588,19,卖盘
3036,13:55:21,41.37,144790,35,买盘
3037,13:55:24,41.37,74469,18,卖盘
3038,13:55:27,41.33,1290393,312,卖盘
3039,13:55:30,41.32,99158,24,卖盘
3040,13:55:33,41.28,123943,30,卖盘
3041,13:55:36,41.29,107336,26,中性盘
3042,13:55:39,41.28,33030,8,卖盘
3043,13:55:42,41.29,78443,19,中性盘
3044,13:55:45,41.29,28904,7,卖盘
3045,13:55:48,41.3,57810,14,买盘
3046,13:55:51,41.27,1362305,330,卖盘
3047,13:55:54,41.27,140279,34,买盘
3048,13:55:57,41.29,127966,31,买盘
3049,13:56:00,41.22,33002,8,卖盘
3050,13:56:03,41.21,82422,20,卖盘
3051,13:56:06,41.15,45310,11,卖盘
3052,13:56:09,41.13,28793,7,卖盘
3053,13:56:12,41.14,16454,4,买盘
3054,13:56:15,41.21,78227,19,买盘
3055,13:56:18,41.21,4121,1,买盘
3056,13:56:21,41.19,28805,7,中性盘
3057,13:56:24,41.12,12348,3,卖盘
3058,13:56:27,41.18,57604,14,买盘
3059,13:56:30,41.12,16448,4,卖盘
3060,13:56:33,41.12,32893,8,买盘
3061,13:56:36,41.1,464462,113,卖盘
3062,13:56:39,41.0,98509,24,卖盘
3063,13:56:42,41.1,193166,47,买盘
3064,13:56:45,41.0,110764,27,卖盘
3065,13:56:48,41.0,4100,1,卖盘
3066,13:56:51,41.09,78016,19,中性盘
3067,13:56:54,41.09,16436,4,买盘
3068,13:56:57,41.0,20512,5,卖盘
3069,13:57:00,41.06,20530,5,中性盘
3070,13:57:03,41.1,32874,8,买盘
3071,13:57:06,41.1,78079,19,买盘
3072,13:57:09,41.09,41093,10,卖盘
3073,13:57:12,41.1,28767,7,买盘
3074,13:57:18,41.08,139725,34,卖盘
3075,13:57:21,41.08,123240,30,买盘
3076,13:57:24,41.11,723139,176,买盘
3077,13:57:27,41.12,20556,5,买盘
3078,13:57:30,41.13,49356,12,买盘
3079,13:57:33,41.15,20571,5,买盘
3080,13:57:36,41.18,82342,20,买盘
3081,13:57:39,41.18,70022,17,卖盘
3082,13:57:42,41.2,119462,29,买盘
3083,13:57:45,41.21,12363,3,买盘
3084,13:57:48,41.18,45321,11,卖盘
3085,13:57:51,41.18,8236,2,卖盘
3086,13:57:54,41.26,305081,74,买盘
3087,13:57:57,41.29,53630,13,买盘
3088,13:58:00,41.18,317129,77,卖盘
3089,13:58:03,41.18,28822,7,买盘
3090,13:58:06,41.17,135891,33,卖盘
3091,13:58:09,41.17,98825,24,卖盘
3092,13:58:12,41.17,24702,6,买盘
3093,13:58:15,41.17,8234,2,买盘
3094,13:58:18,41.17,41170,10,买盘
3095,13:58:21,41.16,78204,19,卖盘
3096,13:58:24,41.17,90558,22,买盘
3097,13:58:27,41.15,4115,1,卖盘
3098,13:58:30,41.15,90557,22,卖盘
3099,13:58:33,41.15,8230,2,卖盘
3100,13:58:36,41.15,127580,31,卖盘
3101,13:58:39,41.14,37026,9,卖盘
3102,13:58:42,41.15,37027,9,买盘
3103,13:58:45,41.14,152245,37,卖盘
3104,13:58:48,41.12,12337,3,卖盘
3105,13:58:51,41.13,4113,1,买盘
3106,13:58:54,41.13,32898,8,买盘
3107,13:58:57,41.13,45252,11,卖盘
3108,13:59:00,41.15,45256,11,买盘
3109,13:59:03,41.15,341542,83,买盘
3110,13:59:06,41.17,57638,14,买盘
3111,13:59:09,41.15,53519,13,卖盘
3112,13:59:12,41.17,189333,46,买盘
3113,13:59:15,41.11,57587,14,卖盘
3114,13:59:18,41.08,16436,4,卖盘
3115,13:59:21,41.07,98571,24,卖盘
3116,13:59:24,41.07,53382,13,买盘
3117,13:59:27,41.02,28718,7,卖盘
3118,13:59:33,41.07,28754,7,买盘
3119,13:59:36,41.02,86160,21,卖盘
3120,13:59:39,41.02,20510,5,卖盘
3121,13:59:42,41.09,94463,23,买盘
3122,13:59:45,41.07,98576,24,中性盘
3123,13:59:48,41.07,32856,8,买盘
3124,13:59:51,41.03,53389,13,中性盘
3125,13:59:54,41.08,24638,6,买盘
3126,13:59:57,41.08,24648,6,买盘
3127,14:00:03,41.1,61642,15,买盘
3128,14:00:06,41.14,61660,15,买盘
3129,14:00:09,41.12,4112,1,卖盘
3130,14:00:15,41.14,8226,2,买盘
3131,14:00:21,41.14,8228,2,买盘
3132,14:00:24,41.11,82242,20,卖盘
3133,14:00:27,41.11,4111,1,买盘
3134,14:00:30,41.11,4111,1,买盘
3135,14:00:33,41.11,8222,2,买盘
3136,14:00:36,41.11,24666,6,买盘
3137,14:00:39,41.11,8222,2,买盘
3138,14:00:42,41.12,69901,17,买盘
3139,14:00:45,41.11,32895,8,中性盘
3140,14:00:48,41.11,16444,4,买盘
3141,14:00:51,41.1,94570,23,卖盘
3142,14:00:54,41.12,41120,10,买盘
3143,14:00:57,41.12,12336,3,买盘
3144,14:01:00,41.12,20560,5,买盘
3145,14:01:03,41.12,41120,10,买盘
3146,14:01:06,41.12,90464,22,买盘
3147,14:01:09,41.1,12330,3,卖盘
3148,14:01:12,41.1,82200,20,买盘
3149,14:01:15,41.09,275367,67,中性盘
3150,14:01:18,41.1,16438,4,买盘
3151,14:01:21,41.12,12334,3,买盘
3152,14:01:24,41.1,20552,5,卖盘
3153,14:01:27,41.1,12330,3,卖盘
3154,14:01:33,41.1,135630,33,卖盘
3155,14:01:36,41.06,32866,8,卖盘
3156,14:01:42,41.06,61589,15,卖盘
3157,14:01:45,41.06,53366,13,买盘
3158,14:01:48,41.04,8208,2,卖盘
3159,14:01:54,41.06,127286,31,买盘
3160,14:01:57,41.04,45146,11,卖盘
3161,14:02:03,41.03,49245,12,卖盘
3162,14:02:06,41.04,61562,15,买盘
3163,14:02:12,41.04,4104,1,买盘
3164,14:02:15,41.03,168211,41,卖盘
3165,14:02:18,41.03,221562,54,买盘
3166,14:02:21,41.03,8206,2,买盘
3167,14:02:24,41.03,32824,8,买盘
3168,14:02:27,41.03,12307,3,买盘
3169,14:02:33,41.03,131296,32,买盘
3170,14:02:36,41.03,28721,7,买盘
3171,14:02:39,41.03,12309,3,买盘
3172,14:02:42,41.1,660608,161,买盘
3173,14:02:45,41.1,106839,26,买盘
3174,14:02:48,41.1,20550,5,买盘
3175,14:02:51,41.1,4110,1,买盘
