,成交时间,成交价格,成交金额,成交量,性质
0,09:25:00,54.64,732176,134,卖盘
1,09:30:00,54.78,526114,96,中性盘
2,09:30:03,54.8,438381,80,买盘
3,09:30:06,54.9,235992,43,买盘
4,09:30:09,54.9,1280303,233,卖盘
5,09:30:12,54.93,197728,36,买盘
6,09:30:15,54.94,60434,11,卖盘
7,09:30:18,54.95,104411,19,买盘
8,09:30:21,54.97,192335,35,买盘
9,09:30:24,55.01,522289,95,买盘
10,09:30:27,54.97,65968,12,卖盘
11,09:30:30,54.95,109952,20,卖盘
12,09:30:33,54.96,104397,19,买盘
13,09:30:36,54.95,335202,61,中性盘
14,09:30:39,54.9,291171,53,卖盘
15,09:30:42,54.94,159295,29,买盘
16,09:30:45,54.9,126279,23,卖盘
17,09:30:48,55.05,1084314,197,买盘
18,09:30:51,55.02,324698,59,卖盘
19,09:30:54,55.06,385717,70,中性盘
20,09:30:57,55.01,352254,64,卖盘
21,09:31:00,55.02,176036,32,中性盘
22,09:31:03,55.04,148613,27,买盘
23,09:31:06,55.06,319202,58,买盘
24,09:31:09,55.04,99072,18,买盘
25,09:31:12,55.0,176009,32,卖盘
26,09:31:15,55.04,38507,7,买盘
27,09:31:18,55.04,137573,25,买盘
28,09:31:21,55.12,352419,64,买盘
29,09:31:24,55.1,176388,32,中性盘
30,09:31:27,55.31,905715,164,买盘
31,09:31:30,55.28,315239,57,卖盘
32,09:31:33,55.31,33183,6,买盘
33,09:31:36,55.28,353854,64,卖盘
34,09:31:39,55.2,204492,37,卖盘
35,09:31:42,55.2,16566,3,卖盘
36,09:31:45,55.28,541660,98,买盘
37,09:31:48,55.25,397849,72,卖盘
38,09:31:51,55.36,935029,169,买盘
39,09:31:54,55.45,326983,59,买盘
40,09:31:57,55.43,127530,23,卖盘
41,09:32:00,55.45,366134,66,中性盘
42,09:32:03,55.43,232841,42,卖盘
43,09:32:06,55.43,1030954,186,买盘
44,09:32:09,55.6,1676230,302,买盘
45,09:32:12,55.58,712011,128,中性盘
46,09:32:15,55.7,317247,57,买盘
47,09:32:18,55.82,635328,114,买盘
48,09:32:21,55.85,228760,41,买盘
49,09:32:24,55.88,178744,32,买盘
50,09:32:27,55.98,4695475,839,买盘
51,09:32:30,55.95,1073872,192,卖盘
52,09:32:33,55.93,1480809,265,中性盘
53,09:32:36,55.96,962117,172,买盘
54,09:32:39,55.94,469908,84,卖盘
55,09:32:42,55.96,1001414,179,买盘
56,09:32:45,56.0,1926696,344,买盘
57,09:32:48,56.0,789646,141,卖盘
58,09:32:51,55.96,470497,84,卖盘
59,09:32:54,55.9,2220976,397,卖盘
60,09:32:57,55.94,631720,113,买盘
61,09:33:00,56.0,1948816,348,买盘
62,09:33:03,56.02,403440,72,中性盘
63,09:33:06,56.0,352982,63,卖盘
64,09:33:09,56.02,476118,85,中性盘
65,09:33:12,56.0,475924,85,卖盘
66,09:33:15,55.99,285599,51,中性盘
67,09:33:18,55.99,587985,105,买盘
68,09:33:21,56.0,1675068,299,买盘
69,09:33:24,56.0,985618,176,卖盘
70,09:33:27,56.06,3074816,549,买盘
71,09:33:30,55.99,896545,160,卖盘
72,09:33:33,55.93,755149,135,卖盘
73,09:33:36,55.91,134188,24,中性盘
74,09:33:39,56.0,1761968,315,买盘
75,09:33:42,55.99,749480,134,中性盘
76,09:33:45,55.95,860908,154,买盘
77,09:33:48,55.96,190071,34,买盘
78,09:33:51,55.79,240162,43,卖盘
79,09:33:54,55.82,66967,12,买盘
80,09:33:57,55.81,111634,20,买盘
81,09:34:00,55.86,820700,147,买盘
82,09:34:03,55.88,145317,26,中性盘
83,09:34:06,55.95,312934,56,买盘
84,09:34:09,55.92,218023,39,卖盘
85,09:34:12,55.84,586237,105,卖盘
86,09:34:15,55.83,519508,93,中性盘
87,09:34:18,55.81,122838,22,卖盘
88,09:34:21,55.86,78204,14,买盘
89,09:34:24,55.86,78207,14,买盘
90,09:34:27,55.86,692595,124,卖盘
91,09:34:30,55.89,815817,146,买盘
92,09:34:33,55.86,117331,21,卖盘
93,09:34:36,55.89,111759,20,买盘
94,09:34:39,55.84,178727,32,卖盘
95,09:34:42,55.84,374411,67,卖盘
96,09:34:45,55.86,134076,24,中性盘
97,09:34:48,55.86,134068,24,卖盘
98,09:34:51,55.85,223465,40,卖盘
99,09:34:54,55.82,44681,8,卖盘
100,09:34:57,55.78,747807,134,卖盘
101,09:35:00,55.7,245262,44,卖盘
102,09:35:03,55.6,244927,44,卖盘
103,09:35:06,55.6,111242,20,卖盘
104,09:35:09,55.64,127883,23,买盘
105,09:35:12,55.6,83379,15,买盘
106,09:35:15,55.56,105602,19,中性盘
107,09:35:18,55.52,88906,16,卖盘
108,09:35:21,55.58,583719,105,买盘
109,09:35:24,55.59,233560,42,中性盘
110,09:35:27,55.57,166743,30,卖盘
111,09:35:30,55.57,172345,31,卖盘
112,09:35:33,55.59,177853,32,买盘
113,09:35:36,55.62,283465,51,买盘
114,09:35:39,55.68,200378,36,买盘
115,09:35:42,55.7,139221,25,买盘
116,09:35:45,55.65,684980,123,卖盘
117,09:35:48,55.76,1179964,212,中性盘
118,09:35:51,55.76,206145,37,中性盘
119,09:35:54,55.78,78079,14,买盘
120,09:35:57,55.72,117047,21,中性盘
121,09:36:00,55.73,55723,10,中性盘
122,09:36:03,55.77,89223,16,买盘
123,09:36:06,55.78,306877,55,买盘
124,09:36:09,55.8,100434,18,买盘
125,09:36:12,55.86,335030,60,买盘
126,09:36:15,55.83,122879,22,卖盘
127,09:36:18,55.87,61456,11,买盘
128,09:36:21,55.88,273773,49,买盘
129,09:36:24,55.87,301742,54,中性盘
130,09:36:27,55.86,55863,10,卖盘
131,09:36:30,55.86,94975,17,卖盘
132,09:36:33,55.86,111723,20,卖盘
133,09:36:36,55.85,1451315,260,中性盘
134,09:36:39,55.84,307203,55,买盘
135,09:36:42,55.76,323841,58,卖盘
136,09:36:45,55.76,122729,22,卖盘
137,09:36:48,55.8,111632,20,卖盘
138,09:36:51,55.8,122798,22,卖盘
139,09:36:54,55.8,145148,26,中性盘
140,09:36:57,55.76,941948,169,卖盘
141,09:37:00,55.7,105933,19,中性盘
142,09:37:03,55.69,44552,8,中性盘
143,09:37:06,55.69,61311,11,卖盘
144,09:37:09,55.69,66828,12,卖盘
145,09:37:12,55.75,33429,6,买盘
146,09:37:15,55.76,89216,16,中性盘
147,09:37:18,55.77,111530,20,买盘
148,09:37:21,55.77,55776,10,卖盘
149,09:37:24,55.8,44633,8,买盘
150,09:37:27,55.78,39044,7,卖盘
151,09:37:30,55.83,351617,63,买盘
152,09:37:33,55.85,904648,162,买盘
153,09:37:36,55.92,530986,95,买盘
154,09:37:39,55.91,128610,23,卖盘
155,09:37:42,55.95,615289,110,买盘
156,09:37:45,55.96,324561,58,买盘
157,09:37:48,56.02,3455685,617,买盘
158,09:37:51,56.04,818011,146,中性盘
159,09:37:54,56.06,269022,48,买盘
160,09:37:57,56.07,156959,28,买盘
161,09:38:00,56.1,863600,154,买盘
162,09:38:03,56.12,1375057,245,买盘
163,09:38:06,56.25,2132549,380,买盘
164,09:38:09,56.28,455637,81,买盘
165,09:38:12,56.25,984444,175,卖盘
166,09:38:15,56.26,742932,132,中性盘
167,09:38:18,56.3,1311273,233,买盘
168,09:38:21,56.26,1047230,186,卖盘
169,09:38:24,56.26,354602,63,中性盘
170,09:38:27,56.26,607898,108,卖盘
171,09:38:30,56.3,703739,125,买盘
172,09:38:33,56.3,151995,27,买盘
173,09:38:36,56.29,191345,34,中性盘
174,09:38:39,56.27,348889,62,卖盘
175,09:38:42,56.29,416523,74,买盘
176,09:38:45,56.3,332138,59,买盘
177,09:38:48,56.3,731856,130,买盘
178,09:38:51,56.3,236460,42,卖盘
179,09:38:54,56.31,95725,17,买盘
180,09:38:57,56.3,2274356,404,卖盘
181,09:39:00,56.3,394056,70,买盘
182,09:39:03,56.2,737461,131,卖盘
183,09:39:06,56.26,387842,69,买盘
184,09:39:09,56.2,118145,21,卖盘
185,09:39:12,56.29,151883,27,买盘
186,09:39:15,56.26,61886,11,卖盘
187,09:39:18,56.29,513666,91,买盘
188,09:39:21,56.26,414886,74,卖盘
189,09:39:24,56.29,1972065,350,买盘
190,09:39:27,56.27,579946,103,卖盘
191,09:39:30,56.33,371508,66,买盘
192,09:39:33,56.27,388271,69,卖盘
193,09:39:36,56.29,253272,45,买盘
194,09:39:39,56.33,281518,50,买盘
195,09:39:42,56.5,5993792,1062,买盘
196,09:39:45,56.48,1248712,221,卖盘
197,09:39:48,56.5,316351,56,买盘
198,09:39:51,56.5,853625,151,卖盘
199,09:39:54,56.5,1005916,178,卖盘
200,09:39:57,56.5,514317,91,卖盘
201,09:40:00,56.5,927183,164,买盘
202,09:40:03,56.42,242865,43,卖盘
203,09:40:06,56.41,394961,70,卖盘
204,09:40:09,56.36,434128,77,卖盘
205,09:40:12,56.48,535947,95,买盘
206,09:40:15,56.49,423323,75,买盘
207,09:40:18,56.41,468247,83,卖盘
208,09:40:21,56.49,208949,37,买盘
209,09:40:24,56.46,90316,16,中性盘
210,09:40:27,56.48,1327472,235,买盘
211,09:40:30,56.45,208834,37,卖盘
212,09:40:33,56.36,56427,10,卖盘
213,09:40:36,56.38,310106,55,中性盘
214,09:40:39,56.36,253603,45,买盘
215,09:40:42,56.41,541363,96,买盘
216,09:40:45,56.45,197585,35,中性盘
217,09:40:48,56.48,338508,60,买盘
218,09:40:51,56.46,118580,21,卖盘
219,09:40:54,56.46,316259,56,卖盘
220,09:40:57,56.48,282369,50,买盘
221,09:41:00,56.49,254171,45,买盘
222,09:41:03,56.46,1439834,255,卖盘
223,09:41:06,56.45,39514,7,中性盘
224,09:41:09,56.45,389349,69,买盘
225,09:41:12,56.44,90316,16,卖盘
226,09:41:15,56.45,152413,27,买盘
227,09:41:18,56.46,474209,84,买盘
228,09:41:21,56.45,400857,71,卖盘
229,09:41:24,56.39,2154004,382,卖盘
230,09:41:27,56.39,180433,32,买盘
231,09:41:30,56.32,39424,7,中性盘
232,09:41:33,56.3,377480,67,卖盘
233,09:41:36,56.33,73224,13,买盘
234,09:41:39,56.29,129484,23,卖盘
235,09:41:42,56.27,56282,10,卖盘
236,09:41:45,56.27,461579,82,卖盘
237,09:41:48,56.27,326458,58,卖盘
238,09:41:51,56.26,16880,3,卖盘
239,09:41:54,56.32,917519,163,买盘
240,09:41:57,56.27,157670,28,卖盘
241,09:42:00,56.27,33769,6,卖盘
242,09:42:03,56.27,140725,25,卖盘
243,09:42:06,56.28,872074,155,中性盘
244,09:42:09,56.32,1075793,191,买盘
245,09:42:12,56.33,248013,44,中性盘
246,09:42:15,56.4,214337,38,买盘
247,09:42:18,56.52,4433853,785,买盘
248,09:42:21,56.56,559767,99,买盘
249,09:42:24,56.51,124362,22,卖盘
250,09:42:27,56.56,367627,65,买盘
251,09:42:30,56.55,96105,17,中性盘
252,09:42:33,56.51,84739,15,卖盘
253,09:42:36,56.53,242971,43,买盘
254,09:42:39,56.49,79095,14,中性盘
255,09:42:42,56.53,282490,50,买盘
256,09:42:45,56.49,62136,11,中性盘
257,09:42:48,56.43,321692,57,卖盘
258,09:42:51,56.4,366604,65,卖盘
259,09:42:54,56.4,146630,26,买盘
260,09:42:57,56.4,349721,62,买盘
261,09:43:00,56.31,33794,6,卖盘
262,09:43:03,56.37,101406,18,买盘
263,09:43:06,56.4,253740,45,买盘
264,09:43:09,56.35,95727,17,买盘
265,09:43:12,56.31,146493,26,中性盘
266,09:43:15,56.36,84551,15,中性盘
267,09:43:18,56.35,490390,87,卖盘
268,09:43:21,56.37,304502,54,中性盘
269,09:43:24,56.39,180439,32,买盘
270,09:43:27,56.4,400265,71,买盘
271,09:43:30,56.37,45096,8,买盘
272,09:43:33,56.3,732143,130,卖盘
273,09:43:36,56.35,236546,42,买盘
274,09:43:39,56.35,140858,25,买盘
275,09:43:42,56.34,11264,2,中性盘
276,09:43:45,56.35,304280,54,买盘
277,09:43:48,56.3,642233,114,卖盘
278,09:43:51,56.32,78812,14,中性盘
279,09:43:54,56.29,168769,30,中性盘
280,09:43:57,56.3,432897,77,买盘
281,09:44:00,56.18,28099,5,卖盘
282,09:44:03,56.17,112314,20,卖盘
283,09:44:06,56.13,11226,2,卖盘
284,09:44:09,56.1,56127,10,卖盘
285,09:44:12,56.1,106613,19,卖盘
286,09:44:15,56.09,44879,8,卖盘
287,09:44:18,56.07,145815,26,卖盘
288,09:44:21,56.07,106536,19,卖盘
289,09:44:24,56.07,16821,3,中性盘
290,09:44:27,56.02,353064,63,卖盘
291,09:44:30,56.06,44833,8,买盘
292,09:44:33,56.0,812022,145,卖盘
293,09:44:36,56.0,72789,13,买盘
294,09:44:39,56.0,83981,15,买盘
295,09:44:42,56.0,223851,40,买盘
296,09:44:45,56.0,560119,100,买盘
297,09:44:48,56.0,207214,37,买盘
298,09:44:51,56.0,39204,7,卖盘
299,09:44:54,56.0,61605,11,卖盘
300,09:44:57,56.02,493227,88,买盘
301,09:45:00,56.04,78464,14,卖盘
302,09:45:03,56.06,50450,9,中性盘
303,09:45:06,56.09,185063,33,买盘
304,09:45:09,56.13,409546,73,买盘
305,09:45:12,56.15,5615,1,中性盘
306,09:45:15,56.17,73023,13,买盘
307,09:45:18,56.18,33705,6,买盘
308,09:45:21,56.19,73025,13,买盘
309,09:45:24,56.22,56197,10,买盘
310,09:45:27,56.17,584325,104,卖盘
311,09:45:30,56.19,151668,27,买盘
312,09:45:33,56.09,1010091,180,卖盘
313,09:45:36,56.09,185219,33,卖盘
314,09:45:39,56.09,39275,7,卖盘
315,09:45:42,56.09,84151,15,买盘
316,09:45:45,56.09,72917,13,卖盘
317,09:45:48,56.12,22439,4,买盘
318,09:45:51,56.11,258156,46,买盘
319,09:45:54,56.14,33677,6,中性盘
320,09:45:57,56.11,95406,17,卖盘
321,09:46:00,56.14,129092,23,买盘
322,09:46:03,56.07,347810,62,卖盘
323,09:46:06,56.04,218580,39,卖盘
324,09:46:09,56.06,611038,109,买盘
325,09:46:12,56.07,11213,2,中性盘
326,09:46:15,56.06,56060,10,卖盘
327,09:46:18,56.04,168120,30,卖盘
328,09:46:21,56.06,431694,77,买盘
329,09:46:24,56.06,173791,31,卖盘
330,09:46:27,56.1,420537,75,买盘
331,09:46:30,56.1,89771,16,卖盘
332,09:46:33,56.1,39272,7,卖盘
333,09:46:36,56.14,106655,19,买盘
334,09:46:39,56.14,320060,57,买盘
335,09:46:42,56.2,269772,48,买盘
336,09:46:45,56.27,16873,3,买盘
337,09:46:48,56.28,129411,23,买盘
338,09:46:51,56.27,73151,13,卖盘
339,09:46:54,56.27,84416,15,卖盘
340,09:46:57,56.27,489707,87,卖盘
341,09:47:00,56.28,168840,30,买盘
342,09:47:03,56.27,168807,30,卖盘
343,09:47:06,56.29,911979,162,买盘
344,09:47:09,56.27,50635,9,买盘
345,09:47:12,56.27,67524,12,买盘
346,09:47:15,56.27,208152,37,买盘
347,09:47:18,56.27,146301,26,买盘
348,09:47:21,56.3,624841,111,买盘
349,09:47:24,56.27,28135,5,卖盘
350,09:47:27,56.27,33765,6,卖盘
351,09:47:30,56.27,28135,5,卖盘
352,09:47:33,56.3,394076,70,买盘
353,09:47:36,56.28,61903,11,买盘
354,09:47:39,56.31,399712,71,买盘
355,09:47:42,56.32,236537,42,买盘
356,09:47:45,56.32,50689,9,卖盘
357,09:47:48,56.35,1261277,224,买盘
358,09:47:51,56.33,50696,9,中性盘
359,09:47:54,56.32,61970,11,中性盘
360,09:47:57,56.34,107042,19,卖盘
361,09:48:00,56.34,78876,14,卖盘
362,09:48:03,56.33,473260,84,卖盘
363,09:48:06,56.24,2087935,371,卖盘
364,09:48:09,56.24,101221,18,买盘
365,09:48:12,56.18,129277,23,卖盘
366,09:48:15,56.15,22472,4,卖盘
367,09:48:18,56.13,269530,48,卖盘
368,09:48:21,56.15,325664,58,买盘
369,09:48:24,56.12,33679,6,卖盘
370,09:48:27,56.11,33668,6,卖盘
371,09:48:30,56.1,5610,1,卖盘
372,09:48:33,56.1,39271,7,卖盘
373,09:48:36,56.13,724043,129,买盘
374,09:48:39,56.15,583972,104,买盘
375,09:48:42,56.16,56158,10,中性盘
376,09:48:45,56.16,174153,31,卖盘
377,09:48:48,56.2,129224,23,买盘
378,09:48:51,56.17,73014,13,卖盘
379,09:48:54,56.21,269754,48,买盘
380,09:48:57,56.21,106800,19,卖盘
381,09:49:00,56.21,84321,15,卖盘
382,09:49:03,56.21,151795,27,卖盘
383,09:49:06,56.21,50589,9,卖盘
384,09:49:09,56.33,641594,114,买盘
385,09:49:12,56.4,2761932,490,买盘
386,09:49:15,56.39,293243,52,卖盘
387,09:49:18,56.39,445471,79,中性盘
388,09:49:21,56.37,28176,5,中性盘
389,09:49:24,56.34,50712,9,卖盘
390,09:49:27,56.4,231142,41,买盘
391,09:49:30,56.4,169126,30,买盘
392,09:49:33,56.32,146482,26,卖盘
393,09:49:36,56.3,315284,56,卖盘
394,09:49:39,56.29,191386,34,中性盘
395,09:49:42,56.35,140850,25,买盘
396,09:49:45,56.32,84472,15,买盘
397,09:49:48,56.32,180210,32,买盘
398,09:49:51,56.32,28160,5,买盘
399,09:49:54,56.27,641816,114,卖盘
400,09:49:57,56.3,73162,13,买盘
401,09:50:00,56.3,56298,10,买盘
402,09:50:03,56.27,56288,10,卖盘
403,09:50:06,56.24,736821,131,卖盘
404,09:50:09,56.16,747508,133,卖盘
405,09:50:15,56.15,22460,4,卖盘
406,09:50:18,56.2,78676,14,买盘
407,09:50:21,56.21,78654,14,买盘
408,09:50:27,56.16,44933,8,卖盘
409,09:50:30,56.15,134769,24,卖盘
410,09:50:33,56.17,280784,50,买盘
411,09:50:39,56.17,33707,6,卖盘
412,09:50:42,56.18,28090,5,买盘
413,09:50:45,56.19,16857,3,买盘
414,09:50:48,56.18,16857,3,卖盘
415,09:50:51,56.2,84296,15,买盘
416,09:50:54,56.18,73057,13,卖盘
417,09:50:57,56.17,438187,78,卖盘
418,09:51:00,56.18,348224,62,中性盘
419,09:51:03,56.18,151663,27,买盘
420,09:51:06,56.19,22476,4,买盘
421,09:51:09,56.19,22477,4,卖盘
422,09:51:12,56.19,22476,4,卖盘
423,09:51:15,56.19,33717,6,卖盘
424,09:51:18,56.17,140444,25,卖盘
425,09:51:21,56.19,438137,78,买盘
426,09:51:24,56.17,67396,12,中性盘
427,09:51:27,56.15,33701,6,卖盘
428,09:51:30,56.14,16842,3,中性盘
429,09:51:33,56.15,44917,8,买盘
430,09:51:36,56.15,190891,34,买盘
431,09:51:39,56.15,353749,63,卖盘
432,09:51:42,56.15,78610,14,卖盘
433,09:51:45,56.12,56121,10,卖盘
434,09:51:48,56.15,247033,44,买盘
435,09:51:51,56.15,370589,66,买盘
436,09:51:54,56.18,202221,36,买盘
437,09:51:57,56.17,28094,5,卖盘
438,09:52:00,56.16,33710,6,卖盘
439,09:52:03,56.15,297609,53,卖盘
440,09:52:06,56.15,22458,4,中性盘
441,09:52:09,56.13,5613,1,卖盘
442,09:52:12,56.1,1420192,253,卖盘
443,09:52:15,56.06,717875,128,卖盘
444,09:52:18,56.07,184976,33,买盘
445,09:52:21,56.11,157079,28,买盘
446,09:52:24,56.11,22444,4,卖盘
447,09:52:27,56.11,89784,16,卖盘
448,09:52:30,56.12,314237,56,买盘
449,09:52:33,56.13,67356,12,买盘
450,09:52:36,56.12,39284,7,卖盘
451,09:52:39,56.12,16837,3,卖盘
452,09:52:42,56.12,78581,14,卖盘
453,09:52:45,56.12,5612,1,中性盘
454,09:52:48,56.11,72953,13,卖盘
455,09:52:51,56.11,157111,28,卖盘
456,09:52:54,56.09,5609,1,卖盘
457,09:52:57,56.09,5609,1,卖盘
458,09:53:00,56.1,28050,5,买盘
459,09:53:03,56.06,353323,63,卖盘
460,09:53:06,56.02,694994,124,卖盘
461,09:53:09,56.0,576917,103,卖盘
462,09:53:12,56.0,67200,12,卖盘
463,09:53:15,56.0,291205,52,卖盘
464,09:53:18,55.95,789515,141,卖盘
465,09:53:21,56.0,83963,15,买盘
466,09:53:24,55.99,380968,68,中性盘
467,09:53:27,56.0,27999,5,中性盘
468,09:53:30,56.01,128924,23,卖盘
469,09:53:33,56.07,56007,10,买盘
470,09:53:36,56.12,444796,79,买盘
471,09:53:39,56.12,39260,7,中性盘
472,09:53:54,56.14,44908,8,买盘
473,09:53:57,56.12,218879,39,卖盘
474,09:54:00,56.09,257910,46,中性盘
475,09:54:03,56.07,78530,14,中性盘
476,09:54:06,56.07,5607,1,买盘
477,09:54:09,56.04,39217,7,中性盘
478,09:54:12,56.01,61616,11,卖盘
479,09:54:15,56.04,22411,4,中性盘
480,09:54:18,56.0,123203,22,卖盘
481,09:54:21,56.01,22405,4,买盘
482,09:54:24,56.0,56000,10,卖盘
483,09:54:27,56.01,5601,1,卖盘
484,09:54:33,56.01,5601,1,中性盘
485,09:54:36,56.03,156882,28,买盘
486,09:54:39,56.03,50427,9,卖盘
487,09:54:42,56.01,84038,15,卖盘
488,09:54:45,56.03,78422,14,买盘
489,09:54:48,56.04,84057,15,买盘
490,09:54:51,56.04,173709,31,中性盘
491,09:54:54,56.01,11205,2,卖盘
492,09:54:57,56.01,106419,19,卖盘
493,09:55:00,56.0,72800,13,卖盘
494,09:55:03,56.0,22400,4,卖盘
495,09:55:06,56.0,39200,7,卖盘
496,09:55:09,56.01,61606,11,买盘
497,09:55:12,56.01,16803,3,卖盘
498,09:55:15,56.02,72826,13,买盘
499,09:55:18,56.02,11204,2,卖盘
500,09:55:21,56.03,22409,4,买盘
501,09:55:24,56.02,28010,5,卖盘
502,09:55:27,56.03,184894,33,买盘
503,09:55:30,56.02,33614,6,卖盘
504,09:55:33,56.0,392069,70,卖盘
505,09:55:36,56.0,302400,54,卖盘
506,09:55:39,55.95,1450077,259,卖盘
507,09:55:42,55.95,39157,7,中性盘
508,09:55:45,55.93,5593,1,卖盘
509,09:55:48,55.92,67107,12,卖盘
510,09:55:51,55.92,536797,96,卖盘
511,09:55:54,55.88,285004,51,卖盘
512,09:55:57,55.86,27936,5,卖盘
513,09:56:00,55.87,72648,13,中性盘
514,09:56:03,55.86,50276,9,卖盘
515,09:56:06,55.87,94958,17,买盘
516,09:56:09,55.85,22340,4,卖盘
517,09:56:12,55.86,67032,12,买盘
518,09:56:15,55.83,273633,49,卖盘
519,09:56:18,55.83,5583,1,买盘
520,09:56:24,55.83,106073,19,买盘
521,09:56:27,55.84,22333,4,买盘
522,09:56:30,55.83,61413,11,卖盘
523,09:56:33,55.83,27916,5,卖盘
524,09:56:36,55.83,22332,4,卖盘
525,09:56:39,55.83,111661,20,卖盘
526,09:56:42,55.82,27910,5,卖盘
527,09:56:45,55.82,72562,13,卖盘
528,09:56:48,55.83,33493,6,买盘
529,09:56:51,55.82,33492,6,卖盘
530,09:56:54,55.8,11160,2,卖盘
531,09:56:57,55.8,189733,34,卖盘
532,09:57:00,55.8,33484,6,中性盘
533,09:57:03,55.78,33469,6,卖盘
534,09:57:06,55.79,61369,11,买盘
535,09:57:09,55.79,39053,7,买盘
536,09:57:12,55.79,11158,2,卖盘
537,09:57:15,55.79,117162,21,卖盘
538,09:57:18,55.79,11158,2,卖盘
539,09:57:21,55.8,22319,4,买盘
540,09:57:24,55.79,83683,15,卖盘
541,09:57:27,55.79,161785,29,买盘
542,09:57:30,55.8,61370,11,买盘
543,09:57:33,55.79,5579,1,卖盘
544,09:57:36,55.8,273417,49,买盘
545,09:57:39,55.82,390607,70,买盘
546,09:57:42,55.79,658417,118,卖盘
547,09:57:45,55.82,83744,15,中性盘
548,09:57:48,55.82,128407,23,卖盘
549,09:57:51,55.83,133992,24,买盘
550,09:57:54,55.83,66996,12,买盘
551,09:57:57,55.83,156324,28,买盘
552,09:58:00,55.83,100494,18,买盘
553,09:58:03,55.83,240069,43,买盘
554,09:58:06,55.83,5583,1,卖盘
555,09:58:09,55.85,61432,11,买盘
556,09:58:12,55.83,39092,7,卖盘
557,09:58:15,55.84,16756,3,卖盘
558,09:58:18,55.86,11172,2,买盘
559,09:58:21,55.86,39102,7,买盘
560,09:58:24,55.86,11172,2,卖盘
561,09:58:27,55.88,22349,4,买盘
562,09:58:30,55.89,44727,8,中性盘
563,09:58:36,55.9,11184,2,卖盘
564,09:58:39,55.93,16779,3,中性盘
565,09:58:42,55.94,117474,21,买盘
566,09:58:45,55.95,44752,8,买盘
567,09:58:48,55.95,190326,34,中性盘
568,09:58:51,55.98,11196,2,买盘
569,09:58:54,55.96,11192,2,卖盘
570,09:58:57,55.98,44770,8,买盘
571,09:59:00,55.94,123096,22,卖盘
572,09:59:03,55.93,72754,13,卖盘
573,09:59:06,55.97,16789,3,买盘
574,09:59:15,55.96,128703,23,中性盘
575,09:59:18,55.94,11189,2,中性盘
576,09:59:21,55.97,179082,32,买盘
577,09:59:24,55.95,11191,2,卖盘
578,09:59:27,55.96,5596,1,卖盘
579,09:59:30,55.98,22387,4,买盘
580,09:59:36,55.98,5598,1,买盘
581,09:59:39,55.98,11196,2,买盘
582,09:59:42,55.98,39186,7,买盘
583,09:59:45,55.98,5598,1,卖盘
584,09:59:48,55.99,67188,12,买盘
585,09:59:51,55.98,111963,20,卖盘
586,09:59:54,55.96,95169,17,卖盘
587,09:59:57,55.98,11196,2,买盘
588,10:00:00,55.98,128702,23,买盘
589,10:00:03,55.9,173418,31,卖盘
590,10:00:06,55.9,5590,1,卖盘
591,10:00:09,55.9,5590,1,卖盘
592,10:00:12,55.9,22360,4,卖盘
593,10:00:15,55.88,5588,1,卖盘
594,10:00:18,55.88,5588,1,卖盘
595,10:00:21,55.88,16764,3,卖盘
596,10:00:24,55.87,67055,12,卖盘
597,10:00:27,55.83,1156110,207,卖盘
598,10:00:30,55.83,150714,27,买盘
599,10:00:36,55.8,5580,1,卖盘
600,10:00:39,55.8,5580,1,卖盘
601,10:00:42,55.85,284750,51,买盘
602,10:00:45,55.85,61435,11,卖盘
603,10:00:48,55.86,22341,4,买盘
604,10:00:51,55.85,240162,43,卖盘
605,10:00:54,55.85,117286,21,卖盘
606,10:00:57,55.85,44681,8,卖盘
607,10:01:00,55.85,78202,14,卖盘
608,10:01:03,55.86,39102,7,买盘
609,10:01:06,55.85,61437,11,卖盘
610,10:01:09,55.85,480324,86,卖盘
611,10:01:12,55.85,318491,57,卖盘
612,10:01:15,55.9,217927,39,买盘
613,10:01:18,55.9,16770,3,卖盘
614,10:01:24,55.91,5591,1,卖盘
615,10:01:27,55.91,11182,2,卖盘
616,10:01:30,55.94,11188,2,买盘
617,10:01:33,55.97,447578,80,买盘
618,10:01:36,55.91,27955,5,卖盘
619,10:01:39,55.97,16789,3,中性盘
620,10:01:45,55.94,27982,5,卖盘
621,10:01:48,55.98,291050,52,买盘
622,10:01:51,55.93,27966,5,卖盘
623,10:01:54,55.91,5591,1,卖盘
624,10:01:57,55.96,72731,13,买盘
625,10:02:00,55.91,5591,1,卖盘
626,10:02:03,55.89,89440,16,卖盘
627,10:02:09,55.89,16768,3,中性盘
628,10:02:12,55.87,39116,7,卖盘
629,10:02:15,55.9,22358,4,买盘
630,10:02:18,55.89,33535,6,卖盘
631,10:02:21,55.88,27940,5,卖盘
632,10:02:24,55.87,11174,2,卖盘
633,10:02:27,55.87,27935,5,卖盘
634,10:02:33,55.87,55870,10,卖盘
635,10:02:36,55.88,94995,17,买盘
636,10:02:39,55.87,11174,2,卖盘
637,10:02:42,55.87,16761,3,买盘
638,10:02:45,55.87,16761,3,买盘
639,10:02:48,55.87,16761,3,卖盘
640,10:02:54,55.88,229117,41,买盘
641,10:02:57,55.88,16766,3,卖盘
642,10:03:00,55.9,27946,5,买盘
643,10:03:03,55.9,5590,1,买盘
644,10:03:12,55.9,106216,19,买盘
645,10:03:15,55.92,5592,1,中性盘
646,10:03:18,55.93,11186,2,中性盘
647,10:03:21,55.94,16782,3,买盘
648,10:03:24,56.0,347111,62,买盘
649,10:03:27,56.04,134414,24,买盘
650,10:03:30,56.02,5602,1,卖盘
651,10:03:33,56.05,503792,90,买盘
652,10:03:39,56.07,56062,10,买盘
653,10:03:42,56.0,16810,3,卖盘
654,10:03:45,56.0,442767,79,中性盘
655,10:03:48,56.0,22398,4,买盘
656,10:03:51,56.0,44800,8,买盘
657,10:03:57,56.0,5600,1,卖盘
658,10:04:00,56.04,5604,1,买盘
659,10:04:03,56.0,33604,6,卖盘
660,10:04:06,56.04,28020,5,买盘
661,10:04:09,56.01,33606,6,中性盘
662,10:04:12,56.02,464812,83,中性盘
663,10:04:15,56.0,67200,12,中性盘
664,10:04:18,56.0,5600,1,中性盘
665,10:04:21,55.98,296660,53,卖盘
666,10:04:24,55.98,27990,5,买盘
667,10:04:27,55.98,5598,1,买盘
668,10:04:30,55.97,27985,5,卖盘
669,10:04:33,55.96,128708,23,卖盘
670,10:04:36,55.94,11188,2,卖盘
671,10:04:42,55.96,173380,31,买盘
672,10:04:45,55.88,50292,9,卖盘
673,10:04:48,55.86,273798,49,卖盘
674,10:04:57,55.87,22353,4,中性盘
675,10:05:00,55.86,61447,11,卖盘
676,10:05:03,55.92,5592,1,买盘
677,10:05:06,55.88,5588,1,中性盘
678,10:05:09,55.92,89465,16,买盘
679,10:05:12,55.92,78293,14,买盘
680,10:05:15,55.93,5593,1,中性盘
681,10:05:21,55.94,39147,7,中性盘
682,10:05:27,55.93,33565,6,卖盘
683,10:05:33,55.96,128685,23,买盘
684,10:05:36,55.97,27985,5,买盘
685,10:05:39,55.98,61572,11,买盘
686,10:05:42,56.01,151216,27,买盘
687,10:05:45,56.03,61603,11,买盘
688,10:05:48,56.01,61616,11,中性盘
689,10:05:51,56.04,28016,5,买盘
690,10:05:57,56.07,476480,85,买盘
691,10:06:00,56.04,157008,28,卖盘
692,10:06:06,56.1,196350,35,买盘
693,10:06:09,56.1,72930,13,中性盘
694,10:06:12,56.1,207571,37,买盘
695,10:06:15,56.11,89776,16,买盘
696,10:06:18,56.12,5612,1,买盘
697,10:06:21,56.1,89774,16,卖盘
698,10:06:24,56.1,319807,57,卖盘
699,10:06:27,56.1,28051,5,卖盘
700,10:06:30,56.1,129034,23,卖盘
701,10:06:33,56.07,297261,53,卖盘
702,10:06:36,56.05,190619,34,卖盘
703,10:06:39,56.05,11210,2,卖盘
704,10:06:42,56.06,5606,1,卖盘
705,10:06:45,56.06,16818,3,买盘
706,10:06:48,56.06,39240,7,买盘
707,10:06:51,56.07,89712,16,买盘
708,10:06:54,56.09,39254,7,买盘
709,10:06:57,56.06,28035,5,卖盘
710,10:07:00,56.13,168346,30,买盘
711,10:07:03,56.16,101071,18,买盘
712,10:07:06,56.18,33708,6,买盘
713,10:07:09,56.2,11238,2,买盘
714,10:07:12,56.19,5619,1,中性盘
715,10:07:15,56.17,151664,27,卖盘
716,10:07:18,56.18,39326,7,买盘
717,10:07:21,56.2,674254,120,买盘
718,10:07:24,56.17,11234,2,中性盘
719,10:07:30,56.17,16851,3,买盘
720,10:07:33,56.16,297692,53,中性盘
721,10:07:36,56.1,286215,51,卖盘
722,10:07:39,56.12,50490,9,买盘
723,10:07:42,56.1,56072,10,中性盘
724,10:07:45,56.13,39288,7,买盘
725,10:07:48,56.1,39278,7,卖盘
726,10:07:51,56.11,16833,3,中性盘
727,10:07:54,56.1,28048,5,中性盘
728,10:07:57,56.1,235525,42,买盘
729,10:08:00,56.11,100991,18,买盘
730,10:08:03,56.05,11210,2,卖盘
731,10:08:06,56.08,5608,1,买盘
732,10:08:09,56.07,11216,2,中性盘
733,10:08:12,56.08,22431,4,买盘
734,10:08:15,56.08,392759,70,卖盘
735,10:08:18,56.08,16824,3,买盘
736,10:08:21,56.08,16824,3,卖盘
737,10:08:24,56.08,179459,32,卖盘
738,10:08:27,56.08,89728,16,中性盘
739,10:08:30,56.08,274696,49,买盘
740,10:08:36,56.06,106500,19,中性盘
741,10:08:39,56.05,123358,22,卖盘
742,10:08:42,56.05,5605,1,卖盘
743,10:08:45,56.06,5606,1,中性盘
744,10:08:48,56.07,28034,5,买盘
745,10:08:51,56.07,11214,2,买盘
746,10:08:54,56.08,5608,1,买盘
747,10:08:57,56.05,173763,31,卖盘
748,10:09:00,56.03,156904,28,卖盘
749,10:09:03,56.02,56003,10,买盘
750,10:09:06,55.98,151190,27,卖盘
751,10:09:09,55.99,22393,4,中性盘
752,10:09:15,55.97,5597,1,中性盘
753,10:09:21,55.95,44760,8,卖盘
754,10:09:27,55.95,67147,12,卖盘
755,10:09:30,55.96,833061,149,买盘
756,10:09:33,56.07,1586439,283,买盘
757,10:09:36,56.08,11218,2,中性盘
758,10:09:48,56.12,22448,4,买盘
759,10:09:57,56.1,72918,13,中性盘
760,10:10:00,56.1,11220,2,买盘
761,10:10:03,56.06,173827,31,卖盘
762,10:10:06,56.06,61684,11,中性盘
763,10:10:09,56.06,22424,4,买盘
764,10:10:12,56.06,28030,5,买盘
765,10:10:15,56.05,11210,2,买盘
766,10:10:18,56.04,5604,1,卖盘
767,10:10:21,56.04,106501,19,卖盘
768,10:10:24,56.05,72859,13,买盘
769,10:10:27,56.05,28025,5,卖盘
770,10:10:30,56.04,22416,4,卖盘
771,10:10:33,56.04,5604,1,中性盘
772,10:10:36,56.03,11206,2,卖盘
773,10:10:39,56.06,313826,56,买盘
774,10:10:42,56.06,89704,16,卖盘
775,10:10:45,56.06,106515,19,卖盘
776,10:10:48,56.16,516199,92,买盘
777,10:10:51,56.17,657306,117,买盘
778,10:10:54,56.06,684458,122,卖盘
779,10:11:00,56.12,5612,1,卖盘
780,10:11:06,56.16,33696,6,买盘
781,10:11:09,56.14,5614,1,中性盘
782,10:11:12,56.14,39299,7,中性盘
783,10:11:18,56.14,117857,21,买盘
784,10:11:21,56.15,308744,55,买盘
785,10:11:27,56.17,297641,53,买盘
786,10:11:30,56.16,73017,13,卖盘
787,10:11:33,56.15,22460,4,卖盘
788,10:11:36,56.15,56150,10,卖盘
789,10:11:39,56.15,151609,27,卖盘
790,10:11:42,56.15,50542,9,卖盘
791,10:11:45,56.1,420951,75,卖盘
792,10:11:48,56.12,11222,2,买盘
793,10:11:51,56.16,112306,20,买盘
794,10:11:54,56.11,56110,10,卖盘
795,10:11:57,56.12,22457,4,中性盘
796,10:12:00,56.15,11230,2,买盘
797,10:12:03,56.16,151600,27,买盘
798,10:12:06,56.16,151656,27,中性盘
799,10:12:09,56.17,157266,28,中性盘
800,10:12:12,56.18,73034,13,买盘
801,10:12:15,56.21,78688,14,买盘
802,10:12:18,56.2,39339,7,买盘
803,10:12:21,56.2,5620,1,卖盘
804,10:12:24,56.22,22486,4,买盘
805,10:12:27,56.2,11240,2,卖盘
806,10:12:30,56.2,67446,12,卖盘
807,10:12:36,56.22,151785,27,买盘
808,10:12:39,56.2,61834,11,卖盘
809,10:12:42,56.2,123652,22,卖盘
810,10:12:45,56.23,89962,16,买盘
811,10:12:48,56.23,5623,1,卖盘
812,10:12:51,56.23,16873,3,卖盘
813,10:12:54,56.23,28121,5,卖盘
814,10:12:57,56.23,56248,10,卖盘
815,10:13:00,56.25,45000,8,买盘
816,10:13:03,56.23,50608,9,卖盘
817,10:13:06,56.24,56233,10,买盘
818,10:13:09,56.23,11246,2,买盘
819,10:13:12,56.22,134929,24,卖盘
820,10:13:15,56.2,44968,8,卖盘
821,10:13:18,56.2,11240,2,卖盘
822,10:13:21,56.18,708131,126,卖盘
823,10:13:24,56.18,11236,2,卖盘
824,10:13:27,56.2,309096,55,买盘
825,10:13:30,56.2,39340,7,卖盘
826,10:13:33,56.2,22480,4,卖盘
827,10:13:36,56.19,11238,2,卖盘
828,10:13:39,56.2,219176,39,买盘
829,10:13:42,56.2,39341,7,卖盘
830,10:13:45,56.21,5621,1,买盘
831,10:13:48,56.2,16861,3,卖盘
832,10:13:51,56.2,78681,14,卖盘
833,10:13:57,56.19,11238,2,卖盘
834,10:14:00,56.2,73060,13,买盘
835,10:14:03,56.19,61811,11,卖盘
836,10:14:06,56.2,28096,5,买盘
837,10:14:09,56.2,50578,9,买盘
838,10:14:12,56.2,106780,19,买盘
839,10:14:15,56.19,78675,14,卖盘
840,10:14:18,56.19,50576,9,卖盘
841,10:14:21,56.19,123628,22,卖盘
842,10:14:24,56.2,354001,63,买盘
843,10:14:27,56.18,28090,5,中性盘
844,10:14:30,56.15,258324,46,卖盘
845,10:14:33,56.12,258186,46,卖盘
846,10:14:36,56.12,207693,37,买盘
847,10:14:42,56.12,61732,11,买盘
848,10:14:45,56.16,22464,4,卖盘
849,10:14:48,56.2,56182,10,买盘
850,10:14:51,56.12,39288,7,卖盘
851,10:14:54,56.19,16857,3,买盘
852,10:14:57,56.2,61818,11,买盘
853,10:15:00,56.2,56200,10,买盘
854,10:15:03,56.17,5617,1,卖盘
855,10:15:06,56.2,44959,8,买盘
856,10:15:09,56.2,67439,12,买盘
857,10:15:12,56.21,112418,20,买盘
858,10:15:15,56.19,118004,21,卖盘
859,10:15:18,56.19,106781,19,卖盘
860,10:15:21,56.17,129191,23,卖盘
861,10:15:24,56.19,73035,13,买盘
862,10:15:27,56.19,11238,2,买盘
863,10:15:30,56.15,11230,2,卖盘
864,10:15:33,56.19,50565,9,买盘
865,10:15:36,56.17,67412,12,中性盘
866,10:15:39,56.18,241473,43,买盘
867,10:15:42,56.19,56183,10,买盘
868,10:15:45,56.13,5613,1,卖盘
869,10:15:48,56.15,426823,76,卖盘
870,10:15:51,56.18,33700,6,买盘
871,10:15:54,56.08,123508,22,卖盘
872,10:15:57,56.05,78480,14,卖盘
873,10:16:00,56.07,297082,53,中性盘
874,10:16:03,56.06,16820,3,卖盘
875,10:16:06,56.08,56135,10,中性盘
876,10:16:12,56.15,415413,74,买盘
877,10:16:15,56.15,67364,12,买盘
878,10:16:18,56.15,61721,11,买盘
879,10:16:21,56.15,106681,19,买盘
880,10:16:24,56.1,179557,32,卖盘
881,10:16:27,56.11,145926,26,中性盘
882,10:16:30,56.15,140325,25,买盘
883,10:16:33,56.12,72992,13,卖盘
884,10:16:36,56.12,16836,3,卖盘
885,10:16:39,56.15,50535,9,买盘
886,10:16:42,56.15,28075,5,买盘
887,10:16:45,56.15,157231,28,卖盘
888,10:16:48,56.15,95455,17,卖盘
889,10:16:51,56.17,61791,11,买盘
890,10:16:54,56.18,95483,17,买盘
891,10:16:57,56.18,33699,6,买盘
892,10:17:00,56.17,50552,9,买盘
893,10:17:03,56.15,28077,5,卖盘
894,10:17:06,56.14,95470,17,卖盘
895,10:17:09,56.15,61763,11,买盘
896,10:17:12,56.15,61783,11,卖盘
897,10:17:15,56.15,5615,1,卖盘
898,10:17:18,56.15,101090,18,卖盘
899,10:17:21,56.15,5615,1,卖盘
900,10:17:24,56.15,67398,12,卖盘
901,10:17:30,56.17,67398,12,买盘
902,10:17:33,56.15,196533,35,卖盘
903,10:17:36,56.17,56165,10,买盘
904,10:17:39,56.17,179751,32,买盘
905,10:17:42,56.2,370907,66,买盘
906,10:17:45,56.21,67449,12,买盘
907,10:17:48,56.22,174275,31,买盘
908,10:17:51,56.22,11244,2,买盘
909,10:17:54,56.23,50607,9,买盘
910,10:17:57,56.22,44983,8,卖盘
911,10:18:00,56.23,56234,10,买盘
912,10:18:03,56.24,196756,35,买盘
913,10:18:06,56.25,123722,22,买盘
914,10:18:09,56.24,56242,10,中性盘
915,10:18:12,56.27,331919,59,买盘
916,10:18:18,56.26,56277,10,卖盘
917,10:18:21,56.26,16878,3,卖盘
918,10:18:24,56.26,61891,11,卖盘
919,10:18:27,56.26,84390,15,卖盘
920,10:18:30,56.24,196868,35,卖盘
921,10:18:33,56.2,67489,12,卖盘
922,10:18:36,56.2,16866,3,卖盘
923,10:18:39,56.18,84338,15,卖盘
924,10:18:42,56.2,101153,18,买盘
925,10:18:45,56.2,67487,12,卖盘
926,10:18:48,56.2,11240,2,卖盘
927,10:18:51,56.25,78738,14,买盘
928,10:18:54,56.25,39355,7,买盘
929,10:18:57,56.2,73115,13,卖盘
930,10:19:00,56.21,16862,3,中性盘
931,10:19:03,56.25,61859,11,买盘
932,10:19:06,56.24,5624,1,中性盘
933,10:19:09,56.25,95578,17,买盘
934,10:19:12,56.22,252884,45,中性盘
935,10:19:15,56.18,106816,19,卖盘
936,10:19:18,56.2,44968,8,买盘
937,10:19:21,56.18,157413,28,卖盘
938,10:19:24,56.18,5618,1,卖盘
939,10:19:27,56.18,56198,10,卖盘
940,10:19:33,56.18,84294,15,卖盘
941,10:19:39,56.29,2874651,511,买盘
942,10:19:42,56.28,39398,7,卖盘
943,10:19:45,56.29,11259,2,中性盘
944,10:19:48,56.3,67559,12,买盘
945,10:19:51,56.3,394078,70,买盘
946,10:19:54,56.29,219568,39,卖盘
947,10:19:57,56.27,174464,31,卖盘
948,10:20:00,56.28,61908,11,买盘
949,10:20:03,56.28,45018,8,买盘
950,10:20:06,56.28,95668,17,买盘
951,10:20:09,56.29,5629,1,买盘
952,10:20:12,56.33,377249,67,买盘
953,10:20:15,56.34,5634,1,卖盘
954,10:20:18,56.35,169047,30,买盘
955,10:20:21,56.35,95795,17,买盘
956,10:20:24,56.36,5636,1,买盘
957,10:20:27,56.36,118351,21,买盘
958,10:20:30,56.36,42946,8,卖盘
959,10:20:33,56.36,22546,4,卖盘
960,10:20:36,56.37,208548,37,买盘
961,10:20:39,56.37,81060,14,卖盘
962,10:20:42,56.37,343864,61,买盘
963,10:20:45,56.37,33824,6,卖盘
964,10:20:48,56.39,1469660,261,买盘
965,10:20:51,56.39,39474,7,卖盘
966,10:20:54,56.41,304589,54,买盘
967,10:20:57,56.41,28208,5,卖盘
968,10:21:00,56.42,519127,92,买盘
969,10:21:03,56.42,157974,28,买盘
970,10:21:06,56.44,62065,11,买盘
971,10:21:09,56.43,28217,5,卖盘
972,10:21:12,56.46,383827,68,买盘
973,10:21:15,56.46,299254,53,买盘
974,10:21:18,56.47,67761,12,买盘
975,10:21:21,56.48,1502417,266,买盘
976,10:21:24,56.49,28243,5,买盘
977,10:21:27,56.49,1254124,222,买盘
978,10:21:30,56.53,5955301,1054,买盘
979,10:21:33,56.53,508537,90,买盘
980,10:21:36,56.5,649598,115,卖盘
981,10:21:39,56.47,542394,96,卖盘
982,10:21:42,56.51,1107429,196,买盘
983,10:21:45,56.46,135603,24,卖盘
984,10:21:48,56.46,129861,23,中性盘
985,10:21:51,56.5,756770,134,买盘
986,10:21:54,56.44,220178,39,卖盘
987,10:21:57,56.5,141126,25,买盘
988,10:22:00,56.64,7099246,1255,买盘
989,10:22:03,56.64,877519,155,卖盘
990,10:22:06,56.6,164285,29,卖盘
991,10:22:09,56.65,254871,45,买盘
992,10:22:12,56.67,164322,29,买盘
993,10:22:15,56.65,56657,10,卖盘
994,10:22:18,56.65,572338,101,买盘
995,10:22:21,56.7,1077066,190,买盘
996,10:22:24,56.7,328786,58,买盘
997,10:22:27,56.7,113385,20,买盘
998,10:22:30,56.71,362931,64,买盘
999,10:22:33,56.67,1927275,340,卖盘
1000,10:22:36,56.71,306184,54,买盘
1001,10:22:39,56.71,107710,19,买盘
1002,10:22:42,56.71,90705,16,买盘
1003,10:22:45,56.7,164459,29,中性盘
1004,10:22:48,56.69,107701,19,买盘
1005,10:22:51,56.69,130400,23,卖盘
1006,10:22:54,56.67,442176,78,卖盘
1007,10:22:57,56.66,243680,43,卖盘
1008,10:23:00,56.7,770925,136,买盘
1009,10:23:03,56.63,674010,119,卖盘
1010,10:23:06,56.64,152915,27,买盘
1011,10:23:09,56.6,186855,33,卖盘
1012,10:23:12,56.58,39616,7,卖盘
1013,10:23:15,56.6,226398,40,买盘
1014,10:23:18,56.64,198149,35,买盘
1015,10:23:21,56.6,50945,9,买盘
1016,10:23:24,56.61,73623,13,卖盘
1017,10:23:27,56.6,390760,69,卖盘
1018,10:23:30,56.66,339762,60,买盘
1019,10:23:33,56.61,606160,107,卖盘
1020,10:23:36,56.66,294735,52,中性盘
1021,10:23:39,56.68,90682,16,中性盘
1022,10:23:42,56.67,323094,57,卖盘
1023,10:23:45,56.66,243685,43,卖盘
1024,10:23:48,56.66,107674,19,卖盘
1025,10:23:51,56.66,22661,4,买盘
1026,10:23:54,56.66,277679,49,买盘
1027,10:24:00,56.63,158635,28,卖盘
1028,10:24:03,56.63,107630,19,卖盘
1029,10:24:06,56.63,22657,4,卖盘
1030,10:24:09,56.63,101941,18,卖盘
1031,10:24:12,56.62,39637,7,卖盘
1032,10:24:15,56.63,22652,4,买盘
1033,10:24:18,56.61,266086,47,卖盘
1034,10:24:21,56.56,316854,56,卖盘
1035,10:24:24,56.56,39576,7,中性盘
1036,10:24:27,56.56,163989,29,买盘
1037,10:24:30,56.5,96142,17,卖盘
1038,10:24:33,56.5,16950,3,卖盘
1039,10:24:36,56.5,118653,21,卖盘
1040,10:24:39,56.48,45192,8,卖盘
1041,10:24:42,56.5,45200,8,买盘
1042,10:24:45,56.5,542401,96,买盘
1043,10:24:48,56.56,146977,26,买盘
1044,10:24:51,56.59,28283,5,买盘
1045,10:24:54,56.62,232114,41,买盘
1046,10:24:57,56.61,107580,19,卖盘
1047,10:25:00,56.63,56628,10,买盘
1048,10:25:03,56.6,401990,71,卖盘
1049,10:25:06,56.63,260412,46,买盘
1050,10:25:09,56.62,498530,88,卖盘
1051,10:25:12,56.62,243481,43,买盘
1052,10:25:15,56.62,16991,3,卖盘
1053,10:25:18,56.65,175576,31,买盘
1054,10:25:21,56.65,11329,2,买盘
1055,10:25:24,56.68,334339,59,买盘
1056,10:25:27,56.69,198385,35,买盘
1057,10:25:30,56.69,136053,24,买盘
1058,10:25:33,56.7,844827,149,买盘
1059,10:25:36,56.71,96402,17,买盘
1060,10:25:39,56.72,300591,53,买盘
1061,10:25:42,56.72,567223,100,买盘
1062,10:25:45,56.73,147512,26,买盘
1063,10:25:48,56.74,215630,38,买盘
1064,10:25:51,56.74,448301,79,中性盘
1065,10:25:54,56.74,232651,41,买盘
1066,10:25:57,56.75,221296,39,买盘
1067,10:26:00,56.73,1389669,245,卖盘
1068,10:26:03,56.68,141805,25,卖盘
1069,10:26:06,56.72,34024,6,买盘
1070,10:26:09,56.66,158804,28,卖盘
1071,10:26:12,56.66,136087,24,卖盘
1072,10:26:15,56.66,73716,13,卖盘
1073,10:26:18,56.71,68030,12,买盘
1074,10:26:21,56.68,147423,26,卖盘
1075,10:26:24,56.71,181470,32,买盘
1076,10:26:27,56.71,107734,19,买盘
1077,10:26:30,56.71,198483,35,卖盘
1078,10:26:33,56.71,493436,87,卖盘
1079,10:26:36,56.7,277876,49,卖盘
1080,10:26:39,56.63,883850,156,卖盘
1081,10:26:42,56.66,56660,10,买盘
1082,10:26:45,56.6,198090,35,卖盘
1083,10:26:48,56.61,11322,2,买盘
1084,10:26:51,56.55,56599,10,卖盘
1085,10:26:54,56.6,33945,6,中性盘
1086,10:26:57,56.53,118746,21,卖盘
1087,10:27:00,56.55,56543,10,买盘
1088,10:27:03,56.53,84798,15,中性盘
1089,10:27:06,56.49,90409,16,卖盘
1090,10:27:12,56.47,214618,38,卖盘
1091,10:27:15,56.44,39520,7,卖盘
1092,10:27:18,56.48,45180,8,买盘
1093,10:27:21,56.48,33888,6,买盘
1094,10:27:27,56.44,73376,13,卖盘
1095,10:27:30,56.44,22572,4,中性盘
1096,10:27:33,56.42,28213,5,卖盘
1097,10:27:36,56.4,174840,31,卖盘
1098,10:27:39,56.3,56323,10,卖盘
1099,10:27:42,56.38,28190,5,卖盘
1100,10:27:45,56.37,62004,11,中性盘
1101,10:27:48,56.35,95835,17,中性盘
1102,10:27:51,56.32,264841,47,卖盘
1103,10:27:54,56.31,33788,6,卖盘
1104,10:27:57,56.31,5631,1,卖盘
1105,10:28:03,56.31,174560,31,买盘
1106,10:28:06,56.3,140761,25,卖盘
1107,10:28:09,56.3,168905,30,卖盘
1108,10:28:12,56.31,146396,26,买盘
1109,10:28:15,56.31,174539,31,买盘
1110,10:28:18,56.3,101340,18,卖盘
1111,10:28:21,56.31,163274,29,买盘
1112,10:28:24,56.31,129483,23,买盘
1113,10:28:27,56.31,95727,17,买盘
1114,10:28:30,56.31,185812,33,买盘
1115,10:28:33,56.32,39424,7,买盘
1116,10:28:36,56.32,11264,2,卖盘
1117,10:28:39,56.33,112647,20,买盘
1118,10:28:42,56.3,686839,122,卖盘
1119,10:28:45,56.3,106967,19,买盘
1120,10:28:48,56.3,11259,2,买盘
1121,10:28:51,56.25,258755,46,卖盘
1122,10:28:54,56.25,123727,22,买盘
1123,10:29:00,56.25,354360,63,买盘
1124,10:29:03,56.25,33750,6,卖盘
1125,10:29:06,56.25,78756,14,卖盘
1126,10:29:09,56.25,1006875,179,卖盘
1127,10:29:12,56.25,73122,13,买盘
1128,10:29:15,56.26,157503,28,买盘
1129,10:29:18,56.25,33750,6,卖盘
1130,10:29:21,56.26,22504,4,买盘
1131,10:29:24,56.26,67511,12,买盘
1132,10:29:27,56.26,50634,9,买盘
1133,10:29:30,56.26,39381,7,买盘
1134,10:29:33,56.26,84390,15,卖盘
1135,10:29:36,56.26,22506,4,卖盘
1136,10:29:39,56.25,157524,28,卖盘
1137,10:29:42,56.24,928083,165,卖盘
1138,10:29:45,56.21,106836,19,卖盘
1139,10:29:48,56.21,67507,12,卖盘
1140,10:29:51,56.21,33726,6,卖盘
1141,10:29:54,56.21,22488,4,卖盘
1142,10:29:57,56.25,56250,10,买盘
1143,10:30:00,56.25,45000,8,卖盘
1144,10:30:03,56.26,5626,1,买盘
1145,10:30:12,56.27,22508,4,买盘
1146,10:30:15,56.27,67524,12,买盘
1147,10:30:18,56.28,90037,16,买盘
1148,10:30:27,56.29,67538,12,买盘
1149,10:30:30,56.29,101317,18,买盘
1150,10:30:33,56.28,714816,127,卖盘
1151,10:30:36,56.29,337642,60,买盘
1152,10:30:39,56.29,135068,24,买盘
1153,10:30:42,56.29,22516,4,卖盘
1154,10:30:48,56.28,33762,6,中性盘
1155,10:30:51,56.26,45001,8,中性盘
1156,10:30:54,56.22,331779,59,卖盘
1157,10:30:57,56.2,281049,50,卖盘
1158,10:31:00,56.17,882307,157,卖盘
1159,10:31:03,56.17,443815,79,卖盘
1160,10:31:06,56.16,230298,41,卖盘
1161,10:31:09,56.19,241511,43,买盘
1162,10:31:12,56.15,5615,1,中性盘
1163,10:31:15,56.18,11236,2,买盘
1164,10:31:21,56.18,28086,5,买盘
1165,10:31:24,56.2,95530,17,买盘
1166,10:31:27,56.2,101160,18,卖盘
1167,10:31:30,56.22,342841,61,买盘
1168,10:31:33,56.26,39370,7,买盘
1169,10:31:36,56.27,61889,11,买盘
1170,10:31:45,56.29,50659,9,买盘
1171,10:31:48,56.3,61930,11,买盘
1172,10:31:57,56.33,16897,3,买盘
1173,10:32:00,56.34,11267,2,买盘
1174,10:32:03,56.3,236522,42,卖盘
1175,10:32:06,56.3,28152,5,卖盘
1176,10:32:09,56.3,56292,10,买盘
1177,10:32:12,56.31,118246,21,买盘
1178,10:32:15,56.3,168927,30,卖盘
1179,10:32:18,56.3,11260,2,卖盘
1180,10:32:21,56.31,33785,6,买盘
1181,10:32:24,56.31,118251,21,买盘
1182,10:32:33,56.31,11262,2,卖盘
1183,10:32:36,56.34,45068,8,买盘
1184,10:32:42,56.33,11268,2,中性盘
1185,10:32:45,56.34,33810,6,中性盘
1186,10:32:48,56.44,197442,35,买盘
1187,10:32:51,56.41,242346,43,中性盘
1188,10:32:54,56.4,11273,2,中性盘
1189,10:32:57,56.4,440184,78,买盘
1190,10:33:00,56.39,16917,3,买盘
1191,10:33:03,56.39,5639,1,买盘
1192,10:33:06,56.35,39469,7,卖盘
1193,10:33:15,56.35,84586,15,卖盘
1194,10:33:18,56.35,16905,3,卖盘
1195,10:33:24,56.35,28184,5,卖盘
1196,10:33:27,56.36,16908,3,中性盘
1197,10:33:30,56.36,16909,3,卖盘
1198,10:33:33,56.36,73280,13,卖盘
1199,10:33:36,56.36,16908,3,卖盘
1200,10:33:39,56.37,28184,5,中性盘
1201,10:33:42,56.36,789040,140,卖盘
1202,10:33:45,56.34,202840,36,卖盘
1203,10:33:48,56.33,28166,5,卖盘
1204,10:33:54,56.34,22533,4,买盘
1205,10:33:57,56.35,39442,7,买盘
1206,10:34:00,56.34,5634,1,卖盘
1207,10:34:03,56.34,118320,21,卖盘
1208,10:34:06,56.34,45072,8,卖盘
1209,10:34:09,56.32,872969,155,卖盘
1210,10:34:12,56.29,1171384,208,卖盘
1211,10:34:15,56.32,84436,15,买盘
1212,10:34:18,56.31,16887,3,中性盘
1213,10:34:21,56.31,22520,4,买盘
1214,10:34:24,56.29,22520,4,卖盘
1215,10:34:27,56.29,90065,16,卖盘
1216,10:34:30,56.32,439058,78,买盘
1217,10:34:33,56.35,169028,30,买盘
1218,10:34:39,56.36,22544,4,买盘
1219,10:34:42,56.3,5630,1,中性盘
1220,10:34:45,56.35,11270,2,买盘
1221,10:34:48,56.31,22524,4,卖盘
1222,10:34:54,56.31,28167,5,卖盘
1223,10:34:57,56.31,22524,4,卖盘
1224,10:35:00,56.34,50706,9,买盘
1225,10:35:03,56.34,11268,2,卖盘
1226,10:35:06,56.35,61983,11,买盘
1227,10:35:09,56.37,39449,7,买盘
1228,10:35:12,56.34,67608,12,卖盘
1229,10:35:15,56.34,84508,15,卖盘
1230,10:35:18,56.33,61965,11,卖盘
1231,10:35:21,56.33,5633,1,卖盘
1232,10:35:24,56.33,22532,4,卖盘
1233,10:35:27,56.33,33798,6,卖盘
1234,10:35:36,56.33,11266,2,卖盘
1235,10:35:39,56.33,33798,6,卖盘
1236,10:35:42,56.34,152107,27,买盘
1237,10:35:45,56.34,5634,1,买盘
1238,10:35:48,56.34,5634,1,卖盘
1239,10:35:51,56.35,366229,65,买盘
1240,10:35:54,56.35,28175,5,买盘
1241,10:35:57,56.42,298895,53,买盘
1242,10:36:00,56.45,152347,27,买盘
1243,10:36:06,56.46,141176,25,买盘
1244,10:36:15,56.5,242950,43,买盘
1245,10:36:18,56.51,96066,17,买盘
1246,10:36:27,56.5,28253,5,卖盘
1247,10:36:30,56.51,28255,5,买盘
1248,10:36:33,56.5,33904,6,卖盘
1249,10:36:36,56.49,50847,9,卖盘
1250,10:36:39,56.5,11300,2,买盘
1251,10:36:42,56.5,22600,4,买盘
1252,10:36:45,56.49,11299,2,卖盘
1253,10:36:48,56.49,5649,1,卖盘
1254,10:36:51,56.48,79084,14,卖盘
1255,10:36:54,56.49,16945,3,买盘
1256,10:36:57,56.48,50837,9,卖盘
1257,10:37:00,56.48,5648,1,卖盘
1258,10:37:03,56.49,16947,3,买盘
1259,10:37:06,56.49,5649,1,买盘
1260,10:37:09,56.49,90384,16,买盘
1261,10:37:12,56.49,28245,5,卖盘
1262,10:37:15,56.49,16947,3,卖盘
1263,10:37:21,56.48,28243,5,卖盘
1264,10:37:24,56.48,62128,11,卖盘
1265,10:37:27,56.45,779376,138,卖盘
1266,10:37:30,56.49,152440,27,买盘
1267,10:37:33,56.49,56470,10,买盘
1268,10:37:36,56.5,220344,39,买盘
1269,10:37:39,56.5,5650,1,中性盘
1270,10:37:42,56.51,118721,21,中性盘
1271,10:37:45,56.52,135682,24,卖盘
1272,10:37:48,56.55,50895,9,买盘
1273,10:37:51,56.52,5652,1,卖盘
1274,10:37:54,56.55,33930,6,买盘
1275,10:37:57,56.55,16965,3,买盘
1276,10:38:00,56.54,16964,3,中性盘
1277,10:38:03,56.55,28275,5,买盘
1278,10:38:06,56.55,5655,1,买盘
1279,10:38:09,56.51,73511,13,卖盘
1280,10:38:12,56.54,11308,2,买盘
1281,10:38:15,56.54,22616,4,买盘
1282,10:38:18,56.54,22613,4,买盘
1283,10:38:21,56.51,16953,3,卖盘
1284,10:38:24,56.54,11308,2,买盘
1285,10:38:27,56.53,5653,1,买盘
1286,10:38:30,56.53,570930,101,买盘
1287,10:38:33,56.55,356251,63,买盘
1288,10:38:36,56.53,282742,50,卖盘
1289,10:38:39,56.53,158335,28,卖盘
1290,10:38:42,56.55,113099,20,买盘
1291,10:38:45,56.55,50895,9,买盘
1292,10:38:48,56.55,16965,3,买盘
1293,10:38:51,56.56,294065,52,买盘
1294,10:38:54,56.56,22624,4,买盘
1295,10:38:57,56.58,39600,7,买盘
1296,10:39:00,56.57,22628,4,卖盘
1297,10:39:03,56.58,33947,6,买盘
1298,10:39:06,56.57,62236,11,卖盘
1299,10:39:09,56.58,16973,3,买盘
1300,10:39:12,56.58,28291,5,买盘
1301,10:39:18,56.58,67895,12,买盘
1302,10:39:21,56.58,11316,2,中性盘
1303,10:39:24,56.59,56587,10,买盘
1304,10:39:27,56.59,62253,11,卖盘
1305,10:39:30,56.58,130144,23,卖盘
1306,10:39:33,56.55,96160,17,卖盘
1307,10:39:36,56.58,260168,46,中性盘
1308,10:39:39,56.58,33945,6,买盘
1309,10:39:45,56.55,5655,1,中性盘
1310,10:39:48,56.53,147004,26,卖盘
1311,10:39:51,56.55,11310,2,买盘
1312,10:39:57,56.53,39573,7,卖盘
1313,10:40:00,56.51,11304,2,卖盘
1314,10:40:03,56.5,384234,68,卖盘
1315,10:40:06,56.53,146962,26,买盘
1316,10:40:09,56.5,56480,10,中性盘
1317,10:40:12,56.49,11298,2,中性盘
1318,10:40:15,56.5,45188,8,买盘
1319,10:40:18,56.5,50850,9,买盘
1320,10:40:21,56.49,16943,3,中性盘
1321,10:40:27,56.47,112963,20,卖盘
1322,10:40:33,56.47,33885,6,卖盘
1323,10:40:39,56.47,5647,1,卖盘
1324,10:40:42,56.47,28235,5,卖盘
1325,10:40:45,56.46,16938,3,卖盘
1326,10:40:48,56.46,39523,7,卖盘
1327,10:40:51,56.45,33870,6,卖盘
1328,10:40:54,56.45,5645,1,卖盘
1329,10:40:57,56.44,141132,25,卖盘
1330,10:41:00,56.44,5644,1,卖盘
1331,10:41:03,56.43,5643,1,卖盘
1332,10:41:09,56.42,5642,1,卖盘
1333,10:41:18,56.4,45125,8,卖盘
1334,10:41:21,56.39,11278,2,卖盘
1335,10:41:27,56.37,5637,1,卖盘
1336,10:41:33,56.37,95829,17,卖盘
1337,10:41:36,56.37,5637,1,卖盘
1338,10:41:39,56.38,22550,4,买盘
1339,10:41:45,56.38,5638,1,卖盘
1340,10:41:48,56.38,11276,2,卖盘
1341,10:41:51,56.36,11272,2,卖盘
1342,10:41:54,56.35,118353,21,卖盘
1343,10:41:57,56.34,5634,1,卖盘
1344,10:42:00,56.33,11266,2,卖盘
1345,10:42:03,56.33,95760,17,卖盘
1346,10:42:06,56.33,11266,2,卖盘
1347,10:42:12,56.34,16900,3,买盘
1348,10:42:18,56.33,33788,6,买盘
1349,10:42:21,56.31,292750,52,中性盘
1350,10:42:27,56.3,16890,3,买盘
1351,10:42:33,56.3,16889,3,买盘
1352,10:42:39,56.3,22517,4,买盘
1353,10:42:42,56.3,39411,7,卖盘
1354,10:42:45,56.3,61930,11,卖盘
1355,10:42:48,56.29,67548,12,卖盘
1356,10:42:51,56.29,11258,2,卖盘
1357,10:42:54,56.3,67559,12,买盘
1358,10:42:57,56.3,50670,9,卖盘
1359,10:43:06,56.29,225165,40,卖盘
1360,10:43:09,56.25,326354,58,卖盘
1361,10:43:12,56.24,50639,9,卖盘
1362,10:43:18,56.23,118144,21,卖盘
1363,10:43:21,56.24,33744,6,卖盘
1364,10:43:24,56.24,50616,9,买盘
1365,10:43:27,56.24,61865,11,卖盘
1366,10:43:30,56.3,22514,4,买盘
1367,10:43:33,56.3,56300,10,卖盘
1368,10:43:36,56.29,1041542,185,卖盘
1369,10:43:39,56.25,61880,11,卖盘
1370,10:43:42,56.25,16875,3,卖盘
1371,10:43:45,56.25,89999,16,卖盘
1372,10:43:48,56.25,16874,3,买盘
1373,10:43:51,56.25,5625,1,买盘
1374,10:43:54,56.25,39369,7,买盘
1375,10:43:57,56.25,5625,1,买盘
1376,10:44:00,56.24,28124,5,卖盘
1377,10:44:03,56.23,28115,5,卖盘
1378,10:44:06,56.23,5623,1,卖盘
1379,10:44:12,56.24,84359,15,买盘
1380,10:44:18,56.25,61875,11,买盘
1381,10:44:21,56.25,106865,19,买盘
1382,10:44:24,56.25,22500,4,买盘
1383,10:44:27,56.24,118113,21,卖盘
1384,10:44:30,56.24,61872,11,卖盘
1385,10:44:33,56.25,89972,16,买盘
1386,10:44:39,56.25,5625,1,买盘
1387,10:44:48,56.25,11250,2,买盘
1388,10:44:51,56.25,5625,1,买盘
1389,10:45:00,56.25,5625,1,卖盘
1390,10:45:03,56.25,168750,30,卖盘
1391,10:45:06,56.21,826298,147,卖盘
1392,10:45:12,56.21,16863,3,买盘
1393,10:45:21,56.16,73017,13,卖盘
1394,10:45:27,56.16,22464,4,卖盘
1395,10:45:30,56.17,22467,4,中性盘
1396,10:45:33,56.16,16848,3,卖盘
1397,10:45:36,56.15,22461,4,卖盘
1398,10:45:39,56.12,359326,64,卖盘
1399,10:45:42,56.11,101009,18,卖盘
1400,10:45:45,56.11,5611,1,卖盘
1401,10:45:48,56.11,117813,21,卖盘
1402,10:45:51,56.1,44885,8,卖盘
1403,10:45:54,56.1,5610,1,卖盘
1404,10:45:57,56.1,61710,11,卖盘
1405,10:46:00,56.09,11218,2,卖盘
1406,10:46:03,56.08,95338,17,卖盘
1407,10:46:12,56.08,16824,3,买盘
1408,10:46:15,56.07,33642,6,卖盘
1409,10:46:18,56.07,22430,4,卖盘
1410,10:46:21,56.08,16824,3,买盘
1411,10:46:24,56.09,11218,2,买盘
1412,10:46:27,56.1,22435,4,买盘
1413,10:46:30,56.09,61709,11,卖盘
1414,10:46:33,56.1,61697,11,买盘
1415,10:46:36,56.1,16830,3,买盘
1416,10:46:39,56.1,5610,1,买盘
1417,10:46:42,56.1,22439,4,买盘
1418,10:46:45,56.1,44879,8,买盘
1419,10:46:48,56.1,28050,5,买盘
1420,10:46:51,56.1,5610,1,卖盘
1421,10:47:00,56.11,16833,3,买盘
1422,10:47:03,56.1,196351,35,卖盘
1423,10:47:06,56.03,1009433,180,卖盘
1424,10:47:09,56.05,67238,12,中性盘
1425,10:47:15,56.05,464861,83,买盘
1426,10:47:18,56.03,72839,13,卖盘
1427,10:47:21,56.03,16809,3,卖盘
1428,10:47:24,56.05,11210,2,买盘
1429,10:47:27,56.05,5605,1,卖盘
1430,10:47:33,56.05,39235,7,卖盘
1431,10:47:36,56.06,5606,1,买盘
1432,10:47:39,56.05,22423,4,卖盘
1433,10:47:42,56.06,61656,11,买盘
1434,10:47:45,56.06,16818,3,买盘
1435,10:47:48,56.06,11212,2,买盘
1436,10:47:51,56.06,56052,10,买盘
1437,10:47:54,56.01,980267,175,卖盘
1438,10:47:57,56.02,123216,22,买盘
1439,10:48:00,56.02,5602,1,买盘
1440,10:48:03,56.02,5602,1,买盘
1441,10:48:09,56.01,56011,10,卖盘
1442,10:48:15,56.01,28004,5,买盘
1443,10:48:18,56.01,67211,12,卖盘
1444,10:48:21,55.99,72789,13,卖盘
1445,10:48:24,55.99,39193,7,卖盘
1446,10:48:30,56.0,5600,1,卖盘
1447,10:48:33,56.0,33603,6,卖盘
1448,10:48:36,56.01,302401,54,买盘
1449,10:48:39,55.97,106377,19,卖盘
1450,10:48:42,55.99,83975,15,买盘
1451,10:48:45,55.97,27986,5,卖盘
1452,10:48:48,55.98,16792,3,买盘
1453,10:48:51,55.98,44771,8,买盘
1454,10:48:54,55.96,33580,6,卖盘
1455,10:48:57,55.98,27990,5,买盘
1456,10:49:00,55.96,5596,1,卖盘
1457,10:49:03,55.96,5596,1,卖盘
1458,10:49:06,55.96,27983,5,卖盘
1459,10:49:09,55.98,5598,1,买盘
1460,10:49:15,55.96,179100,32,卖盘
1461,10:49:18,55.96,22384,4,买盘
1462,10:49:24,55.96,111920,20,买盘
1463,10:49:27,55.95,27978,5,卖盘
1464,10:49:30,55.96,16788,3,买盘
1465,10:49:33,55.95,83925,15,卖盘
1466,10:49:36,55.96,16788,3,买盘
1467,10:49:39,55.96,89525,16,买盘
1468,10:49:45,55.96,5596,1,买盘
1469,10:49:48,55.96,22384,4,买盘
1470,10:49:51,55.96,33576,6,买盘
1471,10:49:54,55.96,11192,2,买盘
1472,10:49:57,55.95,33572,6,卖盘
1473,10:50:00,55.95,5595,1,卖盘
1474,10:50:03,55.95,27978,5,卖盘
1475,10:50:06,55.94,436270,78,卖盘
1476,10:50:09,55.94,106290,19,卖盘
1477,10:50:12,55.92,11184,2,卖盘
1478,10:50:15,55.92,5592,1,买盘
1479,10:50:18,55.92,11184,2,买盘
1480,10:50:21,55.9,117403,21,卖盘
1481,10:50:24,55.91,368946,66,买盘
1482,10:50:30,55.9,111804,20,卖盘
1483,10:50:33,55.91,44728,8,买盘
1484,10:50:42,55.9,33540,6,卖盘
1485,10:50:45,55.91,156548,28,买盘
1486,10:50:54,55.92,33552,6,买盘
1487,10:51:00,55.93,33558,6,买盘
1488,10:51:06,55.94,22376,4,买盘
1489,10:51:09,55.94,72720,13,买盘
1490,10:51:12,55.95,22379,4,买盘
1491,10:51:15,55.95,44760,8,买盘
1492,10:51:18,55.95,5595,1,卖盘
1493,10:51:21,55.95,78330,14,卖盘
1494,10:51:24,55.95,11190,2,买盘
1495,10:51:27,55.95,5595,1,卖盘
1496,10:51:30,55.93,643315,115,卖盘
1497,10:51:36,55.95,139851,25,买盘
1498,10:51:39,55.92,145392,26,卖盘
1499,10:51:42,55.92,11184,2,卖盘
1500,10:51:45,55.92,5592,1,买盘
1501,10:51:48,55.92,5592,1,卖盘
1502,10:51:51,55.93,5593,1,买盘
1503,10:52:03,55.93,5593,1,买盘
1504,10:52:06,55.93,50337,9,买盘
1505,10:52:09,55.93,11186,2,买盘
1506,10:52:12,55.94,27970,5,买盘
1507,10:52:15,55.95,22380,4,买盘
1508,10:52:18,55.95,27975,5,买盘
1509,10:52:21,55.95,27975,5,买盘
1510,10:52:27,55.98,240673,43,买盘
1511,10:52:30,55.98,11196,2,卖盘
1512,10:52:33,55.99,33594,6,买盘
1513,10:52:36,55.99,55988,10,卖盘
1514,10:52:39,55.99,179178,32,卖盘
1515,10:52:42,55.98,44784,8,卖盘
1516,10:52:45,55.99,33594,6,买盘
1517,10:52:48,55.99,78386,14,卖盘
1518,10:52:51,55.98,111977,20,卖盘
1519,10:52:54,55.99,335808,60,中性盘
1520,10:52:57,55.98,16794,3,中性盘
1521,10:53:00,55.98,83973,15,卖盘
1522,10:53:03,55.99,67178,12,买盘
1523,10:53:06,55.94,151053,27,卖盘
1524,10:53:09,55.9,760432,136,卖盘
1525,10:53:12,55.88,234764,42,卖盘
1526,10:53:15,55.89,223535,40,买盘
1527,10:53:18,55.91,39131,7,买盘
1528,10:53:21,55.91,16773,3,卖盘
1529,10:53:24,55.9,11180,2,卖盘
1530,10:53:27,55.91,33546,6,买盘
1531,10:53:30,55.92,11183,2,买盘
1532,10:53:33,55.92,5592,1,买盘
1533,10:53:39,55.92,27960,5,买盘
1534,10:53:42,55.92,11184,2,买盘
1535,10:53:45,55.92,11184,2,买盘
1536,10:53:48,55.91,5591,1,卖盘
1537,10:53:54,55.91,11182,2,卖盘
1538,10:53:57,55.92,5592,1,买盘
1539,10:54:00,55.91,5591,1,卖盘
1540,10:54:03,55.91,55910,10,卖盘
1541,10:54:06,55.91,39137,7,卖盘
1542,10:54:09,55.91,5591,1,买盘
1543,10:54:12,55.9,301861,54,卖盘
1544,10:54:15,55.9,5590,1,卖盘
1545,10:54:18,55.89,5589,1,卖盘
1546,10:54:21,55.89,128547,23,卖盘
1547,10:54:24,55.88,5588,1,卖盘
1548,10:54:27,55.88,27940,5,卖盘
1549,10:54:33,55.88,5588,1,卖盘
1550,10:54:36,55.89,5589,1,买盘
1551,10:54:42,55.89,16767,3,买盘
1552,10:54:48,55.89,11178,2,买盘
1553,10:54:51,55.89,5589,1,买盘
1554,10:54:54,55.89,5589,1,买盘
1555,10:54:57,55.89,50296,9,买盘
1556,10:55:00,55.89,5589,1,买盘
1557,10:55:03,55.89,5589,1,买盘
1558,10:55:06,55.89,16767,3,买盘
1559,10:55:12,55.9,5590,1,买盘
1560,10:55:18,55.9,22360,4,买盘
1561,10:55:21,55.9,5590,1,卖盘
1562,10:55:27,55.89,346570,62,卖盘
1563,10:55:30,55.89,27943,5,买盘
1564,10:55:39,55.88,44711,8,卖盘
1565,10:55:42,55.88,67058,12,卖盘
1566,10:55:45,55.87,134109,24,卖盘
1567,10:55:48,55.86,234653,42,卖盘
1568,10:55:51,55.86,122892,22,卖盘
1569,10:55:54,55.86,206682,37,卖盘
1570,10:55:57,55.85,111717,20,卖盘
1571,10:56:00,55.85,11170,2,卖盘
1572,10:56:03,55.85,206641,37,卖盘
1573,10:56:06,55.85,5585,1,卖盘
1574,10:56:09,55.85,5585,1,卖盘
1575,10:56:12,55.86,16758,3,买盘
1576,10:56:15,55.86,55854,10,买盘
1577,10:56:21,55.86,134044,24,买盘
1578,10:56:30,55.87,11174,2,买盘
1579,10:56:36,55.88,5588,1,买盘
1580,10:56:42,55.89,11177,2,买盘
1581,10:56:45,55.89,11178,2,买盘
1582,10:56:48,55.89,5589,1,买盘
1583,10:56:51,55.89,5589,1,卖盘
1584,10:56:54,55.89,11179,2,卖盘
1585,10:56:57,55.89,22357,4,卖盘
1586,10:57:00,55.89,27945,5,卖盘
1587,10:57:03,55.89,27945,5,卖盘
1588,10:57:09,55.87,279382,50,卖盘
1589,10:57:12,55.87,39114,7,卖盘
1590,10:57:15,55.87,22350,4,卖盘
1591,10:57:18,55.87,22350,4,卖盘
1592,10:57:21,55.87,16762,3,卖盘
1593,10:57:24,55.87,16761,3,卖盘
1594,10:57:27,55.88,22349,4,买盘
1595,10:57:33,55.88,61467,11,买盘
1596,10:57:36,55.88,44706,8,卖盘
1597,10:57:39,55.88,83820,15,卖盘
1598,10:57:45,55.89,167670,30,买盘
1599,10:57:51,55.88,162052,29,卖盘
1600,10:57:54,55.88,11176,2,买盘
1601,10:57:57,55.88,50291,9,买盘
1602,10:58:00,55.88,39119,7,卖盘
1603,10:58:03,55.88,16764,3,卖盘
1604,10:58:06,55.88,100580,18,买盘
1605,10:58:09,55.89,33534,6,买盘
1606,10:58:15,55.88,178816,32,卖盘
1607,10:58:18,55.87,357529,64,卖盘
1608,10:58:21,55.85,5585,1,卖盘
1609,10:58:24,55.83,245739,44,卖盘
1610,10:58:27,55.83,44672,8,卖盘
1611,10:58:30,55.83,33498,6,卖盘
1612,10:58:33,55.83,100493,18,卖盘
1613,10:58:36,55.82,11164,2,卖盘
1614,10:58:39,55.81,39067,7,卖盘
1615,10:58:42,55.81,569259,102,卖盘
1616,10:58:45,55.8,11160,2,卖盘
1617,10:58:48,55.8,128340,23,卖盘
1618,10:58:51,55.8,379440,68,卖盘
1619,10:58:54,55.8,83700,15,卖盘
1620,10:59:00,55.8,27900,5,卖盘
1621,10:59:03,55.8,83701,15,卖盘
1622,10:59:06,55.81,16742,3,买盘
1623,10:59:12,55.81,55810,10,买盘
1624,10:59:15,55.81,5581,1,买盘
1625,10:59:21,55.81,22321,4,买盘
1626,10:59:24,55.8,16740,3,卖盘
1627,10:59:27,55.8,16740,3,卖盘
1628,10:59:30,55.8,11161,2,卖盘
1629,10:59:39,55.81,27905,5,买盘
1630,10:59:42,55.82,33488,6,买盘
1631,10:59:45,55.81,5581,1,卖盘
1632,10:59:48,55.83,5583,1,中性盘
1633,10:59:51,55.82,11164,2,卖盘
1634,10:59:54,55.84,11168,2,买盘
1635,10:59:57,55.84,50256,9,买盘
1636,11:00:00,55.84,11168,2,买盘
1637,11:00:03,55.84,72591,13,买盘
1638,11:00:06,55.84,11169,2,卖盘
1639,11:00:12,55.85,16755,3,买盘
1640,11:00:15,55.85,11170,2,买盘
1641,11:00:18,55.84,67010,12,卖盘
1642,11:00:21,55.88,111717,20,买盘
1643,11:00:24,55.88,11176,2,买盘
1644,11:00:27,55.89,16767,3,买盘
1645,11:00:30,55.9,27950,5,买盘
1646,11:00:33,55.89,22356,4,卖盘
1647,11:00:39,55.9,5590,1,买盘
1648,11:00:42,55.9,16769,3,买盘
1649,11:00:45,55.94,61513,11,买盘
1650,11:00:48,55.95,234959,42,买盘
1651,11:00:51,55.95,16785,3,卖盘
1652,11:00:54,55.8,1117521,200,卖盘
1653,11:00:57,55.86,22350,4,卖盘
1654,11:01:00,55.86,16758,3,卖盘
1655,11:01:06,55.87,5587,1,卖盘
1656,11:01:12,55.86,44692,8,卖盘
1657,11:01:18,55.87,11173,2,买盘
1658,11:01:24,55.87,16761,3,买盘
1659,11:01:27,55.87,16761,3,买盘
1660,11:01:39,55.9,22360,4,买盘
1661,11:01:42,55.91,5591,1,买盘
1662,11:01:48,55.92,11184,2,买盘
1663,11:01:57,55.92,16774,3,买盘
1664,11:02:00,55.93,22370,4,买盘
1665,11:02:03,55.93,5593,1,卖盘
1666,11:02:06,55.95,33565,6,买盘
1667,11:02:09,55.95,83925,15,买盘
1668,11:02:12,55.99,33588,6,买盘
1669,11:02:15,56.0,100798,18,买盘
1670,11:02:18,56.0,39191,7,买盘
1671,11:02:21,56.0,5600,1,买盘
1672,11:02:27,56.0,151198,27,买盘
1673,11:02:30,55.98,27994,5,卖盘
1674,11:02:33,56.0,397590,71,买盘
1675,11:02:39,56.0,5600,1,买盘
1676,11:02:42,56.0,123198,22,买盘
1677,11:02:45,56.01,100840,18,中性盘
1678,11:02:48,56.04,16805,3,中性盘
1679,11:02:51,56.05,67241,12,买盘
1680,11:02:54,55.98,548831,98,卖盘
1681,11:02:57,55.99,184742,33,买盘
1682,11:03:06,55.99,16796,3,买盘
1683,11:03:09,55.99,11198,2,买盘
1684,11:03:12,56.0,5600,1,买盘
1685,11:03:18,56.01,117621,21,买盘
1686,11:03:21,56.01,5601,1,卖盘
1687,11:03:27,56.04,5604,1,买盘
1688,11:03:33,56.02,56020,10,卖盘
1689,11:03:36,56.02,11204,2,买盘
1690,11:03:39,56.04,5604,1,买盘
1691,11:03:42,56.04,22416,4,买盘
1692,11:03:45,56.04,22416,4,买盘
1693,11:03:48,56.03,44827,8,卖盘
1694,11:03:54,56.03,5603,1,买盘
1695,11:03:57,56.03,22412,4,买盘
1696,11:04:00,56.03,123300,22,卖盘
1697,11:04:03,56.03,28035,5,卖盘
1698,11:04:06,56.09,50482,9,中性盘
1699,11:04:09,56.11,22442,4,买盘
1700,11:04:12,56.09,67304,12,买盘
1701,11:04:15,56.07,5607,1,买盘
1702,11:04:18,56.07,22428,4,买盘
1703,11:04:21,56.09,5609,1,买盘
1704,11:04:24,56.09,16825,3,买盘
1705,11:04:27,56.1,5610,1,买盘
1706,11:04:30,56.1,95341,17,买盘
1707,11:04:33,56.08,39268,7,卖盘
1708,11:04:36,56.1,72930,13,买盘
1709,11:04:39,56.13,16838,3,买盘
1710,11:04:42,56.13,22460,4,买盘
1711,11:04:45,56.2,22478,4,买盘
1712,11:04:48,56.2,22480,4,买盘
1713,11:04:51,56.15,146060,26,卖盘
1714,11:04:54,56.14,39318,7,卖盘
1715,11:04:57,56.17,16851,3,买盘
1716,11:05:00,56.13,78589,14,卖盘
1717,11:05:03,56.09,33659,6,卖盘
1718,11:05:06,56.09,151437,27,卖盘
1719,11:05:09,56.07,56071,10,中性盘
1720,11:05:12,56.04,5604,1,卖盘
1721,11:05:15,56.07,28026,5,买盘
1722,11:05:24,56.06,5606,1,买盘
1723,11:05:30,56.04,28020,5,卖盘
1724,11:05:36,56.04,5604,1,卖盘
1725,11:05:39,56.05,67249,12,买盘
1726,11:05:42,56.03,5603,1,卖盘
1727,11:05:45,56.06,22419,4,买盘
1728,11:05:48,56.08,22423,4,买盘
1729,11:05:54,56.07,106533,19,买盘
1730,11:06:00,56.07,16815,3,买盘
1731,11:06:03,56.07,28029,5,买盘
1732,11:06:06,56.04,11208,2,卖盘
1733,11:06:09,56.05,67271,12,卖盘
1734,11:06:12,56.03,16809,3,卖盘
1735,11:06:15,56.03,5603,1,卖盘
1736,11:06:18,56.03,33624,6,卖盘
1737,11:06:21,56.06,72872,13,买盘
1738,11:06:24,56.08,50465,9,买盘
1739,11:06:36,56.09,89740,16,买盘
1740,11:06:39,56.09,168270,30,买盘
1741,11:06:45,56.09,56090,10,买盘
1742,11:06:48,56.08,11216,2,卖盘
1743,11:06:54,56.08,5608,1,买盘
1744,11:07:00,56.07,16823,3,卖盘
1745,11:07:03,56.07,11214,2,卖盘
1746,11:07:06,56.08,5608,1,买盘
1747,11:07:09,56.06,28034,5,卖盘
1748,11:07:12,56.06,145756,26,卖盘
1749,11:07:15,56.04,44832,8,卖盘
1750,11:07:21,56.03,33622,6,卖盘
1751,11:07:24,56.03,11206,2,卖盘
1752,11:07:27,56.03,5603,1,卖盘
1753,11:07:30,56.03,11206,2,卖盘
1754,11:07:36,56.02,140052,25,卖盘
1755,11:07:51,56.02,22405,4,买盘
1756,11:07:57,56.01,50409,9,卖盘
1757,11:08:00,56.02,5602,1,买盘
1758,11:08:03,56.0,11201,2,卖盘
1759,11:08:06,56.0,16800,3,卖盘
1760,11:08:09,55.99,156798,28,卖盘
1761,11:08:12,55.98,33589,6,卖盘
1762,11:08:15,55.99,229522,41,买盘
1763,11:08:18,55.98,184765,33,中性盘
1764,11:08:21,55.99,16797,3,买盘
1765,11:08:24,55.99,11198,2,买盘
1766,11:08:27,55.95,27976,5,中性盘
1767,11:08:33,55.96,5596,1,卖盘
1768,11:08:36,55.99,5599,1,买盘
1769,11:08:42,55.95,5595,1,卖盘
1770,11:09:00,55.95,128703,23,卖盘
1771,11:09:03,55.97,5597,1,中性盘
1772,11:09:06,55.99,33594,6,买盘
1773,11:09:09,56.0,5600,1,买盘
1774,11:09:18,56.0,61598,11,买盘
1775,11:09:21,55.99,89591,16,卖盘
1776,11:09:24,55.99,11199,2,卖盘
1777,11:09:30,55.99,11198,2,卖盘
1778,11:09:33,56.0,100799,18,买盘
1779,11:09:42,56.0,5600,1,买盘
1780,11:09:45,56.01,39207,7,买盘
1781,11:09:57,56.02,5602,1,买盘
1782,11:10:03,56.02,5602,1,卖盘
1783,11:10:21,56.04,44826,8,买盘
1784,11:10:24,56.04,5604,1,买盘
1785,11:10:27,56.03,44844,8,卖盘
1786,11:10:30,56.03,22412,4,买盘
1787,11:10:33,56.03,16809,3,卖盘
1788,11:10:36,56.03,5603,1,卖盘
1789,11:10:39,56.04,39228,7,买盘
1790,11:10:48,56.03,61634,11,卖盘
1791,11:10:51,56.04,16812,3,买盘
1792,11:10:54,56.07,28032,5,买盘
1793,11:11:03,56.08,100914,18,买盘
1794,11:11:06,56.07,5607,1,中性盘
1795,11:11:18,56.03,16812,3,卖盘
1796,11:11:21,56.06,22415,4,中性盘
1797,11:11:24,56.07,11210,2,买盘
1798,11:11:27,56.07,151389,27,买盘
1799,11:11:36,56.06,28030,5,买盘
1800,11:11:42,56.03,5603,1,卖盘
1801,11:11:45,56.07,16819,3,买盘
1802,11:11:48,56.09,33652,6,买盘
1803,11:11:51,56.06,84107,15,卖盘
1804,11:11:54,56.08,11215,2,买盘
1805,11:11:57,56.1,89758,16,买盘
1806,11:12:06,56.01,543545,97,卖盘
1807,11:12:09,56.01,5601,1,卖盘
1808,11:12:12,56.01,11202,2,买盘
1809,11:12:18,56.01,28006,5,中性盘
1810,11:12:21,56.11,112199,20,买盘
1811,11:12:24,56.01,56012,10,卖盘
1812,11:12:39,56.02,28008,5,买盘
1813,11:12:45,56.08,33630,6,买盘
1814,11:12:54,56.05,33630,6,买盘
1815,11:13:06,56.06,72864,13,买盘
1816,11:13:12,56.05,11210,2,买盘
1817,11:13:15,56.05,5605,1,卖盘
1818,11:13:18,56.05,123291,22,中性盘
1819,11:13:21,56.05,22420,4,买盘
1820,11:13:24,56.09,224336,40,买盘
1821,11:13:27,56.03,5603,1,卖盘
1822,11:13:33,56.04,11208,2,卖盘
1823,11:13:36,56.04,44832,8,卖盘
1824,11:13:39,56.04,28020,5,卖盘
1825,11:13:42,56.06,140205,25,中性盘
1826,11:13:45,56.05,22422,4,卖盘
1827,11:13:48,56.05,22420,4,卖盘
1828,11:13:54,56.03,246571,44,卖盘
1829,11:13:57,56.03,5603,1,卖盘
1830,11:14:00,56.03,425829,76,卖盘
1831,11:14:03,56.01,50409,9,卖盘
1832,11:14:06,56.01,44802,8,买盘
1833,11:14:09,56.01,11202,2,买盘
1834,11:14:18,56.01,16803,3,卖盘
1835,11:14:24,56.0,5600,1,卖盘
1836,11:14:36,56.02,100800,18,中性盘
1837,11:14:39,56.02,28010,5,买盘
1838,11:14:42,55.99,11199,2,卖盘
1839,11:14:48,55.98,139974,25,卖盘
1840,11:14:51,55.98,16794,3,卖盘
1841,11:14:54,55.98,83970,15,卖盘
1842,11:14:57,55.93,44744,8,卖盘
1843,11:15:03,55.93,5593,1,卖盘
1844,11:15:06,55.98,5598,1,买盘
1845,11:15:12,55.99,33594,6,买盘
1846,11:15:24,55.96,5596,1,卖盘
1847,11:15:27,55.99,5599,1,买盘
1848,11:15:36,56.01,5601,1,买盘
1849,11:15:42,55.98,67180,12,卖盘
1850,11:15:45,55.99,33594,6,买盘
1851,11:15:48,55.99,117579,21,买盘
1852,11:15:51,56.04,33617,6,买盘
1853,11:15:54,56.06,16815,3,买盘
1854,11:16:00,56.03,5603,1,买盘
1855,11:16:09,56.04,5604,1,买盘
1856,11:16:12,56.03,28019,5,卖盘
1857,11:16:18,56.03,22418,4,中性盘
1858,11:16:21,56.07,50458,9,买盘
1859,11:16:24,56.04,22427,4,中性盘
1860,11:16:27,56.07,11214,2,买盘
1861,11:16:30,56.08,16824,3,买盘
1862,11:16:39,56.09,78532,14,买盘
1863,11:16:42,56.09,11221,2,卖盘
1864,11:16:45,56.14,106665,19,买盘
1865,11:16:48,56.09,33654,6,卖盘
1866,11:16:54,56.13,28064,5,买盘
1867,11:16:57,56.09,129009,23,卖盘
1868,11:17:00,55.99,218593,39,卖盘
1869,11:17:03,56.08,5608,1,买盘
1870,11:17:12,56.07,56063,10,买盘
1871,11:17:15,56.07,156996,28,卖盘
1872,11:17:27,56.06,11212,2,卖盘
1873,11:17:30,56.06,5606,1,卖盘
1874,11:17:36,56.07,89701,16,买盘
1875,11:17:39,56.02,50450,9,卖盘
1876,11:17:42,56.06,5606,1,中性盘
1877,11:17:45,56.07,33633,6,买盘
1878,11:17:48,56.02,11204,2,中性盘
1879,11:18:03,56.04,134551,24,卖盘
1880,11:18:24,56.07,84086,15,买盘
1881,11:18:36,56.09,140201,25,买盘
1882,11:19:00,56.09,140225,25,买盘
1883,11:19:03,56.06,61696,11,卖盘
1884,11:19:06,56.05,11210,2,卖盘
1885,11:19:09,56.05,16815,3,卖盘
1886,11:19:12,56.05,39235,7,卖盘
1887,11:19:15,56.05,72905,13,卖盘
1888,11:19:18,56.09,84121,15,买盘
1889,11:19:24,56.04,5604,1,卖盘
1890,11:19:30,56.08,11216,2,买盘
1891,11:19:48,56.08,56080,10,买盘
1892,11:19:57,56.06,16818,3,卖盘
1893,11:20:00,56.08,11216,2,买盘
1894,11:20:03,56.05,22421,4,卖盘
1895,11:20:06,56.03,173723,31,卖盘
1896,11:20:09,56.03,16809,3,卖盘
1897,11:20:12,55.99,235271,42,卖盘
1898,11:20:15,55.96,22389,4,卖盘
1899,11:20:18,56.0,39188,7,买盘
1900,11:20:24,55.96,5596,1,卖盘
1901,11:20:30,55.96,50365,9,卖盘
1902,11:20:39,55.96,72748,13,卖盘
1903,11:20:42,55.96,11192,2,卖盘
1904,11:20:45,55.99,16797,3,买盘
1905,11:21:00,56.0,50400,9,买盘
1906,11:21:09,56.0,33600,6,买盘
1907,11:21:12,56.0,11200,2,买盘
1908,11:21:15,56.01,106450,19,中性盘
1909,11:21:18,56.0,56003,10,卖盘
1910,11:21:24,56.0,5600,1,卖盘
1911,11:21:36,56.0,5600,1,卖盘
1912,11:21:42,56.0,5600,1,卖盘
1913,11:21:45,56.0,11200,2,卖盘
1914,11:21:48,56.03,72835,13,买盘
1915,11:21:54,56.03,16809,3,卖盘
1916,11:21:57,56.03,44824,8,卖盘
1917,11:22:18,55.99,207188,37,卖盘
1918,11:22:21,55.99,22399,4,卖盘
1919,11:22:24,55.99,16797,3,卖盘
1920,11:22:30,55.99,5599,1,卖盘
1921,11:22:33,56.0,5600,1,买盘
1922,11:22:42,55.99,89584,16,卖盘
1923,11:22:45,55.99,33588,6,买盘
1924,11:22:51,55.98,16794,3,买盘
1925,11:23:06,55.96,5596,1,卖盘
1926,11:23:12,55.98,72773,13,买盘
1927,11:23:24,56.0,5600,1,买盘
1928,11:23:33,55.99,5599,1,买盘
1929,11:23:45,55.98,22393,4,卖盘
1930,11:23:54,55.98,123182,22,卖盘
1931,11:23:57,55.99,5599,1,买盘
1932,11:24:00,56.0,5600,1,买盘
1933,11:24:09,55.99,5599,1,卖盘
1934,11:24:12,56.0,72793,13,买盘
1935,11:24:18,56.0,16800,3,买盘
1936,11:24:24,55.98,33588,6,卖盘
1937,11:24:30,55.98,5598,1,卖盘
1938,11:24:33,55.97,89566,16,卖盘
1939,11:24:36,55.97,11194,2,卖盘
1940,11:24:42,55.97,44776,8,卖盘
1941,11:24:45,55.97,11194,2,卖盘
1942,11:24:48,55.97,16793,3,卖盘
1943,11:24:51,55.96,296614,53,卖盘
1944,11:24:57,55.98,27986,5,买盘
1945,11:25:06,55.98,5598,1,买盘
1946,11:25:15,55.97,11194,2,卖盘
1947,11:25:27,55.98,72771,13,买盘
1948,11:25:36,55.97,39180,7,卖盘
1949,11:25:39,55.97,5597,1,买盘
1950,11:25:45,55.96,5596,1,卖盘
1951,11:25:48,55.97,5597,1,买盘
1952,11:26:06,55.97,50371,9,买盘
1953,11:26:18,55.98,22392,4,买盘
1954,11:26:24,55.98,11196,2,买盘
1955,11:26:27,55.99,134377,24,买盘
1956,11:26:33,56.0,5600,1,买盘
1957,11:26:36,55.99,11198,2,卖盘
1958,11:26:39,56.0,33600,6,买盘
1959,11:26:45,56.0,5600,1,买盘
1960,11:27:00,56.0,56000,10,买盘
1961,11:27:06,56.0,11199,2,买盘
1962,11:27:12,56.0,16799,3,买盘
1963,11:27:18,55.99,5599,1,卖盘
1964,11:27:21,56.0,117600,21,买盘
1965,11:27:24,55.99,5599,1,卖盘
1966,11:27:27,56.0,5600,1,买盘
1967,11:27:33,56.0,16800,3,买盘
1968,11:27:36,56.0,5600,1,卖盘
1969,11:27:45,56.0,5600,1,卖盘
1970,11:27:51,56.0,16800,3,卖盘
1971,11:27:57,56.01,61601,11,买盘
1972,11:28:00,56.0,106400,19,卖盘
1973,11:28:03,56.01,117618,21,买盘
1974,11:28:06,55.99,16797,3,卖盘
1975,11:28:09,55.99,44792,8,卖盘
1976,11:28:12,55.99,22396,4,卖盘
1977,11:28:21,55.98,11196,2,卖盘
1978,11:28:24,55.98,11196,2,卖盘
1979,11:28:27,55.97,123151,22,卖盘
1980,11:28:39,55.98,123122,22,买盘
1981,11:28:57,55.99,50382,9,买盘
1982,11:29:03,55.95,240630,43,卖盘
1983,11:29:12,55.95,27975,5,卖盘
1984,11:29:15,55.95,5595,1,卖盘
1985,11:29:18,55.93,229360,41,卖盘
1986,11:29:21,55.92,33556,6,卖盘
1987,11:29:27,55.93,33558,6,买盘
1988,11:29:30,55.94,5594,1,买盘
1989,11:29:45,55.93,5593,1,卖盘
1990,11:29:48,55.94,5594,1,买盘
1991,11:29:54,55.93,5593,1,卖盘
1992,11:30:00,55.94,39155,7,买盘
1993,13:00:00,55.96,380464,68,买盘
1994,13:00:03,55.96,531621,95,卖盘
1995,13:00:06,55.95,346880,62,卖盘
1996,13:00:09,55.91,1045706,187,卖盘
1997,13:00:12,55.89,106214,19,卖盘
1998,13:00:15,55.89,33534,6,买盘
1999,13:00:18,55.88,22352,4,卖盘
2000,13:00:21,55.9,106197,19,买盘
2001,13:00:24,55.91,11180,2,买盘
2002,13:00:27,55.91,83877,15,卖盘
2003,13:00:30,55.91,5591,1,卖盘
2004,13:00:33,55.91,16773,3,卖盘
2005,13:00:39,55.9,117393,21,卖盘
2006,13:00:42,55.9,162083,29,买盘
2007,13:00:45,55.9,22358,4,买盘
2008,13:00:48,55.9,1369548,245,买盘
2009,13:00:51,55.9,804960,144,买盘
2010,13:01:00,55.9,67084,12,卖盘
2011,13:01:06,55.93,55918,10,买盘
2012,13:01:09,55.89,5589,1,卖盘
2013,13:01:15,55.93,39151,7,买盘
2014,13:01:18,55.93,83895,15,买盘
2015,13:01:21,55.93,5593,1,中性盘
2016,13:01:27,55.94,212571,38,买盘
2017,13:01:33,55.93,5593,1,卖盘
2018,13:01:36,55.94,27970,5,买盘
2019,13:01:39,55.94,5594,1,中性盘
2020,13:01:42,55.95,229395,41,买盘
2021,13:01:45,55.95,33570,6,买盘
2022,13:01:54,55.94,234976,42,卖盘
2023,13:01:57,55.95,50340,9,买盘
2024,13:02:00,55.95,5595,1,买盘
2025,13:02:03,55.92,167751,30,卖盘
2026,13:02:06,55.9,122980,22,卖盘
2027,13:02:09,55.89,11178,2,卖盘
2028,13:02:12,55.9,27950,5,买盘
2029,13:02:15,55.92,27954,5,买盘
2030,13:02:27,55.9,11181,2,卖盘
2031,13:02:30,55.9,95030,17,卖盘
2032,13:02:33,55.89,16767,3,卖盘
2033,13:02:39,55.89,33534,6,卖盘
2034,13:02:42,55.9,22357,4,买盘
2035,13:02:57,55.91,5591,1,买盘
2036,13:03:03,55.9,162110,29,卖盘
2037,13:03:06,55.88,111779,20,卖盘
2038,13:03:09,55.88,162048,29,卖盘
2039,13:03:12,55.86,16758,3,卖盘
2040,13:03:15,55.87,11174,2,中性盘
2041,13:03:18,55.86,22344,4,卖盘
2042,13:03:21,55.87,5587,1,买盘
2043,13:03:27,55.86,16758,3,卖盘
2044,13:03:30,55.88,44697,8,买盘
2045,13:03:36,55.87,11174,2,卖盘
2046,13:03:39,55.87,27936,5,卖盘
2047,13:03:48,55.87,16761,3,卖盘
2048,13:03:51,55.87,22348,4,卖盘
2049,13:03:54,55.87,55873,10,卖盘
2050,13:03:57,55.86,5586,1,卖盘
2051,13:04:03,55.87,94968,17,买盘
2052,13:04:06,55.88,22352,4,买盘
2053,13:04:12,55.88,27940,5,买盘
2054,13:04:15,55.88,11176,2,买盘
2055,13:04:18,55.88,206755,37,买盘
2056,13:04:21,55.9,16770,3,买盘
2057,13:04:27,55.9,33538,6,买盘
2058,13:04:30,55.92,89463,16,买盘
2059,13:04:36,55.89,106222,19,卖盘
2060,13:04:39,55.89,72657,13,买盘
2061,13:04:48,55.91,55907,10,买盘
2062,13:04:51,55.93,5593,1,中性盘
2063,13:04:54,55.93,123069,22,卖盘
2064,13:04:57,55.93,16775,3,买盘
2065,13:05:03,55.93,5593,1,买盘
2066,13:05:06,55.92,78301,14,卖盘
2067,13:05:09,55.93,5593,1,买盘
2068,13:05:12,55.93,55927,10,买盘
2069,13:05:15,55.93,16779,3,卖盘
2070,13:05:27,55.93,50337,9,卖盘
2071,13:05:30,55.93,22372,4,买盘
2072,13:05:36,55.93,11186,2,买盘
2073,13:05:39,55.93,16779,3,买盘
2074,13:05:42,55.93,16779,3,买盘
2075,13:05:45,55.93,11186,2,买盘
2076,13:05:54,55.93,55930,10,买盘
2077,13:05:57,55.94,22374,4,买盘
2078,13:06:00,55.93,100674,18,卖盘
2079,13:06:03,55.91,156563,28,卖盘
2080,13:06:06,55.9,5590,1,卖盘
2081,13:06:15,55.91,5591,1,中性盘
2082,13:06:24,55.92,11184,2,买盘
2083,13:06:27,55.9,5590,1,卖盘
2084,13:06:30,55.91,5591,1,中性盘
2085,13:06:33,55.91,5591,1,买盘
2086,13:06:36,55.92,55917,10,买盘
2087,13:06:39,55.91,16773,3,买盘
2088,13:06:42,55.9,16772,3,卖盘
2089,13:06:45,55.9,150934,27,卖盘
2090,13:06:54,55.88,201188,36,卖盘
2091,13:06:57,55.87,145262,26,卖盘
2092,13:07:00,55.85,251346,45,卖盘
2093,13:07:03,55.86,5586,1,卖盘
2094,13:07:09,55.84,5584,1,卖盘
2095,13:07:18,55.81,251202,45,卖盘
2096,13:07:21,55.81,552435,99,卖盘
2097,13:07:24,55.79,407327,73,卖盘
2098,13:07:27,55.8,89264,16,买盘
2099,13:07:30,55.84,111648,20,买盘
2100,13:07:36,55.8,22320,4,卖盘
2101,13:07:39,55.8,33480,6,卖盘
2102,13:07:42,55.8,27912,5,卖盘
2103,13:07:45,55.8,33480,6,卖盘
2104,13:07:48,55.8,11160,2,卖盘
2105,13:07:54,55.8,55827,10,卖盘
2106,13:07:57,55.83,11166,2,中性盘
2107,13:08:09,55.84,11168,2,买盘
2108,13:08:15,55.84,33504,6,买盘
2109,13:08:18,55.84,5584,1,买盘
2110,13:08:24,55.85,67009,12,买盘
2111,13:08:30,55.83,72579,13,卖盘
2112,13:08:33,55.86,83769,15,买盘
2113,13:08:45,55.85,5585,1,买盘
2114,13:08:48,55.83,5583,1,卖盘
2115,13:08:51,55.82,72576,13,卖盘
2116,13:08:54,55.83,111651,20,买盘
2117,13:08:57,55.83,22331,4,买盘
2118,13:09:00,55.83,11166,2,卖盘
2119,13:09:03,55.82,33497,6,卖盘
2120,13:09:06,55.82,5582,1,卖盘
2121,13:09:09,55.81,117220,21,卖盘
2122,13:09:18,55.8,22320,4,卖盘
2123,13:09:21,55.79,200871,36,卖盘
2124,13:09:33,55.8,5580,1,买盘
2125,13:09:36,55.79,16738,3,卖盘
2126,13:09:39,55.79,11158,2,卖盘
2127,13:09:42,55.8,122760,22,买盘
2128,13:09:45,55.8,78125,14,卖盘
2129,13:09:51,55.8,55802,10,卖盘
2130,13:09:54,55.8,94862,17,卖盘
2131,13:09:57,55.79,22319,4,卖盘
2132,13:10:00,55.79,189657,34,卖盘
2133,13:10:03,55.78,128294,23,卖盘
2134,13:10:09,55.77,5577,1,卖盘
2135,13:10:18,55.77,55768,10,卖盘
2136,13:10:21,55.77,16730,3,买盘
2137,13:10:27,55.77,50190,9,买盘
2138,13:10:30,55.77,5577,1,卖盘
2139,13:10:33,55.77,16731,3,卖盘
2140,13:10:39,55.77,94815,17,卖盘
2141,13:10:42,55.77,61341,11,买盘
2142,13:10:48,55.77,55761,10,买盘
2143,13:10:51,55.76,117099,21,卖盘
2144,13:10:54,55.76,11152,2,卖盘
2145,13:10:57,55.76,16727,3,买盘
2146,13:11:00,55.75,16725,3,卖盘
2147,13:11:09,55.75,852851,153,卖盘
2148,13:11:12,55.73,133757,24,卖盘
2149,13:11:21,55.72,33432,6,卖盘
2150,13:11:27,55.72,5572,1,卖盘
2151,13:11:30,55.73,33434,6,买盘
2152,13:11:33,55.74,11147,2,买盘
2153,13:11:36,55.73,22292,4,卖盘
2154,13:11:42,55.73,11146,2,卖盘
2155,13:11:45,55.74,39018,7,买盘
2156,13:11:48,55.74,16721,3,买盘
2157,13:11:51,55.73,5573,1,卖盘
2158,13:11:54,55.74,50166,9,买盘
2159,13:11:57,55.75,22300,4,买盘
2160,13:12:00,55.75,5575,1,买盘
2161,13:12:03,55.74,27872,5,卖盘
2162,13:12:06,55.73,55732,10,卖盘
2163,13:12:09,55.74,913811,164,买盘
2164,13:12:12,55.71,133765,24,卖盘
2165,13:12:15,55.71,22284,4,卖盘
2166,13:12:18,55.73,5573,1,卖盘
2167,13:12:21,55.72,5572,1,买盘
2168,13:12:24,55.71,55710,10,卖盘
2169,13:12:27,55.71,27855,5,卖盘
2170,13:12:30,55.71,5571,1,卖盘
2171,13:12:33,55.72,328659,59,买盘
2172,13:12:36,55.71,11141,2,买盘
2173,13:12:45,55.7,38995,7,卖盘
2174,13:12:48,55.7,22280,4,卖盘
2175,13:12:51,55.7,128110,23,卖盘
2176,13:12:54,55.7,22280,4,卖盘
2177,13:12:57,55.7,5570,1,卖盘
2178,13:13:00,55.7,55700,10,卖盘
2179,13:13:03,55.7,55700,10,卖盘
2180,13:13:06,55.7,66842,12,卖盘
2181,13:13:09,55.7,105830,19,卖盘
2182,13:13:12,55.7,33420,6,卖盘
2183,13:13:15,55.7,144830,26,卖盘
2184,13:13:18,55.71,11142,2,买盘
2185,13:13:30,55.72,11144,2,买盘
2186,13:13:33,55.72,5572,1,买盘
2187,13:13:39,55.72,5572,1,卖盘
2188,13:13:42,55.72,16716,3,卖盘
2189,13:13:51,55.72,16716,3,卖盘
2190,13:13:54,55.72,33432,6,买盘
2191,13:14:00,55.72,16716,3,卖盘
2192,13:14:03,55.72,11144,2,卖盘
2193,13:14:06,55.71,128153,23,卖盘
2194,13:14:09,55.71,5571,1,卖盘
2195,13:14:12,55.71,16713,3,卖盘
2196,13:14:15,55.71,233981,42,卖盘
2197,13:14:18,55.7,72417,13,卖盘
2198,13:14:21,55.71,55701,10,买盘
2199,13:14:24,55.69,540287,97,卖盘
2200,13:14:27,55.69,77966,14,卖盘
2201,13:14:30,55.69,55690,10,卖盘
2202,13:14:33,55.68,22272,4,卖盘
2203,13:14:36,55.68,16704,3,卖盘
2204,13:14:39,55.68,89088,16,卖盘
2205,13:14:42,55.69,66818,12,买盘
2206,13:14:45,55.69,22276,4,卖盘
2207,13:14:48,55.69,16707,3,卖盘
2208,13:14:51,55.71,1119288,201,买盘
2209,13:14:57,55.68,5568,1,卖盘
2210,13:15:03,55.69,22273,4,买盘
2211,13:15:06,55.68,5568,1,卖盘
2212,13:15:09,55.67,11134,2,卖盘
2213,13:15:15,55.67,5567,1,卖盘
2214,13:15:24,55.67,16701,3,卖盘
2215,13:15:30,55.67,61237,11,卖盘
2216,13:15:33,55.67,100206,18,卖盘
2217,13:15:36,55.68,5568,1,买盘
2218,13:15:39,55.68,50111,9,买盘
2219,13:15:42,55.68,11136,2,卖盘
2220,13:15:45,55.61,573153,103,卖盘
2221,13:15:48,55.68,33408,6,卖盘
2222,13:15:51,55.69,11138,2,买盘
2223,13:15:54,55.69,5569,1,买盘
2224,13:15:57,55.69,5569,1,卖盘
2225,13:16:03,55.7,5570,1,买盘
2226,13:16:06,55.69,16707,3,卖盘
2227,13:16:09,55.68,38978,7,卖盘
2228,13:16:21,55.68,27840,5,卖盘
2229,13:16:24,55.69,11138,2,买盘
2230,13:16:27,55.69,27845,5,中性盘
2231,13:16:30,55.69,11138,2,买盘
2232,13:16:33,55.69,5569,1,买盘
2233,13:16:36,55.7,5570,1,买盘
2234,13:16:39,55.7,38988,7,买盘
2235,13:16:42,55.7,16710,3,买盘
2236,13:16:48,55.69,33417,6,卖盘
2237,13:16:57,55.69,5569,1,卖盘
2238,13:17:00,55.69,33414,6,卖盘
2239,13:17:03,55.69,22276,4,卖盘
2240,13:17:06,55.7,11138,2,买盘
2241,13:17:09,55.68,66825,12,卖盘
2242,13:17:12,55.7,27846,5,买盘
2243,13:17:15,55.68,5568,1,卖盘
2244,13:17:18,55.69,16707,3,买盘
2245,13:17:24,55.69,5569,1,卖盘
2246,13:17:27,55.69,16708,3,卖盘
2247,13:17:30,55.69,16707,3,卖盘
2248,13:17:33,55.7,50130,9,买盘
2249,13:17:36,55.69,11138,2,卖盘
2250,13:17:42,55.69,116950,21,卖盘
2251,13:17:45,55.68,267264,48,卖盘
2252,13:17:48,55.68,100224,18,卖盘
2253,13:17:54,55.67,11134,2,卖盘
2254,13:18:00,55.65,5565,1,卖盘
2255,13:18:06,55.65,22260,4,卖盘
2256,13:18:09,55.66,11131,2,买盘
2257,13:18:15,55.66,44528,8,买盘
2258,13:18:24,55.66,5566,1,买盘
2259,13:18:27,55.66,50094,9,买盘
2260,13:18:30,55.66,11133,2,卖盘
2261,13:18:33,55.66,11132,2,卖盘
2262,13:18:39,55.66,94623,17,卖盘
2263,13:18:54,55.67,5567,1,买盘
2264,13:18:57,55.66,27833,5,卖盘
2265,13:19:03,55.66,50094,9,卖盘
2266,13:19:09,55.66,27832,5,卖盘
2267,13:19:24,55.66,22264,4,卖盘
2268,13:19:30,55.67,33398,6,买盘
2269,13:19:33,55.66,233781,42,卖盘
2270,13:19:42,55.67,16699,3,买盘
2271,13:19:45,55.66,27829,5,买盘
2272,13:19:51,55.66,5566,1,卖盘
2273,13:19:54,55.66,5566,1,买盘
2274,13:19:57,55.63,528645,95,卖盘
2275,13:20:00,55.61,116792,21,卖盘
2276,13:20:03,55.63,22250,4,买盘
2277,13:20:21,55.62,11124,2,买盘
2278,13:20:24,55.61,38927,7,卖盘
2279,13:20:27,55.61,11122,2,卖盘
2280,13:20:30,55.62,33372,6,买盘
2281,13:20:36,55.61,83416,15,卖盘
2282,13:20:39,55.62,100116,18,买盘
2283,13:20:51,55.62,11125,2,卖盘
2284,13:20:54,55.62,22248,4,卖盘
2285,13:21:09,55.62,33377,6,卖盘
2286,13:21:15,55.62,5562,1,卖盘
2287,13:21:21,55.62,5562,1,卖盘
2288,13:21:27,55.63,122386,22,买盘
2289,13:21:30,55.62,244757,44,卖盘
2290,13:21:33,55.64,50076,9,买盘
2291,13:21:36,55.64,94582,17,买盘
2292,13:21:42,55.65,5565,1,买盘
2293,13:21:45,55.65,27825,5,买盘
2294,13:21:48,55.65,161385,29,买盘
2295,13:21:57,55.66,44528,8,买盘
2296,13:22:00,55.66,33396,6,卖盘
2297,13:22:03,55.66,11132,2,卖盘
2298,13:22:06,55.66,44529,8,卖盘
2299,13:22:09,55.66,11133,2,卖盘
2300,13:22:12,55.67,22268,4,买盘
2301,13:22:18,55.67,211546,38,买盘
2302,13:22:21,55.67,50103,9,买盘
2303,13:22:30,55.66,5566,1,卖盘
2304,13:22:36,55.67,11134,2,买盘
2305,13:22:39,55.67,5567,1,买盘
2306,13:22:42,55.67,11134,2,买盘
2307,13:22:48,55.67,27834,5,买盘
2308,13:22:51,55.67,11134,2,买盘
2309,13:22:54,55.67,11134,2,买盘
2310,13:22:57,55.66,139174,25,卖盘
2311,13:23:00,55.67,11134,2,中性盘
2312,13:23:03,55.67,5567,1,中性盘
2313,13:23:09,55.65,322828,58,卖盘
2314,13:23:12,55.66,77918,14,买盘
2315,13:23:15,55.65,105735,19,卖盘
2316,13:23:18,55.65,55650,10,买盘
2317,13:23:21,55.65,55650,10,买盘
2318,13:23:24,55.65,5565,1,买盘
2319,13:23:27,55.64,16692,3,卖盘
2320,13:23:30,55.64,5564,1,卖盘
2321,13:23:33,55.64,11128,2,卖盘
2322,13:23:36,55.63,144638,26,卖盘
2323,13:23:39,55.63,16689,3,买盘
2324,13:23:45,55.63,16689,3,买盘
2325,13:23:48,55.63,11126,2,买盘
2326,13:23:51,55.62,5562,1,卖盘
2327,13:23:54,55.62,77868,14,卖盘
2328,13:23:57,55.62,11124,2,中性盘
2329,13:24:09,55.62,55620,10,买盘
2330,13:24:15,55.62,22248,4,买盘
2331,13:24:18,55.62,38934,7,买盘
2332,13:24:21,55.62,16686,3,买盘
2333,13:24:24,55.62,11124,2,卖盘
2334,13:24:33,55.61,55611,10,卖盘
2335,13:24:39,55.62,11124,2,卖盘
2336,13:24:42,55.63,22251,4,买盘
2337,13:24:45,55.63,11125,2,买盘
2338,13:24:48,55.62,5562,1,卖盘
2339,13:24:54,55.62,5562,1,买盘
2340,13:24:57,55.61,11122,2,卖盘
2341,13:25:00,55.57,1517836,273,卖盘
2342,13:25:03,55.56,66677,12,卖盘
2343,13:25:09,55.57,16671,3,买盘
2344,13:25:12,55.56,5556,1,卖盘
2345,13:25:15,55.56,11113,2,卖盘
2346,13:25:21,55.57,38899,7,买盘
2347,13:25:24,55.57,55570,10,卖盘
2348,13:25:27,55.58,22232,4,买盘
2349,13:25:33,55.58,33348,6,卖盘
2350,13:25:36,55.57,5557,1,卖盘
2351,13:25:39,55.58,16674,3,买盘
2352,13:25:42,55.58,38906,7,卖盘
2353,13:25:45,55.58,27786,5,买盘
2354,13:25:48,55.57,111155,20,卖盘
2355,13:25:51,55.57,77785,14,买盘
2356,13:25:54,55.56,55560,10,卖盘
2357,13:26:00,55.54,449921,81,卖盘
2358,13:26:03,55.54,16662,3,卖盘
2359,13:26:06,55.54,5554,1,卖盘
2360,13:26:12,55.54,22216,4,卖盘
2361,13:26:18,55.52,49969,9,卖盘
2362,13:26:24,55.52,88832,16,卖盘
2363,13:26:27,55.52,144352,26,卖盘
2364,13:26:30,55.51,61076,11,卖盘
2365,13:26:36,55.52,5552,1,买盘
2366,13:26:39,55.52,22207,4,买盘
2367,13:26:45,55.52,5552,1,买盘
2368,13:26:48,55.52,16656,3,买盘
2369,13:26:51,55.51,27755,5,卖盘
2370,13:26:54,55.51,27756,5,卖盘
2371,13:27:00,55.51,16654,3,卖盘
2372,13:27:03,55.52,55520,10,买盘
2373,13:27:06,55.51,187679,34,卖盘
2374,13:27:09,55.51,11102,2,卖盘
2375,13:27:15,55.51,11102,2,卖盘
2376,13:27:18,55.51,55510,10,卖盘
2377,13:27:21,55.5,1094490,197,卖盘
2378,13:27:24,55.5,188712,34,卖盘
2379,13:27:27,55.5,77706,14,卖盘
2380,13:27:30,55.5,38850,7,卖盘
2381,13:27:33,55.5,133200,24,卖盘
2382,13:27:36,55.5,16651,3,卖盘
2383,13:27:39,55.51,16651,3,买盘
2384,13:27:42,55.5,61050,11,卖盘
2385,13:27:45,55.5,38853,7,卖盘
2386,13:27:48,55.51,5551,1,买盘
2387,13:27:51,55.52,99903,18,买盘
2388,13:27:57,55.51,16655,3,卖盘
2389,13:28:00,55.52,155457,28,买盘
2390,13:28:03,55.54,61091,11,买盘
2391,13:28:12,55.55,5555,1,买盘
2392,13:28:15,55.56,33336,6,买盘
2393,13:28:18,55.57,27784,5,买盘
2394,13:28:21,55.57,77815,14,卖盘
2395,13:28:27,55.59,16677,3,买盘
2396,13:28:30,55.59,77826,14,卖盘
2397,13:28:33,55.59,27794,5,中性盘
2398,13:28:36,55.6,127860,23,买盘
2399,13:28:39,55.59,27793,5,卖盘
2400,13:28:42,55.57,22230,4,卖盘
2401,13:28:45,55.57,183379,33,卖盘
2402,13:28:48,55.57,27782,5,买盘
2403,13:28:51,55.54,11108,2,卖盘
2404,13:28:54,55.57,61103,11,买盘
2405,13:29:00,55.53,22218,4,卖盘
2406,13:29:03,55.53,105511,19,卖盘
2407,13:29:06,55.53,22210,4,买盘
2408,13:29:09,55.54,38878,7,买盘
2409,13:29:12,55.57,66672,12,买盘
2410,13:29:15,55.54,72200,13,中性盘
2411,13:29:18,55.54,11107,2,买盘
2412,13:29:27,55.54,33324,6,买盘
2413,13:29:30,55.54,11108,2,买盘
2414,13:29:33,55.54,11108,2,卖盘
2415,13:29:39,55.54,33329,6,卖盘
2416,13:29:48,55.54,5554,1,卖盘
2417,13:29:51,55.54,27770,5,卖盘
2418,13:30:00,55.52,27763,5,卖盘
2419,13:30:06,55.54,61083,11,买盘
2420,13:30:09,55.55,99976,18,买盘
2421,13:30:12,55.54,5554,1,买盘
2422,13:30:15,55.54,11109,2,卖盘
2423,13:30:21,55.54,11108,2,卖盘
2424,13:30:27,55.54,11108,2,卖盘
2425,13:30:33,55.54,11107,2,买盘
2426,13:30:42,55.56,44442,8,买盘
2427,13:30:45,55.58,66678,12,买盘
2428,13:30:48,55.58,5558,1,买盘
2429,13:30:54,55.58,50022,9,买盘
2430,13:30:57,55.58,11116,2,买盘
2431,13:31:03,55.58,11116,2,买盘
2432,13:31:06,55.57,16673,3,卖盘
2433,13:31:12,55.59,66704,12,买盘
2434,13:31:15,55.59,5559,1,买盘
2435,13:31:18,55.58,38909,7,卖盘
2436,13:31:21,55.6,50039,9,买盘
2437,13:31:24,55.61,27805,5,买盘
2438,13:31:27,55.64,66755,12,买盘
2439,13:31:33,55.65,150255,27,买盘
2440,13:31:39,55.67,22268,4,买盘
2441,13:31:42,55.67,61232,11,买盘
2442,13:31:45,55.69,27845,5,买盘
2443,13:31:48,55.7,72410,13,买盘
2444,13:31:51,55.71,38999,7,买盘
2445,13:31:54,55.74,55728,10,买盘
2446,13:31:57,55.72,150465,27,中性盘
2447,13:32:03,55.73,78020,14,中性盘
2448,13:32:06,55.74,27866,5,中性盘
2449,13:32:09,55.75,66894,12,买盘
2450,13:32:12,55.75,89171,16,买盘
2451,13:32:15,55.76,61311,11,买盘
2452,13:32:18,55.76,22304,4,买盘
2453,13:32:21,55.76,33446,6,买盘
2454,13:32:24,55.73,72437,13,中性盘
2455,13:32:27,55.73,5573,1,买盘
2456,13:32:30,55.73,11144,2,买盘
2457,13:32:33,55.73,83564,15,买盘
2458,13:32:36,55.73,11146,2,买盘
2459,13:32:42,55.74,44588,8,买盘
2460,13:32:45,55.73,33438,6,买盘
2461,13:32:48,55.74,55738,10,买盘
2462,13:32:51,55.75,5575,1,买盘
2463,13:32:54,55.73,5573,1,卖盘
2464,13:33:00,55.76,72475,13,买盘
2465,13:33:06,55.74,61334,11,中性盘
2466,13:33:09,55.76,44605,8,买盘
2467,13:33:12,55.77,133845,24,买盘
2468,13:33:15,55.75,22302,4,卖盘
2469,13:33:18,55.76,39034,7,卖盘
2470,13:33:21,55.73,33442,6,卖盘
2471,13:33:24,55.71,50156,9,卖盘
2472,13:33:33,55.76,22300,4,买盘
2473,13:33:36,55.75,72481,13,中性盘
2474,13:33:42,55.77,5577,1,买盘
2475,13:33:45,55.75,122649,22,卖盘
2476,13:33:48,55.75,44600,8,买盘
2477,13:33:57,55.77,83652,15,买盘
2478,13:34:00,55.77,78060,14,买盘
2479,13:34:03,55.77,423849,76,买盘
2480,13:34:06,55.78,295579,53,买盘
2481,13:34:12,55.79,39053,7,买盘
2482,13:34:15,55.8,61380,11,买盘
2483,13:34:18,55.79,111599,20,卖盘
2484,13:34:21,55.8,89282,16,中性盘
2485,13:34:24,55.8,61372,11,卖盘
2486,13:34:30,55.79,27895,5,买盘
2487,13:34:33,55.8,33477,6,买盘
2488,13:34:36,55.77,83655,15,卖盘
2489,13:34:39,55.8,33476,6,买盘
2490,13:34:45,55.8,44640,8,买盘
2491,13:34:48,55.83,50237,9,买盘
2492,13:34:51,55.81,11162,2,中性盘
2493,13:34:54,55.77,563562,101,卖盘
2494,13:34:57,55.8,150653,27,买盘
2495,13:35:00,55.78,27890,5,买盘
2496,13:35:03,55.79,5579,1,卖盘
2497,13:35:06,55.79,89266,16,卖盘
2498,13:35:09,55.77,5577,1,卖盘
2499,13:35:12,55.77,22308,4,卖盘
2500,13:35:15,55.77,50193,9,买盘
2501,13:35:18,55.79,16735,3,中性盘
2502,13:35:21,55.79,5579,1,买盘
2503,13:35:24,55.78,11156,2,卖盘
2504,13:35:27,55.76,184029,33,卖盘
2505,13:35:30,55.75,50183,9,卖盘
2506,13:35:33,55.75,16725,3,卖盘
2507,13:35:39,55.75,27875,5,买盘
2508,13:35:54,55.77,27881,5,买盘
2509,13:36:00,55.77,22308,4,买盘
2510,13:36:06,55.77,16731,3,买盘
2511,13:36:09,55.79,72523,13,买盘
2512,13:36:12,55.77,50196,9,卖盘
2513,13:36:18,55.8,78118,14,买盘
2514,13:36:21,55.8,11160,2,中性盘
2515,13:36:27,55.79,117152,21,卖盘
2516,13:36:30,55.79,22316,4,买盘
2517,13:36:36,55.79,11158,2,买盘
2518,13:36:39,55.8,50219,9,买盘
2519,13:36:45,55.79,16737,3,卖盘
2520,13:36:48,55.78,22317,4,卖盘
2521,13:36:54,55.8,27900,5,买盘
2522,13:36:57,55.8,61373,11,买盘
2523,13:37:00,55.8,39060,7,买盘
2524,13:37:06,55.8,5580,1,买盘
2525,13:37:09,55.78,223164,40,卖盘
2526,13:37:12,55.78,83681,15,卖盘
2527,13:37:15,55.78,33468,6,卖盘
2528,13:37:18,55.78,22312,4,卖盘
2529,13:37:21,55.8,27896,5,买盘
2530,13:37:24,55.79,16736,3,买盘
2531,13:37:27,55.77,61354,11,卖盘
2532,13:37:30,55.77,55770,10,卖盘
2533,13:37:33,55.76,11153,2,卖盘
2534,13:37:42,55.76,11152,2,买盘
2535,13:37:51,55.78,44618,8,买盘
2536,13:38:03,55.77,5577,1,中性盘
2537,13:38:06,55.77,44613,8,买盘
2538,13:38:09,55.76,27884,5,卖盘
2539,13:38:12,55.76,5576,1,卖盘
2540,13:38:18,55.78,27887,5,买盘
2541,13:38:24,55.79,33474,6,买盘
2542,13:38:27,55.8,50220,9,买盘
2543,13:38:30,55.82,94897,17,买盘
2544,13:38:33,55.82,5582,1,卖盘
2545,13:38:36,55.85,55841,10,买盘
2546,13:38:42,55.84,178684,32,卖盘
2547,13:38:45,55.84,122845,22,买盘
2548,13:38:48,55.84,27920,5,买盘
2549,13:38:51,55.85,22338,4,买盘
2550,13:38:54,55.84,111683,20,卖盘
2551,13:38:57,55.85,27925,5,买盘
2552,13:39:06,55.87,5587,1,买盘
2553,13:39:09,55.85,72605,13,卖盘
2554,13:39:12,55.85,22340,4,买盘
2555,13:39:15,55.86,61436,11,买盘
2556,13:39:18,55.87,5587,1,买盘
2557,13:39:21,55.87,5587,1,买盘
2558,13:39:24,55.89,128511,23,买盘
2559,13:39:27,55.89,44717,8,卖盘
2560,13:39:30,55.9,22358,4,买盘
2561,13:39:33,55.88,33540,6,中性盘
2562,13:39:39,55.9,22358,4,中性盘
2563,13:39:42,55.89,67076,12,中性盘
2564,13:39:45,55.9,33539,6,中性盘
2565,13:39:48,55.89,139706,25,买盘
2566,13:39:51,55.9,16768,3,买盘
2567,13:39:54,55.87,5587,1,中性盘
2568,13:40:06,55.92,83850,15,买盘
2569,13:40:09,55.9,16770,3,卖盘
2570,13:40:12,55.9,27943,5,买盘
2571,13:40:15,55.87,262721,47,卖盘
2572,13:40:21,55.85,67027,12,卖盘
2573,13:40:24,55.88,106143,19,买盘
2574,13:40:30,55.84,44678,8,卖盘
2575,13:40:33,55.84,22336,4,卖盘
2576,13:40:36,55.84,44679,8,卖盘
2577,13:40:39,55.85,5585,1,中性盘
2578,13:40:54,55.85,33515,6,卖盘
2579,13:41:00,55.86,22344,4,买盘
2580,13:41:03,55.86,5586,1,买盘
2581,13:41:09,55.87,94977,17,买盘
2582,13:41:15,55.86,100548,18,卖盘
2583,13:41:18,55.87,89377,16,买盘
2584,13:41:21,55.88,95009,17,买盘
2585,13:41:27,55.91,11182,2,买盘
2586,13:41:30,55.91,68881,12,买盘
2587,13:41:36,55.91,42943,8,卖盘
2588,13:41:39,55.9,39138,7,卖盘
2589,13:41:42,55.92,22368,4,买盘
2590,13:41:45,55.92,11184,2,卖盘
2591,13:41:48,55.92,44741,8,卖盘
2592,13:41:51,55.91,50331,9,卖盘
2593,13:41:54,55.9,39135,7,卖盘
2594,13:41:57,55.88,184460,33,卖盘
2595,13:42:00,55.88,5588,1,卖盘
2596,13:42:03,55.87,22353,4,卖盘
2597,13:42:06,55.86,27934,5,卖盘
2598,13:42:15,55.87,50277,9,买盘
2599,13:42:18,55.87,67065,12,卖盘
2600,13:42:24,55.87,11174,2,卖盘
2601,13:42:30,55.9,111800,20,买盘
2602,13:42:33,55.89,11179,2,卖盘
2603,13:42:36,55.89,16767,3,卖盘
2604,13:42:39,55.88,83821,15,卖盘
2605,13:42:42,55.9,50300,9,买盘
2606,13:42:45,55.91,22364,4,买盘
2607,13:42:51,55.89,89439,16,卖盘
2608,13:42:54,55.89,11178,2,卖盘
2609,13:42:57,55.9,61488,11,买盘
2610,13:43:00,55.9,67070,12,买盘
2611,13:43:03,55.89,27949,5,卖盘
2612,13:43:06,55.91,95031,17,买盘
2613,13:43:15,55.9,5590,1,卖盘
2614,13:43:18,55.9,39125,7,中性盘
2615,13:43:24,55.91,55902,10,买盘
2616,13:43:27,55.88,5588,1,卖盘
2617,13:43:30,55.88,22353,4,卖盘
2618,13:43:33,55.88,33533,6,卖盘
2619,13:43:39,55.89,55913,10,卖盘
2620,13:43:42,55.94,95085,17,买盘
2621,13:43:45,55.94,22376,4,中性盘
2622,13:43:54,55.93,5593,1,卖盘
2623,13:43:57,55.95,151062,27,买盘
2624,13:44:00,55.94,27976,5,卖盘
2625,13:44:09,55.98,27986,5,买盘
2626,13:44:12,55.95,145497,26,中性盘
2627,13:44:15,55.95,223854,40,中性盘
2628,13:44:18,55.94,357982,64,卖盘
2629,13:44:21,55.92,27960,5,中性盘
2630,13:44:24,55.88,821739,147,卖盘
2631,13:44:27,55.88,95001,17,卖盘
2632,13:44:30,55.87,61457,11,卖盘
2633,13:44:33,55.86,5586,1,中性盘
2634,13:44:36,55.87,33522,6,买盘
2635,13:44:39,55.88,27937,5,买盘
2636,13:44:42,55.88,16763,3,买盘
2637,13:44:45,55.88,44703,8,买盘
2638,13:44:54,55.88,5588,1,卖盘
2639,13:44:57,55.9,44716,8,买盘
2640,13:45:09,55.93,50328,9,买盘
2641,13:45:15,55.93,16775,3,买盘
2642,13:45:18,55.94,16780,3,买盘
2643,13:45:24,55.96,22382,4,买盘
2644,13:45:27,55.95,128748,23,中性盘
2645,13:45:33,55.94,78325,14,卖盘
2646,13:45:36,55.95,22380,4,买盘
2647,13:45:39,55.97,16789,3,买盘
2648,13:45:42,55.94,5594,1,卖盘
2649,13:45:45,55.95,11190,2,中性盘
2650,13:45:51,55.97,22387,4,买盘
2651,13:45:54,55.96,44773,8,中性盘
2652,13:45:57,55.97,89543,16,买盘
2653,13:46:06,55.94,50362,9,卖盘
2654,13:46:09,55.93,83896,15,卖盘
2655,13:46:12,55.9,408221,73,卖盘
2656,13:46:15,55.9,39122,7,买盘
2657,13:46:18,55.89,5589,1,买盘
2658,13:46:21,55.9,111797,20,买盘
2659,13:46:27,55.9,5590,1,买盘
2660,13:46:30,55.91,33546,6,买盘
2661,13:46:33,55.92,50324,9,买盘
2662,13:46:36,55.91,33543,6,买盘
2663,13:46:39,55.9,50310,9,卖盘
2664,13:46:42,55.9,78260,14,卖盘
2665,13:46:48,55.9,16769,3,卖盘
2666,13:46:51,55.89,22356,4,卖盘
2667,13:46:54,55.89,27949,5,卖盘
2668,13:46:57,55.9,83840,15,买盘
2669,13:47:00,55.9,33539,6,买盘
2670,13:47:03,55.89,50305,9,卖盘
2671,13:47:06,55.9,78260,14,买盘
2672,13:47:09,55.9,27950,5,卖盘
2673,13:47:12,55.9,16770,3,卖盘
2674,13:47:21,55.91,44727,8,买盘
2675,13:47:24,55.88,55883,10,卖盘
2676,13:47:30,55.88,33535,6,卖盘
2677,13:47:33,55.89,39123,7,买盘
2678,13:47:36,55.88,5588,1,卖盘
2679,13:47:45,55.88,206761,37,卖盘
2680,13:47:48,55.89,39125,7,买盘
2681,13:47:51,55.9,22360,4,买盘
2682,13:47:54,55.89,117369,21,卖盘
2683,13:47:57,55.89,16767,3,卖盘
2684,13:48:03,55.89,11178,2,卖盘
2685,13:48:06,55.89,273920,49,卖盘
2686,13:48:09,55.89,11178,2,卖盘
2687,13:48:12,55.91,5591,1,买盘
2688,13:48:15,55.91,27955,5,买盘
2689,13:48:27,55.89,67080,12,卖盘
2690,13:48:30,55.89,100612,18,卖盘
2691,13:48:39,55.89,16767,3,卖盘
2692,13:48:42,55.89,22356,4,买盘
2693,13:48:45,55.89,33537,6,买盘
2694,13:48:48,55.88,268234,48,卖盘
2695,13:48:51,55.89,55881,10,中性盘
2696,13:48:54,55.88,5588,1,卖盘
2697,13:48:57,55.87,11174,2,卖盘
2698,13:49:00,55.87,5587,1,卖盘
2699,13:49:03,55.87,33529,6,卖盘
2700,13:49:06,55.87,16761,3,中性盘
2701,13:49:12,55.89,27941,5,买盘
2702,13:49:15,55.86,33527,6,卖盘
2703,13:49:27,55.9,33532,6,买盘
2704,13:49:30,55.87,33522,6,卖盘
2705,13:49:33,55.87,78218,14,买盘
2706,13:49:36,55.86,39106,7,卖盘
2707,13:49:45,55.87,27935,5,买盘
2708,13:49:51,55.87,27935,5,买盘
2709,13:49:57,55.86,67032,12,卖盘
2710,13:50:03,55.86,161994,29,卖盘
2711,13:50:06,55.86,16760,3,卖盘
2712,13:50:09,55.86,78200,14,卖盘
2713,13:50:15,55.85,234570,42,卖盘
2714,13:50:18,55.85,301550,54,卖盘
2715,13:50:21,55.84,5584,1,卖盘
2716,13:50:24,55.84,39092,7,卖盘
2717,13:50:27,55.84,44672,8,卖盘
2718,13:50:30,55.85,33508,6,买盘
2719,13:50:36,55.84,5584,1,卖盘
2720,13:50:42,55.84,5584,1,卖盘
2721,13:50:45,55.84,16752,3,卖盘
2722,13:50:48,55.84,161936,29,卖盘
2723,13:50:51,55.84,61424,11,买盘
2724,13:50:54,55.84,5584,1,买盘
2725,13:50:57,55.83,111660,20,卖盘
2726,13:51:03,55.83,11166,2,卖盘
2727,13:51:06,55.84,27920,5,买盘
2728,13:51:12,55.83,33503,6,卖盘
2729,13:51:15,55.83,39089,7,卖盘
2730,13:51:18,55.84,22336,4,中性盘
2731,13:51:21,55.85,5585,1,买盘
2732,13:51:24,55.85,27925,5,买盘
2733,13:51:27,55.85,5585,1,买盘
2734,13:51:30,55.86,11172,2,买盘
2735,13:51:33,55.86,78204,14,买盘
2736,13:51:36,55.86,5586,1,卖盘
2737,13:51:39,55.87,22345,4,中性盘
2738,13:51:45,55.89,50296,9,买盘
2739,13:51:54,55.89,16767,3,买盘
2740,13:51:57,55.9,27945,5,买盘
2741,13:52:00,55.9,61490,11,买盘
2742,13:52:03,55.9,11180,2,买盘
2743,13:52:06,55.9,33540,6,买盘
2744,13:52:09,55.89,55901,10,卖盘
2745,13:52:12,55.91,111820,20,买盘
2746,13:52:18,55.91,22364,4,买盘
2747,13:52:21,55.91,22364,4,买盘
2748,13:52:24,55.91,27955,5,买盘
2749,13:52:27,55.9,44720,8,卖盘
2750,13:52:36,55.89,27945,5,卖盘
2751,13:52:39,55.91,139760,25,买盘
2752,13:52:42,55.9,5590,1,中性盘
2753,13:52:48,55.83,178795,32,卖盘
2754,13:52:54,55.84,11168,2,卖盘
2755,13:52:57,55.84,16752,3,卖盘
2756,13:53:03,55.83,44673,8,卖盘
2757,13:53:06,55.84,33511,6,卖盘
2758,13:53:09,55.84,22336,4,卖盘
2759,13:53:12,55.85,5585,1,中性盘
2760,13:53:15,55.85,11170,2,卖盘
2761,13:53:21,55.86,27928,5,买盘
2762,13:53:24,55.84,16752,3,卖盘
2763,13:53:30,55.86,27930,5,买盘
2764,13:53:33,55.85,5585,1,卖盘
2765,13:53:39,55.86,11172,2,买盘
2766,13:53:45,55.85,55852,10,卖盘
2767,13:53:48,55.87,27931,5,买盘
2768,13:53:54,55.85,5585,1,买盘
2769,13:53:57,55.87,27937,5,卖盘
2770,13:54:00,55.87,27935,5,买盘
2771,13:54:03,55.86,11172,2,卖盘
2772,13:54:15,55.86,223440,40,卖盘
2773,13:54:21,55.84,5584,1,卖盘
2774,13:54:24,55.83,67002,12,卖盘
2775,13:54:27,55.85,39095,7,买盘
2776,13:54:36,55.82,5582,1,中性盘
2777,13:54:39,55.83,22332,4,买盘
2778,13:54:42,55.84,22334,4,买盘
2779,13:54:48,55.82,39078,7,卖盘
2780,13:54:51,55.84,5584,1,买盘
2781,13:54:57,55.86,44678,8,买盘
2782,13:55:06,55.86,5586,1,买盘
2783,13:55:12,55.86,27929,5,买盘
2784,13:55:15,55.86,11172,2,中性盘
2785,13:55:18,55.85,33515,6,卖盘
2786,13:55:24,55.88,78220,14,买盘
2787,13:55:27,55.88,5588,1,买盘
2788,13:55:33,55.89,61476,11,买盘
2789,13:55:36,55.89,128584,23,卖盘
2790,13:55:39,55.9,27947,5,中性盘
2791,13:55:42,55.89,39123,7,卖盘
2792,13:55:45,55.88,173237,31,卖盘
2793,13:55:48,55.87,22348,4,卖盘
2794,13:55:51,55.86,5586,1,卖盘
2795,13:55:54,55.86,11172,2,卖盘
2796,13:56:00,55.85,5585,1,买盘
2797,13:56:03,55.85,16755,3,买盘
2798,13:56:06,55.85,22340,4,买盘
2799,13:56:09,55.85,122868,22,买盘
2800,13:56:12,55.84,27920,5,卖盘
2801,13:56:18,55.9,33519,6,买盘
2802,13:56:24,55.88,111814,20,中性盘
2803,13:56:33,55.89,39132,7,卖盘
2804,13:56:39,55.9,55900,10,卖盘
2805,13:56:42,55.89,11178,2,卖盘
2806,13:56:51,55.9,27950,5,买盘
2807,13:56:54,55.89,27952,5,卖盘
2808,13:56:57,55.89,5589,1,卖盘
2809,13:57:00,55.89,16767,3,卖盘
2810,13:57:03,55.88,89430,16,卖盘
2811,13:57:06,55.9,234708,42,买盘
2812,13:57:09,55.87,44696,8,卖盘
2813,13:57:12,55.86,5586,1,卖盘
2814,13:57:15,55.83,11170,2,卖盘
2815,13:57:18,55.83,11166,2,卖盘
2816,13:57:21,55.83,39081,7,卖盘
2817,13:57:27,55.83,16751,3,卖盘
2818,13:57:30,55.85,44688,8,买盘
2819,13:57:33,55.85,5585,1,卖盘
2820,13:57:36,55.84,5584,1,卖盘
2821,13:57:51,55.85,5585,1,买盘
2822,13:57:54,55.85,22340,4,买盘
2823,13:57:57,55.84,33504,6,卖盘
2824,13:58:00,55.85,27925,5,买盘
2825,13:58:06,55.84,39095,7,卖盘
2826,13:58:12,55.85,22338,4,中性盘
2827,13:58:18,55.84,5584,1,卖盘
2828,13:58:30,55.84,134056,24,卖盘
2829,13:58:33,55.85,16755,3,卖盘
2830,13:58:36,55.86,16757,3,买盘
2831,13:58:42,55.86,11171,2,买盘
2832,13:58:48,55.87,27931,5,买盘
2833,13:58:54,55.86,22344,4,买盘
2834,13:59:00,55.87,27935,5,买盘
2835,13:59:03,55.86,78208,14,卖盘
2836,13:59:06,55.88,55873,10,买盘
2837,13:59:09,55.86,11172,2,卖盘
2838,13:59:12,55.89,39113,7,买盘
2839,13:59:21,55.87,16761,3,卖盘
2840,13:59:24,55.86,229096,41,卖盘
2841,13:59:27,55.89,72633,13,买盘
2842,13:59:30,55.89,72654,13,买盘
2843,13:59:33,55.91,111808,20,买盘
2844,13:59:36,55.89,16765,3,卖盘
2845,13:59:42,55.89,16767,3,买盘
2846,13:59:48,55.89,67072,12,买盘
2847,13:59:57,55.9,16770,3,买盘
2848,14:00:00,55.89,16768,3,卖盘
2849,14:00:03,55.9,11179,2,买盘
2850,14:00:09,55.9,16770,3,买盘
2851,14:00:12,55.91,27955,5,买盘
2852,14:00:21,55.9,430375,77,卖盘
2853,14:00:24,55.91,61490,11,买盘
2854,14:00:27,55.91,11179,2,买盘
2855,14:00:30,55.89,5589,1,中性盘
2856,14:00:33,55.87,206747,37,卖盘
2857,14:00:36,55.86,162017,29,卖盘
2858,14:00:39,55.85,156405,28,卖盘
2859,14:00:42,55.86,44680,8,买盘
2860,14:00:45,55.84,27916,5,买盘
2861,14:00:48,55.84,27920,5,买盘
2862,14:00:51,55.85,5585,1,买盘
2863,14:00:57,55.84,11169,2,卖盘
2864,14:01:00,55.85,5585,1,买盘
2865,14:01:03,55.85,5585,1,买盘
2866,14:01:09,55.85,5585,1,中性盘
2867,14:01:12,55.86,5586,1,买盘
2868,14:01:15,55.86,27933,5,买盘
2869,14:01:18,55.86,16758,3,卖盘
2870,14:01:24,55.86,22344,4,卖盘
2871,14:01:27,55.86,5586,1,买盘
2872,14:01:30,55.87,44691,8,买盘
2873,14:01:42,55.87,39107,7,买盘
2874,14:01:45,55.88,245872,44,买盘
2875,14:01:48,55.87,134107,24,卖盘
2876,14:01:54,55.9,22358,4,买盘
2877,14:01:57,55.88,11176,2,卖盘
2878,14:02:03,55.87,89410,16,卖盘
2879,14:02:06,55.88,39116,7,中性盘
2880,14:02:09,55.87,11174,2,卖盘
2881,14:02:12,55.87,16763,3,卖盘
2882,14:02:18,55.88,50304,9,卖盘
2883,14:02:24,55.9,22360,4,买盘
2884,14:02:30,55.9,139750,25,买盘
2885,14:02:33,55.9,16770,3,买盘
2886,14:02:36,55.91,11182,2,买盘
2887,14:02:39,55.91,22364,4,买盘
2888,14:02:42,55.93,123026,22,买盘
2889,14:02:48,55.94,5594,1,买盘
2890,14:02:51,55.94,27970,5,买盘
2891,14:02:57,55.94,67128,12,买盘
2892,14:03:00,55.93,83900,15,卖盘
2893,14:03:03,55.93,117457,21,卖盘
2894,14:03:06,55.94,27970,5,买盘
2895,14:03:09,55.94,39158,7,中性盘
2896,14:03:15,55.91,5591,1,卖盘
2897,14:03:21,55.9,55908,10,卖盘
2898,14:03:24,55.88,396814,71,卖盘
2899,14:03:27,55.87,33522,6,卖盘
2900,14:03:33,55.89,72652,13,买盘
2901,14:03:39,55.89,5589,1,中性盘
2902,14:03:54,55.89,50302,9,卖盘
2903,14:03:57,55.88,72655,13,卖盘
2904,14:04:00,55.89,50301,9,买盘
2905,14:04:03,55.89,33532,6,买盘
2906,14:04:06,55.89,22356,4,买盘
2907,14:04:09,55.88,11176,2,卖盘
2908,14:04:12,55.89,122958,22,买盘
2909,14:04:24,55.88,16765,3,卖盘
2910,14:04:27,55.89,33534,6,买盘
2911,14:04:33,55.88,5588,1,卖盘
2912,14:04:36,55.88,55884,10,卖盘
2913,14:04:48,55.89,145314,26,买盘
2914,14:04:51,55.88,61481,11,卖盘
2915,14:04:57,55.89,11179,2,卖盘
2916,14:05:00,55.91,11182,2,买盘
2917,14:05:09,55.93,27961,5,买盘
2918,14:05:18,55.91,5591,1,卖盘
2919,14:05:21,55.92,27960,5,买盘
2920,14:05:24,55.92,27966,5,买盘
2921,14:05:27,55.92,50335,9,卖盘
2922,14:05:30,55.91,16774,3,卖盘
2923,14:05:36,55.93,89474,16,买盘
2924,14:05:39,55.94,139850,25,买盘
2925,14:05:42,55.93,22372,4,卖盘
2926,14:05:48,55.93,11186,2,买盘
2927,14:05:51,55.93,22372,4,买盘
2928,14:06:03,55.94,22373,4,买盘
2929,14:06:06,55.93,11186,2,卖盘
2930,14:06:12,55.94,27970,5,买盘
2931,14:06:15,55.93,55936,10,卖盘
2932,14:06:18,55.93,72709,13,卖盘
2933,14:06:21,55.92,39144,7,卖盘
2934,14:06:24,55.91,27957,5,卖盘
2935,14:06:27,55.91,78282,14,卖盘
2936,14:06:30,55.92,16776,3,中性盘
2937,14:06:33,55.91,33547,6,卖盘
2938,14:06:39,55.91,11182,2,卖盘
2939,14:06:45,55.92,33551,6,买盘
2940,14:06:57,55.92,16776,3,买盘
2941,14:07:00,55.93,27963,5,买盘
2942,14:07:06,55.92,22368,4,卖盘
2943,14:07:12,55.91,72695,13,卖盘
2944,14:07:15,55.93,33557,6,买盘
2945,14:07:30,55.94,55939,10,买盘
2946,14:07:36,55.95,111896,20,买盘
2947,14:07:39,55.96,16787,3,买盘
2948,14:07:42,55.96,5596,1,买盘
2949,14:07:45,55.97,22387,4,买盘
2950,14:07:51,55.97,5597,1,买盘
2951,14:07:54,55.98,27990,5,买盘
2952,14:08:00,55.96,302277,54,卖盘
2953,14:08:06,55.96,5596,1,卖盘
2954,14:08:12,55.97,151150,27,卖盘
2955,14:08:15,55.96,111937,20,卖盘
2956,14:08:18,55.96,44768,8,卖盘
2957,14:08:21,55.95,123086,22,卖盘
2958,14:08:24,55.94,16782,3,卖盘
2959,14:08:27,55.94,39166,7,卖盘
2960,14:08:30,55.94,83911,15,卖盘
2961,14:08:33,55.95,22372,4,买盘
2962,14:08:42,55.95,5595,1,买盘
2963,14:08:48,55.93,111866,20,卖盘
2964,14:08:51,55.94,39159,7,卖盘
2965,14:08:57,55.92,878064,157,卖盘
2966,14:09:03,55.9,190089,34,卖盘
2967,14:09:06,55.91,27951,5,买盘
2968,14:09:09,55.92,22366,4,买盘
2969,14:09:12,55.9,11180,2,中性盘
2970,14:09:15,55.92,33552,6,买盘
2971,14:09:21,55.9,27950,5,卖盘
2972,14:09:27,55.92,5592,1,买盘
2973,14:09:30,55.92,5592,1,买盘
2974,14:09:33,55.9,44732,8,卖盘
2975,14:09:39,55.91,33546,6,中性盘
2976,14:09:42,55.9,39133,7,卖盘
2977,14:09:51,55.88,167666,30,卖盘
2978,14:09:54,55.88,134112,24,卖盘
2979,14:09:57,55.88,44711,8,中性盘
2980,14:10:03,55.89,83829,15,买盘
2981,14:10:09,55.88,11176,2,卖盘
2982,14:10:12,55.89,16767,3,中性盘
2983,14:10:18,55.89,16767,3,卖盘
2984,14:10:24,55.9,11180,2,买盘
2985,14:10:27,55.89,11178,2,卖盘
2986,14:10:36,55.88,106182,19,卖盘
2987,14:10:39,55.88,11176,2,买盘
2988,14:10:42,55.88,5588,1,中性盘
2989,14:10:48,55.88,11176,2,买盘
2990,14:10:51,55.88,27940,5,买盘
2991,14:10:54,55.89,67068,12,买盘
2992,14:11:00,55.9,27950,5,买盘
2993,14:11:03,55.9,22360,4,买盘
2994,14:11:06,55.88,335236,60,卖盘
2995,14:11:09,55.87,67045,12,卖盘
2996,14:11:12,55.87,5587,1,买盘
2997,14:11:27,55.87,50290,9,卖盘
2998,14:11:30,55.87,5587,1,买盘
2999,14:11:39,55.86,5586,1,卖盘
3000,14:11:45,55.87,16759,3,买盘
3001,14:11:48,55.94,363274,65,买盘
3002,14:11:51,55.96,22380,4,买盘
3003,14:11:54,55.96,61556,11,买盘
3004,14:11:57,55.99,134324,24,买盘
3005,14:12:00,55.96,128774,23,中性盘
3006,14:12:06,55.97,16791,3,中性盘
3007,14:12:12,55.97,11194,2,卖盘
3008,14:12:21,55.99,5599,1,买盘
3009,14:12:24,55.98,33590,6,中性盘
3010,14:12:27,55.96,78350,14,卖盘
3011,14:12:30,55.99,89581,16,买盘
3012,14:12:33,55.99,5599,1,卖盘
3013,14:12:36,56.0,22400,4,买盘
3014,14:12:39,55.99,50399,9,卖盘
3015,14:12:42,56.0,5600,1,买盘
3016,14:12:48,55.99,39198,7,卖盘
3017,14:12:51,56.0,22400,4,买盘
3018,14:12:54,56.0,56000,10,买盘
3019,14:12:57,56.0,112000,20,买盘
3020,14:13:00,56.0,44799,8,买盘
3021,14:13:03,56.0,27997,5,买盘
3022,14:13:06,56.0,11200,2,买盘
3023,14:13:12,55.99,207164,37,卖盘
3024,14:13:15,56.01,795146,142,买盘
3025,14:13:18,56.01,22402,4,买盘
3026,14:13:21,56.0,16800,3,卖盘
3027,14:13:24,56.01,78413,14,买盘
3028,14:13:27,56.03,28011,5,买盘
3029,14:13:30,56.01,56010,10,卖盘
3030,14:13:33,56.02,11204,2,买盘
3031,14:13:36,56.04,5604,1,买盘
3032,14:13:39,56.03,465046,83,卖盘
3033,14:13:42,56.01,28006,5,卖盘
3034,14:13:45,56.02,112040,20,买盘
3035,14:13:48,56.02,72822,13,买盘
3036,14:13:57,56.02,112040,20,买盘
3037,14:14:00,56.0,33606,6,卖盘
3038,14:14:03,56.01,95201,17,买盘
3039,14:14:06,56.02,67224,12,买盘
3040,14:14:12,56.0,106436,19,卖盘
3041,14:14:15,55.96,2514374,449,卖盘
3042,14:14:18,55.95,5595,1,卖盘
3043,14:14:21,55.97,22386,4,买盘
3044,14:14:27,56.0,162327,29,买盘
3045,14:14:30,55.99,5599,1,卖盘
3046,14:14:33,55.99,5599,1,卖盘
3047,14:14:36,56.0,33599,6,买盘
3048,14:14:39,55.99,279950,50,卖盘
3049,14:14:42,55.99,100788,18,卖盘
3050,14:14:45,55.99,5599,1,卖盘
3051,14:14:48,55.99,83985,15,卖盘
3052,14:14:51,55.99,145578,26,卖盘
3053,14:14:54,55.99,22396,4,卖盘
3054,14:14:57,55.98,543092,97,卖盘
3055,14:15:00,55.99,33591,6,买盘
3056,14:15:03,55.97,11196,2,中性盘
3057,14:15:06,55.96,33586,6,卖盘
3058,14:15:12,55.98,16795,3,中性盘
3059,14:15:18,55.97,11194,2,卖盘
3060,14:15:21,55.96,33576,6,卖盘
3061,14:15:24,55.98,55971,10,买盘
3062,14:15:30,55.95,5595,1,卖盘
3063,14:15:33,55.98,11196,2,中性盘
3064,14:15:39,55.98,5598,1,中性盘
3065,14:15:45,55.99,27995,5,买盘
3066,14:15:48,55.99,22396,4,买盘
3067,14:15:51,55.99,33594,6,卖盘
3068,14:15:57,56.0,27998,5,买盘
3069,14:16:03,56.0,72800,13,买盘
3070,14:16:06,56.01,100800,18,买盘
3071,14:16:09,55.98,145552,26,卖盘
3072,14:16:12,55.99,33603,6,中性盘
3073,14:16:21,55.99,11198,2,卖盘
3074,14:16:24,55.99,11198,2,卖盘
3075,14:16:30,55.98,95185,17,卖盘
3076,14:16:33,55.97,67172,12,卖盘
3077,14:16:36,55.97,78370,14,卖盘
3078,14:16:39,55.96,11193,2,卖盘
3079,14:16:45,55.96,16788,3,卖盘
3080,14:16:48,55.96,5596,1,卖盘
3081,14:16:51,56.01,173583,31,买盘
3082,14:17:00,55.96,61557,11,卖盘
3083,14:17:03,55.96,11192,2,卖盘
3084,14:17:06,55.95,279781,50,卖盘
3085,14:17:09,55.94,128684,23,卖盘
3086,14:17:12,55.94,11188,2,卖盘
3087,14:17:18,55.95,5595,1,买盘
3088,14:17:21,55.95,11190,2,买盘
3089,14:17:27,55.95,11190,2,买盘
3090,14:17:33,55.94,89504,16,卖盘
3091,14:17:36,55.94,27970,5,买盘
3092,14:17:57,55.93,151011,27,卖盘
3093,14:18:00,55.93,22370,4,买盘
3094,14:18:03,55.93,5593,1,买盘
3095,14:18:06,55.93,55930,10,买盘
3096,14:18:12,55.93,27965,5,买盘
3097,14:18:18,55.93,27965,5,卖盘
3098,14:18:21,55.93,5593,1,卖盘
3099,14:18:27,55.94,5594,1,买盘
3100,14:18:33,55.94,33564,6,买盘
3101,14:18:36,55.95,22377,4,买盘
3102,14:18:48,55.94,11188,2,中性盘
3103,14:18:51,55.94,33564,6,卖盘
3104,14:18:57,55.93,33558,6,卖盘
3105,14:19:03,55.93,22372,4,卖盘
3106,14:19:09,55.92,318778,57,卖盘
3107,14:19:18,55.91,11182,2,卖盘
3108,14:19:21,55.91,39137,7,卖盘
3109,14:19:24,55.93,27964,5,买盘
3110,14:19:27,55.92,5592,1,买盘
3111,14:19:30,55.92,380360,68,买盘
3112,14:19:33,55.91,22365,4,卖盘
3113,14:19:39,55.93,5593,1,卖盘
3114,14:19:51,55.94,5594,1,买盘
3115,14:20:00,55.94,22376,4,卖盘
3116,14:20:03,55.9,100638,18,卖盘
3117,14:20:09,55.9,27950,5,买盘
3118,14:20:12,55.93,16773,3,买盘
3119,14:20:27,55.92,22368,4,卖盘
3120,14:20:30,55.93,33558,6,买盘
3121,14:20:39,55.92,55921,10,卖盘
3122,14:20:42,55.92,11184,2,卖盘
3123,14:20:45,55.92,11184,2,卖盘
3124,14:20:48,55.92,27964,5,卖盘
3125,14:20:51,55.92,39144,7,卖盘
3126,14:20:54,55.93,27961,5,买盘
3127,14:21:00,55.92,5592,1,卖盘
3128,14:21:06,55.92,5592,1,卖盘
3129,14:21:09,55.92,145375,26,卖盘
3130,14:21:12,55.93,83890,15,买盘
3131,14:21:15,55.93,5593,1,卖盘
3132,14:21:18,55.93,39151,7,卖盘
3133,14:21:24,55.93,5593,1,卖盘
3134,14:21:27,55.95,139856,25,买盘
3135,14:21:30,55.95,55950,10,买盘
3136,14:21:33,55.95,117475,21,买盘
3137,14:21:36,55.94,16782,3,卖盘
3138,14:21:39,55.94,11188,2,卖盘
3139,14:21:42,55.95,16785,3,买盘
3140,14:21:48,55.95,123090,22,卖盘
3141,14:21:51,55.96,5596,1,买盘
3142,14:21:54,55.96,33576,6,买盘
3143,14:21:57,55.97,44776,8,买盘
3144,14:22:00,55.97,61577,11,买盘
3145,14:22:06,56.0,128760,23,买盘
3146,14:22:09,56.0,162400,29,买盘
3147,14:22:12,56.02,28008,5,买盘
3148,14:22:21,56.01,78416,14,卖盘
3149,14:22:24,56.0,5600,1,卖盘
3150,14:22:27,56.02,5602,1,买盘
3151,14:22:30,56.0,140048,25,卖盘
3152,14:22:33,56.0,257600,46,卖盘
3153,14:22:36,55.97,5597,1,卖盘
3154,14:22:39,55.97,5597,1,卖盘
3155,14:22:42,55.97,5597,1,卖盘
3156,14:22:51,55.97,55970,10,卖盘
3157,14:22:54,55.99,151113,27,买盘
3158,14:22:57,55.99,22394,4,买盘
3159,14:23:03,55.98,11196,2,买盘
3160,14:23:06,55.99,44790,8,买盘
3161,14:23:09,55.99,27999,5,卖盘
3162,14:23:12,55.98,1192585,213,卖盘
3163,14:23:15,55.97,44776,8,卖盘
3164,14:23:21,55.95,1622825,290,卖盘
3165,14:23:24,55.95,469990,84,卖盘
3166,14:23:27,55.95,128685,23,卖盘
3167,14:23:30,55.95,83925,15,卖盘
3168,14:23:33,55.95,167850,30,卖盘
3169,14:23:36,55.95,184635,33,卖盘
3170,14:23:39,55.95,39159,7,买盘
3171,14:23:42,55.94,39159,7,卖盘
3172,14:23:45,55.94,100700,18,卖盘
3173,14:23:48,55.94,33564,6,卖盘
3174,14:23:51,55.93,811126,145,卖盘
3175,14:23:54,55.89,55899,10,卖盘
3176,14:23:57,55.88,139723,25,卖盘
3177,14:24:00,55.89,117369,21,买盘
3178,14:24:03,55.85,229082,41,卖盘
3179,14:24:06,55.85,16755,3,卖盘
3180,14:24:09,55.85,22340,4,买盘
3181,14:24:15,55.85,5585,1,卖盘
3182,14:24:27,55.86,89364,16,买盘
3183,14:24:30,55.85,5585,1,卖盘
3184,14:24:33,55.95,755038,135,买盘
3185,14:24:36,55.95,5595,1,卖盘
3186,14:24:39,55.96,61555,11,买盘
3187,14:24:42,55.95,22381,4,卖盘
3188,14:24:48,55.95,341295,61,卖盘
3189,14:24:54,55.95,11190,2,卖盘
3190,14:24:57,55.96,33574,6,买盘
3191,14:25:03,55.96,117499,21,买盘
3192,14:25:06,55.96,11192,2,买盘
3193,14:25:09,55.96,22384,4,买盘
3194,14:25:12,55.95,111901,20,卖盘
