,成交时间,成交价格,成交金额,成交量,性质
0,09:25:00,55.34,1694566,306,买盘
1,09:30:00,55.49,254797,46,中性盘
2,09:30:03,55.5,399574,72,买盘
3,09:30:06,55.56,283416,51,买盘
4,09:30:09,55.66,211607,38,买盘
5,09:30:12,55.76,166918,30,买盘
6,09:30:15,55.76,77937,14,中性盘
7,09:30:18,55.56,166821,30,卖盘
8,09:30:21,55.56,100101,18,卖盘
9,09:30:24,55.74,934840,168,买盘
10,09:30:27,55.6,38950,7,中性盘
11,09:30:30,55.6,294733,53,买盘
12,09:30:33,55.6,5560,1,卖盘
13,09:30:36,55.61,239427,43,卖盘
14,09:30:39,55.55,366858,66,卖盘
15,09:30:42,55.36,1581827,285,卖盘
16,09:30:45,55.37,582510,105,中性盘
17,09:30:48,55.48,33279,6,中性盘
18,09:30:51,55.48,315772,57,买盘
19,09:30:54,55.48,813971,147,买盘
20,09:30:57,55.35,166223,30,卖盘
21,09:31:00,55.31,60886,11,卖盘
22,09:31:03,55.3,332397,60,卖盘
23,09:31:06,55.3,38721,7,卖盘
24,09:31:09,55.28,237732,43,卖盘
25,09:31:12,55.3,127184,23,买盘
26,09:31:15,55.27,55272,10,卖盘
27,09:31:18,55.28,88447,16,中性盘
28,09:31:21,55.27,99486,18,卖盘
29,09:31:24,55.25,44202,8,卖盘
30,09:31:27,55.26,38678,7,中性盘
31,09:31:30,55.23,33142,6,卖盘
32,09:31:33,55.2,149105,27,卖盘
33,09:31:36,55.2,121440,22,卖盘
34,09:31:39,55.2,160039,29,买盘
35,09:31:42,55.15,33115,6,卖盘
36,09:31:45,55.18,49638,9,中性盘
37,09:31:48,55.15,33093,6,卖盘
38,09:31:51,55.15,38608,7,卖盘
39,09:31:54,55.15,66164,12,买盘
40,09:31:57,55.15,93745,17,买盘
41,09:32:00,55.13,170911,31,卖盘
42,09:32:03,55.06,49580,9,卖盘
43,09:32:06,55.06,5506,1,卖盘
44,09:32:09,55.06,77081,14,卖盘
45,09:32:12,55.04,11008,2,卖盘
46,09:32:15,55.04,27528,5,卖盘
47,09:32:18,55.04,99071,18,卖盘
48,09:32:21,55.03,33021,6,卖盘
49,09:32:24,55.03,33018,6,卖盘
50,09:32:27,55.03,38521,7,卖盘
51,09:32:30,55.03,236635,43,买盘
52,09:32:33,55.03,77042,14,卖盘
53,09:32:36,55.03,121063,22,卖盘
54,09:32:39,54.96,1946992,354,卖盘
55,09:32:42,55.03,450309,82,买盘
56,09:32:45,55.0,55023,10,中性盘
57,09:32:48,54.99,77009,14,卖盘
58,09:32:51,55.0,60491,11,中性盘
59,09:32:54,54.98,153959,28,卖盘
60,09:32:57,54.98,54985,10,卖盘
61,09:33:00,54.85,76907,14,卖盘
62,09:33:03,54.85,411864,75,卖盘
63,09:33:06,54.9,27450,5,买盘
64,09:33:09,54.9,263350,48,买盘
65,09:33:12,54.85,54881,10,卖盘
66,09:33:15,54.86,109780,20,中性盘
67,09:33:18,54.9,120688,22,买盘
68,09:33:21,54.85,98770,18,卖盘
69,09:33:24,54.88,290779,53,中性盘
70,09:33:27,54.97,38431,7,买盘
71,09:33:30,54.96,27456,5,中性盘
72,09:33:33,54.9,16484,3,卖盘
73,09:33:36,54.95,27479,5,卖盘
74,09:33:39,54.96,60461,11,中性盘
75,09:33:42,54.9,98864,18,卖盘
76,09:33:45,54.94,38450,7,中性盘
77,09:33:48,54.94,27462,5,买盘
78,09:33:51,54.9,21957,4,买盘
79,09:33:54,54.88,49415,9,卖盘
80,09:33:57,54.88,38420,7,卖盘
81,09:34:00,54.9,120738,22,买盘
82,09:34:03,54.88,126203,23,卖盘
83,09:34:06,54.88,5488,1,买盘
84,09:34:09,54.88,104280,19,买盘
85,09:34:12,54.88,164665,30,卖盘
86,09:34:15,54.91,186828,34,卖盘
87,09:34:18,54.94,43942,8,中性盘
88,09:34:21,54.94,38466,7,卖盘
89,09:34:24,54.97,32970,6,中性盘
90,09:34:27,54.94,38470,7,中性盘
91,09:34:30,54.94,104398,19,卖盘
92,09:34:33,54.97,16491,3,买盘
93,09:34:36,54.94,82413,15,卖盘
94,09:34:39,54.93,71413,13,卖盘
95,09:34:42,54.94,32962,6,买盘
96,09:34:45,54.94,175788,32,买盘
97,09:34:48,54.94,104382,19,买盘
98,09:34:51,54.94,21976,4,卖盘
99,09:34:54,54.94,87915,16,卖盘
100,09:34:57,54.94,104389,19,卖盘
101,09:35:00,54.95,98894,18,中性盘
102,09:35:03,54.94,54951,10,卖盘
103,09:35:06,54.94,10988,2,卖盘
104,09:35:09,54.94,27473,5,卖盘
105,09:35:12,54.94,43952,8,卖盘
106,09:35:15,54.94,65930,12,卖盘
107,09:35:18,54.92,153839,28,卖盘
108,09:35:21,54.93,16479,3,中性盘
109,09:35:24,54.94,49446,9,卖盘
110,09:35:27,54.94,43961,8,卖盘
111,09:35:30,54.93,5493,1,卖盘
112,09:35:33,54.97,109904,20,买盘
113,09:35:39,54.97,60457,11,买盘
114,09:35:42,54.95,27476,5,卖盘
115,09:35:45,54.94,93390,17,卖盘
116,09:35:48,54.91,318482,58,卖盘
117,09:35:51,54.88,373253,68,卖盘
118,09:35:54,54.91,54869,10,买盘
119,09:35:57,54.9,32920,6,买盘
120,09:36:00,54.9,131760,24,买盘
121,09:36:03,54.85,806376,147,卖盘
122,09:36:06,54.85,356492,65,卖盘
123,09:36:09,54.82,87742,16,卖盘
124,09:36:12,54.8,191846,35,卖盘
125,09:36:15,54.82,180862,33,买盘
126,09:36:18,54.81,115114,21,卖盘
127,09:36:21,54.8,65761,12,卖盘
128,09:36:24,54.79,564424,103,卖盘
129,09:36:27,54.77,93128,17,卖盘
130,09:36:30,54.77,82162,15,卖盘
131,09:36:33,54.77,301182,55,买盘
132,09:36:36,54.75,153293,28,卖盘
133,09:36:39,54.74,49269,9,卖盘
134,09:36:42,54.74,142342,26,卖盘
135,09:36:45,54.72,49257,9,卖盘
136,09:36:48,54.72,284522,52,卖盘
137,09:36:51,54.71,164135,30,卖盘
138,09:36:54,54.71,93011,17,卖盘
139,09:36:57,54.7,694755,127,卖盘
140,09:37:00,54.71,16411,3,买盘
141,09:37:03,54.71,289928,53,买盘
142,09:37:06,54.72,49241,9,买盘
143,09:37:09,54.7,186014,34,卖盘
144,09:37:12,54.71,476021,87,买盘
145,09:37:15,54.73,21896,4,卖盘
146,09:37:18,54.75,257282,47,买盘
147,09:37:21,54.8,607908,111,买盘
148,09:37:24,54.77,3496140,639,卖盘
149,09:37:27,54.8,87674,16,中性盘
150,09:37:30,54.8,104091,19,买盘
151,09:37:33,54.77,312271,57,卖盘
152,09:37:36,54.8,49319,9,买盘
153,09:37:39,54.8,21920,4,卖盘
154,09:37:42,54.79,10957,2,中性盘
155,09:37:45,54.8,136984,25,买盘
156,09:37:48,54.79,10959,2,卖盘
157,09:37:51,54.79,76706,14,卖盘
158,09:37:54,54.79,65748,12,卖盘
159,09:37:57,54.8,38355,7,买盘
160,09:38:00,54.8,5480,1,买盘
161,09:38:03,54.8,186305,34,买盘
162,09:38:06,54.8,147938,27,买盘
163,09:38:09,54.79,16437,3,卖盘
164,09:38:12,54.8,21920,4,买盘
165,09:38:15,54.79,54795,10,卖盘
166,09:38:18,54.79,969778,177,卖盘
167,09:38:21,54.79,54789,10,卖盘
168,09:38:24,54.79,32875,6,卖盘
169,09:38:27,54.77,76693,14,卖盘
170,09:38:30,54.75,5475,1,卖盘
171,09:38:33,54.75,27375,5,卖盘
172,09:38:36,54.75,16425,3,卖盘
173,09:38:39,54.75,21900,4,买盘
174,09:38:42,54.75,114970,21,买盘
175,09:38:45,54.73,180643,33,卖盘
176,09:38:48,54.69,711010,130,卖盘
177,09:38:51,54.69,568682,104,买盘
178,09:38:54,54.7,16405,3,买盘
179,09:38:57,54.67,43745,8,卖盘
180,09:39:00,54.67,136739,25,卖盘
181,09:39:03,54.67,21868,4,卖盘
182,09:39:06,54.69,306242,56,买盘
183,09:39:09,54.7,278838,51,买盘
184,09:39:12,54.67,426457,78,卖盘
185,09:39:15,54.67,262428,48,买盘
186,09:39:18,54.67,191331,35,买盘
187,09:39:21,54.67,71066,13,买盘
188,09:39:24,54.67,191330,35,买盘
189,09:39:27,54.67,87474,16,卖盘
190,09:39:30,54.67,43736,8,卖盘
191,09:39:33,54.67,38268,7,卖盘
192,09:39:36,54.66,185845,34,卖盘
193,09:39:39,54.66,218632,40,买盘
194,09:39:42,54.65,81980,15,卖盘
195,09:39:45,54.65,142098,26,卖盘
196,09:39:48,54.65,256881,47,卖盘
197,09:39:51,54.65,256888,47,卖盘
198,09:39:54,54.64,43716,8,卖盘
199,09:39:57,54.64,49176,9,卖盘
200,09:40:00,54.65,54634,10,买盘
201,09:40:03,54.61,251262,46,卖盘
202,09:40:06,54.61,70984,13,中性盘
203,09:40:09,54.61,147443,27,买盘
204,09:40:12,54.6,207512,38,卖盘
205,09:40:15,54.63,196580,36,买盘
206,09:40:18,54.61,283971,52,中性盘
207,09:40:21,54.64,775604,142,买盘
208,09:40:24,54.66,174888,32,中性盘
209,09:40:27,54.66,38262,7,卖盘
210,09:40:30,54.66,21864,4,卖盘
211,09:40:33,54.66,475560,87,中性盘
212,09:40:36,54.66,300647,55,卖盘
213,09:40:39,54.66,677754,124,买盘
214,09:40:42,54.67,164084,30,中性盘
215,09:40:45,54.73,235288,43,买盘
216,09:40:48,54.68,164054,30,卖盘
217,09:40:51,54.69,27363,5,卖盘
218,09:40:54,54.69,10938,2,卖盘
219,09:40:57,54.71,114869,21,买盘
220,09:41:00,54.69,16409,3,卖盘
221,09:41:03,54.71,87514,16,买盘
222,09:41:06,54.69,98457,18,卖盘
223,09:41:09,54.69,38279,7,买盘
224,09:41:12,54.71,49231,9,买盘
225,09:41:15,54.69,76566,14,买盘
226,09:41:18,54.69,71098,13,卖盘
227,09:41:21,54.69,5469,1,买盘
228,09:41:24,54.69,147659,27,买盘
229,09:41:27,54.68,49217,9,卖盘
230,09:41:30,54.69,54690,10,买盘
231,09:41:33,54.68,76565,14,卖盘
232,09:41:36,54.69,142202,26,中性盘
233,09:41:39,54.69,49223,9,卖盘
234,09:41:42,54.68,32813,6,卖盘
235,09:41:45,54.68,120301,22,卖盘
236,09:41:48,54.7,32814,6,买盘
237,09:41:51,54.69,5469,1,卖盘
238,09:41:54,54.68,5468,1,卖盘
239,09:41:57,54.69,49217,9,买盘
240,09:42:00,54.69,5469,1,卖盘
241,09:42:03,54.71,5471,1,买盘
242,09:42:06,54.69,109384,20,卖盘
243,09:42:09,54.69,32819,6,卖盘
244,09:42:12,54.7,5470,1,买盘
245,09:42:15,54.69,32817,6,卖盘
246,09:42:18,54.69,153159,28,卖盘
247,09:42:21,54.71,153153,28,买盘
248,09:42:24,54.73,16417,3,买盘
249,09:42:27,54.7,10940,2,卖盘
250,09:42:30,54.75,54747,10,买盘
251,09:42:33,54.75,38321,7,卖盘
252,09:42:36,54.76,27376,5,中性盘
253,09:42:39,54.75,120456,22,卖盘
254,09:42:42,54.75,54750,10,中性盘
255,09:42:45,54.76,16428,3,买盘
256,09:42:48,54.76,5476,1,卖盘
257,09:42:51,54.77,32858,6,买盘
258,09:42:57,54.78,5478,1,买盘
259,09:43:00,54.87,438407,80,买盘
260,09:43:03,54.87,71328,13,买盘
261,09:43:06,54.87,27434,5,买盘
262,09:43:09,54.87,43889,8,买盘
263,09:43:12,54.9,5490,1,买盘
264,09:43:15,54.92,120763,22,买盘
265,09:43:18,54.87,10979,2,卖盘
266,09:43:21,54.9,10980,2,中性盘
267,09:43:24,54.88,10976,2,卖盘
268,09:43:27,54.92,38417,7,买盘
269,09:43:30,54.88,21964,4,卖盘
270,09:43:33,54.94,27461,5,买盘
271,09:43:36,54.97,10991,2,买盘
272,09:43:39,54.97,93449,17,买盘
273,09:43:42,54.94,65958,12,卖盘
274,09:43:45,54.94,60443,11,卖盘
275,09:43:48,54.97,38479,7,买盘
276,09:43:51,54.97,43975,8,买盘
277,09:43:57,54.97,38478,7,买盘
278,09:44:00,54.96,186897,34,卖盘
279,09:44:03,54.99,175892,32,买盘
280,09:44:06,54.96,43974,8,卖盘
281,09:44:09,54.99,60462,11,中性盘
282,09:44:12,54.97,21986,4,中性盘
283,09:44:15,54.96,10992,2,卖盘
284,09:44:18,54.97,38482,7,卖盘
285,09:44:21,54.96,43969,8,卖盘
286,09:44:24,54.96,126408,23,卖盘
287,09:44:27,54.96,16490,3,卖盘
288,09:44:30,54.96,16488,3,卖盘
289,09:44:33,54.96,148392,27,卖盘
290,09:44:36,54.95,49463,9,卖盘
291,09:44:39,54.95,5495,1,卖盘
292,09:44:42,54.95,109900,20,卖盘
293,09:44:45,54.96,49464,9,买盘
294,09:44:51,54.96,10992,2,卖盘
295,09:44:54,54.96,27480,5,卖盘
296,09:44:57,54.96,10992,2,中性盘
297,09:45:00,54.92,164837,30,卖盘
298,09:45:03,54.88,16464,3,卖盘
299,09:45:06,54.88,38416,7,卖盘
300,09:45:09,54.87,307312,56,卖盘
301,09:45:12,54.82,10965,2,卖盘
302,09:45:18,54.81,5481,1,卖盘
303,09:45:27,54.8,93166,17,卖盘
304,09:45:30,54.81,38367,7,买盘
305,09:45:33,54.82,5482,1,买盘
306,09:45:36,54.84,71285,13,买盘
307,09:45:39,54.85,482349,88,买盘
308,09:45:42,54.81,164445,30,卖盘
309,09:45:45,54.81,32899,6,卖盘
310,09:45:48,54.81,65775,12,卖盘
311,09:45:51,54.81,5481,1,买盘
312,09:45:54,54.8,27401,5,卖盘
313,09:45:57,54.81,38367,7,买盘
314,09:46:00,54.84,5484,1,买盘
315,09:46:03,54.81,5481,1,卖盘
316,09:46:06,54.81,60297,11,卖盘
317,09:46:15,54.8,427442,78,卖盘
318,09:46:18,54.81,27401,5,中性盘
319,09:46:21,54.79,38357,7,卖盘
320,09:46:24,54.79,49314,9,卖盘
321,09:46:27,54.82,10964,2,中性盘
322,09:46:33,54.79,21918,4,卖盘
323,09:46:39,54.82,21928,4,买盘
324,09:46:45,54.82,5482,1,买盘
325,09:46:48,54.81,5481,1,买盘
326,09:46:51,54.82,43855,8,买盘
327,09:46:54,54.74,525854,96,卖盘
328,09:46:57,54.76,114974,21,买盘
329,09:47:00,54.76,60236,11,买盘
330,09:47:03,54.77,10954,2,买盘
331,09:47:06,54.75,10952,2,中性盘
332,09:47:12,54.74,5474,1,卖盘
333,09:47:15,54.72,5472,1,卖盘
334,09:47:18,54.74,5474,1,买盘
335,09:47:21,54.72,10944,2,卖盘
336,09:47:24,54.71,76594,14,卖盘
337,09:47:27,54.69,196921,36,卖盘
338,09:47:33,54.7,191410,35,买盘
339,09:47:36,54.69,21877,4,卖盘
340,09:47:42,54.69,98442,18,卖盘
341,09:47:45,54.69,71096,13,买盘
342,09:47:48,54.68,87491,16,卖盘
343,09:47:51,54.69,21876,4,中性盘
344,09:47:54,54.68,87492,16,卖盘
345,09:47:57,54.68,87489,16,卖盘
346,09:48:00,54.67,27340,5,卖盘
347,09:48:03,54.67,5467,1,卖盘
348,09:48:06,54.67,60138,11,卖盘
349,09:48:09,54.68,21870,4,买盘
350,09:48:12,54.68,5468,1,卖盘
351,09:48:15,54.68,43744,8,卖盘
352,09:48:18,54.69,16407,3,买盘
353,09:48:21,54.69,16405,3,买盘
354,09:48:24,54.68,98426,18,卖盘
355,09:48:27,54.68,10936,2,卖盘
356,09:48:30,54.68,109380,20,卖盘
357,09:48:36,54.68,43748,8,卖盘
358,09:48:39,54.67,10935,2,卖盘
359,09:48:45,54.67,27335,5,卖盘
360,09:48:48,54.68,10936,2,买盘
361,09:48:51,54.68,5468,1,卖盘
362,09:48:54,54.68,16404,3,买盘
363,09:49:00,54.69,10937,2,买盘
364,09:49:03,54.69,60149,11,买盘
365,09:49:06,54.68,16406,3,卖盘
366,09:49:09,54.69,27339,5,买盘
367,09:49:12,54.68,60142,11,卖盘
368,09:49:15,54.67,21869,4,卖盘
369,09:49:18,54.66,109324,20,卖盘
370,09:49:24,54.67,5467,1,卖盘
371,09:49:27,54.67,21868,4,卖盘
372,09:49:30,54.67,10934,2,卖盘
373,09:49:33,54.67,16401,3,卖盘
374,09:49:36,54.67,32802,6,卖盘
375,09:49:39,54.66,54661,10,卖盘
376,09:49:42,54.66,92922,17,卖盘
377,09:49:48,54.65,43720,8,卖盘
378,09:49:51,54.65,21861,4,卖盘
379,09:49:54,54.66,60120,11,买盘
380,09:49:57,54.66,92913,17,买盘
381,09:50:00,54.65,10930,2,卖盘
382,09:50:03,54.66,21861,4,买盘
383,09:50:06,54.66,5466,1,买盘
384,09:50:09,54.66,10932,2,中性盘
385,09:50:12,54.65,54650,10,卖盘
386,09:50:15,54.61,1458719,267,卖盘
387,09:50:18,54.6,174737,32,卖盘
388,09:50:21,54.61,21844,4,买盘
389,09:50:27,54.57,971640,178,卖盘
390,09:50:30,54.56,92769,17,卖盘
391,09:50:33,54.56,38206,7,卖盘
392,09:50:36,54.56,130944,24,卖盘
393,09:50:39,54.55,60008,11,卖盘
394,09:50:42,54.51,1254147,230,卖盘
395,09:50:45,54.51,130867,24,卖盘
396,09:50:48,54.53,43620,8,中性盘
397,09:50:51,54.51,27257,5,卖盘
398,09:50:54,54.51,16353,3,卖盘
399,09:50:57,54.52,98136,18,中性盘
400,09:51:00,54.52,21809,4,卖盘
401,09:51:03,54.51,158104,29,卖盘
402,09:51:06,54.51,76324,14,卖盘
403,09:51:09,54.54,256238,47,买盘
404,09:51:12,54.53,103641,19,卖盘
405,09:51:15,54.51,54527,10,卖盘
406,09:51:18,54.52,10908,2,中性盘
407,09:51:21,54.51,38175,7,卖盘
408,09:51:24,54.54,92672,17,买盘
409,09:51:27,54.52,65440,12,卖盘
410,09:51:30,54.52,21808,4,卖盘
411,09:51:33,54.54,283598,52,买盘
412,09:51:36,54.52,92720,17,卖盘
413,09:51:39,54.53,16359,3,卖盘
414,09:51:42,54.55,60035,11,卖盘
415,09:51:45,54.55,54558,10,卖盘
416,09:51:51,54.5,970300,178,卖盘
417,09:51:54,54.55,251046,46,卖盘
418,09:51:57,54.55,38185,7,卖盘
419,09:52:00,54.5,719564,132,卖盘
420,09:52:03,54.54,21817,4,卖盘
421,09:52:06,54.55,81830,15,买盘
422,09:52:09,54.55,272551,50,中性盘
423,09:52:12,54.55,10905,2,买盘
424,09:52:15,54.55,5455,1,买盘
425,09:52:18,54.51,109051,20,卖盘
426,09:52:21,54.51,16353,3,卖盘
427,09:52:24,54.5,2452999,450,卖盘
428,09:52:27,54.51,141727,26,卖盘
429,09:52:30,54.51,49059,9,卖盘
430,09:52:33,54.52,1215291,223,中性盘
431,09:52:36,54.54,119944,22,买盘
432,09:52:39,54.52,5452,1,卖盘
433,09:52:42,54.5,1139258,209,卖盘
434,09:52:45,54.53,327094,60,买盘
435,09:52:48,54.54,43618,8,买盘
436,09:52:51,54.5,239810,44,卖盘
437,09:52:54,54.5,70849,13,买盘
438,09:52:57,54.5,70840,13,买盘
439,09:53:00,54.49,65380,12,中性盘
440,09:53:03,54.48,43585,8,卖盘
441,09:53:06,54.48,54475,10,买盘
442,09:53:09,54.45,457451,84,卖盘
443,09:53:12,54.44,65330,12,卖盘
444,09:53:15,54.45,81673,15,买盘
445,09:53:18,54.44,16333,3,卖盘
446,09:53:21,54.44,174208,32,买盘
447,09:53:24,54.44,43553,8,中性盘
448,09:53:27,54.4,1077234,198,卖盘
449,09:53:30,54.4,141436,26,买盘
450,09:53:33,54.38,146840,27,卖盘
451,09:53:36,54.37,146812,27,卖盘
452,09:53:39,54.37,54383,10,卖盘
453,09:53:42,54.37,70682,13,卖盘
454,09:53:45,54.36,59804,11,卖盘
455,09:53:48,54.36,130481,24,卖盘
456,09:53:51,54.36,679514,125,卖盘
457,09:53:54,54.37,206633,38,买盘
458,09:53:57,54.37,146799,27,卖盘
459,09:54:00,54.4,233920,43,买盘
460,09:54:03,54.37,5437,1,卖盘
461,09:54:06,54.44,3559230,655,买盘
462,09:54:09,54.4,239500,44,中性盘
463,09:54:12,54.43,92473,17,中性盘
464,09:54:15,54.37,38065,7,卖盘
465,09:54:18,54.37,576330,106,卖盘
466,09:54:21,54.37,59820,11,卖盘
467,09:54:24,54.4,81576,15,买盘
468,09:54:27,54.41,32642,6,买盘
469,09:54:30,54.4,59815,11,中性盘
470,09:54:33,54.4,103331,19,买盘
471,09:54:36,54.4,27206,5,卖盘
472,09:54:39,54.4,141446,26,卖盘
473,09:54:42,54.43,10886,2,买盘
474,09:54:45,54.4,48960,9,卖盘
475,09:54:48,54.4,10880,2,买盘
476,09:54:51,54.39,87039,16,卖盘
477,09:54:54,54.4,16320,3,买盘
478,09:54:57,54.4,43516,8,买盘
479,09:55:00,54.4,10880,2,买盘
480,09:55:03,54.37,299063,55,卖盘
481,09:55:06,54.38,173995,32,中性盘
482,09:55:09,54.38,201209,37,卖盘
483,09:55:12,54.36,603479,111,卖盘
484,09:55:15,54.33,440188,81,卖盘
485,09:55:18,54.32,152119,28,卖盘
486,09:55:21,54.33,114076,21,买盘
487,09:55:24,54.31,119499,22,卖盘
488,09:55:27,54.29,1162081,214,卖盘
489,09:55:30,54.3,146596,27,买盘
490,09:55:33,54.3,130292,24,买盘
491,09:55:36,54.3,135724,25,买盘
492,09:55:39,54.29,179148,33,中性盘
493,09:55:42,54.3,173707,32,买盘
494,09:55:45,54.29,76009,14,中性盘
495,09:55:48,54.29,38003,7,卖盘
496,09:55:51,54.28,75995,14,卖盘
497,09:55:54,54.28,37996,7,卖盘
498,09:55:57,54.29,146581,27,买盘
499,09:56:00,54.28,54280,10,卖盘
500,09:56:03,54.28,276848,51,卖盘
501,09:56:09,54.27,103115,19,卖盘
502,09:56:12,54.26,92244,17,卖盘
503,09:56:15,54.27,179085,33,买盘
504,09:56:18,54.26,580445,107,卖盘
505,09:56:21,54.25,48819,9,买盘
506,09:56:24,54.27,151939,28,买盘
507,09:56:27,54.25,16276,3,卖盘
508,09:56:30,54.26,65110,12,买盘
509,09:56:33,54.26,59686,11,卖盘
510,09:56:36,54.26,37986,7,卖盘
511,09:56:39,54.26,5426,1,买盘
512,09:56:42,54.25,168180,31,卖盘
513,09:56:45,54.25,81375,15,卖盘
514,09:56:51,54.24,303785,56,卖盘
515,09:56:54,54.25,48823,9,买盘
516,09:56:57,54.23,21694,4,卖盘
517,09:57:00,54.23,189811,35,卖盘
518,09:57:03,54.24,130156,24,买盘
519,09:57:06,54.2,2271443,419,卖盘
520,09:57:09,54.2,254843,47,卖盘
521,09:57:12,54.2,455313,84,卖盘
522,09:57:15,54.2,411947,76,卖盘
523,09:57:18,54.2,368566,68,买盘
524,09:57:21,54.23,75892,14,买盘
525,09:57:24,54.35,2616897,482,买盘
526,09:57:27,54.29,320539,59,卖盘
527,09:57:30,54.37,5437,1,买盘
528,09:57:33,54.35,32613,6,中性盘
529,09:57:36,54.36,10872,2,买盘
530,09:57:39,54.37,16309,3,买盘
531,09:57:42,54.36,662522,122,卖盘
532,09:57:45,54.37,54368,10,买盘
533,09:57:48,54.33,114148,21,卖盘
534,09:57:51,54.33,10866,2,买盘
535,09:57:54,54.3,684212,126,卖盘
536,09:57:57,54.3,401820,74,买盘
537,09:58:00,54.32,152039,28,买盘
538,09:58:03,54.32,10862,2,买盘
539,09:58:06,54.3,21725,4,卖盘
540,09:58:09,54.32,114072,21,买盘
541,09:58:15,54.3,293317,54,卖盘
542,09:58:18,54.32,10864,2,中性盘
543,09:58:21,54.31,54317,10,中性盘
544,09:58:24,54.32,130368,24,买盘
545,09:58:27,54.31,81466,15,卖盘
546,09:58:33,54.32,32592,6,买盘
547,09:58:36,54.31,146662,27,卖盘
548,09:58:39,54.31,59749,11,卖盘
549,09:58:42,54.31,173792,32,卖盘
550,09:58:45,54.31,124927,23,中性盘
551,09:58:48,54.3,255210,47,卖盘
552,09:58:51,54.32,114047,21,买盘
553,09:58:54,54.32,10864,2,卖盘
554,09:58:57,54.32,5432,1,买盘
555,09:59:00,54.32,10864,2,买盘
556,09:59:03,54.32,10864,2,买盘
557,09:59:06,54.32,21727,4,买盘
558,09:59:09,54.31,54310,10,卖盘
559,09:59:12,54.3,76033,14,卖盘
560,09:59:15,54.29,184652,34,卖盘
561,09:59:18,54.29,135735,25,卖盘
562,09:59:21,54.28,70564,13,卖盘
563,09:59:24,54.29,65138,12,买盘
564,09:59:27,54.31,206310,38,买盘
565,09:59:30,54.31,32586,6,卖盘
566,09:59:33,54.32,32592,6,买盘
567,09:59:36,54.31,76043,14,卖盘
568,09:59:39,54.33,27165,5,买盘
569,09:59:42,54.3,184636,34,卖盘
570,09:59:45,54.3,103170,19,买盘
571,09:59:48,54.3,5430,1,买盘
572,09:59:51,54.3,16290,3,买盘
573,09:59:54,54.29,54293,10,卖盘
574,09:59:57,54.3,16290,3,买盘
575,10:00:00,54.29,21717,4,卖盘
576,10:00:03,54.29,190021,35,卖盘
577,10:00:06,54.3,217193,40,买盘
578,10:00:09,54.28,135710,25,卖盘
579,10:00:12,54.29,10858,2,买盘
580,10:00:15,54.28,21714,4,卖盘
581,10:00:18,54.29,206273,38,买盘
582,10:00:21,54.28,10856,2,买盘
583,10:00:24,54.28,86848,16,买盘
584,10:00:27,54.27,455910,84,卖盘
585,10:00:30,54.3,38004,7,买盘
586,10:00:33,54.3,38012,7,卖盘
587,10:00:36,54.3,43434,8,买盘
588,10:00:42,54.29,54286,10,卖盘
589,10:00:45,54.3,21717,4,买盘
590,10:00:48,54.29,10858,2,买盘
591,10:00:51,54.28,10857,2,卖盘
592,10:00:54,54.28,48852,9,卖盘
593,10:00:57,54.28,10856,2,买盘
594,10:01:00,54.28,5428,1,买盘
595,10:01:03,54.27,65126,12,卖盘
596,10:01:06,54.27,97686,18,买盘
597,10:01:09,54.28,37996,7,买盘
598,10:01:12,54.27,37991,7,卖盘
599,10:01:15,54.28,21712,4,买盘
600,10:01:18,54.27,59698,11,卖盘
601,10:01:21,54.28,16284,3,买盘
602,10:01:24,54.34,581049,107,买盘
603,10:01:27,54.33,48897,9,卖盘
604,10:01:30,54.33,5433,1,卖盘
605,10:01:33,54.32,10865,2,卖盘
606,10:01:36,54.32,27170,5,卖盘
607,10:01:42,54.32,10864,2,卖盘
608,10:01:45,54.32,86924,16,卖盘
609,10:01:48,54.35,21738,4,买盘
610,10:01:51,54.33,5433,1,卖盘
611,10:01:54,54.33,65196,12,买盘
612,10:02:00,54.35,32610,6,买盘
613,10:02:03,54.31,521491,96,卖盘
614,10:02:06,54.35,157511,29,买盘
615,10:02:09,54.35,43480,8,卖盘
616,10:02:12,54.35,10870,2,买盘
617,10:02:15,54.35,21740,4,买盘
618,10:02:18,54.3,537628,99,卖盘
619,10:02:21,54.36,65208,12,买盘
620,10:02:27,54.35,70600,13,买盘
621,10:02:30,54.3,255248,47,卖盘
622,10:02:33,54.35,103230,19,买盘
623,10:02:36,54.3,5430,1,卖盘
624,10:02:39,54.35,10870,2,买盘
625,10:02:42,54.36,21744,4,买盘
626,10:02:45,54.35,439853,81,卖盘
627,10:02:48,54.36,21741,4,买盘
628,10:02:51,54.36,5436,1,买盘
629,10:02:54,54.36,32616,6,买盘
630,10:02:57,54.35,54350,10,卖盘
631,10:03:00,54.36,27178,5,买盘
632,10:03:03,54.31,43464,8,卖盘
633,10:03:06,54.35,32613,6,买盘
634,10:03:09,54.36,10871,2,买盘
635,10:03:12,54.35,43480,8,卖盘
636,10:03:15,54.35,16305,3,卖盘
637,10:03:18,54.35,16305,3,买盘
638,10:03:21,54.34,5434,1,卖盘
639,10:03:27,54.35,239028,44,买盘
640,10:03:30,54.34,27170,5,中性盘
641,10:03:36,54.35,27173,5,买盘
642,10:03:42,54.31,374780,69,卖盘
643,10:03:45,54.35,5435,1,买盘
644,10:03:48,54.35,21737,4,买盘
645,10:03:51,54.35,364223,67,买盘
646,10:03:57,54.35,32610,6,卖盘
647,10:04:00,54.35,32610,6,卖盘
648,10:04:03,54.39,16317,3,买盘
649,10:04:09,54.4,27200,5,买盘
650,10:04:12,54.4,32640,6,买盘
651,10:04:15,54.39,5439,1,卖盘
652,10:04:18,54.41,206723,38,买盘
653,10:04:21,54.41,87095,16,卖盘
654,10:04:27,54.49,38137,7,买盘
655,10:04:30,54.53,43596,8,买盘
656,10:04:33,54.55,49086,9,买盘
657,10:04:36,54.55,43638,8,卖盘
658,10:04:39,54.53,103631,19,卖盘
659,10:04:42,54.49,10902,2,卖盘
660,10:04:45,54.5,59922,11,买盘
661,10:04:48,54.43,21772,4,卖盘
662,10:04:51,54.47,32682,6,买盘
663,10:04:54,54.46,43566,8,买盘
664,10:04:57,54.4,32642,6,卖盘
665,10:05:00,54.43,38106,7,中性盘
666,10:05:03,54.43,5443,1,卖盘
667,10:05:06,54.4,663985,122,卖盘
668,10:05:09,54.41,125121,23,买盘
669,10:05:12,54.4,97905,18,卖盘
670,10:05:15,54.39,16316,3,买盘
671,10:05:18,54.4,32630,6,买盘
672,10:05:21,54.36,10872,2,卖盘
673,10:05:24,54.39,21756,4,买盘
674,10:05:27,54.39,10878,2,买盘
675,10:05:30,54.3,505314,93,卖盘
676,10:05:33,54.36,48923,9,买盘
677,10:05:36,54.35,38015,7,中性盘
678,10:05:39,54.35,10870,2,买盘
679,10:05:42,54.31,5431,1,中性盘
680,10:05:45,54.3,65165,12,卖盘
681,10:05:48,54.35,21736,4,买盘
682,10:05:51,54.31,10862,2,中性盘
683,10:05:54,54.31,5431,1,卖盘
684,10:05:57,54.34,5434,1,买盘
685,10:06:00,54.31,65172,12,卖盘
686,10:06:03,54.31,10862,2,买盘
687,10:06:06,54.31,21723,4,买盘
688,10:06:09,54.31,135773,25,买盘
689,10:06:12,54.3,21721,4,卖盘
690,10:06:15,54.3,5430,1,卖盘
691,10:06:18,54.3,65160,12,卖盘
692,10:06:24,54.3,21720,4,卖盘
693,10:06:27,54.31,5431,1,买盘
694,10:06:30,54.31,16292,3,买盘
695,10:06:33,54.3,48873,9,卖盘
696,10:06:36,54.3,10861,2,卖盘
697,10:06:39,54.3,228061,42,卖盘
698,10:06:42,54.31,65162,12,买盘
699,10:06:45,54.3,5430,1,中性盘
700,10:06:48,54.3,16288,3,买盘
701,10:06:51,54.3,108600,20,买盘
702,10:06:54,54.31,16292,3,买盘
703,10:06:57,54.3,48866,9,中性盘
704,10:07:03,54.39,1705264,314,买盘
705,10:07:06,54.34,157589,29,卖盘
706,10:07:09,54.39,21756,4,买盘
707,10:07:12,54.39,27185,5,买盘
708,10:07:15,54.35,21755,4,卖盘
709,10:07:24,54.39,5439,1,买盘
710,10:07:27,54.39,21746,4,买盘
711,10:07:33,54.39,16317,3,买盘
712,10:07:42,54.38,5438,1,买盘
713,10:07:48,54.38,32631,6,卖盘
714,10:07:51,54.39,10878,2,买盘
715,10:07:54,54.39,32634,6,买盘
716,10:08:00,54.37,59818,11,卖盘
717,10:08:03,54.39,16316,3,买盘
718,10:08:06,54.37,16314,3,卖盘
719,10:08:09,54.39,5439,1,买盘
720,10:08:12,54.39,54390,10,买盘
721,10:08:15,54.38,16315,3,卖盘
722,10:08:18,54.38,16314,3,买盘
723,10:08:21,54.38,222958,41,买盘
724,10:08:24,54.37,32622,6,卖盘
725,10:08:27,54.38,5438,1,卖盘
726,10:08:36,54.38,48942,9,卖盘
727,10:08:39,54.38,10876,2,买盘
728,10:08:42,54.37,65245,12,卖盘
729,10:08:45,54.37,16311,3,买盘
730,10:08:54,54.37,10874,2,买盘
731,10:08:57,54.37,38058,7,买盘
732,10:09:00,54.35,76104,14,卖盘
733,10:09:03,54.35,5435,1,卖盘
734,10:09:06,54.36,32615,6,买盘
735,10:09:09,54.34,65219,12,卖盘
736,10:09:12,54.35,38045,7,买盘
737,10:09:18,54.34,10868,2,卖盘
738,10:09:21,54.35,10869,2,买盘
739,10:09:30,54.34,16302,3,卖盘
740,10:09:33,54.34,27172,5,卖盘
741,10:09:36,54.4,184891,34,买盘
742,10:09:39,54.45,10889,2,买盘
743,10:09:42,54.45,43524,8,买盘
744,10:09:51,54.45,5445,1,买盘
745,10:09:57,54.45,10890,2,买盘
746,10:10:00,54.45,10890,2,中性盘
747,10:10:06,54.44,16333,3,卖盘
748,10:10:09,54.45,10890,2,卖盘
749,10:10:12,54.45,21783,4,卖盘
750,10:10:15,54.47,49014,9,买盘
751,10:10:24,54.46,27230,5,卖盘
752,10:10:27,54.44,5444,1,卖盘
753,10:10:30,54.46,5446,1,买盘
754,10:10:33,54.46,21782,4,买盘
755,10:10:42,54.46,152488,28,卖盘
756,10:10:45,54.46,16338,3,买盘
757,10:10:48,54.46,16337,3,买盘
758,10:10:51,54.45,21778,4,卖盘
759,10:10:54,54.45,5445,1,中性盘
760,10:11:00,54.46,92579,17,买盘
761,10:11:03,54.46,59906,11,买盘
762,10:11:06,54.46,10891,2,买盘
763,10:11:09,54.44,10889,2,卖盘
764,10:11:12,54.46,43568,8,买盘
765,10:11:15,54.45,5445,1,卖盘
766,10:11:18,54.45,10890,2,买盘
767,10:11:24,54.46,43568,8,买盘
768,10:11:27,54.45,32668,6,卖盘
769,10:11:30,54.45,5445,1,买盘
770,10:11:36,54.44,38108,7,卖盘
771,10:11:39,54.44,16332,3,买盘
772,10:11:42,54.43,10887,2,卖盘
773,10:11:48,54.43,54431,10,卖盘
774,10:11:51,54.43,5443,1,买盘
775,10:11:54,54.43,32658,6,买盘
776,10:11:57,54.43,16331,3,卖盘
777,10:12:00,54.45,21777,4,买盘
778,10:12:03,54.45,5445,1,中性盘
779,10:12:06,54.41,544172,100,卖盘
780,10:12:09,54.44,5444,1,买盘
781,10:12:12,54.43,16329,3,卖盘
782,10:12:15,54.43,38101,7,卖盘
783,10:12:18,54.44,70772,13,买盘
784,10:12:21,54.44,27220,5,卖盘
785,10:12:24,54.44,5444,1,卖盘
786,10:12:30,54.44,32663,6,卖盘
787,10:12:33,54.43,5443,1,卖盘
788,10:12:36,54.43,5443,1,卖盘
789,10:12:39,54.41,48980,9,卖盘
790,10:12:48,54.43,10885,2,买盘
791,10:12:51,54.42,16326,3,卖盘
792,10:12:54,54.43,21772,4,买盘
793,10:12:57,54.42,5442,1,卖盘
794,10:13:00,54.4,38080,7,卖盘
795,10:13:03,54.4,48960,9,卖盘
796,10:13:06,54.42,54419,10,买盘
797,10:13:12,54.42,21765,4,买盘
798,10:13:15,54.4,48964,9,卖盘
799,10:13:18,54.42,43536,8,买盘
800,10:13:21,54.4,38081,7,卖盘
801,10:13:24,54.42,32652,6,中性盘
802,10:13:27,54.42,16325,3,中性盘
803,10:13:30,54.4,65298,12,卖盘
804,10:13:33,54.4,16320,3,买盘
805,10:13:36,54.39,32634,6,卖盘
806,10:13:39,54.4,16320,3,买盘
807,10:13:42,54.4,16320,3,买盘
808,10:13:48,54.39,119658,22,卖盘
809,10:13:51,54.4,43515,8,买盘
810,10:14:00,54.39,10878,2,卖盘
811,10:14:06,54.39,32634,6,卖盘
812,10:14:09,54.39,5439,1,卖盘
813,10:14:12,54.39,21756,4,卖盘
814,10:14:18,54.39,10879,2,中性盘
815,10:14:21,54.38,27190,5,卖盘
816,10:14:27,54.38,48942,9,卖盘
817,10:14:33,54.37,625266,115,卖盘
818,10:14:36,54.37,59807,11,卖盘
819,10:14:39,54.38,157674,29,买盘
820,10:14:42,54.38,10876,2,买盘
821,10:14:48,54.38,16314,3,买盘
822,10:14:51,54.38,10876,2,买盘
823,10:14:54,54.37,288161,53,卖盘
824,10:15:00,54.37,38065,7,卖盘
825,10:15:03,54.38,54374,10,买盘
826,10:15:09,54.38,5438,1,买盘
827,10:15:12,54.37,59807,11,卖盘
828,10:15:21,54.38,5438,1,买盘
829,10:15:24,54.38,32628,6,买盘
830,10:15:33,54.38,81560,15,买盘
831,10:15:36,54.38,402339,74,买盘
832,10:15:39,54.37,250102,46,卖盘
833,10:15:42,54.37,27188,5,卖盘
834,10:15:45,54.38,54380,10,买盘
835,10:15:48,54.37,10874,2,卖盘
836,10:15:51,54.38,5438,1,买盘
837,10:15:54,54.37,5437,1,卖盘
838,10:16:00,54.37,16311,3,卖盘
839,10:16:03,54.38,217492,40,买盘
840,10:16:06,54.37,119614,22,卖盘
841,10:16:09,54.37,260980,48,卖盘
842,10:16:12,54.37,21749,4,卖盘
843,10:16:18,54.35,114145,21,卖盘
844,10:16:21,54.34,114114,21,卖盘
845,10:16:24,54.34,59766,11,买盘
846,10:16:27,54.3,494210,91,卖盘
847,10:16:30,54.32,5432,1,中性盘
848,10:16:33,54.3,16290,3,卖盘
849,10:16:36,54.32,5432,1,买盘
850,10:16:39,54.33,32595,6,买盘
851,10:16:42,54.3,59754,11,卖盘
852,10:16:45,54.32,103206,19,买盘
853,10:16:48,54.32,92344,17,卖盘
854,10:16:51,54.32,27160,5,买盘
855,10:16:54,54.3,32584,6,卖盘
856,10:16:57,54.32,5432,1,卖盘
857,10:17:00,54.33,32596,6,买盘
858,10:17:03,54.33,10866,2,卖盘
859,10:17:06,54.33,10866,2,买盘
860,10:17:09,54.32,76060,14,卖盘
861,10:17:12,54.33,141246,26,买盘
862,10:17:15,54.32,38024,7,卖盘
863,10:17:18,54.32,27160,5,卖盘
864,10:17:21,54.32,38024,7,卖盘
865,10:17:24,54.31,5431,1,卖盘
866,10:17:27,54.32,81470,15,买盘
867,10:17:30,54.31,108620,20,中性盘
868,10:17:33,54.31,255257,47,卖盘
869,10:17:36,54.3,586460,108,卖盘
870,10:17:42,54.3,5430,1,买盘
871,10:17:45,54.3,65151,12,买盘
872,10:17:48,54.3,70581,13,买盘
873,10:17:51,54.29,5429,1,卖盘
874,10:17:54,54.3,5430,1,买盘
875,10:17:57,54.29,27149,5,卖盘
876,10:18:00,54.29,38005,7,卖盘
877,10:18:03,54.29,16287,3,卖盘
878,10:18:06,54.29,141154,26,卖盘
879,10:18:09,54.29,48856,9,买盘
880,10:18:15,54.28,37996,7,卖盘
881,10:18:18,54.27,65136,12,卖盘
882,10:18:24,54.27,10855,2,卖盘
883,10:18:27,54.27,146529,27,卖盘
884,10:18:30,54.23,629313,116,卖盘
885,10:18:33,54.23,135562,25,卖盘
886,10:18:36,54.17,2715284,501,卖盘
887,10:18:39,54.16,297894,55,卖盘
888,10:18:42,54.15,330318,61,卖盘
889,10:18:45,54.15,92050,17,买盘
890,10:18:48,54.14,81205,15,买盘
891,10:18:51,54.14,92028,17,买盘
892,10:18:54,54.12,167787,31,卖盘
893,10:18:57,54.12,205659,38,卖盘
894,10:19:00,54.12,184015,34,卖盘
895,10:19:03,54.11,119059,22,卖盘
896,10:19:06,54.12,48708,9,买盘
897,10:19:09,54.12,43296,8,买盘
898,10:19:12,54.13,91996,17,买盘
899,10:19:15,54.12,70366,13,中性盘
900,10:19:18,54.12,135283,25,卖盘
901,10:19:21,54.12,59525,11,买盘
902,10:19:24,54.12,81170,15,买盘
903,10:19:27,54.11,259789,48,卖盘
904,10:19:30,54.13,86620,16,中性盘
905,10:19:33,54.12,54130,10,卖盘
906,10:19:36,54.13,10831,2,中性盘
907,10:19:39,54.13,313929,58,卖盘
908,10:19:42,54.15,92055,17,卖盘
909,10:19:45,54.15,92064,17,卖盘
910,10:19:51,54.21,5421,1,中性盘
911,10:19:54,54.21,16259,3,买盘
912,10:19:57,54.22,10844,2,买盘
913,10:20:00,54.2,5420,1,买盘
914,10:20:03,54.17,75870,14,卖盘
915,10:20:06,54.22,303632,56,买盘
916,10:20:09,54.21,27108,5,卖盘
917,10:20:12,54.22,86739,16,买盘
918,10:20:15,54.19,249341,46,卖盘
919,10:20:18,54.18,5418,1,卖盘
920,10:20:21,54.17,54170,10,卖盘
921,10:20:24,54.17,32503,6,卖盘
922,10:20:27,54.17,21670,4,卖盘
923,10:20:30,54.16,48752,9,卖盘
924,10:20:33,54.16,189561,35,卖盘
925,10:20:36,54.15,211196,39,卖盘
926,10:20:39,54.16,254510,47,买盘
927,10:20:42,54.16,59576,11,卖盘
928,10:20:45,54.15,27079,5,卖盘
929,10:20:48,54.16,48743,9,买盘
930,10:20:51,54.15,102885,19,卖盘
931,10:20:54,54.15,433200,80,卖盘
932,10:20:57,54.15,43318,8,买盘
933,10:21:00,54.14,70382,13,卖盘
934,10:21:03,54.14,129956,24,卖盘
935,10:21:06,54.14,37897,7,买盘
936,10:21:09,54.14,59551,11,买盘
937,10:21:12,54.14,27066,5,买盘
938,10:21:15,54.14,97449,18,买盘
939,10:21:18,54.13,167810,31,卖盘
940,10:21:21,54.13,124499,23,买盘
941,10:21:24,54.13,70368,13,买盘
942,10:21:27,54.12,400513,74,卖盘
943,10:21:30,54.12,48708,9,买盘
944,10:21:33,54.12,54120,10,买盘
945,10:21:36,54.11,243512,45,卖盘
946,10:21:39,54.12,54120,10,买盘
947,10:21:42,54.12,37882,7,买盘
948,10:21:45,54.12,32472,6,买盘
949,10:21:48,54.11,178566,33,卖盘
950,10:21:51,54.12,43296,8,买盘
951,10:21:54,54.11,270550,50,卖盘
952,10:21:57,54.11,10822,2,卖盘
953,10:22:00,54.11,140703,26,卖盘
954,10:22:03,54.12,54120,10,卖盘
955,10:22:06,54.11,91988,17,卖盘
956,10:22:12,54.18,552236,102,买盘
957,10:22:15,54.16,75834,14,卖盘
958,10:22:24,54.17,75848,14,卖盘
959,10:22:36,54.2,10840,2,买盘
960,10:22:39,54.19,10837,2,买盘
961,10:22:42,54.2,281633,52,买盘
962,10:22:45,54.15,113739,21,卖盘
963,10:22:48,54.15,92089,17,卖盘
964,10:22:51,54.2,184215,34,买盘
965,10:22:57,54.15,124561,23,卖盘
966,10:23:00,54.2,32515,6,买盘
967,10:23:09,54.13,113702,21,卖盘
968,10:23:12,54.15,16246,3,卖盘
969,10:23:15,54.15,5415,1,买盘
970,10:23:18,54.15,10830,2,买盘
971,10:23:21,54.15,270676,50,买盘
972,10:23:24,54.15,16245,3,买盘
973,10:23:27,54.13,86612,16,卖盘
974,10:23:30,54.15,37897,7,买盘
975,10:23:33,54.15,27074,5,买盘
976,10:23:36,54.15,27075,5,卖盘
977,10:23:42,54.15,270762,50,卖盘
978,10:23:45,54.16,27080,5,中性盘
979,10:23:51,54.17,5417,1,卖盘
980,10:23:57,54.17,5417,1,卖盘
981,10:24:00,54.17,5417,1,卖盘
982,10:24:03,54.16,32496,6,卖盘
983,10:24:06,54.16,27082,5,中性盘
984,10:24:12,54.16,16248,3,卖盘
985,10:24:15,54.17,37909,7,买盘
986,10:24:18,54.17,5417,1,买盘
987,10:24:21,54.16,16248,3,中性盘
988,10:24:24,54.2,151714,28,买盘
989,10:24:27,54.21,32521,6,买盘
990,10:24:30,54.21,70464,13,买盘
991,10:24:36,54.21,65052,12,卖盘
992,10:24:39,54.22,37947,7,买盘
993,10:24:42,54.21,5421,1,卖盘
994,10:24:45,54.22,5422,1,买盘
995,10:24:48,54.21,5421,1,卖盘
996,10:24:51,54.21,16265,3,卖盘
997,10:24:54,54.2,32520,6,卖盘
998,10:24:57,54.21,10842,2,买盘
999,10:25:00,54.2,113822,21,卖盘
1000,10:25:03,54.22,5422,1,买盘
1001,10:25:06,54.2,54205,10,卖盘
1002,10:25:09,54.22,16266,3,中性盘
1003,10:25:12,54.23,16269,3,买盘
1004,10:25:15,54.2,48801,9,卖盘
1005,10:25:18,54.22,5422,1,买盘
1006,10:25:24,54.22,5422,1,买盘
1007,10:25:30,54.23,108434,20,买盘
1008,10:25:33,54.23,32538,6,买盘
1009,10:25:36,54.2,16266,3,卖盘
1010,10:25:39,54.24,10848,2,买盘
1011,10:25:48,54.23,32538,6,卖盘
1012,10:25:51,54.23,5423,1,买盘
1013,10:25:54,54.23,10846,2,买盘
1014,10:26:00,54.26,43396,8,买盘
1015,10:26:06,54.25,330868,61,卖盘
1016,10:26:09,54.25,16275,3,卖盘
1017,10:26:12,54.25,70525,13,买盘
1018,10:26:15,54.25,16275,3,买盘
1019,10:26:21,54.25,16275,3,买盘
1020,10:26:33,54.25,336303,62,卖盘
1021,10:26:36,54.25,16276,3,卖盘
1022,10:26:39,54.27,32564,6,卖盘
1023,10:26:45,54.27,5427,1,卖盘
1024,10:26:48,54.27,16281,3,中性盘
1025,10:26:51,54.27,27135,5,买盘
1026,10:26:57,54.27,5427,1,卖盘
1027,10:27:06,54.28,5428,1,卖盘
1028,10:27:21,54.3,21717,4,买盘
1029,10:27:24,54.31,10862,2,买盘
1030,10:27:30,54.32,10864,2,买盘
1031,10:27:33,54.31,16293,3,卖盘
1032,10:27:36,54.28,10856,2,卖盘
1033,10:27:39,54.28,5428,1,中性盘
1034,10:27:45,54.28,10856,2,卖盘
1035,10:27:54,54.28,5428,1,卖盘
1036,10:28:06,54.29,21716,4,卖盘
1037,10:28:09,54.28,43424,8,卖盘
1038,10:28:15,54.29,43426,8,买盘
1039,10:28:30,54.28,16285,3,卖盘
1040,10:28:33,54.3,27146,5,买盘
1041,10:28:36,54.3,10860,2,买盘
1042,10:28:45,54.29,114012,21,卖盘
1043,10:28:51,54.3,5430,1,买盘
1044,10:28:54,54.3,48870,9,买盘
1045,10:28:57,54.29,21717,4,卖盘
1046,10:29:00,54.3,5430,1,买盘
1047,10:29:09,54.3,5430,1,卖盘
1048,10:29:12,54.31,5431,1,买盘
1049,10:29:15,54.31,5431,1,买盘
1050,10:29:18,54.31,5431,1,买盘
1051,10:29:21,54.31,32586,6,买盘
1052,10:29:24,54.31,5431,1,卖盘
1053,10:29:27,54.31,16293,3,卖盘
1054,10:29:30,54.31,21724,4,卖盘
1055,10:29:33,54.31,21724,4,买盘
1056,10:29:36,54.31,21722,4,买盘
1057,10:29:39,54.31,5431,1,买盘
1058,10:29:42,54.32,38022,7,买盘
1059,10:29:45,54.32,5432,1,买盘
1060,10:29:48,54.31,5431,1,卖盘
1061,10:29:51,54.32,5432,1,买盘
1062,10:29:54,54.31,5431,1,卖盘
1063,10:30:00,54.32,32591,6,买盘
1064,10:30:06,54.31,16293,3,卖盘
1065,10:30:09,54.32,10864,2,买盘
1066,10:30:15,54.32,10863,2,买盘
1067,10:30:18,54.31,5431,1,卖盘
1068,10:30:27,54.32,10864,2,买盘
1069,10:30:30,54.33,5433,1,买盘
1070,10:30:36,54.33,5433,1,买盘
1071,10:30:48,54.33,21732,4,卖盘
1072,10:30:51,54.33,5433,1,买盘
1073,10:30:54,54.33,5433,1,买盘
1074,10:30:57,54.33,16299,3,买盘
1075,10:31:00,54.32,27163,5,卖盘
1076,10:31:06,54.32,5432,1,卖盘
1077,10:31:12,54.32,5432,1,卖盘
1078,10:31:24,54.32,43457,8,卖盘
1079,10:31:30,54.31,10862,2,卖盘
1080,10:31:33,54.31,10862,2,卖盘
1081,10:31:36,54.31,16294,3,中性盘
1082,10:31:42,54.32,16293,3,买盘
1083,10:31:45,54.3,54300,10,卖盘
1084,10:31:48,54.3,81450,15,卖盘
1085,10:31:51,54.29,157499,29,卖盘
1086,10:31:54,54.3,10859,2,买盘
1087,10:31:57,54.29,16288,3,卖盘
1088,10:32:00,54.29,5429,1,卖盘
1089,10:32:06,54.29,10859,2,卖盘
1090,10:32:09,54.32,5432,1,买盘
1091,10:32:12,54.29,162870,30,卖盘
1092,10:32:15,54.29,16287,3,卖盘
1093,10:32:18,54.29,10858,2,卖盘
1094,10:32:21,54.29,21716,4,卖盘
1095,10:32:30,54.32,10864,2,买盘
1096,10:32:36,54.31,5431,1,买盘
1097,10:32:39,54.3,38012,7,卖盘
1098,10:32:42,54.3,16289,3,买盘
1099,10:32:45,54.3,222630,41,买盘
1100,10:32:48,54.32,38020,7,买盘
1101,10:32:54,54.31,27155,5,买盘
1102,10:32:57,54.3,97746,18,卖盘
1103,10:33:00,54.3,10860,2,买盘
1104,10:33:03,54.3,358380,66,买盘
1105,10:33:06,54.3,374670,69,买盘
1106,10:33:09,54.32,2394665,441,买盘
1107,10:33:12,54.32,38024,7,买盘
1108,10:33:21,54.32,10864,2,卖盘
1109,10:33:27,54.32,21725,4,买盘
1110,10:33:30,54.32,16296,3,中性盘
1111,10:33:33,54.32,16296,3,卖盘
1112,10:33:39,54.32,10864,2,卖盘
1113,10:33:42,54.33,54321,10,买盘
1114,10:33:48,54.32,5432,1,卖盘
1115,10:33:54,54.31,10862,2,卖盘
1116,10:33:57,54.31,32587,6,卖盘
1117,10:34:00,54.32,5432,1,买盘
1118,10:34:09,54.32,5432,1,买盘
1119,10:34:21,54.31,38017,7,卖盘
1120,10:34:27,54.3,260640,48,卖盘
1121,10:34:33,54.31,16292,3,买盘
1122,10:34:39,54.31,21724,4,买盘
1123,10:34:42,54.3,21720,4,卖盘
1124,10:34:48,54.3,21720,4,卖盘
1125,10:34:54,54.3,5430,1,卖盘
1126,10:34:57,54.31,59733,11,买盘
1127,10:35:00,54.3,76021,14,卖盘
1128,10:35:06,54.3,179190,33,卖盘
1129,10:35:09,54.29,59724,11,卖盘
1130,10:35:15,54.29,863211,159,卖盘
1131,10:35:18,54.28,65152,12,卖盘
1132,10:35:21,54.28,27144,5,卖盘
1133,10:35:24,54.28,16284,3,卖盘
1134,10:35:27,54.28,43424,8,卖盘
1135,10:35:30,54.27,10854,2,卖盘
1136,10:35:33,54.27,37989,7,卖盘
1137,10:35:39,54.27,5427,1,买盘
1138,10:35:42,54.27,5427,1,买盘
1139,10:35:45,54.26,21704,4,卖盘
1140,10:35:48,54.26,37982,7,卖盘
1141,10:35:51,54.26,10852,2,卖盘
1142,10:36:00,54.26,10852,2,卖盘
1143,10:36:06,54.26,32556,6,卖盘
1144,10:36:12,54.26,5426,1,买盘
1145,10:36:15,54.26,86815,16,买盘
1146,10:36:18,54.27,320100,59,买盘
1147,10:36:21,54.26,16278,3,卖盘
1148,10:36:24,54.25,16275,3,卖盘
1149,10:36:27,54.25,515375,95,卖盘
1150,10:36:30,54.25,37980,7,卖盘
1151,10:36:39,54.25,5425,1,卖盘
1152,10:36:42,54.26,10852,2,买盘
1153,10:36:45,54.25,5425,1,卖盘
1154,10:36:48,54.25,27125,5,卖盘
1155,10:36:51,54.25,5425,1,卖盘
1156,10:36:54,54.25,32550,6,卖盘
1157,10:36:57,54.26,21702,4,买盘
1158,10:37:00,54.25,10850,2,卖盘
1159,10:37:03,54.25,27125,5,卖盘
1160,10:37:06,54.25,254975,47,卖盘
1161,10:37:09,54.24,1307408,241,卖盘
1162,10:37:12,54.24,70518,13,中性盘
1163,10:37:18,54.23,21692,4,卖盘
1164,10:37:21,54.21,21689,4,卖盘
1165,10:37:24,54.21,32536,6,卖盘
1166,10:37:27,54.23,5423,1,卖盘
1167,10:37:30,54.23,5423,1,卖盘
1168,10:37:36,54.21,5421,1,卖盘
1169,10:37:42,54.23,5423,1,买盘
1170,10:37:45,54.21,10842,2,卖盘
1171,10:37:51,54.2,227646,42,卖盘
1172,10:37:54,54.21,5421,1,中性盘
1173,10:37:57,54.2,59625,11,卖盘
1174,10:38:03,54.2,54201,10,卖盘
1175,10:38:09,54.19,32518,6,卖盘
1176,10:38:15,54.2,119232,22,买盘
1177,10:38:18,54.2,32525,6,卖盘
1178,10:38:21,54.21,16263,3,买盘
1179,10:38:24,54.21,32526,6,买盘
1180,10:38:30,54.2,5420,1,卖盘
1181,10:38:36,54.2,65042,12,卖盘
1182,10:38:39,54.22,21687,4,买盘
1183,10:38:45,54.24,16266,3,买盘
1184,10:38:48,54.2,16260,3,卖盘
1185,10:38:51,54.22,168022,31,买盘
1186,10:38:54,54.21,10842,2,中性盘
1187,10:39:03,54.22,48790,9,买盘
1188,10:39:06,54.22,16266,3,卖盘
1189,10:39:12,54.22,5422,1,卖盘
1190,10:39:15,54.24,27116,5,买盘
1191,10:39:21,54.25,10850,2,买盘
1192,10:39:24,54.25,10850,2,卖盘
1193,10:39:30,54.24,21698,4,卖盘
1194,10:39:51,54.25,21700,4,买盘
1195,10:39:54,54.25,27122,5,买盘
1196,10:39:57,54.25,10850,2,买盘
1197,10:40:00,54.25,37975,7,买盘
1198,10:40:03,54.24,32545,6,卖盘
1199,10:40:09,54.25,108500,20,买盘
1200,10:40:18,54.26,21704,4,买盘
1201,10:40:24,54.27,65109,12,买盘
1202,10:40:30,54.26,5426,1,中性盘
1203,10:40:33,54.25,16276,3,卖盘
1204,10:40:36,54.22,244026,45,卖盘
1205,10:40:39,54.21,37947,7,卖盘
1206,10:40:42,54.17,666536,123,卖盘
1207,10:40:45,54.15,232859,43,卖盘
1208,10:40:48,54.14,10828,2,卖盘
1209,10:40:57,54.1,903741,167,卖盘
1210,10:41:00,54.1,146070,27,卖盘
1211,10:41:09,54.12,10822,2,买盘
1212,10:41:12,54.1,1168553,216,卖盘
1213,10:41:15,54.09,27046,5,卖盘
1214,10:41:18,54.09,5409,1,卖盘
1215,10:41:21,54.08,59488,11,卖盘
1216,10:41:24,54.09,5409,1,买盘
1217,10:41:27,54.08,48672,9,卖盘
1218,10:41:30,54.07,475839,88,卖盘
1219,10:41:33,54.07,54070,10,买盘
1220,10:41:36,54.07,556745,103,买盘
1221,10:41:39,54.06,54060,10,中性盘
1222,10:41:42,54.06,27030,5,买盘
1223,10:41:45,54.06,27030,5,买盘
1224,10:41:48,54.03,756557,140,卖盘
1225,10:41:51,54.02,59425,11,卖盘
1226,10:41:54,54.03,108048,20,买盘
1227,10:41:57,54.02,826506,153,卖盘
1228,10:42:00,54.01,162055,30,卖盘
1229,10:42:03,54.01,102621,19,卖盘
1230,10:42:06,54.01,1820101,337,卖盘
1231,10:42:09,54.0,248413,46,卖盘
1232,10:42:12,54.01,264627,49,买盘
1233,10:42:15,54.01,2759405,511,买盘
1234,10:42:18,53.93,3083005,571,卖盘
1235,10:42:21,53.9,609027,113,卖盘
1236,10:42:24,53.91,145498,27,买盘
1237,10:42:27,53.87,107744,20,卖盘
1238,10:42:30,53.91,134768,25,买盘
1239,10:42:33,53.89,43119,8,卖盘
1240,10:42:36,53.96,711433,132,买盘
1241,10:42:39,53.9,26978,5,卖盘
1242,10:42:42,53.97,16197,3,中性盘
1243,10:42:45,53.99,16195,3,买盘
1244,10:42:48,53.96,43185,8,卖盘
1245,10:42:51,53.96,80941,15,卖盘
1246,10:42:54,53.99,97182,18,卖盘
1247,10:42:57,53.99,48591,9,卖盘
1248,10:43:06,54.0,21599,4,买盘
1249,10:43:09,54.0,64783,12,买盘
1250,10:43:12,53.99,10798,2,卖盘
1251,10:43:15,54.0,37800,7,买盘
1252,10:43:18,53.99,16199,3,卖盘
1253,10:43:21,54.0,53996,10,买盘
1254,10:43:27,54.0,37799,7,买盘
1255,10:43:30,54.0,91796,17,买盘
1256,10:43:33,54.0,70195,13,买盘
1257,10:43:36,54.0,27000,5,买盘
1258,10:43:39,53.99,48593,9,卖盘
1259,10:43:42,53.99,75576,14,买盘
1260,10:43:45,53.99,5399,1,买盘
1261,10:43:48,53.98,205126,38,卖盘
1262,10:43:51,53.95,269805,50,卖盘
1263,10:43:54,53.94,32364,6,卖盘
1264,10:43:57,53.94,37758,7,卖盘
1265,10:44:00,53.94,5394,1,卖盘
1266,10:44:03,53.95,53950,10,买盘
1267,10:44:06,53.95,37759,7,买盘
1268,10:44:09,53.94,64739,12,卖盘
1269,10:44:12,53.94,43152,8,卖盘
1270,10:44:15,53.94,10789,2,中性盘
1271,10:44:18,53.93,16181,3,卖盘
1272,10:44:21,53.94,16180,3,买盘
1273,10:44:24,53.94,5394,1,买盘
1274,10:44:27,53.94,124056,23,买盘
1275,10:44:30,53.93,64717,12,卖盘
1276,10:44:33,53.92,80882,15,卖盘
1277,10:44:36,53.92,80884,15,卖盘
1278,10:44:39,53.92,59312,11,卖盘
1279,10:44:42,53.91,97040,18,卖盘
1280,10:44:45,53.92,102441,19,买盘
1281,10:44:48,53.92,43132,8,买盘
1282,10:44:51,53.92,43130,8,买盘
1283,10:44:54,53.94,792864,147,买盘
1284,10:44:57,53.94,253542,47,卖盘
1285,10:45:00,53.93,382994,71,卖盘
1286,10:45:03,53.94,75505,14,中性盘
1287,10:45:06,53.94,32364,6,卖盘
1288,10:45:09,53.9,1444654,268,卖盘
1289,10:45:12,53.88,533455,99,卖盘
1290,10:45:15,53.89,156265,29,买盘
1291,10:45:18,53.88,501085,93,卖盘
1292,10:45:21,53.88,210106,39,买盘
1293,10:45:24,53.88,53875,10,买盘
1294,10:45:27,53.87,64644,12,卖盘
1295,10:45:30,53.85,317738,59,卖盘
1296,10:45:33,53.85,48469,9,卖盘
1297,10:45:36,53.83,91543,17,卖盘
1298,10:45:39,53.84,177713,33,中性盘
1299,10:45:42,53.83,91511,17,卖盘
1300,10:45:45,53.84,75370,14,中性盘
1301,10:45:48,53.82,59202,11,卖盘
1302,10:45:51,53.83,80748,15,卖盘
1303,10:45:54,53.82,586496,109,卖盘
1304,10:45:57,53.81,220626,41,卖盘
1305,10:46:00,53.8,96854,18,卖盘
1306,10:46:03,53.83,952763,177,买盘
1307,10:46:06,53.83,129223,24,卖盘
1308,10:46:09,53.83,86132,16,卖盘
1309,10:46:12,53.82,107629,20,卖盘
1310,10:46:15,53.82,102247,19,买盘
1311,10:46:18,53.8,166831,31,卖盘
1312,10:46:21,53.82,177593,33,买盘
1313,10:46:24,53.82,172185,32,买盘
1314,10:46:27,53.8,419647,78,卖盘
1315,10:46:30,53.8,242109,45,卖盘
1316,10:46:33,53.81,238605,44,买盘
1317,10:46:36,53.8,188329,35,卖盘
1318,10:46:39,53.8,231341,43,卖盘
1319,10:46:42,53.8,145261,27,卖盘
1320,10:46:45,53.8,417757,78,卖盘
1321,10:46:48,53.8,607755,113,买盘
1322,10:46:51,53.76,198946,37,卖盘
1323,10:46:54,53.79,295690,55,买盘
1324,10:46:57,53.76,177395,33,卖盘
1325,10:47:00,53.75,69883,13,卖盘
1326,10:47:03,53.76,247280,46,买盘
1327,10:47:06,53.75,96751,18,卖盘
1328,10:47:09,53.7,134318,25,卖盘
1329,10:47:12,53.75,177273,33,买盘
1330,10:47:15,53.73,225573,42,卖盘
1331,10:47:18,53.78,532185,99,买盘
1332,10:47:21,53.75,107505,20,卖盘
1333,10:47:24,53.73,145075,27,卖盘
1334,10:47:27,53.76,53741,10,买盘
1335,10:47:30,53.72,69864,13,卖盘
1336,10:47:33,53.76,10752,2,中性盘
1337,10:47:36,53.75,5375,1,中性盘
1338,10:47:39,53.73,241785,45,卖盘
1339,10:47:42,53.7,596390,111,卖盘
1340,10:47:45,53.71,16114,3,卖盘
1341,10:47:48,53.71,161102,30,中性盘
1342,10:47:51,53.75,69835,13,买盘
1343,10:47:54,53.71,10742,2,卖盘
1344,10:47:57,53.71,80565,15,卖盘
1345,10:48:00,53.71,69835,13,卖盘
1346,10:48:03,53.71,161173,30,卖盘
1347,10:48:06,53.72,161113,30,中性盘
1348,10:48:09,53.71,59081,11,中性盘
1349,10:48:12,53.75,10750,2,买盘
1350,10:48:15,53.75,96750,18,买盘
1351,10:48:18,53.77,145179,27,买盘
1352,10:48:21,53.77,5377,1,买盘
1353,10:48:24,53.77,134385,25,买盘
1354,10:48:27,53.77,42994,8,买盘
1355,10:48:30,53.77,134401,25,买盘
1356,10:48:33,53.77,177381,33,买盘
1357,10:48:36,53.77,32262,6,买盘
1358,10:48:39,53.77,48372,9,买盘
1359,10:48:42,53.74,26877,5,卖盘
1360,10:48:45,53.73,16125,3,卖盘
1361,10:48:48,53.73,123583,23,卖盘
1362,10:48:51,53.72,128926,24,卖盘
1363,10:48:54,53.72,204090,38,买盘
1364,10:48:57,53.72,10744,2,买盘
1365,10:49:00,53.7,289984,54,卖盘
1366,10:49:03,53.72,134290,25,买盘
1367,10:49:06,53.7,59072,11,卖盘
1368,10:49:09,53.71,564151,105,卖盘
1369,10:49:12,53.74,42998,8,卖盘
1370,10:49:15,53.74,26874,5,卖盘
1371,10:49:18,53.76,48371,9,买盘
1372,10:49:21,53.72,118168,22,卖盘
1373,10:49:24,53.76,150528,28,买盘
1374,10:49:27,53.78,21505,4,买盘
1375,10:49:30,53.74,16122,3,中性盘
1376,10:49:33,53.74,134349,25,买盘
1377,10:49:36,53.76,91388,17,买盘
1378,10:49:39,53.76,53754,10,卖盘
1379,10:49:42,53.8,21520,4,买盘
1380,10:49:51,53.8,16140,3,卖盘
1381,10:49:54,53.81,21523,4,买盘
1382,10:49:57,53.81,21523,4,买盘
1383,10:50:00,53.82,5382,1,买盘
1384,10:50:03,53.82,161433,30,买盘
1385,10:50:06,53.82,59202,11,买盘
1386,10:50:12,53.83,21532,4,买盘
1387,10:50:15,53.83,48447,9,买盘
1388,10:50:18,53.84,69988,13,买盘
1389,10:50:21,53.85,5385,1,买盘
1390,10:50:27,53.86,48475,9,买盘
1391,10:50:30,53.88,16163,3,买盘
1392,10:50:33,53.88,32323,6,买盘
1393,10:50:36,53.87,21551,4,卖盘
1394,10:50:39,53.88,70043,13,买盘
1395,10:50:42,53.88,32328,6,买盘
1396,10:50:45,53.88,10776,2,卖盘
1397,10:50:48,53.88,96989,18,卖盘
1398,10:50:51,53.88,43105,8,卖盘
1399,10:50:54,53.89,10778,2,买盘
1400,10:50:57,53.9,53888,10,买盘
1401,10:51:00,53.9,21560,4,买盘
1402,10:51:03,53.9,91625,17,买盘
1403,10:51:06,53.9,528220,98,卖盘
1404,10:51:09,53.91,53905,10,买盘
1405,10:51:12,53.9,10780,2,卖盘
1406,10:51:15,53.91,70073,13,买盘
1407,10:51:18,53.91,48517,9,买盘
1408,10:51:21,53.9,59293,11,卖盘
1409,10:51:24,53.9,10780,2,买盘
1410,10:51:27,53.9,16170,3,买盘
1411,10:51:30,53.91,37731,7,买盘
1412,10:51:33,53.9,5390,1,卖盘
1413,10:51:36,53.91,21564,4,买盘
1414,10:51:39,53.91,5391,1,买盘
1415,10:51:42,53.87,727391,135,卖盘
1416,10:51:45,53.84,32312,6,卖盘
1417,10:51:48,53.84,16152,3,卖盘
1418,10:51:51,53.84,16154,3,卖盘
1419,10:51:54,53.84,5384,1,卖盘
1420,10:51:57,53.84,64608,12,卖盘
1421,10:52:00,53.83,91532,17,卖盘
1422,10:52:03,53.83,10767,2,卖盘
1423,10:52:09,53.83,139928,26,买盘
1424,10:52:12,53.82,16146,3,中性盘
1425,10:52:15,53.82,5382,1,买盘
1426,10:52:18,53.81,53810,10,卖盘
1427,10:52:21,53.81,10762,2,买盘
1428,10:52:24,53.81,5381,1,买盘
1429,10:52:27,53.8,16140,3,卖盘
1430,10:52:33,53.8,43040,8,卖盘
1431,10:52:36,53.8,107609,20,卖盘
1432,10:52:39,53.8,32284,6,卖盘
1433,10:52:42,53.8,32280,6,卖盘
1434,10:52:45,53.82,780406,145,买盘
1435,10:52:48,53.9,167066,31,买盘
1436,10:52:51,53.83,96954,18,卖盘
1437,10:52:54,53.87,5387,1,中性盘
1438,10:52:57,53.9,10780,2,中性盘
1439,10:53:00,53.89,5389,1,中性盘
1440,10:53:03,53.86,21552,4,卖盘
1441,10:53:06,53.9,183260,34,买盘
1442,10:53:09,53.92,70074,13,买盘
1443,10:53:12,53.92,10784,2,买盘
1444,10:53:18,53.9,16170,3,卖盘
1445,10:53:24,53.89,70069,13,卖盘
1446,10:53:27,53.89,738424,137,卖盘
1447,10:53:30,53.89,167079,31,买盘
1448,10:53:33,53.89,145527,27,中性盘
1449,10:53:36,53.89,37728,7,中性盘
1450,10:53:39,53.89,26945,5,买盘
1451,10:53:42,53.88,37718,7,卖盘
1452,10:53:45,53.89,16167,3,买盘
1453,10:53:48,53.89,113169,21,买盘
1454,10:53:51,53.92,867866,161,买盘
1455,10:53:54,53.92,5392,1,中性盘
1456,10:53:57,53.99,43144,8,买盘
1457,10:54:00,53.92,21568,4,卖盘
1458,10:54:03,53.99,5399,1,买盘
1459,10:54:06,53.92,21569,4,卖盘
1460,10:54:09,53.9,53913,10,卖盘
1461,10:54:12,53.94,43145,8,买盘
1462,10:54:15,53.94,21576,4,买盘
1463,10:54:18,53.92,10785,2,卖盘
1464,10:54:30,53.94,5394,1,买盘
1465,10:54:33,53.94,48540,9,买盘
1466,10:54:36,53.94,16182,3,买盘
1467,10:54:48,53.94,10788,2,买盘
1468,10:54:54,53.95,5395,1,买盘
1469,10:54:57,53.94,26970,5,卖盘
1470,10:55:00,53.94,26971,5,卖盘
1471,10:55:03,53.94,26967,5,中性盘
1472,10:55:06,53.94,113270,21,买盘
1473,10:55:09,53.91,37755,7,卖盘
1474,10:55:15,53.94,16182,3,买盘
1475,10:55:21,53.94,5394,1,买盘
1476,10:55:27,53.93,113214,21,中性盘
1477,10:55:33,53.93,10785,2,买盘
1478,10:55:39,53.94,16181,3,买盘
1479,10:55:42,53.91,26961,5,卖盘
1480,10:55:45,53.91,145562,27,卖盘
1481,10:55:48,53.94,26970,5,买盘
1482,10:55:51,53.91,188685,35,卖盘
1483,10:55:54,53.94,5394,1,买盘
1484,10:55:57,53.91,32352,6,卖盘
1485,10:56:00,53.93,5393,1,中性盘
1486,10:56:03,53.91,5391,1,卖盘
1487,10:56:06,53.93,231813,43,买盘
1488,10:56:09,53.92,97028,18,买盘
1489,10:56:12,53.9,10780,2,卖盘
1490,10:56:15,53.91,16173,3,买盘
1491,10:56:21,53.9,129361,24,卖盘
1492,10:56:27,53.89,10778,2,卖盘
1493,10:56:33,53.89,150880,28,卖盘
1494,10:56:36,53.89,10778,2,买盘
1495,10:56:39,53.89,5389,1,买盘
1496,10:56:45,53.88,91596,17,卖盘
1497,10:56:48,53.88,16164,3,买盘
1498,10:56:51,53.87,123901,23,卖盘
1499,10:56:54,53.86,86176,16,卖盘
1500,10:56:57,53.86,43091,8,卖盘
1501,10:57:00,53.86,10772,2,卖盘
1502,10:57:03,53.86,26934,5,卖盘
1503,10:57:06,53.87,393237,73,买盘
1504,10:57:09,53.83,204660,38,卖盘
1505,10:57:12,53.86,5386,1,中性盘
1506,10:57:15,53.87,10774,2,买盘
1507,10:57:18,53.91,1261257,234,买盘
1508,10:57:21,53.91,113226,21,卖盘
1509,10:57:24,53.92,5392,1,中性盘
1510,10:57:30,53.92,43142,8,卖盘
1511,10:57:33,53.91,183303,34,卖盘
1512,10:57:36,53.91,59311,11,中性盘
1513,10:57:39,53.91,32346,6,买盘
1514,10:57:42,53.9,16171,3,卖盘
1515,10:57:45,53.89,91617,17,卖盘
1516,10:57:54,53.9,16170,3,卖盘
1517,10:57:57,53.91,10781,2,买盘
1518,10:58:06,53.91,16173,3,买盘
1519,10:58:09,53.9,10780,2,卖盘
1520,10:58:12,53.9,26950,5,卖盘
1521,10:58:15,53.9,16171,3,卖盘
1522,10:58:18,53.91,5391,1,买盘
1523,10:58:21,53.91,123972,23,买盘
1524,10:58:27,53.9,16172,3,中性盘
1525,10:58:30,53.94,426060,79,买盘
1526,10:58:33,53.95,53949,10,买盘
1527,10:58:36,53.95,5395,1,卖盘
1528,10:58:48,53.95,10790,2,买盘
1529,10:58:51,53.96,5396,1,买盘
1530,10:58:54,53.96,5396,1,买盘
1531,10:59:00,53.95,86320,16,卖盘
1532,10:59:03,53.9,53926,10,卖盘
1533,10:59:06,53.9,43120,8,买盘
1534,10:59:09,53.9,5390,1,买盘
1535,10:59:12,53.9,10780,2,买盘
1536,10:59:15,53.89,5389,1,卖盘
1537,10:59:18,53.9,5390,1,买盘
1538,10:59:21,53.89,75446,14,卖盘
1539,10:59:24,53.87,339439,63,卖盘
1540,10:59:27,53.87,21225,4,卖盘
1541,10:59:30,53.87,64627,12,买盘
1542,10:59:33,53.85,16155,3,卖盘
1543,10:59:36,53.81,118430,22,卖盘
1544,10:59:39,53.81,134603,25,卖盘
1545,10:59:42,53.8,59180,11,卖盘
1546,10:59:45,53.8,462680,86,卖盘
1547,10:59:48,53.8,96817,18,买盘
1548,10:59:51,53.8,53800,10,买盘
1549,10:59:54,53.79,145226,27,中性盘
1550,10:59:57,53.79,5379,1,买盘
1551,11:00:00,53.78,150604,28,卖盘
1552,11:00:03,53.8,118352,22,买盘
1553,11:00:06,53.81,37656,7,买盘
1554,11:00:09,53.81,10762,2,买盘
1555,11:00:12,53.82,10764,2,买盘
1556,11:00:15,53.79,48416,9,卖盘
1557,11:00:18,53.82,236685,44,买盘
1558,11:00:21,53.79,43044,8,卖盘
1559,11:00:24,53.82,69958,13,买盘
1560,11:00:27,53.84,69963,13,买盘
1561,11:00:30,53.86,5386,1,买盘
1562,11:00:36,53.86,5386,1,买盘
1563,11:00:39,53.82,150732,28,卖盘
1564,11:00:42,53.82,5382,1,买盘
1565,11:00:45,53.82,69966,13,买盘
1566,11:00:51,53.82,53820,10,买盘
1567,11:00:54,53.82,21528,4,买盘
1568,11:00:57,53.79,441096,82,卖盘
1569,11:01:00,53.78,80670,15,卖盘
1570,11:01:03,53.78,64536,12,买盘
1571,11:01:09,53.78,102181,19,买盘
1572,11:01:12,53.78,161341,30,卖盘
1573,11:01:15,53.79,5379,1,买盘
1574,11:01:21,53.78,75292,14,卖盘
1575,11:01:24,53.78,59161,11,买盘
1576,11:01:27,53.79,5379,1,买盘
1577,11:01:30,53.79,10758,2,买盘
1578,11:01:33,53.78,10756,2,卖盘
1579,11:01:39,53.78,75297,14,卖盘
1580,11:01:42,53.78,21512,4,买盘
1581,11:01:48,53.79,236686,44,买盘
1582,11:01:51,53.79,64553,12,卖盘
1583,11:01:57,53.79,5379,1,卖盘
1584,11:02:00,53.81,48414,9,买盘
1585,11:02:03,53.79,48411,9,买盘
1586,11:02:06,53.8,16140,3,买盘
1587,11:02:09,53.79,16137,3,卖盘
1588,11:02:12,53.79,69918,13,中性盘
1589,11:02:18,53.79,59171,11,卖盘
1590,11:02:21,53.8,161370,30,买盘
1591,11:02:24,53.81,5381,1,买盘
1592,11:02:33,53.81,161429,30,买盘
1593,11:02:36,53.82,16145,3,买盘
1594,11:02:39,53.81,96859,18,卖盘
1595,11:02:48,53.82,16146,3,买盘
1596,11:02:54,53.8,419692,78,卖盘
1597,11:02:57,53.8,75320,14,买盘
1598,11:03:00,53.8,150626,28,买盘
1599,11:03:03,53.8,59180,11,买盘
1600,11:03:06,53.8,199042,37,买盘
1601,11:03:09,53.8,43040,8,买盘
1602,11:03:15,53.8,16140,3,卖盘
1603,11:03:18,53.8,26900,5,买盘
1604,11:03:21,53.8,112964,21,买盘
1605,11:03:24,53.8,16140,3,买盘
1606,11:03:27,53.79,32279,6,卖盘
1607,11:03:30,53.79,107580,20,卖盘
1608,11:03:33,53.8,53800,10,买盘
1609,11:03:39,53.8,10760,2,卖盘
1610,11:03:42,53.8,69938,13,买盘
1611,11:03:45,53.79,10758,2,卖盘
1612,11:03:48,53.8,69940,13,买盘
1613,11:03:51,53.79,26895,5,卖盘
1614,11:03:54,53.8,5380,1,中性盘
1615,11:03:57,53.8,16140,3,卖盘
1616,11:04:00,53.8,43040,8,卖盘
1617,11:04:03,53.79,5379,1,卖盘
1618,11:04:06,53.78,242055,45,卖盘
1619,11:04:09,53.79,64542,12,买盘
1620,11:04:12,53.78,102182,19,卖盘
1621,11:04:15,53.79,75299,14,买盘
1622,11:04:18,53.79,5379,1,买盘
1623,11:04:21,53.78,59158,11,卖盘
1624,11:04:24,53.78,10755,2,买盘
1625,11:04:27,53.78,26889,5,买盘
1626,11:04:33,53.78,59157,11,买盘
1627,11:04:39,53.78,75292,14,卖盘
1628,11:04:42,53.78,32268,6,买盘
1629,11:04:45,53.78,274238,51,买盘
1630,11:04:48,53.78,37644,7,买盘
1631,11:04:51,53.78,37644,7,买盘
1632,11:04:54,53.75,177418,33,卖盘
1633,11:05:00,53.75,258002,48,卖盘
1634,11:05:03,53.75,64500,12,卖盘
1635,11:05:06,53.72,145074,27,卖盘
1636,11:05:09,53.75,26863,5,买盘
1637,11:05:15,53.74,69853,13,中性盘
1638,11:05:18,53.74,32244,6,买盘
1639,11:05:21,53.73,102075,19,卖盘
1640,11:05:24,53.71,123547,23,卖盘
1641,11:05:27,53.73,26865,5,买盘
1642,11:05:30,53.71,241695,45,卖盘
1643,11:05:33,53.71,69818,13,买盘
1644,11:05:39,53.71,32225,6,卖盘
1645,11:05:42,53.71,80557,15,买盘
1646,11:05:45,53.71,155746,29,卖盘
1647,11:05:48,53.72,69815,13,买盘
1648,11:05:51,53.7,26853,5,卖盘
1649,11:05:54,53.7,10740,2,卖盘
1650,11:05:57,53.71,5371,1,买盘
1651,11:06:00,53.7,53700,10,卖盘
1652,11:06:03,53.71,32226,6,买盘
1653,11:06:06,53.7,123535,23,卖盘
1654,11:06:09,53.71,75200,14,卖盘
1655,11:06:12,53.72,13428,3,买盘
1656,11:06:15,53.74,59092,11,买盘
1657,11:06:18,53.74,32241,6,买盘
1658,11:06:21,53.7,166547,31,卖盘
1659,11:06:24,53.74,1418011,264,买盘
1660,11:06:27,53.75,48371,9,买盘
1661,11:06:30,53.75,5375,1,买盘
1662,11:06:33,53.74,5374,1,卖盘
1663,11:06:36,53.75,26874,5,买盘
1664,11:06:39,53.74,80611,15,卖盘
1665,11:06:42,53.74,5374,1,买盘
1666,11:06:45,53.74,80609,15,买盘
1667,11:06:51,53.74,198808,37,买盘
1668,11:06:54,53.75,21500,4,买盘
1669,11:06:57,53.75,16124,3,买盘
1670,11:07:00,53.74,26870,5,卖盘
1671,11:07:03,53.74,37617,7,买盘
1672,11:07:06,53.75,42992,8,买盘
1673,11:07:09,53.75,43004,8,卖盘
1674,11:07:15,53.76,16128,3,买盘
1675,11:07:18,53.76,48379,9,买盘
1676,11:07:21,53.76,102133,19,买盘
1677,11:07:24,53.75,10751,2,卖盘
1678,11:07:27,53.76,10752,2,买盘
1679,11:07:30,53.76,16128,3,买盘
1680,11:07:36,53.77,10753,2,买盘
1681,11:07:39,53.76,53760,10,卖盘
1682,11:07:48,53.77,53770,10,买盘
1683,11:07:51,53.76,5376,1,卖盘
1684,11:07:54,53.77,5377,1,买盘
1685,11:07:57,53.76,21504,4,卖盘
1686,11:08:00,53.76,37632,7,卖盘
1687,11:08:03,53.77,53765,10,买盘
1688,11:08:09,53.77,5377,1,买盘
1689,11:08:12,53.77,26885,5,买盘
1690,11:08:21,53.77,59137,11,买盘
1691,11:08:27,53.77,10754,2,买盘
1692,11:08:30,53.77,5377,1,买盘
1693,11:08:36,53.77,21508,4,买盘
1694,11:08:39,53.76,96774,18,卖盘
1695,11:08:42,53.76,48384,9,卖盘
1696,11:08:48,53.77,5377,1,买盘
1697,11:08:51,53.75,26879,5,卖盘
1698,11:08:54,53.75,21501,4,卖盘
1699,11:08:57,53.77,48392,9,买盘
1700,11:09:00,53.77,53766,10,卖盘
1701,11:09:03,53.75,48375,9,卖盘
1702,11:09:09,53.76,59146,11,卖盘
1703,11:09:12,53.77,48384,9,买盘
1704,11:09:15,53.77,32257,6,买盘
1705,11:09:21,53.77,32264,6,卖盘
1706,11:09:24,53.77,43007,8,买盘
1707,11:09:27,53.8,37645,7,买盘
1708,11:09:30,53.77,5377,1,卖盘
1709,11:09:39,53.79,16136,3,买盘
1710,11:09:42,53.77,21508,4,卖盘
1711,11:09:45,53.77,5377,1,买盘
1712,11:09:48,53.77,5377,1,买盘
1713,11:09:54,53.76,64513,12,卖盘
1714,11:09:57,53.77,10754,2,买盘
1715,11:10:00,53.76,123647,23,卖盘
1716,11:10:03,53.75,236502,44,卖盘
1717,11:10:06,53.75,241875,45,卖盘
1718,11:10:09,53.74,80610,15,卖盘
1719,11:10:12,53.74,26869,5,买盘
1720,11:10:15,53.73,37613,7,卖盘
1721,11:10:18,53.74,16120,3,买盘
1722,11:10:21,53.73,26865,5,卖盘
1723,11:10:24,53.75,69863,13,买盘
1724,11:10:27,53.75,139769,26,卖盘
1725,11:10:30,53.76,5376,1,买盘
1726,11:10:33,53.76,43001,8,买盘
1727,11:10:39,53.75,59126,11,卖盘
1728,11:10:45,53.76,10752,2,买盘
1729,11:10:48,53.76,10752,2,买盘
1730,11:10:51,53.76,37632,7,买盘
1731,11:10:57,53.77,161307,30,买盘
1732,11:11:00,53.76,10752,2,卖盘
1733,11:11:06,53.76,5376,1,买盘
1734,11:11:12,53.76,26880,5,买盘
1735,11:11:15,53.75,26876,5,卖盘
1736,11:11:18,53.73,171958,32,卖盘
1737,11:11:21,53.73,75235,14,卖盘
1738,11:11:27,53.75,16121,3,买盘
1739,11:11:30,53.73,26865,5,卖盘
1740,11:11:39,53.73,42984,8,卖盘
1741,11:11:42,53.73,42984,8,买盘
1742,11:11:45,53.73,53730,10,买盘
1743,11:11:48,53.74,5374,1,买盘
1744,11:11:51,53.74,21496,4,卖盘
1745,11:11:54,53.74,21496,4,卖盘
1746,11:11:57,53.75,21500,4,买盘
1747,11:12:00,53.75,43000,8,卖盘
1748,11:12:03,53.74,5374,1,卖盘
1749,11:12:09,53.73,85980,16,卖盘
1750,11:12:15,53.73,16117,3,买盘
1751,11:12:18,53.73,5373,1,买盘
1752,11:12:21,53.72,102077,19,卖盘
1753,11:12:24,53.73,48349,9,买盘
1754,11:12:27,53.72,85953,16,卖盘
1755,11:12:30,53.72,10744,2,买盘
1756,11:12:33,53.72,26858,5,买盘
1757,11:12:36,53.72,32228,6,买盘
1758,11:12:39,53.71,91314,17,卖盘
1759,11:12:42,53.71,26855,5,卖盘
1760,11:12:45,53.72,48341,9,买盘
1761,11:12:48,53.72,16116,3,买盘
1762,11:12:51,53.71,85936,16,卖盘
1763,11:12:54,53.72,16116,3,买盘
1764,11:12:57,53.72,5372,1,买盘
1765,11:13:00,53.71,75194,14,卖盘
1766,11:13:03,53.71,26855,5,卖盘
1767,11:13:06,53.71,53711,10,卖盘
1768,11:13:09,53.72,5372,1,买盘
1769,11:13:12,53.71,102049,19,卖盘
1770,11:13:15,53.7,5370,1,卖盘
1771,11:13:18,53.7,37590,7,卖盘
1772,11:13:21,53.71,64442,12,买盘
1773,11:13:27,53.71,16113,3,买盘
1774,11:13:30,53.71,53710,10,买盘
1775,11:13:36,53.71,21484,4,买盘
1776,11:13:39,53.7,784022,146,卖盘
1777,11:13:42,53.71,139625,26,买盘
1778,11:13:45,53.7,32225,6,卖盘
1779,11:13:48,53.7,408122,76,卖盘
1780,11:13:51,53.7,1028335,192,卖盘
1781,11:13:54,53.69,16109,3,卖盘
1782,11:13:57,53.7,5370,1,买盘
1783,11:14:00,53.69,37582,7,卖盘
1784,11:14:03,53.69,21476,4,买盘
1785,11:14:06,53.68,64426,12,卖盘
1786,11:14:09,53.68,48312,9,卖盘
1787,11:14:12,53.69,16107,3,买盘
1788,11:14:15,53.68,305978,57,卖盘
1789,11:14:18,53.67,5367,1,卖盘
1790,11:14:21,53.67,53670,10,卖盘
1791,11:14:24,53.66,32199,6,卖盘
1792,11:14:27,53.67,21465,4,买盘
1793,11:14:33,53.66,75124,14,卖盘
1794,11:14:36,53.65,182437,34,卖盘
1795,11:14:39,53.65,80477,15,卖盘
1796,11:14:42,53.65,214601,40,卖盘
1797,11:14:45,53.67,91209,17,买盘
1798,11:14:48,53.64,348660,65,卖盘
1799,11:14:51,53.65,80494,15,卖盘
1800,11:14:54,53.67,16103,3,中性盘
1801,11:15:00,53.67,101985,19,卖盘
1802,11:15:03,53.69,21475,4,买盘
1803,11:15:06,53.68,37579,7,卖盘
1804,11:15:09,53.68,59034,11,中性盘
1805,11:15:12,53.66,101954,19,卖盘
1806,11:15:15,53.66,32201,6,卖盘
1807,11:15:21,53.68,80511,15,中性盘
1808,11:15:24,53.69,48316,9,买盘
1809,11:15:27,53.67,101996,19,卖盘
1810,11:15:30,53.68,16104,3,中性盘
1811,11:15:33,53.68,64413,12,买盘
1812,11:15:36,53.68,10736,2,买盘
1813,11:15:39,53.67,42941,8,卖盘
1814,11:15:42,53.68,59039,11,买盘
1815,11:15:45,53.68,53679,10,买盘
1816,11:15:48,53.68,112732,21,买盘
1817,11:15:54,53.69,10738,2,买盘
1818,11:15:57,53.68,80520,15,卖盘
1819,11:16:00,53.67,53670,10,卖盘
1820,11:16:03,53.68,10736,2,买盘
1821,11:16:06,53.68,5368,1,买盘
1822,11:16:09,53.67,75147,14,卖盘
1823,11:16:12,53.68,16102,3,买盘
1824,11:16:15,53.68,64416,12,买盘
1825,11:16:18,53.68,26837,5,买盘
1826,11:16:21,53.67,53670,10,卖盘
1827,11:16:24,53.68,59048,11,买盘
1828,11:16:30,53.67,5367,1,卖盘
1829,11:16:33,53.68,48312,9,买盘
1830,11:16:36,53.68,123464,23,买盘
1831,11:16:39,53.67,59040,11,卖盘
1832,11:16:42,53.68,21470,4,买盘
1833,11:16:45,53.68,5368,1,买盘
1834,11:16:48,53.67,42942,8,卖盘
1835,11:16:51,53.68,16104,3,买盘
1836,11:16:54,53.68,16103,3,买盘
1837,11:16:57,53.67,252250,47,卖盘
1838,11:17:00,53.66,42928,8,卖盘
1839,11:17:03,53.67,10734,2,买盘
1840,11:17:06,53.67,16101,3,买盘
1841,11:17:09,53.67,69760,13,买盘
1842,11:17:15,53.66,112687,21,卖盘
1843,11:17:21,53.66,59027,11,卖盘
1844,11:17:24,53.66,96585,18,卖盘
1845,11:17:27,53.67,128788,24,买盘
1846,11:17:30,53.68,118078,22,买盘
1847,11:17:33,53.67,37572,7,卖盘
1848,11:17:36,53.72,193312,36,买盘
1849,11:17:39,53.7,42968,8,卖盘
1850,11:17:48,53.7,91300,17,卖盘
1851,11:17:51,53.68,5368,1,卖盘
1852,11:17:54,53.7,10740,2,买盘
1853,11:18:00,53.68,37581,7,卖盘
1854,11:18:03,53.68,139568,26,卖盘
1855,11:18:06,53.7,144990,27,买盘
1856,11:18:09,53.72,26860,5,买盘
1857,11:18:12,53.69,128873,24,卖盘
1858,11:18:15,53.71,16114,3,中性盘
1859,11:18:18,53.72,64464,12,买盘
1860,11:18:21,53.72,21488,4,卖盘
1861,11:18:27,53.74,10748,2,买盘
1862,11:18:30,53.74,295621,55,买盘
1863,11:18:36,53.76,21504,4,中性盘
1864,11:18:39,53.75,26877,5,卖盘
1865,11:18:42,53.75,16124,3,买盘
1866,11:18:45,53.76,32256,6,买盘
1867,11:18:57,53.77,59147,11,买盘
1868,11:19:00,53.77,32258,6,买盘
1869,11:19:09,53.78,26890,5,买盘
1870,11:19:15,53.77,5377,1,卖盘
1871,11:19:18,53.77,150531,28,买盘
1872,11:19:21,53.76,43010,8,卖盘
1873,11:19:24,53.77,64512,12,卖盘
1874,11:19:27,53.76,10752,2,卖盘
1875,11:19:33,53.76,10752,2,卖盘
1876,11:19:36,53.77,10754,2,买盘
1877,11:19:39,53.76,48389,9,卖盘
1878,11:19:45,53.77,16131,3,买盘
1879,11:19:51,53.77,5377,1,买盘
1880,11:19:54,53.76,16128,3,卖盘
1881,11:19:57,53.77,5377,1,买盘
1882,11:20:00,53.72,510482,95,卖盘
1883,11:20:03,53.68,161083,30,卖盘
1884,11:20:09,53.7,5370,1,买盘
1885,11:20:12,53.69,37585,7,卖盘
1886,11:20:15,53.69,16110,3,卖盘
1887,11:20:18,53.7,5370,1,买盘
1888,11:20:21,53.72,37600,7,买盘
1889,11:20:24,53.72,10744,2,买盘
1890,11:20:27,53.72,5372,1,买盘
1891,11:20:30,53.72,48348,9,买盘
1892,11:20:36,53.72,96696,18,买盘
1893,11:20:39,53.73,161164,30,买盘
1894,11:20:42,53.77,48361,9,买盘
1895,11:20:45,53.73,59107,11,卖盘
1896,11:20:48,53.75,5375,1,中性盘
1897,11:20:51,53.75,10750,2,买盘
1898,11:20:54,53.76,16127,3,买盘
1899,11:20:57,53.76,5376,1,买盘
1900,11:21:00,53.75,26876,5,卖盘
1901,11:21:03,53.76,10752,2,买盘
1902,11:21:06,53.76,16128,3,买盘
1903,11:21:09,53.75,37626,7,卖盘
1904,11:21:12,53.75,5375,1,卖盘
1905,11:21:21,53.76,32252,6,买盘
1906,11:21:24,53.76,107508,20,买盘
1907,11:21:30,53.76,16128,3,卖盘
1908,11:21:33,53.77,21506,4,买盘
1909,11:21:36,53.75,10751,2,卖盘
1910,11:21:39,53.76,10752,2,卖盘
1911,11:21:45,53.76,16128,3,买盘
1912,11:21:48,53.75,123622,23,卖盘
1913,11:21:54,53.74,21496,4,买盘
1914,11:21:57,53.73,161191,30,卖盘
1915,11:22:00,53.73,21492,4,卖盘
1916,11:22:03,53.75,69871,13,买盘
1917,11:22:06,53.77,1214813,226,买盘
1918,11:22:09,53.76,177432,33,卖盘
1919,11:22:12,53.78,5378,1,买盘
1920,11:22:15,53.74,257990,48,卖盘
1921,11:22:18,53.78,5378,1,买盘
1922,11:22:21,53.75,16125,3,卖盘
1923,11:22:24,53.74,10749,2,卖盘
1924,11:22:27,53.75,10750,2,卖盘
1925,11:22:30,53.75,10750,2,买盘
1926,11:22:33,53.76,32252,6,买盘
1927,11:22:36,53.75,16125,3,中性盘
1928,11:22:39,53.75,59132,11,卖盘
1929,11:22:42,53.76,10752,2,买盘
1930,11:22:48,53.78,10756,2,买盘
1931,11:22:57,53.78,10754,2,买盘
1932,11:23:00,53.78,37638,7,买盘
1933,11:23:06,53.78,5378,1,卖盘
1934,11:23:09,53.8,53788,10,买盘
1935,11:23:12,53.78,10757,2,卖盘
1936,11:23:15,53.78,37646,7,卖盘
1937,11:23:18,53.78,5378,1,卖盘
1938,11:23:21,53.78,21512,4,卖盘
1939,11:23:27,53.8,5380,1,买盘
1940,11:23:33,53.81,96851,18,买盘
1941,11:23:39,53.85,59218,11,买盘
1942,11:23:45,53.81,866356,161,卖盘
1943,11:23:48,53.8,32285,6,卖盘
1944,11:23:51,53.81,10761,2,买盘
1945,11:23:54,53.81,16143,3,买盘
1946,11:23:57,53.81,166811,31,买盘
1947,11:24:00,53.83,32306,6,中性盘
1948,11:24:03,53.89,26939,5,买盘
1949,11:24:09,53.83,5383,1,卖盘
1950,11:24:12,53.89,32322,6,买盘
1951,11:24:18,53.9,5390,1,买盘
1952,11:24:21,53.89,21556,4,卖盘
1953,11:24:24,53.92,26952,5,买盘
1954,11:24:27,53.94,10788,2,买盘
1955,11:24:30,53.81,328522,61,卖盘
1956,11:24:33,53.9,16170,3,卖盘
1957,11:24:36,53.93,10785,2,买盘
1958,11:24:39,53.9,21562,4,卖盘
1959,11:24:42,53.92,10783,2,买盘
1960,11:24:51,53.93,10786,2,买盘
1961,11:24:54,53.93,5393,1,买盘
1962,11:24:57,53.9,5390,1,卖盘
1963,11:25:00,53.9,21560,4,卖盘
1964,11:25:03,53.92,10784,2,买盘
1965,11:25:06,53.9,21560,4,卖盘
1966,11:25:09,53.92,53903,10,买盘
1967,11:25:12,53.9,10780,2,卖盘
1968,11:25:15,53.92,26957,5,买盘
1969,11:25:21,53.91,5391,1,卖盘
1970,11:25:27,53.92,21565,4,买盘
1971,11:25:30,53.93,16178,3,买盘
1972,11:25:33,53.92,21568,4,买盘
1973,11:25:39,53.92,37749,7,卖盘
1974,11:25:42,53.93,48533,9,买盘
1975,11:25:51,53.94,16182,3,买盘
1976,11:25:54,53.94,5394,1,买盘
1977,11:25:57,53.94,16182,3,买盘
1978,11:26:00,53.93,21572,4,卖盘
1979,11:26:09,53.93,134833,25,卖盘
1980,11:26:15,53.94,32359,6,买盘
1981,11:26:18,53.93,760317,141,卖盘
1982,11:26:21,53.84,16154,3,卖盘
1983,11:26:27,53.85,5385,1,买盘
1984,11:26:30,53.85,5385,1,买盘
1985,11:26:39,53.85,21540,4,卖盘
1986,11:26:48,53.86,5386,1,买盘
1987,11:26:54,53.84,43077,8,卖盘
1988,11:27:00,53.85,21541,4,卖盘
1989,11:27:03,53.85,10770,2,买盘
1990,11:27:06,53.83,16151,3,卖盘
1991,11:27:09,53.83,16150,3,卖盘
1992,11:27:15,53.83,16151,3,卖盘
1993,11:27:18,53.85,48455,9,买盘
1994,11:27:21,53.82,21528,4,卖盘
1995,11:27:30,53.83,5383,1,卖盘
1996,11:27:33,53.84,10767,2,买盘
1997,11:27:39,53.82,10765,2,卖盘
1998,11:27:42,53.82,10764,2,卖盘
1999,11:27:45,53.82,5382,1,卖盘
2000,11:27:48,53.85,5385,1,买盘
2001,11:27:54,53.82,32293,6,卖盘
2002,11:27:57,53.82,16146,3,卖盘
2003,11:28:00,53.82,26913,5,卖盘
2004,11:28:09,53.82,16146,3,卖盘
2005,11:28:21,53.81,145355,27,卖盘
2006,11:28:27,53.81,21524,4,卖盘
2007,11:28:33,53.84,5384,1,中性盘
2008,11:28:36,53.86,32312,6,买盘
2009,11:28:39,53.83,113042,21,买盘
2010,11:28:42,53.83,32292,6,买盘
2011,11:28:51,53.83,53830,10,买盘
2012,11:29:00,53.81,32288,6,卖盘
2013,11:29:06,53.82,16146,3,买盘
2014,11:29:12,53.81,53810,10,卖盘
2015,11:29:15,53.81,59201,11,卖盘
2016,11:29:21,53.8,26902,5,卖盘
2017,11:29:24,53.8,21520,4,卖盘
2018,11:29:27,53.81,10762,2,买盘
2019,11:29:30,53.82,10764,2,买盘
2020,11:29:36,53.82,21526,4,买盘
2021,11:29:39,53.81,21524,4,卖盘
2022,11:29:42,53.82,16144,3,买盘
2023,11:29:45,53.81,10763,2,卖盘
2024,11:30:00,53.81,21524,4,卖盘
2025,13:00:00,53.82,1081516,201,买盘
2026,13:00:03,53.85,586622,109,买盘
2027,13:00:06,53.88,37695,7,买盘
2028,13:00:09,53.85,5385,1,买盘
2029,13:00:12,53.85,5385,1,买盘
2030,13:00:15,53.85,26925,5,买盘
2031,13:00:18,53.86,59237,11,买盘
2032,13:00:21,53.87,5387,1,卖盘
2033,13:00:30,53.86,10773,2,卖盘
2034,13:00:36,53.86,10772,2,买盘
2035,13:00:39,53.86,5386,1,卖盘
2036,13:00:42,53.85,26926,5,卖盘
2037,13:00:57,53.86,5386,1,买盘
2038,13:01:00,53.85,75402,14,卖盘
2039,13:01:03,53.86,26927,5,买盘
2040,13:01:12,53.87,10774,2,买盘
2041,13:01:18,53.87,16161,3,卖盘
2042,13:01:21,53.87,48485,9,卖盘
2043,13:01:24,53.86,86181,16,卖盘
2044,13:01:27,53.87,16162,3,买盘
2045,13:01:30,53.86,5386,1,卖盘
2046,13:01:36,53.88,53878,10,买盘
2047,13:01:39,53.9,48503,9,买盘
2048,13:01:42,53.91,32335,6,买盘
2049,13:01:45,53.91,5391,1,买盘
2050,13:01:48,53.91,32346,6,买盘
2051,13:01:51,53.94,328854,61,买盘
2052,13:01:54,53.98,37776,7,买盘
2053,13:01:57,53.98,5398,1,买盘
2054,13:02:00,53.96,10792,2,卖盘
2055,13:02:03,53.95,10791,2,卖盘
2056,13:02:06,53.91,64726,12,卖盘
2057,13:02:15,53.91,5391,1,卖盘
2058,13:02:18,53.93,80899,15,中性盘
2059,13:02:21,53.91,26961,5,卖盘
2060,13:02:24,53.94,59334,11,买盘
2061,13:02:27,53.94,16179,3,买盘
2062,13:02:33,53.94,16182,3,买盘
2063,13:02:36,53.94,75516,14,卖盘
2064,13:02:39,53.94,5394,1,买盘
2065,13:02:42,53.92,150998,28,卖盘
2066,13:02:45,53.94,10788,2,买盘
2067,13:02:48,53.94,26970,5,买盘
2068,13:02:51,53.94,75506,14,买盘
2069,13:02:54,53.94,5394,1,买盘
2070,13:02:57,53.94,5394,1,买盘
2071,13:03:03,53.93,32361,6,卖盘
2072,13:03:06,53.94,32364,6,买盘
2073,13:03:09,53.93,5393,1,卖盘
2074,13:03:15,53.92,26960,5,卖盘
2075,13:03:21,53.93,16179,3,卖盘
2076,13:03:24,53.94,5394,1,买盘
2077,13:03:27,53.94,10788,2,买盘
2078,13:03:30,53.94,16182,3,买盘
2079,13:03:33,54.0,442587,82,买盘
2080,13:03:36,54.0,43200,8,买盘
2081,13:03:39,54.0,10800,2,买盘
2082,13:03:42,54.0,64798,12,买盘
2083,13:03:45,54.0,16200,3,买盘
2084,13:03:48,53.99,53990,10,卖盘
2085,13:03:51,54.0,145799,27,买盘
2086,13:03:54,54.02,5402,1,中性盘
2087,13:03:57,54.02,5402,1,买盘
2088,13:04:03,54.0,10800,2,卖盘
2089,13:04:06,54.02,10803,2,买盘
2090,13:04:09,54.02,48616,9,买盘
2091,13:04:12,54.02,10804,2,买盘
2092,13:04:18,54.06,37842,7,买盘
2093,13:04:21,54.06,27022,5,买盘
2094,13:04:24,54.06,32436,6,买盘
2095,13:04:30,54.06,37842,7,买盘
2096,13:04:33,54.02,32429,6,卖盘
2097,13:04:39,54.06,27030,5,买盘
2098,13:04:42,54.02,59444,11,卖盘
2099,13:04:45,54.02,10808,2,卖盘
2100,13:04:48,54.02,86432,16,卖盘
2101,13:04:51,54.02,10804,2,买盘
2102,13:04:54,54.01,75627,14,卖盘
2103,13:04:57,54.03,27019,5,中性盘
2104,13:05:03,54.03,16209,3,卖盘
2105,13:05:09,54.02,10805,2,卖盘
2106,13:05:12,54.03,10806,2,买盘
2107,13:05:15,54.03,5403,1,卖盘
2108,13:05:18,54.03,10806,2,卖盘
2109,13:05:21,54.03,10806,2,卖盘
2110,13:05:24,54.04,54038,10,买盘
2111,13:05:27,54.03,16209,3,卖盘
2112,13:05:30,54.04,59436,11,买盘
2113,13:05:33,54.03,21611,4,中性盘
2114,13:05:36,54.03,37821,7,买盘
2115,13:05:39,54.03,5403,1,买盘
2116,13:05:42,54.03,16209,3,卖盘
2117,13:05:57,54.04,5404,1,中性盘
2118,13:06:00,54.04,10808,2,卖盘
2119,13:06:03,54.05,10810,2,买盘
2120,13:06:06,54.05,5405,1,买盘
2121,13:06:09,54.05,32430,6,买盘
2122,13:06:12,54.05,16215,3,卖盘
2123,13:06:15,54.05,5405,1,卖盘
2124,13:06:18,54.05,16215,3,买盘
2125,13:06:21,54.05,16213,3,中性盘
2126,13:06:24,54.05,21620,4,买盘
2127,13:06:27,54.05,5405,1,买盘
2128,13:06:30,54.05,5405,1,买盘
2129,13:06:33,54.05,10810,2,卖盘
2130,13:06:39,54.02,291789,54,卖盘
2131,13:06:42,54.03,16205,3,买盘
2132,13:06:45,54.01,5401,1,卖盘
2133,13:06:51,54.03,10806,2,买盘
2134,13:06:57,54.03,5403,1,买盘
2135,13:07:00,54.03,27015,5,买盘
2136,13:07:03,54.02,21608,4,卖盘
2137,13:07:06,54.02,16206,3,买盘
2138,13:07:09,54.01,10803,2,卖盘
2139,13:07:12,54.01,32406,6,卖盘
2140,13:07:15,54.0,86406,16,卖盘
2141,13:07:18,54.0,75600,14,卖盘
2142,13:07:21,53.99,302393,56,卖盘
2143,13:07:24,53.98,16195,3,卖盘
2144,13:07:30,53.97,43180,8,卖盘
2145,13:07:33,53.98,10796,2,买盘
2146,13:07:36,53.97,32382,6,卖盘
2147,13:07:39,53.97,10794,2,买盘
2148,13:07:42,53.97,37779,7,买盘
2149,13:07:45,53.97,26987,5,买盘
2150,13:07:48,53.99,21592,4,买盘
2151,13:07:51,54.0,10800,2,买盘
2152,13:07:57,53.97,113347,21,卖盘
2153,13:08:00,53.95,21582,4,卖盘
2154,13:08:03,54.0,237518,44,买盘
2155,13:08:06,53.94,506838,94,中性盘
2156,13:08:09,53.95,37747,7,买盘
2157,13:08:18,53.93,102439,19,中性盘
2158,13:08:21,53.95,21578,4,买盘
2159,13:08:30,53.95,32370,6,买盘
2160,13:08:36,53.93,86288,16,卖盘
2161,13:08:39,53.95,16184,3,买盘
2162,13:08:42,53.93,10786,2,卖盘
2163,13:08:57,53.92,248077,46,卖盘
2164,13:09:00,53.93,5393,1,买盘
2165,13:09:03,53.91,37737,7,卖盘
2166,13:09:06,53.89,194040,36,卖盘
2167,13:09:09,53.91,37731,7,买盘
2168,13:09:12,53.91,5391,1,买盘
2169,13:09:15,53.9,16170,3,卖盘
2170,13:09:18,53.9,26950,5,卖盘
2171,13:09:27,53.89,10779,2,卖盘
2172,13:09:30,53.89,26946,5,卖盘
2173,13:09:33,53.92,134766,25,买盘
2174,13:09:36,53.89,48501,9,卖盘
2175,13:09:48,53.88,5388,1,卖盘
2176,13:09:54,53.89,10778,2,买盘
2177,13:09:57,53.89,107780,20,卖盘
2178,13:10:00,53.88,5388,1,卖盘
2179,13:10:03,53.88,5388,1,卖盘
2180,13:10:06,53.89,10778,2,买盘
2181,13:10:09,53.88,53880,10,卖盘
2182,13:10:12,53.91,16173,3,买盘
2183,13:10:18,53.89,86224,16,卖盘
2184,13:10:21,53.91,21566,4,中性盘
2185,13:10:24,53.91,64704,12,卖盘
2186,13:10:27,53.95,5395,1,买盘
2187,13:10:36,53.92,10784,2,卖盘
2188,13:10:39,53.92,5392,1,买盘
2189,13:10:45,53.92,32352,6,买盘
2190,13:10:48,53.92,16176,3,买盘
2191,13:10:51,53.92,21568,4,买盘
2192,13:10:57,53.92,37745,7,卖盘
2193,13:11:03,53.92,53920,10,买盘
2194,13:11:09,53.92,32352,6,卖盘
2195,13:11:12,53.92,16176,3,卖盘
2196,13:11:18,53.91,97038,18,卖盘
2197,13:11:21,53.91,10782,2,卖盘
2198,13:11:24,53.92,10783,2,买盘
2199,13:11:27,53.91,10783,2,卖盘
2200,13:11:30,53.91,5391,1,卖盘
2201,13:11:33,53.91,16173,3,卖盘
2202,13:11:36,53.91,32346,6,卖盘
2203,13:11:45,53.91,5391,1,买盘
2204,13:11:54,53.91,10782,2,买盘
2205,13:11:57,53.91,150933,28,中性盘
2206,13:12:03,53.91,21564,4,卖盘
2207,13:12:09,53.91,167121,31,卖盘
2208,13:12:12,53.92,10783,2,买盘
2209,13:12:15,53.91,5391,1,卖盘
2210,13:12:18,53.9,86240,16,卖盘
2211,13:12:27,53.91,10782,2,买盘
2212,13:12:30,53.91,21562,4,买盘
2213,13:12:36,53.9,16170,3,卖盘
2214,13:12:42,53.89,16167,3,卖盘
2215,13:12:54,53.9,32340,6,买盘
2216,13:12:57,53.89,145518,27,卖盘
2217,13:13:00,53.9,10781,2,中性盘
2218,13:13:03,53.9,5390,1,买盘
2219,13:13:06,53.9,16170,3,买盘
2220,13:13:09,53.9,134726,25,中性盘
2221,13:13:12,53.91,102421,19,买盘
2222,13:13:15,53.91,59303,11,买盘
2223,13:13:18,53.9,43120,8,卖盘
2224,13:13:21,53.9,10780,2,买盘
2225,13:13:27,53.9,5390,1,买盘
2226,13:13:30,53.9,21560,4,买盘
2227,13:13:33,53.92,167098,31,买盘
2228,13:13:36,53.89,86224,16,卖盘
2229,13:13:39,53.91,5391,1,买盘
2230,13:13:42,53.89,107780,20,卖盘
2231,13:13:48,53.89,10778,2,卖盘
2232,13:13:51,53.89,129336,24,卖盘
2233,13:13:54,53.9,14121,3,买盘
2234,13:13:57,53.9,2048,0,卖盘
2235,13:14:00,53.9,10779,2,买盘
2236,13:14:03,53.88,183208,34,卖盘
2237,13:14:06,53.88,113148,21,卖盘
2238,13:14:09,53.86,145446,27,卖盘
2239,13:14:12,53.86,37703,7,卖盘
2240,13:14:15,53.85,26925,5,卖盘
2241,13:14:18,53.85,75390,14,卖盘
2242,13:14:21,53.82,26917,5,卖盘
2243,13:14:24,53.85,64593,12,买盘
2244,13:14:27,53.78,1544153,287,卖盘
2245,13:14:30,53.78,69914,13,买盘
2246,13:14:33,53.78,69907,13,买盘
2247,13:14:36,53.77,26889,5,卖盘
2248,13:14:42,53.78,59149,11,买盘
2249,13:14:45,53.8,51738,10,买盘
2250,13:14:48,53.78,5378,1,卖盘
2251,13:14:57,53.78,32270,6,卖盘
2252,13:15:00,53.78,123695,23,卖盘
2253,13:15:03,53.78,21513,4,卖盘
2254,13:15:06,53.78,16134,3,卖盘
2255,13:15:09,53.79,16135,3,买盘
2256,13:15:12,53.79,48406,9,买盘
2257,13:15:15,53.79,10760,2,卖盘
2258,13:15:18,53.79,21516,4,卖盘
2259,13:15:21,53.79,5379,1,买盘
2260,13:15:30,53.79,26895,5,买盘
2261,13:15:33,53.78,5378,1,卖盘
2262,13:15:36,53.79,21516,4,卖盘
2263,13:15:42,53.75,134422,25,卖盘
2264,13:15:45,53.76,5376,1,买盘
2265,13:15:54,53.74,601941,112,卖盘
2266,13:15:57,53.74,118247,22,卖盘
2267,13:16:00,53.75,10753,2,中性盘
2268,13:16:03,53.74,43007,8,卖盘
2269,13:16:06,53.74,16122,3,卖盘
2270,13:16:12,53.74,1890582,352,卖盘
2271,13:16:15,53.74,91401,17,卖盘
2272,13:16:18,53.74,161322,30,卖盘
2273,13:16:24,53.79,32274,6,卖盘
2274,13:16:30,53.78,5378,1,卖盘
2275,13:16:36,53.78,21513,4,卖盘
2276,13:16:42,53.78,16134,3,买盘
2277,13:16:45,53.78,16133,3,买盘
2278,13:16:48,53.78,26890,5,买盘
2279,13:16:57,53.78,64544,12,卖盘
2280,13:17:00,53.78,5378,1,买盘
2281,13:17:03,53.82,32292,6,中性盘
2282,13:17:12,53.78,16134,3,卖盘
2283,13:17:18,53.78,21512,4,卖盘
2284,13:17:21,53.78,16134,3,买盘
2285,13:17:24,53.78,5378,1,买盘
2286,13:17:27,53.78,26890,5,买盘
2287,13:17:36,53.78,53780,10,卖盘
2288,13:17:39,53.81,10759,2,买盘
2289,13:17:42,53.78,5378,1,卖盘
2290,13:17:45,53.81,10761,2,买盘
2291,13:17:48,53.84,64595,12,买盘
2292,13:17:51,53.85,26919,5,买盘
2293,13:17:54,53.86,64642,12,买盘
2294,13:17:57,53.86,86192,16,卖盘
2295,13:18:00,53.86,16158,3,卖盘
2296,13:18:03,53.87,21548,4,中性盘
2297,13:18:06,53.9,32340,6,买盘
2298,13:18:09,53.9,48493,9,买盘
2299,13:18:12,53.86,26930,5,卖盘
2300,13:18:15,53.89,37724,7,中性盘
2301,13:18:18,53.87,59260,11,卖盘
2302,13:18:21,53.89,37709,7,买盘
2303,13:18:24,53.89,21548,4,买盘
2304,13:18:30,53.89,10778,2,卖盘
2305,13:18:33,53.89,37721,7,买盘
2306,13:18:36,53.85,59238,11,卖盘
2307,13:18:39,53.82,16146,3,卖盘
2308,13:18:45,53.9,43120,8,买盘
2309,13:18:48,53.87,10774,2,中性盘
2310,13:18:51,53.87,16161,3,卖盘
2311,13:18:54,53.87,5387,1,卖盘
2312,13:18:57,53.87,5387,1,卖盘
2313,13:19:09,53.87,32319,6,买盘
2314,13:19:12,53.87,21546,4,买盘
2315,13:19:18,53.86,16160,3,卖盘
2316,13:19:21,53.83,5383,1,卖盘
2317,13:19:24,53.86,59246,11,买盘
2318,13:19:27,53.82,26918,5,卖盘
2319,13:19:33,53.82,64584,12,卖盘
2320,13:19:36,53.82,69968,13,卖盘
2321,13:19:39,53.82,16148,3,卖盘
2322,13:19:45,53.88,452503,84,买盘
2323,13:19:48,53.85,183129,34,卖盘
2324,13:19:51,53.88,86164,16,买盘
2325,13:19:54,53.86,16158,3,卖盘
2326,13:19:57,53.86,5386,1,卖盘
2327,13:20:00,53.86,10772,2,买盘
2328,13:20:15,53.86,16158,3,买盘
2329,13:20:18,53.86,59250,11,卖盘
2330,13:20:21,53.9,43109,8,买盘
2331,13:20:27,53.9,16170,3,卖盘
2332,13:20:36,53.9,48510,9,卖盘
2333,13:20:39,53.91,43115,8,买盘
2334,13:20:42,53.91,10782,2,买盘
2335,13:20:45,53.91,10782,2,买盘
2336,13:20:48,53.9,134753,25,卖盘
2337,13:20:51,53.88,43104,8,卖盘
2338,13:20:57,53.89,10778,2,卖盘
2339,13:21:06,53.89,10778,2,买盘
2340,13:21:09,53.89,10778,2,买盘
2341,13:21:12,53.89,10778,2,买盘
2342,13:21:15,53.89,21556,4,买盘
2343,13:21:18,53.88,43108,8,卖盘
2344,13:21:21,53.88,5388,1,卖盘
2345,13:21:24,53.89,5389,1,买盘
2346,13:21:27,53.79,1695309,315,卖盘
2347,13:21:30,53.86,3469502,645,买盘
2348,13:21:33,53.86,958041,178,买盘
2349,13:21:36,53.81,312153,58,卖盘
2350,13:21:39,53.8,150706,28,卖盘
2351,13:21:42,53.8,5380,1,买盘
2352,13:21:48,53.8,69940,13,买盘
2353,13:21:51,53.8,215195,40,买盘
2354,13:21:57,53.86,1345989,250,买盘
2355,13:22:00,53.86,5386,1,卖盘
2356,13:22:03,53.87,16163,3,中性盘
2357,13:22:06,53.86,5386,1,卖盘
2358,13:22:09,53.86,16158,3,卖盘
2359,13:22:18,53.87,26935,5,卖盘
2360,13:22:24,53.86,26930,5,卖盘
2361,13:22:27,53.87,59247,11,买盘
2362,13:22:30,53.89,43099,8,买盘
2363,13:22:36,53.86,53860,10,卖盘
2364,13:22:42,53.87,10773,2,买盘
2365,13:22:48,53.86,43088,8,卖盘
2366,13:22:54,53.87,10774,2,卖盘
2367,13:22:57,53.87,53870,10,卖盘
2368,13:23:06,53.87,16161,3,卖盘
2369,13:23:09,53.87,26935,5,卖盘
2370,13:23:12,53.87,21548,4,卖盘
2371,13:23:15,53.87,21548,4,卖盘
2372,13:23:18,53.87,32322,6,卖盘
2373,13:23:24,53.87,43096,8,买盘
2374,13:23:27,53.87,10774,2,卖盘
2375,13:23:30,53.87,53868,10,买盘
2376,13:23:36,53.86,43088,8,卖盘
2377,13:23:39,53.86,10772,2,卖盘
2378,13:23:45,53.87,32322,6,买盘
2379,13:23:57,53.87,26935,5,卖盘
2380,13:24:03,53.86,145422,27,卖盘
2381,13:24:06,53.86,21542,4,买盘
2382,13:24:18,53.84,48457,9,卖盘
2383,13:24:24,53.8,53814,10,卖盘
2384,13:24:30,53.82,5382,1,买盘
2385,13:24:33,53.81,10762,2,买盘
2386,13:24:36,53.82,26905,5,买盘
2387,13:24:39,53.79,69940,13,卖盘
2388,13:24:42,53.79,37654,7,卖盘
2389,13:24:48,53.8,26900,5,买盘
2390,13:24:51,53.79,5379,1,卖盘
2391,13:24:54,53.8,21516,4,中性盘
2392,13:24:57,53.79,10758,2,卖盘
2393,13:25:03,53.79,37652,7,买盘
2394,13:25:06,53.8,43036,8,买盘
2395,13:25:09,53.79,26895,5,卖盘
2396,13:25:18,53.8,129113,24,买盘
2397,13:25:21,53.8,21520,4,卖盘
2398,13:25:27,53.82,10764,2,中性盘
2399,13:25:30,53.83,64595,12,买盘
2400,13:25:36,53.83,21532,4,卖盘
2401,13:25:39,53.82,26910,5,卖盘
2402,13:25:42,53.82,10764,2,卖盘
2403,13:25:45,53.82,21528,4,买盘
2404,13:25:48,53.83,43061,8,买盘
2405,13:25:57,53.81,48429,9,卖盘
2406,13:26:00,53.81,10762,2,买盘
2407,13:26:06,53.83,48443,9,买盘
2408,13:26:15,53.83,16149,3,卖盘
2409,13:26:18,53.83,59213,11,卖盘
2410,13:26:21,53.83,5383,1,卖盘
2411,13:26:24,53.81,26905,5,卖盘
2412,13:26:27,53.83,5383,1,买盘
2413,13:26:33,53.81,16143,3,卖盘
2414,13:26:36,53.8,96870,18,卖盘
2415,13:26:39,53.8,10760,2,卖盘
2416,13:26:48,53.81,16145,3,卖盘
2417,13:26:57,53.81,37667,7,卖盘
2418,13:27:00,53.81,21524,4,买盘
2419,13:27:06,53.81,5381,1,买盘
2420,13:27:09,53.8,26900,5,卖盘
2421,13:27:18,53.81,80701,15,买盘
2422,13:27:21,53.81,10762,2,买盘
2423,13:27:24,53.8,64560,12,卖盘
2424,13:27:30,53.8,5380,1,买盘
2425,13:27:33,53.8,5380,1,中性盘
2426,13:27:36,53.81,123763,23,买盘
2427,13:27:39,53.81,10762,2,卖盘
2428,13:27:45,53.81,32293,6,卖盘
2429,13:27:48,53.81,16143,3,卖盘
2430,13:27:54,53.83,10766,2,买盘
2431,13:27:57,53.82,43056,8,卖盘
2432,13:28:00,53.82,21529,4,卖盘
2433,13:28:09,53.83,59213,11,买盘
2434,13:28:12,53.84,5384,1,买盘
2435,13:28:15,53.85,5385,1,买盘
2436,13:28:18,53.84,53840,10,卖盘
2437,13:28:24,53.85,37693,7,中性盘
2438,13:28:27,53.85,5385,1,买盘
2439,13:28:30,53.86,32313,6,买盘
2440,13:28:36,53.83,32298,6,卖盘
2441,13:28:39,53.85,21536,4,买盘
2442,13:28:42,53.85,16155,3,买盘
2443,13:28:48,53.85,5385,1,买盘
2444,13:28:57,53.85,80759,15,买盘
2445,13:29:12,53.84,16152,3,买盘
2446,13:29:15,53.83,86131,16,卖盘
2447,13:29:18,53.83,32298,6,卖盘
2448,13:29:21,53.85,107696,20,买盘
2449,13:29:27,53.84,32304,6,买盘
2450,13:29:30,53.84,10768,2,买盘
2451,13:29:33,53.84,10768,2,买盘
2452,13:29:36,53.82,32292,6,卖盘
2453,13:29:39,53.84,16148,3,买盘
2454,13:29:42,53.83,5383,1,卖盘
2455,13:29:45,53.83,16149,3,卖盘
2456,13:29:48,53.83,86129,16,卖盘
2457,13:29:57,53.82,53822,10,卖盘
2458,13:30:03,53.82,10764,2,卖盘
2459,13:30:06,53.82,32292,6,卖盘
2460,13:30:18,53.82,37674,7,卖盘
2461,13:30:30,53.83,172255,32,买盘
2462,13:30:33,53.85,861591,160,买盘
2463,13:30:36,53.88,21556,4,中性盘
2464,13:30:39,53.88,86221,16,卖盘
2465,13:30:42,53.88,5388,1,卖盘
2466,13:30:48,53.88,21552,4,卖盘
2467,13:30:51,53.88,123919,23,买盘
2468,13:30:54,53.89,5389,1,买盘
2469,13:30:57,53.86,37710,7,卖盘
2470,13:31:00,53.86,16158,3,卖盘
2471,13:31:03,53.85,16156,3,卖盘
2472,13:31:06,53.86,16156,3,买盘
2473,13:31:12,53.86,5386,1,卖盘
2474,13:31:18,53.86,5386,1,卖盘
2475,13:31:21,53.86,5386,1,买盘
2476,13:31:24,53.85,5385,1,卖盘
2477,13:31:27,53.85,5385,1,卖盘
2478,13:31:30,53.85,166935,31,卖盘
2479,13:31:33,53.85,43080,8,卖盘
2480,13:31:36,53.84,10768,2,卖盘
2481,13:31:39,53.84,10768,2,卖盘
2482,13:31:45,53.85,113085,21,买盘
2483,13:31:48,53.85,21540,4,买盘
2484,13:31:51,53.86,118464,22,买盘
2485,13:31:54,53.85,5385,1,中性盘
2486,13:31:57,53.84,86151,16,卖盘
2487,13:32:03,53.85,10770,2,买盘
2488,13:32:06,53.85,37695,7,买盘
2489,13:32:09,53.85,53852,10,卖盘
2490,13:32:12,53.87,145423,27,买盘
2491,13:32:18,53.86,21544,4,卖盘
2492,13:32:21,53.85,59237,11,卖盘
2493,13:32:27,53.85,5385,1,卖盘
2494,13:32:36,53.85,21540,4,卖盘
2495,13:32:42,53.85,5385,1,卖盘
2496,13:32:45,53.87,26935,5,买盘
2497,13:32:48,53.87,16161,3,买盘
2498,13:32:51,53.86,21545,4,卖盘
2499,13:32:54,53.85,102316,19,卖盘
2500,13:32:57,53.85,21540,4,卖盘
2501,13:33:00,53.87,107704,20,买盘
2502,13:33:09,53.86,26930,5,买盘
2503,13:33:12,53.86,5386,1,买盘
2504,13:33:18,53.85,26926,5,卖盘
2505,13:33:21,53.86,32316,6,买盘
2506,13:33:24,53.86,5386,1,中性盘
2507,13:33:27,53.85,59235,11,卖盘
2508,13:33:33,53.86,43088,8,买盘
2509,13:33:36,53.85,10770,2,卖盘
2510,13:33:39,53.86,70016,13,中性盘
2511,13:33:42,53.87,5387,1,买盘
2512,13:33:48,53.87,5387,1,买盘
2513,13:33:54,53.87,5387,1,买盘
2514,13:33:57,53.86,21544,4,卖盘
2515,13:34:03,53.87,10774,2,买盘
2516,13:34:18,53.87,32318,6,买盘
2517,13:34:21,53.86,10773,2,卖盘
2518,13:34:24,53.86,5386,1,卖盘
2519,13:34:27,53.86,5386,1,卖盘
2520,13:34:30,53.86,5386,1,卖盘
2521,13:34:33,53.86,26930,5,卖盘
2522,13:34:36,53.87,26935,5,买盘
2523,13:34:39,53.86,37702,7,卖盘
2524,13:34:42,53.87,32319,6,买盘
2525,13:34:48,53.86,10772,2,买盘
2526,13:34:57,53.86,43084,8,买盘
2527,13:35:00,53.86,59246,11,买盘
2528,13:35:03,53.87,53870,10,买盘
2529,13:35:06,53.88,134677,25,买盘
2530,13:35:09,53.9,16170,3,买盘
2531,13:35:18,53.89,16167,3,卖盘
2532,13:35:27,53.89,10778,2,买盘
2533,13:35:30,53.89,32333,6,买盘
2534,13:35:33,53.9,21559,4,买盘
2535,13:35:39,53.89,26939,5,买盘
2536,13:35:42,53.89,5389,1,买盘
2537,13:35:45,53.9,26946,5,买盘
2538,13:35:54,53.89,10778,2,中性盘
2539,13:35:57,53.88,21552,4,卖盘
2540,13:36:00,53.92,226418,42,买盘
2541,13:36:03,53.94,10785,2,买盘
2542,13:36:12,53.91,5391,1,卖盘
2543,13:36:15,53.91,5391,1,卖盘
2544,13:36:18,53.9,43124,8,卖盘
2545,13:36:21,53.9,32353,6,卖盘
2546,13:36:24,53.91,5391,1,中性盘
2547,13:36:30,53.92,285920,53,买盘
2548,13:36:39,53.92,21568,4,卖盘
2549,13:36:42,53.97,10793,2,买盘
2550,13:36:45,53.96,16184,3,中性盘
2551,13:36:51,53.97,10794,2,买盘
2552,13:36:54,53.97,21584,4,买盘
2553,13:36:57,53.93,32366,6,卖盘
2554,13:37:03,53.97,37779,7,买盘
2555,13:37:09,53.97,5397,1,买盘
2556,13:37:12,53.97,5397,1,中性盘
2557,13:37:15,53.97,16191,3,买盘
2558,13:37:18,53.95,21580,4,卖盘
2559,13:37:21,53.98,16194,3,买盘
2560,13:37:27,53.98,5398,1,买盘
2561,13:37:30,53.98,16194,3,买盘
2562,13:37:36,53.98,5398,1,买盘
2563,13:37:39,53.95,21581,4,卖盘
2564,13:37:42,53.98,64771,12,买盘
2565,13:37:48,53.98,5398,1,买盘
2566,13:37:54,53.98,5398,1,买盘
2567,13:37:57,53.96,10792,2,卖盘
2568,13:38:00,53.96,21585,4,买盘
2569,13:38:03,53.98,21592,4,买盘
2570,13:38:09,53.98,43184,8,买盘
2571,13:38:15,53.98,10796,2,卖盘
2572,13:38:18,53.98,32388,6,卖盘
2573,13:38:21,53.98,59378,11,卖盘
2574,13:38:27,53.97,5397,1,卖盘
2575,13:38:30,53.97,5397,1,卖盘
2576,13:38:33,53.96,26981,5,卖盘
2577,13:38:39,53.95,21580,4,卖盘
2578,13:38:48,53.96,16188,3,买盘
2579,13:38:51,53.95,5395,1,卖盘
2580,13:38:54,53.95,21580,4,卖盘
2581,13:38:57,53.94,32364,6,卖盘
2582,13:39:03,53.94,5394,1,买盘
2583,13:39:06,53.92,167164,31,卖盘
2584,13:39:09,53.91,113226,21,卖盘
2585,13:39:12,53.91,37737,7,卖盘
2586,13:39:15,53.9,48512,9,卖盘
2587,13:39:18,53.9,21560,4,卖盘
2588,13:39:24,53.91,91631,17,买盘
2589,13:39:27,53.91,10783,2,卖盘
2590,13:39:33,53.92,21567,4,买盘
2591,13:39:39,53.92,26956,5,中性盘
2592,13:39:42,53.93,70107,13,买盘
2593,13:39:45,53.92,48535,9,卖盘
2594,13:39:48,53.93,5393,1,买盘
2595,13:39:51,53.92,26963,5,卖盘
2596,13:39:54,53.92,53920,10,卖盘
2597,13:39:57,53.92,26960,5,卖盘
2598,13:40:03,53.92,97066,18,卖盘
2599,13:40:09,53.91,10782,2,卖盘
2600,13:40:12,53.91,21564,4,买盘
2601,13:40:18,53.9,53900,10,卖盘
2602,13:40:21,53.91,37734,7,买盘
2603,13:40:24,53.91,32346,6,卖盘
2604,13:40:27,53.91,5391,1,买盘
2605,13:40:33,53.9,5390,1,中性盘
2606,13:40:36,53.91,5391,1,买盘
2607,13:40:39,53.89,37725,7,卖盘
2608,13:40:45,53.9,5390,1,买盘
2609,13:40:57,53.89,26946,5,卖盘
2610,13:41:06,53.89,48501,9,卖盘
2611,13:41:09,53.92,447423,83,买盘
2612,13:41:12,53.91,48525,9,卖盘
2613,13:41:18,53.91,37739,7,卖盘
2614,13:41:21,53.91,21564,4,卖盘
2615,13:41:24,53.91,43128,8,卖盘
2616,13:41:33,53.93,167156,31,买盘
2617,13:41:36,53.93,145611,27,买盘
2618,13:41:39,53.93,26965,5,卖盘
2619,13:41:54,53.92,16177,3,卖盘
2620,13:41:57,53.91,21564,4,卖盘
2621,13:42:06,53.92,21568,4,买盘
2622,13:42:18,53.91,21564,4,卖盘
2623,13:42:21,53.91,5391,1,卖盘
2624,13:42:24,53.92,5392,1,买盘
2625,13:42:27,53.92,10784,2,买盘
2626,13:42:30,53.92,16175,3,买盘
2627,13:42:36,53.91,10783,2,卖盘
2628,13:42:39,53.92,32348,6,买盘
2629,13:42:45,53.92,5392,1,买盘
2630,13:42:48,53.93,221073,41,买盘
2631,13:42:51,53.93,16179,3,买盘
2632,13:42:54,53.93,5393,1,买盘
2633,13:42:57,53.92,113226,21,卖盘
2634,13:43:00,53.92,16176,3,买盘
2635,13:43:03,53.93,43144,8,买盘
2636,13:43:12,53.94,10788,2,买盘
2637,13:43:18,53.93,53935,10,卖盘
2638,13:43:21,53.93,5393,1,中性盘
2639,13:43:30,53.92,32352,6,卖盘
2640,13:43:33,53.92,37744,7,卖盘
2641,13:43:39,53.92,21568,4,卖盘
2642,13:43:42,53.91,253402,47,卖盘
2643,13:43:48,53.91,10782,2,卖盘
2644,13:43:54,53.91,16173,3,卖盘
2645,13:43:57,53.9,59297,11,卖盘
2646,13:44:00,53.91,5391,1,买盘
2647,13:44:09,53.91,21564,4,买盘
2648,13:44:12,53.91,5391,1,买盘
2649,13:44:15,53.9,5390,1,卖盘
2650,13:44:18,53.9,21560,4,卖盘
2651,13:44:24,53.9,48510,9,卖盘
2652,13:44:30,53.9,5390,1,买盘
2653,13:44:36,53.9,43120,8,买盘
2654,13:44:39,53.89,26947,5,卖盘
2655,13:44:42,53.91,21561,4,买盘
2656,13:44:45,53.91,26952,5,买盘
2657,13:44:48,53.91,70082,13,买盘
2658,13:44:54,53.9,16171,3,卖盘
2659,13:44:57,53.89,21556,4,卖盘
2660,13:45:06,53.93,727672,135,买盘
2661,13:45:09,53.93,10786,2,买盘
2662,13:45:12,53.93,10786,2,买盘
2663,13:45:15,53.92,43142,8,卖盘
2664,13:45:18,53.92,21568,4,卖盘
2665,13:45:24,53.93,80885,15,买盘
2666,13:45:27,53.92,32353,6,买盘
2667,13:45:30,53.92,5392,1,中性盘
2668,13:45:33,53.91,43131,8,卖盘
2669,13:45:36,53.93,21572,4,买盘
2670,13:45:39,53.93,43144,8,卖盘
2671,13:45:42,53.91,37745,7,卖盘
2672,13:45:45,53.94,5394,1,买盘
2673,13:45:51,53.92,91684,17,卖盘
2674,13:45:57,53.92,48528,9,卖盘
2675,13:46:03,53.94,75516,14,买盘
2676,13:46:06,53.92,10786,2,卖盘
2677,13:46:18,53.93,5393,1,卖盘
2678,13:46:27,53.93,37751,7,买盘
2679,13:46:36,53.93,21572,4,买盘
2680,13:46:39,53.92,21568,4,卖盘
2681,13:46:42,53.92,21570,4,卖盘
2682,13:46:45,53.93,5393,1,买盘
2683,13:46:48,53.92,26960,5,卖盘
2684,13:46:51,53.92,32352,6,买盘
2685,13:46:57,53.91,21564,4,卖盘
2686,13:47:00,53.91,5391,1,卖盘
2687,13:47:06,53.91,10782,2,卖盘
2688,13:47:12,53.92,253423,47,买盘
2689,13:47:18,53.92,53926,10,卖盘
2690,13:47:30,53.92,5392,1,卖盘
2691,13:47:36,53.92,16176,3,卖盘
2692,13:47:39,53.92,21568,4,卖盘
2693,13:47:45,53.93,5393,1,买盘
2694,13:47:51,53.93,53930,10,买盘
2695,13:47:57,53.93,21572,4,卖盘
2696,13:48:18,53.93,16179,3,卖盘
2697,13:48:21,53.93,32360,6,卖盘
2698,13:48:27,53.93,37757,7,卖盘
2699,13:48:30,53.93,5393,1,中性盘
2700,13:48:39,53.92,10785,2,卖盘
2701,13:48:51,53.94,75516,14,买盘
2702,13:48:57,53.94,16183,3,卖盘
2703,13:49:03,53.94,161820,30,卖盘
2704,13:49:09,53.94,10788,2,买盘
2705,13:49:12,53.94,199578,37,买盘
2706,13:49:18,53.94,10788,2,卖盘
2707,13:49:21,53.96,21582,4,买盘
2708,13:49:27,53.95,5395,1,卖盘
2709,13:49:30,53.95,21580,4,卖盘
2710,13:49:33,53.95,5395,1,买盘
2711,13:49:39,53.94,10788,2,卖盘
2712,13:49:45,53.95,5395,1,买盘
2713,13:49:51,53.94,5394,1,卖盘
2714,13:49:57,53.94,26973,5,卖盘
2715,13:50:06,53.94,5394,1,卖盘
2716,13:50:15,53.94,53949,10,卖盘
2717,13:50:18,53.94,10788,2,卖盘
2718,13:50:24,53.95,10790,2,卖盘
2719,13:50:27,53.96,26980,5,买盘
2720,13:50:30,53.96,5396,1,买盘
2721,13:50:33,53.96,21581,4,买盘
2722,13:50:36,53.95,5395,1,卖盘
2723,13:50:39,53.95,21580,4,卖盘
2724,13:50:42,53.94,5394,1,卖盘
2725,13:50:45,53.95,16186,3,买盘
2726,13:50:48,53.96,53960,10,买盘
2727,13:50:54,53.97,5397,1,买盘
2728,13:50:57,53.96,10792,2,卖盘
2729,13:51:00,53.96,5396,1,买盘
2730,13:51:09,53.97,16191,3,买盘
2731,13:51:18,53.97,10795,2,卖盘
2732,13:51:21,53.99,32394,6,买盘
2733,13:51:24,53.98,10797,2,中性盘
2734,13:51:27,54.0,507581,94,买盘
2735,13:51:30,54.0,54000,10,买盘
2736,13:51:36,54.0,10800,2,卖盘
2737,13:51:39,54.0,21603,4,卖盘
2738,13:51:42,54.0,10800,2,卖盘
2739,13:51:54,54.04,48629,9,买盘
2740,13:51:57,54.04,54044,10,卖盘
2741,13:52:03,54.05,70265,13,买盘
2742,13:52:06,54.05,37835,7,卖盘
2743,13:52:09,54.05,10810,2,卖盘
2744,13:52:12,54.06,59460,11,买盘
2745,13:52:15,54.05,43246,8,卖盘
2746,13:52:18,54.06,27028,5,买盘
2747,13:52:21,54.06,16218,3,买盘
2748,13:52:24,54.06,5406,1,卖盘
2749,13:52:27,54.06,54060,10,卖盘
2750,13:52:30,54.06,16219,3,买盘
2751,13:52:36,54.05,135127,25,卖盘
2752,13:52:39,54.05,81076,15,卖盘
2753,13:52:45,54.04,16212,3,卖盘
2754,13:52:48,54.02,59446,11,卖盘
2755,13:52:51,54.02,21610,4,卖盘
2756,13:52:54,54.04,5404,1,买盘
2757,13:52:57,54.02,5402,1,卖盘
2758,13:53:12,54.01,27005,5,卖盘
2759,13:53:15,54.01,81025,15,卖盘
2760,13:53:18,54.02,27006,5,中性盘
2761,13:53:21,54.01,5401,1,卖盘
2762,13:53:27,54.02,5402,1,买盘
2763,13:53:30,54.03,21610,4,买盘
2764,13:53:33,54.02,16206,3,买盘
2765,13:53:36,54.02,5402,1,卖盘
2766,13:53:39,54.03,37819,7,买盘
2767,13:53:42,54.02,21609,4,卖盘
2768,13:53:48,54.03,5403,1,买盘
2769,13:53:51,54.02,16206,3,卖盘
2770,13:53:54,54.02,5402,1,卖盘
2771,13:53:57,54.02,10804,2,卖盘
2772,13:54:00,54.03,27015,5,买盘
2773,13:54:03,54.05,64850,12,买盘
2774,13:54:12,54.03,5403,1,卖盘
2775,13:54:15,54.03,5403,1,卖盘
2776,13:54:18,54.03,10806,2,卖盘
2777,13:54:27,54.04,21614,4,买盘
2778,13:54:33,54.04,5404,1,卖盘
2779,13:54:36,54.05,108099,20,买盘
2780,13:54:39,54.04,5404,1,卖盘
2781,13:54:42,54.04,54040,10,卖盘
2782,13:54:45,54.03,108070,20,卖盘
2783,13:54:54,54.03,10806,2,卖盘
2784,13:55:00,54.02,10805,2,卖盘
2785,13:55:06,54.03,10806,2,买盘
2786,13:55:09,54.02,70226,13,卖盘
2787,13:55:18,54.01,5401,1,卖盘
2788,13:55:21,54.01,16203,3,卖盘
2789,13:55:24,54.01,16203,3,卖盘
2790,13:55:27,54.0,32402,6,卖盘
2791,13:55:30,54.01,5401,1,买盘
2792,13:55:33,54.02,16205,3,买盘
2793,13:55:36,54.02,16202,3,买盘
2794,13:55:39,54.02,5402,1,买盘
2795,13:55:42,54.01,5401,1,卖盘
2796,13:55:48,54.02,5402,1,买盘
2797,13:55:51,54.02,16206,3,买盘
2798,13:55:54,54.02,5402,1,买盘
2799,13:55:57,54.02,5402,1,买盘
2800,13:56:03,54.02,5402,1,买盘
2801,13:56:15,54.03,5403,1,买盘
2802,13:56:18,54.02,59422,11,卖盘
2803,13:56:24,54.02,10804,2,中性盘
2804,13:56:27,54.02,5402,1,买盘
2805,13:56:36,54.03,16209,3,买盘
2806,13:56:48,54.04,21616,4,买盘
2807,13:56:51,54.04,124292,23,买盘
2808,13:56:54,54.05,5405,1,买盘
2809,13:57:03,54.05,10810,2,买盘
2810,13:57:06,54.04,5404,1,卖盘
2811,13:57:09,54.05,59451,11,买盘
2812,13:57:15,54.03,21612,4,卖盘
2813,13:57:24,54.03,5403,1,卖盘
2814,13:57:30,54.04,32424,6,买盘
2815,13:57:36,54.05,16215,3,买盘
2816,13:57:39,54.05,37835,7,买盘
2817,13:57:42,54.06,5406,1,买盘
2818,13:57:48,54.06,5406,1,买盘
2819,13:57:57,54.06,5406,1,买盘
2820,13:58:03,54.06,10812,2,买盘
2821,13:58:06,54.06,21624,4,买盘
2822,13:58:12,54.05,5405,1,卖盘
2823,13:58:15,54.05,10810,2,卖盘
2824,13:58:18,54.05,5405,1,卖盘
2825,13:58:27,54.06,32431,6,买盘
2826,13:58:30,54.05,37835,7,卖盘
2827,13:58:39,54.04,5404,1,卖盘
2828,13:58:42,54.05,32430,6,买盘
2829,13:58:45,54.05,16215,3,卖盘
2830,13:58:51,54.06,21624,4,买盘
2831,13:58:54,54.06,5406,1,买盘
2832,13:58:57,54.05,5405,1,卖盘
2833,13:59:00,54.05,162143,30,卖盘
2834,13:59:03,54.02,81042,15,卖盘
2835,13:59:06,54.03,10805,2,买盘
2836,13:59:12,54.02,5402,1,卖盘
2837,13:59:15,54.06,108105,20,买盘
2838,13:59:18,54.03,16209,3,卖盘
2839,13:59:24,54.04,5404,1,卖盘
2840,13:59:27,54.03,37821,7,卖盘
2841,13:59:30,54.03,10806,2,买盘
2842,13:59:36,54.02,5402,1,卖盘
2843,13:59:39,54.02,10804,2,卖盘
2844,13:59:45,54.03,21612,4,买盘
2845,13:59:54,54.02,37814,7,卖盘
2846,13:59:57,54.02,5402,1,买盘
2847,14:00:00,54.0,734441,136,卖盘
2848,14:00:03,54.0,124203,23,卖盘
2849,14:00:09,54.0,27001,5,卖盘
2850,14:00:12,54.0,108000,20,卖盘
2851,14:00:15,54.0,16200,3,买盘
2852,14:00:18,54.0,43200,8,买盘
2853,14:00:21,54.01,54003,10,买盘
2854,14:00:24,54.01,70224,13,中性盘
2855,14:00:27,54.01,21604,4,买盘
2856,14:00:30,54.01,5401,1,买盘
2857,14:00:33,54.0,129603,24,卖盘
2858,14:00:36,54.0,16200,3,买盘
2859,14:00:39,53.99,21597,4,卖盘
2860,14:00:42,54.0,134978,25,买盘
2861,14:00:45,53.99,5399,1,中性盘
2862,14:00:48,53.99,75596,14,买盘
2863,14:00:51,54.0,5400,1,买盘
2864,14:00:54,53.99,10799,2,卖盘
2865,14:01:03,53.97,226710,42,卖盘
2866,14:01:09,53.97,5397,1,买盘
2867,14:01:15,53.97,43176,8,买盘
2868,14:01:18,53.97,5397,1,卖盘
2869,14:01:24,53.97,16191,3,卖盘
2870,14:01:33,53.97,16191,3,买盘
2871,14:01:39,53.97,16191,3,买盘
2872,14:01:42,53.97,16193,3,卖盘
2873,14:01:45,53.98,5398,1,买盘
2874,14:01:54,53.97,26986,5,卖盘
2875,14:01:57,53.96,43168,8,卖盘
2876,14:02:00,53.97,26985,5,买盘
2877,14:02:12,53.96,5396,1,卖盘
2878,14:02:18,53.97,37779,7,卖盘
2879,14:02:21,53.97,5397,1,卖盘
2880,14:02:27,53.97,10794,2,卖盘
2881,14:02:30,53.97,16191,3,卖盘
2882,14:02:33,53.97,16190,3,买盘
2883,14:02:45,53.97,10794,2,买盘
2884,14:02:48,53.94,113308,21,卖盘
2885,14:02:51,53.94,21576,4,卖盘
2886,14:03:03,53.94,436835,81,卖盘
2887,14:03:06,53.95,32368,6,买盘
2888,14:03:09,53.94,53936,10,买盘
2889,14:03:12,53.95,48535,9,买盘
2890,14:03:15,53.95,75530,14,买盘
2891,14:03:18,53.96,107918,20,买盘
2892,14:03:21,53.97,318365,59,买盘
2893,14:03:24,53.96,253655,47,卖盘
2894,14:03:27,53.98,48582,9,买盘
2895,14:03:30,53.98,48582,9,买盘
2896,14:03:36,53.99,21593,4,买盘
2897,14:03:39,53.99,59389,11,买盘
2898,14:03:45,54.0,10800,2,买盘
2899,14:03:48,54.0,172800,32,买盘
2900,14:03:51,54.01,16203,3,买盘
2901,14:03:54,54.01,10802,2,买盘
2902,14:03:57,54.01,21607,4,卖盘
2903,14:04:00,54.02,10804,2,买盘
2904,14:04:06,54.02,156680,29,买盘
2905,14:04:12,54.01,5401,1,卖盘
2906,14:04:15,54.01,48609,9,卖盘
2907,14:04:18,54.02,59421,11,买盘
2908,14:04:21,54.01,16205,3,卖盘
2909,14:04:24,54.03,59431,11,买盘
2910,14:04:30,54.02,21608,4,买盘
2911,14:04:39,54.03,5403,1,买盘
2912,14:04:48,54.02,16208,3,卖盘
2913,14:04:51,54.02,75628,14,卖盘
2914,14:04:54,54.02,5402,1,买盘
2915,14:04:57,54.02,199875,37,买盘
2916,14:05:00,54.02,5402,1,卖盘
2917,14:05:03,54.04,102650,19,买盘
2918,14:05:06,54.07,248672,46,买盘
2919,14:05:09,54.07,86518,16,买盘
2920,14:05:12,54.07,5407,1,买盘
2921,14:05:24,54.07,16221,3,买盘
2922,14:05:27,54.09,37859,7,买盘
2923,14:05:33,54.09,21636,4,卖盘
2924,14:05:39,54.09,16227,3,卖盘
2925,14:05:42,54.1,5410,1,买盘
2926,14:05:45,54.1,54100,10,买盘
2927,14:05:48,54.1,5410,1,买盘
2928,14:05:54,54.1,27048,5,买盘
2929,14:05:57,54.09,32454,6,卖盘
2930,14:06:00,54.1,16230,3,买盘
2931,14:06:03,54.1,16228,3,买盘
2932,14:06:06,54.1,64920,12,买盘
2933,14:06:12,54.1,124450,23,买盘
2934,14:06:15,54.11,5411,1,买盘
2935,14:06:21,54.1,64924,12,卖盘
2936,14:06:24,54.13,81171,15,买盘
2937,14:06:27,54.14,5414,1,买盘
2938,14:06:39,54.14,27070,5,买盘
2939,14:06:42,54.14,27073,5,卖盘
2940,14:06:51,54.15,48734,9,买盘
2941,14:07:00,54.16,59575,11,买盘
2942,14:07:03,54.17,5417,1,买盘
2943,14:07:06,54.18,130009,24,买盘
2944,14:07:09,54.17,32503,6,中性盘
2945,14:07:12,54.16,75824,14,卖盘
2946,14:07:15,54.16,16249,3,卖盘
2947,14:07:18,54.16,27080,5,卖盘
2948,14:07:21,54.14,194939,36,卖盘
2949,14:07:24,54.14,5414,1,买盘
2950,14:07:36,54.14,59546,11,买盘
2951,14:07:39,54.14,27068,5,买盘
2952,14:07:42,54.14,5414,1,买盘
2953,14:07:48,54.13,5413,1,卖盘
2954,14:07:51,54.13,16239,3,卖盘
2955,14:08:12,54.09,178535,33,卖盘
2956,14:08:15,54.09,70318,13,卖盘
2957,14:08:18,54.09,10818,2,卖盘
2958,14:08:24,54.1,21640,4,买盘
2959,14:08:27,54.1,21640,4,买盘
2960,14:08:36,54.1,10820,2,买盘
2961,14:08:39,54.09,5409,1,卖盘
2962,14:08:42,54.1,10819,2,买盘
2963,14:08:51,54.1,54100,10,买盘
2964,14:08:57,54.09,5409,1,卖盘
2965,14:09:00,54.09,432707,80,卖盘
2966,14:09:06,54.05,27025,5,卖盘
2967,14:09:09,54.05,16218,3,买盘
2968,14:09:12,54.05,48643,9,买盘
2969,14:09:18,54.05,54050,10,卖盘
2970,14:09:21,54.05,32430,6,买盘
2971,14:09:24,54.04,16212,3,卖盘
2972,14:09:30,54.04,16214,3,卖盘
2973,14:09:33,54.04,70255,13,卖盘
2974,14:09:36,54.04,5404,1,卖盘
2975,14:09:39,54.04,10808,2,卖盘
2976,14:09:48,54.04,5404,1,卖盘
2977,14:09:54,54.04,27020,5,卖盘
2978,14:10:00,54.04,5404,1,卖盘
2979,14:10:03,54.05,129720,24,买盘
2980,14:10:06,54.05,91888,17,买盘
2981,14:10:09,54.05,21620,4,买盘
2982,14:10:21,54.08,27040,5,买盘
2983,14:10:27,54.09,37863,7,买盘
2984,14:10:30,54.09,16227,3,买盘
2985,14:10:33,54.09,5409,1,买盘
2986,14:10:45,54.08,5408,1,卖盘
2987,14:10:48,54.08,5408,1,卖盘
2988,14:10:51,54.09,48681,9,买盘
2989,14:10:54,54.1,21640,4,买盘
2990,14:11:03,54.1,200166,37,买盘
2991,14:11:09,54.11,16233,3,买盘
2992,14:11:12,54.1,21640,4,卖盘
2993,14:11:27,54.1,48691,9,卖盘
2994,14:11:30,54.1,5410,1,卖盘
2995,14:11:33,54.11,5411,1,买盘
2996,14:11:39,54.1,21641,4,卖盘
2997,14:11:42,54.1,10820,2,卖盘
2998,14:11:45,54.11,16232,3,买盘
2999,14:11:48,54.11,16233,3,买盘
3000,14:11:54,54.1,32460,6,卖盘
3001,14:11:57,54.1,10820,2,卖盘
3002,14:12:00,54.11,54110,10,买盘
3003,14:12:03,54.09,194750,36,卖盘
3004,14:12:09,54.08,21634,4,卖盘
3005,14:12:12,54.08,21632,4,卖盘
3006,14:12:15,54.08,10815,2,买盘
3007,14:12:18,54.06,32449,6,卖盘
3008,14:12:21,54.06,5406,1,卖盘
3009,14:12:30,54.05,59459,11,卖盘
3010,14:12:39,54.04,16214,3,卖盘
3011,14:12:42,54.05,27025,5,买盘
3012,14:12:45,54.05,64860,12,买盘
3013,14:12:48,54.06,21624,4,买盘
3014,14:12:54,54.05,27028,5,卖盘
3015,14:12:57,54.06,10812,2,买盘
3016,14:13:00,54.06,16218,3,卖盘
3017,14:13:06,54.06,5406,1,卖盘
3018,14:13:09,54.06,10812,2,卖盘
3019,14:13:21,54.06,5406,1,卖盘
3020,14:13:24,54.07,48662,9,买盘
3021,14:13:30,54.07,54070,10,卖盘
3022,14:13:36,54.08,5408,1,买盘
3023,14:13:39,54.08,21632,4,买盘
3024,14:13:42,54.09,16227,3,买盘
3025,14:13:45,54.08,37856,7,卖盘
3026,14:13:48,54.08,5408,1,卖盘
3027,14:14:03,54.09,10817,2,买盘
3028,14:14:06,54.08,48672,9,卖盘
3029,14:14:09,54.09,5409,1,买盘
3030,14:14:12,54.07,5407,1,卖盘
3031,14:14:18,54.09,10818,2,买盘
3032,14:14:21,54.1,16230,3,买盘
3033,14:14:24,54.1,478861,89,买盘
3034,14:14:30,54.13,5413,1,买盘
3035,14:14:36,54.14,21654,4,买盘
3036,14:14:39,54.1,89269,17,卖盘
3037,14:14:51,54.1,43280,8,买盘
3038,14:14:54,54.1,459848,85,买盘
3039,14:14:57,54.1,24345,5,买盘
3040,14:15:03,54.1,13525,3,卖盘
3041,14:15:09,54.1,484195,90,买盘
3042,14:15:12,54.11,5411,1,买盘
3043,14:15:15,54.11,129864,24,买盘
3044,14:15:18,54.12,54113,10,买盘
3045,14:15:21,54.11,5411,1,买盘
3046,14:15:24,54.12,5412,1,卖盘
3047,14:15:27,54.13,10826,2,买盘
3048,14:15:30,54.12,16236,3,买盘
3049,14:15:36,54.11,43288,8,卖盘
3050,14:15:39,54.12,286836,53,买盘
3051,14:15:42,54.13,5413,1,买盘
3052,14:15:48,54.13,27065,5,买盘
3053,14:15:57,54.14,32480,6,买盘
3054,14:16:03,54.14,5414,1,买盘
3055,14:16:21,54.13,48717,9,卖盘
3056,14:16:24,54.13,27065,5,卖盘
3057,14:16:27,54.12,64945,12,卖盘
3058,14:16:30,54.12,5412,1,买盘
3059,14:16:42,54.11,16235,3,卖盘
3060,14:16:45,54.12,16236,3,买盘
3061,14:16:48,54.11,5411,1,卖盘
3062,14:16:51,54.11,10822,2,卖盘
3063,14:16:57,54.11,32466,6,卖盘
3064,14:17:03,54.11,5411,1,卖盘
3065,14:17:06,54.11,10822,2,卖盘
3066,14:17:09,54.11,97398,18,卖盘
3067,14:17:12,54.11,119021,22,买盘
3068,14:17:24,54.09,37864,7,卖盘
3069,14:17:27,54.1,21640,4,买盘
3070,14:17:42,54.1,70318,13,买盘
3071,14:17:51,54.09,5409,1,卖盘
3072,14:17:57,54.09,10818,2,卖盘
3073,14:18:00,54.1,16230,3,买盘
3074,14:18:06,54.09,16227,3,卖盘
3075,14:18:09,54.09,189315,35,卖盘
3076,14:18:12,54.09,86544,16,买盘
3077,14:18:15,54.09,21636,4,买盘
3078,14:18:18,54.08,10816,2,卖盘
3079,14:18:21,54.09,48681,9,买盘
3080,14:18:24,54.1,140657,26,买盘
3081,14:18:27,54.11,86573,16,买盘
3082,14:18:30,54.1,16231,3,卖盘
3083,14:18:36,54.11,5411,1,买盘
3084,14:18:42,54.11,5411,1,买盘
3085,14:18:57,54.11,5411,1,买盘
3086,14:19:06,54.11,10822,2,买盘
3087,14:19:12,54.11,32466,6,买盘
3088,14:19:15,54.11,54110,10,买盘
3089,14:19:21,54.11,16233,3,买盘
3090,14:19:24,54.12,48708,9,买盘
3091,14:19:30,54.12,5412,1,买盘
3092,14:19:45,54.12,10824,2,买盘
3093,14:19:51,54.11,27059,5,卖盘
3094,14:20:03,54.12,5412,1,卖盘
3095,14:20:15,54.13,27065,5,买盘
3096,14:20:18,54.12,5412,1,卖盘
3097,14:20:21,54.13,21652,4,买盘
3098,14:20:27,54.13,10826,2,买盘
3099,14:20:33,54.12,37884,7,卖盘
3100,14:20:39,54.12,5412,1,买盘
3101,14:20:48,54.12,21648,4,买盘
3102,14:20:54,54.11,27059,5,卖盘
3103,14:21:00,54.11,275961,51,卖盘
3104,14:21:03,54.11,27059,5,卖盘
3105,14:21:06,54.11,10823,2,卖盘
3106,14:21:09,54.12,21647,4,买盘
3107,14:21:12,54.12,43296,8,买盘
3108,14:21:18,54.12,5412,1,买盘
3109,14:21:24,54.12,64944,12,买盘
3110,14:21:27,54.13,16239,3,买盘
3111,14:21:30,54.14,21653,4,买盘
3112,14:21:39,54.12,16236,3,卖盘
3113,14:21:42,54.13,43299,8,买盘
3114,14:21:45,54.13,10826,2,卖盘
3115,14:21:54,54.12,43308,8,卖盘
3116,14:22:00,54.12,5412,1,卖盘
3117,14:22:03,54.13,27064,5,买盘
3118,14:22:09,54.12,43301,8,卖盘
3119,14:22:12,54.14,37895,7,买盘
3120,14:22:15,54.14,5414,1,买盘
3121,14:22:27,54.14,5414,1,买盘
3122,14:22:45,54.13,21649,4,买盘
3123,14:22:48,54.14,43309,8,买盘
3124,14:22:51,54.14,5414,1,买盘
3125,14:22:54,54.13,27065,5,买盘
3126,14:22:57,54.12,64944,12,卖盘
3127,14:23:00,54.13,32478,6,买盘
3128,14:23:03,54.13,16239,3,买盘
3129,14:23:09,54.13,27065,5,买盘
3130,14:23:12,54.12,5412,1,卖盘
3131,14:23:15,54.13,21652,4,买盘
3132,14:23:24,54.13,146168,27,卖盘
3133,14:23:27,54.15,162421,30,买盘
3134,14:23:33,54.15,97470,18,买盘
3135,14:23:36,54.15,5415,1,买盘
3136,14:23:39,54.15,5415,1,买盘
3137,14:23:45,54.16,5416,1,买盘
3138,14:23:51,54.17,43336,8,买盘
3139,14:23:57,54.16,5416,1,卖盘
3140,14:24:00,54.17,27083,5,买盘
3141,14:24:03,54.17,16251,3,买盘
3142,14:24:06,54.16,32496,6,卖盘
3143,14:24:09,54.17,21666,4,买盘
3144,14:24:12,54.18,27089,5,买盘
3145,14:24:15,54.17,5417,1,卖盘
3146,14:24:30,54.18,21672,4,买盘
3147,14:24:36,54.18,5418,1,买盘
3148,14:24:39,54.18,21672,4,买盘
3149,14:24:42,54.18,16254,3,买盘
3150,14:24:45,54.18,21669,4,买盘
3151,14:24:48,54.18,5418,1,卖盘
3152,14:24:51,54.19,37932,7,买盘
3153,14:24:57,54.17,5417,1,卖盘
3154,14:25:00,54.18,21672,4,买盘
3155,14:25:03,54.18,5418,1,买盘
3156,14:25:06,54.17,10834,2,卖盘
3157,14:25:09,54.19,97531,18,买盘
3158,14:25:18,54.19,48771,9,买盘
3159,14:25:21,54.19,10838,2,中性盘
3160,14:25:24,54.19,10838,2,中性盘
3161,14:25:36,54.19,10838,2,卖盘
3162,14:25:39,54.2,21680,4,买盘
3163,14:25:45,54.2,21677,4,买盘
3164,14:25:54,54.19,16259,3,卖盘
3165,14:25:57,54.2,16260,3,买盘
3166,14:26:00,54.2,5420,1,买盘
3167,14:26:03,54.19,10839,2,卖盘
3168,14:26:06,54.19,16257,3,卖盘
3169,14:26:09,54.17,37924,7,卖盘
3170,14:26:18,54.17,5417,1,卖盘
3171,14:26:21,54.16,64992,12,卖盘
3172,14:26:24,54.16,21665,4,卖盘
3173,14:26:30,54.16,10832,2,卖盘
3174,14:26:33,54.17,27085,5,买盘
3175,14:26:42,54.17,37919,7,买盘
3176,14:26:48,54.18,10836,2,买盘
3177,14:26:54,54.17,16251,3,卖盘
3178,14:27:00,54.17,27088,5,卖盘
3179,14:27:03,54.17,5417,1,买盘
3180,14:27:06,54.17,5417,1,买盘
3181,14:27:09,54.17,16251,3,买盘
3182,14:27:12,54.18,21672,4,买盘
3183,14:27:15,54.18,5418,1,买盘
3184,14:27:30,54.18,10836,2,买盘
3185,14:27:33,54.18,43344,8,买盘
3186,14:27:39,54.17,16251,3,卖盘
3187,14:27:42,54.17,5417,1,买盘
3188,14:27:45,54.17,81255,15,买盘
3189,14:27:48,54.18,151704,28,买盘
3190,14:27:54,54.17,70423,13,卖盘
3191,14:28:00,54.18,16253,3,买盘
3192,14:28:03,54.18,16254,3,买盘
3193,14:28:06,54.18,10836,2,买盘
3194,14:28:09,54.17,5417,1,中性盘
3195,14:28:12,54.18,37921,7,买盘
3196,14:28:15,54.18,48762,9,买盘
3197,14:28:27,54.18,10836,2,买盘
3198,14:28:33,54.18,75852,14,买盘
3199,14:28:42,54.18,27089,5,买盘
3200,14:28:51,54.17,10834,2,卖盘
3201,14:28:54,54.18,43344,8,买盘
3202,14:29:00,54.18,16254,3,买盘
3203,14:29:03,54.17,37922,7,卖盘
3204,14:29:06,54.17,102924,19,卖盘
3205,14:29:15,54.17,54170,10,买盘
3206,14:29:18,54.17,10833,2,买盘
3207,14:29:21,54.16,81240,15,卖盘
3208,14:29:24,54.16,16246,3,买盘
3209,14:29:27,54.15,5415,1,卖盘
3210,14:29:30,54.16,48744,9,买盘
3211,14:29:33,54.16,32496,6,买盘
3212,14:29:36,54.16,16248,3,买盘
3213,14:29:39,54.15,119130,22,卖盘
3214,14:29:42,54.16,21661,4,买盘
3215,14:29:51,54.15,16245,3,卖盘
3216,14:29:54,54.15,27075,5,买盘
3217,14:29:57,54.15,16245,3,买盘
3218,14:30:06,54.14,16243,3,卖盘
3219,14:30:09,54.15,32490,6,买盘
3220,14:30:12,54.14,10828,2,卖盘
3221,14:30:15,54.15,16245,3,买盘
3222,14:30:18,54.15,48734,9,买盘
