,成交时间,成交价格,成交金额,成交量,性质
0,09:25:00,54.5,446900,82,卖盘
1,09:30:00,54.76,234939,43,买盘
2,09:30:03,54.77,268250,49,买盘
3,09:30:06,54.91,345927,63,买盘
4,09:30:09,55.01,263997,48,买盘
5,09:30:12,55.13,159707,29,买盘
6,09:30:15,55.03,204017,37,卖盘
7,09:30:18,55.03,38521,7,卖盘
8,09:30:21,55.02,143043,26,卖盘
9,09:30:24,55.04,225546,41,买盘
10,09:30:27,55.04,407458,74,卖盘
11,09:30:30,55.05,143159,26,卖盘
12,09:30:33,54.98,192555,35,卖盘
13,09:30:36,54.91,192277,35,卖盘
14,09:30:39,54.78,279933,51,卖盘
15,09:30:42,54.79,87705,16,买盘
16,09:30:45,54.9,587517,107,买盘
17,09:30:48,54.81,104188,19,卖盘
18,09:30:51,54.75,241028,44,卖盘
19,09:30:54,54.7,114958,21,卖盘
20,09:30:57,54.75,114868,21,中性盘
21,09:31:00,54.75,10948,2,买盘
22,09:31:03,54.71,87584,16,中性盘
23,09:31:06,54.71,27352,5,买盘
24,09:31:09,54.7,16411,3,中性盘
25,09:31:12,54.66,16407,3,卖盘
26,09:31:15,54.66,114791,21,买盘
27,09:31:18,54.65,32791,6,卖盘
28,09:31:21,54.6,294968,54,卖盘
29,09:31:24,54.52,54544,10,卖盘
30,09:31:27,54.52,5452,1,卖盘
31,09:31:30,54.52,54514,10,卖盘
32,09:31:33,54.61,283573,52,买盘
33,09:31:36,54.52,5452,1,卖盘
34,09:31:39,54.59,10913,2,中性盘
35,09:31:42,54.56,16368,3,卖盘
36,09:31:45,54.59,5459,1,买盘
37,09:31:48,54.54,5454,1,卖盘
38,09:31:51,54.55,43667,8,卖盘
39,09:31:57,54.55,38195,7,卖盘
40,09:32:00,54.59,21840,4,中性盘
41,09:32:03,54.51,1640623,301,卖盘
42,09:32:06,54.55,16355,3,买盘
43,09:32:09,54.55,256385,47,买盘
44,09:32:12,54.55,49076,9,买盘
45,09:32:15,54.55,21812,4,买盘
46,09:32:18,54.55,21816,4,买盘
47,09:32:21,54.55,32730,6,买盘
48,09:32:24,54.51,38180,7,卖盘
49,09:32:27,54.52,103624,19,中性盘
50,09:32:30,54.68,976493,179,买盘
51,09:32:33,54.62,125539,23,中性盘
52,09:32:36,54.61,5461,1,中性盘
53,09:32:39,54.57,218311,40,卖盘
54,09:32:45,54.57,98241,18,卖盘
55,09:32:48,54.58,21830,4,买盘
56,09:32:51,54.68,829679,152,买盘
57,09:32:54,54.64,5464,1,卖盘
58,09:32:57,54.66,16398,3,中性盘
59,09:33:00,54.7,5470,1,买盘
60,09:33:03,54.61,21850,4,卖盘
61,09:33:06,54.65,158454,29,买盘
62,09:33:09,54.7,32795,6,买盘
63,09:33:12,54.7,60170,11,买盘
64,09:33:15,54.69,114845,21,中性盘
65,09:33:18,54.69,92991,17,卖盘
66,09:33:21,54.69,43748,8,买盘
67,09:33:27,54.69,16407,3,买盘
68,09:33:30,54.69,27345,5,买盘
69,09:33:33,54.71,5471,1,买盘
70,09:33:36,54.71,27353,5,买盘
71,09:33:39,54.69,109387,20,卖盘
72,09:33:42,54.65,251554,46,卖盘
73,09:33:48,54.65,10927,2,买盘
74,09:33:51,54.75,103903,19,买盘
75,09:33:54,54.67,31073,6,卖盘
76,09:33:57,54.67,10934,2,卖盘
77,09:34:00,54.68,10936,2,卖盘
78,09:34:03,54.74,38312,7,买盘
79,09:34:06,54.75,103940,19,买盘
80,09:34:09,54.75,147680,27,买盘
81,09:34:12,54.75,16425,3,买盘
82,09:34:15,54.75,16425,3,买盘
83,09:34:18,54.67,109362,20,卖盘
84,09:34:21,54.75,27351,5,买盘
85,09:34:24,54.67,49196,9,中性盘
86,09:34:30,54.75,196790,36,买盘
87,09:34:33,54.76,5476,1,买盘
88,09:34:36,54.75,16425,3,中性盘
89,09:34:39,54.75,5475,1,买盘
90,09:34:42,54.75,43784,8,买盘
91,09:34:45,54.76,43794,8,买盘
92,09:34:48,54.68,32808,6,卖盘
93,09:34:51,54.68,21885,4,卖盘
94,09:34:54,54.69,16405,3,中性盘
95,09:34:57,54.68,16405,3,卖盘
96,09:35:00,54.75,16419,3,买盘
97,09:35:03,54.75,16425,3,买盘
98,09:35:06,54.75,60215,11,买盘
99,09:35:09,54.75,65704,12,卖盘
100,09:35:12,54.7,5470,1,卖盘
101,09:35:15,54.75,27375,5,买盘
102,09:35:18,54.75,16425,3,中性盘
103,09:35:24,54.76,87616,16,买盘
104,09:35:27,54.8,252054,46,买盘
105,09:35:30,54.81,104064,19,买盘
106,09:35:33,54.91,109761,20,买盘
107,09:35:36,54.75,98589,18,中性盘
108,09:35:39,54.68,98453,18,卖盘
109,09:35:42,54.7,174988,32,买盘
110,09:35:45,54.7,43753,8,中性盘
111,09:35:48,54.65,49217,9,卖盘
112,09:35:51,54.7,21867,4,买盘
113,09:35:54,54.7,131280,24,卖盘
114,09:35:57,54.65,87500,16,卖盘
115,09:36:00,54.7,185945,34,买盘
116,09:36:03,54.7,109388,20,买盘
117,09:36:06,54.75,213267,39,买盘
118,09:36:12,54.71,49240,9,卖盘
119,09:36:15,54.75,5475,1,中性盘
120,09:36:18,54.82,104093,19,买盘
121,09:36:21,54.76,5476,1,中性盘
122,09:36:24,54.73,109494,20,卖盘
123,09:36:27,54.75,60221,11,买盘
124,09:36:30,54.75,43772,8,买盘
125,09:36:33,54.69,65638,12,卖盘
126,09:36:36,54.71,71134,13,中性盘
127,09:36:39,54.75,43798,8,买盘
128,09:36:42,54.75,197100,36,买盘
129,09:36:45,54.75,60196,11,买盘
130,09:36:48,54.75,32850,6,买盘
131,09:36:51,54.75,5475,1,买盘
132,09:36:54,54.75,191625,35,买盘
133,09:37:00,54.71,82120,15,卖盘
134,09:37:03,54.71,5471,1,卖盘
135,09:37:06,54.72,5472,1,买盘
136,09:37:09,54.76,21902,4,买盘
137,09:37:12,54.72,49248,9,卖盘
138,09:37:15,54.72,32832,6,买盘
139,09:37:21,54.71,98482,18,卖盘
140,09:37:24,54.69,43752,8,卖盘
141,09:37:27,54.71,125851,23,买盘
142,09:37:30,54.68,38276,7,卖盘
143,09:37:36,54.68,5468,1,卖盘
144,09:37:39,54.68,10936,2,卖盘
145,09:37:42,54.68,76581,14,卖盘
146,09:37:45,54.68,5468,1,卖盘
147,09:37:48,54.68,16414,3,卖盘
148,09:37:51,54.73,27352,5,买盘
149,09:37:54,54.68,60182,11,卖盘
150,09:37:57,54.67,27336,5,卖盘
151,09:38:00,54.69,5469,1,中性盘
152,09:38:03,54.68,65623,12,卖盘
153,09:38:06,54.68,92945,17,买盘
154,09:38:09,54.74,125794,23,买盘
155,09:38:15,54.74,10942,2,买盘
156,09:38:18,54.78,377799,69,买盘
157,09:38:21,54.77,5477,1,卖盘
158,09:38:24,54.78,21909,4,买盘
159,09:38:30,54.78,49295,9,买盘
160,09:38:33,54.8,98640,18,买盘
161,09:38:36,54.81,16443,3,买盘
162,09:38:39,54.78,76741,14,卖盘
163,09:38:42,54.83,16447,3,中性盘
164,09:38:45,54.82,10964,2,中性盘
165,09:38:48,54.81,109551,20,中性盘
166,09:38:51,54.74,60231,11,卖盘
167,09:38:54,54.72,49251,9,卖盘
168,09:38:57,54.73,65669,12,买盘
169,09:39:00,54.68,202391,37,卖盘
170,09:39:03,54.71,71127,13,中性盘
171,09:39:06,54.72,60205,11,中性盘
172,09:39:09,54.79,16423,3,买盘
173,09:39:18,54.77,21908,4,卖盘
174,09:39:21,54.8,93142,17,买盘
175,09:39:24,54.77,16431,3,买盘
176,09:39:27,54.78,5478,1,买盘
177,09:39:33,54.78,104118,19,中性盘
178,09:39:36,54.8,16440,3,买盘
179,09:39:39,54.79,5479,1,中性盘
180,09:39:42,54.79,21917,4,中性盘
181,09:39:45,54.8,136882,25,中性盘
182,09:39:48,54.81,93193,17,卖盘
183,09:39:51,54.83,38376,7,买盘
184,09:39:54,54.86,93216,17,买盘
185,09:39:57,54.86,43888,8,买盘
186,09:40:00,54.88,362106,66,买盘
187,09:40:03,54.84,197506,36,卖盘
188,09:40:06,54.89,27437,5,中性盘
189,09:40:09,54.9,71367,13,买盘
190,09:40:12,54.89,16467,3,中性盘
191,09:40:15,54.85,559948,102,卖盘
192,09:40:18,54.84,115164,21,卖盘
193,09:40:21,54.83,27416,5,卖盘
194,09:40:24,54.81,565305,103,卖盘
195,09:40:27,54.8,137044,25,卖盘
196,09:40:30,54.8,104163,19,卖盘
197,09:40:33,54.8,54800,10,卖盘
198,09:40:36,54.81,16443,3,卖盘
199,09:40:45,54.83,109737,20,买盘
200,09:40:48,54.8,54809,10,卖盘
201,09:40:54,54.82,21930,4,卖盘
202,09:40:57,54.82,16445,3,中性盘
203,09:41:00,54.81,54812,10,卖盘
204,09:41:03,54.82,49333,9,买盘
205,09:41:06,54.8,5480,1,卖盘
206,09:41:15,54.86,5486,1,买盘
207,09:41:18,54.86,43869,8,买盘
208,09:41:21,54.87,21948,4,买盘
209,09:41:24,54.86,10972,2,卖盘
210,09:41:27,54.86,82304,15,卖盘
211,09:41:33,54.86,65836,12,卖盘
212,09:41:36,54.88,115246,21,买盘
213,09:41:42,54.89,5489,1,买盘
214,09:41:45,54.89,10978,2,买盘
215,09:41:48,54.89,65870,12,卖盘
216,09:41:51,54.91,38431,7,买盘
217,09:41:54,54.92,5492,1,买盘
218,09:42:00,54.91,32951,6,卖盘
219,09:42:06,54.92,10985,2,卖盘
220,09:42:09,54.93,76897,14,买盘
221,09:42:12,54.93,60423,11,买盘
222,09:42:15,54.87,483199,88,卖盘
223,09:42:18,54.82,82282,15,卖盘
224,09:42:21,54.89,126167,23,买盘
225,09:42:24,54.86,5486,1,买盘
226,09:42:27,54.86,27430,5,买盘
227,09:42:30,54.86,27430,5,中性盘
228,09:42:33,54.83,148112,27,卖盘
229,09:42:36,54.82,5482,1,卖盘
230,09:42:39,54.81,1238773,226,卖盘
231,09:42:42,54.76,10954,2,卖盘
232,09:42:48,54.72,826711,151,卖盘
233,09:42:51,54.73,98474,18,中性盘
234,09:42:54,54.73,10946,2,买盘
235,09:42:57,54.7,10939,2,中性盘
236,09:43:00,54.7,16409,3,买盘
237,09:43:03,54.65,421001,77,卖盘
238,09:43:06,54.67,92913,17,买盘
239,09:43:09,54.65,5465,1,卖盘
240,09:43:12,54.65,16395,3,卖盘
241,09:43:15,54.67,27335,5,买盘
242,09:43:21,54.66,16398,3,卖盘
243,09:43:24,54.66,21867,4,卖盘
244,09:43:30,54.68,10935,2,买盘
245,09:43:33,54.66,191319,35,卖盘
246,09:43:36,54.66,21863,4,买盘
247,09:43:39,54.66,65589,12,买盘
248,09:43:42,54.66,38262,7,买盘
249,09:43:45,54.65,1169749,214,卖盘
250,09:43:57,54.65,98382,18,卖盘
251,09:44:00,54.65,38644,7,卖盘
252,09:44:03,54.68,27328,5,买盘
253,09:44:09,54.68,76552,14,买盘
254,09:44:12,54.65,158488,29,卖盘
255,09:44:15,54.65,125695,23,卖盘
256,09:44:18,54.66,10931,2,中性盘
257,09:44:21,54.66,21864,4,卖盘
258,09:44:24,54.66,27330,5,卖盘
259,09:44:27,54.68,103892,19,买盘
260,09:44:30,54.68,32808,6,卖盘
261,09:44:33,54.68,16404,3,卖盘
262,09:44:36,54.68,21873,4,卖盘
263,09:44:48,54.68,71084,13,卖盘
264,09:44:51,54.66,27332,5,卖盘
265,09:44:54,54.66,71058,13,卖盘
266,09:44:57,54.66,18642,3,卖盘
267,09:45:00,54.66,103854,19,卖盘
268,09:45:03,54.64,450976,83,卖盘
269,09:45:06,54.62,98320,18,卖盘
270,09:45:12,54.6,27304,5,卖盘
271,09:45:15,54.62,5462,1,中性盘
272,09:45:18,54.61,76455,14,卖盘
273,09:45:21,54.6,27300,5,卖盘
274,09:45:24,54.6,10920,2,卖盘
275,09:45:27,54.6,21840,4,卖盘
276,09:45:30,54.6,10920,2,卖盘
277,09:45:36,54.61,5461,1,买盘
278,09:45:39,54.6,21841,4,卖盘
279,09:45:42,54.61,109220,20,买盘
280,09:45:45,54.6,283923,52,卖盘
281,09:45:51,54.6,16378,3,买盘
282,09:45:54,54.6,10920,2,买盘
283,09:46:00,54.6,38220,7,卖盘
284,09:46:03,54.59,174719,32,卖盘
285,09:46:06,54.6,32760,6,卖盘
286,09:46:09,54.6,21840,4,卖盘
287,09:46:12,54.61,16382,3,买盘
288,09:46:15,54.61,81915,15,买盘
289,09:46:18,54.61,21847,4,中性盘
290,09:46:21,54.62,43690,8,中性盘
291,09:46:30,54.63,5463,1,中性盘
292,09:46:33,54.63,5463,1,中性盘
293,09:46:36,54.64,125669,23,买盘
294,09:46:39,54.64,21856,4,买盘
295,09:46:42,54.67,196816,36,买盘
296,09:46:45,54.66,16400,3,卖盘
297,09:46:51,54.66,54663,10,卖盘
298,09:46:54,54.68,32803,6,买盘
299,09:46:57,54.68,16404,3,卖盘
300,09:47:00,54.69,142193,26,买盘
301,09:47:03,54.69,5469,1,卖盘
302,09:47:06,54.64,196823,36,卖盘
303,09:47:09,54.63,81957,15,卖盘
304,09:47:12,54.6,447822,82,卖盘
305,09:47:15,54.61,191104,35,买盘
306,09:47:18,54.6,32760,6,卖盘
307,09:47:21,54.61,16382,3,买盘
308,09:47:24,54.61,141973,26,买盘
309,09:47:27,54.6,16380,3,买盘
310,09:47:30,54.6,196560,36,买盘
311,09:47:33,54.6,5460,1,卖盘
312,09:47:36,54.61,43684,8,买盘
313,09:47:39,54.6,70984,13,卖盘
314,09:47:42,54.6,38220,7,卖盘
315,09:47:48,54.62,65544,12,买盘
316,09:47:51,54.5,3091809,567,卖盘
317,09:47:54,54.49,768410,141,中性盘
318,09:47:57,54.5,125345,23,买盘
319,09:48:00,54.49,10898,2,买盘
320,09:48:03,54.5,21798,4,买盘
321,09:48:06,54.5,463245,85,买盘
322,09:48:09,54.53,2741349,503,买盘
323,09:48:12,54.53,16361,3,卖盘
324,09:48:15,54.53,38173,7,卖盘
325,09:48:21,54.56,38192,7,买盘
326,09:48:24,54.53,32722,6,卖盘
327,09:48:27,54.59,109165,20,买盘
328,09:48:33,54.57,32742,6,中性盘
329,09:48:36,54.56,10912,2,卖盘
330,09:48:39,54.53,626938,115,卖盘
331,09:48:42,54.56,65448,12,买盘
332,09:48:45,54.55,16361,3,中性盘
333,09:48:48,54.54,5454,1,中性盘
334,09:48:51,54.55,32727,6,买盘
335,09:48:54,54.53,5453,1,买盘
336,09:48:57,54.52,16356,3,买盘
337,09:49:00,54.51,49060,9,卖盘
338,09:49:03,54.53,10906,2,买盘
339,09:49:06,54.51,87220,16,卖盘
340,09:49:09,54.54,49086,9,买盘
341,09:49:12,54.53,10906,2,卖盘
342,09:49:15,54.53,354398,65,卖盘
343,09:49:18,54.5,828468,152,卖盘
344,09:49:21,54.51,174403,32,买盘
345,09:49:24,54.51,70859,13,买盘
346,09:49:27,54.5,27250,5,买盘
347,09:49:30,54.51,27255,5,买盘
348,09:49:36,54.51,109020,20,买盘
349,09:49:39,54.5,190759,35,卖盘
350,09:49:42,54.5,54500,10,买盘
351,09:49:45,54.51,59961,11,卖盘
352,09:49:48,54.52,21808,4,买盘
353,09:49:51,54.52,70881,13,卖盘
354,09:49:54,54.49,354256,65,卖盘
355,09:49:57,54.49,5449,1,卖盘
356,09:50:00,54.48,10898,2,卖盘
357,09:50:03,54.52,92679,17,买盘
358,09:50:06,54.48,27240,5,卖盘
359,09:50:09,54.48,49032,9,卖盘
360,09:50:12,54.48,16346,3,卖盘
361,09:50:15,54.5,10900,2,买盘
362,09:50:18,54.51,228840,42,买盘
363,09:50:21,54.44,1366834,251,卖盘
364,09:50:24,54.45,146978,27,买盘
365,09:50:27,54.45,59895,11,买盘
366,09:50:30,54.41,201386,37,卖盘
367,09:50:33,54.44,59883,11,卖盘
368,09:50:36,54.44,21776,4,卖盘
369,09:50:39,54.44,10888,2,买盘
370,09:50:42,54.44,38107,7,买盘
371,09:50:45,54.43,43547,8,卖盘
372,09:50:48,54.44,21775,4,买盘
373,09:50:51,54.43,43544,8,卖盘
374,09:50:54,54.43,5443,1,卖盘
375,09:50:57,54.43,32658,6,卖盘
376,09:51:00,54.42,48983,9,卖盘
377,09:51:03,54.42,76184,14,卖盘
378,09:51:06,54.42,54414,10,卖盘
379,09:51:09,54.5,713235,131,买盘
380,09:51:12,54.47,32688,6,卖盘
381,09:51:21,54.45,54450,10,卖盘
382,09:51:24,54.5,16347,3,买盘
383,09:51:27,54.47,81691,15,中性盘
384,09:51:30,54.5,5450,1,中性盘
385,09:51:33,54.52,38152,7,买盘
386,09:51:36,54.47,332302,61,卖盘
387,09:51:39,54.47,495677,91,买盘
388,09:51:45,54.52,54517,10,买盘
389,09:51:48,54.52,70876,13,卖盘
390,09:51:51,54.52,16352,3,买盘
391,09:51:57,54.5,59952,11,卖盘
392,09:52:03,54.48,32694,6,卖盘
393,09:52:06,54.48,43584,8,买盘
394,09:52:09,54.48,27239,5,买盘
395,09:52:21,54.49,70834,13,买盘
396,09:52:24,54.49,10898,2,卖盘
397,09:52:27,54.48,299681,55,卖盘
398,09:52:30,54.48,70818,13,买盘
399,09:52:33,54.48,27237,5,买盘
400,09:52:36,54.48,65370,12,买盘
401,09:52:39,54.48,59918,11,买盘
402,09:52:45,54.48,5448,1,买盘
403,09:52:48,54.46,114378,21,卖盘
404,09:52:51,54.46,16338,3,买盘
405,09:52:54,54.44,217793,40,卖盘
406,09:52:57,54.48,887964,163,买盘
407,09:53:00,54.48,108960,20,卖盘
408,09:53:03,54.48,87180,16,卖盘
409,09:53:06,54.48,10896,2,卖盘
410,09:53:12,54.48,10896,2,卖盘
411,09:53:15,54.48,43584,8,卖盘
412,09:53:18,54.49,59933,11,买盘
413,09:53:21,54.48,32689,6,卖盘
414,09:53:24,54.47,119863,22,卖盘
415,09:53:30,54.49,43585,8,买盘
416,09:53:36,54.48,10896,2,买盘
417,09:53:42,54.49,59929,11,买盘
418,09:53:45,54.5,27252,5,买盘
419,09:53:48,54.55,10909,2,买盘
420,09:53:51,54.55,10910,2,买盘
421,09:53:54,54.51,201698,37,卖盘
422,09:53:57,54.56,5456,1,买盘
423,09:54:00,54.53,294480,54,中性盘
424,09:54:03,54.53,10906,2,买盘
425,09:54:06,54.53,130872,24,买盘
426,09:54:09,54.53,43624,8,买盘
427,09:54:12,54.52,65435,12,卖盘
428,09:54:15,54.52,27260,5,卖盘
429,09:54:18,54.52,98136,18,买盘
430,09:54:21,54.52,76318,14,买盘
431,09:54:24,54.54,65425,12,买盘
432,09:54:27,54.53,5453,1,中性盘
433,09:54:30,54.51,27261,5,卖盘
434,09:54:36,54.51,38157,7,卖盘
435,09:54:39,54.52,5452,1,买盘
436,09:54:42,54.54,81802,15,买盘
437,09:54:45,54.56,5456,1,中性盘
438,09:54:48,54.56,5456,1,买盘
439,09:54:51,54.54,38172,7,中性盘
440,09:54:54,54.54,5454,1,买盘
441,09:54:57,54.54,16362,3,买盘
442,09:55:00,54.54,5454,1,买盘
443,09:55:03,54.54,5454,1,买盘
444,09:55:06,54.55,643571,118,买盘
445,09:55:09,54.54,21821,4,卖盘
446,09:55:15,54.55,10910,2,买盘
447,09:55:24,54.55,98165,18,买盘
448,09:55:27,54.55,5455,1,买盘
449,09:55:33,54.55,349042,64,买盘
450,09:55:36,54.55,32730,6,卖盘
451,09:55:39,54.55,60019,11,卖盘
452,09:55:42,54.57,147293,27,中性盘
453,09:55:45,54.6,49117,9,买盘
454,09:55:48,54.58,5458,1,中性盘
455,09:55:51,54.63,60077,11,买盘
456,09:55:54,54.64,10927,2,买盘
457,09:55:57,54.66,43690,8,买盘
458,09:56:00,54.64,5464,1,买盘
459,09:56:06,54.64,32779,6,买盘
460,09:56:09,54.64,32784,6,买盘
461,09:56:21,54.64,98353,18,卖盘
462,09:56:24,54.64,109268,20,买盘
463,09:56:27,54.63,32778,6,卖盘
464,09:56:33,54.62,5462,1,卖盘
465,09:56:36,54.58,21840,4,卖盘
466,09:56:39,54.58,5458,1,卖盘
467,09:56:42,54.61,5461,1,买盘
468,09:56:45,54.59,10918,2,卖盘
469,09:56:51,54.58,5458,1,卖盘
470,09:56:54,54.55,201853,37,卖盘
471,09:57:03,54.58,38202,7,买盘
472,09:57:06,54.62,469420,86,买盘
473,09:57:09,54.62,21852,4,买盘
474,09:57:12,54.64,21856,4,买盘
475,09:57:15,54.62,5462,1,卖盘
476,09:57:21,54.63,27314,5,买盘
477,09:57:27,54.63,87414,16,卖盘
478,09:57:36,54.64,21856,4,买盘
479,09:57:39,54.64,21855,4,买盘
480,09:57:42,54.63,5463,1,卖盘
481,09:57:45,54.64,5464,1,买盘
482,09:57:48,54.64,10928,2,买盘
483,09:57:54,54.64,5464,1,买盘
484,09:57:57,54.63,32778,6,卖盘
485,09:58:00,54.63,27315,5,卖盘
486,09:58:03,54.64,27314,5,买盘
487,09:58:06,54.63,27315,5,买盘
488,09:58:09,54.63,16389,3,买盘
489,09:58:12,54.63,5463,1,买盘
490,09:58:15,54.62,10925,2,卖盘
491,09:58:18,54.63,27313,5,买盘
492,09:58:21,54.63,76474,14,买盘
493,09:58:24,54.63,10926,2,买盘
494,09:58:27,54.63,16389,3,买盘
495,09:58:30,54.63,71019,13,买盘
496,09:58:33,54.64,16392,3,买盘
497,09:58:36,54.64,5464,1,中性盘
498,09:58:39,54.66,21864,4,买盘
499,09:58:42,54.64,27321,5,卖盘
500,09:58:45,54.67,229491,42,买盘
501,09:58:48,54.68,5468,1,买盘
502,09:58:51,54.68,32808,6,买盘
503,09:58:54,54.68,38276,7,买盘
504,09:58:57,54.68,5468,1,卖盘
505,09:59:00,54.68,5468,1,卖盘
506,09:59:03,54.66,38272,7,卖盘
507,09:59:06,54.68,10936,2,买盘
508,09:59:09,54.69,60149,11,买盘
509,09:59:12,54.75,71116,13,买盘
510,09:59:15,54.68,10938,2,中性盘
511,09:59:18,54.66,21865,4,卖盘
512,09:59:21,54.66,21862,4,买盘
513,09:59:24,54.64,76541,14,卖盘
514,09:59:27,54.64,5464,1,买盘
515,09:59:33,54.64,16386,3,买盘
516,09:59:36,54.64,16392,3,买盘
517,09:59:39,54.64,21856,4,卖盘
518,09:59:42,54.64,5464,1,卖盘
519,09:59:45,54.64,27320,5,卖盘
520,09:59:48,54.65,5465,1,买盘
521,09:59:51,54.65,71049,13,买盘
522,09:59:54,54.65,21860,4,买盘
523,09:59:57,54.64,16392,3,卖盘
524,10:00:03,54.64,65568,12,卖盘
525,10:00:06,54.64,49176,9,卖盘
526,10:00:09,54.65,16395,3,买盘
527,10:00:12,54.68,10935,2,买盘
528,10:00:15,54.68,16404,3,买盘
529,10:00:18,54.67,43729,8,买盘
530,10:00:24,54.66,27334,5,卖盘
531,10:00:30,54.66,21864,4,卖盘
532,10:00:33,54.67,5467,1,买盘
533,10:00:36,54.66,16398,3,卖盘
534,10:00:39,54.66,10932,2,卖盘
535,10:00:42,54.66,10932,2,买盘
536,10:00:48,54.66,5466,1,买盘
537,10:00:51,54.65,5465,1,卖盘
538,10:00:57,54.66,16397,3,买盘
539,10:01:03,54.65,27325,5,卖盘
540,10:01:06,54.65,21860,4,卖盘
541,10:01:09,54.65,109310,20,卖盘
542,10:01:12,54.65,16397,3,卖盘
543,10:01:15,54.66,32791,6,买盘
544,10:01:18,54.66,49194,9,买盘
545,10:01:21,54.65,103835,19,卖盘
546,10:01:24,54.66,10931,2,买盘
547,10:01:27,54.65,10930,2,卖盘
548,10:01:30,54.66,16398,3,买盘
549,10:01:36,54.66,10931,2,买盘
550,10:01:39,54.66,32796,6,买盘
551,10:01:42,54.65,5465,1,卖盘
552,10:01:51,54.66,16398,3,买盘
553,10:01:54,54.66,5466,1,买盘
554,10:01:57,54.65,27325,5,卖盘
555,10:02:06,54.66,38262,7,买盘
556,10:02:09,54.66,27330,5,买盘
557,10:02:12,54.66,87443,16,买盘
558,10:02:15,54.66,10932,2,买盘
559,10:02:18,54.66,32795,6,买盘
560,10:02:21,54.65,38260,7,卖盘
561,10:02:24,54.66,256869,47,买盘
562,10:02:27,54.64,5464,1,卖盘
563,10:02:30,54.65,21857,4,买盘
564,10:02:51,54.63,131120,24,卖盘
565,10:02:54,54.6,21847,4,卖盘
566,10:03:03,54.6,5460,1,卖盘
567,10:03:06,54.6,10924,2,卖盘
568,10:03:09,54.64,5464,1,买盘
569,10:03:18,54.65,5465,1,买盘
570,10:03:21,54.65,32790,6,买盘
571,10:03:24,54.65,16395,3,买盘
572,10:03:27,54.64,5464,1,卖盘
573,10:03:30,54.64,38250,7,卖盘
574,10:03:36,54.61,5461,1,卖盘
575,10:03:39,54.64,10928,2,买盘
576,10:03:42,54.65,54641,10,买盘
577,10:03:48,54.65,10930,2,买盘
578,10:03:51,54.64,38254,7,卖盘
579,10:03:54,54.66,5466,1,买盘
580,10:03:57,54.66,16397,3,买盘
581,10:04:00,54.66,371565,68,买盘
582,10:04:03,54.65,5465,1,中性盘
583,10:04:09,54.65,21862,4,中性盘
584,10:04:21,54.66,21863,4,买盘
585,10:04:24,54.66,16398,3,买盘
586,10:04:27,54.65,21861,4,卖盘
587,10:04:30,54.65,21860,4,卖盘
588,10:04:33,54.64,16390,3,中性盘
589,10:04:48,54.64,81945,15,买盘
590,10:04:51,54.62,229535,42,卖盘
591,10:05:00,54.62,16382,3,买盘
592,10:05:06,54.63,16389,3,中性盘
593,10:05:12,54.62,5462,1,卖盘
594,10:05:18,54.62,49158,9,买盘
595,10:05:21,54.62,32777,6,卖盘
596,10:05:30,54.62,21848,4,卖盘
597,10:05:33,54.62,10924,2,卖盘
598,10:05:36,54.6,27303,5,卖盘
599,10:05:45,54.62,5462,1,买盘
600,10:05:48,54.62,43700,8,卖盘
601,10:05:51,54.63,5463,1,中性盘
602,10:05:57,54.62,81941,15,卖盘
603,10:06:00,54.62,32772,6,卖盘
604,10:06:03,54.61,5461,1,卖盘
605,10:06:09,54.61,5461,1,卖盘
606,10:06:12,54.58,114653,21,卖盘
607,10:06:18,54.57,21828,4,卖盘
608,10:06:21,54.57,5457,1,买盘
609,10:06:24,54.58,54566,10,买盘
610,10:06:27,54.58,27284,5,买盘
611,10:06:30,54.56,21824,4,卖盘
612,10:06:33,54.53,420008,77,卖盘
613,10:06:36,54.52,27260,5,卖盘
614,10:06:39,54.53,16359,3,买盘
615,10:06:51,54.53,43627,8,卖盘
616,10:06:54,54.53,5453,1,卖盘
617,10:06:57,54.53,49077,9,卖盘
618,10:07:00,54.52,10904,2,卖盘
619,10:07:09,54.53,16359,3,买盘
620,10:07:12,54.53,5453,1,买盘
621,10:07:15,54.53,10906,2,买盘
622,10:07:18,54.5,327091,60,卖盘
623,10:07:21,54.51,16353,3,买盘
624,10:07:24,54.51,5451,1,买盘
625,10:07:27,54.51,5451,1,买盘
626,10:07:30,54.5,65400,12,卖盘
627,10:07:33,54.51,70863,13,买盘
628,10:07:36,54.5,49054,9,卖盘
629,10:07:42,54.52,10904,2,买盘
630,10:07:51,54.51,81776,15,卖盘
631,10:07:54,54.51,10902,2,买盘
632,10:07:57,54.52,16356,3,卖盘
633,10:08:00,54.52,10903,2,买盘
634,10:08:06,54.5,10900,2,卖盘
635,10:08:09,54.5,54503,10,卖盘
636,10:08:12,54.51,43608,8,买盘
637,10:08:15,54.5,59950,11,卖盘
638,10:08:18,54.52,32703,6,买盘
639,10:08:21,54.52,21808,4,买盘
640,10:08:27,54.52,5452,1,卖盘
641,10:08:30,54.52,21814,4,中性盘
642,10:08:33,54.52,21808,4,中性盘
643,10:08:36,54.51,54522,10,卖盘
644,10:08:39,54.51,43612,8,卖盘
645,10:08:42,54.54,10905,2,买盘
646,10:08:51,54.54,21816,4,买盘
647,10:08:57,54.51,21804,4,卖盘
648,10:09:00,54.54,43632,8,买盘
649,10:09:09,54.55,43633,8,买盘
650,10:09:15,54.56,65472,12,买盘
651,10:09:18,54.55,32731,6,卖盘
652,10:09:21,54.56,32736,6,买盘
653,10:09:24,54.55,5455,1,中性盘
654,10:09:30,54.56,10911,2,买盘
655,10:09:36,54.56,21824,4,买盘
656,10:09:39,54.55,21821,4,卖盘
657,10:09:42,54.57,5457,1,买盘
658,10:09:48,54.56,5456,1,卖盘
659,10:09:57,54.55,32731,6,卖盘
660,10:10:00,54.55,21820,4,买盘
661,10:10:03,54.55,5455,1,买盘
662,10:10:06,54.54,21819,4,卖盘
663,10:10:09,54.55,5455,1,买盘
664,10:10:18,54.54,43636,8,卖盘
665,10:10:24,54.54,5454,1,卖盘
666,10:10:30,54.54,92720,17,卖盘
667,10:10:33,54.54,10908,2,卖盘
668,10:10:36,54.55,21817,4,买盘
669,10:10:39,54.54,21816,4,卖盘
670,10:10:45,54.55,43640,8,买盘
671,10:10:51,54.55,43640,8,买盘
672,10:10:54,54.55,10910,2,买盘
673,10:10:57,54.55,70909,13,买盘
674,10:11:00,54.54,32724,6,卖盘
675,10:11:09,54.56,5456,1,买盘
676,10:11:18,54.55,76370,14,卖盘
677,10:11:21,54.56,38190,7,买盘
678,10:11:24,54.56,5456,1,买盘
679,10:11:27,54.56,10912,2,买盘
680,10:11:39,54.56,38187,7,买盘
681,10:11:42,54.55,27276,5,卖盘
682,10:11:45,54.54,272827,50,卖盘
683,10:11:48,54.54,5454,1,卖盘
684,10:11:57,54.55,27275,5,卖盘
685,10:12:00,54.56,70919,13,买盘
686,10:12:06,54.56,10913,2,卖盘
687,10:12:09,54.58,16372,3,买盘
688,10:12:12,54.57,5457,1,卖盘
689,10:12:15,54.56,10913,2,卖盘
690,10:12:18,54.58,125517,23,买盘
691,10:12:21,54.56,27280,5,买盘
692,10:12:30,54.56,5456,1,卖盘
693,10:12:33,54.55,5455,1,卖盘
694,10:12:36,54.55,32728,6,卖盘
695,10:12:39,54.51,289034,53,卖盘
696,10:12:42,54.52,16355,3,买盘
697,10:12:48,54.51,54510,10,卖盘
698,10:12:51,54.52,21808,4,买盘
699,10:12:54,54.51,10903,2,卖盘
700,10:12:57,54.51,81776,15,卖盘
701,10:13:00,54.51,27255,5,卖盘
702,10:13:12,54.51,16353,3,卖盘
703,10:13:18,54.51,27255,5,卖盘
704,10:13:21,54.52,16356,3,买盘
705,10:13:24,54.52,5452,1,买盘
706,10:13:27,54.51,81765,15,卖盘
707,10:13:30,54.52,10904,2,买盘
708,10:13:39,54.52,38160,7,买盘
709,10:13:42,54.52,49056,9,买盘
710,10:13:45,54.52,10904,2,买盘
711,10:13:48,54.52,27262,5,买盘
712,10:13:51,54.54,5454,1,买盘
713,10:13:57,54.52,27260,5,中性盘
714,10:14:06,54.55,261831,48,买盘
715,10:14:09,54.55,10910,2,卖盘
716,10:14:15,54.55,5455,1,卖盘
717,10:14:18,54.55,32730,6,卖盘
718,10:14:21,54.55,5455,1,卖盘
719,10:14:24,54.56,32733,6,买盘
720,10:14:30,54.57,21826,4,买盘
721,10:14:36,54.57,5457,1,卖盘
722,10:14:48,54.56,5456,1,卖盘
723,10:14:51,54.56,10913,2,中性盘
724,10:14:57,54.56,32736,6,卖盘
725,10:15:00,54.55,5455,1,卖盘
726,10:15:03,54.56,5456,1,买盘
727,10:15:06,54.56,70919,13,买盘
728,10:15:09,54.57,10914,2,买盘
729,10:15:12,54.56,5456,1,卖盘
730,10:15:18,54.57,10914,2,卖盘
731,10:15:21,54.59,141926,26,买盘
732,10:15:24,54.58,16378,3,卖盘
733,10:15:27,54.57,16371,3,卖盘
734,10:15:33,54.58,10916,2,中性盘
735,10:15:36,54.58,5458,1,买盘
736,10:15:39,54.56,54563,10,卖盘
737,10:15:42,54.57,54585,10,中性盘
738,10:15:48,54.56,10912,2,卖盘
739,10:15:51,54.59,5459,1,买盘
740,10:15:57,54.58,27294,5,卖盘
741,10:16:00,54.58,16372,3,买盘
742,10:16:03,54.58,16374,3,买盘
743,10:16:06,54.59,21836,4,买盘
744,10:16:18,54.6,49135,9,买盘
745,10:16:21,54.6,76440,14,买盘
746,10:16:24,54.61,21844,4,买盘
747,10:16:27,54.61,16383,3,买盘
748,10:16:30,54.61,43688,8,买盘
749,10:16:33,54.62,27307,5,买盘
750,10:16:36,54.62,65553,12,买盘
751,10:16:39,54.62,27311,5,卖盘
752,10:16:42,54.62,114702,21,卖盘
753,10:16:45,54.6,125614,23,卖盘
754,10:16:51,54.6,5460,1,卖盘
755,10:16:54,54.63,109246,20,买盘
756,10:16:57,54.6,54609,10,卖盘
757,10:17:18,54.6,27300,5,卖盘
758,10:17:21,54.6,92825,17,卖盘
759,10:17:33,54.61,5461,1,买盘
760,10:17:36,54.58,5458,1,卖盘
761,10:17:39,54.58,21832,4,卖盘
762,10:17:42,54.58,27293,5,卖盘
763,10:17:45,54.58,65502,12,卖盘
764,10:17:54,54.6,76428,14,买盘
765,10:18:00,54.6,38210,7,买盘
766,10:18:03,54.6,5460,1,卖盘
767,10:18:06,54.6,16382,3,卖盘
768,10:18:09,54.59,10918,2,中性盘
769,10:18:12,54.6,38214,7,买盘
770,10:18:15,54.62,32769,6,买盘
771,10:18:18,54.6,38220,7,卖盘
772,10:18:21,54.6,10920,2,买盘
773,10:18:24,54.6,5460,1,买盘
774,10:18:33,54.6,54600,10,卖盘
775,10:18:36,54.62,71006,13,买盘
776,10:18:39,54.62,10924,2,卖盘
777,10:18:42,54.56,163757,30,卖盘
778,10:18:45,54.56,16368,3,卖盘
779,10:18:48,54.57,16370,3,买盘
780,10:18:51,54.56,5456,1,卖盘
781,10:18:54,54.57,27285,5,买盘
782,10:18:57,54.57,32742,6,卖盘
783,10:19:00,54.57,5457,1,卖盘
784,10:19:03,54.57,5457,1,买盘
785,10:19:06,54.56,130960,24,卖盘
786,10:19:12,54.56,5456,1,买盘
787,10:19:18,54.55,32730,6,卖盘
788,10:19:24,54.55,5455,1,卖盘
789,10:19:27,54.55,223655,41,卖盘
790,10:19:33,54.55,65460,12,买盘
791,10:19:39,54.56,136376,25,买盘
792,10:19:42,54.55,5455,1,卖盘
793,10:19:45,54.56,10911,2,买盘
794,10:19:48,54.55,5455,1,中性盘
795,10:19:51,54.55,360030,66,卖盘
796,10:19:54,54.55,32730,6,买盘
797,10:19:57,54.55,43640,8,买盘
798,10:20:00,54.55,27271,5,买盘
799,10:20:03,54.54,239981,44,卖盘
800,10:20:06,54.55,65459,12,买盘
801,10:20:12,54.55,16365,3,买盘
802,10:20:15,54.55,49095,9,买盘
803,10:20:18,54.54,147280,27,卖盘
804,10:20:24,54.54,38179,7,卖盘
805,10:20:30,54.53,5453,1,卖盘
806,10:20:33,54.54,27270,5,买盘
807,10:20:36,54.53,10906,2,卖盘
808,10:20:39,54.53,10906,2,卖盘
809,10:20:42,54.52,92684,17,卖盘
810,10:20:45,54.52,5452,1,卖盘
811,10:20:48,54.49,1291699,237,卖盘
812,10:20:51,54.49,32694,6,卖盘
813,10:20:57,54.5,38148,7,买盘
814,10:21:00,54.49,21796,4,卖盘
815,10:21:06,54.49,5449,1,买盘
816,10:21:12,54.49,27245,5,买盘
817,10:21:15,54.48,54483,10,卖盘
818,10:21:18,54.48,70824,13,卖盘
819,10:21:24,54.48,38136,7,卖盘
820,10:21:27,54.48,76272,14,卖盘
821,10:21:30,54.48,5448,1,买盘
822,10:21:33,54.48,16342,3,买盘
823,10:21:36,54.48,59918,11,买盘
824,10:21:39,54.47,49026,9,卖盘
825,10:21:42,54.48,16344,3,买盘
826,10:21:45,54.48,27240,5,买盘
827,10:21:51,54.48,38135,7,买盘
828,10:21:54,54.45,517438,95,卖盘
829,10:21:57,54.48,21789,4,买盘
830,10:22:00,54.45,38121,7,卖盘
831,10:22:06,54.45,136126,25,卖盘
832,10:22:09,54.45,435600,80,卖盘
833,10:22:12,54.45,5445,1,卖盘
834,10:22:15,54.45,245025,45,卖盘
835,10:22:18,54.44,103450,19,卖盘
836,10:22:21,54.45,27225,5,买盘
837,10:22:24,54.44,16332,3,卖盘
838,10:22:27,54.44,136100,25,卖盘
839,10:22:30,54.45,38115,7,买盘
840,10:22:33,54.47,136132,25,买盘
841,10:22:36,54.46,65353,12,卖盘
842,10:22:39,54.48,212433,39,买盘
843,10:22:42,54.45,152485,28,卖盘
844,10:22:51,54.49,87184,16,买盘
845,10:22:54,54.49,141626,26,买盘
846,10:22:57,54.46,130730,24,卖盘
847,10:23:00,54.49,49034,9,买盘
848,10:23:03,54.49,539534,99,中性盘
849,10:23:06,54.5,16350,3,买盘
850,10:23:09,54.5,103550,19,买盘
851,10:23:12,54.49,108989,20,卖盘
852,10:23:15,54.5,21799,4,买盘
853,10:23:18,54.5,54500,10,买盘
854,10:23:21,54.49,21796,4,卖盘
855,10:23:24,54.49,5449,1,买盘
856,10:23:27,54.49,5449,1,卖盘
857,10:23:30,54.48,10897,2,卖盘
858,10:23:39,54.48,21792,4,卖盘
859,10:23:42,54.5,59950,11,买盘
860,10:23:48,54.5,10898,2,买盘
861,10:23:54,54.5,54500,10,买盘
862,10:24:00,54.48,27240,5,卖盘
863,10:24:03,54.48,5448,1,买盘
864,10:24:06,54.5,5450,1,买盘
865,10:24:09,54.47,21788,4,卖盘
866,10:24:15,54.47,59920,11,卖盘
867,10:24:21,54.46,49014,9,卖盘
868,10:24:24,54.46,59906,11,卖盘
869,10:24:30,54.45,76233,14,卖盘
870,10:24:33,54.46,10892,2,买盘
871,10:24:39,54.45,141570,26,卖盘
872,10:24:45,54.46,65352,12,买盘
873,10:24:48,54.46,32676,6,卖盘
874,10:24:51,54.46,54460,10,卖盘
875,10:24:54,54.46,5446,1,中性盘
876,10:24:57,54.45,10890,2,卖盘
877,10:25:00,54.45,27225,5,卖盘
878,10:25:06,54.46,16336,3,买盘
879,10:25:09,54.45,98036,18,卖盘
880,10:25:12,54.45,5445,1,卖盘
881,10:25:18,54.45,59895,11,卖盘
882,10:25:21,54.45,49005,9,卖盘
883,10:25:24,54.43,936295,172,卖盘
884,10:25:27,54.44,81660,15,买盘
885,10:25:30,54.42,38096,7,卖盘
886,10:25:33,54.43,5443,1,卖盘
887,10:25:36,54.44,59874,11,买盘
888,10:25:39,54.43,38102,7,卖盘
889,10:25:42,54.43,43544,8,卖盘
890,10:25:45,54.44,21776,4,买盘
891,10:25:48,54.43,16329,3,卖盘
892,10:25:51,54.44,10888,2,买盘
893,10:25:54,54.43,114308,21,卖盘
894,10:26:00,54.45,27221,5,买盘
895,10:26:03,54.43,16329,3,卖盘
896,10:26:06,54.42,130617,24,卖盘
897,10:26:09,54.42,54422,10,卖盘
898,10:26:12,54.43,48985,9,买盘
899,10:26:15,54.42,10884,2,卖盘
900,10:26:18,54.42,228564,42,卖盘
901,10:26:21,54.42,146934,27,卖盘
902,10:26:24,54.37,3519883,647,卖盘
903,10:26:27,54.39,293637,54,买盘
904,10:26:30,54.41,190286,35,买盘
905,10:26:33,54.39,27195,5,卖盘
906,10:26:36,54.39,16317,3,卖盘
907,10:26:39,54.39,108758,20,卖盘
908,10:26:42,54.39,5439,1,卖盘
909,10:26:45,54.37,10876,2,卖盘
910,10:26:48,54.37,21750,4,卖盘
911,10:26:51,54.35,657648,121,卖盘
912,10:26:54,54.35,157606,29,买盘
913,10:26:57,54.35,277184,51,买盘
914,10:27:00,54.35,141278,26,买盘
915,10:27:03,54.32,76052,14,卖盘
916,10:27:06,54.4,1021924,188,买盘
917,10:27:09,54.38,32640,6,卖盘
918,10:27:12,54.37,10875,2,卖盘
919,10:27:15,54.41,10879,2,中性盘
920,10:27:18,54.42,5442,1,买盘
921,10:27:21,54.42,48958,9,买盘
922,10:27:24,54.42,21768,4,卖盘
923,10:27:27,54.43,16327,3,买盘
924,10:27:30,54.43,10886,2,买盘
925,10:27:33,54.43,5443,1,买盘
926,10:27:36,54.43,32658,6,买盘
927,10:27:39,54.43,65320,12,买盘
928,10:27:42,54.43,16330,3,卖盘
929,10:27:48,54.45,54440,10,买盘
930,10:27:51,54.45,16331,3,买盘
931,10:27:54,54.43,16329,3,卖盘
932,10:27:57,54.43,10886,2,卖盘
933,10:28:00,54.43,32658,6,卖盘
934,10:28:03,54.45,27225,5,买盘
935,10:28:09,54.43,43551,8,卖盘
936,10:28:15,54.43,38105,7,卖盘
937,10:28:21,54.45,32660,6,中性盘
938,10:28:27,54.43,5443,1,卖盘
939,10:28:33,54.45,10890,2,买盘
940,10:28:39,54.38,2284059,420,卖盘
941,10:28:42,54.4,10880,2,中性盘
942,10:28:45,54.38,10876,2,卖盘
943,10:28:48,54.43,5443,1,买盘
944,10:28:51,54.38,59822,11,卖盘
945,10:28:57,54.39,5439,1,中性盘
946,10:29:00,54.38,21752,4,卖盘
947,10:29:06,54.37,32628,6,卖盘
948,10:29:09,54.35,342417,63,卖盘
949,10:29:12,54.37,43488,8,买盘
950,10:29:18,54.35,16305,3,卖盘
951,10:29:21,54.35,65220,12,卖盘
952,10:29:24,54.35,135905,25,卖盘
953,10:29:27,54.34,5434,1,卖盘
954,10:29:33,54.34,5434,1,卖盘
955,10:29:39,54.34,27170,5,卖盘
956,10:29:42,54.34,21737,4,卖盘
957,10:29:45,54.34,152158,28,买盘
958,10:29:51,54.34,21736,4,买盘
959,10:29:54,54.34,32604,6,买盘
960,10:29:57,54.35,5435,1,买盘
961,10:30:00,54.34,38041,7,卖盘
962,10:30:03,54.35,16305,3,买盘
963,10:30:06,54.35,54350,10,买盘
964,10:30:09,54.35,59784,11,买盘
965,10:30:12,54.35,125002,23,买盘
966,10:30:15,54.36,81530,15,买盘
967,10:30:18,54.36,184824,34,买盘
968,10:30:21,54.37,135901,25,买盘
969,10:30:24,54.36,48929,9,卖盘
970,10:30:27,54.4,54395,10,买盘
971,10:30:36,54.43,5443,1,买盘
972,10:30:39,54.39,16319,3,卖盘
973,10:30:42,54.37,32634,6,卖盘
974,10:30:51,54.37,21748,4,卖盘
975,10:30:57,54.37,10874,2,卖盘
976,10:31:00,54.37,65249,12,卖盘
977,10:31:03,54.38,16314,3,买盘
978,10:31:06,54.38,152254,28,买盘
979,10:31:09,54.37,54370,10,买盘
980,10:31:12,54.37,10873,2,买盘
981,10:31:15,54.36,59805,11,卖盘
982,10:31:21,54.36,27180,5,卖盘
983,10:31:24,54.37,27184,5,买盘
984,10:31:27,54.36,81540,15,卖盘
985,10:31:30,54.37,125037,23,买盘
986,10:31:33,54.37,10874,2,买盘
987,10:31:39,54.36,16309,3,卖盘
988,10:31:42,54.36,5436,1,卖盘
989,10:31:48,54.37,27181,5,买盘
990,10:31:51,54.37,168516,31,买盘
991,10:31:54,54.35,5435,1,卖盘
992,10:31:57,54.37,10874,2,买盘
993,10:32:00,54.36,21744,4,卖盘
994,10:32:03,54.36,32616,6,买盘
995,10:32:06,54.36,5436,1,买盘
996,10:32:09,54.36,10872,2,买盘
997,10:32:12,54.36,130464,24,买盘
998,10:32:15,54.37,10874,2,买盘
999,10:32:18,54.37,5437,1,买盘
1000,10:32:21,54.37,76130,14,卖盘
1001,10:32:24,54.37,135947,25,卖盘
1002,10:32:27,54.37,5437,1,买盘
1003,10:32:30,54.36,38053,7,卖盘
1004,10:32:33,54.36,16309,3,卖盘
1005,10:32:36,54.37,10874,2,买盘
1006,10:32:39,54.37,10873,2,买盘
1007,10:32:42,54.36,32616,6,卖盘
1008,10:32:45,54.37,5437,1,买盘
1009,10:32:48,54.37,81545,15,买盘
1010,10:32:51,54.37,10873,2,买盘
1011,10:32:54,54.36,27181,5,卖盘
1012,10:32:57,54.36,5436,1,卖盘
1013,10:33:00,54.36,32616,6,卖盘
1014,10:33:03,54.37,32622,6,买盘
1015,10:33:06,54.36,152210,28,卖盘
1016,10:33:09,54.35,5435,1,卖盘
1017,10:33:12,54.36,5436,1,买盘
1018,10:33:15,54.36,5436,1,买盘
1019,10:33:18,54.35,27179,5,卖盘
1020,10:33:21,54.36,38048,7,买盘
1021,10:33:24,54.36,43488,8,买盘
1022,10:33:27,54.36,10872,2,买盘
1023,10:33:30,54.35,331535,61,卖盘
1024,10:33:33,54.35,108700,20,买盘
1025,10:33:36,54.34,336913,62,卖盘
1026,10:33:39,54.34,10868,2,买盘
1027,10:33:42,54.34,54335,10,买盘
1028,10:33:45,54.32,1233254,227,卖盘
1029,10:33:48,54.31,619139,114,卖盘
1030,10:33:51,54.31,200949,37,卖盘
1031,10:33:54,54.31,81465,15,卖盘
1032,10:33:57,54.31,27155,5,卖盘
1033,10:34:00,54.31,76034,14,卖盘
1034,10:34:03,54.32,16295,3,买盘
1035,10:34:06,54.31,298705,55,卖盘
1036,10:34:09,54.31,38015,7,买盘
1037,10:34:12,54.29,1672461,308,卖盘
1038,10:34:15,54.28,65144,12,卖盘
1039,10:34:18,54.28,21713,4,卖盘
1040,10:34:21,54.28,32568,6,卖盘
1041,10:34:24,54.28,255116,47,卖盘
1042,10:34:27,54.27,5427,1,卖盘
1043,10:34:30,54.27,37989,7,卖盘
1044,10:34:33,54.27,5427,1,买盘
1045,10:34:36,54.27,10854,2,买盘
1046,10:34:39,54.27,16281,3,买盘
1047,10:34:42,54.26,113946,21,卖盘
1048,10:34:45,54.25,21700,4,卖盘
1049,10:34:48,54.26,37976,7,买盘
1050,10:34:51,54.26,27126,5,买盘
1051,10:34:54,54.24,16275,3,卖盘
1052,10:34:57,54.25,5425,1,买盘
1053,10:35:00,54.23,195263,36,卖盘
1054,10:35:03,54.24,59661,11,买盘
1055,10:35:06,54.23,37961,7,卖盘
1056,10:35:09,54.24,16272,3,买盘
1057,10:35:12,54.24,330831,61,买盘
1058,10:35:15,54.26,336320,62,买盘
1059,10:35:18,54.23,146450,27,卖盘
1060,10:35:24,54.25,260325,48,买盘
1061,10:35:27,54.25,195261,36,买盘
1062,10:35:30,54.25,43394,8,中性盘
1063,10:35:33,54.25,16275,3,卖盘
1064,10:35:36,54.26,21701,4,买盘
1065,10:35:42,54.25,103075,19,卖盘
1066,10:35:45,54.25,32550,6,买盘
1067,10:35:48,54.25,184450,34,买盘
1068,10:35:51,54.23,216958,40,卖盘
1069,10:35:57,54.25,16275,3,卖盘
1070,10:36:00,54.23,70517,13,卖盘
1071,10:36:03,54.23,27115,5,卖盘
1072,10:36:06,54.23,43388,8,卖盘
1073,10:36:09,54.23,48809,9,卖盘
1074,10:36:12,54.23,27116,5,卖盘
1075,10:36:15,54.23,5423,1,卖盘
1076,10:36:18,54.23,16269,3,卖盘
1077,10:36:21,54.23,48813,9,卖盘
1078,10:36:24,54.23,32538,6,卖盘
1079,10:36:27,54.24,5424,1,买盘
1080,10:36:30,54.23,48807,9,卖盘
1081,10:36:33,54.26,254959,47,买盘
1082,10:36:36,54.25,70525,13,卖盘
1083,10:36:39,54.26,5426,1,买盘
1084,10:36:42,54.25,21700,4,卖盘
1085,10:36:45,54.26,10853,2,中性盘
1086,10:36:51,54.26,27131,5,卖盘
1087,10:36:54,54.27,16281,3,买盘
1088,10:36:57,54.27,5427,1,买盘
1089,10:37:00,54.27,10853,2,买盘
1090,10:37:03,54.27,5427,1,买盘
1091,10:37:06,54.3,217096,40,买盘
1092,10:37:12,54.31,21714,4,买盘
1093,10:37:15,54.31,10862,2,买盘
1094,10:37:18,54.31,5431,1,买盘
1095,10:37:24,54.31,32586,6,买盘
1096,10:37:27,54.31,5431,1,买盘
1097,10:37:33,54.32,16295,3,买盘
1098,10:37:39,54.28,70573,13,卖盘
1099,10:37:42,54.28,81437,15,买盘
1100,10:37:45,54.27,27135,5,卖盘
1101,10:37:48,54.27,10855,2,卖盘
1102,10:37:57,54.29,5429,1,卖盘
1103,10:38:03,54.29,5429,1,卖盘
1104,10:38:06,54.32,5432,1,买盘
1105,10:38:09,54.29,5429,1,中性盘
1106,10:38:15,54.3,10860,2,买盘
1107,10:38:18,54.32,65160,12,买盘
1108,10:38:24,54.32,5432,1,买盘
1109,10:38:27,54.32,16296,3,买盘
1110,10:38:30,54.32,27160,5,买盘
1111,10:38:33,54.32,5432,1,买盘
1112,10:38:39,54.29,59724,11,卖盘
1113,10:38:42,54.32,10864,2,买盘
1114,10:38:45,54.32,303979,56,买盘
1115,10:38:48,54.32,5432,1,买盘
1116,10:38:51,54.32,10864,2,买盘
1117,10:38:54,54.32,369216,68,买盘
1118,10:38:57,54.32,16296,3,买盘
1119,10:39:03,54.32,32592,6,买盘
1120,10:39:06,54.32,48888,9,买盘
1121,10:39:12,54.32,16296,3,买盘
1122,10:39:15,54.3,32580,6,卖盘
1123,10:39:18,54.32,16296,3,买盘
1124,10:39:30,54.36,820241,151,买盘
1125,10:39:33,54.36,10872,2,卖盘
1126,10:39:36,54.41,27201,5,买盘
1127,10:39:39,54.41,16323,3,买盘
1128,10:39:42,54.41,10878,2,买盘
1129,10:39:45,54.41,54410,10,买盘
1130,10:39:48,54.41,5441,1,买盘
1131,10:39:51,54.42,5442,1,买盘
1132,10:39:54,54.41,10882,2,买盘
1133,10:39:57,54.42,16327,3,卖盘
1134,10:40:03,54.42,21768,4,中性盘
1135,10:40:06,54.41,10883,2,卖盘
1136,10:40:09,54.42,59858,11,买盘
1137,10:40:12,54.41,10882,2,卖盘
1138,10:40:15,54.41,5441,1,卖盘
1139,10:40:18,54.41,43528,8,卖盘
1140,10:40:21,54.41,21764,4,卖盘
1141,10:40:27,54.41,32647,6,卖盘
1142,10:40:30,54.41,5441,1,卖盘
1143,10:40:33,54.41,81616,15,卖盘
1144,10:40:36,54.41,5441,1,买盘
1145,10:40:39,54.38,5438,1,卖盘
1146,10:40:45,54.41,10881,2,买盘
1147,10:40:48,54.4,228402,42,卖盘
1148,10:40:51,54.42,10884,2,买盘
1149,10:40:54,54.42,10883,2,买盘
1150,10:41:00,54.4,103360,19,卖盘
1151,10:41:09,54.4,48953,9,买盘
1152,10:41:12,54.35,10870,2,卖盘
1153,10:41:18,54.38,10878,2,中性盘
1154,10:41:21,54.4,54398,10,买盘
1155,10:41:27,54.4,5440,1,买盘
1156,10:41:33,54.4,5440,1,买盘
1157,10:41:36,54.4,217600,40,买盘
1158,10:41:42,54.35,43480,8,卖盘
1159,10:41:45,54.4,65280,12,买盘
1160,10:41:57,54.4,5440,1,买盘
1161,10:42:03,54.35,54350,10,卖盘
1162,10:42:06,54.35,5435,1,卖盘
1163,10:42:09,54.35,27175,5,卖盘
1164,10:42:21,54.35,135875,25,卖盘
1165,10:42:27,54.35,10870,2,买盘
1166,10:42:30,54.34,10869,2,卖盘
1167,10:42:33,54.34,27171,5,卖盘
1168,10:42:48,54.34,5434,1,卖盘
1169,10:42:51,54.35,43480,8,买盘
1170,10:42:54,54.33,5433,1,卖盘
1171,10:43:06,54.33,48911,9,卖盘
1172,10:43:12,54.33,222753,41,卖盘
1173,10:43:15,54.33,54330,10,卖盘
1174,10:43:21,54.38,5438,1,买盘
1175,10:43:27,54.38,27189,5,买盘
1176,10:43:33,54.38,21752,4,买盘
1177,10:43:36,54.38,5438,1,买盘
1178,10:43:39,54.38,54380,10,买盘
1179,10:43:42,54.39,97902,18,买盘
1180,10:43:45,54.41,984641,181,买盘
1181,10:43:51,54.4,27202,5,卖盘
1182,10:43:54,54.42,21768,4,买盘
1183,10:43:57,54.42,27210,5,买盘
1184,10:44:00,54.41,87066,16,卖盘
1185,10:44:12,54.42,48977,9,买盘
1186,10:44:15,54.41,38093,7,卖盘
1187,10:44:33,54.42,27210,5,买盘
1188,10:44:36,54.42,65297,12,买盘
1189,10:44:39,54.41,5441,1,卖盘
1190,10:44:42,54.42,27207,5,买盘
1191,10:44:51,54.42,21764,4,买盘
1192,10:44:57,54.41,27205,5,买盘
1193,10:45:00,54.41,10881,2,买盘
1194,10:45:03,54.41,5441,1,买盘
1195,10:45:06,54.41,5441,1,买盘
1196,10:45:12,54.41,5441,1,买盘
1197,10:45:15,54.4,27200,5,卖盘
1198,10:45:24,54.41,16321,3,买盘
1199,10:45:27,54.4,5440,1,卖盘
1200,10:45:39,54.41,5441,1,买盘
1201,10:45:45,54.41,5441,1,买盘
1202,10:45:48,54.41,10882,2,买盘
1203,10:45:51,54.41,5441,1,买盘
1204,10:45:54,54.4,16321,3,卖盘
1205,10:45:57,54.4,10881,2,卖盘
1206,10:46:00,54.4,16320,3,卖盘
1207,10:46:03,54.4,108812,20,卖盘
1208,10:46:09,54.4,5440,1,买盘
1209,10:46:12,54.4,38080,7,买盘
1210,10:46:15,54.39,70707,13,卖盘
1211,10:46:18,54.38,27190,5,卖盘
1212,10:46:33,54.36,32616,6,卖盘
1213,10:46:36,54.36,5436,1,买盘
1214,10:46:39,54.38,10876,2,买盘
1215,10:46:51,54.35,5435,1,卖盘
1216,10:46:54,54.4,168617,31,买盘
1217,10:47:06,54.43,32645,6,买盘
1218,10:47:09,54.4,16320,3,卖盘
1219,10:47:15,54.43,5443,1,买盘
1220,10:47:21,54.42,10882,2,买盘
1221,10:47:24,54.42,5442,1,买盘
1222,10:47:30,54.43,5443,1,买盘
1223,10:47:48,54.42,5442,1,卖盘
1224,10:47:51,54.43,5443,1,买盘
1225,10:48:03,54.42,5442,1,买盘
1226,10:48:06,54.44,261307,48,买盘
1227,10:48:09,54.44,21778,4,卖盘
1228,10:48:12,54.44,5444,1,卖盘
1229,10:48:15,54.42,43545,8,卖盘
1230,10:48:18,54.44,5444,1,中性盘
1231,10:48:33,54.44,16332,3,买盘
1232,10:48:36,54.44,5444,1,买盘
1233,10:48:39,54.42,10884,2,卖盘
1234,10:48:48,54.42,5442,1,卖盘
1235,10:49:00,54.43,10886,2,卖盘
1236,10:49:06,54.41,43534,8,卖盘
1237,10:49:09,54.41,5441,1,卖盘
1238,10:49:12,54.4,255684,47,卖盘
1239,10:49:18,54.4,5440,1,买盘
1240,10:49:21,54.4,27200,5,买盘
1241,10:49:24,54.4,5440,1,买盘
1242,10:49:30,54.4,5440,1,买盘
1243,10:49:33,54.38,32628,6,卖盘
1244,10:49:36,54.38,5438,1,买盘
1245,10:49:39,54.38,32628,6,买盘
1246,10:49:42,54.38,5438,1,卖盘
1247,10:49:45,54.4,10880,2,买盘
1248,10:49:51,54.39,5439,1,卖盘
1249,10:50:00,54.4,27198,5,买盘
1250,10:50:09,54.39,10878,2,买盘
1251,10:50:18,54.4,5440,1,买盘
1252,10:50:21,54.4,10879,2,买盘
1253,10:50:30,54.4,5440,1,买盘
1254,10:50:36,54.4,5440,1,买盘
1255,10:50:42,54.39,43513,8,卖盘
1256,10:50:45,54.4,27200,5,买盘
1257,10:50:51,54.39,16317,3,买盘
1258,10:50:54,54.4,27193,5,买盘
1259,10:50:57,54.38,5438,1,卖盘
1260,10:51:12,54.39,10878,2,买盘
1261,10:51:18,54.39,48959,9,卖盘
1262,10:51:21,54.4,5440,1,买盘
1263,10:51:24,54.4,10880,2,买盘
1264,10:51:27,54.4,10880,2,买盘
1265,10:51:30,54.39,38073,7,卖盘
1266,10:51:33,54.39,5439,1,买盘
1267,10:51:39,54.39,65257,12,买盘
1268,10:51:42,54.39,5439,1,买盘
1269,10:51:48,54.4,5440,1,买盘
1270,10:51:51,54.39,5439,1,卖盘
1271,10:51:57,54.41,10881,2,买盘
1272,10:52:12,54.41,5441,1,买盘
1273,10:52:18,54.39,43512,8,卖盘
1274,10:52:27,54.38,87008,16,卖盘
1275,10:52:30,54.38,5438,1,卖盘
1276,10:52:36,54.38,21752,4,卖盘
1277,10:52:42,54.38,10876,2,买盘
1278,10:52:48,54.38,5438,1,买盘
1279,10:53:12,54.37,92436,17,卖盘
1280,10:53:15,54.37,5437,1,卖盘
1281,10:53:21,54.38,48942,9,买盘
1282,10:53:24,54.37,70681,13,卖盘
1283,10:53:27,54.37,10874,2,买盘
1284,10:53:36,54.36,27180,5,卖盘
1285,10:53:48,54.35,54350,10,卖盘
1286,10:53:51,54.36,10872,2,买盘
1287,10:53:57,54.35,27176,5,卖盘
1288,10:54:00,54.35,92395,17,卖盘
1289,10:54:03,54.36,54357,10,买盘
1290,10:54:06,54.34,10868,2,卖盘
1291,10:54:12,54.34,5434,1,卖盘
1292,10:54:18,54.34,21736,4,卖盘
1293,10:54:24,54.34,54340,10,卖盘
1294,10:54:51,54.35,38039,7,买盘
1295,10:54:54,54.35,10870,2,买盘
1296,10:55:03,54.35,5435,1,买盘
1297,10:55:09,54.35,5435,1,买盘
1298,10:55:12,54.34,21738,4,卖盘
1299,10:55:15,54.35,27175,5,买盘
1300,10:55:18,54.35,5435,1,卖盘
1301,10:55:21,54.35,16305,3,买盘
1302,10:55:39,54.34,16302,3,卖盘
1303,10:55:54,54.34,32604,6,卖盘
1304,10:55:57,54.34,27170,5,卖盘
1305,10:56:03,54.34,27170,5,卖盘
1306,10:56:09,54.34,21736,4,买盘
1307,10:56:12,54.34,5434,1,买盘
1308,10:56:15,54.35,10869,2,买盘
1309,10:56:24,54.35,5435,1,买盘
1310,10:56:27,54.35,32610,6,买盘
1311,10:56:30,54.35,5435,1,买盘
1312,10:56:33,54.34,43472,8,卖盘
1313,10:56:45,54.34,10868,2,买盘
1314,10:56:57,54.34,81500,15,买盘
1315,10:57:00,54.34,38038,7,卖盘
1316,10:57:03,54.35,5435,1,买盘
1317,10:57:06,54.34,5434,1,卖盘
1318,10:57:09,54.34,43472,8,卖盘
1319,10:57:12,54.34,16302,3,买盘
1320,10:57:15,54.34,16302,3,买盘
1321,10:57:24,54.35,5435,1,买盘
1322,10:57:27,54.34,5434,1,卖盘
1323,10:57:36,54.36,146759,27,买盘
1324,10:57:39,54.36,5436,1,买盘
1325,10:57:42,54.37,679241,125,买盘
1326,10:57:48,54.35,5435,1,卖盘
1327,10:57:51,54.37,10874,2,买盘
1328,10:57:54,54.54,2600393,478,买盘
1329,10:57:57,54.56,229093,42,买盘
1330,10:58:06,54.52,163619,30,中性盘
1331,10:58:09,54.56,289166,53,买盘
1332,10:58:12,54.55,76370,14,中性盘
1333,10:58:18,54.6,420119,77,买盘
1334,10:58:21,54.59,191065,35,卖盘
1335,10:58:24,54.63,49165,9,买盘
1336,10:58:27,54.65,289677,53,买盘
1337,10:58:33,54.65,125707,23,卖盘
1338,10:58:36,54.69,5469,1,买盘
1339,10:58:39,54.69,16404,3,买盘
1340,10:58:45,54.69,92957,17,买盘
1341,10:58:48,54.69,54690,10,买盘
1342,10:58:51,54.64,710660,130,卖盘
1343,10:58:54,54.59,377054,69,卖盘
1344,10:59:00,54.63,16389,3,卖盘
1345,10:59:03,54.65,5465,1,买盘
1346,10:59:06,54.65,16391,3,买盘
1347,10:59:09,54.65,43720,8,买盘
1348,10:59:12,54.65,32787,6,买盘
1349,10:59:15,54.65,10930,2,买盘
1350,10:59:18,54.65,10930,2,买盘
1351,10:59:24,54.67,278926,51,买盘
1352,10:59:27,54.67,10934,2,卖盘
1353,10:59:30,54.71,5471,1,买盘
1354,10:59:33,54.67,5467,1,中性盘
1355,10:59:36,54.71,16409,3,买盘
1356,10:59:39,54.71,136822,25,买盘
1357,10:59:42,54.74,43771,8,中性盘
1358,10:59:48,54.74,5474,1,买盘
1359,10:59:51,54.75,65693,12,买盘
1360,10:59:54,54.76,175205,32,买盘
1361,10:59:57,54.74,10948,2,买盘
1362,11:00:00,54.72,21888,4,卖盘
1363,11:00:03,54.7,317337,58,卖盘
1364,11:00:06,54.65,733135,134,卖盘
1365,11:00:09,54.62,464233,85,卖盘
1366,11:00:12,54.65,32781,6,中性盘
1367,11:00:18,54.65,16389,3,买盘
1368,11:00:21,54.59,76469,14,卖盘
1369,11:00:24,54.58,10916,2,卖盘
1370,11:00:30,54.58,54580,10,卖盘
1371,11:00:33,54.6,5460,1,买盘
1372,11:00:36,54.59,32754,6,买盘
1373,11:00:39,54.6,27300,5,买盘
1374,11:00:45,54.6,27300,5,买盘
1375,11:00:48,54.6,38220,7,卖盘
1376,11:00:51,54.61,5461,1,买盘
1377,11:00:54,54.61,71079,13,中性盘
1378,11:00:57,54.6,246005,45,卖盘
1379,11:01:00,54.6,5460,1,卖盘
1380,11:01:03,54.6,60114,11,卖盘
1381,11:01:09,54.68,5468,1,买盘
1382,11:01:21,54.57,360297,66,卖盘
1383,11:01:24,54.61,141958,26,买盘
1384,11:01:33,54.61,16383,3,中性盘
1385,11:01:42,54.53,130884,24,卖盘
1386,11:01:45,54.56,21824,4,中性盘
1387,11:01:54,54.57,27282,5,买盘
1388,11:02:15,54.55,5455,1,中性盘
1389,11:02:27,54.51,16353,3,中性盘
1390,11:02:30,54.5,10900,2,卖盘
1391,11:02:33,54.5,59950,11,卖盘
1392,11:02:36,54.5,27250,5,中性盘
1393,11:02:39,54.51,49059,9,买盘
1394,11:02:54,54.5,5450,1,卖盘
1395,11:03:00,54.51,59960,11,买盘
1396,11:03:03,54.51,10902,2,买盘
1397,11:03:12,54.51,32706,6,买盘
1398,11:03:18,54.51,10902,2,卖盘
1399,11:03:24,54.51,81765,15,卖盘
1400,11:03:33,54.51,27252,5,买盘
1401,11:03:36,54.5,21802,4,卖盘
1402,11:03:39,54.51,81765,15,中性盘
1403,11:03:42,54.51,16353,3,卖盘
1404,11:03:45,54.51,10902,2,卖盘
1405,11:03:48,54.5,87215,16,卖盘
1406,11:03:57,54.5,5450,1,买盘
1407,11:04:03,54.5,190750,35,买盘
1408,11:04:09,54.56,59993,11,买盘
1409,11:04:15,54.6,76412,14,买盘
1410,11:04:18,54.54,5454,1,中性盘
1411,11:04:24,54.6,54585,10,买盘
1412,11:04:30,54.51,436356,80,卖盘
1413,11:04:33,54.59,87346,16,买盘
1414,11:04:36,54.45,288818,53,卖盘
1415,11:04:39,54.47,5447,1,买盘
1416,11:04:42,54.47,5447,1,买盘
1417,11:04:54,54.45,21780,4,卖盘
1418,11:05:06,54.58,49109,9,买盘
1419,11:05:09,54.52,43622,8,卖盘
1420,11:05:15,54.57,5457,1,中性盘
1421,11:05:24,54.58,38181,7,买盘
1422,11:05:27,54.55,5455,1,卖盘
1423,11:05:30,54.58,5458,1,买盘
1424,11:05:33,54.55,10910,2,卖盘
1425,11:05:36,54.59,5459,1,买盘
1426,11:05:45,54.59,5459,1,买盘
1427,11:05:48,54.6,5460,1,买盘
1428,11:05:54,54.56,5456,1,卖盘
1429,11:06:00,54.6,5460,1,买盘
1430,11:06:03,54.6,10919,2,买盘
1431,11:06:06,54.57,49113,9,卖盘
1432,11:06:18,54.6,169260,31,买盘
1433,11:06:21,54.63,60083,11,买盘
1434,11:06:24,54.6,10920,2,卖盘
1435,11:06:27,54.61,10922,2,中性盘
1436,11:06:33,54.64,65553,12,买盘
1437,11:06:36,54.64,365915,67,买盘
1438,11:06:39,54.58,60051,11,卖盘
1439,11:06:42,54.63,32772,6,买盘
1440,11:06:54,54.63,5463,1,买盘
1441,11:06:57,54.63,10926,2,买盘
1442,11:07:00,54.57,70957,13,卖盘
1443,11:07:03,54.6,147314,27,中性盘
1444,11:07:06,54.59,10918,2,买盘
1445,11:07:09,54.6,5460,1,买盘
1446,11:07:24,54.55,32730,6,卖盘
1447,11:07:27,54.55,5455,1,卖盘
1448,11:07:33,54.55,10910,2,卖盘
1449,11:07:39,54.54,5454,1,卖盘
1450,11:07:42,54.54,5454,1,中性盘
1451,11:07:45,54.55,16365,3,卖盘
1452,11:07:48,54.59,109180,20,买盘
1453,11:07:54,54.55,5455,1,卖盘
1454,11:08:00,54.55,5455,1,卖盘
1455,11:08:03,54.55,10910,2,卖盘
1456,11:08:06,54.58,87291,16,买盘
1457,11:08:09,54.53,21812,4,卖盘
1458,11:08:27,54.56,10912,2,买盘
1459,11:08:30,54.55,5455,1,卖盘
1460,11:08:33,54.56,5456,1,中性盘
1461,11:08:36,54.57,10914,2,买盘
1462,11:08:48,54.57,5457,1,卖盘
1463,11:08:57,54.55,152771,28,卖盘
1464,11:09:18,54.55,43640,8,卖盘
1465,11:09:36,54.55,5455,1,卖盘
1466,11:09:42,54.55,81825,15,卖盘
1467,11:09:45,54.54,5454,1,卖盘
1468,11:09:54,54.54,119987,22,卖盘
1469,11:09:57,54.53,5453,1,卖盘
1470,11:10:00,54.53,54530,10,卖盘
1471,11:10:03,54.53,16359,3,卖盘
1472,11:10:06,54.5,21804,4,卖盘
1473,11:10:09,54.5,27250,5,卖盘
1474,11:10:12,54.53,10903,2,买盘
1475,11:10:18,54.5,5450,1,卖盘
1476,11:10:24,54.51,16353,3,卖盘
1477,11:10:27,54.51,5451,1,卖盘
1478,11:10:30,54.51,5451,1,卖盘
1479,11:10:36,54.51,32707,6,卖盘
1480,11:10:39,54.51,5451,1,卖盘
1481,11:10:45,54.52,5452,1,买盘
1482,11:10:54,54.52,10904,2,买盘
1483,11:10:57,54.52,5452,1,买盘
1484,11:11:00,54.51,10902,2,卖盘
1485,11:11:03,54.51,65412,12,卖盘
1486,11:11:06,54.51,5451,1,卖盘
1487,11:11:15,54.51,10902,2,卖盘
1488,11:11:21,54.53,5453,1,买盘
1489,11:11:24,54.53,10906,2,买盘
1490,11:11:30,54.53,43624,8,买盘
1491,11:11:36,54.54,10908,2,买盘
1492,11:11:39,54.54,27266,5,买盘
1493,11:11:42,54.54,5454,1,买盘
1494,11:11:48,54.54,54540,10,买盘
1495,11:11:51,54.53,10907,2,卖盘
1496,11:12:03,54.54,16362,3,买盘
1497,11:12:06,54.54,65448,12,买盘
1498,11:12:09,54.54,10908,2,买盘
1499,11:12:12,54.53,10906,2,卖盘
1500,11:12:15,54.54,5454,1,买盘
1501,11:12:18,54.54,16362,3,买盘
1502,11:12:21,54.53,5453,1,卖盘
1503,11:12:51,54.54,49086,9,买盘
1504,11:12:54,54.54,5454,1,卖盘
1505,11:12:57,54.54,5454,1,卖盘
1506,11:13:00,54.54,21816,4,卖盘
1507,11:13:03,54.55,16364,3,买盘
1508,11:13:06,54.54,5454,1,卖盘
1509,11:13:09,54.54,10908,2,卖盘
1510,11:13:12,54.54,21816,4,卖盘
1511,11:13:15,54.55,109100,20,买盘
1512,11:13:18,54.57,38189,7,买盘
1513,11:13:21,54.57,65478,12,买盘
1514,11:13:27,54.57,5457,1,买盘
1515,11:13:36,54.57,38199,7,买盘
1516,11:13:42,54.57,5457,1,买盘
1517,11:13:45,54.57,27285,5,买盘
1518,11:13:48,54.6,136494,25,买盘
1519,11:13:54,54.61,5461,1,买盘
1520,11:14:03,54.62,16386,3,买盘
1521,11:14:06,54.63,10926,2,买盘
1522,11:14:09,54.63,10926,2,买盘
1523,11:14:15,54.63,43704,8,买盘
1524,11:14:18,54.63,10926,2,买盘
1525,11:14:21,54.65,71031,13,买盘
1526,11:14:27,54.63,131119,24,卖盘
1527,11:14:30,54.6,147431,27,卖盘
1528,11:14:33,54.6,163800,30,卖盘
1529,11:14:36,54.6,16372,3,买盘
1530,11:14:39,54.6,5460,1,买盘
1531,11:14:42,54.6,21840,4,买盘
1532,11:14:57,54.6,87360,16,买盘
1533,11:15:00,54.65,60097,11,买盘
1534,11:15:03,54.61,5461,1,卖盘
1535,11:15:09,54.62,49166,9,卖盘
1536,11:15:12,54.62,21848,4,卖盘
1537,11:15:15,54.62,21847,4,买盘
1538,11:15:18,54.64,136560,25,买盘
1539,11:15:24,54.64,27320,5,买盘
1540,11:15:27,54.65,49182,9,买盘
1541,11:15:30,54.65,16393,3,中性盘
1542,11:15:33,54.65,71048,13,买盘
1543,11:15:36,54.66,5466,1,中性盘
1544,11:15:42,54.68,5468,1,买盘
1545,11:15:45,54.66,27330,5,中性盘
1546,11:15:48,54.68,5468,1,买盘
1547,11:15:51,54.66,16399,3,中性盘
1548,11:15:54,54.67,38271,7,中性盘
1549,11:15:57,54.66,5466,1,卖盘
1550,11:16:00,54.66,54669,10,卖盘
1551,11:16:03,54.66,120239,22,卖盘
1552,11:16:06,54.64,5464,1,卖盘
1553,11:16:09,54.64,158511,29,卖盘
1554,11:16:12,54.64,10928,2,卖盘
1555,11:16:15,54.63,16391,3,卖盘
1556,11:16:18,54.64,224112,41,买盘
1557,11:16:21,54.63,21852,4,卖盘
1558,11:16:27,54.65,103811,19,买盘
1559,11:16:36,54.62,27310,5,中性盘
1560,11:16:39,54.64,27321,5,中性盘
1561,11:16:45,54.63,38241,7,买盘
1562,11:16:51,54.63,21852,4,买盘
1563,11:16:54,54.64,5464,1,买盘
1564,11:16:57,54.64,10928,2,买盘
1565,11:17:00,54.64,16392,3,中性盘
1566,11:17:03,54.65,16395,3,买盘
1567,11:17:06,54.65,32787,6,买盘
1568,11:17:09,54.69,5469,1,买盘
1569,11:17:12,54.65,43720,8,卖盘
1570,11:17:15,54.66,10932,2,中性盘
1571,11:17:21,54.66,32798,6,中性盘
1572,11:17:24,54.65,10930,2,卖盘
1573,11:17:27,54.65,32791,6,卖盘
1574,11:17:30,54.68,5468,1,买盘
1575,11:17:36,54.68,32803,6,买盘
1576,11:17:39,54.68,5468,1,买盘
1577,11:17:42,54.68,142168,26,买盘
1578,11:17:48,54.65,251358,46,卖盘
1579,11:18:00,54.62,5462,1,卖盘
1580,11:18:03,54.65,16395,3,买盘
1581,11:18:06,54.65,10930,2,买盘
1582,11:18:18,54.62,202115,37,卖盘
1583,11:18:21,54.62,5462,1,买盘
1584,11:18:27,54.62,10923,2,买盘
1585,11:18:36,54.61,120142,22,卖盘
1586,11:18:39,54.61,169291,31,买盘
1587,11:18:42,54.61,43688,8,买盘
1588,11:18:45,54.62,27306,5,买盘
1589,11:18:48,54.62,114672,21,买盘
1590,11:18:51,54.63,10925,2,买盘
1591,11:18:54,54.63,10926,2,买盘
1592,11:19:06,54.63,54630,10,卖盘
1593,11:19:09,54.62,218502,40,卖盘
1594,11:19:12,54.61,32766,6,卖盘
1595,11:19:15,54.61,16383,3,买盘
1596,11:19:24,54.61,5461,1,买盘
1597,11:19:27,54.58,5458,1,卖盘
1598,11:19:39,54.59,5459,1,卖盘
1599,11:19:45,54.6,10920,2,卖盘
1600,11:19:48,54.6,21840,4,买盘
1601,11:19:54,54.58,147366,27,卖盘
1602,11:20:03,54.57,5457,1,卖盘
1603,11:20:09,54.57,27285,5,卖盘
1604,11:20:15,54.58,54578,10,买盘
1605,11:20:18,54.59,316568,58,买盘
1606,11:20:21,54.61,5461,1,买盘
1607,11:20:24,54.61,5461,1,买盘
1608,11:20:30,54.61,32766,6,买盘
1609,11:20:33,54.6,27301,5,卖盘
1610,11:20:39,54.62,10922,2,买盘
1611,11:20:45,54.62,43696,8,买盘
1612,11:20:51,54.65,180310,33,买盘
1613,11:21:03,54.67,71050,13,买盘
1614,11:21:09,54.65,27325,5,卖盘
1615,11:21:15,54.64,114768,21,卖盘
1616,11:21:18,54.65,27325,5,买盘
1617,11:21:27,54.63,43707,8,卖盘
1618,11:21:30,54.62,5462,1,卖盘
1619,11:21:39,54.62,54620,10,卖盘
1620,11:21:45,54.63,16389,3,买盘
1621,11:22:00,54.63,5463,1,买盘
1622,11:22:03,54.63,5463,1,买盘
1623,11:22:06,54.63,5463,1,买盘
1624,11:22:09,54.62,21848,4,卖盘
1625,11:22:15,54.63,32778,6,买盘
1626,11:22:39,54.62,76468,14,卖盘
1627,11:22:45,54.63,16387,3,买盘
1628,11:22:48,54.62,5462,1,卖盘
1629,11:22:51,54.63,21852,4,买盘
1630,11:22:57,54.63,5463,1,买盘
1631,11:23:03,54.63,65556,12,买盘
1632,11:23:09,54.65,54640,10,买盘
1633,11:23:18,54.63,16389,3,中性盘
1634,11:23:27,54.65,76476,14,买盘
1635,11:23:30,54.63,16389,3,中性盘
1636,11:23:33,54.61,131064,24,卖盘
1637,11:23:45,54.6,10920,2,卖盘
1638,11:23:48,54.61,10922,2,中性盘
1639,11:23:51,54.6,163802,30,卖盘
1640,11:24:00,54.61,27305,5,买盘
1641,11:24:06,54.61,21844,4,买盘
1642,11:24:09,54.61,10921,2,买盘
1643,11:24:18,54.61,16383,3,买盘
1644,11:24:21,54.61,21844,4,买盘
1645,11:24:24,54.61,10922,2,买盘
1646,11:24:27,54.6,27302,5,卖盘
1647,11:24:36,54.61,5461,1,卖盘
1648,11:24:39,54.61,196596,36,卖盘
1649,11:24:42,54.62,10924,2,买盘
1650,11:24:45,54.59,180167,33,卖盘
1651,11:24:48,54.58,21832,4,卖盘
1652,11:24:51,54.58,10916,2,卖盘
1653,11:24:54,54.57,87318,16,卖盘
1654,11:25:00,54.57,21828,4,买盘
1655,11:25:03,54.57,5457,1,卖盘
1656,11:25:12,54.59,16377,3,买盘
1657,11:25:18,54.57,174637,32,卖盘
1658,11:25:27,54.58,16375,3,卖盘
1659,11:25:30,54.59,191025,35,买盘
1660,11:25:42,54.59,10919,2,卖盘
1661,11:25:48,54.6,16380,3,买盘
1662,11:25:57,54.6,5460,1,买盘
1663,11:26:00,54.6,5460,1,买盘
1664,11:26:03,54.59,21836,4,卖盘
1665,11:26:09,54.59,5459,1,卖盘
1666,11:26:15,54.59,131016,24,卖盘
1667,11:26:21,54.59,38213,7,卖盘
1668,11:26:27,54.59,16377,3,卖盘
1669,11:26:39,54.6,5460,1,买盘
1670,11:26:42,54.59,60050,11,卖盘
1671,11:26:45,54.59,16377,3,卖盘
1672,11:26:51,54.59,16377,3,卖盘
1673,11:26:54,54.59,38213,7,卖盘
1674,11:26:57,54.58,38207,7,卖盘
1675,11:27:09,54.58,5458,1,卖盘
1676,11:27:12,54.58,32748,6,卖盘
1677,11:27:15,54.58,70954,13,卖盘
1678,11:27:18,54.56,60032,11,卖盘
1679,11:27:21,54.56,38192,7,卖盘
1680,11:27:27,54.56,16368,3,卖盘
1681,11:27:30,54.56,27280,5,卖盘
1682,11:27:51,54.55,27275,5,卖盘
1683,11:27:57,54.55,16365,3,卖盘
1684,11:28:00,54.55,32730,6,卖盘
1685,11:28:03,54.54,16364,3,卖盘
1686,11:28:18,54.55,5455,1,买盘
1687,11:28:24,54.55,5455,1,买盘
1688,11:28:33,54.54,5454,1,卖盘
1689,11:28:36,54.54,21816,4,卖盘
1690,11:28:39,54.55,70913,13,买盘
1691,11:28:45,54.56,60024,11,中性盘
1692,11:28:48,54.56,5456,1,卖盘
1693,11:28:51,54.56,10912,2,中性盘
1694,11:28:54,54.55,5455,1,卖盘
1695,11:28:57,54.55,16365,3,卖盘
1696,11:29:00,54.55,10910,2,卖盘
1697,11:29:03,54.55,21820,4,卖盘
1698,11:29:06,54.54,294569,54,卖盘
1699,11:29:09,54.54,163620,30,卖盘
1700,11:29:12,54.54,38179,7,卖盘
1701,11:29:15,54.53,54531,10,卖盘
1702,11:29:18,54.54,76356,14,买盘
1703,11:29:21,54.53,16359,3,卖盘
1704,11:29:27,54.54,54540,10,买盘
1705,11:29:30,54.55,5455,1,买盘
1706,11:29:33,54.53,38174,7,卖盘
1707,11:29:39,54.55,5455,1,买盘
1708,11:29:42,54.55,10909,2,买盘
1709,11:29:45,54.55,10910,2,买盘
1710,11:29:48,54.54,16364,3,卖盘
1711,11:29:51,54.53,381742,70,卖盘
1712,11:29:54,54.53,49077,9,买盘
1713,11:29:57,54.52,98140,18,卖盘
1714,11:30:00,54.51,5451,1,卖盘
1715,13:00:00,54.53,70877,13,买盘
1716,13:00:03,54.52,398004,73,卖盘
1717,13:00:06,54.54,27273,5,中性盘
1718,13:00:09,54.56,70915,13,买盘
1719,13:00:12,54.56,54560,10,买盘
1720,13:00:15,54.57,21828,4,卖盘
1721,13:00:18,54.58,10916,2,买盘
1722,13:00:21,54.58,10916,2,买盘
1723,13:00:24,54.57,54576,10,卖盘
1724,13:00:27,54.63,92822,17,买盘
1725,13:00:33,54.63,5463,1,买盘
1726,13:00:36,54.62,10924,2,买盘
1727,13:00:45,54.59,16383,3,卖盘
1728,13:00:48,54.63,87406,16,买盘
1729,13:00:51,54.64,16392,3,中性盘
1730,13:00:57,54.64,38248,7,买盘
1731,13:01:03,54.63,10924,2,买盘
1732,13:01:06,54.63,32778,6,买盘
1733,13:01:09,54.63,49165,9,买盘
1734,13:01:12,54.63,5463,1,买盘
1735,13:01:15,54.62,10924,2,卖盘
1736,13:01:18,54.63,38241,7,买盘
1737,13:01:21,54.63,32778,6,买盘
1738,13:01:24,54.63,92871,17,卖盘
1739,13:01:30,54.62,185706,34,卖盘
1740,13:01:33,54.61,38232,7,卖盘
1741,13:01:36,54.63,5463,1,买盘
1742,13:01:39,54.61,5461,1,卖盘
1743,13:01:42,54.63,5463,1,买盘
1744,13:01:51,54.61,125605,23,卖盘
1745,13:01:54,54.61,81915,15,卖盘
1746,13:01:57,54.61,60071,11,卖盘
1747,13:02:00,54.61,27305,5,买盘
1748,13:02:09,54.61,16381,3,买盘
1749,13:02:27,54.58,5458,1,卖盘
1750,13:02:33,54.58,5458,1,卖盘
1751,13:02:39,54.55,54553,10,卖盘
1752,13:02:42,54.58,5458,1,卖盘
1753,13:02:45,54.54,49086,9,卖盘
1754,13:02:48,54.53,76346,14,卖盘
1755,13:02:51,54.54,32724,6,买盘
1756,13:02:54,54.54,5454,1,卖盘
1757,13:02:57,54.56,70888,13,中性盘
1758,13:03:03,54.53,5453,1,卖盘
1759,13:03:06,54.52,5452,1,卖盘
1760,13:03:12,54.53,5453,1,卖盘
1761,13:03:15,54.53,5453,1,卖盘
1762,13:03:21,54.53,5453,1,卖盘
1763,13:03:27,54.53,38171,7,卖盘
1764,13:03:30,54.53,5453,1,买盘
1765,13:03:33,54.52,10905,2,卖盘
1766,13:03:36,54.53,21811,4,买盘
1767,13:03:39,54.52,59972,11,卖盘
1768,13:03:42,54.53,5453,1,买盘
1769,13:03:45,54.53,21812,4,买盘
1770,13:03:51,54.52,38170,7,卖盘
1771,13:03:54,54.53,38167,7,买盘
1772,13:04:00,54.53,43624,8,买盘
1773,13:04:06,54.53,43624,8,买盘
1774,13:04:09,54.53,10908,2,卖盘
1775,13:04:18,54.54,5454,1,买盘
1776,13:04:21,54.55,5455,1,买盘
1777,13:04:24,54.55,5455,1,买盘
1778,13:04:27,54.54,5454,1,卖盘
1779,13:04:30,54.55,21820,4,买盘
1780,13:04:33,54.55,16365,3,卖盘
1781,13:04:39,54.55,10910,2,中性盘
1782,13:04:42,54.54,32727,6,卖盘
1783,13:04:45,54.55,16364,3,买盘
1784,13:04:51,54.54,21816,4,卖盘
1785,13:04:57,54.55,109100,20,买盘
1786,13:05:03,54.55,38189,7,卖盘
1787,13:05:06,54.55,5455,1,卖盘
1788,13:05:09,54.54,98175,18,卖盘
1789,13:05:12,54.54,38180,7,卖盘
1790,13:05:18,54.55,65456,12,买盘
1791,13:05:21,54.54,10908,2,中性盘
1792,13:05:24,54.55,5455,1,买盘
1793,13:05:27,54.54,16362,3,卖盘
1794,13:05:33,54.54,38178,7,卖盘
1795,13:05:45,54.53,70899,13,卖盘
1796,13:05:48,54.54,10908,2,中性盘
1797,13:05:51,54.53,10907,2,卖盘
1798,13:06:03,54.53,49077,9,卖盘
1799,13:06:06,54.54,5454,1,买盘
1800,13:06:09,54.53,5453,1,卖盘
1801,13:06:12,54.53,43624,8,卖盘
1802,13:06:18,54.53,32718,6,卖盘
1803,13:06:21,54.53,5453,1,买盘
1804,13:06:27,54.52,5452,1,卖盘
1805,13:06:30,54.52,5452,1,卖盘
1806,13:06:33,54.51,218051,40,卖盘
1807,13:06:36,54.5,21800,4,卖盘
1808,13:06:42,54.51,32701,6,中性盘
1809,13:06:45,54.5,10900,2,卖盘
1810,13:06:48,54.5,5450,1,卖盘
1811,13:06:51,54.51,163502,30,买盘
1812,13:06:54,54.5,141703,26,卖盘
1813,13:07:00,54.51,5451,1,中性盘
1814,13:07:03,54.51,65407,12,买盘
1815,13:07:09,54.5,10900,2,卖盘
1816,13:07:12,54.52,10904,2,买盘
1817,13:07:15,54.53,32712,6,买盘
1818,13:07:18,54.53,5453,1,买盘
1819,13:07:21,54.51,10904,2,卖盘
1820,13:07:24,54.52,5452,1,中性盘
1821,13:07:30,54.53,27261,5,买盘
1822,13:07:33,54.52,32717,6,卖盘
1823,13:07:36,54.53,27264,5,买盘
1824,13:07:39,54.53,70880,13,买盘
1825,13:07:45,54.54,16362,3,买盘
1826,13:07:48,54.56,54548,10,买盘
1827,13:07:54,54.54,5454,1,卖盘
1828,13:08:00,54.56,10912,2,买盘
1829,13:08:03,54.57,5457,1,买盘
1830,13:08:06,54.57,10914,2,买盘
1831,13:08:09,54.57,5457,1,买盘
1832,13:08:12,54.56,5456,1,卖盘
1833,13:08:15,54.59,5459,1,买盘
1834,13:08:18,54.6,38214,7,买盘
1835,13:08:24,54.59,60049,11,买盘
1836,13:08:30,54.59,27293,5,买盘
1837,13:08:36,54.59,10919,2,卖盘
1838,13:08:39,54.59,10918,2,卖盘
1839,13:08:45,54.59,38213,7,卖盘
1840,13:08:48,54.59,54581,10,中性盘
1841,13:08:51,54.59,10916,2,买盘
1842,13:08:54,54.59,5459,1,买盘
1843,13:09:00,54.57,70957,13,卖盘
1844,13:09:06,54.56,5456,1,卖盘
1845,13:09:09,54.55,32732,6,卖盘
1846,13:09:15,54.55,10910,2,买盘
1847,13:09:21,54.54,10909,2,卖盘
1848,13:09:24,54.54,10909,2,卖盘
1849,13:09:36,54.54,5454,1,卖盘
1850,13:09:39,54.54,70912,13,卖盘
1851,13:09:42,54.54,256340,47,卖盘
1852,13:09:48,54.53,32718,6,卖盘
1853,13:09:54,54.52,10904,2,卖盘
1854,13:09:57,54.53,5453,1,买盘
1855,13:10:03,54.53,5453,1,买盘
1856,13:10:09,54.52,59972,11,卖盘
1857,13:10:12,54.52,5452,1,卖盘
1858,13:10:18,54.51,65423,12,卖盘
1859,13:10:27,54.51,16353,3,卖盘
1860,13:10:30,54.5,5450,1,卖盘
1861,13:10:33,54.51,10902,2,买盘
1862,13:10:42,54.5,21800,4,卖盘
1863,13:10:45,54.51,5451,1,买盘
1864,13:10:48,54.51,21802,4,中性盘
1865,13:10:51,54.51,38153,7,卖盘
1866,13:10:54,54.52,27260,5,买盘
1867,13:10:57,54.52,16356,3,买盘
1868,13:11:03,54.51,49067,9,卖盘
1869,13:11:06,54.51,5451,1,卖盘
1870,13:11:09,54.51,10903,2,卖盘
1871,13:11:24,54.51,5451,1,卖盘
1872,13:11:27,54.51,5451,1,卖盘
1873,13:11:36,54.52,5452,1,买盘
1874,13:11:39,54.52,10904,2,买盘
1875,13:11:42,54.51,10903,2,卖盘
1876,13:11:45,54.52,5452,1,买盘
1877,13:11:51,54.51,10902,2,卖盘
1878,13:11:54,54.51,5451,1,卖盘
1879,13:11:57,54.51,21804,4,卖盘
1880,13:12:03,54.53,10904,2,买盘
1881,13:12:06,54.51,201687,37,卖盘
1882,13:12:09,54.53,5453,1,买盘
1883,13:12:12,54.51,5451,1,卖盘
1884,13:12:15,54.53,5453,1,买盘
1885,13:12:18,54.53,5453,1,买盘
1886,13:12:21,54.52,16357,3,卖盘
1887,13:12:27,54.51,21807,4,卖盘
1888,13:12:30,54.51,5451,1,卖盘
1889,13:12:33,54.52,54520,10,买盘
1890,13:12:36,54.52,38164,7,卖盘
1891,13:12:39,54.52,5452,1,卖盘
1892,13:12:42,54.53,5453,1,买盘
1893,13:12:48,54.52,5452,1,卖盘
1894,13:12:51,54.52,5452,1,卖盘
1895,13:12:54,54.53,10906,2,买盘
1896,13:12:57,54.52,5452,1,卖盘
1897,13:13:00,54.52,32712,6,卖盘
1898,13:13:03,54.51,10903,2,卖盘
1899,13:13:06,54.51,10903,2,卖盘
1900,13:13:09,54.51,5451,1,卖盘
1901,13:13:21,54.51,21804,4,卖盘
1902,13:13:24,54.51,114471,21,卖盘
1903,13:13:30,54.51,27255,5,买盘
1904,13:13:33,54.5,5450,1,卖盘
1905,13:13:42,54.5,114450,21,卖盘
1906,13:13:45,54.51,5451,1,买盘
1907,13:13:48,54.45,708375,130,卖盘
1908,13:13:51,54.46,16337,3,买盘
1909,13:13:54,54.47,10893,2,买盘
1910,13:13:57,54.47,27251,5,中性盘
1911,13:14:00,54.51,10902,2,买盘
1912,13:14:06,54.51,16353,3,买盘
1913,13:14:09,54.52,299898,55,买盘
1914,13:14:12,54.54,16361,3,买盘
1915,13:14:18,54.55,70875,13,买盘
1916,13:14:24,54.56,21824,4,买盘
1917,13:14:27,54.6,70941,13,买盘
1918,13:14:30,54.56,5456,1,卖盘
1919,13:14:39,54.59,21836,4,买盘
1920,13:14:48,54.58,21835,4,卖盘
1921,13:14:57,54.58,65496,12,卖盘
1922,13:15:00,54.58,27290,5,买盘
1923,13:15:06,54.58,5458,1,卖盘
1924,13:15:12,54.58,54580,10,卖盘
1925,13:15:15,54.58,10916,2,卖盘
1926,13:15:24,54.58,5458,1,卖盘
1927,13:15:27,54.59,5459,1,买盘
1928,13:15:33,54.59,136475,25,买盘
1929,13:15:36,54.59,27291,5,买盘
1930,13:15:42,54.59,10918,2,卖盘
1931,13:15:45,54.6,5460,1,买盘
1932,13:15:48,54.6,163800,30,买盘
1933,13:15:51,54.6,32760,6,买盘
1934,13:15:54,54.6,16380,3,买盘
1935,13:15:57,54.61,16383,3,买盘
1936,13:16:00,54.6,10921,2,卖盘
1937,13:16:03,54.61,10922,2,买盘
1938,13:16:09,54.62,60078,11,买盘
1939,13:16:12,54.62,10925,2,卖盘
1940,13:16:15,54.63,5463,1,买盘
1941,13:16:18,54.63,21852,4,买盘
1942,13:16:21,54.65,21860,4,买盘
1943,13:16:24,54.64,5464,1,卖盘
1944,13:16:27,54.65,5465,1,买盘
1945,13:16:30,54.65,38255,7,中性盘
1946,13:16:33,54.64,10928,2,卖盘
1947,13:16:39,54.62,1673331,306,卖盘
1948,13:16:42,54.62,32772,6,买盘
1949,13:16:45,54.62,16386,3,买盘
1950,13:16:48,54.65,49176,9,买盘
1951,13:16:51,54.65,5465,1,卖盘
1952,13:16:54,54.66,5466,1,买盘
1953,13:16:57,54.69,464853,85,买盘
1954,13:17:00,54.71,213313,39,买盘
1955,13:17:06,54.73,131371,24,买盘
1956,13:17:09,54.75,21898,4,买盘
1957,13:17:12,54.75,76650,14,买盘
1958,13:17:15,54.74,54740,10,卖盘
1959,13:17:18,54.75,136893,25,中性盘
1960,13:17:21,54.75,104027,19,卖盘
1961,13:17:24,54.73,43803,8,卖盘
1962,13:17:27,54.73,32838,6,卖盘
1963,13:17:30,54.74,82099,15,买盘
1964,13:17:36,54.75,32850,6,买盘
1965,13:17:42,54.71,21893,4,卖盘
1966,13:17:48,54.72,16416,3,卖盘
1967,13:17:51,54.73,5473,1,买盘
1968,13:17:57,54.73,43784,8,买盘
1969,13:18:00,54.72,5472,1,中性盘
1970,13:18:03,54.71,10942,2,卖盘
1971,13:18:09,54.71,125813,23,卖盘
1972,13:18:15,54.71,54710,10,买盘
1973,13:18:18,54.7,38289,7,卖盘
1974,13:18:21,54.71,229749,42,买盘
1975,13:18:24,54.72,43776,8,买盘
1976,13:18:27,54.72,54727,10,中性盘
1977,13:18:30,54.71,339332,62,卖盘
1978,13:18:33,54.72,43776,8,中性盘
1979,13:18:36,54.73,5473,1,中性盘
1980,13:18:39,54.76,164280,30,买盘
1981,13:18:45,54.77,5477,1,买盘
1982,13:18:48,54.78,115029,21,买盘
1983,13:18:51,54.76,125948,23,卖盘
1984,13:18:54,54.76,32856,6,买盘
1985,13:18:57,54.76,120472,22,买盘
1986,13:19:00,54.76,54760,10,买盘
1987,13:19:03,54.76,27377,5,买盘
1988,13:19:06,54.77,38337,7,买盘
1989,13:19:09,54.76,5476,1,卖盘
1990,13:19:12,54.77,75310,14,卖盘
1991,13:19:15,54.78,82170,15,买盘
1992,13:19:21,54.84,789141,144,买盘
1993,13:19:24,54.83,87726,16,卖盘
1994,13:19:27,54.83,21931,4,买盘
1995,13:19:30,54.82,345374,63,卖盘
1996,13:19:33,54.8,5480,1,卖盘
1997,13:19:36,54.82,65794,12,中性盘
1998,13:19:39,54.81,109620,20,中性盘
1999,13:19:42,54.78,794604,145,卖盘
2000,13:19:45,54.78,126010,23,卖盘
2001,13:19:51,54.77,49293,9,卖盘
2002,13:19:54,54.77,38344,7,卖盘
2003,13:19:57,54.82,186330,34,买盘
2004,13:20:00,54.79,16435,3,中性盘
2005,13:20:03,54.78,16434,3,卖盘
2006,13:20:06,54.75,125959,23,卖盘
2007,13:20:09,54.78,21907,4,买盘
2008,13:20:12,54.76,5476,1,中性盘
2009,13:20:15,54.77,16429,3,中性盘
2010,13:20:18,54.77,16429,3,买盘
2011,13:20:21,54.77,32861,6,买盘
2012,13:20:27,54.77,16431,3,卖盘
2013,13:20:30,54.77,5477,1,卖盘
2014,13:20:36,54.78,10955,2,买盘
2015,13:20:39,54.77,21908,4,卖盘
2016,13:20:45,54.77,10954,2,卖盘
2017,13:20:48,54.77,27385,5,卖盘
2018,13:20:51,54.76,60254,11,卖盘
2019,13:21:00,54.76,5476,1,卖盘
2020,13:21:03,54.78,43812,8,买盘
2021,13:21:09,54.78,16432,3,买盘
2022,13:21:15,54.77,5477,1,卖盘
2023,13:21:18,54.77,10954,2,买盘
2024,13:21:27,54.77,38338,7,买盘
2025,13:21:30,54.77,10954,2,卖盘
2026,13:21:36,54.78,5478,1,买盘
2027,13:21:42,54.77,49294,9,卖盘
2028,13:21:45,54.78,16432,3,买盘
2029,13:21:51,54.78,10956,2,买盘
2030,13:22:00,54.77,10954,2,卖盘
2031,13:22:03,54.76,5476,1,卖盘
2032,13:22:06,54.76,32856,6,卖盘
2033,13:22:09,54.76,158806,29,卖盘
2034,13:22:12,54.7,350282,64,卖盘
2035,13:22:15,54.7,16410,3,卖盘
2036,13:22:18,54.72,5472,1,买盘
2037,13:22:21,54.72,10942,2,买盘
2038,13:22:24,54.72,10944,2,卖盘
2039,13:22:27,54.76,120412,22,买盘
2040,13:22:30,54.71,109427,20,卖盘
2041,13:22:36,54.76,16424,3,买盘
2042,13:22:39,54.72,10944,2,卖盘
2043,13:22:42,54.72,38304,7,卖盘
2044,13:22:57,54.75,10947,2,买盘
2045,13:23:09,54.73,16418,3,卖盘
2046,13:23:12,54.74,5474,1,买盘
2047,13:23:15,54.72,10945,2,卖盘
2048,13:23:18,54.71,5471,1,卖盘
2049,13:23:24,54.75,10950,2,买盘
2050,13:23:27,54.71,10942,2,卖盘
2051,13:23:36,54.71,5471,1,买盘
2052,13:23:39,54.71,27355,5,买盘
2053,13:23:42,54.71,27355,5,买盘
2054,13:23:45,54.71,10941,2,买盘
2055,13:23:48,54.71,5471,1,中性盘
2056,13:24:03,54.71,5471,1,卖盘
2057,13:24:06,54.71,21893,4,卖盘
2058,13:24:09,54.74,10948,2,买盘
2059,13:24:15,54.71,32829,6,卖盘
2060,13:24:18,54.72,27357,5,买盘
2061,13:24:21,54.72,27355,5,买盘
2062,13:24:24,54.72,5472,1,买盘
2063,13:24:30,54.72,5472,1,买盘
2064,13:24:33,54.72,5472,1,买盘
2065,13:24:36,54.72,5472,1,买盘
2066,13:24:39,54.71,16414,3,卖盘
2067,13:24:45,54.72,21888,4,买盘
2068,13:24:48,54.7,131303,24,卖盘
2069,13:24:57,54.71,5471,1,卖盘
2070,13:25:09,54.72,27360,5,买盘
2071,13:25:15,54.71,10942,2,卖盘
2072,13:25:18,54.7,114882,21,卖盘
2073,13:25:21,54.7,21880,4,卖盘
2074,13:25:27,54.69,60159,11,卖盘
2075,13:25:33,54.68,5468,1,卖盘
2076,13:25:36,54.7,21877,4,买盘
2077,13:25:39,54.72,27353,5,买盘
2078,13:25:45,54.69,5469,1,卖盘
2079,13:25:48,54.72,21888,4,买盘
2080,13:25:54,54.71,5471,1,买盘
2081,13:25:57,54.72,21888,4,买盘
2082,13:26:00,54.71,16413,3,卖盘
2083,13:26:03,54.72,114909,21,买盘
2084,13:26:06,54.74,5474,1,买盘
2085,13:26:09,54.75,158703,29,买盘
2086,13:26:12,54.75,10950,2,买盘
2087,13:26:18,54.75,131400,24,买盘
2088,13:26:21,54.75,5475,1,卖盘
2089,13:26:24,54.76,65712,12,买盘
2090,13:26:27,54.79,120513,22,买盘
2091,13:26:33,54.79,5479,1,买盘
2092,13:26:36,54.77,16431,3,卖盘
2093,13:26:39,54.76,87659,16,卖盘
2094,13:26:42,54.79,16437,3,买盘
2095,13:26:45,54.79,43832,8,买盘
2096,13:26:48,54.79,197244,36,买盘
2097,13:26:54,54.78,38346,7,卖盘
2098,13:26:57,54.79,27391,5,买盘
2099,13:27:00,54.79,10958,2,买盘
2100,13:27:03,54.78,16434,3,卖盘
2101,13:27:06,54.79,10958,2,买盘
2102,13:27:09,54.79,54790,10,买盘
2103,13:27:12,54.79,10958,2,买盘
2104,13:27:15,54.79,38352,7,买盘
2105,13:27:18,54.79,213681,39,买盘
2106,13:27:21,54.79,32874,6,买盘
2107,13:27:24,54.78,16435,3,卖盘
2108,13:27:27,54.79,10957,2,买盘
2109,13:27:30,54.78,158862,29,卖盘
2110,13:27:33,54.73,257368,47,卖盘
2111,13:27:36,54.76,21897,4,买盘
2112,13:27:39,54.74,5474,1,中性盘
2113,13:27:45,54.71,10947,2,卖盘
2114,13:27:48,54.76,197154,36,买盘
2115,13:27:54,54.71,32826,6,卖盘
2116,13:27:57,54.76,16428,3,中性盘
2117,13:28:00,54.72,5472,1,中性盘
2118,13:28:03,54.72,136900,25,卖盘
2119,13:28:09,54.7,136814,25,卖盘
2120,13:28:12,54.73,27365,5,卖盘
2121,13:28:15,54.76,43804,8,买盘
2122,13:28:18,54.76,27380,5,买盘
2123,13:28:21,54.76,27380,5,买盘
2124,13:28:24,54.76,32857,6,中性盘
2125,13:28:27,54.76,16428,3,买盘
2126,13:28:30,54.76,5476,1,买盘
2127,13:28:33,54.76,125979,23,卖盘
2128,13:28:36,54.75,5475,1,卖盘
2129,13:28:39,54.76,21906,4,中性盘
2130,13:28:45,54.76,21904,4,卖盘
2131,13:28:48,54.78,10954,2,买盘
2132,13:28:51,54.77,10954,2,中性盘
2133,13:28:54,54.76,5476,1,卖盘
2134,13:28:57,54.75,27378,5,卖盘
2135,13:29:00,54.77,60255,11,买盘
2136,13:29:03,54.75,27375,5,卖盘
2137,13:29:06,54.74,76636,14,卖盘
2138,13:29:09,54.75,10950,2,买盘
2139,13:29:12,54.71,43779,8,卖盘
2140,13:29:15,54.72,5472,1,卖盘
2141,13:29:18,54.75,38325,7,买盘
2142,13:29:24,54.73,21897,4,卖盘
2143,13:29:27,54.75,5475,1,买盘
2144,13:29:30,54.75,21898,4,买盘
2145,13:29:33,54.74,5474,1,卖盘
2146,13:29:36,54.73,10946,2,卖盘
2147,13:29:45,54.73,16419,3,卖盘
2148,13:29:51,54.73,10946,2,卖盘
2149,13:29:54,54.73,5473,1,中性盘
2150,13:29:57,54.74,16422,3,买盘
2151,13:30:00,54.74,16422,3,买盘
2152,13:30:03,54.74,16421,3,买盘
2153,13:30:06,54.74,5474,1,买盘
2154,13:30:09,54.73,27365,5,卖盘
2155,13:30:12,54.73,16419,3,买盘
2156,13:30:15,54.73,32838,6,买盘
2157,13:30:18,54.75,43796,8,买盘
2158,13:30:21,54.72,71148,13,卖盘
2159,13:30:27,54.72,470598,86,卖盘
2160,13:30:30,54.73,43782,8,买盘
2161,13:30:39,54.72,5472,1,卖盘
2162,13:30:42,54.73,5473,1,买盘
2163,13:30:48,54.72,186073,34,卖盘
2164,13:30:54,54.71,10943,2,卖盘
2165,13:30:57,54.71,5471,1,卖盘
2166,13:31:03,54.72,5472,1,卖盘
2167,13:31:09,54.72,32832,6,卖盘
2168,13:31:15,54.71,38303,7,卖盘
2169,13:31:18,54.72,5472,1,中性盘
2170,13:31:21,54.71,10943,2,卖盘
2171,13:31:24,54.71,38297,7,卖盘
2172,13:31:27,54.75,246301,45,买盘
2173,13:31:33,54.75,5475,1,卖盘
2174,13:31:36,54.75,38325,7,卖盘
2175,13:31:39,54.76,49284,9,买盘
2176,13:31:48,54.76,54760,10,买盘
2177,13:31:51,54.75,32855,6,卖盘
2178,13:31:54,54.75,5475,1,卖盘
2179,13:31:57,54.76,54759,10,买盘
2180,13:32:00,54.76,16428,3,买盘
2181,13:32:09,54.76,27382,5,卖盘
2182,13:32:15,54.77,5477,1,买盘
2183,13:32:18,54.77,10954,2,买盘
2184,13:32:21,54.76,10953,2,卖盘
2185,13:32:24,54.76,5476,1,卖盘
2186,13:32:27,54.77,16431,3,买盘
2187,13:32:30,54.77,10954,2,买盘
2188,13:32:36,54.77,5477,1,买盘
2189,13:32:39,54.79,273890,50,买盘
2190,13:32:42,54.8,131501,24,买盘
2191,13:32:45,54.79,5479,1,中性盘
2192,13:32:48,54.8,674047,123,买盘
2193,13:32:51,54.8,10961,2,卖盘
2194,13:32:54,54.81,10962,2,买盘
2195,13:32:57,54.82,120589,22,买盘
2196,13:33:00,54.82,137048,25,买盘
2197,13:33:03,54.82,98677,18,买盘
2198,13:33:06,54.82,16446,3,买盘
2199,13:33:09,54.85,553826,101,买盘
2200,13:33:12,54.83,10966,2,卖盘
2201,13:33:18,54.84,120647,22,买盘
2202,13:33:24,54.83,290609,53,卖盘
2203,13:33:27,54.83,43864,8,中性盘
2204,13:33:30,54.81,257614,47,卖盘
2205,13:33:36,54.78,38351,7,卖盘
2206,13:33:39,54.81,120560,22,买盘
2207,13:33:45,54.81,5481,1,买盘
2208,13:33:48,54.78,10958,2,中性盘
2209,13:33:54,54.79,16439,3,卖盘
2210,13:33:57,54.8,27398,5,买盘
2211,13:34:00,54.8,32880,6,买盘
2212,13:34:03,54.78,82176,15,卖盘
2213,13:34:06,54.8,5480,1,买盘
2214,13:34:12,54.79,49311,9,卖盘
2215,13:34:15,54.8,27400,5,买盘
2216,13:34:18,54.8,10960,2,买盘
2217,13:34:21,54.8,246600,45,买盘
2218,13:34:24,54.81,16443,3,买盘
2219,13:34:27,54.83,43848,8,买盘
2220,13:34:30,54.83,21926,4,买盘
2221,13:34:36,54.82,21928,4,卖盘
2222,13:34:39,54.83,32898,6,买盘
2223,13:34:42,54.83,65789,12,买盘
2224,13:34:45,54.83,65792,12,买盘
2225,13:34:48,54.83,16449,3,买盘
2226,13:34:51,54.83,268667,49,买盘
2227,13:34:54,54.82,115128,21,卖盘
2228,13:35:00,54.85,816920,149,买盘
2229,13:35:03,54.83,159061,29,中性盘
2230,13:35:06,54.85,38395,7,买盘
2231,13:35:09,54.87,38405,7,买盘
2232,13:35:12,54.89,98788,18,买盘
2233,13:35:15,54.87,49387,9,卖盘
2234,13:35:18,54.86,301906,55,卖盘
2235,13:35:27,54.88,384193,70,中性盘
2236,13:35:30,54.86,87782,16,卖盘
2237,13:35:33,54.86,109701,20,中性盘
2238,13:35:36,54.83,186472,34,卖盘
2239,13:35:39,54.85,5485,1,买盘
2240,13:35:45,54.83,5483,1,卖盘
2241,13:35:48,54.84,180992,33,中性盘
2242,13:35:51,54.86,82268,15,买盘
2243,13:35:54,54.85,32902,6,买盘
2244,13:35:57,54.83,87736,16,卖盘
2245,13:36:00,54.83,104175,19,中性盘
2246,13:36:03,54.82,21928,4,卖盘
2247,13:36:06,54.83,43864,8,买盘
2248,13:36:09,54.83,43864,8,卖盘
2249,13:36:12,54.81,76744,14,卖盘
2250,13:36:15,54.83,10966,2,买盘
2251,13:36:18,54.81,307073,56,中性盘
2252,13:36:21,54.82,5482,1,中性盘
2253,13:36:24,54.82,16447,3,卖盘
2254,13:36:27,54.82,93180,17,卖盘
2255,13:36:30,54.82,71262,13,买盘
2256,13:36:39,54.81,21924,4,买盘
2257,13:36:45,54.8,115083,21,卖盘
2258,13:36:48,54.8,5480,1,卖盘
2259,13:36:54,54.8,126040,23,卖盘
2260,13:37:00,54.8,21920,4,卖盘
2261,13:37:03,54.8,5480,1,卖盘
2262,13:37:12,54.8,10960,2,卖盘
2263,13:37:15,54.81,10962,2,买盘
2264,13:37:18,54.8,5480,1,卖盘
2265,13:37:30,54.8,5480,1,卖盘
2266,13:37:33,54.8,38360,7,卖盘
2267,13:37:36,54.79,32874,6,卖盘
2268,13:37:39,54.79,21916,4,卖盘
2269,13:37:45,54.78,60259,11,卖盘
2270,13:37:54,54.78,5478,1,卖盘
2271,13:38:09,54.79,49311,9,买盘
2272,13:38:12,54.79,5479,1,卖盘
2273,13:38:15,54.79,16437,3,卖盘
2274,13:38:21,54.76,553256,101,卖盘
2275,13:38:27,54.76,5476,1,买盘
2276,13:38:30,54.75,5475,1,卖盘
2277,13:38:33,54.76,10951,2,买盘
2278,13:38:39,54.79,153388,28,买盘
2279,13:38:42,54.8,115060,21,买盘
2280,13:38:48,54.79,76724,14,卖盘
2281,13:38:54,54.79,158891,29,卖盘
2282,13:38:57,54.82,60298,11,买盘
2283,13:39:06,54.8,5480,1,卖盘
2284,13:39:09,54.83,82233,15,买盘
2285,13:39:15,54.84,16452,3,买盘
2286,13:39:18,54.84,16452,3,买盘
2287,13:39:21,54.84,5484,1,买盘
2288,13:39:24,54.82,49338,9,卖盘
2289,13:39:27,54.82,5482,1,卖盘
2290,13:39:30,54.84,27420,5,买盘
2291,13:39:36,54.83,10965,2,买盘
2292,13:39:39,54.83,10966,2,买盘
2293,13:39:42,54.82,5482,1,卖盘
2294,13:39:45,54.83,27411,5,买盘
2295,13:39:48,54.82,104158,19,卖盘
2296,13:39:51,54.82,16446,3,卖盘
2297,13:39:54,54.8,5480,1,卖盘
2298,13:40:00,54.8,32880,6,卖盘
2299,13:40:03,54.82,16446,3,中性盘
2300,13:40:06,54.79,32879,6,卖盘
2301,13:40:12,54.8,5480,1,卖盘
2302,13:40:21,54.8,10960,2,卖盘
2303,13:40:27,54.8,5480,1,卖盘
2304,13:40:30,54.8,5480,1,卖盘
2305,13:40:33,54.8,10960,2,卖盘
2306,13:40:39,54.81,10962,2,买盘
2307,13:40:45,54.8,38361,7,卖盘
2308,13:40:48,54.81,10963,2,中性盘
2309,13:40:54,54.81,5481,1,卖盘
2310,13:40:57,54.8,49321,9,卖盘
2311,13:41:03,54.81,21924,4,买盘
2312,13:41:06,54.8,5480,1,卖盘
2313,13:41:09,54.81,5481,1,买盘
2314,13:41:12,54.81,49329,9,买盘
2315,13:41:18,54.82,10964,2,买盘
2316,13:41:24,54.81,5481,1,卖盘
2317,13:41:27,54.81,21927,4,卖盘
2318,13:41:30,54.8,49320,9,卖盘
2319,13:41:39,54.81,16443,3,买盘
2320,13:41:42,54.81,120561,22,中性盘
2321,13:41:45,54.8,54800,10,卖盘
2322,13:41:48,54.82,16446,3,买盘
2323,13:41:54,54.81,32886,6,卖盘
2324,13:41:57,54.82,16445,3,买盘
2325,13:42:00,54.82,21928,4,买盘
2326,13:42:03,54.81,27405,5,卖盘
2327,13:42:06,54.81,5481,1,买盘
2328,13:42:09,54.82,16446,3,买盘
2329,13:42:12,54.81,5481,1,卖盘
2330,13:42:15,54.8,115085,21,卖盘
2331,13:42:18,54.78,202707,37,卖盘
2332,13:42:21,54.77,38345,7,卖盘
2333,13:42:30,54.77,10954,2,中性盘
2334,13:42:36,54.77,5477,1,卖盘
2335,13:42:39,54.79,32873,6,买盘
2336,13:42:45,54.79,5479,1,买盘
2337,13:42:48,54.78,10957,2,卖盘
2338,13:42:51,54.77,38343,7,卖盘
2339,13:42:57,54.78,5478,1,买盘
2340,13:43:06,54.77,5477,1,卖盘
2341,13:43:09,54.77,38339,7,卖盘
2342,13:43:15,54.77,16432,3,卖盘
2343,13:43:21,54.76,21904,4,卖盘
2344,13:43:27,54.76,16428,3,卖盘
2345,13:43:30,54.76,65712,12,卖盘
2346,13:43:33,54.76,16429,3,卖盘
2347,13:43:36,54.75,147840,27,卖盘
2348,13:43:39,54.75,49280,9,卖盘
2349,13:43:45,54.74,5474,1,卖盘
2350,13:43:48,54.73,65676,12,卖盘
2351,13:43:51,54.75,125917,23,买盘
2352,13:43:54,54.76,5476,1,买盘
2353,13:43:57,54.76,10952,2,买盘
2354,13:44:00,54.76,5476,1,买盘
2355,13:44:03,54.75,180675,33,卖盘
2356,13:44:06,54.74,5474,1,卖盘
2357,13:44:09,54.74,5474,1,中性盘
2358,13:44:15,54.73,82098,15,卖盘
2359,13:44:18,54.72,5472,1,卖盘
2360,13:44:21,54.73,5473,1,买盘
2361,13:44:24,54.74,16420,3,买盘
2362,13:44:33,54.74,5474,1,卖盘
2363,13:44:36,54.74,10948,2,卖盘
2364,13:44:39,54.74,10948,2,卖盘
2365,13:44:45,54.74,10948,2,卖盘
2366,13:44:51,54.73,5473,1,卖盘
2367,13:44:54,54.73,5473,1,卖盘
2368,13:44:57,54.73,10946,2,卖盘
2369,13:45:09,54.72,5472,1,卖盘
2370,13:45:12,54.72,38304,7,卖盘
2371,13:45:18,54.71,27355,5,卖盘
2372,13:45:21,54.72,5472,1,中性盘
2373,13:45:24,54.67,1039293,190,卖盘
2374,13:45:27,54.66,71067,13,中性盘
2375,13:45:33,54.68,27340,5,买盘
2376,13:45:36,54.68,32808,6,买盘
2377,13:45:39,54.72,202440,37,买盘
2378,13:45:42,54.68,109360,20,卖盘
2379,13:45:45,54.68,5468,1,卖盘
2380,13:45:48,54.71,10942,2,买盘
2381,13:45:54,54.71,5471,1,买盘
2382,13:45:57,54.72,49244,9,买盘
2383,13:46:00,54.71,21882,4,买盘
2384,13:46:03,54.71,5471,1,卖盘
2385,13:46:06,54.71,10942,2,卖盘
2386,13:46:09,54.66,371787,68,卖盘
2387,13:46:12,54.66,32778,6,买盘
2388,13:46:18,54.66,27330,5,买盘
2389,13:46:21,54.63,27315,5,卖盘
2390,13:46:27,54.71,71100,13,买盘
2391,13:46:33,54.69,38271,7,中性盘
2392,13:46:36,54.69,10938,2,买盘
2393,13:46:39,54.69,16407,3,买盘
2394,13:46:42,54.7,5470,1,买盘
2395,13:46:48,54.7,27349,5,买盘
2396,13:46:51,54.7,21876,4,买盘
2397,13:46:54,54.7,10940,2,买盘
2398,13:46:57,54.7,16410,3,买盘
2399,13:47:00,54.7,76580,14,买盘
2400,13:47:03,54.68,5468,1,卖盘
2401,13:47:06,54.71,10942,2,买盘
2402,13:47:09,54.7,10941,2,卖盘
2403,13:47:12,54.7,125830,23,卖盘
2404,13:47:15,54.71,5471,1,买盘
2405,13:47:18,54.71,21884,4,买盘
2406,13:47:21,54.71,82065,15,买盘
2407,13:47:24,54.72,92994,17,买盘
2408,13:47:27,54.7,5470,1,卖盘
2409,13:47:30,54.71,65647,12,中性盘
2410,13:47:36,54.71,10942,2,卖盘
2411,13:47:39,54.72,82068,15,买盘
2412,13:47:42,54.73,10946,2,买盘
2413,13:47:45,54.72,120402,22,卖盘
2414,13:47:48,54.72,16418,3,卖盘
2415,13:47:51,54.72,5472,1,卖盘
2416,13:47:57,54.73,93040,17,买盘
2417,13:48:03,54.72,76617,14,卖盘
2418,13:48:06,54.72,10944,2,卖盘
2419,13:48:09,54.74,10948,2,买盘
2420,13:48:15,54.74,5474,1,买盘
2421,13:48:18,54.74,43792,8,买盘
2422,13:48:21,54.73,5473,1,卖盘
2423,13:48:27,54.74,10948,2,买盘
2424,13:48:39,54.74,16421,3,买盘
2425,13:48:48,54.74,10948,2,买盘
2426,13:48:51,54.72,38310,7,卖盘
2427,13:48:54,54.73,5473,1,买盘
2428,13:48:57,54.72,16416,3,卖盘
2429,13:49:00,54.73,10946,2,买盘
2430,13:49:03,54.73,5473,1,买盘
2431,13:49:06,54.74,10948,2,买盘
2432,13:49:09,54.73,10947,2,中性盘
2433,13:49:12,54.72,32834,6,卖盘
2434,13:49:18,54.73,43784,8,卖盘
2435,13:49:21,54.73,10946,2,买盘
2436,13:49:24,54.73,21892,4,买盘
2437,13:49:27,54.72,5472,1,卖盘
2438,13:49:30,54.72,5472,1,卖盘
2439,13:49:36,54.72,32832,6,卖盘
2440,13:49:39,54.72,10944,2,卖盘
2441,13:49:42,54.72,16416,3,卖盘
2442,13:49:45,54.72,49247,9,卖盘
2443,13:49:51,54.7,5470,1,卖盘
2444,13:49:54,54.72,10944,2,买盘
2445,13:49:57,54.72,21888,4,卖盘
2446,13:50:00,54.72,32832,6,卖盘
2447,13:50:03,54.72,10944,2,卖盘
2448,13:50:06,54.72,16416,3,卖盘
2449,13:50:09,54.73,21891,4,买盘
2450,13:50:12,54.72,5472,1,卖盘
2451,13:50:18,54.73,27365,5,买盘
2452,13:50:21,54.72,38304,7,卖盘
2453,13:50:24,54.73,5473,1,买盘
2454,13:50:27,54.73,21892,4,买盘
2455,13:50:39,54.72,43783,8,卖盘
2456,13:50:45,54.73,5473,1,买盘
2457,13:50:48,54.73,5473,1,买盘
2458,13:50:57,54.73,10945,2,买盘
2459,13:51:00,54.73,16419,3,买盘
2460,13:51:06,54.72,5472,1,卖盘
2461,13:51:09,54.72,16416,3,卖盘
2462,13:51:15,54.72,5472,1,卖盘
2463,13:51:18,54.73,32838,6,买盘
2464,13:51:24,54.74,5474,1,买盘
2465,13:51:27,54.74,10947,2,买盘
2466,13:51:39,54.74,10948,2,买盘
2467,13:51:45,54.73,21895,4,卖盘
2468,13:51:54,54.74,27366,5,买盘
2469,13:52:03,54.74,5474,1,卖盘
2470,13:52:06,54.74,98532,18,卖盘
2471,13:52:09,54.72,21889,4,卖盘
2472,13:52:12,54.72,76608,14,卖盘
2473,13:52:15,54.7,5470,1,卖盘
2474,13:52:21,54.71,49239,9,卖盘
2475,13:52:30,54.7,21882,4,卖盘
2476,13:52:33,54.7,5470,1,卖盘
2477,13:52:39,54.71,16411,3,买盘
2478,13:52:45,54.71,65643,12,买盘
2479,13:52:48,54.7,27353,5,卖盘
2480,13:52:57,54.72,27358,5,买盘
2481,13:53:00,54.7,5470,1,卖盘
2482,13:53:03,54.71,5471,1,卖盘
2483,13:53:09,54.74,16422,3,买盘
2484,13:53:12,54.71,43769,8,卖盘
2485,13:53:15,54.71,54732,10,卖盘
2486,13:53:24,54.73,10945,2,买盘
2487,13:53:27,54.72,10945,2,卖盘
2488,13:53:33,54.72,5472,1,卖盘
2489,13:53:39,54.73,5473,1,买盘
2490,13:53:42,54.72,5472,1,卖盘
2491,13:53:45,54.72,10944,2,卖盘
2492,13:53:54,54.71,21885,4,卖盘
2493,13:53:57,54.7,10940,2,卖盘
2494,13:54:00,54.71,5471,1,买盘
2495,13:54:03,54.7,16410,3,卖盘
2496,13:54:06,54.7,21880,4,卖盘
2497,13:54:12,54.7,21880,4,卖盘
2498,13:54:15,54.7,38295,7,卖盘
2499,13:54:21,54.7,5470,1,卖盘
2500,13:54:24,54.7,21880,4,卖盘
2501,13:54:27,54.71,21884,4,买盘
2502,13:54:39,54.71,27355,5,买盘
2503,13:54:42,54.71,87523,16,买盘
2504,13:54:51,54.7,21882,4,卖盘
2505,13:54:57,54.71,43768,8,买盘
2506,13:55:00,54.7,16410,3,卖盘
2507,13:55:03,54.71,76593,14,买盘
2508,13:55:09,54.72,5472,1,买盘
2509,13:55:15,54.72,5472,1,买盘
2510,13:55:18,54.72,32831,6,买盘
2511,13:55:27,54.72,10944,2,买盘
2512,13:55:30,54.71,16413,3,卖盘
2513,13:55:33,54.72,5472,1,买盘
2514,13:55:36,54.74,147764,27,买盘
2515,13:55:39,54.71,328181,60,中性盘
2516,13:55:42,54.69,54690,10,卖盘
2517,13:55:45,54.69,10938,2,卖盘
2518,13:55:48,54.69,27344,5,买盘
2519,13:55:51,54.69,5469,1,卖盘
2520,13:55:57,54.71,98467,18,买盘
2521,13:56:06,54.69,10938,2,卖盘
2522,13:56:09,54.7,10940,2,买盘
2523,13:56:12,54.71,5471,1,买盘
2524,13:56:18,54.71,5471,1,买盘
2525,13:56:21,54.71,10942,2,买盘
2526,13:56:24,54.71,16412,3,买盘
2527,13:56:27,54.71,16412,3,买盘
2528,13:56:36,54.69,16407,3,卖盘
2529,13:56:39,54.68,32811,6,卖盘
2530,13:56:42,54.68,16404,3,卖盘
2531,13:56:45,54.68,5468,1,卖盘
2532,13:56:48,54.68,49212,9,卖盘
2533,13:56:51,54.68,54680,10,卖盘
2534,13:57:00,54.67,5467,1,卖盘
2535,13:57:03,54.67,10934,2,卖盘
2536,13:57:06,54.67,16401,3,卖盘
2537,13:57:09,54.68,27340,5,买盘
2538,13:57:12,54.67,38271,7,卖盘
2539,13:57:15,54.67,38269,7,买盘
2540,13:57:18,54.66,5466,1,卖盘
2541,13:57:21,54.67,16401,3,中性盘
2542,13:57:27,54.68,5468,1,买盘
2543,13:57:36,54.67,5467,1,卖盘
2544,13:57:42,54.67,21868,4,卖盘
2545,13:57:45,54.66,65597,12,卖盘
2546,13:57:48,54.67,32801,6,买盘
2547,13:57:54,54.67,5467,1,买盘
2548,13:57:57,54.67,43735,8,买盘
2549,13:58:00,54.67,10934,2,买盘
2550,13:58:06,54.66,5466,1,卖盘
2551,13:58:09,54.68,16404,3,买盘
2552,13:58:15,54.68,16404,3,买盘
2553,13:58:18,54.69,5469,1,买盘
2554,13:58:24,54.66,5466,1,卖盘
2555,13:58:27,54.69,16406,3,买盘
2556,13:58:39,54.67,5467,1,卖盘
2557,13:58:42,54.67,5467,1,卖盘
2558,13:58:48,54.67,5467,1,卖盘
2559,13:59:00,54.68,5468,1,卖盘
2560,13:59:03,54.68,10936,2,中性盘
2561,13:59:09,54.67,10934,2,卖盘
2562,13:59:12,54.67,5467,1,买盘
2563,13:59:15,54.66,21864,4,卖盘
2564,13:59:18,54.67,27334,5,买盘
2565,13:59:21,54.66,54660,10,卖盘
2566,13:59:24,54.66,10932,2,卖盘
2567,13:59:33,54.67,43736,8,买盘
2568,13:59:36,54.66,5466,1,卖盘
2569,13:59:39,54.67,49203,9,买盘
2570,13:59:45,54.67,5467,1,买盘
2571,13:59:48,54.68,16402,3,买盘
2572,13:59:54,54.66,5466,1,卖盘
2573,13:59:57,54.68,5468,1,买盘
2574,14:00:06,54.67,5467,1,卖盘
2575,14:00:09,54.67,21868,4,买盘
2576,14:00:12,54.68,27337,5,买盘
2577,14:00:15,54.68,16402,3,买盘
2578,14:00:18,54.68,5468,1,买盘
2579,14:00:21,54.67,21869,4,卖盘
2580,14:00:24,54.66,5466,1,卖盘
2581,14:00:33,54.66,92950,17,卖盘
2582,14:00:39,54.68,5468,1,买盘
2583,14:00:42,54.67,5467,1,卖盘
2584,14:00:48,54.67,27339,5,卖盘
2585,14:00:57,54.66,5466,1,卖盘
2586,14:01:00,54.66,5466,1,卖盘
2587,14:01:03,54.67,49200,9,买盘
2588,14:01:06,54.67,5467,1,卖盘
2589,14:01:09,54.67,71082,13,卖盘
2590,14:01:12,54.67,10934,2,卖盘
2591,14:01:18,54.67,21871,4,卖盘
2592,14:01:21,54.67,27335,5,卖盘
2593,14:01:27,54.68,21872,4,买盘
2594,14:01:33,54.67,98416,18,卖盘
2595,14:01:36,54.67,16401,3,卖盘
2596,14:01:39,54.67,27338,5,卖盘
2597,14:01:42,54.67,21870,4,卖盘
2598,14:01:48,54.68,49212,9,买盘
2599,14:01:54,54.68,16403,3,买盘
2600,14:01:57,54.68,16404,3,买盘
2601,14:02:00,54.68,49212,9,买盘
2602,14:02:06,54.67,5467,1,卖盘
2603,14:02:09,54.68,27339,5,买盘
2604,14:02:12,54.67,10935,2,卖盘
2605,14:02:18,54.68,5468,1,买盘
2606,14:02:21,54.67,16403,3,卖盘
2607,14:02:24,54.67,10934,2,卖盘
2608,14:02:27,54.68,16404,3,买盘
2609,14:02:33,54.68,21872,4,买盘
2610,14:02:36,54.67,27335,5,卖盘
2611,14:02:39,54.66,284274,52,卖盘
2612,14:02:42,54.66,16398,3,卖盘
2613,14:02:57,54.67,76538,14,买盘
2614,14:03:00,54.66,10933,2,卖盘
2615,14:03:06,54.66,43728,8,卖盘
2616,14:03:12,54.66,5466,1,卖盘
2617,14:03:15,54.66,27330,5,卖盘
2618,14:03:18,54.66,10931,2,买盘
2619,14:03:21,54.66,38262,7,买盘
2620,14:03:27,54.66,5466,1,买盘
2621,14:03:33,54.66,10932,2,卖盘
2622,14:03:36,54.65,43720,8,卖盘
2623,14:03:39,54.67,5467,1,买盘
2624,14:03:48,54.66,5466,1,卖盘
2625,14:03:54,54.66,5466,1,卖盘
2626,14:03:57,54.67,5467,1,买盘
2627,14:04:09,54.67,5467,1,买盘
2628,14:04:12,54.66,54669,10,卖盘
2629,14:04:18,54.66,16398,3,卖盘
2630,14:04:21,54.66,32797,6,卖盘
2631,14:04:24,54.66,16398,3,买盘
2632,14:04:30,54.65,10931,2,卖盘
2633,14:04:36,54.65,120230,22,卖盘
2634,14:04:39,54.66,16398,3,买盘
2635,14:04:42,54.66,65583,12,买盘
2636,14:04:51,54.65,32790,6,买盘
2637,14:04:54,54.66,43723,8,买盘
2638,14:04:57,54.65,43721,8,卖盘
2639,14:05:00,54.64,5464,1,卖盘
2640,14:05:03,54.64,32784,6,卖盘
2641,14:05:06,54.65,10930,2,买盘
2642,14:05:09,54.65,5465,1,买盘
2643,14:05:18,54.64,10929,2,卖盘
2644,14:05:24,54.63,92871,17,卖盘
2645,14:05:36,54.63,27314,5,买盘
2646,14:05:39,54.63,49167,9,买盘
2647,14:05:45,54.64,10928,2,买盘
2648,14:05:54,54.63,5463,1,卖盘
2649,14:05:57,54.64,21856,4,买盘
2650,14:06:03,54.64,5464,1,买盘
2651,14:06:09,54.64,60104,11,买盘
2652,14:06:12,54.63,5463,1,卖盘
2653,14:06:18,54.64,5464,1,买盘
2654,14:06:21,54.64,16393,3,买盘
2655,14:06:24,54.64,49176,9,买盘
2656,14:06:27,54.64,114745,21,卖盘
2657,14:06:30,54.64,5464,1,卖盘
2658,14:06:33,54.64,43712,8,卖盘
2659,14:06:39,54.64,27320,5,买盘
2660,14:06:45,54.64,5464,1,买盘
2661,14:06:48,54.62,81949,15,卖盘
2662,14:06:51,54.63,71019,13,买盘
2663,14:06:57,54.62,49158,9,卖盘
2664,14:07:00,54.63,27313,5,买盘
2665,14:07:06,54.63,27315,5,卖盘
2666,14:07:12,54.63,5463,1,买盘
2667,14:07:18,54.62,114702,21,卖盘
2668,14:07:21,54.62,81930,15,卖盘
2669,14:07:24,54.61,65542,12,卖盘
2670,14:07:27,54.61,5461,1,卖盘
2671,14:07:30,54.61,87376,16,卖盘
2672,14:07:33,54.62,27310,5,买盘
2673,14:07:36,54.55,1337495,245,卖盘
2674,14:07:39,54.55,130920,24,卖盘
2675,14:07:45,54.55,5455,1,卖盘
2676,14:07:48,54.55,81826,15,卖盘
2677,14:07:51,54.56,49104,9,买盘
2678,14:07:54,54.56,114585,21,卖盘
2679,14:07:57,54.59,382205,70,买盘
2680,14:08:00,54.6,10920,2,卖盘
2681,14:08:06,54.6,109194,20,卖盘
2682,14:08:09,54.62,103738,19,买盘
2683,14:08:12,54.6,5460,1,中性盘
2684,14:08:18,54.63,163835,30,买盘
2685,14:08:21,54.6,65520,12,卖盘
2686,14:08:27,54.6,27300,5,卖盘
2687,14:08:33,54.6,70982,13,卖盘
2688,14:08:36,54.6,16380,3,买盘
2689,14:08:39,54.6,32760,6,买盘
2690,14:08:42,54.62,32765,6,买盘
2691,14:08:45,54.6,16380,3,卖盘
2692,14:08:48,54.6,43680,8,买盘
2693,14:08:51,54.59,5459,1,卖盘
2694,14:08:54,54.6,10920,2,买盘
2695,14:08:57,54.6,5460,1,买盘
2696,14:09:03,54.59,98263,18,卖盘
2697,14:09:09,54.59,5459,1,买盘
2698,14:09:15,54.57,120075,22,卖盘
2699,14:09:21,54.56,5456,1,卖盘
2700,14:09:24,54.56,87296,16,卖盘
2701,14:09:30,54.55,289140,53,卖盘
2702,14:09:36,54.57,163677,30,买盘
2703,14:09:39,54.55,245485,45,卖盘
2704,14:09:42,54.58,10916,2,买盘
2705,14:09:48,54.58,174657,32,卖盘
2706,14:09:51,54.58,21832,4,卖盘
2707,14:09:57,54.59,141916,26,买盘
2708,14:10:00,54.59,10917,2,买盘
2709,14:10:03,54.59,5459,1,买盘
2710,14:10:06,54.58,76412,14,卖盘
2711,14:10:09,54.58,21832,4,买盘
2712,14:10:12,54.59,5459,1,买盘
2713,14:10:15,54.55,21829,4,卖盘
2714,14:10:30,54.55,87281,16,卖盘
2715,14:10:33,54.55,5455,1,卖盘
2716,14:10:36,54.55,10910,2,卖盘
2717,14:10:39,54.55,54550,10,卖盘
2718,14:10:42,54.55,125468,23,卖盘
2719,14:10:45,54.55,5455,1,卖盘
2720,14:10:51,54.55,5455,1,卖盘
2721,14:10:54,54.55,5455,1,卖盘
2722,14:10:57,54.56,54553,10,买盘
