,成交时间,成交价格,成交金额,成交量,性质
0,09:25:00,21.35,6351625,2975,卖盘
1,09:30:00,21.38,4092825,1915,买盘
2,09:30:03,21.37,3770555,1765,卖盘
3,09:30:06,21.38,1746509,817,买盘
4,09:30:09,21.38,3026666,1416,买盘
5,09:30:12,21.38,404097,189,卖盘
6,09:30:15,21.37,1398822,654,卖盘
7,09:30:18,21.38,184010,86,买盘
8,09:30:21,21.41,895399,418,买盘
9,09:30:24,21.44,1314776,613,买盘
10,09:30:27,21.47,2005593,934,买盘
11,09:30:30,21.5,3282476,1527,买盘
12,09:30:33,21.64,7322157,3394,买盘
13,09:30:36,21.71,6166623,2846,买盘
14,09:30:39,21.75,1195801,550,买盘
15,09:30:42,21.79,3181611,1461,买盘
16,09:30:45,21.77,4567962,2096,卖盘
17,09:30:48,21.77,2436772,1120,卖盘
18,09:30:51,21.77,2261166,1039,买盘
19,09:30:54,21.72,1312942,604,卖盘
20,09:30:57,21.71,1162112,535,卖盘
21,09:31:00,21.69,1029270,474,卖盘
22,09:31:03,21.7,1591337,734,中性盘
23,09:31:06,21.74,9119461,4200,买盘
24,09:31:09,21.73,2853753,1312,卖盘
25,09:31:12,21.73,713023,328,卖盘
26,09:31:15,21.68,1115693,514,卖盘
27,09:31:18,21.71,403431,186,买盘
28,09:31:21,21.71,1074116,495,买盘
29,09:31:24,21.69,589871,272,中性盘
30,09:31:27,21.68,854728,394,卖盘
31,09:31:30,21.67,932454,430,卖盘
32,09:31:33,21.7,3910681,1801,买盘
33,09:31:36,21.69,1405676,648,卖盘
34,09:31:39,21.66,613445,283,卖盘
35,09:31:42,21.65,491576,227,卖盘
36,09:31:45,21.63,1105885,511,卖盘
37,09:31:48,21.6,441089,204,卖盘
38,09:31:51,21.62,436618,202,买盘
39,09:31:54,21.64,1242783,575,买盘
40,09:31:57,21.62,1097307,507,卖盘
41,09:32:00,21.63,558221,258,卖盘
42,09:32:03,21.61,752738,348,卖盘
43,09:32:06,21.61,294136,136,卖盘
44,09:32:09,21.61,252902,117,卖盘
45,09:32:12,21.61,425985,197,卖盘
46,09:32:15,21.61,633660,293,卖盘
47,09:32:18,21.68,2322977,1073,买盘
48,09:32:21,21.69,3683014,1698,买盘
49,09:32:24,21.7,957020,441,中性盘
50,09:32:27,21.74,853872,393,买盘
51,09:32:30,21.72,323676,149,中性盘
52,09:32:33,21.74,673479,310,买盘
53,09:32:36,21.72,795140,366,卖盘
54,09:32:39,21.68,2021150,931,卖盘
55,09:32:42,21.69,622958,287,中性盘
56,09:32:45,21.68,609891,281,卖盘
57,09:32:48,21.71,935403,431,买盘
58,09:32:51,21.7,1308915,603,卖盘
59,09:32:54,21.71,2179145,1004,买盘
60,09:32:57,21.72,1083358,499,买盘
61,09:33:00,21.7,1107647,510,卖盘
62,09:33:03,21.72,1226833,565,买盘
63,09:33:06,21.72,5942304,2733,卖盘
64,09:33:09,21.76,1326576,610,买盘
65,09:33:12,21.75,963175,443,中性盘
66,09:33:15,21.72,1924625,886,卖盘
67,09:33:18,21.7,887768,409,卖盘
68,09:33:21,21.7,852067,393,买盘
69,09:33:24,21.67,390432,180,卖盘
70,09:33:27,21.67,275169,127,中性盘
71,09:33:30,21.65,826886,382,卖盘
72,09:33:33,21.63,567413,262,卖盘
73,09:33:36,21.62,361283,167,卖盘
74,09:33:39,21.62,116781,54,卖盘
75,09:33:42,21.62,425932,197,卖盘
76,09:33:45,21.62,523277,242,买盘
77,09:33:48,21.61,1180441,546,卖盘
78,09:33:51,21.62,596634,276,买盘
79,09:33:54,21.62,721856,334,买盘
80,09:33:57,21.61,538137,249,卖盘
81,09:34:00,21.6,1385774,641,卖盘
82,09:34:03,21.68,2028785,937,买盘
83,09:34:06,21.66,972448,449,卖盘
84,09:34:09,21.66,212445,98,卖盘
85,09:34:12,21.66,910094,420,卖盘
86,09:34:15,21.66,1230994,568,卖盘
87,09:34:18,21.68,162530,75,买盘
88,09:34:21,21.64,155983,72,卖盘
89,09:34:24,21.66,86633,40,买盘
90,09:34:27,21.66,586954,271,买盘
91,09:34:30,21.66,578267,267,买盘
92,09:34:33,21.66,257787,119,卖盘
93,09:34:36,21.67,738718,341,中性盘
94,09:34:39,21.68,1141757,527,买盘
95,09:34:42,21.67,997098,460,买盘
96,09:34:45,21.68,424752,196,买盘
97,09:34:48,21.67,134378,62,卖盘
98,09:34:51,21.67,507235,234,卖盘
99,09:34:54,21.69,307824,142,买盘
100,09:34:57,21.7,785259,362,买盘
101,09:35:00,21.7,3002315,1383,买盘
102,09:35:03,21.73,560508,258,买盘
103,09:35:06,21.73,721368,332,买盘
104,09:35:09,21.72,404111,186,中性盘
105,09:35:12,21.73,1998240,920,买盘
106,09:35:15,21.7,1296182,597,卖盘
107,09:35:18,21.71,861887,397,中性盘
108,09:35:21,21.7,540489,249,卖盘
109,09:35:24,21.72,1441579,664,买盘
110,09:35:27,21.72,2502317,1152,买盘
111,09:35:30,21.71,1342194,618,卖盘
112,09:35:33,21.72,449666,207,中性盘
113,09:35:36,21.72,453977,209,卖盘
114,09:35:39,21.73,1855551,854,买盘
115,09:35:42,21.72,1462439,673,卖盘
116,09:35:45,21.73,175992,81,中性盘
117,09:35:48,21.72,688802,317,卖盘
118,09:35:51,21.72,573499,264,卖盘
119,09:35:54,21.7,1239950,571,卖盘
120,09:35:57,21.71,334311,154,中性盘
121,09:36:00,21.7,896539,413,卖盘
122,09:36:03,21.69,451347,208,卖盘
123,09:36:06,21.7,379744,175,买盘
124,09:36:09,21.7,292804,135,买盘
125,09:36:12,21.69,2163385,997,买盘
126,09:36:15,21.68,392458,181,卖盘
127,09:36:18,21.67,273199,126,卖盘
128,09:36:21,21.67,177709,82,卖盘
129,09:36:24,21.66,366131,169,卖盘
130,09:36:27,21.66,1109158,512,卖盘
131,09:36:30,21.66,935926,432,卖盘
132,09:36:33,21.66,498330,230,卖盘
133,09:36:36,21.66,311931,144,卖盘
134,09:36:39,21.66,948961,438,买盘
135,09:36:42,21.67,1506152,695,买盘
136,09:36:45,21.66,331463,153,卖盘
137,09:36:48,21.65,95297,44,卖盘
138,09:36:51,21.65,417921,193,卖盘
139,09:36:54,21.64,132030,61,卖盘
140,09:36:57,21.65,376770,174,买盘
141,09:37:00,21.65,244615,113,卖盘
142,09:37:03,21.65,528291,244,中性盘
143,09:37:06,21.64,227210,105,卖盘
144,09:37:09,21.64,80065,37,买盘
145,09:37:12,21.63,186072,86,卖盘
146,09:37:15,21.63,250913,116,卖盘
147,09:37:18,21.66,2800740,1294,买盘
148,09:37:21,21.67,1349927,624,买盘
149,09:37:24,21.67,216653,100,买盘
150,09:37:27,21.65,713708,330,中性盘
151,09:37:30,21.64,144976,67,卖盘
152,09:37:33,21.66,383174,177,买盘
153,09:37:36,21.64,616457,285,卖盘
154,09:37:39,21.64,103886,48,卖盘
155,09:37:42,21.64,827062,382,卖盘
156,09:37:45,21.65,430771,199,中性盘
157,09:37:48,21.65,571572,264,卖盘
158,09:37:51,21.64,354958,164,卖盘
159,09:37:54,21.65,359360,166,买盘
160,09:37:57,21.64,192570,89,中性盘
161,09:38:00,21.63,227156,105,卖盘
162,09:38:03,21.63,1680218,777,买盘
163,09:38:06,21.64,493115,228,买盘
164,09:38:09,21.61,140472,65,卖盘
165,09:38:12,21.62,653328,302,买盘
166,09:38:15,21.62,464848,215,卖盘
167,09:38:18,21.62,692387,320,卖盘
168,09:38:21,21.63,116789,54,中性盘
169,09:38:24,21.65,1925305,890,买盘
170,09:38:27,21.65,389523,180,买盘
171,09:38:30,21.65,331237,153,买盘
172,09:38:33,21.65,1188559,549,买盘
173,09:38:36,21.65,138581,64,卖盘
174,09:38:39,21.66,556611,257,买盘
175,09:38:42,21.66,123483,57,卖盘
176,09:38:45,21.66,82312,38,卖盘
177,09:38:48,21.66,288182,133,卖盘
178,09:38:51,21.67,1572127,726,买盘
179,09:38:54,21.67,127836,59,买盘
180,09:38:57,21.65,112663,52,卖盘
181,09:39:00,21.66,93148,43,买盘
182,09:39:03,21.66,391999,181,买盘
183,09:39:06,21.66,316205,146,卖盘
184,09:39:09,21.66,134274,62,买盘
185,09:39:12,21.65,614944,284,卖盘
186,09:39:15,21.65,194913,90,卖盘
187,09:39:18,21.65,525960,243,卖盘
188,09:39:21,21.65,662629,306,买盘
189,09:39:24,21.68,2287882,1056,买盘
190,09:39:27,21.69,188657,87,买盘
191,09:39:30,21.69,791813,365,买盘
192,09:39:33,21.69,286424,132,卖盘
193,09:39:36,21.7,271161,125,买盘
194,09:39:39,21.69,340592,157,卖盘
195,09:39:42,21.69,305955,141,卖盘
196,09:39:45,21.69,366683,169,卖盘
197,09:39:48,21.69,279867,129,卖盘
198,09:39:51,21.69,1050296,484,买盘
199,09:39:54,21.69,897043,414,买盘
200,09:39:57,21.65,80167,37,卖盘
201,09:40:00,21.68,732804,338,买盘
202,09:40:03,21.67,498263,230,买盘
203,09:40:06,21.68,143028,66,买盘
204,09:40:09,21.67,221093,102,卖盘
205,09:40:12,21.67,349000,161,卖盘
206,09:40:15,21.67,379225,175,卖盘
207,09:40:18,21.68,1198723,553,买盘
208,09:40:21,21.68,281825,130,买盘
209,09:40:24,21.68,208056,96,买盘
210,09:40:27,21.67,75867,35,卖盘
211,09:40:30,21.67,294713,136,卖盘
212,09:40:33,21.68,292664,135,买盘
213,09:40:36,21.67,147370,68,卖盘
214,09:40:39,21.67,151690,70,买盘
215,09:40:42,21.68,108400,50,买盘
216,09:40:45,21.68,99706,46,买盘
217,09:40:48,21.68,234110,108,买盘
218,09:40:51,21.68,565727,261,买盘
219,09:40:54,21.69,153892,71,买盘
220,09:40:57,21.68,411809,190,中性盘
221,09:41:00,21.69,125789,58,买盘
222,09:41:03,21.66,953549,440,卖盘
223,09:41:06,21.65,314329,145,卖盘
224,09:41:09,21.64,285807,132,卖盘
225,09:41:12,21.64,73621,34,卖盘
226,09:41:15,21.64,177498,82,卖盘
227,09:41:18,21.66,153682,71,买盘
228,09:41:21,21.65,784284,362,中性盘
229,09:41:24,21.67,134309,62,买盘
230,09:41:27,21.67,134279,62,买盘
231,09:41:30,21.65,28156,13,卖盘
232,09:41:33,21.65,244642,113,卖盘
233,09:41:36,21.65,277131,128,买盘
234,09:41:39,21.64,155817,72,卖盘
235,09:41:42,21.65,406946,188,买盘
236,09:41:45,21.64,565051,261,卖盘
237,09:41:48,21.65,179700,83,中性盘
238,09:41:51,21.65,145056,67,卖盘
239,09:41:54,21.65,77926,36,买盘
240,09:41:57,21.64,257522,119,卖盘
241,09:42:00,21.65,342040,158,买盘
242,09:42:03,21.65,305153,141,买盘
243,09:42:06,21.64,119018,55,中性盘
244,09:42:09,21.63,80065,37,卖盘
245,09:42:12,21.63,363375,168,卖盘
246,09:42:15,21.63,47585,22,买盘
247,09:42:18,21.62,73509,34,卖盘
248,09:42:21,21.61,497235,230,卖盘
249,09:42:24,21.62,19458,9,买盘
250,09:42:27,21.61,190168,88,卖盘
251,09:42:30,21.61,782347,362,卖盘
252,09:42:33,21.61,475429,220,卖盘
253,09:42:36,21.62,778030,360,买盘
254,09:42:39,21.61,1130390,523,卖盘
255,09:42:42,21.61,376057,174,卖盘
256,09:42:45,21.6,224734,104,卖盘
257,09:42:48,21.61,1210892,561,买盘
258,09:42:51,21.61,667456,309,买盘
259,09:42:54,21.59,601395,279,卖盘
260,09:42:57,21.59,159839,74,卖盘
261,09:43:00,21.59,2884588,1336,卖盘
262,09:43:03,21.6,347714,161,中性盘
263,09:43:06,21.59,263459,122,卖盘
264,09:43:09,21.6,168512,78,卖盘
265,09:43:12,21.61,784474,363,买盘
266,09:43:15,21.6,181546,84,卖盘
267,09:43:18,21.61,69136,32,中性盘
268,09:43:21,21.61,229006,106,卖盘
269,09:43:24,21.6,69137,32,卖盘
270,09:43:27,21.61,105854,49,买盘
271,09:43:30,21.6,38885,18,卖盘
272,09:43:33,21.6,278637,129,卖盘
273,09:43:36,21.59,250554,116,卖盘
274,09:43:39,21.6,101513,47,卖盘
275,09:43:42,21.59,92870,43,卖盘
276,09:43:45,21.59,1103260,511,卖盘
277,09:43:48,21.6,112279,52,买盘
278,09:43:51,21.58,77715,36,卖盘
279,09:43:54,21.6,1831509,848,买盘
280,09:43:57,21.6,192257,89,卖盘
281,09:44:00,21.6,643682,298,卖盘
282,09:44:03,21.61,583407,270,买盘
283,09:44:06,21.62,118842,55,买盘
284,09:44:09,21.6,777622,360,卖盘
285,09:44:12,21.6,112342,52,卖盘
286,09:44:15,21.62,64818,30,买盘
287,09:44:18,21.61,153371,71,中性盘
288,09:44:21,21.61,75637,35,买盘
289,09:44:24,21.61,490440,227,卖盘
290,09:44:27,21.61,168565,78,买盘
291,09:44:30,21.61,250745,116,卖盘
292,09:44:33,21.61,250685,116,卖盘
293,09:44:36,21.62,151299,70,买盘
294,09:44:39,21.61,127528,59,卖盘
295,09:44:42,21.62,276615,128,买盘
296,09:44:45,21.62,211826,98,买盘
297,09:44:48,21.6,118830,55,卖盘
298,09:44:51,21.61,79993,37,中性盘
299,09:44:54,21.6,10803,5,卖盘
300,09:44:57,21.61,328380,152,买盘
301,09:45:00,21.61,54029,25,卖盘
302,09:45:03,21.6,1471084,681,卖盘
303,09:45:06,21.6,300273,139,卖盘
304,09:45:09,21.58,3645536,1688,卖盘
305,09:45:12,21.57,505001,234,卖盘
306,09:45:15,21.57,256694,119,卖盘
307,09:45:18,21.56,355825,165,卖盘
308,09:45:21,21.57,756955,351,买盘
309,09:45:24,21.55,101323,47,卖盘
310,09:45:27,21.55,181037,84,卖盘
311,09:45:30,21.55,775655,360,卖盘
312,09:45:33,21.56,732772,340,买盘
313,09:45:36,21.56,482794,224,买盘
314,09:45:39,21.55,252138,117,中性盘
315,09:45:42,21.55,344721,160,买盘
316,09:45:45,21.54,417762,194,卖盘
317,09:45:51,21.53,66746,31,卖盘
318,09:45:54,21.53,688995,320,卖盘
319,09:45:57,21.54,1871799,869,买盘
320,09:46:00,21.55,551776,256,中性盘
321,09:46:03,21.57,797533,370,买盘
322,09:46:06,21.6,641094,297,买盘
323,09:46:09,21.6,133929,62,卖盘
324,09:46:12,21.6,261337,121,卖盘
325,09:46:15,21.61,108019,50,买盘
326,09:46:18,21.6,97211,45,卖盘
327,09:46:21,21.59,82066,38,卖盘
328,09:46:24,21.6,272160,126,买盘
329,09:46:27,21.59,66928,31,卖盘
330,09:46:30,21.58,45328,21,卖盘
331,09:46:33,21.58,49635,23,卖盘
332,09:46:36,21.58,10790,5,买盘
333,09:46:39,21.56,47462,22,卖盘
334,09:46:42,21.58,4316,2,买盘
335,09:46:45,21.56,71158,33,卖盘
336,09:46:48,21.56,68995,32,卖盘
337,09:46:51,21.56,137996,64,卖盘
338,09:46:54,21.57,49607,23,买盘
339,09:46:57,21.57,252354,117,买盘
340,09:47:00,21.59,837284,388,买盘
341,09:47:03,21.58,88501,41,卖盘
342,09:47:06,21.59,271868,126,买盘
343,09:47:09,21.59,45334,21,买盘
344,09:47:12,21.59,420949,195,买盘
345,09:47:15,21.58,99298,46,卖盘
346,09:47:18,21.58,19424,9,卖盘
347,09:47:21,21.58,4316,2,卖盘
348,09:47:24,21.59,617393,286,买盘
349,09:47:27,21.59,349658,162,买盘
350,09:47:30,21.58,94969,44,卖盘
351,09:47:33,21.58,10790,5,买盘
352,09:47:36,21.58,56099,26,买盘
353,09:47:39,21.57,2157,1,卖盘
354,09:47:42,21.58,287008,133,买盘
355,09:47:45,21.58,243854,113,买盘
356,09:47:48,21.59,483604,224,买盘
357,09:47:51,21.58,220126,102,中性盘
358,09:47:54,21.58,47484,22,卖盘
359,09:47:57,21.58,53941,25,买盘
360,09:48:00,21.58,17264,8,买盘
361,09:48:03,21.58,140236,65,买盘
362,09:48:06,21.58,64738,30,买盘
363,09:48:09,21.58,125164,58,买盘
364,09:48:12,21.58,107900,50,卖盘
365,09:48:15,21.58,131639,61,卖盘
366,09:48:18,21.59,1733591,803,买盘
367,09:48:21,21.59,101491,47,卖盘
368,09:48:24,21.59,69089,32,卖盘
369,09:48:27,21.59,25910,12,卖盘
370,09:48:30,21.6,12958,6,买盘
371,09:48:33,21.59,259080,120,卖盘
372,09:48:36,21.6,494639,229,买盘
373,09:48:39,21.59,69105,32,买盘
374,09:48:42,21.59,79863,37,买盘
375,09:48:45,21.59,172720,80,买盘
376,09:48:48,21.59,58293,27,卖盘
377,09:48:51,21.58,261241,121,卖盘
378,09:48:54,21.58,256892,119,卖盘
379,09:48:57,21.6,112307,52,买盘
380,09:49:00,21.6,123060,57,买盘
381,09:49:03,21.6,170580,79,买盘
382,09:49:06,21.59,390647,181,卖盘
383,09:49:09,21.58,10790,5,中性盘
384,09:49:12,21.58,32368,15,买盘
385,09:49:15,21.57,43151,20,卖盘
386,09:49:18,21.57,120797,56,卖盘
387,09:49:21,21.57,1106529,513,卖盘
388,09:49:24,21.57,176859,82,卖盘
389,09:49:27,21.57,116478,54,买盘
390,09:49:30,21.55,974437,452,卖盘
391,09:49:33,21.56,79765,37,买盘
392,09:49:36,21.55,32327,15,卖盘
393,09:49:39,21.55,170313,79,卖盘
394,09:49:42,21.56,265094,123,买盘
395,09:49:45,21.55,107767,50,卖盘
396,09:49:48,21.55,122857,57,卖盘
397,09:49:51,21.54,217617,101,卖盘
398,09:49:54,21.54,40934,19,卖盘
399,09:49:57,21.55,105581,49,买盘
400,09:50:00,21.54,428651,199,卖盘
401,09:50:03,21.55,224016,104,买盘
402,09:50:06,21.53,49527,23,卖盘
403,09:50:09,21.53,73205,34,卖盘
404,09:50:12,21.53,111956,52,卖盘
405,09:50:15,21.53,346513,161,卖盘
406,09:50:18,21.54,122723,57,买盘
407,09:50:21,21.53,335877,156,卖盘
408,09:50:24,21.52,60272,28,卖盘
409,09:50:27,21.52,107622,50,卖盘
410,09:50:30,21.52,174362,81,卖盘
411,09:50:33,21.53,114062,53,买盘
412,09:50:36,21.52,62418,29,卖盘
413,09:50:39,21.52,68864,32,卖盘
414,09:50:42,21.52,221707,103,卖盘
415,09:50:45,21.53,170076,79,买盘
416,09:50:48,21.52,180770,84,卖盘
417,09:50:51,21.53,484371,225,买盘
418,09:50:54,21.53,299272,139,卖盘
419,09:50:57,21.53,471497,219,卖盘
420,09:51:00,21.53,90416,42,买盘
421,09:51:03,21.52,464870,216,卖盘
422,09:51:06,21.52,290547,135,卖盘
423,09:51:09,21.52,966335,449,买盘
424,09:51:12,21.54,142140,66,买盘
425,09:51:15,21.54,36606,17,买盘
426,09:51:18,21.53,174403,81,卖盘
427,09:51:21,21.53,73208,34,卖盘
428,09:51:24,21.53,124877,58,卖盘
429,09:51:27,21.53,183006,85,买盘
430,09:51:30,21.53,2108506,980,卖盘
431,09:51:33,21.54,251905,117,买盘
432,09:51:36,21.52,225964,105,卖盘
433,09:51:39,21.52,86083,40,卖盘
434,09:51:42,21.51,45171,21,卖盘
435,09:51:45,21.5,49470,23,卖盘
436,09:51:48,21.5,81711,38,卖盘
437,09:51:51,21.51,344100,160,买盘
438,09:51:54,21.52,1840465,856,买盘
439,09:51:57,21.52,976409,454,买盘
440,09:52:00,21.52,890818,414,中性盘
441,09:52:03,21.53,706305,328,中性盘
442,09:52:06,21.52,439067,204,卖盘
443,09:52:09,21.53,183019,85,卖盘
444,09:52:12,21.53,55978,26,卖盘
445,09:52:15,21.55,254076,118,买盘
446,09:52:18,21.55,25848,12,买盘
447,09:52:21,21.53,566293,263,卖盘
448,09:52:24,21.55,381118,177,买盘
449,09:52:27,21.53,30150,14,卖盘
450,09:52:30,21.54,34455,16,买盘
451,09:52:33,21.54,202475,94,买盘
452,09:52:36,21.55,221876,103,买盘
453,09:52:39,21.55,99117,46,买盘
454,09:52:42,21.54,937430,435,卖盘
455,09:52:45,21.55,209168,97,卖盘
456,09:52:48,21.56,53942,25,卖盘
457,09:52:51,21.58,75470,35,买盘
458,09:52:54,21.58,84102,39,买盘
459,09:52:57,21.58,157390,73,买盘
460,09:53:00,21.58,73308,34,买盘
461,09:53:03,21.55,374979,174,卖盘
462,09:53:06,21.56,25872,12,中性盘
463,09:53:09,21.55,172400,80,卖盘
464,09:53:12,21.55,1077842,500,买盘
465,09:53:15,21.54,208965,97,卖盘
466,09:53:21,21.54,224016,104,卖盘
467,09:53:24,21.54,120628,56,卖盘
468,09:53:27,21.55,58163,27,买盘
469,09:53:30,21.55,639730,297,买盘
470,09:53:33,21.55,96974,45,买盘
471,09:53:36,21.55,114155,53,买盘
472,09:53:39,21.56,234858,109,买盘
473,09:53:42,21.55,60320,28,中性盘
474,09:53:45,21.55,34480,16,买盘
475,09:53:48,21.55,58192,27,卖盘
476,09:53:51,21.56,30174,14,买盘
477,09:53:54,21.55,122835,57,卖盘
478,09:53:57,21.55,90510,42,买盘
479,09:54:00,21.53,161560,75,卖盘
480,09:54:03,21.54,243384,113,买盘
481,09:54:06,21.53,133564,62,卖盘
482,09:54:09,21.55,400785,186,买盘
483,09:54:12,21.55,56042,26,卖盘
484,09:54:15,21.56,127100,59,买盘
485,09:54:18,21.56,10780,5,买盘
486,09:54:21,21.58,1276747,592,买盘
487,09:54:24,21.58,535146,248,买盘
488,09:54:27,21.59,448501,208,买盘
489,09:54:30,21.58,51796,24,卖盘
490,09:54:33,21.57,99236,46,中性盘
491,09:54:36,21.56,116462,54,卖盘
492,09:54:42,21.57,99210,46,买盘
493,09:54:45,21.56,487410,226,卖盘
494,09:54:48,21.57,62553,29,买盘
495,09:54:51,21.58,38829,18,买盘
496,09:54:54,21.58,125149,58,买盘
497,09:54:57,21.58,176925,82,买盘
498,09:55:00,21.58,189902,88,买盘
499,09:55:03,21.58,90636,42,买盘
500,09:55:06,21.58,202857,94,买盘
501,09:55:09,21.57,66874,31,卖盘
502,09:55:12,21.57,739852,343,卖盘
503,09:55:15,21.56,122948,57,卖盘
504,09:55:18,21.58,239459,111,买盘
505,09:55:21,21.58,8628,4,买盘
506,09:55:24,21.58,41002,19,买盘
507,09:55:27,21.56,247968,115,卖盘
508,09:55:30,21.58,6472,3,买盘
509,09:55:33,21.58,17257,8,买盘
510,09:55:36,21.58,125138,58,买盘
511,09:55:39,21.56,56075,26,卖盘
512,09:55:42,21.57,17249,8,中性盘
513,09:55:45,21.57,92751,43,卖盘
514,09:55:48,21.56,56059,26,卖盘
515,09:55:51,21.56,112160,52,卖盘
516,09:55:54,21.56,99178,46,卖盘
517,09:55:57,21.57,646973,300,买盘
518,09:56:00,21.57,53925,25,买盘
519,09:56:03,21.56,66838,31,卖盘
520,09:56:06,21.56,25873,12,卖盘
521,09:56:09,21.56,90552,42,买盘
522,09:56:12,21.57,4313,2,买盘
523,09:56:15,21.56,21560,10,卖盘
524,09:56:18,21.55,588317,273,卖盘
525,09:56:21,21.55,34480,16,买盘
526,09:56:24,21.56,8623,4,买盘
527,09:56:27,21.55,109927,51,卖盘
528,09:56:30,21.55,627105,291,卖盘
529,09:56:33,21.55,84054,39,买盘
530,09:56:36,21.54,62479,29,卖盘
531,09:56:39,21.54,96936,45,卖盘
532,09:56:42,21.54,148655,69,卖盘
533,09:56:45,21.54,269251,125,卖盘
534,09:56:48,21.54,4308,2,买盘
535,09:56:54,21.54,251919,117,买盘
536,09:56:57,21.53,236832,110,卖盘
537,09:57:00,21.54,273464,127,买盘
538,09:57:03,21.54,488947,227,买盘
539,09:57:06,21.54,51676,24,买盘
540,09:57:09,21.54,161515,75,买盘
541,09:57:12,21.52,71030,33,卖盘
542,09:57:15,21.53,19377,9,中性盘
543,09:57:18,21.52,318497,148,卖盘
544,09:57:21,21.52,109793,51,卖盘
545,09:57:24,21.53,62351,29,买盘
546,09:57:27,21.53,66744,31,卖盘
547,09:57:30,21.52,68886,32,卖盘
548,09:57:33,21.52,25835,12,卖盘
549,09:57:36,21.53,232432,108,买盘
550,09:57:39,21.53,25828,12,买盘
551,09:57:42,21.53,413376,192,买盘
552,09:57:45,21.52,137747,64,卖盘
553,09:57:48,21.53,38755,18,买盘
554,09:57:51,21.54,19378,9,买盘
555,09:57:54,21.54,2154,1,买盘
556,09:57:57,21.53,27989,13,卖盘
557,09:58:00,21.53,116253,54,卖盘
558,09:58:03,21.53,49517,23,买盘
559,09:58:06,21.53,21530,10,买盘
560,09:58:09,21.53,249648,116,买盘
561,09:58:12,21.52,94690,44,卖盘
562,09:58:15,21.53,25830,12,买盘
563,09:58:18,21.52,49501,23,卖盘
564,09:58:21,21.53,79659,37,买盘
565,09:58:24,21.52,161401,75,卖盘
566,09:58:27,21.53,598472,278,买盘
567,09:58:30,21.53,34452,16,买盘
568,09:58:33,21.54,62461,29,买盘
569,09:58:36,21.54,107700,50,买盘
570,09:58:39,21.54,301450,140,买盘
571,09:58:42,21.54,159396,74,买盘
572,09:58:45,21.55,357429,166,买盘
573,09:58:48,21.55,10775,5,买盘
574,09:58:51,21.55,43087,20,买盘
575,09:58:54,21.54,64620,30,卖盘
576,09:58:57,21.54,116311,54,买盘
577,09:59:00,21.54,99084,46,买盘
578,09:59:03,21.54,2154,1,卖盘
579,09:59:06,21.54,53872,25,卖盘
580,09:59:09,21.55,73253,34,买盘
581,09:59:12,21.55,314489,146,买盘
582,09:59:15,21.54,99087,46,卖盘
583,09:59:18,21.52,929913,432,卖盘
584,09:59:21,21.52,109725,51,买盘
585,09:59:24,21.5,462499,215,卖盘
586,09:59:27,21.5,34405,16,卖盘
587,09:59:30,21.5,184900,86,卖盘
588,09:59:33,21.5,505255,235,卖盘
589,09:59:36,21.5,141900,66,买盘
590,09:59:39,21.5,30099,14,买盘
591,09:59:42,21.5,66642,31,买盘
592,09:59:45,21.5,191342,89,买盘
593,09:59:48,21.49,408339,190,卖盘
594,09:59:51,21.49,60179,28,卖盘
595,09:59:54,21.49,352436,164,卖盘
596,09:59:57,21.48,2148,1,卖盘
597,10:00:00,21.48,27926,13,卖盘
598,10:00:03,21.49,139630,65,买盘
599,10:00:06,21.48,335111,156,卖盘
600,10:00:09,21.49,70902,33,买盘
601,10:00:12,21.49,184751,86,买盘
602,10:00:15,21.48,403875,188,卖盘
603,10:00:18,21.48,45104,21,买盘
604,10:00:21,21.48,111659,52,买盘
605,10:00:24,21.47,85890,40,卖盘
606,10:00:27,21.47,49385,23,卖盘
607,10:00:30,21.48,324241,151,买盘
608,10:00:33,21.47,425107,198,卖盘
609,10:00:36,21.47,72995,34,买盘
610,10:00:39,21.47,261934,122,买盘
611,10:00:42,21.47,272697,127,卖盘
612,10:00:45,21.46,405695,189,卖盘
613,10:00:48,21.46,90135,42,卖盘
614,10:00:51,21.46,779139,363,卖盘
615,10:00:54,21.46,64387,30,卖盘
616,10:00:57,21.46,85859,40,卖盘
617,10:01:00,21.46,186702,87,卖盘
618,10:01:03,21.46,130911,61,卖盘
619,10:01:06,21.46,49371,23,卖盘
620,10:01:09,21.47,8588,4,买盘
621,10:01:12,21.49,1682605,784,买盘
622,10:01:15,21.49,2114412,985,买盘
623,10:01:18,21.49,111712,52,买盘
624,10:01:21,21.47,40823,19,卖盘
625,10:01:24,21.48,165451,77,中性盘
626,10:01:27,21.49,122440,57,买盘
627,10:01:30,21.48,105282,49,卖盘
628,10:01:33,21.49,25790,12,中性盘
629,10:01:36,21.48,73032,34,卖盘
630,10:01:39,21.48,229837,107,卖盘
631,10:01:42,21.48,298572,139,买盘
632,10:01:45,21.49,103132,48,买盘
633,10:01:48,21.49,21491,10,卖盘
634,10:01:51,21.49,96706,45,卖盘
635,10:01:54,21.49,81667,38,卖盘
636,10:01:57,21.49,83814,39,卖盘
637,10:02:00,21.49,36530,17,买盘
638,10:02:03,21.49,94554,44,买盘
639,10:02:06,21.49,479028,223,买盘
640,10:02:09,21.49,320099,149,买盘
641,10:02:12,21.49,40831,19,买盘
642,10:02:15,21.49,186919,87,买盘
643,10:02:18,21.49,500719,233,买盘
644,10:02:21,21.48,23632,11,卖盘
645,10:02:24,21.48,777572,362,卖盘
646,10:02:27,21.47,1210631,564,卖盘
647,10:02:30,21.47,107334,50,买盘
648,10:02:36,21.47,2147,1,买盘
649,10:02:39,21.47,332511,155,买盘
650,10:02:42,21.47,506690,236,买盘
651,10:02:45,21.46,53647,25,买盘
652,10:02:48,21.46,118022,55,买盘
653,10:02:51,21.45,1941151,905,卖盘
654,10:02:54,21.46,167309,78,买盘
655,10:02:57,21.43,51432,24,卖盘
656,10:03:00,21.43,51441,24,卖盘
657,10:03:03,21.43,145844,68,卖盘
658,10:03:06,21.45,85800,40,买盘
659,10:03:09,21.45,147946,69,买盘
660,10:03:12,21.43,623619,291,卖盘
661,10:03:15,21.45,960747,448,买盘
662,10:03:18,21.45,139473,65,卖盘
663,10:03:21,21.46,394679,184,买盘
664,10:03:24,21.46,411881,192,买盘
665,10:03:27,21.45,36477,17,中性盘
666,10:03:30,21.46,17168,8,买盘
667,10:03:33,21.46,115889,54,买盘
668,10:03:36,21.46,278898,130,卖盘
669,10:03:39,21.46,70822,33,卖盘
670,10:03:42,21.46,32190,15,卖盘
671,10:03:45,21.47,85847,40,买盘
672,10:03:48,21.46,268256,125,卖盘
673,10:03:51,21.47,90160,42,买盘
674,10:03:54,21.46,276720,129,卖盘
675,10:03:57,21.46,87986,41,买盘
676,10:04:00,21.46,85840,40,买盘
677,10:04:03,21.46,90095,42,买盘
678,10:04:06,21.45,47208,22,卖盘
679,10:04:09,21.45,79382,37,卖盘
680,10:04:12,21.46,598652,279,买盘
681,10:04:15,21.46,40789,19,中性盘
682,10:04:18,21.46,8584,4,卖盘
683,10:04:21,21.47,47218,22,买盘
684,10:04:24,21.46,23607,11,卖盘
685,10:04:27,21.46,160992,75,卖盘
686,10:04:30,21.47,64406,30,买盘
687,10:04:33,21.47,120217,56,买盘
688,10:04:36,21.47,75145,35,买盘
689,10:04:39,21.46,193151,90,卖盘
690,10:04:42,21.45,178117,83,卖盘
691,10:04:45,21.47,100908,47,买盘
692,10:04:48,21.47,248958,116,买盘
693,10:04:51,21.47,276939,129,买盘
694,10:04:54,21.45,107330,50,卖盘
695,10:04:57,21.46,203821,95,中性盘
696,10:05:00,21.46,246788,115,买盘
697,10:05:03,21.47,79400,37,买盘
698,10:05:06,21.46,476412,222,卖盘
699,10:05:09,21.46,165250,77,中性盘
700,10:05:12,21.45,257431,120,卖盘
701,10:05:15,21.45,504046,235,卖盘
702,10:05:18,21.44,510390,238,卖盘
703,10:05:21,21.43,34297,16,卖盘
704,10:05:24,21.43,769373,359,卖盘
705,10:05:27,21.45,57882,27,买盘
706,10:05:30,21.43,214300,100,卖盘
707,10:05:33,21.45,225220,105,买盘
708,10:05:36,21.45,21450,10,买盘
709,10:05:39,21.43,917246,428,卖盘
710,10:05:42,21.42,492796,230,卖盘
711,10:05:45,21.43,192940,90,买盘
712,10:05:48,21.42,87827,41,卖盘
713,10:05:51,21.42,469135,219,卖盘
714,10:05:54,21.42,469011,219,买盘
715,10:05:57,21.42,4284,2,买盘
716,10:06:00,21.41,111346,52,卖盘
717,10:06:03,21.41,685167,320,卖盘
718,10:06:06,21.41,670151,313,卖盘
719,10:06:09,21.41,466540,218,买盘
720,10:06:12,21.4,2437346,1139,卖盘
721,10:06:15,21.39,68477,32,中性盘
722,10:06:18,21.4,556280,260,买盘
723,10:06:21,21.4,318869,149,卖盘
724,10:06:24,21.4,316697,148,卖盘
725,10:06:27,21.41,3512625,1641,买盘
726,10:06:30,21.41,293379,137,卖盘
727,10:06:33,21.41,25692,12,卖盘
728,10:06:36,21.43,23553,11,中性盘
729,10:06:39,21.43,44989,21,买盘
730,10:06:42,21.43,94233,44,买盘
731,10:06:45,21.44,64310,30,买盘
732,10:06:48,21.44,4288,2,买盘
733,10:06:51,21.44,49304,23,买盘
734,10:06:54,21.44,40730,19,卖盘
735,10:06:57,21.45,2145,1,买盘
736,10:07:00,21.44,147936,69,卖盘
737,10:07:03,21.44,47168,22,买盘
738,10:07:06,21.44,51456,24,买盘
739,10:07:09,21.44,42880,20,买盘
740,10:07:12,21.43,315041,147,卖盘
741,10:07:15,21.44,94315,44,买盘
742,10:07:18,21.44,27875,13,卖盘
743,10:07:21,21.43,51467,24,卖盘
744,10:07:24,21.43,2143,1,卖盘
745,10:07:27,21.44,6432,3,买盘
746,10:07:30,21.43,32145,15,卖盘
747,10:07:33,21.44,600052,280,买盘
748,10:07:36,21.44,64303,30,买盘
749,10:07:39,21.43,10715,5,卖盘
750,10:07:42,21.44,75019,35,买盘
751,10:07:45,21.44,117867,55,买盘
752,10:07:48,21.44,300062,140,买盘
753,10:07:51,21.43,34288,16,中性盘
754,10:07:54,21.44,154356,72,买盘
755,10:07:57,21.44,21435,10,买盘
756,10:08:00,21.44,32154,15,买盘
757,10:08:03,21.44,111445,52,买盘
758,10:08:06,21.43,21430,10,卖盘
759,10:08:09,21.43,70719,33,卖盘
760,10:08:12,21.43,120036,56,卖盘
761,10:08:15,21.44,175717,82,买盘
762,10:08:18,21.43,42860,20,买盘
763,10:08:21,21.43,334388,156,卖盘
764,10:08:24,21.43,128576,60,买盘
765,10:08:27,21.42,192780,90,卖盘
766,10:08:30,21.42,529251,247,卖盘
767,10:08:33,21.43,34302,16,中性盘
768,10:08:36,21.44,231391,108,买盘
769,10:08:39,21.43,49289,23,卖盘
770,10:08:42,21.43,117865,55,卖盘
771,10:08:45,21.43,175738,82,卖盘
772,10:08:48,21.43,53575,25,卖盘
773,10:08:51,21.44,70720,33,买盘
774,10:08:54,21.44,21440,10,买盘
775,10:08:57,21.43,21430,10,卖盘
776,10:09:00,21.44,2144,1,买盘
777,10:09:03,21.44,32160,15,买盘
778,10:09:06,21.44,19296,9,买盘
779,10:09:09,21.43,109293,51,卖盘
780,10:09:12,21.43,225016,105,卖盘
781,10:09:15,21.43,92149,43,卖盘
782,10:09:18,21.43,141438,66,买盘
783,10:09:21,21.43,657901,307,买盘
784,10:09:24,21.44,450225,210,买盘
785,10:09:27,21.43,25716,12,卖盘
786,10:09:30,21.43,92170,43,卖盘
787,10:09:33,21.43,190727,89,卖盘
788,10:09:36,21.42,471364,220,卖盘
789,10:09:39,21.43,60011,28,卖盘
790,10:09:42,21.43,21430,10,卖盘
791,10:09:45,21.44,30010,14,买盘
792,10:09:48,21.43,351511,164,卖盘
793,10:09:51,21.44,21440,10,买盘
794,10:09:57,21.43,2143,1,卖盘
795,10:10:03,21.43,203585,95,卖盘
796,10:10:06,21.43,30002,14,买盘
797,10:10:09,21.43,87863,41,买盘
798,10:10:12,21.43,134997,63,买盘
799,10:10:15,21.42,94250,44,卖盘
800,10:10:18,21.43,180012,84,买盘
801,10:10:21,21.43,10715,5,卖盘
802,10:10:24,21.43,6429,3,卖盘
803,10:10:27,21.43,45003,21,卖盘
804,10:10:30,21.43,304308,142,卖盘
805,10:10:33,21.44,32153,15,买盘
806,10:10:36,21.44,27870,13,买盘
807,10:10:39,21.44,64317,30,买盘
808,10:10:42,21.43,23577,11,卖盘
809,10:10:45,21.44,2144,1,买盘
810,10:10:48,21.43,92149,43,卖盘
811,10:10:51,21.43,64290,30,买盘
812,10:10:54,21.43,53575,25,买盘
813,10:10:57,21.43,2143,1,卖盘
814,10:11:00,21.44,2144,1,买盘
815,10:11:03,21.44,276481,129,买盘
816,10:11:06,21.43,636732,297,卖盘
817,10:11:09,21.44,47173,22,买盘
818,10:11:12,21.43,85755,40,卖盘
819,10:11:18,21.44,8577,4,卖盘
820,10:11:21,21.45,17153,8,买盘
821,10:11:24,21.44,53600,25,卖盘
822,10:11:27,21.44,229408,107,卖盘
823,10:11:30,21.44,293833,137,买盘
824,10:11:33,21.44,137218,64,卖盘
825,10:11:36,21.45,17158,8,买盘
826,10:11:39,21.45,478163,223,买盘
827,10:11:42,21.44,32160,15,买盘
828,10:11:45,21.44,64345,30,中性盘
829,10:11:48,21.44,30014,14,买盘
830,10:11:51,21.44,40726,19,买盘
831,10:11:54,21.44,295872,138,买盘
832,10:11:57,21.44,349420,163,买盘
833,10:12:00,21.45,87907,41,买盘
834,10:12:03,21.45,21450,10,买盘
835,10:12:06,21.46,750808,350,买盘
836,10:12:09,21.45,133008,62,卖盘
837,10:12:15,21.45,53629,25,卖盘
838,10:12:18,21.46,439799,205,买盘
839,10:12:21,21.45,34320,16,中性盘
840,10:12:24,21.46,150163,70,买盘
841,10:12:27,21.48,581866,271,买盘
842,10:12:30,21.48,2148,1,买盘
843,10:12:33,21.48,88052,41,买盘
844,10:12:36,21.48,133171,62,买盘
845,10:12:39,21.48,408113,190,买盘
846,10:12:42,21.47,57961,27,卖盘
847,10:12:45,21.48,367308,171,买盘
848,10:12:48,21.48,98783,46,买盘
849,10:12:51,21.48,96660,45,买盘
850,10:12:54,21.48,32220,15,中性盘
851,10:12:57,21.48,446690,208,买盘
852,10:13:00,21.48,12888,6,买盘
853,10:13:03,21.48,2148,1,买盘
854,10:13:06,21.48,292207,136,买盘
855,10:13:09,21.47,49395,23,卖盘
856,10:13:12,21.48,12885,6,卖盘
857,10:13:15,21.47,12886,6,卖盘
858,10:13:18,21.47,60127,28,卖盘
859,10:13:21,21.48,42960,20,买盘
860,10:13:27,21.48,19332,9,买盘
861,10:13:30,21.48,111672,52,买盘
862,10:13:33,21.47,15033,7,卖盘
863,10:13:36,21.47,122438,57,卖盘
864,10:13:39,21.48,36522,17,中性盘
865,10:13:42,21.49,45117,21,买盘
866,10:13:45,21.49,111744,52,买盘
867,10:13:48,21.49,70912,33,买盘
868,10:13:51,21.48,869982,405,卖盘
869,10:13:54,21.48,128880,60,买盘
870,10:13:57,21.49,427469,199,买盘
871,10:14:00,21.5,42994,20,买盘
872,10:14:03,21.5,47292,22,买盘
873,10:14:06,21.5,193499,90,买盘
874,10:14:09,21.5,113946,53,买盘
875,10:14:12,21.5,288098,134,买盘
876,10:14:15,21.5,283795,132,买盘
877,10:14:18,21.51,204344,95,买盘
878,10:14:21,21.51,47322,22,买盘
879,10:14:24,21.51,38718,18,买盘
880,10:14:27,21.51,124766,58,买盘
881,10:14:30,21.51,34413,16,中性盘
882,10:14:33,21.53,383097,178,买盘
883,10:14:36,21.53,99038,46,买盘
884,10:14:39,21.53,6458,3,买盘
885,10:14:42,21.53,99038,46,买盘
886,10:14:45,21.53,492948,229,买盘
887,10:14:48,21.53,120568,56,买盘
888,10:14:51,21.52,475695,221,卖盘
889,10:14:54,21.52,64560,30,买盘
890,10:14:57,21.52,40888,19,买盘
891,10:15:00,21.52,36583,17,买盘
892,10:15:03,21.52,79607,37,买盘
893,10:15:06,21.52,340006,158,买盘
894,10:15:09,21.53,152834,71,买盘
895,10:15:12,21.53,83982,39,买盘
896,10:15:15,21.54,81816,38,买盘
897,10:15:21,21.54,53840,25,买盘
898,10:15:24,21.54,262767,122,买盘
899,10:15:27,21.54,94775,44,买盘
900,10:15:30,21.54,124904,58,买盘
901,10:15:33,21.55,185300,86,买盘
902,10:15:36,21.55,133570,62,买盘
903,10:15:39,21.55,392190,182,买盘
904,10:15:42,21.56,64669,30,买盘
905,10:15:45,21.56,200503,93,买盘
906,10:15:48,21.56,230646,107,买盘
907,10:15:51,21.57,198365,92,买盘
908,10:15:54,21.57,28040,13,买盘
909,10:15:57,21.56,153083,71,卖盘
910,10:16:00,21.56,101332,47,买盘
911,10:16:03,21.56,129360,60,买盘
912,10:16:06,21.56,726344,337,买盘
913,10:16:09,21.55,64648,30,买盘
914,10:16:12,21.55,64631,30,买盘
915,10:16:15,21.54,10770,5,卖盘
916,10:16:18,21.54,191706,89,卖盘
917,10:16:21,21.54,1567217,727,买盘
918,10:16:24,21.54,222011,103,卖盘
919,10:16:27,21.57,129364,60,买盘
920,10:16:30,21.56,181121,84,中性盘
921,10:16:33,21.55,114260,53,卖盘
922,10:16:36,21.56,107800,50,买盘
923,10:16:39,21.57,754275,350,买盘
924,10:16:42,21.54,58189,27,卖盘
925,10:16:48,21.54,616026,286,卖盘
926,10:16:51,21.53,101191,47,卖盘
927,10:16:54,21.52,234575,109,卖盘
928,10:16:57,21.52,23677,11,卖盘
929,10:17:00,21.53,10765,5,买盘
930,10:17:03,21.53,21530,10,买盘
931,10:17:09,21.53,8612,4,买盘
932,10:17:12,21.52,103300,48,卖盘
933,10:17:15,21.52,101144,47,卖盘
934,10:17:18,21.51,126949,59,卖盘
935,10:17:21,21.5,1158961,539,卖盘
936,10:17:24,21.51,23661,11,买盘
937,10:17:27,21.51,58069,27,买盘
938,10:17:30,21.51,36552,17,买盘
939,10:17:33,21.51,45171,21,买盘
940,10:17:36,21.51,83867,39,买盘
941,10:17:39,21.5,45150,21,卖盘
942,10:17:42,21.5,137634,64,卖盘
943,10:17:45,21.5,12903,6,卖盘
944,10:17:48,21.5,234352,109,卖盘
945,10:17:51,21.5,55900,26,卖盘
946,10:17:54,21.51,202142,94,买盘
947,10:17:57,21.51,73110,34,买盘
948,10:18:00,21.51,53752,25,买盘
949,10:18:03,21.51,23654,11,买盘
950,10:18:06,21.5,88173,41,卖盘
951,10:18:09,21.5,36552,17,卖盘
952,10:18:12,21.51,30114,14,买盘
953,10:18:15,21.5,298881,139,卖盘
954,10:18:18,21.5,43001,20,中性盘
955,10:18:21,21.5,124701,58,买盘
956,10:18:24,21.51,47309,22,买盘
957,10:18:27,21.51,25806,12,买盘
958,10:18:30,21.51,58077,27,买盘
959,10:18:33,21.49,103198,48,卖盘
960,10:18:36,21.5,27948,13,买盘
961,10:18:39,21.49,4298,2,卖盘
962,10:18:42,21.49,219198,102,卖盘
963,10:18:45,21.48,10740,5,卖盘
964,10:18:48,21.49,4298,2,买盘
965,10:18:51,21.48,4296,2,卖盘
966,10:18:54,21.49,73055,34,买盘
967,10:18:57,21.49,6447,3,买盘
968,10:19:00,21.49,12890,6,买盘
969,10:19:03,21.49,6447,3,买盘
970,10:19:06,21.48,83772,39,卖盘
971,10:19:09,21.48,81624,38,卖盘
972,10:19:12,21.49,10745,5,买盘
973,10:19:15,21.48,81631,38,卖盘
974,10:19:18,21.48,23632,11,卖盘
975,10:19:21,21.48,201910,94,卖盘
976,10:19:24,21.47,15033,7,卖盘
977,10:19:27,21.48,143916,67,买盘
978,10:19:30,21.48,30062,14,买盘
979,10:19:33,21.47,51542,24,卖盘
980,10:19:36,21.48,10736,5,买盘
981,10:19:39,21.47,100909,47,卖盘
982,10:19:45,21.47,100909,47,卖盘
983,10:19:48,21.47,70877,33,卖盘
984,10:19:51,21.48,758234,353,买盘
985,10:19:54,21.49,73039,34,买盘
986,10:19:57,21.49,4298,2,买盘
987,10:20:00,21.5,326633,152,买盘
988,10:20:03,21.49,274997,128,中性盘
989,10:20:06,21.49,45129,21,买盘
990,10:20:09,21.48,58000,27,卖盘
991,10:20:12,21.5,15050,7,买盘
992,10:20:15,21.49,15043,7,卖盘
993,10:20:18,21.49,96705,45,卖盘
994,10:20:21,21.49,2149,1,买盘
995,10:20:24,21.49,62298,29,买盘
996,10:20:27,21.48,75180,35,卖盘
997,10:20:30,21.48,122436,57,卖盘
998,10:20:33,21.48,36511,17,买盘
999,10:20:36,21.47,343577,160,卖盘
1000,10:20:39,21.47,36499,17,买盘
1001,10:20:42,21.46,57944,27,卖盘
1002,10:20:45,21.47,36499,17,买盘
1003,10:20:48,21.47,639781,298,买盘
1004,10:20:51,21.47,171755,80,买盘
1005,10:20:54,21.47,15034,7,买盘
1006,10:20:57,21.48,6444,3,买盘
1007,10:21:00,21.46,173826,81,卖盘
1008,10:21:03,21.46,15022,7,买盘
1009,10:21:06,21.46,184556,86,买盘
1010,10:21:09,21.46,25752,12,买盘
1011,10:21:12,21.46,19314,9,卖盘
1012,10:21:15,21.47,34341,16,买盘
1013,10:21:18,21.46,439895,205,卖盘
1014,10:21:21,21.47,130962,61,买盘
1015,10:21:24,21.46,23606,11,卖盘
1016,10:21:30,21.46,298300,139,卖盘
1017,10:21:33,21.46,182410,85,买盘
1018,10:21:36,21.47,122299,57,买盘
1019,10:21:39,21.47,32205,15,买盘
1020,10:21:42,21.47,40793,19,买盘
1021,10:21:45,21.47,34351,16,买盘
1022,10:21:48,21.47,36497,17,买盘
1023,10:21:51,21.47,30058,14,买盘
1024,10:21:54,21.47,30058,14,买盘
1025,10:21:57,21.46,173840,81,卖盘
1026,10:22:00,21.47,15029,7,买盘
1027,10:22:03,21.47,23607,11,买盘
1028,10:22:06,21.46,85840,40,卖盘
1029,10:22:09,21.46,214646,100,卖盘
1030,10:22:12,21.46,21460,10,买盘
1031,10:22:15,21.46,15022,7,买盘
1032,10:22:18,21.46,195281,91,买盘
1033,10:22:21,21.46,90137,42,卖盘
1034,10:22:24,21.47,40780,19,买盘
1035,10:22:27,21.46,381988,178,卖盘
1036,10:22:30,21.46,21460,10,买盘
1037,10:22:33,21.47,62237,29,买盘
1038,10:22:36,21.47,109458,51,买盘
1039,10:22:39,21.47,47234,22,买盘
1040,10:22:45,21.46,227477,106,卖盘
1041,10:22:51,21.47,23617,11,买盘
1042,10:22:54,21.46,139490,65,卖盘
1043,10:22:57,21.47,367098,171,买盘
1044,10:23:00,21.48,49404,23,买盘
1045,10:23:03,21.48,64420,30,买盘
1046,10:23:06,21.47,128884,60,卖盘
1047,10:23:09,21.47,51556,24,卖盘
1048,10:23:12,21.49,25788,12,买盘
1049,10:23:15,21.48,47256,22,中性盘
1050,10:23:18,21.48,47256,22,买盘
1051,10:23:21,21.47,17182,8,卖盘
1052,10:23:24,21.49,55852,26,买盘
1053,10:23:27,21.47,17182,8,卖盘
1054,10:23:30,21.48,21480,10,买盘
1055,10:23:33,21.49,111672,52,买盘
1056,10:23:36,21.48,2148,1,中性盘
1057,10:23:39,21.48,4296,2,卖盘
1058,10:23:42,21.49,8593,4,买盘
1059,10:23:45,21.49,113859,53,买盘
1060,10:23:51,21.48,32225,15,卖盘
1061,10:23:54,21.48,68736,32,卖盘
1062,10:23:57,21.49,15043,7,买盘
1063,10:24:00,21.48,128880,60,卖盘
1064,10:24:03,21.48,19332,9,卖盘
1065,10:24:06,21.48,537017,250,卖盘
1066,10:24:12,21.48,109548,51,卖盘
1067,10:24:15,21.48,32220,15,买盘
1068,10:24:18,21.47,111691,52,卖盘
1069,10:24:21,21.48,100956,47,买盘
1070,10:24:24,21.48,45108,21,买盘
1071,10:24:27,21.49,25788,12,买盘
1072,10:24:30,21.49,17192,8,买盘
1073,10:24:33,21.48,30072,14,卖盘
1074,10:24:39,21.48,150360,70,卖盘
1075,10:24:42,21.48,100966,47,卖盘
1076,10:24:45,21.47,461815,215,卖盘
1077,10:24:48,21.48,92332,43,买盘
1078,10:24:51,21.48,96660,45,买盘
1079,10:24:57,21.47,418665,195,卖盘
1080,10:25:00,21.47,62263,29,卖盘
1081,10:25:03,21.47,79439,37,买盘
1082,10:25:06,21.47,23617,11,买盘
1083,10:25:12,21.46,81565,38,卖盘
1084,10:25:15,21.47,70851,33,买盘
1085,10:25:18,21.47,4294,2,买盘
1086,10:25:21,21.46,15022,7,卖盘
1087,10:25:24,21.47,81566,38,买盘
1088,10:25:30,21.46,669552,312,卖盘
1089,10:25:33,21.46,133052,62,买盘
1090,10:25:36,21.45,2136430,996,卖盘
1091,10:25:39,21.45,38610,18,买盘
1092,10:25:42,21.43,430927,201,卖盘
1093,10:25:45,21.44,2144,1,买盘
1094,10:25:48,21.44,233696,109,买盘
1095,10:25:51,21.44,726817,339,买盘
1096,10:25:54,21.44,30025,14,卖盘
1097,10:25:57,21.44,49312,23,卖盘
1098,10:26:00,21.45,317324,148,买盘
1099,10:26:03,21.44,72901,34,卖盘
1100,10:26:06,21.43,92174,43,卖盘
1101,10:26:09,21.43,36431,17,卖盘
1102,10:26:12,21.44,111443,52,买盘
1103,10:26:15,21.42,5955338,2782,卖盘
1104,10:26:18,21.42,111384,52,买盘
1105,10:26:21,21.42,85673,40,买盘
1106,10:26:24,21.41,143405,67,卖盘
1107,10:26:27,21.41,224805,105,卖盘
1108,10:26:30,21.42,164900,77,买盘
1109,10:26:33,21.41,72797,34,卖盘
1110,10:26:36,21.41,44968,21,卖盘
1111,10:26:42,21.41,434621,203,卖盘
1112,10:26:45,21.41,21410,10,买盘
1113,10:26:48,21.4,363939,170,卖盘
1114,10:26:51,21.41,143452,67,卖盘
1115,10:26:54,21.41,38538,18,卖盘
1116,10:26:57,21.42,477438,223,买盘
1117,10:27:00,21.42,156295,73,买盘
1118,10:27:03,21.41,173467,81,卖盘
1119,10:27:06,21.41,149871,70,卖盘
1120,10:27:09,21.41,47102,22,卖盘
1121,10:27:12,21.42,111384,52,买盘
1122,10:27:15,21.4,1896132,886,卖盘
1123,10:27:18,21.42,394147,184,买盘
1124,10:27:21,21.43,4286,2,买盘
1125,10:27:24,21.44,30012,14,买盘
1126,10:27:27,21.44,72895,34,买盘
1127,10:27:30,21.45,25739,12,买盘
1128,10:27:36,21.45,51480,24,买盘
1129,10:27:39,21.44,92192,43,卖盘
1130,10:27:42,21.44,27872,13,买盘
1131,10:27:45,21.44,62176,29,买盘
1132,10:27:48,21.45,122226,57,买盘
1133,10:27:51,21.44,45024,21,卖盘
1134,10:27:54,21.44,98624,46,买盘
1135,10:28:00,21.43,2143,1,卖盘
1136,10:28:03,21.43,2143,1,卖盘
1137,10:28:06,21.46,1681514,784,买盘
1138,10:28:09,21.48,231912,108,买盘
1139,10:28:12,21.48,42960,20,卖盘
1140,10:28:18,21.48,4296,2,买盘
1141,10:28:21,21.47,2147,1,卖盘
1142,10:28:24,21.47,8588,4,卖盘
1143,10:28:30,21.47,21470,10,买盘
1144,10:28:33,21.47,261934,122,买盘
1145,10:28:36,21.47,21470,10,买盘
1146,10:28:39,21.46,12877,6,卖盘
1147,10:28:42,21.47,8588,4,买盘
1148,10:28:45,21.47,23617,11,买盘
1149,10:28:48,21.47,30058,14,买盘
1150,10:28:51,21.46,23606,11,卖盘
1151,10:28:54,21.47,8588,4,买盘
1152,10:28:57,21.46,218892,102,卖盘
1153,10:29:00,21.47,15029,7,买盘
1154,10:29:03,21.46,206018,96,卖盘
1155,10:29:06,21.46,4292,2,卖盘
1156,10:29:09,21.46,94424,44,买盘
1157,10:29:12,21.46,51504,24,卖盘
1158,10:29:15,21.46,227477,106,卖盘
1159,10:29:18,21.45,100866,47,卖盘
1160,10:29:21,21.47,38633,18,买盘
1161,10:29:24,21.46,36482,17,卖盘
1162,10:29:30,21.46,19314,9,买盘
1163,10:29:33,21.47,774677,361,买盘
1164,10:29:36,21.47,70845,33,买盘
1165,10:29:39,21.48,163173,76,买盘
1166,10:29:45,21.47,25764,12,卖盘
1167,10:29:48,21.48,68716,32,买盘
1168,10:29:51,21.47,38646,18,卖盘
1169,10:29:54,21.47,103056,48,买盘
1170,10:29:57,21.48,2148,1,买盘
1171,10:30:00,21.47,27911,13,卖盘
1172,10:30:03,21.47,19323,9,买盘
1173,10:30:06,21.48,188953,88,买盘
1174,10:30:09,21.48,564924,263,买盘
1175,10:30:12,21.47,107412,50,卖盘
1176,10:30:15,21.49,32225,15,买盘
1177,10:30:18,21.49,4298,2,买盘
1178,10:30:21,21.48,186891,87,卖盘
1179,10:30:24,21.48,53704,25,卖盘
1180,10:30:27,21.49,6447,3,买盘
1181,10:30:30,21.5,666192,310,买盘
1182,10:30:33,21.5,12900,6,买盘
1183,10:30:36,21.49,6447,3,卖盘
1184,10:30:39,21.5,344000,160,买盘
1185,10:30:42,21.5,268744,125,买盘
1186,10:30:45,21.49,21490,10,卖盘
1187,10:30:48,21.5,242822,113,买盘
1188,10:30:51,21.5,73128,34,卖盘
1189,10:30:54,21.5,10750,5,买盘
1190,10:30:57,21.49,17192,8,卖盘
1191,10:31:00,21.5,12900,6,买盘
1192,10:31:03,21.49,240799,112,卖盘
1193,10:31:09,21.52,49477,23,买盘
1194,10:31:15,21.51,15055,7,买盘
1195,10:31:18,21.51,144067,67,买盘
1196,10:31:21,21.5,66650,31,中性盘
1197,10:31:24,21.49,19341,9,卖盘
1198,10:31:27,21.5,75250,35,买盘
1199,10:31:33,21.5,120400,56,买盘
1200,10:31:36,21.49,25795,12,卖盘
1201,10:31:39,21.5,75215,35,买盘
1202,10:31:42,21.49,27937,13,中性盘
1203,10:31:45,21.49,4298,2,中性盘
1204,10:31:48,21.5,23648,11,买盘
1205,10:31:57,21.49,21490,10,买盘
1206,10:32:00,21.49,34384,16,买盘
1207,10:32:06,21.49,182665,85,卖盘
1208,10:32:09,21.5,509484,237,买盘
1209,10:32:12,21.48,92411,43,卖盘
1210,10:32:15,21.5,19346,9,中性盘
1211,10:32:18,21.51,75284,35,买盘
1212,10:32:21,21.5,21500,10,卖盘
1213,10:32:27,21.5,21500,10,卖盘
1214,10:32:30,21.51,4302,2,买盘
1215,10:32:33,21.51,60208,28,买盘
1216,10:32:36,21.5,150565,70,卖盘
1217,10:32:39,21.5,92483,43,卖盘
1218,10:32:42,21.51,15052,7,买盘
1219,10:32:45,21.51,15057,7,买盘
1220,10:32:48,21.51,58077,27,买盘
1221,10:32:51,21.51,58059,27,买盘
1222,10:32:54,21.51,15056,7,买盘
1223,10:33:00,21.5,148351,69,卖盘
1224,10:33:03,21.5,62350,29,买盘
1225,10:33:06,21.5,70950,33,买盘
1226,10:33:09,21.5,60200,28,买盘
1227,10:33:18,21.52,600124,279,买盘
1228,10:33:21,21.52,62408,29,买盘
1229,10:33:24,21.51,96823,45,卖盘
1230,10:33:27,21.51,45182,21,卖盘
1231,10:33:30,21.51,58103,27,卖盘
1232,10:33:33,21.52,193579,90,中性盘
1233,10:33:36,21.51,40869,19,卖盘
1234,10:33:39,21.51,47322,22,买盘
1235,10:33:45,21.51,6453,3,买盘
1236,10:33:48,21.5,53753,25,卖盘
1237,10:33:51,21.5,21500,10,卖盘
1238,10:33:54,21.5,73100,34,卖盘
1239,10:34:00,21.5,17200,8,卖盘
1240,10:34:03,21.5,4300,2,卖盘
1241,10:34:06,21.51,49453,23,买盘
1242,10:34:09,21.5,395600,184,卖盘
1243,10:34:12,21.5,17199,8,买盘
1244,10:34:18,21.49,38682,18,卖盘
1245,10:34:21,21.5,146152,68,买盘
1246,10:34:24,21.49,17192,8,卖盘
1247,10:34:27,21.5,178414,83,买盘
1248,10:34:30,21.49,105301,49,中性盘
1249,10:34:33,21.49,81662,38,买盘
1250,10:34:36,21.49,358772,167,买盘
1251,10:34:39,21.49,12894,6,买盘
1252,10:34:42,21.49,15037,7,买盘
1253,10:34:45,21.49,797270,371,买盘
1254,10:34:48,21.5,425700,198,买盘
1255,10:34:51,21.5,96767,45,卖盘
1256,10:34:54,21.5,12900,6,卖盘
1257,10:34:57,21.5,716246,333,卖盘
1258,10:35:00,21.52,45166,21,买盘
1259,10:35:03,21.5,206406,96,卖盘
1260,10:35:06,21.52,1090054,507,买盘
1261,10:35:09,21.52,58094,27,买盘
1262,10:35:15,21.5,27956,13,卖盘
1263,10:35:18,21.52,45192,21,买盘
1264,10:35:21,21.52,23657,11,买盘
1265,10:35:24,21.52,2152,1,买盘
1266,10:35:30,21.51,98946,46,卖盘
1267,10:35:33,21.52,73152,34,买盘
1268,10:35:36,21.52,21520,10,买盘
1269,10:35:39,21.52,116208,54,买盘
1270,10:35:42,21.52,596104,277,买盘
1271,10:35:45,21.52,225960,105,买盘
1272,10:35:51,21.53,79654,37,买盘
1273,10:35:54,21.52,10760,5,卖盘
1274,10:35:57,21.52,23672,11,卖盘
1275,10:36:00,21.53,124864,58,买盘
1276,10:36:03,21.53,10765,5,买盘
1277,10:36:06,21.52,15068,7,卖盘
1278,10:36:12,21.52,2152,1,卖盘
1279,10:36:15,21.53,62420,29,买盘
1280,10:36:18,21.51,34425,16,卖盘
1281,10:36:21,21.52,25819,12,买盘
1282,10:36:24,21.52,25822,12,买盘
1283,10:36:27,21.51,2151,1,卖盘
1284,10:36:30,21.51,6453,3,卖盘
1285,10:36:33,21.5,189296,88,卖盘
1286,10:36:36,21.52,51648,24,买盘
1287,10:36:39,21.52,88230,41,买盘
1288,10:36:42,21.52,86075,40,买盘
1289,10:36:48,21.51,66672,31,卖盘
1290,10:36:51,21.51,38718,18,买盘
1291,10:36:54,21.51,38718,18,卖盘
1292,10:36:57,21.5,109650,51,卖盘
1293,10:37:00,21.5,2150,1,卖盘
1294,10:37:03,21.51,23652,11,买盘
1295,10:37:09,21.51,21510,10,买盘
1296,10:37:12,21.51,4302,2,买盘
1297,10:37:15,21.51,240912,112,买盘
1298,10:37:18,21.51,62379,29,买盘
1299,10:37:21,21.5,558998,260,卖盘
1300,10:37:27,21.5,116100,54,买盘
1301,10:37:30,21.5,10750,5,买盘
1302,10:37:33,21.5,1090050,507,买盘
1303,10:37:36,21.51,38708,18,买盘
1304,10:37:39,21.51,2151,1,买盘
1305,10:37:42,21.5,32252,15,卖盘
1306,10:37:45,21.5,83879,39,卖盘
1307,10:37:48,21.5,36550,17,卖盘
1308,10:37:51,21.5,101050,47,卖盘
1309,10:37:57,21.5,430000,200,卖盘
1310,10:38:00,21.51,51606,24,买盘
1311,10:38:03,21.5,68800,32,卖盘
1312,10:38:06,21.5,101051,47,卖盘
1313,10:38:09,21.5,8600,4,买盘
1314,10:38:12,21.5,391260,182,买盘
1315,10:38:15,21.5,25800,12,买盘
1316,10:38:18,21.51,909466,423,买盘
1317,10:38:21,21.5,169878,79,卖盘
1318,10:38:24,21.51,47314,22,买盘
1319,10:38:27,21.51,92478,43,买盘
1320,10:38:33,21.51,4302,2,买盘
1321,10:38:36,21.5,133300,62,卖盘
1322,10:38:39,21.5,88150,41,买盘
1323,10:38:42,21.5,116111,54,买盘
1324,10:38:45,21.52,699100,325,买盘
1325,10:38:48,21.52,86073,40,买盘
1326,10:38:51,21.53,671471,312,买盘
1327,10:38:54,21.53,34448,16,买盘
1328,10:38:57,21.53,62437,29,买盘
1329,10:39:00,21.53,62436,29,买盘
1330,10:39:03,21.54,288502,134,买盘
1331,10:39:06,21.54,1885292,876,买盘
1332,10:39:09,21.54,590196,274,买盘
1333,10:39:12,21.54,58158,27,买盘
1334,10:39:15,21.55,452346,210,买盘
1335,10:39:18,21.55,64648,30,买盘
1336,10:39:21,21.54,8617,4,卖盘
1337,10:39:24,21.55,53875,25,买盘
1338,10:39:27,21.55,749908,348,买盘
1339,10:39:30,21.55,497802,231,买盘
1340,10:39:33,21.54,12929,6,卖盘
1341,10:39:36,21.56,17234,8,买盘
1342,10:39:39,21.55,32325,15,中性盘
1343,10:39:42,21.55,105625,49,卖盘
1344,10:39:45,21.56,379456,176,买盘
1345,10:39:48,21.57,295386,137,买盘
1346,10:39:51,21.57,105683,49,买盘
1347,10:39:54,21.56,360215,167,卖盘
1348,10:39:57,21.58,64740,30,买盘
1349,10:40:00,21.58,107877,50,买盘
1350,10:40:03,21.58,38843,18,买盘
1351,10:40:06,21.58,176954,82,买盘
1352,10:40:09,21.58,25896,12,买盘
1353,10:40:12,21.57,211480,98,卖盘
1354,10:40:15,21.57,233043,108,卖盘
1355,10:40:18,21.58,90623,42,买盘
1356,10:40:21,21.57,185502,86,卖盘
1357,10:40:24,21.56,49605,23,卖盘
1358,10:40:27,21.57,690384,320,买盘
1359,10:40:30,21.58,12948,6,买盘
1360,10:40:33,21.57,49616,23,卖盘
1361,10:40:36,21.58,49623,23,买盘
1362,10:40:39,21.57,45307,21,卖盘
1363,10:40:42,21.58,151005,70,买盘
1364,10:40:45,21.57,64719,30,卖盘
1365,10:40:48,21.57,45297,21,卖盘
1366,10:40:51,21.57,69024,32,卖盘
1367,10:40:54,21.57,107850,50,买盘
1368,10:40:57,21.57,122944,57,买盘
1369,10:41:00,21.57,81959,38,买盘
1370,10:41:03,21.57,53915,25,买盘
1371,10:41:06,21.56,112162,52,卖盘
1372,10:41:09,21.56,17248,8,卖盘
1373,10:41:12,21.57,77640,36,买盘
1374,10:41:15,21.57,131577,61,买盘
1375,10:41:18,21.57,118625,55,买盘
1376,10:41:21,21.56,148811,69,卖盘
1377,10:41:24,21.58,56087,26,买盘
1378,10:41:27,21.57,53921,25,卖盘
1379,10:41:30,21.57,49600,23,买盘
1380,10:41:33,21.57,10785,5,买盘
1381,10:41:36,21.57,73338,34,买盘
1382,10:41:39,21.57,43130,20,买盘
1383,10:41:42,21.57,34512,16,卖盘
1384,10:41:45,21.58,15104,7,买盘
1385,10:41:48,21.57,71181,33,卖盘
1386,10:41:51,21.57,60400,28,卖盘
1387,10:41:54,21.57,99222,46,中性盘
1388,10:41:57,21.57,43140,20,买盘
1389,10:42:00,21.57,88437,41,买盘
1390,10:42:03,21.56,118634,55,卖盘
1391,10:42:06,21.55,312618,145,卖盘
1392,10:42:09,21.57,153107,71,买盘
1393,10:42:12,21.56,148807,69,中性盘
1394,10:42:15,21.56,68983,32,卖盘
1395,10:42:18,21.56,6468,3,买盘
1396,10:42:21,21.55,489385,227,卖盘
1397,10:42:24,21.56,23716,11,买盘
1398,10:42:27,21.56,10780,5,买盘
1399,10:42:30,21.56,34491,16,买盘
1400,10:42:36,21.55,668066,310,卖盘
1401,10:42:39,21.54,19393,9,卖盘
1402,10:42:42,21.55,32325,15,买盘
1403,10:42:45,21.55,21550,10,买盘
1404,10:42:48,21.54,19386,9,卖盘
1405,10:42:51,21.54,2154,1,卖盘
1406,10:42:54,21.54,58160,27,卖盘
1407,10:42:57,21.54,299406,139,卖盘
1408,10:43:00,21.55,2155,1,买盘
1409,10:43:03,21.54,122781,57,卖盘
1410,10:43:06,21.54,109854,51,买盘
1411,10:43:09,21.54,572964,266,买盘
1412,10:43:12,21.54,43094,20,卖盘
1413,10:43:15,21.54,38775,18,卖盘
1414,10:43:18,21.55,53875,25,买盘
1415,10:43:21,21.56,219811,102,买盘
1416,10:43:24,21.56,144402,67,买盘
1417,10:43:27,21.55,43106,20,卖盘
1418,10:43:30,21.55,81886,38,卖盘
1419,10:43:33,21.55,187485,87,买盘
1420,10:43:36,21.56,271555,126,买盘
1421,10:43:39,21.56,36652,17,买盘
1422,10:43:42,21.56,88380,41,买盘
1423,10:43:45,21.57,633859,294,买盘
1424,10:43:48,21.56,103496,48,卖盘
1425,10:43:51,21.56,183260,85,卖盘
1426,10:43:54,21.56,301840,140,买盘
1427,10:43:57,21.56,71163,33,卖盘
1428,10:44:00,21.56,21565,10,卖盘
1429,10:44:03,21.56,94873,44,卖盘
1430,10:44:06,21.57,45295,21,买盘
1431,10:44:09,21.56,51747,24,中性盘
1432,10:44:12,21.55,10775,5,卖盘
1433,10:44:15,21.56,32340,15,买盘
1434,10:44:18,21.56,2156,1,买盘
1435,10:44:21,21.56,10777,5,买盘
1436,10:44:24,21.56,25871,12,买盘
1437,10:44:27,21.55,73294,34,卖盘
1438,10:44:30,21.56,56056,26,买盘
1439,10:44:33,21.55,293080,136,卖盘
1440,10:44:39,21.54,484627,225,卖盘
1441,10:44:42,21.54,51691,24,买盘
1442,10:44:45,21.53,2153,1,卖盘
1443,10:44:48,21.53,47367,22,卖盘
1444,10:44:51,21.53,129181,60,卖盘
1445,10:44:54,21.53,30142,14,中性盘
1446,10:44:57,21.54,47368,22,买盘
1447,10:45:00,21.54,64600,30,买盘
1448,10:45:03,21.54,36618,17,买盘
1449,10:45:06,21.54,19384,9,买盘
1450,10:45:09,21.54,25848,12,买盘
1451,10:45:12,21.55,60313,28,买盘
1452,10:45:15,21.54,34464,16,中性盘
1453,10:45:18,21.54,152934,71,买盘
1454,10:45:21,21.54,21540,10,买盘
1455,10:45:24,21.54,47388,22,买盘
1456,10:45:27,21.53,491020,228,卖盘
1457,10:45:33,21.54,142217,66,卖盘
1458,10:45:36,21.55,12929,6,买盘
1459,10:45:39,21.54,25853,12,卖盘
1460,10:45:42,21.54,66774,31,卖盘
1461,10:45:45,21.54,133560,62,卖盘
1462,10:45:48,21.53,17231,8,卖盘
1463,10:45:51,21.54,30146,14,买盘
1464,10:45:54,21.54,4308,2,买盘
1465,10:46:00,21.54,36615,17,买盘
1466,10:46:03,21.54,118470,55,买盘
1467,10:46:06,21.54,86150,40,买盘
1468,10:46:09,21.54,81851,38,买盘
1469,10:46:12,21.54,66754,31,买盘
1470,10:46:15,21.54,58138,27,买盘
1471,10:46:18,21.53,4306,2,卖盘
1472,10:46:27,21.53,23683,11,卖盘
1473,10:46:30,21.54,111957,52,买盘
1474,10:46:33,21.51,929893,432,卖盘
1475,10:46:36,21.51,70993,33,卖盘
1476,10:46:42,21.52,25813,12,买盘
1477,10:46:45,21.51,12906,6,卖盘
1478,10:46:48,21.52,25824,12,买盘
1479,10:46:51,21.52,21520,10,买盘
1480,10:46:54,21.51,264573,123,卖盘
1481,10:46:57,21.51,60228,28,买盘
1482,10:47:00,21.51,15057,7,买盘
1483,10:47:03,21.5,133300,62,卖盘
1484,10:47:06,21.5,2150,1,卖盘
1485,10:47:09,21.5,47300,22,卖盘
1486,10:47:12,21.5,339700,158,卖盘
1487,10:47:15,21.5,40850,19,卖盘
1488,10:47:24,21.49,58023,27,卖盘
1489,10:47:30,21.5,32245,15,买盘
1490,10:47:33,21.49,64470,30,卖盘
1491,10:47:36,21.49,47278,22,卖盘
1492,10:47:39,21.49,894349,416,卖盘
1493,10:47:42,21.49,49435,23,卖盘
1494,10:47:45,21.49,139697,65,卖盘
1495,10:47:48,21.49,4298,2,卖盘
1496,10:47:51,21.49,88113,41,卖盘
1497,10:47:54,21.5,195588,91,买盘
1498,10:47:57,21.49,73070,34,卖盘
1499,10:48:00,21.5,27945,13,买盘
1500,10:48:03,21.49,49444,23,卖盘
1501,10:48:06,21.49,118195,55,卖盘
1502,10:48:09,21.49,15043,7,买盘
1503,10:48:15,21.49,131030,61,买盘
1504,10:48:18,21.49,8596,4,买盘
1505,10:48:21,21.49,214848,100,买盘
1506,10:48:30,21.49,55874,26,卖盘
1507,10:48:33,21.49,113897,53,买盘
1508,10:48:39,21.5,38700,18,买盘
1509,10:48:42,21.5,206400,96,买盘
1510,10:48:45,21.5,4300,2,买盘
1511,10:48:48,21.5,279505,130,卖盘
1512,10:48:51,21.48,264326,123,卖盘
1513,10:49:03,21.49,25788,12,卖盘
1514,10:49:06,21.49,275072,128,买盘
1515,10:49:09,21.48,73037,34,卖盘
1516,10:49:12,21.48,2148,1,卖盘
1517,10:49:15,21.49,466306,217,买盘
1518,10:49:18,21.49,49427,23,买盘
1519,10:49:24,21.49,10745,5,卖盘
1520,10:49:27,21.49,17192,8,卖盘
1521,10:49:30,21.49,2149,1,卖盘
1522,10:49:33,21.5,154745,72,买盘
1523,10:49:36,21.5,148350,69,买盘
1524,10:49:39,21.5,58049,27,买盘
1525,10:49:42,21.48,2154764,1003,卖盘
1526,10:49:45,21.5,103176,48,买盘
1527,10:49:48,21.5,90293,42,买盘
1528,10:49:51,21.5,857842,399,买盘
1529,10:49:54,21.51,62361,29,买盘
1530,10:49:57,21.51,17207,8,买盘
1531,10:50:00,21.51,1803986,839,买盘
1532,10:50:03,21.51,105399,49,买盘
1533,10:50:06,21.51,1056141,491,买盘
1534,10:50:09,21.52,111870,52,买盘
1535,10:50:12,21.52,213045,99,买盘
1536,10:50:15,21.54,60290,28,买盘
1537,10:50:18,21.53,36613,17,卖盘
1538,10:50:21,21.53,122742,57,卖盘
1539,10:50:24,21.54,28002,13,买盘
1540,10:50:27,21.54,10770,5,买盘
1541,10:50:30,21.53,578959,269,卖盘
1542,10:50:33,21.54,1132048,526,买盘
1543,10:50:36,21.52,21536,10,卖盘
1544,10:50:39,21.54,58158,27,买盘
1545,10:50:42,21.52,357232,166,卖盘
1546,10:50:45,21.52,27976,13,买盘
1547,10:50:48,21.51,58077,27,卖盘
1548,10:50:51,21.51,4302,2,卖盘
1549,10:50:54,21.51,4302,2,中性盘
1550,10:50:57,21.52,101126,47,买盘
1551,10:51:00,21.5,45150,21,卖盘
1552,10:51:03,21.5,32259,15,卖盘
1553,10:51:06,21.5,116106,54,卖盘
1554,10:51:09,21.51,40859,19,买盘
1555,10:51:12,21.51,55924,26,买盘
1556,10:51:15,21.51,25821,12,卖盘
1557,10:51:18,21.52,1002785,466,买盘
1558,10:51:21,21.55,376717,175,买盘
1559,10:51:24,21.55,6464,3,买盘
1560,10:51:27,21.54,2154,1,卖盘
1561,10:51:30,21.54,2154,1,卖盘
1562,10:51:33,21.55,2155,1,买盘
1563,10:51:39,21.53,17224,8,卖盘
1564,10:51:42,21.54,56004,26,买盘
1565,10:51:45,21.53,71070,33,卖盘
1566,10:51:51,21.53,73202,34,买盘
1567,10:51:54,21.53,73197,34,买盘
1568,10:51:57,21.53,4306,2,买盘
1569,10:52:00,21.52,68888,32,卖盘
1570,10:52:03,21.52,370150,172,卖盘
1571,10:52:09,21.53,307859,143,买盘
1572,10:52:12,21.52,12912,6,卖盘
1573,10:52:15,21.52,34432,16,卖盘
1574,10:52:18,21.52,92536,43,卖盘
1575,10:52:21,21.51,21515,10,卖盘
1576,10:52:24,21.52,1392912,648,买盘
1577,10:52:27,21.52,19368,9,买盘
1578,10:52:30,21.5,17198,8,中性盘
1579,10:52:36,21.52,86040,40,买盘
1580,10:52:39,21.5,6450,3,卖盘
1581,10:52:42,21.5,92457,43,卖盘
1582,10:52:45,21.5,58052,27,卖盘
1583,10:52:54,21.52,8606,4,买盘
1584,10:52:57,21.52,238766,111,买盘
1585,10:53:00,21.52,107567,50,买盘
1586,10:53:03,21.52,17216,8,买盘
1587,10:53:06,21.51,64524,30,卖盘
1588,10:53:09,21.51,68832,32,买盘
1589,10:53:12,21.51,412995,192,买盘
1590,10:53:15,21.52,701552,326,买盘
1591,10:53:18,21.52,75317,35,买盘
1592,10:53:21,21.51,86045,40,卖盘
1593,10:53:24,21.52,4304,2,买盘
1594,10:53:27,21.51,4302,2,卖盘
1595,10:53:30,21.52,6456,3,买盘
1596,10:53:33,21.51,258120,120,卖盘
1597,10:53:39,21.52,23672,11,买盘
1598,10:53:42,21.52,96837,45,买盘
1599,10:53:48,21.51,70983,33,卖盘
1600,10:53:51,21.51,184986,86,卖盘
1601,10:53:54,21.52,77472,36,买盘
1602,10:53:57,21.51,15062,7,中性盘
1603,10:54:00,21.52,122563,57,买盘
1604,10:54:06,21.5,45150,21,卖盘
1605,10:54:09,21.5,210700,98,卖盘
1606,10:54:12,21.51,107526,50,买盘
1607,10:54:15,21.5,23650,11,卖盘
1608,10:54:18,21.51,10755,5,买盘
1609,10:54:21,21.5,21500,10,卖盘
1610,10:54:24,21.5,215032,100,卖盘
1611,10:54:30,21.5,109691,51,买盘
1612,10:54:33,21.51,10755,5,买盘
1613,10:54:36,21.49,107450,50,卖盘
1614,10:54:39,21.5,2150,1,中性盘
1615,10:54:54,21.49,75215,35,卖盘
1616,10:54:57,21.5,32250,15,买盘
1617,10:55:00,21.49,32235,15,卖盘
1618,10:55:06,21.49,10745,5,卖盘
1619,10:55:09,21.49,60172,28,卖盘
1620,10:55:12,21.49,2149,1,买盘
1621,10:55:15,21.48,2148,1,卖盘
1622,10:55:18,21.49,90258,42,买盘
1623,10:55:21,21.48,107402,50,卖盘
1624,10:55:27,21.49,45131,21,买盘
1625,10:55:30,21.49,42980,20,中性盘
1626,10:55:36,21.48,214800,100,卖盘
1627,10:55:39,21.49,10745,5,买盘
1628,10:55:48,21.48,96673,45,卖盘
1629,10:55:51,21.49,49419,23,买盘
1630,10:55:54,21.49,21490,10,买盘
1631,10:55:57,21.48,4296,2,卖盘
1632,10:56:00,21.48,2148,1,卖盘
1633,10:56:03,21.48,139620,65,卖盘
1634,10:56:06,21.48,25776,12,卖盘
1635,10:56:09,21.48,34368,16,卖盘
1636,10:56:12,21.49,38682,18,买盘
1637,10:56:15,21.48,10740,5,卖盘
1638,10:56:18,21.49,60170,28,买盘
1639,10:56:21,21.49,105301,49,买盘
1640,10:56:24,21.5,12896,6,买盘
1641,10:56:27,21.49,47288,22,卖盘
1642,10:56:30,21.5,73100,34,买盘
1643,10:56:33,21.49,111770,52,卖盘
1644,10:56:36,21.49,2149,1,卖盘
1645,10:56:39,21.5,40850,19,买盘
1646,10:56:42,21.49,21490,10,卖盘
1647,10:56:45,21.48,429675,200,卖盘
1648,10:56:54,21.48,83782,39,卖盘
1649,10:56:57,21.49,51576,24,卖盘
1650,10:57:00,21.48,62318,29,卖盘
1651,10:57:03,21.49,10745,5,买盘
1652,10:57:06,21.49,2149,1,买盘
1653,10:57:12,21.48,98814,46,卖盘
1654,10:57:15,21.48,17184,8,卖盘
1655,10:57:18,21.49,42980,20,买盘
1656,10:57:24,21.49,8596,4,买盘
1657,10:57:27,21.49,184814,86,买盘
1658,10:57:30,21.5,135436,63,买盘
1659,10:57:33,21.5,66590,31,买盘
1660,10:57:39,21.49,49427,23,卖盘
1661,10:57:42,21.5,34394,16,买盘
1662,10:57:48,21.49,139685,65,卖盘
1663,10:57:57,21.48,85922,40,卖盘
1664,10:58:00,21.49,163324,76,买盘
1665,10:58:03,21.49,111748,52,买盘
1666,10:58:06,21.49,143958,67,买盘
1667,10:58:09,21.49,21490,10,卖盘
1668,10:58:15,21.48,75190,35,卖盘
1669,10:58:18,21.5,64500,30,买盘
1670,10:58:21,21.5,627549,292,买盘
1671,10:58:24,21.5,146200,68,买盘
1672,10:58:27,21.5,49450,23,买盘
1673,10:58:30,21.5,60192,28,买盘
1674,10:58:33,21.5,6450,3,卖盘
1675,10:58:36,21.5,34400,16,买盘
1676,10:58:39,21.5,8600,4,买盘
1677,10:58:42,21.49,15049,7,卖盘
1678,10:58:45,21.51,12905,6,买盘
1679,10:58:48,21.49,32250,15,卖盘
1680,10:58:51,21.51,40869,19,买盘
1681,10:58:54,21.51,2151,1,买盘
1682,10:58:57,21.51,8604,4,买盘
1683,10:59:06,21.5,60213,28,卖盘
1684,10:59:09,21.51,25812,12,买盘
1685,10:59:12,21.5,154822,72,卖盘
1686,10:59:15,21.51,23656,11,买盘
1687,10:59:18,21.5,19356,9,卖盘
1688,10:59:21,21.5,73110,34,卖盘
1689,10:59:24,21.51,10755,5,买盘
1690,10:59:27,21.51,8604,4,买盘
1691,10:59:30,21.51,94644,44,买盘
1692,10:59:33,21.51,51624,24,买盘
1693,10:59:36,21.51,38717,18,买盘
1694,10:59:39,21.5,1158839,539,卖盘
1695,10:59:42,21.5,58050,27,买盘
1696,10:59:48,21.5,10750,5,买盘
1697,10:59:51,21.5,4300,2,买盘
1698,10:59:54,21.49,315918,147,卖盘
1699,10:59:57,21.5,1178200,548,买盘
1700,11:00:00,21.51,479655,223,买盘
1701,11:00:03,21.51,8604,4,买盘
1702,11:00:06,21.52,96832,45,买盘
1703,11:00:09,21.52,10760,5,买盘
1704,11:00:12,21.52,34432,16,买盘
1705,11:00:15,21.51,64535,30,卖盘
1706,11:00:18,21.52,49488,23,买盘
1707,11:00:21,21.52,10760,5,买盘
1708,11:00:24,21.52,802696,373,买盘
1709,11:00:27,21.51,133383,62,卖盘
1710,11:00:30,21.51,8606,4,卖盘
1711,11:00:33,21.53,794386,369,买盘
1712,11:00:36,21.54,21535,10,买盘
1713,11:00:39,21.54,23689,11,买盘
1714,11:00:42,21.54,21539,10,买盘
1715,11:00:48,21.52,1052791,489,卖盘
1716,11:00:51,21.51,234693,109,卖盘
1717,11:00:54,21.52,10764,5,中性盘
1718,11:00:57,21.52,36597,17,卖盘
1719,11:01:03,21.52,66712,31,卖盘
1720,11:01:06,21.52,288368,134,卖盘
1721,11:01:09,21.52,109752,51,买盘
1722,11:01:12,21.52,10760,5,买盘
1723,11:01:21,21.52,83928,39,买盘
1724,11:01:27,21.52,55952,26,买盘
1725,11:01:33,21.52,12912,6,买盘
1726,11:01:36,21.52,613115,285,买盘
1727,11:01:39,21.52,47336,22,买盘
1728,11:01:42,21.52,40888,19,买盘
1729,11:01:45,21.52,2152,1,买盘
1730,11:01:48,21.51,2151,1,卖盘
1731,11:01:51,21.52,40878,19,买盘
1732,11:01:54,21.51,4302,2,卖盘
1733,11:01:57,21.52,45172,21,买盘
1734,11:02:03,21.51,23661,11,卖盘
1735,11:02:06,21.52,64560,30,买盘
1736,11:02:12,21.52,2152,1,买盘
1737,11:02:15,21.51,4302,2,卖盘
1738,11:02:18,21.51,21510,10,卖盘
1739,11:02:27,21.51,53775,25,卖盘
1740,11:02:33,21.5,496851,231,卖盘
1741,11:02:36,21.51,64505,30,买盘
1742,11:02:39,21.5,58050,27,卖盘
1743,11:02:45,21.5,58050,27,卖盘
1744,11:02:48,21.5,90300,42,卖盘
1745,11:02:51,21.5,8600,4,买盘
1746,11:02:57,21.5,90300,42,买盘
1747,11:03:06,21.5,356872,166,买盘
1748,11:03:09,21.5,19348,9,买盘
1749,11:03:15,21.5,49450,23,买盘
1750,11:03:18,21.51,10753,5,买盘
1751,11:03:24,21.49,455589,212,卖盘
1752,11:03:27,21.5,214969,100,买盘
1753,11:03:30,21.49,73066,34,卖盘
1754,11:03:33,21.49,17192,8,卖盘
1755,11:03:36,21.49,17197,8,卖盘
1756,11:03:39,21.49,49427,23,卖盘
1757,11:03:42,21.48,25776,12,卖盘
1758,11:03:45,21.48,88095,41,卖盘
1759,11:03:48,21.49,32223,15,买盘
1760,11:03:51,21.49,73055,34,买盘
1761,11:03:54,21.48,81635,38,卖盘
1762,11:03:57,21.48,32220,15,卖盘
1763,11:04:00,21.48,21480,10,卖盘
1764,11:04:03,21.47,741030,345,卖盘
1765,11:04:06,21.48,36516,17,中性盘
1766,11:04:09,21.47,10735,5,卖盘
1767,11:04:12,21.48,88056,41,买盘
1768,11:04:15,21.48,418815,195,买盘
1769,11:04:18,21.48,2148,1,买盘
1770,11:04:21,21.48,53695,25,买盘
1771,11:04:24,21.48,60144,28,买盘
1772,11:04:27,21.47,15029,7,卖盘
1773,11:04:30,21.48,152448,71,买盘
1774,11:04:33,21.48,201852,94,买盘
1775,11:04:36,21.47,21476,10,卖盘
1776,11:04:39,21.48,393045,183,买盘
1777,11:04:42,21.47,431594,201,卖盘
1778,11:04:45,21.47,15035,7,卖盘
1779,11:04:48,21.47,57969,27,卖盘
1780,11:04:51,21.48,32202,15,买盘
1781,11:04:54,21.46,15022,7,卖盘
1782,11:04:57,21.47,10735,5,买盘
1783,11:05:00,21.47,139550,65,买盘
1784,11:05:03,21.46,240364,112,卖盘
1785,11:05:06,21.47,15029,7,买盘
1786,11:05:09,21.47,25754,12,买盘
1787,11:05:12,21.46,87994,41,卖盘
1788,11:05:15,21.47,12882,6,买盘
1789,11:05:18,21.47,268369,125,买盘
1790,11:05:21,21.48,511224,238,买盘
1791,11:05:24,21.49,94508,44,买盘
1792,11:05:27,21.48,19332,9,卖盘
1793,11:05:30,21.48,66597,31,买盘
1794,11:05:33,21.48,38664,18,卖盘
1795,11:05:36,21.48,2148,1,卖盘
1796,11:05:39,21.48,639810,298,卖盘
1797,11:05:42,21.48,180432,84,卖盘
1798,11:05:45,21.48,384492,179,买盘
1799,11:05:48,21.49,10745,5,买盘
1800,11:05:51,21.49,6447,3,买盘
1801,11:05:54,21.48,55848,26,卖盘
1802,11:06:00,21.47,429448,200,卖盘
1803,11:06:03,21.49,23639,11,买盘
1804,11:06:06,21.49,49414,23,买盘
1805,11:06:09,21.49,64470,30,买盘
1806,11:06:12,21.5,1098488,511,买盘
1807,11:06:15,21.5,53750,25,卖盘
1808,11:06:18,21.49,4298,2,卖盘
1809,11:06:21,21.48,4297,2,卖盘
1810,11:06:27,21.5,66649,31,买盘
1811,11:06:30,21.49,17192,8,卖盘
1812,11:06:33,21.49,146073,68,买盘
1813,11:06:36,21.48,4296,2,卖盘
1814,11:06:39,21.48,2148,1,卖盘
1815,11:06:42,21.48,1117688,520,卖盘
1816,11:06:45,21.51,21506,10,买盘
1817,11:06:48,21.49,2149,1,卖盘
1818,11:06:51,21.49,27937,13,卖盘
1819,11:06:54,21.5,15045,7,买盘
1820,11:06:57,21.5,19350,9,买盘
1821,11:07:00,21.5,4300,2,买盘
1822,11:07:03,21.48,107427,50,卖盘
1823,11:07:06,21.49,38682,18,中性盘
1824,11:07:09,21.5,10750,5,买盘
1825,11:07:15,21.49,279473,130,卖盘
1826,11:07:18,21.5,36550,17,买盘
1827,11:07:21,21.51,79536,37,买盘
1828,11:07:27,21.49,6448,3,卖盘
1829,11:07:33,21.49,64470,30,卖盘
1830,11:07:36,21.49,322273,150,卖盘
1831,11:07:42,21.49,8596,4,买盘
1832,11:07:45,21.48,90216,42,卖盘
1833,11:07:51,21.49,6447,3,买盘
1834,11:07:54,21.48,2148,1,卖盘
1835,11:07:57,21.48,8592,4,卖盘
1836,11:08:00,21.48,15036,7,卖盘
1837,11:08:03,21.48,19332,9,卖盘
1838,11:08:09,21.47,10735,5,卖盘
1839,11:08:12,21.48,8591,4,买盘
1840,11:08:15,21.47,311315,145,卖盘
1841,11:08:18,21.48,10740,5,买盘
1842,11:08:21,21.47,68704,32,卖盘
1843,11:08:24,21.47,12882,6,卖盘
1844,11:08:27,21.47,38646,18,卖盘
1845,11:08:30,21.47,4294,2,买盘
1846,11:08:36,21.47,8588,4,买盘
1847,11:08:39,21.46,32201,15,卖盘
1848,11:08:42,21.46,42920,20,卖盘
1849,11:08:45,21.46,592327,276,卖盘
1850,11:08:48,21.46,337022,157,中性盘
1851,11:08:51,21.45,6437,3,卖盘
1852,11:08:54,21.45,4290,2,卖盘
1853,11:08:57,21.45,113698,53,卖盘
1854,11:09:00,21.45,152295,71,卖盘
1855,11:09:06,21.45,2296623,1071,卖盘
1856,11:09:09,21.45,60045,28,买盘
1857,11:09:12,21.45,47190,22,买盘
1858,11:09:18,21.45,195161,91,买盘
1859,11:09:21,21.45,315178,147,买盘
1860,11:09:24,21.45,94380,44,买盘
1861,11:09:27,21.46,57932,27,买盘
1862,11:09:30,21.47,38646,18,买盘
1863,11:09:33,21.46,17173,8,卖盘
1864,11:09:42,21.47,664729,310,买盘
1865,11:09:45,21.47,2147,1,买盘
1866,11:09:48,21.47,103056,48,买盘
1867,11:09:54,21.46,47212,22,卖盘
1868,11:09:57,21.46,19316,9,中性盘
1869,11:10:00,21.45,87959,41,卖盘
1870,11:10:03,21.46,6438,3,买盘
1871,11:10:06,21.47,53651,25,买盘
1872,11:10:09,21.46,4292,2,卖盘
1873,11:10:12,21.46,34336,16,卖盘
1874,11:10:15,21.46,27898,13,卖盘
1875,11:10:18,21.45,64374,30,卖盘
1876,11:10:27,21.46,21460,10,卖盘
1877,11:10:30,21.46,118042,55,卖盘
1878,11:10:33,21.47,326196,152,买盘
1879,11:10:36,21.47,124492,58,买盘
1880,11:10:39,21.47,77292,36,买盘
1881,11:10:42,21.48,73007,34,买盘
1882,11:10:45,21.48,2148,1,买盘
1883,11:10:48,21.48,356568,166,买盘
1884,11:10:51,21.48,253520,118,卖盘
1885,11:10:54,21.49,197631,92,买盘
1886,11:10:57,21.49,64465,30,买盘
1887,11:11:00,21.48,6444,3,卖盘
1888,11:11:03,21.49,68768,32,买盘
1889,11:11:06,21.49,64470,30,买盘
1890,11:11:09,21.49,88087,41,买盘
1891,11:11:12,21.48,45128,21,卖盘
1892,11:11:15,21.49,101003,47,买盘
1893,11:11:18,21.5,629808,293,买盘
1894,11:11:21,21.52,1503117,699,买盘
1895,11:11:24,21.54,1721889,800,买盘
1896,11:11:27,21.52,79657,37,卖盘
1897,11:11:30,21.54,19384,9,买盘
1898,11:11:36,21.52,137810,64,卖盘
1899,11:11:39,21.52,19368,9,卖盘
1900,11:11:42,21.53,312085,145,买盘
1901,11:11:45,21.52,107600,50,中性盘
1902,11:11:48,21.51,23666,11,卖盘
1903,11:11:51,21.52,101100,47,买盘
1904,11:11:54,21.52,90384,42,买盘
1905,11:12:00,21.51,15062,7,中性盘
1906,11:12:03,21.51,51624,24,买盘
1907,11:12:06,21.5,53754,25,卖盘
1908,11:12:09,21.51,236551,110,买盘
1909,11:12:12,21.51,66661,31,买盘
1910,11:12:15,21.51,81738,38,买盘
1911,11:12:18,21.52,152732,71,买盘
1912,11:12:21,21.51,68861,32,卖盘
1913,11:12:24,21.51,2151,1,卖盘
1914,11:12:27,21.51,157078,73,卖盘
1915,11:12:30,21.52,27976,13,买盘
1916,11:12:33,21.51,15061,7,卖盘
1917,11:12:36,21.52,66712,31,买盘
1918,11:12:39,21.52,4304,2,买盘
1919,11:12:42,21.51,88200,41,卖盘
1920,11:12:45,21.51,30114,14,买盘
1921,11:12:48,21.51,2151,1,卖盘
1922,11:12:51,21.51,53798,25,卖盘
1923,11:12:54,21.52,23672,11,买盘
1924,11:12:57,21.51,27963,13,卖盘
1925,11:13:00,21.5,2150,1,卖盘
1926,11:13:03,21.51,38711,18,买盘
1927,11:13:06,21.51,17203,8,买盘
1928,11:13:09,21.51,21510,10,买盘
1929,11:13:12,21.51,25812,12,买盘
1930,11:13:15,21.52,30128,14,买盘
1931,11:13:18,21.5,8603,4,卖盘
1932,11:13:24,21.5,101060,47,卖盘
1933,11:13:27,21.52,34421,16,买盘
1934,11:13:30,21.51,8604,4,卖盘
1935,11:13:33,21.51,316107,147,卖盘
1936,11:13:36,21.52,215124,100,买盘
1937,11:13:39,21.51,137694,64,卖盘
1938,11:13:42,21.5,10750,5,卖盘
1939,11:13:48,21.51,23660,11,买盘
1940,11:13:51,21.51,141959,66,买盘
1941,11:13:54,21.52,208652,97,买盘
1942,11:13:57,21.52,361210,168,买盘
1943,11:14:00,21.52,36584,17,买盘
1944,11:14:03,21.52,83928,39,买盘
1945,11:14:06,21.53,568154,264,买盘
1946,11:14:09,21.53,142089,66,买盘
1947,11:14:12,21.53,30134,14,买盘
1948,11:14:18,21.53,75355,35,买盘
1949,11:14:21,21.52,83933,39,卖盘
1950,11:14:24,21.52,626498,291,卖盘
1951,11:14:27,21.54,66759,31,买盘
1952,11:14:30,21.54,12923,6,买盘
1953,11:14:33,21.54,2154,1,买盘
1954,11:14:36,21.57,2758526,1280,买盘
1955,11:14:39,21.57,2770321,1286,买盘
1956,11:14:42,21.57,58238,27,买盘
1957,11:14:45,21.54,36628,17,卖盘
1958,11:14:48,21.54,51696,24,卖盘
1959,11:14:51,21.54,51701,24,卖盘
1960,11:14:54,21.55,407290,189,买盘
1961,11:14:57,21.56,114210,53,买盘
1962,11:15:00,21.56,38808,18,买盘
1963,11:15:03,21.56,140131,65,买盘
1964,11:15:06,21.58,2368869,1098,买盘
1965,11:15:09,21.57,66835,31,买盘
1966,11:15:12,21.56,97085,45,中性盘
1967,11:15:15,21.57,99202,46,买盘
1968,11:15:18,21.55,107782,50,卖盘
1969,11:15:21,21.57,62547,29,买盘
1970,11:15:24,21.58,58241,27,买盘
1971,11:15:27,21.57,23732,11,卖盘
1972,11:15:30,21.57,127273,59,卖盘
1973,11:15:33,21.57,94945,44,卖盘
1974,11:15:36,21.58,297793,138,买盘
1975,11:15:39,21.58,105738,49,买盘
1976,11:15:42,21.58,608578,282,买盘
1977,11:15:45,21.59,677926,314,买盘
1978,11:15:48,21.6,1459676,676,买盘
1979,11:15:51,21.6,304555,141,买盘
1980,11:15:54,21.6,1103758,511,买盘
1981,11:15:57,21.6,319639,148,买盘
1982,11:16:00,21.6,291598,135,买盘
1983,11:16:03,21.59,274193,127,卖盘
1984,11:16:06,21.59,200787,93,买盘
1985,11:16:09,21.59,103611,48,买盘
1986,11:16:12,21.58,21580,10,卖盘
1987,11:16:15,21.57,537341,249,卖盘
1988,11:16:18,21.58,23737,11,买盘
1989,11:16:24,21.57,43150,20,卖盘
1990,11:16:27,21.58,64720,30,买盘
1991,11:16:30,21.57,10785,5,卖盘
1992,11:16:33,21.57,15099,7,卖盘
1993,11:16:36,21.58,2158,1,买盘
1994,11:16:39,21.57,75502,35,卖盘
1995,11:16:42,21.57,243805,113,卖盘
1996,11:16:45,21.57,411731,191,买盘
1997,11:16:48,21.56,25878,12,卖盘
1998,11:16:51,21.56,75494,35,卖盘
1999,11:16:54,21.56,342830,159,卖盘
2000,11:16:57,21.56,56068,26,卖盘
2001,11:17:00,21.58,586701,272,买盘
2002,11:17:03,21.58,12948,6,买盘
2003,11:17:06,21.58,243685,113,买盘
2004,11:17:09,21.58,12946,6,买盘
2005,11:17:12,21.58,71214,33,买盘
2006,11:17:15,21.58,202834,94,买盘
2007,11:17:18,21.57,237232,110,卖盘
2008,11:17:21,21.58,131618,61,买盘
2009,11:17:24,21.58,34528,16,买盘
2010,11:17:27,21.6,1265043,586,买盘
2011,11:17:30,21.6,414696,192,买盘
2012,11:17:33,21.6,73440,34,买盘
2013,11:17:36,21.6,254880,118,买盘
2014,11:17:39,21.6,23760,11,买盘
2015,11:17:42,21.6,334707,155,买盘
2016,11:17:45,21.6,144719,67,买盘
2017,11:17:48,21.6,75588,35,买盘
2018,11:17:51,21.6,265680,123,买盘
2019,11:17:54,21.6,30240,14,买盘
2020,11:17:57,21.6,524801,243,买盘
2021,11:18:00,21.6,198720,92,买盘
2022,11:18:03,21.59,15119,7,卖盘
2023,11:18:06,21.59,246219,114,卖盘
2024,11:18:09,21.59,583169,270,卖盘
2025,11:18:12,21.59,280780,130,卖盘
2026,11:18:15,21.61,207399,96,买盘
2027,11:18:18,21.61,250564,116,买盘
2028,11:18:21,21.6,15126,7,卖盘
2029,11:18:24,21.62,1748054,809,买盘
2030,11:18:27,21.62,79994,37,买盘
2031,11:18:30,21.61,162130,75,卖盘
2032,11:18:33,21.63,332950,154,买盘
2033,11:18:36,21.63,298374,138,买盘
2034,11:18:39,21.62,348236,161,中性盘
2035,11:18:42,21.63,397982,184,买盘
2036,11:18:45,21.64,103872,48,买盘
2037,11:18:48,21.64,144976,67,买盘
2038,11:18:51,21.64,97375,45,买盘
2039,11:18:54,21.64,391684,181,买盘
2040,11:18:57,21.64,491435,227,卖盘
2041,11:19:00,21.65,872571,403,买盘
2042,11:19:03,21.66,459144,212,买盘
2043,11:19:06,21.66,387707,179,卖盘
2044,11:19:09,21.67,268605,124,买盘
2045,11:19:12,21.66,108290,50,买盘
2046,11:19:15,21.66,305422,141,卖盘
2047,11:19:18,21.67,277366,128,买盘
2048,11:19:21,21.67,372566,172,买盘
2049,11:19:24,21.67,431210,199,买盘
2050,11:19:27,21.66,457021,211,中性盘
2051,11:19:30,21.66,848414,392,买盘
2052,11:19:33,21.66,145021,67,买盘
2053,11:19:36,21.66,662396,306,买盘
2054,11:19:39,21.66,162434,75,买盘
2055,11:19:42,21.64,127724,59,中性盘
2056,11:19:45,21.64,318049,147,中性盘
2057,11:19:51,21.61,523210,242,卖盘
2058,11:19:54,21.62,95167,44,中性盘
2059,11:19:57,21.61,77821,36,卖盘
2060,11:20:00,21.62,142643,66,买盘
2061,11:20:03,21.63,499432,231,买盘
2062,11:20:06,21.62,36760,17,卖盘
2063,11:20:09,21.63,170864,79,买盘
2064,11:20:12,21.63,242148,112,中性盘
2065,11:20:15,21.62,12971,6,中性盘
2066,11:20:18,21.62,23788,11,中性盘
2067,11:20:21,21.63,127613,59,买盘
2068,11:20:24,21.63,253046,117,买盘
2069,11:20:27,21.63,15140,7,买盘
2070,11:20:30,21.63,32440,15,买盘
2071,11:20:33,21.62,125433,58,卖盘
2072,11:20:36,21.62,261724,121,卖盘
2073,11:20:39,21.62,261857,121,卖盘
2074,11:20:42,21.62,123234,57,卖盘
2075,11:20:45,21.62,168635,78,买盘
2076,11:20:48,21.62,73502,34,买盘
2077,11:20:51,21.62,77832,36,买盘
2078,11:20:54,21.61,278869,129,卖盘
2079,11:20:57,21.62,51884,24,买盘
2080,11:21:00,21.61,25932,12,卖盘
2081,11:21:03,21.61,384727,178,卖盘
2082,11:21:06,21.61,12966,6,买盘
2083,11:21:09,21.62,166417,77,买盘
2084,11:21:12,21.61,23771,11,买盘
2085,11:21:15,21.6,283028,131,卖盘
2086,11:21:18,21.6,224700,104,卖盘
2087,11:21:21,21.6,47525,22,卖盘
2088,11:21:24,21.61,71312,33,买盘
2089,11:21:27,21.61,21610,10,买盘
2090,11:21:30,21.61,108035,50,买盘
2091,11:21:33,21.61,95057,44,买盘
2092,11:21:36,21.61,162119,75,卖盘
2093,11:21:39,21.61,34576,16,卖盘
2094,11:21:42,21.61,30257,14,卖盘
2095,11:21:45,21.61,77802,36,卖盘
2096,11:21:48,21.61,129663,60,卖盘
2097,11:21:51,21.61,149153,69,买盘
2098,11:21:54,21.61,88606,41,卖盘
2099,11:21:57,21.61,216180,100,中性盘
2100,11:22:00,21.61,309050,143,买盘
2101,11:22:03,21.61,179441,83,卖盘
2102,11:22:06,21.61,99428,46,卖盘
2103,11:22:09,21.62,347951,161,买盘
2104,11:22:12,21.61,177252,82,卖盘
2105,11:22:15,21.62,399695,185,买盘
2106,11:22:18,21.61,682559,316,中性盘
2107,11:22:21,21.6,583031,270,中性盘
2108,11:22:24,21.6,356410,165,买盘
2109,11:22:27,21.58,19426,9,卖盘
2110,11:22:30,21.58,207343,96,卖盘
2111,11:22:33,21.58,69074,32,卖盘
2112,11:22:36,21.58,79849,37,卖盘
2113,11:22:39,21.61,1511909,700,买盘
2114,11:22:42,21.6,32398,15,买盘
2115,11:22:48,21.59,30216,14,买盘
2116,11:22:51,21.58,77725,36,卖盘
2117,11:22:57,21.58,4316,2,买盘
2118,11:23:00,21.58,537109,249,中性盘
2119,11:23:03,21.58,256802,119,卖盘
2120,11:23:06,21.59,66911,31,买盘
2121,11:23:09,21.59,32385,15,买盘
2122,11:23:12,21.58,15105,7,中性盘
2123,11:23:15,21.57,15099,7,卖盘
2124,11:23:18,21.58,8632,4,买盘
2125,11:23:21,21.57,2157,1,卖盘
2126,11:23:24,21.57,19414,9,卖盘
2127,11:23:30,21.57,60382,28,买盘
2128,11:23:33,21.57,17252,8,中性盘
2129,11:23:39,21.57,58243,27,卖盘
2130,11:23:42,21.57,17256,8,卖盘
2131,11:23:45,21.57,30198,14,买盘
2132,11:23:48,21.57,6471,3,买盘
2133,11:23:51,21.56,23716,11,卖盘
2134,11:23:54,21.57,21570,10,买盘
2135,11:23:57,21.56,2156,1,卖盘
2136,11:24:00,21.57,211298,98,买盘
2137,11:24:06,21.57,868647,403,买盘
2138,11:24:09,21.56,92740,43,卖盘
2139,11:24:12,21.57,6471,3,买盘
2140,11:24:15,21.57,75470,35,买盘
2141,11:24:18,21.56,107800,50,卖盘
2142,11:24:21,21.56,2156,1,卖盘
2143,11:24:27,21.57,308319,143,买盘
2144,11:24:30,21.55,2155,1,卖盘
2145,11:24:36,21.56,30195,14,卖盘
2146,11:24:39,21.56,90554,42,卖盘
2147,11:24:42,21.56,155293,72,买盘
2148,11:24:45,21.55,4310,2,卖盘
2149,11:24:48,21.56,2156,1,中性盘
2150,11:24:51,21.55,88355,41,卖盘
2151,11:24:54,21.56,157255,73,买盘
2152,11:24:57,21.55,40945,19,卖盘
2153,11:25:00,21.55,118522,55,买盘
2154,11:25:03,21.55,47409,22,买盘
2155,11:25:06,21.55,25860,12,买盘
2156,11:25:09,21.55,43088,20,买盘
2157,11:25:15,21.54,47406,22,卖盘
2158,11:25:18,21.55,4310,2,买盘
2159,11:25:21,21.55,53875,25,买盘
2160,11:25:24,21.55,75430,35,卖盘
2161,11:25:27,21.56,73278,34,买盘
2162,11:25:33,21.55,10775,5,卖盘
2163,11:25:36,21.55,286602,133,卖盘
2164,11:25:39,21.55,75425,35,买盘
2165,11:25:42,21.55,150850,70,买盘
2166,11:25:45,21.55,45255,21,买盘
2167,11:25:48,21.56,10779,5,买盘
2168,11:25:51,21.56,222051,103,买盘
2169,11:25:54,21.57,109915,51,买盘
2170,11:25:57,21.54,465489,216,卖盘
2171,11:26:00,21.56,152992,71,买盘
2172,11:26:03,21.56,53900,25,买盘
2173,11:26:06,21.54,4308,2,卖盘
2174,11:26:09,21.56,21560,10,买盘
2175,11:26:15,21.56,23716,11,买盘
2176,11:26:18,21.56,43120,20,买盘
2177,11:26:21,21.57,153077,71,买盘
2178,11:26:24,21.57,8625,4,买盘
2179,11:26:27,21.56,6468,3,卖盘
2180,11:26:30,21.57,325707,151,买盘
2181,11:26:33,21.57,23727,11,买盘
2182,11:26:36,21.56,8626,4,卖盘
2183,11:26:39,21.56,30189,14,卖盘
2184,11:26:42,21.57,10785,5,买盘
2185,11:26:45,21.57,17256,8,买盘
2186,11:26:48,21.57,43140,20,买盘
2187,11:26:51,21.57,157454,73,买盘
2188,11:26:54,21.57,94904,44,买盘
2189,11:26:57,21.58,625528,290,买盘
2190,11:27:00,21.58,30212,14,买盘
2191,11:27:03,21.58,28054,13,买盘
2192,11:27:06,21.57,86297,40,卖盘
2193,11:27:09,21.58,17264,8,买盘
2194,11:27:12,21.59,401423,186,买盘
2195,11:27:15,21.59,77720,36,买盘
2196,11:27:18,21.59,60425,28,买盘
2197,11:27:21,21.59,23749,11,买盘
2198,11:27:24,21.59,36693,17,买盘
2199,11:27:27,21.59,10795,5,买盘
2200,11:27:30,21.59,133858,62,买盘
2201,11:27:33,21.59,284988,132,买盘
2202,11:27:39,21.59,15115,7,卖盘
2203,11:27:42,21.6,129565,60,买盘
2204,11:27:45,21.59,32385,15,卖盘
2205,11:27:48,21.58,317310,147,卖盘
2206,11:27:51,21.59,92835,43,中性盘
2207,11:27:54,21.6,118773,55,买盘
2208,11:27:57,21.6,34552,16,买盘
2209,11:28:00,21.6,23751,11,买盘
2210,11:28:03,21.6,237571,110,买盘
2211,11:28:06,21.6,749509,347,买盘
2212,11:28:09,21.6,216008,100,卖盘
2213,11:28:12,21.61,88598,41,买盘
2214,11:28:15,21.61,103728,48,买盘
2215,11:28:18,21.61,185891,86,买盘
2216,11:28:21,21.62,34577,16,买盘
2217,11:28:24,21.61,49712,23,卖盘
2218,11:28:27,21.61,34582,16,卖盘
2219,11:28:30,21.61,133984,62,卖盘
2220,11:28:33,21.62,10810,5,买盘
2221,11:28:36,21.62,304807,141,买盘
2222,11:28:39,21.62,17296,8,买盘
2223,11:28:42,21.62,185927,86,买盘
2224,11:28:45,21.62,8648,4,买盘
2225,11:28:48,21.62,10810,5,买盘
2226,11:28:51,21.62,79967,37,买盘
2227,11:28:54,21.62,175122,81,买盘
2228,11:28:57,21.62,45397,21,买盘
2229,11:29:00,21.62,47564,22,买盘
2230,11:29:03,21.61,337140,156,卖盘
2231,11:29:06,21.6,28088,13,卖盘
2232,11:29:09,21.6,123120,57,卖盘
2233,11:29:12,21.6,19440,9,卖盘
2234,11:29:15,21.6,209520,97,卖盘
2235,11:29:18,21.61,10803,5,买盘
2236,11:29:21,21.61,58321,27,买盘
2237,11:29:24,21.6,116664,54,卖盘
2238,11:29:27,21.61,693563,321,买盘
2239,11:29:30,21.62,153420,71,买盘
2240,11:29:33,21.61,149050,69,中性盘
2241,11:29:36,21.62,315555,146,买盘
2242,11:29:39,21.62,1038075,480,买盘
2243,11:29:42,21.62,573373,265,卖盘
2244,11:29:45,21.65,106047,49,买盘
2245,11:29:48,21.65,885170,409,买盘
2246,11:29:51,21.66,220767,102,买盘
2247,11:29:54,21.65,43318,20,卖盘
2248,11:29:57,21.64,214255,99,卖盘
2249,11:30:00,21.63,12982,6,卖盘
2250,13:00:00,21.64,3963391,1832,买盘
2251,13:00:03,21.64,2472791,1142,卖盘
2252,13:00:06,21.66,359530,166,中性盘
2253,13:00:09,21.66,294647,136,卖盘
2254,13:00:12,21.62,2529436,1169,卖盘
2255,13:00:15,21.63,2040861,943,买盘
2256,13:00:18,21.61,257278,119,卖盘
2257,13:00:21,21.62,159991,74,买盘
2258,13:00:24,21.63,352422,163,买盘
2259,13:00:27,21.59,700023,324,卖盘
2260,13:00:30,21.61,620151,287,买盘
2261,13:00:33,21.62,88621,41,卖盘
2262,13:00:36,21.61,4322,2,中性盘
2263,13:00:39,21.61,49715,23,卖盘
2264,13:00:42,21.61,276674,128,中性盘
2265,13:00:45,21.61,17288,8,买盘
2266,13:00:48,21.61,58343,27,买盘
2267,13:00:51,21.61,82117,38,买盘
2268,13:00:54,21.62,563822,261,中性盘
2269,13:00:57,21.6,73457,34,卖盘
2270,13:01:00,21.6,84272,39,卖盘
2271,13:01:06,21.6,21600,10,卖盘
2272,13:01:09,21.6,73493,34,卖盘
2273,13:01:12,21.61,509824,236,中性盘
2274,13:01:15,21.59,576737,267,卖盘
2275,13:01:18,21.59,179143,83,买盘
2276,13:01:21,21.59,10795,5,买盘
2277,13:01:24,21.58,196378,91,卖盘
2278,13:01:27,21.58,287010,133,买盘
2279,13:01:30,21.57,487747,226,卖盘
2280,13:01:33,21.6,371064,172,买盘
2281,13:01:36,21.6,38890,18,卖盘
2282,13:01:39,21.6,47514,22,卖盘
2283,13:01:42,21.59,12954,6,卖盘
2284,13:01:45,21.6,220288,102,买盘
2285,13:01:54,21.61,47522,22,买盘
2286,13:01:57,21.61,10804,5,买盘
2287,13:02:00,21.6,142613,66,卖盘
2288,13:02:03,21.61,6483,3,买盘
2289,13:02:09,21.6,630775,292,卖盘
2290,13:02:12,21.59,226705,105,卖盘
2291,13:02:18,21.6,300070,139,买盘
2292,13:02:21,21.6,23758,11,买盘
2293,13:02:24,21.59,23751,11,卖盘
2294,13:02:27,21.6,289315,134,买盘
2295,13:02:30,21.59,218149,101,买盘
2296,13:02:33,21.6,32400,15,买盘
2297,13:02:36,21.61,192241,89,买盘
2298,13:02:39,21.61,34573,16,买盘
2299,13:02:42,21.6,15120,7,卖盘
2300,13:02:45,21.61,51864,24,买盘
2301,13:02:48,21.61,127486,59,买盘
2302,13:02:51,21.61,114523,53,买盘
2303,13:02:54,21.61,38898,18,卖盘
2304,13:02:57,21.6,961286,445,卖盘
2305,13:03:00,21.6,54025,25,卖盘
2306,13:03:03,21.62,306965,142,买盘
2307,13:03:06,21.61,10805,5,卖盘
2308,13:03:09,21.62,1122253,519,买盘
2309,13:03:12,21.64,71364,33,买盘
2310,13:03:15,21.64,222892,103,买盘
2311,13:03:21,21.65,309542,143,买盘
2312,13:03:24,21.64,12984,6,中性盘
2313,13:03:27,21.64,171007,79,买盘
2314,13:03:30,21.64,209908,97,买盘
2315,13:03:33,21.64,233727,108,卖盘
2316,13:03:36,21.65,10828,5,中性盘
2317,13:03:39,21.66,419899,194,买盘
2318,13:03:42,21.64,374655,173,买盘
2319,13:03:45,21.64,205650,95,卖盘
2320,13:03:48,21.63,112529,52,卖盘
2321,13:03:51,21.65,404838,187,买盘
2322,13:03:54,21.62,205490,95,卖盘
2323,13:03:57,21.63,517127,239,买盘
2324,13:04:00,21.64,142765,66,买盘
2325,13:04:03,21.64,47608,22,买盘
2326,13:04:06,21.64,58410,27,买盘
2327,13:04:09,21.63,103865,48,卖盘
2328,13:04:12,21.64,110364,51,中性盘
2329,13:04:15,21.64,10820,5,卖盘
2330,13:04:18,21.64,244532,113,卖盘
2331,13:04:21,21.64,19476,9,买盘
2332,13:04:24,21.64,30296,14,买盘
2333,13:04:27,21.64,25968,12,买盘
2334,13:04:30,21.64,4328,2,买盘
2335,13:04:33,21.64,385139,178,买盘
2336,13:04:36,21.65,368014,170,买盘
2337,13:04:39,21.64,114690,53,卖盘
2338,13:04:42,21.64,733910,339,卖盘
2339,13:04:45,21.65,95258,44,买盘
2340,13:04:48,21.66,186205,86,买盘
2341,13:04:51,21.64,207832,96,卖盘
2342,13:04:54,21.66,145072,67,买盘
2343,13:04:57,21.66,123410,57,买盘
2344,13:05:00,21.66,807187,373,买盘
2345,13:05:03,21.63,697261,322,中性盘
2346,13:05:06,21.62,64880,30,卖盘
2347,13:05:09,21.64,170934,79,买盘
2348,13:05:12,21.64,77903,36,买盘
2349,13:05:15,21.63,12978,6,卖盘
2350,13:05:21,21.64,183931,85,买盘
2351,13:05:24,21.63,320149,148,卖盘
2352,13:05:27,21.63,376455,174,卖盘
2353,13:05:30,21.64,56264,26,买盘
2354,13:05:33,21.63,413192,191,卖盘
2355,13:05:36,21.64,69234,32,买盘
2356,13:05:39,21.63,47566,22,买盘
2357,13:05:42,21.63,90861,42,买盘
2358,13:05:45,21.63,95173,44,卖盘
2359,13:05:48,21.63,86527,40,卖盘
2360,13:05:51,21.63,393666,182,卖盘
2361,13:05:54,21.63,23792,11,买盘
2362,13:06:00,21.62,25944,12,卖盘
2363,13:06:03,21.62,371864,172,卖盘
2364,13:06:06,21.62,101614,47,卖盘
2365,13:06:09,21.61,21619,10,卖盘
2366,13:06:12,21.62,8648,4,买盘
2367,13:06:15,21.62,92928,43,买盘
2368,13:06:18,21.62,30268,14,买盘
2369,13:06:21,21.61,54045,25,卖盘
2370,13:06:24,21.62,64860,30,买盘
2371,13:06:27,21.61,6483,3,卖盘
2372,13:06:30,21.62,265870,123,买盘
2373,13:06:33,21.62,17299,8,卖盘
2374,13:06:36,21.62,170798,79,卖盘
2375,13:06:39,21.62,348083,161,卖盘
2376,13:06:42,21.62,404291,187,买盘
2377,13:06:45,21.62,147016,68,买盘
2378,13:06:48,21.62,43238,20,买盘
2379,13:06:51,21.62,17293,8,买盘
2380,13:06:54,21.61,23772,11,卖盘
2381,13:06:57,21.61,205305,95,卖盘
2382,13:07:00,21.61,776000,359,卖盘
2383,13:07:03,21.61,23771,11,买盘
2384,13:07:09,21.6,56160,26,卖盘
2385,13:07:12,21.61,490321,227,买盘
2386,13:07:15,21.61,814514,377,买盘
2387,13:07:18,21.6,60486,28,卖盘
2388,13:07:21,21.61,4321,2,买盘
2389,13:07:24,21.61,15122,7,买盘
2390,13:07:27,21.61,464585,215,买盘
2391,13:07:30,21.63,884221,409,买盘
2392,13:07:33,21.63,977584,452,买盘
2393,13:07:36,21.64,99541,46,买盘
2394,13:07:39,21.64,902011,417,买盘
2395,13:07:42,21.64,116850,54,买盘
2396,13:07:45,21.62,41106,19,卖盘
2397,13:07:48,21.62,25954,12,卖盘
2398,13:07:51,21.62,302736,140,卖盘
2399,13:07:54,21.64,17312,8,买盘
2400,13:07:57,21.62,218407,101,卖盘
2401,13:08:00,21.64,358898,166,买盘
2402,13:08:03,21.64,47608,22,买盘
2403,13:08:06,21.64,41104,19,买盘
2404,13:08:09,21.62,114659,53,卖盘
2405,13:08:12,21.62,23783,11,卖盘
2406,13:08:15,21.64,77878,36,买盘
2407,13:08:18,21.64,67054,31,买盘
2408,13:08:21,21.63,246582,114,买盘
2409,13:08:24,21.63,17298,8,中性盘
2410,13:08:27,21.62,1441740,667,卖盘
2411,13:08:30,21.63,90812,42,买盘
2412,13:08:33,21.63,34608,16,买盘
2413,13:08:36,21.63,2163,1,买盘
2414,13:08:39,21.61,90765,42,中性盘
2415,13:08:42,21.59,1034638,479,卖盘
2416,13:08:45,21.6,1088945,504,买盘
2417,13:08:48,21.6,38877,18,买盘
2418,13:08:51,21.59,28067,13,卖盘
2419,13:08:57,21.6,12958,6,买盘
2420,13:09:00,21.59,69094,32,卖盘
2421,13:09:03,21.59,196519,91,卖盘
2422,13:09:06,21.59,265589,123,卖盘
2423,13:09:09,21.6,64793,30,买盘
2424,13:09:12,21.6,2160,1,买盘
2425,13:09:15,21.59,23749,11,卖盘
2426,13:09:18,21.59,1329944,616,卖盘
2427,13:09:21,21.59,77724,36,买盘
2428,13:09:24,21.59,82027,38,买盘
2429,13:09:27,21.59,28063,13,买盘
2430,13:09:30,21.58,64744,30,卖盘
2431,13:09:33,21.59,272024,126,买盘
2432,13:09:36,21.59,64746,30,买盘
2433,13:09:39,21.59,32375,15,买盘
2434,13:09:42,21.58,45338,21,卖盘
2435,13:09:45,21.58,15108,7,卖盘
2436,13:09:48,21.59,239593,111,买盘
2437,13:09:51,21.6,382146,177,买盘
2438,13:09:54,21.59,138179,64,买盘
2439,13:09:57,21.58,66914,31,卖盘
2440,13:10:00,21.58,92824,43,卖盘
2441,13:10:03,21.59,32385,15,买盘
2442,13:10:06,21.56,3104615,1439,卖盘
2443,13:10:09,21.57,230825,107,买盘
2444,13:10:12,21.58,58237,27,买盘
2445,13:10:15,21.57,10785,5,卖盘
2446,13:10:18,21.57,53925,25,卖盘
2447,13:10:21,21.58,146700,68,买盘
2448,13:10:24,21.57,10789,5,卖盘
2449,13:10:27,21.58,129480,60,买盘
2450,13:10:30,21.57,282554,131,卖盘
2451,13:10:33,21.58,163955,76,买盘
2452,13:10:36,21.56,6469,3,卖盘
2453,13:10:42,21.58,32356,15,买盘
2454,13:10:45,21.57,79810,37,卖盘
2455,13:10:48,21.57,8628,4,卖盘
2456,13:10:54,21.57,40984,19,卖盘
2457,13:10:57,21.58,86290,40,买盘
2458,13:11:00,21.57,114327,53,卖盘
2459,13:11:03,21.58,23728,11,买盘
2460,13:11:06,21.57,2157,1,中性盘
2461,13:11:09,21.55,655441,304,卖盘
2462,13:11:12,21.54,976189,453,卖盘
2463,13:11:15,21.53,36621,17,卖盘
2464,13:11:18,21.55,109905,51,买盘
2465,13:11:21,21.53,150755,70,卖盘
2466,13:11:24,21.54,101238,47,中性盘
2467,13:11:27,21.53,689026,320,卖盘
2468,13:11:30,21.53,277743,129,买盘
2469,13:11:33,21.53,275686,128,卖盘
2470,13:11:36,21.53,391768,182,卖盘
2471,13:11:39,21.55,122812,57,买盘
2472,13:11:42,21.53,210995,98,卖盘
2473,13:11:45,21.53,200323,93,买盘
2474,13:11:48,21.53,228222,106,买盘
2475,13:11:51,21.54,4308,2,买盘
2476,13:11:54,21.54,15076,7,买盘
2477,13:11:57,21.53,15073,7,卖盘
2478,13:12:00,21.53,25840,12,卖盘
2479,13:12:03,21.53,12918,6,卖盘
2480,13:12:06,21.53,167950,78,卖盘
2481,13:12:09,21.55,4310,2,买盘
2482,13:12:12,21.53,249754,116,卖盘
2483,13:12:15,21.53,92581,43,卖盘
2484,13:12:18,21.54,4307,2,买盘
2485,13:12:21,21.53,101191,47,卖盘
2486,13:12:24,21.54,574851,267,买盘
2487,13:12:27,21.54,19378,9,买盘
2488,13:12:30,21.52,538001,250,卖盘
2489,13:12:33,21.53,594210,276,买盘
2490,13:12:36,21.53,38754,18,买盘
2491,13:12:39,21.53,148570,69,买盘
2492,13:12:42,21.53,88280,41,卖盘
2493,13:12:45,21.54,2154,1,买盘
2494,13:12:48,21.53,275644,128,卖盘
2495,13:12:51,21.53,114112,53,买盘
2496,13:12:57,21.53,273431,127,卖盘
2497,13:13:00,21.53,53824,25,买盘
2498,13:13:03,21.54,1412975,656,买盘
2499,13:13:06,21.53,47375,22,中性盘
2500,13:13:09,21.54,45214,21,买盘
2501,13:13:12,21.53,40918,19,卖盘
2502,13:13:15,21.53,27995,13,卖盘
2503,13:13:18,21.53,88283,41,卖盘
2504,13:13:21,21.53,17226,8,卖盘
2505,13:13:24,21.53,241236,112,卖盘
2506,13:13:27,21.54,234681,109,买盘
2507,13:13:30,21.53,4306,2,卖盘
2508,13:13:33,21.53,506152,235,卖盘
2509,13:13:36,21.53,49530,23,卖盘
2510,13:13:39,21.53,23684,11,卖盘
2511,13:13:42,21.53,34448,16,卖盘
2512,13:13:45,21.54,137806,64,买盘
2513,13:13:48,21.54,6462,3,买盘
2514,13:13:54,21.54,2154,1,买盘
2515,13:13:57,21.53,73214,34,卖盘
2516,13:14:03,21.54,12921,6,买盘
2517,13:14:06,21.54,6462,3,买盘
2518,13:14:09,21.54,120600,56,买盘
2519,13:14:12,21.54,34457,16,买盘
2520,13:14:15,21.54,159396,74,买盘
2521,13:14:18,21.54,92605,43,买盘
2522,13:14:21,21.55,30170,14,买盘
2523,13:14:24,21.54,178839,83,卖盘
2524,13:14:27,21.54,19389,9,卖盘
2525,13:14:30,21.55,88322,41,买盘
2526,13:14:33,21.54,32315,15,卖盘
2527,13:14:36,21.54,441575,205,卖盘
2528,13:14:39,21.55,23705,11,买盘
2529,13:14:42,21.55,4310,2,买盘
2530,13:14:48,21.55,38773,18,买盘
2531,13:14:51,21.55,21550,10,买盘
2532,13:14:54,21.55,32325,15,买盘
2533,13:14:57,21.54,92622,43,卖盘
2534,13:15:00,21.54,88314,41,卖盘
2535,13:15:03,21.55,441711,205,买盘
2536,13:15:06,21.53,170156,79,卖盘
2537,13:15:09,21.53,471507,219,卖盘
2538,13:15:12,21.52,266970,124,卖盘
2539,13:15:15,21.53,398167,185,买盘
2540,13:15:18,21.53,23687,11,卖盘
2541,13:15:21,21.54,19385,9,买盘
2542,13:15:24,21.52,933965,434,卖盘
2543,13:15:27,21.52,443280,206,买盘
2544,13:15:30,21.52,230256,107,买盘
2545,13:15:33,21.52,154944,72,买盘
2546,13:15:39,21.53,30140,14,买盘
2547,13:15:42,21.53,90411,42,买盘
2548,13:15:45,21.53,92580,43,买盘
2549,13:15:48,21.53,8612,4,卖盘
2550,13:15:54,21.54,88274,41,买盘
2551,13:15:57,21.54,28013,13,中性盘
2552,13:16:00,21.53,1117456,519,卖盘
2553,13:16:03,21.55,178725,83,买盘
2554,13:16:06,21.55,4310,2,买盘
2555,13:16:09,21.55,94776,44,买盘
2556,13:16:12,21.55,47410,22,买盘
2557,13:16:15,21.55,81889,38,买盘
2558,13:16:18,21.55,47409,22,买盘
2559,13:16:21,21.54,2154,1,卖盘
2560,13:16:27,21.55,51720,24,买盘
2561,13:16:30,21.54,28002,13,卖盘
2562,13:16:33,21.55,163777,76,买盘
2563,13:16:36,21.55,19389,9,买盘
2564,13:16:39,21.54,155153,72,卖盘
2565,13:16:42,21.54,116320,54,卖盘
2566,13:16:45,21.53,6460,3,卖盘
2567,13:16:51,21.53,38754,18,卖盘
2568,13:16:54,21.54,60312,28,买盘
2569,13:17:00,21.53,176547,82,卖盘
2570,13:17:03,21.53,131360,61,卖盘
2571,13:17:06,21.53,4307,2,卖盘
2572,13:17:09,21.53,12920,6,卖盘
2573,13:17:12,21.53,167985,78,卖盘
2574,13:17:15,21.53,8612,4,卖盘
2575,13:17:18,21.53,96885,45,卖盘
2576,13:17:21,21.54,8616,4,买盘
2577,13:17:24,21.53,64590,30,卖盘
2578,13:17:30,21.53,38754,18,卖盘
2579,13:17:33,21.54,40926,19,买盘
2580,13:17:36,21.53,6460,3,卖盘
2581,13:17:39,21.53,23683,11,卖盘
2582,13:17:42,21.54,4308,2,买盘
2583,13:17:48,21.53,36617,17,卖盘
2584,13:17:51,21.54,2154,1,买盘
2585,13:17:54,21.53,68899,32,卖盘
2586,13:18:00,21.53,19378,9,卖盘
2587,13:18:03,21.54,23694,11,买盘
2588,13:18:06,21.54,47388,22,买盘
2589,13:18:09,21.54,678470,315,买盘
2590,13:18:12,21.55,568816,264,买盘
2591,13:18:15,21.56,118530,55,买盘
2592,13:18:18,21.55,10775,5,卖盘
2593,13:18:24,21.55,2155,1,卖盘
2594,13:18:27,21.56,8624,4,买盘
2595,13:18:30,21.55,467635,217,卖盘
2596,13:18:33,21.55,314630,146,买盘
2597,13:18:36,21.55,137920,64,买盘
2598,13:18:39,21.55,12930,6,买盘
2599,13:18:42,21.54,8616,4,卖盘
2600,13:18:45,21.55,8619,4,买盘
2601,13:18:48,21.55,43100,20,买盘
2602,13:18:51,21.54,17237,8,卖盘
2603,13:18:54,21.55,6465,3,买盘
2604,13:18:57,21.55,857593,398,买盘
2605,13:19:00,21.55,64653,30,买盘
2606,13:19:03,21.54,394239,183,卖盘
2607,13:19:06,21.53,84004,39,卖盘
2608,13:19:09,21.55,193939,90,买盘
2609,13:19:12,21.55,277770,129,买盘
2610,13:19:15,21.54,25847,12,卖盘
2611,13:19:18,21.54,12924,6,买盘
2612,13:19:21,21.54,2154,1,买盘
2613,13:19:24,21.54,28002,13,买盘
2614,13:19:27,21.55,131427,61,买盘
2615,13:19:30,21.54,19386,9,卖盘
2616,13:19:36,21.54,105546,49,卖盘
2617,13:19:39,21.53,215392,100,卖盘
2618,13:19:42,21.55,71110,33,买盘
2619,13:19:45,21.54,30161,14,中性盘
2620,13:19:48,21.55,15085,7,买盘
2621,13:19:54,21.54,17232,8,卖盘
2622,13:19:57,21.55,760200,353,买盘
2623,13:20:00,21.54,613544,285,中性盘
2624,13:20:03,21.53,30149,14,中性盘
2625,13:20:06,21.54,15073,7,买盘
2626,13:20:09,21.54,25844,12,买盘
2627,13:20:12,21.52,323039,150,卖盘
2628,13:20:15,21.54,30156,14,买盘
2629,13:20:18,21.54,32299,15,买盘
2630,13:20:21,21.54,2154,1,买盘
2631,13:20:24,21.53,64615,30,中性盘
2632,13:20:33,21.53,34448,16,卖盘
2633,13:20:36,21.53,62438,29,买盘
2634,13:20:39,21.52,86096,40,卖盘
2635,13:20:42,21.54,284292,132,买盘
2636,13:20:45,21.53,12923,6,中性盘
2637,13:20:48,21.53,38754,18,买盘
2638,13:20:51,21.52,58122,27,卖盘
2639,13:20:54,21.52,81783,38,卖盘
2640,13:20:57,21.54,2154,1,买盘
2641,13:21:00,21.54,107700,50,买盘
2642,13:21:03,21.53,419836,195,卖盘
2643,13:21:06,21.54,10770,5,买盘
2644,13:21:09,21.53,88273,41,卖盘
2645,13:21:12,21.53,312278,145,买盘
2646,13:21:15,21.53,335868,156,买盘
2647,13:21:18,21.52,107615,50,卖盘
2648,13:21:21,21.53,12918,6,买盘
2649,13:21:24,21.52,34445,16,卖盘
2650,13:21:27,21.53,4306,2,买盘
2651,13:21:30,21.53,170064,79,买盘
2652,13:21:33,21.54,19379,9,买盘
2653,13:21:36,21.54,4307,2,买盘
2654,13:21:39,21.52,38743,18,卖盘
2655,13:21:42,21.53,8614,4,卖盘
2656,13:21:45,21.53,21533,10,卖盘
2657,13:21:48,21.53,19377,9,卖盘
2658,13:21:51,21.53,226072,105,卖盘
2659,13:21:54,21.53,30145,14,卖盘
2660,13:21:57,21.53,139945,65,卖盘
2661,13:22:00,21.52,105469,49,卖盘
2662,13:22:03,21.52,64589,30,卖盘
2663,13:22:06,21.53,2153,1,买盘
2664,13:22:09,21.52,492809,229,卖盘
2665,13:22:12,21.52,27976,13,卖盘
2666,13:22:15,21.52,2152,1,买盘
2667,13:22:18,21.52,6454,3,买盘
2668,13:22:21,21.52,324952,151,买盘
2669,13:22:24,21.52,335614,156,卖盘
2670,13:22:27,21.52,8607,4,买盘
2671,13:22:30,21.52,90375,42,买盘
2672,13:22:33,21.52,131230,61,买盘
2673,13:22:36,21.51,64530,30,卖盘
2674,13:22:39,21.51,36569,17,卖盘
2675,13:22:42,21.52,10760,5,买盘
2676,13:22:45,21.52,234568,109,买盘
2677,13:22:48,21.52,107603,50,卖盘
2678,13:22:51,21.51,1510363,702,卖盘
2679,13:22:54,21.52,45194,21,中性盘
2680,13:22:57,21.53,47359,22,买盘
2681,13:23:00,21.52,25824,12,买盘
2682,13:23:06,21.51,118305,55,卖盘
2683,13:23:09,21.51,51624,24,买盘
2684,13:23:12,21.5,337673,157,卖盘
2685,13:23:15,21.51,10755,5,中性盘
2686,13:23:18,21.5,303157,141,卖盘
2687,13:23:21,21.5,253712,118,卖盘
2688,13:23:24,21.51,212918,99,买盘
2689,13:23:27,21.51,79567,37,买盘
2690,13:23:30,21.51,365509,170,买盘
2691,13:23:33,21.5,96755,45,卖盘
2692,13:23:36,21.5,702991,327,卖盘
2693,13:23:39,21.51,221543,103,买盘
2694,13:23:42,21.51,23662,11,卖盘
2695,13:23:45,21.5,227956,106,卖盘
2696,13:23:48,21.51,12905,6,买盘
2697,13:23:51,21.51,187137,87,买盘
2698,13:23:54,21.51,64530,30,卖盘
2699,13:23:57,21.51,389334,181,卖盘
2700,13:24:00,21.52,90365,42,买盘
2701,13:24:03,21.51,116165,54,卖盘
2702,13:24:06,21.53,639270,297,买盘
2703,13:24:09,21.53,161471,75,买盘
2704,13:24:12,21.54,38770,18,买盘
2705,13:24:15,21.53,8612,4,卖盘
2706,13:24:18,21.54,120578,56,买盘
2707,13:24:21,21.53,34449,16,卖盘
2708,13:24:24,21.5,647245,301,卖盘
2709,13:24:27,21.53,81814,38,买盘
2710,13:24:30,21.53,2153,1,买盘
2711,13:24:33,21.53,58130,27,买盘
2712,13:24:36,21.53,99003,46,买盘
2713,13:24:39,21.53,77508,36,买盘
2714,13:24:42,21.52,223910,104,卖盘
2715,13:24:45,21.54,228300,106,买盘
2716,13:24:48,21.5,1279622,595,卖盘
2717,13:24:51,21.54,38772,18,买盘
2718,13:24:54,21.54,21540,10,买盘
2719,13:24:57,21.54,30156,14,卖盘
2720,13:25:00,21.55,144333,67,买盘
2721,13:25:09,21.54,2154,1,买盘
2722,13:25:12,21.54,21540,10,买盘
2723,13:25:15,21.53,45235,21,卖盘
2724,13:25:18,21.54,435266,202,买盘
2725,13:25:21,21.55,120658,56,买盘
2726,13:25:24,21.55,150801,70,买盘
2727,13:25:27,21.54,15080,7,卖盘
2728,13:25:30,21.55,47398,22,买盘
2729,13:25:33,21.55,379280,176,买盘
2730,13:25:36,21.55,28023,13,卖盘
2731,13:25:39,21.56,1256948,583,买盘
2732,13:25:42,21.57,40983,19,买盘
2733,13:25:48,21.58,217911,101,买盘
2734,13:25:51,21.57,528383,245,卖盘
2735,13:25:54,21.59,254594,118,买盘
2736,13:25:57,21.57,6471,3,中性盘
2737,13:26:00,21.57,6470,3,买盘
2738,13:26:03,21.57,2157,1,买盘
2739,13:26:06,21.57,34512,16,买盘
2740,13:26:09,21.57,478531,222,买盘
2741,13:26:12,21.57,135891,63,卖盘
2742,13:26:15,21.57,4312,2,买盘
2743,13:26:18,21.56,2156,1,卖盘
2744,13:26:27,21.56,19404,9,卖盘
2745,13:26:30,21.56,1429946,664,买盘
2746,13:26:33,21.56,47432,22,买盘
2747,13:26:36,21.56,2156,1,买盘
2748,13:26:39,21.55,66828,31,卖盘
2749,13:26:42,21.56,23716,11,买盘
2750,13:26:45,21.56,10778,5,买盘
2751,13:26:48,21.55,4310,2,卖盘
2752,13:26:51,21.56,12936,6,买盘
2753,13:26:54,21.56,49588,23,买盘
2754,13:26:57,21.56,174595,81,卖盘
2755,13:27:00,21.57,86252,40,买盘
2756,13:27:03,21.56,15092,7,买盘
2757,13:27:06,21.56,34496,16,买盘
2758,13:27:09,21.56,38808,18,买盘
2759,13:27:12,21.56,711480,330,买盘
2760,13:27:15,21.55,43130,20,卖盘
2761,13:27:18,21.56,801702,372,卖盘
2762,13:27:21,21.57,90564,42,买盘
2763,13:27:27,21.57,2157,1,中性盘
2764,13:27:30,21.56,2156,1,卖盘
2765,13:27:33,21.56,12936,6,卖盘
2766,13:27:39,21.57,47434,22,买盘
2767,13:27:42,21.56,90565,42,卖盘
2768,13:27:45,21.56,114268,53,卖盘
2769,13:27:48,21.56,137984,64,卖盘
2770,13:27:51,21.56,66836,31,买盘
2771,13:27:54,21.56,8623,4,买盘
2772,13:27:57,21.56,97010,45,买盘
2773,13:28:00,21.56,34482,16,买盘
2774,13:28:03,21.56,2156,1,买盘
2775,13:28:06,21.55,6465,3,卖盘
2776,13:28:09,21.56,754325,350,买盘
2777,13:28:12,21.55,81904,38,中性盘
2778,13:28:15,21.56,10780,5,买盘
2779,13:28:24,21.56,107799,50,买盘
2780,13:28:27,21.56,19404,9,买盘
2781,13:28:30,21.55,12930,6,卖盘
2782,13:28:33,21.55,6465,3,卖盘
2783,13:28:36,21.55,34487,16,卖盘
2784,13:28:39,21.55,116370,54,卖盘
2785,13:28:42,21.55,370660,172,卖盘
2786,13:28:45,21.55,15082,7,买盘
2787,13:28:48,21.55,6464,3,买盘
2788,13:28:51,21.55,489158,227,买盘
2789,13:28:54,21.55,86178,40,买盘
2790,13:28:57,21.54,32314,15,卖盘
2791,13:29:00,21.55,96955,45,买盘
2792,13:29:03,21.55,75425,35,买盘
2793,13:29:06,21.54,148691,69,卖盘
2794,13:29:09,21.55,232715,108,买盘
2795,13:29:12,21.55,68960,32,买盘
2796,13:29:15,21.55,12930,6,买盘
2797,13:29:18,21.55,239200,111,买盘
2798,13:29:21,21.54,75415,35,卖盘
2799,13:29:24,21.55,2155,1,买盘
2800,13:29:27,21.54,613920,285,卖盘
2801,13:29:30,21.55,81873,38,买盘
2802,13:29:33,21.55,336180,156,买盘
2803,13:29:36,21.55,405145,188,买盘
2804,13:29:42,21.55,38790,18,卖盘
2805,13:29:45,21.55,15090,7,卖盘
2806,13:29:48,21.55,215500,100,卖盘
2807,13:29:51,21.55,60340,28,卖盘
2808,13:29:54,21.55,8620,4,卖盘
2809,13:29:57,21.56,107800,50,买盘
2810,13:30:00,21.56,62506,29,买盘
2811,13:30:03,21.55,51734,24,卖盘
2812,13:30:09,21.56,10776,5,买盘
2813,13:30:12,21.56,4312,2,买盘
2814,13:30:15,21.55,232748,108,卖盘
2815,13:30:18,21.56,4312,2,买盘
2816,13:30:21,21.56,15092,7,买盘
2817,13:30:27,21.56,12936,6,买盘
2818,13:30:30,21.56,10780,5,买盘
2819,13:30:33,21.56,68989,32,买盘
2820,13:30:36,21.57,260902,121,买盘
2821,13:30:39,21.56,51744,24,中性盘
2822,13:30:42,21.57,64710,30,买盘
2823,13:30:45,21.56,19408,9,卖盘
2824,13:30:48,21.56,62525,29,卖盘
2825,13:30:51,21.54,1614622,749,卖盘
2826,13:30:54,21.55,94820,44,买盘
2827,13:30:57,21.55,81886,38,买盘
2828,13:31:00,21.55,51720,24,买盘
2829,13:31:03,21.56,480778,223,买盘
2830,13:31:06,21.57,19410,9,买盘
2831,13:31:09,21.56,15092,7,买盘
2832,13:31:12,21.56,170306,79,卖盘
2833,13:31:18,21.56,88396,41,卖盘
2834,13:31:21,21.56,6468,3,买盘
2835,13:31:24,21.57,189729,88,买盘
2836,13:31:27,21.57,71181,33,买盘
2837,13:31:30,21.56,12937,6,中性盘
2838,13:31:33,21.56,215600,100,卖盘
2839,13:31:39,21.56,4312,2,卖盘
2840,13:31:45,21.56,53920,25,卖盘
2841,13:31:48,21.56,64680,30,卖盘
2842,13:31:51,21.56,211376,98,卖盘
2843,13:31:54,21.56,209152,97,卖盘
2844,13:31:57,21.57,71164,33,买盘
2845,13:32:00,21.57,34503,16,买盘
2846,13:32:03,21.56,32340,15,卖盘
2847,13:32:06,21.56,252252,117,买盘
2848,13:32:09,21.56,4312,2,卖盘
2849,13:32:12,21.56,196196,91,卖盘
2850,13:32:15,21.56,127213,59,卖盘
2851,13:32:18,21.56,103488,48,卖盘
2852,13:32:21,21.56,10784,5,卖盘
2853,13:32:24,21.57,45293,21,买盘
2854,13:32:27,21.58,487560,226,买盘
2855,13:32:30,21.58,388290,180,买盘
2856,13:32:33,21.58,45305,21,买盘
2857,13:32:36,21.58,64720,30,买盘
2858,13:32:39,21.57,17266,8,卖盘
2859,13:32:45,21.58,45318,21,买盘
2860,13:32:48,21.58,77687,36,买盘
2861,13:32:51,21.58,34528,16,买盘
2862,13:32:54,21.57,56082,26,卖盘
2863,13:33:00,21.57,43141,20,卖盘
2864,13:33:03,21.57,4314,2,卖盘
2865,13:33:06,21.58,425205,197,买盘
2866,13:33:09,21.57,138105,64,卖盘
2867,13:33:12,21.58,10790,5,中性盘
2868,13:33:15,21.58,71214,33,中性盘
2869,13:33:18,21.58,146744,68,卖盘
2870,13:33:21,21.59,28061,13,买盘
2871,13:33:24,21.57,4314,2,卖盘
2872,13:33:27,21.57,226585,105,卖盘
2873,13:33:30,21.59,133858,62,买盘
2874,13:33:36,21.58,2158,1,卖盘
2875,13:33:39,21.6,213711,99,买盘
2876,13:33:42,21.58,17264,8,卖盘
2877,13:33:51,21.59,120900,56,买盘
2878,13:33:54,21.58,66917,31,卖盘
2879,13:34:00,21.59,2159,1,买盘
2880,13:34:03,21.59,248235,115,买盘
2881,13:34:06,21.59,12954,6,买盘
2882,13:34:09,21.59,1016088,471,买盘
2883,13:34:12,21.57,41019,19,卖盘
2884,13:34:15,21.58,51795,24,中性盘
2885,13:34:21,21.57,86300,40,卖盘
2886,13:34:24,21.57,131577,61,卖盘
2887,13:34:27,21.57,299823,139,买盘
2888,13:34:30,21.57,125124,58,买盘
2889,13:34:33,21.58,1015556,471,买盘
2890,13:34:36,21.58,34525,16,买盘
2891,13:34:39,21.57,53925,25,买盘
2892,13:34:45,21.56,6470,3,卖盘
2893,13:34:48,21.57,51768,24,买盘
2894,13:34:51,21.56,40974,19,卖盘
2895,13:34:54,21.56,771848,358,卖盘
2896,13:34:57,21.55,456996,212,卖盘
2897,13:35:00,21.56,10780,5,买盘
2898,13:35:03,21.55,2155,1,卖盘
2899,13:35:06,21.57,394550,183,买盘
2900,13:35:09,21.57,15095,7,买盘
2901,13:35:12,21.57,47430,22,买盘
2902,13:35:15,21.55,657285,305,卖盘
2903,13:35:18,21.57,224136,104,买盘
2904,13:35:21,21.55,10777,5,卖盘
2905,13:35:24,21.55,4310,2,卖盘
2906,13:35:27,21.57,30198,14,买盘
2907,13:35:30,21.55,6465,3,卖盘
2908,13:35:39,21.56,25862,12,买盘
2909,13:35:45,21.56,38808,18,买盘
2910,13:35:48,21.57,183324,85,买盘
2911,13:35:51,21.57,487108,226,买盘
2912,13:35:54,21.58,32360,15,买盘
2913,13:36:00,21.56,25876,12,卖盘
2914,13:36:03,21.56,107800,50,卖盘
2915,13:36:06,21.56,653268,303,卖盘
2916,13:36:09,21.57,66876,31,买盘
2917,13:36:15,21.57,4313,2,买盘
2918,13:36:18,21.56,77627,36,卖盘
2919,13:36:21,21.55,32339,15,卖盘
2920,13:36:24,21.55,349114,162,卖盘
2921,13:36:27,21.56,28028,13,买盘
2922,13:36:30,21.57,107792,50,买盘
2923,13:36:33,21.55,81890,38,卖盘
2924,13:36:36,21.55,75425,35,卖盘
2925,13:36:39,21.55,157319,73,卖盘
2926,13:36:42,21.56,36640,17,买盘
2927,13:36:48,21.55,319147,148,买盘
2928,13:36:51,21.56,172446,80,买盘
2929,13:36:54,21.55,30176,14,卖盘
2930,13:36:57,21.55,2155,1,卖盘
2931,13:37:00,21.56,4312,2,买盘
2932,13:37:06,21.56,6468,3,买盘
2933,13:37:09,21.55,17240,8,卖盘
2934,13:37:12,21.55,504287,234,卖盘
2935,13:37:15,21.56,34491,16,买盘
2936,13:37:21,21.56,1161032,539,买盘
2937,13:37:24,21.55,32339,15,卖盘
2938,13:37:27,21.55,21550,10,中性盘
2939,13:37:33,21.53,191683,89,卖盘
2940,13:37:39,21.55,495630,230,中性盘
2941,13:37:42,21.53,19393,9,卖盘
2942,13:37:54,21.54,122834,57,卖盘
2943,13:38:00,21.55,2155,1,买盘
2944,13:38:03,21.55,49565,23,买盘
2945,13:38:09,21.56,2156,1,买盘
2946,13:38:12,21.55,299545,139,卖盘
2947,13:38:15,21.55,45255,21,买盘
2948,13:38:18,21.54,25857,12,卖盘
2949,13:38:21,21.54,99095,46,卖盘
2950,13:38:24,21.55,855533,397,买盘
2951,13:38:27,21.56,114254,53,买盘
2952,13:38:30,21.55,77580,36,卖盘
2953,13:38:33,21.55,81893,38,卖盘
2954,13:38:42,21.56,10780,5,买盘
2955,13:38:45,21.56,269507,125,买盘
2956,13:38:48,21.55,219887,102,卖盘
2957,13:38:54,21.57,43125,20,买盘
2958,13:38:57,21.56,2156,1,中性盘
2959,13:39:00,21.55,101307,47,卖盘
2960,13:39:03,21.57,4314,2,买盘
2961,13:39:06,21.55,21553,10,卖盘
2962,13:39:09,21.55,53875,25,卖盘
2963,13:39:12,21.56,86245,40,中性盘
2964,13:39:15,21.55,38793,18,卖盘
2965,13:39:18,21.55,81890,38,卖盘
2966,13:39:21,21.55,30170,14,卖盘
2967,13:39:24,21.56,159487,74,买盘
2968,13:39:27,21.55,103440,48,卖盘
2969,13:39:30,21.55,58191,27,卖盘
2970,13:39:33,21.55,34480,16,卖盘
2971,13:39:36,21.55,84060,39,卖盘
2972,13:39:39,21.55,2155,1,卖盘
2973,13:39:42,21.55,148702,69,卖盘
2974,13:39:45,21.56,1234876,573,买盘
2975,13:39:48,21.56,802032,372,买盘
2976,13:39:51,21.57,71163,33,买盘
2977,13:39:54,21.57,88422,41,买盘
2978,13:39:57,21.57,247954,115,买盘
2979,13:40:03,21.56,2156,1,卖盘
2980,13:40:06,21.57,79809,37,买盘
2981,13:40:09,21.57,10785,5,买盘
2982,13:40:12,21.57,84090,39,买盘
2983,13:40:15,21.57,79809,37,买盘
2984,13:40:18,21.57,114314,53,买盘
2985,13:40:24,21.58,155338,72,买盘
2986,13:40:27,21.58,43145,20,买盘
2987,13:40:30,21.57,17256,8,卖盘
2988,13:40:33,21.57,30198,14,买盘
2989,13:40:36,21.57,51768,24,买盘
2990,13:40:39,21.57,554349,257,买盘
2991,13:40:42,21.58,694827,322,买盘
2992,13:40:45,21.59,362564,168,买盘
2993,13:40:48,21.59,53967,25,买盘
2994,13:40:51,21.59,58284,27,买盘
2995,13:40:54,21.59,45337,21,买盘
2996,13:40:57,21.59,28067,13,买盘
2997,13:41:00,21.59,278497,129,买盘
2998,13:41:03,21.59,401574,186,买盘
2999,13:41:06,21.58,535430,248,卖盘
3000,13:41:09,21.6,243973,113,买盘
3001,13:41:12,21.6,12955,6,买盘
3002,13:41:15,21.6,30235,14,买盘
3003,13:41:18,21.6,354240,164,买盘
3004,13:41:21,21.6,455753,211,买盘
3005,13:41:24,21.6,205156,95,买盘
3006,13:41:27,21.6,1203120,557,买盘
3007,13:41:30,21.61,764672,354,买盘
3008,13:41:33,21.61,257167,119,买盘
3009,13:41:36,21.62,54050,25,买盘
3010,13:41:39,21.62,56211,26,买盘
3011,13:41:42,21.62,118905,55,买盘
3012,13:41:45,21.61,222651,103,卖盘
3013,13:41:48,21.62,105938,49,买盘
3014,13:41:51,21.61,121021,56,卖盘
3015,13:41:54,21.62,105938,49,买盘
3016,13:41:57,21.62,108098,50,买盘
3017,13:42:00,21.62,95128,44,买盘
3018,13:42:03,21.62,32430,15,卖盘
3019,13:42:06,21.62,32440,15,卖盘
3020,13:42:09,21.63,730767,338,买盘
3021,13:42:12,21.59,1631219,755,卖盘
3022,13:42:15,21.6,66951,31,买盘
3023,13:42:18,21.58,561297,260,卖盘
3024,13:42:21,21.6,77736,36,买盘
3025,13:42:24,21.6,66913,31,买盘
3026,13:42:27,21.59,181322,84,中性盘
3027,13:42:30,21.58,25906,12,卖盘
3028,13:42:33,21.59,297840,138,买盘
3029,13:42:36,21.58,43173,20,卖盘
3030,13:42:39,21.58,23738,11,卖盘
3031,13:42:42,21.57,21570,10,卖盘
3032,13:42:45,21.58,17264,8,买盘
3033,13:42:48,21.58,21577,10,买盘
3034,13:42:51,21.58,2158,1,买盘
3035,13:42:54,21.57,6472,3,卖盘
3036,13:42:57,21.58,28044,13,买盘
3037,13:43:00,21.57,424994,197,卖盘
3038,13:43:03,21.57,220019,102,卖盘
3039,13:43:06,21.57,97068,45,卖盘
3040,13:43:09,21.58,172628,80,买盘
3041,13:43:12,21.57,148841,69,卖盘
3042,13:43:15,21.57,81966,38,买盘
3043,13:43:18,21.57,301980,140,买盘
3044,13:43:21,21.56,355884,165,卖盘
3045,13:43:24,21.56,75470,35,卖盘
3046,13:43:27,21.57,360109,167,买盘
3047,13:43:30,21.56,34518,16,卖盘
3048,13:43:36,21.56,23716,11,卖盘
3049,13:43:39,21.57,99186,46,买盘
3050,13:43:42,21.55,32335,15,卖盘
3051,13:43:45,21.55,8620,4,卖盘
3052,13:43:48,21.54,280146,130,卖盘
3053,13:43:51,21.54,56011,26,卖盘
3054,13:43:57,21.54,30156,14,卖盘
3055,13:44:00,21.54,241262,112,卖盘
3056,13:44:03,21.52,734349,341,卖盘
3057,13:44:06,21.52,101156,47,卖盘
3058,13:44:09,21.52,243197,113,卖盘
3059,13:44:12,21.52,43035,20,买盘
3060,13:44:15,21.5,1490350,693,卖盘
3061,13:44:18,21.5,496868,231,卖盘
3062,13:44:21,21.51,105426,49,卖盘
3063,13:44:24,21.5,83883,39,卖盘
3064,13:44:27,21.49,593307,276,卖盘
3065,13:44:30,21.51,107526,50,买盘
3066,13:44:33,21.5,169794,79,卖盘
3067,13:44:36,21.49,137598,64,卖盘
3068,13:44:39,21.49,83814,39,卖盘
3069,13:44:42,21.49,118248,55,卖盘
3070,13:44:45,21.49,150430,70,卖盘
3071,13:44:48,21.49,279379,130,卖盘
3072,13:44:51,21.5,373933,174,买盘
3073,13:44:54,21.49,180525,84,卖盘
3074,13:44:57,21.48,438226,204,卖盘
3075,13:45:00,21.49,92380,43,买盘
3076,13:45:03,21.49,68744,32,买盘
3077,13:45:06,21.48,107410,50,卖盘
3078,13:45:09,21.48,30075,14,卖盘
3079,13:45:12,21.48,105272,49,卖盘
3080,13:45:15,21.48,283549,132,卖盘
3081,13:45:18,21.48,182585,85,卖盘
3082,13:45:21,21.49,938678,437,买盘
3083,13:45:24,21.47,274951,128,卖盘
3084,13:45:27,21.48,23626,11,买盘
3085,13:45:30,21.48,171790,80,买盘
3086,13:45:33,21.47,96622,45,卖盘
3087,13:45:36,21.47,81605,38,卖盘
3088,13:45:39,21.48,70862,33,买盘
3089,13:45:42,21.47,416518,194,卖盘
3090,13:45:45,21.47,386467,180,卖盘
3091,13:45:48,21.47,324303,151,卖盘
3092,13:45:51,21.47,34357,16,卖盘
3093,13:45:54,21.47,283416,132,卖盘
3094,13:45:57,21.47,21470,10,卖盘
3095,13:46:00,21.47,42944,20,卖盘
3096,13:46:03,21.48,51550,24,买盘
3097,13:46:06,21.47,53675,25,卖盘
3098,13:46:09,21.47,483086,225,卖盘
3099,13:46:12,21.47,118099,55,卖盘
3100,13:46:15,21.47,60134,28,卖盘
3101,13:46:18,21.47,216883,101,卖盘
3102,13:46:21,21.47,77302,36,卖盘
3103,13:46:24,21.47,510987,238,卖盘
3104,13:46:27,21.47,1784157,831,买盘
3105,13:46:30,21.47,461659,215,卖盘
3106,13:46:33,21.49,423088,197,买盘
3107,13:46:36,21.47,188948,88,卖盘
3108,13:46:39,21.47,21472,10,卖盘
