,成交时间,成交价格,成交金额,成交量,性质
0,09:25:00,22.16,7297288,3293,卖盘
1,09:30:00,22.23,17844359,8043,买盘
2,09:30:03,22.35,4930814,2215,买盘
3,09:30:06,22.35,3376092,1511,买盘
4,09:30:09,22.38,1352894,605,中性盘
5,09:30:12,22.4,1603244,716,买盘
6,09:30:15,22.41,432581,193,买盘
7,09:30:18,22.42,726413,324,卖盘
8,09:30:21,22.4,1942269,867,卖盘
9,09:30:24,22.37,876568,392,卖盘
10,09:30:27,22.26,647532,291,中性盘
11,09:30:30,22.3,844134,379,买盘
12,09:30:33,22.28,443687,199,卖盘
13,09:30:36,22.28,432461,194,卖盘
14,09:30:39,22.28,864410,388,卖盘
15,09:30:42,22.31,579759,260,买盘
16,09:30:45,22.29,1002606,450,卖盘
17,09:30:48,22.29,474822,213,买盘
18,09:30:51,22.29,1651180,741,买盘
19,09:30:54,22.29,470264,211,卖盘
20,09:30:57,22.3,1666411,747,买盘
21,09:31:00,22.3,925814,415,卖盘
22,09:31:03,22.33,2444716,1096,买盘
23,09:31:06,22.29,1068212,479,卖盘
24,09:31:09,22.3,626447,281,买盘
25,09:31:12,22.31,885250,397,买盘
26,09:31:15,22.3,842170,378,中性盘
27,09:31:18,22.32,998942,448,买盘
28,09:31:21,22.3,571425,256,卖盘
29,09:31:24,22.3,410565,184,卖盘
30,09:31:27,22.3,339023,152,卖盘
31,09:31:30,22.3,430699,193,卖盘
32,09:31:33,22.3,912653,409,卖盘
33,09:31:36,22.3,874420,392,卖盘
34,09:31:39,22.34,749772,336,买盘
35,09:31:42,22.3,234394,105,卖盘
36,09:31:45,22.32,334810,150,中性盘
37,09:31:48,22.3,207619,93,卖盘
38,09:31:51,22.32,98170,44,买盘
39,09:31:54,22.32,120531,54,卖盘
40,09:31:57,22.33,214330,96,买盘
41,09:32:00,22.33,529201,237,卖盘
42,09:32:03,22.33,914143,409,买盘
43,09:32:06,22.34,484582,217,买盘
44,09:32:09,22.32,5019868,2250,卖盘
45,09:32:12,22.3,209846,94,中性盘
46,09:32:15,22.37,1909659,855,买盘
47,09:32:18,22.34,961172,430,卖盘
48,09:32:21,22.35,1055444,472,中性盘
49,09:32:24,22.37,243612,109,买盘
50,09:32:27,22.37,243653,109,卖盘
51,09:32:30,22.36,161030,72,卖盘
52,09:32:33,22.37,170009,76,买盘
53,09:32:36,22.37,335472,150,买盘
54,09:32:39,22.37,210276,94,买盘
55,09:32:42,22.37,315401,141,卖盘
56,09:32:45,22.36,478355,214,卖盘
57,09:32:48,22.36,158715,71,买盘
58,09:32:51,22.33,764089,342,卖盘
59,09:32:54,22.33,869586,389,卖盘
60,09:32:57,22.33,218854,98,卖盘
61,09:33:00,22.32,426344,191,卖盘
62,09:33:03,22.31,1725275,773,卖盘
63,09:33:06,22.32,649549,291,买盘
64,09:33:09,22.32,334713,150,卖盘
65,09:33:12,22.34,573940,257,买盘
66,09:33:15,22.33,366264,164,卖盘
67,09:33:18,22.35,205577,92,买盘
68,09:33:21,22.35,136300,61,买盘
69,09:33:24,22.34,837807,375,卖盘
70,09:33:27,22.35,458315,205,买盘
71,09:33:30,22.35,317258,142,卖盘
72,09:33:33,22.35,205639,92,卖盘
73,09:33:36,22.35,234733,105,卖盘
74,09:33:39,22.36,556440,249,中性盘
75,09:33:42,22.35,755783,338,卖盘
76,09:33:45,22.37,163317,73,买盘
77,09:33:48,22.38,369261,165,买盘
78,09:33:51,22.38,241805,108,买盘
79,09:33:54,22.4,60439,27,买盘
80,09:33:57,22.4,835408,373,买盘
81,09:34:00,22.4,490262,219,卖盘
82,09:34:03,22.39,649290,290,卖盘
83,09:34:06,22.36,1314392,588,卖盘
84,09:34:09,22.34,265869,119,卖盘
85,09:34:12,22.32,1645366,737,卖盘
86,09:34:15,22.32,1077791,483,卖盘
87,09:34:18,22.3,550820,247,卖盘
88,09:34:21,22.29,914243,410,卖盘
89,09:34:24,22.29,191763,86,卖盘
90,09:34:27,22.29,805174,361,卖盘
91,09:34:30,22.32,350061,157,买盘
92,09:34:33,22.31,1313613,589,中性盘
93,09:34:36,22.32,98206,44,买盘
94,09:34:39,22.31,118298,53,卖盘
95,09:34:42,22.31,1566773,703,卖盘
96,09:34:45,22.31,178475,80,买盘
97,09:34:48,22.32,310132,139,买盘
98,09:34:51,22.31,120520,54,卖盘
99,09:34:54,22.31,267794,120,卖盘
100,09:34:57,22.31,2703410,1212,卖盘
101,09:35:00,22.3,682710,306,中性盘
102,09:35:03,22.31,722658,324,买盘
103,09:35:06,22.31,412728,185,买盘
104,09:35:09,22.31,254272,114,卖盘
105,09:35:12,22.31,539974,242,买盘
106,09:35:15,22.3,2421789,1084,卖盘
107,09:35:18,22.36,69267,31,中性盘
108,09:35:21,22.33,203246,91,卖盘
109,09:35:24,22.34,122831,55,买盘
110,09:35:27,22.31,388393,174,卖盘
111,09:35:30,22.32,187474,84,买盘
112,09:35:33,22.3,2166837,971,卖盘
113,09:35:36,22.33,569152,255,卖盘
114,09:35:39,22.32,464349,208,卖盘
115,09:35:42,22.34,194311,87,买盘
116,09:35:45,22.32,145117,65,卖盘
117,09:35:48,22.33,334824,150,中性盘
118,09:35:51,22.33,120603,54,卖盘
119,09:35:54,22.33,53603,24,卖盘
120,09:35:57,22.34,578701,259,买盘
121,09:36:00,22.34,51382,23,卖盘
122,09:36:03,22.36,178931,80,买盘
123,09:36:06,22.36,225798,101,卖盘
124,09:36:09,22.35,116262,52,卖盘
125,09:36:12,22.35,147580,66,卖盘
126,09:36:15,22.35,324088,145,卖盘
127,09:36:18,22.35,426864,191,买盘
128,09:36:21,22.33,355238,159,卖盘
129,09:36:24,22.32,1674344,750,卖盘
130,09:36:27,22.32,473049,212,买盘
131,09:36:30,22.31,649313,291,卖盘
132,09:36:33,22.31,1394439,625,卖盘
133,09:36:36,22.32,528758,237,买盘
134,09:36:39,22.32,216509,97,卖盘
135,09:36:42,22.31,1113358,499,卖盘
136,09:36:45,22.31,169570,76,卖盘
137,09:36:48,22.3,151684,68,卖盘
138,09:36:51,22.31,901186,404,买盘
139,09:36:54,22.3,874225,392,卖盘
140,09:36:57,22.3,785134,352,卖盘
141,09:37:00,22.3,327853,147,卖盘
142,09:37:03,22.3,8170991,3665,卖盘
143,09:37:06,22.29,1585468,711,中性盘
144,09:37:09,22.29,421457,189,卖盘
145,09:37:12,22.29,711354,319,卖盘
146,09:37:15,22.29,1190996,534,卖盘
147,09:37:18,22.29,318739,143,卖盘
148,09:37:21,22.28,664136,298,卖盘
149,09:37:24,22.28,846531,380,卖盘
150,09:37:27,22.28,267429,120,卖盘
151,09:37:30,22.28,316363,142,买盘
152,09:37:33,22.27,383183,172,卖盘
153,09:37:36,22.27,866347,389,卖盘
154,09:37:39,22.26,342901,154,卖盘
155,09:37:42,22.28,1301024,584,买盘
156,09:37:45,22.31,1408720,632,买盘
157,09:37:48,22.32,142794,64,买盘
158,09:37:51,22.31,140555,63,卖盘
159,09:37:54,22.31,229831,103,卖盘
160,09:37:57,22.31,555574,249,卖盘
161,09:38:00,22.33,361508,162,买盘
162,09:38:03,22.33,20094,9,买盘
163,09:38:06,22.33,196501,88,买盘
164,09:38:09,22.32,227828,102,卖盘
165,09:38:12,22.32,216618,97,卖盘
166,09:38:15,22.33,145098,65,中性盘
167,09:38:18,22.33,359635,161,卖盘
168,09:38:21,22.33,62515,28,买盘
169,09:38:24,22.34,312713,140,买盘
170,09:38:27,22.32,937531,420,卖盘
171,09:38:30,22.31,165111,74,卖盘
172,09:38:33,22.31,359191,161,卖盘
173,09:38:36,22.32,191945,86,买盘
174,09:38:39,22.31,510912,229,卖盘
175,09:38:42,22.31,191877,86,买盘
176,09:38:45,22.29,2346262,1052,卖盘
177,09:38:48,22.3,381241,171,买盘
178,09:38:51,22.3,307615,138,买盘
179,09:38:54,22.29,412318,185,中性盘
180,09:38:57,22.31,630974,283,买盘
181,09:39:00,22.29,283091,127,卖盘
182,09:39:03,22.28,5008822,2250,卖盘
183,09:39:06,22.28,202572,91,买盘
184,09:39:09,22.27,492337,221,中性盘
185,09:39:12,22.27,151458,68,卖盘
186,09:39:15,22.29,561658,252,买盘
187,09:39:18,22.29,314380,141,卖盘
188,09:39:21,22.3,167223,75,中性盘
189,09:39:24,22.29,338831,152,卖盘
190,09:39:27,22.29,1740337,781,卖盘
191,09:39:30,22.31,1092976,490,买盘
192,09:39:33,22.3,481780,216,卖盘
193,09:39:36,22.3,115965,52,卖盘
194,09:39:39,22.3,298832,134,卖盘
195,09:39:42,22.31,220875,99,买盘
196,09:39:45,22.31,100399,45,卖盘
197,09:39:48,22.3,178442,80,卖盘
198,09:39:51,22.3,42386,19,卖盘
199,09:39:54,22.3,1228934,551,卖盘
200,09:39:57,22.3,341273,153,买盘
201,09:40:00,22.31,149429,67,买盘
202,09:40:03,22.3,704608,316,卖盘
203,09:40:06,22.29,410223,184,卖盘
204,09:40:09,22.29,189539,85,卖盘
205,09:40:12,22.29,258559,116,卖盘
206,09:40:15,22.29,98083,44,卖盘
207,09:40:18,22.28,595055,267,卖盘
208,09:40:21,22.28,271886,122,卖盘
209,09:40:24,22.28,619344,278,卖盘
210,09:40:27,22.25,3582249,1609,卖盘
211,09:40:30,22.27,244982,110,买盘
212,09:40:33,22.27,447765,201,卖盘
213,09:40:36,22.27,151443,68,卖盘
214,09:40:39,22.27,483254,217,卖盘
215,09:40:42,22.27,1258025,565,卖盘
216,09:40:45,22.27,231580,104,卖盘
217,09:40:48,22.27,694594,312,买盘
218,09:40:51,22.27,166997,75,买盘
219,09:40:54,22.26,416329,187,卖盘
220,09:40:57,22.24,2249216,1011,卖盘
221,09:41:00,22.25,1863274,837,买盘
222,09:41:03,22.26,220252,99,买盘
223,09:41:06,22.23,882834,397,卖盘
224,09:41:09,22.24,149062,67,卖盘
225,09:41:12,22.24,500366,225,卖盘
226,09:41:15,22.25,306917,138,买盘
227,09:41:18,22.25,418202,188,买盘
228,09:41:21,22.24,153487,69,卖盘
229,09:41:24,22.24,173483,78,卖盘
230,09:41:27,22.24,213511,96,卖盘
231,09:41:30,22.25,498301,224,买盘
232,09:41:33,22.26,33374,15,买盘
233,09:41:36,22.25,333840,150,卖盘
234,09:41:39,22.24,349380,157,卖盘
235,09:41:42,22.25,113475,51,卖盘
236,09:41:45,22.26,542964,244,买盘
237,09:41:48,22.26,302721,136,卖盘
238,09:41:51,22.27,86827,39,买盘
239,09:41:54,22.27,86853,39,卖盘
240,09:41:57,22.28,42332,19,买盘
241,09:42:00,22.32,2306954,1034,买盘
242,09:42:03,22.3,441823,198,卖盘
243,09:42:06,22.3,236351,106,卖盘
244,09:42:09,22.29,274160,123,卖盘
245,09:42:12,22.28,390025,175,卖盘
246,09:42:15,22.28,147044,66,卖盘
247,09:42:18,22.28,423331,190,卖盘
248,09:42:21,22.26,356311,160,卖盘
249,09:42:24,22.26,220451,99,卖盘
250,09:42:27,22.26,93480,42,卖盘
251,09:42:30,22.26,505294,227,卖盘
252,09:42:33,22.26,140213,63,买盘
253,09:42:36,22.25,420647,189,卖盘
254,09:42:39,22.25,5133195,2308,卖盘
255,09:42:42,22.22,1193847,537,卖盘
256,09:42:45,22.22,439999,198,卖盘
257,09:42:48,22.22,2093744,942,卖盘
258,09:42:51,22.22,2573353,1158,卖盘
259,09:42:54,22.22,2055183,925,卖盘
260,09:42:57,22.22,1219766,549,买盘
261,09:43:00,22.22,822229,370,买盘
262,09:43:03,22.24,542352,244,买盘
263,09:43:06,22.23,251094,113,卖盘
264,09:43:09,22.23,142239,64,卖盘
265,09:43:12,22.26,3112278,1399,买盘
266,09:43:15,22.25,393889,177,卖盘
267,09:43:18,22.26,166856,75,买盘
268,09:43:21,22.23,4298802,1935,卖盘
269,09:43:24,22.22,1063588,479,中性盘
270,09:43:27,22.21,575097,259,卖盘
271,09:43:30,22.2,1427866,643,卖盘
272,09:43:33,22.21,657225,296,买盘
273,09:43:36,22.21,785941,354,买盘
274,09:43:39,22.2,679316,306,卖盘
275,09:43:42,22.19,193053,87,卖盘
276,09:43:45,22.2,834670,376,买盘
277,09:43:48,22.19,872477,393,卖盘
278,09:43:51,22.2,352844,159,中性盘
279,09:43:54,22.19,994118,448,卖盘
280,09:43:57,22.21,863304,389,买盘
281,09:44:00,22.23,122201,55,买盘
282,09:44:03,22.23,426308,192,买盘
283,09:44:06,22.23,308662,139,买盘
284,09:44:09,22.21,42211,19,卖盘
285,09:44:12,22.21,68881,31,卖盘
286,09:44:15,22.21,355544,160,卖盘
287,09:44:18,22.19,815017,367,卖盘
288,09:44:21,22.19,417325,188,卖盘
289,09:44:24,22.19,95425,43,卖盘
290,09:44:27,22.18,931981,420,卖盘
291,09:44:30,22.18,525843,237,卖盘
292,09:44:33,22.18,681054,307,卖盘
293,09:44:36,22.19,306114,138,买盘
294,09:44:39,22.18,1907482,860,卖盘
295,09:44:42,22.18,583358,263,卖盘
296,09:44:45,22.18,4893194,2207,买盘
297,09:44:48,22.18,519100,234,卖盘
298,09:44:51,22.21,879322,396,买盘
299,09:44:54,22.21,408687,184,卖盘
300,09:44:57,22.21,99982,45,卖盘
301,09:45:00,22.22,250999,113,中性盘
302,09:45:03,22.21,508575,229,中性盘
303,09:45:06,22.21,137667,62,买盘
304,09:45:09,22.2,62167,28,卖盘
305,09:45:12,22.21,310926,140,买盘
306,09:45:15,22.2,415140,187,卖盘
307,09:45:18,22.21,384090,173,买盘
308,09:45:21,22.2,146535,66,买盘
309,09:45:24,22.19,346327,156,卖盘
310,09:45:27,22.2,166500,75,买盘
311,09:45:30,22.21,170942,77,买盘
312,09:45:33,22.21,71066,32,买盘
313,09:45:36,22.21,113262,51,买盘
314,09:45:39,22.21,326527,147,买盘
315,09:45:42,22.21,175451,79,卖盘
316,09:45:45,22.21,168781,76,卖盘
317,09:45:48,22.23,577613,260,买盘
318,09:45:51,22.21,344269,155,卖盘
319,09:45:54,22.21,610775,275,卖盘
320,09:45:57,22.21,2776420,1250,买盘
321,09:46:00,22.23,77777,35,买盘
322,09:46:03,22.25,1009375,454,买盘
323,09:46:06,22.25,215730,97,买盘
324,09:46:09,22.25,44494,20,买盘
325,09:46:12,22.25,222455,100,买盘
326,09:46:15,22.24,395904,178,卖盘
327,09:46:18,22.24,384601,173,买盘
328,09:46:21,22.23,535814,241,卖盘
329,09:46:24,22.21,902534,406,卖盘
330,09:46:27,22.21,79994,36,卖盘
331,09:46:30,22.21,95518,43,卖盘
332,09:46:33,22.22,117771,53,买盘
333,09:46:36,22.21,217691,98,卖盘
334,09:46:39,22.22,370998,167,买盘
335,09:46:42,22.21,217683,98,卖盘
336,09:46:45,22.21,304307,137,卖盘
337,09:46:48,22.21,64406,29,买盘
338,09:46:51,22.2,406426,183,卖盘
339,09:46:54,22.2,943665,425,卖盘
340,09:46:57,22.19,2756756,1242,卖盘
341,09:47:00,22.18,106537,48,卖盘
342,09:47:03,22.18,139787,63,卖盘
343,09:47:06,22.18,483534,218,卖盘
344,09:47:09,22.18,197427,89,卖盘
345,09:47:12,22.18,696588,314,卖盘
346,09:47:15,22.18,126457,57,卖盘
347,09:47:18,22.18,117576,53,卖盘
348,09:47:21,22.18,696452,314,卖盘
349,09:47:24,22.18,226268,102,卖盘
350,09:47:27,22.18,37695,17,买盘
351,09:47:30,22.18,341461,154,买盘
352,09:47:33,22.18,8869,4,买盘
353,09:47:36,22.18,709738,320,买盘
354,09:47:39,22.18,110906,50,卖盘
355,09:47:42,22.18,255081,115,卖盘
356,09:47:45,22.2,308362,139,买盘
357,09:47:48,22.2,527904,238,买盘
358,09:47:51,22.18,159736,72,卖盘
359,09:47:54,22.2,148721,67,买盘
360,09:47:57,22.19,552321,249,中性盘
361,09:48:00,22.18,210797,95,卖盘
362,09:48:03,22.19,144183,65,中性盘
363,09:48:06,22.18,295065,133,卖盘
364,09:48:09,22.19,166361,75,买盘
365,09:48:12,22.18,454690,205,卖盘
366,09:48:15,22.17,539095,243,卖盘
367,09:48:18,22.18,128675,58,买盘
368,09:48:21,22.18,425715,192,卖盘
369,09:48:24,22.2,48807,22,买盘
370,09:48:27,22.2,108720,49,买盘
371,09:48:30,22.18,193054,87,卖盘
372,09:48:33,22.19,68766,31,中性盘
373,09:48:36,22.18,64337,29,卖盘
374,09:48:39,22.19,55470,25,买盘
375,09:48:42,22.19,474812,214,买盘
376,09:48:45,22.19,93198,42,买盘
377,09:48:48,22.19,119826,54,卖盘
378,09:48:51,22.2,115389,52,买盘
379,09:48:54,22.19,99870,45,卖盘
380,09:48:57,22.2,184214,83,买盘
381,09:49:00,22.19,339626,153,卖盘
382,09:49:03,22.2,137591,62,中性盘
383,09:49:06,22.19,57715,26,卖盘
384,09:49:09,22.19,186408,84,卖盘
385,09:49:12,22.19,90992,41,卖盘
386,09:49:15,22.2,102081,46,买盘
387,09:49:18,22.19,423851,191,卖盘
388,09:49:21,22.19,1583924,714,卖盘
389,09:49:24,22.18,177463,80,卖盘
390,09:49:27,22.18,46578,21,卖盘
391,09:49:30,22.18,290568,131,卖盘
392,09:49:33,22.18,148646,67,卖盘
393,09:49:36,22.19,627765,283,买盘
394,09:49:39,22.18,341572,154,卖盘
395,09:49:42,22.18,354900,160,卖盘
396,09:49:45,22.18,66539,30,买盘
397,09:49:48,22.18,59878,27,买盘
398,09:49:51,22.17,166311,75,卖盘
399,09:49:54,22.17,330333,149,卖盘
400,09:49:57,22.17,707359,319,卖盘
401,09:50:00,22.17,1199397,541,卖盘
402,09:50:03,22.17,405692,183,买盘
403,09:50:06,22.16,212756,96,卖盘
404,09:50:09,22.18,629480,284,买盘
405,09:50:12,22.17,248354,112,卖盘
406,09:50:15,22.18,28831,13,买盘
407,09:50:18,22.18,201837,91,买盘
408,09:50:21,22.18,28832,13,买盘
409,09:50:24,22.17,591989,267,卖盘
410,09:50:27,22.17,230603,104,卖盘
411,09:50:30,22.16,152954,69,卖盘
412,09:50:33,22.16,226111,102,卖盘
413,09:50:36,22.17,86456,39,中性盘
414,09:50:39,22.17,106416,48,卖盘
415,09:50:42,22.16,64289,29,卖盘
416,09:50:45,22.15,3895269,1758,卖盘
417,09:50:48,22.16,675928,305,买盘
418,09:50:51,22.16,250399,113,卖盘
419,09:50:54,22.15,704434,318,卖盘
420,09:50:57,22.15,314659,142,卖盘
421,09:51:00,22.16,1346788,608,买盘
422,09:51:03,22.15,786325,355,卖盘
423,09:51:06,22.15,456418,206,卖盘
424,09:51:09,22.15,68666,31,卖盘
425,09:51:12,22.15,347759,157,卖盘
426,09:51:15,22.14,93025,42,卖盘
427,09:51:18,22.15,159468,72,买盘
428,09:51:21,22.14,469369,212,卖盘
429,09:51:24,22.13,358652,162,卖盘
430,09:51:27,22.14,121780,55,中性盘
431,09:51:30,22.14,1124378,508,卖盘
432,09:51:33,22.13,318753,144,卖盘
433,09:51:36,22.15,856941,387,买盘
434,09:51:39,22.15,826154,373,买盘
435,09:51:42,22.15,330090,149,卖盘
436,09:51:45,22.15,268032,121,卖盘
437,09:51:48,22.15,84183,38,卖盘
438,09:51:51,22.15,330107,149,卖盘
439,09:51:54,22.16,511709,231,中性盘
440,09:51:57,22.15,126284,57,卖盘
441,09:52:00,22.15,392060,177,卖盘
442,09:52:03,22.15,104091,47,买盘
443,09:52:06,22.15,146141,66,买盘
444,09:52:09,22.16,1832882,828,买盘
445,09:52:12,22.16,228298,103,卖盘
446,09:52:15,22.15,50968,23,卖盘
447,09:52:18,22.18,1890796,852,买盘
448,09:52:21,22.17,807893,364,卖盘
449,09:52:24,22.18,70982,32,中性盘
450,09:52:27,22.19,90940,41,买盘
451,09:52:30,22.18,33273,15,卖盘
452,09:52:33,22.18,483442,218,卖盘
453,09:52:36,22.16,57646,26,卖盘
454,09:52:39,22.16,274792,124,卖盘
455,09:52:42,22.15,1527860,690,卖盘
456,09:52:45,22.14,39865,18,中性盘
457,09:52:48,22.15,447109,202,买盘
458,09:52:51,22.14,42057,19,买盘
459,09:52:54,22.15,861635,389,买盘
460,09:52:57,22.14,883425,399,卖盘
461,09:53:00,22.16,383172,173,买盘
462,09:53:03,22.16,57616,26,卖盘
463,09:53:06,22.16,511984,231,卖盘
464,09:53:09,22.16,44320,20,卖盘
465,09:53:12,22.16,88630,40,卖盘
466,09:53:15,22.13,609059,275,卖盘
467,09:53:18,22.15,148391,67,买盘
468,09:53:21,22.12,1781317,805,卖盘
469,09:53:24,22.12,845277,382,卖盘
470,09:53:27,22.11,1077271,487,卖盘
471,09:53:30,22.11,497627,225,卖盘
472,09:53:33,22.12,519644,235,中性盘
473,09:53:36,22.1,475365,215,卖盘
474,09:53:39,22.1,508469,230,卖盘
475,09:53:42,22.12,97305,44,买盘
476,09:53:45,22.13,46435,21,买盘
477,09:53:48,22.12,314176,142,中性盘
478,09:53:51,22.12,418069,189,卖盘
479,09:53:54,22.13,252281,114,中性盘
480,09:53:57,22.11,358423,162,卖盘
481,09:54:00,22.11,110580,50,卖盘
482,09:54:03,22.14,444683,201,买盘
483,09:54:06,22.13,201337,91,卖盘
484,09:54:09,22.12,347343,157,卖盘
485,09:54:12,22.14,108467,49,买盘
486,09:54:15,22.14,28779,13,卖盘
487,09:54:18,22.16,623764,282,买盘
488,09:54:21,22.15,114126,52,卖盘
489,09:54:24,22.16,117422,53,买盘
490,09:54:27,22.15,323500,146,买盘
491,09:54:30,22.17,4432,2,买盘
492,09:54:33,22.17,70932,32,买盘
493,09:54:36,22.17,157351,71,买盘
494,09:54:39,22.17,243870,110,卖盘
495,09:54:42,22.15,68718,31,卖盘
496,09:54:45,22.15,13293,6,卖盘
497,09:54:48,22.15,166126,75,卖盘
498,09:54:51,22.15,323503,146,卖盘
499,09:54:54,22.15,181639,82,卖盘
500,09:54:57,22.15,722110,326,卖盘
501,09:55:00,22.14,126256,57,卖盘
502,09:55:03,22.13,338699,153,卖盘
503,09:55:06,22.13,287793,130,卖盘
504,09:55:09,22.13,1121913,507,卖盘
505,09:55:12,22.13,298786,135,卖盘
506,09:55:15,22.13,179253,81,卖盘
507,09:55:18,22.13,436003,197,卖盘
508,09:55:21,22.13,770166,348,卖盘
509,09:55:24,22.13,77456,35,卖盘
510,09:55:27,22.13,123907,56,买盘
511,09:55:30,22.11,780844,353,卖盘
512,09:55:33,22.11,192414,87,卖盘
513,09:55:36,22.11,119414,54,卖盘
514,09:55:39,22.11,685519,310,卖盘
515,09:55:42,22.11,917568,415,卖盘
516,09:55:45,22.1,1841002,833,卖盘
517,09:55:48,22.1,384540,174,卖盘
518,09:55:51,22.11,798061,361,买盘
519,09:55:54,22.1,514976,233,卖盘
520,09:55:57,22.1,388950,176,卖盘
521,09:56:00,22.1,543597,246,买盘
522,09:56:03,22.09,291588,132,卖盘
523,09:56:06,22.09,594283,269,卖盘
524,09:56:09,22.1,393253,178,买盘
525,09:56:12,22.09,1623743,735,卖盘
526,09:56:15,22.12,1089796,493,买盘
527,09:56:18,22.11,88457,40,卖盘
528,09:56:21,22.12,172555,78,中性盘
529,09:56:24,22.12,61914,28,买盘
530,09:56:27,22.11,477696,216,卖盘
531,09:56:30,22.13,729932,330,买盘
532,09:56:33,22.11,154820,70,卖盘
533,09:56:36,22.11,252107,114,买盘
534,09:56:39,22.11,159142,72,买盘
535,09:56:42,22.11,68541,31,买盘
536,09:56:45,22.1,685117,310,卖盘
537,09:56:48,22.09,99444,45,卖盘
538,09:56:51,22.1,304880,138,买盘
539,09:56:54,22.1,72927,33,买盘
540,09:56:57,22.08,1384935,627,卖盘
541,09:57:00,22.09,523500,237,中性盘
542,09:57:03,22.09,106007,48,卖盘
543,09:57:06,22.08,631617,286,卖盘
544,09:57:09,22.08,72872,33,卖盘
545,09:57:12,22.08,220810,100,卖盘
546,09:57:15,22.08,161200,73,卖盘
547,09:57:18,22.08,847886,384,卖盘
548,09:57:21,22.07,200937,91,卖盘
549,09:57:24,22.08,1106185,501,买盘
550,09:57:27,22.08,284841,129,卖盘
551,09:57:30,22.09,335675,152,买盘
552,09:57:33,22.08,596137,270,卖盘
553,09:57:36,22.07,276010,125,卖盘
554,09:57:39,22.08,3190073,1445,买盘
555,09:57:42,22.08,326851,148,卖盘
556,09:57:45,22.08,485740,220,卖盘
557,09:57:48,22.07,487943,221,卖盘
558,09:57:51,22.08,874674,396,买盘
559,09:57:54,22.08,459393,208,卖盘
560,09:57:57,22.09,66273,30,卖盘
561,09:58:00,22.08,57422,26,卖盘
562,09:58:03,22.09,163408,74,中性盘
563,09:58:06,22.09,167846,76,买盘
564,09:58:09,22.08,203151,92,卖盘
565,09:58:12,22.08,216399,98,卖盘
566,09:58:15,22.08,675496,306,买盘
567,09:58:18,22.07,169958,77,卖盘
568,09:58:21,22.07,355443,161,卖盘
569,09:58:24,22.08,165548,75,买盘
570,09:58:27,22.08,119201,54,买盘
571,09:58:30,22.07,141267,64,卖盘
572,09:58:33,22.07,750378,340,卖盘
573,09:58:36,22.06,443604,201,卖盘
574,09:58:39,22.06,476697,216,卖盘
575,09:58:42,22.06,311147,141,卖盘
576,09:58:45,22.06,394875,179,卖盘
577,09:58:48,22.06,480970,218,卖盘
578,09:58:51,22.06,705945,320,卖盘
579,09:58:54,22.06,1891176,857,卖盘
580,09:58:57,22.06,467768,212,卖盘
581,09:59:00,22.07,635640,288,卖盘
582,09:59:03,22.07,300088,136,卖盘
583,09:59:06,22.06,441273,200,卖盘
584,09:59:09,22.07,1131839,513,买盘
585,09:59:12,22.06,218507,99,卖盘
586,09:59:15,22.06,185333,84,卖盘
587,09:59:18,22.06,269164,122,卖盘
588,09:59:21,22.06,575766,261,卖盘
589,09:59:24,22.06,52944,24,买盘
590,09:59:27,22.06,108076,49,买盘
591,09:59:30,22.05,258027,117,卖盘
592,09:59:33,22.05,738701,335,卖盘
593,09:59:36,22.05,1700216,771,卖盘
594,09:59:39,22.05,447673,203,卖盘
595,09:59:42,22.05,160957,73,买盘
596,09:59:45,22.04,308650,140,卖盘
597,09:59:48,22.04,837557,380,卖盘
598,09:59:51,22.05,1133324,514,买盘
599,09:59:54,22.05,293398,133,卖盘
600,09:59:57,22.05,52935,24,卖盘
601,10:00:00,22.05,445439,202,卖盘
602,10:00:03,22.05,1523694,691,卖盘
603,10:00:06,22.06,621797,282,买盘
604,10:00:09,22.07,48537,22,买盘
605,10:00:12,22.06,423627,192,卖盘
606,10:00:15,22.05,222788,101,卖盘
607,10:00:18,22.06,216183,98,买盘
608,10:00:21,22.06,262499,119,卖盘
609,10:00:24,22.05,679138,308,卖盘
610,10:00:27,22.04,213885,97,卖盘
611,10:00:30,22.04,249151,113,卖盘
612,10:00:33,22.04,147672,67,卖盘
613,10:00:36,22.04,83777,38,卖盘
614,10:00:39,22.05,597536,271,买盘
615,10:00:42,22.04,1280456,581,卖盘
616,10:00:45,22.03,90353,41,卖盘
617,10:00:48,22.04,275483,125,买盘
618,10:00:51,22.04,975954,443,买盘
619,10:00:54,22.03,504539,229,卖盘
620,10:00:57,22.03,405410,184,卖盘
621,10:01:00,22.04,1077555,489,买盘
622,10:01:03,22.03,553018,251,卖盘
623,10:01:06,22.03,387764,176,卖盘
624,10:01:09,22.03,154230,70,卖盘
625,10:01:12,22.03,762255,346,卖盘
626,10:01:15,22.02,244527,111,卖盘
627,10:01:18,22.02,270923,123,卖盘
628,10:01:21,22.02,3245440,1474,卖盘
629,10:01:24,22.01,1168791,531,卖盘
630,10:01:27,22.02,1074610,488,买盘
631,10:01:30,22.02,189359,86,买盘
632,10:01:33,22.01,680142,309,卖盘
633,10:01:36,22.01,319217,145,卖盘
634,10:01:39,22.02,1716825,780,买盘
635,10:01:42,22.03,400683,182,买盘
636,10:01:45,22.01,24214,11,卖盘
637,10:01:48,22.02,145327,66,买盘
638,10:01:51,22.02,552492,251,买盘
639,10:01:54,22.01,387440,176,中性盘
640,10:01:57,22.01,244360,111,卖盘
641,10:02:00,22.02,123268,56,买盘
642,10:02:03,22.01,121073,55,卖盘
643,10:02:06,22.01,622929,283,卖盘
644,10:02:09,22.02,638575,290,买盘
645,10:02:12,22.03,477993,217,买盘
646,10:02:15,22.04,303940,138,买盘
647,10:02:18,22.02,209251,95,卖盘
648,10:02:21,22.02,44050,20,卖盘
649,10:02:24,22.03,99108,45,中性盘
650,10:02:27,22.03,136617,62,卖盘
651,10:02:30,22.04,464956,211,买盘
652,10:02:33,22.03,271062,123,卖盘
653,10:02:36,22.02,682714,310,卖盘
654,10:02:39,22.03,200436,91,买盘
655,10:02:42,22.02,1004188,456,卖盘
656,10:02:45,22.02,2043119,928,卖盘
657,10:02:48,22.03,323793,147,买盘
658,10:02:51,22.03,92525,42,卖盘
659,10:02:54,22.04,74904,34,买盘
660,10:02:57,22.03,211520,96,卖盘
661,10:03:00,22.03,414145,188,中性盘
662,10:03:03,22.02,715910,325,卖盘
663,10:03:06,22.03,784276,356,买盘
664,10:03:09,22.03,343637,156,卖盘
665,10:03:12,22.04,125579,57,买盘
666,10:03:15,22.03,579494,263,卖盘
667,10:03:18,22.04,103552,47,买盘
668,10:03:21,22.04,409940,186,买盘
669,10:03:24,22.05,275600,125,买盘
670,10:03:27,22.04,70538,32,卖盘
671,10:03:30,22.05,130074,59,买盘
672,10:03:33,22.04,101408,46,卖盘
673,10:03:36,22.05,72758,33,买盘
674,10:03:39,22.04,207236,94,卖盘
675,10:03:42,22.04,57317,26,卖盘
676,10:03:45,22.04,127857,58,卖盘
677,10:03:48,22.04,198424,90,卖盘
678,10:03:51,22.05,178564,81,买盘
679,10:03:54,22.07,802866,364,买盘
680,10:03:57,22.07,46328,21,买盘
681,10:04:00,22.06,141207,64,卖盘
682,10:04:03,22.05,3700618,1678,卖盘
683,10:04:06,22.05,273560,124,买盘
684,10:04:09,22.05,55127,25,中性盘
685,10:04:12,22.05,50726,23,卖盘
686,10:04:15,22.05,77190,35,卖盘
687,10:04:18,22.06,125720,57,买盘
688,10:04:21,22.06,125762,57,卖盘
689,10:04:24,22.07,187595,85,买盘
690,10:04:27,22.07,86089,39,卖盘
691,10:04:30,22.07,70650,32,卖盘
692,10:04:33,22.08,119213,54,买盘
693,10:04:36,22.07,70644,32,卖盘
694,10:04:39,22.08,997896,452,买盘
695,10:04:42,22.08,185386,84,买盘
696,10:04:45,22.07,163369,74,买盘
697,10:04:48,22.07,105929,48,买盘
698,10:04:51,22.07,134618,61,买盘
699,10:04:54,22.07,55164,25,买盘
700,10:04:57,22.07,203014,92,买盘
701,10:05:00,22.07,112550,51,买盘
702,10:05:03,22.06,445805,202,卖盘
703,10:05:06,22.06,86067,39,卖盘
704,10:05:09,22.05,2902649,1316,卖盘
705,10:05:12,22.04,246962,112,卖盘
706,10:05:15,22.05,438611,199,买盘
707,10:05:18,22.05,749386,340,买盘
708,10:05:21,22.04,143285,65,卖盘
709,10:05:24,22.03,751594,341,卖盘
710,10:05:27,22.03,116787,53,卖盘
711,10:05:30,22.05,55092,25,买盘
712,10:05:33,22.03,189519,86,卖盘
713,10:05:36,22.03,815108,370,卖盘
714,10:05:39,22.03,508736,231,买盘
715,10:05:42,22.03,328253,149,买盘
716,10:05:45,22.03,431780,196,卖盘
717,10:05:48,22.04,702877,319,买盘
718,10:05:51,22.04,1297952,589,买盘
719,10:05:54,22.02,151968,69,卖盘
720,10:05:57,22.03,105721,48,买盘
721,10:06:00,22.03,149804,68,买盘
722,10:06:03,22.03,334931,152,卖盘
723,10:06:06,22.06,716788,325,买盘
724,10:06:09,22.05,343932,156,卖盘
725,10:06:12,22.04,284320,129,卖盘
726,10:06:15,22.03,134406,61,卖盘
727,10:06:18,22.03,39654,18,卖盘
728,10:06:21,22.03,132227,60,卖盘
729,10:06:24,22.03,354720,161,卖盘
730,10:06:27,22.04,475976,216,买盘
731,10:06:30,22.04,101343,46,买盘
732,10:06:33,22.04,57283,26,买盘
733,10:06:36,22.03,709381,322,卖盘
734,10:06:39,22.02,182844,83,卖盘
735,10:06:42,22.02,2202,1,卖盘
736,10:06:45,22.02,196051,89,卖盘
737,10:06:48,22.03,330321,150,买盘
738,10:06:51,22.02,284152,129,卖盘
739,10:06:54,22.02,94725,43,卖盘
740,10:06:57,22.03,321656,146,买盘
741,10:07:00,22.03,8812,4,卖盘
742,10:07:03,22.03,19827,9,卖盘
743,10:07:06,22.04,72731,33,买盘
744,10:07:09,22.04,352640,160,买盘
745,10:07:12,22.05,284381,129,买盘
746,10:07:15,22.05,147695,67,买盘
747,10:07:18,22.06,39708,18,买盘
748,10:07:21,22.05,121275,55,卖盘
749,10:07:24,22.05,101459,46,卖盘
750,10:07:27,22.06,231621,105,买盘
751,10:07:30,22.06,97052,44,卖盘
752,10:07:33,22.06,556125,252,卖盘
753,10:07:36,22.07,33099,15,中性盘
754,10:07:39,22.08,8832,4,买盘
755,10:07:42,22.08,192040,87,买盘
756,10:07:45,22.06,150075,68,卖盘
757,10:07:48,22.08,48572,22,买盘
758,10:07:51,22.08,19866,9,买盘
759,10:07:54,22.08,88312,40,买盘
760,10:07:57,22.07,41943,19,卖盘
761,10:08:00,22.08,103749,47,买盘
762,10:08:03,22.08,216379,98,买盘
763,10:08:06,22.07,746208,338,卖盘
764,10:08:09,22.06,209620,95,卖盘
765,10:08:12,22.08,468056,212,买盘
766,10:08:15,22.07,242689,110,买盘
767,10:08:18,22.07,19863,9,卖盘
768,10:08:24,22.08,269376,122,买盘
769,10:08:27,22.09,181066,82,买盘
770,10:08:30,22.08,37547,17,卖盘
771,10:08:33,22.1,3254922,1473,买盘
772,10:08:36,22.09,106076,48,卖盘
773,10:08:39,22.09,453113,205,卖盘
774,10:08:42,22.1,119390,54,中性盘
775,10:08:45,22.11,22109,10,买盘
776,10:08:48,22.11,112747,51,买盘
777,10:08:51,22.11,92855,42,买盘
778,10:08:54,22.1,39788,18,中性盘
779,10:08:57,22.1,114926,52,买盘
780,10:09:00,22.1,450893,204,买盘
781,10:09:03,22.1,72928,33,买盘
782,10:09:06,22.1,214318,97,中性盘
783,10:09:09,22.1,258565,117,买盘
784,10:09:12,22.1,521533,236,买盘
785,10:09:15,22.1,464139,210,买盘
786,10:09:18,22.1,22100,10,卖盘
787,10:09:21,22.11,148127,67,买盘
788,10:09:24,22.11,90612,41,买盘
789,10:09:27,22.11,66326,30,买盘
790,10:09:30,22.1,137029,62,卖盘
791,10:09:33,22.1,59684,27,卖盘
792,10:09:36,22.11,26532,12,买盘
793,10:09:39,22.1,8842,4,卖盘
794,10:09:42,22.1,979056,443,卖盘
795,10:09:45,22.1,296137,134,买盘
796,10:09:48,22.1,4420,2,卖盘
797,10:09:51,22.11,37586,17,买盘
798,10:09:54,22.1,251940,114,卖盘
799,10:09:57,22.11,216615,98,买盘
800,10:10:00,22.09,479394,217,卖盘
801,10:10:03,22.1,141427,64,买盘
802,10:10:06,22.1,313797,142,买盘
803,10:10:09,22.1,141429,64,买盘
804,10:10:12,22.09,26515,12,卖盘
805,10:10:15,22.1,112710,51,买盘
806,10:10:18,22.11,477295,216,买盘
807,10:10:21,22.09,17681,8,卖盘
808,10:10:24,22.1,46410,21,买盘
809,10:10:27,22.1,37568,17,买盘
810,10:10:30,22.1,68507,31,买盘
811,10:10:33,22.1,68508,31,买盘
812,10:10:36,22.1,176800,80,买盘
813,10:10:39,22.1,64090,29,卖盘
814,10:10:42,22.1,57460,26,卖盘
815,10:10:45,22.1,39780,18,卖盘
816,10:10:48,22.1,95038,43,卖盘
817,10:10:51,22.1,81790,37,卖盘
818,10:10:54,22.1,50823,23,卖盘
819,10:10:57,22.1,152478,69,买盘
820,10:11:00,22.09,53038,24,卖盘
821,10:11:03,22.1,205530,93,买盘
822,10:11:06,22.1,41990,19,卖盘
823,10:11:09,22.1,95030,43,卖盘
824,10:11:12,22.1,55247,25,卖盘
825,10:11:15,22.11,22101,10,买盘
826,10:11:18,22.13,2811509,1271,买盘
827,10:11:21,22.13,64145,29,买盘
828,10:11:24,22.12,35376,16,中性盘
829,10:11:27,22.11,161430,73,中性盘
830,10:11:30,22.1,126041,57,卖盘
831,10:11:33,22.12,86227,39,买盘
832,10:11:36,22.11,81809,37,中性盘
833,10:11:39,22.12,61927,28,买盘
834,10:11:42,22.11,64134,29,中性盘
835,10:11:45,22.1,44219,20,卖盘
836,10:11:48,22.11,15475,7,买盘
837,10:11:51,22.11,223225,101,买盘
838,10:11:54,22.1,70759,32,卖盘
839,10:11:57,22.11,48631,22,买盘
840,10:12:00,22.07,3256171,1474,卖盘
841,10:12:03,22.07,79479,36,卖盘
842,10:12:06,22.08,97141,44,买盘
843,10:12:09,22.07,192010,87,卖盘
844,10:12:12,22.07,216291,98,卖盘
845,10:12:15,22.07,13242,6,卖盘
846,10:12:18,22.06,128005,58,卖盘
847,10:12:21,22.07,90480,41,买盘
848,10:12:24,22.06,167667,76,卖盘
849,10:12:27,22.06,200777,91,卖盘
850,10:12:30,22.07,30893,14,买盘
851,10:12:33,22.06,39708,18,卖盘
852,10:12:36,22.06,2133335,967,卖盘
853,10:12:39,22.06,83840,38,买盘
854,10:12:42,22.06,17648,8,卖盘
855,10:12:45,22.06,48532,22,卖盘
856,10:12:48,22.06,273571,124,卖盘
857,10:12:51,22.06,66183,30,中性盘
858,10:12:54,22.06,15441,7,买盘
859,10:12:57,22.05,114671,52,卖盘
860,10:13:00,22.07,116962,53,买盘
861,10:13:03,22.08,77251,35,买盘
862,10:13:06,22.07,59599,27,卖盘
863,10:13:09,22.08,13248,6,买盘
864,10:13:12,22.09,77303,35,买盘
865,10:13:15,22.09,17665,8,中性盘
866,10:13:18,22.09,88362,40,卖盘
867,10:13:21,22.1,17679,8,买盘
868,10:13:24,22.1,41981,19,买盘
869,10:13:27,22.09,75132,34,卖盘
870,10:13:30,22.1,55250,25,买盘
871,10:13:33,22.1,167915,76,买盘
872,10:13:36,22.09,459517,208,卖盘
873,10:13:39,22.08,66266,30,卖盘
874,10:13:42,22.08,24288,11,卖盘
875,10:13:45,22.09,170107,77,买盘
876,10:13:48,22.09,30926,14,卖盘
877,10:13:51,22.09,256259,116,卖盘
878,10:13:54,22.09,33139,15,卖盘
879,10:13:57,22.09,152423,69,卖盘
880,10:14:00,22.09,53011,24,买盘
881,10:14:03,22.08,335636,152,卖盘
882,10:14:06,22.08,97157,44,卖盘
883,10:14:09,22.08,99361,45,卖盘
884,10:14:12,22.09,19873,9,买盘
885,10:14:15,22.08,61825,28,卖盘
886,10:14:21,22.09,128108,58,买盘
887,10:14:24,22.09,50795,23,买盘
888,10:14:27,22.08,79491,36,卖盘
889,10:14:30,22.08,72892,33,卖盘
890,10:14:33,22.08,13252,6,卖盘
891,10:14:36,22.09,97196,44,买盘
892,10:14:39,22.08,24294,11,卖盘
893,10:14:42,22.09,75104,34,买盘
894,10:14:45,22.08,30912,14,卖盘
895,10:14:48,22.09,53013,24,买盘
896,10:14:51,22.08,6624,3,卖盘
897,10:14:54,22.09,24297,11,买盘
898,10:14:57,22.09,201047,91,买盘
899,10:15:00,22.11,492847,223,买盘
900,10:15:03,22.1,276296,125,卖盘
901,10:15:06,22.09,59667,27,卖盘
902,10:15:09,22.1,24305,11,买盘
903,10:15:12,22.1,307181,139,买盘
904,10:15:15,22.1,37574,17,卖盘
905,10:15:18,22.1,22100,10,卖盘
906,10:15:21,22.11,30954,14,买盘
907,10:15:24,22.11,123782,56,买盘
908,10:15:27,22.1,86195,39,卖盘
909,10:15:30,22.1,15471,7,卖盘
910,10:15:33,22.11,53063,24,买盘
911,10:15:36,22.1,46422,21,卖盘
912,10:15:39,22.1,123760,56,卖盘
913,10:15:42,22.1,225517,102,卖盘
914,10:15:45,22.1,81804,37,卖盘
915,10:15:48,22.1,39796,18,卖盘
916,10:15:51,22.11,172424,78,买盘
917,10:15:54,22.1,28741,13,卖盘
918,10:15:57,22.11,99495,45,买盘
919,10:16:00,22.11,168015,76,买盘
920,10:16:03,22.1,170242,77,卖盘
921,10:16:06,22.11,64114,29,买盘
922,10:16:09,22.11,28741,13,买盘
923,10:16:12,22.11,128237,58,买盘
924,10:16:15,22.11,44224,20,卖盘
925,10:16:18,22.11,316169,143,卖盘
926,10:16:21,22.1,1839584,832,卖盘
927,10:16:24,22.11,145905,66,买盘
928,10:16:27,22.1,68506,31,卖盘
929,10:16:30,22.09,19888,9,卖盘
930,10:16:33,22.1,59670,27,买盘
931,10:16:36,22.1,108321,49,卖盘
932,10:16:42,22.1,17685,8,卖盘
933,10:16:45,22.1,92820,42,卖盘
934,10:16:48,22.1,50831,23,卖盘
935,10:16:51,22.1,83990,38,卖盘
936,10:16:54,22.11,293996,133,买盘
937,10:16:57,22.11,406664,184,买盘
938,10:17:00,22.11,68535,31,买盘
939,10:17:03,22.11,6633,3,中性盘
940,10:17:06,22.11,28745,13,卖盘
941,10:17:09,22.12,64146,29,买盘
942,10:17:12,22.12,90681,41,买盘
943,10:17:15,22.11,238790,108,卖盘
944,10:17:18,22.1,13261,6,卖盘
945,10:17:21,22.1,156918,71,卖盘
946,10:17:24,22.11,347006,157,买盘
947,10:17:27,22.1,1146547,519,卖盘
948,10:17:30,22.1,119371,54,中性盘
949,10:17:33,22.09,86174,39,卖盘
950,10:17:36,22.1,26516,12,买盘
951,10:17:39,22.09,490584,222,卖盘
952,10:17:42,22.09,128153,58,卖盘
953,10:17:45,22.1,77338,35,买盘
954,10:17:48,22.09,79550,36,卖盘
955,10:17:51,22.09,132537,60,卖盘
956,10:17:54,22.1,75111,34,买盘
957,10:17:57,22.09,238550,108,卖盘
958,10:18:00,22.09,269434,122,买盘
959,10:18:03,22.08,44167,20,卖盘
960,10:18:06,22.09,238573,108,买盘
961,10:18:09,22.09,17673,8,卖盘
962,10:18:12,22.1,35345,16,买盘
963,10:18:15,22.1,373539,169,买盘
964,10:18:18,22.1,11048,5,卖盘
965,10:18:21,22.1,39780,18,卖盘
966,10:18:24,22.1,61871,28,卖盘
967,10:18:27,22.11,143652,65,买盘
968,10:18:30,22.11,64111,29,买盘
969,10:18:33,22.11,92821,42,买盘
970,10:18:36,22.1,150314,68,卖盘
971,10:18:39,22.1,97261,44,卖盘
972,10:18:42,22.1,79560,36,卖盘
973,10:18:45,22.09,55248,25,卖盘
974,10:18:48,22.09,19886,9,卖盘
975,10:18:51,22.1,159117,72,买盘
976,10:18:54,22.1,24310,11,买盘
977,10:18:57,22.1,201110,91,买盘
978,10:19:00,22.11,28742,13,买盘
979,10:19:03,22.1,6630,3,卖盘
980,10:19:06,22.11,148126,67,买盘
981,10:19:09,22.1,44203,20,卖盘
982,10:19:12,22.11,751792,340,买盘
983,10:19:15,22.12,300808,136,买盘
984,10:19:18,22.12,57510,26,买盘
985,10:19:21,22.12,26536,12,买盘
986,10:19:24,22.12,150398,68,买盘
987,10:19:27,22.1,975154,441,卖盘
988,10:19:30,22.11,75196,34,买盘
989,10:19:33,22.11,35386,16,卖盘
990,10:19:36,22.11,101743,46,卖盘
991,10:19:39,22.11,17688,8,卖盘
992,10:19:42,22.11,35391,16,卖盘
993,10:19:45,22.11,64142,29,卖盘
994,10:19:48,22.12,108361,49,买盘
995,10:19:51,22.11,84054,38,卖盘
996,10:19:54,22.12,53088,24,买盘
997,10:19:57,22.12,88476,40,买盘
998,10:20:00,22.12,4424,2,买盘
999,10:20:03,22.12,510968,231,买盘
1000,10:20:06,22.11,384721,174,卖盘
1001,10:20:09,22.12,165891,75,买盘
1002,10:20:12,22.11,641320,290,卖盘
1003,10:20:15,22.13,132695,60,买盘
1004,10:20:18,22.11,64146,29,中性盘
1005,10:20:21,22.11,86229,39,卖盘
1006,10:20:24,22.1,13264,6,卖盘
1007,10:20:27,22.11,2211,1,卖盘
1008,10:20:30,22.11,81807,37,卖盘
1009,10:20:33,22.11,11059,5,卖盘
1010,10:20:36,22.12,28744,13,买盘
1011,10:20:39,22.1,265298,120,卖盘
1012,10:20:42,22.11,2256206,1020,买盘
1013,10:20:45,22.11,154767,70,买盘
1014,10:20:48,22.1,19890,9,卖盘
1015,10:20:51,22.11,535044,242,买盘
1016,10:20:54,22.1,11050,5,卖盘
1017,10:20:57,22.11,42009,19,买盘
1018,10:21:00,22.12,17691,8,买盘
1019,10:21:03,22.12,881911,399,买盘
1020,10:21:06,22.11,95086,43,卖盘
1021,10:21:09,22.11,214557,97,卖盘
1022,10:21:12,22.12,6634,3,买盘
1023,10:21:15,22.11,241106,109,卖盘
1024,10:21:18,22.11,6633,3,卖盘
1025,10:21:21,22.11,130486,59,卖盘
1026,10:21:24,22.12,26540,12,买盘
1027,10:21:27,22.11,70762,32,卖盘
1028,10:21:30,22.11,81842,37,卖盘
1029,10:21:33,22.12,6636,3,卖盘
1030,10:21:36,22.12,159264,72,卖盘
1031,10:21:39,22.12,19908,9,卖盘
1032,10:21:42,22.13,243413,110,买盘
1033,10:21:45,22.12,639608,289,卖盘
1034,10:21:48,22.12,172539,78,卖盘
1035,10:21:51,22.12,422305,191,中性盘
1036,10:21:54,22.1,64139,29,卖盘
1037,10:21:57,22.11,44216,20,中性盘
1038,10:22:00,22.1,117130,53,卖盘
1039,10:22:03,22.11,53058,24,买盘
1040,10:22:06,22.11,44220,20,买盘
1041,10:22:09,22.09,1401098,634,卖盘
1042,10:22:12,22.11,415466,188,买盘
1043,10:22:15,22.09,108241,49,卖盘
1044,10:22:18,22.09,492620,223,卖盘
1045,10:22:21,22.08,22090,10,卖盘
1046,10:22:24,22.09,44177,20,买盘
1047,10:22:27,22.08,596160,270,卖盘
1048,10:22:30,22.08,613821,278,卖盘
1049,10:22:33,22.07,50781,23,卖盘
1050,10:22:36,22.07,670928,304,卖盘
1051,10:22:39,22.07,322247,146,卖盘
1052,10:22:42,22.08,66235,30,买盘
1053,10:22:45,22.08,234046,106,买盘
1054,10:22:48,22.07,50774,23,卖盘
1055,10:22:51,22.08,44158,20,买盘
1056,10:22:54,22.1,355621,161,买盘
1057,10:22:57,22.08,351085,159,卖盘
1058,10:23:00,22.09,17672,8,买盘
1059,10:23:03,22.09,86153,39,卖盘
1060,10:23:09,22.09,46402,21,卖盘
1061,10:23:12,22.1,37564,17,买盘
1062,10:23:15,22.11,167994,76,买盘
1063,10:23:18,22.1,48641,22,卖盘
1064,10:23:21,22.12,35391,16,买盘
1065,10:23:24,22.12,64139,29,买盘
1066,10:23:27,22.1,167998,76,卖盘
1067,10:23:30,22.11,247632,112,卖盘
1068,10:23:33,22.13,331805,150,买盘
1069,10:23:36,22.14,210297,95,买盘
1070,10:23:39,22.14,35419,16,买盘
1071,10:23:42,22.15,265686,120,买盘
1072,10:23:45,22.15,432055,195,买盘
1073,10:23:48,22.16,959575,433,买盘
1074,10:23:51,22.16,22160,10,卖盘
1075,10:23:54,22.17,37677,17,买盘
1076,10:23:57,22.17,161836,73,买盘
1077,10:24:00,22.16,101955,46,卖盘
1078,10:24:03,22.15,412217,186,卖盘
1079,10:24:06,22.15,168306,76,买盘
1080,10:24:09,22.15,354369,160,买盘
1081,10:24:12,22.15,146209,66,卖盘
1082,10:24:15,22.15,11075,5,卖盘
1083,10:24:18,22.15,28797,13,卖盘
1084,10:24:21,22.15,88606,40,卖盘
1085,10:24:24,22.15,86423,39,卖盘
1086,10:24:27,22.16,148448,67,买盘
1087,10:24:30,22.15,139548,63,卖盘
1088,10:24:33,22.16,336692,152,买盘
1089,10:24:36,22.15,783796,354,买盘
1090,10:24:39,22.13,225782,102,卖盘
1091,10:24:42,22.13,267772,121,买盘
1092,10:24:45,22.15,416204,188,买盘
1093,10:24:48,22.16,24376,11,买盘
1094,10:24:54,22.16,15512,7,买盘
1095,10:24:57,22.15,33225,15,卖盘
1096,10:25:00,22.15,97471,44,卖盘
1097,10:25:03,22.16,254840,115,买盘
1098,10:25:06,22.15,73125,33,卖盘
1099,10:25:09,22.15,53183,24,卖盘
1100,10:25:12,22.16,50983,23,卖盘
1101,10:25:15,22.16,374614,169,卖盘
1102,10:25:18,22.17,62101,28,卖盘
1103,10:25:21,22.19,663186,299,买盘
1104,10:25:24,22.19,104293,47,买盘
1105,10:25:27,22.19,113151,51,买盘
1106,10:25:30,22.18,37706,17,卖盘
1107,10:25:33,22.19,115387,52,买盘
1108,10:25:36,22.19,66550,30,买盘
1109,10:25:39,22.19,6655,3,买盘
1110,10:25:42,22.19,122044,55,买盘
1111,10:25:45,22.19,93176,42,买盘
1112,10:25:48,22.18,39927,18,卖盘
1113,10:25:51,22.18,326144,147,卖盘
1114,10:25:54,22.18,26622,12,卖盘
1115,10:25:57,22.19,201936,91,买盘
1116,10:26:00,22.19,359458,162,卖盘
1117,10:26:03,22.19,68789,31,卖盘
1118,10:26:06,22.19,346118,156,卖盘
1119,10:26:09,22.18,244098,110,卖盘
1120,10:26:12,22.19,77664,35,买盘
1121,10:26:15,22.19,51056,23,卖盘
1122,10:26:18,22.2,39952,18,买盘
1123,10:26:21,22.18,1035972,467,卖盘
1124,10:26:24,22.18,144131,65,买盘
1125,10:26:27,22.18,210775,95,买盘
1126,10:26:30,22.17,70972,32,卖盘
1127,10:26:33,22.16,1345349,607,卖盘
1128,10:26:36,22.17,1075526,485,买盘
1129,10:26:39,22.16,97497,44,买盘
1130,10:26:42,22.17,104182,47,买盘
1131,10:26:45,22.17,66498,30,买盘
1132,10:26:48,22.16,44336,20,卖盘
1133,10:26:51,22.16,39889,18,卖盘
1134,10:26:54,22.16,95299,43,卖盘
1135,10:26:57,22.17,28821,13,买盘
1136,10:27:00,22.16,11082,5,卖盘
1137,10:27:03,22.16,119665,54,卖盘
1138,10:27:06,22.16,22160,10,中性盘
1139,10:27:09,22.17,210549,95,买盘
1140,10:27:12,22.16,55405,25,买盘
1141,10:27:15,22.15,90816,41,卖盘
1142,10:27:18,22.16,155066,70,买盘
1143,10:27:21,22.16,110800,50,买盘
1144,10:27:24,22.16,281376,127,买盘
1145,10:27:27,22.15,312451,141,卖盘
1146,10:27:30,22.15,46522,21,卖盘
1147,10:27:33,22.16,46517,21,买盘
1148,10:27:36,22.15,88600,40,卖盘
1149,10:27:39,22.15,86386,39,卖盘
1150,10:27:42,22.15,684435,309,卖盘
1151,10:27:45,22.15,33217,15,买盘
1152,10:27:48,22.14,57586,26,卖盘
1153,10:27:51,22.14,26579,12,卖盘
1154,10:27:54,22.15,24364,11,买盘
1155,10:27:57,22.15,28792,13,买盘
1156,10:28:00,22.14,24356,11,卖盘
1157,10:28:03,22.16,267943,121,买盘
1158,10:28:06,22.15,150677,68,卖盘
1159,10:28:09,22.16,86401,39,买盘
1160,10:28:12,22.16,8864,4,买盘
1161,10:28:15,22.16,79776,36,买盘
1162,10:28:18,22.15,24375,11,卖盘
1163,10:28:21,22.16,179494,81,买盘
1164,10:28:24,22.16,50968,23,卖盘
1165,10:28:27,22.16,135176,61,卖盘
1166,10:28:30,22.16,24373,11,买盘
1167,10:28:33,22.16,186116,84,买盘
1168,10:28:36,22.15,33225,15,卖盘
1169,10:28:39,22.16,19941,9,买盘
1170,10:28:42,22.15,8863,4,卖盘
1171,10:28:45,22.15,117395,53,卖盘
1172,10:28:48,22.14,97445,44,卖盘
1173,10:28:51,22.15,115136,52,买盘
1174,10:28:54,22.15,17717,8,买盘
1175,10:28:57,22.14,30996,14,卖盘
1176,10:29:00,22.14,17712,8,卖盘
1177,10:29:03,22.14,11070,5,卖盘
1178,10:29:06,22.14,22140,10,卖盘
1179,10:29:09,22.14,46494,21,卖盘
1180,10:29:12,22.15,104073,47,买盘
1181,10:29:15,22.14,132894,60,卖盘
1182,10:29:18,22.14,157204,71,卖盘
1183,10:29:21,22.14,62017,28,卖盘
1184,10:29:24,22.14,6642,3,卖盘
1185,10:29:27,22.15,35440,16,买盘
1186,10:29:30,22.14,303240,137,卖盘
1187,10:29:33,22.13,68629,31,卖盘
1188,10:29:36,22.13,409548,185,卖盘
1189,10:29:39,22.12,28773,13,卖盘
1190,10:29:42,22.12,13272,6,卖盘
1191,10:29:45,22.12,241108,109,卖盘
1192,10:29:48,22.11,39811,18,卖盘
1193,10:29:54,22.11,55275,25,卖盘
1194,10:29:57,22.11,81810,37,卖盘
1195,10:30:00,22.11,165827,75,卖盘
1196,10:30:03,22.11,28743,13,卖盘
1197,10:30:06,22.11,70757,32,卖盘
1198,10:30:09,22.11,97302,44,卖盘
1199,10:30:12,22.11,1174082,531,卖盘
1200,10:30:15,22.11,141525,64,卖盘
1201,10:30:18,22.11,57509,26,卖盘
1202,10:30:21,22.11,77398,35,卖盘
1203,10:30:24,22.11,48642,22,卖盘
1204,10:30:27,22.13,1084011,490,买盘
1205,10:30:30,22.14,666051,301,中性盘
1206,10:30:33,22.14,11070,5,卖盘
1207,10:30:36,22.13,6641,3,中性盘
1208,10:30:39,22.13,86285,39,卖盘
1209,10:30:42,22.12,73055,33,卖盘
1210,10:30:45,22.13,115051,52,买盘
1211,10:30:48,22.12,6637,3,卖盘
1212,10:30:51,22.13,66367,30,买盘
1213,10:30:54,22.13,79668,36,买盘
1214,10:30:57,22.12,19910,9,卖盘
1215,10:31:00,22.13,57538,26,买盘
1216,10:31:03,22.12,230052,104,卖盘
1217,10:31:06,22.13,55308,25,买盘
1218,10:31:09,22.12,134931,61,卖盘
1219,10:31:12,22.11,17693,8,卖盘
1220,10:31:15,22.11,64122,29,卖盘
1221,10:31:18,22.12,229967,104,买盘
1222,10:31:21,22.11,2211,1,买盘
1223,10:31:24,22.1,415659,188,卖盘
1224,10:31:27,22.1,647531,293,卖盘
1225,10:31:30,22.1,108320,49,卖盘
1226,10:31:33,22.09,66299,30,卖盘
1227,10:31:36,22.1,26511,12,买盘
1228,10:31:42,22.1,13259,6,买盘
1229,10:31:45,22.09,11047,5,卖盘
1230,10:31:48,22.09,86167,39,卖盘
1231,10:31:51,22.09,13254,6,卖盘
1232,10:31:54,22.1,183363,83,买盘
1233,10:31:57,22.1,53021,24,买盘
1234,10:32:00,22.09,11046,5,卖盘
1235,10:32:03,22.09,99405,45,卖盘
1236,10:32:06,22.1,61863,28,买盘
1237,10:32:09,22.09,24304,11,卖盘
1238,10:32:12,22.09,4418,2,卖盘
1239,10:32:15,22.09,108268,49,卖盘
1240,10:32:18,22.1,57456,26,买盘
1241,10:32:21,22.1,11049,5,买盘
1242,10:32:24,22.1,148050,67,买盘
1243,10:32:27,22.11,22110,10,买盘
1244,10:32:30,22.1,130396,59,卖盘
1245,10:32:33,22.1,22100,10,卖盘
1246,10:32:36,22.1,13260,6,卖盘
1247,10:32:39,22.1,59690,27,卖盘
1248,10:32:42,22.1,79570,36,卖盘
1249,10:32:45,22.11,114923,52,买盘
1250,10:32:48,22.11,4422,2,买盘
1251,10:32:51,22.1,28730,13,卖盘
1252,10:32:54,22.11,44220,20,买盘
1253,10:32:57,22.1,2210,1,卖盘
1254,10:33:03,22.1,176812,80,卖盘
1255,10:33:06,22.11,28742,13,买盘
1256,10:33:09,22.1,50838,23,卖盘
1257,10:33:12,22.1,17680,8,卖盘
1258,10:33:15,22.1,22100,10,卖盘
1259,10:33:18,22.1,28730,13,卖盘
1260,10:33:21,22.1,90625,41,卖盘
1261,10:33:24,22.1,229852,104,卖盘
1262,10:33:27,22.1,225421,102,卖盘
1263,10:33:30,22.09,130365,59,卖盘
1264,10:33:33,22.09,139168,63,卖盘
1265,10:33:36,22.09,95015,43,卖盘
1266,10:33:39,22.1,278337,126,买盘
1267,10:33:42,22.1,33144,15,买盘
1268,10:33:45,22.1,35359,16,买盘
1269,10:33:48,22.09,4418,2,卖盘
1270,10:33:51,22.09,150223,68,卖盘
1271,10:33:54,22.1,302670,137,买盘
1272,10:33:57,22.09,121505,55,卖盘
1273,10:34:00,22.09,141377,64,卖盘
1274,10:34:03,22.1,64071,29,买盘
1275,10:34:06,22.09,148009,67,卖盘
1276,10:34:09,22.08,24298,11,卖盘
1277,10:34:12,22.08,19873,9,卖盘
1278,10:34:15,22.09,521321,236,买盘
1279,10:34:18,22.09,28715,13,买盘
1280,10:34:21,22.08,6624,3,卖盘
1281,10:34:24,22.09,6625,3,买盘
1282,10:34:27,22.08,152362,69,卖盘
1283,10:34:30,22.09,11044,5,买盘
1284,10:34:33,22.08,114818,52,卖盘
1285,10:34:36,22.08,17665,8,卖盘
1286,10:34:39,22.09,227460,103,买盘
1287,10:34:42,22.08,22081,10,卖盘
1288,10:34:45,22.09,22083,10,买盘
1289,10:34:48,22.08,2208,1,卖盘
1290,10:34:51,22.08,88323,40,卖盘
1291,10:34:54,22.08,72867,33,卖盘
1292,10:34:57,22.08,1976161,895,卖盘
1293,10:35:00,22.09,415087,188,买盘
1294,10:35:03,22.07,28695,13,卖盘
1295,10:35:06,22.07,48554,22,卖盘
1296,10:35:09,22.08,693045,314,买盘
1297,10:35:12,22.07,132451,60,卖盘
1298,10:35:15,22.07,41933,19,卖盘
1299,10:35:18,22.08,189832,86,买盘
1300,10:35:21,22.07,339888,154,卖盘
1301,10:35:24,22.07,450242,204,卖盘
1302,10:35:27,22.07,112580,51,卖盘
1303,10:35:30,22.06,712851,323,卖盘
1304,10:35:33,22.06,116924,53,卖盘
1305,10:35:36,22.06,46327,21,卖盘
1306,10:35:39,22.06,33090,15,卖盘
1307,10:35:42,22.06,105900,48,卖盘
1308,10:35:45,22.07,77242,35,买盘
1309,10:35:48,22.06,50738,23,卖盘
1310,10:35:51,22.07,136785,62,买盘
1311,10:35:54,22.06,13237,6,卖盘
1312,10:35:57,22.06,19854,9,卖盘
1313,10:36:00,22.06,134570,61,卖盘
1314,10:36:03,22.06,319872,145,卖盘
1315,10:36:06,22.06,163267,74,卖盘
1316,10:36:09,22.06,183118,83,卖盘
1317,10:36:12,22.06,178688,81,卖盘
1318,10:36:15,22.06,99280,45,卖盘
1319,10:36:18,22.06,46338,21,卖盘
1320,10:36:24,22.07,101521,46,买盘
1321,10:36:27,22.06,66189,30,卖盘
1322,10:36:30,22.06,75009,34,卖盘
1323,10:36:33,22.06,39724,18,卖盘
1324,10:36:36,22.06,342078,155,卖盘
1325,10:36:39,22.06,17650,8,卖盘
1326,10:36:42,22.06,620026,281,卖盘
1327,10:36:45,22.06,101499,46,卖盘
1328,10:36:48,22.06,679448,308,卖盘
1329,10:36:51,22.05,110282,50,卖盘
1330,10:36:54,22.06,22060,10,买盘
1331,10:36:57,22.05,348525,158,卖盘
1332,10:37:00,22.05,787780,357,卖盘
1333,10:37:03,22.06,41911,19,买盘
1334,10:37:06,22.05,30870,14,卖盘
1335,10:37:09,22.04,1151010,522,卖盘
1336,10:37:12,22.05,105871,48,买盘
1337,10:37:15,22.04,48489,22,卖盘
1338,10:37:18,22.04,112410,51,卖盘
1339,10:37:21,22.04,401178,182,卖盘
1340,10:37:24,22.05,30861,14,买盘
1341,10:37:27,22.04,26448,12,卖盘
1342,10:37:30,22.04,379089,172,卖盘
1343,10:37:33,22.04,121251,55,卖盘
1344,10:37:36,22.04,401147,182,卖盘
1345,10:37:39,22.04,28658,13,卖盘
1346,10:37:42,22.04,211655,96,卖盘
1347,10:37:45,22.06,2206,1,买盘
1348,10:37:48,22.04,304158,138,卖盘
1349,10:37:51,22.05,99225,45,买盘
1350,10:37:54,22.05,52920,24,买盘
1351,10:37:57,22.05,101427,46,买盘
1352,10:38:00,22.05,2205,1,买盘
1353,10:38:03,22.05,59533,27,买盘
1354,10:38:06,22.05,482778,219,买盘
1355,10:38:09,22.05,121225,55,买盘
1356,10:38:12,22.05,63938,29,买盘
1357,10:38:15,22.05,105834,48,买盘
1358,10:38:18,22.05,343980,156,买盘
1359,10:38:21,22.06,141156,64,买盘
1360,10:38:24,22.06,154414,70,买盘
1361,10:38:27,22.06,22061,10,买盘
1362,10:38:30,22.06,110310,50,卖盘
1363,10:38:33,22.07,150055,68,买盘
1364,10:38:36,22.06,35307,16,卖盘
1365,10:38:39,22.06,90446,41,卖盘
1366,10:38:42,22.07,63998,29,买盘
1367,10:38:45,22.07,72806,33,买盘
1368,10:38:48,22.07,55175,25,买盘
1369,10:38:51,22.06,90446,41,卖盘
1370,10:38:54,22.07,52968,24,买盘
1371,10:38:57,22.08,44157,20,买盘
1372,10:39:00,22.07,17656,8,卖盘
1373,10:39:03,22.07,249378,113,卖盘
1374,10:39:06,22.07,101522,46,买盘
1375,10:39:09,22.06,22061,10,卖盘
1376,10:39:12,22.07,105936,48,买盘
1377,10:39:15,22.06,48553,22,卖盘
1378,10:39:18,22.06,913098,414,卖盘
1379,10:39:21,22.06,46326,21,买盘
1380,10:39:24,22.06,70592,32,买盘
1381,10:39:27,22.07,2207,1,买盘
1382,10:39:30,22.07,66203,30,买盘
1383,10:39:33,22.07,183181,83,买盘
1384,10:39:36,22.07,55177,25,卖盘
1385,10:39:39,22.08,41952,19,买盘
1386,10:39:42,22.07,75062,34,卖盘
1387,10:39:45,22.07,181014,82,卖盘
1388,10:39:48,22.08,286967,130,买盘
1389,10:39:51,22.08,114815,52,买盘
1390,10:39:54,22.08,165589,75,买盘
1391,10:39:57,22.07,83869,38,卖盘
1392,10:40:00,22.07,6622,3,卖盘
1393,10:40:03,22.07,90496,41,卖盘
1394,10:40:06,22.06,52959,24,卖盘
1395,10:40:09,22.08,198624,90,买盘
1396,10:40:12,22.07,8828,4,买盘
1397,10:40:15,22.07,520657,236,买盘
1398,10:40:18,22.06,30907,14,卖盘
1399,10:40:21,22.07,24277,11,买盘
1400,10:40:24,22.07,101487,46,买盘
1401,10:40:27,22.07,103688,47,买盘
1402,10:40:30,22.07,55157,25,买盘
1403,10:40:33,22.06,6619,3,卖盘
1404,10:40:36,22.06,22060,10,卖盘
1405,10:40:39,22.06,4412,2,卖盘
1406,10:40:45,22.07,52945,24,买盘
1407,10:40:48,22.06,308839,140,卖盘
1408,10:40:51,22.06,17646,8,买盘
1409,10:40:54,22.05,35287,16,卖盘
1410,10:40:57,22.06,70562,32,买盘
1411,10:41:00,22.05,66168,30,卖盘
1412,10:41:03,22.06,66179,30,买盘
1413,10:41:06,22.05,41899,19,卖盘
1414,10:41:09,22.07,176432,80,买盘
1415,10:41:12,22.05,33082,15,卖盘
1416,10:41:15,22.06,105880,48,买盘
1417,10:41:18,22.07,52968,24,买盘
1418,10:41:24,22.07,4414,2,卖盘
1419,10:41:27,22.07,44140,20,卖盘
1420,10:41:30,22.07,33107,15,卖盘
1421,10:41:33,22.07,13242,6,卖盘
1422,10:41:36,22.07,59592,27,卖盘
1423,10:41:39,22.07,13243,6,卖盘
1424,10:41:42,22.07,551756,250,卖盘
1425,10:41:45,22.08,88312,40,买盘
1426,10:41:48,22.07,170018,77,卖盘
1427,10:41:51,22.07,13243,6,卖盘
1428,10:41:54,22.08,130322,59,买盘
1429,10:41:57,22.08,30914,14,卖盘
1430,10:42:00,22.09,110450,50,买盘
1431,10:42:03,22.09,6627,3,买盘
1432,10:42:06,22.07,344384,156,卖盘
1433,10:42:09,22.08,72851,33,买盘
1434,10:42:12,22.07,64027,29,卖盘
1435,10:42:15,22.07,335464,152,卖盘
1436,10:42:18,22.07,205277,93,卖盘
1437,10:42:21,22.08,41945,19,买盘
1438,10:42:24,22.07,233993,106,卖盘
1439,10:42:27,22.07,86077,39,买盘
1440,10:42:30,22.08,33120,15,卖盘
1441,10:42:33,22.08,26498,12,卖盘
1442,10:42:36,22.08,2208,1,卖盘
1443,10:42:39,22.09,136959,62,买盘
1444,10:42:42,22.1,13256,6,买盘
1445,10:42:45,22.1,212137,96,买盘
1446,10:42:48,22.09,112661,51,卖盘
1447,10:42:51,22.09,92777,42,买盘
1448,10:42:54,22.09,15462,7,买盘
1449,10:42:57,22.09,24299,11,买盘
1450,10:43:00,22.09,33135,15,买盘
1451,10:43:03,22.09,90566,41,买盘
1452,10:43:06,22.09,132522,60,卖盘
1453,10:43:09,22.09,22085,10,买盘
1454,10:43:12,22.08,72876,33,卖盘
1455,10:43:15,22.08,99388,45,卖盘
1456,10:43:18,22.08,147938,67,卖盘
1457,10:43:21,22.09,183293,83,买盘
1458,10:43:24,22.09,4418,2,买盘
1459,10:43:27,22.09,187753,85,买盘
1460,10:43:30,22.08,13250,6,卖盘
1461,10:43:33,22.08,55200,25,买盘
1462,10:43:36,22.08,262752,119,买盘
1463,10:43:39,22.08,128054,58,买盘
1464,10:43:42,22.08,17664,8,买盘
1465,10:43:45,22.07,92695,42,卖盘
1466,10:43:48,22.07,92700,42,卖盘
1467,10:43:51,22.07,46349,21,卖盘
1468,10:43:54,22.08,39734,18,买盘
1469,10:43:57,22.07,481334,218,卖盘
1470,10:44:00,22.08,19876,9,卖盘
1471,10:44:03,22.08,11040,5,卖盘
1472,10:44:06,22.08,11042,5,卖盘
1473,10:44:09,22.09,79520,36,买盘
1474,10:44:12,22.09,55225,25,买盘
1475,10:44:15,22.09,50807,23,买盘
1476,10:44:18,22.09,105991,48,买盘
1477,10:44:21,22.09,2209,1,买盘
1478,10:44:24,22.09,225316,102,买盘
1479,10:44:27,22.09,114868,52,买盘
1480,10:44:30,22.09,15458,7,买盘
1481,10:44:33,22.08,130277,59,卖盘
1482,10:44:36,22.08,52996,24,卖盘
1483,10:44:39,22.1,194390,88,买盘
1484,10:44:42,22.09,92778,42,卖盘
1485,10:44:45,22.09,28712,13,买盘
1486,10:44:48,22.09,53016,24,卖盘
1487,10:44:51,22.1,6628,3,买盘
1488,10:44:54,22.09,22098,10,卖盘
1489,10:44:57,22.1,48612,22,买盘
1490,10:45:00,22.11,758038,343,买盘
1491,10:45:03,22.11,61906,28,买盘
1492,10:45:06,22.11,183513,83,买盘
1493,10:45:09,22.11,68541,31,买盘
1494,10:45:12,22.12,86239,39,买盘
1495,10:45:15,22.12,64148,29,买盘
1496,10:45:18,22.1,61917,28,卖盘
1497,10:45:21,22.12,75208,34,买盘
1498,10:45:24,22.11,50853,23,卖盘
1499,10:45:27,22.11,55269,25,买盘
1500,10:45:30,22.12,128268,58,买盘
1501,10:45:33,22.11,130401,59,卖盘
1502,10:45:36,22.11,35376,16,买盘
1503,10:45:39,22.11,50853,23,买盘
1504,10:45:42,22.11,6633,3,卖盘
1505,10:45:45,22.11,123774,56,卖盘
1506,10:45:48,22.12,212322,96,买盘
1507,10:45:51,22.12,53088,24,买盘
1508,10:45:54,22.12,141566,64,卖盘
1509,10:45:57,22.13,119460,54,买盘
1510,10:46:00,22.13,6638,3,买盘
1511,10:46:03,22.12,121663,55,卖盘
1512,10:46:06,22.11,356086,161,卖盘
1513,10:46:09,22.1,289692,131,卖盘
1514,10:46:12,22.11,382438,173,买盘
1515,10:46:15,22.12,223362,101,买盘
1516,10:46:18,22.12,39813,18,买盘
1517,10:46:21,22.12,15479,7,买盘
1518,10:46:24,22.11,4422,2,卖盘
1519,10:46:27,22.11,44221,20,卖盘
1520,10:46:30,22.11,15483,7,卖盘
1521,10:46:33,22.12,278720,126,买盘
1522,10:46:36,22.12,539833,244,卖盘
1523,10:46:39,22.14,66412,30,买盘
1524,10:46:42,22.14,81918,37,买盘
1525,10:46:45,22.15,13285,6,买盘
1526,10:46:48,22.13,55344,25,卖盘
1527,10:46:51,22.13,141632,64,卖盘
1528,10:46:54,22.15,104100,47,买盘
1529,10:46:57,22.14,17717,8,中性盘
1530,10:47:00,22.14,26573,12,卖盘
1531,10:47:03,22.15,205943,93,买盘
1532,10:47:06,22.13,33209,15,卖盘
1533,10:47:09,22.14,108441,49,买盘
1534,10:47:12,22.14,1173457,530,买盘
1535,10:47:15,22.14,53143,24,卖盘
1536,10:47:18,22.14,26568,12,卖盘
1537,10:47:21,22.14,104076,47,卖盘
1538,10:47:24,22.15,203756,92,买盘
1539,10:47:27,22.16,2416625,1091,买盘
1540,10:47:30,22.17,195096,88,买盘
1541,10:47:33,22.16,124115,56,卖盘
1542,10:47:36,22.15,316943,143,卖盘
1543,10:47:39,22.16,104160,47,买盘
1544,10:47:42,22.15,463271,209,卖盘
1545,10:47:45,22.17,64265,29,买盘
1546,10:47:48,22.16,283631,128,卖盘
1547,10:47:51,22.16,55413,25,买盘
1548,10:47:54,22.16,75335,34,卖盘
1549,10:47:57,22.16,84208,38,买盘
1550,10:48:00,22.16,108584,49,卖盘
1551,10:48:03,22.17,314790,142,买盘
1552,10:48:06,22.18,135282,61,买盘
1553,10:48:09,22.17,22170,10,卖盘
1554,10:48:12,22.17,108658,49,卖盘
1555,10:48:15,22.18,31040,14,买盘
1556,10:48:18,22.18,31032,14,买盘
1557,10:48:21,22.17,113017,51,中性盘
1558,10:48:24,22.16,796239,359,卖盘
1559,10:48:27,22.16,261512,118,卖盘
1560,10:48:30,22.17,410075,185,买盘
1561,10:48:33,22.17,59839,27,买盘
1562,10:48:36,22.16,119668,54,中性盘
1563,10:48:39,22.15,976835,441,卖盘
1564,10:48:42,22.15,106327,48,卖盘
1565,10:48:45,22.15,84170,38,卖盘
1566,10:48:48,22.15,121824,55,卖盘
1567,10:48:51,22.15,48730,22,买盘
1568,10:48:54,22.16,225932,102,买盘
1569,10:48:57,22.15,39871,18,买盘
1570,10:49:00,22.14,407382,184,卖盘
1571,10:49:03,22.12,362926,164,卖盘
1572,10:49:06,22.13,768177,347,买盘
1573,10:49:09,22.12,84061,38,卖盘
1574,10:49:12,22.13,108406,49,买盘
1575,10:49:15,22.12,4423,2,中性盘
1576,10:49:18,22.12,33178,15,买盘
1577,10:49:21,22.11,68541,31,卖盘
1578,10:49:24,22.11,24322,11,卖盘
1579,10:49:27,22.11,90662,41,卖盘
1580,10:49:30,22.11,2211,1,卖盘
1581,10:49:33,22.11,28754,13,卖盘
1582,10:49:36,22.11,22110,10,卖盘
1583,10:49:39,22.16,1716190,775,买盘
1584,10:49:42,22.15,150633,68,卖盘
1585,10:49:48,22.15,13290,6,卖盘
1586,10:49:51,22.15,62021,28,卖盘
1587,10:49:54,22.13,59803,27,卖盘
1588,10:49:57,22.16,407552,184,买盘
1589,10:50:00,22.13,22133,10,卖盘
1590,10:50:03,22.14,2214,1,买盘
1591,10:50:09,22.14,491799,222,买盘
1592,10:50:12,22.14,75275,34,买盘
1593,10:50:15,22.14,26568,12,卖盘
1594,10:50:18,22.14,53160,24,卖盘
1595,10:50:21,22.14,46502,21,卖盘
1596,10:50:24,22.18,1541694,695,买盘
1597,10:50:27,22.18,139674,63,卖盘
1598,10:50:30,22.19,104261,47,买盘
1599,10:50:33,22.2,1957936,882,买盘
1600,10:50:36,22.19,77713,35,卖盘
1601,10:50:39,22.23,2686101,1209,买盘
1602,10:50:42,22.24,224609,101,买盘
1603,10:50:45,22.24,331275,149,买盘
1604,10:50:48,22.24,653799,294,买盘
1605,10:50:51,22.24,284658,128,买盘
1606,10:50:54,22.24,898781,404,买盘
1607,10:50:57,22.24,177992,80,卖盘
1608,10:51:00,22.26,547399,246,买盘
1609,10:51:03,22.29,1936863,870,买盘
1610,10:51:06,22.29,363481,163,买盘
1611,10:51:09,22.29,321015,144,卖盘
1612,10:51:12,22.29,24517,11,买盘
1613,10:51:15,22.29,686518,308,买盘
1614,10:51:18,22.3,292135,131,卖盘
1615,10:51:21,22.31,223087,100,买盘
1616,10:51:24,22.31,187400,84,买盘
1617,10:51:27,22.31,950592,426,卖盘
1618,10:51:30,22.3,2707251,1214,卖盘
1619,10:51:33,22.3,169536,76,买盘
1620,10:51:36,22.3,187305,84,中性盘
1621,10:51:39,22.31,120462,54,买盘
1622,10:51:42,22.31,731522,328,买盘
1623,10:51:45,22.32,1545404,693,买盘
1624,10:51:48,22.3,245490,110,卖盘
1625,10:51:51,22.3,127156,57,卖盘
1626,10:51:54,22.31,98133,44,买盘
1627,10:51:57,22.3,334694,150,卖盘
1628,10:52:00,22.3,281049,126,买盘
1629,10:52:03,22.3,22300,10,卖盘
1630,10:52:06,22.3,341314,153,卖盘
1631,10:52:09,22.31,80297,36,买盘
1632,10:52:12,22.3,131593,59,卖盘
1633,10:52:15,22.3,136036,61,卖盘
1634,10:52:18,22.3,66920,30,卖盘
1635,10:52:21,22.3,73597,33,卖盘
1636,10:52:24,22.3,129340,58,卖盘
1637,10:52:27,22.31,417147,187,买盘
1638,10:52:30,22.31,69155,31,买盘
1639,10:52:33,22.31,115961,52,买盘
1640,10:52:36,22.31,51312,23,买盘
1641,10:52:39,22.3,53543,24,卖盘
1642,10:52:42,22.3,24535,11,卖盘
1643,10:52:45,22.3,160606,72,卖盘
1644,10:52:48,22.29,985520,442,卖盘
1645,10:52:51,22.3,106999,48,买盘
1646,10:52:54,22.28,44563,20,卖盘
1647,10:52:57,22.27,109181,49,卖盘
1648,10:53:00,22.27,64583,29,卖盘
1649,10:53:03,22.27,24497,11,卖盘
1650,10:53:06,22.28,124721,56,买盘
1651,10:53:09,22.27,834618,375,卖盘
1652,10:53:12,22.27,22268,10,买盘
1653,10:53:15,22.26,22262,10,卖盘
1654,10:53:18,22.26,144699,65,卖盘
1655,10:53:21,22.25,60095,27,卖盘
1656,10:53:24,22.26,158046,71,买盘
1657,10:53:27,22.26,122432,55,卖盘
1658,10:53:30,22.27,22261,10,买盘
1659,10:53:33,22.27,138069,62,买盘
1660,10:53:36,22.27,291734,131,买盘
1661,10:53:39,22.26,95778,43,卖盘
1662,10:53:42,22.28,60134,27,买盘
1663,10:53:45,22.28,64610,29,买盘
1664,10:53:48,22.28,42330,19,买盘
1665,10:53:51,22.27,227238,102,卖盘
1666,10:53:54,22.28,37875,17,买盘
1667,10:53:57,22.28,49016,22,买盘
1668,10:54:00,22.27,220473,99,卖盘
1669,10:54:03,22.28,158184,71,买盘
1670,10:54:06,22.27,91322,41,卖盘
1671,10:54:09,22.28,73499,33,买盘
1672,10:54:12,22.28,11136,5,买盘
1673,10:54:15,22.26,13356,6,卖盘
1674,10:54:18,22.27,48973,22,买盘
1675,10:54:21,22.26,91306,41,卖盘
1676,10:54:24,22.27,77921,35,买盘
1677,10:54:27,22.26,2226,1,卖盘
1678,10:54:30,22.27,22270,10,买盘
1679,10:54:33,22.27,17816,8,买盘
1680,10:54:36,22.27,211555,95,买盘
1681,10:54:39,22.26,126891,57,卖盘
1682,10:54:42,22.27,131380,59,买盘
1683,10:54:48,22.27,173655,78,买盘
1684,10:54:51,22.26,28939,13,卖盘
1685,10:54:54,22.27,24496,11,买盘
1686,10:54:57,22.26,95741,43,卖盘
1687,10:55:00,22.26,24486,11,卖盘
1688,10:55:03,22.26,51198,23,卖盘
1689,10:55:06,22.26,431846,194,卖盘
1690,10:55:09,22.26,850332,382,卖盘
1691,10:55:12,22.26,17805,8,买盘
1692,10:55:15,22.25,133500,60,卖盘
1693,10:55:18,22.25,71200,32,卖盘
1694,10:55:21,22.25,86767,39,卖盘
1695,10:55:24,22.25,20025,9,卖盘
1696,10:55:27,22.24,40032,18,卖盘
1697,10:55:30,22.23,48906,22,卖盘
1698,10:55:33,22.23,15561,7,卖盘
1699,10:55:36,22.24,77840,35,买盘
1700,10:55:39,22.23,157838,71,卖盘
1701,10:55:42,22.23,13343,6,卖盘
1702,10:55:45,22.23,57798,26,卖盘
1703,10:55:48,22.23,82252,37,卖盘
1704,10:55:51,22.24,40020,18,买盘
1705,10:55:54,22.23,97844,44,卖盘
1706,10:55:57,22.23,8892,4,卖盘
1707,10:56:00,22.22,24442,11,卖盘
1708,10:56:03,22.22,19998,9,卖盘
1709,10:56:06,22.23,95581,43,买盘
1710,10:56:09,22.22,137772,62,卖盘
1711,10:56:12,22.23,48899,22,买盘
1712,10:56:15,22.23,222310,100,买盘
1713,10:56:18,22.24,20008,9,买盘
1714,10:56:21,22.23,104483,47,卖盘
1715,10:56:24,22.24,13342,6,买盘
1716,10:56:27,22.23,2223,1,中性盘
1717,10:56:30,22.23,24453,11,卖盘
1718,10:56:33,22.24,193438,87,买盘
1719,10:56:36,22.22,126666,57,卖盘
1720,10:56:39,22.25,93439,42,买盘
1721,10:56:42,22.24,46708,21,卖盘
1722,10:56:45,22.25,102354,46,买盘
1723,10:56:48,22.25,4450,2,中性盘
1724,10:56:51,22.26,15576,7,买盘
1725,10:56:54,22.25,37825,17,卖盘
1726,10:56:57,22.24,57845,26,卖盘
1727,10:57:00,22.25,53410,24,买盘
1728,10:57:03,22.23,542671,244,卖盘
1729,10:57:06,22.21,155593,70,卖盘
1730,10:57:09,22.21,22210,10,卖盘
1731,10:57:12,22.21,197669,89,卖盘
1732,10:57:15,22.2,31087,14,卖盘
1733,10:57:18,22.21,19989,9,买盘
1734,10:57:21,22.2,19983,9,卖盘
1735,10:57:24,22.2,4440,2,卖盘
1736,10:57:27,22.21,428652,193,买盘
1737,10:57:30,22.21,42205,19,卖盘
1738,10:57:33,22.21,17771,8,卖盘
1739,10:57:36,22.22,59998,27,买盘
1740,10:57:39,22.22,28886,13,卖盘
1741,10:57:45,22.23,24451,11,买盘
1742,10:57:48,22.23,195627,88,买盘
1743,10:57:51,22.24,91152,41,买盘
1744,10:57:54,22.23,11115,5,中性盘
1745,10:57:57,22.22,131140,59,卖盘
1746,10:58:00,22.22,122210,55,卖盘
1747,10:58:03,22.22,511053,230,卖盘
1748,10:58:06,22.21,139965,63,卖盘
1749,10:58:09,22.21,39978,18,卖盘
1750,10:58:12,22.21,4442,2,卖盘
1751,10:58:15,22.21,19989,9,卖盘
1752,10:58:18,22.21,97762,44,卖盘
1753,10:58:21,22.21,42199,19,卖盘
1754,10:58:24,22.21,51093,23,卖盘
1755,10:58:27,22.21,59967,27,卖盘
1756,10:58:30,22.22,104431,47,买盘
1757,10:58:33,22.21,2221,1,卖盘
1758,10:58:36,22.22,17773,8,买盘
1759,10:58:39,22.21,13326,6,卖盘
1760,10:58:42,22.21,15549,7,卖盘
1761,10:58:45,22.21,4443,2,卖盘
1762,10:58:48,22.22,26663,12,买盘
1763,10:58:51,22.22,359946,162,买盘
1764,10:58:54,22.22,59993,27,买盘
1765,10:58:57,22.22,57772,26,卖盘
1766,10:59:00,22.23,48894,22,买盘
1767,10:59:03,22.22,124443,56,卖盘
1768,10:59:06,22.22,182262,82,卖盘
1769,10:59:09,22.22,219978,99,卖盘
1770,10:59:12,22.22,115548,52,卖盘
1771,10:59:15,22.22,280057,126,卖盘
1772,10:59:18,22.22,108878,49,卖盘
1773,10:59:21,22.22,280026,126,买盘
1774,10:59:24,22.22,117785,53,卖盘
1775,10:59:27,22.23,6668,3,买盘
1776,10:59:30,22.22,162309,73,卖盘
1777,10:59:33,22.22,59999,27,卖盘
1778,10:59:36,22.21,224421,101,卖盘
1779,10:59:39,22.22,297798,134,买盘
1780,10:59:42,22.23,93331,42,买盘
1781,10:59:45,22.21,4443,2,卖盘
1782,10:59:48,22.21,48862,22,卖盘
1783,10:59:51,22.22,28878,13,买盘
1784,10:59:54,22.21,11105,5,卖盘
1785,10:59:57,22.21,35536,16,卖盘
1786,11:00:00,22.21,4442,2,卖盘
1787,11:00:03,22.21,93282,42,卖盘
1788,11:00:06,22.21,270962,122,卖盘
1789,11:00:09,22.21,71074,32,卖盘
1790,11:00:12,22.2,204326,92,卖盘
1791,11:00:15,22.2,33300,15,卖盘
1792,11:00:18,22.2,31080,14,卖盘
1793,11:00:21,22.2,632700,285,卖盘
1794,11:00:24,22.2,226448,102,卖盘
1795,11:00:27,22.2,53290,24,卖盘
1796,11:00:30,22.21,284167,128,买盘
1797,11:00:33,22.2,77700,35,卖盘
1798,11:00:36,22.19,208606,94,卖盘
1799,11:00:39,22.19,73232,33,卖盘
1800,11:00:42,22.19,73234,33,卖盘
1801,11:00:45,22.18,204060,92,卖盘
1802,11:00:48,22.18,15526,7,卖盘
1803,11:00:51,22.18,39925,18,卖盘
1804,11:00:54,22.18,226236,102,卖盘
1805,11:00:57,22.18,113118,51,卖盘
1806,11:01:00,22.18,11090,5,卖盘
1807,11:01:03,22.17,48794,22,卖盘
1808,11:01:06,22.17,212823,96,卖盘
1809,11:01:09,22.16,48771,22,卖盘
1810,11:01:12,22.17,6650,3,买盘
1811,11:01:15,22.16,13296,6,卖盘
1812,11:01:18,22.16,166200,75,卖盘
1813,11:01:21,22.17,6650,3,买盘
1814,11:01:24,22.16,11080,5,卖盘
1815,11:01:27,22.16,15515,7,卖盘
1816,11:01:30,22.15,26590,12,卖盘
1817,11:01:33,22.17,79777,36,买盘
1818,11:01:36,22.15,73095,33,卖盘
1819,11:01:39,22.15,6645,3,卖盘
1820,11:01:42,22.16,39893,18,中性盘
1821,11:01:45,22.16,6648,3,卖盘
1822,11:01:48,22.16,2216,1,卖盘
1823,11:01:51,22.16,66482,30,卖盘
1824,11:01:54,22.16,79776,36,卖盘
1825,11:01:57,22.16,48755,22,卖盘
1826,11:02:00,22.16,6647,3,买盘
1827,11:02:03,22.15,261378,118,卖盘
1828,11:02:06,22.15,2215,1,卖盘
1829,11:02:09,22.15,79740,36,卖盘
1830,11:02:12,22.16,46516,21,买盘
1831,11:02:15,22.15,4430,2,卖盘
1832,11:02:18,22.15,35449,16,卖盘
1833,11:02:21,22.15,8862,4,卖盘
1834,11:02:24,22.15,50945,23,卖盘
1835,11:02:27,22.15,465336,210,卖盘
1836,11:02:30,22.16,24375,11,买盘
1837,11:02:33,22.16,4432,2,卖盘
1838,11:02:36,22.16,19944,9,卖盘
1839,11:02:39,22.17,13302,6,买盘
1840,11:02:42,22.16,15512,7,卖盘
1841,11:02:45,22.16,4432,2,卖盘
1842,11:02:48,22.17,108598,49,买盘
1843,11:02:51,22.16,44324,20,卖盘
1844,11:02:54,22.16,17731,8,卖盘
1845,11:02:57,22.18,95335,43,买盘
1846,11:03:00,22.16,82008,37,卖盘
1847,11:03:03,22.16,2216,1,卖盘
1848,11:03:06,22.17,77594,35,买盘
1849,11:03:09,22.17,31035,14,买盘
1850,11:03:12,22.17,124203,56,买盘
1851,11:03:15,22.16,232697,105,卖盘
1852,11:03:18,22.17,28826,13,卖盘
1853,11:03:21,22.16,93113,42,卖盘
1854,11:03:27,22.16,50968,23,卖盘
1855,11:03:30,22.15,59805,27,卖盘
1856,11:03:33,22.15,137340,62,卖盘
1857,11:03:36,22.16,467547,211,买盘
1858,11:03:39,22.16,55405,25,卖盘
1859,11:03:42,22.17,33245,15,买盘
1860,11:03:45,22.16,8864,4,卖盘
1861,11:03:48,22.15,201598,91,卖盘
1862,11:03:51,22.15,6645,3,卖盘
1863,11:03:54,22.16,35456,16,买盘
1864,11:03:57,22.16,28816,13,卖盘
1865,11:04:00,22.17,79780,36,买盘
1866,11:04:06,22.17,59858,27,买盘
1867,11:04:09,22.16,4432,2,卖盘
1868,11:04:12,22.17,272624,123,买盘
1869,11:04:15,22.16,230546,104,卖盘
1870,11:04:18,22.16,70923,32,卖盘
1871,11:04:21,22.16,101936,46,卖盘
1872,11:04:24,22.17,79792,36,买盘
1873,11:04:27,22.16,55400,25,卖盘
1874,11:04:30,22.17,172879,78,买盘
1875,11:04:36,22.16,75346,34,卖盘
1876,11:04:39,22.17,26602,12,买盘
1877,11:04:42,22.16,24386,11,卖盘
1878,11:04:48,22.16,19947,9,卖盘
1879,11:04:51,22.16,57641,26,卖盘
1880,11:04:54,22.16,35460,16,卖盘
1881,11:04:57,22.16,221600,100,卖盘
1882,11:05:00,22.17,88678,40,买盘
1883,11:05:03,22.16,2216,1,卖盘
1884,11:05:06,22.17,44339,20,买盘
1885,11:05:09,22.16,11080,5,卖盘
1886,11:05:12,22.16,15517,7,卖盘
1887,11:05:15,22.17,6649,3,买盘
1888,11:05:18,22.16,2216,1,卖盘
1889,11:05:21,22.17,2217,1,买盘
1890,11:05:24,22.17,6650,3,买盘
1891,11:05:27,22.17,35466,16,买盘
1892,11:05:30,22.16,163984,74,卖盘
1893,11:05:33,22.16,28811,13,卖盘
1894,11:05:36,22.16,257056,116,卖盘
1895,11:05:39,22.17,212754,96,买盘
1896,11:05:42,22.15,79779,36,卖盘
1897,11:05:48,22.16,44316,20,买盘
1898,11:05:57,22.16,13296,6,卖盘
1899,11:06:00,22.17,77600,35,买盘
1900,11:06:03,22.16,8864,4,卖盘
1901,11:06:06,22.17,4434,2,买盘
1902,11:06:12,22.16,37672,17,卖盘
1903,11:06:15,22.15,347838,157,卖盘
1904,11:06:18,22.15,84185,38,卖盘
1905,11:06:21,22.16,37669,17,买盘
1906,11:06:24,22.16,13295,6,买盘
1907,11:06:27,22.15,2215,1,卖盘
1908,11:06:30,22.15,2215,1,卖盘
1909,11:06:33,22.15,22159,10,卖盘
1910,11:06:36,22.15,13290,6,卖盘
1911,11:06:39,22.16,31018,14,买盘
1912,11:06:42,22.16,31022,14,买盘
1913,11:06:45,22.15,2215,1,卖盘
1914,11:06:48,22.15,39876,18,卖盘
1915,11:06:51,22.16,17728,8,买盘
1916,11:06:54,22.16,6647,3,买盘
1917,11:06:57,22.15,2215,1,卖盘
1918,11:07:00,22.15,2215,1,卖盘
1919,11:07:03,22.16,62025,28,买盘
1920,11:07:06,22.16,223716,101,买盘
1921,11:07:09,22.17,82002,37,买盘
1922,11:07:12,22.17,19953,9,买盘
1923,11:07:18,22.17,88674,40,买盘
1924,11:07:21,22.17,33255,15,买盘
1925,11:07:24,22.17,6651,3,买盘
1926,11:07:27,22.17,86446,39,买盘
1927,11:07:30,22.17,15518,7,买盘
1928,11:07:33,22.17,146322,66,买盘
1929,11:07:36,22.17,4434,2,卖盘
1930,11:07:39,22.17,77592,35,卖盘
1931,11:07:42,22.16,108593,49,卖盘
1932,11:07:45,22.16,6648,3,买盘
1933,11:07:48,22.15,22159,10,卖盘
1934,11:07:54,22.15,303455,137,卖盘
1935,11:07:57,22.15,163974,74,卖盘
1936,11:08:00,22.17,22160,10,买盘
1937,11:08:03,22.16,33232,15,中性盘
1938,11:08:06,22.16,26588,12,卖盘
1939,11:08:09,22.15,33235,15,卖盘
1940,11:08:12,22.15,37657,17,卖盘
1941,11:08:15,22.16,50967,23,买盘
1942,11:08:18,22.16,93072,42,买盘
1943,11:08:21,22.16,48752,22,卖盘
1944,11:08:24,22.15,84181,38,卖盘
1945,11:08:27,22.15,15505,7,卖盘
1946,11:08:30,22.15,15506,7,卖盘
1947,11:08:33,22.16,75337,34,买盘
1948,11:08:36,22.15,57591,26,卖盘
1949,11:08:39,22.15,73127,33,卖盘
1950,11:08:42,22.15,37666,17,卖盘
1951,11:08:45,22.16,6647,3,买盘
1952,11:08:48,22.16,57615,26,买盘
1953,11:08:51,22.16,13301,6,卖盘
1954,11:08:54,22.16,4432,2,卖盘
1955,11:09:00,22.17,44334,20,买盘
1956,11:09:03,22.18,350362,158,买盘
1957,11:09:06,22.2,13319,6,买盘
1958,11:09:09,22.2,26618,12,买盘
1959,11:09:12,22.19,11095,5,中性盘
1960,11:09:15,22.2,44385,20,买盘
1961,11:09:18,22.2,17757,8,买盘
1962,11:09:21,22.18,53241,24,卖盘
1963,11:09:24,22.19,71008,32,买盘
1964,11:09:27,22.2,33289,15,买盘
1965,11:09:30,22.2,33300,15,买盘
1966,11:09:33,22.2,53280,24,买盘
1967,11:09:36,22.2,166483,75,买盘
1968,11:09:39,22.19,46597,21,卖盘
1969,11:09:42,22.19,59904,27,买盘
1970,11:09:48,22.18,184094,83,卖盘
1971,11:09:51,22.17,50996,23,卖盘
1972,11:09:54,22.18,51006,23,买盘
1973,11:09:57,22.17,22170,10,中性盘
1974,11:10:00,22.17,144054,65,买盘
1975,11:10:03,22.16,46548,21,卖盘
1976,11:10:09,22.17,2217,1,买盘
1977,11:10:12,22.16,68696,31,卖盘
1978,11:10:15,22.16,73130,33,卖盘
1979,11:10:18,22.17,186225,84,买盘
1980,11:10:21,22.17,15519,7,买盘
1981,11:10:24,22.17,11085,5,买盘
1982,11:10:27,22.16,46556,21,卖盘
1983,11:10:30,22.16,22160,10,卖盘
1984,11:10:33,22.17,130747,59,买盘
1985,11:10:36,22.16,139608,63,卖盘
1986,11:10:39,22.16,15512,7,买盘
1987,11:10:45,22.16,57616,26,买盘
1988,11:10:48,22.15,93069,42,卖盘
1989,11:10:51,22.16,24376,11,中性盘
1990,11:10:54,22.17,88664,40,买盘
1991,11:10:57,22.16,492401,222,买盘
1992,11:11:00,22.17,26598,12,买盘
1993,11:11:03,22.16,35456,16,卖盘
1994,11:11:06,22.16,15512,7,卖盘
1995,11:11:09,22.16,104152,47,卖盘
1996,11:11:12,22.16,42104,19,买盘
1997,11:11:15,22.15,2215,1,卖盘
1998,11:11:24,22.15,104105,47,卖盘
1999,11:11:27,22.15,15505,7,卖盘
2000,11:11:30,22.16,110800,50,买盘
2001,11:11:36,22.15,4430,2,卖盘
2002,11:11:39,22.16,11080,5,买盘
2003,11:11:42,22.16,2216,1,买盘
2004,11:11:48,22.16,22160,10,买盘
2005,11:12:00,22.15,4430,2,卖盘
2006,11:12:03,22.15,48730,22,卖盘
2007,11:12:06,22.15,144005,65,卖盘
2008,11:12:09,22.16,210501,95,买盘
2009,11:12:12,22.15,93036,42,卖盘
2010,11:12:18,22.15,17722,8,卖盘
2011,11:12:27,22.16,2216,1,买盘
2012,11:12:30,22.15,181630,82,卖盘
2013,11:12:33,22.16,305818,138,买盘
2014,11:12:36,22.15,589242,266,卖盘
2015,11:12:39,22.16,28808,13,卖盘
2016,11:12:42,22.16,50968,23,买盘
2017,11:12:45,22.15,4430,2,卖盘
2018,11:13:06,22.15,1541267,696,卖盘
2019,11:13:09,22.15,37655,17,买盘
2020,11:13:12,22.15,13290,6,卖盘
2021,11:13:15,22.15,64235,29,卖盘
2022,11:13:18,22.15,6645,3,卖盘
2023,11:13:21,22.15,75312,34,卖盘
2024,11:13:24,22.15,296822,134,买盘
2025,11:13:27,22.16,17728,8,买盘
2026,11:13:36,22.15,59829,27,卖盘
2027,11:13:39,22.16,31020,14,买盘
2028,11:13:42,22.15,8860,4,卖盘
2029,11:13:45,22.16,13295,6,买盘
2030,11:13:48,22.15,64235,29,卖盘
2031,11:13:51,22.16,22160,10,买盘
2032,11:13:54,22.15,28795,13,卖盘
2033,11:14:00,22.15,6645,3,卖盘
2034,11:14:03,22.16,6646,3,买盘
2035,11:14:06,22.15,2215,1,卖盘
2036,11:14:09,22.15,68665,31,卖盘
2037,11:14:12,22.15,13290,6,卖盘
2038,11:14:15,22.15,307894,139,卖盘
2039,11:14:18,22.15,143975,65,买盘
2040,11:14:21,22.15,22144,10,买盘
2041,11:14:24,22.15,13287,6,买盘
2042,11:14:27,22.15,8860,4,买盘
2043,11:14:30,22.15,199350,90,买盘
2044,11:14:33,22.15,13295,6,卖盘
2045,11:14:39,22.15,28799,13,卖盘
2046,11:14:42,22.15,31011,14,卖盘
2047,11:14:45,22.15,6645,3,卖盘
2048,11:14:54,22.15,383256,173,卖盘
2049,11:15:00,22.16,4432,2,买盘
2050,11:15:03,22.16,42104,19,买盘
2051,11:15:06,22.16,2216,1,卖盘
2052,11:15:09,22.17,77565,35,买盘
2053,11:15:12,22.17,97557,44,买盘
2054,11:15:15,22.19,33274,15,买盘
2055,11:15:18,22.17,164086,74,卖盘
2056,11:15:21,22.2,137620,62,买盘
2057,11:15:24,22.19,2219,1,中性盘
2058,11:15:30,22.19,35504,16,买盘
2059,11:15:33,22.19,28847,13,卖盘
2060,11:15:36,22.19,86520,39,买盘
2061,11:15:39,22.18,70994,32,卖盘
2062,11:15:42,22.18,195214,88,卖盘
2063,11:15:45,22.18,6657,3,卖盘
2064,11:15:48,22.18,22180,10,卖盘
2065,11:15:51,22.19,62127,28,买盘
2066,11:15:54,22.19,17752,8,卖盘
2067,11:16:00,22.2,48840,22,买盘
2068,11:16:03,22.2,13320,6,买盘
2069,11:16:09,22.19,6657,3,卖盘
2070,11:16:12,22.2,150957,68,买盘
2071,11:16:15,22.2,55500,25,买盘
2072,11:16:18,22.2,24420,11,买盘
2073,11:16:21,22.19,17752,8,卖盘
2074,11:16:24,22.2,219769,99,买盘
2075,11:16:27,22.2,2220,1,卖盘
2076,11:16:30,22.2,53299,24,卖盘
2077,11:16:33,22.2,19980,9,卖盘
2078,11:16:36,22.2,55510,25,卖盘
2079,11:16:39,22.19,184261,83,卖盘
2080,11:16:42,22.18,257626,116,卖盘
2081,11:16:45,22.18,46592,21,卖盘
2082,11:16:48,22.18,11090,5,卖盘
2083,11:16:54,22.19,17752,8,卖盘
2084,11:16:57,22.19,2219,1,卖盘
2085,11:17:00,22.19,117642,53,卖盘
2086,11:17:03,22.18,17744,8,卖盘
2087,11:17:06,22.19,11095,5,买盘
2088,11:17:09,22.19,66570,30,买盘
2089,11:17:12,22.2,31076,14,买盘
2090,11:17:18,22.2,2220,1,买盘
2091,11:17:21,22.19,46616,21,卖盘
2092,11:17:24,22.19,2219,1,卖盘
2093,11:17:27,22.2,2220,1,买盘
2094,11:17:30,22.19,19971,9,卖盘
2095,11:17:33,22.19,26629,12,卖盘
2096,11:17:36,22.2,15540,7,买盘
2097,11:17:39,22.2,130979,59,买盘
2098,11:17:42,22.2,59935,27,买盘
2099,11:17:48,22.2,11100,5,买盘
2100,11:17:51,22.19,93200,42,卖盘
2101,11:17:54,22.19,215243,97,卖盘
2102,11:17:57,22.2,90998,41,买盘
2103,11:18:00,22.19,33281,15,卖盘
2104,11:18:03,22.19,173080,78,买盘
2105,11:18:06,22.18,64344,29,卖盘
2106,11:18:09,22.19,6657,3,买盘
2107,11:18:12,22.19,62132,28,买盘
2108,11:18:15,22.18,33282,15,卖盘
2109,11:18:18,22.19,15533,7,卖盘
2110,11:18:21,22.19,8876,4,卖盘
2111,11:18:24,22.2,28860,13,买盘
2112,11:18:27,22.2,6658,3,买盘
2113,11:18:30,22.21,122103,55,买盘
2114,11:18:33,22.2,24427,11,卖盘
2115,11:18:36,22.2,46620,21,卖盘
2116,11:18:39,22.19,24409,11,卖盘
2117,11:18:42,22.2,88800,40,买盘
2118,11:18:45,22.2,15540,7,卖盘
2119,11:18:48,22.2,6660,3,中性盘
2120,11:18:51,22.19,4438,2,卖盘
2121,11:19:00,22.2,31074,14,买盘
2122,11:19:06,22.19,126533,57,卖盘
2123,11:19:09,22.19,104299,47,卖盘
2124,11:19:12,22.18,46586,21,卖盘
2125,11:19:15,22.18,33271,15,卖盘
2126,11:19:18,22.17,1091090,492,卖盘
2127,11:19:21,22.17,75377,34,卖盘
2128,11:19:24,22.17,53203,24,卖盘
2129,11:19:30,22.17,37681,17,买盘
2130,11:19:33,22.17,31038,14,买盘
2131,11:19:36,22.16,157336,71,卖盘
2132,11:19:39,22.17,88680,40,买盘
2133,11:19:42,22.16,55424,25,卖盘
2134,11:19:45,22.16,2216,1,卖盘
2135,11:19:48,22.16,2216,1,卖盘
2136,11:19:51,22.16,17728,8,卖盘
2137,11:19:54,22.16,2216,1,卖盘
2138,11:19:57,22.16,37685,17,卖盘
2139,11:20:00,22.17,33255,15,买盘
2140,11:20:03,22.17,24387,11,买盘
2141,11:20:06,22.16,86432,39,卖盘
2142,11:20:09,22.16,13301,6,卖盘
2143,11:20:15,22.17,82029,37,买盘
2144,11:20:18,22.17,44340,20,买盘
2145,11:20:24,22.16,6648,3,卖盘
2146,11:20:30,22.17,22170,10,买盘
2147,11:20:33,22.16,17733,8,卖盘
2148,11:20:36,22.17,11081,5,买盘
2149,11:20:42,22.17,62072,28,买盘
2150,11:20:45,22.16,11080,5,卖盘
2151,11:20:48,22.17,68723,31,买盘
2152,11:20:51,22.17,11084,5,买盘
2153,11:20:54,22.17,6651,3,买盘
2154,11:20:57,22.17,212876,96,买盘
2155,11:21:00,22.17,2217,1,卖盘
2156,11:21:03,22.17,179575,81,卖盘
2157,11:21:06,22.17,19949,9,买盘
2158,11:21:09,22.16,6650,3,卖盘
2159,11:21:12,22.17,11085,5,买盘
2160,11:21:15,22.17,106416,48,买盘
2161,11:21:18,22.17,42128,19,卖盘
2162,11:21:21,22.17,651798,294,卖盘
2163,11:21:24,22.17,75371,34,买盘
2164,11:21:27,22.16,2216,1,卖盘
2165,11:21:30,22.17,55425,25,买盘
2166,11:21:33,22.17,13300,6,买盘
2167,11:21:36,22.16,97528,44,卖盘
2168,11:21:39,22.17,6651,3,买盘
2169,11:21:42,22.16,26602,12,卖盘
2170,11:21:45,22.17,46556,21,买盘
2171,11:21:48,22.17,15519,7,买盘
2172,11:21:51,22.18,2218,1,买盘
2173,11:21:57,22.18,22177,10,买盘
2174,11:22:00,22.18,13308,6,买盘
2175,11:22:03,22.18,24398,11,买盘
2176,11:22:06,22.18,75411,34,卖盘
2177,11:22:09,22.18,281578,127,买盘
2178,11:22:15,22.17,11088,5,卖盘
2179,11:22:18,22.17,166278,75,卖盘
2180,11:22:21,22.17,77600,35,卖盘
2181,11:22:24,22.16,11083,5,卖盘
2182,11:22:27,22.17,108633,49,买盘
2183,11:22:30,22.16,2216,1,卖盘
2184,11:22:33,22.17,44340,20,买盘
2185,11:22:36,22.17,26604,12,买盘
2186,11:22:42,22.17,166276,75,卖盘
2187,11:22:45,22.16,296984,134,卖盘
2188,11:22:48,22.17,13302,6,买盘
2189,11:22:54,22.16,4432,2,卖盘
2190,11:23:00,22.17,86458,39,买盘
2191,11:23:03,22.17,19953,9,买盘
2192,11:23:06,22.17,64293,29,卖盘
2193,11:23:09,22.17,128588,58,卖盘
2194,11:23:12,22.17,126369,57,卖盘
2195,11:23:15,22.16,75349,34,卖盘
2196,11:23:18,22.16,37672,17,卖盘
2197,11:23:21,22.16,214973,97,卖盘
2198,11:23:24,22.16,33242,15,卖盘
2199,11:23:27,22.16,24376,11,卖盘
2200,11:23:30,22.17,88650,40,买盘
2201,11:23:33,22.16,31024,14,卖盘
2202,11:23:36,22.16,75363,34,卖盘
2203,11:23:39,22.16,290296,131,卖盘
2204,11:23:42,22.16,121880,55,卖盘
2205,11:23:45,22.16,119665,54,卖盘
2206,11:23:48,22.16,22160,10,卖盘
2207,11:23:51,22.16,13297,6,卖盘
2208,11:23:54,22.17,2217,1,买盘
2209,11:23:57,22.16,15512,7,卖盘
2210,11:24:03,22.16,84208,38,卖盘
2211,11:24:06,22.16,121880,55,卖盘
2212,11:24:09,22.17,11081,5,买盘
2213,11:24:12,22.16,44325,20,卖盘
2214,11:24:15,22.16,48772,22,卖盘
2215,11:24:18,22.17,11081,5,买盘
2216,11:24:21,22.17,13302,6,买盘
2217,11:24:24,22.17,31038,14,买盘
2218,11:24:27,22.17,33255,15,买盘
2219,11:24:30,22.16,37679,17,卖盘
2220,11:24:33,22.18,252741,114,买盘
2221,11:24:36,22.18,8872,4,买盘
2222,11:24:39,22.18,2218,1,买盘
2223,11:24:45,22.17,82045,37,卖盘
2224,11:24:48,22.17,11085,5,卖盘
2225,11:24:51,22.17,600816,271,卖盘
2226,11:24:54,22.16,232777,105,卖盘
2227,11:24:57,22.16,13297,6,卖盘
2228,11:25:00,22.17,13301,6,买盘
2229,11:25:03,22.16,283649,128,卖盘
2230,11:25:06,22.16,263715,119,卖盘
2231,11:25:09,22.16,4432,2,买盘
2232,11:25:12,22.15,19943,9,卖盘
2233,11:25:15,22.15,22150,10,卖盘
2234,11:25:18,22.15,17721,8,卖盘
2235,11:25:21,22.16,536268,242,买盘
2236,11:25:24,22.17,381291,172,买盘
2237,11:25:27,22.17,17739,8,卖盘
2238,11:25:30,22.17,8868,4,卖盘
2239,11:25:36,22.17,31038,14,卖盘
2240,11:25:39,22.17,2217,1,卖盘
2241,11:25:45,22.18,39924,18,买盘
2242,11:25:48,22.18,2218,1,买盘
2243,11:25:51,22.17,24387,11,卖盘
2244,11:25:54,22.17,33258,15,卖盘
2245,11:25:57,22.18,95374,43,买盘
2246,11:26:00,22.18,6654,3,卖盘
2247,11:26:03,22.18,24398,11,卖盘
2248,11:26:06,22.18,19962,9,卖盘
2249,11:26:09,22.18,11090,5,买盘
2250,11:26:12,22.17,33265,15,卖盘
2251,11:26:15,22.17,31038,14,卖盘
2252,11:26:18,22.18,77617,35,卖盘
2253,11:26:21,22.18,6652,3,买盘
2254,11:26:24,22.17,93114,42,卖盘
2255,11:26:27,22.17,133022,60,卖盘
2256,11:26:30,22.17,13303,6,卖盘
2257,11:26:33,22.18,110901,50,买盘
2258,11:26:36,22.18,24399,11,卖盘
2259,11:26:39,22.18,55450,25,卖盘
2260,11:26:42,22.18,42142,19,卖盘
2261,11:26:45,22.18,13313,6,卖盘
2262,11:26:48,22.18,8872,4,卖盘
2263,11:26:51,22.18,4436,2,卖盘
2264,11:26:54,22.19,35496,16,买盘
2265,11:26:57,22.19,2219,1,买盘
2266,11:27:00,22.18,24399,11,卖盘
2267,11:27:06,22.18,24398,11,卖盘
2268,11:27:09,22.18,6654,3,卖盘
2269,11:27:12,22.17,350434,158,卖盘
2270,11:27:15,22.17,17738,8,卖盘
2271,11:27:18,22.17,2217,1,卖盘
2272,11:27:21,22.17,2217,1,卖盘
2273,11:27:24,22.17,2217,1,卖盘
2274,11:27:27,22.17,37689,17,卖盘
2275,11:27:30,22.17,11085,5,卖盘
2276,11:27:33,22.17,28822,13,卖盘
2277,11:27:36,22.17,24387,11,卖盘
2278,11:27:39,22.17,37689,17,卖盘
2279,11:27:42,22.17,64293,29,卖盘
2280,11:27:45,22.17,235002,106,卖盘
2281,11:27:48,22.16,28810,13,卖盘
2282,11:27:51,22.16,2216,1,卖盘
2283,11:27:54,22.16,8864,4,卖盘
2284,11:27:57,22.16,108584,49,卖盘
2285,11:28:00,22.17,6649,3,买盘
2286,11:28:03,22.16,4432,2,卖盘
2287,11:28:06,22.16,22160,10,卖盘
2288,11:28:09,22.16,24376,11,卖盘
2289,11:28:12,22.16,44320,20,卖盘
2290,11:28:15,22.16,46536,21,卖盘
2291,11:28:18,22.16,44321,20,卖盘
2292,11:28:21,22.16,28808,13,卖盘
2293,11:28:27,22.16,24376,11,卖盘
2294,11:28:30,22.16,234978,106,卖盘
2295,11:28:33,22.16,70914,32,卖盘
2296,11:28:36,22.16,232680,105,卖盘
2297,11:28:39,22.16,46535,21,卖盘
2298,11:28:42,22.15,77551,35,卖盘
2299,11:28:45,22.15,13295,6,卖盘
2300,11:28:48,22.16,50968,23,买盘
2301,11:28:51,22.16,26583,12,买盘
2302,11:28:57,22.15,50963,23,卖盘
2303,11:29:00,22.16,11077,5,买盘
2304,11:29:03,22.16,130692,59,买盘
2305,11:29:06,22.16,6648,3,买盘
2306,11:29:09,22.15,6645,3,卖盘
2307,11:29:15,22.15,15505,7,卖盘
2308,11:29:18,22.15,59805,27,卖盘
2309,11:29:21,22.16,24370,11,买盘
2310,11:29:24,22.16,13296,6,买盘
2311,11:29:27,22.15,50951,23,卖盘
2312,11:29:30,22.15,13291,6,卖盘
2313,11:29:33,22.15,81959,37,卖盘
2314,11:29:36,22.15,48730,22,卖盘
2315,11:29:39,22.15,4431,2,卖盘
2316,11:29:42,22.15,4430,2,卖盘
2317,11:29:48,22.15,4430,2,卖盘
2318,11:29:51,22.16,2216,1,买盘
2319,11:29:54,22.16,137392,62,买盘
2320,11:29:57,22.16,128525,58,买盘
2321,13:00:00,22.16,3797834,1715,买盘
2322,13:00:03,22.13,292236,132,卖盘
2323,13:00:06,22.12,190317,86,卖盘
2324,13:00:09,22.14,42053,19,买盘
2325,13:00:12,22.13,33195,15,卖盘
2326,13:00:15,22.12,236685,107,卖盘
2327,13:00:18,22.12,289773,131,卖盘
2328,13:00:21,22.11,112802,51,卖盘
2329,13:00:24,22.11,57491,26,卖盘
2330,13:00:27,22.11,24321,11,卖盘
2331,13:00:30,22.11,35376,16,卖盘
2332,13:00:33,22.12,4423,2,买盘
2333,13:00:36,22.13,719163,325,买盘
2334,13:00:39,22.14,199294,90,买盘
2335,13:00:42,22.15,15505,7,买盘
2336,13:00:45,22.14,48699,22,卖盘
2337,13:00:48,22.15,64226,29,买盘
2338,13:00:51,22.13,8853,4,卖盘
2339,13:00:54,22.13,13278,6,卖盘
2340,13:01:00,22.12,30980,14,卖盘
2341,13:01:03,22.13,6639,3,买盘
2342,13:01:06,22.13,28769,13,卖盘
2343,13:01:09,22.12,2212,1,卖盘
2344,13:01:12,22.1,2109197,954,卖盘
2345,13:01:15,22.11,845782,382,卖盘
2346,13:01:18,22.13,274475,124,买盘
2347,13:01:21,22.13,2213,1,买盘
2348,13:01:24,22.11,15477,7,卖盘
2349,13:01:27,22.11,41998,19,卖盘
2350,13:01:30,22.12,39799,18,买盘
2351,13:01:36,22.12,81844,37,买盘
2352,13:01:39,22.12,15483,7,卖盘
2353,13:01:42,22.11,2211,1,卖盘
2354,13:01:45,22.11,13271,6,卖盘
2355,13:01:48,22.11,42009,19,卖盘
2356,13:01:51,22.12,24322,11,买盘
2357,13:01:54,22.12,39803,18,买盘
2358,13:01:57,22.11,198991,90,卖盘
2359,13:02:00,22.1,59686,27,卖盘
2360,13:02:03,22.1,22100,10,卖盘
2361,13:02:06,22.12,22111,10,买盘
2362,13:02:09,22.1,53040,24,卖盘
2363,13:02:12,22.11,19898,9,买盘
2364,13:02:15,22.11,39797,18,买盘
2365,13:02:18,22.11,44218,20,买盘
2366,13:02:21,22.1,733830,332,卖盘
2367,13:02:24,22.12,769250,348,买盘
2368,13:02:27,22.11,165805,75,买盘
2369,13:02:30,22.11,26523,12,买盘
2370,13:02:33,22.11,13266,6,买盘
2371,13:02:36,22.11,4422,2,卖盘
2372,13:02:39,22.11,2211,1,卖盘
2373,13:02:42,22.11,28743,13,卖盘
2374,13:02:45,22.11,4422,2,卖盘
2375,13:02:48,22.12,4424,2,买盘
2376,13:02:51,22.12,2212,1,买盘
2377,13:02:57,22.11,6633,3,卖盘
2378,13:03:00,22.11,19899,9,卖盘
2379,13:03:03,22.11,53064,24,卖盘
2380,13:03:06,22.1,1390358,629,卖盘
2381,13:03:09,22.11,369451,167,卖盘
2382,13:03:12,22.11,201200,91,买盘
2383,13:03:15,22.12,59727,27,买盘
2384,13:03:18,22.13,48684,22,买盘
2385,13:03:21,22.14,17710,8,买盘
2386,13:03:27,22.14,11070,5,买盘
2387,13:03:30,22.14,276657,125,卖盘
2388,13:03:33,22.15,753652,340,买盘
2389,13:03:36,22.19,361628,163,买盘
2390,13:03:39,22.25,1304365,587,买盘
2391,13:03:42,22.25,1755440,789,买盘
2392,13:03:45,22.23,513877,231,卖盘
2393,13:03:48,22.24,195635,88,买盘
2394,13:03:51,22.22,13334,6,卖盘
2395,13:03:54,22.22,26676,12,卖盘
2396,13:03:57,22.23,393301,177,买盘
2397,13:04:00,22.23,77805,35,买盘
2398,13:04:03,22.23,26675,12,中性盘
2399,13:04:06,22.25,693832,312,买盘
2400,13:04:09,22.26,955456,429,买盘
2401,13:04:12,22.3,427807,192,买盘
2402,13:04:15,22.27,1036541,465,卖盘
2403,13:04:18,22.26,1684897,756,卖盘
2404,13:04:21,22.27,419130,188,卖盘
2405,13:04:24,22.28,331864,149,中性盘
2406,13:04:27,22.29,11142,5,买盘
2407,13:04:30,22.26,28947,13,卖盘
2408,13:04:33,22.26,13356,6,卖盘
2409,13:04:36,22.27,66791,30,买盘
2410,13:04:39,22.24,396187,178,卖盘
2411,13:04:42,22.23,82307,37,卖盘
2412,13:04:45,22.24,80037,36,买盘
2413,13:04:48,22.25,6792160,3043,买盘
2414,13:04:51,22.32,1132712,508,买盘
2415,13:04:54,22.31,64720,29,卖盘
2416,13:04:57,22.35,4519955,2023,买盘
2417,13:05:00,22.35,545353,244,买盘
2418,13:05:03,22.35,1862534,833,卖盘
2419,13:05:06,22.32,453480,203,卖盘
2420,13:05:09,22.34,263523,118,买盘
2421,13:05:12,22.33,24556,11,中性盘
2422,13:05:15,22.34,459849,206,买盘
2423,13:05:18,22.33,89321,40,买盘
2424,13:05:21,22.32,158512,71,卖盘
2425,13:05:24,22.3,95939,43,卖盘
2426,13:05:27,22.28,343516,154,卖盘
2427,13:05:30,22.3,11154,5,中性盘
2428,13:05:33,22.3,33431,15,中性盘
2429,13:05:36,22.33,4555676,2039,买盘
2430,13:05:39,22.33,277006,124,买盘
2431,13:05:42,22.37,3133625,1402,买盘
2432,13:05:45,22.37,402717,180,买盘
2433,13:05:48,22.38,559481,250,买盘
2434,13:05:51,22.38,398363,178,买盘
2435,13:05:54,22.36,800845,358,卖盘
2436,13:05:57,22.36,201261,90,卖盘
2437,13:06:00,22.36,93907,42,卖盘
2438,13:06:03,22.36,143125,64,买盘
2439,13:06:06,22.36,35770,16,买盘
2440,13:06:09,22.36,46955,21,买盘
2441,13:06:12,22.36,350907,157,买盘
2442,13:06:15,22.32,352878,158,卖盘
2443,13:06:18,22.36,1164268,521,买盘
2444,13:06:21,22.32,71427,32,卖盘
2445,13:06:24,22.33,8934,4,中性盘
2446,13:06:27,22.35,60330,27,买盘
2447,13:06:30,22.33,66999,30,卖盘
2448,13:06:33,22.32,29026,13,卖盘
2449,13:06:36,22.33,8931,4,买盘
2450,13:06:39,22.33,294721,132,买盘
2451,13:06:42,22.32,236623,106,卖盘
2452,13:06:48,22.32,20089,9,卖盘
2453,13:06:51,22.32,44644,20,卖盘
2454,13:06:57,22.32,8929,4,卖盘
2455,13:07:00,22.32,95982,43,卖盘
2456,13:07:03,22.33,674363,302,买盘
2457,13:07:06,22.33,13398,6,买盘
2458,13:07:09,22.32,11160,5,卖盘
2459,13:07:12,22.32,11161,5,卖盘
2460,13:07:15,22.31,725408,325,卖盘
2461,13:07:18,22.31,91478,41,卖盘
2462,13:07:21,22.3,49062,22,卖盘
2463,13:07:24,22.29,182859,82,卖盘
2464,13:07:27,22.29,69100,31,卖盘
2465,13:07:30,22.29,26748,12,买盘
2466,13:07:33,22.29,104762,47,买盘
2467,13:07:36,22.29,8914,4,卖盘
2468,13:07:39,22.28,73534,33,卖盘
2469,13:07:42,22.29,35664,16,买盘
2470,13:07:45,22.28,42332,19,卖盘
2471,13:07:48,22.28,31192,14,卖盘
2472,13:07:51,22.29,35653,16,买盘
2473,13:07:54,22.28,15597,7,卖盘
2474,13:07:57,22.28,91385,41,卖盘
2475,13:08:00,22.29,13371,6,买盘
2476,13:08:03,22.28,142644,64,卖盘
2477,13:08:06,22.29,53496,24,买盘
2478,13:08:09,22.28,46788,21,卖盘
2479,13:08:12,22.29,387830,174,买盘
2480,13:08:15,22.29,185053,83,卖盘
2481,13:08:18,22.29,15607,7,卖盘
2482,13:08:21,22.29,78015,35,卖盘
2483,13:08:24,22.29,129318,58,卖盘
2484,13:08:27,22.27,541403,243,卖盘
2485,13:08:30,22.27,204951,92,卖盘
2486,13:08:33,22.27,2227,1,买盘
2487,13:08:36,22.27,2227,1,买盘
2488,13:08:39,22.27,51204,23,卖盘
2489,13:08:42,22.27,160368,72,卖盘
2490,13:08:45,22.28,6684,3,买盘
2491,13:08:48,22.27,26724,12,卖盘
2492,13:08:51,22.27,187108,84,卖盘
2493,13:08:54,22.27,184894,83,卖盘
2494,13:08:57,22.27,42320,19,卖盘
2495,13:09:00,22.27,2227,1,卖盘
2496,13:09:03,22.28,42329,19,买盘
2497,13:09:06,22.26,848483,381,卖盘
2498,13:09:09,22.25,211549,95,卖盘
2499,13:09:12,22.25,222605,100,卖盘
2500,13:09:15,22.27,133626,60,中性盘
2501,13:09:18,22.28,412180,185,买盘
2502,13:09:21,22.29,151528,68,买盘
2503,13:09:24,22.28,617590,277,卖盘
2504,13:09:27,22.32,283436,127,买盘
2505,13:09:30,22.31,35710,16,中性盘
2506,13:09:33,22.3,144987,65,卖盘
2507,13:09:36,22.32,450843,202,买盘
2508,13:09:39,22.33,663241,297,买盘
2509,13:09:42,22.33,80422,36,卖盘
2510,13:09:45,22.33,49128,22,卖盘
2511,13:09:48,22.33,679392,304,卖盘
2512,13:09:51,22.32,350769,157,卖盘
2513,13:09:54,22.33,357380,160,买盘
2514,13:09:57,22.3,4461,2,卖盘
2515,13:10:00,22.33,216572,97,买盘
2516,13:10:03,22.32,269893,121,买盘
2517,13:10:09,22.3,17847,8,卖盘
2518,13:10:12,22.3,145012,65,卖盘
2519,13:10:15,22.31,147298,66,中性盘
2520,13:10:18,22.3,218605,98,卖盘
2521,13:10:21,22.3,153913,69,卖盘
2522,13:10:24,22.31,69136,31,买盘
2523,13:10:27,22.3,182860,82,卖盘
2524,13:10:30,22.29,2229,1,卖盘
2525,13:10:33,22.29,8916,4,卖盘
2526,13:10:36,22.3,149355,67,买盘
2527,13:10:39,22.29,6687,3,中性盘
2528,13:10:42,22.29,22296,10,卖盘
2529,13:10:45,22.3,437038,196,买盘
2530,13:10:48,22.3,167250,75,卖盘
2531,13:10:51,22.3,95890,43,买盘
2532,13:10:54,22.3,1194784,536,卖盘
2533,13:10:57,22.3,20073,9,中性盘
2534,13:11:00,22.32,263376,118,买盘
2535,13:11:03,22.3,566663,254,卖盘
2536,13:11:06,22.3,2230,1,卖盘
2537,13:11:09,22.3,11150,5,卖盘
2538,13:11:12,22.3,111543,50,卖盘
2539,13:11:15,22.3,75830,34,卖盘
2540,13:11:18,22.29,880941,395,卖盘
2541,13:11:21,22.29,35678,16,卖盘
2542,13:11:24,22.3,165020,74,买盘
2543,13:11:27,22.31,55760,25,买盘
2544,13:11:33,22.3,316660,142,卖盘
2545,13:11:36,22.3,28990,13,买盘
2546,13:11:42,22.3,89169,40,买盘
2547,13:11:45,22.29,15603,7,卖盘
2548,13:11:48,22.3,4460,2,买盘
2549,13:11:51,22.29,2229,1,卖盘
2550,13:11:54,22.31,327800,147,买盘
2551,13:11:57,22.29,144895,65,卖盘
2552,13:12:00,22.3,147180,66,中性盘
2553,13:12:03,22.3,60210,27,买盘
2554,13:12:06,22.29,111459,50,卖盘
2555,13:12:09,22.29,26748,12,卖盘
2556,13:12:12,22.28,151567,68,卖盘
2557,13:12:15,22.31,1846378,828,买盘
2558,13:12:18,22.3,86997,39,卖盘
2559,13:12:21,22.3,412826,185,卖盘
2560,13:12:24,22.3,528584,237,卖盘
2561,13:12:27,22.3,26762,12,卖盘
2562,13:12:33,22.3,42370,19,卖盘
2563,13:12:36,22.3,49065,22,卖盘
2564,13:12:39,22.3,245309,110,卖盘
2565,13:12:42,22.31,57989,26,买盘
2566,13:12:45,22.3,209620,94,卖盘
2567,13:12:48,22.31,91435,41,买盘
2568,13:12:51,22.31,196327,88,买盘
2569,13:12:54,22.3,669137,300,卖盘
2570,13:12:57,22.3,113730,51,买盘
2571,13:13:00,22.3,78063,35,卖盘
2572,13:13:03,22.31,136091,61,买盘
2573,13:13:06,22.31,258884,116,买盘
2574,13:13:09,22.32,357099,160,买盘
2575,13:13:12,22.32,13397,6,卖盘
2576,13:13:15,22.34,844220,378,买盘
2577,13:13:18,22.34,6702,3,买盘
2578,13:13:21,22.33,818140,366,卖盘
2579,13:13:24,22.36,597012,267,买盘
2580,13:13:27,22.36,281736,126,卖盘
2581,13:13:30,22.38,785323,351,买盘
2582,13:13:33,22.38,604245,270,买盘
2583,13:13:36,22.38,120895,54,卖盘
2584,13:13:39,22.39,53735,24,买盘
2585,13:13:42,22.38,1002391,448,卖盘
2586,13:13:45,22.37,789903,353,买盘
2587,13:13:48,22.36,490117,219,卖盘
2588,13:13:51,22.37,33555,15,买盘
2589,13:13:54,22.37,261676,117,买盘
2590,13:13:57,22.37,29081,13,卖盘
2591,13:14:00,22.37,288673,129,卖盘
2592,13:14:03,22.37,11185,5,买盘
2593,13:14:06,22.36,230369,103,卖盘
2594,13:14:09,22.37,725009,324,买盘
2595,13:14:12,22.37,120790,54,卖盘
2596,13:14:15,22.36,366866,164,卖盘
2597,13:14:18,22.36,916753,410,卖盘
2598,13:14:21,22.36,67072,30,买盘
2599,13:14:24,22.34,297216,133,卖盘
2600,13:14:27,22.36,241477,108,买盘
2601,13:14:30,22.37,456128,204,买盘
2602,13:14:33,22.37,310894,139,买盘
2603,13:14:36,22.36,42493,19,卖盘
2604,13:14:39,22.37,114087,51,买盘
2605,13:14:45,22.38,170032,76,买盘
2606,13:14:48,22.36,317762,142,卖盘
2607,13:14:51,22.37,15657,7,买盘
2608,13:14:54,22.36,375660,168,卖盘
2609,13:14:57,22.35,17883,8,卖盘
2610,13:15:00,22.34,341966,153,卖盘
2611,13:15:03,22.35,172041,77,买盘
2612,13:15:06,22.34,609882,273,卖盘
2613,13:15:09,22.33,42459,19,卖盘
2614,13:15:12,22.33,473693,212,卖盘
2615,13:15:15,22.34,4468,2,买盘
2616,13:15:18,22.34,64786,29,买盘
2617,13:15:21,22.33,13403,6,卖盘
2618,13:15:24,22.33,26796,12,卖盘
2619,13:15:27,22.33,80398,36,卖盘
2620,13:15:30,22.32,247842,111,卖盘
2621,13:15:33,22.31,285677,128,卖盘
2622,13:15:36,22.31,40175,18,卖盘
2623,13:15:39,22.31,71408,32,卖盘
2624,13:15:42,22.31,82547,37,卖盘
2625,13:15:45,22.31,58000,26,买盘
2626,13:15:48,22.31,169546,76,买盘
2627,13:15:51,22.31,31234,14,买盘
2628,13:15:54,22.3,2230,1,卖盘
2629,13:15:57,22.3,98120,44,卖盘
2630,13:16:00,22.31,512906,230,买盘
2631,13:16:03,22.3,173959,78,卖盘
2632,13:16:06,22.3,37924,17,卖盘
2633,13:16:09,22.31,24538,11,卖盘
2634,13:16:12,22.31,756045,339,卖盘
2635,13:16:15,22.32,111600,50,买盘
2636,13:16:18,22.32,84816,38,卖盘
2637,13:16:21,22.31,147341,66,卖盘
2638,13:16:24,22.33,267929,120,买盘
2639,13:16:27,22.32,44641,20,中性盘
2640,13:16:30,22.32,11160,5,卖盘
2641,13:16:33,22.32,42408,19,买盘
2642,13:16:36,22.32,24552,11,卖盘
2643,13:16:39,22.32,26784,12,买盘
2644,13:16:45,22.32,337149,151,卖盘
2645,13:16:48,22.32,37944,17,卖盘
2646,13:16:51,22.31,328099,147,卖盘
2647,13:16:54,22.31,966113,433,卖盘
2648,13:16:57,22.31,78085,35,卖盘
2649,13:17:00,22.31,89240,40,卖盘
2650,13:17:03,22.31,265509,119,卖盘
2651,13:17:09,22.3,60210,27,卖盘
2652,13:17:12,22.3,22300,10,卖盘
2653,13:17:15,22.3,147184,66,卖盘
2654,13:17:18,22.32,707366,317,买盘
2655,13:17:21,22.31,2231,1,卖盘
2656,13:17:24,22.31,98164,44,卖盘
2657,13:17:27,22.31,6693,3,卖盘
2658,13:17:30,22.31,35696,16,卖盘
2659,13:17:33,22.31,301184,135,卖盘
2660,13:17:36,22.31,348036,156,买盘
2661,13:17:39,22.31,2231,1,卖盘
2662,13:17:42,22.31,4462,2,卖盘
2663,13:17:48,22.31,225331,101,卖盘
2664,13:17:51,22.31,31244,14,卖盘
2665,13:17:54,22.31,2231,1,卖盘
2666,13:17:57,22.32,479844,215,买盘
2667,13:18:00,22.3,102604,46,卖盘
2668,13:18:03,22.31,13386,6,中性盘
2669,13:18:06,22.3,294382,132,卖盘
2670,13:18:09,22.31,55773,25,中性盘
2671,13:18:12,22.32,158465,71,买盘
2672,13:18:15,22.32,13386,6,买盘
2673,13:18:18,22.3,11154,5,卖盘
2674,13:18:21,22.31,694041,311,买盘
2675,13:18:24,22.31,35696,16,中性盘
2676,13:18:27,22.34,741526,332,买盘
2677,13:18:30,22.32,55800,25,中性盘
2678,13:18:33,22.32,2232,1,中性盘
2679,13:18:36,22.32,104904,47,卖盘
2680,13:18:39,22.33,104948,47,买盘
2681,13:18:42,22.36,1544430,691,买盘
2682,13:18:45,22.37,541508,242,买盘
2683,13:18:48,22.38,391783,175,买盘
2684,13:18:51,22.39,420925,188,买盘
2685,13:18:54,22.4,1823352,814,买盘
2686,13:18:57,22.4,457132,204,卖盘
2687,13:19:00,22.46,7378290,3290,买盘
2688,13:19:03,22.46,2019512,899,买盘
2689,13:19:06,22.45,918733,409,卖盘
2690,13:19:09,22.46,184111,82,中性盘
2691,13:19:12,22.45,664648,296,中性盘
2692,13:19:15,22.46,914207,407,买盘
2693,13:19:18,22.47,1240618,552,买盘
2694,13:19:21,22.52,5406935,2404,买盘
2695,13:19:24,22.53,279320,124,中性盘
2696,13:19:27,22.54,356165,158,买盘
2697,13:19:30,22.54,1799133,798,卖盘
2698,13:19:33,22.6,3140860,1392,买盘
2699,13:19:36,22.6,359230,159,买盘
2700,13:19:39,22.59,937891,415,中性盘
2701,13:19:42,22.62,2921962,1293,买盘
2702,13:19:45,22.6,536051,237,卖盘
2703,13:19:48,22.62,895293,396,中性盘
2704,13:19:51,22.62,1292699,572,买盘
2705,13:19:54,22.6,1245554,551,中性盘
2706,13:19:57,22.58,578205,256,卖盘
2707,13:20:00,22.53,4452642,1974,卖盘
2708,13:20:03,22.58,1378971,611,买盘
2709,13:20:06,22.56,1650102,731,中性盘
2710,13:20:09,22.56,754972,335,买盘
2711,13:20:12,22.56,575162,255,买盘
2712,13:20:15,22.56,318063,141,买盘
2713,13:20:18,22.54,1183784,525,卖盘
2714,13:20:21,22.52,648781,288,卖盘
2715,13:20:24,22.52,759165,337,卖盘
2716,13:20:27,22.53,907676,403,中性盘
2717,13:20:30,22.54,1034472,459,买盘
2718,13:20:33,22.56,250314,111,买盘
2719,13:20:36,22.54,771403,342,卖盘
2720,13:20:39,22.54,766171,340,卖盘
2721,13:20:42,22.52,736136,327,卖盘
2722,13:20:45,22.54,2280463,1012,买盘
2723,13:20:48,22.55,766361,340,买盘
2724,13:20:51,22.54,150976,67,中性盘
2725,13:20:54,22.52,414615,184,卖盘
2726,13:20:57,22.53,491013,218,买盘
2727,13:21:00,22.52,360236,160,中性盘
2728,13:21:03,22.49,465819,207,卖盘
2729,13:21:06,22.48,1005360,447,卖盘
2730,13:21:09,22.5,1139765,507,买盘
2731,13:21:12,22.5,245140,109,买盘
2732,13:21:15,22.48,906570,403,中性盘
2733,13:21:18,22.5,681380,303,买盘
2734,13:21:21,22.54,3133579,1391,买盘
2735,13:21:24,22.53,913010,405,卖盘
2736,13:21:27,22.53,385266,171,卖盘
2737,13:21:30,22.54,342443,152,买盘
2738,13:21:33,22.53,572363,254,买盘
2739,13:21:36,22.52,263513,117,买盘
2740,13:21:39,22.52,659726,293,买盘
2741,13:21:42,22.55,2771528,1229,买盘
2742,13:21:45,22.59,2224421,985,买盘
2743,13:21:48,22.6,1143470,506,买盘
2744,13:21:51,22.6,244054,108,买盘
2745,13:21:54,22.61,1600701,708,买盘
2746,13:21:57,22.62,1015117,449,买盘
2747,13:22:00,22.62,3232347,1428,买盘
2748,13:22:03,22.67,5179708,2286,买盘
2749,13:22:06,22.67,1240448,547,中性盘
2750,13:22:09,22.69,6247479,2754,买盘
2751,13:22:12,22.69,6124978,2699,卖盘
2752,13:22:15,22.69,1660251,732,买盘
2753,13:22:18,22.68,2585423,1140,中性盘
2754,13:22:21,22.69,3601206,1587,买盘
2755,13:22:24,22.7,1231864,543,买盘
2756,13:22:27,22.66,786969,347,卖盘
2757,13:22:30,22.68,3122427,1376,买盘
2758,13:22:33,22.68,735002,324,买盘
2759,13:22:36,22.68,1286017,567,卖盘
2760,13:22:39,22.69,1770339,780,买盘
2761,13:22:42,22.7,456182,201,买盘
2762,13:22:45,22.75,9902925,4355,买盘
2763,13:22:48,22.74,1299686,571,卖盘
2764,13:22:51,22.75,432376,190,中性盘
2765,13:22:54,22.72,1990357,875,卖盘
2766,13:22:57,22.72,2109527,928,中性盘
2767,13:23:00,22.75,438711,193,中性盘
2768,13:23:03,22.7,1880276,827,卖盘
2769,13:23:06,22.74,2513079,1106,买盘
2770,13:23:09,22.68,2029359,894,卖盘
2771,13:23:12,22.69,873717,385,买盘
2772,13:23:15,22.68,855269,377,卖盘
2773,13:23:18,22.71,998413,440,买盘
2774,13:23:21,22.69,513061,226,卖盘
2775,13:23:24,22.7,531420,234,中性盘
2776,13:23:27,22.69,778464,343,卖盘
2777,13:23:30,22.69,1363097,601,买盘
2778,13:23:33,22.68,653432,288,买盘
2779,13:23:36,22.66,723045,319,卖盘
2780,13:23:39,22.67,972996,429,买盘
2781,13:23:42,22.67,299383,132,卖盘
2782,13:23:45,22.69,968080,427,买盘
2783,13:23:48,22.68,1145424,505,买盘
2784,13:23:51,22.67,156494,69,卖盘
2785,13:23:54,22.7,5831295,2569,买盘
2786,13:23:57,22.68,1434132,632,卖盘
2787,13:24:00,22.67,1263372,557,卖盘
2788,13:24:03,22.66,1941724,857,卖盘
2789,13:24:06,22.66,1561241,688,买盘
2790,13:24:09,22.66,1468008,647,卖盘
2791,13:24:12,22.68,1145676,505,买盘
2792,13:24:15,22.68,651450,287,买盘
2793,13:24:18,22.68,594432,262,卖盘
2794,13:24:21,22.7,2006123,884,买盘
2795,13:24:24,22.7,1222367,538,卖盘
2796,13:24:27,22.73,667729,294,买盘
2797,13:24:30,22.72,286256,126,中性盘
2798,13:24:33,22.72,467941,206,买盘
2799,13:24:36,22.71,354387,156,卖盘
2800,13:24:39,22.71,683694,301,买盘
2801,13:24:42,22.72,3108289,1367,买盘
2802,13:24:45,22.8,14181354,6223,买盘
2803,13:24:48,22.83,2263651,991,买盘
2804,13:24:51,22.88,3041885,1331,买盘
2805,13:24:54,22.87,4811487,2103,中性盘
2806,13:24:57,22.88,2157384,943,买盘
2807,13:25:00,22.85,2504891,1095,卖盘
2808,13:25:03,22.85,2565251,1122,卖盘
2809,13:25:06,22.85,1710227,748,买盘
2810,13:25:09,22.96,10712689,4671,买盘
2811,13:25:12,22.98,1363839,594,买盘
2812,13:25:15,22.91,3043598,1326,卖盘
2813,13:25:18,22.95,2902626,1266,买盘
2814,13:25:21,22.92,1414046,617,中性盘
2815,13:25:24,22.89,1234325,539,中性盘
2816,13:25:27,22.89,4292653,1874,买盘
2817,13:25:30,22.88,601949,263,卖盘
2818,13:25:33,22.89,2962481,1294,买盘
2819,13:25:36,22.9,3612036,1577,买盘
2820,13:25:39,22.89,877073,383,卖盘
2821,13:25:42,22.9,2047167,894,中性盘
2822,13:25:45,22.9,3012460,1316,卖盘
2823,13:25:48,22.88,1417160,619,中性盘
2824,13:25:51,22.88,2214148,967,买盘
2825,13:25:54,22.85,3823384,1673,卖盘
2826,13:25:57,22.86,1330380,582,中性盘
2827,13:26:00,22.83,2503219,1096,卖盘
2828,13:26:03,22.82,559122,245,卖盘
2829,13:26:06,22.82,3594812,1573,买盘
2830,13:26:09,22.85,2032690,889,买盘
2831,13:26:12,22.81,1793942,785,卖盘
2832,13:26:15,22.85,1743747,764,买盘
2833,13:26:18,22.82,1444660,632,卖盘
2834,13:26:21,22.84,3155961,1380,买盘
2835,13:26:24,22.84,251242,110,卖盘
2836,13:26:27,22.84,525137,230,买盘
2837,13:26:30,22.85,2615143,1144,买盘
2838,13:26:33,22.86,2213351,968,买盘
2839,13:26:36,22.92,6289851,2747,买盘
2840,13:26:39,22.89,1076539,470,卖盘
2841,13:26:42,22.93,969129,423,买盘
2842,13:26:45,22.92,770297,336,卖盘
2843,13:26:48,22.91,1262830,551,卖盘
2844,13:26:51,22.92,7028661,3069,买盘
2845,13:26:54,22.92,5431644,2368,中性盘
2846,13:26:57,22.96,1291583,563,买盘
2847,13:27:00,22.96,4579339,1994,买盘
2848,13:27:03,22.97,2259141,984,买盘
2849,13:27:06,22.97,2218195,966,买盘
2850,13:27:09,22.93,3778966,1647,卖盘
2851,13:27:12,22.93,1619973,706,卖盘
2852,13:27:15,22.91,754301,329,卖盘
2853,13:27:18,22.9,2288919,999,卖盘
2854,13:27:21,22.91,2054893,897,买盘
2855,13:27:24,22.9,2672149,1165,买盘
2856,13:27:27,22.94,490229,214,买盘
2857,13:27:30,22.9,199312,87,卖盘
2858,13:27:33,22.9,414555,181,卖盘
2859,13:27:36,22.9,583933,255,卖盘
2860,13:27:39,22.88,448438,196,卖盘
2861,13:27:42,22.9,3239217,1414,买盘
2862,13:27:45,22.88,3358927,1465,卖盘
2863,13:27:48,22.95,1770180,772,买盘
2864,13:27:51,22.96,2672490,1164,买盘
2865,13:27:54,22.95,1298622,566,卖盘
2866,13:27:57,22.95,813859,355,买盘
2867,13:28:00,22.9,1183764,516,卖盘
2868,13:28:03,22.96,2792420,1217,买盘
2869,13:28:06,22.93,580098,253,中性盘
2870,13:28:09,22.94,442419,193,买盘
2871,13:28:12,22.95,4053426,1766,买盘
2872,13:28:15,22.96,810620,353,买盘
2873,13:28:18,22.98,3953677,1721,买盘
2874,13:28:21,22.95,1822475,794,卖盘
2875,13:28:24,22.94,532415,232,中性盘
2876,13:28:27,22.92,1807289,789,卖盘
2877,13:28:30,22.91,950941,415,中性盘
2878,13:28:33,22.92,995856,435,中性盘
2879,13:28:36,22.88,789541,345,卖盘
2880,13:28:39,22.89,1010231,441,买盘
2881,13:28:42,22.86,185352,81,卖盘
2882,13:28:45,22.85,1172858,513,卖盘
2883,13:28:48,22.86,704498,308,买盘
2884,13:28:51,22.88,281272,123,买盘
2885,13:28:54,22.86,640500,280,卖盘
2886,13:28:57,22.86,519157,227,卖盘
2887,13:29:00,22.87,265220,116,买盘
2888,13:29:03,22.87,242411,106,买盘
2889,13:29:06,22.86,2564611,1121,卖盘
2890,13:29:09,22.85,989392,433,卖盘
2891,13:29:12,22.85,251323,110,买盘
2892,13:29:15,22.85,404401,177,买盘
2893,13:29:18,22.86,907069,397,买盘
2894,13:29:21,22.85,402125,176,中性盘
2895,13:29:24,22.85,233060,102,卖盘
2896,13:29:27,22.85,260522,114,中性盘
2897,13:29:30,22.84,3774545,1653,卖盘
2898,13:29:33,22.84,785154,344,买盘
2899,13:29:36,22.81,630258,276,卖盘
2900,13:29:39,22.8,95795,42,卖盘
2901,13:29:42,22.79,832231,365,卖盘
2902,13:29:45,22.8,72954,32,买盘
2903,13:29:48,22.77,909087,399,卖盘
2904,13:29:51,22.77,93434,41,卖盘
2905,13:29:54,22.77,122962,54,卖盘
2906,13:29:57,22.79,403301,177,买盘
2907,13:30:00,22.79,211930,93,买盘
2908,13:30:03,22.79,549229,241,卖盘
2909,13:30:06,22.8,950751,417,买盘
2910,13:30:09,22.81,287373,126,买盘
2911,13:30:12,22.8,531324,233,卖盘
2912,13:30:15,22.8,533708,234,买盘
2913,13:30:18,22.79,936725,411,卖盘
2914,13:30:21,22.77,1458516,640,卖盘
2915,13:30:24,22.75,1411626,620,卖盘
2916,13:30:27,22.75,334430,147,卖盘
2917,13:30:30,22.76,614399,270,买盘
2918,13:30:33,22.74,209283,92,卖盘
2919,13:30:36,22.75,270706,119,买盘
2920,13:30:39,22.74,225166,99,卖盘
2921,13:30:42,22.74,375227,165,卖盘
2922,13:30:45,22.75,395773,174,买盘
2923,13:30:48,22.75,1257425,553,买盘
2924,13:30:51,22.74,413919,182,中性盘
2925,13:30:54,22.74,188666,83,买盘
2926,13:30:57,22.73,931889,410,卖盘
2927,13:31:00,22.72,379540,167,卖盘
2928,13:31:03,22.72,218129,96,卖盘
2929,13:31:06,22.72,817698,360,买盘
2930,13:31:09,22.72,181745,80,买盘
2931,13:31:12,22.72,197659,87,买盘
2932,13:31:15,22.73,329472,145,买盘
2933,13:31:18,22.72,293234,129,卖盘
2934,13:31:21,22.71,1603770,706,卖盘
2935,13:31:24,22.71,420135,185,买盘
2936,13:31:27,22.71,402102,177,买盘
2937,13:31:30,22.71,374749,165,卖盘
2938,13:31:33,22.71,272535,120,买盘
2939,13:31:36,22.71,109020,48,卖盘
2940,13:31:39,22.71,2252567,992,卖盘
2941,13:31:42,22.7,722123,318,卖盘
2942,13:31:45,22.7,281639,124,卖盘
2943,13:31:48,22.7,1793283,790,卖盘
2944,13:31:51,22.7,363112,160,买盘
2945,13:31:54,22.69,313122,138,买盘
2946,13:31:57,22.68,242766,107,卖盘
2947,13:32:00,22.69,260915,115,买盘
2948,13:32:03,22.68,1045707,461,卖盘
2949,13:32:06,22.69,220093,97,买盘
2950,13:32:09,22.69,190590,84,买盘
2951,13:32:12,22.7,426752,188,买盘
2952,13:32:15,22.7,195244,86,买盘
2953,13:32:18,22.7,306594,135,卖盘
2954,13:32:21,22.73,345241,152,买盘
2955,13:32:24,22.73,124990,55,买盘
2956,13:32:27,22.72,1324519,583,卖盘
2957,13:32:30,22.71,1152950,507,中性盘
2958,13:32:33,22.72,538731,237,买盘
2959,13:32:39,22.73,1031644,454,卖盘
2960,13:32:42,22.74,2104624,926,买盘
2961,13:32:45,22.74,377450,166,买盘
2962,13:32:48,22.73,277331,122,卖盘
2963,13:32:51,22.73,1334220,587,卖盘
2964,13:32:54,22.72,818060,360,卖盘
2965,13:32:57,22.72,379339,167,买盘
2966,13:33:00,22.73,377198,166,买盘
2967,13:33:03,22.72,965495,425,卖盘
2968,13:33:06,22.71,654247,288,卖盘
2969,13:33:09,22.7,1465174,645,卖盘
2970,13:33:12,22.71,54505,24,中性盘
2971,13:33:15,22.69,1704728,751,卖盘
2972,13:33:18,22.68,757806,334,卖盘
2973,13:33:21,22.68,115700,51,卖盘
2974,13:33:24,22.68,281369,124,卖盘
2975,13:33:27,22.69,240501,106,中性盘
2976,13:33:30,22.69,47668,21,中性盘
2977,13:33:33,22.69,825776,364,卖盘
2978,13:33:36,22.69,1164536,513,卖盘
2979,13:33:39,22.69,220169,97,卖盘
2980,13:33:42,22.7,31780,14,买盘
2981,13:33:45,22.71,15892,7,买盘
2982,13:33:48,22.71,29515,13,买盘
2983,13:33:51,22.71,47691,21,买盘
2984,13:33:54,22.7,95365,42,卖盘
2985,13:33:57,22.71,38607,17,买盘
2986,13:34:00,22.7,474564,209,卖盘
2987,13:34:03,22.68,2801708,1235,卖盘
2988,13:34:06,22.67,1192169,526,卖盘
2989,13:34:09,22.68,81635,36,买盘
2990,13:34:12,22.67,131513,58,中性盘
2991,13:34:15,22.67,308333,136,卖盘
2992,13:34:18,22.66,469244,207,卖盘
2993,13:34:21,22.66,1230217,543,卖盘
2994,13:34:24,22.66,804490,355,买盘
2995,13:34:27,22.65,539095,238,卖盘
2996,13:34:30,22.65,233319,103,卖盘
2997,13:34:33,22.66,213053,94,买盘
2998,13:34:36,22.66,629843,278,买盘
2999,13:34:39,22.67,72534,32,买盘
3000,13:34:42,22.68,61236,27,买盘
3001,13:34:45,22.67,40813,18,卖盘
3002,13:34:48,22.68,88436,39,买盘
3003,13:34:51,22.68,117924,52,买盘
3004,13:34:54,22.67,476273,210,卖盘
3005,13:34:57,22.68,22685,10,中性盘
3006,13:35:00,22.67,709632,313,卖盘
3007,13:35:03,22.66,70251,31,卖盘
3008,13:35:06,22.67,101984,45,买盘
3009,13:35:09,22.66,258392,114,卖盘
3010,13:35:12,22.66,278767,123,卖盘
3011,13:35:15,22.66,346731,153,卖盘
3012,13:35:18,22.67,364962,161,买盘
3013,13:35:21,22.66,591682,261,卖盘
3014,13:35:24,22.65,1642781,725,卖盘
3015,13:35:27,22.65,274110,121,卖盘
3016,13:35:30,22.64,2559343,1130,卖盘
3017,13:35:33,22.65,217426,96,买盘
3018,13:35:36,22.64,344261,152,卖盘
3019,13:35:39,22.63,810444,358,卖盘
3020,13:35:42,22.63,162999,72,卖盘
3021,13:35:45,22.63,516051,228,卖盘
3022,13:35:48,22.62,194622,86,卖盘
3023,13:35:51,22.63,142545,63,买盘
3024,13:35:54,22.63,706007,312,买盘
3025,13:35:57,22.62,490836,217,卖盘
3026,13:36:00,22.62,488484,216,卖盘
3027,13:36:03,22.61,596971,264,卖盘
3028,13:36:06,22.61,576526,255,买盘
3029,13:36:09,22.62,305449,135,买盘
3030,13:36:12,22.62,83709,37,卖盘
3031,13:36:15,22.64,276087,122,买盘
3032,13:36:18,22.62,88218,39,卖盘
3033,13:36:21,22.63,133517,59,买盘
3034,13:36:24,22.63,6789,3,卖盘
3035,13:36:27,22.64,24899,11,买盘
3036,13:36:30,22.64,49799,22,买盘
3037,13:36:33,22.63,210470,93,卖盘
3038,13:36:36,22.63,178830,79,买盘
3039,13:36:39,22.64,251213,111,买盘
3040,13:36:42,22.62,1687716,746,卖盘
3041,13:36:45,22.62,151554,67,买盘
3042,13:36:48,22.62,167377,74,买盘
3043,13:36:51,22.62,38442,17,买盘
3044,13:36:54,22.62,438684,194,买盘
3045,13:36:57,22.62,285037,126,买盘
3046,13:37:00,22.61,1284503,568,卖盘
3047,13:37:03,22.61,133427,59,卖盘
3048,13:37:06,22.61,83657,37,卖盘
3049,13:37:09,22.61,72376,32,卖盘
3050,13:37:12,22.61,27140,12,卖盘
3051,13:37:15,22.61,40705,18,卖盘
3052,13:37:18,22.62,126643,56,买盘
3053,13:37:21,22.62,124379,55,买盘
3054,13:37:24,22.61,63315,28,卖盘
3055,13:37:27,22.62,176436,78,买盘
3056,13:37:30,22.61,348245,154,卖盘
3057,13:37:33,22.6,1134781,502,卖盘
3058,13:37:36,22.61,72352,32,买盘
3059,13:37:39,22.6,171786,76,卖盘
3060,13:37:42,22.6,205724,91,卖盘
3061,13:37:45,22.6,2587477,1145,卖盘
3062,13:37:48,22.59,169445,75,卖盘
3063,13:37:51,22.59,506013,224,卖盘
3064,13:37:54,22.59,474509,210,买盘
3065,13:37:57,22.59,162648,72,买盘
3066,13:38:00,22.59,70041,31,卖盘
3067,13:38:03,22.59,94884,42,卖盘
3068,13:38:06,22.6,146891,65,买盘
3069,13:38:09,22.59,700217,310,卖盘
3070,13:38:12,22.58,67761,30,卖盘
3071,13:38:15,22.59,304913,135,买盘
3072,13:38:18,22.58,1086100,481,卖盘
3073,13:38:21,22.57,228012,101,卖盘
3074,13:38:24,22.58,566746,251,买盘
3075,13:38:27,22.58,85810,38,卖盘
3076,13:38:30,22.59,198754,88,买盘
3077,13:38:33,22.58,307198,136,卖盘
3078,13:38:36,22.59,22591,10,中性盘
3079,13:38:39,22.59,70034,31,卖盘
3080,13:38:42,22.59,31628,14,卖盘
3081,13:38:45,22.6,341239,151,买盘
3082,13:38:48,22.59,47442,21,卖盘
3083,13:38:51,22.59,228232,101,卖盘
