,成交时间,成交价格,成交金额,成交量,性质
0,09:25:00,21.46,5611790,2615,卖盘
1,09:30:00,21.5,2177839,1014,买盘
2,09:30:03,21.53,1387123,645,买盘
3,09:30:06,21.55,585780,272,买盘
4,09:30:09,21.55,1967574,913,买盘
5,09:30:12,21.58,680996,316,买盘
6,09:30:15,21.58,983410,456,卖盘
7,09:30:18,21.57,336284,156,中性盘
8,09:30:21,21.58,597264,277,买盘
9,09:30:24,21.58,213594,99,卖盘
10,09:30:27,21.57,545526,253,卖盘
11,09:30:30,21.52,346773,161,卖盘
12,09:30:33,21.5,630784,293,卖盘
13,09:30:36,21.51,855659,398,中性盘
14,09:30:39,21.5,430157,200,中性盘
15,09:30:42,21.51,318334,148,买盘
16,09:30:45,21.53,279781,130,买盘
17,09:30:48,21.57,420204,195,买盘
18,09:30:51,21.57,140193,65,买盘
19,09:30:54,21.57,355682,165,买盘
20,09:30:57,21.57,362310,168,买盘
21,09:31:00,21.54,327679,152,卖盘
22,09:31:03,21.54,107728,50,卖盘
23,09:31:06,21.55,652543,303,中性盘
24,09:31:09,21.54,400652,186,卖盘
25,09:31:12,21.54,652699,303,买盘
26,09:31:15,21.55,333980,155,买盘
27,09:31:18,21.55,1325099,615,卖盘
28,09:31:21,21.54,433242,201,中性盘
29,09:31:24,21.55,86204,40,买盘
30,09:31:27,21.55,392270,182,卖盘
31,09:31:30,21.54,784374,364,卖盘
32,09:31:33,21.54,336056,156,卖盘
33,09:31:36,21.5,1822318,847,卖盘
34,09:31:39,21.49,219225,102,卖盘
35,09:31:42,21.49,208459,97,卖盘
36,09:31:45,21.49,193405,90,卖盘
37,09:31:48,21.49,148268,69,卖盘
38,09:31:51,21.49,221347,103,卖盘
39,09:31:54,21.49,171907,80,买盘
40,09:31:57,21.49,212702,99,买盘
41,09:32:00,21.48,515521,240,卖盘
42,09:32:03,21.51,2070281,963,买盘
43,09:32:06,21.51,180716,84,卖盘
44,09:32:09,21.53,19363,9,买盘
45,09:32:12,21.52,624262,290,买盘
46,09:32:15,21.53,604625,281,卖盘
47,09:32:18,21.53,264891,123,买盘
48,09:32:21,21.53,124852,58,买盘
49,09:32:24,21.52,129145,60,卖盘
50,09:32:27,21.52,51659,24,买盘
51,09:32:30,21.52,288443,134,卖盘
52,09:32:33,21.52,639384,297,卖盘
53,09:32:36,21.52,559426,260,买盘
54,09:32:39,21.51,413168,192,卖盘
55,09:32:42,21.52,365784,170,买盘
56,09:32:45,21.51,395887,184,卖盘
57,09:32:48,21.5,262443,122,卖盘
58,09:32:51,21.5,90326,42,卖盘
59,09:32:54,21.5,326831,152,卖盘
60,09:32:57,21.5,266653,124,卖盘
61,09:33:00,21.52,283951,132,买盘
62,09:33:03,21.55,1339436,622,买盘
63,09:33:06,21.52,862953,401,卖盘
64,09:33:09,21.55,2375381,1103,买盘
65,09:33:12,21.55,1008366,468,卖盘
66,09:33:15,21.57,509137,236,中性盘
67,09:33:18,21.58,219995,102,中性盘
68,09:33:21,21.59,272011,126,买盘
69,09:33:24,21.6,181387,84,买盘
70,09:33:27,21.61,362870,168,买盘
71,09:33:30,21.62,302546,140,买盘
72,09:33:33,21.63,443083,205,买盘
73,09:33:36,21.64,263880,122,买盘
74,09:33:39,21.64,850512,393,买盘
75,09:33:42,21.65,97409,45,买盘
76,09:33:45,21.64,2109816,975,卖盘
77,09:33:48,21.65,855102,395,买盘
78,09:33:51,21.64,640553,296,买盘
79,09:33:54,21.64,54083,25,买盘
80,09:33:57,21.64,289993,134,买盘
81,09:34:00,21.64,448180,207,卖盘
82,09:34:03,21.65,238148,110,卖盘
83,09:34:06,21.63,614430,284,卖盘
84,09:34:09,21.61,300655,139,卖盘
85,09:34:12,21.63,320103,148,买盘
86,09:34:15,21.63,138397,64,买盘
87,09:34:18,21.63,306986,142,买盘
88,09:34:21,21.61,804628,372,卖盘
89,09:34:24,21.62,285399,132,买盘
90,09:34:27,21.61,90781,42,卖盘
91,09:34:30,21.63,272412,126,买盘
92,09:34:33,21.65,1817682,840,买盘
93,09:34:36,21.67,855462,395,买盘
94,09:34:39,21.67,36837,17,买盘
95,09:34:42,21.67,396474,183,买盘
96,09:34:45,21.67,182023,84,买盘
97,09:34:48,21.65,266393,123,卖盘
98,09:34:51,21.65,106117,49,中性盘
99,09:34:54,21.64,177562,82,卖盘
100,09:34:57,21.65,218653,101,买盘
101,09:35:00,21.65,194874,90,卖盘
102,09:35:03,21.65,705933,326,卖盘
103,09:35:06,21.67,279444,129,买盘
104,09:35:09,21.65,1440476,665,卖盘
105,09:35:12,21.6,2978059,1376,卖盘
106,09:35:15,21.63,723052,334,中性盘
107,09:35:18,21.66,614834,284,买盘
108,09:35:21,21.64,378708,175,中性盘
109,09:35:24,21.62,376431,174,卖盘
110,09:35:27,21.65,203486,94,买盘
111,09:35:30,21.63,1472016,680,中性盘
112,09:35:33,21.64,257508,119,买盘
113,09:35:36,21.62,285640,132,中性盘
114,09:35:39,21.63,97363,45,中性盘
115,09:35:42,21.64,387267,179,买盘
116,09:35:45,21.63,194640,90,中性盘
117,09:35:48,21.62,205493,95,卖盘
118,09:35:51,21.63,170867,79,买盘
119,09:35:54,21.63,583861,270,买盘
120,09:35:57,21.61,25935,12,卖盘
121,09:36:00,21.61,172935,80,卖盘
122,09:36:03,21.61,826241,382,卖盘
123,09:36:06,21.61,287438,133,卖盘
124,09:36:09,21.65,199123,92,买盘
125,09:36:12,21.65,411285,190,买盘
126,09:36:15,21.65,599858,277,卖盘
127,09:36:18,21.65,155932,72,买盘
128,09:36:21,21.64,244675,113,卖盘
129,09:36:24,21.62,311685,144,卖盘
130,09:36:27,21.62,450258,208,卖盘
131,09:36:30,21.63,125493,58,买盘
132,09:36:33,21.63,209880,97,卖盘
133,09:36:36,21.63,112494,52,卖盘
134,09:36:39,21.63,179576,83,卖盘
135,09:36:42,21.62,166559,77,卖盘
136,09:36:45,21.62,64887,30,卖盘
137,09:36:48,21.61,86492,40,卖盘
138,09:36:51,21.61,30277,14,卖盘
139,09:36:54,21.61,194603,90,卖盘
140,09:36:57,21.62,505854,234,中性盘
141,09:37:00,21.62,527350,244,买盘
142,09:37:03,21.62,131860,61,买盘
143,09:37:06,21.63,123230,57,买盘
144,09:37:09,21.62,296383,137,卖盘
145,09:37:12,21.62,326565,151,卖盘
146,09:37:15,21.62,278901,129,买盘
147,09:37:18,21.61,51886,24,卖盘
148,09:37:21,21.62,82177,38,买盘
149,09:37:24,21.61,257172,119,卖盘
150,09:37:27,21.63,58419,27,买盘
151,09:37:30,21.62,170742,79,卖盘
152,09:37:33,21.64,45433,21,买盘
153,09:37:36,21.63,499683,231,卖盘
154,09:37:39,21.62,162190,75,中性盘
155,09:37:42,21.62,34594,16,卖盘
156,09:37:45,21.62,88662,41,卖盘
157,09:37:48,21.63,393564,182,买盘
158,09:37:51,21.63,320058,148,买盘
159,09:37:54,21.61,170798,79,卖盘
160,09:37:57,21.62,34579,16,买盘
161,09:38:00,21.61,278776,129,卖盘
162,09:38:03,21.62,257276,119,买盘
163,09:38:06,21.63,533960,247,买盘
164,09:38:09,21.63,562444,260,买盘
165,09:38:12,21.65,383085,177,买盘
166,09:38:15,21.63,590576,273,卖盘
167,09:38:18,21.63,179626,83,卖盘
168,09:38:21,21.64,162317,75,买盘
169,09:38:24,21.65,244609,113,买盘
170,09:38:27,21.64,329031,152,卖盘
171,09:38:30,21.65,638936,295,中性盘
172,09:38:33,21.68,1709767,789,买盘
173,09:38:36,21.67,1138197,525,卖盘
174,09:38:39,21.68,32528,15,中性盘
175,09:38:42,21.68,581247,268,卖盘
176,09:38:45,21.69,362221,167,买盘
177,09:38:48,21.69,368647,170,买盘
178,09:38:51,21.69,492321,227,买盘
179,09:38:54,21.69,887387,409,买盘
180,09:38:57,21.7,210470,97,买盘
181,09:39:00,21.71,310342,143,买盘
182,09:39:03,21.71,180143,83,买盘
183,09:39:06,21.7,841638,388,中性盘
184,09:39:09,21.67,557059,257,卖盘
185,09:39:12,21.67,660908,305,买盘
186,09:39:15,21.67,173352,80,买盘
187,09:39:18,21.68,693431,320,买盘
188,09:39:21,21.67,240575,111,卖盘
189,09:39:24,21.67,147356,68,卖盘
190,09:39:27,21.68,238376,110,买盘
191,09:39:30,21.66,45510,21,卖盘
192,09:39:33,21.65,429162,198,卖盘
193,09:39:36,21.65,38982,18,卖盘
194,09:39:39,21.64,666686,308,卖盘
195,09:39:42,21.64,38939,18,买盘
196,09:39:45,21.63,170932,79,卖盘
197,09:39:48,21.64,60601,28,买盘
198,09:39:51,21.63,164403,76,卖盘
199,09:39:54,21.63,255303,118,卖盘
200,09:39:57,21.64,175255,81,卖盘
201,09:40:00,21.64,23804,11,卖盘
202,09:40:03,21.65,1818166,840,买盘
203,09:40:06,21.64,237984,110,中性盘
204,09:40:09,21.64,134179,62,卖盘
205,09:40:12,21.65,266192,123,买盘
206,09:40:15,21.64,352615,163,中性盘
207,09:40:18,21.65,374313,173,买盘
208,09:40:21,21.62,77848,36,卖盘
209,09:40:24,21.63,144981,67,中性盘
210,09:40:27,21.64,426021,197,买盘
211,09:40:30,21.63,198946,92,买盘
212,09:40:33,21.62,201132,93,卖盘
213,09:40:36,21.62,157816,73,卖盘
214,09:40:39,21.61,62691,29,卖盘
215,09:40:42,21.62,80027,37,中性盘
216,09:40:45,21.62,21620,10,中性盘
217,09:40:48,21.62,146952,68,买盘
218,09:40:51,21.61,460433,213,卖盘
219,09:40:54,21.63,138398,64,买盘
220,09:40:57,21.62,12972,6,卖盘
221,09:41:00,21.6,354386,164,卖盘
222,09:41:03,21.61,67022,31,中性盘
223,09:41:06,21.61,30254,14,卖盘
224,09:41:09,21.61,36721,17,中性盘
225,09:41:12,21.61,114490,53,买盘
226,09:41:15,21.6,516264,239,卖盘
227,09:41:18,21.59,565945,262,卖盘
228,09:41:21,21.58,185676,86,卖盘
229,09:41:24,21.57,394899,183,卖盘
230,09:41:27,21.57,284709,132,卖盘
231,09:41:30,21.56,66837,31,卖盘
232,09:41:33,21.55,49584,23,卖盘
233,09:41:36,21.55,122836,57,卖盘
234,09:41:39,21.55,94833,44,卖盘
235,09:41:42,21.55,814481,378,卖盘
236,09:41:45,21.55,135758,63,买盘
237,09:41:48,21.55,58185,27,买盘
238,09:41:54,21.55,1328679,617,买盘
239,09:41:57,21.55,122838,57,卖盘
240,09:42:00,21.54,178862,83,卖盘
241,09:42:03,21.54,96968,45,卖盘
242,09:42:06,21.56,263032,122,买盘
243,09:42:09,21.56,1191505,553,卖盘
244,09:42:12,21.55,21558,10,中性盘
245,09:42:15,21.55,215412,100,买盘
246,09:42:18,21.56,291005,135,买盘
247,09:42:21,21.56,299739,139,卖盘
248,09:42:24,21.57,332038,154,中性盘
249,09:42:27,21.58,161729,75,买盘
250,09:42:30,21.58,131618,61,买盘
251,09:42:33,21.58,422634,196,买盘
252,09:42:36,21.57,135952,63,卖盘
253,09:42:39,21.58,8632,4,中性盘
254,09:42:42,21.56,53941,25,卖盘
255,09:42:45,21.57,222178,103,中性盘
256,09:42:48,21.56,278124,129,卖盘
257,09:42:51,21.57,1074085,498,买盘
258,09:42:54,21.55,155195,72,卖盘
259,09:42:57,21.56,53906,25,卖盘
260,09:43:00,21.57,64702,30,买盘
261,09:43:03,21.57,53925,25,买盘
262,09:43:06,21.58,38844,18,买盘
263,09:43:09,21.57,340822,158,卖盘
264,09:43:12,21.56,237233,110,卖盘
265,09:43:15,21.57,243645,113,卖盘
266,09:43:18,21.57,25884,12,买盘
267,09:43:21,21.58,131580,61,买盘
268,09:43:24,21.57,97067,45,卖盘
269,09:43:27,21.58,166165,77,买盘
270,09:43:30,21.58,53950,25,卖盘
271,09:43:33,21.58,51785,24,卖盘
272,09:43:36,21.58,114375,53,买盘
273,09:43:39,21.58,233069,108,卖盘
274,09:43:42,21.58,330179,153,卖盘
275,09:43:45,21.57,69046,32,卖盘
276,09:43:48,21.58,51790,24,买盘
277,09:43:51,21.57,481011,223,卖盘
278,09:43:54,21.56,58233,27,卖盘
279,09:43:57,21.56,493744,229,卖盘
280,09:44:00,21.58,332102,154,买盘
281,09:44:03,21.56,342808,159,卖盘
282,09:44:06,21.56,21564,10,卖盘
283,09:44:09,21.56,219848,102,卖盘
284,09:44:12,21.55,77603,36,卖盘
285,09:44:15,21.56,56034,26,中性盘
286,09:44:18,21.55,163790,76,卖盘
287,09:44:21,21.55,198281,92,卖盘
288,09:44:24,21.55,176763,82,卖盘
289,09:44:27,21.55,47415,22,卖盘
290,09:44:30,21.56,178914,83,买盘
291,09:44:33,21.56,49581,23,买盘
292,09:44:36,21.57,372952,173,买盘
293,09:44:39,21.56,329804,153,中性盘
294,09:44:42,21.57,15099,7,买盘
295,09:44:45,21.57,45294,21,买盘
296,09:44:48,21.57,53902,25,买盘
297,09:44:51,21.56,211344,98,卖盘
298,09:44:54,21.56,118555,55,卖盘
299,09:44:57,21.56,56056,26,买盘
300,09:45:00,21.56,105624,49,买盘
301,09:45:03,21.56,131514,61,买盘
302,09:45:06,21.56,23714,11,买盘
303,09:45:09,21.56,140081,65,买盘
304,09:45:12,21.56,4312,2,买盘
305,09:45:15,21.54,1770812,822,卖盘
306,09:45:18,21.55,77575,36,买盘
307,09:45:21,21.54,56005,26,卖盘
308,09:45:24,21.54,310188,144,卖盘
309,09:45:27,21.54,90468,42,卖盘
310,09:45:30,21.54,60292,28,买盘
311,09:45:33,21.53,23687,11,卖盘
312,09:45:36,21.53,116276,54,卖盘
313,09:45:39,21.53,445759,207,卖盘
314,09:45:42,21.54,391900,182,买盘
315,09:45:45,21.53,387598,180,卖盘
316,09:45:48,21.53,99052,46,卖盘
317,09:45:51,21.55,295110,137,买盘
318,09:45:54,21.53,1498389,696,卖盘
319,09:45:57,21.52,107630,50,卖盘
320,09:46:00,21.53,68890,32,买盘
321,09:46:03,21.52,1164589,541,卖盘
322,09:46:06,21.52,292681,136,买盘
323,09:46:09,21.52,17216,8,卖盘
324,09:46:12,21.53,25836,12,买盘
325,09:46:15,21.53,247489,115,买盘
326,09:46:18,21.52,68864,32,卖盘
327,09:46:21,21.52,126973,59,卖盘
328,09:46:24,21.52,152787,71,卖盘
329,09:46:27,21.51,66707,31,卖盘
330,09:46:30,21.52,45173,21,买盘
331,09:46:33,21.51,32265,15,卖盘
332,09:46:36,21.51,462465,215,卖盘
333,09:46:39,21.51,494740,230,卖盘
334,09:46:42,21.5,277422,129,卖盘
335,09:46:45,21.5,90309,42,卖盘
336,09:46:48,21.5,161250,75,卖盘
337,09:46:51,21.5,152657,71,卖盘
338,09:46:54,21.5,193510,90,卖盘
339,09:46:57,21.5,79570,37,卖盘
340,09:47:00,21.5,111834,52,卖盘
341,09:47:03,21.51,236528,110,买盘
342,09:47:06,21.52,1321115,614,买盘
343,09:47:09,21.55,1974521,917,买盘
344,09:47:12,21.54,275840,128,卖盘
345,09:47:15,21.53,183025,85,卖盘
346,09:47:18,21.54,27995,13,买盘
347,09:47:21,21.54,174443,81,买盘
348,09:47:24,21.52,101165,47,卖盘
349,09:47:27,21.52,355292,165,卖盘
350,09:47:30,21.52,137753,64,卖盘
351,09:47:33,21.52,114066,53,卖盘
352,09:47:36,21.52,15064,7,卖盘
353,09:47:39,21.52,148541,69,卖盘
354,09:47:42,21.52,167856,78,卖盘
355,09:47:45,21.52,146336,68,卖盘
356,09:47:48,21.52,111904,52,买盘
357,09:47:51,21.52,342109,159,卖盘
358,09:47:54,21.52,228014,106,买盘
359,09:47:57,21.51,243143,113,卖盘
360,09:48:00,21.52,120502,56,买盘
361,09:48:03,21.51,68837,32,卖盘
362,09:48:06,21.52,486352,226,买盘
363,09:48:09,21.52,25824,12,卖盘
364,09:48:12,21.51,79618,37,卖盘
365,09:48:15,21.51,34426,16,卖盘
366,09:48:18,21.51,55934,26,卖盘
367,09:48:21,21.52,253904,118,买盘
368,09:48:24,21.51,193657,90,卖盘
369,09:48:27,21.53,258285,120,买盘
370,09:48:30,21.52,21520,10,中性盘
371,09:48:33,21.52,301280,140,买盘
372,09:48:36,21.51,19363,9,卖盘
373,09:48:39,21.52,30128,14,买盘
374,09:48:42,21.52,86063,40,买盘
375,09:48:45,21.52,264599,123,买盘
376,09:48:48,21.52,23672,11,买盘
377,09:48:51,21.52,126916,59,买盘
378,09:48:54,21.52,51646,24,买盘
379,09:48:57,21.52,299028,139,买盘
380,09:49:00,21.52,75325,35,卖盘
381,09:49:03,21.52,187260,87,卖盘
382,09:49:06,21.53,51663,24,买盘
383,09:49:09,21.53,232509,108,买盘
384,09:49:12,21.53,32297,15,卖盘
385,09:49:18,21.53,144272,67,卖盘
386,09:49:21,21.53,230375,107,卖盘
387,09:49:24,21.53,81844,38,卖盘
388,09:49:27,21.54,217540,101,买盘
389,09:49:30,21.53,129195,60,卖盘
390,09:49:33,21.54,10770,5,买盘
391,09:49:36,21.53,30142,14,卖盘
392,09:49:39,21.54,101214,47,买盘
393,09:49:42,21.54,32305,15,买盘
394,09:49:45,21.54,12924,6,买盘
395,09:49:48,21.54,256345,119,卖盘
396,09:49:51,21.55,8620,4,买盘
397,09:49:54,21.55,12930,6,买盘
398,09:49:57,21.54,75420,35,卖盘
399,09:50:00,21.55,122815,57,买盘
400,09:50:03,21.53,256298,119,卖盘
401,09:50:06,21.53,94761,44,卖盘
402,09:50:09,21.53,19381,9,卖盘
403,09:50:12,21.53,254054,118,卖盘
404,09:50:15,21.53,53820,25,买盘
405,09:50:18,21.52,58110,27,卖盘
406,09:50:21,21.52,404587,188,卖盘
407,09:50:24,21.51,1731839,805,卖盘
408,09:50:27,21.51,202194,94,买盘
409,09:50:30,21.5,148367,69,卖盘
410,09:50:33,21.5,765407,356,卖盘
411,09:50:36,21.5,281650,131,卖盘
412,09:50:39,21.5,53753,25,卖盘
413,09:50:42,21.5,19350,9,卖盘
414,09:50:45,21.5,161250,75,卖盘
415,09:50:48,21.5,116100,54,卖盘
416,09:50:51,21.5,1281400,596,卖盘
417,09:50:54,21.49,275182,128,卖盘
418,09:50:57,21.5,412621,192,买盘
419,09:51:00,21.49,296566,138,卖盘
420,09:51:03,21.49,128958,60,卖盘
421,09:51:06,21.49,2398284,1116,卖盘
422,09:51:09,21.49,367596,171,卖盘
423,09:51:12,21.5,2873651,1337,买盘
424,09:51:15,21.5,129007,60,卖盘
425,09:51:18,21.5,107501,50,卖盘
426,09:51:21,21.51,204317,95,买盘
427,09:51:24,21.51,320357,149,买盘
428,09:51:27,21.51,197806,92,买盘
429,09:51:30,21.51,66681,31,买盘
430,09:51:33,21.5,75251,35,卖盘
431,09:51:36,21.5,75267,35,卖盘
432,09:51:39,21.5,277352,129,卖盘
433,09:51:42,21.51,208559,97,买盘
434,09:51:45,21.51,107529,50,买盘
435,09:51:48,21.51,174162,81,买盘
436,09:51:51,21.51,17207,8,买盘
437,09:51:54,21.51,144069,67,买盘
438,09:51:57,21.5,86001,40,卖盘
439,09:52:00,21.5,17200,8,卖盘
440,09:52:03,21.5,77400,36,卖盘
441,09:52:06,21.5,23650,11,卖盘
442,09:52:09,21.5,135450,63,卖盘
443,09:52:12,21.51,129018,60,买盘
444,09:52:15,21.5,197830,92,卖盘
445,09:52:18,21.5,47302,22,卖盘
446,09:52:21,21.51,279550,130,买盘
447,09:52:24,21.5,290308,135,卖盘
448,09:52:27,21.51,38718,18,中性盘
449,09:52:30,21.52,32266,15,买盘
450,09:52:33,21.51,109704,51,卖盘
451,09:52:36,21.51,88203,41,买盘
452,09:52:39,21.51,105385,49,买盘
453,09:52:42,21.5,25803,12,卖盘
454,09:52:45,21.51,101074,47,买盘
455,09:52:48,21.51,823516,383,买盘
456,09:52:51,21.51,232308,108,卖盘
457,09:52:54,21.53,1160320,539,买盘
458,09:52:57,21.54,211139,98,买盘
459,09:53:00,21.56,209036,97,买盘
460,09:53:03,21.55,4310,2,卖盘
461,09:53:06,21.55,10775,5,买盘
462,09:53:09,21.55,30163,14,买盘
463,09:53:12,21.54,88314,41,卖盘
464,09:53:15,21.53,49538,23,卖盘
465,09:53:18,21.53,6460,3,卖盘
466,09:53:21,21.53,68896,32,卖盘
467,09:53:24,21.54,58136,27,买盘
468,09:53:27,21.53,238989,111,卖盘
469,09:53:30,21.54,38771,18,买盘
470,09:53:33,21.53,6461,3,卖盘
471,09:53:36,21.54,36617,17,买盘
472,09:53:39,21.53,47374,22,卖盘
473,09:53:42,21.54,10770,5,买盘
474,09:53:45,21.54,17234,8,卖盘
475,09:53:48,21.53,234782,109,卖盘
476,09:53:51,21.53,243390,113,卖盘
477,09:53:54,21.53,6460,3,卖盘
478,09:53:57,21.53,71074,33,卖盘
479,09:54:00,21.53,202404,94,卖盘
480,09:54:03,21.53,734174,341,卖盘
481,09:54:06,21.54,323075,150,买盘
482,09:54:09,21.53,736031,342,卖盘
483,09:54:12,21.53,1136362,528,中性盘
484,09:54:15,21.53,94752,44,卖盘
485,09:54:18,21.54,38768,18,买盘
486,09:54:21,21.55,510170,237,买盘
487,09:54:24,21.55,12930,6,买盘
488,09:54:27,21.53,6460,3,卖盘
489,09:54:30,21.54,15073,7,买盘
490,09:54:33,21.54,105543,49,买盘
491,09:54:36,21.54,45234,21,买盘
492,09:54:39,21.53,142134,66,卖盘
493,09:54:42,21.54,1095661,509,中性盘
494,09:54:45,21.52,36610,17,卖盘
495,09:54:48,21.52,144214,67,卖盘
496,09:54:51,21.51,53794,25,卖盘
497,09:54:54,21.51,83902,39,卖盘
498,09:54:57,21.52,27976,13,买盘
499,09:55:00,21.53,79629,37,买盘
500,09:55:03,21.52,25824,12,卖盘
501,09:55:06,21.53,198076,92,买盘
502,09:55:09,21.52,228122,106,卖盘
503,09:55:12,21.52,32294,15,卖盘
504,09:55:15,21.52,10760,5,卖盘
505,09:55:18,21.52,77475,36,卖盘
506,09:55:21,21.54,391740,182,买盘
507,09:55:24,21.52,73168,34,卖盘
508,09:55:27,21.53,58134,27,中性盘
509,09:55:30,21.52,320693,149,卖盘
510,09:55:33,21.56,1723300,800,买盘
511,09:55:36,21.56,269322,125,买盘
512,09:55:39,21.56,47421,22,买盘
513,09:55:42,21.57,174670,81,买盘
514,09:55:45,21.55,118509,55,卖盘
515,09:55:48,21.54,56032,26,卖盘
516,09:55:51,21.56,157321,73,买盘
517,09:55:54,21.55,47420,22,卖盘
518,09:55:57,21.56,120731,56,买盘
519,09:56:00,21.55,148761,69,卖盘
520,09:56:03,21.56,81929,38,中性盘
521,09:56:06,21.56,28028,13,卖盘
522,09:56:09,21.57,267278,124,买盘
523,09:56:15,21.55,222002,103,卖盘
524,09:56:18,21.56,38819,18,中性盘
525,09:56:21,21.56,140140,65,卖盘
526,09:56:24,21.55,6465,3,卖盘
527,09:56:27,21.56,129310,60,买盘
528,09:56:30,21.54,28016,13,卖盘
529,09:56:33,21.56,8619,4,买盘
530,09:56:36,21.55,23705,11,卖盘
531,09:56:39,21.55,81885,38,卖盘
532,09:56:42,21.55,232786,108,卖盘
533,09:56:45,21.54,364026,169,卖盘
534,09:56:48,21.55,8620,4,买盘
535,09:56:51,21.55,120638,56,买盘
536,09:56:54,21.54,38777,18,卖盘
537,09:56:57,21.53,585727,272,卖盘
538,09:57:03,21.52,71048,33,卖盘
539,09:57:06,21.53,338022,157,中性盘
540,09:57:09,21.53,51672,24,买盘
541,09:57:12,21.53,47367,22,卖盘
542,09:57:15,21.53,120568,56,卖盘
543,09:57:18,21.53,19377,9,买盘
544,09:57:21,21.53,27977,13,买盘
545,09:57:24,21.53,58131,27,买盘
546,09:57:27,21.53,45213,21,买盘
547,09:57:30,21.52,135576,63,卖盘
548,09:57:33,21.52,167874,78,卖盘
549,09:57:36,21.53,176497,82,买盘
550,09:57:39,21.52,776951,361,卖盘
551,09:57:42,21.52,51648,24,卖盘
552,09:57:45,21.52,193680,90,卖盘
553,09:57:48,21.52,47351,22,卖盘
554,09:57:51,21.52,170008,79,卖盘
555,09:57:54,21.52,180768,84,卖盘
556,09:57:57,21.52,6456,3,买盘
557,09:58:00,21.51,180684,84,卖盘
558,09:58:03,21.53,966291,449,买盘
559,09:58:06,21.52,198046,92,卖盘
560,09:58:09,21.52,111904,52,卖盘
561,09:58:12,21.52,154974,72,卖盘
562,09:58:15,21.52,312040,145,卖盘
563,09:58:18,21.52,8608,4,买盘
564,09:58:21,21.52,258316,120,买盘
565,09:58:24,21.52,318433,148,卖盘
566,09:58:27,21.52,245328,114,卖盘
567,09:58:30,21.51,68844,32,卖盘
568,09:58:33,21.52,232394,108,买盘
569,09:58:36,21.52,292579,136,买盘
570,09:58:39,21.52,64560,30,卖盘
571,09:58:42,21.52,105448,49,卖盘
572,09:58:45,21.52,12912,6,卖盘
573,09:58:51,21.52,27977,13,卖盘
574,09:58:54,21.52,40898,19,卖盘
575,09:58:57,21.53,79651,37,买盘
576,09:59:00,21.52,172162,80,卖盘
577,09:59:03,21.52,150640,70,卖盘
578,09:59:06,21.52,157146,73,卖盘
579,09:59:09,21.52,178619,83,卖盘
580,09:59:12,21.52,34430,16,中性盘
581,09:59:15,21.52,40888,19,买盘
582,09:59:18,21.52,367996,171,卖盘
583,09:59:21,21.52,90395,42,中性盘
584,09:59:24,21.51,438820,204,卖盘
585,09:59:27,21.52,6454,3,买盘
586,09:59:30,21.52,206592,96,买盘
587,09:59:33,21.52,219455,102,卖盘
588,09:59:36,21.52,139878,65,买盘
589,09:59:39,21.52,122664,57,卖盘
590,09:59:42,21.51,131249,61,卖盘
591,09:59:45,21.51,2151,1,卖盘
592,09:59:48,21.52,4304,2,买盘
593,09:59:51,21.51,25812,12,卖盘
594,09:59:54,21.52,53780,25,买盘
595,09:59:57,21.51,49492,23,卖盘
596,10:00:00,21.51,202218,94,卖盘
597,10:00:03,21.51,219407,102,卖盘
598,10:00:06,21.51,30114,14,卖盘
599,10:00:09,21.52,45172,21,买盘
600,10:00:12,21.51,1365991,635,卖盘
601,10:00:15,21.5,101102,47,卖盘
602,10:00:18,21.51,23661,11,买盘
603,10:00:21,21.5,2588604,1204,卖盘
604,10:00:24,21.51,335426,156,买盘
605,10:00:27,21.5,156952,73,卖盘
606,10:00:30,21.5,1306623,608,卖盘
607,10:00:33,21.49,21499,10,卖盘
608,10:00:39,21.5,62340,29,买盘
609,10:00:45,21.5,58050,27,买盘
610,10:00:48,21.5,182682,85,买盘
611,10:00:51,21.5,509525,237,买盘
612,10:00:54,21.49,98895,46,卖盘
613,10:00:57,21.48,2539374,1182,卖盘
614,10:01:00,21.49,62321,29,买盘
615,10:01:03,21.48,107436,50,卖盘
616,10:01:06,21.49,769014,358,买盘
617,10:01:09,21.49,85948,40,买盘
618,10:01:12,21.48,45109,21,卖盘
619,10:01:15,21.49,10743,5,买盘
620,10:01:18,21.48,1155580,538,卖盘
621,10:01:21,21.49,126745,59,买盘
622,10:01:24,21.48,253566,118,卖盘
623,10:01:27,21.48,1002786,467,卖盘
624,10:01:30,21.48,418970,195,买盘
625,10:01:33,21.48,100960,47,卖盘
626,10:01:36,21.48,111696,52,卖盘
627,10:01:39,21.48,88068,41,卖盘
628,10:01:42,21.48,73037,34,卖盘
629,10:01:45,21.48,75180,35,卖盘
630,10:01:48,21.49,174058,81,买盘
631,10:01:51,21.49,133205,62,买盘
632,10:01:54,21.51,1240486,577,买盘
633,10:01:57,21.51,30108,14,买盘
634,10:02:00,21.51,21510,10,买盘
635,10:02:03,21.5,10750,5,卖盘
636,10:02:06,21.49,81687,38,卖盘
637,10:02:09,21.5,62360,29,买盘
638,10:02:12,21.5,23650,11,中性盘
639,10:02:15,21.5,247331,115,卖盘
640,10:02:18,21.5,109686,51,中性盘
641,10:02:21,21.52,724347,337,买盘
642,10:02:24,21.52,2148019,999,买盘
643,10:02:27,21.52,53798,25,卖盘
644,10:02:30,21.5,499218,232,卖盘
645,10:02:33,21.52,47335,22,买盘
646,10:02:36,21.52,111889,52,买盘
647,10:02:39,21.5,262318,122,卖盘
648,10:02:42,21.5,4300,2,卖盘
649,10:02:45,21.5,126850,59,卖盘
650,10:02:48,21.5,126880,59,卖盘
651,10:02:51,21.49,376139,175,卖盘
652,10:02:54,21.5,53706,25,买盘
653,10:02:57,21.5,42966,20,买盘
654,10:03:00,21.5,124677,58,买盘
655,10:03:03,21.49,19343,9,卖盘
656,10:03:06,21.5,66650,31,买盘
657,10:03:09,21.49,513615,239,卖盘
658,10:03:12,21.49,17192,8,买盘
659,10:03:15,21.49,83802,39,买盘
660,10:03:18,21.49,350287,163,买盘
661,10:03:21,21.49,12894,6,买盘
662,10:03:24,21.48,721777,336,卖盘
663,10:03:27,21.5,279372,130,买盘
664,10:03:30,21.51,1283728,597,买盘
665,10:03:33,21.52,335457,156,买盘
666,10:03:36,21.5,245135,114,卖盘
667,10:03:39,21.51,55918,26,中性盘
668,10:03:42,21.51,1239003,576,卖盘
669,10:03:45,21.52,686240,319,买盘
670,10:03:48,21.52,19368,9,买盘
671,10:03:51,21.52,73162,34,买盘
672,10:03:54,21.52,66712,31,买盘
673,10:03:57,21.52,385046,179,买盘
674,10:04:00,21.52,144178,67,买盘
675,10:04:03,21.52,86065,40,买盘
676,10:04:06,21.52,193676,90,买盘
677,10:04:09,21.51,268883,125,卖盘
678,10:04:12,21.51,40879,19,卖盘
679,10:04:15,21.51,66686,31,卖盘
680,10:04:18,21.51,103241,48,卖盘
681,10:04:21,21.51,4302,2,买盘
682,10:04:24,21.51,129065,60,买盘
683,10:04:30,21.51,380727,177,卖盘
684,10:04:33,21.51,324801,151,买盘
685,10:04:36,21.51,479667,223,买盘
686,10:04:39,21.52,32271,15,买盘
687,10:04:42,21.51,221555,103,卖盘
688,10:04:45,21.52,204396,95,买盘
689,10:04:48,21.51,10755,5,卖盘
690,10:04:51,21.51,238811,111,卖盘
691,10:04:54,21.52,68841,32,买盘
692,10:04:57,21.52,77437,36,买盘
693,10:05:03,21.51,109703,51,卖盘
694,10:05:06,21.51,2257548,1050,买盘
695,10:05:09,21.52,212921,99,买盘
696,10:05:12,21.52,505277,235,买盘
697,10:05:15,21.5,43010,20,中性盘
698,10:05:18,21.52,107595,50,买盘
699,10:05:21,21.52,64560,30,买盘
700,10:05:24,21.51,124790,58,卖盘
701,10:05:27,21.51,266729,124,卖盘
702,10:05:30,21.52,90379,42,买盘
703,10:05:33,21.52,81768,38,买盘
704,10:05:36,21.51,53780,25,卖盘
705,10:05:39,21.51,47322,22,卖盘
706,10:05:42,21.52,88230,41,买盘
707,10:05:45,21.52,191523,89,买盘
708,10:05:48,21.52,361379,168,买盘
709,10:05:51,21.5,64500,30,卖盘
710,10:05:54,21.51,182835,85,买盘
711,10:05:57,21.5,148375,69,卖盘
712,10:06:00,21.51,2151,1,卖盘
713,10:06:03,21.51,103248,48,卖盘
714,10:06:09,21.5,193530,90,卖盘
715,10:06:15,21.5,81720,38,卖盘
716,10:06:18,21.51,53775,25,买盘
717,10:06:21,21.5,169850,79,卖盘
718,10:06:24,21.5,307457,143,卖盘
719,10:06:27,21.5,122590,57,卖盘
720,10:06:30,21.5,748200,348,卖盘
721,10:06:33,21.5,150496,70,买盘
722,10:06:36,21.49,47285,22,卖盘
723,10:06:39,21.49,77380,36,卖盘
724,10:06:42,21.5,208473,97,买盘
725,10:06:45,21.49,464259,216,卖盘
726,10:06:48,21.5,10750,5,买盘
727,10:06:51,21.49,51576,24,卖盘
728,10:06:54,21.49,47278,22,卖盘
729,10:06:57,21.5,584532,272,买盘
730,10:07:00,21.5,113915,53,买盘
731,10:07:03,21.49,34384,16,卖盘
732,10:07:06,21.49,23634,11,买盘
733,10:07:09,21.48,128896,60,卖盘
734,10:07:12,21.49,128938,60,买盘
735,10:07:15,21.49,34384,16,卖盘
736,10:07:18,21.5,53738,25,买盘
737,10:07:21,21.49,397565,185,卖盘
738,10:07:24,21.49,146128,68,买盘
739,10:07:27,21.5,34386,16,买盘
740,10:07:30,21.49,88103,41,卖盘
741,10:07:33,21.49,116046,54,卖盘
742,10:07:36,21.48,1465359,682,卖盘
743,10:07:39,21.48,47282,22,卖盘
744,10:07:42,21.5,23649,11,买盘
745,10:07:45,21.49,212723,99,卖盘
746,10:07:51,21.49,120364,56,卖盘
747,10:07:54,21.49,90258,42,卖盘
748,10:07:57,21.49,105301,49,卖盘
749,10:08:00,21.49,191251,89,卖盘
750,10:08:03,21.49,118228,55,卖盘
751,10:08:06,21.49,17191,8,中性盘
752,10:08:09,21.5,49437,23,买盘
753,10:08:12,21.49,15043,7,卖盘
754,10:08:15,21.5,128909,60,买盘
755,10:08:18,21.49,70917,33,卖盘
756,10:08:21,21.5,270782,126,买盘
757,10:08:24,21.49,66620,31,卖盘
758,10:08:27,21.49,4298,2,卖盘
759,10:08:30,21.5,58032,27,买盘
760,10:08:33,21.49,294413,137,卖盘
761,10:08:36,21.48,100988,47,卖盘
762,10:08:39,21.48,36522,17,卖盘
763,10:08:42,21.49,77364,36,买盘
764,10:08:45,21.49,143983,67,卖盘
765,10:08:48,21.49,23639,11,卖盘
766,10:08:51,21.48,32225,15,卖盘
767,10:08:54,21.49,1136299,529,买盘
768,10:08:57,21.48,315779,147,卖盘
769,10:09:00,21.49,2149,1,买盘
770,10:09:03,21.48,122436,57,卖盘
771,10:09:06,21.48,869919,405,卖盘
772,10:09:09,21.48,289905,135,买盘
773,10:09:12,21.47,30058,14,卖盘
774,10:09:15,21.48,120235,56,买盘
775,10:09:18,21.49,1445607,673,买盘
776,10:09:21,21.49,116012,54,买盘
777,10:09:24,21.48,107400,50,卖盘
778,10:09:27,21.48,45110,21,卖盘
779,10:09:30,21.48,36516,17,卖盘
780,10:09:33,21.48,27924,13,卖盘
781,10:09:36,21.48,19332,9,卖盘
782,10:09:39,21.48,77328,36,卖盘
783,10:09:42,21.48,539148,251,卖盘
784,10:09:45,21.48,358722,167,卖盘
785,10:09:48,21.48,292128,136,买盘
786,10:09:51,21.47,42940,20,卖盘
787,10:09:54,21.48,15034,7,买盘
788,10:09:57,21.48,612180,285,买盘
789,10:10:00,21.48,49412,23,卖盘
790,10:10:03,21.49,73036,34,买盘
791,10:10:06,21.48,88068,41,卖盘
792,10:10:09,21.49,137483,64,买盘
793,10:10:12,21.49,296476,138,买盘
794,10:10:15,21.5,1764015,821,买盘
795,10:10:18,21.5,870011,405,买盘
796,10:10:21,21.48,53736,25,卖盘
797,10:10:24,21.48,77351,36,卖盘
798,10:10:27,21.48,19332,9,卖盘
799,10:10:30,21.49,418897,195,买盘
800,10:10:33,21.49,8596,4,卖盘
801,10:10:36,21.49,68768,32,卖盘
802,10:10:39,21.48,313658,146,卖盘
803,10:10:42,21.49,17192,8,买盘
804,10:10:45,21.48,23628,11,卖盘
805,10:10:48,21.48,2148,1,卖盘
806,10:10:51,21.48,2148,1,卖盘
807,10:10:54,21.48,55848,26,卖盘
808,10:10:57,21.48,73038,34,卖盘
809,10:11:00,21.48,57996,27,卖盘
810,10:11:03,21.48,283536,132,卖盘
811,10:11:06,21.48,655140,305,卖盘
812,10:11:09,21.49,58004,27,买盘
813,10:11:12,21.47,302738,141,卖盘
814,10:11:15,21.46,5535168,2579,卖盘
815,10:11:18,21.45,1147836,535,卖盘
816,10:11:21,21.45,113713,53,卖盘
817,10:11:24,21.45,499792,233,卖盘
818,10:11:27,21.45,727243,339,卖盘
819,10:11:30,21.45,300309,140,卖盘
820,10:11:33,21.45,60050,28,买盘
821,10:11:36,21.45,433225,202,买盘
822,10:11:39,21.45,990623,462,买盘
823,10:11:42,21.45,431071,201,买盘
824,10:11:45,21.45,27886,13,卖盘
825,10:11:48,21.45,570570,266,卖盘
826,10:11:51,21.46,143728,67,买盘
827,10:11:54,21.45,1033969,482,卖盘
828,10:11:57,21.45,229522,107,买盘
829,10:12:00,21.45,263840,123,卖盘
830,10:12:03,21.45,186645,87,买盘
831,10:12:06,21.45,139450,65,卖盘
832,10:12:09,21.45,30030,14,卖盘
833,10:12:12,21.45,107254,50,卖盘
834,10:12:15,21.45,184494,86,卖盘
835,10:12:18,21.45,75075,35,卖盘
836,10:12:21,21.45,233805,109,卖盘
837,10:12:24,21.45,343188,160,中性盘
838,10:12:27,21.45,341065,159,买盘
839,10:12:30,21.45,53625,25,卖盘
840,10:12:33,21.44,332473,155,卖盘
841,10:12:36,21.45,30030,14,卖盘
842,10:12:39,21.45,160877,75,卖盘
843,10:12:42,21.45,338909,158,买盘
844,10:12:45,21.44,315231,147,卖盘
845,10:12:48,21.45,326040,152,买盘
846,10:12:51,21.45,484770,226,买盘
847,10:12:54,21.46,23605,11,买盘
848,10:12:57,21.46,30042,14,买盘
849,10:13:00,21.45,100815,47,卖盘
850,10:13:03,21.45,132990,62,卖盘
851,10:13:06,21.46,152371,71,买盘
852,10:13:09,21.47,27906,13,买盘
853,10:13:12,21.46,27901,13,卖盘
854,10:13:15,21.44,3214430,1499,卖盘
855,10:13:18,21.46,55817,26,中性盘
856,10:13:21,21.45,1445194,674,卖盘
857,10:13:24,21.45,433435,202,卖盘
858,10:13:27,21.45,51483,24,卖盘
859,10:13:30,21.45,79365,37,卖盘
860,10:13:33,21.45,87944,41,卖盘
861,10:13:36,21.45,338910,158,买盘
862,10:13:39,21.45,72945,34,卖盘
863,10:13:42,21.45,319681,149,卖盘
864,10:13:45,21.45,1111115,518,卖盘
865,10:13:48,21.45,308903,144,卖盘
866,10:13:51,21.45,85808,40,卖盘
867,10:13:54,21.45,330346,154,卖盘
868,10:13:57,21.47,532240,248,买盘
869,10:14:00,21.46,6438,3,卖盘
870,10:14:03,21.46,21460,10,卖盘
871,10:14:06,21.46,32190,15,卖盘
872,10:14:09,21.47,145933,68,中性盘
873,10:14:12,21.47,30058,14,卖盘
874,10:14:15,21.46,343515,160,卖盘
875,10:14:18,21.47,130952,61,买盘
876,10:14:21,21.47,141704,66,买盘
877,10:14:24,21.47,1268759,591,卖盘
878,10:14:27,21.49,79507,37,买盘
879,10:14:33,21.48,12889,6,卖盘
880,10:14:39,21.49,699954,326,买盘
881,10:14:42,21.47,58002,27,卖盘
882,10:14:45,21.48,55865,26,卖盘
883,10:14:48,21.5,2170705,1011,买盘
884,10:14:51,21.49,507164,236,卖盘
885,10:14:54,21.48,53700,25,卖盘
886,10:14:57,21.48,88068,41,买盘
887,10:15:00,21.49,842066,392,买盘
888,10:15:03,21.49,23638,11,买盘
889,10:15:06,21.48,4296,2,卖盘
890,10:15:09,21.48,77354,36,卖盘
891,10:15:12,21.48,15036,7,卖盘
892,10:15:18,21.49,68766,32,买盘
893,10:15:21,21.49,17189,8,买盘
894,10:15:24,21.49,10745,5,买盘
895,10:15:27,21.49,595272,277,买盘
896,10:15:30,21.49,94546,44,买盘
897,10:15:33,21.48,42975,20,卖盘
898,10:15:36,21.48,2148,1,卖盘
899,10:15:39,21.48,15036,7,卖盘
900,10:15:42,21.48,8593,4,卖盘
901,10:15:45,21.48,94536,44,卖盘
902,10:15:48,21.48,85947,40,卖盘
903,10:15:51,21.48,322313,150,卖盘
904,10:15:54,21.48,83793,39,卖盘
905,10:15:57,21.48,23628,11,卖盘
906,10:16:00,21.48,25776,12,卖盘
907,10:16:03,21.48,120340,56,卖盘
908,10:16:06,21.48,34377,16,卖盘
909,10:16:09,21.49,113851,53,买盘
910,10:16:12,21.49,12890,6,买盘
911,10:16:15,21.48,21480,10,卖盘
912,10:16:18,21.49,126786,59,买盘
913,10:16:21,21.49,4298,2,买盘
914,10:16:24,21.49,434098,202,买盘
915,10:16:27,21.49,307319,143,买盘
916,10:16:30,21.49,53737,25,卖盘
917,10:16:33,21.5,64500,30,买盘
918,10:16:36,21.5,25796,12,买盘
919,10:16:39,21.5,103195,48,买盘
920,10:16:42,21.49,10745,5,卖盘
921,10:16:45,21.49,27945,13,卖盘
922,10:16:48,21.49,494483,230,卖盘
923,10:16:51,21.5,1708779,795,买盘
924,10:16:54,21.49,88141,41,卖盘
925,10:16:57,21.49,575947,268,卖盘
926,10:17:00,21.49,171915,80,买盘
927,10:17:03,21.48,92369,43,卖盘
928,10:17:06,21.48,42970,20,卖盘
929,10:17:09,21.49,51568,24,买盘
930,10:17:12,21.49,17187,8,买盘
931,10:17:15,21.49,313628,146,买盘
932,10:17:18,21.48,36516,17,卖盘
933,10:17:21,21.48,283536,132,卖盘
934,10:17:24,21.48,83772,39,卖盘
935,10:17:27,21.48,62292,29,卖盘
936,10:17:30,21.49,12892,6,买盘
937,10:17:33,21.47,307026,143,卖盘
938,10:17:36,21.48,40812,19,买盘
939,10:17:39,21.48,45092,21,买盘
940,10:17:42,21.47,34358,16,卖盘
941,10:17:48,21.47,558268,260,卖盘
942,10:17:51,21.46,70846,33,卖盘
943,10:17:54,21.46,8584,4,卖盘
944,10:17:57,21.47,182495,85,买盘
945,10:18:00,21.46,113739,53,卖盘
946,10:18:03,21.46,42925,20,卖盘
947,10:18:06,21.46,53650,25,卖盘
948,10:18:09,21.46,345516,161,卖盘
949,10:18:12,21.47,53675,25,买盘
950,10:18:15,21.46,201724,94,卖盘
951,10:18:18,21.46,92278,43,卖盘
952,10:18:21,21.46,64390,30,卖盘
953,10:18:24,21.46,113738,53,卖盘
954,10:18:27,21.46,225330,105,卖盘
955,10:18:30,21.46,34336,16,买盘
956,10:18:33,21.46,72964,34,买盘
957,10:18:36,21.45,60078,28,卖盘
958,10:18:39,21.45,141570,66,卖盘
959,10:18:42,21.45,55771,26,卖盘
960,10:18:45,21.46,413989,193,买盘
961,10:18:48,21.45,32175,15,卖盘
962,10:18:51,21.45,465465,217,卖盘
963,10:18:54,21.46,51488,24,买盘
964,10:18:57,21.45,96555,45,卖盘
965,10:19:00,21.45,111525,52,卖盘
966,10:19:03,21.45,66513,31,卖盘
967,10:19:06,21.45,38610,18,卖盘
968,10:19:09,21.45,315324,147,买盘
969,10:19:12,21.46,800215,373,买盘
970,10:19:15,21.46,467837,218,卖盘
971,10:19:18,21.46,113744,53,卖盘
972,10:19:21,21.46,427131,199,卖盘
973,10:19:24,21.48,2408369,1122,买盘
974,10:19:27,21.48,199772,93,买盘
975,10:19:33,21.47,150354,70,卖盘
976,10:19:36,21.47,96657,45,卖盘
977,10:19:39,21.48,77328,36,买盘
978,10:19:42,21.49,709006,330,买盘
979,10:19:45,21.49,487815,227,买盘
980,10:19:48,21.5,298669,139,买盘
981,10:19:51,21.5,107403,50,买盘
982,10:19:54,21.5,10750,5,买盘
983,10:19:57,21.49,55874,26,卖盘
984,10:20:00,21.49,17199,8,卖盘
985,10:20:03,21.49,77384,36,卖盘
986,10:20:06,21.49,10745,5,卖盘
987,10:20:09,21.48,236436,110,卖盘
988,10:20:12,21.49,4298,2,买盘
989,10:20:15,21.49,150367,70,买盘
990,10:20:18,21.47,49381,23,卖盘
991,10:20:24,21.47,236170,110,卖盘
992,10:20:27,21.47,328631,153,卖盘
993,10:20:30,21.47,38646,18,卖盘
994,10:20:33,21.48,109513,51,买盘
995,10:20:36,21.48,40807,19,买盘
996,10:20:39,21.48,444432,207,买盘
997,10:20:42,21.48,55836,26,买盘
998,10:20:45,21.48,2148,1,买盘
999,10:20:48,21.48,425111,198,买盘
1000,10:20:51,21.47,32205,15,中性盘
1001,10:20:54,21.47,42940,20,卖盘
1002,10:20:57,21.47,15029,7,买盘
1003,10:21:00,21.46,105154,49,卖盘
1004,10:21:03,21.46,2146,1,卖盘
1005,10:21:06,21.46,45066,21,卖盘
1006,10:21:09,21.46,315462,147,卖盘
1007,10:21:12,21.46,47212,22,买盘
1008,10:21:21,21.46,233831,109,买盘
1009,10:21:24,21.45,604926,282,卖盘
1010,10:21:27,21.46,19317,9,中性盘
1011,10:21:30,21.46,27898,13,卖盘
1012,10:21:33,21.46,459061,214,买盘
1013,10:21:36,21.45,115833,54,卖盘
1014,10:21:39,21.46,32185,15,买盘
1015,10:21:42,21.45,289575,135,卖盘
1016,10:21:45,21.45,77240,36,卖盘
1017,10:21:48,21.45,1126125,525,卖盘
1018,10:21:51,21.45,165124,77,买盘
1019,10:21:54,21.45,310883,145,买盘
1020,10:21:57,21.44,66482,31,卖盘
1021,10:22:00,21.45,25740,12,买盘
1022,10:22:03,21.44,1177062,549,卖盘
1023,10:22:06,21.45,199485,93,买盘
1024,10:22:09,21.45,180147,84,卖盘
1025,10:22:12,21.45,96525,45,卖盘
1026,10:22:15,21.45,34321,16,卖盘
1027,10:22:18,21.45,51483,24,卖盘
1028,10:22:21,21.45,261690,122,卖盘
1029,10:22:24,21.45,130850,61,买盘
1030,10:22:27,21.45,160832,75,卖盘
1031,10:22:30,21.44,193040,90,卖盘
1032,10:22:33,21.45,242343,113,买盘
1033,10:22:36,21.45,77197,36,卖盘
1034,10:22:39,21.45,30030,14,买盘
1035,10:22:42,21.46,156584,73,买盘
1036,10:22:45,21.46,141584,66,买盘
1037,10:22:48,21.44,25738,12,卖盘
1038,10:22:51,21.46,94400,44,买盘
1039,10:22:54,21.46,42920,20,买盘
1040,10:22:57,21.47,34342,16,买盘
1041,10:23:00,21.46,890611,415,中性盘
1042,10:23:03,21.48,673656,314,买盘
1043,10:23:06,21.47,294240,137,中性盘
1044,10:23:09,21.48,17184,8,买盘
1045,10:23:12,21.48,12888,6,买盘
1046,10:23:15,21.48,12883,6,买盘
1047,10:23:18,21.47,42940,20,卖盘
1048,10:23:21,21.48,221244,103,买盘
1049,10:23:24,21.47,4294,2,卖盘
1050,10:23:27,21.47,107350,50,买盘
1051,10:23:30,21.46,4292,2,卖盘
1052,10:23:33,21.47,17174,8,买盘
1053,10:23:36,21.46,96573,45,卖盘
1054,10:23:39,21.46,246690,115,买盘
1055,10:23:42,21.46,57940,27,买盘
1056,10:23:45,21.45,60060,28,卖盘
1057,10:23:48,21.45,21450,10,卖盘
1058,10:23:51,21.46,263839,123,买盘
1059,10:23:54,21.45,62205,29,卖盘
1060,10:23:57,21.45,25740,12,卖盘
1061,10:24:00,21.45,34320,16,买盘
1062,10:24:03,21.44,171539,80,卖盘
1063,10:24:06,21.44,42885,20,卖盘
1064,10:24:09,21.44,1275660,595,卖盘
1065,10:24:12,21.44,57888,27,买盘
1066,10:24:15,21.44,55744,26,买盘
1067,10:24:18,21.44,53600,25,买盘
1068,10:24:21,21.44,604813,282,买盘
1069,10:24:24,21.44,353678,165,卖盘
1070,10:24:27,21.43,244302,114,卖盘
1071,10:24:30,21.44,135065,63,买盘
1072,10:24:33,21.44,255147,119,买盘
1073,10:24:36,21.44,8576,4,卖盘
1074,10:24:39,21.44,874384,408,卖盘
1075,10:24:42,21.45,15015,7,买盘
1076,10:24:45,21.44,98624,46,卖盘
1077,10:24:48,21.45,21450,10,买盘
1078,10:24:51,21.45,27885,13,买盘
1079,10:24:54,21.44,561754,262,卖盘
1080,10:24:57,21.44,165088,77,买盘
1081,10:25:00,21.44,12864,6,买盘
1082,10:25:03,21.44,169361,79,买盘
1083,10:25:06,21.43,548805,256,卖盘
1084,10:25:09,21.44,244380,114,买盘
1085,10:25:12,21.43,467213,218,卖盘
1086,10:25:15,21.44,150080,70,买盘
1087,10:25:18,21.44,728966,340,买盘
1088,10:25:21,21.46,15020,7,买盘
1089,10:25:24,21.46,87968,41,买盘
1090,10:25:27,21.45,42900,20,卖盘
1091,10:25:30,21.47,12872,6,买盘
1092,10:25:33,21.45,8583,4,卖盘
1093,10:25:36,21.46,30035,14,买盘
1094,10:25:39,21.45,214505,100,卖盘
1095,10:25:42,21.45,356070,166,卖盘
1096,10:25:45,21.45,32175,15,买盘
1097,10:25:48,21.45,72918,34,买盘
1098,10:25:51,21.45,47190,22,买盘
1099,10:25:54,21.45,55750,26,买盘
1100,10:25:57,21.45,1736275,810,买盘
1101,10:26:00,21.45,113654,53,买盘
1102,10:26:03,21.44,10720,5,中性盘
1103,10:26:06,21.43,38599,18,卖盘
1104,10:26:09,21.44,15008,7,中性盘
1105,10:26:12,21.44,122200,57,卖盘
1106,10:26:15,21.44,40754,19,中性盘
1107,10:26:18,21.43,45007,21,卖盘
1108,10:26:21,21.44,4288,2,中性盘
1109,10:26:27,21.43,137210,64,卖盘
1110,10:26:30,21.44,42880,20,中性盘
1111,10:26:33,21.44,182241,85,卖盘
1112,10:26:36,21.45,32164,15,买盘
1113,10:26:39,21.45,57900,27,买盘
1114,10:26:42,21.44,83621,39,卖盘
1115,10:26:45,21.44,87917,41,买盘
1116,10:26:48,21.44,15008,7,卖盘
1117,10:26:51,21.45,298020,139,买盘
1118,10:26:54,21.45,12865,6,买盘
1119,10:26:57,21.44,49312,23,卖盘
1120,10:27:00,21.44,4288,2,卖盘
1121,10:27:03,21.45,141507,66,买盘
1122,10:27:06,21.44,107230,50,卖盘
1123,10:27:09,21.45,19305,9,买盘
1124,10:27:12,21.45,8580,4,买盘
1125,10:27:15,21.45,167259,78,买盘
1126,10:27:18,21.45,4290,2,买盘
1127,10:27:21,21.45,2145,1,买盘
1128,10:27:24,21.44,38592,18,卖盘
1129,10:27:27,21.44,806144,376,卖盘
1130,10:27:30,21.43,62168,29,卖盘
1131,10:27:33,21.44,32155,15,买盘
1132,10:27:36,21.43,1009788,471,卖盘
1133,10:27:39,21.44,94336,44,买盘
1134,10:27:42,21.43,777926,363,卖盘
1135,10:27:45,21.43,2316599,1081,卖盘
1136,10:27:48,21.44,96460,45,买盘
1137,10:27:54,21.43,15001,7,卖盘
1138,10:27:57,21.43,115722,54,卖盘
1139,10:28:00,21.43,810056,378,卖盘
1140,10:28:03,21.43,197162,92,卖盘
1141,10:28:06,21.43,38569,18,买盘
1142,10:28:09,21.43,207871,97,买盘
1143,10:28:12,21.42,2634701,1230,卖盘
1144,10:28:15,21.43,493087,230,买盘
1145,10:28:18,21.43,40717,19,买盘
1146,10:28:21,21.42,312735,146,卖盘
1147,10:28:24,21.43,64266,30,买盘
1148,10:28:27,21.43,2245296,1048,买盘
1149,10:28:30,21.42,362109,169,卖盘
1150,10:28:33,21.42,278465,130,卖盘
1151,10:28:36,21.42,68545,32,卖盘
1152,10:28:39,21.42,96395,45,卖盘
1153,10:28:42,21.42,203495,95,卖盘
1154,10:28:45,21.44,1174362,548,买盘
1155,10:28:48,21.44,274400,128,买盘
1156,10:28:51,21.43,47146,22,卖盘
1157,10:28:54,21.43,102864,48,卖盘
1158,10:28:57,21.43,145788,68,卖盘
1159,10:29:00,21.44,553149,258,中性盘
1160,10:29:03,21.44,137227,64,卖盘
1161,10:29:06,21.44,244327,114,买盘
1162,10:29:09,21.44,72897,34,卖盘
1163,10:29:12,21.43,60034,28,卖盘
1164,10:29:15,21.45,17159,8,买盘
1165,10:29:18,21.44,30018,14,卖盘
1166,10:29:21,21.45,315290,147,买盘
1167,10:29:24,21.46,51473,24,买盘
1168,10:29:27,21.46,105106,49,买盘
1169,10:29:30,21.45,137339,64,卖盘
1170,10:29:33,21.46,122322,57,买盘
1171,10:29:36,21.46,85818,40,买盘
1172,10:29:39,21.46,111599,52,卖盘
1173,10:29:42,21.47,68660,32,买盘
1174,10:29:45,21.46,10732,5,卖盘
1175,10:29:48,21.47,8588,4,买盘
1176,10:29:51,21.47,57969,27,买盘
1177,10:29:54,21.47,57969,27,买盘
1178,10:29:57,21.46,25763,12,卖盘
1179,10:30:00,21.46,12880,6,卖盘
1180,10:30:03,21.48,163176,76,买盘
1181,10:30:06,21.47,19329,9,卖盘
1182,10:30:09,21.48,227579,106,买盘
1183,10:30:12,21.47,40807,19,卖盘
1184,10:30:15,21.48,75155,35,买盘
1185,10:30:18,21.48,21474,10,买盘
1186,10:30:21,21.47,12882,6,卖盘
1187,10:30:24,21.47,66572,31,卖盘
1188,10:30:27,21.48,88068,41,买盘
1189,10:30:30,21.47,34363,16,卖盘
1190,10:30:36,21.47,92324,43,卖盘
1191,10:30:39,21.48,12887,6,买盘
1192,10:30:42,21.47,231894,108,卖盘
1193,10:30:45,21.47,19323,9,买盘
1194,10:30:48,21.47,12882,6,卖盘
1195,10:30:51,21.47,40809,19,卖盘
1196,10:30:54,21.48,57975,27,买盘
1197,10:30:57,21.47,64410,30,卖盘
1198,10:31:00,21.47,55822,26,买盘
1199,10:31:03,21.47,10735,5,买盘
1200,10:31:06,21.46,107344,50,卖盘
1201,10:31:09,21.47,307017,143,买盘
1202,10:31:12,21.46,244712,114,卖盘
1203,10:31:15,21.47,25764,12,中性盘
1204,10:31:18,21.47,34352,16,买盘
1205,10:31:21,21.46,19322,9,卖盘
1206,10:31:24,21.48,77302,36,买盘
1207,10:31:27,21.47,47234,22,卖盘
1208,10:31:30,21.47,36499,17,卖盘
1209,10:31:36,21.48,191152,89,买盘
1210,10:31:39,21.49,410285,191,买盘
1211,10:31:42,21.49,53725,25,买盘
1212,10:31:48,21.47,150325,70,卖盘
1213,10:31:51,21.48,21480,10,买盘
1214,10:31:54,21.48,429504,200,买盘
1215,10:31:57,21.48,23628,11,买盘
1216,10:32:03,21.48,2148,1,买盘
1217,10:32:06,21.48,266350,124,买盘
1218,10:32:09,21.49,2696272,1255,买盘
1219,10:32:12,21.49,229921,107,卖盘
1220,10:32:18,21.5,32248,15,买盘
1221,10:32:21,21.49,15043,7,卖盘
1222,10:32:24,21.49,21482,10,中性盘
1223,10:32:27,21.49,58019,27,卖盘
1224,10:32:30,21.48,206243,96,卖盘
1225,10:32:33,21.48,693821,323,卖盘
1226,10:32:36,21.48,148210,69,买盘
1227,10:32:39,21.47,27921,13,卖盘
1228,10:32:42,21.47,137799,64,卖盘
1229,10:32:45,21.47,6441,3,卖盘
1230,10:32:51,21.47,30058,14,卖盘
1231,10:32:54,21.48,15036,7,买盘
1232,10:32:57,21.48,10740,5,买盘
1233,10:33:03,21.48,564912,263,买盘
1234,10:33:06,21.48,34374,16,买盘
1235,10:33:09,21.48,36516,17,卖盘
1236,10:33:12,21.48,81624,38,买盘
1237,10:33:15,21.48,32215,15,卖盘
1238,10:33:18,21.49,410612,191,买盘
1239,10:33:21,21.5,804096,374,买盘
1240,10:33:24,21.5,103210,48,买盘
1241,10:33:27,21.51,4302,2,买盘
1242,10:33:30,21.5,2150,1,卖盘
1243,10:33:33,21.5,88181,41,卖盘
1244,10:33:39,21.52,296970,138,买盘
1245,10:33:42,21.52,38736,18,买盘
1246,10:33:45,21.53,139890,65,买盘
1247,10:33:48,21.53,17224,8,买盘
1248,10:33:51,21.53,178656,83,买盘
1249,10:33:54,21.53,221783,103,卖盘
1250,10:33:57,21.54,15078,7,买盘
1251,10:34:00,21.54,135702,63,买盘
1252,10:34:03,21.55,58161,27,买盘
1253,10:34:06,21.54,8616,4,买盘
1254,10:34:09,21.54,4308,2,买盘
1255,10:34:12,21.54,422179,196,买盘
1256,10:34:15,21.56,857847,398,买盘
1257,10:34:18,21.56,32342,15,买盘
1258,10:34:21,21.57,582391,270,买盘
1259,10:34:24,21.57,92765,43,卖盘
1260,10:34:27,21.57,567495,263,卖盘
1261,10:34:30,21.56,306232,142,卖盘
1262,10:34:36,21.55,86198,40,卖盘
1263,10:34:39,21.54,122825,57,卖盘
1264,10:34:42,21.55,49567,23,买盘
1265,10:34:45,21.54,28012,13,卖盘
1266,10:34:48,21.5,450077,209,卖盘
1267,10:34:51,21.55,131460,61,卖盘
1268,10:34:54,21.56,88382,41,买盘
1269,10:34:57,21.55,112106,52,卖盘
1270,10:35:00,21.55,228505,106,卖盘
1271,10:35:03,21.56,457026,212,买盘
1272,10:35:06,21.54,94806,44,卖盘
1273,10:35:09,21.55,101300,47,卖盘
1274,10:35:12,21.54,15078,7,卖盘
1275,10:35:15,21.53,92611,43,卖盘
1276,10:35:18,21.54,101228,47,买盘
1277,10:35:21,21.55,38773,18,买盘
1278,10:35:24,21.54,66776,31,卖盘
1279,10:35:27,21.54,112013,52,卖盘
1280,10:35:30,21.54,105566,49,卖盘
1281,10:35:33,21.55,424143,197,买盘
1282,10:35:36,21.55,2155,1,买盘
1283,10:35:39,21.55,23696,11,买盘
1284,10:35:42,21.54,28004,13,卖盘
1285,10:35:45,21.54,40926,19,卖盘
1286,10:35:48,21.54,12924,6,买盘
1287,10:35:51,21.54,133537,62,买盘
1288,10:35:54,21.53,475889,221,卖盘
1289,10:35:57,21.53,303573,141,买盘
1290,10:36:00,21.53,152837,71,买盘
1291,10:36:03,21.52,101144,47,卖盘
1292,10:36:06,21.52,30128,14,买盘
1293,10:36:09,21.52,6456,3,买盘
1294,10:36:12,21.52,4304,2,买盘
1295,10:36:15,21.52,4304,2,买盘
1296,10:36:18,21.51,213035,99,卖盘
1297,10:36:21,21.51,23665,11,卖盘
1298,10:36:24,21.52,21520,10,买盘
1299,10:36:27,21.51,34416,16,卖盘
1300,10:36:30,21.51,649319,302,卖盘
1301,10:36:33,21.51,15057,7,卖盘
1302,10:36:36,21.52,133364,62,买盘
1303,10:36:39,21.52,45176,21,买盘
1304,10:36:42,21.51,329105,153,卖盘
1305,10:36:45,21.51,25812,12,买盘
1306,10:36:48,21.52,27964,13,买盘
1307,10:36:54,21.51,165626,77,卖盘
1308,10:36:57,21.5,25808,12,卖盘
1309,10:37:00,21.51,34416,16,买盘
1310,10:37:03,21.51,546101,254,买盘
1311,10:37:06,21.52,176314,82,买盘
1312,10:37:09,21.5,73104,34,卖盘
1313,10:37:15,21.51,58086,27,卖盘
1314,10:37:18,21.51,2151,1,卖盘
1315,10:37:21,21.51,38718,18,卖盘
1316,10:37:24,21.51,17208,8,卖盘
1317,10:37:33,21.51,45171,21,卖盘
1318,10:37:36,21.51,49487,23,买盘
1319,10:37:39,21.51,12906,6,卖盘
1320,10:37:42,21.52,17216,8,买盘
1321,10:37:48,21.52,19368,9,买盘
1322,10:37:51,21.52,19368,9,买盘
1323,10:37:54,21.52,43030,20,买盘
1324,10:37:57,21.51,43020,20,卖盘
1325,10:38:00,21.52,53798,25,买盘
1326,10:38:06,21.51,107587,50,卖盘
1327,10:38:09,21.52,19362,9,买盘
1328,10:38:15,21.52,8608,4,买盘
1329,10:38:21,21.52,23672,11,买盘
1330,10:38:24,21.52,139880,65,买盘
1331,10:38:27,21.51,692625,322,卖盘
1332,10:38:30,21.52,15060,7,买盘
1333,10:38:33,21.52,111879,52,买盘
1334,10:38:36,21.5,64501,30,卖盘
1335,10:38:39,21.5,15050,7,卖盘
1336,10:38:42,21.51,427860,199,买盘
1337,10:38:45,21.5,27946,13,中性盘
1338,10:38:48,21.5,15048,7,买盘
1339,10:38:57,21.5,81698,38,买盘
1340,10:39:00,21.49,17196,8,卖盘
1341,10:39:03,21.49,45130,21,卖盘
1342,10:39:06,21.5,245096,114,买盘
1343,10:39:09,21.49,664043,309,卖盘
1344,10:39:12,21.5,40850,19,买盘
1345,10:39:15,21.5,135442,63,买盘
1346,10:39:18,21.5,30087,14,买盘
1347,10:39:21,21.49,51582,24,卖盘
1348,10:39:24,21.49,12894,6,卖盘
1349,10:39:27,21.5,285828,133,买盘
1350,10:39:30,21.49,279370,130,卖盘
1351,10:39:33,21.48,21481,10,卖盘
1352,10:39:36,21.48,6445,3,卖盘
1353,10:39:39,21.49,10741,5,买盘
1354,10:39:45,21.48,193323,90,卖盘
1355,10:39:48,21.49,191261,89,买盘
1356,10:39:51,21.48,32221,15,卖盘
1357,10:39:54,21.48,36523,17,卖盘
1358,10:39:57,21.48,425304,198,卖盘
1359,10:40:00,21.47,642245,299,卖盘
1360,10:40:03,21.46,873727,407,卖盘
1361,10:40:06,21.47,208171,97,买盘
1362,10:40:09,21.46,180278,84,卖盘
1363,10:40:12,21.46,19312,9,买盘
1364,10:40:15,21.46,32188,15,买盘
1365,10:40:18,21.45,19312,9,卖盘
1366,10:40:21,21.46,19312,9,买盘
1367,10:40:24,21.46,51483,24,买盘
1368,10:40:27,21.45,27892,13,卖盘
1369,10:40:30,21.46,832643,388,买盘
1370,10:40:33,21.45,296135,138,卖盘
1371,10:40:36,21.46,64380,30,买盘
1372,10:40:39,21.46,246748,115,买盘
1373,10:40:42,21.45,124453,58,卖盘
1374,10:40:45,21.46,60088,28,买盘
1375,10:40:48,21.45,87969,41,卖盘
1376,10:40:51,21.46,195222,91,买盘
1377,10:40:54,21.46,253228,118,买盘
1378,10:40:57,21.47,124451,58,买盘
1379,10:41:00,21.47,94426,44,买盘
1380,10:41:03,21.46,2146,1,卖盘
1381,10:41:06,21.47,96572,45,买盘
1382,10:41:09,21.47,4294,2,买盘
1383,10:41:15,21.46,21460,10,卖盘
1384,10:41:18,21.47,66528,31,买盘
1385,10:41:21,21.46,17168,8,卖盘
1386,10:41:24,21.46,21460,10,卖盘
1387,10:41:27,21.46,6438,3,卖盘
1388,10:41:30,21.46,122322,57,卖盘
1389,10:41:33,21.47,1341255,625,买盘
1390,10:41:36,21.46,94435,44,卖盘
1391,10:41:39,21.46,47216,22,卖盘
1392,10:41:42,21.46,10730,5,卖盘
1393,10:41:45,21.47,75114,35,买盘
1394,10:41:48,21.46,6440,3,卖盘
1395,10:41:51,21.46,77257,36,卖盘
1396,10:41:54,21.45,216746,101,卖盘
1397,10:41:57,21.46,38628,18,买盘
1398,10:42:00,21.45,30038,14,卖盘
1399,10:42:03,21.45,366795,171,卖盘
1400,10:42:06,21.47,8588,4,买盘
1401,10:42:09,21.47,2147,1,买盘
1402,10:42:15,21.46,49357,23,卖盘
1403,10:42:18,21.45,36480,17,卖盘
1404,10:42:21,21.45,15015,7,卖盘
1405,10:42:30,21.45,17165,8,卖盘
1406,10:42:36,21.45,72930,34,卖盘
1407,10:42:39,21.46,427054,199,买盘
1408,10:42:42,21.46,178123,83,卖盘
1409,10:42:45,21.46,2146,1,卖盘
1410,10:42:48,21.46,6438,3,卖盘
1411,10:42:51,21.47,12880,6,买盘
1412,10:42:57,21.47,19319,9,买盘
1413,10:43:00,21.46,30044,14,卖盘
1414,10:43:03,21.46,21460,10,卖盘
1415,10:43:12,21.46,53650,25,卖盘
1416,10:43:15,21.47,100909,47,买盘
1417,10:43:18,21.47,12882,6,买盘
1418,10:43:21,21.46,214600,100,卖盘
1419,10:43:33,21.46,785436,366,卖盘
1420,10:43:36,21.47,17175,8,买盘
1421,10:43:39,21.46,107300,50,卖盘
1422,10:43:42,21.46,4292,2,卖盘
1423,10:43:45,21.46,34336,16,卖盘
1424,10:43:51,21.47,8585,4,买盘
1425,10:43:54,21.47,79413,37,买盘
1426,10:43:57,21.46,10730,5,卖盘
1427,10:44:00,21.46,57968,27,卖盘
1428,10:44:03,21.46,27898,13,卖盘
1429,10:44:15,21.47,12882,6,买盘
1430,10:44:18,21.47,21470,10,买盘
1431,10:44:21,21.46,212510,99,卖盘
1432,10:44:24,21.46,45076,21,卖盘
1433,10:44:27,21.46,2146,1,卖盘
1434,10:44:30,21.46,17173,8,卖盘
1435,10:44:33,21.46,143832,67,卖盘
1436,10:44:36,21.46,40786,19,卖盘
1437,10:44:39,21.46,182445,85,卖盘
1438,10:44:42,21.47,49381,23,买盘
1439,10:44:45,21.46,214600,100,卖盘
1440,10:44:51,21.46,2146,1,卖盘
1441,10:44:57,21.46,10730,5,卖盘
1442,10:45:00,21.46,27901,13,卖盘
1443,10:45:03,21.46,17170,8,卖盘
1444,10:45:06,21.46,309024,144,卖盘
1445,10:45:09,21.46,246799,115,买盘
1446,10:45:12,21.46,57942,27,卖盘
1447,10:45:15,21.46,23606,11,卖盘
1448,10:45:18,21.46,21460,10,卖盘
1449,10:45:21,21.46,23606,11,卖盘
1450,10:45:24,21.46,30048,14,卖盘
1451,10:45:27,21.47,10735,5,买盘
1452,10:45:30,21.47,60116,28,买盘
1453,10:45:33,21.47,193161,90,买盘
1454,10:45:36,21.47,206112,96,买盘
1455,10:45:39,21.46,19320,9,卖盘
1456,10:45:42,21.46,27898,13,卖盘
1457,10:45:48,21.46,51517,24,卖盘
1458,10:45:51,21.45,1317364,614,卖盘
1459,10:45:54,21.46,62244,29,中性盘
1460,10:45:57,21.46,64380,30,卖盘
1461,10:46:00,21.46,1053686,491,买盘
1462,10:46:03,21.47,27907,13,买盘
1463,10:46:06,21.46,339216,158,卖盘
1464,10:46:09,21.47,17176,8,买盘
1465,10:46:12,21.46,55797,26,卖盘
1466,10:46:18,21.47,470147,219,买盘
1467,10:46:21,21.48,12888,6,买盘
1468,10:46:24,21.47,12882,6,卖盘
1469,10:46:27,21.48,111671,52,买盘
1470,10:46:30,21.48,10740,5,买盘
1471,10:46:33,21.48,25774,12,买盘
1472,10:46:36,21.48,10740,5,买盘
1473,10:46:39,21.47,957568,446,卖盘
1474,10:46:42,21.47,23617,11,买盘
1475,10:46:48,21.47,27911,13,买盘
1476,10:46:51,21.47,21470,10,买盘
1477,10:46:54,21.47,244658,114,买盘
1478,10:46:57,21.47,21470,10,买盘
1479,10:47:00,21.47,19315,9,买盘
1480,10:47:03,21.47,45086,21,买盘
1481,10:47:06,21.47,21470,10,买盘
1482,10:47:09,21.46,42920,20,卖盘
1483,10:47:12,21.47,6441,3,买盘
1484,10:47:15,21.46,2146,1,卖盘
1485,10:47:24,21.46,45066,21,卖盘
1486,10:47:33,21.46,17168,8,卖盘
1487,10:47:36,21.46,64401,30,卖盘
1488,10:47:42,21.46,21460,10,卖盘
1489,10:47:45,21.46,15022,7,卖盘
1490,10:47:48,21.46,72982,34,卖盘
1491,10:47:51,21.46,4292,2,卖盘
1492,10:47:54,21.46,135198,63,卖盘
1493,10:47:57,21.46,300440,140,卖盘
1494,10:48:00,21.47,77258,36,买盘
1495,10:48:03,21.46,17172,8,卖盘
1496,10:48:06,21.46,107300,50,卖盘
1497,10:48:09,21.46,4292,2,卖盘
1498,10:48:12,21.46,939918,438,卖盘
1499,10:48:15,21.45,83683,39,卖盘
1500,10:48:18,21.44,1730980,807,卖盘
1501,10:48:21,21.45,40754,19,买盘
1502,10:48:24,21.44,100768,47,卖盘
1503,10:48:27,21.44,10720,5,卖盘
1504,10:48:30,21.45,8578,4,买盘
1505,10:48:33,21.44,96480,45,卖盘
1506,10:48:39,21.44,4288,2,卖盘
1507,10:48:42,21.44,21440,10,卖盘
1508,10:48:45,21.44,351616,164,卖盘
1509,10:48:48,21.44,570304,266,卖盘
1510,10:48:51,21.44,17152,8,买盘
1511,10:48:54,21.44,68608,32,买盘
1512,10:48:57,21.43,235740,110,卖盘
1513,10:49:00,21.44,85759,40,买盘
1514,10:49:03,21.45,139318,65,买盘
1515,10:49:06,21.44,53602,25,卖盘
1516,10:49:12,21.45,4290,2,买盘
1517,10:49:15,21.44,105057,49,卖盘
1518,10:49:18,21.44,115781,54,卖盘
1519,10:49:21,21.44,83618,39,卖盘
1520,10:49:27,21.44,62176,29,卖盘
1521,10:49:30,21.45,158668,74,买盘
1522,10:49:33,21.44,8576,4,卖盘
1523,10:49:36,21.44,6432,3,卖盘
1524,10:49:39,21.44,162944,76,卖盘
1525,10:49:42,21.44,141504,66,买盘
1526,10:49:45,21.44,1080576,504,买盘
1527,10:49:48,21.44,27880,13,卖盘
1528,10:49:51,21.45,96490,45,买盘
1529,10:49:54,21.44,45024,21,卖盘
1530,10:49:57,21.43,62166,29,卖盘
1531,10:50:00,21.44,66464,31,买盘
1532,10:50:03,21.44,38595,18,卖盘
1533,10:50:06,21.45,765749,357,买盘
1534,10:50:09,21.45,139490,65,卖盘
1535,10:50:12,21.45,8580,4,卖盘
1536,10:50:15,21.45,2145,1,卖盘
1537,10:50:18,21.44,559830,261,卖盘
1538,10:50:21,21.45,10725,5,买盘
1539,10:50:24,21.44,4288,2,卖盘
1540,10:50:27,21.44,21440,10,中性盘
1541,10:50:33,21.43,113620,53,卖盘
1542,10:50:36,21.44,2144,1,卖盘
1543,10:50:42,21.44,4288,2,卖盘
1544,10:50:45,21.44,141504,66,卖盘
1545,10:50:48,21.43,452173,211,卖盘
1546,10:50:51,21.44,15007,7,买盘
1547,10:50:54,21.44,51456,24,买盘
1548,10:50:57,21.43,330022,154,卖盘
1549,10:51:00,21.43,68576,32,卖盘
1550,10:51:03,21.43,546465,255,卖盘
1551,10:51:06,21.43,107150,50,卖盘
1552,10:51:09,21.44,62175,29,买盘
1553,10:51:12,21.43,25716,12,卖盘
1554,10:51:15,21.43,4286,2,卖盘
1555,10:51:18,21.43,113579,53,卖盘
1556,10:51:21,21.43,107155,50,卖盘
1557,10:51:24,21.43,17144,8,卖盘
1558,10:51:27,21.42,42855,20,卖盘
1559,10:51:30,21.43,8572,4,买盘
1560,10:51:33,21.43,12858,6,买盘
1561,10:51:36,21.43,74981,35,买盘
1562,10:51:39,21.43,1713643,800,买盘
1563,10:51:42,21.43,34288,16,买盘
1564,10:51:45,21.42,53550,25,卖盘
1565,10:51:48,21.42,169230,79,卖盘
1566,10:51:51,21.42,38556,18,卖盘
1567,10:51:54,21.42,413406,193,卖盘
1568,10:51:57,21.42,36419,17,卖盘
1569,10:52:03,21.43,6429,3,买盘
1570,10:52:06,21.43,192841,90,买盘
1571,10:52:09,21.43,347166,162,买盘
1572,10:52:12,21.43,45003,21,买盘
1573,10:52:15,21.42,113577,53,卖盘
1574,10:52:18,21.43,25716,12,买盘
1575,10:52:21,21.43,111436,52,买盘
1576,10:52:24,21.42,233554,109,卖盘
1577,10:52:27,21.43,398434,186,买盘
1578,10:52:30,21.43,45003,21,买盘
1579,10:52:33,21.43,4286,2,买盘
1580,10:52:36,21.43,45003,21,买盘
1581,10:52:39,21.43,57861,27,买盘
1582,10:52:42,21.43,75005,35,买盘
1583,10:52:45,21.43,1120289,523,买盘
1584,10:52:48,21.43,128580,60,买盘
1585,10:52:51,21.43,45003,21,买盘
1586,10:52:54,21.43,10715,5,买盘
1587,10:52:57,21.42,38572,18,卖盘
1588,10:53:00,21.42,182070,85,卖盘
1589,10:53:03,21.43,165011,77,买盘
1590,10:53:06,21.43,377108,176,买盘
1591,10:53:09,21.43,42866,20,卖盘
1592,10:53:12,21.43,42860,20,卖盘
1593,10:53:21,21.43,36431,17,卖盘
1594,10:53:24,21.43,171440,80,卖盘
1595,10:53:27,21.43,19287,9,卖盘
1596,10:53:33,21.43,102866,48,卖盘
1597,10:53:36,21.44,23584,11,买盘
1598,10:53:42,21.42,381385,178,卖盘
1599,10:53:45,21.43,17144,8,买盘
1600,10:53:48,21.43,4286,2,买盘
1601,10:53:54,21.42,132834,62,卖盘
1602,10:53:57,21.43,227058,106,买盘
1603,10:54:00,21.43,10715,5,买盘
1604,10:54:03,21.43,199297,93,买盘
1605,10:54:06,21.42,55700,26,卖盘
1606,10:54:09,21.42,21420,10,卖盘
1607,10:54:12,21.41,2302428,1075,卖盘
1608,10:54:15,21.42,36414,17,买盘
1609,10:54:18,21.41,44963,21,卖盘
1610,10:54:21,21.42,94246,44,买盘
1611,10:54:24,21.41,83510,39,卖盘
1612,10:54:27,21.41,42830,20,卖盘
1613,10:54:30,21.42,154212,72,买盘
1614,10:54:36,21.41,646704,302,卖盘
1615,10:54:39,21.41,719412,336,卖盘
1616,10:54:42,21.41,233374,109,卖盘
1617,10:54:45,21.41,1642143,767,卖盘
1618,10:54:48,21.41,81358,38,买盘
1619,10:54:51,21.4,856050,400,卖盘
1620,10:54:54,21.4,472956,221,卖盘
1621,10:54:57,21.41,6423,3,买盘
1622,10:55:00,21.4,530723,248,卖盘
1623,10:55:03,21.4,136977,64,卖盘
1624,10:55:06,21.4,179762,84,卖盘
1625,10:55:09,21.4,357490,167,卖盘
1626,10:55:12,21.4,49235,23,卖盘
1627,10:55:15,21.41,179772,84,买盘
1628,10:55:18,21.4,104887,49,卖盘
1629,10:55:21,21.41,423904,198,买盘
1630,10:55:24,21.41,47092,22,买盘
1631,10:55:27,21.41,233317,109,买盘
1632,10:55:30,21.41,1128179,527,卖盘
1633,10:55:33,21.42,36405,17,买盘
1634,10:55:36,21.41,179844,84,卖盘
1635,10:55:39,21.42,12852,6,买盘
1636,10:55:42,21.41,4282,2,卖盘
1637,10:55:48,21.41,426059,199,卖盘
1638,10:55:51,21.4,85625,40,卖盘
1639,10:55:54,21.4,57785,27,卖盘
1640,10:55:57,21.39,3622991,1693,卖盘
1641,10:56:00,21.39,481418,225,卖盘
1642,10:56:03,21.39,104821,49,卖盘
1643,10:56:06,21.39,260963,122,卖盘
1644,10:56:09,21.39,154014,72,卖盘
1645,10:56:12,21.39,98422,46,卖盘
1646,10:56:15,21.4,49208,23,买盘
1647,10:56:18,21.4,320889,150,买盘
1648,10:56:21,21.4,74900,35,买盘
1649,10:56:24,21.41,55670,26,买盘
1650,10:56:27,21.42,201226,94,买盘
1651,10:56:33,21.41,49243,23,卖盘
1652,10:56:36,21.41,38536,18,卖盘
1653,10:56:39,21.41,10705,5,买盘
1654,10:56:42,21.41,6421,3,买盘
1655,10:56:45,21.4,579952,271,卖盘
1656,10:56:48,21.41,49243,23,买盘
1657,10:56:51,21.41,8564,4,卖盘
1658,10:56:54,21.41,25693,12,卖盘
1659,10:56:57,21.41,72794,34,卖盘
1660,10:57:00,21.41,132742,62,卖盘
1661,10:57:03,21.41,216241,101,中性盘
1662,10:57:06,21.41,4282,2,买盘
1663,10:57:09,21.4,10700,5,卖盘
1664,10:57:12,21.4,12840,6,卖盘
1665,10:57:15,21.41,72777,34,买盘
1666,10:57:18,21.4,70628,33,卖盘
1667,10:57:21,21.4,442982,207,卖盘
1668,10:57:24,21.4,47097,22,卖盘
1669,10:57:27,21.4,130560,61,卖盘
1670,10:57:30,21.4,92026,43,卖盘
1671,10:57:33,21.4,23540,11,卖盘
1672,10:57:36,21.39,1898022,887,卖盘
1673,10:57:39,21.39,102689,48,卖盘
1674,10:57:42,21.4,74885,35,买盘
1675,10:57:45,21.39,577530,270,卖盘
1676,10:57:48,21.39,121961,57,卖盘
1677,10:57:51,21.39,106953,50,卖盘
1678,10:57:54,21.39,183954,86,卖盘
1679,10:57:57,21.4,357281,167,买盘
1680,10:58:00,21.38,1653408,773,卖盘
1681,10:58:03,21.38,1120699,524,卖盘
1682,10:58:06,21.38,220224,103,卖盘
1683,10:58:09,21.38,466084,218,卖盘
1684,10:58:12,21.38,767547,359,卖盘
1685,10:58:15,21.38,59852,28,买盘
1686,10:58:18,21.37,651786,305,卖盘
1687,10:58:21,21.37,1004326,470,卖盘
1688,10:58:24,21.36,111089,52,卖盘
1689,10:58:27,21.36,474392,222,卖盘
1690,10:58:30,21.36,194376,91,卖盘
1691,10:58:33,21.36,956937,448,卖盘
1692,10:58:36,21.36,747487,350,卖盘
1693,10:58:39,21.36,296887,139,买盘
1694,10:58:42,21.36,51255,24,买盘
1695,10:58:45,21.36,98238,46,买盘
1696,10:58:48,21.34,3793916,1777,卖盘
1697,10:58:51,21.34,168641,79,买盘
1698,10:58:54,21.34,49083,23,卖盘
1699,10:58:57,21.34,320100,150,卖盘
1700,10:59:00,21.36,1310919,614,买盘
1701,10:59:03,21.37,324812,152,买盘
1702,10:59:06,21.35,245672,115,卖盘
1703,10:59:09,21.37,42740,20,卖盘
1704,10:59:12,21.37,40595,19,买盘
1705,10:59:15,21.37,4274,2,买盘
1706,10:59:18,21.36,81171,38,卖盘
1707,10:59:21,21.36,64098,30,卖盘
1708,10:59:24,21.36,104665,49,卖盘
1709,10:59:27,21.36,32040,15,卖盘
1710,10:59:30,21.37,290626,136,买盘
1711,10:59:33,21.37,160208,75,买盘
1712,10:59:36,21.36,59830,28,卖盘
1713,10:59:39,21.36,215758,101,卖盘
1714,10:59:42,21.36,948420,444,卖盘
1715,10:59:45,21.37,44885,21,买盘
1716,10:59:48,21.37,220135,103,卖盘
1717,10:59:51,21.37,34202,16,卖盘
1718,10:59:54,21.38,51296,24,买盘
1719,10:59:57,21.37,292794,137,卖盘
1720,11:00:00,21.37,515132,241,卖盘
1721,11:00:03,21.37,70521,33,买盘
1722,11:00:06,21.38,14965,7,买盘
1723,11:00:09,21.37,72682,34,卖盘
1724,11:00:12,21.38,72683,34,买盘
1725,11:00:15,21.39,10695,5,买盘
1726,11:00:18,21.37,79096,37,卖盘
1727,11:00:21,21.39,87676,41,买盘
1728,11:00:24,21.38,2138,1,卖盘
1729,11:00:27,21.39,224419,105,买盘
1730,11:00:30,21.39,25662,12,买盘
1731,11:00:33,21.38,143298,67,卖盘
1732,11:00:36,21.38,1224092,573,买盘
1733,11:00:39,21.38,27794,13,买盘
1734,11:00:42,21.37,130364,61,卖盘
1735,11:00:45,21.37,160322,75,卖盘
1736,11:00:48,21.38,111140,52,买盘
1737,11:00:51,21.38,25656,12,买盘
1738,11:00:54,21.37,98333,46,卖盘
1739,11:00:57,21.37,220111,103,卖盘
1740,11:01:00,21.37,147458,69,买盘
1741,11:01:03,21.37,12821,6,买盘
1742,11:01:06,21.37,207213,97,买盘
1743,11:01:09,21.37,12822,6,买盘
1744,11:01:12,21.37,74795,35,买盘
1745,11:01:15,21.37,104691,49,买盘
1746,11:01:18,21.36,21360,10,卖盘
1747,11:01:21,21.36,1012894,474,卖盘
1748,11:01:24,21.37,85491,40,买盘
1749,11:01:27,21.37,32055,15,卖盘
1750,11:01:30,21.37,47014,22,卖盘
1751,11:01:33,21.36,230791,108,卖盘
1752,11:01:39,21.36,412268,193,卖盘
1753,11:01:42,21.37,17096,8,买盘
1754,11:01:45,21.37,21370,10,买盘
1755,11:01:48,21.37,273511,128,买盘
1756,11:01:51,21.36,59821,28,卖盘
1757,11:01:54,21.37,10685,5,买盘
1758,11:01:57,21.36,83304,39,卖盘
1759,11:02:00,21.37,66247,31,买盘
1760,11:02:03,21.36,19227,9,卖盘
1761,11:02:06,21.37,36321,17,买盘
1762,11:02:09,21.36,36315,17,卖盘
1763,11:02:12,21.36,64084,30,卖盘
1764,11:02:15,21.37,42740,20,买盘
1765,11:02:18,21.37,115398,54,买盘
1766,11:02:21,21.36,79032,37,卖盘
1767,11:02:24,21.37,61968,29,买盘
1768,11:02:27,21.37,44877,21,买盘
1769,11:02:30,21.36,568195,266,卖盘
1770,11:02:33,21.37,21370,10,买盘
1771,11:02:42,21.37,27781,13,买盘
1772,11:02:45,21.36,108972,51,卖盘
1773,11:02:48,21.37,76922,36,买盘
1774,11:02:51,21.36,694506,325,卖盘
1775,11:02:54,21.37,59816,28,买盘
1776,11:02:57,21.36,534006,250,卖盘
1777,11:03:00,21.36,44865,21,买盘
1778,11:03:03,21.36,121752,57,卖盘
1779,11:03:06,21.36,79038,37,卖盘
1780,11:03:09,21.37,10685,5,买盘
1781,11:03:12,21.37,183782,86,买盘
1782,11:03:15,21.37,461384,216,买盘
1783,11:03:18,21.36,40602,19,卖盘
1784,11:03:21,21.37,87617,41,买盘
1785,11:03:24,21.36,2136,1,卖盘
1786,11:03:27,21.36,2136,1,卖盘
1787,11:03:30,21.36,34176,16,卖盘
1788,11:03:33,21.36,57672,27,卖盘
1789,11:03:36,21.36,53400,25,卖盘
1790,11:03:39,21.36,10680,5,卖盘
1791,11:03:42,21.36,72624,34,卖盘
1792,11:03:45,21.36,23496,11,卖盘
1793,11:03:48,21.36,158064,74,卖盘
1794,11:03:51,21.37,32050,15,买盘
1795,11:03:54,21.37,2137,1,买盘
1796,11:03:57,21.37,4273,2,买盘
1797,11:04:00,21.36,38459,18,卖盘
1798,11:04:03,21.36,10681,5,卖盘
1799,11:04:06,21.37,29918,14,买盘
1800,11:04:09,21.37,100410,47,买盘
1801,11:04:12,21.37,4273,2,买盘
1802,11:04:15,21.36,21360,10,卖盘
1803,11:04:21,21.37,51288,24,买盘
1804,11:04:24,21.36,29904,14,卖盘
1805,11:04:27,21.36,87576,41,卖盘
1806,11:04:30,21.36,431495,202,卖盘
1807,11:04:33,21.36,140972,66,买盘
1808,11:04:36,21.36,175152,82,买盘
1809,11:04:39,21.35,194369,91,卖盘
1810,11:04:45,21.36,49128,23,卖盘
1811,11:04:48,21.36,85440,40,卖盘
1812,11:04:51,21.36,132432,62,卖盘
1813,11:04:54,21.36,134573,63,卖盘
1814,11:04:57,21.36,42720,20,买盘
1815,11:05:00,21.36,85440,40,买盘
1816,11:05:03,21.35,115320,54,卖盘
1817,11:05:06,21.34,1313015,615,卖盘
1818,11:05:09,21.35,68320,32,买盘
1819,11:05:12,21.35,38430,18,买盘
1820,11:05:15,21.34,537797,252,卖盘
1821,11:05:18,21.35,1961457,919,买盘
1822,11:05:21,21.34,443895,208,卖盘
1823,11:05:24,21.34,138710,65,买盘
1824,11:05:27,21.33,1090004,511,卖盘
1825,11:05:30,21.34,72560,34,中性盘
1826,11:05:33,21.34,98165,46,卖盘
1827,11:05:36,21.35,185627,87,买盘
1828,11:05:39,21.35,70423,33,买盘
1829,11:05:42,21.35,46961,22,买盘
1830,11:05:45,21.35,61885,29,买盘
1831,11:05:48,21.34,87501,41,卖盘
1832,11:05:51,21.34,51225,24,卖盘
1833,11:05:54,21.34,6402,3,卖盘
1834,11:05:57,21.34,324368,152,卖盘
1835,11:06:00,21.34,369182,173,卖盘
1836,11:06:03,21.34,132308,62,买盘
1837,11:06:06,21.34,136532,64,买盘
1838,11:06:09,21.33,12803,6,卖盘
1839,11:06:12,21.33,49059,23,卖盘
1840,11:06:15,21.33,919345,431,卖盘
1841,11:06:18,21.34,72556,34,买盘
1842,11:06:21,21.34,234805,110,卖盘
1843,11:06:27,21.34,113113,53,卖盘
1844,11:06:30,21.35,102466,48,卖盘
1845,11:06:33,21.35,61915,29,卖盘
1846,11:06:36,21.35,864275,405,卖盘
1847,11:06:39,21.35,74735,35,卖盘
1848,11:06:42,21.35,10675,5,卖盘
1849,11:06:48,21.35,32025,15,卖盘
1850,11:06:51,21.35,21350,10,卖盘
1851,11:06:54,21.35,102496,48,卖盘
1852,11:06:57,21.35,59780,28,卖盘
1853,11:07:00,21.36,25621,12,买盘
1854,11:07:03,21.35,32025,15,卖盘
1855,11:07:06,21.36,32030,15,买盘
1856,11:07:09,21.35,23486,11,卖盘
1857,11:07:12,21.35,132371,62,卖盘
1858,11:07:15,21.34,23481,11,卖盘
1859,11:07:21,21.34,10670,5,卖盘
1860,11:07:24,21.34,49088,23,卖盘
1861,11:07:27,21.35,108867,51,买盘
1862,11:07:30,21.34,113123,53,卖盘
1863,11:07:33,21.34,25608,12,卖盘
1864,11:07:39,21.35,827995,388,买盘
1865,11:07:42,21.35,17079,8,买盘
1866,11:07:45,21.34,81092,38,卖盘
1867,11:07:48,21.34,10670,5,买盘
1868,11:07:51,21.34,14938,7,买盘
1869,11:07:54,21.34,213380,100,买盘
1870,11:07:57,21.33,23469,11,卖盘
1871,11:08:00,21.33,503501,236,卖盘
1872,11:08:03,21.34,14938,7,买盘
1873,11:08:06,21.33,1363090,639,卖盘
1874,11:08:09,21.34,108794,51,买盘
1875,11:08:12,21.33,273024,128,卖盘
1876,11:08:15,21.34,106700,50,买盘
1877,11:08:18,21.34,29876,14,买盘
1878,11:08:21,21.33,44803,21,卖盘
1879,11:08:24,21.33,477792,224,卖盘
1880,11:08:27,21.33,170591,80,买盘
1881,11:08:30,21.33,132237,62,买盘
1882,11:08:33,21.32,149289,70,卖盘
1883,11:08:36,21.33,34128,16,卖盘
1884,11:08:39,21.33,309287,145,卖盘
1885,11:08:42,21.32,68253,32,卖盘
1886,11:08:45,21.33,4266,2,买盘
1887,11:08:48,21.32,181224,85,卖盘
1888,11:08:51,21.32,430664,202,卖盘
1889,11:08:54,21.35,2209941,1036,买盘
1890,11:08:57,21.32,1983287,930,卖盘
1891,11:09:00,21.33,93896,44,卖盘
1892,11:09:03,21.32,1462618,686,卖盘
1893,11:09:06,21.34,166413,78,买盘
1894,11:09:09,21.34,78957,37,买盘
1895,11:09:12,21.35,59757,28,买盘
1896,11:09:15,21.34,132339,62,卖盘
1897,11:09:18,21.35,4270,2,买盘
1898,11:09:21,21.34,44814,21,卖盘
1899,11:09:24,21.34,290226,136,卖盘
1900,11:09:27,21.34,113076,53,买盘
1901,11:09:30,21.34,53350,25,买盘
1902,11:09:33,21.34,153696,72,卖盘
1903,11:09:36,21.33,46928,22,卖盘
1904,11:09:39,21.33,10665,5,卖盘
1905,11:09:42,21.33,117315,55,卖盘
1906,11:09:45,21.33,253892,119,卖盘
1907,11:09:48,21.34,172854,81,买盘
1908,11:09:51,21.33,298723,140,卖盘
1909,11:09:57,21.34,27742,13,买盘
1910,11:10:00,21.34,10670,5,卖盘
1911,11:10:03,21.34,70422,33,卖盘
1912,11:10:06,21.35,907057,425,买盘
1913,11:10:09,21.34,55485,26,卖盘
1914,11:10:15,21.35,177204,83,买盘
1915,11:10:18,21.35,356393,167,买盘
1916,11:10:21,21.34,17075,8,卖盘
1917,11:10:24,21.35,260314,122,买盘
1918,11:10:27,21.35,14940,7,买盘
1919,11:10:30,21.35,14945,7,买盘
1920,11:10:33,21.34,29880,14,卖盘
1921,11:10:36,21.35,428947,201,买盘
1922,11:10:39,21.35,153707,72,买盘
1923,11:10:42,21.35,189931,89,买盘
1924,11:10:45,21.34,44834,21,卖盘
1925,11:10:48,21.34,341460,160,卖盘
1926,11:10:51,21.35,12810,6,买盘
1927,11:10:54,21.34,106700,50,卖盘
1928,11:10:57,21.35,19215,9,买盘
1929,11:11:00,21.36,1231896,577,买盘
1930,11:11:03,21.36,40576,19,买盘
1931,11:11:06,21.35,10675,5,卖盘
1932,11:11:09,21.36,61933,29,买盘
1933,11:11:12,21.35,14950,7,卖盘
1934,11:11:18,21.36,2136,1,买盘
1935,11:11:21,21.35,517038,242,卖盘
1936,11:11:24,21.35,6405,3,卖盘
1937,11:11:33,21.36,21360,10,买盘
1938,11:11:36,21.35,42700,20,卖盘
1939,11:11:39,21.36,55535,26,买盘
1940,11:11:42,21.35,34161,16,卖盘
1941,11:11:45,21.34,586952,275,卖盘
1942,11:11:48,21.36,64044,30,买盘
1943,11:11:51,21.36,10680,5,买盘
1944,11:11:54,21.36,23496,11,买盘
1945,11:11:57,21.34,106723,50,卖盘
1946,11:12:03,21.35,34160,16,卖盘
1947,11:12:06,21.36,14952,7,买盘
1948,11:12:15,21.35,57660,27,卖盘
1949,11:12:18,21.37,42727,20,买盘
1950,11:12:21,21.36,2136,1,中性盘
1951,11:12:27,21.37,100439,47,买盘
1952,11:12:30,21.36,34177,16,卖盘
1953,11:12:33,21.37,91891,43,买盘
1954,11:12:36,21.37,42740,20,买盘
1955,11:12:39,21.37,55562,26,买盘
1956,11:12:42,21.37,17093,8,卖盘
1957,11:12:45,21.37,17096,8,买盘
1958,11:12:48,21.38,10690,5,买盘
1959,11:12:51,21.37,6413,3,卖盘
1960,11:13:00,21.38,6414,3,买盘
1961,11:13:03,21.38,38484,18,买盘
1962,11:13:06,21.37,399732,187,卖盘
1963,11:13:09,21.38,10690,5,买盘
1964,11:13:12,21.37,19233,9,卖盘
1965,11:13:15,21.38,160286,75,买盘
1966,11:13:18,21.38,10690,5,买盘
1967,11:13:21,21.38,481030,225,买盘
1968,11:13:24,21.39,25664,12,买盘
1969,11:13:27,21.39,21390,10,买盘
1970,11:13:30,21.39,256675,120,买盘
1971,11:13:36,21.39,4278,2,买盘
1972,11:13:39,21.39,203201,95,买盘
1973,11:13:42,21.38,59864,28,卖盘
1974,11:13:45,21.39,8556,4,买盘
1975,11:13:48,21.38,4276,2,卖盘
1976,11:13:51,21.38,34208,16,卖盘
1977,11:13:54,21.39,32075,15,买盘
1978,11:13:57,21.39,27807,13,买盘
1979,11:14:00,21.39,25668,12,买盘
1980,11:14:03,21.38,17104,8,卖盘
1981,11:14:06,21.38,55594,26,卖盘
1982,11:14:09,21.39,64170,30,买盘
1983,11:14:12,21.38,160350,75,卖盘
1984,11:14:15,21.39,38499,18,买盘
1985,11:14:18,21.39,10695,5,买盘
1986,11:14:21,21.39,10692,5,买盘
1987,11:14:24,21.38,23528,11,卖盘
1988,11:14:27,21.39,2139,1,买盘
1989,11:14:30,21.4,124069,58,买盘
1990,11:14:36,21.4,695500,325,买盘
1991,11:14:39,21.4,143380,67,买盘
1992,11:14:42,21.4,49220,23,买盘
1993,11:14:45,21.39,19251,9,卖盘
1994,11:14:48,21.4,36380,17,买盘
1995,11:14:51,21.4,8560,4,买盘
1996,11:14:54,21.4,14975,7,买盘
1997,11:14:57,21.4,6420,3,买盘
1998,11:15:00,21.4,8559,4,买盘
1999,11:15:03,21.4,385200,180,买盘
2000,11:15:06,21.4,267491,125,买盘
2001,11:15:09,21.39,168981,79,卖盘
2002,11:15:12,21.4,23531,11,买盘
2003,11:15:18,21.4,42800,20,买盘
2004,11:15:21,21.4,4280,2,买盘
2005,11:15:24,21.39,4278,2,卖盘
2006,11:15:27,21.39,243854,114,卖盘
2007,11:15:30,21.4,17118,8,买盘
2008,11:15:33,21.4,586109,274,买盘
2009,11:15:36,21.4,14980,7,买盘
2010,11:15:39,21.4,154021,72,买盘
2011,11:15:42,21.4,10700,5,买盘
2012,11:15:45,21.4,8560,4,买盘
2013,11:15:48,21.39,243846,114,卖盘
2014,11:15:51,21.38,17106,8,卖盘
2015,11:15:54,21.38,136834,64,卖盘
2016,11:15:57,21.39,6417,3,买盘
2017,11:16:03,21.38,10690,5,卖盘
2018,11:16:09,21.38,23518,11,卖盘
2019,11:16:12,21.39,10695,5,买盘
2020,11:16:15,21.38,70554,33,卖盘
2021,11:16:18,21.38,29932,14,卖盘
2022,11:16:21,21.38,143246,67,卖盘
2023,11:16:24,21.38,245885,115,卖盘
2024,11:16:27,21.38,4276,2,卖盘
2025,11:16:30,21.38,49174,23,卖盘
2026,11:16:33,21.38,4276,2,卖盘
2027,11:16:36,21.38,42763,20,卖盘
2028,11:16:39,21.38,29936,14,卖盘
2029,11:16:45,21.38,23526,11,卖盘
2030,11:16:48,21.39,2139,1,买盘
2031,11:16:51,21.39,271599,127,买盘
2032,11:16:54,21.39,12834,6,买盘
2033,11:16:57,21.38,21380,10,卖盘
2034,11:17:00,21.39,2139,1,买盘
2035,11:17:06,21.38,2138,1,卖盘
2036,11:17:09,21.38,23519,11,卖盘
2037,11:17:12,21.38,32080,15,卖盘
2038,11:17:15,21.39,12832,6,买盘
2039,11:17:18,21.38,260841,122,卖盘
2040,11:17:21,21.38,4276,2,卖盘
2041,11:17:24,21.38,42771,20,卖盘
2042,11:17:27,21.38,94072,44,卖盘
2043,11:17:30,21.38,19242,9,卖盘
2044,11:17:36,21.37,89764,42,卖盘
2045,11:17:42,21.38,21380,10,卖盘
2046,11:17:45,21.39,10693,5,买盘
2047,11:17:48,21.38,14966,7,买盘
2048,11:17:51,21.39,10695,5,买盘
2049,11:17:54,21.37,175296,82,卖盘
2050,11:18:00,21.38,38477,18,中性盘
2051,11:18:03,21.37,106850,50,卖盘
2052,11:18:06,21.38,19242,9,买盘
2053,11:18:12,21.39,53460,25,买盘
2054,11:18:21,21.37,102618,48,卖盘
2055,11:18:27,21.38,21380,10,买盘
2056,11:18:30,21.38,4276,2,买盘
2057,11:18:33,21.37,17103,8,卖盘
2058,11:18:36,21.38,181730,85,买盘
2059,11:18:39,21.39,34224,16,买盘
2060,11:18:42,21.38,4276,2,卖盘
2061,11:18:45,21.39,8555,4,买盘
2062,11:18:48,21.38,166830,78,卖盘
2063,11:18:51,21.38,8553,4,卖盘
2064,11:19:03,21.39,4278,2,买盘
2065,11:19:15,21.39,32085,15,买盘
2066,11:19:18,21.38,19242,9,卖盘
2067,11:19:24,21.39,2139,1,买盘
2068,11:19:27,21.39,2139,1,买盘
2069,11:19:30,21.38,14966,7,卖盘
2070,11:19:33,21.39,357113,167,买盘
2071,11:19:36,21.38,102647,48,卖盘
2072,11:19:39,21.39,49197,23,买盘
2073,11:19:42,21.39,38502,18,买盘
2074,11:19:45,21.39,91977,43,买盘
2075,11:19:48,21.38,220313,103,卖盘
2076,11:19:51,21.39,156147,73,买盘
2077,11:19:54,21.39,183904,86,买盘
2078,11:19:57,21.39,32085,15,买盘
2079,11:20:03,21.39,21390,10,买盘
2080,11:20:06,21.39,34224,16,买盘
2081,11:20:12,21.38,29932,14,卖盘
2082,11:20:15,21.39,49187,23,买盘
2083,11:20:21,21.39,21390,10,买盘
2084,11:20:24,21.38,6415,3,卖盘
2085,11:20:27,21.39,10695,5,买盘
2086,11:20:30,21.38,34219,16,卖盘
2087,11:20:33,21.39,4278,2,买盘
2088,11:20:36,21.38,25666,12,卖盘
2089,11:20:42,21.38,177472,83,卖盘
2090,11:20:48,21.38,468222,219,卖盘
2091,11:20:51,21.38,51312,24,买盘
2092,11:20:54,21.38,8552,4,买盘
2093,11:21:00,21.37,100439,47,卖盘
2094,11:21:03,21.37,36329,17,卖盘
2095,11:21:09,21.37,57699,27,卖盘
2096,11:21:18,21.38,408358,191,买盘
2097,11:21:24,21.38,4276,2,卖盘
2098,11:21:27,21.38,38484,18,卖盘
2099,11:21:30,21.38,66283,31,卖盘
2100,11:21:33,21.38,14966,7,卖盘
2101,11:21:36,21.38,8552,4,卖盘
2102,11:21:39,21.38,8552,4,卖盘
2103,11:21:42,21.39,49192,23,买盘
2104,11:21:45,21.38,10690,5,中性盘
2105,11:21:48,21.38,38469,18,卖盘
2106,11:21:51,21.37,8548,4,卖盘
2107,11:21:54,21.38,23518,11,买盘
2108,11:21:57,21.37,119672,56,卖盘
2109,11:22:03,21.37,55566,26,卖盘
2110,11:22:09,21.37,705210,330,卖盘
2111,11:22:12,21.37,21370,10,买盘
2112,11:22:15,21.36,4272,2,卖盘
2113,11:22:18,21.37,12822,6,买盘
2114,11:22:21,21.37,2137,1,买盘
2115,11:22:24,21.36,10680,5,卖盘
2116,11:22:27,21.37,106850,50,买盘
2117,11:22:30,21.37,21370,10,买盘
2118,11:22:33,21.36,8544,4,卖盘
2119,11:22:36,21.37,213700,100,买盘
2120,11:22:39,21.36,209341,98,卖盘
2121,11:22:42,21.36,4272,2,卖盘
2122,11:22:45,21.36,74760,35,卖盘
2123,11:22:48,21.37,234964,110,买盘
2124,11:22:51,21.37,23507,11,买盘
2125,11:22:54,21.37,72629,34,买盘
2126,11:22:57,21.36,190104,89,卖盘
2127,11:23:00,21.36,10680,5,买盘
2128,11:23:03,21.35,190100,89,卖盘
2129,11:23:06,21.36,46992,22,买盘
2130,11:23:09,21.36,19224,9,卖盘
2131,11:23:12,21.36,4272,2,中性盘
2132,11:23:15,21.36,23496,11,卖盘
2133,11:23:18,21.35,76883,36,卖盘
2134,11:23:21,21.37,10685,5,买盘
2135,11:23:24,21.36,42720,20,卖盘
2136,11:23:27,21.37,6411,3,买盘
2137,11:23:39,21.36,40585,19,卖盘
2138,11:23:42,21.36,187969,88,卖盘
2139,11:23:45,21.36,177345,83,卖盘
2140,11:23:48,21.36,10680,5,卖盘
2141,11:23:54,21.36,198648,93,卖盘
2142,11:23:57,21.37,207196,97,买盘
2143,11:24:00,21.37,331235,155,买盘
2144,11:24:03,21.36,168749,79,卖盘
2145,11:24:09,21.36,64087,30,卖盘
2146,11:24:12,21.36,64080,30,卖盘
2147,11:24:18,21.36,8544,4,卖盘
2148,11:24:27,21.36,10681,5,卖盘
2149,11:24:36,21.37,66222,31,买盘
2150,11:24:39,21.36,104669,49,卖盘
2151,11:24:45,21.36,38464,18,卖盘
2152,11:24:51,21.36,23496,11,卖盘
2153,11:25:00,21.36,81168,38,卖盘
2154,11:25:03,21.36,6408,3,卖盘
2155,11:25:09,21.36,123888,58,卖盘
2156,11:25:12,21.36,85440,40,卖盘
2157,11:25:15,21.36,6408,3,买盘
2158,11:25:24,21.35,140919,66,卖盘
2159,11:25:27,21.35,164422,77,卖盘
2160,11:25:30,21.36,17088,8,买盘
2161,11:25:33,21.36,198618,93,买盘
2162,11:25:36,21.36,25632,12,买盘
2163,11:25:39,21.36,21360,10,卖盘
2164,11:25:45,21.37,2137,1,买盘
2165,11:25:48,21.36,23496,11,卖盘
2166,11:25:51,21.36,49128,23,卖盘
2167,11:25:57,21.37,1323949,620,买盘
2168,11:26:00,21.37,44877,21,买盘
2169,11:26:09,21.37,2137,1,买盘
2170,11:26:18,21.36,19224,9,卖盘
2171,11:26:21,21.37,51275,24,买盘
2172,11:26:27,21.36,32040,15,卖盘
2173,11:26:36,21.36,32040,15,卖盘
2174,11:26:42,21.36,207192,97,卖盘
2175,11:26:45,21.36,10680,5,买盘
2176,11:26:48,21.36,21360,10,买盘
2177,11:26:51,21.35,19215,9,卖盘
2178,11:26:54,21.35,19216,9,卖盘
2179,11:26:57,21.35,21350,10,卖盘
2180,11:27:03,21.36,6408,3,买盘
2181,11:27:06,21.36,64058,30,买盘
2182,11:27:09,21.35,23485,11,卖盘
2183,11:27:15,21.35,164416,77,卖盘
2184,11:27:18,21.37,813870,381,买盘
2185,11:27:21,21.38,17101,8,买盘
2186,11:27:24,21.37,2137,1,卖盘
2187,11:27:27,21.37,23507,11,卖盘
2188,11:27:30,21.38,117544,55,买盘
2189,11:27:33,21.38,331252,155,买盘
2190,11:27:36,21.38,38483,18,买盘
2191,11:27:39,21.38,51312,24,卖盘
2192,11:27:45,21.38,6414,3,买盘
2193,11:27:48,21.37,213700,100,卖盘
2194,11:27:51,21.37,79105,37,卖盘
2195,11:27:54,21.38,4276,2,买盘
2196,11:27:57,21.38,27794,13,买盘
2197,11:28:03,21.38,40622,19,卖盘
2198,11:28:06,21.39,32085,15,买盘
2199,11:28:15,21.39,98394,46,买盘
2200,11:28:18,21.39,55614,26,买盘
2201,11:28:21,21.38,42760,20,卖盘
2202,11:28:24,21.4,641841,300,买盘
2203,11:28:27,21.39,70594,33,卖盘
2204,11:28:30,21.4,17119,8,买盘
2205,11:28:39,21.4,89867,42,买盘
2206,11:28:45,21.39,2139,1,卖盘
2207,11:28:54,21.39,21390,10,卖盘
2208,11:29:00,21.39,59892,28,卖盘
2209,11:29:03,21.38,25657,12,卖盘
2210,11:29:09,21.38,70554,33,卖盘
2211,11:29:12,21.38,38484,18,卖盘
2212,11:29:15,21.38,23518,11,卖盘
2213,11:29:18,21.38,23518,11,卖盘
2214,11:29:21,21.38,14966,7,卖盘
2215,11:29:24,21.38,100486,47,卖盘
2216,11:29:27,21.38,42760,20,买盘
2217,11:29:30,21.38,44886,21,卖盘
2218,11:29:33,21.38,12828,6,买盘
2219,11:29:36,21.38,2138,1,卖盘
2220,11:29:39,21.39,4278,2,买盘
2221,11:29:45,21.38,10692,5,卖盘
2222,11:29:48,21.39,21390,10,买盘
2223,11:29:51,21.39,10695,5,买盘
2224,11:29:54,21.38,4276,2,卖盘
2225,11:29:57,21.38,40622,19,卖盘
2226,13:00:00,21.36,1822675,853,卖盘
2227,13:00:03,21.38,435960,204,买盘
2228,13:00:06,21.37,68382,32,中性盘
2229,13:00:09,21.37,10681,5,买盘
2230,13:00:12,21.36,38458,18,卖盘
2231,13:00:15,21.36,14958,7,卖盘
2232,13:00:18,21.36,196519,92,卖盘
2233,13:00:21,21.37,482758,226,买盘
2234,13:00:24,21.37,256554,120,卖盘
2235,13:00:27,21.37,200886,94,卖盘
2236,13:00:30,21.37,158165,74,买盘
2237,13:00:33,21.37,435762,204,卖盘
2238,13:00:36,21.37,173097,81,买盘
2239,13:00:45,21.37,46629,22,卖盘
2240,13:00:48,21.37,2137,1,卖盘
2241,13:00:54,21.37,48852,23,卖盘
2242,13:00:57,21.37,17096,8,卖盘
2243,13:01:00,21.37,21374,10,卖盘
2244,13:01:03,21.37,66247,31,卖盘
2245,13:01:06,21.38,12825,6,买盘
2246,13:01:09,21.38,513119,240,买盘
2247,13:01:12,21.4,2069999,968,买盘
2248,13:01:15,21.41,53516,25,买盘
2249,13:01:18,21.41,36397,17,买盘
2250,13:01:27,21.4,10700,5,卖盘
2251,13:01:30,21.4,8559,4,买盘
2252,13:01:33,21.41,85638,40,买盘
2253,13:01:39,21.4,17115,8,卖盘
2254,13:01:42,21.4,85600,40,买盘
2255,13:01:48,21.4,8560,4,买盘
2256,13:01:51,21.4,42800,20,买盘
2257,13:01:54,21.4,8560,4,买盘
2258,13:01:57,21.38,468436,219,卖盘
2259,13:02:00,21.38,17110,8,卖盘
2260,13:02:03,21.38,6414,3,卖盘
2261,13:02:06,21.38,2138,1,卖盘
2262,13:02:09,21.38,36346,17,卖盘
2263,13:02:12,21.38,81268,38,卖盘
2264,13:02:18,21.38,4276,2,卖盘
2265,13:02:24,21.38,51312,24,卖盘
2266,13:02:27,21.38,29932,14,卖盘
2267,13:02:30,21.38,2138,1,卖盘
2268,13:02:33,21.38,209524,98,卖盘
2269,13:02:39,21.38,32070,15,买盘
2270,13:02:42,21.38,14966,7,卖盘
2271,13:02:45,21.38,2138,1,卖盘
2272,13:02:48,21.38,12828,6,卖盘
2273,13:02:54,21.39,21389,10,买盘
2274,13:03:03,21.39,21390,10,买盘
2275,13:03:06,21.38,10690,5,卖盘
2276,13:03:09,21.38,12829,6,卖盘
2277,13:03:12,21.37,359730,168,卖盘
2278,13:03:15,21.38,50615,24,买盘
2279,13:03:18,21.37,23507,11,中性盘
2280,13:03:21,21.37,32060,15,卖盘
2281,13:03:24,21.36,64102,30,卖盘
2282,13:03:27,21.36,32051,15,卖盘
2283,13:03:30,21.37,27772,13,中性盘
2284,13:03:39,21.37,217985,102,卖盘
2285,13:03:45,21.37,19237,9,卖盘
2286,13:03:48,21.38,27794,13,买盘
2287,13:03:51,21.39,134722,63,买盘
2288,13:03:54,21.39,17112,8,买盘
2289,13:03:57,21.39,12834,6,买盘
2290,13:04:00,21.39,72725,34,买盘
2291,13:04:03,21.39,34223,16,买盘
2292,13:04:06,21.4,8560,4,买盘
2293,13:04:12,21.4,6420,3,买盘
2294,13:04:15,21.4,27820,13,买盘
2295,13:04:18,21.4,2140,1,买盘
2296,13:04:21,21.4,53490,25,买盘
2297,13:04:24,21.39,81284,38,卖盘
2298,13:04:36,21.39,70606,33,卖盘
2299,13:04:39,21.39,6417,3,卖盘
2300,13:04:42,21.39,179676,84,卖盘
2301,13:04:45,21.39,10695,5,买盘
2302,13:04:48,21.39,19251,9,买盘
2303,13:04:51,21.39,10695,5,买盘
2304,13:04:57,21.38,87694,41,卖盘
2305,13:05:00,21.39,2139,1,卖盘
2306,13:05:03,21.39,85560,40,卖盘
2307,13:05:06,21.39,111228,52,卖盘
2308,13:05:09,21.39,44919,21,买盘
2309,13:05:15,21.38,8552,4,卖盘
2310,13:05:24,21.38,66278,31,卖盘
2311,13:05:27,21.38,8552,4,卖盘
2312,13:05:30,21.38,47070,22,卖盘
2313,13:05:33,21.4,53486,25,买盘
2314,13:05:39,21.38,19249,9,卖盘
2315,13:05:42,21.4,19260,9,买盘
2316,13:05:45,21.39,49197,23,卖盘
2317,13:05:48,21.39,47058,22,买盘
2318,13:05:51,21.39,21390,10,买盘
2319,13:05:54,21.38,14966,7,卖盘
2320,13:06:00,21.39,10695,5,买盘
2321,13:06:03,21.38,320700,150,卖盘
2322,13:06:06,21.38,333528,156,买盘
2323,13:06:09,21.39,55613,26,买盘
2324,13:06:12,21.39,4278,2,买盘
2325,13:06:15,21.39,91935,43,买盘
2326,13:06:18,21.38,44916,21,卖盘
2327,13:06:21,21.38,10690,5,卖盘
2328,13:06:24,21.38,55611,26,卖盘
2329,13:06:30,21.38,6414,3,卖盘
2330,13:06:33,21.38,42760,20,卖盘
2331,13:06:36,21.38,96210,45,卖盘
2332,13:06:39,21.39,10695,5,买盘
2333,13:06:42,21.39,2139,1,买盘
2334,13:06:48,21.38,53453,25,卖盘
2335,13:06:54,21.39,2139,1,买盘
2336,13:06:57,21.39,794985,372,买盘
2337,13:07:00,21.39,17112,8,买盘
2338,13:07:03,21.39,4278,2,买盘
2339,13:07:06,21.39,8556,4,买盘
2340,13:07:09,21.39,21390,10,买盘
2341,13:07:12,21.38,115453,54,卖盘
2342,13:07:15,21.39,21390,10,买盘
2343,13:07:18,21.39,17112,8,买盘
2344,13:07:21,21.37,677597,317,卖盘
2345,13:07:24,21.39,12834,6,买盘
2346,13:07:30,21.38,4277,2,卖盘
2347,13:07:33,21.39,10695,5,买盘
2348,13:07:36,21.38,10690,5,卖盘
2349,13:07:39,21.38,4276,2,卖盘
2350,13:07:42,21.38,23519,11,卖盘
2351,13:07:48,21.38,162492,76,卖盘
2352,13:07:51,21.38,10690,5,买盘
2353,13:07:54,21.37,6412,3,卖盘
2354,13:07:57,21.38,21380,10,买盘
2355,13:08:00,21.38,42758,20,买盘
2356,13:08:03,21.38,14966,7,买盘
2357,13:08:06,21.39,179640,84,买盘
2358,13:08:09,21.39,17112,8,卖盘
2359,13:08:12,21.39,117645,55,卖盘
2360,13:08:15,21.39,29946,14,卖盘
2361,13:08:18,21.38,4277,2,卖盘
2362,13:08:30,21.39,2139,1,买盘
2363,13:08:33,21.39,42770,20,买盘
2364,13:08:36,21.39,51335,24,买盘
2365,13:08:39,21.39,4278,2,买盘
2366,13:08:42,21.39,10695,5,买盘
2367,13:08:45,21.39,10695,5,买盘
2368,13:08:48,21.38,100486,47,卖盘
2369,13:08:51,21.39,2139,1,买盘
2370,13:08:57,21.38,47036,22,卖盘
2371,13:09:03,21.4,136908,64,买盘
2372,13:09:06,21.4,77040,36,买盘
2373,13:09:09,21.39,25670,12,卖盘
2374,13:09:12,21.4,126259,59,买盘
2375,13:09:15,21.4,164780,77,买盘
2376,13:09:18,21.4,21400,10,买盘
2377,13:09:21,21.4,62060,29,买盘
2378,13:09:27,21.4,25681,12,卖盘
2379,13:09:30,21.41,4281,2,买盘
2380,13:09:36,21.41,96345,45,买盘
2381,13:09:39,21.41,12846,6,买盘
2382,13:09:42,21.41,188408,88,买盘
2383,13:09:45,21.41,351075,164,买盘
2384,13:09:48,21.41,85640,40,买盘
2385,13:09:51,21.42,2142,1,买盘
2386,13:09:54,21.42,107100,50,买盘
2387,13:09:57,21.41,269862,126,卖盘
2388,13:10:00,21.42,6426,3,买盘
2389,13:10:03,21.41,23557,11,卖盘
2390,13:10:06,21.41,113493,53,卖盘
2391,13:10:09,21.41,21405,10,买盘
2392,13:10:15,21.4,579815,271,卖盘
2393,13:10:18,21.41,92055,43,买盘
2394,13:10:21,21.4,17121,8,卖盘
2395,13:10:27,21.41,2141,1,中性盘
2396,13:10:33,21.4,4280,2,卖盘
2397,13:10:36,21.4,2140,1,卖盘
2398,13:10:39,21.4,32101,15,卖盘
2399,13:10:42,21.41,12846,6,买盘
2400,13:10:45,21.41,12846,6,卖盘
2401,13:10:48,21.41,57791,27,买盘
2402,13:10:51,21.41,25693,12,中性盘
2403,13:10:57,21.41,14987,7,卖盘
2404,13:11:00,21.41,72794,34,中性盘
2405,13:11:03,21.41,8565,4,中性盘
2406,13:11:09,21.41,27833,13,卖盘
2407,13:11:12,21.42,2142,1,买盘
2408,13:11:15,21.41,8564,4,卖盘
2409,13:11:21,21.41,334006,156,卖盘
2410,13:11:24,21.42,98532,46,买盘
2411,13:11:27,21.4,6420,3,卖盘
2412,13:11:30,21.41,160643,75,中性盘
2413,13:11:33,21.4,12843,6,卖盘
2414,13:11:36,21.41,2141,1,买盘
2415,13:11:39,21.4,4280,2,卖盘
2416,13:11:42,21.41,21410,10,买盘
2417,13:11:45,21.41,38536,18,买盘
2418,13:11:48,21.4,430162,201,卖盘
2419,13:11:51,21.4,10700,5,买盘
2420,13:11:54,21.39,10695,5,卖盘
2421,13:11:57,21.39,8556,4,卖盘
2422,13:12:00,21.4,303881,142,买盘
2423,13:12:03,21.4,12840,6,卖盘
2424,13:12:06,21.39,4278,2,卖盘
2425,13:12:09,21.39,14973,7,卖盘
2426,13:12:12,21.4,2140,1,买盘
2427,13:12:15,21.39,4278,2,卖盘
2428,13:12:18,21.39,17113,8,卖盘
2429,13:12:21,21.4,12840,6,买盘
2430,13:12:24,21.4,14974,7,买盘
2431,13:12:27,21.4,14975,7,买盘
2432,13:12:30,21.4,36370,17,买盘
2433,13:12:36,21.4,74880,35,买盘
2434,13:12:39,21.41,143429,67,买盘
2435,13:12:42,21.41,12845,6,买盘
2436,13:12:45,21.41,14987,7,买盘
2437,13:12:48,21.4,64200,30,卖盘
2438,13:12:51,21.4,42800,20,卖盘
2439,13:12:57,21.41,119893,56,买盘
2440,13:13:00,21.4,12841,6,卖盘
2441,13:13:03,21.41,51361,24,买盘
2442,13:13:06,21.4,199020,93,卖盘
2443,13:13:09,21.4,10701,5,卖盘
2444,13:13:12,21.4,8561,4,卖盘
2445,13:13:15,21.41,27821,13,买盘
2446,13:13:18,21.4,115560,54,卖盘
2447,13:13:21,21.41,87745,41,买盘
2448,13:13:24,21.4,49221,23,卖盘
2449,13:13:27,21.4,38520,18,买盘
2450,13:13:30,21.4,102718,48,买盘
2451,13:13:33,21.4,40660,19,买盘
2452,13:13:36,21.4,25679,12,买盘
2453,13:13:39,21.4,87735,41,买盘
2454,13:13:42,21.4,166909,78,买盘
2455,13:13:45,21.41,2141,1,买盘
2456,13:13:48,21.41,10705,5,买盘
2457,13:13:54,21.41,42820,20,买盘
2458,13:13:57,21.4,132678,62,卖盘
2459,13:14:00,21.4,192705,90,买盘
2460,13:14:03,21.4,19260,9,卖盘
2461,13:14:09,21.4,29962,14,卖盘
2462,13:14:12,21.4,10700,5,卖盘
2463,13:14:15,21.39,126225,59,卖盘
2464,13:14:18,21.39,8556,4,卖盘
2465,13:14:21,21.4,72758,34,买盘
2466,13:14:24,21.39,6417,3,卖盘
2467,13:14:30,21.4,12840,6,买盘
2468,13:14:33,21.4,23534,11,买盘
2469,13:14:36,21.4,12840,6,买盘
2470,13:14:39,21.39,29956,14,卖盘
2471,13:14:42,21.39,36368,17,卖盘
2472,13:14:45,21.39,1247055,583,卖盘
2473,13:14:48,21.38,42773,20,卖盘
2474,13:14:51,21.38,10690,5,卖盘
2475,13:14:54,21.39,47049,22,买盘
2476,13:14:57,21.39,27805,13,买盘
2477,13:15:00,21.39,6417,3,买盘
2478,13:15:03,21.38,53455,25,卖盘
2479,13:15:06,21.39,102628,48,买盘
2480,13:15:09,21.39,2139,1,买盘
2481,13:15:12,21.39,12834,6,买盘
2482,13:15:18,21.4,23538,11,买盘
2483,13:15:21,21.39,162552,76,卖盘
2484,13:15:24,21.39,113410,53,卖盘
2485,13:15:27,21.4,59913,28,中性盘
2486,13:15:30,21.4,21400,10,买盘
2487,13:15:33,21.41,8561,4,买盘
2488,13:15:36,21.4,12840,6,卖盘
2489,13:15:39,21.4,2140,1,卖盘
2490,13:15:45,21.4,44940,21,买盘
2491,13:15:48,21.4,4280,2,买盘
2492,13:15:51,21.4,27820,13,买盘
2493,13:15:54,21.39,98409,46,卖盘
2494,13:15:57,21.39,12836,6,卖盘
2495,13:16:00,21.39,64170,30,卖盘
2496,13:16:03,21.39,10695,5,卖盘
2497,13:16:06,21.39,113377,53,卖盘
2498,13:16:12,21.42,550267,257,买盘
2499,13:16:15,21.42,42840,20,买盘
2500,13:16:18,21.42,2142,1,买盘
2501,13:16:21,21.4,51361,24,卖盘
2502,13:16:24,21.42,4284,2,买盘
2503,13:16:27,21.42,53523,25,买盘
2504,13:16:30,21.41,2141,1,中性盘
2505,13:16:33,21.41,32115,15,买盘
2506,13:16:39,21.41,25692,12,买盘
2507,13:16:45,21.4,8560,4,卖盘
2508,13:16:48,21.4,32100,15,卖盘
2509,13:16:51,21.4,4280,2,卖盘
2510,13:16:54,21.4,21400,10,卖盘
2511,13:16:57,21.4,19260,9,卖盘
2512,13:17:00,21.4,47080,22,卖盘
2513,13:17:03,21.39,21395,10,卖盘
2514,13:17:06,21.39,109124,51,卖盘
2515,13:17:09,21.41,64223,30,买盘
2516,13:17:12,21.4,21400,10,中性盘
2517,13:17:15,21.41,49220,23,买盘
2518,13:17:18,21.41,10705,5,买盘
2519,13:17:24,21.4,4280,2,卖盘
2520,13:17:27,21.4,8560,4,卖盘
2521,13:17:33,21.4,25680,12,卖盘
2522,13:17:36,21.4,38520,18,卖盘
2523,13:17:39,21.4,124070,58,卖盘
2524,13:17:45,21.4,12835,6,买盘
2525,13:17:48,21.4,57780,27,买盘
2526,13:17:51,21.4,85595,40,买盘
2527,13:17:54,21.4,188320,88,卖盘
2528,13:17:57,21.4,10700,5,卖盘
2529,13:18:03,21.4,12840,6,卖盘
2530,13:18:06,21.4,14986,7,卖盘
2531,13:18:12,21.41,92059,43,买盘
2532,13:18:15,21.41,17128,8,买盘
2533,13:18:18,21.4,541344,253,卖盘
2534,13:18:21,21.4,113454,53,卖盘
2535,13:18:30,21.41,231248,108,卖盘
2536,13:18:33,21.42,14993,7,买盘
2537,13:18:36,21.42,2142,1,买盘
2538,13:18:39,21.41,2141,1,卖盘
2539,13:18:42,21.41,87781,41,卖盘
2540,13:18:45,21.41,23553,11,买盘
2541,13:18:48,21.41,17128,8,卖盘
2542,13:18:51,21.41,51381,24,买盘
2543,13:18:54,21.4,107008,50,卖盘
2544,13:19:00,21.42,2142,1,买盘
2545,13:19:03,21.41,74948,35,卖盘
2546,13:19:06,21.41,8564,4,买盘
2547,13:19:09,21.41,49258,23,买盘
2548,13:19:12,21.41,70653,33,买盘
2549,13:19:15,21.4,40677,19,卖盘
2550,13:19:18,21.41,79217,37,买盘
2551,13:19:21,21.41,21405,10,买盘
2552,13:19:24,21.4,32111,15,卖盘
2553,13:19:27,21.41,145530,68,买盘
2554,13:19:30,21.41,2141,1,买盘
2555,13:19:33,21.4,19266,9,卖盘
2556,13:19:36,21.4,8562,4,卖盘
2557,13:19:39,21.41,4282,2,买盘
2558,13:19:45,21.41,21410,10,买盘
2559,13:19:48,21.41,29974,14,买盘
2560,13:19:51,21.4,532941,249,卖盘
2561,13:19:54,21.41,25690,12,买盘
2562,13:19:57,21.41,4282,2,买盘
2563,13:20:00,21.41,10704,5,买盘
2564,13:20:03,21.4,62060,29,卖盘
2565,13:20:06,21.4,12840,6,卖盘
2566,13:20:09,21.4,203621,95,卖盘
2567,13:20:12,21.4,4280,2,买盘
2568,13:20:15,21.39,25668,12,卖盘
2569,13:20:18,21.39,4278,2,卖盘
2570,13:20:21,21.39,10695,5,卖盘
2571,13:20:24,21.39,51336,24,卖盘
2572,13:20:27,21.4,91997,43,买盘
2573,13:20:33,21.4,4279,2,买盘
2574,13:20:39,21.4,81295,38,买盘
2575,13:20:48,21.39,6417,3,卖盘
2576,13:20:51,21.39,19255,9,卖盘
2577,13:20:54,21.39,8559,4,卖盘
2578,13:20:57,21.4,134803,63,买盘
2579,13:21:00,21.4,214000,100,买盘
2580,13:21:03,21.4,207259,97,买盘
2581,13:21:06,21.4,12840,6,卖盘
2582,13:21:09,21.39,83783,39,卖盘
2583,13:21:12,21.41,40661,19,买盘
2584,13:21:15,21.4,8560,4,中性盘
2585,13:21:18,21.4,4280,2,卖盘
2586,13:21:21,21.4,4280,2,卖盘
2587,13:21:27,21.41,128460,60,买盘
2588,13:21:30,21.41,10705,5,买盘
2589,13:21:33,21.41,19269,9,买盘
2590,13:21:36,21.4,4280,2,卖盘
2591,13:21:42,21.41,12841,6,买盘
2592,13:21:48,21.4,267500,125,卖盘
2593,13:21:51,21.4,21400,10,买盘
2594,13:21:57,21.39,36366,17,卖盘
2595,13:22:00,21.4,130540,61,买盘
2596,13:22:03,21.4,74900,35,买盘
2597,13:22:06,21.4,23540,11,买盘
2598,13:22:09,21.4,79160,37,卖盘
2599,13:22:12,21.4,85600,40,买盘
2600,13:22:15,21.4,12840,6,买盘
2601,13:22:18,21.41,8564,4,买盘
2602,13:22:21,21.4,248240,116,卖盘
2603,13:22:24,21.41,10705,5,买盘
2604,13:22:27,21.41,2141,1,买盘
2605,13:22:30,21.4,23540,11,卖盘
2606,13:22:33,21.41,8564,4,买盘
2607,13:22:36,21.4,74906,35,卖盘
2608,13:22:39,21.4,27820,13,卖盘
2609,13:22:42,21.41,145527,68,买盘
2610,13:22:45,21.41,12846,6,买盘
2611,13:22:54,21.41,10705,5,买盘
2612,13:23:03,21.41,51384,24,买盘
2613,13:23:09,21.4,25684,12,卖盘
2614,13:23:15,21.41,113467,53,买盘
2615,13:23:18,21.41,2141,1,买盘
2616,13:23:27,21.41,10705,5,买盘
2617,13:23:30,21.4,74934,35,卖盘
2618,13:23:33,21.4,10704,5,卖盘
2619,13:23:36,21.4,10701,5,卖盘
2620,13:23:39,21.41,614467,287,买盘
2621,13:23:42,21.42,200909,94,买盘
2622,13:23:45,21.41,10706,5,卖盘
2623,13:23:51,21.41,4282,2,卖盘
2624,13:23:54,21.41,21410,10,卖盘
2625,13:24:00,21.42,34262,16,买盘
2626,13:24:03,21.42,8568,4,买盘
2627,13:24:06,21.41,156293,73,卖盘
2628,13:24:09,21.41,59948,28,买盘
2629,13:24:12,21.42,66400,31,买盘
2630,13:24:15,21.42,12848,6,买盘
2631,13:24:21,21.41,12846,6,卖盘
2632,13:24:24,21.41,115614,54,卖盘
2633,13:24:27,21.42,59953,28,买盘
2634,13:24:33,21.42,6426,3,买盘
2635,13:24:36,21.41,199113,93,卖盘
2636,13:24:39,21.41,17128,8,买盘
2637,13:24:42,21.41,224805,105,买盘
2638,13:24:48,21.41,19269,9,卖盘
2639,13:24:51,21.41,66376,31,卖盘
2640,13:24:54,21.42,406914,190,买盘
2641,13:24:57,21.43,15001,7,买盘
2642,13:25:00,21.42,66376,31,卖盘
2643,13:25:03,21.43,6429,3,买盘
2644,13:25:09,21.42,4284,2,卖盘
2645,13:25:15,21.42,72840,34,卖盘
2646,13:25:21,21.42,72828,34,买盘
2647,13:25:27,21.42,40698,19,买盘
2648,13:25:30,21.42,29988,14,卖盘
2649,13:25:36,21.42,25704,12,买盘
2650,13:25:39,21.41,14992,7,卖盘
2651,13:25:42,21.41,21410,10,卖盘
2652,13:25:45,21.41,2141,1,卖盘
2653,13:25:48,21.42,32122,15,买盘
2654,13:25:51,21.42,74940,35,买盘
2655,13:25:54,21.41,14987,7,卖盘
2656,13:25:57,21.41,14987,7,卖盘
2657,13:26:00,21.42,12851,6,买盘
2658,13:26:09,21.41,272009,127,卖盘
2659,13:26:12,21.42,17141,8,中性盘
2660,13:26:18,21.41,10707,5,卖盘
2661,13:26:21,21.42,10710,5,卖盘
2662,13:26:27,21.42,8569,4,卖盘
2663,13:26:30,21.43,212157,99,买盘
2664,13:26:33,21.44,62129,29,买盘
2665,13:26:36,21.42,111394,52,卖盘
2666,13:26:39,21.44,2144,1,买盘
2667,13:26:45,21.44,10720,5,买盘
2668,13:26:51,21.43,27859,13,卖盘
2669,13:26:54,21.44,17147,8,买盘
2670,13:26:57,21.43,10711,5,中性盘
2671,13:27:00,21.42,4284,2,卖盘
2672,13:27:03,21.44,192960,90,买盘
2673,13:27:06,21.43,4286,2,中性盘
2674,13:27:09,21.44,47168,22,买盘
2675,13:27:12,21.44,1507438,703,买盘
2676,13:27:15,21.44,225120,105,卖盘
2677,13:27:21,21.44,6432,3,卖盘
2678,13:27:24,21.44,2144,1,买盘
2679,13:27:27,21.44,4287,2,买盘
2680,13:27:30,21.43,10715,5,卖盘
2681,13:27:33,21.44,64320,30,买盘
2682,13:27:36,21.44,21440,10,买盘
2683,13:27:42,21.44,87904,41,买盘
2684,13:27:45,21.44,250847,117,买盘
2685,13:27:48,21.44,10720,5,买盘
2686,13:27:51,21.47,727339,339,买盘
2687,13:27:54,21.46,12876,6,买盘
2688,13:27:57,21.45,10723,5,买盘
2689,13:28:00,21.44,111490,52,卖盘
2690,13:28:03,21.45,42900,20,买盘
2691,13:28:06,21.46,53630,25,买盘
2692,13:28:09,21.45,27890,13,卖盘
2693,13:28:12,21.45,321608,150,买盘
2694,13:28:15,21.45,2145,1,买盘
2695,13:28:18,21.46,242470,113,买盘
2696,13:28:21,21.45,55750,26,买盘
2697,13:28:24,21.43,32163,15,卖盘
2698,13:28:27,21.43,2143,1,卖盘
2699,13:28:30,21.44,111488,52,买盘
2700,13:28:33,21.45,64336,30,买盘
2701,13:28:39,21.44,66464,31,中性盘
2702,13:28:42,21.43,27859,13,卖盘
2703,13:28:45,21.43,27865,13,卖盘
2704,13:28:48,21.44,10720,5,买盘
2705,13:29:00,21.43,595754,278,卖盘
2706,13:29:03,21.43,81434,38,买盘
2707,13:29:06,21.43,10715,5,买盘
2708,13:29:09,21.43,27859,13,买盘
2709,13:29:12,21.43,49287,23,卖盘
2710,13:29:15,21.44,21440,10,买盘
2711,13:29:21,21.43,34288,16,卖盘
2712,13:29:27,21.44,274429,128,买盘
2713,13:29:30,21.45,4290,2,买盘
2714,13:29:33,21.43,111470,52,卖盘
2715,13:29:36,21.45,2145,1,买盘
2716,13:29:42,21.45,12870,6,买盘
2717,13:29:48,21.45,8580,4,买盘
2718,13:29:51,21.45,233805,109,买盘
2719,13:29:54,21.44,45036,21,卖盘
2720,13:29:57,21.45,21450,10,中性盘
2721,13:30:00,21.45,40760,19,卖盘
2722,13:30:03,21.45,6435,3,中性盘
2723,13:30:06,21.45,6435,3,中性盘
2724,13:30:09,21.43,92194,43,卖盘
2725,13:30:12,21.45,49354,23,中性盘
2726,13:30:15,21.46,10728,5,买盘
2727,13:30:18,21.44,45024,21,卖盘
2728,13:30:24,21.45,42900,20,买盘
2729,13:30:30,21.45,8580,4,买盘
2730,13:30:33,21.43,96457,45,卖盘
2731,13:30:36,21.44,38592,18,买盘
2732,13:30:39,21.44,15008,7,买盘
2733,13:30:42,21.44,42880,20,买盘
2734,13:30:45,21.44,145791,68,买盘
2735,13:30:48,21.43,132871,62,卖盘
2736,13:30:51,21.43,10718,5,卖盘
2737,13:30:54,21.44,34302,16,买盘
2738,13:30:57,21.43,6429,3,卖盘
2739,13:31:06,21.43,111441,52,卖盘
2740,13:31:09,21.43,10715,5,卖盘
2741,13:31:12,21.43,21430,10,卖盘
2742,13:31:15,21.43,36431,17,卖盘
2743,13:31:18,21.43,25716,12,卖盘
2744,13:31:21,21.43,49307,23,卖盘
2745,13:31:24,21.43,83577,39,卖盘
2746,13:31:30,21.42,81424,38,卖盘
2747,13:31:45,21.42,10710,5,卖盘
2748,13:31:48,21.42,19282,9,卖盘
2749,13:31:51,21.42,8568,4,卖盘
2750,13:31:54,21.43,23571,11,买盘
2751,13:31:57,21.42,12857,6,卖盘
2752,13:32:00,21.42,10710,5,卖盘
2753,13:32:03,21.43,49281,23,买盘
2754,13:32:09,21.43,15001,7,买盘
2755,13:32:12,21.43,21430,10,买盘
2756,13:32:18,21.42,53550,25,卖盘
2757,13:32:21,21.43,117848,55,买盘
2758,13:32:24,21.42,184219,86,卖盘
2759,13:32:30,21.42,21420,10,卖盘
2760,13:32:33,21.42,27846,13,卖盘
2761,13:32:36,21.42,312732,146,卖盘
2762,13:32:39,21.41,237662,111,卖盘
2763,13:32:42,21.42,29988,14,买盘
2764,13:32:45,21.42,117810,55,买盘
2765,13:32:48,21.42,38556,18,买盘
2766,13:32:51,21.42,100674,47,买盘
2767,13:32:54,21.42,42840,20,卖盘
2768,13:32:57,21.42,124236,58,卖盘
2769,13:33:00,21.43,10715,5,买盘
2770,13:33:03,21.43,2143,1,买盘
2771,13:33:06,21.43,70719,33,买盘
2772,13:33:09,21.43,70712,33,买盘
2773,13:33:12,21.43,10715,5,买盘
2774,13:33:15,21.42,12854,6,卖盘
2775,13:33:18,21.43,8572,4,买盘
2776,13:33:21,21.43,4286,2,买盘
2777,13:33:30,21.43,59999,28,买盘
2778,13:33:33,21.43,10715,5,买盘
2779,13:33:36,21.43,4286,2,买盘
2780,13:33:39,21.42,231336,108,卖盘
2781,13:33:45,21.43,21421,10,买盘
2782,13:33:57,21.42,124236,58,买盘
2783,13:34:00,21.43,23568,11,买盘
2784,13:34:03,21.42,10712,5,卖盘
2785,13:34:06,21.43,10715,5,买盘
2786,13:34:09,21.43,104995,49,买盘
2787,13:34:12,21.43,85720,40,买盘
2788,13:34:15,21.43,92146,43,买盘
2789,13:34:18,21.43,32145,15,买盘
2790,13:34:21,21.44,2115160,987,买盘
2791,13:34:24,21.41,1083809,506,卖盘
2792,13:34:27,21.43,139304,65,卖盘
2793,13:34:30,21.42,2142,1,卖盘
2794,13:34:33,21.43,1428185,667,买盘
2795,13:34:36,21.42,32141,15,卖盘
2796,13:34:42,21.43,2143,1,买盘
2797,13:34:45,21.43,30002,14,买盘
2798,13:34:51,21.42,104934,49,卖盘
2799,13:34:54,21.41,47112,22,卖盘
2800,13:34:57,21.43,400556,187,买盘
2801,13:35:00,21.42,4284,2,卖盘
2802,13:35:06,21.42,21420,10,卖盘
2803,13:35:12,21.42,10711,5,卖盘
2804,13:35:15,21.42,6426,3,卖盘
2805,13:35:21,21.42,40698,19,卖盘
2806,13:35:24,21.42,119952,56,卖盘
2807,13:35:27,21.42,12852,6,卖盘
2808,13:35:42,21.41,4282,2,卖盘
2809,13:35:48,21.41,12846,6,卖盘
2810,13:35:54,21.42,2142,1,买盘
2811,13:35:57,21.41,2141,1,卖盘
2812,13:36:00,21.42,6426,3,买盘
2813,13:36:03,21.42,12852,6,买盘
2814,13:36:06,21.42,154224,72,买盘
2815,13:36:09,21.43,117865,55,买盘
2816,13:36:12,21.43,12858,6,买盘
2817,13:36:27,21.43,25711,12,买盘
2818,13:36:30,21.43,10715,5,买盘
2819,13:36:36,21.43,214300,100,买盘
2820,13:36:39,21.43,23573,11,卖盘
2821,13:36:45,21.43,17144,8,买盘
2822,13:36:48,21.42,342736,160,卖盘
2823,13:36:51,21.43,51432,24,卖盘
2824,13:36:57,21.42,29988,14,卖盘
2825,13:37:00,21.43,21430,10,买盘
2826,13:37:03,21.42,34272,16,卖盘
2827,13:37:06,21.43,30002,14,买盘
2828,13:37:09,21.42,509796,238,卖盘
2829,13:37:12,21.41,19276,9,卖盘
2830,13:37:18,21.42,10710,5,买盘
2831,13:37:21,21.43,177849,83,买盘
2832,13:37:24,21.42,102816,48,买盘
2833,13:37:27,21.42,104958,49,中性盘
2834,13:37:30,21.42,2142,1,卖盘
2835,13:37:33,21.42,19278,9,买盘
2836,13:37:36,21.42,12852,6,卖盘
2837,13:37:39,21.42,42840,20,买盘
2838,13:37:45,21.42,246330,115,卖盘
2839,13:37:48,21.42,10710,5,买盘
2840,13:37:51,21.41,147744,69,卖盘
2841,13:37:54,21.42,21420,10,买盘
2842,13:38:00,21.42,10710,5,买盘
2843,13:38:03,21.41,21410,10,卖盘
2844,13:38:06,21.42,19278,9,买盘
2845,13:38:12,21.42,6425,3,买盘
2846,13:38:15,21.41,12846,6,卖盘
2847,13:38:18,21.42,113526,53,买盘
2848,13:38:21,21.41,299740,140,卖盘
2849,13:38:24,21.4,25685,12,卖盘
2850,13:38:33,21.4,109140,51,卖盘
2851,13:38:36,21.4,17120,8,卖盘
2852,13:38:39,21.4,8560,4,卖盘
2853,13:38:42,21.4,94160,44,卖盘
2854,13:38:45,21.4,451540,211,卖盘
2855,13:38:48,21.4,55640,26,买盘
2856,13:38:51,21.4,427838,200,买盘
2857,13:38:54,21.39,246000,115,卖盘
2858,13:38:57,21.4,38507,18,买盘
2859,13:39:00,21.39,102672,48,卖盘
2860,13:39:03,21.39,34224,16,买盘
2861,13:39:06,21.39,12834,6,卖盘
2862,13:39:09,21.38,641449,300,卖盘
2863,13:39:12,21.4,10698,5,买盘
2864,13:39:18,21.38,34210,16,卖盘
2865,13:39:21,21.4,6420,3,买盘
2866,13:39:33,21.39,17112,8,卖盘
2867,13:39:36,21.39,40641,19,卖盘
2868,13:39:42,21.39,168981,79,卖盘
2869,13:39:45,21.39,4278,2,卖盘
2870,13:39:48,21.39,32085,15,卖盘
2871,13:39:51,21.39,117645,55,卖盘
2872,13:39:54,21.39,47058,22,买盘
2873,13:39:57,21.38,183904,86,卖盘
2874,13:40:00,21.39,10695,5,买盘
2875,13:40:03,21.38,64140,30,卖盘
2876,13:40:06,21.37,299318,140,卖盘
2877,13:40:12,21.38,44893,21,买盘
2878,13:40:15,21.37,51288,24,卖盘
2879,13:40:18,21.38,207386,97,买盘
2880,13:40:21,21.38,79105,37,卖盘
2881,13:40:24,21.37,106868,50,卖盘
2882,13:40:27,21.38,126142,59,卖盘
2883,13:40:30,21.38,42760,20,卖盘
2884,13:40:36,21.38,113314,53,卖盘
2885,13:40:39,21.38,109039,51,卖盘
2886,13:40:42,21.39,6417,3,买盘
2887,13:40:48,21.39,57753,27,买盘
2888,13:40:51,21.39,17112,8,买盘
2889,13:40:57,21.38,12829,6,卖盘
2890,13:41:00,21.39,19251,9,买盘
2891,13:41:03,21.38,25656,12,卖盘
2892,13:41:06,21.38,265112,124,卖盘
2893,13:41:09,21.39,27802,13,买盘
2894,13:41:12,21.39,6417,3,买盘
2895,13:41:18,21.39,10693,5,买盘
2896,13:41:21,21.38,100530,47,卖盘
2897,13:41:24,21.39,222426,104,买盘
2898,13:41:27,21.38,243732,114,卖盘
2899,13:41:30,21.39,14973,7,买盘
2900,13:41:33,21.38,21380,10,卖盘
2901,13:41:36,21.39,500502,234,买盘
2902,13:41:39,21.39,29944,14,卖盘
2903,13:41:42,21.39,1184488,554,卖盘
2904,13:41:45,21.39,44935,21,卖盘
2905,13:41:48,21.4,179760,84,买盘
2906,13:41:51,21.4,4280,2,买盘
2907,13:41:57,21.4,89880,42,买盘
2908,13:42:00,21.4,21400,10,买盘
2909,13:42:03,21.4,12840,6,买盘
2910,13:42:06,21.4,17120,8,买盘
2911,13:42:15,21.4,21400,10,卖盘
2912,13:42:18,21.4,6420,3,卖盘
2913,13:42:21,21.39,4279,2,卖盘
2914,13:42:24,21.39,12834,6,卖盘
2915,13:42:27,21.4,36380,17,买盘
2916,13:42:30,21.39,42780,20,卖盘
2917,13:42:33,21.39,38502,18,卖盘
2918,13:42:36,21.4,4280,2,买盘
2919,13:42:39,21.39,716565,335,卖盘
2920,13:42:42,21.39,19251,9,买盘
2921,13:42:48,21.39,8556,4,买盘
2922,13:42:57,21.39,19243,9,买盘
2923,13:43:00,21.38,14966,7,卖盘
2924,13:43:03,21.38,14967,7,卖盘
2925,13:43:06,21.38,21380,10,卖盘
2926,13:43:09,21.38,34208,16,买盘
2927,13:43:12,21.38,14966,7,买盘
2928,13:43:15,21.38,280058,131,买盘
2929,13:43:18,21.38,132552,62,买盘
2930,13:43:21,21.37,89756,42,卖盘
2931,13:43:24,21.38,10690,5,买盘
2932,13:43:30,21.38,4276,2,买盘
2933,13:43:36,21.38,34208,16,买盘
2934,13:43:39,21.37,14959,7,卖盘
2935,13:43:42,21.37,282084,132,卖盘
2936,13:43:45,21.37,53425,25,卖盘
2937,13:43:48,21.37,4274,2,卖盘
2938,13:43:54,21.37,162412,76,卖盘
2939,13:43:57,21.37,17097,8,卖盘
2940,13:44:00,21.37,40608,19,卖盘
2941,13:44:03,21.37,34192,16,卖盘
2942,13:44:06,21.37,6411,3,买盘
2943,13:44:12,21.37,19228,9,买盘
2944,13:44:15,21.37,21370,10,买盘
2945,13:44:18,21.36,53405,25,卖盘
2946,13:44:21,21.36,128210,60,卖盘
2947,13:44:24,21.36,14952,7,卖盘
2948,13:44:27,21.37,17096,8,买盘
2949,13:44:30,21.36,40599,19,卖盘
2950,13:44:33,21.36,27769,13,卖盘
2951,13:44:36,21.37,130306,61,买盘
2952,13:44:39,21.36,32040,15,卖盘
2953,13:44:42,21.36,138845,65,卖盘
2954,13:44:45,21.36,14952,7,卖盘
2955,13:44:48,21.36,501960,235,卖盘
2956,13:44:51,21.36,583819,273,卖盘
2957,13:44:54,21.36,4272,2,买盘
2958,13:44:57,21.36,29904,14,买盘
2959,13:45:00,21.36,200754,94,买盘
2960,13:45:03,21.36,119616,56,买盘
2961,13:45:06,21.35,121718,57,卖盘
2962,13:45:09,21.36,130256,61,买盘
2963,13:45:12,21.36,87547,41,买盘
2964,13:45:15,21.36,4272,2,买盘
2965,13:45:18,21.38,1227550,575,买盘
2966,13:45:21,21.38,27794,13,买盘
2967,13:45:24,21.36,70498,33,卖盘
2968,13:45:30,21.38,32056,15,买盘
2969,13:45:33,21.38,2138,1,买盘
2970,13:45:36,21.38,89787,42,买盘
2971,13:45:39,21.38,74801,35,买盘
2972,13:45:42,21.38,457532,214,买盘
2973,13:45:45,21.39,14971,7,买盘
2974,13:45:48,21.38,12828,6,卖盘
2975,13:45:51,21.38,44900,21,卖盘
2976,13:45:54,21.38,4276,2,买盘
2977,13:45:57,21.37,57701,27,卖盘
2978,13:46:00,21.36,49149,23,卖盘
2979,13:46:03,21.37,196624,92,卖盘
2980,13:46:06,21.37,102571,48,买盘
2981,13:46:09,21.37,190193,89,买盘
2982,13:46:12,21.38,44880,21,买盘
2983,13:46:15,21.36,166613,78,卖盘
2984,13:46:21,21.37,10685,5,卖盘
2985,13:46:24,21.37,6411,3,卖盘
2986,13:46:27,21.37,696828,326,卖盘
2987,13:46:30,21.39,29929,14,买盘
2988,13:46:33,21.38,2138,1,中性盘
2989,13:46:36,21.39,10695,5,买盘
2990,13:46:45,21.38,147522,69,卖盘
2991,13:46:48,21.38,2138,1,卖盘
2992,13:47:00,21.38,153937,72,卖盘
2993,13:47:09,21.38,295044,138,卖盘
2994,13:47:12,21.38,10690,5,买盘
2995,13:47:18,21.38,4276,2,买盘
2996,13:47:24,21.38,25656,12,买盘
2997,13:47:27,21.38,4276,2,买盘
2998,13:47:33,21.38,194548,91,买盘
2999,13:47:36,21.38,12828,6,买盘
3000,13:47:39,21.38,151791,71,买盘
3001,13:47:42,21.38,170982,80,买盘
3002,13:47:51,21.37,94050,44,卖盘
3003,13:47:54,21.38,10690,5,买盘
3004,13:47:57,21.38,245870,115,买盘
3005,13:48:00,21.37,4274,2,卖盘
3006,13:48:03,21.38,23513,11,买盘
3007,13:48:06,21.37,6411,3,卖盘
3008,13:48:09,21.38,4276,2,买盘
3009,13:48:12,21.37,14959,7,卖盘
3010,13:48:15,21.37,4274,2,卖盘
3011,13:48:18,21.37,49151,23,卖盘
3012,13:48:21,21.37,4274,2,卖盘
3013,13:48:30,21.37,10685,5,卖盘
3014,13:48:33,21.38,149660,70,买盘
3015,13:48:36,21.39,2139,1,买盘
3016,13:48:45,21.39,25668,12,买盘
3017,13:48:48,21.39,8556,4,买盘
3018,13:48:51,21.39,12834,6,买盘
3019,13:48:54,21.39,4278,2,买盘
3020,13:48:57,21.38,91934,43,卖盘
3021,13:49:00,21.38,66278,31,卖盘
3022,13:49:03,21.39,10695,5,买盘
3023,13:49:06,21.39,70557,33,买盘
3024,13:49:15,21.39,6415,3,买盘
3025,13:49:18,21.39,8556,4,买盘
3026,13:49:27,21.39,149680,70,买盘
3027,13:49:30,21.38,21385,10,卖盘
3028,13:49:36,21.39,64170,30,买盘
3029,13:49:39,21.39,6417,3,买盘
3030,13:49:42,21.38,29935,14,卖盘
3031,13:49:45,21.38,175383,82,卖盘
3032,13:49:48,21.38,2138,1,卖盘
3033,13:49:51,21.38,42760,20,卖盘
3034,13:49:54,21.39,164631,77,买盘
3035,13:49:57,21.39,66309,31,买盘
3036,13:50:06,21.38,21380,10,卖盘
3037,13:50:09,21.38,363460,170,卖盘
3038,13:50:12,21.38,36356,17,卖盘
3039,13:50:15,21.38,106900,50,卖盘
3040,13:50:24,21.38,239469,112,卖盘
3041,13:50:27,21.39,14972,7,买盘
3042,13:50:30,21.38,8552,4,卖盘
3043,13:50:33,21.38,6414,3,卖盘
3044,13:50:42,21.38,85520,40,卖盘
3045,13:50:45,21.38,10690,5,卖盘
3046,13:50:54,21.38,186006,87,卖盘
3047,13:50:57,21.38,19242,9,卖盘
3048,13:51:00,21.38,151800,71,卖盘
3049,13:51:03,21.39,12831,6,买盘
3050,13:51:06,21.38,4276,2,卖盘
3051,13:51:21,21.39,10695,5,买盘
3052,13:51:24,21.39,17111,8,买盘
3053,13:51:33,21.38,8552,4,卖盘
3054,13:51:36,21.39,2139,1,买盘
3055,13:51:39,21.38,64140,30,卖盘
3056,13:51:45,21.39,12834,6,买盘
3057,13:51:51,21.38,17104,8,卖盘
3058,13:52:00,21.39,2139,1,买盘
3059,13:52:03,21.38,81254,38,卖盘
3060,13:52:06,21.39,38502,18,买盘
3061,13:52:09,21.38,256660,120,卖盘
3062,13:52:15,21.38,2138,1,卖盘
3063,13:52:21,21.38,10690,5,卖盘
3064,13:52:24,21.38,4276,2,卖盘
3065,13:52:30,21.38,34215,16,卖盘
3066,13:52:33,21.39,12830,6,买盘
3067,13:52:36,21.38,10690,5,卖盘
3068,13:52:39,21.38,6414,3,卖盘
3069,13:52:45,21.38,76968,36,卖盘
3070,13:52:48,21.38,115452,54,卖盘
3071,13:52:51,21.38,21380,10,卖盘
3072,13:52:54,21.38,4276,2,卖盘
3073,13:53:00,21.38,21380,10,卖盘
3074,13:53:03,21.38,64140,30,卖盘
3075,13:53:06,21.38,57742,27,卖盘
3076,13:53:09,21.38,29932,14,卖盘
3077,13:53:15,21.38,130418,61,卖盘
3078,13:53:18,21.38,38484,18,卖盘
3079,13:53:21,21.38,40622,19,卖盘
3080,13:53:24,21.38,44901,21,卖盘
3081,13:53:33,21.38,12828,6,卖盘
3082,13:53:36,21.39,166773,78,买盘
3083,13:53:39,21.39,91977,43,买盘
3084,13:53:42,21.39,10694,5,买盘
3085,13:53:45,21.39,36356,17,买盘
3086,13:53:51,21.38,10690,5,卖盘
3087,13:53:57,21.39,235266,110,买盘
3088,13:54:00,21.39,12834,6,买盘
3089,13:54:06,21.38,87658,41,卖盘
3090,13:54:09,21.38,36362,17,卖盘
3091,13:54:12,21.39,17112,8,买盘
3092,13:54:18,21.38,6415,3,卖盘
3093,13:54:21,21.39,2139,1,买盘
3094,13:54:24,21.39,12834,6,买盘
3095,13:54:27,21.4,594711,278,买盘
3096,13:54:30,21.4,359217,168,买盘
3097,13:54:36,21.4,27820,13,买盘
3098,13:54:39,21.4,12840,6,买盘
3099,13:54:48,21.4,8560,4,买盘
3100,13:54:51,21.4,4280,2,买盘
3101,13:54:54,21.4,27820,13,买盘
3102,13:54:57,21.4,169062,79,买盘
3103,13:55:00,21.41,12845,6,买盘
3104,13:55:15,21.41,32115,15,买盘
3105,13:55:18,21.41,8564,4,买盘
3106,13:55:21,21.4,25682,12,卖盘
3107,13:55:30,21.4,29960,14,卖盘
3108,13:55:33,21.4,8562,4,卖盘
3109,13:55:36,21.4,83463,39,卖盘
3110,13:55:39,21.4,27820,13,卖盘
3111,13:55:42,21.4,23540,11,卖盘
3112,13:55:45,21.4,143380,67,卖盘
3113,13:55:48,21.4,49220,23,卖盘
3114,13:55:57,21.4,10700,5,卖盘
3115,13:56:00,21.4,10700,5,卖盘
3116,13:56:15,21.41,12846,6,买盘
3117,13:56:18,21.4,2140,1,卖盘
3118,13:56:21,21.4,4280,2,卖盘
3119,13:56:24,21.4,2140,1,卖盘
3120,13:56:27,21.41,36397,17,买盘
3121,13:56:30,21.41,4282,2,买盘
3122,13:56:36,21.41,246215,115,买盘
3123,13:56:39,21.42,14994,7,买盘
3124,13:56:42,21.41,8564,4,卖盘
3125,13:56:48,21.42,6426,3,买盘
3126,13:56:51,21.42,391976,183,买盘
3127,13:56:54,21.41,122064,57,卖盘
3128,13:56:57,21.42,79236,37,买盘
3129,13:57:00,21.42,40698,19,买盘
3130,13:57:03,21.42,10710,5,买盘
3131,13:57:06,21.41,36409,17,卖盘
3132,13:57:09,21.41,104909,49,卖盘
3133,13:57:12,21.41,96345,45,卖盘
