,成交时间,成交价格,成交金额,成交量,性质
0,09:25:00,23.3,7188050,3085,卖盘
1,09:30:00,23.31,1753145,752,买盘
2,09:30:03,23.31,3585148,1537,卖盘
3,09:30:06,23.33,256522,110,中性盘
4,09:30:09,23.31,298475,128,卖盘
5,09:30:12,23.31,948725,407,卖盘
6,09:30:15,23.3,3369990,1446,卖盘
7,09:30:18,23.3,2747102,1179,卖盘
8,09:30:21,23.31,701374,301,买盘
9,09:30:24,23.3,2411568,1035,卖盘
10,09:30:27,23.29,479926,206,卖盘
11,09:30:30,23.31,1286678,552,买盘
12,09:30:33,23.35,228667,98,买盘
13,09:30:36,23.34,83990,36,中性盘
14,09:30:39,23.35,107339,46,买盘
15,09:30:42,23.32,193607,83,卖盘
16,09:30:45,23.31,153877,66,卖盘
17,09:30:48,23.31,198137,85,卖盘
18,09:30:51,23.31,275123,118,卖盘
19,09:30:54,23.32,67653,29,中性盘
20,09:30:57,23.35,940046,403,买盘
21,09:31:00,23.36,74707,32,买盘
22,09:31:03,23.35,70040,30,买盘
23,09:31:06,23.36,712549,305,买盘
24,09:31:09,23.4,130848,56,买盘
25,09:31:12,23.4,189405,81,买盘
26,09:31:15,23.4,378900,162,买盘
27,09:31:18,23.37,30395,13,卖盘
28,09:31:21,23.39,49096,21,买盘
29,09:31:24,23.36,336557,144,卖盘
30,09:31:27,23.36,126167,54,中性盘
31,09:31:30,23.35,39702,17,卖盘
32,09:31:33,23.37,207932,89,买盘
33,09:31:36,23.36,282624,121,中性盘
34,09:31:39,23.36,116815,50,卖盘
35,09:31:42,23.35,172841,74,卖盘
36,09:31:45,23.36,86422,37,买盘
37,09:31:48,23.36,294248,126,买盘
38,09:31:51,23.36,49056,21,中性盘
39,09:31:54,23.37,163576,70,买盘
40,09:31:57,23.37,149573,64,卖盘
41,09:32:00,23.37,158927,68,卖盘
42,09:32:03,23.38,247669,106,买盘
43,09:32:06,23.37,137895,59,卖盘
44,09:32:09,23.37,177656,76,卖盘
45,09:32:12,23.37,98096,42,买盘
46,09:32:15,23.36,345859,148,卖盘
47,09:32:18,23.36,140145,60,买盘
48,09:32:21,23.31,1236269,530,卖盘
49,09:32:24,23.34,233357,100,中性盘
50,09:32:27,23.36,137751,59,买盘
51,09:32:30,23.34,251920,108,中性盘
52,09:32:33,23.33,272957,117,卖盘
53,09:32:36,23.34,175087,75,买盘
54,09:32:39,23.35,149424,64,买盘
55,09:32:42,23.34,130704,56,卖盘
56,09:32:45,23.34,128367,55,卖盘
57,09:32:48,23.35,350241,150,买盘
58,09:32:51,23.35,1379480,591,中性盘
59,09:32:54,23.35,189115,81,卖盘
60,09:32:57,23.35,487861,209,买盘
61,09:33:00,23.34,364134,156,卖盘
62,09:33:03,23.33,282499,121,卖盘
63,09:33:06,23.32,314942,135,卖盘
64,09:33:09,23.33,340685,146,买盘
65,09:33:12,23.31,1189044,510,卖盘
66,09:33:15,23.3,193430,83,卖盘
67,09:33:18,23.31,247009,106,买盘
68,09:33:21,23.31,848318,364,卖盘
69,09:33:24,23.31,512934,220,买盘
70,09:33:27,23.3,564098,242,卖盘
71,09:33:30,23.31,438147,188,买盘
72,09:33:33,23.3,859912,369,卖盘
73,09:33:36,23.3,521962,224,卖盘
74,09:33:39,23.31,209742,90,买盘
75,09:33:42,23.31,396113,170,卖盘
76,09:33:45,23.3,104883,45,卖盘
77,09:33:48,23.31,226071,97,买盘
78,09:33:51,23.31,666830,286,买盘
79,09:33:54,23.31,305366,131,卖盘
80,09:33:57,23.34,188859,81,买盘
81,09:34:00,23.31,568811,244,卖盘
82,09:34:03,23.31,1470372,631,卖盘
83,09:34:06,23.3,629481,270,卖盘
84,09:34:09,23.3,829532,356,卖盘
85,09:34:12,23.29,510228,219,卖盘
86,09:34:15,23.3,1257792,540,卖盘
87,09:34:18,23.28,211944,91,卖盘
88,09:34:21,23.3,761360,327,买盘
89,09:34:24,23.28,1904379,818,卖盘
90,09:34:27,23.27,553862,238,卖盘
91,09:34:30,23.26,1507690,648,卖盘
92,09:34:33,23.27,314007,135,买盘
93,09:34:36,23.25,688256,296,卖盘
94,09:34:39,23.25,344035,148,卖盘
95,09:34:42,23.24,615972,265,卖盘
96,09:34:45,23.24,1127172,485,卖盘
97,09:34:48,23.24,2413684,1039,买盘
98,09:34:51,23.23,652389,281,中性盘
99,09:34:54,23.2,4226051,1821,卖盘
100,09:34:57,23.2,904598,390,买盘
101,09:35:00,23.2,380312,164,买盘
102,09:35:03,23.18,1780645,768,卖盘
103,09:35:06,23.2,1120184,483,买盘
104,09:35:09,23.19,577469,249,卖盘
105,09:35:12,23.19,786116,339,卖盘
106,09:35:15,23.19,428883,185,买盘
107,09:35:18,23.19,1059407,457,买盘
108,09:35:21,23.19,1191770,514,买盘
109,09:35:24,23.19,1309657,565,买盘
110,09:35:27,23.19,521775,225,卖盘
111,09:35:30,23.19,396459,171,卖盘
112,09:35:33,23.19,644480,278,买盘
113,09:35:36,23.18,410326,177,卖盘
114,09:35:39,23.19,298986,129,买盘
115,09:35:42,23.19,398685,172,买盘
116,09:35:45,23.18,289724,125,卖盘
117,09:35:48,23.19,644413,278,买盘
118,09:35:51,23.18,1101208,475,卖盘
119,09:35:54,23.19,544755,235,买盘
120,09:35:57,23.19,723245,312,买盘
121,09:36:00,23.19,419562,181,买盘
122,09:36:03,23.18,755932,326,卖盘
123,09:36:06,23.19,667821,288,买盘
124,09:36:09,23.18,579532,250,卖盘
125,09:36:12,23.18,864551,373,卖盘
126,09:36:15,23.17,500639,216,卖盘
127,09:36:18,23.17,741579,320,卖盘
128,09:36:21,23.18,1411048,609,买盘
129,09:36:24,23.17,780756,337,买盘
130,09:36:27,23.16,590748,255,卖盘
131,09:36:30,23.15,1431249,618,卖盘
132,09:36:33,23.15,849980,367,卖盘
133,09:36:36,23.15,564916,244,卖盘
134,09:36:39,23.15,814897,352,卖盘
135,09:36:42,23.15,687485,297,卖盘
136,09:36:45,23.12,689338,298,卖盘
137,09:36:48,23.13,1100950,476,中性盘
138,09:36:51,23.13,386161,167,卖盘
139,09:36:54,23.13,1838678,795,买盘
140,09:36:57,23.13,1920190,830,卖盘
141,09:37:00,23.15,675803,292,买盘
142,09:37:03,23.13,398165,172,卖盘
143,09:37:06,23.16,1153045,498,买盘
144,09:37:09,23.14,148119,64,卖盘
145,09:37:12,23.15,249994,108,买盘
146,09:37:15,23.14,988079,427,卖盘
147,09:37:18,23.15,1321081,571,买盘
148,09:37:21,23.14,499767,216,卖盘
149,09:37:24,23.14,233751,101,卖盘
150,09:37:27,23.14,275400,119,卖盘
151,09:37:30,23.14,937201,405,卖盘
152,09:37:33,23.14,430479,186,卖盘
153,09:37:36,23.14,763797,330,卖盘
154,09:37:39,23.14,846860,366,卖盘
155,09:37:42,23.14,971732,420,买盘
156,09:37:45,23.14,425783,184,卖盘
157,09:37:48,23.14,525351,227,卖盘
158,09:37:51,23.12,1806692,781,卖盘
159,09:37:54,23.13,203547,88,买盘
160,09:37:57,23.13,527190,228,买盘
161,09:38:00,23.12,700705,303,卖盘
162,09:38:03,23.12,360787,156,卖盘
163,09:38:06,23.12,2712245,1173,卖盘
164,09:38:09,23.11,1257657,544,卖盘
165,09:38:12,23.13,547881,237,买盘
166,09:38:15,23.12,432422,187,卖盘
167,09:38:18,23.13,756351,327,买盘
168,09:38:21,23.14,1358098,587,买盘
169,09:38:24,23.13,518060,224,卖盘
170,09:38:27,23.13,423156,183,卖盘
171,09:38:30,23.13,460380,199,买盘
172,09:38:33,23.12,612766,265,卖盘
173,09:38:36,23.13,887933,384,买盘
174,09:38:39,23.13,1875128,811,买盘
175,09:38:42,23.12,1042493,451,卖盘
176,09:38:45,23.12,818310,354,卖盘
177,09:38:48,23.13,1176631,509,买盘
178,09:38:51,23.13,1142497,494,卖盘
179,09:38:54,23.13,386172,167,卖盘
180,09:38:57,23.12,210495,91,卖盘
181,09:39:00,23.13,954972,413,卖盘
182,09:39:03,23.13,543267,235,买盘
183,09:39:06,23.12,714315,309,买盘
184,09:39:09,23.15,1779178,769,买盘
185,09:39:12,23.12,997280,431,卖盘
186,09:39:15,23.12,770082,333,卖盘
187,09:39:18,23.13,580377,251,卖盘
188,09:39:21,23.12,589592,255,卖盘
189,09:39:24,23.13,524989,227,买盘
190,09:39:27,23.12,474071,205,卖盘
191,09:39:30,23.12,395393,171,卖盘
192,09:39:33,23.14,441766,191,买盘
193,09:39:36,23.12,548013,237,卖盘
194,09:39:39,23.13,360707,156,买盘
195,09:39:42,23.12,531792,230,卖盘
196,09:39:45,23.12,654302,283,卖盘
197,09:39:48,23.11,2574790,1114,卖盘
198,09:39:51,23.1,2371144,1026,卖盘
199,09:39:54,23.12,848007,367,买盘
200,09:39:57,23.12,281895,122,买盘
201,09:40:00,23.11,1587069,687,中性盘
202,09:40:03,23.1,1229064,532,卖盘
203,09:40:06,23.1,764701,331,卖盘
204,09:40:09,23.11,951832,412,买盘
205,09:40:12,23.11,3826339,1655,买盘
206,09:40:15,23.11,2705945,1171,卖盘
207,09:40:18,23.12,228827,99,中性盘
208,09:40:21,23.11,720925,312,卖盘
209,09:40:24,23.11,877928,380,买盘
210,09:40:27,23.09,4090237,1771,卖盘
211,09:40:30,23.09,2707405,1173,中性盘
212,09:40:33,23.08,1517730,658,中性盘
213,09:40:36,23.05,608900,264,卖盘
214,09:40:39,23.05,1005323,436,卖盘
215,09:40:42,23.03,716771,311,卖盘
216,09:40:45,23.05,1617074,702,买盘
217,09:40:48,23.04,571295,248,卖盘
218,09:40:51,23.04,449115,195,卖盘
219,09:40:54,23.04,580218,252,买盘
220,09:40:57,23.02,2898378,1259,卖盘
221,09:41:00,23.01,941234,409,卖盘
222,09:41:03,23.02,2521347,1096,中性盘
223,09:41:06,23.01,2950834,1282,卖盘
224,09:41:09,23.01,2199019,956,买盘
225,09:41:12,23.01,5743356,2497,买盘
226,09:41:15,22.99,5517405,2399,卖盘
227,09:41:18,22.97,3929846,1711,卖盘
228,09:41:21,22.94,1794562,782,卖盘
229,09:41:24,22.93,1366485,596,卖盘
230,09:41:27,22.91,1355121,591,卖盘
231,09:41:30,22.92,3129380,1366,中性盘
232,09:41:33,22.93,1422058,621,买盘
233,09:41:36,22.92,3186619,1391,卖盘
234,09:41:39,22.94,1987482,867,买盘
235,09:41:42,22.94,1669243,728,买盘
236,09:41:45,22.94,1084754,473,卖盘
237,09:41:48,22.96,498143,217,中性盘
238,09:41:51,22.98,640680,279,买盘
239,09:41:54,22.98,326367,142,中性盘
240,09:41:57,22.99,484801,211,中性盘
241,09:42:00,22.99,1046629,455,中性盘
242,09:42:03,23.02,791877,344,买盘
243,09:42:06,23.03,158802,69,中性盘
244,09:42:09,23.02,338428,147,卖盘
245,09:42:12,23.02,2407811,1045,卖盘
246,09:42:15,23.01,4763018,2073,卖盘
247,09:42:18,23.03,508869,221,买盘
248,09:42:21,23.03,370783,161,卖盘
249,09:42:24,23.03,460563,200,卖盘
250,09:42:27,23.03,442189,192,买盘
251,09:42:30,23.03,414572,180,买盘
252,09:42:33,23.02,656303,285,卖盘
253,09:42:36,23.03,617147,268,买盘
254,09:42:39,23.03,347690,151,卖盘
255,09:42:42,23.03,460587,200,买盘
256,09:42:45,23.03,122035,53,买盘
257,09:42:48,23.03,849601,369,卖盘
258,09:42:51,23.03,244145,106,卖盘
259,09:42:54,23.03,944198,410,卖盘
260,09:42:57,23.05,262646,114,买盘
261,09:43:00,23.03,414572,180,卖盘
262,09:43:03,23.03,131313,57,卖盘
263,09:43:06,23.04,308736,134,买盘
264,09:43:09,23.03,532135,231,卖盘
265,09:43:12,23.03,327000,142,买盘
266,09:43:15,23.02,1022278,444,卖盘
267,09:43:18,23.02,386714,168,买盘
268,09:43:21,23.01,140381,61,卖盘
269,09:43:24,23.01,1030902,448,卖盘
270,09:43:27,23.0,2822263,1227,卖盘
271,09:43:30,23.0,781936,340,买盘
272,09:43:33,22.99,190839,83,卖盘
273,09:43:36,22.98,239034,104,卖盘
274,09:43:39,22.98,505547,220,卖盘
275,09:43:42,22.98,170038,74,买盘
276,09:43:45,22.97,459423,200,卖盘
277,09:43:48,22.97,236555,103,买盘
278,09:43:51,22.96,420215,183,卖盘
279,09:43:54,22.95,282413,123,卖盘
280,09:43:57,22.96,1354152,590,买盘
281,09:44:00,22.98,6565479,2858,买盘
282,09:44:03,22.97,1217400,530,卖盘
283,09:44:06,22.97,332977,145,卖盘
284,09:44:09,22.97,248034,108,买盘
285,09:44:12,22.97,296331,129,中性盘
286,09:44:15,22.98,546765,238,买盘
287,09:44:18,22.97,268794,117,卖盘
288,09:44:21,22.96,620147,270,卖盘
289,09:44:24,22.96,704873,307,卖盘
290,09:44:27,22.94,1750789,763,卖盘
291,09:44:30,22.96,853584,372,买盘
292,09:44:33,22.95,756960,330,中性盘
293,09:44:36,22.94,355500,155,卖盘
294,09:44:39,22.94,252327,110,买盘
295,09:44:42,22.93,451794,197,卖盘
296,09:44:45,22.93,1034190,451,卖盘
297,09:44:48,22.92,229247,100,卖盘
298,09:44:51,22.93,1395964,609,买盘
299,09:44:54,22.92,859575,375,卖盘
300,09:44:57,22.92,1230981,537,卖盘
301,09:45:00,22.91,210794,92,卖盘
302,09:45:03,22.91,6697843,2924,卖盘
303,09:45:06,22.9,554365,242,卖盘
304,09:45:09,22.91,563468,246,买盘
305,09:45:12,22.9,1463402,639,卖盘
306,09:45:15,22.9,3840372,1677,卖盘
307,09:45:18,22.9,1517122,662,卖盘
308,09:45:21,22.89,876872,383,卖盘
309,09:45:24,22.88,2025692,885,卖盘
310,09:45:27,22.89,3002045,1312,买盘
311,09:45:30,22.88,739030,323,卖盘
312,09:45:33,22.87,634750,277,卖盘
313,09:45:36,22.87,452976,198,卖盘
314,09:45:39,22.87,606088,265,卖盘
315,09:45:42,22.87,1319686,577,卖盘
316,09:45:45,22.87,464332,203,卖盘
317,09:45:48,22.88,2311073,1010,买盘
318,09:45:51,22.88,661177,289,卖盘
319,09:45:54,22.89,306655,134,买盘
320,09:45:57,22.88,823543,360,卖盘
321,09:46:00,22.89,5880860,2571,买盘
322,09:46:03,22.89,1823337,796,卖盘
323,09:46:06,22.91,224493,98,中性盘
324,09:46:09,22.92,1504179,657,买盘
325,09:46:12,22.92,574879,251,买盘
326,09:46:15,22.92,907548,396,买盘
327,09:46:18,22.93,240696,105,买盘
328,09:46:21,22.92,433289,189,卖盘
329,09:46:24,22.93,1203595,525,买盘
330,09:46:27,22.94,135293,59,买盘
331,09:46:30,22.93,98611,43,卖盘
332,09:46:33,22.94,1314066,573,买盘
333,09:46:36,22.94,575694,251,买盘
334,09:46:39,22.94,112406,49,卖盘
335,09:46:42,22.95,895041,390,买盘
336,09:46:45,22.94,275334,120,卖盘
337,09:46:48,22.95,273067,119,买盘
338,09:46:51,22.94,626466,273,卖盘
339,09:46:54,22.94,702166,306,卖盘
340,09:46:57,22.94,206460,90,买盘
341,09:47:00,22.93,573481,250,卖盘
342,09:47:03,22.94,401332,175,买盘
343,09:47:06,22.94,261500,114,买盘
344,09:47:09,22.93,339425,148,卖盘
345,09:47:12,22.94,1279587,558,买盘
346,09:47:15,22.94,330306,144,买盘
347,09:47:18,22.94,206749,90,买盘
348,09:47:21,22.93,263783,115,卖盘
349,09:47:24,22.94,261525,114,买盘
350,09:47:27,22.94,112412,49,卖盘
351,09:47:30,22.94,412933,180,卖盘
352,09:47:33,22.95,139955,61,买盘
353,09:47:36,22.94,378591,165,卖盘
354,09:47:39,22.95,507115,221,买盘
355,09:47:42,22.96,156080,68,买盘
356,09:47:45,22.96,160687,70,买盘
357,09:47:48,22.96,289192,126,买盘
358,09:47:51,22.96,94126,41,买盘
359,09:47:54,22.95,560061,244,卖盘
360,09:47:57,22.96,560065,244,买盘
361,09:48:00,22.95,22952,10,中性盘
362,09:48:03,22.96,296161,129,买盘
363,09:48:06,22.95,601439,262,卖盘
364,09:48:09,22.95,282292,123,卖盘
365,09:48:12,22.96,284619,124,买盘
366,09:48:15,22.95,335076,146,卖盘
367,09:48:18,22.95,236375,103,买盘
368,09:48:21,22.96,649464,283,买盘
369,09:48:24,22.95,34425,15,中性盘
370,09:48:27,22.96,390053,170,买盘
371,09:48:30,22.95,436073,190,卖盘
372,09:48:33,22.95,332781,145,卖盘
373,09:48:36,22.95,215724,94,买盘
374,09:48:39,22.95,48192,21,买盘
375,09:48:42,22.95,100975,44,买盘
376,09:48:45,22.95,318942,139,买盘
377,09:48:48,22.94,1349122,588,卖盘
378,09:48:51,22.96,220316,96,买盘
379,09:48:54,22.95,220313,96,卖盘
380,09:48:57,22.95,668004,291,卖盘
381,09:49:00,22.95,812267,354,卖盘
382,09:49:03,22.95,238679,104,买盘
383,09:49:06,22.95,61963,27,买盘
384,09:49:09,22.94,1089970,475,卖盘
385,09:49:12,22.94,371639,162,卖盘
386,09:49:15,22.94,452007,197,卖盘
387,09:49:18,22.95,149153,65,买盘
388,09:49:21,22.94,1023177,446,卖盘
389,09:49:24,22.94,126166,55,买盘
390,09:49:27,22.94,64227,28,买盘
391,09:49:30,22.94,197239,86,买盘
392,09:49:33,22.93,165106,72,卖盘
393,09:49:36,22.94,389833,170,买盘
394,09:49:39,22.94,1538631,671,买盘
395,09:49:42,22.93,215212,94,卖盘
396,09:49:45,22.93,121529,53,买盘
397,09:49:48,22.93,259031,113,买盘
398,09:49:51,22.93,474603,207,买盘
399,09:49:54,22.92,602953,263,卖盘
400,09:49:57,22.92,385067,168,卖盘
401,09:50:00,22.92,1136863,496,卖盘
402,09:50:03,22.92,277335,121,卖盘
403,09:50:06,22.92,336978,147,卖盘
404,09:50:09,22.92,112304,49,买盘
405,09:50:12,22.92,2249814,982,买盘
406,09:50:15,22.92,339181,148,买盘
407,09:50:18,22.92,194783,85,买盘
408,09:50:21,22.92,132946,58,卖盘
409,09:50:24,22.92,336855,147,卖盘
410,09:50:27,22.92,391972,171,买盘
411,09:50:30,22.91,300225,131,卖盘
412,09:50:33,22.92,330042,144,中性盘
413,09:50:36,22.93,171932,75,买盘
414,09:50:39,22.92,20628,9,买盘
415,09:50:42,22.93,178778,78,买盘
416,09:50:45,22.92,112334,49,卖盘
417,09:50:48,22.94,848331,370,买盘
418,09:50:51,22.92,391981,171,卖盘
419,09:50:54,22.94,639586,279,买盘
420,09:50:57,22.93,110084,48,卖盘
421,09:51:00,22.93,169708,74,卖盘
422,09:51:03,22.93,399014,174,卖盘
423,09:51:06,22.94,206741,90,买盘
424,09:51:09,22.94,614652,268,卖盘
425,09:51:12,22.94,139954,61,卖盘
426,09:51:15,22.94,289065,126,卖盘
427,09:51:18,22.94,155995,68,卖盘
428,09:51:21,22.95,786971,343,买盘
429,09:51:24,22.95,259268,113,买盘
430,09:51:27,22.94,149150,65,卖盘
431,09:51:30,22.94,123904,54,卖盘
432,09:51:33,22.95,775629,338,买盘
433,09:51:36,22.94,128466,56,卖盘
434,09:51:39,22.95,66552,29,买盘
435,09:51:42,22.95,183600,80,买盘
436,09:51:45,22.95,110160,48,卖盘
437,09:51:48,22.95,1825952,795,卖盘
438,09:51:51,22.95,1122435,489,卖盘
439,09:51:54,22.96,2523597,1100,买盘
440,09:51:57,22.95,431483,188,卖盘
441,09:52:00,22.96,22960,10,买盘
442,09:52:03,22.93,1050538,458,卖盘
443,09:52:06,22.96,1768893,771,买盘
444,09:52:09,22.96,107880,47,买盘
445,09:52:12,22.96,32135,14,买盘
446,09:52:15,22.96,204332,89,买盘
447,09:52:18,22.96,2429426,1059,卖盘
448,09:52:21,22.96,124027,54,卖盘
449,09:52:24,22.96,259443,113,卖盘
450,09:52:27,22.96,94117,41,买盘
451,09:52:30,22.94,169814,74,卖盘
452,09:52:33,22.94,197255,86,买盘
453,09:52:36,22.94,103213,45,买盘
454,09:52:39,22.93,699362,305,卖盘
455,09:52:42,22.92,199446,87,卖盘
456,09:52:45,22.93,34390,15,买盘
457,09:52:48,22.92,680850,297,卖盘
458,09:52:51,22.93,64194,28,买盘
459,09:52:54,22.92,261293,114,卖盘
460,09:52:57,22.93,171914,75,买盘
461,09:53:00,22.93,527360,230,买盘
462,09:53:03,22.93,6664126,2906,买盘
463,09:53:06,22.93,396976,173,卖盘
464,09:53:09,22.98,243132,106,买盘
465,09:53:12,22.93,495292,216,卖盘
466,09:53:15,22.96,155956,68,买盘
467,09:53:18,22.94,194928,85,卖盘
468,09:53:21,22.95,231744,101,买盘
469,09:53:24,22.94,167452,73,买盘
470,09:53:27,22.93,314277,137,卖盘
471,09:53:30,22.93,1767974,771,卖盘
472,09:53:33,22.92,2065130,901,卖盘
473,09:53:36,22.92,458291,200,买盘
474,09:53:39,22.93,38972,17,买盘
475,09:53:42,22.92,694494,303,中性盘
476,09:53:45,22.92,238353,104,中性盘
477,09:53:48,22.93,302472,132,买盘
478,09:53:51,22.93,194877,85,买盘
479,09:53:54,22.93,89425,39,中性盘
480,09:53:57,22.92,1017348,444,卖盘
481,09:54:00,22.93,158161,69,买盘
482,09:54:03,22.92,206295,90,卖盘
483,09:54:06,22.93,158155,69,买盘
484,09:54:09,22.93,343801,150,买盘
485,09:54:12,22.93,1199032,523,买盘
486,09:54:15,22.92,224645,98,卖盘
487,09:54:18,22.92,64192,28,卖盘
488,09:54:21,22.93,433377,189,买盘
489,09:54:24,22.92,1164421,508,卖盘
490,09:54:27,22.93,25223,11,卖盘
491,09:54:30,22.94,192580,84,买盘
492,09:54:33,22.92,121490,53,卖盘
493,09:54:36,22.93,201769,88,买盘
494,09:54:39,22.93,238407,104,买盘
495,09:54:42,22.93,29808,13,买盘
496,09:54:45,22.92,1317906,575,卖盘
497,09:54:48,22.92,146688,64,中性盘
498,09:54:51,22.92,291177,127,买盘
499,09:54:54,22.92,176535,77,买盘
500,09:54:57,22.92,236079,103,卖盘
501,09:55:00,22.92,1768690,771,卖盘
502,09:55:03,22.92,593628,259,卖盘
503,09:55:06,22.91,213094,93,卖盘
504,09:55:09,22.91,4403054,1922,卖盘
505,09:55:12,22.9,368804,161,卖盘
506,09:55:15,22.9,822313,359,卖盘
507,09:55:18,22.91,611636,267,买盘
508,09:55:21,22.9,719141,314,卖盘
509,09:55:24,22.9,1229823,537,卖盘
510,09:55:27,22.9,5237225,2287,卖盘
511,09:55:30,22.9,1119815,489,卖盘
512,09:55:33,22.89,235849,103,卖盘
513,09:55:36,22.88,1643480,718,卖盘
514,09:55:39,22.88,585836,256,卖盘
515,09:55:42,22.88,2885209,1261,卖盘
516,09:55:45,22.87,2997644,1311,卖盘
517,09:55:48,22.86,690382,302,卖盘
518,09:55:51,22.86,1903999,833,卖盘
519,09:55:54,22.86,806815,353,买盘
520,09:55:57,22.84,7556620,3307,卖盘
521,09:56:00,22.85,566687,248,买盘
522,09:56:03,22.84,1751892,767,卖盘
523,09:56:06,22.84,207832,91,买盘
524,09:56:09,22.83,406486,178,卖盘
525,09:56:12,22.83,591330,259,卖盘
526,09:56:15,22.84,445234,195,买盘
527,09:56:18,22.83,538800,236,卖盘
528,09:56:21,22.83,444338,195,卖盘
529,09:56:24,22.83,1009106,442,卖盘
530,09:56:27,22.83,806834,353,卖盘
531,09:56:30,22.83,473947,208,买盘
532,09:56:33,22.83,2138470,937,卖盘
533,09:56:36,22.83,712308,312,卖盘
534,09:56:39,22.83,461160,202,买盘
535,09:56:42,22.82,424510,186,卖盘
536,09:56:45,22.83,951883,417,买盘
537,09:56:48,22.83,984596,431,买盘
538,09:56:51,22.82,417564,183,卖盘
539,09:56:54,22.82,250988,110,买盘
540,09:56:57,22.82,2436327,1068,买盘
541,09:57:00,22.82,2586842,1134,买盘
542,09:57:03,22.82,570376,250,买盘
543,09:57:06,22.82,1859103,815,买盘
544,09:57:09,22.81,618264,271,卖盘
545,09:57:12,22.81,547471,240,卖盘
546,09:57:15,22.81,342144,150,买盘
547,09:57:18,22.8,985188,432,卖盘
548,09:57:21,22.8,1342880,589,卖盘
549,09:57:24,22.8,1361285,597,卖盘
550,09:57:27,22.81,563263,247,卖盘
551,09:57:30,22.81,219014,96,卖盘
552,09:57:33,22.81,750457,329,卖盘
553,09:57:36,22.81,456179,200,买盘
554,09:57:39,22.8,13041650,5721,卖盘
555,09:57:42,22.8,216593,95,买盘
556,09:57:45,22.8,3837543,1685,买盘
557,09:57:48,22.78,245996,108,买盘
558,09:57:51,22.77,455470,200,卖盘
559,09:57:54,22.77,305054,134,买盘
560,09:57:57,22.76,1311212,576,卖盘
561,09:58:00,22.76,783053,344,买盘
562,09:58:03,22.76,773733,340,卖盘
563,09:58:06,22.76,1695716,745,卖盘
564,09:58:09,22.78,607825,267,买盘
565,09:58:12,22.77,1731835,761,卖盘
566,09:58:15,22.78,1415628,622,买盘
567,09:58:18,22.78,341600,150,买盘
568,09:58:21,22.78,289229,127,中性盘
569,09:58:24,22.78,359931,158,买盘
570,09:58:27,22.78,227849,100,卖盘
571,09:58:30,22.79,572044,251,买盘
572,09:58:33,22.8,259855,114,买盘
573,09:58:36,22.81,348818,153,买盘
574,09:58:39,22.81,1062694,466,买盘
575,09:58:42,22.81,111769,49,卖盘
576,09:58:45,22.82,349089,153,买盘
577,09:58:48,22.81,392448,172,卖盘
578,09:58:51,22.82,148311,65,买盘
579,09:58:54,22.82,789572,346,买盘
580,09:58:57,22.82,324044,142,卖盘
581,09:59:00,22.83,292133,128,买盘
582,09:59:03,22.82,255600,112,卖盘
583,09:59:06,22.82,303591,133,卖盘
584,09:59:09,22.83,245670,108,买盘
585,09:59:12,22.83,108191,47,卖盘
586,09:59:15,22.83,91292,40,买盘
587,09:59:18,22.83,255675,112,买盘
588,09:59:21,22.83,299020,131,卖盘
589,09:59:24,22.83,287679,126,卖盘
590,09:59:27,22.84,107316,47,买盘
591,09:59:30,22.83,561593,246,卖盘
592,09:59:33,22.83,321984,141,买盘
593,09:59:36,22.83,235107,103,买盘
594,09:59:39,22.83,319628,140,卖盘
595,09:59:42,22.82,591351,259,卖盘
596,09:59:45,22.83,352366,154,买盘
597,09:59:48,22.82,241912,106,卖盘
598,09:59:51,22.82,132385,58,卖盘
599,09:59:54,22.82,292081,128,卖盘
600,09:59:57,22.83,20544,9,买盘
601,10:00:00,22.82,586445,257,卖盘
602,10:00:03,22.82,538718,236,买盘
603,10:00:06,22.81,1077244,472,卖盘
604,10:00:09,22.82,239570,105,买盘
605,10:00:12,22.82,155119,68,卖盘
606,10:00:15,22.82,139196,61,买盘
607,10:00:18,22.82,260093,114,买盘
608,10:00:21,22.81,63879,28,卖盘
609,10:00:24,22.82,171132,75,买盘
610,10:00:27,22.82,401489,176,买盘
611,10:00:30,22.81,198501,87,卖盘
612,10:00:33,22.81,294311,129,卖盘
613,10:00:36,22.81,432566,190,卖盘
614,10:00:39,22.8,107174,47,卖盘
615,10:00:42,22.81,66131,29,买盘
616,10:00:45,22.8,2105966,924,卖盘
617,10:00:48,22.8,335190,147,卖盘
618,10:00:51,22.8,234812,103,买盘
619,10:00:54,22.81,152784,67,买盘
620,10:00:57,22.79,485514,213,卖盘
621,10:01:00,22.8,264395,116,卖盘
622,10:01:03,22.79,182969,80,卖盘
623,10:01:06,22.79,129894,57,买盘
624,10:01:09,22.79,713181,313,买盘
625,10:01:12,22.79,749577,329,买盘
626,10:01:15,22.78,510277,224,卖盘
627,10:01:18,22.78,170826,75,买盘
628,10:01:21,22.78,168514,74,买盘
629,10:01:24,22.78,389532,171,买盘
630,10:01:27,22.78,571629,251,买盘
631,10:01:30,22.78,82013,36,卖盘
632,10:01:33,22.78,359963,158,卖盘
633,10:01:36,22.78,241464,106,卖盘
634,10:01:39,22.78,1012280,444,买盘
635,10:01:42,22.78,189102,83,卖盘
636,10:01:45,22.78,382708,168,卖盘
637,10:01:48,22.78,211874,93,卖盘
638,10:01:51,22.78,232392,102,卖盘
639,10:01:54,22.8,2093476,919,买盘
640,10:01:57,22.79,743205,326,卖盘
641,10:02:00,22.81,424092,186,买盘
642,10:02:03,22.81,588487,258,买盘
643,10:02:06,22.82,618254,271,买盘
644,10:02:09,22.82,4728903,2074,买盘
645,10:02:12,22.83,472896,207,买盘
646,10:02:15,22.83,344575,151,买盘
647,10:02:18,22.84,189489,83,买盘
648,10:02:21,22.84,602658,264,买盘
649,10:02:24,22.84,180427,79,买盘
650,10:02:27,22.83,125598,55,卖盘
651,10:02:30,22.83,242111,106,卖盘
652,10:02:33,22.85,35663,16,买盘
653,10:02:36,22.84,325227,142,卖盘
654,10:02:39,22.85,780332,342,买盘
655,10:02:42,22.85,251329,110,买盘
656,10:02:45,22.85,728825,319,买盘
657,10:02:48,22.85,310753,136,买盘
658,10:02:51,22.85,959376,420,买盘
659,10:02:54,22.86,376924,165,买盘
660,10:02:57,22.85,303904,133,卖盘
661,10:03:00,22.85,1721285,753,买盘
662,10:03:03,22.85,818186,358,买盘
663,10:03:06,22.85,203365,89,买盘
664,10:03:09,22.83,1242767,544,卖盘
665,10:03:12,22.84,191926,84,卖盘
666,10:03:15,22.83,219205,96,卖盘
667,10:03:18,22.85,125655,55,买盘
668,10:03:21,22.86,125686,55,买盘
669,10:03:24,22.84,100504,44,卖盘
670,10:03:27,22.84,242094,106,买盘
671,10:03:30,22.85,337988,148,买盘
672,10:03:33,22.85,20560,9,买盘
673,10:03:36,22.85,93653,41,买盘
674,10:03:39,22.84,310658,136,卖盘
675,10:03:42,22.85,317498,139,买盘
676,10:03:45,22.85,267328,117,买盘
677,10:03:48,22.84,246691,108,卖盘
678,10:03:51,22.84,265025,116,卖盘
679,10:03:54,22.85,82243,36,买盘
680,10:03:57,22.85,340465,149,卖盘
681,10:04:00,22.85,381506,167,买盘
682,10:04:03,22.84,198782,87,卖盘
683,10:04:06,22.85,132498,58,中性盘
684,10:04:09,22.85,450103,197,卖盘
685,10:04:12,22.85,153102,67,卖盘
686,10:04:15,22.85,102830,45,卖盘
687,10:04:18,22.85,404485,177,卖盘
688,10:04:21,22.86,237726,104,买盘
689,10:04:24,22.86,38857,17,买盘
690,10:04:27,22.85,178237,78,卖盘
691,10:04:30,22.86,144001,63,买盘
692,10:04:33,22.85,169119,74,卖盘
693,10:04:36,22.86,162306,71,买盘
694,10:04:39,22.86,329121,144,买盘
695,10:04:42,22.86,297159,130,买盘
696,10:04:45,22.86,342860,150,买盘
697,10:04:48,22.86,182830,80,中性盘
698,10:04:51,22.87,75459,33,买盘
699,10:04:54,22.86,724679,317,卖盘
700,10:04:57,22.86,205802,90,卖盘
701,10:05:00,22.86,713286,312,卖盘
702,10:05:03,22.86,130349,57,中性盘
703,10:05:06,22.86,244593,107,卖盘
704,10:05:09,22.88,164608,72,买盘
705,10:05:12,22.86,265209,116,卖盘
706,10:05:15,22.88,299626,131,买盘
707,10:05:18,22.87,54888,24,卖盘
708,10:05:21,22.87,324841,142,卖盘
709,10:05:24,22.87,240136,105,卖盘
710,10:05:27,22.87,157783,69,买盘
711,10:05:30,22.87,148666,65,买盘
712,10:05:33,22.86,1341908,587,卖盘
713,10:05:36,22.86,244584,107,买盘
714,10:05:39,22.86,210283,92,买盘
715,10:05:42,22.86,244593,107,卖盘
716,10:05:45,22.86,86868,38,卖盘
717,10:05:48,22.87,1028734,450,买盘
718,10:05:51,22.87,121190,53,买盘
719,10:05:54,22.87,89162,39,买盘
720,10:05:57,22.87,214973,94,买盘
721,10:06:00,22.87,164664,72,卖盘
722,10:06:03,22.86,205798,90,卖盘
723,10:06:06,22.88,91510,40,买盘
724,10:06:09,22.87,182991,80,卖盘
725,10:06:12,22.87,185260,81,卖盘
726,10:06:15,22.86,144055,63,卖盘
727,10:06:18,22.86,130336,57,卖盘
728,10:06:21,22.86,118898,52,卖盘
729,10:06:24,22.86,144030,63,卖盘
730,10:06:27,22.87,406966,178,买盘
731,10:06:30,22.86,528196,231,卖盘
732,10:06:33,22.87,150932,66,中性盘
733,10:06:36,22.87,1140706,499,买盘
734,10:06:39,22.87,265278,116,买盘
735,10:06:42,22.86,404648,177,卖盘
736,10:06:45,22.85,164572,72,卖盘
737,10:06:48,22.86,194307,85,中性盘
738,10:06:51,22.85,171448,75,卖盘
739,10:06:54,22.85,185140,81,卖盘
740,10:06:57,22.86,80007,35,卖盘
741,10:07:00,22.86,208031,91,卖盘
742,10:07:03,22.86,22860,10,买盘
743,10:07:06,22.86,118837,52,买盘
744,10:07:09,22.86,68580,30,买盘
745,10:07:12,22.86,301752,132,买盘
746,10:07:15,22.85,118861,52,卖盘
747,10:07:18,22.86,114293,50,买盘
748,10:07:21,22.86,114265,50,买盘
749,10:07:24,22.86,107434,47,买盘
750,10:07:27,22.86,283465,124,卖盘
751,10:07:30,22.86,130275,57,卖盘
752,10:07:33,22.87,125737,55,买盘
753,10:07:36,22.87,587759,257,买盘
754,10:07:39,22.86,182889,80,卖盘
755,10:07:42,22.88,50331,22,买盘
756,10:07:45,22.87,11435,5,卖盘
757,10:07:48,22.87,171534,75,卖盘
758,10:07:51,22.9,2167951,947,买盘
759,10:07:54,22.9,9160,4,卖盘
760,10:07:57,22.89,194605,85,卖盘
761,10:08:00,22.91,96197,42,买盘
762,10:08:03,22.89,178533,78,卖盘
763,10:08:06,22.89,256377,112,卖盘
764,10:08:09,22.89,57225,25,买盘
765,10:08:12,22.89,221963,97,卖盘
766,10:08:15,22.9,315841,138,买盘
767,10:08:18,22.9,121327,53,买盘
768,10:08:21,22.9,135064,59,买盘
769,10:08:24,22.9,222128,97,买盘
770,10:08:27,22.9,146541,64,买盘
771,10:08:30,22.9,270191,118,买盘
772,10:08:33,22.9,412173,180,买盘
773,10:08:36,22.91,265741,116,买盘
774,10:08:39,22.91,309235,135,买盘
775,10:08:42,22.91,107680,47,买盘
776,10:08:45,22.93,729056,318,买盘
777,10:08:48,22.93,275160,120,卖盘
778,10:08:51,22.92,199420,87,卖盘
779,10:08:54,22.92,506666,221,卖盘
780,10:08:57,22.94,80280,35,买盘
781,10:09:00,22.93,183455,80,卖盘
782,10:09:03,22.93,43565,19,买盘
783,10:09:06,22.93,128433,56,买盘
784,10:09:09,22.93,369255,161,卖盘
785,10:09:12,22.92,396620,173,卖盘
786,10:09:15,22.92,61871,27,买盘
787,10:09:18,22.92,316197,138,买盘
788,10:09:21,22.93,142105,62,买盘
789,10:09:24,22.92,34380,15,卖盘
790,10:09:27,22.92,20631,9,卖盘
791,10:09:30,22.92,29796,13,卖盘
792,10:09:33,22.92,284213,124,卖盘
793,10:09:36,22.91,126028,55,卖盘
794,10:09:39,22.91,405660,177,卖盘
795,10:09:42,22.91,160404,70,卖盘
796,10:09:45,22.92,169608,74,买盘
797,10:09:48,22.92,71052,31,卖盘
798,10:09:51,22.93,414855,181,买盘
799,10:09:54,22.93,272783,119,买盘
800,10:09:57,22.93,71073,31,买盘
801,10:10:00,22.92,185657,81,卖盘
802,10:10:03,22.91,593715,259,卖盘
803,10:10:06,22.91,105415,46,卖盘
804,10:10:09,22.91,236040,103,卖盘
805,10:10:12,22.91,368876,161,卖盘
806,10:10:15,22.91,80185,35,卖盘
807,10:10:18,22.91,135203,59,卖盘
808,10:10:21,22.91,132906,58,卖盘
809,10:10:24,22.91,116843,51,卖盘
810,10:10:27,22.92,206223,90,买盘
811,10:10:30,22.91,75600,33,卖盘
812,10:10:33,22.91,158079,69,买盘
813,10:10:36,22.9,100801,44,卖盘
814,10:10:39,22.91,25201,11,中性盘
815,10:10:42,22.9,171828,75,卖盘
816,10:10:45,22.91,135136,59,中性盘
817,10:10:48,22.91,71014,31,买盘
818,10:10:51,22.9,146614,64,卖盘
819,10:10:54,22.91,343586,150,买盘
820,10:10:57,22.91,139726,61,卖盘
821,10:11:00,22.91,29783,13,买盘
822,10:11:03,22.9,973302,425,卖盘
823,10:11:06,22.91,258778,113,买盘
824,10:11:09,22.91,190119,83,买盘
825,10:11:12,22.91,107636,47,买盘
826,10:11:15,22.9,471815,206,卖盘
827,10:11:18,22.92,309193,135,买盘
828,10:11:21,22.91,18332,8,卖盘
829,10:11:24,22.91,109953,48,卖盘
830,10:11:27,22.9,41231,18,卖盘
831,10:11:30,22.91,272629,119,买盘
832,10:11:33,22.91,32064,14,买盘
833,10:11:36,22.9,80153,35,卖盘
834,10:11:39,22.9,158044,69,卖盘
835,10:11:42,22.91,146615,64,买盘
836,10:11:45,22.93,1649960,720,买盘
837,10:11:48,22.92,144363,63,卖盘
838,10:11:51,22.91,229176,100,卖盘
839,10:11:54,22.93,525100,229,买盘
840,10:11:57,22.94,378459,165,买盘
841,10:12:00,22.94,59651,26,卖盘
842,10:12:03,22.94,197295,86,卖盘
843,10:12:06,22.94,475061,207,卖盘
844,10:12:09,22.93,123886,54,卖盘
845,10:12:12,22.94,114681,50,卖盘
846,10:12:15,22.94,137640,60,买盘
847,10:12:18,22.93,34396,15,卖盘
848,10:12:21,22.93,9173,4,卖盘
849,10:12:24,22.94,119272,52,买盘
850,10:12:27,22.94,270618,118,买盘
851,10:12:30,22.94,96325,42,买盘
852,10:12:33,22.94,213260,93,买盘
853,10:12:36,22.94,532191,232,买盘
854,10:12:39,22.94,165168,72,卖盘
855,10:12:42,22.94,105524,46,卖盘
856,10:12:45,22.94,82612,36,卖盘
857,10:12:48,22.95,160584,70,买盘
858,10:12:51,22.95,11475,5,买盘
859,10:12:54,22.95,80322,35,买盘
860,10:12:57,22.94,105533,46,卖盘
861,10:13:00,22.95,80306,35,买盘
862,10:13:03,22.94,66532,29,卖盘
863,10:13:06,22.94,234035,102,卖盘
864,10:13:09,22.94,238637,104,卖盘
865,10:13:12,22.95,34419,15,买盘
866,10:13:15,22.94,121593,53,卖盘
867,10:13:18,22.95,80312,35,买盘
868,10:13:21,22.95,199632,87,买盘
869,10:13:24,22.95,252440,110,买盘
870,10:13:27,22.94,91765,40,卖盘
871,10:13:30,22.95,156060,68,买盘
872,10:13:33,22.95,68835,30,买盘
873,10:13:36,22.94,135385,59,卖盘
874,10:13:39,22.95,64255,28,买盘
875,10:13:42,22.95,107830,47,买盘
876,10:13:45,22.94,43593,19,卖盘
877,10:13:48,22.94,412930,180,卖盘
878,10:13:51,22.94,87172,38,买盘
879,10:13:54,22.94,403713,176,买盘
880,10:13:57,22.94,259153,113,买盘
881,10:14:00,22.94,112372,49,买盘
882,10:14:03,22.94,233958,102,买盘
883,10:14:06,22.93,68798,30,卖盘
884,10:14:09,22.93,64211,28,卖盘
885,10:14:12,22.94,41292,18,买盘
886,10:14:18,22.93,543441,237,卖盘
887,10:14:21,22.92,123785,54,卖盘
888,10:14:24,22.94,782115,341,买盘
889,10:14:27,22.94,165174,72,卖盘
890,10:14:30,22.95,250088,109,买盘
891,10:14:33,22.94,142244,62,卖盘
892,10:14:36,22.94,57351,25,卖盘
893,10:14:39,22.95,133086,58,买盘
894,10:14:42,22.94,178962,78,卖盘
895,10:14:45,22.94,27528,12,买盘
896,10:14:48,22.94,105527,46,买盘
897,10:14:51,22.93,59618,26,卖盘
898,10:14:54,22.94,9176,4,买盘
899,10:14:57,22.93,22930,10,卖盘
900,10:15:00,22.95,633315,276,买盘
901,10:15:03,22.94,96348,42,卖盘
902,10:15:06,22.93,50467,22,卖盘
903,10:15:09,22.94,27528,12,买盘
904,10:15:12,22.94,84878,37,卖盘
905,10:15:15,22.95,259335,113,买盘
906,10:15:18,22.94,183559,80,卖盘
907,10:15:21,22.94,144544,63,卖盘
908,10:15:24,22.95,13773,6,卖盘
909,10:15:27,22.95,84915,37,卖盘
910,10:15:30,22.95,82621,36,卖盘
911,10:15:33,22.95,36723,16,卖盘
912,10:15:36,22.96,479808,209,买盘
913,10:15:39,22.96,119373,52,买盘
914,10:15:42,22.96,13776,6,卖盘
915,10:15:45,22.97,144651,63,买盘
916,10:15:48,22.96,149290,65,卖盘
917,10:15:51,22.97,360526,157,买盘
918,10:15:54,22.95,130856,57,卖盘
919,10:15:57,22.96,101024,44,买盘
920,10:16:00,22.96,45922,20,买盘
921,10:16:03,22.97,415751,181,买盘
922,10:16:06,22.97,32160,14,卖盘
923,10:16:09,22.97,110236,48,卖盘
924,10:16:12,22.96,43632,19,卖盘
925,10:16:15,22.97,186110,81,买盘
926,10:16:18,22.98,34463,15,买盘
927,10:16:21,22.97,346847,151,卖盘
928,10:16:24,22.97,565054,246,买盘
929,10:16:27,22.97,390457,170,买盘
930,10:16:30,22.97,445594,194,买盘
931,10:16:33,22.97,186051,81,买盘
932,10:16:36,22.98,1100572,479,买盘
933,10:16:39,22.99,55157,24,买盘
934,10:16:42,22.98,22986,10,卖盘
935,10:16:45,22.98,50556,22,卖盘
936,10:16:48,22.99,216090,94,买盘
937,10:16:51,22.98,462065,201,卖盘
938,10:16:54,22.98,75839,33,卖盘
939,10:16:57,22.98,62059,27,卖盘
940,10:17:00,22.99,540234,235,买盘
941,10:17:03,22.99,264377,115,买盘
942,10:17:06,23.0,52880,23,买盘
943,10:17:09,23.0,340399,148,买盘
944,10:17:12,23.0,420890,183,买盘
945,10:17:15,23.0,294355,128,买盘
946,10:17:18,23.0,114980,50,买盘
947,10:17:21,23.0,209268,91,买盘
948,10:17:24,22.99,372487,162,卖盘
949,10:17:27,23.0,151798,66,买盘
950,10:17:30,22.99,59790,26,卖盘
951,10:17:33,23.0,18400,8,买盘
952,10:17:36,22.99,160952,70,卖盘
953,10:17:39,22.99,570235,248,卖盘
954,10:17:42,22.99,50588,22,卖盘
955,10:17:45,22.99,105757,46,卖盘
956,10:17:48,23.0,158641,69,买盘
957,10:17:51,22.99,262090,114,卖盘
958,10:17:54,23.0,232289,101,买盘
959,10:17:57,22.99,259534,113,卖盘
960,10:18:00,22.99,535925,233,卖盘
961,10:18:03,22.99,59768,26,买盘
962,10:18:06,22.99,36784,16,买盘
963,10:18:09,22.99,112645,49,买盘
964,10:18:12,22.99,137931,60,买盘
965,10:18:15,22.98,105728,46,卖盘
966,10:18:18,22.99,376986,164,买盘
967,10:18:21,22.98,105713,46,卖盘
968,10:18:24,22.99,66657,29,买盘
969,10:18:27,22.99,167774,73,买盘
970,10:18:30,22.98,307937,134,卖盘
971,10:18:33,22.98,64331,28,买盘
972,10:18:36,22.97,16080,7,卖盘
973,10:18:39,22.97,431971,188,卖盘
974,10:18:42,22.96,863315,376,卖盘
975,10:18:45,22.95,80330,35,卖盘
976,10:18:48,22.95,227237,99,卖盘
977,10:18:51,22.95,589818,257,卖盘
978,10:18:54,22.95,197373,86,卖盘
979,10:18:57,22.95,75744,33,卖盘
980,10:19:00,22.95,259363,113,卖盘
981,10:19:03,22.96,238584,104,买盘
982,10:19:06,22.95,94089,41,卖盘
983,10:19:09,22.95,140039,61,买盘
984,10:19:12,22.95,71141,31,卖盘
985,10:19:15,22.94,91785,40,卖盘
986,10:19:18,22.94,34421,15,卖盘
987,10:19:21,22.94,41295,18,卖盘
988,10:19:24,22.95,68831,30,买盘
989,10:19:27,22.94,66544,29,卖盘
990,10:19:30,22.94,84889,37,卖盘
991,10:19:33,22.94,282174,123,卖盘
992,10:19:36,22.94,25229,11,买盘
993,10:19:39,22.93,112361,49,卖盘
994,10:19:42,22.93,112369,49,卖盘
995,10:19:45,22.93,204103,89,卖盘
996,10:19:48,22.93,435702,190,卖盘
997,10:19:51,22.93,45867,20,卖盘
998,10:19:54,22.93,75697,33,卖盘
999,10:19:57,22.93,309558,135,卖盘
1000,10:20:00,22.93,252330,110,卖盘
1001,10:20:03,22.93,213255,93,卖盘
1002,10:20:06,22.93,98633,43,卖盘
1003,10:20:09,22.95,27531,12,买盘
1004,10:20:12,22.94,321160,140,卖盘
1005,10:20:15,22.93,999617,436,卖盘
1006,10:20:18,22.94,80272,35,买盘
1007,10:20:21,22.93,222415,97,卖盘
1008,10:20:24,22.94,194971,85,买盘
1009,10:20:27,22.94,114656,50,买盘
1010,10:20:30,22.92,59617,26,卖盘
1011,10:20:33,22.93,11465,5,买盘
1012,10:20:36,22.92,252180,110,卖盘
1013,10:20:39,22.92,98565,43,中性盘
1014,10:20:42,22.92,80237,35,卖盘
1015,10:20:45,22.92,158108,69,卖盘
1016,10:20:48,22.92,217743,95,卖盘
1017,10:20:51,22.91,199437,87,卖盘
1018,10:20:54,22.92,77925,34,中性盘
1019,10:20:57,22.92,29796,13,卖盘
1020,10:21:00,22.92,139848,61,卖盘
1021,10:21:03,22.93,983432,429,买盘
1022,10:21:06,22.93,1346217,587,买盘
1023,10:21:09,22.95,204107,89,买盘
1024,10:21:12,22.94,272809,119,中性盘
1025,10:21:15,22.94,50460,22,买盘
1026,10:21:18,22.93,59612,26,中性盘
1027,10:21:21,22.92,206320,90,卖盘
1028,10:21:24,22.92,22925,10,卖盘
1029,10:21:27,22.93,55014,24,买盘
1030,10:21:30,22.93,263657,115,买盘
1031,10:21:33,22.92,93984,41,卖盘
1032,10:21:36,22.92,332213,145,买盘
1033,10:21:39,22.92,68743,30,买盘
1034,10:21:42,22.92,105423,46,买盘
1035,10:21:45,22.93,119187,52,买盘
1036,10:21:48,22.91,41254,18,卖盘
1037,10:21:51,22.91,41241,18,卖盘
1038,10:21:54,22.91,148946,65,卖盘
1039,10:21:57,22.91,64154,28,卖盘
1040,10:22:00,22.93,353087,154,买盘
1041,10:22:03,22.93,45833,20,买盘
1042,10:22:06,22.92,93972,41,卖盘
1043,10:22:09,22.92,116891,51,卖盘
1044,10:22:12,22.92,100845,44,买盘
1045,10:22:15,22.92,208616,91,卖盘
1046,10:22:18,22.92,220018,96,买盘
1047,10:22:21,22.92,89388,39,买盘
1048,10:22:24,22.91,653006,285,卖盘
1049,10:22:27,22.91,158111,69,卖盘
1050,10:22:30,22.91,148920,65,卖盘
1051,10:22:33,22.91,73312,32,卖盘
1052,10:22:36,22.91,2291,1,买盘
1053,10:22:39,22.9,235891,103,卖盘
1054,10:22:42,22.9,414531,181,卖盘
1055,10:22:45,22.9,464935,203,卖盘
1056,10:22:48,22.9,96189,42,卖盘
1057,10:22:51,22.9,139709,61,卖盘
1058,10:22:54,22.9,158031,69,卖盘
1059,10:22:57,22.9,116800,51,卖盘
1060,10:23:00,22.91,226737,99,买盘
1061,10:23:03,22.92,1595212,696,买盘
1062,10:23:06,22.94,6882,3,买盘
1063,10:23:09,22.94,222459,97,买盘
1064,10:23:12,22.94,123836,54,卖盘
1065,10:23:15,22.95,73412,32,买盘
1066,10:23:18,22.94,94057,41,中性盘
1067,10:23:21,22.94,185755,81,卖盘
1068,10:23:24,22.93,126116,55,卖盘
1069,10:23:27,22.93,183440,80,卖盘
1070,10:23:30,22.94,84874,37,买盘
1071,10:23:33,22.93,89475,39,卖盘
1072,10:23:36,22.94,25231,11,卖盘
1073,10:23:39,22.93,582622,254,卖盘
1074,10:23:42,22.94,986772,430,中性盘
1075,10:23:45,22.96,57362,25,买盘
1076,10:23:48,22.97,1871117,815,买盘
1077,10:23:51,22.96,559890,244,卖盘
1078,10:23:54,22.97,13782,6,买盘
1079,10:23:57,22.96,16075,7,卖盘
1080,10:24:00,22.97,133220,58,买盘
1081,10:24:03,22.96,18368,8,卖盘
1082,10:24:06,22.97,151552,66,买盘
1083,10:24:09,22.97,25263,11,买盘
1084,10:24:12,22.96,57412,25,中性盘
1085,10:24:15,22.96,34435,15,买盘
1086,10:24:18,22.95,112458,49,卖盘
1087,10:24:21,22.96,98688,43,买盘
1088,10:24:24,22.95,2295,1,卖盘
1089,10:24:27,22.96,73450,32,买盘
1090,10:24:30,22.95,22953,10,卖盘
1091,10:24:33,22.96,43621,19,买盘
1092,10:24:36,22.97,211235,92,买盘
1093,10:24:39,22.96,64263,28,买盘
1094,10:24:42,22.96,61977,27,买盘
1095,10:24:45,22.96,22960,10,买盘
1096,10:24:48,22.96,89535,39,买盘
1097,10:24:51,22.96,29848,13,卖盘
1098,10:24:54,22.96,172167,75,卖盘
1099,10:24:57,22.96,41331,18,卖盘
1100,10:25:00,22.95,284674,124,卖盘
1101,10:25:03,22.96,45920,20,卖盘
1102,10:25:06,22.96,126295,55,买盘
1103,10:25:09,22.95,275443,120,卖盘
1104,10:25:12,22.97,2373140,1034,买盘
1105,10:25:15,22.96,20670,9,卖盘
1106,10:25:18,22.97,110222,48,买盘
1107,10:25:21,22.96,126300,55,卖盘
1108,10:25:24,22.96,160717,70,卖盘
1109,10:25:27,22.98,429549,187,买盘
1110,10:25:30,22.96,144665,63,卖盘
1111,10:25:33,22.98,6894,3,买盘
1112,10:25:36,22.97,48236,21,卖盘
1113,10:25:39,22.95,101041,44,卖盘
1114,10:25:42,22.96,140104,61,卖盘
1115,10:25:45,22.97,59718,26,买盘
1116,10:25:48,22.97,202064,88,买盘
1117,10:25:51,22.96,55121,24,卖盘
1118,10:25:54,22.97,64316,28,买盘
1119,10:25:57,22.98,163112,71,买盘
1120,10:26:00,22.98,71221,31,买盘
1121,10:26:03,22.98,59725,26,买盘
1122,10:26:06,22.98,105695,46,买盘
1123,10:26:09,22.97,45940,20,卖盘
1124,10:26:12,23.01,8192035,3562,买盘
1125,10:26:15,23.02,105855,46,买盘
1126,10:26:18,23.02,174882,76,买盘
1127,10:26:21,23.02,82838,36,买盘
1128,10:26:24,23.02,218688,95,买盘
1129,10:26:27,23.02,686169,298,买盘
1130,10:26:30,23.02,181809,79,卖盘
1131,10:26:33,23.01,124288,54,卖盘
1132,10:26:36,23.03,39148,17,买盘
1133,10:26:39,23.01,87478,38,卖盘
1134,10:26:42,23.02,80584,35,买盘
1135,10:26:45,23.01,101244,44,卖盘
1136,10:26:48,23.02,184144,80,买盘
1137,10:26:51,23.02,94382,41,买盘
1138,10:26:54,23.02,55248,24,卖盘
1139,10:26:57,23.03,96685,42,买盘
1140,10:27:00,23.02,165762,72,卖盘
1141,10:27:03,23.02,71391,31,卖盘
1142,10:27:06,23.02,98987,43,卖盘
1143,10:27:09,23.02,508571,221,买盘
1144,10:27:12,23.02,78292,34,卖盘
1145,10:27:15,23.02,182159,79,卖盘
1146,10:27:18,23.01,448772,195,卖盘
1147,10:27:21,23.01,80552,35,卖盘
1148,10:27:24,23.02,34519,15,买盘
1149,10:27:27,23.01,66738,29,卖盘
1150,10:27:30,23.01,69014,30,卖盘
1151,10:27:33,23.01,20709,9,买盘
1152,10:27:36,23.01,43719,19,买盘
1153,10:27:39,23.0,18400,8,卖盘
1154,10:27:42,23.01,351921,153,买盘
1155,10:27:45,23.0,423297,184,卖盘
1156,10:27:48,23.0,64414,28,卖盘
1157,10:27:51,23.0,89705,39,卖盘
1158,10:27:54,23.0,193200,84,卖盘
1159,10:27:57,23.01,131107,57,买盘
1160,10:28:00,23.02,561458,244,买盘
1161,10:28:03,23.03,642263,279,买盘
1162,10:28:06,23.02,541163,235,卖盘
1163,10:28:09,23.03,59875,26,中性盘
1164,10:28:12,23.03,262544,114,卖盘
1165,10:28:15,23.04,59888,26,买盘
1166,10:28:18,23.03,112848,49,卖盘
1167,10:28:21,23.03,69067,30,买盘
1168,10:28:24,23.03,9211,4,买盘
1169,10:28:27,23.03,39151,17,买盘
1170,10:28:30,23.03,52969,23,买盘
1171,10:28:33,23.04,55272,24,买盘
1172,10:28:36,23.03,25332,11,卖盘
1173,10:28:39,23.03,20725,9,中性盘
1174,10:28:42,23.04,99023,43,买盘
1175,10:28:45,23.03,16121,7,卖盘
1176,10:28:48,23.03,48366,21,卖盘
1177,10:28:51,23.03,181918,79,卖盘
1178,10:28:54,23.03,55266,24,买盘
1179,10:28:57,23.01,243958,106,卖盘
1180,10:29:00,23.01,135759,59,买盘
1181,10:29:03,23.01,450977,196,买盘
1182,10:29:06,23.02,43726,19,中性盘
1183,10:29:09,23.01,154286,67,卖盘
1184,10:29:12,23.02,52946,23,买盘
1185,10:29:15,23.01,43731,19,卖盘
1186,10:29:18,23.02,103599,45,买盘
1187,10:29:21,23.02,98986,43,卖盘
1188,10:29:24,23.02,16111,7,买盘
1189,10:29:27,23.02,25316,11,买盘
1190,10:29:30,23.01,361272,157,卖盘
1191,10:29:33,23.01,48334,21,卖盘
1192,10:29:36,23.0,393604,171,卖盘
1193,10:29:39,23.0,188641,82,卖盘
1194,10:29:42,23.01,55239,24,买盘
1195,10:29:45,23.01,306058,133,卖盘
1196,10:29:48,23.02,395852,172,中性盘
1197,10:29:51,23.02,170395,74,卖盘
1198,10:29:54,23.02,50647,22,卖盘
1199,10:29:57,23.01,234729,102,卖盘
1200,10:30:00,23.03,103608,45,买盘
1201,10:30:03,23.01,11505,5,卖盘
1202,10:30:06,23.01,6903,3,卖盘
1203,10:30:09,23.02,405233,176,买盘
1204,10:30:12,23.03,52949,23,买盘
1205,10:30:15,23.03,156583,68,买盘
1206,10:30:18,23.02,82872,36,卖盘
1207,10:30:21,23.03,221080,96,买盘
1208,10:30:24,23.03,285572,124,买盘
1209,10:30:27,23.04,852513,370,买盘
1210,10:30:30,23.05,550853,239,买盘
1211,10:30:33,23.05,237396,103,买盘
1212,10:30:36,23.05,373404,162,卖盘
1213,10:30:39,23.05,304306,132,买盘
1214,10:30:42,23.05,92206,40,卖盘
1215,10:30:45,23.05,131401,57,卖盘
1216,10:30:48,23.06,311271,135,买盘
1217,10:30:51,23.05,212109,92,卖盘
1218,10:30:54,23.06,96852,42,中性盘
1219,10:30:57,23.06,228288,99,买盘
1220,10:31:00,23.06,89960,39,卖盘
1221,10:31:03,23.06,69179,30,买盘
1222,10:31:06,23.06,133747,58,买盘
1223,10:31:09,23.06,119912,52,买盘
1224,10:31:12,23.06,299747,130,中性盘
1225,10:31:15,23.06,103770,45,买盘
1226,10:31:18,23.05,603951,262,卖盘
1227,10:31:21,23.04,163670,71,卖盘
1228,10:31:24,23.04,18432,8,卖盘
1229,10:31:27,23.05,163649,71,买盘
1230,10:31:30,23.05,193620,84,卖盘
1231,10:31:33,23.04,95008,41,卖盘
1232,10:31:36,23.05,73758,32,中性盘
1233,10:31:39,23.05,318141,138,买盘
1234,10:31:42,23.05,66857,29,卖盘
1235,10:31:45,23.05,403445,175,卖盘
1236,10:31:48,23.05,32280,14,卖盘
1237,10:31:51,23.05,223618,97,卖盘
1238,10:31:54,23.04,55310,24,卖盘
1239,10:31:57,23.04,71436,31,卖盘
1240,10:32:00,23.05,165392,72,买盘
1241,10:32:03,23.04,145153,63,卖盘
1242,10:32:06,23.04,105981,46,买盘
1243,10:32:09,23.05,158983,69,买盘
1244,10:32:12,23.04,43776,19,买盘
1245,10:32:15,23.04,301871,131,卖盘
1246,10:32:18,23.04,135936,59,买盘
1247,10:32:21,23.05,29961,13,买盘
1248,10:32:24,23.04,92179,40,卖盘
1249,10:32:27,23.05,244298,106,买盘
1250,10:32:30,23.04,69122,30,卖盘
1251,10:32:33,23.04,92186,40,卖盘
1252,10:32:36,23.04,39168,17,卖盘
1253,10:32:39,23.04,133660,58,卖盘
1254,10:32:42,23.04,85248,37,卖盘
1255,10:32:45,23.04,85250,37,买盘
1256,10:32:48,23.03,36862,16,卖盘
1257,10:32:51,23.04,27648,12,买盘
1258,10:32:57,23.04,39153,17,买盘
1259,10:33:00,23.03,48372,21,卖盘
1260,10:33:03,23.04,152034,66,买盘
1261,10:33:06,23.04,939782,408,买盘
1262,10:33:09,23.05,414840,180,买盘
1263,10:33:12,23.05,177400,77,买盘
1264,10:33:15,23.05,845905,367,买盘
1265,10:33:18,23.04,78340,34,卖盘
1266,10:33:21,23.03,246503,107,卖盘
1267,10:33:24,23.03,301884,131,卖盘
1268,10:33:27,23.03,99058,43,卖盘
1269,10:33:30,23.03,87540,38,卖盘
1270,10:33:33,23.03,16125,7,卖盘
1271,10:33:36,23.04,4608,2,买盘
1272,10:33:39,23.03,122059,53,卖盘
1273,10:33:42,23.02,16115,7,卖盘
1274,10:33:45,23.02,175010,76,卖盘
1275,10:33:48,23.03,20727,9,买盘
1276,10:33:51,23.04,76014,33,买盘
1277,10:33:54,23.02,237119,103,卖盘
1278,10:33:57,23.02,41436,18,买盘
1279,10:34:00,23.03,220993,96,买盘
1280,10:34:03,23.03,138169,60,买盘
1281,10:34:06,23.02,39159,17,卖盘
1282,10:34:09,23.03,108269,47,中性盘
1283,10:34:12,23.01,239410,104,卖盘
1284,10:34:15,23.03,4606,2,买盘
1285,10:34:18,23.02,179584,78,卖盘
1286,10:34:21,23.02,13812,6,卖盘
1287,10:34:24,23.02,9208,4,卖盘
1288,10:34:27,23.02,250918,109,卖盘
1289,10:34:30,23.02,39134,17,卖盘
1290,10:34:33,23.02,80570,35,买盘
1291,10:34:36,23.02,25315,11,买盘
1292,10:34:39,23.02,16112,7,买盘
1293,10:34:42,23.02,4604,2,买盘
1294,10:34:45,23.01,108169,47,卖盘
1295,10:34:48,23.02,36820,16,买盘
1296,10:34:51,23.02,98964,43,买盘
1297,10:34:54,23.02,80555,35,买盘
1298,10:34:57,23.01,96646,42,卖盘
1299,10:35:00,23.02,46025,20,买盘
1300,10:35:03,23.01,94357,41,卖盘
1301,10:35:06,23.01,23010,10,卖盘
1302,10:35:09,23.0,133445,58,卖盘
1303,10:35:12,23.01,179429,78,买盘
1304,10:35:15,23.0,41412,18,卖盘
1305,10:35:18,23.01,50614,22,买盘
1306,10:35:21,23.01,25311,11,买盘
1307,10:35:24,23.0,16100,7,卖盘
1308,10:35:27,23.0,85111,37,卖盘
1309,10:35:30,23.0,273731,119,卖盘
1310,10:35:33,23.0,174835,76,卖盘
1311,10:35:36,23.01,234702,102,买盘
1312,10:35:39,23.01,126591,55,卖盘
1313,10:35:42,23.01,220839,96,卖盘
1314,10:35:45,23.01,170264,74,买盘
1315,10:35:48,23.0,62126,27,卖盘
1316,10:35:51,23.0,101200,44,卖盘
1317,10:35:54,23.01,92034,40,买盘
1318,10:35:57,23.01,27612,12,买盘
1319,10:36:00,23.0,163304,71,卖盘
1320,10:36:03,23.0,57504,25,卖盘
1321,10:36:06,23.01,239300,104,买盘
1322,10:36:09,23.01,464751,202,买盘
1323,10:36:12,23.01,154145,67,买盘
1324,10:36:15,23.0,36814,16,卖盘
1325,10:36:18,23.01,322063,140,买盘
1326,10:36:21,23.01,18408,8,卖盘
1327,10:36:24,23.02,119694,52,买盘
1328,10:36:27,23.03,1164901,506,买盘
1329,10:36:30,23.04,396263,172,买盘
1330,10:36:33,23.03,57599,25,卖盘
1331,10:36:36,23.02,614806,267,卖盘
1332,10:36:39,23.02,71362,31,中性盘
1333,10:36:42,23.02,29928,13,卖盘
1334,10:36:45,23.03,27636,12,中性盘
1335,10:36:48,23.02,92080,40,卖盘
1336,10:36:51,23.01,13806,6,卖盘
1337,10:36:54,23.02,20716,9,买盘
1338,10:36:57,23.02,64454,28,买盘
1339,10:37:00,23.02,2302,1,买盘
1340,10:37:03,23.01,984589,428,卖盘
1341,10:37:06,22.99,25303,11,卖盘
1342,10:37:09,23.0,36809,16,中性盘
1343,10:37:12,22.99,52877,23,卖盘
1344,10:37:15,22.99,418311,182,卖盘
1345,10:37:18,22.98,188532,82,卖盘
1346,10:37:21,22.98,4597,2,卖盘
1347,10:37:24,22.99,287358,125,买盘
1348,10:37:27,22.98,135592,59,卖盘
1349,10:37:30,22.98,96479,42,买盘
1350,10:37:33,22.98,303267,132,买盘
1351,10:37:36,22.97,71216,31,卖盘
1352,10:37:39,22.97,163091,71,卖盘
1353,10:37:42,22.97,96486,42,卖盘
1354,10:37:45,22.97,277937,121,卖盘
1355,10:37:48,22.97,18376,8,买盘
1356,10:37:51,22.97,140104,61,买盘
1357,10:37:54,22.97,349095,152,买盘
1358,10:37:57,22.95,757674,330,卖盘
1359,10:38:00,22.97,151540,66,买盘
1360,10:38:03,22.95,218078,95,卖盘
1361,10:38:06,22.96,18365,8,买盘
1362,10:38:09,22.94,103279,45,卖盘
1363,10:38:12,22.95,121636,53,卖盘
1364,10:38:15,22.95,390150,170,买盘
1365,10:38:18,22.97,1591620,693,买盘
1366,10:38:21,22.98,427398,186,中性盘
1367,10:38:24,22.97,195290,85,卖盘
1368,10:38:27,22.98,36768,16,卖盘
1369,10:38:30,22.97,105679,46,卖盘
1370,10:38:33,22.98,32160,14,买盘
1371,10:38:36,22.97,57448,25,卖盘
1372,10:38:39,22.98,27569,12,买盘
1373,10:38:42,22.98,71238,31,买盘
1374,10:38:45,22.98,43662,19,卖盘
1375,10:38:48,22.98,85007,37,买盘
1376,10:38:51,22.98,160841,70,买盘
1377,10:38:54,22.98,167722,73,买盘
1378,10:38:57,22.98,153962,67,买盘
1379,10:39:00,22.97,107960,47,卖盘
1380,10:39:03,22.98,87322,38,买盘
1381,10:39:06,22.97,41346,18,卖盘
1382,10:39:09,22.97,124076,54,卖盘
1383,10:39:12,22.98,25268,11,买盘
1384,10:39:15,22.98,114869,50,买盘
1385,10:39:18,22.98,45954,20,买盘
1386,10:39:21,22.98,66611,29,买盘
1387,10:39:24,22.97,66628,29,卖盘
1388,10:39:27,22.98,128668,56,买盘
1389,10:39:30,22.98,29871,13,买盘
1390,10:39:33,22.98,126354,55,买盘
1391,10:39:36,22.99,464069,202,买盘
1392,10:39:39,22.97,284988,124,卖盘
1393,10:39:42,22.98,78153,34,中性盘
1394,10:39:45,22.99,82740,36,买盘
1395,10:39:48,22.98,39078,17,卖盘
1396,10:39:51,22.99,140185,61,买盘
1397,10:39:54,22.99,202336,88,买盘
1398,10:39:57,22.98,287359,125,卖盘
1399,10:40:00,22.97,32159,14,卖盘
1400,10:40:03,22.97,68922,30,卖盘
1401,10:40:06,22.97,179192,78,卖盘
1402,10:40:09,22.97,165404,72,卖盘
1403,10:40:12,22.98,137869,60,买盘
1404,10:40:15,22.97,114847,50,卖盘
1405,10:40:18,22.97,183757,80,卖盘
1406,10:40:21,22.97,20673,9,卖盘
1407,10:40:24,22.97,206760,90,卖盘
1408,10:40:27,22.97,257264,112,卖盘
1409,10:40:30,22.98,236599,103,买盘
1410,10:40:33,22.97,59739,26,卖盘
1411,10:40:36,22.98,62031,27,买盘
1412,10:40:39,22.98,186097,81,买盘
1413,10:40:42,22.98,32163,14,买盘
1414,10:40:45,22.97,222840,97,卖盘
1415,10:40:48,22.97,34455,15,买盘
1416,10:40:51,22.96,105616,46,卖盘
1417,10:40:54,22.97,119403,52,买盘
1418,10:40:57,22.96,41343,18,卖盘
1419,10:41:00,22.97,61993,27,买盘
1420,10:41:03,22.96,59700,26,卖盘
1421,10:41:06,22.97,29850,13,买盘
1422,10:41:09,22.96,68907,30,卖盘
1423,10:41:12,22.96,36736,16,卖盘
1424,10:41:15,22.96,48216,21,卖盘
1425,10:41:18,22.97,390526,170,买盘
1426,10:41:21,22.98,395261,172,卖盘
1427,10:41:24,22.98,22980,10,卖盘
1428,10:41:27,22.98,137905,60,卖盘
1429,10:41:30,22.98,22980,10,卖盘
1430,10:41:33,22.98,18384,8,卖盘
1431,10:41:36,22.98,204527,89,卖盘
1432,10:41:39,22.99,117224,51,买盘
1433,10:41:42,23.01,636980,277,买盘
1434,10:41:45,23.0,276095,120,卖盘
1435,10:41:48,23.0,66700,29,卖盘
1436,10:41:51,23.02,1053954,458,买盘
1437,10:41:54,23.02,135790,59,卖盘
1438,10:41:57,23.03,20727,9,买盘
1439,10:42:00,23.02,635377,276,卖盘
1440,10:42:03,23.02,1474863,641,卖盘
1441,10:42:06,23.02,170408,74,卖盘
1442,10:42:09,23.02,234877,102,卖盘
1443,10:42:12,23.01,13806,6,卖盘
1444,10:42:15,23.02,172570,75,买盘
1445,10:42:18,23.01,154152,67,买盘
1446,10:42:21,23.0,296799,129,卖盘
1447,10:42:24,23.0,1598981,696,卖盘
1448,10:42:27,23.02,188701,82,买盘
1449,10:42:30,23.01,209555,91,卖盘
1450,10:42:33,23.02,103590,45,卖盘
1451,10:42:36,23.02,232479,101,买盘
1452,10:42:39,23.02,432787,188,卖盘
1453,10:42:42,23.03,23030,10,中性盘
1454,10:42:45,23.02,472072,205,卖盘
1455,10:42:48,23.04,92137,40,买盘
1456,10:42:51,23.03,105896,46,卖盘
1457,10:42:54,23.03,11515,5,卖盘
1458,10:42:57,23.04,46070,20,买盘
1459,10:43:00,23.03,228034,99,卖盘
1460,10:43:03,23.02,115115,50,卖盘
1461,10:43:06,23.02,55249,24,卖盘
1462,10:43:09,23.02,257824,112,卖盘
1463,10:43:12,23.02,637901,277,买盘
1464,10:43:15,23.02,135825,59,卖盘
1465,10:43:18,23.02,276256,120,卖盘
1466,10:43:21,23.02,532002,231,卖盘
1467,10:43:24,23.03,46058,20,卖盘
1468,10:43:27,23.03,80614,35,卖盘
1469,10:43:30,23.03,550574,239,买盘
1470,10:43:33,23.03,117478,51,卖盘
1471,10:43:36,23.04,262582,114,买盘
1472,10:43:39,23.03,62182,27,卖盘
1473,10:43:42,23.03,52977,23,卖盘
1474,10:43:45,23.03,287896,125,卖盘
1475,10:43:48,23.02,145070,63,卖盘
1476,10:43:51,23.02,85223,37,卖盘
1477,10:43:54,23.02,110496,48,卖盘
1478,10:43:57,23.03,154301,67,买盘
1479,10:44:00,23.05,324796,141,买盘
1480,10:44:03,23.03,175028,76,卖盘
1481,10:44:06,23.03,82908,36,买盘
1482,10:44:09,23.03,158908,69,卖盘
1483,10:44:12,23.02,285475,124,卖盘
1484,10:44:15,23.01,234797,102,卖盘
1485,10:44:18,23.03,156479,68,买盘
1486,10:44:21,23.0,133459,58,卖盘
1487,10:44:24,23.0,69035,30,卖盘
1488,10:44:27,23.01,85137,37,中性盘
1489,10:44:30,23.01,89739,39,卖盘
1490,10:44:33,23.01,119656,52,卖盘
1491,10:44:36,23.01,255465,111,卖盘
1492,10:44:39,23.02,34523,15,买盘
1493,10:44:42,23.01,214010,93,买盘
1494,10:44:45,23.01,117384,51,卖盘
1495,10:44:48,23.02,103549,45,买盘
1496,10:44:51,23.01,112749,49,卖盘
1497,10:44:54,23.02,32224,14,买盘
1498,10:44:57,23.02,59852,26,买盘
1499,10:45:00,23.04,317698,138,买盘
1500,10:45:03,23.03,52969,23,卖盘
1501,10:45:06,23.03,59878,26,卖盘
1502,10:45:09,23.04,377853,164,买盘
1503,10:45:12,23.05,223467,97,买盘
1504,10:45:15,23.05,78361,34,买盘
1505,10:45:18,23.05,177474,77,买盘
1506,10:45:21,23.05,230457,100,买盘
1507,10:45:24,23.05,55317,24,买盘
1508,10:45:27,23.05,124419,54,买盘
1509,10:45:30,23.04,32259,14,卖盘
1510,10:45:33,23.04,149798,65,卖盘
1511,10:45:36,23.05,25346,11,买盘
1512,10:45:39,23.04,85258,37,卖盘
1513,10:45:42,23.04,163584,71,卖盘
1514,10:45:45,23.03,115157,50,卖盘
1515,10:45:48,23.04,115200,50,买盘
1516,10:45:51,23.04,66816,29,买盘
1517,10:45:54,23.03,25337,11,卖盘
1518,10:45:57,23.04,66790,29,买盘
1519,10:46:00,23.04,13821,6,买盘
1520,10:46:03,23.04,112886,49,买盘
1521,10:46:06,23.03,149727,65,卖盘
1522,10:46:09,23.03,313331,136,卖盘
1523,10:46:12,23.04,232662,101,买盘
1524,10:46:15,23.03,6909,3,卖盘
1525,10:46:18,23.04,36858,16,买盘
1526,10:46:21,23.04,103680,45,买盘
1527,10:46:24,23.03,62188,27,卖盘
1528,10:46:27,23.04,39153,17,买盘
1529,10:46:30,23.04,71404,31,买盘
1530,10:46:33,23.04,20736,9,买盘
1531,10:46:36,23.04,50688,22,买盘
1532,10:46:39,23.04,36863,16,买盘
1533,10:46:42,23.03,27646,12,卖盘
1534,10:46:45,23.03,34557,15,卖盘
1535,10:46:48,23.03,117467,51,卖盘
1536,10:46:51,23.04,76002,33,买盘
1537,10:46:54,23.03,108241,47,卖盘
1538,10:46:57,23.02,223356,97,卖盘
1539,10:47:00,23.03,103651,45,买盘
1540,10:47:03,23.02,154252,67,卖盘
1541,10:47:06,23.02,16114,7,卖盘
1542,10:47:09,23.02,64446,28,卖盘
1543,10:47:12,23.01,55235,24,卖盘
1544,10:47:15,23.0,299153,130,卖盘
1545,10:47:18,23.02,112795,49,买盘
1546,10:47:21,23.02,161194,70,卖盘
1547,10:47:24,23.02,46040,20,卖盘
1548,10:47:27,23.01,200251,87,卖盘
1549,10:47:30,23.01,87445,38,买盘
1550,10:47:33,23.0,211618,92,卖盘
1551,10:47:36,23.0,184010,80,卖盘
1552,10:47:39,23.01,255367,111,买盘
1553,10:47:42,23.0,4600,2,卖盘
1554,10:47:45,23.0,397929,173,卖盘
1555,10:47:48,23.01,248507,108,买盘
1556,10:47:51,23.01,283036,123,卖盘
1557,10:47:54,23.01,4602,2,卖盘
1558,10:47:57,23.01,25311,11,卖盘
1559,10:48:00,23.02,140355,61,买盘
1560,10:48:03,23.03,110508,48,买盘
1561,10:48:06,23.05,1172869,509,买盘
1562,10:48:09,23.05,246734,107,卖盘
1563,10:48:12,23.05,138300,60,卖盘
1564,10:48:15,23.04,135936,59,卖盘
1565,10:48:18,23.05,156738,68,买盘
1566,10:48:21,23.06,27661,12,买盘
1567,10:48:24,23.05,396364,172,卖盘
1568,10:48:30,23.04,200497,87,卖盘
1569,10:48:33,23.04,16131,7,卖盘
1570,10:48:36,23.04,73728,32,卖盘
1571,10:48:39,23.03,29939,13,卖盘
1572,10:48:42,23.03,66798,29,卖盘
1573,10:48:45,23.04,221153,96,买盘
1574,10:48:51,23.04,119782,52,买盘
1575,10:48:54,23.03,11515,5,卖盘
1576,10:48:57,23.03,11515,5,买盘
1577,10:49:00,23.04,62182,27,买盘
1578,10:49:03,23.03,55272,24,卖盘
1579,10:49:06,23.03,36848,16,卖盘
1580,10:49:09,23.03,80589,35,买盘
1581,10:49:12,23.03,6909,3,买盘
1582,10:49:15,23.02,29936,13,卖盘
1583,10:49:18,23.02,128912,56,卖盘
1584,10:49:21,23.02,110484,48,卖盘
1585,10:49:24,23.01,48321,21,卖盘
1586,10:49:27,23.0,142639,62,卖盘
1587,10:49:30,23.01,75933,33,卖盘
1588,10:49:33,23.01,73613,32,买盘
1589,10:49:36,23.01,165675,72,卖盘
1590,10:49:39,23.01,250869,109,卖盘
1591,10:49:42,23.02,163442,71,买盘
1592,10:49:45,23.02,108231,47,卖盘
1593,10:49:48,23.02,108209,47,卖盘
1594,10:49:51,23.02,248668,108,卖盘
1595,10:49:54,23.02,57560,25,卖盘
1596,10:49:57,23.02,131214,57,卖盘
1597,10:50:00,23.01,48321,21,卖盘
1598,10:50:03,23.02,405117,176,买盘
1599,10:50:06,23.02,211814,92,卖盘
1600,10:50:09,23.02,9208,4,买盘
1601,10:50:12,23.02,142724,62,买盘
1602,10:50:15,23.03,350045,152,买盘
1603,10:50:18,23.04,541299,235,买盘
1604,10:50:21,23.02,368461,160,卖盘
1605,10:50:24,23.03,13818,6,卖盘
1606,10:50:27,23.03,149752,65,卖盘
1607,10:50:30,23.03,48364,21,卖盘
1608,10:50:33,23.03,168148,73,卖盘
1609,10:50:36,23.03,36848,16,卖盘
1610,10:50:39,23.03,96742,42,卖盘
1611,10:50:42,23.03,108244,47,卖盘
1612,10:50:45,23.03,55276,24,卖盘
1613,10:50:48,23.03,59878,26,卖盘
1614,10:50:51,23.02,4604,2,卖盘
1615,10:50:54,23.03,59883,26,买盘
1616,10:50:57,23.03,66787,29,卖盘
1617,10:51:00,23.03,32246,14,卖盘
1618,10:51:03,23.03,89827,39,卖盘
1619,10:51:06,23.04,66791,29,买盘
1620,10:51:09,23.03,663223,288,卖盘
1621,10:51:12,23.04,4607,2,买盘
1622,10:51:15,23.05,612864,266,买盘
1623,10:51:18,23.04,384809,167,卖盘
1624,10:51:21,23.04,175176,76,卖盘
1625,10:51:24,23.04,145170,63,卖盘
1626,10:51:27,23.05,29962,13,买盘
1627,10:51:30,23.04,89880,39,卖盘
1628,10:51:33,23.05,64540,28,买盘
1629,10:51:36,23.04,48391,21,卖盘
1630,10:51:39,23.05,43792,19,买盘
1631,10:51:42,23.05,57605,25,买盘
1632,10:51:45,23.05,36878,16,买盘
1633,10:51:48,23.04,36877,16,卖盘
1634,10:51:51,23.05,27658,12,买盘
1635,10:51:54,23.05,46100,20,买盘
1636,10:51:57,23.05,87577,38,买盘
1637,10:52:00,23.05,108321,47,买盘
1638,10:52:03,23.04,18432,8,卖盘
1639,10:52:06,23.04,135976,59,卖盘
1640,10:52:09,23.04,209723,91,卖盘
1641,10:52:12,23.05,225890,98,买盘
1642,10:52:15,23.05,145247,63,卖盘
1643,10:52:18,23.05,251259,109,卖盘
1644,10:52:21,23.05,18440,8,卖盘
1645,10:52:24,23.05,39192,17,卖盘
1646,10:52:27,23.05,2305,1,卖盘
1647,10:52:30,23.05,306565,133,卖盘
1648,10:52:33,23.05,163620,71,买盘
1649,10:52:36,23.06,145234,63,买盘
1650,10:52:39,23.05,327257,142,中性盘
1651,10:52:42,23.05,278961,121,卖盘
1652,10:52:45,23.05,9220,4,卖盘
1653,10:52:48,23.05,82980,36,卖盘
1654,10:52:51,23.05,142910,62,卖盘
1655,10:52:54,23.05,23045,10,卖盘
1656,10:52:57,23.04,149841,65,卖盘
1657,10:53:00,23.06,200537,87,买盘
1658,10:53:03,23.05,122195,53,卖盘
1659,10:53:06,23.07,818649,355,买盘
1660,10:53:09,23.07,189164,82,买盘
1661,10:53:12,23.07,375970,163,买盘
1662,10:53:15,23.07,69210,30,卖盘
1663,10:53:18,23.07,138464,60,卖盘
1664,10:53:21,23.07,41526,18,卖盘
1665,10:53:24,23.07,13842,6,卖盘
1666,10:53:27,23.08,214572,93,买盘
1667,10:53:30,23.08,78467,34,买盘
1668,10:53:33,23.07,43850,19,中性盘
1669,10:53:36,23.07,76129,33,卖盘
1670,10:53:39,23.07,207561,90,买盘
1671,10:53:42,23.05,124528,54,卖盘
1672,10:53:45,23.07,69192,30,买盘
1673,10:53:48,23.05,163723,71,卖盘
1674,10:53:51,23.05,6915,3,卖盘
1675,10:53:54,23.05,41490,18,卖盘
1676,10:53:57,23.06,124524,54,买盘
1677,10:54:00,23.07,138362,60,买盘
1678,10:54:03,23.06,191441,83,卖盘
1679,10:54:06,23.08,184511,80,买盘
1680,10:54:09,23.06,41515,18,卖盘
1681,10:54:12,23.06,136133,59,卖盘
1682,10:54:15,23.07,161516,70,卖盘
1683,10:54:18,23.06,126860,55,卖盘
1684,10:54:21,23.06,94550,41,卖盘
1685,10:54:24,23.06,108377,47,卖盘
1686,10:54:27,23.06,11533,5,卖盘
1687,10:54:30,23.07,89973,39,买盘
1688,10:54:33,23.06,53048,23,卖盘
1689,10:54:36,23.06,46121,20,卖盘
1690,10:54:39,23.05,78389,34,卖盘
1691,10:54:42,23.06,2306,1,买盘
1692,10:54:45,23.05,57641,25,卖盘
1693,10:54:48,23.06,48426,21,买盘
1694,10:54:51,23.05,145222,63,卖盘
1695,10:54:54,23.06,142924,62,买盘
1696,10:54:57,23.06,110645,48,买盘
1697,10:55:00,23.06,71457,31,买盘
1698,10:55:03,23.05,101448,44,卖盘
1699,10:55:06,23.05,147538,64,卖盘
1700,10:55:09,23.05,202853,88,卖盘
1701,10:55:12,23.05,25355,11,买盘
1702,10:55:15,23.04,357125,155,卖盘
1703,10:55:18,23.04,264907,115,买盘
1704,10:55:21,23.04,209614,91,买盘
1705,10:55:24,23.03,119790,52,卖盘
1706,10:55:27,23.04,57600,25,卖盘
1707,10:55:30,23.05,472561,205,买盘
1708,10:55:33,23.05,126775,55,卖盘
1709,10:55:39,23.05,193672,84,卖盘
1710,10:55:45,23.05,182100,79,卖盘
1711,10:55:51,23.05,27660,12,卖盘
1712,10:55:54,23.05,62237,27,卖盘
1713,10:55:57,23.05,66846,29,卖盘
1714,10:56:00,23.05,170600,74,卖盘
1715,10:56:03,23.06,122180,53,买盘
1716,10:56:06,23.06,69180,30,买盘
1717,10:56:09,23.05,110640,48,卖盘
1718,10:56:12,23.05,16135,7,卖盘
1719,10:56:15,23.05,57637,25,卖盘
1720,10:56:18,23.05,46114,20,卖盘
1721,10:56:21,23.05,39185,17,卖盘
1722,10:56:24,23.05,32270,14,卖盘
1723,10:56:27,23.05,59948,26,卖盘
1724,10:56:30,23.07,2105517,913,买盘
1725,10:56:33,23.07,549215,238,卖盘
1726,10:56:36,23.07,55368,24,卖盘
1727,10:56:39,23.08,336889,146,买盘
1728,10:56:42,23.07,76151,33,卖盘
1729,10:56:45,23.06,442689,192,卖盘
1730,10:56:48,23.07,32298,14,买盘
1731,10:56:51,23.07,170669,74,买盘
1732,10:56:54,23.07,101504,44,买盘
1733,10:56:57,23.06,34591,15,卖盘
1734,10:57:00,23.07,64592,28,买盘
1735,10:57:03,23.06,11530,5,卖盘
1736,10:57:06,23.06,136058,59,卖盘
1737,10:57:09,23.06,85341,37,卖盘
1738,10:57:12,23.06,108359,47,卖盘
1739,10:57:15,23.05,9221,4,卖盘
1740,10:57:18,23.05,99122,43,卖盘
1741,10:57:21,23.05,39195,17,卖盘
1742,10:57:24,23.04,267181,116,卖盘
1743,10:57:27,23.06,117551,51,买盘
1744,10:57:30,23.05,18437,8,买盘
1745,10:57:33,23.05,41490,18,买盘
1746,10:57:36,23.05,69143,30,买盘
1747,10:57:39,23.04,32258,14,卖盘
1748,10:57:42,23.05,13828,6,买盘
1749,10:57:45,23.05,57607,25,买盘
1750,10:57:48,23.05,64540,28,买盘
1751,10:57:51,23.04,145208,63,卖盘
1752,10:57:54,23.04,138240,60,卖盘
1753,10:57:57,23.04,154392,67,卖盘
1754,10:58:00,23.03,172801,75,卖盘
1755,10:58:03,23.04,131330,57,买盘
1756,10:58:06,23.05,32270,14,买盘
1757,10:58:09,23.03,52970,23,卖盘
1758,10:58:12,23.05,11522,5,买盘
1759,10:58:15,23.04,25344,11,中性盘
1760,10:58:18,23.04,25344,11,卖盘
1761,10:58:21,23.04,11520,5,卖盘
1762,10:58:24,23.04,2304,1,卖盘
1763,10:58:27,23.04,18432,8,卖盘
1764,10:58:30,23.04,29952,13,卖盘
1765,10:58:33,23.04,41472,18,卖盘
1766,10:58:36,23.04,96773,42,卖盘
1767,10:58:39,23.04,46080,20,卖盘
1768,10:58:42,23.04,62212,27,卖盘
1769,10:58:45,23.04,112896,49,卖盘
1770,10:58:48,23.04,122075,53,买盘
1771,10:58:51,23.03,4606,2,卖盘
1772,10:58:54,23.03,27636,12,卖盘
1773,10:58:57,23.03,658613,286,卖盘
1774,10:59:00,23.03,315455,137,买盘
1775,10:59:06,23.03,145037,63,买盘
1776,10:59:09,23.03,41449,18,买盘
1777,10:59:12,23.02,543310,236,卖盘
1778,10:59:15,23.02,145036,63,卖盘
1779,10:59:18,23.02,354558,154,卖盘
1780,10:59:21,23.03,27636,12,中性盘
1781,10:59:24,23.03,59880,26,卖盘
1782,10:59:27,23.03,117483,51,买盘
1783,10:59:30,23.02,122047,53,卖盘
1784,10:59:33,23.03,18425,8,中性盘
1785,10:59:36,23.03,170389,74,买盘
1786,10:59:39,23.03,11513,5,买盘
1787,10:59:42,23.02,32232,14,卖盘
1788,10:59:45,23.03,133563,58,买盘
1789,10:59:48,23.02,23020,10,卖盘
1790,10:59:51,23.03,20726,9,买盘
1791,10:59:54,23.02,9208,4,卖盘
1792,10:59:57,23.02,87476,38,卖盘
1793,11:00:00,23.02,73633,32,买盘
1794,11:00:03,23.02,117402,51,买盘
1795,11:00:06,23.01,23013,10,卖盘
1796,11:00:09,23.02,23020,10,买盘
1797,11:00:12,23.01,36821,16,卖盘
1798,11:00:15,23.01,23010,10,卖盘
1799,11:00:18,23.01,4602,2,卖盘
1800,11:00:21,23.01,115050,50,卖盘
1801,11:00:24,23.02,55248,24,买盘
1802,11:00:27,23.02,4604,2,买盘
1803,11:00:30,23.01,338247,147,卖盘
1804,11:00:36,23.01,227822,99,卖盘
1805,11:00:39,23.01,147210,64,买盘
1806,11:00:42,23.01,71329,31,买盘
1807,11:00:45,23.01,266916,116,买盘
1808,11:00:48,23.02,82837,36,买盘
1809,11:00:51,23.02,174906,76,买盘
1810,11:00:54,23.02,241709,105,买盘
1811,11:00:57,23.02,303764,132,买盘
1812,11:01:00,23.02,174902,76,买盘
1813,11:01:03,23.03,46060,20,买盘
1814,11:01:06,23.02,105895,46,卖盘
1815,11:01:09,23.02,73664,32,卖盘
1816,11:01:12,23.02,39139,17,卖盘
1817,11:01:15,23.02,27624,12,买盘
1818,11:01:18,23.02,9206,4,买盘
1819,11:01:21,23.01,1200762,522,卖盘
1820,11:01:24,23.02,39119,17,买盘
1821,11:01:27,23.02,20718,9,买盘
1822,11:01:30,23.0,36804,16,卖盘
1823,11:01:33,23.02,101235,44,买盘
1824,11:01:36,23.01,78215,34,卖盘
1825,11:01:39,23.01,20712,9,卖盘
1826,11:01:42,23.02,80569,35,买盘
1827,11:01:45,23.01,13806,6,卖盘
1828,11:01:48,23.01,13806,6,卖盘
1829,11:01:51,23.01,124254,54,卖盘
1830,11:01:54,23.01,317586,138,买盘
1831,11:01:57,23.01,195574,85,买盘
1832,11:02:00,23.01,200118,87,买盘
1833,11:02:03,23.01,296824,129,卖盘
1834,11:02:06,23.01,211689,92,买盘
1835,11:02:09,23.01,11505,5,卖盘
1836,11:02:12,23.01,294646,128,卖盘
1837,11:02:15,23.01,469440,204,卖盘
1838,11:02:18,23.02,101297,44,卖盘
1839,11:02:27,23.02,50644,22,卖盘
1840,11:02:30,23.02,4604,2,卖盘
1841,11:02:33,23.02,69060,30,卖盘
1842,11:02:36,23.02,6906,3,卖盘
1843,11:02:39,23.02,50644,22,卖盘
1844,11:02:42,23.02,18421,8,卖盘
1845,11:02:45,23.02,64456,28,买盘
1846,11:02:48,23.02,34530,15,卖盘
1847,11:02:51,23.01,25312,11,卖盘
1848,11:02:54,23.01,75943,33,卖盘
1849,11:03:00,23.02,13808,6,买盘
1850,11:03:03,23.02,36829,16,买盘
1851,11:03:06,23.02,27622,12,买盘
1852,11:03:09,23.01,9204,4,卖盘
1853,11:03:12,23.02,9208,4,买盘
1854,11:03:15,23.02,140369,61,买盘
1855,11:03:18,23.01,6903,3,卖盘
1856,11:03:21,23.02,23020,10,买盘
1857,11:03:24,23.02,50632,22,买盘
1858,11:03:27,23.0,1702258,740,卖盘
1859,11:03:30,22.99,9198,4,卖盘
1860,11:03:33,22.98,1188330,517,卖盘
1861,11:03:36,22.98,245883,107,买盘
1862,11:03:39,22.98,278058,121,买盘
1863,11:03:42,22.98,1013435,441,买盘
1864,11:03:45,22.99,13794,6,买盘
1865,11:03:48,22.98,183856,80,卖盘
1866,11:03:51,22.99,239121,104,卖盘
1867,11:03:54,23.0,1069495,465,买盘
1868,11:03:57,22.99,154099,67,卖盘
1869,11:04:00,22.99,45984,20,卖盘
1870,11:04:03,23.01,4602,2,中性盘
1871,11:04:06,23.0,1257657,547,卖盘
1872,11:04:09,22.99,57483,25,卖盘
1873,11:04:12,22.98,48286,21,卖盘
1874,11:04:15,22.98,105765,46,卖盘
1875,11:04:18,22.99,20696,9,卖盘
1876,11:04:21,22.99,4598,2,卖盘
1877,11:04:24,22.99,11492,5,买盘
1878,11:04:27,22.98,27576,12,卖盘
1879,11:04:30,22.98,11494,5,卖盘
1880,11:04:33,22.98,404449,176,卖盘
1881,11:04:36,22.99,119502,52,买盘
1882,11:04:39,22.98,59752,26,卖盘
1883,11:04:42,22.98,282677,123,卖盘
1884,11:04:45,23.0,36799,16,买盘
1885,11:04:48,23.0,18397,8,买盘
1886,11:04:51,23.0,13800,6,买盘
1887,11:04:54,22.99,82764,36,卖盘
1888,11:04:57,23.0,23000,10,买盘
1889,11:05:00,22.99,43681,19,卖盘
1890,11:05:03,22.99,4598,2,卖盘
1891,11:05:06,23.0,140295,61,买盘
1892,11:05:09,22.99,6897,3,卖盘
1893,11:05:12,23.0,25295,11,买盘
1894,11:05:15,23.0,25300,11,买盘
1895,11:05:18,22.99,16095,7,卖盘
1896,11:05:21,23.0,614009,267,买盘
1897,11:05:24,23.01,94307,41,买盘
1898,11:05:27,23.01,46020,20,买盘
1899,11:05:30,23.01,13803,6,买盘
1900,11:05:36,23.01,23010,10,买盘
1901,11:05:39,23.0,110418,48,卖盘
1902,11:05:42,23.0,23005,10,卖盘
1903,11:05:45,23.01,4602,2,买盘
1904,11:05:48,23.01,96632,42,买盘
1905,11:05:51,23.01,16103,7,买盘
1906,11:05:54,23.0,6900,3,卖盘
1907,11:06:00,23.01,4602,2,买盘
1908,11:06:03,23.0,223192,97,卖盘
1909,11:06:06,23.0,4601,2,卖盘
1910,11:06:12,23.0,50604,22,卖盘
1911,11:06:15,23.0,4600,2,卖盘
1912,11:06:18,23.0,23000,10,卖盘
1913,11:06:21,23.01,11505,5,买盘
1914,11:06:24,23.0,39100,17,卖盘
1915,11:06:27,23.0,32200,14,卖盘
1916,11:06:30,23.0,32205,14,卖盘
1917,11:06:33,23.0,361125,157,卖盘
1918,11:06:36,23.0,135700,59,卖盘
1919,11:06:39,23.0,2300,1,买盘
1920,11:06:42,23.0,195500,85,买盘
1921,11:06:45,23.0,140300,61,卖盘
1922,11:06:48,22.99,13794,6,卖盘
1923,11:06:51,23.0,119605,52,买盘
1924,11:06:54,23.01,103516,45,买盘
1925,11:07:00,23.0,78200,34,卖盘
1926,11:07:03,23.0,23000,10,卖盘
1927,11:07:06,23.0,6901,3,卖盘
1928,11:07:09,23.01,6903,3,买盘
1929,11:07:12,23.01,80504,35,买盘
1930,11:07:15,23.0,69001,30,卖盘
1931,11:07:18,23.0,36800,16,卖盘
1932,11:07:27,23.0,959100,417,卖盘
1933,11:07:30,23.0,27600,12,卖盘
1934,11:07:33,23.0,87400,38,卖盘
1935,11:07:36,23.0,18406,8,卖盘
1936,11:07:39,23.0,69010,30,卖盘
1937,11:07:42,23.01,23004,10,买盘
1938,11:07:45,23.0,241500,105,卖盘
1939,11:07:48,23.01,13802,6,买盘
1940,11:07:51,23.01,32211,14,买盘
1941,11:07:54,23.0,23000,10,卖盘
1942,11:07:57,23.01,92040,40,买盘
1943,11:08:00,23.01,119643,52,买盘
1944,11:08:03,22.99,252946,110,卖盘
1945,11:08:06,23.0,23004,10,卖盘
1946,11:08:09,23.0,46000,20,卖盘
1947,11:08:12,23.0,213905,93,卖盘
1948,11:08:15,23.0,69017,30,卖盘
1949,11:08:18,23.0,9200,4,卖盘
1950,11:08:21,23.0,55200,24,卖盘
1951,11:08:24,22.99,27588,12,卖盘
1952,11:08:27,22.99,13799,6,卖盘
1953,11:08:30,22.99,18397,8,卖盘
1954,11:08:33,22.99,75875,33,卖盘
1955,11:08:42,22.99,45984,20,卖盘
1956,11:08:45,22.99,312664,136,卖盘
1957,11:08:48,23.0,57500,25,买盘
1958,11:08:51,23.0,91966,40,买盘
1959,11:08:54,23.0,4600,2,买盘
1960,11:08:57,23.0,250697,109,买盘
1961,11:09:00,23.0,9200,4,卖盘
1962,11:09:03,23.01,140358,61,买盘
1963,11:09:06,23.0,87431,38,卖盘
1964,11:09:09,23.01,89724,39,买盘
1965,11:09:12,23.0,41405,18,卖盘
1966,11:09:18,23.0,92000,40,卖盘
1967,11:09:21,23.01,96631,42,买盘
1968,11:09:24,23.01,32206,14,买盘
1969,11:09:27,23.01,32212,14,买盘
1970,11:09:30,23.01,59820,26,买盘
1971,11:09:33,23.01,131154,57,买盘
1972,11:09:36,23.01,23007,10,买盘
1973,11:09:39,23.01,119602,52,买盘
1974,11:09:42,23.01,9204,4,买盘
1975,11:09:45,23.0,25300,11,卖盘
1976,11:09:48,23.0,138032,60,卖盘
1977,11:09:51,23.0,64404,28,卖盘
1978,11:09:57,23.0,59800,26,卖盘
1979,11:10:00,23.01,96602,42,买盘
1980,11:10:03,23.0,62100,27,卖盘
1981,11:10:06,23.0,119600,52,卖盘
1982,11:10:09,23.0,170200,74,卖盘
1983,11:10:12,23.0,126522,55,买盘
1984,11:10:15,23.0,110410,48,中性盘
1985,11:10:18,22.99,2299,1,卖盘
1986,11:10:21,23.01,25305,11,买盘
1987,11:10:24,23.0,20700,9,中性盘
1988,11:10:27,23.0,20700,9,卖盘
1989,11:10:30,23.0,18400,8,卖盘
1990,11:10:33,23.01,11503,5,买盘
1991,11:10:36,23.01,18408,8,买盘
1992,11:10:42,23.0,133404,58,卖盘
1993,11:10:45,23.0,27600,12,卖盘
1994,11:10:48,23.0,25300,11,卖盘
1995,11:10:51,23.0,126500,55,买盘
1996,11:10:54,23.0,515200,224,买盘
1997,11:10:57,23.0,50600,22,卖盘
1998,11:11:00,23.0,85100,37,卖盘
1999,11:11:03,23.0,66700,29,买盘
2000,11:11:06,23.0,80500,35,买盘
2001,11:11:09,23.0,71287,31,买盘
2002,11:11:12,23.0,89690,39,买盘
2003,11:11:15,23.0,227700,99,买盘
2004,11:11:18,23.02,764037,332,买盘
2005,11:11:21,23.02,71380,31,卖盘
2006,11:11:24,23.02,6906,3,卖盘
2007,11:11:27,23.02,92080,40,卖盘
2008,11:11:30,23.02,2302,1,卖盘
2009,11:11:33,23.02,39134,17,卖盘
2010,11:11:36,23.03,6908,3,买盘
2011,11:11:42,23.03,393813,171,买盘
2012,11:11:45,23.03,20732,9,卖盘
2013,11:11:48,23.03,6909,3,卖盘
2014,11:11:51,23.03,46060,20,卖盘
2015,11:11:54,23.03,99032,43,卖盘
2016,11:11:57,23.03,237209,103,卖盘
2017,11:12:00,23.03,124362,54,卖盘
2018,11:12:03,23.03,23030,10,卖盘
2019,11:12:06,23.03,78317,34,卖盘
2020,11:12:09,23.03,18427,8,卖盘
2021,11:12:12,23.03,34550,15,卖盘
2022,11:12:15,23.04,80639,35,买盘
2023,11:12:18,23.03,2303,1,卖盘
2024,11:12:21,23.04,27645,12,买盘
2025,11:12:24,23.03,89817,39,卖盘
2026,11:12:27,23.03,50669,22,卖盘
2027,11:12:33,23.03,13823,6,卖盘
2028,11:12:39,23.03,18424,8,卖盘
2029,11:12:42,23.04,23034,10,买盘
2030,11:12:45,23.03,4606,2,卖盘
2031,11:12:48,23.03,48363,21,卖盘
2032,11:12:51,23.04,46070,20,买盘
2033,11:12:54,23.04,85216,37,买盘
2034,11:12:57,23.04,80615,35,买盘
2035,11:13:00,23.02,108236,47,卖盘
2036,11:13:03,23.03,80602,35,买盘
2037,11:13:06,23.03,57575,25,买盘
2038,11:13:09,23.02,142780,62,卖盘
2039,11:13:12,23.03,46060,20,买盘
2040,11:13:18,23.02,34534,15,卖盘
2041,11:13:21,23.02,57555,25,卖盘
2042,11:13:24,23.03,6909,3,买盘
2043,11:13:27,23.03,41454,18,买盘
2044,11:13:30,23.03,165816,72,买盘
2045,11:13:33,23.02,446784,194,卖盘
2046,11:13:36,23.03,101363,44,卖盘
2047,11:13:39,23.03,85211,37,卖盘
2048,11:13:42,23.03,66792,29,卖盘
2049,11:13:45,23.04,105951,46,买盘
2050,11:13:51,23.04,16128,7,买盘
2051,11:13:54,23.03,80612,35,卖盘
2052,11:13:57,23.04,29949,13,买盘
2053,11:14:03,23.04,108271,47,买盘
2054,11:14:06,23.03,16121,7,卖盘
2055,11:14:09,23.03,16126,7,卖盘
2056,11:14:12,23.03,230304,100,卖盘
2057,11:14:15,23.04,16124,7,买盘
2058,11:14:18,23.04,57600,25,买盘
2059,11:14:21,23.03,23034,10,卖盘
2060,11:14:24,23.03,55272,24,卖盘
2061,11:14:27,23.04,2304,1,买盘
2062,11:14:30,23.03,20727,9,卖盘
2063,11:14:33,23.03,18424,8,卖盘
2064,11:14:36,23.03,69090,30,卖盘
2065,11:14:39,23.03,39151,17,卖盘
2066,11:14:42,23.04,48384,21,买盘
2067,11:14:45,23.03,4606,2,卖盘
2068,11:14:48,23.03,71393,31,卖盘
2069,11:14:54,23.06,1979567,859,买盘
2070,11:14:57,23.07,1097752,476,买盘
2071,11:15:06,23.08,136133,59,买盘
2072,11:15:09,23.07,60001,26,卖盘
2073,11:15:12,23.08,39236,17,买盘
2074,11:15:15,23.08,611380,265,买盘
2075,11:15:18,23.08,120005,52,买盘
2076,11:15:21,23.08,110753,48,买盘
2077,11:15:24,23.08,309272,134,买盘
2078,11:15:27,23.08,90012,39,买盘
2079,11:15:30,23.08,34620,15,买盘
2080,11:15:33,23.08,237723,103,买盘
2081,11:15:36,23.08,210008,91,卖盘
2082,11:15:39,23.08,136166,59,买盘
2083,11:15:42,23.08,30008,13,买盘
2084,11:15:45,23.08,9235,4,卖盘
2085,11:15:48,23.08,16156,7,卖盘
2086,11:15:51,23.08,34620,15,卖盘
2087,11:15:54,23.08,30004,13,卖盘
2088,11:15:57,23.08,108501,47,卖盘
2089,11:16:00,23.08,41544,18,中性盘
2090,11:16:03,23.08,69235,30,买盘
2091,11:16:09,23.07,6921,3,卖盘
2092,11:16:12,23.08,11539,5,买盘
2093,11:16:15,23.07,73824,32,卖盘
2094,11:16:18,23.07,11535,5,卖盘
2095,11:16:21,23.08,27689,12,买盘
2096,11:16:24,23.08,6924,3,买盘
2097,11:16:30,23.08,64604,28,买盘
2098,11:16:33,23.07,133849,58,卖盘
2099,11:16:36,23.07,34605,15,卖盘
2100,11:16:39,23.07,214600,93,卖盘
2101,11:16:42,23.07,50764,22,卖盘
2102,11:16:45,23.07,53061,23,卖盘
2103,11:16:48,23.07,6921,3,卖盘
2104,11:16:51,23.07,177639,77,卖盘
2105,11:16:54,23.07,161523,70,卖盘
2106,11:16:57,23.06,53044,23,卖盘
2107,11:17:00,23.07,16149,7,买盘
2108,11:17:03,23.06,87653,38,卖盘
2109,11:17:06,23.07,149935,65,买盘
2110,11:17:09,23.07,92280,40,买盘
2111,11:17:12,23.08,13847,6,买盘
2112,11:17:18,23.08,1088089,471,买盘
2113,11:17:21,23.08,53092,23,卖盘
2114,11:17:27,23.09,57701,25,买盘
2115,11:17:30,23.08,23088,10,卖盘
2116,11:17:33,23.08,9233,4,卖盘
2117,11:17:36,23.09,16163,7,买盘
2118,11:17:39,23.08,11540,5,卖盘
2119,11:17:42,23.08,131603,57,卖盘
2120,11:17:45,23.08,73861,32,卖盘
2121,11:17:48,23.09,23090,10,买盘
2122,11:17:51,23.09,126960,55,买盘
2123,11:17:54,23.09,163939,71,买盘
2124,11:17:57,23.09,103903,45,买盘
2125,11:18:00,23.09,330181,143,买盘
2126,11:18:03,23.09,387899,168,买盘
2127,11:18:06,23.09,147773,64,买盘
2128,11:18:09,23.09,99286,43,买盘
2129,11:18:12,23.09,277080,120,买盘
2130,11:18:15,23.1,23095,10,买盘
2131,11:18:18,23.09,4618,2,卖盘
2132,11:18:21,23.09,16169,7,卖盘
2133,11:18:24,23.1,83160,36,买盘
2134,11:18:30,23.1,230990,100,买盘
2135,11:18:33,23.1,50813,22,买盘
2136,11:18:39,23.1,76230,33,买盘
2137,11:18:42,23.1,9240,4,买盘
2138,11:18:45,23.1,381148,165,买盘
2139,11:18:48,23.1,459690,199,买盘
2140,11:18:51,23.1,78538,34,买盘
2141,11:18:54,23.1,66975,29,买盘
2142,11:18:57,23.1,210203,91,买盘
2143,11:19:00,23.1,147840,64,买盘
2144,11:19:03,23.1,561325,243,买盘
2145,11:19:06,23.1,90065,39,买盘
2146,11:19:09,23.09,73906,32,卖盘
2147,11:19:12,23.1,62370,27,买盘
2148,11:19:15,23.08,1006732,436,卖盘
2149,11:19:18,23.09,96975,42,买盘
2150,11:19:21,23.08,32324,14,卖盘
2151,11:19:24,23.08,36928,16,卖盘
2152,11:19:27,23.09,73883,32,买盘
2153,11:19:30,23.08,2308,1,卖盘
2154,11:19:33,23.08,27706,12,卖盘
2155,11:19:36,23.09,4618,2,买盘
2156,11:19:39,23.09,23090,10,买盘
2157,11:19:42,23.09,80810,35,买盘
2158,11:19:45,23.08,203171,88,卖盘
2159,11:19:48,23.09,73878,32,买盘
2160,11:19:51,23.09,11545,5,买盘
2161,11:19:54,23.09,39253,17,买盘
2162,11:19:57,23.09,25399,11,卖盘
2163,11:20:03,23.09,173154,75,卖盘
2164,11:20:06,23.09,32326,14,中性盘
2165,11:20:09,23.09,200883,87,卖盘
2166,11:20:12,23.09,113141,49,卖盘
2167,11:20:15,23.09,13854,6,买盘
2168,11:20:18,23.08,30016,13,卖盘
2169,11:20:21,23.08,50776,22,卖盘
2170,11:20:30,23.08,96940,42,卖盘
2171,11:20:33,23.08,30005,13,卖盘
2172,11:20:36,23.08,16162,7,卖盘
2173,11:20:42,23.09,9236,4,买盘
2174,11:20:45,23.07,758308,329,卖盘
2175,11:20:48,23.07,6921,3,卖盘
2176,11:20:54,23.07,588285,255,卖盘
2177,11:20:57,23.07,170708,74,买盘
2178,11:21:00,23.07,560927,243,卖盘
2179,11:21:03,23.08,18464,8,中性盘
2180,11:21:06,23.08,25388,11,卖盘
2181,11:21:09,23.08,25393,11,卖盘
2182,11:21:12,23.08,46165,20,卖盘
2183,11:21:15,23.09,23086,10,买盘
2184,11:21:18,23.08,76164,33,卖盘
2185,11:21:21,23.07,13842,6,卖盘
2186,11:21:24,23.07,55378,24,卖盘
2187,11:21:27,23.07,53081,23,卖盘
2188,11:21:30,23.08,177714,77,买盘
2189,11:21:33,23.08,53084,23,买盘
2190,11:21:36,23.08,306881,133,卖盘
2191,11:21:39,23.08,6924,3,买盘
2192,11:21:42,23.08,9232,4,买盘
2193,11:21:45,23.08,92320,40,买盘
2194,11:21:48,23.08,90001,39,买盘
2195,11:21:51,23.07,69221,30,卖盘
2196,11:21:54,23.08,184641,80,卖盘
2197,11:21:57,23.08,200882,87,卖盘
2198,11:22:00,23.09,849702,368,买盘
2199,11:22:03,23.09,99285,43,买盘
2200,11:22:06,23.09,58741,25,买盘
2201,11:22:12,23.09,427170,185,卖盘
2202,11:22:15,23.1,2310,1,买盘
2203,11:22:21,23.09,66961,29,卖盘
2204,11:22:24,23.1,32329,14,买盘
2205,11:22:27,23.1,166267,72,买盘
2206,11:22:30,23.09,71600,31,卖盘
2207,11:22:36,23.09,133942,58,卖盘
2208,11:22:42,23.1,16167,7,买盘
2209,11:22:48,23.1,184797,80,买盘
2210,11:22:51,23.1,76230,33,买盘
2211,11:22:54,23.1,25410,11,买盘
2212,11:22:57,23.09,32326,14,卖盘
2213,11:23:00,23.1,210207,91,买盘
2214,11:23:03,23.1,9238,4,买盘
2215,11:23:09,23.09,66961,29,卖盘
2216,11:23:12,23.1,23098,10,买盘
2217,11:23:15,23.09,30017,13,卖盘
2218,11:23:18,23.09,30017,13,卖盘
2219,11:23:21,23.09,115455,50,卖盘
2220,11:23:24,23.09,6927,3,卖盘
2221,11:23:27,23.09,161630,70,卖盘
2222,11:23:30,23.08,121349,53,卖盘
2223,11:23:36,23.08,32313,14,卖盘
2224,11:23:39,23.08,53084,23,卖盘
2225,11:23:42,23.08,76184,33,卖盘
2226,11:23:48,23.08,66932,29,卖盘
2227,11:23:51,23.09,16159,7,买盘
2228,11:23:57,23.08,2308,1,卖盘
2229,11:24:00,23.08,46160,20,卖盘
2230,11:24:03,23.08,23080,10,卖盘
2231,11:24:06,23.08,16156,7,卖盘
2232,11:24:09,23.09,6926,3,买盘
2233,11:24:12,23.09,103903,45,买盘
2234,11:24:15,23.09,16163,7,买盘
2235,11:24:18,23.09,23090,10,买盘
2236,11:24:21,23.09,20781,9,买盘
2237,11:24:24,23.09,138538,60,买盘
2238,11:24:27,23.09,11545,5,买盘
2239,11:24:33,23.08,23080,10,卖盘
2240,11:24:36,23.09,20779,9,买盘
2241,11:24:39,23.09,50788,22,买盘
2242,11:24:42,23.09,48478,21,买盘
2243,11:24:45,23.08,60013,26,卖盘
2244,11:24:48,23.08,53085,23,卖盘
2245,11:24:51,23.08,147712,64,卖盘
2246,11:24:54,23.09,13854,6,买盘
2247,11:24:57,23.08,53089,23,卖盘
2248,11:25:00,23.08,71574,31,卖盘
2249,11:25:03,23.08,20772,9,卖盘
2250,11:25:06,23.08,616236,267,卖盘
2251,11:25:09,23.07,16151,7,卖盘
2252,11:25:12,23.08,27693,12,买盘
2253,11:25:15,23.07,6921,3,卖盘
2254,11:25:18,23.07,20765,9,卖盘
2255,11:25:21,23.07,6921,3,卖盘
2256,11:25:24,23.07,9228,4,卖盘
2257,11:25:30,23.07,99201,43,卖盘
2258,11:25:33,23.07,41527,18,卖盘
2259,11:25:36,23.07,11535,5,卖盘
2260,11:25:39,23.07,6921,3,卖盘
2261,11:25:42,23.08,39226,17,买盘
2262,11:25:45,23.07,13842,6,卖盘
2263,11:25:48,23.07,50754,22,卖盘
2264,11:25:54,23.07,4614,2,卖盘
2265,11:25:57,23.07,76131,33,卖盘
2266,11:26:00,23.08,32309,14,买盘
2267,11:26:03,23.07,13842,6,卖盘
2268,11:26:06,23.08,2308,1,买盘
2269,11:26:09,23.08,9232,4,买盘
2270,11:26:12,23.08,267626,116,买盘
2271,11:26:15,23.08,2308,1,买盘
2272,11:26:18,23.07,27684,12,卖盘
2273,11:26:21,23.07,230700,100,卖盘
2274,11:26:24,23.08,9230,4,买盘
2275,11:26:27,23.07,4614,2,卖盘
2276,11:26:33,23.07,1077470,467,卖盘
2277,11:26:36,23.07,78430,34,买盘
2278,11:26:39,23.07,103809,45,买盘
2279,11:26:42,23.07,20763,9,买盘
2280,11:26:45,23.07,62289,27,买盘
2281,11:26:48,23.07,36917,16,卖盘
2282,11:26:57,23.07,11535,5,卖盘
2283,11:27:00,23.07,576995,250,卖盘
2284,11:27:03,23.07,59982,26,卖盘
2285,11:27:06,23.07,23070,10,卖盘
2286,11:27:09,23.07,32298,14,卖盘
2287,11:27:12,23.07,46144,20,卖盘
2288,11:27:15,23.07,34605,15,卖盘
2289,11:27:18,23.07,32298,14,卖盘
2290,11:27:21,23.07,78438,34,卖盘
2291,11:27:24,23.06,138401,60,卖盘
2292,11:27:27,23.07,87633,38,买盘
2293,11:27:30,23.07,23067,10,买盘
2294,11:27:33,23.07,13842,6,买盘
2295,11:27:36,23.06,4612,2,卖盘
2296,11:27:42,23.07,336828,146,买盘
2297,11:27:45,23.07,55368,24,卖盘
2298,11:27:48,23.07,39219,17,卖盘
2299,11:27:51,23.07,59976,26,卖盘
2300,11:27:54,23.07,71517,31,买盘
2301,11:27:57,23.07,9228,4,买盘
2302,11:28:00,23.08,228456,99,买盘
2303,11:28:03,23.07,29991,13,买盘
2304,11:28:06,23.07,39207,17,卖盘
2305,11:28:09,23.07,48447,21,买盘
2306,11:28:12,23.07,27680,12,买盘
2307,11:28:15,23.06,212152,92,卖盘
2308,11:28:18,23.06,18453,8,卖盘
2309,11:28:21,23.06,83016,36,卖盘
2310,11:28:24,23.06,20754,9,卖盘
2311,11:28:30,23.05,198289,86,卖盘
2312,11:28:33,23.05,59945,26,卖盘
2313,11:28:36,23.05,43795,19,卖盘
2314,11:28:39,23.05,62235,27,买盘
2315,11:28:42,23.05,55320,24,买盘
2316,11:28:45,23.05,11525,5,买盘
2317,11:28:48,23.05,13827,6,买盘
2318,11:28:51,23.04,16129,7,卖盘
2319,11:28:54,23.05,4610,2,买盘
2320,11:28:57,23.05,11525,5,买盘
2321,11:29:00,23.04,108288,47,卖盘
2322,11:29:03,23.04,46081,20,卖盘
2323,11:29:06,23.04,64526,28,卖盘
2324,11:29:09,23.04,428582,186,卖盘
2325,11:29:12,23.04,195845,85,卖盘
2326,11:29:15,23.04,50690,22,卖盘
2327,11:29:18,23.04,9216,4,买盘
2328,11:29:21,23.04,29952,13,买盘
2329,11:29:24,23.03,48379,21,卖盘
2330,11:29:27,23.04,32247,14,买盘
2331,11:29:30,23.04,34560,15,买盘
2332,11:29:33,23.03,13821,6,卖盘
2333,11:29:36,23.03,50666,22,卖盘
2334,11:29:39,23.03,29942,13,卖盘
2335,11:29:42,23.03,36852,16,卖盘
2336,11:29:45,23.03,18424,8,卖盘
2337,11:29:48,23.03,124362,54,卖盘
2338,11:29:51,23.03,23030,10,卖盘
2339,11:29:54,23.03,27636,12,卖盘
2340,11:29:57,23.03,50666,22,卖盘
2341,11:30:00,23.04,202730,88,买盘
2342,13:00:00,23.02,2182611,948,卖盘
2343,13:00:03,23.02,920657,400,卖盘
2344,13:00:06,23.03,267048,116,中性盘
2345,13:00:09,23.01,310635,135,中性盘
2346,13:00:12,23.0,151870,66,卖盘
2347,13:00:15,23.01,89741,39,卖盘
2348,13:00:18,23.01,285313,124,中性盘
2349,13:00:21,23.02,462347,201,买盘
2350,13:00:24,23.02,193260,84,买盘
2351,13:00:27,23.01,75935,33,卖盘
2352,13:00:30,23.02,71332,31,买盘
2353,13:00:33,23.0,126552,55,卖盘
2354,13:00:36,23.03,57545,25,买盘
2355,13:00:39,23.01,126564,55,卖盘
2356,13:00:42,23.03,98974,43,买盘
2357,13:00:45,23.02,62153,27,卖盘
2358,13:00:48,23.03,41433,18,买盘
2359,13:00:51,23.01,34520,15,卖盘
2360,13:00:54,23.01,13806,6,卖盘
2361,13:00:57,23.02,220927,96,买盘
2362,13:01:00,23.03,423527,184,买盘
2363,13:01:03,23.0,105809,46,卖盘
2364,13:01:06,23.01,43730,19,卖盘
2365,13:01:09,23.01,25318,11,卖盘
2366,13:01:12,23.02,382250,166,买盘
2367,13:01:15,23.02,121995,53,卖盘
2368,13:01:18,23.01,55236,24,卖盘
2369,13:01:21,23.02,98973,43,买盘
2370,13:01:24,23.02,64440,28,买盘
2371,13:01:27,23.01,34515,15,卖盘
2372,13:01:30,23.02,62156,27,卖盘
2373,13:01:33,23.01,202592,88,卖盘
2374,13:01:36,23.01,59826,26,卖盘
2375,13:01:39,23.0,50612,22,卖盘
2376,13:01:42,23.01,36813,16,买盘
2377,13:01:45,23.0,82827,36,卖盘
2378,13:01:48,23.0,82800,36,卖盘
2379,13:01:51,23.0,52900,23,卖盘
2380,13:01:57,23.0,20700,9,卖盘
2381,13:02:00,23.0,276005,120,卖盘
2382,13:02:03,23.0,266826,116,卖盘
2383,13:02:06,23.0,239203,104,卖盘
2384,13:02:09,23.0,186300,81,卖盘
2385,13:02:12,23.01,52901,23,买盘
2386,13:02:15,23.0,41401,18,卖盘
2387,13:02:18,23.0,151849,66,卖盘
2388,13:02:21,22.99,101197,44,卖盘
2389,13:02:24,22.99,62094,27,卖盘
2390,13:02:27,22.99,137984,60,卖盘
2391,13:02:30,23.0,151755,66,买盘
2392,13:02:33,23.0,80480,35,买盘
2393,13:02:36,22.99,73575,32,卖盘
2394,13:02:39,23.0,82776,36,买盘
2395,13:02:42,23.0,117290,51,买盘
2396,13:02:45,23.0,172441,75,卖盘
2397,13:02:48,23.01,138023,60,买盘
2398,13:02:51,23.01,421268,183,买盘
2399,13:02:54,23.02,98986,43,中性盘
2400,13:02:57,23.02,34530,15,卖盘
2401,13:03:00,23.02,39135,17,卖盘
2402,13:03:03,23.03,172693,75,买盘
2403,13:03:06,23.0,46000,20,卖盘
2404,13:03:09,23.01,96623,42,买盘
2405,13:03:12,23.0,170259,74,卖盘
2406,13:03:15,23.0,94300,41,卖盘
2407,13:03:18,23.01,299074,130,买盘
2408,13:03:21,23.0,101224,44,卖盘
2409,13:03:24,23.01,485646,211,卖盘
2410,13:03:27,23.01,195565,85,卖盘
2411,13:03:30,23.01,55207,24,买盘
2412,13:03:33,23.01,163363,71,买盘
2413,13:03:36,23.01,48321,21,卖盘
2414,13:03:39,23.01,16107,7,卖盘
2415,13:03:42,23.01,29916,13,卖盘
2416,13:03:45,23.01,71331,31,卖盘
2417,13:03:48,23.01,135805,59,卖盘
2418,13:03:51,23.01,52907,23,卖盘
2419,13:03:54,23.01,278421,121,卖盘
2420,13:03:57,23.01,156456,68,卖盘
2421,13:04:00,23.0,69018,30,卖盘
2422,13:04:03,23.0,13800,6,卖盘
2423,13:04:06,23.01,73632,32,买盘
2424,13:04:09,23.0,57503,25,卖盘
2425,13:04:12,23.01,105876,46,中性盘
2426,13:04:15,23.0,69020,30,卖盘
2427,13:04:18,23.01,48321,21,买盘
2428,13:04:21,23.02,105856,46,买盘
2429,13:04:24,23.02,27613,12,买盘
2430,13:04:27,23.01,115087,50,卖盘
2431,13:04:30,23.01,78239,34,中性盘
2432,13:04:33,23.01,121953,53,卖盘
2433,13:04:36,23.01,69016,30,买盘
2434,13:04:39,23.01,303652,132,卖盘
2435,13:04:42,23.0,73600,32,卖盘
2436,13:04:45,23.05,2067671,897,买盘
2437,13:04:48,23.03,451400,196,卖盘
2438,13:04:51,23.04,159015,69,卖盘
2439,13:04:54,23.03,41463,18,卖盘
2440,13:04:57,23.05,138242,60,买盘
2441,13:05:00,23.05,62217,27,买盘
2442,13:05:03,23.05,177500,77,买盘
2443,13:05:06,23.07,733618,318,买盘
2444,13:05:09,23.07,170690,74,卖盘
2445,13:05:12,23.06,89943,39,卖盘
2446,13:05:15,23.07,23070,10,卖盘
2447,13:05:18,23.08,41544,18,买盘
2448,13:05:21,23.08,143106,62,卖盘
2449,13:05:24,23.08,76166,33,卖盘
2450,13:05:27,23.07,50767,22,卖盘
2451,13:05:30,23.09,106138,46,买盘
2452,13:05:33,23.08,212273,92,买盘
2453,13:05:36,23.07,71517,31,卖盘
2454,13:05:39,23.07,69231,30,卖盘
2455,13:05:42,23.07,27684,12,卖盘
2456,13:05:45,23.08,620840,269,买盘
2457,13:05:48,23.08,129248,56,卖盘
2458,13:05:51,23.08,69240,30,卖盘
2459,13:05:54,23.08,2308,1,卖盘
2460,13:05:57,23.09,71550,31,买盘
2461,13:06:00,23.08,76159,33,卖盘
2462,13:06:03,23.08,78482,34,卖盘
2463,13:06:06,23.08,30004,13,卖盘
2464,13:06:09,23.08,78485,34,卖盘
2465,13:06:12,23.09,39247,17,买盘
2466,13:06:15,23.08,80780,35,卖盘
2467,13:06:18,23.08,1019172,442,卖盘
2468,13:06:21,23.08,299833,130,买盘
2469,13:06:24,23.07,80711,35,中性盘
2470,13:06:27,23.07,57677,25,买盘
2471,13:06:30,23.06,48433,21,卖盘
2472,13:06:33,23.07,256157,111,买盘
2473,13:06:36,23.07,87639,38,买盘
2474,13:06:39,23.06,196054,85,卖盘
2475,13:06:42,23.06,83016,36,卖盘
2476,13:06:45,23.06,4612,2,卖盘
2477,13:06:48,23.07,2307,1,买盘
2478,13:06:51,23.06,6918,3,卖盘
2479,13:06:54,23.06,359858,156,卖盘
2480,13:06:57,23.06,99158,43,卖盘
2481,13:07:00,23.07,83041,36,买盘
2482,13:07:03,23.07,94601,41,卖盘
2483,13:07:06,23.06,27679,12,卖盘
2484,13:07:09,23.06,16143,7,卖盘
2485,13:07:12,23.06,27672,12,卖盘
2486,13:07:15,23.07,235309,102,买盘
2487,13:07:18,23.06,170667,74,卖盘
2488,13:07:21,23.06,48426,21,卖盘
2489,13:07:24,23.07,36907,16,买盘
2490,13:07:27,23.06,216851,94,卖盘
2491,13:07:30,23.06,147606,64,卖盘
2492,13:07:33,23.07,138440,60,买盘
2493,13:07:36,23.07,108431,47,卖盘
2494,13:07:39,23.08,34615,15,买盘
2495,13:07:42,23.07,80753,35,卖盘
2496,13:07:45,23.07,16150,7,卖盘
2497,13:07:48,23.07,18456,8,卖盘
2498,13:07:51,23.08,200793,87,买盘
2499,13:07:54,23.07,353071,153,卖盘
2500,13:07:57,23.08,212269,92,买盘
2501,13:08:00,23.07,389902,169,卖盘
2502,13:08:03,23.07,228403,99,卖盘
2503,13:08:06,23.06,124560,54,卖盘
2504,13:08:09,23.07,48427,21,买盘
2505,13:08:12,23.06,25366,11,卖盘
2506,13:08:15,23.06,253760,110,卖盘
2507,13:08:18,23.06,76098,33,卖盘
2508,13:08:21,23.06,64568,28,卖盘
2509,13:08:24,23.06,85322,37,卖盘
2510,13:08:27,23.06,131480,57,卖盘
2511,13:08:30,23.07,304523,132,买盘
2512,13:08:33,23.06,89945,39,卖盘
2513,13:08:36,23.06,43814,19,买盘
2514,13:08:39,23.05,193670,84,卖盘
2515,13:08:42,23.04,311161,135,卖盘
2516,13:08:45,23.04,82948,36,卖盘
2517,13:08:48,23.04,99158,43,卖盘
2518,13:08:51,23.03,46070,20,卖盘
2519,13:08:54,23.04,2304,1,中性盘
2520,13:08:57,23.04,156616,68,买盘
2521,13:09:00,23.03,315523,137,卖盘
2522,13:09:03,23.02,181923,79,卖盘
2523,13:09:06,23.02,122028,53,卖盘
2524,13:09:09,23.01,57525,25,卖盘
2525,13:09:12,23.01,16107,7,卖盘
2526,13:09:15,23.01,568363,247,卖盘
2527,13:09:18,23.02,370586,161,买盘
2528,13:09:21,23.01,89779,39,卖盘
2529,13:09:24,23.03,99027,43,买盘
2530,13:09:27,23.02,112798,49,卖盘
2531,13:09:30,23.01,241614,105,卖盘
2532,13:09:33,23.02,372771,162,买盘
2533,13:09:36,23.01,119649,52,卖盘
2534,13:09:39,23.0,126548,55,卖盘
2535,13:09:42,23.0,105838,46,卖盘
2536,13:09:45,23.02,18408,8,买盘
2537,13:09:48,23.0,27601,12,卖盘
2538,13:09:51,23.01,46015,20,买盘
2539,13:09:54,23.01,16105,7,买盘
2540,13:09:57,23.01,142606,62,买盘
2541,13:10:00,23.01,124230,54,买盘
2542,13:10:03,23.01,89727,39,买盘
2543,13:10:06,23.01,27612,12,卖盘
2544,13:10:09,23.01,101244,44,卖盘
2545,13:10:12,23.01,39119,17,卖盘
2546,13:10:15,23.01,165672,72,卖盘
2547,13:10:18,23.0,48305,21,卖盘
2548,13:10:21,23.0,46009,20,卖盘
2549,13:10:24,23.01,52917,23,买盘
2550,13:10:27,23.0,354330,154,卖盘
2551,13:10:30,23.0,197814,86,卖盘
2552,13:10:33,23.0,443930,193,卖盘
2553,13:10:36,22.99,269078,117,卖盘
2554,13:10:39,22.99,71283,31,卖盘
2555,13:10:42,22.99,32186,14,卖盘
2556,13:10:45,23.0,50588,22,买盘
2557,13:10:48,22.99,255189,111,卖盘
2558,13:10:51,22.98,126448,55,卖盘
2559,13:10:54,22.99,39083,17,中性盘
2560,13:10:57,22.99,34485,15,卖盘
2561,13:11:00,23.0,126480,55,买盘
2562,13:11:03,22.99,335654,146,卖盘
2563,13:11:06,22.99,144837,63,卖盘
2564,13:11:09,22.99,78133,34,买盘
2565,13:11:12,22.98,110333,48,卖盘
2566,13:11:15,22.98,94218,41,卖盘
2567,13:11:18,22.99,232128,101,买盘
2568,13:11:21,22.98,280356,122,卖盘
2569,13:11:24,22.97,427425,186,卖盘
2570,13:11:27,22.98,303307,132,买盘
2571,13:11:30,22.98,158570,69,买盘
2572,13:11:33,22.98,75833,33,卖盘
2573,13:11:36,22.99,9190,4,买盘
2574,13:11:39,22.98,197621,86,卖盘
2575,13:11:42,22.97,243549,106,卖盘
2576,13:11:45,22.98,82707,36,卖盘
2577,13:11:48,22.98,9192,4,卖盘
2578,13:11:51,22.98,34470,15,卖盘
2579,13:11:54,22.98,466686,203,卖盘
2580,13:11:57,22.99,379465,165,中性盘
2581,13:12:00,22.99,158641,69,卖盘
2582,13:12:03,22.99,50578,22,卖盘
2583,13:12:06,23.0,29892,13,买盘
2584,13:12:09,23.0,445860,194,买盘
2585,13:12:12,22.98,117200,51,卖盘
2586,13:12:15,22.99,34477,15,买盘
2587,13:12:18,22.99,29882,13,买盘
2588,13:12:21,22.99,48267,21,买盘
2589,13:12:24,23.0,416170,181,买盘
2590,13:12:27,22.98,119522,52,卖盘
2591,13:12:30,23.0,158698,69,买盘
2592,13:12:33,23.0,92000,40,中性盘
2593,13:12:36,23.02,1092979,475,买盘
2594,13:12:39,23.0,326676,142,卖盘
2595,13:12:42,23.02,121887,53,买盘
2596,13:12:45,23.02,149564,65,买盘
2597,13:12:48,22.99,151803,66,卖盘
2598,13:12:51,23.02,78265,34,买盘
2599,13:12:54,23.02,4604,2,卖盘
2600,13:12:57,23.02,25322,11,卖盘
2601,13:13:00,23.03,23025,10,买盘
2602,13:13:03,23.03,375010,163,买盘
2603,13:13:06,23.0,87407,38,卖盘
2604,13:13:09,23.01,27612,12,卖盘
2605,13:13:12,23.02,80592,35,买盘
2606,13:13:15,23.01,103565,45,卖盘
2607,13:13:18,23.02,34530,15,中性盘
2608,13:13:21,23.02,234804,102,卖盘
2609,13:13:24,23.03,140446,61,买盘
2610,13:13:27,23.02,110521,48,卖盘
2611,13:13:30,23.03,75984,33,买盘
2612,13:13:33,23.02,18416,8,卖盘
2613,13:13:36,23.02,20723,9,卖盘
2614,13:13:39,23.02,55248,24,卖盘
2615,13:13:42,23.02,34530,15,卖盘
2616,13:13:45,23.02,39134,17,卖盘
2617,13:13:48,23.02,13812,6,卖盘
2618,13:13:51,23.02,20718,9,卖盘
2619,13:13:54,23.03,13816,6,买盘
2620,13:13:57,23.02,27624,12,卖盘
2621,13:14:00,23.03,36847,16,买盘
2622,13:14:03,23.02,186435,81,卖盘
2623,13:14:06,23.01,64433,28,卖盘
2624,13:14:09,23.01,29921,13,卖盘
2625,13:14:12,23.02,66739,29,买盘
2626,13:14:15,23.01,66745,29,卖盘
2627,13:14:18,23.01,25311,11,卖盘
2628,13:14:21,23.03,36825,16,买盘
2629,13:14:24,23.02,34520,15,中性盘
2630,13:14:27,23.02,57558,25,卖盘
2631,13:14:30,23.03,23016,10,买盘
2632,13:14:33,23.02,92065,40,卖盘
2633,13:14:36,23.02,133530,58,买盘
2634,13:14:39,23.02,62149,27,买盘
2635,13:14:42,23.02,6906,3,卖盘
2636,13:14:45,23.01,13806,6,卖盘
2637,13:14:48,23.02,2302,1,买盘
2638,13:14:51,23.01,34520,15,卖盘
2639,13:14:54,23.01,13806,6,卖盘
2640,13:14:57,23.01,27612,12,卖盘
2641,13:15:00,23.02,230147,100,买盘
2642,13:15:03,23.01,138060,60,卖盘
2643,13:15:06,23.02,34517,15,买盘
2644,13:15:09,23.0,27606,12,卖盘
2645,13:15:12,23.02,18413,8,买盘
2646,13:15:15,23.01,46033,20,卖盘
2647,13:15:18,23.01,27612,12,卖盘
2648,13:15:21,23.01,25311,11,卖盘
2649,13:15:24,23.01,9204,4,卖盘
2650,13:15:27,23.01,36821,16,卖盘
2651,13:15:30,23.01,32219,14,卖盘
2652,13:15:33,23.02,98936,43,买盘
2653,13:15:36,23.01,18408,8,卖盘
2654,13:15:39,23.01,34515,15,卖盘
2655,13:15:45,23.01,227793,99,卖盘
2656,13:15:48,23.0,55200,24,卖盘
2657,13:15:51,23.0,16100,7,卖盘
2658,13:15:54,23.01,650941,283,买盘
2659,13:15:57,23.01,400272,174,买盘
2660,13:16:00,23.0,103504,45,卖盘
2661,13:16:03,23.01,69003,30,买盘
2662,13:16:06,23.0,98929,43,卖盘
2663,13:16:09,23.0,211682,92,卖盘
2664,13:16:12,23.01,110420,48,买盘
2665,13:16:15,23.01,96631,42,买盘
2666,13:16:18,23.02,384248,167,买盘
2667,13:16:21,23.01,119652,52,卖盘
2668,13:16:24,23.01,18408,8,卖盘
2669,13:16:27,23.01,154207,67,卖盘
2670,13:16:30,23.01,126531,55,卖盘
2671,13:16:33,23.0,43709,19,卖盘
2672,13:16:36,23.0,236985,103,卖盘
2673,13:16:39,23.0,75904,33,卖盘
2674,13:16:42,23.0,82800,36,卖盘
2675,13:16:45,23.0,78215,34,卖盘
2676,13:16:48,23.0,36800,16,卖盘
2677,13:16:51,23.0,154100,67,卖盘
2678,13:16:54,23.0,85100,37,卖盘
2679,13:16:57,23.0,52900,23,卖盘
2680,13:17:00,23.01,34504,15,买盘
2681,13:17:03,23.0,66704,29,卖盘
2682,13:17:06,23.01,29901,13,买盘
2683,13:17:09,23.01,108121,47,买盘
2684,13:17:12,23.0,34500,15,卖盘
2685,13:17:15,23.0,39100,17,卖盘
2686,13:17:21,23.0,59812,26,卖盘
2687,13:17:24,23.0,20700,9,卖盘
2688,13:17:27,23.0,34500,15,卖盘
2689,13:17:30,23.01,87412,38,买盘
2690,13:17:33,23.0,32200,14,卖盘
2691,13:17:39,23.0,39100,17,卖盘
2692,13:17:42,23.01,89716,39,买盘
2693,13:17:45,23.01,89708,39,买盘
2694,13:17:48,23.0,25301,11,卖盘
2695,13:17:51,23.0,39100,17,卖盘
2696,13:17:54,23.0,6900,3,卖盘
2697,13:17:57,23.0,305905,133,卖盘
2698,13:18:00,23.0,108104,47,卖盘
2699,13:18:03,23.0,57509,25,卖盘
2700,13:18:06,23.0,78200,34,卖盘
2701,13:18:09,23.0,195494,85,买盘
2702,13:18:12,22.99,82773,36,卖盘
2703,13:18:15,22.99,16094,7,卖盘
2704,13:18:21,22.99,177053,77,卖盘
2705,13:18:24,23.0,202356,88,买盘
2706,13:18:27,22.99,68978,30,卖盘
2707,13:18:30,23.0,52895,23,中性盘
2708,13:18:33,22.99,41383,18,卖盘
2709,13:18:36,22.99,2299,1,卖盘
2710,13:18:39,22.99,22990,10,卖盘
2711,13:18:42,22.99,27595,12,卖盘
2712,13:18:45,22.99,13794,6,卖盘
2713,13:18:48,22.99,16093,7,卖盘
2714,13:18:51,22.99,66681,29,卖盘
2715,13:18:54,23.0,108092,47,买盘
2716,13:18:57,22.99,45980,20,卖盘
2717,13:19:00,23.0,66694,29,买盘
2718,13:19:03,22.99,248298,108,卖盘
2719,13:19:06,22.99,66671,29,卖盘
2720,13:19:09,22.99,66674,29,卖盘
2721,13:19:12,22.99,22995,10,卖盘
2722,13:19:15,22.99,45983,20,卖盘
2723,13:19:18,22.99,165537,72,卖盘
2724,13:19:21,22.99,117267,51,卖盘
2725,13:19:24,22.99,395428,172,卖盘
2726,13:19:27,22.98,958845,417,卖盘
2727,13:19:30,22.99,245984,107,中性盘
2728,13:19:33,22.99,52881,23,卖盘
2729,13:19:36,22.99,62073,27,卖盘
2730,13:19:39,22.99,71269,31,买盘
2731,13:19:42,22.99,29887,13,卖盘
2732,13:19:45,23.0,87392,38,买盘
2733,13:19:48,23.0,87387,38,买盘
2734,13:19:51,22.99,73568,32,卖盘
2735,13:19:54,22.98,16089,7,卖盘
2736,13:19:57,22.98,32183,14,卖盘
2737,13:20:00,23.0,27591,12,买盘
2738,13:20:03,22.99,20691,9,卖盘
2739,13:20:06,22.99,87362,38,卖盘
2740,13:20:09,22.98,34470,15,卖盘
2741,13:20:12,22.99,563035,245,买盘
2742,13:20:15,22.99,567678,247,买盘
2743,13:20:18,22.98,167774,73,卖盘
2744,13:20:21,22.98,29874,13,卖盘
2745,13:20:24,22.97,142481,62,卖盘
2746,13:20:27,22.98,262071,114,卖盘
2747,13:20:30,23.0,305871,133,买盘
2748,13:20:33,22.99,140252,61,卖盘
2749,13:20:36,22.99,45980,20,卖盘
2750,13:20:39,22.99,117249,51,卖盘
2751,13:20:42,23.0,89666,39,买盘
2752,13:20:45,23.0,181692,79,买盘
2753,13:20:48,23.0,174733,76,买盘
2754,13:20:51,22.98,62058,27,卖盘
2755,13:20:54,22.99,39071,17,买盘
2756,13:20:57,22.99,11495,5,买盘
2757,13:21:00,22.98,183845,80,卖盘
2758,13:21:03,22.98,50556,22,卖盘
2759,13:21:06,22.98,27576,12,卖盘
2760,13:21:09,22.99,64369,28,买盘
2761,13:21:12,22.98,71238,31,卖盘
2762,13:21:15,22.98,87324,38,卖盘
2763,13:21:18,22.99,78139,34,买盘
2764,13:21:21,22.99,4409411,1918,买盘
2765,13:21:24,22.99,1427644,621,卖盘
2766,13:21:27,23.0,383763,167,买盘
2767,13:21:30,23.01,80493,35,买盘
2768,13:21:33,23.0,6900,3,卖盘
2769,13:21:36,23.01,32207,14,买盘
2770,13:21:39,23.0,13800,6,卖盘
2771,13:21:42,23.0,32200,14,卖盘
2772,13:21:45,23.0,36810,16,卖盘
2773,13:21:48,23.01,43709,19,买盘
2774,13:21:51,23.01,85130,37,买盘
2775,13:21:54,23.0,48310,21,卖盘
2776,13:21:57,23.0,138000,60,卖盘
2777,13:22:00,22.99,85101,37,卖盘
2778,13:22:03,22.99,558751,243,卖盘
2779,13:22:06,23.0,158655,69,卖盘
2780,13:22:09,23.0,41400,18,卖盘
2781,13:22:12,23.0,78194,34,卖盘
2782,13:22:15,23.0,62107,27,买盘
2783,13:22:18,23.01,292109,127,买盘
2784,13:22:21,23.0,103507,45,卖盘
2785,13:22:24,23.01,184007,80,买盘
2786,13:22:27,23.0,59800,26,卖盘
2787,13:22:30,23.0,165616,72,卖盘
2788,13:22:33,23.01,85090,37,买盘
2789,13:22:36,23.01,103515,45,买盘
2790,13:22:39,23.0,34500,15,中性盘
2791,13:22:42,23.01,110433,48,买盘
2792,13:22:45,23.0,27600,12,卖盘
2793,13:22:48,23.0,243889,106,卖盘
2794,13:22:51,23.01,814902,354,卖盘
2795,13:22:54,23.03,354642,154,买盘
2796,13:22:57,23.03,87514,38,卖盘
2797,13:23:00,23.04,156663,68,买盘
2798,13:23:03,23.03,62182,27,卖盘
2799,13:23:06,23.05,43783,19,买盘
2800,13:23:09,23.05,25355,11,买盘
2801,13:23:12,23.04,55296,24,卖盘
2802,13:23:15,23.04,66826,29,卖盘
2803,13:23:18,23.04,62219,27,卖盘
2804,13:23:21,23.04,48384,21,卖盘
2805,13:23:24,23.04,101388,44,卖盘
2806,13:23:27,23.05,133644,58,买盘
2807,13:23:30,23.05,2676286,1163,买盘
2808,13:23:33,23.0,548044,238,卖盘
2809,13:23:36,23.05,947233,411,买盘
2810,13:23:39,23.04,258068,112,卖盘
2811,13:23:42,23.03,168242,73,卖盘
2812,13:23:45,23.04,57600,25,卖盘
2813,13:23:48,23.05,64519,28,买盘
2814,13:23:51,23.04,94477,41,买盘
2815,13:23:54,23.03,39138,17,卖盘
2816,13:23:57,23.02,89836,39,卖盘
2817,13:24:00,23.03,292583,127,卖盘
2818,13:24:03,23.03,193471,84,卖盘
2819,13:24:06,23.02,50644,22,卖盘
2820,13:24:09,23.02,64475,28,卖盘
2821,13:24:12,23.04,103662,45,买盘
2822,13:24:15,23.04,230333,100,买盘
2823,13:24:18,23.03,94436,41,卖盘
2824,13:24:21,23.03,6909,3,卖盘
2825,13:24:24,23.04,105984,46,买盘
2826,13:24:27,23.03,255644,111,卖盘
2827,13:24:30,23.03,172716,75,买盘
2828,13:24:33,23.03,32242,14,卖盘
2829,13:24:36,23.02,64478,28,卖盘
2830,13:24:39,23.02,46064,20,卖盘
2831,13:24:42,23.03,66769,29,买盘
2832,13:24:45,23.03,71391,31,买盘
2833,13:24:48,23.02,57571,25,卖盘
2834,13:24:51,23.04,27646,12,买盘
2835,13:24:54,23.03,18424,8,中性盘
2836,13:24:57,23.03,46060,20,卖盘
2837,13:25:00,23.03,62185,27,卖盘
2838,13:25:03,23.03,133595,58,卖盘
2839,13:25:06,23.03,78307,34,卖盘
2840,13:25:09,23.04,57590,25,买盘
2841,13:25:12,23.03,223476,97,卖盘
2842,13:25:15,23.04,711963,309,买盘
2843,13:25:18,23.04,168192,73,卖盘
2844,13:25:21,23.04,311174,135,卖盘
2845,13:25:24,23.05,212010,92,买盘
2846,13:25:27,23.06,1977768,858,买盘
2847,13:25:30,23.07,518805,225,买盘
2848,13:25:33,23.07,662031,287,买盘
2849,13:25:36,23.08,502963,218,买盘
2850,13:25:39,23.08,260701,113,买盘
2851,13:25:42,23.05,71489,31,卖盘
2852,13:25:45,23.06,13836,6,买盘
2853,13:25:48,23.06,69222,30,卖盘
2854,13:25:51,23.07,223849,97,中性盘
2855,13:25:54,23.09,173072,75,买盘
2856,13:25:57,23.07,55378,24,卖盘
2857,13:26:00,23.09,23075,10,买盘
2858,13:26:06,23.06,43824,19,卖盘
2859,13:26:09,23.09,1606806,696,买盘
2860,13:26:12,23.05,458811,199,卖盘
2861,13:26:15,23.08,140714,61,买盘
2862,13:26:18,23.06,117612,51,卖盘
2863,13:26:21,23.09,528524,229,买盘
2864,13:26:24,23.05,145232,63,卖盘
2865,13:26:27,23.08,23071,10,买盘
2866,13:26:30,23.07,122285,53,中性盘
2867,13:26:33,23.07,129187,56,买盘
2868,13:26:36,23.07,78449,34,卖盘
2869,13:26:39,23.07,57675,25,卖盘
2870,13:26:42,23.06,53041,23,卖盘
2871,13:26:45,23.07,41524,18,买盘
2872,13:26:48,23.07,13842,6,卖盘
2873,13:26:51,23.07,20763,9,卖盘
2874,13:26:54,23.07,62301,27,卖盘
2875,13:26:57,23.07,39213,17,卖盘
2876,13:27:00,23.07,71506,31,买盘
2877,13:27:03,23.07,53071,23,卖盘
2878,13:27:06,23.07,212231,92,卖盘
2879,13:27:09,23.08,145361,63,买盘
2880,13:27:12,23.07,55345,24,中性盘
2881,13:27:15,23.07,78438,34,买盘
2882,13:27:18,23.06,57665,25,卖盘
2883,13:27:21,23.07,6921,3,中性盘
2884,13:27:24,23.06,20758,9,卖盘
2885,13:27:27,23.07,9231,4,中性盘
2886,13:27:30,23.07,87655,38,买盘
2887,13:27:33,23.06,64578,28,卖盘
2888,13:27:36,23.07,117646,51,买盘
2889,13:27:39,23.08,170730,74,买盘
2890,13:27:42,23.07,1584417,687,中性盘
2891,13:27:45,23.07,352876,153,卖盘
2892,13:27:48,23.05,516910,224,卖盘
2893,13:27:51,23.07,186765,81,卖盘
2894,13:27:54,23.06,175324,76,卖盘
2895,13:27:57,23.08,161438,70,买盘
2896,13:28:00,23.05,57632,25,卖盘
2897,13:28:03,23.06,13837,6,中性盘
2898,13:28:06,23.05,16139,7,卖盘
2899,13:28:09,23.07,55361,24,买盘
2900,13:28:12,23.04,205127,89,卖盘
2901,13:28:15,23.05,168289,73,卖盘
2902,13:28:18,23.06,145295,63,买盘
2903,13:28:21,23.06,154508,67,卖盘
2904,13:28:24,23.07,122288,53,中性盘
2905,13:28:27,23.08,64595,28,买盘
2906,13:28:30,23.07,159166,69,买盘
2907,13:28:33,23.06,57650,25,卖盘
2908,13:28:36,23.06,13836,6,卖盘
2909,13:28:39,23.06,85340,37,卖盘
2910,13:28:42,23.06,76108,33,卖盘
2911,13:28:45,23.07,57655,25,中性盘
2912,13:28:48,23.07,43831,19,卖盘
2913,13:28:51,23.08,136154,59,买盘
2914,13:28:54,23.07,94559,41,中性盘
2915,13:28:57,23.07,6921,3,卖盘
2916,13:29:00,23.07,25381,11,卖盘
2917,13:29:03,23.08,57680,25,买盘
2918,13:29:06,23.07,55366,24,卖盘
2919,13:29:09,23.07,34597,15,买盘
2920,13:29:12,23.07,108450,47,卖盘
2921,13:29:15,23.08,46147,20,买盘
2922,13:29:18,23.08,680850,295,买盘
2923,13:29:21,23.08,445501,193,卖盘
2924,13:29:24,23.08,143112,62,卖盘
2925,13:29:27,23.09,136222,59,买盘
2926,13:29:30,23.08,143101,62,卖盘
2927,13:29:33,23.09,120018,52,买盘
2928,13:29:36,23.08,30004,13,卖盘
2929,13:29:39,23.08,129248,56,卖盘
2930,13:29:42,23.08,207771,90,买盘
2931,13:29:45,23.09,115413,50,买盘
2932,13:29:48,23.08,76158,33,卖盘
2933,13:29:51,23.07,39228,17,卖盘
2934,13:29:54,23.08,16156,7,卖盘
2935,13:29:57,23.08,133864,58,卖盘
2936,13:30:00,23.08,189293,82,卖盘
2937,13:30:03,23.09,99268,43,买盘
2938,13:30:06,23.08,57700,25,卖盘
2939,13:30:09,23.08,166196,72,卖盘
2940,13:30:12,23.08,274654,119,卖盘
2941,13:30:15,23.07,145437,63,卖盘
2942,13:30:18,23.08,290918,126,中性盘
2943,13:30:21,23.09,173140,75,买盘
2944,13:30:24,23.08,41544,18,卖盘
2945,13:30:27,23.09,180092,78,买盘
2946,13:30:30,23.08,136196,59,卖盘
2947,13:30:33,23.09,511267,221,买盘
2948,13:30:36,23.1,480412,208,买盘
2949,13:30:39,23.1,2005074,868,买盘
2950,13:30:42,23.11,1379601,597,买盘
2951,13:30:45,23.1,272589,118,卖盘
2952,13:30:48,23.12,256588,111,买盘
2953,13:30:51,23.12,358298,155,买盘
2954,13:30:54,23.11,134046,58,卖盘
2955,13:30:57,23.12,180317,78,买盘
2956,13:31:00,23.11,129440,56,卖盘
2957,13:31:03,23.13,92504,40,买盘
2958,13:31:06,23.13,99451,43,买盘
2959,13:31:09,23.13,141073,61,买盘
2960,13:31:12,23.13,175769,76,买盘
2961,13:31:15,23.13,192031,83,卖盘
2962,13:31:18,23.14,90222,39,买盘
2963,13:31:21,23.14,99474,43,买盘
2964,13:31:24,23.14,263774,114,买盘
2965,13:31:27,23.14,210540,91,买盘
2966,13:31:30,23.14,243036,105,买盘
2967,13:31:33,23.15,613213,265,买盘
2968,13:31:36,23.15,196685,85,买盘
2969,13:31:39,23.14,409657,177,买盘
2970,13:31:42,23.14,231393,100,买盘
2971,13:31:45,23.15,249961,108,买盘
2972,13:31:48,23.15,120355,52,买盘
2973,13:31:51,23.16,280110,121,买盘
2974,13:31:54,23.15,280102,121,卖盘
2975,13:31:57,23.16,247783,107,买盘
2976,13:32:00,23.14,347307,150,卖盘
2977,13:32:03,23.14,479228,207,卖盘
2978,13:32:06,23.14,291612,126,中性盘
2979,13:32:09,23.16,384366,166,买盘
2980,13:32:12,23.15,131904,57,中性盘
2981,13:32:15,23.14,125013,54,卖盘
2982,13:32:18,23.15,303319,131,中性盘
2983,13:32:21,23.15,99517,43,卖盘
2984,13:32:24,23.15,87970,38,买盘
2985,13:32:27,23.15,118044,51,买盘
2986,13:32:30,23.15,224537,97,买盘
2987,13:32:33,23.15,249987,108,买盘
2988,13:32:36,23.14,171291,74,卖盘
2989,13:32:39,23.14,60169,26,卖盘
2990,13:32:42,23.14,11570,5,卖盘
2991,13:32:45,23.14,122643,53,卖盘
2992,13:32:48,23.14,178223,77,卖盘
2993,13:32:51,23.14,249905,108,卖盘
2994,13:32:54,23.15,280035,121,买盘
2995,13:32:57,23.14,148083,64,卖盘
2996,13:33:00,23.14,166640,72,卖盘
2997,13:33:03,23.14,76339,33,买盘
2998,13:33:06,23.14,67106,29,买盘
2999,13:33:09,23.13,129564,56,卖盘
3000,13:33:12,23.14,94856,41,买盘
3001,13:33:15,23.13,18504,8,卖盘
3002,13:33:18,23.14,76348,33,买盘
3003,13:33:21,23.13,210503,91,卖盘
3004,13:33:24,23.14,187382,81,买盘
3005,13:33:27,23.14,194348,84,买盘
3006,13:33:30,23.14,157345,68,买盘
3007,13:33:33,23.14,101755,44,买盘
3008,13:33:36,23.12,9252,4,卖盘
3009,13:33:39,23.13,113356,49,卖盘
3010,13:33:42,23.14,80941,35,买盘
3011,13:33:45,23.12,319238,138,卖盘
3012,13:33:48,23.14,168790,73,买盘
3013,13:33:51,23.14,333249,144,买盘
3014,13:33:54,23.13,108751,47,卖盘
3015,13:33:57,23.14,150404,65,买盘
3016,13:34:00,23.14,90251,39,卖盘
3017,13:34:03,23.15,157372,68,买盘
3018,13:34:06,23.14,92531,40,买盘
3019,13:34:09,23.13,41645,18,卖盘
3020,13:34:12,23.14,57842,25,买盘
3021,13:34:15,23.14,43952,19,买盘
3022,13:34:18,23.13,6939,3,卖盘
3023,13:34:21,23.13,94840,41,卖盘
3024,13:34:24,23.14,601623,260,买盘
3025,13:34:27,23.14,372562,161,买盘
3026,13:34:30,23.14,416391,180,卖盘
3027,13:34:33,23.14,293835,127,卖盘
3028,13:34:36,23.13,62454,27,卖盘
3029,13:34:39,23.13,111034,48,卖盘
3030,13:34:42,23.12,41616,18,卖盘
3031,13:34:45,23.13,131832,57,买盘
3032,13:34:48,23.12,43928,19,卖盘
3033,13:34:51,23.12,55504,24,卖盘
3034,13:34:54,23.13,41634,18,买盘
3035,13:34:57,23.12,90183,39,卖盘
3036,13:35:00,23.13,182735,79,买盘
3037,13:35:03,23.14,173514,75,买盘
3038,13:35:06,23.13,43947,19,卖盘
3039,13:35:09,23.13,67077,29,卖盘
3040,13:35:12,23.14,57837,25,买盘
3041,13:35:15,23.13,83237,36,买盘
3042,13:35:18,23.14,53209,23,买盘
3043,13:35:21,23.13,78651,34,卖盘
3044,13:35:24,23.14,25454,11,买盘
3045,13:35:27,23.13,67091,29,卖盘
3046,13:35:30,23.14,62470,27,买盘
3047,13:35:33,23.13,55504,24,卖盘
3048,13:35:36,23.13,16196,7,卖盘
3049,13:35:39,23.13,64776,28,卖盘
3050,13:35:42,23.13,420959,182,卖盘
3051,13:35:45,23.12,129473,56,卖盘
3052,13:35:48,23.12,559499,242,卖盘
3053,13:35:51,23.11,238099,103,卖盘
3054,13:35:54,23.12,205836,89,卖盘
3055,13:35:57,23.12,60097,26,卖盘
3056,13:36:00,23.12,37001,16,卖盘
3057,13:36:03,23.11,87853,38,卖盘
3058,13:36:06,23.12,138734,60,买盘
3059,13:36:09,23.12,62415,27,卖盘
3060,13:36:12,23.13,638174,276,买盘
3061,13:36:15,23.13,198924,86,卖盘
3062,13:36:18,23.14,386414,167,买盘
3063,13:36:21,23.14,217553,94,卖盘
3064,13:36:24,23.15,210643,91,买盘
3065,13:36:27,23.14,307842,133,卖盘
3066,13:36:30,23.15,136540,59,买盘
3067,13:36:33,23.14,298568,129,卖盘
3068,13:36:36,23.14,83301,36,卖盘
3069,13:36:39,23.14,64787,28,卖盘
3070,13:36:42,23.13,85611,37,卖盘
3071,13:36:45,23.13,32382,14,卖盘
3072,13:36:51,23.14,270688,117,买盘
3073,13:36:54,23.13,689285,298,卖盘
3074,13:36:57,23.15,434912,188,买盘
3075,13:37:00,23.14,106448,46,卖盘
3076,13:37:03,23.14,27768,12,卖盘
3077,13:37:06,23.14,48594,21,卖盘
3078,13:37:09,23.14,104140,45,中性盘
3079,13:37:12,23.14,39333,17,卖盘
3080,13:37:15,23.13,34696,15,卖盘
3081,13:37:18,23.14,34710,15,买盘
3082,13:37:21,23.14,30082,13,卖盘
3083,13:37:24,23.14,23147,10,卖盘
3084,13:37:27,23.14,141161,61,卖盘
3085,13:37:30,23.14,71739,31,卖盘
