,成交时间,成交价格,成交金额,成交量,性质
0,09:25:00,23.65,3951915,1671,卖盘
1,09:30:00,23.65,8774639,3706,买盘
2,09:30:03,23.67,4902043,2070,买盘
3,09:30:06,23.7,3543435,1492,买盘
4,09:30:09,23.68,2392826,1009,卖盘
5,09:30:12,23.76,825201,348,买盘
6,09:30:15,23.68,369882,156,卖盘
7,09:30:18,23.76,2508948,1056,买盘
8,09:30:21,23.77,579771,244,中性盘
9,09:30:24,23.74,1980616,833,卖盘
10,09:30:27,23.78,577273,243,买盘
11,09:30:30,23.78,377812,159,买盘
12,09:30:33,23.79,784733,330,买盘
13,09:30:36,23.78,1115975,469,卖盘
14,09:30:39,23.79,1163073,489,买盘
15,09:30:42,23.8,1047378,440,买盘
16,09:30:45,23.79,1670309,702,卖盘
17,09:30:48,23.79,552176,232,买盘
18,09:30:51,23.79,530355,223,卖盘
19,09:30:54,23.75,1413402,595,卖盘
20,09:30:57,23.7,206343,87,卖盘
21,09:31:00,23.74,490951,207,买盘
22,09:31:03,23.75,180435,76,买盘
23,09:31:06,23.73,603026,254,卖盘
24,09:31:09,23.75,493884,208,卖盘
25,09:31:12,23.75,978412,412,中性盘
26,09:31:15,23.77,1023775,431,买盘
27,09:31:18,23.75,289790,122,卖盘
28,09:31:21,23.76,237728,100,中性盘
29,09:31:24,23.77,801091,337,买盘
30,09:31:27,23.76,249480,105,卖盘
31,09:31:30,23.78,354216,149,买盘
32,09:31:33,23.76,522957,220,卖盘
33,09:31:36,23.77,123565,52,买盘
34,09:31:39,23.77,399341,168,买盘
35,09:31:42,23.77,760457,320,买盘
36,09:31:45,23.77,309006,130,买盘
37,09:31:48,23.77,325656,137,卖盘
38,09:31:51,23.77,1355200,570,买盘
39,09:31:54,23.77,135445,57,买盘
40,09:31:57,23.76,456349,192,卖盘
41,09:32:00,23.76,1299375,547,卖盘
42,09:32:03,23.77,415926,175,买盘
43,09:32:06,23.76,1887384,794,卖盘
44,09:32:09,23.74,204250,86,卖盘
45,09:32:12,23.75,211349,89,买盘
46,09:32:15,23.73,718841,303,卖盘
47,09:32:18,23.72,253824,107,卖盘
48,09:32:21,23.73,258578,109,买盘
49,09:32:24,23.71,568954,240,卖盘
50,09:32:27,23.71,592691,250,卖盘
51,09:32:30,23.71,1294275,546,卖盘
52,09:32:33,23.72,1276432,538,中性盘
53,09:32:36,23.72,1479588,624,卖盘
54,09:32:39,23.72,1427470,602,卖盘
55,09:32:42,23.73,239617,101,中性盘
56,09:32:45,23.75,294219,124,买盘
57,09:32:48,23.71,462657,195,卖盘
58,09:32:51,23.72,1005915,424,中性盘
59,09:32:54,23.71,571646,241,卖盘
60,09:32:57,23.74,154247,65,中性盘
61,09:33:00,23.75,659955,278,买盘
62,09:33:03,23.75,962063,405,买盘
63,09:33:06,23.75,496375,209,卖盘
64,09:33:09,23.75,413283,174,卖盘
65,09:33:12,23.79,2598634,1093,买盘
66,09:33:15,23.75,669578,282,中性盘
67,09:33:18,23.75,2703681,1137,买盘
68,09:33:21,23.75,382128,161,买盘
69,09:33:24,23.75,446327,188,买盘
70,09:33:27,23.77,166229,70,买盘
71,09:33:30,23.76,249419,105,中性盘
72,09:33:33,23.75,42751,18,卖盘
73,09:33:36,23.75,498840,210,卖盘
74,09:33:39,23.76,280307,118,买盘
75,09:33:42,23.74,925882,390,卖盘
76,09:33:45,23.77,1277868,538,买盘
77,09:33:48,23.75,61747,26,卖盘
78,09:33:51,23.74,310924,131,卖盘
79,09:33:54,23.73,562220,237,买盘
80,09:33:57,23.73,900844,380,买盘
81,09:34:00,23.72,324944,137,买盘
82,09:34:03,23.73,294206,124,买盘
83,09:34:06,23.73,244439,103,卖盘
84,09:34:09,23.73,294276,124,卖盘
85,09:34:12,23.74,256342,108,买盘
86,09:34:15,23.74,450946,190,卖盘
87,09:34:18,23.74,125813,53,买盘
88,09:34:21,23.75,106819,45,买盘
89,09:34:24,23.73,208907,88,卖盘
90,09:34:27,23.75,780941,329,买盘
91,09:34:30,23.73,2346401,988,中性盘
92,09:34:33,23.73,118645,50,卖盘
93,09:34:36,23.74,234879,99,买盘
94,09:34:39,23.72,899084,379,卖盘
95,09:34:42,23.71,344027,145,卖盘
96,09:34:45,23.72,365257,154,中性盘
97,09:34:48,23.71,377099,159,卖盘
98,09:34:51,23.7,161192,68,卖盘
99,09:34:54,23.7,1962412,828,卖盘
100,09:34:57,23.69,113754,48,卖盘
101,09:35:00,23.7,222767,94,买盘
102,09:35:03,23.7,435909,184,中性盘
103,09:35:06,23.7,334002,141,卖盘
104,09:35:09,23.68,419368,177,卖盘
105,09:35:12,23.68,78148,33,卖盘
106,09:35:15,23.67,1547851,654,卖盘
107,09:35:18,23.65,352438,149,卖盘
108,09:35:21,23.66,80448,34,买盘
109,09:35:24,23.65,534519,226,卖盘
110,09:35:27,23.65,1274772,539,卖盘
111,09:35:30,23.65,271975,115,卖盘
112,09:35:33,23.63,2944343,1245,卖盘
113,09:35:36,23.65,132475,56,中性盘
114,09:35:39,23.65,1518926,642,卖盘
115,09:35:42,23.66,189280,80,买盘
116,09:35:45,23.65,208151,88,卖盘
117,09:35:48,23.65,170319,72,卖盘
118,09:35:51,23.65,439949,186,卖盘
119,09:35:54,23.66,85176,36,中性盘
120,09:35:57,23.67,792455,335,买盘
121,09:36:00,23.67,54419,23,买盘
122,09:36:03,23.67,217694,92,买盘
123,09:36:06,23.66,1197151,506,卖盘
124,09:36:09,23.66,137251,58,卖盘
125,09:36:12,23.66,319413,135,卖盘
126,09:36:15,23.67,324190,137,买盘
127,09:36:18,23.65,371484,157,卖盘
128,09:36:21,23.67,108826,46,买盘
129,09:36:24,23.65,227122,96,卖盘
130,09:36:27,23.65,468386,198,卖盘
131,09:36:30,23.65,600766,254,卖盘
132,09:36:33,23.66,236520,100,买盘
133,09:36:36,23.65,759184,321,卖盘
134,09:36:39,23.67,532413,225,买盘
135,09:36:42,23.67,750627,317,卖盘
136,09:36:45,23.71,1229559,519,买盘
137,09:36:48,23.69,175354,74,卖盘
138,09:36:51,23.69,576129,243,卖盘
139,09:36:54,23.7,172960,73,买盘
140,09:36:57,23.7,35551,15,买盘
141,09:37:00,23.72,922306,389,买盘
142,09:37:03,23.72,97252,41,卖盘
143,09:37:06,23.74,118689,50,买盘
144,09:37:09,23.75,1146990,483,买盘
145,09:37:12,23.75,170996,72,卖盘
146,09:37:15,23.78,1181605,497,买盘
147,09:37:18,23.78,59450,25,卖盘
148,09:37:21,23.78,513806,216,卖盘
149,09:37:24,23.78,71337,30,买盘
150,09:37:27,23.79,328175,138,买盘
151,09:37:30,23.77,1076439,453,卖盘
152,09:37:33,23.77,461148,194,卖盘
153,09:37:36,23.74,349329,147,卖盘
154,09:37:39,23.77,80818,34,买盘
155,09:37:42,23.74,1571606,662,卖盘
156,09:37:45,23.72,446043,188,卖盘
157,09:37:48,23.74,541445,228,买盘
158,09:37:51,23.72,534069,225,买盘
159,09:37:54,23.72,595018,251,买盘
160,09:37:57,23.71,279885,118,卖盘
161,09:38:00,23.68,512143,216,卖盘
162,09:38:03,23.72,175391,74,买盘
163,09:38:06,23.7,694414,293,买盘
164,09:38:09,23.71,265536,112,买盘
165,09:38:12,23.7,161165,68,卖盘
166,09:38:15,23.7,308155,130,卖盘
167,09:38:18,23.7,255960,108,卖盘
168,09:38:21,23.7,405473,171,买盘
169,09:38:24,23.72,203881,86,买盘
170,09:38:27,23.74,389241,164,买盘
171,09:38:30,23.71,258543,109,卖盘
172,09:38:33,23.73,78277,33,买盘
173,09:38:36,23.71,106707,45,卖盘
174,09:38:39,23.73,161256,68,买盘
175,09:38:42,23.71,220641,93,卖盘
176,09:38:45,23.71,54564,23,卖盘
177,09:38:48,23.73,747395,315,买盘
178,09:38:51,23.73,118650,50,卖盘
179,09:38:54,23.73,232582,98,卖盘
180,09:38:57,23.73,90174,38,卖盘
181,09:39:00,23.73,348867,147,卖盘
182,09:39:03,23.73,215982,91,中性盘
183,09:39:06,23.73,287207,121,买盘
184,09:39:09,23.71,678318,286,卖盘
185,09:39:12,23.72,40324,17,中性盘
186,09:39:15,23.73,408171,172,买盘
187,09:39:18,23.72,348891,147,卖盘
188,09:39:21,23.72,256299,108,卖盘
189,09:39:24,23.73,106775,45,买盘
190,09:39:27,23.72,28464,12,中性盘
191,09:39:30,23.73,275171,116,买盘
192,09:39:33,23.71,547623,231,卖盘
193,09:39:36,23.71,165928,70,买盘
194,09:39:39,23.71,308244,130,买盘
195,09:39:42,23.71,391215,165,买盘
196,09:39:45,23.72,4744,2,买盘
197,09:39:48,23.72,151790,64,买盘
198,09:39:51,23.72,128108,54,卖盘
199,09:39:54,23.71,557231,235,卖盘
200,09:39:57,23.71,28454,12,卖盘
201,09:40:00,23.72,498154,210,买盘
202,09:40:03,23.71,303615,128,卖盘
203,09:40:06,23.72,73540,31,中性盘
204,09:40:09,23.72,220601,93,卖盘
205,09:40:12,23.72,389038,164,卖盘
206,09:40:15,23.72,498100,210,买盘
207,09:40:18,23.72,139903,59,买盘
208,09:40:21,23.71,270380,114,卖盘
209,09:40:24,23.71,234805,99,卖盘
210,09:40:27,23.71,7113,3,卖盘
211,09:40:30,23.71,142278,60,卖盘
212,09:40:33,23.72,137530,58,买盘
213,09:40:36,23.72,151756,64,买盘
214,09:40:39,23.72,1427965,602,买盘
215,09:40:42,23.73,249081,105,卖盘
216,09:40:45,23.73,7119,3,卖盘
217,09:40:48,23.73,168505,71,卖盘
218,09:40:51,23.73,54562,23,买盘
219,09:40:54,23.73,227794,96,买盘
220,09:40:57,23.74,244448,103,买盘
221,09:41:00,23.74,149559,63,买盘
222,09:41:03,23.74,206476,87,买盘
223,09:41:06,23.74,64098,27,卖盘
224,09:41:09,23.74,104493,44,卖盘
225,09:41:12,23.74,37985,16,卖盘
226,09:41:15,23.74,840507,354,卖盘
227,09:41:18,23.74,83086,35,买盘
228,09:41:21,23.75,1327374,559,买盘
229,09:41:24,23.74,73577,31,中性盘
230,09:41:27,23.74,216017,91,买盘
231,09:41:30,23.74,66472,28,卖盘
232,09:41:33,23.74,237415,100,卖盘
233,09:41:36,23.74,156676,66,卖盘
234,09:41:39,23.73,37981,16,卖盘
235,09:41:42,23.73,223153,94,卖盘
236,09:41:45,23.73,170862,72,卖盘
237,09:41:48,23.74,277734,117,买盘
238,09:41:51,23.72,1155559,487,卖盘
239,09:41:54,23.73,135254,57,买盘
240,09:41:57,23.73,59320,25,买盘
241,09:42:00,23.72,116276,49,卖盘
242,09:42:03,23.73,73552,31,买盘
243,09:42:06,23.73,377114,159,买盘
244,09:42:09,23.71,270485,114,卖盘
245,09:42:12,23.71,215815,91,卖盘
246,09:42:15,23.72,230059,97,买盘
247,09:42:18,23.71,104325,44,卖盘
248,09:42:21,23.71,322458,136,卖盘
249,09:42:24,23.71,135150,57,卖盘
250,09:42:27,23.72,125691,53,买盘
251,09:42:30,23.71,424454,179,卖盘
252,09:42:33,23.7,542785,229,卖盘
253,09:42:36,23.71,33187,14,卖盘
254,09:42:39,23.69,1526134,644,卖盘
255,09:42:42,23.68,4736,2,卖盘
256,09:42:45,23.68,2368,1,卖盘
257,09:42:48,23.67,284156,120,卖盘
258,09:42:51,23.68,201238,85,买盘
259,09:42:54,23.67,449762,190,卖盘
260,09:42:57,23.68,16573,7,买盘
261,09:43:00,23.67,222461,94,卖盘
262,09:43:03,23.68,580079,245,买盘
263,09:43:06,23.66,3130349,1323,卖盘
264,09:43:09,23.67,4734,2,卖盘
265,09:43:12,23.67,227188,96,卖盘
266,09:43:15,23.67,9468,4,买盘
267,09:43:18,23.66,184561,78,卖盘
268,09:43:21,23.67,104108,44,买盘
269,09:43:24,23.66,170412,72,卖盘
270,09:43:27,23.66,951162,402,卖盘
271,09:43:30,23.65,89905,38,卖盘
272,09:43:33,23.65,693140,293,卖盘
273,09:43:36,23.65,189211,80,卖盘
274,09:43:39,23.65,198682,84,卖盘
275,09:43:42,23.65,236522,100,卖盘
276,09:43:45,23.66,210574,89,买盘
277,09:43:48,23.66,35490,15,卖盘
278,09:43:51,23.66,825582,349,卖盘
279,09:43:54,23.66,217724,92,卖盘
280,09:43:57,23.66,42588,18,卖盘
281,09:44:00,23.66,376192,159,卖盘
282,09:44:03,23.66,220095,93,卖盘
283,09:44:06,23.66,132538,56,卖盘
284,09:44:09,23.66,97032,41,卖盘
285,09:44:12,23.66,664937,281,卖盘
286,09:44:15,23.66,262591,111,买盘
287,09:44:18,23.64,5788159,2448,卖盘
288,09:44:21,23.65,335761,142,买盘
289,09:44:24,23.66,236524,100,买盘
290,09:44:27,23.66,165538,70,买盘
291,09:44:30,23.66,87497,37,卖盘
292,09:44:33,23.66,104097,44,卖盘
293,09:44:36,23.66,30758,13,中性盘
294,09:44:39,23.65,172666,73,卖盘
295,09:44:42,23.66,428072,181,买盘
296,09:44:45,23.68,923294,390,买盘
297,09:44:48,23.68,59200,25,卖盘
298,09:44:51,23.68,286528,121,卖盘
299,09:44:57,23.68,132660,56,卖盘
300,09:45:00,23.68,350523,148,卖盘
301,09:45:03,23.66,35492,15,卖盘
302,09:45:06,23.66,141957,60,卖盘
303,09:45:09,23.66,99377,42,卖盘
304,09:45:12,23.66,151424,64,卖盘
305,09:45:15,23.66,1362340,576,卖盘
306,09:45:18,23.65,92253,39,卖盘
307,09:45:21,23.65,78072,33,卖盘
308,09:45:24,23.65,231838,98,卖盘
309,09:45:27,23.65,359480,152,卖盘
310,09:45:30,23.65,92272,39,卖盘
311,09:45:33,23.65,236562,100,卖盘
312,09:45:36,23.66,30752,13,买盘
313,09:45:39,23.66,792313,335,买盘
314,09:45:42,23.65,271982,115,卖盘
315,09:45:45,23.65,52030,22,买盘
316,09:45:48,23.65,723397,306,买盘
317,09:45:51,23.65,238841,101,买盘
318,09:45:54,23.64,229312,97,卖盘
319,09:45:57,23.65,28380,12,买盘
320,09:46:00,23.64,156050,66,卖盘
321,09:46:03,23.64,458713,194,卖盘
322,09:46:06,23.64,184413,78,卖盘
323,09:46:09,23.65,229357,97,买盘
324,09:46:12,23.64,713931,302,卖盘
325,09:46:15,23.64,709265,300,卖盘
326,09:46:18,23.64,203310,86,卖盘
327,09:46:21,23.65,227018,96,买盘
328,09:46:24,23.64,314417,133,卖盘
329,09:46:27,23.64,56736,24,买盘
330,09:46:30,23.63,721099,305,卖盘
331,09:46:33,23.64,87462,37,买盘
332,09:46:36,23.64,42552,18,卖盘
333,09:46:39,23.64,47280,20,卖盘
334,09:46:42,23.64,40188,17,卖盘
335,09:46:45,23.64,496440,210,卖盘
336,09:46:48,23.64,215144,91,卖盘
337,09:46:51,23.63,1984955,840,卖盘
338,09:46:54,23.62,82690,35,卖盘
339,09:46:57,23.63,181936,77,买盘
340,09:47:00,23.63,295260,125,买盘
341,09:47:03,23.64,179525,76,买盘
342,09:47:06,23.64,248096,105,买盘
343,09:47:09,23.63,245701,104,卖盘
344,09:47:12,23.63,224507,95,买盘
345,09:47:15,23.63,139419,59,买盘
346,09:47:18,23.63,144140,61,卖盘
347,09:47:21,23.62,191339,81,卖盘
348,09:47:24,23.62,1757358,744,卖盘
349,09:47:27,23.62,330622,140,买盘
350,09:47:30,23.61,200736,85,卖盘
351,09:47:33,23.62,384857,163,买盘
352,09:47:36,23.62,934969,396,买盘
353,09:47:39,23.61,125147,53,卖盘
354,09:47:42,23.61,219583,93,卖盘
355,09:47:45,23.61,1296197,549,卖盘
356,09:47:48,23.61,89707,38,买盘
357,09:47:51,23.61,84971,36,买盘
358,09:47:54,23.6,219539,93,卖盘
359,09:47:57,23.6,1102148,467,卖盘
360,09:48:00,23.61,754911,320,买盘
361,09:48:03,23.6,377602,160,卖盘
362,09:48:06,23.6,167573,71,卖盘
363,09:48:09,23.61,200605,85,买盘
364,09:48:12,23.6,368190,156,卖盘
365,09:48:15,23.6,167571,71,卖盘
366,09:48:18,23.6,323354,137,卖盘
367,09:48:21,23.6,500468,212,卖盘
368,09:48:24,23.6,1059666,449,卖盘
369,09:48:27,23.6,304472,129,卖盘
370,09:48:30,23.61,214793,91,买盘
371,09:48:33,23.6,228930,97,卖盘
372,09:48:36,23.6,120367,51,卖盘
373,09:48:39,23.6,679680,288,卖盘
374,09:48:42,23.61,616012,261,买盘
375,09:48:45,23.6,311555,132,卖盘
376,09:48:48,23.6,42490,18,卖盘
377,09:48:51,23.6,101485,43,卖盘
378,09:48:54,23.61,42484,18,买盘
379,09:48:57,23.61,87327,37,买盘
380,09:49:00,23.61,448553,190,买盘
381,09:49:03,23.61,649255,275,买盘
382,09:49:06,23.61,212454,90,卖盘
383,09:49:09,23.62,162919,69,买盘
384,09:49:12,23.61,207769,88,卖盘
385,09:49:15,23.61,122772,52,卖盘
386,09:49:18,23.61,40140,17,卖盘
387,09:49:21,23.62,217290,92,买盘
388,09:49:24,23.62,59026,25,买盘
389,09:49:27,23.62,172356,73,买盘
390,09:49:30,23.61,316395,134,卖盘
391,09:49:33,23.61,410814,174,卖盘
392,09:49:36,23.61,288005,122,买盘
393,09:49:39,23.61,18894,8,卖盘
394,09:49:42,23.6,535811,227,卖盘
395,09:49:45,23.6,616134,261,卖盘
396,09:49:48,23.62,269241,114,买盘
397,09:49:51,23.61,158171,67,卖盘
398,09:49:54,23.6,877932,372,卖盘
399,09:49:57,23.61,125132,53,买盘
400,09:50:00,23.6,597282,253,卖盘
401,09:50:03,23.6,23606,10,卖盘
402,09:50:06,23.61,63728,27,买盘
403,09:50:09,23.6,236078,100,卖盘
404,09:50:12,23.6,292753,124,卖盘
405,09:50:15,23.62,56645,24,买盘
406,09:50:18,23.61,94440,40,卖盘
407,09:50:21,23.61,16527,7,买盘
408,09:50:24,23.6,160602,68,卖盘
409,09:50:27,23.61,80267,34,中性盘
410,09:50:30,23.6,139245,59,卖盘
411,09:50:33,23.61,143993,61,买盘
412,09:50:36,23.61,2361,1,卖盘
413,09:50:39,23.62,56672,24,买盘
414,09:50:42,23.62,214876,91,中性盘
415,09:50:45,23.61,47236,20,卖盘
416,09:50:48,23.61,415541,176,卖盘
417,09:50:51,23.6,939313,398,卖盘
418,09:50:54,23.6,49580,21,卖盘
419,09:50:57,23.6,169938,72,卖盘
420,09:51:00,23.6,207680,88,卖盘
421,09:51:03,23.6,200642,85,卖盘
422,09:51:06,23.6,134530,57,卖盘
423,09:51:09,23.6,115646,49,卖盘
424,09:51:12,23.6,271427,115,卖盘
425,09:51:15,23.6,236356,100,卖盘
426,09:51:18,23.6,16520,7,买盘
427,09:51:21,23.59,323220,137,卖盘
428,09:51:24,23.6,214759,91,买盘
429,09:51:27,23.6,339712,144,买盘
430,09:51:30,23.59,259544,110,卖盘
431,09:51:33,23.59,334986,142,卖盘
432,09:51:36,23.59,549704,233,卖盘
433,09:51:39,23.59,117953,50,买盘
434,09:51:42,23.58,1007014,427,卖盘
435,09:51:45,23.59,155682,66,中性盘
436,09:51:48,23.6,198161,84,买盘
437,09:51:51,23.59,35385,15,卖盘
438,09:51:54,23.59,141547,60,卖盘
439,09:51:57,23.59,101446,43,卖盘
440,09:52:00,23.59,224105,95,卖盘
441,09:52:03,23.59,563801,239,卖盘
442,09:52:06,23.59,84924,36,买盘
443,09:52:09,23.58,108495,46,卖盘
444,09:52:12,23.58,51887,22,卖盘
445,09:52:15,23.59,214662,91,买盘
446,09:52:18,23.58,73113,31,卖盘
447,09:52:21,23.58,949418,403,卖盘
448,09:52:24,23.59,99059,42,中性盘
449,09:52:27,23.59,226436,96,卖盘
450,09:52:30,23.59,115595,49,卖盘
451,09:52:33,23.61,1500636,636,买盘
452,09:52:36,23.6,297272,126,卖盘
453,09:52:39,23.59,28316,12,卖盘
454,09:52:42,23.59,106207,45,卖盘
455,09:52:45,23.61,59016,25,买盘
456,09:52:48,23.59,1675087,710,卖盘
457,09:52:51,23.6,59000,25,买盘
458,09:52:54,23.6,56643,24,卖盘
459,09:52:57,23.61,273791,116,买盘
460,09:53:00,23.6,35400,15,卖盘
461,09:53:03,23.61,217169,92,买盘
462,09:53:06,23.61,94439,40,买盘
463,09:53:09,23.61,44862,19,卖盘
464,09:53:12,23.62,153512,65,买盘
465,09:53:15,23.61,47225,20,卖盘
466,09:53:18,23.62,59046,25,买盘
467,09:53:21,23.62,59046,25,卖盘
468,09:53:24,23.63,134622,57,买盘
469,09:53:27,23.63,49616,21,买盘
470,09:53:30,23.63,59072,25,买盘
471,09:53:33,23.63,49623,21,卖盘
472,09:53:36,23.63,54349,23,卖盘
473,09:53:39,23.63,803434,340,卖盘
474,09:53:42,23.63,243426,103,卖盘
475,09:53:45,23.64,115824,49,买盘
476,09:53:48,23.64,323798,137,卖盘
477,09:53:51,23.64,217574,92,卖盘
478,09:53:54,23.64,430410,182,卖盘
479,09:53:57,23.64,47295,20,卖盘
480,09:54:00,23.64,434985,184,卖盘
481,09:54:03,23.64,47276,20,买盘
482,09:54:06,23.65,1082443,458,买盘
483,09:54:15,23.64,108745,46,卖盘
484,09:54:18,23.65,85140,36,买盘
485,09:54:21,23.65,11822,5,买盘
486,09:54:24,23.65,85124,36,买盘
487,09:54:27,23.64,780182,330,卖盘
488,09:54:30,23.64,196256,83,卖盘
489,09:54:33,23.65,167899,71,买盘
490,09:54:36,23.64,262421,111,卖盘
491,09:54:39,23.64,49662,21,卖盘
492,09:54:42,23.65,184457,78,买盘
493,09:54:45,23.65,37837,16,卖盘
494,09:54:48,23.65,118250,50,卖盘
495,09:54:51,23.65,342929,145,卖盘
496,09:54:54,23.64,54385,23,卖盘
497,09:54:57,23.65,68579,29,买盘
498,09:55:00,23.64,89854,38,卖盘
499,09:55:03,23.65,16555,7,买盘
500,09:55:06,23.65,354738,150,买盘
501,09:55:09,23.65,26015,11,卖盘
502,09:55:12,23.65,177353,75,卖盘
503,09:55:15,23.65,111175,47,买盘
504,09:55:18,23.66,371294,157,买盘
505,09:55:21,23.66,215151,91,买盘
506,09:55:24,23.66,156088,66,买盘
507,09:55:27,23.64,80397,34,卖盘
508,09:55:30,23.64,21284,9,卖盘
509,09:55:33,23.66,1114380,471,买盘
510,09:55:36,23.66,63882,27,卖盘
511,09:55:39,23.63,1868677,790,卖盘
512,09:55:42,23.65,288298,122,中性盘
513,09:55:45,23.63,141785,60,卖盘
514,09:55:48,23.63,160716,68,卖盘
515,09:55:51,23.64,18909,8,买盘
516,09:55:54,23.63,548269,232,卖盘
517,09:55:57,23.63,70883,30,买盘
518,09:56:00,23.63,144109,61,买盘
519,09:56:03,23.62,300044,127,卖盘
520,09:56:06,23.63,28355,12,买盘
521,09:56:09,23.63,42534,18,卖盘
522,09:56:12,23.64,94551,40,买盘
523,09:56:15,23.64,47295,20,中性盘
524,09:56:18,23.65,9461,4,卖盘
525,09:56:21,23.65,42573,18,卖盘
526,09:56:24,23.65,26015,11,卖盘
527,09:56:27,23.66,75671,32,买盘
528,09:56:30,23.65,75680,32,卖盘
529,09:56:33,23.65,87514,37,卖盘
530,09:56:36,23.65,191546,81,卖盘
531,09:56:39,23.65,215228,91,买盘
532,09:56:42,23.66,18928,8,买盘
533,09:56:45,23.64,94591,40,卖盘
534,09:56:48,23.66,28392,12,买盘
535,09:56:51,23.66,283893,120,买盘
536,09:56:54,23.66,54418,23,卖盘
537,09:57:00,23.66,194086,82,卖盘
538,09:57:03,23.67,80475,34,买盘
539,09:57:06,23.67,170406,72,买盘
540,09:57:09,23.66,18928,8,卖盘
541,09:57:12,23.66,643782,272,卖盘
542,09:57:15,23.7,3033462,1281,买盘
543,09:57:18,23.69,7107,3,卖盘
544,09:57:21,23.71,469259,198,买盘
545,09:57:24,23.7,486065,205,卖盘
546,09:57:27,23.71,7113,3,卖盘
547,09:57:30,23.71,66387,28,卖盘
548,09:57:33,23.72,92488,39,买盘
549,09:57:36,23.71,646572,273,买盘
550,09:57:39,23.7,99578,42,中性盘
551,09:57:42,23.76,1108667,467,买盘
552,09:57:45,23.72,35584,15,卖盘
553,09:57:51,23.74,175648,74,买盘
554,09:57:54,23.75,61721,26,买盘
555,09:57:57,23.78,1964957,827,买盘
556,09:58:00,23.78,1265478,532,买盘
557,09:58:03,23.8,95164,40,买盘
558,09:58:06,23.8,3527023,1482,买盘
559,09:58:09,23.84,2336956,981,买盘
560,09:58:12,23.85,1192470,500,买盘
561,09:58:15,23.85,379252,159,卖盘
562,09:58:18,23.85,543834,228,卖盘
563,09:58:21,23.84,145475,61,卖盘
564,09:58:24,23.85,441165,185,买盘
565,09:58:27,23.85,400568,168,买盘
566,09:58:30,23.84,696182,292,买盘
567,09:58:33,23.8,912198,383,卖盘
568,09:58:36,23.84,433688,182,买盘
569,09:58:39,23.82,583439,245,买盘
570,09:58:42,23.82,207244,87,卖盘
571,09:58:45,23.82,426416,179,卖盘
572,09:58:48,23.82,907676,381,卖盘
573,09:58:51,23.82,476313,200,买盘
574,09:58:54,23.82,314423,132,买盘
575,09:58:57,23.82,433330,182,买盘
576,09:59:00,23.81,511727,215,卖盘
577,09:59:03,23.8,419094,176,卖盘
578,09:59:06,23.81,202353,85,买盘
579,09:59:09,23.8,164196,69,中性盘
580,09:59:12,23.79,528199,222,卖盘
581,09:59:15,23.79,90402,38,买盘
582,09:59:18,23.78,420896,177,卖盘
583,09:59:21,23.78,99850,42,买盘
584,09:59:24,23.76,121226,51,卖盘
585,09:59:27,23.76,52272,22,买盘
586,09:59:30,23.75,676822,285,卖盘
587,09:59:33,23.72,804469,339,卖盘
588,09:59:36,23.72,85468,36,卖盘
589,09:59:39,23.72,125802,53,卖盘
590,09:59:42,23.72,40332,17,卖盘
591,09:59:45,23.74,54602,23,买盘
592,09:59:48,23.72,161308,68,卖盘
593,09:59:51,23.73,14239,6,中性盘
594,09:59:54,23.74,54597,23,买盘
595,09:59:57,23.72,144719,61,卖盘
596,10:00:00,23.73,83041,35,中性盘
597,10:00:03,23.73,320518,135,卖盘
598,10:00:06,23.72,92555,39,卖盘
599,10:00:09,23.74,106823,45,买盘
600,10:00:12,23.74,97334,41,卖盘
601,10:00:15,23.74,199453,84,卖盘
602,10:00:18,23.74,161460,68,卖盘
603,10:00:21,23.75,303992,128,买盘
604,10:00:24,23.76,510835,215,买盘
605,10:00:27,23.76,2422644,1019,买盘
606,10:00:30,23.78,615578,259,买盘
607,10:00:36,23.76,68947,29,卖盘
608,10:00:39,23.76,154548,65,卖盘
609,10:00:42,23.78,282782,119,买盘
610,10:00:45,23.77,175904,74,中性盘
611,10:00:48,23.77,472864,199,买盘
612,10:00:51,23.76,726831,306,中性盘
613,10:00:54,23.76,90301,38,买盘
614,10:00:57,23.77,2377,1,买盘
615,10:01:00,23.76,97439,41,卖盘
616,10:01:03,23.77,135475,57,买盘
617,10:01:06,23.76,149688,63,卖盘
618,10:01:09,23.76,289872,122,买盘
619,10:01:12,23.75,401457,169,卖盘
620,10:01:15,23.74,315859,133,卖盘
621,10:01:18,23.74,546213,230,卖盘
622,10:01:21,23.72,892511,376,卖盘
623,10:01:24,23.74,260965,110,买盘
624,10:01:27,23.72,272988,115,卖盘
625,10:01:30,23.72,42716,18,卖盘
626,10:01:33,23.74,671349,283,买盘
627,10:01:36,23.72,14232,6,买盘
628,10:01:39,23.71,770643,325,卖盘
629,10:01:42,23.71,106689,45,买盘
630,10:01:45,23.7,64013,27,卖盘
631,10:01:48,23.7,101923,43,卖盘
632,10:01:51,23.7,23700,10,卖盘
633,10:01:54,23.71,92468,39,买盘
634,10:01:57,23.7,42667,18,卖盘
635,10:02:00,23.71,21339,9,买盘
636,10:02:03,23.72,28454,12,买盘
637,10:02:06,23.71,1069321,451,卖盘
638,10:02:09,23.72,232398,98,买盘
639,10:02:12,23.72,265664,112,买盘
640,10:02:15,23.74,66472,28,买盘
641,10:02:21,23.74,23740,10,买盘
642,10:02:24,23.73,35597,15,卖盘
643,10:02:27,23.73,337062,142,卖盘
644,10:02:30,23.73,16616,7,卖盘
645,10:02:33,23.73,166120,70,卖盘
646,10:02:36,23.74,35609,15,买盘
647,10:02:39,23.74,21360,9,买盘
648,10:02:42,23.74,104456,44,买盘
649,10:02:45,23.74,280277,118,卖盘
650,10:02:48,23.74,90221,38,卖盘
651,10:02:51,23.74,1058566,446,卖盘
652,10:02:54,23.71,804264,339,卖盘
653,10:02:57,23.73,123396,52,买盘
654,10:03:00,23.73,362918,153,买盘
655,10:03:03,23.73,28456,12,买盘
656,10:03:06,23.73,2373,1,买盘
657,10:03:09,23.72,52189,22,卖盘
658,10:03:12,23.72,47458,20,卖盘
659,10:03:15,23.72,1188050,501,卖盘
660,10:03:18,23.7,52166,22,卖盘
661,10:03:24,23.7,971706,410,卖盘
662,10:03:27,23.7,360340,152,卖盘
663,10:03:30,23.7,973930,411,卖盘
664,10:03:33,23.7,28440,12,买盘
665,10:03:36,23.68,364726,154,卖盘
666,10:03:39,23.7,16590,7,买盘
667,10:03:42,23.7,402574,170,买盘
668,10:03:45,23.7,651750,275,买盘
669,10:03:48,23.7,35550,15,买盘
670,10:03:51,23.7,68730,29,卖盘
671,10:03:54,23.7,47404,20,卖盘
672,10:03:57,23.71,37941,16,中性盘
673,10:04:00,23.7,45030,19,卖盘
674,10:04:03,23.7,793952,335,卖盘
675,10:04:06,23.71,45038,19,买盘
676,10:04:09,23.69,73454,31,卖盘
677,10:04:12,23.7,16590,7,买盘
678,10:04:15,23.7,30810,13,买盘
679,10:04:18,23.69,222748,94,卖盘
680,10:04:21,23.7,30810,13,买盘
681,10:04:24,23.7,14220,6,买盘
682,10:04:27,23.69,18952,8,卖盘
683,10:04:30,23.69,7108,3,卖盘
684,10:04:33,23.69,535394,226,卖盘
685,10:04:36,23.69,26059,11,买盘
686,10:04:39,23.66,2986476,1262,卖盘
687,10:04:42,23.68,2368,1,中性盘
688,10:04:45,23.67,40245,17,卖盘
689,10:04:48,23.67,4734,2,卖盘
690,10:04:51,23.67,125456,53,卖盘
691,10:04:57,23.66,617437,261,卖盘
692,10:05:00,23.66,33124,14,卖盘
693,10:05:03,23.67,196444,83,买盘
694,10:05:09,23.68,9472,4,买盘
695,10:05:12,23.67,61556,26,卖盘
696,10:05:15,23.67,170431,72,卖盘
697,10:05:18,23.68,302987,128,中性盘
698,10:05:21,23.69,9476,4,买盘
699,10:05:24,23.68,161051,68,卖盘
700,10:05:27,23.65,958535,405,卖盘
701,10:05:30,23.67,16567,7,中性盘
702,10:05:36,23.67,695856,294,卖盘
703,10:05:39,23.67,2367,1,买盘
704,10:05:42,23.67,104109,44,买盘
705,10:05:45,23.67,4734,2,买盘
706,10:05:48,23.67,16569,7,买盘
707,10:05:51,23.66,203507,86,卖盘
708,10:05:54,23.69,828782,350,买盘
709,10:05:57,23.69,9476,4,买盘
710,10:06:00,23.67,246182,104,卖盘
711,10:06:06,23.67,9468,4,卖盘
712,10:06:09,23.68,9472,4,卖盘
713,10:06:12,23.68,14208,6,卖盘
714,10:06:15,23.67,591771,250,卖盘
715,10:06:21,23.67,23671,10,卖盘
716,10:06:24,23.68,151515,64,买盘
717,10:06:27,23.67,120717,51,卖盘
718,10:06:30,23.67,54441,23,卖盘
719,10:06:33,23.67,175204,74,卖盘
720,10:06:36,23.67,73377,31,卖盘
721,10:06:39,23.67,21300,9,买盘
722,10:06:42,23.67,37872,16,买盘
723,10:06:45,23.68,206016,87,买盘
724,10:06:48,23.67,156222,66,卖盘
725,10:06:51,23.67,23670,10,卖盘
726,10:06:54,23.68,11840,5,买盘
727,10:06:57,23.68,591604,250,买盘
728,10:07:00,23.68,125504,53,买盘
729,10:07:03,23.68,7104,3,卖盘
730,10:07:09,23.68,386052,163,卖盘
731,10:07:12,23.68,40257,17,卖盘
732,10:07:15,23.68,134993,57,卖盘
733,10:07:18,23.7,1514356,639,买盘
734,10:07:21,23.69,11845,5,卖盘
735,10:07:24,23.69,719910,304,卖盘
736,10:07:27,23.7,774611,327,买盘
737,10:07:30,23.71,8497294,3575,买盘
738,10:07:33,23.7,336553,142,卖盘
739,10:07:36,23.77,806260,340,买盘
740,10:07:39,23.73,109104,46,中性盘
741,10:07:42,23.73,782260,330,买盘
742,10:07:45,23.8,2503510,1053,买盘
743,10:07:48,23.74,7122,3,卖盘
744,10:07:51,23.78,23774,10,买盘
745,10:07:54,23.75,56997,24,中性盘
746,10:07:57,23.74,1031676,434,卖盘
747,10:08:00,23.75,40375,17,卖盘
748,10:08:03,23.75,266187,112,卖盘
749,10:08:06,23.77,244791,103,买盘
750,10:08:09,23.76,142617,60,中性盘
751,10:08:12,23.77,266097,112,买盘
752,10:08:15,23.75,194738,82,卖盘
753,10:08:18,23.74,218408,92,中性盘
754,10:08:21,23.74,104454,44,买盘
755,10:08:24,23.73,365504,154,卖盘
756,10:08:27,23.74,90208,38,买盘
757,10:08:30,23.73,118704,50,卖盘
758,10:08:33,23.73,424888,179,买盘
759,10:08:36,23.71,83013,35,卖盘
760,10:08:39,23.72,14232,6,买盘
761,10:08:42,23.71,49806,21,卖盘
762,10:08:45,23.71,120949,51,卖盘
763,10:08:48,23.71,4742,2,买盘
764,10:08:51,23.7,104280,44,卖盘
765,10:08:54,23.69,21327,9,卖盘
766,10:08:57,23.68,646668,273,卖盘
767,10:09:00,23.7,229862,97,买盘
768,10:09:03,23.71,94840,40,买盘
769,10:09:06,23.71,135141,57,买盘
770,10:09:09,23.72,218110,92,买盘
771,10:09:12,23.71,59278,25,卖盘
772,10:09:18,23.71,87757,37,卖盘
773,10:09:21,23.71,35565,15,卖盘
774,10:09:24,23.69,893712,377,卖盘
775,10:09:27,23.71,49791,21,卖盘
776,10:09:30,23.7,75869,32,卖盘
777,10:09:33,23.7,78218,33,卖盘
778,10:09:36,23.71,921934,389,买盘
779,10:09:39,23.7,30810,13,中性盘
780,10:09:42,23.7,687017,290,买盘
781,10:09:45,23.7,628037,265,买盘
782,10:09:48,23.7,184814,78,买盘
783,10:09:51,23.7,35550,15,买盘
784,10:09:54,23.69,94760,40,中性盘
785,10:09:57,23.69,142199,60,中性盘
786,10:10:00,23.7,16590,7,买盘
787,10:10:03,23.69,1767274,746,卖盘
788,10:10:06,23.69,42642,18,买盘
789,10:10:09,23.68,2855759,1206,卖盘
790,10:10:12,23.67,61558,26,卖盘
791,10:10:15,23.65,1807832,764,卖盘
792,10:10:18,23.65,33119,14,卖盘
793,10:10:21,23.64,3454622,1461,卖盘
794,10:10:24,23.64,1113441,471,买盘
795,10:10:27,23.64,181986,77,买盘
796,10:10:30,23.63,155991,66,卖盘
797,10:10:33,23.64,21271,9,买盘
798,10:10:36,23.63,144149,61,卖盘
799,10:10:39,23.63,18909,8,卖盘
800,10:10:42,23.64,56722,24,买盘
801,10:10:45,23.64,203276,86,买盘
802,10:10:48,23.63,191433,81,卖盘
803,10:10:51,23.64,80361,34,买盘
804,10:10:57,23.64,631084,267,买盘
805,10:11:00,23.64,120544,51,买盘
806,10:11:03,23.64,127656,54,卖盘
807,10:11:09,23.64,14184,6,卖盘
808,10:11:12,23.63,1548029,655,卖盘
809,10:11:15,23.64,127624,54,买盘
810,10:11:18,23.63,472704,200,卖盘
811,10:11:21,23.62,255234,108,卖盘
812,10:11:24,23.62,1943906,823,卖盘
813,10:11:27,23.63,94489,40,买盘
814,10:11:30,23.62,2362,1,中性盘
815,10:11:33,23.62,111007,47,卖盘
816,10:11:36,23.61,604492,256,卖盘
817,10:11:39,23.62,373313,158,中性盘
818,10:11:42,23.62,389602,165,买盘
819,10:11:45,23.62,115713,49,买盘
820,10:11:48,23.62,231476,98,卖盘
821,10:11:51,23.62,51964,22,卖盘
822,10:11:54,23.63,203183,86,买盘
823,10:11:57,23.62,115756,49,卖盘
824,10:12:00,23.62,9448,4,卖盘
825,10:12:03,23.6,2802636,1187,卖盘
826,10:12:06,23.61,405998,172,买盘
827,10:12:09,23.61,214801,91,买盘
828,10:12:12,23.6,18886,8,卖盘
829,10:12:15,23.61,162909,69,买盘
830,10:12:18,23.61,693864,294,买盘
831,10:12:21,23.6,441425,187,卖盘
832,10:12:24,23.62,56673,24,买盘
833,10:12:27,23.64,106351,45,买盘
834,10:12:30,23.61,2361,1,卖盘
835,10:12:33,23.63,113442,48,中性盘
836,10:12:36,23.64,59038,25,买盘
837,10:12:39,23.64,146444,62,买盘
838,10:12:42,23.64,75592,32,买盘
839,10:12:45,23.63,28356,12,买盘
840,10:12:48,23.62,23625,10,中性盘
841,10:12:51,23.62,276301,117,买盘
842,10:12:54,23.62,108639,46,中性盘
843,10:12:57,23.62,628050,266,买盘
844,10:13:00,23.61,2053781,870,卖盘
845,10:13:03,23.6,127483,54,卖盘
846,10:13:06,23.62,25979,11,买盘
847,10:13:12,23.61,318735,135,卖盘
848,10:13:15,23.61,84996,36,买盘
849,10:13:18,23.62,11810,5,买盘
850,10:13:21,23.61,857141,363,卖盘
851,10:13:24,23.62,16534,7,买盘
852,10:13:27,23.62,44878,19,卖盘
853,10:13:30,23.63,68502,29,买盘
854,10:13:33,23.62,11810,5,卖盘
855,10:13:36,23.61,630497,267,卖盘
856,10:13:39,23.62,47240,20,中性盘
857,10:13:42,23.63,276387,117,买盘
858,10:13:45,23.62,40161,17,中性盘
859,10:13:48,23.62,11810,5,卖盘
860,10:13:51,23.63,2363,1,买盘
861,10:13:54,23.63,248106,105,买盘
862,10:13:57,23.63,47260,20,买盘
863,10:14:00,23.62,198489,84,卖盘
864,10:14:03,23.63,18904,8,买盘
865,10:14:06,23.63,16538,7,中性盘
866,10:14:09,23.62,111067,47,卖盘
867,10:14:12,23.62,668841,283,卖盘
868,10:14:15,23.63,28355,12,中性盘
869,10:14:18,23.62,706241,299,卖盘
870,10:14:21,23.63,9452,4,买盘
871,10:14:24,23.62,40170,17,卖盘
872,10:14:27,23.63,134638,57,买盘
873,10:14:30,23.62,25982,11,卖盘
874,10:14:33,23.62,28344,12,卖盘
875,10:14:36,23.63,262293,111,买盘
876,10:14:39,23.64,89791,38,买盘
877,10:14:42,23.63,18904,8,中性盘
878,10:14:45,23.64,40170,17,买盘
879,10:14:51,23.64,248121,105,买盘
880,10:14:54,23.64,304856,129,买盘
881,10:14:57,23.64,609608,258,买盘
882,10:15:00,23.64,4728,2,中性盘
883,10:15:03,23.65,11821,5,买盘
884,10:15:06,23.65,59125,25,买盘
885,10:15:09,23.65,4730,2,买盘
886,10:15:12,23.65,236500,100,买盘
887,10:15:15,23.65,305014,129,买盘
888,10:15:18,23.63,378112,160,卖盘
889,10:15:21,23.64,193771,82,买盘
890,10:15:24,23.63,18909,8,卖盘
891,10:15:30,23.64,56734,24,买盘
892,10:15:33,23.63,16541,7,卖盘
893,10:15:36,23.63,668742,283,卖盘
894,10:15:39,23.64,148929,63,买盘
895,10:15:42,23.63,174862,74,卖盘
896,10:15:45,23.63,54349,23,卖盘
897,10:15:48,23.63,144174,61,卖盘
898,10:15:51,23.64,11817,5,买盘
899,10:15:54,23.64,23640,10,买盘
900,10:15:57,23.63,59075,25,卖盘
901,10:16:00,23.63,141780,60,卖盘
902,10:16:03,23.64,219805,93,买盘
903,10:16:06,23.64,59085,25,买盘
904,10:16:09,23.64,9454,4,买盘
905,10:16:12,23.64,111081,47,买盘
906,10:16:15,23.64,9456,4,卖盘
907,10:16:18,23.64,626211,265,买盘
908,10:16:24,23.64,78022,33,卖盘
909,10:16:27,23.65,89841,38,买盘
910,10:16:30,23.63,16546,7,卖盘
911,10:16:33,23.64,23639,10,买盘
912,10:16:36,23.63,59088,25,卖盘
913,10:16:39,23.64,33096,14,买盘
914,10:16:42,23.64,37809,16,买盘
915,10:16:45,23.64,163084,69,买盘
916,10:16:48,23.64,151266,64,买盘
917,10:16:51,23.64,59100,25,买盘
918,10:16:54,23.63,103994,44,卖盘
919,10:16:57,23.63,924166,391,卖盘
920,10:17:00,23.63,236301,100,卖盘
921,10:17:03,23.63,1030301,436,卖盘
922,10:17:06,23.63,92127,39,买盘
923,10:17:09,23.63,11815,5,卖盘
924,10:17:12,23.64,28358,12,买盘
925,10:17:15,23.63,28356,12,卖盘
926,10:17:18,23.61,6097468,2582,卖盘
927,10:17:21,23.61,66096,28,买盘
928,10:17:24,23.6,424915,180,卖盘
929,10:17:30,23.61,122772,52,卖盘
930,10:17:36,23.6,703362,298,卖盘
931,10:17:39,23.6,40134,17,卖盘
932,10:17:42,23.6,146335,62,卖盘
933,10:17:45,23.6,23600,10,卖盘
934,10:17:48,23.61,61370,26,买盘
935,10:17:51,23.61,118050,50,买盘
936,10:17:54,23.61,99143,42,卖盘
937,10:17:57,23.61,9444,4,买盘
938,10:18:00,23.6,776458,329,卖盘
939,10:18:03,23.61,493449,209,买盘
940,10:18:06,23.61,51943,22,卖盘
941,10:18:09,23.61,132216,56,卖盘
942,10:18:12,23.61,18888,8,卖盘
943,10:18:15,23.61,42498,18,卖盘
944,10:18:18,23.61,363683,154,卖盘
945,10:18:21,23.62,80306,34,买盘
946,10:18:24,23.61,99195,42,卖盘
947,10:18:27,23.62,146440,62,中性盘
948,10:18:30,23.63,37789,16,买盘
949,10:18:33,23.62,35440,15,中性盘
950,10:18:36,23.62,2362,1,卖盘
951,10:18:39,23.63,11815,5,买盘
952,10:18:42,23.62,106327,45,中性盘
953,10:18:45,23.63,21264,9,买盘
954,10:18:48,23.61,2361,1,卖盘
955,10:18:51,23.62,14172,6,买盘
956,10:18:54,23.61,1142753,484,卖盘
957,10:18:57,23.62,73216,31,买盘
958,10:19:00,23.61,453327,192,卖盘
959,10:19:03,23.6,812182,344,卖盘
960,10:19:06,23.62,96841,41,买盘
961,10:19:09,23.6,972428,412,卖盘
962,10:19:12,23.61,11805,5,中性盘
963,10:19:15,23.6,611451,259,卖盘
964,10:19:18,23.61,14161,6,中性盘
965,10:19:21,23.61,40137,17,买盘
966,10:19:24,23.61,30693,13,买盘
967,10:19:27,23.61,172339,73,买盘
968,10:19:30,23.61,44855,19,卖盘
969,10:19:33,23.61,80274,34,买盘
970,10:19:36,23.61,9442,4,买盘
971,10:19:39,23.6,30690,13,卖盘
972,10:19:42,23.6,77880,33,卖盘
973,10:19:45,23.61,746067,316,买盘
974,10:19:48,23.61,9444,4,卖盘
975,10:19:51,23.61,28332,12,卖盘
976,10:20:00,23.61,271515,115,卖盘
977,10:20:03,23.61,4722,2,卖盘
978,10:20:06,23.62,35425,15,买盘
979,10:20:09,23.61,155837,66,卖盘
980,10:20:12,23.61,162935,69,卖盘
981,10:20:15,23.61,276347,117,卖盘
982,10:20:18,23.61,127504,54,卖盘
983,10:20:21,23.61,292770,124,卖盘
984,10:20:24,23.62,2362,1,买盘
985,10:20:27,23.61,49583,21,卖盘
986,10:20:30,23.61,188880,80,卖盘
987,10:20:33,23.61,47220,20,卖盘
988,10:20:36,23.61,1612531,683,卖盘
989,10:20:39,23.61,4722,2,买盘
990,10:20:42,23.61,14165,6,买盘
991,10:20:45,23.6,5697067,2414,卖盘
992,10:20:48,23.6,670252,284,卖盘
993,10:20:51,23.6,139240,59,卖盘
994,10:20:54,23.6,200614,85,卖盘
995,10:20:57,23.6,257240,109,卖盘
996,10:21:00,23.59,172286,73,卖盘
997,10:21:03,23.61,259678,110,买盘
998,10:21:06,23.6,325543,138,中性盘
999,10:21:09,23.6,7080,3,买盘
1000,10:21:12,23.6,261960,111,买盘
1001,10:21:15,23.62,842563,357,买盘
1002,10:21:21,23.6,236000,100,卖盘
1003,10:21:24,23.6,332768,141,卖盘
1004,10:21:27,23.6,40120,17,卖盘
1005,10:21:30,23.6,16522,7,卖盘
1006,10:21:33,23.6,18880,8,卖盘
1007,10:21:39,23.61,59025,25,买盘
1008,10:21:42,23.6,54280,23,卖盘
1009,10:21:45,23.6,54284,23,卖盘
1010,10:21:48,23.61,63728,27,买盘
1011,10:21:51,23.6,70802,30,卖盘
1012,10:21:54,23.6,96762,41,卖盘
1013,10:21:57,23.6,25960,11,卖盘
1014,10:22:00,23.6,153403,65,卖盘
1015,10:22:03,23.6,139240,59,卖盘
1016,10:22:06,23.61,2361,1,买盘
1017,10:22:09,23.6,2293812,972,卖盘
1018,10:22:12,23.6,14160,6,买盘
1019,10:22:15,23.61,129785,55,买盘
1020,10:22:18,23.6,4720,2,买盘
1021,10:22:21,23.6,148674,63,买盘
1022,10:22:27,23.6,330400,140,卖盘
1023,10:22:30,23.6,337479,143,买盘
1024,10:22:33,23.6,89680,38,买盘
1025,10:22:36,23.6,188772,80,买盘
1026,10:22:39,23.59,790289,335,卖盘
1027,10:22:42,23.6,61359,26,买盘
1028,10:22:45,23.6,56640,24,买盘
1029,10:22:48,23.6,63716,27,买盘
1030,10:22:51,23.6,35400,15,买盘
1031,10:22:54,23.59,37744,16,卖盘
1032,10:22:57,23.59,175342,74,卖盘
1033,10:23:00,23.59,141546,60,卖盘
1034,10:23:03,23.59,103816,44,卖盘
1035,10:23:06,23.59,368015,156,卖盘
1036,10:23:09,23.59,207595,88,卖盘
1037,10:23:12,23.59,943667,400,卖盘
1038,10:23:15,23.59,30668,13,卖盘
1039,10:23:18,23.59,58975,25,卖盘
1040,10:23:21,23.6,89647,38,买盘
1041,10:23:24,23.6,63720,27,买盘
1042,10:23:27,23.6,117970,50,买盘
1043,10:23:30,23.59,155707,66,卖盘
1044,10:23:33,23.6,73157,31,买盘
1045,10:23:36,23.6,733659,311,买盘
1046,10:23:39,23.59,186361,79,卖盘
1047,10:23:42,23.6,1420320,602,买盘
1048,10:23:45,23.6,146317,62,买盘
1049,10:23:48,23.6,94400,40,买盘
1050,10:23:51,23.6,106200,45,买盘
1051,10:23:54,23.6,228873,97,买盘
1052,10:23:57,23.6,77880,33,买盘
1053,10:24:00,23.6,66056,28,卖盘
1054,10:24:03,23.6,54280,23,卖盘
1055,10:24:06,23.59,94393,40,卖盘
1056,10:24:09,23.59,11797,5,卖盘
1057,10:24:12,23.6,195876,83,买盘
1058,10:24:15,23.6,195830,83,卖盘
1059,10:24:18,23.6,89680,38,买盘
1060,10:24:21,23.6,89680,38,买盘
1061,10:24:24,23.6,108546,46,买盘
1062,10:24:27,23.6,40119,17,买盘
1063,10:24:30,23.6,42474,18,买盘
1064,10:24:33,23.6,4720,2,卖盘
1065,10:24:36,23.6,16520,7,卖盘
1066,10:24:39,23.6,188805,80,卖盘
1067,10:24:42,23.61,47202,20,买盘
1068,10:24:45,23.61,42493,18,买盘
1069,10:24:48,23.61,4722,2,买盘
1070,10:24:51,23.61,11805,5,买盘
1071,10:24:54,23.61,14166,6,买盘
1072,10:24:57,23.61,73191,31,买盘
1073,10:25:00,23.6,63737,27,卖盘
1074,10:25:03,23.61,94439,40,买盘
1075,10:25:06,23.6,21240,9,卖盘
1076,10:25:09,23.6,707960,300,卖盘
1077,10:25:12,23.6,54280,23,中性盘
1078,10:25:15,23.6,23600,10,买盘
1079,10:25:18,23.59,63696,27,卖盘
1080,10:25:21,23.6,122732,52,卖盘
1081,10:25:27,23.6,47201,20,中性盘
1082,10:25:30,23.6,23600,10,卖盘
1083,10:25:33,23.6,37760,16,买盘
1084,10:25:36,23.6,40120,17,买盘
1085,10:25:39,23.6,214749,91,买盘
1086,10:25:42,23.6,118000,50,买盘
1087,10:25:45,23.6,14160,6,买盘
1088,10:25:48,23.59,247729,105,卖盘
1089,10:25:51,23.6,77880,33,买盘
1090,10:25:54,23.61,42481,18,买盘
1091,10:26:00,23.6,61360,26,卖盘
1092,10:26:03,23.61,7083,3,买盘
1093,10:26:06,23.61,51942,22,买盘
1094,10:26:09,23.6,11800,5,卖盘
1095,10:26:12,23.61,54300,23,买盘
1096,10:26:15,23.6,103840,44,卖盘
1097,10:26:18,23.6,127470,54,卖盘
1098,10:26:21,23.6,868480,368,卖盘
1099,10:26:24,23.59,143963,61,卖盘
1100,10:26:27,23.6,153340,65,中性盘
1101,10:26:30,23.59,318565,135,卖盘
1102,10:26:33,23.6,7078,3,买盘
1103,10:26:36,23.6,103800,44,买盘
1104,10:26:39,23.6,9440,4,买盘
1105,10:26:42,23.6,11800,5,买盘
1106,10:26:45,23.6,158120,67,买盘
1107,10:26:48,23.6,332760,141,卖盘
1108,10:26:51,23.6,54280,23,卖盘
1109,10:26:54,23.6,18880,8,买盘
1110,10:26:57,23.6,113280,48,卖盘
1111,10:27:00,23.6,309160,131,卖盘
1112,10:27:03,23.6,47200,20,买盘
1113,10:27:06,23.6,54280,23,买盘
1114,10:27:09,23.59,747806,317,卖盘
1115,10:27:12,23.59,75494,32,卖盘
1116,10:27:15,23.59,103796,44,卖盘
1117,10:27:18,23.59,339697,144,卖盘
1118,10:27:21,23.59,1026170,435,卖盘
1119,10:27:24,23.6,51918,22,买盘
1120,10:27:27,23.6,11800,5,买盘
1121,10:27:30,23.59,14157,6,卖盘
1122,10:27:33,23.59,377472,160,卖盘
1123,10:27:36,23.6,77875,33,买盘
1124,10:27:39,23.6,11800,5,买盘
1125,10:27:42,23.59,2359,1,卖盘
1126,10:27:45,23.6,30679,13,买盘
1127,10:27:48,23.59,14157,6,卖盘
1128,10:27:51,23.59,115591,49,卖盘
1129,10:27:54,23.6,136848,58,买盘
1130,10:27:57,23.59,16516,7,卖盘
1131,10:28:00,23.59,101437,43,卖盘
1132,10:28:03,23.59,2775832,1177,卖盘
1133,10:28:06,23.58,5102680,2164,卖盘
1134,10:28:09,23.6,710137,301,买盘
1135,10:28:12,23.57,4714,2,卖盘
1136,10:28:15,23.58,35360,15,买盘
1137,10:28:18,23.57,98994,42,卖盘
1138,10:28:21,23.58,91925,39,买盘
1139,10:28:24,23.57,127278,54,卖盘
1140,10:28:30,23.57,174421,74,卖盘
1141,10:28:33,23.57,141421,60,卖盘
1142,10:28:36,23.58,252206,107,买盘
1143,10:28:39,23.57,58940,25,卖盘
1144,10:28:42,23.58,181507,77,买盘
1145,10:28:45,23.57,82507,35,卖盘
1146,10:28:48,23.57,141420,60,卖盘
1147,10:28:51,23.57,124936,53,卖盘
1148,10:28:54,23.57,169704,72,卖盘
1149,10:28:57,23.58,146142,62,买盘
1150,10:29:00,23.58,174433,74,买盘
1151,10:29:03,23.57,110812,47,卖盘
1152,10:29:06,23.58,761216,323,买盘
1153,10:29:09,23.57,51860,22,卖盘
1154,10:29:12,23.57,51848,22,买盘
1155,10:29:15,23.57,18851,8,买盘
1156,10:29:18,23.56,205037,87,卖盘
1157,10:29:21,23.57,106063,45,中性盘
1158,10:29:24,23.57,240414,102,卖盘
1159,10:29:27,23.57,25927,11,卖盘
1160,10:29:30,23.57,304059,129,卖盘
1161,10:29:33,23.58,54222,23,买盘
1162,10:29:36,23.57,18856,8,卖盘
1163,10:29:39,23.58,304105,129,买盘
1164,10:29:42,23.58,193294,82,买盘
1165,10:29:45,23.58,301744,128,买盘
1166,10:29:48,23.58,143844,61,卖盘
1167,10:29:57,23.59,11795,5,买盘
1168,10:30:00,23.58,91970,39,卖盘
1169,10:30:03,23.59,44819,19,买盘
1170,10:30:06,23.58,2358,1,卖盘
1171,10:30:09,23.59,18872,8,买盘
1172,10:30:12,23.6,25955,11,买盘
1173,10:30:15,23.59,37749,16,卖盘
1174,10:30:18,23.59,75508,32,卖盘
1175,10:30:24,23.6,14158,6,买盘
1176,10:30:27,23.6,11800,5,买盘
1177,10:30:30,23.59,198152,84,卖盘
1178,10:30:33,23.58,35385,15,卖盘
1179,10:30:36,23.59,181650,77,买盘
1180,10:30:39,23.59,113232,48,卖盘
1181,10:30:42,23.6,2360,1,买盘
1182,10:30:45,23.6,2360,1,买盘
1183,10:30:48,23.6,153400,65,买盘
1184,10:30:51,23.6,28320,12,卖盘
1185,10:30:54,23.61,14166,6,买盘
1186,10:30:57,23.6,23600,10,卖盘
1187,10:31:00,23.6,44844,19,卖盘
1188,10:31:03,23.59,540332,229,卖盘
1189,10:31:06,23.6,11804,5,卖盘
1190,10:31:09,23.6,89674,38,买盘
1191,10:31:12,23.6,23600,10,卖盘
1192,10:31:15,23.6,120360,51,卖盘
1193,10:31:18,23.6,28320,12,卖盘
1194,10:31:21,23.6,7080,3,卖盘
1195,10:31:24,23.6,7080,3,卖盘
1196,10:31:27,23.6,80240,34,卖盘
1197,10:31:30,23.6,51921,22,卖盘
1198,10:31:36,23.61,203036,86,买盘
1199,10:31:39,23.6,70825,30,卖盘
1200,10:31:42,23.61,18888,8,买盘
1201,10:31:45,23.61,75552,32,买盘
1202,10:31:54,23.61,177075,75,卖盘
1203,10:31:57,23.6,14162,6,卖盘
1204,10:32:00,23.61,9444,4,中性盘
1205,10:32:03,23.61,47220,20,卖盘
1206,10:32:06,23.61,92050,39,中性盘
1207,10:32:09,23.61,276237,117,买盘
1208,10:32:12,23.61,59025,25,买盘
1209,10:32:15,23.61,110967,47,买盘
1210,10:32:18,23.61,7083,3,卖盘
1211,10:32:21,23.6,47218,20,卖盘
1212,10:32:24,23.61,94477,40,卖盘
1213,10:32:27,23.61,25971,11,卖盘
1214,10:32:30,23.61,96801,41,卖盘
1215,10:32:33,23.6,243216,103,卖盘
1216,10:32:36,23.61,122759,52,买盘
1217,10:32:39,23.6,89696,38,卖盘
1218,10:32:42,23.61,35415,15,买盘
1219,10:32:48,23.62,47230,20,买盘
1220,10:32:51,23.61,14166,6,卖盘
1221,10:32:54,23.62,2362,1,买盘
1222,10:32:57,23.6,472143,200,卖盘
1223,10:33:00,23.62,153522,65,买盘
1224,10:33:03,23.62,844990,358,买盘
1225,10:33:06,23.61,14162,6,买盘
1226,10:33:09,23.61,47216,20,买盘
1227,10:33:12,23.61,120361,51,买盘
1228,10:33:15,23.6,51926,22,卖盘
1229,10:33:18,23.61,18887,8,卖盘
1230,10:33:21,23.61,4722,2,买盘
1231,10:33:24,23.61,4722,2,卖盘
1232,10:33:27,23.62,4724,2,买盘
1233,10:33:30,23.62,167641,71,买盘
1234,10:33:39,23.62,51960,22,买盘
1235,10:33:42,23.61,42514,18,卖盘
1236,10:33:45,23.62,94480,40,买盘
1237,10:33:48,23.62,33068,14,买盘
1238,10:33:51,23.62,108652,46,买盘
1239,10:33:54,23.62,122821,52,买盘
1240,10:34:00,23.63,1268877,537,买盘
1241,10:34:03,23.63,9450,4,买盘
1242,10:34:06,23.63,49623,21,买盘
1243,10:34:09,23.63,158321,67,买盘
1244,10:34:12,23.63,460782,195,买盘
1245,10:34:15,23.62,33079,14,卖盘
1246,10:34:18,23.63,37808,16,买盘
1247,10:34:21,23.63,2363,1,买盘
1248,10:34:27,23.63,66164,28,买盘
1249,10:34:30,23.63,278829,118,买盘
1250,10:34:33,23.62,16538,7,卖盘
1251,10:34:36,23.63,118139,50,买盘
1252,10:34:39,23.63,77979,33,买盘
1253,10:34:42,23.63,47260,20,买盘
1254,10:34:45,23.63,56706,24,买盘
1255,10:34:48,23.63,101597,43,买盘
1256,10:34:51,23.63,30717,13,买盘
1257,10:34:54,23.63,56712,24,买盘
1258,10:34:57,23.63,16541,7,买盘
1259,10:35:00,23.62,597586,253,卖盘
1260,10:35:03,23.63,23629,10,买盘
1261,10:35:09,23.63,25992,11,买盘
1262,10:35:12,23.63,148853,63,买盘
1263,10:35:15,23.63,798682,338,买盘
1264,10:35:18,23.63,155938,66,买盘
1265,10:35:21,23.63,179547,76,买盘
1266,10:35:24,23.63,42526,18,买盘
1267,10:35:27,23.62,92120,39,卖盘
1268,10:35:30,23.62,56698,24,卖盘
1269,10:35:33,23.62,92132,39,卖盘
1270,10:35:36,23.62,165340,70,卖盘
1271,10:35:39,23.63,23630,10,买盘
1272,10:35:42,23.63,11815,5,买盘
1273,10:35:45,23.63,677967,287,买盘
1274,10:35:51,23.63,68526,29,买盘
1275,10:35:54,23.62,106290,45,卖盘
1276,10:35:57,23.62,33080,14,卖盘
1277,10:36:00,23.62,11813,5,卖盘
1278,10:36:03,23.62,30706,13,卖盘
1279,10:36:06,23.63,25993,11,买盘
1280,10:36:09,23.62,250472,106,卖盘
1281,10:36:12,23.63,30717,13,买盘
1282,10:36:21,23.62,94480,40,卖盘
1283,10:36:27,23.63,21267,9,买盘
1284,10:36:30,23.62,25992,11,卖盘
1285,10:36:33,23.62,179584,76,卖盘
1286,10:36:36,23.63,11815,5,买盘
1287,10:36:42,23.62,42516,18,卖盘
1288,10:36:48,23.62,42527,18,卖盘
1289,10:36:51,23.63,7088,3,买盘
1290,10:36:54,23.62,7086,3,卖盘
1291,10:36:57,23.62,866854,367,卖盘
1292,10:37:00,23.62,101573,43,卖盘
1293,10:37:03,23.62,1721817,729,卖盘
1294,10:37:09,23.62,40140,17,买盘
1295,10:37:12,23.62,330541,140,买盘
1296,10:37:15,23.61,70830,30,卖盘
1297,10:37:18,23.62,4724,2,买盘
1298,10:37:21,23.62,255093,108,买盘
1299,10:37:24,23.62,11810,5,买盘
1300,10:37:27,23.62,73192,31,买盘
1301,10:37:30,23.61,4722,2,卖盘
1302,10:37:33,23.62,11810,5,买盘
1303,10:37:36,23.62,30706,13,买盘
1304,10:37:39,23.62,23620,10,买盘
1305,10:37:42,23.61,70830,30,卖盘
1306,10:37:45,23.62,37777,16,买盘
1307,10:37:48,23.62,318738,135,买盘
1308,10:37:51,23.61,16533,7,卖盘
1309,10:37:54,23.6,1224957,519,卖盘
1310,10:37:57,23.62,73222,31,买盘
1311,10:38:00,23.61,33054,14,卖盘
1312,10:38:03,23.61,80288,34,卖盘
1313,10:38:06,23.61,51952,22,卖盘
1314,10:38:09,23.61,16527,7,卖盘
1315,10:38:12,23.61,56669,24,卖盘
1316,10:38:15,23.61,7083,3,卖盘
1317,10:38:21,23.61,2361,1,卖盘
1318,10:38:24,23.61,25971,11,卖盘
1319,10:38:27,23.61,82635,35,卖盘
1320,10:38:30,23.6,37767,16,卖盘
1321,10:38:33,23.61,61386,26,买盘
1322,10:38:36,23.6,30680,13,卖盘
1323,10:38:39,23.61,11802,5,买盘
1324,10:38:42,23.61,152980,65,买盘
1325,10:38:45,23.62,1436090,608,买盘
1326,10:38:48,23.61,28332,12,卖盘
1327,10:38:54,23.61,129906,55,卖盘
1328,10:38:57,23.6,630266,267,卖盘
1329,10:39:00,23.61,89719,38,中性盘
1330,10:39:03,23.6,1263089,535,卖盘
1331,10:39:06,23.61,195427,83,买盘
1332,10:39:12,23.61,21254,9,卖盘
1333,10:39:24,23.61,68469,29,卖盘
1334,10:39:27,23.61,14164,6,买盘
1335,10:39:30,23.6,40120,17,卖盘
1336,10:39:33,23.6,47200,20,卖盘
1337,10:39:36,23.6,186491,79,卖盘
1338,10:39:39,23.6,92106,39,卖盘
1339,10:39:42,23.61,51949,22,中性盘
1340,10:39:45,23.62,25981,11,买盘
1341,10:39:48,23.61,85014,36,卖盘
1342,10:39:51,23.62,35430,15,买盘
1343,10:39:54,23.62,9448,4,买盘
1344,10:39:57,23.61,4722,2,卖盘
1345,10:40:00,23.62,80284,34,买盘
1346,10:40:03,23.62,87365,37,买盘
1347,10:40:06,23.61,80281,34,卖盘
1348,10:40:09,23.62,56683,24,买盘
1349,10:40:12,23.61,14166,6,卖盘
1350,10:40:15,23.62,73210,31,买盘
1351,10:40:21,23.61,73207,31,卖盘
1352,10:40:27,23.61,37783,16,卖盘
1353,10:40:30,23.61,37776,16,卖盘
1354,10:40:33,23.61,77913,33,卖盘
1355,10:40:36,23.61,51942,22,卖盘
1356,10:40:39,23.61,4722,2,卖盘
1357,10:40:42,23.61,2361,1,卖盘
1358,10:40:45,23.61,18888,8,卖盘
1359,10:40:48,23.62,184162,78,买盘
1360,10:40:51,23.61,33054,14,卖盘
1361,10:40:54,23.6,691527,293,卖盘
1362,10:40:57,23.61,11805,5,买盘
1363,10:41:00,23.6,33040,14,卖盘
1364,10:41:03,23.61,18888,8,买盘
1365,10:41:12,23.61,18888,8,买盘
1366,10:41:21,23.61,66102,28,买盘
1367,10:41:24,23.61,7083,3,买盘
1368,10:41:27,23.6,158120,67,卖盘
1369,10:41:30,23.6,49560,21,卖盘
1370,10:41:36,23.6,11800,5,卖盘
1371,10:41:42,23.6,47200,20,卖盘
1372,10:41:45,23.6,73161,31,卖盘
1373,10:41:48,23.6,14160,6,买盘
1374,10:41:54,23.59,58990,25,卖盘
1375,10:41:57,23.6,18877,8,买盘
1376,10:42:00,23.59,66066,28,卖盘
1377,10:42:06,23.6,165200,70,买盘
1378,10:42:12,23.6,40120,17,卖盘
1379,10:42:15,23.6,30680,13,卖盘
1380,10:42:18,23.6,110920,47,卖盘
1381,10:42:21,23.6,33036,14,卖盘
1382,10:42:24,23.6,49556,21,买盘
1383,10:42:27,23.59,49539,21,卖盘
1384,10:42:30,23.59,82572,35,卖盘
1385,10:42:33,23.6,49560,21,买盘
1386,10:42:36,23.6,9437,4,买盘
1387,10:42:39,23.6,153380,65,买盘
1388,10:42:45,23.6,14159,6,买盘
1389,10:42:48,23.59,11795,5,卖盘
1390,10:42:51,23.59,49539,21,卖盘
1391,10:42:54,23.59,594473,252,卖盘
1392,10:42:57,23.59,18872,8,卖盘
1393,10:43:00,23.59,99078,42,卖盘
1394,10:43:03,23.59,179304,76,卖盘
1395,10:43:06,23.59,7079,3,卖盘
1396,10:43:09,23.59,115591,49,卖盘
1397,10:43:12,23.59,70770,30,卖盘
1398,10:43:15,23.59,172207,73,卖盘
1399,10:43:18,23.59,42462,18,卖盘
1400,10:43:21,23.59,23590,10,卖盘
1401,10:43:24,23.59,2359,1,卖盘
1402,10:43:27,23.6,110880,47,买盘
1403,10:43:30,23.6,42478,18,买盘
1404,10:43:39,23.59,11795,5,卖盘
1405,10:43:42,23.6,16520,7,买盘
1406,10:43:48,23.6,40107,17,买盘
1407,10:43:54,23.59,37759,16,卖盘
1408,10:43:57,23.6,18880,8,买盘
1409,10:44:00,23.6,396412,168,买盘
1410,10:44:06,23.6,44838,19,买盘
1411,10:44:09,23.6,243080,103,买盘
1412,10:44:15,23.59,2359,1,卖盘
1413,10:44:18,23.61,1061983,450,买盘
1414,10:44:21,23.61,33043,14,买盘
1415,10:44:24,23.61,4722,2,买盘
1416,10:44:27,23.6,42480,18,卖盘
1417,10:44:30,23.6,23599,10,买盘
1418,10:44:33,23.6,75520,32,买盘
1419,10:44:36,23.6,40129,17,卖盘
1420,10:44:39,23.6,21240,9,卖盘
1421,10:44:42,23.6,37760,16,卖盘
1422,10:44:45,23.59,30677,13,卖盘
1423,10:44:48,23.6,40120,17,买盘
1424,10:44:51,23.6,537877,228,买盘
1425,10:44:54,23.6,4720,2,买盘
1426,10:44:57,23.6,33040,14,买盘
1427,10:45:00,23.6,40120,17,卖盘
1428,10:45:03,23.61,87346,37,买盘
1429,10:45:06,23.6,271400,115,卖盘
1430,10:45:12,23.6,42480,18,买盘
1431,10:45:15,23.6,63719,27,买盘
1432,10:45:21,23.6,23600,10,买盘
1433,10:45:24,23.6,82600,35,买盘
1434,10:45:27,23.6,212319,90,买盘
1435,10:45:30,23.6,28320,12,卖盘
1436,10:45:33,23.61,113291,48,买盘
1437,10:45:36,23.6,59002,25,卖盘
1438,10:45:39,23.6,11800,5,卖盘
1439,10:45:48,23.6,2360,1,卖盘
1440,10:45:54,23.6,11800,5,卖盘
1441,10:45:57,23.6,11800,5,卖盘
1442,10:46:00,23.61,188880,80,买盘
1443,10:46:06,23.62,66116,28,买盘
1444,10:46:09,23.61,25971,11,卖盘
1445,10:46:12,23.62,7086,3,买盘
1446,10:46:15,23.61,2361,1,卖盘
1447,10:46:21,23.62,47240,20,买盘
1448,10:46:24,23.61,51942,22,卖盘
1449,10:46:27,23.62,446418,189,买盘
1450,10:46:30,23.62,85032,36,买盘
1451,10:46:33,23.61,115725,49,卖盘
1452,10:46:36,23.62,37792,16,买盘
1453,10:46:39,23.62,14172,6,卖盘
1454,10:46:42,23.63,23630,10,买盘
1455,10:46:45,23.62,4724,2,卖盘
1456,10:46:48,23.62,23620,10,卖盘
1457,10:46:51,23.62,656647,278,卖盘
1458,10:46:54,23.63,30715,13,买盘
1459,10:46:57,23.62,9448,4,卖盘
1460,10:47:00,23.63,207933,88,买盘
1461,10:47:03,23.62,2362,1,卖盘
1462,10:47:06,23.63,191327,81,买盘
1463,10:47:09,23.63,177168,75,买盘
1464,10:47:15,23.63,245752,104,买盘
1465,10:47:18,23.64,2724604,1153,买盘
1466,10:47:21,23.65,156090,66,买盘
1467,10:47:24,23.65,99330,42,买盘
1468,10:47:27,23.65,347655,147,买盘
1469,10:47:30,23.65,30745,13,卖盘
1470,10:47:33,23.65,14190,6,买盘
1471,10:47:36,23.65,2365,1,卖盘
1472,10:47:42,23.65,141904,60,卖盘
1473,10:47:45,23.65,2365,1,买盘
1474,10:47:48,23.65,23650,10,买盘
1475,10:47:51,23.64,14184,6,卖盘
1476,10:47:54,23.65,26015,11,买盘
1477,10:47:57,23.64,28370,12,卖盘
1478,10:48:00,23.64,44927,19,卖盘
1479,10:48:03,23.64,9456,4,卖盘
1480,10:48:06,23.64,56756,24,卖盘
1481,10:48:09,23.65,4730,2,买盘
1482,10:48:12,23.64,18912,8,卖盘
1483,10:48:15,23.64,52018,22,卖盘
1484,10:48:18,23.64,200952,85,卖盘
1485,10:48:21,23.64,23640,10,卖盘
1486,10:48:24,23.64,160752,68,卖盘
1487,10:48:27,23.64,548463,232,卖盘
1488,10:48:30,23.65,28378,12,买盘
1489,10:48:33,23.65,28377,12,买盘
1490,10:48:36,23.64,1357492,574,卖盘
1491,10:48:39,23.64,2364,1,买盘
1492,10:48:42,23.63,14182,6,卖盘
1493,10:48:48,23.64,680566,288,买盘
1494,10:48:51,23.64,7092,3,卖盘
1495,10:48:54,23.65,44918,19,买盘
1496,10:48:57,23.64,80376,34,卖盘
1497,10:49:00,23.63,11819,5,卖盘
1498,10:49:03,23.64,148932,63,买盘
1499,10:49:06,23.63,21267,9,卖盘
1500,10:49:09,23.63,302464,128,卖盘
1501,10:49:12,23.64,174899,74,买盘
1502,10:49:15,23.63,2363,1,卖盘
1503,10:49:18,23.64,14184,6,买盘
1504,10:49:21,23.64,33088,14,买盘
1505,10:49:30,23.63,44913,19,卖盘
1506,10:49:33,23.63,14178,6,卖盘
1507,10:49:36,23.63,70907,30,卖盘
1508,10:49:42,23.64,184320,78,买盘
1509,10:49:45,23.63,94528,40,卖盘
1510,10:49:48,23.63,2363,1,卖盘
1511,10:49:51,23.63,827050,350,卖盘
1512,10:49:54,23.63,33094,14,卖盘
1513,10:50:00,23.63,16541,7,卖盘
1514,10:50:06,23.63,328457,139,卖盘
1515,10:50:09,23.64,30725,13,买盘
1516,10:50:12,23.63,9452,4,卖盘
1517,10:50:15,23.64,23640,10,买盘
1518,10:50:18,23.63,1240575,525,卖盘
1519,10:50:21,23.63,496449,210,卖盘
1520,10:50:24,23.63,16541,7,卖盘
1521,10:50:27,23.63,14178,6,卖盘
1522,10:50:30,23.63,16541,7,卖盘
1523,10:50:33,23.63,122899,52,卖盘
1524,10:50:36,23.63,59075,25,卖盘
1525,10:50:42,23.63,54349,23,买盘
1526,10:50:45,23.63,736995,312,买盘
1527,10:50:48,23.63,396984,168,卖盘
1528,10:50:54,23.63,11815,5,卖盘
1529,10:50:57,23.64,63803,27,买盘
1530,10:51:00,23.63,30719,13,卖盘
1531,10:51:03,23.64,2364,1,买盘
1532,10:51:06,23.64,21276,9,买盘
1533,10:51:09,23.63,70915,30,卖盘
1534,10:51:12,23.64,2364,1,卖盘
1535,10:51:15,23.64,9456,4,卖盘
1536,10:51:18,23.64,14184,6,卖盘
1537,10:51:21,23.64,37834,16,卖盘
1538,10:51:24,23.63,21270,9,卖盘
1539,10:51:27,23.64,11820,5,买盘
1540,10:51:30,23.63,2363,1,卖盘
1541,10:51:33,23.64,23640,10,买盘
1542,10:51:36,23.63,4727,2,卖盘
1543,10:51:42,23.64,7092,3,买盘
1544,10:51:45,23.63,18909,8,卖盘
1545,10:51:48,23.64,37824,16,买盘
1546,10:51:51,23.63,9452,4,卖盘
1547,10:51:57,23.64,101652,43,买盘
1548,10:52:00,23.64,16548,7,卖盘
1549,10:52:03,23.64,14184,6,卖盘
1550,10:52:06,23.64,366420,155,卖盘
1551,10:52:09,23.64,63834,27,卖盘
1552,10:52:12,23.65,47285,20,买盘
1553,10:52:15,23.64,156024,66,卖盘
1554,10:52:24,23.65,837286,354,买盘
1555,10:52:27,23.66,7097,3,买盘
1556,10:52:30,23.65,28380,12,卖盘
1557,10:52:36,23.66,9464,4,买盘
1558,10:52:42,23.66,115932,49,买盘
1559,10:52:45,23.66,593508,251,买盘
1560,10:52:48,23.65,9460,4,买盘
1561,10:52:51,23.66,18928,8,买盘
1562,10:52:57,23.65,7095,3,卖盘
1563,10:53:00,23.66,14195,6,买盘
1564,10:53:06,23.66,54399,23,买盘
1565,10:53:09,23.65,191611,81,卖盘
1566,10:53:12,23.65,11825,5,买盘
1567,10:53:15,23.65,111155,47,买盘
1568,10:53:24,23.64,44932,19,卖盘
1569,10:53:27,23.64,40188,17,卖盘
1570,10:53:30,23.64,106410,45,卖盘
1571,10:53:33,23.65,118250,50,买盘
1572,10:53:36,23.65,9460,4,买盘
1573,10:53:42,23.65,4729,2,买盘
1574,10:53:45,23.64,529536,224,卖盘
1575,10:53:48,23.65,23650,10,买盘
1576,10:53:51,23.65,28373,12,买盘
1577,10:53:54,23.64,203304,86,卖盘
1578,10:53:57,23.65,85140,36,买盘
1579,10:54:03,23.64,4728,2,卖盘
1580,10:54:06,23.64,23640,10,卖盘
1581,10:54:09,23.64,16548,7,卖盘
1582,10:54:12,23.63,356953,151,卖盘
1583,10:54:15,23.63,35445,15,卖盘
1584,10:54:21,23.63,30719,13,卖盘
1585,10:54:24,23.63,85096,36,卖盘
1586,10:54:27,23.63,11815,5,卖盘
1587,10:54:30,23.63,49623,21,卖盘
1588,10:54:33,23.63,49623,21,卖盘
1589,10:54:36,23.63,148879,63,卖盘
1590,10:54:39,23.62,224479,95,卖盘
1591,10:54:42,23.62,633016,268,卖盘
1592,10:54:45,23.62,4724,2,卖盘
1593,10:54:48,23.63,122842,52,买盘
1594,10:54:51,23.63,94485,40,买盘
1595,10:54:54,23.63,11815,5,买盘
1596,10:54:57,23.62,205507,87,卖盘
1597,10:55:00,23.62,25982,11,卖盘
1598,10:55:03,23.62,70864,30,卖盘
1599,10:55:06,23.62,366240,155,卖盘
1600,10:55:09,23.63,18902,8,买盘
1601,10:55:12,23.62,214942,91,卖盘
1602,10:55:15,23.62,139396,59,卖盘
1603,10:55:18,23.61,273963,116,卖盘
1604,10:55:21,23.61,9444,4,卖盘
1605,10:55:24,23.62,94480,40,买盘
1606,10:55:27,23.62,30706,13,买盘
1607,10:55:30,23.62,54326,23,买盘
1608,10:55:39,23.61,94470,40,卖盘
1609,10:55:45,23.61,14166,6,卖盘
1610,10:55:48,23.62,59030,25,买盘
1611,10:55:51,23.61,254989,108,卖盘
1612,10:55:54,23.61,963288,408,卖盘
1613,10:56:00,23.6,70805,30,卖盘
1614,10:56:03,23.61,9444,4,买盘
1615,10:56:06,23.61,4722,2,买盘
1616,10:56:09,23.6,1755250,743,卖盘
1617,10:56:12,23.6,7080,3,卖盘
1618,10:56:15,23.6,7080,3,卖盘
1619,10:56:18,23.61,11805,5,买盘
1620,10:56:21,23.6,94400,40,卖盘
1621,10:56:27,23.6,259609,110,卖盘
1622,10:56:30,23.6,375240,159,卖盘
1623,10:56:33,23.6,495600,210,卖盘
1624,10:56:36,23.59,4718,2,卖盘
1625,10:56:39,23.59,636930,270,卖盘
1626,10:56:42,23.59,35387,15,卖盘
1627,10:56:45,23.59,80231,34,卖盘
1628,10:56:48,23.59,1781045,755,卖盘
1629,10:56:51,23.59,16513,7,买盘
1630,10:56:54,23.59,155691,66,买盘
1631,10:57:00,23.59,73129,31,卖盘
1632,10:57:03,23.59,195797,83,卖盘
1633,10:57:06,23.59,221746,94,卖盘
1634,10:57:09,23.58,9432,4,卖盘
1635,10:57:12,23.58,33022,14,卖盘
1636,10:57:15,23.59,49538,21,买盘
1637,10:57:18,23.59,254671,108,买盘
1638,10:57:21,23.58,84913,36,卖盘
1639,10:57:24,23.58,129690,55,卖盘
1640,10:57:27,23.58,16506,7,卖盘
1641,10:57:30,23.59,9434,4,买盘
1642,10:57:33,23.59,606011,257,买盘
1643,10:57:36,23.58,7074,3,卖盘
1644,10:57:39,23.58,106112,45,卖盘
1645,10:57:42,23.58,58951,25,卖盘
1646,10:57:45,23.58,33012,14,卖盘
1647,10:57:48,23.58,28297,12,卖盘
1648,10:57:51,23.58,127332,54,卖盘
1649,10:57:54,23.58,84891,36,卖盘
1650,10:57:57,23.58,195717,83,卖盘
1651,10:58:00,23.57,2154924,914,卖盘
1652,10:58:03,23.58,42441,18,买盘
1653,10:58:06,23.57,37712,16,卖盘
1654,10:58:09,23.57,98998,42,卖盘
1655,10:58:12,23.57,273512,116,卖盘
1656,10:58:15,23.57,502041,213,卖盘
1657,10:58:18,23.56,113088,48,卖盘
1658,10:58:21,23.56,49476,21,卖盘
1659,10:58:24,23.56,369922,157,卖盘
1660,10:58:27,23.56,221466,94,卖盘
1661,10:58:30,23.56,186124,79,卖盘
1662,10:58:33,23.56,183768,78,卖盘
1663,10:58:36,23.56,841093,357,卖盘
1664,10:58:39,23.56,2051731,871,卖盘
1665,10:58:42,23.55,518105,220,卖盘
1666,10:58:45,23.55,1311803,557,卖盘
1667,10:58:48,23.54,1572804,668,卖盘
1668,10:58:51,23.53,47060,20,卖盘
1669,10:58:54,23.54,247075,105,买盘
1670,10:58:57,23.54,223539,95,买盘
1671,10:59:00,23.53,378847,161,卖盘
1672,10:59:03,23.53,87070,37,卖盘
1673,10:59:06,23.53,228268,97,卖盘
1674,10:59:09,23.53,157651,67,卖盘
1675,10:59:12,23.53,214148,91,卖盘
1676,10:59:15,23.53,312956,133,卖盘
1677,10:59:18,23.52,576446,245,卖盘
1678,10:59:21,23.53,14118,6,买盘
1679,10:59:24,23.52,392812,167,卖盘
1680,10:59:27,23.53,164670,70,买盘
1681,10:59:30,23.52,61161,26,卖盘
1682,10:59:33,23.52,216385,92,卖盘
1683,10:59:36,23.53,254023,108,买盘
1684,10:59:39,23.52,223490,95,卖盘
1685,10:59:42,23.52,136426,58,卖盘
1686,10:59:45,23.52,221144,94,卖盘
1687,10:59:48,23.53,729164,310,买盘
1688,10:59:51,23.53,454052,193,买盘
1689,10:59:54,23.52,155288,66,卖盘
1690,10:59:57,23.53,101153,43,卖盘
1691,11:00:00,23.52,197622,84,卖盘
1692,11:00:03,23.52,204734,87,卖盘
1693,11:00:06,23.53,164650,70,中性盘
1694,11:00:09,23.53,717665,305,买盘
1695,11:00:12,23.54,157711,67,买盘
1696,11:00:15,23.54,181252,77,买盘
1697,11:00:18,23.53,58830,25,卖盘
1698,11:00:21,23.54,37664,16,买盘
1699,11:00:27,23.55,58870,25,买盘
1700,11:00:30,23.55,94184,40,买盘
1701,11:00:33,23.55,4710,2,买盘
1702,11:00:36,23.55,783945,333,买盘
1703,11:00:39,23.55,75356,32,买盘
1704,11:00:42,23.56,2356,1,买盘
1705,11:00:45,23.55,259060,110,卖盘
1706,11:00:48,23.55,58881,25,卖盘
1707,11:00:51,23.55,51810,22,中性盘
1708,11:00:54,23.55,63585,27,买盘
1709,11:00:57,23.55,25905,11,卖盘
1710,11:01:00,23.56,87142,37,买盘
1711,11:01:03,23.56,11777,5,买盘
1712,11:01:06,23.56,56544,24,买盘
1713,11:01:09,23.56,80104,34,买盘
1714,11:01:12,23.56,54188,23,卖盘
1715,11:01:18,23.57,49481,21,买盘
1716,11:01:21,23.57,2357,1,买盘
1717,11:01:24,23.57,492331,209,买盘
1718,11:01:27,23.57,37707,16,买盘
1719,11:01:30,23.57,32998,14,买盘
1720,11:01:33,23.56,25916,11,卖盘
1721,11:01:39,23.56,23560,10,买盘
1722,11:01:42,23.55,442753,188,卖盘
1723,11:01:45,23.56,11776,5,买盘
1724,11:01:48,23.56,23556,10,买盘
1725,11:01:51,23.56,49476,21,买盘
1726,11:01:54,23.56,75391,32,买盘
1727,11:02:00,23.56,73021,31,买盘
1728,11:02:03,23.56,91898,39,买盘
1729,11:02:06,23.56,120152,51,买盘
1730,11:02:09,23.56,30620,13,买盘
1731,11:02:12,23.56,223847,95,买盘
1732,11:02:15,23.57,28284,12,买盘
1733,11:02:18,23.56,212040,90,卖盘
1734,11:02:21,23.56,23560,10,买盘
1735,11:02:24,23.56,23560,10,买盘
1736,11:02:27,23.56,4712,2,买盘
1737,11:02:30,23.56,25916,11,买盘
1738,11:02:33,23.54,541633,230,卖盘
1739,11:02:36,23.56,4712,2,中性盘
1740,11:02:42,23.54,9418,4,卖盘
1741,11:02:48,23.55,195386,83,卖盘
1742,11:02:51,23.54,23553,10,卖盘
1743,11:02:54,23.55,23550,10,中性盘
1744,11:02:57,23.54,143683,61,卖盘
1745,11:03:00,23.54,103620,44,卖盘
1746,11:03:03,23.56,4711,2,买盘
1747,11:03:06,23.55,63580,27,卖盘
1748,11:03:09,23.56,117800,50,买盘
1749,11:03:12,23.55,183759,78,卖盘
1750,11:03:15,23.55,4710,2,卖盘
1751,11:03:18,23.55,167237,71,卖盘
1752,11:03:24,23.56,200235,85,买盘
1753,11:03:27,23.55,9420,4,卖盘
1754,11:03:30,23.56,63599,27,买盘
1755,11:03:33,23.56,23560,10,买盘
1756,11:03:36,23.56,51832,22,买盘
1757,11:03:39,23.56,129567,55,买盘
1758,11:03:42,23.56,7069,3,卖盘
1759,11:03:45,23.56,242668,103,卖盘
1760,11:03:51,23.56,14136,6,卖盘
1761,11:03:54,23.56,23560,10,卖盘
1762,11:03:57,23.56,23560,10,买盘
1763,11:04:00,23.56,65961,28,买盘
1764,11:04:03,23.55,4710,2,卖盘
1765,11:04:06,23.56,42408,18,买盘
1766,11:04:12,23.56,37696,16,买盘
1767,11:04:15,23.56,136638,58,买盘
1768,11:04:21,23.56,155476,66,卖盘
1769,11:04:24,23.56,96593,41,买盘
1770,11:04:27,23.56,51834,22,卖盘
1771,11:04:33,23.57,751553,319,买盘
1772,11:04:36,23.57,11781,5,买盘
1773,11:04:39,23.57,4714,2,买盘
1774,11:04:42,23.56,23560,10,卖盘
1775,11:04:45,23.57,18856,8,买盘
1776,11:04:48,23.56,61262,26,卖盘
1777,11:04:51,23.57,7071,3,买盘
1778,11:04:54,23.56,7069,3,卖盘
1779,11:04:57,23.57,2357,1,买盘
1780,11:05:00,23.57,131991,56,买盘
1781,11:05:03,23.56,2356,1,卖盘
1782,11:05:06,23.57,4714,2,买盘
1783,11:05:09,23.56,47120,20,卖盘
1784,11:05:12,23.56,11780,5,卖盘
1785,11:05:15,23.56,94250,40,卖盘
1786,11:05:21,23.56,14136,6,卖盘
1787,11:05:24,23.57,28282,12,买盘
1788,11:05:30,23.56,16492,7,卖盘
1789,11:05:33,23.56,28275,12,卖盘
1790,11:05:36,23.57,2357,1,买盘
1791,11:05:39,23.57,7069,3,买盘
1792,11:05:42,23.56,306280,130,卖盘
1793,11:05:45,23.57,25922,11,买盘
1794,11:05:48,23.56,2356,1,卖盘
1795,11:05:51,23.56,294500,125,卖盘
1796,11:05:54,23.56,89528,38,买盘
1797,11:05:57,23.56,23560,10,买盘
1798,11:06:00,23.56,113088,48,买盘
1799,11:06:03,23.56,2356,1,卖盘
1800,11:06:06,23.56,28272,12,卖盘
1801,11:06:09,23.56,4712,2,买盘
1802,11:06:12,23.56,40052,17,买盘
1803,11:06:15,23.55,18841,8,卖盘
1804,11:06:18,23.56,37696,16,买盘
1805,11:06:21,23.56,103664,44,买盘
1806,11:06:24,23.56,287392,122,买盘
1807,11:06:27,23.56,186124,79,卖盘
1808,11:06:30,23.55,916219,389,卖盘
1809,11:06:33,23.56,54188,23,卖盘
1810,11:06:39,23.56,35330,15,买盘
1811,11:06:45,23.56,63612,27,买盘
1812,11:06:48,23.56,30621,13,买盘
1813,11:06:51,23.55,209609,89,卖盘
1814,11:06:54,23.55,70650,30,卖盘
1815,11:07:00,23.55,7065,3,卖盘
1816,11:07:06,23.55,7065,3,卖盘
1817,11:07:09,23.55,9420,4,卖盘
1818,11:07:12,23.55,4710,2,卖盘
1819,11:07:15,23.55,536941,228,卖盘
1820,11:07:18,23.55,162500,69,卖盘
1821,11:07:21,23.55,96555,41,卖盘
1822,11:07:24,23.56,143665,61,买盘
1823,11:07:27,23.55,110685,47,卖盘
1824,11:07:30,23.54,14128,6,卖盘
1825,11:07:33,23.55,9420,4,买盘
1826,11:07:36,23.55,9420,4,卖盘
1827,11:07:39,23.55,14130,6,买盘
1828,11:07:45,23.55,65931,28,买盘
1829,11:07:48,23.55,49435,21,买盘
1830,11:07:54,23.55,9420,4,买盘
1831,11:08:00,23.54,14124,6,卖盘
1832,11:08:03,23.54,108285,46,卖盘
1833,11:08:06,23.54,541421,230,卖盘
1834,11:08:09,23.54,84754,36,卖盘
1835,11:08:12,23.54,35310,15,卖盘
1836,11:08:15,23.55,23550,10,买盘
1837,11:08:18,23.54,320144,136,卖盘
1838,11:08:24,23.53,80032,34,卖盘
1839,11:08:30,23.53,625898,266,卖盘
1840,11:08:33,23.53,2353,1,卖盘
1841,11:08:36,23.53,108238,46,卖盘
1842,11:08:39,23.53,242359,103,卖盘
1843,11:08:42,23.52,9409,4,卖盘
1844,11:08:45,23.53,23530,10,买盘
1845,11:08:48,23.52,82320,35,卖盘
1846,11:08:51,23.52,423382,180,卖盘
1847,11:08:54,23.52,96438,41,卖盘
1848,11:08:57,23.52,143482,61,卖盘
1849,11:09:00,23.53,21170,9,买盘
1850,11:09:03,23.52,42338,18,卖盘
1851,11:09:06,23.54,1878213,798,买盘
1852,11:09:09,23.55,56515,24,买盘
1853,11:09:12,23.55,975504,415,买盘
1854,11:09:15,23.54,101205,43,卖盘
1855,11:09:18,23.54,2354,1,买盘
1856,11:09:21,23.54,7062,3,买盘
1857,11:09:24,23.54,185981,79,买盘
1858,11:09:27,23.55,767730,326,买盘
1859,11:09:30,23.55,70661,30,卖盘
1860,11:09:33,23.56,49470,21,买盘
1861,11:09:36,23.55,7065,3,卖盘
1862,11:09:39,23.56,21197,9,买盘
1863,11:09:42,23.56,23559,10,买盘
1864,11:09:45,23.56,11780,5,买盘
1865,11:09:48,23.55,14130,6,卖盘
1866,11:09:51,23.56,54188,23,买盘
1867,11:09:54,23.55,80086,34,卖盘
1868,11:09:57,23.56,61256,26,买盘
1869,11:10:00,23.55,18842,8,卖盘
1870,11:10:06,23.56,63596,27,买盘
1871,11:10:12,23.56,49456,21,买盘
1872,11:10:15,23.56,30623,13,买盘
1873,11:10:18,23.56,47106,20,买盘
1874,11:10:21,23.56,14136,6,买盘
1875,11:10:24,23.56,4711,2,买盘
1876,11:10:27,23.53,743898,316,卖盘
1877,11:10:30,23.55,23550,10,卖盘
1878,11:10:33,23.55,7065,3,买盘
1879,11:10:39,23.53,25901,11,卖盘
1880,11:10:48,23.53,82355,35,卖盘
1881,11:10:51,23.54,339109,144,中性盘
1882,11:10:54,23.54,11770,5,卖盘
1883,11:10:57,23.55,171915,73,中性盘
1884,11:11:00,23.54,1381460,587,卖盘
1885,11:11:03,23.54,432037,183,卖盘
1886,11:11:06,23.54,9416,4,卖盘
1887,11:11:09,23.56,68315,29,买盘
1888,11:11:12,23.56,11773,5,买盘
1889,11:11:15,23.54,65916,28,卖盘
1890,11:11:18,23.54,2354,1,卖盘
1891,11:11:21,23.54,77690,33,卖盘
1892,11:11:27,23.53,352970,150,卖盘
1893,11:11:30,23.54,35334,15,卖盘
1894,11:11:33,23.54,23540,10,卖盘
1895,11:11:36,23.54,11770,5,卖盘
1896,11:11:39,23.54,103576,44,卖盘
1897,11:11:42,23.54,42372,18,买盘
1898,11:11:48,23.55,4710,2,买盘
1899,11:11:51,23.54,14124,6,卖盘
1900,11:11:57,23.54,7062,3,卖盘
1901,11:12:03,23.54,91806,39,卖盘
1902,11:12:06,23.54,7062,3,卖盘
1903,11:12:09,23.55,30605,13,买盘
1904,11:12:12,23.55,84780,36,买盘
1905,11:12:15,23.56,4712,2,买盘
1906,11:12:18,23.55,14130,6,卖盘
1907,11:12:21,23.55,23550,10,卖盘
1908,11:12:24,23.55,2355,1,卖盘
1909,11:12:27,23.56,951465,404,买盘
1910,11:12:30,23.56,2356,1,卖盘
1911,11:12:33,23.57,70696,30,买盘
1912,11:12:36,23.56,47125,20,卖盘
1913,11:12:39,23.57,4714,2,买盘
1914,11:12:42,23.56,23560,10,卖盘
1915,11:12:45,23.56,2356,1,卖盘
1916,11:12:48,23.56,18848,8,卖盘
1917,11:12:54,23.56,18851,8,卖盘
1918,11:13:00,23.57,301696,128,买盘
1919,11:13:03,23.58,504602,214,买盘
1920,11:13:06,23.59,478877,203,买盘
1921,11:13:09,23.58,33012,14,卖盘
1922,11:13:12,23.59,108502,46,买盘
1923,11:13:15,23.59,141540,60,买盘
1924,11:13:18,23.59,25949,11,买盘
1925,11:13:21,23.6,9440,4,买盘
1926,11:13:24,23.59,4718,2,卖盘
1927,11:13:27,23.6,424800,180,买盘
1928,11:13:30,23.6,14160,6,卖盘
1929,11:13:33,23.62,11806,5,买盘
1930,11:13:39,23.61,9444,4,买盘
1931,11:13:42,23.61,82635,35,卖盘
1932,11:13:45,23.61,4722,2,卖盘
1933,11:13:48,23.61,56664,24,卖盘
1934,11:13:51,23.61,243183,103,卖盘
1935,11:13:54,23.62,18895,8,买盘
1936,11:13:57,23.61,7083,3,卖盘
1937,11:14:00,23.62,14172,6,买盘
1938,11:14:03,23.61,472202,200,卖盘
1939,11:14:06,23.61,125174,53,卖盘
1940,11:14:12,23.62,179498,76,买盘
1941,11:14:15,23.62,167702,71,买盘
1942,11:14:18,23.61,172356,73,卖盘
1943,11:14:21,23.61,11805,5,买盘
1944,11:14:24,23.61,646215,274,买盘
1945,11:14:27,23.6,2360,1,卖盘
1946,11:14:30,23.61,110962,47,买盘
1947,11:14:33,23.6,143963,61,中性盘
1948,11:14:36,23.6,40120,17,买盘
1949,11:14:39,23.6,143960,61,买盘
1950,11:14:42,23.61,23610,10,买盘
1951,11:14:54,23.6,82617,35,卖盘
1952,11:14:57,23.6,2360,1,卖盘
1953,11:15:00,23.6,28327,12,卖盘
1954,11:15:03,23.6,4720,2,卖盘
1955,11:15:06,23.6,217137,92,买盘
1956,11:15:09,23.6,264431,112,卖盘
1957,11:15:12,23.6,28320,12,卖盘
1958,11:15:15,23.62,21258,9,买盘
1959,11:15:18,23.6,47200,20,卖盘
1960,11:15:24,23.6,47200,20,卖盘
1961,11:15:33,23.6,224201,95,卖盘
1962,11:15:36,23.61,224271,95,买盘
1963,11:15:39,23.61,21249,9,卖盘
1964,11:15:42,23.62,252727,107,买盘
1965,11:15:45,23.61,127494,54,卖盘
1966,11:15:48,23.61,16527,7,卖盘
1967,11:15:51,23.61,21249,9,卖盘
1968,11:15:54,23.61,2361,1,卖盘
1969,11:16:00,23.61,136988,58,卖盘
1970,11:16:03,23.61,18888,8,卖盘
1971,11:16:06,23.61,4722,2,卖盘
1972,11:16:09,23.61,158187,67,卖盘
1973,11:16:12,23.6,4721,2,卖盘
1974,11:16:15,23.61,47220,20,卖盘
1975,11:16:18,23.6,2360,1,卖盘
1976,11:16:21,23.58,613293,260,卖盘
1977,11:16:27,23.6,23600,10,卖盘
1978,11:16:30,23.6,7080,3,卖盘
1979,11:16:36,23.6,2360,1,卖盘
1980,11:16:39,23.6,11800,5,卖盘
1981,11:16:42,23.61,84996,36,买盘
1982,11:16:45,23.6,11802,5,卖盘
1983,11:16:54,23.61,11805,5,卖盘
1984,11:16:57,23.61,30693,13,卖盘
1985,11:17:00,23.61,18889,8,卖盘
1986,11:17:06,23.62,2362,1,买盘
1987,11:17:09,23.61,54314,23,卖盘
1988,11:17:15,23.61,30704,13,卖盘
1989,11:17:18,23.61,11805,5,卖盘
1990,11:17:21,23.61,134577,57,卖盘
1991,11:17:24,23.62,132272,56,买盘
1992,11:17:27,23.61,4722,2,卖盘
1993,11:17:30,23.61,7083,3,卖盘
1994,11:17:36,23.62,70860,30,买盘
1995,11:17:39,23.61,47220,20,卖盘
1996,11:17:42,23.61,18888,8,卖盘
1997,11:17:45,23.61,14166,6,卖盘
1998,11:17:51,23.61,9444,4,买盘
1999,11:17:57,23.61,47220,20,买盘
2000,11:18:03,23.61,51936,22,买盘
2001,11:18:06,23.6,28320,12,卖盘
2002,11:18:09,23.6,4720,2,卖盘
2003,11:18:12,23.6,56640,24,卖盘
2004,11:18:15,23.61,28332,12,买盘
2005,11:18:18,23.6,23600,10,卖盘
2006,11:18:21,23.57,620103,263,卖盘
2007,11:18:24,23.6,42464,18,买盘
2008,11:18:30,23.58,9432,4,卖盘
2009,11:18:39,23.6,18878,8,买盘
2010,11:18:42,23.59,4718,2,卖盘
2011,11:18:45,23.59,16513,7,买盘
2012,11:18:48,23.59,23590,10,卖盘
2013,11:18:51,23.59,23590,10,买盘
2014,11:18:54,23.6,23600,10,买盘
2015,11:18:57,23.59,2359,1,卖盘
2016,11:19:00,23.59,1104012,468,卖盘
2017,11:19:12,23.59,11795,5,卖盘
2018,11:19:15,23.6,25960,11,买盘
2019,11:19:18,23.59,75489,32,卖盘
2020,11:19:21,23.6,4720,2,买盘
2021,11:19:33,23.6,129752,55,买盘
2022,11:19:39,23.6,2360,1,买盘
2023,11:19:42,23.6,9440,4,买盘
2024,11:19:48,23.59,283080,120,卖盘
2025,11:19:51,23.6,23600,10,买盘
2026,11:19:54,23.59,101437,43,卖盘
2027,11:20:03,23.59,158053,67,卖盘
2028,11:20:06,23.59,146258,62,买盘
2029,11:20:15,23.6,28320,12,买盘
2030,11:20:18,23.58,717045,304,卖盘
2031,11:20:24,23.58,11792,5,卖盘
2032,11:20:27,23.58,18868,8,卖盘
2033,11:20:30,23.59,7076,3,买盘
2034,11:20:33,23.59,103796,44,买盘
2035,11:20:45,23.59,4718,2,卖盘
2036,11:20:48,23.6,4719,2,买盘
2037,11:20:51,23.59,68411,29,卖盘
2038,11:20:57,23.59,200521,85,卖盘
2039,11:21:00,23.58,11793,5,卖盘
2040,11:21:03,23.58,2358,1,卖盘
2041,11:21:09,23.59,11795,5,买盘
2042,11:21:12,23.58,136764,58,卖盘
2043,11:21:15,23.58,25938,11,买盘
2044,11:21:18,23.58,2358,1,买盘
2045,11:21:21,23.58,11790,5,卖盘
2046,11:21:27,23.58,37728,16,卖盘
2047,11:21:33,23.58,120258,51,中性盘
2048,11:21:36,23.58,9432,4,卖盘
2049,11:21:39,23.58,9432,4,卖盘
2050,11:21:42,23.58,66024,28,卖盘
2051,11:21:45,23.57,4715,2,卖盘
2052,11:21:57,23.58,313572,133,买盘
2053,11:22:00,23.58,136764,58,卖盘
2054,11:22:03,23.58,23580,10,卖盘
2055,11:22:06,23.58,44802,19,卖盘
2056,11:22:09,23.59,54249,23,买盘
2057,11:22:12,23.58,2358,1,卖盘
2058,11:22:15,23.57,537526,228,卖盘
2059,11:22:18,23.59,455210,193,买盘
2060,11:22:24,23.59,61334,26,卖盘
2061,11:22:27,23.59,56639,24,卖盘
2062,11:22:30,23.59,14154,6,卖盘
2063,11:22:33,23.59,47180,20,卖盘
2064,11:22:36,23.6,2360,1,买盘
2065,11:22:42,23.59,9437,4,卖盘
2066,11:22:48,23.6,7080,3,买盘
2067,11:22:51,23.59,16513,7,卖盘
2068,11:23:06,23.59,2359,1,卖盘
2069,11:23:12,23.59,7077,3,卖盘
2070,11:23:15,23.6,7080,3,买盘
2071,11:23:18,23.59,42478,18,卖盘
2072,11:23:24,23.59,162771,69,卖盘
2073,11:23:30,23.59,14154,6,买盘
2074,11:23:36,23.59,28308,12,买盘
2075,11:23:39,23.58,275886,117,卖盘
2076,11:23:45,23.59,40103,17,买盘
2077,11:23:54,23.58,56606,24,卖盘
2078,11:23:57,23.6,1047840,444,买盘
2079,11:24:00,23.59,2359,1,中性盘
2080,11:24:03,23.6,35400,15,买盘
2081,11:24:06,23.59,7077,3,卖盘
2082,11:24:09,23.6,7080,3,买盘
2083,11:24:12,23.59,11795,5,卖盘
2084,11:24:15,23.56,742573,315,卖盘
2085,11:24:18,23.6,30680,13,买盘
2086,11:24:24,23.6,4720,2,买盘
2087,11:24:27,23.6,42480,18,买盘
2088,11:24:30,23.57,4714,2,卖盘
2089,11:24:33,23.6,51920,22,买盘
2090,11:24:39,23.57,77781,33,卖盘
2091,11:24:42,23.57,4714,2,卖盘
2092,11:24:48,23.57,14142,6,卖盘
2093,11:25:00,23.6,9437,4,买盘
2094,11:25:03,23.6,2360,1,买盘
2095,11:25:09,23.6,4720,2,买盘
2096,11:25:15,23.6,4720,2,买盘
2097,11:25:18,23.6,2360,1,买盘
2098,11:25:21,23.6,18880,8,买盘
2099,11:25:24,23.6,94400,40,买盘
2100,11:25:30,23.58,11790,5,卖盘
2101,11:25:33,23.59,9436,4,卖盘
2102,11:25:39,23.59,127338,54,卖盘
2103,11:25:45,23.58,157988,67,卖盘
2104,11:25:48,23.6,14160,6,买盘
2105,11:25:54,23.59,51900,22,卖盘
2106,11:25:57,23.6,47200,20,买盘
2107,11:26:00,23.59,16513,7,中性盘
2108,11:26:03,23.58,101400,43,卖盘
2109,11:26:06,23.58,89586,38,买盘
2110,11:26:09,23.59,4718,2,买盘
2111,11:26:12,23.57,363003,154,卖盘
2112,11:26:15,23.58,18864,8,中性盘
2113,11:26:18,23.58,164992,70,买盘
2114,11:26:21,23.57,18861,8,卖盘
2115,11:26:24,23.58,141474,60,买盘
2116,11:26:30,23.57,30641,13,卖盘
2117,11:26:36,23.57,44785,19,卖盘
2118,11:26:42,23.58,16501,7,买盘
2119,11:26:45,23.58,4716,2,买盘
2120,11:26:48,23.57,2357,1,卖盘
2121,11:26:51,23.58,4716,2,买盘
2122,11:26:54,23.57,14142,6,卖盘
2123,11:26:57,23.58,2358,1,买盘
2124,11:27:00,23.58,2358,1,买盘
2125,11:27:03,23.58,127320,54,买盘
2126,11:27:06,23.57,141420,60,卖盘
2127,11:27:09,23.57,89604,38,卖盘
2128,11:27:12,23.59,2359,1,买盘
2129,11:27:18,23.57,28286,12,卖盘
2130,11:27:21,23.59,14149,6,买盘
2131,11:27:27,23.59,2359,1,买盘
2132,11:27:33,23.58,7075,3,卖盘
2133,11:27:36,23.59,4717,2,买盘
2134,11:27:39,23.58,28298,12,卖盘
2135,11:27:45,23.57,44801,19,卖盘
2136,11:27:48,23.59,9431,4,买盘
2137,11:27:51,23.59,4718,2,买盘
2138,11:27:54,23.59,7077,3,买盘
2139,11:27:57,23.57,25937,11,卖盘
2140,11:28:00,23.58,28296,12,买盘
2141,11:28:06,23.58,9432,4,买盘
2142,11:28:09,23.58,4715,2,买盘
2143,11:28:12,23.58,25938,11,买盘
2144,11:28:15,23.57,377120,160,卖盘
2145,11:28:18,23.58,23580,10,买盘
2146,11:28:21,23.57,84854,36,卖盘
2147,11:28:24,23.57,18858,8,卖盘
2148,11:28:27,23.57,77781,33,卖盘
2149,11:28:30,23.57,11785,5,买盘
2150,11:28:33,23.57,11785,5,买盘
2151,11:28:36,23.56,14139,6,卖盘
2152,11:28:39,23.57,23570,10,买盘
2153,11:28:57,23.57,23570,10,买盘
2154,11:29:03,23.56,230888,98,卖盘
2155,11:29:06,23.56,433504,184,卖盘
2156,11:29:09,23.55,7065,3,卖盘
2157,11:29:12,23.55,16485,7,卖盘
2158,11:29:15,23.55,23552,10,卖盘
2159,11:29:18,23.55,75374,32,卖盘
2160,11:29:21,23.55,303795,129,卖盘
2161,11:29:27,23.56,190831,81,买盘
2162,11:29:30,23.56,259269,110,中性盘
2163,11:29:33,23.56,84806,36,卖盘
2164,11:29:36,23.58,33001,14,买盘
2165,11:29:42,23.55,28262,12,卖盘
2166,11:29:45,23.55,30641,13,卖盘
2167,11:29:48,23.57,40067,17,买盘
2168,11:29:57,23.56,28272,12,卖盘
2169,13:00:00,23.57,1093486,464,买盘
2170,13:00:03,23.55,749126,318,卖盘
2171,13:00:06,23.55,18840,8,卖盘
2172,13:00:09,23.55,169560,72,卖盘
2173,13:00:12,23.55,47100,20,卖盘
2174,13:00:15,23.55,77768,33,卖盘
2175,13:00:18,23.57,42402,18,买盘
2176,13:00:21,23.55,308505,131,卖盘
2177,13:00:24,23.54,61213,26,卖盘
2178,13:00:27,23.55,21195,9,卖盘
2179,13:00:33,23.55,113046,48,卖盘
2180,13:00:36,23.55,49455,21,卖盘
2181,13:00:39,23.55,14130,6,卖盘
2182,13:00:42,23.55,70700,30,卖盘
2183,13:00:45,23.55,16486,7,卖盘
2184,13:00:48,23.55,58875,25,卖盘
2185,13:00:51,23.54,459051,195,卖盘
2186,13:00:54,23.55,103582,44,卖盘
2187,13:00:57,23.55,138936,59,中性盘
2188,13:01:00,23.55,47100,20,卖盘
2189,13:01:03,23.56,113083,48,中性盘
2190,13:01:06,23.55,25905,11,卖盘
2191,13:01:09,23.55,4710,2,卖盘
2192,13:01:12,23.55,42396,18,卖盘
2193,13:01:15,23.55,11775,5,卖盘
2194,13:01:18,23.55,2355,1,卖盘
2195,13:01:21,23.55,129525,55,卖盘
2196,13:01:24,23.55,28261,12,卖盘
2197,13:01:30,23.55,32970,14,卖盘
2198,13:01:33,23.55,169582,72,卖盘
2199,13:01:36,23.54,32956,14,卖盘
2200,13:01:39,23.54,131824,56,卖盘
2201,13:01:42,23.54,37664,16,卖盘
2202,13:01:45,23.54,310728,132,卖盘
2203,13:01:48,23.54,386056,164,卖盘
2204,13:01:51,23.54,411950,175,卖盘
2205,13:01:54,23.54,204798,87,卖盘
2206,13:01:57,23.54,91806,39,卖盘
2207,13:02:00,23.54,51788,22,卖盘
2208,13:02:03,23.54,61215,26,卖盘
2209,13:02:06,23.54,23540,10,卖盘
2210,13:02:09,23.54,162439,69,卖盘
2211,13:02:12,23.54,96514,41,卖盘
2212,13:02:15,23.54,54159,23,卖盘
2213,13:02:21,23.55,18840,8,买盘
2214,13:02:24,23.54,14124,6,卖盘
2215,13:02:27,23.54,54142,23,卖盘
2216,13:02:30,23.55,65933,28,买盘
2217,13:02:33,23.54,11770,5,卖盘
2218,13:02:39,23.55,47100,20,买盘
2219,13:02:42,23.54,82420,35,卖盘
2220,13:02:45,23.54,30602,13,卖盘
2221,13:02:48,23.55,30614,13,买盘
2222,13:02:51,23.54,207152,88,卖盘
2223,13:02:54,23.54,72954,31,买盘
2224,13:02:57,23.54,47080,20,买盘
2225,13:03:03,23.54,37664,16,卖盘
2226,13:03:06,23.54,40018,17,卖盘
2227,13:03:09,23.54,30602,13,卖盘
2228,13:03:12,23.54,77662,33,卖盘
2229,13:03:15,23.53,75310,32,卖盘
2230,13:03:18,23.53,23530,10,卖盘
2231,13:03:21,23.53,70592,30,卖盘
2232,13:03:24,23.53,112944,48,卖盘
2233,13:03:27,23.53,134122,57,卖盘
2234,13:03:30,23.53,30589,13,卖盘
2235,13:03:33,23.53,192946,82,卖盘
2236,13:03:36,23.54,115305,49,买盘
2237,13:03:39,23.53,32947,14,卖盘
2238,13:03:42,23.53,16471,7,卖盘
2239,13:03:45,23.53,103538,44,卖盘
2240,13:03:48,23.54,164718,70,买盘
2241,13:03:51,23.53,30589,13,卖盘
2242,13:03:54,23.53,4706,2,卖盘
2243,13:03:57,23.53,23530,10,卖盘
2244,13:04:00,23.54,155363,66,买盘
2245,13:04:03,23.53,70600,30,卖盘
2246,13:04:06,23.53,23530,10,卖盘
2247,13:04:09,23.54,61197,26,买盘
2248,13:04:12,23.54,141240,60,买盘
2249,13:04:15,23.54,110638,47,买盘
2250,13:04:18,23.53,200076,85,卖盘
2251,13:04:21,23.53,77677,33,卖盘
2252,13:04:24,23.53,28242,12,卖盘
2253,13:04:27,23.54,35305,15,卖盘
2254,13:04:30,23.54,4708,2,买盘
2255,13:04:39,23.55,2355,1,买盘
2256,13:04:42,23.55,7065,3,买盘
2257,13:04:45,23.55,56501,24,买盘
2258,13:04:48,23.54,23540,10,卖盘
2259,13:04:51,23.54,9416,4,卖盘
2260,13:04:54,23.55,124763,53,买盘
2261,13:04:57,23.54,51796,22,卖盘
2262,13:05:03,23.54,61205,26,卖盘
2263,13:05:06,23.54,47080,20,卖盘
2264,13:05:12,23.54,329694,140,卖盘
2265,13:05:15,23.54,87098,37,卖盘
2266,13:05:18,23.54,218932,93,卖盘
2267,13:05:21,23.55,84758,36,买盘
2268,13:05:24,23.55,235412,100,买盘
2269,13:05:27,23.54,98883,42,卖盘
2270,13:05:30,23.54,63606,27,卖盘
2271,13:05:33,23.55,96570,41,中性盘
2272,13:05:36,23.55,18840,8,卖盘
2273,13:05:39,23.57,30635,13,买盘
2274,13:05:42,23.57,58925,25,买盘
2275,13:05:45,23.55,103620,44,卖盘
2276,13:05:48,23.54,18841,8,卖盘
2277,13:05:51,23.57,16489,7,买盘
2278,13:06:00,23.55,4710,2,卖盘
2279,13:06:12,23.57,103698,44,买盘
2280,13:06:15,23.55,63598,27,卖盘
2281,13:06:18,23.55,2355,1,卖盘
2282,13:06:21,23.56,9424,4,买盘
2283,13:06:24,23.55,167205,71,卖盘
2284,13:06:27,23.55,120088,51,买盘
2285,13:06:30,23.55,138946,59,卖盘
2286,13:06:33,23.56,40038,17,买盘
2287,13:06:39,23.56,77748,33,买盘
2288,13:06:42,23.55,56520,24,卖盘
2289,13:06:45,23.55,23550,10,买盘
2290,13:06:48,23.55,18840,8,买盘
2291,13:06:51,23.54,35320,15,卖盘
2292,13:06:54,23.55,18847,8,卖盘
2293,13:06:57,23.57,501995,213,买盘
2294,13:07:00,23.57,98994,42,卖盘
2295,13:07:03,23.57,37712,16,卖盘
2296,13:07:06,23.58,2358,1,买盘
2297,13:07:09,23.58,4716,2,买盘
2298,13:07:12,23.54,299185,127,卖盘
2299,13:07:15,23.54,80042,34,卖盘
2300,13:07:18,23.55,18840,8,卖盘
2301,13:07:27,23.55,75370,32,卖盘
2302,13:07:30,23.55,25905,11,卖盘
2303,13:07:33,23.55,23550,10,卖盘
2304,13:07:36,23.57,129631,55,买盘
2305,13:07:39,23.55,80070,34,卖盘
2306,13:07:42,23.55,47100,20,卖盘
2307,13:07:45,23.55,9420,4,卖盘
2308,13:07:48,23.55,9420,4,卖盘
2309,13:07:51,23.54,11770,5,卖盘
2310,13:07:54,23.54,37677,16,卖盘
2311,13:08:00,23.54,7062,3,卖盘
2312,13:08:03,23.54,11770,5,卖盘
2313,13:08:12,23.54,11770,5,卖盘
2314,13:08:18,23.54,98885,42,卖盘
2315,13:08:21,23.54,42377,18,卖盘
2316,13:08:24,23.54,40021,17,卖盘
2317,13:08:27,23.54,197741,84,卖盘
2318,13:08:30,23.54,169488,72,卖盘
2319,13:08:33,23.54,56497,24,卖盘
2320,13:08:36,23.55,14130,6,买盘
2321,13:08:39,23.55,117750,50,买盘
2322,13:08:42,23.54,70623,30,卖盘
2323,13:08:45,23.55,87135,37,买盘
2324,13:08:48,23.54,32957,14,卖盘
2325,13:08:51,23.54,18832,8,卖盘
2326,13:08:54,23.54,21189,9,卖盘
2327,13:09:00,23.54,148302,63,卖盘
2328,13:09:03,23.54,63558,27,卖盘
2329,13:09:06,23.55,32970,14,买盘
2330,13:09:09,23.55,103620,44,买盘
2331,13:09:12,23.54,44742,19,卖盘
2332,13:09:15,23.57,117726,50,买盘
2333,13:09:18,23.54,35320,15,卖盘
2334,13:09:24,23.57,30617,13,买盘
2335,13:09:27,23.56,73030,31,买盘
2336,13:09:30,23.55,25905,11,卖盘
2337,13:09:33,23.56,47117,20,买盘
2338,13:09:36,23.55,221455,94,卖盘
2339,13:09:39,23.55,58885,25,卖盘
2340,13:09:45,23.57,16494,7,买盘
2341,13:09:48,23.56,42408,18,卖盘
2342,13:09:51,23.56,16492,7,卖盘
2343,13:09:54,23.55,1363736,579,卖盘
2344,13:09:57,23.55,306031,130,买盘
2345,13:10:00,23.54,120074,51,卖盘
2346,13:10:03,23.55,115389,49,买盘
2347,13:10:06,23.55,49444,21,买盘
2348,13:10:09,23.55,7065,3,买盘
2349,13:10:15,23.56,51820,22,买盘
2350,13:10:18,23.55,32975,14,卖盘
2351,13:10:21,23.56,11780,5,买盘
2352,13:10:24,23.55,54168,23,卖盘
2353,13:10:27,23.55,103613,44,卖盘
2354,13:10:30,23.56,28263,12,买盘
2355,13:10:33,23.56,157847,67,买盘
2356,13:10:36,23.55,169613,72,卖盘
2357,13:10:39,23.56,35327,15,买盘
2358,13:10:42,23.55,174341,74,卖盘
2359,13:10:45,23.56,103644,44,买盘
2360,13:10:48,23.56,14136,6,卖盘
2361,13:11:03,23.57,7071,3,买盘
2362,13:11:06,23.57,157919,67,买盘
2363,13:11:09,23.57,131942,56,买盘
2364,13:11:12,23.57,70700,30,买盘
2365,13:11:15,23.55,287426,122,卖盘
2366,13:11:18,23.56,70652,30,买盘
2367,13:11:21,23.56,315704,134,买盘
2368,13:11:24,23.55,98929,42,卖盘
2369,13:11:27,23.56,91884,39,卖盘
2370,13:11:30,23.56,37696,16,卖盘
2371,13:11:33,23.56,205058,87,卖盘
2372,13:11:36,23.56,63612,27,卖盘
2373,13:11:39,23.56,30628,13,卖盘
2374,13:11:42,23.57,44783,19,买盘
2375,13:11:45,23.57,40069,17,卖盘
2376,13:11:48,23.57,7071,3,卖盘
2377,13:11:51,23.58,143813,61,买盘
2378,13:11:54,23.58,63642,27,买盘
2379,13:11:57,23.58,193356,82,买盘
2380,13:12:00,23.58,216868,92,买盘
2381,13:12:03,23.56,183818,78,卖盘
2382,13:12:06,23.56,37698,16,卖盘
2383,13:12:18,23.56,2356,1,卖盘
2384,13:12:24,23.56,44764,19,卖盘
2385,13:12:27,23.56,35340,15,卖盘
2386,13:12:30,23.56,4712,2,卖盘
2387,13:12:33,23.57,103701,44,买盘
2388,13:12:36,23.56,70680,30,卖盘
2389,13:12:39,23.56,18849,8,卖盘
2390,13:12:42,23.56,14136,6,卖盘
2391,13:12:45,23.56,172002,73,卖盘
2392,13:12:48,23.56,58907,25,卖盘
2393,13:12:51,23.57,169668,72,买盘
2394,13:12:54,23.55,489998,208,卖盘
2395,13:12:57,23.57,129542,55,买盘
2396,13:13:00,23.56,44747,19,买盘
2397,13:13:03,23.56,244958,104,买盘
2398,13:13:06,23.55,186101,79,卖盘
2399,13:13:09,23.56,200219,85,买盘
2400,13:13:12,23.56,115444,49,卖盘
2401,13:13:15,23.56,110753,47,卖盘
2402,13:13:18,23.56,28275,12,卖盘
2403,13:13:21,23.57,237991,101,买盘
2404,13:13:24,23.57,70681,30,买盘
2405,13:13:36,23.57,11785,5,买盘
2406,13:13:39,23.57,4713,2,买盘
2407,13:13:42,23.56,278008,118,卖盘
2408,13:13:45,23.55,96565,41,卖盘
2409,13:13:48,23.56,4712,2,买盘
2410,13:13:51,23.55,840740,357,卖盘
2411,13:13:54,23.55,581609,247,买盘
2412,13:13:57,23.55,164850,70,卖盘
2413,13:14:03,23.55,11775,5,卖盘
2414,13:14:06,23.56,4712,2,买盘
2415,13:14:09,23.56,23560,10,买盘
2416,13:14:12,23.55,49465,21,卖盘
2417,13:14:15,23.56,40039,17,买盘
2418,13:14:18,23.55,124815,53,卖盘
2419,13:14:21,23.56,49462,21,买盘
2420,13:14:24,23.55,638269,271,卖盘
2421,13:14:27,23.55,171915,73,卖盘
2422,13:14:30,23.56,18843,8,买盘
2423,13:14:33,23.56,40051,17,买盘
2424,13:14:36,23.56,63598,27,买盘
2425,13:14:39,23.56,58894,25,买盘
2426,13:14:42,23.56,127203,54,买盘
2427,13:14:45,23.56,131918,56,买盘
2428,13:14:48,23.55,51810,22,卖盘
2429,13:14:51,23.55,70660,30,卖盘
2430,13:14:54,23.55,63593,27,卖盘
2431,13:14:57,23.56,80100,34,买盘
2432,13:15:00,23.55,489840,208,卖盘
2433,13:15:03,23.55,176625,75,卖盘
2434,13:15:06,23.55,193120,82,卖盘
2435,13:15:09,23.56,47102,20,买盘
2436,13:15:12,23.56,28261,12,买盘
2437,13:15:15,23.56,16492,7,买盘
2438,13:15:18,23.55,482770,205,卖盘
2439,13:15:21,23.55,195412,83,买盘
2440,13:15:24,23.55,23541,10,买盘
2441,13:15:27,23.55,310851,132,买盘
2442,13:15:30,23.55,94200,40,卖盘
2443,13:15:33,23.55,494593,210,卖盘
2444,13:15:36,23.55,178980,76,卖盘
2445,13:15:39,23.55,105969,45,卖盘
2446,13:15:42,23.54,32962,14,卖盘
2447,13:15:45,23.56,32982,14,买盘
2448,13:15:48,23.55,94199,40,卖盘
2449,13:15:51,23.54,68266,29,卖盘
2450,13:15:54,23.55,42390,18,买盘
2451,13:15:57,23.55,527319,224,卖盘
2452,13:16:00,23.54,143599,61,卖盘
2453,13:16:03,23.55,9420,4,买盘
2454,13:16:06,23.54,188320,80,卖盘
2455,13:16:09,23.54,317793,135,卖盘
2456,13:16:12,23.54,101222,43,卖盘
2457,13:16:15,23.54,44726,19,卖盘
2458,13:16:18,23.54,169480,72,买盘
2459,13:16:21,23.54,105911,45,卖盘
2460,13:16:24,23.53,72969,31,卖盘
2461,13:16:27,23.54,72978,31,卖盘
2462,13:16:30,23.54,94161,40,卖盘
2463,13:16:33,23.53,202408,86,卖盘
2464,13:16:36,23.54,65893,28,买盘
2465,13:16:39,23.56,287268,122,买盘
2466,13:16:42,23.53,145894,62,卖盘
2467,13:16:45,23.53,82356,35,卖盘
2468,13:16:48,23.56,470783,200,买盘
2469,13:16:51,23.53,112944,48,卖盘
2470,13:17:03,23.53,54138,23,卖盘
2471,13:17:06,23.53,80004,34,卖盘
2472,13:17:09,23.53,23530,10,卖盘
2473,13:17:12,23.53,21177,9,卖盘
2474,13:17:15,23.53,30594,13,卖盘
2475,13:17:18,23.54,386056,164,买盘
2476,13:17:21,23.54,160072,68,卖盘
2477,13:17:24,23.54,115346,49,卖盘
2478,13:17:27,23.54,47075,20,卖盘
2479,13:17:30,23.54,550639,234,买盘
2480,13:17:33,23.54,211795,90,买盘
2481,13:17:36,23.54,51781,22,买盘
2482,13:17:39,23.54,56496,24,买盘
2483,13:17:42,23.54,25885,11,买盘
2484,13:17:45,23.54,72953,31,买盘
2485,13:17:48,23.53,120003,51,卖盘
2486,13:17:51,23.54,268345,114,买盘
2487,13:17:54,23.53,65884,28,卖盘
2488,13:17:57,23.53,96474,41,卖盘
2489,13:18:00,23.53,68238,29,卖盘
2490,13:18:03,23.54,7062,3,买盘
2491,13:18:06,23.54,28243,12,买盘
2492,13:18:15,23.53,47075,20,卖盘
2493,13:18:18,23.53,14118,6,卖盘
2494,13:18:21,23.54,7062,3,买盘
2495,13:18:24,23.54,37664,16,买盘
2496,13:18:27,23.54,40013,17,买盘
2497,13:18:30,23.54,117695,50,买盘
2498,13:18:33,23.53,42357,18,卖盘
2499,13:18:39,23.54,14124,6,买盘
2500,13:18:42,23.53,409425,174,卖盘
2501,13:18:45,23.53,122360,52,卖盘
2502,13:18:48,23.53,197652,84,卖盘
2503,13:18:51,23.54,887434,377,买盘
2504,13:18:54,23.54,273064,116,卖盘
2505,13:18:57,23.55,37668,16,买盘
2506,13:19:00,23.54,2354,1,卖盘
2507,13:19:03,23.54,409424,174,买盘
2508,13:19:06,23.53,108273,46,卖盘
2509,13:19:09,23.54,25894,11,卖盘
2510,13:19:15,23.54,11767,5,买盘
2511,13:19:18,23.53,251857,107,卖盘
2512,13:19:21,23.54,101185,43,卖盘
2513,13:19:24,23.53,9413,4,卖盘
2514,13:19:27,23.53,150592,64,卖盘
2515,13:19:30,23.53,56475,24,卖盘
2516,13:19:39,23.53,30594,13,卖盘
2517,13:19:42,23.53,7059,3,卖盘
2518,13:19:45,23.54,4708,2,买盘
2519,13:19:48,23.53,14119,6,卖盘
2520,13:19:54,23.54,63551,27,买盘
2521,13:19:57,23.53,16471,7,卖盘
2522,13:20:00,23.53,164710,70,卖盘
2523,13:20:03,23.53,138827,59,卖盘
2524,13:20:06,23.53,44707,19,卖盘
2525,13:20:09,23.53,9412,4,卖盘
2526,13:20:12,23.53,23532,10,卖盘
2527,13:20:15,23.54,308349,131,买盘
2528,13:20:18,23.54,612040,260,卖盘
2529,13:20:21,23.54,153018,65,卖盘
2530,13:20:27,23.54,56496,24,卖盘
2531,13:20:30,23.54,37664,16,卖盘
2532,13:20:33,23.53,458880,195,卖盘
2533,13:20:36,23.54,129416,55,中性盘
2534,13:20:42,23.54,35310,15,卖盘
2535,13:20:45,23.54,30602,13,卖盘
2536,13:20:54,23.54,2354,1,卖盘
2537,13:21:00,23.55,258960,110,买盘
2538,13:21:03,23.55,75331,32,买盘
2539,13:21:06,23.54,164780,70,卖盘
2540,13:21:09,23.54,47080,20,卖盘
2541,13:21:12,23.54,37664,16,卖盘
2542,13:21:15,23.54,30602,13,卖盘
2543,13:21:18,23.54,428428,182,卖盘
2544,13:21:21,23.53,110591,47,卖盘
2545,13:21:24,23.53,237654,101,卖盘
2546,13:21:27,23.53,77649,33,卖盘
2547,13:21:30,23.53,32942,14,卖盘
2548,13:21:33,23.53,176535,75,卖盘
2549,13:21:36,23.53,115297,49,卖盘
2550,13:21:39,23.53,25885,11,卖盘
2551,13:21:42,23.54,40018,17,买盘
2552,13:21:45,23.54,37659,16,买盘
2553,13:21:48,23.53,1115322,474,卖盘
2554,13:21:51,23.54,312830,133,买盘
2555,13:21:57,23.53,4706,2,买盘
2556,13:22:03,23.54,63533,27,买盘
2557,13:22:06,23.53,564550,240,卖盘
2558,13:22:09,23.53,171714,73,买盘
2559,13:22:12,23.53,44699,19,买盘
2560,13:22:15,23.53,14118,6,买盘
2561,13:22:18,23.52,51760,22,卖盘
2562,13:22:21,23.52,35283,15,卖盘
2563,13:22:24,23.53,228230,97,买盘
2564,13:22:27,23.53,338805,144,买盘
2565,13:22:30,23.52,543378,231,卖盘
2566,13:22:33,23.52,1938048,824,卖盘
2567,13:22:36,23.51,585400,249,卖盘
2568,13:22:39,23.52,192784,82,买盘
2569,13:22:42,23.51,467849,199,卖盘
2570,13:22:45,23.51,183379,78,卖盘
2571,13:22:48,23.51,728877,310,卖盘
2572,13:22:51,23.52,319738,136,买盘
2573,13:22:54,23.51,37616,16,卖盘
2574,13:22:57,23.51,91690,39,卖盘
2575,13:23:00,23.51,72881,31,卖盘
2576,13:23:03,23.52,134009,57,买盘
2577,13:23:06,23.51,559538,238,卖盘
2578,13:23:09,23.52,178686,76,买盘
2579,13:23:12,23.51,312683,133,卖盘
2580,13:23:15,23.52,77585,33,买盘
2581,13:23:18,23.52,131672,56,买盘
2582,13:23:21,23.51,47020,20,卖盘
2583,13:23:24,23.51,56443,24,卖盘
2584,13:23:27,23.52,39976,17,买盘
2585,13:23:30,23.51,155181,66,卖盘
2586,13:23:33,23.51,197539,84,卖盘
2587,13:23:36,23.51,155216,66,卖盘
2588,13:23:39,23.52,768869,327,买盘
2589,13:23:42,23.52,3092798,1315,买盘
2590,13:23:45,23.51,632497,269,卖盘
2591,13:23:48,23.51,312720,133,卖盘
2592,13:23:51,23.52,44671,19,买盘
2593,13:23:54,23.51,21165,9,卖盘
2594,13:23:57,23.51,70555,30,卖盘
2595,13:24:00,23.52,526684,224,买盘
2596,13:24:03,23.52,159878,68,买盘
2597,13:24:06,23.52,18812,8,买盘
2598,13:24:09,23.52,72889,31,买盘
2599,13:24:12,23.52,72906,31,买盘
2600,13:24:15,23.51,25866,11,卖盘
2601,13:24:18,23.52,21166,9,买盘
2602,13:24:21,23.51,49371,21,卖盘
2603,13:24:24,23.51,77596,33,卖盘
2604,13:24:27,23.51,91711,39,卖盘
2605,13:24:30,23.51,18808,8,卖盘
2606,13:24:33,23.51,49371,21,卖盘
2607,13:24:36,23.51,51722,22,卖盘
2608,13:24:39,23.51,28212,12,卖盘
2609,13:24:42,23.52,134064,57,买盘
2610,13:24:45,23.52,58785,25,买盘
2611,13:24:48,23.52,14112,6,买盘
2612,13:24:51,23.51,42318,18,卖盘
2613,13:24:54,23.52,65848,28,买盘
2614,13:24:57,23.52,42331,18,买盘
2615,13:25:00,23.52,543312,231,买盘
2616,13:25:03,23.51,256330,109,卖盘
2617,13:25:06,23.51,42325,18,卖盘
2618,13:25:09,23.53,44676,19,买盘
2619,13:25:12,23.52,474914,202,卖盘
2620,13:25:15,23.51,119902,51,卖盘
2621,13:25:18,23.51,188104,80,卖盘
2622,13:25:21,23.51,51727,22,卖盘
2623,13:25:24,23.53,2353,1,买盘
2624,13:25:27,23.53,23530,10,买盘
2625,13:25:30,23.53,44701,19,买盘
2626,13:25:33,23.53,143524,61,买盘
2627,13:25:36,23.52,42336,18,卖盘
2628,13:25:39,23.53,14115,6,买盘
2629,13:25:42,23.53,25873,11,买盘
2630,13:25:45,23.52,11760,5,卖盘
2631,13:25:48,23.52,28224,12,卖盘
2632,13:25:51,23.53,11762,5,买盘
2633,13:25:54,23.52,18816,8,卖盘
2634,13:25:57,23.52,1176,1,卖盘
2635,13:26:00,23.52,117610,50,卖盘
2636,13:26:03,23.53,150559,64,买盘
2637,13:26:06,23.52,98784,42,卖盘
2638,13:26:09,23.53,68230,29,买盘
2639,13:26:12,23.53,32933,14,买盘
2640,13:26:18,23.53,35295,15,买盘
2641,13:26:21,23.53,176470,75,买盘
2642,13:26:24,23.52,275221,117,卖盘
2643,13:26:27,23.53,87037,37,买盘
2644,13:26:30,23.53,159976,68,买盘
2645,13:26:33,23.52,58800,25,卖盘
2646,13:26:36,23.52,150537,64,卖盘
2647,13:26:39,23.52,39984,17,卖盘
2648,13:26:42,23.53,326936,139,买盘
2649,13:26:45,23.53,94086,40,买盘
2650,13:26:48,23.53,4706,2,买盘
2651,13:26:51,23.53,343416,146,买盘
2652,13:26:54,23.53,101142,43,买盘
2653,13:26:57,23.52,84675,36,卖盘
2654,13:27:00,23.52,35285,15,卖盘
2655,13:27:03,23.53,2353,1,买盘
2656,13:27:06,23.53,108193,46,买盘
2657,13:27:09,23.52,56459,24,卖盘
2658,13:27:12,23.52,65877,28,卖盘
2659,13:27:15,23.53,68228,29,买盘
2660,13:27:18,23.52,37632,16,卖盘
2661,13:27:21,23.52,87035,37,卖盘
2662,13:27:24,23.53,75274,32,买盘
2663,13:27:27,23.52,159936,68,卖盘
2664,13:27:30,23.52,296370,126,卖盘
2665,13:27:33,23.52,164645,70,卖盘
2666,13:27:36,23.52,68216,29,卖盘
2667,13:27:39,23.52,54101,23,卖盘
2668,13:27:42,23.52,37633,16,卖盘
2669,13:27:45,23.52,32928,14,卖盘
2670,13:27:48,23.52,291648,124,卖盘
2671,13:27:51,23.53,122319,52,买盘
2672,13:27:54,23.52,35280,15,卖盘
2673,13:27:57,23.53,4706,2,买盘
2674,13:28:00,23.53,230578,98,买盘
2675,13:28:03,23.52,155242,66,卖盘
2676,13:28:06,23.53,47049,20,买盘
2677,13:28:09,23.52,28231,12,卖盘
2678,13:28:12,23.52,42336,18,卖盘
2679,13:28:15,23.52,399840,170,卖盘
2680,13:28:18,23.52,141133,60,卖盘
2681,13:28:21,23.52,538728,229,卖盘
2682,13:28:24,23.52,294000,125,卖盘
2683,13:28:27,23.52,51744,22,卖盘
2684,13:28:30,23.52,49393,21,卖盘
2685,13:28:33,23.53,237602,101,买盘
2686,13:28:36,23.53,115259,49,买盘
2687,13:28:39,23.52,30576,13,卖盘
2688,13:28:45,23.52,35282,15,卖盘
2689,13:28:48,23.52,239904,102,卖盘
2690,13:28:51,23.52,89376,38,卖盘
2691,13:28:54,23.52,77626,33,卖盘
2692,13:28:57,23.52,42338,18,卖盘
2693,13:29:00,23.52,9408,4,卖盘
2694,13:29:03,23.52,72912,31,卖盘
2695,13:29:06,23.52,42336,18,卖盘
2696,13:29:09,23.52,103488,44,卖盘
2697,13:29:12,23.52,94080,40,卖盘
2698,13:29:15,23.52,16464,7,卖盘
2699,13:29:18,23.53,87027,37,买盘
2700,13:29:21,23.51,250447,107,卖盘
2701,13:29:24,23.52,101113,43,买盘
2702,13:29:27,23.52,25864,11,买盘
2703,13:29:30,23.52,95253,41,买盘
2704,13:29:33,23.52,28224,12,卖盘
2705,13:29:39,23.52,136416,58,卖盘
2706,13:29:42,23.52,56448,24,卖盘
2707,13:29:48,23.51,456114,194,卖盘
2708,13:29:51,23.52,188105,80,卖盘
2709,13:29:54,23.52,54096,23,卖盘
2710,13:29:57,23.52,4704,2,买盘
2711,13:30:00,23.51,23519,10,卖盘
2712,13:30:03,23.52,94073,40,买盘
2713,13:30:06,23.52,21168,9,卖盘
2714,13:30:09,23.53,21169,9,买盘
2715,13:30:12,23.53,661193,281,买盘
2716,13:30:15,23.52,192866,82,卖盘
2717,13:30:24,23.52,25882,11,卖盘
2718,13:30:27,23.53,272833,116,买盘
2719,13:30:30,23.52,84677,36,卖盘
2720,13:30:33,23.52,122313,52,卖盘
2721,13:30:36,23.53,235225,100,买盘
2722,13:30:39,23.52,148179,63,卖盘
2723,13:30:42,23.53,112918,48,买盘
2724,13:30:45,23.52,42343,18,卖盘
2725,13:30:48,23.52,47040,20,卖盘
2726,13:30:51,23.53,82342,35,买盘
2727,13:30:54,23.52,42336,18,卖盘
2728,13:31:00,23.53,9409,4,买盘
2729,13:31:03,23.52,47040,20,卖盘
2730,13:31:06,23.53,202275,86,买盘
2731,13:31:09,23.52,91728,39,卖盘
2732,13:31:12,23.52,61152,26,卖盘
2733,13:31:15,23.52,23520,10,卖盘
2734,13:31:18,23.52,16464,7,卖盘
2735,13:31:21,23.51,707929,301,卖盘
2736,13:31:24,23.52,181031,77,买盘
2737,13:31:27,23.52,96432,41,买盘
2738,13:31:30,23.51,51730,22,卖盘
2739,13:31:33,23.51,7053,3,卖盘
2740,13:31:36,23.51,30571,13,卖盘
2741,13:31:39,23.51,21159,9,卖盘
2742,13:31:45,23.52,98743,42,买盘
2743,13:31:48,23.52,51725,22,买盘
2744,13:31:51,23.51,1011356,430,卖盘
2745,13:31:54,23.51,307989,131,卖盘
2746,13:31:57,23.51,47020,20,卖盘
2747,13:32:03,23.51,268014,114,卖盘
2748,13:32:06,23.51,79937,34,卖盘
2749,13:32:09,23.52,79938,34,买盘
2750,13:32:12,23.51,21159,9,卖盘
2751,13:32:15,23.52,7056,3,买盘
2752,13:32:18,23.51,11755,5,卖盘
2753,13:32:24,23.52,296246,126,买盘
2754,13:32:27,23.51,183383,78,卖盘
2755,13:32:30,23.51,336244,143,卖盘
2756,13:32:33,23.52,82288,35,买盘
2757,13:32:36,23.52,32918,14,买盘
2758,13:32:39,23.52,47040,20,买盘
2759,13:32:42,23.52,68199,29,买盘
2760,13:32:45,23.52,171652,73,买盘
2761,13:32:48,23.52,213950,91,买盘
2762,13:32:51,23.52,446700,190,买盘
2763,13:32:54,23.51,188083,80,卖盘
2764,13:32:57,23.51,42326,18,卖盘
2765,13:33:00,23.52,28224,12,买盘
2766,13:33:03,23.52,2352,1,买盘
2767,13:33:06,23.51,58795,25,卖盘
2768,13:33:09,23.51,23510,10,卖盘
2769,13:33:12,23.52,119952,51,买盘
2770,13:33:15,23.52,82321,35,卖盘
2771,13:33:18,23.52,18816,8,卖盘
2772,13:33:24,23.52,159940,68,卖盘
2773,13:33:27,23.52,56448,24,卖盘
2774,13:33:30,23.53,84705,36,买盘
2775,13:33:33,23.51,23519,10,卖盘
2776,13:33:36,23.52,63504,27,卖盘
2777,13:33:39,23.52,56448,24,卖盘
2778,13:33:42,23.52,32923,14,买盘
2779,13:33:45,23.52,39984,17,买盘
2780,13:33:48,23.51,355001,151,卖盘
2781,13:33:51,23.52,174013,74,买盘
2782,13:33:54,23.52,143462,61,买盘
2783,13:33:57,23.51,634865,270,卖盘
2784,13:34:00,23.51,155170,66,卖盘
2785,13:34:03,23.52,4704,2,中性盘
2786,13:34:06,23.52,82320,35,买盘
2787,13:34:09,23.53,28226,12,买盘
2788,13:34:12,23.53,70563,30,买盘
2789,13:34:15,23.52,16464,7,卖盘
2790,13:34:18,23.53,150579,64,买盘
2791,13:34:21,23.51,79984,34,卖盘
2792,13:34:24,23.53,425605,181,买盘
2793,13:34:27,23.51,136384,58,卖盘
2794,13:34:30,23.52,327022,139,卖盘
2795,13:34:33,23.53,94082,40,买盘
2796,13:34:36,23.52,7056,3,卖盘
2797,13:34:39,23.53,40001,17,买盘
2798,13:34:42,23.53,44701,19,买盘
2799,13:34:45,23.53,47060,20,买盘
2800,13:34:48,23.52,197568,84,卖盘
2801,13:34:51,23.52,207042,88,卖盘
2802,13:34:54,23.52,56448,24,卖盘
2803,13:34:57,23.53,545896,232,买盘
2804,13:35:00,23.52,178764,76,卖盘
2805,13:35:03,23.52,333985,142,卖盘
2806,13:35:06,23.53,105847,45,买盘
2807,13:35:09,23.52,37632,16,卖盘
2808,13:35:12,23.52,14112,6,卖盘
2809,13:35:15,23.52,246967,105,卖盘
2810,13:35:18,23.53,75267,32,买盘
2811,13:35:21,23.53,11765,5,买盘
2812,13:35:30,23.53,79982,34,买盘
2813,13:35:33,23.52,117600,50,卖盘
2814,13:35:36,23.52,211680,90,卖盘
2815,13:35:39,23.52,63506,27,卖盘
2816,13:35:42,23.53,2353,1,买盘
2817,13:35:45,23.53,44707,19,买盘
2818,13:35:48,23.52,14112,6,卖盘
2819,13:35:54,23.53,7059,3,买盘
2820,13:35:57,23.53,929231,395,买盘
2821,13:36:00,23.53,4706,2,买盘
2822,13:36:03,23.53,167003,71,买盘
2823,13:36:06,23.53,112903,48,买盘
2824,13:36:09,23.53,70576,30,买盘
2825,13:36:12,23.53,39997,17,买盘
2826,13:36:15,23.52,7056,3,卖盘
2827,13:36:18,23.52,216384,92,卖盘
2828,13:36:24,23.53,7059,3,买盘
2829,13:36:27,23.52,44691,19,卖盘
2830,13:36:30,23.53,82325,35,买盘
2831,13:36:33,23.53,11762,5,买盘
2832,13:36:36,23.53,6895736,2931,买盘
2833,13:36:39,23.54,40022,17,中性盘
2834,13:36:42,23.55,134235,57,买盘
2835,13:36:45,23.55,35317,15,买盘
2836,13:36:48,23.55,35325,15,买盘
2837,13:36:51,23.55,61220,26,买盘
2838,13:36:54,23.55,42390,18,买盘
2839,13:36:57,23.55,129522,55,买盘
2840,13:37:00,23.56,35340,15,买盘
2841,13:37:03,23.55,2355,1,卖盘
2842,13:37:06,23.56,7068,3,买盘
2843,13:37:09,23.56,47120,20,买盘
2844,13:37:12,23.56,91878,39,买盘
2845,13:37:15,23.56,174344,74,买盘
2846,13:37:18,23.55,108330,46,卖盘
2847,13:37:21,23.56,91881,39,买盘
2848,13:37:24,23.56,16489,7,买盘
2849,13:37:27,23.56,23560,10,买盘
2850,13:37:30,23.56,395655,168,买盘
2851,13:37:33,23.56,42408,18,买盘
2852,13:37:36,23.56,56544,24,买盘
2853,13:37:39,23.56,108356,46,买盘
2854,13:37:42,23.55,96585,41,卖盘
2855,13:37:45,23.56,37696,16,买盘
2856,13:37:48,23.56,25916,11,买盘
2857,13:37:51,23.55,21201,9,卖盘
2858,13:37:54,23.55,7065,3,卖盘
2859,13:37:57,23.56,42408,18,买盘
2860,13:38:00,23.56,25916,11,买盘
2861,13:38:03,23.56,379169,161,买盘
2862,13:38:06,23.56,341600,145,买盘
2863,13:38:09,23.55,14130,6,卖盘
2864,13:38:12,23.56,277988,118,买盘
2865,13:38:15,23.56,4712,2,买盘
2866,13:38:18,23.55,18840,8,卖盘
2867,13:38:24,23.55,44747,19,卖盘
2868,13:38:27,23.55,68295,29,卖盘
2869,13:38:33,23.55,91851,39,卖盘
2870,13:38:36,23.55,7067,3,卖盘
2871,13:38:42,23.55,2355,1,卖盘
2872,13:38:45,23.55,42390,18,卖盘
2873,13:38:48,23.55,244920,104,卖盘
2874,13:38:51,23.55,9420,4,买盘
2875,13:38:57,23.55,148344,63,买盘
2876,13:39:00,23.54,437844,186,卖盘
2877,13:39:03,23.55,25904,11,买盘
2878,13:39:06,23.55,11775,5,买盘
2879,13:39:12,23.53,25883,11,卖盘
2880,13:39:15,23.54,28248,12,买盘
2881,13:39:18,23.54,77665,33,买盘
2882,13:39:21,23.53,254135,108,卖盘
2883,13:39:24,23.53,110591,47,卖盘
2884,13:39:27,23.54,7062,3,买盘
2885,13:39:30,23.53,61178,26,卖盘
2886,13:39:33,23.54,501190,213,买盘
2887,13:39:36,23.54,2354,1,买盘
2888,13:39:39,23.54,4708,2,买盘
2889,13:39:45,23.53,70590,30,卖盘
2890,13:39:48,23.53,2353,1,卖盘
2891,13:39:51,23.54,4707,2,买盘
2892,13:39:57,23.53,9412,4,卖盘
2893,13:40:00,23.53,534131,227,卖盘
2894,13:40:03,23.53,82355,35,卖盘
2895,13:40:06,23.54,2354,1,买盘
2896,13:40:09,23.53,672963,286,卖盘
2897,13:40:12,23.54,9416,4,买盘
2898,13:40:15,23.54,105895,45,买盘
2899,13:40:18,23.54,98868,42,买盘
2900,13:40:21,23.53,496687,211,卖盘
2901,13:40:24,23.53,7059,3,卖盘
2902,13:40:27,23.54,171842,73,买盘
2903,13:40:30,23.54,18832,8,卖盘
2904,13:40:33,23.53,472983,201,卖盘
2905,13:40:36,23.55,7065,3,买盘
2906,13:40:39,23.55,14130,6,买盘
2907,13:40:42,23.55,9420,4,买盘
2908,13:40:45,23.53,23532,10,卖盘
2909,13:40:48,23.54,40031,17,卖盘
2910,13:40:51,23.55,2355,1,买盘
2911,13:40:54,23.54,40019,17,卖盘
2912,13:40:57,23.54,9416,4,卖盘
2913,13:41:00,23.54,30602,13,买盘
2914,13:41:03,23.54,11770,5,买盘
2915,13:41:06,23.54,23540,10,买盘
2916,13:41:09,23.54,18832,8,买盘
2917,13:41:12,23.55,16485,7,买盘
2918,13:41:15,23.54,23540,10,卖盘
2919,13:41:18,23.55,150683,64,买盘
2920,13:41:21,23.55,75323,32,买盘
2921,13:41:30,23.55,2355,1,买盘
2922,13:41:33,23.55,25895,11,买盘
2923,13:41:36,23.54,11770,5,卖盘
2924,13:41:39,23.55,117727,50,买盘
2925,13:41:45,23.55,16485,7,买盘
2926,13:41:48,23.54,16478,7,卖盘
2927,13:41:51,23.55,21195,9,买盘
2928,13:41:57,23.55,87135,37,买盘
2929,13:42:00,23.55,40035,17,买盘
2930,13:42:03,23.55,150720,64,买盘
2931,13:42:06,23.54,296720,126,卖盘
2932,13:42:09,23.55,7065,3,卖盘
2933,13:42:15,23.55,11775,5,卖盘
2934,13:42:18,23.55,103630,44,卖盘
2935,13:42:21,23.55,37680,16,卖盘
2936,13:42:24,23.55,7065,3,卖盘
2937,13:42:27,23.55,5121591,2177,卖盘
2938,13:42:30,23.55,11775,5,买盘
2939,13:42:33,23.54,11770,5,卖盘
2940,13:42:36,23.54,56496,24,买盘
2941,13:42:39,23.54,127116,54,买盘
2942,13:42:42,23.54,42369,18,买盘
2943,13:42:45,23.54,9415,4,买盘
2944,13:42:48,23.54,143586,61,买盘
2945,13:42:51,23.54,54120,23,买盘
2946,13:42:54,23.54,32956,14,买盘
2947,13:42:57,23.53,7059,3,卖盘
2948,13:43:00,23.53,23530,10,卖盘
2949,13:43:03,23.53,23530,10,买盘
2950,13:43:06,23.53,23530,10,买盘
2951,13:43:09,23.53,23530,10,买盘
2952,13:43:12,23.53,21177,9,买盘
2953,13:43:15,23.53,18825,8,卖盘
2954,13:43:18,23.54,32953,14,买盘
2955,13:43:21,23.53,195309,83,卖盘
2956,13:43:24,23.53,122356,52,卖盘
2957,13:43:27,23.53,23530,10,买盘
2958,13:43:30,23.53,25886,11,买盘
2959,13:43:33,23.54,30602,13,买盘
2960,13:43:39,23.53,390466,166,卖盘
2961,13:43:42,23.53,82355,35,买盘
2962,13:43:45,23.53,42351,18,买盘
2963,13:43:48,23.53,56469,24,买盘
2964,13:43:51,23.53,63531,27,买盘
2965,13:43:54,23.53,72936,31,买盘
2966,13:43:57,23.53,14118,6,买盘
2967,13:44:00,23.52,18820,8,卖盘
2968,13:44:03,23.53,7059,3,买盘
2969,13:44:06,23.54,54122,23,买盘
2970,13:44:12,23.54,2354,1,买盘
2971,13:44:15,23.53,21177,9,卖盘
2972,13:44:21,23.53,23530,10,卖盘
2973,13:44:24,23.53,9412,4,卖盘
2974,13:44:27,23.53,87061,37,卖盘
2975,13:44:30,23.53,4706,2,卖盘
2976,13:44:33,23.53,110591,47,卖盘
2977,13:44:39,23.53,89414,38,卖盘
2978,13:44:42,23.53,11765,5,买盘
2979,13:44:45,23.53,14118,6,买盘
2980,13:44:51,23.53,75266,32,买盘
2981,13:44:54,23.52,21175,9,卖盘
2982,13:44:57,23.53,94083,40,买盘
2983,13:45:00,23.53,25876,11,买盘
2984,13:45:03,23.53,49413,21,买盘
2985,13:45:09,23.52,366917,156,卖盘
2986,13:45:15,23.52,21168,9,卖盘
2987,13:45:18,23.53,16467,7,买盘
2988,13:45:21,23.53,51762,22,买盘
2989,13:45:27,23.53,40001,17,买盘
2990,13:45:33,23.53,11765,5,买盘
2991,13:45:36,23.53,174063,74,买盘
2992,13:45:39,23.53,265780,113,买盘
2993,13:45:42,23.53,65884,28,买盘
2994,13:45:45,23.53,11765,5,买盘
2995,13:45:48,23.53,35295,15,买盘
2996,13:45:51,23.53,115285,49,买盘
2997,13:45:54,23.53,23530,10,买盘
2998,13:45:57,23.53,42353,18,买盘
2999,13:46:03,23.53,23530,10,卖盘
3000,13:46:06,23.54,68266,29,买盘
3001,13:46:15,23.54,7062,3,买盘
3002,13:46:18,23.54,77655,33,买盘
3003,13:46:33,23.54,7062,3,买盘
3004,13:46:36,23.54,51778,22,买盘
3005,13:46:42,23.54,402241,171,买盘
3006,13:46:45,23.53,120003,51,买盘
3007,13:46:48,23.52,2352,1,卖盘
3008,13:46:54,23.53,108238,46,买盘
3009,13:47:00,23.53,2353,1,买盘
3010,13:47:09,23.53,47060,20,买盘
3011,13:47:15,23.53,2353,1,买盘
3012,13:47:18,23.53,18819,8,买盘
3013,13:47:21,23.53,51746,22,买盘
3014,13:47:24,23.52,75264,32,卖盘
3015,13:47:27,23.53,30589,13,买盘
3016,13:47:30,23.53,16471,7,买盘
3017,13:47:33,23.53,4706,2,买盘
3018,13:47:39,23.53,18824,8,买盘
3019,13:47:42,23.53,23530,10,买盘
3020,13:47:51,23.52,51744,22,卖盘
3021,13:47:57,23.52,148178,63,卖盘
3022,13:48:00,23.52,16469,7,卖盘
3023,13:48:03,23.52,49392,21,卖盘
3024,13:48:09,23.52,152898,65,卖盘
3025,13:48:12,23.53,112936,48,买盘
3026,13:48:15,23.52,442176,188,卖盘
3027,13:48:18,23.53,35281,15,买盘
3028,13:48:21,23.53,32939,14,买盘
3029,13:48:27,23.52,122304,52,卖盘
3030,13:48:30,23.53,51757,22,买盘
3031,13:48:33,23.52,108192,46,卖盘
3032,13:48:36,23.52,14112,6,卖盘
3033,13:48:39,23.52,4704,2,卖盘
3034,13:48:42,23.53,2353,1,买盘
3035,13:48:45,23.52,72933,31,卖盘
3036,13:48:48,23.52,28234,12,卖盘
3037,13:48:51,23.52,63504,27,卖盘
3038,13:48:57,23.53,51766,22,买盘
3039,13:49:00,23.53,21177,9,买盘
3040,13:49:06,23.52,2352,1,卖盘
3041,13:49:09,23.52,23520,10,卖盘
3042,13:49:12,23.52,14112,6,卖盘
3043,13:49:15,23.53,75273,32,买盘
3044,13:49:18,23.52,98791,42,卖盘
3045,13:49:24,23.52,105841,45,卖盘
3046,13:49:27,23.52,138768,59,卖盘
3047,13:49:30,23.52,16464,7,卖盘
3048,13:49:36,23.53,2353,1,买盘
3049,13:49:39,23.52,204624,87,卖盘
3050,13:49:42,23.52,25878,11,卖盘
3051,13:49:45,23.53,91742,39,买盘
3052,13:49:48,23.53,432749,184,买盘
3053,13:49:51,23.53,7059,3,买盘
3054,13:49:57,23.52,2352,1,卖盘
3055,13:50:03,23.51,216387,92,卖盘
3056,13:50:06,23.53,7058,3,买盘
3057,13:50:09,23.52,21168,9,卖盘
3058,13:50:12,23.52,25872,11,卖盘
3059,13:50:15,23.52,115258,49,卖盘
3060,13:50:18,23.52,58800,25,卖盘
3061,13:50:21,23.52,42337,18,卖盘
3062,13:50:24,23.52,63497,27,卖盘
3063,13:50:27,23.52,9407,4,买盘
3064,13:50:30,23.52,2352,1,买盘
3065,13:50:33,23.52,4704,2,买盘
3066,13:50:36,23.52,2352,1,买盘
3067,13:50:39,23.52,2352,1,买盘
3068,13:50:45,23.51,39977,17,卖盘
3069,13:50:48,23.51,119902,51,卖盘
3070,13:50:51,23.52,136416,58,买盘
3071,13:50:54,23.51,39979,17,卖盘
3072,13:50:57,23.52,42336,18,买盘
3073,13:51:00,23.51,1728342,735,卖盘
3074,13:51:03,23.51,51727,22,卖盘
3075,13:51:06,23.51,230405,98,卖盘
3076,13:51:09,23.51,25866,11,卖盘
3077,13:51:15,23.52,9408,4,买盘
3078,13:51:18,23.51,402021,171,卖盘
3079,13:51:21,23.52,11760,5,买盘
3080,13:51:24,23.52,2352,1,买盘
3081,13:51:30,23.52,258626,110,买盘
3082,13:51:33,23.51,2351,1,卖盘
3083,13:51:39,23.51,37616,16,卖盘
3084,13:51:42,23.51,148113,63,卖盘
3085,13:51:45,23.51,117550,50,卖盘
3086,13:51:51,23.52,2352,1,买盘
3087,13:51:54,23.52,206892,88,买盘
3088,13:51:57,23.51,75232,32,卖盘
3089,13:52:00,23.51,169273,72,卖盘
3090,13:52:03,23.51,35270,15,卖盘
3091,13:52:06,23.51,28212,12,卖盘
3092,13:52:09,23.51,1011030,430,卖盘
3093,13:52:12,23.51,84637,36,卖盘
3094,13:52:15,23.51,75232,32,卖盘
3095,13:52:21,23.51,30573,13,卖盘
3096,13:52:24,23.52,286944,122,买盘
3097,13:52:27,23.51,44674,19,卖盘
3098,13:52:30,23.52,37632,16,买盘
3099,13:52:33,23.52,11760,5,买盘
3100,13:52:36,23.52,14111,6,买盘
3101,13:52:39,23.52,28224,12,买盘
3102,13:52:42,23.51,32918,14,卖盘
3103,13:52:45,23.51,21159,9,卖盘
3104,13:52:48,23.51,30563,13,卖盘
3105,13:52:51,23.52,543121,231,买盘
3106,13:52:54,23.52,84662,36,买盘
3107,13:52:57,23.51,129355,55,卖盘
3108,13:53:00,23.52,110543,47,买盘
3109,13:53:06,23.52,131657,56,买盘
3110,13:53:09,23.51,39967,17,卖盘
3111,13:53:12,23.52,9408,4,买盘
3112,13:53:15,23.51,117550,50,卖盘
3113,13:53:18,23.51,44674,19,卖盘
3114,13:53:21,23.51,4702,2,卖盘
3115,13:53:24,23.52,183442,78,买盘
3116,13:53:30,23.52,30568,13,买盘
3117,13:53:33,23.51,32923,14,卖盘
3118,13:53:36,23.51,68201,29,卖盘
3119,13:53:39,23.52,84666,36,买盘
3120,13:53:42,23.51,23510,10,卖盘
3121,13:53:48,23.52,4704,2,买盘
3122,13:53:51,23.51,16457,7,卖盘
3123,13:53:54,23.52,37622,16,买盘
3124,13:53:57,23.51,18808,8,卖盘
3125,13:54:00,23.51,298677,127,卖盘
3126,13:54:03,23.51,30563,13,卖盘
3127,13:54:06,23.51,82285,35,卖盘
3128,13:54:15,23.51,4702,2,卖盘
3129,13:54:18,23.51,23510,10,卖盘
