,成交时间,成交价格,成交金额,成交量,性质
0,09:25:00,23.67,4471263,1889,卖盘
1,09:30:00,23.63,8907064,3763,卖盘
2,09:30:03,23.66,4653308,1968,买盘
3,09:30:06,23.66,1487843,629,买盘
4,09:30:09,23.6,1194328,505,卖盘
5,09:30:12,23.64,125266,53,卖盘
6,09:30:15,23.62,103924,44,卖盘
7,09:30:18,23.6,457967,194,卖盘
8,09:30:21,23.6,167618,71,卖盘
9,09:30:24,23.6,299769,127,卖盘
10,09:30:27,23.62,196004,83,买盘
11,09:30:30,23.63,1813292,768,买盘
12,09:30:33,23.6,1633919,692,卖盘
13,09:30:36,23.6,932428,395,买盘
14,09:30:39,23.6,1366419,579,买盘
15,09:30:42,23.63,460161,195,买盘
16,09:30:45,23.59,530940,225,卖盘
17,09:30:48,23.57,1678741,712,卖盘
18,09:30:51,23.6,794398,337,买盘
19,09:30:54,23.6,749927,318,买盘
20,09:30:57,23.6,618355,262,卖盘
21,09:31:00,23.63,413373,175,中性盘
22,09:31:03,23.65,1579365,669,买盘
23,09:31:06,23.65,1277355,540,买盘
24,09:31:09,23.66,361815,153,中性盘
25,09:31:12,23.67,653083,276,买盘
26,09:31:15,23.68,764513,323,买盘
27,09:31:18,23.69,485405,205,买盘
28,09:31:21,23.69,824009,348,卖盘
29,09:31:24,23.67,1352156,571,卖盘
30,09:31:27,23.68,518485,219,中性盘
31,09:31:30,23.67,541981,229,中性盘
32,09:31:33,23.65,227032,96,卖盘
33,09:31:36,23.63,555736,235,卖盘
34,09:31:39,23.66,1050382,444,买盘
35,09:31:42,23.65,815825,345,卖盘
36,09:31:45,23.63,1130496,478,卖盘
37,09:31:48,23.65,1608011,681,卖盘
38,09:31:51,23.63,375825,159,卖盘
39,09:31:54,23.62,730348,309,卖盘
40,09:31:57,23.59,639463,271,卖盘
41,09:32:00,23.56,1016084,431,卖盘
42,09:32:03,23.55,744392,316,卖盘
43,09:32:06,23.54,482496,205,卖盘
44,09:32:09,23.53,235318,100,卖盘
45,09:32:12,23.51,2555592,1087,卖盘
46,09:32:15,23.5,1161246,494,卖盘
47,09:32:18,23.5,855592,364,卖盘
48,09:32:21,23.5,580652,247,卖盘
49,09:32:24,23.51,1060323,451,买盘
50,09:32:27,23.51,376259,160,卖盘
51,09:32:30,23.51,970990,413,卖盘
52,09:32:33,23.51,700497,298,买盘
53,09:32:36,23.5,2890605,1230,卖盘
54,09:32:39,23.48,690940,294,卖盘
55,09:32:42,23.49,488618,208,买盘
56,09:32:45,23.49,563596,240,买盘
57,09:32:48,23.47,1305270,556,卖盘
58,09:32:51,23.47,389739,166,买盘
59,09:32:54,23.45,1137855,485,卖盘
60,09:32:57,23.46,429244,183,中性盘
61,09:33:00,23.45,1221962,521,卖盘
62,09:33:03,23.47,4015286,1712,买盘
63,09:33:06,23.47,1438493,613,买盘
64,09:33:09,23.47,840025,358,卖盘
65,09:33:12,23.47,1007115,429,卖盘
66,09:33:15,23.49,9989503,4257,买盘
67,09:33:18,23.48,1783855,760,卖盘
68,09:33:21,23.5,364117,155,买盘
69,09:33:24,23.5,197366,84,买盘
70,09:33:27,23.51,2416013,1029,买盘
71,09:33:30,23.5,1372969,584,卖盘
72,09:33:33,23.48,2358828,1004,卖盘
73,09:33:36,23.48,565912,241,卖盘
74,09:33:39,23.48,1049469,447,买盘
75,09:33:42,23.48,413214,176,买盘
76,09:33:45,23.47,1039786,443,卖盘
77,09:33:48,23.47,673651,287,卖盘
78,09:33:51,23.46,774411,330,卖盘
79,09:33:54,23.46,1917378,817,卖盘
80,09:33:57,23.47,525600,224,买盘
81,09:34:00,23.47,865846,369,买盘
82,09:34:03,23.47,422332,180,买盘
83,09:34:06,23.46,3844209,1639,卖盘
84,09:34:09,23.45,670822,286,卖盘
85,09:34:12,23.45,802107,342,卖盘
86,09:34:15,23.45,2972044,1267,卖盘
87,09:34:18,23.47,1140254,486,买盘
88,09:34:21,23.47,926458,395,卖盘
89,09:34:24,23.48,429581,183,买盘
90,09:34:27,23.48,1887207,804,买盘
91,09:34:30,23.48,485901,207,卖盘
92,09:34:33,23.49,493126,210,买盘
93,09:34:36,23.49,352337,150,买盘
94,09:34:39,23.48,812631,346,卖盘
95,09:34:42,23.49,831502,354,买盘
96,09:34:45,23.5,112778,48,买盘
97,09:34:48,23.49,3993761,1701,卖盘
98,09:34:51,23.49,831579,354,买盘
99,09:34:54,23.5,483976,206,买盘
100,09:34:57,23.5,594292,253,买盘
101,09:35:00,23.49,805972,343,中性盘
102,09:35:03,23.48,882849,376,卖盘
103,09:35:06,23.46,1154550,492,卖盘
104,09:35:09,23.45,699216,298,卖盘
105,09:35:12,23.45,977968,417,卖盘
106,09:35:15,23.46,783611,334,卖盘
107,09:35:18,23.49,1035714,441,买盘
108,09:35:21,23.49,1863442,794,卖盘
109,09:35:24,23.49,1518018,646,买盘
110,09:35:27,23.49,354689,151,卖盘
111,09:35:30,23.48,232533,99,卖盘
112,09:35:33,23.49,413562,176,买盘
113,09:35:36,23.48,605937,258,卖盘
114,09:35:39,23.49,223229,95,卖盘
115,09:35:42,23.5,227880,97,买盘
116,09:35:45,23.5,378047,161,买盘
117,09:35:48,23.5,307740,131,买盘
118,09:35:51,23.5,169200,72,买盘
119,09:35:54,23.49,1080650,460,卖盘
120,09:35:57,23.5,552086,235,买盘
121,09:36:00,23.48,1035718,441,卖盘
122,09:36:03,23.47,488311,208,卖盘
123,09:36:06,23.49,566088,241,买盘
124,09:36:09,23.5,2872610,1223,买盘
125,09:36:12,23.5,1588673,676,卖盘
126,09:36:15,23.5,347824,148,卖盘
127,09:36:18,23.49,591788,252,卖盘
128,09:36:21,23.46,2433539,1037,卖盘
129,09:36:24,23.48,514112,219,卖盘
130,09:36:27,23.48,693218,295,中性盘
131,09:36:30,23.48,1014184,432,买盘
132,09:36:33,23.48,255881,109,买盘
133,09:36:36,23.48,333382,142,买盘
134,09:36:39,23.47,455377,194,卖盘
135,09:36:42,23.47,492958,210,卖盘
136,09:36:45,23.47,448239,191,买盘
137,09:36:48,23.46,588982,251,卖盘
138,09:36:51,23.49,3926710,1673,买盘
139,09:36:54,23.46,1206085,514,卖盘
140,09:36:57,23.46,312062,133,卖盘
141,09:37:00,23.49,795728,339,买盘
142,09:37:03,23.48,504977,215,卖盘
143,09:37:06,23.51,2172153,925,买盘
144,09:37:09,23.49,922585,393,卖盘
145,09:37:15,23.49,23489,10,买盘
146,09:37:18,23.5,124521,53,买盘
147,09:37:21,23.5,549600,234,买盘
148,09:37:24,23.5,56400,24,买盘
149,09:37:27,23.5,225554,96,买盘
150,09:37:30,23.5,187956,80,买盘
151,09:37:33,23.5,392346,167,买盘
152,09:37:36,23.49,486304,207,卖盘
153,09:37:39,23.48,371123,158,卖盘
154,09:37:42,23.5,234883,100,买盘
155,09:37:45,23.49,183230,78,卖盘
156,09:37:48,23.49,279533,119,买盘
157,09:37:51,23.48,98639,42,卖盘
158,09:37:54,23.5,213787,91,买盘
159,09:37:57,23.49,180877,77,卖盘
160,09:38:00,23.5,86935,37,买盘
161,09:38:03,23.5,72825,31,买盘
162,09:38:06,23.5,1177064,501,买盘
163,09:38:09,23.5,977584,416,卖盘
164,09:38:12,23.47,4353288,1854,卖盘
165,09:38:15,23.46,3615241,1541,卖盘
166,09:38:18,23.46,1238251,528,买盘
167,09:38:21,23.45,640373,273,卖盘
168,09:38:24,23.46,562834,240,中性盘
169,09:38:27,23.45,309644,132,卖盘
170,09:38:30,23.47,497565,212,买盘
171,09:38:33,23.48,46950,20,买盘
172,09:38:36,23.49,645489,275,买盘
173,09:38:39,23.47,687698,293,卖盘
174,09:38:42,23.46,176016,75,卖盘
175,09:38:45,23.47,675764,288,买盘
176,09:38:48,23.48,246467,105,买盘
177,09:38:51,23.47,30511,13,卖盘
178,09:38:54,23.47,117420,50,卖盘
179,09:38:57,23.51,4511473,1920,买盘
180,09:39:00,23.51,846493,360,卖盘
181,09:39:03,23.49,126900,54,卖盘
182,09:39:06,23.49,21143,9,卖盘
183,09:39:09,23.51,1201662,511,买盘
184,09:39:12,23.53,752960,320,买盘
185,09:39:15,23.51,529413,225,卖盘
186,09:39:18,23.52,517084,220,买盘
187,09:39:21,23.5,141008,60,卖盘
188,09:39:24,23.5,171636,73,买盘
189,09:39:27,23.54,555064,236,买盘
190,09:39:30,23.52,385631,164,卖盘
191,09:39:33,23.52,411316,175,卖盘
192,09:39:36,23.53,181229,77,买盘
193,09:39:39,23.54,150629,64,买盘
194,09:39:42,23.54,136506,58,买盘
195,09:39:45,23.54,668534,284,买盘
196,09:39:48,23.54,268327,114,中性盘
197,09:39:51,23.55,296717,126,买盘
198,09:39:54,23.55,1846326,784,买盘
199,09:39:57,23.55,428578,182,卖盘
200,09:40:00,23.55,697406,296,买盘
201,09:40:03,23.55,167267,71,卖盘
202,09:40:06,23.57,190805,81,买盘
203,09:40:09,23.59,54213,23,买盘
204,09:40:12,23.58,96676,41,买盘
205,09:40:15,23.55,1691130,718,卖盘
206,09:40:18,23.55,1057249,449,买盘
207,09:40:21,23.53,411889,175,卖盘
208,09:40:24,23.55,447400,190,买盘
209,09:40:27,23.55,282491,120,买盘
210,09:40:30,23.55,230784,98,买盘
211,09:40:33,23.54,536886,228,卖盘
212,09:40:36,23.58,1292881,549,买盘
213,09:40:39,23.55,294478,125,卖盘
214,09:40:42,23.56,204890,87,买盘
215,09:40:45,23.56,75366,32,买盘
216,09:40:48,23.56,75392,32,买盘
217,09:40:51,23.56,47120,20,卖盘
218,09:40:54,23.56,18853,8,卖盘
219,09:40:57,23.57,174394,74,卖盘
220,09:41:00,23.57,146138,62,买盘
221,09:41:03,23.57,794036,337,买盘
222,09:41:06,23.56,242727,103,卖盘
223,09:41:09,23.56,492556,209,买盘
224,09:41:12,23.56,63613,27,卖盘
225,09:41:15,23.56,146068,62,买盘
226,09:41:18,23.56,70680,30,买盘
227,09:41:21,23.55,228494,97,卖盘
228,09:41:24,23.55,584236,248,卖盘
229,09:41:27,23.55,383885,163,卖盘
230,09:41:30,23.56,117774,50,卖盘
231,09:41:33,23.56,261430,111,买盘
232,09:41:36,23.55,56539,24,卖盘
233,09:41:39,23.55,155446,66,卖盘
234,09:41:42,23.55,233175,99,卖盘
235,09:41:45,23.56,73016,31,买盘
236,09:41:48,23.55,1888250,802,卖盘
237,09:41:51,23.55,701413,298,买盘
238,09:41:54,23.53,141193,60,中性盘
239,09:41:57,23.52,188275,80,卖盘
240,09:42:00,23.52,446884,190,卖盘
241,09:42:03,23.52,237552,101,卖盘
242,09:42:06,23.52,32926,14,买盘
243,09:42:09,23.51,270380,115,卖盘
244,09:42:12,23.5,2376310,1011,卖盘
245,09:42:15,23.51,192731,82,买盘
246,09:42:18,23.5,333815,142,卖盘
247,09:42:21,23.5,357167,152,买盘
248,09:42:24,23.49,549852,234,卖盘
249,09:42:27,23.48,103323,44,卖盘
250,09:42:30,23.49,3862894,1646,买盘
251,09:42:33,23.48,98656,42,中性盘
252,09:42:36,23.49,566061,241,买盘
253,09:42:39,23.49,2029462,864,卖盘
254,09:42:42,23.49,875260,373,买盘
255,09:42:45,23.49,166674,71,买盘
256,09:42:48,23.48,622408,265,卖盘
257,09:42:51,23.46,812666,346,卖盘
258,09:42:54,23.48,319116,136,中性盘
259,09:42:57,23.48,237050,101,买盘
260,09:43:00,23.46,272212,116,卖盘
261,09:43:03,23.45,8533093,3640,卖盘
262,09:43:06,23.45,1109913,474,买盘
263,09:43:09,23.45,262476,112,买盘
264,09:43:12,23.44,417380,178,中性盘
265,09:43:15,23.44,206161,88,中性盘
266,09:43:18,23.43,98407,42,卖盘
267,09:43:21,23.43,328026,140,买盘
268,09:43:24,23.42,224895,96,卖盘
269,09:43:27,23.42,812747,347,卖盘
270,09:43:30,23.41,2498188,1067,卖盘
271,09:43:33,23.43,1957910,836,买盘
272,09:43:36,23.45,189730,81,买盘
273,09:43:39,23.45,229575,98,买盘
274,09:43:42,23.42,260047,111,卖盘
275,09:43:45,23.42,182735,78,卖盘
276,09:43:48,23.43,250663,107,买盘
277,09:43:51,23.43,852592,364,买盘
278,09:43:54,23.42,393480,168,卖盘
279,09:43:57,23.44,409915,175,买盘
280,09:44:00,23.43,325683,139,卖盘
281,09:44:03,23.44,506015,216,买盘
282,09:44:06,23.43,597306,255,中性盘
283,09:44:09,23.42,168672,72,卖盘
284,09:44:12,23.43,630001,269,买盘
285,09:44:15,23.42,367718,157,卖盘
286,09:44:18,23.42,304460,130,买盘
287,09:44:21,23.43,719003,307,买盘
288,09:44:24,23.42,313842,134,卖盘
289,09:44:27,23.43,96074,41,买盘
290,09:44:30,23.42,409890,175,卖盘
291,09:44:33,23.44,271786,116,买盘
292,09:44:36,23.44,276547,118,买盘
293,09:44:39,23.43,381896,163,卖盘
294,09:44:42,23.43,147608,63,中性盘
295,09:44:45,23.43,721936,308,卖盘
296,09:44:48,23.43,133618,57,卖盘
297,09:44:51,23.43,171097,73,卖盘
298,09:44:54,23.43,316366,135,卖盘
299,09:44:57,23.44,18745,8,中性盘
300,09:45:00,23.45,447643,191,买盘
301,09:45:03,23.43,239015,102,卖盘
302,09:45:06,23.44,192166,82,买盘
303,09:45:09,23.44,435847,186,买盘
304,09:45:12,23.44,398451,170,买盘
305,09:45:15,23.43,180478,77,卖盘
306,09:45:18,23.43,1703361,727,卖盘
307,09:45:21,23.43,442827,189,买盘
308,09:45:24,23.43,374885,160,买盘
309,09:45:27,23.43,79677,34,卖盘
310,09:45:30,23.43,140586,60,卖盘
311,09:45:33,23.44,171054,73,买盘
312,09:45:36,23.44,154696,66,买盘
313,09:45:39,23.45,56280,24,买盘
314,09:45:42,23.45,46885,20,买盘
315,09:45:45,23.44,121885,52,卖盘
316,09:45:48,23.45,360888,154,买盘
317,09:45:51,23.45,884057,377,买盘
318,09:45:54,23.44,105523,45,卖盘
319,09:45:57,23.45,248543,106,买盘
320,09:46:00,23.44,91432,39,卖盘
321,09:46:03,23.44,82046,35,卖盘
322,09:46:06,23.44,403294,172,卖盘
323,09:46:09,23.45,342321,146,买盘
324,09:46:12,23.44,384426,164,卖盘
325,09:46:15,23.44,168743,72,买盘
326,09:46:18,23.45,164081,70,买盘
327,09:46:21,23.44,166431,71,卖盘
328,09:46:24,23.44,143016,61,卖盘
329,09:46:27,23.45,121915,52,中性盘
330,09:46:30,23.44,84402,36,卖盘
331,09:46:33,23.45,459461,196,买盘
332,09:46:36,23.44,128958,55,卖盘
333,09:46:39,23.45,227385,97,买盘
334,09:46:42,23.45,255590,109,买盘
335,09:46:45,23.45,53933,23,买盘
336,09:46:48,23.46,16421,7,买盘
337,09:46:51,23.46,117259,50,买盘
338,09:46:54,23.46,65672,28,买盘
339,09:46:57,23.43,3817924,1629,卖盘
340,09:47:00,23.46,119638,51,买盘
341,09:47:03,23.46,164138,70,买盘
342,09:47:06,23.46,110262,47,中性盘
343,09:47:09,23.47,131420,56,买盘
344,09:47:12,23.46,218233,93,卖盘
345,09:47:15,23.48,2876292,1225,买盘
346,09:47:18,23.48,54004,23,卖盘
347,09:47:21,23.5,465290,198,买盘
348,09:47:24,23.5,533442,227,卖盘
349,09:47:27,23.5,443930,189,买盘
350,09:47:30,23.5,141001,60,买盘
351,09:47:33,23.5,338358,144,卖盘
352,09:47:36,23.5,72850,31,买盘
353,09:47:39,23.51,86955,37,买盘
354,09:47:42,23.51,124569,53,买盘
355,09:47:45,23.5,61125,26,卖盘
356,09:47:48,23.5,249260,106,卖盘
357,09:47:51,23.51,195129,83,卖盘
358,09:47:54,23.51,973182,414,卖盘
359,09:47:57,23.51,171598,73,买盘
360,09:48:00,23.5,176291,75,卖盘
361,09:48:03,23.49,584756,249,卖盘
362,09:48:06,23.5,187906,80,买盘
363,09:48:09,23.49,260837,111,中性盘
364,09:48:12,23.5,178593,76,买盘
365,09:48:15,23.51,321990,137,买盘
366,09:48:18,23.5,204450,87,卖盘
367,09:48:21,23.51,199711,85,买盘
368,09:48:24,23.5,150402,64,中性盘
369,09:48:27,23.49,700028,298,卖盘
370,09:48:30,23.49,742284,316,买盘
371,09:48:33,23.49,138584,59,买盘
372,09:48:36,23.48,110387,47,卖盘
373,09:48:39,23.49,314669,134,买盘
374,09:48:42,23.49,436831,186,买盘
375,09:48:45,23.49,272478,116,买盘
376,09:48:48,23.49,11745,5,卖盘
377,09:48:51,23.49,9396,4,卖盘
378,09:48:54,23.49,155067,66,卖盘
379,09:48:57,23.49,197335,84,卖盘
380,09:49:00,23.49,91611,39,买盘
381,09:49:03,23.48,28182,12,卖盘
382,09:49:06,23.49,983593,419,买盘
383,09:49:09,23.48,42265,18,中性盘
384,09:49:12,23.47,91549,39,卖盘
385,09:49:15,23.48,72788,31,买盘
386,09:49:18,23.48,49308,21,买盘
387,09:49:21,23.48,58700,25,买盘
388,09:49:24,23.48,171404,73,卖盘
389,09:49:27,23.49,39921,17,买盘
390,09:49:30,23.49,21134,9,买盘
391,09:49:33,23.49,211325,90,买盘
392,09:49:36,23.47,309841,132,卖盘
393,09:49:39,23.49,263013,112,买盘
394,09:49:42,23.48,122094,52,中性盘
395,09:49:45,23.48,42263,18,买盘
396,09:49:48,23.48,75139,32,卖盘
397,09:49:51,23.49,176094,75,买盘
398,09:49:54,23.48,44612,19,中性盘
399,09:49:57,23.48,133820,57,买盘
400,09:50:00,23.48,164337,70,买盘
401,09:50:03,23.48,232452,99,卖盘
402,09:50:06,23.49,861756,367,买盘
403,09:50:09,23.48,100979,43,卖盘
404,09:50:12,23.49,44624,19,买盘
405,09:50:15,23.49,16443,7,买盘
406,09:50:18,23.48,65749,28,卖盘
407,09:50:21,23.48,9392,4,卖盘
408,09:50:24,23.49,115101,49,买盘
409,09:50:27,23.5,70476,30,买盘
410,09:50:30,23.5,58740,25,买盘
411,09:50:33,23.5,105708,45,买盘
412,09:50:36,23.49,197370,84,卖盘
413,09:50:39,23.49,103361,44,卖盘
414,09:50:42,23.49,303145,129,卖盘
415,09:50:45,23.49,225508,96,卖盘
416,09:50:48,23.49,89262,38,买盘
417,09:50:51,23.5,241986,103,买盘
418,09:50:54,23.48,2348,1,卖盘
419,09:50:57,23.47,1385109,590,卖盘
420,09:51:00,23.46,1020564,435,卖盘
421,09:51:03,23.47,133722,57,买盘
422,09:51:06,23.45,70360,30,卖盘
423,09:51:09,23.48,25801,11,买盘
424,09:51:15,23.48,68078,29,买盘
425,09:51:18,23.48,220564,94,买盘
426,09:51:21,23.47,183036,78,中性盘
427,09:51:24,23.46,18773,8,卖盘
428,09:51:27,23.47,112626,48,买盘
429,09:51:30,23.48,61031,26,买盘
430,09:51:33,23.47,124366,53,卖盘
431,09:51:36,23.47,157236,67,买盘
432,09:51:39,23.48,279332,119,买盘
433,09:51:42,23.47,490344,209,卖盘
434,09:51:45,23.47,25817,11,买盘
435,09:51:48,23.47,44593,19,卖盘
436,09:51:51,23.47,110288,47,买盘
437,09:51:54,23.47,18773,8,买盘
438,09:51:57,23.47,37545,16,买盘
439,09:52:03,23.46,103236,44,卖盘
440,09:52:06,23.46,56314,24,卖盘
441,09:52:09,23.46,293255,125,卖盘
442,09:52:12,23.47,136091,58,买盘
443,09:52:15,23.45,68011,29,卖盘
444,09:52:18,23.46,121956,52,买盘
445,09:52:21,23.47,86822,37,买盘
446,09:52:24,23.46,171260,73,卖盘
447,09:52:27,23.46,25800,11,卖盘
448,09:52:30,23.45,243960,104,卖盘
449,09:52:33,23.45,415232,177,卖盘
450,09:52:36,23.45,89118,38,卖盘
451,09:52:39,23.47,129109,55,买盘
452,09:52:42,23.48,68073,29,买盘
453,09:52:45,23.47,100927,43,卖盘
454,09:52:48,23.47,21121,9,买盘
455,09:52:51,23.47,82145,35,买盘
456,09:52:54,23.47,16429,7,买盘
457,09:52:57,23.48,366146,156,买盘
458,09:53:00,23.47,147837,63,卖盘
459,09:53:03,23.48,51644,22,买盘
460,09:53:06,23.48,161917,69,买盘
461,09:53:09,23.47,16429,7,买盘
462,09:53:12,23.46,21121,9,卖盘
463,09:53:15,23.46,420008,179,卖盘
464,09:53:18,23.46,61010,26,卖盘
465,09:53:21,23.46,23466,10,卖盘
466,09:53:24,23.47,363770,155,买盘
467,09:53:27,23.46,173604,74,卖盘
468,09:53:30,23.47,96207,41,买盘
469,09:53:33,23.46,150181,64,卖盘
470,09:53:36,23.46,914839,390,卖盘
471,09:53:39,23.46,56311,24,卖盘
472,09:53:42,23.47,68059,29,买盘
473,09:53:45,23.46,110262,47,卖盘
474,09:53:48,23.46,51612,22,买盘
475,09:53:51,23.46,131323,56,买盘
476,09:53:54,23.45,100835,43,卖盘
477,09:53:57,23.45,79762,34,卖盘
478,09:54:00,23.46,39870,17,买盘
479,09:54:03,23.45,412732,176,卖盘
480,09:54:06,23.46,185262,79,买盘
481,09:54:09,23.46,131331,56,买盘
482,09:54:12,23.46,150144,64,买盘
483,09:54:15,23.45,171223,73,卖盘
484,09:54:18,23.46,100876,43,买盘
485,09:54:21,23.46,251022,107,买盘
486,09:54:24,23.45,119638,51,卖盘
487,09:54:27,23.46,18768,8,买盘
488,09:54:30,23.45,318926,136,卖盘
489,09:54:33,23.45,365914,156,卖盘
490,09:54:36,23.46,998975,426,买盘
491,09:54:39,23.45,185257,79,卖盘
492,09:54:42,23.45,63315,27,买盘
493,09:54:45,23.45,77385,33,买盘
494,09:54:48,23.45,114874,49,卖盘
495,09:54:51,23.44,302457,129,卖盘
496,09:54:54,23.44,143041,61,卖盘
497,09:54:57,23.45,7035,3,中性盘
498,09:55:00,23.45,21101,9,买盘
499,09:55:03,23.45,100811,43,买盘
500,09:55:06,23.45,745416,318,买盘
501,09:55:09,23.44,236754,101,卖盘
502,09:55:12,23.44,25785,11,卖盘
503,09:55:15,23.44,53926,23,卖盘
504,09:55:18,23.45,602613,257,买盘
505,09:55:21,23.45,58625,25,卖盘
506,09:55:24,23.45,255610,109,卖盘
507,09:55:27,23.46,65670,28,买盘
508,09:55:30,23.45,248587,106,卖盘
509,09:55:33,23.45,107890,46,卖盘
510,09:55:36,23.45,340035,145,卖盘
511,09:55:39,23.45,84420,36,卖盘
512,09:55:42,23.46,1480243,631,买盘
513,09:55:45,23.47,206455,88,买盘
514,09:55:48,23.46,185334,79,卖盘
515,09:55:51,23.47,44577,19,买盘
516,09:55:54,23.47,7040,3,买盘
517,09:55:57,23.47,589084,251,买盘
518,09:56:00,23.46,143115,61,卖盘
519,09:56:03,23.46,96202,41,卖盘
520,09:56:06,23.47,75097,32,买盘
521,09:56:09,23.47,58675,25,买盘
522,09:56:12,23.48,51636,22,买盘
523,09:56:15,23.48,436725,186,买盘
524,09:56:18,23.48,476452,203,中性盘
525,09:56:21,23.48,75165,32,卖盘
526,09:56:24,23.49,159732,68,买盘
527,09:56:27,23.49,206686,88,买盘
528,09:56:30,23.49,56363,24,买盘
529,09:56:33,23.49,279496,119,买盘
530,09:56:36,23.49,129157,55,买盘
531,09:56:39,23.48,171427,73,卖盘
532,09:56:42,23.48,21132,9,买盘
533,09:56:45,23.48,58691,25,买盘
534,09:56:48,23.48,23479,10,买盘
535,09:56:51,23.48,65742,28,买盘
536,09:56:54,23.48,253504,108,买盘
537,09:56:57,23.47,255904,109,卖盘
538,09:57:00,23.47,237072,101,卖盘
539,09:57:03,23.48,96268,41,买盘
540,09:57:06,23.48,11740,5,卖盘
541,09:57:09,23.49,404028,172,买盘
542,09:57:12,23.48,98646,42,卖盘
543,09:57:15,23.49,7047,3,中性盘
544,09:57:18,23.49,11745,5,买盘
545,09:57:21,23.49,28186,12,买盘
546,09:57:24,23.49,70470,30,买盘
547,09:57:27,23.49,162041,69,买盘
548,09:57:30,23.49,246599,105,买盘
549,09:57:33,23.49,133908,57,买盘
550,09:57:36,23.49,77527,33,卖盘
551,09:57:39,23.49,44631,19,卖盘
552,09:57:42,23.49,241950,103,卖盘
553,09:57:45,23.48,84574,36,卖盘
554,09:57:48,23.49,9396,4,买盘
555,09:57:51,23.49,2349,1,买盘
556,09:57:54,23.48,51661,22,卖盘
557,09:57:57,23.48,145630,62,卖盘
558,09:58:00,23.49,197258,84,买盘
559,09:58:03,23.48,96278,41,卖盘
560,09:58:06,23.48,518971,221,卖盘
561,09:58:09,23.49,253684,108,买盘
562,09:58:12,23.49,197316,84,卖盘
563,09:58:15,23.49,122148,52,卖盘
564,09:58:18,23.49,155045,66,卖盘
565,09:58:21,23.49,216186,92,卖盘
566,09:58:24,23.49,23497,10,卖盘
567,09:58:27,23.49,211426,90,卖盘
568,09:58:30,23.49,373494,159,卖盘
569,09:58:33,23.5,272600,116,买盘
570,09:58:36,23.49,25839,11,卖盘
571,09:58:39,23.49,474521,202,卖盘
572,09:58:42,23.5,110422,47,买盘
573,09:58:45,23.5,333651,142,买盘
574,09:58:48,23.5,166823,71,买盘
575,09:58:51,23.5,89271,38,买盘
576,09:58:54,23.5,115142,49,买盘
577,09:58:57,23.5,549768,234,买盘
578,09:59:00,23.5,98700,42,买盘
579,09:59:03,23.49,293679,125,卖盘
580,09:59:06,23.52,2267937,965,买盘
581,09:59:09,23.52,141038,60,买盘
582,09:59:12,23.52,138747,59,买盘
583,09:59:15,23.51,157550,67,卖盘
584,09:59:18,23.52,270475,115,买盘
585,09:59:21,23.53,136437,58,买盘
586,09:59:24,23.51,228063,97,卖盘
587,09:59:27,23.5,3455157,1470,卖盘
588,09:59:30,23.49,606272,258,卖盘
589,09:59:33,23.49,96336,41,卖盘
590,09:59:36,23.49,152695,65,卖盘
591,09:59:39,23.5,129235,55,买盘
592,09:59:42,23.49,347652,148,卖盘
593,09:59:45,23.5,516685,220,买盘
594,09:59:48,23.49,82215,35,卖盘
595,09:59:51,23.48,803082,342,卖盘
596,09:59:54,23.48,173752,74,买盘
597,09:59:57,23.48,28169,12,买盘
598,10:00:00,23.48,103296,44,买盘
599,10:00:03,23.48,35211,15,买盘
600,10:00:06,23.49,298186,127,买盘
601,10:00:09,23.48,225341,96,卖盘
602,10:00:12,23.48,192539,82,卖盘
603,10:00:18,23.48,140939,60,卖盘
604,10:00:21,23.48,91576,39,卖盘
605,10:00:24,23.49,39921,17,买盘
606,10:00:27,23.49,86895,37,买盘
607,10:00:30,23.49,169113,72,买盘
608,10:00:33,23.5,61088,26,买盘
609,10:00:36,23.49,21141,9,中性盘
610,10:00:39,23.49,155034,66,卖盘
611,10:00:42,23.48,86908,37,卖盘
612,10:00:45,23.49,51678,22,中性盘
613,10:00:48,23.49,521459,222,买盘
614,10:00:51,23.48,79840,34,卖盘
615,10:00:54,23.49,183182,78,买盘
616,10:00:57,23.49,11743,5,买盘
617,10:01:00,23.49,136214,58,买盘
618,10:01:03,23.49,227815,97,买盘
619,10:01:06,23.48,70462,30,卖盘
620,10:01:09,23.49,86883,37,买盘
621,10:01:12,23.49,159700,68,买盘
622,10:01:15,23.49,77487,33,买盘
623,10:01:18,23.48,723190,308,卖盘
624,10:01:21,23.49,164383,70,买盘
625,10:01:24,23.48,9392,4,卖盘
626,10:01:27,23.48,44627,19,卖盘
627,10:01:30,23.48,396812,169,卖盘
628,10:01:33,23.48,319328,136,买盘
629,10:01:36,23.48,126792,54,买盘
630,10:01:39,23.48,63396,27,买盘
631,10:01:42,23.48,11740,5,买盘
632,10:01:45,23.48,183144,78,买盘
633,10:01:48,23.48,51656,22,卖盘
634,10:01:51,23.48,49318,21,卖盘
635,10:01:54,23.49,58701,25,买盘
636,10:01:57,23.48,225408,96,卖盘
637,10:02:00,23.48,89224,38,买盘
638,10:02:03,23.48,108008,46,买盘
639,10:02:06,23.47,579720,247,卖盘
640,10:02:09,23.49,178450,76,买盘
641,10:02:12,23.48,35220,15,中性盘
642,10:02:15,23.48,21138,9,卖盘
643,10:02:18,23.49,342911,146,买盘
644,10:02:21,23.48,126758,54,中性盘
645,10:02:24,23.48,51651,22,买盘
646,10:02:27,23.47,77467,33,卖盘
647,10:02:30,23.47,380234,162,卖盘
648,10:02:33,23.47,438906,187,卖盘
649,10:02:36,23.47,251141,107,卖盘
650,10:02:39,23.46,39885,17,卖盘
651,10:02:42,23.46,28157,12,卖盘
652,10:02:45,23.46,32844,14,卖盘
653,10:02:48,23.46,63358,27,卖盘
654,10:02:51,23.46,675716,288,卖盘
655,10:02:54,23.46,178302,76,卖盘
656,10:02:57,23.46,638126,272,卖盘
657,10:03:00,23.46,138414,59,卖盘
658,10:03:03,23.47,103235,44,买盘
659,10:03:06,23.48,260520,111,买盘
660,10:03:09,23.48,166669,71,买盘
661,10:03:12,23.47,208898,89,卖盘
662,10:03:15,23.46,412963,176,卖盘
663,10:03:18,23.46,2346,1,卖盘
664,10:03:21,23.47,16423,7,买盘
665,10:03:27,23.46,758937,324,卖盘
666,10:03:30,23.46,91502,39,卖盘
667,10:03:33,23.46,182998,78,卖盘
668,10:03:36,23.47,61001,26,买盘
669,10:03:39,23.46,145464,62,卖盘
670,10:03:42,23.45,184188,79,卖盘
671,10:03:45,23.46,391782,167,买盘
672,10:03:48,23.45,63357,27,卖盘
673,10:03:51,23.45,190011,81,卖盘
674,10:03:54,23.45,614396,262,卖盘
675,10:03:57,23.45,23456,10,卖盘
676,10:04:00,23.46,630822,269,买盘
677,10:04:03,23.46,467938,200,买盘
678,10:04:06,23.46,42228,18,卖盘
679,10:04:09,23.46,341335,146,卖盘
680,10:04:12,23.45,136053,58,卖盘
681,10:04:15,23.46,178271,76,买盘
682,10:04:18,23.46,612085,261,买盘
683,10:04:21,23.46,402260,172,买盘
684,10:04:24,23.46,126657,54,买盘
685,10:04:27,23.45,253342,108,卖盘
686,10:04:30,23.45,107937,46,卖盘
687,10:04:33,23.47,9388,4,买盘
688,10:04:36,23.46,150100,64,卖盘
689,10:04:39,23.46,79764,34,买盘
690,10:04:42,23.45,166556,71,卖盘
691,10:04:45,23.47,18776,8,买盘
692,10:04:51,23.46,89164,38,卖盘
693,10:04:54,23.47,661792,282,买盘
694,10:04:57,23.47,110326,47,中性盘
695,10:05:00,23.46,637954,272,卖盘
696,10:05:03,23.45,2393065,1021,卖盘
697,10:05:06,23.46,168850,72,买盘
698,10:05:09,23.45,89113,38,中性盘
699,10:05:12,23.44,3232019,1379,卖盘
700,10:05:15,23.42,2293641,979,卖盘
701,10:05:18,23.43,3789370,1618,买盘
702,10:05:21,23.42,152215,65,中性盘
703,10:05:24,23.42,133468,57,中性盘
704,10:05:27,23.43,163958,70,买盘
705,10:05:30,23.42,332775,142,卖盘
706,10:05:33,23.42,142865,61,卖盘
707,10:05:36,23.42,930122,397,卖盘
708,10:05:39,23.42,344248,147,买盘
709,10:05:42,23.42,156895,67,买盘
710,10:05:45,23.42,2991872,1278,中性盘
711,10:05:48,23.42,2081195,889,买盘
712,10:05:51,23.42,210764,90,卖盘
713,10:05:54,23.41,243473,104,卖盘
714,10:05:57,23.41,377002,161,卖盘
715,10:06:00,23.41,117051,50,卖盘
716,10:06:03,23.42,723140,309,买盘
717,10:06:06,23.42,203674,87,买盘
718,10:06:09,23.41,365206,156,卖盘
719,10:06:12,23.41,1114305,476,卖盘
720,10:06:15,23.41,585264,250,卖盘
721,10:06:18,23.41,91299,39,买盘
722,10:06:21,23.4,393152,168,卖盘
723,10:06:24,23.41,493863,211,买盘
724,10:06:27,23.4,379124,162,卖盘
725,10:06:30,23.4,844768,361,卖盘
726,10:06:33,23.4,224662,96,卖盘
727,10:06:36,23.4,255071,109,卖盘
728,10:06:39,23.4,2992871,1279,卖盘
729,10:06:42,23.4,564059,241,卖盘
730,10:06:45,23.4,863527,369,卖盘
731,10:06:48,23.41,940730,402,买盘
732,10:06:51,23.4,830702,355,卖盘
733,10:06:54,23.4,205944,88,卖盘
734,10:06:57,23.41,575660,246,买盘
735,10:07:00,23.41,1998404,854,买盘
736,10:07:03,23.4,601428,257,卖盘
737,10:07:06,23.41,252709,108,买盘
738,10:07:09,23.4,119346,51,卖盘
739,10:07:12,23.41,114665,49,买盘
740,10:07:15,23.4,145091,62,卖盘
741,10:07:18,23.4,678611,290,卖盘
742,10:07:21,23.39,2465351,1054,卖盘
743,10:07:24,23.38,170710,73,卖盘
744,10:07:27,23.39,355526,152,买盘
745,10:07:30,23.39,336692,144,买盘
746,10:07:33,23.38,306328,131,卖盘
747,10:07:36,23.39,346152,148,买盘
748,10:07:39,23.38,264206,113,卖盘
749,10:07:42,23.38,1737152,743,卖盘
750,10:07:45,23.38,1688028,722,卖盘
751,10:07:48,23.38,105189,45,买盘
752,10:07:51,23.37,177630,76,卖盘
753,10:07:54,23.37,119214,51,卖盘
754,10:07:57,23.37,670719,287,卖盘
755,10:08:00,23.36,971816,416,卖盘
756,10:08:03,23.37,303724,130,买盘
757,10:08:06,23.36,394836,169,卖盘
758,10:08:09,23.36,457883,196,卖盘
759,10:08:12,23.37,754547,323,买盘
760,10:08:15,23.37,712493,305,买盘
761,10:08:18,23.36,591010,253,卖盘
762,10:08:21,23.36,210272,90,卖盘
763,10:08:24,23.36,415820,178,卖盘
764,10:08:27,23.36,348093,149,卖盘
765,10:08:30,23.37,373858,160,买盘
766,10:08:33,23.36,729042,312,卖盘
767,10:08:36,23.37,84103,36,中性盘
768,10:08:39,23.36,161218,69,卖盘
769,10:08:42,23.38,525894,225,买盘
770,10:08:45,23.38,2149247,920,买盘
771,10:08:48,23.38,539909,231,买盘
772,10:08:51,23.38,49094,21,买盘
773,10:08:54,23.38,177626,76,买盘
774,10:08:57,23.38,430121,184,买盘
775,10:09:00,23.38,137942,59,买盘
776,10:09:03,23.38,58450,25,卖盘
777,10:09:06,23.35,6518148,2791,卖盘
778,10:09:09,23.35,805561,345,买盘
779,10:09:12,23.35,1921044,823,买盘
780,10:09:15,23.35,46724,20,卖盘
781,10:09:18,23.38,296660,127,买盘
782,10:09:21,23.36,102805,44,卖盘
783,10:09:24,23.35,168157,72,卖盘
784,10:09:27,23.35,443760,190,卖盘
785,10:09:30,23.35,79392,34,卖盘
786,10:09:33,23.35,163461,70,卖盘
787,10:09:36,23.35,193812,83,卖盘
788,10:09:39,23.35,186804,80,卖盘
789,10:09:42,23.36,931778,399,买盘
790,10:09:45,23.35,338623,145,卖盘
791,10:09:48,23.36,170503,73,买盘
792,10:09:51,23.36,1137153,487,买盘
793,10:09:54,23.36,432002,185,买盘
794,10:09:57,23.36,193832,83,买盘
795,10:10:00,23.35,329239,141,卖盘
796,10:10:03,23.36,361999,155,买盘
797,10:10:06,23.35,158802,68,卖盘
798,10:10:09,23.36,611896,262,买盘
799,10:10:12,23.35,98076,42,卖盘
800,10:10:15,23.36,189179,81,买盘
801,10:10:18,23.36,1321945,566,买盘
802,10:10:21,23.37,385527,165,买盘
803,10:10:24,23.37,91131,39,卖盘
804,10:10:27,23.36,130856,56,卖盘
805,10:10:30,23.37,14022,6,买盘
806,10:10:33,23.37,30377,13,买盘
807,10:10:36,23.37,518739,222,买盘
808,10:10:39,23.36,123837,53,卖盘
809,10:10:42,23.37,30371,13,买盘
810,10:10:45,23.37,44403,19,买盘
811,10:10:48,23.37,264007,113,买盘
812,10:10:51,23.36,93470,40,卖盘
813,10:10:54,23.37,1354913,580,中性盘
814,10:10:57,23.36,443911,190,卖盘
815,10:11:00,23.4,928553,397,买盘
816,10:11:03,23.4,23403,10,卖盘
817,10:11:06,23.4,42125,18,卖盘
818,10:11:09,23.41,367508,157,买盘
819,10:11:12,23.41,81922,35,买盘
820,10:11:15,23.4,1285679,549,卖盘
821,10:11:18,23.4,308890,132,卖盘
822,10:11:21,23.4,46805,20,卖盘
823,10:11:24,23.4,88935,38,卖盘
824,10:11:27,23.42,93673,40,买盘
825,10:11:30,23.42,725475,310,买盘
826,10:11:33,23.42,11710,5,买盘
827,10:11:36,23.42,107720,46,买盘
828,10:11:39,23.4,941053,402,卖盘
829,10:11:42,23.41,37474,16,中性盘
830,10:11:45,23.4,220104,94,卖盘
831,10:11:48,23.41,1176014,503,买盘
832,10:11:51,23.42,290251,124,买盘
833,10:11:54,23.41,74912,32,卖盘
834,10:11:57,23.4,243416,104,卖盘
835,10:12:00,23.4,219979,94,买盘
836,10:12:03,23.4,107661,46,卖盘
837,10:12:06,23.41,67845,29,买盘
838,10:12:09,23.41,39784,17,买盘
839,10:12:12,23.41,81922,35,买盘
840,10:12:15,23.39,706604,302,卖盘
841,10:12:18,23.38,329942,141,卖盘
842,10:12:21,23.4,147404,63,买盘
843,10:12:24,23.39,91256,39,中性盘
844,10:12:27,23.38,65479,28,卖盘
845,10:12:30,23.39,98226,42,中性盘
846,10:12:33,23.39,4678,2,卖盘
847,10:12:36,23.39,95918,41,卖盘
848,10:12:39,23.39,128645,55,卖盘
849,10:12:42,23.39,170750,73,卖盘
850,10:12:45,23.39,392952,168,卖盘
851,10:12:48,23.4,109938,47,买盘
852,10:12:51,23.39,406997,174,卖盘
853,10:12:54,23.39,233900,100,卖盘
854,10:12:57,23.39,67844,29,卖盘
855,10:13:00,23.39,16374,7,卖盘
856,10:13:03,23.4,25740,11,买盘
857,10:13:06,23.39,233906,100,卖盘
858,10:13:09,23.4,112280,48,买盘
859,10:13:12,23.41,329938,141,买盘
860,10:13:15,23.4,42120,18,卖盘
861,10:13:18,23.4,11703,5,卖盘
862,10:13:21,23.4,2340,1,卖盘
863,10:13:27,23.4,84250,36,卖盘
864,10:13:30,23.41,107657,46,买盘
865,10:13:33,23.41,306554,131,买盘
866,10:13:36,23.41,18728,8,买盘
867,10:13:39,23.42,30429,13,买盘
868,10:13:42,23.41,147483,63,卖盘
869,10:13:45,23.4,266854,114,卖盘
870,10:13:48,23.42,77278,33,买盘
871,10:13:51,23.41,163865,70,卖盘
872,10:13:54,23.41,140434,60,买盘
873,10:13:57,23.4,56176,24,卖盘
874,10:14:00,23.41,95977,41,买盘
875,10:14:03,23.41,166213,71,买盘
876,10:14:06,23.41,77247,33,卖盘
877,10:14:09,23.42,159200,68,买盘
878,10:14:12,23.41,51501,22,中性盘
879,10:14:15,23.42,693496,296,买盘
880,10:14:18,23.42,91338,39,卖盘
881,10:14:21,23.43,49203,21,买盘
882,10:14:24,23.43,16401,7,卖盘
883,10:14:27,23.44,93742,40,买盘
884,10:14:30,23.44,145328,62,卖盘
885,10:14:33,23.44,30467,13,买盘
886,10:14:36,23.45,18760,8,买盘
887,10:14:39,23.45,84388,36,买盘
888,10:14:42,23.44,161776,69,卖盘
889,10:14:45,23.45,77385,33,买盘
890,10:14:48,23.45,279049,119,买盘
891,10:14:51,23.45,4690,2,买盘
892,10:14:54,23.44,103160,44,卖盘
893,10:14:57,23.45,77385,33,卖盘
894,10:15:00,23.46,103196,44,买盘
895,10:15:03,23.45,70360,30,卖盘
896,10:15:06,23.45,58625,25,买盘
897,10:15:09,23.44,44536,19,卖盘
898,10:15:12,23.44,217973,93,买盘
899,10:15:15,23.44,112512,48,买盘
900,10:15:18,23.44,173470,74,买盘
901,10:15:21,23.44,309372,132,卖盘
902,10:15:24,23.44,168797,72,买盘
903,10:15:27,23.44,150008,64,买盘
904,10:15:30,23.45,276532,118,买盘
905,10:15:33,23.45,401019,171,中性盘
906,10:15:36,23.44,182971,78,卖盘
907,10:15:39,23.45,42224,18,中性盘
908,10:15:42,23.44,89110,38,卖盘
909,10:15:45,23.46,387079,165,买盘
910,10:15:48,23.46,625962,267,卖盘
911,10:15:51,23.47,154875,66,买盘
912,10:15:54,23.45,253292,108,卖盘
913,10:15:57,23.46,82138,35,买盘
914,10:16:00,23.48,575131,245,买盘
915,10:16:03,23.46,61040,26,卖盘
916,10:16:06,23.45,229841,98,卖盘
917,10:16:09,23.46,56307,24,卖盘
918,10:16:12,23.45,16415,7,卖盘
919,10:16:15,23.46,53958,23,买盘
920,10:16:18,23.47,21118,9,买盘
921,10:16:21,23.46,260408,111,卖盘
922,10:16:24,23.46,248693,106,买盘
923,10:16:27,23.46,408111,174,卖盘
924,10:16:30,23.45,82090,35,卖盘
925,10:16:33,23.45,44564,19,卖盘
926,10:16:36,23.47,138429,59,买盘
927,10:16:39,23.47,44593,19,卖盘
928,10:16:42,23.46,138466,59,卖盘
929,10:16:48,23.46,96186,41,卖盘
930,10:16:51,23.46,344904,147,卖盘
931,10:16:54,23.45,100853,43,卖盘
932,10:17:00,23.46,70356,30,买盘
933,10:17:03,23.46,68006,29,买盘
934,10:17:09,23.45,28140,12,卖盘
935,10:17:12,23.45,39865,17,卖盘
936,10:17:15,23.46,213411,91,买盘
937,10:17:18,23.46,356452,152,买盘
938,10:17:21,23.45,136015,58,卖盘
939,10:17:24,23.45,189889,81,买盘
940,10:17:27,23.45,107860,46,买盘
941,10:17:30,23.44,192281,82,卖盘
942,10:17:33,23.44,393749,168,卖盘
943,10:17:36,23.44,63293,27,中性盘
944,10:17:39,23.43,243730,104,卖盘
945,10:17:42,23.43,72642,31,卖盘
946,10:17:45,23.43,140605,60,卖盘
947,10:17:48,23.43,89037,38,卖盘
948,10:17:51,23.43,656041,280,卖盘
949,10:17:54,23.43,295250,126,卖盘
950,10:17:57,23.43,110128,47,卖盘
951,10:18:00,23.45,56275,24,买盘
952,10:18:03,23.42,1173412,501,卖盘
953,10:18:06,23.45,498902,213,买盘
954,10:18:09,23.43,11718,5,卖盘
955,10:18:12,23.44,56259,24,买盘
956,10:18:15,23.44,208695,89,卖盘
957,10:18:18,23.44,44540,19,卖盘
958,10:18:21,23.44,175840,75,卖盘
959,10:18:24,23.45,79729,34,买盘
960,10:18:27,23.45,25795,11,买盘
961,10:18:30,23.44,128925,55,卖盘
962,10:18:33,23.43,107822,46,卖盘
963,10:18:36,23.44,84384,36,中性盘
964,10:18:39,23.44,46879,20,买盘
965,10:18:42,23.45,311758,133,买盘
966,10:18:45,23.45,117226,50,买盘
967,10:18:48,23.45,21103,9,买盘
968,10:18:51,23.44,154754,66,卖盘
969,10:18:54,23.44,199240,85,卖盘
970,10:18:57,23.44,110171,47,卖盘
971,10:19:00,23.44,84379,36,买盘
972,10:19:03,23.44,138284,59,买盘
973,10:19:06,23.44,194551,83,买盘
974,10:19:09,23.43,67973,29,卖盘
975,10:19:12,23.43,107796,46,卖盘
976,10:19:15,23.43,11717,5,卖盘
977,10:19:18,23.43,288195,123,卖盘
978,10:19:21,23.43,23434,10,卖盘
979,10:19:24,23.43,206184,88,卖盘
980,10:19:27,23.43,332706,142,卖盘
981,10:19:30,23.43,4686,2,买盘
982,10:19:33,23.42,42168,18,卖盘
983,10:19:36,23.42,573801,245,卖盘
984,10:19:39,23.43,23430,10,买盘
985,10:19:42,23.42,250587,107,卖盘
986,10:19:45,23.42,79628,34,买盘
987,10:19:48,23.42,107732,46,买盘
988,10:19:51,23.42,84312,36,买盘
989,10:19:54,23.42,264644,113,买盘
990,10:19:57,23.42,479934,205,买盘
991,10:20:00,23.42,88996,38,买盘
992,10:20:03,23.42,384068,164,买盘
993,10:20:06,23.42,30458,13,卖盘
994,10:20:09,23.42,138209,59,卖盘
995,10:20:12,23.43,98387,42,买盘
996,10:20:15,23.43,105403,45,买盘
997,10:20:18,23.42,121800,52,卖盘
998,10:20:21,23.42,37481,16,卖盘
999,10:20:24,23.42,133494,57,卖盘
1000,10:20:27,23.42,391114,167,卖盘
1001,10:20:30,23.42,39814,17,买盘
1002,10:20:33,23.42,112409,48,买盘
1003,10:20:36,23.41,88969,38,卖盘
1004,10:20:39,23.42,39800,17,买盘
1005,10:20:42,23.42,98350,42,买盘
1006,10:20:45,23.41,112368,48,卖盘
1007,10:20:48,23.41,119391,51,卖盘
1008,10:20:51,23.41,46820,20,卖盘
1009,10:20:54,23.41,9366,4,卖盘
1010,10:20:57,23.41,522043,223,卖盘
1011,10:21:00,23.42,74926,32,买盘
1012,10:21:03,23.42,70237,30,买盘
1013,10:21:06,23.42,7026,3,买盘
1014,10:21:09,23.42,65566,28,买盘
1015,10:21:12,23.42,86629,37,买盘
1016,10:21:15,23.41,142815,61,卖盘
1017,10:21:18,23.41,292625,125,卖盘
1018,10:21:21,23.41,304330,130,买盘
1019,10:21:24,23.4,2340,1,卖盘
1020,10:21:27,23.41,795647,340,买盘
1021,10:21:30,23.41,1853314,792,买盘
1022,10:21:33,23.41,42128,18,买盘
1023,10:21:36,23.41,30427,13,买盘
1024,10:21:39,23.4,241020,103,卖盘
1025,10:21:42,23.4,170821,73,卖盘
1026,10:21:45,23.4,7020,3,买盘
1027,10:21:48,23.39,58475,25,卖盘
1028,10:21:51,23.39,49122,21,卖盘
1029,10:21:54,23.4,184801,79,买盘
1030,10:21:57,23.39,423362,181,卖盘
1031,10:22:00,23.39,56136,24,买盘
1032,10:22:03,23.38,35070,15,卖盘
1033,10:22:06,23.39,247899,106,买盘
1034,10:22:09,23.39,14029,6,买盘
1035,10:22:12,23.39,173030,74,买盘
1036,10:22:15,23.39,37416,16,买盘
1037,10:22:18,23.39,512037,219,买盘
1038,10:22:21,23.38,215131,92,卖盘
1039,10:22:24,23.38,88848,38,卖盘
1040,10:22:27,23.38,526056,225,卖盘
1041,10:22:30,23.39,182406,78,买盘
1042,10:22:33,23.38,493333,211,卖盘
1043,10:22:36,23.39,77176,33,买盘
1044,10:22:39,23.39,217454,93,买盘
1045,10:22:42,23.39,84197,36,买盘
1046,10:22:45,23.39,51439,22,买盘
1047,10:22:48,23.38,63126,27,卖盘
1048,10:22:51,23.39,271233,116,买盘
1049,10:22:54,23.39,535426,229,买盘
1050,10:22:57,23.38,537751,230,卖盘
1051,10:23:00,23.39,63150,27,买盘
1052,10:23:03,23.38,144973,62,卖盘
1053,10:23:06,23.38,402260,172,卖盘
1054,10:23:09,23.38,159014,68,卖盘
1055,10:23:12,23.39,907555,388,买盘
1056,10:23:15,23.39,236247,101,卖盘
1057,10:23:18,23.39,360203,154,买盘
1058,10:23:21,23.39,215195,92,买盘
1059,10:23:24,23.39,123977,53,卖盘
1060,10:23:27,23.39,297050,127,卖盘
1061,10:23:30,23.39,70170,30,买盘
1062,10:23:33,23.39,100570,43,买盘
1063,10:23:36,23.39,360206,154,买盘
1064,10:23:39,23.4,42105,18,买盘
1065,10:23:42,23.4,81893,35,买盘
1066,10:23:45,23.4,11700,5,买盘
1067,10:23:48,23.4,56154,24,买盘
1068,10:23:51,23.4,189499,81,买盘
1069,10:23:54,23.4,493697,211,买盘
1070,10:23:57,23.39,1118333,478,卖盘
1071,10:24:00,23.4,563858,241,买盘
1072,10:24:03,23.4,63168,27,买盘
1073,10:24:06,23.4,58499,25,买盘
1074,10:24:09,23.4,297180,127,买盘
1075,10:24:12,23.4,133368,57,卖盘
1076,10:24:15,23.4,70200,30,买盘
1077,10:24:18,23.4,156780,67,买盘
1078,10:24:21,23.41,7023,3,买盘
1079,10:24:24,23.4,7021,3,卖盘
1080,10:24:27,23.41,446943,191,买盘
1081,10:24:30,23.41,241058,103,买盘
1082,10:24:33,23.41,58525,25,买盘
1083,10:24:36,23.4,60843,26,卖盘
1084,10:24:39,23.4,16380,7,卖盘
1085,10:24:42,23.4,198913,85,卖盘
1086,10:24:45,23.41,657821,281,买盘
1087,10:24:48,23.41,11705,5,买盘
1088,10:24:51,23.4,77233,33,卖盘
1089,10:24:54,23.41,63204,27,买盘
1090,10:24:57,23.41,451643,193,买盘
1091,10:25:00,23.41,77243,33,买盘
1092,10:25:03,23.4,210681,90,卖盘
1093,10:25:06,23.41,212974,91,买盘
1094,10:25:09,23.41,117050,50,买盘
1095,10:25:12,23.41,142778,61,买盘
1096,10:25:15,23.41,4682,2,买盘
1097,10:25:18,23.41,25751,11,买盘
1098,10:25:21,23.4,60864,26,卖盘
1099,10:25:24,23.41,44472,19,买盘
1100,10:25:27,23.41,446953,191,买盘
1101,10:25:30,23.4,365040,156,卖盘
1102,10:25:33,23.4,65520,28,卖盘
1103,10:25:36,23.4,91270,39,卖盘
1104,10:25:39,23.4,215280,92,卖盘
1105,10:25:42,23.4,79554,34,买盘
1106,10:25:45,23.4,11700,5,买盘
1107,10:25:48,23.39,81875,35,卖盘
1108,10:25:51,23.4,7020,3,买盘
1109,10:25:54,23.39,138004,59,卖盘
1110,10:25:57,23.39,1213941,519,卖盘
1111,10:26:00,23.39,308800,132,卖盘
1112,10:26:03,23.38,56127,24,卖盘
1113,10:26:06,23.38,453894,194,卖盘
1114,10:26:09,23.39,67831,29,买盘
1115,10:26:12,23.39,161374,69,卖盘
1116,10:26:15,23.39,201183,86,中性盘
1117,10:26:18,23.4,74852,32,买盘
1118,10:26:21,23.39,65488,28,中性盘
1119,10:26:24,23.38,30404,13,卖盘
1120,10:26:27,23.38,425516,182,卖盘
1121,10:26:30,23.39,60833,26,中性盘
1122,10:26:33,23.38,348608,149,卖盘
1123,10:26:36,23.39,28067,12,买盘
1124,10:26:39,23.38,39758,17,卖盘
1125,10:26:42,23.38,233801,100,卖盘
1126,10:26:45,23.39,149662,64,买盘
1127,10:26:48,23.38,51444,22,卖盘
1128,10:26:51,23.39,58456,25,买盘
1129,10:26:54,23.39,63148,27,买盘
1130,10:26:57,23.38,448915,192,卖盘
1131,10:27:00,23.39,222181,95,买盘
1132,10:27:03,23.4,154376,66,买盘
1133,10:27:06,23.4,60840,26,买盘
1134,10:27:09,23.4,56154,24,买盘
1135,10:27:12,23.4,93594,40,买盘
1136,10:27:15,23.4,25740,11,买盘
1137,10:27:18,23.4,4680,2,买盘
1138,10:27:21,23.4,149746,64,买盘
1139,10:27:24,23.39,91239,39,卖盘
1140,10:27:27,23.4,699475,299,买盘
1141,10:27:30,23.4,219960,94,买盘
1142,10:27:33,23.4,56160,24,买盘
1143,10:27:36,23.4,67860,29,买盘
1144,10:27:39,23.41,4682,2,买盘
1145,10:27:42,23.41,238710,102,买盘
1146,10:27:45,23.4,23400,10,卖盘
1147,10:27:48,23.41,58501,25,买盘
1148,10:27:51,23.41,107686,46,买盘
1149,10:27:54,23.41,51482,22,买盘
1150,10:27:57,23.4,196564,84,卖盘
1151,10:28:00,23.4,133380,57,买盘
1152,10:28:03,23.4,11700,5,买盘
1153,10:28:06,23.4,25740,11,买盘
1154,10:28:09,23.4,133374,57,买盘
1155,10:28:12,23.39,285442,122,卖盘
1156,10:28:15,23.4,152100,65,买盘
1157,10:28:18,23.4,60838,26,买盘
1158,10:28:21,23.39,70170,30,卖盘
1159,10:28:24,23.39,53797,23,卖盘
1160,10:28:27,23.4,409327,175,买盘
1161,10:28:30,23.4,156780,67,买盘
1162,10:28:33,23.4,2340,1,买盘
1163,10:28:36,23.4,44460,19,买盘
1164,10:28:39,23.4,63177,27,买盘
1165,10:28:42,23.4,72534,31,买盘
1166,10:28:45,23.4,74856,32,买盘
1167,10:28:48,23.4,58500,25,买盘
1168,10:28:51,23.4,35100,15,买盘
1169,10:28:54,23.39,187191,80,卖盘
1170,10:28:57,23.4,446763,191,买盘
1171,10:29:00,23.4,53820,23,买盘
1172,10:29:03,23.4,63180,27,买盘
1173,10:29:06,23.4,318232,136,买盘
1174,10:29:09,23.4,16380,7,买盘
1175,10:29:12,23.39,91232,39,卖盘
1176,10:29:15,23.4,23395,10,买盘
1177,10:29:18,23.39,121648,52,卖盘
1178,10:29:21,23.39,126346,54,卖盘
1179,10:29:24,23.39,86547,37,卖盘
1180,10:29:27,23.4,453789,194,买盘
1181,10:29:30,23.39,128669,55,卖盘
1182,10:29:33,23.4,142740,61,买盘
1183,10:29:36,23.39,86545,37,卖盘
1184,10:29:39,23.4,119340,51,买盘
1185,10:29:42,23.4,81869,35,买盘
1186,10:29:45,23.39,102916,44,卖盘
1187,10:29:48,23.39,39763,17,买盘
1188,10:29:51,23.39,147357,63,买盘
1189,10:29:54,23.39,42088,18,买盘
1190,10:29:57,23.39,465284,199,买盘
1191,10:30:00,23.39,98233,42,买盘
1192,10:30:03,23.39,14034,6,卖盘
1193,10:30:06,23.39,116950,50,卖盘
1194,10:30:09,23.39,65504,28,卖盘
1195,10:30:12,23.4,88897,38,买盘
1196,10:30:15,23.4,201155,86,买盘
1197,10:30:18,23.39,77214,33,卖盘
1198,10:30:21,23.39,98268,42,卖盘
1199,10:30:24,23.4,35100,15,买盘
1200,10:30:27,23.39,353216,151,卖盘
1201,10:30:30,23.39,32746,14,买盘
1202,10:30:33,23.39,799659,342,买盘
1203,10:30:36,23.39,152023,65,买盘
1204,10:30:39,23.39,46780,20,买盘
1205,10:30:42,23.39,149669,64,买盘
1206,10:30:45,23.38,88865,38,卖盘
1207,10:30:48,23.4,23390,10,买盘
1208,10:30:51,23.39,18708,8,买盘
1209,10:30:54,23.39,46780,20,买盘
1210,10:30:57,23.39,514381,220,卖盘
1211,10:31:00,23.39,21051,9,卖盘
1212,10:31:03,23.39,86543,37,卖盘
1213,10:31:06,23.39,128670,55,卖盘
1214,10:31:09,23.4,130997,56,买盘
1215,10:31:12,23.39,14034,6,卖盘
1216,10:31:15,23.39,95906,41,买盘
1217,10:31:18,23.39,1070846,458,中性盘
1218,10:31:21,23.39,25729,11,买盘
1219,10:31:24,23.39,299275,128,买盘
1220,10:31:27,23.4,631413,270,买盘
1221,10:31:30,23.39,14037,6,卖盘
1222,10:31:33,23.39,133323,57,卖盘
1223,10:31:36,23.4,25736,11,买盘
1224,10:31:39,23.38,18704,8,卖盘
1225,10:31:42,23.39,210515,90,买盘
1226,10:31:45,23.38,74836,32,卖盘
1227,10:31:48,23.39,37414,16,中性盘
1228,10:31:51,23.39,9356,4,卖盘
1229,10:31:54,23.38,107548,46,卖盘
1230,10:31:57,23.38,460595,197,卖盘
1231,10:32:00,23.39,84204,36,买盘
1232,10:32:03,23.39,81832,35,买盘
1233,10:32:06,23.39,25729,11,买盘
1234,10:32:09,23.38,74828,32,卖盘
1235,10:32:12,23.39,65471,28,买盘
1236,10:32:15,23.39,49110,21,买盘
1237,10:32:18,23.38,32737,14,卖盘
1238,10:32:21,23.38,81840,35,卖盘
1239,10:32:24,23.39,70167,30,买盘
1240,10:32:27,23.39,423185,181,买盘
1241,10:32:30,23.39,278341,119,买盘
1242,10:32:33,23.39,46774,20,买盘
1243,10:32:36,23.38,280581,120,卖盘
1244,10:32:39,23.39,72504,31,买盘
1245,10:32:42,23.39,23383,10,买盘
1246,10:32:45,23.39,28061,12,买盘
1247,10:32:48,23.4,46786,20,买盘
1248,10:32:51,23.39,63153,27,卖盘
1249,10:32:54,23.39,67846,29,卖盘
1250,10:32:57,23.39,177764,76,卖盘
1251,10:33:00,23.39,88866,38,买盘
1252,10:33:03,23.39,11695,5,买盘
1253,10:33:06,23.39,18712,8,买盘
1254,10:33:09,23.39,166069,71,买盘
1255,10:33:12,23.39,121610,52,买盘
1256,10:33:15,23.39,39753,17,买盘
1257,10:33:18,23.39,109923,47,买盘
1258,10:33:21,23.39,121608,52,买盘
1259,10:33:24,23.4,159055,68,买盘
1260,10:33:27,23.39,147358,63,卖盘
1261,10:33:30,23.38,119238,51,卖盘
1262,10:33:33,23.39,14034,6,买盘
1263,10:33:36,23.39,46780,20,买盘
1264,10:33:39,23.39,84204,36,买盘
1265,10:33:42,23.39,42098,18,买盘
1266,10:33:45,23.39,523925,224,买盘
1267,10:33:48,23.39,137955,59,买盘
1268,10:33:51,23.38,182425,78,卖盘
1269,10:33:54,23.39,42102,18,买盘
1270,10:33:57,23.39,519083,222,买盘
1271,10:34:00,23.39,56132,24,买盘
1272,10:34:03,23.38,56125,24,卖盘
1273,10:34:06,23.39,177764,76,买盘
1274,10:34:09,23.39,63153,27,卖盘
1275,10:34:12,23.39,180103,77,卖盘
1276,10:34:15,23.39,159052,68,卖盘
1277,10:34:18,23.39,23390,10,卖盘
1278,10:34:21,23.4,290112,124,买盘
1279,10:34:24,23.39,137996,59,买盘
1280,10:34:27,23.39,540134,231,卖盘
1281,10:34:30,23.39,81869,35,卖盘
1282,10:34:33,23.39,88847,38,买盘
1283,10:34:36,23.39,79526,34,买盘
1284,10:34:39,23.39,49119,21,买盘
1285,10:34:42,23.39,86522,37,买盘
1286,10:34:45,23.38,339070,145,卖盘
1287,10:34:48,23.38,72504,31,卖盘
1288,10:34:51,23.39,2623257,1122,买盘
1289,10:34:54,23.39,2339,1,买盘
1290,10:34:57,23.38,273546,117,卖盘
1291,10:35:00,23.38,102872,44,买盘
1292,10:35:03,23.38,14028,6,买盘
1293,10:35:06,23.37,119208,51,卖盘
1294,10:35:09,23.38,4676,2,中性盘
1295,10:35:12,23.37,142579,61,卖盘
1296,10:35:15,23.38,28047,12,买盘
1297,10:35:18,23.38,123911,53,买盘
1298,10:35:21,23.37,130884,56,卖盘
1299,10:35:24,23.38,46760,20,买盘
1300,10:35:27,23.38,462748,198,买盘
1301,10:35:30,23.38,4676,2,买盘
1302,10:35:33,23.37,51416,22,卖盘
1303,10:35:36,23.37,112178,48,卖盘
1304,10:35:39,23.38,121545,52,买盘
1305,10:35:42,23.37,186989,80,卖盘
1306,10:35:45,23.37,170631,73,卖盘
1307,10:35:48,23.38,44422,19,买盘
1308,10:35:51,23.37,154246,66,卖盘
1309,10:35:54,23.38,49080,21,买盘
1310,10:35:57,23.37,462739,198,卖盘
1311,10:36:00,23.37,261772,112,卖盘
1312,10:36:03,23.37,193971,83,卖盘
1313,10:36:06,23.37,497794,213,卖盘
1314,10:36:09,23.37,21035,9,卖盘
1315,10:36:12,23.37,301488,129,卖盘
1316,10:36:15,23.37,289792,124,卖盘
1317,10:36:18,23.38,563431,241,买盘
1318,10:36:21,23.38,156614,67,卖盘
1319,10:36:24,23.38,11690,5,买盘
1320,10:36:27,23.38,570277,244,买盘
1321,10:36:30,23.39,133264,57,买盘
1322,10:36:33,23.38,72479,31,卖盘
1323,10:36:36,23.38,23388,10,卖盘
1324,10:36:39,23.39,23390,10,买盘
1325,10:36:42,23.39,51443,22,买盘
1326,10:36:45,23.38,91214,39,卖盘
1327,10:36:48,23.38,173057,74,卖盘
1328,10:36:51,23.39,30396,13,买盘
1329,10:36:54,23.39,81831,35,买盘
1330,10:36:57,23.38,203406,87,卖盘
1331,10:37:00,23.39,1400837,599,买盘
1332,10:37:03,23.37,53768,23,卖盘
1333,10:37:06,23.38,18704,8,买盘
1334,10:37:09,23.39,128593,55,买盘
1335,10:37:12,23.38,2338,1,卖盘
1336,10:37:15,23.39,46780,20,买盘
1337,10:37:18,23.39,25729,11,买盘
1338,10:37:21,23.39,60806,26,买盘
1339,10:37:24,23.39,116926,50,买盘
1340,10:37:27,23.39,586903,251,买盘
1341,10:37:30,23.38,18704,8,卖盘
1342,10:37:33,23.39,123931,53,买盘
1343,10:37:36,23.39,42089,18,买盘
1344,10:37:39,23.39,276002,118,买盘
1345,10:37:42,23.39,133323,57,买盘
1346,10:37:45,23.38,77169,33,卖盘
1347,10:37:48,23.38,74816,32,卖盘
1348,10:37:51,23.38,222175,95,卖盘
1349,10:37:54,23.38,453722,194,卖盘
1350,10:37:57,23.39,1276917,546,买盘
1351,10:38:00,23.4,4679,2,买盘
1352,10:38:03,23.4,25730,11,买盘
1353,10:38:06,23.4,521756,223,买盘
1354,10:38:09,23.4,2340,1,买盘
1355,10:38:12,23.4,58500,25,买盘
1356,10:38:15,23.4,4680,2,买盘
1357,10:38:18,23.4,49140,21,买盘
1358,10:38:21,23.4,53820,23,买盘
1359,10:38:24,23.4,491400,210,买盘
1360,10:38:27,23.39,505225,216,卖盘
1361,10:38:30,23.4,126340,54,买盘
1362,10:38:33,23.4,63180,27,买盘
1363,10:38:36,23.4,44450,19,买盘
1364,10:38:39,23.4,21058,9,买盘
1365,10:38:42,23.4,109972,47,买盘
1366,10:38:45,23.4,84240,36,买盘
1367,10:38:48,23.39,170753,73,卖盘
1368,10:38:51,23.4,86570,37,买盘
1369,10:38:54,23.4,20006999,8550,买盘
1370,10:38:57,23.4,3542526,1514,买盘
1371,10:39:00,23.4,594360,254,买盘
1372,10:39:03,23.4,2061533,881,买盘
1373,10:39:06,23.4,376737,161,买盘
1374,10:39:09,23.4,601323,257,买盘
1375,10:39:12,23.39,1193375,510,卖盘
1376,10:39:15,23.4,561599,240,买盘
1377,10:39:18,23.4,507758,217,买盘
1378,10:39:21,23.4,1045977,447,买盘
1379,10:39:24,23.4,400140,171,买盘
1380,10:39:27,23.4,839882,359,买盘
1381,10:39:30,23.4,325260,139,买盘
1382,10:39:33,23.4,2145760,917,买盘
1383,10:39:36,23.39,1811150,774,卖盘
1384,10:39:39,23.4,802613,343,买盘
1385,10:39:42,23.39,4586455,1960,卖盘
1386,10:39:45,23.4,926640,396,买盘
1387,10:39:48,23.4,313473,134,买盘
1388,10:39:51,23.4,208249,89,买盘
1389,10:39:54,23.4,652844,279,买盘
1390,10:39:57,23.4,638647,273,买盘
1391,10:40:00,23.4,1038910,444,买盘
1392,10:40:03,23.39,170804,73,卖盘
1393,10:40:06,23.4,510118,218,买盘
1394,10:40:09,23.4,1174671,502,卖盘
1395,10:40:12,23.4,131040,56,买盘
1396,10:40:15,23.4,149753,64,买盘
1397,10:40:18,23.4,306496,131,买盘
1398,10:40:21,23.4,105297,45,买盘
1399,10:40:24,23.4,233991,100,买盘
1400,10:40:27,23.4,837404,358,买盘
1401,10:40:30,23.4,276120,118,买盘
1402,10:40:33,23.4,154400,66,买盘
1403,10:40:36,23.4,74873,32,买盘
1404,10:40:39,23.4,217620,93,买盘
1405,10:40:42,23.4,285406,122,买盘
1406,10:40:45,23.4,140399,60,买盘
1407,10:40:48,23.4,215280,92,买盘
1408,10:40:51,23.4,343901,147,买盘
1409,10:40:54,23.39,142732,61,卖盘
1410,10:40:57,23.39,746257,319,卖盘
1411,10:41:00,23.39,306436,131,卖盘
1412,10:41:03,23.4,245689,105,买盘
1413,10:41:06,23.4,110970,47,买盘
1414,10:41:09,23.4,30420,13,卖盘
1415,10:41:12,23.41,9361,4,买盘
1416,10:41:15,23.41,147483,63,买盘
1417,10:41:18,23.41,273897,117,买盘
1418,10:41:21,23.41,147483,63,买盘
1419,10:41:24,23.41,21069,9,卖盘
1420,10:41:27,23.42,632170,270,买盘
1421,10:41:30,23.42,28104,12,买盘
1422,10:41:33,23.42,196728,84,买盘
1423,10:41:39,23.43,46860,20,买盘
1424,10:41:42,23.42,238985,102,卖盘
1425,10:41:45,23.44,1007890,430,买盘
1426,10:41:48,23.44,67976,29,买盘
1427,10:41:51,23.44,412513,176,买盘
1428,10:41:57,23.44,365677,156,卖盘
1429,10:42:00,23.45,140662,60,买盘
1430,10:42:03,23.45,67999,29,买盘
1431,10:42:06,23.44,1020070,435,卖盘
1432,10:42:09,23.44,218078,93,卖盘
1433,10:42:12,23.44,56277,24,卖盘
1434,10:42:15,23.45,612043,261,买盘
1435,10:42:18,23.44,958545,409,卖盘
1436,10:42:21,23.45,391576,167,买盘
1437,10:42:24,23.45,39865,17,买盘
1438,10:42:27,23.44,372714,159,卖盘
1439,10:42:30,23.44,194565,83,买盘
1440,10:42:33,23.45,30484,13,买盘
1441,10:42:36,23.45,4690,2,卖盘
1442,10:42:39,23.46,82104,35,买盘
1443,10:42:42,23.46,56300,24,买盘
1444,10:42:45,23.45,51600,22,卖盘
1445,10:42:48,23.45,4994843,2133,卖盘
1446,10:42:51,23.44,18748,8,中性盘
1447,10:42:54,23.46,166510,71,买盘
1448,10:42:57,23.44,4688,2,卖盘
1449,10:43:00,23.44,42199,18,卖盘
1450,10:43:03,23.45,7055615,3015,中性盘
1451,10:43:06,23.45,79715,34,买盘
1452,10:43:09,23.45,49236,21,买盘
1453,10:43:12,23.46,9384,4,买盘
1454,10:43:15,23.46,105545,45,买盘
1455,10:43:18,23.45,213418,91,卖盘
1456,10:43:21,23.47,72729,31,买盘
1457,10:43:24,23.47,82127,35,买盘
1458,10:43:27,23.47,35200,15,买盘
1459,10:43:30,23.46,4733167,2022,中性盘
1460,10:43:33,23.45,225209,96,中性盘
1461,10:43:36,23.45,318989,136,买盘
1462,10:43:39,23.45,23443,10,买盘
1463,10:43:42,23.45,307236,131,买盘
1464,10:43:45,23.46,35177,15,买盘
1465,10:43:48,23.45,28140,12,买盘
1466,10:43:51,23.45,25793,11,买盘
1467,10:43:54,23.45,2345,1,卖盘
1468,10:43:57,23.46,37536,16,中性盘
1469,10:44:00,23.47,143164,61,买盘
1470,10:44:03,23.46,84475,36,中性盘
1471,10:44:06,23.46,166622,71,买盘
1472,10:44:09,23.48,572481,244,买盘
1473,10:44:12,23.47,58676,25,卖盘
1474,10:44:15,23.47,25825,11,卖盘
1475,10:44:18,23.48,70440,30,买盘
1476,10:44:21,23.48,75132,32,买盘
1477,10:44:24,23.48,683008,291,买盘
1478,10:44:27,23.48,115030,49,买盘
1479,10:44:30,23.48,422621,180,买盘
1480,10:44:33,23.47,300367,128,买盘
1481,10:44:36,23.46,75072,32,买盘
1482,10:44:39,23.47,173658,74,买盘
1483,10:44:42,23.45,7057957,3015,卖盘
1484,10:44:45,23.45,39871,17,买盘
1485,10:44:48,23.43,126626,54,卖盘
1486,10:44:51,23.45,222758,95,买盘
1487,10:44:54,23.44,4717621,2016,中性盘
1488,10:44:57,23.42,187416,80,中性盘
1489,10:45:00,23.42,39810,17,买盘
1490,10:45:03,23.42,56230,24,卖盘
1491,10:45:06,23.4,968795,414,卖盘
1492,10:45:09,23.4,149760,64,买盘
1493,10:45:12,23.39,379064,162,卖盘
1494,10:45:15,23.39,240973,103,卖盘
1495,10:45:18,23.4,88920,38,买盘
1496,10:45:21,23.39,116958,50,卖盘
1497,10:45:24,23.4,152100,65,买盘
1498,10:45:27,23.4,88901,38,买盘
1499,10:45:30,23.39,933336,399,卖盘
1500,10:45:33,23.39,170781,73,卖盘
1501,10:45:36,23.4,196558,84,买盘
1502,10:45:39,23.42,51486,22,买盘
1503,10:45:42,23.4,18720,8,卖盘
1504,10:45:45,23.42,215336,92,买盘
1505,10:45:51,23.4,56168,24,卖盘
1506,10:45:54,23.4,599110,256,卖盘
1507,10:45:57,23.4,432817,185,买盘
1508,10:46:00,23.4,58512,25,卖盘
1509,10:46:03,23.41,112326,48,买盘
1510,10:46:06,23.41,7023,3,卖盘
1511,10:46:09,23.41,16387,7,卖盘
1512,10:46:12,23.43,35139,15,买盘
1513,10:46:15,23.42,229516,98,卖盘
1514,10:46:18,23.41,96003,41,卖盘
1515,10:46:24,23.42,25752,11,买盘
1516,10:46:27,23.42,16394,7,买盘
1517,10:46:30,23.42,25762,11,中性盘
1518,10:46:33,23.42,51527,22,卖盘
1519,10:46:36,23.43,107742,46,买盘
1520,10:46:39,23.42,23420,10,中性盘
1521,10:46:42,23.43,9370,4,买盘
1522,10:46:45,23.43,227129,97,买盘
1523,10:46:48,23.42,11710,5,卖盘
1524,10:46:51,23.42,260014,111,卖盘
1525,10:46:54,23.42,21078,9,卖盘
1526,10:47:00,23.44,51542,22,买盘
1527,10:47:03,23.42,285724,122,卖盘
1528,10:47:06,23.43,189681,81,买盘
1529,10:47:12,23.42,35130,15,卖盘
1530,10:47:15,23.43,187362,80,买盘
1531,10:47:18,23.42,74964,32,中性盘
1532,10:47:21,23.42,28104,12,卖盘
1533,10:47:24,23.42,28104,12,买盘
1534,10:47:27,23.42,30446,13,买盘
1535,10:47:30,23.41,110067,47,卖盘
1536,10:47:33,23.41,196695,84,卖盘
1537,10:47:36,23.42,728112,311,中性盘
1538,10:47:39,23.41,435314,186,中性盘
1539,10:47:42,23.41,23410,10,买盘
1540,10:47:45,23.4,222315,95,卖盘
1541,10:47:48,23.4,9360,4,卖盘
1542,10:47:51,23.41,28092,12,买盘
1543,10:47:54,23.41,79594,34,买盘
1544,10:47:57,23.41,93620,40,买盘
1545,10:48:00,23.41,53843,23,买盘
1546,10:48:03,23.41,4682,2,买盘
1547,10:48:06,23.4,189647,81,卖盘
1548,10:48:09,23.41,84256,36,买盘
1549,10:48:12,23.4,299520,128,卖盘
1550,10:48:15,23.4,248043,106,卖盘
1551,10:48:18,23.41,63191,27,买盘
1552,10:48:21,23.41,49150,21,买盘
1553,10:48:24,23.41,23410,10,买盘
1554,10:48:27,23.4,170870,73,卖盘
1555,10:48:30,23.4,4680,2,卖盘
1556,10:48:36,23.41,46804,20,买盘
1557,10:48:39,23.4,46813,20,卖盘
1558,10:48:42,23.41,11705,5,买盘
1559,10:48:45,23.41,241043,103,买盘
1560,10:48:48,23.41,21065,9,买盘
1561,10:48:51,23.41,124068,53,买盘
1562,10:48:54,23.4,1932840,826,卖盘
1563,10:48:57,23.4,1087700,465,买盘
1564,10:49:00,23.4,25740,11,买盘
1565,10:49:03,23.39,1141432,488,卖盘
1566,10:49:06,23.39,4678,2,买盘
1567,10:49:09,23.39,28068,12,买盘
1568,10:49:12,23.38,77162,33,卖盘
1569,10:49:15,23.39,1145653,490,买盘
1570,10:49:18,23.39,944573,404,买盘
1571,10:49:21,23.39,30396,13,买盘
1572,10:49:24,23.38,1716102,734,卖盘
1573,10:49:27,23.38,299258,128,买盘
1574,10:49:30,23.38,44422,19,买盘
1575,10:49:33,23.38,147294,63,买盘
1576,10:49:36,23.38,656710,281,买盘
1577,10:49:39,23.37,205732,88,卖盘
1578,10:49:42,23.37,98160,42,卖盘
1579,10:49:45,23.38,210342,90,买盘
1580,10:49:48,23.38,296828,127,买盘
1581,10:49:51,23.38,144921,62,买盘
1582,10:49:54,23.38,32729,14,买盘
1583,10:49:57,23.37,74799,32,卖盘
1584,10:50:00,23.38,149621,64,买盘
1585,10:50:03,23.38,91148,39,买盘
1586,10:50:06,23.38,168303,72,买盘
1587,10:50:09,23.38,483945,207,买盘
1588,10:50:12,23.38,271205,116,买盘
1589,10:50:15,23.38,392706,168,买盘
1590,10:50:18,23.37,121574,52,卖盘
1591,10:50:21,23.38,105208,45,买盘
1592,10:50:24,23.38,137982,59,买盘
1593,10:50:27,23.39,1460733,625,买盘
1594,10:50:30,23.39,46766,20,买盘
1595,10:50:33,23.39,30407,13,买盘
1596,10:50:36,23.39,259614,111,买盘
1597,10:50:39,23.38,28061,12,卖盘
1598,10:50:42,23.39,60814,26,买盘
1599,10:50:45,23.39,430224,184,买盘
1600,10:50:48,23.39,299387,128,买盘
1601,10:50:51,23.39,140341,60,卖盘
1602,10:50:54,23.4,2340,1,买盘
1603,10:50:57,23.39,7017,3,卖盘
1604,10:51:00,23.4,44456,19,买盘
1605,10:51:03,23.4,16377,7,买盘
1606,10:51:06,23.4,243360,104,买盘
1607,10:51:09,23.4,63180,27,买盘
1608,10:51:12,23.39,28068,12,卖盘
1609,10:51:15,23.4,222221,95,买盘
1610,10:51:18,23.39,124000,53,卖盘
1611,10:51:21,23.4,184835,79,买盘
1612,10:51:24,23.4,30420,13,买盘
1613,10:51:27,23.4,65520,28,买盘
1614,10:51:30,23.4,226940,97,买盘
1615,10:51:36,23.39,14034,6,卖盘
1616,10:51:39,23.4,147360,63,买盘
1617,10:51:42,23.4,837420,358,买盘
1618,10:51:45,23.39,126308,54,卖盘
1619,10:51:48,23.39,533315,228,买盘
1620,10:51:51,23.39,175425,75,卖盘
1621,10:51:54,23.39,133323,57,买盘
1622,10:51:57,23.39,130970,56,买盘
1623,10:52:00,23.39,91220,39,买盘
1624,10:52:03,23.38,1304619,558,卖盘
1625,10:52:06,23.38,441882,189,买盘
1626,10:52:09,23.38,126237,54,买盘
1627,10:52:12,23.38,341348,146,买盘
1628,10:52:15,23.38,212759,91,卖盘
1629,10:52:18,23.39,42098,18,买盘
1630,10:52:21,23.39,23390,10,买盘
1631,10:52:24,23.39,367079,157,买盘
1632,10:52:27,23.39,168405,72,买盘
1633,10:52:30,23.39,145018,62,买盘
1634,10:52:33,23.39,28068,12,买盘
1635,10:52:36,23.39,252603,108,买盘
1636,10:52:39,23.39,121644,52,买盘
1637,10:52:42,23.39,163730,70,卖盘
1638,10:52:45,23.39,163730,70,卖盘
1639,10:52:48,23.38,11694,5,卖盘
1640,10:52:51,23.39,142679,61,买盘
1641,10:52:54,23.39,121628,52,买盘
1642,10:52:57,23.4,2340,1,买盘
1643,10:53:03,23.4,28073,12,买盘
1644,10:53:06,23.4,23399,10,买盘
1645,10:53:09,23.4,84240,36,买盘
1646,10:53:12,23.4,168480,72,买盘
1647,10:53:15,23.39,2028012,867,卖盘
1648,10:53:18,23.39,292375,125,买盘
1649,10:53:21,23.39,142655,61,买盘
1650,10:53:24,23.39,334477,143,买盘
1651,10:53:27,23.39,16372,7,买盘
1652,10:53:30,23.39,133323,57,买盘
1653,10:53:33,23.39,105250,45,买盘
1654,10:53:36,23.39,67831,29,买盘
1655,10:53:39,23.39,224544,96,买盘
1656,10:53:42,23.39,128625,55,买盘
1657,10:53:45,23.39,289950,124,买盘
1658,10:53:48,23.38,70164,30,卖盘
1659,10:53:51,23.38,177758,76,卖盘
1660,10:53:54,23.39,51456,22,买盘
1661,10:53:57,23.39,28061,12,买盘
1662,10:54:00,23.39,177753,76,买盘
1663,10:54:03,23.39,79526,34,买盘
1664,10:54:06,23.39,189456,81,买盘
1665,10:54:09,23.39,88882,38,买盘
1666,10:54:12,23.39,273646,117,买盘
1667,10:54:15,23.39,409244,175,买盘
1668,10:54:18,23.38,60791,26,卖盘
1669,10:54:21,23.39,32746,14,中性盘
1670,10:54:24,23.4,138060,59,买盘
1671,10:54:30,23.39,23390,10,卖盘
1672,10:54:36,23.4,2340,1,买盘
1673,10:54:42,23.39,88896,38,卖盘
1674,10:54:45,23.39,217528,93,卖盘
1675,10:54:51,23.39,119295,51,卖盘
1676,10:54:54,23.4,21060,9,买盘
1677,10:54:57,23.4,46782,20,买盘
1678,10:55:00,23.39,535631,229,卖盘
1679,10:55:03,23.4,9360,4,买盘
1680,10:55:06,23.39,79544,34,卖盘
1681,10:55:09,23.39,14034,6,卖盘
1682,10:55:12,23.4,16380,7,买盘
1683,10:55:15,23.39,276042,118,卖盘
1684,10:55:18,23.4,51464,22,买盘
1685,10:55:21,23.39,58497,25,卖盘
1686,10:55:24,23.4,32760,14,买盘
1687,10:55:27,23.4,119340,51,买盘
1688,10:55:33,23.4,37440,16,买盘
1689,10:55:36,23.4,53817,23,买盘
1690,10:55:39,23.4,28080,12,买盘
1691,10:55:42,23.4,208260,89,买盘
1692,10:55:45,23.39,280680,120,卖盘
1693,10:55:48,23.4,18720,8,买盘
1694,10:55:51,23.39,79526,34,卖盘
1695,10:55:54,23.4,14040,6,买盘
1696,10:55:57,23.39,56150,24,卖盘
1697,10:56:03,23.39,182504,78,卖盘
1698,10:56:06,23.4,21060,9,买盘
1699,10:56:09,23.4,9360,4,买盘
1700,10:56:12,23.4,283030,121,买盘
1701,10:56:15,23.4,353262,151,买盘
1702,10:56:18,23.4,51480,22,买盘
1703,10:56:21,23.4,91258,39,买盘
1704,10:56:24,23.4,128687,55,买盘
1705,10:56:27,23.4,154437,66,买盘
1706,10:56:30,23.4,449280,192,买盘
1707,10:56:33,23.4,65520,28,买盘
1708,10:56:36,23.39,203570,87,卖盘
1709,10:56:39,23.4,77207,33,买盘
1710,10:56:42,23.39,23390,10,卖盘
1711,10:56:45,23.4,442110,189,买盘
1712,10:56:48,23.4,44460,19,卖盘
1713,10:56:51,23.4,159120,68,卖盘
1714,10:56:54,23.4,37440,16,买盘
1715,10:56:57,23.4,46800,20,买盘
1716,10:57:00,23.4,60838,26,买盘
1717,10:57:03,23.4,329919,141,买盘
1718,10:57:06,23.4,53820,23,买盘
1719,10:57:09,23.4,65520,28,买盘
1720,10:57:12,23.39,154375,66,卖盘
1721,10:57:15,23.4,259661,111,买盘
1722,10:57:18,23.39,37437,16,卖盘
1723,10:57:21,23.41,807594,345,买盘
1724,10:57:24,23.41,7023,3,买盘
1725,10:57:27,23.41,131012,56,买盘
1726,10:57:30,23.41,100630,43,买盘
1727,10:57:33,23.4,42122,18,卖盘
1728,10:57:39,23.41,14045,6,买盘
1729,10:57:42,23.4,212957,91,卖盘
1730,10:57:45,23.4,196560,84,卖盘
1731,10:57:48,23.4,11704,5,卖盘
1732,10:57:51,23.41,56184,24,买盘
1733,10:57:54,23.41,49161,21,买盘
1734,10:57:57,23.41,11705,5,买盘
1735,10:58:00,23.41,196643,84,买盘
1736,10:58:03,23.41,2341,1,买盘
1737,10:58:06,23.41,86617,37,买盘
1738,10:58:09,23.41,351150,150,买盘
1739,10:58:12,23.41,131096,56,买盘
1740,10:58:15,23.41,241036,103,买盘
1741,10:58:18,23.41,51502,22,买盘
1742,10:58:21,23.41,58505,25,买盘
1743,10:58:24,23.4,95973,41,卖盘
1744,10:58:27,23.4,49149,21,卖盘
1745,10:58:30,23.41,32774,14,买盘
1746,10:58:33,23.4,25740,11,卖盘
1747,10:58:36,23.41,9364,4,买盘
1748,10:58:39,23.41,138119,59,买盘
1749,10:58:42,23.4,1013335,433,卖盘
1750,10:58:45,23.4,219983,94,卖盘
1751,10:58:48,23.41,18728,8,卖盘
1752,10:58:51,23.41,21069,9,卖盘
1753,10:58:54,23.42,2342,1,买盘
1754,10:58:57,23.42,168624,72,买盘
1755,10:59:00,23.42,30446,13,买盘
1756,10:59:03,23.42,274014,117,买盘
1757,10:59:06,23.43,9372,4,买盘
1758,10:59:09,23.43,42174,18,买盘
1759,10:59:12,23.42,142904,61,卖盘
1760,10:59:15,23.42,194412,83,卖盘
1761,10:59:18,23.43,32809,14,卖盘
1762,10:59:21,23.43,11715,5,买盘
1763,10:59:24,23.44,2344,1,买盘
1764,10:59:27,23.44,16408,7,买盘
1765,10:59:30,23.44,70320,30,买盘
1766,10:59:33,23.44,86717,37,买盘
1767,10:59:36,23.44,63288,27,买盘
1768,10:59:39,23.44,133608,57,买盘
1769,10:59:42,23.44,91396,39,买盘
1770,10:59:45,23.44,353863,151,买盘
1771,10:59:48,23.44,77335,33,买盘
1772,10:59:51,23.44,70320,30,买盘
1773,10:59:54,23.44,206272,88,买盘
1774,10:59:57,23.45,56266,24,买盘
1775,11:00:00,23.45,70350,30,买盘
1776,11:00:03,23.45,46900,20,买盘
1777,11:00:06,23.45,32830,14,买盘
1778,11:00:09,23.45,82045,35,买盘
1779,11:00:12,23.45,147735,63,买盘
1780,11:00:15,23.45,349327,149,买盘
1781,11:00:18,23.45,60957,26,买盘
1782,11:00:21,23.44,466487,199,卖盘
1783,11:00:24,23.43,881105,376,卖盘
1784,11:00:27,23.42,23422,10,卖盘
1785,11:00:30,23.42,35135,15,卖盘
1786,11:00:33,23.43,11715,5,买盘
1787,11:00:36,23.43,705241,301,买盘
1788,11:00:39,23.43,159319,68,买盘
1789,11:00:42,23.43,32802,14,买盘
1790,11:00:45,23.42,255281,109,卖盘
1791,11:00:48,23.43,96042,41,买盘
1792,11:00:51,23.42,23421,10,卖盘
1793,11:00:54,23.43,4686,2,买盘
1794,11:00:57,23.42,56218,24,卖盘
1795,11:01:00,23.43,37484,16,买盘
1796,11:01:03,23.42,44499,19,卖盘
1797,11:01:06,23.43,44512,19,买盘
1798,11:01:09,23.42,9368,4,卖盘
1799,11:01:12,23.43,110121,47,买盘
1800,11:01:15,23.42,229517,98,卖盘
1801,11:01:18,23.43,379431,162,买盘
1802,11:01:21,23.43,203840,87,买盘
1803,11:01:24,23.43,30459,13,买盘
1804,11:01:30,23.43,35145,15,买盘
1805,11:01:33,23.43,28116,12,买盘
1806,11:01:36,23.43,74956,32,买盘
1807,11:01:39,23.43,152295,65,买盘
1808,11:01:42,23.42,56229,24,卖盘
1809,11:01:45,23.43,761388,325,买盘
1810,11:01:48,23.43,16396,7,买盘
1811,11:01:51,23.43,147609,63,买盘
1812,11:01:54,23.43,107766,46,买盘
1813,11:01:57,23.43,46860,20,买盘
1814,11:02:00,23.43,133529,57,买盘
1815,11:02:03,23.43,16398,7,买盘
1816,11:02:06,23.43,77289,33,买盘
1817,11:02:09,23.43,4686,2,买盘
1818,11:02:12,23.43,65604,28,买盘
1819,11:02:15,23.42,206096,88,卖盘
1820,11:02:18,23.43,39831,17,买盘
1821,11:02:21,23.43,16401,7,买盘
1822,11:02:24,23.43,112464,48,买盘
1823,11:02:27,23.43,35145,15,买盘
1824,11:02:33,23.42,2342,1,卖盘
1825,11:02:36,23.43,147589,63,买盘
1826,11:02:39,23.43,154582,66,买盘
1827,11:02:42,23.43,58555,25,买盘
1828,11:02:45,23.42,203762,87,卖盘
1829,11:02:48,23.43,49186,21,买盘
1830,11:02:51,23.42,1704981,728,卖盘
1831,11:02:54,23.41,152215,65,卖盘
1832,11:02:57,23.41,44484,19,卖盘
1833,11:03:00,23.41,32777,14,卖盘
1834,11:03:03,23.42,11710,5,买盘
1835,11:03:06,23.42,35122,15,买盘
1836,11:03:09,23.41,35115,15,卖盘
1837,11:03:12,23.41,58535,25,卖盘
1838,11:03:15,23.41,259861,111,卖盘
1839,11:03:18,23.41,25754,11,卖盘
1840,11:03:21,23.41,210690,90,卖盘
1841,11:03:24,23.42,510361,218,买盘
1842,11:03:27,23.41,4682,2,中性盘
1843,11:03:30,23.41,58525,25,买盘
1844,11:03:33,23.41,21069,9,买盘
1845,11:03:36,23.41,11705,5,买盘
1846,11:03:39,23.41,30433,13,买盘
1847,11:03:42,23.4,147440,63,卖盘
1848,11:03:45,23.41,322964,138,买盘
1849,11:03:48,23.4,98319,42,卖盘
1850,11:03:51,23.41,46802,20,买盘
1851,11:03:54,23.41,11705,5,买盘
1852,11:03:57,23.4,16382,7,卖盘
1853,11:04:00,23.4,117012,50,卖盘
1854,11:04:03,23.4,86593,37,卖盘
1855,11:04:06,23.41,32774,14,买盘
1856,11:04:09,23.4,53823,23,卖盘
1857,11:04:15,23.4,234000,100,卖盘
1858,11:04:18,23.4,58500,25,卖盘
1859,11:04:21,23.4,91260,39,卖盘
1860,11:04:24,23.4,63182,27,卖盘
1861,11:04:27,23.41,35101,15,买盘
1862,11:04:30,23.41,11705,5,买盘
1863,11:04:33,23.4,250484,107,卖盘
1864,11:04:36,23.39,7101393,3036,卖盘
1865,11:04:39,23.4,397674,170,买盘
1866,11:04:42,23.38,114562,49,卖盘
1867,11:04:45,23.4,7020,3,买盘
1868,11:04:48,23.38,1091846,467,卖盘
1869,11:04:51,23.38,1809606,774,卖盘
1870,11:04:54,23.38,86489,37,买盘
1871,11:04:57,23.38,49083,21,买盘
1872,11:05:00,23.37,313246,134,卖盘
1873,11:05:03,23.38,98186,42,买盘
1874,11:05:06,23.37,44408,19,卖盘
1875,11:05:09,23.38,112199,48,买盘
1876,11:05:12,23.38,920789,394,买盘
1877,11:05:15,23.37,348218,149,卖盘
1878,11:05:18,23.37,257070,110,卖盘
1879,11:05:21,23.37,479129,205,卖盘
1880,11:05:24,23.37,51415,22,卖盘
1881,11:05:27,23.37,182286,78,卖盘
1882,11:05:30,23.38,9352,4,买盘
1883,11:05:33,23.38,144942,62,买盘
1884,11:05:36,23.37,130912,56,卖盘
1885,11:05:39,23.38,42077,18,买盘
1886,11:05:42,23.38,107518,46,买盘
1887,11:05:45,23.38,364727,156,买盘
1888,11:05:48,23.38,135599,58,买盘
1889,11:05:51,23.38,2439843,1044,买盘
1890,11:05:54,23.37,497886,213,卖盘
1891,11:05:57,23.37,70110,30,买盘
1892,11:06:00,23.37,294462,126,买盘
1893,11:06:03,23.36,329417,141,卖盘
1894,11:06:06,23.37,39729,17,买盘
1895,11:06:09,23.36,256961,110,卖盘
1896,11:06:12,23.37,16356,7,买盘
1897,11:06:15,23.37,212577,91,买盘
1898,11:06:18,23.37,151902,65,买盘
1899,11:06:21,23.37,506923,217,买盘
1900,11:06:24,23.36,7287441,3120,卖盘
1901,11:06:27,23.35,221903,95,卖盘
1902,11:06:30,23.35,7744169,3317,卖盘
1903,11:06:33,23.34,114416,49,卖盘
1904,11:06:36,23.35,42033,18,中性盘
1905,11:06:39,23.35,32694,14,卖盘
1906,11:06:42,23.35,42032,18,卖盘
1907,11:06:45,23.35,151800,65,买盘
1908,11:06:48,23.34,1472896,631,卖盘
1909,11:06:51,23.34,319826,137,卖盘
1910,11:06:54,23.36,1265090,542,买盘
1911,11:06:57,23.34,497176,213,卖盘
1912,11:07:00,23.34,252057,108,买盘
1913,11:07:03,23.34,123687,53,买盘
1914,11:07:06,23.35,3842518,1646,买盘
1915,11:07:09,23.33,553116,237,卖盘
1916,11:07:12,23.35,109745,47,卖盘
1917,11:07:15,23.35,70044,30,卖盘
1918,11:07:18,23.35,182135,78,卖盘
1919,11:07:21,23.35,67715,29,卖盘
1920,11:07:24,23.35,385375,165,卖盘
1921,11:07:27,23.35,21023,9,卖盘
1922,11:07:30,23.35,88750,38,卖盘
1923,11:07:33,23.35,109754,47,卖盘
1924,11:07:36,23.36,46709,20,买盘
1925,11:07:39,23.36,51383,22,买盘
1926,11:07:42,23.36,23360,10,买盘
1927,11:07:45,23.36,233533,100,买盘
1928,11:07:48,23.36,93432,40,买盘
1929,11:07:51,23.36,35040,15,卖盘
1930,11:07:54,23.37,70102,30,买盘
1931,11:07:57,23.37,98123,42,买盘
1932,11:08:00,23.36,25697,11,卖盘
1933,11:08:03,23.36,149514,64,卖盘
1934,11:08:06,23.36,140157,60,买盘
1935,11:08:09,23.36,81775,35,买盘
1936,11:08:12,23.36,149504,64,中性盘
1937,11:08:15,23.36,74754,32,买盘
1938,11:08:18,23.36,16352,7,买盘
1939,11:08:21,23.35,9342,4,卖盘
1940,11:08:24,23.36,4672,2,中性盘
1941,11:08:27,23.35,60717,26,卖盘
1942,11:08:30,23.35,721524,309,卖盘
1943,11:08:33,23.36,51392,22,买盘
1944,11:08:36,23.36,58400,25,卖盘
1945,11:08:39,23.35,348061,149,卖盘
1946,11:08:42,23.36,11676,5,买盘
1947,11:08:45,23.36,65403,28,买盘
1948,11:08:48,23.35,2335,1,卖盘
1949,11:08:51,23.36,291914,125,买盘
1950,11:08:54,23.35,436650,187,卖盘
1951,11:08:57,23.35,357275,153,卖盘
1952,11:09:00,23.35,770576,330,卖盘
1953,11:09:03,23.35,424970,182,卖盘
1954,11:09:06,23.35,2656149,1138,买盘
1955,11:09:09,23.34,49014,21,卖盘
1956,11:09:12,23.34,86358,37,买盘
1957,11:09:15,23.33,51340,22,卖盘
1958,11:09:18,23.34,14004,6,买盘
1959,11:09:21,23.34,58345,25,买盘
1960,11:09:24,23.34,44346,19,买盘
1961,11:09:27,23.33,37332,16,卖盘
1962,11:09:30,23.34,167999,72,买盘
1963,11:09:33,23.33,240343,103,卖盘
1964,11:09:36,23.33,403637,173,卖盘
1965,11:09:39,23.33,963551,413,卖盘
1966,11:09:42,23.33,259002,111,卖盘
1967,11:09:45,23.34,144656,62,买盘
1968,11:09:48,23.33,216974,93,卖盘
1969,11:09:51,23.34,76992,33,买盘
1970,11:09:54,23.33,277631,119,卖盘
1971,11:09:57,23.34,207662,89,买盘
1972,11:10:00,23.33,466605,200,卖盘
1973,11:10:03,23.33,741908,318,卖盘
1974,11:10:06,23.34,240300,103,买盘
1975,11:10:09,23.33,95658,41,卖盘
1976,11:10:12,23.34,914928,392,买盘
1977,11:10:15,23.34,77022,33,卖盘
1978,11:10:18,23.34,44351,19,卖盘
1979,11:10:21,23.34,18672,8,卖盘
1980,11:10:24,23.34,88692,38,卖盘
1981,11:10:27,23.34,235734,101,卖盘
1982,11:10:30,23.34,9336,4,卖盘
1983,11:10:33,23.34,135372,58,卖盘
1984,11:10:36,23.34,114378,49,卖盘
1985,11:10:39,23.33,417666,179,卖盘
1986,11:10:42,23.34,443333,190,买盘
1987,11:10:45,23.34,35010,15,买盘
1988,11:10:48,23.34,98028,42,买盘
1989,11:10:51,23.33,366289,157,卖盘
1990,11:10:54,23.34,25670,11,买盘
1991,11:10:57,23.34,151683,65,买盘
1992,11:11:00,23.34,289329,124,买盘
1993,11:11:03,23.34,79355,34,买盘
1994,11:11:06,23.34,46680,20,买盘
1995,11:11:09,23.34,23340,10,买盘
1996,11:11:12,23.34,394313,169,买盘
1997,11:11:15,23.34,14002,6,买盘
1998,11:11:18,23.33,198330,85,卖盘
1999,11:11:21,23.34,128333,55,买盘
2000,11:11:24,23.33,123663,53,卖盘
2001,11:11:27,23.33,312749,134,卖盘
2002,11:11:30,23.34,60669,26,买盘
2003,11:11:33,23.34,119002,51,买盘
2004,11:11:36,23.34,137697,59,买盘
2005,11:11:39,23.34,56002,24,买盘
2006,11:11:42,23.34,359347,154,买盘
2007,11:11:45,23.34,1532788,657,买盘
2008,11:11:48,23.34,32669,14,买盘
2009,11:11:51,23.33,111984,48,卖盘
2010,11:11:54,23.33,56004,24,卖盘
2011,11:11:57,23.34,32676,14,买盘
2012,11:12:00,23.34,396745,170,买盘
2013,11:12:03,23.33,18665,8,卖盘
2014,11:12:06,23.34,46673,20,买盘
2015,11:12:09,23.34,58327,25,买盘
2016,11:12:12,23.34,249640,107,买盘
2017,11:12:15,23.34,508815,218,买盘
2018,11:12:18,23.33,678914,291,卖盘
2019,11:12:21,23.33,25663,11,买盘
2020,11:12:24,23.33,471247,202,买盘
2021,11:12:27,23.33,1080173,463,买盘
2022,11:12:30,23.33,132981,57,买盘
2023,11:12:33,23.33,55990,24,买盘
2024,11:12:36,23.33,226283,97,买盘
2025,11:12:39,23.33,7000,3,卖盘
2026,11:12:42,23.34,263639,113,买盘
2027,11:12:45,23.32,69992,30,卖盘
2028,11:12:48,23.34,74668,32,买盘
2029,11:12:51,23.33,6999,3,卖盘
2030,11:12:54,23.34,58326,25,买盘
2031,11:12:57,23.33,198305,85,卖盘
2032,11:13:00,23.33,18664,8,卖盘
2033,11:13:03,23.33,6999,3,卖盘
2034,11:13:06,23.33,74658,32,卖盘
2035,11:13:09,23.33,216969,93,卖盘
2036,11:13:12,23.33,95653,41,卖盘
2037,11:13:15,23.33,230939,99,买盘
2038,11:13:18,23.33,30329,13,买盘
2039,11:13:21,23.33,209888,90,买盘
2040,11:13:24,23.33,44327,19,买盘
2041,11:13:27,23.32,219230,94,卖盘
2042,11:13:30,23.33,132971,57,买盘
2043,11:13:33,23.33,123638,53,买盘
2044,11:13:36,23.33,46660,20,买盘
2045,11:13:39,23.33,541052,232,买盘
2046,11:13:42,23.33,235545,101,买盘
2047,11:13:45,23.33,128290,55,买盘
2048,11:13:48,23.33,55990,24,买盘
2049,11:13:51,23.32,76974,33,卖盘
2050,11:13:54,23.32,293847,126,卖盘
2051,11:13:57,23.32,130628,56,卖盘
2052,11:14:00,23.33,1035412,444,买盘
2053,11:14:03,23.33,538909,231,买盘
2054,11:14:06,23.33,86311,37,买盘
2055,11:14:09,23.33,65316,28,买盘
2056,11:14:12,23.33,457101,196,买盘
2057,11:14:15,23.32,69964,30,卖盘
2058,11:14:18,23.33,258963,111,买盘
2059,11:14:21,23.33,39661,17,买盘
2060,11:14:24,23.32,303185,130,卖盘
2061,11:14:27,23.32,72303,31,卖盘
2062,11:14:30,23.33,149282,64,买盘
2063,11:14:33,23.33,41987,18,买盘
2064,11:14:36,23.33,30329,13,买盘
2065,11:14:39,23.33,160945,69,买盘
2066,11:14:42,23.32,1023989,439,卖盘
2067,11:14:45,23.33,2714559,1164,买盘
2068,11:14:48,23.33,158591,68,买盘
2069,11:14:51,23.33,163296,70,买盘
2070,11:14:54,23.33,116646,50,买盘
2071,11:14:57,23.33,326614,140,买盘
2072,11:15:00,23.33,130628,56,买盘
2073,11:15:03,23.32,100304,43,卖盘
2074,11:15:06,23.33,174931,75,买盘
2075,11:15:09,23.33,118983,51,买盘
2076,11:15:12,23.33,578349,248,买盘
2077,11:15:15,23.33,111984,48,买盘
2078,11:15:18,23.32,88627,38,卖盘
2079,11:15:21,23.32,13995,6,卖盘
2080,11:15:24,23.33,272946,117,买盘
2081,11:15:27,23.33,118963,51,买盘
2082,11:15:30,23.33,201438,86,买盘
2083,11:15:33,23.33,132981,57,买盘
2084,11:15:36,23.33,109644,47,买盘
2085,11:15:39,23.33,193603,83,买盘
2086,11:15:42,23.32,536378,230,卖盘
2087,11:15:45,23.33,237913,102,买盘
2088,11:15:48,23.32,270605,116,卖盘
2089,11:15:51,23.33,139956,60,买盘
2090,11:15:54,23.33,90955,39,买盘
2091,11:15:57,23.32,156308,67,卖盘
2092,11:16:00,23.33,16329,7,买盘
2093,11:16:03,23.32,95642,41,卖盘
2094,11:16:06,23.33,212248,91,买盘
2095,11:16:09,23.33,212269,91,买盘
2096,11:16:12,23.32,256542,110,卖盘
2097,11:16:15,23.33,30329,13,买盘
2098,11:16:18,23.32,200562,86,卖盘
2099,11:16:21,23.33,23327,10,买盘
2100,11:16:24,23.32,118944,51,卖盘
2101,11:16:27,23.32,410441,176,卖盘
2102,11:16:30,23.33,209935,90,买盘
2103,11:16:33,23.33,249532,107,买盘
2104,11:16:36,23.33,153917,66,买盘
2105,11:16:39,23.32,370816,159,卖盘
2106,11:16:42,23.33,627446,269,买盘
2107,11:16:45,23.32,27986,12,卖盘
2108,11:16:48,23.33,347480,149,买盘
2109,11:16:51,23.32,13994,6,卖盘
2110,11:16:54,23.33,25663,11,买盘
2111,11:16:57,23.33,62991,27,买盘
2112,11:17:00,23.33,363938,156,买盘
2113,11:17:03,23.32,177233,76,卖盘
2114,11:17:06,23.33,160974,69,买盘
2115,11:17:09,23.33,583082,250,买盘
2116,11:17:12,23.33,335859,144,买盘
2117,11:17:15,23.32,275239,118,卖盘
2118,11:17:18,23.33,135304,58,买盘
2119,11:17:21,23.33,1637709,702,买盘
2120,11:17:24,23.33,114317,49,买盘
2121,11:17:27,23.32,188914,81,卖盘
2122,11:17:30,23.34,198312,85,买盘
2123,11:17:33,23.33,21005,9,卖盘
2124,11:17:39,23.34,102696,44,买盘
2125,11:17:42,23.34,413000,177,买盘
2126,11:17:45,23.34,35014,15,中性盘
2127,11:17:48,23.35,128419,55,买盘
2128,11:17:51,23.35,28011,12,买盘
2129,11:17:54,23.34,11670,5,卖盘
2130,11:17:57,23.35,42025,18,买盘
2131,11:18:00,23.35,249845,107,买盘
2132,11:18:03,23.35,586085,251,买盘
2133,11:18:06,23.35,14010,6,买盘
2134,11:18:09,23.35,170455,73,买盘
2135,11:18:12,23.35,317473,136,买盘
2136,11:18:15,23.35,25680,11,买盘
2137,11:18:18,23.35,53701,23,买盘
2138,11:18:21,23.35,67713,29,买盘
2139,11:18:24,23.35,249824,107,买盘
2140,11:18:27,23.34,123735,53,卖盘
2141,11:18:30,23.35,7005,3,买盘
2142,11:18:33,23.35,79390,34,买盘
2143,11:18:36,23.34,466981,200,卖盘
2144,11:18:39,23.35,196143,84,卖盘
2145,11:18:42,23.36,324590,139,买盘
2146,11:18:45,23.36,378273,162,买盘
2147,11:18:48,23.35,49051,21,卖盘
2148,11:18:51,23.35,28020,12,卖盘
2149,11:18:54,23.36,23360,10,买盘
2150,11:18:57,23.35,100406,43,卖盘
2151,11:19:00,23.36,39706,17,买盘
2152,11:19:03,23.35,184541,79,卖盘
2153,11:19:06,23.36,39705,17,买盘
2154,11:19:09,23.36,49052,21,买盘
2155,11:19:12,23.36,224167,96,买盘
2156,11:19:15,23.36,49056,21,买盘
2157,11:19:18,23.36,65407,28,买盘
2158,11:19:21,23.36,228928,98,买盘
2159,11:19:24,23.36,81761,35,卖盘
2160,11:19:27,23.36,63078,27,卖盘
2161,11:19:30,23.37,186888,80,买盘
2162,11:19:33,23.36,74752,32,卖盘
2163,11:19:36,23.36,95797,41,卖盘
2164,11:19:39,23.36,121482,52,卖盘
2165,11:19:42,23.37,371493,159,买盘
2166,11:19:45,23.36,7008,3,中性盘
2167,11:19:48,23.37,35055,15,买盘
2168,11:19:51,23.37,46740,20,买盘
2169,11:19:54,23.37,30378,13,买盘
2170,11:19:57,23.36,30369,13,卖盘
2171,11:20:00,23.37,49077,21,买盘
2172,11:20:03,23.37,11685,5,买盘
2173,11:20:06,23.37,91129,39,买盘
2174,11:20:09,23.37,11685,5,买盘
2175,11:20:12,23.37,329429,141,买盘
2176,11:20:15,23.37,2337,1,买盘
2177,11:20:18,23.36,123860,53,卖盘
2178,11:20:21,23.37,158906,68,买盘
2179,11:20:24,23.37,21032,9,买盘
2180,11:20:27,23.36,282761,121,卖盘
2181,11:20:30,23.37,30381,13,买盘
2182,11:20:33,23.37,1098385,470,买盘
2183,11:20:36,23.36,46720,20,卖盘
2184,11:20:39,23.37,142547,61,买盘
2185,11:20:42,23.37,212578,91,买盘
2186,11:20:51,23.37,214984,92,买盘
2187,11:20:54,23.37,759525,325,买盘
2188,11:20:57,23.38,70131,30,买盘
2189,11:21:00,23.37,100497,43,卖盘
2190,11:21:03,23.38,11690,5,买盘
2191,11:21:06,23.38,488434,209,买盘
2192,11:21:09,23.38,4676,2,买盘
2193,11:21:12,23.38,486097,208,买盘
2194,11:21:15,23.38,91182,39,买盘
2195,11:21:18,23.38,184699,79,买盘
2196,11:21:21,23.38,2338,1,卖盘
2197,11:21:24,23.38,95860,41,卖盘
2198,11:21:27,23.39,35085,15,买盘
2199,11:21:30,23.38,84168,36,卖盘
2200,11:21:33,23.38,84168,36,买盘
2201,11:21:36,23.38,133266,57,买盘
2202,11:21:39,23.38,694167,297,买盘
2203,11:21:42,23.37,147233,63,卖盘
2204,11:21:45,23.37,28044,12,买盘
2205,11:21:48,23.38,121542,52,买盘
2206,11:21:54,23.38,7014,3,买盘
2207,11:21:57,23.37,74790,32,卖盘
2208,11:22:00,23.37,91151,39,卖盘
2209,11:22:03,23.37,123861,53,买盘
2210,11:22:06,23.36,404131,173,卖盘
2211,11:22:09,23.37,112176,48,买盘
2212,11:22:12,23.36,233622,100,卖盘
2213,11:22:15,23.37,128493,55,买盘
2214,11:22:18,23.38,107522,46,买盘
2215,11:22:21,23.38,2338,1,买盘
2216,11:22:24,23.37,58444,25,卖盘
2217,11:22:27,23.37,46737,20,买盘
2218,11:22:30,23.38,105175,45,买盘
2219,11:22:33,23.38,107535,46,买盘
2220,11:22:39,23.38,58431,25,买盘
2221,11:22:42,23.37,161253,69,卖盘
2222,11:22:45,23.36,144921,62,卖盘
2223,11:22:51,23.37,35065,15,卖盘
2224,11:22:54,23.37,49078,21,卖盘
2225,11:22:57,23.37,18696,8,卖盘
2226,11:23:00,23.38,21035,9,买盘
2227,11:23:03,23.38,7014,3,买盘
2228,11:23:06,23.37,30382,13,卖盘
2229,11:23:09,23.37,37392,16,卖盘
2230,11:23:12,23.37,130872,56,卖盘
2231,11:23:15,23.37,100486,43,买盘
2232,11:23:18,23.37,32718,14,买盘
2233,11:23:21,23.37,56088,24,买盘
2234,11:23:24,23.37,105165,45,买盘
2235,11:23:30,23.37,58425,25,买盘
2236,11:23:33,23.37,11685,5,买盘
2237,11:23:36,23.36,121499,52,卖盘
2238,11:23:39,23.37,135518,58,买盘
2239,11:23:42,23.36,233600,100,卖盘
2240,11:23:45,23.37,16359,7,买盘
2241,11:23:48,23.36,86465,37,卖盘
2242,11:23:51,23.37,46740,20,买盘
2243,11:23:54,23.37,434668,186,买盘
2244,11:23:57,23.37,9348,4,买盘
2245,11:24:03,23.36,23360,10,卖盘
2246,11:24:06,23.37,179925,77,买盘
2247,11:24:09,23.37,2337,1,买盘
2248,11:24:12,23.36,329428,141,卖盘
2249,11:24:15,23.37,11685,5,买盘
2250,11:24:21,23.36,51392,22,卖盘
2251,11:24:27,23.36,1289489,552,卖盘
2252,11:24:30,23.37,58420,25,买盘
2253,11:24:33,23.37,196303,84,买盘
2254,11:24:36,23.36,602807,258,卖盘
2255,11:24:39,23.37,9348,4,中性盘
2256,11:24:42,23.36,165856,71,卖盘
2257,11:24:45,23.36,25696,11,买盘
2258,11:24:48,23.37,30369,13,买盘
2259,11:24:51,23.36,79405,34,卖盘
2260,11:24:54,23.36,42036,18,买盘
2261,11:24:57,23.36,16354,7,卖盘
2262,11:25:00,23.36,4672,2,卖盘
2263,11:25:06,23.36,67738,29,卖盘
2264,11:25:09,23.36,11680,5,卖盘
2265,11:25:15,23.36,4672,2,买盘
2266,11:25:18,23.36,39703,17,买盘
2267,11:25:21,23.35,483350,207,卖盘
2268,11:25:27,23.35,35035,15,卖盘
2269,11:25:30,23.35,86395,37,卖盘
2270,11:25:33,23.35,39698,17,卖盘
2271,11:25:36,23.35,56045,24,卖盘
2272,11:25:39,23.35,39695,17,卖盘
2273,11:25:42,23.36,429690,184,买盘
2274,11:25:45,23.35,44372,19,卖盘
2275,11:25:51,23.36,11677,5,买盘
2276,11:25:54,23.35,49045,21,卖盘
2277,11:25:57,23.36,35039,15,买盘
2278,11:26:00,23.35,51370,22,卖盘
2279,11:26:03,23.35,7005,3,卖盘
2280,11:26:06,23.35,98070,42,卖盘
2281,11:26:09,23.35,28020,12,卖盘
2282,11:26:12,23.35,350300,150,卖盘
2283,11:26:15,23.36,114420,49,买盘
2284,11:26:18,23.35,182130,78,卖盘
2285,11:26:21,23.36,49056,21,买盘
2286,11:26:24,23.35,16345,7,卖盘
2287,11:26:27,23.36,207904,89,买盘
2288,11:26:30,23.35,44365,19,卖盘
2289,11:26:33,23.35,14010,6,卖盘
2290,11:26:36,23.35,46700,20,卖盘
2291,11:26:39,23.35,37366,16,卖盘
2292,11:26:42,23.36,287241,123,买盘
2293,11:26:45,23.35,137819,59,卖盘
2294,11:26:48,23.35,116750,50,卖盘
2295,11:26:51,23.35,228873,98,卖盘
2296,11:26:54,23.35,121432,52,卖盘
2297,11:26:57,23.35,179863,77,卖盘
2298,11:27:00,23.36,23360,10,买盘
2299,11:27:03,23.35,70060,30,卖盘
2300,11:27:06,23.35,191472,82,卖盘
2301,11:27:09,23.35,712179,305,卖盘
2302,11:27:12,23.35,347920,149,卖盘
2303,11:27:15,23.35,184425,79,买盘
2304,11:27:18,23.35,177460,76,卖盘
2305,11:27:21,23.35,107401,46,卖盘
2306,11:27:24,23.35,156433,67,买盘
2307,11:27:27,23.35,65362,28,买盘
2308,11:27:30,23.34,231136,99,卖盘
2309,11:27:33,23.34,109739,47,卖盘
2310,11:27:36,23.34,79356,34,卖盘
2311,11:27:39,23.34,35010,15,卖盘
2312,11:27:42,23.35,303455,130,买盘
2313,11:27:45,23.35,126040,54,买盘
2314,11:27:48,23.34,147052,63,卖盘
2315,11:27:51,23.34,58350,25,卖盘
2316,11:27:54,23.34,270867,116,卖盘
2317,11:27:57,23.35,2335,1,中性盘
2318,11:28:00,23.35,21015,9,卖盘
2319,11:28:03,23.35,4670,2,卖盘
2320,11:28:06,23.35,198477,85,卖盘
2321,11:28:09,23.35,737860,316,买盘
2322,11:28:12,23.34,231076,99,卖盘
2323,11:28:15,23.34,49014,21,卖盘
2324,11:28:18,23.34,109720,47,卖盘
2325,11:28:21,23.34,7002,3,卖盘
2326,11:28:24,23.35,25685,11,买盘
2327,11:28:27,23.34,25674,11,卖盘
2328,11:28:30,23.35,109735,47,买盘
2329,11:28:33,23.34,189060,81,卖盘
2330,11:28:36,23.34,9338,4,卖盘
2331,11:28:39,23.34,147042,63,卖盘
2332,11:28:42,23.35,266104,114,买盘
2333,11:28:45,23.35,32690,14,买盘
2334,11:28:48,23.34,21006,9,卖盘
2335,11:28:51,23.35,11675,5,买盘
2336,11:28:54,23.35,7005,3,买盘
2337,11:29:00,23.34,84035,36,卖盘
2338,11:29:03,23.35,28013,12,买盘
2339,11:29:06,23.34,63035,27,卖盘
2340,11:29:09,23.35,7004,3,买盘
2341,11:29:12,23.34,277766,119,卖盘
2342,11:29:15,23.35,39681,17,买盘
2343,11:29:18,23.35,168106,72,买盘
2344,11:29:21,23.34,60690,26,卖盘
2345,11:29:24,23.34,70020,30,卖盘
2346,11:29:27,23.34,18672,8,卖盘
2347,11:29:30,23.34,23341,10,卖盘
2348,11:29:33,23.34,219399,94,卖盘
2349,11:29:36,23.34,9337,4,卖盘
2350,11:29:39,23.34,32676,14,卖盘
2351,11:29:42,23.34,226398,97,卖盘
2352,11:29:45,23.35,347837,149,买盘
2353,11:29:48,23.35,60710,26,买盘
2354,11:29:54,23.35,30355,13,卖盘
2355,11:30:00,23.36,172855,74,买盘
2356,13:00:00,23.37,1179913,505,买盘
2357,13:00:03,23.37,815315,349,卖盘
2358,13:00:06,23.36,327059,140,卖盘
2359,13:00:09,23.36,411219,176,卖盘
2360,13:00:12,23.36,462745,198,卖盘
2361,13:00:15,23.36,128486,55,卖盘
2362,13:00:18,23.36,336387,144,卖盘
2363,13:00:21,23.36,163524,70,卖盘
2364,13:00:24,23.36,448698,192,卖盘
2365,13:00:27,23.37,79435,34,买盘
2366,13:00:30,23.36,144832,62,卖盘
2367,13:00:33,23.36,114464,49,卖盘
2368,13:00:36,23.37,306038,131,买盘
2369,13:00:39,23.36,231294,99,卖盘
2370,13:00:42,23.37,385460,165,买盘
2371,13:00:45,23.38,84139,36,买盘
2372,13:00:48,23.37,35063,15,卖盘
2373,13:00:51,23.37,23370,10,卖盘
2374,13:00:54,23.37,21045,9,卖盘
2375,13:01:00,23.38,46765,20,卖盘
2376,13:01:03,23.38,25718,11,卖盘
2377,13:01:06,23.39,53535,23,买盘
2378,13:01:09,23.39,282901,121,买盘
2379,13:01:12,23.37,119221,51,卖盘
2380,13:01:15,23.38,114548,49,买盘
2381,13:01:18,23.37,222085,95,卖盘
2382,13:01:21,23.38,109871,47,买盘
2383,13:01:24,23.37,119205,51,卖盘
2384,13:01:27,23.38,261754,112,买盘
2385,13:01:30,23.37,226773,97,卖盘
2386,13:01:33,23.37,93506,40,卖盘
2387,13:01:36,23.37,374124,160,卖盘
2388,13:01:39,23.38,46751,20,中性盘
2389,13:01:42,23.38,327202,140,买盘
2390,13:01:45,23.38,14032,6,卖盘
2391,13:01:48,23.4,530998,227,买盘
2392,13:01:51,23.38,205747,88,卖盘
2393,13:01:54,23.38,37421,16,卖盘
2394,13:01:57,23.39,21056,9,卖盘
2395,13:02:00,23.39,23390,10,卖盘
2396,13:02:03,23.39,30407,13,买盘
2397,13:02:06,23.4,224558,96,买盘
2398,13:02:09,23.4,79543,34,买盘
2399,13:02:12,23.4,297148,127,买盘
2400,13:02:15,23.4,25740,11,买盘
2401,13:02:18,23.4,44460,19,买盘
2402,13:02:21,23.4,145046,62,买盘
2403,13:02:24,23.4,25740,11,买盘
2404,13:02:27,23.4,159091,68,买盘
2405,13:02:30,23.4,177818,76,买盘
2406,13:02:33,23.39,168456,72,卖盘
2407,13:02:36,23.4,25740,11,买盘
2408,13:02:39,23.4,173109,74,买盘
2409,13:02:42,23.39,240922,103,卖盘
2410,13:02:45,23.39,166096,71,卖盘
2411,13:02:48,23.4,189495,81,买盘
2412,13:02:51,23.4,177794,76,中性盘
2413,13:02:54,23.4,226979,97,卖盘
2414,13:02:57,23.4,35103,15,卖盘
2415,13:03:00,23.41,131045,56,买盘
2416,13:03:03,23.4,107660,46,卖盘
2417,13:03:06,23.4,145103,62,卖盘
2418,13:03:09,23.4,81912,35,卖盘
2419,13:03:12,23.41,826373,353,买盘
2420,13:03:15,23.41,367537,157,卖盘
2421,13:03:18,23.41,159204,68,卖盘
2422,13:03:21,23.41,154535,66,卖盘
2423,13:03:24,23.41,229488,98,卖盘
2424,13:03:27,23.42,105390,45,买盘
2425,13:03:30,23.42,67918,29,卖盘
2426,13:03:33,23.42,358378,153,卖盘
2427,13:03:36,23.42,81970,35,卖盘
2428,13:03:39,23.42,154572,66,卖盘
2429,13:03:42,23.42,243568,104,卖盘
2430,13:03:45,23.42,252946,108,卖盘
2431,13:03:48,23.42,250499,107,买盘
2432,13:03:51,23.42,968909,414,买盘
2433,13:03:54,23.41,428157,183,买盘
2434,13:03:57,23.4,219877,94,中性盘
2435,13:04:00,23.43,1232160,526,买盘
2436,13:04:03,23.4,275978,118,中性盘
2437,13:04:06,23.4,121658,52,卖盘
2438,13:04:09,23.4,28082,12,卖盘
2439,13:04:12,23.4,379117,162,卖盘
2440,13:04:15,23.38,173054,74,卖盘
2441,13:04:18,23.4,140364,60,中性盘
2442,13:04:21,23.4,128621,55,买盘
2443,13:04:24,23.4,198935,85,买盘
2444,13:04:27,23.4,147420,63,卖盘
2445,13:04:30,23.41,325264,139,买盘
2446,13:04:33,23.41,325360,139,买盘
2447,13:04:36,23.42,63208,27,买盘
2448,13:04:39,23.4,161543,69,卖盘
2449,13:04:42,23.42,320679,137,买盘
2450,13:04:45,23.42,96021,41,卖盘
2451,13:04:48,23.4,86588,37,卖盘
2452,13:04:51,23.42,25762,11,买盘
2453,13:04:54,23.41,173275,74,卖盘
2454,13:04:57,23.42,84302,36,买盘
2455,13:05:00,23.43,768494,328,买盘
2456,13:05:03,23.43,175725,75,卖盘
2457,13:05:06,23.43,398318,170,卖盘
2458,13:05:09,23.43,133513,57,买盘
2459,13:05:12,23.43,163967,70,买盘
2460,13:05:15,23.42,91334,39,买盘
2461,13:05:18,23.41,344128,147,卖盘
2462,13:05:21,23.41,152167,65,卖盘
2463,13:05:24,23.41,96010,41,卖盘
2464,13:05:27,23.41,433125,185,卖盘
2465,13:05:30,23.42,7026,3,买盘
2466,13:05:33,23.42,304375,130,买盘
2467,13:05:36,23.42,337248,144,买盘
2468,13:05:39,23.42,210780,90,卖盘
2469,13:05:42,23.43,344306,147,买盘
2470,13:05:45,23.42,234216,100,卖盘
2471,13:05:48,23.42,229543,98,卖盘
2472,13:05:51,23.43,227238,97,买盘
2473,13:05:54,23.43,248262,106,买盘
2474,13:05:57,23.42,250619,107,卖盘
2475,13:06:00,23.43,58564,25,买盘
2476,13:06:03,23.44,571658,244,买盘
2477,13:06:06,23.44,227328,97,买盘
2478,13:06:09,23.43,192119,82,卖盘
2479,13:06:12,23.43,445290,190,卖盘
2480,13:06:15,23.43,290487,124,买盘
2481,13:06:18,23.43,478113,204,买盘
2482,13:06:21,23.43,743150,317,卖盘
2483,13:06:24,23.43,222596,95,卖盘
2484,13:06:27,23.43,836941,357,卖盘
2485,13:06:30,23.46,579393,247,买盘
2486,13:06:33,23.43,527835,225,卖盘
2487,13:06:36,23.48,1116008,476,买盘
2488,13:06:39,23.48,199254,85,买盘
2489,13:06:42,23.43,1072714,457,卖盘
2490,13:06:45,23.45,461459,197,买盘
2491,13:06:48,23.42,508446,217,卖盘
2492,13:06:51,23.43,335531,143,卖盘
2493,13:06:54,23.43,344368,147,卖盘
2494,13:06:57,23.45,194519,83,买盘
2495,13:07:00,23.44,65650,28,卖盘
2496,13:07:03,23.44,56245,24,买盘
2497,13:07:06,23.43,168757,72,卖盘
2498,13:07:09,23.44,4688,2,卖盘
2499,13:07:12,23.45,236753,101,买盘
2500,13:07:15,23.44,161736,69,卖盘
2501,13:07:18,23.45,37515,16,买盘
2502,13:07:21,23.45,157095,67,买盘
2503,13:07:24,23.44,110205,47,卖盘
2504,13:07:27,23.45,68005,29,卖盘
2505,13:07:30,23.45,68015,29,卖盘
2506,13:07:33,23.45,42210,18,卖盘
2507,13:07:36,23.47,60982,26,买盘
2508,13:07:39,23.46,180617,77,卖盘
2509,13:07:42,23.46,168903,72,卖盘
2510,13:07:45,23.46,236941,101,买盘
2511,13:07:48,23.47,124368,53,买盘
2512,13:07:51,23.47,46930,20,买盘
2513,13:07:54,23.46,258091,110,卖盘
2514,13:07:57,23.46,86771,37,买盘
2515,13:08:00,23.45,143114,61,卖盘
2516,13:08:03,23.45,166541,71,卖盘
2517,13:08:06,23.47,63346,27,买盘
2518,13:08:09,23.45,37529,16,卖盘
2519,13:08:12,23.46,546584,233,买盘
2520,13:08:15,23.46,58633,25,卖盘
2521,13:08:18,23.45,297817,127,卖盘
2522,13:08:21,23.46,262656,112,买盘
2523,13:08:24,23.46,135972,58,买盘
2524,13:08:27,23.45,105515,45,卖盘
2525,13:08:30,23.44,128924,55,卖盘
2526,13:08:33,23.44,110178,47,卖盘
2527,13:08:36,23.44,70325,30,卖盘
2528,13:08:39,23.44,35167,15,卖盘
2529,13:08:42,23.44,241442,103,卖盘
2530,13:08:45,23.44,166437,71,卖盘
2531,13:08:48,23.44,372740,159,卖盘
2532,13:08:51,23.45,534647,228,买盘
2533,13:08:54,23.45,412662,176,卖盘
2534,13:08:57,23.45,213324,91,买盘
2535,13:09:00,23.45,637723,272,买盘
2536,13:09:03,23.45,16413,7,买盘
2537,13:09:06,23.44,225029,96,卖盘
2538,13:09:09,23.43,185124,79,卖盘
2539,13:09:12,23.43,433509,185,卖盘
2540,13:09:15,23.44,91388,39,买盘
2541,13:09:18,23.43,185079,79,卖盘
2542,13:09:21,23.43,274201,117,买盘
2543,13:09:24,23.44,133557,57,买盘
2544,13:09:27,23.44,951051,406,买盘
2545,13:09:30,23.44,178096,76,卖盘
2546,13:09:33,23.45,290456,124,买盘
2547,13:09:36,23.44,255496,109,卖盘
2548,13:09:39,23.45,203933,87,买盘
2549,13:09:42,23.43,189845,81,卖盘
2550,13:09:45,23.43,203767,87,买盘
2551,13:09:48,23.43,74986,32,卖盘
2552,13:09:51,23.44,42175,18,买盘
2553,13:09:54,23.43,14059,6,卖盘
2554,13:09:57,23.43,107790,46,卖盘
2555,13:10:00,23.44,187440,80,买盘
2556,13:10:03,23.43,128865,55,卖盘
2557,13:10:06,23.44,187502,80,买盘
2558,13:10:09,23.43,196863,84,卖盘
2559,13:10:12,23.43,192111,82,卖盘
2560,13:10:15,23.43,299824,128,买盘
2561,13:10:18,23.43,70267,30,买盘
2562,13:10:21,23.42,35139,15,卖盘
2563,13:10:24,23.42,30446,13,卖盘
2564,13:10:27,23.43,142871,61,买盘
2565,13:10:30,23.42,51525,22,卖盘
2566,13:10:33,23.42,84316,36,卖盘
2567,13:10:39,23.43,180400,77,买盘
2568,13:10:42,23.42,234205,100,卖盘
2569,13:10:45,23.42,58550,25,卖盘
2570,13:10:48,23.42,231858,99,卖盘
2571,13:10:51,23.41,173262,74,卖盘
2572,13:10:54,23.41,39807,17,卖盘
2573,13:10:57,23.41,42142,18,卖盘
2574,13:11:00,23.41,105345,45,卖盘
2575,13:11:03,23.41,53851,23,卖盘
2576,13:11:06,23.42,138132,59,买盘
2577,13:11:09,23.41,107692,46,卖盘
2578,13:11:12,23.41,189621,81,卖盘
2579,13:11:15,23.41,39785,17,买盘
2580,13:11:18,23.41,152126,65,买盘
2581,13:11:21,23.41,184939,79,买盘
2582,13:11:24,23.41,360392,154,买盘
2583,13:11:27,23.4,25741,11,卖盘
2584,13:11:30,23.41,126361,54,买盘
2585,13:11:33,23.4,147443,63,卖盘
2586,13:11:36,23.4,37446,16,卖盘
2587,13:11:39,23.41,198985,85,买盘
2588,13:11:42,23.4,248050,106,卖盘
2589,13:11:45,23.4,290183,124,卖盘
2590,13:11:48,23.41,77242,33,买盘
2591,13:11:51,23.4,648180,277,卖盘
2592,13:11:54,23.4,194220,83,卖盘
2593,13:11:57,23.41,226995,97,买盘
2594,13:12:00,23.4,35100,15,卖盘
2595,13:12:03,23.4,425883,182,卖盘
2596,13:12:06,23.4,109980,47,卖盘
2597,13:12:09,23.4,126362,54,卖盘
2598,13:12:12,23.4,248040,106,卖盘
2599,13:12:15,23.41,266874,114,买盘
2600,13:12:18,23.4,184893,79,卖盘
2601,13:12:21,23.41,147447,63,买盘
2602,13:12:24,23.41,60856,26,买盘
2603,13:12:27,23.41,334714,143,买盘
2604,13:12:30,23.41,44479,19,卖盘
2605,13:12:33,23.4,107640,46,卖盘
2606,13:12:39,23.4,79564,34,卖盘
2607,13:12:42,23.4,266760,114,卖盘
2608,13:12:45,23.4,7020,3,卖盘
2609,13:12:48,23.4,60846,26,卖盘
2610,13:12:51,23.4,126360,54,卖盘
2611,13:12:54,23.4,79560,34,卖盘
2612,13:12:57,23.4,25740,11,卖盘
2613,13:13:00,23.4,91275,39,卖盘
2614,13:13:03,23.4,74890,32,卖盘
2615,13:13:06,23.4,23400,10,卖盘
2616,13:13:09,23.41,7023,3,买盘
2617,13:13:12,23.41,238692,102,买盘
2618,13:13:15,23.41,526514,225,买盘
2619,13:13:18,23.41,105303,45,买盘
2620,13:13:21,23.41,208297,89,买盘
2621,13:13:24,23.41,4682,2,买盘
2622,13:13:27,23.41,138116,59,买盘
2623,13:13:30,23.4,161501,69,卖盘
2624,13:13:33,23.4,208154,89,卖盘
2625,13:13:36,23.41,168484,72,买盘
2626,13:13:39,23.42,210668,90,买盘
2627,13:13:42,23.4,95973,41,卖盘
2628,13:13:45,23.41,126361,54,买盘
2629,13:13:48,23.4,28089,12,卖盘
2630,13:13:51,23.4,46801,20,卖盘
2631,13:13:54,23.41,37456,16,买盘
2632,13:14:00,23.41,63194,27,买盘
2633,13:14:03,23.4,105306,45,卖盘
2634,13:14:06,23.4,100620,43,卖盘
2635,13:14:09,23.4,926969,396,卖盘
2636,13:14:12,23.4,622323,266,卖盘
2637,13:14:15,23.4,322932,138,卖盘
2638,13:14:18,23.4,360292,154,卖盘
2639,13:14:21,23.4,105306,45,卖盘
2640,13:14:27,23.4,133380,57,卖盘
2641,13:14:30,23.4,37440,16,卖盘
2642,13:14:33,23.41,311274,133,买盘
2643,13:14:36,23.41,2341,1,卖盘
2644,13:14:39,23.41,25751,11,卖盘
2645,13:14:42,23.41,280922,120,卖盘
2646,13:14:45,23.41,98322,42,卖盘
2647,13:14:48,23.42,28097,12,买盘
2648,13:14:51,23.41,163870,70,卖盘
2649,13:14:54,23.42,615906,263,买盘
2650,13:14:57,23.42,67918,29,卖盘
2651,13:15:00,23.42,351300,150,卖盘
2652,13:15:03,23.42,215447,92,卖盘
2653,13:15:06,23.42,81949,35,买盘
2654,13:15:09,23.42,149888,64,买盘
2655,13:15:12,23.41,121732,52,卖盘
2656,13:15:15,23.4,145093,62,卖盘
2657,13:15:18,23.41,124063,53,买盘
2658,13:15:21,23.4,42123,18,卖盘
2659,13:15:24,23.41,156782,67,买盘
2660,13:15:27,23.4,65520,28,卖盘
2661,13:15:30,23.4,35100,15,卖盘
2662,13:15:33,23.41,58513,25,买盘
2663,13:15:36,23.41,53827,23,买盘
2664,13:15:39,23.4,7020,3,卖盘
2665,13:15:42,23.4,234000,100,卖盘
2666,13:15:45,23.41,30433,13,买盘
2667,13:15:48,23.4,74884,32,卖盘
2668,13:15:51,23.41,215281,92,买盘
2669,13:15:54,23.41,198922,85,买盘
2670,13:15:57,23.41,222338,95,买盘
2671,13:16:00,23.4,311248,133,卖盘
2672,13:16:03,23.4,297180,127,卖盘
2673,13:16:06,23.4,287830,123,卖盘
2674,13:16:09,23.4,170820,73,卖盘
2675,13:16:12,23.41,236342,101,买盘
2676,13:16:15,23.4,301863,129,卖盘
2677,13:16:18,23.4,166142,71,卖盘
2678,13:16:21,23.41,163791,70,买盘
2679,13:16:24,23.39,63170,27,卖盘
2680,13:16:27,23.4,93589,40,买盘
2681,13:16:30,23.4,46800,20,买盘
2682,13:16:33,23.4,133353,57,买盘
2683,13:16:36,23.39,7017,3,卖盘
2684,13:16:39,23.39,208171,89,卖盘
2685,13:16:42,23.4,250282,107,买盘
2686,13:16:45,23.39,128645,55,卖盘
2687,13:16:48,23.4,168432,72,买盘
2688,13:16:51,23.39,95904,41,卖盘
2689,13:16:54,23.4,741474,317,买盘
2690,13:16:57,23.4,119329,51,买盘
2691,13:17:00,23.39,259641,111,卖盘
2692,13:17:03,23.39,86553,37,卖盘
2693,13:17:06,23.4,395364,169,买盘
2694,13:17:09,23.39,30408,13,卖盘
2695,13:17:12,23.39,659609,282,卖盘
2696,13:17:15,23.4,18720,8,买盘
2697,13:17:18,23.39,275985,118,卖盘
2698,13:17:21,23.39,292286,125,买盘
2699,13:17:24,23.38,1098897,470,卖盘
2700,13:17:27,23.39,212765,91,买盘
2701,13:17:30,23.37,567975,243,卖盘
2702,13:17:33,23.37,179984,77,卖盘
2703,13:17:36,23.37,70110,30,卖盘
2704,13:17:39,23.38,102840,44,买盘
2705,13:17:42,23.37,593663,254,卖盘
2706,13:17:45,23.38,172996,74,买盘
2707,13:17:48,23.37,292103,125,卖盘
2708,13:17:51,23.36,179879,77,卖盘
2709,13:17:54,23.36,144874,62,卖盘
2710,13:17:57,23.36,179920,77,卖盘
2711,13:18:00,23.37,7012,3,中性盘
2712,13:18:03,23.36,193936,83,卖盘
2713,13:18:06,23.38,287573,123,买盘
2714,13:18:09,23.38,28056,12,中性盘
2715,13:18:12,23.37,451227,193,卖盘
2716,13:18:15,23.39,109933,47,买盘
2717,13:18:18,23.39,313361,134,买盘
2718,13:18:21,23.39,133323,57,卖盘
2719,13:18:24,23.39,86543,37,卖盘
2720,13:18:27,23.39,690289,295,卖盘
2721,13:18:30,23.39,56138,24,卖盘
2722,13:18:33,23.39,95918,41,卖盘
2723,13:18:36,23.41,67889,29,买盘
2724,13:18:39,23.4,121644,52,卖盘
2725,13:18:42,23.4,208260,89,卖盘
2726,13:18:45,23.41,301915,129,买盘
2727,13:18:48,23.4,65520,28,卖盘
2728,13:18:51,23.4,463510,198,卖盘
2729,13:18:54,23.41,56185,24,卖盘
2730,13:18:57,23.41,74931,32,卖盘
2731,13:19:00,23.41,199005,85,卖盘
2732,13:19:03,23.42,142862,61,买盘
2733,13:19:06,23.41,142814,61,卖盘
2734,13:19:09,23.41,210776,90,卖盘
2735,13:19:12,23.42,255171,109,买盘
2736,13:19:15,23.42,81960,35,买盘
2737,13:19:18,23.41,325515,139,卖盘
2738,13:19:21,23.41,105345,45,买盘
2739,13:19:24,23.4,124050,53,卖盘
2740,13:19:27,23.4,117026,50,卖盘
2741,13:19:30,23.41,152146,65,买盘
2742,13:19:33,23.41,182557,78,卖盘
2743,13:19:39,23.42,91316,39,买盘
2744,13:19:42,23.41,138142,59,卖盘
2745,13:19:45,23.4,23400,10,卖盘
2746,13:19:48,23.4,67878,29,卖盘
2747,13:19:51,23.4,100648,43,卖盘
2748,13:19:54,23.41,21068,9,买盘
2749,13:19:57,23.41,11705,5,买盘
2750,13:20:00,23.4,79560,34,卖盘
2751,13:20:03,23.41,231683,99,买盘
2752,13:20:06,23.4,142747,61,卖盘
2753,13:20:09,23.41,154483,66,买盘
2754,13:20:12,23.4,341644,146,卖盘
2755,13:20:15,23.4,327620,140,卖盘
2756,13:20:18,23.4,152100,65,卖盘
2757,13:20:21,23.4,25740,11,卖盘
2758,13:20:24,23.4,145046,62,卖盘
2759,13:20:27,23.41,196534,84,买盘
2760,13:20:30,23.41,102982,44,买盘
2761,13:20:33,23.4,39780,17,卖盘
2762,13:20:36,23.4,67845,29,卖盘
2763,13:20:39,23.41,74886,32,买盘
2764,13:20:42,23.4,285400,122,卖盘
2765,13:20:48,23.4,320620,137,卖盘
2766,13:20:51,23.4,93600,40,卖盘
2767,13:20:54,23.4,98280,42,卖盘
2768,13:20:57,23.4,58477,25,买盘
2769,13:21:00,23.4,166140,71,买盘
2770,13:21:03,23.4,84233,36,买盘
2771,13:21:06,23.4,91248,39,买盘
2772,13:21:12,23.4,210512,90,买盘
2773,13:21:15,23.4,81900,35,买盘
2774,13:21:18,23.4,140400,60,卖盘
2775,13:21:21,23.4,21060,9,卖盘
2776,13:21:24,23.4,35100,15,卖盘
2777,13:21:27,23.4,7020,3,卖盘
2778,13:21:30,23.4,28082,12,卖盘
2779,13:21:33,23.4,86605,37,卖盘
2780,13:21:36,23.4,23400,10,卖盘
2781,13:21:39,23.4,93600,40,卖盘
2782,13:21:42,23.4,231660,99,卖盘
2783,13:21:45,23.39,231646,99,卖盘
2784,13:21:48,23.39,72529,31,卖盘
2785,13:21:51,23.4,416375,178,买盘
2786,13:21:54,23.39,138024,59,卖盘
2787,13:21:57,23.39,411664,176,卖盘
2788,13:22:00,23.4,23400,10,买盘
2789,13:22:03,23.4,554408,237,买盘
2790,13:22:06,23.4,98277,42,买盘
2791,13:22:09,23.38,257213,110,卖盘
2792,13:22:12,23.38,505166,216,卖盘
2793,13:22:15,23.38,168349,72,卖盘
2794,13:22:18,23.38,30394,13,卖盘
2795,13:22:21,23.38,39746,17,卖盘
2796,13:22:24,23.38,14030,6,卖盘
2797,13:22:27,23.38,16371,7,卖盘
2798,13:22:30,23.39,114589,49,买盘
2799,13:22:33,23.38,224459,96,卖盘
2800,13:22:36,23.38,35072,15,卖盘
2801,13:22:39,23.38,222110,95,卖盘
2802,13:22:42,23.38,109886,47,卖盘
2803,13:22:45,23.38,381098,163,卖盘
2804,13:22:48,23.37,196350,84,卖盘
2805,13:22:51,23.38,289912,124,买盘
2806,13:22:54,23.37,439367,188,卖盘
2807,13:22:57,23.37,418332,179,卖盘
2808,13:23:00,23.37,523490,224,卖盘
2809,13:23:03,23.37,158906,68,卖盘
2810,13:23:06,23.37,88806,38,卖盘
2811,13:23:09,23.37,250084,107,卖盘
2812,13:23:12,23.38,11690,5,买盘
2813,13:23:15,23.37,208000,89,卖盘
2814,13:23:18,23.38,65464,28,买盘
2815,13:23:21,23.37,247738,106,卖盘
2816,13:23:24,23.38,149614,64,买盘
2817,13:23:27,23.37,540026,231,卖盘
2818,13:23:30,23.38,605486,259,买盘
2819,13:23:33,23.37,156586,67,卖盘
2820,13:23:36,23.38,133234,57,卖盘
2821,13:23:39,23.38,205814,88,卖盘
2822,13:23:42,23.38,292288,125,卖盘
2823,13:23:45,23.38,271244,116,卖盘
2824,13:23:48,23.38,1073212,459,卖盘
2825,13:23:51,23.39,802583,343,卖盘
2826,13:23:54,23.39,91222,39,卖盘
2827,13:23:57,23.41,376564,161,买盘
2828,13:24:00,23.39,37416,16,卖盘
2829,13:24:03,23.38,37426,16,卖盘
2830,13:24:09,23.39,138001,59,卖盘
2831,13:24:12,23.4,552409,236,卖盘
2832,13:24:15,23.4,152123,65,卖盘
2833,13:24:18,23.41,173185,74,中性盘
2834,13:24:21,23.41,11705,5,卖盘
2835,13:24:24,23.41,21073,9,卖盘
2836,13:24:27,23.42,58535,25,买盘
2837,13:24:30,23.42,325551,139,买盘
2838,13:24:33,23.43,30459,13,买盘
2839,13:24:36,23.43,114767,49,买盘
2840,13:24:39,23.42,39817,17,卖盘
2841,13:24:42,23.42,262304,112,卖盘
2842,13:24:45,23.43,46848,20,买盘
2843,13:24:48,23.43,126501,54,买盘
2844,13:24:51,23.42,117120,50,卖盘
2845,13:24:54,23.43,138213,59,买盘
2846,13:24:57,23.42,60892,26,卖盘
2847,13:25:00,23.42,23420,10,买盘
2848,13:25:03,23.42,376950,161,买盘
2849,13:25:06,23.42,105379,45,买盘
2850,13:25:09,23.41,93647,40,卖盘
2851,13:25:12,23.41,210729,90,卖盘
2852,13:25:15,23.4,140438,60,卖盘
2853,13:25:18,23.41,175579,75,买盘
2854,13:25:21,23.4,21060,9,卖盘
2855,13:25:24,23.4,14045,6,卖盘
2856,13:25:27,23.4,42120,18,卖盘
2857,13:25:36,23.4,9360,4,卖盘
2858,13:25:39,23.4,236401,101,卖盘
2859,13:25:42,23.4,262086,112,卖盘
2860,13:25:45,23.4,28080,12,卖盘
2861,13:25:48,23.4,42120,18,卖盘
2862,13:25:51,23.41,161529,69,买盘
2863,13:25:54,23.41,133435,57,买盘
2864,13:25:57,23.4,35108,15,卖盘
2865,13:26:00,23.4,28083,12,卖盘
2866,13:26:03,23.4,23400,10,卖盘
2867,13:26:06,23.41,39791,17,中性盘
2868,13:26:09,23.41,25755,11,卖盘
2869,13:26:12,23.42,367587,157,买盘
2870,13:26:15,23.42,152120,65,买盘
2871,13:26:18,23.42,70240,30,买盘
2872,13:26:21,23.41,103036,44,中性盘
2873,13:26:24,23.42,42154,18,买盘
2874,13:26:27,23.41,332432,142,卖盘
2875,13:26:33,23.41,74912,32,卖盘
2876,13:26:36,23.42,98334,42,买盘
2877,13:26:39,23.41,9364,4,卖盘
2878,13:26:42,23.41,292645,125,卖盘
2879,13:26:45,23.41,142816,61,卖盘
2880,13:26:48,23.42,86642,37,买盘
2881,13:26:51,23.41,147483,63,卖盘
2882,13:26:54,23.42,51512,22,买盘
2883,13:26:57,23.42,114758,49,买盘
2884,13:27:00,23.42,11707,5,买盘
2885,13:27:03,23.41,9364,4,卖盘
2886,13:27:06,23.42,18736,8,买盘
2887,13:27:09,23.41,849784,363,卖盘
2888,13:27:12,23.41,161549,69,卖盘
2889,13:27:15,23.41,1449130,619,买盘
2890,13:27:18,23.42,557190,238,买盘
2891,13:27:21,23.41,784235,335,卖盘
2892,13:27:24,23.42,248162,106,买盘
2893,13:27:27,23.42,114729,49,买盘
2894,13:27:30,23.4,74902,32,卖盘
2895,13:27:33,23.42,124122,53,买盘
2896,13:27:36,23.41,67902,29,卖盘
2897,13:27:42,23.41,222395,95,卖盘
2898,13:27:45,23.42,318409,136,买盘
2899,13:27:48,23.41,175575,75,卖盘
2900,13:27:54,23.41,91308,39,卖盘
2901,13:27:57,23.41,58529,25,卖盘
2902,13:28:00,23.42,414538,177,买盘
2903,13:28:03,23.42,114758,49,卖盘
2904,13:28:06,23.41,93662,40,卖盘
2905,13:28:09,23.42,576088,246,买盘
2906,13:28:12,23.42,220150,94,卖盘
2907,13:28:15,23.42,189703,81,卖盘
2908,13:28:18,23.43,58565,25,买盘
2909,13:28:21,23.43,119492,51,买盘
2910,13:28:24,23.43,222580,95,买盘
2911,13:28:27,23.43,269433,115,买盘
2912,13:28:30,23.43,86670,37,买盘
2913,13:28:33,23.43,299835,128,买盘
2914,13:28:36,23.43,147613,63,卖盘
2915,13:28:39,23.44,105451,45,买盘
2916,13:28:42,23.43,290566,124,卖盘
2917,13:28:45,23.44,49214,21,买盘
2918,13:28:48,23.44,70306,30,买盘
2919,13:28:51,23.44,131259,56,买盘
2920,13:28:54,23.43,65611,28,卖盘
2921,13:28:57,23.44,98448,42,买盘
2922,13:29:00,23.44,253116,108,买盘
2923,13:29:03,23.44,149986,64,买盘
2924,13:29:06,23.44,269525,115,买盘
2925,13:29:09,23.43,39831,17,卖盘
2926,13:29:12,23.43,400717,171,卖盘
2927,13:29:15,23.44,185161,79,买盘
2928,13:29:18,23.43,175734,75,卖盘
2929,13:29:21,23.43,147655,63,卖盘
2930,13:29:24,23.44,250808,107,买盘
2931,13:29:27,23.44,128893,55,买盘
2932,13:29:30,23.44,264832,113,买盘
2933,13:29:33,23.44,25785,11,卖盘
2934,13:29:36,23.44,35164,15,卖盘
2935,13:29:39,23.45,63295,27,买盘
2936,13:29:42,23.44,368078,157,卖盘
2937,13:29:45,23.44,513420,219,卖盘
2938,13:29:48,23.44,278872,119,买盘
2939,13:29:51,23.44,140623,60,买盘
2940,13:29:54,23.44,84385,36,买盘
2941,13:29:57,23.45,192210,82,买盘
2942,13:30:00,23.45,316561,135,买盘
2943,13:30:03,23.44,154743,66,卖盘
2944,13:30:06,23.45,220423,94,买盘
2945,13:30:09,23.45,518177,221,买盘
2946,13:30:12,23.46,2347297,1001,买盘
2947,13:30:15,23.44,492285,210,卖盘
2948,13:30:18,23.46,443399,189,买盘
2949,13:30:21,23.45,194696,83,卖盘
2950,13:30:27,23.47,314417,134,买盘
2951,13:30:30,23.47,7041,3,买盘
2952,13:30:33,23.46,199347,85,买盘
2953,13:30:36,23.46,192434,82,买盘
2954,13:30:39,23.46,218175,93,卖盘
2955,13:30:42,23.47,544311,232,买盘
2956,13:30:45,23.47,211120,90,买盘
2957,13:30:48,23.47,136075,58,买盘
2958,13:30:51,23.47,363798,155,买盘
2959,13:30:54,23.47,23470,10,卖盘
2960,13:30:57,23.48,161937,69,买盘
2961,13:31:00,23.48,79808,34,买盘
2962,13:31:03,23.47,82173,35,卖盘
2963,13:31:06,23.47,272285,116,卖盘
2964,13:31:09,23.48,288775,123,买盘
2965,13:31:12,23.46,600713,256,卖盘
2966,13:31:15,23.46,185356,79,卖盘
2967,13:31:18,23.46,126684,54,卖盘
2968,13:31:21,23.47,293363,125,买盘
2969,13:31:24,23.46,44581,19,卖盘
2970,13:31:27,23.47,183066,78,买盘
2971,13:31:30,23.47,100921,43,买盘
2972,13:31:33,23.46,28152,12,卖盘
2973,13:31:36,23.47,32858,14,买盘
2974,13:31:39,23.47,176009,75,买盘
2975,13:31:42,23.47,570342,243,买盘
2976,13:31:45,23.46,288677,123,卖盘
2977,13:31:48,23.48,1030731,439,买盘
2978,13:31:51,23.48,164282,70,买盘
2979,13:31:54,23.48,3064525,1305,买盘
2980,13:31:57,23.48,291134,124,卖盘
2981,13:32:00,23.49,873108,372,买盘
2982,13:32:03,23.5,486347,207,买盘
2983,13:32:06,23.5,82221,35,买盘
2984,13:32:09,23.5,768337,327,买盘
2985,13:32:12,23.5,180950,77,买盘
2986,13:32:15,23.49,305344,130,卖盘
2987,13:32:18,23.49,300739,128,买盘
2988,13:32:21,23.52,5685299,2419,买盘
2989,13:32:24,23.52,75215,32,买盘
2990,13:32:27,23.52,1249958,532,买盘
2991,13:32:30,23.52,310218,132,买盘
2992,13:32:33,23.52,392732,167,买盘
2993,13:32:36,23.53,197572,84,买盘
2994,13:32:39,23.54,1082824,460,买盘
2995,13:32:42,23.54,23547,10,卖盘
2996,13:32:45,23.54,315365,134,买盘
2997,13:32:48,23.55,221265,94,买盘
2998,13:32:51,23.55,183677,78,买盘
2999,13:32:54,23.56,376809,160,买盘
3000,13:32:57,23.56,482832,205,买盘
3001,13:33:00,23.55,485205,206,卖盘
3002,13:33:03,23.56,932933,396,买盘
3003,13:33:06,23.56,595999,253,买盘
3004,13:33:09,23.56,157847,67,卖盘
3005,13:33:12,23.56,487708,207,卖盘
3006,13:33:15,23.55,542024,230,卖盘
3007,13:33:18,23.56,831620,353,买盘
3008,13:33:21,23.55,770300,327,卖盘
3009,13:33:24,23.55,454464,193,买盘
3010,13:33:27,23.55,315531,134,买盘
3011,13:33:30,23.55,506194,215,买盘
3012,13:33:33,23.55,306144,130,买盘
3013,13:33:36,23.54,990892,421,卖盘
3014,13:33:39,23.53,228265,97,卖盘
3015,13:33:42,23.5,672477,286,卖盘
3016,13:33:45,23.48,1517937,646,卖盘
3017,13:33:48,23.48,42292,18,卖盘
3018,13:33:51,23.48,286588,122,卖盘
3019,13:33:54,23.48,596508,254,卖盘
3020,13:33:57,23.5,305500,130,买盘
3021,13:34:00,23.51,1149151,489,中性盘
3022,13:34:03,23.51,61114,26,买盘
3023,13:34:06,23.51,1378307,586,买盘
3024,13:34:09,23.51,268016,114,卖盘
3025,13:34:12,23.52,345749,147,买盘
3026,13:34:15,23.52,2352,1,卖盘
3027,13:34:21,23.53,2353,1,买盘
3028,13:34:24,23.53,91757,39,买盘
3029,13:34:27,23.53,136472,58,买盘
3030,13:34:30,23.53,164704,70,买盘
3031,13:34:33,23.53,91754,39,买盘
3032,13:34:36,23.53,28236,12,买盘
3033,13:34:39,23.53,37648,16,卖盘
3034,13:34:42,23.54,108268,46,买盘
3035,13:34:45,23.54,18832,8,买盘
3036,13:34:48,23.54,1307013,555,买盘
3037,13:34:51,23.55,306006,130,买盘
3038,13:34:54,23.54,82393,35,卖盘
3039,13:34:57,23.53,1801726,765,卖盘
3040,13:35:00,23.53,263654,112,卖盘
3041,13:35:03,23.54,520106,221,中性盘
3042,13:35:06,23.52,14115,6,卖盘
3043,13:35:09,23.54,364632,155,买盘
3044,13:35:12,23.53,395104,168,中性盘
3045,13:35:15,23.51,218709,93,卖盘
3046,13:35:18,23.54,482082,205,买盘
3047,13:35:21,23.51,47044,20,卖盘
3048,13:35:24,23.53,995674,423,买盘
3049,13:35:27,23.52,49412,21,中性盘
3050,13:35:30,23.52,228057,97,买盘
3051,13:35:33,23.52,115192,49,买盘
3052,13:35:36,23.52,39984,17,买盘
3053,13:35:39,23.52,25872,11,买盘
3054,13:35:42,23.51,105795,45,卖盘
3055,13:35:45,23.52,101144,43,买盘
3056,13:35:48,23.52,84672,36,卖盘
3057,13:35:51,23.52,9408,4,卖盘
3058,13:35:54,23.52,131714,56,卖盘
3059,13:35:57,23.53,35283,15,买盘
3060,13:36:00,23.52,11760,5,卖盘
3061,13:36:03,23.52,18819,8,卖盘
3062,13:36:06,23.52,103488,44,卖盘
3063,13:36:09,23.52,42344,18,卖盘
3064,13:36:12,23.53,7059,3,买盘
3065,13:36:15,23.53,18824,8,买盘
3066,13:36:18,23.52,362247,154,卖盘
3067,13:36:21,23.52,253912,108,买盘
3068,13:36:24,23.52,735964,313,买盘
3069,13:36:27,23.5,1711068,728,卖盘
3070,13:36:30,23.51,112810,48,中性盘
3071,13:36:33,23.5,206810,88,卖盘
3072,13:36:36,23.5,21150,9,卖盘
3073,13:36:39,23.5,14100,6,买盘
3074,13:36:42,23.49,450948,192,卖盘
3075,13:36:45,23.49,46986,20,卖盘
3076,13:36:48,23.49,112782,48,卖盘
3077,13:36:51,23.49,65782,28,卖盘
3078,13:36:54,23.5,505238,215,买盘
3079,13:36:57,23.51,230293,98,买盘
3080,13:37:00,23.5,101054,43,中性盘
3081,13:37:03,23.5,75200,32,卖盘
3082,13:37:06,23.5,79900,34,卖盘
3083,13:37:09,23.5,39950,17,卖盘
3084,13:37:12,23.5,65800,28,卖盘
