,成交时间,成交价格,成交金额,成交量,性质
0,09:25:00,26.92,12980824,4822,卖盘
1,09:30:00,26.84,14254798,5301,卖盘
2,09:30:03,26.84,8807168,3284,买盘
3,09:30:06,26.84,7918973,2946,卖盘
4,09:30:09,26.88,1107190,412,中性盘
5,09:30:12,26.9,1638293,609,买盘
6,09:30:15,26.9,581053,216,买盘
7,09:30:18,26.9,2499048,929,卖盘
8,09:30:21,26.9,1178110,438,买盘
9,09:30:24,26.87,924875,344,卖盘
10,09:30:27,26.87,711626,265,买盘
11,09:30:30,26.86,865269,322,卖盘
12,09:30:33,26.8,2923372,1089,卖盘
13,09:30:36,26.81,2546475,950,买盘
14,09:30:39,26.8,1751698,654,卖盘
15,09:30:42,26.81,3408909,1272,买盘
16,09:30:45,26.81,3094846,1155,卖盘
17,09:30:48,26.8,1460162,545,卖盘
18,09:30:51,26.75,1969587,735,卖盘
19,09:30:54,26.81,1325662,495,买盘
20,09:30:57,26.84,2072322,771,卖盘
21,09:31:00,26.96,2113126,786,买盘
22,09:31:03,27.1,2683294,993,买盘
23,09:31:06,27.1,502175,186,买盘
24,09:31:09,27.09,1025992,379,中性盘
25,09:31:12,26.98,1147277,424,卖盘
26,09:31:15,26.97,611942,227,卖盘
27,09:31:18,26.98,808779,300,买盘
28,09:31:21,26.98,995057,369,买盘
29,09:31:24,26.99,876979,325,买盘
30,09:31:27,27.06,464652,172,买盘
31,09:31:30,27.12,1333895,493,买盘
32,09:31:33,27.09,314123,116,卖盘
33,09:31:36,27.09,916248,338,买盘
34,09:31:39,27.12,865222,319,买盘
35,09:31:42,27.2,627453,231,买盘
36,09:31:45,27.23,1030009,379,买盘
37,09:31:48,27.23,1132405,416,买盘
38,09:31:51,27.26,1408974,517,买盘
39,09:31:54,27.23,825870,303,卖盘
40,09:31:57,27.23,4762308,1750,卖盘
41,09:32:00,27.0,2423925,894,卖盘
42,09:32:03,27.0,861768,319,卖盘
43,09:32:06,26.99,1497648,555,卖盘
44,09:32:09,26.91,609764,226,卖盘
45,09:32:12,26.95,480269,178,中性盘
46,09:32:15,27.1,1161474,429,买盘
47,09:32:18,27.1,1664305,614,卖盘
48,09:32:21,27.13,502151,185,卖盘
49,09:32:24,27.15,502381,185,中性盘
50,09:32:27,27.18,236493,87,中性盘
51,09:32:30,27.22,1543425,567,买盘
52,09:32:33,27.26,2575429,945,买盘
53,09:32:36,27.26,733898,269,买盘
54,09:32:39,27.29,1492473,547,中性盘
55,09:32:42,27.29,1116090,409,买盘
56,09:32:45,27.35,1070533,392,买盘
57,09:32:48,27.3,2342616,858,卖盘
58,09:32:51,27.29,4002302,1466,卖盘
59,09:32:54,27.3,4314551,1578,买盘
60,09:32:57,27.39,1197226,437,买盘
61,09:33:00,27.46,986285,360,买盘
62,09:33:03,27.46,694434,253,买盘
63,09:33:06,27.47,5988904,2185,买盘
64,09:33:09,27.5,1829794,666,买盘
65,09:33:12,27.5,1816944,661,买盘
66,09:33:15,27.35,4729067,1722,卖盘
67,09:33:18,27.34,2479504,905,卖盘
68,09:33:21,27.31,681037,249,卖盘
69,09:33:24,27.3,2889837,1056,卖盘
70,09:33:27,27.26,1569391,575,卖盘
71,09:33:30,27.26,2001198,734,卖盘
72,09:33:33,27.24,986810,362,卖盘
73,09:33:36,27.2,544591,200,卖盘
74,09:33:39,27.19,424236,156,卖盘
75,09:33:42,27.18,470225,173,卖盘
76,09:33:45,27.18,1121259,413,买盘
77,09:33:48,27.16,988983,364,卖盘
78,09:33:51,27.18,1972487,726,买盘
79,09:33:54,27.15,1018400,375,卖盘
80,09:33:57,27.19,1035600,381,买盘
81,09:34:00,27.2,337239,124,中性盘
82,09:34:03,27.24,764837,281,买盘
83,09:34:06,27.24,805872,296,买盘
84,09:34:09,27.24,651037,239,卖盘
85,09:34:12,27.24,2833507,1041,买盘
86,09:34:15,27.24,929160,341,卖盘
87,09:34:18,27.26,2471825,907,中性盘
88,09:34:21,27.26,798753,293,卖盘
89,09:34:24,27.24,548979,201,卖盘
90,09:34:27,27.2,1118248,411,卖盘
91,09:34:30,27.21,617675,227,中性盘
92,09:34:33,27.25,721339,265,买盘
93,09:34:36,27.19,689506,253,卖盘
94,09:34:39,27.19,1460597,537,卖盘
95,09:34:42,27.19,1049493,386,买盘
96,09:34:45,27.17,625292,230,卖盘
97,09:34:48,27.16,583907,215,卖盘
98,09:34:51,27.17,543472,200,卖盘
99,09:34:54,27.18,1676528,617,买盘
100,09:34:57,27.18,1059884,390,卖盘
101,09:35:00,27.17,228218,84,买盘
102,09:35:03,27.15,583875,215,卖盘
103,09:35:06,27.15,896044,330,卖盘
104,09:35:09,27.13,922827,340,卖盘
105,09:35:12,27.1,1038216,383,卖盘
106,09:35:15,27.07,400973,148,卖盘
107,09:35:18,27.07,435961,161,买盘
108,09:35:21,27.05,675780,250,卖盘
109,09:35:24,27.06,784628,290,买盘
110,09:35:27,27.0,1178452,436,卖盘
111,09:35:30,27.0,2298166,851,卖盘
112,09:35:33,27.0,882710,327,买盘
113,09:35:36,26.99,2108189,781,中性盘
114,09:35:39,26.98,199654,74,卖盘
115,09:35:42,26.96,998253,370,卖盘
116,09:35:45,26.97,615010,228,中性盘
117,09:35:48,26.98,660973,245,卖盘
118,09:35:51,27.05,2578817,955,买盘
119,09:35:54,27.0,575914,213,卖盘
120,09:35:57,27.05,232456,86,买盘
121,09:36:00,27.06,732128,271,买盘
122,09:36:03,27.01,1793215,663,卖盘
123,09:36:06,27.05,773116,286,买盘
124,09:36:09,27.05,876181,324,买盘
125,09:36:12,27.1,1402787,518,买盘
126,09:36:15,27.18,1900746,700,买盘
127,09:36:18,27.2,277091,102,中性盘
128,09:36:21,27.22,239309,88,买盘
129,09:36:24,27.22,873081,321,买盘
130,09:36:27,27.22,688509,253,买盘
131,09:36:30,27.24,806195,296,买盘
132,09:36:33,27.21,773006,284,卖盘
133,09:36:36,27.21,1236873,455,买盘
134,09:36:39,27.2,413283,152,中性盘
135,09:36:42,27.2,429354,158,买盘
136,09:36:45,27.12,190134,70,卖盘
137,09:36:48,27.16,348656,128,中性盘
138,09:36:51,27.12,259899,96,卖盘
139,09:36:54,27.12,301199,111,卖盘
140,09:36:57,27.18,1360119,501,买盘
141,09:37:00,27.18,565375,208,卖盘
142,09:37:03,27.18,833974,307,卖盘
143,09:37:06,27.19,772507,284,买盘
144,09:37:09,27.13,722474,266,卖盘
145,09:37:12,27.13,100430,37,卖盘
146,09:37:15,27.14,103145,38,中性盘
147,09:37:18,27.1,1573001,580,卖盘
148,09:37:21,27.09,146329,54,卖盘
149,09:37:24,27.09,300682,111,中性盘
150,09:37:27,27.08,514298,190,中性盘
151,09:37:30,27.05,259961,96,卖盘
152,09:37:33,27.04,673574,249,卖盘
153,09:37:36,27.03,37859,14,卖盘
154,09:37:39,27.03,194607,72,卖盘
155,09:37:42,27.02,664779,246,卖盘
156,09:37:45,27.01,742656,275,卖盘
157,09:37:48,27.0,2270645,841,卖盘
158,09:37:51,26.98,307597,114,卖盘
159,09:37:54,26.98,393926,146,卖盘
160,09:37:57,26.96,631094,234,卖盘
161,09:38:00,26.95,851859,316,卖盘
162,09:38:03,26.95,606494,225,卖盘
163,09:38:06,26.95,1207500,448,买盘
164,09:38:09,27.02,3962806,1469,买盘
165,09:38:12,27.01,1651750,612,卖盘
166,09:38:15,27.03,850928,315,买盘
167,09:38:18,26.98,920365,341,卖盘
168,09:38:21,27.04,602920,223,买盘
169,09:38:24,27.04,191987,71,卖盘
170,09:38:27,27.06,527490,195,买盘
171,09:38:30,27.06,1100398,407,买盘
172,09:38:33,27.02,638508,236,卖盘
173,09:38:36,27.02,451386,167,买盘
174,09:38:39,26.98,2081402,771,卖盘
175,09:38:42,27.02,335093,124,中性盘
176,09:38:45,27.02,453885,168,卖盘
177,09:38:48,27.04,183746,68,买盘
178,09:38:51,27.02,721420,267,卖盘
179,09:38:54,27.05,524758,194,买盘
180,09:38:57,27.06,129870,48,买盘
181,09:39:00,27.06,248935,92,卖盘
182,09:39:03,27.06,438412,162,卖盘
183,09:39:06,27.06,338308,125,卖盘
184,09:39:09,27.11,2127220,785,买盘
185,09:39:12,27.11,81330,30,卖盘
186,09:39:15,27.17,276605,102,买盘
187,09:39:18,27.16,189923,70,中性盘
188,09:39:21,27.12,73311,27,中性盘
189,09:39:24,27.06,2408749,889,卖盘
190,09:39:27,27.06,308573,114,买盘
191,09:39:30,27.04,1777011,657,卖盘
192,09:39:33,27.02,254161,94,卖盘
193,09:39:36,27.16,4334936,1600,买盘
194,09:39:39,27.15,1480908,546,中性盘
195,09:39:42,27.17,1176667,433,买盘
196,09:39:45,27.13,81476,30,卖盘
197,09:39:48,27.15,355457,131,买盘
198,09:39:51,27.17,352988,130,买盘
199,09:39:54,27.19,1232789,454,买盘
200,09:39:57,27.17,298934,110,卖盘
201,09:40:00,27.25,2401531,882,买盘
202,09:40:03,27.28,1011369,371,买盘
203,09:40:06,27.31,919941,337,买盘
204,09:40:09,27.34,300526,110,买盘
205,09:40:12,27.42,2044758,747,买盘
206,09:40:15,27.59,7357443,2675,买盘
207,09:40:18,27.66,1934476,701,买盘
208,09:40:21,27.66,1237543,448,买盘
209,09:40:24,27.6,2201082,796,卖盘
210,09:40:27,27.6,2897912,1049,中性盘
211,09:40:30,27.5,1786183,647,卖盘
212,09:40:33,27.57,1469668,534,买盘
213,09:40:36,27.51,1010892,368,中性盘
214,09:40:39,27.58,741047,269,买盘
215,09:40:42,27.58,1842219,668,买盘
216,09:40:45,27.53,2672824,970,卖盘
217,09:40:48,27.58,2215894,803,买盘
218,09:40:51,27.58,772315,280,卖盘
219,09:40:54,27.58,1822292,661,卖盘
220,09:40:57,27.58,1472046,534,买盘
221,09:41:00,27.49,3660407,1330,卖盘
222,09:41:03,27.5,597455,217,中性盘
223,09:41:06,27.46,579862,211,卖盘
224,09:41:09,27.4,1578182,575,卖盘
225,09:41:12,27.36,1390909,508,卖盘
226,09:41:15,27.29,631709,231,卖盘
227,09:41:18,27.25,1365585,500,卖盘
228,09:41:21,27.35,2073685,760,买盘
229,09:41:24,27.31,634284,232,卖盘
230,09:41:27,27.44,4806539,1756,买盘
231,09:41:30,27.44,328877,120,买盘
232,09:41:33,27.4,2453599,897,卖盘
233,09:41:36,27.44,894460,326,买盘
234,09:41:39,27.44,2799115,1020,卖盘
235,09:41:42,27.4,4124537,1505,卖盘
236,09:41:45,27.3,2322035,848,卖盘
237,09:41:48,27.3,941724,345,买盘
238,09:41:51,27.33,3637384,1331,买盘
239,09:41:54,27.33,1040963,381,买盘
240,09:41:57,27.42,1169519,427,买盘
241,09:42:00,27.43,531346,194,买盘
242,09:42:03,27.42,507573,185,卖盘
243,09:42:06,27.4,1148620,419,卖盘
244,09:42:09,27.43,1731614,632,买盘
245,09:42:12,27.44,847410,309,买盘
246,09:42:15,27.42,1564728,571,卖盘
247,09:42:18,27.42,1764187,643,买盘
248,09:42:21,27.41,1726206,630,卖盘
249,09:42:24,27.4,1111205,405,卖盘
250,09:42:27,27.33,4475820,1636,卖盘
251,09:42:30,27.33,737588,270,买盘
252,09:42:33,27.33,1357021,497,买盘
253,09:42:36,27.3,1112520,407,卖盘
254,09:42:39,27.33,3447993,1264,买盘
255,09:42:42,27.3,686128,251,卖盘
256,09:42:45,27.3,1348902,494,卖盘
257,09:42:48,27.3,322132,118,买盘
258,09:42:51,27.29,534890,196,中性盘
259,09:42:54,27.28,613937,225,卖盘
260,09:42:57,27.26,1042430,382,卖盘
261,09:43:00,27.29,766645,281,买盘
262,09:43:03,27.29,532347,195,卖盘
263,09:43:06,27.33,447763,164,中性盘
264,09:43:09,27.39,454533,166,买盘
265,09:43:12,27.39,178121,65,卖盘
266,09:43:15,27.39,454829,166,卖盘
267,09:43:18,27.4,1071181,391,买盘
268,09:43:21,27.39,909307,332,卖盘
269,09:43:24,27.41,1364309,498,买盘
270,09:43:27,27.4,1172637,428,卖盘
271,09:43:30,27.41,383762,140,中性盘
272,09:43:33,27.41,918256,335,卖盘
273,09:43:36,27.42,852759,311,买盘
274,09:43:39,27.4,2481122,905,卖盘
275,09:43:42,27.39,1056951,386,卖盘
276,09:43:45,27.38,786008,287,中性盘
277,09:43:48,27.33,631879,231,卖盘
278,09:43:51,27.39,500986,183,买盘
279,09:43:54,27.34,287015,105,卖盘
280,09:43:57,27.3,661631,242,卖盘
281,09:44:00,27.3,802777,294,卖盘
282,09:44:03,27.3,818393,300,买盘
283,09:44:06,27.29,693158,254,中性盘
284,09:44:09,27.26,676727,248,卖盘
285,09:44:12,27.25,575193,211,卖盘
286,09:44:15,27.25,812126,298,卖盘
287,09:44:18,27.22,1406127,516,卖盘
288,09:44:21,27.22,386570,142,卖盘
289,09:44:24,27.21,1298107,477,卖盘
290,09:44:27,27.2,492605,181,卖盘
291,09:44:30,27.21,941403,346,买盘
292,09:44:33,27.2,721047,265,卖盘
293,09:44:36,27.2,761762,280,卖盘
294,09:44:39,27.22,427066,157,买盘
295,09:44:42,27.21,1904067,700,卖盘
296,09:44:45,27.21,571010,210,买盘
297,09:44:48,27.23,217641,80,卖盘
298,09:44:51,27.2,900663,331,卖盘
299,09:44:54,27.2,1628201,599,买盘
300,09:44:57,27.25,1140186,419,买盘
301,09:45:00,27.21,1140127,419,卖盘
302,09:45:03,27.21,1177608,433,买盘
303,09:45:06,27.21,475942,175,买盘
304,09:45:09,27.24,1164073,428,买盘
305,09:45:12,27.2,538740,198,卖盘
306,09:45:15,27.21,182237,67,买盘
307,09:45:18,27.19,239253,88,卖盘
308,09:45:21,27.17,565358,208,卖盘
309,09:45:24,27.17,399173,147,买盘
310,09:45:27,27.14,606913,224,卖盘
311,09:45:30,27.14,355228,131,买盘
312,09:45:33,27.1,878209,324,卖盘
313,09:45:36,27.09,287205,106,卖盘
314,09:45:39,27.07,847925,313,卖盘
315,09:45:42,27.06,590396,218,卖盘
316,09:45:45,27.06,616805,228,卖盘
317,09:45:48,27.06,584271,216,买盘
318,09:45:51,27.05,724297,268,中性盘
319,09:45:54,27.05,1259112,466,买盘
320,09:45:57,27.01,1002326,371,中性盘
321,09:46:00,27.06,1019384,377,买盘
322,09:46:03,27.06,535441,198,买盘
323,09:46:06,27.06,394672,146,买盘
324,09:46:09,27.05,530158,196,卖盘
325,09:46:12,27.03,389437,144,卖盘
326,09:46:15,27.03,657248,243,买盘
327,09:46:18,27.05,156826,58,买盘
328,09:46:21,27.05,626227,232,买盘
329,09:46:24,27.05,1743574,645,卖盘
330,09:46:27,27.06,300234,111,买盘
331,09:46:30,27.06,551837,204,买盘
332,09:46:33,27.07,1579995,584,买盘
333,09:46:36,27.04,833069,308,卖盘
334,09:46:39,27.03,1269296,469,卖盘
335,09:46:42,27.04,373056,138,买盘
336,09:46:45,27.04,562302,208,买盘
337,09:46:48,27.04,327209,121,卖盘
338,09:46:51,27.02,1892395,700,卖盘
339,09:46:54,27.03,715555,265,中性盘
340,09:46:57,27.01,553765,205,卖盘
341,09:47:00,27.01,924212,342,卖盘
342,09:47:03,27.01,577879,214,买盘
343,09:47:06,27.01,1501274,556,买盘
344,09:47:09,27.0,610252,226,卖盘
345,09:47:12,26.99,637126,236,卖盘
346,09:47:15,26.99,2174822,806,卖盘
347,09:47:18,26.98,482852,179,卖盘
348,09:47:21,26.95,1382598,513,卖盘
349,09:47:24,26.95,180566,67,卖盘
350,09:47:27,26.93,544027,202,卖盘
351,09:47:30,26.92,414637,154,卖盘
352,09:47:33,26.91,1014781,377,卖盘
353,09:47:36,26.92,481679,179,买盘
354,09:47:39,26.9,731756,272,卖盘
355,09:47:42,26.89,860742,320,卖盘
356,09:47:45,26.9,516286,192,买盘
357,09:47:48,26.89,1037751,386,中性盘
358,09:47:51,26.88,645143,240,卖盘
359,09:47:54,26.88,623534,232,买盘
360,09:47:57,26.88,975514,363,买盘
361,09:48:00,26.86,797887,297,卖盘
362,09:48:03,26.86,1434444,534,卖盘
363,09:48:06,26.82,3047648,1135,卖盘
364,09:48:09,26.86,1553166,579,买盘
365,09:48:12,26.81,1775325,662,卖盘
366,09:48:15,26.82,896572,334,卖盘
367,09:48:18,26.81,2760651,1030,卖盘
368,09:48:21,26.8,734007,274,买盘
369,09:48:24,26.78,951050,355,卖盘
370,09:48:27,26.78,1389581,519,卖盘
371,09:48:30,26.78,805860,301,买盘
372,09:48:33,26.77,2303799,861,买盘
373,09:48:36,26.79,2045101,763,买盘
374,09:48:39,26.79,844115,315,卖盘
375,09:48:42,26.8,648449,242,中性盘
376,09:48:45,26.8,1245792,465,卖盘
377,09:48:48,26.8,825683,308,买盘
378,09:48:51,26.8,833548,311,买盘
379,09:48:54,26.82,748188,279,中性盘
380,09:48:57,26.81,496099,185,卖盘
381,09:49:00,26.85,606125,226,买盘
382,09:49:03,26.85,858829,320,买盘
383,09:49:06,26.85,381097,142,卖盘
384,09:49:09,26.86,322276,120,买盘
385,09:49:12,26.86,499586,186,卖盘
386,09:49:15,26.88,1577526,587,买盘
387,09:49:18,26.87,279476,104,卖盘
388,09:49:21,26.89,266085,99,买盘
389,09:49:24,26.87,580431,216,卖盘
390,09:49:27,26.89,1419388,528,买盘
391,09:49:30,26.89,110241,41,卖盘
392,09:49:33,26.89,368446,137,卖盘
393,09:49:36,26.9,1577048,586,买盘
394,09:49:39,26.91,252998,94,中性盘
395,09:49:42,26.9,320173,119,卖盘
396,09:49:45,26.91,220708,82,买盘
397,09:49:48,26.91,223349,83,卖盘
398,09:49:51,26.93,907079,337,买盘
399,09:49:54,26.93,150758,56,买盘
400,09:49:57,26.92,444274,165,卖盘
401,09:50:00,26.94,950767,353,买盘
402,09:50:03,26.94,705516,262,买盘
403,09:50:06,26.93,272054,101,卖盘
404,09:50:09,26.94,172390,64,卖盘
405,09:50:12,26.95,387925,144,买盘
406,09:50:15,26.95,991736,368,买盘
407,09:50:18,26.96,234489,87,买盘
408,09:50:21,26.96,299202,111,卖盘
409,09:50:24,26.97,334376,124,买盘
410,09:50:27,26.98,320848,119,买盘
411,09:50:30,26.98,380318,141,买盘
412,09:50:33,26.97,617770,229,买盘
413,09:50:36,26.95,2512008,932,卖盘
414,09:50:39,26.94,606371,225,卖盘
415,09:50:42,26.94,797376,296,卖盘
416,09:50:45,26.92,142701,53,卖盘
417,09:50:48,26.94,538413,200,买盘
418,09:50:51,26.9,374097,139,卖盘
419,09:50:54,26.9,446542,166,卖盘
420,09:50:57,26.89,104893,39,卖盘
421,09:51:00,26.89,631781,235,卖盘
422,09:51:03,26.88,516170,192,卖盘
423,09:51:06,26.87,155835,58,卖盘
424,09:51:09,26.85,419004,156,卖盘
425,09:51:12,26.85,523772,195,卖盘
426,09:51:15,26.84,214794,80,卖盘
427,09:51:18,26.83,343556,128,卖盘
428,09:51:21,26.83,246849,92,卖盘
429,09:51:24,26.82,727125,271,卖盘
430,09:51:27,26.82,2348123,876,卖盘
431,09:51:30,26.79,2331546,870,卖盘
432,09:51:33,26.78,1349898,504,卖盘
433,09:51:36,26.77,390962,146,卖盘
434,09:51:39,26.77,457779,171,卖盘
435,09:51:42,26.76,810749,303,卖盘
436,09:51:45,26.75,1612608,603,卖盘
437,09:51:48,26.71,726917,272,卖盘
438,09:51:51,26.7,1226021,459,卖盘
439,09:51:54,26.71,3485261,1305,卖盘
440,09:51:57,26.79,8632567,3226,买盘
441,09:52:00,26.81,2308412,862,中性盘
442,09:52:03,26.81,656766,245,卖盘
443,09:52:06,26.79,493558,184,卖盘
444,09:52:09,26.79,297390,111,卖盘
445,09:52:12,26.77,399037,149,卖盘
446,09:52:15,26.77,1127807,421,卖盘
447,09:52:18,26.77,586129,219,买盘
448,09:52:21,26.74,1136687,425,卖盘
449,09:52:24,26.75,1404043,525,买盘
450,09:52:27,26.73,778096,291,卖盘
451,09:52:30,26.75,842173,315,买盘
452,09:52:33,26.72,1194711,447,卖盘
453,09:52:36,26.78,5375524,2009,买盘
454,09:52:39,26.78,1145988,428,卖盘
455,09:52:42,26.78,1130169,422,中性盘
456,09:52:45,26.82,562893,210,买盘
457,09:52:48,26.83,799761,298,买盘
458,09:52:51,26.79,1187441,443,卖盘
459,09:52:54,26.76,1156193,432,卖盘
460,09:52:57,26.76,757308,283,买盘
461,09:53:00,26.8,1118045,418,买盘
462,09:53:03,26.78,291997,109,卖盘
463,09:53:06,26.78,433990,162,卖盘
464,09:53:09,26.8,1125692,420,买盘
465,09:53:12,26.78,369558,138,卖盘
466,09:53:15,26.78,184756,69,买盘
467,09:53:18,26.78,626526,234,买盘
468,09:53:21,26.77,727948,272,卖盘
469,09:53:24,26.78,463187,173,买盘
470,09:53:27,26.77,398885,149,卖盘
471,09:53:30,26.77,835489,312,卖盘
472,09:53:33,26.76,441634,165,卖盘
473,09:53:36,26.76,2293733,857,卖盘
474,09:53:39,26.75,1709599,639,卖盘
475,09:53:42,26.75,449562,168,买盘
476,09:53:45,26.76,390684,146,买盘
477,09:53:48,26.76,611763,229,买盘
478,09:53:51,26.76,489668,183,买盘
479,09:53:54,26.76,1115580,417,卖盘
480,09:53:57,26.77,530409,198,买盘
481,09:54:00,26.8,241130,90,买盘
482,09:54:03,26.77,192850,72,卖盘
483,09:54:06,26.78,257220,96,中性盘
484,09:54:09,26.79,852072,318,中性盘
485,09:54:12,26.77,436633,163,卖盘
486,09:54:15,26.8,128636,48,买盘
487,09:54:18,26.8,571412,213,卖盘
488,09:54:21,26.8,715460,267,买盘
489,09:54:24,26.8,613639,229,买盘
490,09:54:27,26.8,986153,368,买盘
491,09:54:30,26.8,999620,373,买盘
492,09:54:33,26.81,99204,37,中性盘
493,09:54:36,26.89,241784,90,买盘
494,09:54:39,26.87,40305,15,中性盘
495,09:54:42,26.89,94099,35,买盘
496,09:54:45,26.91,177545,66,买盘
497,09:54:48,26.89,309231,115,卖盘
498,09:54:51,26.88,513852,191,卖盘
499,09:54:54,26.91,459883,171,买盘
500,09:54:57,26.89,56499,21,卖盘
501,09:55:00,26.98,412307,153,买盘
502,09:55:03,26.92,94165,35,买盘
503,09:55:06,26.92,328441,122,买盘
504,09:55:09,26.92,535535,199,卖盘
505,09:55:12,26.92,344497,128,买盘
506,09:55:15,26.92,408756,152,买盘
507,09:55:18,26.89,1476670,549,卖盘
508,09:55:21,26.89,215113,80,买盘
509,09:55:24,26.88,341382,127,卖盘
510,09:55:27,26.87,378490,141,卖盘
511,09:55:30,26.77,2318372,865,卖盘
512,09:55:33,26.85,694370,259,买盘
513,09:55:36,26.81,88513,33,中性盘
514,09:55:39,26.74,2965749,1108,卖盘
515,09:55:42,26.74,516289,193,卖盘
516,09:55:45,26.75,115022,43,卖盘
517,09:55:48,26.75,157825,59,卖盘
518,09:55:51,26.75,390580,146,卖盘
519,09:55:54,26.77,1452848,543,买盘
520,09:55:57,26.75,115772,43,卖盘
521,09:56:00,26.77,235537,88,买盘
522,09:56:03,26.75,1150360,430,卖盘
523,09:56:06,26.76,468156,175,中性盘
524,09:56:09,26.77,454837,170,买盘
525,09:56:12,26.75,195304,73,中性盘
526,09:56:15,26.75,489557,183,卖盘
527,09:56:18,26.75,401324,150,卖盘
528,09:56:21,26.75,778679,291,卖盘
529,09:56:24,26.75,1109798,415,买盘
530,09:56:27,26.74,345015,129,卖盘
531,09:56:30,26.74,5650811,2114,卖盘
532,09:56:33,26.75,373738,140,买盘
533,09:56:36,26.74,468643,175,卖盘
534,09:56:39,26.73,1090359,408,卖盘
535,09:56:42,26.73,296847,111,卖盘
536,09:56:45,26.73,213850,80,卖盘
537,09:56:48,26.71,160326,60,卖盘
538,09:56:51,26.71,2141689,802,卖盘
539,09:56:54,26.7,496728,186,卖盘
540,09:56:57,26.71,1324893,496,买盘
541,09:57:00,26.71,566346,212,卖盘
542,09:57:03,26.74,1561153,584,买盘
543,09:57:06,26.75,1054425,394,卖盘
544,09:57:09,26.75,1163286,435,买盘
545,09:57:12,26.81,575246,215,买盘
546,09:57:15,26.75,168573,63,中性盘
547,09:57:18,26.76,1086254,406,中性盘
548,09:57:21,26.76,227599,85,卖盘
549,09:57:24,26.76,1830805,684,卖盘
550,09:57:27,26.76,342649,128,卖盘
551,09:57:30,26.81,792529,296,买盘
552,09:57:33,26.81,399011,149,买盘
553,09:57:36,26.81,496099,185,卖盘
554,09:57:39,26.84,1674059,625,买盘
555,09:57:42,26.85,786538,293,买盘
556,09:57:45,26.87,295583,110,中性盘
557,09:57:48,26.88,478521,178,买盘
558,09:57:51,26.87,392539,146,卖盘
559,09:57:54,26.9,585926,218,买盘
560,09:57:57,26.89,166715,62,卖盘
561,09:58:00,26.89,126371,47,卖盘
562,09:58:03,26.89,306634,114,卖盘
563,09:58:06,26.91,384640,143,买盘
564,09:58:09,26.89,446253,166,卖盘
565,09:58:12,26.9,56477,21,买盘
566,09:58:15,26.86,34947,13,卖盘
567,09:58:18,26.9,163981,61,买盘
568,09:58:21,26.86,459340,171,卖盘
569,09:58:24,26.85,897682,334,卖盘
570,09:58:27,26.86,185458,69,买盘
571,09:58:30,26.88,290262,108,中性盘
572,09:58:33,26.85,317150,118,卖盘
573,09:58:36,26.85,295709,110,卖盘
574,09:58:39,26.85,252473,94,卖盘
575,09:58:42,26.85,360061,134,卖盘
576,09:58:45,26.86,185304,69,卖盘
577,09:58:48,26.85,451171,168,中性盘
578,09:58:51,26.85,99318,37,买盘
579,09:58:54,26.83,314031,117,卖盘
580,09:58:57,26.83,281652,105,卖盘
581,09:59:00,26.84,295030,110,买盘
582,09:59:03,26.82,383351,143,中性盘
583,09:59:06,26.81,109936,41,中性盘
584,09:59:09,26.8,292149,109,卖盘
585,09:59:12,26.84,1084262,404,买盘
586,09:59:15,26.8,380942,142,卖盘
587,09:59:18,26.8,405194,151,卖盘
588,09:59:21,26.86,687171,256,买盘
589,09:59:24,26.88,319754,119,买盘
590,09:59:27,26.88,405746,151,买盘
591,09:59:30,26.89,274226,102,买盘
592,09:59:33,26.86,161328,60,卖盘
593,09:59:36,26.89,330747,123,中性盘
594,09:59:39,26.86,422210,157,卖盘
595,09:59:42,26.85,301020,112,卖盘
596,09:59:45,26.84,188048,70,卖盘
597,09:59:48,26.84,160001,60,卖盘
598,09:59:51,26.88,110127,41,买盘
599,09:59:54,26.86,120876,45,中性盘
600,09:59:57,26.85,99376,37,卖盘
601,10:00:00,26.85,115438,43,买盘
602,10:00:03,26.84,228116,85,卖盘
603,10:00:06,26.83,67093,25,中性盘
604,10:00:09,26.84,177048,66,买盘
605,10:00:12,26.81,413063,154,卖盘
606,10:00:15,26.83,238663,89,中性盘
607,10:00:18,26.84,909112,339,买盘
608,10:00:21,26.85,509912,190,买盘
609,10:00:24,26.82,166289,62,卖盘
610,10:00:27,26.82,107242,40,买盘
611,10:00:30,26.83,461387,172,买盘
612,10:00:33,26.81,1003644,374,卖盘
613,10:00:36,26.83,147485,55,中性盘
614,10:00:39,26.82,182377,68,卖盘
615,10:00:42,26.8,182334,68,卖盘
616,10:00:45,26.82,235993,88,买盘
617,10:00:48,26.75,692097,258,卖盘
618,10:00:51,26.8,74997,28,买盘
619,10:00:54,26.75,192600,72,卖盘
620,10:00:57,26.75,123071,46,卖盘
621,10:01:00,26.75,128412,48,卖盘
622,10:01:03,26.75,690091,258,卖盘
623,10:01:06,26.75,355902,133,卖盘
624,10:01:09,26.8,321437,120,买盘
625,10:01:12,26.78,1309956,489,中性盘
626,10:01:15,26.75,345502,129,卖盘
627,10:01:18,26.78,50887,19,中性盘
628,10:01:21,26.75,157959,59,卖盘
629,10:01:24,26.75,72229,27,卖盘
630,10:01:27,26.75,222048,83,卖盘
631,10:01:30,26.76,251532,94,卖盘
632,10:01:33,26.75,275588,103,卖盘
633,10:01:36,26.76,503060,188,买盘
634,10:01:39,26.76,289021,108,卖盘
635,10:01:42,26.75,256954,96,卖盘
636,10:01:45,26.76,133770,50,中性盘
637,10:01:48,26.76,32109,12,买盘
638,10:01:51,26.73,1096688,410,卖盘
639,10:01:54,26.76,500211,187,买盘
640,10:01:57,26.75,521710,195,卖盘
641,10:02:00,26.76,304587,114,卖盘
642,10:02:03,26.77,82978,31,卖盘
643,10:02:06,26.76,99012,37,卖盘
644,10:02:09,26.76,390799,146,卖盘
645,10:02:12,26.76,406764,152,卖盘
646,10:02:15,26.76,131115,49,买盘
647,10:02:18,26.75,205972,77,买盘
648,10:02:21,26.75,361080,135,买盘
649,10:02:24,26.75,473478,177,买盘
650,10:02:27,26.8,1073531,401,买盘
651,10:02:30,26.8,369784,138,买盘
652,10:02:33,26.75,278363,104,卖盘
653,10:02:36,26.76,50884,19,中性盘
654,10:02:39,26.77,253357,95,卖盘
655,10:02:42,26.76,251763,94,卖盘
656,10:02:45,26.8,147352,55,中性盘
657,10:02:48,26.8,289607,108,卖盘
658,10:02:51,26.8,259922,97,卖盘
659,10:02:54,26.76,562454,210,卖盘
660,10:02:57,26.77,208811,78,卖盘
661,10:03:00,26.78,340066,127,买盘
662,10:03:03,26.76,216821,81,卖盘
663,10:03:06,26.76,305164,114,卖盘
664,10:03:09,26.76,190093,71,卖盘
665,10:03:12,26.75,1790766,669,卖盘
666,10:03:15,26.75,90930,34,买盘
667,10:03:18,26.74,299508,112,卖盘
668,10:03:21,26.74,40115,15,卖盘
669,10:03:24,26.73,270040,101,卖盘
670,10:03:27,26.73,537343,201,卖盘
671,10:03:30,26.71,577152,216,卖盘
672,10:03:33,26.7,913503,342,卖盘
673,10:03:36,26.7,331104,124,卖盘
674,10:03:39,26.7,1999838,749,卖盘
675,10:03:42,26.69,488454,183,卖盘
676,10:03:45,26.68,493754,185,卖盘
677,10:03:48,26.68,787091,295,卖盘
678,10:03:51,26.67,896435,336,卖盘
679,10:03:54,26.67,370733,139,卖盘
680,10:03:57,26.67,1271941,477,卖盘
681,10:04:00,26.67,1077349,404,买盘
682,10:04:03,26.67,1698226,637,买盘
683,10:04:06,26.7,2094178,785,买盘
684,10:04:09,26.77,2186511,818,买盘
685,10:04:12,26.82,832921,311,买盘
686,10:04:15,26.78,428519,160,卖盘
687,10:04:18,26.82,354009,132,中性盘
688,10:04:21,26.8,284011,106,卖盘
689,10:04:24,26.8,64353,24,卖盘
690,10:04:27,26.78,133930,50,卖盘
691,10:04:30,26.77,115099,43,卖盘
692,10:04:33,26.8,720259,269,买盘
693,10:04:36,26.79,136562,51,买盘
694,10:04:39,26.78,123247,46,卖盘
695,10:04:42,26.78,425847,159,买盘
696,10:04:45,26.78,674725,252,买盘
697,10:04:48,26.77,511375,191,卖盘
698,10:04:51,26.77,58892,22,买盘
699,10:04:54,26.77,163291,61,买盘
700,10:04:57,26.76,254265,95,卖盘
701,10:05:00,26.76,345149,129,买盘
702,10:05:03,26.74,157847,59,中性盘
703,10:05:06,26.74,101649,38,卖盘
704,10:05:09,26.74,245925,92,买盘
705,10:05:12,26.72,189757,71,卖盘
706,10:05:15,26.73,112192,42,买盘
707,10:05:18,26.7,539585,202,卖盘
708,10:05:21,26.7,259042,97,卖盘
709,10:05:24,26.71,267033,100,买盘
710,10:05:27,26.71,357914,134,买盘
711,10:05:30,26.71,112185,42,卖盘
712,10:05:33,26.71,315239,118,卖盘
713,10:05:36,26.72,1175807,440,卖盘
714,10:05:39,26.73,725421,271,买盘
715,10:05:42,26.73,26730,10,卖盘
716,10:05:45,26.73,1768300,661,卖盘
717,10:05:48,26.74,869138,325,卖盘
718,10:05:51,26.75,558828,209,买盘
719,10:05:54,26.75,470815,176,卖盘
720,10:05:57,26.75,811892,303,卖盘
721,10:06:00,26.76,235422,88,中性盘
722,10:06:03,26.75,620640,232,卖盘
723,10:06:06,26.75,272810,102,买盘
724,10:06:09,26.74,262188,98,卖盘
725,10:06:12,26.77,334501,125,买盘
726,10:06:15,26.75,602283,225,卖盘
727,10:06:18,26.75,10712,4,卖盘
728,10:06:21,26.75,40125,15,卖盘
729,10:06:24,26.76,139114,52,卖盘
730,10:06:27,26.77,369238,138,买盘
731,10:06:30,26.76,500231,187,中性盘
732,10:06:33,26.76,567909,212,中性盘
733,10:06:36,26.77,58866,22,买盘
734,10:06:39,26.77,74947,28,卖盘
735,10:06:42,26.77,179401,67,卖盘
736,10:06:45,26.77,66945,25,卖盘
737,10:06:48,26.77,48186,18,买盘
738,10:06:51,26.79,267658,100,买盘
739,10:06:54,26.79,72313,27,买盘
740,10:06:57,26.78,463138,173,中性盘
741,10:07:00,26.77,101722,38,卖盘
742,10:07:03,26.77,355958,133,买盘
743,10:07:06,26.76,184705,69,卖盘
744,10:07:09,26.77,235496,88,买盘
745,10:07:12,26.76,42828,16,卖盘
746,10:07:15,26.77,794665,297,买盘
747,10:07:18,26.76,90983,34,中性盘
748,10:07:21,26.77,294381,110,买盘
749,10:07:24,26.75,168576,63,卖盘
750,10:07:27,26.75,371845,139,卖盘
751,10:07:30,26.75,58866,22,卖盘
752,10:07:33,26.75,345075,129,卖盘
753,10:07:36,26.73,133711,50,卖盘
754,10:07:39,26.74,85573,32,买盘
755,10:07:42,26.73,37431,14,卖盘
756,10:07:45,26.73,347513,130,卖盘
757,10:07:48,26.73,595788,223,买盘
758,10:07:51,26.72,69479,26,中性盘
759,10:07:54,26.73,336791,126,买盘
760,10:07:57,26.73,237795,89,卖盘
761,10:08:00,26.73,521074,195,买盘
762,10:08:03,26.73,112268,42,卖盘
763,10:08:06,26.71,510322,191,卖盘
764,10:08:09,26.71,1170595,438,卖盘
765,10:08:12,26.7,518123,194,卖盘
766,10:08:15,26.7,2852745,1068,卖盘
767,10:08:18,26.76,491786,184,买盘
768,10:08:21,26.71,288852,108,卖盘
769,10:08:24,26.73,106854,40,买盘
770,10:08:27,26.71,400672,150,卖盘
771,10:08:30,26.71,365947,137,卖盘
772,10:08:33,26.71,213689,80,买盘
773,10:08:36,26.71,187853,70,买盘
774,10:08:39,26.72,138910,52,中性盘
775,10:08:42,26.71,376616,141,卖盘
776,10:08:45,26.73,1071465,401,买盘
777,10:08:48,26.7,283135,106,卖盘
778,10:08:51,26.71,109486,41,买盘
779,10:08:54,26.7,795703,298,卖盘
780,10:08:57,26.71,504700,189,买盘
781,10:09:00,26.71,2119409,794,买盘
782,10:09:03,26.68,464390,174,卖盘
783,10:09:06,26.7,424605,159,买盘
784,10:09:09,26.79,1807882,676,买盘
785,10:09:12,27.01,6761239,2511,买盘
786,10:09:15,27.03,698481,258,中性盘
787,10:09:18,27.11,1287753,474,中性盘
788,10:09:21,27.21,1088040,400,买盘
789,10:09:24,27.2,1727334,635,中性盘
790,10:09:27,27.2,133314,49,买盘
791,10:09:30,27.08,799040,294,中性盘
792,10:09:33,27.2,293689,108,买盘
793,10:09:36,27.2,510576,188,买盘
794,10:09:39,27.1,846123,312,中性盘
795,10:09:42,27.06,84004,31,卖盘
796,10:09:45,27.08,202953,75,买盘
797,10:09:48,27.12,178777,66,买盘
798,10:09:51,27.13,1612829,595,买盘
799,10:09:54,27.13,523382,193,卖盘
800,10:09:57,27.06,535958,198,卖盘
801,10:10:00,27.06,248892,92,买盘
802,10:10:03,27.01,831275,307,卖盘
803,10:10:06,27.05,83846,31,买盘
804,10:10:09,27.06,397622,147,中性盘
805,10:10:12,27.06,159670,59,卖盘
806,10:10:15,27.06,1161030,429,卖盘
807,10:10:18,27.06,392327,145,买盘
808,10:10:21,27.05,164945,61,卖盘
809,10:10:24,27.04,70329,26,中性盘
810,10:10:27,27.04,297319,110,买盘
811,10:10:30,27.02,208110,77,卖盘
812,10:10:33,27.0,388948,144,卖盘
813,10:10:36,26.97,256400,95,卖盘
814,10:10:39,26.98,142949,53,买盘
815,10:10:42,26.98,161762,60,买盘
816,10:10:45,26.95,239759,89,卖盘
817,10:10:48,26.95,350487,130,卖盘
818,10:10:51,26.95,99710,37,买盘
819,10:10:54,26.96,242519,90,买盘
820,10:10:57,26.97,366684,136,买盘
821,10:11:00,27.0,515543,191,买盘
822,10:11:03,26.98,129554,48,卖盘
823,10:11:06,27.02,72913,27,买盘
824,10:11:09,27.04,235161,87,买盘
825,10:11:12,27.04,16224,6,买盘
826,10:11:15,27.04,362418,134,卖盘
827,10:11:18,27.06,343402,127,买盘
828,10:11:21,27.05,37883,14,卖盘
829,10:11:24,27.06,405890,150,买盘
830,10:11:27,27.06,478926,177,买盘
831,10:11:30,27.06,576217,213,买盘
832,10:11:33,27.08,782316,289,买盘
833,10:11:36,27.11,1159913,428,买盘
834,10:11:39,27.11,62364,23,中性盘
835,10:11:42,27.12,211526,78,买盘
836,10:11:45,27.11,561610,207,卖盘
837,10:11:48,27.18,1627859,599,买盘
838,10:11:51,27.19,239243,88,买盘
839,10:11:54,27.2,535638,197,买盘
840,10:11:57,27.17,1470166,541,卖盘
841,10:12:00,27.17,1288646,474,买盘
842,10:12:03,27.12,1010570,372,卖盘
843,10:12:06,27.16,355551,131,买盘
844,10:12:09,27.12,141069,52,中性盘
845,10:12:12,27.1,567049,209,卖盘
846,10:12:15,27.09,479777,177,卖盘
847,10:12:18,27.12,54205,20,买盘
848,10:12:21,27.1,176105,65,卖盘
849,10:12:24,27.09,400887,148,卖盘
850,10:12:27,27.08,37912,14,中性盘
851,10:12:30,27.06,435909,161,卖盘
852,10:12:33,27.13,1227639,453,买盘
853,10:12:36,27.11,1008775,372,卖盘
854,10:12:39,27.12,116650,43,中性盘
855,10:12:42,27.12,97616,36,买盘
856,10:12:45,27.13,417670,154,买盘
857,10:12:48,27.18,716998,264,买盘
858,10:12:51,27.14,315009,116,卖盘
859,10:12:54,27.18,350189,129,中性盘
860,10:12:57,27.17,67925,25,中性盘
861,10:13:00,27.18,51641,19,买盘
862,10:13:03,27.16,201017,74,卖盘
863,10:13:06,27.15,149403,55,卖盘
864,10:13:09,27.16,141212,52,买盘
865,10:13:12,27.15,124919,46,卖盘
866,10:13:15,27.11,252415,93,卖盘
867,10:13:18,27.11,35270,13,卖盘
868,10:13:21,27.12,56963,21,中性盘
869,10:13:24,27.13,176330,65,买盘
870,10:13:27,27.14,81383,30,买盘
871,10:13:30,27.13,415221,153,卖盘
872,10:13:33,27.13,151935,56,卖盘
873,10:13:36,27.13,1091000,402,卖盘
874,10:13:39,27.12,111223,41,卖盘
875,10:13:42,27.13,230508,85,买盘
876,10:13:45,27.1,138279,51,卖盘
877,10:13:48,27.11,227777,84,中性盘
878,10:13:51,27.11,138275,51,买盘
879,10:13:54,27.11,227753,84,卖盘
880,10:13:57,27.1,384959,142,卖盘
881,10:14:00,27.11,197887,73,买盘
882,10:14:03,27.1,225033,83,卖盘
883,10:14:06,27.11,826669,305,中性盘
884,10:14:09,27.1,208710,77,卖盘
885,10:14:12,27.1,1010830,373,卖盘
886,10:14:15,27.1,154454,57,买盘
887,10:14:18,27.1,119211,44,买盘
888,10:14:21,27.09,327782,121,买盘
889,10:14:24,27.08,119153,44,卖盘
890,10:14:27,27.08,200392,74,卖盘
891,10:14:30,27.08,21661,8,买盘
892,10:14:33,27.08,159740,59,买盘
893,10:14:36,27.08,227455,84,买盘
894,10:14:39,27.07,51431,19,中性盘
895,10:14:42,27.08,365558,135,买盘
896,10:14:45,27.08,176000,65,卖盘
897,10:14:48,27.06,725619,268,卖盘
898,10:14:51,27.07,262576,97,买盘
899,10:14:54,27.07,178674,66,卖盘
900,10:14:57,27.07,205763,76,卖盘
901,10:15:00,27.08,192223,71,中性盘
902,10:15:03,27.09,338518,125,买盘
903,10:15:06,27.07,56878,21,卖盘
904,10:15:09,27.07,130000,48,卖盘
905,10:15:12,27.07,135353,50,卖盘
906,10:15:15,27.04,1614421,597,卖盘
907,10:15:18,27.04,770166,285,买盘
908,10:15:21,27.0,13500,5,卖盘
909,10:15:24,27.0,378236,140,卖盘
910,10:15:27,27.01,54025,20,中性盘
911,10:15:30,27.0,83700,31,卖盘
912,10:15:33,27.0,216000,80,买盘
913,10:15:36,26.98,83662,31,卖盘
914,10:15:39,26.97,72830,27,卖盘
915,10:15:42,27.0,385969,143,买盘
916,10:15:45,26.97,380229,141,卖盘
917,10:15:48,26.97,26957,10,买盘
918,10:15:51,26.95,140197,52,中性盘
919,10:15:54,26.97,148275,55,买盘
920,10:15:57,26.97,16182,6,卖盘
921,10:16:00,26.97,285990,106,卖盘
922,10:16:03,26.97,37760,14,卖盘
923,10:16:06,27.0,45853,17,买盘
924,10:16:09,26.99,62078,23,买盘
925,10:16:12,27.0,48586,18,买盘
926,10:16:15,27.0,186300,69,买盘
927,10:16:18,26.99,116088,43,卖盘
928,10:16:21,27.01,453539,168,买盘
929,10:16:24,27.01,118802,44,买盘
930,10:16:27,27.01,27010,10,买盘
931,10:16:30,27.0,70222,26,卖盘
932,10:16:33,27.01,108084,40,中性盘
933,10:16:36,27.01,59442,22,卖盘
934,10:16:39,27.01,148692,55,卖盘
935,10:16:42,27.05,45971,17,买盘
936,10:16:45,27.05,502934,186,卖盘
937,10:16:48,27.05,357136,132,卖盘
938,10:16:51,27.07,146178,54,买盘
939,10:16:54,27.06,173247,64,卖盘
940,10:16:57,27.07,343764,127,买盘
941,10:17:00,27.1,647275,239,买盘
942,10:17:03,27.12,216928,80,买盘
943,10:17:06,27.1,235779,87,中性盘
944,10:17:09,27.12,73198,27,买盘
945,10:17:12,27.13,132932,49,买盘
946,10:17:15,27.15,35271,13,买盘
947,10:17:18,27.18,872107,321,买盘
948,10:17:21,27.19,301773,111,买盘
949,10:17:24,27.19,111485,41,买盘
950,10:17:27,27.19,527647,194,卖盘
951,10:17:30,27.2,388951,143,买盘
952,10:17:33,27.21,43525,16,买盘
953,10:17:36,27.22,405551,149,买盘
954,10:17:39,27.2,1362961,501,卖盘
955,10:17:42,27.21,1235995,454,中性盘
956,10:17:45,27.19,1084632,399,中性盘
957,10:17:48,27.21,353628,130,买盘
958,10:17:51,27.19,657271,242,卖盘
959,10:17:54,27.16,222706,82,中性盘
960,10:17:57,27.16,97752,36,买盘
961,10:18:00,27.15,103179,38,买盘
962,10:18:03,27.16,192790,71,买盘
963,10:18:06,27.15,105903,39,卖盘
964,10:18:09,27.19,564992,208,买盘
965,10:18:12,27.19,152147,56,买盘
966,10:18:15,27.19,89699,33,卖盘
967,10:18:18,27.19,396938,146,买盘
968,10:18:21,27.19,630986,232,卖盘
969,10:18:24,27.19,383537,141,卖盘
970,10:18:27,27.19,299140,110,卖盘
971,10:18:30,27.2,739607,272,中性盘
972,10:18:33,27.19,203890,75,中性盘
973,10:18:36,27.12,141100,52,卖盘
974,10:18:39,27.13,203332,75,买盘
975,10:18:42,27.11,474278,175,中性盘
976,10:18:45,27.11,157181,58,买盘
977,10:18:48,27.11,2411256,888,买盘
978,10:18:51,27.1,108500,40,卖盘
979,10:18:54,27.11,200762,74,卖盘
980,10:18:57,27.11,35234,13,买盘
981,10:19:00,27.11,433655,160,买盘
982,10:19:03,27.06,1053031,389,卖盘
983,10:19:06,27.03,124470,46,卖盘
984,10:19:09,27.06,172919,64,中性盘
985,10:19:12,27.07,2420076,890,中性盘
986,10:19:15,27.11,260016,96,中性盘
987,10:19:18,27.16,65116,24,买盘
988,10:19:21,27.16,149413,55,卖盘
989,10:19:24,27.18,114094,42,卖盘
990,10:19:27,27.19,59788,22,买盘
991,10:19:30,27.21,263856,97,买盘
992,10:19:33,27.23,865367,318,买盘
993,10:19:36,27.24,106198,39,买盘
994,10:19:39,27.24,130748,48,买盘
995,10:19:42,27.25,781869,287,买盘
996,10:19:45,27.23,2049921,753,卖盘
997,10:19:48,27.24,705426,259,买盘
998,10:19:51,27.23,343103,126,买盘
999,10:19:54,27.23,392104,144,买盘
1000,10:19:57,27.23,122535,45,买盘
1001,10:20:00,27.23,479071,176,买盘
1002,10:20:03,27.24,1533069,563,买盘
1003,10:20:06,27.2,114186,42,买盘
1004,10:20:09,27.2,32631,12,买盘
1005,10:20:12,27.18,255596,94,卖盘
1006,10:20:15,27.19,242065,89,中性盘
1007,10:20:18,27.2,122477,45,卖盘
1008,10:20:21,27.2,296498,109,中性盘
1009,10:20:24,27.2,146906,54,卖盘
1010,10:20:27,27.22,321000,118,中性盘
1011,10:20:30,27.23,182407,67,买盘
1012,10:20:33,27.23,65327,24,买盘
1013,10:20:36,27.22,59844,22,中性盘
1014,10:20:39,27.2,87040,32,卖盘
1015,10:20:42,27.25,1413403,519,买盘
1016,10:20:45,27.23,389326,143,中性盘
1017,10:20:48,27.24,348391,128,中性盘
1018,10:20:51,27.25,771046,283,买盘
1019,10:20:54,27.24,136188,50,卖盘
1020,10:20:57,27.25,198829,73,买盘
1021,10:21:00,27.23,307875,113,卖盘
1022,10:21:03,27.24,237016,87,买盘
1023,10:21:06,27.24,155276,57,买盘
1024,10:21:09,27.24,16344,6,卖盘
1025,10:21:12,27.25,433228,159,买盘
1026,10:21:15,27.22,1811149,665,卖盘
1027,10:21:18,27.22,27220,10,买盘
1028,10:21:21,27.22,410857,151,买盘
1029,10:21:24,27.21,250287,92,卖盘
1030,10:21:27,27.2,489856,180,卖盘
1031,10:21:30,27.2,386203,142,卖盘
1032,10:21:33,27.2,67996,25,买盘
1033,10:21:36,27.2,272019,100,买盘
1034,10:21:39,27.21,136040,50,中性盘
1035,10:21:42,27.22,214965,79,买盘
1036,10:21:45,27.22,816901,300,买盘
1037,10:21:48,27.21,201502,74,卖盘
1038,10:21:51,27.22,114404,42,卖盘
1039,10:21:54,27.22,291368,107,卖盘
1040,10:21:57,27.21,195948,72,卖盘
1041,10:22:00,27.22,798514,293,买盘
1042,10:22:03,27.22,68050,25,卖盘
1043,10:22:06,27.22,65318,24,买盘
1044,10:22:09,27.22,57164,21,卖盘
1045,10:22:12,27.22,46274,17,卖盘
1046,10:22:15,27.2,65313,24,卖盘
1047,10:22:18,27.21,179535,66,买盘
1048,10:22:21,27.2,111542,41,中性盘
1049,10:22:24,27.21,280251,103,买盘
1050,10:22:27,27.2,111552,41,卖盘
1051,10:22:30,27.19,193082,71,卖盘
1052,10:22:33,27.2,209343,77,买盘
1053,10:22:36,27.18,546349,201,卖盘
1054,10:22:39,27.18,220205,81,卖盘
1055,10:22:42,27.18,304411,112,卖盘
1056,10:22:45,27.18,84244,31,买盘
1057,10:22:48,27.17,157585,58,卖盘
1058,10:22:51,27.16,35318,13,卖盘
1059,10:22:54,27.12,18987,7,卖盘
1060,10:22:57,27.12,113917,42,卖盘
1061,10:23:00,27.12,246717,91,买盘
1062,10:23:03,27.11,610053,225,中性盘
1063,10:23:06,27.12,647675,239,中性盘
1064,10:23:09,27.15,119329,44,中性盘
1065,10:23:12,27.12,488513,180,卖盘
1066,10:23:15,27.1,176276,65,卖盘
1067,10:23:18,27.15,556886,205,买盘
1068,10:23:21,27.13,95033,35,卖盘
1069,10:23:24,27.13,32264,12,卖盘
1070,10:23:27,27.13,119283,44,买盘
1071,10:23:30,27.13,40695,15,买盘
1072,10:23:33,27.14,106129,39,买盘
1073,10:23:36,27.11,276354,102,卖盘
1074,10:23:39,27.15,211789,78,买盘
1075,10:23:42,27.11,127503,47,卖盘
1076,10:23:48,27.11,81433,30,卖盘
1077,10:23:51,27.14,35248,13,中性盘
1078,10:23:54,27.11,116573,43,卖盘
1079,10:23:57,27.11,54220,20,卖盘
1080,10:24:00,27.11,214335,79,卖盘
1081,10:24:03,27.13,62369,23,中性盘
1082,10:24:06,27.11,29833,11,卖盘
1083,10:24:09,27.11,40667,15,卖盘
1084,10:24:12,27.13,149219,55,买盘
1085,10:24:15,27.11,119321,44,卖盘
1086,10:24:18,27.11,436722,161,卖盘
1087,10:24:21,27.11,16268,6,卖盘
1088,10:24:24,27.11,135555,50,卖盘
1089,10:24:27,27.12,62376,23,买盘
1090,10:24:30,27.12,51532,19,卖盘
1091,10:24:33,27.11,175948,65,卖盘
1092,10:24:36,27.1,412073,152,卖盘
1093,10:24:39,27.11,54212,20,中性盘
1094,10:24:42,27.12,48783,18,买盘
1095,10:24:45,27.12,157242,58,买盘
1096,10:24:48,27.11,43377,16,卖盘
1097,10:24:51,27.1,273781,101,卖盘
1098,10:24:54,27.1,94860,35,卖盘
1099,10:24:57,27.1,94858,35,卖盘
1100,10:25:00,27.1,151753,56,卖盘
1101,10:25:03,27.09,100245,37,卖盘
1102,10:25:06,27.08,297965,110,卖盘
1103,10:25:12,27.08,40620,15,卖盘
1104,10:25:15,27.06,159715,59,卖盘
1105,10:25:18,27.06,10824,4,卖盘
1106,10:25:21,27.05,140709,52,卖盘
1107,10:25:24,27.06,5412,2,买盘
1108,10:25:27,27.05,86560,32,卖盘
1109,10:25:30,27.05,181235,67,卖盘
1110,10:25:33,27.05,27047,10,买盘
1111,10:25:36,27.05,365111,135,买盘
1112,10:25:39,27.04,189308,70,卖盘
1113,10:25:45,27.04,29734,11,买盘
1114,10:25:48,27.03,413640,153,卖盘
1115,10:25:51,27.03,45946,17,买盘
1116,10:25:54,27.02,48648,18,卖盘
1117,10:25:57,27.02,21620,8,卖盘
1118,10:26:00,27.02,775523,287,卖盘
1119,10:26:03,27.02,64866,24,买盘
1120,10:26:06,27.01,656493,243,卖盘
1121,10:26:09,26.99,901826,334,卖盘
1122,10:26:12,27.0,229494,85,买盘
1123,10:26:15,26.98,442641,164,卖盘
1124,10:26:18,26.99,137649,51,买盘
1125,10:26:21,26.97,102522,38,卖盘
1126,10:26:24,26.97,113274,42,卖盘
1127,10:26:27,26.95,226398,84,卖盘
1128,10:26:30,26.94,102407,38,卖盘
1129,10:26:33,26.91,83437,31,卖盘
1130,10:26:36,26.92,148053,55,中性盘
1131,10:26:39,26.91,102309,38,卖盘
1132,10:26:42,26.91,121131,45,卖盘
1133,10:26:45,26.94,48495,18,买盘
1134,10:26:48,26.94,180460,67,卖盘
1135,10:26:51,26.93,193934,72,卖盘
1136,10:26:54,26.93,35013,13,卖盘
1137,10:26:57,26.93,29630,11,卖盘
1138,10:27:00,26.93,1209577,449,卖盘
1139,10:27:03,26.93,94270,35,卖盘
1140,10:27:06,26.93,255850,95,卖盘
1141,10:27:09,26.93,282694,105,卖盘
1142,10:27:12,26.93,78108,29,卖盘
1143,10:27:15,26.93,83483,31,买盘
1144,10:27:18,26.94,352839,131,买盘
1145,10:27:21,26.94,1126519,418,买盘
1146,10:27:24,26.94,339424,126,卖盘
1147,10:27:27,26.95,8086,3,卖盘
1148,10:27:30,26.97,88948,33,买盘
1149,10:27:33,26.98,67381,25,买盘
1150,10:27:36,26.96,175303,65,卖盘
1151,10:27:39,26.96,237251,88,买盘
1152,10:27:42,26.98,221183,82,买盘
1153,10:27:45,26.96,35058,13,卖盘
1154,10:27:48,26.95,304581,113,卖盘
1155,10:27:51,26.95,32340,12,买盘
1156,10:27:54,26.95,773312,287,买盘
1157,10:27:57,26.96,16176,6,卖盘
1158,10:28:00,27.0,350845,130,买盘
1159,10:28:03,27.0,453732,168,买盘
1160,10:28:06,27.05,94557,35,买盘
1161,10:28:09,27.04,21616,8,中性盘
1162,10:28:12,27.04,289238,107,买盘
1163,10:28:15,27.04,62192,23,买盘
1164,10:28:18,27.04,48656,18,买盘
1165,10:28:21,27.02,221763,82,卖盘
1166,10:28:24,27.02,62199,23,卖盘
1167,10:28:27,27.04,102737,38,买盘
1168,10:28:30,27.04,45969,17,卖盘
1169,10:28:33,27.05,108165,40,买盘
1170,10:28:36,27.05,81113,30,买盘
1171,10:28:39,27.02,464818,172,卖盘
1172,10:28:42,27.04,54075,20,买盘
1173,10:28:45,27.02,86493,32,卖盘
1174,10:28:48,27.03,16218,6,中性盘
1175,10:28:51,27.01,94571,35,卖盘
1176,10:28:54,27.01,243162,90,卖盘
1177,10:28:57,27.01,108040,40,买盘
1178,10:29:00,27.01,143114,53,买盘
1179,10:29:03,27.0,364529,135,卖盘
1180,10:29:06,26.99,70192,26,卖盘
1181,10:29:09,27.0,59400,22,买盘
1182,10:29:12,26.99,51283,19,卖盘
1183,10:29:15,27.0,83670,31,买盘
1184,10:29:18,26.99,129552,48,买盘
1185,10:29:21,26.98,56663,21,卖盘
1186,10:29:24,26.98,16188,6,买盘
1187,10:29:27,26.98,56647,21,买盘
1188,10:29:30,26.98,91729,34,买盘
1189,10:29:33,26.98,180765,67,买盘
1190,10:29:36,26.96,86302,32,卖盘
1191,10:29:39,26.98,94430,35,买盘
1192,10:29:42,26.97,29667,11,买盘
1193,10:29:45,26.96,213021,79,卖盘
1194,10:29:48,26.97,275012,102,买盘
1195,10:29:51,26.97,142941,53,卖盘
1196,10:29:54,26.98,113303,42,买盘
1197,10:29:57,26.98,32376,12,卖盘
1198,10:30:00,26.96,768568,285,卖盘
1199,10:30:03,26.96,37744,14,买盘
1200,10:30:06,26.96,94361,35,买盘
1201,10:30:09,26.97,199508,74,中性盘
1202,10:30:12,26.97,78219,29,卖盘
1203,10:30:15,26.99,132168,49,买盘
1204,10:30:18,27.01,461374,171,买盘
1205,10:30:21,27.01,167360,62,买盘
1206,10:30:24,26.99,86374,32,中性盘
1207,10:30:27,26.98,102536,38,卖盘
1208,10:30:30,26.98,43168,16,买盘
1209,10:30:33,26.97,124104,46,卖盘
1210,10:30:36,26.98,37772,14,买盘
1211,10:30:39,26.98,40470,15,买盘
1212,10:30:42,26.98,194248,72,买盘
1213,10:30:45,26.97,439612,163,卖盘
1214,10:30:48,26.97,59334,22,买盘
1215,10:30:51,26.97,288489,107,买盘
1216,10:30:54,26.97,183392,68,买盘
1217,10:30:57,26.97,13485,5,买盘
1218,10:31:00,26.98,860608,319,买盘
1219,10:31:03,26.98,75539,28,买盘
1220,10:31:06,26.98,1119664,415,买盘
1221,10:31:09,26.97,132172,49,卖盘
1222,10:31:12,27.01,234898,87,买盘
1223,10:31:15,26.99,108023,40,卖盘
1224,10:31:18,26.98,64806,24,卖盘
1225,10:31:21,26.98,5396,2,卖盘
1226,10:31:24,26.98,67472,25,卖盘
1227,10:31:27,27.0,116028,43,买盘
1228,10:31:30,27.0,194390,72,买盘
1229,10:31:33,27.0,364475,135,卖盘
1230,10:31:36,26.99,59399,22,中性盘
1231,10:31:39,26.99,107992,40,卖盘
1232,10:31:42,27.01,372573,138,买盘
1233,10:31:45,27.0,99932,37,卖盘
1234,10:31:48,27.02,21616,8,买盘
1235,10:31:51,27.02,494466,183,卖盘
1236,10:31:54,27.03,224366,83,买盘
1237,10:31:57,27.05,486900,180,买盘
1238,10:32:00,27.05,67626,25,卖盘
1239,10:32:03,27.06,121881,45,买盘
1240,10:32:09,27.07,5414,2,卖盘
1241,10:32:12,27.07,138146,51,卖盘
1242,10:32:15,27.1,132664,49,买盘
1243,10:32:18,27.07,460026,170,中性盘
1244,10:32:21,27.06,13530,5,买盘
1245,10:32:24,27.03,537770,199,卖盘
1246,10:32:27,27.05,27050,10,买盘
1247,10:32:30,27.03,289449,107,中性盘
1248,10:32:33,27.0,264790,98,卖盘
1249,10:32:36,27.04,91936,34,买盘
1250,10:32:39,27.01,78381,29,卖盘
1251,10:32:42,27.03,78352,29,买盘
1252,10:32:45,26.98,215885,80,卖盘
1253,10:32:48,27.0,102586,38,中性盘
1254,10:32:51,26.99,116126,43,卖盘
1255,10:32:54,26.99,26990,10,买盘
1256,10:32:57,26.98,107960,40,卖盘
1257,10:33:00,26.99,323704,120,买盘
1258,10:33:03,26.98,148390,55,买盘
1259,10:33:06,26.96,466501,173,卖盘
1260,10:33:09,26.96,482584,179,卖盘
1261,10:33:12,26.96,1112919,413,卖盘
1262,10:33:15,26.94,75482,28,卖盘
1263,10:33:18,26.94,183266,68,卖盘
1264,10:33:21,26.94,204764,76,卖盘
1265,10:33:24,26.93,56573,21,卖盘
1266,10:33:27,26.93,633357,235,卖盘
1267,10:33:30,26.93,233997,87,卖盘
1268,10:33:33,26.94,116105,43,买盘
1269,10:33:36,26.92,236909,88,卖盘
1270,10:33:39,26.92,40388,15,卖盘
1271,10:33:42,26.95,501271,186,买盘
1272,10:33:45,26.95,43120,16,卖盘
1273,10:33:48,26.99,321050,119,买盘
1274,10:33:51,26.95,134762,50,卖盘
1275,10:33:54,26.98,59365,22,卖盘
1276,10:33:57,26.96,86316,32,卖盘
1277,10:34:00,26.95,334512,124,卖盘
1278,10:34:03,26.95,43120,16,买盘
1279,10:34:06,26.95,102381,38,买盘
1280,10:34:09,26.93,113111,42,卖盘
1281,10:34:12,26.92,218138,81,卖盘
1282,10:34:15,26.93,145462,54,中性盘
1283,10:34:18,26.92,75386,28,卖盘
1284,10:34:21,26.92,360432,134,卖盘
1285,10:34:24,26.92,132168,49,买盘
1286,10:34:27,26.94,56545,21,买盘
1287,10:34:30,26.93,40385,15,中性盘
1288,10:34:33,26.93,88869,33,卖盘
1289,10:34:36,26.93,331119,123,买盘
1290,10:34:39,26.93,134634,50,卖盘
1291,10:34:42,26.94,325918,121,买盘
1292,10:34:45,26.93,35001,13,中性盘
1293,10:34:48,26.93,83459,31,买盘
1294,10:34:51,26.96,571339,212,买盘
1295,10:34:54,26.96,126625,47,买盘
1296,10:34:57,26.98,32364,12,买盘
1297,10:35:00,26.93,307094,114,卖盘
1298,10:35:03,26.94,105038,39,买盘
1299,10:35:06,26.92,420071,156,卖盘
1300,10:35:09,26.92,285355,106,卖盘
1301,10:35:12,26.92,83464,31,卖盘
1302,10:35:15,26.91,72677,27,卖盘
1303,10:35:18,26.91,2691,1,卖盘
1304,10:35:21,26.91,107650,40,卖盘
1305,10:35:24,26.91,148058,55,卖盘
1306,10:35:27,26.91,169588,63,卖盘
1307,10:35:30,26.91,121106,45,卖盘
1308,10:35:33,26.91,287962,107,卖盘
1309,10:35:36,26.91,166842,62,买盘
1310,10:35:39,26.89,1277739,475,卖盘
1311,10:35:42,26.88,586284,218,卖盘
1312,10:35:45,26.89,405924,151,中性盘
1313,10:35:48,26.87,40289,15,中性盘
1314,10:35:51,26.85,502087,187,卖盘
1315,10:35:54,26.87,295567,110,买盘
1316,10:35:57,26.86,153155,57,中性盘
1317,10:36:00,26.92,1564682,582,买盘
1318,10:36:03,27.0,379971,141,买盘
1319,10:36:06,27.0,124176,46,买盘
1320,10:36:09,27.0,112321,42,买盘
1321,10:36:12,27.03,24327,9,买盘
1322,10:36:15,27.01,102713,38,卖盘
1323,10:36:18,27.03,120573,45,中性盘
1324,10:36:21,27.04,259536,96,买盘
1325,10:36:24,27.05,220098,81,买盘
1326,10:36:27,27.03,13515,5,中性盘
1327,10:36:30,27.0,83705,31,卖盘
1328,10:36:33,27.01,180996,67,买盘
1329,10:36:36,27.0,53956,20,买盘
1330,10:36:39,27.0,396792,147,买盘
1331,10:36:42,27.0,304755,113,买盘
1332,10:36:45,27.0,348265,129,买盘
1333,10:36:48,27.0,153900,57,卖盘
1334,10:36:51,27.01,13505,5,买盘
1335,10:36:54,27.01,116143,43,卖盘
1336,10:36:57,27.01,213405,79,卖盘
1337,10:37:00,27.01,253887,94,买盘
1338,10:37:03,27.0,189027,70,卖盘
1339,10:37:06,27.01,167413,62,买盘
1340,10:37:09,27.0,442800,164,卖盘
1341,10:37:12,27.0,45900,17,买盘
1342,10:37:15,26.99,53987,20,卖盘
1343,10:37:18,26.99,294161,109,买盘
1344,10:37:21,26.98,8094,3,买盘
1345,10:37:27,26.95,29645,11,卖盘
1346,10:37:30,26.95,21564,8,卖盘
1347,10:37:33,26.95,37732,14,卖盘
1348,10:37:36,26.95,61991,23,卖盘
1349,10:37:39,26.95,35047,13,卖盘
1350,10:37:42,26.95,51205,19,买盘
1351,10:37:45,26.97,113194,42,买盘
1352,10:37:48,26.95,24261,9,卖盘
1353,10:37:51,26.97,177976,66,买盘
1354,10:37:54,26.95,113272,42,卖盘
1355,10:37:57,26.96,684612,254,中性盘
1356,10:38:00,26.99,391263,145,买盘
1357,10:38:03,26.99,129552,48,卖盘
1358,10:38:06,26.94,62007,23,卖盘
1359,10:38:09,26.97,48552,18,卖盘
1360,10:38:12,26.97,180718,67,卖盘
1361,10:38:15,26.97,8091,3,卖盘
1362,10:38:18,26.99,269812,100,买盘
1363,10:38:21,27.01,1277027,473,买盘
1364,10:38:24,27.0,89102,33,卖盘
1365,10:38:27,27.01,332223,123,买盘
1366,10:38:30,27.0,99900,37,卖盘
1367,10:38:33,27.0,21598,8,中性盘
1368,10:38:36,26.99,391526,145,卖盘
1369,10:38:39,27.0,189060,70,卖盘
1370,10:38:42,27.0,356525,132,卖盘
1371,10:38:45,27.01,40504,15,中性盘
1372,10:38:48,27.03,29709,11,买盘
1373,10:38:51,27.03,172855,64,买盘
1374,10:38:54,27.03,132442,49,买盘
1375,10:38:57,27.02,56722,21,中性盘
1376,10:39:00,27.03,54056,20,买盘
1377,10:39:03,27.03,151304,56,买盘
1378,10:39:06,27.02,110782,41,卖盘
1379,10:39:09,27.02,189133,70,买盘
1380,10:39:12,27.01,27010,10,卖盘
1381,10:39:15,27.02,324067,120,买盘
1382,10:39:18,27.02,191842,71,买盘
1383,10:39:21,27.02,21616,8,卖盘
1384,10:39:24,27.03,43240,16,买盘
1385,10:39:27,27.03,367538,136,买盘
1386,10:39:30,27.02,27024,10,卖盘
1387,10:39:33,27.02,275691,102,卖盘
1388,10:39:36,27.02,62146,23,买盘
1389,10:39:39,27.02,89146,33,买盘
1390,10:39:42,27.01,129648,48,卖盘
1391,10:39:45,27.0,32411,12,卖盘
1392,10:39:48,27.01,5402,2,买盘
1393,10:39:51,27.0,8100,3,卖盘
1394,10:39:54,27.0,75611,28,卖盘
1395,10:39:57,27.0,91830,34,卖盘
1396,10:40:00,27.0,116098,43,卖盘
1397,10:40:03,27.0,194400,72,买盘
1398,10:40:06,27.0,418461,155,买盘
1399,10:40:09,27.0,83700,31,买盘
1400,10:40:12,26.98,124110,46,卖盘
1401,10:40:15,27.0,132280,49,买盘
1402,10:40:18,27.0,78278,29,买盘
1403,10:40:24,26.98,107942,40,卖盘
1404,10:40:27,27.0,72875,27,买盘
1405,10:40:30,27.0,43200,16,买盘
1406,10:40:33,27.0,16200,6,买盘
1407,10:40:36,27.0,21598,8,买盘
1408,10:40:39,26.98,86340,32,卖盘
1409,10:40:42,26.98,26980,10,卖盘
1410,10:40:45,26.95,1043610,387,卖盘
1411,10:40:48,26.94,53886,20,卖盘
1412,10:40:51,26.91,586844,218,卖盘
1413,10:40:54,26.91,78104,29,卖盘
1414,10:40:57,26.93,26920,10,买盘
1415,10:41:00,26.91,26914,10,卖盘
1416,10:41:03,26.91,59219,22,卖盘
1417,10:41:06,26.91,137323,51,卖盘
1418,10:41:09,26.93,121159,45,买盘
1419,10:41:12,26.95,102372,38,买盘
1420,10:41:15,26.98,26980,10,买盘
1421,10:41:18,26.98,37750,14,买盘
1422,10:41:21,26.98,991219,368,买盘
1423,10:41:27,26.98,37762,14,买盘
1424,10:41:30,26.94,161805,60,卖盘
1425,10:41:33,26.93,86306,32,卖盘
1426,10:41:36,26.94,204713,76,卖盘
1427,10:41:39,26.93,8079,3,卖盘
1428,10:41:42,26.94,110474,41,买盘
1429,10:41:45,26.93,53865,20,卖盘
1430,10:41:48,26.94,180498,67,买盘
1431,10:41:51,26.94,118536,44,卖盘
1432,10:41:54,26.94,269404,100,卖盘
1433,10:41:57,26.94,78141,29,卖盘
1434,10:42:00,26.99,223940,83,买盘
1435,10:42:03,26.98,196825,73,中性盘
1436,10:42:06,26.99,8095,3,买盘
1437,10:42:09,26.98,8095,3,卖盘
1438,10:42:12,26.99,102561,38,买盘
1439,10:42:15,27.03,580695,215,买盘
1440,10:42:18,26.99,194457,72,卖盘
1441,10:42:21,27.0,32400,12,卖盘
1442,10:42:24,27.0,581301,215,买盘
1443,10:42:27,27.0,29703,11,卖盘
1444,10:42:30,27.05,224446,83,买盘
1445,10:42:33,27.07,366826,136,买盘
1446,10:42:36,27.09,37919,14,买盘
1447,10:42:39,27.1,105689,39,买盘
1448,10:42:42,27.1,238429,88,买盘
1449,10:42:45,27.09,170670,63,卖盘
1450,10:42:48,27.09,37926,14,买盘
1451,10:42:51,27.09,354862,131,买盘
1452,10:42:54,27.09,100227,37,买盘
1453,10:42:57,27.07,105594,39,卖盘
1454,10:43:00,27.08,56860,21,买盘
1455,10:43:03,27.07,67675,25,买盘
1456,10:43:06,27.07,62261,23,买盘
1457,10:43:09,27.07,16242,6,卖盘
1458,10:43:12,27.08,940292,347,买盘
1459,10:43:15,27.03,162361,60,卖盘
1460,10:43:18,27.07,29777,11,买盘
1461,10:43:21,27.06,378885,140,中性盘
1462,10:43:24,27.07,213759,79,买盘
1463,10:43:27,27.07,64971,24,卖盘
1464,10:43:30,27.08,113710,42,买盘
1465,10:43:33,27.07,373524,138,卖盘
1466,10:43:36,27.04,692389,256,中性盘
1467,10:43:39,27.03,108133,40,卖盘
1468,10:43:42,27.04,102710,38,买盘
1469,10:43:45,27.04,737440,273,买盘
1470,10:43:48,27.03,24327,9,中性盘
1471,10:43:51,27.0,1330326,493,卖盘
1472,10:43:54,27.03,750629,278,买盘
1473,10:43:57,27.06,13530,5,买盘
1474,10:44:00,27.03,354332,131,卖盘
1475,10:44:03,27.06,81119,30,买盘
1476,10:44:06,27.0,256656,95,卖盘
1477,10:44:09,27.0,129650,48,卖盘
1478,10:44:12,27.0,21600,8,买盘
1479,10:44:15,27.0,121494,45,买盘
1480,10:44:18,27.03,91812,34,买盘
1481,10:44:21,27.0,27000,10,卖盘
1482,10:44:24,27.03,549172,203,买盘
1483,10:44:27,27.03,8109,3,卖盘
1484,10:44:30,27.06,189372,70,买盘
1485,10:44:33,27.06,146022,54,买盘
1486,10:44:36,27.03,186507,69,中性盘
1487,10:44:39,27.01,226970,84,卖盘
1488,10:44:42,27.02,272902,101,买盘
1489,10:44:45,27.01,153964,57,卖盘
1490,10:44:48,26.99,1104148,409,卖盘
1491,10:44:51,26.99,480412,178,买盘
1492,10:44:54,26.99,21592,8,买盘
1493,10:44:57,26.99,59354,22,买盘
1494,10:45:00,27.01,1130969,419,买盘
1495,10:45:03,27.01,62061,23,买盘
1496,10:45:06,27.02,399799,148,买盘
1497,10:45:09,27.06,124867,46,买盘
1498,10:45:12,26.99,193870,72,卖盘
1499,10:45:15,27.0,110667,41,买盘
1500,10:45:18,27.02,153958,57,买盘
1501,10:45:21,27.02,35124,13,买盘
1502,10:45:24,27.01,56729,21,卖盘
1503,10:45:27,27.02,75656,28,买盘
1504,10:45:30,27.02,135071,50,买盘
1505,10:45:33,27.02,126975,47,买盘
1506,10:45:36,27.01,208017,77,卖盘
1507,10:45:39,27.0,197195,73,卖盘
1508,10:45:42,27.01,108070,40,中性盘
1509,10:45:45,27.0,216003,80,卖盘
1510,10:45:48,26.99,202480,75,卖盘
1511,10:45:51,26.99,286186,106,卖盘
1512,10:45:54,26.99,175438,65,卖盘
1513,10:45:57,26.98,40476,15,卖盘
1514,10:46:00,26.97,369621,137,卖盘
1515,10:46:03,26.96,75519,28,卖盘
1516,10:46:06,26.95,908620,337,卖盘
1517,10:46:09,26.9,1601886,595,卖盘
1518,10:46:12,26.85,1716964,639,卖盘
1519,10:46:15,26.88,8056,3,买盘
1520,10:46:18,26.84,77860,29,卖盘
1521,10:46:21,26.84,260309,97,卖盘
1522,10:46:24,26.81,1041384,388,卖盘
1523,10:46:27,26.87,43504,16,中性盘
1524,10:46:30,26.84,2217355,827,卖盘
1525,10:46:33,26.83,1019830,381,买盘
1526,10:46:36,26.78,460865,172,卖盘
1527,10:46:39,26.77,64265,24,卖盘
1528,10:46:42,26.77,171351,64,卖盘
1529,10:46:45,26.77,329234,123,卖盘
1530,10:46:48,26.79,56245,21,买盘
1531,10:46:51,26.79,117884,44,卖盘
1532,10:46:54,26.78,120549,45,卖盘
1533,10:46:57,26.79,85728,32,买盘
1534,10:47:00,26.78,409860,153,卖盘
1535,10:47:03,26.78,626572,234,卖盘
1536,10:47:06,26.78,396423,148,卖盘
1537,10:47:09,26.79,364274,136,买盘
1538,10:47:12,26.79,166071,62,买盘
1539,10:47:15,26.78,353496,132,卖盘
1540,10:47:18,26.78,332070,124,买盘
1541,10:47:21,26.79,56255,21,买盘
1542,10:47:24,26.78,101774,38,卖盘
1543,10:47:27,26.79,241163,90,卖盘
1544,10:47:30,26.75,741608,277,卖盘
1545,10:47:33,26.73,508147,190,卖盘
1546,10:47:36,26.72,371478,139,卖盘
1547,10:47:39,26.71,176292,66,卖盘
1548,10:47:42,26.72,283184,106,买盘
1549,10:47:45,26.72,577041,216,买盘
1550,10:47:48,26.76,3936511,1474,买盘
1551,10:47:51,26.71,545052,204,卖盘
1552,10:47:54,26.76,531284,199,买盘
1553,10:47:57,26.72,789954,296,中性盘
1554,10:48:00,26.73,2055099,769,中性盘
1555,10:48:03,26.72,323374,121,卖盘
1556,10:48:06,26.73,459639,172,买盘
1557,10:48:09,26.75,339487,127,买盘
1558,10:48:12,26.73,278196,104,卖盘
1559,10:48:15,26.76,328916,123,买盘
1560,10:48:18,26.76,80295,30,卖盘
1561,10:48:21,26.8,56235,21,买盘
1562,10:48:24,26.82,53594,20,买盘
1563,10:48:27,26.79,192932,72,卖盘
1564,10:48:30,26.8,120570,45,中性盘
1565,10:48:33,26.8,246538,92,卖盘
1566,10:48:36,26.8,144699,54,买盘
1567,10:48:39,26.81,136713,51,买盘
1568,10:48:42,26.8,32162,12,卖盘
1569,10:48:45,26.8,442018,165,卖盘
1570,10:48:48,26.81,147412,55,买盘
1571,10:48:51,26.8,501125,187,卖盘
1572,10:48:54,26.81,227811,85,买盘
1573,10:48:57,26.81,16082,6,买盘
1574,10:49:00,26.81,806715,301,买盘
1575,10:49:03,26.8,447640,167,卖盘
1576,10:49:06,26.81,297523,111,买盘
1577,10:49:09,26.79,203596,76,卖盘
1578,10:49:12,26.8,219734,82,买盘
1579,10:49:15,26.79,353628,132,卖盘
1580,10:49:18,26.77,733917,274,卖盘
1581,10:49:21,26.77,152587,57,买盘
1582,10:49:24,26.77,1019635,381,买盘
1583,10:49:27,26.76,837622,313,卖盘
1584,10:49:30,26.76,160609,60,卖盘
1585,10:49:33,26.77,235496,88,买盘
1586,10:49:36,26.75,377313,141,卖盘
1587,10:49:39,26.75,406608,152,买盘
1588,10:49:42,26.77,120396,45,买盘
1589,10:49:45,26.75,494939,185,卖盘
1590,10:49:48,26.75,152474,57,买盘
1591,10:49:51,26.74,278133,104,卖盘
1592,10:49:54,26.75,379731,142,买盘
1593,10:49:57,26.75,149765,56,买盘
1594,10:50:00,26.77,1275385,477,买盘
1595,10:50:03,26.73,149735,56,卖盘
1596,10:50:06,26.75,112379,42,卖盘
1597,10:50:09,26.75,171204,64,卖盘
1598,10:50:12,26.77,64247,24,买盘
1599,10:50:15,26.77,593448,222,卖盘
1600,10:50:18,26.78,99103,37,买盘
1601,10:50:21,26.79,40180,15,买盘
1602,10:50:24,26.79,123196,46,买盘
1603,10:50:27,26.81,825379,308,买盘
1604,10:50:30,26.82,107258,40,买盘
1605,10:50:33,26.8,442209,165,卖盘
1606,10:50:36,26.8,134017,50,卖盘
1607,10:50:39,26.8,21440,8,买盘
1608,10:50:42,26.77,144643,54,卖盘
1609,10:50:45,26.77,91016,34,买盘
1610,10:50:48,26.77,187353,70,买盘
1611,10:50:51,26.77,198060,74,买盘
1612,10:50:54,26.77,131151,49,买盘
1613,10:50:57,26.77,283617,106,买盘
1614,10:51:00,26.76,374729,140,卖盘
1615,10:51:03,26.72,1181859,442,卖盘
1616,10:51:06,26.75,101739,38,卖盘
1617,10:51:09,26.75,123050,46,买盘
1618,10:51:12,26.73,98962,37,卖盘
1619,10:51:15,26.73,101621,38,卖盘
1620,10:51:18,26.74,441093,165,买盘
1621,10:51:21,26.73,465008,174,中性盘
1622,10:51:24,26.72,889821,333,卖盘
1623,10:51:27,26.72,211119,79,卖盘
1624,10:51:30,26.72,179060,67,卖盘
1625,10:51:33,26.75,417300,156,买盘
1626,10:51:36,26.74,246090,92,卖盘
1627,10:51:39,26.73,53469,20,卖盘
1628,10:51:42,26.73,32084,12,卖盘
1629,10:51:45,26.73,192470,72,卖盘
1630,10:51:48,26.73,596038,223,卖盘
1631,10:51:51,26.74,2014168,754,中性盘
1632,10:51:54,26.74,93561,35,买盘
1633,10:51:57,26.73,208494,78,卖盘
1634,10:52:00,26.73,133650,50,买盘
1635,10:52:03,26.74,272551,102,买盘
1636,10:52:06,26.72,467647,175,卖盘
1637,10:52:09,26.72,339452,127,买盘
1638,10:52:12,26.72,366086,137,卖盘
1639,10:52:15,26.71,4048457,1517,卖盘
1640,10:52:18,26.69,208198,78,卖盘
1641,10:52:21,26.67,898503,337,中性盘
1642,10:52:24,26.65,3331147,1250,卖盘
1643,10:52:27,26.62,439501,165,卖盘
1644,10:52:30,26.61,497682,187,卖盘
1645,10:52:33,26.6,385849,145,卖盘
1646,10:52:36,26.6,2910337,1094,卖盘
1647,10:52:39,26.59,5660021,2130,卖盘
1648,10:52:42,26.56,2016151,759,卖盘
1649,10:52:45,26.54,1422689,536,卖盘
1650,10:52:48,26.52,6327952,2388,卖盘
1651,10:52:51,26.49,1106437,418,卖盘
1652,10:52:54,26.45,1874143,708,卖盘
1653,10:52:57,26.44,1738569,657,卖盘
1654,10:53:00,26.4,3791221,1434,卖盘
1655,10:53:03,26.43,3829545,1449,中性盘
1656,10:53:06,26.5,3550538,1341,买盘
1657,10:53:09,26.52,881839,333,买盘
1658,10:53:12,26.54,644632,243,买盘
1659,10:53:15,26.52,352653,133,中性盘
1660,10:53:18,26.56,937593,353,买盘
1661,10:53:21,26.56,209923,79,卖盘
1662,10:53:24,26.6,364158,137,买盘
1663,10:53:27,26.6,364335,137,卖盘
1664,10:53:30,26.62,1029729,387,买盘
1665,10:53:33,26.56,1371501,516,卖盘
1666,10:53:36,26.54,486307,183,卖盘
1667,10:53:39,26.6,172617,65,买盘
1668,10:53:42,26.59,544866,205,中性盘
1669,10:53:45,26.6,358578,135,买盘
1670,10:53:48,26.56,300137,113,卖盘
1671,10:53:51,26.59,483677,182,买盘
1672,10:53:54,26.57,569028,214,卖盘
1673,10:53:57,26.57,180749,68,卖盘
1674,10:54:00,26.53,1128418,425,卖盘
1675,10:54:03,26.53,971796,366,卖盘
1676,10:54:06,26.56,703461,265,买盘
1677,10:54:09,26.52,1026654,387,卖盘
1678,10:54:12,26.51,257211,97,卖盘
1679,10:54:15,26.5,1685789,636,卖盘
1680,10:54:18,26.5,922262,348,卖盘
1681,10:54:21,26.49,373564,141,卖盘
1682,10:54:24,26.49,3644706,1379,卖盘
1683,10:54:27,26.46,436841,165,中性盘
1684,10:54:30,26.45,121665,46,卖盘
1685,10:54:33,26.45,1123027,425,买盘
1686,10:54:36,26.48,198443,75,买盘
1687,10:54:39,26.45,730181,276,卖盘
1688,10:54:42,26.45,1371736,519,卖盘
1689,10:54:45,26.45,1428885,540,卖盘
1690,10:54:48,26.45,1037349,392,卖盘
1691,10:54:51,26.49,508259,192,买盘
1692,10:54:54,26.46,214371,81,卖盘
1693,10:54:57,26.5,193420,73,买盘
1694,10:55:00,26.49,728484,275,卖盘
1695,10:55:03,26.49,495049,187,卖盘
1696,10:55:06,26.48,166885,63,卖盘
1697,10:55:09,26.48,280700,106,卖盘
1698,10:55:12,26.49,484822,183,中性盘
1699,10:55:15,26.49,249020,94,买盘
1700,10:55:18,26.49,198702,75,卖盘
1701,10:55:21,26.49,322061,122,卖盘
1702,10:55:24,26.49,353555,133,卖盘
1703,10:55:27,26.48,368162,139,卖盘
1704,10:55:30,26.49,466138,176,买盘
1705,10:55:33,26.49,479311,181,买盘
1706,10:55:36,26.48,423692,160,卖盘
1707,10:55:39,26.46,688346,260,卖盘
1708,10:55:42,26.48,280570,106,买盘
1709,10:55:45,26.46,410248,155,卖盘
1710,10:55:48,26.46,568902,215,卖盘
1711,10:55:51,26.46,640337,242,卖盘
1712,10:55:54,26.46,272454,103,买盘
1713,10:55:57,26.45,465562,176,卖盘
1714,10:56:00,26.44,528841,200,卖盘
1715,10:56:03,26.44,1006838,381,卖盘
1716,10:56:06,26.43,671388,254,中性盘
1717,10:56:09,26.42,1350848,511,中性盘
1718,10:56:12,26.45,1690978,640,买盘
1719,10:56:15,26.43,1881470,712,卖盘
1720,10:56:18,26.43,1817118,687,卖盘
1721,10:56:21,26.42,866868,328,卖盘
1722,10:56:24,26.44,311941,118,买盘
1723,10:56:27,26.45,1181654,447,买盘
1724,10:56:30,26.46,240740,91,中性盘
1725,10:56:33,26.47,486882,184,中性盘
1726,10:56:36,26.47,370735,140,中性盘
1727,10:56:39,26.47,206545,78,卖盘
1728,10:56:42,26.48,450335,170,买盘
1729,10:56:45,26.49,233035,88,中性盘
1730,10:56:48,26.47,871547,329,卖盘
1731,10:56:51,26.49,254340,96,卖盘
1732,10:56:54,26.5,193421,73,买盘
1733,10:56:57,26.51,209340,79,买盘
1734,10:57:00,26.51,174883,66,买盘
1735,10:57:03,26.5,132550,50,卖盘
1736,10:57:06,26.57,990624,373,买盘
1737,10:57:09,26.57,265700,100,卖盘
1738,10:57:12,26.57,409217,154,卖盘
1739,10:57:15,26.55,579100,218,卖盘
1740,10:57:18,26.55,87610,33,买盘
1741,10:57:21,26.55,193647,73,买盘
1742,10:57:24,26.55,167265,63,买盘
1743,10:57:27,26.56,270866,102,买盘
1744,10:57:30,26.58,249765,94,买盘
1745,10:57:33,26.55,741034,279,卖盘
1746,10:57:36,26.6,547802,206,买盘
1747,10:57:39,26.61,303257,114,买盘
1748,10:57:42,26.61,191574,72,买盘
1749,10:57:45,26.62,508124,191,买盘
1750,10:57:48,26.61,149047,56,卖盘
1751,10:57:51,26.61,268695,101,买盘
1752,10:57:54,26.61,220689,83,买盘
1753,10:57:57,26.65,279815,105,买盘
1754,10:58:00,26.66,804838,302,中性盘
1755,10:58:03,26.64,381100,143,卖盘
1756,10:58:06,26.64,69258,26,买盘
1757,10:58:09,26.63,82580,31,卖盘
1758,10:58:12,26.62,599139,225,卖盘
1759,10:58:15,26.63,604306,227,买盘
1760,10:58:18,26.63,170345,64,买盘
1761,10:58:21,26.6,74510,28,卖盘
1762,10:58:24,26.6,274059,103,卖盘
1763,10:58:27,26.6,265971,100,卖盘
1764,10:58:30,26.6,319118,120,卖盘
1765,10:58:33,26.56,164789,62,卖盘
1766,10:58:36,26.58,69125,26,中性盘
1767,10:58:39,26.56,143515,54,卖盘
1768,10:58:42,26.56,146071,55,卖盘
1769,10:58:45,26.56,71713,27,卖盘
1770,10:58:48,26.58,263019,99,买盘
1771,10:58:51,26.58,183402,69,卖盘
1772,10:58:54,26.58,340224,128,卖盘
1773,10:58:57,26.58,212653,80,卖盘
1774,10:59:00,26.56,398413,150,卖盘
1775,10:59:03,26.58,61134,23,中性盘
1776,10:59:06,26.55,637295,240,卖盘
1777,10:59:09,26.57,58442,22,买盘
1778,10:59:12,26.56,156717,59,卖盘
1779,10:59:15,26.57,406519,153,卖盘
1780,10:59:18,26.56,467620,176,卖盘
1781,10:59:21,26.56,95618,36,卖盘
1782,10:59:24,26.54,648036,244,卖盘
1783,10:59:27,26.57,143469,54,卖盘
1784,10:59:30,26.57,212639,80,卖盘
1785,10:59:33,26.56,132828,50,卖盘
1786,10:59:36,26.57,146103,55,买盘
1787,10:59:39,26.57,103600,39,买盘
1788,10:59:42,26.54,92927,35,卖盘
1789,10:59:45,26.53,265510,100,卖盘
1790,10:59:48,26.56,114171,43,买盘
1791,10:59:51,26.54,291993,110,卖盘
1792,10:59:54,26.56,13280,5,中性盘
1793,10:59:57,26.57,778557,293,买盘
1794,11:00:00,26.6,127650,48,买盘
1795,11:00:03,26.6,132910,50,买盘
1796,11:00:06,26.65,700332,263,买盘
1797,11:00:09,26.67,345746,130,买盘
1798,11:00:12,26.67,50658,19,买盘
1799,11:00:15,26.67,15997,6,买盘
1800,11:00:18,26.68,8003,3,买盘
1801,11:00:21,26.68,330726,124,买盘
1802,11:00:24,26.68,149366,56,买盘
1803,11:00:27,26.68,288079,108,买盘
1804,11:00:30,26.69,138727,52,买盘
1805,11:00:33,26.67,192097,72,卖盘
1806,11:00:36,26.69,330518,124,买盘
1807,11:00:39,26.68,412748,155,中性盘
1808,11:00:42,26.68,66708,25,买盘
1809,11:00:45,26.67,5329,2,中性盘
1810,11:00:51,26.67,151915,57,买盘
1811,11:00:54,26.66,434075,163,中性盘
1812,11:00:57,26.59,362081,136,卖盘
1813,11:01:00,26.6,218029,82,买盘
1814,11:01:03,26.59,18619,7,中性盘
1815,11:01:06,26.6,196785,74,买盘
1816,11:01:09,26.6,1523176,573,买盘
1817,11:01:12,26.59,491967,185,卖盘
1818,11:01:15,26.58,175442,66,卖盘
1819,11:01:18,26.58,122171,46,买盘
1820,11:01:21,26.55,576001,217,卖盘
1821,11:01:24,26.56,77008,29,买盘
1822,11:01:27,26.56,1333655,503,买盘
1823,11:01:30,26.55,164652,62,买盘
1824,11:01:33,26.53,1486753,561,卖盘
1825,11:01:36,26.53,137855,52,买盘
1826,11:01:39,26.55,382247,144,买盘
1827,11:01:42,26.5,151116,57,卖盘
1828,11:01:45,26.54,15919,6,买盘
1829,11:01:48,26.52,344987,130,卖盘
1830,11:01:51,26.52,37128,14,买盘
1831,11:01:54,26.52,193565,73,买盘
1832,11:01:57,26.52,665411,251,卖盘
1833,11:02:00,26.52,90156,34,买盘
1834,11:02:03,26.52,185543,70,买盘
1835,11:02:06,26.53,246635,93,买盘
1836,11:02:09,26.53,119391,45,买盘
1837,11:02:12,26.54,459093,173,买盘
1838,11:02:15,26.56,122058,46,买盘
1839,11:02:18,26.53,647488,244,卖盘
1840,11:02:21,26.56,329089,124,买盘
1841,11:02:24,26.53,127375,48,卖盘
1842,11:02:27,26.54,69002,26,买盘
1843,11:02:30,26.54,100882,38,卖盘
1844,11:02:33,26.54,228200,86,卖盘
1845,11:02:36,26.59,634789,239,买盘
1846,11:02:39,26.58,241879,91,卖盘
1847,11:02:42,26.62,271522,102,买盘
1848,11:02:45,26.65,1191810,448,买盘
1849,11:02:48,26.65,29315,11,买盘
1850,11:02:51,26.63,18653,7,中性盘
1851,11:02:54,26.65,63960,24,卖盘
1852,11:02:57,26.66,453055,170,买盘
1853,11:03:00,26.67,525136,197,买盘
1854,11:03:03,26.67,202720,76,卖盘
1855,11:03:06,26.68,218777,82,买盘
1856,11:03:09,26.67,210748,79,卖盘
1857,11:03:12,26.68,258811,97,买盘
1858,11:03:15,26.7,338749,127,买盘
1859,11:03:18,26.7,53417,20,卖盘
1860,11:03:21,26.71,221643,83,买盘
1861,11:03:24,26.7,400526,150,卖盘
1862,11:03:27,26.7,181450,68,买盘
1863,11:03:30,26.67,205492,77,卖盘
1864,11:03:33,26.67,98721,37,卖盘
1865,11:03:36,26.67,74676,28,买盘
1866,11:03:39,26.65,82625,31,卖盘
1867,11:03:42,26.7,732932,275,买盘
1868,11:03:45,26.7,40029,15,买盘
1869,11:03:48,26.61,327867,123,卖盘
1870,11:03:51,26.72,179024,67,买盘
1871,11:03:54,26.72,107988,40,买盘
1872,11:03:57,26.75,278098,104,买盘
1873,11:04:00,26.73,21386,8,中性盘
1874,11:04:03,26.75,243412,91,买盘
1875,11:04:06,26.7,894662,336,卖盘
1876,11:04:09,26.69,138451,52,买盘
1877,11:04:12,26.63,186879,70,中性盘
1878,11:04:15,26.63,13315,5,卖盘
1879,11:04:18,26.68,37364,14,中性盘
1880,11:04:21,26.61,125188,47,卖盘
1881,11:04:24,26.65,487265,183,中性盘
1882,11:04:27,26.65,37316,14,卖盘
1883,11:04:30,26.65,42639,16,卖盘
1884,11:04:33,26.65,55965,21,买盘
1885,11:04:36,26.65,42640,16,卖盘
1886,11:04:39,26.65,117260,44,买盘
1887,11:04:42,26.65,660918,248,买盘
1888,11:04:45,26.65,77251,29,买盘
1889,11:04:48,26.64,2664,1,卖盘
1890,11:04:51,26.64,5327,2,买盘
1891,11:04:54,26.64,101185,38,买盘
1892,11:04:57,26.63,93205,35,卖盘
1893,11:05:00,26.63,79890,30,买盘
1894,11:05:03,26.63,106493,40,买盘
1895,11:05:06,26.63,239630,90,买盘
1896,11:05:09,26.64,79913,30,买盘
1897,11:05:12,26.63,519255,195,卖盘
1898,11:05:15,26.67,106620,40,买盘
1899,11:05:18,26.67,13335,5,卖盘
1900,11:05:21,26.7,761681,286,买盘
1901,11:05:24,26.69,144024,54,买盘
1902,11:05:27,26.67,128094,48,卖盘
1903,11:05:30,26.61,122499,46,卖盘
1904,11:05:33,26.67,2667,1,中性盘
1905,11:05:36,26.66,21326,8,买盘
1906,11:05:39,26.65,5330,2,买盘
1907,11:05:42,26.66,50655,19,中性盘
1908,11:05:45,26.64,149271,56,卖盘
1909,11:05:48,26.66,21334,8,中性盘
1910,11:05:51,26.69,122475,46,买盘
1911,11:05:54,26.69,152133,57,买盘
1912,11:05:57,26.69,48042,18,卖盘
1913,11:06:00,26.69,85328,32,买盘
1914,11:06:03,26.69,93405,35,买盘
1915,11:06:06,26.65,85387,32,卖盘
1916,11:06:09,26.65,205103,77,买盘
1917,11:06:12,26.65,82598,31,买盘
1918,11:06:15,26.65,31977,12,买盘
1919,11:06:21,26.65,181240,68,卖盘
1920,11:06:24,26.62,138483,52,卖盘
1921,11:06:27,26.65,53316,20,中性盘
1922,11:06:30,26.65,47936,18,买盘
1923,11:06:33,26.63,154419,58,卖盘
1924,11:06:36,26.65,45305,17,买盘
1925,11:06:39,26.63,37282,14,卖盘
1926,11:06:42,26.63,63920,24,卖盘
1927,11:06:45,26.63,23967,9,卖盘
1928,11:06:48,26.63,130487,49,卖盘
1929,11:06:51,26.62,138465,52,卖盘
1930,11:06:54,26.63,31950,12,中性盘
1931,11:06:57,26.62,324837,122,卖盘
1932,11:07:00,26.62,138425,52,卖盘
1933,11:07:03,26.62,66555,25,卖盘
1934,11:07:06,26.61,332654,125,卖盘
1935,11:07:09,26.61,167615,63,卖盘
1936,11:07:12,26.61,468402,176,买盘
1937,11:07:15,26.62,140599,53,中性盘
1938,11:07:18,26.64,10656,4,中性盘
1939,11:07:21,26.63,95870,36,卖盘
1940,11:07:24,26.63,133050,50,买盘
1941,11:07:27,26.62,197061,74,中性盘
1942,11:07:30,26.64,37279,14,买盘
1943,11:07:33,26.62,210321,79,卖盘
1944,11:07:36,26.64,101204,38,买盘
1945,11:07:39,26.64,37286,14,买盘
1946,11:07:42,26.64,37292,14,买盘
1947,11:07:45,26.6,545553,205,卖盘
1948,11:07:48,26.64,215784,81,买盘
1949,11:07:51,26.64,23976,9,卖盘
1950,11:07:54,26.64,125208,47,卖盘
1951,11:07:57,26.64,69265,26,卖盘
1952,11:08:00,26.63,138527,52,卖盘
1953,11:08:03,26.6,164998,62,卖盘
1954,11:08:06,26.6,37240,14,卖盘
1955,11:08:09,26.6,109060,41,卖盘
1956,11:08:12,26.6,215435,81,卖盘
1957,11:08:15,26.59,132960,50,卖盘
1958,11:08:18,26.58,210012,79,卖盘
1959,11:08:21,26.58,175507,66,卖盘
1960,11:08:24,26.59,204686,77,买盘
1961,11:08:27,26.59,358881,135,买盘
1962,11:08:30,26.56,446815,168,卖盘
1963,11:08:33,26.55,223020,84,卖盘
1964,11:08:36,26.53,273387,103,卖盘
1965,11:08:39,26.53,376727,142,卖盘
1966,11:08:42,26.52,137911,52,卖盘
1967,11:08:45,26.5,790113,298,卖盘
1968,11:08:48,26.5,477144,180,卖盘
1969,11:08:51,26.5,402822,152,卖盘
1970,11:08:54,26.5,840053,317,卖盘
1971,11:08:57,26.51,1166106,440,买盘
1972,11:09:00,26.5,837428,316,卖盘
1973,11:09:03,26.54,392300,148,买盘
1974,11:09:06,26.52,161782,61,卖盘
1975,11:09:09,26.52,1457549,550,卖盘
1976,11:09:12,26.54,82273,31,中性盘
1977,11:09:15,26.51,278083,105,卖盘
1978,11:09:18,26.52,416591,157,卖盘
1979,11:09:21,26.58,419503,158,中性盘
1980,11:09:24,26.54,294683,111,卖盘
1981,11:09:27,26.52,111455,42,卖盘
1982,11:09:30,26.52,334335,126,卖盘
1983,11:09:33,26.52,371398,140,卖盘
1984,11:09:36,26.51,376695,142,卖盘
1985,11:09:39,26.52,156459,59,卖盘
1986,11:09:42,26.51,214784,81,卖盘
1987,11:09:45,26.65,1083091,407,买盘
1988,11:09:48,26.52,116698,44,卖盘
1989,11:09:51,26.51,342095,129,卖盘
1990,11:09:54,26.52,450895,170,卖盘
1991,11:09:57,26.52,151198,57,卖盘
1992,11:10:00,26.51,302424,114,卖盘
1993,11:10:03,26.57,92948,35,买盘
1994,11:10:06,26.52,148512,56,卖盘
1995,11:10:09,26.57,257233,97,买盘
1996,11:10:12,26.52,336790,127,买盘
1997,11:10:15,26.51,779875,294,卖盘
1998,11:10:18,26.51,312332,118,买盘
1999,11:10:21,26.5,553868,209,卖盘
2000,11:10:24,26.52,140505,53,卖盘
2001,11:10:27,26.51,355287,134,卖盘
2002,11:10:30,26.52,198851,75,买盘
2003,11:10:33,26.52,410914,155,卖盘
2004,11:10:36,26.51,508804,192,卖盘
2005,11:10:39,26.5,286215,108,卖盘
2006,11:10:42,26.5,257096,97,卖盘
2007,11:10:45,26.49,474248,179,卖盘
2008,11:10:48,26.5,672867,254,买盘
2009,11:10:51,26.48,195986,74,卖盘
2010,11:10:54,26.46,2152422,813,卖盘
2011,11:10:57,26.46,23814,9,买盘
2012,11:11:00,26.45,812021,307,卖盘
2013,11:11:03,26.46,443904,168,买盘
2014,11:11:06,26.46,359788,136,卖盘
2015,11:11:09,26.44,566064,214,卖盘
2016,11:11:12,26.44,309336,117,卖盘
2017,11:11:15,26.44,1046709,396,卖盘
2018,11:11:18,26.44,629183,238,买盘
2019,11:11:21,26.43,488813,185,卖盘
2020,11:11:24,26.42,179665,68,卖盘
2021,11:11:27,26.41,3815607,1445,卖盘
2022,11:11:30,26.38,324546,123,卖盘
2023,11:11:33,26.41,506733,192,买盘
2024,11:11:36,26.38,3730690,1415,卖盘
2025,11:11:39,26.38,274147,104,买盘
2026,11:11:42,26.38,4279748,1625,买盘
2027,11:11:45,26.38,776044,294,卖盘
2028,11:11:48,26.36,102846,39,卖盘
2029,11:11:51,26.36,500644,190,卖盘
2030,11:11:54,26.35,266210,101,中性盘
2031,11:11:57,26.36,477065,181,中性盘
2032,11:12:00,26.38,2443062,928,买盘
2033,11:12:03,26.38,490088,186,买盘
2034,11:12:06,26.38,277016,105,买盘
2035,11:12:09,26.39,662650,251,中性盘
2036,11:12:12,26.42,670256,254,中性盘
2037,11:12:15,26.43,245651,93,买盘
2038,11:12:18,26.43,79314,30,卖盘
2039,11:12:21,26.44,274976,104,买盘
2040,11:12:24,26.44,261717,99,卖盘
2041,11:12:27,26.45,438923,166,买盘
2042,11:12:30,26.45,84705,32,卖盘
2043,11:12:33,26.45,293551,111,卖盘
2044,11:12:36,26.45,391364,148,买盘
2045,11:12:39,26.43,565840,214,卖盘
2046,11:12:42,26.45,312043,118,买盘
2047,11:12:45,26.44,163897,62,中性盘
2048,11:12:48,26.44,317195,120,卖盘
2049,11:12:51,26.44,327776,124,买盘
2050,11:12:54,26.43,597666,226,卖盘
2051,11:12:57,26.43,501994,190,买盘
2052,11:13:00,26.4,139928,53,卖盘
2053,11:13:03,26.4,234987,89,卖盘
2054,11:13:06,26.4,810566,307,卖盘
2055,11:13:09,26.41,403850,153,中性盘
2056,11:13:12,26.42,139913,53,买盘
2057,11:13:15,26.41,388266,147,卖盘
2058,11:13:18,26.42,382943,145,中性盘
2059,11:13:21,26.43,190229,72,买盘
2060,11:13:24,26.43,385761,146,买盘
2061,11:13:27,26.4,726445,275,卖盘
2062,11:13:30,26.41,467438,177,卖盘
2063,11:13:33,26.41,79250,30,卖盘
2064,11:13:36,26.38,351115,133,卖盘
2065,11:13:39,26.42,411737,156,买盘
2066,11:13:42,26.42,385437,146,卖盘
2067,11:13:45,26.43,509568,193,买盘
2068,11:13:48,26.39,479928,182,中性盘
2069,11:13:51,26.4,385137,146,买盘
2070,11:13:54,26.38,567103,215,卖盘
2071,11:13:57,26.38,653762,248,买盘
2072,11:14:00,26.37,400472,152,买盘
2073,11:14:03,26.37,595138,226,买盘
2074,11:14:06,26.37,471550,179,买盘
2075,11:14:09,26.34,252789,96,卖盘
2076,11:14:12,26.31,547529,208,卖盘
2077,11:14:15,26.33,552957,210,买盘
2078,11:14:18,26.32,668589,254,卖盘
2079,11:14:21,26.31,821194,312,卖盘
2080,11:14:24,26.32,931758,354,卖盘
2081,11:14:27,26.35,966019,367,买盘
2082,11:14:30,26.32,1029181,391,卖盘
2083,11:14:33,26.32,336981,128,卖盘
2084,11:14:36,26.32,523691,199,卖盘
2085,11:14:39,26.32,760355,289,买盘
2086,11:14:42,26.31,1242132,472,卖盘
2087,11:14:45,26.31,636692,242,买盘
2088,11:14:48,26.35,894480,340,买盘
2089,11:14:51,26.32,1196964,455,中性盘
2090,11:14:54,26.31,452592,172,卖盘
2091,11:14:57,26.32,465624,177,中性盘
2092,11:15:00,26.31,2612752,993,卖盘
2093,11:15:03,26.35,860882,327,买盘
2094,11:15:06,26.34,294997,112,卖盘
2095,11:15:09,26.35,927082,352,中性盘
2096,11:15:12,26.33,508076,193,卖盘
2097,11:15:15,26.34,339558,129,买盘
2098,11:15:18,26.3,1229433,467,卖盘
2099,11:15:21,26.33,613383,233,中性盘
2100,11:15:24,26.3,526308,200,卖盘
2101,11:15:27,26.33,707809,269,中性盘
2102,11:15:30,26.3,689214,262,卖盘
2103,11:15:33,26.3,486754,185,卖盘
2104,11:15:36,26.33,476105,181,买盘
2105,11:15:39,26.33,944260,359,买盘
2106,11:15:42,26.32,228880,87,买盘
2107,11:15:45,26.3,783834,298,卖盘
2108,11:15:48,26.3,749337,285,卖盘
2109,11:15:51,26.3,665016,253,买盘
2110,11:15:54,26.28,982832,374,卖盘
2111,11:15:57,26.28,1040565,396,买盘
2112,11:16:00,26.27,1542471,587,卖盘
2113,11:16:03,26.27,1791028,682,卖盘
2114,11:16:06,26.25,467469,178,卖盘
2115,11:16:09,26.31,2234454,850,买盘
2116,11:16:12,26.33,725856,276,买盘
2117,11:16:15,26.32,1694536,645,卖盘
2118,11:16:18,26.33,302577,115,买盘
2119,11:16:21,26.3,1125347,428,卖盘
2120,11:16:24,26.3,522813,199,买盘
2121,11:16:27,26.27,825247,314,卖盘
2122,11:16:30,26.3,360023,137,买盘
2123,11:16:33,26.26,559936,213,卖盘
2124,11:16:36,26.29,326006,124,中性盘
2125,11:16:39,26.28,853897,325,卖盘
2126,11:16:42,26.29,454500,173,买盘
2127,11:16:45,26.27,659204,251,卖盘
2128,11:16:48,26.27,212878,81,卖盘
2129,11:16:51,26.27,517366,197,卖盘
2130,11:16:54,26.27,496261,189,买盘
2131,11:16:57,26.27,309809,118,中性盘
2132,11:17:00,26.28,619660,236,买盘
2133,11:17:03,26.29,583716,222,买盘
2134,11:17:06,26.29,530945,202,卖盘
2135,11:17:09,26.29,575728,219,卖盘
2136,11:17:12,26.28,486026,185,中性盘
2137,11:17:15,26.28,509512,194,买盘
2138,11:17:18,26.26,630174,240,卖盘
2139,11:17:21,26.28,449041,171,买盘
2140,11:17:24,26.27,323066,123,卖盘
2141,11:17:27,26.29,2246891,855,买盘
2142,11:17:30,26.27,906425,345,卖盘
2143,11:17:33,26.28,381171,145,卖盘
2144,11:17:36,26.29,236570,90,卖盘
2145,11:17:39,26.29,365499,139,卖盘
2146,11:17:42,26.29,578389,220,卖盘
2147,11:17:45,26.29,423123,161,买盘
2148,11:17:48,26.29,186649,71,买盘
2149,11:17:51,26.29,728322,277,买盘
2150,11:17:54,26.3,552032,210,中性盘
2151,11:17:57,26.32,52632,20,买盘
2152,11:18:00,26.34,334349,127,买盘
2153,11:18:03,26.34,31605,12,买盘
2154,11:18:06,26.35,363515,138,买盘
2155,11:18:09,26.35,252911,96,买盘
2156,11:18:12,26.37,181763,69,买盘
2157,11:18:15,26.35,110700,42,卖盘
2158,11:18:18,26.37,859106,326,买盘
2159,11:18:21,26.38,287494,109,买盘
2160,11:18:24,26.39,126623,48,买盘
2161,11:18:27,26.38,73874,28,卖盘
2162,11:18:30,26.4,266569,101,买盘
2163,11:18:33,26.39,171576,65,卖盘
2164,11:18:36,26.42,139879,53,买盘
2165,11:18:39,26.42,21136,8,买盘
2166,11:18:42,26.4,264118,100,卖盘
2167,11:18:45,26.42,235251,89,卖盘
2168,11:18:48,26.42,200723,76,中性盘
2169,11:18:51,26.42,219265,83,卖盘
2170,11:18:54,26.42,163837,62,买盘
2171,11:18:57,26.42,95088,36,买盘
2172,11:19:00,26.42,66050,25,卖盘
2173,11:19:03,26.43,332860,126,中性盘
2174,11:19:06,26.42,169139,64,卖盘
2175,11:19:09,26.45,110995,42,买盘
2176,11:19:12,26.4,203373,77,卖盘
2177,11:19:15,26.42,385673,146,中性盘
2178,11:19:18,26.43,649710,246,买盘
2179,11:19:21,26.42,52832,20,中性盘
2180,11:19:24,26.42,145256,55,卖盘
2181,11:19:27,26.43,319621,121,买盘
2182,11:19:30,26.42,102972,39,买盘
2183,11:19:33,26.43,195496,74,卖盘
2184,11:19:36,26.43,44928,17,买盘
2185,11:19:39,26.43,264213,100,买盘
2186,11:19:42,26.42,338210,128,卖盘
2187,11:19:45,26.4,448926,170,卖盘
2188,11:19:48,26.4,216557,82,卖盘
2189,11:19:51,26.4,512330,194,卖盘
2190,11:19:54,26.4,303600,115,卖盘
2191,11:19:57,26.41,599160,227,中性盘
2192,11:20:00,26.36,667713,253,卖盘
2193,11:20:03,26.43,182328,69,买盘
2194,11:20:06,26.42,414499,157,中性盘
2195,11:20:09,26.43,673071,255,买盘
2196,11:20:12,26.39,348499,132,卖盘
2197,11:20:15,26.41,466951,177,买盘
2198,11:20:18,26.41,229491,87,卖盘
2199,11:20:21,26.41,134453,51,买盘
2200,11:20:24,26.35,234832,89,卖盘
2201,11:20:27,26.36,324133,123,中性盘
2202,11:20:30,26.36,331874,126,买盘
2203,11:20:33,26.35,300202,114,卖盘
2204,11:20:36,26.36,896716,340,买盘
2205,11:20:39,26.31,516226,196,卖盘
2206,11:20:42,26.31,126413,48,卖盘
2207,11:20:45,26.32,221089,84,卖盘
2208,11:20:48,26.35,192268,73,卖盘
2209,11:20:51,26.33,387226,147,卖盘
2210,11:20:54,26.34,652869,248,卖盘
2211,11:20:57,26.39,242215,92,买盘
2212,11:21:00,26.34,305539,116,卖盘
2213,11:21:03,26.34,403200,153,买盘
2214,11:21:06,26.33,205424,78,卖盘
2215,11:21:09,26.34,226513,86,卖盘
2216,11:21:12,26.38,466304,177,买盘
2217,11:21:15,26.32,766100,291,卖盘
2218,11:21:18,26.38,324073,123,买盘
2219,11:21:21,26.34,200282,76,卖盘
2220,11:21:24,26.32,529070,201,卖盘
2221,11:21:27,26.32,718816,273,卖盘
2222,11:21:30,26.32,321176,122,卖盘
2223,11:21:33,26.34,890457,338,卖盘
2224,11:21:36,26.32,495056,188,卖盘
2225,11:21:39,26.34,284303,108,中性盘
2226,11:21:42,26.35,129085,49,中性盘
2227,11:21:45,26.37,368828,140,中性盘
2228,11:21:48,26.38,29018,11,买盘
2229,11:21:51,26.38,2270261,860,卖盘
2230,11:21:57,26.37,102883,39,卖盘
2231,11:22:00,26.38,63299,24,买盘
2232,11:22:03,26.38,532749,202,买盘
2233,11:22:06,26.39,39578,15,中性盘
2234,11:22:09,26.41,84512,32,买盘
2235,11:22:12,26.42,10568,4,买盘
2236,11:22:15,26.41,293203,111,卖盘
2237,11:22:18,26.42,293161,111,买盘
2238,11:22:21,26.41,15847,6,中性盘
2239,11:22:24,26.41,190182,72,买盘
2240,11:22:27,26.42,92470,35,买盘
2241,11:22:30,26.41,316962,120,卖盘
2242,11:22:33,26.42,84555,32,卖盘
2243,11:22:36,26.45,2263127,857,买盘
2244,11:22:39,26.41,182349,69,卖盘
2245,11:22:42,26.45,2596143,983,买盘
2246,11:22:45,26.45,34365,13,买盘
2247,11:22:48,26.46,124323,47,买盘
2248,11:22:51,26.47,145532,55,买盘
2249,11:22:54,26.46,60871,23,卖盘
2250,11:22:57,26.49,177355,67,买盘
2251,11:23:00,26.48,47672,18,卖盘
2252,11:23:03,26.49,203999,77,买盘
2253,11:23:06,26.5,111293,42,买盘
2254,11:23:09,26.5,45062,17,卖盘
2255,11:23:12,26.5,116623,44,卖盘
2256,11:23:15,26.51,82164,31,中性盘
2257,11:23:18,26.54,79578,30,买盘
2258,11:23:21,26.54,66349,25,买盘
2259,11:23:24,26.54,286640,108,买盘
2260,11:23:27,26.54,135354,51,卖盘
2261,11:23:30,26.55,37170,14,买盘
2262,11:23:33,26.59,108955,41,买盘
2263,11:23:36,26.56,98299,37,中性盘
2264,11:23:39,26.58,66430,25,买盘
2265,11:23:42,26.58,1240411,467,买盘
2266,11:23:45,26.57,63776,24,中性盘
2267,11:23:48,26.55,666157,251,卖盘
2268,11:23:51,26.5,445736,168,卖盘
2269,11:23:54,26.55,76980,29,买盘
2270,11:23:57,26.55,122130,46,卖盘
2271,11:24:00,26.55,387624,146,卖盘
2272,11:24:03,26.55,98195,37,买盘
2273,11:24:06,26.55,159288,60,买盘
2274,11:24:09,26.55,135408,51,卖盘
2275,11:24:12,26.58,1755879,661,买盘
2276,11:24:15,26.5,297271,112,卖盘
2277,11:24:18,26.54,10616,4,买盘
2278,11:24:21,26.59,53133,20,买盘
2279,11:24:24,26.51,530706,200,卖盘
2280,11:24:27,26.58,225930,85,买盘
2281,11:24:30,26.55,225764,85,卖盘
2282,11:24:33,26.55,29209,11,买盘
2283,11:24:36,26.53,239146,90,卖盘
2284,11:24:39,26.54,21237,8,卖盘
2285,11:24:42,26.53,37142,14,卖盘
2286,11:24:45,26.55,50421,19,买盘
2287,11:24:48,26.53,76939,29,卖盘
2288,11:24:51,26.54,29194,11,中性盘
2289,11:24:54,26.51,318328,120,卖盘
2290,11:24:57,26.51,98138,37,卖盘
2291,11:25:03,26.52,2652,1,卖盘
2292,11:25:06,26.52,7956,3,买盘
2293,11:25:09,26.52,23868,9,卖盘
2294,11:25:12,26.53,140560,53,买盘
2295,11:25:15,26.54,66319,25,买盘
2296,11:25:18,26.53,10612,4,卖盘
2297,11:25:21,26.52,124684,47,卖盘
2298,11:25:24,26.53,252013,95,买盘
2299,11:25:27,26.53,82199,31,买盘
2300,11:25:30,26.54,132653,50,买盘
2301,11:25:33,26.53,79590,30,卖盘
2302,11:25:36,26.53,50392,19,买盘
2303,11:25:39,26.52,7956,3,卖盘
2304,11:25:42,26.52,265202,100,卖盘
2305,11:25:45,26.52,39811,15,卖盘
2306,11:25:48,26.51,214731,81,卖盘
2307,11:25:51,26.51,47735,18,卖盘
2308,11:25:54,26.52,342207,129,买盘
2309,11:25:57,26.52,331722,125,卖盘
2310,11:26:00,26.52,143208,54,卖盘
2311,11:26:06,26.52,10610,4,卖盘
2312,11:26:09,26.52,5304,2,卖盘
2313,11:26:12,26.53,53055,20,卖盘
2314,11:26:15,26.55,111457,42,买盘
2315,11:26:18,26.52,7956,3,卖盘
2316,11:26:21,26.53,188313,71,买盘
2317,11:26:24,26.52,5305,2,卖盘
2318,11:26:27,26.53,45088,17,中性盘
2319,11:26:30,26.52,13261,5,卖盘
2320,11:26:33,26.54,47755,18,中性盘
2321,11:26:36,26.53,53060,20,卖盘
2322,11:26:39,26.54,10616,4,买盘
2323,11:26:42,26.53,95514,36,卖盘
2324,11:26:45,26.53,10612,4,买盘
2325,11:26:48,26.53,100814,38,买盘
2326,11:26:51,26.53,26530,10,卖盘
2327,11:26:54,26.53,45101,17,卖盘
2328,11:26:57,26.54,108801,41,买盘
2329,11:27:00,26.54,31848,12,卖盘
2330,11:27:03,26.52,68976,26,卖盘
2331,11:27:06,26.54,21232,8,中性盘
2332,11:27:09,26.51,617803,233,卖盘
2333,11:27:12,26.52,392368,148,中性盘
2334,11:27:15,26.5,21202,8,卖盘
2335,11:27:18,26.5,259712,98,卖盘
2336,11:27:21,26.5,76850,29,卖盘
2337,11:27:24,26.5,405450,153,卖盘
2338,11:27:27,26.51,490252,185,买盘
2339,11:27:30,26.5,476984,180,卖盘
2340,11:27:33,26.5,799941,302,卖盘
2341,11:27:36,26.5,42398,16,买盘
2342,11:27:39,26.5,108643,41,买盘
2343,11:27:42,26.49,204000,77,卖盘
2344,11:27:45,26.48,50312,19,卖盘
2345,11:27:48,26.47,18529,7,卖盘
2346,11:27:51,26.48,13236,5,买盘
2347,11:27:54,26.46,140283,53,卖盘
2348,11:27:57,26.46,50284,19,卖盘
2349,11:28:00,26.46,79395,30,卖盘
2350,11:28:03,26.46,354464,134,卖盘
2351,11:28:06,26.46,66146,25,买盘
2352,11:28:09,26.45,44965,17,卖盘
2353,11:28:12,26.45,58190,22,买盘
2354,11:28:15,26.45,185097,70,买盘
2355,11:28:18,26.43,55509,21,卖盘
2356,11:28:21,26.44,711446,269,买盘
2357,11:28:24,26.44,491643,186,卖盘
2358,11:28:27,26.44,169182,64,买盘
2359,11:28:30,26.43,288151,109,卖盘
2360,11:28:33,26.43,245799,93,买盘
2361,11:28:36,26.45,108481,41,中性盘
2362,11:28:39,26.45,44965,17,卖盘
2363,11:28:42,26.45,39692,15,卖盘
2364,11:28:45,26.45,82010,31,买盘
2365,11:28:48,26.45,5290,2,卖盘
2366,11:28:51,26.45,156042,59,卖盘
2367,11:28:54,26.45,7935,3,中性盘
2368,11:28:57,26.45,335854,127,买盘
2369,11:29:00,26.49,555538,210,买盘
2370,11:29:03,26.45,58253,22,卖盘
2371,11:29:06,26.48,44987,17,中性盘
2372,11:29:12,26.46,214448,81,卖盘
2373,11:29:18,26.48,89987,34,买盘
2374,11:29:21,26.47,34415,13,卖盘
2375,11:29:24,26.47,137644,52,卖盘
2376,11:29:27,26.47,481721,182,买盘
2377,11:29:30,26.47,108577,41,买盘
2378,11:29:33,26.47,161467,61,中性盘
2379,11:29:36,26.46,452593,171,卖盘
2380,11:29:39,26.46,52921,20,卖盘
2381,11:29:42,26.46,2646,1,卖盘
2382,11:29:45,26.46,37047,14,卖盘
2383,11:29:48,26.46,37044,14,买盘
2384,11:29:51,26.46,42336,16,买盘
2385,11:29:54,26.46,510494,193,买盘
2386,11:29:57,26.48,354567,134,买盘
2387,11:30:00,26.47,34411,13,卖盘
2388,13:00:00,26.5,6769779,2559,买盘
2389,13:00:03,26.49,156384,59,卖盘
2390,13:00:06,26.52,39780,15,买盘
2391,13:00:09,26.5,26506,10,卖盘
2392,13:00:12,26.48,437052,165,卖盘
2393,13:00:15,26.48,1390690,525,卖盘
2394,13:00:18,26.53,651452,246,买盘
2395,13:00:21,26.49,63599,24,卖盘
2396,13:00:24,26.49,34437,13,买盘
2397,13:00:27,26.5,50339,19,买盘
2398,13:00:30,26.48,304520,115,卖盘
2399,13:00:33,26.48,39719,15,买盘
2400,13:00:36,26.47,881479,333,卖盘
2401,13:00:39,26.47,211760,80,买盘
2402,13:00:42,26.49,15894,6,卖盘
2403,13:00:45,26.48,111258,42,卖盘
2404,13:00:48,26.48,31776,12,买盘
2405,13:00:51,26.48,71491,27,买盘
2406,13:00:54,26.48,26472,10,买盘
2407,13:00:57,26.48,58255,22,买盘
2408,13:01:00,26.47,240901,91,卖盘
2409,13:01:03,26.49,807709,305,买盘
2410,13:01:06,26.49,2649,1,买盘
2411,13:01:09,26.5,108642,41,买盘
2412,13:01:12,26.53,42434,16,买盘
2413,13:01:15,26.53,71571,27,买盘
2414,13:01:18,26.5,230669,87,卖盘
2415,13:01:21,26.5,66250,25,买盘
2416,13:01:24,26.5,103345,39,买盘
2417,13:01:27,26.52,47736,18,买盘
2418,13:01:30,26.53,95435,36,买盘
2419,13:01:33,26.51,307716,116,卖盘
2420,13:01:36,26.52,39780,15,卖盘
2421,13:01:39,26.53,53066,20,卖盘
2422,13:01:42,26.55,34515,13,买盘
2423,13:01:45,26.57,18593,7,买盘
2424,13:01:48,26.57,77042,29,买盘
2425,13:01:51,26.58,2658,1,买盘
2426,13:01:54,26.59,226000,85,买盘
2427,13:01:57,26.62,654494,246,买盘
2428,13:02:00,26.59,103703,39,中性盘
2429,13:02:03,26.59,85082,32,买盘
2430,13:02:06,26.59,231315,87,买盘
2431,13:02:09,26.62,159585,60,买盘
2432,13:02:12,26.61,154302,58,买盘
2433,13:02:15,26.61,669986,252,买盘
2434,13:02:18,26.61,215538,81,卖盘
2435,13:02:21,26.61,58555,22,卖盘
2436,13:02:24,26.62,95774,36,买盘
2437,13:02:27,26.6,95792,36,卖盘
2438,13:02:30,26.62,138389,52,买盘
2439,13:02:33,26.58,5318,2,卖盘
2440,13:02:36,26.56,77042,29,中性盘
2441,13:02:39,26.55,7965,3,卖盘
2442,13:02:45,26.56,427301,161,买盘
2443,13:02:48,26.56,384237,145,买盘
2444,13:02:51,26.56,18590,7,买盘
2445,13:02:54,26.56,21246,8,买盘
2446,13:02:57,26.52,204313,77,卖盘
2447,13:03:03,26.53,230994,87,卖盘
2448,13:03:06,26.54,15924,6,中性盘
2449,13:03:09,26.54,53081,20,卖盘
2450,13:03:12,26.53,108781,41,卖盘
2451,13:03:15,26.54,45118,17,中性盘
2452,13:03:21,26.54,84928,32,买盘
2453,13:03:24,26.52,98152,37,卖盘
2454,13:03:30,26.53,15918,6,卖盘
2455,13:03:33,26.55,260012,98,买盘
2456,13:03:36,26.54,5308,2,中性盘
2457,13:03:39,26.55,26550,10,买盘
2458,13:03:42,26.55,74330,28,买盘
2459,13:03:48,26.55,79650,30,卖盘
2460,13:03:51,26.58,34539,13,买盘
2461,13:03:54,26.58,18606,7,买盘
2462,13:03:57,26.61,340454,128,买盘
2463,13:04:00,26.61,122406,46,卖盘
2464,13:04:03,26.6,109093,41,卖盘
2465,13:04:06,26.58,18606,7,卖盘
2466,13:04:09,26.6,101050,38,买盘
2467,13:04:12,26.58,172921,65,卖盘
2468,13:04:15,26.62,55872,21,买盘
2469,13:04:18,26.58,50534,19,卖盘
2470,13:04:21,26.62,26620,10,买盘
2471,13:04:24,26.58,50529,19,卖盘
2472,13:04:27,26.62,31937,12,买盘
2473,13:04:30,26.62,34586,13,买盘
2474,13:04:33,26.61,5322,2,中性盘
2475,13:04:36,26.61,106456,40,卖盘
2476,13:04:39,26.62,93168,35,买盘
2477,13:04:42,26.62,34609,13,卖盘
2478,13:04:45,26.62,162371,61,买盘
2479,13:04:48,26.6,842799,317,卖盘
2480,13:04:51,26.6,26596,10,买盘
2481,13:04:54,26.6,18620,7,买盘
2482,13:04:57,26.6,45218,17,买盘
2483,13:05:00,26.58,7978,3,卖盘
2484,13:05:03,26.6,2660,1,买盘
2485,13:05:06,26.6,21278,8,买盘
2486,13:05:09,26.61,79830,30,买盘
2487,13:05:12,26.58,10638,4,卖盘
2488,13:05:15,26.61,58531,22,买盘
2489,13:05:18,26.62,125107,47,买盘
2490,13:05:21,26.6,119741,45,卖盘
2491,13:05:24,26.59,66505,25,卖盘
2492,13:05:27,26.61,588308,221,买盘
2493,13:05:30,26.61,13305,5,卖盘
2494,13:05:33,26.64,410206,154,买盘
2495,13:05:36,26.65,285049,107,买盘
2496,13:05:39,26.64,642024,241,卖盘
2497,13:05:42,26.64,175856,66,买盘
2498,13:05:45,26.65,143862,54,买盘
2499,13:05:48,26.64,55946,21,卖盘
2500,13:05:51,26.64,391383,147,买盘
2501,13:05:57,26.62,210303,79,中性盘
2502,13:06:00,26.64,221020,83,买盘
2503,13:06:03,26.62,34606,13,卖盘
2504,13:06:06,26.61,58564,22,卖盘
2505,13:06:09,26.62,34628,13,卖盘
2506,13:06:12,26.62,138429,52,卖盘
2507,13:06:15,26.62,114468,43,卖盘
2508,13:06:18,26.62,109153,41,卖盘
2509,13:06:21,26.63,21297,8,买盘
2510,13:06:24,26.63,93199,35,买盘
2511,13:06:27,26.63,18641,7,买盘
2512,13:06:30,26.63,15978,6,卖盘
2513,13:06:33,26.63,23967,9,卖盘
2514,13:06:36,26.64,13316,5,买盘
2515,13:06:39,26.64,133170,50,买盘
2516,13:06:42,26.63,125161,47,卖盘
2517,13:06:45,26.63,143802,54,买盘
2518,13:06:48,26.63,61248,23,买盘
2519,13:06:51,26.63,29293,11,卖盘
2520,13:06:54,26.64,31964,12,买盘
2521,13:06:57,26.64,10656,4,买盘
2522,13:07:00,26.62,742883,279,卖盘
2523,13:07:06,26.61,23959,9,卖盘
2524,13:07:09,26.61,93169,35,卖盘
2525,13:07:12,26.63,279608,105,买盘
2526,13:07:15,26.6,548113,206,卖盘
2527,13:07:21,26.6,66500,25,卖盘
2528,13:07:24,26.6,143640,54,卖盘
2529,13:07:27,26.59,170226,64,卖盘
2530,13:07:30,26.6,55860,21,买盘
2531,13:07:33,26.59,138268,52,卖盘
2532,13:07:36,26.59,95703,36,买盘
2533,13:07:39,26.59,31913,12,卖盘
2534,13:07:42,26.59,13295,5,卖盘
2535,13:07:45,26.58,2275110,857,卖盘
2536,13:07:48,26.5,2650,1,卖盘
2537,13:07:51,26.5,320650,121,卖盘
2538,13:07:54,26.5,26501,10,卖盘
2539,13:07:57,26.5,151669,57,卖盘
2540,13:08:00,26.47,2679444,1014,卖盘
2541,13:08:03,26.47,68831,26,卖盘
2542,13:08:06,26.47,10588,4,买盘
2543,13:08:09,26.43,124221,47,卖盘
2544,13:08:12,26.47,222350,84,买盘
2545,13:08:15,26.5,21185,8,买盘
2546,13:08:18,26.47,60352,23,卖盘
2547,13:08:21,26.5,58279,22,买盘
2548,13:08:24,26.5,108650,41,卖盘
2549,13:08:27,26.5,143103,54,卖盘
2550,13:08:30,26.5,805600,304,卖盘
2551,13:08:33,26.49,63575,24,买盘
2552,13:08:36,26.49,18537,7,买盘
2553,13:08:39,26.49,79467,30,买盘
2554,13:08:42,26.47,87390,33,卖盘
2555,13:08:45,26.48,37072,14,买盘
2556,13:08:48,26.47,50294,19,卖盘
2557,13:08:51,26.47,240930,91,卖盘
2558,13:08:54,26.48,341491,129,买盘
2559,13:08:57,26.47,376405,142,卖盘
2560,13:09:03,26.47,68776,26,买盘
2561,13:09:06,26.45,31749,12,卖盘
2562,13:09:09,26.45,399591,151,卖盘
2563,13:09:12,26.45,7935,3,买盘
2564,13:09:15,26.44,29090,11,卖盘
2565,13:09:18,26.45,190428,72,买盘
2566,13:09:21,26.45,23798,9,买盘
2567,13:09:24,26.44,58168,22,卖盘
2568,13:09:27,26.44,92546,35,卖盘
2569,13:09:30,26.43,145365,55,卖盘
2570,13:09:33,26.43,518241,196,卖盘
2571,13:09:36,26.42,198237,75,卖盘
2572,13:09:39,26.43,52860,20,买盘
2573,13:09:42,26.42,1819380,689,卖盘
2574,13:09:45,26.42,110953,42,买盘
2575,13:09:48,26.4,52838,20,卖盘
2576,13:09:51,26.42,31704,12,买盘
2577,13:09:54,26.41,269383,102,卖盘
2578,13:09:57,26.41,7923,3,卖盘
2579,13:10:00,26.42,150582,57,买盘
2580,13:10:03,26.41,26415,10,卖盘
2581,13:10:06,26.41,95088,36,卖盘
2582,13:10:09,26.41,451460,171,买盘
2583,13:10:12,26.41,55450,21,买盘
2584,13:10:15,26.41,31692,12,买盘
2585,13:10:18,26.4,372344,141,卖盘
2586,13:10:21,26.41,95076,36,卖盘
2587,13:10:24,26.4,132074,50,卖盘
2588,13:10:27,26.42,18494,7,中性盘
2589,13:10:30,26.41,79236,30,卖盘
2590,13:10:33,26.41,29051,11,卖盘
2591,13:10:36,26.4,905630,343,卖盘
2592,13:10:39,26.39,155737,59,卖盘
2593,13:10:42,26.42,87127,33,买盘
2594,13:10:45,26.39,142520,54,卖盘
2595,13:10:48,26.42,50169,19,买盘
2596,13:10:51,26.42,169001,64,买盘
2597,13:10:54,26.4,195509,74,卖盘
2598,13:10:57,26.39,366967,139,卖盘
2599,13:11:00,26.42,26420,10,中性盘
2600,13:11:03,26.4,221856,84,卖盘
2601,13:11:06,26.42,190090,72,买盘
2602,13:11:09,26.42,108322,41,买盘
2603,13:11:12,26.42,198118,75,买盘
2604,13:11:15,26.42,470272,178,卖盘
2605,13:11:18,26.43,47559,18,买盘
2606,13:11:21,26.43,444024,168,买盘
2607,13:11:24,26.43,39656,15,卖盘
2608,13:11:27,26.43,198415,75,卖盘
2609,13:11:30,26.43,391194,148,卖盘
2610,13:11:33,26.48,39705,15,买盘
2611,13:11:39,26.43,843260,319,卖盘
2612,13:11:42,26.43,10572,4,买盘
2613,13:11:45,26.43,229941,87,买盘
2614,13:11:48,26.43,338294,128,买盘
2615,13:11:51,26.43,214087,81,卖盘
2616,13:11:54,26.42,441306,167,卖盘
2617,13:11:57,26.44,10575,4,买盘
2618,13:12:00,26.45,13222,5,买盘
2619,13:12:03,26.45,2645,1,卖盘
2620,13:12:06,26.47,13235,5,买盘
2621,13:12:09,26.47,10588,4,买盘
2622,13:12:12,26.48,10591,4,买盘
2623,13:12:15,26.48,36542,14,买盘
2624,13:12:18,26.48,15888,6,卖盘
2625,13:12:21,26.49,18542,7,买盘
2626,13:12:24,26.49,60927,23,买盘
2627,13:12:27,26.49,76821,29,卖盘
2628,13:12:30,26.5,63600,24,买盘
2629,13:12:33,26.5,217258,82,买盘
2630,13:12:36,26.5,333900,126,买盘
2631,13:12:39,26.5,206700,78,买盘
2632,13:12:42,26.5,172250,65,买盘
2633,13:12:45,26.5,63587,24,买盘
2634,13:12:48,26.52,15910,6,买盘
2635,13:12:51,26.5,148408,56,卖盘
2636,13:12:54,26.52,60996,23,买盘
2637,13:12:57,26.52,140546,53,买盘
2638,13:13:00,26.52,10608,4,卖盘
2639,13:13:03,26.52,58344,22,卖盘
2640,13:13:06,26.56,29203,11,买盘
2641,13:13:09,26.55,329285,124,卖盘
2642,13:13:12,26.56,188515,71,买盘
2643,13:13:15,26.56,135436,51,买盘
2644,13:13:18,26.57,111557,42,买盘
2645,13:13:21,26.57,108937,41,卖盘
2646,13:13:24,26.58,111610,42,买盘
2647,13:13:27,26.58,15948,6,买盘
2648,13:13:33,26.58,47822,18,卖盘
2649,13:13:36,26.58,39870,15,卖盘
2650,13:13:39,26.58,23916,9,买盘
2651,13:13:42,26.57,55781,21,买盘
2652,13:13:45,26.57,231159,87,卖盘
2653,13:13:48,26.58,651019,245,买盘
2654,13:13:51,26.57,100976,38,卖盘
2655,13:13:54,26.58,390720,147,买盘
2656,13:13:57,26.58,180750,68,卖盘
2657,13:14:00,26.57,220668,83,卖盘
2658,13:14:03,26.58,29238,11,买盘
2659,13:14:06,26.55,244495,92,卖盘
2660,13:14:09,26.57,122313,46,中性盘
2661,13:14:12,26.58,21264,8,卖盘
2662,13:14:15,26.6,369740,139,买盘
2663,13:14:18,26.58,228659,86,卖盘
2664,13:14:21,26.61,15957,6,买盘
2665,13:14:24,26.61,34593,13,买盘
2666,13:14:27,26.6,85046,32,买盘
2667,13:14:30,26.6,39896,15,买盘
2668,13:14:33,26.6,90437,34,买盘
2669,13:14:36,26.6,69121,26,买盘
2670,13:14:39,26.61,47884,18,买盘
2671,13:14:42,26.57,154275,58,卖盘
2672,13:14:45,26.6,111714,42,买盘
2673,13:14:48,26.6,23928,9,买盘
2674,13:14:51,26.6,66500,25,买盘
2675,13:14:54,26.6,82444,31,买盘
2676,13:14:57,26.64,665147,250,买盘
2677,13:15:00,26.59,739412,278,卖盘
2678,13:15:03,26.64,82553,31,买盘
2679,13:15:06,26.59,58528,22,卖盘
2680,13:15:09,26.64,37296,14,买盘
2681,13:15:12,26.61,66561,25,卖盘
2682,13:15:15,26.6,220856,83,卖盘
2683,13:15:18,26.64,103846,39,买盘
2684,13:15:21,26.6,148989,56,卖盘
2685,13:15:24,26.59,29255,11,卖盘
2686,13:15:27,26.59,172855,65,卖盘
2687,13:15:30,26.59,332497,125,买盘
2688,13:15:33,26.58,132939,50,卖盘
2689,13:15:36,26.6,101064,38,买盘
2690,13:15:39,26.58,247260,93,卖盘
2691,13:15:42,26.58,15948,6,买盘
2692,13:15:48,26.58,34552,13,买盘
2693,13:15:51,26.58,199335,75,买盘
2694,13:15:54,26.58,326729,123,买盘
2695,13:15:57,26.57,10628,4,中性盘
2696,13:16:00,26.57,127502,48,买盘
2697,13:16:03,26.57,77053,29,买盘
2698,13:16:06,26.57,39850,15,买盘
2699,13:16:09,26.56,98278,37,卖盘
2700,13:16:12,26.56,42496,16,买盘
2701,13:16:15,26.56,5312,2,买盘
2702,13:16:18,26.55,10620,4,卖盘
2703,13:16:24,26.57,114213,43,买盘
2704,13:16:27,26.57,183212,69,买盘
2705,13:16:30,26.57,47805,18,买盘
2706,13:16:33,26.55,138063,52,卖盘
2707,13:16:36,26.55,13275,5,买盘
2708,13:16:39,26.53,84896,32,卖盘
2709,13:16:42,26.53,10612,4,买盘
2710,13:16:45,26.53,2653,1,买盘
2711,13:16:48,26.52,100776,38,卖盘
2712,13:16:51,26.53,286441,108,买盘
2713,13:16:54,26.53,143219,54,买盘
2714,13:16:57,26.52,58344,22,卖盘
2715,13:17:00,26.52,387216,146,卖盘
2716,13:17:03,26.52,63648,24,卖盘
2717,13:17:06,26.52,63648,24,买盘
2718,13:17:09,26.52,116651,44,买盘
2719,13:17:12,26.52,111384,42,买盘
2720,13:17:15,26.55,151313,57,买盘
2721,13:17:18,26.57,185966,70,买盘
2722,13:17:21,26.53,21224,8,卖盘
2723,13:17:24,26.58,111628,42,买盘
2724,13:17:27,26.58,1482732,559,买盘
2725,13:17:30,26.6,119680,45,买盘
2726,13:17:36,26.59,55839,21,中性盘
2727,13:17:39,26.59,82429,31,买盘
2728,13:17:42,26.6,116981,44,买盘
2729,13:17:45,26.6,124989,47,买盘
2730,13:17:48,26.6,2660,1,卖盘
2731,13:17:51,26.6,82471,31,卖盘
2732,13:17:54,26.62,31934,12,买盘
2733,13:17:57,26.62,82502,31,买盘
2734,13:18:00,26.62,170333,64,买盘
2735,13:18:03,26.66,1145734,430,买盘
2736,13:18:06,26.67,357169,134,买盘
2737,13:18:09,26.71,1686646,632,买盘
2738,13:18:12,26.74,202954,76,买盘
2739,13:18:15,26.74,26740,10,买盘
2740,13:18:18,26.75,251367,94,买盘
2741,13:18:21,26.74,179223,67,卖盘
2742,13:18:24,26.75,407066,152,买盘
2743,13:18:27,26.78,150036,56,中性盘
2744,13:18:30,26.8,401987,150,买盘
2745,13:18:33,26.82,69718,26,买盘
2746,13:18:36,26.85,142277,53,买盘
2747,13:18:39,26.85,64421,24,买盘
2748,13:18:42,26.84,177192,66,卖盘
2749,13:18:45,26.83,555649,207,卖盘
2750,13:18:48,26.86,413284,154,买盘
2751,13:18:51,26.85,190584,71,中性盘
2752,13:18:54,26.85,622777,232,买盘
2753,13:18:57,26.82,990420,369,卖盘
2754,13:19:00,26.84,1930921,720,买盘
2755,13:19:03,26.82,142108,53,中性盘
2756,13:19:06,26.83,152882,57,买盘
2757,13:19:09,26.79,807089,301,卖盘
2758,13:19:12,26.77,96312,36,中性盘
2759,13:19:15,26.79,184557,69,买盘
2760,13:19:18,26.75,283531,106,买盘
2761,13:19:21,26.72,232666,87,卖盘
2762,13:19:24,26.75,131045,49,买盘
2763,13:19:27,26.75,106936,40,买盘
2764,13:19:30,26.72,74830,28,卖盘
2765,13:19:33,26.74,219306,82,中性盘
2766,13:19:36,26.75,139000,52,买盘
2767,13:19:39,26.75,117700,44,买盘
2768,13:19:42,26.75,200590,75,卖盘
2769,13:19:45,26.75,243429,91,卖盘
2770,13:19:48,26.74,286067,107,中性盘
2771,13:19:51,26.73,138966,52,卖盘
2772,13:19:54,26.74,296851,111,买盘
2773,13:19:57,26.71,344890,129,卖盘
2774,13:20:00,26.71,533915,200,买盘
2775,13:20:03,26.67,96140,36,卖盘
2776,13:20:06,26.66,98686,37,卖盘
2777,13:20:09,26.66,242562,91,买盘
2778,13:20:12,26.7,74660,28,买盘
2779,13:20:15,26.7,32036,12,买盘
2780,13:20:18,26.66,136152,51,卖盘
2781,13:20:21,26.7,53409,20,卖盘
2782,13:20:24,26.7,122882,46,卖盘
2783,13:20:27,26.7,109527,41,卖盘
2784,13:20:30,26.72,40080,15,买盘
2785,13:20:33,26.7,160252,60,卖盘
2786,13:20:36,26.69,2669,1,卖盘
2787,13:20:39,26.7,248299,93,买盘
2788,13:20:42,26.69,5338,2,中性盘
2789,13:20:45,26.68,82708,31,卖盘
2790,13:20:48,26.68,98768,37,卖盘
2791,13:20:51,26.7,10680,4,卖盘
2792,13:20:54,26.7,186900,70,卖盘
2793,13:20:57,26.7,125499,47,卖盘
2794,13:21:00,26.7,304386,114,卖盘
2795,13:21:03,26.72,427287,160,买盘
2796,13:21:06,26.71,323045,121,中性盘
2797,13:21:09,26.71,13355,5,买盘
2798,13:21:12,26.7,21364,8,中性盘
2799,13:21:15,26.69,88099,33,卖盘
2800,13:21:18,26.71,229628,86,买盘
2801,13:21:21,26.69,61387,23,卖盘
2802,13:21:24,26.7,45390,17,卖盘
2803,13:21:27,26.68,653915,245,卖盘
2804,13:21:30,26.7,5340,2,买盘
2805,13:21:33,26.7,85403,32,买盘
2806,13:21:36,26.7,48060,18,买盘
2807,13:21:39,26.7,90780,34,卖盘
2808,13:21:42,26.7,32040,12,买盘
2809,13:21:45,26.7,5340,2,买盘
2810,13:21:48,26.7,16020,6,买盘
2811,13:21:51,26.69,117477,44,卖盘
2812,13:21:54,26.69,149507,56,卖盘
2813,13:21:57,26.7,26695,10,买盘
2814,13:22:00,26.67,861712,323,卖盘
2815,13:22:03,26.68,1037101,389,买盘
2816,13:22:06,26.66,82618,31,中性盘
2817,13:22:09,26.65,95941,36,卖盘
2818,13:22:12,26.66,26660,10,买盘
2819,13:22:15,26.66,10661,4,买盘
2820,13:22:18,26.65,79955,30,卖盘
2821,13:22:21,26.64,39960,15,卖盘
2822,13:22:24,26.65,162543,61,买盘
2823,13:22:27,26.65,82608,31,买盘
2824,13:22:30,26.64,34632,13,卖盘
2825,13:22:33,26.64,218448,82,卖盘
2826,13:22:36,26.65,10658,4,买盘
2827,13:22:39,26.65,34636,13,买盘
2828,13:22:42,26.64,71939,27,卖盘
2829,13:22:45,26.64,7992,3,买盘
2830,13:22:48,26.63,346193,130,卖盘
2831,13:22:51,26.63,26625,10,买盘
2832,13:22:57,26.62,23958,9,卖盘
2833,13:23:00,26.61,298098,112,卖盘
2834,13:23:03,26.63,63899,24,买盘
2835,13:23:06,26.61,42595,16,卖盘
2836,13:23:09,26.62,71874,27,买盘
2837,13:23:12,26.63,63904,24,买盘
2838,13:23:15,26.63,50598,19,卖盘
2839,13:23:18,26.65,61275,23,买盘
2840,13:23:21,26.63,133238,50,卖盘
2841,13:23:24,26.63,13315,5,卖盘
2842,13:23:27,26.66,42656,16,买盘
2843,13:23:30,26.67,103991,39,买盘
2844,13:23:33,26.67,42672,16,卖盘
2845,13:23:36,26.68,48024,18,买盘
2846,13:23:39,26.7,160128,60,买盘
2847,13:23:42,26.69,26690,10,卖盘
2848,13:23:45,26.69,93439,35,卖盘
2849,13:23:48,26.7,296293,111,买盘
2850,13:23:51,26.69,50726,19,卖盘
2851,13:23:54,26.71,138887,52,买盘
2852,13:23:57,26.7,210966,79,卖盘
2853,13:24:00,26.7,304229,114,买盘
2854,13:24:03,26.71,120210,45,买盘
2855,13:24:06,26.71,8013,3,买盘
2856,13:24:09,26.7,66750,25,卖盘
2857,13:24:12,26.71,21368,8,卖盘
2858,13:24:15,26.71,40065,15,卖盘
2859,13:24:18,26.71,42738,16,卖盘
2860,13:24:21,26.71,96158,36,卖盘
2861,13:24:24,26.72,40080,15,买盘
2862,13:24:27,26.67,744855,279,卖盘
2863,13:24:30,26.68,32016,12,买盘
2864,13:24:33,26.7,344382,129,买盘
2865,13:24:39,26.68,34694,13,卖盘
2866,13:24:42,26.7,16019,6,中性盘
2867,13:24:45,26.7,104095,39,买盘
2868,13:24:48,26.7,74760,28,卖盘
2869,13:24:51,26.69,456523,171,卖盘
2870,13:24:54,26.71,90798,34,买盘
2871,13:24:57,26.71,32036,12,买盘
2872,13:25:00,26.71,224181,84,买盘
2873,13:25:03,26.69,48050,18,卖盘
2874,13:25:06,26.72,293647,110,买盘
2875,13:25:09,26.71,8013,3,中性盘
2876,13:25:12,26.71,10685,4,卖盘
2877,13:25:15,26.71,26710,10,买盘
2878,13:25:18,26.71,77450,29,买盘
2879,13:25:21,26.71,117524,44,卖盘
2880,13:25:24,26.69,45389,17,卖盘
2881,13:25:27,26.76,609590,228,买盘
2882,13:25:33,26.76,334507,125,卖盘
2883,13:25:36,26.77,82979,31,买盘
2884,13:25:39,26.8,570680,213,买盘
2885,13:25:42,26.8,40179,15,买盘
2886,13:25:45,26.77,26775,10,卖盘
2887,13:25:48,26.79,24109,9,中性盘
2888,13:25:51,26.79,184902,69,买盘
2889,13:25:54,26.8,425795,159,买盘
2890,13:25:57,26.79,294721,110,中性盘
2891,13:26:00,26.79,1041450,389,卖盘
2892,13:26:03,26.8,396520,148,买盘
2893,13:26:06,26.79,93737,35,卖盘
2894,13:26:09,26.77,147293,55,卖盘
2895,13:26:12,26.77,203506,76,卖盘
2896,13:26:15,26.79,155235,58,买盘
2897,13:26:18,26.77,147232,55,卖盘
2898,13:26:21,26.77,377491,141,卖盘
2899,13:26:24,26.77,184733,69,卖盘
2900,13:26:27,26.77,123120,46,买盘
2901,13:26:30,26.75,18728,7,卖盘
2902,13:26:33,26.76,69562,26,买盘
2903,13:26:36,26.73,69528,26,卖盘
2904,13:26:39,26.73,29418,11,卖盘
2905,13:26:42,26.73,336594,126,买盘
2906,13:26:45,26.71,189657,71,卖盘
2907,13:26:48,26.7,112162,42,卖盘
2908,13:26:51,26.69,82774,31,卖盘
2909,13:26:54,26.72,50774,19,中性盘
2910,13:26:57,26.7,37368,14,卖盘
2911,13:27:00,26.69,154812,58,卖盘
2912,13:27:03,26.73,13361,5,买盘
2913,13:27:09,26.72,37408,14,买盘
2914,13:27:12,26.71,5342,2,卖盘
2915,13:27:15,26.72,29388,11,买盘
2916,13:27:18,26.73,88163,33,买盘
2917,13:27:27,26.73,48114,18,卖盘
2918,13:27:30,26.74,489220,183,买盘
2919,13:27:36,26.7,61442,23,卖盘
2920,13:27:39,26.71,8013,3,中性盘
2921,13:27:42,26.73,37404,14,买盘
2922,13:27:45,26.72,32066,12,中性盘
2923,13:27:48,26.72,184366,69,买盘
2924,13:27:51,26.73,93555,35,卖盘
2925,13:27:54,26.75,74892,28,买盘
2926,13:27:57,26.71,40065,15,卖盘
2927,13:28:00,26.73,34760,13,买盘
2928,13:28:03,26.73,18711,7,卖盘
2929,13:28:06,26.75,18723,7,买盘
2930,13:28:09,26.75,2675,1,买盘
2931,13:28:12,26.75,144412,54,买盘
2932,13:28:15,26.73,66825,25,卖盘
2933,13:28:18,26.73,48114,18,买盘
2934,13:28:21,26.75,331596,124,买盘
2935,13:28:24,26.75,106975,40,买盘
2936,13:28:27,26.73,58840,22,卖盘
2937,13:28:30,26.75,101629,38,买盘
2938,13:28:33,26.73,42784,16,卖盘
2939,13:28:42,26.76,8027,3,买盘
2940,13:28:48,26.75,66895,25,中性盘
2941,13:28:51,26.76,133737,50,买盘
2942,13:28:54,26.73,61482,23,卖盘
2943,13:29:00,26.73,310110,116,卖盘
2944,13:29:03,26.73,1489158,556,卖盘
2945,13:29:06,26.74,53489,20,卖盘
2946,13:29:09,26.81,281490,105,买盘
2947,13:29:12,26.72,72159,27,卖盘
2948,13:29:15,26.81,2681,1,买盘
2949,13:29:18,26.81,2681,1,卖盘
2950,13:29:21,26.82,85812,32,买盘
2951,13:29:24,26.82,99230,37,买盘
2952,13:29:27,26.82,21453,8,买盘
2953,13:29:30,26.81,152811,57,卖盘
2954,13:29:33,26.86,1264200,471,买盘
2955,13:29:36,26.88,257984,96,买盘
2956,13:29:39,26.86,819669,305,卖盘
2957,13:29:42,26.89,241937,90,买盘
2958,13:29:45,26.89,317363,118,买盘
2959,13:29:48,26.9,554145,206,买盘
2960,13:29:51,26.94,83481,31,买盘
2961,13:29:54,26.93,296097,110,中性盘
2962,13:29:57,26.94,193853,72,买盘
2963,13:30:00,26.93,403923,150,卖盘
2964,13:30:03,26.94,231616,86,买盘
2965,13:30:06,26.94,331384,123,买盘
2966,13:30:09,26.92,298951,111,卖盘
2967,13:30:12,26.94,608224,226,买盘
2968,13:30:15,26.94,26922,10,买盘
2969,13:30:18,26.89,856820,318,卖盘
2970,13:30:21,26.92,26908,10,中性盘
2971,13:30:24,26.92,43052,16,买盘
2972,13:30:27,26.91,185724,69,中性盘
2973,13:30:30,26.9,104928,39,卖盘
2974,13:30:33,26.91,51114,19,买盘
2975,13:30:36,26.9,540721,201,卖盘
2976,13:30:39,26.91,320170,119,买盘
2977,13:30:42,26.9,403782,150,卖盘
2978,13:30:45,26.93,242369,90,买盘
2979,13:30:48,26.93,455201,169,卖盘
2980,13:30:51,26.94,177757,66,买盘
2981,13:30:54,26.94,212793,79,买盘
2982,13:30:57,26.94,514680,191,买盘
2983,13:31:00,26.94,263908,98,卖盘
2984,13:31:03,26.96,474317,176,买盘
2985,13:31:06,26.94,140098,52,卖盘
2986,13:31:09,26.94,358473,133,卖盘
2987,13:31:12,26.94,242524,90,卖盘
2988,13:31:15,26.94,716839,266,卖盘
2989,13:31:18,26.95,318075,118,中性盘
2990,13:31:21,26.94,266761,99,买盘
2991,13:31:24,26.91,150840,56,卖盘
2992,13:31:27,26.94,32321,12,买盘
2993,13:31:30,26.91,166860,62,卖盘
2994,13:31:33,26.91,34985,13,买盘
2995,13:31:36,26.91,207184,77,中性盘
2996,13:31:39,26.9,72647,27,卖盘
2997,13:31:42,26.91,360555,134,买盘
2998,13:31:45,26.9,182938,68,卖盘
2999,13:31:48,26.9,260977,97,卖盘
3000,13:31:51,26.91,190998,71,买盘
3001,13:31:54,26.88,1218020,453,卖盘
3002,13:31:57,26.9,172041,64,买盘
3003,13:32:00,26.86,805896,300,卖盘
3004,13:32:03,26.9,196345,73,买盘
3005,13:32:06,26.9,72629,27,买盘
3006,13:32:09,26.88,72620,27,卖盘
3007,13:32:12,26.9,64536,24,买盘
3008,13:32:15,26.9,37650,14,买盘
3009,13:32:18,26.88,260764,97,卖盘
3010,13:32:21,26.88,129024,48,买盘
3011,13:32:24,26.9,44408,17,买盘
3012,13:32:27,26.9,18824,7,买盘
3013,13:32:30,26.89,126383,47,卖盘
3014,13:32:33,26.89,142572,53,卖盘
3015,13:32:36,26.9,2690,1,中性盘
3016,13:32:39,26.9,53804,20,卖盘
3017,13:32:42,26.91,40354,15,买盘
3018,13:32:45,26.91,24216,9,买盘
3019,13:32:48,26.91,113022,42,买盘
3020,13:32:51,26.91,80730,30,买盘
3021,13:32:54,26.91,83429,31,卖盘
3022,13:32:57,26.92,215412,80,买盘
3023,13:33:00,26.92,121141,45,卖盘
3024,13:33:03,26.92,126524,47,卖盘
3025,13:33:06,26.92,110373,41,买盘
3026,13:33:09,26.94,99628,37,买盘
3027,13:33:12,26.94,393082,146,买盘
3028,13:33:15,26.94,253220,94,买盘
3029,13:33:18,26.95,641287,238,买盘
3030,13:33:21,26.96,8088,3,买盘
3031,13:33:24,26.96,725213,269,买盘
3032,13:33:27,26.97,194184,72,买盘
3033,13:33:30,26.97,121347,45,买盘
3034,13:33:33,26.97,409943,152,买盘
3035,13:33:36,26.97,253468,94,买盘
3036,13:33:39,26.97,269683,100,买盘
3037,13:33:42,26.98,240032,89,买盘
3038,13:33:45,26.97,871265,323,中性盘
3039,13:33:48,26.96,356000,132,卖盘
3040,13:33:51,26.98,231915,86,买盘
3041,13:33:54,26.96,67400,25,卖盘
3042,13:33:57,26.96,110532,41,买盘
3043,13:34:00,26.95,385395,143,卖盘
3044,13:34:03,26.94,283002,105,卖盘
