,成交时间,成交价格,成交金额,成交量,性质
0,09:25:00,23.21,9687784,4174,买盘
1,09:30:00,23.24,4030045,1734,买盘
2,09:30:03,23.3,1807625,777,买盘
3,09:30:06,23.3,3926418,1688,买盘
4,09:30:09,23.37,349947,150,卖盘
5,09:30:12,23.37,1122513,481,买盘
6,09:30:15,23.3,1083680,465,卖盘
7,09:30:18,23.29,1542115,662,卖盘
8,09:30:21,23.27,948829,408,中性盘
9,09:30:24,23.25,864475,372,卖盘
10,09:30:27,23.23,866323,373,卖盘
11,09:30:30,23.21,850249,366,卖盘
12,09:30:33,23.23,1620774,698,买盘
13,09:30:36,23.21,1624979,700,卖盘
14,09:30:39,23.23,568205,245,买盘
15,09:30:42,23.26,790798,340,买盘
16,09:30:45,23.3,523981,225,买盘
17,09:30:48,23.32,710114,305,中性盘
18,09:30:51,23.35,450595,193,买盘
19,09:30:54,23.36,301266,129,中性盘
20,09:30:57,23.4,568676,243,买盘
21,09:31:00,23.4,512522,219,卖盘
22,09:31:03,23.41,1207612,516,买盘
23,09:31:06,23.41,2013959,860,买盘
24,09:31:09,23.44,552924,236,买盘
25,09:31:12,23.44,1761559,751,买盘
26,09:31:15,23.48,2118624,901,买盘
27,09:31:18,23.49,544457,232,买盘
28,09:31:21,23.49,1289014,549,买盘
29,09:31:24,23.48,1129502,481,中性盘
30,09:31:27,23.49,1443225,615,买盘
31,09:31:30,23.54,787714,335,买盘
32,09:31:33,23.52,865368,368,卖盘
33,09:31:36,23.52,816688,347,卖盘
34,09:31:39,23.53,717453,305,买盘
35,09:31:42,23.49,1560695,664,卖盘
36,09:31:45,23.5,1063785,453,买盘
37,09:31:48,23.5,577429,246,买盘
38,09:31:51,23.49,608200,259,中性盘
39,09:31:54,23.45,772337,329,卖盘
40,09:31:57,23.49,593414,253,买盘
41,09:32:00,23.44,449986,192,中性盘
42,09:32:03,23.43,949107,405,卖盘
43,09:32:06,23.43,3179714,1358,卖盘
44,09:32:09,23.43,850697,363,卖盘
45,09:32:12,23.42,300185,128,卖盘
46,09:32:15,23.47,342297,146,中性盘
47,09:32:18,23.48,353910,151,买盘
48,09:32:21,23.42,403004,172,卖盘
49,09:32:24,23.46,567542,242,中性盘
50,09:32:27,23.45,220684,94,卖盘
51,09:32:30,23.47,2074272,885,买盘
52,09:32:33,23.47,642280,274,卖盘
53,09:32:36,23.47,194800,83,卖盘
54,09:32:39,23.47,692500,295,买盘
55,09:32:42,23.48,366196,156,卖盘
56,09:32:45,23.47,1185722,505,卖盘
57,09:32:48,23.47,511715,218,卖盘
58,09:32:51,23.48,781653,333,买盘
59,09:32:54,23.45,171248,73,卖盘
60,09:32:57,23.47,511288,218,买盘
61,09:33:00,23.43,576923,246,卖盘
62,09:33:03,23.43,361004,154,卖盘
63,09:33:06,23.43,665587,284,卖盘
64,09:33:09,23.46,752695,321,买盘
65,09:33:12,23.43,487619,208,卖盘
66,09:33:15,23.45,306922,131,买盘
67,09:33:18,23.4,259966,111,卖盘
68,09:33:21,23.4,1989218,851,卖盘
69,09:33:24,23.4,582660,249,买盘
70,09:33:27,23.4,264267,113,买盘
71,09:33:30,23.37,306358,131,中性盘
72,09:33:33,23.35,308219,132,卖盘
73,09:33:36,23.35,231225,99,买盘
74,09:33:39,23.37,1047357,448,买盘
75,09:33:42,23.4,763745,327,买盘
76,09:33:45,23.39,210440,90,中性盘
77,09:33:48,23.4,666301,285,买盘
78,09:33:51,23.4,776796,332,卖盘
79,09:33:54,23.44,451724,193,买盘
80,09:33:57,23.4,411954,176,卖盘
81,09:34:00,23.4,119492,51,卖盘
82,09:34:03,23.39,1382088,591,卖盘
83,09:34:06,23.4,124015,53,买盘
84,09:34:09,23.4,561520,240,买盘
85,09:34:12,23.39,362576,155,卖盘
86,09:34:15,23.37,748065,320,卖盘
87,09:34:18,23.37,194099,83,中性盘
88,09:34:21,23.36,991720,424,卖盘
89,09:34:24,23.38,156629,67,卖盘
90,09:34:27,23.36,275750,118,卖盘
91,09:34:30,23.4,177679,76,买盘
92,09:34:33,23.35,1114118,477,卖盘
93,09:34:36,23.33,1001684,429,卖盘
94,09:34:39,23.33,1414716,607,卖盘
95,09:34:42,23.3,389632,167,卖盘
96,09:34:45,23.3,349383,150,卖盘
97,09:34:48,23.3,423778,182,买盘
98,09:34:51,23.3,1884054,809,买盘
99,09:34:54,23.31,346998,149,买盘
100,09:34:57,23.28,684495,294,卖盘
101,09:35:00,23.31,662299,284,买盘
102,09:35:03,23.31,713499,306,卖盘
103,09:35:06,23.32,93255,40,中性盘
104,09:35:09,23.39,675814,289,买盘
105,09:35:12,23.42,71512,31,买盘
106,09:35:15,23.42,360660,154,卖盘
107,09:35:18,23.44,215509,92,中性盘
108,09:35:21,23.43,947469,404,卖盘
109,09:35:24,23.43,236785,101,卖盘
110,09:35:27,23.45,750015,320,买盘
111,09:35:30,23.48,412884,176,买盘
112,09:35:33,23.46,316754,135,中性盘
113,09:35:36,23.45,593430,253,卖盘
114,09:35:39,23.43,705772,301,卖盘
115,09:35:42,23.46,447809,191,买盘
116,09:35:45,23.45,326175,139,卖盘
117,09:35:48,23.45,276748,118,卖盘
118,09:35:51,23.46,340114,145,买盘
119,09:35:54,23.47,1184541,505,买盘
120,09:35:57,23.56,5190417,2208,买盘
121,09:36:00,23.58,1471694,624,买盘
122,09:36:03,23.64,257090,109,买盘
123,09:36:06,23.63,744313,315,中性盘
124,09:36:09,23.64,642650,272,买盘
125,09:36:12,23.64,1203627,510,买盘
126,09:36:15,23.62,866975,367,中性盘
127,09:36:18,23.61,861550,365,买盘
128,09:36:21,23.61,840424,356,买盘
129,09:36:24,23.6,316302,134,中性盘
130,09:36:27,23.59,620574,263,买盘
131,09:36:30,23.58,254655,108,中性盘
132,09:36:33,23.51,605725,257,卖盘
133,09:36:36,23.56,567979,241,买盘
134,09:36:39,23.5,324944,138,卖盘
135,09:36:42,23.56,860311,365,买盘
136,09:36:45,23.56,444230,189,卖盘
137,09:36:48,23.56,212956,90,卖盘
138,09:36:51,23.55,293439,125,中性盘
139,09:36:54,23.55,153051,65,买盘
140,09:36:57,23.53,543739,231,卖盘
141,09:37:00,23.52,1209287,514,卖盘
142,09:37:03,23.51,101074,43,中性盘
143,09:37:06,23.49,324116,138,卖盘
144,09:37:09,23.47,401629,171,卖盘
145,09:37:12,23.47,162022,69,卖盘
146,09:37:15,23.46,234733,100,卖盘
147,09:37:18,23.44,654473,279,卖盘
148,09:37:21,23.44,138476,59,卖盘
149,09:37:24,23.44,168888,72,卖盘
150,09:37:27,23.44,119623,51,卖盘
151,09:37:30,23.44,119544,51,卖盘
152,09:37:33,23.44,171104,73,买盘
153,09:37:36,23.44,393789,168,买盘
154,09:37:39,23.44,154711,66,买盘
155,09:37:42,23.44,354433,151,卖盘
156,09:37:45,23.45,196942,84,中性盘
157,09:37:48,23.46,431601,184,买盘
158,09:37:51,23.47,250955,107,买盘
159,09:37:54,23.48,166639,71,买盘
160,09:37:57,23.46,234712,100,卖盘
161,09:38:00,23.47,396562,169,中性盘
162,09:38:03,23.47,654372,279,买盘
163,09:38:06,23.46,640122,273,卖盘
164,09:38:09,23.45,203997,87,卖盘
165,09:38:12,23.47,553629,236,买盘
166,09:38:15,23.45,107875,46,中性盘
167,09:38:18,23.45,307093,131,买盘
168,09:38:21,23.45,443105,189,买盘
169,09:38:24,23.44,213393,91,中性盘
170,09:38:27,23.45,297679,127,买盘
171,09:38:30,23.44,471308,201,卖盘
172,09:38:33,23.45,2500936,1066,买盘
173,09:38:36,23.45,164150,70,卖盘
174,09:38:39,23.45,185348,79,卖盘
175,09:38:42,23.46,631038,269,卖盘
176,09:38:45,23.47,117370,50,中性盘
177,09:38:48,23.49,58722,25,买盘
178,09:38:51,23.47,251230,107,卖盘
179,09:38:54,23.46,912853,389,卖盘
180,09:38:57,23.48,539651,230,买盘
181,09:39:00,23.48,1116747,476,买盘
182,09:39:03,23.49,2481970,1057,买盘
183,09:39:06,23.48,227773,97,卖盘
184,09:39:09,23.48,143263,61,买盘
185,09:39:12,23.49,180853,77,买盘
186,09:39:15,23.49,328850,140,买盘
187,09:39:18,23.48,122147,52,卖盘
188,09:39:21,23.49,326484,139,买盘
189,09:39:24,23.5,185604,79,买盘
190,09:39:27,23.5,136300,58,买盘
191,09:39:30,23.53,1300776,553,买盘
192,09:39:33,23.56,399932,170,买盘
193,09:39:36,23.56,68318,29,买盘
194,09:39:39,23.52,360336,153,卖盘
195,09:39:42,23.55,841032,357,中性盘
196,09:39:45,23.56,120141,51,买盘
197,09:39:48,23.57,172000,73,买盘
198,09:39:51,23.57,381877,162,买盘
199,09:39:54,23.57,320557,136,卖盘
200,09:39:57,23.57,367787,156,卖盘
201,09:40:00,23.58,973660,413,买盘
202,09:40:03,23.58,575836,244,买盘
203,09:40:06,23.58,539908,229,卖盘
204,09:40:09,23.58,714563,303,卖盘
205,09:40:12,23.58,207465,88,买盘
206,09:40:15,23.57,669041,284,卖盘
207,09:40:18,23.56,296971,126,卖盘
208,09:40:21,23.56,299251,127,卖盘
209,09:40:24,23.53,3283992,1394,卖盘
210,09:40:27,23.55,261403,111,买盘
211,09:40:30,23.53,345926,147,卖盘
212,09:40:33,23.55,134148,57,买盘
213,09:40:36,23.53,670675,285,卖盘
214,09:40:39,23.53,327154,139,卖盘
215,09:40:42,23.54,508628,216,卖盘
216,09:40:45,23.54,72984,31,卖盘
217,09:40:48,23.55,3216916,1366,买盘
218,09:40:51,23.58,315709,134,买盘
219,09:40:54,23.59,351894,149,买盘
220,09:40:57,23.58,346531,147,卖盘
221,09:41:00,23.59,1238464,525,买盘
222,09:41:03,23.58,823280,349,卖盘
223,09:41:06,23.59,391563,166,中性盘
224,09:41:09,23.58,379818,161,卖盘
225,09:41:12,23.58,141455,60,买盘
226,09:41:15,23.56,252209,107,卖盘
227,09:41:18,23.58,485708,206,买盘
228,09:41:21,23.58,190911,81,买盘
229,09:41:24,23.58,1250814,530,买盘
230,09:41:27,23.58,459757,195,卖盘
231,09:41:30,23.59,596616,253,买盘
232,09:41:33,23.58,327798,139,卖盘
233,09:41:36,23.58,70738,30,买盘
234,09:41:39,23.58,233430,99,买盘
235,09:41:42,23.61,2482174,1052,买盘
236,09:41:45,23.62,5450608,2306,买盘
237,09:41:48,23.62,373352,158,卖盘
238,09:41:51,23.62,302602,128,卖盘
239,09:41:54,23.63,207901,88,买盘
240,09:41:57,23.68,482264,204,买盘
241,09:42:00,23.68,243696,103,买盘
242,09:42:03,23.69,286528,121,买盘
243,09:42:06,23.68,809723,342,卖盘
244,09:42:09,23.67,809701,342,中性盘
245,09:42:12,23.63,340603,144,卖盘
246,09:42:15,23.62,1149752,487,卖盘
247,09:42:18,23.63,661546,280,买盘
248,09:42:21,23.62,167717,71,中性盘
249,09:42:24,23.63,861930,365,买盘
250,09:42:27,23.62,651826,276,中性盘
251,09:42:30,23.63,522148,221,买盘
252,09:42:33,23.62,453336,192,中性盘
253,09:42:36,23.62,724687,307,买盘
254,09:42:39,23.6,779190,330,卖盘
255,09:42:42,23.6,457818,194,买盘
256,09:42:45,23.58,150994,64,卖盘
257,09:42:48,23.58,99036,42,卖盘
258,09:42:51,23.57,421934,179,卖盘
259,09:42:54,23.57,271049,115,卖盘
260,09:42:57,23.57,697637,296,买盘
261,09:43:00,23.56,384018,163,卖盘
262,09:43:03,23.56,47120,20,买盘
263,09:43:06,23.55,745321,317,卖盘
264,09:43:09,23.55,30615,13,买盘
265,09:43:12,23.52,294255,125,卖盘
266,09:43:15,23.52,192969,82,卖盘
267,09:43:18,23.52,82352,35,卖盘
268,09:43:21,23.52,392779,167,卖盘
269,09:43:24,23.51,312774,133,卖盘
270,09:43:27,23.5,601896,256,卖盘
271,09:43:30,23.52,275116,117,买盘
272,09:43:33,23.5,467726,199,卖盘
273,09:43:36,23.54,3252854,1381,买盘
274,09:43:39,23.59,317553,135,买盘
275,09:43:42,23.55,124715,53,中性盘
276,09:43:45,23.59,42462,18,买盘
277,09:43:48,23.59,323243,137,卖盘
278,09:43:51,23.6,339726,144,买盘
279,09:43:54,23.58,1080566,458,卖盘
280,09:43:57,23.58,148492,63,卖盘
281,09:44:00,23.6,1893790,802,买盘
282,09:44:03,23.69,1718584,726,买盘
283,09:44:06,23.68,932719,394,卖盘
284,09:44:09,23.69,293716,124,中性盘
285,09:44:12,23.69,343570,145,卖盘
286,09:44:15,23.7,587759,248,买盘
287,09:44:18,23.69,611179,258,卖盘
288,09:44:21,23.7,433377,183,买盘
289,09:44:24,23.65,393307,166,中性盘
290,09:44:27,23.69,504244,213,买盘
291,09:44:30,23.69,184683,78,买盘
292,09:44:33,23.7,610782,258,买盘
293,09:44:36,23.7,1378967,582,买盘
294,09:44:39,23.69,163466,69,买盘
295,09:44:42,23.7,589885,249,买盘
296,09:44:45,23.7,296176,125,买盘
297,09:44:48,23.69,416997,176,卖盘
298,09:44:51,23.68,841122,355,卖盘
299,09:44:54,23.69,191836,81,买盘
300,09:44:57,23.64,1991044,841,卖盘
301,09:45:00,23.66,198855,84,中性盘
302,09:45:03,23.68,108840,46,买盘
303,09:45:06,23.65,49688,21,卖盘
304,09:45:09,23.66,499242,211,买盘
305,09:45:12,23.66,160870,68,中性盘
306,09:45:15,23.68,352664,149,买盘
307,09:45:18,23.68,274646,116,买盘
308,09:45:21,23.67,541851,229,卖盘
309,09:45:24,23.67,447320,189,卖盘
310,09:45:27,23.66,369223,156,卖盘
311,09:45:30,23.66,101712,43,买盘
312,09:45:33,23.66,378504,160,买盘
313,09:45:36,23.65,487046,206,卖盘
314,09:45:39,23.63,78045,33,卖盘
315,09:45:42,23.63,439762,186,卖盘
316,09:45:45,23.63,245695,104,卖盘
317,09:45:48,23.63,115793,49,买盘
318,09:45:51,23.63,269374,114,买盘
319,09:45:54,23.61,103938,44,卖盘
320,09:45:57,23.62,113369,48,卖盘
321,09:46:00,23.61,120423,51,卖盘
322,09:46:03,23.62,110976,47,买盘
323,09:46:06,23.61,148748,63,卖盘
324,09:46:09,23.61,198281,84,买盘
325,09:46:12,23.6,165220,70,卖盘
326,09:46:15,23.6,21240,9,买盘
327,09:46:18,23.6,219447,93,买盘
328,09:46:21,23.58,415150,176,卖盘
329,09:46:24,23.57,466907,198,卖盘
330,09:46:27,23.58,23571,10,买盘
331,09:46:30,23.57,87207,37,卖盘
332,09:46:33,23.56,237872,101,卖盘
333,09:46:36,23.55,61229,26,卖盘
334,09:46:39,23.53,63571,27,卖盘
335,09:46:42,23.53,136492,58,卖盘
336,09:46:45,23.53,171758,73,卖盘
337,09:46:48,23.53,316565,135,卖盘
338,09:46:51,23.53,51765,22,买盘
339,09:46:54,23.52,496109,211,卖盘
340,09:46:57,23.51,101155,43,中性盘
341,09:47:00,23.5,279677,119,卖盘
342,09:47:03,23.5,1214958,517,卖盘
343,09:47:06,23.5,383053,163,卖盘
344,09:47:09,23.5,373659,159,买盘
345,09:47:12,23.49,401786,171,卖盘
346,09:47:15,23.48,1381146,588,卖盘
347,09:47:18,23.5,422870,180,买盘
348,09:47:21,23.5,211471,90,买盘
349,09:47:24,23.51,305447,130,买盘
350,09:47:27,23.5,260889,111,卖盘
351,09:47:30,23.5,185649,79,卖盘
352,09:47:33,23.52,944744,402,买盘
353,09:47:36,23.5,524116,223,卖盘
354,09:47:39,23.51,169212,72,买盘
355,09:47:42,23.51,72910,31,卖盘
356,09:47:45,23.51,61121,26,买盘
357,09:47:48,23.52,427793,182,买盘
358,09:47:51,23.52,305790,130,买盘
359,09:47:54,23.52,190523,81,卖盘
360,09:47:57,23.53,301710,128,买盘
361,09:48:00,23.54,230604,98,买盘
362,09:48:03,23.54,265210,113,买盘
363,09:48:06,23.54,171759,73,买盘
364,09:48:09,23.52,207049,88,卖盘
365,09:48:12,23.53,61144,26,买盘
366,09:48:15,23.53,174078,74,买盘
367,09:48:18,23.53,308137,131,卖盘
368,09:48:21,23.54,884782,376,买盘
369,09:48:24,23.55,520286,221,买盘
370,09:48:27,23.68,2401617,1016,买盘
371,09:48:30,23.7,831006,351,买盘
372,09:48:33,23.7,336505,142,买盘
373,09:48:36,23.66,142160,60,卖盘
374,09:48:39,23.69,184526,78,买盘
375,09:48:42,23.69,144454,61,买盘
376,09:48:45,23.69,80528,34,买盘
377,09:48:48,23.68,765042,323,中性盘
378,09:48:51,23.66,47346,20,卖盘
379,09:48:54,23.68,177591,75,买盘
380,09:48:57,23.66,359885,152,卖盘
381,09:49:00,23.68,61568,26,中性盘
382,09:49:03,23.68,210731,89,卖盘
383,09:49:06,23.68,125493,53,买盘
384,09:49:09,23.68,286477,121,买盘
385,09:49:12,23.68,1236356,522,买盘
386,09:49:15,23.66,94711,40,卖盘
387,09:49:18,23.68,253216,107,买盘
388,09:49:21,23.65,73390,31,卖盘
389,09:49:24,23.65,49676,21,卖盘
390,09:49:27,23.63,52010,22,卖盘
391,09:49:30,23.65,104065,44,买盘
392,09:49:33,23.65,269476,114,买盘
393,09:49:36,23.65,352225,149,买盘
394,09:49:39,23.63,170228,72,卖盘
395,09:49:42,23.64,217500,92,买盘
396,09:49:45,23.64,304250,129,卖盘
397,09:49:48,23.63,834161,353,卖盘
398,09:49:51,23.63,122876,52,买盘
399,09:49:54,23.63,30718,13,买盘
400,09:49:57,23.62,66161,28,卖盘
401,09:50:00,23.61,266866,113,卖盘
402,09:50:03,23.61,347093,147,卖盘
403,09:50:06,23.6,35400,15,卖盘
404,09:50:09,23.61,214841,91,买盘
405,09:50:12,23.6,800382,339,卖盘
406,09:50:15,23.62,758252,321,买盘
407,09:50:18,23.65,524817,222,买盘
408,09:50:21,23.66,868305,367,买盘
409,09:50:24,23.65,153726,65,卖盘
410,09:50:27,23.66,610909,258,中性盘
411,09:50:30,23.66,1549270,655,卖盘
412,09:50:33,23.69,407366,172,买盘
413,09:50:36,23.66,170571,72,卖盘
414,09:50:39,23.69,182350,77,买盘
415,09:50:42,23.69,21321,9,买盘
416,09:50:45,23.69,597004,252,买盘
417,09:50:48,23.7,172938,73,买盘
418,09:50:51,23.7,241715,102,买盘
419,09:50:54,23.7,345921,146,买盘
420,09:50:57,23.69,66332,28,卖盘
421,09:51:00,23.69,322157,136,买盘
422,09:51:03,23.66,456993,193,卖盘
423,09:51:06,23.68,541980,229,买盘
424,09:51:09,23.66,175128,74,卖盘
425,09:51:12,23.66,714548,302,卖盘
426,09:51:15,23.66,78059,33,买盘
427,09:51:18,23.66,295747,125,买盘
428,09:51:21,23.65,650450,275,卖盘
429,09:51:24,23.66,229419,97,买盘
430,09:51:30,23.65,144224,61,买盘
431,09:51:33,23.65,144227,61,买盘
432,09:51:36,23.64,94576,40,卖盘
433,09:51:39,23.65,18915,8,买盘
434,09:51:42,23.63,37808,16,卖盘
435,09:51:45,23.63,14178,6,买盘
436,09:51:48,23.62,181889,77,卖盘
437,09:51:51,23.61,70837,30,卖盘
438,09:51:54,23.61,30693,13,卖盘
439,09:52:00,23.6,160497,68,卖盘
440,09:52:03,23.6,155785,66,卖盘
441,09:52:06,23.61,75525,32,买盘
442,09:52:09,23.6,618392,262,卖盘
443,09:52:12,23.6,110904,47,买盘
444,09:52:15,23.6,257187,109,买盘
445,09:52:18,23.59,87304,37,卖盘
446,09:52:21,23.59,243053,103,卖盘
447,09:52:24,23.6,186411,79,买盘
448,09:52:27,23.6,92016,39,买盘
449,09:52:30,23.59,58980,25,卖盘
450,09:52:33,23.59,403455,171,卖盘
451,09:52:36,23.57,23579,10,卖盘
452,09:52:39,23.58,37728,16,卖盘
453,09:52:42,23.58,365325,155,卖盘
454,09:52:45,23.58,37723,16,买盘
455,09:52:48,23.57,54221,23,卖盘
456,09:52:51,23.57,56568,24,卖盘
457,09:52:54,23.57,73059,31,卖盘
458,09:52:57,23.56,84841,36,卖盘
459,09:53:00,23.56,256834,109,卖盘
460,09:53:03,23.56,708993,301,卖盘
461,09:53:06,23.55,494800,210,中性盘
462,09:53:09,23.55,117791,50,卖盘
463,09:53:12,23.55,414600,176,卖盘
464,09:53:15,23.59,165066,70,买盘
465,09:53:18,23.59,70719,30,买盘
466,09:53:21,23.57,858686,364,卖盘
467,09:53:24,23.58,756674,321,买盘
468,09:53:27,23.59,87316,37,卖盘
469,09:53:30,23.6,224329,95,中性盘
470,09:53:33,23.62,292868,124,买盘
471,09:53:36,23.63,73202,31,买盘
472,09:53:39,23.63,122866,52,买盘
473,09:53:42,23.64,44914,19,买盘
474,09:53:45,23.63,330858,140,卖盘
475,09:53:48,23.63,63806,27,卖盘
476,09:53:51,23.64,683350,289,买盘
477,09:53:54,23.64,224605,95,卖盘
478,09:53:57,23.65,54395,23,买盘
479,09:54:03,23.65,30746,13,卖盘
480,09:54:06,23.66,229487,97,买盘
481,09:54:09,23.65,37845,16,卖盘
482,09:54:12,23.66,357148,151,买盘
483,09:54:15,23.66,94600,40,买盘
484,09:54:18,23.64,248246,105,卖盘
485,09:54:21,23.63,567305,240,卖盘
486,09:54:24,23.62,30706,13,买盘
487,09:54:27,23.6,474660,201,卖盘
488,09:54:30,23.6,476748,202,卖盘
489,09:54:33,23.59,660905,280,卖盘
490,09:54:36,23.59,89655,38,卖盘
491,09:54:39,23.59,146286,62,卖盘
492,09:54:42,23.58,42459,18,卖盘
493,09:54:45,23.59,474159,201,买盘
494,09:54:48,23.57,63651,27,卖盘
495,09:54:51,23.58,417371,177,中性盘
496,09:54:54,23.56,160283,68,卖盘
497,09:54:57,23.57,61307,26,中性盘
498,09:55:00,23.56,219168,93,卖盘
499,09:55:03,23.57,360694,153,中性盘
500,09:55:06,23.57,419604,178,卖盘
501,09:55:09,23.58,157913,67,买盘
502,09:55:12,23.57,99011,42,卖盘
503,09:55:15,23.56,417061,177,卖盘
504,09:55:18,23.57,700648,297,卖盘
505,09:55:21,23.59,167359,71,买盘
506,09:55:24,23.63,23615,10,买盘
507,09:55:30,23.6,203010,86,卖盘
508,09:55:33,23.6,110980,47,卖盘
509,09:55:36,23.59,33026,14,卖盘
510,09:55:39,23.59,474159,201,卖盘
511,09:55:42,23.59,233540,99,买盘
512,09:55:45,23.58,221751,94,卖盘
513,09:55:48,23.58,70752,30,卖盘
514,09:55:51,23.61,94391,40,买盘
515,09:55:54,23.61,35415,15,卖盘
516,09:55:57,23.6,162890,69,卖盘
517,09:56:00,23.6,1487929,630,买盘
518,09:56:03,23.6,162929,69,卖盘
519,09:56:06,23.59,335138,142,卖盘
520,09:56:09,23.59,299781,127,卖盘
521,09:56:12,23.59,316172,134,卖盘
522,09:56:15,23.6,146362,62,买盘
523,09:56:18,23.6,120369,51,卖盘
524,09:56:21,23.61,328078,139,中性盘
525,09:56:24,23.6,117988,50,中性盘
526,09:56:27,23.59,268865,114,卖盘
527,09:56:30,23.58,523482,222,卖盘
528,09:56:33,23.58,14143,6,买盘
529,09:56:36,23.56,259174,110,卖盘
530,09:56:39,23.55,640865,272,卖盘
531,09:56:42,23.56,654914,278,买盘
532,09:56:45,23.55,113040,48,卖盘
533,09:56:48,23.55,284964,121,卖盘
534,09:56:51,23.53,496813,211,卖盘
535,09:56:54,23.54,42372,18,买盘
536,09:56:57,23.54,218914,93,买盘
537,09:57:00,23.53,145886,62,卖盘
538,09:57:03,23.55,1181796,502,买盘
539,09:57:06,23.53,289604,123,卖盘
540,09:57:09,23.56,346526,147,买盘
541,09:57:12,23.58,259398,110,中性盘
542,09:57:15,23.63,1475797,625,买盘
543,09:57:18,23.64,40178,17,买盘
544,09:57:21,23.64,368884,156,买盘
545,09:57:24,23.64,189120,80,卖盘
546,09:57:27,23.62,217407,92,卖盘
547,09:57:30,23.64,134715,57,买盘
548,09:57:33,23.62,77995,33,卖盘
549,09:57:36,23.62,40154,17,买盘
550,09:57:39,23.6,59048,25,卖盘
551,09:57:42,23.62,21251,9,买盘
552,09:57:45,23.63,80336,34,买盘
553,09:57:48,23.62,200808,85,卖盘
554,09:57:51,23.62,92164,39,卖盘
555,09:57:54,23.61,493933,209,卖盘
556,09:57:57,23.61,108677,46,卖盘
557,09:58:00,23.61,42522,18,中性盘
558,09:58:03,23.6,2360,1,卖盘
559,09:58:06,23.62,101531,43,买盘
560,09:58:09,23.6,302080,128,卖盘
561,09:58:12,23.6,471980,200,买盘
562,09:58:15,23.6,434217,184,买盘
563,09:58:18,23.6,205317,87,卖盘
564,09:58:21,23.59,290180,123,卖盘
565,09:58:24,23.59,37744,16,买盘
566,09:58:27,23.59,96719,41,买盘
567,09:58:30,23.58,217016,92,卖盘
568,09:58:33,23.58,202807,86,卖盘
569,09:58:36,23.58,419792,178,卖盘
570,09:58:39,23.58,30654,13,卖盘
571,09:58:42,23.58,113169,48,卖盘
572,09:58:45,23.58,157949,67,买盘
573,09:58:48,23.58,68382,29,卖盘
574,09:58:51,23.57,301812,128,卖盘
575,09:58:54,23.58,54230,23,买盘
576,09:58:57,23.58,169776,72,卖盘
577,09:59:00,23.58,28296,12,买盘
578,09:59:03,23.57,82504,35,卖盘
579,09:59:06,23.57,297037,126,卖盘
580,09:59:09,23.57,532878,226,卖盘
581,09:59:12,23.58,113162,48,买盘
582,09:59:15,23.57,252393,107,卖盘
583,09:59:18,23.56,37702,16,卖盘
584,09:59:21,23.56,480624,204,卖盘
585,09:59:24,23.56,296866,126,卖盘
586,09:59:27,23.56,75377,32,买盘
587,09:59:30,23.56,80099,34,买盘
588,09:59:33,23.56,292144,124,卖盘
589,09:59:36,23.56,129580,55,卖盘
590,09:59:39,23.56,65968,28,买盘
591,09:59:42,23.56,94225,40,买盘
592,09:59:45,23.56,292136,124,买盘
593,09:59:48,23.56,379209,161,卖盘
594,09:59:51,23.56,186076,79,卖盘
595,09:59:54,23.56,32984,14,卖盘
596,09:59:57,23.56,570334,242,卖盘
597,10:00:00,23.55,80073,34,卖盘
598,10:00:03,23.55,129570,55,卖盘
599,10:00:06,23.57,355737,151,买盘
600,10:00:09,23.57,131992,56,卖盘
601,10:00:12,23.58,266344,113,买盘
602,10:00:15,23.58,87239,37,买盘
603,10:00:18,23.58,82535,35,买盘
604,10:00:21,23.58,148554,63,买盘
605,10:00:24,23.58,242801,103,卖盘
606,10:00:27,23.56,728004,309,卖盘
607,10:00:30,23.55,58881,25,卖盘
608,10:00:33,23.56,987161,419,买盘
609,10:00:36,23.55,398002,169,卖盘
610,10:00:39,23.56,138987,59,买盘
611,10:00:42,23.55,181351,77,买盘
612,10:00:45,23.54,541614,230,卖盘
613,10:00:48,23.54,228351,97,卖盘
614,10:00:51,23.55,652173,277,卖盘
615,10:00:54,23.55,4710,2,卖盘
616,10:00:57,23.55,18840,8,卖盘
617,10:01:00,23.54,308459,131,卖盘
618,10:01:03,23.54,143548,61,买盘
619,10:01:06,23.54,25893,11,买盘
620,10:01:09,23.54,58844,25,卖盘
621,10:01:12,23.54,63541,27,买盘
622,10:01:15,23.63,5677199,2405,买盘
623,10:01:18,23.64,182016,77,卖盘
624,10:01:21,23.68,33125,14,买盘
625,10:01:24,23.66,59182,25,卖盘
626,10:01:27,23.65,291161,123,卖盘
627,10:01:30,23.68,262611,111,买盘
628,10:01:33,23.66,78078,33,卖盘
629,10:01:36,23.68,324384,137,买盘
630,10:01:39,23.67,134974,57,卖盘
631,10:01:42,23.68,246236,104,买盘
632,10:01:45,23.68,305461,129,买盘
633,10:01:48,23.68,198903,84,卖盘
634,10:01:51,23.68,293605,124,买盘
635,10:01:54,23.66,575237,243,卖盘
636,10:01:57,23.67,134938,57,中性盘
637,10:02:00,23.67,551078,233,买盘
638,10:02:03,23.67,125403,53,买盘
639,10:02:06,23.67,267502,113,买盘
640,10:02:09,23.66,120670,51,卖盘
641,10:02:12,23.65,47300,20,买盘
642,10:02:15,23.64,184392,78,卖盘
643,10:02:18,23.64,63816,27,买盘
644,10:02:21,23.61,264656,112,卖盘
645,10:02:24,23.63,144027,61,中性盘
646,10:02:30,23.61,63755,27,卖盘
647,10:02:33,23.63,63768,27,买盘
648,10:02:36,23.61,120439,51,卖盘
649,10:02:39,23.61,87357,37,卖盘
650,10:02:42,23.6,519383,220,卖盘
651,10:02:45,23.61,21249,9,买盘
652,10:02:48,23.59,148623,63,卖盘
653,10:02:51,23.59,47180,20,买盘
654,10:02:54,23.58,162714,69,卖盘
655,10:02:57,23.59,51878,22,买盘
656,10:03:00,23.58,157987,67,卖盘
657,10:03:03,23.58,61292,26,买盘
658,10:03:09,23.58,58914,25,买盘
659,10:03:12,23.58,186194,79,买盘
660,10:03:15,23.57,181503,77,卖盘
661,10:03:18,23.57,7073,3,卖盘
662,10:03:21,23.57,186279,79,卖盘
663,10:03:24,23.57,221485,94,买盘
664,10:03:27,23.55,219103,93,卖盘
665,10:03:30,23.56,44763,19,中性盘
666,10:03:33,23.57,87177,37,买盘
667,10:03:36,23.57,23568,10,买盘
668,10:03:39,23.58,11790,5,买盘
669,10:03:42,23.58,96671,41,买盘
670,10:03:45,23.56,226232,96,卖盘
671,10:03:48,23.56,96605,41,卖盘
672,10:03:51,23.58,14148,6,买盘
673,10:03:54,23.56,40052,17,卖盘
674,10:03:57,23.56,58900,25,卖盘
675,10:04:00,23.57,66015,28,卖盘
676,10:04:03,23.57,9428,4,卖盘
677,10:04:09,23.57,202702,86,买盘
678,10:04:12,23.57,216817,92,买盘
679,10:04:15,23.57,169680,72,买盘
680,10:04:18,23.56,129605,55,卖盘
681,10:04:21,23.56,113088,48,卖盘
682,10:04:24,23.56,16492,7,买盘
683,10:04:27,23.56,65968,28,买盘
684,10:04:30,23.56,77749,33,买盘
685,10:04:33,23.57,40069,17,买盘
686,10:04:36,23.57,44769,19,买盘
687,10:04:39,23.58,98994,42,买盘
688,10:04:42,23.57,35355,15,卖盘
689,10:04:45,23.57,252268,107,卖盘
690,10:04:48,23.57,275737,117,卖盘
691,10:04:51,23.58,254653,108,买盘
692,10:04:54,23.56,94255,40,卖盘
693,10:04:57,23.56,37697,16,卖盘
694,10:05:00,23.56,110733,47,卖盘
695,10:05:03,23.56,195548,83,卖盘
696,10:05:06,23.56,63612,27,卖盘
697,10:05:09,23.57,296968,126,买盘
698,10:05:12,23.56,270965,115,卖盘
699,10:05:15,23.56,122505,52,买盘
700,10:05:18,23.55,772447,328,卖盘
701,10:05:24,23.54,113014,48,卖盘
702,10:05:27,23.55,329568,140,卖盘
703,10:05:30,23.55,82424,35,中性盘
704,10:05:33,23.54,131863,56,卖盘
705,10:05:36,23.54,247251,105,卖盘
706,10:05:39,23.54,4707,2,买盘
707,10:05:42,23.54,37664,16,买盘
708,10:05:45,23.53,470631,200,卖盘
709,10:05:48,23.54,23539,10,买盘
710,10:05:51,23.54,49418,21,买盘
711,10:05:54,23.53,89421,38,卖盘
712,10:05:57,23.53,4706,2,卖盘
713,10:06:00,23.53,82356,35,卖盘
714,10:06:03,23.53,209427,89,卖盘
715,10:06:06,23.52,1025640,436,卖盘
716,10:06:09,23.52,28224,12,买盘
717,10:06:12,23.51,119922,51,卖盘
718,10:06:15,23.51,155171,66,卖盘
719,10:06:18,23.51,1093265,465,卖盘
720,10:06:21,23.5,448896,191,卖盘
721,10:06:24,23.5,594662,253,卖盘
722,10:06:27,23.5,284350,121,卖盘
723,10:06:30,23.5,1043405,444,卖盘
724,10:06:33,23.5,958800,408,卖盘
725,10:06:36,23.49,122184,52,卖盘
726,10:06:39,23.49,305376,130,卖盘
727,10:06:42,23.49,166784,71,卖盘
728,10:06:45,23.46,1232262,525,卖盘
729,10:06:48,23.46,100935,43,中性盘
730,10:06:51,23.46,429401,183,卖盘
731,10:06:54,23.46,518433,221,卖盘
732,10:06:57,23.45,171229,73,卖盘
733,10:07:00,23.46,349490,149,买盘
734,10:07:03,23.47,380060,162,买盘
735,10:07:06,23.46,110271,47,卖盘
736,10:07:09,23.47,44593,19,买盘
737,10:07:12,23.47,305146,130,卖盘
738,10:07:15,23.49,93903,40,买盘
739,10:07:18,23.48,260551,111,卖盘
740,10:07:21,23.47,427390,182,卖盘
741,10:07:24,23.48,4696,2,中性盘
742,10:07:27,23.49,854612,364,买盘
743,10:07:30,23.47,93929,40,卖盘
744,10:07:33,23.49,453271,193,买盘
745,10:07:36,23.48,61030,26,中性盘
746,10:07:39,23.47,152596,65,卖盘
747,10:07:42,23.48,72767,31,买盘
748,10:07:45,23.47,42251,18,卖盘
749,10:07:48,23.48,100940,43,买盘
750,10:07:51,23.47,105626,45,卖盘
751,10:07:54,23.47,129118,55,卖盘
752,10:07:57,23.48,37566,16,买盘
753,10:08:00,23.48,284003,121,买盘
754,10:08:03,23.48,748768,319,买盘
755,10:08:06,23.47,513031,219,卖盘
756,10:08:09,23.47,219299,93,卖盘
757,10:08:12,23.47,119716,51,买盘
758,10:08:15,23.47,96197,41,买盘
759,10:08:18,23.47,107962,46,买盘
760,10:08:21,23.47,244055,104,买盘
761,10:08:24,23.47,176018,75,卖盘
762,10:08:27,23.47,91509,39,卖盘
763,10:08:30,23.47,157249,67,买盘
764,10:08:33,23.47,297067,127,买盘
765,10:08:36,23.47,244020,104,卖盘
766,10:08:39,23.47,258118,110,卖盘
767,10:08:42,23.47,126750,54,买盘
768,10:08:45,23.47,342786,146,卖盘
769,10:08:48,23.46,1117758,476,卖盘
770,10:08:51,23.47,46020,20,卖盘
771,10:08:54,23.47,32857,14,卖盘
772,10:08:57,23.46,28162,12,卖盘
773,10:09:00,23.46,84457,36,卖盘
774,10:09:03,23.47,267470,114,买盘
775,10:09:06,23.46,216982,92,卖盘
776,10:09:09,23.46,2346,1,买盘
777,10:09:12,23.45,89115,38,卖盘
778,10:09:15,23.45,745612,318,卖盘
779,10:09:18,23.44,63290,27,卖盘
780,10:09:21,23.44,363324,155,卖盘
781,10:09:24,23.43,140582,60,卖盘
782,10:09:27,23.44,121846,52,买盘
783,10:09:30,23.43,332718,142,卖盘
784,10:09:33,23.43,366760,157,卖盘
785,10:09:36,23.44,698244,298,买盘
786,10:09:39,23.43,960651,410,卖盘
787,10:09:42,23.43,496758,212,卖盘
788,10:09:45,23.43,206204,88,卖盘
789,10:09:48,23.44,318616,136,买盘
790,10:09:51,23.43,103096,44,卖盘
791,10:09:54,23.46,590776,252,买盘
792,10:09:57,23.45,502019,214,中性盘
793,10:10:00,23.45,51590,22,卖盘
794,10:10:03,23.49,1588084,676,买盘
795,10:10:06,23.49,37634,16,卖盘
796,10:10:09,23.5,110490,47,中性盘
797,10:10:12,23.56,63531,27,买盘
798,10:10:15,23.55,105906,45,中性盘
799,10:10:18,23.56,63574,27,买盘
800,10:10:21,23.55,73005,31,卖盘
801,10:10:24,23.55,61230,26,买盘
802,10:10:27,23.55,242541,103,买盘
803,10:10:30,23.52,190539,81,卖盘
804,10:10:33,23.52,138748,59,买盘
805,10:10:36,23.51,98758,42,中性盘
806,10:10:39,23.5,21155,9,卖盘
807,10:10:42,23.5,63452,27,卖盘
808,10:10:45,23.5,65821,28,买盘
809,10:10:48,23.51,239802,102,买盘
810,10:10:51,23.52,35277,15,买盘
811,10:10:54,23.52,82317,35,买盘
812,10:10:57,23.53,32931,14,买盘
813,10:11:00,23.55,313068,133,买盘
814,10:11:03,23.52,23520,10,卖盘
815,10:11:06,23.53,77627,33,买盘
816,10:11:09,23.53,197671,84,卖盘
817,10:11:12,23.53,155283,66,买盘
818,10:11:15,23.53,268112,114,买盘
819,10:11:18,23.52,30579,13,卖盘
820,10:11:21,23.52,72921,31,买盘
821,10:11:24,23.51,357401,152,卖盘
822,10:11:27,23.51,176325,75,买盘
823,10:11:30,23.5,11751,5,卖盘
824,10:11:33,23.51,246771,105,买盘
825,10:11:36,23.51,129289,55,买盘
826,10:11:39,23.51,16457,7,卖盘
827,10:11:42,23.51,166921,71,卖盘
828,10:11:45,23.51,103447,44,卖盘
829,10:11:48,23.51,616200,262,卖盘
830,10:11:51,23.51,14106,6,卖盘
831,10:11:54,23.52,251812,107,卖盘
832,10:11:57,23.52,72927,31,卖盘
833,10:12:00,23.55,54152,23,买盘
834,10:12:03,23.52,7056,3,卖盘
835,10:12:06,23.55,162492,69,买盘
836,10:12:09,23.56,120111,51,买盘
837,10:12:12,23.56,49471,21,买盘
838,10:12:15,23.56,84835,36,买盘
839,10:12:18,23.56,87170,37,卖盘
840,10:12:21,23.56,70680,30,中性盘
841,10:12:24,23.56,228501,97,买盘
842,10:12:27,23.56,306217,130,卖盘
843,10:12:30,23.55,136627,58,卖盘
844,10:12:33,23.56,70672,30,买盘
845,10:12:36,23.54,254366,108,卖盘
846,10:12:39,23.54,30602,13,卖盘
847,10:12:42,23.54,141240,60,买盘
848,10:12:45,23.54,68250,29,买盘
849,10:12:48,23.5,1270323,540,卖盘
850,10:12:51,23.54,2354,1,中性盘
851,10:12:54,23.53,263386,112,买盘
852,10:12:57,23.5,75203,32,卖盘
853,10:13:00,23.5,242139,103,卖盘
854,10:13:03,23.52,75280,32,中性盘
855,10:13:06,23.52,35263,15,买盘
856,10:13:09,23.52,112896,48,买盘
857,10:13:12,23.53,143428,61,买盘
858,10:13:15,23.52,70563,30,买盘
859,10:13:18,23.52,18816,8,买盘
860,10:13:21,23.51,430396,183,卖盘
861,10:13:24,23.52,148112,63,中性盘
862,10:13:27,23.51,119975,51,卖盘
863,10:13:30,23.5,89308,38,卖盘
864,10:13:33,23.52,77561,33,买盘
865,10:13:36,23.51,65850,28,卖盘
866,10:13:39,23.51,225726,96,卖盘
867,10:13:42,23.51,63481,27,卖盘
868,10:13:45,23.52,181079,77,买盘
869,10:13:48,23.53,129398,55,买盘
870,10:13:51,23.52,112888,48,卖盘
871,10:13:54,23.51,49388,21,卖盘
872,10:13:57,23.52,87024,37,买盘
873,10:14:00,23.52,284592,121,买盘
874,10:14:03,23.53,510703,217,买盘
875,10:14:06,23.55,268415,114,买盘
876,10:14:09,23.54,42372,18,卖盘
877,10:14:12,23.54,23532,10,买盘
878,10:14:15,23.54,254236,108,买盘
879,10:14:18,23.55,28249,12,买盘
880,10:14:21,23.53,120035,51,卖盘
881,10:14:24,23.53,4706,2,卖盘
882,10:14:27,23.56,143676,61,买盘
883,10:14:30,23.56,30628,13,买盘
884,10:14:33,23.55,47100,20,买盘
885,10:14:36,23.53,160071,68,卖盘
886,10:14:39,23.54,131806,56,买盘
887,10:14:42,23.54,32956,14,买盘
888,10:14:45,23.53,75298,32,卖盘
889,10:14:48,23.54,91772,39,买盘
890,10:14:51,23.54,30602,13,买盘
891,10:14:54,23.53,14118,6,卖盘
892,10:14:57,23.53,77651,33,卖盘
893,10:15:00,23.53,87061,37,买盘
894,10:15:03,23.53,72943,31,买盘
895,10:15:06,23.53,11765,5,买盘
896,10:15:09,23.53,49410,21,买盘
897,10:15:12,23.53,77633,33,买盘
898,10:15:15,23.52,286954,122,卖盘
899,10:15:18,23.53,599781,255,买盘
900,10:15:21,23.52,82351,35,卖盘
901,10:15:24,23.52,40004,17,卖盘
902,10:15:27,23.52,54106,23,卖盘
903,10:15:30,23.54,84702,36,买盘
904,10:15:33,23.52,63548,27,卖盘
905,10:15:36,23.52,21178,9,卖盘
906,10:15:39,23.52,63554,27,卖盘
907,10:15:42,23.52,119972,51,卖盘
908,10:15:45,23.54,204656,87,买盘
909,10:15:48,23.52,268115,114,卖盘
910,10:15:51,23.51,61192,26,卖盘
911,10:15:54,23.51,115211,49,卖盘
912,10:15:57,23.52,331622,141,卖盘
913,10:16:00,23.51,112849,48,卖盘
914,10:16:03,23.52,54083,23,买盘
915,10:16:06,23.51,84646,36,卖盘
916,10:16:09,23.51,30563,13,买盘
917,10:16:12,23.51,392519,167,卖盘
918,10:16:15,23.5,75204,32,卖盘
919,10:16:18,23.5,373650,159,卖盘
920,10:16:21,23.5,129250,55,卖盘
921,10:16:24,23.5,448850,191,卖盘
922,10:16:27,23.49,14094,6,卖盘
923,10:16:30,23.49,418062,178,卖盘
924,10:16:33,23.5,274927,117,买盘
925,10:16:36,23.5,39950,17,卖盘
926,10:16:39,23.55,821489,349,买盘
927,10:16:42,23.5,249100,106,卖盘
928,10:16:45,23.59,1831221,777,买盘
929,10:16:48,23.58,917621,389,中性盘
930,10:16:54,23.6,11800,5,买盘
931,10:16:57,23.59,44780,19,中性盘
932,10:17:00,23.6,80230,34,买盘
933,10:17:03,23.59,96713,41,中性盘
934,10:17:06,23.55,122541,52,卖盘
935,10:17:09,23.59,80176,34,买盘
936,10:17:12,23.55,433341,184,卖盘
937,10:17:15,23.56,23560,10,中性盘
938,10:17:18,23.58,466510,198,买盘
939,10:17:21,23.56,16492,7,中性盘
940,10:17:24,23.56,106003,45,卖盘
941,10:17:27,23.56,42397,18,买盘
942,10:17:30,23.56,65968,28,卖盘
943,10:17:33,23.56,141360,60,卖盘
944,10:17:36,23.58,202664,86,买盘
945,10:17:39,23.57,2357,1,卖盘
946,10:17:42,23.56,238022,101,卖盘
947,10:17:45,23.56,75422,32,卖盘
948,10:17:48,23.56,301568,128,卖盘
949,10:17:51,23.56,131966,56,卖盘
950,10:17:54,23.56,9424,4,卖盘
951,10:17:57,23.54,73034,31,卖盘
952,10:18:00,23.54,14128,6,卖盘
953,10:18:03,23.54,40020,17,卖盘
954,10:18:06,23.54,11770,5,卖盘
955,10:18:09,23.54,101222,43,卖盘
956,10:18:12,23.54,11770,5,买盘
957,10:18:15,23.54,28238,12,买盘
958,10:18:18,23.53,42369,18,卖盘
959,10:18:21,23.54,160038,68,买盘
960,10:18:24,23.53,65895,28,卖盘
961,10:18:27,23.53,14118,6,买盘
962,10:18:30,23.52,35280,15,卖盘
963,10:18:33,23.52,25866,11,买盘
964,10:18:36,23.51,44669,19,卖盘
965,10:18:39,23.51,79934,34,卖盘
966,10:18:42,23.51,2351,1,买盘
967,10:18:45,23.5,44655,19,卖盘
968,10:18:48,23.5,23500,10,卖盘
969,10:18:51,23.5,169236,72,卖盘
970,10:18:54,23.45,962829,410,卖盘
971,10:18:57,23.5,30550,13,买盘
972,10:19:00,23.48,44612,19,买盘
973,10:19:03,23.47,56350,24,中性盘
974,10:19:06,23.48,89224,38,卖盘
975,10:19:09,23.48,84538,36,卖盘
976,10:19:12,23.49,155011,66,买盘
977,10:19:15,23.49,110403,47,卖盘
978,10:19:18,23.49,131564,56,卖盘
979,10:19:21,23.49,70472,30,买盘
980,10:19:24,23.49,455787,194,买盘
981,10:19:27,23.49,82215,35,卖盘
982,10:19:30,23.49,213759,91,卖盘
983,10:19:33,23.49,293389,125,卖盘
984,10:19:36,23.47,70413,30,卖盘
985,10:19:39,23.47,30511,13,买盘
986,10:19:42,23.47,84480,36,买盘
987,10:19:45,23.47,283893,121,买盘
988,10:19:48,23.46,157182,67,卖盘
989,10:19:51,23.46,260641,111,卖盘
990,10:19:54,23.46,56069,24,卖盘
991,10:19:57,23.46,49266,21,买盘
992,10:20:00,23.46,37521,16,买盘
993,10:20:03,23.45,297815,127,卖盘
994,10:20:06,23.45,469108,200,卖盘
995,10:20:09,23.44,140694,60,卖盘
996,10:20:12,23.45,145331,62,买盘
997,10:20:15,23.45,246207,105,买盘
998,10:20:18,23.44,178176,76,卖盘
999,10:20:21,23.45,314142,134,买盘
1000,10:20:24,23.44,201651,86,卖盘
1001,10:20:27,23.44,82051,35,卖盘
1002,10:20:30,23.44,168778,72,卖盘
1003,10:20:33,23.44,58621,25,卖盘
1004,10:20:36,23.44,121888,52,卖盘
1005,10:20:39,23.44,152360,65,买盘
1006,10:20:42,23.44,91421,39,卖盘
1007,10:20:45,23.43,255433,109,卖盘
1008,10:20:48,23.43,231957,99,卖盘
1009,10:20:51,23.43,187412,80,卖盘
1010,10:20:54,23.43,11714,5,买盘
1011,10:20:57,23.43,203805,87,买盘
1012,10:21:00,23.42,227459,97,卖盘
1013,10:21:03,23.42,292827,125,卖盘
1014,10:21:06,23.44,618321,264,买盘
1015,10:21:09,23.42,140520,60,卖盘
1016,10:21:12,23.43,499153,213,买盘
1017,10:21:15,23.43,686510,293,卖盘
1018,10:21:18,23.43,147610,63,卖盘
1019,10:21:21,23.43,152307,65,卖盘
1020,10:21:24,23.43,344544,147,卖盘
1021,10:21:27,23.43,96063,41,卖盘
1022,10:21:30,23.43,51540,22,买盘
1023,10:21:33,23.43,67947,29,买盘
1024,10:21:36,23.47,318896,136,买盘
1025,10:21:39,23.43,236643,101,卖盘
1026,10:21:42,23.43,220246,94,卖盘
1027,10:21:45,23.43,171053,73,卖盘
1028,10:21:48,23.45,65634,28,买盘
1029,10:21:51,23.43,91397,39,卖盘
1030,10:21:54,23.44,2344,1,中性盘
1031,10:21:57,23.44,70320,30,卖盘
1032,10:22:00,23.44,185160,79,卖盘
1033,10:22:03,23.43,91388,39,卖盘
1034,10:22:06,23.43,98411,42,卖盘
1035,10:22:09,23.43,44524,19,卖盘
1036,10:22:12,23.43,288154,123,卖盘
1037,10:22:15,23.43,117150,50,买盘
1038,10:22:18,23.43,58554,25,买盘
1039,10:22:21,23.43,2343,1,买盘
1040,10:22:24,23.42,262345,112,卖盘
1041,10:22:27,23.42,53866,23,卖盘
1042,10:22:30,23.43,449637,192,买盘
1043,10:22:33,23.42,39810,17,中性盘
1044,10:22:36,23.41,72578,31,卖盘
1045,10:22:39,23.41,93670,40,卖盘
1046,10:22:42,23.41,351150,150,卖盘
1047,10:22:45,23.42,142819,61,买盘
1048,10:22:48,23.4,793568,339,卖盘
1049,10:22:51,23.41,21069,9,买盘
1050,10:22:54,23.4,58518,25,卖盘
1051,10:22:57,23.42,1170335,500,买盘
1052,10:23:00,23.4,528876,226,卖盘
1053,10:23:03,23.4,318321,136,卖盘
1054,10:23:06,23.4,311230,133,卖盘
1055,10:23:09,23.41,475024,203,买盘
1056,10:23:12,23.4,159122,68,卖盘
1057,10:23:15,23.41,163819,70,买盘
1058,10:23:18,23.41,217639,93,卖盘
1059,10:23:21,23.41,44477,19,卖盘
1060,10:23:24,23.41,77244,33,买盘
1061,10:23:27,23.4,149784,64,卖盘
1062,10:23:30,23.41,774865,331,买盘
1063,10:23:33,23.41,177930,76,卖盘
1064,10:23:36,23.41,180269,77,卖盘
1065,10:23:39,23.43,84295,36,中性盘
1066,10:23:42,23.42,147682,63,卖盘
1067,10:23:45,23.43,23430,10,卖盘
1068,10:23:48,23.43,222585,95,卖盘
1069,10:23:51,23.43,229721,98,卖盘
1070,10:23:54,23.46,28142,12,买盘
1071,10:23:57,23.46,46918,20,买盘
1072,10:24:00,23.46,9384,4,卖盘
1073,10:24:03,23.46,25815,11,卖盘
1074,10:24:06,23.46,412932,176,卖盘
1075,10:24:09,23.46,180643,77,卖盘
1076,10:24:12,23.47,466862,199,买盘
1077,10:24:15,23.46,35190,15,买盘
1078,10:24:18,23.45,117250,50,卖盘
1079,10:24:21,23.44,30476,13,卖盘
1080,10:24:24,23.45,157036,67,买盘
1081,10:24:27,23.45,283739,121,买盘
1082,10:24:30,23.43,152300,65,卖盘
1083,10:24:33,23.43,738130,315,卖盘
1084,10:24:36,23.43,37488,16,买盘
1085,10:24:39,23.43,384140,164,买盘
1086,10:24:42,23.43,86657,37,买盘
1087,10:24:45,23.42,4684,2,中性盘
1088,10:24:48,23.41,138127,59,卖盘
1089,10:24:51,23.43,526919,225,买盘
1090,10:24:54,23.41,58547,25,卖盘
1091,10:24:57,23.41,105345,45,卖盘
1092,10:25:00,23.41,37456,16,卖盘
1093,10:25:03,23.41,107686,46,卖盘
1094,10:25:06,23.41,475229,203,卖盘
1095,10:25:09,23.4,561628,240,卖盘
1096,10:25:12,23.39,507779,217,卖盘
1097,10:25:15,23.39,112292,48,卖盘
1098,10:25:18,23.39,306731,131,卖盘
1099,10:25:21,23.38,142626,61,卖盘
1100,10:25:24,23.38,680370,291,卖盘
1101,10:25:27,23.38,156594,67,买盘
1102,10:25:30,23.39,1884761,806,买盘
1103,10:25:33,23.39,147357,63,卖盘
1104,10:25:36,23.39,282563,121,卖盘
1105,10:25:39,23.41,196509,84,中性盘
1106,10:25:42,23.42,576144,246,买盘
1107,10:25:45,23.44,391449,167,买盘
1108,10:25:48,23.44,11720,5,卖盘
1109,10:25:51,23.46,192264,82,买盘
1110,10:25:54,23.44,494766,211,卖盘
1111,10:25:57,23.46,84394,36,中性盘
1112,10:26:00,23.46,7037,3,买盘
1113,10:26:03,23.44,4688,2,卖盘
1114,10:26:06,23.45,39849,17,买盘
1115,10:26:09,23.44,44542,19,卖盘
1116,10:26:15,23.43,100750,43,卖盘
1117,10:26:18,23.42,53888,23,卖盘
1118,10:26:24,23.43,65584,28,买盘
1119,10:26:27,23.41,32777,14,卖盘
1120,10:26:30,23.41,231750,99,卖盘
1121,10:26:33,23.41,206018,88,卖盘
1122,10:26:36,23.41,1622832,693,卖盘
1123,10:26:39,23.41,98324,42,卖盘
1124,10:26:42,23.41,234057,100,卖盘
1125,10:26:45,23.4,173197,74,卖盘
1126,10:26:48,23.4,390891,167,卖盘
1127,10:26:51,23.41,7023,3,买盘
1128,10:26:54,23.4,156780,67,卖盘
1129,10:27:00,23.4,468288,200,卖盘
1130,10:27:03,23.4,262080,112,卖盘
1131,10:27:06,23.4,196560,84,买盘
1132,10:27:09,23.4,93616,40,卖盘
1133,10:27:12,23.4,44450,19,卖盘
1134,10:27:15,23.4,217568,93,买盘
1135,10:27:18,23.41,93619,40,买盘
1136,10:27:21,23.4,35097,15,中性盘
1137,10:27:24,23.4,173179,74,买盘
1138,10:27:27,23.39,451480,193,卖盘
1139,10:27:30,23.39,233896,100,卖盘
1140,10:27:33,23.38,336684,144,卖盘
1141,10:27:36,23.39,63160,27,卖盘
1142,10:27:39,23.38,184702,79,卖盘
1143,10:27:42,23.38,98203,42,卖盘
1144,10:27:45,23.38,526056,225,卖盘
1145,10:27:48,23.39,282823,121,买盘
1146,10:27:51,23.37,479223,205,卖盘
1147,10:27:54,23.37,53761,23,卖盘
1148,10:27:57,23.37,231380,99,卖盘
1149,10:28:00,23.38,112222,48,买盘
1150,10:28:03,23.37,420664,180,卖盘
1151,10:28:06,23.37,128534,55,买盘
1152,10:28:09,23.37,971520,416,买盘
1153,10:28:12,23.36,98099,42,卖盘
1154,10:28:18,23.34,224122,96,卖盘
1155,10:28:21,23.35,21012,9,中性盘
1156,10:28:24,23.36,215381,92,买盘
1157,10:28:27,23.36,270957,116,买盘
1158,10:28:30,23.36,425320,182,卖盘
1159,10:28:33,23.37,184615,79,中性盘
1160,10:28:36,23.4,691471,296,买盘
1161,10:28:39,23.38,46760,20,中性盘
1162,10:28:42,23.38,116972,50,卖盘
1163,10:28:45,23.38,21042,9,卖盘
1164,10:28:48,23.39,42093,18,中性盘
1165,10:28:51,23.38,18704,8,卖盘
1166,10:28:54,23.37,301568,129,卖盘
1167,10:28:57,23.37,151906,65,卖盘
1168,10:29:00,23.37,86469,37,买盘
1169,10:29:03,23.37,44395,19,买盘
1170,10:29:06,23.36,149527,64,卖盘
1171,10:29:09,23.36,56064,24,卖盘
1172,10:29:12,23.36,88772,38,卖盘
1173,10:29:15,23.38,7014,3,买盘
1174,10:29:18,23.36,109792,47,卖盘
1175,10:29:21,23.38,233792,100,买盘
1176,10:29:24,23.36,42055,18,卖盘
1177,10:29:27,23.36,191557,82,卖盘
1178,10:29:30,23.36,147183,63,卖盘
1179,10:29:33,23.35,39695,17,卖盘
1180,10:29:36,23.36,30366,13,买盘
1181,10:29:39,23.35,105105,45,卖盘
1182,10:29:42,23.35,137823,59,卖盘
1183,10:29:45,23.36,70080,30,卖盘
1184,10:29:48,23.36,70098,30,卖盘
1185,10:29:51,23.36,149504,64,卖盘
1186,10:29:54,23.36,198566,85,卖盘
1187,10:29:57,23.36,63071,27,买盘
1188,10:30:00,23.36,95771,41,买盘
1189,10:30:03,23.36,492736,211,买盘
1190,10:30:06,23.35,60729,26,卖盘
1191,10:30:09,23.34,4668,2,卖盘
1192,10:30:12,23.35,158813,68,买盘
1193,10:30:15,23.35,312810,134,卖盘
1194,10:30:18,23.35,682106,292,买盘
1195,10:30:21,23.36,88771,38,中性盘
1196,10:30:24,23.36,53728,23,卖盘
1197,10:30:27,23.37,238410,102,买盘
1198,10:30:30,23.37,77122,33,卖盘
1199,10:30:33,23.38,137913,59,买盘
1200,10:30:36,23.38,149571,64,买盘
1201,10:30:39,23.37,51406,22,卖盘
1202,10:30:42,23.36,172894,74,卖盘
1203,10:30:45,23.37,70090,30,买盘
1204,10:30:48,23.36,126151,54,卖盘
1205,10:30:51,23.35,210217,90,卖盘
1206,10:30:54,23.36,301253,129,买盘
1207,10:30:57,23.35,343245,147,卖盘
1208,10:31:00,23.35,270843,116,买盘
1209,10:31:03,23.35,86395,37,买盘
1210,10:31:06,23.34,172728,74,卖盘
1211,10:31:09,23.34,49026,21,卖盘
1212,10:31:12,23.34,436474,187,卖盘
1213,10:31:15,23.34,126047,54,卖盘
1214,10:31:18,23.34,237475,102,卖盘
1215,10:31:21,23.34,74688,32,买盘
1216,10:31:24,23.33,618250,265,卖盘
1217,10:31:27,23.33,20997,9,买盘
1218,10:31:30,23.32,139929,60,卖盘
1219,10:31:33,23.32,72305,31,卖盘
1220,10:31:36,23.32,767258,329,卖盘
1221,10:31:39,23.32,11660,5,买盘
1222,10:31:42,23.31,1470966,631,卖盘
1223,10:31:45,23.3,293643,126,卖盘
1224,10:31:48,23.31,587207,252,买盘
1225,10:31:51,23.31,4767255,2045,买盘
1226,10:31:54,23.31,512899,220,卖盘
1227,10:31:57,23.31,557127,239,卖盘
1228,10:32:00,23.32,599217,257,中性盘
1229,10:32:03,23.31,279724,120,卖盘
1230,10:32:06,23.3,212094,91,卖盘
1231,10:32:09,23.31,174784,75,买盘
1232,10:32:12,23.31,104891,45,买盘
1233,10:32:15,23.31,72255,31,买盘
1234,10:32:18,23.32,237730,102,买盘
1235,10:32:21,23.31,109557,47,卖盘
1236,10:32:24,23.31,275059,118,卖盘
1237,10:32:27,23.31,158564,68,卖盘
1238,10:32:30,23.32,139868,60,买盘
1239,10:32:33,23.31,475603,204,卖盘
1240,10:32:36,23.32,2275116,976,买盘
1241,10:32:39,23.31,102585,44,卖盘
1242,10:32:42,23.32,335742,144,中性盘
1243,10:32:45,23.32,911636,391,买盘
1244,10:32:48,23.33,1893328,812,买盘
1245,10:32:51,23.33,202919,87,买盘
1246,10:32:54,23.33,531905,228,买盘
1247,10:32:57,23.33,167975,72,中性盘
1248,10:33:00,23.36,2730079,1169,买盘
1249,10:33:03,23.38,161181,69,买盘
1250,10:33:06,23.38,247762,106,买盘
1251,10:33:09,23.39,1006431,431,买盘
1252,10:33:12,23.38,112256,48,卖盘
1253,10:33:15,23.4,58479,25,买盘
1254,10:33:18,23.38,77176,33,卖盘
1255,10:33:21,23.39,273663,117,买盘
1256,10:33:24,23.38,156681,67,卖盘
1257,10:33:27,23.37,563331,241,卖盘
1258,10:33:30,23.37,93480,40,买盘
1259,10:33:33,23.37,294377,126,买盘
1260,10:33:36,23.37,170597,73,买盘
1261,10:33:39,23.37,100470,43,买盘
1262,10:33:42,23.37,527957,226,买盘
1263,10:33:48,23.35,156471,67,卖盘
1264,10:33:51,23.35,98085,42,卖盘
1265,10:33:54,23.36,200895,86,买盘
1266,10:33:57,23.35,46716,20,卖盘
1267,10:34:00,23.36,163473,70,买盘
1268,10:34:03,23.35,70075,30,卖盘
1269,10:34:06,23.36,28032,12,卖盘
1270,10:34:09,23.36,53738,23,卖盘
1271,10:34:12,23.36,280212,120,卖盘
1272,10:34:15,23.35,193811,83,卖盘
1273,10:34:18,23.35,53706,23,卖盘
1274,10:34:21,23.36,284915,122,买盘
1275,10:34:24,23.33,259109,111,卖盘
1276,10:34:27,23.35,140109,60,买盘
1277,10:34:30,23.36,46720,20,买盘
1278,10:34:33,23.35,98070,42,卖盘
1279,10:34:36,23.35,9340,4,卖盘
1280,10:34:39,23.35,42025,18,买盘
1281,10:34:42,23.35,37356,16,买盘
1282,10:34:45,23.35,219490,94,买盘
1283,10:34:48,23.35,70055,30,卖盘
1284,10:34:51,23.35,333828,143,卖盘
1285,10:34:54,23.35,16345,7,卖盘
1286,10:34:57,23.35,56036,24,买盘
1287,10:35:00,23.34,121396,52,卖盘
1288,10:35:03,23.33,30334,13,卖盘
1289,10:35:06,23.34,718712,308,买盘
1290,10:35:09,23.35,79370,34,买盘
1291,10:35:12,23.35,121409,52,买盘
1292,10:35:15,23.35,72362,31,买盘
1293,10:35:18,23.34,60686,26,卖盘
1294,10:35:21,23.34,163326,70,买盘
1295,10:35:24,23.34,28008,12,买盘
1296,10:35:27,23.34,119025,51,买盘
1297,10:35:30,23.34,205367,88,买盘
1298,10:35:33,23.34,224031,96,买盘
1299,10:35:36,23.33,137712,59,卖盘
1300,10:35:39,23.33,105038,45,卖盘
1301,10:35:42,23.33,219310,94,卖盘
1302,10:35:45,23.33,314891,135,卖盘
1303,10:35:48,23.34,714038,306,买盘
1304,10:35:51,23.34,293144,126,中性盘
1305,10:35:54,23.34,290427,124,卖盘
1306,10:35:57,23.33,372385,160,卖盘
1307,10:36:00,23.35,653663,280,买盘
1308,10:36:03,23.34,175051,75,卖盘
1309,10:36:06,23.36,231216,99,买盘
1310,10:36:09,23.35,16347,7,中性盘
1311,10:36:12,23.37,614388,263,买盘
1312,10:36:15,23.36,222008,95,卖盘
1313,10:36:18,23.38,196314,84,卖盘
1314,10:36:21,23.4,198825,85,买盘
1315,10:36:24,23.4,4680,2,买盘
1316,10:36:27,23.4,25740,11,买盘
1317,10:36:30,23.4,138060,59,买盘
1318,10:36:33,23.4,81894,35,买盘
1319,10:36:36,23.4,133380,57,买盘
1320,10:36:39,23.4,86571,37,买盘
1321,10:36:42,23.4,119335,51,买盘
1322,10:36:45,23.41,484370,207,买盘
1323,10:36:48,23.41,95963,41,买盘
1324,10:36:51,23.41,9364,4,卖盘
1325,10:36:54,23.41,25757,11,卖盘
1326,10:36:57,23.42,142851,61,买盘
1327,10:37:00,23.42,100712,43,卖盘
1328,10:37:03,23.43,96063,41,买盘
1329,10:37:06,23.43,46858,20,买盘
1330,10:37:09,23.43,32792,14,买盘
1331,10:37:12,23.43,105435,45,买盘
1332,10:37:15,23.43,58575,25,卖盘
1333,10:37:18,23.44,339791,145,买盘
1334,10:37:21,23.45,84404,36,买盘
1335,10:37:24,23.45,213393,91,买盘
1336,10:37:27,23.45,105526,45,卖盘
1337,10:37:30,23.45,150082,64,卖盘
1338,10:37:33,23.45,204013,87,买盘
1339,10:37:36,23.45,37498,16,买盘
1340,10:37:39,23.45,72683,31,买盘
1341,10:37:42,23.43,264961,113,卖盘
1342,10:37:45,23.41,395761,169,卖盘
1343,10:37:48,23.42,18736,8,卖盘
1344,10:37:51,23.41,1062322,454,卖盘
1345,10:37:54,23.43,9368,4,买盘
1346,10:37:57,23.4,28080,12,卖盘
1347,10:38:00,23.42,32774,14,买盘
1348,10:38:03,23.39,418916,179,卖盘
1349,10:38:06,23.42,11710,5,买盘
1350,10:38:09,23.42,472692,202,卖盘
1351,10:38:12,23.42,9368,4,卖盘
1352,10:38:15,23.44,555377,237,买盘
1353,10:38:18,23.43,117169,50,卖盘
1354,10:38:21,23.46,84417,36,买盘
1355,10:38:24,23.46,604202,258,买盘
1356,10:38:27,23.46,98520,42,买盘
1357,10:38:30,23.46,58650,25,买盘
1358,10:38:33,23.5,1000540,426,买盘
1359,10:38:36,23.52,237503,101,买盘
1360,10:38:42,23.53,16473,7,卖盘
1361,10:38:45,23.53,4706,2,买盘
1362,10:38:48,23.54,221208,94,买盘
1363,10:38:51,23.53,75276,32,中性盘
1364,10:38:54,23.53,54125,23,卖盘
1365,10:38:57,23.54,94150,40,买盘
1366,10:39:00,23.53,343537,146,卖盘
1367,10:39:03,23.53,131790,56,买盘
1368,10:39:06,23.52,70563,30,卖盘
1369,10:39:12,23.51,42318,18,卖盘
1370,10:39:15,23.5,54074,23,卖盘
1371,10:39:21,23.5,49350,21,卖盘
1372,10:39:24,23.51,216264,92,买盘
1373,10:39:27,23.5,11750,5,买盘
1374,10:39:30,23.49,68125,29,卖盘
1375,10:39:33,23.47,103381,44,卖盘
1376,10:39:36,23.47,39919,17,卖盘
1377,10:39:39,23.47,23472,10,卖盘
1378,10:39:42,23.46,46937,20,卖盘
1379,10:39:45,23.48,39901,17,买盘
1380,10:39:48,23.41,790031,337,卖盘
1381,10:39:51,23.48,164360,70,买盘
1382,10:39:54,23.48,199580,85,卖盘
1383,10:39:57,23.48,272421,116,卖盘
1384,10:40:00,23.48,218441,93,卖盘
1385,10:40:03,23.48,77476,33,买盘
1386,10:40:06,23.47,7041,3,中性盘
1387,10:40:09,23.48,11740,5,买盘
1388,10:40:12,23.47,11735,5,卖盘
1389,10:40:15,23.48,293422,125,买盘
1390,10:40:18,23.47,361655,154,卖盘
1391,10:40:21,23.49,147897,63,买盘
1392,10:40:24,23.48,2348,1,卖盘
1393,10:40:27,23.48,9393,4,卖盘
1394,10:40:30,23.48,84563,36,卖盘
1395,10:40:33,23.48,209000,89,卖盘
1396,10:40:36,23.48,46960,20,买盘
1397,10:40:39,23.48,25828,11,买盘
1398,10:40:42,23.47,640958,273,卖盘
1399,10:40:45,23.47,84492,36,买盘
1400,10:40:48,23.46,35190,15,卖盘
1401,10:40:51,23.46,105570,45,卖盘
1402,10:40:54,23.46,159433,68,卖盘
1403,10:41:00,23.43,39857,17,卖盘
1404,10:41:06,23.43,173452,74,卖盘
1405,10:41:09,23.46,262551,112,买盘
1406,10:41:12,23.46,180642,77,买盘
1407,10:41:15,23.46,9384,4,买盘
1408,10:41:18,23.45,63310,27,买盘
1409,10:41:21,23.45,18760,8,买盘
1410,10:41:24,23.43,386907,165,卖盘
1411,10:41:27,23.43,16401,7,卖盘
1412,10:41:30,23.42,236569,101,卖盘
1413,10:41:33,23.45,189883,81,买盘
1414,10:41:39,23.45,286294,122,卖盘
1415,10:41:42,23.46,248673,106,买盘
1416,10:41:48,23.46,23460,10,卖盘
1417,10:41:51,23.46,86832,37,卖盘
1418,10:41:54,23.46,16437,7,卖盘
1419,10:41:57,23.47,310018,132,中性盘
1420,10:42:03,23.47,187818,80,卖盘
1421,10:42:06,23.48,79808,34,买盘
1422,10:42:09,23.48,201928,86,卖盘
1423,10:42:12,23.5,331322,141,买盘
1424,10:42:15,23.5,65800,28,买盘
1425,10:42:18,23.51,839967,358,买盘
1426,10:42:21,23.51,11755,5,买盘
1427,10:42:24,23.51,47020,20,买盘
1428,10:42:27,23.51,14106,6,卖盘
1429,10:42:30,23.51,265709,113,卖盘
1430,10:42:33,23.51,216323,92,卖盘
1431,10:42:36,23.51,7055,3,卖盘
1432,10:42:39,23.52,30566,13,买盘
1433,10:42:42,23.51,32917,14,卖盘
1434,10:42:45,23.51,169272,72,卖盘
1435,10:42:48,23.52,47026,20,买盘
1436,10:42:51,23.51,18808,8,卖盘
1437,10:42:54,23.51,42318,18,卖盘
1438,10:42:57,23.5,23505,10,卖盘
1439,10:43:00,23.51,152790,65,买盘
1440,10:43:03,23.44,168935,72,卖盘
1441,10:43:06,23.45,65660,28,买盘
1442,10:43:09,23.45,7035,3,买盘
1443,10:43:12,23.44,18752,8,卖盘
1444,10:43:15,23.45,178204,76,买盘
1445,10:43:18,23.45,454930,194,买盘
1446,10:43:21,23.48,32864,14,买盘
1447,10:43:24,23.46,206646,88,卖盘
1448,10:43:27,23.46,79770,34,卖盘
1449,10:43:30,23.46,93870,40,卖盘
1450,10:43:36,23.48,35200,15,买盘
1451,10:43:39,23.48,30518,13,买盘
1452,10:43:42,23.48,35220,15,买盘
1453,10:43:45,23.48,39928,17,卖盘
1454,10:43:48,23.5,398964,170,买盘
1455,10:43:51,23.47,72779,31,卖盘
1456,10:43:54,23.49,103265,44,买盘
1457,10:43:57,23.48,119695,51,中性盘
1458,10:44:00,23.49,70444,30,买盘
1459,10:44:03,23.5,230239,98,买盘
1460,10:44:06,23.49,68121,29,中性盘
1461,10:44:09,23.5,143252,61,买盘
1462,10:44:12,23.49,54028,23,中性盘
1463,10:44:15,23.49,352465,150,中性盘
1464,10:44:18,23.48,119762,51,卖盘
1465,10:44:21,23.52,1904407,810,买盘
1466,10:44:24,23.52,75238,32,买盘
1467,10:44:27,23.5,84632,36,卖盘
1468,10:44:30,23.48,312596,133,卖盘
1469,10:44:33,23.48,56380,24,卖盘
1470,10:44:36,23.52,25860,11,买盘
1471,10:44:42,23.5,9403,4,中性盘
1472,10:44:45,23.49,11747,5,卖盘
1473,10:44:48,23.51,54027,23,中性盘
1474,10:44:51,23.52,65847,28,买盘
1475,10:44:54,23.52,91686,39,买盘
1476,10:44:57,23.49,4698,2,卖盘
1477,10:45:00,23.48,46978,20,卖盘
1478,10:45:03,23.48,79832,34,卖盘
1479,10:45:06,23.48,129142,55,卖盘
1480,10:45:09,23.49,4698,2,买盘
1481,10:45:12,23.48,7044,3,卖盘
1482,10:45:15,23.48,46969,20,卖盘
1483,10:45:18,23.48,46959,20,买盘
1484,10:45:21,23.48,79804,34,买盘
1485,10:45:24,23.48,16437,7,卖盘
1486,10:45:27,23.48,39916,17,卖盘
1487,10:45:30,23.48,54004,23,卖盘
1488,10:45:36,23.48,4696,2,买盘
1489,10:45:39,23.46,434262,185,卖盘
1490,10:45:42,23.48,91528,39,买盘
1491,10:45:45,23.49,49329,21,买盘
1492,10:45:48,23.48,28178,12,卖盘
1493,10:45:51,23.48,37568,16,卖盘
1494,10:45:54,23.48,28176,12,买盘
1495,10:45:57,23.48,65744,28,买盘
1496,10:46:00,23.48,284050,121,买盘
1497,10:46:03,23.49,84537,36,买盘
1498,10:46:06,23.5,61087,26,买盘
1499,10:46:09,23.5,49330,21,买盘
1500,10:46:12,23.47,823984,351,卖盘
1501,10:46:15,23.5,63450,27,买盘
1502,10:46:18,23.5,11750,5,买盘
1503,10:46:21,23.49,7047,3,中性盘
1504,10:46:24,23.49,117499,50,卖盘
1505,10:46:27,23.48,124482,53,卖盘
1506,10:46:30,23.49,63449,27,中性盘
1507,10:46:33,23.5,357029,152,买盘
1508,10:46:36,23.5,101050,43,买盘
1509,10:46:39,23.5,148049,63,买盘
1510,10:46:42,23.5,23500,10,卖盘
1511,10:46:45,23.49,84598,36,卖盘
1512,10:46:51,23.5,543055,231,买盘
1513,10:46:54,23.5,49334,21,卖盘
1514,10:47:00,23.49,4698,2,卖盘
1515,10:47:03,23.49,11745,5,卖盘
1516,10:47:06,23.49,86943,37,卖盘
1517,10:47:09,23.49,96330,41,卖盘
1518,10:47:12,23.5,277300,118,买盘
1519,10:47:15,23.49,486300,207,卖盘
1520,10:47:18,23.55,4716457,2004,买盘
1521,10:47:21,23.57,466623,198,买盘
1522,10:47:24,23.58,377035,160,买盘
1523,10:47:27,23.57,7070,3,中性盘
1524,10:47:30,23.57,973829,413,买盘
1525,10:47:33,23.57,103712,44,买盘
1526,10:47:36,23.57,18857,8,卖盘
1527,10:47:39,23.57,16499,7,卖盘
1528,10:47:42,23.56,506798,215,卖盘
1529,10:47:45,23.56,110706,47,买盘
1530,10:47:48,23.56,115444,49,买盘
1531,10:47:51,23.54,44754,19,卖盘
1532,10:47:54,23.54,70640,30,卖盘
1533,10:47:57,23.55,73020,31,中性盘
1534,10:48:00,23.56,82407,35,买盘
1535,10:48:03,23.56,122507,52,买盘
1536,10:48:06,23.57,101328,43,买盘
1537,10:48:09,23.56,54176,23,卖盘
1538,10:48:12,23.56,37696,16,买盘
1539,10:48:15,23.56,124827,53,卖盘
1540,10:48:18,23.57,122515,52,买盘
1541,10:48:21,23.57,150795,64,买盘
1542,10:48:24,23.57,18853,8,买盘
1543,10:48:27,23.56,32987,14,卖盘
1544,10:48:30,23.54,150736,64,卖盘
1545,10:48:33,23.57,600929,255,买盘
1546,10:48:36,23.56,9424,4,买盘
1547,10:48:39,23.55,25905,11,卖盘
1548,10:48:42,23.55,80070,34,买盘
1549,10:48:45,23.55,77724,33,卖盘
1550,10:48:48,23.54,226101,96,卖盘
1551,10:48:51,23.55,96526,41,买盘
1552,10:48:54,23.55,11775,5,买盘
1553,10:48:57,23.55,9420,4,买盘
1554,10:49:00,23.55,190755,81,买盘
1555,10:49:03,23.54,54155,23,卖盘
1556,10:49:06,23.54,91806,39,卖盘
1557,10:49:09,23.54,84737,36,卖盘
1558,10:49:12,23.54,35310,15,买盘
1559,10:49:15,23.54,181258,77,买盘
1560,10:49:18,23.54,124738,53,卖盘
1561,10:49:21,23.54,23540,10,卖盘
1562,10:49:24,23.55,77685,33,买盘
1563,10:49:27,23.55,101240,43,买盘
1564,10:49:30,23.55,247234,105,买盘
1565,10:49:33,23.54,185966,79,卖盘
1566,10:49:36,23.55,47096,20,买盘
1567,10:49:39,23.54,2354,1,卖盘
1568,10:49:42,23.54,54142,23,卖盘
1569,10:49:45,23.54,9416,4,买盘
1570,10:49:48,23.54,42372,18,买盘
1571,10:49:51,23.53,44722,19,卖盘
1572,10:49:54,23.54,105936,45,买盘
1573,10:49:57,23.54,16478,7,卖盘
1574,10:50:00,23.54,1151585,489,卖盘
1575,10:50:03,23.58,327600,139,买盘
1576,10:50:06,23.54,47128,20,卖盘
1577,10:50:09,23.61,3227559,1368,买盘
1578,10:50:12,23.6,266683,113,卖盘
1579,10:50:15,23.61,47219,20,买盘
1580,10:50:18,23.61,7083,3,买盘
1581,10:50:21,23.6,127505,54,卖盘
1582,10:50:24,23.61,141609,60,买盘
1583,10:50:27,23.6,35400,15,卖盘
1584,10:50:30,23.61,1315358,557,买盘
1585,10:50:33,23.61,63747,27,卖盘
1586,10:50:36,23.61,68469,29,卖盘
1587,10:50:39,23.63,184236,78,买盘
1588,10:50:42,23.63,155884,66,买盘
1589,10:50:45,23.62,281003,119,中性盘
1590,10:50:48,23.62,54316,23,买盘
1591,10:50:51,23.62,134629,57,买盘
1592,10:50:54,23.63,271710,115,买盘
1593,10:50:57,23.61,80278,34,卖盘
1594,10:51:00,23.63,448938,190,买盘
1595,10:51:03,23.59,174677,74,卖盘
1596,10:51:06,23.61,35405,15,买盘
1597,10:51:09,23.6,25950,11,中性盘
1598,10:51:12,23.6,96754,41,买盘
1599,10:51:15,23.59,28313,12,卖盘
1600,10:51:18,23.6,257240,109,买盘
1601,10:51:21,23.6,141608,60,卖盘
1602,10:51:24,23.6,295000,125,卖盘
1603,10:51:27,23.6,80240,34,买盘
1604,10:51:30,23.6,51920,22,买盘
1605,10:51:33,23.6,939242,398,买盘
1606,10:51:36,23.6,557068,236,卖盘
1607,10:51:39,23.6,89682,38,卖盘
1608,10:51:42,23.59,245429,104,卖盘
1609,10:51:45,23.6,89679,38,买盘
1610,10:51:48,23.6,42484,18,卖盘
1611,10:51:51,23.6,214768,91,卖盘
1612,10:51:54,23.6,42480,18,买盘
1613,10:51:57,23.59,33036,14,卖盘
1614,10:52:00,23.6,44829,19,买盘
1615,10:52:03,23.59,58975,25,卖盘
1616,10:52:06,23.59,415187,176,卖盘
1617,10:52:09,23.59,96719,41,卖盘
1618,10:52:12,23.59,339746,144,卖盘
1619,10:52:15,23.59,23590,10,卖盘
1620,10:52:21,23.58,9432,4,卖盘
1621,10:52:24,23.59,441133,187,买盘
1622,10:52:30,23.58,150960,64,卖盘
1623,10:52:33,23.58,122616,52,买盘
1624,10:52:36,23.57,23578,10,中性盘
1625,10:52:39,23.58,18864,8,买盘
1626,10:52:45,23.57,202792,86,卖盘
1627,10:52:48,23.58,110792,47,买盘
1628,10:52:51,23.56,377108,160,卖盘
1629,10:52:54,23.56,157852,67,买盘
1630,10:52:57,23.56,131936,56,买盘
1631,10:53:00,23.56,28267,12,买盘
1632,10:53:03,23.56,197842,84,买盘
1633,10:53:06,23.55,631383,268,卖盘
1634,10:53:09,23.57,155511,66,买盘
1635,10:53:12,23.57,2357,1,卖盘
1636,10:53:15,23.57,91950,39,卖盘
1637,10:53:18,23.58,174431,74,买盘
1638,10:53:21,23.57,11785,5,买盘
1639,10:53:24,23.57,25932,11,买盘
1640,10:53:27,23.57,75418,32,买盘
1641,10:53:30,23.57,80138,34,买盘
1642,10:53:33,23.56,54199,23,卖盘
1643,10:53:36,23.56,30628,13,卖盘
1644,10:53:39,23.56,40056,17,卖盘
1645,10:53:42,23.55,9421,4,卖盘
1646,10:53:45,23.56,110732,47,买盘
1647,10:53:48,23.55,37680,16,卖盘
1648,10:53:51,23.57,49482,21,买盘
1649,10:53:54,23.56,73003,31,买盘
1650,10:53:57,23.56,58880,25,买盘
1651,10:54:03,23.55,18840,8,卖盘
1652,10:54:06,23.56,183708,78,买盘
1653,10:54:09,23.55,23545,10,中性盘
1654,10:54:12,23.55,108290,46,买盘
1655,10:54:15,23.55,122419,52,买盘
1656,10:54:18,23.55,105932,45,买盘
1657,10:54:21,23.54,14127,6,卖盘
1658,10:54:24,23.54,47080,20,买盘
1659,10:54:27,23.53,54119,23,卖盘
1660,10:54:30,23.53,183592,78,卖盘
1661,10:54:33,23.53,96476,41,卖盘
1662,10:54:36,23.53,115297,49,卖盘
1663,10:54:39,23.53,30589,13,卖盘
1664,10:54:42,23.53,77649,33,卖盘
1665,10:54:45,23.53,4706,2,买盘
1666,10:54:48,23.53,89414,38,买盘
1667,10:54:51,23.55,101240,43,买盘
1668,10:54:54,23.53,25883,11,卖盘
1669,10:54:57,23.52,70569,30,卖盘
1670,10:55:00,23.52,23521,10,卖盘
1671,10:55:03,23.52,2352,1,卖盘
1672,10:55:06,23.53,63514,27,买盘
1673,10:55:09,23.52,216396,92,卖盘
1674,10:55:12,23.52,14112,6,买盘
1675,10:55:15,23.51,216297,92,卖盘
1676,10:55:18,23.52,16464,7,买盘
1677,10:55:21,23.53,14113,6,买盘
1678,10:55:24,23.53,291649,124,买盘
1679,10:55:27,23.52,103488,44,卖盘
1680,10:55:30,23.52,94080,40,卖盘
1681,10:55:36,23.51,82310,35,卖盘
1682,10:55:39,23.51,141060,60,卖盘
1683,10:55:42,23.52,30572,13,买盘
1684,10:55:45,23.52,4704,2,买盘
1685,10:55:48,23.51,14107,6,卖盘
1686,10:55:51,23.51,16457,7,卖盘
1687,10:55:54,23.51,171633,73,卖盘
1688,10:55:57,23.51,9404,4,卖盘
1689,10:56:00,23.51,4702,2,买盘
1690,10:56:06,23.52,277466,118,买盘
1691,10:56:09,23.55,913409,388,买盘
1692,10:56:12,23.57,353022,150,买盘
1693,10:56:15,23.57,16499,7,买盘
1694,10:56:21,23.56,44782,19,卖盘
1695,10:56:24,23.58,115513,49,买盘
1696,10:56:27,23.56,89528,38,卖盘
1697,10:56:30,23.58,18864,8,买盘
1698,10:56:33,23.6,1453387,616,买盘
1699,10:56:36,23.59,63670,27,买盘
1700,10:56:39,23.58,96728,41,卖盘
1701,10:56:42,23.58,99040,42,卖盘
1702,10:56:45,23.59,47174,20,买盘
1703,10:56:48,23.58,54234,23,买盘
1704,10:56:51,23.58,25934,11,买盘
1705,10:56:54,23.58,202793,86,卖盘
1706,10:56:57,23.58,77809,33,买盘
1707,10:57:00,23.58,2358,1,买盘
1708,10:57:03,23.59,21229,9,买盘
1709,10:57:06,23.57,332457,141,卖盘
1710,10:57:09,23.58,14143,6,买盘
1711,10:57:12,23.57,44783,19,卖盘
1712,10:57:15,23.55,2355,1,卖盘
1713,10:57:21,23.57,7071,3,买盘
1714,10:57:24,23.56,35340,15,买盘
1715,10:57:27,23.57,49496,21,买盘
1716,10:57:30,23.55,68300,29,卖盘
1717,10:57:36,23.56,47120,20,买盘
1718,10:57:39,23.56,9424,4,买盘
1719,10:57:42,23.56,103649,44,卖盘
1720,10:57:48,23.55,188468,80,卖盘
1721,10:57:54,23.55,131900,56,卖盘
1722,10:57:57,23.55,40051,17,卖盘
1723,10:58:00,23.56,101300,43,买盘
1724,10:58:03,23.56,14136,6,卖盘
1725,10:58:06,23.56,139020,59,卖盘
1726,10:58:09,23.56,2356,1,买盘
1727,10:58:15,23.56,421519,179,买盘
1728,10:58:18,23.55,14130,6,买盘
1729,10:58:21,23.53,14119,6,卖盘
1730,10:58:24,23.54,18832,8,买盘
1731,10:58:27,23.53,11768,5,卖盘
1732,10:58:33,23.53,32945,14,卖盘
1733,10:58:39,23.54,16474,7,买盘
1734,10:58:42,23.54,51788,22,买盘
1735,10:58:45,23.53,127075,54,卖盘
1736,10:58:48,23.53,7059,3,买盘
1737,10:58:51,23.53,23530,10,买盘
1738,10:58:54,23.5,395013,168,卖盘
1739,10:58:57,23.53,2353,1,买盘
1740,10:59:00,23.5,9401,4,卖盘
1741,10:59:03,23.5,768459,327,卖盘
1742,10:59:06,23.5,157450,67,买盘
1743,10:59:09,23.5,96350,41,买盘
1744,10:59:12,23.5,23500,10,买盘
1745,10:59:15,23.5,96316,41,买盘
1746,10:59:18,23.49,82217,35,卖盘
1747,10:59:21,23.49,9396,4,卖盘
1748,10:59:24,23.5,251415,107,买盘
1749,10:59:27,23.5,138658,59,卖盘
1750,10:59:30,23.5,124540,53,卖盘
1751,10:59:33,23.51,63496,27,中性盘
1752,10:59:36,23.51,105816,45,卖盘
1753,10:59:39,23.52,4704,2,买盘
1754,10:59:42,23.51,108146,46,卖盘
1755,10:59:45,23.52,1810957,770,买盘
1756,10:59:48,23.56,58887,25,买盘
1757,10:59:51,23.57,37701,16,买盘
1758,10:59:54,23.56,28272,12,买盘
1759,10:59:57,23.53,30604,13,卖盘
1760,11:00:00,23.53,4706,2,买盘
1761,11:00:06,23.54,14124,6,卖盘
1762,11:00:09,23.57,607806,258,买盘
1763,11:00:12,23.6,1394441,591,买盘
1764,11:00:15,23.6,771720,327,买盘
1765,11:00:18,23.6,80232,34,买盘
1766,11:00:21,23.6,424970,180,卖盘
1767,11:00:24,23.6,80234,34,买盘
1768,11:00:27,23.59,73149,31,卖盘
1769,11:00:30,23.59,35386,15,卖盘
1770,11:00:33,23.59,103796,44,买盘
1771,11:00:36,23.59,68411,29,买盘
1772,11:00:39,23.59,141597,60,卖盘
1773,11:00:42,23.59,87284,37,卖盘
1774,11:00:45,23.58,30659,13,卖盘
1775,11:00:48,23.6,94380,40,买盘
1776,11:00:51,23.6,23600,10,买盘
1777,11:00:54,23.61,214851,91,买盘
1778,11:00:57,23.6,132167,56,卖盘
1779,11:01:00,23.61,125133,53,买盘
1780,11:01:03,23.61,162903,69,买盘
1781,11:01:06,23.62,94458,40,买盘
1782,11:01:09,23.62,181861,77,买盘
1783,11:01:12,23.62,59050,25,买盘
1784,11:01:15,23.62,380280,161,买盘
1785,11:01:18,23.62,122824,52,卖盘
1786,11:01:21,23.62,134635,57,卖盘
1787,11:01:24,23.62,321299,136,卖盘
1788,11:01:27,23.61,87361,37,卖盘
1789,11:01:30,23.6,467489,198,卖盘
1790,11:01:33,23.57,556689,236,卖盘
1791,11:01:36,23.59,139181,59,买盘
1792,11:01:39,23.59,155684,66,买盘
1793,11:01:42,23.57,30661,13,卖盘
1794,11:01:45,23.58,2358,1,中性盘
1795,11:01:48,23.53,84799,36,卖盘
1796,11:01:51,23.57,155562,66,买盘
1797,11:02:00,23.57,197986,84,买盘
1798,11:02:03,23.57,40069,17,卖盘
1799,11:02:06,23.56,32996,14,中性盘
1800,11:02:09,23.55,51827,22,卖盘
1801,11:02:12,23.58,11790,5,买盘
1802,11:02:15,23.55,77714,33,卖盘
1803,11:02:18,23.56,49474,21,买盘
1804,11:02:24,23.56,16495,7,卖盘
1805,11:02:27,23.57,11783,5,买盘
1806,11:02:30,23.57,204986,87,买盘
1807,11:02:33,23.56,28272,12,卖盘
1808,11:02:36,23.55,136635,58,卖盘
1809,11:02:39,23.56,30621,13,买盘
1810,11:02:45,23.55,37687,16,卖盘
1811,11:02:48,23.52,120025,51,卖盘
1812,11:02:51,23.53,14118,6,买盘
1813,11:02:54,23.53,9410,4,买盘
1814,11:02:57,23.53,37645,16,买盘
1815,11:03:00,23.6,763997,324,买盘
1816,11:03:03,23.55,9426,4,卖盘
1817,11:03:09,23.55,23554,10,卖盘
1818,11:03:12,23.55,16485,7,买盘
1819,11:03:15,23.55,23550,10,卖盘
1820,11:03:18,23.54,14124,6,卖盘
1821,11:03:21,23.54,23540,10,卖盘
1822,11:03:24,23.54,16478,7,卖盘
1823,11:03:27,23.54,35310,15,买盘
1824,11:03:30,23.53,75300,32,卖盘
1825,11:03:33,23.52,155247,66,卖盘
1826,11:03:39,23.54,164632,70,买盘
1827,11:03:42,23.52,14112,6,中性盘
1828,11:03:45,23.53,54102,23,买盘
1829,11:03:48,23.53,7059,3,买盘
1830,11:03:57,23.52,11760,5,卖盘
1831,11:04:00,23.53,272915,116,买盘
1832,11:04:03,23.53,32942,14,卖盘
1833,11:04:06,23.53,101179,43,卖盘
1834,11:04:09,23.53,56477,24,卖盘
1835,11:04:12,23.53,268242,114,卖盘
1836,11:04:15,23.53,7059,3,买盘
1837,11:04:18,23.52,2352,1,卖盘
1838,11:04:21,23.52,39986,17,卖盘
1839,11:04:24,23.52,25872,11,卖盘
1840,11:04:30,23.53,11765,5,买盘
1841,11:04:33,23.52,47040,20,卖盘
1842,11:04:36,23.52,54097,23,卖盘
1843,11:04:39,23.52,94080,40,卖盘
1844,11:04:42,23.51,30567,13,卖盘
1845,11:04:45,23.52,42324,18,买盘
1846,11:04:48,23.51,242168,103,卖盘
1847,11:04:51,23.51,47020,20,卖盘
1848,11:04:54,23.51,16457,7,买盘
1849,11:04:57,23.51,42318,18,买盘
1850,11:05:00,23.52,77592,33,买盘
1851,11:05:03,23.51,30563,13,卖盘
1852,11:05:06,23.51,51722,22,卖盘
1853,11:05:09,23.5,129250,55,卖盘
1854,11:05:12,23.5,4700,2,卖盘
1855,11:05:15,23.5,35250,15,卖盘
1856,11:05:18,23.5,533474,227,卖盘
1857,11:05:21,23.5,47000,20,卖盘
1858,11:05:24,23.5,25850,11,卖盘
1859,11:05:27,23.5,63450,27,卖盘
1860,11:05:30,23.5,4700,2,买盘
1861,11:05:33,23.49,148032,63,卖盘
1862,11:05:39,23.49,112753,48,卖盘
1863,11:05:42,23.5,399337,170,买盘
1864,11:05:45,23.49,70470,30,卖盘
1865,11:05:48,23.49,180875,77,卖盘
1866,11:05:51,23.49,162081,69,卖盘
1867,11:05:57,23.5,4700,2,买盘
1868,11:06:00,23.49,79866,34,卖盘
1869,11:06:03,23.49,70470,30,卖盘
1870,11:06:06,23.49,39933,17,卖盘
1871,11:06:09,23.49,169150,72,卖盘
1872,11:06:12,23.5,183291,78,买盘
1873,11:06:15,23.49,86913,37,卖盘
1874,11:06:18,23.49,51678,22,买盘
1875,11:06:24,23.48,16436,7,卖盘
1876,11:06:27,23.49,84532,36,买盘
1877,11:06:30,23.49,155007,66,买盘
1878,11:06:33,23.49,232547,99,买盘
1879,11:06:36,23.5,7049,3,买盘
1880,11:06:42,23.49,23492,10,卖盘
1881,11:06:45,23.49,223155,95,卖盘
1882,11:06:48,23.49,79872,34,卖盘
1883,11:06:51,23.49,44631,19,买盘
1884,11:06:57,23.5,1063995,453,买盘
1885,11:07:00,23.49,472331,201,卖盘
1886,11:07:03,23.5,16456,7,卖盘
1887,11:07:06,23.5,18801,8,卖盘
1888,11:07:09,23.49,148003,63,卖盘
1889,11:07:12,23.51,11755,5,买盘
1890,11:07:15,23.5,84552,36,买盘
1891,11:07:18,23.5,39948,17,卖盘
1892,11:07:21,23.5,32907,14,卖盘
1893,11:07:24,23.5,49350,21,卖盘
1894,11:07:27,23.5,7050,3,买盘
1895,11:07:30,23.49,58725,25,卖盘
1896,11:07:33,23.5,164494,70,买盘
1897,11:07:36,23.48,18789,8,卖盘
1898,11:07:39,23.5,91616,39,买盘
1899,11:07:42,23.49,49329,21,卖盘
1900,11:07:45,23.49,56376,24,卖盘
1901,11:07:48,23.49,100991,43,卖盘
1902,11:07:51,23.48,42264,18,卖盘
1903,11:07:54,23.49,108043,46,买盘
1904,11:07:57,23.49,93960,40,卖盘
1905,11:08:00,23.49,103339,44,卖盘
1906,11:08:03,23.49,89262,38,买盘
1907,11:08:06,23.48,58708,25,卖盘
1908,11:08:09,23.48,582305,248,卖盘
1909,11:08:12,23.48,307694,131,卖盘
1910,11:08:15,23.48,37571,16,卖盘
1911,11:08:18,23.48,476644,203,卖盘
1912,11:08:21,23.48,98616,42,卖盘
1913,11:08:24,23.47,21123,9,卖盘
1914,11:08:27,23.47,21123,9,卖盘
1915,11:08:30,23.47,119738,51,卖盘
1916,11:08:33,23.47,53981,23,卖盘
1917,11:08:36,23.48,330932,141,买盘
1918,11:08:39,23.46,28159,12,卖盘
1919,11:08:42,23.46,110277,47,卖盘
1920,11:08:45,23.47,18771,8,买盘
1921,11:08:48,23.46,96186,41,卖盘
1922,11:08:51,23.45,7035,3,卖盘
1923,11:08:54,23.45,7035,3,卖盘
1924,11:08:57,23.45,11725,5,卖盘
1925,11:09:00,23.44,323595,138,卖盘
1926,11:09:06,23.45,37512,16,买盘
1927,11:09:09,23.45,23445,10,买盘
1928,11:09:12,23.44,98448,42,卖盘
1929,11:09:15,23.44,21096,9,卖盘
1930,11:09:18,23.44,39848,17,卖盘
1931,11:09:21,23.44,23440,10,卖盘
1932,11:09:24,23.44,16408,7,卖盘
1933,11:09:27,23.44,145328,62,买盘
1934,11:09:30,23.44,18752,8,买盘
1935,11:09:33,23.43,58581,25,卖盘
1936,11:09:36,23.44,74998,32,买盘
1937,11:09:42,23.44,154704,66,卖盘
1938,11:09:45,23.43,35158,15,卖盘
1939,11:09:48,23.44,461767,197,买盘
1940,11:09:51,23.43,60919,26,卖盘
1941,11:09:54,23.43,98406,42,卖盘
1942,11:09:57,23.43,4686,2,卖盘
1943,11:10:00,23.44,417178,178,买盘
1944,11:10:06,23.44,215601,92,卖盘
1945,11:10:09,23.43,7029,3,买盘
1946,11:10:15,23.45,11725,5,买盘
1947,11:10:18,23.44,35160,15,买盘
1948,11:10:21,23.45,156983,67,买盘
1949,11:10:27,23.41,887698,379,卖盘
1950,11:10:30,23.42,44516,19,卖盘
1951,11:10:33,23.42,93705,40,卖盘
1952,11:10:36,23.42,440356,188,卖盘
1953,11:10:39,23.43,152277,65,买盘
1954,11:10:45,23.43,21087,9,卖盘
1955,11:10:48,23.45,175874,75,买盘
1956,11:10:51,23.43,126622,54,卖盘
1957,11:10:54,23.46,136068,58,买盘
1958,11:10:57,23.45,21111,9,卖盘
1959,11:11:03,23.46,16422,7,买盘
1960,11:11:06,23.47,14082,6,买盘
1961,11:11:09,23.46,14078,6,卖盘
1962,11:11:12,23.48,28176,12,买盘
1963,11:11:15,23.47,18780,8,卖盘
1964,11:11:18,23.49,2349,1,买盘
1965,11:11:21,23.48,7044,3,卖盘
1966,11:11:24,23.47,39919,17,卖盘
1967,11:11:30,23.48,4696,2,卖盘
1968,11:11:33,23.49,11742,5,买盘
1969,11:11:36,23.48,234800,100,中性盘
1970,11:11:39,23.48,68092,29,卖盘
1971,11:11:42,23.48,54006,23,卖盘
1972,11:11:45,23.5,318620,136,买盘
1973,11:11:48,23.49,31485,13,卖盘
1974,11:11:51,23.51,212994,91,买盘
1975,11:11:54,23.51,32914,14,卖盘
1976,11:11:57,23.51,117570,50,卖盘
1977,11:12:00,23.51,329147,140,卖盘
1978,11:12:03,23.51,84636,36,卖盘
1979,11:12:06,23.51,141056,60,卖盘
1980,11:12:09,23.5,26790,11,卖盘
1981,11:12:12,23.5,49361,21,买盘
1982,11:12:15,23.49,25841,11,卖盘
1983,11:12:18,23.49,14094,6,卖盘
1984,11:12:21,23.49,364095,155,卖盘
1985,11:12:24,23.49,2349,1,买盘
1986,11:12:30,23.45,671276,286,卖盘
1987,11:12:36,23.49,35226,15,买盘
1988,11:12:39,23.45,11725,5,卖盘
1989,11:12:42,23.45,18760,8,卖盘
1990,11:12:45,23.48,21120,9,买盘
1991,11:12:54,23.46,227739,97,卖盘
1992,11:12:57,23.46,103224,44,卖盘
1993,11:13:03,23.46,35190,15,买盘
1994,11:13:06,23.45,112573,48,卖盘
1995,11:13:09,23.46,7036,3,买盘
1996,11:13:12,23.45,302578,129,卖盘
1997,11:13:15,23.45,82075,35,卖盘
1998,11:13:18,23.45,91457,39,卖盘
1999,11:13:21,23.44,302473,129,卖盘
2000,11:13:24,23.44,250828,107,卖盘
2001,11:13:27,23.45,11723,5,买盘
2002,11:13:30,23.45,11725,5,买盘
2003,11:13:33,23.45,72676,31,买盘
2004,11:13:36,23.47,126646,54,买盘
2005,11:13:45,23.45,30496,13,卖盘
2006,11:13:48,23.47,25817,11,买盘
2007,11:13:51,23.46,37531,16,中性盘
2008,11:13:54,23.47,4694,2,买盘
2009,11:13:57,23.46,9384,4,卖盘
2010,11:14:00,23.46,117312,50,卖盘
2011,11:14:03,23.48,316752,135,买盘
2012,11:14:06,23.46,363634,155,卖盘
2013,11:14:09,23.46,136068,58,卖盘
2014,11:14:15,23.48,157271,67,买盘
2015,11:14:18,23.48,420292,179,买盘
2016,11:14:21,23.48,2348,1,卖盘
2017,11:14:27,23.48,93920,40,卖盘
2018,11:14:30,23.48,23480,10,买盘
2019,11:14:36,23.48,7042,3,买盘
2020,11:14:39,23.47,30516,13,卖盘
2021,11:14:42,23.48,25828,11,买盘
2022,11:14:45,23.47,39897,17,卖盘
2023,11:14:48,23.46,32844,14,卖盘
2024,11:14:51,23.47,2347,1,买盘
2025,11:14:54,23.47,23470,10,买盘
2026,11:15:00,23.47,675439,288,买盘
2027,11:15:03,23.47,9387,4,买盘
2028,11:15:06,23.46,28152,12,卖盘
2029,11:15:09,23.45,44564,19,卖盘
2030,11:15:12,23.45,25798,11,卖盘
2031,11:15:15,23.45,53935,23,卖盘
2032,11:15:18,23.44,140640,60,卖盘
2033,11:15:21,23.43,25785,11,卖盘
2034,11:15:24,23.45,44555,19,买盘
2035,11:15:27,23.42,712076,304,卖盘
2036,11:15:30,23.44,107743,46,中性盘
2037,11:15:33,23.41,503328,215,卖盘
2038,11:15:36,23.41,49215,21,卖盘
2039,11:15:39,23.44,588354,251,中性盘
2040,11:15:42,23.44,630068,269,卖盘
2041,11:15:45,23.45,124248,53,买盘
2042,11:15:48,23.44,858043,366,卖盘
2043,11:15:51,23.43,37499,16,卖盘
2044,11:15:57,23.44,14061,6,买盘
2045,11:16:03,23.44,11720,5,买盘
2046,11:16:06,23.44,77404,33,卖盘
2047,11:16:09,23.46,70372,30,买盘
2048,11:16:12,23.46,229820,98,买盘
2049,11:16:15,23.44,1406,1,卖盘
2050,11:16:21,23.45,11725,5,买盘
2051,11:16:24,23.46,11730,5,买盘
2052,11:16:27,23.43,780348,333,卖盘
2053,11:16:30,23.43,58575,25,卖盘
2054,11:16:33,23.44,2344,1,买盘
2055,11:16:36,23.43,2343,1,卖盘
2056,11:16:39,23.43,227272,97,卖盘
2057,11:16:42,23.43,105441,45,中性盘
2058,11:16:48,23.43,7029,3,买盘
2059,11:16:51,23.43,353709,151,买盘
2060,11:16:54,23.43,46860,20,卖盘
2061,11:16:57,23.43,16401,7,卖盘
2062,11:17:00,23.43,39836,17,卖盘
2063,11:17:06,23.43,21087,9,卖盘
2064,11:17:09,23.43,11715,5,卖盘
2065,11:17:12,23.44,65615,28,买盘
2066,11:17:15,23.44,107795,46,买盘
2067,11:17:18,23.47,37540,16,买盘
2068,11:17:21,23.44,51574,22,卖盘
2069,11:17:24,23.44,9379,4,中性盘
2070,11:17:27,23.45,37522,16,中性盘
2071,11:17:30,23.46,65650,28,买盘
2072,11:17:36,23.45,63315,27,买盘
2073,11:17:39,23.45,2345,1,买盘
2074,11:17:42,23.44,7032,3,卖盘
2075,11:17:48,23.44,18752,8,卖盘
2076,11:17:51,23.44,75008,32,卖盘
2077,11:17:54,23.44,140640,60,卖盘
2078,11:17:57,23.45,18760,8,买盘
2079,11:18:00,23.45,11725,5,买盘
2080,11:18:03,23.45,2345,1,买盘
2081,11:18:06,23.44,44552,19,卖盘
2082,11:18:09,23.43,46863,20,卖盘
2083,11:18:12,23.43,311621,133,卖盘
2084,11:18:15,23.43,23430,10,买盘
2085,11:18:18,23.43,332570,142,买盘
2086,11:18:21,23.43,86704,37,买盘
2087,11:18:24,23.44,18752,8,买盘
2088,11:18:27,23.45,194631,83,买盘
2089,11:18:30,23.45,21106,9,卖盘
2090,11:18:33,23.46,487770,208,买盘
2091,11:18:36,23.45,49245,21,卖盘
2092,11:18:39,23.45,166495,71,买盘
2093,11:18:45,23.48,166557,71,买盘
2094,11:18:48,23.44,37534,16,卖盘
2095,11:18:51,23.46,9384,4,中性盘
2096,11:18:57,23.46,2346,1,买盘
2097,11:19:00,23.46,4692,2,买盘
2098,11:19:03,23.45,53953,23,卖盘
2099,11:19:06,23.45,11725,5,卖盘
2100,11:19:09,23.45,112560,48,卖盘
2101,11:19:15,23.44,140654,60,卖盘
2102,11:19:18,23.45,93761,40,买盘
2103,11:19:21,23.45,58617,25,卖盘
2104,11:19:24,23.46,103194,44,买盘
2105,11:19:27,23.46,37536,16,卖盘
2106,11:19:30,23.46,105570,45,卖盘
2107,11:19:33,23.46,23460,10,买盘
2108,11:19:36,23.46,192328,82,买盘
2109,11:19:39,23.46,105564,45,买盘
2110,11:19:48,23.46,199389,85,买盘
2111,11:19:51,23.46,105550,45,买盘
2112,11:19:54,23.45,112588,48,卖盘
2113,11:19:57,23.45,16415,7,买盘
2114,11:20:00,23.45,25795,11,买盘
2115,11:20:03,23.44,112548,48,卖盘
2116,11:20:06,23.45,9380,4,买盘
2117,11:20:09,23.44,203978,87,卖盘
2118,11:20:12,23.44,232057,99,卖盘
2119,11:20:15,23.46,79704,34,买盘
2120,11:20:18,23.48,138512,59,买盘
2121,11:20:21,23.46,222999,95,卖盘
2122,11:20:24,23.49,750749,320,买盘
2123,11:20:27,23.49,25832,11,卖盘
2124,11:20:30,23.49,30532,13,买盘
2125,11:20:33,23.49,68121,29,卖盘
2126,11:20:36,23.48,44623,19,卖盘
2127,11:20:39,23.47,11735,5,卖盘
2128,11:20:42,23.48,28176,12,买盘
2129,11:20:51,23.47,11739,5,卖盘
2130,11:20:54,23.48,152593,65,买盘
2131,11:20:57,23.45,23450,10,卖盘
2132,11:21:00,23.47,4694,2,买盘
2133,11:21:03,23.47,4694,2,买盘
2134,11:21:06,23.47,23470,10,卖盘
2135,11:21:09,23.47,18776,8,卖盘
2136,11:21:12,23.47,51634,22,卖盘
2137,11:21:15,23.48,122096,52,买盘
2138,11:21:18,23.48,2348,1,卖盘
2139,11:21:21,23.49,25839,11,买盘
2140,11:21:24,23.49,101001,43,买盘
2141,11:21:27,23.48,131488,56,卖盘
2142,11:21:33,23.48,4696,2,买盘
2143,11:21:36,23.47,68081,29,卖盘
2144,11:21:39,23.48,56352,24,买盘
2145,11:21:42,23.47,56336,24,卖盘
2146,11:21:45,23.49,37569,16,买盘
2147,11:21:48,23.48,18790,8,卖盘
2148,11:21:51,23.49,18792,8,买盘
2149,11:21:54,23.49,35235,15,买盘
2150,11:21:57,23.49,21141,9,卖盘
2151,11:22:00,23.48,56371,24,卖盘
2152,11:22:03,23.48,2348,1,卖盘
2153,11:22:06,23.48,7045,3,卖盘
2154,11:22:09,23.49,46980,20,买盘
2155,11:22:12,23.49,49329,21,买盘
2156,11:22:15,23.48,234898,100,卖盘
2157,11:22:18,23.48,77488,33,卖盘
2158,11:22:21,23.48,82180,35,卖盘
2159,11:22:24,23.48,54005,23,卖盘
2160,11:22:27,23.48,23481,10,卖盘
2161,11:22:30,23.47,4694,2,卖盘
2162,11:22:33,23.47,248784,106,卖盘
2163,11:22:36,23.46,253368,108,卖盘
2164,11:22:39,23.46,180658,77,卖盘
2165,11:22:42,23.46,58650,25,卖盘
2166,11:22:45,23.46,60998,26,卖盘
2167,11:22:48,23.45,128982,55,卖盘
2168,11:22:51,23.45,159480,68,卖盘
2169,11:22:54,23.46,68030,29,买盘
2170,11:22:57,23.46,39882,17,卖盘
2171,11:23:00,23.46,18768,8,卖盘
2172,11:23:03,23.46,119605,51,买盘
2173,11:23:06,23.45,112570,48,卖盘
2174,11:23:09,23.44,175807,75,卖盘
2175,11:23:12,23.44,93760,40,卖盘
2176,11:23:15,23.44,145328,62,卖盘
2177,11:23:18,23.44,147671,63,买盘
2178,11:23:21,23.44,32816,14,卖盘
2179,11:23:24,23.44,70320,30,卖盘
2180,11:23:27,23.44,25784,11,卖盘
2181,11:23:30,23.44,121888,52,卖盘
2182,11:23:33,23.45,11723,5,买盘
2183,11:23:36,23.44,72664,31,卖盘
2184,11:23:42,23.44,2344,1,卖盘
2185,11:23:45,23.44,152360,65,卖盘
2186,11:23:48,23.44,42206,18,卖盘
2187,11:23:51,23.44,2344,1,卖盘
2188,11:23:54,23.44,25784,11,卖盘
2189,11:24:00,23.44,332928,142,卖盘
2190,11:24:03,23.44,49224,21,卖盘
2191,11:24:06,23.43,131208,56,卖盘
2192,11:24:09,23.43,241332,103,卖盘
2193,11:24:12,23.43,2343,1,卖盘
2194,11:24:15,23.43,7029,3,卖盘
2195,11:24:18,23.43,103092,44,卖盘
2196,11:24:21,23.43,2343,1,卖盘
2197,11:24:24,23.43,77319,33,卖盘
2198,11:24:27,23.44,21089,9,买盘
2199,11:24:30,23.43,51546,22,卖盘
2200,11:24:33,23.44,32816,14,买盘
2201,11:24:36,23.43,14061,6,卖盘
2202,11:24:39,23.43,70355,30,卖盘
2203,11:24:42,23.46,39856,17,买盘
2204,11:24:45,23.43,70290,30,卖盘
2205,11:24:51,23.44,107864,46,卖盘
2206,11:24:54,23.46,2346,1,买盘
2207,11:24:57,23.44,107824,46,卖盘
2208,11:25:00,23.45,82025,35,买盘
2209,11:25:03,23.44,39848,17,卖盘
2210,11:25:06,23.44,82040,35,中性盘
2211,11:25:09,23.43,138241,59,卖盘
2212,11:25:12,23.45,25795,11,买盘
2213,11:25:15,23.46,30487,13,买盘
2214,11:25:21,23.45,51590,22,卖盘
2215,11:25:24,23.45,9380,4,买盘
2216,11:25:30,23.44,18752,8,卖盘
2217,11:25:33,23.44,30472,13,买盘
2218,11:25:36,23.44,311752,133,卖盘
2219,11:25:39,23.44,70320,30,卖盘
2220,11:25:42,23.44,18747,8,买盘
2221,11:25:45,23.45,386799,165,买盘
2222,11:25:48,23.45,23450,10,卖盘
2223,11:25:51,23.45,124289,53,卖盘
2224,11:25:54,23.45,56280,24,卖盘
2225,11:25:57,23.45,9380,4,卖盘
2226,11:26:00,23.45,70350,30,卖盘
2227,11:26:03,23.45,18760,8,卖盘
2228,11:26:06,23.45,23450,10,卖盘
2229,11:26:09,23.45,56280,24,卖盘
2230,11:26:12,23.46,53938,23,买盘
2231,11:26:15,23.47,182989,78,买盘
2232,11:26:18,23.46,11730,5,卖盘
2233,11:26:21,23.46,11730,5,卖盘
2234,11:26:24,23.46,91498,39,卖盘
2235,11:26:27,23.47,70401,30,买盘
2236,11:26:33,23.46,32844,14,卖盘
2237,11:26:42,23.47,112656,48,买盘
2238,11:26:45,23.47,7041,3,卖盘
2239,11:26:48,23.47,11735,5,卖盘
2240,11:26:54,23.47,70410,30,卖盘
2241,11:26:57,23.47,25817,11,买盘
2242,11:27:00,23.47,44593,19,买盘
2243,11:27:03,23.47,2347,1,卖盘
2244,11:27:06,23.48,16430,7,买盘
2245,11:27:09,23.47,37553,16,卖盘
2246,11:27:12,23.48,56351,24,买盘
2247,11:27:15,23.48,11740,5,买盘
2248,11:27:18,23.47,70410,30,卖盘
2249,11:27:21,23.48,617522,263,买盘
2250,11:27:24,23.48,21132,9,卖盘
2251,11:27:27,23.48,23484,10,卖盘
2252,11:27:33,23.48,171411,73,卖盘
2253,11:27:36,23.48,7044,3,卖盘
2254,11:27:39,23.49,23490,10,买盘
2255,11:27:42,23.49,23490,10,买盘
2256,11:27:48,23.49,122148,52,买盘
2257,11:27:51,23.48,21132,9,卖盘
2258,11:27:54,23.48,91576,39,卖盘
2259,11:27:57,23.49,2349,1,买盘
2260,11:28:00,23.48,16436,7,卖盘
2261,11:28:03,23.48,380381,162,卖盘
2262,11:28:09,23.47,9388,4,卖盘
2263,11:28:12,23.47,2347,1,卖盘
2264,11:28:15,23.48,640968,273,买盘
2265,11:28:18,23.48,35220,15,卖盘
2266,11:28:21,23.48,75136,32,卖盘
2267,11:28:24,23.48,122096,52,卖盘
2268,11:28:27,23.48,37568,16,买盘
2269,11:28:30,23.47,150252,64,卖盘
2270,11:28:33,23.48,28174,12,买盘
2271,11:28:36,23.47,30506,13,中性盘
2272,11:28:39,23.48,373332,159,买盘
2273,11:28:42,23.48,72788,31,卖盘
2274,11:28:45,23.48,98616,42,卖盘
2275,11:28:48,23.49,56356,24,买盘
2276,11:28:51,23.49,93949,40,买盘
2277,11:28:54,23.49,84553,36,买盘
2278,11:28:57,23.49,9396,4,买盘
2279,11:29:00,23.48,30527,13,卖盘
2280,11:29:03,23.48,131501,56,卖盘
2281,11:29:06,23.49,270062,115,买盘
2282,11:29:09,23.48,4696,2,卖盘
2283,11:29:12,23.49,54027,23,买盘
2284,11:29:18,23.49,7047,3,买盘
2285,11:29:21,23.48,169062,72,卖盘
2286,11:29:27,23.48,4696,2,买盘
2287,11:29:30,23.48,61047,26,买盘
2288,11:29:33,23.47,129085,55,卖盘
2289,11:29:36,23.46,2346,1,卖盘
2290,11:29:39,23.46,49266,21,卖盘
2291,11:29:45,23.47,21119,9,买盘
2292,11:29:48,23.5,1272815,542,买盘
2293,11:29:54,23.5,16450,7,卖盘
2294,11:29:57,23.5,18800,8,卖盘
2295,11:30:00,23.52,25872,11,买盘
2296,13:00:00,23.53,1533679,652,买盘
2297,13:00:03,23.54,482480,205,买盘
2298,13:00:06,23.55,82416,35,买盘
2299,13:00:09,23.54,7062,3,卖盘
2300,13:00:12,23.52,915078,389,卖盘
2301,13:00:15,23.51,1091252,464,卖盘
2302,13:00:18,23.5,258500,110,卖盘
2303,13:00:21,23.49,303143,129,卖盘
2304,13:00:24,23.48,612828,261,卖盘
2305,13:00:27,23.48,7044,3,买盘
2306,13:00:30,23.48,295744,126,买盘
2307,13:00:33,23.47,37552,16,买盘
2308,13:00:36,23.47,262864,112,买盘
2309,13:00:39,23.48,84506,36,买盘
2310,13:00:42,23.48,32872,14,卖盘
2311,13:00:45,23.48,65749,28,卖盘
2312,13:00:48,23.49,28188,12,买盘
2313,13:00:51,23.47,192454,82,卖盘
2314,13:00:54,23.47,159630,68,卖盘
2315,13:00:57,23.47,124420,53,卖盘
2316,13:01:00,23.49,65737,28,买盘
2317,13:01:03,23.48,7044,3,卖盘
2318,13:01:06,23.49,28177,12,买盘
2319,13:01:09,23.49,30537,13,买盘
2320,13:01:15,23.49,35235,15,买盘
2321,13:01:18,23.5,577862,246,买盘
2322,13:01:21,23.5,56400,24,卖盘
2323,13:01:24,23.51,136326,58,买盘
2324,13:01:30,23.51,9404,4,卖盘
2325,13:01:33,23.52,51744,22,买盘
2326,13:01:36,23.52,122284,52,中性盘
2327,13:01:39,23.53,16459,7,买盘
2328,13:01:42,23.52,70567,30,买盘
2329,13:01:45,23.52,47040,20,卖盘
2330,13:01:48,23.53,131762,56,买盘
2331,13:01:51,23.52,11760,5,卖盘
2332,13:01:54,23.53,77649,33,买盘
2333,13:01:57,23.53,42362,18,卖盘
2334,13:02:00,23.54,150656,64,中性盘
2335,13:02:03,23.53,11769,5,卖盘
2336,13:02:06,23.54,51775,22,买盘
2337,13:02:09,23.54,16475,7,买盘
2338,13:02:15,23.54,70600,30,买盘
2339,13:02:18,23.54,35299,15,买盘
2340,13:02:21,23.58,662182,281,买盘
2341,13:02:27,23.6,2216712,939,买盘
2342,13:02:30,23.59,715459,303,卖盘
2343,13:02:33,23.63,311766,132,买盘
2344,13:02:36,23.62,774768,328,卖盘
2345,13:02:39,23.61,94444,40,中性盘
2346,13:02:42,23.62,110998,47,买盘
2347,13:02:45,23.62,49600,21,买盘
2348,13:02:48,23.62,347257,147,买盘
2349,13:02:51,23.61,77936,33,卖盘
2350,13:02:54,23.6,318630,135,卖盘
2351,13:02:57,23.6,122725,52,卖盘
2352,13:03:00,23.6,151036,64,买盘
2353,13:03:03,23.59,193480,82,卖盘
2354,13:03:06,23.59,209951,89,卖盘
2355,13:03:09,23.59,35374,15,买盘
2356,13:03:12,23.55,101301,43,卖盘
2357,13:03:15,23.54,268462,114,卖盘
2358,13:03:18,23.54,4708,2,卖盘
2359,13:03:21,23.54,110662,47,卖盘
2360,13:03:24,23.54,7062,3,卖盘
2361,13:03:30,23.54,72994,31,卖盘
2362,13:03:33,23.54,2354,1,卖盘
2363,13:03:36,23.55,157768,67,买盘
2364,13:03:39,23.55,11775,5,卖盘
2365,13:03:42,23.55,273201,116,卖盘
2366,13:03:45,23.55,273180,116,卖盘
2367,13:03:48,23.55,11775,5,买盘
2368,13:03:51,23.54,21186,9,卖盘
2369,13:03:54,23.55,675889,287,买盘
2370,13:03:57,23.55,56520,24,卖盘
2371,13:04:00,23.55,105986,45,卖盘
2372,13:04:03,23.58,42441,18,买盘
2373,13:04:06,23.58,56526,24,买盘
2374,13:04:09,23.55,14136,6,卖盘
2375,13:04:12,23.58,40076,17,买盘
2376,13:04:15,23.55,77750,33,卖盘
2377,13:04:18,23.58,1708678,724,买盘
2378,13:04:21,23.62,75575,32,买盘
2379,13:04:24,23.62,110994,47,买盘
2380,13:04:27,23.61,4722,2,买盘
2381,13:04:30,23.58,18870,8,卖盘
2382,13:04:33,23.61,18886,8,买盘
2383,13:04:36,23.6,139261,59,卖盘
2384,13:04:39,23.6,40120,17,买盘
2385,13:04:42,23.61,278492,118,买盘
2386,13:04:45,23.6,35403,15,卖盘
2387,13:04:48,23.6,2360,1,卖盘
2388,13:04:51,23.6,203013,86,卖盘
2389,13:04:54,23.6,151040,64,卖盘
2390,13:05:00,23.6,108560,46,买盘
2391,13:05:03,23.6,103840,44,卖盘
2392,13:05:06,23.61,106219,45,买盘
2393,13:05:09,23.6,44840,19,卖盘
2394,13:05:12,23.6,153351,65,买盘
2395,13:05:15,23.59,113258,48,卖盘
2396,13:05:18,23.6,33040,14,买盘
2397,13:05:21,23.59,30667,13,卖盘
2398,13:05:24,23.59,35385,15,买盘
2399,13:05:27,23.59,56616,24,买盘
2400,13:05:30,23.59,25948,11,买盘
2401,13:05:33,23.59,30666,13,买盘
2402,13:05:36,23.59,96700,41,买盘
2403,13:05:39,23.59,54239,23,买盘
2404,13:05:42,23.58,28298,12,卖盘
2405,13:05:45,23.58,75469,32,卖盘
2406,13:05:51,23.58,374725,159,买盘
2407,13:05:54,23.58,30654,13,卖盘
2408,13:05:57,23.61,1614323,684,买盘
2409,13:06:00,23.62,255066,108,买盘
2410,13:06:03,23.61,35416,15,卖盘
2411,13:06:06,23.61,35419,15,卖盘
2412,13:06:09,23.62,23616,10,买盘
2413,13:06:12,23.62,144077,61,买盘
2414,13:06:15,23.62,115721,49,买盘
2415,13:06:18,23.62,113373,48,买盘
2416,13:06:21,23.62,73222,31,买盘
2417,13:06:24,23.62,18891,8,买盘
2418,13:06:27,23.61,136982,58,卖盘
2419,13:06:30,23.61,212502,90,卖盘
2420,13:06:33,23.6,11804,5,卖盘
2421,13:06:36,23.6,99159,42,卖盘
2422,13:06:39,23.6,42483,18,卖盘
2423,13:06:42,23.6,61360,26,买盘
2424,13:06:45,23.6,684518,290,买盘
2425,13:06:48,23.61,722685,306,买盘
2426,13:06:51,23.62,144044,61,买盘
2427,13:06:54,23.61,63752,27,卖盘
2428,13:06:57,23.61,221934,94,卖盘
2429,13:07:00,23.62,63757,27,买盘
2430,13:07:03,23.61,92089,39,卖盘
2431,13:07:06,23.61,11805,5,买盘
2432,13:07:09,23.61,318621,135,买盘
2433,13:07:12,23.61,151054,64,买盘
2434,13:07:15,23.61,542849,230,买盘
2435,13:07:18,23.62,465100,197,买盘
2436,13:07:21,23.62,807644,342,买盘
2437,13:07:24,23.61,89747,38,中性盘
2438,13:07:27,23.61,219613,93,中性盘
2439,13:07:30,23.62,335278,142,买盘
2440,13:07:33,23.6,132176,56,卖盘
2441,13:07:36,23.6,4722,2,卖盘
2442,13:07:39,23.62,99185,42,买盘
2443,13:07:42,23.6,99120,42,卖盘
2444,13:07:45,23.61,167660,71,买盘
2445,13:07:48,23.6,14160,6,卖盘
2446,13:07:51,23.6,75530,32,卖盘
2447,13:07:54,23.6,63720,27,卖盘
2448,13:07:57,23.6,68445,29,卖盘
2449,13:08:00,23.61,318731,135,买盘
2450,13:08:03,23.61,7081,3,买盘
2451,13:08:06,23.6,59000,25,卖盘
2452,13:08:09,23.6,9440,4,买盘
2453,13:08:12,23.6,54280,23,买盘
2454,13:08:15,23.59,247709,105,卖盘
2455,13:08:18,23.6,141576,60,买盘
2456,13:08:21,23.6,33031,14,买盘
2457,13:08:24,23.6,61340,26,买盘
2458,13:08:27,23.6,18876,8,买盘
2459,13:08:30,23.61,1914754,811,买盘
2460,13:08:33,23.61,61386,26,卖盘
2461,13:08:36,23.6,94414,40,卖盘
2462,13:08:39,23.6,2360,1,卖盘
2463,13:08:42,23.61,23603,10,买盘
2464,13:08:45,23.6,28327,12,卖盘
2465,13:08:48,23.6,84960,36,卖盘
2466,13:08:51,23.6,311520,132,卖盘
2467,13:08:54,23.6,4720,2,买盘
2468,13:08:57,23.59,11795,5,卖盘
2469,13:09:00,23.6,21232,9,买盘
2470,13:09:03,23.59,99109,42,卖盘
2471,13:09:09,23.58,89604,38,卖盘
2472,13:09:12,23.57,61303,26,卖盘
2473,13:09:15,23.58,4716,2,买盘
2474,13:09:21,23.57,42430,18,卖盘
2475,13:09:24,23.57,84852,36,卖盘
2476,13:09:27,23.58,23574,10,买盘
2477,13:09:30,23.6,1238326,525,买盘
2478,13:09:33,23.61,2045433,866,买盘
2479,13:09:36,23.62,2362,1,卖盘
2480,13:09:39,23.62,35430,15,卖盘
2481,13:09:42,23.62,172426,73,卖盘
2482,13:09:45,23.62,7086,3,买盘
2483,13:09:51,23.61,85006,36,卖盘
2484,13:09:57,23.61,9444,4,买盘
2485,13:10:00,23.6,47205,20,卖盘
2486,13:10:03,23.61,550040,233,买盘
2487,13:10:06,23.61,23610,10,卖盘
2488,13:10:09,23.61,193603,82,卖盘
2489,13:10:12,23.62,257281,109,买盘
2490,13:10:15,23.6,51920,22,买盘
2491,13:10:18,23.61,462922,196,中性盘
2492,13:10:21,23.62,210217,89,买盘
2493,13:10:24,23.63,354314,150,买盘
2494,13:10:27,23.61,59032,25,中性盘
2495,13:10:30,23.61,44849,19,买盘
2496,13:10:33,23.61,16527,7,买盘
2497,13:10:36,23.6,75551,32,卖盘
2498,13:10:39,23.6,228963,97,卖盘
2499,13:10:42,23.6,576067,244,卖盘
2500,13:10:45,23.61,11805,5,中性盘
2501,13:10:48,23.61,59025,25,卖盘
2502,13:10:54,23.61,59025,25,卖盘
2503,13:10:57,23.62,191272,81,买盘
2504,13:11:00,23.61,66114,28,卖盘
2505,13:11:03,23.61,23611,10,卖盘
2506,13:11:06,23.61,16528,7,卖盘
2507,13:11:09,23.61,189399,80,卖盘
2508,13:11:12,23.61,195444,83,卖盘
2509,13:11:21,23.61,44842,19,买盘
2510,13:11:24,23.6,228980,97,卖盘
2511,13:11:27,23.6,153400,65,卖盘
2512,13:11:30,23.6,18880,8,买盘
2513,13:11:33,23.59,44821,19,卖盘
2514,13:11:36,23.59,18872,8,卖盘
2515,13:11:39,23.59,460025,195,卖盘
2516,13:11:42,23.59,474285,201,卖盘
2517,13:11:48,23.58,169776,72,卖盘
2518,13:11:54,23.57,54217,23,卖盘
2519,13:11:57,23.56,426436,181,卖盘
2520,13:12:00,23.56,103664,44,卖盘
2521,13:12:03,23.56,117823,50,卖盘
2522,13:12:06,23.55,188448,80,卖盘
2523,13:12:09,23.55,54183,23,卖盘
2524,13:12:12,23.55,195475,83,卖盘
2525,13:12:15,23.55,49455,21,卖盘
2526,13:12:18,23.55,292020,124,卖盘
2527,13:12:21,23.54,87098,37,卖盘
2528,13:12:24,23.56,98911,42,买盘
2529,13:12:27,23.56,16488,7,买盘
2530,13:12:33,23.55,181350,77,卖盘
2531,13:12:36,23.55,49473,21,卖盘
2532,13:12:39,23.55,25905,11,卖盘
2533,13:12:42,23.55,2355,1,卖盘
2534,13:12:45,23.56,431144,183,买盘
2535,13:12:48,23.55,103654,44,卖盘
2536,13:12:54,23.56,32984,14,买盘
2537,13:13:00,23.55,124824,53,卖盘
2538,13:13:03,23.55,11775,5,卖盘
2539,13:13:06,23.56,508850,216,买盘
2540,13:13:09,23.56,617105,262,卖盘
2541,13:13:12,23.56,40052,17,卖盘
2542,13:13:18,23.54,129567,55,卖盘
2543,13:13:21,23.54,44728,19,卖盘
2544,13:13:24,23.54,37664,16,中性盘
2545,13:13:30,23.54,54142,23,卖盘
2546,13:13:33,23.55,211916,90,买盘
2547,13:13:36,23.56,61255,26,买盘
2548,13:13:39,23.55,687665,292,卖盘
2549,13:13:42,23.55,96555,41,买盘
2550,13:13:45,23.55,186038,79,买盘
2551,13:13:48,23.54,49434,21,卖盘
2552,13:13:51,23.54,18832,8,卖盘
2553,13:13:54,23.54,7062,3,买盘
2554,13:13:57,23.53,68250,29,卖盘
2555,13:14:00,23.53,11765,5,卖盘
2556,13:14:03,23.53,98852,42,卖盘
2557,13:14:09,23.54,141198,60,买盘
2558,13:14:12,23.54,65905,28,买盘
2559,13:14:15,23.54,239949,102,买盘
2560,13:14:18,23.54,2354,1,买盘
2561,13:14:21,23.53,4706,2,买盘
2562,13:14:24,23.53,18829,8,卖盘
2563,13:14:27,23.54,261059,111,买盘
2564,13:14:30,23.53,138842,59,卖盘
2565,13:14:33,23.55,35325,15,买盘
2566,13:14:36,23.54,30602,13,卖盘
2567,13:14:39,23.56,11780,5,买盘
2568,13:14:42,23.56,2356,1,买盘
2569,13:14:45,23.56,21204,9,买盘
2570,13:14:48,23.55,98926,42,卖盘
2571,13:14:51,23.57,61259,26,买盘
2572,13:14:54,23.57,2357,1,买盘
2573,13:14:57,23.55,105986,45,卖盘
2574,13:15:00,23.57,23570,10,买盘
2575,13:15:03,23.57,120197,51,买盘
2576,13:15:06,23.56,596606,253,买盘
2577,13:15:09,23.55,131924,56,卖盘
2578,13:15:15,23.56,70700,30,卖盘
2579,13:15:18,23.57,54191,23,买盘
2580,13:15:21,23.55,25907,11,卖盘
2581,13:15:24,23.56,18851,8,中性盘
2582,13:15:27,23.57,30633,13,买盘
2583,13:15:33,23.55,478072,203,卖盘
2584,13:15:36,23.55,117750,50,买盘
2585,13:15:39,23.55,32970,14,买盘
2586,13:15:42,23.55,35325,15,买盘
2587,13:15:45,23.55,32970,14,买盘
2588,13:15:48,23.55,2355,1,买盘
2589,13:15:51,23.54,124428,53,卖盘
2590,13:15:54,23.55,58875,25,买盘
2591,13:15:57,23.55,2355,1,卖盘
2592,13:16:00,23.55,2355,1,卖盘
2593,13:16:06,23.55,4710,2,卖盘
2594,13:16:09,23.55,148365,63,卖盘
2595,13:16:12,23.56,129626,55,中性盘
2596,13:16:15,23.55,4710,2,卖盘
2597,13:16:18,23.57,16493,7,买盘
2598,13:16:21,23.56,18852,8,卖盘
2599,13:16:24,23.56,32984,14,卖盘
2600,13:16:27,23.57,37711,16,买盘
2601,13:16:36,23.55,11775,5,卖盘
2602,13:16:39,23.55,77767,33,卖盘
2603,13:16:48,23.55,68295,29,卖盘
2604,13:16:51,23.55,44745,19,卖盘
2605,13:16:57,23.56,28268,12,中性盘
2606,13:17:00,23.56,49467,21,买盘
2607,13:17:03,23.55,124815,53,卖盘
2608,13:17:06,23.57,115419,49,买盘
2609,13:17:09,23.55,376872,160,中性盘
2610,13:17:12,23.55,70707,30,卖盘
2611,13:17:15,23.57,11785,5,买盘
2612,13:17:18,23.55,350929,149,卖盘
2613,13:17:21,23.57,873786,371,买盘
2614,13:17:24,23.56,61268,26,卖盘
2615,13:17:27,23.57,44800,19,买盘
2616,13:17:30,23.56,141365,60,卖盘
2617,13:17:33,23.56,56551,24,卖盘
2618,13:17:36,23.57,103706,44,买盘
2619,13:17:39,23.58,139107,59,买盘
2620,13:17:42,23.57,28286,12,卖盘
2621,13:17:45,23.57,70710,30,买盘
2622,13:17:48,23.57,44784,19,卖盘
2623,13:17:51,23.57,54211,23,买盘
2624,13:17:54,23.57,80138,34,买盘
2625,13:17:57,23.56,179134,76,卖盘
2626,13:18:00,23.58,325404,138,买盘
2627,13:18:03,23.58,101390,43,买盘
2628,13:18:06,23.58,82532,35,买盘
2629,13:18:09,23.58,4716,2,卖盘
2630,13:18:12,23.58,87246,37,卖盘
2631,13:18:15,23.58,33012,14,卖盘
2632,13:18:18,23.58,23580,10,卖盘
2633,13:18:21,23.58,11792,5,卖盘
2634,13:18:24,23.58,153293,65,卖盘
2635,13:18:27,23.58,9432,4,买盘
2636,13:18:30,23.57,87229,37,卖盘
2637,13:18:36,23.57,172066,73,卖盘
2638,13:18:39,23.57,18856,8,买盘
2639,13:18:42,23.57,4714,2,买盘
2640,13:18:45,23.57,18853,8,买盘
2641,13:18:48,23.57,23570,10,买盘
2642,13:18:51,23.6,1899037,805,买盘
2643,13:18:54,23.61,1185546,502,买盘
2644,13:18:57,23.61,68486,29,卖盘
2645,13:19:00,23.63,292870,124,买盘
2646,13:19:03,23.62,25982,11,卖盘
2647,13:19:09,23.62,4723,2,买盘
2648,13:19:12,23.61,51942,22,卖盘
2649,13:19:18,23.62,16532,7,买盘
2650,13:19:21,23.61,35420,15,卖盘
2651,13:19:24,23.62,33068,14,买盘
2652,13:19:27,23.61,96840,41,卖盘
2653,13:19:30,23.61,44874,19,卖盘
2654,13:19:33,23.61,56667,24,卖盘
2655,13:19:36,23.61,4722,2,卖盘
2656,13:19:39,23.62,14169,6,买盘
2657,13:19:42,23.62,56678,24,买盘
2658,13:19:45,23.61,113333,48,卖盘
2659,13:19:48,23.62,42500,18,买盘
2660,13:19:51,23.61,61386,26,卖盘
2661,13:19:54,23.61,125139,53,卖盘
2662,13:19:57,23.6,87352,37,卖盘
2663,13:20:00,23.61,35415,15,买盘
2664,13:20:03,23.61,120391,51,买盘
2665,13:20:06,23.61,250161,106,买盘
2666,13:20:09,23.6,566596,240,卖盘
2667,13:20:12,23.6,122747,52,卖盘
2668,13:20:15,23.61,66087,28,买盘
2669,13:20:18,23.6,14160,6,卖盘
2670,13:20:21,23.61,16527,7,买盘
2671,13:20:24,23.61,908763,385,买盘
2672,13:20:27,23.61,51942,22,卖盘
2673,13:20:30,23.61,75552,32,卖盘
2674,13:20:33,23.61,70830,30,卖盘
2675,13:20:36,23.61,110967,47,卖盘
2676,13:20:39,23.61,23610,10,卖盘
2677,13:20:45,23.61,56664,24,卖盘
2678,13:20:48,23.61,262130,111,卖盘
2679,13:20:51,23.68,10222576,4321,买盘
2680,13:20:54,23.69,379037,160,买盘
2681,13:20:57,23.69,4738,2,买盘
2682,13:21:00,23.69,355331,150,买盘
2683,13:21:03,23.69,324553,137,买盘
2684,13:21:06,23.69,208435,88,买盘
2685,13:21:09,23.68,144462,61,卖盘
2686,13:21:12,23.67,56814,24,卖盘
2687,13:21:15,23.68,52084,22,买盘
2688,13:21:18,23.67,132551,56,买盘
2689,13:21:21,23.67,125451,53,卖盘
2690,13:21:24,23.68,229643,97,买盘
2691,13:21:27,23.66,47329,20,中性盘
2692,13:21:30,23.68,231894,98,买盘
2693,13:21:33,23.65,4730,2,卖盘
2694,13:21:36,23.66,726950,307,卖盘
2695,13:21:39,23.67,426152,180,卖盘
2696,13:21:42,23.68,279411,118,买盘
2697,13:21:45,23.68,168125,71,买盘
2698,13:21:48,23.68,151540,64,买盘
2699,13:21:51,23.67,80480,34,卖盘
2700,13:21:54,23.68,82851,35,买盘
2701,13:21:57,23.67,28401,12,买盘
2702,13:22:00,23.67,44972,19,买盘
2703,13:22:03,23.67,250859,106,买盘
2704,13:22:06,23.66,355055,150,卖盘
2705,13:22:09,23.66,189328,80,卖盘
2706,13:22:12,23.66,156267,66,卖盘
2707,13:22:15,23.66,73352,31,卖盘
2708,13:22:18,23.66,16562,7,卖盘
2709,13:22:21,23.66,279188,118,卖盘
2710,13:22:24,23.66,4732,2,买盘
2711,13:22:27,23.65,16560,7,卖盘
2712,13:22:30,23.65,120615,51,卖盘
2713,13:22:33,23.63,964894,408,卖盘
2714,13:22:39,23.61,18892,8,卖盘
2715,13:22:42,23.61,16533,7,卖盘
2716,13:22:45,23.63,59052,25,买盘
2717,13:22:48,23.65,311846,132,买盘
2718,13:22:51,23.63,11815,5,买盘
2719,13:22:54,23.61,99162,42,卖盘
2720,13:22:57,23.63,4726,2,买盘
2721,13:23:06,23.61,47224,20,卖盘
2722,13:23:09,23.63,4726,2,买盘
2723,13:23:12,23.61,14166,6,卖盘
2724,13:23:15,23.63,44865,19,买盘
2725,13:23:18,23.61,236100,100,卖盘
2726,13:23:21,23.6,113341,48,卖盘
2727,13:23:24,23.62,2362,1,买盘
2728,13:23:27,23.61,18888,8,卖盘
2729,13:23:30,23.62,129872,55,买盘
2730,13:23:33,23.62,75584,32,买盘
2731,13:23:36,23.62,68470,29,买盘
2732,13:23:39,23.63,44884,19,买盘
2733,13:23:42,23.62,61412,26,卖盘
2734,13:23:45,23.63,70889,30,买盘
2735,13:23:51,23.63,963700,408,买盘
2736,13:23:54,23.63,7089,3,买盘
2737,13:23:57,23.63,212670,90,买盘
2738,13:24:00,23.63,59055,25,中性盘
2739,13:24:06,23.63,4726,2,卖盘
2740,13:24:09,23.62,928305,393,卖盘
2741,13:24:12,23.62,129948,55,卖盘
2742,13:24:15,23.61,25971,11,卖盘
2743,13:24:18,23.61,16528,7,卖盘
2744,13:24:21,23.61,77913,33,卖盘
2745,13:24:24,23.61,25971,11,卖盘
2746,13:24:30,23.6,120416,51,卖盘
2747,13:24:33,23.61,14166,6,买盘
2748,13:24:36,23.6,75522,32,卖盘
2749,13:24:39,23.6,11800,5,卖盘
2750,13:24:42,23.6,316240,134,卖盘
2751,13:24:48,23.6,51920,22,卖盘
2752,13:24:51,23.61,1496854,634,买盘
2753,13:24:54,23.61,332901,141,买盘
2754,13:24:57,23.62,18896,8,买盘
2755,13:25:00,23.62,49602,21,买盘
2756,13:25:06,23.62,11810,5,卖盘
2757,13:25:09,23.62,238580,101,卖盘
2758,13:25:12,23.62,89756,38,买盘
2759,13:25:15,23.61,28342,12,卖盘
2760,13:25:18,23.61,543066,230,卖盘
2761,13:25:21,23.61,115689,49,买盘
2762,13:25:27,23.61,295245,125,卖盘
2763,13:25:30,23.61,21249,9,卖盘
2764,13:25:33,23.61,7083,3,中性盘
2765,13:25:36,23.62,37792,16,买盘
2766,13:25:39,23.61,11805,5,卖盘
2767,13:25:42,23.62,59050,25,买盘
2768,13:25:45,23.62,54326,23,卖盘
2769,13:25:51,23.61,14166,6,卖盘
2770,13:26:00,23.61,2361,1,买盘
2771,13:26:06,23.6,11804,5,卖盘
2772,13:26:09,23.61,23610,10,买盘
2773,13:26:15,23.61,47220,20,买盘
2774,13:26:18,23.6,132177,56,卖盘
2775,13:26:21,23.61,28329,12,买盘
2776,13:26:24,23.6,70800,30,卖盘
2777,13:26:27,23.61,1085603,460,买盘
2778,13:26:30,23.6,75520,32,买盘
2779,13:26:33,23.6,125080,53,卖盘
2780,13:26:36,23.59,162791,69,卖盘
2781,13:26:39,23.6,471830,200,买盘
2782,13:26:42,23.6,37762,16,卖盘
2783,13:26:45,23.6,9440,4,卖盘
2784,13:26:48,23.61,40133,17,买盘
2785,13:26:51,23.6,16520,7,卖盘
2786,13:26:54,23.6,33050,14,卖盘
2787,13:26:57,23.61,14165,6,买盘
2788,13:27:00,23.61,118040,50,买盘
2789,13:27:03,23.6,330404,140,卖盘
2790,13:27:06,23.61,84996,36,买盘
2791,13:27:09,23.61,108606,46,买盘
2792,13:27:12,23.61,139249,59,中性盘
2793,13:27:15,23.62,193639,82,买盘
2794,13:27:18,23.63,7089,3,买盘
2795,13:27:21,23.63,7089,3,买盘
2796,13:27:24,23.63,47260,20,买盘
2797,13:27:30,23.63,37796,16,买盘
2798,13:27:36,23.62,2362,1,买盘
2799,13:27:39,23.62,7088,3,卖盘
2800,13:27:42,23.62,16534,7,买盘
2801,13:27:45,23.62,2362,1,卖盘
2802,13:27:48,23.63,23630,10,买盘
2803,13:27:54,23.63,42534,18,买盘
2804,13:27:57,23.62,4724,2,卖盘
2805,13:28:00,23.62,9448,4,卖盘
2806,13:28:03,23.63,4726,2,买盘
2807,13:28:06,23.64,207954,88,买盘
2808,13:28:09,23.64,30720,13,买盘
2809,13:28:12,23.63,113424,48,卖盘
2810,13:28:15,23.64,11820,5,买盘
2811,13:28:18,23.64,16547,7,买盘
2812,13:28:21,23.64,101638,43,买盘
2813,13:28:24,23.64,30732,13,买盘
2814,13:28:27,23.64,101652,43,买盘
2815,13:28:30,23.63,80350,34,卖盘
2816,13:28:36,23.64,106380,45,买盘
2817,13:28:39,23.65,52009,22,买盘
2818,13:28:42,23.65,11825,5,买盘
2819,13:28:45,23.64,300334,127,卖盘
2820,13:28:48,23.64,14184,6,卖盘
2821,13:28:51,23.64,47280,20,卖盘
2822,13:28:54,23.64,468222,198,卖盘
2823,13:28:57,23.64,33098,14,卖盘
2824,13:29:00,23.64,153675,65,卖盘
2825,13:29:03,23.65,111126,47,买盘
2826,13:29:06,23.65,59122,25,买盘
2827,13:29:09,23.64,23644,10,卖盘
2828,13:29:12,23.64,2364,1,卖盘
2829,13:29:15,23.64,387849,164,卖盘
2830,13:29:18,23.64,78020,33,卖盘
2831,13:29:21,23.64,49644,21,卖盘
2832,13:29:24,23.64,14184,6,卖盘
2833,13:29:27,23.63,63820,27,卖盘
2834,13:29:30,23.63,68528,29,卖盘
2835,13:29:33,23.64,706814,299,买盘
2836,13:29:36,23.63,231597,98,卖盘
2837,13:29:39,23.64,9456,4,买盘
2838,13:29:42,23.64,208032,88,买盘
2839,13:29:45,23.64,59100,25,卖盘
2840,13:29:48,23.64,7092,3,卖盘
2841,13:29:51,23.63,486780,206,卖盘
2842,13:29:54,23.63,18904,8,买盘
2843,13:29:57,23.63,500763,212,买盘
2844,13:30:00,23.62,33070,14,卖盘
2845,13:30:03,23.65,813438,344,买盘
2846,13:30:06,23.63,14178,6,卖盘
2847,13:30:09,23.64,224565,95,买盘
2848,13:30:12,23.65,3656698,1546,买盘
2849,13:30:15,23.68,276845,117,买盘
2850,13:30:18,23.68,47360,20,买盘
2851,13:30:21,23.67,300731,127,卖盘
2852,13:30:24,23.68,21307,9,买盘
2853,13:30:27,23.67,355110,150,卖盘
2854,13:30:30,23.68,321936,136,买盘
2855,13:30:33,23.68,33142,14,买盘
2856,13:30:36,23.65,23650,10,卖盘
2857,13:30:39,23.65,302720,128,买盘
2858,13:30:45,23.67,2367,1,买盘
2859,13:30:48,23.67,21303,9,买盘
2860,13:30:51,23.66,26018,11,买盘
2861,13:30:54,23.66,392644,166,买盘
2862,13:30:57,23.66,461367,195,买盘
2863,13:31:00,23.65,42570,18,买盘
2864,13:31:03,23.65,70950,30,买盘
2865,13:31:06,23.65,85140,36,买盘
2866,13:31:09,23.64,37824,16,卖盘
2867,13:31:15,23.64,82740,35,买盘
2868,13:31:18,23.64,2364,1,卖盘
2869,13:31:21,23.64,21276,9,中性盘
2870,13:31:24,23.64,115837,49,买盘
2871,13:31:27,23.64,721302,305,买盘
2872,13:31:30,23.64,35460,15,卖盘
2873,13:31:33,23.65,61474,26,买盘
2874,13:31:36,23.66,33118,14,买盘
2875,13:31:39,23.66,335887,142,买盘
2876,13:31:42,23.66,253093,107,买盘
2877,13:31:45,23.66,16562,7,买盘
2878,13:31:48,23.66,170346,72,买盘
2879,13:31:51,23.67,30759,13,买盘
2880,13:31:54,23.66,33129,14,卖盘
2881,13:31:57,23.66,21298,9,卖盘
2882,13:32:00,23.67,156162,66,买盘
2883,13:32:03,23.67,177525,75,买盘
2884,13:32:06,23.66,11834,5,卖盘
2885,13:32:09,23.67,177524,75,买盘
2886,13:32:12,23.67,177525,75,买盘
2887,13:32:15,23.67,47323,20,买盘
2888,13:32:18,23.67,373984,158,买盘
2889,13:32:21,23.69,2427229,1025,买盘
2890,13:32:24,23.68,537543,227,卖盘
2891,13:32:27,23.68,187072,79,买盘
2892,13:32:30,23.68,267584,113,买盘
2893,13:32:33,23.68,629857,266,买盘
2894,13:32:39,23.68,23680,10,卖盘
2895,13:32:42,23.68,229773,97,卖盘
2896,13:32:45,23.69,137362,58,买盘
2897,13:32:48,23.68,28420,12,卖盘
2898,13:32:51,23.69,262858,111,买盘
2899,13:32:54,23.69,177674,75,买盘
2900,13:32:57,23.68,108888,46,买盘
2901,13:33:00,23.68,33152,14,买盘
2902,13:33:03,23.69,135004,57,买盘
2903,13:33:06,23.68,270051,114,中性盘
2904,13:33:09,23.73,6006568,2534,买盘
2905,13:33:12,23.78,4794725,2018,买盘
2906,13:33:15,23.8,159448,67,买盘
2907,13:33:18,23.8,230838,97,买盘
2908,13:33:21,23.8,2127748,894,买盘
2909,13:33:24,23.83,216764,91,买盘
2910,13:33:27,23.84,319402,134,买盘
2911,13:33:30,23.85,145470,61,买盘
2912,13:33:33,23.85,1569174,658,买盘
2913,13:33:36,23.86,963677,404,买盘
2914,13:33:39,23.86,734716,308,买盘
2915,13:33:42,23.94,5151931,2156,买盘
2916,13:33:45,24.16,20961961,8732,买盘
2917,13:33:48,24.18,1326491,549,买盘
2918,13:33:51,24.19,2407251,995,买盘
2919,13:33:54,24.24,549758,227,买盘
2920,13:33:57,24.24,5686596,2346,买盘
2921,13:34:00,24.34,1712963,705,买盘
2922,13:34:03,24.48,4359806,1787,买盘
2923,13:34:06,24.52,9707467,3964,买盘
2924,13:34:09,24.57,2831174,1154,买盘
2925,13:34:12,24.6,3752534,1527,买盘
2926,13:34:15,24.64,2995886,1217,买盘
2927,13:34:18,24.65,2296679,932,买盘
2928,13:34:21,24.67,7238012,2934,买盘
2929,13:34:24,24.62,4185680,1697,卖盘
2930,13:34:27,24.64,4708422,1909,卖盘
2931,13:34:30,24.6,2020732,821,卖盘
2932,13:34:33,24.6,2065281,840,买盘
2933,13:34:36,24.54,2024675,824,卖盘
2934,13:34:39,24.51,2071018,845,卖盘
2935,13:34:42,24.53,4158760,1696,买盘
2936,13:34:45,24.52,2046163,835,卖盘
2937,13:34:48,24.53,4478379,1827,买盘
2938,13:34:51,24.53,1122711,458,买盘
2939,13:34:54,24.51,3023517,1233,中性盘
2940,13:34:57,24.51,2169797,885,卖盘
2941,13:35:00,24.48,2159729,881,卖盘
2942,13:35:03,24.57,8409916,3421,买盘
2943,13:35:06,24.64,3771692,1536,买盘
2944,13:35:09,24.57,2359755,961,卖盘
2945,13:35:12,24.61,2404893,979,买盘
2946,13:35:15,24.62,2685666,1091,买盘
2947,13:35:18,24.65,1817253,738,买盘
2948,13:35:21,24.65,1971316,800,买盘
2949,13:35:24,24.65,2706701,1098,买盘
2950,13:35:27,24.58,4525371,1838,卖盘
2951,13:35:30,24.58,1669660,679,买盘
2952,13:35:33,24.6,1285521,523,买盘
2953,13:35:36,24.56,1190777,485,中性盘
2954,13:35:39,24.55,1683913,686,买盘
2955,13:35:42,24.51,949115,387,卖盘
2956,13:35:45,24.5,1164237,475,卖盘
2957,13:35:48,24.5,1133820,463,卖盘
2958,13:35:51,24.5,1621677,662,买盘
2959,13:35:54,24.45,1615909,660,卖盘
2960,13:35:57,24.46,2323891,950,买盘
2961,13:36:00,24.46,2901041,1185,买盘
2962,13:36:03,24.5,1913002,782,买盘
2963,13:36:06,24.5,1394378,570,买盘
2964,13:36:09,24.56,2548832,1039,买盘
2965,13:36:12,24.63,3626992,1475,买盘
2966,13:36:15,24.63,1221320,496,买盘
2967,13:36:18,24.65,1138612,462,买盘
2968,13:36:21,24.68,3879244,1573,买盘
2969,13:36:24,24.68,1861071,754,买盘
2970,13:36:27,24.72,2821845,1142,买盘
2971,13:36:30,24.73,1241886,502,买盘
2972,13:36:33,24.73,3910815,1581,卖盘
2973,13:36:36,24.69,4363678,1765,卖盘
2974,13:36:39,24.68,3973161,1608,卖盘
2975,13:36:42,24.69,1896327,768,买盘
2976,13:36:45,24.68,2321874,941,卖盘
2977,13:36:48,24.66,1785349,724,卖盘
2978,13:36:51,24.65,1552778,630,买盘
2979,13:36:54,24.64,2017566,819,卖盘
2980,13:36:57,24.63,1009602,410,中性盘
2981,13:37:00,24.62,1220168,496,买盘
2982,13:37:03,24.57,3618531,1469,中性盘
2983,13:37:06,24.59,881744,359,买盘
2984,13:37:09,24.52,2304773,940,中性盘
2985,13:37:12,24.57,936437,381,买盘
2986,13:37:15,24.52,1348020,549,卖盘
2987,13:37:18,24.63,7851888,3190,买盘
2988,13:37:21,24.75,10677723,4323,买盘
2989,13:37:24,24.68,1608520,650,卖盘
2990,13:37:27,24.76,1381698,558,卖盘
2991,13:37:30,24.77,2541182,1026,买盘
2992,13:37:33,24.92,11649423,4692,买盘
2993,13:37:36,25.0,6073447,2433,买盘
2994,13:37:39,25.04,6781440,2712,买盘
2995,13:37:42,25.15,1430979,570,买盘
2996,13:37:45,25.16,2103328,836,买盘
2997,13:37:48,25.25,4137636,1640,买盘
2998,13:37:51,25.3,3301251,1308,买盘
2999,13:37:54,25.32,3939977,1558,买盘
3000,13:37:57,25.32,3713502,1466,买盘
3001,13:38:00,25.3,3722021,1470,卖盘
3002,13:38:03,25.17,6493631,2573,卖盘
3003,13:38:06,25.11,2014171,800,卖盘
3004,13:38:09,25.1,3089322,1230,卖盘
3005,13:38:12,25.08,3269263,1303,卖盘
3006,13:38:15,25.01,2353551,938,中性盘
3007,13:38:18,25.0,1451644,580,卖盘
3008,13:38:21,25.08,4206868,1679,买盘
3009,13:38:24,25.1,4346195,1736,买盘
3010,13:38:27,25.1,3594131,1436,买盘
3011,13:38:30,25.01,1341214,535,卖盘
3012,13:38:33,25.1,1927243,769,买盘
3013,13:38:36,25.05,2828381,1130,卖盘
3014,13:38:39,25.05,784141,313,买盘
3015,13:38:42,25.06,5899857,2355,买盘
3016,13:38:45,25.1,1822061,727,买盘
3017,13:38:48,25.1,2386136,952,买盘
3018,13:38:51,25.1,988320,394,买盘
3019,13:38:54,25.07,1996657,796,中性盘
3020,13:38:57,25.05,1278546,510,中性盘
3021,13:39:00,25.02,1881686,751,卖盘
3022,13:39:03,25.07,7703120,3073,买盘
3023,13:39:06,25.07,1491197,595,卖盘
3024,13:39:09,25.12,4636301,1847,买盘
3025,13:39:12,25.1,1494942,595,卖盘
3026,13:39:15,25.11,1803914,717,中性盘
3027,13:39:18,25.11,1112981,443,卖盘
3028,13:39:21,25.14,2450833,975,买盘
3029,13:39:24,25.17,2892148,1150,中性盘
3030,13:39:27,25.11,2051460,816,卖盘
3031,13:39:30,25.17,1935290,770,买盘
3032,13:39:33,25.14,1502034,598,买盘
3033,13:39:36,25.12,1090083,434,卖盘
3034,13:39:39,25.11,1095222,436,卖盘
3035,13:39:42,25.11,1228209,489,卖盘
3036,13:39:45,25.1,1920574,765,卖盘
3037,13:39:48,25.1,1081646,431,买盘
3038,13:39:51,25.09,1086393,433,卖盘
3039,13:39:54,25.06,536688,214,卖盘
3040,13:39:57,25.06,368259,147,卖盘
3041,13:40:00,25.05,500991,200,卖盘
3042,13:40:03,25.03,926656,370,卖盘
3043,13:40:06,25.0,1118450,447,卖盘
3044,13:40:09,25.0,312539,125,卖盘
3045,13:40:12,24.99,224863,90,中性盘
3046,13:40:15,24.97,1099340,440,卖盘
3047,13:40:18,25.08,10188239,4068,买盘
3048,13:40:21,25.19,10692951,4252,买盘
3049,13:40:24,25.25,4690991,1859,买盘
3050,13:40:27,25.3,1897999,751,买盘
3051,13:40:30,25.28,1998897,791,卖盘
3052,13:40:33,25.24,3732310,1475,卖盘
3053,13:40:36,25.2,3717586,1471,卖盘
3054,13:40:39,25.28,1409565,558,中性盘
3055,13:40:42,25.27,1624437,643,中性盘
3056,13:40:45,25.24,565960,224,中性盘
3057,13:40:48,25.19,1942229,770,卖盘
3058,13:40:51,25.15,637581,253,卖盘
3059,13:40:54,25.15,593121,236,卖盘
3060,13:40:57,25.11,399735,159,中性盘
3061,13:41:00,25.11,2167937,863,卖盘
3062,13:41:03,25.1,6694854,2659,买盘
3063,13:41:06,25.06,1384395,551,卖盘
3064,13:41:09,25.19,1362609,542,买盘
3065,13:41:12,25.16,762785,303,卖盘
3066,13:41:15,25.18,2130301,846,中性盘
3067,13:41:18,25.16,515902,205,卖盘
3068,13:41:21,25.18,631884,251,买盘
3069,13:41:24,25.18,1731136,688,买盘
3070,13:41:27,25.18,2258537,897,买盘
3071,13:41:30,25.18,3064332,1216,卖盘
3072,13:41:33,25.18,1445789,574,卖盘
3073,13:41:36,25.18,1225582,487,卖盘
3074,13:41:39,25.17,750363,298,卖盘
3075,13:41:42,25.16,520913,207,卖盘
3076,13:41:45,25.16,1447087,575,卖盘
3077,13:41:48,25.15,747087,297,卖盘
3078,13:41:51,25.15,1757631,699,卖盘
3079,13:41:54,25.15,359542,143,买盘
3080,13:41:57,25.14,233693,93,卖盘
3081,13:42:00,25.15,3485863,1386,买盘
3082,13:42:03,25.13,1071054,426,卖盘
3083,13:42:06,25.16,1023418,407,买盘
3084,13:42:09,25.14,236300,94,中性盘
3085,13:42:12,25.15,2859960,1138,买盘
3086,13:42:15,25.13,824573,328,卖盘
3087,13:42:18,25.13,965432,384,卖盘
