,成交时间,成交价格,成交金额,成交量,性质
0,09:25:00,25.56,14201136,5556,买盘
1,09:30:00,25.55,18786302,7335,卖盘
2,09:30:03,25.5,9503466,3725,卖盘
3,09:30:06,25.46,2698859,1061,卖盘
4,09:30:09,25.31,953234,376,卖盘
5,09:30:12,25.26,1656792,655,卖盘
6,09:30:15,25.21,1700788,675,卖盘
7,09:30:18,25.2,1271958,505,卖盘
8,09:30:21,25.2,2604698,1035,买盘
9,09:30:24,25.11,1269882,505,卖盘
10,09:30:27,25.16,1582410,629,中性盘
11,09:30:30,25.17,1361437,541,买盘
12,09:30:33,25.19,5345144,2121,买盘
13,09:30:36,25.28,1737299,689,买盘
14,09:30:39,25.25,1714164,679,卖盘
15,09:30:42,25.16,3954614,1569,卖盘
16,09:30:45,25.17,2424169,962,买盘
17,09:30:48,25.17,1212674,482,卖盘
18,09:30:51,25.16,1803376,717,卖盘
19,09:30:54,25.14,1734868,690,卖盘
20,09:30:57,25.12,2633849,1048,中性盘
21,09:31:00,25.06,3509946,1399,卖盘
22,09:31:03,25.02,5346519,2134,卖盘
23,09:31:06,24.96,6052954,2421,卖盘
24,09:31:09,24.99,744627,298,买盘
25,09:31:12,24.95,1825586,731,卖盘
26,09:31:15,24.95,1770718,709,卖盘
27,09:31:18,24.95,1704111,683,买盘
28,09:31:21,24.95,3969194,1586,卖盘
29,09:31:24,24.95,4890054,1961,卖盘
30,09:31:27,24.99,1128974,452,中性盘
31,09:31:30,24.96,3866812,1548,卖盘
32,09:31:33,25.0,936403,375,买盘
33,09:31:36,25.0,904255,362,买盘
34,09:31:39,24.99,2017092,807,中性盘
35,09:31:42,24.97,1798653,720,卖盘
36,09:31:45,24.98,2093238,838,中性盘
37,09:31:48,24.97,1078839,432,中性盘
38,09:31:51,24.95,2046209,820,卖盘
39,09:31:54,24.97,843387,338,买盘
40,09:31:57,24.95,2378910,953,卖盘
41,09:32:00,24.95,501766,201,买盘
42,09:32:03,25.0,1086179,435,买盘
43,09:32:06,24.97,1395050,559,卖盘
44,09:32:09,24.97,696995,279,中性盘
45,09:32:12,24.95,659142,264,卖盘
46,09:32:15,24.95,2342683,939,卖盘
47,09:32:18,24.89,7198198,2888,卖盘
48,09:32:21,24.89,1080037,434,买盘
49,09:32:24,24.91,4438423,1777,买盘
50,09:32:27,24.93,589974,237,买盘
51,09:32:30,24.9,1389665,558,卖盘
52,09:32:33,24.9,1360454,546,买盘
53,09:32:36,24.93,1491925,599,买盘
54,09:32:39,24.91,737560,296,卖盘
55,09:32:42,24.93,675480,271,买盘
56,09:32:45,24.91,859585,345,中性盘
57,09:32:48,24.92,1587839,637,买盘
58,09:32:51,24.92,1521154,610,买盘
59,09:32:54,24.93,321740,129,中性盘
60,09:32:57,24.98,1234441,495,买盘
61,09:33:00,24.95,504608,202,中性盘
62,09:33:03,24.95,741550,297,卖盘
63,09:33:06,24.95,1542821,617,卖盘
64,09:33:09,24.95,627032,251,中性盘
65,09:33:12,24.95,876006,351,卖盘
66,09:33:15,24.9,6718816,2697,卖盘
67,09:33:18,24.89,3056295,1228,卖盘
68,09:33:21,24.88,4689812,1886,卖盘
69,09:33:24,24.83,862273,347,卖盘
70,09:33:27,24.81,1147378,462,卖盘
71,09:33:30,24.81,823966,332,卖盘
72,09:33:33,24.8,2611476,1053,卖盘
73,09:33:36,24.81,3795937,1530,买盘
74,09:33:39,24.78,3665819,1478,卖盘
75,09:33:42,24.77,2139147,863,卖盘
76,09:33:45,24.77,1384614,559,卖盘
77,09:33:48,24.77,2238386,904,买盘
78,09:33:51,24.77,3271924,1321,卖盘
79,09:33:54,24.76,1030488,416,卖盘
80,09:33:57,24.79,1189042,480,买盘
81,09:34:00,24.78,1132294,457,中性盘
82,09:34:03,24.8,971784,392,买盘
83,09:34:06,24.77,1268310,512,卖盘
84,09:34:09,24.77,892322,360,买盘
85,09:34:12,24.77,1566243,632,卖盘
86,09:34:15,24.77,1005674,406,买盘
87,09:34:18,24.77,671578,271,买盘
88,09:34:21,24.81,344543,139,买盘
89,09:34:24,24.81,892663,360,买盘
90,09:34:27,24.81,565631,228,中性盘
91,09:34:30,24.78,4583358,1850,卖盘
92,09:34:33,24.79,904821,365,买盘
93,09:34:36,24.81,1932693,780,买盘
94,09:34:39,24.8,577727,233,中性盘
95,09:34:42,24.78,1068125,431,卖盘
96,09:34:45,24.79,1041034,420,买盘
97,09:34:48,24.79,1063687,429,中性盘
98,09:34:51,24.78,2100919,848,卖盘
99,09:34:54,24.78,691317,279,买盘
100,09:34:57,24.77,1786441,721,卖盘
101,09:35:00,24.77,8776335,3546,卖盘
102,09:35:03,24.77,5019353,2029,买盘
103,09:35:06,24.75,1123811,454,中性盘
104,09:35:09,24.72,858376,347,卖盘
105,09:35:12,24.73,1090195,441,卖盘
106,09:35:15,24.72,1016086,411,卖盘
107,09:35:18,24.7,2560976,1037,卖盘
108,09:35:21,24.66,1474558,598,卖盘
109,09:35:24,24.63,1603888,651,卖盘
110,09:35:27,24.61,1931512,784,卖盘
111,09:35:30,24.65,1525254,619,中性盘
112,09:35:33,24.69,806663,327,买盘
113,09:35:36,24.69,2181869,885,卖盘
114,09:35:39,24.69,498577,202,买盘
115,09:35:42,24.66,754993,306,卖盘
116,09:35:45,24.65,394601,160,卖盘
117,09:35:48,24.65,2527769,1026,买盘
118,09:35:51,24.62,1574057,639,卖盘
119,09:35:54,24.63,504946,205,卖盘
120,09:35:57,24.62,1300043,528,卖盘
121,09:36:00,24.63,3852344,1564,买盘
122,09:36:03,24.61,1900311,772,卖盘
123,09:36:06,24.63,553977,225,买盘
124,09:36:09,24.62,2597271,1055,卖盘
125,09:36:12,24.65,906233,368,买盘
126,09:36:15,24.64,325297,132,卖盘
127,09:36:18,24.66,298288,121,买盘
128,09:36:21,24.66,562117,228,买盘
129,09:36:24,24.66,473572,192,卖盘
130,09:36:27,24.68,812181,329,卖盘
131,09:36:30,24.65,2635652,1069,卖盘
132,09:36:33,24.64,2605435,1057,卖盘
133,09:36:36,24.62,3173641,1289,卖盘
134,09:36:39,24.62,733616,298,买盘
135,09:36:42,24.62,649957,264,买盘
136,09:36:45,24.63,1375791,559,买盘
137,09:36:48,24.62,1058917,430,卖盘
138,09:36:51,24.62,761121,309,买盘
139,09:36:54,24.62,785259,319,买盘
140,09:36:57,24.62,1336655,543,买盘
141,09:37:00,24.65,406336,165,买盘
142,09:37:03,24.66,2046238,831,买盘
143,09:37:06,24.61,884164,359,卖盘
144,09:37:09,24.68,407136,165,买盘
145,09:37:12,24.67,246785,100,卖盘
146,09:37:15,24.68,709802,288,买盘
147,09:37:18,24.67,1653177,670,卖盘
148,09:37:21,24.65,690006,280,中性盘
149,09:37:24,24.65,1109693,450,买盘
150,09:37:27,24.63,1584221,643,卖盘
151,09:37:30,24.66,699829,284,买盘
152,09:37:33,24.63,1689876,686,卖盘
153,09:37:36,24.66,2263991,918,买盘
154,09:37:39,24.66,236807,96,卖盘
155,09:37:42,24.66,323107,131,卖盘
156,09:37:45,24.66,732396,297,买盘
157,09:37:48,24.67,293615,119,买盘
158,09:37:51,24.69,604643,245,买盘
159,09:37:54,24.7,589557,239,买盘
160,09:37:57,24.67,1211436,491,卖盘
161,09:38:00,24.69,718282,291,买盘
162,09:38:03,24.67,1265325,513,中性盘
163,09:38:06,24.67,1177183,477,买盘
164,09:38:09,24.69,4436856,1795,买盘
165,09:38:12,24.7,464360,188,买盘
166,09:38:15,24.7,1560122,632,卖盘
167,09:38:18,24.7,299241,121,卖盘
168,09:38:21,24.75,291795,118,买盘
169,09:38:24,24.74,516913,209,中性盘
170,09:38:27,24.76,477700,193,买盘
171,09:38:30,24.76,554723,224,买盘
172,09:38:33,24.8,927228,374,买盘
173,09:38:36,24.81,277812,112,买盘
174,09:38:39,24.8,1314548,530,卖盘
175,09:38:42,24.8,1257452,507,买盘
176,09:38:45,24.81,647343,261,买盘
177,09:38:48,24.81,979952,395,卖盘
178,09:38:51,24.82,511229,206,买盘
179,09:38:54,24.82,158844,64,买盘
180,09:38:57,24.82,878659,354,卖盘
181,09:39:00,24.77,5884973,2375,卖盘
182,09:39:03,24.72,4654987,1880,卖盘
183,09:39:06,24.72,667434,270,卖盘
184,09:39:09,24.71,694427,281,卖盘
185,09:39:12,24.72,1310028,530,买盘
186,09:39:15,24.79,1052290,425,买盘
187,09:39:18,24.76,348914,141,中性盘
188,09:39:21,24.75,1338515,540,卖盘
189,09:39:24,24.77,1034650,417,中性盘
190,09:39:27,24.83,250394,101,中性盘
191,09:39:30,24.82,1469314,592,中性盘
192,09:39:33,24.84,799513,322,买盘
193,09:39:36,24.85,1581800,637,买盘
194,09:39:39,24.88,263515,106,买盘
195,09:39:42,24.9,3661002,1474,买盘
196,09:39:45,24.91,980801,394,买盘
197,09:39:48,24.9,184239,74,买盘
198,09:39:51,24.91,582804,234,买盘
199,09:39:54,24.9,1411324,567,卖盘
200,09:39:57,24.89,724348,291,中性盘
201,09:40:00,24.86,840951,338,买盘
202,09:40:03,24.88,1010886,407,中性盘
203,09:40:06,24.86,328121,132,卖盘
204,09:40:09,24.86,270972,109,买盘
205,09:40:12,24.86,873611,352,买盘
206,09:40:15,24.8,917271,369,卖盘
207,09:40:18,24.86,675892,272,卖盘
208,09:40:21,24.88,350329,141,中性盘
209,09:40:24,24.89,529859,213,买盘
210,09:40:27,24.9,3432125,1379,买盘
211,09:40:30,24.9,94670,38,卖盘
212,09:40:33,24.94,431253,173,买盘
213,09:40:36,24.95,770361,309,买盘
214,09:40:39,24.94,740837,297,卖盘
215,09:40:42,24.95,476557,191,买盘
216,09:40:45,24.96,379333,152,买盘
217,09:40:48,24.97,404434,162,买盘
218,09:40:51,24.97,194636,78,买盘
219,09:40:54,24.96,931140,373,中性盘
220,09:40:57,24.97,371949,149,买盘
221,09:41:00,24.98,1945834,780,买盘
222,09:41:03,24.97,377056,151,卖盘
223,09:41:06,24.98,624384,250,买盘
224,09:41:09,25.01,804876,322,买盘
225,09:41:12,25.01,257513,103,买盘
226,09:41:15,25.03,865410,346,买盘
227,09:41:18,25.07,183074,73,买盘
228,09:41:21,25.1,132921,53,买盘
229,09:41:24,25.1,190907,76,卖盘
230,09:41:27,25.11,271234,108,中性盘
231,09:41:30,25.14,190910,76,买盘
232,09:41:33,25.14,1261231,502,中性盘
233,09:41:36,25.1,612954,244,中性盘
234,09:41:39,25.1,927243,369,卖盘
235,09:41:42,25.12,1360883,542,买盘
236,09:41:45,25.14,1021904,407,买盘
237,09:41:48,25.15,2257726,897,买盘
238,09:41:51,25.21,827717,328,中性盘
239,09:41:54,25.31,1280844,506,中性盘
240,09:41:57,25.38,362725,143,中性盘
241,09:42:00,25.3,794118,313,卖盘
242,09:42:03,25.28,1804741,714,卖盘
243,09:42:06,25.28,2199652,869,买盘
244,09:42:09,25.28,875414,347,中性盘
245,09:42:12,25.28,942495,373,买盘
246,09:42:15,25.27,1415818,560,卖盘
247,09:42:18,25.27,1306199,517,买盘
248,09:42:21,25.25,608980,241,卖盘
249,09:42:24,25.25,711694,282,卖盘
250,09:42:27,25.22,535210,212,卖盘
251,09:42:30,25.2,739113,293,卖盘
252,09:42:33,25.19,284661,113,卖盘
253,09:42:36,25.19,70527,28,买盘
254,09:42:39,25.15,95528,38,卖盘
255,09:42:42,25.13,357099,142,中性盘
256,09:42:45,25.12,178452,71,卖盘
257,09:42:48,25.12,618131,246,卖盘
258,09:42:51,25.11,70303,28,中性盘
259,09:42:54,25.06,225868,90,卖盘
260,09:42:57,25.1,67768,27,买盘
261,09:43:00,25.1,258497,103,买盘
262,09:43:03,25.08,158116,63,中性盘
263,09:43:06,25.13,1110953,442,买盘
264,09:43:09,25.13,595250,237,卖盘
265,09:43:12,25.12,291503,116,卖盘
266,09:43:15,25.12,205941,82,买盘
267,09:43:18,25.12,728535,290,买盘
268,09:43:21,25.19,2043162,813,买盘
269,09:43:24,25.21,408220,162,买盘
270,09:43:27,25.27,653677,259,买盘
271,09:43:30,25.27,224927,89,买盘
272,09:43:33,25.37,1265916,500,买盘
273,09:43:36,25.37,119189,47,买盘
274,09:43:39,25.37,309577,122,卖盘
275,09:43:42,25.4,502566,198,买盘
276,09:43:45,25.41,962649,379,买盘
277,09:43:48,25.39,1343958,529,卖盘
278,09:43:51,25.4,1833789,722,买盘
279,09:43:54,25.39,2795002,1101,中性盘
280,09:43:57,25.4,449330,177,买盘
281,09:44:00,25.4,2085041,821,买盘
282,09:44:03,25.35,1398907,551,卖盘
283,09:44:06,25.34,762994,301,卖盘
284,09:44:09,25.28,562252,222,卖盘
285,09:44:12,25.24,624607,247,卖盘
286,09:44:15,25.13,1358268,538,卖盘
287,09:44:18,25.23,164295,65,中性盘
288,09:44:21,25.15,131182,52,中性盘
289,09:44:24,25.23,438300,174,买盘
290,09:44:27,25.15,587747,233,卖盘
291,09:44:30,25.23,860162,341,买盘
292,09:44:33,25.29,555747,220,买盘
293,09:44:36,25.28,90973,36,中性盘
294,09:44:39,25.28,60683,24,卖盘
295,09:44:42,25.28,1991003,788,卖盘
296,09:44:45,25.23,315831,125,卖盘
297,09:44:48,25.22,340556,135,卖盘
298,09:44:51,25.22,110964,44,买盘
299,09:44:54,25.23,591470,235,买盘
300,09:44:57,25.23,471737,187,买盘
301,09:45:00,25.24,835569,331,买盘
302,09:45:03,25.23,1120149,444,卖盘
303,09:45:06,25.23,206880,82,买盘
304,09:45:09,25.17,370510,147,卖盘
305,09:45:12,25.23,292777,116,买盘
306,09:45:15,25.22,1132507,449,卖盘
307,09:45:18,25.17,163672,65,卖盘
308,09:45:21,25.17,332564,132,中性盘
309,09:45:24,25.19,860593,342,买盘
310,09:45:27,25.16,812671,323,卖盘
311,09:45:30,25.13,545458,217,卖盘
312,09:45:33,25.11,640529,255,卖盘
313,09:45:36,25.14,512237,204,买盘
314,09:45:39,25.11,444344,177,中性盘
315,09:45:42,25.11,304007,121,卖盘
316,09:45:45,25.12,489679,195,中性盘
317,09:45:48,25.14,37688,15,买盘
318,09:45:51,25.2,618712,246,买盘
319,09:45:54,25.15,336908,134,中性盘
320,09:45:57,25.16,266149,106,中性盘
321,09:46:00,25.2,431128,171,买盘
322,09:46:03,25.2,327456,130,买盘
323,09:46:06,25.2,50362,20,买盘
324,09:46:09,25.18,211822,84,卖盘
325,09:46:12,25.17,128422,51,卖盘
326,09:46:15,25.23,35273,14,买盘
327,09:46:18,25.2,128477,51,买盘
328,09:46:21,25.19,191451,76,中性盘
329,09:46:24,25.2,299839,119,买盘
330,09:46:27,25.2,188974,75,买盘
331,09:46:30,25.22,446018,177,买盘
332,09:46:33,25.21,133565,53,中性盘
333,09:46:36,25.2,1038521,412,卖盘
334,09:46:39,25.2,103342,41,买盘
335,09:46:42,25.2,332665,132,卖盘
336,09:46:45,25.2,418357,166,卖盘
337,09:46:48,25.21,365466,145,中性盘
338,09:46:51,25.23,398503,158,买盘
339,09:46:54,25.24,113508,45,买盘
340,09:46:57,25.25,121158,48,买盘
341,09:47:00,25.24,194403,77,卖盘
342,09:47:03,25.22,1617012,641,卖盘
343,09:47:06,25.24,353149,140,买盘
344,09:47:09,25.19,3297598,1311,卖盘
345,09:47:12,25.19,166220,66,买盘
346,09:47:15,25.18,1203602,479,中性盘
347,09:47:18,25.15,40224,16,中性盘
348,09:47:21,25.11,386778,154,卖盘
349,09:47:24,25.14,359203,143,中性盘
350,09:47:27,25.15,201032,80,买盘
351,09:47:30,25.11,728324,290,卖盘
352,09:47:33,25.11,85374,34,买盘
353,09:47:36,25.1,584850,233,卖盘
354,09:47:39,25.1,321294,128,卖盘
355,09:47:42,25.1,245993,98,卖盘
356,09:47:45,25.09,170642,68,卖盘
357,09:47:48,25.09,127905,51,买盘
358,09:47:51,25.08,223221,89,买盘
359,09:47:54,25.05,380908,152,卖盘
360,09:47:57,25.06,305626,122,中性盘
361,09:48:00,25.05,110182,44,卖盘
362,09:48:03,25.05,248015,99,买盘
363,09:48:06,25.05,350731,140,卖盘
364,09:48:09,25.09,1201576,479,买盘
365,09:48:12,25.09,62743,25,卖盘
366,09:48:15,25.09,55204,22,卖盘
367,09:48:18,25.09,218411,87,卖盘
368,09:48:21,25.14,47739,19,买盘
369,09:48:24,25.14,256332,102,买盘
370,09:48:27,25.09,1205773,480,卖盘
371,09:48:30,25.14,145765,58,买盘
372,09:48:33,25.11,77863,31,卖盘
373,09:48:36,25.11,135710,54,卖盘
374,09:48:39,25.13,60326,24,中性盘
375,09:48:42,25.13,72879,29,卖盘
376,09:48:45,25.14,40222,16,买盘
377,09:48:48,25.15,560622,223,买盘
378,09:48:51,25.13,334459,133,卖盘
379,09:48:54,25.12,256271,102,卖盘
380,09:48:57,25.1,1147430,457,卖盘
381,09:49:00,25.12,637973,254,买盘
382,09:49:03,25.1,722436,288,卖盘
383,09:49:06,25.12,303887,121,卖盘
384,09:49:09,25.12,130644,52,卖盘
385,09:49:12,25.18,734750,292,买盘
386,09:49:15,25.19,123393,49,买盘
387,09:49:18,25.19,115854,46,买盘
388,09:49:21,25.18,103269,41,卖盘
389,09:49:24,25.15,493515,196,卖盘
390,09:49:27,25.2,423445,168,买盘
391,09:49:30,25.18,68042,27,买盘
392,09:49:33,25.16,22642,9,中性盘
393,09:49:36,25.14,163470,65,卖盘
394,09:49:39,25.11,153356,61,卖盘
395,09:49:42,25.13,278680,111,买盘
396,09:49:45,25.1,203369,81,卖盘
397,09:49:48,25.1,193170,77,卖盘
398,09:49:51,25.1,313501,125,买盘
399,09:49:54,25.05,235637,94,卖盘
400,09:49:57,25.05,425891,170,卖盘
401,09:50:00,25.02,400405,160,卖盘
402,09:50:03,25.0,507713,203,卖盘
403,09:50:06,25.0,67545,27,卖盘
404,09:50:09,25.0,2204865,882,卖盘
405,09:50:12,25.0,299752,120,买盘
406,09:50:15,24.94,863176,346,卖盘
407,09:50:18,25.0,935857,375,买盘
408,09:50:21,24.97,442347,177,卖盘
409,09:50:24,24.99,174893,70,买盘
410,09:50:27,24.98,229856,92,卖盘
411,09:50:30,24.97,37466,15,卖盘
412,09:50:33,24.97,342110,137,卖盘
413,09:50:36,24.95,169759,68,卖盘
414,09:50:39,24.95,1405734,564,卖盘
415,09:50:42,24.91,281723,113,卖盘
416,09:50:45,24.95,167011,67,买盘
417,09:50:48,24.91,293974,118,卖盘
418,09:50:51,24.91,498366,200,卖盘
419,09:50:54,24.92,830026,333,中性盘
420,09:50:57,24.93,204428,82,卖盘
421,09:51:00,24.96,588805,236,买盘
422,09:51:03,24.96,1350889,541,买盘
423,09:51:06,25.03,468003,187,买盘
424,09:51:09,25.02,127716,51,卖盘
425,09:51:12,25.08,115269,46,买盘
426,09:51:15,25.06,62641,25,中性盘
427,09:51:18,25.1,203005,81,买盘
428,09:51:21,25.06,115275,46,中性盘
429,09:51:24,25.1,165546,66,买盘
430,09:51:27,25.1,1767028,705,买盘
431,09:51:30,25.15,2229438,885,买盘
432,09:51:33,25.13,107969,43,中性盘
433,09:51:36,25.13,97899,39,买盘
434,09:51:39,25.1,374256,149,卖盘
435,09:51:42,25.13,210972,84,中性盘
436,09:51:45,25.1,27611,11,中性盘
437,09:51:48,25.11,145632,58,买盘
438,09:51:51,25.12,484619,193,买盘
439,09:51:54,25.12,85409,34,卖盘
440,09:51:57,25.13,208551,83,买盘
441,09:52:00,25.15,525179,209,买盘
442,09:52:03,25.15,839283,334,买盘
443,09:52:06,25.13,381871,152,中性盘
444,09:52:09,25.11,108049,43,中性盘
445,09:52:12,25.13,170877,68,买盘
446,09:52:15,25.14,299048,119,买盘
447,09:52:18,25.14,105610,42,卖盘
448,09:52:21,25.15,311762,124,中性盘
449,09:52:24,25.15,236415,94,卖盘
450,09:52:27,25.16,37737,15,中性盘
451,09:52:30,25.16,100678,40,卖盘
452,09:52:33,25.18,425292,169,买盘
453,09:52:36,25.18,455531,181,卖盘
454,09:52:39,25.18,40308,16,卖盘
455,09:52:42,25.19,148616,59,卖盘
456,09:52:45,25.18,221643,88,卖盘
457,09:52:48,25.17,191371,76,卖盘
458,09:52:51,25.19,826140,328,买盘
459,09:52:54,25.17,279270,111,中性盘
460,09:52:57,25.17,188816,75,卖盘
461,09:53:00,25.17,327284,130,卖盘
462,09:53:03,25.17,349814,139,买盘
463,09:53:06,25.17,571696,227,中性盘
464,09:53:09,25.17,32726,13,卖盘
465,09:53:12,25.2,722854,287,买盘
466,09:53:15,25.3,3428193,1357,买盘
467,09:53:18,25.29,306060,121,卖盘
468,09:53:21,25.3,417539,165,卖盘
469,09:53:24,25.33,293724,116,买盘
470,09:53:27,25.33,268473,106,中性盘
471,09:53:30,25.32,293827,116,卖盘
472,09:53:33,25.35,1178326,465,买盘
473,09:53:36,25.35,266037,105,买盘
474,09:53:39,25.31,491488,194,卖盘
475,09:53:42,25.29,151814,60,卖盘
476,09:53:45,25.26,495556,196,卖盘
477,09:53:48,25.22,42938,17,卖盘
478,09:53:51,25.27,807182,320,买盘
479,09:53:54,25.25,65700,26,中性盘
480,09:53:57,25.22,469296,186,卖盘
481,09:54:00,25.22,40352,16,买盘
482,09:54:03,25.17,913602,363,卖盘
483,09:54:06,25.17,140943,56,买盘
484,09:54:09,25.16,274185,109,中性盘
485,09:54:12,25.21,163726,65,买盘
486,09:54:15,25.15,390149,155,卖盘
487,09:54:18,25.21,400248,159,买盘
488,09:54:21,25.2,418375,166,卖盘
489,09:54:24,25.21,274642,109,买盘
490,09:54:27,25.19,133528,53,中性盘
491,09:54:30,25.18,118405,47,卖盘
492,09:54:33,25.2,138556,55,买盘
493,09:54:36,25.17,284645,113,卖盘
494,09:54:39,25.18,90619,36,买盘
495,09:54:42,25.18,518679,206,买盘
496,09:54:45,25.18,654725,260,卖盘
497,09:54:48,25.18,75540,30,买盘
498,09:54:51,25.16,1472046,585,卖盘
499,09:54:54,25.16,130832,52,买盘
500,09:54:57,25.16,155940,62,买盘
501,09:55:00,25.16,57868,23,卖盘
502,09:55:03,25.16,897562,357,买盘
503,09:55:06,25.14,50280,20,中性盘
504,09:55:09,25.13,296845,118,卖盘
505,09:55:12,25.16,239015,95,买盘
506,09:55:15,25.16,118252,47,卖盘
507,09:55:18,25.16,176120,70,卖盘
508,09:55:21,25.14,216301,86,卖盘
509,09:55:24,25.16,148443,59,买盘
510,09:55:27,25.16,55352,22,卖盘
511,09:55:30,25.17,211387,84,买盘
512,09:55:33,25.17,55374,22,卖盘
513,09:55:36,25.18,294459,117,买盘
514,09:55:39,25.22,518993,206,买盘
515,09:55:42,25.22,32786,13,买盘
516,09:55:45,25.25,12625,5,买盘
517,09:55:48,25.27,151613,60,买盘
518,09:55:51,25.27,27791,11,中性盘
519,09:55:54,25.28,2115349,837,买盘
520,09:55:57,25.29,182207,72,中性盘
521,09:56:00,25.35,587789,232,买盘
522,09:56:03,25.37,1132306,447,买盘
523,09:56:06,25.35,106538,42,卖盘
524,09:56:09,25.35,854226,337,卖盘
525,09:56:12,25.33,590854,233,卖盘
526,09:56:15,25.33,1825860,720,买盘
527,09:56:18,25.33,316597,125,买盘
528,09:56:21,25.33,531941,210,买盘
529,09:56:24,25.3,177204,70,卖盘
530,09:56:27,25.3,15180,6,买盘
531,09:56:30,25.29,141630,56,卖盘
532,09:56:33,25.3,440616,174,买盘
533,09:56:36,25.32,131582,52,买盘
534,09:56:39,25.3,86038,34,卖盘
535,09:56:42,25.3,275792,109,卖盘
536,09:56:45,25.3,58190,23,买盘
537,09:56:48,25.29,154286,61,卖盘
538,09:56:51,25.28,149178,59,卖盘
539,09:56:54,25.28,70780,28,买盘
540,09:56:57,25.27,197118,78,卖盘
541,09:57:00,25.26,20208,8,卖盘
542,09:57:03,25.21,280075,111,卖盘
543,09:57:06,25.26,101004,40,买盘
544,09:57:09,25.26,17679,7,买盘
545,09:57:12,25.26,121180,48,买盘
546,09:57:15,25.23,55527,22,卖盘
547,09:57:18,25.23,429175,170,卖盘
548,09:57:21,25.23,80741,32,卖盘
549,09:57:24,25.23,358286,142,卖盘
550,09:57:27,25.24,105976,42,买盘
551,09:57:30,25.24,98413,39,买盘
552,09:57:33,25.24,257398,102,买盘
553,09:57:36,25.25,50495,20,买盘
554,09:57:39,25.25,196944,78,买盘
555,09:57:42,25.25,15150,6,卖盘
556,09:57:45,25.26,42928,17,买盘
557,09:57:48,25.25,305522,121,卖盘
558,09:57:51,25.25,27775,11,买盘
559,09:57:54,25.22,1279053,507,卖盘
560,09:57:57,25.2,168969,67,卖盘
561,09:58:00,25.22,292526,116,中性盘
562,09:58:03,25.22,796391,316,中性盘
563,09:58:06,25.2,799160,317,卖盘
564,09:58:09,25.21,841408,334,卖盘
565,09:58:12,25.16,60438,24,卖盘
566,09:58:15,25.2,110856,44,买盘
567,09:58:18,25.14,1808793,719,卖盘
568,09:58:21,25.14,30223,12,中性盘
569,09:58:24,25.16,50320,20,买盘
570,09:58:27,25.18,206353,82,买盘
571,09:58:30,25.18,10070,4,买盘
572,09:58:33,25.18,35245,14,买盘
573,09:58:36,25.18,20144,8,买盘
574,09:58:39,25.18,362619,144,卖盘
575,09:58:42,25.18,12590,5,卖盘
576,09:58:45,25.2,224120,89,买盘
577,09:58:48,25.18,42818,17,卖盘
578,09:58:51,25.19,123401,49,买盘
579,09:58:54,25.18,244327,97,卖盘
580,09:58:57,25.18,5036,2,买盘
581,09:59:00,25.17,244208,97,卖盘
582,09:59:03,25.18,264255,105,买盘
583,09:59:06,25.16,696937,277,卖盘
584,09:59:09,25.15,30182,12,卖盘
585,09:59:12,25.15,115704,46,卖盘
586,09:59:15,25.14,52794,21,卖盘
587,09:59:18,25.15,80480,32,买盘
588,09:59:21,25.13,583130,232,卖盘
589,09:59:24,25.14,633505,252,买盘
590,09:59:27,25.13,17591,7,中性盘
591,09:59:30,25.11,165752,66,卖盘
592,09:59:33,25.12,17584,7,买盘
593,09:59:36,25.1,467030,186,卖盘
594,09:59:39,25.1,77812,31,卖盘
595,09:59:42,25.11,153127,61,买盘
596,09:59:45,25.09,263543,105,卖盘
597,09:59:48,25.1,87840,35,买盘
598,09:59:51,25.09,143017,57,卖盘
599,09:59:54,25.08,127935,51,卖盘
600,09:59:57,25.07,47646,19,卖盘
601,10:00:00,25.07,115368,46,卖盘
602,10:00:03,25.08,396011,158,中性盘
603,10:00:06,25.06,10024,4,中性盘
604,10:00:09,25.05,248117,99,卖盘
605,10:00:12,25.06,203036,81,中性盘
606,10:00:15,25.07,142915,57,买盘
607,10:00:18,25.08,125400,50,买盘
608,10:00:21,25.07,1521455,607,卖盘
609,10:00:24,25.1,202982,81,买盘
610,10:00:27,25.09,296037,118,卖盘
611,10:00:30,25.1,153094,61,买盘
612,10:00:33,25.08,115398,46,卖盘
613,10:00:36,25.09,780581,311,中性盘
614,10:00:39,25.07,245722,98,卖盘
615,10:00:42,25.05,395859,158,卖盘
616,10:00:45,25.07,140354,56,买盘
617,10:00:48,25.07,897497,358,买盘
618,10:00:51,25.08,368555,147,买盘
619,10:00:54,25.07,328458,131,卖盘
620,10:00:57,25.09,72756,29,买盘
621,10:01:00,25.09,295951,118,买盘
622,10:01:03,25.09,456520,182,买盘
623,10:01:06,25.1,87828,35,买盘
624,10:01:09,25.09,92857,37,卖盘
625,10:01:12,25.04,3115169,1243,卖盘
626,10:01:15,25.07,157934,63,买盘
627,10:01:18,25.05,27569,11,中性盘
628,10:01:21,25.03,510881,204,卖盘
629,10:01:24,25.05,35079,14,中性盘
630,10:01:27,25.06,162808,65,卖盘
631,10:01:30,25.06,130341,52,卖盘
632,10:01:33,25.04,1196703,478,卖盘
633,10:01:36,25.29,5549348,2204,买盘
634,10:01:39,25.26,32840,13,中性盘
635,10:01:42,25.28,350764,139,中性盘
636,10:01:45,25.2,669222,266,卖盘
637,10:01:48,25.25,219661,87,买盘
638,10:01:51,25.18,146203,58,中性盘
639,10:01:54,25.18,226734,90,卖盘
640,10:01:57,25.19,183871,73,中性盘
641,10:02:00,25.21,370587,147,买盘
642,10:02:03,25.23,335299,133,买盘
643,10:02:06,25.26,42894,17,买盘
644,10:02:09,25.26,50546,20,卖盘
645,10:02:12,25.28,63162,25,买盘
646,10:02:15,25.29,136550,54,买盘
647,10:02:18,25.32,2489391,984,买盘
648,10:02:21,25.32,121525,48,买盘
649,10:02:24,25.33,359515,142,买盘
650,10:02:27,25.31,357086,141,中性盘
651,10:02:30,25.32,73452,29,中性盘
652,10:02:33,25.33,1444829,571,买盘
653,10:02:36,25.33,539435,213,买盘
654,10:02:39,25.32,1261225,498,中性盘
655,10:02:42,25.33,189888,75,买盘
656,10:02:45,25.33,167143,66,买盘
657,10:02:48,25.34,1155500,456,买盘
658,10:02:51,25.36,418096,165,买盘
659,10:02:54,25.36,111528,44,买盘
660,10:02:57,25.36,169943,67,卖盘
661,10:03:00,25.34,174981,69,卖盘
662,10:03:03,25.34,1353595,534,卖盘
663,10:03:06,25.33,755134,298,卖盘
664,10:03:09,25.32,222921,88,卖盘
665,10:03:12,25.33,324171,128,买盘
666,10:03:15,25.33,172224,68,买盘
667,10:03:18,25.32,129104,51,买盘
668,10:03:21,25.3,83520,33,中性盘
669,10:03:24,25.28,48042,19,卖盘
670,10:03:27,25.28,801762,317,买盘
671,10:03:30,25.24,782214,309,卖盘
672,10:03:33,25.33,577831,228,买盘
673,10:03:36,25.4,2258558,890,买盘
674,10:03:39,25.48,702561,276,买盘
675,10:03:42,25.5,489467,192,买盘
676,10:03:45,25.54,1234368,484,买盘
677,10:03:48,25.51,331894,130,卖盘
678,10:03:51,25.53,605297,237,买盘
679,10:03:54,25.5,1472886,577,卖盘
680,10:03:57,25.53,1064079,417,买盘
681,10:04:00,25.54,515583,202,买盘
682,10:04:03,25.5,1183139,464,卖盘
683,10:04:06,25.48,688789,270,中性盘
684,10:04:09,25.49,1032343,405,买盘
685,10:04:12,25.47,274872,108,中性盘
686,10:04:15,25.47,738271,290,买盘
687,10:04:18,25.42,720279,283,中性盘
688,10:04:21,25.42,226235,89,买盘
689,10:04:24,25.42,434499,171,买盘
690,10:04:27,25.41,238877,94,卖盘
691,10:04:30,25.42,127123,50,买盘
692,10:04:33,25.41,709551,279,卖盘
693,10:04:36,25.44,1098429,432,买盘
694,10:04:39,25.46,277155,109,买盘
695,10:04:42,25.43,628257,247,卖盘
696,10:04:45,25.46,435208,171,买盘
697,10:04:48,25.46,307960,121,买盘
698,10:04:51,25.46,203675,80,卖盘
699,10:04:54,25.46,1201729,472,卖盘
700,10:04:57,25.46,583453,229,买盘
701,10:05:00,25.46,252002,99,卖盘
702,10:05:03,25.44,717521,282,卖盘
703,10:05:06,25.45,440377,173,买盘
704,10:05:09,25.47,463452,182,买盘
705,10:05:12,25.48,63678,25,买盘
706,10:05:15,25.48,672681,264,买盘
707,10:05:18,25.47,2209413,867,卖盘
708,10:05:21,25.42,1483836,583,卖盘
709,10:05:24,25.4,312569,123,卖盘
710,10:05:27,25.42,302620,119,买盘
711,10:05:30,25.42,686160,270,买盘
712,10:05:33,25.42,261879,103,卖盘
713,10:05:36,25.45,323042,127,买盘
714,10:05:39,25.44,150060,59,卖盘
715,10:05:42,25.44,643466,253,卖盘
716,10:05:45,25.44,384237,151,卖盘
717,10:05:48,25.41,442366,174,卖盘
718,10:05:51,25.42,292173,115,买盘
719,10:05:54,25.4,76243,30,卖盘
720,10:05:57,25.43,81320,32,买盘
721,10:06:00,25.38,462197,182,卖盘
722,10:06:03,25.33,1050556,415,卖盘
723,10:06:06,25.33,32970,13,卖盘
724,10:06:09,25.33,25333,10,卖盘
725,10:06:12,25.37,192665,76,买盘
726,10:06:15,25.36,96237,38,中性盘
727,10:06:18,25.37,76005,30,买盘
728,10:06:21,25.33,50673,20,卖盘
729,10:06:24,25.34,496639,196,买盘
730,10:06:27,25.33,309034,122,卖盘
731,10:06:30,25.33,60792,24,买盘
732,10:06:33,25.3,633024,250,卖盘
733,10:06:36,25.3,25304,10,卖盘
734,10:06:39,25.3,151800,60,卖盘
735,10:06:42,25.3,187273,74,卖盘
736,10:06:45,25.3,106270,42,卖盘
737,10:06:48,25.31,351799,139,买盘
738,10:06:51,25.34,410300,162,买盘
739,10:06:54,25.34,418110,165,买盘
740,10:06:57,25.34,25344,10,卖盘
741,10:07:00,25.34,215460,85,卖盘
742,10:07:03,25.35,212928,84,中性盘
743,10:07:06,25.36,60878,24,卖盘
744,10:07:09,25.37,187767,74,买盘
745,10:07:12,25.36,639306,252,卖盘
746,10:07:15,25.37,106548,42,买盘
747,10:07:18,25.37,152220,60,买盘
748,10:07:21,25.37,268872,106,买盘
749,10:07:24,25.37,126839,50,买盘
750,10:07:27,25.35,68453,27,卖盘
751,10:07:30,25.35,93866,37,卖盘
752,10:07:33,25.35,243374,96,卖盘
753,10:07:36,25.33,339552,134,卖盘
754,10:07:39,25.31,433145,171,卖盘
755,10:07:42,25.33,81033,32,买盘
756,10:07:45,25.31,744350,294,卖盘
757,10:07:48,25.33,96267,38,买盘
758,10:07:51,25.33,20264,8,卖盘
759,10:07:54,25.33,65879,26,卖盘
760,10:07:57,25.33,113942,45,卖盘
761,10:08:00,25.31,273544,108,卖盘
762,10:08:03,25.28,432607,171,卖盘
763,10:08:06,25.27,12635,5,卖盘
764,10:08:09,25.25,85883,34,卖盘
765,10:08:12,25.25,113661,45,买盘
766,10:08:15,25.21,290093,115,卖盘
767,10:08:18,25.2,166460,66,卖盘
768,10:08:21,25.21,1665477,661,中性盘
769,10:08:24,25.21,133717,53,卖盘
770,10:08:27,25.22,131144,52,中性盘
771,10:08:30,25.21,1379227,547,卖盘
772,10:08:33,25.25,111052,44,买盘
773,10:08:36,25.24,37872,15,卖盘
774,10:08:39,25.27,22731,9,买盘
775,10:08:42,25.25,32829,13,卖盘
776,10:08:45,25.25,113649,45,卖盘
777,10:08:48,25.25,257550,102,买盘
778,10:08:51,25.25,45449,18,买盘
779,10:08:54,25.25,65650,26,买盘
780,10:08:57,25.25,58091,23,卖盘
781,10:09:00,25.25,151491,60,卖盘
782,10:09:03,25.25,630670,250,买盘
783,10:09:06,25.24,20196,8,中性盘
784,10:09:09,25.22,85802,34,卖盘
785,10:09:12,25.19,357844,142,卖盘
786,10:09:15,25.22,153754,61,买盘
787,10:09:18,25.22,12610,5,买盘
788,10:09:21,25.22,340461,135,买盘
789,10:09:24,25.21,78153,31,卖盘
790,10:09:27,25.22,58012,23,卖盘
791,10:09:30,25.21,42855,17,买盘
792,10:09:33,25.2,304950,121,卖盘
793,10:09:36,25.21,32763,13,买盘
794,10:09:39,25.2,15124,6,中性盘
795,10:09:42,25.21,75620,30,买盘
796,10:09:45,25.21,70588,28,买盘
797,10:09:48,25.21,184023,73,买盘
798,10:09:51,25.21,451298,179,中性盘
799,10:09:54,25.23,27753,11,买盘
800,10:09:57,25.24,22716,9,买盘
801,10:10:00,25.24,37859,15,买盘
802,10:10:03,25.23,93351,37,卖盘
803,10:10:06,25.25,83266,33,买盘
804,10:10:09,25.23,186760,74,卖盘
805,10:10:12,25.25,325687,129,买盘
806,10:10:15,25.23,696690,276,卖盘
807,10:10:18,25.23,60581,24,卖盘
808,10:10:21,25.26,121213,48,买盘
809,10:10:24,25.24,194494,77,卖盘
810,10:10:27,25.28,181888,72,买盘
811,10:10:30,25.25,53074,21,卖盘
812,10:10:33,25.28,247535,98,买盘
813,10:10:36,25.28,35392,14,买盘
814,10:10:39,25.27,83391,33,卖盘
815,10:10:42,25.27,80859,32,卖盘
816,10:10:45,25.27,315891,125,买盘
817,10:10:48,25.28,308427,122,买盘
818,10:10:51,25.29,106198,42,买盘
819,10:10:54,25.3,174503,69,买盘
820,10:11:00,25.3,80956,32,买盘
821,10:11:03,25.3,215050,85,卖盘
822,10:11:06,25.33,149411,59,买盘
823,10:11:09,25.32,22791,9,卖盘
824,10:11:12,25.35,50696,20,买盘
825,10:11:15,25.33,291541,115,卖盘
826,10:11:18,25.34,45600,18,买盘
827,10:11:21,25.34,258371,102,买盘
828,10:11:24,25.34,167280,66,卖盘
829,10:11:27,25.36,233216,92,买盘
830,10:11:30,25.37,101420,40,买盘
831,10:11:33,25.37,106554,42,买盘
832,10:11:36,25.35,172387,68,中性盘
833,10:11:39,25.35,121699,48,买盘
834,10:11:42,25.34,187554,74,卖盘
835,10:11:45,25.34,544877,215,卖盘
836,10:11:48,25.34,559900,221,卖盘
837,10:11:51,25.34,200245,79,中性盘
838,10:11:54,25.35,420759,166,买盘
839,10:11:57,25.34,387733,153,卖盘
840,10:12:00,25.34,223878,88,卖盘
841,10:12:03,25.34,562599,222,卖盘
842,10:12:06,25.34,2563866,1012,卖盘
843,10:12:09,25.34,137698,54,买盘
844,10:12:12,25.33,44750,18,卖盘
845,10:12:15,25.36,179876,71,买盘
846,10:12:18,25.33,53203,21,卖盘
847,10:12:21,25.33,121639,48,卖盘
848,10:12:24,25.35,116546,46,买盘
849,10:12:27,25.33,48124,19,中性盘
850,10:12:30,25.32,48123,19,卖盘
851,10:12:33,25.32,238031,94,卖盘
852,10:12:36,25.32,27852,11,买盘
853,10:12:39,25.3,296132,117,卖盘
854,10:12:42,25.31,151860,60,买盘
855,10:12:45,25.31,1715507,678,买盘
856,10:12:48,25.32,435260,172,买盘
857,10:12:51,25.33,37984,15,买盘
858,10:12:54,25.32,20256,8,卖盘
859,10:12:57,25.33,32928,13,买盘
860,10:13:00,25.33,43045,17,买盘
861,10:13:03,25.32,468438,185,卖盘
862,10:13:06,25.29,516189,204,卖盘
863,10:13:09,25.3,141675,56,中性盘
864,10:13:12,25.27,1385328,548,卖盘
865,10:13:15,25.27,133931,53,卖盘
866,10:13:18,25.25,439352,174,卖盘
867,10:13:21,25.24,1953628,774,卖盘
868,10:13:24,25.22,948971,376,卖盘
869,10:13:27,25.21,166424,66,卖盘
870,10:13:30,25.2,1290335,512,卖盘
871,10:13:33,25.18,339975,135,卖盘
872,10:13:36,25.2,186272,74,买盘
873,10:13:39,25.16,70448,28,卖盘
874,10:13:42,25.16,385048,153,卖盘
875,10:13:45,25.17,768003,305,中性盘
876,10:13:48,25.24,711119,282,买盘
877,10:13:51,25.21,201749,80,卖盘
878,10:13:54,25.21,1151848,457,卖盘
879,10:13:57,25.25,209528,83,买盘
880,10:14:00,25.25,156606,62,卖盘
881,10:14:03,25.25,1046027,415,卖盘
882,10:14:06,25.27,88402,35,中性盘
883,10:14:09,25.26,22738,9,卖盘
884,10:14:12,25.25,154062,61,卖盘
885,10:14:15,25.27,37900,15,买盘
886,10:14:18,25.27,212268,84,买盘
887,10:14:21,25.27,149206,59,卖盘
888,10:14:24,25.29,42993,17,买盘
889,10:14:27,25.27,88453,35,卖盘
890,10:14:30,25.29,695353,275,买盘
891,10:14:33,25.27,63217,25,卖盘
892,10:14:36,25.27,247798,98,卖盘
893,10:14:39,25.28,116283,46,中性盘
894,10:14:42,25.28,30336,12,买盘
895,10:14:45,25.27,942141,373,卖盘
896,10:14:48,25.27,7583,3,中性盘
897,10:14:51,25.27,85924,34,买盘
898,10:14:54,25.27,12635,5,卖盘
899,10:14:57,25.29,678095,268,买盘
900,10:15:03,25.28,45506,18,卖盘
901,10:15:06,25.3,298495,118,买盘
902,10:15:09,25.18,1325508,525,卖盘
903,10:15:12,25.2,133460,53,买盘
904,10:15:15,25.2,35280,14,买盘
905,10:15:18,25.2,50382,20,买盘
906,10:15:21,25.2,239373,95,买盘
907,10:15:24,25.2,224273,89,中性盘
908,10:15:27,25.2,159097,63,中性盘
909,10:15:30,25.2,37800,15,卖盘
910,10:15:33,25.2,80640,32,卖盘
911,10:15:36,25.26,797924,316,买盘
912,10:15:39,25.2,105850,42,卖盘
913,10:15:42,25.2,12600,5,卖盘
914,10:15:45,25.2,869400,345,卖盘
915,10:15:48,25.2,251923,100,买盘
916,10:15:51,25.2,30240,12,卖盘
917,10:15:54,25.2,682872,271,卖盘
918,10:15:57,25.17,418610,166,卖盘
919,10:16:00,25.18,35239,14,中性盘
920,10:16:03,25.17,173701,69,卖盘
921,10:16:06,25.18,412847,164,中性盘
922,10:16:09,25.22,27718,11,买盘
923,10:16:12,25.2,7559,3,买盘
924,10:16:15,25.2,25200,10,卖盘
925,10:16:18,25.23,73137,29,买盘
926,10:16:21,25.22,1544281,613,中性盘
927,10:16:24,25.23,141282,56,买盘
928,10:16:27,25.23,10092,4,卖盘
929,10:16:33,25.28,50560,20,买盘
930,10:16:36,25.24,121148,48,卖盘
931,10:16:45,25.28,17696,7,买盘
932,10:16:48,25.24,164097,65,卖盘
933,10:16:51,25.28,252692,100,买盘
934,10:16:54,25.25,17678,7,卖盘
935,10:16:57,25.28,17684,7,买盘
936,10:17:00,25.25,42925,17,卖盘
937,10:17:03,25.27,222345,88,买盘
938,10:17:06,25.28,27801,11,买盘
939,10:17:09,25.25,40402,16,卖盘
940,10:17:12,25.27,181824,72,买盘
941,10:17:15,25.24,90948,36,卖盘
942,10:17:18,25.25,181738,72,中性盘
943,10:17:21,25.27,60619,24,买盘
944,10:17:24,25.27,106074,42,买盘
945,10:17:27,25.24,136270,54,卖盘
946,10:17:30,25.24,106020,42,买盘
947,10:17:33,25.24,22716,9,卖盘
948,10:17:36,25.24,330694,131,卖盘
949,10:17:39,25.24,5048,2,买盘
950,10:17:42,25.23,17661,7,卖盘
951,10:17:45,25.23,70644,28,卖盘
952,10:17:48,25.22,80721,32,卖盘
953,10:17:51,25.17,881305,350,卖盘
954,10:17:54,25.22,27742,11,买盘
955,10:17:57,25.18,62950,25,卖盘
956,10:18:00,25.18,226869,90,卖盘
957,10:18:03,25.19,136011,54,中性盘
958,10:18:06,25.21,141030,56,买盘
959,10:18:09,25.18,98247,39,卖盘
960,10:18:12,25.17,40280,16,卖盘
961,10:18:15,25.19,22681,9,卖盘
962,10:18:18,25.21,95768,38,买盘
963,10:18:21,25.19,27719,11,卖盘
964,10:18:24,25.21,244643,97,卖盘
965,10:18:27,25.24,158937,63,买盘
966,10:18:30,25.2,163990,65,卖盘
967,10:18:33,25.24,194338,77,买盘
968,10:18:36,25.17,1407969,559,卖盘
969,10:18:39,25.23,68121,27,买盘
970,10:18:42,25.21,15130,6,中性盘
971,10:18:45,25.2,93313,37,卖盘
972,10:18:48,25.21,65562,26,卖盘
973,10:18:51,25.19,194042,77,卖盘
974,10:18:54,25.18,256298,102,卖盘
975,10:19:00,25.2,1641296,651,卖盘
976,10:19:03,25.24,25240,10,买盘
977,10:19:06,25.2,196738,78,卖盘
978,10:19:09,25.21,70615,28,中性盘
979,10:19:12,25.2,120979,48,卖盘
980,10:19:15,25.25,1017209,403,买盘
981,10:19:18,25.25,924104,366,买盘
982,10:19:21,25.28,295731,117,买盘
983,10:19:24,25.28,22746,9,买盘
984,10:19:30,25.29,73335,29,买盘
985,10:19:33,25.3,171841,68,买盘
986,10:19:36,25.3,141678,56,买盘
987,10:19:39,25.3,93583,37,买盘
988,10:19:42,25.32,88566,35,买盘
989,10:19:45,25.32,7596,3,买盘
990,10:19:48,25.32,149343,59,买盘
991,10:19:51,25.31,86083,34,中性盘
992,10:19:54,25.34,108930,43,买盘
993,10:20:00,25.32,174730,69,卖盘
994,10:20:03,25.32,440199,174,卖盘
995,10:20:06,25.28,40466,16,卖盘
996,10:20:09,25.32,58212,23,买盘
997,10:20:12,25.32,63210,25,买盘
998,10:20:15,25.32,113933,45,买盘
999,10:20:18,25.32,32916,13,卖盘
1000,10:20:21,25.32,75920,30,买盘
1001,10:20:24,25.32,81024,32,买盘
1002,10:20:27,25.32,2532,1,买盘
1003,10:20:30,25.28,10112,4,卖盘
1004,10:20:33,25.32,73352,29,买盘
1005,10:20:36,25.28,88473,35,卖盘
1006,10:20:39,25.31,98643,39,买盘
1007,10:20:42,25.28,91008,36,中性盘
1008,10:20:45,25.28,371585,147,买盘
1009,10:20:48,25.28,78368,31,买盘
1010,10:20:51,25.27,53081,21,卖盘
1011,10:20:54,25.28,75827,30,买盘
1012,10:20:57,25.25,692167,274,卖盘
1013,10:21:00,25.28,101118,40,买盘
1014,10:21:03,25.28,65728,26,卖盘
1015,10:21:06,25.3,161800,64,买盘
1016,10:21:09,25.28,48032,19,买盘
1017,10:21:12,25.26,230040,91,卖盘
1018,10:21:15,25.27,379392,150,中性盘
1019,10:21:18,25.28,166938,66,卖盘
1020,10:21:21,25.27,12637,5,卖盘
1021,10:21:24,25.31,70820,28,买盘
1022,10:21:27,25.3,174615,69,买盘
1023,10:21:30,25.31,17717,7,买盘
1024,10:21:33,25.3,35420,14,卖盘
1025,10:21:36,25.28,450383,178,卖盘
1026,10:21:39,25.3,194824,77,卖盘
1027,10:21:42,25.28,5056,2,卖盘
1028,10:21:45,25.29,15174,6,中性盘
1029,10:21:48,25.28,2806,1,卖盘
1030,10:21:51,25.31,361839,143,买盘
1031,10:21:54,25.29,75870,30,卖盘
1032,10:21:57,25.29,136569,54,卖盘
1033,10:22:00,25.28,85979,34,卖盘
1034,10:22:03,25.28,250281,99,卖盘
1035,10:22:06,25.28,5056,2,买盘
1036,10:22:09,25.28,166834,66,买盘
1037,10:22:12,25.27,118769,47,中性盘
1038,10:22:15,25.27,224899,89,买盘
1039,10:22:18,25.27,45486,18,买盘
1040,10:22:21,25.27,144039,57,买盘
1041,10:22:24,25.26,83367,33,卖盘
1042,10:22:27,25.26,80832,32,卖盘
1043,10:22:30,25.25,90933,36,卖盘
1044,10:22:33,25.25,136375,54,卖盘
1045,10:22:39,25.25,179286,71,卖盘
1046,10:22:42,25.25,32825,13,卖盘
1047,10:22:45,25.26,50520,20,买盘
1048,10:22:48,25.29,925366,366,买盘
1049,10:22:51,25.29,700784,277,卖盘
1050,10:22:54,25.32,53172,21,买盘
1051,10:22:57,25.33,116504,46,买盘
1052,10:23:00,25.37,940500,371,买盘
1053,10:23:03,25.39,382129,151,买盘
1054,10:23:06,25.43,815174,321,买盘
1055,10:23:12,25.44,267057,105,买盘
1056,10:23:15,25.44,875524,344,买盘
1057,10:23:18,25.44,89088,35,卖盘
1058,10:23:21,25.46,295293,116,买盘
1059,10:23:24,25.48,203759,80,买盘
1060,10:23:27,25.44,1790800,704,卖盘
1061,10:23:30,25.44,919001,361,买盘
1062,10:23:33,25.44,117050,46,卖盘
1063,10:23:36,25.38,180654,71,卖盘
1064,10:23:39,25.45,193184,76,买盘
1065,10:23:42,25.45,211203,83,买盘
1066,10:23:45,25.41,50828,20,中性盘
1067,10:23:48,25.43,495515,195,中性盘
1068,10:23:51,25.4,81355,32,中性盘
1069,10:23:54,25.38,1030259,406,卖盘
1070,10:23:57,25.35,382943,151,卖盘
1071,10:24:00,25.3,50707,20,卖盘
1072,10:24:03,25.35,293529,116,中性盘
1073,10:24:06,25.37,55814,22,买盘
1074,10:24:09,25.37,25370,10,买盘
1075,10:24:12,25.37,583530,230,买盘
1076,10:24:15,25.36,126819,50,卖盘
1077,10:24:18,25.39,136986,54,买盘
1078,10:24:21,25.39,695314,274,买盘
1079,10:24:24,25.37,22833,9,买盘
1080,10:24:27,25.36,144576,57,卖盘
1081,10:24:30,25.36,53266,21,卖盘
1082,10:24:33,25.35,27890,11,卖盘
1083,10:24:36,25.36,157212,62,买盘
1084,10:24:39,25.35,141960,56,卖盘
1085,10:24:42,25.35,58305,23,买盘
1086,10:24:45,25.35,124207,49,买盘
1087,10:24:48,25.35,238286,94,买盘
1088,10:24:51,25.34,45619,18,卖盘
1089,10:24:54,25.34,15209,6,卖盘
1090,10:24:57,25.34,50685,20,卖盘
1091,10:25:00,25.33,159596,63,卖盘
1092,10:25:03,25.33,321586,127,卖盘
1093,10:25:06,25.34,22801,9,买盘
1094,10:25:09,25.34,20267,8,买盘
1095,10:25:12,25.34,43073,17,买盘
1096,10:25:15,25.34,152030,60,买盘
1097,10:25:18,25.34,53214,21,卖盘
1098,10:25:21,25.35,190096,75,买盘
1099,10:25:24,25.35,136882,54,买盘
1100,10:25:27,25.34,93801,37,卖盘
1101,10:25:30,25.35,38025,15,买盘
1102,10:25:33,25.38,255985,101,买盘
1103,10:25:36,25.38,230851,91,买盘
1104,10:25:39,25.36,5069,2,中性盘
1105,10:25:42,25.36,230776,91,买盘
1106,10:25:45,25.34,65932,26,卖盘
1107,10:25:48,25.35,38011,15,中性盘
1108,10:25:51,25.34,483940,191,卖盘
1109,10:25:54,25.34,12670,5,买盘
1110,10:25:57,25.32,17734,7,卖盘
1111,10:26:00,25.35,149504,59,买盘
1112,10:26:03,25.33,354776,140,卖盘
1113,10:26:06,25.33,103853,41,买盘
1114,10:26:09,25.32,438554,173,卖盘
1115,10:26:12,25.32,35452,14,卖盘
1116,10:26:15,25.33,58270,23,卖盘
1117,10:26:18,25.36,243409,96,买盘
1118,10:26:21,25.36,2536,1,卖盘
1119,10:26:24,25.37,83691,33,买盘
1120,10:26:27,25.37,169960,67,买盘
1121,10:26:30,25.35,83705,33,卖盘
1122,10:26:33,25.37,30436,12,买盘
1123,10:26:36,25.36,63400,25,卖盘
1124,10:26:39,25.37,111619,44,买盘
1125,10:26:42,25.36,43125,17,卖盘
1126,10:26:45,25.36,339490,134,买盘
1127,10:26:48,25.35,35490,14,买盘
1128,10:26:51,25.35,91232,36,买盘
1129,10:26:54,25.35,116610,46,买盘
1130,10:26:57,25.35,68464,27,中性盘
1131,10:27:00,25.33,93771,37,卖盘
1132,10:27:03,25.33,534027,211,卖盘
1133,10:27:06,25.33,58263,23,卖盘
1134,10:27:09,25.33,2533,1,买盘
1135,10:27:12,25.3,177142,70,卖盘
1136,10:27:15,25.3,703346,278,卖盘
1137,10:27:18,25.3,589632,233,买盘
1138,10:27:21,25.32,45576,18,卖盘
1139,10:27:24,25.32,349402,138,卖盘
1140,10:27:27,25.33,45578,18,买盘
1141,10:27:30,25.32,37980,15,卖盘
1142,10:27:33,25.32,139307,55,卖盘
1143,10:27:36,25.3,179667,71,卖盘
1144,10:27:39,25.32,40512,16,买盘
1145,10:27:42,25.3,283487,112,卖盘
1146,10:27:45,25.3,50599,20,买盘
1147,10:27:48,25.3,22770,9,卖盘
1148,10:27:51,25.29,40475,16,卖盘
1149,10:27:54,25.3,60707,24,买盘
1150,10:27:57,25.28,149178,59,卖盘
1151,10:28:00,25.27,207311,82,卖盘
1152,10:28:03,25.26,300523,119,卖盘
1153,10:28:06,25.23,161555,64,卖盘
1154,10:28:09,25.22,110968,44,卖盘
1155,10:28:12,25.22,184131,73,卖盘
1156,10:28:15,25.22,469077,186,卖盘
1157,10:28:18,25.22,335476,133,买盘
1158,10:28:21,25.24,290258,115,买盘
1159,10:28:24,25.22,65574,26,卖盘
1160,10:28:27,25.22,25226,10,卖盘
1161,10:28:30,25.21,393451,156,卖盘
1162,10:28:33,25.23,20184,8,卖盘
1163,10:28:36,25.24,259879,103,买盘
1164,10:28:39,25.23,40356,16,中性盘
1165,10:28:42,25.23,58007,23,买盘
1166,10:28:45,25.25,547743,217,买盘
1167,10:28:48,25.27,391752,155,买盘
1168,10:28:51,25.29,12640,5,买盘
1169,10:28:54,25.29,146662,58,买盘
1170,10:28:57,25.29,78368,31,买盘
1171,10:29:00,25.29,32882,13,买盘
1172,10:29:03,25.29,2529,1,卖盘
1173,10:29:06,25.3,118882,47,买盘
1174,10:29:09,25.3,22773,9,中性盘
1175,10:29:12,25.29,1158785,458,卖盘
1176,10:29:15,25.3,141695,56,卖盘
1177,10:29:18,25.29,374394,148,卖盘
1178,10:29:21,25.31,22791,9,卖盘
1179,10:29:27,25.32,53176,21,买盘
1180,10:29:30,25.32,7596,3,卖盘
1181,10:29:33,25.32,113965,45,卖盘
1182,10:29:36,25.33,15198,6,买盘
1183,10:29:39,25.33,75958,30,买盘
1184,10:29:42,25.32,35439,14,卖盘
1185,10:29:45,25.31,40503,16,卖盘
1186,10:29:48,25.3,37964,15,卖盘
1187,10:29:51,25.32,15192,6,买盘
1188,10:29:54,25.31,91126,36,中性盘
1189,10:30:00,25.31,45563,18,卖盘
1190,10:30:03,25.3,146759,58,卖盘
1191,10:30:06,25.31,187294,74,买盘
1192,10:30:09,25.32,5064,2,买盘
1193,10:30:12,25.31,546707,216,卖盘
1194,10:30:15,25.32,70881,28,买盘
1195,10:30:18,25.33,356950,141,买盘
1196,10:30:21,25.33,121588,48,买盘
1197,10:30:24,25.33,40528,16,卖盘
1198,10:30:27,25.35,722437,285,买盘
1199,10:30:30,25.36,10144,4,买盘
1200,10:30:33,25.36,7608,3,买盘
1201,10:30:36,25.37,103979,41,买盘
1202,10:30:39,25.35,32965,13,卖盘
1203,10:30:42,25.36,65952,26,卖盘
1204,10:30:45,25.36,12680,5,卖盘
1205,10:30:48,25.37,284132,112,买盘
1206,10:30:51,25.37,218266,86,卖盘
1207,10:30:54,25.37,91339,36,卖盘
1208,10:30:57,25.37,456879,180,卖盘
1209,10:31:00,25.38,30451,12,卖盘
1210,10:31:03,25.42,213336,84,买盘
1211,10:31:06,25.4,154940,61,卖盘
1212,10:31:09,25.35,779023,307,卖盘
1213,10:31:12,25.37,169899,67,买盘
1214,10:31:15,25.37,15222,6,买盘
1215,10:31:18,25.37,25370,10,买盘
1216,10:31:21,25.41,347703,137,买盘
1217,10:31:27,25.41,53316,21,买盘
1218,10:31:30,25.46,1101659,433,买盘
1219,10:31:33,25.48,68749,27,买盘
1220,10:31:36,25.48,178310,70,买盘
1221,10:31:39,25.47,163008,64,中性盘
1222,10:31:42,25.41,124616,49,卖盘
1223,10:31:45,25.4,251871,99,卖盘
1224,10:31:48,25.38,139849,55,卖盘
1225,10:31:51,25.4,223786,88,卖盘
1226,10:31:54,25.4,91450,36,卖盘
1227,10:31:57,25.42,38120,15,买盘
1228,10:32:00,25.45,178059,70,买盘
1229,10:32:03,25.44,241708,95,卖盘
1230,10:32:06,25.45,165547,65,中性盘
1231,10:32:09,25.45,33090,13,卖盘
1232,10:32:12,25.46,61101,24,买盘
1233,10:32:15,25.45,280055,110,卖盘
1234,10:32:18,25.45,76368,30,卖盘
1235,10:32:21,25.46,117139,46,中性盘
1236,10:32:24,25.48,1118291,439,买盘
1237,10:32:27,25.48,224062,88,买盘
1238,10:32:30,25.48,106999,42,买盘
1239,10:32:33,25.47,507016,199,卖盘
1240,10:32:36,25.45,483660,190,卖盘
1241,10:32:39,25.47,949614,373,买盘
1242,10:32:42,25.44,1648949,648,卖盘
1243,10:32:45,25.44,297648,117,买盘
1244,10:32:48,25.44,165325,65,买盘
1245,10:32:51,25.42,111878,44,卖盘
1246,10:32:54,25.42,144911,57,买盘
1247,10:32:57,25.43,83891,33,买盘
1248,10:33:00,25.44,99198,39,买盘
1249,10:33:03,25.42,132203,52,卖盘
1250,10:33:06,25.42,244047,96,卖盘
1251,10:33:09,25.42,30511,12,中性盘
1252,10:33:12,25.42,152514,60,卖盘
1253,10:33:15,25.38,213396,84,卖盘
1254,10:33:18,25.38,132039,52,卖盘
1255,10:33:21,25.38,124432,49,卖盘
1256,10:33:24,25.38,126573,50,买盘
1257,10:33:27,25.34,238655,94,卖盘
1258,10:33:30,25.37,58356,23,买盘
1259,10:33:33,25.36,5072,2,中性盘
1260,10:33:36,25.37,197878,78,买盘
1261,10:33:39,25.36,65931,26,卖盘
1262,10:33:42,25.38,78642,31,买盘
1263,10:33:45,25.36,25368,10,卖盘
1264,10:33:48,25.36,45647,18,卖盘
1265,10:33:51,25.38,63450,25,买盘
1266,10:33:54,25.34,258570,102,卖盘
1267,10:33:57,25.34,70968,28,卖盘
1268,10:34:00,25.36,78605,31,买盘
1269,10:34:03,25.34,126729,50,卖盘
1270,10:34:06,25.34,81089,32,卖盘
1271,10:34:09,25.35,114054,45,买盘
1272,10:34:12,25.34,116573,46,卖盘
1273,10:34:15,25.36,268816,106,买盘
1274,10:34:18,25.35,98885,39,卖盘
1275,10:34:21,25.38,123442,49,买盘
1276,10:34:24,25.38,154708,61,买盘
1277,10:34:27,25.39,276490,109,买盘
1278,10:34:30,25.41,30490,12,买盘
1279,10:34:36,25.41,157542,62,买盘
1280,10:34:39,25.42,25414,10,买盘
1281,10:34:42,25.42,327438,129,买盘
1282,10:34:45,25.42,76258,30,买盘
1283,10:34:48,25.44,40694,16,买盘
1284,10:34:51,25.43,89039,35,中性盘
1285,10:34:54,25.47,722556,284,买盘
1286,10:34:57,25.47,76406,30,买盘
1287,10:35:00,25.48,78973,31,买盘
1288,10:35:03,25.47,239487,94,卖盘
1289,10:35:06,25.48,198683,78,买盘
1290,10:35:09,25.48,305739,120,买盘
1291,10:35:12,25.46,756592,297,卖盘
1292,10:35:15,25.42,221477,87,卖盘
1293,10:35:18,25.42,246836,97,卖盘
1294,10:35:21,25.45,1688679,663,中性盘
1295,10:35:24,25.45,48357,19,卖盘
1296,10:35:27,25.47,63667,25,买盘
1297,10:35:30,25.47,43271,17,中性盘
1298,10:35:33,25.47,40749,16,买盘
1299,10:35:36,25.46,425396,167,卖盘
1300,10:35:39,25.48,292901,115,买盘
1301,10:35:42,25.48,848410,333,买盘
1302,10:35:45,25.48,165581,65,买盘
1303,10:35:48,25.47,122290,48,卖盘
1304,10:35:51,25.48,252231,99,买盘
1305,10:35:54,25.48,99373,39,卖盘
1306,10:35:57,25.5,387413,152,买盘
1307,10:36:00,25.49,270197,106,卖盘
1308,10:36:03,25.5,288029,113,买盘
1309,10:36:06,25.5,589030,231,买盘
1310,10:36:09,25.5,451342,177,买盘
1311,10:36:12,25.5,382500,150,买盘
1312,10:36:15,25.5,130043,51,买盘
1313,10:36:18,25.5,359520,141,买盘
1314,10:36:21,25.5,237147,93,买盘
1315,10:36:24,25.49,966113,379,卖盘
1316,10:36:27,25.49,379930,149,卖盘
1317,10:36:30,25.49,229462,90,卖盘
1318,10:36:33,25.5,566270,222,买盘
1319,10:36:36,25.49,955513,375,中性盘
1320,10:36:39,25.5,3321477,1303,买盘
1321,10:36:42,25.51,257555,101,买盘
1322,10:36:45,25.5,1637113,642,卖盘
1323,10:36:48,25.5,84157,33,卖盘
1324,10:36:51,25.48,252342,99,卖盘
1325,10:36:54,25.46,201345,79,卖盘
1326,10:36:57,25.48,1430046,561,买盘
1327,10:37:00,25.45,567538,223,卖盘
1328,10:37:03,25.46,1117091,439,中性盘
1329,10:37:06,25.46,20368,8,买盘
1330,10:37:09,25.46,801877,315,买盘
1331,10:37:12,25.46,63626,25,中性盘
1332,10:37:15,25.44,45789,18,卖盘
1333,10:37:18,25.45,152689,60,买盘
1334,10:37:21,25.42,15267,6,卖盘
1335,10:37:24,25.42,221171,87,卖盘
1336,10:37:27,25.42,668960,263,卖盘
1337,10:37:30,25.42,17794,7,买盘
1338,10:37:33,25.45,5090,2,买盘
1339,10:37:39,25.45,58515,23,买盘
1340,10:37:42,25.45,5090,2,买盘
1341,10:37:45,25.45,165388,65,买盘
1342,10:37:48,25.43,43259,17,卖盘
1343,10:37:51,25.45,25450,10,买盘
1344,10:37:54,25.42,508641,200,卖盘
1345,10:37:57,25.41,3220178,1267,卖盘
1346,10:38:00,25.41,231157,91,买盘
1347,10:38:03,25.41,182889,72,买盘
1348,10:38:06,25.39,58416,23,卖盘
1349,10:38:09,25.39,104130,41,买盘
1350,10:38:12,25.39,25389,10,卖盘
1351,10:38:15,25.4,68580,27,买盘
1352,10:38:18,25.4,22853,9,买盘
1353,10:38:21,25.4,5080,2,买盘
1354,10:38:24,25.4,66040,26,买盘
1355,10:38:27,25.39,327539,129,卖盘
1356,10:38:30,25.37,25371,10,卖盘
1357,10:38:33,25.37,25370,10,卖盘
1358,10:38:36,25.36,216366,85,卖盘
1359,10:38:39,25.35,329577,130,卖盘
1360,10:38:42,25.35,48165,19,卖盘
1361,10:38:45,25.35,182526,72,卖盘
1362,10:38:48,25.35,40560,16,卖盘
1363,10:38:51,25.35,157192,62,卖盘
1364,10:38:54,25.35,238260,94,买盘
1365,10:38:57,25.35,108967,43,买盘
1366,10:39:00,25.35,35472,14,买盘
1367,10:39:03,25.34,50674,20,买盘
1368,10:39:06,25.33,30401,12,卖盘
1369,10:39:09,25.33,111464,44,卖盘
1370,10:39:12,25.33,32929,13,卖盘
1371,10:39:15,25.33,767505,303,卖盘
1372,10:39:18,25.31,736820,291,卖盘
1373,10:39:21,25.31,40504,16,卖盘
1374,10:39:24,25.31,30372,12,卖盘
1375,10:39:27,25.31,32903,13,卖盘
1376,10:39:30,25.32,40507,16,买盘
1377,10:39:33,25.31,113905,45,卖盘
1378,10:39:36,25.3,237920,94,卖盘
1379,10:39:39,25.3,500940,198,卖盘
1380,10:39:42,25.3,45540,18,买盘
1381,10:39:45,25.28,37930,15,卖盘
1382,10:39:51,25.24,409247,162,卖盘
1383,10:39:54,25.25,164125,65,卖盘
1384,10:39:57,25.25,58065,23,买盘
1385,10:40:00,25.24,252415,100,中性盘
1386,10:40:03,25.25,242340,96,买盘
1387,10:40:06,25.24,532834,211,卖盘
1388,10:40:09,25.25,37874,15,买盘
1389,10:40:12,25.24,100965,40,卖盘
1390,10:40:15,25.24,47956,19,买盘
1391,10:40:18,25.25,179203,71,买盘
1392,10:40:21,25.28,5056,2,买盘
1393,10:40:24,25.28,2528,1,卖盘
1394,10:40:27,25.25,10100,4,卖盘
1395,10:40:30,25.28,10112,4,买盘
1396,10:40:33,25.28,1727362,685,买盘
1397,10:40:39,25.29,10116,4,买盘
1398,10:40:42,25.3,7590,3,买盘
1399,10:40:45,25.3,113836,45,买盘
1400,10:40:48,25.31,1015389,402,买盘
1401,10:40:51,25.3,17710,7,卖盘
1402,10:40:54,25.3,341681,135,卖盘
1403,10:40:57,25.3,81010,32,卖盘
1404,10:41:00,25.31,2531,1,卖盘
1405,10:41:03,25.31,1671793,661,卖盘
1406,10:41:06,25.28,22755,9,卖盘
1407,10:41:09,25.28,652684,258,卖盘
1408,10:41:12,25.25,623832,247,卖盘
1409,10:41:15,25.24,699213,277,卖盘
1410,10:41:18,25.24,123664,49,买盘
1411,10:41:21,25.2,332687,132,卖盘
1412,10:41:24,25.24,121014,48,中性盘
1413,10:41:27,25.2,12600,5,卖盘
1414,10:41:30,25.21,45384,18,卖盘
1415,10:41:33,25.21,95851,38,卖盘
1416,10:41:36,25.21,176472,70,卖盘
1417,10:41:39,25.21,390734,155,卖盘
1418,10:41:42,25.24,25237,10,买盘
1419,10:41:45,25.23,40381,16,卖盘
1420,10:41:48,25.24,75707,30,中性盘
1421,10:41:51,25.23,5047,2,中性盘
1422,10:41:54,25.25,224711,89,买盘
1423,10:41:57,25.25,1195312,474,卖盘
1424,10:42:00,25.25,95950,38,买盘
1425,10:42:03,25.25,30294,12,买盘
1426,10:42:06,25.25,1665456,661,买盘
1427,10:42:12,25.24,2524,1,买盘
1428,10:42:15,25.25,153886,61,买盘
1429,10:42:18,25.25,22725,9,买盘
1430,10:42:21,25.23,247356,98,卖盘
1431,10:42:24,25.23,37848,15,卖盘
1432,10:42:27,25.23,148854,59,卖盘
1433,10:42:30,25.23,58029,23,买盘
1434,10:42:33,25.23,191722,76,买盘
1435,10:42:36,25.23,70639,28,买盘
1436,10:42:39,25.22,93315,37,卖盘
1437,10:42:42,25.22,1354972,538,卖盘
1438,10:42:45,25.23,148821,59,买盘
1439,10:42:48,25.2,141122,56,卖盘
1440,10:42:51,25.19,105811,42,卖盘
1441,10:42:54,25.2,62984,25,买盘
1442,10:42:57,25.22,166200,66,买盘
1443,10:43:00,25.18,90652,36,卖盘
1444,10:43:03,25.18,52878,21,买盘
1445,10:43:06,25.17,128367,51,卖盘
1446,10:43:09,25.18,206464,82,买盘
1447,10:43:12,25.17,156041,62,卖盘
1448,10:43:15,25.17,407620,162,买盘
1449,10:43:18,25.17,611571,243,卖盘
1450,10:43:21,25.19,123381,49,买盘
1451,10:43:24,25.17,17619,7,卖盘
1452,10:43:27,25.2,103236,41,买盘
1453,10:43:30,25.18,98202,39,卖盘
1454,10:43:33,25.18,37782,15,卖盘
1455,10:43:36,25.2,171292,68,买盘
1456,10:43:45,25.22,126004,50,买盘
1457,10:43:48,25.22,83228,33,买盘
1458,10:43:51,25.2,237052,94,卖盘
1459,10:43:54,25.2,478890,190,卖盘
1460,10:43:57,25.26,12630,5,买盘
1461,10:44:00,25.26,22726,9,买盘
1462,10:44:03,25.22,136360,54,卖盘
1463,10:44:06,25.26,15156,6,买盘
1464,10:44:12,25.25,25250,10,中性盘
1465,10:44:15,25.22,133741,53,卖盘
1466,10:44:18,25.26,73229,29,买盘
1467,10:44:21,25.21,10084,4,卖盘
1468,10:44:24,25.23,2523,1,买盘
1469,10:44:30,25.23,58029,23,卖盘
1470,10:44:33,25.22,80704,32,卖盘
1471,10:44:36,25.21,244546,97,卖盘
1472,10:44:39,25.2,32766,13,卖盘
1473,10:44:42,25.2,234364,93,卖盘
1474,10:44:45,25.19,136039,54,卖盘
1475,10:44:48,25.19,45339,18,买盘
1476,10:44:51,25.18,151119,60,卖盘
1477,10:44:54,25.18,130939,52,卖盘
1478,10:44:57,25.19,17633,7,买盘
1479,10:45:00,25.17,2741233,1089,卖盘
1480,10:45:03,25.17,75513,30,卖盘
1481,10:45:06,25.17,161113,64,卖盘
1482,10:45:09,25.19,156078,62,买盘
1483,10:45:12,25.19,7557,3,卖盘
1484,10:45:15,25.19,20152,8,卖盘
1485,10:45:18,25.19,17634,7,卖盘
1486,10:45:21,25.18,27708,11,卖盘
1487,10:45:24,25.18,47847,19,卖盘
1488,10:45:30,25.19,337449,134,买盘
1489,10:45:33,25.18,352527,140,买盘
1490,10:45:36,25.18,73018,29,买盘
1491,10:45:39,25.17,110761,44,卖盘
1492,10:45:42,25.17,208915,83,卖盘
1493,10:45:45,25.17,22659,9,卖盘
1494,10:45:48,25.17,17625,7,卖盘
1495,10:45:51,25.18,327275,130,买盘
1496,10:45:54,25.18,20144,8,买盘
1497,10:45:57,25.18,27698,11,卖盘
1498,10:46:00,25.18,45324,18,卖盘
1499,10:46:03,25.18,83096,33,卖盘
1500,10:46:06,25.18,80576,32,卖盘
1501,10:46:09,25.18,7556,3,卖盘
1502,10:46:12,25.19,98228,39,买盘
1503,10:46:15,25.19,360260,143,卖盘
1504,10:46:18,25.19,17635,7,卖盘
1505,10:46:21,25.21,32760,13,中性盘
1506,10:46:27,25.21,22687,9,中性盘
1507,10:46:30,25.22,78172,31,中性盘
1508,10:46:33,25.22,133666,53,买盘
1509,10:46:36,25.22,65572,26,买盘
1510,10:46:39,25.23,259805,103,买盘
1511,10:46:42,25.22,95836,38,中性盘
1512,10:46:45,25.21,307529,122,卖盘
1513,10:46:48,25.2,12600,5,中性盘
1514,10:46:51,25.19,100815,40,卖盘
1515,10:46:54,25.21,20168,8,买盘
1516,10:46:57,25.18,1176056,467,卖盘
1517,10:47:00,25.18,103238,41,买盘
1518,10:47:03,25.18,42824,17,买盘
1519,10:47:12,25.19,5037,2,买盘
1520,10:47:15,25.18,30223,12,卖盘
1521,10:47:18,25.19,27709,11,买盘
1522,10:47:21,25.18,231724,92,卖盘
1523,10:47:27,25.19,95741,38,卖盘
1524,10:47:30,25.19,5038,2,卖盘
1525,10:47:33,25.19,246953,98,卖盘
1526,10:47:39,25.21,15126,6,买盘
1527,10:47:42,25.2,65544,26,卖盘
1528,10:47:48,25.21,5042,2,买盘
1529,10:47:51,25.2,395643,157,卖盘
1530,10:47:54,25.19,5039,2,卖盘
1531,10:47:57,25.2,12598,5,买盘
1532,10:48:00,25.19,375287,149,卖盘
1533,10:48:03,25.19,231818,92,卖盘
1534,10:48:06,25.2,20154,8,买盘
1535,10:48:09,25.19,130997,52,中性盘
1536,10:48:12,25.19,22667,9,中性盘
1537,10:48:15,25.17,730242,290,卖盘
1538,10:48:18,25.16,2161761,859,卖盘
1539,10:48:21,25.15,294373,117,卖盘
1540,10:48:24,25.16,171048,68,买盘
1541,10:48:27,25.15,769584,306,卖盘
1542,10:48:30,25.14,329406,131,卖盘
1543,10:48:33,25.13,226171,90,卖盘
1544,10:48:36,25.13,123173,49,卖盘
1545,10:48:39,25.18,206209,82,买盘
1546,10:48:42,25.13,20106,8,卖盘
1547,10:48:45,25.15,22632,9,买盘
1548,10:48:48,25.15,32685,13,买盘
1549,10:48:51,25.15,32692,13,卖盘
1550,10:48:54,25.15,17454,7,卖盘
1551,10:48:57,25.18,65420,26,买盘
1552,10:49:00,25.14,110806,44,卖盘
1553,10:49:03,25.15,349585,139,买盘
1554,10:49:06,25.15,95567,38,买盘
1555,10:49:09,25.17,699681,278,买盘
1556,10:49:12,25.15,387887,154,卖盘
1557,10:49:15,25.16,50320,20,卖盘
1558,10:49:18,25.18,25180,10,买盘
1559,10:49:21,25.18,5036,2,中性盘
1560,10:49:24,25.18,5035,2,买盘
1561,10:49:27,25.18,143526,57,买盘
1562,10:49:30,25.18,130936,52,卖盘
1563,10:49:33,25.19,55402,22,买盘
1564,10:49:36,25.19,10076,4,买盘
1565,10:49:39,25.19,5038,2,买盘
1566,10:49:42,25.19,118393,47,卖盘
1567,10:49:45,25.2,47880,19,买盘
1568,10:49:48,25.2,85680,34,卖盘
1569,10:49:51,25.21,55462,22,买盘
1570,10:49:54,25.2,221836,88,卖盘
1571,10:49:57,25.23,27753,11,买盘
1572,10:50:00,25.2,143674,57,卖盘
1573,10:50:03,25.21,166476,66,中性盘
1574,10:50:06,25.15,725099,288,卖盘
1575,10:50:09,25.2,55452,22,买盘
1576,10:50:12,25.14,196122,78,卖盘
1577,10:50:15,25.13,153293,61,卖盘
1578,10:50:18,25.13,382122,152,卖盘
1579,10:50:21,25.13,359371,143,中性盘
1580,10:50:24,25.13,133198,53,中性盘
1581,10:50:27,25.12,648133,258,卖盘
1582,10:50:30,25.12,291406,116,买盘
1583,10:50:33,25.15,1038060,413,买盘
1584,10:50:36,25.19,1824515,725,买盘
1585,10:50:39,25.17,1592539,633,卖盘
1586,10:50:42,25.17,2517,1,卖盘
1587,10:50:45,25.2,274169,109,买盘
1588,10:50:48,25.2,20160,8,卖盘
1589,10:50:51,25.21,80659,32,买盘
1590,10:50:54,25.2,25200,10,卖盘
1591,10:50:57,25.2,110912,44,卖盘
1592,10:51:00,25.21,73095,29,买盘
1593,10:51:03,25.2,108360,43,卖盘
1594,10:51:06,25.2,17640,7,买盘
1595,10:51:12,25.2,50391,20,买盘
1596,10:51:15,25.19,90684,36,卖盘
1597,10:51:18,25.19,108317,43,卖盘
1598,10:51:21,25.2,57950,23,买盘
1599,10:51:24,25.18,201479,80,卖盘
1600,10:51:30,25.18,50360,20,卖盘
1601,10:51:33,25.18,25180,10,买盘
1602,10:51:36,25.18,2518,1,卖盘
1603,10:51:39,25.17,95679,38,卖盘
1604,10:51:45,25.18,624464,248,买盘
1605,10:51:48,25.17,158623,63,卖盘
1606,10:51:51,25.18,47825,19,买盘
1607,10:51:54,25.18,10072,4,中性盘
1608,10:51:57,25.18,7554,3,卖盘
1609,10:52:00,25.18,7554,3,卖盘
1610,10:52:03,25.16,22644,9,卖盘
1611,10:52:06,25.16,12580,5,卖盘
1612,10:52:09,25.24,443503,176,买盘
1613,10:52:12,25.21,10084,4,卖盘
1614,10:52:15,25.26,265001,105,买盘
1615,10:52:21,25.25,154202,61,中性盘
1616,10:52:24,25.23,75730,30,卖盘
1617,10:52:30,25.25,384276,152,中性盘
1618,10:52:33,25.25,128789,51,卖盘
1619,10:52:36,25.27,323212,128,买盘
1620,10:52:39,25.28,482976,191,买盘
1621,10:52:42,25.26,437120,173,卖盘
1622,10:52:45,25.37,60866,24,买盘
1623,10:52:51,25.37,73550,29,买盘
1624,10:52:54,25.37,169969,67,买盘
1625,10:52:57,25.29,88600,35,卖盘
1626,10:53:00,25.28,35399,14,卖盘
1627,10:53:03,25.29,15174,6,买盘
1628,10:53:06,25.28,37920,15,卖盘
1629,10:53:09,25.28,48040,19,中性盘
1630,10:53:12,25.29,182075,72,买盘
1631,10:53:18,25.27,27788,11,买盘
1632,10:53:21,25.26,22734,9,买盘
1633,10:53:24,25.26,60619,24,买盘
1634,10:53:27,25.25,267815,106,卖盘
1635,10:53:30,25.25,80802,32,卖盘
1636,10:53:33,25.26,32838,13,买盘
1637,10:53:36,25.25,32833,13,卖盘
1638,10:53:39,25.25,63125,25,卖盘
1639,10:53:42,25.26,70720,28,买盘
1640,10:53:45,25.26,17682,7,卖盘
1641,10:53:57,25.28,83424,33,买盘
1642,10:54:00,25.28,5056,2,买盘
1643,10:54:03,25.28,53088,21,买盘
1644,10:54:06,25.26,12637,5,卖盘
1645,10:54:09,25.26,5052,2,卖盘
1646,10:54:12,25.26,15156,6,卖盘
1647,10:54:15,25.26,25262,10,卖盘
1648,10:54:18,25.26,55587,22,卖盘
1649,10:54:21,25.26,20210,8,卖盘
1650,10:54:24,25.26,90937,36,卖盘
1651,10:54:27,25.26,338484,134,卖盘
1652,10:54:30,25.27,164239,65,买盘
1653,10:54:33,25.26,161664,64,卖盘
1654,10:54:36,25.26,103576,41,卖盘
1655,10:54:39,25.26,242496,96,卖盘
1656,10:54:42,25.27,50523,20,买盘
1657,10:54:45,25.27,27797,11,卖盘
1658,10:54:48,25.25,469651,186,卖盘
1659,10:54:51,25.25,95950,38,卖盘
1660,10:54:54,25.24,50480,20,卖盘
1661,10:54:57,25.24,2524,1,买盘
1662,10:55:00,25.22,133746,53,卖盘
1663,10:55:03,25.22,10094,4,卖盘
1664,10:55:06,25.21,5042,2,卖盘
1665,10:55:09,25.21,65523,26,卖盘
1666,10:55:12,25.2,70578,28,卖盘
1667,10:55:15,25.2,7560,3,卖盘
1668,10:55:18,25.21,378071,150,买盘
1669,10:55:21,25.22,35298,14,买盘
1670,10:55:24,25.21,32773,13,卖盘
1671,10:55:27,25.21,118527,47,卖盘
1672,10:55:33,25.21,184118,73,卖盘
1673,10:55:36,25.21,166400,66,卖盘
1674,10:55:42,25.22,50440,20,买盘
1675,10:55:45,25.21,204226,81,卖盘
1676,10:55:51,25.21,52941,21,卖盘
1677,10:55:54,25.22,45379,18,买盘
1678,10:55:57,25.21,132840,53,卖盘
1679,10:56:00,25.21,141183,56,卖盘
1680,10:56:03,25.21,45378,18,卖盘
1681,10:56:06,25.2,428786,170,卖盘
1682,10:56:12,25.2,57960,23,卖盘
1683,10:56:15,25.22,73094,29,买盘
1684,10:56:18,25.22,219414,87,卖盘
1685,10:56:21,25.18,705460,280,卖盘
1686,10:56:24,25.23,83259,33,买盘
1687,10:56:27,25.22,2522,1,卖盘
1688,10:56:30,25.23,12615,5,买盘
1689,10:56:33,25.23,100906,40,买盘
1690,10:56:36,25.23,12615,5,卖盘
1691,10:56:39,25.23,15143,6,卖盘
1692,10:56:42,25.23,106020,42,卖盘
1693,10:56:48,25.23,25232,10,卖盘
1694,10:56:51,25.23,141264,56,买盘
1695,10:56:54,25.23,63075,25,买盘
1696,10:56:57,25.23,32799,13,买盘
1697,10:57:00,25.21,100910,40,卖盘
1698,10:57:03,25.23,35320,14,买盘
1699,10:57:06,25.21,25210,10,卖盘
1700,10:57:09,25.21,12605,5,卖盘
1701,10:57:12,25.23,100889,40,买盘
1702,10:57:15,25.22,10088,4,卖盘
1703,10:57:18,25.21,58003,23,卖盘
1704,10:57:21,25.21,78187,31,卖盘
1705,10:57:24,25.22,143749,57,买盘
1706,10:57:27,25.21,25210,10,卖盘
1707,10:57:30,25.2,153771,61,卖盘
1708,10:57:33,25.2,98304,39,卖盘
1709,10:57:36,25.2,83160,33,卖盘
1710,10:57:42,25.19,62975,25,卖盘
1711,10:57:45,25.18,108274,43,卖盘
1712,10:57:48,25.17,158629,63,卖盘
1713,10:57:51,25.17,30209,12,卖盘
1714,10:57:54,25.17,52857,21,卖盘
1715,10:57:57,25.16,342342,136,卖盘
1716,10:58:00,25.15,61189,24,卖盘
1717,10:58:03,25.15,72936,29,卖盘
1718,10:58:06,25.15,108145,43,卖盘
1719,10:58:09,25.15,138271,55,买盘
1720,10:58:12,25.16,100607,40,买盘
1721,10:58:15,25.15,170979,68,卖盘
1722,10:58:18,25.14,274050,109,卖盘
1723,10:58:21,25.14,455152,181,卖盘
1724,10:58:24,25.14,261448,104,卖盘
1725,10:58:27,25.16,600973,239,买盘
1726,10:58:30,25.14,163443,65,卖盘
1727,10:58:33,25.14,321798,128,卖盘
1728,10:58:36,25.14,35196,14,卖盘
1729,10:58:39,25.14,203624,81,卖盘
1730,10:58:42,25.13,60335,24,卖盘
1731,10:58:45,25.13,145864,58,卖盘
1732,10:58:48,25.13,251311,100,卖盘
1733,10:58:51,25.13,341778,136,卖盘
1734,10:58:54,25.12,87920,35,卖盘
1735,10:58:57,25.12,401920,160,卖盘
1736,10:59:00,25.13,575279,229,买盘
1737,10:59:03,25.15,877019,349,买盘
1738,10:59:06,25.16,25160,10,买盘
1739,10:59:09,25.16,67102,27,买盘
1740,10:59:12,25.16,103156,41,买盘
1741,10:59:15,25.18,143400,57,买盘
1742,10:59:18,25.18,110792,44,买盘
1743,10:59:21,25.18,12590,5,买盘
1744,10:59:24,25.18,143526,57,买盘
1745,10:59:27,25.17,148541,59,卖盘
1746,10:59:30,25.17,279443,111,卖盘
1747,10:59:33,25.18,73008,29,买盘
1748,10:59:36,25.16,105685,42,卖盘
1749,10:59:39,25.16,123293,49,买盘
1750,10:59:42,25.17,1310087,521,买盘
1751,10:59:45,25.17,5034,2,卖盘
1752,10:59:48,25.17,2517,1,卖盘
1753,10:59:51,25.18,412860,164,买盘
1754,10:59:54,25.19,261840,104,买盘
1755,10:59:57,25.2,259438,103,买盘
1756,11:00:00,25.21,37809,15,买盘
1757,11:00:03,25.21,320048,127,买盘
1758,11:00:06,25.2,70582,28,卖盘
1759,11:00:09,25.21,27731,11,买盘
1760,11:00:12,25.2,2277194,904,卖盘
1761,11:00:15,25.22,105935,42,中性盘
1762,11:00:18,25.23,37845,15,买盘
1763,11:00:21,25.23,128673,51,买盘
1764,11:00:24,25.24,37855,15,买盘
1765,11:00:27,25.22,300061,119,卖盘
1766,11:00:30,25.21,15126,6,买盘
1767,11:00:33,25.2,166321,66,卖盘
1768,11:00:36,25.19,60459,24,卖盘
1769,11:00:39,25.2,45355,18,买盘
1770,11:00:42,25.2,35281,14,卖盘
1771,11:00:45,25.18,40288,16,卖盘
1772,11:00:48,25.19,7557,3,买盘
1773,11:00:51,25.18,156150,62,卖盘
1774,11:00:54,25.17,2517,1,中性盘
1775,11:00:57,25.18,123374,49,买盘
1776,11:01:00,25.18,37770,15,卖盘
1777,11:01:03,25.18,181277,72,卖盘
1778,11:01:06,25.19,50364,20,买盘
1779,11:01:09,25.18,75550,30,卖盘
1780,11:01:12,25.18,27698,11,卖盘
1781,11:01:15,25.18,193899,77,卖盘
1782,11:01:18,25.19,47861,19,买盘
1783,11:01:21,25.19,12595,5,卖盘
1784,11:01:24,25.19,15114,6,卖盘
1785,11:01:27,25.2,10080,4,买盘
1786,11:01:30,25.19,22675,9,卖盘
1787,11:01:33,25.2,30238,12,买盘
1788,11:01:36,25.19,50380,20,卖盘
1789,11:01:39,25.2,294729,117,买盘
1790,11:01:42,25.19,47874,19,卖盘
1791,11:01:45,25.2,100797,40,买盘
1792,11:01:51,25.2,2520,1,买盘
1793,11:01:54,25.19,138547,55,卖盘
1794,11:01:57,25.19,52899,21,卖盘
1795,11:02:00,25.18,2518,1,卖盘
1796,11:02:03,25.2,403034,160,买盘
1797,11:02:09,25.18,12594,5,卖盘
1798,11:02:15,25.2,25192,10,买盘
1799,11:02:18,25.19,151082,60,买盘
1800,11:02:21,25.25,713671,283,买盘
1801,11:02:27,25.25,42925,17,卖盘
1802,11:02:30,25.25,194483,77,卖盘
1803,11:02:33,25.25,60629,24,卖盘
1804,11:02:36,25.25,17676,7,卖盘
1805,11:02:39,25.26,70728,28,中性盘
1806,11:02:42,25.29,32877,13,买盘
1807,11:02:45,25.26,10104,4,卖盘
1808,11:02:48,25.28,75883,30,中性盘
1809,11:02:51,25.32,68294,27,买盘
1810,11:02:54,25.36,98832,39,买盘
1811,11:02:57,25.31,5062,2,中性盘
1812,11:03:00,25.35,187588,74,买盘
1813,11:03:03,25.36,187566,74,买盘
1814,11:03:06,25.35,22815,9,买盘
1815,11:03:12,25.29,695442,275,卖盘
1816,11:03:18,25.3,2025652,801,买盘
1817,11:03:21,25.3,146737,58,买盘
1818,11:03:24,25.29,101166,40,卖盘
1819,11:03:27,25.3,10120,4,买盘
1820,11:03:30,25.28,483095,191,卖盘
1821,11:03:33,25.3,12648,5,中性盘
1822,11:03:36,25.3,25300,10,买盘
1823,11:03:39,25.27,98554,39,卖盘
1824,11:03:42,25.29,63205,25,买盘
1825,11:03:48,25.29,50570,20,买盘
1826,11:03:51,25.26,2526,1,卖盘
1827,11:03:54,25.27,239976,95,买盘
1828,11:03:57,25.26,111179,44,卖盘
1829,11:04:03,25.26,174230,69,中性盘
1830,11:04:06,25.25,22725,9,卖盘
1831,11:04:09,25.26,63140,25,买盘
1832,11:04:18,25.25,108582,43,卖盘
1833,11:04:21,25.25,58075,23,买盘
1834,11:04:24,25.2,128674,51,卖盘
1835,11:04:27,25.25,15144,6,买盘
1836,11:04:30,25.25,136272,54,买盘
1837,11:04:36,25.27,356045,141,买盘
1838,11:04:39,25.26,35363,14,卖盘
1839,11:04:42,25.26,20208,8,买盘
1840,11:04:45,25.27,2527,1,卖盘
1841,11:04:48,25.27,27797,11,卖盘
1842,11:04:51,25.27,35378,14,买盘
1843,11:04:54,25.27,17685,7,买盘
1844,11:04:57,25.27,126350,50,买盘
1845,11:05:00,25.27,2527,1,卖盘
1846,11:05:03,25.3,470319,186,买盘
1847,11:05:06,25.33,273369,108,买盘
1848,11:05:09,25.31,194930,77,卖盘
1849,11:05:12,25.35,60840,24,买盘
1850,11:05:15,25.32,149442,59,卖盘
1851,11:05:18,25.35,362299,143,买盘
1852,11:05:21,25.36,5072,2,买盘
1853,11:05:24,25.36,22821,9,买盘
1854,11:05:27,25.37,15221,6,买盘
1855,11:05:30,25.36,1026813,405,中性盘
1856,11:05:33,25.33,48179,19,卖盘
1857,11:05:36,25.36,22824,9,买盘
1858,11:05:39,25.36,32947,13,买盘
1859,11:05:42,25.32,108888,43,卖盘
1860,11:05:45,25.34,5068,2,买盘
1861,11:05:48,25.32,5064,2,卖盘
1862,11:05:51,25.32,83594,33,卖盘
1863,11:05:54,25.34,154449,61,买盘
1864,11:05:57,25.34,12670,5,中性盘
1865,11:06:00,25.32,121585,48,卖盘
1866,11:06:03,25.34,60801,24,中性盘
1867,11:06:06,25.35,119075,47,买盘
1868,11:06:09,25.33,93721,37,卖盘
1869,11:06:12,25.32,50640,20,卖盘
1870,11:06:15,25.31,15188,6,卖盘
1871,11:06:21,25.31,53151,21,卖盘
1872,11:06:24,25.31,43033,17,卖盘
1873,11:06:27,25.31,126565,50,卖盘
1874,11:06:30,25.31,25310,10,卖盘
1875,11:06:33,25.31,268279,106,卖盘
1876,11:06:36,25.3,30363,12,卖盘
1877,11:06:39,25.28,217578,86,卖盘
1878,11:06:42,25.3,32890,13,买盘
1879,11:06:48,25.29,35406,14,卖盘
1880,11:06:51,25.3,794450,314,买盘
1881,11:06:54,25.3,199888,79,卖盘
1882,11:06:57,25.31,37957,15,买盘
1883,11:07:00,25.3,194814,77,卖盘
1884,11:07:03,25.3,308660,122,卖盘
1885,11:07:06,25.3,164502,65,卖盘
1886,11:07:09,25.3,88550,35,卖盘
1887,11:07:12,25.3,12650,5,卖盘
1888,11:07:15,25.31,35424,14,买盘
1889,11:07:18,25.3,30360,12,卖盘
1890,11:07:21,25.3,5060,2,卖盘
1891,11:07:24,25.31,204947,81,买盘
1892,11:07:27,25.3,63250,25,卖盘
1893,11:07:30,25.3,111320,44,卖盘
1894,11:07:33,25.3,159390,63,买盘
1895,11:07:36,25.3,45540,18,买盘
1896,11:07:39,25.29,15176,6,卖盘
1897,11:07:42,25.3,42981,17,买盘
1898,11:07:48,25.3,88547,35,买盘
1899,11:07:54,25.27,106197,42,卖盘
1900,11:07:57,25.27,73283,29,卖盘
1901,11:08:00,25.31,412437,163,买盘
1902,11:08:03,25.27,149173,59,卖盘
1903,11:08:06,25.27,2527,1,买盘
1904,11:08:09,25.27,20210,8,买盘
1905,11:08:12,25.3,83466,33,买盘
1906,11:08:18,25.27,50549,20,卖盘
1907,11:08:24,25.27,5054,2,卖盘
1908,11:08:27,25.27,25270,10,卖盘
1909,11:08:33,25.27,32851,13,卖盘
1910,11:08:36,25.26,70736,28,卖盘
1911,11:08:39,25.27,111188,44,买盘
1912,11:08:42,25.27,118732,47,买盘
1913,11:08:45,25.26,308222,122,卖盘
1914,11:08:48,25.26,58100,23,卖盘
1915,11:08:51,25.26,30314,12,卖盘
1916,11:08:54,25.27,35378,14,买盘
1917,11:08:57,25.26,35369,14,卖盘
1918,11:09:00,25.28,93473,37,买盘
1919,11:09:03,25.27,73300,29,卖盘
1920,11:09:06,25.29,32867,13,买盘
1921,11:09:09,25.27,63178,25,卖盘
1922,11:09:12,25.29,113805,45,买盘
1923,11:09:15,25.3,40468,16,买盘
1924,11:09:18,25.3,20240,8,买盘
1925,11:09:21,25.32,349161,138,买盘
1926,11:09:24,25.32,78462,31,买盘
1927,11:09:27,25.32,640571,253,买盘
1928,11:09:30,25.33,225387,89,买盘
1929,11:09:33,25.32,43047,17,卖盘
1930,11:09:36,25.34,81048,32,买盘
1931,11:09:42,25.35,101372,40,买盘
1932,11:09:45,25.35,116547,46,买盘
1933,11:09:48,25.35,324485,128,买盘
1934,11:09:51,25.35,35490,14,卖盘
1935,11:09:54,25.36,103976,41,买盘
1936,11:09:57,25.36,63400,25,买盘
1937,11:10:00,25.36,45648,18,买盘
1938,11:10:03,25.37,261167,103,买盘
1939,11:10:06,25.36,233298,92,买盘
1940,11:10:09,25.29,991868,392,卖盘
1941,11:10:12,25.29,80928,32,买盘
1942,11:10:15,25.33,7599,3,中性盘
1943,11:10:18,25.29,20234,8,卖盘
1944,11:10:21,25.29,15178,6,卖盘
1945,11:10:24,25.3,5060,2,卖盘
1946,11:10:27,25.3,93621,37,卖盘
1947,11:10:30,25.3,30360,12,买盘
1948,11:10:33,25.3,166980,66,买盘
1949,11:10:39,25.3,96158,38,卖盘
1950,11:10:45,25.31,25305,10,买盘
1951,11:10:48,25.3,12650,5,卖盘
1952,11:10:51,25.3,58190,23,卖盘
1953,11:10:54,25.29,343983,136,卖盘
1954,11:10:57,25.31,50618,20,买盘
1955,11:11:00,25.3,12654,5,卖盘
1956,11:11:03,25.31,290945,115,买盘
1957,11:11:09,25.31,108808,43,买盘
1958,11:11:12,25.28,404603,160,卖盘
1959,11:11:15,25.3,2530,1,买盘
1960,11:11:18,25.28,17704,7,卖盘
1961,11:11:24,25.28,7585,3,卖盘
1962,11:11:33,25.31,161959,64,买盘
1963,11:11:36,25.31,63264,25,买盘
1964,11:11:45,25.3,2530,1,卖盘
1965,11:11:48,25.3,93610,37,买盘
1966,11:11:51,25.29,12645,5,卖盘
1967,11:11:54,25.3,20240,8,买盘
1968,11:11:57,25.29,7587,3,卖盘
1969,11:12:00,25.29,12649,5,卖盘
1970,11:12:03,25.29,55638,22,卖盘
1971,11:12:06,25.29,10116,4,卖盘
1972,11:12:09,25.3,55640,22,买盘
1973,11:12:12,25.29,7587,3,卖盘
1974,11:12:15,25.3,20237,8,买盘
1975,11:12:18,25.29,2529,1,卖盘
1976,11:12:21,25.3,126470,50,买盘
1977,11:12:24,25.29,17703,7,卖盘
1978,11:12:27,25.29,93573,37,买盘
1979,11:12:30,25.29,199732,79,买盘
1980,11:12:33,25.28,227550,90,卖盘
1981,11:12:36,25.28,30338,12,卖盘
1982,11:12:39,25.29,63201,25,买盘
1983,11:12:42,25.28,121344,48,卖盘
1984,11:12:45,25.29,85986,34,买盘
1985,11:12:51,25.28,25280,10,卖盘
1986,11:12:54,25.29,53109,21,买盘
1987,11:12:57,25.3,634851,251,买盘
1988,11:13:00,25.31,113887,45,买盘
1989,11:13:03,25.29,126539,50,卖盘
1990,11:13:06,25.3,7590,3,卖盘
1991,11:13:09,25.32,55704,22,买盘
1992,11:13:12,25.31,22779,9,卖盘
1993,11:13:15,25.31,50620,20,买盘
1994,11:13:18,25.31,2531,1,买盘
1995,11:13:21,25.31,55662,22,买盘
1996,11:13:27,25.31,91151,36,卖盘
1997,11:13:30,25.32,81013,32,买盘
1998,11:13:33,25.32,91147,36,买盘
1999,11:13:36,25.33,93654,37,买盘
2000,11:13:39,25.35,159694,63,买盘
2001,11:13:42,25.32,32916,13,卖盘
2002,11:13:45,25.32,53188,21,买盘
2003,11:13:51,25.34,20272,8,买盘
2004,11:13:54,25.34,43068,17,买盘
2005,11:13:57,25.32,70944,28,卖盘
2006,11:14:00,25.35,83628,33,买盘
2007,11:14:03,25.32,58246,23,卖盘
2008,11:14:06,25.32,169675,67,卖盘
2009,11:14:12,25.34,27874,11,买盘
2010,11:14:15,25.34,35476,14,卖盘
2011,11:14:18,25.34,5068,2,卖盘
2012,11:14:21,25.34,91224,36,卖盘
2013,11:14:27,25.34,15201,6,买盘
2014,11:14:30,25.34,116534,46,买盘
2015,11:14:33,25.34,30408,12,卖盘
2016,11:14:36,25.34,253494,100,卖盘
2017,11:14:39,25.34,73503,29,卖盘
2018,11:14:42,25.34,324452,128,卖盘
2019,11:14:45,25.33,20264,8,卖盘
2020,11:14:48,25.34,25336,10,买盘
2021,11:14:51,25.33,7598,3,买盘
2022,11:14:54,25.32,151940,60,卖盘
2023,11:14:57,25.33,22797,9,卖盘
2024,11:15:00,25.32,7598,3,卖盘
2025,11:15:03,25.33,144357,57,买盘
2026,11:15:06,25.32,30384,12,卖盘
2027,11:15:12,25.33,10132,4,买盘
2028,11:15:15,25.32,58236,23,卖盘
2029,11:15:21,25.32,37974,15,买盘
2030,11:15:24,25.31,17717,7,卖盘
2031,11:15:27,25.31,32903,13,卖盘
2032,11:15:33,25.3,58195,23,卖盘
2033,11:15:36,25.31,50613,20,买盘
2034,11:15:39,25.31,68347,27,卖盘
2035,11:15:48,25.3,50604,20,卖盘
2036,11:15:51,25.3,194813,77,卖盘
2037,11:15:54,25.3,32890,13,买盘
2038,11:15:57,25.29,91044,36,卖盘
2039,11:16:00,25.3,495984,196,买盘
2040,11:16:03,25.29,30348,12,卖盘
2041,11:16:06,25.29,55638,22,卖盘
2042,11:16:09,25.29,12645,5,买盘
2043,11:16:15,25.28,5056,2,卖盘
2044,11:16:18,25.3,174543,69,买盘
2045,11:16:24,25.29,199821,79,卖盘
2046,11:16:27,25.29,32883,13,卖盘
2047,11:16:30,25.31,10124,4,买盘
2048,11:16:33,25.31,30368,12,买盘
2049,11:16:36,25.31,7593,3,中性盘
2050,11:16:39,25.29,25293,10,卖盘
2051,11:16:48,25.32,12660,5,买盘
2052,11:16:51,25.3,5060,2,卖盘
2053,11:16:54,25.3,12650,5,买盘
2054,11:17:00,25.29,106259,42,卖盘
2055,11:17:03,25.29,65754,26,卖盘
2056,11:17:06,25.29,50580,20,卖盘
2057,11:17:09,25.29,10116,4,卖盘
2058,11:17:12,25.29,5058,2,卖盘
2059,11:17:15,25.29,88515,35,卖盘
2060,11:17:18,25.3,96140,38,买盘
2061,11:17:21,25.29,68307,27,卖盘
2062,11:17:24,25.29,113805,45,卖盘
2063,11:17:27,25.3,15180,6,中性盘
2064,11:17:30,25.29,2529,1,卖盘
2065,11:17:33,25.32,129119,51,买盘
2066,11:17:36,25.29,12645,5,卖盘
2067,11:17:39,25.3,2530,1,中性盘
2068,11:17:48,25.32,192432,76,买盘
2069,11:17:51,25.32,15192,6,买盘
2070,11:17:54,25.32,32916,13,卖盘
2071,11:17:57,25.32,5064,2,买盘
2072,11:18:00,25.32,2532,1,卖盘
2073,11:18:03,25.32,60768,24,卖盘
2074,11:18:06,25.32,250762,99,卖盘
2075,11:18:09,25.33,240625,95,买盘
2076,11:18:12,25.32,75983,30,卖盘
2077,11:18:15,25.34,20272,8,买盘
2078,11:18:21,25.34,53212,21,买盘
2079,11:18:24,25.34,210219,83,买盘
2080,11:18:27,25.33,2533,1,中性盘
2081,11:18:30,25.34,35474,14,买盘
2082,11:18:33,25.33,119058,47,卖盘
2083,11:18:36,25.33,7599,3,买盘
2084,11:18:39,25.33,179898,71,买盘
2085,11:18:42,25.33,27863,11,卖盘
2086,11:18:45,25.33,98785,39,买盘
2087,11:18:48,25.32,151938,60,卖盘
2088,11:18:54,25.32,22788,9,买盘
2089,11:18:57,25.32,10128,4,卖盘
2090,11:19:00,25.32,70903,28,卖盘
2091,11:19:03,25.31,118971,47,卖盘
2092,11:19:06,25.31,7593,3,卖盘
2093,11:19:09,25.29,571881,226,卖盘
2094,11:19:12,25.25,538574,213,卖盘
2095,11:19:18,25.3,467919,185,买盘
2096,11:19:21,25.3,78430,31,卖盘
2097,11:19:24,25.3,414920,164,卖盘
2098,11:19:27,25.25,50525,20,卖盘
2099,11:19:30,25.3,2530,1,中性盘
2100,11:19:36,25.3,5060,2,买盘
2101,11:19:39,25.29,65758,26,卖盘
2102,11:19:42,25.3,10120,4,买盘
2103,11:19:48,25.29,40476,16,卖盘
2104,11:19:51,25.3,2530,1,买盘
2105,11:19:54,25.29,25290,10,卖盘
2106,11:19:57,25.29,91048,36,卖盘
2107,11:20:00,25.3,50595,20,买盘
2108,11:20:03,25.3,20236,8,买盘
2109,11:20:06,25.28,101137,40,卖盘
2110,11:20:12,25.28,32873,13,卖盘
2111,11:20:18,25.27,25270,10,卖盘
2112,11:20:21,25.27,2527,1,卖盘
2113,11:20:24,25.28,510084,202,买盘
2114,11:20:30,25.26,159139,63,卖盘
2115,11:20:33,25.26,35364,14,卖盘
2116,11:20:36,25.26,10104,4,卖盘
2117,11:20:42,25.26,60624,24,卖盘
2118,11:20:45,25.26,25260,10,买盘
2119,11:20:48,25.25,32827,13,卖盘
2120,11:20:51,25.24,98497,39,卖盘
2121,11:20:54,25.26,217226,86,买盘
2122,11:20:57,25.27,58121,23,买盘
2123,11:21:00,25.26,166780,66,卖盘
2124,11:21:03,25.25,68181,27,卖盘
2125,11:21:06,25.27,12635,5,买盘
2126,11:21:09,25.27,22739,9,买盘
2127,11:21:12,25.25,214649,85,卖盘
2128,11:21:18,25.27,2527,1,卖盘
2129,11:21:21,25.27,20215,8,买盘
2130,11:21:24,25.26,15156,6,卖盘
2131,11:21:27,25.26,2526,1,卖盘
2132,11:21:30,25.27,2527,1,买盘
2133,11:21:33,25.26,15156,6,卖盘
2134,11:21:36,25.26,7578,3,买盘
2135,11:21:39,25.26,30310,12,买盘
2136,11:21:42,25.27,121286,48,买盘
2137,11:21:45,25.27,12635,5,卖盘
2138,11:21:51,25.25,98515,39,卖盘
2139,11:21:57,25.25,85894,34,卖盘
2140,11:22:00,25.25,2525,1,卖盘
2141,11:22:03,25.25,75750,30,卖盘
2142,11:22:09,25.25,42925,17,卖盘
2143,11:22:12,25.26,63145,25,买盘
2144,11:22:15,25.25,111104,44,卖盘
2145,11:22:18,25.26,1119442,444,中性盘
2146,11:22:21,25.26,30314,12,卖盘
2147,11:22:24,25.26,30312,12,卖盘
2148,11:22:27,25.26,47994,19,卖盘
2149,11:22:30,25.27,257767,102,买盘
2150,11:22:33,25.28,5056,2,买盘
2151,11:22:36,25.28,2528,1,买盘
2152,11:22:42,25.27,75810,30,卖盘
2153,11:22:45,25.28,32854,13,买盘
2154,11:22:48,25.28,7583,3,买盘
2155,11:22:51,25.27,45486,18,卖盘
2156,11:22:54,25.28,37910,15,买盘
2157,11:22:57,25.27,2527,1,中性盘
2158,11:23:00,25.26,20215,8,卖盘
2159,11:23:03,25.26,37894,15,卖盘
2160,11:23:06,25.27,80886,32,卖盘
2161,11:23:09,25.27,83391,33,卖盘
2162,11:23:12,25.28,42960,17,买盘
2163,11:23:15,25.27,55594,22,卖盘
2164,11:23:21,25.27,126350,50,卖盘
2165,11:23:24,25.27,5054,2,卖盘
2166,11:23:36,25.28,204677,81,买盘
2167,11:23:39,25.28,60671,24,买盘
2168,11:23:42,25.29,829626,328,买盘
2169,11:23:45,25.3,40480,16,卖盘
2170,11:23:48,25.3,17710,7,买盘
2171,11:23:57,25.3,5060,2,买盘
2172,11:24:00,25.29,63229,25,卖盘
2173,11:24:03,25.28,131491,52,卖盘
2174,11:24:12,25.28,93536,37,卖盘
2175,11:24:15,25.28,10115,4,卖盘
2176,11:24:18,25.27,730510,289,卖盘
2177,11:24:21,25.26,5052,2,卖盘
2178,11:24:27,25.26,70732,28,卖盘
2179,11:24:30,25.26,10106,4,卖盘
2180,11:24:33,25.26,17682,7,卖盘
2181,11:24:36,25.26,7578,3,买盘
2182,11:24:39,25.26,131352,52,买盘
2183,11:24:42,25.25,30300,12,卖盘
2184,11:24:45,25.25,15150,6,卖盘
2185,11:24:48,25.25,93425,37,买盘
2186,11:24:54,25.24,133799,53,卖盘
2187,11:24:57,25.25,171634,68,买盘
2188,11:25:00,25.24,143867,57,卖盘
2189,11:25:03,25.23,171597,68,卖盘
2190,11:25:06,25.25,40399,16,买盘
2191,11:25:09,25.24,25240,10,卖盘
2192,11:25:15,25.25,52993,21,买盘
2193,11:25:21,25.24,7572,3,买盘
2194,11:25:24,25.24,93353,37,买盘
2195,11:25:30,25.23,10092,4,卖盘
2196,11:25:33,25.23,12615,5,卖盘
2197,11:25:39,25.23,171590,68,卖盘
2198,11:25:42,25.23,37845,15,卖盘
2199,11:25:45,25.23,20184,8,卖盘
2200,11:25:48,25.24,10094,4,买盘
2201,11:25:51,25.23,121104,48,卖盘
2202,11:25:54,25.24,2524,1,买盘
2203,11:25:57,25.24,30288,12,买盘
2204,11:26:00,25.23,252301,100,卖盘
2205,11:26:03,25.23,75690,30,卖盘
2206,11:26:06,25.23,156426,62,卖盘
2207,11:26:09,25.23,174087,69,卖盘
2208,11:26:15,25.23,22707,9,买盘
2209,11:26:18,25.21,27733,11,卖盘
2210,11:26:21,25.21,146218,58,卖盘
2211,11:26:24,25.21,20168,8,卖盘
2212,11:26:27,25.21,37819,15,卖盘
2213,11:26:30,25.22,123534,49,中性盘
2214,11:26:33,25.21,90756,36,卖盘
2215,11:26:36,25.23,740976,294,买盘
2216,11:26:39,25.21,10084,4,中性盘
2217,11:26:42,25.2,552338,219,卖盘
2218,11:26:45,25.2,12602,5,卖盘
2219,11:26:48,25.2,5041,2,卖盘
2220,11:26:51,25.21,12601,5,买盘
2221,11:26:54,25.2,60480,24,卖盘
2222,11:26:57,25.21,297479,118,买盘
2223,11:27:00,25.22,5044,2,中性盘
2224,11:27:03,25.2,216806,86,卖盘
2225,11:27:06,25.22,47918,19,卖盘
2226,11:27:12,25.22,25220,10,买盘
2227,11:27:15,25.21,5043,2,卖盘
2228,11:27:18,25.22,315243,125,买盘
2229,11:27:21,25.22,42874,17,买盘
2230,11:27:24,25.22,47918,19,卖盘
2231,11:27:27,25.23,12614,5,买盘
2232,11:27:30,25.22,110968,44,卖盘
2233,11:27:36,25.22,50440,20,卖盘
2234,11:27:39,25.22,17654,7,卖盘
2235,11:27:42,25.22,2522,1,卖盘
2236,11:27:45,25.22,385923,153,卖盘
2237,11:27:48,25.22,32786,13,买盘
2238,11:27:51,25.23,7569,3,买盘
2239,11:27:54,25.22,20181,8,卖盘
2240,11:27:57,25.22,30264,12,卖盘
2241,11:28:00,25.22,37830,15,买盘
2242,11:28:03,25.22,47910,19,买盘
2243,11:28:06,25.22,118534,47,买盘
2244,11:28:09,25.22,12610,5,买盘
2245,11:28:12,25.22,95816,38,买盘
2246,11:28:18,25.22,60538,24,卖盘
2247,11:28:21,25.22,37830,15,卖盘
2248,11:28:24,25.22,191672,76,买盘
2249,11:28:27,25.22,5044,2,卖盘
2250,11:28:33,25.22,52962,21,卖盘
2251,11:28:36,25.22,5044,2,卖盘
2252,11:28:39,25.21,229471,91,卖盘
2253,11:28:42,25.22,50440,20,买盘
2254,11:28:45,25.22,40339,16,买盘
2255,11:28:51,25.22,12610,5,买盘
2256,11:28:54,25.22,68086,27,买盘
2257,11:29:00,25.22,58005,23,买盘
2258,11:29:03,25.21,259716,103,卖盘
2259,11:29:06,25.23,15138,6,买盘
2260,11:29:09,25.21,15126,6,卖盘
2261,11:29:12,25.21,17651,7,卖盘
2262,11:29:18,25.23,25230,10,买盘
2263,11:29:21,25.21,17647,7,卖盘
2264,11:29:24,25.21,75630,30,卖盘
2265,11:29:27,25.23,151340,60,买盘
2266,11:29:30,25.23,2523,1,买盘
2267,11:29:33,25.23,123579,49,买盘
2268,11:29:36,25.23,40366,16,买盘
2269,11:29:39,25.23,10092,4,卖盘
2270,11:29:42,25.23,257349,102,卖盘
2271,11:29:45,25.23,20184,8,买盘
2272,11:29:48,25.23,2523,1,买盘
2273,11:29:51,25.22,65580,26,卖盘
2274,11:29:54,25.23,143781,57,买盘
2275,11:29:57,25.23,169041,67,买盘
2276,11:30:00,25.23,15138,6,卖盘
2277,13:00:00,25.24,815141,323,买盘
2278,13:00:03,25.23,471945,187,卖盘
2279,13:00:06,25.22,174029,69,卖盘
2280,13:00:09,25.22,45396,18,卖盘
2281,13:00:12,25.22,17654,7,卖盘
2282,13:00:15,25.24,47941,19,买盘
2283,13:00:18,25.24,2524,1,卖盘
2284,13:00:21,25.33,1105060,437,买盘
2285,13:00:24,25.32,98746,39,卖盘
2286,13:00:27,25.32,336764,133,买盘
2287,13:00:30,25.33,124078,49,买盘
2288,13:00:33,25.32,172168,68,卖盘
2289,13:00:36,25.31,30372,12,卖盘
2290,13:00:39,25.3,880794,348,卖盘
2291,13:00:42,25.32,37956,15,中性盘
2292,13:00:45,25.33,5066,2,买盘
2293,13:00:48,25.32,149440,59,卖盘
2294,13:00:51,25.32,43044,17,买盘
2295,13:00:54,25.32,12662,5,中性盘
2296,13:00:57,25.32,207643,82,卖盘
2297,13:01:00,25.31,243097,96,卖盘
2298,13:01:03,25.31,2531,1,卖盘
2299,13:01:06,25.32,131665,52,买盘
2300,13:01:09,25.31,86086,34,卖盘
2301,13:01:12,25.35,212776,84,买盘
2302,13:01:15,25.35,218010,86,买盘
2303,13:01:18,25.35,205305,81,买盘
2304,13:01:21,25.35,86214,34,中性盘
2305,13:01:24,25.34,55748,22,卖盘
2306,13:01:27,25.33,270722,107,卖盘
2307,13:01:30,25.28,63214,25,卖盘
2308,13:01:33,25.27,27807,11,卖盘
2309,13:01:36,25.27,32851,13,卖盘
2310,13:01:39,25.2,406258,161,卖盘
2311,13:01:45,25.25,32828,13,卖盘
2312,13:01:48,25.28,131450,52,买盘
2313,13:01:51,25.27,267922,106,中性盘
2314,13:01:57,25.2,832298,330,卖盘
2315,13:02:00,25.22,58010,23,卖盘
2316,13:02:03,25.19,441070,175,卖盘
2317,13:02:06,25.19,40308,16,卖盘
2318,13:02:09,25.22,42866,17,买盘
2319,13:02:12,25.22,179034,71,买盘
2320,13:02:15,25.22,10088,4,买盘
2321,13:02:18,25.23,179065,71,买盘
2322,13:02:24,25.23,7569,3,卖盘
2323,13:02:27,25.2,650657,258,卖盘
2324,13:02:30,25.2,186829,74,中性盘
2325,13:02:33,25.19,100840,40,卖盘
2326,13:02:36,25.23,75678,30,中性盘
2327,13:02:39,25.23,12615,5,买盘
2328,13:02:42,25.24,249816,99,买盘
2329,13:02:45,25.22,320418,127,卖盘
2330,13:02:48,25.23,229483,91,中性盘
2331,13:02:51,25.22,45401,18,卖盘
2332,13:02:54,25.22,7566,3,卖盘
2333,13:03:00,25.2,473957,188,卖盘
2334,13:03:03,25.2,501497,199,中性盘
2335,13:03:06,25.23,50433,20,买盘
2336,13:03:09,25.24,25240,10,买盘
2337,13:03:15,25.24,7570,3,买盘
2338,13:03:18,25.21,186951,74,卖盘
2339,13:03:21,25.21,93279,37,卖盘
2340,13:03:24,25.21,22697,9,卖盘
2341,13:03:27,25.23,5044,2,买盘
2342,13:03:30,25.21,47906,19,卖盘
2343,13:03:33,25.21,5042,2,卖盘
2344,13:03:36,25.22,10088,4,中性盘
2345,13:03:39,25.22,403301,160,买盘
2346,13:03:42,25.23,83227,33,买盘
2347,13:03:45,25.23,10092,4,卖盘
2348,13:03:51,25.23,45428,18,卖盘
2349,13:03:54,25.24,2524,1,中性盘
2350,13:03:57,25.23,32800,13,卖盘
2351,13:04:00,25.23,5049,2,卖盘
2352,13:04:03,25.23,158954,63,卖盘
2353,13:04:06,25.24,100999,40,中性盘
2354,13:04:09,25.26,93454,37,买盘
2355,13:04:12,25.23,179303,71,卖盘
2356,13:04:15,25.27,70740,28,买盘
2357,13:04:18,25.26,83358,33,卖盘
2358,13:04:24,25.26,164175,65,买盘
2359,13:04:27,25.26,121236,48,买盘
2360,13:04:33,25.26,58098,23,卖盘
2361,13:04:39,25.27,116242,46,买盘
2362,13:04:45,25.28,10112,4,买盘
2363,13:04:48,25.28,22752,9,买盘
2364,13:04:51,25.27,164294,65,卖盘
2365,13:04:54,25.27,32856,13,买盘
2366,13:04:57,25.28,15166,6,买盘
2367,13:05:00,25.26,98564,39,卖盘
2368,13:05:03,25.25,103532,41,卖盘
2369,13:05:06,25.25,73234,29,卖盘
2370,13:05:09,25.26,50528,20,中性盘
2371,13:05:12,25.28,985881,390,买盘
2372,13:05:15,25.25,40402,16,卖盘
2373,13:05:18,25.27,349034,138,买盘
2374,13:05:21,25.27,10108,4,卖盘
2375,13:05:24,25.29,25279,10,买盘
2376,13:05:27,25.27,55601,22,卖盘
2377,13:05:33,25.27,20218,8,卖盘
2378,13:05:36,25.27,111190,44,卖盘
2379,13:05:42,25.27,106134,42,买盘
2380,13:05:45,25.26,27796,11,卖盘
2381,13:05:48,25.29,202255,80,买盘
2382,13:05:54,25.29,17703,7,买盘
2383,13:05:57,25.27,5054,2,卖盘
2384,13:06:00,25.27,83455,33,卖盘
2385,13:06:03,25.27,65692,26,卖盘
2386,13:06:09,25.29,103683,41,买盘
2387,13:06:12,25.27,27797,11,卖盘
2388,13:06:18,25.28,83411,33,买盘
2389,13:06:21,25.28,22747,9,买盘
2390,13:06:24,25.28,17696,7,卖盘
2391,13:06:27,25.29,22757,9,买盘
2392,13:06:30,25.27,133931,53,卖盘
2393,13:06:33,25.29,22761,9,买盘
2394,13:06:36,25.27,260289,103,卖盘
2395,13:06:39,25.27,55594,22,卖盘
2396,13:06:42,25.29,22753,9,买盘
2397,13:06:45,25.28,5055,2,买盘
2398,13:06:48,25.26,48001,19,卖盘
2399,13:06:51,25.26,2526,1,卖盘
2400,13:06:54,25.29,78365,31,买盘
2401,13:07:00,25.26,88449,35,卖盘
2402,13:07:03,25.25,240048,95,卖盘
2403,13:07:09,25.28,68205,27,买盘
2404,13:07:12,25.27,2527,1,买盘
2405,13:07:15,25.26,5052,2,卖盘
2406,13:07:18,25.27,2527,1,买盘
2407,13:07:21,25.26,2526,1,卖盘
2408,13:07:24,25.26,204606,81,卖盘
2409,13:07:27,25.26,277754,110,中性盘
2410,13:07:30,25.27,103584,41,买盘
2411,13:07:33,25.24,143880,57,卖盘
2412,13:07:36,25.25,106041,42,买盘
2413,13:07:39,25.24,53020,21,卖盘
2414,13:07:42,25.24,244798,97,卖盘
2415,13:07:45,25.23,10092,4,卖盘
2416,13:07:48,25.23,58029,23,卖盘
2417,13:07:51,25.22,5044,2,卖盘
2418,13:07:54,25.21,315140,125,卖盘
2419,13:07:57,25.21,244477,97,买盘
2420,13:08:00,25.2,75601,30,卖盘
2421,13:08:03,25.2,224280,89,卖盘
2422,13:08:06,25.19,50392,20,卖盘
2423,13:08:09,25.18,299744,119,卖盘
2424,13:08:12,25.2,17636,7,买盘
2425,13:08:15,25.21,458763,182,买盘
2426,13:08:18,25.21,63028,25,卖盘
2427,13:08:21,25.21,20168,8,卖盘
2428,13:08:24,25.21,45378,18,卖盘
2429,13:08:27,25.21,50420,20,卖盘
2430,13:08:30,25.21,12605,5,卖盘
2431,13:08:33,25.21,70598,28,卖盘
2432,13:08:36,25.21,45378,18,卖盘
2433,13:08:39,25.22,10087,4,买盘
2434,13:08:42,25.21,93278,37,卖盘
2435,13:08:45,25.21,2521,1,买盘
2436,13:08:48,25.21,7563,3,买盘
2437,13:08:51,25.21,25210,10,买盘
2438,13:08:54,25.21,25210,10,卖盘
2439,13:08:57,25.2,10082,4,卖盘
2440,13:09:00,25.21,168897,67,买盘
2441,13:09:03,25.2,57960,23,卖盘
2442,13:09:06,25.2,151200,60,卖盘
2443,13:09:09,25.2,73080,29,买盘
2444,13:09:12,25.21,5042,2,卖盘
2445,13:09:15,25.21,12605,5,卖盘
2446,13:09:18,25.21,37815,15,卖盘
2447,13:09:21,25.21,7563,3,卖盘
2448,13:09:24,25.2,73097,29,卖盘
2449,13:09:30,25.2,98288,39,卖盘
2450,13:09:33,25.21,65522,26,买盘
2451,13:09:36,25.21,83193,33,买盘
2452,13:09:39,25.2,441025,175,卖盘
2453,13:09:42,25.21,5042,2,买盘
2454,13:09:48,25.21,2521,1,买盘
2455,13:09:51,25.21,252100,100,卖盘
2456,13:09:54,25.22,337941,134,买盘
2457,13:09:57,25.21,226939,90,卖盘
2458,13:10:00,25.22,2522,1,中性盘
2459,13:10:03,25.22,320247,127,卖盘
2460,13:10:06,25.22,40352,16,卖盘
2461,13:10:09,25.24,93396,37,中性盘
2462,13:10:12,25.22,25220,10,卖盘
2463,13:10:15,25.25,688333,273,买盘
2464,13:10:21,25.22,50440,20,卖盘
2465,13:10:24,25.24,65623,26,买盘
2466,13:10:27,25.22,22698,9,卖盘
2467,13:10:30,25.24,37854,15,买盘
2468,13:10:33,25.23,20178,8,买盘
2469,13:10:36,25.23,103453,41,卖盘
2470,13:10:39,25.24,126199,50,买盘
2471,13:10:42,25.23,441529,175,卖盘
2472,13:10:45,25.25,30300,12,买盘
2473,13:10:48,25.26,186912,74,买盘
2474,13:10:51,25.27,30319,12,买盘
2475,13:10:57,25.25,512791,203,卖盘
2476,13:11:00,25.25,416592,165,卖盘
2477,13:11:03,25.21,239599,95,卖盘
2478,13:11:06,25.23,93389,37,中性盘
2479,13:11:12,25.22,27742,11,卖盘
2480,13:11:15,25.21,65557,26,卖盘
2481,13:11:18,25.21,78151,31,卖盘
2482,13:11:21,25.21,70638,28,卖盘
2483,13:11:24,25.2,3484065,1383,卖盘
2484,13:11:27,25.18,65488,26,卖盘
2485,13:11:30,25.17,727383,289,卖盘
2486,13:11:33,25.17,297006,118,买盘
2487,13:11:36,25.18,317166,126,买盘
2488,13:11:39,25.16,140951,56,卖盘
2489,13:11:42,25.17,68025,27,买盘
2490,13:11:45,25.17,1502364,597,卖盘
2491,13:11:48,25.17,80541,32,买盘
2492,13:11:51,25.15,274135,109,卖盘
2493,13:11:54,25.14,218723,87,卖盘
2494,13:11:57,25.14,35188,14,买盘
2495,13:12:00,25.14,138251,55,买盘
2496,13:12:03,25.12,904423,360,卖盘
2497,13:12:06,25.14,47758,19,买盘
2498,13:12:09,25.14,125628,50,买盘
2499,13:12:12,25.13,25130,10,卖盘
2500,13:12:15,25.13,108069,43,卖盘
2501,13:12:18,25.14,40218,16,买盘
2502,13:12:21,25.13,339335,135,卖盘
2503,13:12:24,25.13,47754,19,卖盘
2504,13:12:27,25.14,241279,96,买盘
2505,13:12:30,25.14,100548,40,买盘
2506,13:12:33,25.14,60336,24,买盘
2507,13:12:36,25.13,306618,122,卖盘
2508,13:12:39,25.14,339165,135,买盘
2509,13:12:42,25.15,1632057,649,买盘
2510,13:12:45,25.16,55364,22,中性盘
2511,13:12:48,25.15,893167,355,卖盘
2512,13:12:51,25.17,88042,35,买盘
2513,13:12:54,25.15,27664,11,中性盘
2514,13:12:57,25.14,550591,219,卖盘
2515,13:13:00,25.16,1593450,633,买盘
2516,13:13:03,25.14,47768,19,卖盘
2517,13:13:06,25.2,30230,12,买盘
2518,13:13:09,25.15,15115,6,卖盘
2519,13:13:12,25.16,10064,4,中性盘
2520,13:13:18,25.16,55352,22,卖盘
2521,13:13:24,25.2,12600,5,买盘
2522,13:13:27,25.17,25177,10,卖盘
2523,13:13:30,25.2,62983,25,买盘
2524,13:13:39,25.17,2517,1,卖盘
2525,13:13:42,25.17,12585,5,卖盘
2526,13:13:45,25.15,752145,299,卖盘
2527,13:13:48,25.17,155981,62,中性盘
2528,13:13:51,25.18,52840,21,买盘
2529,13:13:54,25.16,133397,53,卖盘
2530,13:13:57,25.16,2516,1,卖盘
2531,13:14:00,25.16,274237,109,卖盘
2532,13:14:03,25.16,150884,60,卖盘
2533,13:14:06,25.16,20128,8,买盘
2534,13:14:09,25.13,394662,157,卖盘
2535,13:14:12,25.17,314569,125,买盘
2536,13:14:15,25.17,85572,34,买盘
2537,13:14:18,25.11,2120670,844,卖盘
2538,13:14:21,25.14,2514,1,卖盘
2539,13:14:24,25.13,47760,19,卖盘
2540,13:14:27,25.14,10056,4,中性盘
2541,13:14:30,25.14,738574,294,买盘
2542,13:14:33,25.14,55304,22,卖盘
2543,13:14:36,25.14,72922,29,卖盘
2544,13:14:42,25.14,115662,46,卖盘
2545,13:14:45,25.15,487726,194,买盘
2546,13:14:48,25.14,178560,71,卖盘
2547,13:14:51,25.14,123192,49,卖盘
2548,13:14:54,25.16,7548,3,买盘
2549,13:14:57,25.16,5031,2,买盘
2550,13:15:00,25.15,332093,132,卖盘
2551,13:15:03,25.15,422537,168,卖盘
2552,13:15:06,25.15,5030,2,卖盘
2553,13:15:09,25.16,2516,1,中性盘
2554,13:15:12,25.19,83045,33,买盘
2555,13:15:15,25.17,30204,12,卖盘
2556,13:15:18,25.18,7554,3,买盘
2557,13:15:21,25.16,42780,17,卖盘
2558,13:15:24,25.17,95677,38,卖盘
2559,13:15:27,25.18,12590,5,中性盘
2560,13:15:30,25.18,65459,26,卖盘
2561,13:15:33,25.18,216548,86,卖盘
2562,13:15:36,25.18,219066,87,买盘
2563,13:15:39,25.18,57916,23,卖盘
2564,13:15:42,25.2,939752,373,买盘
2565,13:15:45,25.2,120914,48,中性盘
2566,13:15:48,25.23,10086,4,买盘
2567,13:15:51,25.22,315003,125,买盘
2568,13:15:54,25.23,83266,33,买盘
2569,13:15:57,25.23,55506,22,卖盘
2570,13:16:00,25.23,156475,62,买盘
2571,13:16:03,25.23,171564,68,卖盘
2572,13:16:06,25.23,25239,10,卖盘
2573,13:16:09,25.19,542138,215,卖盘
2574,13:16:12,25.2,22680,9,中性盘
2575,13:16:18,25.19,128526,51,卖盘
2576,13:16:21,25.2,7560,3,买盘
2577,13:16:24,25.2,229230,91,买盘
2578,13:16:27,25.2,413088,164,买盘
2579,13:16:30,25.2,75600,30,买盘
2580,13:16:33,25.19,80581,32,买盘
2581,13:16:36,25.18,163737,65,卖盘
2582,13:16:39,25.18,375214,149,卖盘
2583,13:16:42,25.18,20144,8,卖盘
2584,13:16:45,25.18,12590,5,买盘
2585,13:16:48,25.18,22655,9,买盘
2586,13:16:51,25.17,12585,5,卖盘
2587,13:16:54,25.18,7554,3,买盘
2588,13:16:57,25.17,37755,15,卖盘
2589,13:17:00,25.17,98179,39,卖盘
2590,13:17:03,25.17,80557,32,卖盘
2591,13:17:06,25.17,15102,6,卖盘
2592,13:17:09,25.17,70496,28,卖盘
2593,13:17:12,25.17,7551,3,卖盘
2594,13:17:15,25.17,17620,7,卖盘
2595,13:17:24,25.19,45337,18,买盘
2596,13:17:27,25.17,108284,43,卖盘
2597,13:17:39,25.18,27698,11,卖盘
2598,13:17:42,25.18,20144,8,卖盘
2599,13:17:48,25.19,12592,5,买盘
2600,13:17:51,25.19,73051,29,卖盘
2601,13:17:54,25.2,45346,18,买盘
2602,13:17:57,25.2,20160,8,买盘
2603,13:18:00,25.2,221791,88,买盘
2604,13:18:03,25.2,90739,36,卖盘
2605,13:18:06,25.2,10083,4,卖盘
2606,13:18:09,25.2,10080,4,卖盘
2607,13:18:12,25.2,231840,92,卖盘
2608,13:18:15,25.19,25190,10,卖盘
2609,13:18:18,25.19,350159,139,卖盘
2610,13:18:21,25.19,128469,51,卖盘
2611,13:18:24,25.2,20157,8,买盘
2612,13:18:27,25.19,143583,57,卖盘
2613,13:18:30,25.19,20152,8,买盘
2614,13:18:33,25.18,299642,119,卖盘
2615,13:18:36,25.17,20137,8,卖盘
2616,13:18:39,25.17,284421,113,卖盘
2617,13:18:42,25.17,15107,6,卖盘
2618,13:18:45,25.17,27687,11,卖盘
2619,13:18:48,25.16,35236,14,卖盘
2620,13:18:51,25.16,7550,3,卖盘
2621,13:18:54,25.16,45288,18,卖盘
2622,13:18:57,25.17,138402,55,买盘
2623,13:19:00,25.16,140896,56,卖盘
2624,13:19:03,25.16,198764,79,卖盘
2625,13:19:06,25.16,93092,37,卖盘
2626,13:19:09,25.16,83001,33,买盘
2627,13:19:12,25.16,32703,13,买盘
2628,13:19:15,25.15,60372,24,卖盘
2629,13:19:18,25.13,1144055,455,卖盘
2630,13:19:24,25.14,171011,68,中性盘
2631,13:19:27,25.15,67883,27,买盘
2632,13:19:30,25.15,155896,62,买盘
2633,13:19:33,25.15,55330,22,卖盘
2634,13:19:36,25.14,103108,41,卖盘
2635,13:19:39,25.14,10058,4,卖盘
2636,13:19:42,25.14,188550,75,卖盘
2637,13:19:45,25.13,2513,1,卖盘
2638,13:19:48,25.13,85443,34,卖盘
2639,13:19:51,25.13,82931,33,卖盘
2640,13:19:54,25.13,188479,75,卖盘
2641,13:19:57,25.13,30162,12,卖盘
2642,13:20:00,25.13,165865,66,卖盘
2643,13:20:03,25.12,560413,223,卖盘
2644,13:20:06,25.13,40206,16,买盘
2645,13:20:09,25.13,258741,103,买盘
2646,13:20:12,25.13,286377,114,买盘
2647,13:20:15,25.17,1815644,722,买盘
2648,13:20:18,25.18,67970,27,买盘
2649,13:20:21,25.17,22657,9,卖盘
2650,13:20:24,25.18,173676,69,买盘
2651,13:20:27,25.17,30204,12,卖盘
2652,13:20:30,25.18,55382,22,买盘
2653,13:20:33,25.16,2516,1,卖盘
2654,13:20:36,25.17,153533,61,买盘
2655,13:20:39,25.18,2518,1,买盘
2656,13:20:42,25.18,278263,111,买盘
2657,13:20:45,25.18,402707,160,买盘
2658,13:20:48,25.18,80567,32,买盘
2659,13:20:51,25.18,70500,28,买盘
2660,13:20:54,25.2,62981,25,买盘
2661,13:20:57,25.21,665523,264,买盘
2662,13:21:00,25.19,428343,170,卖盘
2663,13:21:03,25.17,1065287,423,卖盘
2664,13:21:06,25.19,37771,15,买盘
2665,13:21:09,25.17,171254,68,中性盘
2666,13:21:12,25.17,2517,1,中性盘
2667,13:21:15,25.19,105716,42,买盘
2668,13:21:18,25.19,45342,18,买盘
2669,13:21:21,25.21,632457,251,买盘
2670,13:21:27,25.2,80661,32,卖盘
2671,13:21:30,25.2,35288,14,中性盘
2672,13:21:33,25.19,47873,19,卖盘
2673,13:21:36,25.19,186443,74,卖盘
2674,13:21:39,25.19,32747,13,买盘
2675,13:21:42,25.19,224151,89,卖盘
2676,13:21:48,25.18,55407,22,卖盘
2677,13:21:51,25.17,93162,37,卖盘
2678,13:21:54,25.18,25180,10,中性盘
2679,13:21:57,25.18,37779,15,卖盘
2680,13:22:00,25.18,60432,24,卖盘
2681,13:22:03,25.17,42789,17,卖盘
2682,13:22:06,25.18,62950,25,买盘
2683,13:22:09,25.18,327408,130,买盘
2684,13:22:12,25.19,5038,2,卖盘
2685,13:22:15,25.2,380517,151,买盘
2686,13:22:18,25.21,244434,97,买盘
2687,13:22:21,25.22,264694,105,买盘
2688,13:22:24,25.22,131129,52,买盘
2689,13:22:27,25.21,131140,52,卖盘
2690,13:22:30,25.22,88216,35,买盘
2691,13:22:33,25.21,12605,5,卖盘
2692,13:22:36,25.21,5042,2,买盘
2693,13:22:39,25.21,5042,2,买盘
2694,13:22:42,25.21,55449,22,买盘
2695,13:22:45,25.21,5042,2,买盘
2696,13:22:48,25.21,110910,44,买盘
2697,13:22:51,25.21,20168,8,买盘
2698,13:22:54,25.2,171318,68,中性盘
2699,13:23:00,25.18,2518,1,卖盘
2700,13:23:03,25.17,181261,72,卖盘
2701,13:23:06,25.18,25180,10,买盘
2702,13:23:12,25.17,37768,15,卖盘
2703,13:23:15,25.17,15102,6,卖盘
2704,13:23:18,25.18,191339,76,买盘
2705,13:23:21,25.18,15108,6,买盘
2706,13:23:24,25.17,158582,63,卖盘
2707,13:23:27,25.19,12595,5,买盘
2708,13:23:30,25.19,2519,1,买盘
2709,13:23:33,25.19,10076,4,卖盘
2710,13:23:36,25.18,12591,5,卖盘
2711,13:23:39,25.19,5039,2,卖盘
2712,13:23:42,25.19,52899,21,卖盘
2713,13:23:45,25.19,50380,20,买盘
2714,13:23:48,25.18,15113,6,卖盘
2715,13:23:51,25.18,7554,3,卖盘
2716,13:23:54,25.17,60430,24,卖盘
2717,13:23:57,25.18,37770,15,买盘
2718,13:24:00,25.17,27697,11,卖盘
2719,13:24:03,25.17,78027,31,卖盘
2720,13:24:06,25.16,62923,25,卖盘
2721,13:24:12,25.16,90576,36,卖盘
2722,13:24:15,25.16,83028,33,卖盘
2723,13:24:18,25.16,111887,44,卖盘
2724,13:24:21,25.15,27665,11,卖盘
2725,13:24:24,25.15,80480,32,卖盘
2726,13:24:27,25.18,115739,46,买盘
2727,13:24:30,25.17,67959,27,卖盘
2728,13:24:36,25.17,25170,10,买盘
2729,13:24:39,25.16,42772,17,卖盘
2730,13:24:42,25.16,25160,10,卖盘
2731,13:24:45,25.15,55336,22,卖盘
2732,13:24:48,25.16,22644,9,买盘
2733,13:24:51,25.16,90552,36,买盘
2734,13:24:54,25.16,294359,117,买盘
2735,13:24:57,25.16,130832,52,买盘
2736,13:25:00,25.15,125799,50,卖盘
2737,13:25:03,25.15,143362,57,卖盘
2738,13:25:06,25.15,80490,32,卖盘
2739,13:25:09,25.16,15096,6,买盘
2740,13:25:12,25.15,60360,24,卖盘
2741,13:25:15,25.15,155938,62,卖盘
2742,13:25:18,25.16,130787,52,买盘
2743,13:25:21,25.15,143362,57,卖盘
2744,13:25:24,25.15,80510,32,卖盘
2745,13:25:27,25.15,183595,73,卖盘
2746,13:25:30,25.15,176050,70,买盘
2747,13:25:33,25.15,289166,115,买盘
2748,13:25:36,25.14,130758,52,卖盘
2749,13:25:39,25.15,45281,18,卖盘
2750,13:25:45,25.15,30180,12,卖盘
2751,13:25:48,25.15,12575,5,买盘
2752,13:25:51,25.14,10056,4,卖盘
2753,13:25:54,25.14,50290,20,卖盘
2754,13:25:57,25.14,45252,18,卖盘
2755,13:26:00,25.14,75420,30,卖盘
2756,13:26:03,25.13,211173,84,卖盘
2757,13:26:06,25.15,35206,14,买盘
2758,13:26:09,25.14,218775,87,卖盘
2759,13:26:12,25.15,55310,22,买盘
2760,13:26:15,25.16,223817,89,买盘
2761,13:26:18,25.15,2515,1,卖盘
2762,13:26:24,25.16,30181,12,买盘
2763,13:26:30,25.17,176151,70,买盘
2764,13:26:33,25.17,224013,89,买盘
2765,13:26:36,25.18,17622,7,买盘
2766,13:26:39,25.18,207798,83,买盘
2767,13:26:42,25.18,177373,70,卖盘
2768,13:26:45,25.16,25171,10,卖盘
2769,13:26:51,25.17,98163,39,买盘
2770,13:26:54,25.16,161081,64,卖盘
2771,13:26:57,25.16,110704,44,中性盘
2772,13:27:00,25.16,135865,54,中性盘
2773,13:27:03,25.16,145894,58,卖盘
2774,13:27:06,25.17,98163,39,买盘
2775,13:27:09,25.17,40272,16,卖盘
2776,13:27:12,25.16,22644,9,卖盘
2777,13:27:15,25.18,1403835,558,买盘
2778,13:27:18,25.18,10071,4,卖盘
2779,13:27:21,25.18,55387,22,买盘
2780,13:27:24,25.18,299637,119,买盘
2781,13:27:27,25.18,45324,18,买盘
2782,13:27:30,25.17,276872,110,卖盘
2783,13:27:33,25.18,7554,3,卖盘
2784,13:27:36,25.17,45323,18,卖盘
2785,13:27:42,25.18,52872,21,买盘
2786,13:27:45,25.18,7554,3,买盘
2787,13:27:48,25.17,15105,6,卖盘
2788,13:27:51,25.17,52857,21,卖盘
2789,13:27:54,25.18,100719,40,买盘
2790,13:27:57,25.19,309719,123,买盘
2791,13:28:00,25.19,433260,172,买盘
2792,13:28:03,25.18,435634,173,卖盘
2793,13:28:06,25.19,70532,28,卖盘
2794,13:28:09,25.2,277173,110,买盘
2795,13:28:12,25.18,246834,98,卖盘
2796,13:28:15,25.2,37786,15,买盘
2797,13:28:18,25.2,2520,1,买盘
2798,13:28:21,25.2,75600,30,买盘
2799,13:28:24,25.19,32747,13,卖盘
2800,13:28:27,25.19,805513,320,买盘
2801,13:28:30,25.18,52840,21,买盘
2802,13:28:33,25.18,62937,25,买盘
2803,13:28:39,25.16,65431,26,卖盘
2804,13:28:42,25.15,530769,211,卖盘
2805,13:28:45,25.14,167154,66,卖盘
2806,13:28:48,25.14,5028,2,卖盘
2807,13:28:51,25.14,5028,2,卖盘
2808,13:28:54,25.14,25140,10,卖盘
2809,13:28:57,25.15,40240,16,买盘
2810,13:29:00,25.13,580713,231,卖盘
2811,13:29:03,25.14,359365,143,买盘
2812,13:29:06,25.13,221144,88,卖盘
2813,13:29:09,25.13,92981,37,卖盘
2814,13:29:15,25.12,261259,104,卖盘
2815,13:29:18,25.13,720962,287,买盘
2816,13:29:21,25.12,90416,36,买盘
2817,13:29:24,25.12,10048,4,买盘
2818,13:29:27,25.11,888894,354,卖盘
2819,13:29:30,25.12,30139,12,买盘
2820,13:29:33,25.12,57763,23,卖盘
2821,13:29:36,25.11,1134992,452,卖盘
2822,13:29:39,25.1,1137091,453,卖盘
2823,13:29:42,25.11,1430998,570,中性盘
2824,13:29:45,25.1,72812,29,卖盘
2825,13:29:48,25.11,35154,14,卖盘
2826,13:29:51,25.12,2512,1,买盘
2827,13:29:54,25.11,55242,22,卖盘
2828,13:29:57,25.11,30132,12,买盘
2829,13:30:00,25.1,426750,170,卖盘
2830,13:30:03,25.1,522080,208,卖盘
2831,13:30:06,25.1,2146054,855,卖盘
2832,13:30:09,25.1,828300,330,卖盘
2833,13:30:12,25.1,539668,215,卖盘
2834,13:30:15,25.09,1658965,661,卖盘
2835,13:30:18,25.09,1558013,621,买盘
2836,13:30:21,25.12,1292795,515,买盘
2837,13:30:24,25.1,277717,111,卖盘
2838,13:30:27,25.12,133070,53,买盘
2839,13:30:30,25.12,55294,22,卖盘
2840,13:30:33,25.12,45215,18,卖盘
2841,13:30:36,25.11,2511,1,卖盘
2842,13:30:39,25.11,97949,39,卖盘
2843,13:30:42,25.11,185869,74,卖盘
2844,13:30:45,25.12,10048,4,卖盘
2845,13:30:48,25.12,7536,3,卖盘
2846,13:30:51,25.14,150730,60,买盘
2847,13:30:54,25.12,150818,60,卖盘
2848,13:30:57,25.16,213700,85,买盘
2849,13:31:00,25.13,7539,3,卖盘
2850,13:31:03,25.12,517663,206,卖盘
2851,13:31:06,25.15,5030,2,买盘
2852,13:31:09,25.14,108034,43,中性盘
2853,13:31:12,25.11,318907,127,卖盘
2854,13:31:15,25.11,12555,5,卖盘
2855,13:31:18,25.11,308852,123,卖盘
2856,13:31:21,25.11,45198,18,买盘
2857,13:31:24,25.11,77830,31,买盘
2858,13:31:27,25.11,107948,43,买盘
2859,13:31:30,25.11,105456,42,买盘
2860,13:31:33,25.1,941253,375,卖盘
2861,13:31:36,25.11,27618,11,买盘
2862,13:31:39,25.11,251129,100,买盘
2863,13:31:42,25.11,32643,13,卖盘
2864,13:31:45,25.11,42687,17,卖盘
2865,13:31:48,25.11,238545,95,卖盘
2866,13:31:51,25.11,120528,48,卖盘
2867,13:31:54,25.11,120528,48,卖盘
2868,13:31:57,25.11,120528,48,卖盘
2869,13:32:00,25.1,27619,11,卖盘
2870,13:32:03,25.1,341357,136,卖盘
2871,13:32:06,25.09,130519,52,卖盘
2872,13:32:09,25.1,175680,70,买盘
2873,13:32:12,25.09,358790,143,卖盘
2874,13:32:15,25.09,112905,45,卖盘
2875,13:32:18,25.09,15054,6,卖盘
2876,13:32:21,25.1,145544,58,买盘
2877,13:32:24,25.12,552338,220,买盘
2878,13:32:27,25.12,263859,105,卖盘
2879,13:32:30,25.12,190935,76,卖盘
2880,13:32:33,25.11,150674,60,卖盘
2881,13:32:36,25.11,170787,68,卖盘
2882,13:32:39,25.11,306380,122,卖盘
2883,13:32:42,25.11,32643,13,卖盘
2884,13:32:45,25.11,225990,90,卖盘
2885,13:32:48,25.11,45198,18,买盘
2886,13:32:51,25.11,50239,20,卖盘
2887,13:32:54,25.11,321492,128,卖盘
2888,13:32:57,25.12,133105,53,买盘
2889,13:33:00,25.11,67797,27,卖盘
2890,13:33:03,25.11,391764,156,卖盘
2891,13:33:09,25.12,108032,43,卖盘
2892,13:33:12,25.12,2512,1,卖盘
2893,13:33:18,25.12,15074,6,卖盘
2894,13:33:21,25.13,160806,64,买盘
2895,13:33:24,25.13,67856,27,卖盘
2896,13:33:27,25.13,213605,85,卖盘
2897,13:33:30,25.13,12565,5,卖盘
2898,13:33:33,25.12,50240,20,卖盘
2899,13:33:36,25.13,22612,9,买盘
2900,13:33:39,25.13,30147,12,买盘
2901,13:33:42,25.13,35182,14,买盘
2902,13:33:45,25.14,12570,5,买盘
2903,13:33:48,25.13,47763,19,卖盘
2904,13:33:51,25.14,22624,9,卖盘
2905,13:33:54,25.13,15079,6,卖盘
2906,13:33:57,25.13,82954,33,卖盘
2907,13:34:00,25.14,402245,160,买盘
2908,13:34:03,25.14,125717,50,卖盘
2909,13:34:06,25.16,32707,13,买盘
2910,13:34:09,25.15,7545,3,卖盘
2911,13:34:21,25.16,75480,30,卖盘
2912,13:34:27,25.15,427610,170,卖盘
2913,13:34:30,25.15,5030,2,买盘
2914,13:34:33,25.15,15090,6,买盘
2915,13:34:36,25.15,412452,164,买盘
2916,13:34:39,25.15,87975,35,买盘
2917,13:34:42,25.13,153295,61,卖盘
2918,13:34:45,25.13,829290,330,买盘
2919,13:34:48,25.15,2515,1,买盘
2920,13:34:51,25.15,7545,3,买盘
2921,13:34:54,25.15,296729,118,买盘
2922,13:34:57,25.17,10068,4,买盘
2923,13:35:00,25.16,2516,1,卖盘
2924,13:35:03,25.15,150911,60,卖盘
2925,13:35:06,25.15,193655,77,卖盘
2926,13:35:09,25.14,329410,131,卖盘
2927,13:35:12,25.15,10060,4,中性盘
2928,13:35:18,25.13,30167,12,卖盘
2929,13:35:21,25.13,306737,122,卖盘
2930,13:35:24,25.15,25134,10,中性盘
2931,13:35:27,25.13,82929,33,卖盘
2932,13:35:30,25.13,32669,13,卖盘
2933,13:35:33,25.13,22620,9,中性盘
2934,13:35:36,25.12,195964,78,卖盘
2935,13:35:39,25.12,17585,7,卖盘
2936,13:35:42,25.12,175840,70,卖盘
2937,13:35:45,25.13,331620,132,买盘
2938,13:35:48,25.13,170869,68,卖盘
2939,13:35:51,25.12,12560,5,中性盘
2940,13:35:54,25.12,87915,35,买盘
2941,13:35:57,25.12,102975,41,买盘
2942,13:36:00,25.11,92911,37,卖盘
2943,13:36:03,25.11,110494,44,卖盘
2944,13:36:09,25.12,65289,26,买盘
2945,13:36:12,25.12,52752,21,买盘
2946,13:36:15,25.12,82871,33,买盘
2947,13:36:18,25.11,10044,4,卖盘
2948,13:36:21,25.12,60280,24,买盘
2949,13:36:24,25.12,85408,34,卖盘
2950,13:36:30,25.13,344290,137,买盘
2951,13:36:33,25.13,52773,21,卖盘
2952,13:36:36,25.13,2513,1,卖盘
2953,13:36:39,25.13,100520,40,卖盘
2954,13:36:42,25.14,75420,30,买盘
2955,13:36:45,25.13,211092,84,卖盘
2956,13:36:51,25.12,5024,2,卖盘
2957,13:36:54,25.12,60293,24,卖盘
2958,13:36:57,25.12,253721,101,卖盘
2959,13:37:00,25.11,77851,31,卖盘
2960,13:37:03,25.11,389205,155,卖盘
2961,13:37:06,25.12,241079,96,买盘
2962,13:37:09,25.11,17577,7,卖盘
2963,13:37:12,25.11,185816,74,卖盘
2964,13:37:15,25.1,368981,147,卖盘
2965,13:37:18,25.11,158150,63,买盘
2966,13:37:21,25.11,411641,164,买盘
2967,13:37:24,25.1,449303,179,卖盘
2968,13:37:27,25.1,404114,161,卖盘
2969,13:37:30,25.08,408937,163,卖盘
2970,13:37:33,25.08,408966,163,卖盘
2971,13:37:36,25.08,97812,39,卖盘
2972,13:37:39,25.08,203148,81,卖盘
2973,13:37:42,25.08,190592,76,卖盘
2974,13:37:45,25.07,20056,8,卖盘
2975,13:37:48,25.08,554312,221,买盘
2976,13:37:51,25.08,240773,96,卖盘
2977,13:37:54,25.08,95304,38,卖盘
2978,13:37:57,25.08,70224,28,卖盘
2979,13:38:00,25.08,168037,67,卖盘
2980,13:38:03,25.07,233301,93,卖盘
2981,13:38:06,25.07,328561,131,卖盘
2982,13:38:09,25.08,441671,176,中性盘
2983,13:38:12,25.08,62739,25,卖盘
2984,13:38:15,25.08,386232,154,卖盘
2985,13:38:18,25.08,112863,45,卖盘
2986,13:38:21,25.09,138360,55,中性盘
2987,13:38:24,25.11,135472,54,买盘
2988,13:38:27,25.1,77810,31,卖盘
2989,13:38:33,25.1,87850,35,卖盘
2990,13:38:36,25.09,1018648,406,卖盘
2991,13:38:39,25.1,20080,8,中性盘
2992,13:38:42,25.09,95342,38,卖盘
2993,13:38:45,25.09,12545,5,卖盘
2994,13:38:48,25.1,45176,18,买盘
2995,13:38:51,25.1,2510,1,买盘
2996,13:38:54,25.11,95401,38,买盘
2997,13:38:57,25.1,42670,17,卖盘
2998,13:39:00,25.1,57740,23,卖盘
2999,13:39:03,25.09,72766,29,卖盘
3000,13:39:06,25.09,130468,52,卖盘
3001,13:39:09,25.1,2510,1,买盘
3002,13:39:15,25.1,127994,51,买盘
3003,13:39:18,25.1,100400,40,买盘
3004,13:39:21,25.1,361735,144,买盘
3005,13:39:24,25.1,12547,5,买盘
3006,13:39:27,25.09,40144,16,中性盘
3007,13:39:30,25.08,52670,21,卖盘
3008,13:39:36,25.08,268381,107,卖盘
3009,13:39:39,25.08,32203,13,卖盘
3010,13:39:45,25.07,238234,95,卖盘
3011,13:39:48,25.08,401,0,买盘
3012,13:39:51,25.09,85286,34,买盘
3013,13:39:54,25.08,120427,48,卖盘
3014,13:39:57,25.08,60202,24,卖盘
3015,13:40:00,25.12,1377584,549,买盘
3016,13:40:03,25.11,263694,105,卖盘
3017,13:40:06,25.11,57753,23,卖盘
3018,13:40:09,25.14,98022,39,买盘
3019,13:40:12,25.12,37694,15,卖盘
3020,13:40:18,25.14,12570,5,卖盘
3021,13:40:21,25.15,196155,78,买盘
3022,13:40:24,25.16,62892,25,买盘
3023,13:40:27,25.14,1142047,454,卖盘
3024,13:40:30,25.16,85491,34,买盘
3025,13:40:33,25.16,105604,42,买盘
3026,13:40:36,25.16,42772,17,买盘
3027,13:40:39,25.16,133348,53,买盘
3028,13:40:42,25.13,113090,45,卖盘
3029,13:40:45,25.13,186036,74,卖盘
3030,13:40:48,25.15,12575,5,买盘
3031,13:40:54,25.13,35195,14,卖盘
3032,13:40:57,25.13,537832,214,卖盘
3033,13:41:00,25.11,319105,127,卖盘
3034,13:41:03,25.11,150665,60,卖盘
3035,13:41:06,25.14,55306,22,买盘
3036,13:41:09,25.14,20112,8,买盘
3037,13:41:12,25.15,10057,4,买盘
3038,13:41:15,25.14,133242,53,买盘
3039,13:41:18,25.14,2514,1,买盘
3040,13:41:21,25.14,920922,366,买盘
3041,13:41:24,25.14,208652,83,卖盘
3042,13:41:27,25.11,401991,160,卖盘
3043,13:41:33,25.15,2515,1,卖盘
3044,13:41:36,25.17,85570,34,买盘
3045,13:41:39,25.17,47823,19,卖盘
3046,13:41:45,25.17,12585,5,卖盘
3047,13:41:48,25.15,5030,2,卖盘
3048,13:41:54,25.17,1291462,514,买盘
3049,13:41:57,25.16,30191,12,中性盘
3050,13:42:00,25.17,554022,220,买盘
3051,13:42:03,25.15,105631,42,卖盘
3052,13:42:06,25.15,508904,202,卖盘
3053,13:42:09,25.17,257098,102,中性盘
3054,13:42:12,25.17,17619,7,卖盘
3055,13:42:15,25.17,22653,9,卖盘
3056,13:42:18,25.17,12585,5,卖盘
3057,13:42:24,25.16,143462,57,卖盘
3058,13:42:27,25.17,2517,1,卖盘
3059,13:42:30,25.18,40288,16,买盘
3060,13:42:33,25.18,158745,63,卖盘
3061,13:42:36,25.18,10072,4,卖盘
3062,13:42:39,25.19,15114,6,卖盘
3063,13:42:42,25.19,5038,2,卖盘
3064,13:42:45,25.19,1114472,442,买盘
3065,13:42:48,25.21,75617,30,中性盘
3066,13:42:51,25.39,4993040,1973,买盘
3067,13:42:54,25.42,721477,284,买盘
3068,13:42:57,25.42,198365,78,买盘
3069,13:43:00,25.31,751257,296,卖盘
3070,13:43:03,25.29,589901,233,卖盘
3071,13:43:06,25.34,455691,180,买盘
3072,13:43:09,25.36,567615,224,买盘
3073,13:43:12,25.32,848921,335,卖盘
3074,13:43:15,25.34,242993,96,买盘
3075,13:43:18,25.3,318834,126,中性盘
3076,13:43:21,25.3,354175,140,卖盘
3077,13:43:24,25.31,184637,73,买盘
3078,13:43:27,25.29,86016,34,中性盘
3079,13:43:30,25.3,35420,14,买盘
3080,13:43:33,25.3,215054,85,买盘
3081,13:43:36,25.31,187287,74,买盘
3082,13:43:39,25.32,136713,54,卖盘
3083,13:43:42,25.32,2532,1,买盘
3084,13:43:45,25.32,220227,87,买盘
3085,13:43:48,25.32,119004,47,卖盘
3086,13:43:51,25.35,1222051,482,买盘
3087,13:43:54,25.37,30444,12,中性盘
3088,13:43:57,25.38,15233,6,中性盘
3089,13:44:00,25.39,40624,16,卖盘
3090,13:44:03,25.41,210873,83,买盘
3091,13:44:06,25.4,378199,149,买盘
3092,13:44:09,25.4,342809,135,买盘
