,成交时间,成交价格,成交金额,成交量,性质
0,09:25:02,44.44,29872568,6722,买盘
1,09:30:02,44.53,4606621,1035,买盘
2,09:30:05,44.54,3604074,809,中性盘
3,09:30:08,44.59,2321427,521,买盘
4,09:30:11,44.59,5966193,1338,中性盘
5,09:30:14,44.6,8881992,1993,中性盘
6,09:30:17,44.56,6621994,1485,卖盘
7,09:30:20,44.54,3106491,697,卖盘
8,09:30:23,44.53,2360468,530,卖盘
9,09:30:26,44.5,5378824,1208,卖盘
10,09:30:29,44.46,3068329,690,卖盘
11,09:30:32,44.5,5232826,1176,买盘
12,09:30:35,44.5,1833844,412,买盘
13,09:30:38,44.56,6454802,1450,买盘
14,09:30:41,44.52,3954895,889,中性盘
15,09:30:44,44.47,1921207,432,中性盘
16,09:30:47,44.5,2810633,632,买盘
17,09:30:50,44.46,1147206,258,卖盘
18,09:30:53,44.49,1098375,247,买盘
19,09:30:56,44.48,2058646,463,买盘
20,09:30:59,44.48,1534264,345,卖盘
21,09:31:02,44.48,1787341,402,买盘
22,09:31:05,44.45,1676222,377,卖盘
23,09:31:08,44.43,4200035,945,卖盘
24,09:31:11,44.47,1946635,438,买盘
25,09:31:14,44.43,2325016,523,卖盘
26,09:31:17,44.46,1906651,429,中性盘
27,09:31:20,44.46,1350892,304,买盘
28,09:31:23,44.45,1177724,265,卖盘
29,09:31:26,44.44,1582087,356,卖盘
30,09:31:29,44.44,1070721,241,卖盘
31,09:31:32,44.44,1972986,444,买盘
32,09:31:35,44.46,2342236,527,买盘
33,09:31:38,44.48,2081355,468,买盘
34,09:31:41,44.49,4391465,987,买盘
35,09:31:44,44.53,6285834,1412,买盘
36,09:31:47,44.53,4130407,928,卖盘
37,09:31:50,44.53,3164864,711,买盘
38,09:31:53,44.55,2349917,528,买盘
39,09:31:56,44.56,3836442,861,买盘
40,09:31:59,44.55,3408431,765,卖盘
41,09:32:02,44.56,2387691,536,买盘
42,09:32:05,44.55,2209521,496,买盘
43,09:32:08,44.56,1523744,342,买盘
44,09:32:11,44.57,1604613,360,中性盘
45,09:32:14,44.59,5515962,1237,买盘
46,09:32:17,44.67,12978963,2906,买盘
47,09:32:20,44.7,5153132,1153,买盘
48,09:32:23,44.69,790832,177,中性盘
49,09:32:26,44.7,2310580,517,买盘
50,09:32:29,44.72,2414344,540,买盘
51,09:32:32,44.73,3565003,797,买盘
52,09:32:35,44.75,6376847,1425,买盘
53,09:32:38,44.75,6872213,1535,卖盘
54,09:32:41,44.73,1713840,383,卖盘
55,09:32:44,44.74,1968365,440,中性盘
56,09:32:47,44.73,1418065,317,中性盘
57,09:32:50,44.74,2460205,550,中性盘
58,09:32:53,44.72,2661026,595,卖盘
59,09:32:56,44.7,1229271,275,卖盘
60,09:32:59,44.69,1729650,387,卖盘
61,09:33:02,44.68,1090490,244,卖盘
62,09:33:05,44.68,1175193,263,卖盘
63,09:33:08,44.68,616516,138,卖盘
64,09:33:11,44.7,3217457,720,买盘
65,09:33:14,44.69,1273833,285,卖盘
66,09:33:17,44.7,1850469,414,买盘
67,09:33:20,44.7,1282854,287,卖盘
68,09:33:23,44.68,1291785,289,卖盘
69,09:33:26,44.7,701632,157,买盘
70,09:33:29,44.69,393283,88,卖盘
71,09:33:32,44.69,1872675,419,卖盘
72,09:33:35,44.69,1077108,241,卖盘
73,09:33:38,44.68,196635,44,卖盘
74,09:33:41,44.71,2780237,622,买盘
75,09:33:44,44.7,2691753,602,卖盘
76,09:33:47,44.68,1766180,395,卖盘
77,09:33:50,44.7,956839,214,卖盘
78,09:33:53,44.68,1622535,363,卖盘
79,09:33:56,44.7,460300,103,买盘
80,09:33:59,44.66,634340,142,卖盘
81,09:34:02,44.66,1500498,336,卖盘
82,09:34:05,44.66,540410,121,卖盘
83,09:34:08,44.66,732221,164,买盘
84,09:34:11,44.6,1647440,369,卖盘
85,09:34:14,44.64,223177,50,买盘
86,09:34:17,44.64,1744773,391,买盘
87,09:34:20,44.62,539882,121,卖盘
88,09:34:23,44.62,441692,99,买盘
89,09:34:26,44.62,660347,148,买盘
90,09:34:29,44.62,1468023,329,卖盘
91,09:34:32,44.61,794154,178,卖盘
92,09:34:35,44.61,1190982,267,买盘
93,09:34:38,44.61,735950,165,买盘
94,09:34:41,44.61,508500,114,买盘
95,09:34:44,44.62,1169091,262,买盘
96,09:34:47,44.66,2312531,518,买盘
97,09:34:50,44.66,1169958,262,买盘
98,09:34:53,44.66,1433792,321,卖盘
99,09:34:56,44.65,736912,165,卖盘
100,09:34:59,44.66,924279,207,买盘
101,09:35:02,44.64,986373,221,中性盘
102,09:35:05,44.63,678496,152,卖盘
103,09:35:08,44.64,89280,20,买盘
104,09:35:11,44.64,696468,156,卖盘
105,09:35:14,44.66,736800,165,买盘
106,09:35:17,44.66,1299450,291,买盘
107,09:35:20,44.66,1174435,263,买盘
108,09:35:23,44.66,415323,93,卖盘
109,09:35:26,44.66,1397975,313,卖盘
110,09:35:29,44.66,982597,220,买盘
111,09:35:32,44.67,638698,143,中性盘
112,09:35:35,44.67,866626,194,卖盘
113,09:35:38,44.69,1210812,271,买盘
114,09:35:41,44.73,6768023,1514,买盘
115,09:35:44,44.73,1766791,395,买盘
116,09:35:47,44.73,1896646,424,卖盘
117,09:35:50,44.73,2756014,616,卖盘
118,09:35:53,44.73,1485063,332,卖盘
119,09:35:56,44.73,2442966,546,卖盘
120,09:35:59,44.73,1337366,299,买盘
121,09:36:02,44.73,1006427,225,卖盘
122,09:36:05,44.69,1757680,393,卖盘
123,09:36:08,44.73,1220693,273,买盘
124,09:36:11,44.7,872041,195,卖盘
125,09:36:14,44.73,1686207,377,买盘
126,09:36:17,44.72,402334,90,中性盘
127,09:36:20,44.72,567844,127,买盘
128,09:36:23,44.7,934255,209,卖盘
129,09:36:26,44.71,527571,118,买盘
130,09:36:29,44.71,795796,178,卖盘
131,09:36:32,44.72,2977783,666,买盘
132,09:36:35,44.7,2539605,568,卖盘
133,09:36:38,44.7,3067042,686,卖盘
134,09:36:41,44.72,961458,215,买盘
135,09:36:44,44.72,1905283,426,卖盘
136,09:36:47,44.72,1484615,332,买盘
137,09:36:50,44.72,813944,182,卖盘
138,09:36:53,44.73,1466797,328,买盘
139,09:36:56,44.71,527622,118,卖盘
140,09:36:59,44.71,787069,176,中性盘
141,09:37:02,44.71,281658,63,卖盘
142,09:37:05,44.71,1345551,301,买盘
143,09:37:08,44.71,536367,120,买盘
144,09:37:11,44.71,804757,180,买盘
145,09:37:14,44.7,867114,194,卖盘
146,09:37:17,44.7,607950,136,卖盘
147,09:37:20,44.7,5136612,1149,买盘
148,09:37:23,44.7,951882,213,买盘
149,09:37:26,44.71,1636129,366,买盘
150,09:37:29,44.71,751139,168,卖盘
151,09:37:32,44.71,1010636,226,卖盘
152,09:37:35,44.71,1082156,242,卖盘
153,09:37:38,44.72,1024011,229,买盘
154,09:37:41,44.72,317528,71,卖盘
155,09:37:44,44.76,11138343,2489,买盘
156,09:37:47,44.78,8212075,1834,买盘
157,09:37:50,44.79,3735437,834,买盘
158,09:37:53,44.79,2221224,496,卖盘
159,09:37:56,44.79,2387593,533,卖盘
160,09:37:59,44.78,761383,170,卖盘
161,09:38:02,44.79,8083088,1806,买盘
162,09:38:05,44.78,1889385,422,买盘
163,09:38:08,44.73,1907572,426,卖盘
164,09:38:11,44.78,1517782,339,买盘
165,09:38:14,44.73,416092,93,卖盘
166,09:38:17,44.74,438391,98,买盘
167,09:38:20,44.74,255009,57,买盘
168,09:38:23,44.76,505643,113,买盘
169,09:38:26,44.75,299884,67,卖盘
170,09:38:29,44.76,769722,172,买盘
171,09:38:32,44.76,635543,142,卖盘
172,09:38:35,44.75,962269,215,卖盘
173,09:38:38,44.75,997950,223,卖盘
174,09:38:41,44.74,1145491,256,卖盘
175,09:38:44,44.73,742573,166,卖盘
176,09:38:47,44.73,1766860,395,卖盘
177,09:38:50,44.73,384624,86,买盘
178,09:38:53,44.71,451607,101,卖盘
179,09:38:56,44.73,496415,111,买盘
180,09:38:59,44.71,889854,199,卖盘
181,09:39:02,44.71,652891,146,卖盘
182,09:39:05,44.75,3033720,678,买盘
183,09:39:08,44.75,1651467,369,卖盘
184,09:39:11,44.76,3334345,745,买盘
185,09:39:14,44.76,1244189,278,买盘
186,09:39:17,44.76,232746,52,卖盘
187,09:39:20,44.76,2623271,586,买盘
188,09:39:23,44.76,3210370,717,卖盘
189,09:39:26,44.74,689246,154,卖盘
190,09:39:29,44.76,921762,206,买盘
191,09:39:32,44.75,604212,135,中性盘
192,09:39:35,44.73,1812388,405,卖盘
193,09:39:38,44.73,1123090,251,买盘
194,09:39:41,44.74,1083146,242,中性盘
195,09:39:44,44.73,187889,42,卖盘
196,09:39:47,44.74,165533,37,买盘
197,09:39:50,44.74,98485,22,卖盘
198,09:39:53,44.73,841203,188,卖盘
199,09:39:56,44.74,1073580,240,中性盘
200,09:39:59,44.74,1132092,253,卖盘
201,09:40:02,44.74,456315,102,卖盘
202,09:40:05,44.74,639794,143,卖盘
203,09:40:08,44.73,532180,119,中性盘
204,09:40:11,44.72,1649628,369,中性盘
205,09:40:14,44.71,389026,87,中性盘
206,09:40:17,44.7,947653,212,卖盘
207,09:40:20,44.7,1215786,272,买盘
208,09:40:23,44.7,952086,213,买盘
209,09:40:26,44.71,500712,112,买盘
210,09:40:29,44.71,442584,99,买盘
211,09:40:32,44.69,339692,76,卖盘
212,09:40:35,44.65,969255,217,卖盘
213,09:40:38,44.65,969275,217,卖盘
214,09:40:41,44.68,1027628,230,买盘
215,09:40:44,44.69,750857,168,中性盘
216,09:40:47,44.69,429102,96,卖盘
217,09:40:50,44.69,429073,96,卖盘
218,09:40:53,44.68,420051,94,卖盘
219,09:40:56,44.66,393079,88,卖盘
220,09:40:59,44.65,660862,148,卖盘
221,09:41:02,44.65,593870,133,卖盘
222,09:41:05,44.66,1138785,255,买盘
223,09:41:08,44.66,723351,162,买盘
224,09:41:11,44.66,366212,82,买盘
225,09:41:14,44.66,263522,59,卖盘
226,09:41:17,44.66,352763,79,买盘
227,09:41:20,44.65,245613,55,卖盘
228,09:41:23,44.65,62510,14,卖盘
229,09:41:26,44.65,321502,72,卖盘
230,09:41:29,44.63,446412,100,卖盘
231,09:41:32,44.61,678398,152,卖盘
232,09:41:35,44.63,1017161,228,买盘
233,09:41:38,44.6,914599,205,卖盘
234,09:41:41,44.61,727251,163,中性盘
235,09:41:44,44.6,575513,129,卖盘
236,09:41:47,44.6,1106318,248,卖盘
237,09:41:50,44.61,664678,149,买盘
238,09:41:53,44.6,472775,106,卖盘
239,09:41:56,44.61,1628201,365,买盘
240,09:41:59,44.62,647084,145,卖盘
241,09:42:02,44.63,1066509,239,买盘
242,09:42:05,44.63,495435,111,卖盘
243,09:42:08,44.63,348165,78,卖盘
244,09:42:11,44.64,432941,97,买盘
245,09:42:14,44.61,1039283,233,卖盘
246,09:42:17,44.6,767220,172,卖盘
247,09:42:20,44.6,668965,150,买盘
248,09:42:23,44.61,276527,62,买盘
249,09:42:26,44.61,437116,98,买盘
250,09:42:29,44.6,169475,38,卖盘
251,09:42:32,44.59,445853,100,中性盘
252,09:42:35,44.57,896088,201,卖盘
253,09:42:38,44.57,365583,82,卖盘
254,09:42:41,44.57,574924,129,卖盘
255,09:42:44,44.57,619520,139,卖盘
256,09:42:47,44.58,748803,168,买盘
257,09:42:50,44.57,1234611,277,卖盘
258,09:42:53,44.56,918028,206,卖盘
259,09:42:56,44.56,717521,161,卖盘
260,09:42:59,44.57,200545,45,买盘
261,09:43:02,44.56,699661,157,卖盘
262,09:43:05,44.58,1604352,360,买盘
263,09:43:08,44.58,891511,200,买盘
264,09:43:11,44.58,209550,47,卖盘
265,09:43:14,44.59,847098,190,买盘
266,09:43:17,44.6,579666,130,买盘
267,09:43:20,44.59,860561,193,卖盘
268,09:43:23,44.58,263096,59,卖盘
269,09:43:26,44.58,735620,165,卖盘
270,09:43:29,44.59,766783,172,买盘
271,09:43:32,44.56,1167409,262,卖盘
272,09:43:35,44.55,3064985,688,卖盘
273,09:43:38,44.53,4289371,963,卖盘
274,09:43:41,44.57,316386,71,买盘
275,09:43:44,44.58,944985,212,买盘
276,09:43:47,44.6,240788,54,买盘
277,09:43:50,44.57,1364394,306,卖盘
278,09:43:53,44.58,1056356,237,中性盘
279,09:43:56,44.58,2129949,478,买盘
280,09:43:59,44.55,276224,62,卖盘
281,09:44:02,44.54,2013079,452,卖盘
282,09:44:05,44.55,966284,217,买盘
283,09:44:08,44.54,445522,100,卖盘
284,09:44:11,44.54,837435,188,卖盘
285,09:44:14,44.54,743713,167,买盘
286,09:44:17,44.52,1736267,390,卖盘
287,09:44:20,44.53,1090938,245,买盘
288,09:44:23,44.53,752369,169,卖盘
289,09:44:26,44.53,983926,221,买盘
290,09:44:29,44.53,173661,39,卖盘
291,09:44:32,44.53,1763371,396,买盘
292,09:44:35,44.55,623496,140,买盘
293,09:44:38,44.58,1831224,411,买盘
294,09:44:41,44.58,231813,52,买盘
295,09:44:44,44.6,445936,100,买盘
296,09:44:47,44.6,383564,86,买盘
297,09:44:50,44.6,1016943,228,卖盘
298,09:44:53,44.6,700205,157,买盘
299,09:44:56,44.59,1623337,364,卖盘
300,09:44:59,44.59,865177,194,卖盘
301,09:45:02,44.6,1270949,285,买盘
302,09:45:05,44.58,200613,45,卖盘
303,09:45:08,44.56,102494,23,卖盘
304,09:45:11,44.54,597133,134,卖盘
305,09:45:14,44.57,441055,99,买盘
306,09:45:17,44.57,2026949,455,买盘
307,09:45:20,44.58,570520,128,买盘
308,09:45:23,44.59,668852,150,买盘
309,09:45:26,44.61,3171193,711,买盘
310,09:45:29,44.62,847852,190,买盘
311,09:45:32,44.63,803340,180,买盘
312,09:45:35,44.62,2401272,538,卖盘
313,09:45:38,44.63,214222,48,买盘
314,09:45:41,44.63,857063,192,卖盘
315,09:45:44,44.64,549071,123,买盘
316,09:45:47,44.65,191989,43,买盘
317,09:45:50,44.65,325905,73,买盘
318,09:45:53,44.64,410730,92,卖盘
319,09:45:56,44.63,1468454,329,卖盘
320,09:45:59,44.6,57991,13,卖盘
321,09:46:02,44.58,512815,115,卖盘
322,09:46:05,44.6,668856,150,买盘
323,09:46:08,44.6,165004,37,买盘
324,09:46:11,44.59,289810,65,中性盘
325,09:46:14,44.58,468149,105,卖盘
326,09:46:17,44.59,610870,137,买盘
327,09:46:20,44.59,222961,50,买盘
328,09:46:23,44.58,651054,146,卖盘
329,09:46:26,44.59,178372,40,中性盘
330,09:46:29,44.59,285437,64,卖盘
331,09:46:32,44.59,182847,41,卖盘
332,09:46:35,44.6,191748,43,买盘
333,09:46:38,44.59,191737,43,卖盘
334,09:46:41,44.59,129285,29,买盘
335,09:46:44,44.58,472575,106,卖盘
336,09:46:47,44.59,468120,105,买盘
337,09:46:50,44.59,887273,199,买盘
338,09:46:53,44.58,1030024,231,中性盘
339,09:46:56,44.58,650778,146,买盘
340,09:46:59,44.56,1679890,377,卖盘
341,09:47:02,44.53,815051,183,卖盘
342,09:47:05,44.54,819215,184,买盘
343,09:47:08,44.54,694681,156,买盘
344,09:47:11,44.51,699138,157,卖盘
345,09:47:14,44.53,267223,60,中性盘
346,09:47:17,44.54,178111,40,买盘
347,09:47:20,44.54,338567,76,卖盘
348,09:47:23,44.54,369668,83,卖盘
349,09:47:26,44.54,743738,167,买盘
350,09:47:29,44.51,120237,27,卖盘
351,09:47:32,44.51,1108469,249,卖盘
352,09:47:35,44.5,13461801,3025,卖盘
353,09:47:38,44.49,1165620,262,卖盘
354,09:47:41,44.48,1374283,309,卖盘
355,09:47:44,44.47,1111794,250,中性盘
356,09:47:47,44.47,2183019,491,买盘
357,09:47:50,44.48,511507,115,买盘
358,09:47:53,44.47,533771,120,卖盘
359,09:47:56,44.5,2579200,580,买盘
360,09:47:59,44.47,982920,221,卖盘
361,09:48:02,44.45,1422581,320,卖盘
362,09:48:05,44.45,1088941,245,买盘
363,09:48:08,44.43,2750907,619,卖盘
364,09:48:11,44.43,746695,168,卖盘
365,09:48:14,44.44,1129213,254,中性盘
366,09:48:17,44.45,884515,199,中性盘
367,09:48:20,44.43,1115778,251,卖盘
368,09:48:23,44.42,2217206,499,卖盘
369,09:48:26,44.43,1266753,285,中性盘
370,09:48:29,44.42,1030840,232,卖盘
371,09:48:32,44.43,1266155,285,买盘
372,09:48:35,44.43,6058729,1364,买盘
373,09:48:38,44.43,488773,110,卖盘
374,09:48:41,44.44,2021627,455,买盘
375,09:48:44,44.44,1230868,277,买盘
376,09:48:47,44.45,777744,175,买盘
377,09:48:50,44.44,706682,159,中性盘
378,09:48:53,44.47,368982,83,买盘
379,09:48:56,44.47,702574,158,买盘
380,09:48:59,44.47,546964,123,卖盘
381,09:49:02,44.45,333498,75,卖盘
382,09:49:05,44.47,551239,124,买盘
383,09:49:08,44.46,600151,135,中性盘
384,09:49:11,44.47,818093,184,买盘
385,09:49:14,44.47,1076296,242,卖盘
386,09:49:17,44.45,1542759,347,卖盘
387,09:49:20,44.45,448915,101,买盘
388,09:49:23,44.45,520117,117,卖盘
389,09:49:26,44.46,746860,168,中性盘
390,09:49:29,44.46,489146,110,卖盘
391,09:49:32,44.46,916030,206,卖盘
392,09:49:35,44.47,453559,102,买盘
393,09:49:38,44.48,329063,74,买盘
394,09:49:41,44.46,751468,169,卖盘
395,09:49:44,44.49,1013881,228,买盘
396,09:49:47,44.49,1036418,233,买盘
397,09:49:50,44.48,320326,72,卖盘
398,09:49:53,44.46,346850,78,卖盘
399,09:49:56,44.46,449067,101,卖盘
400,09:49:59,44.46,1569421,353,卖盘
401,09:50:02,44.46,582520,131,卖盘
402,09:50:05,44.46,462435,104,卖盘
403,09:50:08,44.45,924917,208,卖盘
404,09:50:11,44.46,297882,67,买盘
405,09:50:14,44.46,177830,40,买盘
406,09:50:17,44.47,431275,97,买盘
407,09:50:20,44.46,844881,190,卖盘
408,09:50:23,44.46,875839,197,卖盘
409,09:50:26,44.47,1409413,317,买盘
410,09:50:29,44.45,1053822,237,卖盘
411,09:50:32,44.45,849185,191,卖盘
412,09:50:35,44.46,484569,109,买盘
413,09:50:38,44.46,453456,102,买盘
414,09:50:41,44.46,480233,108,卖盘
415,09:50:44,44.46,155610,35,卖盘
416,09:50:47,44.46,409018,92,买盘
417,09:50:50,44.46,124484,28,买盘
418,09:50:53,44.45,391231,88,卖盘
419,09:50:56,44.45,22225,5,卖盘
420,09:50:59,44.46,573450,129,买盘
421,09:51:02,44.44,733499,165,卖盘
422,09:51:05,44.45,1040092,234,中性盘
423,09:51:08,44.45,564460,127,买盘
424,09:51:11,44.45,1160145,261,买盘
425,09:51:14,44.45,577861,130,卖盘
426,09:51:17,44.45,817873,184,买盘
427,09:51:20,44.45,680000,153,买盘
428,09:51:23,44.44,400048,90,卖盘
429,09:51:26,44.44,1853315,417,卖盘
430,09:51:29,44.43,764210,172,卖盘
431,09:51:32,44.44,862135,194,买盘
432,09:51:35,44.44,1053166,237,买盘
433,09:51:38,44.44,1151145,259,买盘
434,09:51:41,44.44,364405,82,买盘
435,09:51:44,44.43,35548,8,卖盘
436,09:51:47,44.43,471057,106,卖盘
437,09:51:50,44.43,2443678,550,卖盘
438,09:51:53,44.43,2101538,473,买盘
439,09:51:56,44.43,244339,55,买盘
440,09:51:59,44.43,502065,113,买盘
441,09:52:02,44.43,1066321,240,卖盘
442,09:52:05,44.43,759741,171,买盘
443,09:52:08,44.45,6402495,1441,买盘
444,09:52:11,44.45,1124754,253,买盘
445,09:52:14,44.45,1244980,280,卖盘
446,09:52:17,44.47,877948,197,买盘
447,09:52:20,44.45,2565770,577,卖盘
448,09:52:23,44.42,1064552,240,卖盘
449,09:52:26,44.45,2030212,457,买盘
450,09:52:29,44.42,959858,216,卖盘
451,09:52:32,44.42,1239597,279,卖盘
452,09:52:35,44.42,1493551,336,卖盘
453,09:52:38,44.44,568616,128,买盘
454,09:52:41,44.45,222202,50,买盘
455,09:52:44,44.45,337820,76,买盘
456,09:52:47,44.46,204507,46,买盘
457,09:52:50,44.45,66686,15,卖盘
458,09:52:53,44.45,146699,33,卖盘
459,09:52:56,44.45,284500,64,卖盘
460,09:52:59,44.46,146705,33,买盘
461,09:53:02,44.45,248946,56,卖盘
462,09:53:05,44.45,666894,150,卖盘
463,09:53:08,44.44,275586,62,卖盘
464,09:53:11,44.45,57784,13,买盘
465,09:53:14,44.45,102217,23,买盘
466,09:53:17,44.45,804388,181,买盘
467,09:53:20,44.43,488830,110,卖盘
468,09:53:23,44.43,493238,111,卖盘
469,09:53:26,44.44,75537,17,中性盘
470,09:53:29,44.44,759901,171,买盘
471,09:53:32,44.44,666602,150,卖盘
472,09:53:35,44.44,2110588,475,买盘
473,09:53:38,44.44,475508,107,买盘
474,09:53:41,44.43,351040,79,卖盘
475,09:53:44,44.44,422180,95,买盘
476,09:53:47,44.44,448869,101,卖盘
477,09:53:50,44.44,475556,107,卖盘
478,09:53:53,44.44,191102,43,卖盘
479,09:53:56,44.44,510990,115,买盘
480,09:53:59,44.43,1599534,360,卖盘
481,09:54:02,44.43,1847931,416,买盘
482,09:54:05,44.43,821886,185,买盘
483,09:54:08,44.44,564367,127,买盘
484,09:54:11,44.44,151085,34,买盘
485,09:54:14,44.45,168897,38,买盘
486,09:54:17,44.44,315587,71,卖盘
487,09:54:20,44.44,471100,106,卖盘
488,09:54:23,44.44,324398,73,买盘
489,09:54:26,44.44,226739,51,卖盘
490,09:54:29,44.46,200028,45,买盘
491,09:54:32,44.45,124462,28,卖盘
492,09:54:35,44.44,368933,83,卖盘
493,09:54:38,44.45,426635,96,买盘
494,09:54:41,44.45,373345,84,买盘
495,09:54:44,44.44,239990,54,卖盘
496,09:54:47,44.45,106673,24,买盘
497,09:54:50,44.45,386720,87,卖盘
498,09:54:53,44.46,280051,63,买盘
499,09:54:56,44.46,106682,24,买盘
500,09:54:59,44.45,520151,117,卖盘
501,09:55:02,44.44,488893,110,卖盘
502,09:55:05,44.45,1391244,313,卖盘
503,09:55:08,44.44,391048,88,卖盘
504,09:55:11,44.43,1795120,404,卖盘
505,09:55:14,44.44,1466464,330,买盘
506,09:55:17,44.45,377811,85,买盘
507,09:55:20,44.45,271145,61,卖盘
508,09:55:23,44.45,457911,103,卖盘
509,09:55:26,44.45,262259,59,卖盘
510,09:55:29,44.44,791193,178,卖盘
511,09:55:32,44.44,808783,182,卖盘
512,09:55:35,44.42,990679,223,卖盘
513,09:55:38,44.42,972817,219,卖盘
514,09:55:41,44.42,1501580,338,卖盘
515,09:55:44,44.42,812890,183,卖盘
516,09:55:47,44.43,1461573,329,买盘
517,09:55:50,44.43,315439,71,卖盘
518,09:55:53,44.43,1635244,368,买盘
519,09:55:56,44.46,1386905,312,买盘
520,09:55:59,44.49,1392178,313,买盘
521,09:56:02,44.48,818556,184,卖盘
522,09:56:05,44.45,1441208,324,卖盘
523,09:56:08,44.47,457941,103,买盘
524,09:56:11,44.45,813658,183,卖盘
525,09:56:14,44.45,342268,77,卖盘
526,09:56:17,44.44,595528,134,卖盘
527,09:56:20,44.45,648815,146,买盘
528,09:56:23,44.45,302283,68,卖盘
529,09:56:26,44.45,386715,87,买盘
530,09:56:29,44.44,524400,118,卖盘
531,09:56:32,44.44,471004,106,买盘
532,09:56:35,44.47,408936,92,买盘
533,09:56:38,44.44,97768,22,卖盘
534,09:56:41,44.44,1453122,327,卖盘
535,09:56:44,44.44,813215,183,买盘
536,09:56:47,44.43,959511,216,卖盘
537,09:56:50,44.41,3984334,897,卖盘
538,09:56:53,44.43,1794389,404,买盘
539,09:56:56,44.44,1119802,252,买盘
540,09:56:59,44.44,577720,130,卖盘
541,09:57:02,44.42,710960,160,卖盘
542,09:57:05,44.42,293180,66,卖盘
543,09:57:08,44.42,875079,197,卖盘
544,09:57:11,44.41,777256,175,卖盘
545,09:57:14,44.42,337539,76,买盘
546,09:57:17,44.42,675148,152,买盘
547,09:57:20,44.42,928217,209,买盘
548,09:57:23,44.42,168795,38,买盘
549,09:57:26,44.42,124376,28,买盘
550,09:57:29,44.42,342020,77,买盘
551,09:57:32,44.42,302040,68,买盘
552,09:57:35,44.43,222107,50,买盘
553,09:57:38,44.43,399822,90,买盘
554,09:57:41,44.43,302094,68,卖盘
555,09:57:44,44.44,1906738,429,买盘
556,09:57:47,44.46,177806,40,买盘
557,09:57:50,44.46,151158,34,买盘
558,09:57:53,44.47,884938,199,买盘
559,09:57:56,44.48,449096,101,买盘
560,09:57:59,44.47,235651,53,卖盘
561,09:58:02,44.47,284613,64,卖盘
562,09:58:05,44.46,35571,8,卖盘
563,09:58:08,44.46,489130,110,卖盘
564,09:58:11,44.46,244487,55,买盘
565,09:58:14,44.46,777868,175,买盘
566,09:58:17,44.46,595499,134,买盘
567,09:58:20,44.45,746418,168,买盘
568,09:58:23,44.43,853192,192,卖盘
569,09:58:26,44.43,555382,125,买盘
570,09:58:29,44.45,13335,3,买盘
571,09:58:32,44.46,271189,61,买盘
572,09:58:35,44.45,200047,45,卖盘
573,09:58:38,44.45,133373,30,卖盘
574,09:58:41,44.46,151136,34,中性盘
575,09:58:44,44.45,617857,139,卖盘
576,09:58:47,44.45,449024,101,卖盘
577,09:58:50,44.45,284417,64,买盘
578,09:58:53,44.45,222250,50,卖盘
579,09:58:56,44.46,262338,59,买盘
580,09:58:59,44.46,31122,7,买盘
581,09:59:02,44.46,413442,93,卖盘
582,09:59:05,44.46,351215,79,买盘
583,09:59:08,44.46,511230,115,买盘
584,09:59:11,44.45,88912,20,卖盘
585,09:59:14,44.44,911192,205,卖盘
586,09:59:17,44.44,1159924,261,卖盘
587,09:59:20,44.43,1226220,276,卖盘
588,09:59:23,44.43,1328261,299,买盘
589,09:59:26,44.41,1572413,354,卖盘
590,09:59:29,44.41,670795,151,卖盘
591,09:59:32,44.43,666425,150,买盘
592,09:59:35,44.43,466478,105,买盘
593,09:59:38,44.43,266577,60,卖盘
594,09:59:41,44.42,48867,11,卖盘
595,09:59:44,44.43,186606,42,买盘
596,09:59:47,44.42,133284,30,卖盘
597,09:59:50,44.42,293179,66,卖盘
598,09:59:53,44.42,146586,33,买盘
599,09:59:56,44.42,222100,50,买盘
600,09:59:59,44.42,310892,70,买盘
601,10:00:02,44.41,279833,63,卖盘
602,10:00:05,44.41,1083634,244,卖盘
603,10:00:08,44.41,1629947,367,卖盘
604,10:00:11,44.41,866076,195,卖盘
605,10:00:14,44.42,408632,92,买盘
606,10:00:17,44.42,497466,112,卖盘
607,10:00:20,44.43,293235,66,买盘
608,10:00:23,44.42,1017197,229,卖盘
609,10:00:26,44.42,328709,74,买盘
610,10:00:29,44.42,297614,67,买盘
611,10:00:32,44.42,1305739,294,买盘
612,10:00:35,44.41,1327270,299,卖盘
613,10:00:38,44.41,594988,134,买盘
614,10:00:41,44.41,670573,151,买盘
615,10:00:44,44.41,621739,140,买盘
616,10:00:47,44.41,458174,103,买盘
617,10:00:50,44.4,1034665,233,卖盘
618,10:00:53,44.4,364185,82,卖盘
619,10:00:56,44.42,1186003,267,买盘
620,10:00:59,44.42,1075066,242,卖盘
621,10:01:02,44.42,413047,93,卖盘
622,10:01:05,44.43,595183,134,买盘
623,10:01:08,44.4,688216,155,卖盘
624,10:01:11,44.41,617370,139,中性盘
625,10:01:14,44.42,244244,55,买盘
626,10:01:17,44.41,559684,126,中性盘
627,10:01:20,44.41,386358,87,卖盘
628,10:01:23,44.4,1123520,253,卖盘
629,10:01:26,44.4,430778,97,卖盘
630,10:01:29,44.41,541795,122,买盘
631,10:01:32,44.41,204308,46,卖盘
632,10:01:35,44.41,182062,41,买盘
633,10:01:38,44.41,461848,104,买盘
634,10:01:41,44.41,137655,31,买盘
635,10:01:44,44.41,457418,103,买盘
636,10:01:47,44.41,111012,25,买盘
637,10:01:50,44.41,417438,94,买盘
638,10:01:53,44.41,115456,26,买盘
639,10:01:56,44.4,319714,72,卖盘
640,10:01:59,44.41,79924,18,买盘
641,10:02:02,44.4,1665057,375,卖盘
642,10:02:05,44.4,1123327,253,卖盘
643,10:02:08,44.4,2251357,507,卖盘
644,10:02:11,44.39,11138700,2509,卖盘
645,10:02:14,44.38,4193977,945,卖盘
646,10:02:17,44.38,168660,38,买盘
647,10:02:20,44.39,798990,180,买盘
648,10:02:23,44.39,44390,10,卖盘
649,10:02:26,44.39,1380818,311,卖盘
650,10:02:29,44.38,439420,99,卖盘
651,10:02:32,44.39,217473,49,买盘
652,10:02:35,44.38,590279,133,卖盘
653,10:02:38,44.38,754498,170,中性盘
654,10:02:41,44.38,168611,38,买盘
655,10:02:44,44.37,323920,73,卖盘
656,10:02:47,44.36,2471444,557,卖盘
657,10:02:50,44.38,643447,145,买盘
658,10:02:53,44.38,1233912,278,卖盘
659,10:02:56,44.38,22190,5,买盘
660,10:02:59,44.36,470348,106,卖盘
661,10:03:02,44.36,341594,77,卖盘
662,10:03:05,44.36,967199,218,卖盘
663,10:03:08,44.36,1494995,337,卖盘
664,10:03:11,44.37,470322,106,买盘
665,10:03:14,44.37,115366,26,卖盘
666,10:03:17,44.37,408209,92,买盘
667,10:03:20,44.38,554655,125,买盘
668,10:03:23,44.39,1215957,274,买盘
669,10:03:26,44.4,1487157,335,买盘
670,10:03:29,44.41,1478757,333,买盘
671,10:03:32,44.4,1287868,290,卖盘
672,10:03:35,44.41,355273,80,买盘
673,10:03:38,44.41,897245,202,卖盘
674,10:03:41,44.41,62180,14,卖盘
675,10:03:44,44.41,377462,85,卖盘
676,10:03:47,44.4,164315,37,卖盘
677,10:03:50,44.4,133204,30,卖盘
678,10:03:53,44.41,230930,52,买盘
679,10:03:56,44.4,390805,88,卖盘
680,10:03:59,44.39,981229,221,卖盘
681,10:04:02,44.38,1527084,344,卖盘
682,10:04:05,44.4,1349472,304,买盘
683,10:04:08,44.38,980883,221,卖盘
684,10:04:11,44.38,1255973,283,卖盘
685,10:04:14,44.39,514810,116,买盘
686,10:04:17,44.39,448320,101,买盘
687,10:04:20,44.39,759172,171,卖盘
688,10:04:23,44.4,102120,23,买盘
689,10:04:26,44.4,359701,81,卖盘
690,10:04:29,44.41,461849,104,买盘
691,10:04:32,44.42,377568,85,买盘
692,10:04:35,44.41,408724,92,卖盘
693,10:04:38,44.43,311010,70,买盘
694,10:04:41,44.43,106623,24,买盘
695,10:04:44,44.43,417627,94,买盘
696,10:04:47,44.43,288742,65,买盘
697,10:04:50,44.43,386536,87,买盘
698,10:04:53,44.43,155502,35,卖盘
699,10:04:56,44.43,275460,62,买盘
700,10:04:59,44.42,310965,70,卖盘
701,10:05:02,44.42,377631,85,卖盘
702,10:05:05,44.43,395420,89,买盘
703,10:05:08,44.43,417642,94,卖盘
704,10:05:11,44.42,1022004,230,卖盘
705,10:05:14,44.43,688698,155,买盘
706,10:05:17,44.44,1643567,370,买盘
707,10:05:20,44.45,480046,108,买盘
708,10:05:23,44.45,44454,10,卖盘
709,10:05:26,44.46,533389,120,买盘
710,10:05:29,44.45,715730,161,中性盘
711,10:05:32,44.45,1159879,261,买盘
712,10:05:35,44.45,631074,142,买盘
713,10:05:38,44.45,155574,35,卖盘
714,10:05:41,44.45,857851,193,买盘
715,10:05:44,44.45,248888,56,卖盘
716,10:05:47,44.46,404488,91,买盘
717,10:05:50,44.45,480102,108,卖盘
718,10:05:53,44.47,1115989,251,买盘
719,10:05:56,44.47,2094983,471,卖盘
720,10:05:59,44.47,533685,120,卖盘
721,10:06:02,44.48,934073,210,买盘
722,10:06:05,44.48,2312913,520,买盘
723,10:06:08,44.5,671751,151,买盘
724,10:06:11,44.49,694164,156,卖盘
725,10:06:14,44.49,1210289,272,卖盘
726,10:06:17,44.5,418250,94,买盘
727,10:06:20,44.5,351523,79,卖盘
728,10:06:23,44.5,689777,155,卖盘
729,10:06:26,44.5,404887,91,买盘
730,10:06:29,44.5,1299256,292,买盘
731,10:06:32,44.51,529633,119,买盘
732,10:06:35,44.48,818738,184,卖盘
733,10:06:38,44.5,195751,44,中性盘
734,10:06:41,44.48,471677,106,卖盘
735,10:06:44,44.49,427111,96,买盘
736,10:06:47,44.51,1361807,306,买盘
737,10:06:50,44.51,342724,77,买盘
738,10:06:53,44.51,574278,129,卖盘
739,10:06:56,44.53,476419,107,买盘
740,10:06:59,44.53,512077,115,买盘
741,10:07:02,44.53,80148,18,买盘
742,10:07:05,44.52,454179,102,卖盘
743,10:07:08,44.51,142434,32,卖盘
744,10:07:11,44.52,365015,82,买盘
745,10:07:14,44.51,316033,71,卖盘
746,10:07:17,44.51,534165,120,卖盘
747,10:07:20,44.51,1001333,225,买盘
748,10:07:23,44.51,356077,80,买盘
749,10:07:26,44.51,347195,78,卖盘
750,10:07:29,44.52,552024,124,买盘
751,10:07:32,44.52,249312,56,买盘
752,10:07:35,44.52,191401,43,买盘
753,10:07:38,44.52,658846,148,买盘
754,10:07:41,44.52,44520,10,卖盘
755,10:07:44,44.52,356234,80,卖盘
756,10:07:47,44.53,311707,70,买盘
757,10:07:50,44.53,507624,114,买盘
758,10:07:53,44.53,53431,12,买盘
759,10:07:56,44.53,966147,217,买盘
760,10:07:59,44.49,1437970,323,卖盘
761,10:08:02,44.5,632013,142,中性盘
762,10:08:05,44.51,689893,155,买盘
763,10:08:08,44.51,307121,69,卖盘
764,10:08:11,44.52,618833,139,买盘
765,10:08:14,44.52,222605,50,卖盘
766,10:08:17,44.53,658972,148,买盘
767,10:08:20,44.54,1215671,273,买盘
768,10:08:23,44.53,685773,154,买盘
769,10:08:26,44.53,71249,16,卖盘
770,10:08:29,44.54,146961,33,买盘
771,10:08:32,44.55,739380,166,买盘
772,10:08:35,44.55,476595,107,买盘
773,10:08:38,44.55,249427,56,买盘
774,10:08:41,44.54,320743,72,卖盘
775,10:08:44,44.55,414299,93,买盘
776,10:08:47,44.55,636992,143,买盘
777,10:08:50,44.56,877651,197,买盘
778,10:08:53,44.56,1969499,442,买盘
779,10:08:56,44.55,686177,154,卖盘
780,10:08:59,44.56,695117,156,买盘
781,10:09:02,44.56,886725,199,卖盘
782,10:09:05,44.57,1176290,264,买盘
783,10:09:08,44.56,628365,141,卖盘
784,10:09:11,44.57,494727,111,买盘
785,10:09:14,44.56,610536,137,卖盘
786,10:09:17,44.56,552616,124,卖盘
787,10:09:20,44.56,120337,27,卖盘
788,10:09:23,44.57,334244,75,买盘
789,10:09:26,44.57,704053,158,买盘
790,10:09:29,44.57,1292455,290,买盘
791,10:09:32,44.57,187178,42,买盘
792,10:09:35,44.57,6306658,1415,买盘
793,10:09:38,44.59,383459,86,买盘
794,10:09:41,44.59,138228,31,买盘
795,10:09:44,44.59,1444716,324,买盘
796,10:09:47,44.59,784803,176,卖盘
797,10:09:50,44.59,325507,73,买盘
798,10:09:53,44.58,2652145,595,卖盘
799,10:09:56,44.57,512653,115,卖盘
800,10:09:59,44.54,3380927,759,卖盘
801,10:10:02,44.56,1211722,272,买盘
802,10:10:05,44.57,1314467,295,买盘
803,10:10:08,44.56,374315,84,卖盘
804,10:10:11,44.57,383302,86,买盘
805,10:10:14,44.57,124794,28,卖盘
806,10:10:17,44.57,579388,130,买盘
807,10:10:20,44.57,476929,107,卖盘
808,10:10:23,44.56,361033,81,卖盘
809,10:10:26,44.57,1047559,235,买盘
810,10:10:29,44.58,744350,167,买盘
811,10:10:32,44.57,209508,47,卖盘
812,10:10:35,44.58,267457,60,买盘
813,10:10:38,44.58,454684,102,买盘
814,10:10:41,44.57,155995,35,卖盘
815,10:10:44,44.57,739945,166,卖盘
816,10:10:47,44.58,419047,94,买盘
817,10:10:50,44.58,463620,104,买盘
818,10:10:53,44.58,548334,123,卖盘
819,10:10:56,44.57,151558,34,卖盘
820,10:10:59,44.58,3131988,703,买盘
821,10:11:02,44.58,222878,50,买盘
822,10:11:05,44.58,784552,176,买盘
823,10:11:08,44.58,887239,199,卖盘
824,10:11:11,44.58,463678,104,卖盘
825,10:11:14,44.57,3439240,772,卖盘
826,10:11:17,44.57,329815,74,买盘
827,10:11:20,44.53,3335500,749,卖盘
828,10:11:23,44.56,3544335,796,买盘
829,10:11:26,44.57,1412660,317,买盘
830,10:11:29,44.54,3164200,711,中性盘
831,10:11:32,44.53,1545857,347,卖盘
832,10:11:35,44.53,1064684,239,卖盘
833,10:11:38,44.55,864035,194,买盘
834,10:11:41,44.53,1028216,231,卖盘
835,10:11:44,44.53,587866,132,卖盘
836,10:11:47,44.53,877229,197,卖盘
837,10:11:50,44.53,365132,82,买盘
838,10:11:53,44.54,663531,149,买盘
839,10:11:56,44.54,289494,65,买盘
840,10:11:59,44.53,485319,109,卖盘
841,10:12:02,44.53,414166,93,卖盘
842,10:12:05,44.53,685520,154,买盘
843,10:12:08,44.53,725713,163,买盘
844,10:12:11,44.54,418645,94,买盘
845,10:12:14,44.54,721496,162,卖盘
846,10:12:17,44.55,418757,94,买盘
847,10:12:20,44.55,262847,59,买盘
848,10:12:23,44.55,142560,32,买盘
849,10:12:26,44.55,200475,45,卖盘
850,10:12:29,44.54,293964,66,卖盘
851,10:12:32,44.54,507734,114,买盘
852,10:12:35,44.54,641329,144,买盘
853,10:12:38,44.55,1514266,340,买盘
854,10:12:41,44.54,543474,122,卖盘
855,10:12:44,44.54,971104,218,卖盘
856,10:12:47,44.54,432127,97,卖盘
857,10:12:50,44.55,369769,83,买盘
858,10:12:53,44.55,311870,70,卖盘
859,10:12:56,44.55,142530,32,卖盘
860,10:12:59,44.55,4455,1,买盘
861,10:13:02,44.55,124737,28,买盘
862,10:13:05,44.55,169288,38,买盘
863,10:13:08,44.55,102465,23,买盘
864,10:13:11,44.55,97990,22,买盘
865,10:13:14,44.54,80183,18,卖盘
866,10:13:17,44.54,320722,72,卖盘
867,10:13:20,44.55,320719,72,买盘
868,10:13:23,44.53,538882,121,卖盘
869,10:13:26,44.53,1277970,287,卖盘
870,10:13:29,44.53,2962394,666,卖盘
871,10:13:32,44.53,1041903,234,买盘
872,10:13:35,44.52,2882469,648,卖盘
873,10:13:38,44.52,569746,128,买盘
874,10:13:41,44.51,1696088,381,卖盘
875,10:13:44,44.51,396062,89,买盘
876,10:13:47,44.51,1018639,229,买盘
877,10:13:50,44.51,623202,140,卖盘
878,10:13:53,44.5,44500,10,中性盘
879,10:13:56,44.49,534092,120,卖盘
880,10:13:59,44.49,169074,38,卖盘
881,10:14:02,44.5,667298,150,买盘
882,10:14:05,44.48,498320,112,卖盘
883,10:14:08,44.48,698528,157,卖盘
884,10:14:11,44.51,151291,34,买盘
885,10:14:14,44.49,418316,94,卖盘
886,10:14:17,44.5,289270,65,中性盘
887,10:14:20,44.5,204705,46,买盘
888,10:14:23,44.5,137949,31,买盘
889,10:14:26,44.49,75634,17,卖盘
890,10:14:29,44.49,703002,158,卖盘
891,10:14:32,44.48,186865,42,卖盘
892,10:14:35,44.47,3597623,809,卖盘
893,10:14:38,44.52,925903,208,买盘
894,10:14:41,44.48,462884,104,卖盘
895,10:14:44,44.51,631980,142,买盘
896,10:14:47,44.49,129048,29,卖盘
897,10:14:50,44.49,84532,19,买盘
898,10:14:53,44.49,142368,32,中性盘
899,10:14:56,44.49,333661,75,买盘
900,10:14:59,44.49,275873,62,卖盘
901,10:15:02,44.48,875948,197,卖盘
902,10:15:05,44.48,106774,24,卖盘
903,10:15:08,44.48,235746,53,买盘
904,10:15:11,44.48,160108,36,买盘
905,10:15:14,44.48,893827,201,买盘
906,10:15:17,44.47,1383170,311,中性盘
907,10:15:20,44.49,516160,116,中性盘
908,10:15:23,44.51,405022,91,买盘
909,10:15:26,44.48,502919,113,卖盘
910,10:15:29,44.5,8900,2,中性盘
911,10:15:32,44.51,427291,96,买盘
912,10:15:35,44.48,378175,85,卖盘
913,10:15:38,44.48,315808,71,买盘
914,10:15:41,44.48,582670,131,买盘
915,10:15:44,44.49,693889,156,买盘
916,10:15:47,44.49,395990,89,买盘
917,10:15:50,44.5,31144,7,中性盘
918,10:15:53,44.5,1290370,290,买盘
919,10:15:56,44.5,253699,57,卖盘
920,10:15:59,44.49,177968,40,卖盘
921,10:16:02,44.5,400433,90,买盘
922,10:16:05,44.49,805138,181,买盘
923,10:16:08,44.49,324777,73,买盘
924,10:16:11,44.5,173546,39,买盘
925,10:16:14,44.52,275961,62,买盘
926,10:16:17,44.5,1637544,368,卖盘
927,10:16:20,44.48,2633216,592,卖盘
928,10:16:23,44.47,311304,70,卖盘
929,10:16:26,44.47,649134,146,买盘
930,10:16:29,44.47,658158,148,卖盘
931,10:16:32,44.47,2464020,554,卖盘
932,10:16:35,44.47,333376,75,买盘
933,10:16:38,44.47,1516239,341,买盘
934,10:16:41,44.46,88920,20,中性盘
935,10:16:44,44.45,795872,179,卖盘
936,10:16:47,44.49,3282612,738,买盘
937,10:16:50,44.48,395928,89,卖盘
938,10:16:53,44.5,578483,130,买盘
939,10:16:56,44.5,952134,214,卖盘
940,10:16:59,44.5,213594,48,买盘
941,10:17:02,44.51,373878,84,买盘
942,10:17:05,44.51,62314,14,卖盘
943,10:17:08,44.52,347161,78,买盘
944,10:17:11,44.52,952924,214,买盘
945,10:17:14,44.54,552281,124,买盘
946,10:17:17,44.51,71219,16,卖盘
947,10:17:20,44.52,431844,97,买盘
948,10:17:23,44.52,195886,44,卖盘
949,10:17:26,44.52,151368,34,买盘
950,10:17:29,44.47,3175600,714,卖盘
951,10:17:32,44.51,965851,217,买盘
952,10:17:35,44.46,3014755,678,卖盘
953,10:17:38,44.5,645236,145,买盘
954,10:17:41,44.51,729940,164,买盘
955,10:17:44,44.5,614237,138,卖盘
956,10:17:47,44.52,2617700,588,买盘
957,10:17:50,44.52,351706,79,买盘
958,10:17:53,44.52,449606,101,买盘
959,10:17:56,44.51,13353,3,卖盘
960,10:17:59,44.48,293698,66,卖盘
961,10:18:02,44.5,249200,56,中性盘
962,10:18:05,44.5,124602,28,买盘
963,10:18:08,44.49,88996,20,卖盘
964,10:18:11,44.49,204693,46,卖盘
965,10:18:14,44.49,324779,73,卖盘
966,10:18:17,44.48,333669,75,卖盘
967,10:18:20,44.48,22240,5,卖盘
968,10:18:23,44.48,427002,96,卖盘
969,10:18:26,44.48,66720,15,买盘
970,10:18:29,44.46,511389,115,卖盘
971,10:18:32,44.47,217922,49,中性盘
972,10:18:35,44.47,137839,31,买盘
973,10:18:38,44.46,373541,84,卖盘
974,10:18:41,44.46,111151,25,卖盘
975,10:18:44,44.46,382356,86,卖盘
976,10:18:47,44.46,71136,16,卖盘
977,10:18:50,44.46,426879,96,中性盘
978,10:18:53,44.45,631226,142,卖盘
979,10:18:56,44.45,720243,162,卖盘
980,10:18:59,44.45,168939,38,卖盘
981,10:19:02,44.45,120015,27,卖盘
982,10:19:05,44.46,257862,58,买盘
983,10:19:08,44.46,537936,121,买盘
984,10:19:11,44.44,711300,160,卖盘
985,10:19:14,44.45,1213491,273,买盘
986,10:19:17,44.46,951234,214,买盘
987,10:19:20,44.46,128926,29,买盘
988,10:19:23,44.47,546972,123,买盘
989,10:19:26,44.47,151201,34,卖盘
990,10:19:29,44.47,320202,72,卖盘
991,10:19:32,44.47,146769,33,中性盘
992,10:19:35,44.47,289059,65,买盘
993,10:19:38,44.48,226840,51,买盘
994,10:19:41,44.47,48920,11,卖盘
995,10:19:44,44.48,1156404,260,买盘
996,10:19:47,44.48,969648,218,买盘
997,10:19:50,44.49,471590,106,买盘
998,10:19:53,44.48,902794,203,卖盘
999,10:19:56,44.47,756154,170,卖盘
1000,10:19:59,44.48,169012,38,买盘
1001,10:20:02,44.47,128985,29,卖盘
1002,10:20:05,44.47,106737,24,卖盘
1003,10:20:08,44.47,453607,102,卖盘
1004,10:20:11,44.47,102291,23,卖盘
1005,10:20:14,44.47,573743,129,卖盘
1006,10:20:17,44.46,324599,73,卖盘
1007,10:20:20,44.46,364639,82,卖盘
1008,10:20:23,44.47,226760,51,买盘
1009,10:20:26,44.47,48916,11,买盘
1010,10:20:29,44.46,502401,113,卖盘
1011,10:20:32,44.47,297926,67,买盘
1012,10:20:35,44.46,320119,72,卖盘
1013,10:20:38,44.46,542386,122,买盘
1014,10:20:41,44.45,195595,44,卖盘
1015,10:20:44,44.45,62230,14,卖盘
1016,10:20:47,44.45,533463,120,卖盘
1017,10:20:50,44.46,213392,48,买盘
1018,10:20:53,44.44,1462379,329,卖盘
1019,10:20:56,44.44,200024,45,卖盘
1020,10:20:59,44.45,635624,143,买盘
1021,10:21:02,44.46,515670,116,买盘
1022,10:21:05,44.46,253417,57,买盘
1023,10:21:08,44.45,93346,21,卖盘
1024,10:21:11,44.45,293384,66,卖盘
1025,10:21:14,44.45,62227,14,买盘
1026,10:21:17,44.45,186685,42,买盘
1027,10:21:20,44.44,200006,45,卖盘
1028,10:21:23,44.44,568924,128,卖盘
1029,10:21:26,44.44,115544,26,卖盘
1030,10:21:29,44.44,328913,74,卖盘
1031,10:21:32,44.44,128877,29,卖盘
1032,10:21:35,44.44,657859,148,卖盘
1033,10:21:38,44.44,293308,66,卖盘
1034,10:21:41,44.45,373378,84,买盘
1035,10:21:44,44.45,1817980,409,买盘
1036,10:21:47,44.45,951213,214,买盘
1037,10:21:50,44.45,537737,121,买盘
1038,10:21:53,44.44,444413,100,卖盘
1039,10:21:56,44.44,542283,122,卖盘
1040,10:21:59,44.45,208871,47,买盘
1041,10:22:02,44.44,711091,160,卖盘
1042,10:22:05,44.44,71110,16,卖盘
1043,10:22:08,44.45,355599,80,买盘
1044,10:22:11,44.44,471064,106,卖盘
1045,10:22:14,44.44,186649,42,卖盘
1046,10:22:17,44.41,3496950,787,卖盘
1047,10:22:20,44.41,226501,51,卖盘
1048,10:22:23,44.43,688636,155,买盘
1049,10:22:26,44.43,2804272,631,买盘
1050,10:22:29,44.44,333295,75,买盘
1051,10:22:32,44.44,844386,190,卖盘
1052,10:22:35,44.44,586608,132,买盘
1053,10:22:38,44.44,93329,21,卖盘
1054,10:22:41,44.45,817871,184,买盘
1055,10:22:44,44.45,493409,111,卖盘
1056,10:22:47,44.45,657806,148,买盘
1057,10:22:50,44.45,84462,19,卖盘
1058,10:22:53,44.45,1280147,288,卖盘
1059,10:22:56,44.45,355664,80,卖盘
1060,10:22:59,44.46,653549,147,买盘
1061,10:23:02,44.45,351211,79,卖盘
1062,10:23:05,44.46,222296,50,买盘
1063,10:23:08,44.45,22225,5,卖盘
1064,10:23:11,44.46,26676,6,买盘
1065,10:23:14,44.45,795671,179,卖盘
1066,10:23:17,44.45,275590,62,买盘
1067,10:23:20,44.45,297815,67,买盘
1068,10:23:23,44.45,333365,75,买盘
1069,10:23:26,44.44,53334,12,卖盘
1070,10:23:32,44.45,168910,38,买盘
1071,10:23:35,44.45,115568,26,买盘
1072,10:23:38,44.44,124456,28,卖盘
1073,10:23:41,44.45,62230,14,买盘
1074,10:23:44,44.45,1849042,416,买盘
1075,10:23:47,44.46,506796,114,买盘
1076,10:23:50,44.46,440221,99,买盘
1077,10:23:53,44.46,102263,23,卖盘
1078,10:23:56,44.47,987214,222,买盘
1079,10:23:59,44.47,80045,18,买盘
1080,10:24:02,44.47,182326,41,买盘
1081,10:24:05,44.46,373474,84,卖盘
1082,10:24:08,44.45,2169831,488,卖盘
1083,10:24:11,44.45,489164,110,卖盘
1084,10:24:14,44.46,111170,25,买盘
1085,10:24:17,44.46,306771,69,买盘
1086,10:24:20,44.45,315604,71,卖盘
1087,10:24:23,44.47,271206,61,买盘
1088,10:24:26,44.46,88927,20,中性盘
1089,10:24:29,44.45,542370,122,卖盘
1090,10:24:32,44.47,151192,34,买盘
1091,10:24:35,44.47,364607,82,买盘
1092,10:24:38,44.46,858251,193,卖盘
1093,10:24:41,44.46,1293680,291,卖盘
1094,10:24:44,44.46,337903,76,买盘
1095,10:24:47,44.47,164539,37,买盘
1096,10:24:50,44.47,289058,65,卖盘
1097,10:24:53,44.48,1080792,243,买盘
1098,10:24:56,44.47,306843,69,卖盘
1099,10:24:59,44.49,306925,69,买盘
1100,10:25:02,44.48,320285,72,卖盘
1101,10:25:05,44.48,84519,19,买盘
1102,10:25:08,44.47,422465,95,卖盘
1103,10:25:11,44.46,231243,52,卖盘
1104,10:25:14,44.46,515749,116,卖盘
1105,10:25:17,44.47,346863,78,买盘
1106,10:25:20,44.46,191180,43,卖盘
1107,10:25:23,44.46,204551,46,卖盘
1108,10:25:26,44.46,595844,134,卖盘
1109,10:25:29,44.47,289052,65,买盘
1110,10:25:35,44.46,360152,81,卖盘
1111,10:25:38,44.46,373517,84,卖盘
1112,10:25:41,44.47,106714,24,买盘
1113,10:25:44,44.47,698115,157,买盘
1114,10:25:47,44.47,440204,99,买盘
1115,10:25:50,44.47,62258,14,买盘
1116,10:25:53,44.5,1392445,313,买盘
1117,10:25:56,44.47,35576,8,中性盘
1118,10:25:59,44.47,578049,130,买盘
1119,10:26:02,44.5,653916,147,买盘
1120,10:26:05,44.49,453636,102,买盘
1121,10:26:08,44.46,200083,45,卖盘
1122,10:26:11,44.48,747424,168,中性盘
1123,10:26:14,44.48,115636,26,买盘
1124,10:26:17,44.47,35576,8,买盘
1125,10:26:20,44.47,146752,33,卖盘
1126,10:26:23,44.47,160089,36,买盘
1127,10:26:26,44.47,124490,28,买盘
1128,10:26:29,44.47,142303,32,买盘
1129,10:26:32,44.47,693662,156,买盘
1130,10:26:35,44.47,315737,71,买盘
1131,10:26:38,44.47,106714,24,买盘
1132,10:26:41,44.47,124513,28,买盘
1133,10:26:44,44.46,1427563,321,卖盘
1134,10:26:47,44.47,351299,79,买盘
1135,10:26:50,44.48,640506,144,买盘
1136,10:26:53,44.48,600480,135,买盘
1137,10:26:56,44.47,80054,18,卖盘
1138,10:26:59,44.48,106752,24,买盘
1139,10:27:02,44.47,591456,133,卖盘
1140,10:27:05,44.47,337971,76,买盘
1141,10:27:08,44.47,253431,57,买盘
1142,10:27:11,44.47,164505,37,买盘
1143,10:27:14,44.46,329030,74,卖盘
1144,10:27:17,44.46,862476,194,买盘
1145,10:27:20,44.46,386802,87,买盘
1146,10:27:26,44.45,422319,95,卖盘
1147,10:27:29,44.46,573446,129,买盘
1148,10:27:32,44.46,404585,91,买盘
1149,10:27:35,44.46,697934,157,买盘
1150,10:27:38,44.46,644630,145,买盘
1151,10:27:41,44.46,200066,45,买盘
1152,10:27:44,44.47,280152,63,买盘
1153,10:27:47,44.47,573664,129,买盘
1154,10:27:50,44.47,449188,101,卖盘
1155,10:27:53,44.47,244555,55,买盘
1156,10:27:56,44.47,168986,38,买盘
1157,10:27:59,44.46,248987,56,卖盘
1158,10:28:02,44.47,275701,62,买盘
1159,10:28:05,44.47,4447,1,买盘
1160,10:28:08,44.47,320140,72,买盘
1161,10:28:11,44.46,231193,52,卖盘
1162,10:28:14,44.46,755851,170,卖盘
1163,10:28:17,44.46,462383,104,买盘
1164,10:28:20,44.46,475770,107,买盘
1165,10:28:23,44.48,822551,185,买盘
1166,10:28:26,44.47,40025,9,卖盘
1167,10:28:29,44.48,386919,87,买盘
1168,10:28:32,44.48,378110,85,卖盘
1169,10:28:35,44.48,177919,40,买盘
1170,10:28:38,44.47,333596,75,卖盘
1171,10:28:41,44.47,244625,55,卖盘
1172,10:28:44,44.48,991872,223,买盘
1173,10:28:47,44.48,284669,64,买盘
1174,10:28:50,44.48,93408,21,卖盘
1175,10:28:53,44.48,240240,54,卖盘
1176,10:28:56,44.48,329153,74,卖盘
1177,10:28:59,44.49,106776,24,买盘
1178,10:29:02,44.49,1361198,306,买盘
1179,10:29:05,44.49,231308,52,买盘
1180,10:29:08,44.49,880902,198,买盘
1181,10:29:11,44.49,22245,5,卖盘
1182,10:29:14,44.49,200228,45,卖盘
1183,10:29:17,44.49,742961,167,卖盘
1184,10:29:20,44.49,422735,95,卖盘
1185,10:29:23,44.49,373736,84,卖盘
1186,10:29:26,44.49,120144,27,卖盘
1187,10:29:29,44.49,1090011,245,卖盘
1188,10:29:32,44.48,266965,60,卖盘
1189,10:29:35,44.5,1156594,260,买盘
1190,10:29:38,44.48,444810,100,卖盘
1191,10:29:41,44.48,595930,134,买盘
1192,10:29:44,44.47,280215,63,卖盘
1193,10:29:47,44.47,511509,115,卖盘
1194,10:29:50,44.47,315737,71,卖盘
1195,10:29:53,44.48,342496,77,买盘
1196,10:29:56,44.48,26688,6,卖盘
1197,10:29:59,44.47,93387,21,卖盘
1198,10:30:02,44.48,333558,75,买盘
1199,10:30:05,44.48,168999,38,买盘
1200,10:30:08,44.48,235744,53,买盘
1201,10:30:11,44.48,231255,52,买盘
1202,10:30:14,44.48,1903954,428,买盘
1203,10:30:17,44.48,88962,20,买盘
1204,10:30:20,44.48,280225,63,卖盘
1205,10:30:23,44.49,1014372,228,买盘
1206,10:30:26,44.49,253595,57,卖盘
1207,10:30:29,44.5,934428,210,买盘
1208,10:30:32,44.49,578399,130,卖盘
1209,10:30:35,44.49,609492,137,卖盘
1210,10:30:38,44.48,796247,179,卖盘
1211,10:30:41,44.47,226800,51,卖盘
1212,10:30:44,44.46,2304043,518,卖盘
1213,10:30:47,44.47,582466,131,买盘
1214,10:30:50,44.47,644816,145,买盘
1215,10:30:53,44.46,62256,14,卖盘
1216,10:30:56,44.47,689284,155,买盘
1217,10:30:59,44.46,787051,177,卖盘
1218,10:31:02,44.48,853832,192,买盘
1219,10:31:05,44.48,1743367,392,买盘
1220,10:31:08,44.47,57809,13,卖盘
1221,10:31:11,44.46,831442,187,卖盘
1222,10:31:14,44.47,351302,79,买盘
1223,10:31:17,44.46,457969,103,卖盘
1224,10:31:20,44.46,1062430,239,卖盘
1225,10:31:23,44.45,546617,123,买盘
1226,10:31:26,44.45,671153,151,买盘
1227,10:31:29,44.45,466679,105,卖盘
1228,10:31:32,44.45,520029,117,买盘
1229,10:31:35,44.44,208840,47,卖盘
1230,10:31:38,44.43,826566,186,卖盘
1231,10:31:41,44.43,244365,55,卖盘
1232,10:31:44,44.43,964202,217,卖盘
1233,10:31:47,44.43,266573,60,买盘
1234,10:31:50,44.42,1221702,275,卖盘
1235,10:31:53,44.4,3495607,787,卖盘
1236,10:31:56,44.4,5461645,1230,卖盘
1237,10:31:59,44.4,1829559,412,卖盘
1238,10:32:02,44.41,595002,134,买盘
1239,10:32:05,44.4,3498616,788,卖盘
1240,10:32:08,44.38,1948322,439,卖盘
1241,10:32:11,44.39,1118774,252,中性盘
1242,10:32:14,44.38,1296131,292,卖盘
1243,10:32:17,44.39,221947,50,买盘
1244,10:32:20,44.4,1051939,237,买盘
1245,10:32:23,44.39,306228,69,中性盘
1246,10:32:26,44.39,439463,99,买盘
1247,10:32:29,44.39,62145,14,卖盘
1248,10:32:32,44.39,310730,70,买盘
1249,10:32:35,44.39,403898,91,买盘
1250,10:32:38,44.39,44384,10,买盘
1251,10:32:41,44.39,155365,35,买盘
1252,10:32:44,44.38,252977,57,卖盘
1253,10:32:47,44.39,253021,57,买盘
1254,10:32:50,44.38,62140,14,卖盘
1255,10:32:53,44.39,377245,85,买盘
1256,10:32:56,44.39,306291,69,买盘
1257,10:32:59,44.39,1798031,405,买盘
1258,10:33:02,44.41,874840,197,买盘
1259,10:33:05,44.42,510830,115,买盘
1260,10:33:08,44.43,853014,192,买盘
1261,10:33:11,44.43,1674889,377,买盘
1262,10:33:14,44.43,2043478,460,买盘
1263,10:33:17,44.41,146564,33,卖盘
1264,10:33:20,44.4,1514223,341,卖盘
1265,10:33:23,44.4,279727,63,卖盘
1266,10:33:26,44.39,324115,73,卖盘
1267,10:33:29,44.39,763463,172,卖盘
1268,10:33:32,44.38,324027,73,卖盘
1269,10:33:35,44.39,954375,215,买盘
1270,10:33:38,44.4,399512,90,买盘
1271,10:33:41,44.38,2428098,547,卖盘
1272,10:33:44,44.4,195279,44,买盘
1273,10:33:47,44.4,865774,195,买盘
1274,10:33:50,44.4,79900,18,买盘
1275,10:33:53,44.39,417266,94,卖盘
1276,10:33:56,44.39,244146,55,买盘
1277,10:33:59,44.39,359560,81,卖盘
1278,10:34:02,44.39,750271,169,卖盘
1279,10:34:05,44.38,155388,35,卖盘
1280,10:34:08,44.38,297399,67,卖盘
1281,10:34:11,44.38,66573,15,卖盘
1282,10:34:14,44.39,319538,72,买盘
1283,10:34:17,44.38,506962,114,卖盘
1284,10:34:20,44.39,1561205,352,买盘
1285,10:34:23,44.39,861161,194,买盘
1286,10:34:26,44.38,48823,11,卖盘
1287,10:34:29,44.38,625787,141,卖盘
1288,10:34:32,44.38,57694,13,卖盘
1289,10:34:35,44.38,284059,64,卖盘
1290,10:34:38,44.39,421704,95,买盘
1291,10:34:41,44.38,643511,145,卖盘
1292,10:34:44,44.39,501605,113,买盘
1293,10:34:47,44.39,159795,36,买盘
1294,10:34:50,44.38,505971,114,卖盘
1295,10:34:53,44.38,71009,16,卖盘
1296,10:34:56,44.38,164206,37,卖盘
1297,10:34:59,44.38,603623,136,卖盘
1298,10:35:02,44.38,195298,44,卖盘
1299,10:35:05,44.38,1002992,226,卖盘
1300,10:35:08,44.38,3682849,830,卖盘
1301,10:35:11,44.38,1539993,347,买盘
1302,10:35:14,44.37,488158,110,卖盘
1303,10:35:17,44.37,935910,211,卖盘
1304,10:35:20,44.38,35504,8,买盘
1305,10:35:23,44.38,869848,196,买盘
1306,10:35:26,44.38,53256,12,买盘
1307,10:35:29,44.38,443781,100,买盘
1308,10:35:32,44.38,53256,12,买盘
1309,10:35:35,44.37,967377,218,卖盘
1310,10:35:38,44.38,363916,82,买盘
1311,10:35:41,44.38,213011,48,买盘
1312,10:35:44,44.38,612444,138,买盘
1313,10:35:47,44.38,155329,35,买盘
1314,10:35:50,44.38,323933,73,买盘
1315,10:35:53,44.38,93198,21,买盘
1316,10:35:56,44.38,328386,74,买盘
1317,10:35:59,44.38,22190,5,买盘
1318,10:36:02,44.37,88740,20,卖盘
1319,10:36:05,44.37,2272197,512,卖盘
1320,10:36:08,44.37,275096,62,卖盘
1321,10:36:11,44.38,1051805,237,买盘
1322,10:36:14,44.38,22190,5,买盘
1323,10:36:17,44.38,31064,7,买盘
1324,10:36:20,44.39,4128467,930,买盘
1325,10:36:23,44.4,381174,86,买盘
1326,10:36:26,44.41,675060,152,买盘
1327,10:36:29,44.42,2229689,502,买盘
1328,10:36:32,44.42,256954,58,买盘
1329,10:36:35,44.42,88840,20,卖盘
1330,10:36:38,44.43,493790,111,买盘
1331,10:36:41,44.43,26653,6,买盘
1332,10:36:47,44.43,173276,39,买盘
1333,10:36:50,44.43,798925,180,买盘
1334,10:36:53,44.43,328780,74,买盘
1335,10:36:56,44.43,39987,9,卖盘
1336,10:36:59,44.43,266585,60,卖盘
1337,10:37:02,44.43,306591,69,卖盘
1338,10:37:05,44.44,1128662,254,买盘
1339,10:37:08,44.43,1084272,244,卖盘
1340,10:37:11,44.43,208823,47,卖盘
1341,10:37:14,44.44,359956,81,买盘
1342,10:37:17,44.43,497560,112,卖盘
1343,10:37:20,44.43,919900,207,卖盘
1344,10:37:23,44.44,666503,150,买盘
1345,10:37:26,44.44,66660,15,买盘
1346,10:37:29,44.43,510946,115,卖盘
1347,10:37:32,44.43,906378,204,买盘
1348,10:37:35,44.43,333231,75,卖盘
1349,10:37:38,44.42,399839,90,卖盘
1350,10:37:41,44.43,26655,6,买盘
1351,10:37:44,44.42,253194,57,卖盘
1352,10:37:47,44.43,382713,86,买盘
1353,10:37:50,44.42,137702,31,买盘
1354,10:37:53,44.42,137701,31,卖盘
1355,10:37:59,44.42,386370,87,买盘
1356,10:38:02,44.42,421965,95,买盘
1357,10:38:05,44.4,146541,33,卖盘
1358,10:38:08,44.41,870318,196,买盘
1359,10:38:11,44.4,13320,3,卖盘
1360,10:38:14,44.4,328629,74,卖盘
1361,10:38:17,44.41,710440,160,买盘
1362,10:38:20,44.41,1963115,442,买盘
1363,10:38:23,44.43,1652838,372,买盘
1364,10:38:26,44.41,1133080,255,卖盘
1365,10:38:29,44.44,439872,99,买盘
1366,10:38:32,44.42,581929,131,卖盘
1367,10:38:35,44.41,204315,46,卖盘
1368,10:38:38,44.42,364223,82,买盘
1369,10:38:41,44.42,275362,62,买盘
1370,10:38:44,44.41,159877,36,卖盘
1371,10:38:47,44.4,386284,87,卖盘
1372,10:38:50,44.41,630576,142,买盘
1373,10:38:53,44.41,17764,4,买盘
1374,10:38:56,44.4,177634,40,卖盘
1375,10:38:59,44.4,510600,115,卖盘
1376,10:39:02,44.4,643819,145,卖盘
1377,10:39:05,44.4,648192,146,买盘
1378,10:39:08,44.39,639223,144,卖盘
1379,10:39:11,44.4,750359,169,买盘
1380,10:39:14,44.4,275279,62,买盘
1381,10:39:17,44.39,483919,109,卖盘
1382,10:39:20,44.39,186479,42,卖盘
1383,10:39:23,44.39,257518,58,卖盘
1384,10:39:26,44.39,248584,56,卖盘
1385,10:39:29,44.39,377317,85,卖盘
1386,10:39:32,44.39,412912,93,卖盘
1387,10:39:35,44.4,528241,119,买盘
1388,10:39:38,44.39,643790,145,卖盘
1389,10:39:41,44.41,506104,114,买盘
1390,10:39:44,44.4,865884,195,卖盘
1391,10:39:47,44.4,213120,48,卖盘
1392,10:39:50,44.4,648285,146,卖盘
1393,10:39:53,44.4,732737,165,卖盘
1394,10:39:56,44.41,257531,58,买盘
1395,10:39:59,44.41,239814,54,买盘
1396,10:40:02,44.4,119906,27,卖盘
1397,10:40:05,44.4,257538,58,卖盘
1398,10:40:08,44.4,888001,200,卖盘
1399,10:40:11,44.4,626143,141,卖盘
1400,10:40:14,44.4,244200,55,卖盘
1401,10:40:17,44.41,270898,61,买盘
1402,10:40:20,44.41,235326,53,买盘
1403,10:40:23,44.41,159874,36,买盘
1404,10:40:26,44.41,324126,73,买盘
1405,10:40:29,44.4,546131,123,卖盘
1406,10:40:32,44.41,528469,119,买盘
1407,10:40:35,44.41,102122,23,买盘
1408,10:40:38,44.41,199825,45,买盘
1409,10:40:41,44.4,253081,57,卖盘
1410,10:40:44,44.4,941331,212,卖盘
1411,10:40:47,44.4,293040,66,卖盘
1412,10:40:50,44.4,852606,192,卖盘
1413,10:40:53,44.4,124295,28,买盘
1414,10:40:56,44.4,399560,90,买盘
1415,10:40:59,44.39,133172,30,卖盘
1416,10:41:02,44.39,253079,57,卖盘
1417,10:41:05,44.39,217513,49,卖盘
1418,10:41:08,44.38,616991,139,卖盘
1419,10:41:11,44.39,670382,151,卖盘
1420,10:41:14,44.39,239706,54,卖盘
1421,10:41:17,44.4,310782,70,买盘
1422,10:41:20,44.39,705942,159,卖盘
1423,10:41:23,44.39,661506,149,卖盘
1424,10:41:26,44.39,26634,6,卖盘
1425,10:41:29,44.4,66594,15,买盘
1426,10:41:32,44.4,1211919,273,买盘
1427,10:41:35,44.4,1070041,241,买盘
1428,10:41:38,44.4,839312,189,卖盘
1429,10:41:41,44.4,368686,83,卖盘
1430,10:41:44,44.41,337513,76,买盘
1431,10:41:47,44.4,723876,163,卖盘
1432,10:41:50,44.41,48851,11,买盘
1433,10:41:53,44.4,448536,101,卖盘
1434,10:41:56,44.41,93255,21,买盘
1435,10:41:59,44.4,1261184,284,卖盘
1436,10:42:02,44.41,111022,25,买盘
1437,10:42:05,44.42,732819,165,买盘
1438,10:42:08,44.4,372961,84,卖盘
1439,10:42:11,44.39,452843,102,卖盘
1440,10:42:14,44.39,839077,189,卖盘
1441,10:42:17,44.4,146516,33,买盘
1442,10:42:20,44.4,426224,96,买盘
1443,10:42:23,44.4,3058012,689,买盘
1444,10:42:26,44.39,1398460,315,卖盘
1445,10:42:29,44.4,887802,200,买盘
1446,10:42:32,44.4,110997,25,买盘
1447,10:42:35,44.39,603815,136,卖盘
1448,10:42:38,44.39,26634,6,买盘
1449,10:42:41,44.38,381703,86,卖盘
1450,10:42:47,44.38,226365,51,卖盘
1451,10:42:50,44.38,661286,149,卖盘
1452,10:42:56,44.38,386180,87,卖盘
1453,10:42:59,44.38,519246,117,卖盘
1454,10:43:02,44.38,505987,114,卖盘
1455,10:43:05,44.38,146481,33,卖盘
1456,10:43:08,44.38,945333,213,卖盘
1457,10:43:11,44.38,816603,184,卖盘
1458,10:43:14,44.37,6207334,1399,卖盘
1459,10:43:17,44.37,727631,164,买盘
1460,10:43:20,44.37,323879,73,买盘
1461,10:43:23,44.37,306147,69,买盘
1462,10:43:26,44.36,443679,100,卖盘
1463,10:43:29,44.36,252859,57,卖盘
1464,10:43:32,44.36,48801,11,卖盘
1465,10:43:35,44.37,452559,102,买盘
1466,10:43:38,44.37,1566015,353,买盘
1467,10:43:41,44.36,1020470,230,卖盘
1468,10:43:44,44.37,275037,62,买盘
1469,10:43:47,44.37,1623661,366,买盘
1470,10:43:50,44.36,39924,9,卖盘
1471,10:43:53,44.37,1677164,378,买盘
1472,10:43:56,44.37,740974,167,买盘
1473,10:43:59,44.37,1703780,384,买盘
1474,10:44:02,44.37,195219,44,买盘
1475,10:44:05,44.36,630041,142,卖盘
1476,10:44:08,44.36,993674,224,卖盘
1477,10:44:11,44.36,1051505,237,卖盘
1478,10:44:14,44.36,177476,40,卖盘
1479,10:44:17,44.36,261759,59,卖盘
1480,10:44:20,44.36,1419669,320,卖盘
1481,10:44:23,44.36,390380,88,卖盘
1482,10:44:26,44.37,683287,154,买盘
1483,10:44:29,44.36,119773,27,卖盘
1484,10:44:32,44.36,190782,43,卖盘
1485,10:44:35,44.37,554556,125,买盘
1486,10:44:38,44.36,745317,168,卖盘
1487,10:44:41,44.36,53233,12,卖盘
1488,10:44:44,44.37,6469133,1458,买盘
1489,10:44:47,44.38,1016278,229,买盘
1490,10:44:50,44.39,1886293,425,买盘
1491,10:44:53,44.39,554827,125,买盘
1492,10:44:56,44.38,128711,29,卖盘
1493,10:44:59,44.39,2891325,651,买盘
1494,10:45:02,44.4,568320,128,买盘
1495,10:45:05,44.41,435210,98,买盘
1496,10:45:08,44.42,97708,22,买盘
1497,10:45:11,44.42,541749,122,买盘
1498,10:45:14,44.41,93261,21,卖盘
1499,10:45:17,44.41,226475,51,买盘
1500,10:45:20,44.41,506176,114,买盘
1501,10:45:23,44.4,381845,86,卖盘
1502,10:45:26,44.4,106572,24,卖盘
1503,10:45:29,44.39,106556,24,卖盘
1504,10:45:32,44.4,199795,45,买盘
1505,10:45:35,44.4,199780,45,买盘
1506,10:45:38,44.4,48840,11,买盘
1507,10:45:41,44.4,310790,70,买盘
1508,10:45:44,44.39,337436,76,卖盘
1509,10:45:47,44.39,1371652,309,卖盘
1510,10:45:50,44.38,62145,14,卖盘
1511,10:45:53,44.39,585945,132,买盘
1512,10:45:56,44.39,48829,11,买盘
1513,10:45:59,44.39,44390,10,买盘
1514,10:46:02,44.39,235267,53,买盘
1515,10:46:05,44.38,346203,78,卖盘
1516,10:46:08,44.39,328486,74,买盘
1517,10:46:11,44.38,93203,21,卖盘
1518,10:46:14,44.38,124291,28,卖盘
1519,10:46:17,44.39,346169,78,买盘
1520,10:46:20,44.38,2045915,461,卖盘
1521,10:46:23,44.38,35504,8,买盘
1522,10:46:26,44.38,1189373,268,买盘
1523,10:46:29,44.38,31065,7,买盘
1524,10:46:32,44.38,923085,208,买盘
1525,10:46:35,44.38,22190,5,买盘
1526,10:46:38,44.38,532538,120,买盘
1527,10:46:41,44.37,75431,17,卖盘
1528,10:46:44,44.37,288443,65,卖盘
1529,10:46:47,44.38,102074,23,买盘
1530,10:46:50,44.38,164206,37,买盘
1531,10:46:53,44.38,22189,5,买盘
1532,10:46:56,44.37,594575,134,卖盘
1533,10:46:59,44.38,226288,51,买盘
1534,10:47:02,44.38,239622,54,买盘
1535,10:47:05,44.37,776587,175,卖盘
1536,10:47:08,44.38,483641,109,买盘
1537,10:47:11,44.38,1073817,242,买盘
1538,10:47:14,44.36,1672637,377,卖盘
1539,10:47:17,44.37,1455521,328,中性盘
1540,10:47:20,44.37,2218003,500,买盘
1541,10:47:23,44.37,119776,27,买盘
1542,10:47:26,44.37,1291165,291,买盘
1543,10:47:29,44.37,4437,1,买盘
1544,10:47:32,44.37,745406,168,买盘
1545,10:47:35,44.37,346080,78,买盘
1546,10:47:38,44.37,1024873,231,买盘
1547,10:47:41,44.36,128665,29,卖盘
1548,10:47:44,44.37,17747,4,买盘
1549,10:47:47,44.38,5475088,1234,买盘
1550,10:47:50,44.39,4944086,1114,买盘
1551,10:47:53,44.4,1367223,308,买盘
1552,10:47:56,44.4,1642800,370,买盘
1553,10:47:59,44.41,652824,147,买盘
1554,10:48:02,44.42,612978,138,买盘
1555,10:48:05,44.43,821955,185,买盘
1556,10:48:08,44.44,26664,6,买盘
1557,10:48:11,44.44,488819,110,买盘
1558,10:48:14,44.45,1848648,416,买盘
1559,10:48:17,44.45,853398,192,买盘
1560,10:48:20,44.45,466716,105,买盘
1561,10:48:23,44.45,1155200,260,买盘
1562,10:48:26,44.44,835655,188,中性盘
1563,10:48:29,44.45,128900,29,买盘
1564,10:48:32,44.45,217782,49,买盘
1565,10:48:35,44.43,62211,14,卖盘
1566,10:48:38,44.43,364350,82,卖盘
1567,10:48:41,44.44,542119,122,买盘
1568,10:48:44,44.44,17776,4,买盘
1569,10:48:47,44.44,515437,116,买盘
1570,10:48:50,44.44,564369,127,买盘
1571,10:48:53,44.43,1510763,340,卖盘
1572,10:48:56,44.43,986346,222,卖盘
1573,10:48:59,44.43,1035209,233,买盘
1574,10:49:02,44.43,386567,87,卖盘
1575,10:49:05,44.43,510946,115,卖盘
1576,10:49:08,44.43,1013004,228,卖盘
1577,10:49:11,44.43,199935,45,卖盘
1578,10:49:14,44.43,484266,109,买盘
1579,10:49:17,44.42,550719,124,卖盘
1580,10:49:20,44.41,568582,128,卖盘
1581,10:49:23,44.42,31094,7,中性盘
1582,10:49:26,44.42,31091,7,买盘
1583,10:49:29,44.41,1168017,263,卖盘
1584,10:49:32,44.42,71057,16,买盘
1585,10:49:35,44.41,795067,179,卖盘
1586,10:49:38,44.42,1900986,428,买盘
1587,10:49:41,44.42,408616,92,买盘
1588,10:49:44,44.43,395360,89,买盘
1589,10:49:47,44.42,1248273,281,卖盘
1590,10:49:50,44.42,603997,136,买盘
1591,10:49:53,44.42,546325,123,买盘
1592,10:49:56,44.42,684068,154,卖盘
1593,10:49:59,44.42,892707,201,买盘
1594,10:50:02,44.41,377524,85,卖盘
1595,10:50:05,44.42,355360,80,买盘
1596,10:50:08,44.41,71069,16,卖盘
1597,10:50:11,44.41,133230,30,卖盘
1598,10:50:14,44.41,1026038,231,中性盘
1599,10:50:17,44.43,972669,219,买盘
1600,10:50:20,44.44,1275135,287,买盘
1601,10:50:23,44.43,93303,21,买盘
1602,10:50:26,44.42,1199429,270,卖盘
1603,10:50:29,44.42,164356,37,卖盘
1604,10:50:32,44.43,590911,133,买盘
1605,10:50:35,44.43,1364189,307,卖盘
1606,10:50:38,44.42,515260,116,卖盘
1607,10:50:41,44.42,93282,21,买盘
1608,10:50:44,44.42,364244,82,卖盘
1609,10:50:47,44.42,701839,158,卖盘
1610,10:50:50,44.42,728483,164,买盘
1611,10:50:53,44.42,1048513,236,卖盘
1612,10:50:56,44.43,1119487,252,买盘
1613,10:50:59,44.42,457465,103,卖盘
1614,10:51:02,44.42,870632,196,买盘
1615,10:51:05,44.41,177682,40,卖盘
1616,10:51:08,44.41,568534,128,卖盘
1617,10:51:11,44.41,106584,24,卖盘
1618,10:51:14,44.41,657302,148,卖盘
1619,10:51:17,44.42,546244,123,买盘
1620,10:51:20,44.42,1878914,423,买盘
1621,10:51:23,44.42,399771,90,买盘
1622,10:51:26,44.42,466408,105,买盘
1623,10:51:29,44.41,106598,24,卖盘
1624,10:51:32,44.42,457481,103,买盘
1625,10:51:35,44.41,586219,132,卖盘
1626,10:51:38,44.41,715001,161,买盘
1627,10:51:41,44.41,288658,65,买盘
1628,10:51:44,44.42,519598,117,买盘
1629,10:51:47,44.42,1678903,378,买盘
1630,10:51:50,44.42,2051826,462,卖盘
1631,10:51:53,44.43,5117465,1152,中性盘
1632,10:51:56,44.42,311068,70,卖盘
1633,10:51:59,44.44,1625866,366,买盘
1634,10:52:02,44.45,1031205,232,买盘
1635,10:52:05,44.44,928944,209,卖盘
1636,10:52:08,44.45,13335,3,中性盘
1637,10:52:11,44.45,31110,7,买盘
1638,10:52:14,44.44,182204,41,卖盘
1639,10:52:17,44.45,568852,128,买盘
1640,10:52:20,44.44,373385,84,卖盘
1641,10:52:23,44.44,164422,37,卖盘
1642,10:52:26,44.44,177760,40,买盘
1643,10:52:29,44.43,311011,70,卖盘
1644,10:52:32,44.44,253307,57,买盘
1645,10:52:35,44.43,191050,43,卖盘
1646,10:52:38,44.44,830880,187,买盘
1647,10:52:41,44.43,93308,21,卖盘
1648,10:52:44,44.44,151082,34,买盘
1649,10:52:47,44.43,315512,71,卖盘
1650,10:52:50,44.44,604384,136,买盘
1651,10:52:53,44.44,293309,66,卖盘
1652,10:52:56,44.45,657859,148,买盘
1653,10:52:59,44.44,466636,105,卖盘
1654,10:53:02,44.46,777910,175,买盘
1655,10:53:05,44.46,635739,143,买盘
1656,10:53:08,44.47,462488,104,买盘
1657,10:53:11,44.47,1347747,303,买盘
1658,10:53:14,44.47,93387,21,买盘
1659,10:53:17,44.47,160090,36,买盘
1660,10:53:20,44.47,822923,185,卖盘
1661,10:53:23,44.47,146751,33,买盘
1662,10:53:26,44.47,275714,62,卖盘
1663,10:53:29,44.48,338021,76,买盘
1664,10:53:32,44.48,257943,58,买盘
1665,10:53:35,44.46,462470,104,卖盘
1666,10:53:38,44.44,964780,217,卖盘
1667,10:53:41,44.45,373463,84,中性盘
1668,10:53:44,44.46,399979,90,买盘
1669,10:53:47,44.44,751219,169,卖盘
1670,10:53:50,44.45,168910,38,中性盘
1671,10:53:53,44.46,737807,166,买盘
1672,10:53:56,44.45,293418,66,卖盘
1673,10:53:59,44.46,520270,117,买盘
1674,10:54:02,44.46,951307,214,买盘
1675,10:54:05,44.47,733699,165,买盘
1676,10:54:08,44.47,97834,22,卖盘
1677,10:54:11,44.47,84493,19,买盘
1678,10:54:14,44.47,80046,18,买盘
1679,10:54:17,44.46,266771,60,卖盘
1680,10:54:20,44.46,244580,55,卖盘
1681,10:54:23,44.47,53364,12,买盘
1682,10:54:26,44.46,297902,67,卖盘
1683,10:54:29,44.46,231192,52,卖盘
1684,10:54:32,44.47,177874,40,买盘
1685,10:54:35,44.46,493566,111,卖盘
1686,10:54:38,44.46,529139,119,卖盘
1687,10:54:41,44.47,164543,37,买盘
1688,10:54:44,44.46,213455,48,卖盘
1689,10:54:47,44.47,222333,50,买盘
1690,10:54:50,44.46,489068,110,中性盘
1691,10:54:53,44.47,324631,73,买盘
1692,10:54:56,44.46,48907,11,卖盘
1693,10:54:59,44.46,311234,70,卖盘
1694,10:55:02,44.46,262315,59,买盘
1695,10:55:05,44.47,444649,100,买盘
1696,10:55:08,44.47,22235,5,卖盘
1697,10:55:11,44.47,208963,47,买盘
1698,10:55:14,44.47,511357,115,买盘
1699,10:55:17,44.47,271267,61,卖盘
1700,10:55:20,44.47,520413,117,卖盘
1701,10:55:23,44.46,164511,37,卖盘
1702,10:55:26,44.47,213429,48,买盘
1703,10:55:29,44.46,306782,69,卖盘
1704,10:55:32,44.46,373502,84,卖盘
1705,10:55:35,44.47,449131,101,买盘
1706,10:55:38,44.48,386951,87,买盘
1707,10:55:41,44.47,93386,21,卖盘
1708,10:55:44,44.46,280097,63,卖盘
1709,10:55:47,44.45,124484,28,卖盘
1710,10:55:50,44.46,262292,59,买盘
1711,10:55:53,44.46,253422,57,买盘
1712,10:55:56,44.46,404514,91,买盘
1713,10:55:59,44.47,484654,109,买盘
1714,10:56:02,44.46,102262,23,买盘
1715,10:56:05,44.46,484653,109,卖盘
1716,10:56:08,44.46,160056,36,买盘
1717,10:56:11,44.46,173394,39,卖盘
1718,10:56:14,44.45,2538592,571,卖盘
1719,10:56:17,44.45,840449,189,卖盘
1720,10:56:20,44.46,57798,13,卖盘
1721,10:56:23,44.48,475926,107,买盘
1722,10:56:26,44.47,22235,5,卖盘
1723,10:56:29,44.44,97796,22,卖盘
1724,10:56:32,44.48,502514,113,买盘
1725,10:56:35,44.47,435786,98,卖盘
1726,10:56:38,44.46,440223,99,卖盘
1727,10:56:41,44.46,80028,18,买盘
1728,10:56:44,44.46,502324,113,买盘
1729,10:56:47,44.45,431243,97,卖盘
1730,10:56:50,44.46,315624,71,卖盘
1731,10:56:53,44.45,1155814,260,卖盘
1732,10:56:59,44.45,475615,107,卖盘
1733,10:57:02,44.46,991384,223,买盘
1734,10:57:05,44.46,222256,50,买盘
1735,10:57:08,44.46,506793,114,买盘
1736,10:57:11,44.46,1218148,274,买盘
1737,10:57:14,44.46,800183,180,买盘
1738,10:57:17,44.43,564497,127,卖盘
1739,10:57:20,44.46,240085,54,卖盘
1740,10:57:23,44.46,1147190,258,卖盘
1741,10:57:26,44.46,288994,65,买盘
1742,10:57:29,44.47,262284,59,中性盘
1743,10:57:32,44.45,200027,45,卖盘
1744,10:57:35,44.47,542444,122,买盘
1745,10:57:38,44.46,262266,59,中性盘
1746,10:57:41,44.46,328971,74,买盘
1747,10:57:44,44.45,151133,34,卖盘
1748,10:57:47,44.46,560116,126,买盘
1749,10:57:50,44.45,142229,32,卖盘
1750,10:57:53,44.45,164440,37,买盘
1751,10:57:56,44.44,719998,162,卖盘
1752,10:57:59,44.44,315524,71,卖盘
1753,10:58:02,44.44,750974,169,买盘
1754,10:58:05,44.44,240028,54,卖盘
1755,10:58:08,44.45,924467,208,中性盘
1756,10:58:11,44.44,71105,16,卖盘
1757,10:58:14,44.45,342212,77,买盘
1758,10:58:17,44.43,253313,57,卖盘
1759,10:58:20,44.45,382228,86,买盘
1760,10:58:23,44.45,191097,43,卖盘
1761,10:58:26,44.44,84446,19,卖盘
1762,10:58:29,44.45,733313,165,买盘
1763,10:58:32,44.45,360092,81,卖盘
1764,10:58:35,44.44,577811,130,卖盘
1765,10:58:38,44.44,151096,34,卖盘
1766,10:58:41,44.45,373334,84,中性盘
1767,10:58:44,44.44,133320,30,卖盘
1768,10:58:47,44.45,404472,91,买盘
1769,10:58:50,44.45,13333,3,买盘
1770,10:58:53,44.44,1137695,256,卖盘
1771,10:58:56,44.44,208868,47,买盘
1772,10:58:59,44.44,417713,94,卖盘
1773,10:59:02,44.44,715577,161,卖盘
1774,10:59:05,44.43,382183,86,卖盘
1775,10:59:08,44.44,355477,80,买盘
1776,10:59:11,44.44,177743,40,买盘
1777,10:59:14,44.44,777555,175,买盘
1778,10:59:17,44.43,248816,56,卖盘
1779,10:59:20,44.44,328854,74,买盘
1780,10:59:23,44.44,475468,107,卖盘
1781,10:59:26,44.44,142202,32,买盘
1782,10:59:29,44.44,430985,97,买盘
1783,10:59:32,44.45,515489,116,买盘
1784,10:59:35,44.43,208822,47,卖盘
1785,10:59:38,44.43,537569,121,卖盘
1786,10:59:41,44.43,124404,28,卖盘
1787,10:59:44,44.43,470943,106,卖盘
1788,10:59:47,44.43,337697,76,卖盘
1789,10:59:50,44.43,657608,148,卖盘
1790,10:59:53,44.43,222151,50,卖盘
1791,10:59:56,44.44,226644,51,买盘
1792,10:59:59,44.44,484210,109,卖盘
1793,11:00:02,44.42,582097,131,卖盘
1794,11:00:05,44.43,208823,47,中性盘
1795,11:00:08,44.42,422030,95,卖盘
1796,11:00:11,44.43,79976,18,买盘
1797,11:00:14,44.43,164374,37,卖盘
1798,11:00:17,44.42,417632,94,卖盘
1799,11:00:20,44.43,235485,53,卖盘
1800,11:00:23,44.44,519805,117,买盘
1801,11:00:26,44.43,239907,54,买盘
1802,11:00:29,44.43,128847,29,卖盘
1803,11:00:32,44.43,759778,171,卖盘
1804,11:00:35,44.43,177742,40,卖盘
1805,11:00:38,44.41,493123,111,卖盘
1806,11:00:41,44.42,386506,87,卖盘
1807,11:00:44,44.42,719572,162,买盘
1808,11:00:47,44.42,484167,109,买盘
1809,11:00:53,44.41,595205,134,卖盘
1810,11:00:56,44.44,302141,68,买盘
1811,11:00:59,44.42,168812,38,卖盘
1812,11:01:02,44.43,502035,113,买盘
1813,11:01:05,44.43,199891,45,买盘
1814,11:01:08,44.42,417597,94,卖盘
1815,11:01:11,44.42,31095,7,卖盘
1816,11:01:14,44.42,359804,81,卖盘
1817,11:01:17,44.41,404213,91,卖盘
1818,11:01:20,44.41,128791,29,卖盘
1819,11:01:23,44.41,288691,65,卖盘
1820,11:01:26,44.41,288665,65,卖盘
1821,11:01:29,44.4,510674,115,卖盘
1822,11:01:32,44.4,479597,108,卖盘
1823,11:01:35,44.41,293106,66,买盘
1824,11:01:38,44.41,848043,191,买盘
1825,11:01:41,44.4,990230,223,卖盘
1826,11:01:44,44.4,1003379,226,买盘
1827,11:01:47,44.39,972296,219,卖盘
1828,11:01:50,44.41,439613,99,买盘
1829,11:01:53,44.4,648160,146,卖盘
1830,11:01:56,44.39,53274,12,中性盘
1831,11:01:59,44.39,989980,223,卖盘
1832,11:02:02,44.41,390746,88,买盘
1833,11:02:05,44.41,426327,96,买盘
1834,11:02:08,44.41,541646,122,买盘
1835,11:02:11,44.41,639437,144,买盘
1836,11:02:14,44.4,341830,77,卖盘
1837,11:02:17,44.4,555088,125,卖盘
1838,11:02:20,44.41,57723,13,买盘
1839,11:02:23,44.41,643788,145,买盘
1840,11:02:26,44.39,26639,6,中性盘
1841,11:02:29,44.39,594849,134,卖盘
1842,11:02:32,44.39,266389,60,卖盘
1843,11:02:35,44.4,44400,10,买盘
1844,11:02:38,44.39,359612,81,卖盘
1845,11:02:41,44.4,84360,19,买盘
1846,11:02:44,44.4,346320,78,卖盘
1847,11:02:47,44.39,324135,73,卖盘
1848,11:02:50,44.39,17756,4,卖盘
1849,11:02:53,44.4,5003873,1127,卖盘
1850,11:02:56,44.41,648336,146,买盘
1851,11:02:59,44.41,1167975,263,卖盘
1852,11:03:02,44.4,1168211,263,卖盘
1853,11:03:05,44.4,368522,83,买盘
1854,11:03:08,44.4,728257,164,卖盘
1855,11:03:11,44.4,39962,9,卖盘
1856,11:03:14,44.42,652760,147,买盘
1857,11:03:17,44.42,3238602,729,卖盘
1858,11:03:20,44.42,1008512,227,卖盘
1859,11:03:23,44.38,665975,150,卖盘
1860,11:03:26,44.42,724186,163,卖盘
1861,11:03:29,44.42,821641,185,卖盘
1862,11:03:32,44.42,679720,153,卖盘
1863,11:03:35,44.44,186612,42,买盘
1864,11:03:38,44.42,444098,100,卖盘
1865,11:03:41,44.43,168832,38,买盘
1866,11:03:44,44.43,475357,107,卖盘
1867,11:03:47,44.39,955299,215,卖盘
1868,11:03:50,44.43,195487,44,中性盘
1869,11:03:53,44.42,475226,107,中性盘
1870,11:03:56,44.42,48860,11,买盘
1871,11:03:59,44.41,1607272,362,卖盘
1872,11:04:02,44.41,1371905,309,买盘
1873,11:04:05,44.41,572845,129,买盘
1874,11:04:08,44.39,674956,152,卖盘
1875,11:04:11,44.41,2689666,606,买盘
1876,11:04:14,44.42,879084,198,买盘
1877,11:04:17,44.37,1256780,283,卖盘
1878,11:04:20,44.42,230944,52,买盘
1879,11:04:23,44.38,1332617,300,卖盘
1880,11:04:26,44.42,364001,82,中性盘
1881,11:04:29,44.39,603809,136,卖盘
1882,11:04:32,44.39,661582,149,卖盘
1883,11:04:35,44.41,182046,41,买盘
1884,11:04:38,44.4,239716,54,中性盘
1885,11:04:41,44.41,381854,86,买盘
1886,11:04:44,44.4,484005,109,卖盘
1887,11:04:47,44.4,142076,32,买盘
1888,11:04:50,44.4,448403,101,买盘
1889,11:04:53,44.39,643682,145,卖盘
1890,11:04:56,44.4,501720,113,买盘
1891,11:04:59,44.39,488301,110,卖盘
1892,11:05:02,44.4,235320,53,买盘
1893,11:05:05,44.39,577108,130,卖盘
1894,11:05:08,44.39,479461,108,卖盘
1895,11:05:11,44.4,284138,64,买盘
1896,11:05:14,44.38,701332,158,卖盘
1897,11:05:17,44.38,648057,146,卖盘
1898,11:05:20,44.38,4886330,1101,卖盘
1899,11:05:23,44.39,1340347,302,买盘
1900,11:05:26,44.39,186429,42,买盘
1901,11:05:29,44.4,1522587,343,买盘
1902,11:05:32,44.4,359589,81,买盘
1903,11:05:35,44.38,439550,99,卖盘
1904,11:05:38,44.38,421583,95,卖盘
1905,11:05:41,44.4,248532,56,买盘
1906,11:05:44,44.38,2183050,492,卖盘
1907,11:05:47,44.39,754622,170,买盘
1908,11:05:50,44.39,426144,96,买盘
1909,11:05:53,44.38,1007481,227,卖盘
1910,11:05:56,44.39,301852,68,买盘
1911,11:05:59,44.38,39948,9,卖盘
1912,11:06:02,44.38,377303,85,卖盘
1913,11:06:05,44.39,909785,205,买盘
1914,11:06:08,44.39,585930,132,买盘
1915,11:06:11,44.37,390524,88,卖盘
1916,11:06:14,44.38,758781,171,买盘
1917,11:06:17,44.38,616811,139,买盘
1918,11:06:20,44.37,528041,119,卖盘
1919,11:06:23,44.37,559060,126,买盘
1920,11:06:26,44.37,332841,75,卖盘
1921,11:06:29,44.37,221854,50,卖盘
1922,11:06:32,44.36,4866720,1097,卖盘
1923,11:06:35,44.35,3101234,699,卖盘
1924,11:06:38,44.39,1064811,240,买盘
1925,11:06:41,44.36,306134,69,卖盘
1926,11:06:44,44.35,12298516,2773,卖盘
1927,11:06:47,44.34,3648833,823,卖盘
1928,11:06:50,44.35,2411973,544,买盘
1929,11:06:53,44.35,521841,118,买盘
1930,11:06:56,44.35,913512,206,买盘
1931,11:06:59,44.34,456744,103,卖盘
1932,11:07:02,44.34,684350,154,卖盘
1933,11:07:05,44.34,656281,148,卖盘
1934,11:07:08,44.35,576473,130,买盘
1935,11:07:11,44.35,563162,127,买盘
1936,11:07:14,44.34,2017883,455,卖盘
1937,11:07:17,44.35,1862306,420,买盘
1938,11:07:20,44.34,838129,189,卖盘
1939,11:07:23,44.34,363588,82,卖盘
1940,11:07:26,44.34,926713,209,卖盘
1941,11:07:29,44.34,212832,48,卖盘
1942,11:07:32,44.33,651688,147,卖盘
1943,11:07:35,44.33,368016,83,卖盘
1944,11:07:38,44.34,124134,28,买盘
1945,11:07:41,44.33,2039180,460,卖盘
1946,11:07:44,44.34,97535,22,买盘
1947,11:07:47,44.34,1281379,289,买盘
1948,11:07:50,44.35,1246145,281,买盘
1949,11:07:53,44.36,523435,118,买盘
1950,11:07:56,44.36,239507,54,买盘
1951,11:07:59,44.35,785085,177,卖盘
1952,11:08:02,44.36,221799,50,买盘
1953,11:08:05,44.34,430144,97,卖盘
1954,11:08:08,44.35,44354,10,中性盘
1955,11:08:11,44.35,527702,119,买盘
1956,11:08:14,44.35,88686,20,买盘
1957,11:08:17,44.35,381402,86,买盘
1958,11:08:20,44.34,239439,54,卖盘
1959,11:08:23,44.34,784866,177,卖盘
1960,11:08:26,44.34,39906,9,卖盘
1961,11:08:29,44.35,616339,139,买盘
1962,11:08:32,44.34,1272713,287,卖盘
1963,11:08:35,44.34,212832,48,卖盘
1964,11:08:38,44.34,434531,98,买盘
1965,11:08:41,44.34,128575,29,买盘
1966,11:08:44,44.34,381324,86,买盘
1967,11:08:47,44.33,230560,52,卖盘
1968,11:08:50,44.34,26604,6,买盘
1969,11:08:53,44.33,345834,78,卖盘
1970,11:08:56,44.34,642797,145,买盘
1971,11:08:59,44.34,505435,114,买盘
1972,11:09:02,44.33,1312194,296,卖盘
1973,11:09:05,44.34,815678,184,买盘
1974,11:09:08,44.33,168456,38,卖盘
1975,11:09:11,44.33,62071,14,卖盘
1976,11:09:14,44.33,336983,76,卖盘
1977,11:09:17,44.33,301447,68,卖盘
1978,11:09:20,44.33,656115,148,卖盘
1979,11:09:23,44.33,571925,129,卖盘
1980,11:09:26,44.34,35465,8,买盘
1981,11:09:29,44.34,425603,96,买盘
1982,11:09:32,44.33,115258,26,卖盘
1983,11:09:35,44.33,354700,80,卖盘
1984,11:09:38,44.34,132993,30,买盘
1985,11:09:41,44.33,447771,101,卖盘
1986,11:09:44,44.33,208358,47,卖盘
1987,11:09:47,44.33,372435,84,卖盘
1988,11:09:50,44.33,638374,144,卖盘
1989,11:09:53,44.33,186188,42,卖盘
1990,11:09:56,44.33,1467418,331,卖盘
1991,11:09:59,44.33,633919,143,卖盘
1992,11:10:02,44.34,1156970,261,买盘
1993,11:10:05,44.33,203954,46,卖盘
1994,11:10:08,44.34,447834,101,买盘
1995,11:10:11,44.33,975464,220,卖盘
1996,11:10:14,44.34,496604,112,买盘
1997,11:10:17,44.35,372489,84,买盘
1998,11:10:20,44.34,155215,35,卖盘
1999,11:10:23,44.35,412396,93,买盘
2000,11:10:26,44.35,26609,6,买盘
2001,11:10:29,44.34,19353416,4368,卖盘
2002,11:10:32,44.35,1006570,227,买盘
2003,11:10:35,44.35,150790,34,买盘
2004,11:10:38,44.36,585551,132,买盘
2005,11:10:41,44.37,1268983,286,买盘
2006,11:10:44,44.38,514807,116,买盘
2007,11:10:47,44.39,1211764,273,买盘
2008,11:10:50,44.39,3387158,763,卖盘
2009,11:10:53,44.4,1872815,422,买盘
2010,11:10:56,44.4,337401,76,买盘
2011,11:10:59,44.39,31073,7,买盘
2012,11:11:05,44.38,213024,48,买盘
2013,11:11:08,44.36,133099,30,卖盘
2014,11:11:11,44.36,141978,32,卖盘
2015,11:11:14,44.36,678708,153,卖盘
2016,11:11:17,44.36,492356,111,买盘
2017,11:11:20,44.35,226215,51,卖盘
2018,11:11:23,44.35,572115,129,卖盘
2019,11:11:26,44.35,660911,149,卖盘
2020,11:11:29,44.36,248370,56,买盘
2021,11:11:32,44.36,749684,169,买盘
2022,11:11:35,44.38,514640,116,买盘
2023,11:11:38,44.37,368280,83,中性盘
2024,11:11:41,44.38,75446,17,买盘
2025,11:11:44,44.38,150892,34,卖盘
2026,11:11:47,44.37,26622,6,卖盘
2027,11:11:50,44.38,164204,37,买盘
2028,11:11:53,44.37,261783,59,卖盘
2029,11:11:56,44.37,363878,82,卖盘
2030,11:11:59,44.38,301719,68,买盘
2031,11:12:02,44.37,479267,108,卖盘
2032,11:12:05,44.37,399365,90,卖盘
2033,11:12:08,44.37,483696,109,卖盘
2034,11:12:14,44.37,150855,34,卖盘
2035,11:12:17,44.37,337200,76,买盘
2036,11:12:20,44.37,204068,46,买盘
2037,11:12:23,44.37,168606,38,买盘
2038,11:12:26,44.37,22184,5,买盘
2039,11:12:29,44.36,297241,67,卖盘
2040,11:12:32,44.37,252909,57,买盘
2041,11:12:35,44.36,288341,65,卖盘
2042,11:12:38,44.37,208533,47,买盘
2043,11:12:41,44.36,146388,33,卖盘
2044,11:12:44,44.36,110919,25,卖盘
2045,11:12:47,44.36,275058,62,卖盘
2046,11:12:50,44.36,137545,31,卖盘
2047,11:12:56,44.36,496835,112,卖盘
2048,11:12:59,44.37,745397,168,买盘
2049,11:13:02,44.36,257310,58,卖盘
2050,11:13:05,44.36,243981,55,卖盘
2051,11:13:08,44.36,625574,141,卖盘
2052,11:13:11,44.36,257289,58,卖盘
2053,11:13:14,44.36,443647,100,卖盘
2054,11:13:17,44.36,381497,86,卖盘
2055,11:13:20,44.37,448126,101,买盘
2056,11:13:23,44.36,501268,113,卖盘
2057,11:13:26,44.36,75411,17,中性盘
2058,11:13:29,44.35,501325,113,卖盘
2059,11:13:32,44.36,84278,19,买盘
2060,11:13:35,44.36,829487,187,买盘
2061,11:13:38,44.37,22183,5,买盘
2062,11:13:41,44.36,1495016,337,卖盘
2063,11:13:44,44.36,279523,63,卖盘
2064,11:13:47,44.36,727401,164,买盘
2065,11:13:50,44.36,554586,125,卖盘
2066,11:13:53,44.35,505683,114,卖盘
2067,11:13:56,44.37,558991,126,买盘
2068,11:13:59,44.34,452453,102,卖盘
2069,11:14:02,44.36,439219,99,中性盘
2070,11:14:05,44.34,447844,101,卖盘
2071,11:14:08,44.35,13307,3,中性盘
2072,11:14:11,44.36,674183,152,买盘
2073,11:14:14,44.35,141921,32,卖盘
2074,11:14:17,44.35,1020047,230,买盘
2075,11:14:20,44.35,57660,13,卖盘
2076,11:14:23,44.36,643156,145,买盘
2077,11:14:26,44.35,164095,37,卖盘
2078,11:14:29,44.34,722904,163,卖盘
2079,11:14:32,44.36,873563,197,中性盘
2080,11:14:35,44.36,723077,163,买盘
2081,11:14:38,44.35,62098,14,卖盘
2082,11:14:41,44.34,124173,28,卖盘
2083,11:14:44,44.35,31041,7,买盘
2084,11:14:47,44.35,115304,26,买盘
2085,11:14:50,44.35,119745,27,买盘
2086,11:14:53,44.34,554303,125,卖盘
2087,11:14:56,44.34,177371,40,卖盘
2088,11:14:59,44.37,1499279,338,买盘
2089,11:15:02,44.38,1064909,240,买盘
2090,11:15:05,44.37,355025,80,卖盘
2091,11:15:08,44.37,252904,57,买盘
2092,11:15:11,44.36,115354,26,卖盘
2093,11:15:14,44.37,239593,54,买盘
2094,11:15:17,44.37,128670,29,买盘
2095,11:15:20,44.37,217413,49,买盘
2096,11:15:23,44.36,79863,18,卖盘
2097,11:15:26,44.36,79857,18,卖盘
2098,11:15:29,44.36,385932,87,卖盘
2099,11:15:32,44.37,221824,50,买盘
2100,11:15:35,44.37,275094,62,买盘
2101,11:15:38,44.36,44365,10,卖盘
2102,11:15:41,44.36,102035,23,卖盘
2103,11:15:44,44.36,536776,121,卖盘
2104,11:15:47,44.35,172970,39,卖盘
2105,11:15:50,44.36,412548,93,买盘
2106,11:15:53,44.36,4436,1,买盘
2107,11:15:56,44.36,66540,15,买盘
2108,11:15:59,44.35,8871,2,卖盘
2109,11:16:02,44.36,128642,29,买盘
2110,11:16:05,44.36,190719,43,买盘
2111,11:16:08,44.35,168534,38,卖盘
2112,11:16:11,44.36,150819,34,买盘
2113,11:16:14,44.35,39915,9,卖盘
2114,11:16:17,44.36,155249,35,买盘
2115,11:16:20,44.35,168558,38,卖盘
2116,11:16:23,44.36,150798,34,买盘
2117,11:16:26,44.36,133080,30,买盘
2118,11:16:29,44.36,4436,1,买盘
2119,11:16:32,44.35,350411,79,卖盘
2120,11:16:35,44.35,266127,60,卖盘
2121,11:16:38,44.35,141920,32,卖盘
2122,11:16:41,44.36,510101,115,买盘
2123,11:16:44,44.36,128619,29,买盘
2124,11:16:47,44.35,146387,33,卖盘
2125,11:16:50,44.36,239519,54,买盘
2126,11:16:53,44.36,319367,72,买盘
2127,11:16:56,44.35,62097,14,卖盘
2128,11:16:59,44.35,159666,36,卖盘
2129,11:17:02,44.36,354880,80,买盘
2130,11:17:05,44.35,257245,58,卖盘
2131,11:17:08,44.36,341537,77,买盘
2132,11:17:11,44.35,8870,2,卖盘
2133,11:17:14,44.35,403606,91,卖盘
2134,11:17:17,44.36,39924,9,买盘
2135,11:17:20,44.35,474575,107,卖盘
2136,11:17:23,44.36,363752,82,买盘
2137,11:17:26,44.36,297174,67,买盘
2138,11:17:29,44.36,399182,90,买盘
2139,11:17:32,44.35,110880,25,卖盘
2140,11:17:35,44.36,816170,184,买盘
2141,11:17:38,44.36,279424,63,买盘
2142,11:17:41,44.36,585549,132,买盘
2143,11:17:44,44.36,1903119,429,买盘
2144,11:17:47,44.38,825315,186,买盘
2145,11:17:50,44.38,1118668,252,买盘
2146,11:17:53,44.4,421772,95,买盘
2147,11:17:56,44.4,861360,194,卖盘
2148,11:17:59,44.4,710503,160,中性盘
2149,11:18:02,44.4,670438,151,买盘
2150,11:18:05,44.41,128776,29,买盘
2151,11:18:08,44.4,222000,50,买盘
2152,11:18:11,44.4,679393,153,买盘
2153,11:18:14,44.39,395125,89,卖盘
2154,11:18:17,44.4,461682,104,买盘
2155,11:18:20,44.39,457306,103,卖盘
2156,11:18:23,44.39,4439,1,卖盘
2157,11:18:26,44.4,839200,189,买盘
2158,11:18:29,44.4,1270224,286,买盘
2159,11:18:32,44.41,408568,92,买盘
2160,11:18:35,44.41,244287,55,卖盘
2161,11:18:38,44.43,1026311,231,买盘
2162,11:18:41,44.41,275356,62,卖盘
2163,11:18:44,44.41,808412,182,卖盘
2164,11:18:47,44.4,355277,80,卖盘
2165,11:18:50,44.41,159858,36,买盘
2166,11:18:53,44.4,426277,96,卖盘
2167,11:18:56,44.4,155434,35,卖盘
2168,11:18:59,44.4,253105,57,卖盘
2169,11:19:02,44.41,150994,34,买盘
2170,11:19:05,44.4,430727,97,卖盘
2171,11:19:08,44.4,625982,141,买盘
2172,11:19:11,44.39,31073,7,卖盘
2173,11:19:14,44.38,501602,113,卖盘
2174,11:19:17,44.37,599123,135,卖盘
2175,11:19:20,44.37,563508,127,买盘
2176,11:19:23,44.38,155330,35,中性盘
2177,11:19:26,44.38,150904,34,卖盘
2178,11:19:29,44.39,412826,93,买盘
2179,11:19:32,44.39,124292,28,买盘
2180,11:19:35,44.39,84341,19,买盘
2181,11:19:38,44.39,53268,12,买盘
2182,11:19:41,44.39,44390,10,买盘
2183,11:19:44,44.39,1815700,409,买盘
2184,11:19:47,44.39,363998,82,买盘
2185,11:19:50,44.38,1203077,271,卖盘
2186,11:19:53,44.4,186475,42,卖盘
2187,11:19:56,44.39,13316,3,中性盘
2188,11:19:59,44.38,124284,28,卖盘
2189,11:20:02,44.39,177559,40,买盘
2190,11:20:05,44.38,208632,47,卖盘
2191,11:20:08,44.38,439460,99,卖盘
2192,11:20:11,44.4,381790,86,买盘
2193,11:20:17,44.4,31074,7,买盘
2194,11:20:20,44.4,253079,57,买盘
2195,11:20:26,44.39,1078602,243,卖盘
2196,11:20:29,44.38,501549,113,卖盘
2197,11:20:32,44.39,750191,169,买盘
2198,11:20:35,44.39,4439,1,买盘
2199,11:20:38,44.39,57706,13,买盘
2200,11:20:41,44.39,8878,2,买盘
2201,11:20:44,44.39,852262,192,买盘
2202,11:20:47,44.39,492729,111,买盘
2203,11:20:50,44.39,213026,48,买盘
2204,11:20:53,44.38,332850,75,卖盘
2205,11:20:56,44.38,532556,120,卖盘
2206,11:20:59,44.38,239607,54,买盘
2207,11:21:02,44.37,226334,51,卖盘
2208,11:21:05,44.37,616775,139,卖盘
2209,11:21:08,44.37,275155,62,中性盘
2210,11:21:11,44.37,22185,5,买盘
2211,11:21:14,44.37,141984,32,买盘
2212,11:21:17,44.36,177479,40,卖盘
2213,11:21:20,44.37,346086,78,买盘
2214,11:21:23,44.37,829699,187,买盘
2215,11:21:26,44.37,8874,2,买盘
2216,11:21:29,44.37,354945,80,买盘
2217,11:21:32,44.36,2337524,527,卖盘
2218,11:21:35,44.35,838455,189,卖盘
2219,11:21:38,44.35,807170,182,买盘
2220,11:21:41,44.35,39915,9,买盘
2221,11:21:44,44.35,1862699,420,买盘
2222,11:21:47,44.34,784972,177,卖盘
2223,11:21:50,44.35,589855,133,买盘
2224,11:21:53,44.35,283863,64,卖盘
2225,11:21:56,44.36,470185,106,买盘
2226,11:21:59,44.37,341649,77,买盘
2227,11:22:02,44.35,385872,87,卖盘
2228,11:22:05,44.35,341495,77,买盘
2229,11:22:08,44.35,904740,204,买盘
2230,11:22:11,44.35,762796,172,买盘
2231,11:22:14,44.35,53220,12,买盘
2232,11:22:17,44.35,252795,57,买盘
2233,11:22:20,44.35,119745,27,买盘
2234,11:22:23,44.34,598707,135,卖盘
2235,11:22:26,44.35,452348,102,买盘
2236,11:22:29,44.35,496720,112,买盘
2237,11:22:32,44.35,376953,85,买盘
2238,11:22:35,44.35,177383,40,买盘
2239,11:22:38,44.35,580985,131,买盘
2240,11:22:41,44.35,767255,173,买盘
2241,11:22:44,44.35,1236799,279,买盘
2242,11:22:47,44.36,638742,144,买盘
2243,11:22:50,44.36,674378,152,卖盘
2244,11:22:53,44.36,79848,18,卖盘
2245,11:22:56,44.36,79848,18,卖盘
2246,11:22:59,44.36,177440,40,卖盘
2247,11:23:02,44.35,275035,62,卖盘
2248,11:23:05,44.36,310548,70,卖盘
2249,11:23:08,44.36,115336,26,卖盘
2250,11:23:11,44.37,505738,114,买盘
2251,11:23:14,44.36,235085,53,中性盘
2252,11:23:17,44.35,572197,129,卖盘
2253,11:23:20,44.35,376999,85,卖盘
2254,11:23:23,44.35,487933,110,卖盘
2255,11:23:26,44.36,102010,23,买盘
2256,11:23:29,44.35,128615,29,卖盘
2257,11:23:32,44.35,425824,96,卖盘
2258,11:23:35,44.35,57656,13,卖盘
2259,11:23:38,44.35,452400,102,卖盘
2260,11:23:41,44.35,217316,49,卖盘
2261,11:23:44,44.36,554433,125,买盘
2262,11:23:47,44.35,377001,85,卖盘
2263,11:23:50,44.35,199575,45,卖盘
2264,11:23:53,44.36,487955,110,买盘
2265,11:23:56,44.35,66536,15,卖盘
2266,11:23:59,44.36,88717,20,买盘
2267,11:24:02,44.35,350388,79,卖盘
2268,11:24:05,44.35,487889,110,卖盘
2269,11:24:08,44.35,523332,118,卖盘
2270,11:24:11,44.35,505595,114,卖盘
2271,11:24:14,44.35,922445,208,买盘
2272,11:24:17,44.35,208424,47,买盘
2273,11:24:20,44.34,527721,119,卖盘
2274,11:24:23,44.34,239443,54,卖盘
2275,11:24:26,44.35,2257383,509,买盘
2276,11:24:29,44.34,13304,3,卖盘
2277,11:24:32,44.35,447880,101,买盘
2278,11:24:35,44.35,1268376,286,买盘
2279,11:24:38,44.34,150765,34,卖盘
2280,11:24:41,44.34,283812,64,卖盘
2281,11:24:44,44.34,585298,132,卖盘
2282,11:24:47,44.34,3143707,709,卖盘
2283,11:24:50,44.33,696099,157,卖盘
2284,11:24:53,44.33,1884320,425,卖盘
2285,11:24:56,44.34,119696,27,中性盘
2286,11:24:59,44.34,1387726,313,买盘
2287,11:25:02,44.33,75361,17,卖盘
2288,11:25:05,44.33,567531,128,卖盘
2289,11:25:08,44.34,8868,2,买盘
2290,11:25:11,44.33,221671,50,卖盘
2291,11:25:14,44.34,2912821,657,买盘
2292,11:25:17,44.34,1206045,272,买盘
2293,11:25:20,44.34,217266,49,卖盘
2294,11:25:23,44.34,75378,17,买盘
2295,11:25:26,44.33,168467,38,卖盘
2296,11:25:29,44.33,297032,67,卖盘
2297,11:25:32,44.32,1227943,277,卖盘
2298,11:25:35,44.34,1130578,255,买盘
2299,11:25:38,44.33,39897,9,卖盘
2300,11:25:41,44.34,257171,58,买盘
2301,11:25:44,44.33,385671,87,卖盘
2302,11:25:47,44.33,1165831,263,买盘
2303,11:25:50,44.32,633892,143,卖盘
2304,11:25:53,44.33,757994,171,买盘
2305,11:25:56,44.33,425568,96,买盘
2306,11:25:59,44.33,44330,10,买盘
2307,11:26:02,44.33,186186,42,买盘
2308,11:26:05,44.32,301411,68,卖盘
2309,11:26:08,44.32,660415,149,卖盘
2310,11:26:11,44.32,261490,59,卖盘
2311,11:26:14,44.32,899785,203,卖盘
2312,11:26:17,44.33,1923884,434,买盘
2313,11:26:20,44.32,930864,210,卖盘
2314,11:26:23,44.32,487626,110,卖盘
2315,11:26:26,44.32,939587,212,卖盘
2316,11:26:29,44.32,890958,201,卖盘
2317,11:26:32,44.32,434362,98,卖盘
2318,11:26:35,44.32,549679,124,卖盘
2319,11:26:38,44.31,709116,160,卖盘
2320,11:26:41,44.31,265949,60,卖盘
2321,11:26:44,44.31,1023660,231,卖盘
2322,11:26:47,44.32,248165,56,买盘
2323,11:26:50,44.31,447616,101,卖盘
2324,11:26:53,44.32,79772,18,买盘
2325,11:26:56,44.32,505151,114,买盘
2326,11:26:59,44.31,394363,89,卖盘
2327,11:27:02,44.31,553876,125,卖盘
2328,11:27:05,44.3,4537020,1024,卖盘
2329,11:27:08,44.3,2232964,504,卖盘
2330,11:27:11,44.31,700034,158,买盘
2331,11:27:14,44.31,899629,203,卖盘
2332,11:27:17,44.32,655916,148,买盘
2333,11:27:20,44.31,75328,17,卖盘
2334,11:27:23,44.32,265867,60,买盘
2335,11:27:26,44.31,79767,18,卖盘
2336,11:27:29,44.31,283586,64,卖盘
2337,11:27:32,44.31,686837,155,卖盘
2338,11:27:35,44.31,367797,83,卖盘
2339,11:27:38,44.32,1493562,337,买盘
2340,11:27:41,44.32,1497733,338,买盘
2341,11:27:44,44.32,1139241,257,卖盘
2342,11:27:47,44.32,22161,5,卖盘
2343,11:27:50,44.33,416697,94,买盘
2344,11:27:53,44.32,66483,15,卖盘
2345,11:27:56,44.32,598326,135,卖盘
2346,11:27:59,44.32,336832,76,买盘
2347,11:28:02,44.32,119664,27,买盘
2348,11:28:05,44.31,292487,66,卖盘
2349,11:28:08,44.31,234887,53,卖盘
2350,11:28:11,44.31,354531,80,卖盘
2351,11:28:14,44.31,243723,55,卖盘
2352,11:28:17,44.31,1909815,431,卖盘
2353,11:28:20,44.32,660339,149,买盘
2354,11:28:23,44.31,412237,93,卖盘
2355,11:28:26,44.31,1630562,368,卖盘
2356,11:28:29,44.31,531742,120,买盘
2357,11:28:32,44.31,1032711,233,卖盘
2358,11:28:35,44.33,208351,47,卖盘
2359,11:28:38,44.31,523078,118,卖盘
2360,11:28:41,44.3,1116772,252,卖盘
2361,11:28:44,44.33,465316,105,买盘
2362,11:28:47,44.32,110824,25,中性盘
2363,11:28:50,44.32,159550,36,买盘
2364,11:28:53,44.31,124080,28,卖盘
2365,11:28:56,44.32,186139,42,买盘
2366,11:28:59,44.32,243760,55,买盘
2367,11:29:02,44.32,438746,99,买盘
2368,11:29:05,44.32,536267,121,买盘
2369,11:29:08,44.32,62045,14,买盘
2370,11:29:11,44.32,647059,146,买盘
2371,11:29:14,44.32,239276,54,买盘
2372,11:29:17,44.32,580548,131,买盘
2373,11:29:20,44.31,358911,81,卖盘
2374,11:29:23,44.32,132948,30,买盘
2375,11:29:26,44.33,297024,67,买盘
2376,11:29:29,44.32,704945,159,卖盘
2377,11:29:32,44.35,407838,92,买盘
2378,11:29:35,44.35,181829,41,买盘
2379,11:29:38,44.32,1769512,399,卖盘
2380,11:29:41,44.35,1551956,350,中性盘
2381,11:29:44,44.34,39907,9,卖盘
2382,11:29:47,44.36,736263,166,买盘
2383,11:29:50,44.35,93084,21,卖盘
2384,11:29:53,44.35,226130,51,买盘
2385,11:29:56,44.35,53220,12,卖盘
2386,11:29:59,44.33,345962,78,卖盘
2387,13:00:02,44.34,4328956,977,卖盘
2388,13:00:05,44.34,2190595,494,买盘
2389,13:00:08,44.34,4987595,1125,买盘
2390,13:00:11,44.34,7761489,1751,买盘
2391,13:00:14,44.32,1621529,366,卖盘
2392,13:00:17,44.33,4475266,1010,买盘
2393,13:00:20,44.33,1431838,323,卖盘
2394,13:00:23,44.3,1470844,332,卖盘
2395,13:00:26,44.34,642573,145,买盘
2396,13:00:29,44.35,1303107,294,买盘
2397,13:00:32,44.33,3088780,697,买盘
2398,13:00:35,44.3,1027943,232,卖盘
2399,13:00:38,44.33,323609,73,买盘
2400,13:00:41,44.33,1515398,342,买盘
2401,13:00:44,44.33,1112851,251,卖盘
2402,13:00:47,44.33,1400831,316,买盘
2403,13:00:50,44.35,953413,215,买盘
2404,13:00:53,44.36,1969681,444,买盘
2405,13:00:56,44.38,1544612,348,买盘
2406,13:00:59,44.38,723700,163,卖盘
2407,13:01:02,44.4,177534,40,买盘
2408,13:01:05,44.4,586036,132,买盘
2409,13:01:08,44.42,652807,147,买盘
2410,13:01:11,44.42,1337178,301,买盘
2411,13:01:14,44.44,1963750,442,买盘
2412,13:01:17,44.41,1368378,308,卖盘
2413,13:01:20,44.4,1580935,356,卖盘
2414,13:01:23,44.44,475185,107,买盘
2415,13:01:26,44.41,230948,52,中性盘
2416,13:01:29,44.41,373205,84,卖盘
2417,13:01:32,44.43,324335,73,买盘
2418,13:01:35,44.43,128797,29,买盘
2419,13:01:38,44.41,519406,117,中性盘
2420,13:01:41,44.4,381937,86,卖盘
2421,13:01:44,44.42,253132,57,买盘
2422,13:01:47,44.4,763918,172,卖盘
2423,13:01:50,44.4,186481,42,卖盘
2424,13:01:53,44.4,595017,134,卖盘
2425,13:01:56,44.41,150982,34,买盘
2426,13:01:59,44.41,919108,207,买盘
2427,13:02:02,44.41,2420131,545,买盘
2428,13:02:05,44.42,1368118,308,买盘
2429,13:02:08,44.42,1172674,264,买盘
2430,13:02:11,44.42,972800,219,卖盘
2431,13:02:14,44.42,675142,152,买盘
2432,13:02:17,44.41,355245,80,买盘
2433,13:02:20,44.39,270806,61,卖盘
2434,13:02:23,44.41,452945,102,买盘
2435,13:02:26,44.4,261961,59,卖盘
2436,13:02:29,44.4,142081,32,卖盘
2437,13:02:32,44.41,674913,152,买盘
2438,13:02:35,44.41,53285,12,买盘
2439,13:02:38,44.4,443972,100,卖盘
2440,13:02:41,44.38,199722,45,卖盘
2441,13:02:44,44.4,230879,52,买盘
2442,13:02:47,44.4,568312,128,买盘
2443,13:02:50,44.38,8876,2,卖盘
2444,13:02:53,44.39,350624,79,买盘
2445,13:02:56,44.39,66585,15,卖盘
2446,13:02:59,44.39,213071,48,卖盘
2447,13:03:02,44.37,204155,46,卖盘
2448,13:03:05,44.38,44382,10,买盘
2449,13:03:08,44.38,301786,68,卖盘
2450,13:03:11,44.36,257307,58,卖盘
2451,13:03:14,44.36,159685,36,买盘
2452,13:03:17,44.35,88710,20,卖盘
2453,13:03:20,44.36,141949,32,买盘
2454,13:03:23,44.35,204068,46,卖盘
2455,13:03:26,44.36,199627,45,中性盘
2456,13:03:29,44.34,860399,194,卖盘
2457,13:03:32,44.35,13307,3,卖盘
2458,13:03:35,44.35,1565710,353,卖盘
2459,13:03:38,44.35,966717,218,买盘
2460,13:03:41,44.35,1166189,263,买盘
2461,13:03:44,44.36,146356,33,中性盘
2462,13:03:47,44.36,527761,119,买盘
2463,13:03:50,44.36,323828,73,卖盘
2464,13:03:53,44.36,110910,25,卖盘
2465,13:03:56,44.37,532440,120,买盘
2466,13:03:59,44.36,239537,54,卖盘
2467,13:04:02,44.37,505624,114,买盘
2468,13:04:05,44.35,461220,104,卖盘
2469,13:04:08,44.35,212862,48,买盘
2470,13:04:11,44.35,261593,59,卖盘
2471,13:04:14,44.35,217295,49,卖盘
2472,13:04:17,44.36,164076,37,买盘
2473,13:04:20,44.36,31047,7,买盘
2474,13:04:26,44.36,714146,161,买盘
2475,13:04:29,44.36,377010,85,卖盘
2476,13:04:32,44.36,550040,124,买盘
2477,13:04:35,44.36,177440,40,买盘
2478,13:04:38,44.35,181828,41,卖盘
2479,13:04:41,44.36,230624,52,买盘
2480,13:04:44,44.35,79830,18,卖盘
2481,13:04:47,44.35,199619,45,卖盘
2482,13:04:50,44.35,208452,47,卖盘
2483,13:04:53,44.36,270575,61,买盘
2484,13:04:56,44.36,53225,12,买盘
2485,13:04:59,44.36,270554,61,买盘
2486,13:05:02,44.36,235098,53,买盘
2487,13:05:05,44.36,434703,98,买盘
2488,13:05:08,44.36,310475,70,买盘
2489,13:05:11,44.36,408108,92,买盘
2490,13:05:14,44.36,168532,38,买盘
2491,13:05:17,44.36,612167,138,买盘
2492,13:05:20,44.35,589952,133,卖盘
2493,13:05:23,44.36,150796,34,买盘
2494,13:05:26,44.35,549972,124,卖盘
2495,13:05:29,44.34,75381,17,卖盘
2496,13:05:32,44.34,261594,59,买盘
2497,13:05:35,44.34,283772,64,买盘
2498,13:05:38,44.34,496675,112,卖盘
2499,13:05:41,44.35,328190,74,买盘
2500,13:05:44,44.35,350354,79,卖盘
2501,13:05:47,44.34,235004,53,中性盘
2502,13:05:50,44.34,124156,28,买盘
2503,13:05:53,44.34,17736,4,卖盘
2504,13:05:56,44.35,93135,21,买盘
2505,13:05:59,44.35,22177,5,卖盘
2506,13:06:02,44.35,372619,84,卖盘
2507,13:06:05,44.35,212880,48,卖盘
2508,13:06:08,44.35,332578,75,买盘
2509,13:06:11,44.34,159659,36,卖盘
2510,13:06:14,44.34,155191,35,卖盘
2511,13:06:17,44.34,186251,42,卖盘
2512,13:06:20,44.34,714008,161,卖盘
2513,13:06:23,44.35,478883,108,卖盘
2514,13:06:26,44.35,572080,129,买盘
2515,13:06:29,44.34,208444,47,卖盘
2516,13:06:32,44.35,381467,86,卖盘
2517,13:06:35,44.35,1366083,308,买盘
2518,13:06:38,44.35,696167,157,买盘
2519,13:06:41,44.36,230656,52,买盘
2520,13:06:44,44.36,306084,69,卖盘
2521,13:06:47,44.36,417065,94,卖盘
2522,13:06:50,44.36,226236,51,卖盘
2523,13:06:53,44.37,314982,71,买盘
2524,13:06:56,44.36,181853,41,买盘
2525,13:06:59,44.35,110875,25,卖盘
2526,13:07:02,44.35,807305,182,卖盘
2527,13:07:05,44.34,208401,47,卖盘
2528,13:07:08,44.34,580950,131,卖盘
2529,13:07:11,44.34,137458,31,卖盘
2530,13:07:14,44.35,354783,80,买盘
2531,13:07:17,44.35,824750,186,买盘
2532,13:07:20,44.34,669668,151,卖盘
2533,13:07:23,44.36,1725384,389,买盘
2534,13:07:26,44.36,137516,31,买盘
2535,13:07:29,44.36,501240,113,卖盘
2536,13:07:32,44.36,545651,123,卖盘
2537,13:07:35,44.36,430203,97,买盘
2538,13:07:38,44.34,550042,124,卖盘
2539,13:07:41,44.35,208399,47,中性盘
2540,13:07:44,44.36,434724,98,买盘
2541,13:07:47,44.35,195144,44,卖盘
2542,13:07:50,44.35,723046,163,卖盘
2543,13:07:53,44.34,634262,143,卖盘
2544,13:07:56,44.35,186246,42,买盘
2545,13:07:59,44.36,57659,13,买盘
2546,13:08:02,44.36,297250,67,卖盘
2547,13:08:05,44.36,266113,60,买盘
2548,13:08:08,44.35,106425,24,中性盘
2549,13:08:11,44.35,44348,10,买盘
2550,13:08:14,44.35,266078,60,买盘
2551,13:08:17,44.35,115307,26,卖盘
2552,13:08:20,44.35,230617,52,买盘
2553,13:08:23,44.34,141910,32,卖盘
2554,13:08:26,44.35,279374,63,买盘
2555,13:08:29,44.34,465621,105,卖盘
2556,13:08:32,44.35,217301,49,买盘
2557,13:08:35,44.35,620784,140,买盘
2558,13:08:38,44.34,483221,109,卖盘
2559,13:08:41,44.33,585227,132,卖盘
2560,13:08:44,44.34,53208,12,买盘
2561,13:08:47,44.33,319244,72,卖盘
2562,13:08:50,44.34,203956,46,中性盘
2563,13:08:53,44.34,53200,12,买盘
2564,13:08:56,44.34,186228,42,买盘
2565,13:08:59,44.34,62076,14,买盘
2566,13:09:02,44.34,895541,202,买盘
2567,13:09:05,44.34,571986,129,买盘
2568,13:09:08,44.35,1121900,253,买盘
2569,13:09:11,44.35,119698,27,买盘
2570,13:09:14,44.34,367972,83,买盘
2571,13:09:17,44.34,230568,52,卖盘
2572,13:09:20,44.35,784925,177,买盘
2573,13:09:23,44.33,554158,125,卖盘
2574,13:09:26,44.35,305965,69,买盘
2575,13:09:29,44.35,771582,174,卖盘
2576,13:09:32,44.36,434653,98,买盘
2577,13:09:35,44.35,532106,120,中性盘
2578,13:09:38,44.35,541136,122,中性盘
2579,13:09:41,44.33,133031,30,卖盘
2580,13:09:44,44.36,239516,54,买盘
2581,13:09:47,44.35,323739,73,买盘
2582,13:09:50,44.35,682872,154,买盘
2583,13:09:53,44.34,203974,46,卖盘
2584,13:09:56,44.35,221725,50,中性盘
2585,13:09:59,44.35,594287,134,买盘
2586,13:10:02,44.35,1605957,362,中性盘
2587,13:10:05,44.38,1393042,314,买盘
2588,13:10:08,44.35,283791,64,卖盘
2589,13:10:11,44.37,190777,43,买盘
2590,13:10:14,44.38,177478,40,买盘
2591,13:10:17,44.36,279503,63,中性盘
2592,13:10:20,44.35,257265,58,卖盘
2593,13:10:23,44.36,137512,31,买盘
2594,13:10:26,44.35,93135,21,卖盘
2595,13:10:29,44.36,164129,37,买盘
2596,13:10:32,44.36,106455,24,买盘
2597,13:10:35,44.35,243970,55,卖盘
2598,13:10:38,44.35,217330,49,卖盘
2599,13:10:41,44.35,101997,23,买盘
2600,13:10:44,44.35,611997,138,买盘
2601,13:10:47,44.35,146342,33,买盘
2602,13:10:50,44.35,580985,131,买盘
2603,13:10:53,44.35,314866,71,卖盘
2604,13:10:56,44.35,168520,38,买盘
2605,13:10:59,44.35,164092,37,卖盘
2606,13:11:02,44.35,146348,33,买盘
2607,13:11:05,44.34,279398,63,卖盘
2608,13:11:11,44.35,908861,205,买盘
2609,13:11:14,44.33,332475,75,卖盘
2610,13:11:17,44.34,682649,154,买盘
2611,13:11:20,44.33,341352,77,中性盘
2612,13:11:23,44.32,181730,41,卖盘
2613,13:11:26,44.33,536383,121,买盘
2614,13:11:29,44.33,172851,39,买盘
2615,13:11:32,44.33,168454,38,买盘
2616,13:11:35,44.34,336882,76,买盘
2617,13:11:38,44.33,257080,58,买盘
2618,13:11:41,44.33,115260,26,卖盘
2619,13:11:44,44.33,31027,7,买盘
2620,13:11:47,44.33,132989,30,买盘
2621,13:11:50,44.33,208343,47,买盘
2622,13:11:53,44.32,239355,54,卖盘
2623,13:11:56,44.32,248192,56,卖盘
2624,13:11:59,44.33,208341,47,买盘
2625,13:12:02,44.33,1728515,390,买盘
2626,13:12:05,44.33,385599,87,买盘
2627,13:12:08,44.32,1480413,334,卖盘
2628,13:12:11,44.32,660314,149,买盘
2629,13:12:14,44.32,199413,45,中性盘
2630,13:12:17,44.33,265965,60,买盘
2631,13:12:20,44.33,186203,42,卖盘
2632,13:12:23,44.33,301424,68,卖盘
2633,13:12:26,44.33,283695,64,买盘
2634,13:12:29,44.33,39894,9,买盘
2635,13:12:32,44.33,310310,70,买盘
2636,13:12:35,44.33,248248,56,卖盘
2637,13:12:38,44.34,252727,57,买盘
2638,13:12:41,44.33,598386,135,卖盘
2639,13:12:44,44.32,53193,12,卖盘
2640,13:12:47,44.32,571815,129,卖盘
2641,13:12:50,44.32,350142,79,卖盘
2642,13:12:53,44.31,265896,60,卖盘
2643,13:12:56,44.32,354560,80,买盘
2644,13:12:59,44.32,181712,41,卖盘
2645,13:13:02,44.31,172833,39,卖盘
2646,13:13:05,44.32,88640,20,卖盘
2647,13:13:08,44.32,230498,52,卖盘
2648,13:13:11,44.31,323521,73,卖盘
2649,13:13:14,44.33,234918,53,买盘
2650,13:13:17,44.31,226039,51,卖盘
2651,13:13:20,44.33,159581,36,买盘
2652,13:13:26,44.33,172850,39,买盘
2653,13:13:29,44.33,150709,34,买盘
2654,13:13:32,44.33,164010,37,买盘
2655,13:13:35,44.32,164004,37,卖盘
2656,13:13:38,44.32,217168,49,卖盘
2657,13:13:41,44.33,190595,43,买盘
2658,13:13:44,44.32,172851,39,卖盘
2659,13:13:47,44.33,416538,94,买盘
2660,13:13:50,44.33,1844112,416,买盘
2661,13:13:53,44.33,296964,67,买盘
2662,13:13:56,44.34,709348,160,买盘
2663,13:13:59,44.34,75378,17,卖盘
2664,13:14:02,44.34,106416,24,卖盘
2665,13:14:05,44.33,252733,57,卖盘
2666,13:14:08,44.31,181709,41,卖盘
2667,13:14:11,44.31,203831,46,卖盘
2668,13:14:14,44.31,163949,37,卖盘
2669,13:14:17,44.31,270324,61,卖盘
2670,13:14:20,44.3,4541749,1025,卖盘
2671,13:14:23,44.32,2361645,533,买盘
2672,13:14:26,44.32,1786114,403,卖盘
2673,13:14:29,44.31,1178686,266,卖盘
2674,13:14:32,44.32,119666,27,买盘
2675,13:14:35,44.31,686734,155,卖盘
2676,13:14:38,44.33,425473,96,买盘
2677,13:14:41,44.31,341232,77,卖盘
2678,13:14:44,44.32,296934,67,买盘
2679,13:14:47,44.32,177280,40,卖盘
2680,13:14:50,44.32,332400,75,卖盘
2681,13:14:53,44.31,115206,26,卖盘
2682,13:14:56,44.32,137392,31,买盘
2683,13:14:59,44.32,469786,106,买盘
2684,13:15:02,44.33,540773,122,买盘
2685,13:15:05,44.32,70912,16,卖盘
2686,13:15:08,44.33,642623,145,买盘
2687,13:15:11,44.32,141824,32,卖盘
2688,13:15:14,44.32,283605,64,买盘
2689,13:15:17,44.32,522976,118,买盘
2690,13:15:20,44.31,119639,27,卖盘
2691,13:15:23,44.31,208283,47,卖盘
2692,13:15:26,44.31,79759,18,卖盘
2693,13:15:29,44.32,97504,22,买盘
2694,13:15:32,44.31,239274,54,卖盘
2695,13:15:35,44.31,1027940,232,卖盘
2696,13:15:38,44.31,571723,129,卖盘
2697,13:15:41,44.32,31020,7,买盘
2698,13:15:44,44.32,17728,4,买盘
2699,13:15:47,44.32,101920,23,买盘
2700,13:15:50,44.31,177265,40,卖盘
2701,13:15:53,44.32,336768,76,买盘
2702,13:15:56,44.31,469625,106,卖盘
2703,13:15:59,44.31,1218525,275,卖盘
2704,13:16:02,44.32,2357797,532,买盘
2705,13:16:05,44.32,975226,220,买盘
2706,13:16:08,44.33,585236,132,中性盘
2707,13:16:11,44.34,802622,181,买盘
2708,13:16:14,44.35,643075,145,买盘
2709,13:16:17,44.36,554489,125,买盘
2710,13:16:20,44.37,319409,72,买盘
2711,13:16:23,44.36,133076,30,买盘
2712,13:16:26,44.35,172983,39,卖盘
2713,13:16:29,44.34,412462,93,卖盘
2714,13:16:32,44.32,106387,24,卖盘
2715,13:16:35,44.35,221749,50,买盘
2716,13:16:38,44.34,17736,4,卖盘
2717,13:16:41,44.34,133023,30,卖盘
2718,13:16:44,44.34,753528,170,买盘
2719,13:16:47,44.34,124147,28,买盘
2720,13:16:50,44.34,332550,75,买盘
2721,13:16:53,44.34,106406,24,卖盘
2722,13:16:56,44.34,190662,43,买盘
2723,13:16:59,44.35,4435,1,买盘
2724,13:17:02,44.35,177390,40,买盘
2725,13:17:05,44.35,239490,54,买盘
2726,13:17:08,44.35,119745,27,买盘
2727,13:17:11,44.34,22170,5,卖盘
2728,13:17:14,44.34,150762,34,卖盘
2729,13:17:17,44.33,443378,100,卖盘
2730,13:17:20,44.35,119745,27,买盘
2731,13:17:23,44.34,363529,82,买盘
2732,13:17:29,44.33,549771,124,卖盘
2733,13:17:32,44.33,549698,124,卖盘
2734,13:17:35,44.34,305900,69,买盘
2735,13:17:38,44.32,492062,111,卖盘
2736,13:17:41,44.33,292578,66,买盘
2737,13:17:44,44.33,243815,55,买盘
2738,13:17:47,44.34,177355,40,买盘
2739,13:17:50,44.34,381310,86,买盘
2740,13:17:53,44.34,93114,21,卖盘
2741,13:17:56,44.34,70944,16,卖盘
2742,13:17:59,44.34,199530,45,卖盘
2743,13:18:02,44.34,70944,16,买盘
2744,13:18:05,44.34,172926,39,买盘
2745,13:18:08,44.34,150733,34,买盘
2746,13:18:11,44.34,79812,18,买盘
2747,13:18:14,44.33,124144,28,卖盘
2748,13:18:17,44.34,164058,37,买盘
2749,13:18:20,44.34,155166,35,买盘
2750,13:18:23,44.34,115269,26,买盘
2751,13:18:26,44.34,133017,30,买盘
2752,13:18:29,44.33,332480,75,卖盘
2753,13:18:32,44.34,164057,37,买盘
2754,13:18:35,44.33,656094,148,卖盘
2755,13:18:38,44.34,434497,98,买盘
2756,13:18:41,44.33,434524,98,卖盘
2757,13:18:44,44.34,164055,37,中性盘
2758,13:18:47,44.35,1251968,282,买盘
2759,13:18:50,44.35,931350,210,买盘
2760,13:18:53,44.36,705318,159,买盘
2761,13:18:56,44.35,443598,100,卖盘
2762,13:18:59,44.36,159696,36,卖盘
2763,13:19:02,44.37,332762,75,买盘
2764,13:19:05,44.37,159728,36,买盘
2765,13:19:08,44.38,13313,3,买盘
2766,13:19:11,44.38,670137,151,买盘
2767,13:19:14,44.38,164207,37,卖盘
2768,13:19:17,44.38,199710,45,卖盘
2769,13:19:20,44.39,186397,42,买盘
2770,13:19:23,44.38,39942,9,买盘
2771,13:19:26,44.38,84330,19,卖盘
2772,13:19:29,44.38,301815,68,买盘
2773,13:19:32,44.38,386106,87,买盘
2774,13:19:35,44.38,297346,67,买盘
2775,13:19:38,44.39,230827,52,买盘
2776,13:19:41,44.39,1074090,242,买盘
2777,13:19:44,44.39,346226,78,买盘
2778,13:19:47,44.39,1211847,273,买盘
2779,13:19:50,44.4,443994,100,买盘
2780,13:19:53,44.41,1256522,283,买盘
2781,13:19:56,44.41,497392,112,买盘
2782,13:19:59,44.41,315312,71,卖盘
2783,13:20:02,44.41,377475,85,买盘
2784,13:20:05,44.41,4441,1,卖盘
2785,13:20:08,44.41,306451,69,卖盘
2786,13:20:11,44.41,146554,33,卖盘
2787,13:20:14,44.42,541865,122,买盘
2788,13:20:17,44.41,177664,40,卖盘
2789,13:20:20,44.42,386412,87,买盘
2790,13:20:23,44.43,533042,120,买盘
2791,13:20:26,44.44,1195219,269,买盘
2792,13:20:29,44.44,635471,143,买盘
2793,13:20:32,44.43,306599,69,卖盘
2794,13:20:35,44.44,1248097,281,买盘
2795,13:20:38,44.43,236178,53,卖盘
2796,13:20:41,44.44,142208,32,买盘
2797,13:20:44,44.43,84423,19,卖盘
2798,13:20:47,44.43,639792,144,卖盘
2799,13:20:50,44.44,226626,51,买盘
2800,13:20:53,44.42,146591,33,卖盘
2801,13:20:56,44.42,12002307,2702,卖盘
2802,13:20:59,44.43,1536959,346,买盘
2803,13:21:02,44.43,586460,132,买盘
2804,13:21:05,44.43,2679549,603,卖盘
2805,13:21:08,44.43,1181670,266,买盘
2806,13:21:11,44.42,26653,6,中性盘
2807,13:21:14,44.42,93284,21,买盘
2808,13:21:17,44.4,497344,112,卖盘
2809,13:21:20,44.42,510942,115,中性盘
2810,13:21:23,44.42,22202,5,买盘
2811,13:21:26,44.41,111014,25,中性盘
2812,13:21:29,44.42,226490,51,买盘
2813,13:21:32,44.4,261961,59,卖盘
2814,13:21:35,44.4,173160,39,买盘
2815,13:21:38,44.39,8878,2,卖盘
2816,13:21:41,44.4,137640,31,买盘
2817,13:21:44,44.39,26634,6,卖盘
2818,13:21:47,44.4,159838,36,买盘
2819,13:21:50,44.4,190920,43,买盘
2820,13:21:53,44.39,48835,11,卖盘
2821,13:21:56,44.4,62160,14,卖盘
2822,13:21:59,44.39,204194,46,卖盘
2823,13:22:02,44.38,257435,58,卖盘
2824,13:22:05,44.39,719106,162,买盘
2825,13:22:08,44.39,319639,72,卖盘
2826,13:22:11,44.38,292915,66,卖盘
2827,13:22:14,44.39,403979,91,买盘
2828,13:22:17,44.39,155353,35,买盘
2829,13:22:20,44.38,164240,37,卖盘
2830,13:22:23,44.38,4438,1,卖盘
2831,13:22:26,44.39,22195,5,买盘
2832,13:22:29,44.37,483712,109,卖盘
2833,13:22:32,44.39,328467,74,买盘
2834,13:22:35,44.37,62119,14,卖盘
2835,13:22:38,44.38,226340,51,买盘
2836,13:22:41,44.39,177522,40,买盘
2837,13:22:47,44.39,146486,33,买盘
2838,13:22:50,44.38,93213,21,卖盘
2839,13:22:53,44.37,97636,22,卖盘
2840,13:22:56,44.37,106511,24,卖盘
2841,13:22:59,44.38,4438,1,买盘
2842,13:23:02,44.38,195260,44,买盘
2843,13:23:05,44.38,221882,50,买盘
2844,13:23:08,44.37,159753,36,卖盘
2845,13:23:11,44.38,2094728,472,买盘
2846,13:23:14,44.38,754460,170,买盘
2847,13:23:17,44.39,710240,160,买盘
2848,13:23:20,44.4,239734,54,买盘
2849,13:23:23,44.4,57709,13,买盘
2850,13:23:26,44.39,523907,118,卖盘
2851,13:23:29,44.39,26635,6,卖盘
2852,13:23:32,44.39,253059,57,卖盘
2853,13:23:35,44.39,208642,47,卖盘
2854,13:23:38,44.38,244112,55,卖盘
2855,13:23:41,44.39,377348,85,买盘
2856,13:23:44,44.39,53268,12,卖盘
2857,13:23:47,44.39,119853,27,买盘
2858,13:23:50,44.39,48829,11,买盘
2859,13:23:53,44.39,159804,36,卖盘
2860,13:23:56,44.38,39949,9,卖盘
2861,13:23:59,44.39,8878,2,买盘
2862,13:24:02,44.39,150908,34,买盘
2863,13:24:05,44.38,359502,81,卖盘
2864,13:24:08,44.39,8878,2,买盘
2865,13:24:11,44.39,497136,112,买盘
2866,13:24:14,44.39,75463,17,买盘
2867,13:24:17,44.39,266340,60,买盘
2868,13:24:20,44.38,394971,89,卖盘
2869,13:24:23,44.37,270767,61,卖盘
2870,13:24:26,44.37,79869,18,卖盘
2871,13:24:29,44.37,88740,20,卖盘
2872,13:24:32,44.37,186380,42,卖盘
2873,13:24:35,44.37,275120,62,卖盘
2874,13:24:38,44.37,1148896,259,买盘
2875,13:24:41,44.36,128649,29,中性盘
2876,13:24:44,44.37,483633,109,买盘
2877,13:24:47,44.36,31054,7,卖盘
2878,13:24:50,44.36,177491,40,卖盘
2879,13:24:53,44.37,70992,16,买盘
2880,13:24:56,44.37,226287,51,卖盘
2881,13:24:59,44.37,70991,16,买盘
2882,13:25:02,44.36,434824,98,卖盘
2883,13:25:05,44.37,22185,5,买盘
2884,13:25:08,44.37,84303,19,卖盘
2885,13:25:11,44.38,102069,23,买盘
2886,13:25:17,44.37,417162,94,卖盘
2887,13:25:20,44.37,709961,160,卖盘
2888,13:25:23,44.38,84322,19,买盘
2889,13:25:26,44.37,292842,66,卖盘
2890,13:25:29,44.36,70991,16,卖盘
2891,13:25:32,44.38,288425,65,买盘
2892,13:25:35,44.36,48797,11,卖盘
2893,13:25:41,44.37,177470,40,买盘
2894,13:25:44,44.37,62118,14,买盘
2895,13:25:47,44.36,230715,52,卖盘
2896,13:25:50,44.37,17748,4,买盘
2897,13:25:53,44.36,150843,34,卖盘
2898,13:25:56,44.36,70982,16,卖盘
2899,13:25:59,44.37,8874,2,买盘
2900,13:26:02,44.36,310540,70,卖盘
2901,13:26:05,44.37,146410,33,买盘
2902,13:26:08,44.37,306118,69,买盘
2903,13:26:11,44.35,106448,24,卖盘
2904,13:26:14,44.36,470121,106,买盘
2905,13:26:17,44.36,195145,44,买盘
2906,13:26:20,44.35,70947,16,中性盘
2907,13:26:23,44.34,572073,129,卖盘
2908,13:26:26,44.34,363588,82,卖盘
2909,13:26:29,44.34,310447,70,卖盘
2910,13:26:32,44.34,195123,44,卖盘
2911,13:26:35,44.35,150790,34,买盘
2912,13:26:38,44.34,257179,58,卖盘
2913,13:26:41,44.35,48785,11,买盘
2914,13:26:44,44.36,172967,39,买盘
2915,13:26:47,44.35,452282,102,卖盘
2916,13:26:50,44.35,292710,66,买盘
2917,13:26:53,44.34,93121,21,卖盘
2918,13:26:56,44.36,102015,23,买盘
2919,13:26:59,44.35,57655,13,卖盘
2920,13:27:02,44.34,133020,30,卖盘
2921,13:27:05,44.34,97548,22,买盘
2922,13:27:08,44.34,62076,14,卖盘
2923,13:27:11,44.34,53208,12,买盘
2924,13:27:14,44.33,133010,30,卖盘
2925,13:27:17,44.34,257172,58,买盘
2926,13:27:20,44.33,217249,49,卖盘
2927,13:27:23,44.33,39902,9,卖盘
2928,13:27:26,44.33,226130,51,卖盘
2929,13:27:29,44.34,133010,30,买盘
2930,13:27:32,44.33,101980,23,卖盘
2931,13:27:35,44.34,243848,55,买盘
2932,13:27:38,44.34,119718,27,买盘
2933,13:27:41,44.34,226177,51,卖盘
2934,13:27:44,44.34,385779,87,卖盘
2935,13:27:47,44.34,345852,78,买盘
2936,13:27:50,44.34,403494,91,买盘
2937,13:27:53,44.34,150756,34,买盘
2938,13:27:56,44.35,957952,216,买盘
2939,13:27:59,44.36,75412,17,买盘
2940,13:28:02,44.36,536746,121,买盘
2941,13:28:05,44.35,26611,6,卖盘
2942,13:28:08,44.35,106438,24,中性盘
2943,13:28:11,44.36,159695,36,买盘
2944,13:28:14,44.35,133030,30,中性盘
2945,13:28:17,44.36,252827,57,买盘
2946,13:28:20,44.35,13307,3,中性盘
2947,13:28:23,44.35,230639,52,卖盘
2948,13:28:26,44.34,243870,55,卖盘
2949,13:28:29,44.35,8870,2,买盘
2950,13:28:32,44.34,359217,81,卖盘
2951,13:28:35,44.34,35476,8,卖盘
2952,13:28:38,44.34,97569,22,卖盘
2953,13:28:41,44.33,443325,100,卖盘
2954,13:28:44,44.34,314810,71,中性盘
2955,13:28:47,44.35,48775,11,买盘
2956,13:28:50,44.35,177400,40,买盘
2957,13:28:53,44.34,97547,22,卖盘
2958,13:28:56,44.34,133020,30,买盘
2959,13:28:59,44.34,66510,15,买盘
2960,13:29:02,44.34,141888,32,买盘
2961,13:29:05,44.35,79821,18,买盘
2962,13:29:08,44.35,288266,65,买盘
2963,13:29:11,44.34,137457,31,卖盘
2964,13:29:14,44.33,288192,65,卖盘
2965,13:29:17,44.33,634051,143,卖盘
2966,13:29:20,44.34,567625,128,中性盘
2967,13:29:23,44.34,31036,7,买盘
2968,13:29:26,44.34,230568,52,买盘
2969,13:29:29,44.34,75378,17,买盘
2970,13:29:32,44.34,150756,34,买盘
2971,13:29:35,44.34,137454,31,卖盘
2972,13:29:38,44.35,651933,147,买盘
2973,13:29:41,44.34,128586,29,卖盘
2974,13:29:44,44.34,305995,69,卖盘
2975,13:29:47,44.34,190662,43,买盘
2976,13:29:50,44.34,341407,77,卖盘
2977,13:29:53,44.35,4435,1,买盘
2978,13:29:56,44.35,128609,29,买盘
2979,13:29:59,44.34,48774,11,卖盘
2980,13:30:02,44.35,288240,65,买盘
2981,13:30:05,44.34,235044,53,中性盘
2982,13:30:08,44.34,13302,3,卖盘
2983,13:30:11,44.35,128597,29,买盘
2984,13:30:14,44.34,101983,23,卖盘
2985,13:30:17,44.34,168511,38,卖盘
2986,13:30:20,44.35,102005,23,买盘
2987,13:30:23,44.34,150757,34,卖盘
2988,13:30:26,44.35,439055,99,买盘
2989,13:30:29,44.34,141888,32,卖盘
2990,13:30:32,44.35,341482,77,买盘
2991,13:30:35,44.35,133048,30,买盘
2992,13:30:38,44.35,323741,73,买盘
2993,13:30:41,44.34,31040,7,卖盘
2994,13:30:44,44.34,195102,44,卖盘
2995,13:30:47,44.34,408017,92,卖盘
2996,13:30:50,44.35,110875,25,买盘
2997,13:30:53,44.34,359189,81,卖盘
2998,13:30:56,44.34,57642,13,卖盘
2999,13:30:59,44.35,212867,48,买盘
3000,13:31:02,44.35,110875,25,买盘
3001,13:31:05,44.34,164058,37,卖盘
3002,13:31:08,44.34,354755,80,卖盘
3003,13:31:11,44.34,53208,12,卖盘
3004,13:31:14,44.35,172952,39,买盘
3005,13:31:17,44.35,128615,29,买盘
3006,13:31:20,44.35,243912,55,买盘
3007,13:31:23,44.35,1565555,353,买盘
3008,13:31:26,44.35,1352675,305,买盘
3009,13:31:29,44.35,1681108,379,卖盘
3010,13:31:32,44.36,195184,44,买盘
3011,13:31:35,44.36,652092,147,买盘
3012,13:31:38,44.36,128642,29,买盘
3013,13:31:41,44.36,505704,114,买盘
3014,13:31:44,44.36,283904,64,买盘
3015,13:31:47,44.36,408112,92,买盘
3016,13:31:50,44.36,79848,18,买盘
3017,13:31:53,44.37,159723,36,买盘
3018,13:31:56,44.36,22180,5,卖盘
