,成交时间,成交价格,成交金额,成交量,性质
0,09:25:03,44.84,8151912,1818,卖盘
1,09:30:03,44.83,1497452,334,卖盘
2,09:30:06,44.82,1358161,303,卖盘
3,09:30:09,44.83,1998736,446,买盘
4,09:30:12,44.8,3705933,827,卖盘
5,09:30:15,44.8,3540363,790,买盘
6,09:30:18,44.79,1191706,266,卖盘
7,09:30:21,44.81,1621833,362,买盘
8,09:30:24,44.79,2902824,648,卖盘
9,09:30:27,44.79,2732041,610,买盘
10,09:30:30,44.79,3283635,733,买盘
11,09:30:33,44.81,2231042,498,买盘
12,09:30:36,44.81,5631973,1257,中性盘
13,09:30:39,44.81,2244939,501,买盘
14,09:30:42,44.81,3024692,675,卖盘
15,09:30:45,44.77,2533997,566,卖盘
16,09:30:48,44.82,3708999,828,买盘
17,09:30:51,44.82,6261720,1397,卖盘
18,09:30:54,44.83,3505610,782,买盘
19,09:30:57,44.82,4984603,1112,卖盘
20,09:31:00,44.78,2226828,497,卖盘
21,09:31:03,44.82,7222015,1612,买盘
22,09:31:06,44.82,5535307,1235,卖盘
23,09:31:09,44.79,2279792,509,卖盘
24,09:31:12,44.82,2741610,612,买盘
25,09:31:15,44.82,4042685,902,买盘
26,09:31:18,44.82,1017457,227,卖盘
27,09:31:21,44.84,2103000,469,买盘
28,09:31:24,44.84,2967531,662,卖盘
29,09:31:27,44.85,3721820,830,买盘
30,09:31:30,44.84,2887959,644,卖盘
31,09:31:33,44.85,1659650,370,卖盘
32,09:31:36,44.85,538231,120,卖盘
33,09:31:39,44.83,1699539,379,卖盘
34,09:31:42,44.85,1623348,362,买盘
35,09:31:45,44.83,3098337,691,卖盘
36,09:31:48,44.85,2211076,493,买盘
37,09:31:51,44.85,1475516,329,买盘
38,09:31:54,44.86,1166356,260,买盘
39,09:31:57,44.87,2867133,639,买盘
40,09:32:00,44.88,3307947,737,买盘
41,09:32:03,44.91,529958,118,买盘
42,09:32:06,44.92,3225515,718,买盘
43,09:32:09,44.94,2876569,640,中性盘
44,09:32:12,44.96,2490639,554,买盘
45,09:32:15,44.95,6946902,1545,卖盘
46,09:32:18,44.96,2324046,517,买盘
47,09:32:21,44.97,1600682,356,买盘
48,09:32:24,44.97,1830342,407,买盘
49,09:32:27,45.0,5160914,1147,买盘
50,09:32:30,45.01,2069897,460,买盘
51,09:32:33,45.04,4531344,1006,买盘
52,09:32:36,45.05,1816466,403,买盘
53,09:32:39,45.09,2389571,530,买盘
54,09:32:42,45.09,4951712,1098,卖盘
55,09:32:45,45.1,5375164,1192,买盘
56,09:32:48,45.1,3300513,732,买盘
57,09:32:51,45.09,3887007,862,买盘
58,09:32:54,45.09,2317735,514,买盘
59,09:32:57,45.11,1623471,360,买盘
60,09:33:00,45.13,6147710,1362,买盘
61,09:33:03,45.15,6190106,1371,买盘
62,09:33:06,45.14,3924041,869,卖盘
63,09:33:09,45.15,4867972,1078,中性盘
64,09:33:12,45.13,1164679,258,卖盘
65,09:33:15,45.14,2071759,459,买盘
66,09:33:18,45.14,2758040,611,买盘
67,09:33:21,45.13,2594915,575,卖盘
68,09:33:24,45.11,2760411,612,卖盘
69,09:33:27,45.09,1406988,312,卖盘
70,09:33:30,45.09,1113951,247,买盘
71,09:33:33,45.08,1343656,298,卖盘
72,09:33:36,45.09,1478926,328,买盘
73,09:33:39,45.09,1113587,247,卖盘
74,09:33:42,45.09,1677670,372,中性盘
75,09:33:45,45.08,919675,204,卖盘
76,09:33:48,45.08,1226220,272,买盘
77,09:33:51,45.07,1117780,248,卖盘
78,09:33:54,45.03,3370070,748,卖盘
79,09:33:57,45.06,166647,37,买盘
80,09:34:00,45.05,499959,111,中性盘
81,09:34:03,45.05,1729726,384,买盘
82,09:34:06,45.05,1315150,292,买盘
83,09:34:09,45.04,1247514,277,卖盘
84,09:34:12,45.04,2963463,658,买盘
85,09:34:15,45.03,522316,116,中性盘
86,09:34:18,45.03,1652315,367,买盘
87,09:34:21,45.0,1210267,269,卖盘
88,09:34:24,44.97,638931,142,卖盘
89,09:34:27,44.99,1461941,325,买盘
90,09:34:30,45.03,5495149,1221,买盘
91,09:34:33,45.03,2434833,541,买盘
92,09:34:36,45.04,887117,197,买盘
93,09:34:39,45.02,1026807,228,中性盘
94,09:34:42,45.03,288194,64,买盘
95,09:34:45,45.03,405245,90,卖盘
96,09:34:48,45.02,1575559,350,卖盘
97,09:34:51,44.99,2025000,450,卖盘
98,09:34:54,45.02,7184720,1596,买盘
99,09:34:57,45.02,1134466,252,买盘
100,09:35:00,45.05,5692550,1264,买盘
101,09:35:03,45.07,3853204,855,买盘
102,09:35:06,45.06,4051863,899,卖盘
103,09:35:09,45.04,1968772,437,卖盘
104,09:35:12,45.0,2638216,586,卖盘
105,09:35:15,45.02,2871468,638,买盘
106,09:35:18,44.99,1138264,253,卖盘
107,09:35:21,45.0,2204687,490,买盘
108,09:35:24,45.01,2992722,665,买盘
109,09:35:27,45.02,1210954,269,买盘
110,09:35:30,45.03,675429,150,买盘
111,09:35:33,45.03,1058137,235,买盘
112,09:35:36,45.03,621406,138,买盘
113,09:35:39,45.03,666370,148,买盘
114,09:35:42,45.03,1323839,294,买盘
115,09:35:45,45.03,1202256,267,买盘
116,09:35:48,45.02,850960,189,卖盘
117,09:35:51,45.02,495214,110,买盘
118,09:35:54,45.02,535732,119,买盘
119,09:35:57,45.02,481714,107,买盘
120,09:36:00,45.03,1085179,241,买盘
121,09:36:03,45.02,5959678,1323,卖盘
122,09:36:06,45.07,3911635,868,买盘
123,09:36:09,45.06,1341907,298,买盘
124,09:36:12,45.06,1356145,301,买盘
125,09:36:15,45.05,1049911,233,卖盘
126,09:36:18,45.03,3576892,794,卖盘
127,09:36:21,45.04,1193347,265,买盘
128,09:36:24,45.03,3146462,699,中性盘
129,09:36:27,45.01,1057857,235,卖盘
130,09:36:30,45.02,3219066,715,中性盘
131,09:36:33,45.07,7077031,1571,买盘
132,09:36:36,45.07,2087113,463,卖盘
133,09:36:39,45.06,2271905,504,卖盘
134,09:36:42,45.06,1104013,245,卖盘
135,09:36:45,45.08,2839626,630,买盘
136,09:36:48,45.09,1546395,343,买盘
137,09:36:51,45.1,5749621,1275,买盘
138,09:36:54,45.13,6723352,1491,买盘
139,09:36:57,45.11,2075721,460,卖盘
140,09:37:00,45.13,979161,217,买盘
141,09:37:03,45.12,2314927,513,买盘
142,09:37:06,45.13,1060481,235,买盘
143,09:37:09,45.12,2626450,582,卖盘
144,09:37:12,45.1,2102025,466,卖盘
145,09:37:15,45.09,1907213,423,卖盘
146,09:37:18,45.08,959698,213,中性盘
147,09:37:21,45.08,1653942,367,买盘
148,09:37:24,45.07,423528,94,中性盘
149,09:37:27,45.06,428122,95,中性盘
150,09:37:30,45.07,1974066,438,买盘
151,09:37:33,45.08,743791,165,买盘
152,09:37:36,45.07,1338633,297,卖盘
153,09:37:39,45.08,117193,26,买盘
154,09:37:42,45.08,1473708,327,买盘
155,09:37:45,45.07,437181,97,卖盘
156,09:37:48,45.07,369578,82,卖盘
157,09:37:51,45.07,766272,170,卖盘
158,09:37:54,45.07,612916,136,卖盘
159,09:37:57,45.05,892217,198,卖盘
160,09:38:00,45.05,2703472,600,卖盘
161,09:38:03,45.05,842328,187,卖盘
162,09:38:06,45.01,1634234,363,卖盘
163,09:38:09,45.0,2367031,526,卖盘
164,09:38:12,44.99,544471,121,卖盘
165,09:38:15,45.0,103495,23,买盘
166,09:38:18,45.0,850458,189,买盘
167,09:38:21,44.98,292384,65,卖盘
168,09:38:24,44.99,454368,101,中性盘
169,09:38:27,45.0,3599974,800,买盘
170,09:38:30,45.0,305945,68,买盘
171,09:38:33,44.99,274468,61,卖盘
172,09:38:36,44.99,5007558,1113,卖盘
173,09:38:39,44.97,386791,86,卖盘
174,09:38:42,44.96,625050,139,卖盘
175,09:38:45,44.95,1195811,266,卖盘
176,09:38:48,44.93,1613111,359,卖盘
177,09:38:51,44.91,655647,146,卖盘
178,09:38:54,44.9,732058,163,卖盘
179,09:38:57,44.91,2995422,667,买盘
180,09:39:00,44.9,794877,177,卖盘
181,09:39:03,44.9,1967006,438,卖盘
182,09:39:06,44.9,345811,77,卖盘
183,09:39:09,44.92,323340,72,买盘
184,09:39:12,44.9,907031,202,卖盘
185,09:39:15,44.9,583562,130,卖盘
186,09:39:18,44.9,646448,144,买盘
187,09:39:21,44.9,341157,76,买盘
188,09:39:24,44.9,1746717,389,买盘
189,09:39:27,44.91,669198,149,买盘
190,09:39:30,44.9,763533,170,卖盘
191,09:39:33,44.92,494077,110,中性盘
192,09:39:36,44.91,1832231,408,买盘
193,09:39:39,44.92,1904274,424,买盘
194,09:39:42,44.94,1217643,271,买盘
195,09:39:45,44.96,1069667,238,买盘
196,09:39:48,44.93,355137,79,卖盘
197,09:39:51,44.95,260684,58,买盘
198,09:39:54,44.95,1505402,335,买盘
199,09:39:57,44.94,1056242,235,买盘
200,09:40:00,44.96,193328,43,买盘
201,09:40:03,44.96,1249765,278,卖盘
202,09:40:06,44.96,602369,134,买盘
203,09:40:09,44.95,880914,196,卖盘
204,09:40:12,44.93,1366032,304,卖盘
205,09:40:15,44.92,965880,215,卖盘
206,09:40:18,44.92,669365,149,卖盘
207,09:40:21,44.92,1033269,230,卖盘
208,09:40:24,44.92,602040,134,卖盘
209,09:40:27,44.93,390864,87,买盘
210,09:40:30,44.92,377359,84,卖盘
211,09:40:33,44.92,911937,203,卖盘
212,09:40:36,44.91,1459754,325,卖盘
213,09:40:39,44.92,741036,165,买盘
214,09:40:42,44.92,1414924,315,买盘
215,09:40:45,44.92,880407,196,买盘
216,09:40:48,44.91,2470193,550,卖盘
217,09:40:51,44.9,15423437,3435,卖盘
218,09:40:54,44.91,6094245,1357,买盘
219,09:40:57,44.93,3099434,690,买盘
220,09:41:00,44.93,2376780,529,买盘
221,09:41:03,44.93,1141224,254,卖盘
222,09:41:06,44.92,938903,209,卖盘
223,09:41:09,44.93,1028758,229,买盘
224,09:41:12,44.93,1136725,253,买盘
225,09:41:15,44.93,988456,220,买盘
226,09:41:18,44.94,701037,156,买盘
227,09:41:21,44.94,170732,38,买盘
228,09:41:24,44.94,754820,168,买盘
229,09:41:27,44.92,1244310,277,卖盘
230,09:41:30,44.91,1581282,352,卖盘
231,09:41:33,44.9,1176519,262,卖盘
232,09:41:36,44.9,1598390,356,卖盘
233,09:41:39,44.89,745124,166,卖盘
234,09:41:42,44.89,2343386,522,买盘
235,09:41:45,44.91,1675142,373,买盘
236,09:41:48,44.91,1347155,300,买盘
237,09:41:51,44.91,974542,217,买盘
238,09:41:54,44.9,1540406,343,卖盘
239,09:41:57,44.91,637721,142,买盘
240,09:42:00,44.9,359290,80,卖盘
241,09:42:03,44.91,574770,128,买盘
242,09:42:06,44.9,449013,100,卖盘
243,09:42:09,44.91,853298,190,买盘
244,09:42:12,44.92,157188,35,中性盘
245,09:42:15,44.91,651270,145,卖盘
246,09:42:18,44.92,839966,187,买盘
247,09:42:21,44.91,781527,174,卖盘
248,09:42:24,44.91,700612,156,卖盘
249,09:42:27,44.91,1198853,267,买盘
250,09:42:30,44.9,1104684,246,卖盘
251,09:42:33,44.89,278372,62,卖盘
252,09:42:36,44.91,372675,83,买盘
253,09:42:39,44.9,22450,5,卖盘
254,09:42:42,44.9,116757,26,卖盘
255,09:42:45,44.9,377175,84,卖盘
256,09:42:48,44.91,435594,97,买盘
257,09:42:51,44.91,2002542,446,买盘
258,09:42:54,44.9,2748067,612,卖盘
259,09:42:57,44.89,3605471,803,卖盘
260,09:43:00,44.91,4315800,961,买盘
261,09:43:03,44.92,543508,121,买盘
262,09:43:06,44.93,718764,160,买盘
263,09:43:09,44.92,1114376,248,卖盘
264,09:43:12,44.93,332477,74,买盘
265,09:43:15,44.94,817866,182,买盘
266,09:43:18,44.94,98877,22,卖盘
267,09:43:21,44.93,5670772,1262,卖盘
268,09:43:24,44.96,1038563,231,买盘
269,09:43:27,44.96,526027,117,买盘
270,09:43:30,44.95,85419,19,卖盘
271,09:43:33,44.96,939642,209,买盘
272,09:43:36,44.96,157353,35,买盘
273,09:43:39,44.96,166352,37,买盘
274,09:43:42,44.96,543982,121,买盘
275,09:43:45,44.95,377631,84,卖盘
276,09:43:48,44.96,692256,154,买盘
277,09:43:51,44.96,364141,81,买盘
278,09:43:54,44.96,647409,144,买盘
279,09:43:57,44.96,1384657,308,买盘
280,09:44:00,44.96,741824,165,买盘
281,09:44:03,44.96,1114795,248,买盘
282,09:44:06,44.96,836221,186,买盘
283,09:44:09,44.96,418046,93,买盘
284,09:44:12,44.97,5902862,1313,买盘
285,09:44:15,44.98,449784,100,买盘
286,09:44:18,44.97,2815074,626,卖盘
287,09:44:21,44.97,768970,171,买盘
288,09:44:24,45.0,2973758,661,买盘
289,09:44:27,45.01,949847,211,买盘
290,09:44:30,45.03,1913608,425,买盘
291,09:44:33,45.03,319706,71,买盘
292,09:44:36,45.03,369212,82,中性盘
293,09:44:39,45.03,283632,63,买盘
294,09:44:42,45.02,1026642,228,中性盘
295,09:44:45,45.0,1224255,272,卖盘
296,09:44:48,45.0,499412,111,买盘
297,09:44:51,44.98,418386,93,卖盘
298,09:44:54,44.98,535347,119,卖盘
299,09:44:57,44.98,859078,191,买盘
300,09:45:00,44.98,508262,113,买盘
301,09:45:03,44.96,3273104,728,卖盘
302,09:45:06,44.95,1200273,267,卖盘
303,09:45:09,44.96,1330550,296,买盘
304,09:45:12,44.94,166283,37,卖盘
305,09:45:15,44.96,773040,172,买盘
306,09:45:18,44.96,323671,72,买盘
307,09:45:21,44.94,543923,121,卖盘
308,09:45:24,44.96,2081094,463,买盘
309,09:45:27,44.97,638568,142,买盘
310,09:45:30,44.97,1317806,293,卖盘
311,09:45:33,44.98,2689847,598,买盘
312,09:45:36,45.0,580448,129,买盘
313,09:45:39,44.99,1052993,234,卖盘
314,09:45:42,45.0,540006,120,买盘
315,09:45:45,45.0,432003,96,买盘
316,09:45:48,45.01,477023,106,买盘
317,09:45:51,45.01,1138733,253,买盘
318,09:45:54,45.01,522055,116,卖盘
319,09:45:57,45.01,558234,124,中性盘
320,09:46:00,45.01,198048,44,卖盘
321,09:46:03,45.02,265600,59,买盘
322,09:46:06,45.01,270060,60,卖盘
323,09:46:09,45.02,2233012,496,买盘
324,09:46:12,45.02,157581,35,卖盘
325,09:46:15,45.03,1427287,317,买盘
326,09:46:18,45.02,450207,100,卖盘
327,09:46:21,45.01,198011,44,中性盘
328,09:46:24,45.01,643643,143,买盘
329,09:46:27,45.01,67509,15,买盘
330,09:46:30,45.01,418593,93,买盘
331,09:46:33,45.01,315093,70,卖盘
332,09:46:36,45.02,252106,56,买盘
333,09:46:39,45.01,594243,132,卖盘
334,09:46:42,45.02,621211,138,买盘
335,09:46:45,45.02,1278561,284,买盘
336,09:46:48,45.02,922875,205,买盘
337,09:46:51,45.02,261115,58,买盘
338,09:46:54,45.01,342134,76,卖盘
339,09:46:57,45.01,337575,75,卖盘
340,09:47:00,45.0,211587,47,卖盘
341,09:47:03,45.01,1053280,234,买盘
342,09:47:06,45.01,180047,40,买盘
343,09:47:09,45.05,6896110,1532,买盘
344,09:47:12,45.03,1680147,373,卖盘
345,09:47:15,45.03,1527056,339,卖盘
346,09:47:18,45.05,918929,204,中性盘
347,09:47:21,45.05,946202,210,卖盘
348,09:47:24,45.06,171224,38,买盘
349,09:47:27,45.05,495559,110,卖盘
350,09:47:30,45.05,891933,198,买盘
351,09:47:33,45.02,585455,130,卖盘
352,09:47:36,45.04,454798,101,中性盘
353,09:47:39,45.03,472744,105,中性盘
354,09:47:42,45.03,2893511,642,买盘
355,09:47:45,45.03,1341893,298,卖盘
356,09:47:48,45.03,1049082,233,买盘
357,09:47:51,45.03,639362,142,买盘
358,09:47:54,45.03,562831,125,买盘
359,09:47:57,45.02,860028,191,卖盘
360,09:48:00,45.05,522374,116,买盘
361,09:48:03,45.05,671239,149,买盘
362,09:48:06,45.05,982094,218,买盘
363,09:48:09,45.05,1612726,358,中性盘
364,09:48:12,45.05,873881,194,买盘
365,09:48:15,45.05,536095,119,卖盘
366,09:48:18,45.05,869503,193,卖盘
367,09:48:21,45.05,364876,81,买盘
368,09:48:24,45.05,315342,70,买盘
369,09:48:27,45.04,454957,101,卖盘
370,09:48:30,45.03,67559,15,卖盘
371,09:48:33,45.05,1436854,319,买盘
372,09:48:36,45.05,2311044,513,卖盘
373,09:48:39,45.06,1022835,227,买盘
374,09:48:42,45.05,522629,116,卖盘
375,09:48:45,45.05,427953,95,买盘
376,09:48:48,45.06,446094,99,买盘
377,09:48:51,45.05,2982415,662,卖盘
378,09:48:54,45.07,2500939,555,买盘
379,09:48:57,45.06,3772819,837,卖盘
380,09:49:00,45.09,4053325,899,买盘
381,09:49:03,45.09,2169228,481,卖盘
382,09:49:06,45.1,1930204,428,买盘
383,09:49:09,45.1,974007,216,买盘
384,09:49:12,45.09,90180,20,卖盘
385,09:49:15,45.1,870277,193,买盘
386,09:49:18,45.09,297638,66,卖盘
387,09:49:21,45.09,315672,70,卖盘
388,09:49:24,45.09,207415,46,买盘
389,09:49:27,45.08,779912,173,卖盘
390,09:49:30,45.08,441755,98,买盘
391,09:49:33,45.08,590526,131,买盘
392,09:49:36,45.08,495872,110,买盘
393,09:49:39,45.08,473302,105,买盘
394,09:49:42,45.07,1036832,230,卖盘
395,09:49:45,45.07,1086316,241,卖盘
396,09:49:48,45.07,135223,30,卖盘
397,09:49:51,45.08,770801,171,买盘
398,09:49:54,45.08,211869,47,买盘
399,09:49:57,45.07,477821,106,卖盘
400,09:50:00,45.07,473250,105,卖盘
401,09:50:03,45.07,968974,215,买盘
402,09:50:06,45.06,468656,104,卖盘
403,09:50:09,45.06,2275710,505,卖盘
404,09:50:12,45.06,396558,88,卖盘
405,09:50:15,45.06,297374,66,卖盘
406,09:50:18,45.06,1676228,372,买盘
407,09:50:21,45.06,1910623,424,买盘
408,09:50:24,45.09,3299382,732,买盘
409,09:50:27,45.09,788916,175,买盘
410,09:50:30,45.09,1411314,313,买盘
411,09:50:33,45.09,3332252,739,买盘
412,09:50:36,45.08,2601728,577,卖盘
413,09:50:39,45.09,766363,170,买盘
414,09:50:42,45.1,617743,137,买盘
415,09:50:45,45.09,441915,98,卖盘
416,09:50:48,45.09,1673113,371,卖盘
417,09:50:51,45.09,85687,19,卖盘
418,09:50:54,45.1,829797,184,买盘
419,09:50:57,45.09,969489,215,卖盘
420,09:51:00,45.1,1984346,440,买盘
421,09:51:03,45.09,888378,197,卖盘
422,09:51:06,45.09,883924,196,卖盘
423,09:51:09,45.09,532094,118,卖盘
424,09:51:12,45.08,1424947,316,卖盘
425,09:51:15,45.09,405782,90,中性盘
426,09:51:18,45.08,734928,163,卖盘
427,09:51:21,45.07,347125,77,卖盘
428,09:51:24,45.08,369626,82,买盘
429,09:51:27,45.06,1135724,252,卖盘
430,09:51:30,45.05,1356108,301,卖盘
431,09:51:33,45.02,2287790,508,卖盘
432,09:51:36,45.01,1071290,238,卖盘
433,09:51:39,45.01,976866,217,卖盘
434,09:51:42,45.01,2376645,528,中性盘
435,09:51:45,45.01,211529,47,买盘
436,09:51:48,45.01,994718,221,买盘
437,09:51:51,45.02,1251465,278,买盘
438,09:51:54,45.02,1017456,226,买盘
439,09:51:57,45.03,1386944,308,买盘
440,09:52:00,45.04,166615,37,买盘
441,09:52:03,45.04,927783,206,买盘
442,09:52:06,45.04,90070,20,买盘
443,09:52:09,45.03,261229,58,卖盘
444,09:52:12,45.04,387321,86,买盘
445,09:52:15,45.04,274732,61,买盘
446,09:52:18,45.03,45031,10,中性盘
447,09:52:21,45.03,711444,158,买盘
448,09:52:24,45.03,256671,57,中性盘
449,09:52:27,45.04,333291,74,买盘
450,09:52:30,45.02,387248,86,卖盘
451,09:52:33,45.02,54035,12,卖盘
452,09:52:36,45.02,1431674,318,卖盘
453,09:52:39,45.0,10473243,2327,卖盘
454,09:52:42,45.01,5323780,1183,买盘
455,09:52:45,45.01,5464206,1214,买盘
456,09:52:48,45.01,837194,186,买盘
457,09:52:51,45.02,972418,216,买盘
458,09:52:54,45.02,432164,96,买盘
459,09:52:57,45.01,427674,95,卖盘
460,09:53:00,45.01,1242360,276,卖盘
461,09:53:03,45.0,864026,192,卖盘
462,09:53:06,45.0,13500,3,卖盘
463,09:53:09,45.0,4226316,939,卖盘
464,09:53:12,45.0,2565180,570,卖盘
465,09:53:15,45.01,6778512,1506,买盘
466,09:53:18,45.01,2304659,512,卖盘
467,09:53:21,45.03,724982,161,买盘
468,09:53:24,45.02,932084,207,卖盘
469,09:53:27,45.02,225110,50,卖盘
470,09:53:30,45.02,1026605,228,卖盘
471,09:53:33,45.03,333181,74,买盘
472,09:53:36,45.03,220641,49,买盘
473,09:53:39,45.02,220633,49,卖盘
474,09:53:42,45.03,603385,134,买盘
475,09:53:45,45.03,432268,96,买盘
476,09:53:48,45.03,85546,19,买盘
477,09:53:51,45.03,189092,42,买盘
478,09:53:54,45.03,270172,60,买盘
479,09:53:57,45.02,661831,147,卖盘
480,09:54:00,45.01,373595,83,卖盘
481,09:54:03,45.02,477177,106,买盘
482,09:54:06,45.02,270096,60,买盘
483,09:54:09,45.02,2813756,625,买盘
484,09:54:12,45.03,752001,167,买盘
485,09:54:15,45.03,144092,32,买盘
486,09:54:18,45.03,634901,141,买盘
487,09:54:21,45.03,126082,28,买盘
488,09:54:24,45.03,333192,74,买盘
489,09:54:27,45.02,229635,51,卖盘
490,09:54:30,45.03,238626,53,买盘
491,09:54:33,45.02,265640,59,卖盘
492,09:54:36,45.03,517739,115,买盘
493,09:54:39,45.02,175555,39,中性盘
494,09:54:42,45.01,1035296,230,卖盘
495,09:54:45,45.0,1633789,363,卖盘
496,09:54:48,44.99,13085560,2908,卖盘
497,09:54:51,44.96,2262715,503,卖盘
498,09:54:54,44.97,1713297,381,买盘
499,09:54:57,44.96,1124230,250,卖盘
500,09:55:00,44.97,1038553,231,买盘
501,09:55:03,44.97,4785195,1064,买盘
502,09:55:06,45.0,1372410,305,买盘
503,09:55:09,45.01,2263973,503,买盘
504,09:55:12,45.01,22505,5,买盘
505,09:55:15,45.0,382536,85,卖盘
506,09:55:18,45.0,508569,113,卖盘
507,09:55:21,45.02,5581176,1240,买盘
508,09:55:24,45.01,1638350,364,买盘
509,09:55:27,45.0,256501,57,卖盘
510,09:55:30,45.0,310529,69,卖盘
511,09:55:33,45.0,702153,156,卖盘
512,09:55:36,45.01,310568,69,买盘
513,09:55:39,45.01,324049,72,买盘
514,09:55:42,45.01,324072,72,买盘
515,09:55:45,45.0,760644,169,卖盘
516,09:55:48,45.01,603090,134,买盘
517,09:55:51,45.0,477022,106,卖盘
518,09:55:54,45.0,994695,221,卖盘
519,09:55:57,45.0,270020,60,卖盘
520,09:56:00,45.01,603114,134,买盘
521,09:56:03,45.01,13503,3,买盘
522,09:56:06,45.0,463552,103,卖盘
523,09:56:09,45.0,166511,37,卖盘
524,09:56:12,45.0,756000,168,卖盘
525,09:56:15,45.01,787635,175,买盘
526,09:56:18,45.0,76500,17,卖盘
527,09:56:21,45.0,2637082,586,卖盘
528,09:56:24,45.0,3249030,722,卖盘
529,09:56:27,45.01,1512277,336,买盘
530,09:56:30,45.0,1224208,272,卖盘
531,09:56:33,45.0,625541,139,卖盘
532,09:56:36,45.01,274522,61,买盘
533,09:56:39,45.0,1147669,255,卖盘
534,09:56:42,45.01,706548,157,买盘
535,09:56:45,45.01,805624,179,买盘
536,09:56:48,45.0,792081,176,卖盘
537,09:56:51,45.0,769630,171,卖盘
538,09:56:54,45.01,985618,219,买盘
539,09:56:57,45.0,3244711,721,卖盘
540,09:57:00,45.01,1728198,384,买盘
541,09:57:03,45.01,958663,213,卖盘
542,09:57:06,45.0,1836251,408,卖盘
543,09:57:09,45.01,1039664,231,买盘
544,09:57:12,45.02,1202869,267,买盘
545,09:57:15,45.03,1197428,266,买盘
546,09:57:18,45.02,2138164,475,卖盘
547,09:57:21,45.0,733704,163,卖盘
548,09:57:24,45.0,499627,111,卖盘
549,09:57:27,45.0,261008,58,卖盘
550,09:57:30,45.0,666076,148,卖盘
551,09:57:33,45.0,157505,35,卖盘
552,09:57:36,45.0,598608,133,卖盘
553,09:57:39,45.0,54000,12,卖盘
554,09:57:42,45.0,364543,81,卖盘
555,09:57:45,45.0,72006,16,卖盘
556,09:57:48,45.01,459066,102,买盘
557,09:57:51,45.01,130509,29,买盘
558,09:57:54,45.01,459062,102,买盘
559,09:57:57,45.0,3347108,744,卖盘
560,09:58:00,45.0,1332876,296,买盘
561,09:58:03,45.01,913646,203,买盘
562,09:58:06,45.0,981009,218,卖盘
563,09:58:09,45.0,1224131,272,卖盘
564,09:58:12,45.0,585002,130,卖盘
565,09:58:15,45.0,756117,168,卖盘
566,09:58:18,45.0,495002,110,卖盘
567,09:58:21,45.0,472504,105,卖盘
568,09:58:24,45.0,1125120,250,卖盘
569,09:58:27,45.01,414024,92,买盘
570,09:58:30,45.0,963207,214,卖盘
571,09:58:33,45.0,436533,97,卖盘
572,09:58:36,45.01,3609804,802,买盘
573,09:58:39,45.0,985611,219,卖盘
574,09:58:42,45.0,1642842,365,卖盘
575,09:58:45,45.0,733606,163,卖盘
576,09:58:48,45.0,990122,220,卖盘
577,09:58:51,45.0,1170460,260,卖盘
578,09:58:54,45.0,414063,92,卖盘
579,09:58:57,45.0,706621,157,卖盘
580,09:59:00,45.0,769503,171,卖盘
581,09:59:03,45.0,1317605,293,卖盘
582,09:59:06,45.0,445438,99,卖盘
583,09:59:09,44.99,1916273,426,中性盘
584,09:59:12,44.98,580239,129,卖盘
585,09:59:15,44.97,1538455,342,卖盘
586,09:59:18,44.97,715110,159,卖盘
587,09:59:21,44.97,314792,70,卖盘
588,09:59:24,44.96,1285837,286,卖盘
589,09:59:27,44.95,413611,92,卖盘
590,09:59:30,44.95,665241,148,卖盘
591,09:59:33,44.94,1600020,356,卖盘
592,09:59:36,44.92,678427,151,卖盘
593,09:59:39,44.93,2942854,655,买盘
594,09:59:42,44.93,1644287,366,买盘
595,09:59:45,44.92,435730,97,卖盘
596,09:59:48,44.92,876061,195,卖盘
597,09:59:51,44.92,507509,113,买盘
598,09:59:54,44.91,624341,139,卖盘
599,09:59:57,44.91,664670,148,卖盘
600,10:00:00,44.91,574929,128,卖盘
601,10:00:03,44.9,9011740,2007,卖盘
602,10:00:06,44.89,4565345,1017,卖盘
603,10:00:09,44.88,9187484,2047,卖盘
604,10:00:12,44.88,5200840,1159,买盘
605,10:00:15,44.88,3541167,789,卖盘
606,10:00:18,44.88,2248350,501,买盘
607,10:00:21,44.91,3496738,779,买盘
608,10:00:24,44.9,2227266,496,中性盘
609,10:00:27,44.89,987621,220,卖盘
610,10:00:30,44.9,1122490,250,买盘
611,10:00:33,44.9,686937,153,卖盘
612,10:00:36,44.89,399579,89,卖盘
613,10:00:39,44.88,1081620,241,卖盘
614,10:00:42,44.88,2450365,546,中性盘
615,10:00:45,44.87,1283335,286,卖盘
616,10:00:48,44.87,798710,178,卖盘
617,10:00:51,44.87,1543467,344,卖盘
618,10:00:54,44.87,3243955,723,卖盘
619,10:00:57,44.86,1170771,261,卖盘
620,10:01:00,44.86,946486,211,买盘
621,10:01:03,44.86,785008,175,买盘
622,10:01:06,44.85,906130,202,卖盘
623,10:01:09,44.85,5310453,1184,卖盘
624,10:01:12,44.84,2004542,447,卖盘
625,10:01:15,44.84,2367139,528,卖盘
626,10:01:18,44.84,2376319,530,买盘
627,10:01:21,44.84,2564899,572,卖盘
628,10:01:24,44.84,2107635,470,卖盘
629,10:01:27,44.84,829506,185,卖盘
630,10:01:30,44.83,945976,211,卖盘
631,10:01:33,44.83,2596154,579,卖盘
632,10:01:36,44.84,555928,124,买盘
633,10:01:39,44.84,2466201,550,买盘
634,10:01:42,44.85,856465,191,买盘
635,10:01:45,44.84,1322979,295,卖盘
636,10:01:48,44.85,488749,109,买盘
637,10:01:51,44.85,591984,132,买盘
638,10:01:54,44.88,5077656,1132,买盘
639,10:01:57,44.89,1525616,340,买盘
640,10:02:00,44.88,1264983,282,中性盘
641,10:02:03,44.87,1049794,234,中性盘
642,10:02:06,44.85,1112483,248,卖盘
643,10:02:09,44.86,457529,102,买盘
644,10:02:12,44.86,1116810,249,买盘
645,10:02:15,44.86,1354705,302,买盘
646,10:02:18,44.86,758086,169,买盘
647,10:02:21,44.85,1251438,279,卖盘
648,10:02:24,44.86,2014448,449,买盘
649,10:02:27,44.86,444168,99,卖盘
650,10:02:30,44.86,1296578,289,卖盘
651,10:02:33,44.86,381341,85,卖盘
652,10:02:36,44.87,1171036,261,买盘
653,10:02:39,44.86,287142,64,卖盘
654,10:02:42,44.86,812080,181,卖盘
655,10:02:45,44.86,547382,122,卖盘
656,10:02:48,44.86,1287572,287,卖盘
657,10:02:51,44.85,255663,57,卖盘
658,10:02:54,44.85,1350028,301,卖盘
659,10:02:57,44.86,1408419,314,买盘
660,10:03:00,44.85,381227,85,卖盘
661,10:03:03,44.85,1300612,290,卖盘
662,10:03:06,44.85,1291460,288,买盘
663,10:03:09,44.85,1242262,277,买盘
664,10:03:12,44.84,686158,153,卖盘
665,10:03:15,44.85,1753570,391,买盘
666,10:03:18,44.85,1233147,275,买盘
667,10:03:21,44.84,1076354,240,卖盘
668,10:03:24,44.84,215234,48,卖盘
669,10:03:27,44.85,1502459,335,买盘
670,10:03:30,44.86,645948,144,买盘
671,10:03:33,44.85,1211152,270,卖盘
672,10:03:36,44.86,1776357,396,买盘
673,10:03:39,44.86,2673693,596,买盘
674,10:03:42,44.86,681933,152,卖盘
675,10:03:45,44.87,1072323,239,买盘
676,10:03:48,44.9,1944070,433,买盘
677,10:03:51,44.91,1243888,277,买盘
678,10:03:54,44.91,1306933,291,买盘
679,10:03:57,44.91,1140658,254,卖盘
680,10:04:00,44.9,669030,149,中性盘
681,10:04:03,44.89,1131373,252,卖盘
682,10:04:06,44.89,722582,161,买盘
683,10:04:09,44.87,251307,56,卖盘
684,10:04:12,44.88,1719061,383,买盘
685,10:04:15,44.88,287316,64,卖盘
686,10:04:18,44.88,561019,125,卖盘
687,10:04:21,44.89,758511,169,买盘
688,10:04:24,44.89,1328581,296,买盘
689,10:04:27,44.89,300710,67,买盘
690,10:04:30,44.89,1131114,252,买盘
691,10:04:33,44.89,448828,100,买盘
692,10:04:36,44.88,377005,84,卖盘
693,10:04:39,44.88,929163,207,卖盘
694,10:04:42,44.88,376993,84,卖盘
695,10:04:45,44.88,641896,143,卖盘
696,10:04:48,44.88,323159,72,卖盘
697,10:04:51,44.89,543133,121,买盘
698,10:04:54,44.88,152610,34,卖盘
699,10:04:57,44.88,1485528,331,卖盘
700,10:05:00,44.88,1898421,423,买盘
701,10:05:03,44.87,1086067,242,卖盘
702,10:05:06,44.88,166035,37,中性盘
703,10:05:09,44.88,928927,207,买盘
704,10:05:12,44.87,1090359,243,卖盘
705,10:05:15,44.87,969339,216,卖盘
706,10:05:18,44.87,2576197,574,卖盘
707,10:05:21,44.87,884216,197,卖盘
708,10:05:24,44.87,1032280,230,卖盘
709,10:05:27,44.87,498113,111,卖盘
710,10:05:30,44.87,466680,104,卖盘
711,10:05:33,44.88,843708,188,买盘
712,10:05:36,44.87,1014279,226,卖盘
713,10:05:39,44.88,507198,113,中性盘
714,10:05:42,44.88,399486,89,卖盘
715,10:05:45,44.88,264804,59,卖盘
716,10:05:48,44.88,1297104,289,卖盘
717,10:05:51,44.89,637311,142,买盘
718,10:05:54,44.89,767581,171,买盘
719,10:05:57,44.89,224415,50,买盘
720,10:06:00,44.88,345611,77,卖盘
721,10:06:03,44.88,224400,50,卖盘
722,10:06:06,44.88,785415,175,卖盘
723,10:06:09,44.87,466712,104,卖盘
724,10:06:12,44.88,861672,192,买盘
725,10:06:15,44.87,489098,109,卖盘
726,10:06:18,44.88,848197,189,买盘
727,10:06:21,44.87,264782,59,卖盘
728,10:06:24,44.87,942462,210,卖盘
729,10:06:27,44.88,350060,78,买盘
730,10:06:30,44.88,309675,69,卖盘
731,10:06:33,44.88,377013,84,卖盘
732,10:06:36,44.88,861733,192,卖盘
733,10:06:39,44.88,987467,220,卖盘
734,10:06:42,44.88,857168,191,卖盘
735,10:06:45,44.88,484657,108,买盘
736,10:06:48,44.88,839219,187,买盘
737,10:06:51,44.87,237833,53,卖盘
738,10:06:54,44.87,655255,146,卖盘
739,10:06:57,44.87,228858,51,卖盘
740,10:07:00,44.88,354545,79,买盘
741,10:07:03,44.87,296171,66,卖盘
742,10:07:06,44.88,354523,79,买盘
743,10:07:09,44.87,861500,192,卖盘
744,10:07:12,44.86,722388,161,卖盘
745,10:07:15,44.87,2776872,619,买盘
746,10:07:18,44.86,1211426,270,卖盘
747,10:07:21,44.86,1372721,306,卖盘
748,10:07:24,44.86,4454358,993,卖盘
749,10:07:27,44.85,2139422,477,卖盘
750,10:07:30,44.84,1614478,360,卖盘
751,10:07:33,44.84,2327447,519,卖盘
752,10:07:36,44.84,1116568,249,卖盘
753,10:07:39,44.84,2309546,515,卖盘
754,10:07:42,44.84,1968476,439,卖盘
755,10:07:45,44.84,2094004,467,卖盘
756,10:07:48,44.83,860740,192,卖盘
757,10:07:51,44.83,1735107,387,卖盘
758,10:07:54,44.83,551338,123,卖盘
759,10:07:57,44.83,641059,143,卖盘
760,10:08:00,44.83,1354000,302,卖盘
761,10:08:03,44.82,313799,70,卖盘
762,10:08:06,44.82,1622595,362,卖盘
763,10:08:09,44.82,672345,150,卖盘
764,10:08:12,44.82,2805578,626,卖盘
765,10:08:15,44.81,2065999,461,卖盘
766,10:08:18,44.81,1165250,260,卖盘
767,10:08:21,44.81,2805602,626,卖盘
768,10:08:24,44.81,3087605,689,卖盘
769,10:08:27,44.81,2285354,510,卖盘
770,10:08:30,44.8,1577106,352,卖盘
771,10:08:33,44.8,1859257,415,卖盘
772,10:08:36,44.8,3275171,731,卖盘
773,10:08:39,44.8,6478014,1446,卖盘
774,10:08:42,44.79,4178732,933,卖盘
775,10:08:45,44.79,2593147,579,买盘
776,10:08:48,44.78,1589694,355,卖盘
777,10:08:51,44.77,1688004,377,卖盘
778,10:08:54,44.76,532728,119,卖盘
779,10:08:57,44.77,1190805,266,买盘
780,10:09:00,44.77,702744,157,买盘
781,10:09:03,44.77,863932,193,买盘
782,10:09:06,44.77,3858480,862,买盘
783,10:09:09,44.76,2519992,563,卖盘
784,10:09:12,44.76,1458989,326,买盘
785,10:09:15,44.75,1092076,244,卖盘
786,10:09:18,44.75,1351634,302,卖盘
787,10:09:21,44.76,675838,151,买盘
788,10:09:24,44.76,644442,144,买盘
789,10:09:27,44.76,1955808,437,买盘
790,10:09:30,44.76,948921,212,买盘
791,10:09:33,44.76,1177375,263,卖盘
792,10:09:36,44.76,429713,96,卖盘
793,10:09:39,44.77,264105,59,买盘
794,10:09:42,44.77,720673,161,买盘
795,10:09:45,44.77,671530,150,买盘
796,10:09:48,44.77,1920638,429,买盘
797,10:09:51,44.78,797019,178,买盘
798,10:09:54,44.79,71650,16,买盘
799,10:09:57,44.79,1007674,225,买盘
800,10:10:00,44.79,309026,69,买盘
801,10:10:03,44.79,698684,156,买盘
802,10:10:06,44.79,349352,78,买盘
803,10:10:09,44.79,188120,42,卖盘
804,10:10:12,44.8,640632,143,买盘
805,10:10:15,44.79,609147,136,卖盘
806,10:10:18,44.8,609274,136,买盘
807,10:10:21,44.79,447962,100,卖盘
808,10:10:24,44.8,1164789,260,买盘
809,10:10:27,44.79,851157,190,卖盘
810,10:10:30,44.82,1039465,232,买盘
811,10:10:33,44.82,596055,133,买盘
812,10:10:36,44.83,1631008,364,买盘
813,10:10:39,44.82,537903,120,卖盘
814,10:10:42,44.83,53795,12,中性盘
815,10:10:45,44.82,416990,93,卖盘
816,10:10:48,44.83,457366,102,中性盘
817,10:10:51,44.83,430524,96,卖盘
818,10:10:54,44.84,192833,43,中性盘
819,10:10:57,44.84,255629,57,卖盘
820,10:11:00,44.84,76230,17,卖盘
821,10:11:03,44.85,107639,24,买盘
822,10:11:06,44.85,103152,23,买盘
823,10:11:09,44.85,94180,21,买盘
824,10:11:12,44.84,399155,89,卖盘
825,10:11:15,44.85,2924215,652,买盘
826,10:11:18,44.85,1946876,434,卖盘
827,10:11:21,44.86,547237,122,买盘
828,10:11:24,44.87,381391,85,买盘
829,10:11:27,44.88,682232,152,买盘
830,10:11:30,44.91,440023,98,买盘
831,10:11:33,44.91,4486482,999,买盘
832,10:11:36,44.92,1033294,230,买盘
833,10:11:39,44.94,1108808,247,买盘
834,10:11:42,44.94,1428944,318,买盘
835,10:11:45,44.94,557336,124,卖盘
836,10:11:48,44.94,575340,128,卖盘
837,10:11:51,44.95,548359,122,买盘
838,10:11:54,44.95,444990,99,买盘
839,10:11:57,44.92,2373651,528,卖盘
840,10:12:00,44.94,386421,86,买盘
841,10:12:03,44.95,593319,132,买盘
842,10:12:06,44.94,476617,106,卖盘
843,10:12:09,44.94,53929,12,卖盘
844,10:12:12,44.94,175313,39,卖盘
845,10:12:15,44.96,184305,41,买盘
846,10:12:18,44.94,44944,10,卖盘
847,10:12:21,44.95,80920,18,中性盘
848,10:12:24,44.94,40452,9,卖盘
849,10:12:27,44.95,422471,94,买盘
850,10:12:30,44.95,413509,92,买盘
851,10:12:33,44.94,251704,56,卖盘
852,10:12:36,44.94,1672073,372,买盘
853,10:12:39,44.94,26965,6,卖盘
854,10:12:42,44.94,782065,174,卖盘
855,10:12:45,44.93,139301,31,卖盘
856,10:12:48,44.92,2418063,538,卖盘
857,10:12:51,44.93,840159,187,买盘
858,10:12:54,44.92,94349,21,卖盘
859,10:12:57,44.92,390805,87,卖盘
860,10:13:00,44.92,750280,167,卖盘
861,10:13:03,44.92,116794,26,卖盘
862,10:13:06,44.95,1199817,267,买盘
863,10:13:09,44.94,548363,122,卖盘
864,10:13:12,44.95,916885,204,买盘
865,10:13:15,44.96,22480,5,买盘
866,10:13:18,44.95,548474,122,卖盘
867,10:13:21,44.95,157347,35,卖盘
868,10:13:24,44.96,139361,31,买盘
869,10:13:27,44.96,157350,35,买盘
870,10:13:30,44.95,404569,90,卖盘
871,10:13:33,44.94,215755,48,卖盘
872,10:13:36,44.95,287674,64,买盘
873,10:13:39,44.95,391065,87,买盘
874,10:13:42,44.95,642848,143,卖盘
875,10:13:45,44.96,445089,99,买盘
876,10:13:48,44.96,1443214,321,买盘
877,10:13:51,44.96,723852,161,买盘
878,10:13:54,44.96,125886,28,买盘
879,10:13:57,44.96,490154,109,卖盘
880,10:14:00,44.97,31473,7,买盘
881,10:14:03,44.96,256303,57,卖盘
882,10:14:06,44.97,130385,29,买盘
883,10:14:09,44.97,166386,37,买盘
884,10:14:12,44.96,867735,193,卖盘
885,10:14:15,44.96,863216,192,卖盘
886,10:14:18,44.96,467606,104,买盘
887,10:14:21,44.96,229301,51,卖盘
888,10:14:24,45.0,5491969,1221,买盘
889,10:14:27,45.0,1043757,232,买盘
890,10:14:30,44.99,1066326,237,卖盘
891,10:14:33,44.99,593807,132,卖盘
892,10:14:36,44.97,1435114,319,卖盘
893,10:14:39,44.98,175442,39,卖盘
894,10:14:42,44.99,859136,191,买盘
895,10:14:45,44.96,112430,25,卖盘
896,10:14:48,44.98,188915,42,买盘
897,10:14:51,44.96,35973,8,卖盘
898,10:14:54,44.98,152907,34,买盘
899,10:15:00,44.98,22490,5,买盘
900,10:15:03,44.98,85461,19,买盘
901,10:15:06,44.98,26988,6,买盘
902,10:15:09,44.97,89958,20,卖盘
903,10:15:12,44.98,116927,26,买盘
904,10:15:15,44.97,175421,39,卖盘
905,10:15:18,44.98,134922,30,买盘
906,10:15:21,44.98,130436,29,买盘
907,10:15:24,44.97,94450,21,卖盘
908,10:15:27,44.97,188891,42,卖盘
909,10:15:30,44.98,238378,53,买盘
910,10:15:33,44.97,283356,63,卖盘
911,10:15:36,44.97,107932,24,卖盘
912,10:15:39,44.97,251881,56,卖盘
913,10:15:42,44.98,535151,119,买盘
914,10:15:45,44.97,287811,64,卖盘
915,10:15:48,44.97,170886,38,买盘
916,10:15:51,44.97,80947,18,卖盘
917,10:15:54,44.97,202405,45,卖盘
918,10:15:57,44.97,71952,16,卖盘
919,10:16:00,44.97,305843,68,卖盘
920,10:16:03,44.97,490194,109,卖盘
921,10:16:06,44.96,197863,44,卖盘
922,10:16:09,44.96,395710,88,卖盘
923,10:16:12,44.96,566503,126,卖盘
924,10:16:15,44.96,220304,49,买盘
925,10:16:18,44.96,287748,64,卖盘
926,10:16:21,44.96,440608,98,卖盘
927,10:16:24,44.96,238312,53,买盘
928,10:16:27,44.96,251776,56,卖盘
929,10:16:30,44.96,148391,33,卖盘
930,10:16:33,44.97,476681,106,买盘
931,10:16:36,44.97,377744,84,买盘
932,10:16:39,44.96,512618,114,卖盘
933,10:16:42,44.96,233809,52,买盘
934,10:16:45,44.96,346249,77,卖盘
935,10:16:48,44.96,58459,13,卖盘
936,10:16:51,44.97,148396,33,买盘
937,10:16:54,44.96,499139,111,卖盘
938,10:16:57,44.96,31475,7,卖盘
939,10:17:00,44.96,314755,70,卖盘
940,10:17:03,44.96,148369,33,卖盘
941,10:17:06,44.96,166383,37,卖盘
942,10:17:09,44.96,373154,83,卖盘
943,10:17:12,44.96,1672371,372,卖盘
944,10:17:15,44.97,1200476,267,买盘
945,10:17:18,44.96,121407,27,卖盘
946,10:17:21,44.96,1501951,334,卖盘
947,10:17:24,44.97,40467,9,买盘
948,10:17:27,44.96,930870,207,卖盘
949,10:17:30,44.97,885912,197,买盘
950,10:17:33,44.97,377750,84,卖盘
951,10:17:36,44.98,1520291,338,买盘
952,10:17:39,44.98,962541,214,买盘
953,10:17:42,44.98,1205714,268,卖盘
954,10:17:45,44.99,94462,21,买盘
955,10:17:48,44.98,386903,86,卖盘
956,10:17:51,44.98,166426,37,卖盘
957,10:17:54,44.99,103469,23,买盘
958,10:17:57,44.99,206949,46,买盘
959,10:18:00,44.98,287877,64,卖盘
960,10:18:03,44.98,548794,122,卖盘
961,10:18:06,44.98,107955,24,卖盘
962,10:18:09,44.99,350890,78,买盘
963,10:18:12,44.99,2582359,574,买盘
964,10:18:15,44.98,1740869,387,卖盘
965,10:18:18,44.99,67485,15,买盘
966,10:18:21,44.98,1673318,372,卖盘
967,10:18:24,44.98,58474,13,卖盘
968,10:18:27,44.99,850253,189,买盘
969,10:18:30,44.99,229433,51,买盘
970,10:18:33,44.98,760221,169,卖盘
971,10:18:36,44.97,53974,12,卖盘
972,10:18:39,44.98,643075,143,买盘
973,10:18:42,44.98,737672,164,买盘
974,10:18:45,44.97,112438,25,卖盘
975,10:18:48,44.97,337314,75,卖盘
976,10:18:51,44.97,431729,96,卖盘
977,10:18:54,44.97,395792,88,卖盘
978,10:18:57,44.97,697035,155,卖盘
979,10:19:00,44.97,67455,15,买盘
980,10:19:03,44.97,413719,92,买盘
981,10:19:06,44.97,809313,180,买盘
982,10:19:09,44.96,490142,109,卖盘
983,10:19:12,44.96,67445,15,卖盘
984,10:19:15,44.96,476614,106,卖盘
985,10:19:18,44.96,112412,25,卖盘
986,10:19:21,44.96,143873,32,卖盘
987,10:19:24,44.96,305790,68,卖盘
988,10:19:27,44.96,202331,45,卖盘
989,10:19:30,44.97,148397,33,买盘
990,10:19:33,44.96,112404,25,卖盘
991,10:19:36,44.96,125906,28,卖盘
992,10:19:39,44.96,62953,14,卖盘
993,10:19:42,44.97,292262,65,买盘
994,10:19:45,44.97,310292,69,买盘
995,10:19:48,44.96,265320,59,卖盘
996,10:19:51,44.96,31472,7,卖盘
997,10:19:54,44.97,80946,18,买盘
998,10:19:57,44.96,310225,69,卖盘
999,10:20:00,44.97,143877,32,买盘
1000,10:20:03,44.97,490125,109,买盘
1001,10:20:06,44.96,319219,71,卖盘
1002,10:20:09,44.97,364227,81,买盘
1003,10:20:12,44.96,170872,38,卖盘
1004,10:20:15,44.97,1658956,369,买盘
1005,10:20:18,44.96,188840,42,卖盘
1006,10:20:21,44.96,903823,201,卖盘
1007,10:20:24,44.95,570876,127,卖盘
1008,10:20:27,44.94,467449,104,卖盘
1009,10:20:30,44.95,94382,21,买盘
1010,10:20:33,44.94,116844,26,卖盘
1011,10:20:36,44.94,215744,48,卖盘
1012,10:20:39,44.94,44940,10,卖盘
1013,10:20:42,44.94,94388,21,卖盘
1014,10:20:45,44.94,22470,5,卖盘
1015,10:20:48,44.94,134830,30,卖盘
1016,10:20:51,44.95,89893,20,买盘
1017,10:20:54,44.94,89881,20,卖盘
1018,10:20:57,44.94,269678,60,卖盘
1019,10:21:00,44.94,31463,7,卖盘
1020,10:21:03,44.94,152815,34,卖盘
1021,10:21:06,44.94,179761,40,卖盘
1022,10:21:09,44.93,381927,85,卖盘
1023,10:21:12,44.93,215702,48,卖盘
1024,10:21:15,44.93,53918,12,卖盘
1025,10:21:18,44.93,476309,106,卖盘
1026,10:21:21,44.92,404352,90,卖盘
1027,10:21:24,44.92,265085,59,卖盘
1028,10:21:27,44.92,89841,20,卖盘
1029,10:21:30,44.92,179687,40,卖盘
1030,10:21:33,44.92,889430,198,卖盘
1031,10:21:36,44.92,242568,54,卖盘
1032,10:21:39,44.94,3396685,756,买盘
1033,10:21:42,44.94,229194,51,买盘
1034,10:21:45,44.94,4494,1,卖盘
1035,10:21:48,44.94,139314,31,卖盘
1036,10:21:51,44.94,247185,55,卖盘
1037,10:21:54,44.95,269698,60,买盘
1038,10:21:57,44.94,602239,134,卖盘
1039,10:22:00,44.94,224705,50,卖盘
1040,10:22:03,44.95,314642,70,买盘
1041,10:22:06,44.93,22466,5,卖盘
1042,10:22:09,44.93,76396,17,卖盘
1043,10:22:15,44.93,58415,13,卖盘
1044,10:22:18,44.94,979690,218,买盘
1045,10:22:21,44.94,700960,156,买盘
1046,10:22:24,44.93,692051,154,卖盘
1047,10:22:27,44.94,130303,29,买盘
1048,10:22:30,44.92,570575,127,卖盘
1049,10:22:33,44.92,381893,85,卖盘
1050,10:22:36,44.93,4493,1,中性盘
1051,10:22:39,44.93,98846,22,买盘
1052,10:22:42,44.93,116815,26,买盘
1053,10:22:45,44.93,1271519,283,买盘
1054,10:22:48,44.94,525795,117,买盘
1055,10:22:51,44.95,71918,16,买盘
1056,10:22:54,44.95,350589,78,买盘
1057,10:22:57,44.94,1388906,309,卖盘
1058,10:23:00,44.95,197780,44,卖盘
1059,10:23:03,44.96,791295,176,买盘
1060,10:23:06,44.96,458587,102,买盘
1061,10:23:09,44.96,422623,94,买盘
1062,10:23:12,44.97,112420,25,买盘
1063,10:23:15,44.96,67436,15,买盘
1064,10:23:18,44.95,1276580,284,卖盘
1065,10:23:21,44.94,764137,170,卖盘
1066,10:23:24,44.94,94378,21,卖盘
1067,10:23:27,44.94,391049,87,卖盘
1068,10:23:30,44.94,633654,141,卖盘
1069,10:23:33,44.94,76382,17,买盘
1070,10:23:36,44.94,476347,106,买盘
1071,10:23:39,44.94,44935,10,买盘
1072,10:23:42,44.93,602091,134,卖盘
1073,10:23:45,44.93,597567,133,买盘
1074,10:23:48,44.93,494217,110,买盘
1075,10:23:54,44.92,435779,97,卖盘
1076,10:24:00,44.93,148269,33,买盘
1077,10:24:03,44.93,314504,70,买盘
1078,10:24:06,44.93,251602,56,买盘
1079,10:24:09,44.93,58409,13,买盘
1080,10:24:12,44.92,112323,25,卖盘
1081,10:24:15,44.92,80873,18,卖盘
1082,10:24:18,44.92,512196,114,卖盘
1083,10:24:21,44.93,458286,102,买盘
1084,10:24:24,44.92,503260,112,卖盘
1085,10:24:27,44.93,31450,7,中性盘
1086,10:24:30,44.93,98845,22,买盘
1087,10:24:33,44.93,22463,5,买盘
1088,10:24:36,44.92,727715,162,卖盘
1089,10:24:39,44.92,323486,72,卖盘
1090,10:24:42,44.93,22465,5,买盘
1091,10:24:45,44.93,107824,24,买盘
1092,10:24:48,44.92,53908,12,卖盘
1093,10:24:51,44.93,103339,23,买盘
1094,10:24:57,44.93,44930,10,买盘
1095,10:25:00,44.93,62902,14,买盘
1096,10:25:03,44.93,148258,33,买盘
1097,10:25:06,44.92,336916,75,卖盘
1098,10:25:09,44.92,278553,62,卖盘
1099,10:25:12,44.93,8986,2,买盘
1100,10:25:15,44.92,116804,26,卖盘
1101,10:25:18,44.93,431251,96,买盘
1102,10:25:21,44.93,2978886,663,买盘
1103,10:25:24,44.93,292047,65,买盘
1104,10:25:27,44.93,35944,8,买盘
1105,10:25:30,44.93,238106,53,买盘
1106,10:25:33,44.92,301022,67,卖盘
1107,10:25:36,44.93,202185,45,买盘
1108,10:25:42,44.93,116803,26,买盘
1109,10:25:45,44.93,1010724,225,买盘
1110,10:25:48,44.92,80864,18,卖盘
1111,10:25:51,44.92,31444,7,卖盘
1112,10:25:54,44.93,422342,94,买盘
1113,10:25:57,44.93,390822,87,买盘
1114,10:26:00,44.93,184213,41,买盘
1115,10:26:03,44.93,49423,11,买盘
1116,10:26:06,44.93,58409,13,买盘
1117,10:26:09,44.93,224650,50,买盘
1118,10:26:12,44.93,116818,26,买盘
1119,10:26:15,44.93,4493,1,买盘
1120,10:26:18,44.92,314457,70,卖盘
1121,10:26:21,44.93,161745,36,买盘
1122,10:26:24,44.93,269574,60,买盘
1123,10:26:27,44.92,1576692,351,卖盘
1124,10:26:30,44.92,1266732,282,买盘
1125,10:26:33,44.92,633346,141,买盘
1126,10:26:36,44.91,71856,16,卖盘
1127,10:26:39,44.92,134757,30,买盘
1128,10:26:42,44.92,143743,32,买盘
1129,10:26:45,44.91,116790,26,卖盘
1130,10:26:48,44.92,1078076,240,买盘
1131,10:26:51,44.92,503193,112,卖盘
1132,10:26:54,44.92,49413,11,卖盘
1133,10:26:57,44.92,1468907,327,卖盘
1134,10:27:00,44.92,193156,43,卖盘
1135,10:27:03,44.92,601925,134,买盘
1136,10:27:06,44.91,121257,27,卖盘
1137,10:27:09,44.92,193153,43,买盘
1138,10:27:12,44.92,22460,5,买盘
1139,10:27:15,44.91,107784,24,卖盘
1140,10:27:18,44.91,224592,50,卖盘
1141,10:27:21,44.92,31442,7,买盘
1142,10:27:24,44.92,85348,19,买盘
1143,10:27:27,44.91,67370,15,卖盘
1144,10:27:30,44.92,125773,28,买盘
1145,10:27:33,44.91,107794,24,卖盘
1146,10:27:36,44.91,26947,6,卖盘
1147,10:27:39,44.92,152724,34,买盘
1148,10:27:42,44.92,22457,5,买盘
1149,10:27:45,44.92,53904,12,买盘
1150,10:27:48,44.92,71869,16,买盘
1151,10:27:51,44.92,71872,16,买盘
1152,10:27:54,44.91,417663,93,卖盘
1153,10:27:57,44.91,35928,8,卖盘
1154,10:28:00,44.92,309943,69,买盘
1155,10:28:03,44.91,992511,221,卖盘
1156,10:28:06,44.91,844397,188,卖盘
1157,10:28:09,44.9,269459,60,卖盘
1158,10:28:12,44.91,758974,169,买盘
1159,10:28:15,44.91,291921,65,卖盘
1160,10:28:18,44.92,1122997,250,买盘
1161,10:28:21,44.92,130264,29,买盘
1162,10:28:24,44.92,826519,184,买盘
1163,10:28:27,44.92,404280,90,买盘
1164,10:28:30,44.92,359428,80,卖盘
1165,10:28:33,44.94,683065,152,买盘
1166,10:28:36,44.95,211249,47,买盘
1167,10:28:39,44.95,314641,70,买盘
1168,10:28:42,44.95,1114706,248,卖盘
1169,10:28:45,44.95,705813,157,卖盘
1170,10:28:48,44.95,211272,47,卖盘
1171,10:28:51,44.96,265262,59,买盘
1172,10:28:54,44.95,755194,168,卖盘
1173,10:28:57,44.95,1101375,245,卖盘
1174,10:29:00,44.93,179749,40,卖盘
1175,10:29:03,44.95,1190780,265,买盘
1176,10:29:06,44.95,507950,113,买盘
1177,10:29:09,44.94,220227,49,卖盘
1178,10:29:12,44.94,426876,95,买盘
1179,10:29:15,44.94,368534,82,买盘
1180,10:29:18,44.94,40451,9,卖盘
1181,10:29:21,44.95,121365,27,买盘
1182,10:29:24,44.95,188790,42,买盘
1183,10:29:27,44.95,103385,23,买盘
1184,10:29:30,44.95,31465,7,买盘
1185,10:29:33,44.94,269687,60,卖盘
1186,10:29:36,44.95,103373,23,买盘
1187,10:29:39,44.95,260702,58,买盘
1188,10:29:42,44.94,161816,36,卖盘
1189,10:29:45,44.95,139344,31,买盘
1190,10:29:48,44.94,71912,16,卖盘
1191,10:29:51,44.95,58434,13,买盘
1192,10:29:54,44.95,1213435,270,买盘
1193,10:29:57,44.94,166310,37,买盘
1194,10:30:00,44.95,166285,37,买盘
1195,10:30:03,44.95,260708,58,买盘
1196,10:30:06,44.95,611311,136,买盘
1197,10:30:09,44.96,337199,75,买盘
1198,10:30:12,44.97,103415,23,买盘
1199,10:30:15,44.96,89915,20,中性盘
1200,10:30:18,44.95,359628,80,卖盘
1201,10:30:21,44.96,166372,37,买盘
1202,10:30:24,44.97,278758,62,买盘
1203,10:30:27,44.96,656532,146,卖盘
1204,10:30:30,44.97,634075,141,买盘
1205,10:30:33,44.98,724175,161,买盘
1206,10:30:36,44.99,1349469,300,买盘
1207,10:30:39,44.98,881715,196,卖盘
1208,10:30:42,44.99,98976,22,买盘
1209,10:30:45,44.99,80961,18,买盘
1210,10:30:48,44.98,2942259,654,卖盘
1211,10:30:51,44.98,89966,20,卖盘
1212,10:30:54,45.0,954000,212,买盘
1213,10:30:57,45.0,9000,2,买盘
1214,10:31:00,44.99,346423,77,卖盘
1215,10:31:03,44.99,931256,207,卖盘
1216,10:31:06,44.97,643094,143,卖盘
1217,10:31:09,44.96,957730,213,卖盘
1218,10:31:12,44.96,1025139,228,卖盘
1219,10:31:15,44.97,786958,175,买盘
1220,10:31:18,44.97,535010,119,买盘
1221,10:31:21,44.96,233843,52,卖盘
1222,10:31:24,44.98,2253135,501,买盘
1223,10:31:27,44.95,899523,200,卖盘
1224,10:31:30,44.96,85432,19,中性盘
1225,10:31:33,44.96,220304,49,买盘
1226,10:31:36,44.95,193299,43,卖盘
1227,10:31:39,44.96,152889,34,卖盘
1228,10:31:42,44.97,215846,48,买盘
1229,10:31:45,44.97,85443,19,买盘
1230,10:31:48,44.97,269817,60,买盘
1231,10:31:51,44.97,53962,12,买盘
1232,10:31:54,44.96,314760,70,卖盘
1233,10:31:57,44.96,13488,3,卖盘
1234,10:32:00,45.0,2352682,523,买盘
1235,10:32:03,44.96,746592,166,卖盘
1236,10:32:06,44.99,706320,157,买盘
1237,10:32:09,44.99,26997,6,中性盘
1238,10:32:12,45.0,224938,50,买盘
1239,10:32:15,44.99,256443,57,卖盘
1240,10:32:18,44.98,260916,58,卖盘
1241,10:32:21,44.98,823099,183,卖盘
1242,10:32:24,44.97,872329,194,中性盘
1243,10:32:27,44.97,287808,64,卖盘
1244,10:32:30,44.98,449764,100,买盘
1245,10:32:33,44.97,283315,63,卖盘
1246,10:32:36,44.97,251828,56,卖盘
1247,10:32:39,44.98,553231,123,买盘
1248,10:32:42,44.98,211395,47,买盘
1249,10:32:45,44.98,197912,44,买盘
1250,10:32:48,44.97,404743,90,卖盘
1251,10:32:51,44.98,170921,38,买盘
1252,10:32:54,44.98,247380,55,买盘
1253,10:32:57,44.98,26986,6,买盘
1254,10:33:00,44.97,530679,118,卖盘
1255,10:33:03,44.96,229335,51,卖盘
1256,10:33:06,44.92,3771310,839,卖盘
1257,10:33:09,44.92,1195215,266,卖盘
1258,10:33:12,44.92,242597,54,卖盘
1259,10:33:15,44.92,575077,128,卖盘
1260,10:33:18,44.93,175225,39,买盘
1261,10:33:21,44.93,76391,17,卖盘
1262,10:33:24,44.94,125832,28,买盘
1263,10:33:27,44.94,71904,16,卖盘
1264,10:33:30,44.94,112353,25,卖盘
1265,10:33:33,44.94,31458,7,卖盘
1266,10:33:36,44.94,507843,113,卖盘
1267,10:33:39,44.95,103385,23,买盘
1268,10:33:42,44.94,584342,130,卖盘
1269,10:33:45,44.95,22475,5,买盘
1270,10:33:48,44.94,247220,55,卖盘
1271,10:33:54,44.95,35960,8,买盘
1272,10:33:57,44.95,49445,11,买盘
1273,10:34:00,44.95,193284,43,买盘
1274,10:34:03,44.95,346115,77,买盘
1275,10:34:06,44.94,35957,8,卖盘
1276,10:34:09,44.95,116870,26,买盘
1277,10:34:12,44.94,373060,83,卖盘
1278,10:34:15,44.95,242708,54,买盘
1279,10:34:18,44.95,35958,8,买盘
1280,10:34:21,44.95,103383,23,买盘
1281,10:34:24,44.94,112372,25,卖盘
1282,10:34:27,44.95,44950,10,卖盘
1283,10:34:33,44.95,71920,16,卖盘
1284,10:34:36,44.95,125876,28,卖盘
1285,10:34:39,44.96,202299,45,买盘
1286,10:34:42,44.95,134879,30,卖盘
1287,10:34:45,44.96,206816,46,买盘
1288,10:34:48,44.96,220282,49,买盘
1289,10:34:51,44.96,8992,2,买盘
1290,10:34:54,44.96,2755899,613,买盘
1291,10:34:57,44.96,85424,19,卖盘
1292,10:35:00,44.96,472084,105,卖盘
1293,10:35:03,44.96,1164721,259,卖盘
1294,10:35:06,44.96,157373,35,卖盘
1295,10:35:09,44.96,436136,97,卖盘
1296,10:35:12,44.96,1110516,247,卖盘
1297,10:35:15,44.96,1928737,429,卖盘
1298,10:35:18,44.95,260738,58,卖盘
1299,10:35:21,44.96,107888,24,买盘
1300,10:35:24,44.96,454093,101,买盘
1301,10:35:27,44.96,44965,10,卖盘
1302,10:35:30,44.97,94437,21,买盘
1303,10:35:33,44.97,125913,28,买盘
1304,10:35:36,44.97,71952,16,买盘
1305,10:35:39,44.96,112421,25,卖盘
1306,10:35:42,44.97,4497,1,买盘
1307,10:35:45,44.96,80928,18,卖盘
1308,10:35:48,44.96,53961,12,卖盘
1309,10:35:51,44.97,22485,5,买盘
1310,10:35:57,44.97,139405,31,买盘
1311,10:36:00,44.97,373208,83,买盘
1312,10:36:03,44.97,1330832,296,买盘
1313,10:36:06,44.97,265317,59,买盘
1314,10:36:09,44.97,206853,46,买盘
1315,10:36:12,44.97,427164,95,买盘
1316,10:36:15,44.97,4497,1,买盘
1317,10:36:18,44.97,179876,40,买盘
1318,10:36:21,44.97,58451,13,买盘
1319,10:36:24,44.97,328233,73,买盘
1320,10:36:27,44.97,22485,5,买盘
1321,10:36:30,44.97,4497,1,买盘
1322,10:36:33,44.96,310236,69,卖盘
1323,10:36:36,44.96,8992,2,买盘
1324,10:36:39,44.96,188827,42,买盘
1325,10:36:42,44.95,4495,1,卖盘
1326,10:36:45,44.95,395578,88,卖盘
1327,10:36:48,44.96,197790,44,买盘
1328,10:36:51,44.96,377648,84,买盘
1329,10:36:54,44.96,858566,191,买盘
1330,10:36:57,44.95,395644,88,卖盘
1331,10:37:00,44.95,395565,88,卖盘
1332,10:37:03,44.94,184292,41,卖盘
1333,10:37:09,44.95,22475,5,买盘
1334,10:37:12,44.94,85396,19,卖盘
1335,10:37:15,44.94,301117,67,卖盘
1336,10:37:18,44.96,319149,71,买盘
1337,10:37:21,44.95,314650,70,卖盘
1338,10:37:24,44.95,103385,23,买盘
1339,10:37:27,44.95,161820,36,买盘
1340,10:37:30,44.95,247225,55,买盘
1341,10:37:33,44.95,359550,80,买盘
1342,10:37:36,44.94,1182124,263,卖盘
1343,10:37:39,44.95,8990,2,买盘
1344,10:37:42,44.96,346117,77,买盘
1345,10:37:45,44.95,193285,43,卖盘
1346,10:37:48,44.95,26970,6,卖盘
1347,10:37:51,44.96,229270,51,买盘
1348,10:37:54,44.95,166315,37,卖盘
1349,10:37:57,44.95,579881,129,卖盘
1350,10:38:06,44.95,337125,75,买盘
1351,10:38:09,44.95,813595,181,卖盘
1352,10:38:12,44.96,440529,98,买盘
1353,10:38:15,44.95,62930,14,卖盘
1354,10:38:18,44.95,121390,27,卖盘
1355,10:38:21,44.96,62939,14,买盘
1356,10:38:24,44.95,400074,89,卖盘
1357,10:38:27,44.96,22480,5,买盘
1358,10:38:30,44.95,4495,1,卖盘
1359,10:38:33,44.95,705745,157,卖盘
1360,10:38:36,44.95,341623,76,卖盘
1361,10:38:39,44.94,750663,167,卖盘
1362,10:38:42,44.95,89900,20,中性盘
1363,10:38:45,44.95,359587,80,买盘
1364,10:38:48,44.95,49439,11,买盘
1365,10:38:51,44.95,107869,24,买盘
1366,10:38:54,44.95,355096,79,买盘
1367,10:38:57,44.94,152796,34,卖盘
1368,10:39:00,44.94,332586,74,卖盘
1369,10:39:03,44.95,85398,19,买盘
1370,10:39:06,44.95,103385,23,买盘
1371,10:39:09,44.94,76398,17,卖盘
1372,10:39:12,44.95,8990,2,买盘
1373,10:39:15,44.95,107875,24,买盘
1374,10:39:18,44.95,35958,8,买盘
1375,10:39:21,44.95,130336,29,买盘
1376,10:39:27,44.95,17980,4,买盘
1377,10:39:30,44.94,647136,144,卖盘
1378,10:39:33,44.94,489791,109,买盘
1379,10:39:36,44.93,413356,92,卖盘
1380,10:39:39,44.94,701046,156,买盘
1381,10:39:42,44.94,94357,21,买盘
1382,10:39:45,44.94,579693,129,买盘
1383,10:39:48,44.93,224657,50,卖盘
1384,10:39:51,44.93,440388,98,卖盘
1385,10:39:54,44.93,4493,1,卖盘
1386,10:39:57,44.94,2426763,540,买盘
1387,10:40:00,44.94,809063,180,卖盘
1388,10:40:03,44.94,251664,56,卖盘
1389,10:40:06,44.94,476457,106,卖盘
1390,10:40:09,44.94,125840,28,卖盘
1391,10:40:12,44.95,89899,20,买盘
1392,10:40:15,44.94,17976,4,卖盘
1393,10:40:18,44.95,202258,45,买盘
1394,10:40:21,44.94,103384,23,卖盘
1395,10:40:27,44.95,103385,23,买盘
1396,10:40:30,44.94,76413,17,卖盘
1397,10:40:33,44.94,179762,40,卖盘
1398,10:40:36,44.95,413485,92,买盘
1399,10:40:39,44.95,62930,14,买盘
1400,10:40:42,44.94,1141541,254,卖盘
1401,10:40:45,44.94,665141,148,卖盘
1402,10:40:48,44.94,710203,158,卖盘
1403,10:40:51,44.94,188789,42,卖盘
1404,10:40:54,44.95,121365,27,买盘
1405,10:40:57,44.94,741602,165,卖盘
1406,10:41:00,44.94,148334,33,卖盘
1407,10:41:03,44.95,710161,158,买盘
1408,10:41:06,44.94,125837,28,卖盘
1409,10:41:09,44.94,256197,57,卖盘
1410,10:41:12,44.94,593234,132,卖盘
1411,10:41:15,44.95,2682698,597,买盘
1412,10:41:18,44.94,934749,208,买盘
1413,10:41:21,44.93,85375,19,卖盘
1414,10:41:24,44.93,206722,46,卖盘
1415,10:41:27,44.92,2335994,520,卖盘
1416,10:41:30,44.93,1379254,307,买盘
1417,10:41:33,44.93,435818,97,买盘
1418,10:41:36,44.92,58407,13,卖盘
1419,10:41:39,44.93,13479,3,买盘
1420,10:41:42,44.93,390891,87,买盘
1421,10:41:45,44.93,62900,14,买盘
1422,10:41:48,44.93,350452,78,买盘
1423,10:41:51,44.93,624526,139,买盘
1424,10:41:54,44.93,1684927,375,买盘
1425,10:41:57,44.95,1240560,276,买盘
1426,10:42:00,44.95,462946,103,买盘
1427,10:42:03,44.95,121368,27,卖盘
1428,10:42:06,44.95,17980,4,买盘
1429,10:42:12,44.95,44946,10,买盘
1430,10:42:15,44.91,5476597,1219,卖盘
1431,10:42:18,44.92,1648536,367,买盘
1432,10:42:21,44.91,1006182,224,卖盘
1433,10:42:24,44.91,723208,161,卖盘
1434,10:42:27,44.92,4492,1,买盘
1435,10:42:30,44.92,309928,69,买盘
1436,10:42:33,44.91,520959,116,卖盘
1437,10:42:36,44.91,547954,122,卖盘
1438,10:42:39,44.91,31437,7,卖盘
1439,10:42:42,44.92,323400,72,买盘
1440,10:42:45,44.92,3885086,865,买盘
1441,10:42:48,44.93,1594750,355,买盘
1442,10:42:51,44.93,620012,138,买盘
1443,10:42:54,44.93,503206,112,买盘
1444,10:42:57,44.93,233636,52,买盘
1445,10:43:00,44.94,98853,22,买盘
1446,10:43:06,44.93,458329,102,卖盘
1447,10:43:09,44.93,85367,19,卖盘
1448,10:43:12,44.93,4493,1,买盘
1449,10:43:15,44.92,512127,114,卖盘
1450,10:43:18,44.92,336901,75,卖盘
1451,10:43:21,44.93,336973,75,买盘
1452,10:43:24,44.93,350381,78,买盘
1453,10:43:27,44.92,4492,1,卖盘
1454,10:43:30,44.93,498649,111,买盘
1455,10:43:33,44.92,8984,2,卖盘
1456,10:43:36,44.93,619934,138,买盘
1457,10:43:42,44.93,853596,190,买盘
1458,10:43:45,44.93,8986,2,买盘
1459,10:43:48,44.92,431253,96,卖盘
1460,10:43:51,44.91,655799,146,卖盘
1461,10:43:54,44.92,350376,78,买盘
1462,10:43:57,44.92,547948,122,买盘
1463,10:44:00,44.91,574848,128,卖盘
1464,10:44:03,44.92,898268,200,买盘
1465,10:44:06,44.91,1468557,327,卖盘
1466,10:44:09,44.9,5266730,1173,卖盘
1467,10:44:12,44.89,1818293,405,卖盘
1468,10:44:15,44.89,2019634,450,买盘
1469,10:44:18,44.9,579177,129,买盘
1470,10:44:21,44.9,309811,69,卖盘
1471,10:44:24,44.91,723013,161,买盘
1472,10:44:27,44.9,592695,132,卖盘
1473,10:44:30,44.9,614888,137,买盘
1474,10:44:33,44.9,26940,6,买盘
1475,10:44:36,44.9,184090,41,买盘
1476,10:44:39,44.9,619248,138,买盘
1477,10:44:42,44.89,255921,57,卖盘
1478,10:44:45,44.89,31424,7,卖盘
1479,10:44:48,44.89,44898,10,卖盘
1480,10:44:51,44.9,62859,14,买盘
1481,10:44:54,44.9,121218,27,买盘
1482,10:44:57,44.9,76328,17,买盘
1483,10:45:00,44.9,583580,130,买盘
1484,10:45:03,44.89,359173,80,卖盘
1485,10:45:06,44.89,31423,7,卖盘
1486,10:45:09,44.9,377105,84,买盘
1487,10:45:12,44.9,44897,10,买盘
1488,10:45:15,44.9,224493,50,买盘
1489,10:45:18,44.9,71836,16,买盘
1490,10:45:21,44.89,511760,114,卖盘
1491,10:45:24,44.9,260418,58,买盘
1492,10:45:27,44.9,300829,67,买盘
1493,10:45:30,44.9,2671557,595,买盘
1494,10:45:33,44.91,853178,190,买盘
1495,10:45:36,44.91,139221,31,买盘
1496,10:45:39,44.92,139252,31,买盘
1497,10:45:42,44.93,238112,53,买盘
1498,10:45:45,44.94,44931,10,买盘
1499,10:45:48,44.94,687744,153,买盘
1500,10:45:51,44.94,341544,76,买盘
1501,10:45:54,44.96,206813,46,买盘
1502,10:45:57,44.94,804457,179,卖盘
1503,10:46:00,44.94,121321,27,买盘
1504,10:46:03,44.94,426930,95,买盘
1505,10:46:06,44.94,76402,17,卖盘
1506,10:46:09,44.94,2517719,560,卖盘
1507,10:46:12,44.97,993833,221,买盘
1508,10:46:15,44.95,134873,30,卖盘
1509,10:46:18,44.96,31472,7,买盘
1510,10:46:21,44.96,215808,48,卖盘
1511,10:46:24,44.95,256219,57,卖盘
1512,10:46:27,44.95,175305,39,买盘
1513,10:46:30,44.95,17980,4,中性盘
1514,10:46:33,44.94,265195,59,卖盘
1515,10:46:36,44.96,143853,32,买盘
1516,10:46:39,44.96,175344,39,买盘
1517,10:46:42,44.95,314613,70,中性盘
1518,10:46:45,44.95,13485,3,卖盘
1519,10:46:48,44.95,125857,28,买盘
1520,10:46:51,44.94,139343,31,卖盘
1521,10:46:54,44.94,170784,38,卖盘
1522,10:46:57,44.94,224717,50,卖盘
1523,10:47:00,44.94,229190,51,买盘
1524,10:47:03,44.94,224698,50,买盘
1525,10:47:06,44.94,206698,46,买盘
1526,10:47:09,44.94,116832,26,买盘
1527,10:47:12,44.94,597699,133,买盘
1528,10:47:15,44.93,44934,10,卖盘
1529,10:47:18,44.93,224697,50,卖盘
1530,10:47:21,44.94,413445,92,买盘
1531,10:47:24,44.94,395421,88,买盘
1532,10:47:27,44.93,26960,6,卖盘
1533,10:47:30,44.93,13479,3,卖盘
1534,10:47:33,44.94,98867,22,买盘
1535,10:47:36,44.93,13480,3,卖盘
1536,10:47:39,44.93,265087,59,卖盘
1537,10:47:42,44.93,107832,24,买盘
1538,10:47:45,44.93,44929,10,买盘
1539,10:47:48,44.93,112305,25,买盘
1540,10:47:51,44.93,125804,28,买盘
1541,10:47:54,44.93,139260,31,买盘
1542,10:47:57,44.92,161732,36,卖盘
1543,10:48:00,44.92,85348,19,卖盘
1544,10:48:03,44.91,377340,84,卖盘
1545,10:48:06,44.92,22460,5,买盘
1546,10:48:09,44.92,125776,28,买盘
1547,10:48:12,44.91,13473,3,卖盘
1548,10:48:15,44.91,273953,61,卖盘
1549,10:48:18,44.91,125771,28,卖盘
1550,10:48:21,44.91,287429,64,卖盘
1551,10:48:24,44.91,202080,45,买盘
1552,10:48:27,44.9,238009,53,卖盘
1553,10:48:30,44.9,507439,113,卖盘
1554,10:48:33,44.9,202061,45,卖盘
1555,10:48:36,44.9,273890,61,卖盘
1556,10:48:39,44.91,449085,100,买盘
1557,10:48:42,44.91,202089,45,买盘
1558,10:48:45,44.91,143712,32,买盘
1559,10:48:48,44.91,390643,87,买盘
1560,10:48:51,44.91,323352,72,买盘
1561,10:48:54,44.9,722890,161,卖盘
1562,10:48:57,44.91,98790,22,买盘
1563,10:49:00,44.9,3034912,676,卖盘
1564,10:49:03,44.89,430944,96,卖盘
1565,10:49:06,44.9,228977,51,买盘
1566,10:49:09,44.91,1172148,261,买盘
1567,10:49:12,44.91,372810,83,卖盘
1568,10:49:15,44.91,480557,107,卖盘
1569,10:49:18,44.9,58373,13,卖盘
1570,10:49:21,44.93,202159,45,买盘
1571,10:49:24,44.95,417949,93,买盘
1572,10:49:27,44.95,206756,46,买盘
1573,10:49:30,44.93,49433,11,中性盘
1574,10:49:33,44.93,112350,25,卖盘
1575,10:49:36,44.93,17971,4,卖盘
1576,10:49:39,44.93,76381,17,买盘
1577,10:49:42,44.94,53926,12,买盘
1578,10:49:45,44.94,211173,47,买盘
1579,10:49:48,44.94,148293,33,买盘
1580,10:49:51,44.93,8986,2,卖盘
1581,10:49:54,44.94,112350,25,买盘
1582,10:49:57,44.94,296603,66,买盘
1583,10:50:00,44.93,112345,25,卖盘
1584,10:50:03,44.93,386467,86,卖盘
1585,10:50:06,44.93,40443,9,卖盘
1586,10:50:09,44.94,125831,28,买盘
1587,10:50:15,44.93,40441,9,卖盘
1588,10:50:18,44.93,808740,180,卖盘
1589,10:50:21,44.93,723454,161,卖盘
1590,10:50:24,44.94,543728,121,买盘
1591,10:50:27,44.95,256215,57,买盘
1592,10:50:30,44.95,13485,3,卖盘
1593,10:50:36,44.96,220287,49,买盘
1594,10:50:39,44.95,94414,21,卖盘
1595,10:50:42,44.95,8990,2,卖盘
1596,10:50:45,44.96,22480,5,买盘
1597,10:50:48,44.95,827260,184,卖盘
1598,10:50:51,44.96,373167,83,买盘
1599,10:50:54,44.96,22480,5,买盘
1600,10:50:57,44.95,422621,94,卖盘
1601,10:51:00,44.97,71938,16,买盘
1602,10:51:03,44.97,215855,48,买盘
1603,10:51:06,44.97,616086,137,买盘
1604,10:51:09,44.97,13491,3,卖盘
1605,10:51:12,44.97,67455,15,卖盘
1606,10:51:15,44.98,139437,31,买盘
1607,10:51:18,44.98,1781223,396,买盘
1608,10:51:21,44.98,98956,22,卖盘
1609,10:51:24,44.98,1637003,364,买盘
1610,10:51:27,44.97,8994,2,中性盘
1611,10:51:30,44.97,283311,63,买盘
1612,10:51:33,44.97,76449,17,卖盘
1613,10:51:36,44.95,971102,216,卖盘
1614,10:51:39,44.94,292197,65,卖盘
1615,10:51:42,44.94,130348,29,卖盘
1616,10:51:45,44.95,94379,21,中性盘
1617,10:51:48,44.95,152831,34,买盘
1618,10:51:51,44.95,579855,129,卖盘
1619,10:51:54,44.95,391065,87,买盘
1620,10:51:57,44.95,49442,11,买盘
1621,10:52:00,44.94,283144,63,卖盘
1622,10:52:06,44.94,17976,4,卖盘
1623,10:52:09,44.95,184295,41,买盘
1624,10:52:12,44.95,89900,20,买盘
1625,10:52:15,44.95,98889,22,买盘
1626,10:52:18,44.95,831573,185,买盘
1627,10:52:21,44.95,53939,12,买盘
1628,10:52:24,44.96,161856,36,买盘
1629,10:52:27,44.96,8992,2,卖盘
1630,10:52:30,44.96,103408,23,卖盘
1631,10:52:33,44.97,184374,41,买盘
1632,10:52:36,44.97,13491,3,买盘
1633,10:52:39,44.96,1065552,237,卖盘
1634,10:52:42,44.95,539494,120,卖盘
1635,10:52:45,44.95,143840,32,卖盘
1636,10:52:48,44.95,8990,2,卖盘
1637,10:52:51,44.95,35960,8,卖盘
1638,10:52:54,44.95,283229,63,卖盘
1639,10:52:57,44.96,179824,40,买盘
1640,10:53:00,44.95,220255,49,卖盘
1641,10:53:03,44.95,872084,194,卖盘
1642,10:53:06,44.95,152802,34,买盘
1643,10:53:09,44.94,229201,51,卖盘
1644,10:53:12,44.94,858477,191,卖盘
1645,10:53:15,44.94,184256,41,卖盘
1646,10:53:18,44.94,256212,57,卖盘
1647,10:53:24,44.94,8988,2,卖盘
1648,10:53:27,44.94,85386,19,卖盘
1649,10:53:30,44.92,831147,185,卖盘
1650,10:53:33,44.92,112300,25,买盘
1651,10:53:36,44.92,372835,83,买盘
1652,10:53:39,44.91,242534,54,卖盘
1653,10:53:42,44.92,251550,56,买盘
1654,10:53:45,44.91,157186,35,卖盘
1655,10:53:48,44.92,107806,24,买盘
1656,10:53:57,44.91,8983,2,卖盘
1657,10:54:00,44.92,247006,55,买盘
1658,10:54:03,44.92,274012,61,买盘
1659,10:54:06,44.91,857806,191,卖盘
1660,10:54:09,44.91,1131893,252,卖盘
1661,10:54:12,44.91,300846,67,买盘
1662,10:54:15,44.91,264923,59,买盘
1663,10:54:18,44.91,696103,155,买盘
1664,10:54:21,44.91,242442,54,买盘
1665,10:54:24,44.91,462484,103,买盘
1666,10:54:27,44.91,296403,66,卖盘
1667,10:54:30,44.92,561440,125,买盘
1668,10:54:33,44.92,76364,17,买盘
1669,10:54:36,44.91,139251,31,卖盘
1670,10:54:39,44.92,179614,40,买盘
1671,10:54:42,44.91,287400,64,买盘
1672,10:54:45,44.91,193076,43,买盘
1673,10:54:48,44.91,282928,63,买盘
1674,10:54:51,44.91,13471,3,买盘
1675,10:54:54,44.91,161647,36,买盘
1676,10:54:57,44.9,314381,70,卖盘
1677,10:55:00,44.91,17963,4,买盘
1678,10:55:03,44.9,471521,105,卖盘
1679,10:55:06,44.92,498435,111,买盘
1680,10:55:09,44.92,1113768,248,买盘
1681,10:55:12,44.91,673683,150,卖盘
1682,10:55:15,44.92,1095948,244,买盘
1683,10:55:18,44.9,669164,149,卖盘
1684,10:55:21,44.93,907193,202,买盘
1685,10:55:24,44.92,247060,55,卖盘
1686,10:55:27,44.92,633187,141,买盘
1687,10:55:30,44.92,673704,150,买盘
1688,10:55:33,44.92,754440,168,买盘
1689,10:55:36,44.92,547972,122,买盘
1690,10:55:39,44.91,211043,47,中性盘
1691,10:55:42,44.92,1755988,391,买盘
1692,10:55:45,44.91,1625863,362,卖盘
1693,10:55:48,44.92,588385,131,买盘
1694,10:55:51,44.92,1926847,429,卖盘
1695,10:55:54,44.92,471642,105,买盘
1696,10:55:57,44.93,912005,203,买盘
1697,10:56:00,44.92,422212,94,卖盘
1698,10:56:03,44.92,332573,74,卖盘
1699,10:56:06,44.93,152752,34,买盘
1700,10:56:09,44.93,13477,3,买盘
1701,10:56:12,44.93,179686,40,买盘
1702,10:56:15,44.93,395351,88,买盘
1703,10:56:18,44.93,269541,60,买盘
1704,10:56:21,44.93,26953,6,买盘
1705,10:56:24,44.93,292035,65,买盘
1706,10:56:27,44.92,696270,155,卖盘
1707,10:56:30,44.93,453756,101,买盘
1708,10:56:33,44.94,2138665,476,买盘
1709,10:56:36,44.93,570609,127,买盘
1710,10:56:39,44.92,552533,123,卖盘
1711,10:56:42,44.92,943243,210,买盘
1712,10:56:45,44.91,22458,5,卖盘
1713,10:56:48,44.91,188662,42,卖盘
1714,10:56:51,44.92,229073,51,买盘
1715,10:56:54,44.91,148216,33,卖盘
1716,10:56:57,44.92,157220,35,买盘
1717,10:57:00,44.92,8984,2,买盘
1718,10:57:03,44.91,71867,16,卖盘
1719,10:57:06,44.91,224550,50,卖盘
1720,10:57:09,44.91,300895,67,买盘
1721,10:57:12,44.91,233510,52,买盘
1722,10:57:15,44.9,467031,104,卖盘
1723,10:57:18,44.9,8980,2,卖盘
1724,10:57:21,44.91,220056,49,买盘
1725,10:57:24,44.9,417570,93,卖盘
1726,10:57:27,44.9,722930,161,卖盘
1727,10:57:30,44.9,22447,5,买盘
1728,10:57:33,44.9,516279,115,买盘
1729,10:57:36,44.88,206490,46,卖盘
1730,10:57:39,44.89,291771,65,买盘
1731,10:57:42,44.88,94248,21,卖盘
1732,10:57:45,44.89,632832,141,买盘
1733,10:57:48,44.88,40399,9,卖盘
1734,10:57:51,44.88,58350,13,卖盘
1735,10:57:54,44.89,399521,89,买盘
1736,10:57:57,44.88,130168,29,卖盘
1737,10:58:00,44.89,246895,55,买盘
1738,10:58:03,44.89,655293,146,买盘
1739,10:58:06,44.89,682280,152,买盘
1740,10:58:09,44.88,139140,31,卖盘
1741,10:58:12,44.88,76304,17,卖盘
1742,10:58:15,44.88,372557,83,卖盘
1743,10:58:18,44.88,354601,79,卖盘
1744,10:58:21,44.88,789932,176,卖盘
1745,10:58:24,44.88,776348,173,卖盘
1746,10:58:27,44.88,673295,150,卖盘
1747,10:58:30,44.87,296216,66,卖盘
1748,10:58:33,44.87,507139,113,卖盘
1749,10:58:36,44.88,8976,2,买盘
1750,10:58:39,44.87,327554,73,卖盘
1751,10:58:42,44.87,915383,204,卖盘
1752,10:58:45,44.86,1134958,253,卖盘
1753,10:58:48,44.86,1596847,356,买盘
1754,10:58:51,44.86,1009348,225,买盘
1755,10:58:54,44.84,3466789,773,卖盘
1756,10:58:57,44.84,712822,159,卖盘
1757,10:59:00,44.84,443802,99,卖盘
1758,10:59:03,44.87,4539219,1012,买盘
1759,10:59:06,44.88,1252113,279,买盘
1760,10:59:09,44.89,709262,158,买盘
1761,10:59:12,44.89,830441,185,买盘
1762,10:59:15,44.89,475822,106,买盘
1763,10:59:18,44.89,511637,114,买盘
1764,10:59:21,44.88,58348,13,卖盘
1765,10:59:24,44.88,26932,6,卖盘
1766,10:59:27,44.88,206449,46,卖盘
1767,10:59:30,44.88,148122,33,卖盘
1768,10:59:33,44.89,1180607,263,买盘
1769,10:59:36,44.89,404008,90,买盘
1770,10:59:39,44.89,13467,3,买盘
1771,10:59:42,44.88,4488,1,卖盘
1772,10:59:45,44.89,22445,5,买盘
1773,10:59:48,44.89,22443,5,买盘
1774,10:59:51,44.89,125692,28,买盘
1775,10:59:57,44.89,67335,15,买盘
1776,11:00:00,44.89,58357,13,买盘
1777,11:00:03,44.88,1059170,236,卖盘
1778,11:00:06,44.87,157057,35,卖盘
1779,11:00:09,44.86,565351,126,卖盘
1780,11:00:12,44.87,439646,98,买盘
1781,11:00:15,44.87,421708,94,买盘
1782,11:00:18,44.87,4150475,925,买盘
1783,11:00:21,44.88,911062,203,买盘
1784,11:00:24,44.88,224400,50,买盘
1785,11:00:27,44.88,170545,38,卖盘
1786,11:00:30,44.89,1014445,226,买盘
1787,11:00:33,44.88,1059390,236,卖盘
1788,11:00:36,44.89,193027,43,买盘
1789,11:00:39,44.88,520542,116,卖盘
1790,11:00:42,44.88,215459,48,卖盘
1791,11:00:45,44.89,112201,25,买盘
1792,11:00:48,44.89,170560,38,买盘
1793,11:00:51,44.88,403949,90,卖盘
1794,11:00:54,44.88,40392,9,买盘
1795,11:00:57,44.88,228882,51,买盘
1796,11:01:00,44.87,85253,19,卖盘
1797,11:01:03,44.87,152573,34,卖盘
1798,11:01:06,44.88,4488,1,买盘
1799,11:01:09,44.87,26923,6,卖盘
1800,11:01:12,44.87,8974,2,卖盘
1801,11:01:15,44.88,224399,50,买盘
1802,11:01:18,44.88,767287,171,买盘
1803,11:01:21,44.89,1395769,311,买盘
1804,11:01:24,44.88,269293,60,卖盘
1805,11:01:27,44.89,1113211,248,买盘
1806,11:01:30,44.89,754106,168,买盘
1807,11:01:33,44.89,98740,22,买盘
1808,11:01:36,44.9,848483,189,买盘
1809,11:01:39,44.9,215497,48,买盘
1810,11:01:42,44.9,448977,100,买盘
1811,11:01:45,44.89,435507,97,卖盘
1812,11:01:48,44.9,534293,119,买盘
1813,11:01:51,44.9,440020,98,买盘
1814,11:01:54,44.9,413024,92,买盘
1815,11:01:57,44.91,669012,149,买盘
1816,11:02:00,44.9,1028349,229,卖盘
1817,11:02:03,44.9,718371,160,卖盘
1818,11:02:06,44.9,314305,70,卖盘
1819,11:02:09,44.9,305347,68,买盘
1820,11:02:12,44.92,238010,53,买盘
1821,11:02:15,44.89,273829,61,卖盘
1822,11:02:18,44.91,143685,32,买盘
1823,11:02:21,44.88,2531367,564,卖盘
1824,11:02:24,44.91,592437,132,买盘
1825,11:02:27,44.89,1198866,267,中性盘
1826,11:02:30,44.89,390470,87,买盘
1827,11:02:33,44.89,170580,38,买盘
1828,11:02:36,44.88,210961,47,卖盘
1829,11:02:39,44.88,76296,17,买盘
1830,11:02:42,44.87,2530690,564,卖盘
1831,11:02:45,44.87,430761,96,卖盘
1832,11:02:48,44.87,1314867,293,卖盘
1833,11:02:51,44.87,1041359,232,买盘
1834,11:02:54,44.89,282807,63,买盘
1835,11:02:57,44.89,121192,27,买盘
1836,11:03:00,44.88,305230,68,中性盘
1837,11:03:03,44.88,255816,57,买盘
1838,11:03:06,44.88,157111,35,卖盘
1839,11:03:09,44.88,67320,15,卖盘
1840,11:03:12,44.89,318696,71,买盘
1841,11:03:15,44.88,161569,36,卖盘
1842,11:03:18,44.88,130155,29,卖盘
1843,11:03:21,44.9,484718,108,买盘
1844,11:03:24,44.9,152628,34,买盘
1845,11:03:27,44.9,471442,105,买盘
1846,11:03:30,44.89,22449,5,卖盘
1847,11:03:33,44.88,2266869,505,卖盘
1848,11:03:36,44.88,924898,206,卖盘
1849,11:03:42,44.89,44890,10,卖盘
1850,11:03:45,44.88,179520,40,卖盘
1851,11:03:48,44.88,821468,183,卖盘
1852,11:03:51,44.89,228928,51,买盘
1853,11:03:54,44.88,76298,17,卖盘
1854,11:03:57,44.89,53866,12,买盘
1855,11:04:00,44.9,1966525,438,买盘
1856,11:04:03,44.9,179600,40,卖盘
1857,11:04:06,44.9,754320,168,买盘
1858,11:04:09,44.89,76313,17,卖盘
1859,11:04:12,44.9,300794,67,买盘
1860,11:04:15,44.89,130182,29,卖盘
1861,11:04:18,44.89,269374,60,卖盘
1862,11:04:21,44.9,413074,92,买盘
1863,11:04:24,44.9,98780,22,买盘
1864,11:04:27,44.89,237969,53,卖盘
1865,11:04:30,44.89,309803,69,卖盘
1866,11:04:33,44.89,942894,210,卖盘
1867,11:04:36,44.9,224499,50,买盘
1868,11:04:39,44.9,363688,81,买盘
1869,11:04:42,44.9,76328,17,买盘
1870,11:04:45,44.89,13469,3,卖盘
1871,11:04:48,44.89,255905,57,卖盘
1872,11:04:51,44.9,62858,14,买盘
1873,11:04:54,44.89,116735,26,卖盘
1874,11:04:57,44.89,13469,3,卖盘
1875,11:05:00,44.9,125703,28,买盘
1876,11:05:03,44.9,53880,12,买盘
1877,11:05:06,44.9,1737630,387,买盘
1878,11:05:09,44.9,40414,9,卖盘
1879,11:05:12,44.9,660170,147,卖盘
1880,11:05:15,44.9,26945,6,卖盘
1881,11:05:18,44.9,49398,11,卖盘
1882,11:05:21,44.9,1091261,243,卖盘
1883,11:05:24,44.91,363771,81,买盘
1884,11:05:30,44.93,3400312,757,买盘
1885,11:05:33,44.93,1046869,233,买盘
1886,11:05:36,44.93,256101,57,买盘
1887,11:05:39,44.93,76382,17,卖盘
1888,11:05:42,44.94,35950,8,买盘
1889,11:05:45,44.94,377494,84,买盘
1890,11:05:48,44.94,31456,7,买盘
1891,11:05:51,44.94,35952,8,买盘
1892,11:06:00,44.94,8988,2,买盘
1893,11:06:03,44.94,152771,34,买盘
1894,11:06:06,44.94,103358,23,买盘
1895,11:06:09,44.94,139314,31,买盘
1896,11:06:12,44.93,251609,56,卖盘
1897,11:06:15,44.94,269597,60,买盘
1898,11:06:18,44.93,76381,17,卖盘
1899,11:06:21,44.94,143796,32,买盘
1900,11:06:24,44.93,184239,41,卖盘
1901,11:06:27,44.94,2784886,620,买盘
1902,11:06:30,44.94,949465,211,卖盘
1903,11:06:33,44.94,1280790,285,买盘
1904,11:06:36,44.94,233688,52,买盘
1905,11:06:39,44.94,116842,26,买盘
1906,11:06:45,44.94,76394,17,买盘
1907,11:06:48,44.93,8986,2,卖盘
1908,11:06:51,44.94,80878,18,买盘
1909,11:06:54,44.94,148285,33,买盘
1910,11:06:57,44.94,67406,15,买盘
1911,11:07:03,44.94,35949,8,买盘
1912,11:07:06,44.94,116843,26,买盘
1913,11:07:09,44.93,98848,22,卖盘
1914,11:07:12,44.94,467284,104,买盘
1915,11:07:15,44.93,229143,51,卖盘
1916,11:07:18,44.93,678554,151,卖盘
1917,11:07:21,44.93,211173,47,卖盘
1918,11:07:24,44.94,512294,114,买盘
1919,11:07:27,44.94,125816,28,买盘
1920,11:07:30,44.93,197724,44,卖盘
1921,11:07:33,44.93,395384,88,卖盘
1922,11:07:36,44.93,170734,38,买盘
1923,11:07:39,44.93,49423,11,买盘
1924,11:07:42,44.92,80856,18,卖盘
1925,11:07:45,44.92,103328,23,卖盘
1926,11:07:48,44.92,112301,25,卖盘
1927,11:07:51,44.92,426752,95,卖盘
1928,11:07:54,44.92,116792,26,卖盘
1929,11:07:57,44.92,224636,50,卖盘
1930,11:08:00,44.92,67380,15,卖盘
1931,11:08:03,44.91,745671,166,卖盘
1932,11:08:06,44.91,530012,118,卖盘
1933,11:08:09,44.91,238023,53,卖盘
1934,11:08:12,44.91,628780,140,卖盘
1935,11:08:15,44.9,5190637,1156,卖盘
1936,11:08:18,44.9,1311351,292,卖盘
1937,11:08:21,44.9,1841102,410,卖盘
1938,11:08:24,44.9,646574,144,卖盘
1939,11:08:27,44.9,1230173,274,买盘
1940,11:08:30,44.9,125696,28,买盘
1941,11:08:33,44.9,399586,89,买盘
1942,11:08:36,44.9,58364,13,买盘
1943,11:08:39,44.89,363635,81,卖盘
1944,11:08:42,44.9,561156,125,买盘
1945,11:08:45,44.9,260373,58,买盘
1946,11:08:48,44.9,471448,105,买盘
1947,11:08:51,44.9,264874,59,买盘
1948,11:08:54,44.9,282867,63,买盘
1949,11:08:57,44.9,440020,98,买盘
1950,11:09:00,44.9,273888,61,买盘
1951,11:09:03,44.9,1701625,379,买盘
1952,11:09:06,44.89,947246,211,卖盘
1953,11:09:09,44.91,772297,172,买盘
1954,11:09:12,44.92,2883150,642,买盘
1955,11:09:15,44.94,1433147,319,买盘
1956,11:09:18,44.9,1504180,335,卖盘
1957,11:09:21,44.9,749738,167,买盘
1958,11:09:24,44.91,1482022,330,买盘
1959,11:09:27,44.91,678339,151,卖盘
1960,11:09:30,44.91,597386,133,买盘
1961,11:09:33,44.93,781400,174,买盘
1962,11:09:36,44.93,408800,91,买盘
1963,11:09:39,44.93,5272959,1174,买盘
1964,11:09:42,44.91,1261908,281,卖盘
1965,11:09:45,44.9,920426,205,卖盘
1966,11:09:48,44.9,2918144,650,买盘
1967,11:09:51,44.92,184155,41,买盘
1968,11:09:54,44.9,3185853,709,卖盘
1969,11:09:57,44.91,1598532,356,买盘
1970,11:10:00,44.89,785895,175,卖盘
1971,11:10:03,44.9,85319,19,买盘
1972,11:10:06,44.89,1239051,276,卖盘
1973,11:10:09,44.9,1593654,355,买盘
1974,11:10:12,44.91,161651,36,买盘
1975,11:10:15,44.93,983530,219,买盘
1976,11:10:18,44.91,332348,74,买盘
1977,11:10:21,44.9,107782,24,卖盘
1978,11:10:24,44.93,1450621,323,买盘
1979,11:10:27,44.93,197692,44,买盘
1980,11:10:30,44.93,247121,55,卖盘
1981,11:10:33,44.93,274073,61,买盘
1982,11:10:36,44.94,161736,36,买盘
1983,11:10:39,44.94,4529915,1008,买盘
1984,11:10:42,44.94,916712,204,买盘
1985,11:10:45,44.93,471868,105,卖盘
1986,11:10:48,44.93,139275,31,买盘
1987,11:10:51,44.93,62902,14,买盘
1988,11:10:54,44.92,161743,36,卖盘
1989,11:10:57,44.92,2098211,467,卖盘
1990,11:11:00,44.92,858117,191,卖盘
1991,11:11:03,44.93,193194,43,买盘
1992,11:11:06,44.93,611048,136,买盘
1993,11:11:09,44.93,1199578,267,买盘
1994,11:11:12,44.93,148241,33,买盘
1995,11:11:15,44.93,107832,24,买盘
1996,11:11:18,44.93,202183,45,买盘
1997,11:11:21,44.93,175227,39,买盘
1998,11:11:24,44.93,193197,43,买盘
1999,11:11:27,44.93,292018,65,买盘
2000,11:11:30,44.93,40437,9,买盘
2001,11:11:33,44.93,130297,29,买盘
2002,11:11:39,44.93,404318,90,买盘
2003,11:11:42,44.93,435782,97,买盘
2004,11:11:45,44.92,309951,69,卖盘
2005,11:11:48,44.93,611041,136,买盘
2006,11:11:51,44.93,134790,30,买盘
2007,11:11:54,44.93,305516,68,买盘
2008,11:11:57,44.93,543550,121,买盘
2009,11:12:00,44.93,377412,84,买盘
2010,11:12:03,44.93,103346,23,卖盘
2011,11:12:06,44.94,116838,26,买盘
2012,11:12:09,44.94,143808,32,买盘
2013,11:12:12,44.93,575210,128,卖盘
2014,11:12:15,44.93,26958,6,买盘
2015,11:12:18,44.93,795261,177,卖盘
2016,11:12:21,44.93,188732,42,买盘
2017,11:12:24,44.93,103339,23,卖盘
2018,11:12:27,44.93,678575,151,卖盘
2019,11:12:30,44.94,296603,66,买盘
2020,11:12:33,44.94,885318,197,买盘
2021,11:12:36,44.94,89888,20,卖盘
2022,11:12:39,44.95,319145,71,买盘
2023,11:12:42,44.95,71919,16,买盘
2024,11:12:45,44.95,67423,15,买盘
2025,11:12:48,44.94,35958,8,卖盘
2026,11:12:51,44.95,346085,77,买盘
2027,11:12:54,44.95,215760,48,买盘
2028,11:12:57,44.94,184264,41,卖盘
2029,11:13:00,44.95,247225,55,买盘
2030,11:13:03,44.95,2557448,569,买盘
2031,11:13:06,44.95,287680,64,买盘
2032,11:13:09,44.95,467480,104,买盘
2033,11:13:12,44.95,17980,4,买盘
2034,11:13:15,44.95,98890,22,买盘
2035,11:13:18,44.95,453993,101,买盘
2036,11:13:21,44.95,471964,105,买盘
2037,11:13:27,44.95,103385,23,买盘
2038,11:13:30,44.94,229244,51,卖盘
2039,11:13:36,44.95,849555,189,买盘
2040,11:13:39,44.93,3490548,777,卖盘
2041,11:13:42,44.95,13485,3,中性盘
2042,11:13:45,44.94,238182,53,买盘
2043,11:13:48,44.94,8988,2,卖盘
2044,11:13:51,44.96,916985,204,买盘
2045,11:13:54,44.95,251720,56,卖盘
2046,11:13:57,44.94,247170,55,卖盘
2047,11:14:00,44.95,188790,42,买盘
2048,11:14:03,44.95,462911,103,买盘
2049,11:14:06,44.94,26964,6,卖盘
2050,11:14:09,44.95,332630,74,买盘
2051,11:14:12,44.95,116850,26,买盘
2052,11:14:15,44.95,287663,64,买盘
2053,11:14:18,44.95,319075,71,买盘
2054,11:14:21,44.94,184261,41,卖盘
2055,11:14:24,44.95,89900,20,买盘
2056,11:14:27,44.95,350659,78,卖盘
2057,11:14:30,44.95,377634,84,卖盘
2058,11:14:36,44.95,125861,28,卖盘
2059,11:14:39,44.95,179835,40,卖盘
2060,11:14:42,44.95,134850,30,卖盘
2061,11:14:45,44.94,400052,89,卖盘
2062,11:14:48,44.95,359662,80,卖盘
2063,11:14:51,44.95,197785,44,卖盘
2064,11:14:54,44.96,166350,37,买盘
2065,11:14:57,44.95,13485,3,卖盘
2066,11:15:00,44.95,552884,123,卖盘
2067,11:15:03,44.95,242710,54,卖盘
2068,11:15:06,44.95,202293,45,卖盘
2069,11:15:09,44.96,773294,172,买盘
2070,11:15:12,44.95,139345,31,卖盘
2071,11:15:15,44.96,728296,162,买盘
2072,11:15:18,44.96,408997,91,买盘
2073,11:15:21,44.96,391141,87,买盘
2074,11:15:24,44.96,8992,2,买盘
2075,11:15:27,44.95,62942,14,卖盘
2076,11:15:30,44.96,364126,81,买盘
2077,11:15:33,44.95,148335,33,卖盘
2078,11:15:36,44.96,328186,73,买盘
2079,11:15:39,44.95,166321,37,卖盘
2080,11:15:42,44.95,170841,38,卖盘
2081,11:15:45,44.96,220258,49,买盘
2082,11:15:48,44.95,678733,151,买盘
2083,11:15:51,44.94,215734,48,卖盘
2084,11:15:54,44.95,80910,18,买盘
2085,11:15:57,44.94,431487,96,卖盘
2086,11:16:00,44.95,319166,71,中性盘
2087,11:16:03,44.95,229242,51,卖盘
2088,11:16:06,44.96,651754,145,买盘
2089,11:16:09,44.95,579764,129,卖盘
2090,11:16:12,44.94,44948,10,卖盘
2091,11:16:15,44.95,296633,66,买盘
2092,11:16:18,44.95,386653,86,卖盘
2093,11:16:21,44.95,377661,84,卖盘
2094,11:16:24,44.95,40461,9,卖盘
2095,11:16:27,44.96,13488,3,买盘
2096,11:16:30,44.95,251741,56,卖盘
2097,11:16:33,44.95,445010,99,卖盘
2098,11:16:36,44.95,328202,73,卖盘
2099,11:16:39,44.95,170845,38,卖盘
2100,11:16:42,44.96,274253,61,买盘
2101,11:16:45,44.96,287717,64,买盘
2102,11:16:48,44.96,449538,100,买盘
2103,11:16:51,44.95,148366,33,卖盘
2104,11:16:54,44.96,17982,4,买盘
2105,11:16:57,44.96,179840,40,买盘
2106,11:17:00,44.95,22475,5,卖盘
2107,11:17:03,44.95,148336,33,卖盘
2108,11:17:06,44.95,130379,29,卖盘
2109,11:17:09,44.95,449516,100,卖盘
2110,11:17:12,44.96,346167,77,买盘
2111,11:17:15,44.96,193293,43,买盘
2112,11:17:18,44.96,764281,170,买盘
2113,11:17:21,44.95,4495,1,卖盘
2114,11:17:24,44.96,728342,162,买盘
2115,11:17:27,44.96,170846,38,买盘
2116,11:17:30,44.96,499056,111,买盘
2117,11:17:33,44.97,166389,37,买盘
2118,11:17:36,44.97,337259,75,买盘
2119,11:17:39,44.97,26982,6,买盘
2120,11:17:42,44.97,206879,46,买盘
2121,11:17:45,44.97,44968,10,买盘
2122,11:17:48,44.97,130409,29,买盘
2123,11:17:51,44.97,76437,17,买盘
2124,11:17:54,44.97,22481,5,买盘
2125,11:17:57,44.97,98931,22,买盘
2126,11:18:00,44.97,22485,5,买盘
2127,11:18:03,44.97,368722,82,买盘
2128,11:18:06,44.97,346269,77,买盘
2129,11:18:09,44.97,53959,12,买盘
2130,11:18:12,44.97,148383,33,买盘
2131,11:18:15,44.96,377700,84,卖盘
2132,11:18:18,44.96,652043,145,卖盘
2133,11:18:21,44.97,562125,125,买盘
2134,11:18:24,44.96,881217,196,卖盘
2135,11:18:27,44.97,584610,130,买盘
2136,11:18:30,44.96,53962,12,卖盘
2137,11:18:33,44.97,391238,87,买盘
2138,11:18:36,44.97,553129,123,买盘
2139,11:18:39,44.97,224852,50,买盘
2140,11:18:42,44.97,58465,13,卖盘
2141,11:18:45,44.97,445242,99,卖盘
2142,11:18:48,44.98,89948,20,买盘
2143,11:18:51,44.98,184412,41,买盘
2144,11:18:54,44.97,62970,14,卖盘
2145,11:18:57,44.97,26986,6,卖盘
2146,11:19:00,44.97,211370,47,卖盘
2147,11:19:03,44.97,103433,23,卖盘
2148,11:19:06,44.97,229389,51,卖盘
2149,11:19:09,44.97,220372,49,卖盘
2150,11:19:12,44.97,184404,41,卖盘
2151,11:19:15,44.97,175385,39,卖盘
2152,11:19:18,44.97,418281,93,买盘
2153,11:19:21,44.97,103430,23,买盘
2154,11:19:24,44.96,161890,36,卖盘
2155,11:19:27,44.97,112409,25,买盘
2156,11:19:30,44.97,58461,13,买盘
2157,11:19:33,44.96,2000287,445,卖盘
2158,11:19:36,44.97,580113,129,买盘
2159,11:19:39,44.97,80946,18,卖盘
2160,11:19:42,44.97,215879,48,卖盘
2161,11:19:45,44.97,148417,33,卖盘
2162,11:19:48,44.97,17988,4,卖盘
2163,11:19:54,44.98,26988,6,买盘
2164,11:19:57,44.97,121431,27,卖盘
2165,11:20:00,44.96,382215,85,卖盘
2166,11:20:03,44.97,1146528,255,中性盘
2167,11:20:06,44.97,40472,9,买盘
2168,11:20:09,44.97,458654,102,买盘
2169,11:20:12,44.95,296786,66,卖盘
2170,11:20:15,44.96,25805,6,买盘
2171,11:20:18,44.96,157360,35,卖盘
2172,11:20:21,44.97,476680,106,买盘
2173,11:20:24,44.96,107907,24,卖盘
2174,11:20:27,44.94,1636187,364,卖盘
2175,11:20:30,44.93,382009,85,卖盘
2176,11:20:33,44.94,354999,79,买盘
2177,11:20:36,44.94,125832,28,买盘
2178,11:20:39,44.93,732458,163,卖盘
2179,11:20:42,44.92,287548,64,卖盘
2180,11:20:45,44.93,188702,42,买盘
2181,11:20:48,44.93,40437,9,卖盘
2182,11:20:51,44.93,4493,1,卖盘
2183,11:20:54,44.94,319034,71,买盘
2184,11:20:57,44.93,274109,61,卖盘
2185,11:21:00,44.93,188700,42,卖盘
2186,11:21:03,44.93,242621,54,买盘
2187,11:21:06,44.92,121287,27,卖盘
2188,11:21:09,44.92,26952,6,卖盘
2189,11:21:12,44.93,94353,21,买盘
2190,11:21:15,44.92,89841,20,卖盘
2191,11:21:18,44.93,440301,98,买盘
2192,11:21:21,44.92,242612,54,卖盘
2193,11:21:24,44.93,139277,31,买盘
2194,11:21:27,44.93,80867,18,买盘
2195,11:21:30,44.93,139282,31,买盘
2196,11:21:33,44.93,94353,21,买盘
2197,11:21:36,44.93,799560,178,买盘
2198,11:21:39,44.93,166241,37,买盘
2199,11:21:42,44.93,305524,68,买盘
2200,11:21:45,44.93,247115,55,买盘
2201,11:21:48,44.93,13477,3,买盘
2202,11:21:51,44.93,85367,19,买盘
2203,11:21:54,44.92,98832,22,卖盘
2204,11:21:57,44.92,242582,54,卖盘
2205,11:22:00,44.93,1509060,336,买盘
2206,11:22:03,44.93,323494,72,买盘
2207,11:22:06,44.93,435819,97,买盘
2208,11:22:09,44.92,80856,18,卖盘
2209,11:22:12,44.91,377347,84,卖盘
2210,11:22:15,44.93,462648,103,买盘
2211,11:22:18,44.91,31440,7,卖盘
2212,11:22:21,44.92,287481,64,买盘
2213,11:22:24,44.93,4493,1,买盘
2214,11:22:27,44.92,242580,54,卖盘
2215,11:22:30,44.92,62887,14,卖盘
2216,11:22:33,44.91,179674,40,卖盘
2217,11:22:36,44.92,193137,43,买盘
2218,11:22:39,44.91,152716,34,卖盘
2219,11:22:42,44.91,525424,117,卖盘
2220,11:22:45,44.91,458082,102,买盘
2221,11:22:48,44.9,49395,11,卖盘
2222,11:22:51,44.91,211054,47,买盘
2223,11:22:54,44.91,22453,5,买盘
2224,11:22:57,44.91,17964,4,买盘
2225,11:23:00,44.91,121257,27,买盘
2226,11:23:03,44.91,22455,5,买盘
2227,11:23:06,44.91,148182,33,买盘
2228,11:23:09,44.91,116744,26,买盘
2229,11:23:12,44.9,175127,39,卖盘
2230,11:23:15,44.91,260460,58,买盘
2231,11:23:18,44.91,121254,27,买盘
2232,11:23:21,44.91,453589,101,买盘
2233,11:23:24,44.91,103293,23,买盘
2234,11:23:27,44.91,238072,53,卖盘
2235,11:23:30,44.92,62888,14,买盘
2236,11:23:33,44.92,691768,154,买盘
2237,11:23:36,44.92,4492,1,卖盘
2238,11:23:39,44.92,22464,5,卖盘
2239,11:23:42,44.93,485290,108,买盘
2240,11:23:45,44.93,116818,26,买盘
2241,11:23:48,44.93,301034,67,卖盘
2242,11:23:51,44.93,224669,50,卖盘
2243,11:23:54,44.94,260628,58,买盘
2244,11:23:57,44.94,107847,24,买盘
2245,11:24:00,44.93,8986,2,卖盘
2246,11:24:03,44.94,1002159,223,买盘
2247,11:24:06,44.94,224696,50,买盘
2248,11:24:09,44.94,170775,38,卖盘
2249,11:24:12,44.95,197780,44,买盘
2250,11:24:15,44.96,233742,52,买盘
2251,11:24:18,44.95,274249,61,卖盘
2252,11:24:21,44.96,269760,60,买盘
2253,11:24:24,44.96,134880,30,买盘
2254,11:24:27,44.96,13488,3,买盘
2255,11:24:30,44.97,35974,8,买盘
2256,11:24:33,44.96,179861,40,卖盘
2257,11:24:36,44.96,188832,42,卖盘
2258,11:24:39,44.96,553019,123,卖盘
2259,11:24:42,44.95,566446,126,卖盘
2260,11:24:45,44.95,310108,69,买盘
2261,11:24:48,44.95,94392,21,买盘
2262,11:24:51,44.95,58437,13,卖盘
2263,11:24:54,44.96,386655,86,买盘
2264,11:24:57,44.95,4495,1,卖盘
2265,11:25:00,44.95,166335,37,卖盘
2266,11:25:03,44.95,557384,124,卖盘
2267,11:25:06,44.95,386619,86,卖盘
2268,11:25:09,44.95,301164,67,卖盘
2269,11:25:12,44.95,395541,88,买盘
2270,11:25:15,44.95,17979,4,买盘
2271,11:25:18,44.95,188784,42,买盘
2272,11:25:21,44.95,449492,100,买盘
2273,11:25:24,44.95,238198,53,买盘
2274,11:25:27,44.94,269691,60,卖盘
2275,11:25:30,44.95,444974,99,买盘
2276,11:25:33,44.94,197736,44,卖盘
2277,11:25:36,44.93,71888,16,卖盘
2278,11:25:39,44.94,22468,5,买盘
2279,11:25:42,44.93,157263,35,卖盘
2280,11:25:45,44.94,211199,47,买盘
2281,11:25:48,44.93,22468,5,卖盘
2282,11:25:51,44.94,53928,12,买盘
2283,11:25:54,44.94,94374,21,买盘
2284,11:25:57,44.94,31458,7,买盘
2285,11:26:00,44.93,1001954,223,卖盘
2286,11:26:03,44.94,53926,12,买盘
2287,11:26:06,44.93,440407,98,卖盘
2288,11:26:09,44.93,44937,10,卖盘
2289,11:26:12,44.94,381897,85,买盘
2290,11:26:15,44.91,386343,86,卖盘
2291,11:26:18,44.92,579409,129,买盘
2292,11:26:21,44.91,125759,28,卖盘
2293,11:26:24,44.91,377281,84,卖盘
2294,11:26:27,44.91,354852,79,卖盘
2295,11:26:30,44.91,332395,74,卖盘
2296,11:26:33,44.9,354815,79,卖盘
2297,11:26:36,44.93,130283,29,买盘
2298,11:26:39,44.93,453602,101,买盘
2299,11:26:42,44.93,489457,109,买盘
2300,11:26:45,44.91,260433,58,卖盘
2301,11:26:48,44.91,543502,121,卖盘
2302,11:26:51,44.92,103309,23,买盘
2303,11:26:54,44.92,305424,68,买盘
2304,11:26:57,44.91,184151,41,卖盘
2305,11:27:00,44.91,341358,76,卖盘
2306,11:27:03,44.92,58394,13,买盘
2307,11:27:06,44.92,103314,23,买盘
2308,11:27:09,44.91,139249,31,卖盘
2309,11:27:12,44.92,161692,36,买盘
2310,11:27:15,44.91,134743,30,卖盘
2311,11:27:18,44.92,853475,190,买盘
2312,11:27:21,44.92,197634,44,买盘
2313,11:27:24,44.94,467310,104,买盘
2314,11:27:27,44.94,22470,5,卖盘
2315,11:27:30,44.94,76398,17,买盘
2316,11:27:33,44.95,588822,131,买盘
2317,11:27:36,44.94,8988,2,卖盘
2318,11:27:39,44.95,85405,19,买盘
2319,11:27:42,44.95,71920,16,卖盘
2320,11:27:45,44.95,157325,35,卖盘
2321,11:27:48,44.96,50121,11,买盘
2322,11:27:51,44.95,1469194,327,卖盘
2323,11:27:54,44.94,988836,220,卖盘
2324,11:27:57,44.94,17976,4,卖盘
2325,11:28:00,44.94,112368,25,卖盘
2326,11:28:03,44.94,238223,53,卖盘
2327,11:28:06,44.95,395455,88,买盘
2328,11:28:09,44.95,98833,22,买盘
2329,11:28:12,44.92,98840,22,卖盘
2330,11:28:15,44.93,458360,102,中性盘
2331,11:28:18,44.93,116801,26,卖盘
2332,11:28:21,44.94,148302,33,买盘
2333,11:28:24,44.94,134819,30,卖盘
2334,11:28:27,44.95,49445,11,买盘
2335,11:28:30,44.94,17976,4,卖盘
2336,11:28:45,44.93,125804,28,卖盘
2337,11:28:48,44.93,71900,16,卖盘
2338,11:28:51,44.93,4493,1,卖盘
2339,11:28:54,44.92,22462,5,卖盘
2340,11:28:57,44.92,31444,7,卖盘
2341,11:29:00,44.93,8986,2,买盘
2342,11:29:03,44.92,80873,18,卖盘
2343,11:29:06,44.92,296485,66,卖盘
2344,11:29:09,44.92,62894,14,卖盘
2345,11:29:12,44.91,179662,40,卖盘
2346,11:29:15,44.93,269513,60,买盘
2347,11:29:18,44.9,480560,107,卖盘
2348,11:29:21,44.92,8984,2,买盘
2349,11:29:24,44.91,260553,58,卖盘
2350,11:29:27,44.93,130297,29,买盘
2351,11:29:30,44.92,103314,23,买盘
2352,11:29:33,44.92,22460,5,买盘
2353,11:29:36,44.92,44920,10,买盘
2354,11:29:42,44.91,89820,20,卖盘
2355,11:29:45,44.92,125761,28,买盘
2356,11:29:48,44.91,31442,7,卖盘
2357,11:29:51,44.92,98819,22,买盘
2358,11:29:54,44.92,94332,21,买盘
2359,11:29:57,44.92,161734,36,卖盘
2360,11:30:00,44.92,134760,30,买盘
2361,13:00:03,44.92,1684613,375,卖盘
2362,13:00:06,44.92,3873752,862,中性盘
2363,13:00:09,44.93,2281906,508,买盘
2364,13:00:12,44.94,3040838,677,买盘
2365,13:00:15,44.93,3006022,669,卖盘
2366,13:00:18,44.94,1558716,347,买盘
2367,13:00:21,44.94,957584,213,卖盘
2368,13:00:24,44.96,795613,177,买盘
2369,13:00:27,44.98,7670890,1706,买盘
2370,13:00:30,44.98,944596,210,买盘
2371,13:00:33,45.0,10677837,2373,买盘
2372,13:00:36,45.0,994522,221,买盘
2373,13:00:39,45.04,3808690,846,买盘
2374,13:00:42,45.03,882783,196,卖盘
2375,13:00:45,45.04,1315005,292,买盘
2376,13:00:48,45.04,1603192,356,买盘
2377,13:00:51,45.04,1432374,318,卖盘
2378,13:00:54,45.05,4441648,986,买盘
2379,13:00:57,45.05,1837999,408,买盘
2380,13:01:00,45.05,351385,78,买盘
2381,13:01:03,45.04,3640026,808,卖盘
2382,13:01:06,45.05,1063075,236,买盘
2383,13:01:09,45.06,910162,202,买盘
2384,13:01:12,45.06,3348009,743,卖盘
2385,13:01:15,45.05,153176,34,中性盘
2386,13:01:18,45.06,346931,77,买盘
2387,13:01:21,45.05,1144466,254,中性盘
2388,13:01:24,45.06,883078,196,买盘
2389,13:01:27,45.06,730060,162,卖盘
2390,13:01:30,45.07,703032,156,买盘
2391,13:01:33,45.07,1270926,282,卖盘
2392,13:01:36,45.07,4294985,953,卖盘
2393,13:01:39,45.07,824750,183,买盘
2394,13:01:42,45.07,680674,151,卖盘
2395,13:01:45,45.08,694223,154,买盘
2396,13:01:48,45.08,617589,137,卖盘
2397,13:01:51,45.07,121703,27,卖盘
2398,13:01:54,45.07,261456,58,卖盘
2399,13:01:57,45.08,166772,37,买盘
2400,13:02:00,45.08,446084,99,买盘
2401,13:02:03,45.04,1301997,289,卖盘
2402,13:02:06,45.03,180166,40,卖盘
2403,13:02:09,45.04,513668,114,买盘
2404,13:02:12,45.05,103619,23,卖盘
2405,13:02:15,45.06,522647,116,买盘
2406,13:02:18,45.07,383002,85,买盘
2407,13:02:21,45.06,45058,10,中性盘
2408,13:02:24,45.05,509176,113,卖盘
2409,13:02:27,45.06,563243,125,买盘
2410,13:02:30,45.05,396500,88,卖盘
2411,13:02:33,45.05,270304,60,卖盘
2412,13:02:36,45.06,396447,88,买盘
2413,13:02:39,45.05,464116,103,卖盘
2414,13:02:42,45.06,423506,94,买盘
2415,13:02:45,45.05,324388,72,中性盘
2416,13:02:48,45.05,355907,79,卖盘
2417,13:02:51,45.06,851482,189,买盘
2418,13:02:54,45.05,184715,41,卖盘
2419,13:02:57,45.05,522674,116,卖盘
2420,13:03:00,45.05,234285,52,卖盘
2421,13:03:03,45.05,3793705,842,买盘
2422,13:03:06,45.06,225297,50,买盘
2423,13:03:09,45.07,67604,15,买盘
2424,13:03:12,45.07,1771246,393,买盘
2425,13:03:15,45.06,1645130,365,卖盘
2426,13:03:18,45.06,635483,141,卖盘
2427,13:03:21,45.07,1897415,421,买盘
2428,13:03:24,45.07,166760,37,买盘
2429,13:03:27,45.06,112670,25,卖盘
2430,13:03:30,45.06,72096,16,卖盘
2431,13:03:33,45.07,558861,124,买盘
2432,13:03:36,45.07,576937,128,买盘
2433,13:03:39,45.07,2127571,472,卖盘
2434,13:03:42,45.07,347038,77,买盘
2435,13:03:45,45.08,94667,21,买盘
2436,13:03:48,45.08,455302,101,买盘
2437,13:03:51,45.07,775266,172,卖盘
2438,13:03:54,45.07,247919,55,卖盘
2439,13:03:57,45.07,311024,69,卖盘
2440,13:04:00,45.07,527350,117,卖盘
2441,13:04:03,45.09,6591742,1462,买盘
2442,13:04:06,45.09,15419665,3419,买盘
2443,13:04:09,45.11,487189,108,买盘
2444,13:04:12,45.13,3253123,721,买盘
2445,13:04:15,45.12,1728456,383,卖盘
2446,13:04:18,45.12,2500148,554,卖盘
2447,13:04:21,45.13,275259,61,买盘
2448,13:04:24,45.12,148901,33,卖盘
2449,13:04:27,45.13,1389997,308,买盘
2450,13:04:30,45.13,690427,153,买盘
2451,13:04:33,45.12,1353679,300,卖盘
2452,13:04:36,45.1,424059,94,卖盘
2453,13:04:39,45.09,739707,164,卖盘
2454,13:04:42,45.12,2386608,529,买盘
2455,13:04:45,45.1,257058,57,买盘
2456,13:04:48,45.11,563829,125,买盘
2457,13:04:51,45.1,478101,106,卖盘
2458,13:04:54,45.1,658446,146,买盘
2459,13:04:57,45.1,130790,29,买盘
2460,13:05:00,45.09,446423,99,卖盘
2461,13:05:03,45.09,202915,45,卖盘
2462,13:05:06,45.09,180387,40,卖盘
2463,13:05:09,45.09,306671,68,卖盘
2464,13:05:12,45.09,604306,134,卖盘
2465,13:05:15,45.09,405825,90,卖盘
2466,13:05:18,45.09,171318,38,买盘
2467,13:05:21,45.09,153304,34,买盘
2468,13:05:24,45.08,85652,19,卖盘
2469,13:05:27,45.08,31556,7,卖盘
2470,13:05:30,45.08,617582,137,卖盘
2471,13:05:33,45.08,220890,49,卖盘
2472,13:05:36,45.08,324576,72,买盘
2473,13:05:39,45.08,94664,21,买盘
2474,13:05:42,45.08,126222,28,买盘
2475,13:05:45,45.08,54088,12,买盘
2476,13:05:48,45.07,419152,93,卖盘
2477,13:05:51,45.06,238868,53,卖盘
2478,13:05:54,45.04,459571,102,卖盘
2479,13:05:57,45.05,418945,93,买盘
2480,13:06:00,45.03,846610,188,卖盘
2481,13:06:03,45.01,625918,139,卖盘
2482,13:06:06,45.06,941316,209,买盘
2483,13:06:09,45.05,90115,20,中性盘
2484,13:06:12,45.05,31536,7,卖盘
2485,13:06:15,45.06,396528,88,买盘
2486,13:06:18,45.04,432445,96,卖盘
2487,13:06:21,45.03,342356,76,卖盘
2488,13:06:24,45.03,162101,36,中性盘
2489,13:06:27,45.03,423219,94,买盘
2490,13:06:30,45.02,1548737,344,卖盘
2491,13:06:33,45.01,738356,164,卖盘
2492,13:06:36,45.01,526635,117,买盘
2493,13:06:39,45.01,198045,44,买盘
2494,13:06:42,45.01,337649,75,卖盘
2495,13:06:45,45.02,49523,11,中性盘
2496,13:06:48,45.02,234111,52,卖盘
2497,13:06:51,45.03,207132,46,买盘
2498,13:06:54,45.02,126061,28,卖盘
2499,13:06:57,45.02,301634,67,买盘
2500,13:07:00,45.01,238601,53,卖盘
2501,13:07:03,45.01,175567,39,卖盘
2502,13:07:06,45.02,63028,14,买盘
2503,13:07:09,45.02,166574,37,买盘
2504,13:07:12,45.02,333124,74,买盘
2505,13:07:15,45.02,9004,2,买盘
2506,13:07:18,45.01,153063,34,卖盘
2507,13:07:21,45.02,94542,21,买盘
2508,13:07:24,45.02,148563,33,买盘
2509,13:07:27,45.02,117036,26,买盘
2510,13:07:30,45.02,319627,71,买盘
2511,13:07:33,45.01,31509,7,卖盘
2512,13:07:36,45.02,220552,49,买盘
2513,13:07:39,45.02,247609,55,买盘
2514,13:07:42,45.02,211578,47,买盘
2515,13:07:45,45.02,130558,29,买盘
2516,13:07:48,45.01,58523,13,卖盘
2517,13:07:51,45.02,288128,64,买盘
2518,13:07:54,45.01,99023,22,卖盘
2519,13:08:00,45.02,315140,70,买盘
2520,13:08:03,45.02,513293,114,买盘
2521,13:08:06,45.03,562777,125,买盘
2522,13:08:09,45.03,18012,4,买盘
2523,13:08:12,45.02,495293,110,卖盘
2524,13:08:15,45.02,130562,29,卖盘
2525,13:08:18,45.03,243158,54,买盘
2526,13:08:21,45.04,995175,221,买盘
2527,13:08:24,45.04,54048,12,买盘
2528,13:08:27,45.04,567471,126,买盘
2529,13:08:30,45.04,54048,12,卖盘
2530,13:08:33,45.04,806234,179,卖盘
2531,13:08:36,45.04,36032,8,买盘
2532,13:08:39,45.03,400851,89,卖盘
2533,13:08:42,45.03,40527,9,卖盘
2534,13:08:45,45.04,40536,9,买盘
2535,13:08:48,45.03,126108,28,卖盘
2536,13:08:51,45.03,112575,25,卖盘
2537,13:08:54,45.03,495353,110,卖盘
2538,13:08:57,45.04,72061,16,买盘
2539,13:09:00,45.03,905197,201,卖盘
2540,13:09:03,45.04,450319,100,买盘
2541,13:09:06,45.03,941127,209,卖盘
2542,13:09:09,45.02,868893,193,卖盘
2543,13:09:12,45.02,508703,113,买盘
2544,13:09:15,45.02,31515,7,卖盘
2545,13:09:18,45.02,427730,95,卖盘
2546,13:09:21,45.02,121554,27,卖盘
2547,13:09:24,45.02,301632,67,卖盘
2548,13:09:27,45.01,468185,104,卖盘
2549,13:09:30,45.01,229558,51,卖盘
2550,13:09:33,45.01,297113,66,卖盘
2551,13:09:36,45.01,112526,25,卖盘
2552,13:09:39,45.02,67530,15,买盘
2553,13:09:42,45.02,594241,132,买盘
2554,13:09:45,45.03,126080,28,买盘
2555,13:09:48,45.02,247663,55,卖盘
2556,13:09:51,45.02,139571,31,卖盘
2557,13:09:54,45.02,121573,27,卖盘
2558,13:09:57,45.02,99044,22,卖盘
2559,13:10:00,45.02,301647,67,卖盘
2560,13:10:03,45.02,243126,54,卖盘
2561,13:10:06,45.02,117052,26,卖盘
2562,13:10:09,45.03,220644,49,买盘
2563,13:10:12,45.03,171080,38,买盘
2564,13:10:15,45.03,234123,52,买盘
2565,13:10:18,45.03,76542,17,买盘
2566,13:10:21,45.03,108072,24,买盘
2567,13:10:24,45.03,108072,24,买盘
2568,13:10:27,45.02,198088,44,卖盘
2569,13:10:30,45.01,1053479,234,卖盘
2570,13:10:33,45.02,36009,8,买盘
2571,13:10:36,45.02,486180,108,买盘
2572,13:10:39,45.02,18008,4,买盘
2573,13:10:42,45.02,288096,64,买盘
2574,13:10:45,45.01,499652,111,卖盘
2575,13:10:48,45.01,58519,13,卖盘
2576,13:10:51,45.02,477176,106,买盘
2577,13:10:54,45.02,72022,16,买盘
2578,13:10:57,45.02,112550,25,买盘
2579,13:11:00,45.01,589664,131,卖盘
2580,13:11:03,45.02,346649,77,买盘
2581,13:11:06,45.02,2151485,478,买盘
2582,13:11:09,45.02,576258,128,买盘
2583,13:11:12,45.03,540359,120,买盘
2584,13:11:15,45.03,234142,52,卖盘
2585,13:11:18,45.02,315208,70,卖盘
2586,13:11:21,45.03,72049,16,买盘
2587,13:11:24,45.04,67546,15,买盘
2588,13:11:27,45.03,180141,40,卖盘
2589,13:11:30,45.03,157610,35,卖盘
2590,13:11:33,45.03,657507,146,卖盘
2591,13:11:36,45.03,243162,54,买盘
2592,13:11:39,45.04,22520,5,买盘
2593,13:11:42,45.04,121608,27,买盘
2594,13:11:45,45.05,319755,71,买盘
2595,13:11:48,45.03,292744,65,卖盘
2596,13:11:51,45.03,126084,28,卖盘
2597,13:11:54,45.03,180120,40,买盘
2598,13:11:57,45.02,166584,37,卖盘
2599,13:12:00,45.02,481769,107,卖盘
2600,13:12:03,45.03,535852,119,买盘
2601,13:12:06,45.03,225149,50,买盘
2602,13:12:09,45.04,1287944,286,买盘
2603,13:12:12,45.04,162143,36,买盘
2604,13:12:15,45.03,738572,164,卖盘
2605,13:12:18,45.03,211679,47,中性盘
2606,13:12:21,45.04,418823,93,买盘
2607,13:12:24,45.04,36032,8,买盘
2608,13:12:27,45.04,243216,54,买盘
2609,13:12:30,45.04,153137,34,卖盘
2610,13:12:33,45.05,198183,44,买盘
2611,13:12:36,45.05,54060,12,买盘
2612,13:12:39,45.04,90080,20,卖盘
2613,13:12:42,45.04,180160,40,买盘
2614,13:12:45,45.04,49544,11,买盘
2615,13:12:48,45.04,522464,116,买盘
2616,13:12:51,45.04,247770,55,买盘
2617,13:12:54,45.04,315344,70,卖盘
2618,13:12:57,45.05,54060,12,买盘
2619,13:13:00,45.05,396420,88,买盘
2620,13:13:03,45.05,2554494,567,买盘
2621,13:13:06,45.06,148718,33,买盘
2622,13:13:09,45.07,1509683,335,买盘
2623,13:13:12,45.07,198308,44,买盘
2624,13:13:15,45.07,45079,10,卖盘
2625,13:13:18,45.08,234389,52,买盘
2626,13:13:21,45.08,293002,65,买盘
2627,13:13:24,45.08,360618,80,买盘
2628,13:13:27,45.07,405695,90,卖盘
2629,13:13:30,45.07,432724,96,卖盘
2630,13:13:33,45.08,937471,208,买盘
2631,13:13:36,45.07,284001,63,卖盘
2632,13:13:39,45.07,49580,11,卖盘
2633,13:13:42,45.07,144224,32,买盘
2634,13:13:45,45.06,256867,57,卖盘
2635,13:13:48,45.06,58578,13,卖盘
2636,13:13:51,45.06,121662,27,买盘
2637,13:13:54,45.05,45056,10,卖盘
2638,13:14:00,45.06,202726,45,买盘
2639,13:14:03,45.06,1013857,225,买盘
2640,13:14:06,45.06,225301,50,买盘
2641,13:14:09,45.06,410131,91,卖盘
2642,13:14:12,45.06,216289,48,卖盘
2643,13:14:15,45.05,337902,75,卖盘
2644,13:14:18,45.06,103616,23,买盘
2645,13:14:21,45.05,63069,14,卖盘
2646,13:14:24,45.05,1252390,278,买盘
2647,13:14:27,45.05,18020,4,卖盘
2648,13:14:30,45.05,518158,115,卖盘
2649,13:14:33,45.06,1486462,330,买盘
2650,13:14:36,45.06,428062,95,买盘
2651,13:14:39,45.06,99135,22,卖盘
2652,13:14:42,45.07,94647,21,买盘
2653,13:14:45,45.07,401043,89,买盘
2654,13:14:48,45.06,247828,55,卖盘
2655,13:14:51,45.06,144192,32,买盘
2656,13:14:57,45.05,518167,115,卖盘
2657,13:15:00,45.06,315460,70,中性盘
2658,13:15:03,45.06,698493,155,买盘
2659,13:15:06,45.07,130697,29,买盘
2660,13:15:09,45.07,387588,86,买盘
2661,13:15:12,45.07,72112,16,买盘
2662,13:15:15,45.06,193759,43,卖盘
2663,13:15:18,45.06,144187,32,买盘
2664,13:15:21,45.05,189222,42,卖盘
2665,13:15:24,45.05,49560,11,卖盘
2666,13:15:27,45.05,216261,48,卖盘
2667,13:15:30,45.05,306348,68,卖盘
2668,13:15:33,45.05,144160,32,买盘
2669,13:15:36,45.05,148639,33,买盘
2670,13:15:39,45.05,243270,54,买盘
2671,13:15:42,45.04,279305,62,卖盘
2672,13:15:45,45.05,337875,75,买盘
2673,13:15:48,45.05,99111,22,卖盘
2674,13:15:51,45.05,297389,66,卖盘
2675,13:15:54,45.06,585644,130,买盘
2676,13:15:57,45.06,283873,63,买盘
2677,13:16:03,45.05,90117,20,卖盘
2678,13:16:06,45.06,54072,12,买盘
2679,13:16:09,45.06,27036,6,买盘
2680,13:16:12,45.06,180206,40,买盘
2681,13:16:15,45.06,419057,93,买盘
2682,13:16:18,45.06,437040,97,买盘
2683,13:16:21,45.07,905721,201,买盘
2684,13:16:24,45.07,585905,130,买盘
2685,13:16:27,45.07,554361,123,买盘
2686,13:16:30,45.07,1284493,285,买盘
2687,13:16:33,45.07,301969,67,买盘
2688,13:16:36,45.08,130724,29,买盘
2689,13:16:39,45.08,189332,42,买盘
2690,13:16:42,45.08,374098,83,买盘
2691,13:16:45,45.08,279496,62,买盘
2692,13:16:48,45.09,1997019,443,买盘
2693,13:16:51,45.08,2669322,592,卖盘
2694,13:16:54,45.1,1587176,352,买盘
2695,13:16:57,45.09,509573,113,卖盘
2696,13:17:00,45.1,541156,120,买盘
2697,13:17:03,45.09,1258157,279,卖盘
2698,13:17:06,45.09,1041549,231,卖盘
2699,13:17:09,45.09,18036,4,买盘
2700,13:17:12,45.08,504987,112,卖盘
2701,13:17:15,45.09,387760,86,买盘
2702,13:17:18,45.09,257010,57,买盘
2703,13:17:21,45.09,293049,65,买盘
2704,13:17:24,45.09,121740,27,买盘
2705,13:17:27,45.08,144285,32,卖盘
2706,13:17:30,45.08,275000,61,卖盘
2707,13:17:33,45.09,148770,33,买盘
2708,13:17:36,45.09,99177,22,买盘
2709,13:17:39,45.08,180355,40,卖盘
2710,13:17:42,45.08,207368,46,卖盘
2711,13:17:45,45.08,293038,65,卖盘
2712,13:17:48,45.08,171304,38,卖盘
2713,13:17:51,45.08,550009,122,卖盘
2714,13:17:54,45.07,1298161,288,卖盘
2715,13:17:57,45.07,139723,31,卖盘
2716,13:18:00,45.08,906050,201,买盘
2717,13:18:03,45.08,211851,47,买盘
2718,13:18:06,45.08,919651,204,买盘
2719,13:18:09,45.08,45079,10,买盘
2720,13:18:12,45.08,387688,86,买盘
2721,13:18:15,45.07,293005,65,卖盘
2722,13:18:18,45.07,72122,16,卖盘
2723,13:18:21,45.08,247935,55,买盘
2724,13:18:24,45.08,72123,16,买盘
2725,13:18:27,45.07,148745,33,卖盘
2726,13:18:30,45.08,540952,120,买盘
2727,13:18:33,45.08,324571,72,买盘
2728,13:18:36,45.08,22540,5,买盘
2729,13:18:39,45.08,90157,20,买盘
2730,13:18:42,45.08,112700,25,买盘
2731,13:18:45,45.08,58603,13,买盘
2732,13:18:48,45.07,139725,31,卖盘
2733,13:18:51,45.07,351595,78,卖盘
2734,13:18:54,45.08,216379,48,买盘
2735,13:18:57,45.08,229908,51,买盘
2736,13:19:00,45.07,121696,27,卖盘
2737,13:19:03,45.08,360613,80,买盘
2738,13:19:06,45.07,117188,26,卖盘
2739,13:19:09,45.08,126224,28,买盘
2740,13:19:12,45.07,112675,25,卖盘
2741,13:19:15,45.07,626482,139,卖盘
2742,13:19:18,45.07,698447,155,卖盘
2743,13:19:21,45.05,108126,24,卖盘
2744,13:19:24,45.05,711909,158,卖盘
2745,13:19:27,45.06,112648,25,中性盘
2746,13:19:30,45.06,396522,88,卖盘
2747,13:19:33,45.06,13516,3,买盘
2748,13:19:36,45.06,103638,23,买盘
2749,13:19:39,45.06,18024,4,买盘
2750,13:19:42,45.05,108120,24,卖盘
2751,13:19:45,45.05,346906,77,卖盘
2752,13:19:48,45.06,265824,59,买盘
2753,13:19:51,45.05,288363,64,卖盘
2754,13:19:54,45.05,67575,15,卖盘
2755,13:19:57,45.06,847122,188,买盘
2756,13:20:00,45.05,328880,73,卖盘
2757,13:20:03,45.05,450583,100,卖盘
2758,13:20:06,45.06,937233,208,买盘
2759,13:20:09,45.05,1815867,403,卖盘
2760,13:20:12,45.06,2622492,582,买盘
2761,13:20:15,45.06,247835,55,买盘
2762,13:20:18,45.07,815748,181,买盘
2763,13:20:21,45.06,81123,18,卖盘
2764,13:20:24,45.07,130703,29,买盘
2765,13:20:27,45.07,310957,69,买盘
2766,13:20:30,45.07,301967,67,买盘
2767,13:20:33,45.07,202815,45,买盘
2768,13:20:36,45.07,94642,21,买盘
2769,13:20:39,45.07,135186,30,买盘
2770,13:20:42,45.07,365015,81,买盘
2771,13:20:45,45.07,211790,47,买盘
2772,13:20:48,45.06,301965,67,卖盘
2773,13:20:51,45.07,301969,67,买盘
2774,13:20:54,45.06,108149,24,卖盘
2775,13:20:57,45.07,112669,25,买盘
2776,13:21:00,45.07,184754,41,买盘
2777,13:21:03,45.07,148730,33,买盘
2778,13:21:06,45.07,171243,38,买盘
2779,13:21:09,45.07,2704026,600,买盘
2780,13:21:12,45.08,987251,219,买盘
2781,13:21:15,45.07,72112,16,卖盘
2782,13:21:18,45.07,135210,30,卖盘
2783,13:21:21,45.07,144208,32,买盘
2784,13:21:24,45.07,117164,26,买盘
2785,13:21:27,45.07,175757,39,买盘
2786,13:21:30,45.07,414596,92,买盘
2787,13:21:33,45.07,338025,75,买盘
2788,13:21:36,45.07,405608,90,买盘
2789,13:21:39,45.07,22535,5,买盘
2790,13:21:42,45.07,67605,15,买盘
2791,13:21:45,45.07,144224,32,买盘
2792,13:21:48,45.06,166734,37,卖盘
2793,13:21:51,45.07,274894,61,买盘
2794,13:21:54,45.07,85633,19,买盘
2795,13:21:57,45.07,189294,42,买盘
2796,13:22:00,45.07,18028,4,买盘
2797,13:22:06,45.07,301951,67,买盘
2798,13:22:09,45.07,148731,33,买盘
2799,13:22:12,45.08,5734605,1272,买盘
2800,13:22:15,45.08,4965096,1101,卖盘
2801,13:22:18,45.1,667383,148,买盘
2802,13:22:21,45.1,3025989,671,买盘
2803,13:22:24,45.09,1876154,416,卖盘
2804,13:22:27,45.1,351780,78,买盘
2805,13:22:30,45.1,978670,217,买盘
2806,13:22:33,45.1,306675,68,买盘
2807,13:22:36,45.1,432937,96,买盘
2808,13:22:39,45.1,171372,38,买盘
2809,13:22:42,45.09,541092,120,卖盘
2810,13:22:45,45.09,1145298,254,卖盘
2811,13:22:48,45.09,387750,86,买盘
2812,13:22:51,45.12,4077689,904,买盘
2813,13:22:54,45.08,1610386,357,中性盘
2814,13:22:57,45.08,67621,15,买盘
2815,13:23:00,45.09,166863,37,中性盘
2816,13:23:03,45.09,717055,159,买盘
2817,13:23:06,45.1,311186,69,买盘
2818,13:23:09,45.1,13530,3,买盘
2819,13:23:12,45.1,126279,28,买盘
2820,13:23:15,45.1,90199,20,买盘
2821,13:23:18,45.1,626888,139,买盘
2822,13:23:21,45.1,414920,92,买盘
2823,13:23:24,45.11,157880,35,买盘
2824,13:23:27,45.1,870615,193,卖盘
2825,13:23:30,45.11,685666,152,买盘
2826,13:23:33,45.1,90200,20,卖盘
2827,13:23:36,45.12,5472920,1213,买盘
2828,13:23:39,45.12,207547,46,买盘
2829,13:23:42,45.12,369982,82,买盘
2830,13:23:45,45.12,252672,56,买盘
2831,13:23:48,45.12,730976,162,卖盘
2832,13:23:51,45.12,293330,65,卖盘
2833,13:23:54,45.13,1218357,270,买盘
2834,13:23:57,45.13,1259112,279,买盘
2835,13:24:00,45.12,369995,82,卖盘
2836,13:24:03,45.13,1159695,257,买盘
2837,13:24:06,45.12,870959,193,卖盘
2838,13:24:09,45.13,397094,88,买盘
2839,13:24:12,45.12,419672,93,卖盘
2840,13:24:15,45.13,518981,115,买盘
2841,13:24:18,45.13,94761,21,买盘
2842,13:24:21,45.12,929472,206,卖盘
2843,13:24:24,45.12,753541,167,买盘
2844,13:24:27,45.12,90237,20,买盘
2845,13:24:30,45.12,112785,25,买盘
2846,13:24:33,45.11,234586,52,卖盘
2847,13:24:36,45.12,171443,38,买盘
2848,13:24:39,45.11,270680,60,卖盘
2849,13:24:42,45.11,94732,21,卖盘
2850,13:24:45,45.11,428567,95,卖盘
2851,13:24:48,45.11,464625,103,卖盘
2852,13:24:51,45.11,469144,104,买盘
2853,13:24:54,45.11,81211,18,买盘
2854,13:24:57,45.1,40592,9,卖盘
2855,13:25:00,45.11,234555,52,买盘
2856,13:25:03,45.11,207506,46,买盘
2857,13:25:06,45.11,157884,35,买盘
2858,13:25:09,45.11,121797,27,买盘
2859,13:25:12,45.11,252592,56,买盘
2860,13:25:15,45.1,27065,6,卖盘
2861,13:25:18,45.1,455562,101,卖盘
2862,13:25:21,45.11,306740,68,买盘
2863,13:25:24,45.1,121771,27,卖盘
2864,13:25:27,45.1,739640,164,卖盘
2865,13:25:30,45.1,333740,74,买盘
2866,13:25:33,45.1,410409,91,买盘
2867,13:25:36,45.09,31565,7,卖盘
2868,13:25:39,45.1,4510,1,买盘
2869,13:25:42,45.09,94708,21,卖盘
2870,13:25:45,45.09,392293,87,卖盘
2871,13:25:48,45.08,550124,122,卖盘
2872,13:25:51,45.09,67634,15,买盘
2873,13:25:54,45.09,491525,109,买盘
2874,13:25:57,45.09,320139,71,卖盘
2875,13:26:00,45.09,45090,10,卖盘
2876,13:26:03,45.09,487037,108,卖盘
2877,13:26:06,45.1,473519,105,买盘
2878,13:26:09,45.11,545770,121,买盘
2879,13:26:12,45.11,433044,96,买盘
2880,13:26:15,45.11,7217738,1600,买盘
2881,13:26:18,45.12,2580843,572,买盘
2882,13:26:21,45.12,1444152,320,卖盘
2883,13:26:24,45.12,1259041,279,卖盘
2884,13:26:27,45.13,139897,31,买盘
2885,13:26:30,45.13,816853,181,买盘
2886,13:26:33,45.13,266242,59,买盘
2887,13:26:36,45.12,302357,67,卖盘
2888,13:26:39,45.13,22565,5,买盘
2889,13:26:42,45.13,76721,17,买盘
2890,13:26:45,45.12,428669,95,卖盘
2891,13:26:48,45.12,221094,49,卖盘
2892,13:26:51,45.13,473815,105,买盘
2893,13:26:54,45.11,582027,129,卖盘
2894,13:26:57,45.12,311326,69,买盘
2895,13:27:00,45.12,320333,71,卖盘
2896,13:27:03,45.12,1087598,241,卖盘
2897,13:27:06,45.12,564000,125,买盘
2898,13:27:09,45.12,234624,52,买盘
2899,13:27:12,45.12,144382,32,买盘
2900,13:27:15,45.11,171435,38,卖盘
2901,13:27:18,45.12,171447,38,买盘
2902,13:27:21,45.11,135336,30,卖盘
2903,13:27:24,45.12,293254,65,买盘
2904,13:27:27,45.11,207517,46,卖盘
2905,13:27:30,45.11,275172,61,卖盘
2906,13:27:33,45.11,424034,94,卖盘
2907,13:27:36,45.1,157859,35,卖盘
2908,13:27:39,45.1,306711,68,卖盘
2909,13:27:42,45.1,234498,52,买盘
2910,13:27:45,45.1,897456,199,买盘
2911,13:27:48,45.09,189401,42,卖盘
2912,13:27:51,45.1,117260,26,买盘
2913,13:27:54,45.11,969863,215,买盘
2914,13:27:57,45.1,31571,7,卖盘
2915,13:28:00,45.11,261637,58,买盘
2916,13:28:03,45.12,2820229,625,买盘
2917,13:28:06,45.13,1222960,271,买盘
2918,13:28:09,45.13,49636,11,买盘
2919,13:28:12,45.12,230102,51,卖盘
2920,13:28:15,45.12,564085,125,卖盘
2921,13:28:18,45.12,180480,40,卖盘
2922,13:28:21,45.12,342912,76,买盘
2923,13:28:24,45.12,18048,4,买盘
2924,13:28:27,45.12,126336,28,买盘
2925,13:28:30,45.12,496320,110,买盘
2926,13:28:33,45.12,424131,94,买盘
2927,13:28:36,45.12,351940,78,卖盘
2928,13:28:39,45.12,428662,95,卖盘
2929,13:28:42,45.1,685654,152,卖盘
2930,13:28:45,45.12,654169,145,中性盘
2931,13:28:48,45.12,532315,118,买盘
2932,13:28:54,45.12,306814,68,买盘
2933,13:28:57,45.11,148871,33,卖盘
2934,13:29:00,45.12,261652,58,买盘
2935,13:29:03,45.11,2400069,532,卖盘
2936,13:29:06,45.12,157888,35,买盘
2937,13:29:09,45.11,1931115,428,卖盘
2938,13:29:12,45.12,1980907,439,买盘
2939,13:29:15,45.12,469249,104,买盘
2940,13:29:18,45.12,604610,134,卖盘
2941,13:29:21,45.13,324926,72,买盘
2942,13:29:24,45.13,1132750,251,买盘
2943,13:29:27,45.13,875519,194,买盘
2944,13:29:30,45.12,194055,43,卖盘
2945,13:29:33,45.13,6236966,1382,买盘
2946,13:29:36,45.13,2315177,513,买盘
2947,13:29:39,45.14,577690,128,买盘
2948,13:29:42,45.13,1782968,395,卖盘
2949,13:29:45,45.14,505563,112,买盘
2950,13:29:48,45.13,338496,75,卖盘
2951,13:29:51,45.14,103817,23,买盘
2952,13:29:54,45.14,148960,33,买盘
2953,13:29:57,45.14,266326,59,买盘
2954,13:30:00,45.13,76721,17,卖盘
2955,13:30:03,45.14,1719782,381,买盘
2956,13:30:06,45.14,2681312,594,买盘
2957,13:30:09,45.14,577791,128,买盘
2958,13:30:12,45.14,1570826,348,买盘
2959,13:30:15,45.14,1187150,263,买盘
2960,13:30:18,45.14,776365,172,买盘
2961,13:30:21,45.14,550708,122,买盘
2962,13:30:24,45.13,1146306,254,卖盘
2963,13:30:27,45.13,1069751,237,卖盘
2964,13:30:30,45.14,139918,31,买盘
2965,13:30:33,45.14,252770,56,买盘
2966,13:30:36,45.14,492026,109,买盘
2967,13:30:39,45.14,297921,66,买盘
2968,13:30:42,45.13,2594996,575,卖盘
2969,13:30:45,45.12,482872,107,卖盘
2970,13:30:48,45.12,1132727,251,卖盘
2971,13:30:51,45.12,194016,43,卖盘
2972,13:30:54,45.12,153408,34,卖盘
2973,13:30:57,45.12,171434,38,买盘
2974,13:31:00,45.11,333816,74,卖盘
2975,13:31:03,45.12,500818,111,买盘
2976,13:31:06,45.12,216503,48,买盘
2977,13:31:09,45.12,577378,128,买盘
2978,13:31:12,45.1,4510,1,卖盘
2979,13:31:15,45.1,933498,207,卖盘
2980,13:31:18,45.09,211923,47,中性盘
2981,13:31:21,45.1,338250,75,买盘
2982,13:31:24,45.09,306657,68,卖盘
2983,13:31:27,45.1,220992,49,买盘
2984,13:31:30,45.1,500610,111,卖盘
2985,13:31:33,45.1,302221,67,卖盘
2986,13:31:39,45.1,63146,14,卖盘
2987,13:31:42,45.1,198451,44,卖盘
2988,13:31:45,45.1,180400,40,买盘
2989,13:31:48,45.09,234500,52,卖盘
2990,13:31:51,45.1,243516,54,买盘
2991,13:31:54,45.1,139807,31,买盘
2992,13:31:57,45.09,94689,21,卖盘
2993,13:32:00,45.09,324648,72,卖盘
2994,13:32:03,45.09,1131884,251,卖盘
2995,13:32:06,45.1,441911,98,买盘
2996,13:32:09,45.09,694495,154,卖盘
2997,13:32:12,45.1,225456,50,买盘
2998,13:32:15,45.09,613229,136,卖盘
2999,13:32:18,45.08,184837,41,卖盘
3000,13:32:21,45.09,220941,49,买盘
3001,13:32:24,45.09,166812,37,买盘
3002,13:32:27,45.08,139755,31,卖盘
3003,13:32:30,45.08,243455,54,卖盘
3004,13:32:33,45.09,509395,113,买盘
3005,13:32:36,45.08,243480,54,中性盘
3006,13:32:39,45.08,99176,22,买盘
3007,13:32:42,45.08,27048,6,买盘
3008,13:32:45,45.06,1455561,323,卖盘
3009,13:32:48,45.07,198308,44,卖盘
3010,13:32:54,45.07,572512,127,卖盘
3011,13:32:57,45.07,162253,36,卖盘
3012,13:33:00,45.07,401144,89,卖盘
3013,13:33:03,45.08,108177,24,买盘
3014,13:33:06,45.07,256931,57,卖盘
3015,13:33:09,45.07,9014,2,卖盘
3016,13:33:12,45.07,90140,20,卖盘
3017,13:33:15,45.07,216363,48,卖盘
3018,13:33:18,45.07,270420,60,卖盘
3019,13:33:21,45.07,310983,69,卖盘
3020,13:33:24,45.06,112656,25,卖盘
3021,13:33:27,45.07,180261,40,买盘
3022,13:33:30,45.06,509219,113,卖盘
3023,13:33:33,45.06,549733,122,卖盘
3024,13:33:36,45.07,806636,179,买盘
3025,13:33:39,45.06,58574,13,卖盘
3026,13:33:42,45.06,270360,60,买盘
3027,13:33:45,45.05,513571,114,卖盘
3028,13:33:48,45.05,333349,74,买盘
3029,13:33:51,45.03,747647,166,卖盘
3030,13:33:54,45.04,468416,104,买盘
3031,13:33:57,45.03,2688580,597,卖盘
