,成交时间,成交价格,成交金额,成交量,性质
0,09:25:04,45.21,11017677,2437,卖盘
1,09:30:01,45.23,2903053,642,买盘
2,09:30:04,45.21,3141663,695,中性盘
3,09:30:07,45.22,10654025,2357,买盘
4,09:30:10,45.16,7671854,1698,卖盘
5,09:30:13,45.16,1305095,289,买盘
6,09:30:16,45.18,2375625,526,买盘
7,09:30:19,45.17,7593493,1682,中性盘
8,09:30:22,45.12,8576762,1900,卖盘
9,09:30:25,45.08,9218971,2043,卖盘
10,09:30:28,45.04,8332028,1849,卖盘
11,09:30:31,45.04,6628389,1472,买盘
12,09:30:34,45.0,6841099,1520,卖盘
13,09:30:37,45.0,4347049,966,卖盘
14,09:30:40,44.94,9785099,2177,卖盘
15,09:30:43,44.94,5670415,1262,买盘
16,09:30:46,44.91,4896354,1090,卖盘
17,09:30:49,44.91,1926711,429,买盘
18,09:30:52,44.9,5045399,1124,卖盘
19,09:30:55,44.89,1221362,272,中性盘
20,09:30:58,44.94,2596085,578,买盘
21,09:31:01,44.94,8336462,1857,卖盘
22,09:31:04,44.94,3834720,854,买盘
23,09:31:07,44.95,2427887,540,买盘
24,09:31:10,45.01,697388,155,买盘
25,09:31:13,44.98,2646586,588,卖盘
26,09:31:16,45.04,1039992,231,买盘
27,09:31:19,45.02,517840,115,中性盘
28,09:31:22,45.02,1035484,230,卖盘
29,09:31:25,45.03,2409033,535,买盘
30,09:31:28,45.06,1553877,345,买盘
31,09:31:31,45.08,928519,206,买盘
32,09:31:34,45.08,1438292,319,卖盘
33,09:31:37,45.08,1383896,307,卖盘
34,09:31:40,45.08,3601692,799,买盘
35,09:31:43,45.08,1718045,381,卖盘
36,09:31:46,45.08,1943754,431,卖盘
37,09:31:49,45.14,2251022,499,买盘
38,09:31:52,45.07,3510154,778,卖盘
39,09:31:55,45.12,1854498,411,买盘
40,09:31:58,45.14,1900825,421,中性盘
41,09:32:01,45.16,2077253,460,买盘
42,09:32:04,45.19,1640431,363,买盘
43,09:32:07,45.24,3427130,758,买盘
44,09:32:10,45.2,2704531,598,卖盘
45,09:32:13,45.21,1790911,396,买盘
46,09:32:16,45.19,5018920,1111,卖盘
47,09:32:19,45.15,2770134,613,中性盘
48,09:32:22,45.17,3179765,704,买盘
49,09:32:25,45.17,2502432,554,卖盘
50,09:32:28,45.17,1445481,320,买盘
51,09:32:31,45.19,2453134,543,买盘
52,09:32:34,45.19,4948217,1095,买盘
53,09:32:37,45.21,4923426,1089,买盘
54,09:32:40,45.24,2248288,497,买盘
55,09:32:43,45.25,1425056,315,买盘
56,09:32:46,45.23,1867882,413,中性盘
57,09:32:49,45.2,1546520,342,卖盘
58,09:32:52,45.2,248646,55,卖盘
59,09:32:55,45.21,1283752,284,买盘
60,09:32:58,45.22,1180353,261,买盘
61,09:33:01,45.22,954378,211,买盘
62,09:33:04,45.25,836999,185,买盘
63,09:33:07,45.24,4515651,998,卖盘
64,09:33:10,45.28,1371730,303,买盘
65,09:33:13,45.24,2964971,655,卖盘
66,09:33:16,45.26,1176661,260,买盘
67,09:33:19,45.25,1461786,323,卖盘
68,09:33:22,45.23,737506,163,卖盘
69,09:33:25,45.26,2044576,452,买盘
70,09:33:28,45.25,1122284,248,卖盘
71,09:33:31,45.25,1520600,336,卖盘
72,09:33:34,45.26,782768,173,买盘
73,09:33:37,45.28,2634456,582,买盘
74,09:33:40,45.29,2255120,498,买盘
75,09:33:43,45.29,1856651,410,买盘
76,09:33:46,45.3,1843472,407,买盘
77,09:33:49,45.3,1662460,367,买盘
78,09:33:52,45.31,443966,98,买盘
79,09:33:55,45.31,1055629,233,买盘
80,09:33:58,45.31,1073853,237,买盘
81,09:34:01,45.3,1313782,290,卖盘
82,09:34:04,45.3,584322,129,买盘
83,09:34:07,45.28,2545154,562,卖盘
84,09:34:10,45.29,3025509,668,买盘
85,09:34:13,45.29,941968,208,买盘
86,09:34:16,45.3,2192438,484,买盘
87,09:34:19,45.3,2282895,504,买盘
88,09:34:22,45.29,1648809,364,卖盘
89,09:34:25,45.3,779074,172,买盘
90,09:34:28,45.28,2392119,528,卖盘
91,09:34:31,45.3,2236843,494,买盘
92,09:34:34,45.27,1132223,250,卖盘
93,09:34:37,45.26,1449096,320,卖盘
94,09:34:40,45.29,439303,97,买盘
95,09:34:43,45.29,1182140,261,卖盘
96,09:34:46,45.29,2151293,475,卖盘
97,09:34:49,45.27,5401419,1193,卖盘
98,09:34:52,45.23,1588550,351,卖盘
99,09:34:55,45.23,1845863,408,卖盘
100,09:34:58,45.23,2891626,639,卖盘
101,09:35:01,45.25,552056,122,买盘
102,09:35:04,45.24,2520374,557,卖盘
103,09:35:07,45.23,2370136,524,卖盘
104,09:35:10,45.23,737377,163,买盘
105,09:35:13,45.23,1935762,428,买盘
106,09:35:16,45.22,1456605,322,卖盘
107,09:35:19,45.22,2613860,578,卖盘
108,09:35:22,45.23,940547,208,买盘
109,09:35:25,45.22,7790993,1724,卖盘
110,09:35:28,45.15,2950953,653,卖盘
111,09:35:31,45.21,2348988,520,买盘
112,09:35:34,45.2,1084567,240,买盘
113,09:35:37,45.16,808264,179,中性盘
114,09:35:40,45.16,1495398,331,中性盘
115,09:35:43,45.12,2288458,507,卖盘
116,09:35:46,45.19,6029193,1336,买盘
117,09:35:49,45.15,1877261,416,买盘
118,09:35:52,45.15,1593418,353,买盘
119,09:35:55,45.13,1300156,288,卖盘
120,09:35:58,45.14,3232366,716,中性盘
121,09:36:01,45.18,2993351,663,买盘
122,09:36:04,45.12,2162980,479,卖盘
123,09:36:07,45.15,830633,184,买盘
124,09:36:10,45.17,1155650,256,买盘
125,09:36:13,45.21,2625304,581,买盘
126,09:36:16,45.23,1112367,246,买盘
127,09:36:19,45.25,2311573,511,买盘
128,09:36:22,45.25,1198601,265,买盘
129,09:36:25,45.25,873147,193,买盘
130,09:36:28,45.25,1285428,284,买盘
131,09:36:31,45.29,3373047,745,买盘
132,09:36:34,45.28,647366,143,卖盘
133,09:36:37,45.27,1945994,430,买盘
134,09:36:40,45.25,2743129,606,卖盘
135,09:36:43,45.25,1000467,221,卖盘
136,09:36:46,45.25,2457953,543,卖盘
137,09:36:49,45.22,370970,82,卖盘
138,09:36:52,45.24,1234662,273,买盘
139,09:36:55,45.22,1343488,297,卖盘
140,09:36:58,45.23,637748,141,买盘
141,09:37:01,45.22,1528643,338,卖盘
142,09:37:04,45.2,5211918,1153,卖盘
143,09:37:07,45.2,809087,179,买盘
144,09:37:10,45.22,2572167,569,买盘
145,09:37:13,45.2,831966,184,卖盘
146,09:37:16,45.22,859149,190,买盘
147,09:37:19,45.23,909248,201,买盘
148,09:37:22,45.27,3258637,720,买盘
149,09:37:25,45.26,8865730,1959,卖盘
150,09:37:28,45.26,1235450,273,买盘
151,09:37:31,45.25,1208168,267,买盘
152,09:37:34,45.24,12741016,2817,卖盘
153,09:37:37,45.27,3881877,858,买盘
154,09:37:40,45.27,3123658,690,买盘
155,09:37:43,45.27,1924119,425,卖盘
156,09:37:46,45.27,2463054,544,卖盘
157,09:37:49,45.27,1842660,407,卖盘
158,09:37:52,45.27,855579,189,买盘
159,09:37:55,45.27,212713,47,买盘
160,09:37:58,45.26,1090821,241,卖盘
161,09:38:01,45.25,1389621,307,卖盘
162,09:38:04,45.25,665110,147,买盘
163,09:38:07,45.23,986234,218,卖盘
164,09:38:10,45.21,678355,150,卖盘
165,09:38:13,45.21,1437849,318,卖盘
166,09:38:16,45.21,705295,156,卖盘
167,09:38:19,45.2,1473545,326,卖盘
168,09:38:22,45.21,899693,199,买盘
169,09:38:25,45.21,1510104,334,卖盘
170,09:38:28,45.19,1157339,256,卖盘
171,09:38:31,45.2,22599,5,中性盘
172,09:38:34,45.2,555980,123,买盘
173,09:38:37,45.21,1813100,401,买盘
174,09:38:40,45.2,1107862,245,卖盘
175,09:38:43,45.22,850107,188,买盘
176,09:38:46,45.21,660105,146,卖盘
177,09:38:49,45.21,479277,106,卖盘
178,09:38:52,45.21,800214,177,卖盘
179,09:38:55,45.21,289354,64,卖盘
180,09:38:58,45.23,664729,147,买盘
181,09:39:01,45.23,144713,32,买盘
182,09:39:04,45.22,520132,115,中性盘
183,09:39:07,45.2,3011141,666,卖盘
184,09:39:10,45.2,1971161,436,卖盘
185,09:39:13,45.2,976412,216,卖盘
186,09:39:16,45.2,1708461,378,买盘
187,09:39:19,45.2,1726385,382,买盘
188,09:39:22,45.2,1690797,374,卖盘
189,09:39:25,45.22,1881137,416,买盘
190,09:39:28,45.22,1890692,418,卖盘
191,09:39:31,45.24,633332,140,买盘
192,09:39:34,45.24,769048,170,买盘
193,09:39:37,45.25,384522,85,买盘
194,09:39:40,45.24,425345,94,卖盘
195,09:39:43,45.25,710425,157,买盘
196,09:39:46,45.25,1425156,315,买盘
197,09:39:49,45.24,493243,109,卖盘
198,09:39:52,45.25,701320,155,买盘
199,09:39:55,45.26,1330267,294,买盘
200,09:39:58,45.26,1163101,257,买盘
201,09:40:01,45.23,995426,220,卖盘
202,09:40:04,45.24,936221,207,买盘
203,09:40:07,45.23,1008750,223,买盘
204,09:40:10,45.24,307630,68,买盘
205,09:40:13,45.24,285063,63,卖盘
206,09:40:16,45.23,592696,131,卖盘
207,09:40:19,45.23,2374390,525,卖盘
208,09:40:22,45.23,696497,154,买盘
209,09:40:25,45.22,931637,206,中性盘
210,09:40:28,45.22,483861,107,买盘
211,09:40:31,45.22,990441,219,卖盘
212,09:40:34,45.22,990535,219,卖盘
213,09:40:37,45.22,407013,90,卖盘
214,09:40:40,45.23,1067312,236,买盘
215,09:40:43,45.21,99469,22,卖盘
216,09:40:46,45.2,696290,154,卖盘
217,09:40:49,45.19,5603742,1240,卖盘
218,09:40:52,45.19,2878962,637,买盘
219,09:40:55,45.2,488160,108,买盘
220,09:40:58,45.21,1329122,294,买盘
221,09:41:01,45.2,167241,37,卖盘
222,09:41:04,45.21,768500,170,买盘
223,09:41:07,45.2,311940,69,卖盘
224,09:41:10,45.21,275778,61,买盘
225,09:41:13,45.19,2296116,508,卖盘
226,09:41:16,45.2,1704159,377,中性盘
227,09:41:19,45.2,4352748,963,买盘
228,09:41:22,45.2,2088170,462,买盘
229,09:41:25,45.2,433952,96,中性盘
230,09:41:28,45.19,2806680,621,卖盘
231,09:41:31,45.2,1193253,264,买盘
232,09:41:34,45.2,831566,184,买盘
233,09:41:37,45.2,1378626,305,买盘
234,09:41:40,45.2,935661,207,卖盘
235,09:41:43,45.2,1116456,247,买盘
236,09:41:46,45.2,180815,40,卖盘
237,09:41:49,45.2,1157108,256,买盘
238,09:41:52,45.19,1897889,420,卖盘
239,09:41:55,45.19,1251768,277,买盘
240,09:41:58,45.19,881165,195,买盘
241,09:42:01,45.19,176218,39,买盘
242,09:42:04,45.18,989473,219,卖盘
243,09:42:07,45.17,871970,193,卖盘
244,09:42:10,45.18,984696,218,买盘
245,09:42:13,45.17,993834,220,卖盘
246,09:42:16,45.16,650386,144,卖盘
247,09:42:19,45.15,2470004,547,卖盘
248,09:42:22,45.15,446987,99,买盘
249,09:42:25,45.16,365755,81,买盘
250,09:42:28,45.15,1919327,425,卖盘
251,09:42:31,45.17,501295,111,买盘
252,09:42:34,45.19,4874599,1079,买盘
253,09:42:37,45.2,3484775,771,买盘
254,09:42:40,45.2,1640526,363,买盘
255,09:42:43,45.2,1749143,387,买盘
256,09:42:46,45.21,574104,127,买盘
257,09:42:49,45.2,1216123,269,卖盘
258,09:42:52,45.2,158243,35,卖盘
259,09:42:55,45.21,488212,108,买盘
260,09:42:58,45.21,470139,104,买盘
261,09:43:01,45.21,1627648,360,买盘
262,09:43:04,45.22,696398,154,买盘
263,09:43:07,45.22,2261394,500,卖盘
264,09:43:10,45.23,348267,77,买盘
265,09:43:13,45.24,343782,76,买盘
266,09:43:16,45.23,841361,186,卖盘
267,09:43:19,45.23,1157821,256,卖盘
268,09:43:22,45.21,592290,131,卖盘
269,09:43:25,45.21,1328980,294,买盘
270,09:43:28,45.21,1256806,278,买盘
271,09:43:31,45.22,899805,199,买盘
272,09:43:34,45.21,813955,180,卖盘
273,09:43:37,45.22,954183,211,买盘
274,09:43:40,45.22,999495,221,卖盘
275,09:43:43,45.23,1524176,337,买盘
276,09:43:46,45.22,226126,50,卖盘
277,09:43:49,45.23,1202950,266,买盘
278,09:43:52,45.22,312050,69,卖盘
279,09:43:55,45.21,908886,201,卖盘
280,09:43:58,45.2,271223,60,卖盘
281,09:44:01,45.21,1564100,346,买盘
282,09:44:04,45.22,492897,109,买盘
283,09:44:07,45.22,1103460,244,卖盘
284,09:44:10,45.21,1302188,288,卖盘
285,09:44:13,45.2,266737,59,卖盘
286,09:44:16,45.21,339075,75,买盘
287,09:44:19,45.2,235062,52,卖盘
288,09:44:22,45.21,1026276,227,买盘
289,09:44:25,45.2,108480,24,卖盘
290,09:44:28,45.2,375232,83,卖盘
291,09:44:31,45.2,940201,208,卖盘
292,09:44:34,45.2,1545789,342,买盘
293,09:44:37,45.2,1505131,333,卖盘
294,09:44:40,45.2,1184235,262,买盘
295,09:44:43,45.19,266672,59,卖盘
296,09:44:46,45.19,2539970,562,卖盘
297,09:44:49,45.2,469971,104,买盘
298,09:44:52,45.2,1229373,272,买盘
299,09:44:55,45.18,171728,38,卖盘
300,09:44:58,45.18,388601,86,卖盘
301,09:45:01,45.18,2896818,641,卖盘
302,09:45:04,45.19,967061,214,买盘
303,09:45:07,45.18,908366,201,卖盘
304,09:45:10,45.18,768046,170,买盘
305,09:45:13,45.18,822288,182,买盘
306,09:45:16,45.18,939648,208,买盘
307,09:45:19,45.17,451754,100,卖盘
308,09:45:22,45.16,718203,159,卖盘
309,09:45:25,45.15,1824091,404,卖盘
310,09:45:28,45.15,1525614,338,买盘
311,09:45:31,45.14,1782889,395,买盘
312,09:45:34,45.14,1458054,323,买盘
313,09:45:37,45.14,2595732,575,卖盘
314,09:45:40,45.15,428983,95,卖盘
315,09:45:43,45.15,1742885,386,卖盘
316,09:45:46,45.13,1462705,324,卖盘
317,09:45:49,45.12,3429178,760,卖盘
318,09:45:52,45.13,2960215,656,买盘
319,09:45:55,45.12,374505,83,卖盘
320,09:45:58,45.13,2080053,461,买盘
321,09:46:01,45.12,920462,204,中性盘
322,09:46:04,45.12,1542994,342,买盘
323,09:46:07,45.12,812209,180,买盘
324,09:46:10,45.12,1258879,279,买盘
325,09:46:13,45.12,748947,166,卖盘
326,09:46:16,45.11,672226,149,中性盘
327,09:46:19,45.1,2006977,445,卖盘
328,09:46:22,45.1,2286849,507,卖盘
329,09:46:25,45.1,365320,81,卖盘
330,09:46:28,45.09,1073316,238,卖盘
331,09:46:31,45.09,1131777,251,卖盘
332,09:46:34,45.09,1361849,302,卖盘
333,09:46:37,45.08,1726632,383,卖盘
334,09:46:40,45.09,901784,200,买盘
335,09:46:43,45.09,1564612,347,卖盘
336,09:46:46,45.08,1293881,287,卖盘
337,09:46:49,45.09,1001172,222,买盘
338,09:46:52,45.11,2115645,469,买盘
339,09:46:55,45.14,925184,205,买盘
340,09:46:58,45.13,1358405,301,卖盘
341,09:47:01,45.13,410686,91,卖盘
342,09:47:04,45.13,663521,147,卖盘
343,09:47:07,45.13,839390,186,卖盘
344,09:47:10,45.11,807595,179,卖盘
345,09:47:13,45.1,622541,138,卖盘
346,09:47:16,45.1,780283,173,卖盘
347,09:47:19,45.1,1542537,342,卖盘
348,09:47:22,45.09,838724,186,卖盘
349,09:47:25,45.08,1586955,352,卖盘
350,09:47:28,45.07,333531,74,卖盘
351,09:47:31,45.07,2298587,510,卖盘
352,09:47:34,45.09,1465091,325,买盘
353,09:47:37,45.08,2011023,446,卖盘
354,09:47:40,45.09,883688,196,买盘
355,09:47:43,45.09,1289683,286,卖盘
356,09:47:46,45.09,920014,204,卖盘
357,09:47:49,45.1,437438,97,买盘
358,09:47:52,45.11,721593,160,买盘
359,09:47:55,45.09,1141101,253,卖盘
360,09:47:58,45.09,933520,207,卖盘
361,09:48:01,45.1,482534,107,买盘
362,09:48:04,45.09,1442787,320,卖盘
363,09:48:07,45.1,838844,186,买盘
364,09:48:10,45.09,193901,43,卖盘
365,09:48:13,45.09,410374,91,卖盘
366,09:48:16,45.09,676356,150,卖盘
367,09:48:19,45.1,816211,181,买盘
368,09:48:22,45.1,2565892,569,买盘
369,09:48:25,45.13,2972832,659,买盘
370,09:48:28,45.13,1755953,389,卖盘
371,09:48:31,45.15,740516,164,买盘
372,09:48:34,45.15,1472493,326,卖盘
373,09:48:37,45.17,785798,174,买盘
374,09:48:40,45.15,4239846,939,卖盘
375,09:48:43,45.16,867125,192,中性盘
376,09:48:46,45.16,1228320,272,买盘
377,09:48:49,45.16,1372731,304,买盘
378,09:48:52,45.16,754136,167,买盘
379,09:48:55,45.18,776834,172,买盘
380,09:48:58,45.17,302609,67,买盘
381,09:49:01,45.14,2013695,446,卖盘
382,09:49:04,45.14,1060842,235,买盘
383,09:49:07,45.13,916264,203,卖盘
384,09:49:10,45.13,2166255,480,卖盘
385,09:49:13,45.12,1087392,241,卖盘
386,09:49:16,45.13,297808,66,买盘
387,09:49:19,45.14,7226020,1601,买盘
388,09:49:22,45.17,2108900,467,买盘
389,09:49:25,45.18,1707821,378,买盘
390,09:49:28,45.17,1088622,241,卖盘
391,09:49:31,45.18,1563251,346,买盘
392,09:49:34,45.19,564856,125,买盘
393,09:49:37,45.19,406710,90,买盘
394,09:49:40,45.19,1540977,341,买盘
395,09:49:43,45.2,5518600,1221,买盘
396,09:49:46,45.17,2698062,597,卖盘
397,09:49:49,45.18,1848097,409,卖盘
398,09:49:52,45.14,1047878,232,卖盘
399,09:49:55,45.13,1336200,296,卖盘
400,09:49:58,45.14,1363247,302,买盘
401,09:50:01,45.15,1223119,271,买盘
402,09:50:04,45.12,559730,124,卖盘
403,09:50:07,45.12,410693,91,卖盘
404,09:50:10,45.13,1322145,293,买盘
405,09:50:13,45.13,243667,54,买盘
406,09:50:16,45.12,536996,119,卖盘
407,09:50:19,45.13,2070954,459,买盘
408,09:50:22,45.11,884015,196,卖盘
409,09:50:25,45.11,2986233,662,买盘
410,09:50:28,45.12,920214,204,买盘
411,09:50:31,45.11,2326320,516,买盘
412,09:50:34,45.12,1245075,276,买盘
413,09:50:37,45.11,974536,216,卖盘
414,09:50:40,45.11,369902,82,买盘
415,09:50:43,45.1,2823295,626,卖盘
416,09:50:46,45.1,1041847,231,买盘
417,09:50:49,45.11,568366,126,买盘
418,09:50:52,45.1,130792,29,卖盘
419,09:50:55,45.1,419516,93,卖盘
420,09:50:58,45.1,130790,29,卖盘
421,09:51:01,45.11,365357,81,买盘
422,09:51:04,45.09,834344,185,卖盘
423,09:51:07,45.1,861405,191,买盘
424,09:51:10,45.09,523122,116,卖盘
425,09:51:13,45.09,933491,207,卖盘
426,09:51:16,45.07,2335039,518,卖盘
427,09:51:19,45.08,1306909,290,买盘
428,09:51:22,45.07,1401974,311,卖盘
429,09:51:25,45.07,2235071,496,买盘
430,09:51:28,45.06,2748838,610,卖盘
431,09:51:31,45.06,973229,216,买盘
432,09:51:34,45.06,720920,160,卖盘
433,09:51:37,45.06,869605,193,买盘
434,09:51:40,45.05,171196,38,卖盘
435,09:51:43,45.06,1238886,275,买盘
436,09:51:46,45.06,94624,21,卖盘
437,09:51:49,45.05,261310,58,卖盘
438,09:51:52,45.05,783869,174,买盘
439,09:51:55,45.04,220742,49,卖盘
440,09:51:58,45.04,459475,102,卖盘
441,09:52:01,45.04,396376,88,卖盘
442,09:52:04,45.04,486506,108,卖盘
443,09:52:07,45.04,198190,44,卖盘
444,09:52:10,45.04,436926,97,卖盘
445,09:52:13,45.04,315307,70,卖盘
446,09:52:16,45.03,1278946,284,卖盘
447,09:52:19,45.03,571915,127,卖盘
448,09:52:22,45.03,441279,98,买盘
449,09:52:25,45.03,454802,101,买盘
450,09:52:28,45.02,558350,124,卖盘
451,09:52:31,45.02,477285,106,卖盘
452,09:52:34,45.03,914109,203,买盘
453,09:52:37,45.03,657571,146,卖盘
454,09:52:40,45.05,2130431,473,买盘
455,09:52:43,45.05,1103703,245,买盘
456,09:52:46,45.06,171190,38,买盘
457,09:52:49,45.06,306405,68,买盘
458,09:52:52,45.05,247826,55,卖盘
459,09:52:55,45.05,824461,183,卖盘
460,09:52:58,45.05,599143,133,买盘
461,09:53:01,45.05,450448,100,买盘
462,09:53:04,45.05,581136,129,买盘
463,09:53:07,45.05,351455,78,卖盘
464,09:53:10,45.05,279310,62,卖盘
465,09:53:13,45.06,360447,80,买盘
466,09:53:16,45.06,315388,70,买盘
467,09:53:19,45.06,193732,43,买盘
468,09:53:22,45.06,428056,95,买盘
469,09:53:25,45.09,730227,162,买盘
470,09:53:28,45.1,1095298,243,买盘
471,09:53:31,45.09,446441,99,卖盘
472,09:53:34,45.09,1199695,266,卖盘
473,09:53:37,45.09,658354,146,卖盘
474,09:53:40,45.09,888314,197,卖盘
475,09:53:43,45.08,671811,149,卖盘
476,09:53:46,45.07,473308,105,卖盘
477,09:53:49,45.07,94647,21,买盘
478,09:53:52,45.07,473231,105,买盘
479,09:53:55,45.07,225338,50,卖盘
480,09:53:58,45.07,365063,81,买盘
481,09:54:01,45.07,987025,219,买盘
482,09:54:04,45.07,270420,60,买盘
483,09:54:07,45.07,676074,150,卖盘
484,09:54:10,45.07,477782,106,卖盘
485,09:54:13,45.08,509365,113,买盘
486,09:54:16,45.07,491319,109,卖盘
487,09:54:19,45.08,360631,80,买盘
488,09:54:22,45.09,2600886,577,买盘
489,09:54:25,45.09,748487,166,买盘
490,09:54:28,45.1,825309,183,买盘
491,09:54:31,45.1,441978,98,买盘
492,09:54:34,45.11,40594,9,买盘
493,09:54:37,45.11,563875,125,买盘
494,09:54:40,45.11,342786,76,买盘
495,09:54:43,45.1,189441,42,卖盘
496,09:54:46,45.11,81196,18,买盘
497,09:54:49,45.1,302216,67,卖盘
498,09:54:52,45.1,410494,91,卖盘
499,09:54:55,45.11,446585,99,买盘
500,09:54:58,45.11,248092,55,卖盘
501,09:55:01,45.12,2188452,485,买盘
502,09:55:04,45.14,1074467,238,中性盘
503,09:55:07,45.15,76749,17,买盘
504,09:55:10,45.14,379251,84,卖盘
505,09:55:13,45.15,185112,41,买盘
506,09:55:16,45.14,221217,49,卖盘
507,09:55:19,45.14,207678,46,卖盘
508,09:55:22,45.15,397309,88,买盘
509,09:55:25,45.15,812748,180,买盘
510,09:55:28,45.14,130915,29,卖盘
511,09:55:31,45.14,1069885,237,卖盘
512,09:55:34,45.14,623061,138,卖盘
513,09:55:37,45.15,180566,40,买盘
514,09:55:40,45.14,474068,105,卖盘
515,09:55:43,45.14,311474,69,卖盘
516,09:55:46,45.12,2053353,455,卖盘
517,09:55:49,45.14,699495,155,买盘
518,09:55:52,45.12,1828175,405,卖盘
519,09:55:55,45.11,2607738,578,卖盘
520,09:55:58,45.12,825501,183,买盘
521,09:56:01,45.11,424005,94,买盘
522,09:56:04,45.09,730618,162,卖盘
523,09:56:07,45.09,1082293,240,卖盘
524,09:56:10,45.08,342712,76,卖盘
525,09:56:13,45.1,234459,52,买盘
526,09:56:16,45.08,94674,21,卖盘
527,09:56:19,45.08,288560,64,卖盘
528,09:56:22,45.09,211914,47,买盘
529,09:56:25,45.08,243460,54,卖盘
530,09:56:28,45.08,261471,58,卖盘
531,09:56:31,45.08,162316,36,中性盘
532,09:56:34,45.09,874730,194,买盘
533,09:56:37,45.09,892775,198,买盘
534,09:56:40,45.1,541195,120,买盘
535,09:56:43,45.1,744137,165,买盘
536,09:56:46,45.11,338271,75,买盘
537,09:56:49,45.1,139840,31,卖盘
538,09:56:52,45.1,536754,119,卖盘
539,09:56:55,45.11,405907,90,买盘
540,09:56:58,45.1,261630,58,卖盘
541,09:57:01,45.11,121794,27,买盘
542,09:57:04,45.11,112775,25,买盘
543,09:57:07,45.12,194007,43,买盘
544,09:57:10,45.11,99259,22,卖盘
545,09:57:13,45.12,175965,39,买盘
546,09:57:16,45.12,157920,35,买盘
547,09:57:19,45.11,279749,62,卖盘
548,09:57:22,45.12,252684,56,中性盘
549,09:57:25,45.12,90241,20,卖盘
550,09:57:28,45.12,622678,138,卖盘
551,09:57:31,45.11,288720,64,卖盘
552,09:57:34,45.11,563980,125,卖盘
553,09:57:37,45.11,252646,56,卖盘
554,09:57:40,45.11,618134,137,卖盘
555,09:57:43,45.12,112786,25,买盘
556,09:57:46,45.12,324849,72,买盘
557,09:57:49,45.11,581970,129,卖盘
558,09:57:52,45.11,532390,118,卖盘
559,09:57:55,45.12,320303,71,买盘
560,09:57:58,45.12,500794,111,买盘
561,09:58:01,45.12,645215,143,买盘
562,09:58:04,45.13,2928305,649,买盘
563,09:58:07,45.13,889075,197,买盘
564,09:58:10,45.14,54167,12,买盘
565,09:58:13,45.14,1408346,312,买盘
566,09:58:16,45.13,67700,15,卖盘
567,09:58:19,45.12,1051622,233,卖盘
568,09:58:22,45.12,45120,10,卖盘
569,09:58:25,45.12,528004,117,卖盘
570,09:58:28,45.12,266216,59,买盘
571,09:58:31,45.12,360985,80,卖盘
572,09:58:34,45.12,67667,15,买盘
573,09:58:37,45.12,622619,138,买盘
574,09:58:40,45.13,266260,59,买盘
575,09:58:43,45.13,717555,159,买盘
576,09:58:46,45.13,234666,52,买盘
577,09:58:49,45.13,406143,90,买盘
578,09:58:52,45.13,437706,97,买盘
579,09:58:55,45.13,261748,58,卖盘
580,09:58:58,45.13,365573,81,卖盘
581,09:59:01,45.13,333978,74,卖盘
582,09:59:04,45.14,347544,77,买盘
583,09:59:07,45.14,523617,116,买盘
584,09:59:10,45.14,31598,7,买盘
585,09:59:13,45.14,510068,113,买盘
586,09:59:16,45.15,627476,139,买盘
587,09:59:19,45.15,329591,73,买盘
588,09:59:22,45.14,176083,39,卖盘
589,09:59:25,45.13,207640,46,卖盘
590,09:59:28,45.13,555206,123,卖盘
591,09:59:31,45.14,311457,69,买盘
592,09:59:34,45.13,185063,41,卖盘
593,09:59:37,45.13,406193,90,卖盘
594,09:59:40,45.13,239179,53,买盘
595,09:59:43,45.13,600360,133,卖盘
596,09:59:46,45.13,212113,47,卖盘
597,09:59:49,45.14,659009,146,买盘
598,09:59:52,45.14,212155,47,买盘
599,09:59:55,45.13,555193,123,卖盘
600,09:59:58,45.15,428913,95,买盘
601,10:00:01,45.14,153505,34,卖盘
602,10:00:04,45.15,203148,45,买盘
603,10:00:07,45.14,266368,59,卖盘
604,10:00:10,45.14,248310,55,卖盘
605,10:00:13,45.14,162521,36,卖盘
606,10:00:16,45.15,410820,91,买盘
607,10:00:19,45.13,230171,51,卖盘
608,10:00:22,45.11,1317584,292,卖盘
609,10:00:25,45.11,2165033,480,卖盘
610,10:00:28,45.11,604435,134,买盘
611,10:00:31,45.12,929322,206,买盘
612,10:00:34,45.1,1484314,329,卖盘
613,10:00:37,45.1,446501,99,买盘
614,10:00:40,45.1,644941,143,买盘
615,10:00:43,45.1,9020,2,卖盘
616,10:00:46,45.1,951742,211,卖盘
617,10:00:49,45.1,99215,22,买盘
618,10:00:52,45.11,739812,164,买盘
619,10:00:55,45.13,410618,91,买盘
620,10:00:58,45.13,198572,44,买盘
621,10:01:01,45.13,591216,131,卖盘
622,10:01:04,45.13,9025,2,中性盘
623,10:01:07,45.13,419707,93,买盘
624,10:01:10,45.12,207598,46,卖盘
625,10:01:13,45.15,1345072,298,买盘
626,10:01:16,45.14,67715,15,卖盘
627,10:01:19,45.15,1846471,409,买盘
628,10:01:22,45.16,1454227,322,买盘
629,10:01:25,45.15,636718,141,卖盘
630,10:01:28,45.16,835390,185,买盘
631,10:01:31,45.16,176131,39,买盘
632,10:01:34,45.17,826506,183,买盘
633,10:01:37,45.16,135492,30,买盘
634,10:01:40,45.17,790343,175,买盘
635,10:01:43,45.17,130993,29,买盘
636,10:01:46,45.16,433668,96,卖盘
637,10:01:49,45.17,18068,4,卖盘
638,10:01:52,45.17,411110,91,卖盘
639,10:01:55,45.17,131021,29,卖盘
640,10:01:58,45.17,641515,142,卖盘
641,10:02:01,45.18,221350,49,买盘
642,10:02:04,45.18,542158,120,买盘
643,10:02:07,45.19,99407,22,买盘
644,10:02:10,45.19,225941,50,买盘
645,10:02:13,45.19,244020,54,买盘
646,10:02:16,45.19,302733,67,买盘
647,10:02:19,45.18,528708,117,卖盘
648,10:02:22,45.18,149113,33,卖盘
649,10:02:25,45.18,614539,136,卖盘
650,10:02:28,45.18,27109,6,卖盘
651,10:02:31,45.19,149122,33,买盘
652,10:02:34,45.19,1156867,256,买盘
653,10:02:37,45.19,361596,80,卖盘
654,10:02:40,45.19,2653223,587,卖盘
655,10:02:43,45.2,149152,33,买盘
656,10:02:46,45.2,162709,36,买盘
657,10:02:49,45.21,474604,105,买盘
658,10:02:52,45.21,203438,45,买盘
659,10:02:55,45.21,361653,80,买盘
660,10:02:58,45.2,54243,12,卖盘
661,10:03:01,45.2,72328,16,卖盘
662,10:03:04,45.21,302894,67,买盘
663,10:03:07,45.23,4037722,893,买盘
664,10:03:10,45.24,1633104,361,买盘
665,10:03:13,45.24,732903,162,卖盘
666,10:03:16,45.22,1461343,323,卖盘
667,10:03:19,45.21,709919,157,卖盘
668,10:03:22,45.21,592362,131,卖盘
669,10:03:25,45.2,298403,66,卖盘
670,10:03:28,45.21,266747,59,买盘
671,10:03:31,45.2,1306285,289,卖盘
672,10:03:34,45.2,668929,148,卖盘
673,10:03:37,45.19,162719,36,卖盘
674,10:03:40,45.2,501721,111,买盘
675,10:03:43,45.19,225968,50,卖盘
676,10:03:46,45.18,402207,89,卖盘
677,10:03:49,45.17,216866,48,卖盘
678,10:03:52,45.17,221372,49,卖盘
679,10:03:55,45.16,542068,120,卖盘
680,10:03:58,45.17,149061,33,买盘
681,10:04:01,45.17,352383,78,卖盘
682,10:04:04,45.17,700191,155,买盘
683,10:04:07,45.16,289075,64,卖盘
684,10:04:10,45.16,560050,124,卖盘
685,10:04:13,45.16,45167,10,卖盘
686,10:04:16,45.16,298102,66,卖盘
687,10:04:19,45.16,298093,66,卖盘
688,10:04:22,45.17,67755,15,买盘
689,10:04:25,45.17,13551,3,卖盘
690,10:04:28,45.17,22589,5,卖盘
691,10:04:31,45.18,311675,69,买盘
692,10:04:34,45.17,189733,42,卖盘
693,10:04:37,45.18,564671,125,买盘
694,10:04:40,45.18,1612891,357,买盘
695,10:04:43,45.19,203331,45,买盘
696,10:04:46,45.18,926356,205,卖盘
697,10:04:49,45.19,916859,203,买盘
698,10:04:52,45.18,189792,42,中性盘
699,10:04:55,45.18,40664,9,卖盘
700,10:04:58,45.15,857933,190,卖盘
701,10:05:01,45.15,1368283,303,卖盘
702,10:05:04,45.16,76772,17,买盘
703,10:05:07,45.16,1278533,283,卖盘
704,10:05:10,45.15,853600,189,卖盘
705,10:05:13,45.16,112911,25,中性盘
706,10:05:16,45.17,298119,66,买盘
707,10:05:19,45.17,90340,20,买盘
708,10:05:22,45.18,2005171,444,买盘
709,10:05:25,45.2,863130,191,买盘
710,10:05:28,45.18,176214,39,卖盘
711,10:05:31,45.19,560467,124,中性盘
712,10:05:34,45.18,352505,78,卖盘
713,10:05:37,45.19,1233308,273,中性盘
714,10:05:40,45.19,131061,29,中性盘
715,10:05:43,45.18,460999,102,卖盘
716,10:05:46,45.16,176138,39,卖盘
717,10:05:49,45.16,257462,57,卖盘
718,10:05:52,45.17,176163,39,买盘
719,10:05:55,45.18,198749,44,买盘
720,10:05:58,45.17,221347,49,卖盘
721,10:06:01,45.17,203269,45,卖盘
722,10:06:04,45.17,207810,46,卖盘
723,10:06:07,45.17,185213,41,卖盘
724,10:06:10,45.2,5577183,1234,买盘
725,10:06:13,45.18,54225,12,买盘
726,10:06:16,45.18,162625,36,买盘
727,10:06:19,45.18,185236,41,买盘
728,10:06:22,45.18,144576,32,买盘
729,10:06:25,45.18,158130,35,买盘
730,10:06:28,45.18,121973,27,买盘
731,10:06:31,45.18,176180,39,买盘
732,10:06:34,45.17,140056,31,卖盘
733,10:06:37,45.17,230371,51,卖盘
734,10:06:40,45.17,401944,89,买盘
735,10:06:43,45.17,2485077,550,买盘
736,10:06:46,45.18,221423,49,买盘
737,10:06:49,45.19,320849,71,买盘
738,10:06:52,45.2,144630,32,买盘
739,10:06:55,45.2,379671,84,买盘
740,10:06:58,45.2,31640,7,买盘
741,10:07:01,45.18,610138,135,卖盘
742,10:07:04,45.18,248567,55,卖盘
743,10:07:07,45.2,180799,40,买盘
744,10:07:10,45.2,45183,10,买盘
745,10:07:13,45.19,488163,108,卖盘
746,10:07:16,45.19,31635,7,卖盘
747,10:07:19,45.2,492629,109,买盘
748,10:07:22,45.18,198818,44,卖盘
749,10:07:25,45.18,158140,35,卖盘
750,10:07:28,45.19,9038,2,买盘
751,10:07:31,45.18,465377,103,卖盘
752,10:07:34,45.19,1595264,353,买盘
753,10:07:37,45.19,863312,191,卖盘
754,10:07:40,45.19,31635,7,卖盘
755,10:07:43,45.19,515242,114,卖盘
756,10:07:46,45.19,248553,55,卖盘
757,10:07:49,45.2,397738,88,买盘
758,10:07:52,45.2,153670,34,买盘
759,10:07:55,45.18,361489,80,卖盘
760,10:07:58,45.19,63261,14,买盘
761,10:08:01,45.19,320849,71,买盘
762,10:08:04,45.17,524012,116,卖盘
763,10:08:07,45.17,307124,68,买盘
764,10:08:10,45.16,424602,94,卖盘
765,10:08:13,45.17,271044,60,中性盘
766,10:08:16,45.16,203220,45,卖盘
767,10:08:19,45.17,167122,37,买盘
768,10:08:22,45.17,492312,109,卖盘
769,10:08:25,45.17,117394,26,中性盘
770,10:08:28,45.16,316172,70,中性盘
771,10:08:31,45.16,180671,40,卖盘
772,10:08:34,45.17,194231,43,买盘
773,10:08:37,45.18,18072,4,买盘
774,10:08:40,45.18,221363,49,买盘
775,10:08:43,45.18,239404,53,买盘
776,10:08:46,45.17,9034,2,卖盘
777,10:08:49,45.18,307210,68,买盘
778,10:08:52,45.18,280060,62,买盘
779,10:08:55,45.18,383992,85,买盘
780,10:08:58,45.17,130993,29,卖盘
781,10:09:01,45.16,519382,115,卖盘
782,10:09:04,45.17,153570,34,买盘
783,10:09:07,45.17,307144,68,买盘
784,10:09:10,45.17,189711,42,买盘
785,10:09:13,45.18,2159586,478,买盘
786,10:09:16,45.18,1211006,268,卖盘
787,10:09:19,45.18,402102,89,卖盘
788,10:09:22,45.19,659667,146,买盘
789,10:09:25,45.17,171623,38,卖盘
790,10:09:28,45.17,284629,63,卖盘
791,10:09:31,45.17,271020,60,卖盘
792,10:09:34,45.17,356904,79,卖盘
793,10:09:37,45.17,243918,54,卖盘
794,10:09:40,45.17,356885,79,卖盘
795,10:09:43,45.16,144524,32,卖盘
796,10:09:46,45.15,447083,99,卖盘
797,10:09:49,45.15,112875,25,卖盘
798,10:09:52,45.15,483035,107,买盘
799,10:09:55,45.13,1336129,296,卖盘
800,10:09:58,45.13,437761,97,卖盘
801,10:10:01,45.13,988148,219,买盘
802,10:10:04,45.11,126312,28,卖盘
803,10:10:07,45.13,451161,100,买盘
804,10:10:10,45.13,257216,57,买盘
805,10:10:13,45.12,640805,142,卖盘
806,10:10:16,45.11,148865,33,卖盘
807,10:10:19,45.11,221047,49,卖盘
808,10:10:22,45.12,270714,60,买盘
809,10:10:25,45.11,324856,72,卖盘
810,10:10:28,45.11,216539,48,卖盘
811,10:10:31,45.11,667646,148,卖盘
812,10:10:34,45.12,306795,68,买盘
813,10:10:37,45.12,266202,59,卖盘
814,10:10:40,45.11,586607,130,卖盘
815,10:10:43,45.11,396976,88,卖盘
816,10:10:46,45.12,536937,119,买盘
817,10:10:49,45.11,153377,34,卖盘
818,10:10:52,45.1,1100696,244,卖盘
819,10:10:55,45.12,405972,90,买盘
820,10:10:58,45.11,829987,184,卖盘
821,10:11:01,45.12,807646,179,买盘
822,10:11:04,45.11,563992,125,卖盘
823,10:11:07,45.12,767092,170,卖盘
824,10:11:10,45.11,203012,45,卖盘
825,10:11:13,45.11,424074,94,卖盘
826,10:11:16,45.1,2760130,612,卖盘
827,10:11:19,45.1,324706,72,买盘
828,10:11:22,45.11,681064,151,买盘
829,10:11:25,45.1,230041,51,卖盘
830,10:11:28,45.1,302168,67,买盘
831,10:11:31,45.1,793749,176,卖盘
832,10:11:34,45.11,347340,77,买盘
833,10:11:37,45.1,221017,49,卖盘
834,10:11:40,45.1,342760,76,买盘
835,10:11:43,45.1,712431,158,买盘
836,10:11:46,45.09,347257,77,中性盘
837,10:11:49,45.08,63114,14,卖盘
838,10:11:52,45.08,252500,56,卖盘
839,10:11:55,45.09,180342,40,买盘
840,10:11:58,45.09,288564,64,买盘
841,10:12:01,45.09,856606,190,买盘
842,10:12:04,45.09,563742,125,卖盘
843,10:12:07,45.09,541137,120,卖盘
844,10:12:10,45.1,739640,164,买盘
845,10:12:13,45.1,99215,22,买盘
846,10:12:16,45.1,184910,41,买盘
847,10:12:19,45.11,239082,53,买盘
848,10:12:22,45.1,974363,216,卖盘
849,10:12:25,45.1,320235,71,卖盘
850,10:12:28,45.09,613359,136,卖盘
851,10:12:31,45.1,802776,178,买盘
852,10:12:34,45.11,857085,190,买盘
853,10:12:37,45.1,239041,53,卖盘
854,10:12:40,45.11,139846,31,买盘
855,10:12:43,45.11,541320,120,卖盘
856,10:12:46,45.11,369944,82,卖盘
857,10:12:49,45.11,212024,47,卖盘
858,10:12:52,45.11,302301,67,卖盘
859,10:12:55,45.12,117310,26,买盘
860,10:12:58,45.12,130848,29,买盘
861,10:13:01,45.12,144384,32,买盘
862,10:13:04,45.12,144398,32,卖盘
863,10:13:07,45.12,176002,39,卖盘
864,10:13:10,45.12,90258,20,卖盘
865,10:13:13,45.12,13537,3,卖盘
866,10:13:16,45.12,482804,107,卖盘
867,10:13:19,45.11,834617,185,卖盘
868,10:13:22,45.1,27060,6,卖盘
869,10:13:25,45.1,72166,16,卖盘
870,10:13:28,45.11,275170,61,买盘
871,10:13:31,45.12,1926483,427,买盘
872,10:13:34,45.13,988343,219,买盘
873,10:13:37,45.13,446776,99,买盘
874,10:13:40,45.14,519110,115,买盘
875,10:13:43,45.14,99318,22,买盘
876,10:13:46,45.15,194139,43,买盘
877,10:13:49,45.14,537225,119,卖盘
878,10:13:52,45.14,189590,42,卖盘
879,10:13:55,45.14,302441,67,买盘
880,10:13:58,45.14,63196,14,卖盘
881,10:14:01,45.15,171534,38,买盘
882,10:14:04,45.14,1060810,235,卖盘
883,10:14:07,45.14,194091,43,中性盘
884,10:14:10,45.14,437858,97,买盘
885,10:14:13,45.14,18055,4,买盘
886,10:14:16,45.12,1796045,398,卖盘
887,10:14:19,45.12,848153,188,买盘
888,10:14:22,45.12,523381,116,卖盘
889,10:14:25,45.12,564000,125,买盘
890,10:14:28,45.1,76686,17,卖盘
891,10:14:31,45.11,559424,124,卖盘
892,10:14:34,45.11,523263,116,买盘
893,10:14:37,45.1,40593,9,卖盘
894,10:14:40,45.11,455560,101,买盘
895,10:14:46,45.11,401479,89,买盘
896,10:14:49,45.11,1448022,321,买盘
897,10:14:52,45.12,487312,108,买盘
898,10:14:55,45.13,410673,91,买盘
899,10:14:58,45.12,342986,76,卖盘
900,10:15:01,45.13,180486,40,买盘
901,10:15:04,45.13,54154,12,买盘
902,10:15:07,45.12,194047,43,卖盘
903,10:15:10,45.13,175990,39,买盘
904,10:15:13,45.12,216581,48,卖盘
905,10:15:16,45.12,469281,104,卖盘
906,10:15:19,45.13,839192,186,买盘
907,10:15:22,45.11,126321,28,卖盘
908,10:15:25,45.12,284256,63,买盘
909,10:15:28,45.11,58648,13,卖盘
910,10:15:31,45.11,135330,30,卖盘
911,10:15:34,45.12,360953,80,买盘
912,10:15:37,45.11,67678,15,卖盘
913,10:15:40,45.12,257200,57,买盘
914,10:15:43,45.12,622709,138,卖盘
915,10:15:46,45.12,45120,10,卖盘
916,10:15:49,45.12,410657,91,卖盘
917,10:15:52,45.12,207552,46,卖盘
918,10:15:55,45.13,347477,77,买盘
919,10:15:58,45.12,157942,35,卖盘
920,10:16:01,45.13,329406,73,买盘
921,10:16:04,45.12,121834,27,卖盘
922,10:16:07,45.13,194020,43,买盘
923,10:16:10,45.13,342953,76,买盘
924,10:16:13,45.13,297850,66,买盘
925,10:16:16,45.12,428661,95,卖盘
926,10:16:19,45.11,112792,25,卖盘
927,10:16:22,45.13,451228,100,买盘
928,10:16:25,45.14,3218021,713,买盘
929,10:16:28,45.15,699819,155,买盘
930,10:16:31,45.16,483183,107,买盘
931,10:16:34,45.17,329735,73,买盘
932,10:16:37,45.18,374987,83,买盘
933,10:16:40,45.18,429196,95,买盘
934,10:16:43,45.17,275592,61,卖盘
935,10:16:46,45.17,1016398,225,卖盘
936,10:16:49,45.15,564633,125,卖盘
937,10:16:52,45.16,329640,73,买盘
938,10:16:55,45.15,307069,68,卖盘
939,10:16:58,45.15,221280,49,卖盘
940,10:17:01,45.15,257354,57,买盘
941,10:17:04,45.14,316027,70,卖盘
942,10:17:07,45.15,279894,62,买盘
943,10:17:10,45.14,735891,163,卖盘
944,10:17:13,45.14,519101,115,买盘
945,10:17:16,45.13,198603,44,卖盘
946,10:17:19,45.13,428786,95,卖盘
947,10:17:22,45.13,361005,80,买盘
948,10:17:25,45.13,559611,124,买盘
949,10:17:28,45.13,166981,37,卖盘
950,10:17:31,45.13,108310,24,买盘
951,10:17:34,45.12,550497,122,卖盘
952,10:17:37,45.12,135384,30,卖盘
953,10:17:40,45.13,257234,57,买盘
954,10:17:43,45.11,428648,95,卖盘
955,10:17:46,45.12,207552,46,买盘
956,10:17:49,45.12,112800,25,买盘
957,10:17:52,45.12,139858,31,买盘
958,10:17:55,45.12,40605,9,买盘
959,10:17:58,45.12,428581,95,买盘
960,10:18:01,45.12,392544,87,买盘
961,10:18:04,45.12,157920,35,买盘
962,10:18:07,45.13,681412,151,买盘
963,10:18:10,45.13,857445,190,买盘
964,10:18:13,45.15,2315487,513,买盘
965,10:18:16,45.16,374797,83,买盘
966,10:18:19,45.15,1138153,252,卖盘
967,10:18:22,45.16,1174196,260,中性盘
968,10:18:25,45.15,207727,46,中性盘
969,10:18:28,45.14,31598,7,买盘
970,10:18:31,45.14,221181,49,买盘
971,10:18:34,45.13,157951,35,卖盘
972,10:18:37,45.12,103795,23,卖盘
973,10:18:40,45.12,225647,50,卖盘
974,10:18:43,45.12,401600,89,卖盘
975,10:18:46,45.13,175972,39,买盘
976,10:18:49,45.12,198556,44,卖盘
977,10:18:52,45.12,433226,96,卖盘
978,10:18:55,45.12,99264,22,卖盘
979,10:18:58,45.12,266238,59,卖盘
980,10:19:01,45.12,22562,5,卖盘
981,10:19:04,45.12,2815929,624,卖盘
982,10:19:07,45.13,857455,190,买盘
983,10:19:10,45.14,559628,124,买盘
984,10:19:13,45.14,428830,95,买盘
985,10:19:16,45.14,162507,36,买盘
986,10:19:19,45.14,288896,64,卖盘
987,10:19:22,45.14,275348,61,买盘
988,10:19:25,45.13,90263,20,卖盘
989,10:19:28,45.13,63182,14,卖盘
990,10:19:31,45.13,564242,125,卖盘
991,10:19:34,45.13,279849,62,卖盘
992,10:19:37,45.13,343057,76,卖盘
993,10:19:40,45.14,54159,12,买盘
994,10:19:43,45.13,176040,39,卖盘
995,10:19:46,45.13,112849,25,卖盘
996,10:19:49,45.14,537163,119,买盘
997,10:19:52,45.14,532655,118,买盘
998,10:19:55,45.15,1137816,252,买盘
999,10:19:58,45.16,429113,95,中性盘
1000,10:20:01,45.16,135476,30,买盘
1001,10:20:04,45.17,889869,197,买盘
1002,10:20:07,45.18,1228717,272,买盘
1003,10:20:10,45.16,713518,158,买盘
1004,10:20:13,45.16,1124484,249,中性盘
1005,10:20:16,45.16,415449,92,买盘
1006,10:20:19,45.13,821646,182,卖盘
1007,10:20:22,45.15,126398,28,买盘
1008,10:20:25,45.14,212160,47,买盘
1009,10:20:28,45.14,401804,89,卖盘
1010,10:20:31,45.15,189602,42,买盘
1011,10:20:34,45.13,324950,72,卖盘
1012,10:20:37,45.13,406236,90,卖盘
1013,10:20:40,45.14,36110,8,买盘
1014,10:20:43,45.13,297918,66,卖盘
1015,10:20:46,45.13,117339,26,卖盘
1016,10:20:49,45.13,221133,49,买盘
1017,10:20:52,45.13,45122,10,买盘
1018,10:20:55,45.12,90253,20,卖盘
1019,10:20:58,45.13,90260,20,买盘
1020,10:21:01,45.13,257241,57,买盘
1021,10:21:04,45.13,288832,64,买盘
1022,10:21:07,45.13,130870,29,买盘
1023,10:21:10,45.13,166980,37,买盘
1024,10:21:13,45.12,81221,18,卖盘
1025,10:21:16,45.13,81234,18,买盘
1026,10:21:19,45.12,2021381,448,卖盘
1027,10:21:22,45.12,983747,218,中性盘
1028,10:21:25,45.12,757865,168,买盘
1029,10:21:28,45.12,387953,86,买盘
1030,10:21:31,45.1,153360,34,卖盘
1031,10:21:34,45.12,527857,117,买盘
1032,10:21:37,45.12,388018,86,买盘
1033,10:21:40,45.11,148871,33,卖盘
1034,10:21:43,45.12,212037,47,买盘
1035,10:21:46,45.11,45110,10,卖盘
1036,10:21:49,45.11,1537941,341,中性盘
1037,10:21:52,45.11,324793,72,买盘
1038,10:21:55,45.11,987934,219,卖盘
1039,10:21:58,45.12,658665,146,买盘
1040,10:22:01,45.11,230061,51,卖盘
1041,10:22:04,45.11,897689,199,买盘
1042,10:22:07,45.11,198506,44,卖盘
1043,10:22:10,45.11,473755,105,卖盘
1044,10:22:13,45.12,387957,86,买盘
1045,10:22:16,45.12,112794,25,买盘
1046,10:22:19,45.11,45110,10,卖盘
1047,10:22:22,45.11,162417,36,卖盘
1048,10:22:25,45.12,139862,31,买盘
1049,10:22:28,45.13,2265024,502,买盘
1050,10:22:31,45.14,1674335,371,买盘
1051,10:22:34,45.14,1227725,272,买盘
1052,10:22:37,45.15,943524,209,买盘
1053,10:22:40,45.14,311467,69,卖盘
1054,10:22:43,45.14,663698,147,卖盘
1055,10:22:46,45.15,356678,79,买盘
1056,10:22:49,45.14,266381,59,卖盘
1057,10:22:52,45.15,419912,93,买盘
1058,10:22:55,45.16,392881,87,买盘
1059,10:22:58,45.15,27090,6,卖盘
1060,10:23:01,45.15,334111,74,卖盘
1061,10:23:04,45.14,1282076,284,卖盘
1062,10:23:07,45.14,270886,60,卖盘
1063,10:23:10,45.15,1494342,331,买盘
1064,10:23:13,45.14,609411,135,卖盘
1065,10:23:16,45.15,1006742,223,买盘
1066,10:23:19,45.15,1241580,275,买盘
1067,10:23:22,45.14,1417376,314,卖盘
1068,10:23:25,45.13,288839,64,卖盘
1069,10:23:28,45.11,378986,84,卖盘
1070,10:23:31,45.12,212039,47,买盘
1071,10:23:34,45.13,306838,68,买盘
1072,10:23:37,45.14,1638346,363,买盘
1073,10:23:40,45.15,1092624,242,买盘
1074,10:23:43,45.15,1128688,250,买盘
1075,10:23:46,45.15,437976,97,买盘
1076,10:23:49,45.16,374821,83,买盘
1077,10:23:52,45.16,519334,115,买盘
1078,10:23:55,45.17,587085,130,买盘
1079,10:23:58,45.17,569119,126,买盘
1080,10:24:01,45.16,370312,82,买盘
1081,10:24:04,45.16,63226,14,卖盘
1082,10:24:07,45.16,356834,79,卖盘
1083,10:24:10,45.16,203223,45,卖盘
1084,10:24:13,45.17,228597,51,买盘
1085,10:24:16,45.16,298111,66,中性盘
1086,10:24:19,45.16,487828,108,卖盘
1087,10:24:22,45.16,108390,24,卖盘
1088,10:24:25,45.17,167118,37,买盘
1089,10:24:28,45.17,298122,66,买盘
1090,10:24:31,45.16,4516,1,卖盘
1091,10:24:34,45.16,144535,32,卖盘
1092,10:24:37,45.16,392950,87,卖盘
1093,10:24:40,45.16,230356,51,卖盘
1094,10:24:43,45.16,279992,62,卖盘
1095,10:24:46,45.16,117406,26,买盘
1096,10:24:49,45.15,36120,8,卖盘
1097,10:24:52,45.16,243836,54,买盘
1098,10:24:55,45.15,9030,2,卖盘
1099,10:24:58,45.16,130954,29,买盘
1100,10:25:01,45.16,591508,131,买盘
1101,10:25:04,45.16,266433,59,买盘
1102,10:25:07,45.16,1079313,239,买盘
1103,10:25:10,45.17,505904,112,买盘
1104,10:25:13,45.17,243918,54,买盘
1105,10:25:16,45.17,686580,152,买盘
1106,10:25:19,45.16,325155,72,卖盘
1107,10:25:22,45.16,361342,80,卖盘
1108,10:25:25,45.17,406521,90,买盘
1109,10:25:28,45.16,280043,62,卖盘
1110,10:25:31,45.15,456066,101,卖盘
1111,10:25:34,45.16,352214,78,买盘
1112,10:25:37,45.16,399081,88,买盘
1113,10:25:40,45.15,27089,6,中性盘
1114,10:25:43,45.15,343133,76,买盘
1115,10:25:46,45.14,85766,19,卖盘
1116,10:25:49,45.13,275342,61,卖盘
1117,10:25:52,45.13,410732,91,卖盘
1118,10:25:55,45.13,510030,113,卖盘
1119,10:25:58,45.13,54156,12,卖盘
1120,10:26:01,45.13,1295231,287,卖盘
1121,10:26:04,45.13,1317676,292,买盘
1122,10:26:07,45.1,2020985,448,卖盘
1123,10:26:10,45.11,906740,201,买盘
1124,10:26:13,45.11,442078,98,卖盘
1125,10:26:16,45.11,162426,36,卖盘
1126,10:26:19,45.11,36088,8,买盘
1127,10:26:22,45.1,365377,81,卖盘
1128,10:26:25,45.11,166907,37,买盘
1129,10:26:28,45.11,234552,52,买盘
1130,10:26:31,45.1,45100,10,卖盘
1131,10:26:34,45.11,442047,98,买盘
1132,10:26:37,45.1,234549,52,卖盘
1133,10:26:40,45.11,221036,49,买盘
1134,10:26:43,45.1,166900,37,卖盘
1135,10:26:46,45.11,94731,21,买盘
1136,10:26:49,45.1,144341,32,卖盘
1137,10:26:52,45.1,175922,39,卖盘
1138,10:26:55,45.11,117277,26,买盘
1139,10:26:58,45.1,67650,15,卖盘
1140,10:27:01,45.11,1587632,352,买盘
1141,10:27:04,45.11,225535,50,买盘
1142,10:27:07,45.12,2332231,517,买盘
1143,10:27:10,45.13,852779,189,买盘
1144,10:27:13,45.12,230147,51,卖盘
1145,10:27:16,45.12,473854,105,卖盘
1146,10:27:19,45.13,49643,11,买盘
1147,10:27:22,45.13,212105,47,买盘
1148,10:27:25,45.13,270780,60,买盘
1149,10:27:28,45.13,171487,38,买盘
1150,10:27:31,45.13,392628,87,买盘
1151,10:27:34,45.13,85747,19,买盘
1152,10:27:37,45.12,103789,23,卖盘
1153,10:27:40,45.12,875389,194,卖盘
1154,10:27:43,45.12,406077,90,买盘
1155,10:27:46,45.11,1592493,353,卖盘
1156,10:27:49,45.11,2349934,521,卖盘
1157,10:27:52,45.09,1177207,261,卖盘
1158,10:27:55,45.09,870241,193,卖盘
1159,10:27:58,45.08,1568778,348,卖盘
1160,10:28:01,45.07,2334866,518,卖盘
1161,10:28:04,45.06,1698967,377,卖盘
1162,10:28:07,45.05,6014175,1335,卖盘
1163,10:28:10,45.05,1418940,315,买盘
1164,10:28:13,45.05,1698164,377,买盘
1165,10:28:16,45.05,657680,146,买盘
1166,10:28:19,45.05,180180,40,买盘
1167,10:28:22,45.04,292787,65,卖盘
1168,10:28:25,45.04,454884,101,买盘
1169,10:28:28,45.04,180149,40,买盘
1170,10:28:31,45.04,265731,59,买盘
1171,10:28:34,45.04,2075924,461,买盘
1172,10:28:37,45.02,1522227,338,卖盘
1173,10:28:40,45.05,743152,165,买盘
1174,10:28:43,45.04,2481077,551,卖盘
1175,10:28:46,45.05,711722,158,买盘
1176,10:28:49,45.05,837909,186,买盘
1177,10:28:52,45.05,306332,68,买盘
1178,10:28:55,45.04,1189205,264,卖盘
1179,10:28:58,45.04,202690,45,卖盘
1180,10:29:01,45.05,896493,199,买盘
1181,10:29:04,45.04,337833,75,卖盘
1182,10:29:07,45.04,391876,87,卖盘
1183,10:29:10,45.04,779282,173,卖盘
1184,10:29:13,45.05,153160,34,买盘
1185,10:29:16,45.05,369409,82,买盘
1186,10:29:19,45.05,63068,14,买盘
1187,10:29:22,45.04,441472,98,卖盘
1188,10:29:25,45.05,81079,18,买盘
1189,10:29:28,45.04,27024,6,卖盘
1190,10:29:31,45.05,518074,115,买盘
1191,10:29:34,45.06,599220,133,买盘
1192,10:29:37,45.05,482132,107,卖盘
1193,10:29:40,45.06,558744,124,买盘
1194,10:29:43,45.07,383085,85,买盘
1195,10:29:46,45.06,49575,11,卖盘
1196,10:29:49,45.07,288428,64,买盘
1197,10:29:52,45.06,1000383,222,卖盘
1198,10:29:55,45.06,166751,37,卖盘
1199,10:29:58,45.07,676032,150,买盘
1200,10:30:01,45.06,748126,166,卖盘
1201,10:30:04,45.07,644460,143,买盘
1202,10:30:07,45.06,743651,165,卖盘
1203,10:30:10,45.06,1077159,239,卖盘
1204,10:30:13,45.07,419142,93,买盘
1205,10:30:16,45.07,432669,96,买盘
1206,10:30:19,45.07,283939,63,买盘
1207,10:30:22,45.06,694019,154,卖盘
1208,10:30:25,45.06,103660,23,卖盘
1209,10:30:28,45.07,441682,98,买盘
1210,10:30:31,45.07,27042,6,买盘
1211,10:30:34,45.07,509281,113,买盘
1212,10:30:37,45.06,256881,57,卖盘
1213,10:30:40,45.06,1477986,328,卖盘
1214,10:30:43,45.06,1257175,279,买盘
1215,10:30:46,45.06,838045,186,卖盘
1216,10:30:49,45.06,1103930,245,买盘
1217,10:30:52,45.05,608180,135,卖盘
1218,10:30:55,45.04,761338,169,卖盘
1219,10:30:58,45.04,1261346,280,卖盘
1220,10:31:01,45.04,963900,214,卖盘
1221,10:31:04,45.04,864892,192,卖盘
1222,10:31:07,45.04,747744,166,卖盘
1223,10:31:10,45.04,1986386,441,卖盘
1224,10:31:13,45.03,1517773,337,卖盘
1225,10:31:16,45.03,2314863,514,卖盘
1226,10:31:19,45.03,378281,84,卖盘
1227,10:31:22,45.03,1044613,232,买盘
1228,10:31:25,45.02,1436162,319,卖盘
1229,10:31:28,45.03,1035585,230,买盘
1230,10:31:31,45.02,229583,51,中性盘
1231,10:31:34,45.01,3704380,823,卖盘
1232,10:31:37,45.02,1899667,422,买盘
1233,10:31:40,45.02,1454251,323,买盘
1234,10:31:43,45.03,1139229,253,买盘
1235,10:31:46,45.02,373666,83,卖盘
1236,10:31:49,45.01,328643,73,卖盘
1237,10:31:52,45.01,256601,57,卖盘
1238,10:31:55,45.02,396153,88,买盘
1239,10:31:58,45.03,13509,3,买盘
1240,10:32:01,45.02,135070,30,卖盘
1241,10:32:04,45.03,382726,85,买盘
1242,10:32:07,45.03,76540,17,买盘
1243,10:32:10,45.02,508753,113,卖盘
1244,10:32:13,45.02,72036,16,卖盘
1245,10:32:16,45.03,576371,128,买盘
1246,10:32:19,45.03,319710,71,买盘
1247,10:32:22,45.03,414246,92,买盘
1248,10:32:25,45.03,441292,98,买盘
1249,10:32:28,45.03,693412,154,买盘
1250,10:32:31,45.03,878018,195,买盘
1251,10:32:34,45.02,315953,70,卖盘
1252,10:32:37,45.04,842064,187,买盘
1253,10:32:40,45.03,144103,32,卖盘
1254,10:32:43,45.04,310756,69,买盘
1255,10:32:46,45.04,216173,48,买盘
1256,10:32:49,45.03,144121,32,卖盘
1257,10:32:52,45.04,490930,109,买盘
1258,10:32:55,45.04,508947,113,买盘
1259,10:32:58,45.05,409853,91,买盘
1260,10:33:01,45.06,391958,87,买盘
1261,10:33:04,45.06,229744,51,买盘
1262,10:33:07,45.06,225265,50,买盘
1263,10:33:10,45.06,49565,11,买盘
1264,10:33:13,45.06,216288,48,买盘
1265,10:33:16,45.08,1649615,366,买盘
1266,10:33:19,45.09,1510403,335,买盘
1267,10:33:22,45.1,220990,49,买盘
1268,10:33:25,45.11,942772,209,买盘
1269,10:33:28,45.13,730924,162,买盘
1270,10:33:31,45.1,1114216,247,卖盘
1271,10:33:34,45.09,414935,92,卖盘
1272,10:33:37,45.1,514133,114,买盘
1273,10:33:40,45.08,329179,73,卖盘
1274,10:33:43,45.08,153270,34,买盘
1275,10:33:46,45.07,270454,60,卖盘
1276,10:33:49,45.08,162285,36,买盘
1277,10:33:52,45.08,793534,176,卖盘
1278,10:33:55,45.07,184837,41,卖盘
1279,10:33:58,45.07,297520,66,卖盘
1280,10:34:01,45.07,283991,63,卖盘
1281,10:34:04,45.08,13522,3,买盘
1282,10:34:07,45.08,202859,45,买盘
1283,10:34:10,45.07,139742,31,卖盘
1284,10:34:13,45.08,4508,1,买盘
1285,10:34:16,45.07,468735,104,卖盘
1286,10:34:19,45.08,495822,110,买盘
1287,10:34:22,45.08,162278,36,买盘
1288,10:34:25,45.07,180315,40,卖盘
1289,10:34:28,45.07,202815,45,卖盘
1290,10:34:31,45.07,189311,42,卖盘
1291,10:34:34,45.06,220839,49,卖盘
1292,10:34:37,45.08,94660,21,买盘
1293,10:34:40,45.07,310987,69,中性盘
1294,10:34:43,45.08,135222,30,买盘
1295,10:34:46,45.08,658148,146,买盘
1296,10:34:49,45.08,166766,37,买盘
1297,10:34:52,45.08,1009783,224,买盘
1298,10:34:55,45.08,252448,56,买盘
1299,10:34:58,45.07,351567,78,卖盘
1300,10:35:01,45.08,1095450,243,买盘
1301,10:35:04,45.09,297534,66,买盘
1302,10:35:07,45.09,1235288,274,买盘
1303,10:35:10,45.09,626734,139,卖盘
1304,10:35:13,45.09,1149931,255,卖盘
1305,10:35:16,45.08,374138,83,卖盘
1306,10:35:19,45.09,568144,126,买盘
1307,10:35:22,45.1,369816,82,买盘
1308,10:35:25,45.09,85676,19,卖盘
1309,10:35:28,45.1,671865,149,买盘
1310,10:35:31,45.1,284049,63,买盘
1311,10:35:34,45.08,2286534,507,卖盘
1312,10:35:37,45.08,847706,188,卖盘
1313,10:35:40,45.09,243462,54,卖盘
1314,10:35:43,45.1,920041,204,买盘
1315,10:35:46,45.1,631400,140,卖盘
1316,10:35:49,45.11,1371280,304,买盘
1317,10:35:52,45.11,193994,43,卖盘
1318,10:35:55,45.12,532402,118,买盘
1319,10:35:58,45.11,487236,108,卖盘
1320,10:36:01,45.12,230112,51,买盘
1321,10:36:04,45.12,139862,31,卖盘
1322,10:36:07,45.13,99282,22,买盘
1323,10:36:10,45.12,252693,56,卖盘
1324,10:36:13,45.12,126343,28,卖盘
1325,10:36:16,45.12,915873,203,卖盘
1326,10:36:19,45.13,658655,146,买盘
1327,10:36:22,45.1,753509,167,卖盘
1328,10:36:25,45.09,148823,33,卖盘
1329,10:36:28,45.1,248069,55,中性盘
1330,10:36:31,45.11,870585,193,买盘
1331,10:36:34,45.12,933793,207,买盘
1332,10:36:37,45.13,532434,118,买盘
1333,10:36:40,45.12,839295,186,买盘
1334,10:36:43,45.13,442184,98,买盘
1335,10:36:46,45.12,248142,55,卖盘
1336,10:36:49,45.12,577527,128,买盘
1337,10:36:52,45.12,320352,71,卖盘
1338,10:36:55,45.13,469300,104,买盘
1339,10:36:58,45.11,144352,32,卖盘
1340,10:37:01,45.12,212048,47,买盘
1341,10:37:04,45.12,654135,145,买盘
1342,10:37:07,45.1,58635,13,卖盘
1343,10:37:10,45.1,446597,99,卖盘
1344,10:37:13,45.1,31574,7,卖盘
1345,10:37:16,45.08,302089,67,卖盘
1346,10:37:19,45.09,49609,11,中性盘
1347,10:37:22,45.09,202899,45,买盘
1348,10:37:25,45.08,252503,56,卖盘
1349,10:37:28,45.09,108209,24,买盘
1350,10:37:31,45.09,9018,2,卖盘
1351,10:37:34,45.09,22546,5,卖盘
1352,10:37:37,45.09,284077,63,卖盘
1353,10:37:40,45.08,284077,63,卖盘
1354,10:37:43,45.09,162355,36,中性盘
1355,10:37:46,45.09,175881,39,卖盘
1356,10:37:49,45.1,261563,58,买盘
1357,10:37:52,45.1,293126,65,买盘
1358,10:37:55,45.1,171370,38,买盘
1359,10:37:58,45.09,166889,37,卖盘
1360,10:38:01,45.1,67648,15,中性盘
1361,10:38:04,45.1,85690,19,买盘
1362,10:38:07,45.1,189413,42,买盘
1363,10:38:10,45.1,112770,25,卖盘
1364,10:38:13,45.11,365384,81,买盘
1365,10:38:16,45.1,4510,1,卖盘
1366,10:38:19,45.11,437513,97,买盘
1367,10:38:22,45.1,76670,17,买盘
1368,10:38:25,45.1,135300,30,卖盘
1369,10:38:28,45.1,45100,10,卖盘
1370,10:38:31,45.1,293150,65,卖盘
1371,10:38:34,45.1,148820,33,买盘
1372,10:38:37,45.1,320204,71,买盘
1373,10:38:40,45.1,121754,27,买盘
1374,10:38:43,45.09,306650,68,卖盘
1375,10:38:46,45.1,211957,47,买盘
1376,10:38:49,45.09,302129,67,卖盘
1377,10:38:52,45.1,99220,22,买盘
1378,10:38:55,45.09,396858,88,卖盘
1379,10:38:58,45.09,189394,42,卖盘
1380,10:39:01,45.09,365265,81,卖盘
1381,10:39:04,45.09,302115,67,卖盘
1382,10:39:07,45.1,270600,60,买盘
1383,10:39:10,45.1,514116,114,买盘
1384,10:39:13,45.1,166870,37,买盘
1385,10:39:16,45.1,351762,78,买盘
1386,10:39:19,45.09,117237,26,卖盘
1387,10:39:22,45.09,216473,48,卖盘
1388,10:39:25,45.09,532066,118,卖盘
1389,10:39:28,45.1,410394,91,买盘
1390,10:39:31,45.09,2299592,510,卖盘
1391,10:39:34,45.08,1032445,229,卖盘
1392,10:39:37,45.09,974076,216,买盘
1393,10:39:40,45.09,1375475,305,卖盘
1394,10:39:43,45.11,45105,10,买盘
1395,10:39:46,45.09,175870,39,卖盘
1396,10:39:49,45.09,85671,19,卖盘
1397,10:39:52,45.11,712705,158,买盘
1398,10:39:55,45.11,604471,134,买盘
1399,10:39:58,45.12,541437,120,买盘
1400,10:40:01,45.12,207586,46,卖盘
1401,10:40:04,45.12,776129,172,买盘
1402,10:40:07,45.12,40608,9,卖盘
1403,10:40:10,45.11,1141596,253,卖盘
1404,10:40:13,45.11,338374,75,卖盘
1405,10:40:16,45.11,897788,199,买盘
1406,10:40:19,45.11,130840,29,卖盘
1407,10:40:22,45.11,753260,167,买盘
1408,10:40:25,45.1,212002,47,中性盘
1409,10:40:28,45.1,279630,62,中性盘
1410,10:40:31,45.11,378904,84,买盘
1411,10:40:34,45.12,112798,25,买盘
1412,10:40:37,45.11,415051,92,卖盘
1413,10:40:40,45.09,148816,33,卖盘
1414,10:40:43,45.1,505120,112,买盘
1415,10:40:46,45.11,505228,112,买盘
1416,10:40:49,45.11,600051,133,卖盘
1417,10:40:52,45.12,135350,30,买盘
1418,10:40:55,45.11,333840,74,卖盘
1419,10:40:58,45.11,139857,31,卖盘
1420,10:41:01,45.1,216516,48,卖盘
1421,10:41:04,45.1,257070,57,卖盘
1422,10:41:07,45.11,270644,60,买盘
1423,10:41:10,45.1,239059,53,卖盘
1424,10:41:13,45.1,45100,10,买盘
1425,10:41:16,45.08,225452,50,卖盘
1426,10:41:19,45.08,338207,75,卖盘
1427,10:41:22,45.1,401374,89,买盘
1428,10:41:25,45.08,121727,27,卖盘
1429,10:41:28,45.09,40580,9,买盘
1430,10:41:31,45.08,243461,54,卖盘
1431,10:41:34,45.08,4508,1,卖盘
1432,10:41:37,45.07,423765,94,卖盘
1433,10:41:40,45.09,220941,49,买盘
1434,10:41:43,45.08,54096,12,中性盘
1435,10:41:46,45.08,67621,15,卖盘
1436,10:41:49,45.07,234420,52,卖盘
1437,10:41:52,45.08,162305,36,买盘
1438,10:41:55,45.07,360586,80,卖盘
1439,10:41:58,45.07,288477,64,卖盘
1440,10:42:01,45.07,90131,20,中性盘
1441,10:42:04,45.06,612834,136,卖盘
1442,10:42:07,45.06,247869,55,卖盘
1443,10:42:10,45.06,315439,70,买盘
1444,10:42:13,45.06,144185,32,卖盘
1445,10:42:16,45.06,234312,52,买盘
1446,10:42:19,45.05,166717,37,卖盘
1447,10:42:22,45.06,297388,66,买盘
1448,10:42:25,45.06,594743,132,买盘
1449,10:42:28,45.07,1739407,386,买盘
1450,10:42:31,45.06,374154,83,卖盘
1451,10:42:34,45.08,121709,27,买盘
1452,10:42:37,45.07,991660,220,卖盘
1453,10:42:40,45.08,13524,3,中性盘
1454,10:42:43,45.09,94681,21,买盘
1455,10:42:46,45.09,1568570,348,买盘
1456,10:42:49,45.09,423846,94,买盘
1457,10:42:52,45.09,148813,33,卖盘
1458,10:42:55,45.1,419326,93,买盘
1459,10:42:58,45.09,252519,56,中性盘
1460,10:43:01,45.1,329155,73,买盘
1461,10:43:04,45.09,189393,42,中性盘
1462,10:43:07,45.1,428416,95,买盘
1463,10:43:10,45.1,153337,34,买盘
1464,10:43:13,45.1,545679,121,买盘
1465,10:43:16,45.09,67635,15,卖盘
1466,10:43:19,45.11,1204178,267,买盘
1467,10:43:22,45.11,396986,88,买盘
1468,10:43:25,45.12,681190,151,买盘
1469,10:43:28,45.12,1028761,228,买盘
1470,10:43:31,45.13,658848,146,买盘
1471,10:43:34,45.13,713033,158,买盘
1472,10:43:37,45.14,1426394,316,买盘
1473,10:43:40,45.15,112867,25,买盘
1474,10:43:43,45.15,830760,184,买盘
1475,10:43:46,45.15,112875,25,买盘
1476,10:43:49,45.17,2022123,448,买盘
1477,10:43:52,45.17,2145571,475,买盘
1478,10:43:55,45.17,239401,53,卖盘
1479,10:43:58,45.17,822094,182,买盘
1480,10:44:01,45.14,2064686,457,卖盘
1481,10:44:04,45.15,677248,150,买盘
1482,10:44:07,45.14,731238,162,卖盘
1483,10:44:10,45.15,121900,27,买盘
1484,10:44:13,45.15,248339,55,卖盘
1485,10:44:16,45.15,108373,24,卖盘
1486,10:44:19,45.14,85778,19,卖盘
1487,10:44:22,45.14,130928,29,卖盘
1488,10:44:25,45.14,76750,17,卖盘
1489,10:44:28,45.14,158007,35,卖盘
1490,10:44:31,45.13,189565,42,卖盘
1491,10:44:34,45.13,157984,35,卖盘
1492,10:44:37,45.14,379128,84,买盘
1493,10:44:40,45.13,157925,35,买盘
1494,10:44:43,45.12,347484,77,卖盘
1495,10:44:46,45.11,148887,33,卖盘
1496,10:44:49,45.11,157913,35,卖盘
1497,10:44:52,45.11,536903,119,卖盘
1498,10:44:55,45.11,383475,85,买盘
1499,10:44:58,45.11,13534,3,卖盘
1500,10:45:01,45.12,171453,38,买盘
1501,10:45:04,45.12,157939,35,卖盘
1502,10:45:07,45.12,676879,150,卖盘
1503,10:45:10,45.12,654232,145,买盘
1504,10:45:13,45.13,257240,57,买盘
1505,10:45:16,45.13,1873057,415,买盘
1506,10:45:19,45.15,1029133,228,买盘
1507,10:45:22,45.16,510299,113,买盘
1508,10:45:25,45.16,1725419,382,卖盘
1509,10:45:28,45.17,650437,144,买盘
1510,10:45:31,45.16,13548,3,卖盘
1511,10:45:34,45.15,478680,106,卖盘
1512,10:45:37,45.16,85804,19,买盘
1513,10:45:40,45.16,998063,221,买盘
1514,10:45:43,45.17,609764,135,买盘
1515,10:45:46,45.16,167115,37,卖盘
1516,10:45:49,45.16,234856,52,卖盘
1517,10:45:52,45.16,659310,146,买盘
1518,10:45:55,45.16,379334,84,买盘
1519,10:45:58,45.14,392824,87,卖盘
1520,10:46:01,45.14,54172,12,卖盘
1521,10:46:04,45.16,573429,127,买盘
1522,10:46:07,45.16,356764,79,买盘
1523,10:46:10,45.16,248380,55,买盘
1524,10:46:13,45.16,329722,73,卖盘
1525,10:46:16,45.17,289086,64,买盘
1526,10:46:19,45.16,289121,64,卖盘
1527,10:46:22,45.17,158095,35,买盘
1528,10:46:25,45.18,63242,14,买盘
1529,10:46:28,45.16,429140,95,卖盘
1530,10:46:31,45.16,718059,159,卖盘
1531,10:46:34,45.17,691053,153,买盘
1532,10:46:37,45.16,139968,31,中性盘
1533,10:46:40,45.16,293540,65,买盘
1534,10:46:43,45.17,140003,31,买盘
1535,10:46:46,45.15,153532,34,卖盘
1536,10:46:49,45.16,130964,29,买盘
1537,10:46:52,45.15,225797,50,卖盘
1538,10:46:55,45.16,135459,30,买盘
1539,10:46:58,45.15,225786,50,卖盘
1540,10:47:01,45.16,45152,10,买盘
1541,10:47:04,45.15,99349,22,卖盘
1542,10:47:07,45.16,121932,27,买盘
1543,10:47:10,45.15,103862,23,卖盘
1544,10:47:13,45.15,85785,19,卖盘
1545,10:47:16,45.15,252813,56,买盘
1546,10:47:19,45.15,18060,4,卖盘
1547,10:47:22,45.15,248325,55,买盘
1548,10:47:25,45.15,130931,29,买盘
1549,10:47:28,45.15,225734,50,买盘
1550,10:47:31,45.15,85781,19,买盘
1551,10:47:34,45.15,176085,39,买盘
1552,10:47:37,45.15,4515,1,买盘
1553,10:47:40,45.14,311475,69,卖盘
1554,10:47:43,45.14,189588,42,卖盘
1555,10:47:46,45.14,239225,53,买盘
1556,10:47:49,45.14,45140,10,买盘
1557,10:47:52,45.14,640994,142,买盘
1558,10:47:55,45.15,523730,116,买盘
1559,10:47:58,45.13,397285,88,卖盘
1560,10:48:01,45.13,130912,29,卖盘
1561,10:48:04,45.16,1521542,337,买盘
1562,10:48:07,45.16,591571,131,买盘
1563,10:48:10,45.16,9031,2,买盘
1564,10:48:13,45.15,144500,32,卖盘
1565,10:48:16,45.15,167073,37,卖盘
1566,10:48:19,45.15,99332,22,卖盘
1567,10:48:22,45.15,1002381,222,卖盘
1568,10:48:25,45.15,194149,43,卖盘
1569,10:48:28,45.15,410944,91,卖盘
1570,10:48:31,45.15,45151,10,卖盘
1571,10:48:34,45.15,45158,10,卖盘
1572,10:48:37,45.16,943844,209,买盘
1573,10:48:40,45.17,325221,72,买盘
1574,10:48:43,45.16,40644,9,卖盘
1575,10:48:46,45.16,478697,106,卖盘
1576,10:48:49,45.17,740773,164,买盘
1577,10:48:52,45.17,158123,35,卖盘
1578,10:48:55,45.18,239453,53,买盘
1579,10:48:58,45.17,27102,6,卖盘
1580,10:49:01,45.17,252958,56,卖盘
1581,10:49:04,45.18,415629,92,买盘
1582,10:49:07,45.17,94874,21,卖盘
1583,10:49:10,45.18,763531,169,买盘
1584,10:49:13,45.18,374987,83,卖盘
1585,10:49:16,45.19,1351089,299,买盘
1586,10:49:19,45.18,135564,30,卖盘
1587,10:49:22,45.19,18076,4,买盘
1588,10:49:25,45.19,641696,142,买盘
1589,10:49:28,45.19,483486,107,买盘
1590,10:49:31,45.19,546755,121,买盘
1591,10:49:34,45.2,5920648,1310,买盘
1592,10:49:37,45.21,6274022,1388,买盘
1593,10:49:40,45.23,2247200,497,买盘
1594,10:49:43,45.2,2500460,553,卖盘
1595,10:49:46,45.21,610322,135,买盘
1596,10:49:49,45.22,330070,73,买盘
1597,10:49:52,45.22,321060,71,买盘
1598,10:49:55,45.21,637585,141,卖盘
1599,10:49:58,45.22,741549,164,买盘
1600,10:50:01,45.22,709933,157,买盘
1601,10:50:04,45.22,669322,148,卖盘
1602,10:50:07,45.21,316598,70,卖盘
1603,10:50:10,45.22,416054,92,买盘
1604,10:50:13,45.22,248709,55,买盘
1605,10:50:16,45.23,1008482,223,买盘
1606,10:50:19,45.23,221609,49,买盘
1607,10:50:22,45.22,411502,91,买盘
1608,10:50:25,45.22,357245,79,卖盘
1609,10:50:28,45.21,447606,99,卖盘
1610,10:50:31,45.2,958511,212,卖盘
1611,10:50:34,45.21,262217,58,买盘
1612,10:50:37,45.21,366195,81,买盘
1613,10:50:40,45.2,1319910,292,卖盘
1614,10:50:43,45.21,22605,5,买盘
1615,10:50:46,45.2,429487,95,中性盘
1616,10:50:49,45.19,81359,18,卖盘
1617,10:50:52,45.2,189840,42,买盘
1618,10:50:55,45.19,99436,22,卖盘
1619,10:50:58,45.19,171747,38,卖盘
1620,10:51:01,45.19,2946279,652,卖盘
1621,10:51:04,45.2,1197786,265,买盘
1622,10:51:07,45.21,601129,133,买盘
1623,10:51:10,45.2,320920,71,卖盘
1624,10:51:13,45.2,524361,116,买盘
1625,10:51:16,45.2,90419,20,卖盘
1626,10:51:19,45.2,872446,193,卖盘
1627,10:51:22,45.21,239584,53,买盘
1628,10:51:25,45.2,221480,49,买盘
1629,10:51:28,45.2,85875,19,买盘
1630,10:51:31,45.19,76836,17,卖盘
1631,10:51:34,45.19,244056,54,卖盘
1632,10:51:37,45.19,397726,88,卖盘
1633,10:51:40,45.19,411280,91,卖盘
1634,10:51:43,45.19,343443,76,买盘
1635,10:51:46,45.18,40662,9,卖盘
1636,10:51:49,45.18,185255,41,卖盘
1637,10:51:52,45.18,140079,31,卖盘
1638,10:51:55,45.18,406675,90,卖盘
1639,10:51:58,45.18,361500,80,卖盘
1640,10:52:01,45.18,117468,26,卖盘
1641,10:52:04,45.19,262087,58,买盘
1642,10:52:07,45.18,4518,1,中性盘
1643,10:52:10,45.19,90380,20,买盘
1644,10:52:13,45.18,81329,18,卖盘
1645,10:52:16,45.18,275592,61,卖盘
1646,10:52:19,45.18,271059,60,买盘
1647,10:52:22,45.17,329799,73,卖盘
1648,10:52:25,45.17,135510,30,卖盘
1649,10:52:28,45.16,537579,119,卖盘
1650,10:52:31,45.17,406568,90,卖盘
1651,10:52:34,45.18,131021,29,买盘
1652,10:52:37,45.19,221365,49,买盘
1653,10:52:40,45.19,605531,134,买盘
1654,10:52:43,45.19,903789,200,买盘
1655,10:52:46,45.2,1152541,255,买盘
1656,10:52:49,45.23,3495344,773,买盘
1657,10:52:52,45.23,316611,70,买盘
1658,10:52:55,45.23,1424699,315,卖盘
1659,10:52:58,45.23,1067391,236,卖盘
1660,10:53:01,45.23,203530,45,买盘
1661,10:53:04,45.23,511093,113,买盘
1662,10:53:07,45.22,565371,125,卖盘
1663,10:53:10,45.23,565369,125,买盘
1664,10:53:13,45.23,81414,18,买盘
1665,10:53:16,45.23,330186,73,买盘
1666,10:53:19,45.23,615124,136,买盘
1667,10:53:22,45.23,493030,109,卖盘
1668,10:53:25,45.22,881940,195,卖盘
1669,10:53:28,45.22,158286,35,卖盘
1670,10:53:31,45.22,388907,86,卖盘
1671,10:53:34,45.23,483931,107,买盘
1672,10:53:37,45.21,343679,76,卖盘
1673,10:53:40,45.21,700819,155,卖盘
1674,10:53:43,45.21,113025,25,卖盘
1675,10:53:46,45.21,614869,136,卖盘
1676,10:53:49,45.19,619227,137,卖盘
1677,10:53:52,45.21,483604,107,买盘
1678,10:53:55,45.2,180800,40,卖盘
1679,10:53:58,45.2,330018,73,卖盘
1680,10:54:01,45.2,429444,95,卖盘
1681,10:54:04,45.2,262173,58,卖盘
1682,10:54:07,45.2,239530,53,买盘
1683,10:54:10,45.19,244059,54,卖盘
1684,10:54:13,45.19,216872,48,卖盘
1685,10:54:16,45.16,411123,91,卖盘
1686,10:54:19,45.17,176142,39,卖盘
1687,10:54:22,45.18,406662,90,中性盘
1688,10:54:25,45.17,194234,43,卖盘
1689,10:54:28,45.18,293655,65,买盘
1690,10:54:31,45.18,167134,37,买盘
1691,10:54:34,45.18,239493,53,卖盘
1692,10:54:37,45.19,352460,78,买盘
1693,10:54:40,45.19,230460,51,买盘
1694,10:54:43,45.17,158097,35,卖盘
1695,10:54:46,45.18,94874,21,买盘
1696,10:54:49,45.17,135532,30,卖盘
1697,10:54:52,45.17,27102,6,卖盘
1698,10:54:55,45.17,207820,46,卖盘
1699,10:54:58,45.17,27102,6,卖盘
1700,10:55:01,45.17,524035,116,卖盘
1701,10:55:04,45.17,492389,109,卖盘
1702,10:55:07,45.17,528539,117,卖盘
1703,10:55:10,45.16,203228,45,卖盘
1704,10:55:13,45.16,438052,97,买盘
1705,10:55:16,45.17,1490302,330,买盘
1706,10:55:19,45.17,162595,36,买盘
1707,10:55:22,45.19,858313,190,买盘
1708,10:55:25,45.18,212340,47,卖盘
1709,10:55:28,45.19,573912,127,买盘
1710,10:55:31,45.2,1021406,226,买盘
1711,10:55:34,45.2,876922,194,卖盘
1712,10:55:37,45.2,375165,83,卖盘
1713,10:55:40,45.18,36151,8,卖盘
1714,10:55:43,45.19,253060,56,买盘
1715,10:55:46,45.2,27115,6,买盘
1716,10:55:49,45.2,235040,52,买盘
1717,10:55:52,45.18,144594,32,卖盘
1718,10:55:55,45.17,185247,41,卖盘
1719,10:55:58,45.17,76801,17,卖盘
1720,10:56:01,45.17,329759,73,卖盘
1721,10:56:04,45.17,171675,38,卖盘
1722,10:56:07,45.17,659621,146,卖盘
1723,10:56:10,45.18,542160,120,买盘
1724,10:56:13,45.19,542290,120,买盘
1725,10:56:16,45.2,827119,183,买盘
1726,10:56:19,45.21,470142,104,买盘
1727,10:56:22,45.21,221509,49,买盘
1728,10:56:25,45.21,732396,162,买盘
1729,10:56:28,45.21,185361,41,买盘
1730,10:56:31,45.21,162736,36,买盘
1731,10:56:34,45.21,135630,30,买盘
1732,10:56:37,45.21,131098,29,买盘
1733,10:56:40,45.2,49720,11,卖盘
1734,10:56:43,45.21,54251,12,买盘
1735,10:56:46,45.2,700610,155,卖盘
1736,10:56:49,45.2,1044189,231,卖盘
1737,10:56:55,45.19,569465,126,卖盘
1738,10:56:58,45.19,203355,45,卖盘
1739,10:57:01,45.19,167202,37,买盘
1740,10:57:04,45.18,307224,68,卖盘
1741,10:57:07,45.17,302668,67,卖盘
1742,10:57:10,45.18,411128,91,买盘
1743,10:57:13,45.17,58724,13,卖盘
1744,10:57:16,45.18,266525,59,买盘
1745,10:57:22,45.18,1084309,240,买盘
1746,10:57:25,45.18,596339,132,卖盘
1747,10:57:28,45.18,393049,87,买盘
1748,10:57:31,45.18,72290,16,卖盘
1749,10:57:34,45.19,90380,20,买盘
1750,10:57:37,45.18,135566,30,卖盘
1751,10:57:40,45.19,198819,44,买盘
1752,10:57:43,45.19,271099,60,买盘
1753,10:57:46,45.19,578432,128,买盘
1754,10:57:49,45.19,1134269,251,买盘
1755,10:57:52,45.19,112976,25,卖盘
1756,10:57:55,45.19,515238,114,卖盘
1757,10:57:58,45.2,863292,191,买盘
1758,10:58:01,45.2,958158,212,买盘
1759,10:58:04,45.2,940152,208,卖盘
1760,10:58:07,45.21,1207107,267,买盘
1761,10:58:10,45.21,189862,42,买盘
1762,10:58:13,45.21,646569,143,卖盘
1763,10:58:16,45.21,72336,16,卖盘
1764,10:58:19,45.21,312007,69,卖盘
1765,10:58:22,45.21,714452,158,卖盘
1766,10:58:25,45.21,1162089,257,卖盘
1767,10:58:28,45.22,1234492,273,买盘
1768,10:58:31,45.21,945058,209,卖盘
1769,10:58:34,45.21,262197,58,买盘
1770,10:58:37,45.2,81372,18,卖盘
1771,10:58:40,45.21,207966,46,买盘
1772,10:58:43,45.2,40680,9,卖盘
1773,10:58:46,45.21,67815,15,买盘
1774,10:58:49,45.2,216979,48,卖盘
1775,10:58:52,45.21,339058,75,买盘
1776,10:58:55,45.2,253164,56,卖盘
1777,10:58:58,45.2,244083,54,卖盘
1778,10:59:01,45.2,700752,155,卖盘
1779,10:59:04,45.21,1121211,248,买盘
1780,10:59:07,45.22,293912,65,买盘
1781,10:59:10,45.22,3169949,701,买盘
1782,10:59:13,45.23,1221196,270,买盘
1783,10:59:16,45.23,949831,210,买盘
1784,10:59:19,45.24,741932,164,买盘
1785,10:59:22,45.24,999803,221,买盘
1786,10:59:25,45.25,538417,119,买盘
1787,10:59:28,45.25,285060,63,买盘
1788,10:59:31,45.25,877849,194,买盘
1789,10:59:34,45.25,303175,67,买盘
1790,10:59:37,45.24,2203665,487,卖盘
1791,10:59:40,45.24,696696,154,卖盘
1792,10:59:43,45.25,515843,114,买盘
1793,10:59:46,45.24,416277,92,卖盘
1794,10:59:49,45.26,4407831,974,买盘
1795,10:59:52,45.27,1625153,359,买盘
1796,10:59:55,45.28,484366,107,买盘
1797,10:59:58,45.27,185643,41,卖盘
1798,11:00:01,45.28,842206,186,买盘
1799,11:00:04,45.29,1593866,352,买盘
1800,11:00:07,45.28,1295059,286,卖盘
1801,11:00:10,45.28,371315,82,买盘
1802,11:00:13,45.28,1195405,264,买盘
1803,11:00:16,45.27,190148,42,卖盘
1804,11:00:19,45.28,941628,208,买盘
1805,11:00:22,45.27,642910,142,卖盘
1806,11:00:25,45.26,325905,72,卖盘
1807,11:00:28,45.26,384773,85,卖盘
1808,11:00:31,45.26,742342,164,卖盘
1809,11:00:34,45.26,638171,141,卖盘
1810,11:00:37,45.27,1357842,300,买盘
1811,11:00:40,45.25,149323,33,卖盘
1812,11:00:43,45.24,565620,125,卖盘
1813,11:00:46,45.24,375500,83,卖盘
1814,11:00:49,45.23,814154,180,卖盘
1815,11:00:52,45.23,1175791,260,买盘
1816,11:00:55,45.23,208064,46,中性盘
1817,11:00:58,45.23,226140,50,买盘
1818,11:01:01,45.22,470370,104,卖盘
1819,11:01:04,45.22,104002,23,买盘
1820,11:01:07,45.22,153748,34,买盘
1821,11:01:10,45.21,171823,38,卖盘
1822,11:01:13,45.2,94950,21,卖盘
1823,11:01:16,45.19,628285,139,卖盘
1824,11:01:19,45.19,343413,76,买盘
1825,11:01:22,45.19,85848,19,买盘
1826,11:01:25,45.18,280160,62,卖盘
1827,11:01:28,45.18,519671,115,卖盘
1828,11:01:31,45.17,4291362,950,卖盘
1829,11:01:34,45.2,451988,100,买盘
1830,11:01:37,45.22,809438,179,买盘
1831,11:01:40,45.23,375408,83,买盘
1832,11:01:43,45.24,949844,210,买盘
1833,11:01:46,45.24,348318,77,买盘
1834,11:01:49,45.23,262361,58,卖盘
1835,11:01:52,45.23,316610,70,买盘
1836,11:01:55,45.22,479359,106,卖盘
1837,11:01:58,45.22,203495,45,卖盘
1838,11:02:01,45.22,271326,60,卖盘
1839,11:02:04,45.21,284804,63,中性盘
1840,11:02:07,45.2,510787,113,卖盘
1841,11:02:10,45.19,479059,106,卖盘
1842,11:02:13,45.19,49709,11,卖盘
1843,11:02:16,45.19,741266,164,卖盘
1844,11:02:19,45.2,171734,38,买盘
1845,11:02:22,45.21,1550376,343,买盘
1846,11:02:25,45.21,289344,64,买盘
1847,11:02:28,45.21,27121,6,买盘
1848,11:02:31,45.2,302885,67,卖盘
1849,11:02:34,45.2,144666,32,卖盘
1850,11:02:37,45.21,1026180,227,买盘
1851,11:02:40,45.19,777472,172,卖盘
1852,11:02:43,45.2,488241,108,卖盘
1853,11:02:46,45.2,176280,39,买盘
1854,11:02:49,45.19,36152,8,卖盘
1855,11:02:52,45.2,162710,36,买盘
1856,11:02:55,45.19,411247,91,卖盘
1857,11:02:58,45.19,542371,120,卖盘
1858,11:03:01,45.19,759272,168,卖盘
1859,11:03:04,45.2,262101,58,买盘
1860,11:03:07,45.19,18076,4,卖盘
1861,11:03:10,45.19,112993,25,卖盘
1862,11:03:13,45.2,117520,26,买盘
1863,11:03:16,45.18,1007593,223,卖盘
1864,11:03:19,45.18,158143,35,卖盘
1865,11:03:22,45.18,320776,71,买盘
1866,11:03:25,45.18,284635,63,买盘
1867,11:03:28,45.18,31626,7,卖盘
1868,11:03:31,45.18,167197,37,卖盘
1869,11:03:34,45.18,22594,5,卖盘
1870,11:03:37,45.18,329833,73,卖盘
1871,11:03:40,45.18,3880138,859,买盘
1872,11:03:43,45.17,112929,25,卖盘
1873,11:03:46,45.18,162633,36,买盘
1874,11:03:49,45.18,167155,37,买盘
1875,11:03:52,45.17,253002,56,卖盘
1876,11:03:55,45.18,984896,218,买盘
1877,11:03:58,45.17,49691,11,卖盘
1878,11:04:01,45.17,804112,178,卖盘
1879,11:04:04,45.18,90349,20,买盘
1880,11:04:07,45.18,645998,143,买盘
1881,11:04:10,45.16,153544,34,卖盘
1882,11:04:13,45.16,365850,81,卖盘
1883,11:04:16,45.16,1165128,258,卖盘
1884,11:04:19,45.15,573507,127,卖盘
1885,11:04:22,45.16,230310,51,买盘
1886,11:04:25,45.16,474150,105,买盘
1887,11:04:28,45.15,58704,13,卖盘
1888,11:04:31,45.15,49670,11,卖盘
1889,11:04:34,45.15,1620925,359,卖盘
1890,11:04:37,45.17,11968383,2647,买盘
1891,11:04:40,45.19,686810,152,买盘
1892,11:04:43,45.2,1667695,369,买盘
1893,11:04:46,45.2,1378558,305,卖盘
1894,11:04:49,45.19,483514,107,买盘
1895,11:04:52,45.2,140112,31,买盘
1896,11:04:55,45.19,714133,158,卖盘
1897,11:04:58,45.17,207845,46,卖盘
1898,11:05:01,45.19,140048,31,买盘
1899,11:05:04,45.16,225873,50,卖盘
1900,11:05:07,45.18,153579,34,买盘
1901,11:05:10,45.16,198704,44,卖盘
1902,11:05:13,45.16,4516,1,卖盘
1903,11:05:16,45.17,117440,26,买盘
1904,11:05:19,45.17,162608,36,买盘
1905,11:05:22,45.18,682065,151,买盘
1906,11:05:25,45.18,198784,44,买盘
1907,11:05:28,45.18,379494,84,买盘
1908,11:05:31,45.17,31619,7,中性盘
1909,11:05:34,45.17,171674,38,卖盘
1910,11:05:37,45.17,307204,68,卖盘
1911,11:05:40,45.18,939765,208,买盘
1912,11:05:43,45.19,397676,88,买盘
1913,11:05:46,45.21,524385,116,买盘
1914,11:05:49,45.21,262230,58,卖盘
1915,11:05:52,45.22,1288710,285,买盘
1916,11:05:55,45.24,1130713,250,买盘
1917,11:05:58,45.24,194514,43,买盘
1918,11:06:01,45.21,605937,134,卖盘
1919,11:06:04,45.21,1152930,255,卖盘
1920,11:06:07,45.21,302888,67,卖盘
1921,11:06:10,45.21,922164,204,买盘
1922,11:06:13,45.19,194337,43,卖盘
1923,11:06:16,45.19,578537,128,买盘
1924,11:06:19,45.18,221371,49,卖盘
1925,11:06:22,45.2,357011,79,买盘
1926,11:06:25,45.19,158194,35,卖盘
1927,11:06:28,45.2,492779,109,中性盘
1928,11:06:31,45.21,144663,32,中性盘
1929,11:06:34,45.21,230571,51,中性盘
1930,11:06:37,45.21,140151,31,买盘
1931,11:06:40,45.21,302925,67,卖盘
1932,11:06:43,45.22,1189277,263,买盘
1933,11:06:46,45.23,967888,214,买盘
1934,11:06:49,45.23,185438,41,买盘
1935,11:06:52,45.22,334695,74,卖盘
1936,11:06:55,45.23,683021,151,买盘
1937,11:06:58,45.23,425160,94,买盘
1938,11:07:01,45.23,474960,105,卖盘
1939,11:07:04,45.23,316656,70,卖盘
1940,11:07:07,45.23,1429375,316,卖盘
1941,11:07:10,45.21,262273,58,卖盘
1942,11:07:13,45.22,461243,102,买盘
1943,11:07:16,45.21,144691,32,卖盘
1944,11:07:19,45.21,651058,144,卖盘
1945,11:07:22,45.21,76857,17,卖盘
1946,11:07:25,45.2,235048,52,卖盘
1947,11:07:28,45.2,113000,25,买盘
1948,11:07:31,45.19,234988,52,卖盘
1949,11:07:34,45.23,1867510,413,买盘
1950,11:07:37,45.2,113000,25,买盘
1951,11:07:40,45.21,623828,138,买盘
1952,11:07:43,45.21,185349,41,卖盘
1953,11:07:46,45.2,9040,2,卖盘
1954,11:07:49,45.2,81360,18,卖盘
1955,11:07:52,45.21,94935,21,买盘
1956,11:07:55,45.2,424839,94,买盘
1957,11:07:58,45.19,275692,61,卖盘
1958,11:08:01,45.19,293788,65,卖盘
1959,11:08:04,45.19,1003223,222,卖盘
1960,11:08:07,45.2,795428,176,买盘
1961,11:08:10,45.18,85853,19,卖盘
1962,11:08:13,45.18,180720,40,卖盘
1963,11:08:16,45.19,171722,38,买盘
1964,11:08:19,45.19,45186,10,买盘
1965,11:08:22,45.18,262097,58,卖盘
1966,11:08:25,45.19,1066470,236,买盘
1967,11:08:28,45.19,465429,103,买盘
1968,11:08:31,45.17,582762,129,卖盘
1969,11:08:34,45.16,492319,109,卖盘
1970,11:08:37,45.16,158078,35,卖盘
1971,11:08:40,45.17,257457,57,买盘
1972,11:08:43,45.17,4517,1,买盘
1973,11:08:46,45.16,654820,145,卖盘
1974,11:08:49,45.16,700093,155,卖盘
1975,11:08:52,45.16,289024,64,买盘
1976,11:08:55,45.17,401984,89,买盘
1977,11:08:58,45.16,293584,65,卖盘
1978,11:09:01,45.15,81270,18,卖盘
1979,11:09:04,45.16,424544,94,买盘
1980,11:09:07,45.17,528467,117,买盘
1981,11:09:10,45.18,293670,65,买盘
1982,11:09:13,45.17,469866,104,卖盘
1983,11:09:16,45.18,415656,92,买盘
1984,11:09:19,45.18,13554,3,买盘
1985,11:09:22,45.17,316211,70,卖盘
1986,11:09:25,45.18,221382,49,买盘
1987,11:09:28,45.18,239454,53,买盘
1988,11:09:31,45.18,253008,56,买盘
1989,11:09:34,45.18,320777,71,买盘
1990,11:09:37,45.18,564750,125,买盘
1991,11:09:40,45.18,221382,49,买盘
1992,11:09:43,45.17,338833,75,卖盘
1993,11:09:46,45.18,442764,98,买盘
1994,11:09:49,45.19,216908,48,买盘
1995,11:09:52,45.18,569344,126,卖盘
1996,11:09:55,45.18,799736,177,卖盘
1997,11:09:58,45.18,40666,9,卖盘
1998,11:10:01,45.18,402152,89,卖盘
1999,11:10:04,45.17,465262,103,卖盘
2000,11:10:07,45.17,384014,85,卖盘
2001,11:10:10,45.17,478814,106,卖盘
2002,11:10:13,45.18,248489,55,买盘
2003,11:10:16,45.17,636897,141,卖盘
2004,11:10:19,45.18,655031,145,买盘
2005,11:10:22,45.17,54204,12,卖盘
2006,11:10:25,45.17,194226,43,买盘
2007,11:10:28,45.16,94842,21,卖盘
2008,11:10:31,45.15,180622,40,卖盘
2009,11:10:34,45.16,302572,67,买盘
2010,11:10:37,45.15,153526,34,卖盘
2011,11:10:40,45.16,121932,27,买盘
2012,11:10:43,45.15,284495,63,卖盘
2013,11:10:46,45.16,126446,28,买盘
2014,11:10:49,45.16,103867,23,买盘
2015,11:10:52,45.16,99351,22,买盘
2016,11:10:55,45.16,573447,127,买盘
2017,11:10:58,45.16,311554,69,买盘
2018,11:11:01,45.16,365782,81,买盘
2019,11:11:04,45.15,198670,44,卖盘
2020,11:11:07,45.15,230308,51,卖盘
2021,11:11:10,45.15,1693125,375,卖盘
2022,11:11:13,45.15,952847,211,卖盘
2023,11:11:16,45.15,550842,122,卖盘
2024,11:11:19,45.16,456104,101,买盘
2025,11:11:22,45.16,401908,89,买盘
2026,11:11:25,45.17,3288000,728,买盘
2027,11:11:28,45.18,1527092,338,买盘
2028,11:11:31,45.17,451805,100,卖盘
2029,11:11:34,45.18,908182,201,中性盘
2030,11:11:37,45.18,31626,7,买盘
2031,11:11:40,45.18,72277,16,买盘
2032,11:11:43,45.17,126478,28,卖盘
2033,11:11:46,45.17,153601,34,卖盘
2034,11:11:49,45.17,605296,134,卖盘
2035,11:11:52,45.16,871677,193,卖盘
2036,11:11:55,45.17,13551,3,买盘
2037,11:11:58,45.16,81285,18,中性盘
2038,11:12:01,45.15,243833,54,卖盘
2039,11:12:04,45.16,370263,82,买盘
2040,11:12:07,45.16,248380,55,买盘
2041,11:12:10,45.16,18064,4,卖盘
2042,11:12:13,45.17,542083,120,买盘
2043,11:12:16,45.17,456262,101,卖盘
2044,11:12:19,45.18,45180,10,买盘
2045,11:12:22,45.18,198792,44,买盘
2046,11:12:25,45.18,230409,51,买盘
2047,11:12:28,45.17,176188,39,卖盘
2048,11:12:31,45.17,207785,46,卖盘
2049,11:12:34,45.18,280078,62,买盘
2050,11:12:37,45.18,103914,23,买盘
2051,11:12:40,45.18,510534,113,买盘
2052,11:12:43,45.18,266537,59,买盘
2053,11:12:46,45.17,45170,10,卖盘
2054,11:12:49,45.17,1662409,368,卖盘
2055,11:12:52,45.17,573769,127,卖盘
2056,11:12:55,45.17,650522,144,卖盘
2057,11:12:58,45.17,1558675,345,卖盘
2058,11:13:01,45.17,67758,15,卖盘
2059,11:13:04,45.17,433726,96,卖盘
2060,11:13:07,45.17,108429,24,卖盘
2061,11:13:10,45.17,162616,36,买盘
2062,11:13:13,45.17,180680,40,买盘
2063,11:13:16,45.17,94841,21,买盘
2064,11:13:19,45.17,58721,13,买盘
2065,11:13:22,45.17,216806,48,买盘
2066,11:13:25,45.17,72272,16,买盘
2067,11:13:28,45.17,528483,117,买盘
2068,11:13:31,45.16,54196,12,卖盘
2069,11:13:34,45.17,198748,44,买盘
2070,11:13:37,45.17,162596,36,买盘
2071,11:13:40,45.17,126476,28,买盘
2072,11:13:43,45.17,144544,32,买盘
2073,11:13:46,45.16,189697,42,卖盘
2074,11:13:49,45.16,9032,2,卖盘
2075,11:13:52,45.16,212280,47,卖盘
2076,11:13:55,45.16,72257,16,卖盘
2077,11:13:58,45.16,99353,22,卖盘
2078,11:14:01,45.17,3497145,774,买盘
2079,11:14:04,45.2,1296900,287,买盘
2080,11:14:07,45.2,533301,118,买盘
2081,11:14:10,45.18,108437,24,卖盘
2082,11:14:13,45.19,117485,26,买盘
2083,11:14:16,45.18,411206,91,卖盘
2084,11:14:19,45.19,122003,27,买盘
2085,11:14:22,45.18,13555,3,卖盘
2086,11:14:25,45.18,230436,51,卖盘
2087,11:14:28,45.18,72280,16,买盘
2088,11:14:31,45.18,76806,17,买盘
2089,11:14:34,45.18,36143,8,买盘
2090,11:14:37,45.18,262044,58,买盘
2091,11:14:40,45.18,759019,168,买盘
2092,11:14:43,45.18,207849,46,卖盘
2093,11:14:49,45.18,501562,111,卖盘
2094,11:14:52,45.19,99418,22,买盘
2095,11:14:55,45.18,162678,36,卖盘
2096,11:14:58,45.19,140081,31,买盘
2097,11:15:01,45.19,207860,46,买盘
2098,11:15:04,45.19,13555,3,买盘
2099,11:15:07,45.19,212384,47,买盘
2100,11:15:10,45.18,338877,75,卖盘
2101,11:15:13,45.18,284637,63,卖盘
2102,11:15:16,45.18,496982,110,卖盘
2103,11:15:19,45.17,266538,59,卖盘
2104,11:15:22,45.16,636964,141,卖盘
2105,11:15:25,45.17,207816,46,中性盘
2106,11:15:28,45.17,393045,87,卖盘
2107,11:15:31,45.19,388565,86,买盘
2108,11:15:34,45.19,777236,172,买盘
2109,11:15:37,45.19,718521,159,买盘
2110,11:15:40,45.19,81342,18,卖盘
2111,11:15:43,45.2,994400,220,买盘
2112,11:15:46,45.21,501854,111,买盘
2113,11:15:49,45.22,266784,59,买盘
2114,11:15:52,45.23,407047,90,买盘
2115,11:15:55,45.22,58793,13,卖盘
2116,11:15:58,45.23,1696125,375,买盘
2117,11:16:01,45.23,1098946,243,买盘
2118,11:16:04,45.22,293978,65,卖盘
2119,11:16:07,45.23,76884,17,买盘
2120,11:16:10,45.22,18088,4,卖盘
2121,11:16:13,45.22,275865,61,卖盘
2122,11:16:16,45.23,293989,65,买盘
2123,11:16:19,45.23,194489,43,买盘
2124,11:16:22,45.22,651189,144,卖盘
2125,11:16:25,45.22,339199,75,卖盘
2126,11:16:28,45.22,212495,47,买盘
2127,11:16:31,45.21,117562,26,卖盘
2128,11:16:34,45.2,280308,62,卖盘
2129,11:16:37,45.21,167276,37,买盘
2130,11:16:40,45.21,103974,23,买盘
2131,11:16:43,45.2,280242,62,卖盘
2132,11:16:49,45.21,176306,39,买盘
2133,11:16:52,45.2,348060,77,卖盘
2134,11:16:55,45.21,203442,45,买盘
2135,11:16:58,45.2,207959,46,卖盘
2136,11:17:01,45.21,248653,55,买盘
2137,11:17:04,45.21,131108,29,买盘
2138,11:17:07,45.2,370721,82,卖盘
2139,11:17:10,45.22,492842,109,买盘
2140,11:17:13,45.21,438590,97,卖盘
2141,11:17:16,45.21,316528,70,卖盘
2142,11:17:19,45.21,117568,26,卖盘
2143,11:17:22,45.21,235122,52,卖盘
2144,11:17:25,45.21,872664,193,卖盘
2145,11:17:28,45.24,3147742,696,买盘
2146,11:17:31,45.23,1013261,224,中性盘
2147,11:17:34,45.23,357325,79,买盘
2148,11:17:37,45.24,180936,40,买盘
2149,11:17:40,45.24,140214,31,买盘
2150,11:17:43,45.24,646932,143,买盘
2151,11:17:46,45.25,1171752,259,买盘
2152,11:17:49,45.25,1443245,319,买盘
2153,11:17:52,45.23,230720,51,卖盘
2154,11:17:55,45.23,637875,141,卖盘
2155,11:17:58,45.23,854815,189,卖盘
2156,11:18:01,45.22,339142,75,卖盘
2157,11:18:04,45.21,72337,16,卖盘
2158,11:18:07,45.21,637540,141,卖盘
2159,11:18:10,45.21,2553906,565,卖盘
2160,11:18:13,45.21,524436,116,买盘
2161,11:18:16,45.21,185397,41,卖盘
2162,11:18:19,45.21,85913,19,卖盘
2163,11:18:22,45.21,624003,138,卖盘
2164,11:18:25,45.21,443146,98,卖盘
2165,11:18:28,45.22,1713825,379,买盘
2166,11:18:31,45.23,642229,142,买盘
2167,11:18:34,45.22,140210,31,卖盘
2168,11:18:37,45.23,850345,188,买盘
2169,11:18:40,45.25,1040575,230,买盘
2170,11:18:43,45.24,1176478,260,卖盘
2171,11:18:46,45.25,932125,206,买盘
2172,11:18:49,45.24,402706,89,卖盘
2173,11:18:52,45.24,117628,26,卖盘
2174,11:18:55,45.23,1723643,381,卖盘
2175,11:18:58,45.23,832386,184,卖盘
2176,11:19:01,45.23,411593,91,卖盘
2177,11:19:04,45.22,1587279,351,卖盘
2178,11:19:07,45.22,1858564,411,卖盘
2179,11:19:10,45.22,2713494,600,卖盘
2180,11:19:13,45.21,198934,44,卖盘
2181,11:19:16,45.22,813932,180,买盘
2182,11:19:19,45.24,3369617,745,买盘
2183,11:19:22,45.24,791866,175,卖盘
2184,11:19:25,45.25,882369,195,买盘
2185,11:19:28,45.25,371110,82,卖盘
2186,11:19:31,45.25,610999,135,卖盘
2187,11:19:34,45.25,271530,60,卖盘
2188,11:19:37,45.25,325818,72,卖盘
2189,11:19:40,45.25,149325,33,卖盘
2190,11:19:43,45.24,144773,32,卖盘
2191,11:19:46,45.24,465986,103,卖盘
2192,11:19:49,45.24,31668,7,卖盘
2193,11:19:52,45.23,1030892,228,卖盘
2194,11:19:55,45.22,565229,125,中性盘
2195,11:19:58,45.23,257811,57,中性盘
2196,11:20:01,45.22,384333,85,中性盘
2197,11:20:04,45.22,149220,33,买盘
2198,11:20:07,45.22,76877,17,卖盘
2199,11:20:10,45.23,94981,21,买盘
2200,11:20:13,45.23,230654,51,买盘
2201,11:20:16,45.22,316579,70,卖盘
2202,11:20:19,45.22,470285,104,买盘
2203,11:20:22,45.22,402487,89,买盘
2204,11:20:25,45.23,104027,23,买盘
2205,11:20:28,45.22,298513,66,卖盘
2206,11:20:31,45.22,49747,11,卖盘
2207,11:20:34,45.23,140206,31,买盘
2208,11:20:37,45.23,185409,41,买盘
2209,11:20:40,45.22,176358,39,卖盘
2210,11:20:43,45.23,302984,67,买盘
2211,11:20:46,45.22,456746,101,卖盘
2212,11:20:49,45.22,321032,71,买盘
2213,11:20:52,45.21,203445,45,卖盘
2214,11:20:55,45.21,578803,128,卖盘
2215,11:20:58,45.22,72342,16,买盘
2216,11:21:01,45.21,316496,70,卖盘
2217,11:21:04,45.21,465719,103,卖盘
2218,11:21:07,45.2,438546,97,卖盘
2219,11:21:10,45.2,230526,51,卖盘
2220,11:21:13,45.19,67786,15,卖盘
2221,11:21:16,45.19,180760,40,卖盘
2222,11:21:22,45.18,564841,125,卖盘
2223,11:21:25,45.19,234983,52,买盘
2224,11:21:28,45.19,18073,4,买盘
2225,11:21:31,45.19,90363,20,买盘
2226,11:21:34,45.18,307290,68,卖盘
2227,11:21:37,45.18,40664,9,卖盘
2228,11:21:40,45.19,325368,72,买盘
2229,11:21:43,45.19,555198,123,买盘
2230,11:21:46,45.19,1102796,244,卖盘
2231,11:21:49,45.2,515278,114,买盘
2232,11:21:52,45.21,664456,147,买盘
2233,11:21:55,45.2,330024,73,卖盘
2234,11:21:58,45.2,632938,140,卖盘
2235,11:22:01,45.21,22602,5,买盘
2236,11:22:04,45.2,248640,55,卖盘
2237,11:22:07,45.21,379744,84,买盘
2238,11:22:10,45.21,547034,121,买盘
2239,11:22:13,45.22,203468,45,买盘
2240,11:22:16,45.21,22605,5,卖盘
2241,11:22:19,45.21,425046,94,卖盘
2242,11:22:22,45.21,832026,184,卖盘
2243,11:22:25,45.21,167287,37,买盘
2244,11:22:28,45.21,212508,47,卖盘
2245,11:22:31,45.21,275825,61,卖盘
2246,11:22:34,45.22,208012,46,买盘
2247,11:22:37,45.21,4521,1,卖盘
2248,11:22:40,45.21,40692,9,卖盘
2249,11:22:43,45.21,85900,19,卖盘
2250,11:22:46,45.21,58779,13,卖盘
2251,11:22:49,45.21,388806,86,卖盘
2252,11:22:52,45.2,393312,87,卖盘
2253,11:22:55,45.2,36166,8,卖盘
2254,11:22:58,45.2,266701,59,卖盘
2255,11:23:01,45.2,1523245,337,卖盘
2256,11:23:04,45.2,1803772,399,卖盘
2257,11:23:07,45.2,167211,37,买盘
2258,11:23:10,45.18,289199,64,卖盘
2259,11:23:13,45.18,13554,3,卖盘
2260,11:23:16,45.19,388625,86,买盘
2261,11:23:22,45.19,234965,52,买盘
2262,11:23:25,45.19,266589,59,买盘
2263,11:23:28,45.18,99410,22,卖盘
2264,11:23:31,45.18,225942,50,卖盘
2265,11:23:34,45.18,36144,8,卖盘
2266,11:23:37,45.19,180747,40,买盘
2267,11:23:40,45.18,108432,24,卖盘
2268,11:23:43,45.19,198813,44,买盘
2269,11:23:46,45.18,58734,13,卖盘
2270,11:23:49,45.19,221417,49,买盘
2271,11:23:52,45.18,63252,14,卖盘
2272,11:23:55,45.18,121986,27,卖盘
2273,11:23:58,45.18,185263,41,卖盘
2274,11:24:01,45.18,433728,96,卖盘
2275,11:24:04,45.18,2404339,532,卖盘
2276,11:24:07,45.19,610019,135,买盘
2277,11:24:10,45.2,239552,53,中性盘
2278,11:24:13,45.19,560477,124,卖盘
2279,11:24:16,45.19,144608,32,卖盘
2280,11:24:19,45.2,36160,8,买盘
2281,11:24:22,45.19,140110,31,卖盘
2282,11:24:25,45.19,49709,11,买盘
2283,11:24:28,45.19,153613,34,买盘
2284,11:24:31,45.18,207840,46,卖盘
2285,11:24:34,45.18,469894,104,卖盘
2286,11:24:37,45.18,36145,8,卖盘
2287,11:24:40,45.18,343347,76,买盘
2288,11:24:43,45.17,221360,49,卖盘
2289,11:24:46,45.17,659578,146,卖盘
2290,11:24:49,45.17,126476,28,卖盘
2291,11:24:52,45.17,460783,102,卖盘
2292,11:24:55,45.16,243890,54,卖盘
2293,11:24:58,45.17,248427,55,买盘
2294,11:25:01,45.16,167094,37,卖盘
2295,11:25:04,45.16,289067,64,卖盘
2296,11:25:07,45.16,22580,5,卖盘
2297,11:25:10,45.16,243895,54,卖盘
2298,11:25:13,45.16,40644,9,卖盘
2299,11:25:16,45.17,225815,50,买盘
2300,11:25:19,45.17,9034,2,买盘
2301,11:25:22,45.17,307121,68,买盘
2302,11:25:25,45.17,871634,193,买盘
2303,11:25:28,45.16,31612,7,卖盘
2304,11:25:31,45.16,365850,81,卖盘
2305,11:25:34,45.16,49678,11,卖盘
2306,11:25:37,45.16,189707,42,卖盘
2307,11:25:40,45.16,135484,30,卖盘
2308,11:25:43,45.15,76755,17,卖盘
2309,11:25:46,45.16,311576,69,买盘
2310,11:25:52,45.16,356736,79,买盘
2311,11:25:55,45.15,270915,60,卖盘
2312,11:25:58,45.16,862406,191,买盘
2313,11:26:01,45.15,496650,110,卖盘
2314,11:26:04,45.15,632201,140,卖盘
2315,11:26:07,45.15,8852529,1959,卖盘
2316,11:26:10,45.14,961808,213,卖盘
2317,11:26:13,45.15,2099622,465,买盘
2318,11:26:16,45.17,320671,71,买盘
2319,11:26:19,45.18,745470,165,买盘
2320,11:26:22,45.18,289207,64,卖盘
2321,11:26:25,45.19,763711,169,买盘
2322,11:26:28,45.18,4518,1,卖盘
2323,11:26:31,45.19,1025804,227,买盘
2324,11:26:34,45.17,1622012,359,卖盘
2325,11:26:37,45.17,144575,32,卖盘
2326,11:26:40,45.18,9036,2,买盘
2327,11:26:43,45.18,72273,16,买盘
2328,11:26:46,45.17,85823,19,卖盘
2329,11:26:49,45.17,239401,53,卖盘
2330,11:26:52,45.16,248404,55,卖盘
2331,11:26:55,45.16,135461,30,买盘
2332,11:26:58,45.15,257380,57,卖盘
2333,11:27:01,45.14,108342,24,卖盘
2334,11:27:04,45.14,1259688,279,卖盘
2335,11:27:07,45.15,357272,79,买盘
2336,11:27:10,45.15,40635,9,卖盘
2337,11:27:13,45.18,3261342,722,买盘
2338,11:27:16,45.19,650728,144,买盘
2339,11:27:19,45.19,343447,76,卖盘
2340,11:27:22,45.18,469972,104,卖盘
2341,11:27:25,45.18,45185,10,卖盘
2342,11:27:28,45.18,4834277,1070,卖盘
2343,11:27:31,45.17,1400570,310,卖盘
2344,11:27:34,45.16,121964,27,卖盘
2345,11:27:37,45.17,582716,129,买盘
2346,11:27:40,45.17,63238,14,买盘
2347,11:27:43,45.17,194218,43,买盘
2348,11:27:46,45.15,76770,17,卖盘
2349,11:27:49,45.17,325141,72,买盘
2350,11:27:52,45.16,284476,63,买盘
2351,11:27:55,45.15,76756,17,卖盘
2352,11:27:58,45.16,578047,128,买盘
2353,11:28:01,45.17,5874739,1300,买盘
2354,11:28:04,45.18,776970,172,买盘
2355,11:28:07,45.2,687039,152,买盘
2356,11:28:10,45.2,18080,4,卖盘
2357,11:28:13,45.21,501824,111,买盘
2358,11:28:19,45.21,176312,39,买盘
2359,11:28:22,45.2,293862,65,卖盘
2360,11:28:25,45.19,1342436,297,卖盘
2361,11:28:28,45.17,334439,74,卖盘
2362,11:28:31,45.16,438328,97,卖盘
2363,11:28:34,45.2,601002,133,买盘
2364,11:28:37,45.19,112998,25,卖盘
2365,11:28:40,45.2,171757,38,买盘
2366,11:28:43,45.19,153670,34,卖盘
2367,11:28:46,45.2,153705,34,卖盘
2368,11:28:49,45.2,194371,43,卖盘
2369,11:28:52,45.21,76857,17,买盘
2370,11:28:55,45.2,4520,1,卖盘
2371,11:28:58,45.2,81377,18,卖盘
2372,11:29:01,45.2,117519,26,卖盘
2373,11:29:04,45.19,465524,103,卖盘
2374,11:29:07,45.18,85843,19,卖盘
2375,11:29:10,45.17,578202,128,卖盘
2376,11:29:13,45.19,176241,39,买盘
2377,11:29:16,45.17,13551,3,中性盘
2378,11:29:19,45.19,185276,41,买盘
2379,11:29:22,45.19,90380,20,买盘
2380,11:29:31,45.18,171703,38,买盘
2381,11:29:34,45.18,198794,44,买盘
2382,11:29:37,45.19,180755,40,买盘
2383,11:29:40,45.18,13554,3,卖盘
2384,11:29:43,45.18,216888,48,卖盘
2385,11:29:46,45.18,90360,20,卖盘
2386,11:29:49,45.19,85861,19,买盘
2387,11:29:52,45.19,153646,34,买盘
2388,11:29:55,45.19,103921,23,买盘
2389,11:29:58,45.18,149099,33,卖盘
2390,11:30:01,45.19,45190,10,中性盘
2391,13:00:01,45.19,94892,21,买盘
2392,13:00:04,45.18,1246952,276,卖盘
2393,13:00:07,45.17,1613005,357,卖盘
2394,13:00:10,45.17,2258646,500,买盘
2395,13:00:13,45.17,1151939,255,买盘
2396,13:00:16,45.17,935139,207,买盘
2397,13:00:19,45.18,569195,126,买盘
2398,13:00:22,45.17,469789,104,卖盘
2399,13:00:25,45.17,686599,152,卖盘
2400,13:00:28,45.19,2159592,478,买盘
2401,13:00:31,45.17,329746,73,卖盘
2402,13:00:34,45.19,921643,204,买盘
2403,13:00:37,45.2,1934128,428,买盘
2404,13:00:40,45.19,1220329,270,卖盘
2405,13:00:43,45.19,72304,16,卖盘
2406,13:00:46,45.19,271189,60,卖盘
2407,13:00:49,45.2,212440,47,买盘
2408,13:00:52,45.19,271140,60,卖盘
2409,13:00:55,45.19,338914,75,买盘
2410,13:00:58,45.19,81342,18,卖盘
2411,13:01:01,45.19,176256,39,卖盘
2412,13:01:04,45.2,230501,51,买盘
2413,13:01:07,45.21,2383395,527,买盘
2414,13:01:10,45.21,4379506,969,买盘
2415,13:01:13,45.2,144640,32,卖盘
2416,13:01:16,45.22,2265039,501,买盘
2417,13:01:22,45.22,348193,77,买盘
2418,13:01:25,45.22,149205,33,买盘
2419,13:01:28,45.22,709816,157,买盘
2420,13:01:31,45.22,859153,190,买盘
2421,13:01:34,45.22,2405864,532,买盘
2422,13:01:37,45.24,551941,122,买盘
2423,13:01:40,45.24,199063,44,卖盘
2424,13:01:43,45.25,1352974,299,买盘
2425,13:01:46,45.24,710452,157,卖盘
2426,13:01:49,45.26,208195,46,买盘
2427,13:01:52,45.27,2158946,477,买盘
2428,13:01:55,45.3,21911517,4838,买盘
2429,13:01:58,45.31,5569149,1229,买盘
2430,13:02:01,45.33,2093998,462,买盘
2431,13:02:04,45.33,834069,184,买盘
2432,13:02:07,45.34,376297,83,买盘
2433,13:02:10,45.33,1546025,341,卖盘
2434,13:02:13,45.33,281107,62,卖盘
2435,13:02:16,45.34,1224099,270,买盘
2436,13:02:19,45.34,2389888,527,卖盘
2437,13:02:22,45.35,2435277,537,买盘
2438,13:02:25,45.34,1673205,369,卖盘
2439,13:02:28,45.35,3006478,663,买盘
2440,13:02:31,45.34,507877,112,卖盘
2441,13:02:34,45.33,924899,204,卖盘
2442,13:02:37,45.32,181302,40,卖盘
2443,13:02:40,45.31,643568,142,卖盘
2444,13:02:43,45.3,31715,7,卖盘
2445,13:02:46,45.3,27180,6,卖盘
2446,13:02:49,45.3,339793,75,卖盘
2447,13:02:52,45.29,240067,53,卖盘
2448,13:02:55,45.29,212908,47,卖盘
2449,13:02:58,45.3,122290,27,买盘
2450,13:03:01,45.29,615867,136,中性盘
2451,13:03:04,45.29,380452,84,卖盘
2452,13:03:07,45.28,2191656,484,卖盘
2453,13:03:10,45.3,566036,125,买盘
2454,13:03:13,45.29,960241,212,中性盘
2455,13:03:16,45.27,951030,210,卖盘
2456,13:03:19,45.28,258182,57,卖盘
2457,13:03:22,45.27,443828,98,卖盘
2458,13:03:25,45.28,217344,48,买盘
2459,13:03:28,45.28,122257,27,卖盘
2460,13:03:31,45.28,108672,24,卖盘
2461,13:03:34,45.28,158480,35,买盘
2462,13:03:37,45.28,176617,39,卖盘
2463,13:03:40,45.27,298798,66,卖盘
2464,13:03:43,45.26,289725,64,卖盘
2465,13:03:46,45.26,4526,1,卖盘
2466,13:03:49,45.26,217248,48,卖盘
2467,13:03:52,45.26,420907,93,买盘
2468,13:03:55,45.26,58835,13,买盘
2469,13:03:58,45.26,167460,37,买盘
2470,13:04:01,45.25,117658,26,卖盘
2471,13:04:04,45.25,1131250,250,卖盘
2472,13:04:07,45.26,1407279,311,买盘
2473,13:04:10,45.27,2978296,658,买盘
2474,13:04:13,45.27,303309,67,买盘
2475,13:04:16,45.28,353184,78,买盘
2476,13:04:19,45.28,914656,202,卖盘
2477,13:04:22,45.27,588605,130,卖盘
2478,13:04:25,45.27,570416,126,卖盘
2479,13:04:28,45.27,131311,29,卖盘
2480,13:04:31,45.28,81491,18,买盘
2481,13:04:34,45.28,1122944,248,卖盘
2482,13:04:37,45.29,384938,85,买盘
2483,13:04:40,45.27,4527,1,卖盘
2484,13:04:43,45.28,6666641,1473,卖盘
2485,13:04:49,45.27,45269,10,买盘
2486,13:04:52,45.25,262517,58,卖盘
2487,13:04:55,45.25,162900,36,卖盘
2488,13:04:58,45.25,208188,46,卖盘
2489,13:05:01,45.25,117671,26,卖盘
2490,13:05:04,45.26,325845,72,买盘
2491,13:05:07,45.26,135780,30,卖盘
2492,13:05:10,45.25,248965,55,卖盘
2493,13:05:13,45.26,117673,26,买盘
2494,13:05:16,45.26,339520,75,卖盘
2495,13:05:19,45.29,498088,110,买盘
2496,13:05:22,45.29,3118552,689,买盘
2497,13:05:25,45.29,357780,79,买盘
2498,13:05:28,45.28,475444,105,卖盘
2499,13:05:31,45.27,1055092,233,卖盘
2500,13:05:34,45.27,832718,184,卖盘
2501,13:05:37,45.26,457118,101,买盘
2502,13:05:40,45.26,266987,59,卖盘
2503,13:05:43,45.26,90523,20,卖盘
2504,13:05:46,45.27,387058,86,买盘
2505,13:05:49,45.26,90538,20,卖盘
2506,13:05:52,45.26,217342,48,卖盘
2507,13:05:55,45.26,70153,16,卖盘
2508,13:05:58,45.27,108638,24,买盘
2509,13:06:01,45.27,294255,65,卖盘
2510,13:06:04,45.26,343997,76,卖盘
2511,13:06:07,45.27,86013,19,买盘
2512,13:06:10,45.26,248975,55,卖盘
2513,13:06:13,45.27,181069,40,买盘
2514,13:06:16,45.27,22634,5,买盘
2515,13:06:19,45.26,153911,34,卖盘
2516,13:06:22,45.26,199171,44,卖盘
2517,13:06:25,45.26,162935,36,买盘
2518,13:06:28,45.26,40734,9,买盘
2519,13:06:31,45.26,135780,30,买盘
2520,13:06:34,45.26,176515,39,卖盘
2521,13:06:37,45.26,380239,84,卖盘
2522,13:06:40,45.26,162936,36,卖盘
2523,13:06:43,45.27,203712,45,买盘
2524,13:06:46,45.26,135807,30,卖盘
2525,13:06:49,45.26,135806,30,卖盘
2526,13:06:52,45.27,574852,127,买盘
2527,13:06:55,45.26,9052,2,卖盘
2528,13:06:58,45.25,506905,112,卖盘
2529,13:07:01,45.25,2511375,555,卖盘
2530,13:07:04,45.24,2226027,492,卖盘
2531,13:07:07,45.24,180932,40,买盘
2532,13:07:10,45.24,633471,140,卖盘
2533,13:07:13,45.24,49764,11,卖盘
2534,13:07:16,45.24,22617,5,买盘
2535,13:07:19,45.24,348327,77,买盘
2536,13:07:25,45.24,248803,55,买盘
2537,13:07:28,45.24,167376,37,买盘
2538,13:07:31,45.24,253304,56,买盘
2539,13:07:34,45.26,1208188,267,买盘
2540,13:07:37,45.26,402714,89,买盘
2541,13:07:40,45.25,1353161,299,卖盘
2542,13:07:43,45.25,27148,6,买盘
2543,13:07:46,45.25,733064,162,买盘
2544,13:07:49,45.26,104092,23,买盘
2545,13:07:52,45.26,375653,83,买盘
2546,13:07:55,45.25,13575,3,卖盘
2547,13:07:58,45.25,226296,50,卖盘
2548,13:08:01,45.25,470681,104,卖盘
2549,13:08:04,45.26,22629,5,买盘
2550,13:08:07,45.26,271597,60,卖盘
2551,13:08:10,45.26,805628,178,卖盘
2552,13:08:13,45.27,389322,86,买盘
2553,13:08:16,45.26,95049,21,卖盘
2554,13:08:19,45.27,348550,77,买盘
2555,13:08:22,45.26,181040,40,卖盘
2556,13:08:25,45.26,488758,108,卖盘
2557,13:08:28,45.26,203668,45,买盘
2558,13:08:31,45.26,810068,179,卖盘
2559,13:08:34,45.26,859898,190,卖盘
2560,13:08:37,45.26,660795,146,卖盘
2561,13:08:40,45.26,484279,107,买盘
2562,13:08:43,45.25,90507,20,卖盘
2563,13:08:46,45.25,276029,61,卖盘
2564,13:08:49,45.26,312226,69,买盘
2565,13:08:52,45.25,244287,54,买盘
2566,13:08:55,45.26,90501,20,买盘
2567,13:08:58,45.24,253395,56,卖盘
2568,13:09:01,45.25,185511,41,买盘
2569,13:09:04,45.25,140276,31,卖盘
2570,13:09:07,45.25,615454,136,卖盘
2571,13:09:10,45.26,583666,129,买盘
2572,13:09:13,45.23,579019,128,卖盘
2573,13:09:16,45.26,778363,172,买盘
2574,13:09:19,45.25,1121525,248,买盘
2575,13:09:22,45.25,710276,157,买盘
2576,13:09:25,45.21,714345,158,卖盘
2577,13:09:28,45.22,1148251,254,中性盘
2578,13:09:31,45.21,524380,116,卖盘
2579,13:09:34,45.23,1080541,239,买盘
2580,13:09:37,45.22,664558,147,买盘
2581,13:09:40,45.22,877400,194,卖盘
2582,13:09:43,45.23,488264,108,买盘
2583,13:09:46,45.23,289382,64,买盘
2584,13:09:49,45.2,216960,48,卖盘
2585,13:09:52,45.22,203480,45,买盘
2586,13:09:55,45.22,275842,61,买盘
2587,13:09:58,45.22,4522,1,卖盘
2588,13:10:01,45.22,402471,89,卖盘
2589,13:10:04,45.22,104006,23,卖盘
2590,13:10:07,45.23,782437,173,买盘
2591,13:10:10,45.23,104010,23,买盘
2592,13:10:13,45.22,311979,69,卖盘
2593,13:10:16,45.23,510983,113,买盘
2594,13:10:19,45.23,569854,126,买盘
2595,13:10:22,45.23,366229,81,买盘
2596,13:10:25,45.22,357269,79,卖盘
2597,13:10:28,45.21,198960,44,卖盘
2598,13:10:31,45.21,180824,40,买盘
2599,13:10:34,45.21,266735,59,卖盘
2600,13:10:37,45.21,506363,112,卖盘
2601,13:10:40,45.21,140147,31,卖盘
2602,13:10:43,45.21,280280,62,买盘
2603,13:10:46,45.2,90413,20,卖盘
2604,13:10:49,45.21,239594,53,买盘
2605,13:10:52,45.21,27124,6,买盘
2606,13:10:55,45.2,131094,29,卖盘
2607,13:10:58,45.2,244080,54,卖盘
2608,13:11:01,45.19,103937,23,卖盘
2609,13:11:04,45.19,420321,93,卖盘
2610,13:11:07,45.2,13560,3,买盘
2611,13:11:10,45.18,397687,88,卖盘
2612,13:11:13,45.17,496919,110,卖盘
2613,13:11:16,45.18,474400,105,卖盘
2614,13:11:19,45.18,551105,122,卖盘
2615,13:11:22,45.18,320734,71,买盘
2616,13:11:25,45.17,682175,151,卖盘
2617,13:11:28,45.16,379395,84,卖盘
2618,13:11:31,45.19,880978,195,买盘
2619,13:11:34,45.19,700246,155,买盘
2620,13:11:37,45.19,465352,103,买盘
2621,13:11:40,45.19,207874,46,卖盘
2622,13:11:43,45.19,329776,73,买盘
2623,13:11:46,45.17,22585,5,卖盘
2624,13:11:49,45.16,194240,43,卖盘
2625,13:11:52,45.16,623372,138,卖盘
2626,13:11:55,45.15,573499,127,卖盘
2627,13:11:58,45.17,397519,88,中性盘
2628,13:12:01,45.15,550868,122,卖盘
2629,13:12:04,45.17,487804,108,买盘
2630,13:12:07,45.16,415589,92,卖盘
2631,13:12:10,45.17,410924,91,买盘
2632,13:12:13,45.17,343331,76,卖盘
2633,13:12:16,45.17,347759,77,买盘
2634,13:12:19,45.17,329654,73,买盘
2635,13:12:22,45.18,180675,40,买盘
2636,13:12:25,45.17,144544,32,卖盘
2637,13:12:28,45.18,501483,111,买盘
2638,13:12:31,45.17,374917,83,卖盘
2639,13:12:34,45.18,510502,113,买盘
2640,13:12:37,45.17,144544,32,卖盘
2641,13:12:40,45.18,2217886,491,买盘
2642,13:12:43,45.18,505977,112,买盘
2643,13:12:46,45.17,1210420,268,卖盘
2644,13:12:49,45.17,686448,152,买盘
2645,13:12:52,45.18,754414,167,买盘
2646,13:12:55,45.16,1364072,302,卖盘
2647,13:12:58,45.16,708942,157,卖盘
2648,13:13:01,45.16,99367,22,卖盘
2649,13:13:04,45.18,722590,160,买盘
2650,13:13:07,45.17,45161,10,中性盘
2651,13:13:10,45.17,153556,34,买盘
2652,13:13:13,45.18,365879,81,买盘
2653,13:13:16,45.16,289082,64,卖盘
2654,13:13:19,45.16,347736,77,卖盘
2655,13:13:22,45.16,686335,152,卖盘
2656,13:13:25,45.16,510237,113,买盘
2657,13:13:28,45.15,483029,107,中性盘
2658,13:13:31,45.15,370175,82,卖盘
2659,13:13:34,45.14,790023,175,卖盘
2660,13:13:37,45.15,537165,119,买盘
2661,13:13:40,45.15,437833,97,卖盘
2662,13:13:43,45.16,618497,137,买盘
2663,13:13:46,45.15,212150,47,买盘
2664,13:13:49,45.14,194116,43,中性盘
2665,13:13:52,45.15,49665,11,卖盘
2666,13:13:55,45.14,239312,53,卖盘
2667,13:13:58,45.14,252781,56,卖盘
2668,13:14:01,45.15,1353977,300,买盘
2669,13:14:04,45.13,956884,212,卖盘
2670,13:14:07,45.15,532538,118,买盘
2671,13:14:10,45.15,221231,49,卖盘
2672,13:14:13,45.12,2242486,497,卖盘
2673,13:14:16,45.14,1448330,321,买盘
2674,13:14:19,45.1,3077076,682,卖盘
2675,13:14:22,45.14,1132813,251,买盘
2676,13:14:25,45.15,1327281,294,买盘
2677,13:14:28,45.13,230122,51,卖盘
2678,13:14:31,45.14,40626,9,卖盘
2679,13:14:34,45.14,681740,151,卖盘
2680,13:14:37,45.14,126417,28,卖盘
2681,13:14:40,45.14,365666,81,卖盘
2682,13:14:43,45.12,243660,54,卖盘
2683,13:14:46,45.14,672564,149,买盘
2684,13:14:49,45.13,293384,65,卖盘
2685,13:14:52,45.14,234713,52,买盘
2686,13:14:55,45.15,225715,50,买盘
2687,13:14:58,45.13,383703,85,卖盘
2688,13:15:01,45.14,18056,4,买盘
2689,13:15:04,45.14,370103,82,买盘
2690,13:15:07,45.13,121862,27,卖盘
2691,13:15:10,45.13,532566,118,卖盘
2692,13:15:13,45.13,139885,31,买盘
2693,13:15:16,45.13,252748,56,卖盘
2694,13:15:19,45.13,401742,89,买盘
2695,13:15:22,45.13,424297,94,卖盘
2696,13:15:25,45.13,717570,159,卖盘
2697,13:15:28,45.13,352074,78,卖盘
2698,13:15:31,45.14,406158,90,买盘
2699,13:15:34,45.13,469419,104,卖盘
2700,13:15:37,45.13,4513,1,卖盘
2701,13:15:40,45.14,180546,40,买盘
2702,13:15:43,45.13,216624,48,卖盘
2703,13:15:46,45.13,49642,11,买盘
2704,13:15:49,45.14,194094,43,买盘
2705,13:15:52,45.13,672538,149,卖盘
2706,13:15:55,45.14,9028,2,买盘
2707,13:15:58,45.14,275346,61,买盘
2708,13:16:01,45.13,45130,10,卖盘
2709,13:16:04,45.14,81237,18,买盘
2710,13:16:07,45.14,112850,25,买盘
2711,13:16:10,45.13,510069,113,卖盘
2712,13:16:13,45.14,916336,203,买盘
2713,13:16:16,45.14,347578,77,卖盘
2714,13:16:19,45.14,437940,97,卖盘
2715,13:16:22,45.14,830593,184,卖盘
2716,13:16:25,45.14,658971,146,买盘
2717,13:16:28,45.13,99288,22,卖盘
2718,13:16:31,45.12,1299518,288,卖盘
2719,13:16:34,45.11,387963,86,卖盘
2720,13:16:37,45.11,857219,190,卖盘
2721,13:16:40,45.11,85710,19,卖盘
2722,13:16:43,45.11,311312,69,卖盘
2723,13:16:46,45.11,536832,119,卖盘
2724,13:16:49,45.1,906694,201,卖盘
2725,13:16:52,45.1,721734,160,卖盘
2726,13:16:55,45.11,451056,100,买盘
2727,13:16:58,45.1,717138,159,卖盘
2728,13:17:01,45.1,4992584,1107,卖盘
2729,13:17:04,45.11,3049087,676,买盘
2730,13:17:07,45.1,829874,184,卖盘
2731,13:17:10,45.11,166875,37,中性盘
2732,13:17:13,45.11,261633,58,买盘
2733,13:17:16,45.11,153389,34,卖盘
2734,13:17:19,45.11,518849,115,卖盘
2735,13:17:22,45.12,563996,125,买盘
2736,13:17:25,45.11,509804,113,卖盘
2737,13:17:28,45.11,45111,10,卖盘
2738,13:17:31,45.11,117286,26,卖盘
2739,13:17:34,45.11,180445,40,卖盘
2740,13:17:37,45.11,383460,85,卖盘
2741,13:17:40,45.11,1023997,227,卖盘
2742,13:17:43,45.1,541309,120,卖盘
2743,13:17:46,45.1,184912,41,卖盘
2744,13:17:49,45.11,1082432,240,买盘
2745,13:17:52,45.11,148851,33,买盘
2746,13:17:55,45.11,216465,48,买盘
2747,13:17:58,45.11,496199,110,买盘
2748,13:18:01,45.11,36086,8,买盘
2749,13:18:04,45.11,94720,21,买盘
2750,13:18:07,45.11,225543,50,买盘
2751,13:18:10,45.11,550286,122,买盘
2752,13:18:13,45.11,162396,36,买盘
2753,13:18:16,45.11,103753,23,卖盘
2754,13:18:19,45.12,428552,95,买盘
2755,13:18:22,45.12,419566,93,买盘
2756,13:18:25,45.11,58643,13,卖盘
2757,13:18:28,45.11,189484,42,卖盘
2758,13:18:31,45.11,54136,12,中性盘
2759,13:18:34,45.12,76697,17,买盘
2760,13:18:37,45.12,437612,97,买盘
2761,13:18:40,45.11,261645,58,卖盘
2762,13:18:43,45.12,108288,24,买盘
2763,13:18:46,45.11,419577,93,卖盘
2764,13:18:49,45.12,1204315,267,买盘
2765,13:18:52,45.12,834616,185,买盘
2766,13:18:55,45.12,9024,2,买盘
2767,13:18:58,45.11,22555,5,卖盘
2768,13:19:01,45.12,1001669,222,买盘
2769,13:19:04,45.13,266252,59,买盘
2770,13:19:07,45.12,352005,78,卖盘
2771,13:19:10,45.13,221115,49,买盘
2772,13:19:13,45.13,257237,57,买盘
2773,13:19:16,45.13,153429,34,买盘
2774,13:19:19,45.13,103797,23,买盘
2775,13:19:22,45.12,153429,34,卖盘
2776,13:19:25,45.13,703992,156,买盘
2777,13:19:28,45.13,239136,53,买盘
2778,13:19:31,45.13,496377,110,买盘
2779,13:19:34,45.12,451283,100,卖盘
2780,13:19:37,45.13,369995,82,买盘
2781,13:19:40,45.13,591198,131,买盘
2782,13:19:43,45.13,9026,2,买盘
2783,13:19:46,45.12,1001563,222,卖盘
2784,13:19:49,45.13,239177,53,买盘
2785,13:19:52,45.13,176003,39,买盘
2786,13:19:55,45.13,379050,84,买盘
2787,13:19:58,45.12,40615,9,卖盘
2788,13:20:01,45.13,144391,32,买盘
2789,13:20:04,45.13,252705,56,买盘
2790,13:20:07,45.13,9026,2,买盘
2791,13:20:10,45.12,591084,131,卖盘
2792,13:20:13,45.12,221078,49,买盘
2793,13:20:16,45.12,351936,78,买盘
2794,13:20:19,45.11,627105,139,卖盘
2795,13:20:22,45.12,654148,145,买盘
2796,13:20:25,45.11,108264,24,卖盘
2797,13:20:28,45.11,329304,73,买盘
2798,13:20:31,45.09,2079102,461,卖盘
2799,13:20:34,45.09,861315,191,卖盘
2800,13:20:37,45.09,906394,201,卖盘
2801,13:20:40,45.1,753056,167,买盘
2802,13:20:43,45.09,762150,169,中性盘
2803,13:20:46,45.09,18036,4,买盘
2804,13:20:49,45.08,1469818,326,卖盘
2805,13:20:52,45.08,2010913,446,卖盘
2806,13:20:55,45.09,563710,125,中性盘
2807,13:20:58,45.1,225415,50,买盘
2808,13:21:01,45.09,482561,107,卖盘
2809,13:21:04,45.1,103725,23,买盘
2810,13:21:07,45.1,257037,57,卖盘
2811,13:21:10,45.11,396798,88,买盘
2812,13:21:13,45.1,230010,51,卖盘
2813,13:21:16,45.11,230042,51,买盘
2814,13:21:19,45.11,257087,57,买盘
2815,13:21:22,45.1,284166,63,卖盘
2816,13:21:25,45.1,288642,64,卖盘
2817,13:21:28,45.09,414897,92,卖盘
2818,13:21:31,45.1,67652,15,卖盘
2819,13:21:34,45.1,103731,23,卖盘
2820,13:21:37,45.1,329221,73,买盘
2821,13:21:40,45.1,175837,39,买盘
2822,13:21:43,45.1,225469,50,买盘
2823,13:21:46,45.09,99218,22,卖盘
2824,13:21:49,45.11,239065,53,买盘
2825,13:21:52,45.1,225496,50,卖盘
2826,13:21:55,45.11,54116,12,买盘
2827,13:21:58,45.1,369846,82,卖盘
2828,13:22:01,45.1,139795,31,买盘
2829,13:22:04,45.1,338234,75,买盘
2830,13:22:07,45.08,1492177,331,卖盘
2831,13:22:10,45.09,982794,218,买盘
2832,13:22:13,45.09,712177,158,卖盘
2833,13:22:16,45.09,243465,54,卖盘
2834,13:22:19,45.09,829505,184,买盘
2835,13:22:22,45.08,392220,87,卖盘
2836,13:22:25,45.08,288564,64,卖盘
2837,13:22:28,45.08,1158194,257,卖盘
2838,13:22:31,45.08,869993,193,买盘
2839,13:22:34,45.07,419151,93,卖盘
2840,13:22:37,45.08,265970,59,买盘
2841,13:22:40,45.08,563391,125,卖盘
2842,13:22:43,45.08,410154,91,卖盘
2843,13:22:46,45.08,311052,69,买盘
2844,13:22:49,45.08,103687,23,卖盘
2845,13:22:52,45.09,229933,51,买盘
2846,13:22:55,45.08,117210,26,卖盘
2847,13:22:58,45.08,329071,73,卖盘
2848,13:23:01,45.08,40568,9,买盘
2849,13:23:04,45.07,301992,67,卖盘
2850,13:23:07,45.08,1099950,244,买盘
2851,13:23:10,45.08,333592,74,卖盘
2852,13:23:13,45.08,532036,118,卖盘
2853,13:23:16,45.09,261465,58,买盘
2854,13:23:19,45.08,351683,78,卖盘
2855,13:23:22,45.08,121736,27,卖盘
2856,13:23:25,45.08,468832,104,卖盘
2857,13:23:28,45.08,482437,107,卖盘
2858,13:23:31,45.08,468791,104,买盘
2859,13:23:34,45.09,482443,107,买盘
2860,13:23:37,45.08,121731,27,卖盘
2861,13:23:40,45.09,1091131,242,买盘
2862,13:23:43,45.09,76666,17,卖盘
2863,13:23:46,45.1,766634,170,买盘
2864,13:23:49,45.1,198333,44,买盘
2865,13:23:52,45.09,90197,20,中性盘
2866,13:23:55,45.09,297610,66,卖盘
2867,13:23:58,45.09,139782,31,卖盘
2868,13:24:01,45.1,284110,63,买盘
2869,13:24:04,45.09,419316,93,卖盘
2870,13:24:07,45.1,257070,57,买盘
2871,13:24:10,45.09,437410,97,卖盘
2872,13:24:13,45.1,54120,12,买盘
2873,13:24:16,45.1,414886,92,买盘
2874,13:24:19,45.09,478051,106,卖盘
2875,13:24:22,45.09,1817185,403,卖盘
2876,13:24:25,45.07,883556,196,卖盘
2877,13:24:28,45.08,1018769,226,买盘
2878,13:24:31,45.08,85635,19,买盘
2879,13:24:34,45.08,252448,56,买盘
2880,13:24:37,45.08,311043,69,买盘
2881,13:24:40,45.07,464258,103,卖盘
2882,13:24:43,45.07,247930,55,卖盘
2883,13:24:46,45.08,81138,18,买盘
2884,13:24:49,45.07,1271005,282,卖盘
2885,13:24:52,45.08,856370,190,买盘
2886,13:24:55,45.07,234363,52,卖盘
2887,13:24:58,45.07,806923,179,卖盘
2888,13:25:01,45.07,220858,49,卖盘
2889,13:25:04,45.07,229895,51,卖盘
2890,13:25:07,45.07,455216,101,卖盘
2891,13:25:10,45.07,85633,19,买盘
2892,13:25:13,45.07,229860,51,卖盘
2893,13:25:16,45.07,486773,108,卖盘
2894,13:25:19,45.08,153256,34,买盘
2895,13:25:22,45.08,924110,205,买盘
2896,13:25:25,45.08,437258,97,卖盘
2897,13:25:28,45.08,662648,147,卖盘
2898,13:25:31,45.07,288525,64,卖盘
2899,13:25:34,45.08,1090895,242,买盘
2900,13:25:37,45.08,293020,65,买盘
2901,13:25:40,45.08,509393,113,买盘
2902,13:25:43,45.08,793533,176,卖盘
2903,13:25:46,45.08,31556,7,卖盘
2904,13:25:49,45.09,410263,91,买盘
2905,13:25:52,45.08,103685,23,卖盘
2906,13:25:55,45.09,198386,44,买盘
2907,13:25:58,45.09,76643,17,买盘
2908,13:26:01,45.08,112708,25,卖盘
2909,13:26:04,45.08,184857,41,卖盘
2910,13:26:07,45.1,2024534,449,买盘
2911,13:26:10,45.1,703560,156,买盘
2912,13:26:13,45.1,1014660,225,买盘
2913,13:26:16,45.08,2010801,446,卖盘
2914,13:26:19,45.09,1595788,354,买盘
2915,13:26:22,45.08,825110,183,中性盘
2916,13:26:25,45.07,554397,123,卖盘
2917,13:26:28,45.08,72130,16,中性盘
2918,13:26:31,45.09,545568,121,买盘
2919,13:26:34,45.09,1257961,279,买盘
2920,13:26:37,45.1,604327,134,买盘
2921,13:26:40,45.1,166840,37,买盘
2922,13:26:43,45.1,108240,24,买盘
2923,13:26:46,45.07,847413,188,卖盘
2924,13:26:49,45.07,256942,57,卖盘
2925,13:26:52,45.08,667123,148,买盘
2926,13:26:55,45.07,40565,9,卖盘
2927,13:26:58,45.08,531933,118,买盘
2928,13:27:01,45.08,428207,95,买盘
2929,13:27:04,45.08,897094,199,买盘
2930,13:27:07,45.09,247965,55,买盘
2931,13:27:10,45.09,1235464,274,买盘
2932,13:27:13,45.1,920004,204,买盘
2933,13:27:16,45.1,202950,45,买盘
2934,13:27:19,45.09,653889,145,卖盘
2935,13:27:22,45.1,974067,216,买盘
2936,13:27:25,45.1,180438,40,卖盘
2937,13:27:28,45.11,1132015,251,买盘
2938,13:27:31,45.1,1213343,269,卖盘
2939,13:27:34,45.1,685539,152,卖盘
2940,13:27:37,45.1,613476,136,卖盘
2941,13:27:40,45.1,888446,197,买盘
2942,13:27:43,45.1,437564,97,卖盘
2943,13:27:46,45.11,22555,5,买盘
2944,13:27:49,45.1,906527,201,卖盘
2945,13:27:52,45.1,1587620,352,卖盘
2946,13:27:55,45.1,369738,82,买盘
2947,13:27:58,45.09,739468,164,买盘
2948,13:28:01,45.09,2444183,542,买盘
2949,13:28:04,45.1,938070,208,买盘
2950,13:28:07,45.09,888155,197,卖盘
2951,13:28:10,45.09,1564643,347,卖盘
2952,13:28:13,45.09,387818,86,卖盘
2953,13:28:16,45.09,58622,13,卖盘
2954,13:28:19,45.09,753131,167,卖盘
2955,13:28:22,45.1,753030,167,买盘
2956,13:28:25,45.09,960498,213,卖盘
2957,13:28:28,45.09,1005510,223,卖盘
2958,13:28:31,45.09,834141,185,中性盘
2959,13:28:34,45.09,374163,83,买盘
2960,13:28:37,45.09,108216,24,买盘
2961,13:28:40,45.09,356205,79,买盘
2962,13:28:43,45.08,229908,51,卖盘
2963,13:28:46,45.08,1095444,243,买盘
2964,13:28:49,45.08,207364,46,买盘
2965,13:28:52,45.07,653638,145,卖盘
2966,13:28:55,45.08,1640593,364,买盘
2967,13:28:58,45.08,1911392,424,买盘
2968,13:29:01,45.09,256971,57,买盘
2969,13:29:04,45.08,1505811,334,卖盘
2970,13:29:07,45.08,270463,60,卖盘
2971,13:29:10,45.09,1082012,240,买盘
2972,13:29:13,45.09,559113,124,买盘
2973,13:29:16,45.08,793502,176,卖盘
2974,13:29:19,45.08,45081,10,卖盘
2975,13:29:22,45.09,473358,105,买盘
2976,13:29:25,45.09,1263869,280,买盘
2977,13:29:28,45.1,383268,85,买盘
2978,13:29:31,45.09,550198,122,卖盘
2979,13:29:34,45.1,216470,48,买盘
2980,13:29:37,45.09,211968,47,卖盘
2981,13:29:40,45.09,112743,25,卖盘
2982,13:29:43,45.1,49602,11,买盘
2983,13:29:46,45.09,856732,190,卖盘
2984,13:29:49,45.1,193929,43,买盘
2985,13:29:52,45.09,496046,110,卖盘
2986,13:29:55,45.09,31567,7,卖盘
2987,13:29:58,45.09,103729,23,卖盘
2988,13:30:01,45.1,1637174,363,买盘
2989,13:30:04,45.11,717242,159,买盘
2990,13:30:07,45.1,72170,16,卖盘
2991,13:30:10,45.1,49615,11,卖盘
2992,13:30:13,45.11,193970,43,买盘
2993,13:30:16,45.1,139840,31,卖盘
2994,13:30:19,45.12,261655,58,买盘
2995,13:30:22,45.11,135352,30,中性盘
2996,13:30:25,45.11,284189,63,买盘
2997,13:30:28,45.11,356369,79,中性盘
2998,13:30:31,45.11,396978,88,卖盘
2999,13:30:34,45.11,351858,78,买盘
3000,13:30:37,45.1,1019370,226,卖盘
3001,13:30:40,45.11,1732224,384,买盘
3002,13:30:43,45.1,3129844,694,卖盘
3003,13:30:46,45.12,2133216,473,买盘
3004,13:30:49,45.1,297649,66,买盘
3005,13:30:52,45.1,816172,181,买盘
3006,13:30:55,45.1,726078,161,买盘
3007,13:30:58,45.1,49610,11,卖盘
3008,13:31:01,45.1,248051,55,买盘
3009,13:31:04,45.1,225500,50,卖盘
3010,13:31:07,45.11,875125,194,买盘
3011,13:31:10,45.11,72176,16,卖盘
3012,13:31:13,45.1,568448,126,卖盘
3013,13:31:16,45.12,2107025,467,买盘
3014,13:31:19,45.12,437664,97,买盘
3015,13:31:22,45.12,189512,42,卖盘
3016,13:31:25,45.13,410677,91,买盘
3017,13:31:28,45.14,834869,185,买盘
3018,13:31:31,45.14,1299816,288,买盘
3019,13:31:34,45.14,306901,68,买盘
3020,13:31:37,45.13,518983,115,卖盘
3021,13:31:40,45.12,911662,202,卖盘
3022,13:31:43,45.12,807694,179,卖盘
3023,13:31:46,45.12,455687,101,买盘
3024,13:31:49,45.12,18048,4,卖盘
3025,13:31:52,45.12,370053,82,卖盘
3026,13:31:55,45.11,559383,124,卖盘
3027,13:31:58,45.12,108279,24,买盘
