,成交时间,成交价格,成交金额,成交量,性质
0,09:25:03,2.5,969750,3879,卖盘
1,09:30:03,2.49,175620,704,卖盘
2,09:30:06,2.5,260929,1047,买盘
3,09:30:09,2.49,204451,818,卖盘
4,09:30:12,2.5,91020,364,买盘
5,09:30:15,2.5,109039,436,卖盘
6,09:30:18,2.5,26470,106,买盘
7,09:30:21,2.49,152926,612,卖盘
8,09:30:24,2.5,178246,714,买盘
9,09:30:27,2.49,73112,293,卖盘
10,09:30:30,2.5,64443,258,买盘
11,09:30:33,2.5,125010,501,买盘
12,09:30:36,2.49,185209,743,卖盘
13,09:30:39,2.49,77169,309,卖盘
14,09:30:42,2.49,35246,141,卖盘
15,09:30:45,2.49,3497,14,卖盘
16,09:30:48,2.49,75597,303,卖盘
17,09:30:51,2.49,302064,1213,卖盘
18,09:30:54,2.49,7231,29,卖盘
19,09:30:57,2.49,22161,89,卖盘
20,09:31:00,2.5,51053,205,买盘
21,09:31:03,2.5,5250,21,买盘
22,09:31:06,2.49,660855,2654,卖盘
23,09:31:09,2.49,225354,905,卖盘
24,09:31:12,2.49,37599,151,买盘
25,09:31:15,2.49,194422,781,卖盘
26,09:31:18,2.49,15438,62,买盘
27,09:31:21,2.48,74400,300,卖盘
28,09:31:24,2.48,272592,1099,卖盘
29,09:31:27,2.49,43670,176,买盘
30,09:31:30,2.49,11453,46,买盘
31,09:31:33,2.49,342624,1376,买盘
32,09:31:36,2.49,64491,259,买盘
33,09:31:39,2.48,438064,1760,卖盘
34,09:31:42,2.49,17679,71,中性盘
35,09:31:45,2.49,93624,376,买盘
36,09:31:48,2.49,52822,212,卖盘
37,09:31:51,2.49,12727,51,卖盘
38,09:31:57,2.49,284977,1144,卖盘
39,09:32:00,2.5,601749,2407,买盘
40,09:32:03,2.5,1250,5,卖盘
41,09:32:06,2.51,2259,9,买盘
42,09:32:09,2.5,39766,159,卖盘
43,09:32:12,2.51,878997,3502,买盘
44,09:32:15,2.52,80388,319,买盘
45,09:32:18,2.52,482117,1914,买盘
46,09:32:21,2.52,143892,571,买盘
47,09:32:24,2.52,485352,1926,买盘
48,09:32:27,2.52,74592,296,买盘
49,09:32:30,2.52,32508,129,买盘
50,09:32:33,2.52,81638,324,买盘
51,09:32:36,2.53,99429,393,买盘
52,09:32:39,2.53,81864,324,买盘
53,09:32:42,2.53,43010,170,买盘
54,09:32:45,2.53,20746,82,买盘
55,09:32:48,2.53,88802,351,买盘
56,09:32:51,2.53,11638,46,买盘
57,09:32:54,2.53,26714,106,买盘
58,09:32:57,2.52,13396,53,卖盘
59,09:33:00,2.52,1343412,5331,卖盘
60,09:33:03,2.51,84322,335,卖盘
61,09:33:06,2.51,110440,440,卖盘
62,09:33:09,2.51,2259,9,卖盘
63,09:33:12,2.51,249745,995,卖盘
64,09:33:15,2.51,571132,2277,卖盘
65,09:33:18,2.51,167166,666,买盘
66,09:33:21,2.5,22550,90,卖盘
67,09:33:24,2.51,2510,10,买盘
68,09:33:30,2.51,1004,4,买盘
69,09:33:33,2.51,50451,201,买盘
70,09:33:36,2.51,45682,182,买盘
71,09:33:42,2.51,78532,313,买盘
72,09:33:54,2.51,39156,156,买盘
73,09:33:57,2.5,82500,330,卖盘
74,09:34:00,2.5,752,3,卖盘
75,09:34:03,2.5,41500,166,卖盘
76,09:34:06,2.5,684000,2736,卖盘
77,09:34:09,2.5,13000,52,买盘
78,09:34:15,2.49,63306,254,卖盘
79,09:34:30,2.49,1249,5,卖盘
80,09:34:33,2.5,7500,30,买盘
81,09:34:36,2.5,16000,64,买盘
82,09:34:39,2.5,22000,88,买盘
83,09:34:42,2.49,8466,34,卖盘
84,09:34:45,2.5,25000,100,买盘
85,09:34:48,2.5,10000,40,买盘
86,09:34:54,2.49,34120,137,卖盘
87,09:34:57,2.5,14222,57,买盘
88,09:35:03,2.49,48555,195,卖盘
89,09:35:06,2.5,198246,793,买盘
90,09:35:09,2.51,35280,141,买盘
91,09:35:12,2.5,12750,51,卖盘
92,09:35:18,2.5,45750,183,卖盘
93,09:35:24,2.5,65000,260,卖盘
94,09:35:30,2.5,1500,6,卖盘
95,09:35:33,2.5,2500,10,卖盘
96,09:35:39,2.5,13750,55,卖盘
97,09:35:42,2.5,21500,86,卖盘
98,09:36:00,2.5,250,1,卖盘
99,09:36:03,2.5,20280,81,卖盘
100,09:36:09,2.5,18250,73,卖盘
101,09:36:15,2.5,1500,6,卖盘
102,09:36:18,2.5,2500,10,卖盘
103,09:36:27,2.5,20000,80,卖盘
104,09:36:30,2.51,10542,42,买盘
105,09:36:39,2.5,3000,12,卖盘
106,09:36:42,2.51,4009,16,买盘
107,09:36:57,2.5,250,1,卖盘
108,09:37:00,2.5,2250,9,卖盘
109,09:37:03,2.5,265500,1062,卖盘
110,09:37:06,2.5,13000,52,卖盘
111,09:37:09,2.5,113500,454,卖盘
112,09:37:12,2.5,6250,25,卖盘
113,09:37:15,2.5,16250,65,卖盘
114,09:37:18,2.5,216250,865,卖盘
115,09:37:21,2.5,7250,29,卖盘
116,09:37:24,2.5,87521,350,卖盘
117,09:37:27,2.5,50250,201,卖盘
118,09:37:30,2.5,6500,26,卖盘
119,09:37:33,2.5,75750,303,卖盘
120,09:37:36,2.5,5500,22,卖盘
121,09:37:42,2.5,2000,8,卖盘
122,09:37:45,2.5,5750,23,卖盘
123,09:37:48,2.5,250,1,卖盘
124,09:37:51,2.5,757000,3028,卖盘
125,09:38:00,2.5,32750,131,卖盘
126,09:38:03,2.5,53250,213,卖盘
127,09:38:06,2.5,1467104,5891,卖盘
128,09:38:09,2.5,96566,386,卖盘
129,09:38:12,2.5,61285,245,买盘
130,09:38:21,2.5,31500,126,卖盘
131,09:38:27,2.51,251,1,买盘
132,09:38:30,2.5,3002,12,卖盘
133,09:38:33,2.51,1255,5,买盘
134,09:38:36,2.51,6023,24,买盘
135,09:38:39,2.5,782853,3131,卖盘
136,09:38:42,2.51,12801,51,买盘
137,09:38:48,2.51,17821,71,买盘
138,09:38:54,2.51,251,1,买盘
139,09:38:57,2.5,250,1,卖盘
140,09:39:03,2.51,251,1,买盘
141,09:39:06,2.51,15311,61,买盘
142,09:39:09,2.5,1750,7,卖盘
143,09:39:18,2.5,1250,5,卖盘
144,09:39:21,2.51,2008,8,买盘
145,09:39:24,2.51,1255,5,买盘
146,09:39:27,2.51,12801,51,买盘
147,09:39:33,2.51,107022,428,买盘
148,09:39:36,2.51,40913,163,买盘
149,09:39:39,2.5,38255,153,卖盘
150,09:39:45,2.5,1500,6,卖盘
151,09:39:48,2.5,372500,1490,卖盘
152,09:39:51,2.5,27500,110,卖盘
153,09:39:54,2.51,247486,986,买盘
154,09:39:57,2.51,98894,394,买盘
155,09:40:00,2.51,21084,84,买盘
156,09:40:03,2.51,43420,173,买盘
157,09:40:06,2.51,27108,108,买盘
158,09:40:09,2.51,14809,59,买盘
159,09:40:12,2.51,16817,67,买盘
160,09:40:15,2.51,18323,73,买盘
161,09:40:21,2.51,1232661,4911,买盘
162,09:40:24,2.51,30120,120,卖盘
163,09:40:27,2.52,1260,5,买盘
164,09:40:36,2.52,3016,12,买盘
165,09:40:39,2.51,502,2,卖盘
166,09:40:42,2.52,1260,5,买盘
167,09:40:45,2.52,1260,5,买盘
168,09:40:48,2.52,4284,17,买盘
169,09:40:54,2.51,42839,170,卖盘
170,09:40:57,2.52,1008,4,买盘
171,09:41:00,2.52,1260,5,买盘
172,09:41:03,2.52,1260,5,买盘
173,09:41:06,2.52,80620,320,买盘
174,09:41:15,2.52,16632,66,买盘
175,09:41:18,2.51,7032,28,卖盘
176,09:41:21,2.51,524590,2090,卖盘
177,09:41:24,2.51,18072,72,买盘
178,09:41:27,2.5,23828,95,卖盘
179,09:41:30,2.51,26104,104,买盘
180,09:41:33,2.51,3012,12,买盘
181,09:41:39,2.51,26104,104,买盘
182,09:41:42,2.51,12550,50,买盘
183,09:41:45,2.51,1004,4,买盘
184,09:41:48,2.51,2259,9,买盘
185,09:41:57,2.51,126253,503,买盘
186,09:42:00,2.51,10542,42,买盘
187,09:42:03,2.51,26606,106,买盘
188,09:42:06,2.51,18578,74,卖盘
189,09:42:09,2.51,6526,26,卖盘
190,09:42:12,2.51,23845,95,卖盘
191,09:42:15,2.52,16360,65,买盘
192,09:42:18,2.52,1008,4,买盘
193,09:42:27,2.52,1260,5,买盘
194,09:42:39,2.52,756,3,买盘
195,09:42:45,2.51,7530,30,卖盘
196,09:42:48,2.52,13587,54,买盘
197,09:42:51,2.52,2268,9,买盘
198,09:42:54,2.51,91365,364,卖盘
199,09:42:57,2.52,14308,57,买盘
200,09:43:00,2.51,27459,109,卖盘
201,09:43:03,2.52,3777,15,买盘
202,09:43:09,2.51,12550,50,卖盘
203,09:43:15,2.51,128020,510,卖盘
204,09:43:18,2.51,11797,47,卖盘
205,09:43:21,2.51,2266,9,卖盘
206,09:43:24,2.52,6300,25,买盘
207,09:43:27,2.52,21420,85,买盘
208,09:43:30,2.52,5544,22,买盘
209,09:43:33,2.51,1509,6,卖盘
210,09:43:36,2.52,9804,39,买盘
211,09:43:39,2.52,1764,7,买盘
212,09:43:42,2.51,39811,158,卖盘
213,09:43:45,2.52,15120,60,买盘
214,09:43:51,2.52,2520,10,买盘
215,09:43:54,2.52,133812,531,买盘
216,09:43:57,2.52,20664,82,买盘
217,09:44:00,2.53,791444,3140,买盘
218,09:44:03,2.53,77412,306,买盘
219,09:44:09,2.53,4554,18,买盘
220,09:44:15,2.53,1771,7,买盘
221,09:44:18,2.53,143930,569,买盘
222,09:44:21,2.53,2530,10,买盘
223,09:44:24,2.53,11385,45,买盘
224,09:44:33,2.53,22517,89,买盘
225,09:44:36,2.53,10120,40,买盘
226,09:44:39,2.53,11891,47,买盘
227,09:44:45,2.53,15180,60,买盘
228,09:44:51,2.53,1771,7,买盘
229,09:44:54,2.53,6831,27,买盘
230,09:45:03,2.53,253,1,买盘
231,09:45:06,2.53,25300,100,买盘
232,09:45:09,2.53,1771,7,买盘
233,09:45:12,2.52,4038,16,卖盘
234,09:45:15,2.53,253,1,买盘
235,09:45:18,2.53,79948,316,买盘
236,09:45:24,2.52,757,3,卖盘
237,09:45:30,2.53,61985,245,买盘
238,09:45:33,2.52,3532,14,卖盘
239,09:45:39,2.53,31625,125,买盘
240,09:45:42,2.53,30340,120,买盘
241,09:45:45,2.53,2274,9,买盘
242,09:45:48,2.53,66779,264,买盘
243,09:45:54,2.53,8349,33,买盘
244,09:46:00,2.53,253,1,买盘
245,09:46:15,2.52,2268,9,卖盘
246,09:46:18,2.52,25452,101,卖盘
247,09:46:21,2.52,170604,677,卖盘
248,09:46:24,2.52,185742,736,卖盘
249,09:46:27,2.52,252,1,卖盘
250,09:46:30,2.52,6552,26,卖盘
251,09:46:33,2.53,2783,11,买盘
252,09:46:36,2.53,27830,110,买盘
253,09:46:39,2.53,253,1,买盘
254,09:46:54,2.52,2016,8,卖盘
255,09:47:03,2.52,25200,100,卖盘
256,09:47:06,2.52,37800,150,卖盘
257,09:47:18,2.52,12600,50,卖盘
258,09:47:24,2.52,252,1,卖盘
259,09:47:30,2.53,12650,50,买盘
260,09:47:33,2.52,252,1,卖盘
261,09:47:39,2.52,25200,100,卖盘
262,09:47:45,2.52,5796,23,卖盘
263,09:47:48,2.53,506,2,买盘
264,09:47:54,2.52,252,1,卖盘
265,09:48:03,2.53,253,1,买盘
266,09:48:06,2.53,17660,70,买盘
267,09:48:09,2.53,1513,6,买盘
268,09:48:12,2.52,252,1,卖盘
269,09:48:15,2.52,35281,140,卖盘
270,09:48:18,2.52,11340,45,卖盘
271,09:48:21,2.53,12650,50,买盘
272,09:48:24,2.52,42084,167,卖盘
273,09:48:27,2.53,12650,50,买盘
274,09:48:30,2.54,1836786,7260,买盘
275,09:48:33,2.54,17525,69,买盘
276,09:48:36,2.53,63300,250,卖盘
277,09:48:45,2.54,25907,102,买盘
278,09:48:51,2.53,5060,20,卖盘
279,09:49:00,2.53,2024,8,卖盘
280,09:49:03,2.53,1127418,4456,卖盘
281,09:49:06,2.53,105756,418,卖盘
282,09:49:09,2.53,95128,376,卖盘
283,09:49:12,2.53,4554,18,卖盘
284,09:49:15,2.53,81972,324,买盘
285,09:49:18,2.53,46299,183,买盘
286,09:49:21,2.53,128777,509,卖盘
287,09:49:24,2.53,16445,65,买盘
288,09:49:27,2.53,2530,10,买盘
289,09:49:30,2.53,99378,393,买盘
290,09:49:33,2.53,38203,151,买盘
291,09:49:36,2.53,9108,36,买盘
292,09:49:39,2.53,23003,91,买盘
293,09:49:42,2.53,12124,48,买盘
294,09:49:45,2.53,1012,4,买盘
295,09:49:57,2.53,506,2,买盘
296,09:50:00,2.53,18469,73,买盘
297,09:50:03,2.53,30360,120,买盘
298,09:50:06,2.52,25452,101,卖盘
299,09:50:12,2.52,8078,32,卖盘
300,09:50:21,2.52,47512,188,卖盘
301,09:50:27,2.53,14168,56,买盘
302,09:50:30,2.52,252,1,卖盘
303,09:50:33,2.53,80201,317,买盘
304,09:50:36,2.53,7843,31,买盘
305,09:50:39,2.53,24035,95,买盘
306,09:50:42,2.53,10120,40,买盘
307,09:50:45,2.53,2530,10,买盘
308,09:50:51,2.53,2783,11,买盘
309,09:50:57,2.53,5566,22,买盘
310,09:51:00,2.53,9361,37,买盘
311,09:51:03,2.53,97405,385,买盘
312,09:51:06,2.53,522294,2064,买盘
313,09:51:09,2.53,41998,166,卖盘
314,09:51:12,2.53,3036,12,卖盘
315,09:51:21,2.53,2024,8,卖盘
316,09:51:24,2.53,43010,170,卖盘
317,09:51:27,2.53,11132,44,卖盘
318,09:51:33,2.53,21505,85,卖盘
319,09:51:36,2.54,1524,6,买盘
320,09:51:42,2.54,508,2,买盘
321,09:51:48,2.53,13409,53,卖盘
322,09:51:51,2.53,253,1,卖盘
323,09:51:54,2.53,12650,50,卖盘
324,09:52:03,2.53,1013,4,卖盘
325,09:52:09,2.53,253000,1000,卖盘
326,09:52:12,2.54,46228,182,买盘
327,09:52:15,2.53,12650,50,卖盘
328,09:52:24,2.54,12700,50,买盘
329,09:52:27,2.54,2540,10,买盘
330,09:52:39,2.54,2032,8,买盘
331,09:52:45,2.54,33274,131,买盘
332,09:52:54,2.53,1265,5,卖盘
333,09:52:57,2.54,1016,4,买盘
334,09:53:03,2.54,599680,2370,买盘
335,09:53:06,2.54,2794,11,买盘
336,09:53:12,2.54,220971,870,买盘
337,09:53:15,2.54,5080,20,买盘
338,09:53:18,2.54,130048,512,买盘
339,09:53:21,2.54,14476,57,买盘
340,09:53:24,2.53,8350,33,卖盘
341,09:53:45,2.53,3289,13,卖盘
342,09:53:48,2.54,710646,2799,买盘
343,09:53:51,2.55,2120335,8346,买盘
344,09:53:54,2.55,79527,313,买盘
345,09:53:57,2.55,255,1,买盘
346,09:54:00,2.55,16320,64,买盘
347,09:54:03,2.55,60435,237,买盘
348,09:54:06,2.54,1525,6,卖盘
349,09:54:09,2.54,10668,42,卖盘
350,09:54:15,2.54,254,1,卖盘
351,09:54:18,2.54,12700,50,卖盘
352,09:54:27,2.54,17018,67,卖盘
353,09:54:30,2.54,508,2,卖盘
354,09:54:33,2.54,1166876,4594,卖盘
355,09:54:39,2.54,65786,259,买盘
356,09:54:42,2.54,23876,94,买盘
357,09:54:45,2.53,15181,60,卖盘
358,09:54:48,2.54,29464,116,买盘
359,09:54:54,2.54,8382,33,买盘
360,09:55:00,2.54,5588,22,买盘
361,09:55:03,2.53,253,1,卖盘
362,09:55:06,2.54,231394,911,买盘
363,09:55:09,2.54,4572,18,买盘
364,09:55:12,2.54,199296,787,买盘
365,09:55:15,2.54,86614,341,买盘
366,09:55:21,2.54,14732,58,买盘
367,09:55:24,2.54,57906,228,买盘
368,09:55:27,2.54,2794,11,买盘
369,09:55:30,2.54,5334,21,买盘
370,09:55:33,2.54,8636,34,买盘
371,09:55:39,2.54,9905,39,买盘
372,09:55:42,2.54,1270,5,买盘
373,09:55:48,2.54,33274,131,买盘
374,09:55:51,2.54,25381,100,买盘
375,09:56:06,2.54,12192,48,买盘
376,09:56:12,2.54,28190,111,买盘
377,09:56:18,2.54,39116,154,买盘
378,09:56:21,2.54,10160,40,买盘
379,09:56:33,2.54,13938,55,买盘
380,09:56:36,2.53,10120,40,卖盘
381,09:56:39,2.53,14180,56,卖盘
382,09:56:42,2.53,1518,6,卖盘
383,09:56:48,2.54,8382,33,买盘
384,09:56:51,2.53,28164,111,卖盘
385,09:57:03,2.53,1265,5,卖盘
386,09:57:09,2.53,4048,16,卖盘
387,09:57:12,2.53,5566,22,卖盘
388,09:57:18,2.53,13156,52,卖盘
389,09:57:33,2.54,2032,8,买盘
390,09:57:36,2.54,2784,11,买盘
391,09:57:42,2.53,1012,4,卖盘
392,09:57:45,2.54,27400,108,买盘
393,09:57:48,2.53,253,1,卖盘
394,09:57:57,2.53,6851,27,卖盘
395,09:58:00,2.53,3037,12,卖盘
396,09:58:03,2.53,12650,50,卖盘
397,09:58:21,2.53,95128,376,卖盘
398,09:58:24,2.53,72358,286,卖盘
399,09:58:30,2.54,1296162,5103,买盘
400,09:58:33,2.54,12480,49,卖盘
401,09:58:36,2.54,3048,12,卖盘
402,09:58:39,2.54,27455,108,卖盘
403,09:58:45,2.54,5080,20,卖盘
404,09:58:48,2.55,255,1,买盘
405,09:58:51,2.54,17780,70,卖盘
406,09:59:00,2.54,3822,15,卖盘
407,09:59:03,2.54,16003,63,卖盘
408,09:59:06,2.54,12700,50,卖盘
409,09:59:09,2.55,6885,27,买盘
410,09:59:12,2.55,11730,46,买盘
411,09:59:18,2.54,41019,161,卖盘
412,09:59:24,2.54,1270,5,卖盘
413,09:59:27,2.54,12700,50,卖盘
414,09:59:30,2.54,629158,2477,卖盘
415,09:59:36,2.54,934720,3680,卖盘
416,09:59:39,2.54,10668,42,卖盘
417,09:59:42,2.54,17526,69,中性盘
418,09:59:45,2.54,16764,66,买盘
419,09:59:48,2.54,254,1,买盘
420,09:59:51,2.55,122340,481,买盘
421,09:59:54,2.54,171215,674,卖盘
422,09:59:57,2.54,1016,4,卖盘
423,10:00:12,2.55,765,3,买盘
424,10:00:15,2.54,5080,20,卖盘
425,10:00:18,2.54,7620,30,卖盘
426,10:00:21,2.54,232664,916,卖盘
427,10:00:33,2.54,3556,14,卖盘
428,10:00:36,2.54,76708,302,卖盘
429,10:00:39,2.54,1270,5,卖盘
430,10:00:42,2.54,36449,144,卖盘
431,10:00:48,2.54,107442,423,卖盘
432,10:00:51,2.54,21336,84,卖盘
433,10:00:54,2.54,9144,36,卖盘
434,10:00:57,2.55,93248,367,买盘
435,10:01:00,2.54,3810,15,卖盘
436,10:01:03,2.54,162052,638,卖盘
437,10:01:06,2.54,3302,13,卖盘
438,10:01:09,2.54,2286,9,卖盘
439,10:01:12,2.54,54102,213,卖盘
440,10:01:15,2.54,25400,100,卖盘
441,10:01:24,2.54,15240,60,卖盘
442,10:01:27,2.54,55880,220,卖盘
443,10:01:30,2.54,13716,54,卖盘
444,10:01:39,2.54,13716,54,卖盘
445,10:01:42,2.54,79248,312,卖盘
446,10:01:45,2.54,198163,779,买盘
447,10:01:48,2.55,17028,67,买盘
448,10:01:54,2.54,8382,33,中性盘
449,10:01:57,2.54,18359,72,中性盘
450,10:02:00,2.54,5334,21,卖盘
451,10:02:09,2.54,83850,330,中性盘
452,10:02:12,2.55,20607,81,买盘
453,10:02:15,2.54,12700,50,卖盘
454,10:02:18,2.54,16265,64,卖盘
455,10:02:21,2.54,122174,481,买盘
456,10:02:24,2.54,2033,8,卖盘
457,10:02:30,2.54,18035,71,卖盘
458,10:02:33,2.55,21113,83,买盘
459,10:02:36,2.54,11938,47,卖盘
460,10:02:39,2.54,15494,61,中性盘
461,10:02:45,2.53,14941,59,卖盘
462,10:03:12,2.54,254,1,买盘
463,10:03:21,2.53,17204,68,卖盘
464,10:03:39,2.53,4301,17,卖盘
465,10:03:42,2.54,7112,28,买盘
466,10:03:45,2.54,4064,16,买盘
467,10:04:06,2.53,5060,20,卖盘
468,10:04:09,2.54,254,1,买盘
469,10:04:15,2.54,508,2,买盘
470,10:04:18,2.54,10922,43,买盘
471,10:04:24,2.54,262113,1032,买盘
472,10:04:27,2.54,145034,571,买盘
473,10:04:30,2.54,303022,1193,买盘
474,10:04:33,2.54,127762,503,买盘
475,10:04:48,2.55,11985,47,买盘
476,10:05:09,2.54,31750,125,卖盘
477,10:05:12,2.55,25500,100,买盘
478,10:05:18,2.55,4335,17,买盘
479,10:05:27,2.55,3825,15,买盘
480,10:05:33,2.55,62730,246,买盘
481,10:05:42,2.55,255,1,买盘
482,10:05:54,2.54,25400,100,卖盘
483,10:05:57,2.55,77008,302,买盘
484,10:06:03,2.54,4064,16,卖盘
485,10:06:15,2.54,3557,14,卖盘
486,10:06:18,2.55,338640,1328,买盘
487,10:06:21,2.55,23967,94,买盘
488,10:06:24,2.55,58140,228,买盘
489,10:06:27,2.55,198645,779,买盘
490,10:06:30,2.54,166415,653,卖盘
491,10:06:33,2.55,705330,2766,买盘
492,10:06:36,2.55,1105923,4337,买盘
493,10:06:39,2.55,1248748,4897,买盘
494,10:06:42,2.55,293516,1153,卖盘
495,10:06:45,2.55,32385,127,中性盘
496,10:06:48,2.55,209100,820,买盘
497,10:06:51,2.55,151980,596,买盘
498,10:06:54,2.55,47175,185,买盘
499,10:06:57,2.54,46615,183,卖盘
500,10:07:00,2.55,1785,7,买盘
501,10:07:03,2.54,3302,13,卖盘
502,10:07:06,2.55,6630,26,买盘
503,10:07:12,2.55,4845,19,买盘
504,10:07:15,2.55,6630,26,买盘
505,10:07:18,2.55,2040,8,买盘
506,10:07:27,2.55,37230,146,买盘
507,10:07:30,2.55,262395,1029,买盘
508,10:07:33,2.55,14535,57,卖盘
509,10:07:39,2.55,9180,36,卖盘
510,10:07:42,2.56,9472,37,买盘
511,10:07:48,2.55,40800,160,卖盘
512,10:07:51,2.55,14280,56,卖盘
513,10:07:54,2.55,1598340,6268,卖盘
514,10:07:57,2.55,189607,743,买盘
515,10:08:03,2.55,15300,60,买盘
516,10:08:06,2.55,255,1,买盘
517,10:08:09,2.55,7650,30,买盘
518,10:08:18,2.55,12750,50,买盘
519,10:08:21,2.54,254,1,卖盘
520,10:08:24,2.55,14280,56,买盘
521,10:08:27,2.54,2540,10,卖盘
522,10:08:30,2.55,1525,6,买盘
523,10:08:36,2.55,8925,35,买盘
524,10:08:39,2.55,5100,20,买盘
525,10:08:45,2.55,6630,26,买盘
526,10:08:48,2.55,16320,64,买盘
527,10:08:54,2.55,8925,35,买盘
528,10:08:57,2.54,2540,10,卖盘
529,10:09:06,2.54,9398,37,卖盘
530,10:09:09,2.55,25500,100,买盘
531,10:09:24,2.54,5080,20,卖盘
532,10:09:27,2.55,4334,17,买盘
533,10:09:33,2.54,1778,7,卖盘
534,10:09:36,2.54,254,1,卖盘
535,10:09:42,2.54,254,1,卖盘
536,10:09:57,2.55,255,1,买盘
537,10:10:06,2.55,3570,14,买盘
538,10:10:12,2.54,1524,6,卖盘
539,10:10:18,2.54,1270,5,卖盘
540,10:10:21,2.55,49215,193,买盘
541,10:10:24,2.54,5080,20,卖盘
542,10:10:36,2.54,254,1,卖盘
543,10:11:15,2.55,9690,38,买盘
544,10:11:21,2.54,8905,35,卖盘
545,10:11:24,2.55,18105,71,买盘
546,10:11:30,2.54,2540,10,卖盘
547,10:11:48,2.54,22606,89,卖盘
548,10:12:00,2.54,7623,30,卖盘
549,10:12:18,2.55,35955,141,买盘
550,10:12:24,2.55,9180,36,买盘
551,10:13:15,2.54,2286,9,卖盘
552,10:13:18,2.54,3810,15,卖盘
553,10:13:30,2.54,4826,19,卖盘
554,10:13:39,2.54,14224,56,卖盘
555,10:14:06,2.54,77470,305,卖盘
556,10:14:09,2.54,85554,336,卖盘
557,10:14:12,2.55,34935,137,买盘
558,10:14:21,2.54,25400,100,卖盘
559,10:14:24,2.54,30795,121,卖盘
560,10:14:27,2.54,6350,25,卖盘
561,10:14:30,2.55,25500,100,买盘
562,10:14:33,2.55,49698,195,买盘
563,10:14:36,2.54,5080,20,卖盘
564,10:14:45,2.55,1275,5,买盘
565,10:14:51,2.54,25654,101,卖盘
566,10:14:57,2.54,6858,27,卖盘
567,10:15:03,2.55,16830,66,买盘
568,10:15:09,2.54,14986,59,卖盘
569,10:15:18,2.55,20145,79,买盘
570,10:15:21,2.55,14772,58,买盘
571,10:15:24,2.55,8414,33,买盘
572,10:15:27,2.54,1270,5,卖盘
573,10:15:30,2.55,41820,164,买盘
574,10:15:33,2.54,276608,1089,卖盘
575,10:15:36,2.54,3302,13,卖盘
576,10:15:42,2.55,13770,54,买盘
577,10:15:45,2.54,2293,9,卖盘
578,10:15:48,2.54,19123,75,卖盘
579,10:15:51,2.54,37189,146,卖盘
580,10:15:54,2.55,3570,14,买盘
581,10:15:57,2.55,3825,15,买盘
582,10:16:00,2.55,2209830,8666,买盘
583,10:16:03,2.56,412555,1617,买盘
584,10:16:06,2.56,5888,23,买盘
585,10:16:15,2.56,12800,50,买盘
586,10:16:18,2.56,7680,30,买盘
587,10:16:33,2.56,8192,32,买盘
588,10:16:36,2.56,14833,58,买盘
589,10:16:39,2.56,256,1,买盘
590,10:16:45,2.56,9984,39,买盘
591,10:16:48,2.56,512,2,买盘
592,10:16:51,2.55,14025,55,卖盘
593,10:16:54,2.56,1280,5,买盘
594,10:16:57,2.56,1534,6,买盘
595,10:17:00,2.56,33180,130,买盘
596,10:17:03,2.56,5120,20,买盘
597,10:17:06,2.55,2806,11,卖盘
598,10:17:15,2.56,256,1,买盘
599,10:17:18,2.55,2550,10,卖盘
600,10:17:21,2.55,69412,272,卖盘
601,10:17:24,2.56,131836,517,买盘
602,10:17:30,2.55,25755,101,卖盘
603,10:17:33,2.55,23758,93,卖盘
604,10:17:36,2.56,37612,147,买盘
605,10:17:39,2.55,20400,80,卖盘
606,10:17:42,2.56,99072,387,买盘
607,10:17:45,2.55,19635,77,卖盘
608,10:17:54,2.56,3072,12,买盘
609,10:18:03,2.55,22950,90,卖盘
610,10:18:06,2.55,1276,5,卖盘
611,10:18:09,2.55,4845,19,卖盘
612,10:18:12,2.55,2550,10,卖盘
613,10:18:18,2.55,1275,5,卖盘
614,10:18:24,2.56,3328,13,买盘
615,10:18:27,2.56,2815,11,买盘
616,10:18:33,2.55,217005,851,卖盘
617,10:18:36,2.55,1800809,7062,卖盘
618,10:18:39,2.55,58140,228,买盘
619,10:18:42,2.55,1275,5,买盘
620,10:18:45,2.55,510,2,买盘
621,10:18:48,2.54,76788,302,卖盘
622,10:18:51,2.54,2540,10,卖盘
623,10:19:00,2.54,5606,22,卖盘
624,10:19:09,2.54,1270,5,卖盘
625,10:19:15,2.55,1020,4,买盘
626,10:19:21,2.54,25654,101,卖盘
627,10:19:24,2.55,1275,5,买盘
628,10:19:30,2.55,1785,7,买盘
629,10:19:36,2.55,13260,52,买盘
630,10:19:51,2.55,616335,2417,买盘
631,10:19:54,2.54,5099,20,卖盘
632,10:19:57,2.54,9398,37,卖盘
633,10:20:00,2.55,80325,315,买盘
634,10:20:03,2.55,97410,382,卖盘
635,10:20:06,2.55,2550,10,买盘
636,10:20:09,2.55,14280,56,买盘
637,10:20:12,2.56,12784,50,买盘
638,10:20:15,2.55,6375,25,卖盘
639,10:20:18,2.55,462570,1814,卖盘
640,10:20:21,2.56,30459,119,买盘
641,10:20:24,2.55,9435,37,卖盘
642,10:20:27,2.55,79050,310,卖盘
643,10:20:30,2.56,80896,316,买盘
644,10:20:33,2.55,132855,521,卖盘
645,10:20:39,2.55,510,2,卖盘
646,10:20:42,2.56,25756,101,买盘
647,10:20:48,2.55,2805,11,卖盘
648,10:21:00,2.55,5610,22,卖盘
649,10:21:03,2.56,2816,11,买盘
650,10:21:06,2.55,5100,20,卖盘
651,10:21:09,2.55,2550,10,卖盘
652,10:21:12,2.55,32640,128,卖盘
653,10:21:15,2.56,256,1,买盘
654,10:21:36,2.55,10710,42,卖盘
655,10:21:39,2.55,12750,50,卖盘
656,10:21:42,2.55,10455,41,卖盘
657,10:21:57,2.55,1275,5,卖盘
658,10:22:00,2.55,38250,150,卖盘
659,10:22:12,2.55,2550,10,卖盘
660,10:22:18,2.55,5355,21,卖盘
661,10:22:21,2.55,11985,47,卖盘
662,10:22:27,2.55,5100,20,卖盘
663,10:22:36,2.55,280500,1100,卖盘
664,10:22:39,2.55,5355,21,卖盘
665,10:22:42,2.55,510,2,卖盘
666,10:22:45,2.55,130761,511,卖盘
667,10:22:51,2.55,8160,32,卖盘
668,10:22:54,2.55,765,3,卖盘
669,10:22:57,2.55,11220,44,卖盘
670,10:23:03,2.55,2550,10,卖盘
671,10:23:09,2.55,206040,808,卖盘
672,10:23:12,2.55,60945,239,卖盘
673,10:23:15,2.55,259590,1018,卖盘
674,10:23:18,2.55,231540,908,卖盘
675,10:23:21,2.55,28050,110,卖盘
676,10:23:24,2.56,100160,392,买盘
677,10:23:30,2.56,161536,631,买盘
678,10:23:36,2.56,32215,126,买盘
679,10:23:39,2.55,6630,26,卖盘
680,10:23:42,2.55,2550,10,卖盘
681,10:23:45,2.55,51000,200,卖盘
682,10:23:57,2.55,1275,5,卖盘
683,10:24:03,2.55,35445,139,卖盘
684,10:24:06,2.55,28572,112,卖盘
685,10:24:09,2.55,15300,60,卖盘
686,10:24:12,2.56,102656,401,买盘
687,10:24:15,2.55,9435,37,卖盘
688,10:24:18,2.55,766,3,卖盘
689,10:24:21,2.55,16895,66,卖盘
690,10:24:27,2.55,12750,50,卖盘
691,10:24:33,2.56,768,3,买盘
692,10:24:36,2.55,510,2,卖盘
693,10:24:39,2.55,5100,20,卖盘
694,10:24:42,2.55,21420,84,卖盘
695,10:24:54,2.55,203235,797,卖盘
696,10:24:57,2.55,14790,58,卖盘
697,10:25:00,2.55,200175,785,卖盘
698,10:25:03,2.55,31620,124,卖盘
699,10:25:12,2.55,63240,248,卖盘
700,10:25:15,2.55,36210,142,卖盘
701,10:25:18,2.55,5100,20,卖盘
702,10:25:24,2.55,23205,91,卖盘
703,10:25:27,2.55,255,1,卖盘
704,10:25:33,2.55,21675,85,卖盘
705,10:25:42,2.55,25500,100,卖盘
706,10:25:45,2.56,89450,350,买盘
707,10:25:48,2.55,16320,64,卖盘
708,10:26:03,2.55,25500,100,卖盘
709,10:26:06,2.55,9435,37,卖盘
710,10:26:15,2.55,7650,30,卖盘
711,10:26:21,2.56,19456,76,买盘
712,10:26:24,2.56,4096,16,买盘
713,10:26:39,2.55,76500,300,卖盘
714,10:26:42,2.55,25500,100,卖盘
715,10:26:45,2.56,12800,50,买盘
716,10:26:48,2.55,2550,10,卖盘
717,10:26:51,2.55,9180,36,卖盘
718,10:26:54,2.55,12750,50,卖盘
719,10:27:03,2.55,2550,10,卖盘
720,10:27:06,2.55,50490,198,卖盘
721,10:27:12,2.55,16065,63,卖盘
722,10:27:15,2.55,33150,130,卖盘
723,10:27:18,2.55,364335,1427,卖盘
724,10:27:21,2.55,110675,433,卖盘
725,10:27:24,2.55,2550,10,卖盘
726,10:27:27,2.55,1530,6,卖盘
727,10:27:30,2.55,5100,20,卖盘
728,10:27:39,2.55,24480,96,卖盘
729,10:27:48,2.55,2295,9,卖盘
730,10:27:51,2.56,8960,35,买盘
731,10:27:54,2.55,4845,19,卖盘
732,10:27:57,2.55,2550,10,卖盘
733,10:28:00,2.56,512,2,买盘
734,10:28:06,2.55,2550,10,卖盘
735,10:28:15,2.55,21976,86,卖盘
736,10:28:21,2.55,510,2,卖盘
737,10:28:30,2.55,25500,100,卖盘
738,10:28:36,2.56,3328,13,买盘
739,10:28:42,2.56,24832,97,买盘
740,10:28:45,2.55,127500,500,卖盘
741,10:28:48,2.55,25500,100,卖盘
742,10:28:57,2.55,2550,10,卖盘
743,10:29:00,2.55,51000,200,卖盘
744,10:29:12,2.55,41834,164,卖盘
745,10:29:18,2.55,51000,200,卖盘
746,10:29:24,2.55,12495,49,卖盘
747,10:29:27,2.55,165240,648,卖盘
748,10:29:30,2.55,11475,45,卖盘
749,10:29:33,2.55,64260,252,卖盘
750,10:29:36,2.55,21420,84,卖盘
751,10:29:42,2.55,120443,472,卖盘
752,10:29:45,2.55,14817,58,卖盘
753,10:29:48,2.55,70125,275,卖盘
754,10:29:51,2.55,61972,243,卖盘
755,10:29:54,2.55,52532,206,卖盘
756,10:29:57,2.55,8415,33,卖盘
757,10:30:00,2.55,38250,150,卖盘
758,10:30:03,2.55,18106,71,卖盘
759,10:30:06,2.55,22440,88,卖盘
760,10:30:12,2.55,4590,18,卖盘
761,10:30:15,2.56,49751,195,买盘
762,10:30:18,2.54,10677,42,卖盘
763,10:30:21,2.56,256,1,买盘
764,10:30:24,2.55,45135,177,卖盘
765,10:30:27,2.55,6120,24,买盘
766,10:30:39,2.55,12750,50,卖盘
767,10:30:51,2.55,7650,30,卖盘
768,10:30:54,2.55,56100,220,卖盘
769,10:30:57,2.55,51000,200,卖盘
770,10:31:00,2.55,25500,100,卖盘
771,10:31:03,2.55,9690,38,卖盘
772,10:31:15,2.56,126720,495,买盘
773,10:31:24,2.56,51200,200,买盘
774,10:31:33,2.55,510,2,卖盘
775,10:31:36,2.56,1792,7,买盘
776,10:31:57,2.55,5100,20,卖盘
777,10:32:09,2.56,25600,100,买盘
778,10:32:15,2.55,7650,30,卖盘
779,10:32:27,2.56,512,2,买盘
780,10:32:39,2.55,32718,128,卖盘
781,10:32:42,2.56,15310,60,买盘
782,10:32:45,2.55,22950,90,卖盘
783,10:32:54,2.55,7395,29,卖盘
784,10:32:57,2.55,3825,15,卖盘
785,10:33:00,2.55,50490,198,卖盘
786,10:33:03,2.55,765,3,卖盘
787,10:33:12,2.55,3570,14,卖盘
788,10:33:18,2.56,33492,131,买盘
789,10:33:21,2.55,30855,121,卖盘
790,10:33:24,2.56,3328,13,买盘
791,10:33:33,2.55,25500,100,卖盘
792,10:33:36,2.55,1275,5,卖盘
793,10:33:48,2.55,5100,20,卖盘
794,10:33:51,2.55,2550,10,卖盘
795,10:33:54,2.55,101745,399,卖盘
796,10:33:57,2.55,255,1,卖盘
797,10:34:21,2.56,3835,15,买盘
798,10:34:33,2.55,4080,16,卖盘
799,10:34:39,2.56,3072,12,买盘
800,10:34:45,2.55,255,1,卖盘
801,10:34:48,2.56,16896,66,买盘
802,10:35:03,2.56,17152,67,买盘
803,10:35:09,2.56,11480,45,买盘
804,10:35:18,2.56,16896,66,买盘
805,10:35:27,2.55,2295,9,卖盘
806,10:35:30,2.56,117404,459,买盘
807,10:35:36,2.56,18432,72,买盘
808,10:35:39,2.56,256,1,买盘
809,10:35:42,2.55,5100,20,卖盘
810,10:35:45,2.56,768,3,买盘
811,10:35:51,2.55,510,2,卖盘
812,10:36:03,2.55,2040,8,卖盘
813,10:36:09,2.56,898816,3511,买盘
814,10:36:12,2.56,88320,345,买盘
815,10:36:15,2.56,10220,40,买盘
816,10:36:30,2.55,56120,220,卖盘
817,10:36:33,2.56,184063,719,买盘
818,10:36:45,2.56,5120,20,买盘
819,10:36:54,2.56,233728,913,买盘
820,10:36:57,2.55,1275,5,卖盘
821,10:37:00,2.56,512,2,买盘
822,10:37:03,2.56,51968,203,买盘
823,10:37:06,2.56,13056,51,买盘
824,10:37:09,2.56,12288,48,买盘
825,10:37:30,2.55,10455,41,卖盘
826,10:37:36,2.56,512,2,买盘
827,10:37:45,2.56,14848,58,买盘
828,10:37:54,2.56,76800,300,买盘
829,10:37:57,2.56,223227,872,买盘
830,10:38:00,2.56,133888,523,买盘
831,10:38:03,2.56,14592,57,买盘
832,10:38:06,2.56,1202924,4699,买盘
833,10:38:09,2.56,557784,2179,买盘
834,10:38:12,2.55,26357,103,卖盘
835,10:38:15,2.56,47616,186,买盘
836,10:38:18,2.56,9216,36,买盘
837,10:38:21,2.56,512,2,买盘
838,10:38:24,2.56,12800,50,买盘
839,10:38:33,2.56,2816,11,买盘
840,10:38:39,2.56,1280,5,买盘
841,10:38:45,2.56,141824,554,买盘
842,10:38:48,2.55,11500,45,卖盘
843,10:38:51,2.56,13568,53,买盘
844,10:38:54,2.56,16384,64,买盘
845,10:38:57,2.56,76032,297,买盘
846,10:39:15,2.55,1275,5,卖盘
847,10:39:18,2.57,267420,1044,买盘
848,10:39:21,2.56,71936,281,卖盘
849,10:39:24,2.56,590221,2306,卖盘
850,10:39:27,2.56,3072,12,买盘
851,10:39:30,2.56,19712,77,买盘
852,10:39:36,2.56,5120,20,买盘
853,10:39:39,2.56,11264,44,买盘
854,10:39:48,2.56,512,2,买盘
855,10:39:51,2.56,1536,6,买盘
856,10:40:03,2.55,1785,7,卖盘
857,10:40:06,2.56,76800,300,买盘
858,10:40:45,2.56,3072,12,买盘
859,10:40:51,2.56,2048,8,买盘
860,10:40:57,2.56,2560,10,买盘
861,10:41:00,2.56,256,1,买盘
862,10:41:15,2.56,5632,22,买盘
863,10:41:27,2.55,255,1,卖盘
864,10:41:30,2.55,255,1,卖盘
865,10:41:33,2.56,2816,11,买盘
866,10:41:45,2.55,255,1,卖盘
867,10:41:51,2.56,256,1,买盘
868,10:41:54,2.56,256,1,买盘
869,10:42:15,2.55,7650,30,卖盘
870,10:42:18,2.55,13770,54,卖盘
871,10:42:24,2.56,1280,5,买盘
872,10:42:27,2.56,17920,70,买盘
873,10:42:48,2.55,23460,92,卖盘
874,10:43:21,2.56,13824,54,买盘
875,10:43:24,2.56,512,2,买盘
876,10:43:30,2.56,3072,12,买盘
877,10:43:33,2.56,256,1,买盘
878,10:43:45,2.56,23040,90,买盘
879,10:44:03,2.56,512,2,买盘
880,10:44:30,2.55,1020,4,卖盘
881,10:44:33,2.56,1099364,4294,买盘
882,10:44:36,2.57,19018,74,买盘
883,10:44:39,2.56,24087,94,卖盘
884,10:44:42,2.56,12032,47,卖盘
885,10:44:45,2.56,5120,20,卖盘
886,10:44:48,2.56,50688,198,卖盘
887,10:44:51,2.57,514,2,买盘
888,10:45:03,2.56,4352,17,卖盘
889,10:45:06,2.56,512,2,卖盘
890,10:45:21,2.56,381078,1488,卖盘
891,10:45:24,2.57,54483,212,买盘
892,10:45:33,2.56,1536,6,卖盘
893,10:45:36,2.57,1028,4,买盘
894,10:45:39,2.57,9252,36,买盘
895,10:45:45,2.57,4883,19,买盘
896,10:45:48,2.56,50432,197,卖盘
897,10:46:03,2.56,25600,100,卖盘
898,10:46:06,2.56,8193,32,卖盘
899,10:46:18,2.56,3328,13,卖盘
900,10:46:21,2.57,1285,5,买盘
901,10:46:24,2.57,2752984,10712,买盘
902,10:46:27,2.57,91235,355,买盘
903,10:46:30,2.57,7196,28,卖盘
904,10:46:36,2.57,62451,243,卖盘
905,10:46:39,2.58,2322,9,买盘
906,10:46:42,2.58,2639110,10230,买盘
907,10:46:45,2.58,741234,2873,买盘
908,10:46:48,2.58,17544,68,买盘
909,10:46:51,2.58,91590,355,买盘
910,10:46:54,2.58,117209,454,买盘
911,10:46:57,2.59,39589,153,买盘
912,10:47:00,2.59,7770,30,买盘
913,10:47:03,2.59,5698,22,买盘
914,10:47:09,2.58,258,1,卖盘
915,10:47:12,2.59,28708,111,买盘
916,10:47:15,2.59,181559,701,买盘
917,10:47:18,2.58,23775,92,卖盘
918,10:47:21,2.58,22742,88,卖盘
919,10:47:24,2.58,70950,275,卖盘
920,10:47:27,2.58,21935,85,卖盘
921,10:47:30,2.58,67450,261,卖盘
922,10:47:33,2.58,738198,2861,卖盘
923,10:47:36,2.58,81012,314,买盘
924,10:47:39,2.58,33024,128,卖盘
925,10:47:42,2.59,134987,522,买盘
926,10:47:45,2.58,33382,129,卖盘
927,10:47:48,2.58,85914,333,卖盘
928,10:47:51,2.58,3870,15,买盘
929,10:47:54,2.57,26473,103,卖盘
930,10:47:57,2.59,82580,320,买盘
931,10:48:00,2.58,7224,28,中性盘
932,10:48:03,2.58,73016,283,买盘
933,10:48:06,2.57,368280,1429,卖盘
934,10:48:09,2.58,12384,48,中性盘
935,10:48:12,2.58,23736,92,买盘
936,10:48:15,2.58,149124,578,卖盘
937,10:48:21,2.58,156606,607,买盘
938,10:48:24,2.58,57018,221,买盘
939,10:48:27,2.58,24252,94,买盘
940,10:48:30,2.58,258,1,买盘
941,10:48:33,2.58,9804,38,买盘
942,10:48:36,2.57,12850,50,卖盘
943,10:48:39,2.57,117192,456,卖盘
944,10:48:42,2.58,2064,8,买盘
945,10:48:45,2.57,1799,7,卖盘
946,10:48:48,2.58,193758,751,买盘
947,10:48:51,2.58,103458,401,卖盘
948,10:48:54,2.58,43860,170,卖盘
949,10:48:57,2.58,58982,228,卖盘
950,10:49:00,2.58,67080,260,卖盘
951,10:49:03,2.58,32250,125,卖盘
952,10:49:06,2.58,9546,37,卖盘
953,10:49:09,2.58,532469,2063,卖盘
954,10:49:12,2.58,7501,29,卖盘
955,10:49:18,2.58,110682,429,卖盘
956,10:49:21,2.58,101172,392,卖盘
957,10:49:24,2.58,433311,1680,卖盘
958,10:49:27,2.58,60372,234,卖盘
959,10:49:30,2.58,366618,1421,卖盘
960,10:49:33,2.58,125390,486,卖盘
961,10:49:36,2.58,170796,662,卖盘
962,10:49:39,2.58,299022,1159,卖盘
963,10:49:42,2.59,3220760,12437,买盘
964,10:49:45,2.59,2225699,8592,买盘
965,10:49:48,2.6,56940,219,买盘
966,10:49:51,2.59,17109,66,卖盘
967,10:49:54,2.59,51072,197,卖盘
968,10:49:57,2.6,2600,10,买盘
969,10:50:00,2.59,24100,93,卖盘
970,10:50:03,2.59,174454,671,卖盘
971,10:50:06,2.6,53036,204,买盘
972,10:50:09,2.6,3900,15,买盘
973,10:50:12,2.59,275730,1062,卖盘
974,10:50:15,2.61,5019487,19305,买盘
975,10:50:18,2.61,92141,354,买盘
976,10:50:21,2.61,25578,98,买盘
977,10:50:24,2.61,349740,1340,买盘
978,10:50:27,2.61,51939,199,买盘
979,10:50:30,2.61,2342224,8974,买盘
980,10:50:33,2.62,154578,590,买盘
981,10:50:36,2.62,81724,312,买盘
982,10:50:39,2.62,99298,379,买盘
983,10:50:42,2.62,337980,1290,买盘
984,10:50:45,2.62,111612,426,买盘
985,10:50:48,2.62,313352,1196,买盘
986,10:50:51,2.62,309105,1180,买盘
987,10:50:54,2.62,179682,686,买盘
988,10:50:57,2.62,178985,685,买盘
989,10:51:00,2.61,2928153,11219,卖盘
990,10:51:03,2.61,6003,23,买盘
991,10:51:06,2.61,65451,251,买盘
992,10:51:09,2.61,223938,858,买盘
993,10:51:12,2.61,911085,3503,买盘
994,10:51:15,2.6,136159,523,卖盘
995,10:51:18,2.6,60638,233,卖盘
996,10:51:21,2.61,166800,640,买盘
997,10:51:24,2.6,51220,197,卖盘
998,10:51:27,2.6,204475,786,卖盘
999,10:51:30,2.6,97501,375,卖盘
1000,10:51:33,2.6,106340,409,卖盘
1001,10:51:36,2.6,44072,169,买盘
1002,10:51:39,2.6,34577,133,买盘
1003,10:51:42,2.6,24960,96,卖盘
1004,10:51:45,2.6,7020,27,买盘
1005,10:51:48,2.6,1820,7,买盘
1006,10:51:51,2.6,28595,110,买盘
1007,10:51:57,2.6,5200,20,买盘
1008,10:52:00,2.6,9100,35,买盘
1009,10:52:03,2.6,26000,100,买盘
1010,10:52:06,2.6,260,1,买盘
1011,10:52:09,2.6,115960,446,买盘
1012,10:52:12,2.6,7800,30,买盘
1013,10:52:15,2.59,18389,71,卖盘
1014,10:52:18,2.6,11438,44,买盘
1015,10:52:21,2.6,78000,300,买盘
1016,10:52:24,2.59,4403,17,卖盘
1017,10:52:27,2.6,2600,10,买盘
1018,10:52:30,2.59,15302,59,卖盘
1019,10:52:33,2.59,1558,6,卖盘
1020,10:52:36,2.59,1036,4,卖盘
1021,10:52:42,2.6,3113,12,买盘
1022,10:52:45,2.6,12731,49,买盘
1023,10:52:48,2.59,259000,1000,卖盘
1024,10:52:51,2.6,27300,105,买盘
1025,10:52:54,2.6,11440,44,买盘
1026,10:52:57,2.6,9350,36,买盘
1027,10:53:00,2.59,12950,50,卖盘
1028,10:53:03,2.59,740605,2858,卖盘
1029,10:53:06,2.59,27454,106,买盘
1030,10:53:09,2.59,2590,10,卖盘
1031,10:53:12,2.59,777,3,卖盘
1032,10:53:18,2.6,26000,100,买盘
1033,10:53:21,2.59,7770,30,卖盘
1034,10:53:24,2.6,106080,408,买盘
1035,10:53:27,2.6,33020,127,买盘
1036,10:53:30,2.6,4940,19,买盘
1037,10:53:33,2.6,28590,110,买盘
1038,10:53:36,2.59,117586,454,卖盘
1039,10:53:39,2.6,363215,1397,买盘
1040,10:53:42,2.59,75879,292,卖盘
1041,10:53:45,2.59,51800,200,卖盘
1042,10:53:48,2.59,2072,8,卖盘
1043,10:53:51,2.59,297740,1149,卖盘
1044,10:53:57,2.59,5180,20,卖盘
1045,10:54:03,2.6,94374,363,买盘
1046,10:54:06,2.59,17353,67,卖盘
1047,10:54:09,2.59,77700,300,卖盘
1048,10:54:12,2.6,268318,1032,买盘
1049,10:54:15,2.6,168220,647,买盘
1050,10:54:18,2.6,391300,1505,买盘
1051,10:54:24,2.6,1560,6,卖盘
1052,10:54:27,2.6,10920,42,卖盘
1053,10:54:30,2.6,312520,1202,卖盘
1054,10:54:33,2.6,1040,4,买盘
1055,10:54:36,2.59,22877,88,卖盘
1056,10:54:42,2.6,52520,202,买盘
1057,10:54:45,2.6,329420,1267,买盘
1058,10:54:48,2.6,100351,386,买盘
1059,10:54:51,2.6,5720,22,买盘
1060,10:54:54,2.6,9620,37,买盘
1061,10:55:00,2.6,780,3,买盘
1062,10:55:03,2.6,52000,200,买盘
1063,10:55:09,2.6,63700,245,买盘
1064,10:55:12,2.59,518,2,卖盘
1065,10:55:15,2.6,780,3,买盘
1066,10:55:21,2.6,193178,745,买盘
1067,10:55:24,2.6,2600,10,买盘
1068,10:55:27,2.6,8060,31,买盘
1069,10:55:30,2.6,8580,33,买盘
1070,10:55:33,2.6,31880,123,买盘
1071,10:55:39,2.6,1300,5,买盘
1072,10:55:42,2.6,779,3,买盘
1073,10:55:45,2.59,38073,147,卖盘
1074,10:55:48,2.6,2600,10,买盘
1075,10:55:51,2.59,123826,478,卖盘
1076,10:55:54,2.6,255840,984,买盘
1077,10:55:57,2.6,4935,19,买盘
1078,10:56:09,2.6,13000,50,买盘
1079,10:56:12,2.59,11137,43,卖盘
1080,10:56:15,2.59,2590,10,卖盘
1081,10:56:24,2.59,12950,50,卖盘
1082,10:56:27,2.59,37155,143,卖盘
1083,10:56:30,2.6,260,1,买盘
1084,10:56:33,2.6,17939,69,买盘
1085,10:56:36,2.59,48044,185,卖盘
1086,10:56:39,2.59,8288,32,卖盘
1087,10:56:45,2.6,5460,21,买盘
1088,10:56:48,2.6,520,2,买盘
1089,10:56:51,2.59,12950,50,卖盘
1090,10:56:54,2.6,554840,2134,买盘
1091,10:57:00,2.6,52000,200,买盘
1092,10:57:03,2.59,619274,2391,卖盘
1093,10:57:06,2.6,34840,134,买盘
1094,10:57:09,2.59,33932,131,卖盘
1095,10:57:12,2.6,4420,17,买盘
1096,10:57:21,2.59,518,2,卖盘
1097,10:57:24,2.59,259,1,卖盘
1098,10:57:27,2.59,777,3,卖盘
1099,10:57:33,2.59,2331,9,卖盘
1100,10:57:36,2.59,7770,30,卖盘
1101,10:57:42,2.59,2849,11,卖盘
1102,10:57:45,2.59,7770,30,卖盘
1103,10:57:54,2.6,20280,78,买盘
1104,10:58:06,2.59,3367,13,卖盘
1105,10:58:09,2.59,106580,410,卖盘
1106,10:58:12,2.6,2600,10,买盘
1107,10:58:15,2.59,76923,297,卖盘
1108,10:58:21,2.6,260,1,买盘
1109,10:58:24,2.6,64285,248,买盘
1110,10:58:33,2.59,1295,5,卖盘
1111,10:58:39,2.59,1036,4,卖盘
1112,10:58:42,2.59,51800,200,卖盘
1113,10:58:54,2.59,88060,340,卖盘
1114,10:58:57,2.59,5957,23,卖盘
1115,10:59:00,2.6,138860,536,买盘
1116,10:59:09,2.59,16576,64,卖盘
1117,10:59:15,2.59,518,2,卖盘
1118,10:59:18,2.59,9097,35,卖盘
1119,10:59:24,2.59,84693,327,卖盘
1120,10:59:27,2.59,259,1,卖盘
1121,10:59:30,2.59,8549,33,卖盘
1122,10:59:33,2.6,15340,59,买盘
1123,10:59:36,2.6,520,2,买盘
1124,10:59:39,2.6,520,2,买盘
1125,10:59:42,2.6,780,3,买盘
1126,10:59:51,2.59,2072,8,卖盘
1127,10:59:54,2.6,260,1,买盘
1128,11:00:03,2.59,28498,110,卖盘
1129,11:00:06,2.59,15799,61,卖盘
1130,11:00:12,2.59,13986,54,卖盘
1131,11:00:15,2.6,47401,183,买盘
1132,11:00:18,2.59,5439,21,卖盘
1133,11:00:21,2.59,44550,172,卖盘
1134,11:00:24,2.6,16849,65,买盘
1135,11:00:27,2.6,30592,118,买盘
1136,11:00:30,2.59,6734,26,卖盘
1137,11:00:33,2.59,52836,204,卖盘
1138,11:00:36,2.59,243460,940,卖盘
1139,11:00:39,2.59,52328,202,卖盘
1140,11:00:42,2.59,14763,57,卖盘
1141,11:00:45,2.59,8547,33,买盘
1142,11:00:48,2.59,17612,68,买盘
1143,11:00:51,2.59,1036,4,买盘
1144,11:01:03,2.59,518,2,买盘
1145,11:01:09,2.59,6475,25,买盘
1146,11:01:21,2.59,12173,47,买盘
1147,11:01:27,2.59,777,3,买盘
1148,11:01:33,2.58,1032,4,卖盘
1149,11:01:39,2.59,777,3,买盘
1150,11:01:48,2.58,258,1,卖盘
1151,11:01:54,2.58,258,1,卖盘
1152,11:02:00,2.58,7740,30,卖盘
1153,11:02:06,2.58,26574,103,卖盘
1154,11:02:09,2.59,1295,5,买盘
1155,11:02:12,2.58,2580,10,卖盘
1156,11:02:15,2.59,1551,6,买盘
1157,11:02:18,2.58,15222,59,卖盘
1158,11:02:27,2.58,516,2,卖盘
1159,11:02:30,2.58,4902,19,卖盘
1160,11:02:33,2.58,10320,40,卖盘
1161,11:02:36,2.58,20640,80,卖盘
1162,11:02:39,2.58,72796,282,卖盘
1163,11:02:42,2.59,2844,11,买盘
1164,11:02:45,2.58,24252,94,卖盘
1165,11:02:48,2.59,78736,304,买盘
1166,11:03:06,2.58,2838,11,卖盘
1167,11:03:09,2.58,9546,37,卖盘
1168,11:03:12,2.58,5419,21,卖盘
1169,11:03:15,2.58,11362,44,卖盘
1170,11:03:18,2.58,516,2,卖盘
1171,11:03:21,2.58,3096,12,卖盘
1172,11:03:27,2.58,220848,856,卖盘
1173,11:03:33,2.58,110434,428,卖盘
1174,11:03:36,2.58,156606,607,卖盘
1175,11:03:39,2.58,24768,96,卖盘
1176,11:03:42,2.58,53922,209,卖盘
1177,11:03:45,2.58,26832,104,卖盘
1178,11:03:48,2.58,38700,150,卖盘
1179,11:03:51,2.58,5160,20,卖盘
1180,11:03:54,2.58,18318,71,卖盘
1181,11:04:00,2.58,76884,298,卖盘
1182,11:04:03,2.58,509808,1976,卖盘
1183,11:04:06,2.58,14448,56,卖盘
1184,11:04:09,2.58,38442,149,买盘
1185,11:04:12,2.58,1032,4,买盘
1186,11:04:15,2.58,7998,31,买盘
1187,11:04:18,2.58,130548,506,买盘
1188,11:04:21,2.58,80968,314,买盘
1189,11:04:24,2.58,57792,224,买盘
1190,11:04:27,2.57,173034,673,卖盘
1191,11:04:30,2.58,23994,93,买盘
1192,11:04:33,2.58,14448,56,买盘
1193,11:04:36,2.57,257,1,卖盘
1194,11:04:39,2.57,5656,22,卖盘
1195,11:04:42,2.57,23130,90,卖盘
1196,11:04:51,2.57,5140,20,卖盘
1197,11:04:54,2.57,102800,400,卖盘
1198,11:05:00,2.57,10280,40,卖盘
1199,11:05:06,2.58,3096,12,买盘
1200,11:05:09,2.58,11090,43,买盘
1201,11:05:27,2.57,13364,52,卖盘
1202,11:05:30,2.58,6192,24,买盘
1203,11:05:33,2.58,4128,16,买盘
1204,11:05:36,2.58,462594,1793,买盘
1205,11:05:39,2.58,3354,13,卖盘
1206,11:05:42,2.58,34830,135,卖盘
1207,11:05:48,2.58,3612,14,卖盘
1208,11:05:51,2.58,52374,203,卖盘
1209,11:05:54,2.58,10578,41,买盘
1210,11:05:57,2.58,1032,4,买盘
1211,11:06:00,2.58,6708,26,买盘
1212,11:06:03,2.58,17544,68,买盘
1213,11:06:06,2.58,27864,108,买盘
1214,11:06:18,2.58,258,1,买盘
1215,11:06:24,2.58,25800,100,买盘
1216,11:06:27,2.58,3096,12,买盘
1217,11:06:36,2.57,514,2,卖盘
1218,11:06:39,2.58,177246,687,买盘
1219,11:06:42,2.58,6966,27,卖盘
1220,11:06:48,2.58,774,3,买盘
1221,11:06:51,2.58,4128,16,买盘
1222,11:06:54,2.58,5160,20,卖盘
1223,11:06:57,2.58,258,1,卖盘
1224,11:07:12,2.59,11620,45,买盘
1225,11:07:18,2.59,26677,103,买盘
1226,11:07:27,2.59,1813,7,买盘
1227,11:07:30,2.59,1036000,4000,买盘
1228,11:07:36,2.58,5160,20,卖盘
1229,11:07:45,2.59,259,1,买盘
1230,11:07:48,2.58,41280,160,卖盘
1231,11:07:54,2.59,3367,13,买盘
1232,11:07:57,2.58,5160,20,卖盘
1233,11:08:06,2.58,3096,12,卖盘
1234,11:08:12,2.59,1036,4,买盘
1235,11:08:18,2.58,516,2,卖盘
1236,11:08:33,2.58,33540,130,卖盘
1237,11:08:42,2.58,17544,68,卖盘
1238,11:08:45,2.58,516,2,卖盘
1239,11:08:48,2.58,5160,20,卖盘
1240,11:08:57,2.58,258,1,卖盘
1241,11:09:00,2.58,25800,100,卖盘
1242,11:09:03,2.58,5160,20,卖盘
1243,11:09:09,2.58,5418,21,卖盘
1244,11:09:24,2.59,14454,56,买盘
1245,11:09:33,2.59,7770,30,买盘
1246,11:09:36,2.59,1036,4,买盘
1247,11:09:57,2.58,2580,10,卖盘
1248,11:10:03,2.59,7770,30,买盘
1249,11:10:09,2.58,1806,7,卖盘
1250,11:10:15,2.58,25800,100,卖盘
1251,11:10:27,2.58,516,2,卖盘
1252,11:10:36,2.58,45150,175,卖盘
1253,11:10:39,2.58,52374,203,卖盘
1254,11:10:42,2.58,112230,435,卖盘
1255,11:10:45,2.58,35862,139,卖盘
1256,11:10:51,2.58,2064,8,卖盘
1257,11:10:54,2.58,3096,12,中性盘
1258,11:10:57,2.58,4386,17,买盘
1259,11:11:00,2.58,2064,8,卖盘
1260,11:11:06,2.58,10836,42,卖盘
1261,11:11:09,2.58,4644,18,买盘
1262,11:11:12,2.58,1290,5,买盘
1263,11:11:18,2.58,1290,5,买盘
1264,11:11:24,2.58,258,1,买盘
1265,11:11:30,2.58,253356,982,买盘
1266,11:11:33,2.59,144781,559,买盘
1267,11:11:36,2.58,258,1,卖盘
1268,11:11:42,2.58,5160,20,卖盘
1269,11:11:54,2.58,2580,10,卖盘
1270,11:12:00,2.58,1290,5,卖盘
1271,11:12:03,2.59,4649,18,买盘
1272,11:12:09,2.58,3873,15,卖盘
1273,11:12:27,2.58,5160,20,卖盘
1274,11:12:54,2.58,25800,100,卖盘
1275,11:13:00,2.58,2580,10,卖盘
1276,11:13:03,2.59,43512,168,买盘
1277,11:13:12,2.59,259,1,买盘
1278,11:13:18,2.59,4921,19,买盘
1279,11:13:24,2.59,3367,13,买盘
1280,11:13:27,2.58,12900,50,卖盘
1281,11:13:36,2.58,1548,6,卖盘
1282,11:13:42,2.58,2580,10,卖盘
1283,11:13:57,2.58,35383,137,卖盘
1284,11:14:03,2.58,2580,10,卖盘
1285,11:14:09,2.58,3870,15,卖盘
1286,11:14:21,2.58,25800,100,卖盘
1287,11:14:30,2.58,2580,10,卖盘
1288,11:14:42,2.58,552636,2142,卖盘
1289,11:14:45,2.58,15480,60,买盘
1290,11:14:48,2.58,1290,5,买盘
1291,11:14:51,2.58,1548,6,买盘
1292,11:15:00,2.58,516,2,买盘
1293,11:15:03,2.58,8514,33,买盘
1294,11:15:09,2.58,1032,4,买盘
1295,11:15:12,2.58,4902,19,买盘
1296,11:15:15,2.58,2064,8,买盘
1297,11:15:27,2.58,4386,17,买盘
1298,11:15:30,2.58,8256,32,买盘
1299,11:15:33,2.58,26316,102,买盘
1300,11:15:36,2.58,3354,13,买盘
1301,11:15:39,2.58,516,2,买盘
1302,11:15:45,2.58,258,1,买盘
1303,11:16:00,2.58,774,3,买盘
1304,11:16:09,2.58,258,1,买盘
1305,11:16:15,2.58,21135,82,买盘
1306,11:16:27,2.58,3096,12,买盘
1307,11:16:42,2.58,12900,50,买盘
1308,11:16:45,2.58,15203,59,买盘
1309,11:17:12,2.58,7740,30,买盘
1310,11:17:21,2.58,2580,10,买盘
1311,11:17:27,2.57,29812,116,卖盘
1312,11:17:30,2.57,5140,20,卖盘
1313,11:17:48,2.58,516,2,买盘
1314,11:17:51,2.57,12593,49,卖盘
1315,11:18:03,2.57,5140,20,卖盘
1316,11:18:06,2.58,2064,8,买盘
1317,11:18:51,2.58,9804,38,买盘
1318,11:19:03,2.58,1032,4,买盘
1319,11:19:06,2.58,258000,1000,买盘
1320,11:19:09,2.58,145770,565,买盘
1321,11:19:12,2.58,33282,129,买盘
1322,11:19:15,2.58,516,2,买盘
1323,11:19:24,2.58,4644,18,买盘
1324,11:19:27,2.58,594432,2304,买盘
1325,11:19:30,2.58,26316,102,卖盘
1326,11:19:33,2.59,49210,190,买盘
1327,11:19:36,2.59,259,1,买盘
1328,11:19:42,2.59,10360,40,买盘
1329,11:19:45,2.59,14978,58,买盘
1330,11:20:00,2.58,258,1,卖盘
1331,11:20:03,2.59,3626,14,买盘
1332,11:20:09,2.59,2849,11,买盘
1333,11:20:21,2.59,518,2,买盘
1334,11:20:24,2.59,259,1,买盘
1335,11:20:27,2.58,1290,5,卖盘
1336,11:20:33,2.59,20720,80,买盘
1337,11:20:36,2.59,3108,12,买盘
1338,11:20:48,2.58,5160,20,卖盘
1339,11:20:57,2.58,13674,53,卖盘
1340,11:21:03,2.59,518,2,买盘
1341,11:21:06,2.59,1295,5,买盘
1342,11:21:09,2.59,577829,2231,买盘
1343,11:21:12,2.58,180600,700,卖盘
1344,11:21:15,2.59,1295,5,买盘
1345,11:21:21,2.58,12900,50,卖盘
1346,11:21:33,2.59,16058,62,买盘
1347,11:21:45,2.58,516,2,卖盘
1348,11:22:09,2.58,5160,20,卖盘
1349,11:22:12,2.58,41022,159,卖盘
1350,11:22:21,2.58,18318,71,卖盘
1351,11:22:24,2.58,125388,486,卖盘
1352,11:22:27,2.58,5170,20,卖盘
1353,11:22:36,2.58,1290,5,卖盘
1354,11:22:42,2.58,21186,82,卖盘
1355,11:22:45,2.59,5957,23,买盘
1356,11:23:12,2.59,2590,10,买盘
1357,11:23:15,2.59,9583,37,买盘
1358,11:23:27,2.58,258,1,卖盘
1359,11:23:36,2.58,93912,364,卖盘
1360,11:23:39,2.58,8256,32,卖盘
1361,11:23:42,2.59,6993,27,买盘
1362,11:23:45,2.59,1554,6,买盘
1363,11:23:51,2.59,6216,24,买盘
1364,11:24:21,2.59,12950,50,买盘
1365,11:24:36,2.59,100492,388,买盘
1366,11:24:42,2.59,4403,17,买盘
1367,11:25:03,2.58,36120,140,卖盘
1368,11:25:06,2.59,9065,35,买盘
1369,11:25:33,2.59,1554,6,买盘
1370,11:25:36,2.58,36638,142,卖盘
1371,11:25:39,2.58,258,1,卖盘
1372,11:25:57,2.59,53606,207,买盘
1373,11:26:00,2.58,5934,23,卖盘
1374,11:26:06,2.58,24084,93,卖盘
1375,11:26:15,2.59,12950,50,买盘
1376,11:26:18,2.58,25800,100,卖盘
1377,11:26:24,2.58,61920,240,卖盘
1378,11:26:30,2.58,1290,5,卖盘
1379,11:26:33,2.58,25284,98,卖盘
1380,11:26:42,2.58,21751,84,卖盘
1381,11:27:00,2.58,85398,331,卖盘
1382,11:27:03,2.58,27606,107,买盘
1383,11:27:06,2.58,17286,67,买盘
1384,11:27:09,2.58,23736,92,买盘
1385,11:27:18,2.57,5140,20,卖盘
1386,11:27:33,2.57,29555,115,卖盘
1387,11:27:36,2.58,258,1,买盘
1388,11:27:57,2.57,12850,50,卖盘
1389,11:28:03,2.57,8995,35,卖盘
1390,11:28:12,2.57,2827,11,卖盘
1391,11:28:15,2.57,20316,79,卖盘
1392,11:28:21,2.58,258,1,买盘
1393,11:28:27,2.57,4369,17,卖盘
1394,11:28:33,2.57,15934,62,卖盘
1395,11:28:36,2.57,2570,10,卖盘
1396,11:28:57,2.57,257,1,卖盘
1397,11:29:00,2.58,84321,328,买盘
1398,11:29:03,2.58,6450,25,买盘
1399,11:29:06,2.58,7735,30,买盘
1400,11:29:09,2.57,771,3,卖盘
1401,11:29:12,2.57,52171,203,卖盘
1402,11:29:15,2.57,7710,30,卖盘
1403,11:29:21,2.57,1285,5,卖盘
1404,11:29:30,2.58,258,1,买盘
1405,11:29:33,2.58,7968,31,买盘
1406,11:29:36,2.57,179900,700,卖盘
1407,11:29:39,2.57,771,3,卖盘
1408,11:29:48,2.57,6425,25,卖盘
1409,13:00:03,2.57,4636,18,卖盘
1410,13:00:06,2.57,237982,926,卖盘
1411,13:00:09,2.57,359949,1396,卖盘
1412,13:00:12,2.57,44232,172,卖盘
1413,13:00:15,2.58,19344,75,买盘
1414,13:00:18,2.58,1548,6,买盘
1415,13:00:21,2.58,4902,19,买盘
1416,13:00:24,2.58,2064,8,买盘
1417,13:00:33,2.58,38442,149,买盘
1418,13:00:36,2.58,1032,4,买盘
1419,13:00:45,2.58,5160,20,买盘
1420,13:00:54,2.57,771,3,卖盘
1421,13:00:57,2.58,67596,262,买盘
1422,13:01:18,2.57,2056,8,卖盘
1423,13:01:21,2.57,6425,25,卖盘
1424,13:01:27,2.58,258,1,买盘
1425,13:01:42,2.58,2580,10,买盘
1426,13:02:00,2.58,20640,80,买盘
1427,13:02:03,2.57,65021,253,卖盘
1428,13:02:27,2.57,1799,7,卖盘
1429,13:02:33,2.57,15677,61,卖盘
1430,13:02:36,2.57,15934,62,卖盘
1431,13:02:42,2.57,257,1,卖盘
1432,13:02:45,2.58,3870,15,买盘
1433,13:02:51,2.58,25800,100,买盘
1434,13:03:03,2.58,8238,32,买盘
1435,13:03:21,2.58,10320,40,买盘
1436,13:03:27,2.58,10320,40,买盘
1437,13:03:33,2.58,25800,100,买盘
1438,13:03:36,2.58,15738,61,买盘
1439,13:03:45,2.57,771,3,卖盘
1440,13:03:51,2.57,1285,5,卖盘
1441,13:04:03,2.57,6168,24,卖盘
1442,13:04:06,2.57,1285,5,卖盘
1443,13:04:09,2.58,35862,139,买盘
1444,13:04:30,2.58,20640,80,买盘
1445,13:04:39,2.57,12850,50,卖盘
1446,13:04:42,2.58,22704,88,买盘
1447,13:04:48,2.58,8514,33,买盘
1448,13:05:03,2.57,4626,18,卖盘
1449,13:05:06,2.58,113520,440,买盘
1450,13:05:09,2.57,5140,20,卖盘
1451,13:05:18,2.57,13364,52,卖盘
1452,13:05:24,2.58,1548,6,买盘
1453,13:05:27,2.57,3344,13,卖盘
1454,13:05:30,2.58,258,1,买盘
1455,13:05:36,2.57,2570,10,卖盘
1456,13:05:39,2.57,41634,162,卖盘
1457,13:05:51,2.57,257,1,卖盘
1458,13:06:03,2.57,3341,13,卖盘
1459,13:06:06,2.58,5931,23,买盘
1460,13:06:09,2.58,516,2,买盘
1461,13:06:12,2.58,1290,5,买盘
1462,13:06:18,2.57,2059,8,卖盘
1463,13:06:24,2.57,2058,8,卖盘
1464,13:06:27,2.58,774,3,买盘
1465,13:06:30,2.58,516,2,买盘
1466,13:06:33,2.58,1548,6,买盘
1467,13:06:42,2.58,3096,12,买盘
1468,13:06:45,2.58,25800,100,买盘
1469,13:06:48,2.58,3354,13,买盘
1470,13:06:51,2.58,2580,10,买盘
1471,13:06:57,2.58,1548,6,买盘
1472,13:07:00,2.57,5654,22,卖盘
1473,13:07:03,2.57,3341,13,卖盘
1474,13:07:06,2.57,1542,6,卖盘
1475,13:07:09,2.58,5676,22,买盘
1476,13:07:12,2.58,774,3,买盘
1477,13:07:21,2.58,1806,7,买盘
1478,13:07:30,2.57,56044,218,卖盘
1479,13:07:36,2.58,1290,5,买盘
1480,13:07:39,2.57,4883,19,卖盘
1481,13:07:51,2.58,258,1,买盘
1482,13:08:00,2.58,11824,46,买盘
1483,13:08:03,2.57,5397,21,卖盘
1484,13:08:06,2.58,6959,27,买盘
1485,13:08:15,2.58,15996,62,买盘
1486,13:08:18,2.57,771,3,卖盘
1487,13:08:27,2.57,1028,4,卖盘
1488,13:08:30,2.57,5140,20,卖盘
1489,13:08:42,2.58,57792,224,买盘
1490,13:08:45,2.57,1028,4,卖盘
1491,13:08:48,2.58,151704,588,买盘
1492,13:08:51,2.58,52016,202,买盘
1493,13:08:54,2.57,2570,10,卖盘
1494,13:09:03,2.57,16448,64,卖盘
1495,13:09:12,2.58,774,3,买盘
1496,13:09:18,2.57,1028,4,卖盘
1497,13:09:24,2.58,516,2,买盘
1498,13:09:27,2.58,258,1,买盘
1499,13:09:30,2.57,3860,15,卖盘
1500,13:09:33,2.58,516,2,买盘
1501,13:09:39,2.58,9288,36,买盘
1502,13:09:42,2.58,5160,20,买盘
1503,13:09:48,2.58,320118,1241,买盘
1504,13:09:51,2.57,34988,136,卖盘
1505,13:10:03,2.57,5148,20,卖盘
1506,13:10:21,2.57,1285,5,卖盘
1507,13:10:27,2.58,1032,4,买盘
1508,13:10:30,2.57,1028,4,卖盘
1509,13:10:33,2.58,516,2,买盘
1510,13:10:36,2.57,2321,9,卖盘
1511,13:10:42,2.58,39990,155,买盘
1512,13:10:48,2.58,3096,12,买盘
1513,13:11:03,2.57,2313,9,卖盘
1514,13:11:12,2.58,258,1,买盘
1515,13:11:24,2.57,514,2,卖盘
1516,13:12:03,2.57,4626,18,卖盘
1517,13:12:06,2.58,4644,18,买盘
1518,13:12:12,2.58,2064,8,买盘
1519,13:12:18,2.58,516,2,买盘
1520,13:12:24,2.58,774,3,买盘
1521,13:12:27,2.58,516,2,买盘
1522,13:12:33,2.58,1032,4,买盘
1523,13:12:36,2.57,514,2,卖盘
1524,13:12:42,2.57,4125,16,卖盘
1525,13:12:45,2.57,67591,263,卖盘
1526,13:12:48,2.57,14434,56,卖盘
1527,13:12:51,2.57,10290,40,卖盘
1528,13:12:54,2.57,7710,30,卖盘
1529,13:12:57,2.58,1032,4,买盘
1530,13:13:03,2.57,11308,44,卖盘
1531,13:13:06,2.57,3598,14,卖盘
1532,13:13:09,2.58,7219,28,买盘
1533,13:13:12,2.58,3086,12,买盘
1534,13:13:21,2.58,2064,8,买盘
1535,13:13:30,2.58,4902,19,买盘
1536,13:13:36,2.58,1290,5,买盘
1537,13:13:48,2.57,1681807,6544,卖盘
1538,13:13:51,2.57,9766,38,买盘
1539,13:13:54,2.57,257,1,买盘
1540,13:13:57,2.57,2827,11,买盘
1541,13:14:00,2.57,4369,17,买盘
1542,13:14:03,2.57,257,1,买盘
1543,13:14:09,2.57,514,2,买盘
1544,13:14:12,2.57,514,2,买盘
1545,13:14:18,2.57,7710,30,买盘
1546,13:14:21,2.56,13568,53,卖盘
1547,13:14:24,2.56,9216,36,卖盘
1548,13:14:33,2.57,257,1,买盘
1549,13:14:39,2.56,256,1,卖盘
1550,13:14:42,2.56,256,1,卖盘
1551,13:14:51,2.56,7680,30,卖盘
1552,13:14:54,2.56,5396,21,卖盘
1553,13:14:57,2.56,1792,7,卖盘
1554,13:15:03,2.56,64768,253,卖盘
1555,13:15:09,2.57,4883,19,买盘
1556,13:15:15,2.56,2560,10,卖盘
1557,13:15:21,2.56,768,3,卖盘
1558,13:15:30,2.56,9764,38,卖盘
1559,13:15:33,2.57,771,3,买盘
1560,13:15:36,2.57,514,2,买盘
1561,13:15:39,2.56,513,2,卖盘
1562,13:15:48,2.57,2313,9,买盘
1563,13:15:51,2.56,768,3,卖盘
1564,13:15:54,2.57,352090,1370,买盘
1565,13:15:57,2.57,32382,126,卖盘
1566,13:16:00,2.57,10280,40,卖盘
1567,13:16:03,2.57,158312,616,卖盘
1568,13:16:06,2.57,2056,8,卖盘
1569,13:16:09,2.57,257,1,卖盘
1570,13:16:12,2.57,514,2,卖盘
1571,13:16:18,2.57,138009,537,卖盘
1572,13:16:21,2.57,771,3,卖盘
1573,13:16:33,2.58,7740,30,买盘
1574,13:16:39,2.57,215627,839,卖盘
1575,13:16:42,2.58,145215,565,买盘
1576,13:16:45,2.57,80441,313,卖盘
1577,13:16:48,2.57,19789,77,卖盘
1578,13:16:51,2.57,136240,530,卖盘
1579,13:16:54,2.57,4643,18,卖盘
1580,13:16:57,2.57,8224,32,卖盘
1581,13:17:06,2.57,257,1,卖盘
1582,13:17:12,2.57,2313,9,卖盘
1583,13:17:15,2.57,5140,20,卖盘
1584,13:17:18,2.57,514,2,卖盘
1585,13:17:21,2.57,23387,91,卖盘
1586,13:17:36,2.57,13878,54,卖盘
1587,13:18:09,2.58,6445,25,买盘
1588,13:18:12,2.58,1806,7,买盘
1589,13:18:18,2.58,774,3,买盘
1590,13:18:21,2.57,771,3,卖盘
1591,13:18:24,2.58,516,2,买盘
1592,13:18:27,2.57,5657,22,卖盘
1593,13:18:33,2.58,1548,6,买盘
1594,13:18:42,2.58,3096,12,买盘
1595,13:18:45,2.57,12593,49,卖盘
1596,13:18:48,2.58,3612,14,买盘
1597,13:18:51,2.58,2837,11,买盘
1598,13:19:09,2.57,771,3,卖盘
1599,13:19:12,2.58,162282,629,买盘
1600,13:19:27,2.58,28638,111,买盘
1601,13:19:33,2.57,493459,1920,卖盘
1602,13:19:36,2.58,258,1,买盘
1603,13:19:51,2.57,2827,11,卖盘
1604,13:20:06,2.58,37410,145,买盘
1605,13:20:15,2.57,1799,7,卖盘
1606,13:20:18,2.57,391925,1525,卖盘
1607,13:20:21,2.57,14135,55,买盘
1608,13:20:24,2.57,1285,5,买盘
1609,13:20:27,2.57,12848,50,买盘
1610,13:20:30,2.57,3855,15,买盘
1611,13:20:33,2.57,5140,20,买盘
1612,13:20:36,2.57,257,1,买盘
1613,13:20:48,2.56,23040,90,卖盘
1614,13:20:51,2.57,17219,67,买盘
1615,13:20:54,2.56,1024,4,卖盘
1616,13:21:15,2.57,10537,41,买盘
1617,13:21:21,2.56,768,3,卖盘
1618,13:21:33,2.57,2056,8,买盘
1619,13:21:36,2.57,78128,304,买盘
1620,13:21:39,2.57,3081,12,买盘
1621,13:21:42,2.57,8224,32,买盘
1622,13:21:48,2.56,1541,6,卖盘
1623,13:21:54,2.57,257,1,买盘
1624,13:22:09,2.57,771,3,买盘
1625,13:22:12,2.57,514,2,买盘
1626,13:22:15,2.56,1792,7,卖盘
1627,13:22:21,2.56,769,3,卖盘
1628,13:22:30,2.56,256,1,卖盘
1629,13:22:42,2.56,5120,20,卖盘
1630,13:22:51,2.56,115206,450,卖盘
1631,13:23:18,2.56,3072,12,卖盘
1632,13:23:21,2.57,51400,200,买盘
1633,13:23:24,2.56,512,2,卖盘
1634,13:23:42,2.56,768,3,卖盘
1635,13:23:45,2.57,74273,289,买盘
1636,13:23:48,2.57,1799,7,买盘
1637,13:23:51,2.57,1285,5,买盘
1638,13:23:57,2.57,5654,22,买盘
1639,13:24:00,2.57,27749,108,买盘
1640,13:24:03,2.57,257,1,卖盘
1641,13:24:06,2.57,1285,5,卖盘
1642,13:24:09,2.57,45250,176,卖盘
1643,13:24:12,2.57,7967,31,买盘
1644,13:24:18,2.57,514,2,买盘
1645,13:24:24,2.57,3084,12,买盘
1646,13:24:27,2.57,5140,20,买盘
1647,13:24:33,2.57,1285,5,买盘
1648,13:24:39,2.57,257,1,买盘
1649,13:24:42,2.57,3341,13,买盘
1650,13:24:48,2.57,5654,22,买盘
1651,13:24:51,2.57,2570,10,买盘
1652,13:24:54,2.57,8481,33,买盘
1653,13:24:57,2.58,12342,48,买盘
1654,13:25:00,2.57,773,3,卖盘
1655,13:25:03,2.57,30583,119,卖盘
1656,13:25:06,2.58,7481,29,买盘
1657,13:25:09,2.58,5934,23,买盘
1658,13:25:12,2.57,6682,26,卖盘
1659,13:25:15,2.56,1024,4,卖盘
1660,13:25:21,2.56,6152,24,卖盘
1661,13:25:24,2.57,8224,32,买盘
1662,13:25:27,2.57,4367,17,买盘
1663,13:25:30,2.57,6425,25,买盘
1664,13:25:33,2.57,1285,5,买盘
1665,13:25:36,2.57,1285,5,买盘
1666,13:25:54,2.57,12850,50,买盘
1667,13:25:57,2.56,12800,50,卖盘
1668,13:26:03,2.56,768,3,卖盘
1669,13:26:06,2.56,1281,5,卖盘
1670,13:26:09,2.57,36237,141,买盘
1671,13:26:27,2.56,256,1,卖盘
1672,13:26:33,2.56,6656,26,卖盘
1673,13:26:45,2.56,9216,36,卖盘
1674,13:26:48,2.57,12850,50,买盘
1675,13:26:51,2.56,1024,4,卖盘
1676,13:26:57,2.56,10752,42,卖盘
1677,13:27:00,2.57,3341,13,买盘
1678,13:27:03,2.56,512,2,卖盘
1679,13:27:06,2.56,512,2,卖盘
1680,13:27:12,2.57,10280,40,买盘
1681,13:27:15,2.57,514,2,买盘
1682,13:27:21,2.56,768,3,卖盘
1683,13:27:36,2.56,80935,315,卖盘
1684,13:27:39,2.56,1280,5,卖盘
1685,13:27:42,2.56,256,1,卖盘
1686,13:27:48,2.57,4112,16,买盘
1687,13:27:57,2.57,514,2,买盘
1688,13:28:00,2.56,12319,48,卖盘
1689,13:28:03,2.56,2816,11,卖盘
1690,13:28:12,2.57,257,1,买盘
1691,13:28:15,2.57,514,2,买盘
1692,13:28:21,2.57,2827,11,买盘
1693,13:28:39,2.56,5376,21,卖盘
1694,13:28:42,2.57,4626,18,买盘
1695,13:28:45,2.56,768,3,卖盘
1696,13:28:51,2.56,9216,36,卖盘
1697,13:28:57,2.56,5376,21,卖盘
1698,13:29:03,2.56,2304,9,卖盘
1699,13:29:06,2.57,2054,8,买盘
1700,13:29:12,2.57,257,1,买盘
1701,13:29:39,2.56,2048,8,卖盘
1702,13:29:51,2.56,256,1,卖盘
1703,13:29:54,2.56,7966,31,卖盘
1704,13:29:57,2.56,1792,7,卖盘
1705,13:30:03,2.56,4352,17,卖盘
1706,13:30:09,2.57,4883,19,买盘
1707,13:30:12,2.57,1799,7,买盘
1708,13:30:15,2.56,37632,147,卖盘
1709,13:30:18,2.57,7196,28,买盘
1710,13:30:24,2.57,514,2,买盘
1711,13:30:27,2.57,771,3,买盘
1712,13:30:33,2.57,1542,6,买盘
1713,13:30:39,2.56,768,3,卖盘
1714,13:30:42,2.57,3084,12,买盘
1715,13:30:48,2.57,2056,8,买盘
1716,13:30:51,2.57,3855,15,买盘
1717,13:31:00,2.57,25700,100,买盘
1718,13:31:03,2.56,12288,48,卖盘
1719,13:31:06,2.56,2310,9,卖盘
1720,13:31:09,2.57,5654,22,买盘
1721,13:31:15,2.57,771,3,买盘
1722,13:31:21,2.57,1799,7,买盘
1723,13:31:27,2.57,49344,192,买盘
1724,13:31:30,2.57,6425,25,买盘
1725,13:31:33,2.57,771,3,买盘
1726,13:31:36,2.57,1285,5,买盘
1727,13:31:54,2.56,1280,5,卖盘
1728,13:31:57,2.57,514,2,买盘
1729,13:32:03,2.56,4096,16,卖盘
1730,13:32:12,2.56,256,1,卖盘
1731,13:32:15,2.57,2313,9,买盘
1732,13:32:18,2.57,3341,13,买盘
1733,13:32:24,2.56,12800,50,卖盘
1734,13:32:36,2.57,257,1,买盘
1735,13:32:51,2.56,1024,4,卖盘
1736,13:32:54,2.57,2827,11,买盘
1737,13:33:00,2.57,257,1,买盘
1738,13:33:03,2.56,5120,20,卖盘
1739,13:33:21,2.57,2570,10,买盘
1740,13:33:30,2.56,256,1,卖盘
1741,13:33:45,2.56,512,2,卖盘
1742,13:33:57,2.56,8960,35,卖盘
1743,13:34:03,2.56,7432,29,卖盘
1744,13:34:21,2.56,512,2,卖盘
1745,13:34:24,2.57,52151,203,买盘
1746,13:34:27,2.57,2313,9,买盘
1747,13:34:30,2.57,2313,9,买盘
1748,13:34:33,2.57,2313,9,买盘
1749,13:34:39,2.56,1027,4,卖盘
1750,13:34:45,2.56,512,2,卖盘
1751,13:34:57,2.57,2827,11,买盘
1752,13:35:00,2.57,33410,130,买盘
1753,13:35:03,2.56,9984,39,卖盘
1754,13:35:15,2.57,10280,40,买盘
1755,13:35:24,2.57,513,2,买盘
1756,13:35:30,2.57,6422,25,买盘
1757,13:35:36,2.57,58082,226,买盘
1758,13:35:39,2.57,55255,215,买盘
1759,13:35:45,2.57,18504,72,买盘
1760,13:35:48,2.56,1536,6,卖盘
1761,13:35:51,2.57,12850,50,买盘
1762,13:35:54,2.57,10023,39,买盘
1763,13:36:03,2.56,12800,50,卖盘
1764,13:36:06,2.57,4626,18,买盘
1765,13:36:12,2.57,1799,7,买盘
1766,13:36:18,2.57,771,3,买盘
1767,13:36:21,2.57,2313,9,买盘
1768,13:36:24,2.56,36619,143,卖盘
1769,13:36:27,2.56,1794,7,卖盘
1770,13:36:30,2.57,91492,356,买盘
1771,13:36:33,2.57,4112,16,买盘
1772,13:36:36,2.57,4626,18,买盘
1773,13:36:42,2.57,38291,149,买盘
1774,13:36:45,2.57,29555,115,买盘
1775,13:36:48,2.57,3084,12,买盘
1776,13:36:51,2.56,27913,109,卖盘
1777,13:36:54,2.56,768,3,卖盘
1778,13:36:57,2.57,3341,13,买盘
1779,13:37:00,2.57,44204,172,买盘
1780,13:37:03,2.56,20736,81,卖盘
1781,13:37:09,2.57,5654,22,买盘
1782,13:37:12,2.57,514,2,买盘
1783,13:37:15,2.57,12850,50,买盘
1784,13:37:18,2.57,771,3,买盘
1785,13:37:21,2.57,1799,7,买盘
1786,13:37:30,2.57,293751,1143,买盘
1787,13:37:33,2.57,10537,41,买盘
1788,13:37:36,2.56,2053,8,卖盘
1789,13:37:39,2.57,2313,9,买盘
1790,13:37:42,2.57,2313,9,买盘
1791,13:37:45,2.56,512,2,卖盘
1792,13:38:03,2.56,6681,26,卖盘
1793,13:38:09,2.56,17920,70,卖盘
1794,13:38:30,2.56,25600,100,卖盘
1795,13:38:33,2.56,1024,4,卖盘
1796,13:38:39,2.56,768,3,卖盘
1797,13:38:42,2.57,2056,8,买盘
1798,13:38:51,2.57,1542,6,买盘
1799,13:39:03,2.56,7424,29,卖盘
1800,13:39:12,2.56,7424,29,卖盘
1801,13:39:21,2.57,5397,21,买盘
1802,13:39:36,2.57,257,1,买盘
1803,13:40:00,2.57,514,2,买盘
1804,13:40:03,2.56,2304,9,卖盘
1805,13:40:09,2.56,8219,32,卖盘
1806,13:40:15,2.57,7967,31,买盘
1807,13:40:24,2.57,514,2,买盘
1808,13:40:27,2.57,771,3,买盘
1809,13:40:30,2.57,25957,101,买盘
1810,13:40:33,2.57,257,1,买盘
1811,13:40:36,2.57,257,1,买盘
1812,13:40:54,2.57,2056,8,买盘
1813,13:41:03,2.56,1024,4,卖盘
1814,13:41:09,2.57,2570,10,买盘
1815,13:41:15,2.57,257,1,买盘
1816,13:41:27,2.57,5379,21,买盘
1817,13:41:36,2.57,771,3,买盘
1818,13:41:39,2.57,771,3,买盘
1819,13:41:45,2.57,257,1,买盘
1820,13:41:48,2.57,12850,50,买盘
1821,13:42:03,2.56,1280,5,卖盘
1822,13:42:09,2.57,4883,19,买盘
1823,13:42:12,2.57,49858,194,买盘
1824,13:42:18,2.57,7426,29,买盘
1825,13:42:24,2.56,1027,4,卖盘
1826,13:42:27,2.57,771,3,买盘
1827,13:42:33,2.57,76729,299,买盘
1828,13:42:36,2.56,11776,46,卖盘
1829,13:42:39,2.57,2570,10,买盘
1830,13:42:42,2.57,4369,17,买盘
1831,13:42:48,2.57,22039,86,买盘
1832,13:42:51,2.57,2570,10,买盘
1833,13:42:57,2.57,1542,6,买盘
1834,13:43:00,2.57,1542,6,买盘
1835,13:43:03,2.56,22016,86,卖盘
1836,13:43:09,2.57,5911,23,买盘
1837,13:43:12,2.57,771,3,买盘
1838,13:43:18,2.56,51200,200,卖盘
1839,13:43:21,2.57,2056,8,买盘
1840,13:43:30,2.57,4626,18,买盘
1841,13:43:33,2.56,7680,30,卖盘
1842,13:43:36,2.57,1285,5,买盘
1843,13:43:45,2.57,20046,78,买盘
1844,13:43:54,2.57,6425,25,买盘
1845,13:44:00,2.57,10794,42,买盘
1846,13:44:03,2.56,146433,572,卖盘
1847,13:44:06,2.55,2344695,9159,卖盘
1848,13:44:09,2.56,24646,96,中性盘
1849,13:44:12,2.56,7936,31,卖盘
1850,13:44:15,2.56,29206,114,卖盘
1851,13:44:18,2.56,20736,81,买盘
1852,13:44:21,2.56,1280,5,买盘
1853,13:44:24,2.56,256,1,买盘
1854,13:44:36,2.56,512,2,买盘
1855,13:44:39,2.55,3825,15,卖盘
1856,13:44:42,2.55,1785,7,卖盘
1857,13:44:45,2.55,23255,91,卖盘
1858,13:44:48,2.55,255,1,卖盘
1859,13:44:54,2.55,14025,55,卖盘
1860,13:44:57,2.55,132600,520,卖盘
1861,13:45:00,2.55,765,3,卖盘
1862,13:45:03,2.56,7168,28,买盘
1863,13:45:06,2.55,25500,100,卖盘
1864,13:45:12,2.55,32895,129,卖盘
1865,13:45:18,2.56,12800,50,买盘
1866,13:45:33,2.55,35955,141,卖盘
1867,13:45:36,2.55,80070,314,卖盘
1868,13:45:39,2.55,38250,150,卖盘
1869,13:45:45,2.55,1785,7,卖盘
1870,13:45:48,2.55,12750,50,卖盘
1871,13:45:51,2.55,9180,36,卖盘
1872,13:45:54,2.55,1019235,3997,卖盘
1873,13:45:57,2.55,5610,22,卖盘
1874,13:46:03,2.56,246046,964,买盘
1875,13:46:06,2.55,16320,64,卖盘
1876,13:46:09,2.55,27285,107,卖盘
1877,13:46:12,2.55,5100,20,卖盘
1878,13:46:21,2.55,1785,7,卖盘
1879,13:46:45,2.55,9435,37,卖盘
1880,13:46:48,2.55,33660,132,卖盘
1881,13:46:51,2.55,1785,7,卖盘
1882,13:46:54,2.55,5100,20,卖盘
1883,13:47:00,2.55,10200,40,卖盘
1884,13:47:06,2.55,22440,88,卖盘
1885,13:47:15,2.56,7424,29,买盘
1886,13:47:24,2.55,69870,274,卖盘
1887,13:47:30,2.55,27895,109,卖盘
1888,13:47:33,2.55,34425,135,卖盘
1889,13:47:36,2.55,25500,100,卖盘
1890,13:47:42,2.56,12770,50,买盘
1891,13:47:45,2.55,255,1,卖盘
1892,13:47:51,2.56,4608,18,买盘
1893,13:47:57,2.55,10200,40,卖盘
1894,13:48:00,2.56,154449,604,买盘
1895,13:48:03,2.56,71168,278,买盘
1896,13:48:06,2.56,3584,14,买盘
1897,13:48:18,2.55,2550,10,卖盘
1898,13:48:21,2.55,7650,30,卖盘
1899,13:48:33,2.56,512,2,买盘
1900,13:48:36,2.56,9984,39,买盘
1901,13:48:39,2.56,3840,15,买盘
1902,13:48:42,2.56,1280,5,买盘
1903,13:48:45,2.56,512,2,买盘
1904,13:48:51,2.56,256,1,买盘
1905,13:49:00,2.56,3584,14,买盘
1906,13:49:03,2.56,162304,634,买盘
1907,13:49:06,2.57,404239,1579,买盘
1908,13:49:09,2.57,47545,185,买盘
1909,13:49:21,2.56,128000,500,卖盘
1910,13:49:30,2.57,4883,19,买盘
1911,13:49:33,2.56,12800,50,卖盘
1912,13:49:36,2.57,3598,14,买盘
1913,13:49:39,2.57,771,3,买盘
1914,13:49:42,2.57,257,1,买盘
1915,13:49:45,2.56,7680,30,卖盘
1916,13:49:51,2.56,14848,58,卖盘
1917,13:49:54,2.56,5120,20,卖盘
1918,13:50:03,2.56,46848,183,卖盘
1919,13:50:06,2.56,32768,128,卖盘
1920,13:50:12,2.56,512,2,卖盘
1921,13:50:18,2.57,257,1,买盘
1922,13:50:42,2.57,257,1,买盘
1923,13:52:27,2.57,7710,30,买盘
1924,13:52:33,2.57,3084,12,买盘
1925,13:52:36,2.56,5888,23,卖盘
1926,13:52:42,2.56,19712,77,卖盘
1927,13:52:45,2.57,771,3,买盘
1928,13:52:51,2.56,3840,15,卖盘
1929,13:53:00,2.56,3584,14,卖盘
1930,13:53:03,2.56,11264,44,卖盘
1931,13:53:15,2.56,38400,150,卖盘
1932,13:53:18,2.56,256,1,卖盘
1933,13:53:21,2.56,256,1,卖盘
1934,13:53:24,2.56,20992,82,卖盘
1935,13:53:30,2.56,13248,52,卖盘
1936,13:53:36,2.56,3328,13,卖盘
1937,13:53:39,2.57,1285,5,买盘
1938,13:53:48,2.56,256,1,卖盘
1939,13:54:00,2.56,1280,5,卖盘
1940,13:54:06,2.57,4883,19,买盘
1941,13:54:09,2.56,222272,868,卖盘
1942,13:54:12,2.56,21760,85,买盘
1943,13:54:15,2.56,13056,51,买盘
1944,13:54:18,2.55,5616,22,卖盘
1945,13:54:21,2.56,73472,287,买盘
1946,13:54:33,2.56,256,1,买盘
1947,13:54:42,2.56,148921,582,买盘
1948,13:54:45,2.55,4335,17,卖盘
1949,13:54:48,2.57,257,1,买盘
1950,13:54:51,2.56,256,1,买盘
1951,13:54:54,2.56,1024,4,中性盘
1952,13:54:57,2.56,256,1,卖盘
1953,13:55:03,2.56,4864,19,卖盘
1954,13:55:06,2.56,2048,8,卖盘
1955,13:55:15,2.56,1024,4,卖盘
1956,13:55:18,2.56,27136,106,卖盘
1957,13:55:27,2.55,28816,113,卖盘
1958,13:55:33,2.56,3072,12,买盘
1959,13:55:36,2.56,1792,7,买盘
1960,13:55:39,2.56,3840,15,买盘
1961,13:55:51,2.56,256,1,买盘
1962,13:55:57,2.56,4352,17,买盘
1963,13:56:00,2.56,9984,39,买盘
1964,13:56:09,2.55,9946,39,卖盘
1965,13:56:15,2.56,3840,15,买盘
1966,13:57:03,2.55,5355,21,卖盘
1967,13:57:12,2.55,104040,408,卖盘
1968,13:57:21,2.55,1275,5,卖盘
1969,13:57:30,2.56,158720,620,买盘
1970,13:57:33,2.56,3584,14,买盘
1971,13:57:45,2.55,10220,40,卖盘
1972,13:58:27,2.55,5100,20,卖盘
1973,13:58:39,2.55,5610,22,卖盘
1974,13:58:45,2.55,5610,22,卖盘
1975,13:58:57,2.56,512,2,买盘
1976,13:59:00,2.55,510,2,卖盘
1977,13:59:06,2.55,4335,17,卖盘
1978,13:59:09,2.55,5610,22,卖盘
1979,13:59:21,2.55,14280,56,卖盘
1980,13:59:33,2.55,1020,4,卖盘
1981,13:59:51,2.56,307456,1201,买盘
1982,13:59:54,2.56,6656,26,买盘
1983,13:59:57,2.56,256,1,卖盘
1984,14:00:00,2.56,9216,36,卖盘
1985,14:00:06,2.57,4626,18,买盘
1986,14:00:09,2.56,2560,10,卖盘
1987,14:00:12,2.57,1799,7,买盘
1988,14:00:18,2.57,771,3,买盘
1989,14:00:21,2.56,2560,10,卖盘
1990,14:00:24,2.57,514,2,买盘
1991,14:00:27,2.57,771,3,买盘
1992,14:00:33,2.57,13574,53,买盘
1993,14:00:36,2.57,9766,38,买盘
1994,14:00:42,2.57,3084,12,买盘
1995,14:00:48,2.57,3341,13,买盘
1996,14:00:51,2.57,2570,10,买盘
1997,14:00:57,2.57,1799,7,买盘
1998,14:01:09,2.57,4369,17,买盘
1999,14:01:12,2.57,771,3,买盘
2000,14:01:21,2.57,3335,13,买盘
2001,14:01:24,2.56,128000,500,卖盘
2002,14:01:30,2.57,4882,19,买盘
2003,14:01:36,2.57,1285,5,买盘
2004,14:01:48,2.57,257,1,买盘
2005,14:02:06,2.56,10240,40,卖盘
2006,14:02:15,2.57,77100,300,买盘
2007,14:02:18,2.57,3341,13,买盘
2008,14:02:27,2.56,12800,50,卖盘
2009,14:02:30,2.57,20560,80,买盘
2010,14:03:06,2.56,13056,51,卖盘
2011,14:03:12,2.56,512,2,卖盘
2012,14:03:27,2.56,2304,9,卖盘
2013,14:03:33,2.56,13568,53,卖盘
2014,14:03:36,2.57,514,2,买盘
2015,14:03:57,2.56,1536,6,卖盘
2016,14:04:09,2.56,78336,306,卖盘
2017,14:04:42,2.57,771,3,买盘
2018,14:05:06,2.56,1024,4,卖盘
2019,14:05:18,2.57,8995,35,买盘
2020,14:05:27,2.56,76800,300,卖盘
2021,14:05:30,2.56,182016,711,卖盘
2022,14:05:39,2.56,9728,38,卖盘
2023,14:05:42,2.56,12800,50,卖盘
2024,14:05:54,2.56,1536,6,卖盘
2025,14:05:57,2.56,20480,80,卖盘
2026,14:06:00,2.56,5120,20,卖盘
2027,14:06:03,2.56,277248,1083,卖盘
2028,14:06:06,2.56,65792,257,卖盘
2029,14:06:09,2.56,4864,19,卖盘
2030,14:06:12,2.56,4608,18,卖盘
2031,14:06:27,2.56,256000,1000,卖盘
2032,14:06:30,2.57,1799,7,买盘
2033,14:06:33,2.56,1280,5,卖盘
2034,14:06:39,2.56,9984,39,卖盘
2035,14:06:42,2.56,256,1,卖盘
2036,14:06:45,2.56,1024,4,卖盘
2037,14:06:48,2.56,10496,41,买盘
2038,14:06:51,2.56,256,1,买盘
2039,14:06:54,2.56,256,1,买盘
2040,14:06:57,2.56,6400,25,买盘
2041,14:07:00,2.56,512,2,买盘
2042,14:07:03,2.56,19456,76,买盘
2043,14:07:06,2.56,44287,173,卖盘
2044,14:07:27,2.56,17152,67,卖盘
2045,14:07:30,2.56,2304,9,卖盘
2046,14:07:33,2.56,2816,11,卖盘
2047,14:07:51,2.56,3072,12,卖盘
2048,14:07:57,2.56,256,1,卖盘
2049,14:08:00,2.56,8192,32,买盘
2050,14:08:27,2.56,4096,16,中性盘
2051,14:08:48,2.56,19692,77,买盘
2052,14:08:51,2.56,512,2,卖盘
2053,14:09:03,2.56,21504,84,卖盘
2054,14:09:06,2.56,4096,16,买盘
2055,14:09:15,2.57,514,2,买盘
2056,14:09:18,2.56,256,1,卖盘
2057,14:09:21,2.56,6656,26,买盘
2058,14:09:24,2.56,768,3,买盘
2059,14:09:36,2.56,1536,6,买盘
2060,14:09:42,2.55,511,2,卖盘
2061,14:09:48,2.55,3060,12,卖盘
2062,14:09:57,2.55,3825,15,卖盘
2063,14:10:00,2.56,9984,39,买盘
2064,14:10:06,2.56,32512,127,买盘
2065,14:10:09,2.56,512,2,买盘
2066,14:10:15,2.56,82432,322,买盘
2067,14:10:18,2.56,9984,39,买盘
2068,14:10:21,2.56,768,3,买盘
2069,14:10:24,2.56,256,1,买盘
2070,14:10:27,2.56,3328,13,买盘
2071,14:10:30,2.56,3840,15,买盘
2072,14:10:33,2.56,2560,10,买盘
2073,14:10:36,2.55,12790,50,卖盘
2074,14:10:39,2.56,256,1,买盘
2075,14:10:48,2.56,8960,35,买盘
2076,14:11:18,2.56,256,1,买盘
2077,14:11:42,2.56,2560,10,买盘
2078,14:12:18,2.55,1020,4,卖盘
2079,14:12:30,2.56,38400,150,买盘
2080,14:12:39,2.56,5120,20,买盘
2081,14:12:48,2.55,30855,121,卖盘
2082,14:13:06,2.56,258080,1012,买盘
2083,14:13:27,2.56,10240,40,买盘
2084,14:13:36,2.55,25500,100,卖盘
2085,14:14:03,2.55,255,1,卖盘
2086,14:14:06,2.55,1020,4,卖盘
2087,14:14:18,2.56,256,1,买盘
2088,14:14:27,2.56,10240,40,买盘
2089,14:14:30,2.55,9438,37,卖盘
2090,14:14:33,2.55,255,1,卖盘
2091,14:14:42,2.56,2816,11,买盘
2092,14:14:45,2.55,255,1,卖盘
2093,14:15:03,2.55,51455,201,卖盘
2094,14:15:21,2.56,1280,5,买盘
2095,14:15:27,2.56,768,3,买盘
2096,14:15:33,2.56,36096,141,买盘
2097,14:15:39,2.56,49920,195,买盘
2098,14:15:45,2.56,512,2,买盘
2099,14:15:57,2.56,25600,100,买盘
2100,14:16:03,2.56,59434,233,买盘
2101,14:16:06,2.56,76800,300,买盘
2102,14:16:09,2.56,1792,7,买盘
2103,14:16:36,2.56,256,1,买盘
2104,14:16:42,2.56,8192,32,买盘
2105,14:16:48,2.56,31488,123,买盘
2106,14:16:51,2.56,10752,42,买盘
2107,14:16:54,2.56,1024,4,买盘
2108,14:17:00,2.56,6144,24,买盘
2109,14:17:03,2.56,184319,720,买盘
2110,14:17:06,2.56,18688,73,买盘
2111,14:17:09,2.56,256,1,买盘
2112,14:17:15,2.56,256,1,买盘
2113,14:17:30,2.56,9472,37,买盘
2114,14:17:33,2.55,1785,7,卖盘
2115,14:17:45,2.56,10240,40,买盘
2116,14:17:48,2.56,2304,9,买盘
2117,14:18:03,2.56,13311,52,买盘
2118,14:18:06,2.56,256,1,买盘
2119,14:18:09,2.55,10200,40,卖盘
2120,14:18:15,2.56,256,1,买盘
2121,14:18:36,2.56,34716,136,买盘
2122,14:18:39,2.56,512,2,买盘
2123,14:18:51,2.56,512,2,买盘
2124,14:18:57,2.56,1024,4,买盘
2125,14:19:00,2.56,8960,35,买盘
2126,14:19:03,2.55,767,3,卖盘
2127,14:19:18,2.56,10240,40,买盘
2128,14:19:24,2.56,2304,9,买盘
2129,14:19:42,2.55,2805,11,卖盘
2130,14:19:48,2.56,9728,38,买盘
2131,14:19:51,2.56,8960,35,买盘
2132,14:19:54,2.56,256,1,买盘
2133,14:19:57,2.55,7650,30,卖盘
2134,14:20:03,2.55,11220,44,卖盘
2135,14:20:06,2.56,8192,32,买盘
2136,14:20:24,2.56,256,1,买盘
