,成交时间,成交价格,成交金额,成交量,性质
0,09:25:03,63.0,241825500,38385,卖盘
1,09:30:00,62.71,21398330,3403,卖盘
2,09:30:03,62.79,16282837,2593,中性盘
3,09:30:06,62.79,51590897,8219,买盘
4,09:30:09,62.9,60301657,9598,买盘
5,09:30:12,62.76,28412854,4518,卖盘
6,09:30:15,62.79,29175468,4638,买盘
7,09:30:18,62.99,29165750,4635,买盘
8,09:30:21,62.99,24932397,3962,买盘
9,09:30:24,63.02,35130204,5581,买盘
10,09:30:27,63.1,15071969,2392,买盘
11,09:30:30,63.05,40371394,6407,中性盘
12,09:30:33,63.1,21623532,3429,中性盘
13,09:30:36,63.2,29066509,4608,买盘
14,09:30:39,63.24,32513426,5154,买盘
15,09:30:42,63.25,36267315,5740,买盘
16,09:30:45,63.24,18399050,2909,卖盘
17,09:30:48,63.24,42926703,6792,卖盘
18,09:30:51,63.07,35643261,5649,卖盘
19,09:30:54,63.0,26683003,4245,卖盘
20,09:30:57,62.71,26675305,4242,卖盘
21,09:31:00,62.66,17280816,2755,卖盘
22,09:31:03,62.4,24261541,3878,卖盘
23,09:31:06,62.39,15344108,2461,卖盘
24,09:31:09,62.2,20501867,3289,卖盘
25,09:31:12,62.39,12968717,2080,买盘
26,09:31:15,62.59,17752792,2837,买盘
27,09:31:18,62.7,19966153,3188,买盘
28,09:31:21,62.71,21702096,3460,买盘
29,09:31:24,62.94,6283709,1000,买盘
30,09:31:27,62.94,8338477,1324,卖盘
31,09:31:30,62.9,11608005,1845,卖盘
32,09:31:33,62.75,22653075,3608,卖盘
33,09:31:36,62.59,23771944,3794,卖盘
34,09:31:39,62.45,12644486,2023,卖盘
35,09:31:42,62.44,16419886,2630,卖盘
36,09:31:45,62.41,13274850,2128,中性盘
37,09:31:48,62.45,23688926,3796,买盘
38,09:31:51,62.35,14354839,2302,卖盘
39,09:31:54,62.46,12279750,1966,买盘
40,09:31:57,62.43,25073006,4018,卖盘
41,09:32:00,62.36,9897615,1587,卖盘
42,09:32:03,62.31,14040041,2252,卖盘
43,09:32:06,62.37,9575837,1537,买盘
44,09:32:09,62.24,10329274,1658,卖盘
45,09:32:12,62.17,20037852,3221,卖盘
46,09:32:15,62.21,22914313,3684,买盘
47,09:32:18,62.31,30357232,4871,买盘
48,09:32:21,62.29,13859462,2223,卖盘
49,09:32:24,62.43,6910536,1108,买盘
50,09:32:27,62.44,7957204,1277,买盘
51,09:32:30,62.37,12747065,2046,卖盘
52,09:32:33,62.39,5599570,898,买盘
53,09:32:36,62.31,11051497,1773,卖盘
54,09:32:39,62.4,11828804,1898,买盘
55,09:32:42,62.4,9912748,1590,卖盘
56,09:32:45,62.4,24042815,3853,买盘
57,09:32:48,62.39,18132560,2906,卖盘
58,09:32:51,62.43,5777192,926,买盘
59,09:32:54,62.39,8984614,1440,卖盘
60,09:32:57,62.38,13233777,2123,中性盘
61,09:33:00,62.39,16047799,2576,买盘
62,09:33:03,62.39,8842853,1418,卖盘
63,09:33:06,62.39,4864924,780,买盘
64,09:33:09,62.46,12693087,2034,买盘
65,09:33:12,62.46,11246481,1801,卖盘
66,09:33:15,62.48,2779744,445,买盘
67,09:33:18,62.52,5019979,804,买盘
68,09:33:21,62.55,5646868,903,买盘
69,09:33:24,62.55,3396603,543,卖盘
70,09:33:27,62.62,3831163,612,买盘
71,09:33:30,62.62,4414598,705,卖盘
72,09:33:33,62.62,7449924,1189,买盘
73,09:33:36,62.62,10584776,1690,买盘
74,09:33:39,62.58,8081247,1290,卖盘
75,09:33:42,62.5,12960732,2072,卖盘
76,09:33:45,62.51,8275300,1324,买盘
77,09:33:48,62.5,7050897,1128,卖盘
78,09:33:51,62.59,3403054,544,买盘
79,09:33:54,62.63,5398589,862,买盘
80,09:33:57,62.59,5606670,895,卖盘
81,09:34:00,62.56,2966513,474,卖盘
82,09:34:03,62.53,7711909,1233,卖盘
83,09:34:06,62.48,14528776,2325,卖盘
84,09:34:09,62.52,11918749,1908,买盘
85,09:34:12,62.5,15404192,2466,卖盘
86,09:34:15,62.5,10724284,1715,卖盘
87,09:34:18,62.53,8995347,1439,买盘
88,09:34:21,62.7,15451204,2468,买盘
89,09:34:24,62.76,9381539,1496,买盘
90,09:34:27,62.75,2577325,411,中性盘
91,09:34:30,62.76,5322856,848,买盘
92,09:34:33,62.76,11989937,1909,卖盘
93,09:34:36,62.86,2592316,413,买盘
94,09:34:39,62.84,9199348,1464,卖盘
95,09:34:42,62.84,1960408,312,买盘
96,09:34:45,62.84,4148185,660,买盘
97,09:34:48,62.86,8088092,1287,中性盘
98,09:34:51,62.91,3425877,545,买盘
99,09:34:54,62.9,4391507,698,卖盘
100,09:34:57,62.86,12247216,1947,卖盘
101,09:35:00,62.83,13714868,2182,卖盘
102,09:35:03,62.88,9008215,1433,买盘
103,09:35:06,62.88,4748029,755,卖盘
104,09:35:09,62.88,8310252,1321,买盘
105,09:35:12,62.87,4795983,763,卖盘
106,09:35:15,62.96,12192058,1938,买盘
107,09:35:18,63.02,18731019,2974,买盘
108,09:35:21,63.1,5465622,866,买盘
109,09:35:24,63.16,984800,156,买盘
110,09:35:27,63.16,7906746,1253,卖盘
111,09:35:30,63.17,6977480,1105,买盘
112,09:35:33,63.2,7132822,1129,买盘
113,09:35:36,63.22,6714539,1062,买盘
114,09:35:39,63.27,3181006,503,买盘
115,09:35:42,63.36,9485960,1499,买盘
116,09:35:45,63.36,6916102,1092,买盘
117,09:35:48,63.4,7411113,1170,买盘
118,09:35:51,63.31,12674227,2000,卖盘
119,09:35:54,63.32,11505701,1817,中性盘
120,09:35:57,63.32,12483001,1971,买盘
121,09:36:00,63.36,6905279,1090,买盘
122,09:36:03,63.37,15717967,2481,买盘
123,09:36:06,63.39,20186971,3187,买盘
124,09:36:09,63.34,20198418,3189,卖盘
125,09:36:12,63.2,15787013,2496,卖盘
126,09:36:15,63.28,11313860,1788,买盘
127,09:36:18,63.16,15422246,2439,卖盘
128,09:36:21,63.32,11088630,1753,买盘
129,09:36:24,63.34,27892006,4404,买盘
130,09:36:27,63.38,15371011,2425,中性盘
131,09:36:30,63.39,4218201,665,买盘
132,09:36:33,63.44,9222254,1454,买盘
133,09:36:36,63.39,5675450,895,卖盘
134,09:36:39,63.43,7980186,1258,中性盘
135,09:36:42,63.45,14614840,2304,买盘
136,09:36:45,63.46,17422087,2747,买盘
137,09:36:48,63.49,6238873,983,买盘
138,09:36:51,63.55,15239391,2400,买盘
139,09:36:54,63.55,10533937,1657,买盘
140,09:36:57,63.59,6106431,961,买盘
141,09:37:00,63.6,8998612,1415,买盘
142,09:37:03,63.59,24874421,3914,卖盘
143,09:37:06,63.47,38833665,6115,卖盘
144,09:37:09,63.47,19986568,3147,买盘
145,09:37:12,63.47,12988925,2046,卖盘
146,09:37:15,63.47,13602081,2142,卖盘
147,09:37:18,63.48,12137895,1911,中性盘
148,09:37:21,63.49,10262509,1616,中性盘
149,09:37:24,63.51,9365190,1475,买盘
150,09:37:27,63.48,6787764,1069,卖盘
151,09:37:30,63.42,10979252,1731,卖盘
152,09:37:33,63.31,9069957,1432,卖盘
153,09:37:36,63.3,6660881,1052,中性盘
154,09:37:39,63.3,5779656,913,买盘
155,09:37:42,63.3,5746476,908,买盘
156,09:37:45,63.27,11196563,1769,卖盘
157,09:37:48,63.26,3283552,519,买盘
158,09:37:51,63.22,8564392,1355,卖盘
159,09:37:54,63.18,8395045,1328,卖盘
160,09:37:57,63.2,4676204,740,买盘
161,09:38:00,63.22,4536544,718,买盘
162,09:38:03,63.2,4419291,699,卖盘
163,09:38:06,63.19,6350943,1005,卖盘
164,09:38:09,63.18,6802660,1076,卖盘
165,09:38:12,63.2,2832642,448,买盘
166,09:38:15,63.24,3643136,576,买盘
167,09:38:18,63.28,5566596,880,买盘
168,09:38:21,63.28,3095626,489,卖盘
169,09:38:24,63.33,2766011,437,买盘
170,09:38:27,63.33,2178145,344,卖盘
171,09:38:30,63.35,7749661,1224,买盘
172,09:38:33,63.35,5632077,889,买盘
173,09:38:36,63.32,6987336,1103,卖盘
174,09:38:39,63.2,16678003,2637,卖盘
175,09:38:42,63.22,12068768,1910,买盘
176,09:38:45,63.16,8447849,1338,卖盘
177,09:38:48,63.07,5223100,827,卖盘
178,09:38:51,63.08,4200221,666,买盘
179,09:38:54,63.13,3974707,630,买盘
180,09:38:57,63.1,8446183,1340,中性盘
181,09:39:00,63.1,8930987,1415,卖盘
182,09:39:03,63.16,6947045,1100,买盘
183,09:39:06,63.16,6805344,1077,买盘
184,09:39:09,63.21,5731856,906,中性盘
185,09:39:12,63.28,4667590,738,中性盘
186,09:39:15,63.31,4147432,655,买盘
187,09:39:18,63.3,3324591,525,卖盘
188,09:39:21,63.27,4842556,765,卖盘
189,09:39:24,63.31,7668694,1212,买盘
190,09:39:27,63.31,7577370,1197,买盘
191,09:39:30,63.27,11511848,1819,卖盘
192,09:39:33,63.28,5391995,852,买盘
193,09:39:36,63.25,5034306,796,卖盘
194,09:39:39,63.15,6192503,980,卖盘
195,09:39:42,63.13,7020477,1112,卖盘
196,09:39:45,63.1,6733431,1067,卖盘
197,09:39:48,63.14,4797492,760,买盘
198,09:39:51,63.15,7664400,1215,买盘
199,09:39:54,63.22,2611175,413,买盘
200,09:39:57,63.22,2565138,406,买盘
201,09:40:00,63.27,1132189,179,买盘
202,09:40:03,63.26,6304333,997,卖盘
203,09:40:06,63.22,7493367,1185,卖盘
204,09:40:09,63.27,3893156,616,买盘
205,09:40:12,63.26,2319690,367,卖盘
206,09:40:15,63.25,8236872,1302,卖盘
207,09:40:18,63.26,25295090,3996,买盘
208,09:40:21,63.27,6564018,1038,买盘
209,09:40:24,63.3,8456304,1336,中性盘
210,09:40:27,63.31,2868811,453,中性盘
211,09:40:30,63.33,3063704,484,买盘
212,09:40:33,63.31,8691616,1373,卖盘
213,09:40:36,63.26,2918381,461,卖盘
214,09:40:39,63.33,6440929,1018,买盘
215,09:40:42,63.33,2764886,437,买盘
216,09:40:45,63.29,2766898,437,卖盘
217,09:40:48,63.3,5190051,820,买盘
218,09:40:51,63.33,5880866,929,买盘
219,09:40:54,63.35,3026717,478,买盘
220,09:40:57,63.33,2292630,362,卖盘
221,09:41:00,63.33,2010373,317,卖盘
222,09:41:03,63.29,8194981,1295,卖盘
223,09:41:06,63.25,11814459,1867,卖盘
224,09:41:09,63.25,3136994,496,买盘
225,09:41:12,63.23,6276821,993,卖盘
226,09:41:15,63.22,8173678,1293,买盘
227,09:41:18,63.21,10062442,1592,卖盘
228,09:41:21,63.25,1878538,297,卖盘
229,09:41:24,63.36,18343219,2897,买盘
230,09:41:27,63.4,3993043,630,买盘
231,09:41:30,63.28,2807048,443,卖盘
232,09:41:33,63.37,4955892,782,买盘
233,09:41:36,63.28,4362140,689,卖盘
234,09:41:39,63.37,2883513,455,买盘
235,09:41:42,63.33,3072349,485,中性盘
236,09:41:45,63.35,3008471,475,买盘
237,09:41:48,63.4,35121222,5545,买盘
238,09:41:51,63.41,2179263,344,买盘
239,09:41:54,63.55,15007427,2364,买盘
240,09:41:57,63.56,4487693,706,买盘
241,09:42:00,63.59,4407145,693,买盘
242,09:42:03,63.6,10530743,1656,买盘
243,09:42:06,63.62,3008725,473,买盘
244,09:42:09,63.59,11358382,1786,卖盘
245,09:42:12,63.55,7891365,1242,卖盘
246,09:42:15,63.5,3383534,533,中性盘
247,09:42:18,63.42,7545132,1188,中性盘
248,09:42:21,63.44,2163282,341,中性盘
249,09:42:24,63.42,6961150,1096,卖盘
250,09:42:27,63.42,7789818,1227,卖盘
251,09:42:30,63.49,3882413,612,中性盘
252,09:42:33,63.55,7363545,1160,买盘
253,09:42:36,63.5,2222939,350,卖盘
254,09:42:39,63.55,3050167,480,买盘
255,09:42:42,63.5,4995714,786,卖盘
256,09:42:45,63.55,4386684,690,卖盘
257,09:42:48,63.56,3045141,479,卖盘
258,09:42:51,63.58,3705487,583,买盘
259,09:42:54,63.58,2531616,398,买盘
260,09:42:57,63.61,5531707,870,买盘
261,09:43:00,63.6,2213479,348,卖盘
262,09:43:03,63.64,5209356,819,买盘
263,09:43:06,63.68,8928983,1403,买盘
264,09:43:09,63.69,9120464,1432,买盘
265,09:43:12,63.77,2634469,413,买盘
266,09:43:15,63.77,4479425,703,卖盘
267,09:43:18,63.73,5120015,803,买盘
268,09:43:21,63.78,5896022,925,买盘
269,09:43:24,63.78,6884099,1080,卖盘
270,09:43:27,63.78,6197936,972,买盘
271,09:43:30,63.79,9835249,1542,买盘
272,09:43:33,63.79,9834505,1542,买盘
273,09:43:36,63.8,7126319,1117,买盘
274,09:43:39,63.79,9002964,1411,卖盘
275,09:43:42,63.82,7031165,1102,买盘
276,09:43:45,63.85,6351333,995,买盘
277,09:43:48,63.81,4593458,720,卖盘
278,09:43:51,63.7,19071800,2990,卖盘
279,09:43:54,63.7,5914503,928,卖盘
280,09:43:57,63.71,7251101,1138,中性盘
281,09:44:00,63.71,9097534,1427,买盘
282,09:44:03,63.73,5327237,836,买盘
283,09:44:06,63.73,3001603,471,卖盘
284,09:44:09,63.81,7354534,1154,买盘
285,09:44:12,63.77,7384914,1158,卖盘
286,09:44:15,63.73,3342000,524,卖盘
287,09:44:18,63.81,8244339,1293,买盘
288,09:44:21,63.75,6030600,946,卖盘
289,09:44:24,63.75,5665532,889,买盘
290,09:44:27,63.75,3158122,495,买盘
291,09:44:30,63.75,4389929,689,卖盘
292,09:44:33,63.64,9884083,1551,卖盘
293,09:44:36,63.71,7028916,1104,买盘
294,09:44:39,63.64,8252144,1296,卖盘
295,09:44:42,63.64,4233208,665,卖盘
296,09:44:45,63.73,9498616,1492,买盘
297,09:44:48,63.7,5166333,811,中性盘
298,09:44:51,63.66,5014368,788,卖盘
299,09:44:54,63.66,5566365,875,买盘
300,09:44:57,63.5,10703005,1683,卖盘
301,09:45:00,63.46,9321010,1468,卖盘
302,09:45:03,63.45,3952087,623,卖盘
303,09:45:06,63.39,1972882,311,卖盘
304,09:45:09,63.52,20517881,3233,买盘
305,09:45:12,63.51,4124489,649,卖盘
306,09:45:15,63.52,2104422,331,中性盘
307,09:45:18,63.59,4121779,649,买盘
308,09:45:21,63.6,1741883,274,买盘
309,09:45:24,63.64,2410718,379,买盘
310,09:45:27,63.66,2315941,364,买盘
311,09:45:30,63.7,3750361,589,买盘
312,09:45:33,63.72,8667457,1360,买盘
313,09:45:36,63.78,1776053,279,买盘
314,09:45:39,63.78,2110974,331,买盘
315,09:45:42,63.79,6985232,1095,买盘
316,09:45:45,63.8,7348076,1152,买盘
317,09:45:48,63.78,9957046,1561,卖盘
318,09:45:51,63.77,8211609,1288,中性盘
319,09:45:54,63.72,11681210,1834,中性盘
320,09:45:57,63.7,6411107,1006,买盘
321,09:46:00,63.73,6347291,996,买盘
322,09:46:03,63.7,5148491,808,卖盘
323,09:46:06,63.73,6590671,1034,买盘
324,09:46:09,63.72,2674972,420,中性盘
325,09:46:12,63.72,6176964,969,卖盘
326,09:46:15,63.67,7073680,1110,卖盘
327,09:46:18,63.71,2528273,397,买盘
328,09:46:21,63.71,5975580,938,买盘
329,09:46:24,63.71,4479152,703,买盘
330,09:46:27,63.74,1949923,306,买盘
331,09:46:30,63.75,5727802,899,买盘
332,09:46:33,63.75,1899646,298,买盘
333,09:46:36,63.75,11279712,1769,卖盘
334,09:46:39,63.8,4981099,781,买盘
335,09:46:42,63.81,5894082,924,买盘
336,09:46:45,63.85,2065447,324,买盘
337,09:46:48,63.87,7231799,1133,买盘
338,09:46:51,63.85,6098084,955,卖盘
339,09:46:54,63.87,10345297,1620,买盘
340,09:46:57,63.87,7635159,1195,买盘
341,09:47:00,63.92,9114007,1426,买盘
342,09:47:03,63.97,4645992,727,买盘
343,09:47:06,63.95,2302455,360,卖盘
344,09:47:09,63.97,3494080,546,买盘
345,09:47:12,63.98,6235629,975,买盘
346,09:47:15,63.98,11985745,1874,买盘
347,09:47:18,63.99,5630913,880,买盘
348,09:47:21,64.03,21063108,3291,买盘
349,09:47:24,64.04,2068099,323,买盘
350,09:47:27,64.1,3972956,620,买盘
351,09:47:30,64.12,2804860,438,买盘
352,09:47:33,64.16,11319955,1766,买盘
353,09:47:36,64.1,16097606,2511,卖盘
354,09:47:39,64.1,11001603,1716,卖盘
355,09:47:42,64.16,17413437,2715,买盘
356,09:47:45,64.18,7742359,1207,买盘
357,09:47:48,64.15,7639335,1191,卖盘
358,09:47:51,64.13,7665595,1195,卖盘
359,09:47:54,64.13,14424671,2251,买盘
360,09:47:57,64.09,5537927,864,卖盘
361,09:48:00,64.08,8665759,1352,中性盘
362,09:48:03,64.06,8192770,1279,中性盘
363,09:48:06,64.06,7395778,1155,卖盘
364,09:48:09,64.01,7382308,1153,卖盘
365,09:48:12,64.0,7817180,1221,卖盘
366,09:48:15,63.99,4489951,702,卖盘
367,09:48:18,63.96,11829997,1849,卖盘
368,09:48:21,63.97,8205835,1283,买盘
369,09:48:24,63.97,5346912,836,买盘
370,09:48:27,63.95,6522658,1020,卖盘
371,09:48:30,63.92,8203770,1283,卖盘
372,09:48:33,63.92,2499689,391,卖盘
373,09:48:36,63.93,4397172,688,买盘
374,09:48:39,63.88,4059348,635,卖盘
375,09:48:42,63.88,3915308,613,买盘
376,09:48:45,63.87,4687744,734,卖盘
377,09:48:48,63.81,3275942,513,卖盘
378,09:48:51,63.8,3854771,604,卖盘
379,09:48:54,63.75,5137142,806,卖盘
380,09:48:57,63.7,5421837,851,卖盘
381,09:49:00,63.64,6024338,946,中性盘
382,09:49:03,63.62,2646737,416,卖盘
383,09:49:06,63.61,2869167,451,卖盘
384,09:49:09,63.65,5041124,792,买盘
385,09:49:12,63.59,3015094,474,卖盘
386,09:49:15,63.54,3887535,611,卖盘
387,09:49:18,63.6,5135072,807,买盘
388,09:49:21,63.5,4099326,645,卖盘
389,09:49:24,63.6,5045189,794,买盘
390,09:49:27,63.53,5769368,908,卖盘
391,09:49:30,63.58,1748352,275,卖盘
392,09:49:33,63.59,1519474,239,买盘
393,09:49:36,63.58,4936584,777,卖盘
394,09:49:39,63.58,8350575,1314,买盘
395,09:49:42,63.61,1330145,209,买盘
396,09:49:45,63.61,1915472,301,买盘
397,09:49:48,63.61,2086378,328,买盘
398,09:49:51,63.61,2073602,326,买盘
399,09:49:54,63.63,2186128,344,买盘
400,09:49:57,63.63,5768987,907,卖盘
401,09:50:00,63.63,3830099,602,卖盘
402,09:50:03,63.62,2608339,410,卖盘
403,09:50:06,63.61,2748413,432,卖盘
404,09:50:09,63.63,3843065,604,买盘
405,09:50:12,63.6,3867220,608,卖盘
406,09:50:15,63.55,5658985,890,卖盘
407,09:50:18,63.5,5482080,863,卖盘
408,09:50:21,63.45,12301776,1937,卖盘
409,09:50:24,63.45,3058449,482,卖盘
410,09:50:27,63.48,2995128,472,买盘
411,09:50:30,63.46,3649276,575,卖盘
412,09:50:33,63.54,6153325,969,买盘
413,09:50:36,63.54,3544326,558,买盘
414,09:50:39,63.53,1270172,200,中性盘
415,09:50:42,63.51,2191238,345,中性盘
416,09:50:45,63.46,2215857,349,卖盘
417,09:50:48,63.5,3592530,566,买盘
418,09:50:51,63.47,4052623,638,卖盘
419,09:50:54,63.54,3617399,569,买盘
420,09:50:57,63.53,953126,150,卖盘
421,09:51:00,63.51,968224,152,卖盘
422,09:51:03,63.51,1460615,230,卖盘
423,09:51:06,63.5,1911519,301,卖盘
424,09:51:09,63.54,4281807,674,买盘
425,09:51:12,63.55,4656250,733,中性盘
426,09:51:15,63.5,6165129,971,卖盘
427,09:51:18,63.5,1866588,294,买盘
428,09:51:21,63.46,5128531,808,卖盘
429,09:51:24,63.46,5863688,924,卖盘
430,09:51:27,63.5,3710953,585,买盘
431,09:51:30,63.5,3736894,588,卖盘
432,09:51:33,63.46,3756616,592,卖盘
433,09:51:36,63.47,2524347,398,买盘
434,09:51:39,63.47,2323664,366,买盘
435,09:51:42,63.46,4087613,644,卖盘
436,09:51:45,63.47,1885350,297,卖盘
437,09:51:48,63.47,793471,125,卖盘
438,09:51:51,63.46,2551540,402,卖盘
439,09:51:54,63.47,6471225,1020,买盘
440,09:51:57,63.4,5783158,912,卖盘
441,09:52:00,63.41,1940982,306,买盘
442,09:52:03,63.42,2821258,445,中性盘
443,09:52:06,63.36,3219449,508,卖盘
444,09:52:09,63.4,2807675,443,买盘
445,09:52:12,63.33,3180268,502,卖盘
446,09:52:15,63.3,4495152,710,卖盘
447,09:52:18,63.3,4956654,783,卖盘
448,09:52:21,63.25,3802519,601,卖盘
449,09:52:24,63.24,1258442,199,卖盘
450,09:52:27,63.24,3541139,560,买盘
451,09:52:30,63.22,1017878,161,卖盘
452,09:52:33,63.21,2016228,319,卖盘
453,09:52:36,63.2,2882088,456,卖盘
454,09:52:39,63.2,4455684,705,卖盘
455,09:52:42,63.2,5340096,845,卖盘
456,09:52:45,63.15,2697694,427,卖盘
457,09:52:48,63.16,4328864,685,中性盘
458,09:52:51,63.16,7079232,1121,卖盘
459,09:52:54,63.19,4566027,722,买盘
460,09:52:57,63.3,3351554,530,买盘
461,09:53:00,63.22,1088178,172,卖盘
462,09:53:03,63.25,2597883,411,买盘
463,09:53:06,63.23,1770275,280,卖盘
464,09:53:09,63.25,847466,134,买盘
465,09:53:12,63.23,2846209,450,卖盘
466,09:53:15,63.2,2675019,423,卖盘
467,09:53:18,63.25,3351997,530,买盘
468,09:53:21,63.19,2704087,428,卖盘
469,09:53:24,63.23,2030514,321,买盘
470,09:53:27,63.2,3242312,513,卖盘
471,09:53:30,63.2,1548552,245,卖盘
472,09:53:33,63.2,3356236,531,卖盘
473,09:53:36,63.17,5563880,881,卖盘
474,09:53:39,63.14,8227443,1304,卖盘
475,09:53:42,63.11,1861920,295,中性盘
476,09:53:45,63.08,959189,152,卖盘
477,09:53:48,63.1,1684456,267,买盘
478,09:53:51,63.08,3015186,478,卖盘
479,09:53:54,63.08,5018278,796,中性盘
480,09:53:57,63.08,7561174,1198,买盘
481,09:54:00,63.08,1772976,281,卖盘
482,09:54:03,63.17,3554040,563,买盘
483,09:54:06,63.17,7379298,1168,卖盘
484,09:54:09,63.17,555914,88,卖盘
485,09:54:12,63.18,830045,131,买盘
486,09:54:15,63.18,1739830,275,卖盘
487,09:54:18,63.19,884727,140,买盘
488,09:54:21,63.2,8836483,1398,买盘
489,09:54:24,63.2,3529468,558,买盘
490,09:54:27,63.24,2136657,338,买盘
491,09:54:30,63.24,777901,123,卖盘
492,09:54:33,63.25,2126336,336,买盘
493,09:54:36,63.25,2517441,398,卖盘
494,09:54:39,63.26,2935255,464,买盘
495,09:54:42,63.28,1689094,267,买盘
496,09:54:45,63.29,2132204,337,买盘
497,09:54:48,63.28,3917392,619,卖盘
498,09:54:51,63.28,1303784,206,中性盘
499,09:54:54,63.3,2442905,386,买盘
500,09:54:57,63.27,5643058,892,卖盘
501,09:55:00,63.2,8695819,1376,卖盘
502,09:55:03,63.11,4698141,744,卖盘
503,09:55:06,63.11,1628256,258,卖盘
504,09:55:09,63.08,2177072,345,卖盘
505,09:55:12,63.11,1375287,218,买盘
506,09:55:15,63.15,1697900,269,买盘
507,09:55:18,63.11,953156,151,卖盘
508,09:55:21,63.12,2164011,343,买盘
509,09:55:24,63.12,3785700,600,卖盘
510,09:55:27,63.07,3424104,543,卖盘
511,09:55:30,63.05,3493658,554,卖盘
512,09:55:33,63.0,3327508,528,卖盘
513,09:55:36,63.02,6363239,1010,买盘
514,09:55:39,63.0,24463845,3883,卖盘
515,09:55:42,62.99,4825482,766,买盘
516,09:55:45,62.99,1933820,307,中性盘
517,09:55:48,62.99,1392160,221,卖盘
518,09:55:51,62.98,2595368,412,卖盘
519,09:55:54,62.95,3066866,487,卖盘
520,09:55:57,62.95,1057688,168,买盘
521,09:56:00,62.93,1976538,314,卖盘
522,09:56:03,62.94,3537410,562,买盘
523,09:56:06,62.96,8331131,1323,买盘
524,09:56:09,62.94,2804651,445,中性盘
525,09:56:12,63.02,2669656,424,买盘
526,09:56:15,63.0,1386396,220,卖盘
527,09:56:18,63.05,2106475,334,买盘
528,09:56:21,63.06,605301,96,买盘
529,09:56:24,63.07,1444462,229,买盘
530,09:56:27,63.07,3210649,509,卖盘
531,09:56:30,63.06,712677,113,卖盘
532,09:56:33,63.05,3346892,531,卖盘
533,09:56:36,63.05,605210,96,卖盘
534,09:56:39,63.04,3352090,532,中性盘
535,09:56:42,63.02,1121813,178,卖盘
536,09:56:45,63.03,3093696,491,中性盘
537,09:56:48,63.0,4322684,686,卖盘
538,09:56:51,62.97,1617713,257,卖盘
539,09:56:54,62.97,1114905,177,卖盘
540,09:56:57,63.0,2783066,442,买盘
541,09:57:00,62.95,3162082,502,卖盘
542,09:57:03,62.97,1806769,287,买盘
543,09:57:06,62.97,1026148,163,买盘
544,09:57:09,62.96,2417624,384,卖盘
545,09:57:12,62.95,887662,141,卖盘
546,09:57:15,62.94,1126746,179,卖盘
547,09:57:18,62.91,1680210,267,卖盘
548,09:57:21,62.91,2509824,399,买盘
549,09:57:24,62.9,1204615,192,卖盘
550,09:57:27,62.89,1339519,213,卖盘
551,09:57:30,62.88,1855322,295,卖盘
552,09:57:33,62.91,5216997,829,买盘
553,09:57:36,62.89,1591399,253,卖盘
554,09:57:39,62.9,1301994,207,卖盘
555,09:57:42,62.9,2125058,338,卖盘
556,09:57:45,62.91,1792806,285,买盘
557,09:57:48,62.9,2006802,319,卖盘
558,09:57:51,62.98,3638222,578,买盘
559,09:57:54,62.99,1529791,243,买盘
560,09:57:57,62.93,1995550,317,卖盘
561,09:58:00,62.91,1221111,194,卖盘
562,09:58:03,62.88,7477744,1189,卖盘
563,09:58:06,62.91,2211576,352,买盘
564,09:58:09,62.88,3171918,504,卖盘
565,09:58:12,62.88,918083,146,卖盘
566,09:58:15,62.94,8087655,1286,买盘
567,09:58:18,62.91,1182735,188,卖盘
568,09:58:21,62.89,2604877,414,卖盘
569,09:58:24,62.88,922303,147,卖盘
570,09:58:27,62.96,3327988,529,买盘
571,09:58:30,62.97,3521094,559,中性盘
572,09:58:33,62.91,4464344,709,卖盘
573,09:58:36,62.99,1517744,241,卖盘
574,09:58:39,62.94,2303033,366,中性盘
575,09:58:42,62.94,3772659,599,中性盘
576,09:58:45,62.94,597981,95,买盘
577,09:58:48,62.94,1951290,310,买盘
578,09:58:51,62.94,2226926,354,卖盘
579,09:58:54,62.94,1630204,259,卖盘
580,09:58:57,62.95,2400834,381,买盘
581,09:59:00,62.96,787019,125,中性盘
582,09:59:03,62.94,2899407,461,卖盘
583,09:59:06,62.93,1743525,277,卖盘
584,09:59:09,62.93,5747491,913,卖盘
585,09:59:12,62.92,604115,96,卖盘
586,09:59:15,62.93,1950512,310,买盘
587,09:59:18,62.9,3279159,521,卖盘
588,09:59:21,62.88,2911699,463,卖盘
589,09:59:24,62.89,3044693,484,买盘
590,09:59:27,62.87,2232321,355,卖盘
591,09:59:30,62.92,4530033,720,买盘
592,09:59:33,62.88,1303298,207,卖盘
593,09:59:36,63.0,938328,149,买盘
594,09:59:39,63.0,853630,135,卖盘
595,09:59:42,63.0,1726206,274,卖盘
596,09:59:45,63.01,812820,129,买盘
597,09:59:48,63.02,1424038,226,中性盘
598,09:59:51,63.03,504185,80,买盘
599,09:59:54,63.03,1143183,181,买盘
600,09:59:57,63.04,1602064,254,买盘
601,10:00:00,63.02,1897168,301,卖盘
602,10:00:03,63.01,3082341,489,中性盘
603,10:00:06,63.03,2262192,359,中性盘
604,10:00:09,63.02,891270,141,卖盘
605,10:00:12,63.04,2323263,369,买盘
606,10:00:15,63.01,3872106,614,卖盘
607,10:00:18,63.06,1275980,202,买盘
608,10:00:21,63.0,2090394,332,卖盘
609,10:00:24,63.04,680951,108,买盘
610,10:00:27,63.04,7864284,1247,卖盘
611,10:00:30,63.07,2737989,434,买盘
612,10:00:33,63.09,845183,134,中性盘
613,10:00:36,63.13,2359165,374,买盘
614,10:00:39,63.15,4435961,702,买盘
615,10:00:42,63.22,1934232,306,买盘
616,10:00:45,63.23,1106427,175,买盘
617,10:00:48,63.18,4184963,662,卖盘
618,10:00:51,63.26,803315,127,中性盘
619,10:00:54,63.26,2703093,427,买盘
620,10:00:57,63.26,5599125,885,买盘
621,10:01:00,63.26,2899383,458,买盘
622,10:01:03,63.21,3564817,564,卖盘
623,10:01:06,63.26,1657078,262,买盘
624,10:01:09,63.21,2699187,427,卖盘
625,10:01:12,63.22,1888931,299,买盘
626,10:01:15,63.22,3318813,525,买盘
627,10:01:18,63.22,916630,145,买盘
628,10:01:21,63.24,1083943,171,买盘
629,10:01:24,63.22,942131,149,卖盘
630,10:01:27,63.24,4710009,745,买盘
631,10:01:30,63.24,474295,75,卖盘
632,10:01:33,63.29,2764502,437,买盘
633,10:01:36,63.29,1587415,251,买盘
634,10:01:39,63.25,1885269,298,卖盘
635,10:01:42,63.27,3668838,580,中性盘
636,10:01:45,63.18,2677598,424,卖盘
637,10:01:48,63.2,1447972,229,买盘
638,10:01:51,63.2,720368,114,卖盘
639,10:01:54,63.2,3222823,510,买盘
640,10:01:57,63.21,2901738,459,买盘
641,10:02:00,63.22,543771,86,中性盘
642,10:02:03,63.25,2086121,330,买盘
643,10:02:06,63.24,1593174,252,中性盘
644,10:02:09,63.24,1384387,219,买盘
645,10:02:12,63.19,3766491,596,卖盘
646,10:02:15,63.21,1851497,293,买盘
647,10:02:18,63.21,777315,123,买盘
648,10:02:21,63.19,910006,144,卖盘
649,10:02:24,63.16,1365082,216,卖盘
650,10:02:27,63.18,1149651,182,买盘
651,10:02:30,63.18,334842,53,买盘
652,10:02:33,63.17,934963,148,卖盘
653,10:02:36,63.17,657000,104,卖盘
654,10:02:39,63.17,1402244,222,买盘
655,10:02:42,63.17,865405,137,买盘
656,10:02:45,63.16,1548804,245,卖盘
657,10:02:48,63.16,1916634,303,卖盘
658,10:02:51,63.18,1200242,190,中性盘
659,10:02:54,63.18,1086620,172,买盘
660,10:02:57,63.18,1054994,167,中性盘
661,10:03:00,63.18,489023,77,买盘
662,10:03:03,63.18,2830004,448,买盘
663,10:03:06,63.17,922268,146,卖盘
664,10:03:09,63.17,1304879,207,买盘
665,10:03:12,63.17,1433830,227,买盘
666,10:03:15,63.18,2990820,473,买盘
667,10:03:18,63.23,4410136,698,买盘
668,10:03:21,63.26,2506004,396,买盘
669,10:03:24,63.3,2631957,416,买盘
670,10:03:27,63.36,4422809,699,买盘
671,10:03:30,63.4,2563344,404,买盘
672,10:03:33,63.37,3243585,512,卖盘
673,10:03:36,63.37,938012,148,卖盘
674,10:03:39,63.42,3099240,489,买盘
675,10:03:42,63.37,3042942,480,卖盘
676,10:03:45,63.37,2281584,360,买盘
677,10:03:48,63.41,1349984,213,买盘
678,10:03:51,63.36,1888297,298,卖盘
679,10:03:54,63.39,2154337,340,买盘
680,10:03:57,63.32,2361689,373,卖盘
681,10:04:00,63.35,2539140,401,买盘
682,10:04:03,63.33,4541604,717,卖盘
683,10:04:06,63.3,2026080,320,卖盘
684,10:04:09,63.35,1817731,287,买盘
685,10:04:12,63.35,2420173,382,卖盘
686,10:04:15,63.37,2458421,388,买盘
687,10:04:18,63.35,3687836,582,卖盘
688,10:04:21,63.35,5517496,871,买盘
689,10:04:24,63.38,3516134,555,买盘
690,10:04:27,63.39,3792852,598,买盘
691,10:04:30,63.4,1242490,196,买盘
692,10:04:33,63.4,1445480,228,买盘
693,10:04:36,63.4,4177797,659,买盘
694,10:04:39,63.41,2973107,469,中性盘
695,10:04:42,63.38,3416881,539,卖盘
696,10:04:45,63.37,3333686,526,卖盘
697,10:04:48,63.38,1850492,292,卖盘
698,10:04:51,63.39,2624111,414,买盘
699,10:04:54,63.38,5767630,910,卖盘
700,10:04:57,63.38,2173931,343,卖盘
701,10:05:00,63.34,2395017,378,卖盘
702,10:05:03,63.33,6026640,951,买盘
703,10:05:06,63.37,1495815,236,中性盘
704,10:05:09,63.34,792247,125,卖盘
705,10:05:12,63.34,1773782,280,卖盘
706,10:05:15,63.34,1666309,263,卖盘
707,10:05:18,63.4,1185113,187,买盘
708,10:05:21,63.4,735439,116,卖盘
709,10:05:24,63.41,1439192,227,买盘
710,10:05:27,63.39,1667354,263,卖盘
711,10:05:30,63.35,4276911,675,卖盘
712,10:05:33,63.4,3973240,627,买盘
713,10:05:36,63.33,1640788,259,卖盘
714,10:05:39,63.32,1228237,194,中性盘
715,10:05:42,63.32,1981407,313,买盘
716,10:05:45,63.19,9969121,1576,卖盘
717,10:05:48,63.21,3793372,600,买盘
718,10:05:51,63.32,1011949,160,买盘
719,10:05:54,63.22,499396,79,中性盘
720,10:05:57,63.27,2130145,337,买盘
721,10:06:00,63.22,1068917,169,卖盘
722,10:06:03,63.19,2995503,474,卖盘
723,10:06:06,63.19,2236533,354,买盘
724,10:06:09,63.11,2930731,464,卖盘
725,10:06:12,63.1,2410664,382,卖盘
726,10:06:15,63.07,851462,135,卖盘
727,10:06:18,63.03,775339,123,卖盘
728,10:06:21,63.04,838479,133,买盘
729,10:06:24,63.04,1532228,243,卖盘
730,10:06:27,63.03,1236648,196,买盘
731,10:06:30,63.03,1506547,239,卖盘
732,10:06:33,63.02,1966436,312,卖盘
733,10:06:36,63.01,2866108,455,卖盘
734,10:06:39,63.0,1890056,300,卖盘
735,10:06:42,63.0,2456564,390,卖盘
736,10:06:45,63.04,2613298,415,买盘
737,10:06:48,63.04,901374,143,买盘
738,10:06:51,63.05,851129,135,买盘
739,10:06:54,63.07,630591,100,买盘
740,10:06:57,63.05,1814858,288,卖盘
741,10:07:00,63.07,529760,84,中性盘
742,10:07:03,63.07,1911452,303,卖盘
743,10:07:06,63.04,1732814,275,卖盘
744,10:07:09,63.03,2515279,399,卖盘
745,10:07:12,63.0,7412811,1177,卖盘
746,10:07:15,63.06,1918974,305,买盘
747,10:07:18,63.05,1418161,225,买盘
748,10:07:21,63.02,995879,158,卖盘
749,10:07:24,63.03,1701429,270,买盘
750,10:07:27,63.03,1153525,183,买盘
751,10:07:30,63.04,1052624,167,买盘
752,10:07:33,63.08,1835110,291,买盘
753,10:07:36,63.11,1362777,216,买盘
754,10:07:39,63.09,429093,68,卖盘
755,10:07:42,63.09,353381,56,卖盘
756,10:07:45,63.11,1564942,248,买盘
757,10:07:48,63.11,675166,107,卖盘
758,10:07:51,63.1,1886905,299,卖盘
759,10:07:54,63.06,2271121,360,卖盘
760,10:07:57,63.02,4463576,708,卖盘
761,10:08:00,63.02,2753820,437,卖盘
762,10:08:03,63.02,1525206,242,卖盘
763,10:08:06,63.02,1638418,260,卖盘
764,10:08:09,63.02,957891,152,卖盘
765,10:08:12,63.01,1512455,240,卖盘
766,10:08:15,63.03,2715489,431,买盘
767,10:08:18,63.0,3778251,600,卖盘
768,10:08:21,63.01,2191805,348,买盘
769,10:08:24,63.01,705461,112,中性盘
770,10:08:27,63.02,472568,75,买盘
771,10:08:30,63.02,1531138,243,买盘
772,10:08:33,63.0,3398590,539,卖盘
773,10:08:36,63.0,1178327,187,卖盘
774,10:08:39,63.01,1153111,183,卖盘
775,10:08:42,63.01,1235063,196,卖盘
776,10:08:45,63.02,982922,156,中性盘
777,10:08:48,63.01,1682358,267,卖盘
778,10:08:51,63.0,1058610,168,卖盘
779,10:08:54,63.01,2444272,388,中性盘
780,10:08:57,62.97,1767436,281,卖盘
781,10:09:00,62.96,1356289,215,卖盘
782,10:09:03,62.96,1552573,247,卖盘
783,10:09:06,62.97,2001239,318,买盘
784,10:09:09,62.96,1019749,162,买盘
785,10:09:12,62.96,1812142,288,买盘
786,10:09:15,63.03,4152387,659,买盘
787,10:09:18,63.03,2092440,332,卖盘
788,10:09:21,63.02,1222629,194,卖盘
789,10:09:24,63.03,3063386,486,买盘
790,10:09:27,63.03,1058922,168,卖盘
791,10:09:30,63.03,1275763,202,买盘
792,10:09:33,63.11,422644,67,买盘
793,10:09:36,63.11,656361,104,卖盘
794,10:09:39,63.12,801277,127,买盘
795,10:09:42,63.12,1073333,170,买盘
796,10:09:45,63.16,239931,38,买盘
797,10:09:48,63.19,1971047,312,买盘
798,10:09:51,63.23,372918,59,买盘
799,10:09:54,63.21,948028,150,卖盘
800,10:09:57,63.18,732991,116,卖盘
801,10:10:00,63.18,1067893,169,卖盘
802,10:10:03,63.2,1762772,279,买盘
803,10:10:06,63.22,1904010,301,买盘
804,10:10:09,63.3,911069,144,买盘
805,10:10:12,63.32,1967917,311,买盘
806,10:10:15,63.33,601486,95,买盘
807,10:10:18,63.33,1381737,218,买盘
808,10:10:21,63.35,1244267,196,中性盘
809,10:10:24,63.35,1564801,247,卖盘
810,10:10:27,63.37,2515032,397,买盘
811,10:10:30,63.36,2280500,360,中性盘
812,10:10:33,63.34,2237926,353,中性盘
813,10:10:36,63.33,1469313,232,卖盘
814,10:10:39,63.31,918009,145,中性盘
815,10:10:42,63.3,734246,116,卖盘
816,10:10:45,63.3,518973,82,买盘
817,10:10:48,63.29,734117,116,买盘
818,10:10:51,63.29,1455779,230,中性盘
819,10:10:54,63.31,784807,124,买盘
820,10:10:57,63.32,2485086,392,买盘
821,10:11:00,63.42,7130847,1125,买盘
822,10:11:03,63.42,677145,107,买盘
823,10:11:06,63.43,1697527,268,买盘
824,10:11:09,63.43,1106628,174,卖盘
825,10:11:12,63.42,1177227,186,卖盘
826,10:11:15,63.45,380620,60,中性盘
827,10:11:18,63.46,1979467,312,买盘
828,10:11:21,63.42,1655096,261,卖盘
829,10:11:24,63.43,4915018,775,买盘
830,10:11:27,63.44,570920,90,买盘
831,10:11:30,63.44,1008619,159,中性盘
832,10:11:33,63.42,1833024,289,卖盘
833,10:11:36,63.42,1997931,315,卖盘
834,10:11:39,63.42,1249323,197,买盘
835,10:11:42,63.43,710426,112,中性盘
836,10:11:45,63.45,1106300,174,买盘
837,10:11:48,63.45,1729344,273,买盘
838,10:11:51,63.51,12344471,1944,买盘
839,10:11:54,63.55,2566700,404,买盘
840,10:11:57,63.58,764072,120,买盘
841,10:12:00,63.6,6237634,981,买盘
842,10:12:03,63.55,812249,128,卖盘
843,10:12:06,63.59,2771422,436,买盘
844,10:12:09,63.58,3867468,608,买盘
845,10:12:12,63.58,769228,121,买盘
846,10:12:15,63.58,915439,144,买盘
847,10:12:18,63.59,1609167,253,卖盘
848,10:12:21,63.62,1297533,204,买盘
849,10:12:24,63.6,1240188,195,中性盘
850,10:12:27,63.59,1348260,212,卖盘
851,10:12:30,63.57,6422241,1010,卖盘
852,10:12:33,63.59,4825685,759,买盘
853,10:12:36,63.58,1513201,238,卖盘
854,10:12:39,63.6,2264529,356,买盘
855,10:12:42,63.62,1994733,314,买盘
856,10:12:45,63.65,3822004,601,买盘
857,10:12:48,63.67,1413335,222,买盘
858,10:12:51,63.67,1731643,272,买盘
859,10:12:54,63.67,1610962,253,卖盘
860,10:12:57,63.7,1402641,220,买盘
861,10:13:00,63.73,1232623,193,买盘
862,10:13:03,63.76,1495626,235,买盘
863,10:13:06,63.7,7638022,1198,卖盘
864,10:13:09,63.76,5218136,819,买盘
865,10:13:12,63.71,1917594,301,中性盘
866,10:13:15,63.72,1281125,201,买盘
867,10:13:18,63.68,5445432,855,卖盘
868,10:13:21,63.7,7941160,1247,买盘
869,10:13:24,63.72,1286450,202,买盘
870,10:13:27,63.72,1323058,208,卖盘
871,10:13:30,63.73,1408449,221,买盘
872,10:13:33,63.74,558395,88,买盘
873,10:13:36,63.76,1831029,287,买盘
874,10:13:39,63.74,1377337,216,卖盘
875,10:13:42,63.76,3142727,493,买盘
876,10:13:45,63.77,2091663,328,买盘
877,10:13:48,63.79,1958139,307,买盘
878,10:13:51,63.78,3424323,537,卖盘
879,10:13:54,63.81,1825924,286,买盘
880,10:13:57,63.82,2717574,426,买盘
881,10:14:00,63.83,931731,146,买盘
882,10:14:03,63.84,793995,124,买盘
883,10:14:06,63.85,1450302,227,买盘
884,10:14:09,63.85,1215568,190,买盘
885,10:14:12,63.86,5281612,827,买盘
886,10:14:15,63.88,2165057,339,买盘
887,10:14:18,63.89,1276004,200,买盘
888,10:14:21,63.9,4844597,758,买盘
889,10:14:24,63.88,3475648,544,卖盘
890,10:14:27,63.9,3577330,560,买盘
891,10:14:30,63.9,7492649,1172,卖盘
892,10:14:33,63.91,1885204,295,中性盘
893,10:14:36,63.9,2739501,429,卖盘
894,10:14:39,63.92,2135353,334,中性盘
895,10:14:42,63.9,8284946,1296,卖盘
896,10:14:45,63.88,2268596,355,卖盘
897,10:14:48,63.88,2536796,397,卖盘
898,10:14:51,63.86,2574424,403,卖盘
899,10:14:54,63.85,4042476,633,卖盘
900,10:14:57,63.79,1769238,277,卖盘
901,10:15:00,63.8,1776033,278,中性盘
902,10:15:03,63.81,1485236,233,中性盘
903,10:15:06,63.76,1722043,270,卖盘
904,10:15:09,63.79,2586468,406,买盘
905,10:15:12,63.77,2206700,346,中性盘
906,10:15:15,63.76,2805833,440,卖盘
907,10:15:18,63.77,2831999,444,中性盘
908,10:15:21,63.79,1428908,224,中性盘
909,10:15:24,63.83,2663846,417,买盘
910,10:15:27,63.84,1120169,175,中性盘
911,10:15:30,63.85,2394532,375,买盘
912,10:15:33,63.9,1201082,188,买盘
913,10:15:36,63.92,2908973,455,买盘
914,10:15:39,63.95,1531481,240,买盘
915,10:15:42,64.0,27913773,4362,买盘
916,10:15:45,64.04,10866161,1698,买盘
917,10:15:48,64.05,3760175,587,买盘
918,10:15:51,64.1,2223957,347,买盘
919,10:15:54,64.1,3544287,553,买盘
920,10:15:57,64.12,2018346,315,买盘
921,10:16:00,64.14,8512962,1327,中性盘
922,10:16:03,64.09,7365901,1149,卖盘
923,10:16:06,64.05,3274457,511,卖盘
924,10:16:09,64.1,2766315,432,买盘
925,10:16:12,64.0,3950259,617,卖盘
926,10:16:15,64.09,2972472,464,买盘
927,10:16:18,64.0,5584242,872,卖盘
928,10:16:21,64.09,1582325,247,买盘
929,10:16:24,64.05,5144195,804,中性盘
930,10:16:27,64.04,390538,61,中性盘
931,10:16:30,64.03,6014544,939,中性盘
932,10:16:33,64.04,1572888,246,买盘
933,10:16:36,64.03,1155003,180,卖盘
934,10:16:39,64.04,4381524,684,买盘
935,10:16:42,64.05,2302597,360,买盘
936,10:16:45,64.05,2666773,416,卖盘
937,10:16:48,64.04,1409075,220,卖盘
938,10:16:51,64.0,2078962,325,卖盘
939,10:16:54,63.93,3531409,552,卖盘
940,10:16:57,63.98,1132054,177,买盘
941,10:17:00,63.97,1266646,198,中性盘
942,10:17:03,64.0,1464605,229,买盘
943,10:17:06,63.96,2251862,352,中性盘
944,10:17:09,64.0,1938925,303,买盘
945,10:17:12,63.98,959920,150,中性盘
946,10:17:15,63.99,3901722,610,卖盘
947,10:17:18,64.0,3199693,500,买盘
948,10:17:21,63.99,678329,106,中性盘
949,10:17:24,63.97,2335417,365,卖盘
950,10:17:27,64.0,3192549,499,买盘
951,10:17:30,63.98,492744,77,买盘
952,10:17:33,63.95,1259982,197,卖盘
953,10:17:36,63.98,1969954,308,买盘
954,10:17:39,63.95,767453,120,卖盘
955,10:17:42,63.97,1976633,309,买盘
956,10:17:45,64.0,2310125,361,买盘
957,10:17:48,63.97,2232097,349,卖盘
958,10:17:51,63.98,1484456,232,买盘
959,10:17:54,63.98,563084,88,卖盘
960,10:17:57,63.98,607902,95,卖盘
961,10:18:00,63.99,1977008,309,买盘
962,10:18:03,63.96,2059752,322,卖盘
963,10:18:06,63.91,843947,132,卖盘
964,10:18:09,63.95,1009906,158,买盘
965,10:18:12,63.91,632898,99,卖盘
966,10:18:15,63.91,671107,105,卖盘
967,10:18:18,63.92,1048173,164,中性盘
968,10:18:21,63.92,735151,115,卖盘
969,10:18:24,63.93,1553452,243,中性盘
970,10:18:27,63.94,1528255,239,买盘
971,10:18:30,63.94,888701,139,买盘
972,10:18:33,63.94,792856,124,卖盘
973,10:18:36,63.94,716192,112,卖盘
974,10:18:39,63.93,428380,67,卖盘
975,10:18:42,63.93,1260773,197,卖盘
976,10:18:45,63.94,773607,121,买盘
977,10:18:48,63.92,1860340,291,卖盘
978,10:18:51,63.92,2754993,431,卖盘
979,10:18:54,63.92,2855954,447,卖盘
980,10:18:57,63.91,940875,147,卖盘
981,10:19:00,63.92,1730790,271,买盘
982,10:19:03,63.91,1124888,176,卖盘
983,10:19:06,63.93,1732227,271,买盘
984,10:19:09,63.92,1380511,216,中性盘
985,10:19:12,63.92,830846,130,买盘
986,10:19:15,63.95,6124836,958,买盘
987,10:19:18,63.98,1339276,209,买盘
988,10:19:21,63.99,5136058,803,买盘
989,10:19:24,63.99,1378764,215,卖盘
990,10:19:27,64.01,1216039,190,买盘
991,10:19:30,64.02,691292,108,中性盘
992,10:19:33,64.04,627395,98,买盘
993,10:19:36,64.02,2259857,353,卖盘
994,10:19:39,63.98,1749458,273,卖盘
995,10:19:42,63.93,1938358,303,卖盘
996,10:19:45,63.92,1595556,250,卖盘
997,10:19:48,63.94,2160695,338,买盘
998,10:19:51,63.99,722733,113,买盘
999,10:19:54,63.94,95903,15,中性盘
1000,10:19:57,63.96,792936,124,买盘
1001,10:20:00,63.95,454059,71,卖盘
1002,10:20:03,64.0,3236399,506,买盘
1003,10:20:06,63.99,2724553,426,中性盘
1004,10:20:09,63.98,575796,90,卖盘
1005,10:20:12,63.96,1138654,178,卖盘
1006,10:20:15,63.96,1842257,288,卖盘
1007,10:20:18,63.96,1528558,239,买盘
1008,10:20:21,63.95,1247124,195,卖盘
1009,10:20:24,63.95,2717983,425,卖盘
1010,10:20:27,63.95,665119,104,卖盘
1011,10:20:30,63.96,1867396,292,买盘
1012,10:20:33,63.97,1707728,267,买盘
1013,10:20:36,63.96,805961,126,卖盘
1014,10:20:39,63.97,2171066,339,买盘
1015,10:20:42,63.98,1518718,237,买盘
1016,10:20:45,63.99,1207950,189,买盘
1017,10:20:48,63.98,569407,89,中性盘
1018,10:20:51,63.98,1073696,168,中性盘
1019,10:20:54,63.99,569389,89,买盘
1020,10:20:57,64.0,2839914,444,买盘
1021,10:21:00,63.98,4357106,681,卖盘
1022,10:21:03,64.0,959868,150,买盘
1023,10:21:06,64.01,1049570,164,买盘
1024,10:21:09,64.0,1951392,305,卖盘
1025,10:21:12,64.02,1894914,296,买盘
1026,10:21:15,64.03,845124,132,买盘
1027,10:21:18,64.04,1405299,219,买盘
1028,10:21:21,64.09,2809833,439,买盘
1029,10:21:24,64.09,2102094,328,买盘
1030,10:21:27,64.12,4356728,680,买盘
1031,10:21:30,64.12,1456599,227,买盘
1032,10:21:33,64.15,1032464,161,买盘
1033,10:21:36,64.16,1465111,228,买盘
1034,10:21:39,64.15,2776470,433,卖盘
1035,10:21:42,64.16,2388221,372,买盘
1036,10:21:45,64.17,4841880,755,买盘
1037,10:21:48,64.17,2432028,379,卖盘
1038,10:21:51,64.19,1872651,292,买盘
1039,10:21:54,64.19,847213,132,买盘
1040,10:21:57,64.16,7946540,1238,卖盘
1041,10:22:00,64.14,7785168,1214,卖盘
1042,10:22:03,64.1,2115217,330,中性盘
1043,10:22:06,64.05,2292930,358,卖盘
1044,10:22:09,63.99,4377922,684,卖盘
1045,10:22:12,63.97,2981259,466,卖盘
1046,10:22:15,64.01,4171726,652,买盘
1047,10:22:18,63.99,1196570,187,中性盘
1048,10:22:21,64.01,1318322,206,买盘
1049,10:22:24,64.01,1920229,300,买盘
1050,10:22:27,64.01,953980,149,卖盘
1051,10:22:30,64.03,2906336,454,中性盘
1052,10:22:33,64.0,1581211,247,中性盘
1053,10:22:36,64.0,928072,145,中性盘
1054,10:22:39,63.98,1273438,199,卖盘
1055,10:22:42,64.0,1580553,247,买盘
1056,10:22:45,63.99,2182070,341,卖盘
1057,10:22:48,64.0,1650928,258,买盘
1058,10:22:51,64.02,1164945,182,买盘
1059,10:22:54,64.0,2092075,327,卖盘
1060,10:22:57,64.02,1396043,218,中性盘
1061,10:23:00,64.0,1616954,253,卖盘
1062,10:23:03,64.04,1017994,159,买盘
1063,10:23:06,63.99,1581131,247,卖盘
1064,10:23:09,64.0,3314751,518,买盘
1065,10:23:12,64.02,1133088,177,买盘
1066,10:23:15,64.04,2398373,375,买盘
1067,10:23:18,64.04,1088719,170,卖盘
1068,10:23:21,64.04,2627373,410,买盘
1069,10:23:24,64.06,518805,81,买盘
1070,10:23:27,64.04,799234,125,卖盘
1071,10:23:30,64.04,1844606,288,买盘
1072,10:23:33,64.0,1939627,303,卖盘
1073,10:23:36,64.0,902627,141,卖盘
1074,10:23:39,63.93,2952781,462,卖盘
1075,10:23:42,63.92,1828275,286,卖盘
1076,10:23:45,63.93,2838262,444,买盘
1077,10:23:48,63.98,2622438,410,买盘
1078,10:23:51,63.98,710062,111,买盘
1079,10:23:54,63.99,198331,31,买盘
1080,10:23:57,63.97,1522938,238,卖盘
1081,10:24:00,63.95,1291588,202,卖盘
1082,10:24:03,63.93,3789880,593,中性盘
1083,10:24:06,63.92,1796077,281,卖盘
1084,10:24:09,63.96,4029331,630,买盘
1085,10:24:12,63.98,3410396,533,买盘
1086,10:24:15,64.0,2149959,336,买盘
1087,10:24:18,64.0,422283,66,买盘
1088,10:24:21,63.99,3167940,495,中性盘
1089,10:24:24,64.0,1830372,286,买盘
1090,10:24:27,64.0,665527,104,买盘
1091,10:24:30,63.99,889527,139,中性盘
1092,10:24:33,64.0,1126289,176,买盘
1093,10:24:36,64.0,1759842,275,买盘
1094,10:24:39,64.01,1491162,233,买盘
1095,10:24:42,64.02,1062517,166,买盘
1096,10:24:45,64.02,1791124,280,买盘
1097,10:24:48,64.05,2902516,453,买盘
1098,10:24:51,64.08,1975558,308,买盘
1099,10:24:54,64.1,2582320,403,买盘
1100,10:24:57,64.04,1040230,162,卖盘
1101,10:25:00,64.04,2383037,372,买盘
1102,10:25:03,64.06,2875257,449,买盘
1103,10:25:06,64.07,1015978,159,买盘
1104,10:25:09,64.05,1251735,195,卖盘
1105,10:25:12,64.06,1185075,185,卖盘
1106,10:25:15,64.03,6795098,1061,卖盘
1107,10:25:18,64.02,3072399,480,卖盘
1108,10:25:21,64.01,1446333,226,买盘
1109,10:25:24,64.03,1164883,182,买盘
1110,10:25:27,63.97,844867,132,卖盘
1111,10:25:30,63.97,1043075,163,卖盘
1112,10:25:33,63.97,921399,144,卖盘
1113,10:25:36,63.96,1183463,185,卖盘
1114,10:25:39,64.0,850867,133,买盘
1115,10:25:42,63.97,1170839,183,卖盘
1116,10:25:45,63.99,339084,53,买盘
1117,10:25:48,64.01,618193,97,买盘
1118,10:25:51,64.01,678447,106,买盘
1119,10:25:54,64.01,313656,49,卖盘
1120,10:25:57,64.01,909047,142,卖盘
1121,10:26:00,64.01,902629,141,卖盘
1122,10:26:03,64.01,1030625,161,卖盘
1123,10:26:06,64.04,3173846,496,买盘
1124,10:26:09,64.06,1191068,186,买盘
1125,10:26:12,64.06,1466639,229,买盘
1126,10:26:15,64.07,1313473,205,买盘
1127,10:26:18,64.1,1206490,188,买盘
1128,10:26:21,64.1,288435,45,买盘
1129,10:26:24,64.12,2424436,378,买盘
1130,10:26:27,64.14,2442844,381,买盘
1131,10:26:30,64.14,6158603,960,买盘
1132,10:26:33,64.2,11860164,1847,买盘
1133,10:26:36,64.23,5003477,779,买盘
1134,10:26:39,64.27,1214580,189,买盘
1135,10:26:42,64.28,2114685,329,买盘
1136,10:26:45,64.23,3662288,570,卖盘
1137,10:26:48,64.24,2909642,453,买盘
1138,10:26:51,64.25,1766452,275,买盘
1139,10:26:54,64.25,3919024,610,买盘
1140,10:26:57,64.28,1420376,221,买盘
1141,10:27:00,64.29,1356600,211,买盘
1142,10:27:03,64.25,4627426,720,卖盘
1143,10:27:06,64.26,5192082,808,买盘
1144,10:27:09,64.24,3481379,542,卖盘
1145,10:27:12,64.27,3327624,518,买盘
1146,10:27:15,64.27,918926,143,卖盘
1147,10:27:18,64.27,1696532,264,买盘
1148,10:27:21,64.28,640209,100,买盘
1149,10:27:24,64.29,8018435,1247,买盘
1150,10:27:27,64.33,636616,99,中性盘
1151,10:27:30,64.35,1213117,189,买盘
1152,10:27:33,64.35,1745175,271,买盘
1153,10:27:36,64.36,1416964,220,中性盘
1154,10:27:39,64.4,4325094,672,买盘
1155,10:27:42,64.4,3079593,478,买盘
1156,10:27:45,64.39,4469319,694,卖盘
1157,10:27:48,64.4,6987585,1085,买盘
1158,10:27:51,64.41,2749812,427,买盘
1159,10:27:54,64.41,3851517,598,买盘
1160,10:27:57,64.43,895491,139,买盘
1161,10:28:00,64.43,3147664,488,买盘
1162,10:28:03,64.41,9216804,1431,卖盘
1163,10:28:06,64.45,6519045,1012,买盘
1164,10:28:09,64.44,5713434,887,卖盘
1165,10:28:12,64.42,3627079,563,中性盘
1166,10:28:15,64.41,8202929,1273,卖盘
1167,10:28:18,64.42,1359156,211,中性盘
1168,10:28:21,64.42,3497968,543,买盘
1169,10:28:24,64.45,3229285,501,买盘
1170,10:28:27,64.45,1913944,297,买盘
1171,10:28:30,64.45,2480957,385,买盘
1172,10:28:33,64.45,4339856,673,买盘
1173,10:28:36,64.45,1884241,292,买盘
1174,10:28:39,64.46,896019,139,中性盘
1175,10:28:42,64.48,4086714,634,买盘
1176,10:28:45,64.47,1018635,158,卖盘
1177,10:28:48,64.47,2933613,455,买盘
1178,10:28:51,64.41,6504861,1009,卖盘
1179,10:28:54,64.4,7073492,1098,卖盘
1180,10:28:57,64.41,3813729,592,中性盘
1181,10:29:00,64.42,3124982,485,中性盘
1182,10:29:03,64.43,2035685,316,买盘
1183,10:29:06,64.43,2712259,421,买盘
1184,10:29:09,64.41,1526922,237,卖盘
1185,10:29:12,64.44,2473990,384,买盘
1186,10:29:15,64.45,1262917,196,买盘
1187,10:29:18,64.47,1323610,205,买盘
1188,10:29:21,64.45,1263471,196,卖盘
1189,10:29:24,64.44,2472413,384,卖盘
1190,10:29:27,64.46,4249488,659,买盘
1191,10:29:30,64.46,1830044,284,买盘
1192,10:29:33,64.46,3938998,611,买盘
1193,10:29:36,64.46,2065637,320,卖盘
1194,10:29:39,64.44,1956916,304,卖盘
1195,10:29:42,64.47,2342757,363,买盘
1196,10:29:45,64.47,1695784,263,买盘
1197,10:29:48,64.48,1507367,234,买盘
1198,10:29:51,64.47,1489486,231,卖盘
1199,10:29:54,64.48,2599294,403,买盘
1200,10:29:57,64.48,3222155,500,买盘
1201,10:30:00,64.44,2096797,325,卖盘
1202,10:30:03,64.45,5183883,804,卖盘
1203,10:30:06,64.4,1950223,303,卖盘
1204,10:30:09,64.44,7109267,1104,买盘
1205,10:30:12,64.48,1591832,247,买盘
1206,10:30:15,64.46,793053,123,卖盘
1207,10:30:18,64.49,3591526,557,买盘
1208,10:30:21,64.49,1462148,227,买盘
1209,10:30:24,64.5,1552974,241,买盘
1210,10:30:27,64.5,10354632,1605,买盘
1211,10:30:30,64.54,9124626,1415,买盘
1212,10:30:33,64.54,416931,65,买盘
1213,10:30:36,64.58,3903469,605,买盘
1214,10:30:39,64.61,4091479,633,买盘
1215,10:30:42,64.63,625511,97,买盘
1216,10:30:45,64.6,8007092,1239,卖盘
1217,10:30:48,64.55,5272495,816,卖盘
1218,10:30:51,64.61,5758281,891,买盘
1219,10:30:54,64.65,1660867,257,买盘
1220,10:30:57,64.68,1288042,199,买盘
1221,10:31:00,64.69,3300343,510,买盘
1222,10:31:03,64.74,899468,139,买盘
1223,10:31:06,64.75,1398444,216,买盘
1224,10:31:09,64.78,3265195,504,买盘
1225,10:31:12,64.79,9214478,1422,买盘
1226,10:31:15,64.8,10428817,1609,买盘
1227,10:31:18,64.82,6241408,963,买盘
1228,10:31:21,64.82,3565346,550,买盘
1229,10:31:24,64.83,3416540,527,买盘
1230,10:31:27,64.76,19081007,2944,卖盘
1231,10:31:30,64.75,8231543,1271,卖盘
1232,10:31:33,64.77,6101422,942,买盘
1233,10:31:36,64.83,4680130,722,买盘
1234,10:31:39,64.83,2962060,457,卖盘
1235,10:31:42,64.83,1264250,195,卖盘
1236,10:31:45,64.85,8248531,1272,买盘
1237,10:31:48,64.86,5415750,835,买盘
1238,10:31:51,64.88,3754846,579,买盘
1239,10:31:54,64.86,2685774,414,卖盘
1240,10:31:57,64.92,4828592,744,买盘
1241,10:32:00,64.88,2489253,384,卖盘
1242,10:32:03,64.87,9251362,1426,卖盘
1243,10:32:06,64.81,4052853,625,卖盘
1244,10:32:09,64.82,4187488,646,买盘
1245,10:32:12,64.89,1599429,247,买盘
1246,10:32:15,64.93,2589363,399,买盘
1247,10:32:18,64.85,5443538,839,卖盘
1248,10:32:21,64.9,2076408,320,买盘
1249,10:32:24,64.9,1557534,240,卖盘
1250,10:32:27,64.89,4763466,734,中性盘
1251,10:32:30,64.9,6117140,942,买盘
1252,10:32:33,64.93,2362765,364,买盘
1253,10:32:36,65.01,67768625,10426,买盘
1254,10:32:39,65.02,13677687,2104,中性盘
1255,10:32:42,65.05,2648940,407,买盘
1256,10:32:45,65.07,5464393,840,买盘
1257,10:32:48,65.1,3062768,471,买盘
1258,10:32:51,65.13,2455344,377,买盘
1259,10:32:54,65.14,1979994,304,买盘
1260,10:32:57,65.19,6314349,969,买盘
1261,10:33:00,65.16,5558123,853,卖盘
1262,10:33:03,65.18,9314763,1429,买盘
1263,10:33:06,65.18,5290744,812,买盘
1264,10:33:09,65.21,7014133,1076,买盘
1265,10:33:12,65.09,25292673,3884,卖盘
1266,10:33:15,65.09,7137758,1097,买盘
1267,10:33:18,65.09,4845355,744,买盘
1268,10:33:21,65.08,3918465,602,卖盘
1269,10:33:24,65.05,3844310,591,卖盘
1270,10:33:27,65.04,4259403,655,卖盘
1271,10:33:30,65.01,2998177,461,卖盘
1272,10:33:33,64.97,2015460,310,卖盘
1273,10:33:36,64.97,1377634,212,卖盘
1274,10:33:39,65.01,4549642,700,买盘
1275,10:33:42,65.02,5521461,849,买盘
1276,10:33:45,65.03,5107791,786,中性盘
1277,10:33:48,65.06,1144657,176,买盘
1278,10:33:51,65.02,1378840,212,卖盘
1279,10:33:54,65.08,3322253,511,买盘
1280,10:33:57,65.07,832673,128,中性盘
1281,10:34:00,65.02,1431348,220,卖盘
1282,10:34:03,64.95,7175050,1104,卖盘
1283,10:34:06,64.9,9230461,1422,卖盘
1284,10:34:09,64.83,4417813,681,卖盘
1285,10:34:12,64.72,5805251,896,卖盘
1286,10:34:15,64.7,1611451,249,卖盘
1287,10:34:18,64.65,4799759,742,卖盘
1288,10:34:21,64.6,865928,134,卖盘
1289,10:34:24,64.59,1227409,190,卖盘
1290,10:34:27,64.6,1828514,283,买盘
1291,10:34:30,64.6,3327021,515,买盘
1292,10:34:33,64.6,2312718,358,买盘
1293,10:34:36,64.61,807639,125,中性盘
1294,10:34:39,64.64,898301,139,买盘
1295,10:34:42,64.61,1224120,189,卖盘
1296,10:34:45,64.61,2440128,378,卖盘
1297,10:34:48,64.62,1363263,211,买盘
1298,10:34:51,64.65,1741209,269,买盘
1299,10:34:54,64.64,1318637,204,中性盘
1300,10:34:57,64.64,1649305,255,卖盘
1301,10:35:00,64.61,5214814,807,卖盘
1302,10:35:03,64.62,2164885,335,中性盘
1303,10:35:06,64.63,2920836,452,买盘
1304,10:35:09,64.61,2856182,442,卖盘
1305,10:35:12,64.6,2358540,365,卖盘
1306,10:35:15,64.58,10896554,1687,卖盘
1307,10:35:18,64.62,1898979,294,买盘
1308,10:35:21,64.66,3974954,615,买盘
1309,10:35:24,64.67,680271,105,买盘
1310,10:35:27,64.7,1981033,306,买盘
1311,10:35:30,64.71,1371791,212,中性盘
1312,10:35:33,64.72,1378347,213,买盘
1313,10:35:36,64.75,1534389,237,买盘
1314,10:35:39,64.72,2777025,429,卖盘
1315,10:35:42,64.71,4238491,655,卖盘
1316,10:35:45,64.65,2108151,326,卖盘
1317,10:35:48,64.65,1887763,292,卖盘
1318,10:35:51,64.65,4814165,745,中性盘
1319,10:35:54,64.62,2023492,313,卖盘
1320,10:35:57,64.65,2218301,343,买盘
1321,10:36:00,64.73,2812790,435,买盘
1322,10:36:03,64.72,2194006,339,卖盘
1323,10:36:06,64.74,1217043,188,买盘
1324,10:36:09,64.74,1381699,213,卖盘
1325,10:36:12,64.8,2287049,353,买盘
1326,10:36:15,64.82,823456,127,买盘
1327,10:36:18,64.98,1753219,270,买盘
1328,10:36:21,64.98,1442734,222,买盘
1329,10:36:24,65.02,9272217,1426,买盘
1330,10:36:27,65.07,4785804,736,买盘
1331,10:36:30,65.09,5656618,869,买盘
1332,10:36:33,65.13,2377360,365,买盘
1333,10:36:36,65.13,3448996,530,买盘
1334,10:36:39,65.14,2873111,441,买盘
1335,10:36:42,65.14,2970203,456,买盘
1336,10:36:45,65.12,4484625,688,卖盘
1337,10:36:48,65.09,6528592,1003,卖盘
1338,10:36:51,65.01,1535650,236,卖盘
1339,10:36:54,65.09,1112864,171,买盘
1340,10:36:57,64.99,6098197,938,卖盘
1341,10:37:00,64.99,2137886,329,买盘
1342,10:37:03,64.9,1487448,229,卖盘
1343,10:37:06,64.93,1622775,250,买盘
1344,10:37:09,64.89,712731,110,卖盘
1345,10:37:12,64.88,1531475,236,中性盘
1346,10:37:15,64.87,1589466,245,卖盘
1347,10:37:18,64.86,959968,148,买盘
1348,10:37:21,64.88,2750346,424,买盘
1349,10:37:24,64.93,7146489,1102,买盘
1350,10:37:27,64.94,1999433,308,买盘
1351,10:37:30,64.95,1078025,166,买盘
1352,10:37:33,64.97,2168941,334,买盘
1353,10:37:36,64.99,799149,123,买盘
1354,10:37:39,65.0,1930523,297,买盘
1355,10:37:42,65.0,2664603,410,卖盘
1356,10:37:45,65.11,3293735,506,买盘
1357,10:37:48,65.13,5261274,808,买盘
1358,10:37:51,65.13,3106345,477,买盘
1359,10:37:54,65.15,949675,146,买盘
1360,10:37:57,65.16,5573270,855,买盘
1361,10:38:00,65.16,1955029,300,卖盘
1362,10:38:03,65.19,7599243,1166,买盘
1363,10:38:06,65.13,2143323,329,卖盘
1364,10:38:09,65.16,2651680,407,买盘
1365,10:38:12,65.12,2527313,388,卖盘
1366,10:38:15,65.11,1237273,190,卖盘
1367,10:38:18,65.13,1797388,276,买盘
1368,10:38:21,65.17,1902040,292,买盘
1369,10:38:24,65.21,5053629,775,买盘
1370,10:38:27,65.17,3372732,517,卖盘
1371,10:38:30,65.22,2590445,397,买盘
1372,10:38:33,65.26,2796696,429,买盘
1373,10:38:36,65.28,1860070,285,买盘
1374,10:38:39,65.3,1364363,209,买盘
1375,10:38:42,65.3,2063253,316,买盘
1376,10:38:45,65.3,1800311,276,买盘
1377,10:38:48,65.32,2090196,320,买盘
1378,10:38:51,65.34,1753369,268,中性盘
1379,10:38:54,65.35,2150094,329,买盘
1380,10:38:57,65.37,3451248,528,买盘
1381,10:39:00,65.39,5518721,844,买盘
1382,10:39:03,65.3,16321091,2498,卖盘
1383,10:39:06,65.22,8186705,1254,卖盘
1384,10:39:09,65.21,4168987,639,卖盘
1385,10:39:12,65.23,3679759,564,中性盘
1386,10:39:15,65.22,4026288,617,卖盘
1387,10:39:18,65.27,1891464,290,中性盘
1388,10:39:21,65.3,2323829,356,买盘
1389,10:39:24,65.21,2629110,403,卖盘
1390,10:39:27,65.28,2786393,427,买盘
1391,10:39:30,65.31,7789458,1193,买盘
1392,10:39:33,65.32,2285255,350,中性盘
1393,10:39:36,65.35,2924548,448,买盘
1394,10:39:39,65.34,2588973,396,卖盘
1395,10:39:42,65.36,2236297,342,买盘
1396,10:39:45,65.36,1483564,227,买盘
1397,10:39:48,65.33,3115653,477,卖盘
1398,10:39:51,65.3,3649548,559,卖盘
1399,10:39:54,65.27,2513550,385,卖盘
1400,10:39:57,65.3,2153924,330,买盘
1401,10:40:00,65.3,1064398,163,卖盘
1402,10:40:03,65.32,2977883,456,买盘
1403,10:40:06,65.29,2274782,348,买盘
1404,10:40:09,65.26,1814861,278,卖盘
1405,10:40:12,65.29,1535358,235,买盘
1406,10:40:15,65.28,1804255,276,卖盘
1407,10:40:18,65.3,2663567,408,买盘
1408,10:40:21,65.28,874858,134,卖盘
1409,10:40:24,65.28,926963,142,买盘
1410,10:40:27,65.28,1273100,195,卖盘
1411,10:40:30,65.28,1266544,194,卖盘
1412,10:40:33,65.3,3505860,537,买盘
1413,10:40:36,65.29,1492471,229,卖盘
1414,10:40:39,65.3,1471827,225,买盘
1415,10:40:42,65.3,1042188,160,卖盘
1416,10:40:45,65.3,1952525,299,卖盘
1417,10:40:48,65.23,7267653,1113,卖盘
1418,10:40:51,65.2,10147372,1556,卖盘
1419,10:40:54,65.18,1277312,196,买盘
1420,10:40:57,65.15,1740142,267,卖盘
1421,10:41:00,65.14,1576472,242,卖盘
1422,10:41:03,65.12,1901639,292,中性盘
1423,10:41:06,65.12,1373888,211,买盘
1424,10:41:09,65.11,2584808,397,买盘
1425,10:41:12,65.07,794038,122,卖盘
1426,10:41:15,65.11,899234,138,买盘
1427,10:41:18,65.1,2218589,341,中性盘
1428,10:41:21,65.11,2004938,308,买盘
1429,10:41:24,65.12,946587,145,买盘
1430,10:41:27,65.12,1104317,170,买盘
1431,10:41:30,65.12,3783691,581,卖盘
1432,10:41:33,65.15,1484926,228,买盘
1433,10:41:36,65.13,736115,113,卖盘
1434,10:41:39,65.07,5110989,785,卖盘
1435,10:41:42,65.07,2667427,410,买盘
1436,10:41:45,65.07,2225177,342,买盘
1437,10:41:48,65.11,1919511,295,买盘
1438,10:41:51,65.12,1868596,287,买盘
1439,10:41:54,65.12,1234613,190,买盘
1440,10:41:57,65.12,1392267,214,卖盘
1441,10:42:00,65.08,2406579,370,卖盘
1442,10:42:03,65.08,1907103,293,卖盘
1443,10:42:06,65.02,2439246,375,卖盘
1444,10:42:09,65.02,6136735,944,买盘
1445,10:42:12,65.0,949092,146,卖盘
1446,10:42:15,65.0,2366202,364,卖盘
1447,10:42:18,65.0,1429769,220,卖盘
1448,10:42:21,64.99,903208,139,买盘
1449,10:42:24,64.96,383259,59,中性盘
1450,10:42:27,64.95,961345,148,卖盘
1451,10:42:30,64.92,1025963,158,卖盘
1452,10:42:33,64.91,753053,116,卖盘
1453,10:42:36,64.91,2746016,423,卖盘
1454,10:42:39,64.91,876336,135,卖盘
1455,10:42:42,64.92,1408625,217,买盘
1456,10:42:45,64.97,5304652,817,买盘
1457,10:42:48,64.96,701590,108,中性盘
1458,10:42:51,64.98,1247716,192,买盘
1459,10:42:54,64.98,318417,49,卖盘
1460,10:42:57,64.99,1130711,174,买盘
1461,10:43:00,65.0,6216346,956,买盘
1462,10:43:03,65.0,2270187,349,买盘
1463,10:43:06,65.02,569446,88,买盘
1464,10:43:09,64.96,4732859,728,卖盘
1465,10:43:12,64.93,896407,138,卖盘
1466,10:43:15,64.93,448063,69,中性盘
1467,10:43:18,64.92,1545110,238,卖盘
1468,10:43:21,64.92,2324111,358,卖盘
1469,10:43:24,64.92,792011,122,买盘
1470,10:43:27,64.92,766037,118,买盘
1471,10:43:30,64.92,1226812,189,买盘
1472,10:43:33,64.92,3434663,529,买盘
1473,10:43:36,64.93,953584,147,买盘
1474,10:43:39,64.92,2590457,399,卖盘
1475,10:43:42,64.93,746695,115,买盘
1476,10:43:45,64.94,681882,105,买盘
1477,10:43:48,64.95,3097954,477,买盘
1478,10:43:51,64.96,974356,150,买盘
1479,10:43:54,64.95,584637,90,卖盘
1480,10:43:57,64.96,1318700,203,买盘
1481,10:44:00,64.95,1157681,178,卖盘
1482,10:44:03,64.93,4622457,712,卖盘
1483,10:44:06,64.92,2804686,432,卖盘
1484,10:44:09,64.91,1805474,278,卖盘
1485,10:44:12,64.91,1934220,298,卖盘
1486,10:44:15,64.88,2478725,382,卖盘
1487,10:44:18,64.85,2471779,381,卖盘
1488,10:44:21,64.84,791007,122,卖盘
1489,10:44:24,64.83,1445547,223,买盘
1490,10:44:27,64.82,3708088,572,卖盘
1491,10:44:30,64.8,2190734,338,卖盘
1492,10:44:33,64.81,1503437,232,中性盘
1493,10:44:36,64.8,609180,94,卖盘
1494,10:44:39,64.8,1148263,177,卖盘
1495,10:44:42,64.8,1990811,307,卖盘
1496,10:44:45,64.81,2067509,319,买盘
1497,10:44:48,64.85,7015429,1082,买盘
1498,10:44:51,64.84,719704,111,卖盘
1499,10:44:54,64.82,518582,80,卖盘
1500,10:44:57,64.81,1879758,290,卖盘
1501,10:45:00,64.8,2216350,342,卖盘
1502,10:45:03,64.8,2112580,326,卖盘
1503,10:45:06,64.83,3306746,510,买盘
1504,10:45:09,64.83,550989,85,卖盘
1505,10:45:12,64.86,1645869,254,买盘
1506,10:45:15,64.85,2983226,460,卖盘
1507,10:45:18,64.84,849423,131,中性盘
1508,10:45:21,64.84,959494,148,买盘
1509,10:45:24,64.82,505684,78,卖盘
1510,10:45:27,64.83,1076090,166,中性盘
1511,10:45:30,64.83,1061902,164,买盘
1512,10:45:33,64.82,3132179,483,卖盘
1513,10:45:36,64.82,641694,99,买盘
1514,10:45:39,64.82,1957400,302,买盘
1515,10:45:42,64.79,5372251,829,卖盘
1516,10:45:45,64.82,2695836,416,买盘
1517,10:45:48,64.82,681905,105,卖盘
1518,10:45:51,64.8,486098,75,卖盘
1519,10:45:54,64.8,1800142,278,卖盘
1520,10:45:57,64.8,1101758,170,买盘
1521,10:46:00,64.8,835993,129,买盘
1522,10:46:03,64.8,1821172,281,卖盘
1523,10:46:06,64.81,865793,134,买盘
1524,10:46:09,64.83,2037570,314,买盘
1525,10:46:12,64.87,2807440,433,买盘
1526,10:46:15,64.89,1302701,201,买盘
1527,10:46:18,64.88,1065512,164,卖盘
1528,10:46:21,64.91,402379,62,买盘
1529,10:46:24,64.9,194717,30,卖盘
1530,10:46:27,64.94,3051190,470,买盘
1531,10:46:30,64.95,574083,88,买盘
1532,10:46:33,64.96,701478,108,买盘
1533,10:46:36,64.96,1026426,158,买盘
1534,10:46:39,64.96,1084996,167,买盘
1535,10:46:42,65.0,3639446,560,买盘
1536,10:46:45,64.99,3496849,538,中性盘
1537,10:46:48,65.0,1137394,175,买盘
1538,10:46:51,65.0,487486,75,买盘
1539,10:46:54,65.0,1007633,155,卖盘
1540,10:46:57,65.01,2099596,323,买盘
1541,10:47:00,64.97,5543976,853,卖盘
1542,10:47:03,64.94,2539703,391,卖盘
1543,10:47:06,64.92,2395513,369,中性盘
1544,10:47:09,64.92,2057545,317,买盘
1545,10:47:12,64.91,1921467,296,卖盘
1546,10:47:15,64.9,2927627,451,卖盘
1547,10:47:18,64.92,2635363,406,买盘
1548,10:47:21,64.93,1155494,178,买盘
1549,10:47:24,64.93,1804820,278,买盘
1550,10:47:27,64.93,1103682,170,买盘
1551,10:47:30,64.93,1565984,241,买盘
1552,10:47:33,64.91,1621751,250,卖盘
1553,10:47:36,64.88,5075275,782,卖盘
1554,10:47:39,64.84,1795205,277,卖盘
1555,10:47:42,64.81,2126288,328,卖盘
1556,10:47:45,64.82,492668,76,中性盘
1557,10:47:48,64.82,1788898,276,买盘
1558,10:47:51,64.82,531614,82,卖盘
1559,10:47:54,64.83,1134390,175,买盘
1560,10:47:57,64.83,998291,154,买盘
1561,10:48:00,64.82,1432435,221,卖盘
1562,10:48:03,64.81,719473,111,卖盘
1563,10:48:06,64.82,1860187,287,买盘
1564,10:48:09,64.8,4672464,721,卖盘
1565,10:48:12,64.8,1892519,292,卖盘
1566,10:48:15,64.79,377131,58,卖盘
1567,10:48:18,64.8,848841,131,买盘
1568,10:48:21,64.79,498871,77,卖盘
1569,10:48:24,64.78,1438207,222,卖盘
1570,10:48:27,64.77,362748,56,卖盘
1571,10:48:30,64.77,285012,44,卖盘
1572,10:48:33,64.77,719001,111,卖盘
1573,10:48:36,64.77,433905,67,买盘
1574,10:48:39,64.76,453348,70,卖盘
1575,10:48:42,64.76,369114,57,买盘
1576,10:48:45,64.76,1618700,250,买盘
1577,10:48:48,64.74,239521,37,中性盘
1578,10:48:51,64.68,2050907,317,卖盘
1579,10:48:54,64.65,1946079,301,卖盘
1580,10:48:57,64.57,5039637,780,卖盘
1581,10:49:00,64.54,1755624,272,卖盘
1582,10:49:03,64.54,787249,122,买盘
1583,10:49:06,64.54,2445893,379,买盘
1584,10:49:09,64.54,600272,93,卖盘
1585,10:49:12,64.55,1174645,182,买盘
1586,10:49:15,64.55,1865280,289,卖盘
1587,10:49:18,64.59,4343414,673,买盘
1588,10:49:21,64.55,974652,151,卖盘
1589,10:49:24,64.6,2331623,361,买盘
1590,10:49:27,64.59,658697,102,中性盘
1591,10:49:30,64.58,594203,92,中性盘
1592,10:49:33,64.6,574740,89,买盘
1593,10:49:36,64.56,1323958,205,卖盘
1594,10:49:39,64.58,794301,123,买盘
1595,10:49:42,64.58,738277,114,卖盘
1596,10:49:45,64.58,490818,76,卖盘
1597,10:49:48,64.58,555379,86,买盘
1598,10:49:51,64.59,617384,96,买盘
1599,10:49:54,64.58,945460,146,卖盘
1600,10:49:57,64.58,1620955,251,买盘
1601,10:50:00,64.57,3015028,467,卖盘
1602,10:50:03,64.56,858694,133,中性盘
1603,10:50:06,64.57,103292,16,买盘
1604,10:50:09,64.55,985546,153,卖盘
1605,10:50:12,64.53,871326,135,卖盘
1606,10:50:15,64.51,767877,119,卖盘
1607,10:50:18,64.5,5134499,796,卖盘
1608,10:50:21,64.5,2999299,465,卖盘
1609,10:50:24,64.47,1367215,212,卖盘
1610,10:50:27,64.44,721849,112,卖盘
1611,10:50:30,64.43,786235,122,卖盘
1612,10:50:33,64.38,3446376,535,卖盘
1613,10:50:36,64.36,1834828,285,卖盘
1614,10:50:39,64.37,1293737,201,中性盘
1615,10:50:42,64.35,1049060,163,卖盘
1616,10:50:45,64.34,855663,133,卖盘
1617,10:50:48,64.3,1267280,197,卖盘
1618,10:50:51,64.34,546758,85,买盘
1619,10:50:54,64.32,2811529,437,卖盘
1620,10:50:57,64.38,2923439,454,买盘
1621,10:51:00,64.37,2792255,434,中性盘
1622,10:51:03,64.39,3128896,486,买盘
1623,10:51:06,64.37,559993,87,中性盘
1624,10:51:09,64.39,469900,73,买盘
1625,10:51:12,64.39,5480383,851,买盘
1626,10:51:15,64.41,4559572,708,买盘
1627,10:51:18,64.41,1861044,289,卖盘
1628,10:51:21,64.44,612007,95,买盘
1629,10:51:24,64.47,199798,31,买盘
1630,10:51:27,64.45,38670,6,卖盘
1631,10:51:30,64.44,6102951,947,卖盘
1632,10:51:33,64.4,5463374,848,卖盘
1633,10:51:36,64.4,1262272,196,卖盘
1634,10:51:39,64.38,1725460,268,卖盘
1635,10:51:42,64.38,379844,59,中性盘
1636,10:51:45,64.33,1370904,213,卖盘
1637,10:51:48,64.32,2445381,380,卖盘
1638,10:51:51,64.3,906949,141,卖盘
1639,10:51:54,64.31,495160,77,买盘
1640,10:51:57,64.31,1504714,234,买盘
1641,10:52:00,64.3,1556115,242,卖盘
1642,10:52:03,64.3,726588,113,买盘
1643,10:52:06,64.3,1118612,174,买盘
1644,10:52:09,64.31,1126577,175,买盘
1645,10:52:12,64.31,340846,53,卖盘
1646,10:52:15,64.32,1209182,188,买盘
1647,10:52:18,64.31,643123,100,卖盘
1648,10:52:21,64.31,855448,133,买盘
1649,10:52:24,64.31,739643,115,卖盘
1650,10:52:27,64.33,520989,81,买盘
1651,10:52:30,64.32,334477,52,卖盘
1652,10:52:33,64.33,1286457,200,买盘
1653,10:52:36,64.33,501806,78,卖盘
1654,10:52:39,64.34,759137,118,买盘
1655,10:52:42,64.35,3372517,524,买盘
1656,10:52:45,64.36,144102,22,卖盘
1657,10:52:48,64.37,457003,71,买盘
1658,10:52:51,64.37,418381,65,买盘
1659,10:52:54,64.36,456980,71,卖盘
1660,10:52:57,64.37,952626,148,买盘
1661,10:53:00,64.37,1342530,209,买盘
1662,10:53:03,64.34,1936686,301,卖盘
1663,10:53:06,64.33,5527219,859,卖盘
1664,10:53:09,64.34,437651,68,中性盘
1665,10:53:12,64.37,302486,47,买盘
1666,10:53:15,64.35,1319146,205,买盘
1667,10:53:18,64.35,2039822,317,买盘
1668,10:53:21,64.35,3578052,556,买盘
1669,10:53:24,64.37,468369,73,买盘
1670,10:53:27,64.35,1512228,235,卖盘
1671,10:53:30,64.35,920202,143,买盘
1672,10:53:33,64.34,1151770,179,卖盘
1673,10:53:36,64.34,1203312,187,卖盘
1674,10:53:39,64.35,1306157,203,买盘
1675,10:53:42,64.35,1261096,196,买盘
1676,10:53:45,64.33,598360,93,卖盘
1677,10:53:48,64.33,978006,152,卖盘
1678,10:53:51,64.34,1254594,195,买盘
1679,10:53:54,64.34,2469843,384,卖盘
1680,10:53:57,64.33,980422,152,卖盘
1681,10:54:00,64.34,932938,145,买盘
1682,10:54:03,64.34,838413,130,买盘
1683,10:54:06,64.33,246290,38,卖盘
1684,10:54:09,64.34,173714,27,买盘
1685,10:54:12,64.33,328097,51,卖盘
1686,10:54:15,64.35,613777,95,买盘
1687,10:54:18,64.34,302392,47,卖盘
1688,10:54:21,64.35,489000,76,买盘
1689,10:54:24,64.35,193028,30,买盘
1690,10:54:27,64.34,2419532,376,卖盘
1691,10:54:30,64.35,767798,119,买盘
1692,10:54:33,64.35,315341,49,卖盘
1693,10:54:36,64.36,546983,85,买盘
1694,10:54:39,64.34,892376,139,卖盘
1695,10:54:42,64.35,1138949,177,买盘
1696,10:54:45,64.34,611252,95,卖盘
1697,10:54:48,64.34,347460,54,卖盘
1698,10:54:51,64.34,778540,121,卖盘
1699,10:54:54,64.33,1563623,243,卖盘
1700,10:54:57,64.34,469636,73,买盘
1701,10:55:00,64.34,443885,69,买盘
1702,10:55:03,64.34,788737,123,买盘
1703,10:55:06,64.33,328072,51,中性盘
1704,10:55:09,64.31,2071252,322,卖盘
1705,10:55:12,64.33,726806,113,买盘
1706,10:55:15,64.31,1864838,290,卖盘
1707,10:55:18,64.3,488756,76,卖盘
1708,10:55:21,64.3,1523918,237,卖盘
1709,10:55:24,64.3,2256909,351,卖盘
1710,10:55:27,64.3,392225,61,卖盘
1711,10:55:30,64.29,456448,71,卖盘
1712,10:55:33,64.32,2458155,382,买盘
1713,10:55:36,64.32,295873,46,卖盘
1714,10:55:39,64.3,1741356,271,卖盘
1715,10:55:42,64.32,1216982,189,买盘
1716,10:55:45,64.33,302318,47,买盘
1717,10:55:48,64.32,353741,55,卖盘
1718,10:55:51,64.33,1067774,166,买盘
1719,10:55:54,64.32,25730,4,中性盘
1720,10:55:57,64.32,893787,139,买盘
1721,10:56:00,64.32,520987,81,买盘
1722,10:56:03,64.33,45026,7,买盘
1723,10:56:06,64.33,347368,54,买盘
1724,10:56:09,64.34,739796,115,买盘
1725,10:56:12,64.37,2271364,353,买盘
1726,10:56:15,64.4,1854465,288,买盘
1727,10:56:18,64.44,579753,90,买盘
1728,10:56:21,64.45,199777,31,买盘
1729,10:56:24,64.45,656023,102,买盘
1730,10:56:27,64.46,232072,36,中性盘
1731,10:56:30,64.49,1289732,200,买盘
1732,10:56:33,64.51,1109377,172,买盘
1733,10:56:36,64.51,219314,34,买盘
1734,10:56:39,64.54,619475,96,买盘
1735,10:56:42,64.57,471225,73,买盘
1736,10:56:45,64.56,452696,70,买盘
1737,10:56:48,64.56,2407988,373,卖盘
1738,10:56:51,64.57,7638194,1183,买盘
1739,10:56:54,64.57,490722,76,买盘
1740,10:56:57,64.57,109780,17,卖盘
1741,10:57:00,64.58,335789,52,买盘
1742,10:57:03,64.56,4216132,653,卖盘
1743,10:57:06,64.56,2098068,325,买盘
1744,10:57:09,64.58,309942,48,买盘
1745,10:57:12,64.59,374435,58,买盘
1746,10:57:15,64.59,1194841,185,买盘
1747,10:57:18,64.6,826849,128,买盘
1748,10:57:21,64.59,2168983,336,卖盘
1749,10:57:24,64.59,1194873,185,卖盘
1750,10:57:27,64.58,484248,75,买盘
1751,10:57:30,64.57,290625,45,中性盘
1752,10:57:33,64.58,213126,33,买盘
1753,10:57:36,64.59,626441,97,买盘
1754,10:57:39,64.53,1375056,213,卖盘
1755,10:57:42,64.53,1065150,165,卖盘
1756,10:57:45,64.6,489264,76,买盘
1757,10:57:48,64.57,203984,32,中性盘
1758,10:57:51,64.56,213071,33,卖盘
1759,10:57:54,64.58,5625746,871,买盘
1760,10:57:57,64.59,71043,11,中性盘
1761,10:58:00,64.58,64588,10,卖盘
1762,10:58:03,64.59,238965,37,买盘
1763,10:58:06,64.6,846240,131,买盘
1764,10:58:09,64.61,89158,14,买盘
1765,10:58:12,64.62,381196,59,买盘
1766,10:58:15,64.64,183544,28,买盘
1767,10:58:18,64.62,846700,131,卖盘
1768,10:58:21,64.64,265036,41,卖盘
1769,10:58:24,64.66,394426,61,买盘
1770,10:58:27,64.66,827650,128,卖盘
1771,10:58:30,64.65,252181,39,卖盘
1772,10:58:33,64.66,155183,24,买盘
1773,10:58:36,64.7,1526315,236,买盘
1774,10:58:39,64.68,3110235,481,中性盘
1775,10:58:42,64.69,329883,51,买盘
1776,10:58:45,64.69,705134,109,买盘
1777,10:58:48,64.69,388149,60,卖盘
1778,10:58:51,64.69,1668942,258,卖盘
1779,10:58:54,64.69,3467005,536,买盘
1780,10:58:57,64.7,375203,58,中性盘
1781,10:59:00,64.7,1048287,162,买盘
1782,10:59:03,64.71,524122,81,中性盘
1783,10:59:06,64.69,692286,107,卖盘
1784,10:59:09,64.69,731273,113,卖盘
1785,10:59:12,64.71,465879,72,买盘
1786,10:59:15,64.72,947421,146,买盘
1787,10:59:18,64.72,142372,22,买盘
1788,10:59:21,64.72,245926,38,买盘
1789,10:59:24,64.73,116511,18,买盘
1790,10:59:27,64.73,310701,48,卖盘
1791,10:59:30,64.73,414270,64,卖盘
1792,10:59:33,64.74,407824,63,买盘
1793,10:59:36,64.74,1437304,222,买盘
1794,10:59:39,64.69,3530597,546,卖盘
1795,10:59:42,64.73,1960287,303,买盘
1796,10:59:45,64.73,1067798,165,买盘
1797,10:59:48,64.72,692241,107,买盘
1798,10:59:51,64.7,472412,73,卖盘
1799,10:59:54,64.73,207075,32,买盘
1800,10:59:57,64.72,142391,22,卖盘
1801,11:00:00,64.72,770250,119,卖盘
1802,11:00:03,64.72,310681,48,卖盘
1803,11:00:06,64.72,208406,32,卖盘
1804,11:00:09,64.74,2173863,336,买盘
1805,11:00:12,64.75,414505,64,买盘
1806,11:00:15,64.77,629772,97,卖盘
1807,11:00:18,64.77,226746,35,卖盘
1808,11:00:21,64.77,531207,82,卖盘
1809,11:00:24,64.71,2756926,426,卖盘
1810,11:00:27,64.7,2892641,447,卖盘
1811,11:00:30,64.68,1558984,241,卖盘
1812,11:00:33,64.67,1371258,212,卖盘
1813,11:00:36,64.66,1584375,245,卖盘
1814,11:00:39,64.67,329794,51,买盘
1815,11:00:42,64.66,672466,104,卖盘
1816,11:00:45,64.66,1157409,179,买盘
1817,11:00:48,64.66,1228725,190,卖盘
1818,11:00:51,64.66,265118,41,卖盘
1819,11:00:54,64.69,914497,141,买盘
1820,11:00:57,64.68,155243,24,买盘
1821,11:01:00,64.68,433375,67,买盘
1822,11:01:03,64.69,394589,61,买盘
1823,11:01:06,64.69,323429,50,买盘
1824,11:01:09,64.7,407539,63,买盘
1825,11:01:12,64.77,1396945,216,买盘
1826,11:01:15,64.78,68659,11,买盘
1827,11:01:18,64.78,1130019,174,买盘
1828,11:01:21,64.8,1111650,172,买盘
1829,11:01:24,64.81,473032,73,中性盘
1830,11:01:27,64.81,207405,32,买盘
1831,11:01:30,64.82,129628,20,买盘
1832,11:01:33,64.82,350025,54,买盘
1833,11:01:36,64.8,1646105,254,卖盘
1834,11:01:39,64.8,1289723,199,卖盘
1835,11:01:42,64.82,2164601,334,买盘
1836,11:01:45,64.82,531521,82,买盘
1837,11:01:48,64.82,2138710,330,卖盘
1838,11:01:51,64.82,142611,22,卖盘
1839,11:01:54,64.83,862231,133,买盘
1840,11:01:57,64.83,239862,37,买盘
1841,11:02:00,64.83,291724,45,卖盘
1842,11:02:03,64.86,1840164,284,买盘
1843,11:02:06,64.86,175100,27,买盘
1844,11:02:09,64.86,434519,67,买盘
1845,11:02:12,64.86,317791,49,卖盘
1846,11:02:15,64.86,1764970,272,卖盘
1847,11:02:18,64.85,1154367,178,中性盘
1848,11:02:21,64.86,713339,110,买盘
1849,11:02:24,64.83,745787,115,卖盘
1850,11:02:27,64.82,564043,87,卖盘
1851,11:02:30,64.78,2585680,399,卖盘
1852,11:02:33,64.82,1004086,155,买盘
1853,11:02:36,64.78,278539,43,中性盘
1854,11:02:39,64.81,842479,130,买盘
1855,11:02:42,64.81,252783,39,卖盘
1856,11:02:45,64.82,628699,97,买盘
1857,11:02:48,64.82,538016,83,卖盘
1858,11:02:51,64.82,1231630,190,卖盘
1859,11:02:54,64.8,1996086,308,卖盘
1860,11:02:57,64.79,317488,49,中性盘
1861,11:03:00,64.78,622125,96,卖盘
1862,11:03:03,64.78,472939,73,卖盘
1863,11:03:06,64.78,246153,38,卖盘
1864,11:03:09,64.75,97138,15,卖盘
1865,11:03:12,64.74,446715,69,卖盘
1866,11:03:15,64.73,627898,97,卖盘
1867,11:03:18,64.7,226464,35,卖盘
1868,11:03:21,64.71,852752,132,买盘
1869,11:03:24,64.72,2601608,402,买盘
1870,11:03:27,64.72,84126,13,买盘
1871,11:03:30,64.71,446487,69,卖盘
1872,11:03:33,64.72,414162,64,买盘
1873,11:03:36,64.71,737705,114,卖盘
1874,11:03:39,64.71,155309,24,卖盘
1875,11:03:42,64.71,122950,19,卖盘
1876,11:03:45,64.7,873551,135,卖盘
1877,11:03:48,64.71,439960,68,买盘
1878,11:03:51,64.71,517704,80,买盘
1879,11:03:54,64.7,310554,48,卖盘
1880,11:03:57,64.72,1967936,304,买盘
1881,11:04:00,64.69,251057,39,卖盘
1882,11:04:03,64.69,187621,29,卖盘
1883,11:04:06,64.68,2522593,390,卖盘
1884,11:04:09,64.65,665956,103,卖盘
1885,11:04:12,64.63,297352,46,卖盘
1886,11:04:15,64.63,504151,78,卖盘
1887,11:04:18,64.62,394182,61,卖盘
1888,11:04:21,64.61,555626,86,卖盘
1889,11:04:24,64.61,329468,51,买盘
1890,11:04:27,64.6,897974,139,卖盘
1891,11:04:30,64.6,277784,43,卖盘
1892,11:04:33,64.6,474185,73,卖盘
1893,11:04:36,64.6,443160,69,卖盘
1894,11:04:39,64.59,264819,41,卖盘
1895,11:04:42,64.57,632900,98,卖盘
1896,11:04:45,64.58,768402,119,买盘
1897,11:04:48,64.57,309932,48,卖盘
1898,11:04:51,64.55,322793,50,卖盘
1899,11:04:54,64.55,135571,21,卖盘
1900,11:04:57,64.55,238840,37,卖盘
1901,11:05:00,64.53,277564,43,卖盘
1902,11:05:03,64.52,387156,60,卖盘
1903,11:05:06,64.52,1219236,189,中性盘
1904,11:05:09,64.52,341947,53,卖盘
1905,11:05:12,64.53,464545,72,买盘
1906,11:05:15,64.53,967884,150,买盘
1907,11:05:18,64.6,3070255,476,买盘
1908,11:05:21,64.63,723682,112,买盘
1909,11:05:24,64.63,749685,116,买盘
1910,11:05:27,64.63,174524,27,卖盘
1911,11:05:30,64.63,458897,71,卖盘
1912,11:05:33,64.63,1738223,269,卖盘
1913,11:05:36,64.6,232569,36,卖盘
1914,11:05:39,64.62,174441,27,买盘
1915,11:05:42,64.59,1259649,195,卖盘
1916,11:05:45,64.58,568255,88,卖盘
1917,11:05:48,64.57,355153,55,卖盘
1918,11:05:51,64.57,535913,83,买盘
1919,11:05:54,64.57,148527,23,卖盘
1920,11:05:57,64.59,129161,20,买盘
1921,11:06:00,64.58,167914,26,卖盘
1922,11:06:03,64.55,1937015,300,卖盘
1923,11:06:06,64.54,471198,73,卖盘
1924,11:06:09,64.54,793844,123,卖盘
1925,11:06:12,64.52,658125,102,卖盘
1926,11:06:15,64.5,1909260,296,卖盘
1927,11:06:18,64.5,967497,150,卖盘
1928,11:06:21,64.5,354732,55,买盘
1929,11:06:24,64.5,322498,50,买盘
1930,11:06:27,64.52,1321840,205,买盘
1931,11:06:30,64.59,6397040,991,买盘
1932,11:06:33,64.63,1270461,197,买盘
1933,11:06:36,64.61,549343,85,卖盘
1934,11:06:39,64.62,264942,41,买盘
1935,11:06:42,64.64,314114,49,买盘
1936,11:06:45,64.66,263834,41,卖盘
1937,11:06:48,64.72,883696,137,买盘
1938,11:06:51,64.71,213546,33,卖盘
1939,11:06:54,64.72,226513,35,买盘
1940,11:06:57,64.71,174737,27,卖盘
1941,11:07:00,64.72,517747,80,买盘
1942,11:07:03,64.72,1607876,248,买盘
1943,11:07:06,64.75,1184296,183,买盘
1944,11:07:09,64.78,621512,96,买盘
1945,11:07:12,64.78,453474,70,买盘
1946,11:07:15,64.74,1036039,160,卖盘
1947,11:07:18,64.8,401693,62,买盘
1948,11:07:21,64.79,116611,18,中性盘
1949,11:07:24,64.8,1788070,276,买盘
1950,11:07:27,64.79,757916,117,买盘
1951,11:07:30,64.73,1158814,179,卖盘
1952,11:07:33,64.73,925650,143,卖盘
1953,11:07:36,64.7,608369,94,卖盘
1954,11:07:39,64.7,414108,64,中性盘
1955,11:07:42,64.73,1384757,214,买盘
1956,11:07:45,64.73,427218,66,卖盘
1957,11:07:48,64.74,122990,19,买盘
1958,11:07:51,64.81,11952244,1845,买盘
1959,11:07:54,64.85,1458958,225,买盘
1960,11:07:57,64.85,596424,92,买盘
1961,11:08:00,64.85,590081,91,买盘
1962,11:08:03,64.84,390325,60,中性盘
1963,11:08:06,64.84,414939,64,买盘
1964,11:08:09,64.85,979127,151,买盘
1965,11:08:12,64.84,648405,100,卖盘
1966,11:08:15,64.83,147815,23,卖盘
1967,11:08:18,64.83,272285,42,卖盘
1968,11:08:21,64.81,1879991,290,卖盘
1969,11:08:24,64.81,492488,76,买盘
1970,11:08:27,64.79,396566,61,卖盘
1971,11:08:30,64.78,997304,154,中性盘
1972,11:08:33,64.74,581466,90,卖盘
1973,11:08:36,64.74,835268,129,买盘
1974,11:08:39,64.76,349698,54,中性盘
1975,11:08:42,64.78,1742251,269,买盘
1976,11:08:45,64.79,739674,114,买盘
1977,11:08:48,64.8,356363,55,买盘
1978,11:08:51,64.8,273490,42,卖盘
1979,11:08:54,64.8,84251,13,卖盘
1980,11:08:57,64.81,194435,30,买盘
1981,11:09:00,64.88,3919060,604,买盘
1982,11:09:03,64.95,5765170,888,买盘
1983,11:09:06,64.98,625006,96,买盘
1984,11:09:09,64.94,1250806,193,卖盘
1985,11:09:12,64.87,577550,89,卖盘
1986,11:09:15,64.89,532179,82,买盘
1987,11:09:18,64.89,402404,62,中性盘
1988,11:09:21,64.93,616493,95,买盘
1989,11:09:24,64.92,38953,6,卖盘
1990,11:09:27,64.93,145434,22,买盘
1991,11:09:30,64.92,1120454,173,卖盘
1992,11:09:33,64.89,2304097,355,卖盘
1993,11:09:36,64.88,1505277,232,卖盘
1994,11:09:39,64.86,1874528,289,卖盘
1995,11:09:42,64.84,842987,130,中性盘
1996,11:09:45,64.83,758386,117,买盘
1997,11:09:48,64.81,576947,89,中性盘
1998,11:09:51,64.81,531421,82,买盘
1999,11:09:54,64.82,773808,119,买盘
2000,11:09:57,64.82,421368,65,卖盘
2001,11:10:00,64.82,589820,91,卖盘
2002,11:10:03,64.82,1549293,239,买盘
2003,11:10:06,64.82,1011153,156,买盘
2004,11:10:09,64.85,1854208,286,买盘
2005,11:10:12,64.84,492772,76,中性盘
2006,11:10:15,64.85,4048320,624,买盘
2007,11:10:18,64.86,590703,91,中性盘
2008,11:10:21,64.85,3177204,490,卖盘
2009,11:10:24,64.82,1422183,219,卖盘
2010,11:10:27,64.83,2298859,355,买盘
2011,11:10:30,64.83,486171,75,买盘
2012,11:10:33,64.83,1335517,206,买盘
2013,11:10:36,64.84,596527,92,买盘
2014,11:10:39,64.85,1491276,230,买盘
2015,11:10:42,64.85,389099,60,买盘
2016,11:10:45,64.85,447440,69,买盘
2017,11:10:48,64.84,1141192,176,卖盘
2018,11:10:51,64.85,2567864,396,买盘
2019,11:10:54,64.89,733067,113,买盘
2020,11:10:57,64.87,1012411,156,中性盘
2021,11:11:00,64.86,1738433,268,卖盘
2022,11:11:03,64.87,272452,42,买盘
2023,11:11:06,64.87,630519,97,买盘
2024,11:11:09,64.87,791328,122,买盘
2025,11:11:12,64.87,947091,146,买盘
2026,11:11:15,64.86,1432119,221,卖盘
2027,11:11:18,64.86,596717,92,买盘
2028,11:11:21,64.86,272398,42,买盘
2029,11:11:24,64.88,861373,133,买盘
2030,11:11:27,64.87,201119,31,卖盘
2031,11:11:30,64.88,947181,146,买盘
2032,11:11:33,64.87,1130035,174,卖盘
2033,11:11:36,64.87,1037891,160,买盘
2034,11:11:39,64.87,162175,25,买盘
2035,11:11:42,64.87,901686,139,买盘
2036,11:11:45,64.88,939327,145,买盘
2037,11:11:48,64.89,1011960,156,买盘
2038,11:11:51,64.92,1240718,191,买盘
2039,11:11:54,64.9,253149,39,卖盘
2040,11:11:57,64.92,285624,44,买盘
2041,11:12:00,64.91,1181298,182,买盘
2042,11:12:03,64.91,1454192,224,卖盘
2043,11:12:06,64.91,902351,139,卖盘
2044,11:12:09,64.96,1279298,197,买盘
2045,11:12:12,64.94,1773756,273,中性盘
2046,11:12:15,64.97,714637,110,中性盘
2047,11:12:18,64.98,539307,83,买盘
2048,11:12:21,64.98,487343,75,买盘
2049,11:12:24,65.0,1702835,262,买盘
2050,11:12:27,64.99,4965777,764,卖盘
2051,11:12:30,64.99,2573674,396,买盘
2052,11:12:33,65.0,2736458,421,买盘
2053,11:12:36,65.05,11251130,1731,买盘
2054,11:12:39,65.04,1275392,196,卖盘
2055,11:12:42,65.0,1971886,303,卖盘
2056,11:12:45,64.95,8559108,1317,卖盘
2057,11:12:48,64.94,1883578,290,卖盘
2058,11:12:51,64.92,1175277,181,卖盘
2059,11:12:54,64.93,337601,52,买盘
2060,11:12:57,64.93,564761,87,买盘
2061,11:13:00,64.92,3194118,492,中性盘
2062,11:13:03,64.92,434955,67,买盘
2063,11:13:06,64.92,240192,37,买盘
2064,11:13:09,64.93,493401,76,买盘
2065,11:13:12,64.93,655768,101,卖盘
2066,11:13:15,64.94,84422,13,买盘
2067,11:13:18,64.94,474051,73,买盘
2068,11:13:21,64.94,779261,120,买盘
2069,11:13:24,64.97,4415016,680,买盘
2070,11:13:27,64.93,512979,79,卖盘
2071,11:13:30,64.93,941597,145,卖盘
2072,11:13:33,64.96,1188417,183,买盘
2073,11:13:36,64.95,610610,94,中性盘
2074,11:13:39,64.99,467711,72,买盘
2075,11:13:42,64.98,591284,91,中性盘
2076,11:13:45,65.0,565306,87,买盘
2077,11:13:48,64.99,337946,52,卖盘
2078,11:13:51,64.99,987735,152,买盘
2079,11:13:54,64.99,870811,134,买盘
2080,11:13:57,64.99,445819,69,买盘
2081,11:14:00,65.0,6922612,1065,买盘
2082,11:14:03,64.98,1955547,301,卖盘
2083,11:14:06,64.97,2701655,416,中性盘
2084,11:14:09,64.92,5314830,818,卖盘
2085,11:14:12,64.97,1565021,241,买盘
2086,11:14:15,64.94,155874,24,中性盘
2087,11:14:18,64.91,421974,65,卖盘
2088,11:14:21,64.9,1122694,173,卖盘
2089,11:14:24,64.89,1479205,228,中性盘
2090,11:14:27,64.85,1532227,236,卖盘
2091,11:14:30,64.86,421568,65,中性盘
2092,11:14:33,64.84,758700,117,卖盘
2093,11:14:36,64.82,2269065,350,卖盘
2094,11:14:39,64.82,2204101,340,卖盘
2095,11:14:42,64.81,427774,66,中性盘
2096,11:14:45,64.8,1354331,209,卖盘
2097,11:14:48,64.8,365428,56,买盘
2098,11:14:51,64.78,1729982,267,卖盘
2099,11:14:54,64.79,97177,15,中性盘
2100,11:14:57,64.79,596049,92,买盘
2101,11:15:00,64.79,447035,69,买盘
2102,11:15:03,64.79,1237478,191,买盘
2103,11:15:06,64.78,835754,129,卖盘
2104,11:15:09,64.8,602538,93,买盘
2105,11:15:12,64.8,1237664,191,买盘
2106,11:15:15,64.8,124413,19,买盘
2107,11:15:18,64.8,672592,104,买盘
2108,11:15:21,64.79,2269080,350,卖盘
2109,11:15:24,64.8,355061,55,买盘
2110,11:15:27,64.8,285117,44,卖盘
2111,11:15:30,64.79,655718,101,卖盘
2112,11:15:33,64.79,248812,38,卖盘
2113,11:15:36,64.79,515743,80,卖盘
2114,11:15:39,64.77,4158835,642,卖盘
2115,11:15:42,64.76,641200,99,卖盘
2116,11:15:45,64.75,233105,36,卖盘
2117,11:15:48,64.75,155400,24,卖盘
2118,11:15:51,64.74,543814,84,卖盘
2119,11:15:54,64.72,478896,74,卖盘
2120,11:15:57,64.73,1553507,240,买盘
2121,11:16:00,64.72,472471,73,卖盘
2122,11:16:03,64.73,506156,78,买盘
2123,11:16:06,64.73,530732,82,买盘
2124,11:16:09,64.73,660197,102,买盘
2125,11:16:12,64.73,491946,76,买盘
2126,11:16:15,64.73,1229847,190,买盘
2127,11:16:18,64.75,2583246,399,买盘
2128,11:16:21,64.76,654070,101,买盘
2129,11:16:24,64.76,382077,59,买盘
2130,11:16:27,64.77,660536,102,买盘
2131,11:16:30,64.76,654078,101,中性盘
2132,11:16:33,64.77,252597,39,买盘
2133,11:16:36,64.77,479284,74,买盘
2134,11:16:39,64.77,958610,148,买盘
2135,11:16:42,64.77,291449,45,买盘
2136,11:16:45,64.77,252592,39,买盘
2137,11:16:48,64.77,1081514,167,买盘
2138,11:16:51,64.77,796624,123,买盘
2139,11:16:54,64.76,1387361,214,卖盘
2140,11:16:57,64.77,1042721,161,卖盘
2141,11:17:00,64.78,3427440,529,买盘
2142,11:17:03,64.77,3027396,467,卖盘
2143,11:17:06,64.74,766709,118,卖盘
2144,11:17:09,64.74,1223719,189,买盘
2145,11:17:12,64.76,207195,32,买盘
2146,11:17:15,64.76,77714,12,卖盘
2147,11:17:18,64.77,1681414,260,买盘
2148,11:17:21,64.77,1509551,233,卖盘
2149,11:17:24,64.81,1298544,200,中性盘
2150,11:17:27,64.8,110165,17,中性盘
2151,11:17:30,64.8,38880,6,买盘
2152,11:17:33,64.8,576715,89,买盘
2153,11:17:36,64.8,596142,92,买盘
2154,11:17:39,64.79,2222437,343,卖盘
2155,11:17:42,64.79,965465,149,卖盘
2156,11:17:45,64.79,958976,148,卖盘
2157,11:17:48,64.76,1107662,171,卖盘
2158,11:17:51,64.74,874038,135,卖盘
2159,11:17:54,64.72,1707497,264,卖盘
2160,11:17:57,64.7,1345797,208,卖盘
2161,11:18:00,64.7,543481,84,卖盘
2162,11:18:03,64.7,2464940,381,买盘
2163,11:18:06,64.71,2271278,351,买盘
2164,11:18:09,64.71,297628,46,买盘
2165,11:18:12,64.72,1221738,189,买盘
2166,11:18:15,64.73,920365,142,买盘
2167,11:18:18,64.74,634459,98,中性盘
2168,11:18:21,64.78,498662,77,买盘
2169,11:18:24,64.8,1937327,299,买盘
2170,11:18:27,64.81,291677,45,卖盘
2171,11:18:30,64.83,1284892,198,买盘
2172,11:18:33,64.84,415036,64,买盘
2173,11:18:36,64.85,933611,144,买盘
2174,11:18:39,64.84,603017,93,买盘
2175,11:18:42,64.84,628987,97,买盘
2176,11:18:45,64.85,628975,97,卖盘
2177,11:18:48,64.86,635532,98,买盘
2178,11:18:51,64.86,590186,91,买盘
2179,11:18:54,64.87,1660367,256,买盘
2180,11:18:57,64.86,538304,83,卖盘
2181,11:19:00,64.86,3074501,474,买盘
2182,11:19:03,64.84,1679576,259,卖盘
2183,11:19:06,64.84,992071,153,卖盘
2184,11:19:09,64.81,1983897,306,卖盘
2185,11:19:12,64.82,466676,72,买盘
2186,11:19:15,64.8,2327135,359,卖盘
2187,11:19:18,64.83,1510047,233,买盘
2188,11:19:21,64.81,1373804,212,买盘
2189,11:19:24,64.81,414729,64,买盘
2190,11:19:27,64.81,524887,81,买盘
2191,11:19:30,64.79,544305,84,卖盘
2192,11:19:33,64.77,731902,113,卖盘
2193,11:19:36,64.75,271921,42,卖盘
2194,11:19:39,64.74,1372484,212,买盘
2195,11:19:42,64.74,343113,53,买盘
2196,11:19:45,64.74,634440,98,买盘
2197,11:19:48,64.74,246002,38,买盘
2198,11:19:51,64.74,492006,76,买盘
2199,11:19:54,64.74,2447066,378,买盘
2200,11:19:57,64.73,945139,146,卖盘
2201,11:20:00,64.73,957999,148,买盘
2202,11:20:03,64.72,304217,47,卖盘
2203,11:20:06,64.73,4471918,691,买盘
2204,11:20:09,64.71,362432,56,卖盘
2205,11:20:12,64.71,465898,72,买盘
2206,11:20:15,64.7,524092,81,卖盘
2207,11:20:18,64.7,711758,110,卖盘
2208,11:20:21,64.7,808854,125,卖盘
2209,11:20:24,64.7,660015,102,卖盘
2210,11:20:27,64.7,808753,125,卖盘
2211,11:20:30,64.7,1061039,164,卖盘
2212,11:20:33,64.69,1688381,261,买盘
2213,11:20:36,64.66,1519705,235,卖盘
2214,11:20:39,64.64,1603299,248,卖盘
2215,11:20:42,64.6,963012,149,卖盘
2216,11:20:45,64.6,574945,89,卖盘
2217,11:20:48,64.6,646009,100,卖盘
2218,11:20:51,64.58,687370,106,卖盘
2219,11:20:54,64.58,271279,42,卖盘
2220,11:20:57,64.58,1207673,187,卖盘
2221,11:21:00,64.59,202857,31,买盘
2222,11:21:03,64.6,1705152,264,买盘
2223,11:21:06,64.6,1910492,296,买盘
2224,11:21:09,64.59,490928,76,卖盘
2225,11:21:12,64.6,271318,42,买盘
2226,11:21:15,64.6,232556,36,买盘
2227,11:21:18,64.59,497398,77,卖盘
2228,11:21:21,64.6,626622,97,买盘
2229,11:21:24,64.59,568426,88,卖盘
2230,11:21:27,64.6,1602105,248,买盘
2231,11:21:30,64.59,109812,17,卖盘
2232,11:21:33,64.61,83982,13,买盘
2233,11:21:36,64.61,1182361,183,买盘
2234,11:21:39,64.64,529866,82,买盘
2235,11:21:42,64.6,587887,91,卖盘
2236,11:21:45,64.61,249413,39,卖盘
2237,11:21:48,64.63,956502,148,买盘
2238,11:21:51,64.64,471811,73,买盘
2239,11:21:54,64.64,1169977,181,买盘
2240,11:21:57,64.63,555904,86,卖盘
2241,11:22:00,64.63,284388,44,卖盘
2242,11:22:03,64.61,1725654,267,卖盘
2243,11:22:06,64.61,2506714,388,卖盘
2244,11:22:09,64.59,2215759,343,卖盘
2245,11:22:12,64.6,904284,140,买盘
2246,11:22:15,64.59,142099,22,卖盘
2247,11:22:18,64.56,1478963,229,卖盘
2248,11:22:21,64.57,400321,62,买盘
2249,11:22:24,64.57,303427,47,买盘
2250,11:22:27,64.56,290545,45,卖盘
2251,11:22:30,64.56,309870,48,买盘
2252,11:22:33,64.55,535829,83,卖盘
2253,11:22:36,64.56,1161765,180,买盘
2254,11:22:39,64.54,1110118,172,卖盘
2255,11:22:42,64.52,477508,74,卖盘
2256,11:22:45,64.51,651568,101,卖盘
2257,11:22:48,64.5,993388,154,卖盘
2258,11:22:51,64.47,4534723,703,卖盘
2259,11:22:54,64.45,889527,138,卖盘
2260,11:22:57,64.45,779837,121,卖盘
2261,11:23:00,64.43,431719,67,卖盘
2262,11:23:03,64.42,334977,52,卖盘
2263,11:23:06,64.41,122382,19,卖盘
2264,11:23:09,64.41,2073798,322,买盘
2265,11:23:12,64.4,553874,86,卖盘
2266,11:23:15,64.4,483000,75,卖盘
2267,11:23:18,64.41,1867532,290,买盘
2268,11:23:21,64.43,662160,103,买盘
2269,11:23:24,64.41,502403,78,卖盘
2270,11:23:27,64.42,734354,114,买盘
2271,11:23:30,64.42,1049975,163,买盘
2272,11:23:33,64.42,781988,121,买盘
2273,11:23:36,64.42,727948,113,买盘
2274,11:23:39,64.42,805186,125,卖盘
2275,11:23:42,64.42,51540,8,卖盘
2276,11:23:45,64.43,328587,51,买盘
2277,11:23:48,64.42,605555,94,卖盘
2278,11:23:51,64.43,953416,148,买盘
2279,11:23:54,64.41,1482014,230,卖盘
2280,11:23:57,64.41,1382250,215,卖盘
2281,11:24:00,64.41,463734,72,买盘
2282,11:24:03,64.4,3271816,508,卖盘
2283,11:24:06,64.4,534581,83,卖盘
2284,11:24:09,64.4,423763,66,卖盘
2285,11:24:12,64.39,3322574,516,卖盘
2286,11:24:15,64.36,343663,53,卖盘
2287,11:24:18,64.35,283147,44,卖盘
2288,11:24:21,64.36,1164657,181,买盘
2289,11:24:24,64.36,398942,62,买盘
2290,11:24:27,64.34,1145122,178,中性盘
2291,11:24:30,64.33,1048484,163,卖盘
2292,11:24:33,64.3,2013053,313,卖盘
2293,11:24:36,64.31,456571,71,中性盘
2294,11:24:39,64.3,3433615,534,卖盘
2295,11:24:42,64.28,1318006,205,卖盘
2296,11:24:45,64.29,417862,65,买盘
2297,11:24:48,64.29,854946,133,买盘
2298,11:24:51,64.32,4773533,742,买盘
2299,11:24:54,64.33,958492,149,买盘
2300,11:24:57,64.33,746206,116,买盘
2301,11:25:00,64.33,849093,132,买盘
2302,11:25:03,64.34,1775458,276,买盘
2303,11:25:06,64.3,1344758,209,卖盘
2304,11:25:09,64.29,649620,101,卖盘
2305,11:25:12,64.31,861649,134,卖盘
2306,11:25:15,64.3,1665404,259,卖盘
2307,11:25:18,64.29,630085,98,卖盘
2308,11:25:21,64.3,527215,82,买盘
2309,11:25:24,64.29,257160,40,卖盘
2310,11:25:27,64.3,1401369,218,买盘
2311,11:25:30,64.29,771461,120,卖盘
2312,11:25:33,64.28,1709978,266,中性盘
2313,11:25:36,64.27,1221309,190,卖盘
2314,11:25:39,64.3,2482105,386,买盘
2315,11:25:42,64.3,675085,105,买盘
2316,11:25:45,64.3,2784355,433,卖盘
2317,11:25:48,64.3,591656,92,卖盘
2318,11:25:51,64.3,437239,68,卖盘
2319,11:25:54,64.29,353639,55,卖盘
2320,11:25:57,64.32,1437779,224,买盘
2321,11:26:00,64.31,205811,32,卖盘
2322,11:26:03,64.31,1189779,185,卖盘
2323,11:26:06,64.3,2539934,395,卖盘
2324,11:26:09,64.28,3621969,563,卖盘
2325,11:26:12,64.28,1703385,265,买盘
2326,11:26:15,64.29,1594411,248,买盘
2327,11:26:18,64.3,405045,63,买盘
2328,11:26:21,64.29,167163,26,卖盘
2329,11:26:24,64.29,1170202,182,卖盘
2330,11:26:27,64.29,578594,90,卖盘
2331,11:26:30,64.27,1407742,219,卖盘
2332,11:26:33,64.28,764905,119,买盘
2333,11:26:36,64.27,938444,146,卖盘
2334,11:26:39,64.26,848261,132,卖盘
2335,11:26:42,64.26,559107,87,卖盘
2336,11:26:45,64.25,443382,69,卖盘
2337,11:26:48,64.26,565430,88,买盘
2338,11:26:51,64.25,533320,83,卖盘
2339,11:26:54,64.25,1593350,248,卖盘
2340,11:26:57,64.21,777101,121,卖盘
2341,11:27:00,64.21,924642,144,卖盘
2342,11:27:03,64.2,2213642,345,卖盘
2343,11:27:06,64.2,1913199,298,卖盘
2344,11:27:09,64.2,1156905,180,卖盘
2345,11:27:12,64.2,770370,120,买盘
2346,11:27:15,64.18,695909,108,卖盘
2347,11:27:18,64.2,398012,62,买盘
2348,11:27:21,64.21,327437,51,买盘
2349,11:27:24,64.19,539279,84,卖盘
2350,11:27:27,64.2,1219683,190,买盘
2351,11:27:30,64.21,956520,149,买盘
2352,11:27:33,64.22,1257138,196,买盘
2353,11:27:36,64.22,449470,70,买盘
2354,11:27:39,64.23,847621,132,买盘
2355,11:27:42,64.23,524085,82,买盘
2356,11:27:45,64.23,822115,128,买盘
2357,11:27:48,64.23,745015,116,买盘
2358,11:27:51,64.24,732274,114,买盘
2359,11:27:54,64.23,905814,141,卖盘
2360,11:27:57,64.25,244122,38,买盘
2361,11:28:00,64.25,1136929,177,买盘
2362,11:28:03,64.21,1473136,229,卖盘
2363,11:28:06,64.21,1605093,250,买盘
2364,11:28:09,64.21,533088,83,卖盘
2365,11:28:12,64.21,366029,57,卖盘
2366,11:28:15,64.21,1001786,156,卖盘
2367,11:28:18,64.22,8144297,1268,买盘
2368,11:28:21,64.24,6198959,965,买盘
2369,11:28:24,64.24,706641,110,卖盘
2370,11:28:27,64.25,918624,143,买盘
2371,11:28:30,64.24,2088001,325,卖盘
2372,11:28:33,64.23,937648,146,卖盘
2373,11:28:36,64.23,443207,69,卖盘
2374,11:28:39,64.22,565173,88,卖盘
2375,11:28:42,64.22,411005,64,卖盘
2376,11:28:45,64.22,674337,105,卖盘
2377,11:28:48,64.19,1778494,277,卖盘
2378,11:28:51,64.19,1822890,284,卖盘
2379,11:28:54,64.19,436444,68,买盘
2380,11:28:57,64.2,596972,93,买盘
2381,11:29:00,64.2,686973,107,卖盘
2382,11:29:03,64.2,834502,130,买盘
2383,11:29:06,64.18,1116812,174,卖盘
2384,11:29:09,64.19,571305,89,买盘
2385,11:29:12,64.19,2984836,465,卖盘
2386,11:29:15,64.19,802274,125,买盘
2387,11:29:18,64.17,1296285,202,卖盘
2388,11:29:21,64.17,583937,91,卖盘
2389,11:29:24,64.16,1231872,192,卖盘
2390,11:29:27,64.17,1093234,170,买盘
2391,11:29:30,64.18,686691,107,买盘
2392,11:29:33,64.22,2634412,410,买盘
2393,11:29:36,64.29,533379,83,买盘
2394,11:29:39,64.26,1364959,212,中性盘
2395,11:29:42,64.25,659482,103,卖盘
2396,11:29:45,64.24,423798,66,中性盘
2397,11:29:48,64.21,494436,77,买盘
2398,11:29:51,64.24,866902,135,买盘
2399,11:29:54,64.23,250432,39,买盘
2400,11:29:57,64.21,681966,106,卖盘
2401,11:30:00,64.21,494437,77,卖盘
2402,13:00:00,64.21,237575,37,买盘
2403,13:00:03,64.22,3193503,497,买盘
2404,13:00:06,64.21,6242963,972,卖盘
2405,13:00:09,64.22,5539037,863,卖盘
2406,13:00:12,64.21,8752911,1363,卖盘
2407,13:00:15,64.21,3726976,581,买盘
2408,13:00:18,64.17,2150269,335,卖盘
2409,13:00:21,64.09,7980811,1245,卖盘
2410,13:00:24,64.05,7189927,1122,卖盘
2411,13:00:27,64.08,3657390,571,中性盘
2412,13:00:30,64.06,993033,155,卖盘
2413,13:00:33,64.08,1441345,225,买盘
2414,13:00:36,64.09,973501,152,买盘
2415,13:00:39,64.11,237199,37,中性盘
2416,13:00:42,64.17,1039780,162,买盘
2417,13:00:45,64.26,2602370,405,买盘
2418,13:00:48,64.25,533324,83,卖盘
2419,13:00:51,64.28,719763,112,买盘
2420,13:00:54,64.36,4819157,749,买盘
2421,13:00:57,64.41,2240901,348,买盘
2422,13:01:00,64.42,3200237,497,买盘
2423,13:01:03,64.39,1481024,230,卖盘
2424,13:01:06,64.42,2828157,439,买盘
2425,13:01:09,64.42,1127600,175,卖盘
2426,13:01:12,64.44,1675484,260,中性盘
2427,13:01:15,64.48,322322,50,买盘
2428,13:01:18,64.48,2411552,374,买盘
2429,13:01:21,64.48,773866,120,中性盘
2430,13:01:24,64.49,1064162,165,买盘
2431,13:01:27,64.49,915809,142,卖盘
2432,13:01:30,64.48,3384291,525,卖盘
2433,13:01:33,64.48,999379,155,卖盘
2434,13:01:36,64.48,4333430,672,买盘
2435,13:01:39,64.49,515872,80,买盘
2436,13:01:42,64.51,774079,120,买盘
2437,13:01:45,64.53,1861815,289,买盘
2438,13:01:48,64.55,1812989,281,买盘
2439,13:01:51,64.55,664769,103,买盘
2440,13:01:54,64.52,3092733,479,卖盘
2441,13:01:57,64.51,4199461,651,中性盘
2442,13:02:00,64.49,1882760,292,中性盘
2443,13:02:03,64.51,1302971,202,买盘
2444,13:02:06,64.49,328953,51,卖盘
2445,13:02:09,64.48,483662,75,卖盘
2446,13:02:12,64.45,1412030,219,卖盘
2447,13:02:15,64.45,1057368,164,卖盘
2448,13:02:18,64.45,1250502,194,卖盘
2449,13:02:21,64.36,2428421,377,卖盘
2450,13:02:24,64.36,1062069,165,卖盘
2451,13:02:27,64.3,920258,143,卖盘
2452,13:02:30,64.33,4212696,655,中性盘
2453,13:02:33,64.35,2566011,399,中性盘
2454,13:02:36,64.39,804473,125,买盘
2455,13:02:39,64.39,836806,130,买盘
2456,13:02:42,64.38,521563,81,卖盘
2457,13:02:45,64.39,476566,74,卖盘
2458,13:02:48,64.37,424889,66,卖盘
2459,13:02:51,64.39,418481,65,买盘
2460,13:02:54,64.38,444234,69,卖盘
2461,13:02:57,64.37,1049360,163,卖盘
2462,13:03:00,64.35,843090,131,卖盘
2463,13:03:03,64.34,1268011,197,卖盘
2464,13:03:06,64.35,463279,72,买盘
2465,13:03:09,64.34,778540,121,卖盘
2466,13:03:12,64.35,2746175,427,买盘
2467,13:03:15,64.34,791394,123,卖盘
2468,13:03:18,64.32,4463037,694,卖盘
2469,13:03:21,64.3,996814,155,卖盘
2470,13:03:24,64.29,2501256,389,卖盘
2471,13:03:27,64.29,719968,112,卖盘
2472,13:03:30,64.29,1202299,187,买盘
2473,13:03:33,64.29,726577,113,卖盘
2474,13:03:36,64.29,1921750,299,卖盘
2475,13:03:39,64.29,1276874,199,卖盘
2476,13:03:42,64.31,662306,103,买盘
2477,13:03:45,64.32,1125592,175,买盘
2478,13:03:48,64.36,2604894,405,买盘
2479,13:03:51,64.36,688789,107,卖盘
2480,13:03:54,64.38,405640,63,中性盘
2481,13:03:57,64.37,579367,90,卖盘
2482,13:04:00,64.33,797982,124,卖盘
2483,13:04:03,64.33,778551,121,卖盘
2484,13:04:06,64.34,797728,124,买盘
2485,13:04:09,64.33,1261091,196,卖盘
2486,13:04:12,64.35,965060,150,买盘
2487,13:04:15,64.35,289574,45,买盘
2488,13:04:18,64.35,469795,73,卖盘
2489,13:04:21,64.36,424797,66,买盘
2490,13:04:24,64.38,1068514,166,买盘
2491,13:04:27,64.39,289713,45,买盘
2492,13:04:30,64.39,383770,60,买盘
2493,13:04:33,64.39,437886,68,卖盘
2494,13:04:36,64.4,1648653,256,买盘
2495,13:04:39,64.44,1314180,204,买盘
2496,13:04:42,64.46,1677946,260,买盘
2497,13:04:45,64.47,162468,25,买盘
2498,13:04:48,64.52,1167303,181,买盘
2499,13:04:51,64.53,193557,30,买盘
2500,13:04:54,64.53,332941,52,买盘
2501,13:04:57,64.6,845991,131,买盘
2502,13:05:00,64.63,368244,57,买盘
2503,13:05:03,64.56,703968,109,卖盘
2504,13:05:06,64.54,2465808,382,卖盘
2505,13:05:09,64.51,2226122,345,卖盘
2506,13:05:12,64.52,1219420,189,买盘
2507,13:05:15,64.52,606472,94,卖盘
2508,13:05:18,64.5,683856,106,卖盘
2509,13:05:21,64.54,896810,139,买盘
2510,13:05:24,64.52,813059,126,买盘
2511,13:05:27,64.54,787248,122,买盘
2512,13:05:30,64.53,600111,93,卖盘
2513,13:05:33,64.53,663389,103,卖盘
2514,13:05:36,64.52,1348775,209,卖盘
2515,13:05:39,64.55,995293,154,买盘
2516,13:05:42,64.56,334412,52,买盘
2517,13:05:45,64.58,516602,80,买盘
2518,13:05:48,64.57,1033240,160,中性盘
2519,13:05:51,64.58,601844,93,买盘
2520,13:05:54,64.58,579974,90,买盘
2521,13:05:57,64.57,692153,107,卖盘
2522,13:06:00,64.57,542436,84,买盘
2523,13:06:03,64.57,1065347,165,卖盘
2524,13:06:06,64.55,761672,118,卖盘
2525,13:06:09,64.55,664724,103,卖盘
2526,13:06:12,64.5,1793497,278,卖盘
2527,13:06:15,64.52,767921,119,卖盘
2528,13:06:18,64.52,277422,43,卖盘
2529,13:06:21,64.51,548283,85,买盘
2530,13:06:24,64.51,516027,80,买盘
2531,13:06:27,64.52,483815,75,买盘
2532,13:06:30,64.51,658007,102,中性盘
2533,13:06:33,64.5,645112,100,卖盘
2534,13:06:36,64.5,799906,124,卖盘
2535,13:06:39,64.5,915820,142,卖盘
2536,13:06:42,64.5,232210,36,卖盘
2537,13:06:45,64.49,1411468,219,买盘
2538,13:06:48,64.48,735211,114,卖盘
2539,13:06:51,64.48,317396,49,卖盘
2540,13:06:54,64.41,1783493,277,卖盘
2541,13:06:57,64.4,605484,94,中性盘
2542,13:07:00,64.41,122385,19,中性盘
2543,13:07:03,64.41,238337,37,卖盘
2544,13:07:06,64.41,637685,99,卖盘
2545,13:07:09,64.42,521744,81,买盘
2546,13:07:12,64.42,946924,147,买盘
2547,13:07:15,64.41,386480,60,卖盘
2548,13:07:18,64.35,2813369,437,卖盘
2549,13:07:21,64.35,1222493,190,买盘
2550,13:07:24,64.35,624116,97,买盘
2551,13:07:27,64.41,946511,147,买盘
2552,13:07:30,64.35,257444,40,买盘
2553,13:07:33,64.36,244534,38,买盘
2554,13:07:36,64.42,1190887,185,买盘
2555,13:07:39,64.37,617946,96,卖盘
2556,13:07:42,64.37,141613,22,买盘
2557,13:07:45,64.37,643572,100,买盘
2558,13:07:48,64.39,186709,29,中性盘
2559,13:07:51,64.4,386362,60,买盘
2560,13:07:54,64.39,141666,22,卖盘
2561,13:07:57,64.4,669712,104,买盘
2562,13:08:00,64.4,495847,77,中性盘
2563,13:08:03,64.4,534484,83,买盘
2564,13:08:06,64.39,933764,145,卖盘
2565,13:08:09,64.37,740326,115,卖盘
2566,13:08:12,64.34,1422155,221,卖盘
2567,13:08:15,64.28,2630086,409,卖盘
2568,13:08:18,64.24,925321,144,卖盘
2569,13:08:21,64.2,1983911,309,卖盘
2570,13:08:24,64.19,7575681,1180,卖盘
2571,13:08:27,64.17,417187,65,卖盘
2572,13:08:30,64.19,808780,126,买盘
2573,13:08:33,64.18,699502,109,买盘
2574,13:08:36,64.2,1234985,192,买盘
2575,13:08:39,64.22,924499,144,买盘
2576,13:08:42,64.24,375104,58,买盘
2577,13:08:45,64.24,166972,26,买盘
2578,13:08:48,64.25,456022,71,买盘
2579,13:08:51,64.27,835156,130,买盘
2580,13:08:54,64.25,205592,32,中性盘
2581,13:08:57,64.25,507750,79,卖盘
2582,13:09:00,64.26,629914,98,中性盘
2583,13:09:03,64.26,507661,79,卖盘
2584,13:09:06,64.26,1240097,193,卖盘
2585,13:09:09,64.24,256970,40,卖盘
2586,13:09:12,64.22,539487,84,卖盘
2587,13:09:15,64.2,423744,66,卖盘
2588,13:09:18,64.17,2445436,381,卖盘
2589,13:09:21,64.15,1187047,185,卖盘
2590,13:09:24,64.12,282195,44,卖盘
2591,13:09:27,64.14,820637,128,买盘
2592,13:09:30,64.11,1487981,232,中性盘
2593,13:09:33,64.09,891020,139,卖盘
2594,13:09:36,64.1,1871497,292,买盘
2595,13:09:39,64.07,634319,99,卖盘
2596,13:09:42,64.1,1621116,253,买盘
2597,13:09:45,64.02,1492555,233,卖盘
2598,13:09:48,64.05,909941,142,中性盘
2599,13:09:51,64.05,307472,48,卖盘
2600,13:09:54,64.05,339546,53,卖盘
2601,13:09:57,64.05,390677,61,卖盘
2602,13:10:00,64.04,570009,89,卖盘
2603,13:10:03,64.02,979742,153,卖盘
2604,13:10:06,64.02,1101179,172,卖盘
2605,13:10:09,64.03,889886,139,买盘
2606,13:10:12,64.02,403331,63,卖盘
2607,13:10:15,64.02,1716004,268,卖盘
2608,13:10:18,64.02,1683675,263,卖盘
2609,13:10:21,64.01,7995034,1249,卖盘
2610,13:10:24,64.0,6375008,996,卖盘
2611,13:10:27,64.01,2080174,325,买盘
2612,13:10:30,64.0,1433615,224,卖盘
2613,13:10:33,64.0,9952046,1555,卖盘
2614,13:10:36,64.0,2240204,350,卖盘
2615,13:10:39,64.0,1465536,229,卖盘
2616,13:10:42,64.0,403166,63,买盘
2617,13:10:45,63.98,722999,113,卖盘
2618,13:10:48,64.0,870286,136,买盘
2619,13:10:51,64.0,1170803,183,买盘
2620,13:10:54,64.0,339175,53,买盘
2621,13:10:57,64.0,1164637,182,买盘
2622,13:11:00,63.98,294343,46,卖盘
2623,13:11:03,63.97,1848756,289,卖盘
2624,13:11:06,63.96,1042610,163,卖盘
2625,13:11:09,63.96,1624587,254,卖盘
2626,13:11:12,63.96,6076054,950,卖盘
2627,13:11:15,63.93,562625,88,卖盘
2628,13:11:18,63.92,1259237,197,卖盘
2629,13:11:21,63.9,1955473,306,卖盘
2630,13:11:24,63.9,1047902,164,卖盘
2631,13:11:27,63.9,178905,28,中性盘
2632,13:11:30,63.9,543075,85,买盘
2633,13:11:33,63.88,785888,123,卖盘
2634,13:11:36,63.89,1859040,291,中性盘
2635,13:11:39,63.89,907106,142,买盘
2636,13:11:42,63.86,1354064,212,卖盘
2637,13:11:45,63.89,715414,112,买盘
2638,13:11:48,63.86,421482,66,卖盘
2639,13:11:51,63.86,968129,152,买盘
2640,13:11:54,63.86,464919,73,卖盘
2641,13:11:57,63.87,510892,80,中性盘
2642,13:12:00,63.86,740802,116,卖盘
2643,13:12:03,63.86,344873,54,卖盘
2644,13:12:06,63.87,1073099,168,买盘
2645,13:12:09,63.87,1283689,201,卖盘
2646,13:12:12,63.93,1812840,284,买盘
2647,13:12:15,63.92,1613201,252,卖盘
2648,13:12:18,63.93,1636028,256,买盘
2649,13:12:21,63.94,415570,65,买盘
2650,13:12:24,63.94,1240325,194,买盘
2651,13:12:27,63.93,620179,97,卖盘
2652,13:12:30,63.92,1067648,167,卖盘
2653,13:12:33,63.93,894986,140,买盘
2654,13:12:36,63.94,2045536,320,买盘
2655,13:12:39,63.93,748012,117,卖盘
2656,13:12:42,63.93,549848,86,卖盘
2657,13:12:45,63.93,824752,129,卖盘
2658,13:12:48,63.93,1924201,301,卖盘
2659,13:12:51,63.9,722298,113,卖盘
2660,13:12:54,63.91,1118664,175,中性盘
2661,13:12:57,63.94,409146,64,买盘
2662,13:13:00,63.93,191791,30,卖盘
2663,13:13:03,63.93,402765,63,卖盘
2664,13:13:06,63.91,1112378,174,卖盘
2665,13:13:09,63.92,735003,115,买盘
2666,13:13:12,63.91,383462,60,卖盘
2667,13:13:15,63.91,1194974,187,买盘
2668,13:13:18,63.9,313130,49,卖盘
2669,13:13:21,63.91,439721,69,买盘
2670,13:13:24,63.9,645433,101,卖盘
2671,13:13:27,63.91,1303602,204,买盘
2672,13:13:30,63.91,1305091,204,卖盘
2673,13:13:33,63.91,3547502,555,卖盘
2674,13:13:36,63.91,453796,71,卖盘
2675,13:13:39,63.92,1393177,218,买盘
2676,13:13:42,63.92,236484,37,买盘
2677,13:13:45,63.92,357950,56,买盘
2678,13:13:48,63.93,274859,43,买盘
2679,13:13:51,63.92,178983,28,卖盘
2680,13:13:54,63.93,1602991,251,买盘
2681,13:13:57,63.93,850175,133,买盘
2682,13:14:00,63.93,262093,41,买盘
2683,13:14:03,63.93,1176107,184,买盘
2684,13:14:06,63.9,4261994,667,卖盘
2685,13:14:09,63.89,2140406,335,卖盘
2686,13:14:12,63.9,1290794,202,买盘
2687,13:14:15,63.91,683819,107,买盘
2688,13:14:18,63.9,613439,96,卖盘
2689,13:14:21,63.89,645385,101,卖盘
2690,13:14:24,63.91,523941,82,买盘
2691,13:14:27,63.9,428107,67,买盘
2692,13:14:30,63.9,619789,97,买盘
2693,13:14:33,63.9,958513,150,卖盘
2694,13:14:36,63.91,1572181,246,买盘
2695,13:14:39,63.91,300401,47,卖盘
2696,13:14:42,63.91,504902,79,卖盘
2697,13:14:45,63.92,511303,80,买盘
2698,13:14:48,63.91,543247,85,卖盘
2699,13:14:51,63.91,498499,78,卖盘
2700,13:14:54,63.91,575139,90,买盘
2701,13:14:57,63.9,1162989,182,卖盘
2702,13:15:00,63.89,2268428,355,卖盘
2703,13:15:03,63.87,2330902,365,卖盘
2704,13:15:06,63.86,1340766,210,卖盘
2705,13:15:09,63.85,536382,84,卖盘
2706,13:15:12,63.82,1187076,186,卖盘
2707,13:15:15,63.81,8675397,1360,卖盘
2708,13:15:18,63.81,2520337,395,卖盘
2709,13:15:21,63.82,1155018,181,买盘
2710,13:15:24,63.82,1371989,215,买盘
2711,13:15:27,63.81,1621021,254,卖盘
2712,13:15:30,63.85,708656,111,买盘
2713,13:15:33,63.84,1762173,276,中性盘
2714,13:15:36,63.85,1060023,166,中性盘
2715,13:15:39,63.88,351261,55,买盘
2716,13:15:42,63.86,421497,66,卖盘
2717,13:15:45,63.85,1027894,161,卖盘
2718,13:15:48,63.84,472471,74,卖盘
2719,13:15:51,63.85,395904,62,卖盘
2720,13:15:54,63.86,1780982,279,买盘
2721,13:15:57,63.85,810780,127,买盘
2722,13:16:00,63.85,2624849,411,买盘
2723,13:16:03,63.86,772867,121,中性盘
2724,13:16:06,63.86,459884,72,卖盘
2725,13:16:09,63.87,747156,117,买盘
2726,13:16:12,63.84,555579,87,卖盘
2727,13:16:15,63.82,1276765,200,卖盘
2728,13:16:18,63.86,765962,120,买盘
2729,13:16:21,63.85,236224,37,中性盘
2730,13:16:24,63.84,791795,124,中性盘
2731,13:16:27,63.84,561844,88,卖盘
2732,13:16:30,63.85,587369,92,买盘
2733,13:16:33,63.85,344773,54,中性盘
2734,13:16:36,63.86,523586,82,买盘
2735,13:16:39,63.87,945061,148,买盘
2736,13:16:42,63.85,817330,128,卖盘
2737,13:16:45,63.85,695909,109,买盘
2738,13:16:48,63.85,389475,61,买盘
2739,13:16:51,63.85,740711,116,卖盘
2740,13:16:54,63.85,261789,41,卖盘
2741,13:16:57,63.85,625774,98,卖盘
2742,13:17:00,63.85,153257,24,卖盘
2743,13:17:03,63.86,1015139,159,中性盘
2744,13:17:06,63.84,874683,137,卖盘
2745,13:17:09,63.84,1519128,238,卖盘
2746,13:17:12,63.84,1882887,295,中性盘
2747,13:17:15,63.83,408550,64,卖盘
2748,13:17:18,63.84,255365,40,卖盘
2749,13:17:21,63.84,593684,93,卖盘
2750,13:17:24,63.84,146833,23,卖盘
2751,13:17:27,63.84,1130003,177,卖盘
2752,13:17:30,63.84,1053429,165,买盘
2753,13:17:33,63.84,510648,80,买盘
2754,13:17:36,63.84,711131,111,买盘
2755,13:17:39,63.84,999749,157,卖盘
2756,13:17:42,63.84,261751,41,卖盘
2757,13:17:45,63.85,242629,38,买盘
2758,13:17:48,63.84,881003,138,卖盘
2759,13:17:51,63.85,248997,39,买盘
2760,13:17:54,63.85,612883,96,买盘
2761,13:17:57,63.84,906569,142,卖盘
2762,13:18:00,63.85,1720513,269,买盘
2763,13:18:03,63.85,724662,114,买盘
2764,13:18:06,63.83,651150,102,卖盘
2765,13:18:09,63.81,5022203,787,卖盘
2766,13:18:12,63.81,5805942,910,买盘
2767,13:18:15,63.8,982631,154,卖盘
2768,13:18:18,63.79,2450014,384,卖盘
2769,13:18:21,63.78,574022,90,卖盘
2770,13:18:24,63.78,2250360,353,买盘
2771,13:18:27,63.75,1102520,173,卖盘
2772,13:18:30,63.75,439638,69,买盘
2773,13:18:33,63.71,1911946,300,卖盘
2774,13:18:36,63.75,5034645,790,买盘
2775,13:18:39,63.71,2886736,453,卖盘
2776,13:18:42,63.73,305878,48,中性盘
2777,13:18:45,63.73,497185,78,卖盘
2778,13:18:48,63.76,1255954,197,买盘
2779,13:18:51,63.8,1275610,200,买盘
2780,13:18:54,63.79,312603,49,中性盘
2781,13:18:57,63.79,497600,78,卖盘
2782,13:19:00,63.81,1008032,158,买盘
2783,13:19:03,63.82,542410,85,买盘
2784,13:19:06,63.81,612604,96,卖盘
2785,13:19:09,63.82,370173,58,买盘
2786,13:19:12,63.82,287202,45,卖盘
2787,13:19:15,63.83,542458,85,买盘
2788,13:19:18,63.83,676554,106,买盘
2789,13:19:21,63.83,465929,73,买盘
2790,13:19:24,63.83,861652,135,买盘
2791,13:19:27,63.8,1952500,306,卖盘
2792,13:19:30,63.8,976114,153,买盘
2793,13:19:33,63.8,181181,28,买盘
2794,13:19:36,63.8,452941,71,买盘
2795,13:19:39,63.79,267930,42,卖盘
2796,13:19:42,63.79,523103,82,卖盘
2797,13:19:45,63.79,759107,119,卖盘
2798,13:19:48,63.79,401883,63,卖盘
2799,13:19:51,63.79,348286,55,卖盘
2800,13:19:54,63.77,1320169,207,卖盘
2801,13:19:57,63.77,1663670,261,买盘
2802,13:20:00,63.77,427142,67,买盘
2803,13:20:03,63.77,133904,21,买盘
2804,13:20:06,63.77,1129920,177,买盘
2805,13:20:09,63.76,299719,47,卖盘
2806,13:20:12,63.76,2225882,349,卖盘
2807,13:20:15,63.78,114813,18,中性盘
2808,13:20:18,63.79,433740,68,买盘
2809,13:20:21,63.8,1874291,294,买盘
2810,13:20:24,63.8,491211,77,买盘
2811,13:20:27,63.85,4052638,635,买盘
2812,13:20:30,63.86,637131,100,买盘
2813,13:20:33,63.86,4338499,680,买盘
2814,13:20:36,63.86,466188,73,卖盘
2815,13:20:39,63.86,555639,87,买盘
2816,13:20:42,63.85,1391945,218,卖盘
2817,13:20:45,63.84,383066,60,中性盘
2818,13:20:48,63.82,765934,120,卖盘
2819,13:20:51,63.82,427579,67,买盘
2820,13:20:54,63.81,931653,146,卖盘
2821,13:20:57,63.81,2634694,413,买盘
2822,13:21:00,63.8,663529,104,卖盘
2823,13:21:03,63.8,191399,30,买盘
2824,13:21:06,63.8,1428880,224,买盘
2825,13:21:09,63.79,548572,86,中性盘
2826,13:21:12,63.79,554863,87,买盘
2827,13:21:15,63.79,433776,68,买盘
2828,13:21:18,63.79,701620,110,买盘
2829,13:21:21,63.8,255164,40,买盘
2830,13:21:24,63.81,1671532,262,买盘
2831,13:21:27,63.81,1723071,270,买盘
2832,13:21:30,63.83,708315,111,买盘
2833,13:21:33,63.83,689465,108,卖盘
2834,13:21:36,63.84,466043,73,买盘
2835,13:21:39,63.81,1404172,220,卖盘
2836,13:21:42,63.86,478928,75,买盘
2837,13:21:45,63.83,338357,53,卖盘
2838,13:21:48,63.84,561718,88,买盘
2839,13:21:51,63.83,478721,75,卖盘
2840,13:21:54,63.82,229777,36,卖盘
2841,13:21:57,63.81,1053027,165,卖盘
2842,13:22:00,63.8,1512109,237,卖盘
2843,13:22:03,63.79,1218400,191,卖盘
2844,13:22:06,63.79,1415958,222,买盘
2845,13:22:09,63.78,216873,34,卖盘
2846,13:22:12,63.79,293388,46,买盘
2847,13:22:15,63.79,618729,97,买盘
2848,13:22:18,63.79,325326,51,买盘
2849,13:22:21,63.79,82929,13,卖盘
2850,13:22:24,63.79,503951,79,卖盘
2851,13:22:27,63.79,344480,54,卖盘
2852,13:22:30,63.8,842136,132,买盘
2853,13:22:33,63.79,553734,87,卖盘
2854,13:22:36,63.84,1416603,222,买盘
2855,13:22:39,63.84,823257,129,买盘
2856,13:22:42,63.85,76620,12,买盘
2857,13:22:45,63.84,363890,57,卖盘
2858,13:22:48,63.8,714922,112,卖盘
2859,13:22:51,63.83,121284,19,中性盘
2860,13:22:54,63.83,829490,130,买盘
2861,13:22:57,63.83,383017,60,买盘
2862,13:23:00,63.84,293658,46,买盘
2863,13:23:03,63.84,466011,73,买盘
2864,13:23:06,63.83,2023415,317,卖盘
2865,13:23:09,63.83,702117,110,买盘
2866,13:23:12,63.83,663802,104,买盘
2867,13:23:15,63.82,893593,140,卖盘
2868,13:23:18,63.82,727623,114,卖盘
2869,13:23:21,63.83,382964,60,买盘
2870,13:23:24,63.83,217018,34,买盘
2871,13:23:27,63.84,459531,72,买盘
2872,13:23:30,63.86,3804777,596,买盘
2873,13:23:33,63.88,797046,125,买盘
2874,13:23:36,63.87,670747,105,卖盘
2875,13:23:39,63.89,293850,46,买盘
2876,13:23:42,63.9,1130891,177,买盘
2877,13:23:45,63.89,607027,95,卖盘
2878,13:23:48,63.88,1303391,204,卖盘
2879,13:23:51,63.87,1207364,189,卖盘
2880,13:23:54,63.89,894449,140,买盘
2881,13:23:57,63.89,530181,83,买盘
2882,13:24:00,63.9,664499,104,买盘
2883,13:24:03,63.9,1041578,163,卖盘
2884,13:24:06,63.9,747605,117,买盘
2885,13:24:09,63.9,773251,121,卖盘
2886,13:24:12,63.9,1148957,180,卖盘
2887,13:24:15,63.91,568775,89,买盘
2888,13:24:18,63.9,568762,89,卖盘
2889,13:24:21,63.91,409044,64,卖盘
2890,13:24:24,63.91,377097,59,卖盘
2891,13:24:27,63.92,1399731,219,买盘
2892,13:24:30,63.92,620011,97,买盘
2893,13:24:33,63.92,588060,92,买盘
2894,13:24:36,63.92,1674622,262,买盘
2895,13:24:39,63.93,268493,42,买盘
2896,13:24:42,63.93,926904,145,买盘
2897,13:24:45,63.93,494857,77,买盘
2898,13:24:48,63.95,434837,68,买盘
2899,13:24:51,64.07,8508858,1330,买盘
2900,13:24:54,64.05,390694,61,中性盘
2901,13:24:57,64.01,806783,126,卖盘
2902,13:25:00,63.97,889493,139,卖盘
2903,13:25:03,64.01,1228493,192,买盘
2904,13:25:06,64.0,1189902,186,买盘
2905,13:25:09,63.98,307114,48,中性盘
2906,13:25:12,64.01,2937611,459,买盘
2907,13:25:15,64.01,108827,17,中性盘
2908,13:25:18,64.02,550511,86,中性盘
2909,13:25:21,64.02,1158721,181,买盘
2910,13:25:24,64.02,592843,93,中性盘
2911,13:25:27,64.03,985819,154,买盘
2912,13:25:30,64.0,853985,133,卖盘
2913,13:25:33,63.99,1599897,250,卖盘
2914,13:25:36,64.01,1497382,234,买盘
2915,13:25:39,63.98,1068588,167,卖盘
2916,13:25:42,63.99,1650720,258,卖盘
2917,13:25:45,64.0,249586,39,买盘
2918,13:25:48,64.01,1401504,219,买盘
2919,13:25:51,64.01,1036840,162,买盘
2920,13:25:54,64.01,1203281,188,买盘
2921,13:25:57,64.02,608133,95,买盘
2922,13:26:00,64.01,524886,82,卖盘
2923,13:26:03,64.02,192074,30,买盘
2924,13:26:06,64.0,1369976,214,卖盘
2925,13:26:09,63.99,2783749,435,卖盘
2926,13:26:12,64.0,2514921,393,买盘
2927,13:26:15,63.99,1126124,176,卖盘
2928,13:26:18,63.99,396671,62,买盘
2929,13:26:21,63.99,595071,93,买盘
2930,13:26:24,63.99,467090,73,买盘
