,成交时间,成交价格,成交金额,成交量,性质
0,09:25:03,57.44,10620656,1849,卖盘
1,09:30:02,57.43,1110023,193,中性盘
2,09:30:05,57.44,1383890,241,中性盘
3,09:30:08,57.39,1424017,248,卖盘
4,09:30:11,57.39,2084640,363,卖盘
5,09:30:14,57.35,918451,160,卖盘
6,09:30:17,57.41,746175,130,买盘
7,09:30:20,57.41,814962,142,买盘
8,09:30:23,57.36,1113419,194,卖盘
9,09:30:26,57.38,872052,152,买盘
10,09:30:29,57.38,946883,165,中性盘
11,09:30:33,57.37,1423180,248,中性盘
12,09:30:36,57.39,1808187,315,买盘
13,09:30:38,57.36,1268212,221,卖盘
14,09:30:42,57.38,820616,143,买盘
15,09:30:44,57.43,648450,113,买盘
16,09:30:47,57.39,556692,97,卖盘
17,09:30:51,57.41,1079076,188,买盘
18,09:30:54,57.4,1314777,229,卖盘
19,09:30:57,57.4,981502,171,卖盘
20,09:30:59,57.47,4085549,712,买盘
21,09:31:02,57.48,4021432,700,买盘
22,09:31:06,57.49,1793767,312,买盘
23,09:31:08,57.5,1592743,277,买盘
24,09:31:11,57.51,655630,114,买盘
25,09:31:14,57.53,1426914,248,买盘
26,09:31:18,57.54,5182816,901,中性盘
27,09:31:20,57.54,1697813,295,卖盘
28,09:31:23,57.51,3042589,529,卖盘
29,09:31:26,57.55,1709064,297,买盘
30,09:31:29,57.57,2556026,444,买盘
31,09:31:33,57.59,2383744,414,买盘
32,09:31:35,57.54,2285340,397,卖盘
33,09:31:38,57.53,1973092,343,卖盘
34,09:31:41,57.48,2353469,409,卖盘
35,09:31:44,57.47,2459472,428,中性盘
36,09:31:47,57.46,971250,169,中性盘
37,09:31:50,57.47,1339098,233,中性盘
38,09:31:53,57.47,2068992,360,买盘
39,09:31:56,57.47,1252839,218,买盘
40,09:31:59,57.5,1298844,226,买盘
41,09:32:02,57.51,2081468,362,买盘
42,09:32:05,57.54,1334386,232,买盘
43,09:32:08,57.54,1748854,304,买盘
44,09:32:12,57.53,1760736,306,买盘
45,09:32:14,57.54,1018236,177,买盘
46,09:32:17,57.56,1697929,295,买盘
47,09:32:21,57.56,1484814,258,买盘
48,09:32:23,57.54,587171,102,卖盘
49,09:32:26,57.59,2245606,390,买盘
50,09:32:30,57.57,1767417,307,卖盘
51,09:32:32,57.68,7522571,1306,买盘
52,09:32:35,57.7,3755115,651,买盘
53,09:32:38,57.62,4636537,804,卖盘
54,09:32:41,57.64,806396,140,中性盘
55,09:32:44,57.64,1244969,216,中性盘
56,09:32:47,57.64,1157866,201,中性盘
57,09:32:50,57.65,841400,146,买盘
58,09:32:54,57.62,651266,113,卖盘
59,09:32:56,57.64,1071864,186,买盘
60,09:32:59,57.63,685802,119,卖盘
61,09:33:02,57.57,2680068,465,卖盘
62,09:33:06,57.6,455033,79,中性盘
63,09:33:08,57.62,2413774,419,买盘
64,09:33:11,57.62,720113,125,买盘
65,09:33:14,57.65,3107440,539,买盘
66,09:33:17,57.76,4900895,849,买盘
67,09:33:20,57.69,2199392,381,卖盘
68,09:33:23,57.69,934413,162,卖盘
69,09:33:26,57.67,403682,70,中性盘
70,09:33:29,57.63,697529,121,卖盘
71,09:33:32,57.65,484233,84,买盘
72,09:33:35,57.63,668455,116,卖盘
73,09:33:38,57.62,460940,80,卖盘
74,09:33:41,57.6,1664668,289,卖盘
75,09:33:44,57.62,771590,134,买盘
76,09:33:47,57.55,903789,157,卖盘
77,09:33:50,57.57,501110,87,中性盘
78,09:33:53,57.6,697111,121,买盘
79,09:33:56,57.6,765705,133,买盘
80,09:33:59,57.6,731224,127,买盘
81,09:34:03,57.61,835217,145,买盘
82,09:34:05,57.6,1376884,239,卖盘
83,09:34:08,57.6,2821917,490,卖盘
84,09:34:11,57.6,431866,75,买盘
85,09:34:14,57.59,725406,126,中性盘
86,09:34:17,57.53,397332,69,卖盘
87,09:34:20,57.54,460342,80,卖盘
88,09:34:23,57.62,3853875,669,买盘
89,09:34:26,57.64,2703210,469,买盘
90,09:34:29,57.66,535988,93,买盘
91,09:34:32,57.62,605089,105,买盘
92,09:34:35,57.65,1279213,222,中性盘
93,09:34:38,57.61,351563,61,卖盘
94,09:34:41,57.62,915892,159,买盘
95,09:34:44,57.6,1226632,213,中性盘
96,09:34:47,57.6,1249691,217,买盘
97,09:34:50,57.56,650429,113,中性盘
98,09:34:53,57.56,374137,65,卖盘
99,09:34:56,57.6,800259,139,买盘
100,09:34:59,57.6,764868,133,买盘
101,09:35:02,57.6,2069441,359,卖盘
102,09:35:05,57.59,1411066,245,买盘
103,09:35:08,57.59,587419,102,卖盘
104,09:35:11,57.58,443251,77,买盘
105,09:35:14,57.53,887342,154,卖盘
106,09:35:18,57.53,782619,136,买盘
107,09:35:20,57.5,1714134,298,卖盘
108,09:35:23,57.5,1644644,286,卖盘
109,09:35:26,57.46,729957,127,卖盘
110,09:35:29,57.45,580287,101,卖盘
111,09:35:32,57.44,2469867,430,中性盘
112,09:35:35,57.45,1573969,274,买盘
113,09:35:38,57.43,1860670,324,卖盘
114,09:35:41,57.42,930223,162,卖盘
115,09:35:44,57.41,258367,45,卖盘
116,09:35:47,57.48,3056031,532,买盘
117,09:35:50,57.47,965574,168,卖盘
118,09:35:54,57.49,344883,60,买盘
119,09:35:56,57.5,339167,59,买盘
120,09:35:59,57.5,615262,107,卖盘
121,09:36:03,57.5,247258,43,卖盘
122,09:36:05,57.5,598031,104,卖盘
123,09:36:09,57.52,465786,81,买盘
124,09:36:11,57.55,1075857,187,买盘
125,09:36:15,57.6,612966,106,买盘
126,09:36:17,57.55,780538,136,卖盘
127,09:36:20,57.55,783056,136,买盘
128,09:36:23,57.6,253297,44,买盘
129,09:36:26,57.6,172778,30,买盘
130,09:36:29,57.6,444786,77,买盘
131,09:36:32,57.6,322609,56,卖盘
132,09:36:35,57.61,270767,47,中性盘
133,09:36:38,57.62,800834,139,中性盘
134,09:36:41,57.63,403375,70,买盘
135,09:36:44,57.61,1187103,206,卖盘
136,09:36:47,57.63,3717987,645,买盘
137,09:36:50,57.64,887674,154,中性盘
138,09:36:53,57.66,1446409,251,买盘
139,09:36:56,57.66,288226,50,买盘
140,09:36:59,57.57,1849820,321,卖盘
141,09:37:03,57.57,2389565,415,卖盘
142,09:37:05,57.56,737111,128,中性盘
143,09:37:08,57.55,1514343,263,中性盘
144,09:37:11,57.55,518088,90,卖盘
145,09:37:14,57.55,431619,75,卖盘
146,09:37:17,57.54,610012,106,卖盘
147,09:37:20,57.57,731109,127,买盘
148,09:37:23,57.56,408702,71,卖盘
149,09:37:26,57.54,995452,173,卖盘
150,09:37:29,57.55,546637,95,买盘
151,09:37:32,57.54,345293,60,卖盘
152,09:37:35,57.55,725102,126,买盘
153,09:37:38,57.62,4704070,817,买盘
154,09:37:41,57.61,1296288,225,中性盘
155,09:37:44,57.58,708535,123,卖盘
156,09:37:47,57.6,236121,41,买盘
157,09:37:50,57.57,316755,55,中性盘
158,09:37:53,57.52,1559670,271,卖盘
159,09:37:56,57.52,1092601,190,买盘
160,09:37:59,57.52,172547,30,买盘
161,09:38:02,57.5,1144861,199,卖盘
162,09:38:05,57.49,201278,35,卖盘
163,09:38:08,57.5,597983,104,买盘
164,09:38:11,57.44,1120416,195,卖盘
165,09:38:14,57.44,1706302,297,卖盘
166,09:38:17,57.45,775580,135,买盘
167,09:38:20,57.47,505601,88,中性盘
168,09:38:24,57.45,867418,151,卖盘
169,09:38:26,57.44,1556658,271,卖盘
170,09:38:29,57.4,2061814,359,卖盘
171,09:38:32,57.42,298590,52,卖盘
172,09:38:35,57.43,522577,91,买盘
173,09:38:38,57.43,3336901,581,买盘
174,09:38:41,57.4,338735,59,卖盘
175,09:38:44,57.4,229633,40,中性盘
176,09:38:47,57.37,350018,61,卖盘
177,09:38:50,57.34,516214,90,卖盘
178,09:38:53,57.33,3581191,625,卖盘
179,09:38:56,57.3,372576,65,卖盘
180,09:38:59,57.3,441298,77,买盘
181,09:39:02,57.3,521387,91,买盘
182,09:39:05,57.3,803516,140,买盘
183,09:39:08,57.34,366864,64,中性盘
184,09:39:11,57.36,470140,82,买盘
185,09:39:14,57.39,1917109,334,买盘
186,09:39:17,57.43,149259,26,中性盘
187,09:39:20,57.44,499479,87,中性盘
188,09:39:23,57.4,269835,47,卖盘
189,09:39:26,57.43,1503986,262,买盘
190,09:39:29,57.44,425056,74,买盘
191,09:39:32,57.45,832930,145,买盘
192,09:39:35,57.44,310249,54,卖盘
193,09:39:38,57.48,270107,47,中性盘
194,09:39:41,57.49,402326,70,买盘
195,09:39:44,57.47,2155370,375,卖盘
196,09:39:47,57.48,465492,81,买盘
197,09:39:50,57.47,339137,59,卖盘
198,09:39:53,57.48,149460,26,卖盘
199,09:39:56,57.5,753032,131,买盘
200,09:39:59,57.47,988630,172,卖盘
201,09:40:02,57.43,993768,173,卖盘
202,09:40:05,57.43,826928,144,卖盘
203,09:40:08,57.41,109111,19,卖盘
204,09:40:11,57.42,1395060,243,买盘
205,09:40:14,57.43,321604,56,买盘
206,09:40:17,57.44,315926,55,中性盘
207,09:40:20,57.42,436478,76,卖盘
208,09:40:23,57.41,562651,98,卖盘
209,09:40:26,57.41,786521,137,卖盘
210,09:40:29,57.41,688918,120,卖盘
211,09:40:32,57.42,275614,48,买盘
212,09:40:35,57.43,447920,78,中性盘
213,09:40:38,57.42,338837,59,卖盘
214,09:40:41,57.42,373223,65,买盘
215,09:40:44,57.39,2066755,360,卖盘
216,09:40:47,57.39,355888,62,卖盘
217,09:40:50,57.38,1164759,203,卖盘
218,09:40:53,57.38,487689,85,买盘
219,09:40:57,57.37,344272,60,中性盘
220,09:40:59,57.37,218026,38,卖盘
221,09:41:02,57.37,504888,88,卖盘
222,09:41:05,57.37,281116,49,卖盘
223,09:41:08,57.36,326986,57,卖盘
224,09:41:11,57.35,326918,57,卖盘
225,09:41:14,57.35,315428,55,卖盘
226,09:41:17,57.34,269520,47,卖盘
227,09:41:20,57.34,303932,53,中性盘
228,09:41:23,57.33,515987,90,卖盘
229,09:41:26,57.33,235753,41,卖盘
230,09:41:29,57.33,928848,162,卖盘
231,09:41:32,57.33,291696,51,卖盘
232,09:41:36,57.33,1015667,177,买盘
233,09:41:38,57.38,441694,77,中性盘
234,09:41:41,57.39,493563,86,买盘
235,09:41:44,57.39,143476,25,卖盘
236,09:41:47,57.39,109059,19,卖盘
237,09:41:50,57.39,109057,19,卖盘
238,09:41:53,57.42,568336,99,买盘
239,09:41:56,57.41,91850,16,卖盘
240,09:42:00,57.41,218147,38,卖盘
241,09:42:02,57.41,189461,33,卖盘
242,09:42:06,57.41,241146,42,卖盘
243,09:42:08,57.36,1509277,263,卖盘
244,09:42:11,57.32,1267078,221,卖盘
245,09:42:14,57.31,286577,50,卖盘
246,09:42:17,57.3,595996,104,卖盘
247,09:42:20,57.29,2210538,386,卖盘
248,09:42:23,57.29,252091,44,买盘
249,09:42:26,57.29,126026,22,买盘
250,09:42:29,57.28,297895,52,卖盘
251,09:42:32,57.28,349440,61,卖盘
252,09:42:36,57.29,286438,50,买盘
253,09:42:38,57.29,412450,72,买盘
254,09:42:41,57.28,475469,83,卖盘
255,09:42:44,57.29,3220229,562,买盘
256,09:42:47,57.32,722070,126,买盘
257,09:42:51,57.31,584493,102,中性盘
258,09:42:53,57.32,202880,35,买盘
259,09:42:56,57.3,372487,65,卖盘
260,09:42:59,57.31,917066,160,中性盘
261,09:43:02,57.31,292281,51,卖盘
262,09:43:05,57.3,613159,107,卖盘
263,09:43:08,57.29,1579250,276,卖盘
264,09:43:11,57.3,160429,28,买盘
265,09:43:14,57.28,836448,146,卖盘
266,09:43:17,57.26,1632331,285,卖盘
267,09:43:20,57.28,1025186,179,买盘
268,09:43:23,57.31,1389032,242,买盘
269,09:43:27,57.32,68783,12,中性盘
270,09:43:29,57.33,517062,90,买盘
271,09:43:32,57.34,303895,53,买盘
272,09:43:36,57.34,108938,19,买盘
273,09:43:38,57.33,802582,140,卖盘
274,09:43:41,57.32,120370,21,中性盘
275,09:43:44,57.3,229266,40,卖盘
276,09:43:47,57.31,647488,113,买盘
277,09:43:50,57.3,332369,58,卖盘
278,09:43:53,57.3,131790,23,卖盘
279,09:43:56,57.3,595967,104,卖盘
280,09:43:59,57.31,412623,72,买盘
281,09:44:02,57.32,1381018,241,买盘
282,09:44:05,57.38,1083652,189,买盘
283,09:44:08,57.32,659245,115,卖盘
284,09:44:11,57.31,240763,42,卖盘
285,09:44:14,57.32,160475,28,买盘
286,09:44:17,57.34,326697,57,买盘
287,09:44:20,57.32,131839,23,中性盘
288,09:44:23,57.31,979979,171,卖盘
289,09:44:26,57.31,349596,61,卖盘
290,09:44:29,57.31,441312,77,卖盘
291,09:44:32,57.31,252176,44,卖盘
292,09:44:36,57.31,263659,46,卖盘
293,09:44:38,57.32,445894,78,买盘
294,09:44:41,57.31,298028,52,卖盘
295,09:44:44,57.3,362231,63,卖盘
296,09:44:48,57.26,2524877,441,卖盘
297,09:44:50,57.26,790242,138,卖盘
298,09:44:53,57.26,188936,33,中性盘
299,09:44:56,57.27,383741,67,买盘
300,09:44:59,57.27,263450,46,卖盘
301,09:45:02,57.27,286403,50,卖盘
302,09:45:05,57.27,847602,148,卖盘
303,09:45:08,57.26,916095,160,卖盘
304,09:45:11,57.25,354979,62,卖盘
305,09:45:14,57.23,646761,113,卖盘
306,09:45:17,57.21,1905328,333,卖盘
307,09:45:20,57.2,612061,107,卖盘
308,09:45:23,57.18,4404098,770,卖盘
309,09:45:27,57.19,428890,75,买盘
310,09:45:29,57.2,549087,96,买盘
311,09:45:32,57.24,5395714,943,买盘
312,09:45:35,57.25,498149,87,中性盘
313,09:45:38,57.3,171857,30,买盘
314,09:45:41,57.27,263452,46,中性盘
315,09:45:44,57.25,1168140,204,卖盘
316,09:45:47,57.25,372101,65,买盘
317,09:45:51,57.25,223265,39,买盘
318,09:45:53,57.25,194646,34,买盘
319,09:45:56,57.25,838693,146,卖盘
320,09:45:59,57.29,641343,112,买盘
321,09:46:02,57.27,498313,87,卖盘
322,09:46:05,57.28,696663,122,中性盘
323,09:46:08,57.28,286438,50,卖盘
324,09:46:11,57.28,446860,78,卖盘
325,09:46:14,57.3,544389,95,买盘
326,09:46:17,57.29,550040,96,中性盘
327,09:46:20,57.32,332391,58,买盘
328,09:46:23,57.31,85956,15,中性盘
329,09:46:26,57.32,226951,40,买盘
330,09:46:29,57.3,171941,30,卖盘
331,09:46:32,57.31,383930,67,买盘
332,09:46:35,57.3,464120,81,买盘
333,09:46:38,57.3,727655,127,卖盘
334,09:46:41,57.3,275034,48,买盘
335,09:46:44,57.31,257818,45,买盘
336,09:46:47,57.29,200526,35,中性盘
337,09:46:50,57.29,355206,62,买盘
338,09:46:53,57.32,699312,122,买盘
339,09:46:56,57.33,166238,29,买盘
340,09:46:59,57.32,200640,35,卖盘
341,09:47:02,57.31,120367,21,卖盘
342,09:47:05,57.33,303795,53,买盘
343,09:47:08,57.31,126091,22,卖盘
344,09:47:11,57.31,647499,113,卖盘
345,09:47:14,57.28,171855,30,卖盘
346,09:47:17,57.29,806455,141,买盘
347,09:47:20,57.29,853559,149,买盘
348,09:47:23,57.29,1478330,258,卖盘
349,09:47:26,57.3,3344220,584,买盘
350,09:47:29,57.35,906866,158,买盘
351,09:47:32,57.33,166266,29,卖盘
352,09:47:35,57.33,252310,44,卖盘
353,09:47:38,57.34,114679,20,买盘
354,09:47:41,57.35,235105,41,买盘
355,09:47:44,57.36,131908,23,买盘
356,09:47:47,57.39,1198947,209,买盘
357,09:47:50,57.39,809472,141,卖盘
358,09:47:53,57.43,976255,170,买盘
359,09:47:56,57.41,172193,30,中性盘
360,09:47:59,57.42,378965,66,买盘
361,09:48:02,57.4,373162,65,卖盘
362,09:48:05,57.41,591309,103,买盘
363,09:48:08,57.4,177952,31,卖盘
364,09:48:12,57.41,591212,103,买盘
365,09:48:14,57.39,126260,22,中性盘
366,09:48:17,57.38,241056,42,卖盘
367,09:48:20,57.36,602452,105,卖盘
368,09:48:23,57.37,648241,113,买盘
369,09:48:26,57.37,544820,95,买盘
370,09:48:29,57.36,120435,21,中性盘
371,09:48:32,57.35,412998,72,中性盘
372,09:48:35,57.36,108966,19,买盘
373,09:48:38,57.34,550524,96,卖盘
374,09:48:41,57.33,246561,43,卖盘
375,09:48:44,57.33,837390,146,卖盘
376,09:48:47,57.32,567651,99,卖盘
377,09:48:50,57.33,573285,100,买盘
378,09:48:54,57.33,682107,119,卖盘
379,09:48:56,57.34,349785,61,买盘
380,09:48:59,57.36,332637,58,买盘
381,09:49:02,57.37,843363,147,买盘
382,09:49:05,57.4,763295,133,买盘
383,09:49:08,57.39,258226,45,卖盘
384,09:49:11,57.38,929721,162,卖盘
385,09:49:14,57.39,447492,78,买盘
386,09:49:18,57.38,286937,50,中性盘
387,09:49:20,57.38,246717,43,买盘
388,09:49:23,57.37,229510,40,卖盘
389,09:49:26,57.38,131974,23,买盘
390,09:49:29,57.38,309824,54,买盘
391,09:49:32,57.38,441798,77,买盘
392,09:49:35,57.36,74584,13,卖盘
393,09:49:38,57.36,355676,62,卖盘
394,09:49:41,57.36,522054,91,卖盘
395,09:49:44,57.36,166346,29,买盘
396,09:49:47,57.36,418776,73,买盘
397,09:49:50,57.35,338377,59,卖盘
398,09:49:54,57.36,269555,47,买盘
399,09:49:56,57.36,114703,20,买盘
400,09:49:59,57.36,479509,84,买盘
401,09:50:02,57.35,126189,22,卖盘
402,09:50:05,57.36,137657,24,买盘
403,09:50:08,57.36,556331,97,买盘
404,09:50:11,57.34,258086,45,卖盘
405,09:50:14,57.34,258071,45,卖盘
406,09:50:17,57.34,395690,69,卖盘
407,09:50:20,57.28,1587550,277,卖盘
408,09:50:23,57.27,1042371,182,卖盘
409,09:50:26,57.26,160359,28,卖盘
410,09:50:29,57.26,584148,102,卖盘
411,09:50:32,57.27,460792,80,中性盘
412,09:50:35,57.29,217684,38,买盘
413,09:50:38,57.3,303676,53,中性盘
414,09:50:41,57.3,108875,19,卖盘
415,09:50:44,57.3,647584,113,卖盘
416,09:50:47,57.3,166193,29,卖盘
417,09:50:50,57.29,441322,77,卖盘
418,09:50:53,57.29,28645,5,卖盘
419,09:50:57,57.3,366653,64,买盘
420,09:50:59,57.28,257839,45,卖盘
421,09:51:02,57.29,1769867,309,买盘
422,09:51:05,57.21,2633273,460,卖盘
423,09:51:08,57.21,514905,90,买盘
424,09:51:11,57.21,308985,54,买盘
425,09:51:14,57.22,475026,83,中性盘
426,09:51:17,57.25,331994,58,买盘
427,09:51:20,57.25,148812,26,卖盘
428,09:51:23,57.24,131682,23,卖盘
429,09:51:26,57.24,80147,14,卖盘
430,09:51:29,57.25,709911,124,买盘
431,09:51:32,57.22,652565,114,卖盘
432,09:51:35,57.22,326186,57,卖盘
433,09:51:38,57.24,1825927,319,买盘
434,09:51:41,57.25,28624,5,买盘
435,09:51:44,57.23,601089,105,卖盘
436,09:51:47,57.25,520997,91,买盘
437,09:51:50,57.26,274862,48,中性盘
438,09:51:53,57.27,423750,74,买盘
439,09:51:56,57.27,4808891,840,买盘
440,09:51:59,57.31,269352,47,中性盘
441,09:52:02,57.34,366852,64,买盘
442,09:52:05,57.33,430048,75,中性盘
443,09:52:08,57.33,470168,82,买盘
444,09:52:11,57.34,567742,99,中性盘
445,09:52:14,57.35,263811,46,买盘
446,09:52:17,57.35,418675,73,卖盘
447,09:52:20,57.35,372802,65,卖盘
448,09:52:23,57.38,349925,61,买盘
449,09:52:26,57.37,315486,55,中性盘
450,09:52:29,57.38,1193582,208,买盘
451,09:52:32,57.37,160636,28,卖盘
452,09:52:35,57.4,624977,109,买盘
453,09:52:38,57.4,860874,150,买盘
454,09:52:41,57.4,728966,127,买盘
455,09:52:44,57.39,1371770,239,中性盘
456,09:52:47,57.4,74610,13,买盘
457,09:52:50,57.4,258290,45,买盘
458,09:52:53,57.38,516422,90,卖盘
459,09:52:57,57.38,516425,90,买盘
460,09:52:59,57.39,464870,81,买盘
461,09:53:02,57.37,585285,102,卖盘
462,09:53:05,57.38,304168,53,卖盘
463,09:53:08,57.39,172152,30,买盘
464,09:53:11,57.38,751725,131,卖盘
465,09:53:14,57.37,131970,23,卖盘
466,09:53:17,57.36,579501,101,卖盘
467,09:53:20,57.38,545219,95,中性盘
468,09:53:23,57.4,321404,56,买盘
469,09:53:27,57.41,1618765,282,买盘
470,09:53:29,57.42,918552,160,买盘
471,09:53:33,57.42,614272,107,买盘
472,09:53:35,57.42,1234009,215,买盘
473,09:53:38,57.4,419156,73,卖盘
474,09:53:41,57.4,459173,80,中性盘
475,09:53:44,57.38,172176,30,卖盘
476,09:53:47,57.37,223785,39,卖盘
477,09:53:50,57.37,172112,30,卖盘
478,09:53:54,57.37,424541,74,买盘
479,09:53:57,57.37,407307,71,买盘
480,09:53:59,57.38,212310,37,买盘
481,09:54:02,57.38,74602,13,卖盘
482,09:54:05,57.39,223822,39,买盘
483,09:54:08,57.4,206648,36,买盘
484,09:54:11,57.4,550957,96,买盘
485,09:54:14,57.39,183659,32,中性盘
486,09:54:17,57.39,355856,62,买盘
487,09:54:20,57.38,229567,40,卖盘
488,09:54:23,57.39,292733,51,中性盘
489,09:54:26,57.38,120513,21,卖盘
490,09:54:29,57.38,608331,106,卖盘
491,09:54:32,57.4,172172,30,买盘
492,09:54:35,57.41,505133,88,买盘
493,09:54:38,57.4,74613,13,中性盘
494,09:54:41,57.4,63131,11,买盘
495,09:54:44,57.4,442005,77,买盘
496,09:54:47,57.4,57398,10,买盘
497,09:54:50,57.39,413227,72,卖盘
498,09:54:53,57.41,694436,121,买盘
499,09:54:56,57.39,57390,10,买盘
500,09:54:59,57.38,407433,71,卖盘
501,09:55:02,57.38,258238,45,买盘
502,09:55:05,57.39,166428,29,买盘
503,09:55:08,57.37,292652,51,卖盘
504,09:55:11,57.39,131985,23,买盘
505,09:55:14,57.37,246736,43,卖盘
506,09:55:17,57.38,263907,46,买盘
507,09:55:20,57.36,1784115,311,卖盘
508,09:55:23,57.34,791404,138,卖盘
509,09:55:27,57.33,338251,59,卖盘
510,09:55:29,57.33,137593,24,卖盘
511,09:55:32,57.32,217847,38,卖盘
512,09:55:35,57.34,573303,100,买盘
513,09:55:38,57.34,1157787,202,卖盘
514,09:55:42,57.33,234996,41,中性盘
515,09:55:44,57.33,212059,37,买盘
516,09:55:47,57.31,183411,32,卖盘
517,09:55:50,57.31,802563,140,卖盘
518,09:55:53,57.31,619110,108,卖盘
519,09:55:56,57.3,189117,33,卖盘
520,09:55:59,57.3,424083,74,卖盘
521,09:56:02,57.32,343889,60,买盘
522,09:56:05,57.33,131869,23,买盘
523,09:56:08,57.33,315402,55,卖盘
524,09:56:12,57.32,258035,45,卖盘
525,09:56:14,57.36,212208,37,买盘
526,09:56:17,57.37,183572,32,买盘
527,09:56:20,57.39,516568,90,买盘
528,09:56:23,57.38,160685,28,卖盘
529,09:56:27,57.4,487930,85,买盘
530,09:56:29,57.4,350160,61,卖盘
531,09:56:32,57.44,562740,98,买盘
532,09:56:35,57.44,17230,3,买盘
533,09:56:38,57.43,700749,122,买盘
534,09:56:41,57.42,333075,58,卖盘
535,09:56:45,57.43,281377,49,买盘
536,09:56:47,57.42,91881,16,卖盘
537,09:56:50,57.43,132078,23,买盘
538,09:56:53,57.41,281366,49,卖盘
539,09:56:56,57.43,264173,46,买盘
540,09:57:00,57.43,321599,56,卖盘
541,09:57:02,57.44,166558,29,买盘
542,09:57:05,57.43,269908,47,买盘
543,09:57:08,57.42,63167,11,卖盘
544,09:57:11,57.42,178011,31,卖盘
545,09:57:14,57.41,591450,103,卖盘
546,09:57:17,57.43,172252,30,买盘
547,09:57:20,57.41,114832,20,卖盘
548,09:57:23,57.42,361726,63,买盘
549,09:57:26,57.41,103343,18,卖盘
550,09:57:29,57.41,419111,73,卖盘
551,09:57:32,57.41,252592,44,买盘
552,09:57:35,57.42,160773,28,买盘
553,09:57:38,57.42,195241,34,卖盘
554,09:57:41,57.42,200967,35,买盘
555,09:57:44,57.41,200962,35,卖盘
556,09:57:47,57.4,1234143,215,卖盘
557,09:57:50,57.39,390289,68,卖盘
558,09:57:53,57.39,516591,90,买盘
559,09:57:56,57.38,40172,7,卖盘
560,09:57:59,57.39,350072,61,买盘
561,09:58:02,57.4,172192,30,买盘
562,09:58:05,57.41,502950,88,买盘
563,09:58:09,57.43,218202,38,买盘
564,09:58:11,57.43,396248,69,买盘
565,09:58:14,57.43,367559,64,买盘
566,09:58:17,57.43,143578,25,卖盘
567,09:58:20,57.43,373312,65,买盘
568,09:58:23,57.43,237764,41,卖盘
569,09:58:26,57.44,531889,93,买盘
570,09:58:29,57.4,1987094,346,卖盘
571,09:58:32,57.43,993706,173,买盘
572,09:58:35,57.44,183780,32,买盘
573,09:58:38,57.43,229736,40,卖盘
574,09:58:41,57.43,608870,106,卖盘
575,09:58:44,57.42,45939,8,中性盘
576,09:58:48,57.42,333057,58,卖盘
577,09:58:50,57.41,390333,68,卖盘
578,09:58:53,57.4,2521951,439,卖盘
579,09:58:56,57.4,309903,54,买盘
580,09:59:00,57.4,378781,66,买盘
581,09:59:02,57.4,482186,84,买盘
582,09:59:05,57.39,321405,56,卖盘
583,09:59:08,57.38,1314144,229,卖盘
584,09:59:11,57.39,246739,43,买盘
585,09:59:14,57.37,235228,41,卖盘
586,09:59:18,57.37,430323,75,买盘
587,09:59:20,57.39,275409,48,买盘
588,09:59:24,57.38,80331,14,卖盘
589,09:59:26,57.38,34428,6,买盘
590,09:59:29,57.38,103284,18,买盘
591,09:59:32,57.37,68853,12,卖盘
592,09:59:35,57.38,177877,31,买盘
593,09:59:38,57.37,246699,43,卖盘
594,09:59:41,57.37,791563,138,卖盘
595,09:59:45,57.36,269645,47,中性盘
596,09:59:48,57.35,143399,25,卖盘
597,09:59:50,57.35,355651,62,卖盘
598,09:59:53,57.36,200787,35,买盘
599,09:59:57,57.36,109003,19,卖盘
600,09:59:59,57.37,676966,118,买盘
601,10:00:02,57.35,757225,132,卖盘
602,10:00:05,57.34,68832,12,卖盘
603,10:00:09,57.34,367067,64,卖盘
604,10:00:11,57.35,315407,55,买盘
605,10:00:15,57.34,745250,130,买盘
606,10:00:18,57.31,447093,78,卖盘
607,10:00:20,57.27,1798816,314,卖盘
608,10:00:23,57.25,744616,130,卖盘
609,10:00:26,57.27,395079,69,买盘
610,10:00:29,57.27,367682,64,买盘
611,10:00:32,57.31,2797540,488,买盘
612,10:00:35,57.33,378385,66,买盘
613,10:00:38,57.33,355431,62,卖盘
614,10:00:41,57.34,366943,64,买盘
615,10:00:44,57.35,344042,60,买盘
616,10:00:47,57.31,143300,25,卖盘
617,10:00:50,57.33,91705,16,中性盘
618,10:00:53,57.31,506866,88,中性盘
619,10:00:56,57.34,286683,50,买盘
620,10:00:59,57.33,441531,77,卖盘
621,10:01:02,57.34,40132,7,中性盘
622,10:01:05,57.33,137617,24,卖盘
623,10:01:08,57.33,194913,34,卖盘
624,10:01:11,57.34,212138,37,买盘
625,10:01:15,57.35,212197,37,买盘
626,10:01:18,57.39,344225,60,买盘
627,10:01:20,57.38,166372,29,中性盘
628,10:01:24,57.37,212313,37,买盘
629,10:01:26,57.37,149161,26,买盘
630,10:01:29,57.37,596637,104,买盘
631,10:01:33,57.38,91806,16,买盘
632,10:01:35,57.39,218070,38,买盘
633,10:01:38,57.39,212335,37,买盘
634,10:01:41,57.37,109025,19,卖盘
635,10:01:44,57.37,929440,162,卖盘
636,10:01:47,57.37,986976,172,卖盘
637,10:01:50,57.41,407470,71,买盘
638,10:01:53,57.39,28701,5,中性盘
639,10:01:56,57.39,200889,35,卖盘
640,10:01:59,57.4,310002,54,中性盘
641,10:02:02,57.4,137765,24,卖盘
642,10:02:05,57.39,384574,67,卖盘
643,10:02:08,57.38,246760,43,卖盘
644,10:02:12,57.38,338614,59,卖盘
645,10:02:14,57.39,114780,20,买盘
646,10:02:18,57.4,304208,53,买盘
647,10:02:20,57.41,728985,127,买盘
648,10:02:24,57.42,769271,134,买盘
649,10:02:26,57.42,223918,39,买盘
650,10:02:29,57.42,200968,35,买盘
651,10:02:32,57.41,436357,76,卖盘
652,10:02:35,57.41,97595,17,买盘
653,10:02:38,57.41,878207,153,买盘
654,10:02:41,57.41,177958,31,卖盘
655,10:02:45,57.4,327243,57,中性盘
656,10:02:48,57.39,200898,35,卖盘
657,10:02:50,57.38,395949,69,卖盘
658,10:02:54,57.37,642684,112,卖盘
659,10:02:56,57.36,441780,77,卖盘
660,10:02:59,57.39,1510006,263,买盘
661,10:03:02,57.41,68879,12,买盘
662,10:03:06,57.42,264098,46,买盘
663,10:03:08,57.43,258444,45,买盘
664,10:03:12,57.44,1379802,240,买盘
665,10:03:15,57.44,280126,49,卖盘
666,10:03:18,57.43,631887,110,卖盘
667,10:03:20,57.42,110434,19,卖盘
668,10:03:23,57.44,211146,37,买盘
669,10:03:27,57.42,190789,33,卖盘
670,10:03:30,57.42,246872,43,买盘
671,10:03:32,57.42,183736,32,买盘
672,10:03:35,57.42,269872,47,买盘
673,10:03:39,57.41,235398,41,卖盘
674,10:03:42,57.41,155017,27,买盘
675,10:03:44,57.4,298501,52,卖盘
676,10:03:47,57.4,717684,125,卖盘
677,10:03:50,57.4,264093,46,卖盘
678,10:03:53,57.42,246851,43,买盘
679,10:03:56,57.41,562537,98,买盘
680,10:03:59,57.41,315757,55,买盘
681,10:04:02,57.4,367387,64,卖盘
682,10:04:05,57.42,616578,107,买盘
683,10:04:09,57.41,692486,121,卖盘
684,10:04:11,57.38,1015902,177,卖盘
685,10:04:14,57.4,372960,65,买盘
686,10:04:17,57.39,728646,127,中性盘
687,10:04:20,57.4,321435,56,买盘
688,10:04:23,57.4,373040,65,买盘
689,10:04:26,57.39,516619,90,卖盘
690,10:04:29,57.38,57380,10,卖盘
691,10:04:33,57.36,441658,77,卖盘
692,10:04:36,57.37,1703733,297,买盘
693,10:04:38,57.35,5735,1,中性盘
694,10:04:42,57.35,481792,84,买盘
695,10:04:44,57.35,292529,51,卖盘
696,10:04:48,57.35,372826,65,卖盘
697,10:04:51,57.32,556263,97,卖盘
698,10:04:53,57.34,217941,38,中性盘
699,10:04:56,57.33,780007,136,卖盘
700,10:04:59,57.33,45865,8,中性盘
701,10:05:02,57.34,630700,110,买盘
702,10:05:06,57.34,34402,6,买盘
703,10:05:09,57.34,1398717,244,买盘
704,10:05:12,57.34,200665,35,买盘
705,10:05:15,57.32,131878,23,卖盘
706,10:05:18,57.32,619078,108,卖盘
707,10:05:20,57.32,613360,107,卖盘
708,10:05:23,57.32,682163,119,卖盘
709,10:05:26,57.3,68775,12,卖盘
710,10:05:29,57.3,607389,106,卖盘
711,10:05:32,57.31,1043015,182,买盘
712,10:05:35,57.26,446804,78,卖盘
713,10:05:38,57.33,409203,71,买盘
714,10:05:41,57.32,68781,12,中性盘
715,10:05:45,57.32,595687,104,买盘
716,10:05:47,57.31,189129,33,卖盘
717,10:05:50,57.3,338068,59,卖盘
718,10:05:53,57.32,481413,84,买盘
719,10:05:56,57.32,183383,32,中性盘
720,10:05:59,57.33,292323,51,买盘
721,10:06:02,57.31,659170,115,卖盘
722,10:06:06,57.37,229383,40,买盘
723,10:06:08,57.33,303869,53,卖盘
724,10:06:12,57.34,114686,20,中性盘
725,10:06:15,57.35,137599,24,买盘
726,10:06:17,57.37,521731,91,买盘
727,10:06:20,57.34,74537,13,买盘
728,10:06:23,57.32,963128,168,卖盘
729,10:06:26,57.34,263772,46,买盘
730,10:06:29,57.3,1272402,222,卖盘
731,10:06:32,57.3,756430,132,卖盘
732,10:06:35,57.28,309321,54,卖盘
733,10:06:38,57.27,452598,79,卖盘
734,10:06:42,57.27,108802,19,卖盘
735,10:06:44,57.27,263435,46,买盘
736,10:06:47,57.25,188934,33,卖盘
737,10:06:50,57.26,687002,120,买盘
738,10:06:53,57.24,240455,42,卖盘
739,10:06:56,57.24,2558314,447,卖盘
740,10:06:59,57.24,572404,100,卖盘
741,10:07:02,57.24,1230383,215,卖盘
742,10:07:06,57.23,269028,47,中性盘
743,10:07:08,57.22,623641,109,卖盘
744,10:07:11,57.23,280386,49,买盘
745,10:07:14,57.22,389087,68,卖盘
746,10:07:18,57.19,3151834,551,卖盘
747,10:07:20,57.22,2304938,403,买盘
748,10:07:23,57.2,114387,20,买盘
749,10:07:27,57.18,371670,65,卖盘
750,10:07:29,57.18,1303648,228,卖盘
751,10:07:32,57.18,182987,32,买盘
752,10:07:35,57.22,823882,144,买盘
753,10:07:39,57.22,371918,65,卖盘
754,10:07:41,57.23,297550,52,买盘
755,10:07:44,57.22,194520,34,卖盘
756,10:07:47,57.19,303191,53,卖盘
757,10:07:50,57.21,503393,88,买盘
758,10:07:53,57.2,514741,90,中性盘
759,10:07:57,57.19,1721243,301,卖盘
760,10:07:59,57.18,154406,27,卖盘
761,10:08:03,57.13,2594984,454,卖盘
762,10:08:05,57.13,1610918,282,卖盘
763,10:08:09,57.12,394207,69,中性盘
764,10:08:11,57.13,291291,51,买盘
765,10:08:14,57.13,388509,68,买盘
766,10:08:18,57.13,554204,97,卖盘
767,10:08:20,57.13,217158,38,卖盘
768,10:08:23,57.12,1342574,235,卖盘
769,10:08:26,57.12,434130,76,卖盘
770,10:08:29,57.12,1462433,256,买盘
771,10:08:32,57.14,342750,60,买盘
772,10:08:36,57.13,148549,26,卖盘
773,10:08:39,57.14,480043,84,中性盘
774,10:08:42,57.15,440054,77,中性盘
775,10:08:44,57.16,314367,55,买盘
776,10:08:47,57.17,331575,58,买盘
777,10:08:50,57.19,594735,104,买盘
778,10:08:54,57.18,85775,15,卖盘
779,10:08:56,57.19,920559,161,买盘
780,10:08:59,57.2,686270,120,买盘
781,10:09:02,57.17,423102,74,卖盘
782,10:09:05,57.18,228684,40,买盘
783,10:09:08,57.17,857697,150,卖盘
784,10:09:11,57.18,1403067,245,中性盘
785,10:09:14,57.19,720749,126,中性盘
786,10:09:17,57.18,518057,91,卖盘
787,10:09:20,57.17,3373182,590,卖盘
788,10:09:23,57.17,337252,59,买盘
789,10:09:26,57.15,1954849,342,卖盘
790,10:09:29,57.15,371479,65,买盘
791,10:09:33,57.16,748671,131,买盘
792,10:09:35,57.15,80004,14,卖盘
793,10:09:39,57.15,200035,35,买盘
794,10:09:41,57.17,131482,23,买盘
795,10:09:44,57.16,617271,108,卖盘
796,10:09:47,57.17,303039,53,买盘
797,10:09:50,57.16,645827,113,卖盘
798,10:09:54,57.17,137207,24,买盘
799,10:09:56,57.17,308713,54,中性盘
800,10:09:59,57.16,2517310,440,卖盘
801,10:10:02,57.16,240045,42,买盘
802,10:10:06,57.15,491569,86,卖盘
803,10:10:09,57.16,520596,91,买盘
804,10:10:12,57.16,463381,81,卖盘
805,10:10:14,57.22,823193,144,买盘
806,10:10:17,57.21,291731,51,买盘
807,10:10:20,57.23,1058152,185,买盘
808,10:10:23,57.23,343356,60,买盘
809,10:10:26,57.17,1893978,331,卖盘
810,10:10:29,57.21,680973,119,买盘
811,10:10:32,57.21,257457,45,卖盘
812,10:10:35,57.21,486281,85,卖盘
813,10:10:38,57.21,314653,55,买盘
814,10:10:41,57.21,183072,32,卖盘
815,10:10:44,57.22,434889,76,买盘
816,10:10:47,57.2,240293,42,卖盘
817,10:10:50,57.21,326175,57,中性盘
818,10:10:53,57.22,114440,20,买盘
819,10:10:56,57.22,532136,93,买盘
820,10:11:00,57.2,560708,98,卖盘
821,10:11:03,57.21,429080,75,买盘
822,10:11:05,57.21,137317,24,卖盘
823,10:11:08,57.21,274616,48,卖盘
824,10:11:11,57.21,108696,19,买盘
825,10:11:14,57.21,503413,88,买盘
826,10:11:17,57.21,543468,95,买盘
827,10:11:20,57.21,858167,150,买盘
828,10:11:23,57.2,245950,43,卖盘
829,10:11:26,57.22,143050,25,买盘
830,10:11:30,57.21,205949,36,卖盘
831,10:11:32,57.22,211683,37,买盘
832,10:11:35,57.2,846667,148,卖盘
833,10:11:38,57.21,1779296,311,买盘
834,10:11:41,57.22,486319,85,买盘
835,10:11:44,57.23,638536,112,买盘
836,10:11:47,57.22,97282,17,卖盘
837,10:11:50,57.21,268898,47,卖盘
838,10:11:53,57.21,85825,15,买盘
839,10:11:56,57.21,366215,64,中性盘
840,10:11:59,57.24,223174,39,买盘
841,10:12:02,57.22,354787,62,卖盘
842,10:12:06,57.23,520686,91,中性盘
843,10:12:08,57.23,103010,18,买盘
844,10:12:11,57.21,497840,87,卖盘
845,10:12:14,57.21,74377,13,买盘
846,10:12:17,57.23,246085,43,买盘
847,10:12:21,57.21,680794,119,卖盘
848,10:12:23,57.21,223106,39,卖盘
849,10:12:26,57.21,320335,56,买盘
850,10:12:29,57.2,268795,47,买盘
851,10:12:32,57.21,331760,58,买盘
852,10:12:36,57.2,577564,101,中性盘
853,10:12:38,57.21,257410,45,买盘
854,10:12:41,57.2,143011,25,中性盘
855,10:12:44,57.2,291742,51,卖盘
856,10:12:47,57.19,348933,61,卖盘
857,10:12:50,57.19,291695,51,卖盘
858,10:12:53,57.17,360233,63,卖盘
859,10:12:56,57.19,240171,42,买盘
860,10:13:00,57.19,245934,43,卖盘
861,10:13:02,57.17,628899,110,卖盘
862,10:13:05,57.2,125818,22,买盘
863,10:13:09,57.15,566029,99,卖盘
864,10:13:12,57.19,62909,11,中性盘
865,10:13:14,57.16,171519,30,卖盘
866,10:13:17,57.18,91477,16,买盘
867,10:13:20,57.17,417346,73,中性盘
868,10:13:23,57.18,154382,27,中性盘
869,10:13:27,57.16,783219,137,卖盘
870,10:13:29,57.16,640271,112,卖盘
871,10:13:33,57.16,388690,68,卖盘
872,10:13:35,57.17,182931,32,买盘
873,10:13:39,57.17,731673,128,买盘
874,10:13:42,57.15,445833,78,卖盘
875,10:13:45,57.16,137169,24,中性盘
876,10:13:48,57.14,462899,81,卖盘
877,10:13:50,57.16,217197,38,买盘
878,10:13:54,57.16,297246,52,卖盘
879,10:13:57,57.15,440117,77,卖盘
880,10:13:59,57.14,319999,56,卖盘
881,10:14:02,57.14,588500,103,卖盘
882,10:14:05,57.14,491427,86,卖盘
883,10:14:08,57.13,622731,109,卖盘
884,10:14:11,57.15,656971,115,买盘
885,10:14:15,57.14,1097088,192,卖盘
886,10:14:17,57.14,2296631,402,卖盘
887,10:14:20,57.09,3637448,637,卖盘
888,10:14:23,57.1,234087,41,买盘
889,10:14:26,57.08,582406,102,卖盘
890,10:14:29,57.11,382651,67,买盘
891,10:14:32,57.12,537977,94,买盘
892,10:14:35,57.14,479896,84,买盘
893,10:14:38,57.12,908512,159,卖盘
894,10:14:41,57.14,137140,24,卖盘
895,10:14:44,57.13,159982,28,中性盘
896,10:14:47,57.14,508560,89,买盘
897,10:14:51,57.12,1673454,293,卖盘
898,10:14:53,57.14,268499,47,买盘
899,10:14:56,57.14,794091,139,买盘
900,10:14:59,57.12,577018,101,卖盘
901,10:15:03,57.13,628393,110,买盘
902,10:15:06,57.13,394156,69,买盘
903,10:15:09,57.13,188530,33,卖盘
904,10:15:12,57.14,285657,50,买盘
905,10:15:15,57.13,245663,43,卖盘
906,10:15:18,57.13,1165475,204,卖盘
907,10:15:20,57.13,479847,84,买盘
908,10:15:23,57.13,199966,35,卖盘
909,10:15:26,57.12,1662395,291,卖盘
910,10:15:30,57.14,902468,158,买盘
911,10:15:33,57.12,148512,26,卖盘
912,10:15:35,57.13,114258,20,买盘
913,10:15:38,57.13,291398,51,卖盘
914,10:15:41,57.14,616994,108,买盘
915,10:15:45,57.13,577072,101,卖盘
916,10:15:48,57.15,1999308,350,买盘
917,10:15:50,57.15,222847,39,买盘
918,10:15:53,57.15,114300,20,买盘
919,10:15:56,57.15,365747,64,买盘
920,10:15:59,57.16,154322,27,买盘
921,10:16:02,57.15,234328,41,卖盘
922,10:16:05,57.16,422962,74,买盘
923,10:16:08,57.16,217222,38,卖盘
924,10:16:11,57.17,297277,52,买盘
925,10:16:14,57.16,297237,52,卖盘
926,10:16:18,57.16,320107,56,买盘
927,10:16:20,57.16,211512,37,卖盘
928,10:16:23,57.17,491674,86,买盘
929,10:16:26,57.18,365962,64,买盘
930,10:16:29,57.2,972079,170,买盘
931,10:16:32,57.2,154440,27,买盘
932,10:16:36,57.2,297456,52,卖盘
933,10:16:38,57.2,360429,63,卖盘
934,10:16:41,57.21,320348,56,买盘
935,10:16:44,57.2,177336,31,卖盘
936,10:16:47,57.21,148729,26,买盘
937,10:16:50,57.21,280343,49,卖盘
938,10:16:53,57.21,68653,12,卖盘
939,10:16:56,57.22,554976,97,买盘
940,10:17:00,57.22,183076,32,卖盘
941,10:17:02,57.2,114413,20,卖盘
942,10:17:05,57.18,383208,67,卖盘
943,10:17:08,57.2,320254,56,买盘
944,10:17:11,57.18,474740,83,卖盘
945,10:17:14,57.16,651694,114,卖盘
946,10:17:18,57.14,662972,116,卖盘
947,10:17:20,57.16,182898,32,买盘
948,10:17:23,57.15,217191,38,买盘
949,10:17:26,57.14,657077,115,卖盘
950,10:17:29,57.14,274275,48,卖盘
951,10:17:32,57.14,205703,36,买盘
952,10:17:36,57.14,17140,3,买盘
953,10:17:38,57.15,1525555,267,买盘
954,10:17:42,57.14,565705,99,卖盘
955,10:17:45,57.14,11428,2,卖盘
956,10:17:47,57.15,85721,15,买盘
957,10:17:50,57.14,79999,14,卖盘
958,10:17:53,57.15,102859,18,买盘
959,10:17:57,57.15,268596,47,买盘
960,10:18:00,57.14,640017,112,卖盘
961,10:18:03,57.14,399980,70,买盘
962,10:18:06,57.14,371406,65,买盘
963,10:18:08,57.15,1531168,268,买盘
964,10:18:11,57.15,422877,74,买盘
965,10:18:14,57.15,388614,68,买盘
966,10:18:17,57.15,297167,52,买盘
967,10:18:20,57.17,285799,50,买盘
968,10:18:23,57.18,262972,46,买盘
969,10:18:26,57.17,222980,39,中性盘
970,10:18:29,57.16,520238,91,卖盘
971,10:18:33,57.18,405865,71,买盘
972,10:18:36,57.16,80026,14,中性盘
973,10:18:39,57.17,108617,19,买盘
974,10:18:41,57.17,202538,35,买盘
975,10:18:44,57.16,106169,19,卖盘
976,10:18:47,57.16,251464,44,买盘
977,10:18:50,57.16,131474,23,买盘
978,10:18:53,57.15,51438,9,卖盘
979,10:18:57,57.13,439977,77,卖盘
980,10:18:59,57.15,1102657,193,买盘
981,10:19:02,57.15,28571,5,买盘
982,10:19:06,57.14,120008,21,中性盘
983,10:19:08,57.14,382799,67,买盘
984,10:19:12,57.14,188566,33,卖盘
985,10:19:14,57.14,274279,48,卖盘
986,10:19:17,57.13,742622,130,卖盘
987,10:19:20,57.13,194218,34,中性盘
988,10:19:23,57.13,165676,29,卖盘
989,10:19:27,57.13,228495,40,买盘
990,10:19:29,57.12,2187506,383,卖盘
991,10:19:32,57.11,673919,118,卖盘
992,10:19:35,57.12,422706,74,卖盘
993,10:19:38,57.11,582552,102,卖盘
994,10:19:41,57.1,228435,40,卖盘
995,10:19:44,57.11,468270,82,买盘
996,10:19:47,57.1,2312583,405,卖盘
997,10:19:50,57.11,1033575,181,买盘
998,10:19:54,57.11,793899,139,卖盘
999,10:19:56,57.11,576822,101,卖盘
1000,10:19:59,57.11,456841,80,买盘
1001,10:20:02,57.11,976713,171,卖盘
1002,10:20:06,57.14,297134,52,买盘
1003,10:20:08,57.14,497126,87,卖盘
1004,10:20:11,57.14,731359,128,买盘
1005,10:20:14,57.15,240026,42,买盘
1006,10:20:17,57.17,82482,14,买盘
1007,10:20:20,57.16,912026,160,卖盘
1008,10:20:24,57.16,228664,40,卖盘
1009,10:20:27,57.15,182901,32,卖盘
1010,10:20:29,57.14,85717,15,卖盘
1011,10:20:32,57.15,102868,18,买盘
1012,10:20:35,57.14,3716445,650,卖盘
1013,10:20:38,57.15,91432,16,买盘
1014,10:20:41,57.14,394311,69,卖盘
1015,10:20:44,57.14,485753,85,卖盘
1016,10:20:47,57.13,68563,12,卖盘
1017,10:20:50,57.13,194250,34,卖盘
1018,10:20:53,57.12,1102350,193,卖盘
1019,10:20:57,57.12,177059,31,买盘
1020,10:21:00,57.11,348355,61,中性盘
1021,10:21:03,57.12,108510,19,买盘
1022,10:21:05,57.11,91379,16,买盘
1023,10:21:08,57.11,234159,41,卖盘
1024,10:21:11,57.11,679558,119,买盘
1025,10:21:14,57.11,759505,133,买盘
1026,10:21:17,57.1,719477,126,卖盘
1027,10:21:20,57.08,3744901,656,卖盘
1028,10:21:24,57.08,142702,25,买盘
1029,10:21:27,57.1,228327,40,买盘
1030,10:21:29,57.07,1267163,222,卖盘
1031,10:21:32,57.07,79894,14,买盘
1032,10:21:36,57.06,239692,42,卖盘
1033,10:21:38,57.07,233977,41,买盘
1034,10:21:42,57.06,913060,160,卖盘
1035,10:21:44,57.06,279627,49,卖盘
1036,10:21:47,57.06,370900,65,卖盘
1037,10:21:50,57.07,393748,69,买盘
1038,10:21:53,57.07,262513,46,买盘
1039,10:21:56,57.08,2527580,443,买盘
1040,10:22:00,57.07,673359,118,买盘
1041,10:22:03,57.06,490744,86,卖盘
1042,10:22:05,57.07,473631,83,买盘
1043,10:22:08,57.06,348107,61,卖盘
1044,10:22:11,57.07,302495,53,卖盘
1045,10:22:14,57.09,496454,87,买盘
1046,10:22:17,57.08,245474,43,卖盘
1047,10:22:20,57.08,188396,33,卖盘
1048,10:22:23,57.08,776297,136,卖盘
1049,10:22:27,57.07,821888,144,卖盘
1050,10:22:30,57.07,165509,29,买盘
1051,10:22:33,57.07,1455158,255,卖盘
1052,10:22:35,57.07,667750,117,买盘
1053,10:22:39,57.11,416751,73,买盘
1054,10:22:42,57.1,280911,49,卖盘
1055,10:22:44,57.11,171312,30,买盘
1056,10:22:47,57.12,85679,15,买盘
1057,10:22:50,57.14,302773,53,买盘
1058,10:22:54,57.13,131401,23,中性盘
1059,10:22:57,57.13,245608,43,买盘
1060,10:22:59,57.12,314176,55,中性盘
1061,10:23:02,57.12,165639,29,买盘
1062,10:23:06,57.12,394117,69,买盘
1063,10:23:08,57.12,371218,65,买盘
1064,10:23:11,57.12,159935,28,买盘
1065,10:23:14,57.14,222800,39,买盘
1066,10:23:18,57.14,468395,82,买盘
1067,10:23:21,57.13,217096,38,买盘
1068,10:23:24,57.12,588339,103,卖盘
1069,10:23:27,57.11,942211,165,卖盘
1070,10:23:29,57.1,114204,20,卖盘
1071,10:23:32,57.11,462456,81,买盘
1072,10:23:35,57.1,942066,165,卖盘
1073,10:23:38,57.1,111916,20,买盘
1074,10:23:41,57.1,473951,83,卖盘
1075,10:23:45,57.11,199864,35,买盘
1076,10:23:47,57.1,428227,75,卖盘
1077,10:23:51,57.11,194146,34,买盘
1078,10:23:54,57.11,142765,25,买盘
1079,10:23:57,57.1,302633,53,卖盘
1080,10:23:59,57.09,148450,26,卖盘
1081,10:24:02,57.1,194144,34,买盘
1082,10:24:05,57.08,861954,151,卖盘
1083,10:24:08,57.09,753399,132,卖盘
1084,10:24:11,57.09,23978,4,中性盘
1085,10:24:14,57.09,558466,98,卖盘
1086,10:24:17,57.06,1409762,247,卖盘
1087,10:24:21,57.09,674558,118,买盘
1088,10:24:23,57.09,593725,104,卖盘
1089,10:24:27,57.08,182681,32,卖盘
1090,10:24:29,57.09,388163,68,买盘
1091,10:24:32,57.08,91328,16,买盘
1092,10:24:35,57.08,1015831,178,卖盘
1093,10:24:38,57.08,62789,11,中性盘
1094,10:24:41,57.07,804618,141,卖盘
1095,10:24:44,57.07,51364,9,卖盘
1096,10:24:47,57.07,348158,61,卖盘
1097,10:24:51,57.08,205462,36,买盘
1098,10:24:53,57.07,159809,28,卖盘
1099,10:24:56,57.07,1232658,216,卖盘
1100,10:24:59,57.07,1152681,202,买盘
1101,10:25:02,57.06,324127,57,卖盘
1102,10:25:05,57.06,228267,40,买盘
1103,10:25:08,57.05,1056672,185,卖盘
1104,10:25:11,57.07,102723,18,买盘
1105,10:25:14,57.05,342416,60,卖盘
1106,10:25:17,57.07,144977,25,中性盘
1107,10:25:21,57.06,804430,141,卖盘
1108,10:25:23,57.06,245349,43,买盘
1109,10:25:27,57.06,433691,76,卖盘
1110,10:25:29,57.06,253318,44,买盘
1111,10:25:32,57.04,18768294,3292,卖盘
1112,10:25:36,57.01,621385,109,卖盘
1113,10:25:38,57.01,467490,82,买盘
1114,10:25:41,57.01,102620,18,买盘
1115,10:25:44,57.0,3437149,603,卖盘
1116,10:25:47,57.0,826574,145,卖盘
1117,10:25:50,57.01,399042,70,买盘
1118,10:25:53,57.01,917744,161,卖盘
1119,10:25:57,57.01,239459,42,买盘
1120,10:26:00,57.01,421839,74,卖盘
1121,10:26:02,57.03,302273,53,买盘
1122,10:26:05,57.03,416318,73,卖盘
1123,10:26:08,57.03,3763343,660,卖盘
1124,10:26:11,57.07,171178,30,买盘
1125,10:26:14,57.08,713583,125,买盘
1126,10:26:18,57.08,228251,40,买盘
1127,10:26:21,57.07,268204,47,买盘
1128,10:26:23,57.07,182626,32,卖盘
1129,10:26:27,57.07,656209,115,卖盘
1130,10:26:30,57.06,136958,24,卖盘
1131,10:26:32,57.06,262506,46,卖盘
1132,10:26:35,57.06,102714,18,卖盘
1133,10:26:38,57.06,222534,39,卖盘
1134,10:26:41,57.06,119815,21,买盘
1135,10:26:44,57.05,216810,38,卖盘
1136,10:26:48,57.05,119821,21,卖盘
1137,10:26:51,57.06,188287,33,买盘
1138,10:26:53,57.05,336595,59,卖盘
1139,10:26:57,57.04,188249,33,卖盘
1140,10:26:59,57.04,336570,59,卖盘
1141,10:27:02,57.06,450715,79,买盘
1142,10:27:05,57.07,260226,46,买盘
1143,10:27:08,57.08,473777,83,买盘
1144,10:27:11,57.07,481696,84,卖盘
1145,10:27:15,57.07,131260,23,买盘
1146,10:27:17,57.07,188331,33,买盘
1147,10:27:20,57.05,393771,69,卖盘
1148,10:27:23,57.07,171191,30,买盘
1149,10:27:27,57.07,256823,45,卖盘
1150,10:27:29,57.07,251100,44,买盘
1151,10:27:32,57.08,188354,33,买盘
1152,10:27:35,57.07,125564,22,卖盘
1153,10:27:39,57.08,565084,99,买盘
1154,10:27:41,57.08,197500,35,买盘
1155,10:27:44,57.08,1154960,202,卖盘
1156,10:27:47,57.1,248859,44,买盘
1157,10:27:50,57.08,93615,16,卖盘
1158,10:27:54,57.09,91344,16,买盘
1159,10:27:57,57.08,39957,7,卖盘
1160,10:28:00,57.08,393844,69,卖盘
1161,10:28:03,57.08,182649,32,买盘
1162,10:28:05,57.08,176911,31,买盘
1163,10:28:08,57.08,108436,19,买盘
1164,10:28:12,57.07,74189,13,中性盘
1165,10:28:14,57.06,450750,79,卖盘
1166,10:28:17,57.06,439362,77,买盘
1167,10:28:20,57.06,393675,69,买盘
1168,10:28:23,57.06,245347,43,买盘
1169,10:28:26,57.04,2019337,354,卖盘
1170,10:28:30,57.05,713050,125,买盘
1171,10:28:33,57.05,131225,23,卖盘
1172,10:28:35,57.05,188275,33,中性盘
1173,10:28:38,57.05,325199,57,买盘
1174,10:28:41,57.06,3155433,553,买盘
1175,10:28:44,57.08,319643,56,买盘
1176,10:28:47,57.09,168986,30,买盘
1177,10:28:50,57.09,256939,45,卖盘
1178,10:28:54,57.09,154153,27,卖盘
1179,10:28:56,57.1,125609,22,买盘
1180,10:28:59,57.08,413270,72,卖盘
1181,10:29:02,57.08,74204,13,买盘
1182,10:29:05,57.08,74201,13,买盘
1183,10:29:08,57.08,85620,15,买盘
1184,10:29:11,57.07,388090,68,卖盘
1185,10:29:14,57.08,57076,10,买盘
1186,10:29:18,57.08,182644,32,买盘
1187,10:29:20,57.07,291077,51,卖盘
1188,10:29:23,57.08,296776,52,买盘
1189,10:29:27,57.06,228272,40,卖盘
1190,10:29:29,57.07,216863,38,买盘
1191,10:29:33,57.07,467982,82,买盘
1192,10:29:35,57.07,279643,49,买盘
1193,10:29:39,57.07,154089,27,买盘
1194,10:29:41,57.07,730518,128,买盘
1195,10:29:44,57.07,114140,20,卖盘
1196,10:29:47,57.08,308224,54,买盘
1197,10:29:50,57.07,182649,32,卖盘
1198,10:29:53,57.07,376690,66,卖盘
1199,10:29:57,57.07,313908,55,卖盘
1200,10:29:59,57.07,998850,175,卖盘
1201,10:30:02,57.05,1843208,323,卖盘
1202,10:30:05,57.06,502057,88,买盘
1203,10:30:08,57.07,428013,75,买盘
1204,10:30:11,57.07,325294,57,买盘
1205,10:30:14,57.07,79891,14,买盘
1206,10:30:17,57.06,154073,27,卖盘
1207,10:30:20,57.06,616264,108,卖盘
1208,10:30:23,57.05,176877,31,卖盘
1209,10:30:26,57.06,867095,152,买盘
1210,10:30:29,57.06,798840,140,买盘
1211,10:30:32,57.05,1340864,235,卖盘
1212,10:30:36,57.05,325185,57,卖盘
1213,10:30:38,57.05,627548,110,买盘
1214,10:30:41,57.0,11019638,1933,卖盘
1215,10:30:44,57.01,2547055,447,买盘
1216,10:30:47,56.97,1076832,189,卖盘
1217,10:30:50,56.98,148160,26,中性盘
1218,10:30:53,56.96,188005,33,卖盘
1219,10:30:56,56.98,330439,58,中性盘
1220,10:30:59,56.95,706347,124,卖盘
1221,10:31:02,56.98,256371,45,买盘
1222,10:31:05,56.96,461350,81,卖盘
1223,10:31:08,56.99,79771,14,买盘
1224,10:31:11,56.98,313395,55,卖盘
1225,10:31:14,57.02,387567,68,买盘
1226,10:31:17,56.99,267873,47,卖盘
1227,10:31:20,56.99,222246,39,卖盘
1228,10:31:23,56.98,188065,33,卖盘
1229,10:31:27,56.99,752111,132,买盘
1230,10:31:29,56.99,284932,50,买盘
1231,10:31:32,56.99,421707,74,买盘
1232,10:31:35,56.99,1048465,184,卖盘
1233,10:31:38,57.0,222284,39,买盘
1234,10:31:41,57.0,114002,20,卖盘
1235,10:31:44,57.0,273618,48,卖盘
1236,10:31:47,56.99,427494,75,卖盘
1237,10:31:51,56.99,559652,98,卖盘
1238,10:31:54,56.99,204024,36,卖盘
1239,10:31:56,56.98,188057,33,卖盘
1240,10:32:00,56.98,1071212,188,卖盘
1241,10:32:02,56.98,222222,39,买盘
1242,10:32:05,56.98,450158,79,卖盘
1243,10:32:09,56.98,388598,68,买盘
1244,10:32:11,56.98,376078,66,卖盘
1245,10:32:14,56.98,450246,79,卖盘
1246,10:32:17,56.98,279230,49,卖盘
1247,10:32:20,56.99,1532958,269,买盘
1248,10:32:23,56.99,427444,75,卖盘
1249,10:32:26,56.99,193766,34,买盘
1250,10:32:29,56.99,324863,57,卖盘
1251,10:32:32,57.0,165287,29,买盘
1252,10:32:35,56.99,62692,11,卖盘
1253,10:32:39,57.0,461626,81,买盘
1254,10:32:41,56.99,279255,49,卖盘
1255,10:32:45,57.0,193769,34,买盘
1256,10:32:47,57.0,330540,58,买盘
1257,10:32:50,56.99,45591,8,买盘
1258,10:32:53,56.99,205147,36,买盘
1259,10:32:57,56.99,729423,128,买盘
1260,10:32:59,57.0,547136,96,买盘
1261,10:33:02,56.99,370441,65,卖盘
1262,10:33:05,56.99,239337,42,卖盘
1263,10:33:08,56.99,142477,25,买盘
1264,10:33:11,56.99,85484,15,卖盘
1265,10:33:14,56.99,752165,132,买盘
1266,10:33:17,56.99,706746,124,买盘
1267,10:33:20,56.99,165280,29,卖盘
1268,10:33:23,57.0,946054,166,买盘
1269,10:33:27,56.99,1464595,257,卖盘
1270,10:33:29,56.99,267840,47,买盘
1271,10:33:32,56.99,296372,52,买盘
1272,10:33:35,56.99,74087,13,卖盘
1273,10:33:38,56.99,347640,61,卖盘
1274,10:33:41,56.99,279272,49,卖盘
1275,10:33:44,57.0,239371,42,买盘
1276,10:33:47,57.0,131092,23,买盘
1277,10:33:50,56.98,655305,115,卖盘
1278,10:33:53,56.99,188076,33,卖盘
1279,10:33:56,56.98,319089,56,卖盘
1280,10:33:59,56.98,1202180,211,卖盘
1281,10:34:02,57.0,586978,103,买盘
1282,10:34:05,56.98,56984,10,中性盘
1283,10:34:08,57.0,387589,68,买盘
1284,10:34:11,56.98,45593,8,卖盘
1285,10:34:14,56.98,455936,80,卖盘
1286,10:34:17,56.98,216547,38,卖盘
1287,10:34:20,56.97,2820492,495,卖盘
1288,10:34:23,56.97,672246,118,买盘
1289,10:34:26,57.02,638012,112,买盘
1290,10:34:29,57.02,222380,39,卖盘
1291,10:34:32,57.0,473280,83,卖盘
1292,10:34:35,56.98,308939,54,卖盘
1293,10:34:38,56.98,182373,32,卖盘
1294,10:34:41,56.98,170985,30,卖盘
1295,10:34:44,57.01,324915,57,买盘
1296,10:34:47,57.01,45608,8,卖盘
1297,10:34:50,57.01,126567,22,卖盘
1298,10:34:54,57.02,148239,26,买盘
1299,10:34:57,57.02,1332701,234,买盘
1300,10:34:59,57.02,394536,69,买盘
1301,10:35:02,56.98,1579194,277,卖盘
1302,10:35:05,57.02,91230,16,买盘
1303,10:35:08,57.03,353541,62,买盘
1304,10:35:11,57.03,319323,56,买盘
1305,10:35:14,57.02,593021,104,卖盘
1306,10:35:17,57.04,108367,19,买盘
1307,10:35:20,57.04,553251,97,卖盘
1308,10:35:23,57.05,273745,48,买盘
1309,10:35:26,57.01,296543,52,卖盘
1310,10:35:29,57.05,478876,84,买盘
1311,10:35:32,57.03,456049,80,买盘
1312,10:35:35,57.03,85535,15,卖盘
1313,10:35:38,57.03,96953,17,买盘
1314,10:35:41,57.03,336474,59,买盘
1315,10:35:44,57.03,193901,34,买盘
1316,10:35:47,57.03,553137,97,买盘
1317,10:35:50,57.02,250919,44,卖盘
1318,10:35:53,57.02,302225,53,卖盘
1319,10:35:56,57.04,39928,7,买盘
1320,10:35:59,57.03,216713,38,卖盘
1321,10:36:02,57.04,34224,6,卖盘
1322,10:36:06,57.04,96964,17,买盘
1323,10:36:08,57.0,1105905,194,卖盘
1324,10:36:11,57.0,222312,39,卖盘
1325,10:36:14,57.0,296410,52,卖盘
1326,10:36:18,57.0,672557,118,买盘
1327,10:36:20,57.03,364925,64,买盘
1328,10:36:23,57.0,74098,13,卖盘
1329,10:36:26,57.0,330612,58,卖盘
1330,10:36:29,57.02,473102,83,买盘
1331,10:36:32,57.0,1375161,241,卖盘
1332,10:36:35,57.05,741540,130,买盘
1333,10:36:38,57.04,655772,115,中性盘
1334,10:36:42,57.05,62750,11,买盘
1335,10:36:44,57.04,1162879,204,卖盘
1336,10:36:47,57.04,216791,38,卖盘
1337,10:36:51,57.03,68440,12,卖盘
1338,10:36:53,57.0,1162847,204,卖盘
1339,10:36:56,57.02,34212,6,中性盘
1340,10:36:59,57.02,153929,27,买盘
1341,10:37:02,57.02,199583,35,卖盘
1342,10:37:05,57.03,62729,11,中性盘
1343,10:37:08,57.03,154007,27,卖盘
1344,10:37:12,57.03,148284,26,卖盘
1345,10:37:14,57.04,832386,146,买盘
1346,10:37:17,57.02,1129027,198,卖盘
1347,10:37:21,57.03,2040225,358,买盘
1348,10:37:23,57.02,2321114,407,卖盘
1349,10:37:26,57.04,39928,7,卖盘
1350,10:37:29,57.06,1374955,241,买盘
1351,10:37:32,57.06,39942,7,卖盘
1352,10:37:35,57.06,365205,64,卖盘
1353,10:37:38,57.06,68465,12,买盘
1354,10:37:41,57.06,205392,36,买盘
1355,10:37:44,57.06,22824,4,买盘
1356,10:37:47,57.05,159767,28,卖盘
1357,10:37:50,57.06,34236,6,买盘
1358,10:37:53,57.05,119805,21,卖盘
1359,10:37:56,57.06,290837,51,买盘
1360,10:37:59,57.05,114096,20,中性盘
1361,10:38:02,57.04,136879,24,卖盘
1362,10:38:05,57.04,256756,45,中性盘
1363,10:38:08,57.01,940748,165,卖盘
1364,10:38:11,57.05,211048,37,中性盘
1365,10:38:14,57.04,22817,4,卖盘
1366,10:38:17,57.03,912215,160,卖盘
1367,10:38:20,57.04,456201,80,买盘
1368,10:38:23,57.04,131201,23,卖盘
1369,10:38:26,57.05,68462,12,中性盘
1370,10:38:29,57.04,96958,17,卖盘
1371,10:38:33,57.04,34217,6,买盘
1372,10:38:35,57.02,809559,142,卖盘
1373,10:38:38,57.03,285133,50,买盘
1374,10:38:41,57.02,188146,33,中性盘
1375,10:38:44,57.02,125433,22,买盘
1376,10:38:48,57.01,210951,37,卖盘
1377,10:38:50,57.03,153963,27,买盘
1378,10:38:53,57.01,312488,55,卖盘
1379,10:38:56,57.02,108350,19,卖盘
1380,10:38:59,57.03,39926,7,中性盘
1381,10:39:02,57.04,484657,85,买盘
1382,10:39:05,57.04,404963,71,中性盘
1383,10:39:08,57.04,518916,91,买盘
1384,10:39:11,57.04,262379,46,买盘
1385,10:39:14,57.02,598903,105,卖盘
1386,10:39:17,57.02,393476,69,卖盘
1387,10:39:20,57.02,900993,158,卖盘
1388,10:39:23,57.03,553418,97,卖盘
1389,10:39:26,57.02,382042,67,卖盘
1390,10:39:29,57.02,473248,83,买盘
1391,10:39:32,57.01,342083,60,中性盘
1392,10:39:35,57.01,165370,29,卖盘
1393,10:39:38,57.02,1966525,345,买盘
1394,10:39:41,57.03,245148,43,买盘
1395,10:39:44,57.02,610133,107,卖盘
1396,10:39:47,57.03,159699,28,买盘
1397,10:39:50,57.02,96943,17,卖盘
1398,10:39:53,57.03,79848,14,买盘
1399,10:39:56,57.06,1140455,200,买盘
1400,10:39:59,57.03,188235,33,卖盘
1401,10:40:02,57.03,621684,109,卖盘
1402,10:40:05,57.03,268125,47,买盘
1403,10:40:08,57.06,240706,42,买盘
1404,10:40:11,57.02,439149,77,卖盘
1405,10:40:14,57.03,193948,34,卖盘
1406,10:40:17,57.04,22814,4,买盘
1407,10:40:20,57.04,781537,137,卖盘
1408,10:40:23,57.05,262423,46,买盘
1409,10:40:26,57.05,216775,38,买盘
1410,10:40:29,57.05,923980,162,买盘
1411,10:40:32,57.05,136911,24,买盘
1412,10:40:35,57.04,245297,43,卖盘
1413,10:40:38,57.04,359512,63,卖盘
1414,10:40:41,57.08,159720,28,买盘
1415,10:40:44,57.05,96986,17,卖盘
1416,10:40:48,57.05,182560,32,卖盘
1417,10:40:50,57.08,39950,7,买盘
1418,10:40:53,57.07,336629,59,卖盘
1419,10:40:56,57.07,28534,5,买盘
1420,10:41:00,57.07,216823,38,卖盘
1421,10:41:02,57.08,154103,27,买盘
1422,10:41:05,57.07,62782,11,卖盘
1423,10:41:08,57.08,433807,76,买盘
1424,10:41:11,57.09,102762,18,买盘
1425,10:41:14,57.08,213487,37,卖盘
1426,10:41:17,57.06,399530,70,卖盘
1427,10:41:20,57.08,216904,38,买盘
1428,10:41:23,57.06,125580,22,卖盘
1429,10:41:26,57.08,5708,1,买盘
1430,10:41:29,57.06,245384,43,卖盘
1431,10:41:32,57.08,485020,85,买盘
1432,10:41:36,57.09,45672,8,买盘
1433,10:41:38,57.09,222624,39,买盘
1434,10:41:41,57.09,176979,31,买盘
1435,10:41:44,57.09,239753,42,买盘
1436,10:41:47,57.09,28544,5,买盘
1437,10:41:50,57.09,22836,4,买盘
1438,10:41:53,57.09,570804,100,买盘
1439,10:41:56,57.09,1758205,308,买盘
1440,10:42:00,57.08,336782,59,中性盘
1441,10:42:03,57.08,405260,71,买盘
1442,10:42:06,57.08,194059,34,买盘
1443,10:42:08,57.07,114145,20,中性盘
1444,10:42:11,57.07,114125,20,买盘
1445,10:42:14,57.07,74191,13,卖盘
1446,10:42:17,57.05,245367,43,卖盘
1447,10:42:20,57.04,747436,131,卖盘
1448,10:42:23,57.07,199745,35,买盘
1449,10:42:26,57.06,45653,8,卖盘
1450,10:42:29,57.07,119848,21,卖盘
1451,10:42:32,57.07,216841,38,买盘
1452,10:42:35,57.07,57070,10,卖盘
1453,10:42:38,57.07,251090,44,卖盘
1454,10:42:41,57.03,713055,125,卖盘
1455,10:42:44,57.03,268074,47,卖盘
1456,10:42:47,57.06,125528,22,买盘
1457,10:42:50,57.05,45641,8,卖盘
1458,10:42:53,57.06,62764,11,买盘
1459,10:42:56,57.06,239558,42,卖盘
1460,10:42:59,57.06,51351,9,买盘
1461,10:43:02,57.06,28530,5,买盘
1462,10:43:05,57.06,205419,36,卖盘
1463,10:43:08,57.06,211122,37,买盘
1464,10:43:11,57.04,861572,151,卖盘
1465,10:43:14,57.03,513363,90,卖盘
1466,10:43:17,57.05,433619,76,买盘
1467,10:43:21,57.05,5705,1,卖盘
1468,10:43:23,57.07,102734,18,买盘
1469,10:43:26,57.08,188367,33,买盘
1470,10:43:30,57.07,211206,37,卖盘
1471,10:43:33,57.08,22832,4,买盘
1472,10:43:35,57.08,336766,59,买盘
1473,10:43:38,57.07,399553,70,卖盘
1474,10:43:41,57.07,422345,74,卖盘
1475,10:43:44,57.07,467984,82,买盘
1476,10:43:47,57.08,502218,88,买盘
1477,10:43:50,57.07,325322,57,卖盘
1478,10:43:53,57.09,91346,16,买盘
1479,10:43:56,57.08,570807,100,卖盘
1480,10:43:59,57.08,610756,107,买盘
1481,10:44:02,57.08,91351,16,卖盘
1482,10:44:05,57.09,422538,74,卖盘
1483,10:44:08,57.1,645202,113,买盘
1484,10:44:11,57.1,354020,62,买盘
1485,10:44:14,57.1,382538,67,买盘
1486,10:44:18,57.09,199847,35,卖盘
1487,10:44:21,57.1,57100,10,买盘
1488,10:44:23,57.1,251230,44,买盘
1489,10:44:27,57.1,119910,21,买盘
1490,10:44:29,57.1,45678,8,买盘
1491,10:44:32,57.1,62810,11,买盘
1492,10:44:35,57.11,336885,59,买盘
1493,10:44:38,57.1,51390,9,卖盘
1494,10:44:41,57.11,148486,26,买盘
1495,10:44:44,57.11,68531,12,买盘
1496,10:44:47,57.1,62810,11,卖盘
1497,10:44:50,57.11,188451,33,买盘
1498,10:44:53,57.11,51394,9,买盘
1499,10:44:56,57.1,336910,59,卖盘
1500,10:44:59,57.1,137040,24,买盘
1501,10:45:02,57.11,177020,31,买盘
1502,10:45:05,57.12,165648,29,买盘
1503,10:45:08,57.12,479664,84,买盘
1504,10:45:12,57.12,199913,35,买盘
1505,10:45:15,57.14,508431,89,买盘
1506,10:45:18,57.14,72002,13,买盘
1507,10:45:20,57.16,302863,53,买盘
1508,10:45:23,57.16,211512,37,中性盘
1509,10:45:26,57.18,57180,10,买盘
1510,10:45:29,57.16,228608,40,卖盘
1511,10:45:32,57.18,142950,25,买盘
1512,10:45:35,57.18,263008,46,买盘
1513,10:45:38,57.18,291603,51,买盘
1514,10:45:42,57.18,514582,90,买盘
1515,10:45:44,57.17,486040,85,卖盘
1516,10:45:47,57.16,440245,77,卖盘
1517,10:45:51,57.14,245745,43,卖盘
1518,10:45:53,57.13,999817,175,卖盘
1519,10:45:56,57.17,125773,22,买盘
1520,10:45:59,57.17,97189,17,买盘
1521,10:46:02,57.17,154345,27,买盘
1522,10:46:05,57.18,337313,59,买盘
1523,10:46:08,57.18,388836,68,买盘
1524,10:46:11,57.17,600295,105,卖盘
1525,10:46:14,57.17,160076,28,买盘
1526,10:46:17,57.17,114333,20,买盘
1527,10:46:20,57.17,74317,13,买盘
1528,10:46:23,57.17,668886,117,买盘
1529,10:46:26,57.18,68616,12,买盘
1530,10:46:29,57.19,34311,6,买盘
1531,10:46:33,57.18,257319,45,卖盘
1532,10:46:35,57.18,125796,22,中性盘
1533,10:46:38,57.17,314447,55,卖盘
1534,10:46:41,57.18,131508,23,中性盘
1535,10:46:44,57.17,182944,32,卖盘
1536,10:46:47,57.18,554493,97,买盘
1537,10:46:50,57.16,131493,23,卖盘
1538,10:46:53,57.16,22866,4,卖盘
1539,10:46:56,57.16,194315,34,卖盘
1540,10:46:59,57.16,45725,8,中性盘
1541,10:47:02,57.17,17150,3,买盘
1542,10:47:05,57.14,377200,66,卖盘
1543,10:47:08,57.16,817093,143,中性盘
1544,10:47:11,57.17,160013,28,买盘
1545,10:47:14,57.17,120051,21,买盘
1546,10:47:17,57.17,40011,7,买盘
1547,10:47:20,57.16,17148,3,中性盘
1548,10:47:23,57.16,28577,5,中性盘
1549,10:47:26,57.15,331482,58,卖盘
1550,10:47:29,57.16,251470,44,买盘
1551,10:47:32,57.13,354214,62,卖盘
1552,10:47:35,57.15,388426,68,买盘
1553,10:47:39,57.13,268502,47,中性盘
1554,10:47:41,57.15,131426,23,买盘
1555,10:47:44,57.1,2665899,467,卖盘
1556,10:47:47,57.11,405589,71,中性盘
1557,10:47:50,57.11,434265,76,卖盘
1558,10:47:53,57.14,45712,8,中性盘
1559,10:47:56,57.16,45728,8,买盘
1560,10:47:59,57.16,17148,3,卖盘
1561,10:48:02,57.17,262943,46,买盘
1562,10:48:05,57.12,68568,12,卖盘
1563,10:48:09,57.15,22860,4,买盘
1564,10:48:11,57.14,119994,21,卖盘
1565,10:48:14,57.15,102855,18,买盘
1566,10:48:17,57.14,354338,62,卖盘
1567,10:48:20,57.13,302859,53,卖盘
1568,10:48:23,57.12,268529,47,卖盘
1569,10:48:26,57.12,51408,9,卖盘
1570,10:48:29,57.15,114263,20,买盘
1571,10:48:32,57.11,514115,90,卖盘
1572,10:48:35,57.12,131420,23,卖盘
1573,10:48:39,57.12,279876,49,卖盘
1574,10:48:41,57.12,165649,29,卖盘
1575,10:48:44,57.1,137049,24,卖盘
1576,10:48:47,57.11,228448,40,卖盘
1577,10:48:50,57.13,142828,25,买盘
1578,10:48:54,57.14,154256,27,买盘
1579,10:48:56,57.12,39991,7,卖盘
1580,10:48:59,57.14,251410,44,买盘
1581,10:49:02,57.15,342802,60,买盘
1582,10:49:06,57.11,451290,79,卖盘
1583,10:49:08,57.14,3539342,620,买盘
1584,10:49:11,57.14,142866,25,买盘
1585,10:49:14,57.14,68574,12,卖盘
1586,10:49:17,57.15,34287,6,买盘
1587,10:49:20,57.14,217142,38,卖盘
1588,10:49:23,57.13,177142,31,卖盘
1589,10:49:26,57.11,394053,69,卖盘
1590,10:49:29,57.11,45688,8,买盘
1591,10:49:33,57.13,228486,40,买盘
1592,10:49:35,57.13,657037,115,卖盘
1593,10:49:38,57.14,411361,72,买盘
1594,10:49:41,57.13,137114,24,卖盘
1595,10:49:44,57.1,702538,123,卖盘
1596,10:49:47,57.1,239905,42,卖盘
1597,10:49:50,57.13,119959,21,买盘
1598,10:49:53,57.1,171314,30,卖盘
1599,10:49:56,57.1,194181,34,卖盘
1600,10:49:59,57.16,280015,49,买盘
1601,10:50:02,57.14,325784,57,卖盘
1602,10:50:05,57.17,114269,20,买盘
1603,10:50:08,57.17,576942,101,买盘
1604,10:50:11,57.11,336983,59,卖盘
1605,10:50:14,57.14,405501,71,买盘
1606,10:50:17,57.15,22859,4,中性盘
1607,10:50:20,57.16,188599,33,买盘
1608,10:50:23,57.17,188671,33,买盘
1609,10:50:26,57.17,68612,12,卖盘
1610,10:50:29,57.17,114352,20,卖盘
1611,10:50:33,57.17,97196,17,卖盘
1612,10:50:35,57.17,245840,43,卖盘
1613,10:50:38,57.17,343013,60,卖盘
1614,10:50:41,57.17,97182,17,买盘
1615,10:50:44,57.17,188650,33,买盘
1616,10:50:47,57.15,668372,117,卖盘
1617,10:50:50,57.15,594325,104,买盘
1618,10:50:53,57.15,97157,17,卖盘
1619,10:50:56,57.15,434329,76,卖盘
1620,10:50:59,57.1,885206,155,卖盘
1621,10:51:02,57.15,531218,93,买盘
1622,10:51:05,57.15,165663,29,买盘
1623,10:51:08,57.11,251375,44,卖盘
1624,10:51:11,57.11,274238,48,卖盘
1625,10:51:14,57.1,377068,66,卖盘
1626,10:51:17,57.14,159991,28,卖盘
1627,10:51:21,57.11,291403,51,卖盘
1628,10:51:23,57.1,131336,23,卖盘
1629,10:51:26,57.1,142788,25,卖盘
1630,10:51:29,57.1,119920,21,卖盘
1631,10:51:33,57.13,35411,6,买盘
1632,10:51:35,57.1,239847,42,卖盘
1633,10:51:38,57.12,411169,72,买盘
1634,10:51:41,57.1,405458,71,卖盘
1635,10:51:44,57.08,336859,59,卖盘
1636,10:51:47,57.08,274048,48,卖盘
1637,10:51:51,57.1,302575,53,买盘
1638,10:51:53,57.1,1318969,231,买盘
1639,10:51:56,57.1,684999,120,买盘
1640,10:52:00,57.1,1102034,193,买盘
1641,10:52:03,57.09,499084,87,卖盘
1642,10:52:05,57.08,342724,60,卖盘
1643,10:52:08,57.08,485305,85,卖盘
1644,10:52:11,57.14,165611,29,买盘
1645,10:52:14,57.1,331210,58,卖盘
1646,10:52:17,57.07,416785,73,卖盘
1647,10:52:20,57.1,285499,50,中性盘
1648,10:52:23,57.07,268424,47,卖盘
1649,10:52:26,57.08,428070,75,中性盘
1650,10:52:29,57.07,451001,79,卖盘
1651,10:52:32,57.06,485237,85,卖盘
1652,10:52:35,57.06,137014,24,卖盘
1653,10:52:39,57.12,279846,49,中性盘
1654,10:52:41,57.05,342352,60,卖盘
1655,10:52:44,57.06,445202,78,卖盘
1656,10:52:47,57.12,719174,126,中性盘
1657,10:52:50,57.11,1119375,196,卖盘
1658,10:52:53,57.1,771145,135,卖盘
1659,10:52:56,57.14,451043,79,买盘
1660,10:52:59,57.14,3754010,658,买盘
1661,10:53:02,57.07,656343,115,卖盘
1662,10:53:05,57.07,844686,148,买盘
1663,10:53:08,57.13,239791,42,买盘
1664,10:53:11,57.1,1164411,204,卖盘
1665,10:53:14,57.1,948073,166,买盘
1666,10:53:17,57.1,434011,76,卖盘
1667,10:53:20,57.1,182780,32,卖盘
1668,10:53:23,57.1,74236,13,卖盘
1669,10:53:26,57.1,787980,138,卖盘
1670,10:53:29,57.12,336924,59,买盘
1671,10:53:32,57.11,194143,34,买盘
1672,10:53:35,57.1,239880,42,卖盘
1673,10:53:38,57.1,199895,35,卖盘
1674,10:53:41,57.1,68520,12,卖盘
1675,10:53:44,57.12,1216273,213,买盘
1676,10:53:47,57.12,1884963,330,买盘
1677,10:53:50,57.13,942382,165,买盘
1678,10:53:54,57.13,428320,75,买盘
1679,10:53:56,57.1,91360,16,卖盘
1680,10:53:59,57.11,765145,134,买盘
1681,10:54:02,57.09,530888,93,卖盘
1682,10:54:06,57.06,370930,65,卖盘
1683,10:54:08,57.06,251036,44,买盘
1684,10:54:11,57.05,336639,59,卖盘
1685,10:54:14,57.09,228232,40,买盘
1686,10:54:17,57.04,108412,19,卖盘
1687,10:54:20,57.1,336763,59,买盘
1688,10:54:23,57.1,154082,27,买盘
1689,10:54:26,57.04,176948,31,卖盘
1690,10:54:30,57.06,74178,13,中性盘
1691,10:54:32,57.04,85575,15,卖盘
1692,10:54:35,57.05,273927,48,卖盘
1693,10:54:38,57.05,273840,48,卖盘
1694,10:54:41,57.06,79878,14,中性盘
1695,10:54:44,57.05,308066,54,卖盘
1696,10:54:48,57.06,501983,88,买盘
1697,10:54:50,57.05,233901,41,中性盘
1698,10:54:53,57.06,228231,40,买盘
1699,10:54:57,57.06,262474,46,卖盘
1700,10:54:59,57.06,262478,46,卖盘
1701,10:55:03,57.06,273855,48,卖盘
1702,10:55:06,57.06,815879,143,买盘
1703,10:55:08,57.03,382177,67,卖盘
1704,10:55:11,57.04,148346,26,中性盘
1705,10:55:14,57.05,365003,64,中性盘
1706,10:55:18,57.0,5284744,927,卖盘
1707,10:55:20,57.06,496386,87,买盘
1708,10:55:23,57.01,479218,84,卖盘
1709,10:55:26,57.06,639000,112,卖盘
1710,10:55:29,57.06,1015684,178,卖盘
1711,10:55:32,57.08,285308,50,买盘
1712,10:55:35,57.05,3819882,670,卖盘
1713,10:55:38,57.05,336615,59,卖盘
1714,10:55:42,57.05,262342,46,买盘
1715,10:55:44,57.01,313671,55,卖盘
1716,10:55:47,57.01,2781954,488,卖盘
1717,10:55:50,57.0,792303,139,卖盘
1718,10:55:54,57.0,290779,51,卖盘
1719,10:55:56,57.02,119710,21,中性盘
1720,10:55:59,57.0,267944,47,卖盘
1721,10:56:02,57.0,513134,90,卖盘
1722,10:56:06,57.0,399115,70,卖盘
1723,10:56:08,57.01,1373715,241,中性盘
1724,10:56:11,57.02,735352,129,买盘
1725,10:56:14,57.02,199570,35,买盘
1726,10:56:17,57.02,536004,94,卖盘
1727,10:56:20,57.03,461901,81,买盘
1728,10:56:23,57.03,553161,97,买盘
1729,10:56:26,57.03,279419,49,买盘
1730,10:56:29,57.03,233801,41,买盘
1731,10:56:32,57.03,382066,67,买盘
1732,10:56:35,57.03,188207,33,卖盘
1733,10:56:38,57.03,370695,65,卖盘
1734,10:56:41,57.04,501887,88,买盘
1735,10:56:44,57.01,228049,40,卖盘
1736,10:56:48,57.03,165347,29,买盘
1737,10:56:50,57.02,210985,37,买盘
1738,10:56:53,57.01,119731,21,卖盘
1739,10:56:56,57.01,91222,16,卖盘
1740,10:56:59,57.02,370622,65,中性盘
1741,10:57:02,57.02,273705,48,卖盘
1742,10:57:05,57.03,268015,47,买盘
1743,10:57:08,57.01,210969,37,卖盘
1744,10:57:11,57.01,444807,78,卖盘
1745,10:57:14,57.02,769680,135,买盘
1746,10:57:18,57.02,564518,99,卖盘
1747,10:57:21,57.02,860966,151,买盘
1748,10:57:23,57.03,473202,83,买盘
1749,10:57:26,57.03,513092,90,买盘
1750,10:57:29,57.0,199525,35,卖盘
1751,10:57:32,57.04,102672,18,买盘
1752,10:57:35,57.03,353445,62,卖盘
1753,10:57:38,57.04,176763,31,买盘
1754,10:57:41,57.0,370533,65,卖盘
1755,10:57:45,57.0,267934,47,卖盘
1756,10:57:47,57.01,114001,20,中性盘
1757,10:57:50,57.0,336309,59,卖盘
1758,10:57:53,57.0,222327,39,卖盘
1759,10:57:56,57.03,439003,77,买盘
1760,10:57:59,57.01,342065,60,卖盘
1761,10:58:02,57.03,712842,125,卖盘
1762,10:58:05,57.02,279315,49,中性盘
1763,10:58:08,57.03,410489,72,买盘
1764,10:58:11,57.0,176745,31,卖盘
1765,10:58:14,57.02,114032,20,买盘
1766,10:58:17,57.02,387733,68,卖盘
1767,10:58:20,57.02,182444,32,买盘
1768,10:58:23,57.0,136821,24,卖盘
1769,10:58:26,57.01,495946,87,卖盘
1770,10:58:29,57.01,769542,135,买盘
1771,10:58:32,57.01,370519,65,买盘
1772,10:58:35,57.01,285038,50,买盘
1773,10:58:38,57.02,233762,41,买盘
1774,10:58:41,57.01,108320,19,卖盘
1775,10:58:44,57.03,1208837,212,买盘
1776,10:58:47,57.01,558807,98,卖盘
1777,10:58:50,57.02,250854,44,中性盘
1778,10:58:53,57.03,279403,49,买盘
1779,10:58:56,57.03,102641,18,买盘
1780,10:58:59,57.01,85528,15,卖盘
1781,10:59:02,57.03,125446,22,买盘
1782,10:59:05,57.03,325046,57,买盘
1783,10:59:08,57.03,450511,79,买盘
1784,10:59:11,57.04,262321,46,买盘
1785,10:59:14,57.04,153997,27,卖盘
1786,10:59:18,57.05,193960,34,买盘
1787,10:59:20,57.04,901214,158,卖盘
1788,10:59:23,57.04,279452,49,买盘
1789,10:59:26,57.04,154002,27,买盘
1790,10:59:30,57.04,479104,84,买盘
1791,10:59:33,57.04,524688,92,买盘
1792,10:59:35,57.04,353624,62,买盘
1793,10:59:38,57.04,730024,128,买盘
1794,10:59:41,57.04,393494,69,买盘
1795,10:59:44,57.04,501835,88,买盘
1796,10:59:47,57.06,1409117,247,买盘
1797,10:59:50,57.05,1124089,197,卖盘
1798,10:59:53,57.06,473679,83,中性盘
1799,10:59:56,57.05,1107018,194,卖盘
1800,10:59:59,57.04,525011,92,卖盘
1801,11:00:02,57.11,707526,124,买盘
1802,11:00:05,57.12,736621,129,买盘
1803,11:00:08,57.13,354199,62,买盘
1804,11:00:11,57.12,308498,54,卖盘
1805,11:00:14,57.13,125680,22,买盘
1806,11:00:17,57.13,137116,24,卖盘
1807,11:00:20,57.13,211366,37,卖盘
1808,11:00:23,57.14,211399,37,买盘
1809,11:00:26,57.13,719905,126,卖盘
1810,11:00:30,57.13,251212,44,中性盘
1811,11:00:32,57.08,314075,55,卖盘
1812,11:00:35,57.1,119907,21,中性盘
1813,11:00:38,57.1,119931,21,卖盘
1814,11:00:41,57.11,1951727,342,买盘
1815,11:00:44,57.07,388154,68,中性盘
1816,11:00:47,57.09,393777,69,买盘
1817,11:00:50,57.07,376680,66,卖盘
1818,11:00:53,57.07,194039,34,中性盘
1819,11:00:56,57.1,205473,36,买盘
1820,11:00:59,57.06,119830,21,卖盘
1821,11:01:02,57.07,245379,43,买盘
1822,11:01:05,57.07,176895,31,买盘
1823,11:01:08,57.06,97015,17,卖盘
1824,11:01:11,57.06,330965,58,卖盘
1825,11:01:14,57.05,222498,39,卖盘
1826,11:01:17,57.05,793041,139,卖盘
1827,11:01:20,57.05,256714,45,卖盘
1828,11:01:23,57.05,330848,58,买盘
1829,11:01:26,57.05,91263,16,买盘
1830,11:01:29,57.04,279454,49,买盘
1831,11:01:32,57.06,650382,114,买盘
1832,11:01:36,57.06,148361,26,卖盘
1833,11:01:38,57.09,901750,158,买盘
1834,11:01:41,57.08,428113,75,卖盘
1835,11:01:44,57.09,719173,126,买盘
1836,11:01:47,57.05,330936,58,卖盘
1837,11:01:50,57.08,1415097,248,中性盘
1838,11:01:53,57.05,616288,108,卖盘
1839,11:01:56,57.08,268200,47,买盘
1840,11:01:59,57.05,291015,51,卖盘
1841,11:02:02,57.04,79867,14,卖盘
1842,11:02:06,57.07,85595,15,买盘
1843,11:02:08,57.06,308151,54,卖盘
1844,11:02:11,57.05,176858,31,卖盘
1845,11:02:14,57.08,1534702,269,买盘
1846,11:02:17,57.04,718820,126,卖盘
1847,11:02:20,57.05,787088,138,中性盘
1848,11:02:23,57.08,393651,69,买盘
1849,11:02:26,57.05,279595,49,卖盘
1850,11:02:29,57.05,142630,25,卖盘
1851,11:02:32,57.08,211150,37,买盘
1852,11:02:35,57.09,650592,114,中性盘
1853,11:02:38,57.1,456472,80,买盘
1854,11:02:41,57.1,393832,69,买盘
1855,11:02:44,57.03,285324,50,卖盘
1856,11:02:47,57.1,79922,14,买盘
1857,11:02:50,57.05,211206,37,卖盘
1858,11:02:53,57.09,148366,26,买盘
1859,11:02:56,57.08,142637,25,中性盘
1860,11:02:59,57.1,342400,60,买盘
1861,11:03:02,57.09,171222,30,中性盘
1862,11:03:05,57.04,502178,88,卖盘
1863,11:03:08,57.09,1135139,199,中性盘
1864,11:03:11,57.09,290907,51,买盘
1865,11:03:14,57.03,547636,96,卖盘
1866,11:03:18,57.04,444863,78,卖盘
1867,11:03:21,57.03,416336,73,卖盘
1868,11:03:23,57.04,1853065,325,买盘
1869,11:03:27,57.01,1413858,248,卖盘
1870,11:03:29,57.01,1037522,182,买盘
1871,11:03:32,57.01,1322523,232,买盘
1872,11:03:35,57.01,1094579,192,卖盘
1873,11:03:38,57.01,541566,95,卖盘
1874,11:03:41,57.0,535828,94,卖盘
1875,11:03:45,57.03,450414,79,买盘
1876,11:03:48,57.01,188124,33,中性盘
1877,11:03:50,57.01,393381,69,卖盘
1878,11:03:53,57.03,330718,58,买盘
1879,11:03:56,57.03,256569,45,买盘
1880,11:03:59,57.01,91217,16,卖盘
1881,11:04:02,57.01,165330,29,卖盘
1882,11:04:05,57.01,165336,29,卖盘
1883,11:04:08,57.01,307867,54,卖盘
1884,11:04:12,57.01,171050,30,卖盘
1885,11:04:14,57.02,296504,52,卖盘
1886,11:04:17,57.02,114049,20,卖盘
1887,11:04:20,57.02,102638,18,卖盘
1888,11:04:24,57.01,102627,18,卖盘
1889,11:04:26,57.01,4942132,867,卖盘
1890,11:04:29,56.99,7574774,1329,卖盘
1891,11:04:32,57.0,2050588,360,买盘
1892,11:04:35,57.0,490104,86,买盘
1893,11:04:39,57.02,474157,83,买盘
1894,11:04:41,57.0,262179,46,卖盘
1895,11:04:44,57.01,222295,39,买盘
1896,11:04:47,57.0,267919,47,卖盘
1897,11:04:51,57.0,222301,39,卖盘
1898,11:04:53,57.01,267936,47,买盘
1899,11:04:56,57.02,250821,44,买盘
1900,11:04:59,57.0,216620,38,卖盘
1901,11:05:02,57.0,330574,58,卖盘
1902,11:05:05,56.99,307732,54,卖盘
1903,11:05:08,57.0,353326,62,买盘
1904,11:05:12,56.98,96885,17,卖盘
1905,11:05:14,56.98,330511,58,卖盘
1906,11:05:18,56.99,216582,38,中性盘
1907,11:05:20,56.98,131098,23,卖盘
1908,11:05:23,57.01,245097,43,中性盘
1909,11:05:26,57.01,125422,22,卖盘
1910,11:05:29,57.02,233757,41,买盘
1911,11:05:32,57.0,222349,39,卖盘
1912,11:05:36,57.0,359097,63,卖盘
1913,11:05:38,57.02,575693,101,买盘
1914,11:05:41,57.02,467444,82,买盘
1915,11:05:44,57.05,467546,82,买盘
1916,11:05:48,56.99,359210,63,卖盘
1917,11:05:51,57.05,182491,32,买盘
1918,11:05:53,57.01,359298,63,卖盘
1919,11:05:57,57.01,239457,42,卖盘
1920,11:05:59,57.01,507519,89,卖盘
1921,11:06:03,57.01,96928,17,卖盘
1922,11:06:05,57.04,279456,49,买盘
1923,11:06:08,57.05,125448,22,买盘
1924,11:06:11,57.01,216679,38,卖盘
1925,11:06:14,57.02,79831,14,卖盘
1926,11:06:17,57.03,553218,97,中性盘
1927,11:06:20,57.04,461810,81,买盘
1928,11:06:24,57.05,290924,51,买盘
1929,11:06:26,57.05,347984,61,买盘
1930,11:06:29,57.05,370828,65,卖盘
1931,11:06:32,57.05,188299,33,卖盘
1932,11:06:35,57.07,154032,27,中性盘
1933,11:06:39,57.07,96988,17,中性盘
1934,11:06:41,57.07,290920,51,买盘
1935,11:06:44,57.07,114143,20,卖盘
1936,11:06:47,57.03,296696,52,卖盘
1937,11:06:50,57.08,1135942,199,买盘
1938,11:06:53,57.07,433568,76,买盘
1939,11:06:56,57.1,370912,65,买盘
1940,11:06:59,57.1,399396,70,买盘
1941,11:07:03,57.1,308064,54,买盘
1942,11:07:05,57.1,182682,32,买盘
1943,11:07:08,57.09,171289,30,中性盘
1944,11:07:11,57.04,91285,16,卖盘
1945,11:07:14,57.09,222619,39,买盘
1946,11:07:18,57.08,216796,38,中性盘
1947,11:07:20,57.04,136922,24,卖盘
1948,11:07:23,57.04,125503,22,卖盘
1949,11:07:27,57.05,62745,11,中性盘
1950,11:07:29,57.03,142591,25,卖盘
1951,11:07:32,57.06,193962,34,买盘
1952,11:07:35,57.03,3665756,643,卖盘
1953,11:07:39,57.06,1887004,331,买盘
1954,11:07:41,57.03,359443,63,卖盘
1955,11:07:44,57.03,239564,42,卖盘
1956,11:07:47,57.03,102657,18,卖盘
1957,11:07:51,57.05,2206011,387,买盘
1958,11:07:53,57.06,421929,74,买盘
1959,11:07:56,57.1,1781368,312,买盘
1960,11:07:59,57.02,650328,114,卖盘
1961,11:08:02,57.03,325172,57,中性盘
1962,11:08:05,57.04,142625,25,中性盘
1963,11:08:08,57.07,296642,52,中性盘
1964,11:08:12,57.06,102691,18,中性盘
1965,11:08:14,57.05,125484,22,中性盘
1966,11:08:17,57.06,165447,29,买盘
1967,11:08:21,57.05,199595,35,卖盘
1968,11:08:23,57.04,359290,63,中性盘
1969,11:08:26,57.03,136876,24,中性盘
1970,11:08:29,57.02,102677,18,卖盘
1971,11:08:32,57.06,268131,47,买盘
1972,11:08:35,57.09,1809389,317,买盘
1973,11:08:38,57.08,764222,134,中性盘
1974,11:08:41,57.03,233817,41,卖盘
1975,11:08:44,57.02,313769,55,卖盘
1976,11:08:47,57.03,28520,5,卖盘
1977,11:08:50,57.04,51341,9,卖盘
1978,11:08:53,57.04,125525,22,卖盘
1979,11:08:56,57.03,832658,146,卖盘
1980,11:08:59,57.02,199593,35,卖盘
1981,11:09:02,57.02,279403,49,买盘
1982,11:09:05,57.05,490458,86,买盘
1983,11:09:08,57.05,108391,19,买盘
1984,11:09:11,57.06,11411,2,买盘
1985,11:09:14,57.07,416516,73,买盘
1986,11:09:17,57.02,627309,110,卖盘
1987,11:09:20,57.02,250952,44,卖盘
1988,11:09:24,57.01,148249,26,卖盘
1989,11:09:26,57.03,91243,16,买盘
1990,11:09:29,57.04,39922,7,买盘
1991,11:09:32,57.04,250945,44,买盘
1992,11:09:35,57.04,205339,36,买盘
1993,11:09:38,57.03,878402,154,卖盘
1994,11:09:41,57.05,193944,34,买盘
1995,11:09:45,57.02,2930865,514,卖盘
1996,11:09:47,57.02,1237695,217,卖盘
1997,11:09:50,57.07,85601,15,买盘
1998,11:09:53,57.03,182622,32,卖盘
1999,11:09:57,57.06,5706,1,中性盘
2000,11:09:59,57.07,28532,5,买盘
2001,11:10:02,57.01,262306,46,卖盘
2002,11:10:05,57.01,336400,59,卖盘
2003,11:10:08,57.05,45628,8,中性盘
2004,11:10:11,57.05,34226,6,买盘
2005,11:10:14,57.05,279384,49,买盘
2006,11:10:17,57.05,28525,5,卖盘
2007,11:10:21,57.06,91284,16,买盘
2008,11:10:24,57.03,11406,2,卖盘
2009,11:10:26,57.03,233820,41,卖盘
2010,11:10:29,57.02,1926662,338,中性盘
2011,11:10:33,57.02,79824,14,买盘
2012,11:10:35,57.02,45616,8,买盘
2013,11:10:38,57.02,17106,3,买盘
2014,11:10:41,57.01,114020,20,卖盘
2015,11:10:44,57.02,245185,43,买盘
2016,11:10:47,57.03,1722272,302,买盘
2017,11:10:50,57.04,57040,10,中性盘
2018,11:10:54,57.06,793000,139,买盘
2019,11:10:56,57.08,845704,148,买盘
2020,11:10:59,57.04,1967784,345,卖盘
2021,11:11:02,57.04,262384,46,卖盘
2022,11:11:05,57.07,114081,20,买盘
2023,11:11:12,57.08,588804,103,买盘
2024,11:11:14,57.08,182668,32,卖盘
2025,11:11:17,57.03,943867,165,卖盘
2026,11:11:20,57.04,815768,143,卖盘
2027,11:11:24,57.1,399526,70,买盘
2028,11:11:26,57.09,485104,85,卖盘
2029,11:11:29,57.09,268132,47,买盘
2030,11:11:32,57.04,165563,29,卖盘
2031,11:11:35,57.03,51331,9,卖盘
2032,11:11:38,57.11,1798709,315,买盘
2033,11:11:41,57.04,313938,55,卖盘
2034,11:11:44,57.05,3659947,641,中性盘
2035,11:11:47,57.12,1973064,346,买盘
2036,11:11:50,57.02,855723,150,卖盘
2037,11:11:53,57.09,228359,40,买盘
2038,11:11:59,57.06,108384,19,中性盘
2039,11:12:03,57.06,444875,78,卖盘
2040,11:12:06,57.07,239627,42,买盘
2041,11:12:08,57.03,268167,47,卖盘
2042,11:12:12,57.08,251024,44,买盘
2043,11:12:14,57.08,222562,39,买盘
2044,11:12:17,57.03,193967,34,卖盘
2045,11:12:20,57.02,268100,47,卖盘
2046,11:12:23,57.06,205381,36,卖盘
2047,11:12:27,57.1,1661401,291,买盘
2048,11:12:29,57.11,274081,48,买盘
2049,11:12:32,57.1,51370,9,中性盘
2050,11:12:35,57.07,85608,15,卖盘
2051,11:12:38,57.06,484858,85,卖盘
2052,11:12:41,57.1,450927,79,买盘
2053,11:12:44,57.04,142672,25,卖盘
2054,11:12:47,57.1,68462,12,买盘
2055,11:12:51,57.05,296709,52,中性盘
2056,11:12:53,57.06,233897,41,中性盘
2057,11:12:56,57.05,136915,24,中性盘
2058,11:12:59,57.05,62749,11,买盘
2059,11:13:02,57.05,85570,15,买盘
2060,11:13:05,57.05,102689,18,买盘
2061,11:13:08,57.06,91284,16,买盘
2062,11:13:11,57.06,91278,16,买盘
2063,11:13:14,57.03,228154,40,卖盘
2064,11:13:18,57.06,296659,52,买盘
2065,11:13:20,57.06,136918,24,买盘
2066,11:13:23,57.06,79884,14,买盘
2067,11:13:27,57.05,142636,25,买盘
2068,11:13:29,57.05,45640,8,卖盘
2069,11:13:32,57.05,222483,39,买盘
2070,11:13:35,57.05,136908,24,买盘
2071,11:13:38,57.04,484831,85,中性盘
2072,11:13:41,57.04,370771,65,买盘
2073,11:13:44,57.04,182538,32,卖盘
2074,11:13:47,57.04,34224,6,卖盘
2075,11:13:51,57.03,62734,11,卖盘
2076,11:13:53,57.04,193926,34,买盘
2077,11:13:56,57.03,205318,36,卖盘
2078,11:13:59,57.02,690025,121,卖盘
2079,11:14:02,57.05,1950755,342,买盘
2080,11:14:05,57.04,513391,90,卖盘
2081,11:14:08,57.05,946911,166,买盘
2082,11:14:11,57.05,638795,112,买盘
2083,11:14:14,57.01,336420,59,卖盘
2084,11:14:17,57.01,325106,57,卖盘
2085,11:14:20,57.01,199538,35,卖盘
2086,11:14:23,57.03,114051,20,中性盘
2087,11:14:26,57.02,678437,119,卖盘
2088,11:14:29,57.03,176768,31,买盘
2089,11:14:32,57.01,193866,34,卖盘
2090,11:14:35,57.04,188184,33,买盘
2091,11:14:39,57.05,74165,13,买盘
2092,11:14:41,57.05,199665,35,买盘
2093,11:14:44,57.04,131193,23,卖盘
2094,11:14:47,57.04,154021,27,卖盘
2095,11:14:50,57.03,256691,45,卖盘
2096,11:14:54,57.04,148286,26,卖盘
2097,11:14:56,57.04,68444,12,买盘
2098,11:15:00,57.04,74145,13,买盘
2099,11:15:03,57.04,102659,18,买盘
2100,11:15:05,57.03,376370,66,卖盘
2101,11:15:08,57.03,262297,46,买盘
2102,11:15:11,57.04,5264838,923,买盘
2103,11:15:14,57.03,553300,97,卖盘
2104,11:15:17,57.03,176833,31,卖盘
2105,11:15:21,57.04,136890,24,中性盘
2106,11:15:23,57.07,376517,66,买盘
2107,11:15:27,57.06,256682,45,卖盘
2108,11:15:29,57.03,262462,46,卖盘
2109,11:15:32,57.03,233877,41,卖盘
2110,11:15:36,57.06,74180,13,中性盘
2111,11:15:38,57.05,159717,28,卖盘
2112,11:15:41,57.07,182547,32,买盘
2113,11:15:44,57.06,262414,46,中性盘
2114,11:15:47,57.05,188262,33,中性盘
2115,11:15:50,57.05,131198,23,买盘
2116,11:15:53,57.03,205357,36,卖盘
2117,11:15:56,57.06,131200,23,买盘
2118,11:15:59,57.04,11408,2,卖盘
2119,11:16:02,57.06,51349,9,买盘
2120,11:16:06,57.05,85585,15,卖盘
2121,11:16:09,57.05,5705,1,卖盘
2122,11:16:11,57.06,74168,13,买盘
2123,11:16:14,57.06,325184,57,买盘
2124,11:16:17,57.06,199701,35,买盘
2125,11:16:23,57.04,22816,4,卖盘
2126,11:16:27,57.06,256716,45,买盘
2127,11:16:29,57.05,182519,32,中性盘
2128,11:16:33,57.04,1522494,267,买盘
2129,11:16:35,57.01,775555,136,卖盘
2130,11:16:38,57.04,1294148,227,卖盘
2131,11:16:41,57.04,313617,55,买盘
2132,11:16:44,57.04,410688,72,买盘
2133,11:16:47,57.04,74152,13,卖盘
2134,11:16:50,57.04,57022,10,中性盘
2135,11:16:54,57.04,131181,23,买盘
2136,11:16:56,57.01,142592,25,卖盘
2137,11:16:59,57.05,136882,24,买盘
2138,11:17:03,57.02,125465,22,卖盘
2139,11:17:05,57.03,199583,35,卖盘
2140,11:17:08,57.03,325053,57,买盘
2141,11:17:11,57.03,450517,79,买盘
2142,11:17:15,57.02,222385,39,卖盘
2143,11:17:17,57.02,188175,33,卖盘
2144,11:17:21,57.02,159645,28,卖盘
2145,11:17:23,57.02,165339,29,买盘
2146,11:17:26,57.02,159650,28,买盘
2147,11:17:29,57.02,667105,117,买盘
2148,11:17:32,57.02,239484,42,买盘
2149,11:17:35,57.02,2143805,376,买盘
2150,11:17:38,57.03,108343,19,买盘
2151,11:17:42,57.03,85541,15,买盘
2152,11:17:44,57.03,313645,55,买盘
2153,11:17:47,57.02,536058,94,卖盘
2154,11:17:51,57.03,131169,23,卖盘
2155,11:17:53,57.03,102650,18,买盘
2156,11:17:56,57.03,342131,60,买盘
2157,11:17:59,57.02,85538,15,中性盘
2158,11:18:02,57.03,125449,22,买盘
2159,11:18:05,57.03,11406,2,买盘
2160,11:18:08,57.03,108357,19,买盘
2161,11:18:11,57.02,404877,71,卖盘
2162,11:18:14,57.03,746966,131,买盘
2163,11:18:17,57.02,57025,10,卖盘
2164,11:18:21,57.03,131164,23,买盘
2165,11:18:23,57.03,239524,42,买盘
2166,11:18:26,57.03,228145,40,买盘
2167,11:18:29,57.04,131173,23,买盘
2168,11:18:32,57.03,176823,31,卖盘
2169,11:18:35,57.05,2266829,397,买盘
2170,11:18:38,57.06,302462,53,买盘
2171,11:18:41,57.1,3063548,537,买盘
2172,11:18:44,57.09,2155847,378,中性盘
2173,11:18:48,57.08,718894,126,中性盘
2174,11:18:50,57.05,382145,67,卖盘
2175,11:18:54,57.06,142545,25,买盘
2176,11:18:56,57.05,17116,3,卖盘
2177,11:18:59,57.06,154027,27,买盘
2178,11:19:02,57.05,325063,57,买盘
2179,11:19:05,57.02,233863,41,卖盘
2180,11:19:08,57.05,51342,9,买盘
2181,11:19:11,57.1,1078543,189,买盘
2182,11:19:14,57.05,1089818,191,卖盘
2183,11:19:17,57.05,496507,87,卖盘
2184,11:19:20,57.06,450899,79,中性盘
2185,11:19:23,57.13,251131,44,买盘
2186,11:19:26,57.1,234091,41,买盘
2187,11:19:29,57.11,142790,25,卖盘
2188,11:19:33,57.11,262719,46,卖盘
2189,11:19:36,57.12,137078,24,买盘
2190,11:19:38,57.1,839481,147,卖盘
2191,11:19:41,57.07,159814,28,卖盘
2192,11:19:44,57.07,205431,36,买盘
2193,11:19:47,57.08,416616,73,买盘
2194,11:19:50,57.06,445118,78,卖盘
2195,11:19:53,57.07,142669,25,买盘
2196,11:19:56,57.06,490677,86,卖盘
2197,11:19:59,57.08,336746,59,买盘
2198,11:20:02,57.05,148360,26,卖盘
2199,11:20:05,57.06,935858,164,卖盘
2200,11:20:08,57.03,627465,110,卖盘
2201,11:20:11,57.07,382141,67,买盘
2202,11:20:14,57.07,182604,32,买盘
2203,11:20:17,57.05,273863,48,中性盘
2204,11:20:20,57.09,1586584,278,买盘
2205,11:20:23,57.09,696341,122,买盘
2206,11:20:26,57.05,331004,58,卖盘
2207,11:20:29,57.05,924490,162,卖盘
2208,11:20:32,57.08,239637,42,中性盘
2209,11:20:35,57.09,268305,47,卖盘
2210,11:20:38,57.09,148377,26,买盘
2211,11:20:41,57.03,348075,61,卖盘
2212,11:20:45,57.07,68463,12,中性盘
2213,11:20:47,57.02,410660,72,卖盘
2214,11:20:50,57.03,125526,22,中性盘
2215,11:20:53,57.06,114099,20,中性盘
2216,11:20:56,57.07,182569,32,买盘
2217,11:20:59,57.08,348046,61,买盘
2218,11:21:03,57.07,159803,28,卖盘
2219,11:21:05,57.07,656121,115,卖盘
2220,11:21:09,57.05,251026,44,卖盘
2221,11:21:11,57.05,79872,14,卖盘
2222,11:21:14,57.07,114119,20,买盘
2223,11:21:21,57.07,159785,28,买盘
2224,11:21:23,57.05,524916,92,卖盘
2225,11:21:26,57.05,302341,53,买盘
2226,11:21:29,57.07,171192,30,买盘
2227,11:21:32,57.06,216831,38,买盘
2228,11:21:35,57.04,182587,32,卖盘
2229,11:21:38,57.05,850231,149,中性盘
2230,11:21:41,57.06,542074,95,中性盘
2231,11:21:44,57.07,319574,56,买盘
2232,11:21:48,57.09,1170020,205,买盘
2233,11:21:50,57.13,336973,59,买盘
2234,11:21:53,57.13,548395,96,买盘
2235,11:21:57,57.13,2021149,354,买盘
2236,11:21:59,57.12,896917,157,中性盘
2237,11:22:02,57.13,371161,65,买盘
2238,11:22:05,57.12,268391,47,中性盘
2239,11:22:08,57.13,185551,32,买盘
2240,11:22:12,57.12,422711,74,卖盘
2241,11:22:14,57.13,285611,50,中性盘
2242,11:22:17,57.12,296944,52,卖盘
2243,11:22:20,57.11,108456,19,中性盘
2244,11:22:23,57.11,611185,107,买盘
2245,11:22:27,57.11,342460,60,卖盘
2246,11:22:29,57.11,547861,96,买盘
2247,11:22:32,57.07,291077,51,中性盘
2248,11:22:35,57.07,747758,131,买盘
2249,11:22:39,57.11,502568,88,买盘
2250,11:22:41,57.11,85665,15,卖盘
2251,11:22:44,57.12,496844,87,买盘
2252,11:22:47,57.07,365259,64,卖盘
2253,11:22:50,57.08,68496,12,买盘
2254,11:22:53,57.08,74202,13,买盘
2255,11:22:56,57.08,439403,77,买盘
2256,11:22:59,57.06,79900,14,卖盘
2257,11:23:03,57.07,34242,6,买盘
2258,11:23:05,57.07,45656,8,买盘
2259,11:23:08,57.07,861559,151,买盘
2260,11:23:11,57.07,633305,111,买盘
2261,11:23:14,57.06,387891,68,中性盘
2262,11:23:18,57.05,205340,36,中性盘
2263,11:23:20,57.09,679122,119,买盘
2264,11:23:23,57.04,250953,44,中性盘
2265,11:23:26,57.04,153992,27,买盘
2266,11:23:29,57.04,747071,131,买盘
2267,11:23:32,57.03,422014,74,卖盘
2268,11:23:35,57.03,1791171,314,买盘
2269,11:23:38,57.04,849672,149,买盘
2270,11:23:41,57.01,399091,70,卖盘
2271,11:23:45,57.03,228093,40,买盘
2272,11:23:47,57.03,952100,167,买盘
2273,11:23:50,57.01,347845,61,卖盘
2274,11:23:53,57.02,5702,1,中性盘
2275,11:23:56,57.04,74136,13,买盘
2276,11:23:59,57.03,233759,41,卖盘
2277,11:24:02,57.02,313573,55,中性盘
2278,11:24:05,57.02,131169,23,卖盘
2279,11:24:08,57.03,262272,46,买盘
2280,11:24:12,57.01,62717,11,卖盘
2281,11:24:14,57.02,216651,38,买盘
2282,11:24:18,57.02,102626,18,买盘
2283,11:24:20,57.02,96926,17,买盘
2284,11:24:23,57.02,148228,26,买盘
2285,11:24:26,57.01,148244,26,卖盘
2286,11:24:29,57.01,2354377,413,卖盘
2287,11:24:32,57.03,262325,46,买盘
2288,11:24:35,57.03,17107,3,买盘
2289,11:24:38,57.02,119744,21,卖盘
2290,11:24:41,57.01,302205,53,卖盘
2291,11:24:44,57.03,171053,30,买盘
2292,11:24:48,57.01,718610,126,卖盘
2293,11:24:50,57.01,279362,49,卖盘
2294,11:24:53,57.0,102614,18,卖盘
2295,11:24:56,57.02,96920,17,买盘
2296,11:24:59,57.03,34218,6,买盘
2297,11:25:03,57.02,319283,56,卖盘
2298,11:25:05,57.03,45624,8,买盘
2299,11:25:08,57.02,74123,13,卖盘
2300,11:25:11,57.02,74114,13,中性盘
2301,11:25:14,57.01,570100,100,卖盘
2302,11:25:17,57.02,153950,27,买盘
2303,11:25:20,57.02,28510,5,买盘
2304,11:25:24,57.02,11404,2,买盘
2305,11:25:27,57.01,39909,7,卖盘
2306,11:25:30,57.01,28505,5,卖盘
2307,11:25:32,57.02,102626,18,买盘
2308,11:25:35,57.0,735401,129,卖盘
2309,11:25:38,57.01,148244,26,中性盘
2310,11:25:41,57.01,153927,27,卖盘
2311,11:25:45,57.0,205228,36,卖盘
2312,11:25:47,57.01,62707,11,买盘
2313,11:25:50,57.01,114016,20,买盘
2314,11:25:53,57.01,85515,15,买盘
2315,11:25:57,57.02,131127,23,买盘
2316,11:25:59,57.0,108316,19,卖盘
2317,11:26:02,57.01,1282521,225,买盘
2318,11:26:05,57.0,370528,65,卖盘
2319,11:26:08,57.01,233741,41,买盘
2320,11:26:11,57.02,650008,114,买盘
2321,11:26:14,57.06,114115,20,买盘
2322,11:26:17,57.06,102705,18,买盘
2323,11:26:20,57.05,22820,4,卖盘
2324,11:26:23,57.05,57051,10,卖盘
2325,11:26:27,57.01,604363,106,卖盘
2326,11:26:29,57.01,598628,105,卖盘
2327,11:26:32,57.01,182426,32,买盘
2328,11:26:36,57.0,632719,111,卖盘
2329,11:26:38,57.01,17103,3,买盘
2330,11:26:41,57.01,199526,35,买盘
2331,11:26:45,57.0,108305,19,卖盘
2332,11:26:47,57.01,142525,25,买盘
2333,11:26:50,57.01,735447,129,买盘
2334,11:26:53,57.02,108337,19,买盘
2335,11:26:56,57.02,43332,8,买盘
2336,11:26:59,57.02,1100485,193,买盘
2337,11:27:02,57.06,209758,37,买盘
2338,11:27:08,57.04,205291,36,中性盘
2339,11:27:12,57.06,45631,8,买盘
2340,11:27:14,57.06,165474,29,卖盘
2341,11:27:17,57.05,91278,16,中性盘
2342,11:27:20,57.05,353558,62,中性盘
2343,11:27:23,57.01,582829,102,卖盘
2344,11:27:26,57.01,171030,30,买盘
2345,11:27:29,57.01,51309,9,买盘
2346,11:27:32,57.01,181114,32,买盘
2347,11:27:38,57.0,1960877,344,卖盘
2348,11:27:41,57.0,245173,43,卖盘
2349,11:27:44,57.01,108308,19,买盘
2350,11:27:47,57.01,51309,9,买盘
2351,11:27:50,57.01,165305,29,买盘
2352,11:27:53,57.01,176705,31,买盘
2353,11:27:56,57.01,336324,59,买盘
2354,11:28:00,57.01,62708,11,买盘
2355,11:28:02,57.0,1003341,176,卖盘
2356,11:28:05,57.0,296434,52,卖盘
2357,11:28:08,57.02,2143208,376,买盘
2358,11:28:11,57.0,644176,113,卖盘
2359,11:28:14,57.01,210942,37,中性盘
2360,11:28:17,57.01,131113,23,买盘
2361,11:28:20,57.01,199519,35,买盘
2362,11:28:23,57.01,39906,7,买盘
2363,11:28:26,57.01,461781,81,买盘
2364,11:28:29,57.0,832288,146,卖盘
2365,11:28:32,57.0,1977912,347,卖盘
2366,11:28:35,57.01,410418,72,买盘
2367,11:28:38,57.01,558750,98,卖盘
2368,11:28:41,57.01,68412,12,卖盘
2369,11:28:44,57.0,1077330,189,卖盘
2370,11:28:47,57.01,296406,52,买盘
2371,11:28:50,57.02,285088,50,买盘
2372,11:28:53,57.01,85517,15,卖盘
2373,11:28:56,57.02,564425,99,买盘
2374,11:28:59,57.01,233762,41,卖盘
2375,11:29:03,57.01,330656,58,卖盘
2376,11:29:05,57.02,125430,22,中性盘
2377,11:29:08,57.02,91223,16,买盘
2378,11:29:11,57.01,111351,20,卖盘
2379,11:29:14,57.02,216638,38,中性盘
2380,11:29:17,57.02,114023,20,买盘
2381,11:29:20,57.01,176727,31,卖盘
2382,11:29:23,57.02,119718,21,买盘
2383,11:29:26,57.01,256528,45,卖盘
2384,11:29:30,57.03,416210,73,买盘
2385,11:29:32,57.0,233710,41,卖盘
2386,11:29:36,57.01,285054,50,卖盘
2387,11:29:38,57.0,1054568,185,卖盘
2388,11:29:41,57.02,34206,6,买盘
2389,11:29:44,57.02,370624,65,买盘
2390,11:29:47,57.03,216679,38,买盘
2391,11:29:50,57.02,364913,64,中性盘
2392,11:29:53,57.01,233798,41,买盘
2393,11:29:56,57.02,11404,2,中性盘
2394,11:29:59,57.01,558755,98,卖盘
2395,13:00:02,57.06,1580809,277,买盘
2396,13:00:06,57.13,3373457,591,买盘
2397,13:00:08,57.04,2465833,432,卖盘
2398,13:00:11,57.07,3040938,533,买盘
2399,13:00:14,57.08,3913405,685,买盘
2400,13:00:17,57.17,1741680,305,买盘
2401,13:00:20,57.17,1235921,216,买盘
2402,13:00:23,57.16,3778935,661,卖盘
2403,13:00:26,57.19,5209566,912,买盘
2404,13:00:29,57.19,2252641,394,买盘
2405,13:00:32,57.23,2720117,475,买盘
2406,13:00:35,57.25,887169,155,买盘
2407,13:00:38,57.25,1894880,331,买盘
2408,13:00:42,57.22,2328952,407,中性盘
2409,13:00:45,57.22,1321083,231,买盘
2410,13:00:47,57.23,1196318,209,买盘
2411,13:00:50,57.29,1334147,233,买盘
2412,13:00:53,57.29,1019099,178,买盘
2413,13:00:56,57.27,3201530,559,卖盘
2414,13:00:59,57.3,842272,147,卖盘
2415,13:01:02,57.23,2611701,456,卖盘
2416,13:01:05,57.31,1030748,180,买盘
2417,13:01:08,57.31,1581983,276,买盘
2418,13:01:11,57.31,1519272,265,卖盘
2419,13:01:15,57.33,1610739,281,卖盘
2420,13:01:18,57.35,1571103,274,买盘
2421,13:01:21,57.35,750844,131,买盘
2422,13:01:23,57.36,1113063,194,买盘
2423,13:01:26,57.37,986641,172,买盘
2424,13:01:29,57.37,688105,120,买盘
2425,13:01:32,57.35,2392416,417,卖盘
2426,13:01:35,57.4,2151499,375,买盘
2427,13:01:38,57.37,476067,83,卖盘
2428,13:01:41,57.4,1830312,319,买盘
2429,13:01:44,57.4,1218286,212,买盘
2430,13:01:47,57.33,1635325,285,卖盘
2431,13:01:50,57.37,1560476,272,中性盘
2432,13:01:54,57.4,459001,80,买盘
2433,13:01:56,57.4,1279744,223,卖盘
2434,13:01:59,57.39,659989,115,卖盘
2435,13:02:02,57.38,1193302,208,卖盘
2436,13:02:05,57.39,1032006,180,买盘
2437,13:02:08,57.36,969746,169,中性盘
2438,13:02:11,57.36,940715,164,卖盘
2439,13:02:14,57.35,556192,97,卖盘
2440,13:02:17,57.35,877307,153,买盘
2441,13:02:20,57.35,584725,102,买盘
2442,13:02:23,57.33,435678,76,买盘
2443,13:02:26,57.33,504458,88,买盘
2444,13:02:29,57.28,332214,58,卖盘
2445,13:02:32,57.29,750698,131,买盘
2446,13:02:36,57.34,665153,116,买盘
2447,13:02:38,57.35,412710,72,买盘
2448,13:02:41,57.35,876990,153,买盘
2449,13:02:44,57.34,630472,110,中性盘
2450,13:02:47,57.32,802651,140,卖盘
2451,13:02:50,57.35,745307,130,买盘
2452,13:02:53,57.3,303741,53,卖盘
2453,13:02:57,57.35,326838,57,买盘
2454,13:02:59,57.34,86012,15,卖盘
2455,13:03:02,57.35,1158601,202,买盘
2456,13:03:05,57.38,1492062,260,买盘
2457,13:03:08,57.35,1153347,201,卖盘
2458,13:03:11,57.39,1262094,220,买盘
2459,13:03:14,57.34,389937,68,卖盘
2460,13:03:18,57.23,1593620,278,卖盘
2461,13:03:21,57.33,154767,27,中性盘
2462,13:03:23,57.31,618924,108,买盘
2463,13:03:26,57.3,1392763,243,中性盘
2464,13:03:29,57.33,733628,128,中性盘
2465,13:03:32,57.32,831225,145,卖盘
2466,13:03:35,57.29,418372,73,卖盘
2467,13:03:38,57.26,504221,88,卖盘
2468,13:03:41,57.26,515541,90,中性盘
2469,13:03:44,57.28,120299,21,卖盘
2470,13:03:48,57.3,338052,59,买盘
2471,13:03:50,57.34,779579,136,买盘
2472,13:03:53,57.29,200613,35,卖盘
2473,13:03:57,57.28,406750,71,卖盘
2474,13:03:59,57.29,303634,53,买盘
2475,13:04:02,57.32,303802,53,买盘
2476,13:04:05,57.34,871683,152,买盘
2477,13:04:08,57.38,1055125,184,中性盘
2478,13:04:11,57.39,2225206,388,买盘
2479,13:04:14,57.38,1158928,202,中性盘
2480,13:04:17,57.31,808792,141,卖盘
2481,13:04:20,57.39,1141268,199,买盘
2482,13:04:24,57.32,798193,139,中性盘
2483,13:04:26,57.39,722590,126,买盘
2484,13:04:29,57.37,349647,61,买盘
2485,13:04:32,57.37,459027,80,卖盘
2486,13:04:35,57.39,350033,61,买盘
2487,13:04:38,57.35,1044024,182,卖盘
2488,13:04:41,57.38,745582,130,买盘
2489,13:04:44,57.35,561996,98,卖盘
2490,13:04:47,57.38,854771,149,买盘
2491,13:04:50,57.35,401557,70,卖盘
2492,13:04:53,57.38,332716,58,买盘
2493,13:04:56,57.35,705682,123,卖盘
2494,13:04:59,57.31,642315,112,卖盘
2495,13:05:02,57.36,722615,126,卖盘
2496,13:05:05,57.35,842652,147,买盘
2497,13:05:08,57.38,2575745,449,买盘
2498,13:05:11,57.33,1898620,331,中性盘
2499,13:05:14,57.31,676023,118,卖盘
2500,13:05:18,57.29,682357,119,中性盘
2501,13:05:21,57.36,825377,144,买盘
2502,13:05:23,57.36,1095481,191,卖盘
2503,13:05:27,57.32,1049359,183,卖盘
2504,13:05:29,57.32,561855,98,卖盘
2505,13:05:32,57.33,705307,123,卖盘
2506,13:05:36,57.3,527342,92,中性盘
2507,13:05:38,57.33,733787,128,买盘
2508,13:05:41,57.34,619334,108,买盘
2509,13:05:44,57.32,951466,166,卖盘
2510,13:05:48,57.3,3504543,611,卖盘
2511,13:05:51,57.37,1805793,315,买盘
2512,13:05:53,57.28,659061,115,卖盘
2513,13:05:56,57.35,802357,140,买盘
2514,13:05:59,57.34,378192,66,买盘
2515,13:06:02,57.31,837042,146,中性盘
2516,13:06:05,57.35,733888,128,买盘
2517,13:06:08,57.35,211987,37,买盘
2518,13:06:11,57.35,481682,84,买盘
2519,13:06:14,57.37,304020,53,买盘
2520,13:06:18,57.37,418800,73,买盘
2521,13:06:21,57.37,240949,42,买盘
2522,13:06:23,57.41,3987326,695,买盘
2523,13:06:27,57.45,3601079,627,买盘
2524,13:06:29,57.38,2135448,372,卖盘
2525,13:06:33,57.4,1188970,207,卖盘
2526,13:06:35,57.44,907127,158,买盘
2527,13:06:39,57.44,516724,90,买盘
2528,13:06:42,57.42,804206,140,中性盘
2529,13:06:44,57.42,126321,22,买盘
2530,13:06:47,57.43,1004980,175,买盘
2531,13:06:51,57.39,596887,104,卖盘
2532,13:06:54,57.39,665582,116,买盘
2533,13:06:56,57.35,453276,79,卖盘
2534,13:06:59,57.38,418650,73,买盘
2535,13:07:03,57.37,493381,86,买盘
2536,13:07:05,57.36,401629,70,卖盘
2537,13:07:08,57.39,854889,149,买盘
2538,13:07:11,57.39,659853,115,买盘
2539,13:07:15,57.39,235251,41,买盘
2540,13:07:17,57.39,665619,116,买盘
2541,13:07:20,57.38,258141,45,买盘
2542,13:07:23,57.37,654074,114,卖盘
2543,13:07:26,57.36,401591,70,卖盘
2544,13:07:29,57.39,246751,43,买盘
2545,13:07:32,57.39,355843,62,卖盘
2546,13:07:35,57.39,837907,146,卖盘
2547,13:07:38,57.39,2134634,372,买盘
2548,13:07:41,57.35,2134480,372,卖盘
2549,13:07:44,57.38,1009665,176,卖盘
2550,13:07:47,57.39,895048,156,买盘
2551,13:07:50,57.4,1474605,257,买盘
2552,13:07:53,57.35,533487,93,卖盘
2553,13:07:56,57.4,711534,124,买盘
2554,13:07:59,57.39,1026761,179,卖盘
2555,13:08:03,57.35,1118864,195,卖盘
2556,13:08:05,57.39,774591,135,买盘
2557,13:08:08,57.33,309593,54,卖盘
2558,13:08:11,57.39,476232,83,买盘
2559,13:08:15,57.37,126171,22,中性盘
2560,13:08:17,57.37,631146,110,卖盘
2561,13:08:20,57.35,349841,61,卖盘
2562,13:08:23,57.39,218077,38,买盘
2563,13:08:26,57.38,401585,70,卖盘
2564,13:08:29,57.39,493475,86,买盘
2565,13:08:32,57.4,608353,106,买盘
2566,13:08:35,57.38,671452,117,卖盘
2567,13:08:38,57.35,470456,82,卖盘
2568,13:08:42,57.35,1084253,189,卖盘
2569,13:08:45,57.35,424428,74,卖盘
2570,13:08:47,57.4,699999,122,买盘
2571,13:08:51,57.35,688511,120,卖盘
2572,13:08:53,57.4,321321,56,买盘
2573,13:08:56,57.39,602409,105,中性盘
2574,13:09:00,57.39,321304,56,买盘
2575,13:09:02,57.4,763361,133,买盘
2576,13:09:06,57.4,746215,130,卖盘
2577,13:09:08,57.37,355820,62,卖盘
2578,13:09:11,57.41,1096309,191,买盘
2579,13:09:14,57.37,401571,70,卖盘
2580,13:09:18,57.37,493525,86,中性盘
2581,13:09:20,57.4,407436,71,买盘
2582,13:09:23,57.36,252450,44,卖盘
2583,13:09:26,57.4,252447,44,买盘
2584,13:09:29,57.37,992544,173,买盘
2585,13:09:32,57.35,780216,136,卖盘
2586,13:09:35,57.35,298143,52,卖盘
2587,13:09:38,57.35,378439,66,买盘
2588,13:09:41,57.36,378481,66,买盘
2589,13:09:44,57.35,229405,40,卖盘
2590,13:09:47,57.35,189276,33,买盘
2591,13:09:50,57.35,309672,54,卖盘
2592,13:09:53,57.32,143330,25,卖盘
2593,13:09:56,57.35,309600,54,买盘
2594,13:10:00,57.32,51589,9,卖盘
2595,13:10:03,57.34,298168,52,买盘
2596,13:10:06,57.32,464408,81,卖盘
2597,13:10:08,57.3,5622028,981,卖盘
2598,13:10:11,57.3,905799,158,卖盘
2599,13:10:14,57.34,320970,56,买盘
2600,13:10:18,57.34,619355,108,卖盘
2601,13:10:21,57.35,1152654,201,买盘
2602,13:10:23,57.35,607589,106,买盘
2603,13:10:26,57.34,756823,132,买盘
2604,13:10:29,57.34,114684,20,卖盘
2605,13:10:32,57.34,498872,87,卖盘
2606,13:10:35,57.3,510242,89,卖盘
2607,13:10:38,57.3,292327,51,卖盘
2608,13:10:42,57.34,361170,63,买盘
2609,13:10:45,57.34,166206,29,买盘
2610,13:10:47,57.31,252276,44,卖盘
2611,13:10:50,57.35,246495,43,买盘
2612,13:10:53,57.32,85973,15,中性盘
2613,13:10:56,57.34,355333,62,买盘
2614,13:10:59,57.31,223525,39,卖盘
2615,13:11:02,57.31,269442,47,卖盘
2616,13:11:05,57.34,275160,48,买盘
2617,13:11:08,57.3,114617,20,卖盘
2618,13:11:11,57.32,143327,25,中性盘
2619,13:11:15,57.3,326662,57,卖盘
2620,13:11:18,57.3,286562,50,卖盘
2621,13:11:20,57.3,223476,39,卖盘
2622,13:11:23,57.31,2303482,402,买盘
2623,13:11:26,57.27,1197583,209,卖盘
2624,13:11:29,57.31,441013,77,买盘
2625,13:11:32,57.27,1123396,196,卖盘
2626,13:11:35,57.32,658810,115,买盘
2627,13:11:38,57.31,206120,36,中性盘
2628,13:11:42,57.3,464133,81,中性盘
2629,13:11:44,57.31,240639,42,买盘
2630,13:11:47,57.3,355317,62,卖盘
2631,13:11:50,57.3,108854,19,买盘
2632,13:11:53,57.3,160419,28,买盘
2633,13:11:56,57.32,194819,34,买盘
2634,13:11:59,57.3,166118,29,卖盘
2635,13:12:02,57.28,326599,57,买盘
2636,13:12:05,57.29,189029,33,买盘
2637,13:12:08,57.3,469763,82,买盘
2638,13:12:11,57.31,538659,94,买盘
2639,13:12:14,57.3,226558,40,卖盘
2640,13:12:18,57.31,343851,60,买盘
2641,13:12:20,57.31,103156,18,买盘
2642,13:12:23,57.3,269334,47,卖盘
2643,13:12:26,57.31,435530,76,买盘
2644,13:12:29,57.31,945490,165,买盘
2645,13:12:32,57.33,1536208,268,买盘
2646,13:12:35,57.34,246500,43,买盘
2647,13:12:39,57.34,670907,117,买盘
2648,13:12:41,57.32,430009,75,卖盘
2649,13:12:44,57.32,108927,19,中性盘
2650,13:12:48,57.32,1255502,219,卖盘
2651,13:12:50,57.33,647815,113,买盘
2652,13:12:54,57.33,212120,37,买盘
2653,13:12:56,57.34,1616790,282,买盘
2654,13:12:59,57.34,997688,174,买盘
2655,13:13:02,57.35,579136,101,买盘
2656,13:13:05,57.38,3986029,695,买盘
2657,13:13:09,57.4,648512,113,买盘
2658,13:13:11,57.39,1762181,307,卖盘
2659,13:13:15,57.38,327242,57,卖盘
2660,13:13:17,57.39,763441,133,中性盘
2661,13:13:20,57.39,470533,82,买盘
2662,13:13:23,57.39,1314421,229,卖盘
2663,13:13:26,57.4,1600907,279,买盘
2664,13:13:29,57.39,246732,43,买盘
2665,13:13:32,57.36,1066845,186,买盘
2666,13:13:35,57.37,57365,10,买盘
2667,13:13:38,57.4,430352,75,买盘
2668,13:13:41,57.4,223841,39,买盘
2669,13:13:44,57.4,120530,21,买盘
2670,13:13:47,57.4,935614,163,买盘
2671,13:13:51,57.42,711799,124,买盘
2672,13:13:53,57.42,229673,40,买盘
2673,13:13:56,57.43,459415,80,买盘
2674,13:13:59,57.43,625985,109,买盘
2675,13:14:02,57.44,2722839,474,买盘
2676,13:14:06,57.46,1281357,223,买盘
2677,13:14:08,57.46,815922,142,买盘
2678,13:14:11,57.47,758567,132,买盘
2679,13:14:14,57.49,2351150,409,买盘
2680,13:14:17,57.52,6441245,1120,买盘
2681,13:14:20,57.55,1576273,274,买盘
2682,13:14:23,57.55,759732,132,买盘
2683,13:14:27,57.55,1715292,298,卖盘
2684,13:14:29,57.55,1749643,304,买盘
2685,13:14:32,57.55,2319511,403,卖盘
2686,13:14:35,57.59,2791639,485,买盘
2687,13:14:38,57.55,633077,110,买盘
2688,13:14:42,57.55,1393019,242,买盘
2689,13:14:45,57.55,1461704,254,买盘
2690,13:14:47,57.55,1179989,205,买盘
2691,13:14:50,57.55,713461,124,买盘
2692,13:14:53,57.55,1559634,271,买盘
2693,13:14:56,57.55,1070699,186,买盘
2694,13:14:59,57.57,402944,70,买盘
2695,13:15:02,57.59,3011382,523,买盘
2696,13:15:05,57.59,863758,150,买盘
2697,13:15:08,57.55,760152,132,卖盘
2698,13:15:12,57.58,2482064,431,买盘
2699,13:15:14,57.58,604625,105,卖盘
2700,13:15:17,57.58,2131139,370,卖盘
2701,13:15:21,57.6,973373,169,买盘
2702,13:15:23,57.6,1180663,205,买盘
2703,13:15:26,57.59,852454,148,卖盘
2704,13:15:30,57.6,616267,107,买盘
2705,13:15:32,57.58,1221045,212,卖盘
2706,13:15:35,57.59,1128665,196,买盘
2707,13:15:39,57.6,2408528,418,买盘
2708,13:15:41,57.57,2009169,349,卖盘
2709,13:15:45,57.54,1082328,188,卖盘
2710,13:15:47,57.54,921335,160,买盘
2711,13:15:50,57.53,1104421,192,卖盘
2712,13:15:53,57.51,563873,98,卖盘
2713,13:15:56,57.51,862861,150,卖盘
2714,13:16:00,57.49,448639,78,卖盘
2715,13:16:03,57.54,972363,169,买盘
2716,13:16:06,57.57,465968,81,买盘
2717,13:16:08,57.51,23014,4,中性盘
2718,13:16:12,57.57,201474,35,买盘
2719,13:16:14,57.57,299348,52,卖盘
2720,13:16:17,57.57,207219,36,买盘
2721,13:16:20,57.51,759298,132,卖盘
2722,13:16:23,57.5,1178812,205,卖盘
2723,13:16:26,57.5,1149864,200,中性盘
2724,13:16:29,57.49,632390,110,卖盘
2725,13:16:32,57.5,515257,90,买盘
2726,13:16:35,57.5,1052134,183,买盘
2727,13:16:38,57.48,488698,85,卖盘
2728,13:16:41,57.46,1546326,269,卖盘
2729,13:16:44,57.48,281618,49,买盘
2730,13:16:47,57.5,839326,146,买盘
2731,13:16:50,57.5,793300,138,买盘
2732,13:16:53,57.48,925237,161,卖盘
2733,13:16:56,57.46,638004,111,卖盘
2734,13:16:59,57.48,454077,79,买盘
2735,13:17:03,57.46,569001,99,卖盘
2736,13:17:06,57.44,2036325,354,卖盘
2737,13:17:08,57.43,1246509,217,卖盘
2738,13:17:11,57.45,1424484,248,买盘
2739,13:17:14,57.43,126352,22,卖盘
2740,13:17:17,57.45,1648737,287,买盘
2741,13:17:20,57.44,712016,124,卖盘
2742,13:17:23,57.45,677842,118,买盘
2743,13:17:26,57.45,551502,96,买盘
2744,13:17:30,57.43,109151,19,中性盘
2745,13:17:32,57.4,292904,51,卖盘
2746,13:17:35,57.42,91885,16,中性盘
2747,13:17:38,57.45,419353,73,买盘
2748,13:17:41,57.45,304482,53,买盘
2749,13:17:44,57.45,224047,39,买盘
2750,13:17:47,57.45,195330,34,买盘
2751,13:17:50,57.45,298662,52,买盘
2752,13:17:53,57.42,384788,67,卖盘
2753,13:17:56,57.44,407862,71,买盘
2754,13:17:59,57.43,292904,51,卖盘
2755,13:18:03,57.45,620309,108,买盘
2756,13:18:05,57.43,419241,73,卖盘
2757,13:18:08,57.47,3602090,627,买盘
2758,13:18:11,57.49,609267,106,买盘
2759,13:18:14,57.49,120700,21,买盘
2760,13:18:17,57.46,925580,161,卖盘
2761,13:18:20,57.46,109172,19,买盘
2762,13:18:23,57.45,678002,118,卖盘
2763,13:18:26,57.46,407956,71,买盘
2764,13:18:29,57.46,241322,42,买盘
2765,13:18:32,57.47,189659,33,买盘
2766,13:18:35,57.48,63226,11,买盘
2767,13:18:39,57.48,74724,13,买盘
2768,13:18:41,57.55,822306,143,买盘
2769,13:18:44,57.53,316401,55,中性盘
2770,13:18:48,57.52,120778,21,买盘
2771,13:18:51,57.5,276017,48,卖盘
2772,13:18:53,57.52,373892,65,买盘
2773,13:18:56,57.49,488628,85,卖盘
2774,13:18:59,57.49,1247427,217,买盘
2775,13:19:03,57.49,293198,51,买盘
2776,13:19:05,57.49,160968,28,买盘
2777,13:19:08,57.5,172474,30,买盘
2778,13:19:12,57.48,580499,101,卖盘
2779,13:19:14,57.49,695421,121,买盘
2780,13:19:17,57.49,419609,73,卖盘
2781,13:19:21,57.49,206950,36,买盘
2782,13:19:23,57.48,155142,27,中性盘
2783,13:19:26,57.44,499715,87,卖盘
2784,13:19:29,57.46,574307,100,买盘
2785,13:19:33,57.41,740914,129,卖盘
2786,13:19:35,57.41,74634,13,卖盘
2787,13:19:38,57.45,459425,80,买盘
2788,13:19:41,57.44,597614,104,中性盘
2789,13:19:44,57.42,338948,59,卖盘
2790,13:19:47,57.44,206761,36,买盘
2791,13:19:50,57.45,212523,37,买盘
2792,13:19:53,57.45,338802,59,买盘
2793,13:19:56,57.42,126345,22,卖盘
2794,13:19:59,57.42,482411,84,卖盘
2795,13:20:02,57.41,614285,107,卖盘
2796,13:20:05,57.41,51670,9,买盘
2797,13:20:09,57.4,1297179,226,卖盘
2798,13:20:11,57.4,470617,82,买盘
2799,13:20:15,57.4,321394,56,中性盘
2800,13:20:18,57.4,206609,36,买盘
2801,13:20:20,57.36,229487,40,卖盘
2802,13:20:23,57.39,166404,29,买盘
2803,13:20:26,57.39,63126,11,买盘
2804,13:20:30,57.37,22950,4,卖盘
2805,13:20:32,57.38,722730,126,买盘
2806,13:20:36,57.36,97512,17,买盘
2807,13:20:38,57.35,131912,23,卖盘
2808,13:20:41,57.35,642393,112,卖盘
2809,13:20:44,57.36,149121,26,中性盘
2810,13:20:47,57.36,453087,79,卖盘
2811,13:20:50,57.35,154866,27,卖盘
2812,13:20:53,57.37,143395,25,买盘
2813,13:20:56,57.36,68831,12,卖盘
2814,13:20:59,57.36,367120,64,中性盘
2815,13:21:03,57.37,149124,26,中性盘
2816,13:21:06,57.37,91794,16,卖盘
2817,13:21:08,57.38,160663,28,买盘
2818,13:21:11,57.39,459074,80,买盘
2819,13:21:14,57.38,246770,43,卖盘
2820,13:21:17,57.4,229534,40,买盘
2821,13:21:20,57.38,327166,57,卖盘
2822,13:21:23,57.37,441938,77,卖盘
2823,13:21:27,57.4,229571,40,卖盘
2824,13:21:30,57.4,86088,15,买盘
2825,13:21:32,57.41,304250,53,买盘
2826,13:21:35,57.4,137776,24,卖盘
2827,13:21:38,57.48,3437229,598,买盘
2828,13:21:41,57.41,459370,80,卖盘
2829,13:21:44,57.45,1188468,207,买盘
2830,13:21:47,57.45,97662,17,买盘
2831,13:21:50,57.45,195180,34,买盘
2832,13:21:53,57.41,442121,77,卖盘
2833,13:21:57,57.41,5943626,1034,卖盘
2834,13:22:00,57.37,1533633,267,卖盘
2835,13:22:02,57.39,769908,134,卖盘
2836,13:22:06,57.41,511105,89,卖盘
2837,13:22:08,57.41,384808,67,卖盘
2838,13:22:11,57.38,482137,84,卖盘
2839,13:22:14,57.41,304153,53,中性盘
2840,13:22:17,57.41,304246,53,卖盘
2841,13:22:20,57.36,568094,99,卖盘
2842,13:22:24,57.36,803083,140,卖盘
2843,13:22:27,57.38,91809,16,卖盘
2844,13:22:29,57.38,137712,24,买盘
2845,13:22:33,57.39,120494,21,买盘
2846,13:22:35,57.37,189355,33,卖盘
2847,13:22:38,57.39,263977,46,买盘
2848,13:22:41,57.39,97563,17,买盘
2849,13:22:44,57.38,499222,87,卖盘
2850,13:22:47,57.39,218079,38,买盘
2851,13:22:50,57.39,275463,48,买盘
2852,13:22:53,57.39,5739,1,买盘
2853,13:22:56,57.39,166408,29,买盘
2854,13:23:00,57.37,367200,64,卖盘
2855,13:23:02,57.37,275396,48,卖盘
2856,13:23:05,57.37,722765,126,买盘
2857,13:23:08,57.36,441666,77,卖盘
2858,13:23:11,57.36,900272,157,买盘
2859,13:23:14,57.36,172067,30,买盘
2860,13:23:17,57.35,160556,28,中性盘
2861,13:23:20,57.35,389842,68,买盘
2862,13:23:23,57.37,1715103,299,买盘
2863,13:23:27,57.36,326973,57,中性盘
2864,13:23:29,57.34,108976,19,卖盘
2865,13:23:33,57.38,126208,22,买盘
2866,13:23:35,57.35,430146,75,中性盘
2867,13:23:38,57.35,418722,73,卖盘
2868,13:23:41,57.35,80290,14,中性盘
2869,13:23:44,57.34,263788,46,卖盘
2870,13:23:47,57.36,137645,24,中性盘
2871,13:23:50,57.35,108969,19,卖盘
2872,13:23:53,57.37,183569,32,买盘
2873,13:23:57,57.38,476132,83,买盘
2874,13:23:59,57.38,200826,35,买盘
2875,13:24:02,57.4,1201752,209,买盘
2876,13:24:05,57.42,241109,42,买盘
2877,13:24:08,57.42,310114,54,卖盘
2878,13:24:11,57.42,516999,90,卖盘
2879,13:24:14,57.43,281489,49,中性盘
2880,13:24:17,57.42,34452,6,中性盘
2881,13:24:20,57.43,229737,40,买盘
2882,13:24:24,57.48,7230832,1258,买盘
2883,13:24:27,57.46,4483453,780,卖盘
2884,13:24:29,57.46,494348,86,买盘
2885,13:24:33,57.48,206916,36,买盘
2886,13:24:35,57.47,91952,16,买盘
2887,13:24:38,57.47,436871,76,买盘
2888,13:24:41,57.48,120705,21,买盘
2889,13:24:44,57.48,344898,60,买盘
2890,13:24:47,57.46,1103411,192,卖盘
2891,13:24:50,57.48,172412,30,买盘
2892,13:24:53,57.48,856354,149,买盘
2893,13:24:57,57.48,327622,57,中性盘
2894,13:25:00,57.48,471335,82,买盘
2895,13:25:02,57.49,425414,74,买盘
2896,13:25:05,57.45,327634,57,中性盘
2897,13:25:08,57.48,316118,55,买盘
2898,13:25:11,57.49,471390,82,买盘
2899,13:25:15,57.49,609449,106,买盘
2900,13:25:17,57.5,436931,76,买盘
2901,13:25:20,57.5,207011,36,买盘
2902,13:25:23,57.5,103510,18,卖盘
2903,13:25:27,57.5,586466,102,买盘
2904,13:25:29,57.51,258745,45,买盘
2905,13:25:32,57.51,86261,15,买盘
2906,13:25:35,57.53,1420738,247,买盘
2907,13:25:38,57.54,207134,36,买盘
2908,13:25:41,57.55,109343,19,买盘
2909,13:25:44,57.54,604260,105,卖盘
2910,13:25:47,57.55,489199,85,买盘
2911,13:25:50,57.54,1525013,265,卖盘
2912,13:25:53,57.55,638716,111,买盘
2913,13:25:57,57.54,189885,33,买盘
2914,13:25:59,57.55,339522,59,买盘
2915,13:26:03,57.55,1680422,292,买盘
2916,13:26:05,57.55,696415,121,买盘
2917,13:26:08,57.55,621652,108,卖盘
2918,13:26:11,57.57,874884,152,买盘
2919,13:26:14,57.57,834569,145,买盘
2920,13:26:17,57.56,466300,81,卖盘
2921,13:26:20,57.57,293584,51,卖盘
2922,13:26:23,57.58,621811,108,买盘
2923,13:26:27,57.58,1284005,223,买盘
2924,13:26:29,57.58,276388,48,买盘
2925,13:26:32,57.58,138197,24,卖盘
2926,13:26:35,57.58,316726,55,卖盘
2927,13:26:38,57.58,224572,39,卖盘
2928,13:26:41,57.58,518294,90,卖盘
2929,13:26:45,57.59,408853,71,买盘
2930,13:26:47,57.59,1900173,330,买盘
2931,13:26:50,57.58,961576,167,卖盘
2932,13:26:54,57.58,564234,98,买盘
2933,13:26:57,57.57,213041,37,中性盘
2934,13:26:59,57.58,213024,37,买盘
2935,13:27:02,57.57,259065,45,卖盘
2936,13:27:05,57.57,685104,119,买盘
2937,13:27:08,57.57,287851,50,中性盘
2938,13:27:11,57.56,322398,56,卖盘
2939,13:27:14,57.56,212985,37,卖盘
2940,13:27:17,57.56,230240,40,卖盘
2941,13:27:20,57.56,305069,53,买盘
2942,13:27:24,57.55,287792,50,卖盘
2943,13:27:27,57.56,385621,67,买盘
2944,13:27:30,57.56,103595,18,买盘
2945,13:27:32,57.56,1341141,233,买盘
2946,13:27:35,57.56,823165,143,买盘
2947,13:27:38,57.57,1525574,265,买盘
2948,13:27:42,57.6,2602746,452,买盘
2949,13:27:44,57.6,898549,156,买盘
2950,13:27:47,57.6,460787,80,买盘
2951,13:27:50,57.6,524154,91,买盘
2952,13:27:53,57.6,432000,75,买盘
2953,13:27:57,57.6,1959465,340,买盘
2954,13:27:59,57.59,754557,131,卖盘
2955,13:28:02,57.6,1330555,231,买盘
2956,13:28:06,57.65,4332318,752,买盘
2957,13:28:09,57.65,363052,63,买盘
2958,13:28:11,57.64,939601,163,中性盘
2959,13:28:14,57.63,178694,31,卖盘
2960,13:28:17,57.65,518719,90,买盘
2961,13:28:20,57.65,956834,166,买盘
2962,13:28:23,57.65,2386214,414,买盘
2963,13:28:27,57.65,293988,51,买盘
2964,13:28:30,57.63,1199017,208,卖盘
2965,13:28:33,57.62,432294,75,卖盘
2966,13:28:36,57.64,293952,51,买盘
2967,13:28:38,57.63,651206,113,卖盘
2968,13:28:41,57.61,893303,155,卖盘
2969,13:28:44,57.63,328497,57,买盘
2970,13:28:47,57.62,230512,40,卖盘
2971,13:28:50,57.63,334230,58,买盘
2972,13:28:54,57.62,299650,52,买盘
2973,13:28:57,57.63,207456,36,买盘
2974,13:28:59,57.62,51857,9,中性盘
2975,13:29:02,57.62,484005,84,买盘
2976,13:29:05,57.62,63379,11,买盘
2977,13:29:08,57.63,602680,105,买盘
2978,13:29:11,57.62,334239,58,卖盘
2979,13:29:14,57.62,1158318,201,卖盘
2980,13:29:17,57.63,224756,39,买盘
2981,13:29:20,57.64,2829855,491,买盘
2982,13:29:23,57.64,2030369,352,买盘
2983,13:29:27,57.65,2617194,454,买盘
2984,13:29:29,57.64,847353,147,中性盘
2985,13:29:32,57.64,1060535,184,买盘
2986,13:29:35,57.65,634108,110,买盘
2987,13:29:38,57.69,7489748,1299,买盘
2988,13:29:41,57.68,3905840,677,卖盘
2989,13:29:44,57.7,496213,86,买盘
2990,13:29:47,57.7,3882922,673,买盘
2991,13:29:50,57.7,1194219,207,买盘
2992,13:29:53,57.7,611533,106,买盘
2993,13:29:57,57.68,513503,89,卖盘
2994,13:30:00,57.7,5047593,875,买盘
2995,13:30:03,57.7,929070,161,卖盘
2996,13:30:05,57.71,992609,172,买盘
2997,13:30:08,57.72,427095,74,买盘
2998,13:30:11,57.72,536757,93,买盘
2999,13:30:14,57.73,838060,145,买盘
3000,13:30:17,57.72,473287,82,卖盘
3001,13:30:20,57.7,2393578,415,卖盘
3002,13:30:23,57.7,1079823,187,买盘
3003,13:30:27,57.7,276928,48,买盘
3004,13:30:29,57.69,351942,61,中性盘
3005,13:30:32,57.69,207683,36,买盘
3006,13:30:36,57.69,328822,57,买盘
3007,13:30:39,57.69,311530,54,卖盘
3008,13:30:41,57.69,1223069,212,买盘
3009,13:30:44,57.68,755657,131,卖盘
3010,13:30:47,57.67,1003607,174,卖盘
3011,13:30:50,57.67,426710,74,卖盘
3012,13:30:54,57.66,155664,27,买盘
3013,13:30:57,57.65,507251,88,卖盘
3014,13:30:59,57.65,276752,48,中性盘
3015,13:31:02,57.65,426586,74,买盘
3016,13:31:05,57.65,472724,82,买盘
3017,13:31:08,57.66,547738,95,买盘
3018,13:31:12,57.67,853487,148,买盘
3019,13:31:14,57.74,5943516,1030,买盘
3020,13:31:17,57.74,964158,167,买盘
3021,13:31:20,57.74,381077,66,买盘
3022,13:31:23,57.74,126993,22,买盘
3023,13:31:27,57.75,698627,121,买盘
3024,13:31:29,57.74,1322415,229,卖盘
3025,13:31:33,57.76,10354281,1792,买盘
3026,13:31:35,57.76,2473087,428,卖盘
3027,13:31:38,57.79,547763,95,买盘
3028,13:31:41,57.81,5820464,1007,买盘
3029,13:31:44,57.82,925059,160,买盘
3030,13:31:47,57.81,2810026,486,卖盘
3031,13:31:51,57.84,485795,84,买盘
3032,13:31:53,57.85,1914605,331,买盘
3033,13:31:56,57.86,948720,164,买盘
3034,13:31:59,57.86,804227,139,买盘
3035,13:32:02,57.84,4304305,744,卖盘
