,成交时间,成交价格,成交金额,成交量,性质
0,09:25:03,2.52,189756,753,卖盘
1,09:30:00,2.53,56925,225,买盘
2,09:30:03,2.53,253,1,买盘
3,09:30:06,2.53,36720,145,买盘
4,09:30:09,2.53,7590,30,卖盘
5,09:30:12,2.53,6831,27,买盘
6,09:30:15,2.54,83022,328,买盘
7,09:30:18,2.53,11891,47,卖盘
8,09:30:21,2.53,26564,105,买盘
9,09:30:24,2.53,6329,25,买盘
10,09:30:27,2.53,9108,36,卖盘
11,09:30:30,2.53,44480,176,卖盘
12,09:30:33,2.53,61831,244,买盘
13,09:30:36,2.53,213672,846,卖盘
14,09:30:39,2.53,138897,549,买盘
15,09:30:42,2.53,40480,160,卖盘
16,09:30:45,2.53,29095,115,卖盘
17,09:30:48,2.53,506,2,卖盘
18,09:30:54,2.54,762,3,买盘
19,09:31:00,2.53,253,1,卖盘
20,09:31:03,2.54,505714,1991,买盘
21,09:31:06,2.53,253,1,卖盘
22,09:31:09,2.55,8160,32,买盘
23,09:31:12,2.55,8925,35,买盘
24,09:31:15,2.55,1530,6,买盘
25,09:31:18,2.54,21590,85,卖盘
26,09:31:33,2.54,58928,232,卖盘
27,09:31:45,2.54,28956,114,卖盘
28,09:31:48,2.54,41402,163,卖盘
29,09:31:54,2.54,15240,60,卖盘
30,09:32:00,2.54,37084,146,卖盘
31,09:32:03,2.55,3315,13,买盘
32,09:32:06,2.54,47023,185,卖盘
33,09:32:12,2.54,113284,446,卖盘
34,09:32:15,2.54,7366,29,卖盘
35,09:32:21,2.54,25146,99,卖盘
36,09:32:24,2.54,47500,187,卖盘
37,09:32:33,2.54,8159,32,卖盘
38,09:32:36,2.54,254,1,卖盘
39,09:32:39,2.54,28448,112,卖盘
40,09:32:45,2.54,163068,642,卖盘
41,09:32:48,2.54,578358,2277,买盘
42,09:32:51,2.54,41149,162,中性盘
43,09:32:54,2.54,5080,20,买盘
44,09:32:57,2.53,1771,7,卖盘
45,09:33:00,2.54,1016,4,买盘
46,09:33:03,2.54,9144,36,买盘
47,09:33:15,2.54,254,1,买盘
48,09:33:24,2.54,508,2,买盘
49,09:33:54,2.54,762,3,买盘
50,09:34:00,2.54,18288,72,买盘
51,09:34:03,2.53,759,3,卖盘
52,09:34:06,2.53,2530,10,卖盘
53,09:34:12,2.53,12650,50,卖盘
54,09:34:15,2.54,66294,261,买盘
55,09:34:18,2.53,18759,74,卖盘
56,09:34:21,2.54,254,1,买盘
57,09:34:24,2.54,2279,9,买盘
58,09:34:33,2.53,3289,13,卖盘
59,09:34:39,2.53,7337,29,卖盘
60,09:34:42,2.54,1016,4,买盘
61,09:34:45,2.53,8096,32,卖盘
62,09:34:51,2.53,1265,5,卖盘
63,09:35:00,2.53,3036,12,卖盘
64,09:35:09,2.54,5831,23,买盘
65,09:35:12,2.54,3048,12,买盘
66,09:35:15,2.54,404368,1592,买盘
67,09:35:18,2.55,4067,16,买盘
68,09:35:21,2.54,67564,266,卖盘
69,09:35:24,2.55,510,2,买盘
70,09:35:27,2.55,74715,293,买盘
71,09:35:36,2.55,10710,42,买盘
72,09:35:39,2.55,3570,14,买盘
73,09:35:45,2.55,20400,80,买盘
74,09:35:54,2.55,6623,26,买盘
75,09:35:57,2.55,3570,14,买盘
76,09:36:03,2.54,25654,101,卖盘
77,09:36:06,2.55,3570,14,买盘
78,09:36:09,2.55,1275,5,买盘
79,09:36:12,2.55,36210,142,买盘
80,09:36:15,2.55,294525,1155,买盘
81,09:36:18,2.55,27540,108,买盘
82,09:36:21,2.55,1530,6,买盘
83,09:36:24,2.55,7895,31,买盘
84,09:36:30,2.55,3570,14,买盘
85,09:36:36,2.54,12700,50,卖盘
86,09:36:39,2.55,1275,5,买盘
87,09:36:54,2.55,83895,329,买盘
88,09:37:09,2.55,6885,27,买盘
89,09:37:15,2.54,254,1,卖盘
90,09:37:24,2.55,3055,12,买盘
91,09:37:36,2.54,1270,5,卖盘
92,09:37:39,2.54,26675,105,卖盘
93,09:37:42,2.55,25215,99,买盘
94,09:37:45,2.54,7874,31,卖盘
95,09:37:51,2.53,671063,2642,卖盘
96,09:37:54,2.54,5326,21,买盘
97,09:38:00,2.54,2540,10,买盘
98,09:38:06,2.53,11891,47,卖盘
99,09:38:12,2.54,5588,22,买盘
100,09:38:21,2.53,253,1,卖盘
101,09:38:24,2.54,1778,7,买盘
102,09:38:27,2.53,1518,6,卖盘
103,09:38:30,2.53,1012,4,卖盘
104,09:38:36,2.53,19228,76,卖盘
105,09:38:39,2.54,1270,5,买盘
106,09:38:42,2.53,253,1,卖盘
107,09:38:45,2.53,19987,79,卖盘
108,09:38:48,2.53,60214,238,卖盘
109,09:38:51,2.53,10373,41,卖盘
110,09:38:54,2.53,18474,73,卖盘
111,09:38:57,2.53,25553,101,卖盘
112,09:39:00,2.53,215050,850,卖盘
113,09:39:03,2.53,14421,57,卖盘
114,09:39:06,2.53,42504,168,卖盘
115,09:39:09,2.53,16197,64,卖盘
116,09:39:12,2.53,7084,28,卖盘
117,09:39:15,2.53,253,1,卖盘
118,09:39:18,2.53,9867,39,卖盘
119,09:39:21,2.53,11132,44,卖盘
120,09:39:24,2.54,1778,7,买盘
121,09:39:30,2.53,4301,17,卖盘
122,09:39:33,2.53,506,2,卖盘
123,09:39:36,2.53,1518,6,卖盘
124,09:39:39,2.53,506,2,卖盘
125,09:39:45,2.54,151638,597,买盘
126,09:39:48,2.53,73886,292,卖盘
127,09:39:51,2.53,5566,22,卖盘
128,09:39:54,2.53,5060,20,卖盘
129,09:40:03,2.54,508,2,买盘
130,09:40:24,2.53,506,2,卖盘
131,09:40:36,2.53,127765,505,卖盘
132,09:40:39,2.53,1012,4,卖盘
133,09:40:42,2.53,7337,29,卖盘
134,09:40:51,2.53,297275,1175,卖盘
135,09:40:54,2.53,16445,65,卖盘
136,09:40:57,2.53,759,3,卖盘
137,09:41:00,2.53,51865,205,卖盘
138,09:41:03,2.53,52624,208,卖盘
139,09:41:06,2.53,16192,64,买盘
140,09:41:09,2.53,4807,19,买盘
141,09:41:12,2.52,252,1,卖盘
142,09:41:18,2.52,1260,5,卖盘
143,09:41:21,2.52,680652,2701,卖盘
144,09:41:30,2.52,10584,42,卖盘
145,09:41:39,2.52,7308,29,卖盘
146,09:41:51,2.52,2520,10,卖盘
147,09:42:00,2.52,50652,201,卖盘
148,09:42:12,2.53,1771,7,买盘
149,09:42:15,2.53,2773,11,买盘
150,09:42:18,2.52,7560,30,卖盘
151,09:42:21,2.53,12144,48,买盘
152,09:42:24,2.52,9324,37,卖盘
153,09:42:51,2.52,19152,76,卖盘
154,09:42:57,2.53,253,1,买盘
155,09:43:03,2.53,73613,291,买盘
156,09:43:06,2.53,1012,4,买盘
157,09:43:24,2.52,504,2,卖盘
158,09:43:36,2.53,4807,19,买盘
159,09:43:45,2.53,759,3,买盘
160,09:43:51,2.52,2520,10,卖盘
161,09:43:54,2.53,53889,213,买盘
162,09:43:57,2.53,506,2,买盘
163,09:44:03,2.52,1008,4,卖盘
164,09:44:18,2.53,28842,114,买盘
165,09:44:21,2.53,6831,27,买盘
166,09:44:27,2.52,2016,8,卖盘
167,09:44:30,2.53,1012,4,买盘
168,09:44:33,2.53,3542,14,买盘
169,09:44:36,2.53,506,2,买盘
170,09:44:39,2.53,5303,21,买盘
171,09:44:42,2.53,253,1,买盘
172,09:44:51,2.52,9106,36,卖盘
173,09:44:54,2.52,8064,32,卖盘
174,09:45:00,2.53,25300,100,买盘
175,09:45:03,2.52,7560,30,卖盘
176,09:45:06,2.52,2520,10,卖盘
177,09:45:18,2.52,3024,12,卖盘
178,09:45:27,2.52,14112,56,卖盘
179,09:45:39,2.52,40320,160,卖盘
180,09:45:45,2.52,3279,13,卖盘
181,09:45:54,2.53,69322,274,买盘
182,09:46:18,2.52,2772,11,卖盘
183,09:46:33,2.52,112140,445,卖盘
184,09:46:51,2.53,28225,112,买盘
185,09:46:54,2.52,504,2,卖盘
186,09:46:57,2.52,252,1,卖盘
187,09:47:03,2.52,252,1,卖盘
188,09:47:12,2.52,4788,19,卖盘
189,09:47:15,2.52,504,2,卖盘
190,09:47:21,2.53,53942,214,买盘
191,09:47:27,2.52,50400,200,卖盘
192,09:47:42,2.53,13915,55,买盘
193,09:47:45,2.53,5060,20,买盘
194,09:47:54,2.53,1056524,4176,买盘
195,09:47:57,2.53,439461,1737,买盘
196,09:48:00,2.54,6096,24,买盘
197,09:48:06,2.53,253,1,卖盘
198,09:48:09,2.53,253,1,卖盘
199,09:48:27,2.53,78683,311,卖盘
200,09:48:33,2.53,307901,1217,卖盘
201,09:48:36,2.53,85514,338,卖盘
202,09:48:39,2.53,53129,210,买盘
203,09:48:42,2.53,17710,70,买盘
204,09:48:45,2.53,5060,20,买盘
205,09:48:48,2.53,4554,18,买盘
206,09:49:00,2.52,3780,15,卖盘
207,09:49:03,2.53,86526,342,买盘
208,09:49:06,2.53,2783,11,卖盘
209,09:49:09,2.53,3795,15,卖盘
210,09:49:12,2.53,25300,100,卖盘
211,09:49:15,2.53,1265,5,卖盘
212,09:49:21,2.53,27830,110,卖盘
213,09:49:24,2.53,1012,4,卖盘
214,09:49:30,2.53,25300,100,卖盘
215,09:49:33,2.53,141687,560,卖盘
216,09:49:36,2.53,1012,4,卖盘
217,09:49:39,2.53,5566,22,卖盘
218,09:49:42,2.53,5819,23,卖盘
219,09:49:45,2.54,762,3,买盘
220,09:49:51,2.53,253,1,卖盘
221,09:49:54,2.53,2277,9,卖盘
222,09:50:03,2.53,253,1,卖盘
223,09:50:27,2.54,2794,11,买盘
224,09:50:30,2.53,39974,158,卖盘
225,09:50:39,2.54,7620,30,买盘
226,09:50:48,2.53,439396,1737,卖盘
227,09:50:51,2.52,28308,112,卖盘
228,09:50:54,2.53,15930,63,买盘
229,09:51:00,2.53,50600,200,买盘
230,09:51:12,2.52,252,1,卖盘
231,09:51:27,2.52,504,2,卖盘
232,09:51:42,2.52,2520,10,卖盘
233,09:52:18,2.52,51660,205,卖盘
234,09:52:30,2.52,200340,795,卖盘
235,09:52:36,2.52,20664,82,卖盘
236,09:52:39,2.52,19404,77,卖盘
237,09:52:48,2.52,12600,50,卖盘
238,09:53:09,2.52,25704,102,卖盘
239,09:53:18,2.52,252,1,卖盘
240,09:53:24,2.52,2520,10,卖盘
241,09:53:57,2.52,9829,39,卖盘
242,09:54:00,2.52,4789,19,卖盘
243,09:54:03,2.52,252,1,卖盘
244,09:54:06,2.52,15876,63,卖盘
245,09:54:15,2.52,166330,660,卖盘
246,09:54:18,2.52,1260,5,卖盘
247,09:54:21,2.52,73634,292,卖盘
248,09:54:27,2.52,1153656,4578,卖盘
249,09:54:30,2.52,10836,43,买盘
250,09:54:57,2.52,7560,30,买盘
251,09:55:00,2.51,1255,5,卖盘
252,09:55:09,2.52,7560,30,买盘
253,09:55:12,2.52,64512,256,买盘
254,09:55:24,2.52,1260,5,买盘
255,09:55:30,2.52,503,2,买盘
256,09:55:42,2.52,1512,6,买盘
257,09:55:48,2.51,128010,510,卖盘
258,09:55:54,2.51,1506,6,卖盘
259,09:56:09,2.51,17319,69,卖盘
260,09:56:21,2.52,1260,5,买盘
261,09:56:27,2.52,5272,21,买盘
262,09:56:39,2.51,439250,1750,卖盘
263,09:56:45,2.51,12550,50,卖盘
264,09:56:48,2.51,105420,420,卖盘
265,09:56:54,2.51,100651,401,卖盘
266,09:57:03,2.51,5522,22,卖盘
267,09:57:09,2.51,251,1,卖盘
268,09:57:15,2.51,4267,17,卖盘
269,09:57:24,2.51,24096,96,卖盘
270,09:57:27,2.51,7530,30,卖盘
271,09:57:30,2.51,3012,12,卖盘
272,09:57:33,2.51,1506,6,卖盘
273,09:57:36,2.51,1255,5,卖盘
274,09:57:39,2.51,19829,79,卖盘
275,09:57:54,2.51,43925,175,卖盘
276,09:57:57,2.51,2761,11,卖盘
277,09:58:00,2.51,15562,62,卖盘
278,09:58:15,2.52,5292,21,买盘
279,09:58:27,2.51,502,2,卖盘
280,09:58:39,2.51,5020,20,卖盘
281,09:58:48,2.51,129265,515,卖盘
282,09:58:51,2.51,20833,83,卖盘
283,09:58:57,2.52,10080,40,买盘
284,09:59:06,2.51,207828,828,卖盘
285,09:59:09,2.51,6275,25,卖盘
286,09:59:12,2.51,2008,8,卖盘
287,09:59:15,2.51,25602,102,卖盘
288,09:59:18,2.51,1757,7,卖盘
289,09:59:21,2.51,21586,86,卖盘
290,09:59:24,2.51,746725,2975,卖盘
291,09:59:27,2.51,21583,86,买盘
292,09:59:30,2.51,139807,557,卖盘
293,09:59:33,2.52,9037,36,买盘
294,09:59:36,2.52,504,2,买盘
295,09:59:48,2.51,2510,10,卖盘
296,09:59:54,2.51,251,1,卖盘
297,10:00:00,2.51,12550,50,卖盘
298,10:00:03,2.51,45180,180,卖盘
299,10:00:06,2.51,73545,293,卖盘
300,10:00:09,2.51,12801,51,卖盘
301,10:00:12,2.51,30371,121,卖盘
302,10:00:15,2.51,985175,3925,买盘
303,10:00:24,2.51,21336,85,卖盘
304,10:00:30,2.51,1004,4,卖盘
305,10:00:33,2.51,753,3,卖盘
306,10:00:36,2.51,25602,102,卖盘
307,10:00:39,2.51,251,1,卖盘
308,10:00:42,2.51,251,1,卖盘
309,10:00:45,2.51,7279,29,卖盘
310,10:00:48,2.51,5020,20,卖盘
311,10:00:57,2.51,502,2,卖盘
312,10:01:00,2.51,31626,126,卖盘
313,10:01:06,2.51,16566,66,卖盘
314,10:01:09,2.51,27861,111,卖盘
315,10:01:12,2.51,1255,5,卖盘
316,10:01:15,2.51,502,2,卖盘
317,10:01:18,2.51,12299,49,卖盘
318,10:01:24,2.51,5020,20,卖盘
319,10:01:27,2.52,252,1,买盘
320,10:01:30,2.51,13805,55,卖盘
321,10:01:33,2.51,15562,62,卖盘
322,10:01:39,2.51,4016,16,卖盘
323,10:01:42,2.51,5020,20,卖盘
324,10:01:48,2.51,43172,172,卖盘
325,10:02:03,2.51,5522,22,卖盘
326,10:02:12,2.51,19327,77,卖盘
327,10:02:15,2.51,3263,13,卖盘
328,10:02:18,2.51,151102,602,卖盘
329,10:02:21,2.51,32379,129,买盘
330,10:02:24,2.51,24096,96,买盘
331,10:02:27,2.51,31375,125,卖盘
332,10:02:30,2.51,251,1,卖盘
333,10:02:33,2.51,2259,9,中性盘
334,10:02:39,2.51,12550,50,买盘
335,10:02:42,2.51,28865,115,买盘
336,10:02:45,2.51,753,3,卖盘
337,10:03:09,2.51,21586,86,卖盘
338,10:03:12,2.51,95380,380,卖盘
339,10:03:15,2.51,1255,5,中性盘
340,10:03:18,2.51,6274,25,买盘
341,10:03:21,2.5,29260,117,卖盘
342,10:03:24,2.5,21060,84,卖盘
343,10:03:33,2.51,1506,6,买盘
344,10:03:54,2.51,57479,229,买盘
345,10:03:57,2.51,14056,56,买盘
346,10:04:00,2.51,1004,4,买盘
347,10:04:03,2.51,251,1,买盘
348,10:04:09,2.51,7279,29,买盘
349,10:04:12,2.52,1256,5,买盘
350,10:04:24,2.51,12299,49,卖盘
351,10:04:33,2.52,57960,230,买盘
352,10:05:00,2.51,14336,57,卖盘
353,10:05:06,2.52,4788,19,买盘
354,10:05:27,2.51,4267,17,卖盘
355,10:05:30,2.51,5020,20,卖盘
356,10:05:33,2.52,20916,83,买盘
357,10:05:48,2.51,2259,9,卖盘
358,10:05:51,2.52,171360,680,买盘
359,10:05:54,2.52,21420,85,买盘
360,10:06:00,2.52,235620,935,买盘
361,10:06:12,2.52,5796,23,卖盘
362,10:06:15,2.52,3780,15,卖盘
363,10:06:18,2.52,3528,14,卖盘
364,10:06:21,2.52,5292,21,卖盘
365,10:06:24,2.52,11088,44,卖盘
366,10:06:27,2.52,4536,18,卖盘
367,10:06:30,2.52,252,1,卖盘
368,10:06:33,2.52,756,3,卖盘
369,10:06:36,2.52,756,3,卖盘
370,10:06:42,2.52,18396,73,卖盘
371,10:06:51,2.52,136332,541,卖盘
372,10:06:54,2.52,27720,110,卖盘
373,10:06:57,2.52,5292,21,中性盘
374,10:07:00,2.52,22932,91,买盘
375,10:07:03,2.52,504,2,卖盘
376,10:07:36,2.52,33264,132,卖盘
377,10:07:45,2.52,1764,7,卖盘
378,10:08:03,2.52,6804,27,卖盘
379,10:08:06,2.52,3024,12,卖盘
380,10:08:12,2.52,1008,4,卖盘
381,10:08:15,2.52,16884,67,卖盘
382,10:08:21,2.52,10080,40,卖盘
383,10:08:24,2.52,34272,136,卖盘
384,10:08:33,2.53,22467,89,买盘
385,10:09:03,2.53,253,1,买盘
386,10:09:06,2.52,5292,21,卖盘
387,10:09:39,2.52,3276,13,卖盘
388,10:09:51,2.52,2520,10,卖盘
389,10:09:54,2.52,8064,32,卖盘
390,10:10:00,2.52,15120,60,卖盘
391,10:10:12,2.52,75852,301,卖盘
392,10:10:21,2.52,252,1,卖盘
393,10:10:27,2.53,2530,10,买盘
394,10:10:30,2.52,12600,50,卖盘
395,10:10:45,2.52,7812,31,卖盘
396,10:11:12,2.52,756,3,卖盘
397,10:11:15,2.52,1008,4,卖盘
398,10:11:27,2.52,11088,44,卖盘
399,10:11:30,2.52,1260,5,卖盘
400,10:11:39,2.52,2268,9,卖盘
401,10:11:48,2.52,756,3,卖盘
402,10:12:06,2.52,123228,489,卖盘
403,10:12:09,2.52,126252,501,卖盘
404,10:12:12,2.52,17388,69,中性盘
405,10:12:24,2.52,8568,34,卖盘
406,10:12:48,2.53,7590,30,买盘
407,10:12:51,2.52,43596,173,卖盘
408,10:12:57,2.52,2520,10,卖盘
409,10:13:00,2.52,39060,155,卖盘
410,10:13:09,2.53,7590,30,买盘
411,10:13:27,2.53,6578,26,买盘
412,10:14:00,2.52,50400,200,卖盘
413,10:14:21,2.52,3024,12,卖盘
414,10:14:27,2.53,80960,320,买盘
415,10:14:30,2.52,10584,42,卖盘
416,10:14:33,2.52,29347,116,卖盘
417,10:14:36,2.53,253,1,买盘
418,10:14:54,2.53,253,1,买盘
419,10:14:57,2.53,5313,21,买盘
420,10:15:30,2.52,3276,13,卖盘
421,10:15:33,2.53,1275423,5061,买盘
422,10:15:45,2.52,11088,44,卖盘
423,10:15:54,2.52,757,3,卖盘
424,10:15:57,2.52,1260,5,卖盘
425,10:16:18,2.52,1764,7,卖盘
426,10:16:21,2.52,2520,10,卖盘
427,10:16:39,2.52,8316,33,卖盘
428,10:17:00,2.52,252,1,卖盘
429,10:17:30,2.52,252,1,卖盘
430,10:17:45,2.53,253,1,买盘
431,10:17:48,2.53,244145,965,买盘
432,10:17:51,2.53,67804,268,买盘
433,10:17:54,2.54,1659492,6559,买盘
434,10:17:57,2.53,348887,1379,卖盘
435,10:18:03,2.53,135355,535,卖盘
436,10:18:06,2.53,58696,232,卖盘
437,10:18:09,2.54,5080,20,买盘
438,10:18:12,2.53,73876,292,卖盘
439,10:18:15,2.53,52624,208,买盘
440,10:18:18,2.53,11638,46,买盘
441,10:18:21,2.53,2783,11,买盘
442,10:18:30,2.52,22680,90,卖盘
443,10:18:54,2.52,2268,9,卖盘
444,10:19:09,2.53,7590,30,买盘
445,10:19:18,2.53,7590,30,买盘
446,10:19:36,2.53,68310,270,买盘
447,10:19:39,2.53,759,3,买盘
448,10:19:42,2.53,66033,261,卖盘
449,10:19:45,2.53,78430,310,卖盘
450,10:19:48,2.53,26312,104,中性盘
451,10:19:54,2.53,4554,18,中性盘
452,10:19:57,2.53,253,1,卖盘
453,10:20:03,2.54,6604,26,买盘
454,10:20:06,2.53,2024,8,买盘
455,10:20:15,2.53,75900,300,买盘
456,10:20:24,2.53,1518,6,买盘
457,10:20:27,2.53,4301,17,买盘
458,10:20:30,2.53,253,1,买盘
459,10:20:36,2.53,9867,39,买盘
460,10:21:03,2.52,252,1,卖盘
461,10:21:06,2.53,7337,29,买盘
462,10:21:27,2.52,252,1,卖盘
463,10:21:39,2.52,5544,22,卖盘
464,10:21:54,2.52,2520,10,卖盘
465,10:21:57,2.53,6072,24,买盘
466,10:22:03,2.53,7570,30,买盘
467,10:22:15,2.52,5796,23,卖盘
468,10:22:57,2.52,6300,25,卖盘
469,10:23:15,2.52,4806,19,卖盘
470,10:23:27,2.52,4032,16,卖盘
471,10:23:33,2.52,5544,22,卖盘
472,10:23:45,2.52,75600,300,卖盘
473,10:23:51,2.52,10080,40,卖盘
474,10:24:33,2.52,505,2,卖盘
475,10:25:03,2.52,7560,30,卖盘
476,10:25:06,2.52,252,1,卖盘
477,10:25:12,2.53,42504,168,买盘
478,10:25:15,2.53,64768,256,买盘
479,10:25:18,2.53,7590,30,卖盘
480,10:25:36,2.54,2540,10,买盘
481,10:25:48,2.54,24384,96,买盘
482,10:26:33,2.53,208978,826,卖盘
483,10:26:36,2.53,24288,96,卖盘
484,10:26:48,2.53,146234,578,卖盘
485,10:26:51,2.53,3036,12,买盘
486,10:26:54,2.52,252,1,卖盘
487,10:27:06,2.52,7815,31,卖盘
488,10:27:21,2.52,6300,25,卖盘
489,10:27:24,2.52,252,1,卖盘
490,10:27:33,2.53,272987,1079,买盘
491,10:27:39,2.53,253,1,买盘
492,10:27:54,2.53,19987,79,买盘
493,10:28:30,2.52,10080,40,卖盘
494,10:28:54,2.52,7560,30,卖盘
495,10:29:00,2.52,252,1,卖盘
496,10:29:12,2.53,1012,4,买盘
497,10:29:15,2.52,48888,194,卖盘
498,10:29:39,2.52,252,1,卖盘
499,10:29:42,2.52,345240,1370,卖盘
500,10:29:45,2.52,353555,1403,卖盘
501,10:29:48,2.52,2520,10,卖盘
502,10:29:51,2.53,505,2,买盘
503,10:29:54,2.52,2520,10,卖盘
504,10:30:00,2.52,757,3,卖盘
505,10:30:03,2.52,20916,83,卖盘
506,10:30:09,2.52,20160,80,买盘
507,10:30:12,2.52,756,3,卖盘
508,10:30:15,2.52,504,2,卖盘
509,10:30:18,2.52,504,2,卖盘
510,10:30:21,2.52,252,1,买盘
511,10:30:27,2.52,252,1,买盘
512,10:30:30,2.52,85428,339,买盘
513,10:30:33,2.52,96516,383,买盘
514,10:30:36,2.52,310968,1234,买盘
515,10:30:57,2.52,252,1,卖盘
516,10:31:00,2.52,252,1,卖盘
517,10:31:03,2.52,504,2,卖盘
518,10:31:06,2.52,9576,38,卖盘
519,10:31:42,2.52,30996,123,卖盘
520,10:31:45,2.52,15120,60,卖盘
521,10:32:03,2.52,504,2,卖盘
522,10:32:12,2.52,17136,68,卖盘
523,10:32:15,2.52,6300,25,卖盘
524,10:32:51,2.52,9828,39,卖盘
525,10:32:54,2.52,11340,45,卖盘
526,10:32:57,2.52,21168,84,卖盘
527,10:33:03,2.52,1260,5,卖盘
528,10:33:21,2.52,154224,612,卖盘
529,10:33:24,2.52,2268,9,中性盘
530,10:33:30,2.52,252,1,卖盘
531,10:33:42,2.52,53676,213,卖盘
532,10:33:48,2.52,252,1,卖盘
533,10:34:06,2.52,252,1,卖盘
534,10:34:21,2.52,504,2,卖盘
535,10:34:24,2.53,253,1,买盘
536,10:34:27,2.52,40320,160,卖盘
537,10:34:33,2.52,10080,40,卖盘
538,10:34:42,2.52,10332,41,卖盘
539,10:35:00,2.52,252,1,卖盘
540,10:35:06,2.52,64512,256,卖盘
541,10:35:27,2.51,10542,42,卖盘
542,10:35:54,2.52,504,2,中性盘
543,10:35:57,2.51,5536,22,卖盘
544,10:36:00,2.52,38304,152,买盘
545,10:36:03,2.52,12852,51,买盘
546,10:36:09,2.52,252,1,买盘
547,10:36:12,2.52,504,2,买盘
548,10:36:15,2.52,2270,9,买盘
549,10:36:18,2.52,1008,4,卖盘
550,10:36:24,2.51,316107,1259,卖盘
551,10:36:33,2.53,5060,20,买盘
552,10:36:36,2.52,39816,158,卖盘
553,10:37:12,2.52,10080,40,卖盘
554,10:37:15,2.52,504,2,卖盘
555,10:37:27,2.52,35532,141,卖盘
556,10:37:33,2.52,5040,20,卖盘
557,10:37:36,2.52,96012,381,卖盘
558,10:37:39,2.52,41076,163,买盘
559,10:37:42,2.52,2772,11,买盘
560,10:37:45,2.52,252,1,买盘
561,10:37:48,2.52,44349,176,买盘
562,10:37:51,2.52,20160,80,买盘
563,10:37:54,2.52,238644,947,买盘
564,10:37:57,2.52,9072,36,卖盘
565,10:38:09,2.52,1260,5,卖盘
566,10:38:12,2.52,252,1,卖盘
567,10:38:24,2.53,1012,4,买盘
568,10:38:27,2.52,22428,89,卖盘
569,10:38:30,2.52,2772,11,买盘
570,10:38:33,2.52,252,1,买盘
571,10:38:36,2.52,1008,4,买盘
572,10:38:39,2.52,4032,16,买盘
573,10:38:51,2.53,506,2,买盘
574,10:38:54,2.52,756,3,卖盘
575,10:39:06,2.52,43848,174,卖盘
576,10:39:09,2.52,8820,35,买盘
577,10:39:12,2.52,60480,240,买盘
578,10:39:15,2.52,64512,256,买盘
579,10:39:27,2.53,506,2,买盘
580,10:39:42,2.52,14868,59,卖盘
581,10:39:45,2.52,36288,144,买盘
582,10:39:51,2.51,10295,41,卖盘
583,10:40:18,2.52,4788,19,买盘
584,10:40:27,2.52,1008,4,买盘
585,10:40:30,2.52,756,3,买盘
586,10:40:33,2.52,252,1,买盘
587,10:40:48,2.51,3263,13,卖盘
588,10:41:03,2.51,65762,262,卖盘
589,10:41:30,2.51,12299,49,卖盘
590,10:41:45,2.51,12550,50,卖盘
591,10:41:51,2.51,94627,377,卖盘
592,10:42:00,2.52,252,1,买盘
593,10:42:06,2.51,44929,179,卖盘
594,10:42:09,2.51,8785,35,卖盘
595,10:42:30,2.52,2268,9,买盘
596,10:42:33,2.51,251,1,卖盘
597,10:43:12,2.51,2008,8,卖盘
598,10:43:42,2.52,504,2,买盘
599,10:44:00,2.52,1507,6,买盘
600,10:44:21,2.51,675692,2692,卖盘
601,10:44:24,2.51,251,1,卖盘
602,10:44:27,2.52,100800,400,买盘
603,10:44:30,2.52,252,1,买盘
604,10:44:36,2.51,502,2,卖盘
605,10:44:39,2.52,6804,27,买盘
606,10:45:03,2.51,655612,2612,卖盘
607,10:45:06,2.52,48384,192,买盘
608,10:45:09,2.51,1004,4,卖盘
609,10:45:12,2.51,12801,51,卖盘
610,10:45:15,2.51,3012,12,卖盘
611,10:45:27,2.51,2510,10,卖盘
612,10:45:30,2.52,252,1,买盘
613,10:45:48,2.51,28363,113,卖盘
614,10:46:06,2.51,251,1,卖盘
615,10:46:09,2.51,8032,32,卖盘
616,10:46:12,2.51,159887,637,卖盘
617,10:46:15,2.51,502,2,卖盘
618,10:46:18,2.52,95244,378,买盘
619,10:46:21,2.51,251,1,卖盘
620,10:46:27,2.51,502,2,卖盘
621,10:46:30,2.51,753,3,卖盘
622,10:46:48,2.51,45431,181,卖盘
623,10:47:03,2.51,25100,100,卖盘
624,10:47:09,2.52,1008,4,买盘
625,10:47:12,2.51,2008,8,卖盘
626,10:47:42,2.51,251,1,卖盘
627,10:47:51,2.51,25100,100,卖盘
628,10:47:54,2.51,251,1,卖盘
629,10:48:06,2.51,36395,145,卖盘
630,10:48:12,2.51,62750,250,卖盘
631,10:48:51,2.51,15311,61,卖盘
632,10:48:57,2.51,251,1,卖盘
633,10:49:00,2.51,7781,31,卖盘
634,10:49:03,2.51,753,3,卖盘
635,10:49:06,2.51,1757,7,卖盘
636,10:49:24,2.51,5020,20,卖盘
637,10:49:39,2.51,251,1,卖盘
638,10:49:54,2.51,502,2,卖盘
639,10:50:27,2.51,32379,129,卖盘
640,10:50:33,2.51,125500,500,卖盘
641,10:50:39,2.51,176202,702,卖盘
642,10:50:45,2.51,44176,176,卖盘
643,10:50:48,2.51,753,3,卖盘
644,10:50:54,2.51,2510,10,卖盘
645,10:51:03,2.51,7530,30,卖盘
646,10:51:09,2.52,756,3,买盘
647,10:51:24,2.51,1255,5,卖盘
648,10:51:48,2.51,6275,25,卖盘
649,10:51:51,2.51,12550,50,卖盘
650,10:53:06,2.51,9538,38,卖盘
651,10:53:18,2.51,2510,10,卖盘
652,10:53:24,2.51,77559,309,卖盘
653,10:53:27,2.51,251,1,卖盘
654,10:53:54,2.51,2259,9,卖盘
655,10:53:57,2.52,1260,5,买盘
656,10:54:18,2.52,2268,9,买盘
657,10:54:30,2.51,251,1,卖盘
658,10:54:45,2.51,753,3,卖盘
659,10:55:06,2.52,252,1,买盘
660,10:55:09,2.51,22841,91,卖盘
661,10:55:24,2.52,756,3,买盘
662,10:55:30,2.52,252,1,买盘
663,10:55:39,2.52,504,2,买盘
664,10:55:54,2.51,2510,10,卖盘
665,10:56:27,2.51,2008,8,卖盘
666,10:56:33,2.52,3276,13,买盘
667,10:56:42,2.51,3012,12,卖盘
668,10:56:57,2.52,193570,770,买盘
669,10:57:00,2.52,252,1,买盘
670,10:57:03,2.52,1007,4,买盘
671,10:57:09,2.51,12550,50,卖盘
672,10:57:18,2.52,252,1,买盘
673,10:57:27,2.52,504,2,买盘
674,10:57:48,2.52,5040,20,买盘
675,10:57:54,2.51,1004,4,卖盘
676,10:58:15,2.52,1764,7,买盘
677,10:58:21,2.52,655704,2602,买盘
678,10:58:27,2.52,8820,35,卖盘
679,10:58:30,2.52,3780,15,卖盘
680,10:58:33,2.52,504,2,卖盘
681,10:58:39,2.52,756,3,卖盘
682,10:58:42,2.52,2520,10,卖盘
683,10:58:54,2.52,252,1,卖盘
684,10:59:18,2.53,253,1,买盘
685,10:59:21,2.53,253,1,买盘
686,10:59:30,2.52,252,1,卖盘
687,10:59:42,2.53,253,1,买盘
688,10:59:45,2.53,2024,8,买盘
689,10:59:54,2.52,756,3,卖盘
690,11:00:06,2.52,13615,54,卖盘
691,11:00:09,2.53,253,1,买盘
692,11:00:24,2.52,252,1,卖盘
693,11:00:27,2.53,253,1,买盘
694,11:00:36,2.52,504,2,卖盘
695,11:00:39,2.52,252,1,卖盘
696,11:01:00,2.52,25200,100,卖盘
697,11:01:03,2.52,6048,24,卖盘
698,11:01:06,2.51,267874,1063,卖盘
699,11:01:09,2.52,93412,370,买盘
700,11:01:12,2.52,7560,30,卖盘
701,11:01:15,2.52,54936,218,买盘
702,11:01:18,2.52,756,3,卖盘
703,11:01:21,2.52,8064,32,买盘
704,11:01:24,2.52,252,1,买盘
705,11:01:27,2.52,252,1,买盘
706,11:01:33,2.51,36897,147,卖盘
707,11:01:36,2.52,59220,235,买盘
708,11:01:48,2.52,2520,10,卖盘
709,11:02:09,2.52,27972,111,卖盘
710,11:02:12,2.52,25200,100,卖盘
711,11:02:45,2.52,15876,63,卖盘
712,11:02:54,2.52,10080,40,卖盘
713,11:03:15,2.52,2772,11,卖盘
714,11:03:57,2.53,2783,11,买盘
715,11:04:00,2.52,1008,4,卖盘
716,11:04:03,2.52,2016,8,卖盘
717,11:04:06,2.52,12600,50,卖盘
718,11:04:18,2.52,31248,124,卖盘
719,11:04:33,2.52,20664,82,卖盘
720,11:04:36,2.52,252,1,卖盘
721,11:04:51,2.52,14112,56,卖盘
722,11:05:06,2.52,1008,4,卖盘
723,11:05:39,2.52,252,1,卖盘
724,11:05:51,2.52,252,1,卖盘
725,11:06:09,2.52,756,3,卖盘
726,11:06:12,2.52,6053,24,中性盘
727,11:06:15,2.52,16128,64,卖盘
728,11:06:18,2.52,5292,21,买盘
729,11:06:21,2.52,14616,58,卖盘
730,11:06:24,2.52,4284,17,买盘
731,11:06:27,2.52,756,3,买盘
732,11:06:30,2.52,2016,8,买盘
733,11:06:33,2.52,252,1,买盘
734,11:06:39,2.52,9072,36,买盘
735,11:07:09,2.51,35140,140,卖盘
736,11:07:12,2.52,504,2,中性盘
737,11:07:27,2.52,4032,16,卖盘
738,11:07:30,2.53,2530,10,买盘
739,11:07:36,2.52,504,2,卖盘
740,11:08:45,2.52,1008,4,卖盘
741,11:08:48,2.52,107362,426,卖盘
742,11:08:51,2.52,64008,254,买盘
743,11:08:54,2.53,6830,27,买盘
744,11:09:09,2.53,6831,27,买盘
745,11:09:36,2.53,506,2,买盘
746,11:10:03,2.52,37051,147,卖盘
747,11:10:15,2.53,2024,8,买盘
748,11:10:33,2.53,47885,190,买盘
749,11:10:36,2.53,2530,10,买盘
750,11:10:48,2.52,5040,20,卖盘
751,11:10:51,2.53,253,1,买盘
752,11:11:24,2.52,4284,17,卖盘
753,11:11:45,2.53,5060,20,买盘
754,11:11:48,2.51,177483,706,卖盘
755,11:11:51,2.52,20160,80,中性盘
756,11:11:54,2.52,3780,15,买盘
757,11:11:57,2.52,252,1,买盘
758,11:12:00,2.51,26860,107,卖盘
759,11:12:03,2.52,2520,10,买盘
760,11:12:24,2.52,504,2,买盘
761,11:12:30,2.52,252,1,买盘
762,11:12:39,2.51,251,1,卖盘
763,11:12:48,2.51,502,2,卖盘
764,11:13:18,2.51,251,1,卖盘
765,11:13:21,2.52,504,2,买盘
766,11:13:36,2.51,251,1,卖盘
767,11:14:15,2.51,15311,61,卖盘
768,11:14:33,2.52,12600,50,买盘
769,11:14:42,2.51,502,2,卖盘
770,11:14:54,2.51,251,1,卖盘
771,11:15:03,2.51,9287,37,卖盘
772,11:15:18,2.51,7530,30,卖盘
773,11:15:21,2.52,25200,100,买盘
774,11:15:30,2.51,251,1,卖盘
775,11:15:42,2.51,753,3,卖盘
776,11:16:42,2.51,20833,83,卖盘
777,11:16:45,2.51,6275,25,卖盘
778,11:16:57,2.52,154728,614,买盘
779,11:17:18,2.51,4769,19,卖盘
780,11:17:21,2.52,252,1,买盘
781,11:18:06,2.51,3514,14,卖盘
782,11:18:21,2.52,2016,8,买盘
783,11:19:06,2.52,252,1,买盘
784,11:19:33,2.51,251,1,卖盘
785,11:19:36,2.52,26455,105,买盘
786,11:19:48,2.51,22590,90,卖盘
787,11:20:06,2.51,12550,50,卖盘
788,11:20:39,2.51,753,3,卖盘
789,11:21:03,2.51,14558,58,卖盘
790,11:21:09,2.52,1008,4,买盘
791,11:21:12,2.52,23688,94,买盘
792,11:21:15,2.52,2268,9,买盘
793,11:21:45,2.51,3012,12,卖盘
794,11:22:48,2.52,252,1,买盘
795,11:22:54,2.52,504,2,买盘
796,11:23:18,2.52,30996,123,买盘
797,11:23:42,2.51,12550,50,卖盘
798,11:23:45,2.51,2008,8,卖盘
799,11:23:48,2.52,504,2,买盘
800,11:24:03,2.52,504,2,买盘
801,11:24:33,2.52,252,1,买盘
802,11:24:36,2.51,251,1,卖盘
803,11:25:15,2.52,324195,1287,买盘
804,11:25:18,2.52,756,3,卖盘
805,11:25:21,2.52,20412,81,卖盘
806,11:25:24,2.52,28476,113,卖盘
807,11:25:27,2.52,504,2,卖盘
808,11:25:30,2.52,252,1,卖盘
809,11:25:36,2.52,252,1,卖盘
810,11:25:42,2.52,13610,54,卖盘
811,11:25:54,2.52,63504,252,卖盘
812,11:25:57,2.52,756,3,卖盘
813,11:26:00,2.52,252,1,卖盘
814,11:26:42,2.52,3276,13,卖盘
815,11:27:09,2.53,506,2,买盘
816,11:27:30,2.52,558432,2216,卖盘
817,11:27:33,2.52,104076,413,买盘
818,11:27:36,2.52,10836,43,买盘
819,11:27:39,2.52,252,1,买盘
820,11:27:51,2.52,4030,16,买盘
821,11:27:54,2.52,6552,26,买盘
822,11:27:57,2.52,2268,9,买盘
823,11:29:00,2.52,756,3,买盘
824,11:29:09,2.51,1004,4,卖盘
825,11:29:21,2.51,251,1,卖盘
826,11:29:27,2.52,1512,6,买盘
827,11:29:30,2.52,252,1,买盘
828,11:29:39,2.52,252,1,买盘
829,13:00:03,2.52,2772,11,买盘
830,13:00:06,2.52,29483,117,买盘
831,13:00:09,2.52,8810,35,买盘
832,13:00:12,2.52,6048,24,买盘
833,13:00:21,2.52,252,1,买盘
834,13:00:33,2.51,25856,103,卖盘
835,13:00:42,2.52,3276,13,买盘
836,13:00:54,2.51,1506,6,卖盘
837,13:01:18,2.51,753,3,卖盘
838,13:01:21,2.51,1506,6,卖盘
839,13:01:54,2.51,11546,46,卖盘
840,13:02:00,2.51,502,2,卖盘
841,13:02:03,2.52,252,1,买盘
842,13:02:09,2.51,16064,64,卖盘
843,13:02:24,2.51,3765,15,卖盘
844,13:04:00,2.52,756,3,买盘
845,13:04:03,2.52,43478,173,买盘
846,13:04:36,2.52,1512,6,买盘
847,13:04:42,2.52,503,2,买盘
848,13:04:54,2.52,252,1,买盘
849,13:05:03,2.52,3769,15,买盘
850,13:05:12,2.52,252,1,买盘
851,13:05:15,2.52,252,1,买盘
852,13:05:42,2.51,251,1,卖盘
853,13:05:45,2.51,251,1,卖盘
854,13:06:03,2.51,30371,121,卖盘
855,13:06:12,2.51,19829,79,卖盘
856,13:06:21,2.51,17821,71,卖盘
857,13:06:24,2.52,252,1,买盘
858,13:06:36,2.51,25100,100,卖盘
859,13:06:42,2.51,25100,100,卖盘
860,13:06:45,2.51,251,1,卖盘
861,13:06:54,2.51,25100,100,卖盘
862,13:07:15,2.51,1506,6,卖盘
863,13:07:21,2.51,6291,25,卖盘
864,13:07:42,2.51,4769,19,卖盘
865,13:07:48,2.51,251,1,卖盘
866,13:08:00,2.52,504,2,买盘
867,13:08:03,2.51,251,1,卖盘
868,13:08:27,2.51,4518,18,卖盘
869,13:08:33,2.51,6024,24,卖盘
870,13:08:36,2.51,251,1,卖盘
871,13:09:00,2.52,2772,11,买盘
872,13:09:03,2.51,2259,9,卖盘
873,13:09:12,2.51,3514,14,卖盘
874,13:09:15,2.51,502,2,卖盘
875,13:09:18,2.51,2008,8,卖盘
876,13:09:33,2.52,21651,86,买盘
877,13:09:36,2.52,8316,33,买盘
878,13:09:39,2.52,252,1,买盘
879,13:09:45,2.52,756,3,买盘
880,13:09:48,2.52,3024,12,买盘
881,13:09:51,2.51,40662,162,卖盘
882,13:09:54,2.51,2761,11,卖盘
883,13:09:57,2.51,2008,8,卖盘
884,13:10:03,2.51,3765,15,卖盘
885,13:10:12,2.51,64758,258,卖盘
886,13:10:15,2.51,251,1,卖盘
887,13:10:39,2.51,3012,12,卖盘
888,13:10:42,2.51,18072,72,卖盘
889,13:10:48,2.51,2510,10,卖盘
890,13:11:03,2.51,1757,7,卖盘
891,13:11:09,2.51,2510,10,卖盘
892,13:11:39,2.51,67770,270,卖盘
893,13:11:42,2.51,502,2,卖盘
894,13:11:45,2.51,251,1,卖盘
895,13:11:48,2.51,251,1,卖盘
896,13:11:51,2.51,40411,161,卖盘
897,13:11:54,2.51,16064,64,卖盘
898,13:12:03,2.51,71787,286,卖盘
899,13:12:06,2.51,1757,7,卖盘
900,13:12:09,2.52,252,1,买盘
901,13:12:12,2.51,251,1,卖盘
902,13:13:03,2.51,1255,5,卖盘
903,13:13:51,2.51,60993,243,卖盘
904,13:13:57,2.52,252,1,买盘
905,13:14:00,2.51,754,3,卖盘
906,13:14:03,2.51,1506,6,卖盘
907,13:14:06,2.52,5040,20,买盘
908,13:14:12,2.52,7560,30,买盘
909,13:14:33,2.52,3014,12,买盘
910,13:14:36,2.52,756,3,买盘
911,13:14:39,2.52,252,1,买盘
912,13:14:54,2.52,252,1,买盘
913,13:15:03,2.51,1757,7,卖盘
914,13:15:09,2.51,12550,50,卖盘
915,13:15:12,2.5,810601,3231,卖盘
916,13:15:15,2.51,7279,29,买盘
917,13:15:18,2.51,14307,57,买盘
918,13:15:24,2.51,502,2,买盘
919,13:15:27,2.51,251,1,买盘
920,13:15:33,2.51,21335,85,买盘
921,13:15:54,2.5,18250,73,卖盘
922,13:15:57,2.51,251,1,买盘
923,13:16:00,2.5,13000,52,卖盘
924,13:16:15,2.51,18800,75,买盘
925,13:16:48,2.5,56250,225,卖盘
926,13:16:51,2.5,500,2,卖盘
927,13:17:45,2.5,7500,30,卖盘
928,13:18:15,2.5,2000,8,卖盘
929,13:18:18,2.5,25000,100,卖盘
930,13:18:33,2.51,25602,102,买盘
931,13:18:39,2.51,1004,4,买盘
932,13:19:09,2.51,502,2,买盘
933,13:19:18,2.5,25000,100,卖盘
934,13:19:21,2.51,22590,90,买盘
935,13:19:27,2.51,251,1,买盘
936,13:19:45,2.5,250,1,卖盘
937,13:19:48,2.51,25351,101,买盘
938,13:19:54,2.5,5000,20,卖盘
939,13:20:00,2.5,3250,13,卖盘
940,13:20:03,2.5,27000,108,卖盘
941,13:20:12,2.5,1250,5,卖盘
942,13:20:24,2.51,1255,5,买盘
943,13:20:42,2.51,753,3,买盘
944,13:20:48,2.5,50000,200,卖盘
945,13:21:18,2.5,3254,13,卖盘
946,13:21:21,2.5,25000,100,卖盘
947,13:22:06,2.51,251,1,买盘
948,13:22:09,2.5,25000,100,卖盘
949,13:22:15,2.51,32881,131,买盘
950,13:22:21,2.51,502,2,买盘
951,13:23:00,2.51,3765,15,买盘
952,13:23:03,2.51,5020,20,买盘
953,13:23:09,2.5,55000,220,卖盘
954,13:23:12,2.51,7279,29,买盘
955,13:23:15,2.5,5500,22,卖盘
956,13:23:45,2.5,2500,10,卖盘
957,13:24:03,2.5,2250,9,卖盘
958,13:24:06,2.5,28000,112,卖盘
959,13:24:21,2.5,750,3,卖盘
960,13:24:24,2.51,251,1,买盘
961,13:24:36,2.5,500,2,卖盘
962,13:24:39,2.5,9500,38,卖盘
963,13:24:45,2.5,10500,42,卖盘
964,13:25:27,2.5,1250,5,卖盘
965,13:25:36,2.51,1506,6,买盘
966,13:25:51,2.51,3012,12,买盘
967,13:26:30,2.5,37500,150,卖盘
968,13:26:33,2.5,12500,50,卖盘
969,13:27:09,2.5,7000,28,卖盘
970,13:27:39,2.5,500,2,卖盘
971,13:27:51,2.5,2500,10,卖盘
972,13:27:54,2.51,502,2,买盘
973,13:27:57,2.51,251,1,买盘
974,13:28:00,2.5,752,3,卖盘
975,13:28:15,2.5,1000,4,卖盘
976,13:28:21,2.51,251,1,买盘
977,13:28:27,2.5,5750,23,卖盘
978,13:28:39,2.51,1757,7,买盘
979,13:28:42,2.51,251,1,买盘
980,13:28:45,2.51,251,1,买盘
981,13:28:54,2.51,1255,5,买盘
982,13:29:00,2.5,14753,59,卖盘
983,13:29:03,2.5,7000,28,卖盘
984,13:29:06,2.51,3506,14,买盘
985,13:29:09,2.5,9511,38,卖盘
986,13:29:12,2.5,48026,192,卖盘
987,13:29:15,2.51,502,2,买盘
988,13:29:24,2.51,502,2,买盘
989,13:29:27,2.51,502,2,买盘
990,13:29:33,2.5,66287,265,卖盘
991,13:29:36,2.5,24502,98,卖盘
992,13:29:39,2.51,251,1,买盘
993,13:29:42,2.5,21500,86,卖盘
994,13:29:45,2.5,2500,10,卖盘
995,13:29:54,2.5,2000,8,卖盘
996,13:29:57,2.51,251,1,买盘
997,13:30:03,2.51,2761,11,买盘
998,13:30:21,2.51,2259,9,买盘
999,13:30:24,2.51,1506,6,买盘
1000,13:30:27,2.5,250,1,卖盘
1001,13:30:30,2.5,250,1,卖盘
1002,13:31:03,2.5,6000,24,卖盘
1003,13:31:36,2.5,4000,16,卖盘
1004,13:31:54,2.5,1250,5,卖盘
1005,13:32:27,2.5,62500,250,卖盘
1006,13:32:36,2.5,2500,10,卖盘
1007,13:32:45,2.5,34000,136,卖盘
1008,13:33:00,2.51,251,1,买盘
1009,13:33:21,2.51,15311,61,买盘
1010,13:33:24,2.51,1255,5,买盘
1011,13:33:27,2.51,1004,4,买盘
1012,13:33:33,2.51,23845,95,买盘
1013,13:33:36,2.51,1255,5,买盘
1014,13:33:39,2.51,150600,600,买盘
1015,13:33:42,2.52,1590952,6338,买盘
1016,13:33:45,2.52,5021,20,买盘
1017,13:34:03,2.51,502,2,卖盘
1018,13:34:06,2.51,1004,4,卖盘
1019,13:34:27,2.51,26857,107,卖盘
1020,13:34:30,2.52,252,1,买盘
1021,13:34:36,2.52,504,2,买盘
1022,13:34:39,2.52,504,2,买盘
1023,13:34:57,2.51,37650,150,卖盘
1024,13:35:00,2.51,11295,45,卖盘
1025,13:35:03,2.52,1512,6,买盘
1026,13:36:18,2.51,2510,10,卖盘
1027,13:36:51,2.52,1260,5,买盘
1028,13:37:09,2.52,5040,20,买盘
1029,13:37:24,2.52,1260,5,买盘
1030,13:37:27,2.52,3780,15,买盘
1031,13:37:30,2.52,1008,4,买盘
1032,13:37:39,2.52,1260,5,买盘
1033,13:37:45,2.52,2772,11,买盘
1034,13:37:51,2.51,7781,31,卖盘
1035,13:37:54,2.52,1008,4,买盘
1036,13:37:57,2.52,28224,112,买盘
1037,13:38:00,2.52,7056,28,买盘
1038,13:38:03,2.52,43092,171,买盘
1039,13:38:06,2.52,5292,21,买盘
1040,13:38:15,2.52,29232,116,买盘
1041,13:38:21,2.52,3024,12,买盘
1042,13:38:24,2.52,756,3,买盘
1043,13:38:27,2.51,2008,8,卖盘
1044,13:38:39,2.52,6048,24,买盘
1045,13:38:42,2.52,1512,6,买盘
1046,13:38:45,2.52,5543,22,买盘
1047,13:38:48,2.52,1260,5,买盘
1048,13:38:51,2.52,8568,34,买盘
1049,13:38:57,2.52,1260,5,买盘
1050,13:39:00,2.52,3024,12,买盘
1051,13:39:12,2.51,251,1,卖盘
1052,13:39:15,2.52,6543,26,买盘
1053,13:39:18,2.51,4275,17,卖盘
1054,13:39:30,2.52,6048,24,买盘
1055,13:39:33,2.51,2008,8,卖盘
1056,13:39:36,2.52,756,3,买盘
1057,13:40:06,2.52,252,1,买盘
1058,13:40:09,2.52,1260,5,买盘
1059,13:40:12,2.52,1512,6,买盘
1060,13:40:15,2.52,12096,48,买盘
1061,13:40:18,2.52,78582,313,买盘
1062,13:40:24,2.52,252,1,买盘
1063,13:40:27,2.52,7812,31,买盘
1064,13:40:33,2.52,252,1,买盘
1065,13:40:48,2.52,252,1,买盘
1066,13:40:54,2.52,2016,8,买盘
1067,13:40:57,2.52,252,1,买盘
1068,13:41:03,2.52,14834,59,买盘
1069,13:41:06,2.52,20412,81,买盘
1070,13:41:09,2.52,26964,107,买盘
1071,13:41:12,2.52,20664,82,买盘
1072,13:41:15,2.52,4536,18,买盘
1073,13:41:24,2.52,252,1,买盘
1074,13:41:27,2.52,252,1,买盘
1075,13:41:30,2.52,3528,14,买盘
1076,13:41:33,2.52,1512,6,买盘
1077,13:41:45,2.51,1255,5,卖盘
1078,13:41:57,2.52,756,3,买盘
1079,13:42:09,2.52,7812,31,买盘
1080,13:42:12,2.52,1260,5,买盘
1081,13:42:15,2.52,4284,17,买盘
1082,13:42:18,2.51,1255,5,卖盘
1083,13:42:30,2.52,755,3,买盘
1084,13:42:33,2.52,756,3,买盘
1085,13:42:36,2.52,252,1,买盘
1086,13:42:51,2.52,504,2,买盘
1087,13:42:54,2.52,6048,24,买盘
1088,13:42:57,2.52,252,1,买盘
1089,13:43:09,2.52,21924,87,买盘
1090,13:43:12,2.52,5796,23,买盘
1091,13:43:18,2.52,1008,4,买盘
1092,13:43:24,2.52,7056,28,买盘
1093,13:43:33,2.51,21084,84,卖盘
1094,13:43:51,2.52,3779,15,买盘
1095,13:44:00,2.52,252,1,买盘
1096,13:44:03,2.52,10332,41,买盘
1097,13:44:06,2.52,252,1,买盘
1098,13:44:15,2.52,21924,87,买盘
1099,13:44:18,2.52,30492,121,买盘
1100,13:44:21,2.52,16884,67,买盘
1101,13:44:24,2.52,5292,21,买盘
1102,13:44:30,2.52,252,1,买盘
1103,13:44:33,2.52,1512,6,买盘
1104,13:44:36,2.51,4271,17,卖盘
1105,13:44:39,2.52,504,2,买盘
1106,13:44:42,2.52,252,1,买盘
1107,13:44:57,2.52,252,1,买盘
1108,13:45:00,2.52,252,1,买盘
1109,13:45:03,2.52,1512,6,买盘
1110,13:45:09,2.52,252,1,买盘
1111,13:45:15,2.51,2260,9,卖盘
1112,13:45:18,2.51,63754,254,卖盘
1113,13:45:21,2.51,2637,11,卖盘
1114,13:45:24,2.51,502,2,卖盘
1115,13:45:36,2.51,23343,93,卖盘
1116,13:45:39,2.52,4032,16,买盘
1117,13:46:12,2.51,1758,7,卖盘
1118,13:46:21,2.51,3012,12,卖盘
1119,13:47:24,2.51,2008,8,卖盘
1120,13:47:27,2.52,1764,7,买盘
1121,13:47:51,2.51,1004,4,卖盘
1122,13:48:15,2.51,20080,80,卖盘
1123,13:48:27,2.51,251,1,卖盘
1124,13:48:30,2.51,30120,120,卖盘
1125,13:48:51,2.51,251,1,卖盘
1126,13:48:54,2.51,1255,5,卖盘
1127,13:49:00,2.51,251,1,卖盘
1128,13:49:03,2.51,502,2,卖盘
1129,13:49:09,2.51,251,1,卖盘
1130,13:49:21,2.52,1260,5,买盘
1131,13:49:36,2.51,2259,9,卖盘
1132,13:49:42,2.51,3012,12,卖盘
1133,13:49:48,2.52,12600,50,买盘
1134,13:49:54,2.52,3528,14,买盘
1135,13:50:12,2.51,12550,50,卖盘
1136,13:50:24,2.51,2510,10,卖盘
1137,13:50:36,2.51,2510,10,卖盘
1138,13:51:09,2.52,1764,7,买盘
1139,13:51:33,2.51,4518,18,卖盘
1140,13:51:45,2.52,1764,7,买盘
1141,13:51:48,2.52,1764,7,买盘
1142,13:51:51,2.51,637,3,卖盘
1143,13:52:03,2.51,2510,10,卖盘
1144,13:52:15,2.51,2008,8,卖盘
1145,13:52:18,2.52,756,3,买盘
1146,13:52:24,2.52,1764,7,买盘
1147,13:52:39,2.51,11295,45,卖盘
1148,13:52:42,2.51,3263,13,卖盘
1149,13:52:48,2.52,1008,4,买盘
1150,13:53:06,2.51,5773,23,卖盘
1151,13:53:09,2.51,251,1,卖盘
1152,13:53:12,2.51,7279,29,卖盘
1153,13:53:33,2.52,252,1,买盘
1154,13:53:39,2.51,25100,100,卖盘
1155,13:53:51,2.51,251,1,卖盘
1156,13:54:03,2.52,252,1,买盘
1157,13:54:06,2.51,2008,8,卖盘
1158,13:54:09,2.51,7781,31,卖盘
1159,13:54:18,2.51,251,1,卖盘
1160,13:54:27,2.52,3024,12,买盘
1161,13:54:30,2.51,2510,10,卖盘
1162,13:54:33,2.51,18574,74,卖盘
1163,13:54:36,2.52,756,3,买盘
1164,13:54:39,2.52,252,1,买盘
1165,13:54:42,2.52,252,1,买盘
1166,13:54:48,2.52,252,1,买盘
1167,13:55:09,2.52,252,1,买盘
1168,13:55:18,2.51,23594,94,卖盘
1169,13:55:33,2.52,4032,16,买盘
1170,13:55:42,2.51,29182,116,卖盘
1171,13:55:57,2.51,50200,200,卖盘
1172,13:56:00,2.51,2008,8,卖盘
1173,13:56:03,2.52,252,1,买盘
1174,13:56:12,2.51,3514,14,卖盘
1175,13:56:36,2.51,5020,20,卖盘
1176,13:56:39,2.52,1512,6,买盘
1177,13:57:00,2.51,4016,16,卖盘
1178,13:57:03,2.51,14056,56,卖盘
1179,13:57:09,2.51,6283,25,卖盘
1180,13:57:12,2.52,252,1,买盘
1181,13:57:24,2.52,2015,8,买盘
1182,13:57:45,2.51,7530,30,卖盘
1183,13:58:00,2.52,2267,9,买盘
1184,13:58:06,2.52,252,1,买盘
1185,13:58:09,2.51,4769,19,卖盘
1186,13:58:18,2.52,3276,13,买盘
1187,13:58:21,2.52,1260,5,买盘
1188,13:58:24,2.52,1260,5,买盘
1189,13:58:27,2.52,504,2,买盘
1190,13:58:30,2.52,756,3,买盘
1191,13:58:36,2.52,756,3,买盘
1192,13:58:39,2.52,756,3,买盘
1193,13:58:42,2.52,2016,8,买盘
1194,13:58:45,2.51,251,1,卖盘
1195,13:58:48,2.51,7530,30,卖盘
1196,13:58:51,2.51,1255,5,卖盘
1197,13:59:00,2.52,6552,26,买盘
1198,13:59:06,2.52,504,2,买盘
1199,13:59:18,2.51,1757,7,卖盘
1200,13:59:33,2.51,5033,20,卖盘
1201,13:59:36,2.52,3016,12,买盘
1202,13:59:39,2.52,1259,5,买盘
1203,13:59:42,2.52,2012,8,买盘
1204,13:59:45,2.52,252,1,买盘
1205,13:59:48,2.51,502,2,卖盘
1206,13:59:57,2.52,25452,101,买盘
1207,14:00:00,2.52,92736,368,买盘
1208,14:00:03,2.51,6298,25,卖盘
1209,14:00:06,2.52,252,1,买盘
1210,14:00:15,2.52,1007,4,买盘
1211,14:00:24,2.52,18648,74,买盘
1212,14:00:30,2.51,25100,100,卖盘
1213,14:00:36,2.52,1008,4,买盘
1214,14:00:39,2.52,50652,201,买盘
1215,14:00:42,2.52,29988,119,买盘
1216,14:00:45,2.52,22428,89,买盘
1217,14:00:48,2.52,1764,7,买盘
1218,14:00:51,2.52,4032,16,买盘
1219,14:00:57,2.51,4267,17,卖盘
1220,14:01:00,2.51,5271,21,卖盘
1221,14:01:03,2.52,78524,312,买盘
1222,14:01:06,2.52,252,1,买盘
1223,14:01:09,2.51,4519,18,卖盘
1224,14:01:15,2.52,202101,802,买盘
1225,14:01:18,2.52,1634220,6485,买盘
1226,14:01:21,2.52,2016,8,卖盘
1227,14:01:24,2.52,2520,10,卖盘
1228,14:01:33,2.52,16884,67,卖盘
1229,14:02:06,2.52,2016,8,卖盘
1230,14:02:12,2.53,1012,4,买盘
1231,14:02:21,2.53,253,1,买盘
1232,14:02:33,2.52,27972,111,卖盘
1233,14:02:48,2.52,2520,10,卖盘
1234,14:02:51,2.52,26964,107,卖盘
1235,14:03:00,2.52,5545,22,卖盘
1236,14:03:42,2.53,506,2,买盘
1237,14:04:00,2.52,26964,107,卖盘
1238,14:04:03,2.52,504,2,卖盘
1239,14:04:09,2.53,506,2,买盘
1240,14:04:30,2.53,253,1,买盘
1241,14:04:36,2.53,759,3,买盘
1242,14:04:42,2.53,506,2,买盘
1243,14:04:57,2.53,506,2,买盘
1244,14:05:12,2.53,3795,15,买盘
1245,14:05:36,2.52,252,1,卖盘
1246,14:05:42,2.52,1008,4,卖盘
1247,14:06:15,2.52,1084356,4303,卖盘
1248,14:06:18,2.52,252,1,卖盘
1249,14:06:30,2.52,4788,19,卖盘
1250,14:06:36,2.53,2530,10,买盘
1251,14:06:45,2.53,506,2,买盘
1252,14:06:51,2.53,506,2,买盘
1253,14:07:00,2.53,506,2,买盘
1254,14:07:12,2.52,31752,126,卖盘
1255,14:07:18,2.52,13104,52,卖盘
1256,14:07:21,2.52,3780,15,卖盘
1257,14:07:24,2.52,3528,14,卖盘
1258,14:07:42,2.52,3780,15,卖盘
1259,14:07:54,2.52,1260,5,卖盘
1260,14:07:57,2.52,4284,17,卖盘
1261,14:08:00,2.52,1764,7,卖盘
1262,14:08:06,2.52,5292,21,卖盘
1263,14:08:15,2.52,3024,12,卖盘
1264,14:08:33,2.52,15120,60,卖盘
1265,14:08:36,2.53,1012,4,买盘
1266,14:08:45,2.53,30107,119,买盘
1267,14:09:03,2.53,759,3,买盘
1268,14:09:36,2.52,2016,8,卖盘
1269,14:10:12,2.52,2268,9,卖盘
1270,14:10:18,2.52,252,1,卖盘
1271,14:10:33,2.52,504,2,卖盘
1272,14:10:36,2.52,5058,20,卖盘
1273,14:10:39,2.52,52416,208,卖盘
1274,14:10:42,2.52,11088,44,卖盘
1275,14:11:00,2.52,1008,4,卖盘
1276,14:11:21,2.53,1265,5,买盘
1277,14:11:27,2.53,505,2,买盘
1278,14:11:33,2.52,25704,102,卖盘
1279,14:11:42,2.53,506,2,买盘
1280,14:11:57,2.53,3542,14,买盘
1281,14:12:00,2.52,27720,110,卖盘
1282,14:12:03,2.53,3542,14,买盘
1283,14:12:15,2.53,1012,4,买盘
1284,14:12:18,2.53,3036,12,买盘
1285,14:12:30,2.53,1265,5,买盘
1286,14:12:33,2.53,5566,22,买盘
1287,14:12:36,2.53,1518,6,买盘
1288,14:12:42,2.52,20160,80,卖盘
1289,14:12:45,2.53,1771,7,买盘
1290,14:12:54,2.52,25200,100,卖盘
1291,14:13:00,2.52,20413,81,卖盘
1292,14:13:09,2.52,252,1,卖盘
1293,14:13:21,2.52,5040,20,卖盘
1294,14:13:27,2.52,7308,29,卖盘
1295,14:13:30,2.53,1771,7,买盘
1296,14:13:33,2.52,3794,15,卖盘
1297,14:13:48,2.53,253,1,买盘
1298,14:14:03,2.53,1771,7,买盘
1299,14:14:06,2.53,1771,7,买盘
1300,14:14:21,2.52,6552,26,卖盘
1301,14:14:30,2.53,253,1,买盘
1302,14:14:33,2.53,253,1,买盘
1303,14:14:42,2.53,4554,18,买盘
1304,14:14:51,2.52,12096,48,卖盘
1305,14:14:54,2.52,7560,30,卖盘
1306,14:15:00,2.53,506,2,买盘
1307,14:15:03,2.52,4788,19,卖盘
1308,14:15:06,2.53,2277,9,买盘
1309,14:15:09,2.52,41848,166,卖盘
1310,14:15:12,2.53,8096,32,买盘
1311,14:15:21,2.52,12853,51,卖盘
1312,14:15:24,2.52,756,3,卖盘
1313,14:15:27,2.52,2023,8,卖盘
1314,14:15:42,2.52,2520,10,卖盘
1315,14:15:51,2.52,2268,9,卖盘
1316,14:16:12,2.52,98028,389,卖盘
1317,14:16:15,2.52,756,3,卖盘
1318,14:16:18,2.53,5803,23,买盘
1319,14:16:27,2.53,2024,8,买盘
1320,14:16:54,2.52,75600,300,卖盘
1321,14:17:45,2.52,252,1,卖盘
1322,14:18:00,2.52,505,2,卖盘
1323,14:18:09,2.53,253,1,买盘
1324,14:18:36,2.52,252,1,卖盘
1325,14:18:39,2.52,252,1,卖盘
1326,14:18:48,2.53,1771,7,买盘
1327,14:18:51,2.52,1512,6,卖盘
1328,14:19:00,2.52,756,3,卖盘
1329,14:19:03,2.52,758,3,卖盘
1330,14:19:06,2.52,504,2,卖盘
1331,14:19:09,2.52,756,3,卖盘
1332,14:19:12,2.53,253,1,买盘
1333,14:19:30,2.52,252,1,卖盘
1334,14:19:36,2.52,1260,5,卖盘
1335,14:19:39,2.53,506,2,买盘
1336,14:19:42,2.53,6050,24,买盘
1337,14:19:45,2.53,506,2,买盘
1338,14:19:57,2.52,2268,9,卖盘
1339,14:20:03,2.53,10120,40,买盘
1340,14:20:12,2.52,20160,80,卖盘
1341,14:20:15,2.52,378,2,卖盘
1342,14:20:21,2.52,252,1,卖盘
1343,14:20:30,2.52,252,1,卖盘
1344,14:20:33,2.52,1008,4,卖盘
1345,14:21:18,2.52,56952,226,卖盘
1346,14:21:24,2.53,1771,7,买盘
1347,14:21:54,2.53,253000,1000,买盘
1348,14:21:57,2.53,4807,19,买盘
1349,14:22:03,2.53,3795,15,买盘
1350,14:22:06,2.53,253,1,买盘
1351,14:22:24,2.52,47376,188,卖盘
1352,14:22:33,2.53,253,1,买盘
1353,14:23:09,2.53,253,1,买盘
1354,14:23:15,2.53,6321,25,买盘
1355,14:23:18,2.53,1771,7,买盘
1356,14:23:21,2.52,7813,31,卖盘
1357,14:23:24,2.53,7337,29,买盘
1358,14:23:27,2.53,12099,48,买盘
1359,14:23:36,2.52,1008,4,卖盘
1360,14:23:39,2.52,252,1,卖盘
1361,14:24:03,2.52,12600,50,卖盘
1362,14:24:06,2.52,10080,40,卖盘
1363,14:24:36,2.53,253,1,买盘
1364,14:24:39,2.53,759,3,买盘
1365,14:24:42,2.53,253,1,买盘
1366,14:24:45,2.52,504,2,卖盘
1367,14:25:12,2.52,5040,20,卖盘
1368,14:25:48,2.52,252,1,卖盘
1369,14:25:51,2.53,17710,70,买盘
1370,14:25:54,2.53,253,1,买盘
1371,14:26:09,2.53,1265,5,买盘
1372,14:26:12,2.52,6048,24,卖盘
1373,14:26:42,2.53,1765,7,买盘
1374,14:26:48,2.52,2016,8,卖盘
1375,14:26:51,2.52,504,2,卖盘
1376,14:27:03,2.53,177353,701,买盘
1377,14:27:06,2.53,71346,282,买盘
1378,14:27:09,2.52,2528,10,卖盘
1379,14:27:12,2.53,5060,20,买盘
1380,14:27:18,2.53,3289,13,买盘
1381,14:27:21,2.52,13104,52,卖盘
1382,14:27:24,2.53,17962,71,买盘
1383,14:27:27,2.53,1518,6,买盘
1384,14:27:39,2.53,506,2,买盘
1385,14:27:42,2.52,8064,32,卖盘
1386,14:27:45,2.52,757,3,卖盘
1387,14:27:48,2.53,5060,20,买盘
1388,14:27:54,2.53,210749,833,买盘
1389,14:27:57,2.53,14927,59,买盘
1390,14:28:03,2.53,60902,241,买盘
1391,14:28:06,2.53,506,2,买盘
1392,14:28:09,2.53,11132,44,买盘
1393,14:28:12,2.53,8592,34,买盘
1394,14:28:15,2.53,253,1,买盘
1395,14:28:18,2.53,1879221,7428,买盘
1396,14:28:21,2.54,23582,93,买盘
1397,14:28:24,2.53,5060,20,卖盘
1398,14:28:27,2.53,1265,5,卖盘
1399,14:28:30,2.53,2783,11,卖盘
1400,14:28:33,2.53,11891,47,卖盘
1401,14:28:36,2.53,5566,22,卖盘
1402,14:28:42,2.53,3795,15,卖盘
1403,14:28:45,2.53,17984,71,卖盘
1404,14:28:48,2.54,508,2,买盘
1405,14:28:51,2.54,55934,221,买盘
1406,14:28:54,2.54,1778,7,买盘
1407,14:28:57,2.54,5334,21,买盘
1408,14:29:03,2.54,1778,7,买盘
1409,14:29:06,2.54,1778,7,买盘
1410,14:29:12,2.53,2277,9,卖盘
1411,14:29:30,2.53,253,1,卖盘
1412,14:29:36,2.53,253,1,卖盘
1413,14:29:39,2.54,508,2,买盘
1414,14:29:42,2.53,26061,103,卖盘
1415,14:29:48,2.53,11638,46,卖盘
1416,14:29:51,2.53,506,2,卖盘
1417,14:29:57,2.53,7337,29,卖盘
1418,14:30:03,2.54,4064,16,买盘
1419,14:30:15,2.54,254,1,买盘
1420,14:30:33,2.53,253,1,卖盘
1421,14:30:54,2.54,1524,6,买盘
1422,14:30:57,2.54,254,1,买盘
1423,14:31:09,2.54,3810,15,买盘
1424,14:31:12,2.53,2024,8,卖盘
1425,14:31:15,2.53,6831,27,卖盘
1426,14:31:30,2.53,253,1,卖盘
1427,14:31:33,2.54,3302,13,买盘
1428,14:31:45,2.53,9867,39,卖盘
1429,14:31:48,2.53,9867,39,卖盘
1430,14:31:54,2.54,5061,20,买盘
1431,14:32:09,2.54,254,1,买盘
1432,14:32:42,2.53,6072,24,卖盘
1433,14:32:54,2.54,254,1,买盘
1434,14:32:57,2.54,3556,14,买盘
1435,14:33:00,2.54,7112,28,买盘
1436,14:33:09,2.54,254,1,买盘
1437,14:33:12,2.54,762,3,买盘
1438,14:33:15,2.54,1524,6,买盘
1439,14:33:24,2.54,1778,7,买盘
1440,14:33:27,2.53,2024,8,卖盘
1441,14:33:33,2.54,3556,14,买盘
1442,14:33:39,2.54,5334,21,买盘
1443,14:33:45,2.54,1778,7,买盘
1444,14:33:51,2.54,1778,7,买盘
1445,14:33:54,2.54,3556,14,买盘
1446,14:34:00,2.54,13208,52,买盘
1447,14:34:06,2.53,44542,176,卖盘
1448,14:34:09,2.54,2286,9,买盘
1449,14:34:18,2.54,1778,7,买盘
1450,14:34:21,2.54,5080,20,买盘
1451,14:34:30,2.54,1778,7,买盘
1452,14:34:33,2.54,254,1,买盘
1453,14:34:39,2.54,7874,31,买盘
1454,14:34:48,2.54,1778,7,买盘
1455,14:34:51,2.54,10160,40,买盘
1456,14:34:57,2.53,1265,5,卖盘
1457,14:35:15,2.54,508,2,买盘
1458,14:35:24,2.54,1524,6,买盘
1459,14:35:27,2.53,2024,8,卖盘
1460,14:35:36,2.53,25806,102,卖盘
1461,14:35:39,2.54,1778,7,买盘
1462,14:35:45,2.53,7590,30,卖盘
1463,14:35:51,2.53,11385,45,卖盘
1464,14:36:12,2.53,506,2,卖盘
1465,14:36:15,2.54,1778,7,买盘
1466,14:36:27,2.53,2783,11,卖盘
1467,14:36:30,2.54,1016,4,买盘
1468,14:36:33,2.53,4807,19,卖盘
1469,14:36:36,2.53,5060,20,卖盘
1470,14:36:45,2.53,2277,9,卖盘
1471,14:36:48,2.53,25300,100,卖盘
1472,14:36:51,2.54,2032,8,买盘
1473,14:37:09,2.54,762,3,买盘
1474,14:37:12,2.54,25400,100,买盘
1475,14:37:24,2.54,1778,7,买盘
1476,14:37:39,2.53,5313,21,卖盘
1477,14:37:54,2.54,1778,7,买盘
1478,14:38:00,2.54,3550,14,买盘
1479,14:38:03,2.53,506,2,卖盘
1480,14:38:12,2.54,6858,27,买盘
1481,14:38:21,2.54,1778,7,买盘
1482,14:38:24,2.54,6858,27,买盘
1483,14:38:30,2.54,3556,14,买盘
1484,14:38:33,2.53,2285,9,卖盘
1485,14:38:39,2.54,3048,12,买盘
1486,14:38:42,2.53,2031,8,卖盘
1487,14:38:48,2.54,254,1,买盘
1488,14:38:51,2.54,254,1,买盘
1489,14:38:54,2.54,508,2,买盘
1490,14:38:57,2.54,762,3,买盘
1491,14:39:00,2.54,254,1,买盘
1492,14:39:03,2.53,506,2,卖盘
1493,14:39:06,2.54,508,2,买盘
1494,14:39:09,2.53,48690,192,卖盘
1495,14:39:12,2.54,762,3,买盘
1496,14:39:15,2.53,253,1,卖盘
1497,14:39:24,2.54,96774,381,买盘
1498,14:39:27,2.54,5842,23,买盘
1499,14:39:30,2.54,1778,7,买盘
1500,14:39:33,2.54,2031,8,买盘
1501,14:39:36,2.53,6831,27,卖盘
1502,14:39:39,2.54,35051,138,买盘
1503,14:39:42,2.54,3810,15,买盘
1504,14:39:45,2.54,762,3,买盘
1505,14:39:48,2.54,762,3,买盘
1506,14:39:51,2.54,3048,12,买盘
1507,14:39:54,2.54,508,2,买盘
1508,14:39:57,2.54,508,2,买盘
1509,14:40:00,2.54,4572,18,买盘
1510,14:40:03,2.54,1778,7,买盘
1511,14:40:06,2.54,254,1,买盘
1512,14:40:09,2.54,1016,4,买盘
1513,14:40:12,2.54,2286,9,买盘
1514,14:40:15,2.54,254,1,买盘
1515,14:40:18,2.54,254,1,买盘
1516,14:40:21,2.54,3302,13,买盘
1517,14:40:24,2.54,1524,6,买盘
1518,14:40:27,2.54,2540,10,买盘
1519,14:40:30,2.53,11892,47,卖盘
1520,14:40:36,2.54,2540,10,买盘
1521,14:40:39,2.54,130556,514,买盘
1522,14:40:42,2.54,3556,14,买盘
1523,14:40:54,2.54,254,1,买盘
1524,14:41:00,2.54,254,1,买盘
1525,14:41:03,2.54,254,1,买盘
1526,14:41:06,2.53,36179,143,卖盘
1527,14:41:12,2.53,4554,18,卖盘
1528,14:41:15,2.54,1016,4,买盘
1529,14:41:18,2.54,254,1,买盘
1530,14:41:21,2.54,3302,13,买盘
1531,14:41:27,2.53,2530,10,卖盘
1532,14:41:33,2.54,2540,10,买盘
1533,14:41:36,2.53,114618,453,卖盘
1534,14:41:39,2.54,1523,6,买盘
1535,14:41:42,2.54,3048,12,买盘
1536,14:41:45,2.54,13970,55,买盘
1537,14:41:54,2.54,52577,207,买盘
1538,14:41:57,2.54,254,1,买盘
1539,14:42:03,2.53,2533,10,卖盘
1540,14:42:06,2.53,1269,5,卖盘
1541,14:42:09,2.53,16224,64,卖盘
1542,14:42:12,2.54,7620,30,买盘
1543,14:42:15,2.54,1016,4,买盘
1544,14:42:30,2.53,1771,7,卖盘
1545,14:42:33,2.54,9144,36,买盘
1546,14:42:45,2.54,1778,7,买盘
1547,14:43:06,2.53,13411,53,卖盘
1548,14:43:12,2.53,506,2,卖盘
1549,14:43:27,2.54,2032,8,买盘
1550,14:43:33,2.53,506,2,卖盘
1551,14:43:36,2.53,27078,107,卖盘
1552,14:43:51,2.53,1518,6,卖盘
1553,14:44:00,2.54,3556,14,买盘
1554,14:44:03,2.53,5314,21,卖盘
1555,14:44:09,2.53,7844,31,卖盘
1556,14:44:12,2.54,1015,4,买盘
1557,14:44:21,2.54,10414,41,买盘
1558,14:44:24,2.54,13970,55,买盘
1559,14:44:27,2.53,2278,9,卖盘
1560,14:44:33,2.54,508,2,买盘
1561,14:44:36,2.54,508,2,买盘
1562,14:44:39,2.54,4826,19,买盘
1563,14:44:42,2.53,54395,215,卖盘
1564,14:44:45,2.53,506,2,卖盘
1565,14:44:48,2.54,254,1,买盘
1566,14:44:54,2.54,4314,17,买盘
1567,14:44:57,2.54,1524,6,买盘
1568,14:45:00,2.53,2530,10,卖盘
1569,14:45:09,2.53,2031,8,卖盘
1570,14:45:12,2.53,25554,101,卖盘
1571,14:45:15,2.54,254,1,买盘
1572,14:45:21,2.53,506,2,卖盘
1573,14:45:24,2.54,3556,14,买盘
1574,14:45:27,2.54,254,1,买盘
1575,14:45:30,2.54,5333,21,买盘
1576,14:45:33,2.54,3556,14,买盘
1577,14:45:36,2.54,1778,7,买盘
1578,14:45:54,2.53,30360,120,卖盘
1579,14:46:00,2.53,11385,45,卖盘
1580,14:46:09,2.53,253,1,卖盘
1581,14:46:12,2.53,50347,199,卖盘
1582,14:46:15,2.53,253,1,卖盘
1583,14:46:18,2.54,254,1,买盘
1584,14:46:21,2.54,6086,24,买盘
1585,14:46:27,2.53,66573,263,卖盘
1586,14:46:30,2.54,762,3,买盘
1587,14:46:33,2.54,1016,4,买盘
1588,14:46:42,2.54,1778,7,买盘
1589,14:46:45,2.53,506,2,卖盘
1590,14:46:51,2.54,2031,8,买盘
1591,14:46:54,2.54,17984,71,买盘
1592,14:46:57,2.54,3810,15,买盘
1593,14:47:03,2.53,5060,20,卖盘
1594,14:47:06,2.53,1518,6,卖盘
1595,14:47:09,2.54,4315,17,买盘
1596,14:47:12,2.54,3302,13,买盘
1597,14:47:15,2.54,1778,7,买盘
1598,14:47:27,2.53,2530,10,卖盘
1599,14:47:42,2.54,3302,13,买盘
1600,14:47:45,2.54,4572,18,买盘
1601,14:47:51,2.54,4064,16,买盘
1602,14:47:57,2.54,2286,9,买盘
1603,14:48:00,2.54,254,1,买盘
1604,14:48:03,2.54,1778,7,买盘
1605,14:48:06,2.53,253,1,卖盘
1606,14:48:09,2.53,2783,11,卖盘
1607,14:48:18,2.54,3302,13,买盘
1608,14:48:27,2.53,253,1,卖盘
1609,14:48:30,2.54,5334,21,买盘
1610,14:48:33,2.54,1778,7,买盘
1611,14:48:39,2.53,2530,10,卖盘
1612,14:48:45,2.53,2278,9,卖盘
1613,14:48:54,2.54,4572,18,买盘
1614,14:48:57,2.53,162805,644,卖盘
1615,14:49:00,2.53,3542,14,卖盘
1616,14:49:03,2.53,3036,12,卖盘
1617,14:49:06,2.53,759,3,卖盘
1618,14:49:09,2.53,11132,44,卖盘
1619,14:49:21,2.54,1778,7,买盘
1620,14:49:24,2.53,1265,5,卖盘
1621,14:49:39,2.54,35052,138,买盘
1622,14:49:42,2.54,13462,53,买盘
1623,14:49:45,2.54,2540,10,买盘
1624,14:49:48,2.54,68580,270,买盘
1625,14:49:51,2.54,3810,15,买盘
1626,14:49:54,2.53,506,2,卖盘
1627,14:49:57,2.53,18723,74,卖盘
1628,14:50:00,2.54,69088,272,买盘
1629,14:50:03,2.54,6096,24,买盘
1630,14:50:06,2.54,508,2,买盘
1631,14:50:09,2.54,5334,21,买盘
1632,14:50:12,2.53,253,1,卖盘
1633,14:50:15,2.54,3810,15,买盘
1634,14:50:18,2.53,3809,15,卖盘
1635,14:50:21,2.53,2530,10,卖盘
1636,14:50:24,2.54,4064,16,买盘
1637,14:50:27,2.54,1524,6,买盘
1638,14:50:30,2.54,3302,13,买盘
1639,14:50:39,2.54,8890,35,买盘
1640,14:50:45,2.54,8128,32,买盘
1641,14:50:48,2.54,508,2,买盘
1642,14:50:51,2.54,35520,140,买盘
1643,14:50:54,2.53,1772,7,卖盘
1644,14:51:00,2.53,9368,37,卖盘
1645,14:51:03,2.54,1268,5,买盘
1646,14:51:06,2.54,1016,4,买盘
1647,14:51:09,2.53,6831,27,卖盘
