,成交时间,成交价格,成交金额,成交量,性质
0,09:25:03,2.56,582912,2277,卖盘
1,09:30:00,2.57,164737,641,买盘
2,09:30:03,2.56,116555,454,卖盘
3,09:30:06,2.57,59506,231,买盘
4,09:30:09,2.57,25700,100,卖盘
5,09:30:12,2.57,50372,196,卖盘
6,09:30:15,2.57,33414,130,卖盘
7,09:30:19,2.57,58221,227,买盘
8,09:30:21,2.57,220249,857,卖盘
9,09:30:24,2.57,74016,288,买盘
10,09:30:27,2.56,78383,305,卖盘
11,09:30:30,2.56,223070,868,卖盘
12,09:30:33,2.57,33410,130,买盘
13,09:30:36,2.57,108197,421,买盘
14,09:30:39,2.57,11804,46,买盘
15,09:30:43,2.57,16962,66,买盘
16,09:30:45,2.56,10240,40,卖盘
17,09:30:48,2.56,528701,2065,卖盘
18,09:30:52,2.57,536833,2097,买盘
19,09:30:55,2.56,12563,49,中性盘
20,09:30:57,2.55,6898,27,卖盘
21,09:31:00,2.56,512,2,买盘
22,09:31:03,2.55,55845,219,卖盘
23,09:31:09,2.55,38505,151,卖盘
24,09:31:12,2.55,4335,17,卖盘
25,09:31:16,2.55,39780,156,卖盘
26,09:31:19,2.55,11735,46,卖盘
27,09:31:21,2.56,5120,20,买盘
28,09:31:25,2.55,818040,3208,卖盘
29,09:31:27,2.55,25755,101,中性盘
30,09:31:30,2.54,254,1,卖盘
31,09:31:33,2.54,19624,77,卖盘
32,09:31:36,2.56,187711,735,买盘
33,09:31:39,2.55,510,2,中性盘
34,09:31:42,2.54,254,1,卖盘
35,09:31:45,2.55,117810,462,买盘
36,09:31:48,2.54,4826,19,卖盘
37,09:31:52,2.54,254,1,卖盘
38,09:31:54,2.54,180848,712,卖盘
39,09:31:57,2.54,5080,20,卖盘
40,09:32:00,2.54,113792,448,卖盘
41,09:32:03,2.54,16002,63,卖盘
42,09:32:07,2.54,5842,23,卖盘
43,09:32:09,2.55,6375,25,买盘
44,09:32:12,2.54,109475,431,卖盘
45,09:32:19,2.55,7650,30,买盘
46,09:32:21,2.54,11945,47,卖盘
47,09:32:27,2.54,762,3,卖盘
48,09:32:33,2.54,5088,20,卖盘
49,09:32:36,2.54,70618,278,卖盘
50,09:32:39,2.54,2032,8,卖盘
51,09:32:42,2.55,1020,4,买盘
52,09:32:45,2.54,61976,244,卖盘
53,09:32:51,2.55,1785,7,买盘
54,09:32:54,2.54,1556163,6128,卖盘
55,09:32:57,2.54,56216,222,买盘
56,09:33:00,2.53,25300,100,卖盘
57,09:33:03,2.53,845829,3343,卖盘
58,09:33:06,2.53,4554,18,卖盘
59,09:33:09,2.54,67310,265,买盘
60,09:33:12,2.53,32171,127,卖盘
61,09:33:15,2.54,59655,235,买盘
62,09:33:18,2.54,101600,400,买盘
63,09:33:25,2.54,4826,19,买盘
64,09:33:27,2.54,91380,360,买盘
65,09:33:30,2.54,17476,69,买盘
66,09:33:33,2.54,8890,35,买盘
67,09:33:36,2.53,20796,82,卖盘
68,09:33:39,2.54,33020,130,买盘
69,09:33:42,2.53,5566,22,卖盘
70,09:33:45,2.54,2540,10,买盘
71,09:33:48,2.53,56720,224,卖盘
72,09:33:51,2.54,7620,30,买盘
73,09:33:54,2.53,144969,573,卖盘
74,09:33:57,2.53,15433,61,卖盘
75,09:34:00,2.54,71769,283,买盘
76,09:34:03,2.54,14215,56,买盘
77,09:34:06,2.53,5313,21,卖盘
78,09:34:09,2.54,175583,694,买盘
79,09:34:15,2.53,73370,290,卖盘
80,09:34:24,2.53,9108,36,卖盘
81,09:34:27,2.53,1265,5,卖盘
82,09:34:30,2.53,759,3,卖盘
83,09:34:33,2.53,53889,213,卖盘
84,09:34:39,2.53,9614,38,卖盘
85,09:34:45,2.53,2530,10,卖盘
86,09:34:48,2.53,506,2,卖盘
87,09:34:51,2.53,3542,14,卖盘
88,09:34:54,2.53,11385,45,卖盘
89,09:35:00,2.54,2286,9,买盘
90,09:35:03,2.54,41587,164,买盘
91,09:35:06,2.53,9614,38,卖盘
92,09:35:09,2.53,7846,31,卖盘
93,09:35:12,2.54,14224,56,买盘
94,09:35:15,2.53,5070,20,卖盘
95,09:35:18,2.54,461010,1815,买盘
96,09:35:21,2.54,54102,213,卖盘
97,09:35:24,2.54,39116,154,卖盘
98,09:35:33,2.54,12700,50,卖盘
99,09:35:36,2.54,279400,1100,卖盘
100,09:35:39,2.54,20604,81,卖盘
101,09:35:45,2.55,5610,22,买盘
102,09:35:48,2.54,26670,105,卖盘
103,09:35:57,2.54,15240,60,卖盘
104,09:36:00,2.54,5080,20,卖盘
105,09:36:03,2.54,21354,84,卖盘
106,09:36:12,2.55,1273,5,买盘
107,09:36:21,2.54,2032,8,卖盘
108,09:36:27,2.54,44112,173,卖盘
109,09:36:33,2.55,255,1,买盘
110,09:36:36,2.55,255,1,买盘
111,09:36:39,2.54,25400,100,卖盘
112,09:36:45,2.54,2286,9,卖盘
113,09:36:54,2.54,5080,20,卖盘
114,09:37:03,2.55,53500,210,买盘
115,09:37:06,2.55,55840,219,买盘
116,09:37:09,2.55,40800,160,买盘
117,09:37:12,2.55,176970,694,买盘
118,09:37:15,2.55,31365,123,买盘
119,09:37:18,2.55,39525,155,买盘
120,09:37:21,2.55,164985,647,卖盘
121,09:37:24,2.55,16584,65,卖盘
122,09:37:33,2.56,70659,277,买盘
123,09:37:39,2.56,42179,165,买盘
124,09:37:42,2.56,38400,150,买盘
125,09:37:45,2.56,6398,25,买盘
126,09:37:48,2.56,2816,11,买盘
127,09:37:51,2.56,1536,6,买盘
128,09:37:54,2.55,9945,39,卖盘
129,09:38:01,2.55,68340,268,卖盘
130,09:38:03,2.56,8960,35,买盘
131,09:38:12,2.56,256,1,买盘
132,09:38:15,2.55,87210,342,卖盘
133,09:38:18,2.55,23205,91,卖盘
134,09:38:21,2.56,22016,86,买盘
135,09:38:24,2.56,1280,5,买盘
136,09:38:28,2.56,10752,42,买盘
137,09:38:30,2.55,77524,304,卖盘
138,09:39:03,2.55,13770,54,卖盘
139,09:39:09,2.55,776985,3047,卖盘
140,09:39:12,2.55,23205,91,买盘
141,09:39:15,2.55,20655,81,买盘
142,09:39:18,2.55,7395,29,买盘
143,09:39:21,2.55,3825,15,买盘
144,09:39:27,2.55,765,3,买盘
145,09:39:31,2.55,1530,6,买盘
146,09:39:36,2.55,30779,121,买盘
147,09:39:39,2.55,52270,205,买盘
148,09:39:42,2.54,12954,51,卖盘
149,09:39:45,2.54,76200,300,卖盘
150,09:39:48,2.54,1269492,4998,卖盘
151,09:39:51,2.54,1778,7,卖盘
152,09:40:01,2.54,12700,50,卖盘
153,09:40:03,2.54,25181,99,卖盘
154,09:40:06,2.54,20320,80,卖盘
155,09:40:09,2.54,15748,62,卖盘
156,09:40:15,2.54,5081,20,卖盘
157,09:40:21,2.54,14986,59,卖盘
158,09:40:33,2.55,33150,130,买盘
159,09:40:36,2.54,130665,514,卖盘
160,09:40:45,2.54,28449,112,卖盘
161,09:40:48,2.54,1270,5,卖盘
162,09:40:57,2.54,508,2,卖盘
163,09:41:09,2.54,4572,18,卖盘
164,09:41:15,2.55,38759,152,买盘
165,09:41:18,2.55,765,3,买盘
166,09:41:36,2.55,20655,81,买盘
167,09:42:03,2.54,190500,750,卖盘
168,09:42:06,2.54,23114,91,卖盘
169,09:42:12,2.54,9906,39,卖盘
170,09:42:19,2.54,254,1,卖盘
171,09:42:21,2.54,12700,50,卖盘
172,09:42:24,2.55,36465,143,买盘
173,09:42:27,2.54,15240,60,卖盘
174,09:42:33,2.54,1778,7,卖盘
175,09:42:42,2.54,762,3,卖盘
176,09:42:45,2.55,51244,201,买盘
177,09:42:48,2.55,4335,17,买盘
178,09:42:51,2.55,16320,64,买盘
179,09:42:57,2.54,68326,269,卖盘
180,09:43:03,2.54,1525,6,卖盘
181,09:43:09,2.54,15240,60,卖盘
182,09:43:12,2.55,10455,41,买盘
183,09:43:15,2.54,11724,46,卖盘
184,09:43:24,2.54,50800,200,卖盘
185,09:43:30,2.54,35814,141,卖盘
186,09:43:33,2.55,56903,224,买盘
187,09:43:36,2.55,4590,18,买盘
188,09:43:39,2.55,19890,78,买盘
189,09:43:42,2.55,2550,10,买盘
190,09:43:45,2.55,16065,63,买盘
191,09:43:48,2.55,71655,281,买盘
192,09:43:51,2.55,11977,47,买盘
193,09:43:54,2.54,27253,107,卖盘
194,09:44:00,2.55,255,1,买盘
195,09:44:06,2.55,41406,163,买盘
196,09:44:12,2.55,10200,40,买盘
197,09:44:21,2.55,255,1,买盘
198,09:44:25,2.55,5355,21,买盘
199,09:44:30,2.55,510,2,买盘
200,09:44:33,2.55,6622,26,买盘
201,09:44:36,2.55,765,3,买盘
202,09:44:39,2.55,1275,5,买盘
203,09:44:42,2.55,510,2,买盘
204,09:44:48,2.54,144272,568,卖盘
205,09:44:51,2.54,5081,20,卖盘
206,09:44:54,2.54,254,1,卖盘
207,09:45:00,2.54,3048,12,卖盘
208,09:45:03,2.54,37592,148,卖盘
209,09:45:06,2.54,10160,40,卖盘
210,09:45:09,2.54,5080,20,卖盘
211,09:45:15,2.54,3048,12,卖盘
212,09:45:24,2.54,762,3,卖盘
213,09:45:27,2.54,2032,8,卖盘
214,09:45:30,2.55,12750,50,买盘
215,09:45:48,2.54,3302,13,卖盘
216,09:45:54,2.54,3302,13,卖盘
217,09:45:57,2.54,5334,21,卖盘
218,09:46:00,2.54,254,1,卖盘
219,09:46:09,2.53,1682241,6623,卖盘
220,09:46:12,2.53,50602,200,卖盘
221,09:46:21,2.53,50600,200,卖盘
222,09:46:24,2.53,12650,50,卖盘
223,09:46:30,2.53,43516,172,卖盘
224,09:46:33,2.53,38456,152,卖盘
225,09:46:36,2.53,311266,1229,卖盘
226,09:46:39,2.54,3810,15,买盘
227,09:46:42,2.53,1265,5,卖盘
228,09:46:45,2.53,55159,218,卖盘
229,09:46:51,2.53,759,3,卖盘
230,09:46:57,2.53,22517,89,卖盘
231,09:47:00,2.53,3046,12,卖盘
232,09:47:06,2.54,6350,25,买盘
233,09:47:24,2.54,5074,20,买盘
234,09:47:33,2.53,4048,16,卖盘
235,09:47:39,2.54,254,1,买盘
236,09:47:42,2.53,28336,112,卖盘
237,09:48:03,2.53,104742,414,卖盘
238,09:48:06,2.53,2530,10,卖盘
239,09:48:15,2.53,25553,101,卖盘
240,09:48:18,2.53,7843,31,卖盘
241,09:48:27,2.53,14421,57,卖盘
242,09:48:30,2.53,2024,8,卖盘
243,09:48:33,2.54,13419,53,买盘
244,09:48:42,2.54,1016,4,买盘
245,09:48:45,2.53,31878,126,卖盘
246,09:48:48,2.54,254254,1001,买盘
247,09:48:52,2.54,174498,687,买盘
248,09:48:54,2.54,15494,61,买盘
249,09:48:57,2.53,14471,57,卖盘
250,09:49:01,2.54,107526,425,买盘
251,09:49:21,2.54,51054,201,买盘
252,09:49:24,2.54,17272,68,买盘
253,09:49:33,2.54,36280,143,买盘
254,09:49:36,2.54,19812,78,买盘
255,09:49:42,2.53,506254,2001,卖盘
256,09:49:48,2.53,253,1,卖盘
257,09:49:51,2.54,6598,26,买盘
258,09:49:54,2.54,539883,2126,买盘
259,09:50:03,2.54,254,1,买盘
260,09:50:06,2.54,7874,31,买盘
261,09:50:09,2.53,8611,34,卖盘
262,09:50:15,2.53,2024,8,卖盘
263,09:50:18,2.54,508,2,买盘
264,09:50:21,2.54,133604,526,买盘
265,09:50:24,2.54,5588,22,卖盘
266,09:50:27,2.54,1524,6,卖盘
267,09:50:30,2.54,32004,126,卖盘
268,09:50:42,2.54,5080,20,卖盘
269,09:50:45,2.54,762,3,卖盘
270,09:50:48,2.54,19812,78,卖盘
271,09:50:51,2.55,255,1,买盘
272,09:51:03,2.54,11201,44,卖盘
273,09:51:06,2.55,52018,204,买盘
274,09:51:09,2.55,255,1,买盘
275,09:51:15,2.55,76500,300,买盘
276,09:51:21,2.54,9652,38,卖盘
277,09:51:30,2.54,3048,12,卖盘
278,09:51:39,2.55,2550,10,买盘
279,09:51:54,2.55,510,2,买盘
280,09:51:57,2.55,510,2,买盘
281,09:52:01,2.55,1785,7,买盘
282,09:52:03,2.54,8896,35,卖盘
283,09:52:06,2.55,1275,5,买盘
284,09:52:12,2.55,3825,15,买盘
285,09:52:15,2.54,67394,265,卖盘
286,09:52:18,2.55,3825,15,买盘
287,09:52:36,2.55,571200,2240,买盘
288,09:52:42,2.56,256,1,买盘
289,09:52:49,2.56,51200,200,买盘
290,09:52:57,2.55,215475,845,卖盘
291,09:53:03,2.55,2040,8,卖盘
292,09:53:24,2.56,256,1,买盘
293,09:53:27,2.55,2040,8,卖盘
294,09:53:30,2.56,2304,9,买盘
295,09:53:33,2.55,13515,53,卖盘
296,09:53:45,2.56,256,1,买盘
297,09:53:51,2.55,129034,506,卖盘
298,09:54:06,2.55,4845,19,卖盘
299,09:54:18,2.56,1792,7,买盘
300,09:54:27,2.55,255,1,卖盘
301,09:54:33,2.56,256,1,买盘
302,09:54:51,2.56,5120,20,买盘
303,09:54:54,2.55,66575,261,卖盘
304,09:54:57,2.56,728064,2844,买盘
305,09:55:00,2.57,1794,7,买盘
306,09:55:03,2.56,102145,399,卖盘
307,09:55:06,2.57,531719,2069,买盘
308,09:55:09,2.57,198920,774,卖盘
309,09:55:12,2.59,560629,2174,买盘
310,09:55:15,2.59,321678,1242,买盘
311,09:55:18,2.59,415112,1603,买盘
312,09:55:21,2.6,260,1,买盘
313,09:55:24,2.6,2760831,10619,买盘
314,09:55:27,2.6,50440,194,买盘
315,09:55:30,2.6,2600,10,买盘
316,09:55:33,2.6,360530,1389,买盘
317,09:55:36,2.6,150780,580,买盘
318,09:55:39,2.6,112320,432,买盘
319,09:55:42,2.59,1837617,7093,卖盘
320,09:55:45,2.59,264423,1019,买盘
321,09:55:48,2.59,45843,177,买盘
322,09:55:51,2.59,197876,764,买盘
323,09:55:54,2.59,62708,242,卖盘
324,09:55:58,2.59,24140,93,卖盘
325,09:56:00,2.59,200234,771,卖盘
326,09:56:03,2.58,1203204,4646,卖盘
327,09:56:06,2.59,415118,1604,买盘
328,09:56:09,2.59,23051,89,买盘
329,09:56:12,2.59,980833,3787,买盘
330,09:56:15,2.59,372556,1439,卖盘
331,09:56:18,2.6,56821,219,买盘
332,09:56:21,2.6,31623,122,买盘
333,09:56:25,2.6,10380,40,买盘
334,09:56:27,2.6,100620,387,买盘
335,09:56:30,2.6,620095,2385,买盘
336,09:56:33,2.6,1300,5,卖盘
337,09:56:36,2.6,5988,23,卖盘
338,09:56:40,2.6,110444,425,卖盘
339,09:56:42,2.6,26779,103,买盘
340,09:56:45,2.6,2858,11,买盘
341,09:56:48,2.6,881316,3395,买盘
342,09:56:51,2.6,217619,837,买盘
343,09:56:54,2.6,1038,4,买盘
344,09:56:57,2.6,197359,762,买盘
345,09:57:00,2.6,14040,54,买盘
346,09:57:03,2.6,85280,328,买盘
347,09:57:06,2.6,39000,150,买盘
348,09:57:09,2.6,10400,40,买盘
349,09:57:12,2.6,1560,6,买盘
350,09:57:15,2.6,363480,1398,买盘
351,09:57:18,2.6,76440,294,买盘
352,09:57:21,2.59,613325,2368,卖盘
353,09:57:24,2.6,915428,3521,买盘
354,09:57:27,2.6,461660,1776,卖盘
355,09:57:30,2.63,3125031,11954,买盘
356,09:57:33,2.64,1367761,5201,买盘
357,09:57:36,2.64,201321,763,买盘
358,09:57:39,2.64,280612,1063,买盘
359,09:57:42,2.64,340554,1290,买盘
360,09:57:46,2.64,395208,1497,买盘
361,09:57:48,2.64,713069,2695,买盘
362,09:57:52,2.64,1681484,6380,卖盘
363,09:57:54,2.63,2972845,11339,卖盘
364,09:57:57,2.62,1582193,6060,中性盘
365,09:58:00,2.63,201078,767,买盘
366,09:58:03,2.62,135170,516,买盘
367,09:58:06,2.62,91176,348,买盘
368,09:58:09,2.61,1254279,4792,卖盘
369,09:58:12,2.61,124410,478,买盘
370,09:58:15,2.61,29232,112,买盘
371,09:58:18,2.61,92916,356,买盘
372,09:58:21,2.61,22968,88,买盘
373,09:58:24,2.61,151641,581,买盘
374,09:58:27,2.61,113002,433,买盘
375,09:58:30,2.6,141201,541,卖盘
376,09:58:33,2.61,22446,86,买盘
377,09:58:36,2.61,13050,50,买盘
378,09:58:39,2.61,73863,283,买盘
379,09:58:43,2.6,90296,346,卖盘
380,09:58:45,2.61,109293,419,买盘
381,09:58:48,2.61,33929,130,买盘
382,09:58:51,2.61,133371,511,买盘
383,09:58:54,2.61,39411,151,买盘
384,09:58:57,2.61,96537,370,买盘
385,09:59:00,2.61,85342,328,买盘
386,09:59:03,2.6,1075424,4136,卖盘
387,09:59:06,2.6,120152,461,买盘
388,09:59:09,2.6,82940,319,买盘
389,09:59:12,2.59,84824,327,卖盘
390,09:59:15,2.6,9880,38,买盘
391,09:59:18,2.6,42355,163,买盘
392,09:59:21,2.59,13259,51,卖盘
393,09:59:25,2.6,1560,6,买盘
394,09:59:27,2.6,20280,78,买盘
395,09:59:30,2.59,15339,59,卖盘
396,09:59:33,2.6,234260,901,买盘
397,09:59:36,2.59,3116,12,卖盘
398,09:59:39,2.6,23140,89,买盘
399,09:59:42,2.6,57540,222,买盘
400,09:59:46,2.6,2080,8,买盘
401,09:59:51,2.6,260,1,买盘
402,09:59:54,2.59,26470,102,卖盘
403,09:59:57,2.6,13470,52,买盘
404,10:00:01,2.6,32500,125,买盘
405,10:00:04,2.6,44664,172,买盘
406,10:00:07,2.59,46518,179,卖盘
407,10:00:09,2.6,287764,1107,买盘
408,10:00:12,2.6,54600,210,买盘
409,10:00:15,2.6,520,2,买盘
410,10:00:18,2.6,36660,141,买盘
411,10:00:21,2.59,16835,65,卖盘
412,10:00:24,2.6,7280,28,买盘
413,10:00:27,2.59,80549,311,卖盘
414,10:00:30,2.6,298042,1150,买盘
415,10:00:33,2.6,83926,324,买盘
416,10:00:36,2.6,137425,530,买盘
417,10:00:39,2.6,89623,346,买盘
418,10:00:42,2.59,734161,2834,卖盘
419,10:00:45,2.59,191919,741,卖盘
420,10:00:48,2.59,65009,251,卖盘
421,10:00:51,2.59,46361,179,买盘
422,10:00:55,2.59,777,3,买盘
423,10:01:01,2.59,108111,418,买盘
424,10:01:03,2.58,39577,153,卖盘
425,10:01:06,2.58,20906,81,卖盘
426,10:01:09,2.58,11610,45,卖盘
427,10:01:12,2.58,2322,9,卖盘
428,10:01:21,2.58,1290,5,卖盘
429,10:01:24,2.58,5676,22,卖盘
430,10:01:27,2.58,7244,28,卖盘
431,10:01:36,2.59,3626,14,买盘
432,10:01:39,2.58,2580,10,卖盘
433,10:01:42,2.58,39990,155,卖盘
434,10:01:45,2.58,516,2,卖盘
435,10:01:48,2.59,43512,168,买盘
436,10:01:51,2.58,39266,152,卖盘
437,10:01:54,2.58,11367,44,卖盘
438,10:02:00,2.59,9582,37,买盘
439,10:02:03,2.58,2173365,8424,卖盘
440,10:02:07,2.57,186592,726,卖盘
441,10:02:09,2.58,773,3,买盘
442,10:02:18,2.58,22188,86,买盘
443,10:02:21,2.58,25800,100,买盘
444,10:02:27,2.57,65580,255,卖盘
445,10:02:30,2.58,39216,152,买盘
446,10:02:34,2.57,26985,105,卖盘
447,10:02:45,2.58,9804,38,买盘
448,10:02:48,2.57,1799,7,卖盘
449,10:02:51,2.58,516,2,买盘
450,10:03:00,2.58,4386,17,买盘
451,10:03:06,2.58,16719,65,买盘
452,10:03:10,2.57,2056,8,卖盘
453,10:03:15,2.58,156348,606,买盘
454,10:03:18,2.58,1032,4,买盘
455,10:03:21,2.58,26316,102,买盘
456,10:03:27,2.57,28280,110,卖盘
457,10:03:30,2.58,258,1,买盘
458,10:03:39,2.58,22188,86,买盘
459,10:03:42,2.58,4386,17,买盘
460,10:03:45,2.58,7740,30,买盘
461,10:03:48,2.58,11610,45,买盘
462,10:03:51,2.58,51084,198,买盘
463,10:03:54,2.57,16962,66,卖盘
464,10:03:57,2.58,192468,746,买盘
465,10:04:00,2.58,333336,1292,买盘
466,10:04:03,2.58,27090,105,买盘
467,10:04:06,2.58,18060,70,买盘
468,10:04:09,2.58,2580,10,买盘
469,10:04:13,2.58,12900,50,买盘
470,10:04:16,2.58,258,1,买盘
471,10:04:21,2.58,31218,121,买盘
472,10:04:27,2.58,8256,32,买盘
473,10:04:30,2.58,14190,55,买盘
474,10:04:33,2.58,116100,450,买盘
475,10:04:36,2.58,774,3,买盘
476,10:04:39,2.58,3612,14,买盘
477,10:04:42,2.58,6450,25,买盘
478,10:04:45,2.57,8253,32,卖盘
479,10:04:48,2.58,181374,703,买盘
480,10:04:51,2.58,33539,130,买盘
481,10:04:54,2.57,1285,5,卖盘
482,10:05:03,2.58,51600,200,买盘
483,10:05:06,2.58,258,1,买盘
484,10:05:09,2.58,46440,180,买盘
485,10:05:15,2.58,5160,20,买盘
486,10:05:18,2.58,2838,11,买盘
487,10:05:21,2.58,11610,45,买盘
488,10:05:24,2.57,130804,507,卖盘
489,10:05:27,2.58,11832,46,买盘
490,10:05:30,2.58,5934,23,买盘
491,10:05:33,2.58,774,3,买盘
492,10:05:45,2.58,2580,10,买盘
493,10:05:52,2.58,2580,10,买盘
494,10:05:54,2.58,6192,24,买盘
495,10:05:57,2.58,25800,100,买盘
496,10:06:03,2.57,141864,552,卖盘
497,10:06:06,2.58,11571,45,买盘
498,10:06:12,2.58,25800,100,买盘
499,10:06:15,2.58,5160,20,买盘
500,10:06:18,2.57,11308,44,卖盘
501,10:06:22,2.57,26471,103,卖盘
502,10:06:24,2.58,13415,52,买盘
503,10:06:27,2.58,15480,60,买盘
504,10:06:34,2.58,21414,83,买盘
505,10:06:42,2.58,3870,15,买盘
506,10:06:45,2.57,3341,13,卖盘
507,10:06:48,2.58,90300,350,买盘
508,10:06:57,2.58,73846,287,买盘
509,10:07:03,2.57,26728,104,卖盘
510,10:07:06,2.58,516,2,买盘
511,10:07:12,2.57,238431,927,卖盘
512,10:07:18,2.57,48930,190,卖盘
513,10:07:21,2.57,138266,538,卖盘
514,10:07:24,2.57,66049,257,卖盘
515,10:07:27,2.57,1542,6,卖盘
516,10:07:30,2.57,11308,44,卖盘
517,10:07:33,2.57,3860,15,卖盘
518,10:07:36,2.57,31097,121,卖盘
519,10:07:42,2.57,2827,11,卖盘
520,10:07:45,2.57,11308,44,卖盘
521,10:07:48,2.57,1028,4,卖盘
522,10:07:51,2.57,39579,154,卖盘
523,10:07:54,2.57,6425,25,卖盘
524,10:07:57,2.57,13364,52,卖盘
525,10:08:00,2.58,7733,30,买盘
526,10:08:03,2.57,25700,100,卖盘
527,10:08:06,2.57,111538,434,卖盘
528,10:08:10,2.57,459002,1786,卖盘
529,10:08:12,2.57,25957,101,买盘
530,10:08:15,2.57,771,3,买盘
531,10:08:19,2.57,514,2,买盘
532,10:08:21,2.57,33370,130,买盘
533,10:08:24,2.57,23387,91,卖盘
534,10:08:27,2.57,78879,307,卖盘
535,10:08:30,2.57,2827,11,买盘
536,10:08:34,2.57,1285,5,买盘
537,10:08:43,2.57,15420,60,卖盘
538,10:08:46,2.57,4883,19,卖盘
539,10:08:48,2.57,42405,165,卖盘
540,10:08:51,2.57,15677,61,卖盘
541,10:08:54,2.57,1799,7,卖盘
542,10:08:57,2.57,18761,73,卖盘
543,10:09:00,2.57,1028,4,卖盘
544,10:09:03,2.56,2568,10,卖盘
545,10:09:07,2.57,2570,10,买盘
546,10:09:18,2.57,54227,211,买盘
547,10:09:24,2.57,5397,21,买盘
548,10:09:31,2.57,25700,100,买盘
549,10:09:39,2.57,1285,5,买盘
550,10:10:03,2.57,9766,38,买盘
551,10:10:24,2.57,51400,200,买盘
552,10:10:27,2.56,7452,29,卖盘
553,10:10:33,2.56,23813,93,卖盘
554,10:10:36,2.57,1028,4,买盘
555,10:10:39,2.57,17476,68,买盘
556,10:10:42,2.57,8738,34,买盘
557,10:10:45,2.57,8995,35,买盘
558,10:10:48,2.57,350548,1364,买盘
559,10:10:51,2.57,514,2,卖盘
560,10:11:10,2.58,16254,63,买盘
561,10:11:31,2.57,1542,6,卖盘
562,10:11:33,2.58,4128,16,买盘
563,10:11:54,2.58,37926,147,买盘
564,10:11:57,2.58,76008,295,买盘
565,10:12:15,2.57,257,1,卖盘
566,10:12:25,2.57,257,1,卖盘
567,10:12:34,2.58,515,2,买盘
568,10:12:36,2.57,7710,30,卖盘
569,10:12:39,2.58,516,2,买盘
570,10:12:42,2.58,19300,75,买盘
571,10:12:45,2.58,516,2,买盘
572,10:12:54,2.57,1542,6,卖盘
573,10:13:06,2.57,62708,244,卖盘
574,10:13:09,2.57,16705,65,卖盘
575,10:13:12,2.57,59367,231,卖盘
576,10:13:15,2.57,138266,538,卖盘
577,10:13:22,2.57,288868,1124,卖盘
578,10:13:24,2.57,8481,33,买盘
579,10:13:28,2.57,1799,7,买盘
580,10:13:30,2.57,1028,4,买盘
581,10:13:33,2.57,77357,301,买盘
582,10:13:37,2.57,48316,188,买盘
583,10:13:39,2.57,18247,71,买盘
584,10:13:42,2.57,1542,6,买盘
585,10:13:48,2.57,15420,60,买盘
586,10:13:54,2.57,77357,301,买盘
587,10:13:57,2.57,11812,46,买盘
588,10:14:01,2.57,4883,19,买盘
589,10:14:06,2.57,22616,88,买盘
590,10:14:21,2.57,5930,23,卖盘
591,10:14:27,2.57,5140,20,卖盘
592,10:14:33,2.57,4112,16,卖盘
593,10:14:36,2.57,110510,430,卖盘
594,10:14:39,2.57,101515,395,卖盘
595,10:14:42,2.57,66563,259,卖盘
596,10:14:45,2.57,50372,196,卖盘
597,10:14:48,2.57,771,3,卖盘
598,10:14:51,2.58,774,3,买盘
599,10:14:57,2.57,2056,8,卖盘
600,10:15:06,2.57,5140,20,卖盘
601,10:15:15,2.58,2580,10,买盘
602,10:15:21,2.57,2827,11,卖盘
603,10:15:30,2.57,4883,19,卖盘
604,10:15:33,2.58,26571,103,买盘
605,10:15:42,2.57,7967,31,卖盘
606,10:15:45,2.58,51600,200,买盘
607,10:15:49,2.58,6192,24,买盘
608,10:15:54,2.58,5676,22,买盘
609,10:15:57,2.57,923387,3591,卖盘
610,10:16:01,2.57,31354,122,卖盘
611,10:16:03,2.57,66573,259,卖盘
612,10:16:07,2.57,6682,26,买盘
613,10:16:09,2.57,68105,265,买盘
614,10:16:12,2.57,514,2,买盘
615,10:16:27,2.57,41634,162,买盘
616,10:16:30,2.57,163452,636,买盘
617,10:16:33,2.57,47031,183,买盘
618,10:16:36,2.57,71189,277,买盘
619,10:16:39,2.57,64250,250,买盘
620,10:16:43,2.57,18504,72,买盘
621,10:16:45,2.57,13107,51,买盘
622,10:16:51,2.56,12800,50,卖盘
623,10:16:57,2.56,18944,74,卖盘
624,10:17:01,2.57,31868,124,买盘
625,10:17:18,2.57,6939,27,买盘
626,10:17:21,2.56,512,2,卖盘
627,10:17:28,2.57,7196,28,买盘
628,10:17:39,2.56,3840,15,卖盘
629,10:17:51,2.57,5140,20,买盘
630,10:17:55,2.57,2313,9,买盘
631,10:18:01,2.57,26471,103,买盘
632,10:18:09,2.57,2313,9,买盘
633,10:18:12,2.57,5397,21,买盘
634,10:18:15,2.57,5140,20,买盘
635,10:18:22,2.56,12800,50,卖盘
636,10:18:24,2.56,768,3,卖盘
637,10:18:30,2.57,12850,50,买盘
638,10:18:36,2.57,42148,164,买盘
639,10:18:40,2.56,1280,5,卖盘
640,10:18:43,2.56,12800,50,卖盘
641,10:18:46,2.57,12850,50,买盘
642,10:18:48,2.57,8224,32,买盘
643,10:19:00,2.57,72474,282,买盘
644,10:19:21,2.57,135439,527,买盘
645,10:19:27,2.57,12850,50,买盘
646,10:19:30,2.57,2313,9,买盘
647,10:19:33,2.57,365661,1423,买盘
648,10:19:36,2.57,514,2,卖盘
649,10:19:43,2.58,12900,50,买盘
650,10:19:54,2.57,282186,1098,卖盘
651,10:19:57,2.57,130299,507,卖盘
652,10:20:00,2.57,771,3,买盘
653,10:20:03,2.57,10280,40,买盘
654,10:20:06,2.57,4625,18,买盘
655,10:20:09,2.57,73245,285,买盘
656,10:20:13,2.57,3084,12,买盘
657,10:20:27,2.57,5397,21,买盘
658,10:20:30,2.57,6682,26,买盘
659,10:20:36,2.57,514,2,买盘
660,10:20:39,2.57,257,1,买盘
661,10:20:54,2.56,512,2,卖盘
662,10:21:12,2.57,514,2,买盘
663,10:21:15,2.57,181956,708,买盘
664,10:21:18,2.57,96632,376,买盘
665,10:21:21,2.57,19532,76,买盘
666,10:21:24,2.57,151944,592,买盘
667,10:21:27,2.57,12850,50,卖盘
668,10:21:31,2.57,19789,77,卖盘
669,10:21:33,2.57,26471,103,卖盘
670,10:21:36,2.57,79145,308,卖盘
671,10:21:39,2.57,10280,40,买盘
672,10:21:43,2.57,257,1,买盘
673,10:21:48,2.57,257,1,买盘
674,10:21:51,2.56,5120,20,卖盘
675,10:22:09,2.56,256,1,卖盘
676,10:22:16,2.56,15616,61,卖盘
677,10:22:27,2.57,2570,10,买盘
678,10:22:30,2.56,2560,10,卖盘
679,10:22:48,2.57,771,3,买盘
680,10:22:55,2.57,33667,131,买盘
681,10:22:57,2.57,60395,235,买盘
682,10:23:00,2.56,1280,5,卖盘
683,10:23:13,2.57,771,3,买盘
684,10:23:16,2.57,514,2,买盘
685,10:23:21,2.56,4616,18,卖盘
686,10:23:28,2.57,2313,9,买盘
687,10:23:54,2.57,47248,184,买盘
688,10:24:09,2.57,512715,1995,买盘
689,10:24:12,2.57,4112,16,卖盘
690,10:24:19,2.58,5160,20,买盘
691,10:24:30,2.58,258,1,买盘
692,10:25:24,2.58,516,2,买盘
693,10:25:54,2.58,258,1,买盘
694,10:25:57,2.58,3612,14,买盘
695,10:26:18,2.58,12900,50,买盘
696,10:26:21,2.58,18318,71,买盘
697,10:26:24,2.57,171162,666,卖盘
698,10:26:33,2.58,42570,165,买盘
699,10:26:39,2.58,32250,125,买盘
700,10:26:43,2.57,3084,12,卖盘
701,10:26:48,2.57,257,1,卖盘
702,10:26:54,2.58,2580,10,买盘
703,10:27:03,2.58,19350,75,买盘
704,10:27:15,2.58,258,1,买盘
705,10:27:18,2.58,3612,14,买盘
706,10:27:24,2.57,38393,149,卖盘
707,10:27:36,2.57,514,2,卖盘
708,10:27:39,2.57,10280,40,卖盘
709,10:27:42,2.58,7482,29,买盘
710,10:27:54,2.57,257,1,卖盘
711,10:28:03,2.57,25700,100,卖盘
712,10:28:06,2.57,771,3,卖盘
713,10:28:13,2.57,257,1,卖盘
714,10:28:18,2.57,3341,13,卖盘
715,10:28:21,2.58,12900,50,买盘
716,10:28:24,2.57,514,2,卖盘
717,10:28:57,2.58,3612,14,买盘
718,10:29:00,2.58,1806,7,买盘
719,10:29:10,2.58,1806,7,买盘
720,10:29:13,2.57,2570,10,卖盘
721,10:29:27,2.57,257,1,卖盘
722,10:29:31,2.58,3096,12,买盘
723,10:29:33,2.57,4884,19,卖盘
724,10:29:36,2.58,258,1,买盘
725,10:29:39,2.57,2827,11,卖盘
726,10:29:48,2.57,257,1,卖盘
727,10:29:57,2.58,258,1,买盘
728,10:30:01,2.57,2570,10,卖盘
729,10:30:03,2.58,1806,7,买盘
730,10:30:06,2.57,257,1,卖盘
731,10:30:15,2.57,6682,26,卖盘
732,10:30:18,2.57,6426,25,卖盘
733,10:30:48,2.57,12850,50,卖盘
734,10:30:54,2.58,51600,200,买盘
735,10:30:57,2.57,31611,123,卖盘
736,10:31:03,2.57,1799,7,卖盘
737,10:32:03,2.58,516,2,买盘
738,10:32:25,2.58,1806,7,买盘
739,10:32:27,2.58,1806,7,买盘
740,10:32:33,2.58,1806,7,买盘
741,10:32:39,2.58,1806,7,买盘
742,10:32:42,2.58,7224,28,买盘
743,10:32:48,2.58,29412,114,买盘
744,10:32:57,2.58,3096,12,买盘
745,10:33:00,2.58,3612,14,买盘
746,10:33:03,2.58,4384,17,买盘
747,10:33:06,2.58,6961,27,买盘
748,10:33:09,2.58,1806,7,买盘
749,10:33:12,2.58,7224,28,买盘
750,10:33:15,2.58,3612,14,买盘
751,10:33:22,2.58,17286,67,买盘
752,10:33:24,2.57,3084,12,卖盘
753,10:33:27,2.58,29670,115,买盘
754,10:33:30,2.58,258,1,买盘
755,10:33:42,2.58,1290,5,买盘
756,10:33:45,2.58,25284,98,买盘
757,10:34:12,2.58,1806,7,买盘
758,10:34:18,2.58,3096,12,买盘
759,10:34:27,2.58,258,1,买盘
760,10:34:33,2.57,1028,4,卖盘
761,10:34:42,2.57,12850,50,卖盘
762,10:34:45,2.57,5140,20,卖盘
763,10:34:48,2.58,1806,7,买盘
764,10:34:54,2.58,7224,28,买盘
765,10:35:06,2.57,30583,119,卖盘
766,10:35:18,2.58,16770,65,买盘
767,10:35:21,2.58,11352,44,买盘
768,10:35:24,2.58,80249,312,买盘
769,10:35:27,2.58,9030,35,买盘
770,10:35:30,2.58,5676,22,买盘
771,10:35:33,2.58,32766,127,买盘
772,10:35:36,2.58,63190,245,买盘
773,10:35:39,2.58,17028,66,买盘
774,10:35:42,2.58,2580,10,买盘
775,10:35:45,2.58,3870,15,买盘
776,10:35:57,2.58,5160,20,买盘
777,10:36:06,2.57,50372,196,卖盘
778,10:36:21,2.57,3341,13,卖盘
779,10:36:24,2.57,5654,22,卖盘
780,10:36:33,2.57,53199,207,卖盘
781,10:36:36,2.57,5654,22,卖盘
782,10:36:42,2.58,53289,207,买盘
783,10:36:46,2.58,26813,104,买盘
784,10:36:51,2.57,16448,64,卖盘
785,10:36:54,2.57,114622,446,卖盘
786,10:36:57,2.57,118734,462,卖盘
787,10:37:00,2.57,70932,276,卖盘
788,10:37:04,2.57,6168,24,卖盘
789,10:37:07,2.57,60909,237,卖盘
790,10:37:09,2.57,257,1,卖盘
791,10:37:12,2.57,5397,21,卖盘
792,10:37:18,2.57,2313,9,卖盘
793,10:37:21,2.57,88432,343,卖盘
794,10:37:36,2.57,514,2,卖盘
795,10:37:39,2.57,6946,27,卖盘
796,10:37:51,2.57,10540,41,卖盘
797,10:38:06,2.57,3348,13,卖盘
798,10:38:09,2.57,1029,4,卖盘
799,10:38:12,2.57,4883,19,卖盘
800,10:38:21,2.58,5418,21,买盘
801,10:38:33,2.58,516,2,买盘
802,10:38:48,2.58,5147,20,买盘
803,10:38:51,2.58,4630,18,买盘
804,10:38:54,2.58,5160,20,买盘
805,10:39:00,2.58,258,1,买盘
806,10:39:10,2.57,345665,1345,卖盘
807,10:39:12,2.57,79690,310,卖盘
808,10:39:15,2.57,514,2,卖盘
809,10:39:18,2.57,8738,34,卖盘
810,10:39:34,2.58,9513,37,买盘
811,10:39:36,2.58,2322,9,买盘
812,10:39:42,2.57,5140,20,卖盘
813,10:39:45,2.58,1806,7,买盘
814,10:39:48,2.58,516,2,买盘
815,10:39:55,2.58,36120,140,买盘
816,10:39:57,2.58,2838,11,买盘
817,10:40:00,2.58,3870,15,买盘
818,10:40:06,2.58,4638,18,买盘
819,10:40:15,2.58,105480,410,买盘
820,10:40:21,2.57,257,1,卖盘
821,10:40:24,2.57,31868,124,卖盘
822,10:40:27,2.57,3598,14,卖盘
823,10:40:30,2.57,52014,202,卖盘
824,10:40:33,2.57,2827,11,卖盘
825,10:40:48,2.57,2056,8,卖盘
826,10:41:00,2.58,1806,7,买盘
827,10:41:12,2.57,257,1,卖盘
828,10:41:15,2.58,5925,23,买盘
829,10:41:18,2.57,1028,4,卖盘
830,10:41:22,2.57,6939,27,卖盘
831,10:41:24,2.58,5668,22,买盘
832,10:41:27,2.58,3612,14,买盘
833,10:41:30,2.58,258,1,买盘
834,10:41:33,2.57,514,2,卖盘
835,10:41:36,2.57,43690,170,卖盘
836,10:41:39,2.57,4626,18,卖盘
837,10:41:42,2.57,9252,36,卖盘
838,10:41:49,2.57,489439,1905,卖盘
839,10:41:51,2.57,26214,102,买盘
840,10:41:54,2.57,257,1,买盘
841,10:41:57,2.57,771,3,买盘
842,10:42:00,2.57,771,3,买盘
843,10:42:24,2.57,44975,175,买盘
844,10:42:30,2.57,6682,26,买盘
845,10:42:49,2.57,1542,6,买盘
846,10:43:00,2.56,3840,15,卖盘
847,10:43:03,2.56,256,1,卖盘
848,10:43:33,2.57,257,1,买盘
849,10:43:39,2.57,514,2,买盘
850,10:44:03,2.56,256,1,卖盘
851,10:44:09,2.56,256,1,卖盘
852,10:44:27,2.56,256,1,卖盘
853,10:44:30,2.57,7710,30,买盘
854,10:44:36,2.56,9216,36,卖盘
855,10:44:42,2.56,25600,100,卖盘
856,10:44:45,2.56,36096,141,卖盘
857,10:44:52,2.56,512,2,卖盘
858,10:44:57,2.56,23808,93,卖盘
859,10:45:00,2.56,2048,8,卖盘
860,10:45:09,2.57,1799,7,买盘
861,10:45:12,2.57,8995,35,买盘
862,10:45:33,2.57,25700,100,买盘
863,10:45:36,2.56,768,3,卖盘
864,10:45:39,2.56,4352,17,卖盘
865,10:45:42,2.56,768000,3000,卖盘
866,10:45:45,2.56,512,2,卖盘
867,10:45:51,2.56,70912,277,卖盘
868,10:45:54,2.56,256,1,卖盘
869,10:46:03,2.56,115200,450,卖盘
870,10:46:21,2.56,12800,50,卖盘
871,10:46:27,2.57,2827,11,买盘
872,10:46:36,2.56,51200,200,卖盘
873,10:46:42,2.57,28772,112,买盘
874,10:46:54,2.56,10752,42,卖盘
875,10:47:03,2.56,5120,20,卖盘
876,10:47:21,2.56,3074,12,卖盘
877,10:47:27,2.57,257,1,买盘
878,10:47:30,2.56,15616,61,卖盘
879,10:47:33,2.57,1285,5,买盘
880,10:47:37,2.56,30820,120,卖盘
881,10:47:40,2.56,3328,13,卖盘
882,10:47:55,2.57,25700,100,买盘
883,10:48:06,2.56,35840,140,卖盘
884,10:48:12,2.56,5130,20,卖盘
885,10:48:15,2.56,25089,98,卖盘
886,10:48:21,2.56,11008,43,卖盘
887,10:48:24,2.56,7168,28,卖盘
888,10:48:27,2.56,768,3,卖盘
889,10:48:30,2.56,1792,7,卖盘
890,10:48:33,2.56,25600,100,卖盘
891,10:48:36,2.56,37888,148,卖盘
892,10:48:42,2.56,11264,44,卖盘
893,10:48:48,2.56,51456,201,卖盘
894,10:49:01,2.56,7424,29,卖盘
895,10:49:06,2.56,12800,50,卖盘
896,10:49:12,2.56,26624,104,卖盘
897,10:49:21,2.57,514,2,买盘
898,10:49:24,2.56,25096,98,卖盘
899,10:49:30,2.57,7196,28,买盘
900,10:49:34,2.56,40704,159,卖盘
901,10:49:36,2.57,2056,8,买盘
902,10:49:39,2.57,257,1,买盘
903,10:49:42,2.57,7453,29,买盘
904,10:49:54,2.56,14848,58,卖盘
905,10:50:06,2.57,1799,7,买盘
906,10:50:09,2.56,295680,1155,卖盘
907,10:50:12,2.56,2560,10,卖盘
908,10:50:19,2.56,2304,9,卖盘
909,10:50:21,2.56,8960,35,卖盘
910,10:50:24,2.56,4864,19,卖盘
911,10:50:27,2.56,158464,619,卖盘
912,10:50:30,2.56,7168,28,卖盘
913,10:50:33,2.56,7424,29,卖盘
914,10:50:37,2.56,2304,9,卖盘
915,10:50:39,2.56,15104,59,卖盘
916,10:50:42,2.56,5376,21,卖盘
917,10:50:51,2.56,4352,17,卖盘
918,10:51:06,2.56,25600,100,卖盘
919,10:51:21,2.56,97792,382,卖盘
920,10:51:27,2.57,3341,13,买盘
921,10:51:33,2.56,256,1,卖盘
922,10:51:36,2.56,6158,24,卖盘
923,10:51:40,2.57,1799,7,买盘
924,10:51:42,2.56,7680,30,卖盘
925,10:52:03,2.56,7680,30,卖盘
926,10:52:09,2.57,109482,426,买盘
927,10:52:15,2.57,1799,7,买盘
928,10:52:37,2.56,2048,8,卖盘
929,10:52:39,2.57,51914,202,买盘
930,10:52:52,2.57,29812,116,买盘
931,10:52:54,2.57,6425,25,买盘
932,10:52:57,2.57,514,2,买盘
933,10:53:01,2.57,2056,8,买盘
934,10:53:03,2.57,257,1,买盘
935,10:53:06,2.57,257,1,买盘
936,10:53:18,2.57,70161,273,买盘
937,10:53:21,2.57,3588,14,买盘
938,10:53:24,2.57,2313,9,买盘
939,10:53:27,2.57,6168,24,买盘
940,10:53:30,2.57,514,2,买盘
941,10:53:33,2.57,7710,30,买盘
942,10:53:36,2.57,17733,69,买盘
943,10:53:39,2.57,1285,5,买盘
944,10:54:09,2.57,8995,35,买盘
945,10:54:12,2.57,11308,44,买盘
946,10:54:15,2.57,77100,300,买盘
947,10:54:18,2.57,20046,78,买盘
948,10:54:21,2.57,11051,43,买盘
949,10:54:24,2.57,2056,8,买盘
950,10:54:30,2.57,1028,4,买盘
951,10:54:33,2.57,771,3,买盘
952,10:54:36,2.57,48312,188,买盘
953,10:54:40,2.57,514,2,买盘
954,10:54:42,2.57,771,3,买盘
955,10:54:57,2.57,4369,17,买盘
956,10:55:03,2.56,22016,86,卖盘
957,10:55:07,2.57,4626,18,买盘
958,10:55:28,2.56,4864,19,卖盘
959,10:55:33,2.56,25600,100,卖盘
960,10:55:37,2.56,1536,6,卖盘
961,10:55:39,2.57,257,1,买盘
962,10:56:00,2.57,3084,12,买盘
963,10:56:27,2.56,5120,20,卖盘
964,10:56:54,2.57,20560,80,买盘
965,10:56:57,2.56,146432,572,卖盘
966,10:57:00,2.56,5120,20,卖盘
967,10:57:03,2.56,6656,26,卖盘
968,10:57:06,2.57,26212,102,买盘
969,10:57:28,2.56,26114,102,卖盘
970,10:57:36,2.57,4609,18,买盘
971,10:57:48,2.56,13056,51,卖盘
972,10:58:03,2.56,512,2,卖盘
973,10:58:15,2.56,10752,42,卖盘
974,10:58:18,2.56,2304,9,卖盘
975,10:58:21,2.56,42752,167,卖盘
976,10:58:24,2.56,4608,18,卖盘
977,10:58:27,2.56,2816,11,卖盘
978,10:58:30,2.56,49920,195,卖盘
979,10:58:33,2.56,7680,30,卖盘
980,10:58:36,2.55,1411839,5515,卖盘
981,10:58:39,2.56,15872,62,买盘
982,10:58:42,2.56,256,1,买盘
983,10:58:45,2.56,768,3,买盘
984,10:58:57,2.55,56100,220,卖盘
985,10:59:07,2.55,2040,8,卖盘
986,10:59:12,2.55,58650,230,卖盘
987,10:59:21,2.55,2550,10,卖盘
988,10:59:28,2.55,1020,4,卖盘
989,10:59:30,2.55,17858,70,卖盘
990,10:59:36,2.55,20910,82,卖盘
991,10:59:39,2.55,16830,66,卖盘
992,10:59:42,2.56,3061,12,买盘
993,10:59:45,2.55,13773,54,卖盘
994,10:59:54,2.55,48450,190,卖盘
995,11:00:03,2.56,1280,5,买盘
996,11:00:09,2.55,6630,26,卖盘
997,11:00:13,2.55,4590,18,卖盘
998,11:00:15,2.55,15300,60,卖盘
999,11:00:18,2.55,9690,38,卖盘
1000,11:00:21,2.55,765,3,卖盘
1001,11:00:24,2.55,1020,4,卖盘
1002,11:00:30,2.56,592640,2315,买盘
1003,11:00:33,2.56,144194,564,卖盘
1004,11:00:42,2.56,7936,31,卖盘
1005,11:00:46,2.56,2816,11,卖盘
1006,11:01:04,2.57,7967,31,买盘
1007,11:01:06,2.56,15360,60,卖盘
1008,11:01:24,2.56,1280,5,卖盘
1009,11:01:39,2.57,7453,29,买盘
1010,11:01:48,2.57,1799,7,买盘
1011,11:03:01,2.56,96768,378,卖盘
1012,11:03:03,2.57,12593,49,买盘
1013,11:03:21,2.57,771,3,买盘
1014,11:03:24,2.56,39936,156,卖盘
1015,11:03:51,2.56,3840,15,卖盘
1016,11:03:55,2.56,9216,36,卖盘
1017,11:03:58,2.56,44544,174,卖盘
1018,11:04:00,2.56,29696,116,卖盘
1019,11:04:09,2.56,3328,13,卖盘
1020,11:04:15,2.56,7680,30,卖盘
1021,11:04:33,2.56,5120,20,卖盘
1022,11:04:36,2.56,7680,30,卖盘
1023,11:04:39,2.57,257,1,买盘
1024,11:04:51,2.56,3584,14,卖盘
1025,11:05:00,2.56,1024,4,卖盘
1026,11:05:06,2.56,512,2,卖盘
1027,11:05:09,2.56,76288,298,卖盘
1028,11:05:12,2.56,137216,536,卖盘
1029,11:05:16,2.56,25600,100,卖盘
1030,11:05:27,2.56,41984,164,卖盘
1031,11:05:30,2.56,84480,330,买盘
1032,11:05:34,2.56,6400,25,买盘
1033,11:05:36,2.56,5888,23,买盘
1034,11:05:39,2.56,1024,4,买盘
1035,11:06:03,2.56,13056,51,买盘
1036,11:06:09,2.56,73472,287,买盘
1037,11:06:13,2.56,768,3,买盘
1038,11:06:15,2.56,256,1,中性盘
1039,11:06:24,2.56,7935,31,卖盘
1040,11:06:28,2.55,14840,58,卖盘
1041,11:06:39,2.56,51200,200,卖盘
1042,11:06:57,2.56,29440,115,卖盘
1043,11:07:00,2.56,768,3,买盘
1044,11:07:03,2.55,2040,8,卖盘
1045,11:07:06,2.55,20656,81,卖盘
1046,11:07:09,2.55,18105,71,卖盘
1047,11:07:27,2.56,2304,9,买盘
1048,11:07:46,2.55,510,2,卖盘
1049,11:07:48,2.56,768,3,买盘
1050,11:08:03,2.55,240465,943,卖盘
1051,11:08:06,2.56,9728,38,买盘
1052,11:08:12,2.56,1536,6,买盘
1053,11:08:42,2.56,174080,680,买盘
1054,11:08:57,2.56,77824,304,买盘
1055,11:09:13,2.56,2816,11,买盘
1056,11:09:54,2.56,1536,6,买盘
1057,11:10:06,2.56,61987,243,买盘
1058,11:10:15,2.56,2560,10,买盘
1059,11:10:18,2.55,2550,10,卖盘
1060,11:10:30,2.56,768,3,买盘
1061,11:10:33,2.56,256,1,买盘
1062,11:10:37,2.56,1024,4,买盘
1063,11:10:46,2.56,256,1,买盘
1064,11:11:03,2.55,2550,10,卖盘
1065,11:11:21,2.56,12800,50,买盘
1066,11:11:24,2.56,2560,10,买盘
1067,11:11:48,2.55,2550,10,卖盘
1068,11:12:00,2.55,5100,20,卖盘
1069,11:12:04,2.56,256,1,买盘
1070,11:12:06,2.56,23552,92,买盘
1071,11:12:09,2.56,1024,4,买盘
1072,11:12:15,2.56,51712,202,买盘
1073,11:12:21,2.56,67072,262,卖盘
1074,11:12:27,2.56,1280,5,卖盘
1075,11:12:39,2.56,11008,43,卖盘
1076,11:13:03,2.57,125143,488,买盘
1077,11:13:39,2.57,5397,21,买盘
1078,11:13:42,2.56,256,1,卖盘
1079,11:14:00,2.57,771,3,买盘
1080,11:14:15,2.56,7680,30,卖盘
1081,11:14:30,2.57,51400,200,买盘
1082,11:14:33,2.57,19789,77,买盘
1083,11:14:51,2.56,8204,32,卖盘
1084,11:15:03,2.56,1792,7,卖盘
1085,11:15:06,2.57,110229,429,买盘
1086,11:15:15,2.57,257,1,买盘
1087,11:15:21,2.56,19968,78,卖盘
1088,11:15:30,2.57,3598,14,买盘
1089,11:15:37,2.57,3598,14,买盘
1090,11:15:39,2.57,3598,14,买盘
1091,11:15:42,2.57,1799,7,买盘
1092,11:15:48,2.56,20480,80,卖盘
1093,11:16:33,2.56,512,2,卖盘
1094,11:16:39,2.56,256,1,卖盘
1095,11:17:03,2.56,256,1,卖盘
1096,11:17:45,2.56,3840,15,卖盘
1097,11:17:48,2.56,52492,205,卖盘
1098,11:17:51,2.56,4608,18,卖盘
1099,11:18:03,2.56,1280,5,卖盘
1100,11:18:07,2.56,256,1,卖盘
1101,11:18:10,2.56,256,1,卖盘
1102,11:18:16,2.56,512,2,卖盘
1103,11:18:33,2.57,5654,22,买盘
1104,11:18:45,2.56,66816,261,卖盘
1105,11:19:01,2.56,54295,212,卖盘
1106,11:19:03,2.56,2304,9,卖盘
1107,11:19:06,2.57,1799,7,买盘
1108,11:19:09,2.56,43008,168,卖盘
1109,11:19:12,2.56,97536,381,卖盘
1110,11:19:15,2.56,2560,10,卖盘
1111,11:19:36,2.57,1028,4,买盘
1112,11:20:04,2.56,4096,16,卖盘
1113,11:20:12,2.57,8481,33,买盘
1114,11:20:33,2.56,52992,207,卖盘
1115,11:20:36,2.56,7680,30,卖盘
1116,11:20:40,2.56,87808,343,卖盘
1117,11:20:42,2.55,30398,119,卖盘
1118,11:20:45,2.56,512,2,买盘
1119,11:20:54,2.56,25600,100,买盘
1120,11:21:01,2.56,256,1,买盘
1121,11:21:03,2.55,3315,13,卖盘
1122,11:21:19,2.56,3840,15,买盘
1123,11:21:31,2.56,512,2,买盘
1124,11:21:40,2.56,7680,30,买盘
1125,11:21:42,2.55,1275,5,卖盘
1126,11:22:01,2.56,256,1,买盘
1127,11:22:03,2.55,2040,8,卖盘
1128,11:22:24,2.56,12800,50,买盘
1129,11:22:30,2.55,5355,21,卖盘
1130,11:22:43,2.55,255,1,卖盘
1131,11:22:54,2.55,7650,30,卖盘
1132,11:23:01,2.56,256,1,买盘
1133,11:23:03,2.56,5368,21,买盘
1134,11:23:06,2.56,3840,15,买盘
1135,11:24:03,2.55,2805,11,卖盘
1136,11:24:12,2.56,256,1,买盘
1137,11:24:27,2.56,512,2,买盘
1138,11:24:33,2.55,6120,24,卖盘
1139,11:24:40,2.55,765,3,卖盘
1140,11:24:45,2.55,6120,24,卖盘
1141,11:24:52,2.55,9435,37,卖盘
1142,11:24:55,2.55,12240,48,卖盘
1143,11:25:03,2.55,154101,602,卖盘
1144,11:25:21,2.55,50490,198,卖盘
1145,11:25:39,2.56,76800,300,买盘
1146,11:26:03,2.55,19900,78,卖盘
1147,11:26:33,2.56,4848,19,买盘
1148,11:26:42,2.55,5100,20,卖盘
1149,11:27:03,2.55,2295,9,卖盘
1150,11:27:13,2.55,17595,69,卖盘
1151,11:27:34,2.56,50176,196,买盘
1152,11:27:51,2.56,21440,84,买盘
1153,11:27:57,2.56,256,1,买盘
1154,11:28:00,2.55,6375,25,卖盘
1155,11:28:03,2.55,9435,37,卖盘
1156,11:28:07,2.55,17595,69,卖盘
1157,11:28:21,2.56,12800,50,买盘
1158,11:28:24,2.56,2048,8,买盘
1159,11:28:30,2.56,768,3,买盘
1160,11:28:33,2.56,24832,97,买盘
1161,11:28:36,2.56,1792,7,买盘
1162,11:28:39,2.56,256,1,买盘
1163,11:28:48,2.56,12288,48,买盘
1164,11:28:54,2.55,1532,6,卖盘
1165,11:28:57,2.56,7680,30,买盘
1166,11:29:03,2.55,255,1,卖盘
1167,11:29:09,2.55,6120,24,卖盘
1168,11:29:18,2.56,33280,130,买盘
1169,11:29:21,2.56,12032,47,买盘
1170,11:29:24,2.56,3840,15,买盘
1171,11:29:27,2.55,47852,187,卖盘
1172,11:29:31,2.55,3064,12,卖盘
1173,11:29:33,2.56,28917,113,买盘
1174,11:29:36,2.56,36832,144,买盘
1175,11:29:39,2.56,768,3,买盘
1176,11:29:42,2.56,49152,192,买盘
1177,11:29:51,2.56,15080,59,买盘
1178,11:29:54,2.56,4608,18,买盘
1179,13:00:03,2.56,221947,869,买盘
1180,13:00:06,2.55,117946,461,卖盘
1181,13:00:09,2.55,69837,273,卖盘
1182,13:00:12,2.56,29440,115,买盘
1183,13:00:16,2.56,2304,9,买盘
1184,13:00:18,2.56,1792,7,买盘
1185,13:00:30,2.56,768,3,买盘
1186,13:00:48,2.55,510,2,卖盘
1187,13:00:55,2.56,1280,5,买盘
1188,13:01:00,2.55,5611,22,卖盘
1189,13:01:03,2.55,1275,5,卖盘
1190,13:01:06,2.55,6885,27,卖盘
1191,13:01:09,2.55,4335,17,卖盘
1192,13:01:48,2.55,2040,8,卖盘
1193,13:01:54,2.55,63750,250,卖盘
1194,13:02:03,2.55,1785,7,卖盘
1195,13:02:21,2.56,256,1,买盘
1196,13:02:34,2.55,96135,377,卖盘
1197,13:02:36,2.55,1020,4,卖盘
1198,13:02:39,2.55,17595,69,卖盘
1199,13:02:42,2.56,256,1,买盘
1200,13:02:57,2.56,256,1,买盘
1201,13:03:06,2.56,15360,60,买盘
1202,13:03:18,2.56,256,1,买盘
1203,13:03:24,2.56,7680,30,买盘
1204,13:03:30,2.55,510,2,卖盘
1205,13:03:39,2.55,255,1,卖盘
1206,13:03:48,2.56,9984,39,买盘
1207,13:03:57,2.56,3840,15,买盘
1208,13:04:18,2.55,13774,54,卖盘
1209,13:04:22,2.56,512,2,买盘
1210,13:04:27,2.56,256,1,买盘
1211,13:04:49,2.56,256,1,买盘
1212,13:04:51,2.56,2554,10,买盘
1213,13:04:54,2.55,765,3,卖盘
1214,13:05:03,2.55,510,2,卖盘
1215,13:05:06,2.55,7140,28,卖盘
1216,13:05:09,2.56,20480,80,买盘
1217,13:05:12,2.56,512,2,买盘
1218,13:05:21,2.55,72675,285,卖盘
1219,13:05:30,2.56,76800,300,买盘
1220,13:05:33,2.56,15616,61,买盘
1221,13:05:36,2.56,768,3,买盘
1222,13:05:39,2.56,256,1,买盘
1223,13:05:42,2.55,4338,17,卖盘
1224,13:05:57,2.55,74715,293,卖盘
1225,13:06:03,2.55,44120,173,卖盘
1226,13:06:15,2.56,57463,225,买盘
1227,13:06:30,2.55,510,2,卖盘
1228,13:06:39,2.55,9945,39,卖盘
1229,13:06:42,2.55,510,2,卖盘
1230,13:06:51,2.55,189886,742,卖盘
1231,13:06:57,2.56,256,1,买盘
1232,13:07:33,2.56,512,2,买盘
1233,13:07:36,2.55,510,2,卖盘
1234,13:07:40,2.56,512,2,买盘
1235,13:07:48,2.56,20736,81,买盘
1236,13:08:07,2.55,52785,207,卖盘
1237,13:08:12,2.56,51200,200,买盘
1238,13:08:21,2.55,2295,9,卖盘
1239,13:08:24,2.55,1021,4,卖盘
1240,13:08:43,2.56,38400,150,买盘
1241,13:08:57,2.56,30720,120,买盘
1242,13:09:03,2.56,2560,10,买盘
1243,13:09:09,2.56,512,2,买盘
1244,13:09:27,2.55,13260,52,卖盘
1245,13:09:42,2.55,7650,30,卖盘
1246,13:09:45,2.55,255,1,卖盘
1247,13:09:48,2.55,510,2,卖盘
1248,13:10:03,2.55,4845,19,卖盘
1249,13:10:13,2.56,256,1,买盘
1250,13:10:18,2.55,2550,10,卖盘
1251,13:10:51,2.55,2040,8,卖盘
1252,13:10:54,2.55,8925,35,卖盘
1253,13:11:06,2.56,4608,18,买盘
1254,13:11:37,2.56,7936,31,买盘
1255,13:11:45,2.56,69630,272,买盘
1256,13:11:48,2.56,256,1,买盘
1257,13:11:54,2.56,9984,39,买盘
1258,13:11:57,2.56,6656,26,买盘
1259,13:12:00,2.56,512,2,买盘
1260,13:12:15,2.55,4335,17,卖盘
1261,13:12:21,2.56,1024,4,买盘
1262,13:12:52,2.55,286700,1120,卖盘
1263,13:12:54,2.56,2048,8,买盘
1264,13:12:57,2.56,19456,76,买盘
1265,13:13:00,2.56,12032,47,买盘
1266,13:13:03,2.56,256,1,买盘
1267,13:13:21,2.55,13025,51,卖盘
1268,13:13:30,2.55,3060,12,卖盘
1269,13:14:00,2.56,512,2,买盘
1270,13:14:03,2.56,13824,54,买盘
1271,13:14:06,2.56,10240,40,买盘
1272,13:14:09,2.56,9216,36,买盘
1273,13:14:15,2.56,8448,33,买盘
1274,13:14:27,2.56,1536,6,买盘
1275,13:14:30,2.56,512,2,买盘
1276,13:14:33,2.55,255,1,卖盘
1277,13:14:36,2.56,1024,4,买盘
1278,13:14:39,2.56,7167,28,买盘
1279,13:14:42,2.55,255,1,卖盘
1280,13:15:00,2.55,255,1,卖盘
1281,13:15:16,2.55,255,1,卖盘
1282,13:15:24,2.56,102400,400,买盘
1283,13:15:27,2.56,35072,137,买盘
1284,13:15:30,2.56,48640,190,买盘
1285,13:15:33,2.56,10752,42,买盘
1286,13:15:36,2.56,768,3,买盘
1287,13:15:39,2.56,256,1,买盘
1288,13:15:45,2.56,22272,87,买盘
1289,13:15:48,2.56,256,1,买盘
1290,13:15:51,2.56,768,3,买盘
1291,13:15:55,2.56,768,3,买盘
1292,13:15:57,2.56,102656,401,买盘
1293,13:16:00,2.56,43520,170,买盘
1294,13:16:03,2.56,6144,24,买盘
1295,13:16:18,2.56,12288,48,买盘
1296,13:16:24,2.56,20480,80,买盘
1297,13:16:27,2.56,28672,112,卖盘
1298,13:16:33,2.56,28160,110,卖盘
1299,13:16:51,2.57,24672,96,买盘
1300,13:16:57,2.57,257,1,买盘
1301,13:17:18,2.57,257,1,买盘
1302,13:17:51,2.57,5140,20,买盘
1303,13:17:54,2.57,5140,20,买盘
1304,13:17:57,2.57,6682,26,买盘
1305,13:18:09,2.57,4112,16,买盘
1306,13:18:12,2.57,514,2,买盘
1307,13:18:15,2.57,257,1,买盘
1308,13:18:36,2.57,2827,11,买盘
1309,13:18:55,2.57,4112,16,买盘
1310,13:18:57,2.57,12850,50,买盘
1311,13:19:01,2.57,1285,5,买盘
1312,13:19:03,2.57,7710,30,买盘
1313,13:19:06,2.57,1028,4,买盘
1314,13:19:33,2.57,5140,20,买盘
1315,13:19:36,2.57,771,3,买盘
1316,13:20:09,2.57,3341,13,买盘
1317,13:20:21,2.56,2048,8,卖盘
1318,13:20:24,2.57,514,2,买盘
1319,13:20:33,2.57,257,1,买盘
1320,13:20:39,2.57,257,1,买盘
1321,13:20:46,2.57,10280,40,买盘
1322,13:20:48,2.57,8995,35,买盘
1323,13:20:51,2.57,14392,56,买盘
1324,13:20:55,2.57,14392,56,买盘
1325,13:20:57,2.57,197633,769,买盘
1326,13:21:00,2.57,646355,2515,买盘
1327,13:21:03,2.58,3096,12,买盘
1328,13:21:06,2.58,4386,17,买盘
1329,13:21:09,2.58,258,1,买盘
1330,13:21:15,2.58,5676,22,买盘
1331,13:21:19,2.58,258000,1000,买盘
1332,13:21:21,2.58,258,1,买盘
1333,13:21:28,2.58,516,2,买盘
1334,13:21:33,2.58,7740,30,买盘
1335,13:21:45,2.58,6708,26,买盘
1336,13:22:00,2.58,101652,394,买盘
1337,13:22:06,2.58,1548,6,买盘
1338,13:22:21,2.58,81012,314,买盘
1339,13:22:24,2.58,1290,5,买盘
1340,13:22:27,2.58,51600,200,买盘
1341,13:22:30,2.58,4128,16,买盘
1342,13:22:33,2.58,25800,100,买盘
1343,13:22:36,2.58,12900,50,买盘
1344,13:22:40,2.58,200466,777,买盘
1345,13:22:42,2.58,516,2,买盘
1346,13:22:45,2.58,258,1,买盘
1347,13:22:51,2.57,826512,3216,卖盘
1348,13:22:54,2.58,305605,1188,买盘
1349,13:23:00,2.58,15480,60,买盘
1350,13:23:03,2.57,13621,53,卖盘
1351,13:23:12,2.58,7740,30,买盘
1352,13:23:16,2.57,40863,159,卖盘
1353,13:23:24,2.58,4128,16,买盘
1354,13:23:27,2.57,257,1,卖盘
1355,13:23:30,2.57,23644,92,卖盘
1356,13:23:33,2.57,373421,1453,卖盘
1357,13:23:36,2.57,195063,759,卖盘
1358,13:23:39,2.57,2313,9,卖盘
1359,13:23:42,2.57,181699,707,卖盘
1360,13:23:45,2.57,4626,18,卖盘
1361,13:23:57,2.57,1285,5,卖盘
1362,13:24:03,2.57,49344,192,卖盘
1363,13:24:18,2.57,264282,1026,卖盘
1364,13:24:30,2.57,25700,100,卖盘
1365,13:25:09,2.57,18504,72,卖盘
1366,13:25:12,2.57,4112,16,卖盘
1367,13:25:21,2.57,7710,30,卖盘
1368,13:25:24,2.57,257,1,卖盘
1369,13:25:30,2.56,466037,1815,卖盘
1370,13:25:33,2.57,4112,16,买盘
1371,13:25:48,2.57,6425,25,买盘
1372,13:26:06,2.56,5120,20,卖盘
1373,13:26:33,2.57,10536,41,买盘
1374,13:26:36,2.57,4626,18,买盘
1375,13:26:45,2.56,512,2,卖盘
1376,13:26:54,2.57,257,1,买盘
1377,13:26:57,2.56,370432,1447,卖盘
1378,13:27:33,2.56,256,1,卖盘
1379,13:27:45,2.56,256,1,卖盘
1380,13:27:48,2.56,7168,28,卖盘
1381,13:28:16,2.57,1028,4,买盘
1382,13:28:30,2.57,13107,51,买盘
1383,13:28:42,2.57,257,1,买盘
1384,13:28:48,2.56,34048,133,卖盘
1385,13:29:18,2.56,4352,17,卖盘
1386,13:29:27,2.56,1792,7,卖盘
1387,13:29:36,2.56,102400,400,卖盘
1388,13:29:42,2.56,512,2,卖盘
1389,13:29:45,2.56,1024,4,卖盘
1390,13:29:48,2.57,1284,5,买盘
1391,13:30:12,2.57,5140,20,买盘
1392,13:30:18,2.56,7936,31,卖盘
1393,13:30:21,2.56,141312,552,卖盘
1394,13:30:24,2.56,4352,17,卖盘
1395,13:30:27,2.56,10752,42,卖盘
1396,13:30:30,2.56,1024,4,卖盘
1397,13:30:33,2.57,2570,10,买盘
1398,13:30:36,2.56,25344,99,卖盘
1399,13:30:39,2.55,151039,590,卖盘
1400,13:30:42,2.56,13056,51,买盘
1401,13:30:45,2.56,1536,6,买盘
1402,13:30:48,2.56,1024,4,买盘
1403,13:30:52,2.56,38656,151,买盘
1404,13:30:54,2.56,256,1,买盘
1405,13:31:30,2.56,16128,63,买盘
1406,13:31:43,2.56,51200,200,买盘
1407,13:32:06,2.56,12288,48,买盘
1408,13:32:15,2.56,128000,500,买盘
1409,13:32:18,2.56,2560,10,买盘
1410,13:32:24,2.56,1024,4,买盘
1411,13:32:37,2.56,5120,20,买盘
1412,13:32:42,2.56,2560,10,买盘
1413,13:32:48,2.55,255,1,卖盘
1414,13:32:57,2.56,7936,31,买盘
1415,13:33:09,2.55,2040,8,卖盘
1416,13:33:16,2.55,38505,151,卖盘
1417,13:33:27,2.56,8192,32,买盘
1418,13:33:45,2.56,7680,30,买盘
1419,13:33:57,2.55,10200,40,卖盘
1420,13:34:00,2.56,256,1,买盘
1421,13:34:18,2.56,6144,24,买盘
1422,13:34:39,2.56,2816,11,买盘
1423,13:35:00,2.56,7680,30,买盘
1424,13:35:06,2.56,512,2,买盘
1425,13:35:12,2.56,51200,200,买盘
1426,13:35:18,2.56,5888,23,买盘
1427,13:35:22,2.55,6120,24,卖盘
1428,13:35:30,2.55,1021,4,卖盘
1429,13:35:36,2.56,256,1,买盘
1430,13:35:39,2.55,5100,20,卖盘
1431,13:35:42,2.55,33150,130,卖盘
1432,13:35:45,2.55,1530,6,卖盘
1433,13:35:48,2.56,10240,40,买盘
1434,13:36:04,2.56,13823,54,买盘
1435,13:36:27,2.56,10240,40,买盘
1436,13:36:31,2.56,12544,49,买盘
1437,13:36:33,2.55,1279,5,卖盘
1438,13:37:03,2.55,17085,67,卖盘
1439,13:37:09,2.55,76245,299,卖盘
1440,13:37:12,2.55,5355,21,卖盘
1441,13:37:21,2.55,2550,10,卖盘
1442,13:37:27,2.55,510,2,卖盘
1443,13:37:33,2.55,255,1,卖盘
1444,13:37:57,2.55,510,2,卖盘
1445,13:38:00,2.55,14025,55,卖盘
1446,13:38:04,2.55,13260,52,卖盘
1447,13:38:06,2.56,9984,39,买盘
1448,13:38:21,2.55,162470,635,卖盘
1449,13:38:27,2.56,2816,11,买盘
1450,13:38:33,2.55,9180,36,卖盘
1451,13:39:03,2.55,12495,49,卖盘
1452,13:39:13,2.56,1280,5,买盘
1453,13:39:33,2.56,2560,10,买盘
1454,13:39:36,2.55,479073,1872,卖盘
1455,13:40:03,2.55,29325,115,卖盘
1456,13:40:21,2.55,1530,6,卖盘
1457,13:40:24,2.55,765,3,卖盘
1458,13:40:42,2.55,6885,27,卖盘
1459,13:40:45,2.55,11220,44,卖盘
1460,13:40:51,2.55,14790,58,卖盘
1461,13:40:54,2.55,8670,34,卖盘
1462,13:41:03,2.55,3060,12,卖盘
1463,13:41:06,2.55,3060,12,卖盘
1464,13:41:12,2.55,3315,13,卖盘
1465,13:41:21,2.56,512,2,买盘
1466,13:41:28,2.55,2550,10,卖盘
1467,13:41:30,2.56,7680,30,买盘
1468,13:41:42,2.55,14790,58,卖盘
1469,13:41:46,2.56,7680,30,买盘
1470,13:42:03,2.55,1020,4,卖盘
1471,13:42:24,2.56,256,1,买盘
1472,13:42:33,2.56,512,2,买盘
1473,13:42:36,2.56,35840,140,买盘
1474,13:43:03,2.55,54060,212,卖盘
1475,13:43:06,2.56,78592,307,买盘
1476,13:43:09,2.56,2304,9,买盘
1477,13:43:15,2.56,512,2,买盘
1478,13:43:18,2.56,13270,52,买盘
1479,13:43:24,2.56,256,1,买盘
1480,13:43:27,2.56,49152,192,买盘
1481,13:43:30,2.56,256,1,买盘
1482,13:43:51,2.56,11264,44,买盘
1483,13:43:55,2.56,2560,10,买盘
1484,13:43:57,2.56,2304,9,买盘
1485,13:44:04,2.56,256,1,买盘
1486,13:44:22,2.55,255,1,卖盘
1487,13:44:30,2.55,8925,35,卖盘
1488,13:44:37,2.55,4335,17,卖盘
1489,13:44:39,2.55,1279,5,卖盘
1490,13:44:42,2.56,512,2,买盘
1491,13:44:51,2.55,1275,5,卖盘
1492,13:44:54,2.56,2816,11,买盘
1493,13:45:00,2.56,5120,20,买盘
1494,13:45:06,2.55,510,2,卖盘
1495,13:45:18,2.55,9180,36,卖盘
1496,13:45:21,2.56,512,2,买盘
1497,13:45:24,2.56,256,1,买盘
1498,13:45:27,2.56,21248,83,买盘
1499,13:45:30,2.55,51255,201,卖盘
1500,13:45:33,2.56,512,2,买盘
1501,13:45:39,2.55,510,2,卖盘
1502,13:45:45,2.56,33792,132,买盘
1503,13:46:03,2.56,14051,55,买盘
1504,13:46:24,2.55,21695,85,卖盘
1505,13:46:27,2.56,21248,83,买盘
1506,13:46:30,2.56,512,2,买盘
1507,13:46:33,2.55,1275,5,卖盘
1508,13:46:36,2.55,510,2,卖盘
1509,13:46:45,2.55,1535,6,卖盘
1510,13:46:51,2.56,768,3,买盘
1511,13:47:03,2.56,256,1,买盘
1512,13:47:06,2.55,53295,209,卖盘
1513,13:47:10,2.55,11985,47,卖盘
1514,13:47:24,2.55,255,1,卖盘
1515,13:47:45,2.56,256,1,买盘
1516,13:47:55,2.55,8162,32,卖盘
1517,13:48:00,2.56,7906,31,买盘
1518,13:48:15,2.55,5100,20,卖盘
1519,13:48:21,2.56,768,3,买盘
1520,13:48:27,2.56,256,1,买盘
1521,13:48:33,2.56,256,1,买盘
1522,13:48:36,2.55,3825,15,卖盘
1523,13:48:48,2.56,1536,6,买盘
1524,13:48:54,2.56,512,2,买盘
1525,13:49:00,2.56,512,2,买盘
1526,13:49:03,2.56,2048,8,买盘
1527,13:49:18,2.56,10240,40,买盘
1528,13:49:21,2.56,256,1,买盘
1529,13:49:24,2.56,7680,30,买盘
1530,13:49:34,2.55,21459,84,卖盘
1531,13:49:36,2.56,7936,31,买盘
1532,13:49:39,2.55,255,1,卖盘
1533,13:49:42,2.55,255,1,卖盘
1534,13:49:45,2.56,768,3,买盘
1535,13:49:48,2.56,512,2,买盘
1536,13:50:00,2.55,8670,34,卖盘
1537,13:50:03,2.56,1024,4,买盘
1538,13:50:13,2.56,256,1,买盘
1539,13:50:27,2.56,1280,5,买盘
1540,13:50:51,2.55,28050,110,卖盘
1541,13:50:57,2.55,5355,21,卖盘
1542,13:51:06,2.55,765,3,卖盘
1543,13:51:27,2.55,34170,134,卖盘
1544,13:51:36,2.55,7906,31,卖盘
1545,13:51:45,2.56,1536,6,买盘
1546,13:52:03,2.55,6375,25,卖盘
1547,13:52:09,2.56,50176,196,买盘
1548,13:52:15,2.55,9180,36,卖盘
1549,13:52:42,2.56,12800,50,买盘
1550,13:52:45,2.56,256,1,买盘
1551,13:52:54,2.56,512,2,买盘
1552,13:53:00,2.56,512,2,买盘
1553,13:53:03,2.55,6630,26,卖盘
1554,13:53:21,2.56,13262,52,买盘
1555,13:53:36,2.56,9728,38,买盘
1556,13:53:39,2.56,3840,15,买盘
1557,13:53:48,2.56,6400,25,买盘
1558,13:53:57,2.55,6630,26,卖盘
1559,13:54:04,2.55,9471,37,卖盘
1560,13:54:06,2.56,56130,220,买盘
1561,13:54:09,2.55,12750,50,卖盘
1562,13:54:18,2.55,7140,28,卖盘
1563,13:54:21,2.55,2295,9,卖盘
1564,13:54:33,2.55,4349,17,卖盘
1565,13:54:36,2.55,99964,392,卖盘
1566,13:54:39,2.56,12536,49,买盘
1567,13:54:48,2.55,255,1,卖盘
1568,13:54:51,2.56,1024,4,买盘
1569,13:55:01,2.56,512,2,买盘
1570,13:55:03,2.55,255,1,卖盘
1571,13:55:12,2.55,1020,4,卖盘
1572,13:55:22,2.55,6376,25,卖盘
1573,13:55:31,2.56,256,1,买盘
1574,13:55:33,2.55,7905,31,卖盘
1575,13:55:36,2.55,17341,68,卖盘
1576,13:55:39,2.56,11520,45,买盘
1577,13:55:45,2.55,510,2,卖盘
1578,13:56:09,2.56,512,2,买盘
1579,13:56:18,2.55,12495,49,卖盘
1580,13:56:48,2.55,12750,50,卖盘
1581,13:57:09,2.55,767,3,卖盘
1582,13:57:12,2.55,166770,654,卖盘
1583,13:57:16,2.55,5100,20,卖盘
1584,13:57:21,2.55,1020,4,卖盘
1585,13:57:25,2.55,1020,4,卖盘
1586,13:57:27,2.56,12800,50,买盘
1587,13:57:30,2.55,1020,4,卖盘
1588,13:57:34,2.56,128000,500,买盘
1589,13:57:36,2.55,255,1,卖盘
1590,13:57:45,2.56,512,2,买盘
1591,13:57:54,2.55,1275,5,卖盘
1592,13:57:57,2.56,60160,235,买盘
1593,13:58:00,2.55,6890,27,卖盘
1594,13:58:03,2.55,510,2,卖盘
1595,13:58:06,2.56,256,1,买盘
1596,13:58:09,2.56,1280,5,买盘
1597,13:58:15,2.56,1280,5,买盘
1598,13:58:18,2.56,1024,4,买盘
1599,13:58:25,2.56,13056,51,买盘
1600,13:58:33,2.56,2042,8,买盘
1601,13:58:36,2.55,5610,22,卖盘
1602,13:58:42,2.55,255,1,卖盘
1603,13:58:48,2.55,255,1,卖盘
1604,13:58:52,2.55,510,2,卖盘
1605,13:58:58,2.56,768,3,买盘
1606,13:59:01,2.55,7140,28,卖盘
1607,13:59:03,2.55,2040,8,卖盘
1608,13:59:07,2.56,1280,5,买盘
1609,13:59:09,2.56,1280,5,买盘
1610,13:59:15,2.56,4340,17,买盘
1611,13:59:18,2.56,5876,23,买盘
1612,13:59:21,2.56,256,1,买盘
1613,13:59:25,2.55,26267,103,卖盘
1614,13:59:27,2.56,1276,5,买盘
1615,13:59:31,2.55,510,2,卖盘
1616,13:59:33,2.55,5356,21,卖盘
1617,13:59:37,2.56,3320,13,买盘
1618,13:59:40,2.55,17854,70,卖盘
1619,13:59:43,2.55,10200,40,卖盘
1620,13:59:46,2.55,5610,22,卖盘
1621,13:59:48,2.55,3315,13,卖盘
1622,13:59:51,2.55,10965,43,卖盘
1623,13:59:57,2.56,512,2,买盘
1624,14:00:00,2.55,14550,57,卖盘
1625,14:00:03,2.56,2815,11,买盘
1626,14:00:09,2.55,16830,66,卖盘
1627,14:00:12,2.55,11985,47,卖盘
1628,14:00:21,2.55,255,1,卖盘
1629,14:00:30,2.56,5376,21,买盘
1630,14:00:46,2.56,12800,50,买盘
1631,14:01:03,2.56,530430,2072,买盘
1632,14:01:06,2.56,30976,121,买盘
1633,14:01:09,2.56,185600,725,买盘
1634,14:01:13,2.56,46698,183,买盘
1635,14:01:16,2.56,12800,50,买盘
1636,14:01:22,2.56,13568,53,买盘
1637,14:01:25,2.56,768,3,买盘
1638,14:01:28,2.56,256,1,买盘
1639,14:01:43,2.56,25600,100,买盘
1640,14:01:45,2.56,128000,500,买盘
1641,14:01:52,2.56,512,2,买盘
1642,14:01:57,2.56,27392,107,买盘
1643,14:02:01,2.56,5120,20,买盘
1644,14:02:04,2.56,65024,254,买盘
1645,14:02:06,2.55,162041,633,卖盘
1646,14:02:09,2.56,18432,72,买盘
1647,14:02:13,2.56,3072,12,买盘
1648,14:02:16,2.56,256,1,买盘
1649,14:02:18,2.56,512,2,买盘
1650,14:02:30,2.56,13824,54,买盘
1651,14:02:33,2.56,2304,9,买盘
1652,14:02:39,2.56,256,1,买盘
1653,14:02:45,2.56,13312,52,买盘
1654,14:02:48,2.56,84728,331,买盘
1655,14:02:51,2.56,58630,229,卖盘
1656,14:02:55,2.57,769,3,买盘
1657,14:02:57,2.56,22272,87,卖盘
1658,14:03:03,2.56,125440,490,卖盘
1659,14:03:06,2.56,3328,13,卖盘
1660,14:03:09,2.57,769,3,买盘
1661,14:03:24,2.56,1792,7,卖盘
1662,14:03:27,2.56,821760,3210,卖盘
1663,14:03:30,2.56,95232,372,卖盘
1664,14:03:33,2.56,33536,131,卖盘
1665,14:03:36,2.57,1028,4,买盘
1666,14:03:39,2.56,16384,64,卖盘
1667,14:03:43,2.56,368384,1439,卖盘
1668,14:03:45,2.56,400384,1564,卖盘
1669,14:03:48,2.56,512,2,买盘
1670,14:03:51,2.56,3840,15,买盘
1671,14:03:57,2.56,12800,50,买盘
1672,14:04:03,2.56,512,2,买盘
1673,14:04:06,2.56,2048,8,买盘
1674,14:04:09,2.56,256,1,买盘
1675,14:04:25,2.56,6656,26,买盘
1676,14:04:27,2.56,4096,16,买盘
1677,14:04:39,2.56,12800,50,买盘
1678,14:04:57,2.56,5120,20,买盘
1679,14:05:00,2.56,1024,4,买盘
1680,14:05:04,2.55,255,1,卖盘
1681,14:05:18,2.56,2560,10,买盘
1682,14:05:21,2.56,256,1,买盘
1683,14:05:30,2.56,1792,7,买盘
1684,14:05:42,2.56,476416,1861,买盘
1685,14:05:46,2.56,118528,463,卖盘
1686,14:05:48,2.56,8960,35,卖盘
1687,14:05:57,2.56,256,1,卖盘
1688,14:06:00,2.56,150784,589,卖盘
1689,14:06:03,2.56,8448,33,卖盘
1690,14:06:06,2.56,14848,58,卖盘
1691,14:06:09,2.56,28160,110,卖盘
1692,14:06:13,2.56,47616,186,买盘
1693,14:06:16,2.56,256,1,买盘
1694,14:06:18,2.56,512,2,买盘
1695,14:06:21,2.55,2040,8,卖盘
1696,14:06:27,2.56,15616,61,买盘
1697,14:06:30,2.56,512,2,买盘
1698,14:06:36,2.56,10752,42,买盘
1699,14:06:46,2.56,4864,19,买盘
1700,14:06:55,2.56,29440,115,买盘
1701,14:06:58,2.56,2048,8,买盘
1702,14:07:00,2.56,27904,109,买盘
1703,14:07:03,2.55,1530,6,卖盘
1704,14:07:06,2.55,8925,35,卖盘
1705,14:07:12,2.56,256,1,买盘
1706,14:07:22,2.55,20655,81,卖盘
1707,14:07:34,2.56,512,2,买盘
1708,14:07:36,2.56,1792,7,买盘
1709,14:07:45,2.56,9728,38,买盘
1710,14:07:48,2.56,165120,645,买盘
1711,14:07:51,2.55,2559,10,卖盘
1712,14:08:00,2.56,3584,14,买盘
1713,14:08:07,2.55,5100,20,卖盘
1714,14:08:09,2.56,2048,8,买盘
1715,14:08:13,2.56,37888,148,卖盘
1716,14:08:15,2.56,84992,332,卖盘
1717,14:08:19,2.56,768,3,中性盘
1718,14:08:25,2.56,6144,24,买盘
1719,14:08:51,2.56,256,1,买盘
1720,14:09:09,2.56,256,1,买盘
1721,14:09:15,2.56,5376,21,买盘
1722,14:09:21,2.56,11264,44,买盘
1723,14:09:30,2.56,25600,100,买盘
1724,14:09:33,2.56,256,1,买盘
1725,14:09:42,2.55,510,2,卖盘
1726,14:09:48,2.55,12750,50,卖盘
1727,14:10:00,2.55,7842,31,卖盘
1728,14:10:09,2.56,256,1,买盘
1729,14:10:46,2.56,9984,39,买盘
1730,14:10:48,2.55,255,1,卖盘
1731,14:10:51,2.56,256,1,买盘
1732,14:11:00,2.55,2295,9,卖盘
1733,14:11:25,2.55,3060,12,卖盘
1734,14:11:33,2.55,7140,28,卖盘
1735,14:11:49,2.55,4080,16,卖盘
1736,14:11:51,2.55,765,3,卖盘
1737,14:11:54,2.55,1275,5,卖盘
1738,14:12:03,2.56,26365,103,买盘
1739,14:12:36,2.56,5120,20,买盘
1740,14:12:39,2.56,24064,94,买盘
1741,14:13:06,2.56,768,3,买盘
1742,14:13:22,2.56,256,1,买盘
1743,14:13:48,2.56,128000,500,买盘
1744,14:13:54,2.55,36465,143,卖盘
1745,14:14:22,2.56,3840,15,买盘
1746,14:14:33,2.56,512,2,买盘
1747,14:14:36,2.55,255,1,卖盘
1748,14:14:39,2.55,6630,26,卖盘
1749,14:14:45,2.55,3060,12,卖盘
1750,14:15:00,2.55,1785,7,卖盘
1751,14:15:27,2.56,512,2,买盘
1752,14:15:33,2.56,512,2,买盘
1753,14:15:36,2.56,512,2,买盘
1754,14:15:39,2.56,768,3,买盘
1755,14:15:42,2.55,46076,180,卖盘
1756,14:15:45,2.56,256,1,买盘
1757,14:15:52,2.55,3826,15,卖盘
1758,14:16:06,2.55,765,3,卖盘
1759,14:16:12,2.55,255,1,卖盘
1760,14:16:30,2.56,68352,267,买盘
1761,14:16:33,2.56,256,1,买盘
1762,14:16:42,2.55,1020,4,卖盘
1763,14:16:45,2.56,9984,39,买盘
1764,14:16:51,2.55,9945,39,卖盘
1765,14:17:15,2.55,1020,4,卖盘
1766,14:17:33,2.55,7140,28,卖盘
1767,14:17:36,2.56,128000,500,买盘
1768,14:17:39,2.56,256,1,买盘
1769,14:17:58,2.56,128000,500,买盘
1770,14:18:03,2.56,256,1,买盘
1771,14:18:12,2.56,22528,88,买盘
1772,14:18:19,2.55,51000,200,卖盘
1773,14:18:21,2.55,11220,44,卖盘
1774,14:18:27,2.55,2040,8,卖盘
1775,14:18:30,2.56,2560,10,买盘
1776,14:18:45,2.55,10200,40,卖盘
1777,14:19:01,2.56,4096,16,买盘
1778,14:19:03,2.56,512,2,买盘
1779,14:19:09,2.56,768,3,买盘
1780,14:19:39,2.56,9693,38,买盘
1781,14:19:45,2.56,5888,23,买盘
1782,14:19:54,2.55,510,2,卖盘
1783,14:19:57,2.56,256,1,买盘
1784,14:20:03,2.56,2304,9,买盘
1785,14:20:09,2.56,47616,186,买盘
1786,14:20:30,2.55,7905,31,卖盘
1787,14:20:33,2.56,256,1,买盘
1788,14:20:36,2.56,512,2,买盘
1789,14:20:39,2.55,51000,200,卖盘
1790,14:20:48,2.55,51000,200,卖盘
1791,14:20:55,2.55,22440,88,卖盘
1792,14:21:03,2.55,255,1,卖盘
1793,14:21:09,2.56,30384,119,买盘
1794,14:21:12,2.56,5120,20,买盘
1795,14:21:15,2.56,4608,18,买盘
1796,14:21:36,2.56,512,2,买盘
1797,14:21:42,2.56,256,1,买盘
1798,14:21:57,2.55,2550,10,卖盘
1799,14:22:19,2.55,1275,5,卖盘
1800,14:22:27,2.56,9984,39,买盘
1801,14:22:30,2.55,16575,65,卖盘
1802,14:22:42,2.55,8925,35,卖盘
1803,14:22:54,2.55,2550,10,卖盘
1804,14:23:00,2.56,511,2,买盘
1805,14:23:24,2.56,83968,328,买盘
1806,14:23:27,2.56,9984,39,买盘
1807,14:23:33,2.55,29070,114,卖盘
1808,14:23:36,2.55,12750,50,卖盘
1809,14:23:39,2.55,44625,175,卖盘
1810,14:23:43,2.55,8925,35,卖盘
1811,14:23:45,2.56,9984,39,买盘
1812,14:23:58,2.55,109650,430,卖盘
1813,14:24:01,2.55,10455,41,卖盘
1814,14:24:03,2.55,129285,507,卖盘
1815,14:24:06,2.55,180540,708,卖盘
1816,14:24:09,2.55,170340,668,卖盘
1817,14:24:12,2.55,138720,544,卖盘
1818,14:24:15,2.55,48450,190,卖盘
1819,14:24:18,2.55,32385,127,卖盘
1820,14:24:21,2.55,69615,273,卖盘
1821,14:24:24,2.55,6630,26,卖盘
1822,14:24:27,2.55,3913293,15346,卖盘
1823,14:24:30,2.54,763,3,卖盘
1824,14:24:33,2.55,3825,15,买盘
1825,14:24:37,2.55,14025,55,买盘
1826,14:24:39,2.55,5610,22,买盘
1827,14:24:43,2.54,12700,50,卖盘
1828,14:24:45,2.55,12750,50,买盘
1829,14:24:48,2.54,50800,200,卖盘
1830,14:24:51,2.54,127000,500,卖盘
1831,14:25:00,2.54,29210,115,卖盘
1832,14:25:12,2.54,2294,9,卖盘
1833,14:25:18,2.55,9945,39,买盘
1834,14:25:21,2.55,9945,39,买盘
1835,14:25:24,2.54,254,1,卖盘
1836,14:25:27,2.55,1020,4,买盘
1837,14:25:30,2.54,9652,38,卖盘
1838,14:25:33,2.54,6860,27,卖盘
1839,14:25:40,2.55,10710,42,买盘
1840,14:25:45,2.55,255,1,买盘
1841,14:25:52,2.55,255,1,买盘
1842,14:25:57,2.54,2540,10,卖盘
1843,14:26:01,2.55,1275,5,买盘
1844,14:26:06,2.55,2295,9,买盘
1845,14:26:09,2.55,499299,1958,买盘
1846,14:26:12,2.55,2805,11,卖盘
1847,14:26:30,2.55,26265,103,卖盘
1848,14:26:36,2.55,10200,40,卖盘
1849,14:26:51,2.56,2304,9,买盘
1850,14:26:54,2.55,57375,225,卖盘
1851,14:27:06,2.56,1024,4,买盘
1852,14:27:09,2.55,14825,58,卖盘
1853,14:27:15,2.55,510,2,卖盘
1854,14:27:21,2.56,51200,200,买盘
1855,14:27:36,2.55,58650,230,卖盘
1856,14:27:39,2.56,512,2,买盘
1857,14:27:46,2.55,10476,41,卖盘
1858,14:27:49,2.55,510,2,卖盘
1859,14:27:57,2.55,29835,117,卖盘
1860,14:28:03,2.56,5120,20,买盘
1861,14:28:15,2.55,8160,32,卖盘
1862,14:28:39,2.55,5100,20,卖盘
1863,14:28:45,2.55,8925,35,卖盘
1864,14:28:48,2.56,1536,6,买盘
1865,14:29:31,2.56,1024,4,买盘
1866,14:29:33,2.56,7147,28,买盘
1867,14:29:36,2.55,510,2,卖盘
1868,14:29:45,2.55,765,3,卖盘
1869,14:29:48,2.55,14790,58,卖盘
1870,14:29:51,2.56,256,1,买盘
1871,14:30:00,2.56,256,1,买盘
1872,14:30:03,2.56,3328,13,买盘
1873,14:30:06,2.55,22185,87,卖盘
1874,14:30:09,2.55,51255,201,卖盘
1875,14:30:12,2.55,40290,158,卖盘
1876,14:30:15,2.55,32385,127,卖盘
1877,14:30:24,2.55,766,3,卖盘
1878,14:30:27,2.56,2048,8,买盘
1879,14:30:30,2.56,256,1,买盘
1880,14:30:36,2.56,2560,10,买盘
1881,14:30:40,2.55,2550,10,卖盘
1882,14:30:45,2.56,9984,39,买盘
1883,14:30:48,2.55,255,1,卖盘
1884,14:30:51,2.56,2560,10,买盘
1885,14:31:00,2.55,2805,11,卖盘
1886,14:31:09,2.55,30090,118,卖盘
1887,14:31:12,2.55,29835,117,卖盘
1888,14:31:15,2.55,286620,1124,卖盘
1889,14:31:18,2.55,18105,71,买盘
1890,14:31:21,2.55,6375,25,买盘
1891,14:31:27,2.55,35700,140,买盘
1892,14:31:30,2.55,255,1,买盘
1893,14:31:39,2.55,25500,100,买盘
1894,14:31:43,2.55,255,1,买盘
1895,14:31:45,2.54,1778,7,卖盘
1896,14:31:48,2.55,255,1,买盘
1897,14:31:51,2.54,2286,9,卖盘
1898,14:32:07,2.54,16764,66,卖盘
1899,14:32:09,2.55,8925,35,买盘
1900,14:32:12,2.54,16510,65,卖盘
1901,14:32:15,2.54,16510,65,卖盘
1902,14:32:57,2.55,25500,100,买盘
1903,14:33:04,2.55,102000,400,买盘
1904,14:33:12,2.55,5610,22,买盘
1905,14:33:15,2.55,10200,40,买盘
1906,14:33:21,2.55,1020,4,买盘
1907,14:33:24,2.55,51000,200,买盘
1908,14:33:27,2.55,765,3,买盘
1909,14:33:30,2.55,4845,19,买盘
1910,14:33:33,2.55,255,1,买盘
1911,14:33:42,2.55,52275,205,买盘
1912,14:33:45,2.54,30772,121,卖盘
1913,14:33:48,2.55,5355,21,买盘
1914,14:33:54,2.55,4575,18,买盘
1915,14:33:57,2.55,52275,205,买盘
1916,14:34:00,2.55,39525,155,买盘
1917,14:34:04,2.55,255,1,买盘
1918,14:34:09,2.55,51000,200,买盘
1919,14:34:15,2.55,273360,1072,买盘
1920,14:34:18,2.55,17085,67,买盘
1921,14:34:21,2.55,23460,92,买盘
1922,14:34:24,2.55,255,1,买盘
1923,14:34:28,2.55,23460,92,买盘
1924,14:34:30,2.55,2040,8,买盘
1925,14:34:33,2.55,2295,9,买盘
1926,14:34:36,2.55,2295,9,买盘
1927,14:34:48,2.55,6375,25,买盘
1928,14:34:58,2.55,5100,20,买盘
1929,14:35:00,2.54,254,1,卖盘
1930,14:35:03,2.55,765,3,买盘
1931,14:35:06,2.55,33150,130,买盘
1932,14:35:09,2.55,22695,89,买盘
1933,14:35:12,2.55,765,3,买盘
1934,14:35:15,2.55,10199,40,买盘
1935,14:35:18,2.54,5080,20,卖盘
1936,14:35:24,2.55,6885,27,买盘
1937,14:35:27,2.55,3060,12,买盘
1938,14:35:30,2.55,108375,425,买盘
1939,14:35:33,2.55,255,1,买盘
1940,14:35:36,2.55,510,2,买盘
1941,14:35:51,2.55,1275,5,买盘
1942,14:35:54,2.54,7620,30,卖盘
1943,14:36:04,2.55,86190,338,买盘
1944,14:36:06,2.55,7905,31,卖盘
1945,14:36:18,2.55,62985,247,卖盘
1946,14:36:33,2.55,765,3,卖盘
1947,14:36:39,2.55,76500,300,卖盘
1948,14:36:45,2.55,4080,16,卖盘
1949,14:37:03,2.56,3579,14,买盘
1950,14:37:27,2.56,6912,27,买盘
1951,14:37:30,2.56,3579,14,买盘
1952,14:37:37,2.55,2295,9,卖盘
1953,14:37:39,2.55,2550,10,卖盘
1954,14:37:45,2.56,57168,224,买盘
1955,14:37:48,2.56,2304,9,买盘
1956,14:38:15,2.55,2295,9,卖盘
1957,14:38:18,2.56,9186,36,买盘
1958,14:38:21,2.55,510,2,卖盘
1959,14:38:30,2.56,76800,300,买盘
1960,14:38:33,2.55,6375,25,卖盘
1961,14:38:42,2.55,93585,367,卖盘
1962,14:38:45,2.55,2040,8,卖盘
1963,14:39:00,2.56,256,1,买盘
1964,14:39:03,2.56,2560,10,买盘
1965,14:39:06,2.55,765,3,卖盘
1966,14:39:13,2.56,2048,8,买盘
1967,14:39:21,2.55,255,1,卖盘
1968,14:39:33,2.56,12244,48,买盘
1969,14:39:36,2.55,53805,211,卖盘
1970,14:39:45,2.55,765,3,卖盘
1971,14:39:51,2.56,512,2,买盘
1972,14:39:57,2.55,2295,9,卖盘
1973,14:40:00,2.56,3072,12,买盘
1974,14:40:12,2.55,17851,70,卖盘
1975,14:40:15,2.55,127755,501,卖盘
1976,14:40:21,2.55,255,1,卖盘
1977,14:40:30,2.55,255,1,卖盘
1978,14:40:33,2.55,510,2,卖盘
1979,14:40:36,2.55,510,2,卖盘
1980,14:40:39,2.56,4094,16,买盘
1981,14:40:51,2.55,105060,412,卖盘
1982,14:41:00,2.55,9945,39,卖盘
1983,14:41:10,2.55,71910,282,卖盘
1984,14:41:12,2.55,129795,509,卖盘
1985,14:41:15,2.55,345780,1356,卖盘
1986,14:41:18,2.55,5610,22,买盘
1987,14:41:30,2.55,2550,10,买盘
1988,14:41:33,2.54,2286,9,卖盘
1989,14:41:40,2.54,1270,5,卖盘
1990,14:41:42,2.55,1275,5,买盘
1991,14:41:45,2.55,3825,15,买盘
1992,14:41:48,2.55,63750,250,买盘
1993,14:41:54,2.54,25400,100,卖盘
1994,14:41:57,2.54,1270,5,卖盘
1995,14:42:00,2.55,3825,15,买盘
1996,14:42:06,2.55,7395,29,买盘
1997,14:42:18,2.55,3060,12,买盘
1998,14:42:28,2.55,255,1,买盘
1999,14:42:33,2.54,2540,10,卖盘
2000,14:42:37,2.55,7650,30,买盘
2001,14:42:48,2.55,2040,8,买盘
2002,14:42:51,2.54,70866,279,卖盘
2003,14:43:00,2.55,255,1,买盘
2004,14:43:03,2.54,762,3,卖盘
2005,14:43:07,2.54,50800,200,卖盘
2006,14:43:12,2.54,2286,9,卖盘
2007,14:43:18,2.55,255,1,买盘
2008,14:43:21,2.54,4318,17,卖盘
2009,14:43:39,2.54,2286,9,卖盘
2010,14:43:42,2.54,3556,14,卖盘
2011,14:43:45,2.55,8160,32,买盘
2012,14:43:51,2.54,2286,9,卖盘
2013,14:43:54,2.55,22362,88,买盘
2014,14:44:06,2.55,255,1,买盘
2015,14:44:15,2.54,74676,294,卖盘
2016,14:44:19,2.55,26520,104,买盘
2017,14:44:24,2.55,606135,2377,买盘
2018,14:44:27,2.55,5100,20,卖盘
2019,14:44:36,2.55,10965,43,卖盘
2020,14:44:42,2.55,19125,75,卖盘
2021,14:44:51,2.56,9957,39,买盘
2022,14:45:00,2.55,97920,384,卖盘
2023,14:45:06,2.55,40035,157,卖盘
2024,14:45:09,2.55,267240,1048,卖盘
2025,14:45:12,2.55,2040,8,卖盘
2026,14:45:19,2.55,10455,41,卖盘
2027,14:45:21,2.55,5100,20,卖盘
2028,14:45:27,2.55,83640,328,卖盘
2029,14:45:31,2.55,151470,594,卖盘
2030,14:45:33,2.55,31365,123,卖盘
2031,14:45:39,2.55,10200,40,卖盘
2032,14:45:42,2.56,2304,9,买盘
2033,14:45:46,2.55,60435,237,卖盘
2034,14:45:48,2.55,10200,40,卖盘
2035,14:45:54,2.55,25500,100,卖盘
2036,14:46:00,2.55,6375,25,卖盘
2037,14:46:06,2.55,1530,6,卖盘
2038,14:46:09,2.55,1275,5,卖盘
2039,14:46:12,2.55,2040,8,卖盘
2040,14:46:18,2.56,22784,89,买盘
2041,14:46:21,2.55,12750,50,卖盘
2042,14:46:24,2.56,1792,7,买盘
2043,14:46:30,2.55,9180,36,卖盘
2044,14:46:33,2.55,7905,31,卖盘
2045,14:46:39,2.55,10455,41,卖盘
2046,14:46:42,2.55,15300,60,卖盘
2047,14:46:48,2.56,512,2,买盘
2048,14:46:51,2.56,8417,33,买盘
2049,14:47:00,2.56,2560,10,买盘
2050,14:47:03,2.55,17850,70,卖盘
2051,14:47:06,2.55,33660,132,卖盘
2052,14:47:09,2.55,56865,223,卖盘
2053,14:47:12,2.55,20145,79,卖盘
2054,14:47:18,2.55,10200,40,卖盘
2055,14:47:21,2.56,6912,27,买盘
2056,14:47:25,2.55,60326,236,卖盘
2057,14:47:28,2.55,49980,196,卖盘
2058,14:47:33,2.56,512,2,买盘
2059,14:47:42,2.55,5866,23,卖盘
2060,14:47:51,2.55,13525,53,卖盘
2061,14:47:54,2.55,12495,49,卖盘
2062,14:48:03,2.55,38760,152,卖盘
2063,14:48:09,2.56,54831,215,买盘
2064,14:48:15,2.55,2295,9,卖盘
2065,14:48:18,2.56,6132,24,买盘
2066,14:48:21,2.55,255,1,卖盘
2067,14:48:27,2.55,13770,54,卖盘
2068,14:48:33,2.55,4845,19,卖盘
2069,14:48:40,2.55,510,2,卖盘
2070,14:48:45,2.55,1275,5,卖盘
2071,14:48:48,2.55,102510,402,卖盘
2072,14:48:51,2.55,7905,31,卖盘
2073,14:48:54,2.55,2295,9,卖盘
2074,14:48:57,2.56,2551,10,买盘
2075,14:49:00,2.55,11772,46,卖盘
2076,14:49:03,2.55,55836,219,买盘
2077,14:49:06,2.55,24646,97,买盘
2078,14:49:09,2.55,2295,9,买盘
2079,14:49:12,2.55,19567,77,买盘
2080,14:49:18,2.54,4826,19,卖盘
2081,14:49:21,2.55,2805,11,买盘
2082,14:49:24,2.55,25500,100,买盘
2083,14:49:27,2.55,255,1,买盘
2084,14:49:30,2.55,10455,41,买盘
2085,14:49:33,2.55,17796,70,买盘
2086,14:49:36,2.55,765,3,买盘
2087,14:49:39,2.55,16575,65,买盘
2088,14:49:42,2.55,21675,85,买盘
2089,14:49:45,2.54,27432,108,卖盘
2090,14:49:49,2.55,74460,292,买盘
2091,14:49:52,2.54,17021,67,卖盘
2092,14:50:00,2.55,27228,107,买盘
2093,14:50:09,2.55,1275,5,买盘
2094,14:50:13,2.55,6885,27,买盘
2095,14:50:15,2.55,255,1,买盘
2096,14:50:18,2.54,7874,31,卖盘
2097,14:50:21,2.55,4590,18,买盘
2098,14:50:24,2.55,1275,5,买盘
2099,14:50:27,2.55,4590,18,买盘
2100,14:50:30,2.55,2040,8,买盘
2101,14:50:33,2.55,1020,4,买盘
2102,14:50:36,2.55,2040,8,买盘
2103,14:50:39,2.55,26520,104,买盘
2104,14:50:42,2.55,3315,13,买盘
2105,14:50:45,2.55,255,1,买盘
2106,14:50:48,2.55,6120,24,买盘
2107,14:50:51,2.55,28815,113,买盘
2108,14:50:55,2.55,510,2,买盘
2109,14:51:00,2.54,28814,113,卖盘
2110,14:51:03,2.55,2550,10,买盘
2111,14:51:06,2.55,55185,217,买盘
2112,14:51:12,2.55,19890,78,买盘
2113,14:51:15,2.54,22940,90,卖盘
2114,14:51:18,2.55,28460,112,买盘
2115,14:51:21,2.54,1270,5,卖盘
2116,14:51:30,2.54,50800,200,卖盘
2117,14:51:34,2.55,10200,40,买盘
2118,14:51:39,2.54,25400,100,卖盘
2119,14:51:45,2.54,508,2,卖盘
2120,14:51:49,2.55,5100,20,买盘
2121,14:51:51,2.55,18105,71,买盘
2122,14:52:06,2.55,2548,10,买盘
2123,14:52:09,2.54,2032,8,卖盘
2124,14:52:30,2.55,9909,39,买盘
2125,14:52:33,2.55,10200,40,买盘
2126,14:52:36,2.55,255,1,买盘
2127,14:52:39,2.55,25500,100,买盘
2128,14:52:48,2.55,765,3,买盘
2129,14:52:51,2.54,7620,30,卖盘
2130,14:52:54,2.55,11475,45,买盘
2131,14:52:57,2.55,1529,6,买盘
2132,14:53:00,2.55,10455,41,买盘
2133,14:53:03,2.54,2540,10,卖盘
2134,14:53:06,2.55,765,3,买盘
2135,14:53:09,2.55,22694,89,买盘
2136,14:53:18,2.55,255,1,买盘
2137,14:53:21,2.55,10455,41,买盘
2138,14:53:27,2.54,50800,200,卖盘
2139,14:53:30,2.55,65013,255,买盘
2140,14:53:33,2.54,13728,54,卖盘
2141,14:53:36,2.54,9906,39,卖盘
2142,14:53:39,2.55,765,3,买盘
2143,14:53:42,2.54,2797,11,卖盘
2144,14:53:51,2.54,4318,17,卖盘
2145,14:53:54,2.54,2540,10,卖盘
2146,14:53:57,2.55,18054,71,买盘
2147,14:54:00,2.54,21164,83,卖盘
2148,14:54:03,2.55,6361,25,买盘
2149,14:54:06,2.55,2040,8,买盘
2150,14:54:12,2.55,2295,9,买盘
2151,14:54:15,2.55,2039,8,买盘
2152,14:54:18,2.54,254,1,卖盘
2153,14:54:24,2.55,40800,160,买盘
2154,14:54:27,2.54,19050,75,卖盘
2155,14:54:30,2.54,8636,34,卖盘
2156,14:54:33,2.54,7119,28,卖盘
2157,14:54:36,2.54,55121,217,卖盘
2158,14:54:39,2.54,7874,31,卖盘
2159,14:54:48,2.55,51000,200,买盘
2160,14:54:51,2.55,255,1,买盘
2161,14:54:54,2.55,5081,20,买盘
2162,14:54:57,2.55,30757,121,买盘
2163,14:55:00,2.55,3060,12,买盘
2164,14:55:03,2.55,3060,12,买盘
2165,14:55:06,2.54,21108,83,卖盘
2166,14:55:09,2.55,30089,118,买盘
2167,14:55:12,2.55,25948,102,买盘
2168,14:55:15,2.54,11432,45,卖盘
2169,14:55:18,2.54,17780,70,卖盘
2170,14:55:21,2.54,9398,37,卖盘
2171,14:55:24,2.54,68326,269,卖盘
2172,14:55:27,2.55,26252,103,买盘
2173,14:55:30,2.54,98299,387,卖盘
2174,14:55:33,2.54,4572,18,卖盘
2175,14:55:36,2.55,1779,7,买盘
2176,14:55:39,2.54,71120,280,卖盘
2177,14:55:45,2.54,20320,80,卖盘
2178,14:55:48,2.55,18084,71,买盘
2179,14:55:51,2.55,53805,211,买盘
2180,14:55:54,2.54,87630,345,卖盘
2181,14:55:57,2.54,254,1,卖盘
2182,14:56:00,2.55,106585,418,买盘
2183,14:56:03,2.55,17825,70,买盘
2184,14:56:06,2.55,5865,23,买盘
2185,14:56:09,2.55,272595,1069,买盘
2186,14:56:12,2.55,6104,24,买盘
2187,14:56:15,2.54,40289,158,卖盘
2188,14:56:18,2.54,11430,45,卖盘
2189,14:56:21,2.54,21920,86,卖盘
2190,14:56:24,2.54,24224,95,卖盘
2191,14:56:27,2.55,76500,300,买盘
2192,14:56:30,2.54,154434,608,卖盘
2193,14:56:33,2.55,12490,49,买盘
2194,14:56:36,2.55,1525,6,买盘
2195,14:56:39,2.54,1019,4,卖盘
2196,14:56:42,2.55,255,1,买盘
2197,14:56:45,2.54,509,2,卖盘
2198,14:56:48,2.55,1018,4,买盘
2199,14:56:51,2.55,1020,4,买盘
2200,14:56:54,2.55,1020,4,买盘
2201,14:56:57,2.55,51310,202,买盘
2202,14:57:00,2.54,2795,11,卖盘
2203,15:00:00,2.54,1018032,4008,卖盘
