,成交时间,成交价格,成交金额,成交量,性质
0,09:25:03,57.5,16206950,2819,卖盘
1,09:30:00,57.51,28753,5,买盘
2,09:30:03,57.5,1063852,185,卖盘
3,09:30:06,57.49,1480034,257,卖盘
4,09:30:09,57.47,1483335,258,卖盘
5,09:30:12,57.37,6007297,1046,卖盘
6,09:30:15,57.37,969553,169,买盘
7,09:30:18,57.36,3034575,529,卖盘
8,09:30:21,57.34,3491624,609,中性盘
9,09:30:24,57.28,2509424,438,卖盘
10,09:30:27,57.25,2049977,358,卖盘
11,09:30:30,57.22,3193946,558,卖盘
12,09:30:33,57.21,480612,84,卖盘
13,09:30:36,57.2,3042910,532,卖盘
14,09:30:39,57.18,1475629,258,卖盘
15,09:30:42,57.17,1200941,210,卖盘
16,09:30:45,57.17,1320861,231,买盘
17,09:30:48,57.19,823885,144,中性盘
18,09:30:51,57.26,1698754,297,买盘
19,09:30:54,57.22,394974,69,卖盘
20,09:30:57,57.22,1333305,233,买盘
21,09:31:00,57.24,1807636,316,买盘
22,09:31:03,57.2,1292763,226,卖盘
23,09:31:06,57.26,1894477,331,买盘
24,09:31:09,57.19,1625038,284,卖盘
25,09:31:12,57.24,68679,12,买盘
26,09:31:15,57.26,1041988,182,买盘
27,09:31:18,57.26,2107514,368,卖盘
28,09:31:21,57.24,1580179,276,卖盘
29,09:31:24,57.26,795751,139,买盘
30,09:31:27,57.27,1626248,284,买盘
31,09:31:30,57.33,997267,174,买盘
32,09:31:33,57.33,882974,154,卖盘
33,09:31:36,57.34,1448272,253,买盘
34,09:31:39,57.37,1806201,315,买盘
35,09:31:42,57.36,1892095,330,买盘
36,09:31:45,57.33,1628465,284,卖盘
37,09:31:48,57.37,1003726,175,买盘
38,09:31:51,57.38,131976,23,中性盘
39,09:31:54,57.37,396020,69,卖盘
40,09:31:57,57.38,510985,89,中性盘
41,09:32:00,57.37,751670,131,卖盘
42,09:32:03,57.37,608250,106,卖盘
43,09:32:06,57.37,2906040,507,卖盘
44,09:32:09,57.39,2552316,445,买盘
45,09:32:12,57.26,3069620,535,卖盘
46,09:32:15,57.3,1649762,288,买盘
47,09:32:18,57.3,1455790,254,卖盘
48,09:32:21,57.3,768070,134,卖盘
49,09:32:24,57.33,556014,97,买盘
50,09:32:27,57.33,97461,17,卖盘
51,09:32:30,57.34,1370567,239,买盘
52,09:32:33,57.35,2760459,481,中性盘
53,09:32:36,57.35,2581191,450,卖盘
54,09:32:39,57.37,797262,139,卖盘
55,09:32:42,57.36,2002119,349,卖盘
56,09:32:45,57.35,332674,58,卖盘
57,09:32:48,57.33,2396900,418,卖盘
58,09:32:51,57.35,865853,151,中性盘
59,09:32:54,57.33,367025,64,买盘
60,09:32:57,57.35,447264,78,买盘
61,09:33:00,57.35,751269,131,卖盘
62,09:33:03,57.35,573517,100,卖盘
63,09:33:06,57.32,1937932,338,卖盘
64,09:33:09,57.32,280908,49,中性盘
65,09:33:12,57.31,613279,107,卖盘
66,09:33:15,57.32,1060258,185,买盘
67,09:33:18,57.32,739450,129,买盘
68,09:33:21,57.31,980066,171,卖盘
69,09:33:24,57.32,641851,112,买盘
70,09:33:27,57.31,1128916,197,卖盘
71,09:33:30,57.3,252166,44,卖盘
72,09:33:33,57.32,991634,173,买盘
73,09:33:36,57.32,670678,117,卖盘
74,09:33:39,57.35,3538264,617,买盘
75,09:33:42,57.35,1995490,348,卖盘
76,09:33:45,57.35,590876,103,买盘
77,09:33:48,57.38,1899501,331,买盘
78,09:33:51,57.44,642867,112,买盘
79,09:33:54,57.4,1487001,259,卖盘
80,09:33:57,57.43,384979,67,买盘
81,09:34:00,57.45,448219,78,中性盘
82,09:34:03,57.46,465490,81,中性盘
83,09:34:06,57.45,511369,89,卖盘
84,09:34:09,57.46,1218121,212,买盘
85,09:34:12,57.47,1137775,198,买盘
86,09:34:15,57.45,884850,154,卖盘
87,09:34:18,57.45,2316144,403,买盘
88,09:34:21,57.47,1229783,214,买盘
89,09:34:24,57.44,1080301,188,卖盘
90,09:34:27,57.47,379273,66,买盘
91,09:34:30,57.45,1137709,198,卖盘
92,09:34:33,57.44,436682,76,卖盘
93,09:34:36,57.44,57453,10,卖盘
94,09:34:39,57.47,1293014,225,买盘
95,09:34:42,57.46,1034297,180,中性盘
96,09:34:45,57.44,1315620,229,卖盘
97,09:34:48,57.35,2398908,418,卖盘
98,09:34:51,57.38,895296,156,中性盘
99,09:34:54,57.38,80329,14,买盘
100,09:34:57,57.38,780676,136,卖盘
101,09:35:00,57.37,1269169,221,中性盘
102,09:35:03,57.38,57395,10,中性盘
103,09:35:06,57.44,528246,92,买盘
104,09:35:09,57.39,1291580,225,卖盘
105,09:35:12,57.38,723121,126,卖盘
106,09:35:15,57.38,866406,151,买盘
107,09:35:18,57.37,407274,71,卖盘
108,09:35:21,57.38,1290887,225,买盘
109,09:35:24,57.37,1107394,193,卖盘
110,09:35:27,57.44,1808795,315,买盘
111,09:35:30,57.4,861312,150,卖盘
112,09:35:33,57.45,1844379,321,买盘
113,09:35:36,57.45,1540208,268,卖盘
114,09:35:39,57.45,551531,96,卖盘
115,09:35:42,57.4,1951825,340,卖盘
116,09:35:45,57.37,1434781,250,卖盘
117,09:35:48,57.36,963517,168,中性盘
118,09:35:51,57.36,298245,52,买盘
119,09:35:54,57.36,1003917,175,买盘
120,09:35:57,57.36,596503,104,买盘
121,09:36:00,57.35,521944,91,卖盘
122,09:36:03,57.35,1170129,204,买盘
123,09:36:06,57.37,1043812,182,中性盘
124,09:36:09,57.35,143403,25,中性盘
125,09:36:12,57.37,717150,125,中性盘
126,09:36:15,57.36,481911,84,卖盘
127,09:36:18,57.34,1926731,336,卖盘
128,09:36:21,57.34,584761,102,买盘
129,09:36:24,57.32,1679491,293,卖盘
130,09:36:27,57.32,366834,64,卖盘
131,09:36:30,57.31,1318049,230,卖盘
132,09:36:33,57.27,1947899,340,卖盘
133,09:36:36,57.26,446628,78,卖盘
134,09:36:39,57.26,423702,74,卖盘
135,09:36:42,57.25,1093440,191,卖盘
136,09:36:45,57.22,257504,45,卖盘
137,09:36:48,57.21,909788,159,卖盘
138,09:36:51,57.21,1447318,253,卖盘
139,09:36:54,57.2,1738905,304,卖盘
140,09:36:57,57.18,1189473,208,卖盘
141,09:37:00,57.17,874800,153,卖盘
142,09:37:03,57.17,394488,69,卖盘
143,09:37:06,57.16,1343431,235,卖盘
144,09:37:09,57.16,5567257,974,卖盘
145,09:37:12,57.16,1782826,312,买盘
146,09:37:15,57.19,4985482,872,买盘
147,09:37:18,57.19,943718,165,卖盘
148,09:37:21,57.21,1344136,235,买盘
149,09:37:24,57.22,571907,100,买盘
150,09:37:27,57.21,1962999,343,卖盘
151,09:37:30,57.21,743562,130,买盘
152,09:37:33,57.2,1452665,254,卖盘
153,09:37:36,57.19,337452,59,卖盘
154,09:37:39,57.19,1161024,203,买盘
155,09:37:42,57.16,1829160,320,卖盘
156,09:37:45,57.13,1857257,325,卖盘
157,09:37:48,57.15,948442,166,买盘
158,09:37:51,57.13,994207,174,卖盘
159,09:37:54,57.15,462899,81,买盘
160,09:37:57,57.13,537062,94,卖盘
161,09:38:00,57.13,1354070,237,卖盘
162,09:38:03,57.12,662673,116,卖盘
163,09:38:06,57.13,954009,167,买盘
164,09:38:09,57.18,1456959,255,买盘
165,09:38:12,57.15,2166422,379,卖盘
166,09:38:15,57.18,2771108,485,买盘
167,09:38:18,57.19,806011,141,买盘
168,09:38:21,57.2,646273,113,买盘
169,09:38:24,57.22,440463,77,买盘
170,09:38:27,57.21,400588,70,卖盘
171,09:38:30,57.24,915968,160,中性盘
172,09:38:33,57.24,1167824,204,卖盘
173,09:38:36,57.28,2933209,512,中性盘
174,09:38:39,57.26,297893,52,卖盘
175,09:38:42,57.28,429620,75,中性盘
176,09:38:45,57.28,492568,86,买盘
177,09:38:48,57.28,1655494,289,中性盘
178,09:38:51,57.28,910722,159,买盘
179,09:38:54,57.27,389463,68,卖盘
180,09:38:57,57.27,824656,144,买盘
181,09:39:00,57.28,1088148,190,买盘
182,09:39:03,57.33,6609319,1154,买盘
183,09:39:06,57.29,263559,46,卖盘
184,09:39:09,57.29,1719030,300,卖盘
185,09:39:12,57.28,1718587,300,卖盘
186,09:39:15,57.24,4243450,741,卖盘
187,09:39:18,57.24,1311025,229,买盘
188,09:39:21,57.27,125951,22,中性盘
189,09:39:24,57.28,349226,61,买盘
190,09:39:27,57.29,486751,85,买盘
191,09:39:30,57.28,320741,56,中性盘
192,09:39:33,57.28,274971,48,卖盘
193,09:39:36,57.27,882137,154,卖盘
194,09:39:39,57.27,629927,110,卖盘
195,09:39:42,57.27,429463,75,买盘
196,09:39:45,57.26,303490,53,中性盘
197,09:39:48,57.24,1654850,289,卖盘
198,09:39:51,57.24,910131,159,卖盘
199,09:39:54,57.24,921544,161,卖盘
200,09:39:57,57.24,183157,32,买盘
201,09:40:00,57.21,606519,106,卖盘
202,09:40:03,57.22,4067218,711,中性盘
203,09:40:06,57.22,314597,55,买盘
204,09:40:09,57.19,554710,97,卖盘
205,09:40:12,57.18,1246666,218,卖盘
206,09:40:15,57.2,1006594,176,买盘
207,09:40:18,57.2,1869987,327,买盘
208,09:40:21,57.19,829417,145,卖盘
209,09:40:24,57.21,594934,104,买盘
210,09:40:27,57.2,966723,169,卖盘
211,09:40:30,57.2,366076,64,买盘
212,09:40:33,57.19,930013,163,卖盘
213,09:40:36,57.18,697767,122,卖盘
214,09:40:39,57.19,508960,89,买盘
215,09:40:42,57.19,137245,24,买盘
216,09:40:45,57.2,440336,77,买盘
217,09:40:48,57.21,1069636,187,买盘
218,09:40:51,57.2,486204,85,买盘
219,09:40:54,57.21,663747,116,中性盘
220,09:40:57,57.24,709606,124,中性盘
221,09:41:00,57.24,635487,111,买盘
222,09:41:03,57.22,601001,105,卖盘
223,09:41:06,57.21,944135,165,卖盘
224,09:41:09,57.23,331905,58,中性盘
225,09:41:12,57.23,686605,120,买盘
226,09:41:15,57.23,1327493,232,卖盘
227,09:41:18,57.21,486258,85,中性盘
228,09:41:21,57.21,543560,95,卖盘
229,09:41:24,57.2,1659126,290,卖盘
230,09:41:27,57.19,1933191,338,卖盘
231,09:41:30,57.18,2533124,443,卖盘
232,09:41:33,57.17,668968,117,卖盘
233,09:41:36,57.17,1443044,252,卖盘
234,09:41:39,57.17,1217560,213,买盘
235,09:41:42,57.17,683785,120,买盘
236,09:41:45,57.19,417441,73,买盘
237,09:41:48,57.21,697696,122,买盘
238,09:41:51,57.17,920608,161,卖盘
239,09:41:54,57.22,17167,3,卖盘
240,09:41:57,57.22,308948,54,卖盘
241,09:42:00,57.21,348939,61,中性盘
242,09:42:03,57.19,348948,61,卖盘
243,09:42:06,57.19,2367270,414,卖盘
244,09:42:09,57.21,629222,110,买盘
245,09:42:12,57.21,497651,87,卖盘
246,09:42:15,57.19,743347,130,买盘
247,09:42:18,57.17,851956,149,卖盘
248,09:42:21,57.16,2240954,392,卖盘
249,09:42:24,57.17,125791,22,中性盘
250,09:42:27,57.17,703224,123,买盘
251,09:42:30,57.19,1429591,250,买盘
252,09:42:33,57.16,4905327,858,卖盘
253,09:42:36,57.22,726450,127,买盘
254,09:42:39,57.21,178468,31,中性盘
255,09:42:42,57.2,343309,60,中性盘
256,09:42:45,57.22,858461,150,中性盘
257,09:42:48,57.23,228933,40,卖盘
258,09:42:51,57.26,326258,57,买盘
259,09:42:54,57.27,973355,170,买盘
260,09:42:57,57.33,1054008,184,买盘
261,09:43:00,57.36,493077,86,买盘
262,09:43:03,57.31,395587,69,卖盘
263,09:43:06,57.38,2014772,351,买盘
264,09:43:09,57.39,327124,57,中性盘
265,09:43:12,57.39,838456,146,卖盘
266,09:43:15,57.4,987462,172,中性盘
267,09:43:18,57.4,269850,47,买盘
268,09:43:21,57.4,717409,125,中性盘
269,09:43:24,57.4,912809,159,买盘
270,09:43:27,57.4,367369,64,卖盘
271,09:43:30,57.41,166461,29,买盘
272,09:43:33,57.41,642938,112,买盘
273,09:43:36,57.42,419144,73,买盘
274,09:43:39,57.48,982596,171,买盘
275,09:43:42,57.53,7982679,1388,买盘
276,09:43:45,57.49,7182623,1249,卖盘
277,09:43:48,57.53,5974640,1039,买盘
278,09:43:51,57.49,1208062,210,卖盘
279,09:43:54,57.5,684580,119,中性盘
280,09:43:57,57.53,534960,93,买盘
281,09:44:00,57.51,569454,99,卖盘
282,09:44:03,57.5,327746,57,中性盘
283,09:44:06,57.47,1282104,223,卖盘
284,09:44:09,57.43,792677,138,卖盘
285,09:44:12,57.43,453747,79,买盘
286,09:44:15,57.41,948034,165,卖盘
287,09:44:18,57.43,476607,83,买盘
288,09:44:21,57.39,470809,82,卖盘
289,09:44:24,57.44,557066,97,买盘
290,09:44:27,57.45,821512,143,买盘
291,09:44:30,57.47,229849,40,买盘
292,09:44:33,57.45,201105,35,卖盘
293,09:44:36,57.47,517293,90,卖盘
294,09:44:39,57.47,264424,46,卖盘
295,09:44:42,57.53,1391566,242,买盘
296,09:44:45,57.5,109218,19,中性盘
297,09:44:48,57.47,350652,61,卖盘
298,09:44:51,57.47,477040,83,卖盘
299,09:44:54,57.47,776112,135,中性盘
300,09:44:57,57.48,1252598,218,中性盘
301,09:45:00,57.44,2527921,440,卖盘
302,09:45:03,57.37,1262905,220,卖盘
303,09:45:06,57.3,676752,118,卖盘
304,09:45:09,57.36,321099,56,买盘
305,09:45:12,57.33,384008,67,中性盘
306,09:45:15,57.35,389797,68,买盘
307,09:45:18,57.38,332692,58,买盘
308,09:45:21,57.34,906361,158,卖盘
309,09:45:24,57.36,654063,114,卖盘
310,09:45:27,57.37,395857,69,中性盘
311,09:45:30,57.39,803418,140,买盘
312,09:45:33,57.35,430225,75,卖盘
313,09:45:36,57.37,338508,59,卖盘
314,09:45:39,57.37,1217184,212,卖盘
315,09:45:42,57.39,482124,84,买盘
316,09:45:45,57.4,390442,68,卖盘
317,09:45:48,57.43,413329,72,买盘
318,09:45:51,57.42,298634,52,中性盘
319,09:45:54,57.44,241171,42,买盘
320,09:45:57,57.42,51673,9,中性盘
321,09:46:00,57.44,252664,44,买盘
322,09:46:03,57.42,258389,45,卖盘
323,09:46:06,57.42,404238,70,卖盘
324,09:46:09,57.44,516813,90,买盘
325,09:46:12,57.44,743238,129,买盘
326,09:46:15,57.45,1257943,219,买盘
327,09:46:18,57.45,608955,106,买盘
328,09:46:21,57.48,597423,104,买盘
329,09:46:24,57.49,1805102,314,买盘
330,09:46:27,57.49,2899312,504,买盘
331,09:46:30,57.54,2243606,390,买盘
332,09:46:33,57.53,748012,130,卖盘
333,09:46:36,57.53,235898,41,卖盘
334,09:46:39,57.52,604034,105,卖盘
335,09:46:42,57.52,339335,59,买盘
336,09:46:45,57.52,1403336,244,卖盘
337,09:46:48,57.51,845339,147,卖盘
338,09:46:51,57.52,334722,58,买盘
339,09:46:54,57.5,178271,31,中性盘
340,09:46:57,57.5,615227,107,卖盘
341,09:47:00,57.5,707366,123,卖盘
342,09:47:03,57.48,729021,127,卖盘
343,09:47:06,57.49,1970304,343,买盘
344,09:47:09,57.48,465431,81,中性盘
345,09:47:12,57.47,471193,82,中性盘
346,09:47:15,57.48,683699,119,买盘
347,09:47:18,57.42,924619,161,卖盘
348,09:47:21,57.4,1073661,187,卖盘
349,09:47:24,57.41,384617,67,买盘
350,09:47:27,57.41,1073653,187,买盘
351,09:47:30,57.38,332962,58,卖盘
352,09:47:33,57.38,464794,81,卖盘
353,09:47:36,57.39,269695,47,中性盘
354,09:47:39,57.38,401644,70,卖盘
355,09:47:42,57.38,562212,98,买盘
356,09:47:45,57.39,631188,110,买盘
357,09:47:48,57.39,3596231,626,卖盘
358,09:47:51,57.38,556684,97,卖盘
359,09:47:54,57.45,1860884,324,买盘
360,09:47:57,57.49,1684029,293,买盘
361,09:48:00,57.5,1040324,181,买盘
362,09:48:03,57.38,1050538,183,卖盘
363,09:48:06,57.38,545267,95,卖盘
364,09:48:09,57.43,614422,107,买盘
365,09:48:12,57.4,1085237,189,卖盘
366,09:48:15,57.4,1773497,309,卖盘
367,09:48:18,57.38,1187990,207,卖盘
368,09:48:21,57.41,1079514,188,买盘
369,09:48:24,57.41,1316182,229,中性盘
370,09:48:27,57.43,212479,37,中性盘
371,09:48:30,57.48,379015,66,买盘
372,09:48:33,57.4,465094,81,卖盘
373,09:48:36,57.44,292770,51,中性盘
374,09:48:39,57.44,516803,90,买盘
375,09:48:42,57.42,264156,46,卖盘
376,09:48:45,57.42,143571,25,卖盘
377,09:48:48,57.44,574377,100,买盘
378,09:48:51,57.41,1355350,236,卖盘
379,09:48:54,57.39,2323819,405,卖盘
380,09:48:57,57.43,6062493,1055,买盘
381,09:49:00,57.38,367412,64,中性盘
382,09:49:03,57.38,734527,128,卖盘
383,09:49:06,57.37,734320,128,卖盘
384,09:49:09,57.36,177841,31,卖盘
385,09:49:12,57.38,2415639,421,买盘
386,09:49:15,57.37,969208,169,卖盘
387,09:49:18,57.37,372813,65,买盘
388,09:49:21,57.32,831330,145,卖盘
389,09:49:24,57.37,286736,50,买盘
390,09:49:27,57.32,898797,157,卖盘
391,09:49:30,57.33,734761,128,买盘
392,09:49:33,57.32,395478,69,卖盘
393,09:49:36,57.3,561583,98,卖盘
394,09:49:39,57.31,189130,33,买盘
395,09:49:42,57.32,406904,71,买盘
396,09:49:45,57.31,544443,95,卖盘
397,09:49:48,57.31,171941,30,买盘
398,09:49:51,57.33,143313,25,买盘
399,09:49:54,57.32,212080,37,卖盘
400,09:49:57,57.33,481501,84,买盘
401,09:50:00,57.31,458590,80,卖盘
402,09:50:03,57.31,538732,94,卖盘
403,09:50:06,57.31,1140388,199,买盘
404,09:50:09,57.31,395423,69,卖盘
405,09:50:12,57.31,762130,133,买盘
406,09:50:15,57.3,378109,66,中性盘
407,09:50:18,57.28,263504,46,卖盘
408,09:50:21,57.28,796250,139,卖盘
409,09:50:24,57.31,2274007,397,买盘
410,09:50:27,57.29,429604,75,中性盘
411,09:50:30,57.26,1197350,209,卖盘
412,09:50:33,57.28,85927,15,中性盘
413,09:50:36,57.28,360869,63,买盘
414,09:50:39,57.28,286419,50,卖盘
415,09:50:42,57.28,664454,116,卖盘
416,09:50:45,57.28,481110,84,卖盘
417,09:50:48,57.29,1747140,305,买盘
418,09:50:51,57.3,131779,23,买盘
419,09:50:54,57.31,590178,103,买盘
420,09:50:57,57.31,653193,114,卖盘
421,09:51:00,57.33,727912,127,买盘
422,09:51:03,57.33,538975,94,买盘
423,09:51:06,57.33,802393,140,卖盘
424,09:51:09,57.31,183433,32,卖盘
425,09:51:12,57.3,298024,52,卖盘
426,09:51:15,57.29,510022,89,卖盘
427,09:51:18,57.31,315177,55,中性盘
428,09:51:21,57.31,338133,59,卖盘
429,09:51:24,57.29,148984,26,卖盘
430,09:51:27,57.3,446906,78,中性盘
431,09:51:30,57.29,338064,59,卖盘
432,09:51:33,57.28,985449,172,卖盘
433,09:51:36,57.31,2132181,372,买盘
434,09:51:39,57.36,791328,138,买盘
435,09:51:42,57.35,252205,44,中性盘
436,09:51:45,57.32,223534,39,中性盘
437,09:51:48,57.31,321008,56,卖盘
438,09:51:51,57.31,246508,43,卖盘
439,09:51:54,57.31,355409,62,卖盘
440,09:51:57,57.33,97441,17,中性盘
441,09:52:00,57.33,263673,46,卖盘
442,09:52:03,57.35,269546,47,买盘
443,09:52:06,57.35,384274,67,卖盘
444,09:52:09,57.36,131928,23,买盘
445,09:52:12,57.33,642347,112,卖盘
446,09:52:15,57.36,430218,75,买盘
447,09:52:18,57.37,338425,59,买盘
448,09:52:21,57.37,57365,10,买盘
449,09:52:24,57.37,246677,43,买盘
450,09:52:27,57.35,206487,36,卖盘
451,09:52:30,57.38,309805,54,买盘
452,09:52:33,57.38,660072,115,卖盘
453,09:52:36,57.38,579448,101,卖盘
454,09:52:39,57.37,281095,49,卖盘
455,09:52:42,57.35,889140,155,卖盘
456,09:52:45,57.32,619370,108,卖盘
457,09:52:48,57.32,504451,88,卖盘
458,09:52:51,57.3,2143515,374,卖盘
459,09:52:54,57.33,3135182,547,买盘
460,09:52:57,57.34,562060,98,中性盘
461,09:53:00,57.37,844274,147,中性盘
462,09:53:03,57.37,349943,61,卖盘
463,09:53:06,57.34,613791,107,卖盘
464,09:53:09,57.33,326752,57,卖盘
465,09:53:12,57.29,1535617,268,卖盘
466,09:53:15,57.29,3432008,599,卖盘
467,09:53:18,57.29,383913,67,卖盘
468,09:53:21,57.31,263645,46,卖盘
469,09:53:24,57.35,11844760,2061,买盘
470,09:53:27,57.36,717047,125,卖盘
471,09:53:30,57.42,648518,113,买盘
472,09:53:33,57.42,539747,94,卖盘
473,09:53:36,57.42,499571,87,卖盘
474,09:53:39,57.42,769007,134,买盘
475,09:53:42,57.42,998565,174,买盘
476,09:53:45,57.4,407446,71,卖盘
477,09:53:48,57.35,292610,51,卖盘
478,09:53:51,57.39,275459,48,中性盘
479,09:53:54,57.38,642624,112,中性盘
480,09:53:57,57.39,1412049,246,买盘
481,09:54:00,57.38,367254,64,卖盘
482,09:54:03,57.38,1388803,242,卖盘
483,09:54:06,57.39,241094,42,中性盘
484,09:54:09,57.44,135725,24,买盘
485,09:54:12,57.45,321471,56,买盘
486,09:54:15,57.47,390570,68,买盘
487,09:54:18,57.48,293038,51,买盘
488,09:54:21,57.49,592084,103,买盘
489,09:54:24,57.49,643882,112,买盘
490,09:54:27,57.5,580616,101,买盘
491,09:54:30,57.5,603669,105,买盘
492,09:54:33,57.5,856730,149,买盘
493,09:54:36,57.51,390972,68,买盘
494,09:54:39,57.51,287525,50,买盘
495,09:54:42,57.51,1598805,278,买盘
496,09:54:45,57.51,1765351,307,买盘
497,09:54:48,57.5,626703,109,中性盘
498,09:54:51,57.49,1109816,193,卖盘
499,09:54:54,57.49,764559,133,卖盘
500,09:54:57,57.47,333369,58,卖盘
501,09:55:00,57.44,591605,103,卖盘
502,09:55:03,57.44,201066,35,买盘
503,09:55:06,57.49,1482522,258,买盘
504,09:55:09,57.47,91934,16,中性盘
505,09:55:12,57.47,384936,67,中性盘
506,09:55:15,57.43,867268,151,卖盘
507,09:55:18,57.42,1521231,265,卖盘
508,09:55:21,57.42,832490,145,买盘
509,09:55:24,57.4,413340,72,卖盘
510,09:55:27,57.41,757685,132,卖盘
511,09:55:30,57.43,298500,52,买盘
512,09:55:33,57.4,556760,97,中性盘
513,09:55:36,57.4,447662,78,中性盘
514,09:55:39,57.4,281269,49,买盘
515,09:55:42,57.4,797827,139,买盘
516,09:55:45,57.39,550931,96,卖盘
517,09:55:48,57.39,401659,70,买盘
518,09:55:51,57.38,1423454,248,中性盘
519,09:55:54,57.4,424588,74,买盘
520,09:55:57,57.38,160666,28,中性盘
521,09:56:00,57.35,1147505,200,卖盘
522,09:56:03,57.36,1516303,264,中性盘
523,09:56:06,57.32,670799,117,卖盘
524,09:56:09,57.35,577223,101,买盘
525,09:56:12,57.32,1083026,189,卖盘
526,09:56:15,57.31,1478473,258,卖盘
527,09:56:18,57.31,320941,56,卖盘
528,09:56:21,57.32,796691,139,买盘
529,09:56:24,57.27,2058748,359,卖盘
530,09:56:27,57.26,801867,140,卖盘
531,09:56:30,57.27,744631,130,买盘
532,09:56:33,57.27,555400,97,卖盘
533,09:56:36,57.27,194707,34,买盘
534,09:56:39,57.3,498315,87,买盘
535,09:56:42,57.27,68726,12,卖盘
536,09:56:45,57.27,154629,27,卖盘
537,09:56:48,57.31,194751,34,买盘
538,09:56:51,57.3,481408,84,中性盘
539,09:56:54,57.32,395393,69,买盘
540,09:56:57,57.32,45856,8,买盘
541,09:57:00,57.31,177663,31,卖盘
542,09:57:03,57.31,441304,77,卖盘
543,09:57:06,57.32,561568,98,买盘
544,09:57:09,57.3,177615,31,卖盘
545,09:57:12,57.28,927987,162,卖盘
546,09:57:15,57.3,1999055,349,买盘
547,09:57:18,57.26,859094,150,卖盘
548,09:57:21,57.27,68728,12,中性盘
549,09:57:24,57.28,578276,101,买盘
550,09:57:27,57.28,148927,26,买盘
551,09:57:30,57.27,692920,121,中性盘
552,09:57:33,57.24,1288207,225,卖盘
553,09:57:36,57.24,326324,57,卖盘
554,09:57:39,57.23,670027,117,卖盘
555,09:57:42,57.25,91589,16,中性盘
556,09:57:45,57.24,354854,62,卖盘
557,09:57:48,57.24,211813,37,卖盘
558,09:57:51,57.25,560987,98,买盘
559,09:57:54,57.25,171750,30,卖盘
560,09:57:57,57.26,62982,11,买盘
561,09:58:00,57.26,429412,75,卖盘
562,09:58:03,57.26,240497,42,卖盘
563,09:58:06,57.25,1339936,234,卖盘
564,09:58:09,57.26,469453,82,中性盘
565,09:58:12,57.24,847144,148,卖盘
566,09:58:15,57.24,2901213,507,买盘
567,09:58:18,57.23,675332,118,中性盘
568,09:58:21,57.24,377732,66,买盘
569,09:58:24,57.24,114481,20,买盘
570,09:58:27,57.23,240412,42,卖盘
571,09:58:30,57.26,435158,76,买盘
572,09:58:33,57.26,561146,98,卖盘
573,09:58:36,57.26,423613,74,买盘
574,09:58:39,57.26,85882,15,买盘
575,09:58:42,57.24,440759,77,卖盘
576,09:58:45,57.23,1253392,219,卖盘
577,09:58:48,57.24,595232,104,买盘
578,09:58:51,57.23,228922,40,卖盘
579,09:58:54,57.21,3043882,532,卖盘
580,09:58:57,57.21,903931,158,卖盘
581,09:59:00,57.21,2002361,350,卖盘
582,09:59:03,57.17,8354412,1461,卖盘
583,09:59:06,57.17,365907,64,卖盘
584,09:59:09,57.17,800380,140,买盘
585,09:59:12,57.17,514479,90,买盘
586,09:59:15,57.17,371558,65,买盘
587,09:59:18,57.16,1217679,213,卖盘
588,09:59:21,57.18,1543570,270,买盘
589,09:59:24,57.15,7144574,1250,卖盘
590,09:59:27,57.16,1714542,300,买盘
591,09:59:30,57.14,1965896,344,卖盘
592,09:59:33,57.14,3102481,543,卖盘
593,09:59:36,57.15,1560016,273,买盘
594,09:59:39,57.15,411443,72,买盘
595,09:59:42,57.15,405711,71,买盘
596,09:59:45,57.14,165717,29,卖盘
597,09:59:48,57.14,1742621,305,买盘
598,09:59:51,57.14,748498,131,买盘
599,09:59:54,57.14,234268,41,中性盘
600,09:59:57,57.15,834307,146,买盘
601,10:00:00,57.15,697166,122,买盘
602,10:00:03,57.14,2234268,391,卖盘
603,10:00:06,57.13,1422570,249,卖盘
604,10:00:09,57.13,742638,130,买盘
605,10:00:12,57.13,1028392,180,买盘
606,10:00:15,57.13,165693,29,卖盘
607,10:00:18,57.13,365650,64,卖盘
608,10:00:21,57.14,645582,113,买盘
609,10:00:24,57.14,239964,42,买盘
610,10:00:27,57.14,57139,10,买盘
611,10:00:30,57.14,182847,32,买盘
612,10:00:33,57.14,239989,42,卖盘
613,10:00:36,57.17,4915005,860,买盘
614,10:00:39,57.17,85757,15,卖盘
615,10:00:42,57.18,142934,25,买盘
616,10:00:45,57.17,708960,124,卖盘
617,10:00:48,57.16,194369,34,卖盘
618,10:00:51,57.16,852134,149,卖盘
619,10:00:54,57.16,2165814,379,卖盘
620,10:00:57,57.17,297295,52,中性盘
621,10:01:00,57.17,365886,64,买盘
622,10:01:03,57.17,257263,45,买盘
623,10:01:06,57.16,1217448,213,卖盘
624,10:01:09,57.16,262928,46,买盘
625,10:01:12,57.16,211477,37,买盘
626,10:01:15,57.16,394370,69,买盘
627,10:01:18,57.17,1537659,269,买盘
628,10:01:21,57.17,205850,36,卖盘
629,10:01:24,57.17,108626,19,卖盘
630,10:01:27,57.18,1183991,207,买盘
631,10:01:30,57.22,228821,40,买盘
632,10:01:33,57.21,297422,52,买盘
633,10:01:36,57.21,383287,67,买盘
634,10:01:39,57.21,188764,33,买盘
635,10:01:42,57.22,5722,1,中性盘
636,10:01:45,57.22,28610,5,买盘
637,10:01:48,57.22,349024,61,买盘
638,10:01:51,57.22,68665,12,买盘
639,10:01:54,57.22,452081,79,卖盘
640,10:01:57,57.23,366222,64,买盘
641,10:02:00,57.23,457838,80,买盘
642,10:02:03,57.2,2111340,369,卖盘
643,10:02:06,57.19,383222,67,卖盘
644,10:02:09,57.2,434675,76,买盘
645,10:02:12,57.18,1149517,201,卖盘
646,10:02:15,57.18,1389904,243,买盘
647,10:02:18,57.2,108681,19,卖盘
648,10:02:21,57.2,11440,2,买盘
649,10:02:24,57.22,1230092,215,买盘
650,10:02:27,57.23,165952,29,买盘
651,10:02:30,57.23,211729,37,买盘
652,10:02:33,57.18,680893,119,卖盘
653,10:02:36,57.23,160156,28,买盘
654,10:02:42,57.22,1178371,206,买盘
655,10:02:45,57.23,618021,108,买盘
656,10:02:48,57.24,45792,8,卖盘
657,10:02:51,57.22,698301,122,卖盘
658,10:02:54,57.23,206057,36,卖盘
659,10:02:57,57.22,749872,131,卖盘
660,10:03:00,57.24,343445,60,卖盘
661,10:03:03,57.24,97304,17,买盘
662,10:03:06,57.25,801355,140,买盘
663,10:03:09,57.28,400771,70,买盘
664,10:03:12,57.29,108824,19,买盘
665,10:03:15,57.28,240523,42,卖盘
666,10:03:18,57.3,693177,121,买盘
667,10:03:21,57.29,91664,16,卖盘
668,10:03:24,57.31,693276,121,买盘
669,10:03:27,57.31,5731,1,中性盘
670,10:03:30,57.3,143251,25,卖盘
671,10:03:33,57.3,418226,73,买盘
672,10:03:36,57.32,2022976,353,买盘
673,10:03:39,57.32,733705,128,卖盘
674,10:03:42,57.3,590353,103,卖盘
675,10:03:45,57.3,34380,6,卖盘
676,10:03:48,57.32,596040,104,买盘
677,10:03:51,57.28,555681,97,卖盘
678,10:03:54,57.27,143192,25,卖盘
679,10:03:57,57.27,97372,17,卖盘
680,10:04:00,57.27,160357,28,中性盘
681,10:04:03,57.27,326371,57,卖盘
682,10:04:06,57.26,194642,34,中性盘
683,10:04:09,57.26,784841,137,买盘
684,10:04:12,57.24,944944,165,卖盘
685,10:04:15,57.27,421474,74,买盘
686,10:04:18,57.27,503902,88,中性盘
687,10:04:21,57.27,188993,33,中性盘
688,10:04:24,57.28,412275,72,中性盘
689,10:04:27,57.28,148938,26,卖盘
690,10:04:30,57.27,395226,69,中性盘
691,10:04:33,57.27,160438,28,卖盘
692,10:04:36,57.28,698850,122,中性盘
693,10:04:39,57.31,154716,27,买盘
694,10:04:42,57.3,45840,8,卖盘
695,10:04:45,57.31,395426,69,买盘
696,10:04:48,57.3,5730,1,卖盘
697,10:04:51,57.3,372463,65,卖盘
698,10:04:54,57.31,57310,10,买盘
699,10:04:57,57.31,481354,84,买盘
700,10:05:00,57.3,424021,74,卖盘
701,10:05:03,57.29,183357,32,卖盘
702,10:05:06,57.29,446858,78,卖盘
703,10:05:09,57.27,1323486,231,卖盘
704,10:05:12,57.28,97376,17,中性盘
705,10:05:15,57.26,309225,54,卖盘
706,10:05:18,57.26,80164,14,买盘
707,10:05:21,57.25,103056,18,卖盘
708,10:05:24,57.25,1201958,210,卖盘
709,10:05:27,57.24,131635,23,中性盘
710,10:05:30,57.3,1437495,251,买盘
711,10:05:33,57.24,280442,49,卖盘
712,10:05:36,57.32,587804,103,买盘
713,10:05:39,57.32,945752,165,卖盘
714,10:05:42,57.32,275213,48,卖盘
715,10:05:45,57.32,171968,30,卖盘
716,10:05:48,57.34,131878,23,买盘
717,10:05:51,57.33,103208,18,卖盘
718,10:05:54,57.32,309556,54,卖盘
719,10:05:57,57.33,74529,13,买盘
720,10:06:00,57.33,493034,86,买盘
721,10:06:03,57.33,80263,14,卖盘
722,10:06:06,57.33,458606,80,卖盘
723,10:06:09,57.33,63063,11,中性盘
724,10:06:12,57.33,343925,60,买盘
725,10:06:15,57.3,269319,47,卖盘
726,10:06:18,57.3,148970,26,卖盘
727,10:06:21,57.28,131734,23,卖盘
728,10:06:24,57.27,286361,50,卖盘
729,10:06:27,57.27,326434,57,卖盘
730,10:06:30,57.25,154578,27,卖盘
731,10:06:33,57.22,417833,73,卖盘
732,10:06:36,57.23,400548,70,中性盘
733,10:06:39,57.23,635243,111,买盘
734,10:06:42,57.24,241510,42,买盘
735,10:06:45,57.2,835378,146,卖盘
736,10:06:48,57.22,200230,35,中性盘
737,10:06:51,57.23,549292,96,买盘
738,10:06:54,57.23,91566,16,买盘
739,10:06:57,57.24,618144,108,买盘
740,10:07:00,57.24,280471,49,买盘
741,10:07:03,57.24,1138771,199,买盘
742,10:07:06,57.23,257574,45,卖盘
743,10:07:09,57.23,990113,173,卖盘
744,10:07:12,57.2,1642106,287,卖盘
745,10:07:15,57.19,1714719,300,卖盘
746,10:07:18,57.18,789092,138,卖盘
747,10:07:21,57.18,1126261,197,买盘
748,10:07:24,57.17,274378,48,中性盘
749,10:07:27,57.17,17151,3,买盘
750,10:07:30,57.17,748851,131,买盘
751,10:07:33,57.15,3251963,569,卖盘
752,10:07:36,57.14,1331624,233,卖盘
753,10:07:39,57.14,1611321,282,卖盘
754,10:07:42,57.14,314253,55,卖盘
755,10:07:45,57.14,279955,49,买盘
756,10:07:48,57.14,342804,60,买盘
757,10:07:51,57.13,2028163,355,卖盘
758,10:07:54,57.13,2867943,502,卖盘
759,10:07:57,57.13,119973,21,买盘
760,10:08:00,57.12,3941297,690,卖盘
761,10:08:03,57.11,4043818,708,卖盘
762,10:08:06,57.11,702393,123,中性盘
763,10:08:09,57.11,268417,47,买盘
764,10:08:12,57.1,628241,110,卖盘
765,10:08:15,57.11,468315,82,买盘
766,10:08:18,57.11,262706,46,卖盘
767,10:08:21,57.12,262710,46,买盘
768,10:08:24,57.1,1250723,219,卖盘
769,10:08:27,57.08,10745341,1882,卖盘
770,10:08:30,57.07,719084,126,卖盘
771,10:08:33,57.07,1323933,232,买盘
772,10:08:36,57.07,627692,110,买盘
773,10:08:39,57.07,753324,132,买盘
774,10:08:42,57.07,382369,67,卖盘
775,10:08:45,57.07,445185,78,卖盘
776,10:08:48,57.07,222593,39,卖盘
777,10:08:51,57.07,896036,157,卖盘
778,10:08:54,57.08,747739,131,买盘
779,10:08:57,57.09,439490,77,买盘
780,10:09:00,57.08,74204,13,卖盘
781,10:09:03,57.09,799138,140,买盘
782,10:09:06,57.08,1124341,197,中性盘
783,10:09:09,57.08,450902,79,买盘
784,10:09:12,57.08,142712,25,卖盘
785,10:09:15,57.09,593755,104,买盘
786,10:09:18,57.08,1318710,231,卖盘
787,10:09:21,57.11,559482,98,买盘
788,10:09:24,57.08,1301538,228,卖盘
789,10:09:27,57.1,1541214,270,买盘
790,10:09:30,57.1,462557,81,中性盘
791,10:09:33,57.1,199887,35,卖盘
792,10:09:36,57.1,1411030,247,卖盘
793,10:09:39,57.1,97080,17,卖盘
794,10:09:42,57.11,256996,45,中性盘
795,10:09:45,57.11,62825,11,卖盘
796,10:09:48,57.14,319902,56,买盘
797,10:09:51,57.14,62858,11,卖盘
798,10:09:54,57.14,148559,26,买盘
799,10:09:57,57.13,222800,39,卖盘
800,10:10:00,57.14,417171,73,买盘
801,10:10:03,57.13,34280,6,卖盘
802,10:10:06,57.14,302863,53,买盘
803,10:10:09,57.14,280005,49,买盘
804,10:10:12,57.14,188559,33,买盘
805,10:10:15,57.14,491435,86,卖盘
806,10:10:18,57.16,405768,71,中性盘
807,10:10:21,57.13,582829,102,卖盘
808,10:10:24,57.17,245711,43,买盘
809,10:10:27,57.13,1120101,196,中性盘
810,10:10:30,57.14,114264,20,买盘
811,10:10:33,57.13,285702,50,中性盘
812,10:10:36,57.13,165699,29,卖盘
813,10:10:39,57.14,51423,9,买盘
814,10:10:42,57.14,217104,38,买盘
815,10:10:45,57.14,279979,49,买盘
816,10:10:48,57.14,199998,35,卖盘
817,10:10:51,57.2,1160773,203,买盘
818,10:10:54,57.15,114297,20,买盘
819,10:10:57,57.17,468576,82,买盘
820,10:11:00,57.16,85736,15,卖盘
821,10:11:03,57.17,182904,32,买盘
822,10:11:06,57.16,34295,6,中性盘
823,10:11:09,57.17,697472,122,买盘
824,10:11:12,57.17,165795,29,卖盘
825,10:11:15,57.15,845979,148,卖盘
826,10:11:18,57.15,817228,143,买盘
827,10:11:21,57.13,582896,102,卖盘
828,10:11:24,57.15,1011249,177,买盘
829,10:11:27,57.14,97144,17,中性盘
830,10:11:30,57.15,765688,134,买盘
831,10:11:33,57.15,74295,13,卖盘
832,10:11:36,57.15,291465,51,卖盘
833,10:11:39,57.15,91450,16,卖盘
834,10:11:42,57.15,171469,30,卖盘
835,10:11:45,57.16,920158,161,买盘
836,10:11:48,57.15,1771144,310,卖盘
837,10:11:51,57.15,85716,15,买盘
838,10:11:54,57.15,674210,118,买盘
839,10:11:57,57.13,548457,96,卖盘
840,10:12:00,57.15,1131428,198,买盘
841,10:12:03,57.14,720043,126,卖盘
842,10:12:06,57.13,1988139,348,卖盘
843,10:12:09,57.14,91410,16,买盘
844,10:12:12,57.12,816967,143,卖盘
845,10:12:15,57.12,417036,73,卖盘
846,10:12:18,57.13,359883,63,买盘
847,10:12:21,57.13,1365363,239,买盘
848,10:12:24,57.13,297076,52,卖盘
849,10:12:27,57.13,405632,71,卖盘
850,10:12:30,57.13,428476,75,卖盘
851,10:12:33,57.15,1051299,184,买盘
852,10:12:36,57.14,605716,106,卖盘
853,10:12:39,57.17,508750,89,买盘
854,10:12:42,57.17,760250,133,买盘
855,10:12:45,57.16,508896,89,中性盘
856,10:12:48,57.2,446101,78,买盘
857,10:12:51,57.19,491794,86,中性盘
858,10:12:54,57.19,11438,2,卖盘
859,10:12:57,57.2,297429,52,买盘
860,10:13:00,57.19,374042,65,卖盘
861,10:13:03,57.26,223225,39,买盘
862,10:13:06,57.31,1128853,197,买盘
863,10:13:09,57.31,1576200,275,买盘
864,10:13:12,57.36,1530715,267,买盘
865,10:13:15,57.33,865757,151,买盘
866,10:13:18,57.34,269497,47,中性盘
867,10:13:21,57.36,292534,51,买盘
868,10:13:24,57.4,4010112,699,买盘
869,10:13:27,57.37,470540,82,卖盘
870,10:13:30,57.37,1228320,214,买盘
871,10:13:33,57.42,1360354,237,买盘
872,10:13:36,57.4,195221,34,中性盘
873,10:13:39,57.42,137813,24,中性盘
874,10:13:42,57.42,114826,20,买盘
875,10:13:45,57.41,516797,90,卖盘
876,10:13:48,57.42,666037,116,买盘
877,10:13:51,57.45,557085,97,买盘
878,10:13:54,57.42,166524,29,卖盘
879,10:13:57,57.43,603056,105,卖盘
880,10:14:00,57.42,195268,34,卖盘
881,10:14:03,57.4,1447158,252,卖盘
882,10:14:06,57.4,390425,68,买盘
883,10:14:09,57.39,120537,21,卖盘
884,10:14:12,57.38,819750,143,卖盘
885,10:14:15,57.38,57380,10,买盘
886,10:14:18,57.3,194990,34,卖盘
887,10:14:21,57.42,1819520,317,买盘
888,10:14:24,57.39,430225,75,中性盘
889,10:14:27,57.37,109028,19,卖盘
890,10:14:30,57.33,1250958,218,卖盘
891,10:14:33,57.35,120451,21,中性盘
892,10:14:36,57.36,51618,9,中性盘
893,10:14:39,57.39,820473,143,买盘
894,10:14:42,57.35,28669,5,买盘
895,10:14:45,57.35,11467,2,买盘
896,10:14:48,57.35,137635,24,买盘
897,10:14:51,57.37,539182,94,买盘
898,10:14:54,57.35,200725,35,卖盘
899,10:14:57,57.35,418627,73,卖盘
900,10:15:00,57.3,127218,22,卖盘
901,10:15:03,57.3,212123,37,卖盘
902,10:15:06,57.33,85956,15,中性盘
903,10:15:09,57.3,516076,90,卖盘
904,10:15:12,57.3,91691,16,卖盘
905,10:15:15,57.31,240878,42,卖盘
906,10:15:18,57.34,366807,64,中性盘
907,10:15:21,57.3,137566,24,卖盘
908,10:15:24,57.32,464483,81,中性盘
909,10:15:27,57.36,1731453,302,买盘
910,10:15:30,57.37,499043,87,买盘
911,10:15:33,57.34,378591,66,卖盘
912,10:15:36,57.34,126168,22,中性盘
913,10:15:39,57.36,1158623,202,买盘
914,10:15:42,57.35,74543,13,买盘
915,10:15:45,57.36,321160,56,买盘
916,10:15:48,57.38,917710,160,买盘
917,10:15:51,57.34,91764,16,卖盘
918,10:15:54,57.34,91742,16,卖盘
919,10:15:57,57.36,384231,67,买盘
920,10:16:00,57.29,1712267,299,卖盘
921,10:16:03,57.29,360806,63,买盘
922,10:16:06,57.25,366482,64,中性盘
923,10:16:09,57.32,498490,87,买盘
924,10:16:12,57.26,475270,83,卖盘
925,10:16:15,57.29,435535,76,中性盘
926,10:16:18,57.32,131826,23,买盘
927,10:16:21,57.3,91679,16,中性盘
928,10:16:24,57.31,360978,63,中性盘
929,10:16:27,57.28,475474,83,卖盘
930,10:16:30,57.3,303638,53,买盘
931,10:16:33,57.27,251976,44,买盘
932,10:16:36,57.27,1133764,198,中性盘
933,10:16:39,57.24,62966,11,卖盘
934,10:16:42,57.25,62974,11,买盘
935,10:16:45,57.24,160269,28,卖盘
936,10:16:48,57.22,309100,54,卖盘
937,10:16:51,57.24,503677,88,买盘
938,10:16:54,57.24,423572,74,买盘
939,10:16:57,57.23,412050,72,买盘
940,10:17:00,57.23,709755,124,买盘
941,10:17:03,57.23,549441,96,卖盘
942,10:17:06,57.26,103053,18,买盘
943,10:17:09,57.24,332044,58,卖盘
944,10:17:12,57.25,28622,5,买盘
945,10:17:15,57.28,429448,75,买盘
946,10:17:18,57.25,211871,37,中性盘
947,10:17:21,57.21,1831523,320,卖盘
948,10:17:24,57.2,22883,4,卖盘
949,10:17:27,57.21,223083,39,中性盘
950,10:17:30,57.19,245944,43,卖盘
951,10:17:33,57.2,28600,5,中性盘
952,10:17:36,57.2,732212,128,中性盘
953,10:17:39,57.21,125862,22,买盘
954,10:17:42,57.2,451788,79,卖盘
955,10:17:45,57.19,11438,2,中性盘
956,10:17:48,57.15,343014,60,卖盘
957,10:17:51,57.17,171473,30,中性盘
958,10:17:54,57.13,897085,157,卖盘
959,10:17:57,57.15,360084,63,中性盘
960,10:18:00,57.13,1209228,212,卖盘
961,10:18:03,57.13,270789,47,卖盘
962,10:18:06,57.15,569017,100,买盘
963,10:18:09,57.16,840037,147,买盘
964,10:18:12,57.14,114292,20,卖盘
965,10:18:15,57.15,365708,64,买盘
966,10:18:18,57.13,828419,145,卖盘
967,10:18:21,57.14,268556,47,买盘
968,10:18:24,57.15,217196,38,买盘
969,10:18:27,57.15,108585,19,买盘
970,10:18:30,57.15,708660,124,买盘
971,10:18:33,57.15,354323,62,买盘
972,10:18:36,57.14,1199930,210,卖盘
973,10:18:39,57.15,1240204,217,买盘
974,10:18:42,57.15,548600,96,卖盘
975,10:18:45,57.15,285693,50,买盘
976,10:18:48,57.15,2976792,521,买盘
977,10:18:51,57.13,45710,8,中性盘
978,10:18:54,57.12,782893,137,中性盘
979,10:18:57,57.11,2131748,373,卖盘
980,10:19:00,57.13,34268,6,中性盘
981,10:19:03,57.14,285625,50,买盘
982,10:19:06,57.17,691371,121,买盘
983,10:19:09,57.12,57120,10,中性盘
984,10:19:12,57.15,5584941,978,中性盘
985,10:19:15,57.11,159957,28,中性盘
986,10:19:18,57.15,1034002,181,买盘
987,10:19:21,57.14,114281,20,中性盘
988,10:19:24,57.12,182768,32,卖盘
989,10:19:27,57.12,462622,81,卖盘
990,10:19:30,57.12,234210,41,卖盘
991,10:19:33,57.08,8463414,1482,卖盘
992,10:19:36,57.07,901873,158,中性盘
993,10:19:39,57.07,1033330,181,买盘
994,10:19:42,57.08,125556,22,买盘
995,10:19:45,57.08,519276,91,卖盘
996,10:19:48,57.08,159842,28,卖盘
997,10:19:51,57.08,1963081,344,卖盘
998,10:19:54,57.07,331020,58,卖盘
999,10:19:57,57.08,896045,157,买盘
1000,10:20:00,57.07,656400,115,卖盘
1001,10:20:03,57.08,159825,28,卖盘
1002,10:20:06,57.08,644983,113,卖盘
1003,10:20:09,57.08,1147306,201,买盘
1004,10:20:12,57.08,268288,47,卖盘
1005,10:20:15,57.09,239771,42,买盘
1006,10:20:18,57.07,1375536,241,卖盘
1007,10:20:21,57.06,1957347,343,卖盘
1008,10:20:24,57.07,1175722,206,中性盘
1009,10:20:27,57.07,2071067,363,买盘
1010,10:20:30,57.07,279613,49,买盘
1011,10:20:33,57.06,1637501,287,卖盘
1012,10:20:36,57.07,542131,95,买盘
1013,10:20:39,57.06,633288,111,卖盘
1014,10:20:42,57.06,1420583,249,中性盘
1015,10:20:45,57.05,827271,145,卖盘
1016,10:20:48,57.07,228246,40,买盘
1017,10:20:51,57.07,136968,24,卖盘
1018,10:20:54,57.06,136953,24,卖盘
1019,10:20:57,57.06,62771,11,卖盘
1020,10:21:00,57.06,1032816,181,卖盘
1021,10:21:03,57.06,861572,151,卖盘
1022,10:21:06,57.06,136948,24,卖盘
1023,10:21:09,57.06,547818,96,卖盘
1024,10:21:12,57.06,582056,102,卖盘
1025,10:21:15,57.06,1688746,296,卖盘
1026,10:21:18,57.08,935736,164,买盘
1027,10:21:21,57.06,365229,64,卖盘
1028,10:21:24,57.08,422319,74,买盘
1029,10:21:27,57.07,228252,40,买盘
1030,10:21:30,57.07,199727,35,买盘
1031,10:21:33,57.06,422267,74,卖盘
1032,10:21:36,57.07,148375,26,买盘
1033,10:21:39,57.05,2464855,432,卖盘
1034,10:21:42,57.06,462136,81,买盘
1035,10:21:45,57.06,159752,28,买盘
1036,10:21:48,57.05,1973572,346,卖盘
1037,10:21:51,57.04,581776,102,卖盘
1038,10:21:54,57.04,250975,44,买盘
1039,10:21:57,57.04,102661,18,买盘
1040,10:22:00,57.03,325083,57,卖盘
1041,10:22:03,57.03,239540,42,卖盘
1042,10:22:06,57.03,182518,32,卖盘
1043,10:22:09,57.03,153998,27,卖盘
1044,10:22:12,57.03,290871,51,卖盘
1045,10:22:15,57.03,861211,151,卖盘
1046,10:22:18,57.03,1847632,324,卖盘
1047,10:22:21,57.03,307945,54,买盘
1048,10:22:24,57.03,210996,37,买盘
1049,10:22:27,57.02,587362,103,卖盘
1050,10:22:30,57.03,1100494,193,买盘
1051,10:22:33,57.02,1699126,298,卖盘
1052,10:22:36,57.03,148251,26,买盘
1053,10:22:39,57.02,330716,58,中性盘
1054,10:22:42,57.02,456122,80,买盘
1055,10:22:45,57.03,176785,31,买盘
1056,10:22:48,57.02,604493,106,卖盘
1057,10:22:51,57.03,136851,24,买盘
1058,10:22:54,57.02,410506,72,卖盘
1059,10:22:57,57.02,399123,70,买盘
1060,10:23:00,57.01,3768409,661,卖盘
1061,10:23:03,57.02,4024956,706,买盘
1062,10:23:06,57.01,1128847,198,卖盘
1063,10:23:09,57.01,438974,77,买盘
1064,10:23:12,57.02,450384,79,买盘
1065,10:23:15,57.01,1744314,306,卖盘
1066,10:23:18,57.02,222340,39,买盘
1067,10:23:21,57.02,313595,55,买盘
1068,10:23:24,57.0,4161067,730,卖盘
1069,10:23:27,56.94,32353600,5677,卖盘
1070,10:23:30,56.91,2788991,490,卖盘
1071,10:23:33,56.95,928034,163,买盘
1072,10:23:36,56.95,62654,11,卖盘
1073,10:23:39,56.95,495465,87,卖盘
1074,10:23:42,56.95,153755,27,中性盘
1075,10:23:45,56.95,774339,136,买盘
1076,10:23:48,56.95,768808,135,买盘
1077,10:23:51,56.97,284733,50,买盘
1078,10:23:54,56.94,683266,120,卖盘
1079,10:23:57,56.94,381506,67,买盘
1080,10:24:00,56.93,279014,49,卖盘
1081,10:24:03,56.92,512346,90,卖盘
1082,10:24:06,56.93,199249,35,买盘
1083,10:24:09,56.92,278917,49,卖盘
1084,10:24:12,56.91,5917964,1040,卖盘
1085,10:24:15,56.91,455295,80,买盘
1086,10:24:18,56.9,1081220,190,卖盘
1087,10:24:21,56.91,239028,42,中性盘
1088,10:24:24,56.92,233359,41,买盘
1089,10:24:27,56.92,734389,129,卖盘
1090,10:24:30,56.93,933399,164,卖盘
1091,10:24:33,56.93,108166,19,卖盘
1092,10:24:36,56.93,637459,112,买盘
1093,10:24:39,56.93,779909,137,买盘
1094,10:24:42,56.93,609051,107,卖盘
1095,10:24:45,56.94,358712,63,买盘
1096,10:24:48,56.93,165099,29,卖盘
1097,10:24:51,56.93,187884,33,卖盘
1098,10:24:54,56.93,535144,94,卖盘
1099,10:24:57,56.93,1468488,258,买盘
1100,10:25:00,56.91,654568,115,卖盘
1101,10:25:03,56.92,927685,163,买盘
1102,10:25:06,56.9,312990,55,卖盘
1103,10:25:09,56.91,438166,77,买盘
1104,10:25:12,56.93,978830,172,买盘
1105,10:25:15,56.91,956179,168,卖盘
1106,10:25:18,56.92,318692,56,买盘
1107,10:25:21,56.91,165043,29,卖盘
1108,10:25:24,56.92,529287,93,买盘
1109,10:25:27,56.9,8887245,1562,卖盘
1110,10:25:30,56.88,7883736,1386,卖盘
1111,10:25:33,56.88,972715,171,卖盘
1112,10:25:36,56.88,96710,17,卖盘
1113,10:25:39,56.88,307162,54,卖盘
1114,10:25:42,56.88,932762,164,买盘
1115,10:25:45,56.87,238859,42,卖盘
1116,10:25:48,56.87,255923,45,卖盘
1117,10:25:51,56.87,2661238,468,卖盘
1118,10:25:54,56.86,1159773,204,中性盘
1119,10:25:57,56.83,397887,70,卖盘
1120,10:26:00,56.83,801294,141,卖盘
1121,10:26:03,56.82,590881,104,卖盘
1122,10:26:06,56.81,2414270,425,卖盘
1123,10:26:09,56.81,2016597,355,买盘
1124,10:26:12,56.81,823664,145,买盘
1125,10:26:15,56.81,869153,153,买盘
1126,10:26:18,56.81,2556179,450,卖盘
1127,10:26:21,56.81,579475,102,卖盘
1128,10:26:24,56.81,1448754,255,卖盘
1129,10:26:27,56.81,1033912,182,买盘
1130,10:26:30,56.81,1045189,184,买盘
1131,10:26:33,56.79,1891444,333,卖盘
1132,10:26:36,56.79,1510797,266,卖盘
1133,10:26:39,56.79,2180705,384,买盘
1134,10:26:42,56.78,806325,142,卖盘
1135,10:26:45,56.78,618926,109,卖盘
1136,10:26:48,56.73,8754675,1543,卖盘
1137,10:26:51,56.79,1447831,255,买盘
1138,10:26:54,56.75,317938,56,卖盘
1139,10:26:57,56.76,771857,136,中性盘
1140,10:27:00,56.75,578837,102,卖盘
1141,10:27:03,56.77,1719769,303,买盘
1142,10:27:06,56.75,385917,68,卖盘
1143,10:27:09,56.74,992971,175,卖盘
1144,10:27:12,56.76,544722,96,买盘
1145,10:27:15,56.76,1123672,198,买盘
1146,10:27:18,56.76,147563,26,买盘
1147,10:27:21,56.76,181617,32,买盘
1148,10:27:24,56.75,612966,108,卖盘
1149,10:27:27,56.76,726501,128,买盘
1150,10:27:30,56.76,2264114,399,买盘
1151,10:27:33,56.74,590181,104,卖盘
1152,10:27:36,56.76,437042,77,买盘
1153,10:27:39,56.76,261092,46,卖盘
1154,10:27:42,56.76,499538,88,卖盘
1155,10:27:45,56.77,788993,139,买盘
1156,10:27:48,56.77,1282825,226,买盘
1157,10:27:51,56.77,698210,123,买盘
1158,10:27:54,56.77,488122,86,买盘
1159,10:27:57,56.77,351940,62,中性盘
1160,10:28:00,56.77,618800,109,卖盘
1161,10:28:03,56.77,317902,56,卖盘
1162,10:28:06,56.78,1248861,220,买盘
1163,10:28:09,56.77,499622,88,卖盘
1164,10:28:12,56.78,261179,46,买盘
1165,10:28:15,56.78,1289065,227,买盘
1166,10:28:18,56.78,340671,60,卖盘
1167,10:28:21,56.79,227146,40,中性盘
1168,10:28:24,56.79,675764,119,买盘
1169,10:28:27,56.79,2299371,405,买盘
1170,10:28:30,56.79,431576,76,买盘
1171,10:28:33,56.8,914315,161,买盘
1172,10:28:36,56.8,187437,33,买盘
1173,10:28:39,56.79,357814,63,卖盘
1174,10:28:42,56.8,96552,17,买盘
1175,10:28:45,56.8,1590223,280,买盘
1176,10:28:48,56.8,323753,57,买盘
1177,10:28:51,56.79,2072795,365,卖盘
1178,10:28:54,56.79,1981743,349,买盘
1179,10:28:57,56.79,874394,154,买盘
1180,10:29:00,56.76,1617973,285,卖盘
1181,10:29:03,56.78,2917627,514,买盘
1182,10:29:06,56.77,590366,104,卖盘
1183,10:29:09,56.76,2474884,436,卖盘
1184,10:29:12,56.76,2264430,399,买盘
1185,10:29:15,56.76,374631,66,买盘
1186,10:29:18,56.77,130581,23,卖盘
1187,10:29:21,56.78,397332,70,买盘
1188,10:29:24,56.78,289572,51,买盘
1189,10:29:27,56.77,596127,105,卖盘
1190,10:29:30,56.76,664119,117,卖盘
1191,10:29:33,56.76,317845,56,买盘
1192,10:29:36,56.76,607287,107,买盘
1193,10:29:39,56.76,466561,82,买盘
1194,10:29:42,56.76,300850,53,卖盘
1195,10:29:45,56.76,408673,72,卖盘
1196,10:29:48,56.76,459774,81,卖盘
1197,10:29:51,56.77,784507,138,买盘
1198,10:29:54,56.77,459819,81,买盘
1199,10:29:57,56.77,393998,69,买盘
1200,10:30:00,56.77,249793,44,卖盘
1201,10:30:03,56.79,406551,72,买盘
1202,10:30:06,56.79,176013,31,买盘
1203,10:30:09,56.79,323675,57,买盘
1204,10:30:12,56.8,1802490,317,买盘
1205,10:30:15,56.81,636186,112,买盘
1206,10:30:18,56.81,312412,55,买盘
1207,10:30:21,56.81,613505,108,买盘
1208,10:30:24,56.81,153374,27,买盘
1209,10:30:27,56.81,891901,157,买盘
1210,10:30:30,56.8,346532,61,卖盘
1211,10:30:33,56.81,124996,22,中性盘
1212,10:30:36,56.82,215909,38,卖盘
1213,10:30:39,56.82,96591,17,买盘
1214,10:30:42,56.82,499949,88,买盘
1215,10:30:45,56.83,164780,29,买盘
1216,10:30:48,56.83,1181909,208,买盘
1217,10:30:51,56.83,522794,92,买盘
1218,10:30:54,56.83,346646,61,买盘
1219,10:30:57,56.84,51153,9,买盘
1220,10:31:00,56.83,426241,75,卖盘
1221,10:31:03,56.83,664924,117,卖盘
1222,10:31:06,56.82,1153539,203,卖盘
1223,10:31:09,56.84,352371,62,买盘
1224,10:31:12,56.82,948935,167,卖盘
1225,10:31:15,56.83,1590396,280,买盘
1226,10:31:18,56.83,551277,97,买盘
1227,10:31:21,56.83,1301376,229,买盘
1228,10:31:24,56.83,312542,55,买盘
1229,10:31:27,56.82,437565,77,卖盘
1230,10:31:30,56.82,130701,23,买盘
1231,10:31:33,56.84,238694,42,买盘
1232,10:31:36,56.85,113685,20,买盘
1233,10:31:39,56.86,119385,21,买盘
1234,10:31:42,56.86,181929,32,买盘
1235,10:31:45,56.85,1137287,200,卖盘
1236,10:31:48,56.86,779327,137,卖盘
1237,10:31:51,56.86,164894,29,卖盘
1238,10:31:54,56.85,437754,77,卖盘
1239,10:31:57,56.87,187637,33,买盘
1240,10:32:00,56.87,96676,17,买盘
1241,10:32:03,56.87,591365,104,中性盘
1242,10:32:06,56.85,995006,175,卖盘
1243,10:32:09,56.86,289961,51,买盘
1244,10:32:12,56.86,233097,41,买盘
1245,10:32:15,56.85,443439,78,卖盘
1246,10:32:18,56.86,142146,25,买盘
1247,10:32:21,56.85,136445,24,卖盘
1248,10:32:24,56.85,4047695,712,卖盘
1249,10:32:27,56.85,909434,160,买盘
1250,10:32:30,56.84,210289,37,买盘
1251,10:32:33,56.83,2631245,463,卖盘
1252,10:32:36,56.81,1698643,299,卖盘
1253,10:32:39,56.81,136341,24,卖盘
1254,10:32:42,56.8,335166,59,卖盘
1255,10:32:45,56.81,215865,38,买盘
1256,10:32:48,56.81,51129,9,买盘
1257,10:32:51,56.8,2294752,404,卖盘
1258,10:32:54,56.81,408976,72,买盘
1259,10:32:57,56.8,278998,49,卖盘
1260,10:33:00,56.8,471430,83,买盘
1261,10:33:03,56.79,494145,87,卖盘
1262,10:33:06,56.8,477113,84,卖盘
1263,10:33:09,56.79,1379972,243,卖盘
1264,10:33:12,56.8,1050654,185,买盘
1265,10:33:15,56.79,244217,43,卖盘
1266,10:33:18,56.79,613277,108,卖盘
1267,10:33:21,56.79,340751,60,卖盘
1268,10:33:24,56.79,90870,16,卖盘
1269,10:33:27,56.79,261228,46,卖盘
1270,10:33:30,56.79,39750,7,买盘
1271,10:33:33,56.78,448611,79,卖盘
1272,10:33:36,56.79,323691,57,买盘
1273,10:33:39,56.78,880212,155,卖盘
1274,10:33:42,56.79,1760488,310,买盘
1275,10:33:45,56.79,386141,68,买盘
1276,10:33:48,56.78,476974,84,卖盘
1277,10:33:51,56.79,164674,29,买盘
1278,10:33:54,56.79,130612,23,买盘
1279,10:33:57,56.79,914201,161,买盘
1280,10:34:00,56.78,505387,89,卖盘
1281,10:34:03,56.8,777945,137,买盘
1282,10:34:06,56.8,124944,22,买盘
1283,10:34:09,56.79,562320,99,卖盘
1284,10:34:12,56.81,408944,72,买盘
1285,10:34:15,56.8,107244,19,卖盘
1286,10:34:18,56.81,68169,12,中性盘
1287,10:34:21,56.81,289685,51,买盘
1288,10:34:24,56.8,227676,40,卖盘
1289,10:34:27,56.8,181780,32,卖盘
1290,10:34:30,56.8,420352,74,卖盘
1291,10:34:33,56.81,477160,84,买盘
1292,10:34:36,56.8,159061,28,卖盘
1293,10:34:39,56.8,181779,32,卖盘
1294,10:34:42,56.81,823643,145,买盘
1295,10:34:45,56.81,193142,34,买盘
1296,10:34:48,56.81,238603,42,买盘
1297,10:34:51,56.81,130665,23,卖盘
1298,10:34:54,56.81,454480,80,卖盘
1299,10:34:57,56.81,215872,38,买盘
1300,10:35:00,56.81,485139,85,买盘
1301,10:35:03,56.81,88056,16,卖盘
1302,10:35:06,56.82,261336,46,买盘
1303,10:35:09,56.81,397676,70,卖盘
1304,10:35:12,56.81,4543948,800,卖盘
1305,10:35:15,56.81,1135684,200,买盘
1306,10:35:18,56.8,4259845,750,中性盘
1307,10:35:21,56.79,403168,71,买盘
1308,10:35:24,56.81,363463,64,买盘
1309,10:35:27,56.79,176025,31,买盘
1310,10:35:30,56.78,56788,10,卖盘
1311,10:35:33,56.8,215781,38,买盘
1312,10:35:36,56.8,68150,12,买盘
1313,10:35:39,56.81,374867,66,买盘
1314,10:35:42,56.8,73840,13,卖盘
1315,10:35:45,56.81,34086,6,买盘
1316,10:35:48,56.81,340850,60,买盘
1317,10:35:51,56.81,346525,61,买盘
1318,10:35:54,56.81,96583,17,卖盘
1319,10:35:57,56.82,136345,24,买盘
1320,10:36:00,56.82,204528,36,买盘
1321,10:36:03,56.82,749827,132,买盘
1322,10:36:06,56.82,221588,39,买盘
1323,10:36:09,56.82,102276,18,买盘
1324,10:36:12,56.81,289774,51,卖盘
1325,10:36:15,56.81,130674,23,卖盘
1326,10:36:18,56.82,528425,93,买盘
1327,10:36:21,56.82,215901,38,买盘
1328,10:36:24,56.82,414766,73,买盘
1329,10:36:27,56.82,96595,17,买盘
1330,10:36:30,56.84,227313,40,买盘
1331,10:36:33,56.82,102285,18,卖盘
1332,10:36:36,56.82,193208,34,卖盘
1333,10:36:39,56.83,5683,1,中性盘
1334,10:36:42,56.82,147749,26,卖盘
1335,10:36:45,56.82,164803,29,卖盘
1336,10:36:48,56.84,466074,82,买盘
1337,10:36:51,56.84,545674,96,卖盘
1338,10:36:54,56.85,767434,135,买盘
1339,10:36:57,56.83,414881,73,卖盘
1340,10:37:00,56.83,176179,31,买盘
1341,10:37:03,56.84,937716,165,买盘
1342,10:37:06,56.83,727548,128,卖盘
1343,10:37:09,56.85,682100,120,买盘
1344,10:37:12,56.85,227383,40,买盘
1345,10:37:15,56.85,954896,168,买盘
1346,10:37:18,56.84,449041,79,卖盘
1347,10:37:21,56.86,4542814,799,买盘
1348,10:37:24,56.88,5688,1,买盘
1349,10:37:27,56.88,136512,24,买盘
1350,10:37:30,56.87,284393,50,卖盘
1351,10:37:33,56.88,329932,58,买盘
1352,10:37:36,56.9,483401,85,中性盘
1353,10:37:39,56.9,56887,10,买盘
1354,10:37:42,56.9,142224,25,中性盘
1355,10:37:45,56.9,261784,46,卖盘
1356,10:37:48,56.9,335775,59,买盘
1357,10:37:51,56.92,335725,59,买盘
1358,10:37:54,56.9,244645,43,中性盘
1359,10:37:57,56.9,466461,82,买盘
1360,10:38:00,56.9,671424,118,买盘
1361,10:38:03,56.92,465759,82,买盘
1362,10:38:06,56.9,625825,110,卖盘
1363,10:38:09,56.92,256052,45,买盘
1364,10:38:12,56.95,335833,59,买盘
1365,10:38:15,56.92,1695753,298,卖盘
1366,10:38:18,56.91,79659,14,买盘
1367,10:38:21,56.9,108110,19,卖盘
1368,10:38:24,56.88,574690,101,卖盘
1369,10:38:27,56.9,170693,30,卖盘
1370,10:38:30,56.88,477882,84,卖盘
1371,10:38:33,56.86,899464,158,卖盘
1372,10:38:36,56.88,2268761,399,买盘
1373,10:38:39,56.86,358272,63,卖盘
1374,10:38:42,56.85,272873,48,卖盘
1375,10:38:45,56.85,534393,94,买盘
1376,10:38:48,56.84,784350,138,卖盘
1377,10:38:51,56.85,267132,47,买盘
1378,10:38:54,56.84,346683,61,中性盘
1379,10:38:57,56.83,210267,37,卖盘
1380,10:39:00,56.83,323923,57,买盘
1381,10:39:03,56.84,233001,41,买盘
1382,10:39:06,56.81,926218,163,卖盘
1383,10:39:09,56.84,261446,46,买盘
1384,10:39:12,56.84,136416,24,卖盘
1385,10:39:15,56.84,11368,2,卖盘
1386,10:39:18,56.84,102312,18,卖盘
1387,10:39:21,56.83,795861,140,卖盘
1388,10:39:24,56.83,198937,35,卖盘
1389,10:39:27,56.83,119349,21,卖盘
1390,10:39:30,56.84,136400,24,买盘
1391,10:39:33,56.82,375064,66,卖盘
1392,10:39:36,56.83,39781,7,中性盘
1393,10:39:39,56.82,125005,22,卖盘
1394,10:39:42,56.83,73875,13,买盘
1395,10:39:45,56.83,284103,50,买盘
1396,10:39:48,56.82,306844,54,卖盘
1397,10:39:51,56.82,539799,95,买盘
1398,10:39:54,56.8,2238341,394,卖盘
1399,10:39:57,56.82,113640,20,买盘
1400,10:40:00,56.81,403338,71,买盘
1401,10:40:03,56.8,346503,61,卖盘
1402,10:40:06,56.81,51127,9,买盘
1403,10:40:09,56.81,227204,40,买盘
1404,10:40:12,56.81,193127,34,买盘
1405,10:40:15,56.8,62482,11,卖盘
1406,10:40:18,56.8,965619,170,卖盘
1407,10:40:21,56.8,335140,59,卖盘
1408,10:40:24,56.8,1295040,228,卖盘
1409,10:40:27,56.79,159018,28,卖盘
1410,10:40:30,56.8,420305,74,买盘
1411,10:40:33,56.79,102228,18,卖盘
1412,10:40:36,56.78,1288984,227,卖盘
1413,10:40:39,56.79,51105,9,买盘
1414,10:40:45,56.78,459929,81,卖盘
1415,10:40:48,56.78,272544,48,卖盘
1416,10:40:51,56.77,340671,60,卖盘
1417,10:40:54,56.78,130587,23,买盘
1418,10:40:57,56.77,300888,53,卖盘
1419,10:41:00,56.77,179401,32,卖盘
1420,10:41:03,56.78,510982,90,买盘
1421,10:41:06,56.77,425793,75,卖盘
1422,10:41:09,56.79,1135628,200,买盘
1423,10:41:12,56.8,102221,18,买盘
1424,10:41:15,56.79,261204,46,中性盘
1425,10:41:18,56.8,318074,56,买盘
1426,10:41:21,56.79,238523,42,卖盘
1427,10:41:24,56.79,454285,80,买盘
1428,10:41:27,56.79,601954,106,买盘
1429,10:41:30,56.79,460005,81,买盘
1430,10:41:33,56.78,198754,35,卖盘
1431,10:41:36,56.79,107917,19,卖盘
1432,10:41:39,56.8,56800,10,买盘
1433,10:41:42,56.8,34080,6,买盘
1434,10:41:45,56.79,244235,43,卖盘
1435,10:41:48,56.8,39754,7,买盘
1436,10:41:51,56.81,817914,144,买盘
1437,10:41:54,56.81,113615,20,买盘
1438,10:41:57,56.82,159071,28,买盘
1439,10:42:00,56.83,392131,69,买盘
1440,10:42:03,56.82,184092,32,卖盘
1441,10:42:06,56.83,159124,28,买盘
1442,10:42:09,56.83,28415,5,卖盘
1443,10:42:12,56.83,90928,16,卖盘
1444,10:42:15,56.82,389791,69,卖盘
1445,10:42:18,56.8,676131,119,卖盘
1446,10:42:21,56.82,675946,119,买盘
1447,10:42:24,56.8,90895,16,卖盘
1448,10:42:27,56.8,278325,49,卖盘
1449,10:42:30,56.8,193127,34,卖盘
1450,10:42:33,56.81,107924,19,买盘
1451,10:42:36,56.8,1573360,277,卖盘
1452,10:42:39,56.8,113608,20,卖盘
1453,10:42:42,56.8,420326,74,卖盘
1454,10:42:45,56.78,1266328,223,卖盘
1455,10:42:48,56.8,295329,52,买盘
1456,10:42:51,56.78,198740,35,卖盘
1457,10:42:54,56.78,1470455,259,卖盘
1458,10:42:57,56.77,862927,152,卖盘
1459,10:43:00,56.77,340586,60,买盘
1460,10:43:03,56.76,1634708,288,卖盘
1461,10:43:06,56.76,386007,68,卖盘
1462,10:43:09,56.77,1152387,203,买盘
1463,10:43:12,56.76,210028,37,卖盘
1464,10:43:15,56.77,6249308,1101,买盘
1465,10:43:18,56.76,1492867,263,卖盘
1466,10:43:21,56.76,583523,103,卖盘
1467,10:43:24,56.76,368909,65,买盘
1468,10:43:27,56.75,1316608,232,卖盘
1469,10:43:30,56.76,1208804,213,买盘
1470,10:43:33,56.74,3563683,628,卖盘
1471,10:43:36,56.74,431221,76,卖盘
1472,10:43:39,56.74,760202,134,买盘
1473,10:43:42,56.74,1821194,321,买盘
1474,10:43:45,56.74,215624,38,卖盘
1475,10:43:48,56.74,487977,86,卖盘
1476,10:43:51,56.74,907841,160,卖盘
1477,10:43:54,56.74,862456,152,卖盘
1478,10:43:57,56.74,658200,116,卖盘
1479,10:44:00,56.73,278008,49,卖盘
1480,10:44:03,56.73,1718946,303,卖盘
1481,10:44:06,56.74,306392,54,中性盘
1482,10:44:09,56.74,533293,94,卖盘
1483,10:44:12,56.73,788552,139,卖盘
1484,10:44:15,56.73,1872094,330,卖盘
1485,10:44:18,56.72,175858,31,卖盘
1486,10:44:21,56.73,226897,40,买盘
1487,10:44:24,56.72,1140089,201,卖盘
1488,10:44:27,56.72,85091,15,卖盘
1489,10:44:30,56.71,924469,163,卖盘
1490,10:44:33,56.71,1213614,214,卖盘
1491,10:44:36,56.71,975364,172,卖盘
1492,10:44:39,56.68,11952034,2108,卖盘
1493,10:44:42,56.67,2454281,433,卖盘
1494,10:44:45,56.68,277679,49,买盘
1495,10:44:48,56.66,866967,153,卖盘
1496,10:44:51,56.66,1830126,323,卖盘
1497,10:44:54,56.65,708169,125,卖盘
1498,10:44:57,56.65,781775,138,卖盘
1499,10:45:00,56.65,232263,41,买盘
1500,10:45:03,56.65,730691,129,买盘
1501,10:45:06,56.64,674087,119,卖盘
1502,10:45:09,56.63,640018,113,卖盘
1503,10:45:12,56.63,639924,113,卖盘
1504,10:45:15,56.62,985160,174,卖盘
1505,10:45:18,56.61,702003,124,卖盘
1506,10:45:21,56.61,1194481,211,卖盘
1507,10:45:24,56.61,2654671,469,买盘
1508,10:45:27,56.6,2988687,528,卖盘
1509,10:45:30,56.63,1421283,251,买盘
1510,10:45:33,56.62,804021,142,卖盘
1511,10:45:36,56.62,3804108,672,卖盘
1512,10:45:39,56.64,928840,164,买盘
1513,10:45:42,56.62,741938,131,卖盘
1514,10:45:45,56.63,362393,64,买盘
1515,10:45:48,56.63,832264,147,卖盘
1516,10:45:51,56.64,266152,47,买盘
1517,10:45:54,56.63,311457,55,卖盘
1518,10:45:57,56.63,407703,72,买盘
1519,10:46:00,56.63,254809,45,买盘
1520,10:46:03,56.63,424697,75,买盘
1521,10:46:06,56.63,894651,158,买盘
1522,10:46:09,56.62,639855,113,卖盘
1523,10:46:12,56.62,1432489,253,卖盘
1524,10:46:15,56.6,2960482,523,卖盘
1525,10:46:18,56.58,2953937,522,卖盘
1526,10:46:21,56.56,1838660,325,卖盘
1527,10:46:24,56.56,1380207,244,卖盘
1528,10:46:27,56.59,736518,130,买盘
1529,10:46:30,56.57,648329,115,中性盘
1530,10:46:33,56.56,955962,169,卖盘
1531,10:46:36,56.56,861062,152,卖盘
1532,10:46:39,56.56,1232929,218,买盘
1533,10:46:42,56.56,797466,141,卖盘
1534,10:46:45,56.56,893643,158,买盘
1535,10:46:48,56.55,1249891,221,卖盘
1536,10:46:51,56.55,1272496,225,卖盘
1537,10:46:54,56.55,735139,130,卖盘
1538,10:46:57,56.56,641289,113,买盘
1539,10:47:00,56.54,588054,104,卖盘
1540,10:47:03,56.54,1343253,238,卖盘
1541,10:47:06,56.53,361845,64,卖盘
1542,10:47:09,56.54,1675655,296,买盘
1543,10:47:12,56.61,2797384,494,买盘
1544,10:47:15,56.63,923032,163,买盘
1545,10:47:18,56.63,724953,128,卖盘
1546,10:47:21,56.67,1195622,211,买盘
1547,10:47:24,56.67,578071,102,卖盘
1548,10:47:27,56.67,544201,96,卖盘
1549,10:47:30,56.69,1801593,318,中性盘
1550,10:47:33,56.66,832875,147,卖盘
1551,10:47:36,56.66,50993,9,中性盘
1552,10:47:39,56.65,260635,46,卖盘
1553,10:47:42,56.64,294611,52,卖盘
1554,10:47:45,56.68,317343,56,买盘
1555,10:47:48,56.66,305978,54,卖盘
1556,10:47:51,56.65,226596,40,卖盘
1557,10:47:54,56.63,475731,84,卖盘
1558,10:47:57,56.64,402175,71,买盘
1559,10:48:00,56.63,883311,156,中性盘
1560,10:48:03,56.63,396354,70,卖盘
1561,10:48:06,56.64,758712,134,买盘
1562,10:48:09,56.64,2768035,489,买盘
1563,10:48:12,56.62,186826,33,中性盘
1564,10:48:15,56.64,254741,45,买盘
1565,10:48:18,56.58,899846,159,卖盘
1566,10:48:21,56.62,322555,57,买盘
1567,10:48:24,56.57,797892,141,卖盘
1568,10:48:27,56.57,367730,65,卖盘
1569,10:48:30,56.57,1278562,226,卖盘
1570,10:48:33,56.57,531775,94,卖盘
1571,10:48:36,56.58,2692853,476,买盘
1572,10:48:39,56.59,531748,94,中性盘
1573,10:48:42,56.62,1567675,277,买盘
1574,10:48:45,56.62,3754398,663,买盘
1575,10:48:48,56.66,3006107,531,买盘
1576,10:48:51,56.62,1273985,225,卖盘
1577,10:48:54,56.65,113270,20,买盘
1578,10:48:57,56.63,345512,61,卖盘
1579,10:49:00,56.6,283124,50,卖盘
1580,10:49:03,56.64,798475,141,买盘
1581,10:49:06,56.63,215231,38,中性盘
1582,10:49:09,56.63,266158,47,卖盘
1583,10:49:12,56.63,67957,12,卖盘
1584,10:49:15,56.64,560597,99,买盘
1585,10:49:18,56.63,402117,71,卖盘
1586,10:49:21,56.65,685295,121,买盘
1587,10:49:24,56.64,492565,87,中性盘
1588,10:49:27,56.64,266206,47,买盘
1589,10:49:30,56.63,515389,91,卖盘
1590,10:49:33,56.63,351089,62,买盘
1591,10:49:36,56.63,135905,24,买盘
1592,10:49:39,56.6,469816,83,卖盘
1593,10:49:42,56.62,67952,12,中性盘
1594,10:49:45,56.63,509529,90,买盘
1595,10:49:48,56.6,679239,120,卖盘
1596,10:49:51,56.63,735992,130,买盘
1597,10:49:54,56.62,90565,16,中性盘
1598,10:49:57,56.6,849038,150,卖盘
1599,10:50:00,56.6,645129,114,卖盘
1600,10:50:03,56.6,186795,33,卖盘
1601,10:50:06,56.62,164180,29,买盘
1602,10:50:09,56.6,560384,99,卖盘
1603,10:50:12,56.6,254713,45,卖盘
1604,10:50:15,56.6,605730,107,卖盘
1605,10:50:18,56.6,543365,96,卖盘
1606,10:50:21,56.6,622543,110,买盘
1607,10:50:24,56.58,1143209,202,卖盘
1608,10:50:27,56.58,130147,23,卖盘
1609,10:50:30,56.57,441314,78,卖盘
1610,10:50:33,56.57,339479,60,卖盘
1611,10:50:36,56.59,565729,100,买盘
1612,10:50:39,56.58,62248,11,中性盘
1613,10:50:42,56.58,220667,39,卖盘
1614,10:50:45,56.6,299939,53,买盘
1615,10:50:48,56.59,175425,31,卖盘
1616,10:50:51,56.59,531902,94,卖盘
1617,10:50:54,56.59,118834,21,买盘
1618,10:50:57,56.59,90539,16,买盘
1619,10:51:00,56.59,865632,153,买盘
1620,10:51:03,56.57,458277,81,卖盘
1621,10:51:06,56.58,141450,25,中性盘
1622,10:51:09,56.57,1335039,236,卖盘
1623,10:51:12,56.59,214977,38,买盘
1624,10:51:15,56.58,695918,123,卖盘
1625,10:51:18,56.57,1227551,217,卖盘
1626,10:51:21,56.57,181044,32,卖盘
1627,10:51:24,56.57,1114330,197,买盘
1628,10:51:27,56.56,1447825,256,卖盘
1629,10:51:30,56.56,384553,68,中性盘
1630,10:51:33,56.55,633493,112,卖盘
1631,10:51:36,56.58,554302,98,买盘
1632,10:51:39,56.56,486417,86,卖盘
1633,10:51:42,56.58,311180,55,买盘
1634,10:51:45,56.56,356361,63,卖盘
1635,10:51:48,56.58,2166679,383,买盘
1636,10:51:51,56.58,4237701,749,买盘
1637,10:51:54,56.6,783356,138,买盘
1638,10:51:57,56.61,235471,42,买盘
1639,10:52:00,56.61,135847,24,买盘
1640,10:52:03,56.59,277316,49,卖盘
1641,10:52:06,56.62,290980,51,买盘
1642,10:52:09,56.62,164185,29,买盘
1643,10:52:12,56.62,237786,42,买盘
1644,10:52:15,56.62,373611,66,买盘
1645,10:52:18,56.61,130208,23,卖盘
1646,10:52:21,56.61,181126,32,买盘
1647,10:52:24,56.61,469764,83,买盘
1648,10:52:27,56.6,718820,127,卖盘
1649,10:52:30,56.58,1692306,299,卖盘
1650,10:52:33,56.62,2513287,444,买盘
1651,10:52:36,56.63,175518,31,买盘
1652,10:52:39,56.6,186793,33,卖盘
1653,10:52:42,56.62,192492,34,买盘
1654,10:52:45,56.61,328391,58,卖盘
1655,10:52:48,56.62,158555,28,买盘
1656,10:52:51,56.65,1223568,216,买盘
1657,10:52:54,56.65,2067802,365,买盘
1658,10:52:57,56.68,1404720,248,买盘
1659,10:53:00,56.68,215384,38,买盘
1660,10:53:03,56.68,130363,23,卖盘
1661,10:53:06,56.67,164338,29,买盘
1662,10:53:09,56.67,226679,40,买盘
1663,10:53:12,56.67,288977,51,买盘
1664,10:53:15,56.68,102006,18,买盘
1665,10:53:21,56.67,107684,19,卖盘
1666,10:53:24,56.68,147360,26,买盘
1667,10:53:27,56.68,198357,35,买盘
1668,10:53:30,56.68,56680,10,买盘
1669,10:53:33,56.68,170019,30,买盘
1670,10:53:36,56.68,204024,36,买盘
1671,10:53:39,56.68,294722,52,买盘
1672,10:53:42,56.68,277700,49,买盘
1673,10:53:45,56.68,56676,10,买盘
1674,10:53:48,56.66,79341,14,卖盘
1675,10:53:51,56.66,181329,32,卖盘
1676,10:53:54,56.66,67998,12,卖盘
1677,10:53:57,56.66,158655,28,卖盘
1678,10:54:00,56.66,147316,26,买盘
1679,10:54:03,56.67,232318,41,买盘
1680,10:54:06,56.65,549505,97,卖盘
1681,10:54:09,56.65,362586,64,买盘
1682,10:54:12,56.65,164273,29,买盘
1683,10:54:15,56.65,186938,33,买盘
1684,10:54:18,56.65,130305,23,卖盘
1685,10:54:21,56.66,407903,72,买盘
1686,10:54:24,56.66,266294,47,买盘
1687,10:54:27,56.66,776241,137,买盘
1688,10:54:30,56.66,39662,7,买盘
1689,10:54:33,56.64,730736,129,卖盘
1690,10:54:36,56.65,277621,49,中性盘
1691,10:54:39,56.66,90643,16,买盘
1692,10:54:42,56.66,436216,77,买盘
1693,10:54:45,56.65,141625,25,卖盘
1694,10:54:48,56.65,79297,14,买盘
1695,10:54:51,56.64,113287,20,卖盘
1696,10:54:54,56.64,16994,3,卖盘
1697,10:54:57,56.64,56640,10,卖盘
1698,10:55:00,56.65,39651,7,买盘
1699,10:55:03,56.64,220918,39,卖盘
1700,10:55:06,56.7,4974802,878,买盘
1701,10:55:09,56.71,1570590,277,买盘
1702,10:55:12,56.72,334608,59,买盘
1703,10:55:15,56.74,419737,74,买盘
1704,10:55:18,56.75,266685,47,买盘
1705,10:55:21,56.75,141860,25,买盘
1706,10:55:24,56.76,96486,17,买盘
1707,10:55:27,56.76,192954,34,买盘
1708,10:55:30,56.75,476715,84,卖盘
1709,10:55:33,56.74,278050,49,卖盘
1710,10:55:36,56.75,295121,52,卖盘
1711,10:55:39,56.73,73767,13,卖盘
1712,10:55:42,56.74,175875,31,买盘
1713,10:55:45,56.72,448113,79,卖盘
1714,10:55:48,56.73,272263,48,买盘
1715,10:55:51,56.74,204219,36,买盘
1716,10:55:54,56.72,516354,91,卖盘
1717,10:55:57,56.8,1368412,241,买盘
1718,10:56:00,56.76,1153238,203,卖盘
1719,10:56:03,56.84,2494674,439,买盘
1720,10:56:06,56.88,2151425,378,买盘
1721,10:56:09,56.9,1427079,251,买盘
1722,10:56:12,56.81,2688921,473,卖盘
1723,10:56:15,56.91,1080148,190,买盘
1724,10:56:18,56.88,455152,80,中性盘
1725,10:56:21,56.93,574473,101,买盘
1726,10:56:24,56.93,847877,149,买盘
1727,10:56:27,56.88,1104275,194,中性盘
1728,10:56:30,56.9,1394260,245,中性盘
1729,10:56:33,56.89,932873,164,卖盘
1730,10:56:36,56.88,318652,56,中性盘
1731,10:56:39,56.87,267234,47,中性盘
1732,10:56:42,56.84,193372,34,卖盘
1733,10:56:45,56.84,176146,31,中性盘
1734,10:56:48,56.8,232910,41,卖盘
1735,10:56:51,56.84,232928,41,买盘
1736,10:56:54,56.85,403368,71,买盘
1737,10:56:57,56.81,56840,10,卖盘
1738,10:57:00,56.84,250120,44,中性盘
1739,10:57:03,56.81,187523,33,卖盘
1740,10:57:06,56.81,176123,31,卖盘
1741,10:57:09,56.8,107927,19,卖盘
1742,10:57:12,56.81,198816,35,买盘
1743,10:57:15,56.85,1430641,252,买盘
1744,10:57:18,56.78,194709,34,卖盘
1745,10:57:21,56.82,329654,58,中性盘
1746,10:57:24,56.82,903631,159,中性盘
1747,10:57:27,56.81,802434,141,卖盘
1748,10:57:30,56.85,227301,40,买盘
1749,10:57:33,56.8,282949,50,卖盘
1750,10:57:36,56.78,431633,76,卖盘
1751,10:57:39,56.77,340636,60,卖盘
1752,10:57:42,56.76,777653,137,卖盘
1753,10:57:45,56.77,783413,138,买盘
1754,10:57:48,56.77,170348,30,买盘
1755,10:57:51,56.82,403414,71,买盘
1756,10:57:54,56.82,17040,3,买盘
1757,10:57:57,56.81,107969,19,中性盘
1758,10:58:00,56.82,28410,5,中性盘
1759,10:58:03,56.8,68173,12,卖盘
1760,10:58:06,56.81,107939,19,买盘
1761,10:58:09,56.81,147710,26,卖盘
1762,10:58:12,56.8,187461,33,卖盘
1763,10:58:15,56.81,658844,116,卖盘
1764,10:58:18,56.82,107941,19,买盘
1765,10:58:21,56.8,494197,87,卖盘
1766,10:58:24,56.78,363384,64,卖盘
1767,10:58:27,56.78,391792,69,买盘
1768,10:58:30,56.78,278214,49,买盘
1769,10:58:33,56.79,732363,129,买盘
1770,10:58:36,56.8,141964,25,买盘
1771,10:58:39,56.8,45440,8,买盘
1772,10:58:42,56.76,295165,52,卖盘
1773,10:58:45,56.77,107861,19,卖盘
1774,10:58:48,56.76,187323,33,卖盘
1775,10:58:51,56.76,573342,101,卖盘
1776,10:58:54,56.76,278097,49,卖盘
1777,10:58:57,56.75,124854,22,卖盘
1778,10:59:00,56.77,1237352,218,买盘
1779,10:59:03,56.78,556508,98,买盘
1780,10:59:06,56.77,374723,66,卖盘
1781,10:59:09,56.77,51100,9,卖盘
1782,10:59:12,56.78,34067,6,买盘
1783,10:59:15,56.78,73796,13,买盘
1784,10:59:18,56.75,255420,45,卖盘
1785,10:59:21,56.74,323485,57,卖盘
1786,10:59:24,56.78,346332,61,买盘
1787,10:59:27,56.78,363327,64,买盘
1788,10:59:30,56.78,102201,18,买盘
1789,10:59:33,56.77,141942,25,卖盘
1790,10:59:36,56.78,124908,22,买盘
1791,10:59:39,56.77,113526,20,买盘
1792,10:59:42,56.74,164576,29,卖盘
1793,10:59:45,56.75,17027,3,中性盘
1794,10:59:48,56.74,34054,6,卖盘
1795,10:59:51,56.74,249668,44,卖盘
1796,10:59:54,56.72,329071,58,卖盘
1797,10:59:57,56.74,45388,8,中性盘
1798,11:00:00,56.73,153157,27,中性盘
1799,11:00:03,56.72,170186,30,卖盘
1800,11:00:06,56.71,1440449,254,卖盘
1801,11:00:09,56.71,232503,41,买盘
1802,11:00:12,56.7,975709,172,卖盘
1803,11:00:15,56.77,351700,62,买盘
1804,11:00:18,56.74,68103,12,中性盘
1805,11:00:21,56.74,119179,21,卖盘
1806,11:00:24,56.77,62438,11,买盘
1807,11:00:27,56.77,102180,18,买盘
1808,11:00:30,56.77,136222,24,买盘
1809,11:00:33,56.76,68103,12,卖盘
1810,11:00:36,56.76,130539,23,买盘
1811,11:00:39,56.76,17028,3,买盘
1812,11:00:42,56.76,79464,14,买盘
1813,11:00:45,56.75,573251,101,卖盘
1814,11:00:48,56.75,62425,11,买盘
1815,11:00:51,56.74,204302,36,卖盘
1816,11:00:54,56.75,102141,18,中性盘
1817,11:00:57,56.73,130509,23,卖盘
1818,11:01:00,56.74,465203,82,中性盘
1819,11:01:03,56.73,164543,29,卖盘
1820,11:01:06,56.74,317694,56,买盘
1821,11:01:09,56.73,62409,11,卖盘
1822,11:01:12,56.71,629577,111,卖盘
1823,11:01:15,56.73,277978,49,中性盘
1824,11:01:18,56.73,283584,50,卖盘
1825,11:01:21,56.71,119086,21,卖盘
1826,11:01:24,56.74,68076,12,买盘
1827,11:01:27,56.72,306252,54,买盘
1828,11:01:30,56.7,345908,61,卖盘
1829,11:01:33,56.71,147463,26,中性盘
1830,11:01:36,56.72,170159,30,买盘
1831,11:01:39,56.73,158796,28,买盘
1832,11:01:42,56.73,45384,8,买盘
1833,11:01:45,56.71,107765,19,卖盘
1834,11:01:48,56.73,175836,31,买盘
1835,11:01:51,56.71,555730,98,买盘
1836,11:01:54,56.69,606678,107,卖盘
1837,11:01:57,56.71,238177,42,买盘
1838,11:02:00,56.7,147379,26,卖盘
1839,11:02:03,56.7,374207,66,卖盘
1840,11:02:06,56.7,277750,49,买盘
1841,11:02:09,56.7,147408,26,买盘
1842,11:02:12,56.7,136062,24,买盘
1843,11:02:15,56.68,85023,15,卖盘
1844,11:02:18,56.7,413867,73,买盘
1845,11:02:21,56.68,295949,52,卖盘
1846,11:02:24,56.7,192784,34,卖盘
1847,11:02:27,56.71,192796,34,买盘
1848,11:02:30,56.7,27216,5,卖盘
1849,11:02:33,56.68,272118,48,卖盘
1850,11:02:36,56.69,158732,28,中性盘
1851,11:02:39,56.69,34014,6,中性盘
1852,11:02:42,56.71,1338122,236,买盘
1853,11:02:45,56.71,572897,101,卖盘
1854,11:02:48,56.74,1145705,202,中性盘
1855,11:02:51,56.73,1412057,249,卖盘
1856,11:02:54,56.72,346081,61,卖盘
1857,11:02:57,56.77,136224,24,买盘
1858,11:03:00,56.77,102176,18,买盘
1859,11:03:03,56.76,102170,18,卖盘
1860,11:03:06,56.77,204356,36,买盘
1861,11:03:09,56.78,471204,83,买盘
1862,11:03:12,56.76,340616,60,卖盘
1863,11:03:15,56.76,28380,5,卖盘
1864,11:03:18,56.76,73795,13,买盘
1865,11:03:21,56.77,221380,39,买盘
1866,11:03:24,56.77,102200,18,卖盘
1867,11:03:27,56.77,613039,108,卖盘
1868,11:03:30,56.76,22706,4,中性盘
1869,11:03:33,56.76,56764,10,卖盘
1870,11:03:36,56.75,107844,19,卖盘
1871,11:03:42,56.74,278019,49,卖盘
1872,11:03:45,56.72,561771,99,卖盘
1873,11:03:48,56.7,545670,96,卖盘
1874,11:03:51,56.7,1122730,198,卖盘
1875,11:03:54,56.73,39717,7,买盘
1876,11:03:57,56.73,317746,56,买盘
1877,11:04:00,56.7,90739,16,卖盘
1878,11:04:03,56.73,73729,13,中性盘
1879,11:04:06,56.73,294872,52,买盘
1880,11:04:09,56.74,96436,17,买盘
1881,11:04:12,56.73,62393,11,中性盘
1882,11:04:15,56.75,39721,7,卖盘
1883,11:04:18,56.75,777181,137,卖盘
1884,11:04:21,56.78,153257,27,买盘
1885,11:04:24,56.73,567584,100,卖盘
1886,11:04:27,56.79,397426,70,买盘
1887,11:04:30,56.8,147680,26,买盘
1888,11:04:33,56.8,1595977,281,买盘
1889,11:04:36,56.8,238585,42,买盘
1890,11:04:39,56.82,68184,12,买盘
1891,11:04:42,56.82,5682,1,买盘
1892,11:04:45,56.82,51138,9,买盘
1893,11:04:48,56.82,62496,11,买盘
1894,11:04:51,56.81,22724,4,卖盘
1895,11:04:54,56.8,193160,34,卖盘
1896,11:04:57,56.79,136326,24,卖盘
1897,11:05:00,56.82,443020,78,买盘
1898,11:05:03,56.8,244273,43,卖盘
1899,11:05:06,56.8,113614,20,卖盘
1900,11:05:09,56.8,215950,38,卖盘
1901,11:05:12,56.82,227134,40,买盘
1902,11:05:15,56.82,267006,47,买盘
1903,11:05:18,56.75,187301,33,卖盘
1904,11:05:21,56.82,284078,50,买盘
1905,11:05:24,56.8,164727,29,卖盘
1906,11:05:27,56.8,187354,33,买盘
1907,11:05:30,56.8,28400,5,买盘
1908,11:05:33,56.78,102221,18,卖盘
1909,11:05:36,56.78,158992,28,卖盘
1910,11:05:39,56.8,34080,6,买盘
1911,11:05:42,56.8,5680,1,买盘
1912,11:05:45,56.78,346393,61,卖盘
1913,11:05:48,56.79,11358,2,中性盘
1914,11:05:51,56.78,261225,46,卖盘
1915,11:05:54,56.79,90864,16,买盘
1916,11:05:57,56.78,459786,81,卖盘
1917,11:06:00,56.77,391731,69,中性盘
1918,11:06:03,56.77,385998,68,买盘
1919,11:06:06,56.77,56769,10,中性盘
1920,11:06:09,56.75,11352,2,卖盘
1921,11:06:12,56.76,221334,39,中性盘
1922,11:06:15,56.75,1157550,204,卖盘
1923,11:06:18,56.75,198634,35,卖盘
1924,11:06:21,56.76,255379,45,买盘
1925,11:06:24,56.76,11352,2,买盘
1926,11:06:27,56.75,68101,12,卖盘
1927,11:06:30,56.75,73778,13,卖盘
1928,11:06:33,56.74,73765,13,卖盘
1929,11:06:36,56.74,62414,11,买盘
1930,11:06:39,56.73,107794,19,卖盘
1931,11:06:42,56.74,289331,51,买盘
1932,11:06:45,56.75,1186160,209,买盘
1933,11:06:48,56.77,283802,50,买盘
1934,11:06:51,56.75,170270,30,卖盘
1935,11:06:54,56.74,646853,114,卖盘
1936,11:06:57,56.75,425456,75,买盘
1937,11:07:00,56.71,181514,32,卖盘
1938,11:07:03,56.73,39720,7,卖盘
1939,11:07:06,56.74,79435,14,买盘
1940,11:07:09,56.73,147458,26,卖盘
1941,11:07:12,56.72,272235,48,中性盘
1942,11:07:15,56.72,759906,134,买盘
1943,11:07:18,56.72,90752,16,卖盘
1944,11:07:21,56.71,124778,22,卖盘
1945,11:07:24,56.71,85069,15,卖盘
1946,11:07:27,56.71,1151188,203,买盘
1947,11:07:30,56.73,255213,45,买盘
1948,11:07:33,56.72,85070,15,卖盘
1949,11:07:36,56.71,221183,39,卖盘
1950,11:07:39,56.71,170144,30,卖盘
1951,11:07:42,56.72,226827,40,买盘
1952,11:07:45,56.72,1151566,203,买盘
1953,11:07:48,56.72,816803,144,卖盘
1954,11:07:51,56.75,465294,82,中性盘
1955,11:07:54,56.73,833902,147,卖盘
1956,11:07:57,56.72,1868449,329,卖盘
1957,11:08:00,56.72,402716,71,买盘
1958,11:08:03,56.74,260994,46,买盘
1959,11:08:06,56.74,124870,22,买盘
1960,11:08:09,56.72,170173,30,卖盘
1961,11:08:12,56.71,158815,28,卖盘
1962,11:08:15,56.73,374348,66,买盘
1963,11:08:18,56.74,164545,29,买盘
1964,11:08:21,56.7,153173,27,卖盘
1965,11:08:24,56.7,606717,107,卖盘
1966,11:08:27,56.72,306271,54,买盘
1967,11:08:30,56.71,226820,40,中性盘
1968,11:08:33,56.71,96395,17,买盘
1969,11:08:36,56.7,51035,9,卖盘
1970,11:08:39,56.71,748539,132,买盘
1971,11:08:42,56.72,839486,148,买盘
1972,11:08:45,56.72,708972,125,卖盘
1973,11:08:48,56.73,107775,19,买盘
1974,11:08:51,56.72,329044,58,卖盘
1975,11:08:54,56.72,39715,7,卖盘
1976,11:08:57,56.74,646782,114,买盘
1977,11:09:00,56.75,444313,78,中性盘
1978,11:09:03,56.74,266736,47,中性盘
1979,11:09:06,56.77,124882,22,买盘
1980,11:09:09,56.77,181605,32,卖盘
1981,11:09:12,56.74,868133,153,卖盘
1982,11:09:15,56.71,743187,131,卖盘
1983,11:09:18,56.74,782693,138,买盘
1984,11:09:21,56.74,210034,37,卖盘
1985,11:09:24,56.74,1197259,211,卖盘
1986,11:09:27,56.75,136227,24,买盘
1987,11:09:30,56.79,249880,44,买盘
1988,11:09:33,56.78,170283,30,买盘
1989,11:09:36,56.77,669625,118,中性盘
1990,11:09:39,56.77,56770,10,买盘
1991,11:09:42,56.75,204309,36,卖盘
1992,11:09:45,56.77,102171,18,买盘
1993,11:09:48,56.76,68101,12,中性盘
1994,11:09:51,56.75,68109,12,卖盘
1995,11:09:54,56.73,187247,33,卖盘
1996,11:09:57,56.75,198680,35,卖盘
1997,11:10:00,56.77,56770,10,买盘
1998,11:10:03,56.76,102171,18,卖盘
1999,11:10:06,56.77,28381,5,买盘
2000,11:10:09,56.76,34060,6,卖盘
2001,11:10:12,56.76,11352,2,卖盘
2002,11:10:15,56.77,164633,29,买盘
2003,11:10:18,56.77,266813,47,买盘
2004,11:10:21,56.76,562009,99,卖盘
2005,11:10:24,56.78,204390,36,买盘
2006,11:10:27,56.79,187357,33,买盘
2007,11:10:30,56.77,28395,5,卖盘
2008,11:10:33,56.8,96537,17,买盘
2009,11:10:36,56.8,153325,27,买盘
2010,11:10:39,56.8,181720,32,买盘
2011,11:10:42,56.79,164663,29,中性盘
2012,11:10:45,56.78,28390,5,中性盘
2013,11:10:48,56.79,107898,19,买盘
2014,11:10:51,56.8,766786,135,买盘
2015,11:10:54,56.81,335124,59,买盘
2016,11:10:57,56.81,119299,21,买盘
2017,11:11:00,56.81,45448,8,买盘
2018,11:11:03,56.81,142016,25,买盘
2019,11:11:06,56.81,329502,58,买盘
2020,11:11:09,56.81,96576,17,买盘
2021,11:11:12,56.81,465846,82,卖盘
2022,11:11:15,56.8,102254,18,卖盘
2023,11:11:18,56.8,272670,48,卖盘
2024,11:11:21,56.81,181775,32,买盘
2025,11:11:24,56.8,369252,65,卖盘
2026,11:11:27,56.81,130659,23,买盘
2027,11:11:30,56.81,79530,14,买盘
2028,11:11:33,56.8,68171,12,卖盘
2029,11:11:36,56.81,39767,7,卖盘
2030,11:11:39,56.81,437398,77,卖盘
2031,11:11:42,56.81,96581,17,卖盘
2032,11:11:45,56.81,45450,8,卖盘
2033,11:11:48,56.82,62496,11,买盘
2034,11:11:51,56.81,159068,28,卖盘
2035,11:11:54,56.82,68181,12,买盘
2036,11:11:57,56.81,107936,19,卖盘
2037,11:12:00,56.81,28405,5,买盘
2038,11:12:03,56.81,176121,31,卖盘
2039,11:12:06,56.81,85219,15,卖盘
2040,11:12:09,56.82,125000,22,买盘
2041,11:12:12,56.83,1386416,244,买盘
2042,11:12:15,56.86,233071,41,买盘
2043,11:12:18,56.84,176251,31,卖盘
2044,11:12:21,56.86,147849,26,卖盘
2045,11:12:24,56.89,182020,32,买盘
2046,11:12:27,56.87,28434,5,卖盘
2047,11:12:30,56.86,170587,30,卖盘
2048,11:12:33,56.88,403780,71,买盘
2049,11:12:36,56.88,68238,12,买盘
2050,11:12:39,56.9,250270,44,买盘
2051,11:12:42,56.88,73948,13,中性盘
2052,11:12:45,56.88,108078,19,买盘
2053,11:12:48,56.9,142245,25,买盘
2054,11:12:51,56.86,432244,76,卖盘
2055,11:12:54,56.85,255881,45,卖盘
2056,11:12:57,56.85,261522,46,卖盘
2057,11:13:00,56.85,187607,33,买盘
2058,11:13:03,56.85,142128,25,买盘
2059,11:13:06,56.84,153486,27,卖盘
2060,11:13:09,56.85,90955,16,中性盘
2061,11:13:12,56.85,11370,2,买盘
2062,11:13:15,56.86,181920,32,买盘
2063,11:13:18,56.86,153542,27,卖盘
2064,11:13:21,56.86,460580,81,卖盘
2065,11:13:24,56.87,204732,36,买盘
2066,11:13:27,56.87,34122,6,买盘
2067,11:13:30,56.87,79607,14,买盘
2068,11:13:33,56.86,335525,59,卖盘
2069,11:13:36,56.86,119410,21,卖盘
2070,11:13:39,56.86,244496,43,买盘
2071,11:13:42,56.86,181946,32,买盘
2072,11:13:45,56.86,221750,39,买盘
2073,11:13:48,56.86,113739,20,卖盘
2074,11:13:51,56.86,102356,18,卖盘
2075,11:13:54,56.86,398071,70,卖盘
2076,11:13:57,56.87,420828,74,买盘
2077,11:14:00,56.87,750603,132,买盘
2078,11:14:03,56.87,324171,57,卖盘
2079,11:14:06,56.86,170584,30,卖盘
2080,11:14:09,56.86,85290,15,买盘
2081,11:14:12,56.85,267216,47,卖盘
2082,11:14:15,56.87,335478,59,买盘
2083,11:14:18,56.86,363921,64,卖盘
2084,11:14:21,56.88,552700,97,买盘
2085,11:14:24,56.88,153577,27,买盘
2086,11:14:27,56.88,108072,19,买盘
2087,11:14:30,56.88,199080,35,买盘
2088,11:14:33,56.9,403878,71,买盘
2089,11:14:36,56.93,927692,163,买盘
2090,11:14:39,56.98,2586300,454,买盘
2091,11:14:42,57.04,3229998,567,买盘
2092,11:14:45,57.09,2865140,502,买盘
2093,11:14:48,57.14,6834709,1197,买盘
2094,11:14:51,57.14,2422160,424,买盘
2095,11:14:54,57.19,3303190,578,买盘
2096,11:14:57,57.2,3688841,645,买盘
2097,11:15:00,57.24,3500067,612,买盘
2098,11:15:03,57.2,1716533,300,中性盘
2099,11:15:06,57.24,4010820,701,买盘
2100,11:15:09,57.24,1007344,176,卖盘
2101,11:15:12,57.26,1643409,287,买盘
2102,11:15:15,57.29,2352934,411,买盘
2103,11:15:18,57.28,784530,137,买盘
2104,11:15:21,57.27,3405417,595,卖盘
2105,11:15:24,57.28,744566,130,买盘
2106,11:15:27,57.2,1592287,278,卖盘
2107,11:15:30,57.28,469579,82,买盘
2108,11:15:33,57.22,1133699,198,卖盘
2109,11:15:36,57.27,767295,134,买盘
2110,11:15:39,57.21,280537,49,卖盘
2111,11:15:42,57.2,623511,109,卖盘
2112,11:15:45,57.21,446099,78,买盘
2113,11:15:48,57.17,280133,49,中性盘
2114,11:15:51,57.17,331620,58,卖盘
2115,11:15:54,57.11,377046,66,卖盘
2116,11:15:57,57.15,120003,21,中性盘
2117,11:16:00,57.15,194301,34,买盘
2118,11:16:03,57.13,245681,43,卖盘
2119,11:16:06,57.13,199955,35,买盘
2120,11:16:09,57.12,188508,33,卖盘
2121,11:16:12,57.11,142787,25,卖盘
2122,11:16:15,57.12,228457,40,买盘
2123,11:16:18,57.09,39972,7,中性盘
2124,11:16:21,57.09,62815,11,卖盘
2125,11:16:24,57.08,125575,22,卖盘
2126,11:16:27,57.11,3381441,592,买盘
2127,11:16:30,57.13,1096230,192,中性盘
2128,11:16:33,57.14,1366442,239,中性盘
2129,11:16:36,57.19,377400,66,买盘
2130,11:16:39,57.19,251575,44,买盘
2131,11:16:42,57.19,125808,22,买盘
2132,11:16:45,57.18,45737,8,买盘
2133,11:16:48,57.15,154305,27,卖盘
2134,11:16:51,57.12,371342,65,卖盘
2135,11:16:54,57.15,137140,24,买盘
2136,11:16:57,57.12,297056,52,卖盘
2137,11:17:00,57.13,119947,21,买盘
2138,11:17:03,57.08,199850,35,卖盘
2139,11:17:06,57.09,239840,42,卖盘
2140,11:17:09,57.09,114161,20,买盘
2141,11:17:12,57.09,142662,25,买盘
2142,11:17:15,57.08,148394,26,卖盘
2143,11:17:18,57.08,382344,67,买盘
2144,11:17:21,57.07,245420,43,卖盘
2145,11:17:24,57.07,239694,42,卖盘
2146,11:17:27,57.08,142676,25,买盘
2147,11:17:30,57.07,57068,10,中性盘
2148,11:17:33,57.06,211132,37,卖盘
2149,11:17:36,57.06,165376,29,买盘
2150,11:17:39,57.02,17112,3,中性盘
2151,11:17:42,57.03,34223,6,卖盘
2152,11:17:45,57.04,51336,9,中性盘
2153,11:17:48,57.02,439076,77,卖盘
2154,11:17:51,57.03,182480,32,买盘
2155,11:17:54,57.03,62724,11,买盘
2156,11:17:57,57.03,62726,11,买盘
2157,11:18:00,57.03,39920,7,买盘
2158,11:18:03,57.03,182488,32,买盘
2159,11:18:06,57.03,85545,15,卖盘
2160,11:18:09,57.03,45624,8,买盘
2161,11:18:12,57.03,176777,31,买盘
2162,11:18:15,57.03,210987,37,买盘
2163,11:18:18,57.01,39907,7,卖盘
2164,11:18:21,57.03,210986,37,买盘
2165,11:18:24,57.05,1026650,180,买盘
2166,11:18:27,57.06,628849,110,买盘
2167,11:18:30,57.1,313942,55,买盘
2168,11:18:33,57.06,205542,36,卖盘
2169,11:18:36,57.1,279756,49,买盘
2170,11:18:39,57.09,51381,9,中性盘
2171,11:18:42,57.09,365376,64,买盘
2172,11:18:45,57.1,34258,6,买盘
2173,11:18:48,57.08,74212,13,卖盘
2174,11:18:51,57.07,376766,66,卖盘
2175,11:18:54,57.08,228269,40,买盘
2176,11:18:57,57.07,998372,175,买盘
2177,11:19:00,57.09,308245,54,买盘
2178,11:19:03,57.06,445144,78,卖盘
2179,11:19:06,57.08,861850,151,买盘
2180,11:19:09,57.08,365265,64,卖盘
2181,11:19:12,57.07,176927,31,卖盘
2182,11:19:15,57.09,428142,75,买盘
2183,11:19:18,57.09,559437,98,买盘
2184,11:19:21,57.07,205501,36,卖盘
2185,11:19:24,57.07,57081,10,卖盘
2186,11:19:27,57.07,439543,77,卖盘
2187,11:19:30,57.06,28534,5,卖盘
2188,11:19:33,57.07,108421,19,买盘
2189,11:19:36,57.06,222502,39,中性盘
2190,11:19:39,57.04,79859,14,卖盘
2191,11:19:42,57.06,416320,73,买盘
2192,11:19:48,57.05,5705,1,买盘
2193,11:19:51,57.05,336580,59,买盘
2194,11:19:54,57.04,142608,25,卖盘
2195,11:19:57,57.04,188238,33,卖盘
2196,11:20:00,57.05,462105,81,买盘
2197,11:20:03,57.05,3445994,604,买盘
2198,11:20:06,57.06,245377,43,中性盘
2199,11:20:09,57.05,97001,17,卖盘
2200,11:20:12,57.03,359412,63,卖盘
2201,11:20:15,57.03,268028,47,中性盘
2202,11:20:18,57.01,205299,36,卖盘
2203,11:20:21,57.01,96918,17,卖盘
2204,11:20:24,57.0,615666,108,卖盘
2205,11:20:27,56.98,592779,104,卖盘
2206,11:20:30,56.98,79782,14,卖盘
2207,11:20:33,56.96,222176,39,卖盘
2208,11:20:36,56.95,176569,31,卖盘
2209,11:20:39,56.96,91149,16,中性盘
2210,11:20:42,56.96,234728,41,卖盘
2211,11:20:45,56.96,39881,7,卖盘
2212,11:20:48,56.99,484387,85,买盘
2213,11:20:51,56.98,527005,92,卖盘
2214,11:20:54,57.0,484515,85,中性盘
2215,11:20:57,57.0,256491,45,卖盘
2216,11:21:00,57.0,279288,49,买盘
2217,11:21:03,57.0,153929,27,中性盘
2218,11:21:06,57.0,353402,62,卖盘
2219,11:21:09,57.0,473093,83,买盘
2220,11:21:12,57.0,96900,17,买盘
2221,11:21:15,57.0,963384,169,买盘
2222,11:21:18,57.0,131089,23,卖盘
2223,11:21:21,57.01,119702,21,买盘
2224,11:21:24,57.01,855148,150,买盘
2225,11:21:27,57.03,51315,9,买盘
2226,11:21:30,57.02,57021,10,卖盘
2227,11:21:33,57.03,96945,17,买盘
2228,11:21:36,57.05,108394,19,买盘
2229,11:21:39,57.03,524626,92,卖盘
2230,11:21:42,57.04,216739,38,买盘
2231,11:21:45,57.03,193880,34,卖盘
2232,11:21:48,57.03,39921,7,买盘
2233,11:21:51,57.04,347895,61,买盘
2234,11:21:54,57.04,256630,45,买盘
2235,11:21:57,57.04,62743,11,买盘
2236,11:22:00,57.05,627449,110,买盘
2237,11:22:03,57.04,176803,31,卖盘
2238,11:22:06,57.05,45638,8,买盘
2239,11:22:09,57.04,752953,132,卖盘
2240,11:22:12,57.03,96958,17,卖盘
2241,11:22:15,57.04,290888,51,买盘
2242,11:22:18,57.03,268082,47,卖盘
2243,11:22:21,57.03,74139,13,卖盘
2244,11:22:24,57.01,216727,38,卖盘
2245,11:22:27,57.03,5703,1,卖盘
2246,11:22:30,57.01,410472,72,卖盘
2247,11:22:33,57.02,74128,13,卖盘
2248,11:22:36,57.02,74122,13,卖盘
2249,11:22:39,57.0,307854,54,卖盘
2250,11:22:42,56.96,1010413,177,卖盘
2251,11:22:45,56.96,370229,65,买盘
2252,11:22:48,56.96,991000,174,买盘
2253,11:22:51,56.97,548053,96,买盘
2254,11:22:54,56.99,837750,147,买盘
2255,11:22:57,56.99,17095,3,中性盘
2256,11:23:00,56.99,387531,68,买盘
2257,11:23:03,56.99,245058,43,买盘
2258,11:23:06,56.99,113976,20,卖盘
2259,11:23:09,56.99,131077,23,卖盘
2260,11:23:12,56.99,1048615,184,买盘
2261,11:23:15,57.01,775262,136,买盘
2262,11:23:18,56.99,467441,82,卖盘
2263,11:23:21,57.02,284569,50,买盘
2264,11:23:24,57.03,39921,7,买盘
2265,11:23:27,57.03,34218,6,买盘
2266,11:23:30,57.05,302333,53,买盘
2267,11:23:33,57.03,256674,45,卖盘
2268,11:23:39,57.03,74159,13,卖盘
2269,11:23:42,57.03,176801,31,买盘
2270,11:23:45,57.03,79842,14,买盘
2271,11:23:48,57.03,74129,13,买盘
2272,11:23:51,57.01,114042,20,卖盘
2273,11:23:54,57.02,57018,10,买盘
2274,11:23:57,57.03,68433,12,买盘
2275,11:24:00,57.04,22815,4,买盘
2276,11:24:03,57.03,45625,8,卖盘
2277,11:24:06,57.03,39921,7,卖盘
2278,11:24:09,57.01,267967,47,卖盘
2279,11:24:12,57.01,17617,3,卖盘
2280,11:24:15,57.03,125447,22,买盘
2281,11:24:18,57.02,22808,4,卖盘
2282,11:24:21,57.01,267978,47,卖盘
2283,11:24:24,57.02,279354,49,买盘
2284,11:24:30,57.01,256519,45,卖盘
2285,11:24:33,57.01,176740,31,买盘
2286,11:24:36,57.0,216600,38,卖盘
2287,11:24:39,57.01,495944,87,买盘
2288,11:24:42,57.01,393356,69,买盘
2289,11:24:45,57.0,34202,6,卖盘
2290,11:24:51,57.01,1265439,222,买盘
2291,11:24:54,57.01,62707,11,买盘
2292,11:24:57,57.0,102600,18,卖盘
2293,11:25:00,57.0,142500,25,买盘
2294,11:25:03,57.0,22800,4,卖盘
2295,11:25:06,56.99,125384,22,卖盘
2296,11:25:09,56.98,62687,11,卖盘
2297,11:25:15,56.98,153861,27,卖盘
2298,11:25:18,56.97,210823,37,卖盘
2299,11:25:21,56.97,193714,34,卖盘
2300,11:25:24,56.97,108257,19,买盘
2301,11:25:27,56.97,182288,32,卖盘
2302,11:25:30,56.96,102531,18,卖盘
2303,11:25:33,56.96,68359,12,卖盘
2304,11:25:36,56.96,205076,36,卖盘
2305,11:25:39,56.99,569746,100,买盘
2306,11:25:42,57.01,1037273,182,买盘
2307,11:25:45,56.98,284885,50,卖盘
2308,11:25:48,56.98,74101,13,卖盘
2309,11:25:51,56.98,148197,26,卖盘
2310,11:25:54,56.97,279186,49,卖盘
2311,11:25:57,56.99,125325,22,买盘
2312,11:26:00,56.99,119631,21,买盘
2313,11:26:03,57.01,188115,33,买盘
2314,11:26:06,56.99,176674,31,卖盘
2315,11:26:09,57.01,324856,57,买盘
2316,11:26:12,56.97,136734,24,卖盘
2317,11:26:15,56.99,102551,18,买盘
2318,11:26:18,56.96,148103,26,中性盘
2319,11:26:21,56.98,131033,23,中性盘
2320,11:26:24,56.98,131021,23,买盘
2321,11:26:27,56.94,170876,30,卖盘
2322,11:26:30,56.96,85412,15,买盘
2323,11:26:33,56.95,159433,28,卖盘
2324,11:26:36,56.96,68338,12,买盘
2325,11:26:39,56.93,85399,15,卖盘
2326,11:26:42,56.92,204948,36,卖盘
2327,11:26:45,56.92,364266,64,卖盘
2328,11:26:48,56.93,28461,5,买盘
2329,11:26:51,56.92,108160,19,卖盘
2330,11:26:54,56.93,102470,18,买盘
2331,11:26:57,56.94,216361,38,买盘
2332,11:27:00,56.93,102477,18,卖盘
2333,11:27:03,56.92,68309,12,卖盘
2334,11:27:06,56.91,375629,66,卖盘
2335,11:27:09,56.93,404085,71,买盘
2336,11:27:12,56.92,11384,2,卖盘
2337,11:27:15,56.92,193531,34,卖盘
2338,11:27:18,56.96,1098840,193,买盘
2339,11:27:21,56.94,279115,49,卖盘
2340,11:27:24,56.96,17091,3,中性盘
2341,11:27:27,57.0,68396,12,买盘
2342,11:27:30,56.96,5696,1,卖盘
2343,11:27:33,56.99,85462,15,买盘
2344,11:27:36,56.96,461684,81,卖盘
2345,11:27:39,57.0,433202,76,买盘
2346,11:27:42,57.01,79813,14,买盘
2347,11:27:45,57.01,57009,10,卖盘
2348,11:27:48,57.0,752403,132,卖盘
2349,11:27:51,57.01,262206,46,买盘
2350,11:27:54,57.0,182428,32,卖盘
2351,11:27:57,57.0,1345206,236,卖盘
2352,11:28:00,57.0,923440,162,卖盘
2353,11:28:03,57.0,461747,81,买盘
2354,11:28:06,57.0,598523,105,买盘
2355,11:28:09,56.99,136756,24,卖盘
2356,11:28:12,56.95,444232,78,卖盘
2357,11:28:15,57.01,604164,106,买盘
2358,11:28:18,56.99,91151,16,中性盘
2359,11:28:21,57.01,188080,33,买盘
2360,11:28:24,57.0,5700,1,中性盘
2361,11:28:27,57.01,627046,110,买盘
2362,11:28:30,57.0,5700,1,中性盘
2363,11:28:33,57.0,62693,11,买盘
2364,11:28:36,57.0,39897,7,买盘
2365,11:28:39,57.0,108290,19,买盘
2366,11:28:42,57.0,5700,1,买盘
2367,11:28:45,57.0,62700,11,买盘
2368,11:28:48,56.99,28499,5,卖盘
2369,11:28:51,57.0,661185,116,买盘
2370,11:28:54,56.99,34195,6,中性盘
2371,11:29:00,56.99,113981,20,中性盘
2372,11:29:03,56.98,39887,7,卖盘
2373,11:29:06,56.98,39886,7,卖盘
2374,11:29:09,56.99,22793,4,买盘
2375,11:29:12,56.97,34186,6,卖盘
2376,11:29:15,56.99,159534,28,买盘
2377,11:29:18,56.95,404431,71,卖盘
2378,11:29:21,56.95,85427,15,卖盘
2379,11:29:24,56.98,28490,5,买盘
2380,11:29:27,56.99,313423,55,买盘
2381,11:29:30,56.98,5698,1,中性盘
2382,11:29:33,56.97,28485,5,卖盘
2383,11:29:36,56.95,79740,14,卖盘
2384,11:29:42,56.99,501636,88,买盘
2385,11:29:45,56.99,45592,8,卖盘
2386,11:29:48,57.0,302099,53,买盘
2387,11:29:51,56.99,136777,24,卖盘
2388,11:29:57,56.99,56998,10,卖盘
2389,13:00:00,56.99,22796,4,卖盘
2390,13:00:03,57.0,3029939,532,买盘
2391,13:00:06,56.94,2149411,377,卖盘
2392,13:00:09,56.92,1213386,213,卖盘
2393,13:00:12,56.91,2152917,378,卖盘
2394,13:00:15,56.9,1091569,192,卖盘
2395,13:00:18,56.91,711367,125,买盘
2396,13:00:21,56.91,996420,175,卖盘
2397,13:00:24,56.91,142299,25,卖盘
2398,13:00:27,56.92,73991,13,卖盘
2399,13:00:30,56.91,256095,45,卖盘
2400,13:00:33,56.9,324330,57,卖盘
2401,13:00:36,56.9,91029,16,卖盘
2402,13:00:39,56.9,329915,58,买盘
2403,13:00:42,56.9,295836,52,买盘
2404,13:00:45,56.87,403878,71,卖盘
2405,13:00:48,56.87,11375,2,卖盘
2406,13:00:51,56.87,363968,64,卖盘
2407,13:00:54,56.87,136488,24,卖盘
2408,13:00:57,56.87,295732,52,卖盘
2409,13:01:00,56.88,136489,24,买盘
2410,13:01:03,56.88,813367,143,买盘
2411,13:01:06,56.88,574488,101,卖盘
2412,13:01:09,56.88,17066,3,卖盘
2413,13:01:12,56.89,5689,1,买盘
2414,13:01:15,56.88,91008,16,卖盘
2415,13:01:18,56.88,312865,55,卖盘
2416,13:01:21,56.88,130824,23,卖盘
2417,13:01:24,56.88,182017,32,卖盘
2418,13:01:27,56.88,164954,29,卖盘
2419,13:01:30,56.88,216147,38,卖盘
2420,13:01:33,56.88,221795,39,买盘
2421,13:01:36,56.86,284356,50,卖盘
2422,13:01:39,56.92,1649897,290,买盘
2423,13:01:42,56.95,318862,56,买盘
2424,13:01:45,56.95,51253,9,卖盘
2425,13:01:48,56.92,17076,3,卖盘
2426,13:01:51,56.93,113871,20,卖盘
2427,13:01:54,56.92,273201,48,卖盘
2428,13:01:57,56.91,204853,36,中性盘
2429,13:02:00,56.91,125188,22,中性盘
2430,13:02:03,56.9,142250,25,卖盘
2431,13:02:06,56.9,108114,19,卖盘
2432,13:02:09,56.9,1911842,336,卖盘
2433,13:02:12,56.89,278750,49,中性盘
2434,13:02:15,56.88,164980,29,卖盘
2435,13:02:18,56.89,119458,21,中性盘
2436,13:02:21,56.89,654355,115,中性盘
2437,13:02:24,56.89,56891,10,卖盘
2438,13:02:27,56.89,31860,6,卖盘
2439,13:02:30,56.89,34134,6,卖盘
2440,13:02:33,56.89,85339,15,卖盘
2441,13:02:36,56.9,73964,13,买盘
2442,13:02:39,56.9,5690,1,买盘
2443,13:02:42,56.89,193452,34,卖盘
2444,13:02:45,56.9,147941,26,卖盘
2445,13:02:48,56.9,51215,9,买盘
2446,13:02:51,56.88,682757,120,卖盘
2447,13:02:54,56.89,233280,41,卖盘
2448,13:02:57,56.92,295908,52,买盘
2449,13:03:00,56.94,1178190,207,买盘
2450,13:03:03,56.91,165056,29,卖盘
2451,13:03:06,56.9,142274,25,卖盘
2452,13:03:09,56.92,11384,2,中性盘
2453,13:03:12,56.91,56914,10,卖盘
2454,13:03:15,56.91,358573,63,卖盘
2455,13:03:18,56.91,39838,7,卖盘
2456,13:03:21,56.9,176414,31,卖盘
2457,13:03:24,56.9,142250,25,卖盘
2458,13:03:27,56.91,68291,12,买盘
2459,13:03:30,56.9,17070,3,卖盘
2460,13:03:33,56.9,813677,143,卖盘
2461,13:03:36,56.9,113805,20,卖盘
2462,13:03:39,56.9,159323,28,卖盘
2463,13:03:42,56.9,102420,18,卖盘
2464,13:03:45,56.9,421133,74,中性盘
2465,13:03:48,56.9,39825,7,买盘
2466,13:03:51,56.92,290210,51,买盘
2467,13:03:54,56.9,5690,1,中性盘
2468,13:03:57,56.9,312950,55,买盘
2469,13:04:00,56.93,239015,42,买盘
2470,13:04:03,56.93,68300,12,中性盘
2471,13:04:06,56.93,108122,19,买盘
2472,13:04:09,56.93,102460,18,买盘
2473,13:04:12,56.93,17079,3,买盘
2474,13:04:15,56.92,39844,7,中性盘
2475,13:04:18,56.9,142268,25,卖盘
2476,13:04:21,56.9,96731,17,卖盘
2477,13:04:24,56.89,68269,12,卖盘
2478,13:04:27,56.89,199110,35,买盘
2479,13:04:30,56.89,11379,2,买盘
2480,13:04:33,56.89,56885,10,卖盘
2481,13:04:36,56.88,108073,19,卖盘
2482,13:04:39,56.89,216120,38,买盘
2483,13:04:42,56.88,5688,1,中性盘
2484,13:04:45,56.87,437828,77,中性盘
2485,13:04:48,56.88,261651,46,买盘
2486,13:04:51,56.88,62568,11,卖盘
2487,13:04:57,56.88,381028,67,卖盘
2488,13:05:00,56.88,85320,15,买盘
2489,13:05:03,56.88,199071,35,卖盘
2490,13:05:06,56.85,255931,45,卖盘
2491,13:05:09,56.88,204740,36,买盘
2492,13:05:12,56.87,312693,55,买盘
2493,13:05:15,56.86,341260,60,卖盘
2494,13:05:18,56.87,17061,3,中性盘
2495,13:05:21,56.88,369685,65,卖盘
2496,13:05:24,56.91,733677,129,买盘
2497,13:05:27,56.91,45517,8,买盘
2498,13:05:30,56.9,187773,33,中性盘
2499,13:05:33,56.88,136522,24,卖盘
2500,13:05:36,56.88,108062,19,买盘
2501,13:05:39,56.88,11376,2,买盘
2502,13:05:42,56.89,278713,49,买盘
2503,13:05:45,56.87,386727,68,卖盘
2504,13:05:48,56.89,426559,75,买盘
2505,13:05:51,56.89,125164,22,卖盘
2506,13:05:54,56.89,153579,27,买盘
2507,13:05:57,56.87,273004,48,卖盘
2508,13:06:00,56.88,210468,37,买盘
2509,13:06:03,56.86,341220,60,卖盘
2510,13:06:06,56.88,45504,8,买盘
2511,13:06:09,56.88,62568,11,买盘
2512,13:06:12,56.88,273024,48,买盘
2513,13:06:15,56.88,45510,8,卖盘
2514,13:06:18,56.89,290065,51,买盘
2515,13:06:21,56.88,96696,17,卖盘
2516,13:06:24,56.88,17064,3,中性盘
2517,13:06:27,56.88,68258,12,卖盘
2518,13:06:30,56.89,130830,23,买盘
2519,13:06:33,56.88,142200,25,卖盘
2520,13:06:36,56.87,130802,23,卖盘
2521,13:06:39,56.88,11376,2,买盘
2522,13:06:42,56.86,608426,107,卖盘
2523,13:06:45,56.87,102362,18,卖盘
2524,13:06:48,56.88,386735,68,买盘
2525,13:06:51,56.86,261613,46,卖盘
2526,13:06:54,56.86,147836,26,买盘
2527,13:06:57,56.86,34115,6,买盘
2528,13:07:00,56.85,244456,43,卖盘
2529,13:07:03,56.84,108006,19,卖盘
2530,13:07:06,56.85,517316,91,买盘
2531,13:07:09,56.85,437722,77,买盘
2532,13:07:12,56.86,1229251,216,买盘
2533,13:07:15,56.83,636726,112,卖盘
2534,13:07:18,56.87,113716,20,买盘
2535,13:07:21,56.85,96638,17,中性盘
2536,13:07:27,56.83,216004,38,卖盘
2537,13:07:30,56.84,261485,46,中性盘
2538,13:07:33,56.83,113671,20,卖盘
2539,13:07:36,56.84,971575,171,买盘
2540,13:07:39,56.83,107977,19,中性盘
2541,13:07:42,56.83,130684,23,买盘
2542,13:07:45,56.83,34098,6,买盘
2543,13:07:48,56.81,90911,16,卖盘
2544,13:07:51,56.82,125008,22,卖盘
2545,13:07:54,56.8,3351444,590,卖盘
2546,13:07:57,56.82,68186,12,卖盘
2547,13:08:00,56.83,267097,47,买盘
2548,13:08:03,56.82,113648,20,卖盘
2549,13:08:06,56.82,51138,9,卖盘
2550,13:08:09,56.84,397842,70,买盘
2551,13:08:12,56.86,267214,47,买盘
2552,13:08:15,56.84,102310,18,卖盘
2553,13:08:18,56.84,45476,8,卖盘
2554,13:08:21,56.83,233082,41,卖盘
2555,13:08:24,56.89,517644,91,买盘
2556,13:08:27,56.9,614499,108,买盘
2557,13:08:30,56.89,34134,6,买盘
2558,13:08:33,56.9,147943,26,卖盘
2559,13:08:36,56.89,147913,26,中性盘
2560,13:08:39,56.9,91034,16,中性盘
2561,13:08:42,56.92,438140,77,买盘
2562,13:08:45,56.91,113810,20,买盘
2563,13:08:48,56.91,147966,26,买盘
2564,13:08:51,56.91,96747,17,卖盘
2565,13:08:54,56.92,256067,45,买盘
2566,13:08:57,56.92,68293,12,中性盘
2567,13:09:00,56.91,233318,41,卖盘
2568,13:09:03,56.89,176371,31,卖盘
2569,13:09:06,56.87,147899,26,卖盘
2570,13:09:09,56.89,17067,3,中性盘
2571,13:09:12,56.88,62569,11,卖盘
2572,13:09:15,56.85,233120,41,卖盘
2573,13:09:18,56.86,335468,59,买盘
2574,13:09:21,56.88,272956,48,买盘
2575,13:09:24,56.85,278588,49,卖盘
2576,13:09:27,56.87,164895,29,买盘
2577,13:09:30,56.86,102357,18,卖盘
2578,13:09:33,56.85,90960,16,卖盘
2579,13:09:36,56.86,181934,32,买盘
2580,13:09:39,56.86,284246,50,买盘
2581,13:09:42,56.86,210359,37,买盘
2582,13:09:45,56.85,176242,31,卖盘
2583,13:09:48,56.87,34117,6,买盘
2584,13:09:51,56.86,261555,46,卖盘
2585,13:09:54,56.85,90949,16,卖盘
2586,13:09:57,56.85,79576,14,卖盘
2587,13:10:00,56.86,744843,131,买盘
2588,13:10:03,56.86,1063282,187,卖盘
2589,13:10:06,56.86,267242,47,卖盘
2590,13:10:09,56.86,244456,43,卖盘
2591,13:10:15,56.82,323889,57,卖盘
2592,13:10:18,56.84,176180,31,买盘
2593,13:10:21,56.82,130678,23,中性盘
2594,13:10:24,56.84,62521,11,买盘
2595,13:10:27,56.81,181840,32,卖盘
2596,13:10:30,56.81,522715,92,卖盘
2597,13:10:33,56.83,221642,39,买盘
2598,13:10:36,56.83,238679,42,卖盘
2599,13:10:39,56.85,17055,3,中性盘
2600,13:10:42,56.83,176153,31,卖盘
2601,13:10:45,56.83,22732,4,卖盘
2602,13:10:48,56.84,96628,17,买盘
2603,13:10:51,56.83,267103,47,卖盘
2604,13:10:54,56.84,443287,78,买盘
2605,13:10:57,56.86,483243,85,买盘
2606,13:11:00,56.85,449167,79,卖盘
2607,13:11:03,56.85,181932,32,卖盘
2608,13:11:06,56.85,159193,28,卖盘
2609,13:11:09,56.85,159183,28,卖盘
2610,13:11:12,56.85,881179,155,卖盘
2611,13:11:15,56.84,369518,65,卖盘
2612,13:11:18,56.83,107990,19,卖盘
2613,13:11:21,56.84,215972,38,卖盘
2614,13:11:24,56.84,85260,15,买盘
2615,13:11:27,56.83,238671,42,卖盘
2616,13:11:30,56.84,1000280,176,买盘
2617,13:11:33,56.85,954972,168,买盘
2618,13:11:36,56.85,164865,29,卖盘
2619,13:11:39,56.85,335427,59,卖盘
2620,13:11:42,56.86,198981,35,中性盘
2621,13:11:45,56.86,278627,49,卖盘
2622,13:11:48,56.85,125084,22,卖盘
2623,13:11:51,56.85,500179,88,卖盘
2624,13:11:54,56.84,96657,17,卖盘
2625,13:11:57,56.85,108000,19,买盘
2626,13:12:00,56.89,301441,53,买盘
2627,13:12:03,56.85,483428,85,卖盘
2628,13:12:06,56.86,17058,3,卖盘
2629,13:12:09,56.87,22751,4,中性盘
2630,13:12:12,56.88,409484,72,买盘
2631,13:12:15,56.86,460395,81,卖盘
2632,13:12:18,56.86,147836,26,买盘
2633,13:12:21,56.87,221800,39,卖盘
2634,13:12:24,56.87,11374,2,买盘
2635,13:12:27,56.86,108035,19,卖盘
2636,13:12:30,56.85,227462,40,卖盘
2637,13:12:33,56.86,625317,110,买盘
2638,13:12:36,56.87,102366,18,买盘
2639,13:12:39,56.85,1319012,232,卖盘
2640,13:12:42,56.86,4877738,858,买盘
2641,13:12:45,56.87,608510,107,买盘
2642,13:12:48,56.88,944188,166,买盘
2643,13:12:51,56.88,142200,25,卖盘
2644,13:12:54,56.86,73933,13,卖盘
2645,13:12:57,56.87,73935,13,买盘
2646,13:13:00,56.87,113736,20,买盘
2647,13:13:03,56.86,210362,37,卖盘
2648,13:13:06,56.86,147836,26,买盘
2649,13:13:09,56.86,318391,56,买盘
2650,13:13:12,56.86,204690,36,卖盘
2651,13:13:15,56.86,216029,38,买盘
2652,13:13:18,56.82,130754,23,卖盘
2653,13:13:21,56.83,215938,38,中性盘
2654,13:13:24,56.81,818271,144,卖盘
2655,13:13:27,56.81,568152,100,卖盘
2656,13:13:30,56.85,11370,2,买盘
2657,13:13:33,56.83,363747,64,卖盘
2658,13:13:36,56.81,198908,35,卖盘
2659,13:13:39,56.81,170447,30,卖盘
2660,13:13:42,56.83,28414,5,买盘
2661,13:13:45,56.83,159097,28,买盘
2662,13:13:48,56.82,62502,11,中性盘
2663,13:13:51,56.82,448885,79,卖盘
2664,13:13:54,56.82,181832,32,卖盘
2665,13:14:00,56.81,249986,44,卖盘
2666,13:14:03,56.82,272691,48,卖盘
2667,13:14:06,56.83,465939,82,买盘
2668,13:14:09,56.82,68184,12,卖盘
2669,13:14:12,56.81,232971,41,卖盘
2670,13:14:15,56.81,982814,173,卖盘
2671,13:14:18,56.81,568100,100,卖盘
2672,13:14:21,56.81,204516,36,卖盘
2673,13:14:24,56.81,147720,26,卖盘
2674,13:14:27,56.82,380630,67,买盘
2675,13:14:33,56.81,284060,50,卖盘
2676,13:14:36,56.81,28405,5,买盘
2677,13:14:39,56.8,136326,24,卖盘
2678,13:14:42,56.81,113612,20,买盘
2679,13:14:45,56.81,164725,29,买盘
2680,13:14:48,56.81,783851,138,买盘
2681,13:14:51,56.8,562320,99,卖盘
2682,13:14:54,56.8,715559,126,买盘
2683,13:14:57,56.8,1101985,194,买盘
2684,13:15:00,56.82,102263,18,中性盘
2685,13:15:03,56.8,869402,153,卖盘
2686,13:15:06,56.81,160218,28,卖盘
2687,13:15:09,56.84,227264,40,买盘
2688,13:15:12,56.85,68188,12,买盘
2689,13:15:15,56.84,39788,7,中性盘
2690,13:15:18,56.84,278400,49,中性盘
2691,13:15:21,56.84,221677,39,卖盘
2692,13:15:24,56.85,34108,6,买盘
2693,13:15:27,56.85,454748,80,买盘
2694,13:15:30,56.85,147860,26,中性盘
2695,13:15:33,56.85,614048,108,卖盘
2696,13:15:36,56.84,73899,13,卖盘
2697,13:15:39,56.85,284254,50,买盘
2698,13:15:42,56.87,22742,4,中性盘
2699,13:15:45,56.85,102350,18,卖盘
2700,13:15:48,56.87,5687,1,买盘
2701,13:15:51,56.86,62546,11,卖盘
2702,13:15:54,56.86,108034,19,买盘
2703,13:15:57,56.84,369537,65,卖盘
2704,13:16:00,56.85,90982,16,卖盘
2705,13:16:03,56.85,301306,53,买盘
2706,13:16:06,56.87,85307,15,买盘
2707,13:16:09,56.87,5687,1,中性盘
2708,13:16:12,56.84,767426,135,卖盘
2709,13:16:15,56.87,22748,4,买盘
2710,13:16:18,56.84,147802,26,卖盘
2711,13:16:21,56.85,176212,31,中性盘
2712,13:16:24,56.84,68212,12,卖盘
2713,13:16:27,56.84,147779,26,中性盘
2714,13:16:30,56.85,5685,1,中性盘
2715,13:16:33,56.83,341021,60,卖盘
2716,13:16:36,56.85,56842,10,买盘
2717,13:16:39,56.84,267148,47,卖盘
2718,13:16:42,56.83,119355,21,卖盘
2719,13:16:45,56.83,414898,73,卖盘
2720,13:16:48,56.84,250084,44,买盘
2721,13:16:51,56.84,215992,38,卖盘
2722,13:16:54,56.82,125027,22,卖盘
2723,13:16:57,56.83,68196,12,中性盘
2724,13:17:00,56.84,431879,76,买盘
2725,13:17:03,56.81,1073656,189,卖盘
2726,13:17:06,56.82,454679,80,买盘
2727,13:17:09,56.81,130683,23,卖盘
2728,13:17:12,56.8,426027,75,卖盘
2729,13:17:15,56.82,85223,15,买盘
2730,13:17:18,56.82,471470,83,买盘
2731,13:17:21,56.83,318177,56,买盘
2732,13:17:24,56.83,1091117,192,买盘
2733,13:17:27,56.83,85248,15,卖盘
2734,13:17:30,56.82,198906,35,卖盘
2735,13:17:33,56.82,85250,15,卖盘
2736,13:17:36,56.84,363676,64,中性盘
2737,13:17:39,56.8,551055,97,卖盘
2738,13:17:42,56.86,619597,109,买盘
2739,13:17:45,56.85,11371,2,卖盘
2740,13:17:48,56.85,125055,22,卖盘
2741,13:17:51,56.85,386549,68,买盘
2742,13:17:54,56.85,56843,10,买盘
2743,13:17:57,56.85,11370,2,买盘
2744,13:18:00,56.85,64807,11,买盘
2745,13:18:03,56.85,861706,152,买盘
2746,13:18:06,56.85,176205,31,买盘
2747,13:18:09,56.85,312663,55,买盘
2748,13:18:12,56.85,280839,49,买盘
2749,13:18:15,56.85,153521,27,卖盘
2750,13:18:18,56.86,511696,90,买盘
2751,13:18:21,56.86,579971,102,买盘
2752,13:18:24,56.86,22747,4,卖盘
2753,13:18:27,56.85,324147,57,卖盘
2754,13:18:30,56.88,602749,106,买盘
2755,13:18:33,56.86,335463,59,卖盘
2756,13:18:36,56.87,261514,46,买盘
2757,13:18:39,56.87,278583,49,买盘
2758,13:18:42,56.88,159261,28,买盘
2759,13:18:45,56.85,267272,47,卖盘
2760,13:18:48,56.89,68265,12,买盘
2761,13:18:51,56.87,119415,21,卖盘
2762,13:18:54,56.87,45496,8,买盘
2763,13:18:57,56.87,244491,43,买盘
2764,13:19:00,56.86,170597,30,中性盘
2765,13:19:03,56.84,233079,41,卖盘
2766,13:19:06,56.85,596762,105,中性盘
2767,13:19:09,56.84,488888,86,卖盘
2768,13:19:12,56.82,261436,46,卖盘
2769,13:19:15,56.84,460356,81,买盘
2770,13:19:18,56.84,147788,26,卖盘
2771,13:19:21,56.85,380855,67,买盘
2772,13:19:24,56.85,312653,55,买盘
2773,13:19:27,56.86,176232,31,买盘
2774,13:19:30,56.85,102346,18,卖盘
2775,13:19:33,56.84,244420,43,卖盘
2776,13:19:36,56.83,113672,20,卖盘
2777,13:19:39,56.83,170516,30,中性盘
2778,13:19:42,56.85,1000273,176,买盘
2779,13:19:45,56.86,905026,159,买盘
2780,13:19:48,56.87,147862,26,卖盘
2781,13:19:51,56.87,255885,45,卖盘
2782,13:19:54,56.87,216079,38,买盘
2783,13:19:57,56.86,335477,59,卖盘
2784,13:20:00,56.86,272922,48,买盘
2785,13:20:03,56.85,136458,24,卖盘
2786,13:20:06,56.86,278631,49,卖盘
2787,13:20:09,56.86,22744,4,卖盘
2788,13:20:12,56.87,415090,73,买盘
2789,13:20:15,56.87,68239,12,买盘
2790,13:20:18,56.86,62553,11,卖盘
2791,13:20:21,56.86,159210,28,卖盘
2792,13:20:24,56.85,136446,24,卖盘
2793,13:20:27,56.86,90965,16,买盘
2794,13:20:30,56.86,289987,51,买盘
2795,13:20:33,56.85,130769,23,卖盘
2796,13:20:36,56.86,562803,99,买盘
2797,13:20:39,56.85,62540,11,卖盘
2798,13:20:42,56.87,181931,32,买盘
2799,13:20:45,56.87,5687,1,买盘
2800,13:20:48,56.86,471933,83,卖盘
2801,13:20:51,56.85,176261,31,卖盘
2802,13:20:54,56.86,22745,4,卖盘
2803,13:20:57,56.86,477544,84,卖盘
2804,13:21:00,56.86,90977,16,卖盘
2805,13:21:03,56.86,73918,13,卖盘
2806,13:21:06,56.85,68220,12,卖盘
2807,13:21:09,56.83,108005,19,卖盘
2808,13:21:12,56.83,170492,30,卖盘
2809,13:21:15,56.82,772801,136,卖盘
2810,13:21:18,56.81,159095,28,卖盘
2811,13:21:21,56.83,170501,30,卖盘
2812,13:21:24,56.81,198848,35,卖盘
2813,13:21:27,56.83,22732,4,卖盘
2814,13:21:30,56.83,227317,40,卖盘
2815,13:21:33,56.82,113641,20,卖盘
2816,13:21:36,56.82,22728,4,卖盘
2817,13:21:39,56.82,147724,26,卖盘
2818,13:21:42,56.81,79534,14,卖盘
2819,13:21:45,56.81,249965,44,卖盘
2820,13:21:48,56.81,607948,107,卖盘
2821,13:21:51,56.8,176080,31,卖盘
2822,13:21:54,56.8,5680,1,卖盘
2823,13:21:57,56.8,812240,143,卖盘
2824,13:22:00,56.8,641838,113,卖盘
2825,13:22:03,56.8,414620,73,买盘
2826,13:22:06,56.8,1062244,187,买盘
2827,13:22:09,56.81,68165,12,买盘
2828,13:22:12,56.81,789628,139,买盘
2829,13:22:15,56.82,694460,122,买盘
2830,13:22:18,56.83,96611,17,中性盘
2831,13:22:21,56.82,176182,31,卖盘
2832,13:22:24,56.84,28420,5,中性盘
2833,13:22:27,56.84,56845,10,卖盘
2834,13:22:30,56.84,62526,11,卖盘
2835,13:22:33,56.83,130709,23,卖盘
2836,13:22:36,56.81,278413,49,卖盘
2837,13:22:39,56.81,51129,9,卖盘
2838,13:22:42,56.8,272667,48,卖盘
2839,13:22:45,56.81,198841,35,中性盘
2840,13:22:48,56.81,357867,63,卖盘
2841,13:22:51,56.81,272669,48,买盘
2842,13:22:54,56.8,28402,5,卖盘
2843,13:22:57,56.8,39762,7,卖盘
2844,13:23:00,56.81,124961,22,买盘
2845,13:23:03,56.78,1152900,203,卖盘
2846,13:23:06,56.8,590669,104,买盘
2847,13:23:09,56.8,579361,102,买盘
2848,13:23:12,56.83,664894,117,买盘
2849,13:23:15,56.84,449156,79,卖盘
2850,13:23:18,56.83,142090,25,卖盘
2851,13:23:21,56.83,392250,69,卖盘
2852,13:23:24,56.83,329619,58,卖盘
2853,13:23:27,56.85,11370,2,买盘
2854,13:23:30,56.85,1846468,325,买盘
2855,13:23:33,56.89,341189,60,买盘
2856,13:23:36,56.85,295626,52,卖盘
2857,13:23:39,56.84,198173,35,卖盘
2858,13:23:42,56.86,5686,1,中性盘
2859,13:23:45,56.87,307098,54,买盘
2860,13:23:51,56.86,159208,28,卖盘
2861,13:23:54,56.85,62545,11,卖盘
2862,13:23:57,56.86,56869,10,卖盘
2863,13:24:00,56.86,79606,14,卖盘
2864,13:24:03,56.85,176233,31,卖盘
2865,13:24:06,56.85,477505,84,买盘
2866,13:24:09,56.85,306910,54,卖盘
2867,13:24:12,56.84,34104,6,中性盘
2868,13:24:15,56.85,56834,10,买盘
2869,13:24:18,56.85,5685,1,买盘
2870,13:24:21,56.85,164850,29,买盘
2871,13:24:24,56.84,79582,14,卖盘
2872,13:24:27,56.85,176209,31,买盘
2873,13:24:30,56.85,136434,24,买盘
2874,13:24:33,56.83,409212,72,卖盘
2875,13:24:36,56.84,11368,2,买盘
2876,13:24:39,56.84,170500,30,买盘
2877,13:24:42,56.84,102311,18,买盘
2878,13:24:45,56.84,738952,130,买盘
2879,13:24:48,56.85,45474,8,买盘
2880,13:24:51,56.84,107997,19,卖盘
2881,13:24:54,56.84,113680,20,买盘
2882,13:24:57,56.84,39783,7,买盘
2883,13:25:00,56.84,392207,69,买盘
2884,13:25:03,56.86,85281,15,买盘
2885,13:25:06,56.83,835564,147,卖盘
2886,13:25:09,56.86,62546,11,卖盘
2887,13:25:12,56.86,130800,23,卖盘
2888,13:25:15,56.86,73920,13,卖盘
2889,13:25:18,56.86,15921,3,卖盘
2890,13:25:21,56.86,494710,87,卖盘
2891,13:25:24,56.86,56862,10,卖盘
2892,13:25:27,56.87,39806,7,买盘
2893,13:25:30,56.87,28432,5,买盘
2894,13:25:33,56.86,136458,24,卖盘
2895,13:25:36,56.86,62546,11,卖盘
2896,13:25:39,56.86,130784,23,卖盘
2897,13:25:42,56.86,68232,12,卖盘
2898,13:25:45,56.86,358191,63,卖盘
2899,13:25:48,56.84,86393,15,卖盘
2900,13:25:51,56.86,215994,38,买盘
2901,13:25:54,56.86,90962,16,买盘
2902,13:25:57,56.86,56855,10,买盘
2903,13:26:00,56.86,272904,48,买盘
2904,13:26:03,56.85,108015,19,卖盘
2905,13:26:06,56.87,1687818,297,买盘
2906,13:26:09,56.89,415220,73,买盘
2907,13:26:12,56.89,22755,4,买盘
2908,13:26:15,56.89,426698,75,买盘
2909,13:26:18,56.88,807795,142,卖盘
2910,13:26:21,56.88,142201,25,卖盘
2911,13:26:24,56.88,45503,8,买盘
2912,13:26:27,56.88,346929,61,买盘
2913,13:26:30,56.87,221811,39,卖盘
2914,13:26:33,56.88,244576,43,买盘
2915,13:26:36,56.88,51190,9,买盘
2916,13:26:39,56.88,221832,39,买盘
2917,13:26:42,56.88,221806,39,买盘
2918,13:26:48,56.89,5689,1,买盘
2919,13:26:51,56.88,438122,77,卖盘
2920,13:26:54,56.89,68268,12,卖盘
2921,13:26:57,56.91,716849,126,买盘
2922,13:27:00,56.9,56900,10,中性盘
2923,13:27:03,56.9,159306,28,买盘
2924,13:27:06,56.91,289108,51,买盘
2925,13:27:09,56.89,85337,15,卖盘
2926,13:27:12,56.93,239083,42,买盘
2927,13:27:15,56.92,204912,36,中性盘
2928,13:27:18,56.91,17073,3,卖盘
2929,13:27:21,56.91,227640,40,卖盘
2930,13:27:24,56.92,45534,8,买盘
2931,13:27:27,56.9,193510,34,卖盘
2932,13:27:30,56.9,79671,14,卖盘
2933,13:27:33,56.91,460903,81,卖盘
2934,13:27:36,56.9,483527,85,卖盘
2935,13:27:39,56.9,341400,60,买盘
2936,13:27:45,56.91,125184,22,买盘
2937,13:27:48,56.89,45516,8,中性盘
2938,13:27:51,56.9,79660,14,卖盘
2939,13:27:57,56.9,73963,13,买盘
2940,13:28:00,56.9,17070,3,买盘
2941,13:28:03,56.9,443806,78,买盘
2942,13:28:06,56.9,290122,51,卖盘
2943,13:28:09,56.91,233331,41,买盘
2944,13:28:12,56.93,284616,50,买盘
2945,13:28:15,56.93,79709,14,卖盘
2946,13:28:18,56.93,165098,29,卖盘
2947,13:28:21,56.92,147997,26,卖盘
2948,13:28:24,56.94,1087311,191,买盘
2949,13:28:27,56.94,51247,9,卖盘
2950,13:28:30,56.94,119574,21,买盘
2951,13:28:33,56.95,102482,18,买盘
2952,13:28:36,56.94,187910,33,中性盘
2953,13:28:39,56.93,170811,30,卖盘
2954,13:28:42,56.94,125268,22,卖盘
2955,13:28:45,56.94,187890,33,卖盘
2956,13:28:48,56.93,216352,38,卖盘
2957,13:28:51,56.94,432706,76,买盘
2958,13:28:54,56.94,22775,4,中性盘
2959,13:28:57,56.94,96789,17,中性盘
2960,13:29:00,56.93,307455,54,卖盘
2961,13:29:03,56.91,182144,32,卖盘
2962,13:29:06,56.92,1081302,190,买盘
2963,13:29:09,56.91,51219,9,卖盘
2964,13:29:12,56.92,216299,38,买盘
2965,13:29:15,56.93,893677,157,买盘
2966,13:29:18,56.92,85391,15,卖盘
2967,13:29:21,56.92,102448,18,卖盘
2968,13:29:24,56.92,460894,81,买盘
2969,13:29:27,56.92,125226,22,买盘
2970,13:29:30,56.92,102456,18,卖盘
2971,13:29:33,56.89,147940,26,卖盘
2972,13:29:36,56.9,358576,63,卖盘
2973,13:29:39,56.9,324373,57,卖盘
2974,13:29:42,56.91,56908,10,卖盘
2975,13:29:45,56.9,278732,49,中性盘
2976,13:29:48,56.9,142259,25,买盘
2977,13:29:51,56.9,119481,21,买盘
2978,13:29:54,56.89,375490,66,卖盘
2979,13:29:57,56.88,284426,50,卖盘
2980,13:30:00,56.91,261763,46,买盘
2981,13:30:03,56.91,392662,69,买盘
2982,13:30:06,56.9,204841,36,卖盘
2983,13:30:09,56.9,984345,173,买盘
2984,13:30:12,56.9,204833,36,买盘
2985,13:30:15,56.9,1046649,184,买盘
2986,13:30:18,56.86,1251356,220,卖盘
2987,13:30:21,56.91,358461,63,买盘
2988,13:30:24,56.9,73971,13,卖盘
2989,13:30:27,56.9,569001,100,卖盘
2990,13:30:30,56.9,73970,13,买盘
2991,13:30:33,56.89,119477,21,卖盘
2992,13:30:36,56.9,45522,8,中性盘
2993,13:30:39,56.91,68277,12,买盘
2994,13:30:42,56.9,73975,13,卖盘
2995,13:30:45,56.9,136560,24,卖盘
2996,13:30:48,56.9,22760,4,卖盘
2997,13:30:51,56.89,381109,67,卖盘
2998,13:30:54,56.85,591406,104,卖盘
2999,13:30:57,56.86,85311,15,卖盘
3000,13:31:00,56.89,273057,48,买盘
3001,13:31:03,56.89,96713,17,卖盘
3002,13:31:06,56.9,256047,45,买盘
3003,13:31:09,56.89,182052,32,卖盘
3004,13:31:12,56.87,210458,37,卖盘
3005,13:31:15,56.86,278707,49,卖盘
3006,13:31:18,56.86,96678,17,卖盘
3007,13:31:21,56.89,403784,71,买盘
3008,13:31:24,56.9,164988,29,买盘
3009,13:31:27,56.89,119469,21,卖盘
3010,13:31:33,56.91,1271125,223,买盘
3011,13:31:36,56.92,256111,45,买盘
3012,13:31:39,56.91,91039,16,中性盘
3013,13:31:42,56.91,375493,66,买盘
3014,13:31:45,56.89,369762,65,中性盘
3015,13:31:48,56.88,210481,37,卖盘
3016,13:31:51,56.91,142257,25,买盘
3017,13:31:54,56.9,142250,25,卖盘
3018,13:31:57,56.91,398372,70,买盘
3019,13:32:00,56.92,500896,88,中性盘
3020,13:32:03,56.94,176490,31,买盘
3021,13:32:06,56.94,409871,72,买盘
3022,13:32:09,56.94,102487,18,买盘
3023,13:32:12,56.93,216315,38,卖盘
3024,13:32:15,56.92,460962,81,卖盘
3025,13:32:18,56.93,893249,157,买盘
3026,13:32:21,56.92,79695,14,卖盘
3027,13:32:24,56.92,165073,29,买盘
3028,13:32:27,56.91,28461,5,卖盘
3029,13:32:30,56.92,45536,8,卖盘
3030,13:32:33,56.91,119505,21,卖盘
3031,13:32:36,56.88,563347,99,卖盘
3032,13:32:39,56.9,136549,24,买盘
3033,13:32:42,56.9,312954,55,买盘
3034,13:32:45,56.9,591612,104,卖盘
3035,13:32:48,56.91,147906,26,买盘
3036,13:32:51,56.89,182059,32,卖盘
3037,13:32:54,56.89,398167,70,卖盘
3038,13:32:57,56.89,261688,46,买盘
3039,13:33:00,56.89,85334,15,买盘
3040,13:33:03,56.89,85335,15,卖盘
3041,13:33:06,56.89,165000,29,卖盘
3042,13:33:09,56.89,233249,41,卖盘
