,成交时间,成交价格,成交金额,成交量,性质
0,09:25:02,202.0,2969400,147,卖盘
1,09:30:02,202.0,60598,3,买盘
2,09:30:05,201.99,1555382,77,中性盘
3,09:30:08,201.98,363563,18,买盘
4,09:30:11,202.5,1252853,62,买盘
5,09:30:14,202.55,141760,7,买盘
6,09:30:17,202.5,60750,3,卖盘
7,09:30:20,202.5,182281,9,卖盘
8,09:30:23,202.5,384767,19,卖盘
9,09:30:26,202.62,506243,25,买盘
10,09:30:29,202.2,323829,16,卖盘
11,09:30:32,202.51,687987,34,中性盘
12,09:30:36,202.55,993109,49,买盘
13,09:30:38,202.5,182124,9,卖盘
14,09:30:41,202.76,992872,49,买盘
15,09:30:44,202.79,445596,22,买盘
16,09:30:47,202.69,222958,11,卖盘
17,09:30:50,202.5,587354,29,卖盘
18,09:30:53,202.29,364447,18,卖盘
19,09:30:56,202.5,404822,20,买盘
20,09:30:59,202.5,323958,16,卖盘
21,09:31:02,202.31,40481,2,中性盘
22,09:31:05,202.47,161876,8,中性盘
23,09:31:08,202.51,445386,22,买盘
24,09:31:11,202.49,263246,13,中性盘
25,09:31:14,202.5,688296,34,买盘
26,09:31:17,202.49,465947,23,中性盘
27,09:31:20,202.49,425276,21,卖盘
28,09:31:23,202.51,60751,3,中性盘
29,09:31:26,202.64,608042,30,买盘
30,09:31:29,202.85,1581474,78,买盘
31,09:31:33,203.03,1014812,50,买盘
32,09:31:35,203.0,243612,12,卖盘
33,09:31:38,202.72,608740,30,卖盘
34,09:31:41,202.52,2170946,107,卖盘
35,09:31:44,202.6,101324,5,中性盘
36,09:31:47,202.77,141934,7,中性盘
37,09:31:50,202.77,506991,25,买盘
38,09:31:53,202.7,324400,16,卖盘
39,09:31:56,202.66,121600,6,卖盘
40,09:31:59,202.65,101317,5,中性盘
41,09:32:02,202.66,425561,21,买盘
42,09:32:05,202.66,263328,13,买盘
43,09:32:08,202.66,222904,11,买盘
44,09:32:11,202.66,283755,14,买盘
45,09:32:14,202.66,202661,10,卖盘
46,09:32:17,202.76,182477,9,买盘
47,09:32:20,202.71,60813,3,中性盘
48,09:32:26,202.73,202723,10,买盘
49,09:32:29,202.75,101381,5,中性盘
50,09:32:32,202.76,40551,2,中性盘
51,09:32:35,202.75,223031,11,卖盘
52,09:32:38,202.8,101388,5,买盘
53,09:32:41,202.75,223031,11,卖盘
54,09:32:44,202.8,162201,8,中性盘
55,09:32:47,202.75,121675,6,卖盘
56,09:32:50,202.73,202755,10,卖盘
57,09:32:53,202.75,527286,26,买盘
58,09:32:56,202.7,81076,4,卖盘
59,09:32:59,202.6,263452,13,卖盘
60,09:33:02,202.6,668571,33,买盘
61,09:33:05,202.6,1235856,61,买盘
62,09:33:08,202.59,324153,16,卖盘
63,09:33:11,202.59,182338,9,卖盘
64,09:33:14,202.59,81038,4,中性盘
65,09:33:17,202.53,202570,10,卖盘
66,09:33:20,202.56,141796,7,卖盘
67,09:33:23,202.53,162041,8,卖盘
68,09:33:26,202.58,40516,2,买盘
69,09:33:29,202.58,20258,1,中性盘
70,09:33:32,202.6,263369,13,买盘
71,09:33:35,202.61,263336,13,买盘
72,09:33:41,202.52,425377,21,卖盘
73,09:33:44,202.67,20267,1,买盘
74,09:33:47,202.67,141863,7,中性盘
75,09:33:50,202.67,506677,25,卖盘
76,09:33:53,202.67,243217,12,卖盘
77,09:33:56,202.68,141873,7,中性盘
78,09:33:59,202.69,364822,18,买盘
79,09:34:02,202.68,182420,9,卖盘
80,09:34:05,202.69,101343,5,买盘
81,09:34:08,202.68,283771,14,卖盘
82,09:34:11,202.74,121621,6,买盘
83,09:34:14,202.7,1115012,55,卖盘
84,09:34:17,202.78,3608102,178,买盘
85,09:34:20,202.85,344807,17,买盘
86,09:34:23,202.85,182575,9,卖盘
87,09:34:26,202.86,223166,11,中性盘
88,09:34:29,202.88,2493836,123,买盘
89,09:34:32,202.92,365224,18,买盘
90,09:34:35,202.92,243492,12,买盘
91,09:34:38,202.89,101437,5,中性盘
92,09:34:41,202.86,324615,16,卖盘
93,09:34:44,202.87,142005,7,中性盘
94,09:34:47,202.85,344896,17,卖盘
95,09:34:50,202.85,933074,46,买盘
96,09:34:53,202.84,365063,18,中性盘
97,09:34:56,202.84,141977,7,买盘
98,09:34:59,202.84,202800,10,买盘
99,09:35:02,202.6,1337365,66,卖盘
100,09:35:05,202.6,324160,16,买盘
101,09:35:08,202.52,709023,35,卖盘
102,09:35:11,202.64,20264,1,中性盘
103,09:35:14,202.82,40546,2,买盘
104,09:35:17,202.7,101333,5,买盘
105,09:35:20,202.65,81064,4,卖盘
106,09:35:23,202.7,121595,6,买盘
107,09:35:26,202.76,101358,5,买盘
108,09:35:29,202.67,60807,3,卖盘
109,09:35:32,202.77,283856,14,买盘
110,09:35:35,202.76,263619,13,卖盘
111,09:35:38,202.76,60836,3,卖盘
112,09:35:41,202.76,101380,5,卖盘
113,09:35:44,202.76,182491,9,卖盘
114,09:35:47,202.76,162209,8,卖盘
115,09:35:50,202.76,304160,15,卖盘
116,09:35:53,202.76,60832,3,卖盘
117,09:35:56,202.75,182489,9,卖盘
118,09:35:59,202.77,364929,18,买盘
119,09:36:02,202.71,101357,5,卖盘
120,09:36:05,202.67,222955,11,卖盘
121,09:36:08,202.67,121609,6,中性盘
122,09:36:11,202.66,121598,6,卖盘
123,09:36:14,202.66,81058,4,买盘
124,09:36:17,202.63,101318,5,卖盘
125,09:36:20,202.63,141835,7,买盘
126,09:36:23,202.63,101306,5,买盘
127,09:36:26,202.63,101316,5,卖盘
128,09:36:29,202.63,141842,7,卖盘
129,09:36:32,202.63,141841,7,卖盘
130,09:36:35,202.65,222897,11,中性盘
131,09:36:38,202.66,324231,16,买盘
132,09:36:41,202.66,162109,8,买盘
133,09:36:44,202.66,321577,16,买盘
134,09:36:47,202.6,610458,30,卖盘
135,09:36:50,202.6,20260,1,买盘
136,09:36:59,202.55,465941,23,卖盘
137,09:37:02,202.53,121520,6,卖盘
138,09:37:05,202.55,1134170,56,买盘
139,09:37:08,202.51,243027,12,卖盘
140,09:37:11,202.51,101261,5,卖盘
141,09:37:14,202.55,222792,11,买盘
142,09:37:17,202.51,81007,4,卖盘
143,09:37:20,202.5,222782,11,卖盘
144,09:37:23,202.51,182279,9,买盘
145,09:37:26,202.51,121507,6,买盘
146,09:37:29,202.5,486002,24,卖盘
147,09:37:32,202.44,647905,32,卖盘
148,09:37:35,202.43,80966,4,中性盘
149,09:37:38,202.4,80960,4,卖盘
150,09:37:41,202.35,60711,3,卖盘
151,09:37:47,202.33,222570,11,卖盘
152,09:37:50,202.34,263070,13,卖盘
153,09:37:56,202.4,465406,23,买盘
154,09:37:59,202.39,20239,1,中性盘
155,09:38:02,202.38,60715,3,卖盘
156,09:38:05,202.35,20235,1,卖盘
157,09:38:08,202.38,202376,10,中性盘
158,09:38:11,202.35,202351,10,中性盘
159,09:38:14,202.35,80934,4,买盘
160,09:38:17,202.34,60700,3,买盘
161,09:38:20,202.34,364215,18,买盘
162,09:38:23,202.34,20234,1,买盘
163,09:38:26,202.34,60701,3,买盘
164,09:38:29,202.33,20233,1,卖盘
165,09:38:32,202.33,101168,5,卖盘
166,09:38:35,202.34,20234,1,中性盘
167,09:38:38,202.33,121403,6,卖盘
168,09:38:41,202.31,161854,8,卖盘
169,09:38:44,202.31,40462,2,卖盘
170,09:38:47,202.31,141620,7,卖盘
171,09:38:50,202.27,505753,25,卖盘
172,09:38:53,202.3,445028,22,买盘
173,09:38:56,202.3,60686,3,买盘
174,09:38:59,202.17,202179,10,卖盘
175,09:39:05,202.16,181944,9,卖盘
176,09:39:08,202.17,121299,6,买盘
177,09:39:11,202.11,80862,4,中性盘
178,09:39:14,202.24,141514,7,买盘
179,09:39:17,202.3,545835,27,买盘
180,09:39:20,202.3,40460,2,买盘
181,09:39:24,202.26,101148,5,中性盘
182,09:39:26,202.33,606729,30,买盘
183,09:39:35,202.23,101125,5,卖盘
184,09:39:38,202.25,60676,3,中性盘
185,09:39:41,202.23,20223,1,卖盘
186,09:39:44,202.24,141559,7,中性盘
187,09:39:47,202.26,224889,11,买盘
188,09:39:50,202.3,40460,2,买盘
189,09:39:53,202.29,80910,4,买盘
190,09:39:56,202.26,242752,12,卖盘
191,09:39:59,202.3,80920,4,买盘
192,09:40:02,202.26,40452,2,卖盘
193,09:40:05,202.27,242713,12,中性盘
194,09:40:08,202.26,202266,10,卖盘
195,09:40:11,202.26,182052,9,买盘
196,09:40:14,202.26,80904,4,买盘
197,09:40:17,202.25,20225,1,卖盘
198,09:40:20,202.26,20226,1,中性盘
199,09:40:26,202.3,303435,15,买盘
200,09:40:29,202.35,465331,23,买盘
201,09:40:32,202.34,263052,13,卖盘
202,09:40:35,202.34,141639,7,中性盘
203,09:40:38,202.33,141635,7,卖盘
204,09:40:44,202.34,445143,22,买盘
205,09:40:47,202.37,60709,3,买盘
206,09:40:50,202.34,20234,1,卖盘
207,09:40:53,202.36,80942,4,买盘
208,09:40:56,202.37,222613,11,买盘
209,09:40:59,202.35,20235,1,卖盘
210,09:41:02,202.36,20236,1,中性盘
211,09:41:05,202.34,586807,29,卖盘
212,09:41:08,202.35,161871,8,买盘
213,09:41:11,202.32,20232,1,卖盘
214,09:41:14,202.37,118784,6,买盘
215,09:41:20,202.38,141666,7,买盘
216,09:41:26,202.4,40479,2,买盘
217,09:41:29,202.38,384531,19,卖盘
218,09:41:32,202.4,121442,6,卖盘
219,09:41:35,202.4,60720,3,卖盘
220,09:41:38,202.4,769122,38,卖盘
221,09:41:41,202.38,60718,3,卖盘
222,09:41:44,202.4,161921,8,买盘
223,09:41:47,202.4,60720,3,卖盘
224,09:41:50,202.4,80962,4,卖盘
225,09:41:53,202.4,60722,3,卖盘
226,09:41:56,202.39,485761,24,卖盘
227,09:42:02,202.4,101198,5,买盘
228,09:42:08,202.4,283359,14,买盘
229,09:42:11,202.42,182159,9,买盘
230,09:42:14,202.38,161911,8,卖盘
231,09:42:17,202.4,607188,30,买盘
232,09:42:21,202.38,161914,8,卖盘
233,09:42:24,202.42,80967,4,买盘
234,09:42:26,202.42,40484,2,卖盘
235,09:42:30,202.43,40486,2,买盘
236,09:42:32,202.42,20242,1,卖盘
237,09:42:35,202.42,121449,6,卖盘
238,09:42:39,202.37,242858,12,卖盘
239,09:42:41,202.32,303548,15,卖盘
240,09:42:44,202.31,101146,5,中性盘
241,09:42:47,202.29,20229,1,中性盘
242,09:42:50,202.28,20228,1,卖盘
243,09:42:53,202.28,60686,3,卖盘
244,09:42:56,202.29,40458,2,买盘
245,09:43:00,202.28,222511,11,卖盘
246,09:43:03,202.28,121374,6,卖盘
247,09:43:05,202.28,40456,2,买盘
248,09:43:08,202.28,242735,12,买盘
249,09:43:11,202.41,121377,6,中性盘
250,09:43:23,202.29,40458,2,卖盘
251,09:43:26,202.4,60714,3,买盘
252,09:43:29,202.39,20239,1,买盘
253,09:43:32,202.38,40468,2,买盘
254,09:43:35,202.38,60715,3,中性盘
255,09:43:38,202.38,20238,1,卖盘
256,09:43:41,202.39,60717,3,买盘
257,09:43:47,202.39,20239,1,买盘
258,09:43:50,202.32,141660,7,卖盘
259,09:43:54,202.37,121394,6,中性盘
260,09:43:56,202.3,80921,4,卖盘
261,09:43:59,202.3,101148,5,买盘
262,09:44:02,202.29,80914,4,中性盘
263,09:44:08,202.3,101146,5,买盘
264,09:44:11,202.3,40460,2,买盘
265,09:44:17,202.28,404563,20,卖盘
266,09:44:20,202.26,161826,8,卖盘
267,09:44:24,202.26,101130,5,卖盘
268,09:44:26,202.26,970823,48,卖盘
269,09:44:32,202.24,78467,4,中性盘
270,09:44:35,202.26,121345,6,买盘
271,09:44:38,202.27,101134,5,买盘
272,09:44:41,202.26,101131,5,卖盘
273,09:44:44,202.26,22653,1,买盘
274,09:44:50,202.26,38025,2,卖盘
275,09:44:53,202.26,222476,11,买盘
276,09:44:56,202.26,101128,5,买盘
277,09:44:59,202.26,20226,1,买盘
278,09:45:02,202.2,808757,40,卖盘
279,09:45:08,202.11,40422,2,卖盘
280,09:45:14,202.11,40422,2,卖盘
281,09:45:17,202.11,80846,4,卖盘
282,09:45:21,202.11,202110,10,卖盘
283,09:45:24,202.05,343562,17,卖盘
284,09:45:32,202.1,101030,5,买盘
285,09:45:35,202.1,40420,2,买盘
286,09:45:39,202.1,121260,6,买盘
287,09:45:41,202.1,181890,9,买盘
288,09:45:44,202.1,40420,2,中性盘
289,09:45:47,202.11,101055,5,买盘
290,09:45:50,202.12,20212,1,卖盘
291,09:45:53,202.12,80850,4,卖盘
292,09:45:56,202.14,40428,2,买盘
293,09:45:59,202.13,202135,10,卖盘
294,09:46:02,202.12,60646,3,卖盘
295,09:46:06,202.14,20214,1,卖盘
296,09:46:08,202.24,141540,7,买盘
297,09:46:14,202.22,20222,1,买盘
298,09:46:17,202.22,20222,1,卖盘
299,09:46:20,202.22,20222,1,中性盘
300,09:46:26,202.2,60662,3,卖盘
301,09:46:29,202.2,60660,3,卖盘
302,09:46:35,202.16,20216,1,中性盘
303,09:46:38,202.15,20215,1,卖盘
304,09:46:41,202.18,101079,5,中性盘
305,09:46:47,202.19,40437,2,买盘
306,09:46:51,202.15,202161,10,卖盘
307,09:46:54,202.1,586127,29,卖盘
308,09:46:57,202.1,60630,3,买盘
309,09:46:59,202.1,141470,7,买盘
310,09:47:02,202.1,80838,4,买盘
311,09:47:05,202.09,101044,5,卖盘
312,09:47:08,202.08,60626,3,卖盘
313,09:47:11,202.08,20208,1,卖盘
314,09:47:14,202.07,40414,2,中性盘
315,09:47:17,202.06,101030,5,卖盘
316,09:47:20,202.09,141452,7,买盘
317,09:47:23,202.1,80837,4,买盘
318,09:47:26,202.1,727558,36,买盘
319,09:47:30,202.2,121320,6,买盘
320,09:47:32,202.24,40446,2,买盘
321,09:47:36,202.24,40448,2,买盘
322,09:47:38,202.24,20224,1,卖盘
323,09:47:41,202.26,22652,1,买盘
324,09:47:44,202.24,141575,7,卖盘
325,09:47:47,202.26,101138,5,中性盘
326,09:47:50,202.28,40456,2,中性盘
327,09:47:53,202.29,20229,1,买盘
328,09:47:56,202.29,20229,1,买盘
329,09:47:59,202.28,101140,5,卖盘
330,09:48:02,202.28,101138,5,买盘
331,09:48:05,202.28,101140,5,买盘
332,09:48:08,202.27,40455,2,卖盘
333,09:48:11,202.29,20229,1,买盘
334,09:48:17,202.3,80920,4,买盘
335,09:48:23,202.3,101147,5,中性盘
336,09:48:26,202.31,121384,6,买盘
337,09:48:29,202.31,20231,1,买盘
338,09:48:32,202.31,20231,1,买盘
339,09:48:35,202.31,101154,5,买盘
340,09:48:39,202.31,60693,3,买盘
341,09:48:41,202.3,323686,16,卖盘
342,09:48:44,202.3,262990,13,买盘
343,09:48:47,202.3,40460,2,买盘
344,09:48:50,202.3,161840,8,买盘
345,09:48:53,202.29,101147,5,卖盘
346,09:48:56,202.3,121380,6,买盘
347,09:48:59,202.3,40460,2,买盘
348,09:49:02,202.3,303438,15,买盘
349,09:49:05,202.29,20229,1,卖盘
350,09:49:08,202.29,262986,13,卖盘
351,09:49:11,202.28,182054,9,卖盘
352,09:49:14,202.27,80911,4,卖盘
353,09:49:17,202.24,222480,11,卖盘
354,09:49:20,202.2,566254,28,卖盘
355,09:49:24,202.22,60662,3,中性盘
356,09:49:26,202.19,40437,2,中性盘
357,09:49:29,202.18,60654,3,卖盘
358,09:49:32,202.18,20218,1,卖盘
359,09:49:35,202.18,60654,3,卖盘
360,09:49:41,202.15,20215,1,买盘
361,09:49:44,202.14,20214,1,卖盘
362,09:49:47,202.14,40428,2,卖盘
363,09:49:50,202.18,202159,10,买盘
364,09:49:53,202.11,20211,1,卖盘
365,09:49:56,202.17,161705,8,买盘
366,09:50:00,202.14,20214,1,中性盘
367,09:50:05,202.09,60628,3,卖盘
368,09:50:11,202.09,40419,2,卖盘
369,09:50:14,202.09,80836,4,卖盘
370,09:50:20,202.08,101041,5,卖盘
371,09:50:24,202.08,40416,2,卖盘
372,09:50:26,202.07,60622,3,卖盘
373,09:50:29,202.06,101032,5,卖盘
374,09:50:33,202.05,80820,4,卖盘
375,09:50:36,202.04,101020,5,卖盘
376,09:50:39,202.03,161637,8,卖盘
377,09:50:41,202.03,121218,6,卖盘
378,09:50:44,202.02,20202,1,卖盘
379,09:50:50,202.03,101015,5,买盘
380,09:50:53,202.03,60609,3,买盘
381,09:50:56,202.02,40404,2,卖盘
382,09:50:59,202.02,202029,10,卖盘
383,09:51:02,202.03,161630,8,卖盘
384,09:51:06,202.03,40408,2,卖盘
385,09:51:08,202.05,141434,7,买盘
386,09:51:11,202.05,20205,1,中性盘
387,09:51:14,202.08,20208,1,买盘
388,09:51:17,202.04,60612,3,卖盘
389,09:51:21,202.05,121227,6,买盘
390,09:51:23,202.04,60611,3,卖盘
391,09:51:26,202.03,40406,2,卖盘
392,09:51:29,202.04,20204,1,买盘
393,09:51:32,202.03,40406,2,卖盘
394,09:51:36,202.04,121222,6,买盘
395,09:51:38,202.03,121218,6,卖盘
396,09:51:44,202.04,40408,2,买盘
397,09:51:48,202.04,60611,3,买盘
398,09:51:50,202.04,40408,2,买盘
399,09:51:53,202.03,20203,1,卖盘
400,09:51:56,202.04,20204,1,中性盘
401,09:52:00,202.04,20204,1,卖盘
402,09:52:02,202.04,60619,3,卖盘
403,09:52:08,202.04,20204,1,买盘
404,09:52:11,202.04,60612,3,买盘
405,09:52:14,202.03,60609,3,卖盘
406,09:52:18,202.03,101018,5,卖盘
407,09:52:20,202.04,80816,4,买盘
408,09:52:23,202.04,121224,6,买盘
409,09:52:26,202.04,80816,4,卖盘
410,09:52:29,202.05,141429,7,中性盘
411,09:52:32,202.04,141433,7,卖盘
412,09:52:35,202.06,60612,3,买盘
413,09:52:38,202.06,60616,3,买盘
414,09:52:41,202.05,20205,1,买盘
415,09:52:44,202.03,60609,3,卖盘
416,09:52:47,202.05,646449,32,买盘
417,09:52:50,202.02,60611,3,中性盘
418,09:52:53,202.02,20202,1,中性盘
419,09:52:59,202.03,60608,3,买盘
420,09:53:05,202.02,20202,1,买盘
421,09:53:08,202.01,60605,3,卖盘
422,09:53:11,202.02,40404,2,卖盘
423,09:53:14,202.02,40404,2,买盘
424,09:53:17,202.02,121209,6,买盘
425,09:53:20,202.02,20202,1,卖盘
426,09:53:23,202.03,20203,1,买盘
427,09:53:29,202.03,121218,6,买盘
428,09:53:33,202.03,101017,5,卖盘
429,09:53:35,202.02,181823,9,卖盘
430,09:53:39,202.03,20203,1,买盘
431,09:53:44,202.03,60609,3,买盘
432,09:53:48,202.02,222223,11,卖盘
433,09:53:50,202.03,20203,1,买盘
434,09:53:53,202.03,20203,1,买盘
435,09:53:57,202.02,20202,1,卖盘
436,09:54:00,202.02,40405,2,卖盘
437,09:54:02,202.03,40406,2,买盘
438,09:54:05,202.03,20203,1,买盘
439,09:54:08,202.03,80814,4,中性盘
440,09:54:11,202.05,161640,8,买盘
441,09:54:14,202.04,20204,1,卖盘
442,09:54:18,202.04,20204,1,卖盘
443,09:54:20,202.05,60615,3,买盘
444,09:54:29,202.05,101025,5,买盘
445,09:54:32,202.05,181858,9,买盘
446,09:54:35,202.09,40418,2,买盘
447,09:54:38,202.08,40417,2,卖盘
448,09:54:41,202.08,20208,1,买盘
449,09:54:45,202.08,20208,1,买盘
450,09:54:47,202.08,80835,4,中性盘
451,09:54:50,202.08,20208,1,中性盘
452,09:54:53,202.09,40418,2,买盘
453,09:54:56,202.09,20209,1,买盘
454,09:54:59,202.09,60627,3,买盘
455,09:55:03,202.09,181880,9,买盘
456,09:55:05,202.09,444597,22,买盘
457,09:55:08,202.12,363786,18,买盘
458,09:55:12,202.1,202106,10,卖盘
459,09:55:14,202.17,40433,2,买盘
460,09:55:17,202.12,323459,16,卖盘
461,09:55:20,202.14,20214,1,买盘
462,09:55:29,202.14,80862,4,卖盘
463,09:55:32,202.12,161700,8,卖盘
464,09:55:35,202.09,101057,5,卖盘
465,09:55:38,202.09,20209,1,卖盘
466,09:55:41,202.09,80833,4,中性盘
467,09:55:45,202.09,121249,6,买盘
468,09:55:47,202.08,101042,5,卖盘
469,09:55:51,202.07,40415,2,卖盘
470,09:55:53,202.08,60622,3,买盘
471,09:55:57,202.08,60623,3,买盘
472,09:55:59,202.09,20209,1,中性盘
473,09:56:03,202.09,40418,2,卖盘
474,09:56:05,202.08,60624,3,卖盘
475,09:56:08,202.07,121247,6,卖盘
476,09:56:11,202.07,60621,3,卖盘
477,09:56:15,202.07,80830,4,卖盘
478,09:56:17,202.06,60619,3,卖盘
479,09:56:20,202.07,40414,2,买盘
480,09:56:23,202.07,60617,3,买盘
481,09:56:27,202.05,40411,2,卖盘
482,09:56:29,202.05,60615,3,卖盘
483,09:56:32,202.05,20205,1,卖盘
484,09:56:35,202.05,20205,1,买盘
485,09:56:38,202.03,181833,9,卖盘
486,09:56:42,202.02,303037,15,卖盘
487,09:56:44,202.02,20202,1,卖盘
488,09:56:48,201.95,5999228,297,卖盘
489,09:56:50,201.9,242313,12,卖盘
490,09:56:53,201.9,100950,5,卖盘
491,09:56:56,201.92,161531,8,买盘
492,09:57:02,201.92,201908,10,买盘
493,09:57:05,201.89,100956,5,卖盘
494,09:57:08,201.88,100944,5,卖盘
495,09:57:11,201.86,403757,20,卖盘
496,09:57:15,201.85,20185,1,卖盘
497,09:57:18,201.82,121108,6,卖盘
498,09:57:20,201.85,20185,1,买盘
499,09:57:23,201.86,222022,11,买盘
500,09:57:26,201.82,60547,3,卖盘
501,09:57:29,201.86,60558,3,买盘
502,09:57:32,201.82,121094,6,卖盘
503,09:57:35,201.83,20183,1,买盘
504,09:57:38,201.82,141278,7,卖盘
505,09:57:42,201.82,80729,4,卖盘
506,09:57:44,201.85,100915,5,买盘
507,09:57:47,201.82,302731,15,卖盘
508,09:57:50,201.82,443970,22,买盘
509,09:57:53,201.81,141243,7,中性盘
510,09:57:56,201.81,80715,4,买盘
511,09:58:03,201.83,181638,9,买盘
512,09:58:05,201.8,20180,1,卖盘
513,09:58:08,201.82,60546,3,中性盘
514,09:58:11,201.88,1049630,52,买盘
515,09:58:14,201.87,20187,1,卖盘
516,09:58:17,201.88,181691,9,买盘
517,09:58:20,201.88,161523,8,卖盘
518,09:58:23,201.96,60588,3,买盘
519,09:58:26,202.0,80798,4,买盘
520,09:58:29,201.88,282729,14,卖盘
521,09:58:38,202.0,302999,15,卖盘
522,09:58:42,201.92,40384,2,卖盘
523,09:58:44,201.88,40391,2,卖盘
524,09:58:47,201.92,100960,5,买盘
525,09:58:50,201.92,20192,1,卖盘
526,09:58:59,201.93,100981,5,卖盘
527,09:59:05,202.03,100996,5,买盘
528,09:59:08,201.93,100965,5,卖盘
529,09:59:11,201.93,20193,1,中性盘
530,09:59:14,202.0,80781,4,中性盘
531,09:59:18,202.02,60590,3,买盘
532,09:59:20,201.94,40388,2,卖盘
533,09:59:26,201.94,80779,4,卖盘
534,09:59:29,201.94,40388,2,卖盘
535,09:59:32,202.0,60600,3,买盘
536,09:59:35,201.94,100977,5,卖盘
537,09:59:38,201.94,80776,4,卖盘
538,09:59:42,202.01,80783,4,买盘
539,09:59:44,202.0,424201,21,中性盘
540,09:59:50,201.94,80783,4,卖盘
541,09:59:53,201.94,282756,14,卖盘
542,09:59:57,201.94,181760,9,卖盘
543,10:00:02,202.0,40400,2,卖盘
544,10:00:05,202.0,141400,7,卖盘
545,10:00:08,202.01,302999,15,买盘
546,10:00:12,202.0,100999,5,卖盘
547,10:00:17,202.0,40400,2,买盘
548,10:00:21,202.0,201993,10,买盘
549,10:00:23,202.01,121201,6,买盘
550,10:00:27,201.98,60594,3,买盘
551,10:00:29,202.0,80800,4,卖盘
552,10:00:32,201.98,100996,5,卖盘
553,10:00:35,202.0,60601,3,卖盘
554,10:00:38,202.0,101001,5,卖盘
555,10:00:41,202.0,141400,7,卖盘
556,10:00:45,202.02,383821,19,买盘
557,10:00:48,202.1,181852,9,买盘
558,10:00:51,202.07,40424,2,中性盘
559,10:00:57,202.17,20217,1,买盘
560,10:01:06,202.17,20217,1,卖盘
561,10:01:08,202.12,60634,3,买盘
562,10:01:11,202.1,20210,1,卖盘
563,10:01:17,202.09,80836,4,买盘
564,10:01:20,202.09,40418,2,卖盘
565,10:01:23,202.1,60628,3,中性盘
566,10:01:26,202.12,60635,3,买盘
567,10:01:29,202.09,20209,1,卖盘
568,10:01:32,202.09,20209,1,卖盘
569,10:01:35,202.12,80845,4,买盘
570,10:01:38,202.13,20213,1,卖盘
571,10:01:41,202.13,20213,1,卖盘
572,10:01:44,202.16,141503,7,中性盘
573,10:01:47,202.1,464873,23,卖盘
574,10:01:53,202.11,101051,5,中性盘
575,10:01:56,202.09,20209,1,卖盘
576,10:01:59,202.1,40420,2,买盘
577,10:02:02,202.1,60630,3,卖盘
578,10:02:05,202.1,40421,2,卖盘
579,10:02:08,202.1,101053,5,卖盘
580,10:02:11,202.1,20210,1,卖盘
581,10:02:14,202.12,20212,1,买盘
582,10:02:20,202.09,40419,2,卖盘
583,10:02:23,202.08,101042,5,卖盘
584,10:02:26,202.09,20209,1,买盘
585,10:02:29,202.08,40416,2,中性盘
586,10:02:32,202.09,121247,6,买盘
587,10:02:35,202.07,60619,3,中性盘
588,10:02:38,202.1,101039,5,买盘
589,10:02:41,202.07,20207,1,卖盘
590,10:02:47,202.03,80818,4,卖盘
591,10:02:50,202.03,20203,1,卖盘
592,10:02:53,202.02,121220,6,卖盘
593,10:02:56,202.02,20202,1,卖盘
594,10:02:59,202.03,80810,4,买盘
595,10:03:02,202.02,40404,2,卖盘
596,10:03:05,202.02,40404,2,卖盘
597,10:03:08,202.02,40404,2,卖盘
598,10:03:11,202.02,20202,1,卖盘
599,10:03:14,202.02,60606,3,卖盘
600,10:03:17,202.07,242450,12,买盘
601,10:03:20,202.07,80837,4,中性盘
602,10:03:23,202.15,121270,6,买盘
603,10:03:26,202.16,60640,3,买盘
604,10:03:29,202.15,80864,4,中性盘
605,10:03:32,202.16,80861,4,买盘
606,10:03:35,202.18,60655,3,中性盘
607,10:03:38,202.19,60657,3,买盘
608,10:03:41,202.2,161757,8,买盘
609,10:03:44,202.21,40445,2,卖盘
610,10:03:47,202.26,20226,1,买盘
611,10:03:50,202.3,141599,7,买盘
612,10:03:53,202.28,182067,9,中性盘
613,10:03:56,202.3,141606,7,买盘
614,10:03:59,202.21,283211,14,卖盘
615,10:04:02,202.21,60674,3,卖盘
616,10:04:05,202.27,80889,4,买盘
617,10:04:08,202.18,60666,3,卖盘
618,10:04:11,202.27,40454,2,买盘
619,10:04:14,202.27,20227,1,买盘
620,10:04:17,202.31,60689,3,买盘
621,10:04:20,202.3,20230,1,中性盘
622,10:04:23,202.31,40461,2,买盘
623,10:04:26,202.3,121380,6,买盘
624,10:04:29,202.3,60689,3,买盘
625,10:04:32,202.3,101149,5,买盘
626,10:04:35,202.32,242731,12,买盘
627,10:04:38,202.37,182135,9,买盘
628,10:04:41,202.4,40490,2,中性盘
629,10:04:44,202.49,40498,2,买盘
630,10:04:50,202.47,202456,10,买盘
631,10:04:53,202.47,20247,1,买盘
632,10:04:56,202.47,80980,4,买盘
633,10:04:59,202.49,222697,11,买盘
634,10:05:02,202.48,303461,15,中性盘
635,10:05:17,202.45,121474,6,买盘
636,10:05:20,202.3,262991,13,卖盘
637,10:05:23,202.3,121380,6,买盘
638,10:05:26,202.3,40460,2,买盘
639,10:05:29,202.3,80914,4,买盘
640,10:05:32,202.27,202280,10,卖盘
641,10:05:38,202.27,121362,6,卖盘
642,10:05:41,202.25,101130,5,卖盘
643,10:05:47,202.27,20227,1,买盘
644,10:05:50,202.21,20221,1,卖盘
645,10:05:53,202.23,20223,1,中性盘
646,10:05:56,202.2,20220,1,卖盘
647,10:05:59,202.2,40440,2,卖盘
648,10:06:05,202.2,20220,1,买盘
649,10:06:08,202.2,80880,4,买盘
650,10:06:11,202.14,181965,9,卖盘
651,10:06:14,202.1,60640,3,卖盘
652,10:06:17,202.17,60637,3,买盘
653,10:06:20,202.09,303184,15,卖盘
654,10:06:23,202.12,20212,1,卖盘
655,10:06:26,202.2,40428,2,买盘
656,10:06:29,202.19,20219,1,中性盘
657,10:06:35,202.2,40439,2,买盘
658,10:06:38,202.1,80850,4,卖盘
659,10:06:44,202.1,20210,1,卖盘
660,10:06:50,202.1,101051,5,卖盘
661,10:06:53,202.09,20209,1,卖盘
662,10:06:57,202.1,161677,8,买盘
663,10:06:59,202.11,60633,3,买盘
664,10:07:02,202.11,80847,4,中性盘
665,10:07:08,202.1,40422,2,卖盘
666,10:07:11,202.09,517957,26,卖盘
667,10:07:17,202.16,121294,6,买盘
668,10:07:29,202.14,20214,1,买盘
669,10:07:35,202.15,80858,4,买盘
670,10:07:41,202.14,40428,2,卖盘
671,10:07:44,202.2,60660,3,买盘
672,10:07:47,202.15,242615,12,卖盘
673,10:07:50,202.21,20221,1,买盘
674,10:07:56,202.15,161729,8,卖盘
675,10:07:59,202.18,60648,3,买盘
676,10:08:02,202.15,80860,4,卖盘
677,10:08:05,202.15,80858,4,买盘
678,10:08:11,202.14,40428,2,卖盘
679,10:08:14,202.15,40429,2,买盘
680,10:08:17,202.13,40427,2,中性盘
681,10:08:20,202.14,60642,3,买盘
682,10:08:29,202.11,20211,1,卖盘
683,10:08:32,202.13,40426,2,买盘
684,10:08:41,202.11,40422,2,卖盘
685,10:08:53,202.09,141469,7,卖盘
686,10:09:02,202.08,101042,5,卖盘
687,10:09:05,202.07,121243,6,卖盘
688,10:09:08,202.06,60620,3,卖盘
689,10:09:11,202.02,40405,2,卖盘
690,10:09:20,202.02,121213,6,卖盘
691,10:09:23,202.02,121219,6,卖盘
692,10:09:26,202.02,20202,1,卖盘
693,10:09:29,202.03,60609,3,买盘
694,10:09:32,202.03,40406,2,买盘
695,10:09:35,202.11,323325,16,买盘
696,10:09:38,202.16,262690,13,买盘
697,10:09:41,202.18,101082,5,买盘
698,10:09:44,202.19,20219,1,买盘
699,10:09:47,202.19,40438,2,买盘
700,10:09:50,202.16,20216,1,卖盘
701,10:09:53,202.21,60661,3,买盘
702,10:09:56,202.25,101111,5,买盘
703,10:09:59,202.15,40434,2,卖盘
704,10:10:02,202.2,80886,4,卖盘
705,10:10:05,202.19,60659,3,卖盘
706,10:10:08,202.27,80898,4,买盘
707,10:10:14,202.24,40448,2,买盘
708,10:10:20,202.27,60681,3,买盘
709,10:10:23,202.27,141586,7,买盘
710,10:10:26,202.25,80902,4,卖盘
711,10:10:29,202.25,40449,2,买盘
712,10:10:32,202.25,60675,3,买盘
713,10:10:35,202.34,2467472,122,买盘
714,10:10:38,202.52,769432,38,买盘
715,10:10:41,202.45,263248,13,卖盘
716,10:10:44,202.45,20245,1,卖盘
717,10:10:53,202.39,20239,1,卖盘
718,10:10:56,202.52,263237,13,买盘
719,10:10:59,202.53,283546,14,卖盘
720,10:11:02,202.55,20255,1,买盘
721,10:11:08,202.55,81018,4,买盘
722,10:11:11,202.54,60763,3,卖盘
723,10:11:14,202.53,40506,2,卖盘
724,10:11:17,202.54,60764,3,中性盘
725,10:11:20,202.53,40507,2,卖盘
726,10:11:23,202.53,121521,6,卖盘
727,10:11:26,202.55,40510,2,卖盘
728,10:11:29,202.55,121530,6,卖盘
729,10:11:32,202.58,141794,7,买盘
730,10:11:35,202.53,20253,1,卖盘
731,10:11:38,202.53,182277,9,卖盘
732,10:11:41,202.53,101266,5,卖盘
733,10:11:44,202.55,81018,4,买盘
734,10:11:47,202.53,1134168,56,卖盘
735,10:11:50,202.53,20253,1,中性盘
736,10:11:53,202.5,60751,3,卖盘
737,10:11:59,202.5,40495,2,买盘
738,10:12:02,202.5,20250,1,买盘
739,10:12:05,202.39,121434,6,卖盘
740,10:12:08,202.35,20235,1,卖盘
741,10:12:11,202.5,121491,6,买盘
742,10:12:20,202.36,101184,5,卖盘
743,10:12:26,202.5,425185,21,买盘
744,10:12:29,202.4,20240,1,中性盘
745,10:12:32,202.38,20238,1,中性盘
746,10:12:35,202.37,20237,1,卖盘
747,10:12:41,202.37,80948,4,卖盘
748,10:12:44,202.38,60714,3,买盘
749,10:12:47,202.38,40474,2,买盘
750,10:12:50,202.38,80952,4,买盘
751,10:12:53,202.36,182134,9,卖盘
752,10:12:56,202.4,60718,3,买盘
753,10:13:05,202.4,20240,1,买盘
754,10:13:17,202.38,60714,3,卖盘
755,10:13:20,202.38,20238,1,卖盘
756,10:13:26,202.39,20239,1,中性盘
757,10:13:35,202.35,283328,14,卖盘
758,10:13:41,202.35,20235,1,卖盘
759,10:13:44,202.35,80934,4,买盘
760,10:13:47,202.35,20235,1,卖盘
761,10:13:50,202.35,80944,4,卖盘
762,10:13:53,202.35,80946,4,卖盘
763,10:13:59,202.36,20236,1,中性盘
764,10:14:02,202.35,141645,7,卖盘
765,10:14:08,202.35,80940,4,卖盘
766,10:14:11,202.35,20235,1,卖盘
767,10:14:14,202.34,20234,1,中性盘
768,10:14:17,202.35,60704,3,买盘
769,10:14:26,202.35,20235,1,买盘
770,10:14:32,202.32,40464,2,卖盘
771,10:14:35,202.27,121378,6,卖盘
772,10:14:38,202.25,40452,2,卖盘
773,10:14:41,202.24,40449,2,卖盘
774,10:14:53,202.19,80887,4,卖盘
775,10:14:56,202.24,20224,1,买盘
776,10:14:59,202.23,80892,4,中性盘
777,10:15:02,202.19,40442,2,卖盘
778,10:15:08,202.15,40432,2,卖盘
779,10:15:11,202.18,40433,2,中性盘
780,10:15:23,202.11,161718,8,卖盘
781,10:15:26,202.14,40425,2,中性盘
782,10:15:29,202.23,20223,1,买盘
783,10:15:38,202.18,40436,2,卖盘
784,10:15:44,202.2,141536,7,买盘
785,10:15:47,202.24,80895,4,买盘
786,10:15:53,202.27,20227,1,买盘
787,10:15:59,202.23,121347,6,卖盘
788,10:16:05,202.24,60672,3,卖盘
789,10:16:08,202.23,20223,1,中性盘
790,10:16:11,202.23,161790,8,买盘
791,10:16:14,202.26,40452,2,买盘
792,10:16:17,202.26,40453,2,卖盘
793,10:16:20,202.23,101122,5,卖盘
794,10:16:29,202.23,60669,3,卖盘
795,10:16:38,202.25,141575,7,卖盘
796,10:16:41,202.26,101130,5,买盘
797,10:16:44,202.27,20227,1,买盘
798,10:16:47,202.27,20227,1,买盘
799,10:16:53,202.27,283174,14,卖盘
800,10:16:56,202.27,60680,3,买盘
801,10:16:59,202.26,60679,3,卖盘
802,10:17:06,202.27,80905,4,买盘
803,10:17:08,202.27,60680,3,买盘
804,10:17:11,202.27,60681,3,买盘
805,10:17:14,202.27,20227,1,买盘
806,10:17:17,202.26,101130,5,卖盘
807,10:17:20,202.27,101132,5,买盘
808,10:17:23,202.27,101135,5,买盘
809,10:17:26,202.27,40454,2,买盘
810,10:17:32,202.25,606783,30,卖盘
811,10:17:35,202.27,20227,1,中性盘
812,10:17:38,202.27,20227,1,买盘
813,10:17:41,202.26,182034,9,卖盘
814,10:17:53,202.25,141577,7,卖盘
815,10:17:56,202.26,60677,3,买盘
816,10:18:02,202.22,80891,4,卖盘
817,10:18:05,202.24,40448,2,买盘
818,10:18:08,202.3,809111,40,买盘
819,10:18:11,202.22,60665,3,买盘
820,10:18:14,202.24,40448,2,买盘
821,10:18:17,202.19,202204,10,卖盘
822,10:18:20,202.19,80888,4,卖盘
823,10:18:23,202.31,202202,10,买盘
824,10:18:26,202.19,20219,1,卖盘
825,10:18:29,202.19,20219,1,卖盘
826,10:18:32,202.18,161752,8,卖盘
827,10:18:35,202.25,60664,3,买盘
828,10:18:38,202.13,1516346,75,卖盘
829,10:18:41,202.12,101060,5,卖盘
830,10:18:44,202.13,60637,3,买盘
831,10:18:47,202.12,121272,6,卖盘
832,10:18:50,202.14,40428,2,买盘
833,10:18:53,202.14,80868,4,卖盘
834,10:18:56,202.15,60651,3,中性盘
835,10:19:02,202.17,80863,4,中性盘
836,10:19:05,202.18,464988,23,买盘
837,10:19:08,202.18,161741,8,买盘
838,10:19:11,202.18,505456,25,买盘
839,10:19:14,202.26,40451,2,买盘
840,10:19:17,202.26,40456,2,中性盘
841,10:19:23,202.25,20225,1,卖盘
842,10:19:26,202.19,60669,3,卖盘
843,10:19:32,202.18,40448,2,卖盘
844,10:19:38,202.18,141551,7,卖盘
845,10:19:41,202.18,101103,5,卖盘
846,10:19:47,202.18,40436,2,卖盘
847,10:19:53,202.3,60680,3,买盘
848,10:19:56,202.2,60670,3,卖盘
849,10:20:02,202.2,20220,1,卖盘
850,10:20:05,202.3,80917,4,买盘
851,10:20:08,202.21,40442,2,卖盘
852,10:20:11,202.21,40442,2,卖盘
853,10:20:17,202.21,60663,3,卖盘
854,10:20:23,202.21,161770,8,卖盘
855,10:20:26,202.21,20221,1,卖盘
856,10:20:32,202.22,20222,1,卖盘
857,10:20:38,202.2,60661,3,卖盘
858,10:20:41,202.2,40441,2,卖盘
859,10:20:47,202.2,20220,1,卖盘
860,10:20:50,202.2,121320,6,卖盘
861,10:20:53,202.2,60660,3,卖盘
862,10:20:56,202.2,20220,1,卖盘
863,10:20:59,202.2,40440,2,卖盘
864,10:21:02,202.19,80877,4,卖盘
865,10:21:08,202.2,40438,2,买盘
866,10:21:11,202.18,60658,3,卖盘
867,10:21:17,202.18,101092,5,卖盘
868,10:21:20,202.18,20218,1,卖盘
869,10:21:23,202.19,40437,2,中性盘
870,10:21:26,202.18,20218,1,卖盘
871,10:21:29,202.18,20218,1,卖盘
872,10:21:32,202.17,80871,4,卖盘
873,10:21:35,202.19,202185,10,买盘
874,10:21:38,202.19,60658,3,卖盘
875,10:21:41,202.19,121315,6,卖盘
876,10:21:44,202.19,161752,8,买盘
877,10:21:47,202.18,80872,4,卖盘
878,10:21:50,202.18,40435,2,中性盘
879,10:21:53,202.16,60650,3,卖盘
880,10:21:56,202.18,424521,21,买盘
881,10:21:59,202.14,101070,5,卖盘
882,10:22:05,202.1,1697870,84,卖盘
883,10:22:08,202.14,101055,5,买盘
884,10:22:11,202.1,20210,1,卖盘
885,10:22:14,202.1,40419,2,买盘
886,10:22:17,202.08,40416,2,卖盘
887,10:22:20,202.08,80838,4,卖盘
888,10:22:23,202.07,20207,1,卖盘
889,10:22:26,202.08,60624,3,买盘
890,10:22:29,202.07,20207,1,卖盘
891,10:22:32,202.08,40416,2,买盘
892,10:22:35,202.08,60623,3,买盘
893,10:22:47,202.08,121248,6,买盘
894,10:22:50,202.07,40414,2,中性盘
895,10:22:53,202.08,262704,13,买盘
896,10:22:56,202.09,20209,1,买盘
897,10:22:59,202.13,20213,1,买盘
898,10:23:02,202.19,202174,10,买盘
899,10:23:14,202.15,60645,3,中性盘
900,10:23:17,202.19,161742,8,买盘
901,10:23:20,202.19,141533,7,买盘
902,10:23:23,202.2,60660,3,买盘
903,10:23:32,202.21,60663,3,买盘
904,10:23:35,202.19,40439,2,卖盘
905,10:23:41,202.18,20218,1,买盘
906,10:23:44,202.17,101085,5,卖盘
907,10:23:47,202.16,40433,2,卖盘
908,10:23:50,202.15,20215,1,卖盘
909,10:23:53,202.15,303226,15,卖盘
910,10:23:56,202.17,40434,2,买盘
911,10:23:59,202.15,242581,12,卖盘
912,10:24:02,202.15,121291,6,卖盘
913,10:24:11,202.16,40432,2,买盘
914,10:24:17,202.15,40430,2,卖盘
915,10:24:20,202.16,40432,2,中性盘
916,10:24:23,202.1,262772,13,卖盘
917,10:24:26,202.15,828614,41,买盘
918,10:24:29,202.11,40428,2,中性盘
919,10:24:35,202.17,80868,4,买盘
920,10:24:41,202.17,40434,2,卖盘
921,10:24:44,202.21,20221,1,买盘
922,10:24:47,202.25,20225,1,买盘
923,10:24:50,202.25,121354,6,买盘
924,10:24:53,202.29,202250,10,买盘
925,10:24:56,202.2,60669,3,卖盘
926,10:24:59,202.23,20223,1,中性盘
927,10:25:02,202.19,202191,10,卖盘
928,10:25:05,202.19,20219,1,卖盘
929,10:25:11,202.17,80872,4,卖盘
930,10:25:17,202.17,40434,2,卖盘
931,10:25:23,202.17,20217,1,卖盘
932,10:25:26,202.2,101098,5,买盘
933,10:25:35,202.22,40444,2,买盘
934,10:25:41,202.22,20222,1,买盘
935,10:25:56,202.22,262881,13,买盘
936,10:26:02,202.2,80881,4,卖盘
937,10:26:05,202.21,20221,1,买盘
938,10:26:08,202.21,40443,2,卖盘
939,10:26:14,202.2,40440,2,卖盘
940,10:26:20,202.21,303312,15,买盘
941,10:26:23,202.21,161768,8,卖盘
942,10:26:29,202.25,404444,20,买盘
943,10:26:35,202.35,647368,32,买盘
944,10:26:38,202.3,101166,5,卖盘
945,10:26:41,202.35,40465,2,买盘
946,10:26:44,202.31,101165,5,中性盘
947,10:26:47,202.26,1577909,78,卖盘
948,10:26:50,202.22,80895,4,卖盘
949,10:26:53,202.22,20222,1,卖盘
950,10:26:56,202.23,20223,1,买盘
951,10:26:59,202.23,101115,5,买盘
952,10:27:02,202.23,121338,6,卖盘
953,10:27:05,202.24,40446,2,买盘
954,10:27:09,202.22,60667,3,卖盘
955,10:27:11,202.22,20222,1,卖盘
956,10:27:14,202.24,101118,5,买盘
957,10:27:17,202.23,40446,2,买盘
958,10:27:26,202.22,121338,6,卖盘
959,10:27:29,202.22,40444,2,卖盘
960,10:27:32,202.24,202229,10,买盘
961,10:27:35,202.29,40453,2,中性盘
962,10:27:41,202.3,20230,1,买盘
963,10:27:44,202.3,161830,8,买盘
964,10:27:47,202.31,20231,1,买盘
965,10:27:50,202.3,20230,1,卖盘
966,10:27:53,202.31,20231,1,买盘
967,10:27:56,202.31,40462,2,买盘
968,10:27:59,202.31,20231,1,买盘
969,10:28:05,202.3,141612,7,卖盘
970,10:28:08,202.3,141611,7,卖盘
971,10:28:11,202.3,40460,2,卖盘
972,10:28:17,202.3,101150,5,卖盘
973,10:28:20,202.3,80920,4,卖盘
974,10:28:23,202.3,20230,1,卖盘
975,10:28:26,202.3,20230,1,中性盘
976,10:28:32,202.3,101148,5,买盘
977,10:28:35,202.27,80910,4,卖盘
978,10:28:44,202.29,20229,1,中性盘
979,10:28:47,202.25,20225,1,卖盘
980,10:28:50,202.25,20225,1,卖盘
981,10:28:53,202.24,20224,1,卖盘
982,10:28:59,202.24,121346,6,卖盘
983,10:29:02,202.29,101129,5,买盘
984,10:29:08,202.29,20229,1,买盘
985,10:29:11,202.24,101121,5,卖盘
986,10:29:14,202.25,20225,1,卖盘
987,10:29:20,202.26,141565,7,中性盘
988,10:29:23,202.3,80917,4,买盘
989,10:29:29,202.21,323545,16,卖盘
990,10:29:32,202.21,262874,13,卖盘
991,10:29:35,202.21,141542,7,中性盘
992,10:29:38,202.18,60654,3,卖盘
993,10:29:41,202.22,20222,1,买盘
994,10:29:44,202.18,40436,2,卖盘
995,10:29:47,202.2,20220,1,中性盘
996,10:29:50,202.18,20218,1,卖盘
997,10:29:56,202.18,121308,6,卖盘
998,10:29:59,202.18,20218,1,卖盘
999,10:30:02,202.18,40437,2,卖盘
1000,10:30:05,202.18,20218,1,卖盘
1001,10:30:08,202.18,384143,19,卖盘
1002,10:30:14,202.18,202178,10,买盘
1003,10:30:17,202.21,181972,9,买盘
1004,10:30:20,202.21,262884,13,中性盘
1005,10:30:23,202.22,121331,6,买盘
1006,10:30:26,202.22,121331,6,买盘
1007,10:30:29,202.22,20222,1,卖盘
1008,10:30:32,202.3,242733,12,买盘
1009,10:30:35,202.3,40459,2,买盘
1010,10:30:38,202.23,40446,2,中性盘
1011,10:30:41,202.23,20223,1,中性盘
1012,10:30:44,202.21,101115,5,卖盘
1013,10:30:47,202.2,101101,5,卖盘
1014,10:30:50,202.17,323482,16,卖盘
1015,10:30:53,202.17,40435,2,卖盘
1016,10:30:56,202.18,40435,2,买盘
1017,10:31:02,202.17,80873,4,卖盘
1018,10:31:05,202.22,505526,25,买盘
1019,10:31:08,202.23,121351,6,中性盘
1020,10:31:11,202.26,60670,3,中性盘
1021,10:31:14,202.26,40452,2,卖盘
1022,10:31:17,202.26,121356,6,卖盘
1023,10:31:20,202.25,444964,22,卖盘
1024,10:31:23,202.21,20221,1,卖盘
1025,10:31:26,202.22,60668,3,卖盘
1026,10:31:29,202.21,20221,1,卖盘
1027,10:31:32,202.13,161737,8,卖盘
1028,10:31:35,202.17,60654,3,中性盘
1029,10:31:41,202.17,60649,3,买盘
1030,10:31:44,202.16,101080,5,卖盘
1031,10:31:47,202.16,80865,4,卖盘
1032,10:31:50,202.16,141512,7,卖盘
1033,10:31:53,202.16,141512,7,卖盘
1034,10:31:56,202.13,40430,2,卖盘
1035,10:31:59,202.17,141519,7,买盘
1036,10:32:08,202.17,141521,7,卖盘
1037,10:32:14,202.18,20218,1,买盘
1038,10:32:17,202.18,40436,2,买盘
1039,10:32:20,202.18,101089,5,买盘
1040,10:32:23,202.18,20218,1,买盘
1041,10:32:29,202.21,60661,3,买盘
1042,10:32:32,202.24,40445,2,买盘
1043,10:32:47,202.26,40452,2,买盘
1044,10:32:50,202.25,60677,3,卖盘
1045,10:32:56,202.27,40453,2,买盘
1046,10:32:59,202.3,667592,33,买盘
1047,10:33:02,202.36,40465,2,买盘
1048,10:33:05,202.39,40478,2,买盘
1049,10:33:08,202.45,303592,15,买盘
1050,10:33:11,202.45,20245,1,买盘
1051,10:33:14,202.4,344076,17,中性盘
1052,10:33:17,202.37,40476,2,卖盘
1053,10:33:20,202.33,222543,11,卖盘
1054,10:33:23,202.27,161824,8,卖盘
1055,10:33:26,202.26,202273,10,卖盘
1056,10:33:35,202.26,283176,14,卖盘
1057,10:33:38,202.24,60673,3,卖盘
1058,10:33:41,202.25,121350,6,买盘
1059,10:33:50,202.3,80916,4,买盘
1060,10:33:56,202.41,8534528,422,买盘
1061,10:33:59,202.4,40480,2,中性盘
1062,10:34:02,202.4,20240,1,中性盘
1063,10:34:05,202.4,20240,1,买盘
1064,10:34:08,202.4,121433,6,买盘
1065,10:34:11,202.33,546249,27,卖盘
1066,10:34:14,202.33,101164,5,买盘
1067,10:34:17,202.4,40480,2,买盘
1068,10:34:20,202.34,20234,1,中性盘
1069,10:34:35,202.35,60708,3,中性盘
1070,10:34:38,202.34,80940,4,卖盘
1071,10:34:41,202.38,60711,3,中性盘
1072,10:34:47,202.34,20234,1,卖盘
1073,10:34:50,202.34,20234,1,卖盘
1074,10:34:53,202.37,161894,8,买盘
1075,10:34:56,202.37,182133,9,卖盘
1076,10:34:59,202.37,323796,16,卖盘
1077,10:35:02,202.35,101178,5,卖盘
1078,10:35:05,202.33,121399,6,卖盘
1079,10:35:08,202.33,202336,10,卖盘
1080,10:35:11,202.33,141631,7,卖盘
1081,10:35:14,202.32,242794,12,卖盘
1082,10:35:17,202.33,202330,10,买盘
1083,10:35:21,202.33,101165,5,卖盘
1084,10:35:23,202.33,40466,2,卖盘
1085,10:35:29,202.35,141633,7,买盘
1086,10:35:32,202.35,283288,14,买盘
1087,10:35:35,202.33,121402,6,卖盘
1088,10:35:41,202.33,20233,1,买盘
1089,10:35:44,202.32,80928,4,卖盘
1090,10:35:47,202.33,121392,6,买盘
1091,10:35:50,202.32,80931,4,卖盘
1092,10:35:53,202.22,445026,22,卖盘
1093,10:36:02,202.22,182001,9,卖盘
1094,10:36:05,202.25,748324,37,买盘
1095,10:36:08,202.26,20226,1,中性盘
1096,10:36:14,202.27,40454,2,卖盘
1097,10:36:17,202.26,121358,6,卖盘
1098,10:36:20,202.26,80904,4,买盘
1099,10:36:23,202.31,60693,3,买盘
1100,10:36:26,202.26,202284,10,卖盘
1101,10:36:29,202.32,60694,3,买盘
1102,10:36:32,202.31,40462,2,中性盘
1103,10:36:35,202.33,20233,1,买盘
1104,10:36:41,202.35,20235,1,买盘
1105,10:36:47,202.37,60709,3,买盘
1106,10:36:50,202.37,60707,3,买盘
1107,10:36:59,202.35,161888,8,卖盘
1108,10:37:02,202.29,80934,4,卖盘
1109,10:37:05,202.28,20228,1,卖盘
1110,10:37:11,202.34,20234,1,买盘
1111,10:37:14,202.31,40462,2,中性盘
1112,10:37:20,202.27,141603,7,卖盘
1113,10:37:23,202.3,101150,5,卖盘
1114,10:37:26,202.26,101130,5,卖盘
1115,10:37:29,202.26,80906,4,卖盘
1116,10:37:32,202.26,40452,2,卖盘
1117,10:37:38,202.26,101130,5,卖盘
1118,10:37:41,202.28,40454,2,买盘
1119,10:37:44,202.28,40456,2,买盘
1120,10:37:47,202.26,40452,2,卖盘
1121,10:37:50,202.28,60682,3,买盘
1122,10:38:02,202.28,60685,3,卖盘
1123,10:38:11,202.28,101140,5,卖盘
1124,10:38:14,202.29,20229,1,买盘
1125,10:38:17,202.28,20228,1,中性盘
1126,10:38:20,202.29,20229,1,中性盘
1127,10:38:32,202.3,20230,1,买盘
1128,10:38:35,202.29,161832,8,卖盘
1129,10:38:41,202.36,971110,48,买盘
1130,10:38:44,202.36,789315,39,中性盘
1131,10:38:47,202.44,101192,5,买盘
1132,10:38:50,202.44,40488,2,买盘
1133,10:38:53,202.39,40480,2,卖盘
1134,10:38:56,202.39,121442,6,卖盘
1135,10:38:59,202.45,20245,1,买盘
1136,10:39:02,202.36,323810,16,卖盘
1137,10:39:05,202.35,182087,9,中性盘
1138,10:39:08,202.31,121385,6,中性盘
1139,10:39:11,202.32,161847,8,中性盘
1140,10:39:14,202.31,80922,4,中性盘
1141,10:39:17,202.34,141636,7,买盘
1142,10:39:20,202.37,222607,11,买盘
1143,10:39:23,202.37,20237,1,中性盘
1144,10:39:29,202.42,40483,2,买盘
1145,10:39:38,202.43,182181,9,买盘
1146,10:39:47,202.44,20244,1,买盘
1147,10:39:50,202.45,20245,1,买盘
1148,10:39:53,202.42,202430,10,卖盘
1149,10:39:56,202.42,60726,3,买盘
1150,10:40:05,202.41,20241,1,买盘
1151,10:40:08,202.38,20238,1,中性盘
1152,10:40:14,202.32,242804,12,卖盘
1153,10:40:17,202.39,80952,4,买盘
1154,10:40:20,202.41,60715,3,买盘
1155,10:40:23,202.35,40470,2,卖盘
1156,10:40:29,202.38,485646,24,买盘
1157,10:40:35,202.38,182142,9,卖盘
1158,10:40:38,202.38,647616,32,买盘
1159,10:40:41,202.4,40480,2,买盘
1160,10:40:50,202.41,20241,1,买盘
1161,10:40:53,202.39,121444,6,卖盘
1162,10:40:56,202.41,161930,8,买盘
1163,10:40:59,202.4,80960,4,卖盘
1164,10:41:02,202.39,20239,1,卖盘
1165,10:41:05,202.39,20239,1,中性盘
1166,10:41:08,202.39,40478,2,买盘
1167,10:41:17,202.39,40479,2,中性盘
1168,10:41:20,202.4,40480,2,买盘
1169,10:41:29,202.4,20240,1,买盘
1170,10:41:32,202.45,384603,19,买盘
1171,10:41:35,202.44,101224,5,中性盘
1172,10:41:38,202.46,20246,1,买盘
1173,10:41:41,202.48,20248,1,买盘
1174,10:41:44,202.43,283429,14,卖盘
1175,10:41:47,202.47,101238,5,卖盘
1176,10:41:50,202.4,2024029,100,卖盘
1177,10:41:53,202.46,20246,1,买盘
1178,10:41:59,202.44,20244,1,中性盘
1179,10:42:02,202.47,242955,12,买盘
1180,10:42:05,202.46,344192,17,中性盘
1181,10:42:08,202.46,141720,7,买盘
1182,10:42:11,202.46,40492,2,买盘
1183,10:42:14,202.46,111353,6,买盘
1184,10:42:17,202.46,131600,7,卖盘
1185,10:42:23,202.46,60738,3,买盘
1186,10:42:32,202.44,182204,9,卖盘
1187,10:42:35,202.44,101220,5,卖盘
1188,10:42:38,202.44,40488,2,卖盘
1189,10:42:41,202.44,60732,3,卖盘
1190,10:42:44,202.44,283419,14,卖盘
1191,10:42:47,202.45,20245,1,买盘
1192,10:42:59,202.44,60733,3,卖盘
1193,10:43:02,202.45,60733,3,中性盘
1194,10:43:08,202.43,40487,2,卖盘
1195,10:43:11,202.43,222691,11,卖盘
1196,10:43:14,202.44,20244,1,买盘
1197,10:43:17,202.43,20243,1,卖盘
1198,10:43:24,202.43,20243,1,买盘
1199,10:43:29,202.41,40482,2,卖盘
1200,10:43:32,202.43,425099,21,买盘
1201,10:43:35,202.43,40485,2,买盘
1202,10:43:38,202.45,688318,34,买盘
1203,10:43:41,202.45,384655,19,买盘
1204,10:43:44,202.45,212584,11,卖盘
1205,10:43:47,202.45,344213,17,卖盘
1206,10:43:53,202.5,80999,4,买盘
1207,10:43:56,202.58,1458168,72,买盘
1208,10:43:59,202.58,283608,14,买盘
1209,10:44:02,202.58,101288,5,买盘
1210,10:44:08,202.6,648281,32,买盘
1211,10:44:11,202.5,1539236,76,卖盘
1212,10:44:14,202.6,810110,40,买盘
1213,10:44:17,202.64,40528,2,买盘
1214,10:44:20,202.6,60780,3,卖盘
1215,10:44:26,202.61,243132,12,买盘
1216,10:44:29,202.61,60789,3,卖盘
1217,10:44:32,202.64,121584,6,买盘
1218,10:44:35,202.61,20261,1,卖盘
1219,10:44:41,202.64,40528,2,买盘
1220,10:44:44,202.62,101313,5,卖盘
1221,10:44:47,202.58,1276426,63,卖盘
1222,10:44:50,202.64,810336,40,买盘
1223,10:44:53,202.64,20264,1,卖盘
1224,10:44:56,202.64,60793,3,卖盘
1225,10:45:02,202.64,60794,3,卖盘
1226,10:45:05,202.65,141855,7,买盘
1227,10:45:08,202.65,344290,17,买盘
1228,10:45:11,202.64,40528,2,卖盘
1229,10:45:17,202.65,40530,2,买盘
1230,10:45:20,202.65,81060,4,买盘
1231,10:45:23,202.55,810620,40,卖盘
1232,10:45:26,202.55,263315,13,买盘
1233,10:45:29,202.55,101275,5,买盘
1234,10:45:32,202.64,911291,45,买盘
1235,10:45:35,202.57,40514,2,中性盘
1236,10:45:38,202.57,60769,3,中性盘
1237,10:45:50,202.64,81055,4,买盘
1238,10:45:53,202.64,60792,3,买盘
1239,10:45:56,202.57,162059,8,卖盘
1240,10:45:59,202.63,20263,1,买盘
1241,10:46:02,202.62,40524,2,中性盘
1242,10:46:05,202.58,60773,3,买盘
1243,10:46:08,202.63,20263,1,买盘
1244,10:46:14,202.63,20263,1,卖盘
1245,10:46:17,202.64,60792,3,买盘
1246,10:46:20,202.63,40526,2,卖盘
1247,10:46:32,202.59,20259,1,卖盘
1248,10:46:38,202.64,202635,10,买盘
1249,10:46:41,202.63,40526,2,卖盘
1250,10:46:44,202.63,40526,2,卖盘
1251,10:46:47,202.63,101317,5,卖盘
1252,10:46:50,202.65,101325,5,买盘
1253,10:46:53,202.65,303975,15,买盘
1254,10:46:56,202.65,40530,2,买盘
1255,10:46:59,202.55,567228,28,卖盘
1256,10:47:02,202.52,121518,6,卖盘
1257,10:47:05,202.5,182271,9,卖盘
1258,10:47:11,202.5,81000,4,卖盘
1259,10:47:14,202.5,121505,6,卖盘
1260,10:47:17,202.5,101248,5,卖盘
1261,10:47:20,202.47,161970,8,卖盘
1262,10:47:23,202.47,20247,1,卖盘
1263,10:47:26,202.46,121478,6,卖盘
1264,10:47:29,202.49,60743,3,买盘
1265,10:47:32,202.49,202494,10,卖盘
1266,10:47:35,202.5,20250,1,卖盘
1267,10:47:41,202.49,20249,1,卖盘
1268,10:47:44,202.49,40499,2,卖盘
1269,10:47:47,202.65,729190,36,买盘
1270,10:47:51,202.66,222924,11,买盘
1271,10:47:53,202.66,81064,4,买盘
1272,10:47:56,202.6,40526,2,中性盘
1273,10:48:02,202.65,20265,1,买盘
1274,10:48:05,202.63,81047,4,买盘
1275,10:48:08,202.62,60787,3,中性盘
1276,10:48:11,202.64,141829,7,中性盘
1277,10:48:14,202.66,141858,7,买盘
1278,10:48:17,202.75,364854,18,买盘
1279,10:48:20,202.76,162207,8,买盘
1280,10:48:23,202.77,243322,12,买盘
1281,10:48:26,202.77,121662,6,买盘
1282,10:48:29,202.77,40554,2,买盘
1283,10:48:32,202.76,60830,3,卖盘
1284,10:48:35,202.76,20276,1,卖盘
1285,10:48:38,202.76,101381,5,卖盘
1286,10:48:41,202.76,588011,29,卖盘
1287,10:48:44,202.77,101385,5,买盘
1288,10:48:47,202.77,81109,4,卖盘
1289,10:48:50,202.75,141938,7,卖盘
1290,10:48:53,202.79,162217,8,买盘
1291,10:48:56,202.78,40557,2,中性盘
1292,10:48:59,202.8,20280,1,买盘
1293,10:49:02,202.8,81119,4,买盘
1294,10:49:06,202.8,182513,9,买盘
1295,10:49:08,202.78,40558,2,卖盘
1296,10:49:11,202.8,40560,2,买盘
1297,10:49:14,202.7,1905450,94,卖盘
1298,10:49:17,202.79,364886,18,买盘
1299,10:49:20,202.78,20278,1,买盘
1300,10:49:26,202.78,141945,7,买盘
1301,10:49:29,202.77,60829,3,中性盘
1302,10:49:32,202.78,81109,4,买盘
1303,10:49:35,202.78,20278,1,买盘
1304,10:49:38,202.77,60831,3,中性盘
1305,10:49:41,202.76,101386,5,中性盘
1306,10:49:44,202.78,20278,1,买盘
1307,10:49:47,202.78,182485,9,买盘
1308,10:49:50,202.78,40553,2,买盘
1309,10:49:56,202.78,283874,14,买盘
1310,10:50:02,202.77,20277,1,中性盘
1311,10:50:05,202.78,101389,5,买盘
1312,10:50:11,202.77,20277,1,中性盘
1313,10:50:14,202.76,60827,3,卖盘
1314,10:50:17,202.72,1054201,52,卖盘
1315,10:50:20,202.72,81082,4,买盘
1316,10:50:27,202.72,60814,3,买盘
1317,10:50:32,202.71,20271,1,买盘
1318,10:50:35,202.71,81086,4,中性盘
1319,10:50:38,202.7,466215,23,卖盘
1320,10:50:41,202.69,40537,2,卖盘
1321,10:50:44,202.66,40533,2,卖盘
1322,10:50:47,202.57,182383,9,卖盘
1323,10:50:50,202.6,81042,4,中性盘
1324,10:50:53,202.68,20268,1,买盘
1325,10:50:56,202.7,40540,2,买盘
1326,10:50:59,202.68,40537,2,卖盘
1327,10:51:02,202.68,20268,1,中性盘
1328,10:51:05,202.67,81068,4,卖盘
1329,10:51:08,202.68,60803,3,买盘
1330,10:51:11,202.67,20267,1,卖盘
1331,10:51:14,202.67,20267,1,卖盘
1332,10:51:17,202.69,121614,6,买盘
1333,10:51:23,202.68,40537,2,中性盘
1334,10:51:26,202.68,20268,1,买盘
1335,10:51:29,202.69,40537,2,买盘
1336,10:51:32,202.68,20268,1,卖盘
1337,10:51:38,202.7,40538,2,买盘
1338,10:51:47,202.6,40529,2,卖盘
1339,10:51:50,202.69,101302,5,中性盘
1340,10:52:05,202.6,141861,7,卖盘
1341,10:52:08,202.6,20260,1,卖盘
1342,10:52:11,202.69,182416,9,买盘
1343,10:52:23,202.63,20263,1,卖盘
1344,10:52:29,202.61,20261,1,卖盘
1345,10:52:41,202.61,20261,1,卖盘
1346,10:52:50,202.62,20262,1,卖盘
1347,10:52:56,202.61,20261,1,卖盘
1348,10:53:05,202.6,20260,1,卖盘
1349,10:53:08,202.61,81044,4,买盘
1350,10:53:11,202.61,20261,1,买盘
1351,10:53:14,202.62,81046,4,买盘
1352,10:53:17,202.62,40524,2,买盘
1353,10:53:20,202.62,40524,2,卖盘
1354,10:53:23,202.63,20263,1,中性盘
1355,10:53:26,202.61,60785,3,卖盘
1356,10:53:32,202.63,101314,5,买盘
1357,10:53:36,202.55,749571,37,卖盘
1358,10:53:39,202.52,81011,4,卖盘
1359,10:53:42,202.53,40506,2,买盘
1360,10:53:47,202.52,60756,3,卖盘
1361,10:53:50,202.53,20253,1,买盘
1362,10:54:03,202.53,81011,4,买盘
1363,10:54:08,202.53,20253,1,卖盘
1364,10:54:14,202.55,101268,5,买盘
1365,10:54:20,202.67,20267,1,买盘
1366,10:54:23,202.57,40514,2,卖盘
1367,10:54:26,202.66,40532,2,买盘
1368,10:54:29,202.57,20257,1,卖盘
1369,10:54:32,202.67,162065,8,买盘
1370,10:54:35,202.66,20266,1,中性盘
1371,10:54:44,202.67,20267,1,买盘
1372,10:55:05,202.6,121585,6,卖盘
1373,10:55:20,202.6,40522,2,卖盘
1374,10:55:26,202.62,60782,3,买盘
1375,10:55:29,202.58,182369,9,卖盘
1376,10:55:44,202.58,162070,8,卖盘
1377,10:55:47,202.57,40515,2,卖盘
1378,10:55:59,202.57,20257,1,卖盘
1379,10:56:02,202.57,60771,3,买盘
1380,10:56:05,202.57,20257,1,买盘
1381,10:56:09,202.58,121543,6,买盘
1382,10:56:11,202.66,141850,7,买盘
1383,10:56:14,202.67,40534,2,买盘
1384,10:56:17,202.67,60801,3,买盘
1385,10:56:23,202.66,40532,2,卖盘
1386,10:56:26,202.66,20266,1,卖盘
1387,10:56:29,202.66,20266,1,卖盘
1388,10:56:32,202.67,121601,6,买盘
1389,10:56:35,202.67,20267,1,卖盘
1390,10:56:38,202.69,60805,3,买盘
1391,10:56:41,202.69,20269,1,买盘
1392,10:56:44,202.7,283780,14,买盘
1393,10:56:47,202.7,20270,1,中性盘
1394,10:56:50,202.7,40539,2,中性盘
1395,10:56:53,202.71,60813,3,买盘
1396,10:57:05,202.72,60816,3,中性盘
1397,10:57:08,202.73,40546,2,买盘
1398,10:57:11,202.79,648845,32,买盘
1399,10:57:17,202.8,20280,1,买盘
1400,10:57:20,202.8,162244,8,买盘
1401,10:57:23,202.8,20280,1,卖盘
1402,10:57:26,202.76,101388,5,卖盘
1403,10:57:29,202.8,60840,3,中性盘
1404,10:57:33,202.83,182531,9,买盘
1405,10:57:35,202.68,587878,29,卖盘
1406,10:57:38,202.68,40536,2,买盘
1407,10:57:44,202.67,222937,11,卖盘
1408,10:57:47,202.68,20268,1,买盘
1409,10:57:53,202.68,121608,6,买盘
1410,10:58:02,202.68,222939,11,中性盘
1411,10:58:09,202.68,121607,6,买盘
1412,10:58:11,202.72,40544,2,中性盘
1413,10:58:14,202.79,101362,5,买盘
1414,10:58:17,202.8,20280,1,买盘
1415,10:58:20,202.68,60816,3,卖盘
1416,10:58:23,202.8,20280,1,买盘
1417,10:58:32,202.8,162240,8,买盘
1418,10:58:35,202.8,60842,3,卖盘
1419,10:58:39,202.83,425696,21,买盘
1420,10:58:41,202.81,81122,4,卖盘
1421,10:58:44,202.81,101403,5,买盘
1422,10:58:54,202.81,40560,2,买盘
1423,10:58:59,202.8,20280,1,卖盘
1424,10:59:05,202.8,182523,9,买盘
1425,10:59:08,202.8,223080,11,卖盘
1426,10:59:14,202.8,141960,7,买盘
1427,10:59:17,202.8,121680,6,买盘
1428,10:59:33,202.8,40560,2,买盘
1429,10:59:38,202.8,223069,11,买盘
1430,10:59:41,202.8,81108,4,买盘
1431,10:59:47,202.8,60838,3,买盘
1432,10:59:50,202.68,1094628,54,卖盘
1433,10:59:59,202.68,40536,2,买盘
1434,11:00:02,202.68,20268,1,买盘
1435,11:00:05,202.68,20268,1,买盘
1436,11:00:08,202.79,222993,11,买盘
1437,11:00:11,202.8,40560,2,买盘
1438,11:00:20,202.81,324493,16,买盘
1439,11:00:23,202.83,405628,20,买盘
1440,11:00:26,202.84,162267,8,买盘
1441,11:00:36,202.84,121703,6,买盘
1442,11:00:41,202.8,1014158,50,卖盘
1443,11:00:44,202.85,162272,8,买盘
1444,11:00:47,202.85,20285,1,卖盘
1445,11:00:54,202.85,81141,4,卖盘
1446,11:00:56,202.85,81140,4,卖盘
1447,11:00:59,202.85,20285,1,卖盘
1448,11:01:02,202.85,20285,1,卖盘
1449,11:01:05,202.85,202850,10,买盘
1450,11:01:08,202.85,81140,4,买盘
1451,11:01:14,202.81,20281,1,卖盘
1452,11:01:17,202.85,20285,1,买盘
1453,11:01:20,202.85,40566,2,中性盘
1454,11:01:23,202.82,20282,1,卖盘
1455,11:01:32,202.82,20282,1,中性盘
1456,11:01:39,202.82,40564,2,卖盘
1457,11:01:41,202.82,60850,3,中性盘
1458,11:01:44,202.83,101421,5,中性盘
1459,11:01:47,202.84,20284,1,中性盘
1460,11:01:50,202.86,1358866,67,买盘
1461,11:01:56,202.86,142000,7,买盘
1462,11:01:59,202.85,20285,1,卖盘
1463,11:02:03,202.85,101428,5,卖盘
1464,11:02:05,202.9,608656,30,买盘
1465,11:02:08,202.95,243502,12,买盘
1466,11:02:11,202.88,1603053,79,卖盘
1467,11:02:14,202.89,162310,8,买盘
1468,11:02:17,202.96,142051,7,买盘
1469,11:02:20,202.89,121755,6,中性盘
1470,11:02:23,202.95,182669,9,中性盘
1471,11:02:27,202.97,182671,9,买盘
1472,11:02:29,203.0,1116392,55,买盘
1473,11:02:32,203.0,40600,2,买盘
1474,11:02:35,203.0,3105465,153,买盘
1475,11:02:38,203.01,121804,6,买盘
1476,11:02:41,203.05,385745,19,买盘
1477,11:02:44,203.01,121807,6,中性盘
1478,11:02:47,203.04,40608,2,买盘
1479,11:02:50,203.04,142131,7,卖盘
1480,11:02:53,203.05,20305,1,中性盘
1481,11:02:56,203.06,101529,5,买盘
1482,11:02:59,203.0,588747,29,卖盘
1483,11:03:03,203.0,223300,11,买盘
1484,11:03:05,203.0,60900,3,买盘
1485,11:03:08,203.07,203012,10,买盘
1486,11:03:11,203.07,101508,5,买盘
1487,11:03:14,202.99,60897,3,买盘
1488,11:03:20,203.0,162410,8,卖盘
1489,11:03:23,202.98,405993,20,卖盘
1490,11:03:27,203.08,609190,30,买盘
1491,11:03:29,203.06,812316,40,卖盘
1492,11:03:32,203.08,223391,11,中性盘
1493,11:03:35,203.09,223388,11,买盘
1494,11:03:38,203.1,40619,2,买盘
1495,11:03:41,203.1,507747,25,买盘
1496,11:03:44,203.1,264030,13,买盘
1497,11:03:47,203.1,60931,3,中性盘
1498,11:03:50,203.12,182807,9,买盘
1499,11:03:53,203.11,2823995,139,卖盘
1500,11:03:56,203.26,20326,1,买盘
1501,11:04:02,203.26,20326,1,买盘
1502,11:04:05,203.17,40634,2,卖盘
1503,11:04:08,203.19,162580,8,中性盘
1504,11:04:11,203.17,1543814,76,卖盘
1505,11:04:14,203.22,345426,17,中性盘
1506,11:04:17,203.22,101603,5,买盘
1507,11:04:20,203.08,507914,25,卖盘
1508,11:04:23,203.07,40614,2,卖盘
1509,11:04:26,203.0,1075997,53,卖盘
1510,11:04:29,202.99,121792,6,中性盘
1511,11:04:33,202.97,263888,13,卖盘
1512,11:04:35,203.17,446752,22,买盘
1513,11:04:38,202.95,182674,9,卖盘
1514,11:04:41,203.15,20315,1,买盘
1515,11:04:44,203.15,60942,3,买盘
1516,11:04:47,203.01,81205,4,卖盘
1517,11:04:50,203.14,101560,5,中性盘
1518,11:04:53,203.15,40629,2,买盘
1519,11:04:56,203.02,101516,5,卖盘
1520,11:05:00,203.02,60906,3,买盘
1521,11:05:05,203.02,40604,2,买盘
1522,11:05:08,202.99,304508,15,卖盘
1523,11:05:15,202.99,20299,1,卖盘
1524,11:05:17,203.0,40600,2,买盘
1525,11:05:23,203.0,81200,4,卖盘
1526,11:05:29,203.01,20301,1,买盘
1527,11:05:32,203.01,20301,1,买盘
1528,11:05:35,203.0,20300,1,卖盘
1529,11:05:38,203.01,60903,3,买盘
1530,11:05:41,202.9,750983,37,卖盘
1531,11:05:53,202.89,202895,10,卖盘
1532,11:05:56,202.89,20289,1,卖盘
1533,11:06:00,202.89,20289,1,卖盘
1534,11:06:02,202.89,101445,5,买盘
1535,11:06:05,202.88,20288,1,卖盘
1536,11:06:08,202.88,162304,8,卖盘
1537,11:06:11,202.88,60864,3,卖盘
1538,11:06:14,202.86,142011,7,卖盘
1539,11:06:17,202.89,324624,16,买盘
1540,11:06:23,202.9,243480,12,买盘
1541,11:06:29,202.91,40583,2,卖盘
1542,11:06:32,202.9,1055124,52,卖盘
1543,11:06:35,202.94,20294,1,卖盘
1544,11:06:38,203.0,81197,4,买盘
1545,11:06:41,202.97,20297,1,买盘
1546,11:06:50,202.99,304496,15,卖盘
1547,11:06:56,202.98,81193,4,中性盘
1548,11:06:59,202.97,121790,6,卖盘
1549,11:07:08,202.99,324754,16,买盘
1550,11:07:11,203.05,263921,13,买盘
1551,11:07:15,203.09,20309,1,买盘
1552,11:07:17,203.0,121829,6,卖盘
1553,11:07:24,203.03,20303,1,中性盘
1554,11:07:26,203.01,40602,2,卖盘
1555,11:07:30,203.01,243598,12,买盘
1556,11:07:32,203.01,60903,3,买盘
1557,11:07:35,202.99,40598,2,卖盘
1558,11:07:38,202.99,40599,2,卖盘
1559,11:07:41,202.97,60894,3,卖盘
1560,11:07:44,203.01,60892,3,买盘
1561,11:07:47,202.95,142069,7,买盘
1562,11:07:50,202.95,121782,6,买盘
1563,11:07:56,202.99,20299,1,买盘
1564,11:07:59,202.99,60897,3,买盘
1565,11:08:02,203.0,121800,6,买盘
1566,11:08:05,203.0,101504,5,卖盘
1567,11:08:08,203.01,203010,10,买盘
1568,11:08:11,203.01,182724,9,买盘
1569,11:08:17,203.01,20301,1,卖盘
1570,11:08:20,202.99,20299,1,卖盘
1571,11:08:23,202.98,121791,6,卖盘
1572,11:08:26,202.95,324722,16,卖盘
1573,11:08:29,202.96,60886,3,中性盘
1574,11:08:32,202.96,20296,1,买盘
1575,11:08:38,202.95,20295,1,卖盘
1576,11:08:42,202.96,81182,4,买盘
1577,11:08:44,202.96,466804,23,买盘
1578,11:08:47,202.96,40592,2,卖盘
1579,11:08:53,202.98,20298,1,中性盘
1580,11:08:59,203.0,101497,5,买盘
1581,11:09:02,203.0,202998,10,买盘
1582,11:09:05,203.01,121806,6,买盘
1583,11:09:08,202.99,121799,6,卖盘
1584,11:09:11,202.98,81195,4,卖盘
1585,11:09:14,202.97,40594,2,卖盘
1586,11:09:17,202.99,81189,4,买盘
1587,11:09:20,202.99,60896,3,买盘
1588,11:09:26,203.0,101500,5,买盘
1589,11:09:32,202.99,284186,14,卖盘
1590,11:09:35,202.98,20298,1,卖盘
1591,11:09:38,202.95,202974,10,卖盘
1592,11:09:44,202.95,40590,2,卖盘
1593,11:09:47,202.95,40590,2,卖盘
1594,11:09:50,202.95,20295,1,卖盘
1595,11:09:56,202.95,40590,2,卖盘
1596,11:09:59,202.96,101479,5,买盘
1597,11:10:05,202.96,81184,4,买盘
1598,11:10:11,202.98,20298,1,买盘
1599,11:10:14,202.96,20296,1,卖盘
1600,11:10:20,203.0,81198,4,买盘
1601,11:10:23,203.0,223303,11,买盘
1602,11:10:26,203.01,203019,10,中性盘
1603,11:10:32,203.01,81205,4,卖盘
1604,11:10:35,203.04,20304,1,买盘
1605,11:10:38,203.04,40607,2,买盘
1606,11:10:47,203.04,20304,1,卖盘
1607,11:10:50,203.01,20301,1,卖盘
1608,11:10:53,203.02,81205,4,买盘
1609,11:10:56,203.0,121805,6,卖盘
1610,11:10:59,203.02,81202,4,买盘
1611,11:11:02,203.02,40602,2,买盘
1612,11:11:11,202.9,1420673,70,卖盘
1613,11:11:14,202.9,40580,2,买盘
1614,11:11:17,202.9,20290,1,买盘
1615,11:11:23,202.89,20289,1,卖盘
1616,11:11:26,202.9,40579,2,买盘
1617,11:11:32,202.9,40578,2,买盘
1618,11:11:35,202.9,81158,4,买盘
1619,11:11:38,202.9,81158,4,买盘
1620,11:11:50,202.98,101462,5,中性盘
1621,11:11:56,202.98,20298,1,买盘
1622,11:11:59,202.97,101479,5,中性盘
1623,11:12:11,203.0,182685,9,买盘
1624,11:12:14,202.99,40598,2,中性盘
1625,11:12:17,203.0,20300,1,买盘
1626,11:12:23,203.0,182700,9,买盘
1627,11:12:26,203.0,60899,3,买盘
1628,11:12:29,202.99,20299,1,买盘
1629,11:12:32,202.99,101495,5,买盘
1630,11:12:35,202.98,121795,6,卖盘
1631,11:12:44,203.01,223310,11,买盘
1632,11:12:47,203.02,182713,9,买盘
1633,11:12:50,202.99,60899,3,卖盘
1634,11:12:53,203.02,81206,4,买盘
1635,11:12:56,203.03,20303,1,买盘
1636,11:12:59,203.03,142114,7,买盘
1637,11:13:03,203.02,40605,2,卖盘
1638,11:13:05,203.03,40607,2,中性盘
1639,11:13:08,203.04,101524,5,中性盘
1640,11:13:11,203.04,20304,1,中性盘
1641,11:13:14,203.05,40609,2,买盘
1642,11:13:17,203.05,182748,9,卖盘
1643,11:13:20,203.08,60926,3,中性盘
1644,11:13:23,203.08,40618,2,卖盘
1645,11:13:26,203.1,284336,14,买盘
1646,11:13:29,203.14,60941,3,买盘
1647,11:13:32,203.15,142197,7,买盘
1648,11:13:38,203.16,101581,5,买盘
1649,11:13:41,203.18,304764,15,买盘
1650,11:13:44,203.18,81273,4,买盘
1651,11:13:47,203.18,589257,29,卖盘
1652,11:13:50,203.19,406427,20,中性盘
1653,11:13:54,203.25,1381452,68,买盘
1654,11:13:56,203.19,101595,5,中性盘
1655,11:13:59,203.19,81264,4,买盘
1656,11:14:02,203.18,81269,4,中性盘
1657,11:14:08,203.19,223496,11,买盘
1658,11:14:11,203.18,182866,9,卖盘
1659,11:14:14,203.23,386056,19,买盘
1660,11:14:17,203.19,60957,3,卖盘
1661,11:14:20,203.18,223499,11,卖盘
1662,11:14:23,203.19,304756,15,买盘
1663,11:14:26,203.19,284492,14,卖盘
1664,11:14:29,203.2,20320,1,中性盘
1665,11:14:32,203.23,142250,7,买盘
1666,11:14:35,203.19,121925,6,卖盘
1667,11:14:38,203.19,40638,2,卖盘
1668,11:14:44,203.19,182876,9,卖盘
1669,11:14:47,203.19,2701363,133,中性盘
1670,11:14:50,203.2,101597,5,买盘
1671,11:14:53,203.2,81280,4,卖盘
1672,11:14:56,203.21,20321,1,买盘
1673,11:14:59,203.21,81282,4,买盘
1674,11:15:02,203.21,40642,2,卖盘
1675,11:15:05,203.21,20321,1,卖盘
1676,11:15:08,203.22,101610,5,买盘
1677,11:15:11,203.23,20323,1,买盘
1678,11:15:14,203.23,142263,7,买盘
1679,11:15:17,203.23,142270,7,中性盘
1680,11:15:20,203.25,162600,8,买盘
1681,11:15:24,203.24,60972,3,买盘
1682,11:15:26,203.26,182926,9,买盘
1683,11:15:29,203.25,142276,7,卖盘
1684,11:15:32,203.28,101635,5,买盘
1685,11:15:35,203.29,264270,13,买盘
1686,11:15:38,203.29,20329,1,买盘
1687,11:15:41,203.3,426938,21,买盘
1688,11:15:44,203.33,40666,2,买盘
1689,11:15:47,203.32,40663,2,买盘
1690,11:15:50,203.34,284661,14,买盘
1691,11:15:53,203.35,20335,1,买盘
1692,11:15:56,203.35,122007,6,买盘
1693,11:15:59,203.39,752471,37,买盘
1694,11:16:02,203.39,81356,4,买盘
1695,11:16:05,203.4,81360,4,买盘
1696,11:16:08,203.4,223740,11,买盘
1697,11:16:11,203.42,61024,3,买盘
1698,11:16:14,203.42,142395,7,卖盘
1699,11:16:17,203.4,244103,12,卖盘
1700,11:16:20,203.4,183060,9,买盘
1701,11:16:23,203.4,61020,3,中性盘
1702,11:16:26,203.42,264431,13,买盘
1703,11:16:29,203.43,183080,9,买盘
1704,11:16:35,203.43,40687,2,卖盘
1705,11:16:38,203.44,81374,4,买盘
1706,11:16:41,203.44,345837,17,买盘
1707,11:16:44,203.45,264476,13,买盘
1708,11:16:47,203.45,142415,7,买盘
1709,11:16:50,203.45,284828,14,买盘
1710,11:16:53,203.45,20345,1,卖盘
1711,11:16:56,203.45,81382,4,卖盘
1712,11:16:59,203.47,101733,5,买盘
1713,11:17:02,203.48,61043,3,买盘
1714,11:17:05,203.47,40694,2,买盘
1715,11:17:08,203.46,305202,15,卖盘
1716,11:17:11,203.51,1912881,94,买盘
1717,11:17:14,203.5,101755,5,卖盘
1718,11:17:17,203.48,325604,16,卖盘
1719,11:17:20,203.51,81404,4,买盘
1720,11:17:23,203.51,101748,5,买盘
1721,11:17:26,203.48,345923,17,卖盘
1722,11:17:32,203.49,40698,2,卖盘
1723,11:17:35,203.51,1729807,85,买盘
1724,11:17:38,203.51,61052,3,买盘
1725,11:17:41,203.5,40701,2,卖盘
1726,11:17:44,203.5,122102,6,卖盘
1727,11:17:47,203.51,20351,1,中性盘
1728,11:17:50,203.51,101754,5,买盘
1729,11:17:53,203.51,183163,9,买盘
1730,11:17:56,203.55,284967,14,买盘
1731,11:17:59,203.56,142492,7,买盘
1732,11:18:02,203.55,223916,11,卖盘
1733,11:18:05,203.57,366396,18,中性盘
1734,11:18:08,203.56,81428,4,卖盘
1735,11:18:11,203.58,101786,5,买盘
1736,11:18:14,203.56,40713,2,卖盘
1737,11:18:17,203.58,142500,7,买盘
1738,11:18:20,203.58,305364,15,买盘
1739,11:18:23,203.58,162865,8,中性盘
1740,11:18:26,203.59,223958,11,买盘
1741,11:18:29,203.6,20360,1,买盘
1742,11:18:32,203.6,305399,15,买盘
1743,11:18:35,203.65,305469,15,买盘
1744,11:18:38,203.64,407293,20,中性盘
1745,11:18:41,203.64,122183,6,买盘
1746,11:18:44,203.65,162920,8,买盘
1747,11:18:47,203.68,386970,19,买盘
1748,11:18:50,203.65,448030,22,卖盘
1749,11:18:53,203.65,529488,26,买盘
1750,11:18:56,203.64,366558,18,卖盘
1751,11:18:59,203.63,142542,7,卖盘
1752,11:19:02,203.61,325791,16,卖盘
1753,11:19:05,203.62,20362,1,卖盘
1754,11:19:08,203.6,488628,24,卖盘
1755,11:19:11,203.61,305407,15,买盘
1756,11:19:14,203.6,814423,40,卖盘
1757,11:19:17,203.6,651592,32,中性盘
1758,11:19:20,203.54,101790,5,卖盘
1759,11:19:23,203.6,1405010,69,买盘
1760,11:19:26,203.55,101789,5,中性盘
1761,11:19:29,203.62,81447,4,买盘
1762,11:19:32,203.62,40725,2,卖盘
1763,11:19:38,203.62,101811,5,卖盘
1764,11:19:41,203.66,101825,5,买盘
1765,11:19:44,203.63,162905,8,卖盘
1766,11:19:47,203.63,20363,1,卖盘
1767,11:19:50,203.64,101820,5,买盘
1768,11:19:53,203.64,20364,1,中性盘
1769,11:19:56,203.65,101827,5,买盘
1770,11:19:59,203.65,101827,5,中性盘
1771,11:20:02,203.66,101824,5,买盘
1772,11:20:05,203.66,101830,5,买盘
1773,11:20:08,203.64,81458,4,卖盘
1774,11:20:11,203.7,1792441,88,买盘
1775,11:20:14,203.68,712910,35,卖盘
1776,11:20:17,203.67,224037,11,卖盘
1777,11:20:20,203.69,366630,18,买盘
1778,11:20:23,203.74,1507302,74,买盘
1779,11:20:26,203.77,244492,12,买盘
1780,11:20:29,203.79,81501,4,买盘
1781,11:20:32,203.85,672556,33,买盘
1782,11:20:35,203.88,346575,17,买盘
1783,11:20:38,203.87,81537,4,买盘
1784,11:20:41,203.88,142715,7,买盘
1785,11:20:44,203.89,81553,4,买盘
1786,11:20:47,203.94,468994,23,买盘
1787,11:20:50,203.94,387493,19,卖盘
1788,11:20:53,203.96,571075,28,买盘
1789,11:20:56,203.96,142776,7,卖盘
1790,11:20:59,203.96,81586,4,卖盘
1791,11:21:02,204.05,3753499,184,买盘
1792,11:21:05,204.1,387679,19,买盘
1793,11:21:08,204.1,244912,12,买盘
1794,11:21:11,204.13,1571166,77,买盘
1795,11:21:14,204.11,81658,4,中性盘
1796,11:21:17,204.18,510444,25,买盘
1797,11:21:20,204.11,857177,42,卖盘
1798,11:21:23,204.18,183716,9,买盘
1799,11:21:26,204.13,183667,9,买盘
1800,11:21:29,204.13,510222,25,买盘
1801,11:21:32,204.15,1571827,77,买盘
1802,11:21:35,204.19,1327085,65,买盘
1803,11:21:38,204.2,163351,8,买盘
1804,11:21:41,204.18,122513,6,中性盘
1805,11:21:44,204.25,694274,34,买盘
1806,11:21:47,204.14,102098,5,卖盘
1807,11:21:50,204.18,469652,23,卖盘
1808,11:21:53,204.2,387969,19,买盘
1809,11:21:56,204.19,102099,5,中性盘
1810,11:21:59,204.13,408327,20,卖盘
1811,11:22:02,204.2,428792,21,买盘
1812,11:22:05,204.2,245071,12,卖盘
1813,11:22:08,204.23,142967,7,中性盘
1814,11:22:11,204.2,204217,10,卖盘
1815,11:22:14,204.26,245092,12,买盘
1816,11:22:17,204.2,81687,4,卖盘
1817,11:22:20,204.21,40843,2,卖盘
1818,11:22:23,204.18,735113,36,卖盘
1819,11:22:26,204.2,775989,38,买盘
1820,11:22:29,204.24,224644,11,买盘
1821,11:22:32,204.19,20419,1,卖盘
1822,11:22:35,204.14,142908,7,卖盘
1823,11:22:38,204.12,551148,27,卖盘
1824,11:22:41,204.08,61224,3,中性盘
1825,11:22:44,204.08,102040,5,买盘
1826,11:22:47,204.01,61203,3,卖盘
1827,11:22:50,204.01,183627,9,卖盘
1828,11:22:53,204.0,61201,3,卖盘
1829,11:22:56,204.01,224409,11,买盘
1830,11:22:59,204.01,265210,13,买盘
1831,11:23:02,204.01,163203,8,买盘
1832,11:23:05,204.0,102000,5,买盘
1833,11:23:08,203.99,122398,6,卖盘
1834,11:23:11,203.99,509972,25,卖盘
1835,11:23:14,203.99,367191,18,卖盘
1836,11:23:17,203.99,61194,3,买盘
1837,11:23:20,203.97,40794,2,卖盘
1838,11:23:23,203.99,632366,31,买盘
1839,11:23:26,203.99,142798,7,卖盘
1840,11:23:29,203.99,40799,2,卖盘
1841,11:23:32,203.99,122395,6,卖盘
1842,11:23:35,203.99,305993,15,买盘
1843,11:23:38,203.99,163191,8,买盘
1844,11:23:41,203.99,20399,1,买盘
1845,11:23:44,203.98,61195,3,卖盘
1846,11:23:47,203.98,61194,3,卖盘
1847,11:23:51,203.98,122388,6,卖盘
1848,11:23:53,203.95,81587,4,卖盘
1849,11:23:56,203.98,101977,5,买盘
1850,11:23:59,203.91,40782,2,卖盘
1851,11:24:02,203.92,40784,2,卖盘
1852,11:24:05,203.93,101965,5,买盘
1853,11:24:08,203.91,61175,3,卖盘
1854,11:24:11,203.92,61176,3,中性盘
1855,11:24:14,203.91,20391,1,卖盘
1856,11:24:17,203.91,81565,4,卖盘
1857,11:24:20,203.9,224294,11,卖盘
1858,11:24:23,203.9,61170,3,卖盘
1859,11:24:26,203.91,122342,6,买盘
1860,11:24:29,203.9,81560,4,卖盘
1861,11:24:32,203.9,101950,5,卖盘
1862,11:24:35,203.9,285464,14,卖盘
1863,11:24:38,203.89,61168,3,卖盘
1864,11:24:41,203.9,1162138,57,买盘
1865,11:24:44,203.81,122290,6,卖盘
1866,11:24:47,203.81,142667,7,买盘
1867,11:24:50,203.8,20380,1,卖盘
1868,11:24:53,203.8,509500,25,卖盘
1869,11:24:56,203.72,101882,5,卖盘
1870,11:24:59,203.7,81481,4,卖盘
1871,11:25:02,203.68,81477,4,卖盘
1872,11:25:05,203.68,101840,5,卖盘
1873,11:25:08,203.63,224017,11,卖盘
1874,11:25:11,203.6,40720,2,卖盘
1875,11:25:14,203.57,122139,6,中性盘
1876,11:25:17,203.54,122126,6,中性盘
1877,11:25:20,203.51,162814,8,卖盘
1878,11:25:23,203.5,305257,15,卖盘
1879,11:25:26,203.51,40702,2,买盘
1880,11:25:29,203.49,142447,7,卖盘
1881,11:25:32,203.49,40699,2,卖盘
1882,11:25:35,203.49,101744,5,买盘
1883,11:25:38,203.49,183138,9,买盘
1884,11:25:41,203.7,488465,24,买盘
1885,11:25:44,203.7,81426,4,买盘
1886,11:25:47,203.69,61075,3,中性盘
1887,11:25:53,203.56,122141,6,卖盘
1888,11:25:56,203.62,81437,4,买盘
1889,11:25:59,203.56,61076,3,卖盘
1890,11:26:02,203.59,264667,13,中性盘
1891,11:26:08,203.6,40715,2,买盘
1892,11:26:11,203.59,101785,5,买盘
1893,11:26:14,203.59,122136,6,买盘
1894,11:26:23,203.59,40718,2,卖盘
1895,11:26:26,203.54,203582,10,中性盘
1896,11:26:29,203.61,244316,12,买盘
1897,11:26:32,203.52,488441,24,卖盘
1898,11:26:38,203.49,122108,6,卖盘
1899,11:26:44,203.5,40699,2,买盘
1900,11:26:47,203.49,81396,4,卖盘
1901,11:26:50,203.5,61049,3,买盘
1902,11:26:56,203.46,223827,11,卖盘
1903,11:26:59,203.49,81392,4,买盘
1904,11:27:02,203.46,203463,10,卖盘
1905,11:27:05,203.4,101711,5,卖盘
1906,11:27:08,203.39,61022,3,卖盘
1907,11:27:11,203.3,101654,5,卖盘
1908,11:27:14,203.3,162641,8,卖盘
1909,11:27:17,203.28,101634,5,卖盘
1910,11:27:20,203.11,60951,3,卖盘
1911,11:27:23,203.12,162490,8,中性盘
1912,11:27:26,203.12,60944,3,中性盘
1913,11:27:29,203.2,60960,3,买盘
1914,11:27:32,203.3,284538,14,买盘
1915,11:27:41,203.2,40640,2,买盘
1916,11:27:44,203.2,81280,4,买盘
1917,11:27:50,203.31,243963,12,买盘
1918,11:27:53,203.39,20339,1,买盘
1919,11:27:59,203.39,183019,9,买盘
1920,11:28:02,203.4,264408,13,买盘
1921,11:28:05,203.39,40669,2,中性盘
1922,11:28:08,203.4,20340,1,买盘
1923,11:28:17,203.21,81306,4,卖盘
1924,11:28:20,203.21,20321,1,卖盘
1925,11:28:23,203.22,60984,3,中性盘
1926,11:28:26,203.21,40643,2,卖盘
1927,11:28:29,203.4,447480,22,买盘
1928,11:28:32,203.2,121928,6,卖盘
1929,11:28:35,203.23,20323,1,中性盘
1930,11:28:38,203.23,20323,1,卖盘
1931,11:28:44,203.24,20324,1,中性盘
1932,11:28:47,203.23,20323,1,卖盘
1933,11:28:50,203.23,20323,1,卖盘
1934,11:28:53,203.38,61014,3,买盘
1935,11:28:56,203.23,20323,1,卖盘
1936,11:28:59,203.24,20324,1,中性盘
1937,11:29:02,203.24,81292,4,卖盘
1938,11:29:08,203.23,20323,1,卖盘
1939,11:29:11,203.2,101618,5,卖盘
1940,11:29:14,203.38,40661,2,买盘
1941,11:29:20,203.21,40644,2,卖盘
1942,11:29:29,203.39,101694,5,买盘
1943,11:29:32,203.4,40663,2,买盘
1944,11:29:35,203.4,60985,3,中性盘
1945,11:29:44,203.42,81368,4,买盘
1946,11:29:53,203.4,20340,1,买盘
1947,11:29:56,203.42,20342,1,中性盘
1948,11:29:59,203.42,20342,1,中性盘
1949,13:00:02,203.42,488016,24,买盘
1950,13:00:05,203.45,813586,40,买盘
1951,13:00:08,203.44,427261,21,卖盘
1952,13:00:11,203.54,651017,32,中性盘
1953,13:00:14,203.59,122151,6,买盘
1954,13:00:17,203.59,20359,1,买盘
1955,13:00:20,203.59,40718,2,买盘
1956,13:00:23,203.58,223943,11,买盘
1957,13:00:29,203.58,101755,5,买盘
1958,13:00:32,203.59,61077,3,买盘
1959,13:00:35,203.6,81438,4,买盘
1960,13:00:41,203.6,81439,4,买盘
1961,13:00:44,203.58,101793,5,中性盘
1962,13:00:47,203.59,101787,5,买盘
1963,13:00:50,203.59,61061,3,买盘
1964,13:00:53,203.58,101788,5,中性盘
1965,13:00:56,203.63,122165,6,买盘
1966,13:00:59,203.75,122211,6,买盘
1967,13:01:02,203.8,142659,7,买盘
1968,13:01:05,203.81,61141,3,买盘
1969,13:01:08,203.85,20385,1,买盘
1970,13:01:11,203.91,1692212,83,买盘
1971,13:01:14,204.02,2182716,107,买盘
1972,13:01:17,204.08,367342,18,买盘
1973,13:01:20,204.08,81635,4,卖盘
1974,13:01:23,204.08,183667,9,卖盘
1975,13:01:26,204.14,265322,13,买盘
1976,13:01:29,204.15,224547,11,买盘
1977,13:01:32,204.0,61201,3,卖盘
1978,13:01:35,204.16,347007,17,买盘
1979,13:01:38,204.09,102051,5,买盘
1980,13:01:41,204.09,40818,2,卖盘
1981,13:01:44,204.09,163272,8,卖盘
1982,13:01:47,204.1,61228,3,中性盘
1983,13:01:50,204.07,20407,1,买盘
1984,13:01:53,204.07,163260,8,买盘
1985,13:01:56,204.09,61224,3,买盘
1986,13:01:59,204.07,122443,6,卖盘
1987,13:02:02,204.06,81622,4,买盘
1988,13:02:05,204.06,102029,5,买盘
1989,13:02:08,204.08,204066,10,买盘
1990,13:02:11,204.09,20409,1,买盘
1991,13:02:14,204.09,122443,6,买盘
1992,13:02:17,204.06,40812,2,卖盘
1993,13:02:20,204.06,102036,5,中性盘
1994,13:02:23,204.04,102026,5,卖盘
1995,13:02:26,204.04,40808,2,卖盘
1996,13:02:29,204.04,81616,4,中性盘
1997,13:02:32,204.01,81606,4,中性盘
1998,13:02:35,204.0,163226,8,卖盘
1999,13:02:41,204.0,142801,7,卖盘
2000,13:02:44,203.99,142799,7,卖盘
2001,13:02:47,204.06,612062,30,买盘
2002,13:02:50,203.99,20399,1,中性盘
2003,13:02:53,204.05,61205,3,买盘
2004,13:02:56,203.96,81604,4,卖盘
2005,13:02:59,203.96,81584,4,卖盘
2006,13:03:02,204.0,20400,1,卖盘
2007,13:03:05,203.95,81595,4,卖盘
2008,13:03:08,203.96,40792,2,买盘
2009,13:03:11,203.93,101980,5,卖盘
2010,13:03:14,204.0,61198,3,买盘
2011,13:03:17,204.0,265154,13,买盘
2012,13:03:20,204.0,40800,2,卖盘
2013,13:03:26,204.0,346800,17,卖盘
2014,13:03:29,204.0,244800,12,买盘
2015,13:03:32,204.0,61200,3,买盘
2016,13:03:35,203.9,754782,37,中性盘
2017,13:03:41,203.99,40797,2,买盘
2018,13:03:44,203.99,20399,1,买盘
2019,13:03:47,204.0,40800,2,买盘
2020,13:03:56,204.0,570939,28,买盘
2021,13:03:59,203.99,142803,7,卖盘
2022,13:04:02,203.99,40799,2,卖盘
2023,13:04:05,203.99,81596,4,卖盘
2024,13:04:11,203.99,20399,1,买盘
2025,13:04:14,203.99,122363,6,中性盘
2026,13:04:17,203.99,20399,1,买盘
2027,13:04:20,203.99,265187,13,买盘
2028,13:04:23,203.99,40798,2,卖盘
2029,13:04:26,204.0,203996,10,买盘
2030,13:04:32,204.0,183595,9,买盘
2031,13:04:38,204.0,387605,19,买盘
2032,13:04:41,204.0,81603,4,卖盘
2033,13:04:47,204.02,163204,8,买盘
2034,13:04:50,204.02,20402,1,卖盘
2035,13:04:56,204.03,326429,16,买盘
2036,13:04:59,204.04,61212,3,买盘
2037,13:05:02,204.04,40808,2,买盘
2038,13:05:05,204.02,142822,7,卖盘
2039,13:05:08,204.02,81614,4,卖盘
2040,13:05:11,204.05,122417,6,买盘
2041,13:05:14,204.02,81612,4,卖盘
2042,13:05:17,204.05,122427,6,买盘
2043,13:05:20,204.05,61214,3,买盘
2044,13:05:23,204.04,20404,1,卖盘
2045,13:05:26,204.06,102028,5,买盘
2046,13:05:29,204.0,61209,3,卖盘
2047,13:05:32,204.04,40808,2,买盘
2048,13:05:35,204.04,20404,1,买盘
2049,13:05:41,204.03,20403,1,卖盘
2050,13:05:47,204.01,265201,13,中性盘
2051,13:05:50,204.0,652800,32,卖盘
2052,13:05:53,203.99,1223972,60,卖盘
2053,13:05:56,203.99,81594,4,买盘
2054,13:05:59,203.99,101968,5,买盘
2055,13:06:02,203.99,40797,2,买盘
2056,13:06:08,203.99,61195,3,买盘
2057,13:06:11,203.97,40794,2,买盘
2058,13:06:14,203.94,122356,6,中性盘
2059,13:06:17,203.91,61174,3,卖盘
2060,13:06:20,203.89,163118,8,卖盘
2061,13:06:23,203.89,20389,1,卖盘
2062,13:06:26,203.9,81560,4,买盘
2063,13:06:29,203.89,61167,3,卖盘
2064,13:06:32,203.9,142726,7,买盘
2065,13:06:35,203.9,20390,1,卖盘
2066,13:06:38,203.88,61168,3,卖盘
2067,13:06:44,203.8,224224,11,卖盘
2068,13:06:47,203.91,244691,12,买盘
2069,13:06:50,203.91,20391,1,卖盘
2070,13:06:53,203.85,61161,3,卖盘
2071,13:07:02,203.79,203763,10,中性盘
2072,13:07:05,203.8,40760,2,买盘
2073,13:07:08,203.8,61133,3,中性盘
2074,13:07:11,203.74,20374,1,卖盘
2075,13:07:14,203.71,20371,1,卖盘
2076,13:07:17,203.71,20371,1,卖盘
2077,13:07:20,203.73,81492,4,卖盘
2078,13:07:23,203.72,61110,3,中性盘
2079,13:07:26,203.73,81490,4,买盘
2080,13:07:29,203.71,61115,3,中性盘
2081,13:07:35,203.7,162968,8,卖盘
2082,13:07:38,203.71,20371,1,中性盘
2083,13:07:41,203.71,40742,2,卖盘
2084,13:07:47,203.71,20371,1,中性盘
2085,13:07:53,203.77,101885,5,买盘
2086,13:07:56,203.71,61115,3,卖盘
2087,13:08:02,203.71,162968,8,买盘
2088,13:08:05,203.71,40742,2,买盘
2089,13:08:08,203.72,40743,2,买盘
2090,13:08:11,203.7,20370,1,卖盘
2091,13:08:17,203.75,81495,4,买盘
2092,13:08:20,203.81,489058,24,买盘
2093,13:08:23,203.81,224190,11,买盘
2094,13:08:32,203.8,40760,2,卖盘
2095,13:08:35,203.85,61145,3,买盘
2096,13:08:41,203.8,61148,3,卖盘
2097,13:08:44,203.81,61141,3,买盘
2098,13:08:50,203.81,224184,11,买盘
2099,13:08:53,203.81,20381,1,中性盘
2100,13:08:56,203.75,20375,1,卖盘
2101,13:08:59,203.81,122282,6,买盘
2102,13:09:02,203.81,20381,1,卖盘
2103,13:09:05,203.74,326069,16,卖盘
2104,13:09:08,203.83,122272,6,买盘
2105,13:09:11,203.72,20372,1,卖盘
2106,13:09:14,203.75,40750,2,卖盘
2107,13:09:17,203.71,162973,8,卖盘
2108,13:09:20,203.79,61127,3,中性盘
2109,13:09:23,203.74,20374,1,卖盘
2110,13:09:26,203.76,20376,1,中性盘
2111,13:09:29,203.75,20375,1,中性盘
2112,13:09:35,203.74,81496,4,卖盘
2113,13:09:38,203.74,20374,1,卖盘
2114,13:09:41,203.73,81493,4,卖盘
2115,13:09:44,203.73,40746,2,卖盘
2116,13:09:47,203.73,162991,8,卖盘
2117,13:09:56,203.75,20375,1,中性盘
2118,13:09:59,203.75,61125,3,卖盘
2119,13:10:02,203.75,20375,1,卖盘
2120,13:10:05,203.76,20376,1,买盘
2121,13:10:08,203.75,40750,2,卖盘
2122,13:10:11,203.75,20375,1,卖盘
2123,13:10:14,203.76,183376,9,买盘
2124,13:10:17,203.72,550087,27,卖盘
2125,13:10:20,203.71,61114,3,卖盘
2126,13:10:23,203.71,40742,2,卖盘
2127,13:10:29,203.72,20372,1,买盘
2128,13:10:32,203.71,224081,11,卖盘
2129,13:10:35,203.72,101857,5,买盘
2130,13:10:38,203.73,142607,7,买盘
2131,13:10:41,203.75,162988,8,买盘
2132,13:10:59,203.73,20373,1,买盘
2133,13:11:03,203.71,81487,4,卖盘
2134,13:11:05,203.73,40744,2,买盘
2135,13:11:08,203.71,325936,16,卖盘
2136,13:11:11,203.72,61114,3,买盘
2137,13:11:14,203.67,570360,28,卖盘
2138,13:11:20,203.64,20364,1,卖盘
2139,13:11:24,203.67,122195,6,买盘
2140,13:11:26,203.62,20362,1,卖盘
2141,13:11:32,203.64,20364,1,中性盘
2142,13:11:35,203.71,61106,3,买盘
2143,13:11:38,203.63,20363,1,中性盘
2144,13:11:41,203.63,20363,1,卖盘
2145,13:11:44,203.63,20363,1,卖盘
2146,13:11:50,203.62,61087,3,卖盘
2147,13:11:53,203.63,40726,2,卖盘
2148,13:11:56,203.62,20362,1,卖盘
2149,13:11:59,203.7,101827,5,买盘
2150,13:12:02,203.62,20362,1,卖盘
2151,13:12:05,203.62,101809,5,中性盘
2152,13:12:08,203.62,20362,1,卖盘
2153,13:12:11,203.63,101815,5,买盘
2154,13:12:14,203.63,162904,8,买盘
2155,13:12:20,203.69,101828,5,买盘
2156,13:12:23,203.73,101856,5,买盘
2157,13:12:38,203.72,101846,5,买盘
2158,13:12:44,203.72,20372,1,买盘
2159,13:12:50,203.69,40738,2,中性盘
2160,13:12:56,203.64,20364,1,卖盘
2161,13:12:59,203.73,142597,7,买盘
2162,13:13:05,203.65,61094,3,卖盘
2163,13:13:08,203.65,40732,2,中性盘
2164,13:13:11,203.65,40731,2,中性盘
2165,13:13:14,203.71,101851,5,买盘
2166,13:13:17,203.65,20365,1,卖盘
2167,13:13:20,203.66,61100,3,卖盘
2168,13:13:24,203.66,40733,2,卖盘
2169,13:13:26,203.7,61110,3,买盘
2170,13:13:29,203.7,40739,2,买盘
2171,13:13:32,203.71,81488,4,买盘
2172,13:13:35,203.72,325967,16,卖盘
2173,13:13:38,203.73,142607,7,买盘
2174,13:13:41,203.75,631582,31,买盘
2175,13:13:44,203.75,122265,6,卖盘
2176,13:13:50,203.75,20375,1,卖盘
2177,13:13:53,203.76,163067,8,中性盘
2178,13:13:56,203.82,20382,1,买盘
2179,13:13:59,203.82,40764,2,买盘
2180,13:14:02,203.84,20384,1,中性盘
2181,13:14:05,203.85,81539,4,买盘
2182,13:14:08,203.85,163094,8,卖盘
2183,13:14:11,203.9,285400,14,买盘
2184,13:14:14,203.88,40779,2,卖盘
2185,13:14:17,203.88,20388,1,卖盘
2186,13:14:23,203.88,101941,5,卖盘
2187,13:14:26,203.91,81561,4,买盘
2188,13:14:30,203.86,20386,1,卖盘
2189,13:14:38,203.9,40779,2,买盘
2190,13:14:44,203.9,40780,2,买盘
2191,13:14:47,203.92,101954,5,买盘
2192,13:14:53,203.91,20391,1,中性盘
2193,13:14:56,203.92,448622,22,买盘
2194,13:14:59,203.9,20390,1,买盘
2195,13:15:05,203.91,183489,9,买盘
2196,13:15:08,203.9,40778,2,买盘
2197,13:15:11,203.92,81568,4,买盘
2198,13:15:14,203.85,101930,5,卖盘
2199,13:15:17,203.92,122347,6,买盘
2200,13:15:23,203.9,40780,2,卖盘
2201,13:15:29,203.9,326240,16,卖盘
2202,13:15:32,203.92,81565,4,买盘
2203,13:15:35,203.88,20388,1,卖盘
2204,13:15:39,203.86,20386,1,卖盘
2205,13:15:41,203.83,20383,1,卖盘
2206,13:15:44,203.82,61142,3,中性盘
2207,13:15:54,203.76,20376,1,卖盘
2208,13:15:59,203.76,40752,2,卖盘
2209,13:16:02,203.76,40752,2,卖盘
2210,13:16:06,203.76,40752,2,买盘
2211,13:16:11,203.76,61128,3,买盘
2212,13:16:14,203.76,40752,2,卖盘
2213,13:16:17,203.76,40752,2,卖盘
2214,13:16:20,203.76,20376,1,卖盘
2215,13:16:24,203.76,183384,9,卖盘
2216,13:16:26,203.76,40751,2,买盘
2217,13:16:29,203.76,61126,3,买盘
2218,13:16:32,203.75,61125,3,卖盘
2219,13:16:35,203.76,20376,1,买盘
2220,13:16:41,203.75,20375,1,卖盘
2221,13:16:44,203.75,61125,3,卖盘
2222,13:16:47,203.75,40751,2,中性盘
2223,13:16:50,203.74,81496,4,卖盘
2224,13:16:56,203.73,20373,1,卖盘
2225,13:16:59,203.73,20373,1,卖盘
2226,13:17:02,203.72,61118,3,卖盘
2227,13:17:05,203.72,40746,2,卖盘
2228,13:17:14,203.72,61116,3,卖盘
2229,13:17:20,203.71,20371,1,卖盘
2230,13:17:26,203.72,20372,1,卖盘
2231,13:17:32,203.71,101858,5,卖盘
2232,13:17:35,203.71,20371,1,卖盘
2233,13:17:38,203.71,20371,1,卖盘
2234,13:17:41,203.71,20371,1,卖盘
2235,13:17:44,203.71,61111,3,买盘
2236,13:17:47,203.7,20370,1,卖盘
2237,13:17:50,203.7,40740,2,卖盘
2238,13:17:53,203.7,40740,2,卖盘
2239,13:17:56,203.69,142584,7,卖盘
2240,13:17:59,203.69,81473,4,买盘
2241,13:18:02,203.65,20365,1,卖盘
2242,13:18:05,203.69,20369,1,买盘
2243,13:18:08,203.63,61089,3,卖盘
2244,13:18:14,203.65,20365,1,买盘
2245,13:18:17,203.65,40730,2,买盘
2246,13:18:29,203.64,40728,2,卖盘
2247,13:18:32,203.62,223987,11,卖盘
2248,13:18:35,203.6,40724,2,卖盘
2249,13:18:38,203.62,122168,6,中性盘
2250,13:18:41,203.62,20362,1,中性盘
2251,13:18:59,203.64,122166,6,买盘
2252,13:19:02,203.59,40719,2,卖盘
2253,13:19:11,203.61,61083,3,卖盘
2254,13:19:14,203.63,20363,1,买盘
2255,13:19:20,203.6,20360,1,卖盘
2256,13:19:26,203.61,20361,1,买盘
2257,13:19:29,203.6,20360,1,卖盘
2258,13:19:33,203.59,122156,6,卖盘
2259,13:19:41,203.59,20359,1,卖盘
2260,13:19:47,203.59,20359,1,卖盘
2261,13:19:50,203.6,40719,2,买盘
2262,13:19:56,203.59,40718,2,卖盘
2263,13:20:02,203.59,40717,2,买盘
2264,13:20:05,203.56,40714,2,卖盘
2265,13:20:08,203.55,61067,3,卖盘
2266,13:20:20,203.53,122133,6,卖盘
2267,13:20:26,203.52,61061,3,卖盘
2268,13:20:32,203.52,61058,3,卖盘
2269,13:20:35,203.52,20352,1,中性盘
2270,13:20:39,203.51,20351,1,卖盘
2271,13:20:44,203.52,20352,1,买盘
2272,13:20:47,203.51,40702,2,卖盘
2273,13:20:50,203.51,20351,1,卖盘
2274,13:20:53,203.51,20351,1,买盘
2275,13:21:05,203.5,101750,5,卖盘
2276,13:21:08,203.51,122100,6,买盘
2277,13:21:11,203.49,20349,1,买盘
2278,13:21:14,203.5,40699,2,买盘
2279,13:21:17,203.5,40700,2,买盘
2280,13:21:23,203.5,101750,5,买盘
2281,13:21:26,203.5,142451,7,卖盘
2282,13:21:29,203.5,61049,3,卖盘
2283,13:21:32,203.51,162803,8,买盘
2284,13:21:35,203.53,341908,17,买盘
2285,13:21:38,203.6,142510,7,买盘
2286,13:21:41,203.63,40727,2,中性盘
2287,13:21:44,203.63,20363,1,买盘
2288,13:21:47,203.64,40728,2,买盘
2289,13:21:50,203.64,122164,6,买盘
2290,13:21:53,203.56,101811,5,中性盘
2291,13:22:02,203.63,61081,3,中性盘
2292,13:22:05,203.56,61070,3,卖盘
2293,13:22:08,203.62,40723,2,买盘
2294,13:22:11,203.55,40710,2,卖盘
2295,13:22:14,203.55,20355,1,中性盘
2296,13:22:17,203.56,20356,1,中性盘
2297,13:22:23,203.56,20356,1,买盘
2298,13:22:29,203.6,20360,1,买盘
2299,13:22:32,203.59,20359,1,买盘
2300,13:22:35,203.56,20356,1,中性盘
2301,13:22:41,203.58,40717,2,中性盘
2302,13:22:44,203.6,61076,3,买盘
2303,13:22:47,203.6,101800,5,买盘
2304,13:22:50,203.6,162880,8,买盘
2305,13:22:53,203.63,122176,6,买盘
2306,13:22:56,203.64,40728,2,买盘
2307,13:22:59,203.69,61102,3,买盘
2308,13:23:05,203.67,40728,2,中性盘
2309,13:23:08,203.66,20366,1,中性盘
2310,13:23:11,203.71,203684,10,买盘
2311,13:23:14,203.69,61112,3,卖盘
2312,13:23:17,203.67,101841,5,卖盘
2313,13:23:20,203.73,40745,2,买盘
2314,13:23:23,203.67,20367,1,卖盘
2315,13:23:38,203.63,61093,3,卖盘
2316,13:23:41,203.69,20369,1,买盘
2317,13:23:44,203.63,20363,1,卖盘
2318,13:23:47,203.68,61094,3,买盘
2319,13:23:56,203.68,61104,3,买盘
2320,13:23:59,203.7,81480,4,买盘
2321,13:24:02,203.7,61110,3,买盘
2322,13:24:06,203.69,40742,2,卖盘
2323,13:24:09,203.71,61110,3,中性盘
2324,13:24:11,203.66,20366,1,中性盘
2325,13:24:20,203.66,40732,2,买盘
2326,13:24:26,203.62,40726,2,卖盘
2327,13:24:30,203.64,20364,1,中性盘
2328,13:24:33,203.65,81459,4,买盘
2329,13:24:35,203.64,40727,2,买盘
2330,13:24:41,203.64,264729,13,买盘
2331,13:24:44,203.67,81462,4,买盘
2332,13:24:50,203.71,20371,1,买盘
2333,13:25:02,203.68,203697,10,中性盘
2334,13:25:09,203.69,20369,1,买盘
2335,13:25:11,203.73,20373,1,买盘
2336,13:25:14,203.72,40743,2,买盘
2337,13:25:20,203.7,61114,3,卖盘
2338,13:25:26,203.65,20365,1,卖盘
2339,13:25:29,203.66,20366,1,卖盘
2340,13:25:32,203.65,20365,1,卖盘
2341,13:25:35,203.64,40728,2,卖盘
2342,13:25:41,203.64,20364,1,卖盘
2343,13:25:47,203.65,40729,2,买盘
2344,13:25:50,203.64,20364,1,卖盘
2345,13:25:53,203.64,40729,2,卖盘
2346,13:25:56,203.64,162912,8,卖盘
2347,13:25:59,203.64,20364,1,买盘
2348,13:26:02,203.63,20363,1,卖盘
2349,13:26:05,203.65,346188,17,买盘
2350,13:26:08,203.64,61093,3,卖盘
2351,13:26:11,203.64,20364,1,卖盘
2352,13:26:14,203.64,40729,2,卖盘
2353,13:26:18,203.64,101821,5,卖盘
2354,13:26:23,203.63,20363,1,卖盘
2355,13:26:29,203.63,61089,3,卖盘
2356,13:26:32,203.62,20362,1,卖盘
2357,13:26:38,203.62,40724,2,卖盘
2358,13:26:41,203.63,61089,3,买盘
2359,13:26:44,203.62,40724,2,卖盘
2360,13:26:50,203.62,40724,2,买盘
2361,13:26:53,203.62,20362,1,买盘
2362,13:26:56,203.61,20361,1,卖盘
2363,13:26:59,203.62,20362,1,买盘
2364,13:27:02,203.62,101808,5,买盘
2365,13:27:11,203.62,20362,1,买盘
2366,13:27:14,203.62,40724,2,买盘
2367,13:27:17,203.61,203618,10,卖盘
2368,13:27:20,203.62,61086,3,买盘
2369,13:27:23,203.62,20362,1,买盘
2370,13:27:26,203.62,40724,2,卖盘
2371,13:27:29,203.63,162903,8,买盘
2372,13:27:32,203.63,40726,2,卖盘
2373,13:27:35,203.65,162914,8,买盘
2374,13:27:38,203.65,101825,5,买盘
2375,13:27:50,203.65,20365,1,卖盘
2376,13:27:53,203.7,61111,3,中性盘
2377,13:27:56,203.71,20371,1,中性盘
2378,13:27:59,203.72,81489,4,买盘
2379,13:28:03,203.72,81488,4,卖盘
2380,13:28:05,203.73,101864,5,买盘
2381,13:28:08,203.74,101870,5,买盘
2382,13:28:17,203.71,20371,1,卖盘
2383,13:28:23,203.7,20370,1,卖盘
2384,13:28:26,203.75,305591,15,买盘
2385,13:28:35,203.75,101875,5,买盘
2386,13:28:38,203.75,61125,3,买盘
2387,13:28:41,203.75,40750,2,买盘
2388,13:28:44,203.73,101872,5,中性盘
2389,13:28:47,203.75,20375,1,买盘
2390,13:28:50,203.78,264887,13,买盘
2391,13:28:53,203.79,61136,3,买盘
2392,13:28:57,203.79,61136,3,卖盘
2393,13:28:59,203.79,40758,2,买盘
2394,13:29:08,203.8,264932,13,买盘
2395,13:29:11,203.75,40752,2,卖盘
2396,13:29:14,203.75,224143,11,卖盘
2397,13:29:17,203.8,81510,4,买盘
2398,13:29:20,203.8,20380,1,买盘
2399,13:29:23,203.79,20379,1,买盘
2400,13:29:27,203.77,20377,1,卖盘
2401,13:29:29,203.8,40760,2,买盘
2402,13:29:35,203.8,142662,7,买盘
2403,13:29:38,203.8,101900,5,买盘
2404,13:29:41,203.79,40759,2,中性盘
2405,13:29:47,203.77,40755,2,卖盘
2406,13:29:50,203.76,20376,1,卖盘
2407,13:29:53,203.77,101879,5,买盘
2408,13:29:59,203.76,40753,2,中性盘
2409,13:30:02,203.76,40751,2,中性盘
2410,13:30:08,203.76,20376,1,买盘
2411,13:30:20,203.76,101876,5,买盘
2412,13:30:23,203.75,61125,3,卖盘
2413,13:30:26,203.75,81500,4,买盘
2414,13:30:29,203.76,61127,3,买盘
2415,13:30:35,203.76,20376,1,买盘
2416,13:30:38,203.77,101885,5,买盘
2417,13:30:51,203.77,101881,5,买盘
2418,13:30:53,203.77,81508,4,买盘
2419,13:30:56,203.77,40754,2,买盘
2420,13:31:02,203.76,448257,22,买盘
2421,13:31:17,203.78,40756,2,买盘
2422,13:31:20,203.77,61133,3,中性盘
2423,13:31:23,203.78,40755,2,买盘
2424,13:31:26,203.78,81512,4,买盘
2425,13:31:29,203.84,163046,8,买盘
2426,13:31:33,203.86,40771,2,买盘
2427,13:31:35,203.89,224270,11,买盘
2428,13:31:44,203.89,40779,2,卖盘
2429,13:31:47,203.9,142731,7,买盘
2430,13:31:50,203.91,61173,3,买盘
2431,13:31:53,203.94,326279,16,买盘
2432,13:31:56,203.98,122379,6,买盘
2433,13:31:59,203.98,469151,23,买盘
2434,13:32:02,203.98,142784,7,买盘
2435,13:32:05,203.98,20398,1,买盘
2436,13:32:08,203.98,183588,9,买盘
2437,13:32:11,203.97,183575,9,卖盘
2438,13:32:14,203.98,122383,6,买盘
2439,13:32:17,203.99,122390,6,买盘
2440,13:32:20,203.96,81584,4,卖盘
2441,13:32:23,203.95,346765,17,中性盘
2442,13:32:27,203.96,61188,3,买盘
2443,13:32:29,203.96,20396,1,买盘
2444,13:32:38,203.94,40788,2,卖盘
2445,13:32:41,203.95,20395,1,中性盘
2446,13:32:44,203.91,61175,3,卖盘
2447,13:32:47,203.9,61171,3,卖盘
2448,13:32:50,203.9,20390,1,卖盘
2449,13:32:53,203.92,61180,3,中性盘
2450,13:32:59,203.95,40790,2,买盘
2451,13:33:05,203.95,81579,4,买盘
2452,13:33:08,203.92,40785,2,卖盘
2453,13:33:11,203.92,1733605,85,卖盘
2454,13:33:14,203.88,163117,8,卖盘
2455,13:33:17,203.91,20391,1,买盘
2456,13:33:23,203.83,224232,11,卖盘
2457,13:33:32,203.84,20384,1,买盘
2458,13:33:35,203.81,81524,4,卖盘
2459,13:33:38,203.83,101915,5,买盘
2460,13:33:41,203.76,20376,1,卖盘
2461,13:33:44,203.86,40771,2,买盘
2462,13:33:56,203.85,101923,5,买盘
2463,13:34:02,203.85,40769,2,买盘
2464,13:34:05,203.85,61157,3,中性盘
2465,13:34:08,203.89,20389,1,买盘
2466,13:34:11,203.85,61155,3,卖盘
2467,13:34:14,203.88,20388,1,买盘
2468,13:34:17,203.85,20385,1,卖盘
2469,13:34:23,203.89,101944,5,买盘
2470,13:34:26,203.88,20388,1,卖盘
2471,13:34:32,203.87,20387,1,卖盘
2472,13:34:38,203.85,40773,2,中性盘
2473,13:34:41,203.87,20387,1,买盘
2474,13:34:48,203.77,61132,3,卖盘
2475,13:34:50,203.78,122268,6,买盘
2476,13:34:56,203.78,81512,4,买盘
2477,13:34:59,203.78,20378,1,卖盘
2478,13:35:08,203.78,40756,2,卖盘
2479,13:35:11,203.78,61133,3,买盘
2480,13:35:14,203.77,20377,1,卖盘
2481,13:35:17,203.77,40754,2,卖盘
2482,13:35:20,203.77,20377,1,卖盘
2483,13:35:23,203.77,20377,1,中性盘
2484,13:35:35,203.76,40753,2,卖盘
2485,13:35:38,203.56,1018241,50,卖盘
2486,13:35:41,203.69,20369,1,中性盘
2487,13:35:47,203.78,183367,9,买盘
2488,13:35:50,203.78,61134,3,卖盘
2489,13:35:54,203.73,40745,2,中性盘
2490,13:35:56,203.71,40743,2,卖盘
2491,13:36:05,203.68,101851,5,卖盘
2492,13:36:14,203.68,122211,6,卖盘
2493,13:36:17,203.78,40756,2,买盘
2494,13:36:26,203.78,61134,3,卖盘
2495,13:36:30,203.68,203695,10,卖盘
2496,13:36:32,203.78,61134,3,卖盘
2497,13:36:35,203.78,61134,3,买盘
2498,13:36:38,203.81,40762,2,买盘
2499,13:36:44,203.82,40764,2,买盘
2500,13:36:47,203.86,122323,6,中性盘
2501,13:36:50,203.89,40778,2,买盘
2502,13:36:53,203.89,20389,1,买盘
2503,13:36:57,203.9,163115,8,买盘
2504,13:36:59,203.89,20389,1,中性盘
2505,13:37:05,203.9,20390,1,买盘
2506,13:37:08,203.9,387410,19,买盘
2507,13:37:11,203.9,142729,7,买盘
2508,13:37:15,203.89,122335,6,卖盘
2509,13:37:17,203.89,40778,2,买盘
2510,13:37:23,203.87,20387,1,卖盘
2511,13:37:26,203.89,122332,6,买盘
2512,13:37:41,203.89,40778,2,卖盘
2513,13:37:44,203.89,20389,1,卖盘
2514,13:37:50,203.9,40780,2,买盘
2515,13:37:53,203.89,20389,1,卖盘
2516,13:37:59,203.89,244668,12,买盘
2517,13:38:02,203.9,40780,2,买盘
2518,13:38:05,203.9,244679,12,买盘
2519,13:38:08,203.91,101955,5,买盘
2520,13:38:11,203.9,203918,10,卖盘
2521,13:38:18,203.92,367056,18,买盘
2522,13:38:20,203.92,142744,7,买盘
2523,13:38:23,203.91,20391,1,卖盘
2524,13:38:26,203.92,122350,6,买盘
2525,13:38:35,203.91,20391,1,卖盘
2526,13:38:38,203.91,20391,1,卖盘
2527,13:38:41,203.9,81564,4,卖盘
2528,13:38:44,203.92,20392,1,买盘
2529,13:38:47,203.9,40781,2,卖盘
2530,13:38:53,203.89,81558,4,卖盘
2531,13:38:56,203.89,40779,2,卖盘
2532,13:38:59,203.89,61167,3,卖盘
2533,13:39:03,203.87,163103,8,卖盘
2534,13:39:05,203.89,203863,10,买盘
2535,13:39:08,203.81,61146,3,中性盘
2536,13:39:12,203.8,122281,6,卖盘
2537,13:39:15,203.75,2160232,106,卖盘
2538,13:39:17,203.69,40748,2,中性盘
2539,13:39:20,203.68,20368,1,卖盘
2540,13:39:23,203.68,20368,1,卖盘
2541,13:39:32,203.82,122291,6,买盘
2542,13:39:36,203.81,20381,1,买盘
2543,13:39:38,203.7,20370,1,卖盘
2544,13:39:41,203.8,61130,3,中性盘
2545,13:39:50,203.74,81488,4,中性盘
2546,13:39:53,203.74,81523,4,卖盘
2547,13:39:56,203.73,122260,6,中性盘
2548,13:40:02,203.74,40747,2,中性盘
2549,13:40:08,203.73,244490,12,卖盘
2550,13:40:11,203.73,40745,2,买盘
2551,13:40:17,203.82,40764,2,买盘
2552,13:40:21,203.85,40769,2,买盘
2553,13:40:23,203.85,101922,5,买盘
2554,13:40:38,203.85,20385,1,卖盘
2555,13:40:45,203.84,183468,9,卖盘
2556,13:40:47,203.87,101932,5,买盘
2557,13:40:51,203.84,40768,2,卖盘
2558,13:40:53,203.84,101923,5,卖盘
2559,13:40:56,203.85,40770,2,中性盘
2560,13:40:59,203.84,81536,4,卖盘
2561,13:41:08,203.85,163096,8,中性盘
2562,13:41:11,203.89,122332,6,买盘
2563,13:41:14,203.9,305850,15,买盘
2564,13:41:18,203.92,713652,35,买盘
2565,13:41:20,203.94,305877,15,买盘
2566,13:41:23,203.95,61184,3,买盘
2567,13:41:26,203.94,61178,3,中性盘
2568,13:41:29,203.96,122373,6,买盘
2569,13:41:32,203.92,550599,27,卖盘
2570,13:41:35,203.92,142743,7,买盘
2571,13:41:38,203.92,224311,11,买盘
2572,13:41:41,203.98,142769,7,买盘
2573,13:41:44,203.91,183538,9,卖盘
2574,13:41:47,203.96,20396,1,中性盘
2575,13:41:50,203.96,61188,3,买盘
2576,13:41:53,203.96,40792,2,买盘
2577,13:41:56,203.96,81590,4,卖盘
2578,13:41:59,203.99,81596,4,买盘
2579,13:42:02,203.97,20397,1,中性盘
2580,13:42:05,203.98,20398,1,买盘
2581,13:42:08,204.0,224384,11,买盘
2582,13:42:14,204.0,40798,2,买盘
2583,13:42:17,204.0,40800,2,买盘
2584,13:42:20,203.99,101998,5,卖盘
2585,13:42:23,204.0,81600,4,买盘
2586,13:42:26,204.0,714000,35,买盘
2587,13:42:29,204.0,61197,3,买盘
2588,13:42:32,203.99,61196,3,中性盘
2589,13:42:35,203.98,326382,16,卖盘
2590,13:42:38,203.99,448758,22,买盘
2591,13:42:42,203.92,122373,6,卖盘
2592,13:42:44,204.0,1387163,68,买盘
2593,13:42:47,203.98,469192,23,中性盘
2594,13:42:50,204.0,102000,5,买盘
2595,13:42:53,204.0,367200,18,买盘
2596,13:42:57,204.01,204006,10,买盘
2597,13:43:00,204.01,20401,1,中性盘
2598,13:43:05,204.01,163205,8,买盘
2599,13:43:08,204.0,224392,11,中性盘
2600,13:43:11,204.0,81595,4,买盘
2601,13:43:17,203.96,20396,1,卖盘
2602,13:43:20,203.95,61193,3,卖盘
2603,13:43:26,203.96,20396,1,卖盘
2604,13:43:35,203.97,61191,3,卖盘
2605,13:43:38,203.97,20397,1,中性盘
2606,13:43:41,203.98,20398,1,买盘
2607,13:43:44,203.96,40792,2,卖盘
2608,13:43:53,203.95,122373,6,卖盘
2609,13:43:56,203.94,20394,1,中性盘
2610,13:44:05,203.94,20394,1,买盘
2611,13:44:08,203.93,40786,2,卖盘
2612,13:44:15,203.93,122358,6,卖盘
2613,13:44:17,203.94,122364,6,买盘
2614,13:44:20,203.95,101975,5,买盘
2615,13:44:23,203.95,20395,1,买盘
2616,13:44:29,203.95,20395,1,买盘
2617,13:44:32,203.95,40789,2,买盘
2618,13:44:35,203.95,61185,3,中性盘
2619,13:44:38,203.94,20394,1,卖盘
2620,13:44:41,203.94,81576,4,卖盘
2621,13:44:44,203.95,20395,1,买盘
2622,13:44:47,203.93,61179,3,卖盘
2623,13:44:50,203.95,20395,1,买盘
2624,13:44:53,203.93,20393,1,卖盘
2625,13:44:56,203.95,20395,1,买盘
2626,13:44:59,203.94,101974,5,中性盘
2627,13:45:02,203.97,448687,22,买盘
2628,13:45:05,203.99,81594,4,买盘
2629,13:45:08,203.99,101989,5,买盘
2630,13:45:11,203.99,20399,1,买盘
2631,13:45:14,203.99,61197,3,买盘
2632,13:45:20,203.99,265190,13,卖盘
2633,13:45:23,204.0,285600,14,买盘
2634,13:45:26,204.02,265213,13,买盘
2635,13:45:29,204.0,20400,1,中性盘
2636,13:45:35,204.02,61205,3,买盘
2637,13:45:38,204.0,61203,3,卖盘
2638,13:45:41,204.02,61206,3,买盘
2639,13:45:50,204.01,102005,5,买盘
2640,13:45:53,204.01,20401,1,买盘
2641,13:45:56,204.01,102005,5,买盘
2642,13:46:02,204.02,102010,5,买盘
2643,13:46:05,204.01,102005,5,卖盘
2644,13:46:08,204.01,20401,1,卖盘
2645,13:46:12,204.01,265215,13,卖盘
2646,13:46:14,204.02,20402,1,买盘
2647,13:46:17,204.02,122409,6,买盘
2648,13:46:20,204.01,61204,3,卖盘
2649,13:46:23,204.01,61203,3,卖盘
2650,13:46:26,204.01,163214,8,卖盘
2651,13:46:38,204.01,102004,5,买盘
2652,13:46:44,204.01,81604,4,买盘
2653,13:46:47,204.02,367236,18,买盘
2654,13:46:53,204.02,142812,7,买盘
2655,13:46:56,204.02,40804,2,买盘
2656,13:47:02,204.03,20403,1,买盘
2657,13:47:05,204.02,40804,2,卖盘
2658,13:47:08,204.02,265233,13,卖盘
2659,13:47:11,204.02,40804,2,卖盘
2660,13:47:14,204.01,81606,4,卖盘
2661,13:47:17,204.0,81600,4,卖盘
2662,13:47:20,204.02,61204,3,买盘
2663,13:47:26,204.01,40804,2,卖盘
2664,13:47:32,204.02,183617,9,买盘
2665,13:47:35,204.0,20400,1,卖盘
2666,13:47:38,204.01,20401,1,买盘
2667,13:47:50,204.01,61203,3,买盘
2668,13:47:53,204.0,20400,1,卖盘
2669,13:47:56,204.01,81604,4,买盘
2670,13:47:59,204.0,61200,3,卖盘
2671,13:48:08,203.99,61197,3,卖盘
2672,13:48:11,203.99,101995,5,卖盘
2673,13:48:17,203.98,20398,1,卖盘
2674,13:48:20,203.99,101993,5,买盘
2675,13:48:23,203.98,61194,3,买盘
2676,13:48:27,203.98,40796,2,买盘
2677,13:48:29,203.97,20397,1,卖盘
2678,13:48:32,203.97,20397,1,卖盘
2679,13:48:38,203.97,20397,1,卖盘
2680,13:48:41,203.97,81588,4,中性盘
2681,13:48:44,203.97,265155,13,买盘
2682,13:48:47,203.95,81584,4,卖盘
2683,13:48:50,203.95,20395,1,卖盘
2684,13:48:59,203.95,61185,3,卖盘
2685,13:49:08,203.95,40789,2,买盘
2686,13:49:14,203.93,40786,2,卖盘
2687,13:49:17,203.92,183535,9,卖盘
2688,13:49:20,203.95,61182,3,买盘
2689,13:49:26,203.92,61176,3,卖盘
2690,13:49:29,203.93,244714,12,买盘
2691,13:49:32,203.91,101957,5,卖盘
2692,13:49:35,203.91,20391,1,卖盘
2693,13:49:38,203.92,40783,2,买盘
2694,13:49:41,203.91,40782,2,卖盘
2695,13:49:53,203.9,101950,5,卖盘
2696,13:49:56,203.88,61164,3,卖盘
2697,13:49:59,203.87,20387,1,卖盘
2698,13:50:05,203.83,61148,3,中性盘
2699,13:50:08,203.84,40768,2,中性盘
2700,13:50:11,203.88,81540,4,买盘
2701,13:50:14,203.88,20388,1,买盘
2702,13:50:17,203.88,81546,4,买盘
2703,13:50:20,203.85,163095,8,中性盘
2704,13:50:23,203.82,122300,6,卖盘
2705,13:50:26,203.83,81534,4,中性盘
2706,13:50:32,203.83,20383,1,中性盘
2707,13:50:35,203.82,40764,2,卖盘
2708,13:50:41,203.82,20382,1,卖盘
2709,13:50:44,203.82,20382,1,卖盘
2710,13:50:50,203.82,81528,4,卖盘
2711,13:50:53,203.82,20382,1,卖盘
2712,13:50:56,203.82,20382,1,卖盘
2713,13:51:02,203.8,163044,8,卖盘
2714,13:51:05,203.8,40962,2,中性盘
2715,13:51:08,203.8,20380,1,买盘
2716,13:51:11,203.79,60934,3,卖盘
2717,13:51:14,203.79,61135,3,买盘
2718,13:51:18,203.79,61137,3,买盘
2719,13:51:23,203.75,346399,17,卖盘
2720,13:51:29,203.75,162999,8,买盘
2721,13:51:35,203.79,366758,18,买盘
2722,13:51:38,203.84,530073,26,买盘
2723,13:51:41,203.8,20380,1,卖盘
2724,13:51:47,203.8,61142,3,卖盘
2725,13:51:50,203.85,20385,1,买盘
2726,13:51:56,203.82,101919,5,卖盘
2727,13:51:59,203.85,20385,1,中性盘
2728,13:52:05,203.87,61158,3,买盘
2729,13:52:08,203.82,183442,9,卖盘
2730,13:52:14,203.81,101908,5,卖盘
2731,13:52:17,203.81,81526,4,卖盘
2732,13:52:20,203.81,20381,1,卖盘
2733,13:52:23,203.79,81518,4,卖盘
2734,13:52:29,203.79,81519,4,卖盘
2735,13:52:32,203.81,122281,6,买盘
2736,13:52:35,203.8,61140,3,买盘
2737,13:52:44,203.82,224199,11,买盘
2738,13:52:50,203.84,40768,2,卖盘
2739,13:52:53,203.9,61160,3,买盘
2740,13:52:56,203.82,20382,1,卖盘
2741,13:52:59,203.82,20382,1,卖盘
2742,13:53:02,203.87,40773,2,买盘
2743,13:53:11,203.83,40765,2,中性盘
2744,13:53:14,203.82,20382,1,卖盘
2745,13:53:17,203.82,40764,2,卖盘
2746,13:53:20,203.83,40766,2,买盘
2747,13:53:23,203.84,20384,1,买盘
2748,13:53:29,203.88,61155,3,买盘
2749,13:53:32,203.87,101942,5,中性盘
2750,13:53:35,203.84,40768,2,中性盘
2751,13:53:41,203.88,163078,8,中性盘
2752,13:53:47,203.91,407812,20,买盘
2753,13:53:50,203.91,20391,1,买盘
2754,13:53:53,203.92,81565,4,买盘
2755,13:54:02,203.92,265065,13,买盘
2756,13:54:05,203.91,20391,1,中性盘
2757,13:54:08,203.91,20391,1,买盘
2758,13:54:12,203.92,20392,1,买盘
2759,13:54:14,203.89,101947,5,卖盘
2760,13:54:20,203.89,122336,6,卖盘
2761,13:54:23,203.93,20393,1,买盘
2762,13:54:26,203.89,61167,3,卖盘
2763,13:54:32,203.91,81562,4,买盘
2764,13:54:35,203.9,20390,1,卖盘
2765,13:54:38,203.89,142724,7,卖盘
2766,13:54:41,203.9,40780,2,买盘
2767,13:54:53,203.9,20390,1,买盘
2768,13:54:56,203.9,61171,3,买盘
2769,13:55:02,203.9,40780,2,卖盘
2770,13:55:05,203.9,61172,3,卖盘
2771,13:55:11,203.9,40780,2,卖盘
2772,13:55:14,203.91,61171,3,买盘
2773,13:55:17,203.9,20390,1,卖盘
2774,13:55:20,203.9,20390,1,卖盘
2775,13:55:26,203.9,61170,3,卖盘
2776,13:55:29,203.91,81559,4,买盘
2777,13:55:42,203.89,61167,3,卖盘
2778,13:55:44,203.91,122346,6,买盘
2779,13:55:47,203.9,61170,3,买盘
2780,13:55:53,203.9,81560,4,中性盘
2781,13:56:02,203.9,61170,3,买盘
2782,13:56:05,203.92,509773,25,买盘
2783,13:56:08,203.9,40780,2,买盘
2784,13:56:11,203.9,20390,1,中性盘
2785,13:56:17,203.9,101949,5,买盘
2786,13:56:23,203.92,40784,2,买盘
2787,13:56:35,203.92,81566,4,买盘
2788,13:56:47,203.9,20390,1,卖盘
2789,13:56:53,203.92,142735,7,买盘
2790,13:56:59,203.91,20391,1,买盘
2791,13:57:02,203.89,224283,11,卖盘
2792,13:57:05,203.85,713603,35,卖盘
2793,13:57:08,203.88,81546,4,中性盘
2794,13:57:11,203.8,40761,2,卖盘
2795,13:57:14,203.81,20381,1,中性盘
2796,13:57:20,203.86,81539,4,买盘
2797,13:57:29,203.85,20385,1,买盘
2798,13:57:32,203.86,20386,1,买盘
2799,13:57:38,203.85,20385,1,卖盘
2800,13:57:41,203.86,61157,3,买盘
2801,13:57:44,203.88,61160,3,买盘
2802,13:57:53,203.89,183497,9,买盘
2803,13:57:56,203.91,122343,6,买盘
2804,13:58:02,203.88,61165,3,卖盘
2805,13:58:05,203.93,81570,4,买盘
2806,13:58:08,203.93,40784,2,买盘
2807,13:58:17,203.91,20391,1,买盘
2808,13:58:23,203.92,20392,1,买盘
2809,13:58:26,203.9,20390,1,中性盘
2810,13:58:32,203.91,20391,1,中性盘
2811,13:58:38,203.9,40780,2,卖盘
2812,13:58:41,203.9,20390,1,买盘
2813,13:58:44,203.9,20390,1,买盘
2814,13:58:51,203.89,367002,18,卖盘
2815,13:58:53,203.89,40778,2,卖盘
2816,13:58:59,203.88,61166,3,卖盘
2817,13:59:02,203.89,40777,2,买盘
2818,13:59:05,203.88,163105,8,卖盘
2819,13:59:08,203.88,40776,2,卖盘
2820,13:59:11,203.87,20387,1,卖盘
2821,13:59:14,203.88,20388,1,买盘
2822,13:59:20,203.86,20386,1,卖盘
2823,13:59:23,203.85,203858,10,卖盘
2824,13:59:27,203.87,40774,2,买盘
2825,13:59:32,203.86,40772,2,卖盘
2826,13:59:47,203.86,20386,1,卖盘
2827,13:59:56,203.86,61161,3,卖盘
2828,14:00:02,203.87,40774,2,中性盘
2829,14:00:05,203.88,40776,2,买盘
2830,14:00:08,203.87,163096,8,中性盘
2831,14:00:14,203.87,40774,2,买盘
2832,14:00:29,203.86,20386,1,卖盘
2833,14:00:32,203.87,61161,3,买盘
2834,14:00:35,203.87,101935,5,买盘
2835,14:00:47,203.88,61164,3,买盘
2836,14:00:53,203.87,101935,5,卖盘
2837,14:00:56,203.88,509670,25,买盘
2838,14:00:59,203.88,101938,5,中性盘
2839,14:01:02,203.85,122313,6,卖盘
2840,14:01:05,203.85,61156,3,卖盘
2841,14:01:08,203.86,40772,2,买盘
2842,14:01:11,203.88,61159,3,买盘
2843,14:01:17,203.88,101944,5,中性盘
2844,14:01:20,203.88,20388,1,买盘
2845,14:01:23,203.86,40773,2,中性盘
2846,14:01:26,203.9,61168,3,买盘
2847,14:01:29,203.88,81557,4,卖盘
2848,14:01:32,203.88,81552,4,卖盘
2849,14:01:35,203.89,81556,4,买盘
2850,14:01:41,203.88,224272,11,卖盘
2851,14:01:44,203.89,122331,6,买盘
2852,14:01:47,203.87,285427,14,卖盘
2853,14:01:50,203.87,61161,3,买盘
2854,14:01:59,203.86,61158,3,卖盘
2855,14:02:02,203.87,20387,1,买盘
2856,14:02:05,203.87,265027,13,买盘
2857,14:02:11,203.87,142708,7,买盘
2858,14:02:14,203.86,244646,12,卖盘
2859,14:02:17,203.87,122319,6,买盘
2860,14:02:23,203.86,326178,16,卖盘
2861,14:02:26,203.86,20386,1,卖盘
2862,14:02:29,203.87,61161,3,买盘
2863,14:02:32,203.86,81544,4,卖盘
2864,14:02:38,203.87,81548,4,买盘
2865,14:02:44,203.86,101933,5,卖盘
2866,14:02:47,203.87,122322,6,买盘
2867,14:02:50,203.87,122322,6,买盘
2868,14:02:53,203.87,40774,2,买盘
2869,14:02:56,203.85,611553,30,卖盘
2870,14:03:02,203.82,61145,3,买盘
2871,14:03:08,203.81,20381,1,卖盘
2872,14:03:11,203.81,40762,2,卖盘
2873,14:03:14,203.81,20381,1,买盘
2874,14:03:17,203.81,81524,4,买盘
2875,14:03:20,203.8,20380,1,卖盘
2876,14:03:23,203.8,81520,4,卖盘
2877,14:03:26,203.8,20380,1,卖盘
2878,14:03:29,203.81,61141,3,买盘
2879,14:03:35,203.81,448380,22,买盘
2880,14:03:38,203.87,122304,6,买盘
2881,14:03:44,203.87,20387,1,买盘
2882,14:03:47,203.87,61160,3,买盘
2883,14:03:53,203.83,40767,2,卖盘
2884,14:03:56,203.87,101934,5,买盘
2885,14:03:59,203.89,203874,10,买盘
2886,14:04:02,203.86,163068,8,买盘
2887,14:04:05,203.84,101922,5,卖盘
2888,14:04:08,203.84,122305,6,中性盘
2889,14:04:11,203.84,40768,2,买盘
2890,14:04:14,203.83,61149,3,卖盘
2891,14:04:17,203.83,40767,2,中性盘
2892,14:04:20,203.82,81531,4,卖盘
2893,14:04:23,203.83,40766,2,买盘
2894,14:04:29,203.85,163073,8,买盘
2895,14:04:32,203.85,20385,1,卖盘
2896,14:04:38,203.83,61151,3,卖盘
2897,14:04:41,203.83,224213,11,卖盘
2898,14:04:47,203.84,20384,1,卖盘
2899,14:04:50,203.83,40768,2,卖盘
2900,14:04:56,203.84,20384,1,卖盘
2901,14:04:59,203.82,40767,2,卖盘
2902,14:05:05,203.83,20383,1,卖盘
2903,14:05:08,203.82,285372,14,卖盘
2904,14:05:14,203.83,101917,5,中性盘
2905,14:05:17,203.83,61149,3,买盘
2906,14:05:20,203.85,20385,1,卖盘
2907,14:05:24,203.86,20386,1,买盘
2908,14:05:26,203.86,244627,12,买盘
2909,14:05:32,203.87,122319,6,买盘
2910,14:05:35,203.85,61157,3,卖盘
2911,14:05:41,203.89,407757,20,买盘
2912,14:05:44,203.89,122331,6,买盘
2913,14:05:47,203.89,183501,9,买盘
2914,14:05:50,203.88,387366,19,卖盘
2915,14:05:56,203.88,122331,6,卖盘
2916,14:05:59,203.88,163105,8,卖盘
2917,14:06:02,203.88,20388,1,卖盘
2918,14:06:05,203.88,61166,3,卖盘
2919,14:06:11,203.89,326223,16,买盘
2920,14:06:14,203.89,20389,1,买盘
2921,14:06:17,203.88,61165,3,卖盘
2922,14:06:20,203.89,81556,4,买盘
2923,14:06:26,203.88,122328,6,卖盘
2924,14:06:29,203.88,61164,3,买盘
2925,14:06:32,203.88,20388,1,买盘
2926,14:06:41,203.88,61163,3,买盘
2927,14:06:44,203.87,509678,25,卖盘
2928,14:06:51,203.88,40775,2,买盘
2929,14:06:53,203.87,20387,1,卖盘
2930,14:06:56,203.88,40775,2,买盘
2931,14:06:59,203.88,122328,6,买盘
2932,14:07:02,203.89,81553,4,买盘
2933,14:07:05,203.89,81550,4,买盘
2934,14:07:08,203.9,367008,18,买盘
2935,14:07:11,203.89,61165,3,买盘
2936,14:07:14,203.88,101947,5,卖盘
2937,14:07:17,203.88,101939,5,买盘
2938,14:07:23,203.88,61164,3,买盘
2939,14:07:29,203.92,285460,14,买盘
2940,14:07:32,203.93,81572,4,买盘
2941,14:07:35,203.92,101963,5,卖盘
2942,14:07:38,203.95,40790,2,买盘
2943,14:07:41,203.97,326294,16,买盘
2944,14:07:47,203.94,122366,6,卖盘
2945,14:07:50,203.92,20392,1,买盘
2946,14:07:53,203.92,20392,1,买盘
2947,14:07:56,203.91,203919,10,卖盘
2948,14:07:59,203.96,163140,8,买盘
2949,14:08:02,203.97,20397,1,买盘
2950,14:08:05,203.93,40787,2,卖盘
2951,14:08:08,203.94,40788,2,买盘
2952,14:08:11,203.96,101972,5,买盘
2953,14:08:17,203.97,40794,2,买盘
2954,14:08:23,203.97,61189,3,买盘
2955,14:08:26,203.95,305938,15,卖盘
2956,14:08:29,203.96,469042,23,买盘
2957,14:08:32,203.91,20391,1,中性盘
2958,14:08:35,203.91,61169,3,买盘
2959,14:08:38,203.9,40780,2,买盘
2960,14:08:45,203.87,101939,5,卖盘
2961,14:08:47,203.88,122326,6,中性盘
2962,14:08:50,203.88,101940,5,卖盘
2963,14:08:53,203.87,101936,5,卖盘
2964,14:08:56,203.86,122323,6,卖盘
2965,14:08:59,203.85,40770,2,卖盘
2966,14:09:02,203.85,40770,2,卖盘
2967,14:09:05,203.82,40765,2,卖盘
2968,14:09:08,203.8,224180,11,卖盘
2969,14:09:11,203.8,224184,11,卖盘
2970,14:09:14,203.8,122288,6,卖盘
2971,14:09:17,203.8,40760,2,卖盘
2972,14:09:20,203.82,40764,2,卖盘
2973,14:09:23,203.82,40764,2,卖盘
2974,14:09:26,203.82,40764,2,卖盘
2975,14:09:30,203.82,81532,4,卖盘
2976,14:09:32,203.83,81529,4,中性盘
2977,14:09:35,203.84,122298,6,买盘
2978,14:09:38,203.82,122299,6,卖盘
2979,14:09:44,203.82,40764,2,卖盘
2980,14:09:47,203.82,101910,5,卖盘
2981,14:09:50,203.82,81530,4,卖盘
2982,14:09:53,203.82,101910,5,卖盘
2983,14:09:56,203.82,61147,3,卖盘
2984,14:09:59,203.82,40764,2,卖盘
2985,14:10:02,203.82,163056,8,卖盘
2986,14:10:05,203.82,163058,8,卖盘
2987,14:10:08,203.83,163062,8,买盘
2988,14:10:11,203.83,61147,3,中性盘
2989,14:10:14,203.83,20383,1,买盘
2990,14:10:17,203.82,61148,3,卖盘
2991,14:10:20,203.82,20382,1,卖盘
2992,14:10:23,203.82,570696,28,卖盘
2993,14:10:26,203.82,163057,8,卖盘
2994,14:10:29,203.82,81528,4,卖盘
2995,14:10:32,203.8,448392,22,卖盘
2996,14:10:35,203.81,346491,17,买盘
2997,14:10:38,203.81,366837,18,买盘
2998,14:10:41,203.76,81505,4,卖盘
2999,14:10:44,203.75,203764,10,卖盘
3000,14:10:47,203.76,20376,1,中性盘
3001,14:10:50,203.7,305592,15,卖盘
3002,14:10:53,203.7,81496,4,卖盘
3003,14:10:59,203.71,61119,3,卖盘
3004,14:11:02,203.7,142616,7,卖盘
3005,14:11:05,203.71,40742,2,中性盘
3006,14:11:08,203.71,40743,2,卖盘
3007,14:11:11,203.76,325952,16,买盘
3008,14:11:14,203.71,20371,1,买盘
3009,14:11:17,203.71,40741,2,买盘
3010,14:11:20,203.72,305593,15,买盘
3011,14:11:23,203.71,122232,6,卖盘
3012,14:11:26,203.72,81485,4,中性盘
3013,14:11:29,203.81,61134,3,买盘
3014,14:11:32,203.74,61117,3,中性盘
3015,14:11:35,203.74,61122,3,卖盘
3016,14:11:39,203.72,20372,1,卖盘
3017,14:11:41,203.73,81491,4,中性盘
3018,14:11:44,203.71,40743,2,卖盘
3019,14:11:47,203.71,81484,4,卖盘
3020,14:11:50,203.71,61113,3,卖盘
3021,14:11:53,203.71,142597,7,卖盘
3022,14:11:56,203.75,692632,34,买盘
3023,14:11:59,203.71,20371,1,卖盘
3024,14:12:08,203.74,40748,2,买盘
3025,14:12:11,203.72,203719,10,买盘
3026,14:12:14,203.71,305565,15,卖盘
3027,14:12:17,203.72,162972,8,买盘
3028,14:12:20,203.72,61115,3,买盘
3029,14:12:26,203.71,101856,5,卖盘
3030,14:12:29,203.72,101857,5,买盘
3031,14:12:32,203.71,122231,6,卖盘
3032,14:12:35,203.72,61115,3,买盘
3033,14:12:38,203.71,20371,1,卖盘
3034,14:12:41,203.71,40742,2,卖盘
3035,14:12:44,203.71,61113,3,卖盘
3036,14:12:47,203.71,20371,1,卖盘
3037,14:12:50,203.71,101857,5,卖盘
3038,14:12:53,203.72,81487,4,买盘
3039,14:12:56,203.71,40742,2,卖盘
3040,14:12:59,203.71,264829,13,卖盘
3041,14:13:05,203.71,81485,4,卖盘
3042,14:13:08,203.72,101858,5,买盘
3043,14:13:11,203.71,61113,3,卖盘
3044,14:13:14,203.72,325951,16,买盘
3045,14:13:17,203.78,264856,13,买盘
3046,14:13:21,203.8,183412,9,买盘
3047,14:13:26,203.78,81508,4,买盘
3048,14:13:32,203.77,61131,3,中性盘
3049,14:13:35,203.79,203784,10,买盘
3050,14:13:38,203.78,183405,9,买盘
3051,14:13:41,203.77,61131,3,买盘
3052,14:13:44,203.77,20377,1,买盘
3053,14:13:47,203.75,81502,4,卖盘
3054,14:13:53,203.75,40750,2,卖盘
3055,14:13:56,203.75,81501,4,卖盘
3056,14:13:59,203.75,61119,3,中性盘
3057,14:14:02,203.75,61125,3,卖盘
3058,14:14:05,203.72,101860,5,卖盘
3059,14:14:08,203.71,468533,23,卖盘
3060,14:14:11,203.72,101858,5,买盘
3061,14:14:17,203.72,40744,2,卖盘
3062,14:14:20,203.72,81496,4,卖盘
3063,14:14:23,203.71,101857,5,卖盘
3064,14:14:26,203.8,81504,4,买盘
3065,14:14:29,203.72,40744,2,买盘
3066,14:14:35,203.71,509304,25,卖盘
3067,14:14:41,203.72,142625,7,卖盘
3068,14:14:44,203.79,81502,4,买盘
3069,14:14:47,203.8,81498,4,买盘
3070,14:14:51,203.73,163051,8,中性盘
3071,14:14:59,203.81,40762,2,买盘
3072,14:15:02,203.83,61146,3,买盘
3073,14:15:08,203.85,183451,9,买盘
3074,14:15:11,203.74,81509,4,卖盘
3075,14:15:17,203.88,40774,2,买盘
3076,14:15:20,203.89,40777,2,买盘
3077,14:15:23,203.89,40778,2,卖盘
3078,14:15:26,203.9,142722,7,买盘
3079,14:15:29,203.94,20394,1,买盘
3080,14:15:32,203.97,81588,4,买盘
3081,14:15:35,203.9,20390,1,卖盘
3082,14:15:38,203.9,265080,13,卖盘
3083,14:15:41,203.97,20397,1,买盘
3084,14:15:44,203.91,20391,1,卖盘
3085,14:15:47,203.9,20390,1,卖盘
3086,14:15:50,203.98,142781,7,买盘
3087,14:15:53,203.99,101995,5,买盘
3088,14:15:56,203.9,20390,1,卖盘
3089,14:15:59,203.91,81566,4,中性盘
3090,14:16:08,203.99,530324,26,买盘
3091,14:16:11,204.0,122399,6,买盘
3092,14:16:14,204.0,61198,3,买盘
3093,14:16:20,203.99,203990,10,卖盘
3094,14:16:29,203.99,101995,5,卖盘
3095,14:16:32,203.99,244795,12,卖盘
3096,14:16:35,204.0,81600,4,买盘
3097,14:16:38,204.0,122400,6,买盘
3098,14:16:41,204.0,101998,5,买盘
3099,14:16:44,203.99,20399,1,卖盘
3100,14:16:47,203.99,61197,3,卖盘
3101,14:16:50,204.0,61198,3,买盘
