,成交时间,成交价格,成交金额,成交量,性质
0,09:25:02,204.69,2558625,125,卖盘
1,09:30:05,204.49,736606,36,卖盘
2,09:30:08,204.69,1165631,57,买盘
3,09:30:11,204.7,716566,35,中性盘
4,09:30:14,204.7,368460,18,卖盘
5,09:30:17,204.72,1064469,52,中性盘
6,09:30:20,204.73,133074,7,买盘
7,09:30:23,204.99,286643,14,买盘
8,09:30:26,204.82,122883,6,卖盘
9,09:30:29,204.84,122869,6,中性盘
10,09:30:32,204.82,163932,8,买盘
11,09:30:35,204.73,327757,16,卖盘
12,09:30:38,204.73,184342,9,卖盘
13,09:30:41,204.95,61453,3,中性盘
14,09:30:44,204.73,532621,26,卖盘
15,09:30:47,204.73,204742,10,卖盘
16,09:30:50,205.0,81939,4,买盘
17,09:30:53,204.99,286999,14,中性盘
18,09:30:56,204.99,184499,9,中性盘
19,09:30:59,204.74,901659,44,卖盘
20,09:31:02,204.74,1474127,72,买盘
21,09:31:05,204.74,1146606,56,买盘
22,09:31:08,204.99,102471,5,买盘
23,09:31:11,204.8,184476,9,卖盘
24,09:31:14,205.14,20514,1,中性盘
25,09:31:17,204.99,225568,11,卖盘
26,09:31:20,205.0,123013,6,中性盘
27,09:31:23,205.01,61541,3,中性盘
28,09:31:26,205.03,246017,12,买盘
29,09:31:29,205.37,82148,4,买盘
30,09:31:32,205.14,82122,4,中性盘
31,09:31:35,205.37,61610,3,买盘
32,09:31:38,205.37,164296,8,买盘
33,09:31:41,205.38,246465,12,买盘
34,09:31:44,205.42,82177,4,中性盘
35,09:31:47,205.16,616071,30,卖盘
36,09:31:50,205.36,41072,2,买盘
37,09:31:53,205.15,164120,8,卖盘
38,09:31:56,205.1,143601,7,卖盘
39,09:31:59,204.99,492106,24,卖盘
40,09:32:02,204.82,327933,16,中性盘
41,09:32:05,204.97,143465,7,中性盘
42,09:32:08,204.76,40956,2,卖盘
43,09:32:11,204.71,962655,47,卖盘
44,09:32:14,204.68,255874,13,卖盘
45,09:32:17,204.7,245597,12,中性盘
46,09:32:20,204.45,1247513,61,卖盘
47,09:32:23,204.45,715438,35,买盘
48,09:32:26,204.2,224713,11,卖盘
49,09:32:29,204.38,306472,15,买盘
50,09:32:32,204.38,408767,20,卖盘
51,09:32:35,204.01,1408586,69,卖盘
52,09:32:38,204.38,143012,7,买盘
53,09:32:41,204.37,81743,4,中性盘
54,09:32:44,204.09,347250,17,卖盘
55,09:32:47,204.38,102181,5,买盘
56,09:32:50,204.17,163441,8,卖盘
57,09:32:53,204.2,81668,4,中性盘
58,09:32:56,204.17,102088,5,卖盘
59,09:32:59,204.2,183771,9,中性盘
60,09:33:02,204.01,1836401,90,卖盘
61,09:33:05,203.9,1182956,58,卖盘
62,09:33:08,203.95,244717,12,买盘
63,09:33:11,203.88,163104,8,卖盘
64,09:33:14,203.88,122318,6,买盘
65,09:33:17,203.85,81529,4,中性盘
66,09:33:20,203.85,489187,24,买盘
67,09:33:23,203.81,611439,30,卖盘
68,09:33:26,203.89,672720,33,买盘
69,09:33:29,203.85,285469,14,卖盘
70,09:33:32,203.81,285370,14,卖盘
71,09:33:35,203.88,244628,12,买盘
72,09:33:38,203.89,1121325,55,买盘
73,09:33:41,203.81,387270,19,卖盘
74,09:33:44,203.82,428020,21,中性盘
75,09:33:47,203.81,448394,22,卖盘
76,09:33:50,203.83,428001,21,买盘
77,09:33:53,203.85,81544,4,买盘
78,09:33:56,203.82,387366,19,卖盘
79,09:33:59,203.82,122305,6,卖盘
80,09:34:02,203.83,183477,9,中性盘
81,09:34:05,203.82,326115,16,卖盘
82,09:34:08,204.0,61168,3,买盘
83,09:34:11,203.87,2690507,132,中性盘
84,09:34:14,204.0,142774,7,买盘
85,09:34:17,203.82,6583593,323,卖盘
86,09:34:20,203.88,448577,22,卖盘
87,09:34:23,203.87,40770,2,中性盘
88,09:34:26,204.0,509731,25,买盘
89,09:34:29,203.84,40769,2,卖盘
90,09:34:32,204.1,469005,23,买盘
91,09:34:35,204.16,142868,7,买盘
92,09:34:38,203.89,204049,10,卖盘
93,09:34:41,203.92,265203,13,买盘
94,09:34:44,203.92,122383,6,卖盘
95,09:34:47,204.0,81594,4,买盘
96,09:34:50,203.84,835937,41,卖盘
97,09:34:53,203.68,2791591,137,卖盘
98,09:34:56,203.89,366659,18,买盘
99,09:34:59,203.92,346640,17,买盘
100,09:35:02,203.89,224344,11,卖盘
101,09:35:05,203.9,693209,34,买盘
102,09:35:08,203.94,20394,1,买盘
103,09:35:11,203.89,285500,14,卖盘
104,09:35:14,203.88,142724,7,卖盘
105,09:35:17,203.9,509753,25,买盘
106,09:35:20,203.92,61175,3,买盘
107,09:35:23,203.91,265091,13,卖盘
108,09:35:26,203.91,265066,13,中性盘
109,09:35:29,203.88,183500,9,卖盘
110,09:35:32,203.88,672743,33,卖盘
111,09:35:35,203.8,224206,11,卖盘
112,09:35:38,203.74,183407,9,卖盘
113,09:35:41,203.74,101870,5,买盘
114,09:35:44,203.74,81492,4,买盘
115,09:35:47,203.7,427816,21,卖盘
116,09:35:50,203.74,20374,1,卖盘
117,09:35:53,203.74,101886,5,卖盘
118,09:35:56,203.74,101875,5,卖盘
119,09:35:59,203.74,224113,11,卖盘
120,09:36:02,203.7,875921,43,卖盘
121,09:36:05,203.69,203696,10,卖盘
122,09:36:08,203.74,570402,28,买盘
123,09:36:11,203.79,203737,10,买盘
124,09:36:14,203.88,1059809,52,买盘
125,09:36:17,203.84,244552,12,中性盘
126,09:36:20,203.79,81534,4,卖盘
127,09:36:23,203.9,101935,5,买盘
128,09:36:26,203.79,224199,11,中性盘
129,09:36:29,203.9,305849,15,买盘
130,09:36:32,203.79,122314,6,卖盘
131,09:36:38,203.8,305716,15,卖盘
132,09:36:41,203.77,101900,5,卖盘
133,09:36:44,203.88,203812,10,买盘
134,09:36:47,203.79,142650,7,卖盘
135,09:36:50,203.79,142653,7,买盘
136,09:36:53,203.79,40756,2,买盘
137,09:36:56,203.77,40756,2,中性盘
138,09:36:59,203.79,224160,11,买盘
139,09:37:02,203.75,325998,16,卖盘
140,09:37:05,203.76,183337,9,中性盘
141,09:37:08,203.76,40745,2,买盘
142,09:37:11,203.75,244502,12,买盘
143,09:37:14,203.69,81488,4,卖盘
144,09:37:17,203.75,101862,5,买盘
145,09:37:20,203.76,101876,5,买盘
146,09:37:23,203.76,101876,5,买盘
147,09:37:26,203.77,101877,5,买盘
148,09:37:29,203.77,366760,18,买盘
149,09:37:32,203.76,163009,8,卖盘
150,09:37:35,203.7,550078,27,卖盘
151,09:37:38,203.7,203699,10,买盘
152,09:37:41,203.7,529593,26,买盘
153,09:37:44,203.69,224068,11,中性盘
154,09:37:47,203.69,305530,15,买盘
155,09:37:50,203.68,203684,10,卖盘
156,09:37:53,203.69,325892,16,买盘
157,09:37:56,203.69,244421,12,买盘
158,09:37:59,203.68,407369,20,卖盘
159,09:38:02,203.69,529568,26,中性盘
160,09:38:05,203.69,325912,16,卖盘
161,09:38:08,203.68,101840,5,卖盘
162,09:38:11,203.66,122206,6,卖盘
163,09:38:14,203.68,203675,10,买盘
164,09:38:17,203.66,285146,14,卖盘
165,09:38:20,203.67,488789,24,中性盘
166,09:38:23,203.66,448068,22,卖盘
167,09:38:26,203.71,549932,27,买盘
168,09:38:29,203.68,264786,13,卖盘
169,09:38:32,203.8,855791,42,买盘
170,09:38:35,203.8,264930,13,买盘
171,09:38:38,203.8,224180,11,买盘
172,09:38:44,203.9,122300,6,买盘
173,09:38:47,203.83,20383,1,中性盘
174,09:38:50,203.88,81556,4,中性盘
175,09:38:53,203.9,387410,19,买盘
176,09:38:56,203.99,81596,4,买盘
177,09:38:59,203.99,81596,4,买盘
178,09:39:02,203.9,142730,7,卖盘
179,09:39:05,203.9,224327,11,卖盘
180,09:39:08,203.9,244672,12,中性盘
181,09:39:11,203.83,265000,13,卖盘
182,09:39:14,203.98,40788,2,买盘
183,09:39:17,203.83,387347,19,卖盘
184,09:39:23,203.83,101914,5,买盘
185,09:39:26,203.81,305768,15,卖盘
186,09:39:29,203.82,101910,5,中性盘
187,09:39:32,203.8,1243345,61,卖盘
188,09:39:35,203.8,163039,8,买盘
189,09:39:38,204.0,754083,37,买盘
190,09:39:41,203.81,40762,2,卖盘
191,09:39:44,203.86,101924,5,中性盘
192,09:39:47,203.99,40797,2,买盘
193,09:39:50,203.81,224191,11,卖盘
194,09:39:53,203.81,101905,5,卖盘
195,09:39:56,203.81,81528,4,中性盘
196,09:39:59,203.85,224188,11,买盘
197,09:40:02,203.8,101902,5,卖盘
198,09:40:05,203.84,163048,8,中性盘
199,09:40:08,203.84,183455,9,买盘
200,09:40:11,203.83,81534,4,卖盘
201,09:40:14,203.83,264991,13,中性盘
202,09:40:20,203.8,346464,17,卖盘
203,09:40:23,203.8,81520,4,卖盘
204,09:40:26,203.8,142671,7,卖盘
205,09:40:29,203.85,244594,12,买盘
206,09:40:32,203.85,203843,10,买盘
207,09:40:38,203.85,61155,3,买盘
208,09:40:41,203.85,101925,5,买盘
209,09:40:44,203.84,81537,4,卖盘
210,09:40:47,203.84,1019201,50,卖盘
211,09:40:50,203.85,407696,20,买盘
212,09:40:53,203.85,61152,3,买盘
213,09:40:56,203.86,101926,5,买盘
214,09:40:59,203.89,101933,5,中性盘
215,09:41:02,203.84,285405,14,卖盘
216,09:41:05,203.89,40774,2,中性盘
217,09:41:08,203.85,264993,13,中性盘
218,09:41:11,203.83,326136,16,卖盘
219,09:41:14,203.83,20383,1,卖盘
220,09:41:20,203.84,20384,1,买盘
221,09:41:23,203.83,305747,15,卖盘
222,09:41:26,203.84,550342,27,买盘
223,09:41:29,203.83,183454,9,卖盘
224,09:41:32,203.84,61150,3,中性盘
225,09:41:35,203.82,122301,6,卖盘
226,09:41:38,203.82,20382,1,中性盘
227,09:41:41,203.81,244583,12,卖盘
228,09:41:44,203.83,61148,3,买盘
229,09:41:47,203.82,61148,3,中性盘
230,09:41:50,203.82,326122,16,卖盘
231,09:41:53,203.8,957888,47,卖盘
232,09:41:56,203.79,81516,4,卖盘
233,09:41:59,203.8,101900,5,买盘
234,09:42:02,203.78,285311,14,卖盘
235,09:42:08,203.79,20379,1,买盘
236,09:42:11,203.7,1079801,53,卖盘
237,09:42:14,203.67,529563,26,卖盘
238,09:42:17,203.67,101835,5,卖盘
239,09:42:20,203.67,203668,10,买盘
240,09:42:23,203.67,244412,12,卖盘
241,09:42:26,203.67,61101,3,卖盘
242,09:42:29,203.72,142571,7,买盘
243,09:42:32,203.66,773908,38,卖盘
244,09:42:35,203.65,570243,28,卖盘
245,09:42:38,203.65,203650,10,买盘
246,09:42:41,203.66,427681,21,买盘
247,09:42:44,203.65,325825,16,卖盘
248,09:42:47,203.64,40728,2,中性盘
249,09:42:50,203.65,366570,18,买盘
250,09:42:53,203.65,183265,9,买盘
251,09:42:56,203.66,651684,32,买盘
252,09:42:59,203.65,203639,10,买盘
253,09:43:02,203.61,203641,10,卖盘
254,09:43:05,203.61,366519,18,买盘
255,09:43:08,203.61,81452,4,卖盘
256,09:43:11,203.61,855338,42,卖盘
257,09:43:14,203.61,2138414,105,卖盘
258,09:43:17,203.61,122174,6,卖盘
259,09:43:20,203.65,142564,7,中性盘
260,09:43:23,203.7,264790,13,买盘
261,09:43:26,203.67,203671,10,卖盘
262,09:43:29,203.73,81483,4,买盘
263,09:43:32,203.73,40746,2,卖盘
264,09:43:35,203.66,590653,29,卖盘
265,09:43:38,203.66,20366,1,卖盘
266,09:43:41,203.73,20373,1,中性盘
267,09:43:44,203.7,162964,8,卖盘
268,09:43:47,203.73,40746,2,中性盘
269,09:43:50,203.7,142597,7,卖盘
270,09:43:53,203.73,366698,18,买盘
271,09:43:56,203.78,163004,8,买盘
272,09:43:59,203.8,264937,13,买盘
273,09:44:02,203.86,407663,20,买盘
274,09:44:05,203.99,387356,19,买盘
275,09:44:08,203.94,61194,3,中性盘
276,09:44:11,204.0,163200,8,买盘
277,09:44:14,204.01,612004,30,买盘
278,09:44:17,204.0,224385,11,中性盘
279,09:44:23,204.0,61200,3,卖盘
280,09:44:26,204.0,102031,5,卖盘
281,09:44:29,204.04,40808,2,卖盘
282,09:44:35,204.04,714585,35,卖盘
283,09:44:41,204.05,244856,12,买盘
284,09:44:47,204.05,20405,1,卖盘
285,09:44:50,204.11,61221,3,买盘
286,09:44:53,204.05,142840,7,卖盘
287,09:44:56,204.11,40822,2,买盘
288,09:45:02,203.95,775370,38,卖盘
289,09:45:05,204.03,20403,1,中性盘
290,09:45:08,204.03,20403,1,买盘
291,09:45:11,203.88,61164,3,卖盘
292,09:45:17,204.03,81582,4,买盘
293,09:45:20,203.88,81555,4,卖盘
294,09:45:26,203.88,122332,6,卖盘
295,09:45:29,204.03,61204,3,买盘
296,09:45:38,204.0,102009,5,中性盘
297,09:45:41,203.98,61194,3,买盘
298,09:45:44,204.03,81609,4,买盘
299,09:45:47,204.05,40809,2,买盘
300,09:45:50,204.02,102010,5,买盘
301,09:45:53,204.0,61202,3,卖盘
302,09:45:56,204.0,102007,5,卖盘
303,09:45:59,204.0,122396,6,买盘
304,09:46:02,203.92,163172,8,卖盘
305,09:46:05,204.0,40800,2,买盘
306,09:46:11,203.99,40798,2,中性盘
307,09:46:14,204.0,61198,3,买盘
308,09:46:17,203.92,20392,1,卖盘
309,09:46:26,203.92,265107,13,卖盘
310,09:46:29,204.0,81598,4,买盘
311,09:46:35,203.99,61199,3,卖盘
312,09:46:38,204.0,122399,6,买盘
313,09:46:41,204.0,40800,2,买盘
314,09:46:44,204.01,20401,1,买盘
315,09:46:47,204.02,81608,4,买盘
316,09:46:50,204.0,142817,7,卖盘
317,09:46:53,204.06,20406,1,买盘
318,09:46:56,204.03,40811,2,卖盘
319,09:47:02,204.07,20407,1,中性盘
320,09:47:05,204.02,102022,5,卖盘
321,09:47:08,204.02,61212,3,卖盘
322,09:47:11,204.02,122412,6,买盘
323,09:47:14,204.02,224422,11,买盘
324,09:47:17,204.02,40802,2,买盘
325,09:47:20,204.02,61207,3,中性盘
326,09:47:23,204.08,122448,6,买盘
327,09:47:26,204.05,20405,1,中性盘
328,09:47:29,204.07,1142792,56,买盘
329,09:47:32,204.1,734454,36,买盘
330,09:47:35,204.07,81638,4,卖盘
331,09:47:38,204.12,204078,10,买盘
332,09:47:41,204.1,142869,7,买盘
333,09:47:44,204.11,20411,1,买盘
334,09:47:47,204.13,40824,2,买盘
335,09:47:53,204.18,61252,3,买盘
336,09:47:56,204.2,61260,3,买盘
337,09:47:59,204.2,40840,2,买盘
338,09:48:02,204.28,122527,6,买盘
339,09:48:05,204.28,61271,3,买盘
340,09:48:11,204.21,40842,2,卖盘
341,09:48:14,204.38,40869,2,买盘
342,09:48:17,204.31,61293,3,卖盘
343,09:48:20,204.28,40859,2,卖盘
344,09:48:23,204.31,61284,3,中性盘
345,09:48:26,204.21,735319,36,卖盘
346,09:48:29,204.21,40841,2,买盘
347,09:48:35,204.21,102093,5,买盘
348,09:48:38,204.13,61242,3,卖盘
349,09:48:41,204.13,591943,29,卖盘
350,09:48:44,204.06,163254,8,卖盘
351,09:48:47,204.06,40812,2,买盘
352,09:48:50,204.06,40811,2,买盘
353,09:48:53,204.05,20405,1,买盘
354,09:48:56,204.1,20410,1,中性盘
355,09:48:59,204.04,61228,3,卖盘
356,09:49:02,204.04,122438,6,卖盘
357,09:49:05,204.13,142891,7,买盘
358,09:49:08,204.18,20418,1,中性盘
359,09:49:11,204.21,122526,6,买盘
360,09:49:14,204.04,102048,5,卖盘
361,09:49:17,204.23,40847,2,中性盘
362,09:49:20,204.13,20413,1,卖盘
363,09:49:23,204.23,20423,1,买盘
364,09:49:29,204.19,1000531,49,卖盘
365,09:49:32,204.22,102110,5,买盘
366,09:49:38,204.15,224629,11,卖盘
367,09:49:41,204.13,40826,2,卖盘
368,09:49:44,204.13,40833,2,卖盘
369,09:49:50,204.17,102085,5,卖盘
370,09:49:53,204.05,285748,14,卖盘
371,09:49:56,204.08,163248,8,中性盘
372,09:49:59,204.16,61241,3,买盘
373,09:50:02,204.05,102027,5,卖盘
374,09:50:05,204.05,20405,1,卖盘
375,09:50:08,204.04,40807,2,买盘
376,09:50:11,204.04,204017,10,买盘
377,09:50:14,204.05,40810,2,买盘
378,09:50:17,204.07,40812,2,买盘
379,09:50:20,204.04,122433,6,卖盘
380,09:50:23,204.04,122428,6,卖盘
381,09:50:26,203.99,550821,27,卖盘
382,09:50:29,204.0,244800,12,买盘
383,09:50:35,203.98,81597,4,卖盘
384,09:50:41,203.98,61195,3,卖盘
385,09:50:44,203.98,224382,11,卖盘
386,09:50:47,203.97,20397,1,卖盘
387,09:50:50,203.92,40789,2,卖盘
388,09:50:53,203.97,20397,1,买盘
389,09:50:56,203.92,81566,4,买盘
390,09:50:59,203.92,61175,3,买盘
391,09:51:02,203.81,448529,22,卖盘
392,09:51:05,203.91,1671174,82,买盘
393,09:51:08,203.9,40781,2,中性盘
394,09:51:11,203.71,20371,1,中性盘
395,09:51:14,203.69,40749,2,卖盘
396,09:51:20,203.7,20370,1,中性盘
397,09:51:23,203.81,81489,4,中性盘
398,09:51:26,203.69,183350,9,卖盘
399,09:51:29,203.69,20369,1,卖盘
400,09:51:38,203.7,142598,7,卖盘
401,09:51:41,203.7,183369,9,中性盘
402,09:51:44,203.8,81520,4,中性盘
403,09:51:47,203.69,203692,10,卖盘
404,09:51:50,203.81,163036,8,买盘
405,09:51:53,203.7,101882,5,卖盘
406,09:51:56,203.77,122227,6,买盘
407,09:51:59,203.7,61110,3,中性盘
408,09:52:02,203.78,162973,8,买盘
409,09:52:05,203.8,61139,3,买盘
410,09:52:08,203.8,20380,1,买盘
411,09:52:11,203.72,101886,5,卖盘
412,09:52:14,203.7,101850,5,卖盘
413,09:52:17,203.7,61110,3,买盘
414,09:52:20,203.7,753621,37,买盘
415,09:52:23,203.7,101850,5,买盘
416,09:52:26,203.66,1160874,57,卖盘
417,09:52:29,203.64,916422,45,卖盘
418,09:52:32,203.63,122178,6,中性盘
419,09:52:35,203.64,916322,45,买盘
420,09:52:38,203.69,570196,28,买盘
421,09:52:41,203.72,998149,49,买盘
422,09:52:44,203.78,20378,1,买盘
423,09:52:47,203.71,896711,44,卖盘
424,09:52:50,203.72,183402,9,卖盘
425,09:52:53,203.81,183421,9,买盘
426,09:52:56,203.8,61142,3,卖盘
427,09:52:59,203.78,163026,8,卖盘
428,09:53:08,203.8,40759,2,买盘
429,09:53:11,203.8,305687,15,买盘
430,09:53:14,203.81,489084,24,买盘
431,09:53:17,203.81,40761,2,买盘
432,09:53:20,203.74,81510,4,中性盘
433,09:53:23,203.82,326086,16,买盘
434,09:53:26,203.88,61164,3,买盘
435,09:53:29,203.88,20388,1,买盘
436,09:53:32,203.88,81546,4,买盘
437,09:53:35,203.82,40770,2,中性盘
438,09:53:38,203.81,570822,28,卖盘
439,09:53:44,203.82,40770,2,中性盘
440,09:53:50,203.89,81553,4,买盘
441,09:53:53,203.81,101928,5,卖盘
442,09:53:56,203.9,570740,28,买盘
443,09:53:59,203.9,40780,2,买盘
444,09:54:02,203.89,20389,1,中性盘
445,09:54:05,203.95,713668,35,买盘
446,09:54:11,203.97,20397,1,买盘
447,09:54:14,203.97,40794,2,买盘
448,09:54:17,203.95,61185,3,卖盘
449,09:54:20,203.98,20398,1,买盘
450,09:54:23,204.0,1019920,50,买盘
451,09:54:26,204.0,20400,1,买盘
452,09:54:29,203.98,122409,6,卖盘
453,09:54:32,204.0,61200,3,买盘
454,09:54:35,204.0,20400,1,卖盘
455,09:54:38,204.0,20400,1,卖盘
456,09:54:41,204.0,20400,1,买盘
457,09:54:44,204.0,40800,2,买盘
458,09:54:50,204.01,61209,3,卖盘
459,09:54:53,204.09,40809,2,买盘
460,09:54:59,204.0,387583,19,卖盘
461,09:55:02,204.0,163199,8,买盘
462,09:55:05,203.97,163176,8,卖盘
463,09:55:11,203.83,163111,8,卖盘
464,09:55:14,203.96,20396,1,中性盘
465,09:55:20,203.92,81566,4,买盘
466,09:55:26,203.9,81551,4,中性盘
467,09:55:29,203.92,20392,1,中性盘
468,09:55:35,203.92,142735,7,买盘
469,09:55:38,203.96,101969,5,买盘
470,09:55:41,203.96,468908,23,中性盘
471,09:55:44,203.82,326146,16,卖盘
472,09:55:47,203.97,61191,3,买盘
473,09:55:50,203.81,61163,3,卖盘
474,09:55:53,203.95,20395,1,中性盘
475,09:55:56,203.9,142763,7,卖盘
476,09:55:59,203.97,20397,1,买盘
477,09:56:02,203.89,61177,3,卖盘
478,09:56:05,203.9,20390,1,中性盘
479,09:56:08,203.89,40787,2,卖盘
480,09:56:11,203.94,20394,1,中性盘
481,09:56:14,203.99,163172,8,买盘
482,09:56:17,203.89,876748,43,卖盘
483,09:56:20,203.89,163112,8,买盘
484,09:56:23,203.93,326248,16,买盘
485,09:56:26,203.93,20393,1,卖盘
486,09:56:29,203.99,20399,1,买盘
487,09:56:32,203.96,40792,2,中性盘
488,09:56:38,204.0,20400,1,买盘
489,09:56:47,203.96,61191,3,卖盘
490,09:56:56,203.96,61188,3,卖盘
491,09:56:59,203.96,20396,1,买盘
492,09:57:02,203.96,61188,3,买盘
493,09:57:05,203.95,40790,2,卖盘
494,09:57:08,203.95,40790,2,卖盘
495,09:57:11,203.95,20395,1,买盘
496,09:57:14,203.95,20395,1,买盘
497,09:57:17,203.94,20394,1,卖盘
498,09:57:20,203.95,20395,1,买盘
499,09:57:23,203.94,101973,5,卖盘
500,09:57:26,203.94,40788,2,买盘
501,09:57:29,203.94,20394,1,买盘
502,09:57:32,203.93,40786,2,卖盘
503,09:57:35,203.94,122364,6,买盘
504,09:57:38,203.94,40787,2,中性盘
505,09:57:41,203.94,40788,2,买盘
506,09:57:44,203.93,122358,6,卖盘
507,09:57:47,203.95,81577,4,买盘
508,09:57:53,203.92,40784,2,买盘
509,09:57:56,203.95,407882,20,买盘
510,09:57:59,203.95,101976,5,卖盘
511,09:58:02,203.96,61188,3,买盘
512,09:58:05,203.96,61187,3,买盘
513,09:58:08,203.96,40792,2,卖盘
514,09:58:14,203.96,20396,1,买盘
515,09:58:17,203.95,40791,2,卖盘
516,09:58:20,203.95,163162,8,卖盘
517,09:58:23,203.96,183570,9,买盘
518,09:58:29,203.99,101998,5,买盘
519,09:58:32,203.99,285586,14,卖盘
520,09:58:35,204.0,61199,3,买盘
521,09:58:38,203.98,61197,3,卖盘
522,09:58:41,204.0,40800,2,买盘
523,09:58:44,204.0,81599,4,买盘
524,09:58:47,204.0,20400,1,买盘
525,09:58:50,203.98,40798,2,卖盘
526,09:58:53,204.0,20400,1,买盘
527,09:58:56,203.99,244762,12,中性盘
528,09:59:02,204.0,632399,31,买盘
529,09:59:05,203.95,61195,3,卖盘
530,09:59:08,203.94,571184,28,卖盘
531,09:59:11,203.95,61184,3,买盘
532,09:59:14,203.95,61185,3,买盘
533,09:59:23,203.95,40791,2,卖盘
534,09:59:26,203.95,20395,1,卖盘
535,09:59:29,203.96,40792,2,买盘
536,09:59:32,203.96,81581,4,买盘
537,09:59:47,203.96,81584,4,买盘
538,09:59:50,203.96,61188,3,买盘
539,09:59:53,203.96,81584,4,买盘
540,09:59:56,203.95,40791,2,卖盘
541,09:59:59,203.95,20395,1,卖盘
542,10:00:02,203.95,265135,13,卖盘
543,10:00:05,203.95,81580,4,卖盘
544,10:00:08,203.93,326292,16,卖盘
545,10:00:11,203.9,1182744,58,卖盘
546,10:00:14,203.87,428176,21,卖盘
547,10:00:17,203.82,122293,6,卖盘
548,10:00:20,203.81,224191,11,卖盘
549,10:00:23,203.83,142671,7,买盘
550,10:00:26,203.81,142672,7,卖盘
551,10:00:32,203.8,733683,36,卖盘
552,10:00:35,203.84,20384,1,买盘
553,10:00:47,203.76,285310,14,卖盘
554,10:00:50,203.8,81503,4,买盘
555,10:00:53,203.8,101897,5,买盘
556,10:00:56,203.8,244560,12,买盘
557,10:01:05,203.78,61134,3,卖盘
558,10:01:08,203.78,20378,1,卖盘
559,10:01:11,203.82,122279,6,买盘
560,10:01:14,203.8,20380,1,卖盘
561,10:01:17,203.8,61140,3,卖盘
562,10:01:20,203.78,40758,2,中性盘
563,10:01:23,203.87,20387,1,买盘
564,10:01:29,203.76,163011,8,卖盘
565,10:01:32,203.86,101913,5,中性盘
566,10:01:35,203.75,61137,3,卖盘
567,10:01:41,203.77,81528,4,中性盘
568,10:01:44,203.77,101885,5,买盘
569,10:01:47,203.73,203756,10,卖盘
570,10:01:53,203.74,20374,1,卖盘
571,10:01:56,203.74,40748,2,卖盘
572,10:01:59,203.77,244500,12,买盘
573,10:02:05,203.77,40753,2,买盘
574,10:02:08,203.87,101904,5,买盘
575,10:02:11,203.87,40774,2,买盘
576,10:02:14,203.77,61131,3,卖盘
577,10:02:17,203.77,468890,23,卖盘
578,10:02:20,203.77,163016,8,卖盘
579,10:02:23,203.77,40757,2,卖盘
580,10:02:29,203.79,40765,2,中性盘
581,10:02:35,203.87,448485,22,买盘
582,10:02:38,203.78,142671,7,卖盘
583,10:02:44,203.78,20378,1,卖盘
584,10:02:56,203.8,122273,6,中性盘
585,10:02:59,203.78,40756,2,卖盘
586,10:03:02,203.79,1324518,65,买盘
587,10:03:08,203.79,101891,5,买盘
588,10:03:11,203.81,40762,2,卖盘
589,10:03:14,203.81,20381,1,买盘
590,10:03:17,203.8,20380,1,中性盘
591,10:03:20,203.79,81516,4,卖盘
592,10:03:23,203.8,40759,2,买盘
593,10:03:26,203.81,224176,11,买盘
594,10:03:29,203.81,61143,3,买盘
595,10:03:32,203.85,61149,3,买盘
596,10:03:38,203.9,163097,8,买盘
597,10:03:41,203.81,20381,1,卖盘
598,10:03:44,203.89,20389,1,买盘
599,10:03:47,203.9,40780,2,买盘
600,10:03:53,203.9,163135,8,卖盘
601,10:03:59,203.9,101950,5,卖盘
602,10:04:02,203.95,61186,3,中性盘
603,10:04:08,203.91,40783,2,卖盘
604,10:04:11,203.91,101967,5,卖盘
605,10:04:14,203.96,20396,1,买盘
606,10:04:23,203.9,20390,1,卖盘
607,10:04:26,203.9,101951,5,卖盘
608,10:04:29,203.91,101954,5,买盘
609,10:04:32,203.91,142739,7,卖盘
610,10:04:35,203.92,40783,2,中性盘
611,10:04:41,203.95,20395,1,中性盘
612,10:04:50,203.95,183539,9,中性盘
613,10:04:59,203.93,305924,15,卖盘
614,10:05:08,203.92,20392,1,卖盘
615,10:05:14,203.93,40785,2,中性盘
616,10:05:17,203.92,20392,1,卖盘
617,10:05:20,203.93,407868,20,买盘
618,10:05:26,203.96,61187,3,买盘
619,10:05:29,203.94,40789,2,卖盘
620,10:05:32,203.96,101980,5,买盘
621,10:05:35,203.93,244717,12,卖盘
622,10:05:38,203.95,40790,2,卖盘
623,10:05:41,203.96,326330,16,买盘
624,10:05:44,203.93,61182,3,卖盘
625,10:05:47,203.94,40788,2,买盘
626,10:05:56,203.95,244731,12,买盘
627,10:06:02,203.93,40786,2,卖盘
628,10:06:08,203.92,40783,2,买盘
629,10:06:11,203.94,224316,11,买盘
630,10:06:14,203.98,509865,25,买盘
631,10:06:17,203.96,81584,4,中性盘
632,10:06:20,203.92,203920,10,卖盘
633,10:06:23,203.98,20398,1,买盘
634,10:06:26,203.98,20398,1,买盘
635,10:06:29,204.0,550757,27,买盘
636,10:06:32,203.99,40797,2,中性盘
637,10:06:35,204.0,81600,4,买盘
638,10:06:38,204.01,102005,5,买盘
639,10:06:41,204.01,122406,6,买盘
640,10:06:44,204.01,61201,3,买盘
641,10:06:47,203.99,142795,7,中性盘
642,10:06:50,204.03,183610,9,买盘
643,10:06:53,204.09,61216,3,买盘
644,10:06:56,204.1,20410,1,买盘
645,10:07:02,204.1,40819,2,买盘
646,10:07:08,204.0,122414,6,卖盘
647,10:07:11,204.1,40820,2,买盘
648,10:07:20,204.04,40808,2,买盘
649,10:07:23,204.04,20404,1,中性盘
650,10:07:35,204.01,81604,4,卖盘
651,10:07:38,204.01,40801,2,卖盘
652,10:07:41,204.0,20400,1,卖盘
653,10:07:44,204.01,102005,5,买盘
654,10:07:47,204.01,20401,1,买盘
655,10:07:53,204.0,61200,3,卖盘
656,10:07:56,204.01,550789,27,买盘
657,10:08:02,203.98,509954,25,卖盘
658,10:08:05,203.98,550746,27,卖盘
659,10:08:08,203.99,183589,9,买盘
660,10:08:11,203.98,40796,2,卖盘
661,10:08:14,203.98,285572,14,卖盘
662,10:08:17,203.96,20396,1,卖盘
663,10:08:20,203.95,40790,2,卖盘
664,10:08:23,203.93,40786,2,卖盘
665,10:08:29,203.97,20397,1,买盘
666,10:08:32,203.92,40785,2,卖盘
667,10:08:38,203.93,40786,2,中性盘
668,10:08:44,203.98,101975,5,买盘
669,10:08:47,203.98,20398,1,买盘
670,10:08:50,203.98,20398,1,买盘
671,10:08:56,203.97,40795,2,卖盘
672,10:08:59,203.97,61191,3,卖盘
673,10:09:02,203.98,61191,3,买盘
674,10:09:05,203.99,20399,1,买盘
675,10:09:08,203.98,20398,1,卖盘
676,10:09:11,204.0,61200,3,买盘
677,10:09:14,203.95,1142140,56,卖盘
678,10:09:17,203.99,183579,9,买盘
679,10:09:20,204.0,61199,3,买盘
680,10:09:23,203.97,40794,2,中性盘
681,10:09:26,204.0,122398,6,买盘
682,10:09:29,204.0,61199,3,买盘
683,10:09:32,203.99,20399,1,中性盘
684,10:09:35,204.0,40800,2,买盘
685,10:09:38,204.0,61200,3,买盘
686,10:09:41,204.0,530399,26,买盘
687,10:09:44,204.01,183609,9,买盘
688,10:09:47,204.0,224409,11,卖盘
689,10:09:50,204.0,102002,5,卖盘
690,10:09:53,204.01,163205,8,买盘
691,10:09:56,204.01,2448119,120,买盘
692,10:09:59,204.01,754837,37,买盘
693,10:10:02,204.0,612026,30,中性盘
694,10:10:05,203.99,285613,14,卖盘
695,10:10:08,204.01,20401,1,中性盘
696,10:10:11,204.1,102032,5,买盘
697,10:10:14,204.1,40820,2,买盘
698,10:10:17,204.1,224510,11,买盘
699,10:10:20,204.1,183645,9,买盘
700,10:10:23,204.1,469430,23,买盘
701,10:10:26,204.11,346964,17,买盘
702,10:10:29,204.16,81661,4,买盘
703,10:10:32,204.17,142919,7,买盘
704,10:10:35,204.19,122504,6,买盘
705,10:10:38,204.19,40836,2,买盘
706,10:10:41,204.19,20419,1,买盘
707,10:10:44,204.19,40838,2,买盘
708,10:10:47,204.19,122514,6,买盘
709,10:10:50,204.2,245017,12,买盘
710,10:10:53,204.2,40837,2,买盘
711,10:10:56,204.2,61259,3,买盘
712,10:10:59,204.2,20420,1,买盘
713,10:11:02,204.25,40849,2,买盘
714,10:11:05,204.3,61271,3,买盘
715,10:11:08,204.35,122580,6,买盘
716,10:11:11,204.35,20435,1,买盘
717,10:11:14,204.33,61293,3,中性盘
718,10:11:17,204.35,122621,6,买盘
719,10:11:20,204.35,20435,1,卖盘
720,10:11:26,204.33,122608,6,卖盘
721,10:11:29,204.35,40870,2,买盘
722,10:11:32,204.2,20420,1,卖盘
723,10:11:41,204.33,40867,2,中性盘
724,10:11:47,204.2,122520,6,卖盘
725,10:11:53,204.28,40856,2,买盘
726,10:11:56,204.28,20428,1,买盘
727,10:11:59,204.28,163425,8,买盘
728,10:12:02,204.31,40859,2,中性盘
729,10:12:05,204.28,122568,6,卖盘
730,10:12:08,204.2,61267,3,卖盘
731,10:12:14,204.25,61270,3,买盘
732,10:12:17,204.25,81700,4,买盘
733,10:12:23,204.25,61269,3,买盘
734,10:12:26,204.25,81700,4,买盘
735,10:12:29,204.21,40846,2,中性盘
736,10:12:32,204.2,102107,5,卖盘
737,10:12:35,204.22,40844,2,卖盘
738,10:12:38,204.19,306342,15,卖盘
739,10:12:41,204.19,163358,8,卖盘
740,10:12:44,204.19,61257,3,卖盘
741,10:12:47,204.2,20420,1,买盘
742,10:12:50,204.11,142908,7,卖盘
743,10:12:56,204.11,40822,2,卖盘
744,10:12:59,204.12,122495,6,中性盘
745,10:13:02,204.1,816402,40,卖盘
746,10:13:05,204.05,20405,1,中性盘
747,10:13:08,204.03,61209,3,卖盘
748,10:13:11,204.09,40813,2,买盘
749,10:13:14,204.04,40807,2,买盘
750,10:13:20,204.05,102033,5,买盘
751,10:13:35,204.05,40810,2,买盘
752,10:13:38,204.05,102023,5,买盘
753,10:13:41,204.09,81632,4,买盘
754,10:13:44,204.05,20405,1,卖盘
755,10:13:50,204.06,40812,2,卖盘
756,10:13:53,204.05,40810,2,卖盘
757,10:14:02,204.05,40810,2,卖盘
758,10:14:11,204.06,40812,2,买盘
759,10:14:14,204.05,40811,2,卖盘
760,10:14:20,204.04,183644,9,卖盘
761,10:14:29,204.04,40808,2,买盘
762,10:14:35,204.05,40810,2,买盘
763,10:14:47,204.04,40808,2,卖盘
764,10:14:50,204.05,20405,1,买盘
765,10:14:53,204.05,367288,18,买盘
766,10:14:56,204.08,122428,6,中性盘
767,10:15:02,204.09,81634,4,买盘
768,10:15:08,204.1,163278,8,买盘
769,10:15:17,204.09,489839,24,卖盘
770,10:15:20,204.1,204100,10,买盘
771,10:15:23,204.1,102050,5,买盘
772,10:15:29,204.15,530675,26,买盘
773,10:15:35,204.19,20419,1,买盘
774,10:15:38,204.16,61252,3,卖盘
775,10:15:41,204.2,367560,18,买盘
776,10:15:44,204.2,102100,5,卖盘
777,10:15:47,204.26,20426,1,买盘
778,10:15:53,204.26,224686,11,买盘
779,10:15:56,204.26,122552,6,买盘
780,10:15:59,204.21,163393,8,卖盘
781,10:16:05,204.21,20421,1,买盘
782,10:16:11,204.21,122523,6,买盘
783,10:16:14,204.2,122525,6,卖盘
784,10:16:17,204.2,306312,15,卖盘
785,10:16:23,204.21,142947,7,买盘
786,10:16:26,204.26,20426,1,买盘
787,10:16:29,204.28,40856,2,卖盘
788,10:16:32,204.3,122578,6,买盘
789,10:16:35,204.3,40860,2,卖盘
790,10:16:38,204.2,837241,41,卖盘
791,10:16:41,204.37,940069,46,买盘
792,10:16:44,204.2,265471,13,卖盘
793,10:16:47,204.2,408407,20,买盘
794,10:16:50,204.25,20425,1,中性盘
795,10:16:53,204.2,61265,3,卖盘
796,10:16:59,204.13,224608,11,卖盘
797,10:17:02,204.12,20412,1,中性盘
798,10:17:05,204.21,20421,1,中性盘
799,10:17:08,204.21,61266,3,卖盘
800,10:17:17,204.19,285781,14,中性盘
801,10:17:20,204.19,20419,1,买盘
802,10:17:23,204.14,81656,4,卖盘
803,10:17:35,204.13,40826,2,买盘
804,10:17:38,204.12,102060,5,买盘
805,10:17:41,204.11,122466,6,卖盘
806,10:17:44,204.11,61233,3,买盘
807,10:17:47,204.09,122456,6,卖盘
808,10:17:50,204.1,61230,3,买盘
809,10:17:53,204.1,122456,6,买盘
810,10:17:56,204.1,20410,1,买盘
811,10:17:59,204.09,142864,7,卖盘
812,10:18:02,204.09,81639,4,中性盘
813,10:18:05,204.09,306133,15,买盘
814,10:18:08,204.09,81634,4,中性盘
815,10:18:11,204.1,183684,9,买盘
816,10:18:14,204.11,20411,1,买盘
817,10:18:17,204.2,20420,1,买盘
818,10:18:20,204.2,122515,6,买盘
819,10:18:23,204.09,326618,16,卖盘
820,10:18:26,204.14,40825,2,中性盘
821,10:18:35,204.2,20420,1,卖盘
822,10:18:41,204.29,224677,11,买盘
823,10:18:50,204.36,653918,32,买盘
824,10:18:53,204.26,20426,1,中性盘
825,10:18:59,204.26,61267,3,买盘
826,10:19:02,204.2,40840,2,中性盘
827,10:19:08,204.2,20420,1,买盘
828,10:19:11,204.16,122520,6,卖盘
829,10:19:17,204.15,142943,7,卖盘
830,10:19:20,204.27,204250,10,买盘
831,10:19:32,204.27,3125331,153,卖盘
832,10:19:35,204.2,20420,1,卖盘
833,10:19:38,204.22,61266,3,中性盘
834,10:19:41,204.21,40842,2,卖盘
835,10:19:44,204.21,20421,1,中性盘
836,10:19:47,204.2,81680,4,卖盘
837,10:19:50,204.2,387925,19,中性盘
838,10:19:53,204.2,81680,4,买盘
839,10:19:56,204.2,102094,5,买盘
840,10:19:59,204.14,142904,7,卖盘
841,10:20:02,204.26,326680,16,中性盘
842,10:20:05,204.26,61278,3,买盘
843,10:20:08,204.26,20426,1,买盘
844,10:20:11,204.25,40850,2,中性盘
845,10:20:14,204.26,20426,1,买盘
846,10:20:17,204.15,245020,12,卖盘
847,10:20:20,204.25,347225,17,买盘
848,10:20:23,204.18,265512,13,卖盘
849,10:20:26,204.25,61273,3,买盘
850,10:20:29,204.26,61277,3,买盘
851,10:20:32,204.21,102118,5,买盘
852,10:20:35,204.24,81690,4,买盘
853,10:20:38,204.27,40854,2,买盘
854,10:20:44,204.31,183847,9,买盘
855,10:20:56,204.28,20428,1,中性盘
856,10:20:59,204.37,81740,4,买盘
857,10:21:02,204.39,1021935,50,买盘
858,10:21:05,204.37,183904,9,买盘
859,10:21:08,204.39,163510,8,买盘
860,10:21:11,204.38,40877,2,中性盘
861,10:21:14,204.38,40876,2,买盘
862,10:21:17,204.39,163504,8,买盘
863,10:21:20,204.37,40875,2,卖盘
864,10:21:23,204.37,817480,40,卖盘
865,10:21:26,204.37,265643,13,买盘
866,10:21:29,204.37,20437,1,买盘
867,10:21:32,204.3,40859,2,买盘
868,10:21:38,204.27,40854,2,卖盘
869,10:21:41,204.24,102130,5,卖盘
870,10:21:44,204.21,20421,1,卖盘
871,10:21:47,204.19,183783,9,卖盘
872,10:21:50,204.2,20420,1,中性盘
873,10:21:53,204.21,40839,2,买盘
874,10:21:56,204.27,428858,21,买盘
875,10:22:02,204.29,204292,10,卖盘
876,10:22:05,204.3,122577,6,买盘
877,10:22:08,204.29,388151,19,卖盘
878,10:22:11,204.3,122576,6,买盘
879,10:22:17,204.18,224648,11,卖盘
880,10:22:20,204.26,142982,7,买盘
881,10:22:23,204.18,102094,5,卖盘
882,10:22:29,204.2,61260,3,买盘
883,10:22:32,204.2,142940,7,卖盘
884,10:22:35,204.19,163385,8,卖盘
885,10:22:38,204.26,40845,2,买盘
886,10:22:41,204.25,20425,1,卖盘
887,10:22:44,204.26,61278,3,买盘
888,10:22:47,204.26,122556,6,买盘
889,10:22:53,204.3,61290,3,买盘
890,10:22:56,204.26,388107,19,卖盘
891,10:22:59,204.35,81740,4,买盘
892,10:23:02,204.26,163417,8,卖盘
893,10:23:05,204.35,102157,5,买盘
894,10:23:08,204.34,40868,2,中性盘
895,10:23:11,204.34,20434,1,买盘
896,10:23:17,204.35,204332,10,买盘
897,10:23:20,204.35,81740,4,买盘
898,10:23:32,204.33,40866,2,中性盘
899,10:23:35,204.34,40868,2,买盘
900,10:23:38,204.26,81728,4,卖盘
901,10:23:41,204.35,102171,5,买盘
902,10:23:44,204.36,61304,3,买盘
903,10:23:47,204.26,143019,7,卖盘
904,10:23:50,204.36,40872,2,卖盘
905,10:23:53,204.36,61299,3,买盘
906,10:23:56,204.39,3127089,153,买盘
907,10:23:59,204.37,81748,4,中性盘
908,10:24:02,204.39,265705,13,买盘
909,10:24:05,204.39,143061,7,买盘
910,10:24:11,204.39,408732,20,买盘
911,10:24:14,204.39,40878,2,买盘
912,10:24:17,204.39,102195,5,买盘
913,10:24:20,204.39,40878,2,卖盘
914,10:24:23,204.39,143073,7,买盘
915,10:24:26,204.39,143070,7,买盘
916,10:24:29,204.39,20439,1,买盘
917,10:24:32,204.39,204386,10,买盘
918,10:24:35,204.36,40873,2,卖盘
919,10:24:38,204.36,20436,1,卖盘
920,10:24:44,204.34,224787,11,卖盘
921,10:24:47,204.26,449455,22,卖盘
922,10:25:02,204.27,20427,1,卖盘
923,10:25:05,204.26,20426,1,卖盘
924,10:25:08,204.29,20429,1,买盘
925,10:25:11,204.27,163435,8,卖盘
926,10:25:14,204.29,40858,2,买盘
927,10:25:17,204.3,163415,8,买盘
928,10:25:26,204.3,1103022,54,买盘
929,10:25:29,204.32,61294,3,中性盘
930,10:25:32,204.32,40864,2,买盘
931,10:25:35,204.32,40863,2,买盘
932,10:25:38,204.31,61296,3,中性盘
933,10:25:41,204.31,20431,1,中性盘
934,10:25:44,204.31,20431,1,中性盘
935,10:25:47,204.31,20431,1,卖盘
936,10:25:50,204.37,61297,3,中性盘
937,10:25:59,204.37,61309,3,买盘
938,10:26:02,204.3,20430,1,卖盘
939,10:26:05,204.35,20435,1,买盘
940,10:26:08,204.27,163423,8,卖盘
941,10:26:17,204.26,163415,8,卖盘
942,10:26:26,204.27,20427,1,卖盘
943,10:26:35,204.27,20427,1,卖盘
944,10:26:38,204.28,20428,1,买盘
945,10:26:41,204.26,81706,4,卖盘
946,10:26:47,204.25,122552,6,卖盘
947,10:26:50,204.25,20425,1,卖盘
948,10:26:59,204.23,20423,1,卖盘
949,10:27:02,204.24,40848,2,买盘
950,10:27:05,204.27,40852,2,买盘
951,10:27:08,204.23,40846,2,中性盘
952,10:27:11,204.23,40846,2,买盘
953,10:27:17,204.23,81697,4,卖盘
954,10:27:20,204.22,142960,7,卖盘
955,10:27:23,204.23,81694,4,中性盘
956,10:27:26,204.27,20427,1,买盘
957,10:27:32,204.26,20426,1,中性盘
958,10:27:35,204.26,20426,1,买盘
959,10:27:41,204.26,40850,2,中性盘
960,10:27:47,204.27,20427,1,中性盘
961,10:27:50,204.27,81709,4,卖盘
962,10:27:53,204.28,20428,1,买盘
963,10:27:59,204.26,20426,1,中性盘
964,10:28:05,204.23,20423,1,卖盘
965,10:28:17,204.25,40852,2,卖盘
966,10:28:20,204.24,81702,4,卖盘
967,10:28:23,204.24,40847,2,买盘
968,10:28:29,204.24,40848,2,买盘
969,10:28:32,204.24,20424,1,卖盘
970,10:28:38,204.25,20425,1,买盘
971,10:28:41,204.24,122552,6,卖盘
972,10:28:47,204.23,81694,4,卖盘
973,10:28:50,204.27,20427,1,中性盘
974,10:28:53,204.27,20427,1,买盘
975,10:29:02,204.25,20425,1,卖盘
976,10:29:08,204.26,81702,4,买盘
977,10:29:11,204.25,20425,1,卖盘
978,10:29:14,204.26,40853,2,卖盘
979,10:29:17,204.26,20426,1,卖盘
980,10:29:20,204.26,102130,5,卖盘
981,10:29:23,204.27,81708,4,买盘
982,10:29:26,204.26,40853,2,卖盘
983,10:29:29,204.27,61281,3,买盘
984,10:29:32,204.28,142993,7,买盘
985,10:29:35,204.29,245140,12,买盘
986,10:29:41,204.38,20438,1,买盘
987,10:29:44,204.38,20438,1,买盘
988,10:29:47,204.38,81750,4,买盘
989,10:29:53,204.37,20437,1,卖盘
990,10:29:56,204.38,20438,1,买盘
991,10:29:59,204.38,20438,1,买盘
992,10:30:05,204.37,81748,4,买盘
993,10:30:08,204.38,61313,3,买盘
994,10:30:11,204.38,20438,1,买盘
995,10:30:14,204.38,61314,3,买盘
996,10:30:20,204.38,61314,3,买盘
997,10:30:26,204.35,20435,1,中性盘
998,10:30:29,204.38,20438,1,买盘
999,10:30:32,204.37,122623,6,中性盘
1000,10:30:35,204.37,20437,1,中性盘
1001,10:30:41,204.35,40870,2,买盘
1002,10:30:44,204.3,40860,2,卖盘
1003,10:30:53,204.3,40860,2,卖盘
1004,10:30:59,204.3,61286,3,买盘
1005,10:31:02,204.29,40857,2,买盘
1006,10:31:05,204.29,20429,1,买盘
1007,10:31:11,204.29,183849,9,买盘
1008,10:31:14,204.29,40858,2,买盘
1009,10:31:17,204.34,40863,2,买盘
1010,10:31:20,204.29,143004,7,卖盘
1011,10:31:23,204.29,40858,2,买盘
1012,10:31:26,204.29,20429,1,买盘
1013,10:31:29,204.34,20434,1,买盘
1014,10:31:38,204.3,20430,1,买盘
1015,10:31:41,204.29,61287,3,卖盘
1016,10:31:44,204.29,183861,9,买盘
1017,10:31:47,204.28,102140,5,卖盘
1018,10:31:50,204.26,20426,1,卖盘
1019,10:31:56,204.27,20427,1,买盘
1020,10:31:59,204.25,388089,19,卖盘
1021,10:32:02,204.23,40846,2,卖盘
1022,10:32:05,204.25,20425,1,买盘
1023,10:32:11,204.24,20424,1,买盘
1024,10:32:14,204.24,81696,4,中性盘
1025,10:32:20,204.25,81700,4,买盘
1026,10:32:23,204.23,265534,13,卖盘
1027,10:32:26,204.27,20427,1,卖盘
1028,10:32:29,204.28,163426,8,卖盘
1029,10:32:32,204.29,20429,1,买盘
1030,10:32:38,204.29,286004,14,买盘
1031,10:32:41,204.29,20429,1,买盘
1032,10:32:44,204.28,142999,7,卖盘
1033,10:32:47,204.28,102140,5,卖盘
1034,10:32:50,204.28,40857,2,卖盘
1035,10:32:53,204.28,40856,2,卖盘
1036,10:32:56,204.27,102136,5,卖盘
1037,10:32:59,204.28,61284,3,买盘
1038,10:33:02,204.27,40854,2,卖盘
1039,10:33:05,204.27,20427,1,卖盘
1040,10:33:11,204.27,20427,1,卖盘
1041,10:33:14,204.28,20428,1,买盘
1042,10:33:17,204.2,326799,16,卖盘
1043,10:33:20,204.28,40856,2,买盘
1044,10:33:23,204.27,20427,1,买盘
1045,10:33:29,204.23,102115,5,卖盘
1046,10:33:32,204.2,122530,6,卖盘
1047,10:33:35,204.22,20422,1,中性盘
1048,10:33:38,204.2,81681,4,卖盘
1049,10:33:41,204.2,20420,1,卖盘
1050,10:33:44,204.2,102100,5,卖盘
1051,10:33:47,204.19,40838,2,卖盘
1052,10:33:50,204.19,61258,3,卖盘
1053,10:33:53,204.19,40838,2,卖盘
1054,10:33:59,204.19,20419,1,买盘
1055,10:34:08,204.18,142927,7,卖盘
1056,10:34:11,204.19,20419,1,买盘
1057,10:34:14,204.18,122508,6,卖盘
1058,10:34:17,204.15,40831,2,卖盘
1059,10:34:26,204.19,20419,1,买盘
1060,10:34:29,204.2,20420,1,买盘
1061,10:34:32,204.2,142939,7,买盘
1062,10:34:35,204.23,122519,6,买盘
1063,10:34:47,204.27,81705,4,买盘
1064,10:34:50,204.24,102128,5,中性盘
1065,10:34:53,204.26,163415,8,中性盘
1066,10:34:56,204.27,163416,8,买盘
1067,10:34:59,204.24,40849,2,卖盘
1068,10:35:08,204.26,40854,2,卖盘
1069,10:35:14,204.26,20426,1,买盘
1070,10:35:17,204.26,20426,1,买盘
1071,10:35:20,204.25,61276,3,卖盘
1072,10:35:26,204.26,122554,6,买盘
1073,10:35:29,204.25,81700,4,卖盘
1074,10:35:35,204.25,40850,2,买盘
1075,10:35:38,204.24,102120,5,卖盘
1076,10:35:41,204.23,61270,3,卖盘
1077,10:35:44,204.22,61268,3,卖盘
1078,10:35:53,204.22,20422,1,卖盘
1079,10:35:56,204.24,102118,5,买盘
1080,10:35:59,204.23,224661,11,中性盘
1081,10:36:02,204.23,40847,2,中性盘
1082,10:36:05,204.29,183851,9,买盘
1083,10:36:11,204.29,20429,1,买盘
1084,10:36:14,204.29,20429,1,买盘
1085,10:36:17,204.25,20425,1,买盘
1086,10:36:23,204.25,20425,1,买盘
1087,10:36:26,204.25,20425,1,中性盘
1088,10:36:32,204.29,102141,5,买盘
1089,10:36:35,204.29,81714,4,买盘
1090,10:36:38,204.24,20424,1,中性盘
1091,10:36:41,204.24,142973,7,卖盘
1092,10:36:44,204.24,40853,2,中性盘
1093,10:36:53,204.24,81701,4,卖盘
1094,10:36:56,204.24,102121,5,卖盘
1095,10:36:59,204.24,142968,7,买盘
1096,10:37:02,204.24,20424,1,中性盘
1097,10:37:05,204.29,40857,2,买盘
1098,10:37:08,204.29,61282,3,买盘
1099,10:37:11,204.3,122579,6,买盘
1100,10:37:14,204.29,143008,7,卖盘
1101,10:37:20,204.35,81734,4,买盘
1102,10:37:23,204.34,40865,2,买盘
1103,10:37:26,204.35,61303,3,买盘
1104,10:37:29,204.35,20435,1,买盘
1105,10:37:32,204.34,20434,1,中性盘
1106,10:37:35,204.34,20434,1,买盘
1107,10:37:38,204.35,20435,1,买盘
1108,10:37:41,204.35,61305,3,买盘
1109,10:37:50,204.35,40871,2,卖盘
1110,10:37:53,204.36,40871,2,买盘
1111,10:37:59,204.37,245228,12,买盘
1112,10:38:02,204.36,40872,2,买盘
1113,10:38:05,204.36,122612,6,买盘
1114,10:38:08,204.35,61305,3,买盘
1115,10:38:11,204.35,286093,14,卖盘
1116,10:38:14,204.36,102180,5,卖盘
1117,10:38:17,204.34,183920,9,卖盘
1118,10:38:20,204.36,20436,1,买盘
1119,10:38:23,204.32,183904,9,卖盘
1120,10:38:26,204.32,20432,1,卖盘
1121,10:38:29,204.32,20432,1,中性盘
1122,10:38:35,204.32,61299,3,卖盘
1123,10:38:38,204.31,20431,1,卖盘
1124,10:38:41,204.31,143048,7,卖盘
1125,10:38:47,204.37,40869,2,买盘
1126,10:38:50,204.31,20431,1,卖盘
1127,10:38:59,204.31,61302,3,卖盘
1128,10:39:02,204.31,163448,8,卖盘
1129,10:39:08,204.33,61301,3,中性盘
1130,10:39:11,204.37,20437,1,买盘
1131,10:39:14,204.37,61313,3,卖盘
1132,10:39:17,204.37,40874,2,卖盘
1133,10:39:20,204.37,61314,3,卖盘
1134,10:39:32,204.38,20438,1,卖盘
1135,10:39:35,204.37,429177,21,卖盘
1136,10:39:44,204.39,61317,3,买盘
1137,10:39:47,204.39,102199,5,卖盘
1138,10:39:50,204.42,20442,1,买盘
1139,10:40:02,204.41,20441,1,中性盘
1140,10:40:05,204.41,40882,2,买盘
1141,10:40:11,204.4,20440,1,中性盘
1142,10:40:14,204.4,61320,3,买盘
1143,10:40:17,204.39,306585,15,卖盘
1144,10:40:20,204.4,306602,15,买盘
1145,10:40:23,204.41,61324,3,中性盘
1146,10:40:26,204.46,61335,3,买盘
1147,10:40:41,204.46,122674,6,买盘
1148,10:40:50,204.48,81792,4,买盘
1149,10:40:53,204.47,102235,5,卖盘
1150,10:40:56,204.48,20448,1,买盘
1151,10:40:59,204.46,1226819,60,卖盘
1152,10:41:02,204.33,388329,19,卖盘
1153,10:41:05,204.33,61299,3,卖盘
1154,10:41:08,204.32,367767,18,中性盘
1155,10:41:11,204.32,61296,3,买盘
1156,10:41:14,204.31,81725,4,卖盘
1157,10:41:17,204.31,61299,3,卖盘
1158,10:41:20,204.24,204281,10,卖盘
1159,10:41:23,204.24,40858,2,卖盘
1160,10:41:29,204.34,143008,7,买盘
1161,10:41:38,204.35,40870,2,卖盘
1162,10:41:41,204.36,81744,4,买盘
1163,10:41:44,204.42,122636,6,买盘
1164,10:41:50,204.42,143094,7,买盘
1165,10:41:53,204.42,81768,4,卖盘
1166,10:41:56,204.42,20442,1,买盘
1167,10:41:59,204.37,20437,1,卖盘
1168,10:42:02,204.44,695084,34,买盘
1169,10:42:05,204.35,306542,15,卖盘
1170,10:42:08,204.36,40876,2,中性盘
1171,10:42:11,204.36,81743,4,中性盘
1172,10:42:14,204.36,163482,8,买盘
1173,10:42:17,204.35,102175,5,卖盘
1174,10:42:20,204.35,102175,5,卖盘
1175,10:42:23,204.25,122553,6,卖盘
1176,10:42:29,204.34,20434,1,买盘
1177,10:42:32,204.34,122590,6,买盘
1178,10:42:38,204.24,40849,2,卖盘
1179,10:42:41,204.26,20426,1,中性盘
1180,10:42:44,204.25,183830,9,卖盘
1181,10:42:47,204.3,122576,6,买盘
1182,10:42:53,204.25,40850,2,卖盘
1183,10:42:56,204.25,61275,3,卖盘
1184,10:42:59,204.24,61272,3,卖盘
1185,10:43:02,204.25,40849,2,买盘
1186,10:43:05,204.24,265518,13,卖盘
1187,10:43:08,204.24,61272,3,买盘
1188,10:43:11,204.3,20430,1,买盘
1189,10:43:14,204.3,20430,1,买盘
1190,10:43:17,204.29,102122,5,买盘
1191,10:43:20,204.28,40857,2,中性盘
1192,10:43:23,204.3,20430,1,买盘
1193,10:43:26,204.29,81699,4,中性盘
1194,10:43:32,204.29,40858,2,买盘
1195,10:43:35,204.29,61287,3,卖盘
1196,10:43:38,204.29,81716,4,卖盘
1197,10:43:41,204.31,142999,7,买盘
1198,10:43:47,204.3,81707,4,买盘
1199,10:43:50,204.31,102154,5,买盘
1200,10:43:53,204.29,61287,3,卖盘
1201,10:43:56,204.34,40864,2,买盘
1202,10:43:59,204.35,20435,1,买盘
1203,10:44:02,204.34,20434,1,中性盘
1204,10:44:05,204.34,20434,1,买盘
1205,10:44:08,204.35,20435,1,买盘
1206,10:44:14,204.34,20434,1,卖盘
1207,10:44:17,204.38,81747,4,买盘
1208,10:44:20,204.34,81736,4,卖盘
1209,10:44:32,204.31,20431,1,卖盘
1210,10:44:35,204.34,20434,1,买盘
1211,10:44:41,204.4,40879,2,买盘
1212,10:44:44,204.39,20439,1,买盘
1213,10:44:56,204.39,102195,5,买盘
1214,10:45:05,204.4,20440,1,买盘
1215,10:45:08,204.4,61318,3,买盘
1216,10:45:11,204.39,143079,7,卖盘
1217,10:45:14,204.4,20440,1,买盘
1218,10:45:17,204.44,20444,1,买盘
1219,10:45:20,204.48,61342,3,买盘
1220,10:45:23,204.39,40881,2,卖盘
1221,10:45:26,204.47,20447,1,买盘
1222,10:45:32,204.47,61325,3,中性盘
1223,10:45:35,204.48,20448,1,买盘
1224,10:45:38,204.4,40888,2,卖盘
1225,10:45:41,204.47,61337,3,买盘
1226,10:45:47,204.41,40888,2,卖盘
1227,10:45:50,204.48,20448,1,买盘
1228,10:45:56,204.48,61334,3,买盘
1229,10:46:02,204.47,81784,4,买盘
1230,10:46:05,204.48,265834,13,买盘
1231,10:46:08,204.54,470358,23,买盘
1232,10:46:11,204.55,245461,12,买盘
1233,10:46:14,204.58,40916,2,买盘
1234,10:46:17,204.55,20455,1,中性盘
1235,10:46:20,204.58,20458,1,买盘
1236,10:46:23,204.55,20455,1,卖盘
1237,10:46:26,204.59,163665,8,买盘
1238,10:46:29,204.65,102301,5,买盘
1239,10:46:32,204.65,184192,9,卖盘
1240,10:46:35,204.65,40930,2,卖盘
1241,10:46:38,204.65,143256,7,卖盘
1242,10:46:41,204.65,327448,16,卖盘
1243,10:46:44,204.64,245579,12,中性盘
1244,10:46:47,204.55,122775,6,卖盘
1245,10:46:50,204.64,122784,6,中性盘
1246,10:47:02,204.63,40919,2,中性盘
1247,10:47:05,204.63,20463,1,买盘
1248,10:47:08,204.63,122755,6,中性盘
1249,10:47:11,204.63,184172,9,卖盘
1250,10:47:14,204.55,40918,2,卖盘
1251,10:47:20,204.65,61393,3,买盘
1252,10:47:26,204.54,450054,22,卖盘
1253,10:47:29,204.62,40916,2,中性盘
1254,10:47:32,204.64,122783,6,买盘
1255,10:47:38,204.64,143248,7,买盘
1256,10:47:41,204.63,61390,3,中性盘
1257,10:47:44,204.62,81849,4,中性盘
1258,10:47:47,204.63,40926,2,卖盘
1259,10:47:50,204.66,81862,4,买盘
1260,10:47:53,204.63,20463,1,卖盘
1261,10:47:56,204.65,20465,1,卖盘
1262,10:47:59,204.65,20465,1,卖盘
1263,10:48:02,204.65,81860,4,卖盘
1264,10:48:05,204.65,40929,2,买盘
1265,10:48:08,204.65,61395,3,买盘
1266,10:48:11,204.65,122785,6,买盘
1267,10:48:23,204.63,61389,3,卖盘
1268,10:48:26,204.63,245560,12,卖盘
1269,10:48:35,204.63,143236,7,买盘
1270,10:48:44,204.65,736706,36,买盘
1271,10:48:47,204.66,40932,2,买盘
1272,10:48:50,204.66,61398,3,买盘
1273,10:48:53,204.68,81871,4,买盘
1274,10:48:56,204.7,327505,16,买盘
1275,10:48:59,204.68,40936,2,中性盘
1276,10:49:02,204.69,61408,3,卖盘
1277,10:49:11,204.73,286607,14,买盘
1278,10:49:17,204.73,40946,2,卖盘
1279,10:49:20,204.74,102368,5,买盘
1280,10:49:23,204.74,20474,1,买盘
1281,10:49:26,204.74,61422,3,卖盘
1282,10:49:29,204.74,20474,1,中性盘
1283,10:49:32,204.74,470902,23,卖盘
1284,10:49:35,204.73,143315,7,卖盘
1285,10:49:38,204.75,122845,6,买盘
1286,10:49:44,204.74,81896,4,中性盘
1287,10:49:47,204.74,143319,7,卖盘
1288,10:49:50,204.75,634720,31,买盘
1289,10:49:53,204.75,552819,27,买盘
1290,10:49:56,204.75,20475,1,买盘
1291,10:49:59,204.75,81900,4,买盘
1292,10:50:02,204.74,143321,7,卖盘
1293,10:50:05,204.75,204757,10,买盘
1294,10:50:11,204.75,61425,3,卖盘
1295,10:50:14,204.76,20476,1,中性盘
1296,10:50:17,204.8,40959,2,买盘
1297,10:50:20,204.76,40955,2,卖盘
1298,10:50:23,204.79,40955,2,买盘
1299,10:50:26,204.78,20478,1,买盘
1300,10:50:29,204.79,61437,3,买盘
1301,10:50:32,204.79,61435,3,买盘
1302,10:50:38,204.79,40958,2,卖盘
1303,10:50:41,204.79,20479,1,买盘
1304,10:50:44,204.81,143361,7,买盘
1305,10:50:50,204.81,20481,1,买盘
1306,10:50:53,204.81,163849,8,买盘
1307,10:51:05,204.82,40964,2,买盘
1308,10:51:08,204.82,61444,3,买盘
1309,10:51:11,204.81,122886,6,卖盘
1310,10:51:14,204.81,266249,13,买盘
1311,10:51:17,204.84,327707,16,买盘
1312,10:51:20,204.83,61449,3,卖盘
1313,10:51:23,204.83,61451,3,卖盘
1314,10:51:26,204.83,40967,2,卖盘
1315,10:51:29,204.84,20484,1,卖盘
1316,10:51:32,204.85,40970,2,买盘
1317,10:51:35,204.86,61457,3,买盘
1318,10:51:38,204.84,122914,6,卖盘
1319,10:51:41,204.84,20484,1,卖盘
1320,10:51:44,204.83,327736,16,卖盘
1321,10:51:47,204.84,245806,12,买盘
1322,10:51:59,204.8,778341,38,卖盘
1323,10:52:02,204.73,1925469,94,卖盘
1324,10:52:05,204.82,61446,3,中性盘
1325,10:52:08,204.72,81888,4,卖盘
1326,10:52:14,204.71,61414,3,卖盘
1327,10:52:20,204.71,40942,2,卖盘
1328,10:52:23,204.72,20472,1,买盘
1329,10:52:32,204.72,102360,5,卖盘
1330,10:52:35,204.75,20475,1,中性盘
1331,10:52:47,204.75,61431,3,中性盘
1332,10:52:56,204.72,245666,12,卖盘
1333,10:52:59,204.75,40953,2,卖盘
1334,10:53:02,204.7,266154,13,卖盘
1335,10:53:05,204.72,40942,2,中性盘
1336,10:53:08,204.71,20471,1,中性盘
1337,10:53:11,204.7,61410,3,卖盘
1338,10:53:14,204.72,40943,2,买盘
1339,10:53:17,204.7,81881,4,卖盘
1340,10:53:26,204.71,61411,3,买盘
1341,10:53:32,204.7,20470,1,卖盘
1342,10:53:35,204.71,20471,1,买盘
1343,10:53:38,204.71,20471,1,中性盘
1344,10:53:41,204.7,40940,2,卖盘
1345,10:53:44,204.7,20470,1,卖盘
1346,10:53:47,204.7,40941,2,卖盘
1347,10:53:50,204.71,20471,1,买盘
1348,10:54:02,204.7,20470,1,卖盘
1349,10:54:05,204.76,573252,28,买盘
1350,10:54:08,204.7,982704,48,卖盘
1351,10:54:11,204.76,20476,1,买盘
1352,10:54:14,204.72,40943,2,买盘
1353,10:54:17,204.77,163810,8,买盘
1354,10:54:23,204.76,40951,2,买盘
1355,10:54:26,204.74,40948,2,卖盘
1356,10:54:29,204.77,81904,4,买盘
1357,10:54:32,204.8,122871,6,买盘
1358,10:54:35,204.83,20483,1,买盘
1359,10:54:38,204.8,20480,1,卖盘
1360,10:54:41,204.81,20481,1,买盘
1361,10:54:44,204.8,225280,11,卖盘
1362,10:54:50,204.8,20480,1,卖盘
1363,10:54:53,204.83,163858,8,买盘
1364,10:54:56,204.83,20483,1,卖盘
1365,10:54:59,204.85,81943,4,买盘
1366,10:55:02,204.83,122904,6,卖盘
1367,10:55:05,204.87,61459,3,中性盘
1368,10:55:08,204.85,20485,1,中性盘
1369,10:55:11,204.84,40968,2,卖盘
1370,10:55:14,204.85,40971,2,中性盘
1371,10:55:17,204.87,102435,5,买盘
1372,10:55:26,204.88,40976,2,买盘
1373,10:55:29,204.88,20488,1,中性盘
1374,10:55:32,204.89,61467,3,买盘
1375,10:55:38,204.88,163905,8,卖盘
1376,10:55:44,204.92,1229477,60,买盘
1377,10:55:47,204.92,803277,39,买盘
1378,10:55:53,204.87,36881,2,卖盘
1379,10:55:56,204.93,245904,12,买盘
1380,10:56:08,204.86,245837,12,卖盘
1381,10:56:11,204.84,40968,2,卖盘
1382,10:56:14,204.84,307265,15,买盘
1383,10:56:17,204.85,20485,1,买盘
1384,10:56:20,204.85,40969,2,买盘
1385,10:56:23,204.86,81942,4,买盘
1386,10:56:26,204.85,20485,1,卖盘
1387,10:56:29,204.86,20486,1,买盘
1388,10:56:35,204.85,81940,4,卖盘
1389,10:56:38,204.85,40970,2,卖盘
1390,10:56:41,204.86,61458,3,买盘
1391,10:56:47,204.86,40971,2,买盘
1392,10:56:59,204.95,676166,33,买盘
1393,10:57:02,204.85,163883,8,卖盘
1394,10:57:05,204.86,40972,2,买盘
1395,10:57:08,204.86,20486,1,买盘
1396,10:57:11,204.85,20485,1,卖盘
1397,10:57:17,204.86,20486,1,买盘
1398,10:57:20,204.85,20485,1,卖盘
1399,10:57:26,204.85,61455,3,卖盘
1400,10:57:32,204.85,20485,1,卖盘
1401,10:57:35,204.83,1966464,96,卖盘
1402,10:57:38,204.8,163847,8,卖盘
1403,10:57:41,204.8,81920,4,卖盘
1404,10:57:44,204.8,204797,10,买盘
1405,10:57:50,204.8,20480,1,买盘
1406,10:57:56,204.8,20480,1,买盘
1407,10:58:02,204.71,225232,11,卖盘
1408,10:58:05,204.71,61413,3,卖盘
1409,10:58:11,204.71,184242,9,卖盘
1410,10:58:14,204.72,40944,2,买盘
1411,10:58:29,204.78,20478,1,买盘
1412,10:58:44,204.76,20476,1,买盘
1413,10:58:47,204.76,184284,9,买盘
1414,10:58:59,204.77,20477,1,买盘
1415,10:59:02,204.77,20477,1,买盘
1416,10:59:08,204.79,245734,12,买盘
1417,10:59:11,204.79,61437,3,买盘
1418,10:59:17,204.8,40960,2,买盘
1419,10:59:20,204.8,40960,2,买盘
1420,10:59:23,204.81,61441,3,买盘
1421,10:59:29,204.81,20481,1,买盘
1422,10:59:32,204.81,81921,4,买盘
1423,10:59:35,204.82,20482,1,买盘
1424,10:59:38,204.82,20482,1,买盘
1425,10:59:41,204.82,61446,3,买盘
1426,10:59:44,204.82,81928,4,买盘
1427,10:59:47,204.88,184378,9,买盘
1428,10:59:53,204.89,81965,4,中性盘
1429,10:59:56,204.96,20496,1,买盘
1430,10:59:59,204.96,20496,1,中性盘
1431,11:00:02,204.97,184467,9,买盘
1432,11:00:05,204.98,81991,4,买盘
1433,11:00:08,204.98,81992,4,买盘
1434,11:00:11,204.98,81991,4,买盘
1435,11:00:14,204.99,40998,2,买盘
1436,11:00:20,204.98,40996,2,中性盘
1437,11:00:23,204.99,20499,1,买盘
1438,11:00:26,204.98,20498,1,卖盘
1439,11:00:29,204.98,389462,19,卖盘
1440,11:00:32,204.98,553470,27,中性盘
1441,11:00:38,204.98,20498,1,买盘
1442,11:00:47,204.98,143486,7,买盘
1443,11:00:56,204.99,450957,22,买盘
1444,11:00:59,204.99,225489,11,买盘
1445,11:01:02,204.98,204980,10,卖盘
1446,11:01:08,204.96,61490,3,卖盘
1447,11:01:11,204.98,245975,12,买盘
1448,11:01:14,204.98,61494,3,买盘
1449,11:01:17,204.97,61491,3,买盘
1450,11:01:20,204.97,20497,1,买盘
1451,11:01:23,204.89,61483,3,卖盘
1452,11:01:26,204.89,40978,2,卖盘
1453,11:01:29,204.95,20495,1,买盘
1454,11:01:32,204.89,204887,10,买盘
1455,11:01:35,204.96,61488,3,买盘
1456,11:01:41,204.89,40985,2,卖盘
1457,11:01:47,204.96,40991,2,买盘
1458,11:01:50,204.89,20489,1,卖盘
1459,11:01:53,204.84,81944,4,卖盘
1460,11:02:02,204.83,20483,1,中性盘
1461,11:02:05,204.82,61446,3,卖盘
1462,11:02:08,204.81,20481,1,卖盘
1463,11:02:17,204.82,61444,3,买盘
1464,11:02:23,204.8,40960,2,买盘
1465,11:02:26,204.82,184330,9,买盘
1466,11:02:29,204.83,102412,5,买盘
1467,11:02:32,204.8,40961,2,中性盘
1468,11:02:35,204.8,40960,2,卖盘
1469,11:02:38,204.78,40956,2,卖盘
1470,11:02:41,204.89,225278,11,买盘
1471,11:02:47,204.88,40975,2,买盘
1472,11:03:02,204.82,40959,2,中性盘
1473,11:03:05,204.76,40952,2,卖盘
1474,11:03:08,204.77,20477,1,中性盘
1475,11:03:14,204.72,20472,1,卖盘
1476,11:03:20,204.72,40943,2,买盘
1477,11:03:23,204.7,143292,7,卖盘
1478,11:03:26,204.7,40940,2,卖盘
1479,11:03:29,204.68,40936,2,卖盘
1480,11:03:32,204.61,40922,2,中性盘
1481,11:03:35,204.6,61376,3,中性盘
1482,11:03:38,204.6,40920,2,买盘
1483,11:03:41,204.59,40918,2,买盘
1484,11:03:44,204.6,81833,4,买盘
1485,11:03:47,204.57,20457,1,卖盘
1486,11:03:50,204.61,20461,1,买盘
1487,11:03:53,204.6,81837,4,卖盘
1488,11:03:56,204.58,40919,2,卖盘
1489,11:03:59,204.58,20458,1,买盘
1490,11:04:02,204.59,20459,1,中性盘
1491,11:04:05,204.58,20458,1,买盘
1492,11:04:08,204.57,20457,1,卖盘
1493,11:04:11,204.57,61371,3,卖盘
1494,11:04:14,204.57,245494,12,卖盘
1495,11:04:17,204.56,20456,1,卖盘
1496,11:04:20,204.55,81822,4,卖盘
1497,11:04:23,204.53,61365,3,卖盘
1498,11:04:26,204.51,61353,3,卖盘
1499,11:04:32,204.5,61350,3,卖盘
1500,11:04:35,204.5,20450,1,卖盘
1501,11:04:38,204.5,81800,4,卖盘
1502,11:04:41,204.49,40894,2,中性盘
1503,11:04:44,204.42,20442,1,买盘
1504,11:04:47,204.49,61347,3,卖盘
1505,11:04:50,204.49,20449,1,买盘
1506,11:04:56,204.49,20449,1,买盘
1507,11:04:59,204.42,81772,4,卖盘
1508,11:05:05,204.44,81774,4,中性盘
1509,11:05:08,204.42,20442,1,中性盘
1510,11:05:11,204.44,20444,1,买盘
1511,11:05:14,204.42,61326,3,卖盘
1512,11:05:20,204.41,40882,2,卖盘
1513,11:05:23,204.41,122646,6,卖盘
1514,11:05:26,204.41,20441,1,买盘
1515,11:05:29,204.41,143096,7,卖盘
1516,11:05:32,204.41,40882,2,买盘
1517,11:05:38,204.45,449710,22,买盘
1518,11:05:41,204.48,40896,2,中性盘
1519,11:05:44,204.52,61352,3,买盘
1520,11:05:47,204.52,20452,1,卖盘
1521,11:05:50,204.57,20457,1,买盘
1522,11:05:53,204.59,61373,3,买盘
1523,11:05:56,204.53,163674,8,卖盘
1524,11:05:59,204.55,40908,2,买盘
1525,11:06:02,204.61,40915,2,中性盘
1526,11:06:20,204.57,81834,4,卖盘
1527,11:06:23,204.57,61371,3,卖盘
1528,11:06:29,204.6,429649,21,买盘
1529,11:06:32,204.6,40920,2,卖盘
1530,11:06:35,204.6,61380,3,卖盘
1531,11:06:38,204.6,81822,4,买盘
1532,11:06:41,204.53,20453,1,卖盘
1533,11:06:44,204.57,40915,2,中性盘
1534,11:06:50,204.59,40918,2,买盘
1535,11:06:53,204.53,40911,2,卖盘
1536,11:06:56,204.67,20467,1,买盘
1537,11:06:59,204.67,81868,4,买盘
1538,11:07:02,204.66,20466,1,中性盘
1539,11:07:05,204.67,61400,3,买盘
1540,11:07:08,204.65,40930,2,买盘
1541,11:07:11,204.63,20463,1,买盘
1542,11:07:17,204.63,20463,1,买盘
1543,11:07:20,204.63,61389,3,买盘
1544,11:07:26,204.57,20457,1,中性盘
1545,11:07:29,204.56,40912,2,卖盘
1546,11:07:32,204.55,20455,1,卖盘
1547,11:07:35,204.55,20455,1,卖盘
1548,11:07:44,204.54,20454,1,卖盘
1549,11:07:50,204.54,61362,3,卖盘
1550,11:07:53,204.54,20454,1,卖盘
1551,11:07:56,204.54,20454,1,卖盘
1552,11:07:59,204.54,20454,1,卖盘
1553,11:08:05,204.54,204537,10,卖盘
1554,11:08:08,204.46,204502,10,卖盘
1555,11:08:11,204.45,40890,2,中性盘
1556,11:08:17,204.45,61332,3,买盘
1557,11:08:20,204.42,81772,4,卖盘
1558,11:08:23,204.49,20449,1,中性盘
1559,11:08:29,204.42,40886,2,卖盘
1560,11:08:38,204.42,20442,1,买盘
1561,11:08:41,204.41,61323,3,卖盘
1562,11:08:44,204.41,40882,2,买盘
1563,11:08:47,204.4,367923,18,卖盘
1564,11:08:53,204.4,40879,2,买盘
1565,11:08:56,204.36,61312,3,卖盘
1566,11:08:59,204.39,81753,4,买盘
1567,11:09:02,204.36,20436,1,买盘
1568,11:09:05,204.36,20436,1,买盘
1569,11:09:08,204.4,81760,4,买盘
1570,11:09:11,204.42,143086,7,买盘
1571,11:09:14,204.42,20442,1,买盘
1572,11:09:17,204.44,224876,11,买盘
1573,11:09:20,204.49,20449,1,中性盘
1574,11:09:23,204.54,20454,1,买盘
1575,11:09:26,204.54,20454,1,买盘
1576,11:09:29,204.55,20455,1,买盘
1577,11:09:32,204.54,20454,1,买盘
1578,11:09:35,204.54,40907,2,买盘
1579,11:09:38,204.56,40911,2,买盘
1580,11:09:44,204.56,224992,11,买盘
1581,11:09:59,204.57,40915,2,卖盘
1582,11:10:02,204.58,20458,1,买盘
1583,11:10:05,204.57,20457,1,卖盘
1584,11:10:11,204.58,20458,1,买盘
1585,11:10:14,204.58,61372,3,买盘
1586,11:10:17,204.57,20457,1,卖盘
1587,11:10:32,204.57,40914,2,卖盘
1588,11:10:38,204.57,20457,1,卖盘
1589,11:10:47,204.56,20456,1,卖盘
1590,11:10:53,204.56,40912,2,买盘
1591,11:10:56,204.55,20455,1,卖盘
1592,11:10:59,204.55,409112,20,买盘
1593,11:11:02,204.54,20454,1,买盘
1594,11:11:05,204.55,20455,1,买盘
1595,11:11:08,204.55,204551,10,买盘
1596,11:11:14,204.58,163650,8,买盘
1597,11:11:17,204.6,20460,1,买盘
1598,11:11:20,204.65,368306,18,买盘
1599,11:11:23,204.7,61408,3,买盘
1600,11:11:26,204.84,430017,21,买盘
1601,11:11:29,204.87,102415,5,中性盘
1602,11:11:32,204.88,20488,1,买盘
1603,11:11:35,204.87,40973,2,中性盘
1604,11:11:38,204.88,81949,4,买盘
1605,11:11:44,204.84,81920,4,买盘
1606,11:11:56,204.8,40960,2,买盘
1607,11:12:05,204.71,20471,1,卖盘
1608,11:12:11,204.79,20479,1,买盘
1609,11:12:14,204.77,40947,2,中性盘
1610,11:12:17,204.76,20476,1,中性盘
1611,11:12:23,204.77,20477,1,买盘
1612,11:12:26,204.71,102355,5,卖盘
1613,11:12:29,204.71,20471,1,买盘
1614,11:12:41,204.8,122874,6,买盘
1615,11:12:44,204.8,20480,1,卖盘
1616,11:12:50,204.8,20480,1,卖盘
1617,11:12:56,204.8,81920,4,卖盘
1618,11:13:02,204.8,204782,10,买盘
1619,11:13:08,204.76,20476,1,买盘
1620,11:13:14,204.8,20480,1,买盘
1621,11:13:17,204.76,61428,3,卖盘
1622,11:13:20,204.72,20472,1,中性盘
1623,11:13:38,204.74,61418,3,买盘
1624,11:13:41,204.71,225205,11,卖盘
1625,11:13:44,204.71,143296,7,买盘
1626,11:13:47,204.69,40938,2,买盘
1627,11:13:50,204.71,102352,5,买盘
1628,11:13:53,204.71,204710,10,买盘
1629,11:13:56,204.7,40941,2,卖盘
1630,11:13:59,204.7,61410,3,卖盘
1631,11:14:08,204.71,20471,1,中性盘
1632,11:14:11,204.75,40950,2,买盘
1633,11:14:17,204.73,122833,6,买盘
1634,11:14:26,204.71,61413,3,卖盘
1635,11:14:29,204.71,20471,1,卖盘
1636,11:14:32,204.71,81884,4,买盘
1637,11:14:38,204.72,40943,2,买盘
1638,11:14:41,204.73,143297,7,买盘
1639,11:14:50,204.73,20473,1,买盘
1640,11:14:53,204.72,20472,1,买盘
1641,11:14:56,204.73,20473,1,买盘
1642,11:15:02,204.72,81888,4,中性盘
1643,11:15:08,204.72,20472,1,卖盘
1644,11:15:11,204.72,20472,1,卖盘
1645,11:15:17,204.72,20472,1,卖盘
1646,11:15:20,204.72,40944,2,买盘
1647,11:15:23,204.73,40945,2,买盘
1648,11:15:29,204.73,20473,1,买盘
1649,11:15:32,204.72,20472,1,卖盘
1650,11:15:41,204.73,20473,1,买盘
1651,11:15:44,204.7,81886,4,卖盘
1652,11:15:47,204.71,61413,3,中性盘
1653,11:15:50,204.7,40942,2,卖盘
1654,11:15:53,204.71,40943,2,中性盘
1655,11:15:56,204.71,20471,1,买盘
1656,11:16:02,204.7,266131,13,卖盘
1657,11:16:08,204.7,20470,1,卖盘
1658,11:16:11,204.68,266097,13,卖盘
1659,11:16:17,204.68,122806,6,买盘
1660,11:16:26,204.68,143276,7,买盘
1661,11:16:29,204.73,81877,4,买盘
1662,11:16:38,204.71,20471,1,买盘
1663,11:16:47,204.7,143291,7,卖盘
1664,11:16:50,204.7,40940,2,买盘
1665,11:16:56,204.71,245642,12,买盘
1666,11:16:59,204.69,40939,2,卖盘
1667,11:17:02,204.68,143283,7,卖盘
1668,11:17:05,204.69,40938,2,买盘
1669,11:17:08,204.69,102345,5,买盘
1670,11:17:11,204.71,327532,16,买盘
1671,11:17:14,204.7,122835,6,卖盘
1672,11:17:20,204.7,81890,4,卖盘
1673,11:17:23,204.71,40942,2,中性盘
1674,11:17:26,204.8,20480,1,买盘
1675,11:17:29,204.81,102405,5,买盘
1676,11:17:32,204.81,163855,8,卖盘
1677,11:17:35,204.85,20485,1,买盘
1678,11:17:41,204.85,40967,2,买盘
1679,11:17:50,204.81,61447,3,卖盘
1680,11:18:02,204.81,20481,1,中性盘
1681,11:18:08,204.8,61448,3,卖盘
1682,11:18:11,204.8,102403,5,卖盘
1683,11:18:14,204.81,61444,3,中性盘
1684,11:18:20,204.81,20481,1,买盘
1685,11:18:23,204.8,122880,6,卖盘
1686,11:18:26,204.83,61444,3,买盘
1687,11:18:29,204.82,40965,2,中性盘
1688,11:18:32,204.73,81909,4,卖盘
1689,11:18:38,204.81,184320,9,买盘
1690,11:18:41,204.73,184286,9,卖盘
1691,11:18:44,204.83,20483,1,买盘
1692,11:18:47,204.82,122896,6,中性盘
1693,11:18:50,204.85,61453,3,买盘
1694,11:18:53,204.81,20481,1,卖盘
1695,11:19:02,204.74,40954,2,卖盘
1696,11:19:05,204.8,81932,4,中性盘
1697,11:19:08,204.85,163823,8,买盘
1698,11:19:11,204.85,102420,5,买盘
1699,11:19:14,204.85,20485,1,卖盘
1700,11:19:17,204.86,20486,1,买盘
1701,11:19:20,204.87,245835,12,买盘
1702,11:19:23,204.86,40972,2,买盘
1703,11:19:26,204.85,81945,4,卖盘
1704,11:19:29,204.86,594099,29,卖盘
1705,11:19:32,204.87,20487,1,中性盘
1706,11:19:35,204.88,61464,3,买盘
1707,11:19:38,204.88,61460,3,买盘
1708,11:19:41,204.88,20488,1,买盘
1709,11:19:47,204.88,266340,13,买盘
1710,11:19:53,204.86,61460,3,卖盘
1711,11:19:56,204.87,20487,1,买盘
1712,11:19:59,204.87,20487,1,中性盘
1713,11:20:02,204.87,61459,3,买盘
1714,11:20:05,204.81,266309,13,卖盘
1715,11:20:08,204.73,20473,1,卖盘
1716,11:20:11,204.85,204755,10,买盘
1717,11:20:17,204.73,40946,2,卖盘
1718,11:20:20,204.73,143311,7,买盘
1719,11:20:23,204.73,20473,1,买盘
1720,11:20:26,204.85,20485,1,买盘
1721,11:20:35,204.76,20476,1,买盘
1722,11:20:38,204.76,20476,1,买盘
1723,11:20:44,204.76,81903,4,买盘
1724,11:20:47,204.75,20475,1,中性盘
1725,11:20:50,204.74,40948,2,中性盘
1726,11:20:59,204.74,40948,2,买盘
1727,11:21:02,204.73,40947,2,卖盘
1728,11:21:05,204.74,20474,1,买盘
1729,11:21:08,204.75,122845,6,买盘
1730,11:21:11,204.73,20473,1,卖盘
1731,11:21:14,204.77,20477,1,买盘
1732,11:21:20,204.73,225207,11,卖盘
1733,11:21:29,204.72,20472,1,卖盘
1734,11:21:32,204.73,20473,1,买盘
1735,11:21:41,204.73,122835,6,买盘
1736,11:21:44,204.77,184271,9,买盘
1737,11:21:50,204.77,61431,3,买盘
1738,11:21:53,204.8,102390,5,买盘
1739,11:21:56,204.77,20477,1,中性盘
1740,11:22:02,204.76,163850,8,卖盘
1741,11:22:05,204.76,40952,2,卖盘
1742,11:22:08,204.81,40957,2,中性盘
1743,11:22:11,204.76,20476,1,卖盘
1744,11:22:17,204.75,61428,3,卖盘
1745,11:22:23,204.81,61439,3,买盘
1746,11:22:32,204.77,20477,1,买盘
1747,11:22:35,204.77,20477,1,买盘
1748,11:22:50,204.76,61428,3,卖盘
1749,11:22:56,204.75,20475,1,买盘
1750,11:23:02,204.76,143326,7,买盘
1751,11:23:11,204.75,81900,4,卖盘
1752,11:23:14,204.73,20473,1,中性盘
1753,11:23:17,204.76,204757,10,买盘
1754,11:23:23,204.72,184248,9,卖盘
1755,11:23:29,204.72,20472,1,买盘
1756,11:23:32,204.71,20471,1,卖盘
1757,11:23:35,204.72,20472,1,买盘
1758,11:23:44,204.72,40944,2,买盘
1759,11:23:47,204.71,20471,1,卖盘
1760,11:23:53,204.71,122826,6,卖盘
1761,11:24:02,204.7,40940,2,卖盘
1762,11:24:05,204.7,102353,5,卖盘
1763,11:24:08,204.7,81880,4,卖盘
1764,11:24:11,204.71,40942,2,买盘
1765,11:24:17,204.71,40941,2,买盘
1766,11:24:20,204.7,102350,5,卖盘
1767,11:24:23,204.7,143290,7,卖盘
1768,11:24:26,204.71,40942,2,买盘
1769,11:24:29,204.7,122825,6,卖盘
1770,11:24:32,204.71,20471,1,买盘
1771,11:24:35,204.71,225171,11,买盘
1772,11:24:38,204.71,388950,19,买盘
1773,11:24:41,204.7,40940,2,卖盘
1774,11:24:47,204.76,20476,1,买盘
1775,11:24:56,204.76,163808,8,买盘
1776,11:24:59,204.76,20476,1,卖盘
1777,11:25:05,204.77,184289,9,买盘
1778,11:25:08,204.77,20477,1,买盘
1779,11:25:11,204.77,40954,2,买盘
1780,11:25:14,204.8,20480,1,买盘
1781,11:25:17,204.8,20480,1,卖盘
1782,11:25:20,204.81,20481,1,买盘
1783,11:25:23,204.8,81924,4,卖盘
1784,11:25:41,204.83,40967,2,中性盘
1785,11:25:44,204.84,61452,3,买盘
1786,11:25:47,204.84,20484,1,卖盘
1787,11:25:50,204.85,20485,1,买盘
1788,11:25:56,204.85,20485,1,买盘
1789,11:25:59,204.85,40970,2,买盘
1790,11:26:02,204.85,102425,5,买盘
1791,11:26:08,204.86,102429,5,买盘
1792,11:26:11,204.85,20485,1,中性盘
1793,11:26:14,204.85,20485,1,买盘
1794,11:26:17,204.85,20485,1,买盘
1795,11:26:20,204.85,20485,1,买盘
1796,11:26:26,204.86,102428,5,买盘
1797,11:26:29,204.84,81936,4,卖盘
1798,11:26:35,204.83,122902,6,卖盘
1799,11:26:41,204.82,20482,1,卖盘
1800,11:26:44,204.83,102415,5,买盘
1801,11:26:47,204.83,286762,14,买盘
1802,11:26:50,204.83,81932,4,买盘
1803,11:26:53,204.83,20483,1,买盘
1804,11:27:02,204.82,122905,6,卖盘
1805,11:27:05,204.84,45066,2,买盘
1806,11:27:08,204.84,77840,4,卖盘
1807,11:27:17,204.84,40968,2,买盘
1808,11:27:20,204.84,20484,1,买盘
1809,11:27:26,204.81,40962,2,卖盘
1810,11:27:29,204.84,40967,2,买盘
1811,11:27:38,204.82,20482,1,买盘
1812,11:27:44,204.82,20482,1,买盘
1813,11:27:47,204.81,20481,1,卖盘
1814,11:27:50,204.82,184338,9,买盘
1815,11:27:56,204.82,40964,2,卖盘
1816,11:28:02,204.82,143374,7,卖盘
1817,11:28:08,204.83,102415,5,买盘
1818,11:28:11,204.84,20484,1,买盘
1819,11:28:14,204.83,20483,1,卖盘
1820,11:28:17,204.83,102416,5,卖盘
1821,11:28:20,204.83,81935,4,卖盘
1822,11:28:23,204.84,20484,1,买盘
1823,11:28:26,204.84,20484,1,买盘
1824,11:28:32,204.83,40967,2,卖盘
1825,11:28:35,204.84,122904,6,买盘
1826,11:28:50,204.84,81936,4,买盘
1827,11:28:53,204.84,20484,1,买盘
1828,11:28:59,204.84,757906,37,买盘
1829,11:29:02,204.85,372810,18,买盘
1830,11:29:05,204.85,122910,6,买盘
1831,11:29:08,204.86,61458,3,买盘
1832,11:29:11,204.85,40971,2,卖盘
1833,11:29:20,204.85,20485,1,买盘
1834,11:29:23,204.87,102433,5,买盘
1835,11:29:26,204.87,225357,11,买盘
1836,11:29:29,204.87,40974,2,买盘
1837,11:29:32,204.87,102435,5,买盘
1838,11:29:35,204.87,122923,6,卖盘
1839,11:29:38,204.87,81949,4,卖盘
1840,11:29:41,204.87,40974,2,买盘
1841,11:29:44,204.88,40976,2,买盘
1842,13:00:02,204.86,184379,9,卖盘
1843,13:00:05,204.89,1352143,66,买盘
1844,13:00:08,204.92,368820,18,买盘
1845,13:00:11,204.95,245933,12,买盘
1846,13:00:14,204.99,676353,33,买盘
1847,13:00:17,204.97,122988,6,中性盘
1848,13:00:20,204.99,20499,1,买盘
1849,13:00:23,204.99,61497,3,买盘
1850,13:00:26,204.99,61497,3,买盘
1851,13:00:29,205.13,4100169,200,买盘
1852,13:00:32,205.19,1190012,58,买盘
1853,13:00:35,205.23,984963,48,买盘
1854,13:00:38,205.3,821139,40,买盘
1855,13:00:41,205.3,246328,12,买盘
1856,13:00:44,205.32,123200,6,买盘
1857,13:00:47,205.35,41069,2,买盘
1858,13:00:50,205.33,20533,1,买盘
1859,13:00:53,205.35,20535,1,买盘
1860,13:00:56,205.37,41073,2,买盘
1861,13:00:59,205.36,20536,1,卖盘
1862,13:01:02,205.29,677571,33,卖盘
1863,13:01:05,205.21,164194,8,卖盘
1864,13:01:08,205.36,164255,8,买盘
1865,13:01:11,205.38,82143,4,买盘
1866,13:01:14,205.37,143762,7,卖盘
1867,13:01:17,205.4,431341,21,买盘
1868,13:01:20,205.44,82172,4,买盘
1869,13:01:23,205.44,20544,1,买盘
1870,13:01:26,205.44,184896,9,买盘
1871,13:01:29,205.58,3226263,157,买盘
1872,13:01:32,205.52,246660,12,卖盘
1873,13:01:35,205.59,431755,21,买盘
1874,13:01:38,205.66,226211,11,买盘
1875,13:01:41,205.69,349651,17,买盘
1876,13:01:44,205.69,267406,13,卖盘
1877,13:01:47,205.67,226242,11,卖盘
1878,13:01:50,205.64,267395,13,卖盘
1879,13:01:53,205.64,308464,15,卖盘
1880,13:01:56,205.6,472908,23,卖盘
1881,13:01:59,205.64,41128,2,买盘
1882,13:02:02,205.62,61684,3,中性盘
1883,13:02:05,205.6,205602,10,卖盘
1884,13:02:11,205.6,41120,2,卖盘
1885,13:02:14,205.6,287839,14,卖盘
1886,13:02:17,205.59,287837,14,卖盘
1887,13:02:20,205.59,1151798,56,卖盘
1888,13:02:26,205.69,82266,4,买盘
1889,13:02:29,205.68,246757,12,中性盘
1890,13:02:32,205.6,205645,10,卖盘
1891,13:02:35,205.59,390632,19,卖盘
1892,13:02:38,205.67,143915,7,买盘
1893,13:02:44,205.67,123369,6,买盘
1894,13:02:47,205.67,20567,1,卖盘
1895,13:02:50,205.67,329073,16,卖盘
1896,13:02:53,205.69,473080,23,买盘
1897,13:02:56,205.67,308498,15,买盘
1898,13:03:02,205.67,267386,13,卖盘
1899,13:03:05,205.67,411331,20,买盘
1900,13:03:08,205.67,123399,6,买盘
1901,13:03:11,205.62,20562,1,卖盘
1902,13:03:17,205.56,123351,6,卖盘
1903,13:03:20,205.6,20560,1,买盘
1904,13:03:23,205.6,20560,1,买盘
1905,13:03:26,205.56,20556,1,卖盘
1906,13:03:29,205.56,20556,1,卖盘
1907,13:03:35,205.53,41107,2,卖盘
1908,13:03:38,205.53,61660,3,卖盘
1909,13:03:41,205.54,20554,1,买盘
1910,13:03:44,205.53,41101,2,买盘
1911,13:03:47,205.53,20553,1,买盘
1912,13:03:50,205.53,20553,1,买盘
1913,13:03:53,205.48,123293,6,卖盘
1914,13:03:56,205.45,164396,8,卖盘
1915,13:03:59,205.46,20546,1,卖盘
1916,13:04:02,205.53,184934,9,买盘
1917,13:04:08,205.6,472771,23,买盘
1918,13:04:11,205.61,287842,14,买盘
1919,13:04:14,205.66,503749,25,买盘
1920,13:04:17,205.66,61695,3,买盘
1921,13:04:23,205.66,20566,1,中性盘
1922,13:04:29,205.66,41132,2,买盘
1923,13:04:32,205.66,82263,4,买盘
1924,13:04:35,205.66,575850,28,买盘
1925,13:04:38,205.66,123396,6,卖盘
1926,13:04:41,205.65,61697,3,卖盘
1927,13:04:44,205.65,20565,1,买盘
1928,13:04:47,205.66,143968,7,买盘
1929,13:04:50,205.66,82264,4,卖盘
1930,13:04:53,205.66,82264,4,卖盘
1931,13:04:59,205.66,20566,1,卖盘
1932,13:05:02,205.68,20568,1,买盘
1933,13:05:05,205.66,123396,6,卖盘
1934,13:05:08,205.68,164531,8,买盘
1935,13:05:11,205.68,41136,2,买盘
1936,13:05:14,205.67,20567,1,买盘
1937,13:05:23,205.67,740379,36,买盘
1938,13:05:26,205.66,185097,9,卖盘
1939,13:05:29,205.66,164531,8,卖盘
1940,13:05:32,205.66,349622,17,卖盘
1941,13:05:35,205.66,123396,6,卖盘
1942,13:05:38,205.66,678698,33,卖盘
1943,13:05:41,205.66,658112,32,卖盘
1944,13:05:44,205.68,123402,6,买盘
1945,13:05:47,205.66,514150,25,卖盘
1946,13:05:50,205.68,102832,5,买盘
1947,13:05:53,205.63,226203,11,卖盘
1948,13:05:56,205.62,41124,2,中性盘
1949,13:05:59,205.63,102812,5,买盘
1950,13:06:05,205.55,61673,3,卖盘
1951,13:06:08,205.63,20563,1,买盘
1952,13:06:20,205.62,143930,7,买盘
1953,13:06:23,205.64,164508,8,买盘
1954,13:06:26,205.64,41128,2,卖盘
1955,13:06:29,205.55,41111,2,卖盘
1956,13:06:32,205.55,102775,5,卖盘
1957,13:06:35,205.55,308331,15,卖盘
1958,13:06:41,205.55,41110,2,买盘
1959,13:06:44,205.55,226102,11,买盘
1960,13:06:47,205.53,123318,6,卖盘
1961,13:06:50,205.53,102765,5,买盘
1962,13:06:56,205.5,41102,2,卖盘
1963,13:06:59,205.52,205519,10,买盘
1964,13:07:02,205.49,184971,9,卖盘
1965,13:07:08,205.49,41098,2,卖盘
1966,13:07:11,205.49,102748,5,卖盘
1967,13:07:17,205.48,20548,1,卖盘
1968,13:07:26,205.44,452046,22,卖盘
1969,13:07:29,205.56,1377081,67,买盘
1970,13:07:32,205.62,185052,9,买盘
1971,13:07:35,205.6,164492,8,卖盘
1972,13:07:38,205.63,61685,3,买盘
1973,13:07:41,205.62,61686,3,卖盘
1974,13:07:44,205.64,20564,1,买盘
1975,13:07:47,205.62,20562,1,卖盘
1976,13:07:53,205.62,20562,1,卖盘
1977,13:07:56,205.62,41124,2,卖盘
1978,13:08:02,205.62,102810,5,卖盘
1979,13:08:17,205.55,61672,3,卖盘
1980,13:08:26,205.54,82219,4,卖盘
1981,13:08:29,205.54,82217,4,卖盘
1982,13:08:32,205.57,61671,3,中性盘
1983,13:08:35,205.6,143917,7,买盘
1984,13:08:38,205.61,246722,12,买盘
1985,13:08:41,205.62,82245,4,买盘
1986,13:08:44,205.62,267306,13,买盘
1987,13:08:47,205.61,1254248,61,卖盘
1988,13:08:53,205.65,205648,10,买盘
1989,13:08:56,205.64,41128,2,卖盘
1990,13:08:59,205.65,20565,1,买盘
1991,13:09:02,205.64,226222,11,中性盘
1992,13:09:05,205.64,20564,1,买盘
1993,13:09:08,205.65,20565,1,买盘
1994,13:09:11,205.65,143950,7,买盘
1995,13:09:14,205.63,20563,1,中性盘
1996,13:09:20,205.63,20563,1,买盘
1997,13:09:23,205.61,185053,9,卖盘
1998,13:09:26,205.64,41128,2,买盘
1999,13:09:29,205.64,20564,1,买盘
2000,13:09:32,205.61,82244,4,卖盘
2001,13:09:35,205.66,1953698,95,买盘
2002,13:09:38,205.66,61698,3,卖盘
2003,13:09:41,205.66,61698,3,卖盘
2004,13:09:44,205.66,205662,10,卖盘
2005,13:09:47,205.66,164528,8,卖盘
2006,13:09:50,205.66,575848,28,卖盘
2007,13:09:53,205.66,452452,22,卖盘
2008,13:09:56,205.66,20566,1,卖盘
2009,13:09:59,205.66,390754,19,卖盘
2010,13:10:02,205.66,1172260,57,卖盘
2011,13:10:05,205.67,20567,1,买盘
2012,13:10:08,205.67,20567,1,卖盘
2013,13:10:11,205.68,41136,2,买盘
2014,13:10:14,205.68,41135,2,买盘
2015,13:10:17,205.68,61704,3,买盘
2016,13:10:20,205.68,41136,2,买盘
2017,13:10:32,205.68,863855,42,买盘
2018,13:10:35,205.67,164539,8,买盘
2019,13:10:38,205.66,452453,22,卖盘
2020,13:10:41,205.67,185103,9,买盘
2021,13:10:44,205.66,82264,4,卖盘
2022,13:10:47,205.66,20566,1,买盘
2023,13:10:53,205.66,61698,3,买盘
2024,13:10:56,205.68,349645,17,买盘
2025,13:10:59,205.68,61704,3,卖盘
2026,13:11:02,205.66,82268,4,卖盘
2027,13:11:08,205.66,41132,2,买盘
2028,13:11:17,205.65,41127,2,中性盘
2029,13:11:23,205.63,20563,1,卖盘
2030,13:11:29,205.63,61687,3,买盘
2031,13:11:32,205.63,20563,1,买盘
2032,13:11:35,205.61,61687,3,卖盘
2033,13:11:38,205.62,41123,2,中性盘
2034,13:11:44,205.61,102802,5,买盘
2035,13:11:47,205.6,20560,1,卖盘
2036,13:11:50,205.6,41120,2,卖盘
2037,13:11:59,205.58,20558,1,卖盘
2038,13:12:02,205.58,20558,1,卖盘
2039,13:12:05,205.58,20558,1,卖盘
2040,13:12:11,205.58,82232,4,买盘
2041,13:12:14,205.58,205580,10,买盘
2042,13:12:23,205.57,226125,11,买盘
2043,13:12:29,205.56,20556,1,买盘
2044,13:12:32,205.55,102779,5,卖盘
2045,13:12:38,205.55,184998,9,卖盘
2046,13:12:44,205.54,41109,2,卖盘
2047,13:12:47,205.55,20555,1,买盘
2048,13:12:50,205.54,20554,1,卖盘
2049,13:12:56,205.54,20554,1,买盘
2050,13:12:59,205.52,20552,1,卖盘
2051,13:13:02,205.53,20553,1,买盘
2052,13:13:05,205.52,41104,2,卖盘
2053,13:13:08,205.61,1644548,80,买盘
2054,13:13:11,205.64,349568,17,买盘
2055,13:13:14,205.64,20564,1,中性盘
2056,13:13:17,205.65,82258,4,买盘
2057,13:13:20,205.62,20562,1,卖盘
2058,13:13:23,205.62,61686,3,卖盘
2059,13:13:26,205.61,102805,5,卖盘
2060,13:13:29,205.57,41117,2,卖盘
2061,13:13:32,205.54,41111,2,卖盘
2062,13:13:35,205.61,41122,2,买盘
2063,13:13:38,205.54,20554,1,中性盘
2064,13:13:44,205.61,61668,3,买盘
2065,13:13:47,205.61,20561,1,买盘
2066,13:13:50,205.6,20560,1,中性盘
2067,13:13:53,205.54,41108,2,卖盘
2068,13:13:59,205.61,102781,5,买盘
2069,13:14:02,205.54,20554,1,中性盘
2070,13:14:05,205.55,143895,7,中性盘
2071,13:14:08,205.61,82244,4,买盘
2072,13:14:11,205.59,328956,16,中性盘
2073,13:14:14,205.65,1490817,73,买盘
2074,13:14:17,205.65,946021,46,卖盘
2075,13:14:20,205.68,534762,26,买盘
2076,13:14:23,205.69,267361,13,买盘
2077,13:14:26,205.68,20568,1,买盘
2078,13:14:32,205.65,82260,4,买盘
2079,13:14:35,205.64,164526,8,卖盘
2080,13:14:38,205.63,102824,5,卖盘
2081,13:14:41,205.67,82268,4,买盘
2082,13:14:44,205.62,20562,1,卖盘
2083,13:14:53,205.67,20567,1,买盘
2084,13:14:56,205.64,185086,9,卖盘
2085,13:14:59,205.68,82269,4,买盘
2086,13:15:02,205.68,61703,3,买盘
2087,13:15:08,205.68,246816,12,买盘
2088,13:15:11,205.68,82270,4,买盘
2089,13:15:17,205.67,226247,11,卖盘
2090,13:15:20,205.68,267384,13,买盘
2091,13:15:23,205.68,349643,17,买盘
2092,13:15:26,205.68,226247,11,买盘
2093,13:15:29,205.67,329093,16,卖盘
2094,13:15:32,205.67,61703,3,卖盘
2095,13:15:35,205.67,20567,1,卖盘
2096,13:15:38,205.67,123403,6,卖盘
2097,13:15:41,205.7,2961904,144,买盘
2098,13:15:44,205.71,287960,14,买盘
2099,13:15:47,205.67,267326,13,买盘
2100,13:15:50,205.68,390792,19,卖盘
2101,13:15:53,205.71,185137,9,买盘
2102,13:15:56,205.7,61712,3,中性盘
2103,13:15:59,205.68,185126,9,卖盘
2104,13:16:02,205.71,20571,1,买盘
2105,13:16:05,205.71,61712,3,买盘
2106,13:16:08,205.71,20571,1,卖盘
2107,13:16:14,205.71,61713,3,卖盘
2108,13:16:17,205.71,20571,1,买盘
2109,13:16:20,205.67,637629,31,卖盘
2110,13:16:23,205.67,20567,1,中性盘
2111,13:16:26,205.68,20568,1,买盘
2112,13:16:29,205.63,20563,1,卖盘
2113,13:16:32,205.51,678257,33,卖盘
2114,13:16:38,205.53,143862,7,买盘
2115,13:16:41,205.53,20553,1,卖盘
2116,13:16:50,205.5,20550,1,卖盘
2117,13:16:53,205.49,575395,28,卖盘
2118,13:16:56,205.49,20549,1,买盘
2119,13:16:59,205.4,226030,11,卖盘
2120,13:17:05,205.4,61620,3,卖盘
2121,13:17:08,205.43,123258,6,中性盘
2122,13:17:11,205.4,102712,5,卖盘
2123,13:17:14,205.4,41080,2,卖盘
2124,13:17:20,205.42,143792,7,买盘
2125,13:17:23,205.4,41080,2,卖盘
2126,13:17:26,205.4,82160,4,卖盘
2127,13:17:29,205.4,164327,8,卖盘
2128,13:17:32,205.41,390278,19,买盘
2129,13:17:35,205.5,595777,29,买盘
2130,13:17:38,205.5,61650,3,买盘
2131,13:17:44,205.5,20550,1,买盘
2132,13:17:47,205.5,82200,4,买盘
2133,13:17:53,205.52,123306,6,买盘
2134,13:18:02,205.56,164425,8,买盘
2135,13:18:11,205.6,102800,5,买盘
2136,13:18:14,205.66,82255,4,买盘
2137,13:18:20,205.63,41127,2,卖盘
2138,13:18:23,205.66,20566,1,买盘
2139,13:18:26,205.65,226224,11,卖盘
2140,13:18:32,205.7,123409,6,买盘
2141,13:18:38,205.65,287942,14,卖盘
2142,13:18:41,205.66,349612,17,买盘
2143,13:18:44,205.7,102850,5,买盘
2144,13:18:47,205.69,41138,2,买盘
2145,13:18:50,205.71,185132,9,买盘
2146,13:18:53,205.75,534857,26,买盘
2147,13:18:56,205.74,617283,30,卖盘
2148,13:18:59,205.78,144041,7,买盘
2149,13:19:02,205.78,390995,19,买盘
2150,13:19:05,205.8,493915,24,买盘
2151,13:19:08,205.81,226379,11,买盘
2152,13:19:11,205.85,226402,11,买盘
2153,13:19:14,205.86,41171,2,买盘
2154,13:19:17,205.87,41174,2,买盘
2155,13:19:20,205.89,288228,14,买盘
2156,13:19:23,205.88,720619,35,卖盘
2157,13:19:26,205.93,82368,4,买盘
2158,13:19:29,205.95,144158,7,买盘
2159,13:19:32,205.98,144181,7,买盘
2160,13:19:35,205.97,20597,1,中性盘
2161,13:19:38,206.0,1853955,90,买盘
2162,13:19:41,205.98,535565,26,卖盘
2163,13:19:44,205.99,20599,1,买盘
2164,13:19:47,205.99,247188,12,买盘
2165,13:19:50,205.98,102993,5,卖盘
2166,13:19:53,205.99,41198,2,买盘
2167,13:19:56,205.99,411978,20,买盘
2168,13:19:59,205.96,226564,11,卖盘
2169,13:20:02,205.99,329569,16,买盘
2170,13:20:05,205.92,556112,27,卖盘
2171,13:20:08,205.98,226546,11,买盘
2172,13:20:11,205.98,205973,10,买盘
2173,13:20:14,205.92,102964,5,卖盘
2174,13:20:17,205.93,20593,1,买盘
2175,13:20:20,205.93,123554,6,买盘
2176,13:20:23,205.92,20592,1,中性盘
2177,13:20:26,205.93,41186,2,买盘
2178,13:20:29,205.92,20592,1,卖盘
2179,13:20:32,205.92,658971,32,买盘
2180,13:20:35,205.91,61773,3,卖盘
2181,13:20:38,205.9,144135,7,卖盘
2182,13:20:41,205.92,82361,4,买盘
2183,13:20:44,205.91,144142,7,卖盘
2184,13:20:50,205.91,82365,4,卖盘
2185,13:20:56,205.92,41183,2,买盘
2186,13:20:59,205.91,82366,4,卖盘
2187,13:21:02,205.91,494185,24,卖盘
2188,13:21:05,205.92,185327,9,买盘
2189,13:21:08,205.91,205919,10,卖盘
2190,13:21:11,205.91,61773,3,卖盘
2191,13:21:14,205.91,102955,5,买盘
2192,13:21:17,205.9,20590,1,卖盘
2193,13:21:26,205.88,61765,3,卖盘
2194,13:21:29,205.9,308838,15,买盘
2195,13:21:35,205.89,20589,1,卖盘
2196,13:21:38,205.9,20590,1,买盘
2197,13:21:41,205.89,164716,8,卖盘
2198,13:21:44,205.89,20589,1,买盘
2199,13:21:50,205.88,144116,7,卖盘
2200,13:21:53,205.89,20589,1,买盘
2201,13:21:56,205.88,41176,2,卖盘
2202,13:21:59,205.88,205880,10,卖盘
2203,13:22:02,205.88,226442,11,中性盘
2204,13:22:05,205.88,41177,2,卖盘
2205,13:22:08,205.87,20587,1,卖盘
2206,13:22:11,205.87,102907,5,中性盘
2207,13:22:23,205.86,20586,1,买盘
2208,13:22:26,205.86,61752,3,买盘
2209,13:22:29,205.8,41165,2,卖盘
2210,13:22:35,205.8,41160,2,卖盘
2211,13:22:38,205.8,20580,1,卖盘
2212,13:22:41,205.8,61740,3,卖盘
2213,13:22:44,205.8,164640,8,卖盘
2214,13:22:50,205.81,308701,15,买盘
2215,13:22:53,205.79,82320,4,卖盘
2216,13:22:59,205.8,102900,5,卖盘
2217,13:23:02,205.81,41160,2,中性盘
2218,13:23:08,205.8,82320,4,买盘
2219,13:23:11,205.8,41160,2,买盘
2220,13:23:20,205.8,41161,2,卖盘
2221,13:23:23,205.8,61740,3,卖盘
2222,13:23:26,205.8,61740,3,卖盘
2223,13:23:29,205.8,41160,2,卖盘
2224,13:23:32,205.86,370496,18,买盘
2225,13:23:35,205.87,20587,1,买盘
2226,13:23:47,205.81,20581,1,卖盘
2227,13:23:50,205.81,123488,6,卖盘
2228,13:23:53,205.87,144097,7,买盘
2229,13:23:59,205.87,144107,7,买盘
2230,13:24:02,205.83,226441,11,卖盘
2231,13:24:05,205.87,41171,2,中性盘
2232,13:24:08,205.88,164699,8,买盘
2233,13:24:11,205.88,267635,13,买盘
2234,13:24:17,205.88,102940,5,买盘
2235,13:24:23,205.88,432348,21,买盘
2236,13:24:32,205.86,20586,1,卖盘
2237,13:24:38,205.88,226466,11,买盘
2238,13:24:41,205.89,247062,12,买盘
2239,13:24:44,205.91,494155,24,买盘
2240,13:24:47,205.93,514802,25,买盘
2241,13:24:50,205.95,205917,10,买盘
2242,13:24:53,205.95,41190,2,买盘
2243,13:24:56,205.98,453144,22,买盘
2244,13:24:59,205.98,205980,10,买盘
2245,13:25:02,205.98,61794,3,买盘
2246,13:25:05,205.98,61794,3,买盘
2247,13:25:08,205.98,164784,8,买盘
2248,13:25:11,206.07,8054470,391,买盘
2249,13:25:14,206.18,700872,34,买盘
2250,13:25:17,206.21,2206341,107,买盘
2251,13:25:20,206.13,1092829,53,卖盘
2252,13:25:23,206.33,144348,7,买盘
2253,13:25:26,206.23,61873,3,卖盘
2254,13:25:29,206.4,227009,11,买盘
2255,13:25:32,206.38,288985,14,中性盘
2256,13:25:35,206.49,206391,10,买盘
2257,13:25:38,206.4,41289,2,中性盘
2258,13:25:41,206.38,185761,9,卖盘
2259,13:25:44,206.41,103241,5,中性盘
2260,13:25:47,206.35,969911,47,卖盘
2261,13:25:50,206.4,206399,10,买盘
2262,13:25:53,206.39,82540,4,买盘
2263,13:25:56,206.23,41263,2,卖盘
2264,13:25:59,206.35,82550,4,中性盘
2265,13:26:02,206.39,82541,4,买盘
2266,13:26:05,206.39,598531,29,买盘
2267,13:26:08,206.4,82553,4,买盘
2268,13:26:11,206.39,20639,1,卖盘
2269,13:26:14,206.4,330239,16,买盘
2270,13:26:17,206.41,2786418,135,买盘
2271,13:26:20,206.4,227048,11,卖盘
2272,13:26:23,206.41,41282,2,中性盘
2273,13:26:26,206.48,206480,10,买盘
2274,13:26:29,206.4,268320,13,卖盘
2275,13:26:32,206.48,61937,3,买盘
2276,13:26:35,206.49,144540,7,买盘
2277,13:26:38,206.49,227134,11,买盘
2278,13:26:41,206.47,144541,7,卖盘
2279,13:26:44,206.47,330364,16,卖盘
2280,13:26:47,206.49,784630,38,买盘
2281,13:26:50,206.49,41298,2,卖盘
2282,13:26:53,206.48,1878915,91,卖盘
2283,13:26:56,206.48,103232,5,中性盘
2284,13:26:59,206.4,41285,2,中性盘
2285,13:27:08,206.36,82553,4,卖盘
2286,13:27:11,206.4,41276,2,买盘
2287,13:27:14,206.36,82544,4,中性盘
2288,13:27:20,206.4,123839,6,买盘
2289,13:27:23,206.36,61908,3,卖盘
2290,13:27:26,206.36,41271,2,买盘
2291,13:27:29,206.36,226994,11,买盘
2292,13:27:32,206.35,144450,7,卖盘
2293,13:27:35,206.35,41270,2,买盘
2294,13:27:38,206.36,144424,7,买盘
2295,13:27:44,206.26,61887,3,卖盘
2296,13:27:50,206.25,165005,8,卖盘
2297,13:27:56,206.25,82501,4,卖盘
2298,13:27:59,206.3,103150,5,中性盘
2299,13:28:02,206.25,61875,3,卖盘
2300,13:28:05,206.25,20625,1,卖盘
2301,13:28:08,206.25,41250,2,卖盘
2302,13:28:11,206.3,226884,11,买盘
2303,13:28:14,206.26,20626,1,中性盘
2304,13:28:17,206.25,123757,6,卖盘
2305,13:28:20,206.25,82500,4,买盘
2306,13:28:23,206.25,61875,3,买盘
2307,13:28:26,206.3,103139,5,中性盘
2308,13:28:29,206.25,247499,12,卖盘
2309,13:28:32,206.25,20625,1,买盘
2310,13:28:35,206.25,247533,12,买盘
2311,13:28:38,206.25,82508,4,中性盘
2312,13:28:41,206.25,412,0,卖盘
2313,13:28:44,206.3,20630,1,买盘
2314,13:28:50,206.25,226920,11,卖盘
2315,13:28:53,206.25,61875,3,卖盘
2316,13:28:56,206.3,20630,1,买盘
2317,13:28:59,206.26,20626,1,卖盘
2318,13:29:02,206.26,61878,3,卖盘
2319,13:29:08,206.3,103150,5,买盘
2320,13:29:11,206.3,41260,2,卖盘
2321,13:29:14,206.3,206300,10,卖盘
2322,13:29:17,206.3,61890,3,买盘
2323,13:29:20,206.3,639530,31,买盘
2324,13:29:23,206.34,309464,15,买盘
2325,13:29:29,206.3,165062,8,卖盘
2326,13:29:32,206.3,61894,3,卖盘
2327,13:29:35,206.34,41268,2,买盘
2328,13:29:38,206.33,144417,7,买盘
2329,13:29:41,206.27,82508,4,卖盘
2330,13:29:44,206.34,20634,1,买盘
2331,13:29:47,206.27,41254,2,卖盘
2332,13:29:50,206.26,350741,17,卖盘
2333,13:29:53,206.34,20634,1,买盘
2334,13:29:56,206.34,41261,2,买盘
2335,13:29:59,206.25,412516,20,卖盘
2336,13:30:02,206.27,123797,6,卖盘
2337,13:30:05,206.36,619042,30,买盘
2338,13:30:08,206.35,619093,30,卖盘
2339,13:30:11,206.36,123836,6,中性盘
2340,13:30:14,206.4,103188,5,买盘
2341,13:30:17,206.4,41280,2,买盘
2342,13:30:20,206.4,61920,3,买盘
2343,13:30:23,206.42,20642,1,卖盘
2344,13:30:26,206.4,20640,1,卖盘
2345,13:30:32,206.35,247635,12,卖盘
2346,13:30:35,206.42,82559,4,买盘
2347,13:30:41,206.4,41280,2,买盘
2348,13:30:44,206.4,61915,3,中性盘
2349,13:30:47,206.4,165102,8,中性盘
2350,13:30:50,206.35,268315,13,卖盘
2351,13:30:53,206.42,61925,3,买盘
2352,13:30:56,206.42,681163,33,买盘
2353,13:30:59,206.42,20642,1,买盘
2354,13:31:02,206.41,371550,18,卖盘
2355,13:31:05,206.48,1197320,58,买盘
2356,13:31:08,206.48,805268,39,买盘
2357,13:31:11,206.5,1486771,72,买盘
2358,13:31:14,206.49,82598,4,卖盘
2359,13:31:17,206.5,578200,28,买盘
2360,13:31:20,206.5,289098,14,买盘
2361,13:31:23,206.49,474947,23,卖盘
2362,13:31:26,206.49,20649,1,卖盘
2363,13:31:29,206.49,123895,6,卖盘
2364,13:31:32,206.49,61947,3,卖盘
2365,13:31:35,206.49,41298,2,买盘
2366,13:31:38,206.49,82594,4,买盘
2367,13:31:41,206.49,103243,5,买盘
2368,13:31:44,206.5,20650,1,买盘
2369,13:31:47,206.5,82600,4,买盘
2370,13:31:50,206.49,351037,17,卖盘
2371,13:31:53,206.49,61949,3,卖盘
2372,13:31:56,206.5,165190,8,买盘
2373,13:31:59,206.5,20650,1,买盘
2374,13:32:02,206.5,123897,6,买盘
2375,13:32:05,206.42,206451,10,卖盘
2376,13:32:08,206.45,330281,16,买盘
2377,13:32:11,206.41,41285,2,卖盘
2378,13:32:17,206.44,20644,1,卖盘
2379,13:32:23,206.44,41288,2,卖盘
2380,13:32:26,206.45,41289,2,中性盘
2381,13:32:29,206.42,247721,12,卖盘
2382,13:32:32,206.48,103234,5,买盘
2383,13:32:38,206.42,103210,5,卖盘
2384,13:32:44,206.43,103229,5,中性盘
2385,13:32:47,206.42,61926,3,卖盘
2386,13:32:50,206.42,206420,10,卖盘
2387,13:32:53,206.41,804983,39,卖盘
2388,13:32:59,206.35,20635,1,卖盘
2389,13:33:05,206.35,1217465,59,卖盘
2390,13:33:08,206.4,165057,8,买盘
2391,13:33:14,206.4,185757,9,买盘
2392,13:33:20,206.39,103180,5,买盘
2393,13:33:23,206.32,144424,7,中性盘
2394,13:33:26,206.39,515975,25,买盘
2395,13:33:29,206.32,185744,9,卖盘
2396,13:33:32,206.39,41278,2,中性盘
2397,13:33:35,206.39,185732,9,买盘
2398,13:33:38,206.31,123794,6,卖盘
2399,13:33:44,206.3,20630,1,卖盘
2400,13:33:47,206.31,61893,3,买盘
2401,13:33:50,206.29,41259,2,卖盘
2402,13:33:53,206.29,20629,1,卖盘
2403,13:33:56,206.29,82516,4,卖盘
2404,13:33:59,206.29,82516,4,卖盘
2405,13:34:02,206.29,20629,1,卖盘
2406,13:34:08,206.3,103147,5,买盘
2407,13:34:11,206.29,185661,9,卖盘
2408,13:34:17,206.29,165032,8,买盘
2409,13:34:20,206.29,103145,5,买盘
2410,13:34:23,206.28,61884,3,卖盘
2411,13:34:35,206.28,206280,10,买盘
2412,13:34:38,206.28,61884,3,卖盘
2413,13:34:41,206.28,433189,21,卖盘
2414,13:34:44,206.27,82508,4,卖盘
2415,13:34:53,206.27,123762,6,卖盘
2416,13:34:56,206.27,82508,4,卖盘
2417,13:34:59,206.27,41254,2,卖盘
2418,13:35:02,206.27,103135,5,卖盘
2419,13:35:05,206.28,20628,1,买盘
2420,13:35:08,206.27,123762,6,卖盘
2421,13:35:11,206.28,103137,5,买盘
2422,13:35:14,206.27,61881,3,卖盘
2423,13:35:17,206.27,123762,6,卖盘
2424,13:35:20,206.28,206278,10,买盘
2425,13:35:23,206.25,103125,5,卖盘
2426,13:35:26,206.21,618302,30,卖盘
2427,13:35:29,206.25,721854,35,买盘
2428,13:35:32,206.11,41226,2,卖盘
2429,13:35:35,206.24,20624,1,买盘
2430,13:35:38,206.1,103050,5,卖盘
2431,13:35:41,206.1,185478,9,卖盘
2432,13:35:56,206.09,82437,4,卖盘
2433,13:36:05,206.04,103020,5,卖盘
2434,13:36:08,206.0,61807,3,卖盘
2435,13:36:11,206.0,82404,4,卖盘
2436,13:36:14,206.0,82400,4,卖盘
2437,13:36:17,206.0,103000,5,卖盘
2438,13:36:20,206.02,61799,3,中性盘
2439,13:36:26,205.95,82390,4,卖盘
2440,13:36:29,206.02,206003,10,买盘
2441,13:36:38,205.88,308899,15,卖盘
2442,13:36:41,206.0,82400,4,买盘
2443,13:36:44,206.0,41200,2,买盘
2444,13:36:50,205.95,20595,1,买盘
2445,13:36:53,206.0,20600,1,买盘
2446,13:36:56,206.03,288419,14,买盘
2447,13:36:59,206.07,61816,3,买盘
2448,13:37:05,206.09,82429,4,买盘
2449,13:37:08,206.04,82420,4,卖盘
2450,13:37:14,206.07,20607,1,中性盘
2451,13:37:17,206.05,20605,1,卖盘
2452,13:37:20,206.05,41212,2,中性盘
2453,13:37:23,206.05,61815,3,卖盘
2454,13:37:26,206.05,309075,15,卖盘
2455,13:37:29,206.05,185454,9,卖盘
2456,13:37:32,206.06,61821,3,卖盘
2457,13:37:47,206.06,82426,4,买盘
2458,13:37:53,206.06,20606,1,卖盘
2459,13:37:59,206.06,164848,8,卖盘
2460,13:38:05,206.06,247273,12,卖盘
2461,13:38:08,206.06,103034,5,卖盘
2462,13:38:11,206.06,226666,11,卖盘
2463,13:38:14,206.05,185451,9,卖盘
2464,13:38:17,206.06,535755,26,买盘
2465,13:38:20,206.05,824211,40,卖盘
2466,13:38:23,206.09,144263,7,买盘
2467,13:38:26,206.05,164840,8,卖盘
2468,13:38:32,206.07,968441,47,买盘
2469,13:38:35,206.05,164844,8,卖盘
2470,13:38:38,206.06,20606,1,中性盘
2471,13:38:41,206.05,20605,1,卖盘
2472,13:38:44,206.07,41212,2,买盘
2473,13:38:47,206.07,20607,1,卖盘
2474,13:38:53,206.1,474017,23,买盘
2475,13:38:56,206.1,20610,1,买盘
2476,13:38:59,206.19,41238,2,买盘
2477,13:39:02,206.14,82474,4,中性盘
2478,13:39:08,206.2,20620,1,买盘
2479,13:39:11,206.2,597986,29,买盘
2480,13:39:14,206.21,103111,5,卖盘
2481,13:39:17,206.22,20622,1,中性盘
2482,13:39:20,206.25,20625,1,中性盘
2483,13:39:26,206.26,41252,2,买盘
2484,13:39:41,206.21,82488,4,卖盘
2485,13:39:50,206.25,103128,5,卖盘
2486,13:39:53,206.2,824839,40,卖盘
2487,13:39:59,206.26,41253,2,卖盘
2488,13:40:05,206.27,82509,4,买盘
2489,13:40:08,206.2,330002,16,卖盘
2490,13:40:14,206.26,329930,16,买盘
2491,13:40:17,206.2,61860,3,卖盘
2492,13:40:23,206.21,20621,1,中性盘
2493,13:40:29,206.2,41240,2,卖盘
2494,13:40:32,206.26,41252,2,买盘
2495,13:40:38,206.2,226826,11,卖盘
2496,13:40:41,206.2,226820,11,卖盘
2497,13:40:44,206.16,144315,7,卖盘
2498,13:40:53,206.15,20615,1,卖盘
2499,13:40:56,206.15,20615,1,卖盘
2500,13:40:59,206.15,123690,6,卖盘
2501,13:41:08,206.15,41230,2,卖盘
2502,13:41:14,206.15,61846,3,卖盘
2503,13:41:20,206.15,20615,1,卖盘
2504,13:41:29,206.15,82460,4,卖盘
2505,13:41:38,206.15,41230,2,买盘
2506,13:41:41,206.14,20614,1,卖盘
2507,13:41:44,206.14,103070,5,卖盘
2508,13:41:50,206.15,41230,2,买盘
2509,13:41:56,206.13,103069,5,卖盘
2510,13:42:08,206.13,41226,2,买盘
2511,13:42:11,206.06,4059850,197,卖盘
2512,13:42:14,206.01,659544,32,卖盘
2513,13:42:17,206.01,61808,3,中性盘
2514,13:42:20,206.0,1215400,59,卖盘
2515,13:42:23,206.0,61816,3,卖盘
2516,13:42:26,206.0,82400,4,卖盘
2517,13:42:56,205.97,20597,1,买盘
2518,13:43:11,205.91,20591,1,买盘
2519,13:43:14,205.9,41180,2,卖盘
2520,13:43:17,205.9,20590,1,卖盘
2521,13:43:20,205.89,41179,2,卖盘
2522,13:43:26,205.89,123534,6,卖盘
2523,13:43:35,205.89,61767,3,买盘
2524,13:43:44,205.88,267656,13,卖盘
2525,13:43:47,205.88,288232,14,卖盘
2526,13:43:50,205.89,144119,7,买盘
2527,13:43:53,205.88,761762,37,卖盘
2528,13:43:56,205.9,20590,1,买盘
2529,13:43:59,205.89,267649,13,卖盘
2530,13:44:02,205.88,4611712,224,卖盘
2531,13:44:05,205.88,391174,19,卖盘
2532,13:44:08,205.88,267644,13,卖盘
2533,13:44:11,205.88,82353,4,卖盘
2534,13:44:14,205.88,82352,4,卖盘
2535,13:44:17,205.88,205880,10,卖盘
2536,13:44:20,205.89,102941,5,买盘
2537,13:44:23,205.88,41176,2,卖盘
2538,13:44:26,205.88,247066,12,卖盘
2539,13:44:29,205.85,123515,6,卖盘
2540,13:44:35,205.81,61743,3,卖盘
2541,13:44:41,205.8,102900,5,卖盘
2542,13:44:44,205.8,144060,7,卖盘
2543,13:44:47,205.8,41160,2,中性盘
2544,13:44:50,205.75,20575,1,卖盘
2545,13:44:53,205.71,308666,15,中性盘
2546,13:44:56,205.71,82284,4,卖盘
2547,13:44:59,205.7,102851,5,卖盘
2548,13:45:05,205.7,82280,4,卖盘
2549,13:45:08,205.65,123415,6,卖盘
2550,13:45:11,205.61,82256,4,卖盘
2551,13:45:14,205.6,20560,1,中性盘
2552,13:45:17,205.53,82213,4,卖盘
2553,13:45:20,205.55,205548,10,中性盘
2554,13:45:23,205.6,41120,2,买盘
2555,13:45:26,205.54,102770,5,卖盘
2556,13:45:29,205.54,20554,1,卖盘
2557,13:45:32,205.54,41108,2,卖盘
2558,13:45:35,205.55,20555,1,卖盘
2559,13:45:38,205.56,61666,3,买盘
2560,13:45:41,205.54,82217,4,卖盘
2561,13:45:44,205.54,658003,32,卖盘
2562,13:45:47,205.55,82221,4,卖盘
2563,13:45:50,205.56,20556,1,中性盘
2564,13:45:53,205.55,20555,1,卖盘
2565,13:45:56,205.54,41109,2,卖盘
2566,13:45:59,205.55,20555,1,买盘
2567,13:46:02,205.55,164434,8,买盘
2568,13:46:05,205.54,61663,3,卖盘
2569,13:46:11,205.54,20554,1,卖盘
2570,13:46:14,205.5,452127,22,卖盘
2571,13:46:17,205.55,575529,28,买盘
2572,13:46:20,205.55,20555,1,卖盘
2573,13:46:23,205.55,20555,1,卖盘
2574,13:46:26,205.56,164446,8,买盘
2575,13:46:32,205.52,41104,2,卖盘
2576,13:46:35,205.52,164413,8,买盘
2577,13:46:38,205.52,267200,13,卖盘
2578,13:46:44,205.52,102766,5,卖盘
2579,13:46:50,205.51,205510,10,买盘
2580,13:46:53,205.5,123302,6,卖盘
2581,13:46:56,205.48,164393,8,卖盘
2582,13:46:59,205.47,20547,1,中性盘
2583,13:47:02,205.46,20546,1,卖盘
2584,13:47:05,205.46,20546,1,卖盘
2585,13:47:08,205.41,41088,2,卖盘
2586,13:47:11,205.41,82166,4,卖盘
2587,13:47:14,205.4,20540,1,卖盘
2588,13:47:17,205.4,20540,1,卖盘
2589,13:47:20,205.4,61621,3,卖盘
2590,13:47:23,205.4,20540,1,卖盘
2591,13:47:26,205.41,41082,2,买盘
2592,13:47:29,205.41,205410,10,买盘
2593,13:47:32,205.43,102706,5,买盘
2594,13:47:38,205.46,82184,4,买盘
2595,13:47:41,205.46,164356,8,买盘
2596,13:47:44,205.45,102730,5,中性盘
2597,13:47:47,205.52,226046,11,买盘
2598,13:47:50,205.48,20548,1,卖盘
2599,13:47:53,205.51,82203,4,买盘
2600,13:47:56,205.51,61653,3,买盘
2601,13:47:59,205.51,20551,1,中性盘
2602,13:48:02,205.5,123302,6,卖盘
2603,13:48:05,205.5,246598,12,中性盘
2604,13:48:08,205.4,267092,13,卖盘
2605,13:48:11,205.49,20549,1,买盘
2606,13:48:17,205.42,41084,2,买盘
2607,13:48:20,205.42,205420,10,买盘
2608,13:48:23,205.42,61626,3,中性盘
2609,13:48:26,205.47,102724,5,中性盘
2610,13:48:29,205.47,82191,4,中性盘
2611,13:48:32,205.42,41083,2,中性盘
2612,13:48:35,205.42,20542,1,卖盘
2613,13:48:38,205.47,61631,3,买盘
2614,13:48:41,205.43,123248,6,中性盘
2615,13:48:44,205.41,61623,3,卖盘
2616,13:48:47,205.43,451922,22,买盘
2617,13:48:50,205.42,61627,3,中性盘
2618,13:48:53,205.48,82180,4,买盘
2619,13:48:59,205.43,164342,8,中性盘
2620,13:49:02,205.47,20547,1,买盘
2621,13:49:05,205.69,945394,46,买盘
2622,13:49:08,205.68,20568,1,买盘
2623,13:49:14,205.67,164533,8,买盘
2624,13:49:23,205.68,123408,6,卖盘
2625,13:49:26,205.69,205689,10,买盘
2626,13:49:29,205.69,20569,1,卖盘
2627,13:49:32,205.69,20569,1,卖盘
2628,13:49:35,205.71,61713,3,买盘
2629,13:49:38,205.69,61710,3,卖盘
2630,13:49:44,205.68,20568,1,卖盘
2631,13:49:53,205.65,329081,16,卖盘
2632,13:49:59,205.63,41127,2,中性盘
2633,13:50:02,205.68,411337,20,买盘
2634,13:50:05,205.56,20556,1,中性盘
2635,13:50:11,205.56,102780,5,卖盘
2636,13:50:14,205.55,41112,2,卖盘
2637,13:50:17,205.56,20556,1,中性盘
2638,13:50:20,205.58,82232,4,买盘
2639,13:50:23,205.56,328926,16,卖盘
2640,13:50:26,205.55,82220,4,卖盘
2641,13:50:29,205.55,123334,6,卖盘
2642,13:50:32,205.55,61665,3,买盘
2643,13:50:35,205.54,41108,2,卖盘
2644,13:50:41,205.54,41109,2,卖盘
2645,13:50:44,205.55,61665,3,买盘
2646,13:50:47,205.54,82216,4,卖盘
2647,13:50:50,205.52,986500,48,卖盘
2648,13:50:53,205.49,102741,5,中性盘
2649,13:50:56,205.48,20548,1,卖盘
2650,13:50:59,205.48,246576,12,买盘
2651,13:51:02,205.48,123287,6,买盘
2652,13:51:05,205.48,102738,5,买盘
2653,13:51:08,205.47,143841,7,卖盘
2654,13:51:11,205.47,20547,1,买盘
2655,13:51:17,205.47,61639,3,买盘
2656,13:51:20,205.42,41084,2,卖盘
2657,13:51:23,205.41,82164,4,卖盘
2658,13:51:26,205.43,82172,4,买盘
2659,13:51:29,205.42,61628,3,中性盘
2660,13:51:32,205.42,20542,1,买盘
2661,13:51:35,205.42,82168,4,买盘
2662,13:51:38,205.42,41084,2,中性盘
2663,13:51:41,205.43,123255,6,买盘
2664,13:51:44,205.43,143811,7,中性盘
2665,13:51:47,205.47,102727,5,买盘
2666,13:51:50,205.47,205461,10,买盘
2667,13:51:53,205.47,20547,1,卖盘
2668,13:51:59,205.51,41102,2,买盘
2669,13:52:02,205.5,41100,2,卖盘
2670,13:52:05,205.5,82197,4,卖盘
2671,13:52:08,205.51,184945,9,买盘
2672,13:52:14,205.51,20551,1,卖盘
2673,13:52:17,205.51,61653,3,卖盘
2674,13:52:23,205.51,20551,1,卖盘
2675,13:52:26,205.51,20551,1,卖盘
2676,13:52:38,205.52,41104,2,买盘
2677,13:52:41,205.52,205520,10,买盘
2678,13:52:44,205.52,82206,4,买盘
2679,13:52:47,205.52,164416,8,买盘
2680,13:52:53,205.51,61654,3,卖盘
2681,13:52:59,205.52,61656,3,买盘
2682,13:53:05,205.51,123307,6,卖盘
2683,13:53:08,205.52,102760,5,买盘
2684,13:53:14,205.51,61653,3,卖盘
2685,13:53:20,205.51,61653,3,卖盘
2686,13:53:26,205.52,61653,3,买盘
2687,13:53:35,205.51,20551,1,中性盘
2688,13:53:38,205.52,20552,1,买盘
2689,13:53:47,205.52,20552,1,买盘
2690,13:53:50,205.52,226072,11,买盘
2691,13:53:53,205.51,20551,1,卖盘
2692,13:53:56,205.51,20551,1,卖盘
2693,13:54:05,205.52,20552,1,买盘
2694,13:54:08,205.52,123312,6,买盘
2695,13:54:14,205.52,554905,27,买盘
2696,13:54:20,205.51,82205,4,卖盘
2697,13:54:23,205.5,308255,15,卖盘
2698,13:54:26,205.51,246612,12,买盘
2699,13:54:38,205.57,308329,15,买盘
2700,13:54:41,205.58,82232,4,中性盘
2701,13:54:44,205.55,143878,7,卖盘
2702,13:54:50,205.51,82205,4,卖盘
2703,13:54:56,205.5,102754,5,卖盘
2704,13:54:59,205.55,184979,9,买盘
2705,13:55:02,205.52,82214,4,卖盘
2706,13:55:08,205.58,20558,1,买盘
2707,13:55:11,205.53,61664,3,卖盘
2708,13:55:14,205.54,41108,2,卖盘
2709,13:55:23,205.54,20554,1,卖盘
2710,13:55:32,205.58,82232,4,买盘
2711,13:55:38,205.58,41116,2,中性盘
2712,13:55:41,205.6,123355,6,买盘
2713,13:55:44,205.6,20560,1,买盘
2714,13:55:53,205.59,20559,1,卖盘
2715,13:55:59,205.59,41119,2,卖盘
2716,13:56:02,205.58,41116,2,卖盘
2717,13:56:08,205.6,20560,1,买盘
2718,13:56:11,205.6,123356,6,买盘
2719,13:56:14,205.6,123364,6,卖盘
2720,13:56:23,205.6,41121,2,卖盘
2721,13:56:26,205.6,61680,3,卖盘
2722,13:56:29,205.6,82240,4,卖盘
2723,13:56:32,205.6,20560,1,卖盘
2724,13:56:35,205.58,472834,23,卖盘
2725,13:56:38,205.56,82230,4,卖盘
2726,13:56:41,205.54,20554,1,卖盘
2727,13:56:44,205.54,20554,1,买盘
2728,13:56:47,205.51,82207,4,卖盘
2729,13:56:53,205.51,20551,1,卖盘
2730,13:57:02,205.5,184950,9,卖盘
2731,13:57:05,205.5,20550,1,卖盘
2732,13:57:14,205.5,20550,1,卖盘
2733,13:57:17,205.5,41100,2,卖盘
2734,13:57:20,205.5,452100,22,卖盘
2735,13:57:23,205.5,20550,1,卖盘
2736,13:57:26,205.51,61651,3,买盘
2737,13:57:29,205.5,20550,1,卖盘
2738,13:57:35,205.51,61652,3,买盘
2739,13:57:38,205.51,41102,2,买盘
2740,13:57:44,205.5,20550,1,卖盘
2741,13:57:50,205.5,143855,7,卖盘
2742,13:57:53,205.51,41102,2,中性盘
2743,13:57:56,205.5,20550,1,卖盘
2744,13:57:59,205.52,61656,3,买盘
2745,13:58:08,205.52,246624,12,卖盘
2746,13:58:11,205.5,41100,2,卖盘
2747,13:58:17,205.5,20550,1,卖盘
2748,13:58:20,205.5,102750,5,卖盘
2749,13:58:23,205.5,20550,1,卖盘
2750,13:58:29,205.5,349350,17,卖盘
2751,13:58:32,205.5,41100,2,卖盘
2752,13:58:44,205.51,308246,15,买盘
2753,13:58:50,205.49,20549,1,买盘
2754,13:58:53,205.49,41098,2,买盘
2755,13:58:56,205.49,20549,1,中性盘
2756,13:58:59,205.48,20548,1,卖盘
2757,13:59:02,205.49,102741,5,买盘
2758,13:59:08,205.48,246582,12,卖盘
2759,13:59:11,205.48,184932,9,卖盘
2760,13:59:14,205.43,2198507,107,卖盘
2761,13:59:17,205.43,102717,5,卖盘
2762,13:59:20,205.42,287588,14,卖盘
2763,13:59:23,205.41,575148,28,卖盘
2764,13:59:26,205.4,308100,15,卖盘
2765,13:59:29,205.39,82156,4,卖盘
2766,13:59:32,205.38,410760,20,卖盘
2767,13:59:35,205.35,225890,11,卖盘
2768,13:59:38,205.33,123199,6,卖盘
2769,13:59:41,205.31,61595,3,卖盘
2770,13:59:44,205.3,266890,13,卖盘
2771,13:59:47,205.31,20531,1,买盘
2772,13:59:56,205.25,266875,13,卖盘
2773,13:59:59,205.29,307853,15,中性盘
2774,14:00:02,205.26,451709,22,中性盘
2775,14:00:11,205.31,205370,10,卖盘
2776,14:00:14,205.38,123234,6,买盘
2777,14:00:35,205.39,164316,8,卖盘
2778,14:00:44,205.35,41070,2,买盘
2779,14:00:47,205.34,20534,1,卖盘
2780,14:00:50,205.38,20538,1,买盘
2781,14:00:53,205.37,246463,12,买盘
2782,14:00:56,205.35,41071,2,卖盘
2783,14:01:05,205.37,82148,4,卖盘
2784,14:01:08,205.5,61649,3,买盘
2785,14:01:14,205.39,20539,1,卖盘
2786,14:01:17,205.48,61647,3,中性盘
2787,14:01:20,205.48,20548,1,中性盘
2788,14:01:23,205.49,61645,3,买盘
2789,14:01:26,205.48,10274,1,中性盘
2790,14:01:29,205.5,41100,2,买盘
2791,14:01:32,205.48,246595,12,卖盘
2792,14:01:35,205.5,20550,1,买盘
2793,14:01:38,205.5,61650,3,买盘
2794,14:01:44,205.48,174660,9,卖盘
2795,14:01:47,205.48,82192,4,买盘
2796,14:01:50,205.47,20547,1,中性盘
2797,14:01:53,205.48,41095,2,买盘
2798,14:01:59,205.48,20548,1,买盘
2799,14:02:02,205.44,20544,1,卖盘
2800,14:02:05,205.44,61635,3,卖盘
2801,14:02:08,205.45,61633,3,买盘
2802,14:02:14,205.43,41086,2,买盘
2803,14:02:20,205.43,20543,1,买盘
2804,14:02:32,205.41,61624,3,卖盘
2805,14:02:38,205.4,61622,3,卖盘
2806,14:02:41,205.42,20542,1,买盘
2807,14:02:47,205.4,20540,1,中性盘
2808,14:02:50,205.4,20540,1,中性盘
2809,14:02:53,205.4,123244,6,中性盘
2810,14:02:56,205.42,1889173,92,买盘
2811,14:02:59,205.43,41086,2,中性盘
2812,14:03:08,205.43,41086,2,买盘
2813,14:03:14,205.48,61636,3,买盘
2814,14:03:17,205.41,82167,4,卖盘
2815,14:03:20,205.47,20547,1,买盘
2816,14:03:23,205.48,61636,3,买盘
2817,14:03:29,205.47,41094,2,中性盘
2818,14:03:32,205.47,20547,1,中性盘
2819,14:03:35,205.48,20548,1,买盘
2820,14:03:38,205.48,20548,1,买盘
2821,14:03:41,205.5,739749,36,买盘
2822,14:03:44,205.49,82198,4,卖盘
2823,14:03:47,205.5,133575,7,买盘
2824,14:03:53,205.53,61656,3,买盘
2825,14:03:56,205.5,174680,9,卖盘
2826,14:03:59,205.5,61650,3,买盘
2827,14:04:02,205.5,61650,3,买盘
2828,14:04:05,205.55,133587,7,买盘
2829,14:04:08,205.5,20550,1,卖盘
2830,14:04:11,205.5,41100,2,卖盘
2831,14:04:14,205.55,41109,2,买盘
2832,14:04:23,205.57,61667,3,买盘
2833,14:04:26,205.58,61672,3,买盘
2834,14:04:29,205.56,41114,2,卖盘
2835,14:04:32,205.58,82225,4,买盘
2836,14:04:38,205.57,20557,1,中性盘
2837,14:04:41,205.56,41113,2,中性盘
2838,14:04:44,205.58,164462,8,买盘
2839,14:04:47,205.58,20558,1,买盘
2840,14:04:50,205.6,308371,15,买盘
2841,14:04:56,205.6,20560,1,买盘
2842,14:04:59,205.6,61680,3,买盘
2843,14:05:02,205.59,20559,1,卖盘
2844,14:05:05,205.64,82247,4,买盘
2845,14:05:11,205.61,41123,2,中性盘
2846,14:05:17,205.62,61686,3,买盘
2847,14:05:20,205.62,41124,2,卖盘
2848,14:05:23,205.62,61686,3,卖盘
2849,14:05:29,205.61,41122,2,卖盘
2850,14:05:38,205.61,20561,1,卖盘
2851,14:05:44,205.61,102808,5,卖盘
2852,14:05:47,205.61,82246,4,卖盘
2853,14:05:53,205.62,102810,5,买盘
2854,14:05:59,205.62,205612,10,卖盘
2855,14:06:05,205.62,41125,2,中性盘
2856,14:06:17,205.59,41118,2,中性盘
2857,14:06:26,205.61,102796,5,买盘
2858,14:06:32,205.59,102795,5,买盘
2859,14:06:41,205.6,164479,8,买盘
2860,14:06:44,205.58,41116,2,卖盘
2861,14:06:47,205.58,41116,2,卖盘
2862,14:06:50,205.58,102794,5,卖盘
2863,14:06:56,205.59,41118,2,买盘
2864,14:06:59,205.58,411200,20,卖盘
2865,14:07:08,205.6,82240,4,卖盘
2866,14:07:20,205.6,164480,8,卖盘
2867,14:07:26,205.58,20558,1,卖盘
2868,14:07:29,205.58,20558,1,卖盘
2869,14:07:32,205.59,41118,2,买盘
2870,14:07:35,205.59,82235,4,买盘
2871,14:07:44,205.58,20558,1,卖盘
2872,14:07:50,205.58,41116,2,卖盘
2873,14:07:53,205.59,185031,9,买盘
2874,14:07:59,205.58,205580,10,卖盘
2875,14:08:02,205.58,41116,2,卖盘
2876,14:08:05,205.56,102780,5,卖盘
2877,14:08:08,205.54,41107,2,中性盘
2878,14:08:17,205.51,20551,1,卖盘
2879,14:08:20,205.51,20551,1,卖盘
2880,14:08:23,205.5,61652,3,卖盘
2881,14:08:32,205.51,102752,5,中性盘
2882,14:08:35,205.5,20550,1,卖盘
2883,14:08:38,205.5,41100,2,卖盘
2884,14:08:41,205.51,20551,1,中性盘
2885,14:08:47,205.5,41100,2,卖盘
2886,14:08:50,205.51,20551,1,卖盘
2887,14:08:53,205.52,143864,7,买盘
2888,14:08:56,205.52,61655,3,买盘
2889,14:08:59,205.52,41104,2,买盘
2890,14:09:05,205.51,102755,5,卖盘
2891,14:09:14,205.51,20551,1,卖盘
2892,14:09:17,205.52,20552,1,买盘
2893,14:09:20,205.52,20552,1,买盘
2894,14:09:23,205.51,82204,4,卖盘
2895,14:09:29,205.51,61653,3,买盘
2896,14:09:32,205.51,20551,1,买盘
2897,14:09:35,205.51,82201,4,买盘
2898,14:09:38,205.5,82203,4,卖盘
2899,14:09:41,205.51,20551,1,买盘
2900,14:09:50,205.5,20550,1,卖盘
2901,14:09:56,205.5,20550,1,卖盘
2902,14:10:02,205.5,41100,2,卖盘
2903,14:10:11,205.51,308261,15,买盘
