,成交时间,成交价格,成交金额,成交量,性质
0,09:25:03,206.0,4408400,214,卖盘
1,09:30:03,206.04,41208,2,买盘
2,09:30:06,206.0,948304,46,卖盘
3,09:30:09,206.2,165034,8,中性盘
4,09:30:12,206.21,535851,26,中性盘
5,09:30:15,206.15,226778,11,卖盘
6,09:30:18,206.04,206131,10,卖盘
7,09:30:21,206.04,1380767,67,卖盘
8,09:30:24,206.04,803569,39,卖盘
9,09:30:27,206.0,988935,48,卖盘
10,09:30:30,205.99,1359588,66,卖盘
11,09:30:33,205.97,2863276,139,卖盘
12,09:30:36,205.99,556050,27,中性盘
13,09:30:39,205.89,761855,37,卖盘
14,09:30:42,205.88,1152934,56,卖盘
15,09:30:45,205.88,3088213,150,卖盘
16,09:30:48,205.88,1255187,61,买盘
17,09:30:51,205.8,370513,18,中性盘
18,09:30:54,205.88,987775,48,买盘
19,09:30:57,205.88,329241,16,买盘
20,09:31:00,205.81,41162,2,中性盘
21,09:31:03,205.42,390427,19,卖盘
22,09:31:06,205.38,184866,9,卖盘
23,09:31:09,205.3,82110,4,卖盘
24,09:31:12,205.3,123187,6,中性盘
25,09:31:15,205.88,1171287,57,买盘
26,09:31:18,205.36,41066,2,中性盘
27,09:31:21,205.31,61642,3,卖盘
28,09:31:24,205.31,61591,3,中性盘
29,09:31:27,205.3,123200,6,卖盘
30,09:31:30,205.51,82242,4,中性盘
31,09:31:33,205.75,329377,16,中性盘
32,09:31:36,205.81,308662,15,买盘
33,09:31:42,205.8,102860,5,买盘
34,09:31:45,205.79,20579,1,中性盘
35,09:31:48,205.8,123420,6,买盘
36,09:31:51,205.38,164379,8,中性盘
37,09:31:54,205.37,61613,3,卖盘
38,09:31:57,205.38,225979,11,中性盘
39,09:32:00,205.6,287620,14,买盘
40,09:32:03,205.43,41103,2,卖盘
41,09:32:06,205.8,123438,6,买盘
42,09:32:09,205.6,164480,8,卖盘
43,09:32:12,205.59,185040,9,中性盘
44,09:32:15,205.62,41125,2,卖盘
45,09:32:18,205.6,123364,6,卖盘
46,09:32:21,205.6,370043,18,买盘
47,09:32:24,205.4,4950211,241,卖盘
48,09:32:27,205.7,554895,27,买盘
49,09:32:30,205.65,82260,4,卖盘
50,09:32:33,205.89,1728725,84,买盘
51,09:32:36,205.84,164729,8,中性盘
52,09:32:39,205.99,164760,8,买盘
53,09:32:42,206.0,267745,13,买盘
54,09:32:45,206.0,102976,5,买盘
55,09:32:48,205.98,205971,10,中性盘
56,09:32:51,205.99,226563,11,中性盘
57,09:32:54,205.84,535566,26,卖盘
58,09:32:57,205.84,82356,4,卖盘
59,09:33:00,205.99,41198,2,卖盘
60,09:33:03,205.95,102983,5,中性盘
61,09:33:06,205.93,102975,5,卖盘
62,09:33:09,205.87,205924,10,卖盘
63,09:33:12,205.94,41188,2,买盘
64,09:33:15,205.87,61761,3,卖盘
65,09:33:18,205.93,185334,9,买盘
66,09:33:21,205.85,411721,20,卖盘
67,09:33:24,205.84,473583,23,卖盘
68,09:33:27,205.8,205874,10,卖盘
69,09:33:30,205.88,226399,11,买盘
70,09:33:33,205.8,20580,1,卖盘
71,09:33:36,205.8,61740,3,卖盘
72,09:33:39,205.84,123495,6,卖盘
73,09:33:42,205.8,20580,1,买盘
74,09:33:45,205.88,597016,29,买盘
75,09:33:48,206.13,1565455,76,买盘
76,09:33:51,206.14,350508,17,中性盘
77,09:33:54,206.29,268074,13,中性盘
78,09:33:57,206.16,144303,7,中性盘
79,09:34:00,206.29,103093,5,买盘
80,09:34:03,206.29,309441,15,买盘
81,09:34:06,206.34,226965,11,中性盘
82,09:34:09,206.39,227002,11,买盘
83,09:34:12,206.38,268231,13,中性盘
84,09:34:15,206.4,206380,10,买盘
85,09:34:18,206.44,227041,11,买盘
86,09:34:21,206.49,660525,32,买盘
87,09:34:24,206.49,20649,1,买盘
88,09:34:27,206.46,1176350,57,买盘
89,09:34:30,206.49,82589,4,买盘
90,09:34:33,206.44,268389,13,卖盘
91,09:34:36,206.48,123878,6,买盘
92,09:34:39,206.39,330352,16,卖盘
93,09:34:42,206.48,392290,19,买盘
94,09:34:45,206.48,412951,20,买盘
95,09:34:48,206.45,144516,7,卖盘
96,09:34:51,206.39,2621033,127,卖盘
97,09:34:54,206.38,309552,15,买盘
98,09:34:57,206.21,82483,4,买盘
99,09:35:00,206.27,144363,7,买盘
100,09:35:03,206.2,288816,14,卖盘
101,09:35:06,206.24,990159,48,买盘
102,09:35:09,206.15,350578,17,卖盘
103,09:35:12,206.25,82481,4,中性盘
104,09:35:15,206.14,329860,16,卖盘
105,09:35:18,206.13,103071,5,卖盘
106,09:35:21,206.06,164900,8,卖盘
107,09:35:24,206.06,61829,3,卖盘
108,09:35:27,206.11,61823,3,买盘
109,09:35:30,206.06,41212,2,中性盘
110,09:35:33,206.0,103004,5,卖盘
111,09:35:36,206.06,247206,12,买盘
112,09:35:39,206.01,82413,4,卖盘
113,09:35:42,206.0,123604,6,卖盘
114,09:35:45,206.0,473793,23,买盘
115,09:35:48,205.99,329545,16,买盘
116,09:35:54,205.9,144185,7,卖盘
117,09:35:57,205.99,144174,7,卖盘
118,09:36:00,206.01,1091815,53,买盘
119,09:36:03,206.15,1483676,72,买盘
120,09:36:06,206.3,495034,24,买盘
121,09:36:09,206.33,82516,4,中性盘
122,09:36:12,206.25,185651,9,中性盘
123,09:36:15,206.34,288920,14,中性盘
124,09:36:18,206.34,185741,9,卖盘
125,09:36:21,206.4,268291,13,卖盘
126,09:36:24,206.43,103211,5,买盘
127,09:36:27,206.44,433515,21,买盘
128,09:36:30,206.46,206449,10,买盘
129,09:36:33,206.46,722630,35,卖盘
130,09:36:36,206.48,536800,26,买盘
131,09:36:39,206.47,20647,1,卖盘
132,09:36:42,206.46,144527,7,卖盘
133,09:36:45,206.48,351010,17,买盘
134,09:36:48,206.47,350991,17,买盘
135,09:36:51,206.48,20648,1,买盘
136,09:36:54,206.48,227126,11,买盘
137,09:36:57,206.48,41296,2,卖盘
138,09:37:00,206.48,103242,5,卖盘
139,09:37:03,206.48,103242,5,卖盘
140,09:37:06,206.49,309725,15,买盘
141,09:37:09,206.39,640003,31,卖盘
142,09:37:12,206.4,61913,3,中性盘
143,09:37:15,206.34,41268,2,卖盘
144,09:37:18,206.34,226964,11,中性盘
145,09:37:21,206.39,515899,25,买盘
146,09:37:24,206.36,61896,3,中性盘
147,09:37:27,206.37,82550,4,卖盘
148,09:37:30,206.38,82553,4,中性盘
149,09:37:33,206.36,268276,13,卖盘
150,09:37:36,206.36,226989,11,买盘
151,09:37:39,206.36,309540,15,买盘
152,09:37:42,206.3,103171,5,卖盘
153,09:37:45,206.29,20629,1,卖盘
154,09:37:48,206.35,61904,3,买盘
155,09:37:51,206.36,226983,11,买盘
156,09:37:54,206.27,41261,2,中性盘
157,09:37:57,206.26,103145,5,卖盘
158,09:38:00,206.46,5076902,246,买盘
159,09:38:03,206.62,4130354,200,买盘
160,09:38:06,206.66,640727,31,买盘
161,09:38:09,206.75,268764,13,中性盘
162,09:38:12,206.73,454848,22,卖盘
163,09:38:15,206.8,806508,39,买盘
164,09:38:18,206.84,661892,32,买盘
165,09:38:21,206.88,144805,7,买盘
166,09:38:24,206.87,351675,17,中性盘
167,09:38:27,206.83,289618,14,中性盘
168,09:38:30,206.88,765483,37,买盘
169,09:38:33,206.94,206901,10,买盘
170,09:38:36,206.9,662153,32,卖盘
171,09:38:39,206.9,310350,15,买盘
172,09:38:42,206.91,206923,10,中性盘
173,09:38:45,206.91,289687,14,卖盘
174,09:38:48,206.94,82771,4,买盘
175,09:38:51,206.97,475983,23,买盘
176,09:38:54,206.97,372539,18,买盘
177,09:38:57,206.98,496748,24,买盘
178,09:39:00,207.0,579576,28,买盘
179,09:39:03,207.0,1076393,52,买盘
180,09:39:06,207.0,351886,17,买盘
181,09:39:09,206.99,745172,36,卖盘
182,09:39:12,207.0,517486,25,买盘
183,09:39:15,206.99,641684,31,中性盘
184,09:39:18,207.0,103497,5,买盘
185,09:39:21,206.99,393298,19,卖盘
186,09:39:24,206.99,538196,26,卖盘
187,09:39:27,206.99,1469696,71,卖盘
188,09:39:30,207.0,289794,14,买盘
189,09:39:33,206.99,269097,13,卖盘
190,09:39:36,207.0,206998,10,买盘
191,09:39:39,207.0,683103,33,卖盘
192,09:39:42,207.0,351912,17,买盘
193,09:39:45,207.03,351922,17,买盘
194,09:39:48,207.02,207019,10,卖盘
195,09:39:51,207.01,1283568,62,中性盘
196,09:39:54,206.96,4511638,218,卖盘
197,09:39:57,206.99,538022,26,买盘
198,09:40:00,207.0,165554,8,中性盘
199,09:40:03,206.96,103484,5,中性盘
200,09:40:06,207.0,703647,34,买盘
201,09:40:09,206.76,248077,12,买盘
202,09:40:12,206.65,62004,3,卖盘
203,09:40:15,206.61,82665,4,卖盘
204,09:40:18,206.52,682102,33,中性盘
205,09:40:21,206.54,103314,5,中性盘
206,09:40:24,206.65,41333,2,卖盘
207,09:40:27,206.65,82665,4,卖盘
208,09:40:30,206.67,206650,10,买盘
209,09:40:33,206.65,371996,18,中性盘
210,09:40:36,206.54,20654,1,卖盘
211,09:40:39,206.66,227315,11,买盘
212,09:40:42,206.5,247832,12,卖盘
213,09:40:45,206.52,123972,6,中性盘
214,09:40:48,206.52,144563,7,买盘
215,09:40:51,206.48,268453,13,卖盘
216,09:40:54,206.48,20648,1,卖盘
217,09:41:00,206.49,165191,8,买盘
218,09:41:03,206.49,185836,9,中性盘
219,09:41:06,206.49,433613,21,卖盘
220,09:41:09,206.49,433595,21,买盘
221,09:41:12,206.49,1404137,68,卖盘
222,09:41:15,206.49,330366,16,买盘
223,09:41:18,206.49,41298,2,买盘
224,09:41:21,206.48,20648,1,中性盘
225,09:41:24,206.47,309726,15,卖盘
226,09:41:27,206.41,309605,15,卖盘
227,09:41:30,206.34,103164,5,卖盘
228,09:41:33,206.3,6911292,335,卖盘
229,09:41:36,206.3,41260,2,卖盘
230,09:41:39,206.4,433243,21,买盘
231,09:41:42,206.3,20630,1,卖盘
232,09:41:45,206.31,20631,1,卖盘
233,09:41:48,206.31,82524,4,卖盘
234,09:41:51,206.47,82585,4,买盘
235,09:41:57,206.47,41294,2,卖盘
236,09:42:00,206.47,41296,2,卖盘
237,09:42:03,206.47,61945,3,卖盘
238,09:42:06,206.48,123885,6,买盘
239,09:42:09,206.49,309697,15,中性盘
240,09:42:12,206.5,474936,23,买盘
241,09:42:15,206.5,949896,46,买盘
242,09:42:18,206.5,103250,5,卖盘
243,09:42:21,206.57,41307,2,中性盘
244,09:42:24,206.58,61965,3,买盘
245,09:42:27,206.57,82624,4,卖盘
246,09:42:30,206.5,41309,2,卖盘
247,09:42:33,206.5,41300,2,卖盘
248,09:42:39,206.56,41306,2,中性盘
249,09:42:42,206.57,41313,2,买盘
250,09:42:45,206.64,103320,5,买盘
251,09:42:48,206.64,206614,10,买盘
252,09:42:51,206.64,82656,4,卖盘
253,09:42:54,206.63,144641,7,卖盘
254,09:42:57,206.63,82640,4,中性盘
255,09:43:00,206.64,41320,2,买盘
256,09:43:03,206.57,144628,7,中性盘
257,09:43:06,206.56,61971,3,卖盘
258,09:43:09,206.56,227225,11,卖盘
259,09:43:12,206.62,41325,2,卖盘
260,09:43:15,206.59,61981,3,卖盘
261,09:43:21,206.57,185958,9,中性盘
262,09:43:24,206.59,165264,8,买盘
263,09:43:27,206.57,392510,19,卖盘
264,09:43:30,206.57,123942,6,买盘
265,09:43:33,206.57,144597,7,买盘
266,09:43:36,206.52,82612,4,卖盘
267,09:43:39,206.52,123912,6,买盘
268,09:43:45,206.54,20654,1,买盘
269,09:43:48,206.5,41301,2,卖盘
270,09:43:51,206.51,20651,1,中性盘
271,09:43:54,206.53,61959,3,买盘
272,09:43:57,206.53,103265,5,卖盘
273,09:44:03,206.55,309799,15,买盘
274,09:44:06,206.55,41310,2,买盘
275,09:44:09,206.53,289146,14,卖盘
276,09:44:12,206.53,536981,26,卖盘
277,09:44:15,206.55,41309,2,买盘
278,09:44:18,206.53,536998,26,卖盘
279,09:44:21,206.5,557570,27,卖盘
280,09:44:24,206.46,351009,17,卖盘
281,09:44:27,206.45,144510,7,卖盘
282,09:44:33,206.43,103217,5,中性盘
283,09:44:36,206.4,61930,3,卖盘
284,09:44:39,206.32,61911,3,卖盘
285,09:44:42,206.32,41264,2,卖盘
286,09:44:45,206.32,123792,6,卖盘
287,09:44:48,206.34,82540,4,卖盘
288,09:44:51,206.32,61898,3,卖盘
289,09:44:54,206.38,165094,8,买盘
290,09:44:57,206.39,123831,6,买盘
291,09:45:00,206.38,474685,23,卖盘
292,09:45:03,206.39,165106,8,中性盘
293,09:45:06,206.39,123834,6,卖盘
294,09:45:09,206.38,227035,11,卖盘
295,09:45:15,206.38,185745,9,卖盘
296,09:45:18,206.38,20638,1,卖盘
297,09:45:21,206.38,165106,8,卖盘
298,09:45:27,206.39,82554,4,买盘
299,09:45:30,206.39,20639,1,买盘
300,09:45:33,206.39,144472,7,买盘
301,09:45:36,206.38,660419,32,卖盘
302,09:45:39,206.39,185751,9,买盘
303,09:45:42,206.38,144472,7,卖盘
304,09:45:45,206.4,144474,7,买盘
305,09:45:51,206.34,20634,1,卖盘
306,09:45:54,206.4,185759,9,买盘
307,09:45:57,206.35,1980698,96,卖盘
308,09:46:00,206.42,20642,1,中性盘
309,09:46:06,206.34,103172,5,卖盘
310,09:46:09,206.35,144444,7,买盘
311,09:46:12,206.35,20635,1,中性盘
312,09:46:15,206.3,206314,10,卖盘
313,09:46:21,206.33,412658,20,买盘
314,09:46:24,206.34,103170,5,买盘
315,09:46:27,206.35,103174,5,中性盘
316,09:46:30,206.35,82540,4,卖盘
317,09:46:33,206.36,20636,1,买盘
318,09:46:36,206.36,763568,37,中性盘
319,09:46:39,206.45,165177,8,买盘
320,09:46:42,206.52,123905,6,买盘
321,09:46:45,206.39,103193,5,卖盘
322,09:46:48,206.38,20638,1,中性盘
323,09:46:51,206.46,20646,1,卖盘
324,09:46:54,206.39,82566,4,卖盘
325,09:46:57,206.34,702006,34,卖盘
326,09:47:03,206.37,103200,5,卖盘
327,09:47:06,206.37,123838,6,中性盘
328,09:47:09,206.37,433376,21,卖盘
329,09:47:12,206.51,41289,2,中性盘
330,09:47:15,206.52,247759,12,买盘
331,09:47:18,206.39,20639,1,中性盘
332,09:47:21,206.51,61941,3,买盘
333,09:47:27,206.52,20652,1,中性盘
334,09:47:30,206.51,123907,6,卖盘
335,09:47:33,206.53,185874,9,买盘
336,09:47:36,206.55,82614,4,买盘
337,09:47:39,206.57,289175,14,买盘
338,09:47:42,206.6,206582,10,买盘
339,09:47:45,206.56,20656,1,买盘
340,09:47:48,206.56,103280,5,卖盘
341,09:47:51,206.56,41312,2,卖盘
342,09:47:54,206.58,41314,2,中性盘
343,09:47:57,206.59,82634,4,买盘
344,09:48:00,206.56,41313,2,卖盘
345,09:48:03,206.56,61968,3,卖盘
346,09:48:06,206.62,247913,12,买盘
347,09:48:09,206.56,123936,6,卖盘
348,09:48:12,206.57,82625,4,买盘
349,09:48:15,206.5,722903,35,卖盘
350,09:48:18,206.39,247751,12,卖盘
351,09:48:21,206.48,41297,2,中性盘
352,09:48:24,206.39,61917,3,卖盘
353,09:48:30,206.5,309726,15,买盘
354,09:48:33,206.38,123875,6,卖盘
355,09:48:36,206.54,330335,16,中性盘
356,09:48:39,206.4,103209,5,卖盘
357,09:48:42,206.4,206400,10,卖盘
358,09:48:45,206.38,82556,4,卖盘
359,09:48:48,206.4,41280,2,买盘
360,09:48:51,206.39,41279,2,卖盘
361,09:48:54,206.4,103197,5,买盘
362,09:48:57,206.37,61915,3,卖盘
363,09:49:03,206.38,61913,3,买盘
364,09:49:06,206.37,41275,2,卖盘
365,09:49:09,206.37,165101,8,卖盘
366,09:49:12,206.37,20637,1,卖盘
367,09:49:15,206.39,61917,3,买盘
368,09:49:18,206.37,206372,10,卖盘
369,09:49:21,206.37,123822,6,买盘
370,09:49:24,206.37,20637,1,买盘
371,09:49:27,206.36,247640,12,卖盘
372,09:49:33,206.35,206355,10,卖盘
373,09:49:36,206.35,185717,9,卖盘
374,09:49:39,206.33,309499,15,卖盘
375,09:49:42,206.35,61902,3,中性盘
376,09:49:45,206.36,185715,9,买盘
377,09:49:48,206.29,1980492,96,卖盘
378,09:49:51,206.25,103132,5,卖盘
379,09:49:54,206.28,82489,4,买盘
380,09:49:57,206.2,41240,2,卖盘
381,09:50:00,206.0,329730,16,卖盘
382,09:50:03,206.14,20614,1,中性盘
383,09:50:06,206.14,41214,2,买盘
384,09:50:09,206.01,61811,3,卖盘
385,09:50:12,206.0,103003,5,卖盘
386,09:50:15,205.99,1071194,52,卖盘
387,09:50:18,206.0,329596,16,买盘
388,09:50:21,205.95,41194,2,中性盘
389,09:50:24,206.0,3234116,157,买盘
390,09:50:27,206.09,8961039,435,买盘
391,09:50:30,206.13,144294,7,中性盘
392,09:50:33,206.12,226739,11,卖盘
393,09:50:36,206.11,164896,8,卖盘
394,09:50:39,206.13,103052,5,买盘
395,09:50:42,206.1,41220,2,买盘
396,09:50:45,206.11,20611,1,卖盘
397,09:50:48,206.13,82449,4,买盘
398,09:50:51,206.1,103066,5,卖盘
399,09:50:57,206.09,206100,10,卖盘
400,09:51:00,206.14,782849,38,买盘
401,09:51:03,205.98,1812812,88,卖盘
402,09:51:06,205.98,41195,2,买盘
403,09:51:09,205.98,164784,8,买盘
404,09:51:12,205.98,185378,9,买盘
405,09:51:21,205.96,41192,2,卖盘
406,09:51:24,205.96,102979,5,买盘
407,09:51:27,205.93,82380,4,卖盘
408,09:51:30,205.93,41186,2,卖盘
409,09:51:33,205.91,102962,5,卖盘
410,09:51:36,205.91,432416,21,卖盘
411,09:51:39,205.92,164736,8,买盘
412,09:51:42,205.92,82369,4,卖盘
413,09:51:45,205.92,391248,19,卖盘
414,09:51:48,205.91,123547,6,卖盘
415,09:51:54,205.93,61778,3,买盘
416,09:51:57,205.91,102961,5,卖盘
417,09:52:00,205.9,844225,41,卖盘
418,09:52:03,205.9,61772,3,卖盘
419,09:52:06,205.9,144132,7,卖盘
420,09:52:09,205.91,185314,9,买盘
421,09:52:12,205.9,82363,4,卖盘
422,09:52:15,205.91,329458,16,买盘
423,09:52:18,205.91,185317,9,买盘
424,09:52:21,205.91,41182,2,卖盘
425,09:52:24,205.93,82370,4,买盘
426,09:52:27,205.93,432445,21,买盘
427,09:52:30,205.92,20592,1,买盘
428,09:52:33,205.94,720758,35,买盘
429,09:52:36,205.97,865067,42,买盘
430,09:52:39,205.96,20596,1,卖盘
431,09:52:45,206.0,123588,6,买盘
432,09:52:48,205.94,61791,3,卖盘
433,09:52:51,205.97,20597,1,中性盘
434,09:52:54,206.0,41199,2,买盘
435,09:52:57,205.99,20599,1,中性盘
436,09:53:00,205.99,205994,10,卖盘
437,09:53:03,206.0,82400,4,买盘
438,09:53:06,206.0,103015,5,中性盘
439,09:53:12,205.98,144186,7,卖盘
440,09:53:15,205.99,102989,5,买盘
441,09:53:18,205.94,164778,8,卖盘
442,09:53:21,205.99,102995,5,买盘
443,09:53:27,205.99,205983,10,买盘
444,09:53:30,205.99,123593,6,买盘
445,09:53:33,205.95,41190,2,卖盘
446,09:53:36,205.95,20595,1,卖盘
447,09:53:39,205.99,144191,7,买盘
448,09:53:42,205.98,20598,1,卖盘
449,09:53:45,205.99,205990,10,买盘
450,09:53:48,205.98,308980,15,中性盘
451,09:53:51,205.98,61790,3,买盘
452,09:53:54,205.96,144185,7,卖盘
453,09:53:57,205.99,20599,1,买盘
454,09:54:00,205.95,82383,4,卖盘
455,09:54:06,205.96,144170,7,买盘
456,09:54:09,205.97,41194,2,买盘
457,09:54:12,205.96,20596,1,卖盘
458,09:54:15,205.96,41192,2,卖盘
459,09:54:18,205.97,61790,3,买盘
460,09:54:21,205.96,20596,1,买盘
461,09:54:24,205.95,144167,7,卖盘
462,09:54:27,205.95,82382,4,卖盘
463,09:54:30,205.96,61787,3,买盘
464,09:54:36,205.96,61792,3,卖盘
465,09:54:39,205.98,61796,3,中性盘
466,09:54:42,205.96,144182,7,卖盘
467,09:54:45,205.99,41198,2,买盘
468,09:54:48,205.98,102987,5,买盘
469,09:54:51,205.99,247595,12,买盘
470,09:54:54,205.98,411952,20,卖盘
471,09:54:57,205.96,123584,6,卖盘
472,09:55:00,205.96,61790,3,卖盘
473,09:55:03,205.97,41193,2,中性盘
474,09:55:06,205.98,20598,1,买盘
475,09:55:09,205.97,41194,2,卖盘
476,09:55:12,205.97,123583,6,卖盘
477,09:55:15,205.97,41194,2,卖盘
478,09:55:18,205.95,782652,38,卖盘
479,09:55:21,205.95,370718,18,卖盘
480,09:55:24,205.96,82381,4,买盘
481,09:55:27,205.96,205955,10,买盘
482,09:55:30,205.95,82378,4,买盘
483,09:55:33,205.94,41188,2,卖盘
484,09:55:36,205.95,164760,8,买盘
485,09:55:39,205.95,20595,1,买盘
486,09:55:42,205.94,61784,3,卖盘
487,09:55:45,205.95,82380,4,买盘
488,09:55:48,205.95,41190,2,买盘
489,09:55:51,205.94,123152,6,卖盘
490,09:55:54,205.96,123566,6,买盘
491,09:55:57,205.94,144162,7,中性盘
492,09:56:00,205.94,185343,9,买盘
493,09:56:03,205.93,41186,2,卖盘
494,09:56:06,205.95,21008,1,卖盘
495,09:56:09,205.96,20596,1,买盘
496,09:56:12,205.96,20596,1,卖盘
497,09:56:15,205.98,41195,2,买盘
498,09:56:18,205.96,41192,2,卖盘
499,09:56:21,205.96,20596,1,卖盘
500,09:56:24,205.96,41194,2,卖盘
501,09:56:27,205.98,82393,4,卖盘
502,09:56:30,205.96,308960,15,卖盘
503,09:56:33,206.0,205997,10,买盘
504,09:56:39,205.96,494315,24,卖盘
505,09:56:42,205.96,164769,8,卖盘
506,09:56:48,205.97,20597,1,中性盘
507,09:56:57,205.98,20598,1,卖盘
508,09:57:03,205.98,144201,7,卖盘
509,09:57:06,205.98,102998,5,卖盘
510,09:57:09,205.99,82400,4,卖盘
511,09:57:12,205.98,82398,4,卖盘
512,09:57:18,205.97,453215,22,卖盘
513,09:57:21,205.98,82389,4,中性盘
514,09:57:24,205.98,61792,3,买盘
515,09:57:27,205.98,61794,3,买盘
516,09:57:30,205.93,823830,40,卖盘
517,09:57:33,205.8,4776780,232,卖盘
518,09:57:36,205.75,370431,18,卖盘
519,09:57:39,205.76,20576,1,中性盘
520,09:57:42,205.77,20577,1,买盘
521,09:57:48,205.75,41150,2,卖盘
522,09:57:51,205.76,20576,1,买盘
523,09:57:54,205.74,82295,4,中性盘
524,09:58:00,205.76,1090223,53,买盘
525,09:58:03,205.71,102855,5,中性盘
526,09:58:06,205.74,144007,7,买盘
527,09:58:09,205.72,102858,5,卖盘
528,09:58:12,205.72,370295,18,买盘
529,09:58:15,205.6,617002,30,卖盘
530,09:58:18,205.6,514000,25,买盘
531,09:58:21,205.71,185080,9,买盘
532,09:58:24,205.72,102849,5,买盘
533,09:58:27,205.61,82255,4,卖盘
534,09:58:30,205.72,144004,7,买盘
535,09:58:33,205.58,822421,40,卖盘
536,09:58:36,205.71,61712,3,买盘
537,09:58:39,205.71,41142,2,中性盘
538,09:58:42,205.68,82275,4,卖盘
539,09:58:45,205.6,61683,3,卖盘
540,09:58:48,205.71,123377,6,买盘
541,09:58:51,205.71,102856,5,卖盘
542,09:58:54,205.71,82284,4,卖盘
543,09:58:57,205.72,41143,2,买盘
544,09:59:03,205.7,555411,27,卖盘
545,09:59:06,205.72,20572,1,买盘
546,09:59:09,205.7,102844,5,中性盘
547,09:59:12,205.71,41138,2,买盘
548,09:59:15,205.6,82246,4,卖盘
549,09:59:18,205.62,61691,3,中性盘
550,09:59:21,205.65,246763,12,买盘
551,09:59:24,205.6,20560,1,卖盘
552,09:59:27,205.61,164483,8,买盘
553,09:59:30,205.58,82237,4,卖盘
554,09:59:33,205.58,287812,14,卖盘
555,09:59:36,205.59,41117,2,中性盘
556,09:59:39,205.58,20558,1,卖盘
557,09:59:42,205.58,20558,1,卖盘
558,09:59:45,205.58,82230,4,买盘
559,09:59:48,205.56,123340,6,卖盘
560,09:59:51,205.53,452223,22,卖盘
561,09:59:57,205.53,164418,8,中性盘
562,10:00:00,205.51,41104,2,卖盘
563,10:00:03,205.43,1171322,57,卖盘
564,10:00:06,205.4,246531,12,卖盘
565,10:00:09,205.39,82159,4,卖盘
566,10:00:12,205.4,82156,4,中性盘
567,10:00:15,205.39,123233,6,卖盘
568,10:00:18,205.4,82156,4,买盘
569,10:00:21,205.38,184850,9,卖盘
570,10:00:24,205.38,205388,10,卖盘
571,10:00:27,205.39,102696,5,中性盘
572,10:00:30,205.38,102694,5,卖盘
573,10:00:33,205.4,20540,1,买盘
574,10:00:36,205.38,82155,4,卖盘
575,10:00:39,205.39,225918,11,买盘
576,10:00:45,205.39,246467,12,买盘
577,10:00:48,205.42,20542,1,买盘
578,10:00:51,205.47,61649,3,中性盘
579,10:00:57,205.47,164374,8,买盘
580,10:01:00,205.47,41094,2,卖盘
581,10:01:03,205.54,20554,1,买盘
582,10:01:06,205.47,61647,3,卖盘
583,10:01:09,205.47,61641,3,卖盘
584,10:01:12,205.45,20545,1,中性盘
585,10:01:15,205.55,246565,12,买盘
586,10:01:18,205.56,61667,3,买盘
587,10:01:21,205.56,41112,2,买盘
588,10:01:24,205.45,102765,5,卖盘
589,10:01:27,205.56,411100,20,买盘
590,10:01:30,205.55,20555,1,卖盘
591,10:01:33,205.55,61665,3,中性盘
592,10:01:36,205.5,246658,12,卖盘
593,10:01:42,205.55,20555,1,买盘
594,10:01:45,205.55,41106,2,买盘
595,10:01:51,205.54,41105,2,买盘
596,10:01:54,205.54,82216,4,买盘
597,10:01:57,205.54,20554,1,卖盘
598,10:02:00,205.55,82217,4,买盘
599,10:02:03,205.55,20555,1,买盘
600,10:02:06,205.55,41109,2,买盘
601,10:02:09,205.55,328873,16,买盘
602,10:02:12,205.54,184986,9,卖盘
603,10:02:15,205.55,82219,4,买盘
604,10:02:18,205.54,20554,1,卖盘
605,10:02:21,205.53,82208,4,中性盘
606,10:02:24,205.53,20553,1,买盘
607,10:02:30,205.51,287714,14,中性盘
608,10:02:33,205.51,61653,3,买盘
609,10:02:36,205.51,61653,3,中性盘
610,10:02:39,205.52,226058,11,中性盘
611,10:02:42,205.5,102758,5,卖盘
612,10:02:45,205.52,102760,5,卖盘
613,10:02:48,205.5,20550,1,中性盘
614,10:02:51,205.49,143848,7,卖盘
615,10:02:54,205.5,308250,15,买盘
616,10:02:57,205.49,226042,11,卖盘
617,10:03:00,205.51,20551,1,中性盘
618,10:03:03,205.53,123308,6,买盘
619,10:03:06,205.53,82208,4,买盘
620,10:03:09,205.54,82214,4,买盘
621,10:03:12,205.5,184974,9,卖盘
622,10:03:15,205.54,41108,2,买盘
623,10:03:18,205.5,164400,8,卖盘
624,10:03:21,205.5,102753,5,卖盘
625,10:03:27,205.51,164406,8,买盘
626,10:03:30,205.51,20551,1,买盘
627,10:03:33,205.51,20551,1,卖盘
628,10:03:36,205.5,20550,1,卖盘
629,10:03:39,205.51,390459,19,买盘
630,10:03:42,205.51,20551,1,卖盘
631,10:03:45,205.51,143857,7,卖盘
632,10:03:48,205.51,61656,3,卖盘
633,10:03:51,205.51,41102,2,卖盘
634,10:03:54,205.51,123308,6,卖盘
635,10:03:57,205.51,349366,17,卖盘
636,10:04:00,205.51,226046,11,买盘
637,10:04:03,205.5,226054,11,中性盘
638,10:04:09,205.51,61653,3,中性盘
639,10:04:12,205.5,61650,3,卖盘
640,10:04:15,205.5,61650,3,卖盘
641,10:04:18,205.5,61651,3,卖盘
642,10:04:21,205.51,41102,2,买盘
643,10:04:24,205.51,82201,4,买盘
644,10:04:27,205.5,143850,7,买盘
645,10:04:30,205.5,20550,1,买盘
646,10:04:36,205.5,41099,2,买盘
647,10:04:39,205.5,143844,7,买盘
648,10:04:42,205.49,20549,1,卖盘
649,10:04:45,205.5,143848,7,买盘
650,10:04:48,205.5,390463,19,买盘
651,10:04:51,205.54,61662,3,买盘
652,10:04:54,205.49,20549,1,卖盘
653,10:05:00,205.54,431553,21,中性盘
654,10:05:03,205.47,308227,15,卖盘
655,10:05:06,205.47,82186,4,中性盘
656,10:05:09,205.46,82183,4,中性盘
657,10:05:12,205.45,20545,1,卖盘
658,10:05:15,205.44,61634,3,卖盘
659,10:05:18,205.42,82168,4,卖盘
660,10:05:21,205.41,102709,5,卖盘
661,10:05:24,205.41,123246,6,卖盘
662,10:05:27,205.4,492961,24,卖盘
663,10:05:30,205.39,616178,30,卖盘
664,10:05:33,205.38,41076,2,卖盘
665,10:05:36,205.38,61616,3,卖盘
666,10:05:39,205.36,616133,30,卖盘
667,10:05:42,205.36,349127,17,卖盘
668,10:05:45,205.36,123213,6,卖盘
669,10:05:48,205.35,205353,10,卖盘
670,10:05:51,205.36,41071,2,买盘
671,10:05:54,205.35,82140,4,卖盘
672,10:05:57,205.35,123213,6,卖盘
673,10:06:00,205.36,492842,24,买盘
674,10:06:03,205.35,20535,1,卖盘
675,10:06:06,205.35,123215,6,卖盘
676,10:06:09,205.35,41070,2,卖盘
677,10:06:12,205.35,349095,17,卖盘
678,10:06:15,205.36,184820,9,买盘
679,10:06:18,205.35,61605,3,买盘
680,10:06:21,205.35,61604,3,买盘
681,10:06:24,205.35,102671,5,买盘
682,10:06:27,205.34,41069,2,中性盘
683,10:06:30,205.33,61601,3,卖盘
684,10:06:33,205.35,246411,12,买盘
685,10:06:36,205.33,123203,6,卖盘
686,10:06:42,205.33,82133,4,卖盘
687,10:06:45,205.34,82134,4,买盘
688,10:06:48,205.34,184802,9,买盘
689,10:06:51,205.34,20534,1,买盘
690,10:06:54,205.34,61602,3,买盘
691,10:06:57,205.35,20535,1,买盘
692,10:07:00,205.34,20534,1,卖盘
693,10:07:06,205.34,102670,5,卖盘
694,10:07:09,205.34,369612,18,买盘
695,10:07:12,205.34,184796,9,买盘
696,10:07:15,205.34,184806,9,买盘
697,10:07:18,205.32,102663,5,卖盘
698,10:07:21,205.32,82129,4,卖盘
699,10:07:24,205.32,184788,9,卖盘
700,10:07:27,205.33,431167,21,买盘
701,10:07:30,205.31,1170279,57,卖盘
702,10:07:33,205.3,759614,37,卖盘
703,10:07:36,205.3,615900,30,卖盘
704,10:07:39,205.28,1046984,51,卖盘
705,10:07:42,205.29,205282,10,买盘
706,10:07:45,205.25,61575,3,卖盘
707,10:07:51,205.26,82101,4,买盘
708,10:07:54,205.24,20524,1,卖盘
709,10:07:57,205.24,82096,4,买盘
710,10:08:00,205.24,82093,4,买盘
711,10:08:03,205.24,20524,1,买盘
712,10:08:06,205.22,164184,8,卖盘
713,10:08:09,205.2,841350,41,卖盘
714,10:08:12,205.18,410390,20,卖盘
715,10:08:15,205.18,20518,1,中性盘
716,10:08:18,205.17,61551,3,卖盘
717,10:08:21,205.13,369272,18,卖盘
718,10:08:24,205.12,184613,9,卖盘
719,10:08:27,205.12,348704,17,卖盘
720,10:08:30,205.11,123070,6,卖盘
721,10:08:33,205.1,82041,4,卖盘
722,10:08:36,205.0,2316812,113,卖盘
723,10:08:39,205.0,123007,6,卖盘
724,10:08:42,205.0,430502,21,卖盘
725,10:08:45,205.01,143502,7,买盘
726,10:08:48,205.0,410001,20,卖盘
727,10:08:51,205.01,205006,10,买盘
728,10:08:54,205.0,225523,11,卖盘
729,10:08:57,205.01,246013,12,买盘
730,10:09:00,205.01,184504,9,卖盘
731,10:09:03,205.01,1168557,57,卖盘
732,10:09:06,205.03,246025,12,中性盘
733,10:09:09,205.01,20501,1,卖盘
734,10:09:12,205.01,205010,10,卖盘
735,10:09:15,205.01,225513,11,卖盘
736,10:09:21,205.02,184518,9,买盘
737,10:09:24,205.01,164010,8,卖盘
738,10:09:27,205.01,20501,1,卖盘
739,10:09:30,205.01,20501,1,卖盘
740,10:09:33,205.03,369050,18,买盘
741,10:09:36,205.03,102512,5,买盘
742,10:09:39,205.03,82013,4,中性盘
743,10:09:42,205.1,82025,4,买盘
744,10:09:45,205.04,41015,2,中性盘
745,10:09:48,205.03,164044,8,卖盘
746,10:09:51,205.04,164029,8,卖盘
747,10:09:54,205.05,61515,3,买盘
748,10:09:57,205.1,20510,1,卖盘
749,10:10:00,205.1,41020,2,卖盘
750,10:10:03,205.1,61530,3,卖盘
751,10:10:06,205.11,328103,16,买盘
752,10:10:12,205.09,82034,4,买盘
753,10:10:18,205.04,41009,2,卖盘
754,10:10:21,205.04,266581,13,卖盘
755,10:10:24,205.1,41016,2,买盘
756,10:10:27,205.1,164060,8,买盘
757,10:10:30,205.1,20510,1,中性盘
758,10:10:33,205.05,143557,7,卖盘
759,10:10:36,205.02,676602,33,卖盘
760,10:10:39,205.02,41004,2,买盘
761,10:10:42,205.01,41002,2,卖盘
762,10:10:45,205.02,82008,4,买盘
763,10:10:51,205.01,266518,13,卖盘
764,10:10:54,205.01,635548,31,卖盘
765,10:10:57,205.01,20501,1,卖盘
766,10:11:03,205.1,61530,3,买盘
767,10:11:06,205.03,20503,1,卖盘
768,10:11:09,205.11,82043,4,买盘
769,10:11:12,205.08,61514,3,买盘
770,10:11:15,205.11,123065,6,买盘
771,10:11:18,205.12,41024,2,买盘
772,10:11:21,205.07,82036,4,卖盘
773,10:11:24,205.12,82048,4,买盘
774,10:11:27,205.1,369202,18,卖盘
775,10:11:30,205.11,82045,4,中性盘
776,10:11:36,205.14,82063,4,卖盘
777,10:11:39,205.2,102600,5,买盘
778,10:11:42,205.2,61560,3,买盘
779,10:11:45,205.19,20519,1,中性盘
780,10:11:51,205.2,82082,4,卖盘
781,10:12:00,205.24,20524,1,买盘
782,10:12:06,205.15,287281,14,卖盘
783,10:12:09,205.2,61559,3,买盘
784,10:12:12,205.1,225647,11,卖盘
785,10:12:15,205.1,225623,11,卖盘
786,10:12:18,205.22,123120,6,买盘
787,10:12:27,205.21,184688,9,买盘
788,10:12:30,205.2,82080,4,中性盘
789,10:12:36,205.21,307804,15,买盘
790,10:12:39,205.22,102610,5,买盘
791,10:12:42,205.25,225746,11,买盘
792,10:12:45,205.31,184771,9,买盘
793,10:12:48,205.34,41067,2,买盘
794,10:12:51,205.44,431210,21,买盘
795,10:12:54,205.43,20543,1,买盘
796,10:12:57,205.4,102700,5,中性盘
797,10:13:00,205.44,20544,1,买盘
798,10:13:03,205.45,82178,4,买盘
799,10:13:06,205.5,287668,14,买盘
800,10:13:09,205.54,369956,18,买盘
801,10:13:12,205.56,123334,6,买盘
802,10:13:15,205.6,370043,18,买盘
803,10:13:18,205.56,41112,2,卖盘
804,10:13:21,205.2,575240,28,卖盘
805,10:13:24,205.59,143911,7,中性盘
806,10:13:27,205.59,390639,19,中性盘
807,10:13:30,205.59,102795,5,买盘
808,10:13:33,205.72,1007869,49,买盘
809,10:13:36,205.6,164480,8,卖盘
810,10:13:39,205.78,102836,5,买盘
811,10:13:42,205.68,20568,1,中性盘
812,10:13:45,205.73,164583,8,中性盘
813,10:13:48,205.77,41153,2,买盘
814,10:13:51,205.77,185191,9,买盘
815,10:13:54,205.74,288086,14,卖盘
816,10:13:57,205.62,514421,25,卖盘
817,10:14:00,205.78,205755,10,买盘
818,10:14:03,205.76,286224,14,卖盘
819,10:14:06,205.77,187038,9,卖盘
820,10:14:09,205.78,59880,3,买盘
821,10:14:12,205.78,20578,1,卖盘
822,10:14:15,205.78,63590,3,卖盘
823,10:14:18,205.78,20578,1,买盘
824,10:14:21,205.62,20562,1,卖盘
825,10:14:30,205.63,82252,4,卖盘
826,10:14:33,205.63,41139,2,中性盘
827,10:14:39,205.73,61720,3,中性盘
828,10:14:42,205.73,164584,8,买盘
829,10:14:45,205.73,41146,2,中性盘
830,10:14:48,205.73,41136,2,买盘
831,10:14:51,205.73,82292,4,买盘
832,10:14:54,205.63,82252,4,卖盘
833,10:14:57,205.63,61688,3,买盘
834,10:15:00,205.62,246753,12,卖盘
835,10:15:03,205.63,82251,4,买盘
836,10:15:06,205.59,267289,13,卖盘
837,10:15:24,205.58,41115,2,买盘
838,10:15:27,205.52,20552,1,卖盘
839,10:15:33,205.59,20559,1,买盘
840,10:15:39,205.51,143857,7,卖盘
841,10:15:48,205.62,1049136,51,买盘
842,10:15:54,205.52,102760,5,卖盘
843,10:15:57,205.5,61651,3,卖盘
844,10:16:03,205.5,1131047,55,卖盘
845,10:16:06,205.7,20570,1,中性盘
846,10:16:09,205.69,20569,1,中性盘
847,10:16:12,205.51,102755,5,卖盘
848,10:16:15,205.5,61652,3,卖盘
849,10:16:24,205.68,61670,3,买盘
850,10:16:27,205.67,226245,11,中性盘
851,10:16:39,205.58,61660,3,中性盘
852,10:16:42,205.57,41107,2,中性盘
853,10:16:48,205.57,20557,1,买盘
854,10:16:54,205.57,61671,3,买盘
855,10:17:00,205.5,349348,17,卖盘
856,10:17:03,205.49,143837,7,中性盘
857,10:17:09,205.5,20550,1,买盘
858,10:17:12,205.49,61635,3,中性盘
859,10:17:15,205.49,20549,1,买盘
860,10:17:24,205.47,41089,2,中性盘
861,10:17:39,205.41,61627,3,卖盘
862,10:17:42,205.31,61601,3,卖盘
863,10:17:45,205.39,20539,1,买盘
864,10:17:48,205.31,20531,1,卖盘
865,10:17:51,205.4,61617,3,买盘
866,10:17:54,205.3,20530,1,卖盘
867,10:17:57,205.37,20537,1,买盘
868,10:18:03,205.3,41067,2,卖盘
869,10:18:06,205.37,61611,3,买盘
870,10:18:09,205.3,61590,3,卖盘
871,10:18:15,205.29,184785,9,卖盘
872,10:18:21,205.3,41058,2,中性盘
873,10:18:24,205.27,41054,2,中性盘
874,10:18:27,205.29,41058,2,买盘
875,10:18:30,205.3,123160,6,买盘
876,10:18:33,205.3,61588,3,买盘
877,10:18:36,205.25,61584,3,中性盘
878,10:18:45,205.34,123204,6,买盘
879,10:18:48,205.35,41069,2,买盘
880,10:18:51,205.29,41062,2,卖盘
881,10:19:00,205.29,513225,25,卖盘
882,10:19:03,205.25,82112,4,卖盘
883,10:19:06,205.24,41048,2,卖盘
884,10:19:12,205.26,143678,7,买盘
885,10:19:15,205.26,61581,3,卖盘
886,10:19:18,205.22,41044,2,中性盘
887,10:19:21,205.26,82101,4,买盘
888,10:19:24,205.25,20525,1,买盘
889,10:19:30,205.22,102614,5,卖盘
890,10:19:33,205.22,143653,7,买盘
891,10:19:36,205.21,20521,1,卖盘
892,10:19:39,205.21,164168,8,买盘
893,10:19:42,205.21,20521,1,买盘
894,10:19:45,205.21,205210,10,买盘
895,10:19:48,205.21,718204,35,卖盘
896,10:19:57,205.2,20520,1,卖盘
897,10:20:00,205.2,61561,3,卖盘
898,10:20:09,205.18,20518,1,卖盘
899,10:20:12,205.19,41038,2,买盘
900,10:20:15,205.17,82073,4,卖盘
901,10:20:18,205.15,102576,5,卖盘
902,10:20:21,205.13,369232,18,卖盘
903,10:20:24,205.11,20511,1,卖盘
904,10:20:27,205.11,20511,1,卖盘
905,10:20:33,205.09,676819,33,卖盘
906,10:20:36,205.08,123046,6,卖盘
907,10:20:42,205.06,41012,2,卖盘
908,10:20:45,205.06,41012,2,卖盘
909,10:20:51,205.06,41013,2,卖盘
910,10:20:54,205.06,41012,2,卖盘
911,10:20:57,205.05,184548,9,卖盘
912,10:21:00,205.05,143542,7,卖盘
913,10:21:03,205.07,225549,11,买盘
914,10:21:06,205.08,61525,3,中性盘
915,10:21:09,205.08,41015,2,买盘
916,10:21:12,205.08,20508,1,买盘
917,10:21:15,205.08,287111,14,买盘
918,10:21:18,205.08,41016,2,卖盘
919,10:21:21,205.09,164087,8,中性盘
920,10:21:24,205.09,61527,3,买盘
921,10:21:27,205.08,123059,6,卖盘
922,10:21:30,205.11,61533,3,买盘
923,10:21:33,205.1,41020,2,买盘
924,10:21:36,205.1,20510,1,买盘
925,10:21:39,205.1,205091,10,买盘
926,10:21:42,205.09,41018,2,卖盘
927,10:21:45,205.09,82037,4,卖盘
928,10:21:48,205.08,492192,24,卖盘
929,10:21:51,205.07,143551,7,卖盘
930,10:21:54,205.06,143547,7,卖盘
931,10:21:57,205.07,41014,2,买盘
932,10:22:00,205.06,82024,4,卖盘
933,10:22:03,205.06,61520,3,卖盘
934,10:22:06,205.06,20506,1,卖盘
935,10:22:09,205.05,61516,3,卖盘
936,10:22:12,205.06,471637,23,买盘
937,10:22:15,205.06,205062,10,买盘
938,10:22:18,205.06,61518,3,买盘
939,10:22:21,205.06,20506,1,中性盘
940,10:22:24,205.05,123032,6,卖盘
941,10:22:27,205.1,143570,7,买盘
942,10:22:30,205.09,61527,3,买盘
943,10:22:36,205.09,41015,2,买盘
944,10:22:42,205.1,20510,1,买盘
945,10:22:51,205.09,102547,5,卖盘
946,10:23:03,205.06,61518,3,卖盘
947,10:23:06,205.08,20508,1,买盘
948,10:23:09,205.08,61524,3,买盘
949,10:23:12,205.06,20506,1,卖盘
950,10:23:15,205.07,164062,8,买盘
951,10:23:21,205.07,41014,2,买盘
952,10:23:24,205.09,123045,6,买盘
953,10:23:30,205.07,20507,1,卖盘
954,10:23:33,205.09,41018,2,买盘
955,10:23:39,205.09,41018,2,卖盘
956,10:23:42,205.1,20510,1,买盘
957,10:23:48,205.1,61530,3,买盘
958,10:23:51,205.09,41018,2,买盘
959,10:23:54,205.08,41017,2,卖盘
960,10:23:57,205.09,102544,5,买盘
961,10:24:00,205.09,41018,2,买盘
962,10:24:03,205.09,348655,17,买盘
963,10:24:06,205.2,102579,5,买盘
964,10:24:15,205.08,102542,5,卖盘
965,10:24:18,205.14,41030,2,中性盘
966,10:24:24,205.16,41032,2,买盘
967,10:24:30,205.16,82064,4,买盘
968,10:24:33,205.17,61549,3,买盘
969,10:24:39,205.11,123088,6,卖盘
970,10:24:42,205.11,20511,1,买盘
971,10:24:48,205.1,41020,2,卖盘
972,10:24:51,205.11,20511,1,买盘
973,10:24:54,205.11,61533,3,买盘
974,10:25:03,205.11,20511,1,买盘
975,10:25:06,205.06,840816,41,卖盘
976,10:25:09,205.06,389605,19,卖盘
977,10:25:12,205.04,41008,2,卖盘
978,10:25:15,205.05,82020,4,买盘
979,10:25:18,205.04,82022,4,中性盘
980,10:25:21,205.04,20504,1,卖盘
981,10:25:30,205.05,20505,1,卖盘
982,10:25:33,205.05,41010,2,买盘
983,10:25:39,205.05,41010,2,买盘
984,10:25:42,205.06,61518,3,买盘
985,10:25:48,205.05,102524,5,卖盘
986,10:25:51,205.06,41012,2,买盘
987,10:25:54,205.06,61516,3,买盘
988,10:25:57,205.06,123031,6,买盘
989,10:26:00,205.06,20506,1,卖盘
990,10:26:03,205.05,615153,30,卖盘
991,10:26:06,205.06,287071,14,中性盘
992,10:26:09,205.01,1783749,87,卖盘
993,10:26:12,205.01,287018,14,卖盘
994,10:26:15,205.01,82004,4,卖盘
995,10:26:18,205.03,553565,27,买盘
996,10:26:21,205.01,82004,4,卖盘
997,10:26:24,205.01,102506,5,卖盘
998,10:26:30,205.01,184509,9,卖盘
999,10:26:33,205.01,61503,3,卖盘
1000,10:26:36,205.02,266520,13,买盘
1001,10:26:39,205.0,5043015,246,卖盘
1002,10:26:42,204.99,1393979,68,卖盘
1003,10:26:45,204.97,368961,18,卖盘
1004,10:26:48,204.96,20496,1,中性盘
1005,10:26:51,204.95,225444,11,卖盘
1006,10:26:54,204.9,327853,16,卖盘
1007,10:26:57,204.89,635191,31,卖盘
1008,10:27:00,204.89,348301,17,买盘
1009,10:27:03,204.87,245855,12,卖盘
1010,10:27:06,204.87,122917,6,买盘
1011,10:27:09,204.82,143372,7,中性盘
1012,10:27:12,204.82,61446,3,买盘
1013,10:27:15,204.81,102405,5,卖盘
1014,10:27:18,204.8,348172,17,卖盘
1015,10:27:21,204.81,102403,5,买盘
1016,10:27:24,204.8,81920,4,卖盘
1017,10:27:27,204.8,307201,15,卖盘
1018,10:27:30,204.8,266245,13,卖盘
1019,10:27:33,204.8,20480,1,买盘
1020,10:27:36,204.79,20479,1,卖盘
1021,10:27:39,204.8,143359,7,买盘
1022,10:27:42,204.79,20479,1,卖盘
1023,10:27:45,204.79,40959,2,卖盘
1024,10:27:48,204.79,61438,3,买盘
1025,10:27:51,204.8,40959,2,买盘
1026,10:27:54,204.77,102391,5,卖盘
1027,10:27:57,204.8,307200,15,买盘
1028,10:28:00,204.81,389139,19,买盘
1029,10:28:03,204.77,307178,15,卖盘
1030,10:28:06,204.77,102378,5,买盘
1031,10:28:15,204.78,61434,3,卖盘
1032,10:28:18,204.77,102386,5,卖盘
1033,10:28:21,204.77,143339,7,卖盘
1034,10:28:24,204.77,184279,9,买盘
1035,10:28:27,204.76,470931,23,卖盘
1036,10:28:30,204.72,184279,9,卖盘
1037,10:28:33,204.72,20472,1,买盘
1038,10:28:36,204.71,286601,14,卖盘
1039,10:28:39,204.71,348031,17,买盘
1040,10:28:42,204.7,143292,7,卖盘
1041,10:28:45,204.7,122822,6,卖盘
1042,10:28:48,204.7,143291,7,卖盘
1043,10:28:51,204.71,450348,22,买盘
1044,10:28:54,204.7,307059,15,卖盘
1045,10:28:57,204.7,102354,5,卖盘
1046,10:29:00,204.7,184234,9,卖盘
1047,10:29:03,204.7,122820,6,卖盘
1048,10:29:06,204.69,286568,14,卖盘
1049,10:29:09,204.68,122806,6,卖盘
1050,10:29:12,204.63,204625,10,卖盘
1051,10:29:15,204.62,368316,18,卖盘
1052,10:29:18,204.6,982096,48,卖盘
1053,10:29:21,204.59,409193,20,卖盘
1054,10:29:24,204.6,81837,4,买盘
1055,10:29:27,204.66,20466,1,买盘
1056,10:29:30,204.69,184197,9,买盘
1057,10:29:33,204.66,286568,14,卖盘
1058,10:29:45,204.81,122864,6,买盘
1059,10:29:51,204.86,1637847,80,买盘
1060,10:29:54,204.88,20488,1,买盘
1061,10:29:57,204.81,20481,1,中性盘
1062,10:30:03,204.88,20488,1,买盘
1063,10:30:06,204.87,20487,1,中性盘
1064,10:30:09,204.86,20486,1,卖盘
1065,10:30:12,204.88,40975,2,买盘
1066,10:30:18,204.87,61461,3,买盘
1067,10:30:21,204.81,102425,5,卖盘
1068,10:30:24,204.86,102422,5,买盘
1069,10:30:27,204.73,61438,3,卖盘
1070,10:30:33,204.86,20486,1,买盘
1071,10:30:36,204.74,40956,2,卖盘
1072,10:30:42,204.8,20480,1,中性盘
1073,10:30:45,204.87,286812,14,买盘
1074,10:30:51,204.87,61450,3,买盘
1075,10:30:57,204.87,102433,5,买盘
1076,10:31:00,204.87,184363,9,买盘
1077,10:31:03,204.86,40972,2,卖盘
1078,10:31:06,204.86,204862,10,卖盘
1079,10:31:09,204.87,143407,7,买盘
1080,10:31:12,204.87,61461,3,买盘
1081,10:31:15,204.88,40976,2,买盘
1082,10:31:18,204.9,1393179,68,买盘
1083,10:31:27,204.92,20492,1,卖盘
1084,10:31:30,204.99,20499,1,买盘
1085,10:31:36,205.0,20500,1,买盘
1086,10:31:45,205.01,20501,1,买盘
1087,10:31:48,205.02,41003,2,买盘
1088,10:31:54,205.01,61507,3,卖盘
1089,10:31:57,204.94,20494,1,中性盘
1090,10:32:03,204.94,20494,1,中性盘
1091,10:32:06,204.94,40988,2,卖盘
1092,10:32:12,204.93,61479,3,卖盘
1093,10:32:15,204.93,20493,1,买盘
1094,10:32:18,204.92,20492,1,卖盘
1095,10:32:24,204.91,40983,2,卖盘
1096,10:32:36,204.9,225399,11,卖盘
1097,10:32:42,204.9,143438,7,卖盘
1098,10:32:57,204.89,143425,7,卖盘
1099,10:33:00,204.9,102449,5,买盘
1100,10:33:03,204.87,368777,18,卖盘
1101,10:33:06,204.87,40974,2,买盘
1102,10:33:09,204.88,40978,2,卖盘
1103,10:33:12,204.88,40976,2,卖盘
1104,10:33:15,204.9,20490,1,买盘
1105,10:33:18,204.9,20490,1,买盘
1106,10:33:24,204.9,40981,2,卖盘
1107,10:33:33,204.91,20491,1,买盘
1108,10:33:36,204.91,20491,1,卖盘
1109,10:33:39,204.9,81961,4,卖盘
1110,10:33:42,204.92,122951,6,买盘
1111,10:33:45,204.93,225415,11,买盘
1112,10:33:48,204.91,40981,2,买盘
1113,10:33:51,204.91,81964,4,买盘
1114,10:33:57,204.94,20494,1,买盘
1115,10:34:00,204.94,40986,2,买盘
1116,10:34:06,204.92,204932,10,卖盘
1117,10:34:09,204.94,20494,1,中性盘
1118,10:34:12,205.02,205002,10,买盘
1119,10:34:15,205.02,82004,4,买盘
1120,10:34:21,205.03,41006,2,买盘
1121,10:34:24,205.02,61508,3,卖盘
1122,10:34:27,205.01,20501,1,卖盘
1123,10:34:36,205.0,20500,1,卖盘
1124,10:34:39,205.01,307501,15,买盘
1125,10:34:42,205.0,61500,3,卖盘
1126,10:34:45,205.0,184501,9,卖盘
1127,10:34:48,205.01,61501,3,买盘
1128,10:34:51,205.01,20501,1,买盘
1129,10:34:57,205.01,20501,1,卖盘
1130,10:35:00,205.01,20501,1,中性盘
1131,10:35:03,205.02,20502,1,买盘
1132,10:35:09,205.0,266506,13,卖盘
1133,10:35:12,204.99,163990,8,中性盘
1134,10:35:15,204.97,122976,6,中性盘
1135,10:35:18,204.93,40987,2,卖盘
1136,10:35:21,204.97,61493,3,中性盘
1137,10:35:27,204.93,20493,1,卖盘
1138,10:35:30,204.97,40994,2,中性盘
1139,10:35:36,204.97,40995,2,中性盘
1140,10:35:42,204.98,20498,1,买盘
1141,10:35:54,205.0,61500,3,买盘
1142,10:36:00,205.0,20500,1,买盘
1143,10:36:03,205.0,61500,3,买盘
1144,10:36:06,205.01,123005,6,买盘
1145,10:36:12,205.02,61506,3,买盘
1146,10:36:15,205.03,20503,1,买盘
1147,10:36:18,205.0,20500,1,卖盘
1148,10:36:24,205.1,225561,11,买盘
1149,10:36:27,205.03,20503,1,卖盘
1150,10:36:30,205.15,102567,5,买盘
1151,10:36:36,205.15,20515,1,卖盘
1152,10:36:39,205.17,61547,3,买盘
1153,10:36:54,205.18,205162,10,买盘
1154,10:36:57,205.18,20518,1,买盘
1155,10:37:00,205.18,20518,1,买盘
1156,10:37:12,205.19,20519,1,中性盘
1157,10:37:21,205.2,20520,1,买盘
1158,10:37:33,205.2,41040,2,买盘
1159,10:37:39,205.2,225719,11,买盘
1160,10:37:42,205.2,41040,2,买盘
1161,10:37:45,205.18,61554,3,卖盘
1162,10:37:51,205.16,20516,1,卖盘
1163,10:37:54,205.15,20515,1,卖盘
1164,10:37:57,204.6,3747548,183,卖盘
1165,10:38:03,205.14,184586,9,买盘
1166,10:38:18,205.16,287208,14,买盘
1167,10:38:21,205.18,1005380,49,买盘
1168,10:38:24,205.2,82079,4,买盘
1169,10:38:27,205.2,61559,3,买盘
1170,10:38:30,205.2,82080,4,买盘
1171,10:38:33,205.21,20521,1,买盘
1172,10:38:36,205.2,82081,4,卖盘
1173,10:38:39,205.21,492504,24,买盘
1174,10:38:42,205.21,61563,3,卖盘
1175,10:38:51,205.29,61586,3,买盘
1176,10:38:57,205.22,41049,2,卖盘
1177,10:39:00,205.14,964353,47,卖盘
1178,10:39:03,205.14,410280,20,卖盘
1179,10:39:09,204.97,143485,7,卖盘
1180,10:39:12,204.99,82014,4,中性盘
1181,10:39:15,205.01,205008,10,买盘
1182,10:39:18,205.0,41001,2,卖盘
1183,10:39:30,205.01,20501,1,卖盘
1184,10:39:33,205.01,20501,1,卖盘
1185,10:39:36,205.0,61500,3,卖盘
1186,10:39:42,204.98,20498,1,卖盘
1187,10:39:45,204.98,61494,3,卖盘
1188,10:39:51,204.99,61495,3,买盘
1189,10:39:54,204.95,102475,5,卖盘
1190,10:39:57,204.97,81984,4,买盘
1191,10:40:00,204.92,20492,1,中性盘
1192,10:40:03,204.92,20492,1,卖盘
1193,10:40:09,204.88,61465,3,卖盘
1194,10:40:12,204.88,61466,3,买盘
1195,10:40:21,204.89,20489,1,买盘
1196,10:40:27,204.9,20490,1,买盘
1197,10:40:36,204.88,163907,8,中性盘
1198,10:40:39,204.88,40976,2,买盘
1199,10:40:42,204.88,20488,1,买盘
1200,10:40:48,204.88,81952,4,买盘
1201,10:40:51,204.88,122928,6,买盘
1202,10:40:54,204.88,40976,2,卖盘
1203,10:40:57,204.89,20489,1,卖盘
1204,10:41:00,204.88,20488,1,卖盘
1205,10:41:03,204.9,102448,5,买盘
1206,10:41:09,204.89,20489,1,买盘
1207,10:41:12,204.88,20488,1,卖盘
1208,10:41:15,204.89,61484,3,中性盘
1209,10:41:18,204.93,40987,2,中性盘
1210,10:41:21,204.94,20494,1,买盘
1211,10:41:24,205.0,41000,2,买盘
1212,10:41:27,204.94,40989,2,卖盘
1213,10:41:39,204.95,40990,2,买盘
1214,10:41:42,204.95,20495,1,买盘
1215,10:41:45,204.99,81996,4,买盘
1216,10:41:48,204.98,40995,2,买盘
1217,10:41:51,204.96,20496,1,卖盘
1218,10:41:57,204.97,40997,2,中性盘
1219,10:42:00,204.99,20499,1,买盘
1220,10:42:03,205.0,20500,1,中性盘
1221,10:42:09,205.0,20500,1,卖盘
1222,10:42:15,204.98,81996,4,卖盘
1223,10:42:18,204.98,61495,3,卖盘
1224,10:42:21,204.99,61496,3,买盘
1225,10:42:33,204.99,20499,1,买盘
1226,10:42:42,204.99,40998,2,买盘
1227,10:42:45,204.99,122997,6,卖盘
1228,10:42:48,204.99,122994,6,卖盘
1229,10:43:06,204.99,61499,3,卖盘
1230,10:43:09,204.99,40998,2,卖盘
1231,10:43:12,205.0,163994,8,买盘
1232,10:43:15,205.0,348487,17,买盘
1233,10:43:18,204.98,20498,1,卖盘
1234,10:43:24,204.99,102494,5,买盘
1235,10:43:27,204.98,81992,4,卖盘
1236,10:43:36,204.97,20497,1,卖盘
1237,10:43:39,204.97,40994,2,卖盘
1238,10:43:42,204.97,532922,26,卖盘
1239,10:43:45,204.97,61492,3,卖盘
1240,10:43:51,204.97,20497,1,卖盘
1241,10:43:54,204.97,61492,3,卖盘
1242,10:43:57,204.98,40996,2,买盘
1243,10:44:00,204.97,20497,1,卖盘
1244,10:44:03,204.98,81989,4,买盘
1245,10:44:06,204.97,266465,13,卖盘
1246,10:44:09,204.96,61488,3,卖盘
1247,10:44:12,204.95,204957,10,卖盘
1248,10:44:15,204.96,40992,2,买盘
1249,10:44:24,204.98,20498,1,买盘
1250,10:44:27,204.97,307467,15,卖盘
1251,10:44:30,204.96,40992,2,中性盘
1252,10:44:36,204.97,20497,1,卖盘
1253,10:44:39,204.96,40992,2,卖盘
1254,10:44:42,204.98,40996,2,买盘
1255,10:44:45,204.97,40995,2,卖盘
1256,10:44:48,204.98,20498,1,买盘
1257,10:44:51,204.98,163982,8,买盘
1258,10:44:54,204.98,184479,9,买盘
1259,10:45:00,204.98,20498,1,买盘
1260,10:45:06,204.97,266473,13,卖盘
1261,10:45:09,204.98,81992,4,买盘
1262,10:45:12,204.98,61494,3,买盘
1263,10:45:15,204.98,40996,2,买盘
1264,10:45:21,204.97,40995,2,卖盘
1265,10:45:24,204.98,81990,4,买盘
1266,10:45:27,204.98,20498,1,买盘
1267,10:45:30,204.98,20498,1,买盘
1268,10:45:36,204.98,40996,2,买盘
1269,10:45:39,204.98,184481,9,买盘
1270,10:45:42,204.97,40994,2,卖盘
1271,10:45:51,204.97,81988,4,买盘
1272,10:45:57,204.98,40996,2,买盘
1273,10:46:00,204.97,20497,1,卖盘
1274,10:46:03,204.99,40998,2,卖盘
1275,10:46:06,205.02,41000,2,买盘
1276,10:46:12,205.01,102509,5,卖盘
1277,10:46:18,205.0,20500,1,买盘
1278,10:46:21,205.0,82000,4,买盘
1279,10:46:24,205.0,20500,1,买盘
1280,10:46:27,205.0,20500,1,买盘
1281,10:46:30,205.0,369000,18,买盘
1282,10:46:36,205.02,41004,2,卖盘
1283,10:46:48,205.15,20515,1,卖盘
1284,10:46:54,205.15,20515,1,卖盘
1285,10:46:57,205.15,41030,2,卖盘
1286,10:47:06,205.15,61546,3,卖盘
1287,10:47:15,205.15,123098,6,卖盘
1288,10:47:18,205.18,61554,3,买盘
1289,10:47:21,205.19,20519,1,卖盘
1290,10:47:30,205.26,20526,1,买盘
1291,10:47:33,205.26,20526,1,买盘
1292,10:47:39,205.29,41057,2,买盘
1293,10:47:45,205.29,20529,1,买盘
1294,10:47:54,205.3,20530,1,买盘
1295,10:48:00,205.28,41057,2,卖盘
1296,10:48:03,205.3,61590,3,买盘
1297,10:48:06,205.3,20530,1,买盘
1298,10:48:12,205.35,82146,4,中性盘
1299,10:48:24,205.39,61619,3,卖盘
1300,10:48:30,205.37,123224,6,卖盘
1301,10:48:33,205.35,225892,11,卖盘
1302,10:48:39,205.32,61599,3,卖盘
1303,10:48:57,205.32,20532,1,卖盘
1304,10:49:03,205.33,20533,1,买盘
1305,10:49:06,205.33,82129,4,买盘
1306,10:49:09,205.33,61597,3,买盘
1307,10:49:12,205.32,20532,1,卖盘
1308,10:49:18,205.32,41064,2,卖盘
1309,10:49:24,205.33,61599,3,买盘
1310,10:49:30,205.33,61597,3,买盘
1311,10:49:33,205.32,41064,2,卖盘
1312,10:49:36,205.32,20532,1,卖盘
1313,10:49:42,205.32,20532,1,卖盘
1314,10:49:57,205.32,41064,2,卖盘
1315,10:50:00,205.36,41072,2,买盘
1316,10:50:03,205.32,20532,1,卖盘
1317,10:50:09,205.35,123199,6,买盘
1318,10:50:12,205.33,41068,2,卖盘
1319,10:50:15,205.32,41064,2,卖盘
1320,10:50:21,205.32,143723,7,卖盘
1321,10:50:24,205.3,328486,16,卖盘
1322,10:50:33,205.32,41064,2,买盘
1323,10:50:36,205.32,20532,1,卖盘
1324,10:50:39,205.33,20533,1,买盘
1325,10:50:42,205.33,61599,3,买盘
1326,10:50:51,205.3,82122,4,卖盘
1327,10:51:00,205.3,20530,1,买盘
1328,10:51:09,205.29,41059,2,卖盘
1329,10:51:12,205.29,41058,2,卖盘
1330,10:51:15,205.29,41058,2,卖盘
1331,10:51:18,205.29,82117,4,卖盘
1332,10:51:21,205.28,410576,20,卖盘
1333,10:51:24,205.19,287351,14,卖盘
1334,10:51:27,205.2,20520,1,买盘
1335,10:51:33,205.19,41038,2,卖盘
1336,10:51:42,205.19,102595,5,卖盘
1337,10:51:51,205.19,41038,2,卖盘
1338,10:51:57,205.19,41039,2,卖盘
1339,10:52:03,205.2,184672,9,买盘
1340,10:52:12,205.19,20519,1,卖盘
1341,10:52:18,205.2,102600,5,买盘
1342,10:52:21,205.21,82080,4,买盘
1343,10:52:24,205.19,20519,1,卖盘
1344,10:52:27,205.2,20520,1,买盘
1345,10:52:30,205.2,20520,1,买盘
1346,10:52:39,205.2,41040,2,买盘
1347,10:52:42,205.2,41040,2,卖盘
1348,10:52:51,205.24,20524,1,买盘
1349,10:52:57,205.22,20522,1,卖盘
1350,10:53:03,205.21,41043,2,卖盘
1351,10:53:12,205.22,41044,2,买盘
1352,10:53:15,205.21,41044,2,卖盘
1353,10:53:18,205.21,102605,5,买盘
1354,10:53:24,205.22,20522,1,买盘
1355,10:53:57,205.22,20522,1,卖盘
1356,10:54:00,205.22,20522,1,卖盘
1357,10:54:03,205.22,41044,2,买盘
1358,10:54:06,205.22,41044,2,买盘
1359,10:54:09,205.24,82090,4,买盘
1360,10:54:15,205.22,61566,3,卖盘
1361,10:54:18,205.21,61563,3,卖盘
1362,10:54:21,205.22,61564,3,买盘
1363,10:54:30,205.19,861801,42,卖盘
1364,10:54:33,205.16,164148,8,卖盘
1365,10:54:39,205.16,123114,6,卖盘
1366,10:54:45,205.16,20516,1,卖盘
1367,10:54:54,205.16,41032,2,卖盘
1368,10:55:03,205.16,41032,2,卖盘
1369,10:55:12,205.16,20516,1,卖盘
1370,10:55:24,205.16,41032,2,卖盘
1371,10:55:27,205.14,61544,3,卖盘
1372,10:55:36,205.01,41012,2,卖盘
1373,10:55:45,205.01,20501,1,卖盘
1374,10:55:51,205.01,41002,2,卖盘
1375,10:55:54,205.01,41003,2,卖盘
1376,10:56:00,205.13,61538,3,买盘
1377,10:56:03,205.0,61513,3,卖盘
1378,10:56:21,205.04,61512,3,卖盘
1379,10:56:33,205.03,41006,2,卖盘
1380,10:56:36,205.03,61509,3,卖盘
1381,10:56:39,205.01,184519,9,卖盘
1382,10:56:57,205.01,20501,1,卖盘
1383,10:57:00,205.0,127103,6,卖盘
1384,10:57:03,205.01,20501,1,卖盘
1385,10:57:06,205.03,41006,2,买盘
1386,10:57:24,205.14,20514,1,买盘
1387,10:57:27,205.05,41010,2,中性盘
1388,10:57:30,205.15,20515,1,中性盘
1389,10:57:36,205.16,20516,1,买盘
1390,10:58:00,205.15,20515,1,买盘
1391,10:58:06,205.06,20506,1,卖盘
1392,10:58:12,205.05,41011,2,卖盘
1393,10:58:15,205.05,20505,1,卖盘
1394,10:58:18,205.05,20505,1,卖盘
1395,10:58:21,205.05,20505,1,卖盘
1396,10:58:24,205.04,102522,5,中性盘
1397,10:58:27,205.04,20504,1,卖盘
1398,10:58:33,205.04,41008,2,卖盘
1399,10:58:36,205.03,20503,1,卖盘
1400,10:58:39,205.01,143512,7,卖盘
1401,10:58:45,205.0,287002,14,卖盘
1402,10:58:48,205.01,102502,5,中性盘
1403,10:58:51,205.0,123000,6,卖盘
1404,10:58:54,204.96,836355,41,卖盘
1405,10:58:57,204.95,81980,4,卖盘
1406,10:59:00,204.94,20494,1,中性盘
1407,10:59:03,204.92,40984,2,卖盘
1408,10:59:09,204.9,40981,2,卖盘
1409,10:59:12,204.92,20492,1,买盘
1410,10:59:21,204.9,81975,4,卖盘
1411,10:59:30,204.91,20491,1,卖盘
1412,10:59:33,205.0,430387,21,买盘
1413,10:59:36,205.0,20500,1,买盘
1414,10:59:39,205.0,123020,6,卖盘
1415,10:59:42,205.0,41000,2,卖盘
1416,10:59:48,205.13,246152,12,中性盘
1417,10:59:54,205.01,61516,3,卖盘
1418,10:59:57,205.01,20501,1,卖盘
1419,11:00:12,205.01,61527,3,卖盘
1420,11:00:18,205.01,41002,2,卖盘
1421,11:00:24,205.02,20502,1,卖盘
1422,11:00:36,205.02,20502,1,卖盘
1423,11:00:39,205.12,20512,1,买盘
1424,11:00:42,205.13,20513,1,买盘
1425,11:01:03,205.09,41018,2,买盘
1426,11:01:06,205.03,20503,1,卖盘
1427,11:01:15,205.02,61507,3,卖盘
1428,11:01:27,205.03,20503,1,卖盘
1429,11:01:30,205.04,20504,1,买盘
1430,11:01:33,205.03,20503,1,卖盘
1431,11:01:36,205.03,20503,1,卖盘
1432,11:01:39,205.03,20503,1,卖盘
1433,11:01:48,205.04,20504,1,买盘
1434,11:01:54,205.04,41011,2,卖盘
1435,11:01:57,205.04,102520,5,卖盘
1436,11:02:00,205.04,41008,2,卖盘
1437,11:02:06,205.08,41016,2,买盘
1438,11:02:09,205.08,41015,2,买盘
1439,11:02:12,205.08,20508,1,买盘
1440,11:02:18,205.08,20508,1,买盘
1441,11:02:24,205.08,41016,2,买盘
1442,11:02:27,205.04,41012,2,中性盘
1443,11:02:30,205.03,82012,4,卖盘
1444,11:02:33,205.03,41006,2,卖盘
1445,11:02:36,205.03,61509,3,卖盘
1446,11:02:54,205.04,82017,4,中性盘
1447,11:03:00,205.08,61524,3,买盘
1448,11:03:03,205.06,20506,1,卖盘
1449,11:03:06,205.05,82020,4,中性盘
1450,11:03:09,205.06,123036,6,卖盘
1451,11:03:12,205.09,102545,5,买盘
1452,11:03:18,205.05,20505,1,卖盘
1453,11:03:24,205.05,41010,2,卖盘
1454,11:03:27,205.05,41010,2,买盘
1455,11:03:45,205.09,20509,1,买盘
1456,11:03:51,205.09,20509,1,买盘
1457,11:03:57,205.1,61530,3,买盘
1458,11:04:00,205.13,20513,1,买盘
1459,11:04:03,205.1,20510,1,卖盘
1460,11:04:06,205.12,20512,1,中性盘
1461,11:04:12,205.1,20510,1,卖盘
1462,11:04:18,205.13,20513,1,买盘
1463,11:04:21,205.13,20513,1,买盘
1464,11:04:24,205.13,41026,2,买盘
1465,11:04:27,205.13,102556,5,买盘
1466,11:04:33,205.14,41028,2,买盘
1467,11:04:48,205.14,61542,3,卖盘
1468,11:04:54,205.15,20515,1,买盘
1469,11:05:00,205.13,61539,3,卖盘
1470,11:05:03,205.13,41026,2,卖盘
1471,11:05:24,205.21,1087388,53,买盘
1472,11:05:27,205.24,225746,11,买盘
1473,11:05:33,205.3,41059,2,买盘
1474,11:05:42,205.3,61590,3,买盘
1475,11:05:48,205.32,287430,14,买盘
1476,11:05:54,205.32,102657,5,买盘
1477,11:05:57,205.3,41062,2,卖盘
1478,11:06:03,205.32,20532,1,买盘
1479,11:06:09,205.31,20531,1,中性盘
1480,11:06:12,205.3,20530,1,卖盘
1481,11:06:15,205.29,472184,23,卖盘
1482,11:06:18,205.3,82118,4,买盘
1483,11:06:27,205.3,82120,4,买盘
1484,11:06:39,205.3,20530,1,买盘
1485,11:06:48,205.3,102650,5,卖盘
1486,11:06:51,205.3,164240,8,卖盘
1487,11:07:00,205.3,41060,2,买盘
1488,11:07:06,205.31,20531,1,买盘
1489,11:07:09,205.3,20530,1,卖盘
1490,11:07:15,205.3,82120,4,卖盘
1491,11:07:18,205.31,20531,1,买盘
1492,11:07:21,205.31,82117,4,买盘
1493,11:07:27,205.28,20528,1,卖盘
1494,11:07:30,205.28,20528,1,卖盘
1495,11:07:36,205.27,20527,1,卖盘
1496,11:07:42,205.27,20527,1,卖盘
1497,11:07:45,205.26,20526,1,卖盘
1498,11:07:48,205.26,20526,1,卖盘
1499,11:07:51,205.25,61575,3,卖盘
1500,11:07:57,205.25,123151,6,卖盘
1501,11:08:00,205.22,102612,5,卖盘
1502,11:08:03,205.21,143647,7,卖盘
1503,11:08:06,205.21,389899,19,卖盘
1504,11:08:09,205.21,184689,9,卖盘
1505,11:08:12,205.21,41042,2,卖盘
1506,11:08:15,205.21,348857,17,卖盘
1507,11:08:18,205.21,143647,7,卖盘
1508,11:08:21,205.2,41040,2,卖盘
1509,11:08:24,205.15,20515,1,卖盘
1510,11:08:27,205.13,20513,1,卖盘
1511,11:08:30,205.11,20511,1,卖盘
1512,11:08:33,205.1,20510,1,卖盘
1513,11:08:36,205.1,61528,3,买盘
1514,11:08:39,205.06,82027,4,卖盘
1515,11:08:42,205.04,143540,7,卖盘
1516,11:08:45,205.03,41006,2,卖盘
1517,11:08:48,205.03,20503,1,买盘
1518,11:08:51,205.02,20502,1,卖盘
1519,11:08:54,205.01,20501,1,卖盘
1520,11:08:57,205.0,307500,15,卖盘
1521,11:09:00,204.98,40996,2,卖盘
1522,11:09:03,204.97,40996,2,卖盘
1523,11:09:06,204.96,327939,16,卖盘
1524,11:09:09,204.99,307493,15,买盘
1525,11:09:12,204.96,389454,19,卖盘
1526,11:09:15,204.96,163968,8,卖盘
1527,11:09:24,204.97,20497,1,买盘
1528,11:09:27,205.02,225472,11,买盘
1529,11:09:33,204.96,61500,3,卖盘
1530,11:09:36,204.96,40992,2,卖盘
1531,11:09:42,204.96,61488,3,卖盘
1532,11:09:45,204.96,20496,1,卖盘
1533,11:09:48,204.94,102478,5,卖盘
1534,11:09:51,204.94,61484,3,卖盘
1535,11:09:54,204.94,20494,1,卖盘
1536,11:09:57,204.94,81976,4,卖盘
1537,11:10:00,204.93,40986,2,卖盘
1538,11:10:06,204.93,61481,3,卖盘
1539,11:10:12,204.91,20491,1,卖盘
1540,11:10:21,204.91,61472,3,买盘
1541,11:10:42,204.91,61476,3,卖盘
1542,11:10:45,204.96,655852,32,买盘
1543,11:10:48,204.96,20496,1,卖盘
1544,11:10:54,204.96,61488,3,卖盘
1545,11:11:03,204.91,122948,6,卖盘
1546,11:11:12,204.9,368823,18,卖盘
1547,11:11:15,204.9,61469,3,买盘
1548,11:11:21,204.88,20488,1,卖盘
1549,11:11:24,204.89,143417,7,中性盘
1550,11:11:27,204.89,122931,6,中性盘
1551,11:11:30,204.88,20488,1,卖盘
1552,11:11:33,204.9,122940,6,买盘
1553,11:11:42,204.88,20488,1,卖盘
1554,11:11:45,204.88,20488,1,卖盘
1555,11:11:48,204.9,163914,8,买盘
1556,11:11:51,205.0,737864,36,买盘
1557,11:12:00,205.1,20510,1,买盘
1558,11:12:18,205.1,82039,4,买盘
1559,11:12:24,205.1,20510,1,买盘
1560,11:12:33,205.22,102557,5,买盘
1561,11:12:39,205.22,102554,5,中性盘
1562,11:12:42,205.1,61526,3,买盘
1563,11:12:48,205.07,41015,2,卖盘
1564,11:12:51,205.06,20506,1,卖盘
1565,11:12:57,205.0,266501,13,卖盘
1566,11:13:00,205.0,20500,1,买盘
1567,11:13:03,205.16,20516,1,买盘
1568,11:13:24,204.98,20498,1,卖盘
1569,11:13:36,205.14,20514,1,买盘
1570,11:13:45,204.98,20498,1,卖盘
1571,11:13:54,204.98,20498,1,卖盘
1572,11:14:03,205.1,20510,1,买盘
1573,11:14:12,205.11,143570,7,买盘
1574,11:14:15,205.15,184616,9,买盘
1575,11:14:21,205.29,20529,1,买盘
1576,11:14:24,205.3,41045,2,买盘
1577,11:14:27,205.14,41043,2,卖盘
1578,11:14:45,205.15,164120,8,卖盘
1579,11:14:51,205.15,184635,9,卖盘
1580,11:14:54,205.15,41030,2,中性盘
1581,11:14:57,205.14,41028,2,卖盘
1582,11:15:00,205.14,61542,3,买盘
1583,11:15:09,205.27,41041,2,买盘
1584,11:15:15,205.28,41055,2,买盘
1585,11:15:45,205.14,20514,1,卖盘
1586,11:15:48,205.14,20514,1,卖盘
1587,11:16:03,205.16,102578,5,买盘
1588,11:16:18,205.22,41044,2,买盘
1589,11:16:27,205.23,41035,2,买盘
1590,11:16:36,205.23,20523,1,买盘
1591,11:16:39,205.23,841443,41,买盘
1592,11:16:42,205.23,266802,13,卖盘
1593,11:16:45,205.26,20526,1,买盘
1594,11:16:51,205.24,61570,3,买盘
1595,11:16:57,205.21,82084,4,卖盘
1596,11:17:00,205.21,41045,2,卖盘
1597,11:17:03,205.21,41042,2,卖盘
1598,11:17:18,205.2,41039,2,买盘
1599,11:17:24,205.19,41039,2,中性盘
1600,11:17:57,205.11,82044,4,卖盘
1601,11:18:03,205.11,20511,1,买盘
1602,11:18:15,205.1,184590,9,卖盘
1603,11:18:18,205.11,41022,2,买盘
1604,11:18:27,205.11,102555,5,买盘
1605,11:18:36,205.11,20511,1,买盘
1606,11:18:51,205.1,266630,13,卖盘
1607,11:19:00,205.1,205100,10,卖盘
1608,11:19:06,205.17,20517,1,买盘
1609,11:19:18,205.18,205172,10,买盘
1610,11:19:21,205.17,143619,7,卖盘
1611,11:19:24,205.19,184665,9,买盘
1612,11:19:27,205.2,20520,1,买盘
1613,11:19:39,205.2,20520,1,买盘
1614,11:19:45,205.19,471937,23,卖盘
1615,11:19:48,205.18,20518,1,卖盘
1616,11:19:51,205.18,41036,2,卖盘
1617,11:19:54,205.19,492455,24,买盘
1618,11:19:57,205.18,61554,3,卖盘
1619,11:20:12,205.18,41036,2,买盘
1620,11:20:15,205.19,20519,1,买盘
1621,11:20:21,205.17,20517,1,卖盘
1622,11:20:30,205.17,20517,1,卖盘
1623,11:20:33,205.16,20516,1,卖盘
1624,11:20:42,205.16,20516,1,卖盘
1625,11:20:48,205.16,123096,6,卖盘
1626,11:20:51,205.15,123092,6,卖盘
1627,11:21:00,205.15,61545,3,卖盘
1628,11:21:18,205.15,102575,5,买盘
1629,11:21:27,205.15,61547,3,卖盘
1630,11:21:36,205.15,61545,3,卖盘
1631,11:21:45,205.15,20515,1,买盘
1632,11:21:57,205.13,20513,1,卖盘
1633,11:22:00,205.14,41028,2,买盘
1634,11:22:03,205.14,20514,1,买盘
1635,11:22:06,205.13,20513,1,卖盘
1636,11:22:12,205.13,41025,2,买盘
1637,11:22:15,205.1,20510,1,卖盘
1638,11:22:24,205.1,20510,1,卖盘
1639,11:22:33,205.12,20512,1,买盘
1640,11:22:42,205.13,205129,10,买盘
1641,11:22:48,205.13,20513,1,买盘
1642,11:22:51,205.11,20511,1,卖盘
1643,11:22:57,205.11,20511,1,买盘
1644,11:23:06,205.11,41022,2,卖盘
1645,11:23:09,205.1,20510,1,卖盘
1646,11:23:12,205.13,205129,10,买盘
1647,11:23:15,205.14,41028,2,买盘
1648,11:23:18,205.16,61548,3,买盘
1649,11:23:21,205.16,41032,2,买盘
1650,11:23:36,205.15,61539,3,买盘
1651,11:23:39,205.15,20515,1,买盘
1652,11:24:00,205.16,20516,1,买盘
1653,11:24:09,205.16,20516,1,买盘
1654,11:24:12,205.16,20516,1,买盘
1655,11:24:27,205.16,20516,1,买盘
1656,11:24:30,205.16,20516,1,买盘
1657,11:24:45,205.14,20514,1,买盘
1658,11:24:51,205.15,20515,1,买盘
1659,11:24:57,205.15,20515,1,买盘
1660,11:25:15,205.16,20516,1,买盘
1661,11:25:30,205.15,20515,1,中性盘
1662,11:25:39,205.14,20514,1,买盘
1663,11:25:51,205.13,41026,2,卖盘
1664,11:26:00,205.13,20513,1,买盘
1665,11:26:06,205.13,61538,3,买盘
1666,11:26:09,205.12,20512,1,卖盘
1667,11:26:12,205.12,41024,2,卖盘
1668,11:26:15,205.11,20511,1,卖盘
1669,11:26:30,205.1,143575,7,卖盘
1670,11:26:33,205.1,61530,3,卖盘
1671,11:26:48,205.09,82037,4,卖盘
1672,11:26:51,205.09,41018,2,卖盘
1673,11:26:54,205.1,20510,1,买盘
1674,11:26:57,205.06,82032,4,卖盘
1675,11:27:12,205.05,20505,1,卖盘
1676,11:27:15,205.05,20505,1,卖盘
1677,11:27:18,205.06,41012,2,买盘
1678,11:27:24,205.06,20506,1,买盘
1679,11:27:30,205.05,20505,1,卖盘
1680,11:27:45,205.07,20507,1,买盘
1681,11:27:51,205.07,20507,1,买盘
1682,11:27:54,205.05,82028,4,卖盘
1683,11:28:03,205.05,41010,2,卖盘
1684,11:28:06,205.05,20505,1,卖盘
1685,11:28:09,205.05,20505,1,买盘
1686,11:28:18,205.02,41008,2,中性盘
1687,11:28:24,205.08,20508,1,买盘
1688,11:28:30,205.1,20510,1,买盘
1689,11:28:48,205.04,20504,1,卖盘
1690,11:29:09,205.04,20504,1,买盘
1691,11:29:15,205.04,102520,5,买盘
1692,11:29:27,205.01,143509,7,卖盘
1693,11:29:33,205.03,41006,2,买盘
1694,11:29:36,205.0,20500,1,卖盘
1695,11:29:39,205.0,123000,6,卖盘
1696,11:29:45,204.98,81992,4,卖盘
1697,11:29:51,204.98,81994,4,卖盘
1698,11:29:57,204.98,61494,3,卖盘
1699,11:30:00,205.0,20500,1,买盘
1700,13:00:03,204.97,635372,31,卖盘
1701,13:00:06,204.99,573917,28,中性盘
1702,13:00:09,205.0,553484,27,买盘
1703,13:00:12,204.99,102489,5,买盘
1704,13:00:15,204.96,163975,8,卖盘
1705,13:00:18,204.96,102484,5,卖盘
1706,13:00:21,204.96,40994,2,卖盘
1707,13:00:27,204.96,81986,4,卖盘
1708,13:00:30,204.96,184466,9,卖盘
1709,13:00:36,204.96,40992,2,买盘
1710,13:00:42,204.96,61486,3,买盘
1711,13:00:45,204.95,40990,2,卖盘
1712,13:00:48,204.95,40991,2,卖盘
1713,13:00:51,204.95,40990,2,卖盘
1714,13:00:54,204.95,61485,3,卖盘
1715,13:00:57,204.94,40988,2,卖盘
1716,13:01:00,204.95,20495,1,中性盘
1717,13:01:06,204.94,61482,3,卖盘
1718,13:01:09,204.93,286895,14,卖盘
1719,13:01:12,204.88,389285,19,卖盘
1720,13:01:15,204.79,430097,21,卖盘
1721,13:01:18,204.87,450581,22,买盘
1722,13:01:21,204.8,20480,1,卖盘
1723,13:01:30,204.78,61438,3,卖盘
1724,13:01:33,204.86,40968,2,买盘
1725,13:01:39,204.9,225372,11,买盘
1726,13:01:42,204.95,122945,6,买盘
1727,13:01:48,204.94,40988,2,中性盘
1728,13:01:51,204.95,20495,1,买盘
1729,13:01:54,204.96,102475,5,买盘
1730,13:01:57,204.95,20495,1,中性盘
1731,13:02:00,204.95,20495,1,买盘
1732,13:02:06,204.98,40992,2,买盘
1733,13:02:12,204.96,20496,1,中性盘
1734,13:02:15,204.97,40992,2,买盘
1735,13:02:18,204.99,102489,5,买盘
1736,13:02:21,204.99,20499,1,买盘
1737,13:02:27,204.99,102492,5,买盘
1738,13:02:30,205.0,20500,1,买盘
1739,13:02:33,205.0,20500,1,买盘
1740,13:02:36,205.0,61500,3,买盘
1741,13:02:39,205.0,20500,1,买盘
1742,13:02:42,205.01,102501,5,买盘
1743,13:02:45,205.04,41008,2,买盘
1744,13:02:48,205.08,1291770,63,买盘
1745,13:02:51,205.16,143593,7,买盘
1746,13:02:54,205.16,61548,3,买盘
1747,13:03:00,205.16,20516,1,买盘
1748,13:03:03,205.15,143607,7,卖盘
1749,13:03:06,205.14,20514,1,卖盘
1750,13:03:09,205.15,20515,1,买盘
1751,13:03:12,205.13,143593,7,卖盘
1752,13:03:15,205.13,410298,20,卖盘
1753,13:03:27,205.1,41020,2,卖盘
1754,13:03:36,205.1,164080,8,买盘
1755,13:03:39,205.16,246191,12,买盘
1756,13:03:42,205.09,102550,5,卖盘
1757,13:03:45,205.09,61527,3,买盘
1758,13:03:48,205.08,20508,1,中性盘
1759,13:03:51,205.09,41018,2,买盘
1760,13:03:54,205.1,20510,1,买盘
1761,13:04:03,205.16,20516,1,中性盘
1762,13:04:06,205.1,61534,3,卖盘
1763,13:04:12,205.11,61533,3,卖盘
1764,13:04:15,205.11,41022,2,买盘
1765,13:04:18,205.09,20509,1,卖盘
1766,13:04:21,205.09,20509,1,卖盘
1767,13:04:24,205.1,61530,3,买盘
1768,13:04:36,205.1,20510,1,卖盘
1769,13:04:39,205.17,41027,2,买盘
1770,13:04:42,205.18,20518,1,买盘
1771,13:04:45,205.17,20517,1,卖盘
1772,13:04:48,205.19,102594,5,买盘
1773,13:04:51,205.2,61560,3,买盘
1774,13:05:03,205.23,41043,2,买盘
1775,13:05:09,205.22,20522,1,买盘
1776,13:05:12,205.2,20520,1,卖盘
1777,13:05:18,205.23,41045,2,买盘
1778,13:05:21,205.2,20520,1,卖盘
1779,13:05:27,205.23,61569,3,买盘
1780,13:05:30,205.23,82092,4,卖盘
1781,13:05:33,205.23,82095,4,卖盘
1782,13:05:36,205.23,82092,4,卖盘
1783,13:05:39,205.23,184707,9,卖盘
1784,13:05:42,205.2,20520,1,卖盘
1785,13:05:45,205.2,20520,1,卖盘
1786,13:05:51,205.2,20520,1,卖盘
1787,13:05:54,205.2,102600,5,卖盘
1788,13:05:57,205.2,20520,1,卖盘
1789,13:06:00,205.18,184668,9,卖盘
1790,13:06:06,205.17,20517,1,中性盘
1791,13:06:09,205.15,41030,2,卖盘
1792,13:06:12,205.16,61546,3,买盘
1793,13:06:18,205.16,20516,1,买盘
1794,13:06:30,205.09,61527,3,卖盘
1795,13:06:33,205.09,102550,5,卖盘
1796,13:06:39,205.09,41018,2,卖盘
1797,13:06:54,205.09,123056,6,卖盘
1798,13:07:00,205.09,20509,1,买盘
1799,13:07:03,205.09,61526,3,买盘
1800,13:07:06,205.09,41018,2,卖盘
1801,13:07:12,205.09,41019,2,卖盘
1802,13:07:18,205.09,82036,4,卖盘
1803,13:07:24,205.1,20510,1,买盘
1804,13:07:27,205.09,20509,1,卖盘
1805,13:07:30,205.05,369134,18,卖盘
1806,13:07:36,205.05,20505,1,卖盘
1807,13:07:39,205.05,82020,4,卖盘
1808,13:07:42,205.05,20505,1,卖盘
1809,13:07:45,205.04,164034,8,卖盘
1810,13:07:48,205.0,225524,11,卖盘
1811,13:08:00,205.01,82004,4,买盘
1812,13:08:03,205.0,41000,2,卖盘
1813,13:08:06,204.99,40998,2,卖盘
1814,13:08:12,204.99,20499,1,卖盘
1815,13:08:15,204.98,61495,3,卖盘
1816,13:08:21,204.97,40995,2,卖盘
1817,13:08:24,204.98,61493,3,中性盘
1818,13:08:27,204.98,81992,4,买盘
1819,13:08:30,204.97,20497,1,卖盘
1820,13:08:33,205.0,184492,9,买盘
1821,13:08:39,204.97,40998,2,卖盘
1822,13:08:42,205.05,41009,2,买盘
1823,13:08:48,205.05,123028,6,买盘
1824,13:08:51,205.07,205064,10,买盘
1825,13:08:54,205.09,41018,2,买盘
1826,13:09:03,205.14,41028,2,卖盘
1827,13:09:09,205.12,20512,1,卖盘
1828,13:09:15,205.14,20514,1,中性盘
1829,13:09:18,205.14,20514,1,卖盘
1830,13:09:21,205.14,41028,2,卖盘
1831,13:09:30,205.12,102562,5,卖盘
1832,13:09:36,205.12,20512,1,卖盘
1833,13:09:39,205.12,20512,1,卖盘
1834,13:09:45,205.13,20513,1,买盘
1835,13:09:51,205.12,20512,1,卖盘
1836,13:09:54,205.12,20512,1,卖盘
1837,13:10:00,205.12,20512,1,卖盘
1838,13:10:03,205.04,594819,29,卖盘
1839,13:10:06,204.95,307447,15,卖盘
1840,13:10:09,204.96,20496,1,中性盘
1841,13:10:12,204.91,61504,3,卖盘
1842,13:10:15,205.03,41005,2,买盘
1843,13:10:18,204.91,20491,1,卖盘
1844,13:10:24,204.91,20491,1,中性盘
1845,13:10:27,204.93,40997,2,卖盘
1846,13:10:39,205.0,204982,10,买盘
1847,13:10:48,204.9,184428,9,卖盘
1848,13:10:51,204.9,225387,11,买盘
1849,13:10:54,204.9,163920,8,买盘
1850,13:10:57,204.9,102450,5,买盘
1851,13:11:00,204.9,81956,4,买盘
1852,13:11:06,204.9,40980,2,卖盘
1853,13:11:12,204.96,20496,1,买盘
1854,13:11:21,204.91,20491,1,卖盘
1855,13:11:30,204.95,81977,4,中性盘
1856,13:11:36,204.91,20491,1,卖盘
1857,13:11:45,204.97,61490,3,买盘
1858,13:11:54,204.97,20497,1,中性盘
1859,13:12:00,204.92,81988,4,中性盘
1860,13:12:03,204.92,81971,4,卖盘
1861,13:12:09,204.91,61481,3,卖盘
1862,13:12:15,204.92,40986,2,卖盘
1863,13:12:18,204.92,20492,1,中性盘
1864,13:12:27,204.93,40986,2,中性盘
1865,13:12:30,204.91,61475,3,卖盘
1866,13:12:33,204.96,40989,2,买盘
1867,13:12:42,204.96,20496,1,买盘
1868,13:12:45,204.93,20493,1,卖盘
1869,13:12:51,204.96,81980,4,买盘
1870,13:13:03,204.97,81984,4,买盘
1871,13:13:21,204.95,40990,2,卖盘
1872,13:13:27,205.0,184498,9,买盘
1873,13:13:36,205.09,20509,1,中性盘
1874,13:13:48,205.01,102505,5,卖盘
1875,13:14:00,205.04,20504,1,中性盘
1876,13:14:03,205.0,61502,3,卖盘
1877,13:14:09,205.0,102500,5,卖盘
1878,13:14:12,205.01,20501,1,买盘
1879,13:14:24,205.0,143500,7,卖盘
1880,13:14:27,204.97,368982,18,卖盘
1881,13:14:39,204.97,20497,1,买盘
1882,13:14:42,204.97,799389,39,买盘
1883,13:14:45,204.92,676392,33,卖盘
1884,13:14:48,204.97,122982,6,买盘
1885,13:14:57,204.97,40992,2,买盘
1886,13:15:12,204.93,20493,1,卖盘
1887,13:15:15,204.92,20492,1,卖盘
1888,13:15:18,204.92,102465,5,中性盘
1889,13:15:30,204.92,81968,4,卖盘
1890,13:15:33,204.93,20493,1,中性盘
1891,13:15:51,204.94,163950,8,买盘
1892,13:15:54,204.93,20493,1,卖盘
1893,13:16:00,204.94,20494,1,买盘
1894,13:16:03,204.93,20493,1,卖盘
1895,13:16:06,204.92,40985,2,卖盘
1896,13:16:18,204.93,20493,1,买盘
1897,13:16:30,204.93,61479,3,买盘
1898,13:16:33,204.92,20492,1,卖盘
1899,13:16:39,204.92,102460,5,卖盘
1900,13:16:54,204.92,389349,19,卖盘
1901,13:16:57,204.91,61473,3,卖盘
1902,13:17:00,204.91,20491,1,卖盘
1903,13:17:03,204.91,20491,1,卖盘
1904,13:17:06,204.91,20491,1,卖盘
1905,13:17:12,204.91,40981,2,买盘
1906,13:17:21,204.91,40982,2,买盘
1907,13:17:24,204.9,40980,2,卖盘
1908,13:17:27,204.91,40981,2,买盘
1909,13:17:33,204.9,20490,1,卖盘
1910,13:17:42,204.9,20490,1,卖盘
1911,13:17:45,204.91,40982,2,买盘
1912,13:17:48,204.9,20490,1,卖盘
1913,13:17:51,204.91,143437,7,买盘
1914,13:17:54,204.91,61473,3,卖盘
1915,13:18:00,204.91,20491,1,买盘
1916,13:18:06,204.91,40982,2,买盘
1917,13:18:12,204.9,20490,1,卖盘
1918,13:18:15,204.9,143430,7,卖盘
1919,13:18:21,204.9,20490,1,卖盘
1920,13:18:24,204.9,20490,1,卖盘
1921,13:18:30,204.9,1044990,51,卖盘
1922,13:18:33,204.9,20490,1,卖盘
1923,13:18:36,204.9,40980,2,卖盘
1924,13:18:39,204.91,225400,11,买盘
1925,13:18:42,204.91,20491,1,买盘
1926,13:18:45,204.91,122946,6,买盘
1927,13:18:48,204.91,20491,1,买盘
1928,13:18:57,204.92,81963,4,买盘
1929,13:19:00,204.9,40981,2,卖盘
1930,13:19:03,204.92,245904,12,买盘
1931,13:19:06,204.91,20491,1,卖盘
1932,13:19:09,204.92,40984,2,买盘
1933,13:19:12,204.92,20492,1,买盘
1934,13:19:21,204.92,61476,3,买盘
1935,13:19:24,204.91,20491,1,卖盘
1936,13:19:30,204.91,20491,1,卖盘
1937,13:19:39,204.91,20491,1,卖盘
1938,13:19:42,204.92,40984,2,买盘
1939,13:19:45,204.91,20491,1,卖盘
1940,13:19:48,204.91,20491,1,卖盘
1941,13:19:51,204.92,81968,4,买盘
1942,13:19:57,204.92,40984,2,买盘
1943,13:20:00,204.92,20492,1,中性盘
1944,13:20:03,204.93,20493,1,买盘
1945,13:20:06,204.92,40984,2,卖盘
1946,13:20:09,204.92,20492,1,买盘
1947,13:20:12,204.92,143444,7,买盘
1948,13:20:15,204.92,20492,1,买盘
1949,13:20:18,204.91,81967,4,卖盘
1950,13:20:21,204.94,20494,1,买盘
1951,13:20:24,204.93,20493,1,卖盘
1952,13:20:27,204.92,20492,1,卖盘
1953,13:20:30,204.96,20496,1,买盘
1954,13:20:39,204.92,20492,1,卖盘
1955,13:20:45,204.92,20492,1,卖盘
1956,13:20:51,204.92,61476,3,卖盘
1957,13:20:54,204.93,20493,1,买盘
1958,13:21:00,204.92,20492,1,卖盘
1959,13:21:06,204.93,40986,2,买盘
1960,13:21:09,204.92,20492,1,卖盘
1961,13:21:12,204.93,40986,2,买盘
1962,13:21:18,204.92,20492,1,卖盘
1963,13:21:24,204.93,20493,1,买盘
1964,13:21:27,204.93,40986,2,买盘
1965,13:21:30,204.92,20492,1,卖盘
1966,13:21:33,204.93,61478,3,买盘
1967,13:21:36,204.92,20492,1,卖盘
1968,13:21:42,204.93,20493,1,买盘
1969,13:21:45,204.93,20493,1,买盘
1970,13:21:54,204.94,163948,8,买盘
1971,13:22:00,204.92,450824,22,卖盘
1972,13:22:06,204.91,40982,2,卖盘
1973,13:22:09,204.91,245892,12,卖盘
1974,13:22:12,204.9,348337,17,卖盘
1975,13:22:15,204.9,20490,1,卖盘
1976,13:22:18,204.91,81964,4,买盘
1977,13:22:21,204.9,20490,1,卖盘
1978,13:22:30,204.9,20490,1,卖盘
1979,13:22:36,204.9,20490,1,卖盘
1980,13:22:39,204.9,61470,3,卖盘
1981,13:22:42,204.9,20490,1,卖盘
1982,13:22:48,204.9,204900,10,卖盘
1983,13:22:51,204.88,307336,15,卖盘
1984,13:22:54,204.87,81951,4,卖盘
1985,13:22:57,204.85,184370,9,卖盘
1986,13:23:00,204.86,102426,5,中性盘
1987,13:23:06,204.85,122910,6,卖盘
1988,13:23:12,204.85,61453,3,买盘
1989,13:23:15,204.84,81935,4,买盘
1990,13:23:21,204.84,40968,2,买盘
1991,13:23:24,204.84,20484,1,买盘
1992,13:23:27,204.83,81932,4,卖盘
1993,13:23:33,204.81,143378,7,卖盘
1994,13:23:39,204.84,61449,3,买盘
1995,13:23:45,204.81,102411,5,卖盘
1996,13:23:48,204.84,20484,1,中性盘
1997,13:23:51,204.8,20480,1,卖盘
1998,13:23:57,204.83,20483,1,买盘
1999,13:24:00,204.83,20483,1,买盘
2000,13:24:03,204.82,184343,9,卖盘
2001,13:24:09,204.85,81931,4,买盘
2002,13:24:12,204.86,61456,3,买盘
2003,13:24:18,204.86,20486,1,中性盘
2004,13:24:27,204.9,143420,7,买盘
2005,13:24:30,204.87,40975,2,卖盘
2006,13:24:39,204.87,20487,1,买盘
2007,13:24:42,204.86,20486,1,中性盘
2008,13:24:48,204.87,20487,1,买盘
2009,13:24:54,204.87,20487,1,买盘
2010,13:24:57,204.86,20486,1,中性盘
2011,13:25:06,204.86,20486,1,买盘
2012,13:25:09,204.86,20486,1,卖盘
2013,13:25:12,204.87,348279,17,买盘
2014,13:25:18,204.87,81949,4,卖盘
2015,13:25:21,204.86,20486,1,卖盘
2016,13:25:27,204.86,20486,1,卖盘
2017,13:25:33,204.86,225346,11,卖盘
2018,13:25:39,204.86,40972,2,卖盘
2019,13:25:45,204.86,20486,1,卖盘
2020,13:25:48,204.87,40974,2,买盘
2021,13:25:54,204.86,20486,1,卖盘
2022,13:26:00,204.86,20486,1,卖盘
2023,13:26:03,204.86,40973,2,卖盘
2024,13:26:06,204.87,122922,6,买盘
2025,13:26:09,204.88,20488,1,卖盘
2026,13:26:21,204.89,102445,5,买盘
2027,13:26:24,204.91,40982,2,买盘
2028,13:26:30,204.95,20495,1,买盘
2029,13:26:33,204.9,122940,6,买盘
2030,13:26:39,204.9,40980,2,买盘
2031,13:26:42,204.89,20489,1,卖盘
2032,13:26:48,204.88,61468,3,卖盘
2033,13:26:51,204.94,40988,2,买盘
2034,13:26:54,204.95,184455,9,买盘
2035,13:26:57,205.0,81998,4,买盘
2036,13:27:00,204.99,20499,1,买盘
2037,13:27:06,204.92,163944,8,卖盘
2038,13:27:09,204.93,40986,2,买盘
2039,13:27:12,204.89,40978,2,卖盘
2040,13:27:15,204.94,20494,1,卖盘
2041,13:27:27,204.98,40996,2,买盘
2042,13:27:33,204.96,40992,2,卖盘
2043,13:27:36,204.94,40990,2,卖盘
2044,13:27:39,204.99,122985,6,买盘
2045,13:27:57,204.99,40998,2,中性盘
2046,13:28:00,205.0,20500,1,买盘
2047,13:28:06,205.0,20500,1,买盘
2048,13:28:09,205.0,61500,3,买盘
2049,13:28:15,205.01,184503,9,买盘
2050,13:28:18,205.01,184499,9,买盘
2051,13:28:24,205.0,82002,4,买盘
2052,13:28:27,205.02,20502,1,买盘
2053,13:28:30,205.12,41021,2,买盘
2054,13:28:45,205.14,41014,2,买盘
2055,13:28:51,205.13,184599,9,买盘
2056,13:28:54,205.13,41025,2,买盘
2057,13:28:57,205.13,20513,1,中性盘
2058,13:29:03,204.99,81998,4,卖盘
2059,13:29:06,204.99,40998,2,卖盘
2060,13:29:09,204.96,245958,12,卖盘
2061,13:29:15,205.09,82036,4,买盘
2062,13:29:18,204.92,143458,7,卖盘
2063,13:29:30,205.09,41018,2,买盘
2064,13:29:33,205.05,41008,2,中性盘
2065,13:29:45,205.06,20506,1,买盘
2066,13:30:00,205.07,143546,7,买盘
2067,13:30:03,205.09,123055,6,中性盘
2068,13:30:12,205.11,41021,2,买盘
2069,13:30:21,205.01,41002,2,卖盘
2070,13:30:24,205.08,61527,3,中性盘
2071,13:30:36,205.1,20510,1,买盘
2072,13:30:48,205.11,20511,1,买盘
2073,13:30:51,205.04,20504,1,卖盘
2074,13:30:57,205.04,20504,1,卖盘
2075,13:31:03,205.03,143521,7,卖盘
2076,13:31:06,205.02,41005,2,卖盘
2077,13:31:09,205.02,184532,9,卖盘
2078,13:31:15,205.01,615113,30,卖盘
2079,13:31:18,205.01,41002,2,卖盘
2080,13:31:21,205.0,82000,4,卖盘
2081,13:31:24,205.0,102500,5,卖盘
2082,13:31:27,205.0,20500,1,卖盘
2083,13:31:30,204.96,20496,1,中性盘
2084,13:31:33,204.99,81996,4,买盘
2085,13:31:39,204.93,40986,2,卖盘
2086,13:31:45,204.93,20493,1,卖盘
2087,13:31:48,204.95,20495,1,买盘
2088,13:31:51,204.95,122969,6,买盘
2089,13:31:57,204.95,20495,1,卖盘
2090,13:32:00,204.99,61497,3,买盘
2091,13:32:03,204.99,40998,2,卖盘
2092,13:32:06,205.0,41000,2,买盘
2093,13:32:12,204.99,61504,3,卖盘
2094,13:32:15,205.05,61514,3,买盘
2095,13:32:18,205.02,20502,1,中性盘
2096,13:32:21,205.01,20501,1,中性盘
2097,13:32:24,205.05,123021,6,买盘
2098,13:32:27,205.05,41010,2,卖盘
2099,13:32:30,205.06,20506,1,买盘
2100,13:32:33,205.05,41010,2,卖盘
2101,13:32:36,205.05,61515,3,买盘
2102,13:32:39,205.04,20504,1,买盘
2103,13:32:42,205.04,20504,1,买盘
2104,13:32:48,205.03,164024,8,卖盘
2105,13:32:54,205.0,61501,3,卖盘
2106,13:33:03,205.01,61503,3,买盘
2107,13:33:06,205.01,102505,5,买盘
2108,13:33:09,205.0,246002,12,卖盘
2109,13:33:12,204.98,61495,3,卖盘
2110,13:33:15,204.98,20498,1,卖盘
2111,13:33:24,204.98,20498,1,卖盘
2112,13:33:30,204.98,20498,1,卖盘
2113,13:33:33,204.95,143480,7,卖盘
2114,13:33:36,204.99,102495,5,中性盘
2115,13:33:42,204.93,61479,3,卖盘
2116,13:33:51,204.93,40986,2,卖盘
2117,13:33:57,204.92,61476,3,卖盘
2118,13:34:03,204.9,102453,5,卖盘
2119,13:34:12,204.93,61479,3,买盘
2120,13:34:18,205.0,1024991,50,买盘
2121,13:34:21,205.01,61498,3,买盘
2122,13:34:24,205.03,41004,2,买盘
2123,13:34:33,205.01,41003,2,中性盘
2124,13:34:36,204.94,40997,2,卖盘
2125,13:34:39,204.94,40988,2,中性盘
2126,13:35:00,205.02,20502,1,买盘
2127,13:35:03,205.02,41003,2,买盘
2128,13:35:15,205.02,20502,1,卖盘
2129,13:35:27,205.0,143500,7,卖盘
2130,13:35:30,204.98,20498,1,卖盘
2131,13:35:36,204.98,20498,1,卖盘
2132,13:35:48,204.96,61491,3,中性盘
2133,13:36:00,204.99,20499,1,买盘
2134,13:36:03,204.96,61488,3,卖盘
2135,13:36:09,204.96,40992,2,中性盘
2136,13:36:15,204.96,20496,1,中性盘
2137,13:36:18,204.95,81980,4,卖盘
2138,13:36:21,204.95,40991,2,中性盘
2139,13:36:24,204.95,143467,7,买盘
2140,13:36:33,204.95,225446,11,卖盘
2141,13:36:45,204.93,61479,3,卖盘
2142,13:36:57,204.93,143450,7,卖盘
2143,13:37:00,204.93,61475,3,买盘
2144,13:37:03,204.91,184419,9,卖盘
2145,13:37:12,204.9,1065482,52,卖盘
2146,13:37:15,204.9,40980,2,卖盘
2147,13:37:18,204.9,20490,1,卖盘
2148,13:37:21,204.91,245886,12,买盘
2149,13:37:30,204.91,20491,1,买盘
2150,13:37:33,204.91,81964,4,买盘
2151,13:37:36,204.91,266375,13,买盘
2152,13:37:42,204.9,40981,2,卖盘
2153,13:37:45,204.91,20491,1,买盘
2154,13:37:51,204.9,81960,4,卖盘
2155,13:37:54,204.9,122940,6,卖盘
2156,13:37:57,204.9,184410,9,卖盘
2157,13:38:00,204.9,40980,2,卖盘
2158,13:38:03,204.9,40980,2,卖盘
2159,13:38:06,204.91,122944,6,买盘
2160,13:38:09,204.88,512228,25,卖盘
2161,13:38:12,204.85,225345,11,卖盘
2162,13:38:15,204.84,143393,7,卖盘
2163,13:38:18,204.84,40968,2,卖盘
2164,13:38:24,204.82,20482,1,卖盘
2165,13:38:27,204.8,184337,9,卖盘
2166,13:38:30,204.8,122880,6,卖盘
2167,13:38:33,204.8,184320,9,卖盘
2168,13:38:36,204.8,819200,40,卖盘
2169,13:38:39,204.79,102398,5,卖盘
2170,13:38:45,204.79,20479,1,买盘
2171,13:38:48,204.78,20478,1,卖盘
2172,13:38:51,204.76,20476,1,卖盘
2173,13:38:54,204.76,20476,1,卖盘
2174,13:39:00,204.76,102381,5,中性盘
2175,13:39:06,204.76,122855,6,买盘
2176,13:39:09,204.78,61434,3,买盘
2177,13:39:12,204.82,204804,10,买盘
2178,13:39:15,204.9,102425,5,买盘
2179,13:39:18,204.9,61470,3,买盘
2180,13:39:27,204.79,204791,10,卖盘
2181,13:39:30,204.91,61471,3,买盘
2182,13:39:48,204.84,61451,3,中性盘
2183,13:39:51,204.9,20490,1,买盘
2184,13:39:54,204.87,20487,1,中性盘
2185,13:40:06,204.9,20490,1,买盘
2186,13:40:09,204.89,20489,1,买盘
2187,13:40:18,204.91,184417,9,买盘
2188,13:40:21,204.94,61480,3,买盘
2189,13:40:27,204.93,20493,1,买盘
2190,13:40:30,204.95,61483,3,买盘
2191,13:40:33,204.95,286930,14,买盘
2192,13:40:36,204.95,40989,2,买盘
2193,13:40:39,204.94,20494,1,中性盘
2194,13:40:54,204.84,614609,30,卖盘
2195,13:41:00,204.84,61469,3,卖盘
2196,13:41:03,204.92,20492,1,买盘
2197,13:41:06,204.84,20484,1,卖盘
2198,13:41:09,204.92,20492,1,买盘
2199,13:41:15,204.84,61459,3,卖盘
2200,13:41:18,204.94,81970,4,买盘
2201,13:41:21,204.85,20485,1,中性盘
2202,13:41:24,204.95,245929,12,买盘
2203,13:41:27,204.98,245943,12,买盘
2204,13:41:30,205.0,41000,2,买盘
2205,13:41:36,205.01,41001,2,买盘
2206,13:41:42,204.95,40994,2,中性盘
2207,13:41:54,205.01,61500,3,买盘
2208,13:41:57,205.04,102513,5,买盘
2209,13:42:00,205.04,20504,1,买盘
2210,13:42:06,205.02,20502,1,中性盘
2211,13:42:12,204.95,164000,8,卖盘
2212,13:42:15,204.97,40998,2,中性盘
2213,13:42:18,204.97,20497,1,中性盘
2214,13:42:21,205.01,61493,3,买盘
2215,13:42:24,204.96,20496,1,买盘
2216,13:42:27,205.0,20500,1,中性盘
2217,13:42:33,205.01,41002,2,买盘
2218,13:42:42,205.0,20500,1,买盘
2219,13:42:48,204.97,81992,4,买盘
2220,13:42:54,205.02,102505,5,买盘
2221,13:42:57,205.0,20500,1,买盘
2222,13:43:00,205.02,20502,1,买盘
2223,13:43:15,204.96,40992,2,卖盘
2224,13:43:18,204.95,20495,1,卖盘
2225,13:43:21,204.95,163953,8,中性盘
2226,13:43:24,204.95,40991,2,中性盘
2227,13:43:27,204.89,122947,6,卖盘
2228,13:43:36,204.97,20497,1,中性盘
2229,13:43:42,204.9,20490,1,买盘
2230,13:43:45,204.91,61470,3,买盘
2231,13:43:48,204.97,40986,2,买盘
2232,13:43:51,204.97,102485,5,买盘
2233,13:43:54,205.0,20500,1,买盘
2234,13:43:57,205.0,41000,2,买盘
2235,13:44:06,204.98,122983,6,买盘
2236,13:44:09,204.98,81987,4,买盘
2237,13:44:12,204.99,81996,4,买盘
2238,13:44:15,205.0,81995,4,买盘
2239,13:44:21,204.91,20491,1,卖盘
2240,13:44:24,204.91,20491,1,卖盘
2241,13:44:27,204.99,61497,3,卖盘
2242,13:44:30,204.96,40993,2,卖盘
2243,13:44:33,204.88,61471,3,卖盘
2244,13:44:36,204.99,102483,5,中性盘
2245,13:44:42,204.92,40984,2,卖盘
2246,13:44:45,204.98,20498,1,买盘
2247,13:44:51,204.93,20493,1,卖盘
2248,13:44:54,204.97,40994,2,买盘
2249,13:44:57,204.98,20498,1,买盘
2250,13:45:00,204.97,61487,3,中性盘
2251,13:45:06,204.98,40998,2,卖盘
2252,13:45:09,205.04,102518,5,买盘
2253,13:45:15,205.04,20504,1,买盘
2254,13:45:18,205.05,20505,1,买盘
2255,13:45:21,205.03,20503,1,中性盘
2256,13:45:30,205.0,41001,2,中性盘
2257,13:45:33,205.02,20502,1,买盘
2258,13:45:39,205.02,20502,1,中性盘
2259,13:45:42,204.98,102508,5,卖盘
2260,13:45:48,205.05,41009,2,买盘
2261,13:45:51,205.02,20502,1,中性盘
2262,13:45:54,204.94,20494,1,卖盘
2263,13:46:00,205.05,41009,2,买盘
2264,13:46:03,205.05,40999,2,买盘
2265,13:46:06,205.04,20504,1,买盘
2266,13:46:12,205.03,20503,1,中性盘
2267,13:46:15,205.03,20503,1,中性盘
2268,13:46:24,205.04,143522,7,买盘
2269,13:46:27,205.03,61504,3,买盘
2270,13:46:33,204.94,40988,2,卖盘
2271,13:46:42,204.99,61491,3,买盘
2272,13:46:54,204.97,40995,2,中性盘
2273,13:47:03,204.96,40990,2,买盘
2274,13:47:06,204.97,61488,3,买盘
2275,13:47:12,204.92,143450,7,卖盘
2276,13:47:15,204.92,81969,4,卖盘
2277,13:47:18,204.92,40984,2,卖盘
2278,13:47:24,204.92,20492,1,卖盘
2279,13:47:27,204.93,20493,1,买盘
2280,13:47:30,204.93,40986,2,买盘
2281,13:47:33,204.92,61476,3,卖盘
2282,13:47:36,204.9,20490,1,卖盘
2283,13:47:39,204.9,40980,2,卖盘
2284,13:47:42,204.88,20488,1,卖盘
2285,13:47:45,204.88,20488,1,卖盘
2286,13:47:48,204.89,20489,1,买盘
2287,13:47:51,204.88,102440,5,卖盘
2288,13:47:57,204.88,20488,1,卖盘
2289,13:48:00,204.88,40977,2,卖盘
2290,13:48:03,204.92,102452,5,买盘
2291,13:48:06,204.89,20489,1,买盘
2292,13:48:12,204.91,61471,3,中性盘
2293,13:48:15,204.92,204919,10,买盘
2294,13:48:18,204.92,81965,4,买盘
2295,13:48:24,204.95,102462,5,买盘
2296,13:48:27,204.95,307425,15,买盘
2297,13:48:30,204.95,40990,2,买盘
2298,13:48:36,204.94,389403,19,中性盘
2299,13:48:39,204.95,40990,2,买盘
2300,13:48:42,204.95,20495,1,买盘
2301,13:48:51,204.93,20493,1,卖盘
2302,13:48:57,204.94,20494,1,买盘
2303,13:49:00,204.94,20494,1,买盘
2304,13:49:06,204.95,61483,3,买盘
2305,13:49:09,204.94,20494,1,买盘
2306,13:49:12,204.94,61481,3,卖盘
2307,13:49:18,204.93,20493,1,卖盘
2308,13:49:21,204.93,20493,1,卖盘
2309,13:49:24,204.91,61473,3,卖盘
2310,13:49:27,204.9,20490,1,卖盘
2311,13:49:33,204.9,20490,1,卖盘
2312,13:49:36,204.89,40979,2,卖盘
2313,13:49:42,204.88,225368,11,卖盘
2314,13:49:48,204.87,40975,2,卖盘
2315,13:49:51,204.87,20487,1,卖盘
2316,13:49:54,204.87,40974,2,卖盘
2317,13:49:57,204.86,61462,3,卖盘
2318,13:50:03,204.85,245836,12,卖盘
2319,13:50:06,204.84,20484,1,卖盘
2320,13:50:12,204.85,40969,2,中性盘
2321,13:50:15,204.81,245813,12,卖盘
2322,13:50:27,204.86,20486,1,买盘
2323,13:50:30,204.86,20486,1,买盘
2324,13:50:39,204.88,61463,3,买盘
2325,13:50:42,204.9,204897,10,买盘
2326,13:50:48,204.88,40977,2,卖盘
2327,13:50:57,204.92,20492,1,买盘
2328,13:51:00,204.88,81957,4,卖盘
2329,13:51:06,204.88,61464,3,卖盘
2330,13:51:15,204.92,20492,1,中性盘
2331,13:51:18,204.92,20492,1,中性盘
2332,13:51:30,204.88,20488,1,卖盘
2333,13:51:36,204.88,40976,2,卖盘
2334,13:51:42,204.9,20490,1,买盘
2335,13:51:45,204.93,61471,3,买盘
2336,13:51:48,204.91,20491,1,中性盘
2337,13:52:03,204.9,20490,1,卖盘
2338,13:52:06,204.9,20490,1,卖盘
2339,13:52:12,204.88,20488,1,卖盘
2340,13:52:15,204.91,102450,5,买盘
2341,13:52:18,204.88,81954,4,卖盘
2342,13:52:21,204.91,20491,1,中性盘
2343,13:52:27,204.88,143421,7,卖盘
2344,13:52:33,204.92,20492,1,买盘
2345,13:52:36,204.88,204881,10,卖盘
2346,13:52:48,204.89,20489,1,卖盘
2347,13:52:54,204.89,81956,4,卖盘
2348,13:53:00,204.88,102440,5,卖盘
2349,13:53:03,204.88,204880,10,卖盘
2350,13:53:06,204.87,40975,2,卖盘
2351,13:53:09,204.86,20486,1,卖盘
2352,13:53:12,204.86,143402,7,卖盘
2353,13:53:15,204.85,61455,3,卖盘
2354,13:53:21,204.82,20482,1,卖盘
2355,13:53:30,204.82,20482,1,卖盘
2356,13:53:33,204.82,20482,1,卖盘
2357,13:53:36,204.81,40962,2,卖盘
2358,13:53:45,204.82,61445,3,买盘
2359,13:53:48,204.81,20481,1,卖盘
2360,13:53:51,204.82,61446,3,买盘
2361,13:53:57,204.83,20483,1,卖盘
2362,13:54:00,204.84,20484,1,中性盘
2363,13:54:03,204.82,122893,6,卖盘
2364,13:54:06,204.82,40964,2,买盘
2365,13:54:09,204.81,184335,9,卖盘
2366,13:54:18,204.83,61447,3,买盘
2367,13:54:24,204.86,163880,8,买盘
2368,13:54:27,204.86,40972,2,买盘
2369,13:54:33,204.81,245775,12,卖盘
2370,13:54:39,204.82,61449,3,中性盘
2371,13:54:42,204.82,40964,2,买盘
2372,13:54:45,204.82,20482,1,买盘
2373,13:54:48,204.81,122888,6,卖盘
2374,13:54:54,204.85,61454,3,买盘
2375,13:54:57,204.83,20483,1,中性盘
2376,13:55:00,204.91,20491,1,买盘
2377,13:55:03,204.82,20482,1,卖盘
2378,13:55:12,204.84,307234,15,中性盘
2379,13:55:21,204.82,20482,1,卖盘
2380,13:55:24,204.88,61463,3,买盘
2381,13:55:30,204.89,20489,1,买盘
2382,13:55:33,204.91,184419,9,买盘
2383,13:55:45,204.91,450741,22,买盘
2384,13:55:54,204.88,102440,5,卖盘
2385,13:56:00,204.88,20488,1,卖盘
2386,13:56:03,204.89,102441,5,买盘
2387,13:56:06,204.91,102445,5,买盘
2388,13:56:09,204.9,20490,1,中性盘
2389,13:56:15,204.89,20489,1,卖盘
2390,13:56:24,204.89,20489,1,买盘
2391,13:56:30,204.89,40978,2,买盘
2392,13:56:33,204.89,20489,1,买盘
2393,13:56:36,204.88,225368,11,卖盘
2394,13:56:48,204.88,20488,1,卖盘
2395,13:56:51,204.88,696598,34,卖盘
2396,13:56:54,204.89,40975,2,中性盘
2397,13:57:06,204.86,40972,2,卖盘
2398,13:57:09,204.86,122916,6,卖盘
2399,13:57:12,204.85,40970,2,卖盘
2400,13:57:15,204.83,20483,1,卖盘
2401,13:57:18,204.82,225302,11,卖盘
2402,13:57:21,204.82,40964,2,卖盘
2403,13:57:24,204.82,40964,2,卖盘
2404,13:57:30,204.83,102412,5,买盘
2405,13:57:33,204.83,20483,1,卖盘
2406,13:57:39,204.85,163854,8,买盘
2407,13:57:42,204.82,20482,1,买盘
2408,13:57:48,204.81,307215,15,卖盘
2409,13:57:51,204.81,204811,10,卖盘
2410,13:57:54,204.81,122886,6,卖盘
2411,13:58:00,204.8,20480,1,卖盘
2412,13:58:03,204.8,20480,1,卖盘
2413,13:58:09,204.82,40964,2,买盘
2414,13:58:15,204.82,20482,1,买盘
2415,13:58:21,204.81,40962,2,卖盘
2416,13:58:24,204.81,40962,2,中性盘
2417,13:58:27,204.82,81928,4,买盘
2418,13:58:33,204.81,163848,8,卖盘
2419,13:58:42,204.81,81924,4,买盘
2420,13:58:45,204.81,102402,5,买盘
2421,13:58:51,204.81,40962,2,买盘
2422,13:58:54,204.81,40962,2,买盘
2423,13:58:57,204.81,20481,1,卖盘
2424,13:59:00,204.81,20481,1,卖盘
2425,13:59:03,204.81,61443,3,卖盘
2426,13:59:06,204.81,61443,3,卖盘
2427,13:59:09,204.8,102400,5,卖盘
2428,13:59:15,204.81,184327,9,买盘
2429,13:59:21,204.8,20480,1,卖盘
2430,13:59:24,204.81,20481,1,买盘
2431,13:59:27,204.8,368640,18,卖盘
2432,13:59:30,204.8,204800,10,卖盘
2433,13:59:33,204.81,81924,4,买盘
2434,13:59:36,204.81,20481,1,买盘
2435,13:59:39,204.8,61440,3,卖盘
2436,13:59:42,204.8,204800,10,卖盘
2437,13:59:45,204.81,184327,9,买盘
2438,13:59:48,204.8,81922,4,卖盘
2439,13:59:51,204.8,20480,1,买盘
2440,13:59:54,204.81,40962,2,买盘
2441,13:59:57,204.82,81928,4,买盘
2442,14:00:00,204.9,102433,5,买盘
2443,14:00:15,204.81,20481,1,卖盘
2444,14:00:27,204.83,20483,1,卖盘
2445,14:00:39,204.88,20488,1,买盘
2446,14:00:42,204.88,122920,6,买盘
2447,14:00:48,204.88,40976,2,买盘
2448,14:01:00,204.84,20484,1,买盘
2449,14:01:06,204.83,20483,1,卖盘
2450,14:01:12,204.89,61457,3,买盘
2451,14:01:24,204.89,20489,1,买盘
2452,14:01:30,204.83,20483,1,卖盘
2453,14:01:39,204.89,20489,1,买盘
2454,14:01:45,204.9,143425,7,买盘
2455,14:01:57,204.91,40981,2,买盘
2456,14:02:00,204.91,20491,1,买盘
2457,14:02:03,204.93,61475,3,买盘
2458,14:02:12,204.92,40984,2,中性盘
2459,14:02:36,204.93,20493,1,买盘
2460,14:02:39,204.93,266428,13,卖盘
2461,14:02:48,204.94,40988,2,买盘
2462,14:02:51,204.94,81976,4,买盘
2463,14:02:54,204.93,40987,2,卖盘
2464,14:02:57,204.95,81979,4,买盘
2465,14:03:03,204.94,20494,1,卖盘
2466,14:03:06,204.92,102463,5,卖盘
2467,14:03:09,204.91,40984,2,卖盘
2468,14:03:12,204.93,61479,3,买盘
2469,14:03:15,204.95,61481,3,买盘
2470,14:03:18,204.92,143445,7,卖盘
2471,14:03:21,204.92,20492,1,卖盘
2472,14:03:24,204.92,163934,8,卖盘
2473,14:03:27,204.9,245880,12,卖盘
2474,14:03:33,204.91,102453,5,买盘
2475,14:03:36,204.91,20491,1,卖盘
2476,14:03:42,204.89,81956,4,卖盘
2477,14:03:45,204.83,122899,6,卖盘
2478,14:03:48,204.83,40966,2,卖盘
2479,14:03:54,204.87,20487,1,中性盘
2480,14:03:57,204.88,102435,5,买盘
2481,14:04:00,204.88,20488,1,卖盘
2482,14:04:06,204.85,81949,4,卖盘
2483,14:04:12,204.85,40970,2,卖盘
2484,14:04:27,204.84,163868,8,买盘
2485,14:04:42,204.84,20484,1,卖盘
2486,14:04:45,204.82,245800,12,卖盘
2487,14:04:48,204.82,40964,2,卖盘
2488,14:04:57,204.82,20482,1,卖盘
2489,14:05:00,204.82,40964,2,买盘
2490,14:05:15,204.81,20481,1,卖盘
2491,14:05:18,204.81,512029,25,卖盘
2492,14:05:21,204.82,20482,1,买盘
2493,14:05:24,204.82,61446,3,买盘
2494,14:05:33,204.81,61443,3,卖盘
2495,14:05:36,204.81,61443,3,中性盘
2496,14:05:42,204.81,20481,1,卖盘
2497,14:05:45,204.81,102409,5,卖盘
2498,14:05:57,204.82,20482,1,买盘
2499,14:06:00,204.81,20481,1,卖盘
2500,14:06:03,204.82,61445,3,买盘
2501,14:06:09,204.81,204810,10,卖盘
2502,14:06:15,204.81,102405,5,买盘
2503,14:06:18,204.81,20481,1,买盘
2504,14:06:21,204.78,1720308,84,卖盘
2505,14:06:24,204.79,81913,4,中性盘
2506,14:06:27,204.77,20477,1,卖盘
2507,14:06:30,204.77,61432,3,卖盘
2508,14:06:33,204.77,40954,2,买盘
2509,14:06:39,204.76,102380,5,卖盘
2510,14:06:42,204.77,20477,1,买盘
2511,14:06:45,204.76,122856,6,卖盘
2512,14:06:48,204.75,20475,1,卖盘
2513,14:07:00,204.75,20475,1,卖盘
2514,14:07:03,204.75,122850,6,卖盘
2515,14:07:06,204.74,143318,7,卖盘
2516,14:07:12,204.72,122827,6,买盘
2517,14:07:18,204.71,102355,5,卖盘
2518,14:07:21,204.71,204710,10,卖盘
2519,14:07:24,204.72,102360,5,买盘
2520,14:07:27,204.74,204719,10,买盘
2521,14:07:30,204.75,40949,2,买盘
2522,14:07:36,204.71,81885,4,卖盘
2523,14:07:39,204.74,204739,10,买盘
2524,14:07:42,204.73,122837,6,买盘
2525,14:07:45,204.72,61416,3,卖盘
2526,14:07:51,204.72,20472,1,卖盘
2527,14:07:54,204.74,204738,10,买盘
2528,14:07:57,204.75,143319,7,买盘
2529,14:08:03,204.74,40949,2,卖盘
2530,14:08:06,204.75,81900,4,买盘
2531,14:08:12,204.75,204749,10,买盘
2532,14:08:15,204.76,20476,1,买盘
2533,14:08:24,204.76,61428,3,买盘
2534,14:08:27,204.76,20476,1,买盘
2535,14:08:30,204.76,40952,2,买盘
2536,14:08:33,204.76,40952,2,买盘
2537,14:08:36,204.75,20475,1,卖盘
2538,14:08:42,204.76,40952,2,买盘
2539,14:08:48,204.76,20476,1,买盘
2540,14:08:51,204.76,40952,2,买盘
2541,14:09:06,204.74,470925,23,卖盘
2542,14:09:09,204.74,81893,4,买盘
2543,14:09:12,204.72,225194,11,卖盘
2544,14:09:15,204.72,122837,6,卖盘
2545,14:09:21,204.71,61413,3,卖盘
2546,14:09:27,204.72,40944,2,卖盘
2547,14:09:33,204.72,40944,2,卖盘
2548,14:09:39,204.71,61415,3,卖盘
2549,14:09:42,204.71,245652,12,卖盘
2550,14:09:45,204.71,266123,13,卖盘
2551,14:09:48,204.71,20471,1,卖盘
2552,14:09:51,204.71,20471,1,卖盘
2553,14:09:54,204.71,61413,3,卖盘
2554,14:09:57,204.71,102356,5,卖盘
2555,14:10:00,204.71,61413,3,卖盘
2556,14:10:03,204.7,1269144,62,卖盘
2557,14:10:06,204.69,450300,22,中性盘
2558,14:10:09,204.68,81872,4,卖盘
2559,14:10:12,204.69,61407,3,买盘
2560,14:10:15,204.68,20468,1,卖盘
2561,14:10:18,204.66,1105266,54,卖盘
2562,14:10:24,204.66,163729,8,卖盘
2563,14:10:27,204.66,61398,3,卖盘
2564,14:10:30,204.67,122798,6,买盘
2565,14:10:33,204.67,61399,3,买盘
2566,14:10:36,204.66,40932,2,卖盘
2567,14:10:39,204.64,388844,19,卖盘
2568,14:10:42,204.64,20464,1,买盘
2569,14:10:45,204.63,102315,5,卖盘
2570,14:10:48,204.64,20464,1,买盘
2571,14:10:51,204.62,245546,12,卖盘
2572,14:10:57,204.62,163691,8,中性盘
2573,14:11:00,204.61,61383,3,卖盘
2574,14:11:03,204.62,122772,6,买盘
2575,14:11:09,204.61,61385,3,卖盘
2576,14:11:12,204.62,61385,3,买盘
2577,14:11:15,204.61,81845,4,卖盘
2578,14:11:18,204.61,102307,5,卖盘
2579,14:11:21,204.62,306918,15,买盘
2580,14:11:27,204.6,40920,2,卖盘
2581,14:11:33,204.6,61383,3,卖盘
2582,14:11:36,204.61,20461,1,卖盘
2583,14:11:39,204.61,61383,3,卖盘
2584,14:11:42,204.61,306915,15,买盘
2585,14:11:45,204.61,81841,4,中性盘
2586,14:11:48,204.61,143223,7,买盘
2587,14:11:51,204.61,81843,4,买盘
2588,14:11:54,204.61,40922,2,买盘
2589,14:11:57,204.61,40922,2,买盘
2590,14:12:00,204.61,40922,2,卖盘
2591,14:12:06,204.6,225073,11,卖盘
2592,14:12:09,204.61,122772,6,中性盘
2593,14:12:12,204.61,20461,1,买盘
2594,14:12:21,204.63,122771,6,买盘
2595,14:12:27,204.61,20461,1,卖盘
2596,14:12:33,204.61,20461,1,卖盘
2597,14:12:36,204.61,40923,2,卖盘
2598,14:12:39,204.61,163691,8,卖盘
2599,14:12:42,204.61,40922,2,卖盘
2600,14:12:45,204.62,81847,4,买盘
2601,14:12:48,204.61,102305,5,卖盘
2602,14:12:51,204.6,40920,2,卖盘
2603,14:12:57,204.61,40921,2,买盘
2604,14:13:00,204.6,61381,3,卖盘
2605,14:13:03,204.61,184149,9,买盘
2606,14:13:06,204.61,81844,4,买盘
2607,14:13:09,204.61,20461,1,中性盘
2608,14:13:12,204.61,163686,8,卖盘
2609,14:13:15,204.62,20462,1,买盘
2610,14:13:21,204.62,61384,3,买盘
2611,14:13:24,204.61,81844,4,卖盘
2612,14:13:27,204.61,40922,2,买盘
2613,14:13:30,204.6,102301,5,卖盘
2614,14:13:33,204.6,102301,5,卖盘
2615,14:13:36,204.61,81842,4,买盘
2616,14:13:39,204.6,470580,23,卖盘
2617,14:13:42,204.59,1759518,86,卖盘
2618,14:13:45,204.59,61377,3,卖盘
2619,14:13:51,204.59,40918,2,卖盘
2620,14:13:54,204.59,122754,6,买盘
2621,14:13:57,204.58,40916,2,卖盘
2622,14:14:00,204.58,81832,4,卖盘
2623,14:14:03,204.58,143207,7,卖盘
2624,14:14:06,204.58,184122,9,卖盘
2625,14:14:12,204.59,102292,5,买盘
2626,14:14:15,204.58,204587,10,卖盘
2627,14:14:18,204.59,81836,4,买盘
2628,14:14:21,204.59,20459,1,买盘
2629,14:14:27,204.59,40918,2,买盘
2630,14:14:30,204.59,20459,1,买盘
2631,14:14:33,204.58,61375,3,卖盘
2632,14:14:36,204.59,941114,46,买盘
2633,14:14:39,204.59,102295,5,卖盘
2634,14:14:45,204.59,81836,4,买盘
2635,14:14:48,204.59,40918,2,买盘
2636,14:14:51,204.59,122752,6,买盘
2637,14:14:54,204.59,40918,2,买盘
2638,14:14:57,204.59,102292,5,买盘
2639,14:15:00,204.58,81833,4,卖盘
2640,14:15:03,204.58,1247939,61,卖盘
2641,14:15:06,204.57,61371,3,卖盘
2642,14:15:09,204.57,143199,7,买盘
2643,14:15:12,204.57,40913,2,买盘
2644,14:15:15,204.57,40913,2,买盘
2645,14:15:18,204.57,184105,9,买盘
2646,14:15:21,204.57,61371,3,买盘
2647,14:15:24,204.56,40913,2,卖盘
2648,14:15:27,204.57,40913,2,买盘
2649,14:15:30,204.56,20456,1,卖盘
2650,14:15:33,204.57,61371,3,买盘
2651,14:15:36,204.56,40913,2,卖盘
2652,14:15:39,204.57,102281,5,买盘
2653,14:15:42,204.56,81824,4,卖盘
2654,14:15:45,204.55,81823,4,卖盘
2655,14:15:48,204.57,81825,4,买盘
2656,14:15:51,204.56,163641,8,买盘
2657,14:15:54,204.55,81820,4,买盘
2658,14:15:57,204.55,40910,2,买盘
2659,14:16:00,204.55,40910,2,买盘
2660,14:16:03,204.54,61362,3,卖盘
2661,14:16:06,204.55,429526,21,买盘
2662,14:16:09,204.53,245444,12,中性盘
2663,14:16:12,204.54,102266,5,买盘
2664,14:16:15,204.53,20453,1,买盘
2665,14:16:18,204.53,61359,3,买盘
2666,14:16:21,204.53,61359,3,买盘
2667,14:16:24,204.51,940761,46,卖盘
2668,14:16:27,204.49,2678917,131,卖盘
2669,14:16:30,204.46,1206546,59,卖盘
2670,14:16:33,204.51,245356,12,买盘
2671,14:16:36,204.52,81808,4,买盘
2672,14:16:39,204.51,122707,6,卖盘
2673,14:16:42,204.51,122708,6,卖盘
2674,14:16:48,204.46,61339,3,卖盘
2675,14:16:51,204.47,143128,7,买盘
2676,14:16:54,204.46,81784,4,中性盘
2677,14:17:00,204.47,20447,1,卖盘
2678,14:17:03,204.44,81776,4,卖盘
2679,14:17:06,204.42,224862,11,卖盘
2680,14:17:09,204.41,102207,5,卖盘
2681,14:17:12,204.41,40883,2,中性盘
2682,14:17:15,204.41,878963,43,卖盘
2683,14:17:21,204.41,163530,8,卖盘
2684,14:17:24,204.42,122647,6,买盘
2685,14:17:27,204.42,40884,2,买盘
2686,14:17:30,204.41,633673,31,卖盘
2687,14:17:33,204.41,61323,3,买盘
2688,14:17:36,204.4,183960,9,卖盘
2689,14:17:39,204.4,81760,4,卖盘
2690,14:17:42,204.41,81764,4,买盘
2691,14:17:45,204.4,143080,7,卖盘
2692,14:17:48,204.4,224840,11,卖盘
2693,14:17:51,204.4,20440,1,卖盘
2694,14:17:54,204.4,81760,4,卖盘
2695,14:17:57,204.41,61323,3,买盘
2696,14:18:00,204.4,40880,2,卖盘
2697,14:18:03,204.39,81756,4,卖盘
2698,14:18:06,204.38,143069,7,卖盘
2699,14:18:09,204.39,20439,1,买盘
2700,14:18:12,204.39,20439,1,买盘
2701,14:18:15,204.38,122628,6,卖盘
2702,14:18:21,204.38,204380,10,卖盘
2703,14:18:24,204.39,81756,4,买盘
2704,14:18:27,204.38,204381,10,卖盘
2705,14:18:30,204.37,20437,1,卖盘
2706,14:18:33,204.37,81748,4,买盘
2707,14:18:36,204.36,143052,7,卖盘
2708,14:18:39,204.38,204371,10,买盘
2709,14:18:45,204.37,61309,3,买盘
2710,14:18:48,204.35,408715,20,卖盘
2711,14:18:51,204.36,347400,17,买盘
2712,14:18:57,204.35,40870,2,卖盘
2713,14:19:00,204.34,122605,6,卖盘
2714,14:19:03,204.35,40870,2,中性盘
2715,14:19:06,204.34,613071,30,卖盘
2716,14:19:09,204.38,163486,8,买盘
2717,14:19:12,204.37,122622,6,中性盘
2718,14:19:18,204.37,40872,2,买盘
2719,14:19:21,204.35,81743,4,卖盘
2720,14:19:24,204.37,20437,1,中性盘
2721,14:19:27,204.37,61311,3,买盘
2722,14:19:30,204.37,40874,2,买盘
2723,14:19:36,204.4,40879,2,买盘
2724,14:19:39,204.39,61314,3,中性盘
2725,14:19:48,204.39,40877,2,买盘
2726,14:19:51,204.38,163509,8,卖盘
2727,14:19:54,204.37,61313,3,卖盘
2728,14:19:57,204.36,81746,4,卖盘
2729,14:20:00,204.36,122614,6,买盘
2730,14:20:03,204.35,81743,4,卖盘
2731,14:20:06,204.35,551744,27,买盘
2732,14:20:09,204.35,61305,3,买盘
2733,14:20:12,204.36,81744,4,买盘
2734,14:20:15,204.37,81751,4,中性盘
2735,14:20:18,204.4,61313,3,买盘
2736,14:20:21,204.39,61317,3,中性盘
2737,14:20:24,204.39,40876,2,买盘
2738,14:20:27,204.37,81751,4,卖盘
2739,14:20:30,204.39,102195,5,买盘
2740,14:20:33,204.37,122622,6,卖盘
2741,14:20:36,204.36,40872,2,卖盘
2742,14:20:39,204.36,81744,4,买盘
2743,14:20:42,204.36,122615,6,买盘
2744,14:20:45,204.35,61305,3,卖盘
2745,14:20:48,204.4,245238,12,买盘
2746,14:20:54,204.37,20437,1,卖盘
2747,14:20:57,204.36,20436,1,卖盘
2748,14:21:00,204.34,429136,21,卖盘
2749,14:21:03,204.34,40868,2,卖盘
2750,14:21:06,204.33,204330,10,卖盘
2751,14:21:09,204.33,40866,2,卖盘
2752,14:21:12,204.32,204320,10,卖盘
2753,14:21:15,204.32,347344,17,卖盘
2754,14:21:18,204.31,40863,2,卖盘
2755,14:21:21,204.32,143025,7,买盘
2756,14:21:24,204.31,960226,47,卖盘
2757,14:21:27,204.29,469891,23,卖盘
2758,14:21:30,204.29,40858,2,卖盘
2759,14:21:33,204.27,142993,7,卖盘
2760,14:21:36,204.27,40853,2,买盘
2761,14:21:39,204.26,102132,5,中性盘
2762,14:21:42,204.26,40853,2,卖盘
2763,14:21:48,204.26,204255,10,卖盘
2764,14:21:51,204.26,265539,13,买盘
2765,14:21:54,204.26,183839,9,买盘
2766,14:21:57,204.26,40852,2,卖盘
2767,14:22:00,204.26,122560,6,卖盘
2768,14:22:03,204.26,285964,14,卖盘
2769,14:22:06,204.26,122558,6,卖盘
2770,14:22:09,204.26,61278,3,买盘
2771,14:22:12,204.23,1143789,56,卖盘
2772,14:22:15,204.22,347174,17,卖盘
2773,14:22:18,204.22,204226,10,卖盘
2774,14:22:24,204.22,245064,12,卖盘
2775,14:22:27,204.22,142954,7,卖盘
2776,14:22:30,204.23,81692,4,买盘
2777,14:22:33,204.22,102110,5,卖盘
2778,14:22:36,204.22,40845,2,卖盘
2779,14:22:39,204.23,81691,4,买盘
2780,14:22:42,204.23,61269,3,买盘
2781,14:22:48,204.25,245098,12,买盘
2782,14:22:51,204.24,776147,38,中性盘
2783,14:22:54,204.25,40849,2,买盘
2784,14:22:57,204.24,61272,3,中性盘
2785,14:23:00,204.24,61272,3,买盘
2786,14:23:03,204.26,367637,18,买盘
2787,14:23:06,204.25,571920,28,中性盘
2788,14:23:09,204.29,20429,1,买盘
2789,14:23:12,204.29,61287,3,买盘
2790,14:23:15,204.25,102135,5,卖盘
2791,14:23:18,204.27,122562,6,卖盘
2792,14:23:21,204.25,102129,5,卖盘
2793,14:23:24,204.25,61278,3,卖盘
2794,14:23:27,204.27,102135,5,中性盘
2795,14:23:30,204.26,163410,8,卖盘
2796,14:23:33,204.26,653601,32,中性盘
2797,14:23:36,204.22,1654231,81,卖盘
2798,14:23:39,204.21,183791,9,卖盘
2799,14:23:42,204.2,40841,2,卖盘
2800,14:23:45,204.21,122522,6,买盘
2801,14:23:48,204.2,81680,4,卖盘
2802,14:23:51,204.22,142948,7,买盘
2803,14:23:54,204.2,61260,3,卖盘
2804,14:23:57,204.2,20420,1,买盘
2805,14:24:00,204.19,20419,1,卖盘
2806,14:24:03,204.16,1306754,64,卖盘
2807,14:24:06,204.13,204126,10,卖盘
2808,14:24:09,204.1,469441,23,卖盘
2809,14:24:12,204.08,489797,24,卖盘
2810,14:24:15,204.06,326527,16,卖盘
2811,14:24:18,204.06,142842,7,卖盘
2812,14:24:21,204.06,224466,11,卖盘
2813,14:24:24,204.04,285677,14,卖盘
2814,14:24:27,204.04,224454,11,卖盘
2815,14:24:30,204.04,142828,7,卖盘
2816,14:24:33,204.04,40809,2,卖盘
2817,14:24:36,204.04,244849,12,卖盘
2818,14:24:39,204.05,61215,3,买盘
2819,14:24:42,204.04,20404,1,买盘
2820,14:24:45,204.05,204037,10,买盘
2821,14:24:48,204.05,13219310,648,买盘
2822,14:24:51,204.06,306088,15,买盘
2823,14:24:54,204.05,102026,5,卖盘
2824,14:25:00,204.05,204062,10,卖盘
2825,14:25:03,204.07,428545,21,买盘
2826,14:25:06,204.07,61217,3,买盘
2827,14:25:09,204.13,102063,5,买盘
2828,14:25:12,204.14,183681,9,买盘
2829,14:25:15,204.03,1061061,52,卖盘
2830,14:25:18,204.02,204008,10,中性盘
2831,14:25:21,203.99,40798,2,中性盘
2832,14:25:24,204.0,102004,5,卖盘
2833,14:25:27,204.01,20401,1,买盘
2834,14:25:30,204.01,591612,29,买盘
2835,14:25:33,204.0,204002,10,卖盘
2836,14:25:36,204.01,81604,4,卖盘
2837,14:25:39,204.01,20401,1,卖盘
2838,14:25:42,204.02,20402,1,买盘
2839,14:25:45,204.01,61203,3,卖盘
2840,14:25:48,204.02,367220,18,买盘
2841,14:25:51,204.02,346835,17,卖盘
2842,14:25:54,204.02,20402,1,卖盘
2843,14:26:00,204.0,244809,12,卖盘
2844,14:26:03,204.03,40804,2,买盘
2845,14:26:06,204.05,244858,12,买盘
2846,14:26:09,204.05,20405,1,买盘
2847,14:26:12,204.04,102020,5,卖盘
2848,14:26:15,204.03,20403,1,卖盘
2849,14:26:18,204.05,285663,14,买盘
2850,14:26:21,204.03,40806,2,卖盘
2851,14:26:24,204.03,61210,3,中性盘
2852,14:26:27,204.02,1448483,71,卖盘
2853,14:26:30,204.01,102006,5,卖盘
2854,14:26:33,204.02,61205,3,买盘
2855,14:26:36,204.01,81607,4,卖盘
2856,14:26:39,204.02,102009,5,买盘
2857,14:26:42,204.01,61203,3,卖盘
2858,14:26:45,204.01,40803,2,卖盘
2859,14:26:51,204.02,142814,7,买盘
2860,14:26:54,204.03,244825,12,买盘
2861,14:26:57,204.02,61204,3,中性盘
2862,14:27:00,204.02,204021,10,卖盘
2863,14:27:03,204.01,122411,6,卖盘
2864,14:27:06,204.02,122412,6,买盘
2865,14:27:09,204.02,81608,4,买盘
2866,14:27:12,204.02,265234,13,买盘
2867,14:27:15,204.02,102010,5,买盘
2868,14:27:18,204.02,163216,8,买盘
2869,14:27:24,204.02,40805,2,卖盘
2870,14:27:27,204.02,81611,4,卖盘
2871,14:27:33,204.03,20403,1,卖盘
2872,14:27:36,204.02,40804,2,卖盘
2873,14:27:39,204.03,40806,2,中性盘
2874,14:27:45,204.03,142821,7,卖盘
2875,14:27:48,204.03,142820,7,买盘
2876,14:27:51,204.03,20403,1,买盘
2877,14:27:54,204.03,20403,1,买盘
2878,14:27:57,204.03,81610,4,买盘
2879,14:28:00,204.04,40806,2,买盘
2880,14:28:06,204.02,448856,22,卖盘
2881,14:28:09,204.02,40804,2,买盘
2882,14:28:12,204.02,142814,7,买盘
2883,14:28:15,204.02,61206,3,买盘
2884,14:28:18,204.02,40804,2,买盘
2885,14:28:21,204.01,102009,5,卖盘
2886,14:28:24,204.04,20404,1,买盘
2887,14:28:27,204.04,20404,1,买盘
2888,14:28:30,204.01,20401,1,卖盘
2889,14:28:36,204.03,163218,8,买盘
2890,14:28:39,204.03,183630,9,卖盘
2891,14:28:42,204.03,163220,8,买盘
2892,14:28:45,204.04,81615,4,买盘
2893,14:28:48,204.05,20405,1,买盘
2894,14:28:54,204.03,61211,3,卖盘
2895,14:28:57,204.05,40810,2,买盘
2896,14:29:00,204.05,142835,7,买盘
2897,14:29:03,204.03,61213,3,卖盘
2898,14:29:06,204.02,102015,5,卖盘
2899,14:29:09,204.04,61212,3,买盘
2900,14:29:12,204.04,40808,2,买盘
2901,14:29:15,204.05,81620,4,买盘
2902,14:29:18,204.05,163240,8,买盘
2903,14:29:21,204.05,81620,4,买盘
2904,14:29:24,204.05,61214,3,买盘
2905,14:29:27,204.05,20405,1,买盘
2906,14:29:30,204.05,20405,1,买盘
2907,14:29:33,204.05,20405,1,买盘
2908,14:29:36,204.05,346885,17,买盘
2909,14:29:39,204.05,469301,23,买盘
2910,14:29:42,204.05,163238,8,买盘
2911,14:29:45,204.0,2019683,99,卖盘
2912,14:29:48,204.05,877382,43,买盘
2913,14:29:51,204.05,408097,20,买盘
2914,14:29:54,204.05,265265,13,买盘
2915,14:29:57,204.05,122430,6,买盘
2916,14:30:00,204.15,2652703,130,买盘
2917,14:30:03,204.24,122541,6,买盘
2918,14:30:06,204.33,306459,15,买盘
2919,14:30:09,204.26,102124,5,中性盘
2920,14:30:12,204.21,142947,7,卖盘
2921,14:30:15,204.07,142919,7,中性盘
2922,14:30:24,204.07,20407,1,卖盘
2923,14:30:27,204.24,40844,2,买盘
2924,14:30:30,204.2,20420,1,中性盘
2925,14:30:39,204.24,102116,5,买盘
2926,14:30:42,204.24,183816,9,中性盘
2927,14:30:48,204.1,306198,15,卖盘
2928,14:30:51,204.2,81669,4,买盘
2929,14:30:54,204.1,40825,2,中性盘
2930,14:30:57,204.09,102045,5,卖盘
2931,14:31:00,204.09,81636,4,买盘
2932,14:31:06,204.1,20410,1,中性盘
2933,14:31:09,204.2,81670,4,买盘
2934,14:31:12,204.21,61260,3,买盘
2935,14:31:18,204.28,40848,2,中性盘
2936,14:31:21,204.28,81687,4,卖盘
2937,14:31:27,204.27,20427,1,买盘
2938,14:31:30,204.12,81662,4,卖盘
2939,14:31:33,204.11,81648,4,卖盘
2940,14:31:39,204.12,20412,1,卖盘
2941,14:31:48,204.14,40827,2,买盘
2942,14:31:54,204.15,20415,1,卖盘
2943,14:31:57,204.14,61242,3,卖盘
2944,14:32:06,204.22,20422,1,买盘
2945,14:32:09,204.21,20421,1,中性盘
2946,14:32:15,204.15,102075,5,卖盘
2947,14:32:18,204.15,61245,3,买盘
2948,14:32:24,204.15,40830,2,买盘
2949,14:32:27,204.13,40826,2,卖盘
2950,14:32:30,204.11,428656,21,卖盘
2951,14:32:33,204.11,306166,15,卖盘
2952,14:32:36,204.1,61232,3,卖盘
2953,14:32:39,204.12,40824,2,买盘
2954,14:32:42,204.12,40824,2,卖盘
2955,14:32:51,204.12,20412,1,卖盘
2956,14:32:57,204.12,61238,3,卖盘
2957,14:33:00,204.13,61239,3,买盘
2958,14:33:03,204.15,285810,14,买盘
2959,14:33:09,204.13,81655,4,卖盘
2960,14:33:15,204.13,20413,1,卖盘
2961,14:33:18,204.14,61242,3,买盘
2962,14:33:21,204.13,81654,4,卖盘
2963,14:33:24,204.13,20413,1,卖盘
2964,14:33:27,204.14,20414,1,买盘
2965,14:33:30,204.14,102070,5,买盘
2966,14:33:33,204.15,61245,3,买盘
2967,14:33:36,204.15,20415,1,买盘
2968,14:33:42,204.14,20414,1,卖盘
2969,14:33:45,204.15,20415,1,买盘
2970,14:33:51,204.15,20415,1,买盘
2971,14:33:54,204.22,102091,5,买盘
2972,14:33:57,204.14,244969,12,卖盘
2973,14:34:03,204.14,61243,3,卖盘
2974,14:34:06,204.14,102069,5,买盘
2975,14:34:09,204.15,40829,2,买盘
2976,14:34:18,204.15,20415,1,买盘
2977,14:34:24,204.14,102073,5,卖盘
2978,14:34:27,204.14,367452,18,卖盘
2979,14:34:30,204.13,81652,4,卖盘
2980,14:34:33,204.14,163316,8,买盘
2981,14:34:36,204.16,20416,1,买盘
2982,14:34:39,204.13,163305,8,卖盘
2983,14:34:42,204.16,20416,1,买盘
2984,14:34:48,204.17,102083,5,买盘
2985,14:34:57,204.18,81672,4,买盘
2986,14:35:00,204.18,20418,1,中性盘
2987,14:35:03,204.17,142920,7,卖盘
2988,14:35:06,204.17,61251,3,买盘
2989,14:35:09,204.17,61251,3,买盘
2990,14:35:12,204.16,102081,5,卖盘
2991,14:35:15,204.13,489926,24,卖盘
2992,14:35:18,204.14,122480,6,买盘
2993,14:35:21,204.12,163301,8,卖盘
2994,14:35:27,204.14,61239,3,买盘
2995,14:35:30,204.12,20412,1,卖盘
2996,14:35:36,204.13,40826,2,买盘
2997,14:35:39,204.13,122473,6,买盘
2998,14:35:42,204.12,61238,3,卖盘
2999,14:35:45,204.12,122473,6,卖盘
3000,14:35:51,204.12,122471,6,买盘
3001,14:35:54,204.12,20412,1,卖盘
3002,14:35:57,204.12,40824,2,卖盘
3003,14:36:00,204.12,81648,4,卖盘
3004,14:36:03,204.11,20411,1,卖盘
3005,14:36:09,204.11,183699,9,卖盘
3006,14:36:12,204.1,653125,32,卖盘
3007,14:36:15,204.1,40821,2,卖盘
3008,14:36:18,204.11,326562,16,买盘
3009,14:36:21,204.1,81640,4,卖盘
3010,14:36:24,204.09,20409,1,卖盘
3011,14:36:27,204.1,20410,1,买盘
3012,14:36:30,204.1,61228,3,买盘
3013,14:36:33,204.1,81640,4,买盘
3014,14:36:36,204.09,40818,2,卖盘
3015,14:36:39,204.09,20409,1,卖盘
3016,14:36:45,204.07,408168,20,卖盘
3017,14:36:48,204.09,387758,19,买盘
3018,14:36:51,204.06,61220,3,卖盘
3019,14:36:54,204.05,102025,5,卖盘
3020,14:36:57,204.04,61214,3,卖盘
3021,14:37:00,204.03,81614,4,卖盘
3022,14:37:03,204.03,20403,1,卖盘
3023,14:37:06,204.04,20404,1,卖盘
3024,14:37:09,204.03,20403,1,卖盘
3025,14:37:12,204.03,20403,1,卖盘
3026,14:37:15,204.04,122422,6,中性盘
3027,14:37:21,204.03,102015,5,卖盘
3028,14:37:24,204.02,61208,3,卖盘
3029,14:37:27,204.02,183624,9,卖盘
3030,14:37:30,204.03,20403,1,买盘
3031,14:37:33,204.02,61207,3,卖盘
3032,14:37:36,204.04,163228,8,买盘
3033,14:37:42,204.05,183643,9,买盘
3034,14:37:45,204.05,81620,4,买盘
3035,14:37:48,204.04,61214,3,卖盘
3036,14:37:51,204.05,102023,5,买盘
3037,14:37:57,204.07,102027,5,买盘
3038,14:38:06,204.08,224478,11,买盘
3039,14:38:09,204.08,20408,1,买盘
3040,14:38:12,204.08,81629,4,买盘
3041,14:38:18,204.07,61221,3,卖盘
3042,14:38:21,204.07,306107,15,卖盘
3043,14:38:24,204.06,102031,5,卖盘
3044,14:38:30,204.05,40811,2,卖盘
3045,14:38:33,204.05,571341,28,卖盘
3046,14:38:36,204.04,40808,2,卖盘
3047,14:38:39,204.04,142831,7,卖盘
3048,14:38:42,204.04,40808,2,卖盘
3049,14:38:45,204.05,204047,10,买盘
3050,14:38:48,204.05,20405,1,买盘
3051,14:38:51,204.03,102018,5,卖盘
3052,14:38:54,204.04,204033,10,买盘
3053,14:38:57,204.03,326457,16,卖盘
3054,14:39:06,204.03,244835,12,买盘
3055,14:39:09,204.02,204022,10,卖盘
3056,14:39:12,204.02,20402,1,卖盘
3057,14:39:15,204.02,102010,5,卖盘
3058,14:39:18,204.02,81611,4,卖盘
3059,14:39:21,204.03,183622,9,买盘
3060,14:39:24,204.03,142821,7,买盘
3061,14:39:27,204.02,285639,14,卖盘
3062,14:39:30,204.03,102014,5,买盘
3063,14:39:33,204.03,40806,2,买盘
3064,14:39:36,204.02,1081309,53,卖盘
3065,14:39:39,204.02,81607,4,买盘
3066,14:39:42,204.02,81608,4,买盘
3067,14:39:45,204.02,102008,5,买盘
3068,14:39:48,204.02,326420,16,买盘
3069,14:39:51,204.01,163210,8,卖盘
3070,14:39:54,204.02,142808,7,买盘
3071,14:39:57,204.01,20401,1,卖盘
3072,14:40:00,204.0,81603,4,卖盘
3073,14:40:03,204.0,428403,21,卖盘
3074,14:40:06,204.0,632406,31,卖盘
3075,14:40:09,204.01,489619,24,买盘
3076,14:40:12,204.0,2060411,101,卖盘
3077,14:40:15,204.0,224393,11,买盘
3078,14:40:18,204.0,754747,37,买盘
3079,14:40:21,203.98,20398,1,中性盘
3080,14:40:24,203.98,20398,1,买盘
3081,14:40:27,203.97,61193,3,卖盘
3082,14:40:30,203.98,163180,8,买盘
3083,14:40:33,203.98,203978,10,买盘
3084,14:40:36,203.98,101990,5,买盘
3085,14:40:42,203.98,305970,15,卖盘
3086,14:40:48,203.98,20398,1,卖盘
3087,14:40:51,203.97,244771,12,卖盘
3088,14:40:54,203.98,183581,9,买盘
3089,14:41:00,203.96,489524,24,卖盘
3090,14:41:03,203.94,489478,24,卖盘
3091,14:41:06,203.94,591444,29,卖盘
3092,14:41:09,203.93,326292,16,卖盘
3093,14:41:12,203.94,163145,8,买盘
3094,14:41:15,203.92,40784,2,卖盘
3095,14:41:18,203.91,122350,6,卖盘
3096,14:41:21,203.92,101960,5,买盘
3097,14:41:24,203.91,203913,10,卖盘
3098,14:41:27,203.91,61173,3,买盘
3099,14:41:30,203.91,61173,3,买盘
3100,14:41:33,203.91,101951,5,买盘
3101,14:41:36,203.9,407801,20,卖盘
3102,14:41:39,203.9,550536,27,卖盘
3103,14:41:42,203.9,305852,15,卖盘
