,成交时间,成交价格,成交金额,成交量,性质
0,09:25:00,34.18,14564098,4261,卖盘
1,09:30:00,34.16,17086,5,卖盘
2,09:30:03,34.15,1239919,363,卖盘
3,09:30:06,34.14,3773983,1105,买盘
4,09:30:09,34.18,3662749,1073,买盘
5,09:30:12,34.1,2123642,622,卖盘
6,09:30:15,34.15,1109590,325,买盘
7,09:30:18,34.15,3903350,1143,买盘
8,09:30:21,34.1,1491365,437,卖盘
9,09:30:24,34.14,1539803,451,买盘
10,09:30:27,34.14,693197,203,卖盘
11,09:30:30,34.2,2638867,772,买盘
12,09:30:33,34.2,2182872,638,卖盘
13,09:30:36,34.2,348804,102,卖盘
14,09:30:39,34.26,297610,87,买盘
15,09:30:42,34.27,2485388,725,买盘
16,09:30:45,34.33,1159985,338,买盘
17,09:30:48,34.34,600894,175,买盘
18,09:30:51,34.33,693774,202,卖盘
19,09:30:54,34.35,333220,97,买盘
20,09:30:57,34.33,4330541,1261,卖盘
21,09:31:00,34.36,1226549,357,买盘
22,09:31:03,34.34,1123496,327,卖盘
23,09:31:06,34.36,456870,133,买盘
24,09:31:09,34.36,879207,256,买盘
25,09:31:12,34.37,3089254,899,买盘
26,09:31:15,34.39,1190018,346,买盘
27,09:31:18,34.37,742867,216,卖盘
28,09:31:21,34.47,3779982,1097,买盘
29,09:31:24,34.43,1188253,345,卖盘
30,09:31:27,34.49,6128428,1777,买盘
31,09:31:30,34.53,458813,133,买盘
32,09:31:33,34.48,735153,213,卖盘
33,09:31:36,34.48,800603,232,买盘
34,09:31:39,34.48,3353388,973,买盘
35,09:31:42,34.4,3367427,977,卖盘
36,09:31:45,34.36,1420298,413,卖盘
37,09:31:48,34.4,659954,192,买盘
38,09:31:51,34.39,560025,163,买盘
39,09:31:54,34.39,1127373,328,买盘
40,09:31:57,34.34,1961693,570,卖盘
41,09:32:00,34.38,982552,286,中性盘
42,09:32:03,34.35,1193471,348,卖盘
43,09:32:06,34.39,1854687,539,买盘
44,09:32:09,34.37,847204,247,卖盘
45,09:32:12,34.35,990152,288,卖盘
46,09:32:15,34.33,1646066,479,卖盘
47,09:32:18,34.34,1565464,456,买盘
48,09:32:21,34.32,2171254,633,中性盘
49,09:32:24,34.34,1547277,451,买盘
50,09:32:27,34.3,2501639,729,卖盘
51,09:32:30,34.33,1421059,414,买盘
52,09:32:33,34.35,895902,261,买盘
53,09:32:36,34.35,439625,128,卖盘
54,09:32:39,34.35,601304,175,卖盘
55,09:32:42,34.39,605009,176,买盘
56,09:32:45,34.4,705020,205,买盘
57,09:32:48,34.4,335280,97,买盘
58,09:32:51,34.4,1150994,335,卖盘
59,09:32:54,34.4,2424492,705,买盘
60,09:32:57,34.39,749679,218,买盘
61,09:33:00,34.34,4182320,1217,卖盘
62,09:33:03,34.34,1199314,349,卖盘
63,09:33:06,34.37,243894,71,买盘
64,09:33:09,34.37,415769,121,中性盘
65,09:33:12,34.4,804531,234,买盘
66,09:33:15,34.38,574305,167,卖盘
67,09:33:18,34.38,862854,251,买盘
68,09:33:21,34.4,476226,138,买盘
69,09:33:24,34.4,1286667,374,卖盘
70,09:33:27,34.39,1921991,559,卖盘
71,09:33:30,34.38,693212,202,卖盘
72,09:33:33,34.4,1152228,335,买盘
73,09:33:36,34.38,1155165,336,卖盘
74,09:33:39,34.39,1337733,389,买盘
75,09:33:42,34.41,2778724,808,买盘
76,09:33:45,34.41,1608778,467,买盘
77,09:33:48,34.43,447405,130,买盘
78,09:33:51,34.43,685044,199,买盘
79,09:33:54,34.44,1232443,358,买盘
80,09:33:57,34.45,957365,278,买盘
81,09:34:00,34.42,826521,240,卖盘
82,09:34:03,34.36,3689334,1073,卖盘
83,09:34:06,34.4,2100204,611,买盘
84,09:34:09,34.38,226925,66,中性盘
85,09:34:12,34.38,491539,143,买盘
86,09:34:15,34.38,1137850,331,中性盘
87,09:34:18,34.39,553487,161,买盘
88,09:34:21,34.36,3364716,979,卖盘
89,09:34:24,34.39,615479,179,买盘
90,09:34:27,34.4,478096,139,买盘
91,09:34:30,34.4,161646,47,买盘
92,09:34:33,34.39,481650,140,卖盘
93,09:34:36,34.39,993931,289,卖盘
94,09:34:39,34.36,924940,269,卖盘
95,09:34:42,34.36,570843,166,卖盘
96,09:34:45,34.4,526128,153,买盘
97,09:34:48,34.38,419356,122,中性盘
98,09:34:51,34.4,863084,251,买盘
99,09:34:54,34.42,626244,182,买盘
100,09:34:57,34.41,2284061,664,卖盘
101,09:35:00,34.41,764434,222,卖盘
102,09:35:03,34.42,503263,146,买盘
103,09:35:06,34.42,1126107,327,卖盘
104,09:35:09,34.47,1094933,318,买盘
105,09:35:12,34.44,303189,88,中性盘
106,09:35:15,34.49,2897660,840,买盘
107,09:35:18,34.51,2069726,600,买盘
108,09:35:21,34.51,210453,61,买盘
109,09:35:24,34.49,724597,210,卖盘
110,09:35:27,34.51,1145400,332,买盘
111,09:35:30,34.49,1145183,332,卖盘
112,09:35:33,34.49,2073242,601,买盘
113,09:35:36,34.49,1214011,352,买盘
114,09:35:39,34.47,796357,231,卖盘
115,09:35:42,34.49,1441086,418,买盘
116,09:35:45,34.47,6197971,1800,买盘
117,09:35:48,34.43,947783,275,卖盘
118,09:35:51,34.47,3145938,913,买盘
119,09:35:54,34.44,1588495,461,中性盘
120,09:35:57,34.45,3549661,1030,中性盘
121,09:36:00,34.37,1768515,514,卖盘
122,09:36:03,34.41,457514,133,买盘
123,09:36:06,34.37,4265999,1242,买盘
124,09:36:09,34.36,563541,164,中性盘
125,09:36:12,34.36,257696,75,买盘
126,09:36:15,34.35,567067,165,卖盘
127,09:36:18,34.35,765850,223,卖盘
128,09:36:21,34.33,1438539,419,卖盘
129,09:36:24,34.26,6502635,1896,卖盘
130,09:36:27,34.23,821937,240,卖盘
131,09:36:30,34.23,1156880,338,卖盘
132,09:36:33,34.22,893419,261,卖盘
133,09:36:36,34.21,951493,278,卖盘
134,09:36:39,34.23,1786361,522,买盘
135,09:36:42,34.22,1225727,358,中性盘
136,09:36:45,34.23,1070957,313,中性盘
137,09:36:48,34.23,1748556,511,卖盘
138,09:36:51,34.21,756406,221,卖盘
139,09:36:54,34.22,2518425,736,买盘
140,09:36:57,34.21,297672,87,卖盘
141,09:37:00,34.2,1812571,530,卖盘
142,09:37:03,34.2,721724,211,买盘
143,09:37:06,34.2,236014,69,卖盘
144,09:37:09,34.2,974889,285,卖盘
145,09:37:12,34.21,301009,88,买盘
146,09:37:15,34.23,212126,62,买盘
147,09:37:18,34.23,386629,113,买盘
148,09:37:21,34.21,420930,123,卖盘
149,09:37:24,34.21,2295822,671,卖盘
150,09:37:27,34.23,564627,165,买盘
151,09:37:30,34.21,588611,172,卖盘
152,09:37:33,34.23,592098,173,买盘
153,09:37:36,34.21,633151,185,卖盘
154,09:37:39,34.21,4234294,1238,卖盘
155,09:37:42,34.22,722008,211,买盘
156,09:37:45,34.23,715343,209,买盘
157,09:37:48,34.22,910223,266,卖盘
158,09:37:51,34.22,2223950,650,买盘
159,09:37:54,34.23,1269465,371,买盘
160,09:37:57,34.22,701572,205,卖盘
161,09:38:00,34.23,332043,97,买盘
162,09:38:03,34.23,308108,90,卖盘
163,09:38:06,34.24,222527,65,买盘
164,09:38:09,34.24,486261,142,卖盘
165,09:38:12,34.25,428208,125,中性盘
166,09:38:15,34.28,246703,72,买盘
167,09:38:18,34.26,373523,109,卖盘
168,09:38:21,34.29,1330670,388,买盘
169,09:38:24,34.3,589935,172,买盘
170,09:38:27,34.29,2438526,711,卖盘
171,09:38:30,34.3,281211,82,买盘
172,09:38:33,34.3,445788,130,买盘
173,09:38:36,34.29,473262,138,卖盘
174,09:38:39,34.29,949938,277,买盘
175,09:38:42,34.29,4873954,1421,卖盘
176,09:38:45,34.28,607007,177,卖盘
177,09:38:48,34.28,517721,151,卖盘
178,09:38:51,34.28,555411,162,卖盘
179,09:38:54,34.3,473263,138,买盘
180,09:38:57,34.29,339475,99,卖盘
181,09:39:00,34.29,751086,219,卖盘
182,09:39:03,34.28,1474159,430,卖盘
183,09:39:06,34.28,600078,175,卖盘
184,09:39:09,34.38,4326556,1261,买盘
185,09:39:12,34.33,480716,140,卖盘
186,09:39:15,34.35,65225,19,买盘
187,09:39:18,34.31,109894,32,卖盘
188,09:39:21,34.35,68686,20,买盘
189,09:39:24,34.35,182064,53,卖盘
190,09:39:27,34.36,195817,57,买盘
191,09:39:30,34.33,724761,211,卖盘
192,09:39:33,34.34,54949,16,中性盘
193,09:39:36,34.33,288450,84,卖盘
194,09:39:39,34.33,178598,52,卖盘
195,09:39:42,34.34,164824,48,中性盘
196,09:39:45,34.36,1339243,390,买盘
197,09:39:48,34.36,109957,32,卖盘
198,09:39:51,34.36,323014,94,卖盘
199,09:39:54,34.37,759443,221,买盘
200,09:39:57,34.37,206149,60,买盘
201,09:40:00,34.33,247303,72,卖盘
202,09:40:03,34.32,394815,115,卖盘
203,09:40:06,34.32,109864,32,卖盘
204,09:40:09,34.32,168229,49,卖盘
205,09:40:12,34.32,2110145,615,卖盘
206,09:40:15,34.3,2293923,668,卖盘
207,09:40:18,34.31,346483,101,中性盘
208,09:40:21,34.31,54899,16,卖盘
209,09:40:24,34.32,1221640,356,买盘
210,09:40:27,34.32,277914,81,中性盘
211,09:40:30,34.32,964205,281,中性盘
212,09:40:33,34.29,1416638,413,卖盘
213,09:40:36,34.27,1275471,372,卖盘
214,09:40:39,34.29,144009,42,买盘
215,09:40:42,34.29,565567,165,卖盘
216,09:40:45,34.29,538349,157,卖盘
217,09:40:48,34.3,92588,27,买盘
218,09:40:51,34.29,493796,144,卖盘
219,09:40:54,34.29,308625,90,卖盘
220,09:40:57,34.28,1577223,460,卖盘
221,09:41:00,34.28,143987,42,卖盘
222,09:41:03,34.28,154263,45,卖盘
223,09:41:06,34.28,311902,91,买盘
224,09:41:09,34.27,1110595,324,卖盘
225,09:41:12,34.28,366801,107,买盘
226,09:41:15,34.28,147404,43,卖盘
227,09:41:18,34.28,332535,97,卖盘
228,09:41:21,34.28,654610,191,卖盘
229,09:41:24,34.3,1117821,326,买盘
230,09:41:27,34.27,1354380,395,卖盘
231,09:41:30,34.27,418063,122,卖盘
232,09:41:33,34.27,483078,141,买盘
233,09:41:36,34.25,1147424,335,卖盘
234,09:41:39,34.23,2085309,609,卖盘
235,09:41:42,34.23,195146,57,卖盘
236,09:41:45,34.22,975379,285,卖盘
237,09:41:48,34.22,256655,75,卖盘
238,09:41:51,34.2,3058028,894,卖盘
239,09:41:54,34.21,1057326,309,买盘
240,09:41:57,34.21,304499,89,卖盘
241,09:42:00,34.21,437907,128,卖盘
242,09:42:03,34.21,769739,225,卖盘
243,09:42:06,34.2,1436584,420,卖盘
244,09:42:09,34.21,612244,179,买盘
245,09:42:12,34.21,516425,151,买盘
246,09:42:15,34.21,1511508,442,买盘
247,09:42:18,34.22,1392459,407,买盘
248,09:42:21,34.23,619621,181,买盘
249,09:42:24,34.23,318231,93,卖盘
250,09:42:27,34.24,51358,15,买盘
251,09:42:30,34.23,1214616,355,卖盘
252,09:42:33,34.23,243023,71,买盘
253,09:42:36,34.21,290850,85,卖盘
254,09:42:39,34.23,71856,21,买盘
255,09:42:42,34.21,413946,121,卖盘
256,09:42:45,34.21,1672856,489,卖盘
257,09:42:48,34.21,530340,155,卖盘
258,09:42:51,34.21,249724,73,买盘
259,09:42:54,34.2,229150,67,卖盘
260,09:42:57,34.21,198386,58,买盘
261,09:43:00,34.2,1084106,317,卖盘
262,09:43:03,34.2,824371,241,卖盘
263,09:43:06,34.2,232622,68,卖盘
264,09:43:09,34.2,482213,141,卖盘
265,09:43:12,34.2,294118,86,买盘
266,09:43:15,34.19,1138557,333,卖盘
267,09:43:18,34.18,146997,43,卖盘
268,09:43:21,34.18,437553,128,卖盘
269,09:43:24,34.19,1565958,458,买盘
270,09:43:27,34.18,1138212,333,卖盘
271,09:43:30,34.18,769056,225,卖盘
272,09:43:33,34.18,75193,22,买盘
273,09:43:36,34.17,338296,99,卖盘
274,09:43:39,34.17,1165227,341,卖盘
275,09:43:42,34.18,461231,135,买盘
276,09:43:45,34.17,276730,81,中性盘
277,09:43:48,34.16,1987794,582,卖盘
278,09:43:51,34.16,573897,168,卖盘
279,09:43:54,34.16,280058,82,买盘
280,09:43:57,34.15,1926477,564,卖盘
281,09:44:00,34.15,2725685,798,买盘
282,09:44:03,34.16,409894,120,买盘
283,09:44:06,34.16,317732,93,卖盘
284,09:44:09,34.15,672937,197,卖盘
285,09:44:12,34.14,491708,144,卖盘
286,09:44:15,34.16,464545,136,买盘
287,09:44:18,34.15,382504,112,卖盘
288,09:44:21,34.15,1147360,336,卖盘
289,09:44:24,34.14,368798,108,卖盘
290,09:44:27,34.15,693230,203,买盘
291,09:44:30,34.14,443858,130,卖盘
292,09:44:33,34.15,549737,161,买盘
293,09:44:36,34.14,1642434,481,卖盘
294,09:44:39,34.14,1601209,469,卖盘
295,09:44:42,34.13,1102426,323,卖盘
296,09:44:45,34.14,218461,64,买盘
297,09:44:48,34.12,1488083,436,卖盘
298,09:44:51,34.14,938644,275,买盘
299,09:44:54,34.13,545942,160,中性盘
300,09:44:57,34.14,2193742,643,买盘
301,09:45:00,34.12,791720,232,卖盘
302,09:45:03,34.11,733489,215,卖盘
303,09:45:06,34.11,668672,196,卖盘
304,09:45:09,34.1,934716,274,卖盘
305,09:45:12,34.1,313750,92,卖盘
306,09:45:15,34.1,872988,256,卖盘
307,09:45:18,34.1,3430465,1006,卖盘
308,09:45:21,34.08,760247,223,卖盘
309,09:45:24,34.08,651154,191,卖盘
310,09:45:27,34.08,627097,184,卖盘
311,09:45:30,34.08,541748,159,买盘
312,09:45:33,34.07,1069850,314,卖盘
313,09:45:36,34.08,1846950,542,买盘
314,09:45:39,34.08,1042855,306,买盘
315,09:45:42,34.07,2044495,600,卖盘
316,09:45:45,34.08,593073,174,中性盘
317,09:45:48,34.08,1635982,480,卖盘
318,09:45:51,34.08,1540380,452,卖盘
319,09:45:54,34.08,719080,211,卖盘
320,09:45:57,34.1,695255,204,买盘
321,09:46:00,34.1,3864526,1133,买盘
322,09:46:03,34.1,480866,141,卖盘
323,09:46:06,34.13,405909,119,卖盘
324,09:46:09,34.11,214933,63,卖盘
325,09:46:12,34.11,204655,60,买盘
326,09:46:15,34.11,429680,126,买盘
327,09:46:18,34.11,931738,273,买盘
328,09:46:21,34.1,470738,138,卖盘
329,09:46:24,34.11,474133,139,卖盘
330,09:46:27,34.14,750584,220,买盘
331,09:46:30,34.11,296964,87,卖盘
332,09:46:33,34.12,3590775,1053,买盘
333,09:46:36,34.11,416185,122,中性盘
334,09:46:39,34.11,1190496,349,卖盘
335,09:46:42,34.11,344426,101,买盘
336,09:46:45,34.1,2801763,822,卖盘
337,09:46:48,34.09,814782,239,中性盘
338,09:46:51,34.06,3345031,982,卖盘
339,09:46:54,34.02,4787765,1407,卖盘
340,09:46:57,34.02,948977,279,卖盘
341,09:47:00,34.01,3095050,910,卖盘
342,09:47:03,34.02,2050899,603,买盘
343,09:47:06,34.0,2053785,604,卖盘
344,09:47:09,34.01,836465,246,买盘
345,09:47:12,34.01,1931696,568,卖盘
346,09:47:15,34.01,639335,188,卖盘
347,09:47:18,34.01,1632302,480,卖盘
348,09:47:21,34.0,1774921,522,卖盘
349,09:47:24,34.0,1455288,428,卖盘
350,09:47:27,34.0,1417896,417,卖盘
351,09:47:30,34.01,2285642,672,买盘
352,09:47:33,34.01,425158,125,卖盘
353,09:47:36,34.01,840133,247,卖盘
354,09:47:39,34.01,639509,188,卖盘
355,09:47:42,34.02,506899,149,中性盘
356,09:47:45,34.02,1047911,308,卖盘
357,09:47:48,34.02,452527,133,卖盘
358,09:47:51,34.02,462768,136,卖盘
359,09:47:54,34.05,1153374,339,买盘
360,09:47:57,34.05,136203,40,卖盘
361,09:48:00,34.05,275822,81,卖盘
362,09:48:03,34.08,704539,207,买盘
363,09:48:06,34.06,681354,200,卖盘
364,09:48:09,34.08,146511,43,买盘
365,09:48:12,34.06,98818,29,卖盘
366,09:48:15,34.07,1090060,320,卖盘
367,09:48:18,34.08,1161981,341,买盘
368,09:48:21,34.08,531589,156,卖盘
369,09:48:24,34.05,2244659,659,卖盘
370,09:48:27,34.07,596284,175,中性盘
371,09:48:30,34.05,702219,206,卖盘
372,09:48:33,34.05,792558,233,买盘
373,09:48:36,34.05,678343,199,卖盘
374,09:48:39,34.05,984044,289,买盘
375,09:48:42,34.05,1000931,294,买盘
376,09:48:45,34.05,1422614,418,买盘
377,09:48:48,34.05,452876,133,卖盘
378,09:48:51,34.05,1028914,302,卖盘
379,09:48:54,34.03,2746581,807,卖盘
380,09:48:57,34.03,643148,189,买盘
381,09:49:00,34.02,1299714,382,卖盘
382,09:49:03,34.02,1548049,455,卖盘
383,09:49:06,34.0,9605167,2825,卖盘
384,09:49:09,33.98,1417142,417,卖盘
385,09:49:12,34.01,649572,191,买盘
386,09:49:15,33.96,1124774,331,卖盘
387,09:49:18,33.96,988285,291,卖盘
388,09:49:21,33.96,1185209,349,卖盘
389,09:49:24,33.96,1297529,382,卖盘
390,09:49:27,33.96,1769691,521,卖盘
391,09:49:30,33.99,407881,120,中性盘
392,09:49:33,33.96,1365689,402,卖盘
393,09:49:36,33.97,1685631,496,中性盘
394,09:49:39,33.99,166505,49,买盘
395,09:49:42,33.99,1644739,484,卖盘
396,09:49:45,33.99,839239,247,卖盘
397,09:49:48,33.99,537011,158,买盘
398,09:49:51,33.97,1243337,366,卖盘
399,09:49:54,33.97,1498772,441,卖盘
400,09:49:57,33.97,445085,131,卖盘
401,09:50:00,33.99,421502,124,买盘
402,09:50:03,33.98,676421,199,卖盘
403,09:50:06,33.98,897207,264,卖盘
404,09:50:09,33.98,414589,122,卖盘
405,09:50:12,33.99,3753016,1104,买盘
406,09:50:15,33.99,673246,198,卖盘
407,09:50:18,33.99,241507,71,卖盘
408,09:50:21,34.02,384328,113,买盘
409,09:50:24,33.96,6843559,2014,卖盘
410,09:50:27,34.0,707134,208,买盘
411,09:50:30,34.01,370621,109,买盘
412,09:50:33,34.01,2653687,780,买盘
413,09:50:36,34.01,265222,78,买盘
414,09:50:39,34.0,139439,41,卖盘
415,09:50:42,34.01,673293,198,买盘
416,09:50:45,34.01,207458,61,买盘
417,09:50:48,34.01,204092,60,卖盘
418,09:50:51,34.01,870915,256,卖盘
419,09:50:54,34.02,156516,46,卖盘
420,09:50:57,34.03,159959,47,中性盘
421,09:51:00,34.04,738451,217,卖盘
422,09:51:03,34.02,1167409,343,卖盘
423,09:51:06,34.04,435643,128,买盘
424,09:51:09,34.02,490070,144,卖盘
425,09:51:12,34.04,850992,250,买盘
426,09:51:15,34.03,296053,87,中性盘
427,09:51:18,34.03,598881,176,卖盘
428,09:51:21,34.03,408274,120,买盘
429,09:51:24,34.02,1105566,325,买盘
430,09:51:27,34.02,2486100,731,买盘
431,09:51:30,34.01,329948,97,卖盘
432,09:51:33,34.0,360552,106,卖盘
433,09:51:36,34.01,605471,178,卖盘
434,09:51:39,34.01,894421,263,卖盘
435,09:51:42,34.01,200659,59,买盘
436,09:51:45,34.0,1013362,298,卖盘
437,09:51:48,34.0,1496211,440,卖盘
438,09:51:51,33.99,1013163,298,卖盘
439,09:51:54,34.0,1043857,307,买盘
440,09:51:57,34.0,448685,132,买盘
441,09:52:00,34.01,156428,46,买盘
442,09:52:03,34.0,411347,121,中性盘
443,09:52:06,33.97,7323296,2156,卖盘
444,09:52:09,33.99,1885658,555,买盘
445,09:52:12,33.97,1304919,384,卖盘
446,09:52:15,33.97,465314,137,卖盘
447,09:52:18,33.95,377009,111,卖盘
448,09:52:21,33.95,821673,242,卖盘
449,09:52:24,33.95,777592,229,卖盘
450,09:52:27,33.95,1181622,348,卖盘
451,09:52:30,33.95,1697520,500,卖盘
452,09:52:33,33.95,451503,133,买盘
453,09:52:36,33.95,1405196,414,买盘
454,09:52:39,33.93,2348907,692,卖盘
455,09:52:42,33.95,465029,137,中性盘
456,09:52:45,33.95,251205,74,卖盘
457,09:52:48,33.94,400533,118,卖盘
458,09:52:51,33.94,71273,21,买盘
459,09:52:54,33.93,1717070,506,卖盘
460,09:52:57,33.95,576867,170,买盘
461,09:53:00,33.94,1452262,428,中性盘
462,09:53:03,33.94,519252,153,卖盘
463,09:53:06,33.93,1170728,345,卖盘
464,09:53:09,33.93,759897,224,买盘
465,09:53:12,33.93,1825114,538,买盘
466,09:53:15,33.93,1733392,511,买盘
467,09:53:18,33.93,1058650,312,卖盘
468,09:53:21,33.92,773525,228,卖盘
469,09:53:24,33.92,708926,209,卖盘
470,09:53:27,33.92,702093,207,买盘
471,09:53:30,33.91,1292031,381,卖盘
472,09:53:33,33.91,966491,285,卖盘
473,09:53:36,33.91,298395,88,买盘
474,09:53:39,33.9,454294,134,卖盘
475,09:53:42,33.91,718779,212,买盘
476,09:53:45,33.91,1569675,463,买盘
477,09:53:48,33.91,1251362,369,卖盘
478,09:53:51,33.91,447657,132,卖盘
479,09:53:54,33.91,624016,184,卖盘
480,09:53:57,33.91,1431016,422,卖盘
481,09:54:00,33.91,434005,128,买盘
482,09:54:03,33.91,1684942,497,买盘
483,09:54:06,33.91,535675,158,买盘
484,09:54:09,33.91,1576555,465,卖盘
485,09:54:12,33.91,630773,186,卖盘
486,09:54:15,33.91,522240,154,卖盘
487,09:54:18,33.92,793589,234,买盘
488,09:54:21,33.91,668043,197,卖盘
489,09:54:24,33.91,284844,84,买盘
490,09:54:27,33.9,1675174,494,卖盘
491,09:54:30,33.9,627308,185,卖盘
492,09:54:33,33.92,210294,62,买盘
493,09:54:36,33.9,3397231,1002,卖盘
494,09:54:39,33.9,715519,211,卖盘
495,09:54:42,33.92,478206,141,买盘
496,09:54:45,33.91,905400,267,卖盘
497,09:54:48,33.91,1291697,381,买盘
498,09:54:51,33.91,420518,124,卖盘
499,09:54:54,33.91,545968,161,卖盘
500,09:54:57,33.91,922292,272,卖盘
501,09:55:00,33.91,318788,94,卖盘
502,09:55:03,33.92,359553,106,卖盘
503,09:55:06,33.94,872089,257,买盘
504,09:55:09,33.94,502228,148,卖盘
505,09:55:12,33.94,590578,174,卖盘
506,09:55:15,33.95,723072,213,买盘
507,09:55:18,33.96,176551,52,买盘
508,09:55:21,33.97,417657,123,买盘
509,09:55:24,33.96,424527,125,卖盘
510,09:55:27,33.96,387099,114,买盘
511,09:55:30,33.92,1720950,507,卖盘
512,09:55:33,33.91,980498,289,卖盘
513,09:55:36,33.92,451170,133,买盘
514,09:55:39,33.91,556176,164,卖盘
515,09:55:42,33.92,1098936,324,买盘
516,09:55:45,33.93,274859,81,中性盘
517,09:55:48,33.92,308703,91,卖盘
518,09:55:51,33.92,739526,218,卖盘
519,09:55:54,33.92,1221141,360,卖盘
520,09:55:57,33.93,746229,220,买盘
521,09:56:00,33.92,871749,257,卖盘
522,09:56:03,33.9,1705686,503,卖盘
523,09:56:06,33.9,1702080,502,卖盘
524,09:56:09,33.9,2712050,800,卖盘
525,09:56:12,33.85,13057063,3854,卖盘
526,09:56:15,33.86,886985,262,买盘
527,09:56:18,33.84,2261143,668,卖盘
528,09:56:21,33.84,1878056,555,卖盘
529,09:56:24,33.84,1339738,396,买盘
530,09:56:27,33.82,1106206,327,卖盘
531,09:56:30,33.83,1630314,482,买盘
532,09:56:33,33.82,1907545,564,卖盘
533,09:56:36,33.81,2211414,654,卖盘
534,09:56:39,33.82,564714,167,中性盘
535,09:56:42,33.82,2050267,606,买盘
536,09:56:45,33.85,1555861,460,买盘
537,09:56:48,33.84,980763,290,买盘
538,09:56:51,33.82,490478,145,卖盘
539,09:56:54,33.81,1694179,501,卖盘
540,09:56:57,33.82,2819951,834,中性盘
541,09:57:00,33.82,280723,83,中性盘
542,09:57:03,33.81,1048469,310,卖盘
543,09:57:06,33.81,1153000,341,卖盘
544,09:57:09,33.81,784327,232,买盘
545,09:57:12,33.81,2527712,748,买盘
546,09:57:15,33.8,2521750,746,卖盘
547,09:57:18,33.8,706586,209,卖盘
548,09:57:21,33.8,493624,146,卖盘
549,09:57:24,33.81,970239,287,中性盘
550,09:57:27,33.81,324607,96,卖盘
551,09:57:30,33.81,415884,123,卖盘
552,09:57:33,33.81,500612,148,卖盘
553,09:57:36,33.82,1201105,355,卖盘
554,09:57:39,33.86,328242,97,中性盘
555,09:57:42,33.88,308059,91,买盘
556,09:57:45,33.86,436500,129,中性盘
557,09:57:48,33.86,142199,42,买盘
558,09:57:51,33.86,443557,131,买盘
559,09:57:54,33.86,284550,84,卖盘
560,09:57:57,33.88,690994,204,买盘
561,09:58:00,33.9,870932,257,买盘
562,09:58:03,33.9,535789,158,卖盘
563,09:58:06,33.9,589885,174,卖盘
564,09:58:09,33.93,848037,250,买盘
565,09:58:12,33.91,562915,166,卖盘
566,09:58:15,33.93,267960,79,买盘
567,09:58:18,33.93,261196,77,卖盘
568,09:58:21,33.93,1123225,331,卖盘
569,09:58:24,33.93,1279292,377,卖盘
570,09:58:27,33.96,488770,144,买盘
571,09:58:30,33.97,139232,41,买盘
572,09:58:33,33.96,264888,78,中性盘
573,09:58:36,33.95,1127410,332,卖盘
574,09:58:39,33.96,336211,99,卖盘
575,09:58:42,33.94,1700540,501,卖盘
576,09:58:45,33.93,1085490,320,卖盘
577,09:58:48,33.94,386865,114,买盘
578,09:58:51,33.93,560056,165,中性盘
579,09:58:54,33.94,244340,72,买盘
580,09:58:57,33.96,441312,130,买盘
581,09:59:00,33.96,512453,151,买盘
582,09:59:03,33.96,1490818,439,买盘
583,09:59:06,33.96,900271,265,卖盘
584,09:59:09,33.95,377086,111,卖盘
585,09:59:12,33.93,604434,178,卖盘
586,09:59:15,33.95,370005,109,中性盘
587,09:59:18,33.94,254537,75,中性盘
588,09:59:21,33.95,305470,90,买盘
589,09:59:24,33.93,308815,91,卖盘
590,09:59:27,33.94,217258,64,中性盘
591,09:59:30,33.95,729632,215,买盘
592,09:59:33,33.94,101832,30,卖盘
593,09:59:36,33.94,74672,22,卖盘
594,09:59:39,33.94,288570,85,卖盘
595,09:59:42,33.94,963999,284,卖盘
596,09:59:45,33.94,336067,99,卖盘
597,09:59:48,33.94,967627,285,卖盘
598,09:59:51,33.95,492183,145,中性盘
599,09:59:54,33.95,319133,94,卖盘
600,09:59:57,33.94,410757,121,卖盘
601,10:00:00,33.93,434537,128,卖盘
602,10:00:03,33.91,1536806,453,卖盘
603,10:00:06,33.91,247625,73,卖盘
604,10:00:09,33.91,278156,82,卖盘
605,10:00:12,33.92,417096,123,中性盘
606,10:00:15,33.92,210308,62,卖盘
607,10:00:18,33.92,156009,46,卖盘
608,10:00:21,33.91,1214953,358,卖盘
609,10:00:24,33.92,281540,83,卖盘
610,10:00:27,33.93,312139,92,买盘
611,10:00:30,33.93,471567,139,卖盘
612,10:00:33,33.93,237508,70,卖盘
613,10:00:36,33.92,356247,105,卖盘
614,10:00:39,33.92,837898,247,卖盘
615,10:00:42,33.92,220494,65,卖盘
616,10:00:45,33.92,413832,122,卖盘
617,10:00:48,33.92,305272,90,卖盘
618,10:00:51,33.92,301864,89,卖盘
619,10:00:54,33.92,932919,275,买盘
620,10:00:57,33.91,189939,56,卖盘
621,10:01:00,33.93,695411,205,买盘
622,10:01:03,33.93,1713113,505,买盘
623,10:01:06,33.96,234204,69,买盘
624,10:01:09,33.95,373606,110,中性盘
625,10:01:12,33.95,237801,70,卖盘
626,10:01:15,33.95,713331,210,卖盘
627,10:01:18,33.98,563665,166,卖盘
628,10:01:21,33.95,1733691,510,卖盘
629,10:01:24,33.96,180090,53,卖盘
630,10:01:27,34.0,941806,277,买盘
631,10:01:30,34.0,822809,242,卖盘
632,10:01:33,34.0,238049,70,卖盘
633,10:01:36,34.01,258451,76,买盘
634,10:01:39,34.05,830483,244,买盘
635,10:01:42,34.05,83707,25,买盘
636,10:01:45,34.05,183887,54,买盘
637,10:01:48,34.06,44276,13,买盘
638,10:01:51,34.06,296347,87,买盘
639,10:01:54,34.06,2338504,686,卖盘
640,10:01:57,34.08,170360,50,买盘
641,10:02:00,34.09,1186263,348,买盘
642,10:02:03,34.09,538700,158,卖盘
643,10:02:06,34.11,573953,168,买盘
644,10:02:09,34.29,5477978,1601,买盘
645,10:02:12,34.44,11124815,3235,买盘
646,10:02:15,34.37,2955415,859,卖盘
647,10:02:18,34.35,1288020,375,卖盘
648,10:02:21,34.34,803266,234,买盘
649,10:02:24,34.3,620592,181,卖盘
650,10:02:27,34.31,1114640,325,买盘
651,10:02:30,34.31,1376221,401,买盘
652,10:02:33,34.31,1321262,385,买盘
653,10:02:36,34.35,1829687,533,买盘
654,10:02:39,34.32,686480,200,卖盘
655,10:02:42,34.34,693501,202,买盘
656,10:02:45,34.31,1125687,328,卖盘
657,10:02:48,34.31,1101343,321,买盘
658,10:02:51,34.3,857713,250,卖盘
659,10:02:54,34.35,2184004,636,买盘
660,10:02:57,34.31,601014,175,卖盘
661,10:03:00,34.31,343136,100,卖盘
662,10:03:03,34.35,841031,245,买盘
663,10:03:06,34.31,1314626,383,卖盘
664,10:03:09,34.31,1485540,433,买盘
665,10:03:12,34.3,1132160,330,卖盘
666,10:03:15,34.3,877972,256,卖盘
667,10:03:18,34.3,445791,130,买盘
668,10:03:21,34.29,627652,183,卖盘
669,10:03:24,34.29,1070098,312,卖盘
670,10:03:27,34.28,624095,182,卖盘
671,10:03:30,34.28,140546,41,买盘
672,10:03:33,34.25,339280,99,卖盘
673,10:03:36,34.26,95884,28,买盘
674,10:03:39,34.25,486456,142,中性盘
675,10:03:42,34.23,698538,204,卖盘
676,10:03:45,34.26,736527,215,买盘
677,10:03:48,34.28,644415,188,买盘
678,10:03:51,34.28,939474,274,卖盘
679,10:03:54,34.28,545075,159,卖盘
680,10:03:57,34.27,435281,127,卖盘
681,10:04:00,34.25,465863,136,卖盘
682,10:04:03,34.25,325357,95,买盘
683,10:04:06,34.25,167787,49,买盘
684,10:04:09,34.21,356150,104,卖盘
685,10:04:12,34.23,472225,138,买盘
686,10:04:15,34.22,283978,83,买盘
687,10:04:18,34.21,728569,213,卖盘
688,10:04:21,34.21,1170385,342,卖盘
689,10:04:24,34.2,636381,186,卖盘
690,10:04:27,34.2,236038,69,卖盘
691,10:04:30,34.21,691036,202,买盘
692,10:04:33,34.21,752577,220,买盘
693,10:04:36,34.2,212011,62,卖盘
694,10:04:39,34.19,287277,84,卖盘
695,10:04:42,34.21,1022835,299,买盘
696,10:04:45,34.22,519921,152,买盘
697,10:04:48,34.22,732283,214,买盘
698,10:04:51,34.21,236056,69,卖盘
699,10:04:54,34.22,61596,18,买盘
700,10:04:57,34.23,157428,46,买盘
701,10:05:00,34.24,301226,88,买盘
702,10:05:03,34.24,290980,85,买盘
703,10:05:06,34.28,2788555,814,买盘
704,10:05:09,34.28,119938,35,买盘
705,10:05:12,34.28,270790,79,买盘
706,10:05:15,34.27,1055781,308,卖盘
707,10:05:18,34.27,119973,35,买盘
708,10:05:21,34.27,154213,45,买盘
709,10:05:24,34.26,507163,148,卖盘
710,10:05:27,34.27,1031463,301,买盘
711,10:05:30,34.28,1066051,311,买盘
712,10:05:33,34.27,592883,173,卖盘
713,10:05:36,34.27,503852,147,卖盘
714,10:05:39,34.28,325648,95,买盘
715,10:05:42,34.28,630739,184,买盘
716,10:05:45,34.28,212525,62,买盘
717,10:05:48,34.28,123422,36,卖盘
718,10:05:51,34.29,312001,91,买盘
719,10:05:54,34.29,1124656,328,买盘
720,10:05:57,34.28,610178,178,卖盘
721,10:06:00,34.29,174835,51,买盘
722,10:06:03,34.28,239971,70,卖盘
723,10:06:06,34.28,603467,176,卖盘
724,10:06:09,34.28,1058947,309,买盘
725,10:06:12,34.31,2201997,642,买盘
726,10:06:15,34.3,264116,77,卖盘
727,10:06:18,34.31,614216,179,买盘
728,10:06:21,34.31,164703,48,卖盘
729,10:06:24,34.3,1513110,441,卖盘
730,10:06:27,34.27,3048825,889,卖盘
731,10:06:30,34.3,3471779,1012,买盘
732,10:06:33,34.32,2999084,874,买盘
733,10:06:36,34.3,318888,93,中性盘
734,10:06:39,34.28,92562,27,卖盘
735,10:06:42,34.32,2457024,716,买盘
736,10:06:45,34.38,3130267,911,买盘
737,10:06:48,34.44,5501726,1599,买盘
738,10:06:51,34.45,878215,255,买盘
739,10:06:54,34.47,1760675,511,买盘
740,10:06:57,34.47,917046,266,卖盘
741,10:07:00,34.49,3879086,1125,买盘
742,10:07:03,34.47,2051673,595,卖盘
743,10:07:06,34.48,2034492,590,买盘
744,10:07:09,34.48,1844232,535,买盘
745,10:07:12,34.47,1796385,521,中性盘
746,10:07:15,34.48,1396180,405,买盘
747,10:07:18,34.45,978863,284,卖盘
748,10:07:21,34.47,906214,263,买盘
749,10:07:24,34.45,1054262,306,卖盘
750,10:07:27,34.45,1798780,522,买盘
751,10:07:30,34.42,4622852,1342,卖盘
752,10:07:33,34.49,9160758,2657,买盘
753,10:07:36,34.53,15617049,4524,买盘
754,10:07:39,34.59,3329321,963,买盘
755,10:07:42,34.59,4916599,1421,买盘
756,10:07:45,34.65,3059100,883,买盘
757,10:07:48,34.66,2751814,794,买盘
758,10:07:51,34.71,5333242,1537,买盘
759,10:07:54,34.73,2169938,625,买盘
760,10:07:57,34.73,6654938,1917,买盘
761,10:08:00,34.7,2677095,771,中性盘
762,10:08:03,34.71,4337175,1250,买盘
763,10:08:06,34.69,3930279,1133,卖盘
764,10:08:09,34.71,7502911,2162,买盘
765,10:08:12,34.76,8924988,2569,买盘
766,10:08:15,34.84,9513662,2734,买盘
767,10:08:18,34.88,3230185,927,买盘
768,10:08:21,34.89,7064376,2025,买盘
769,10:08:24,34.91,2265047,649,买盘
770,10:08:27,34.93,4107430,1176,买盘
771,10:08:30,34.93,7721320,2210,中性盘
772,10:08:33,34.96,8836369,2527,买盘
773,10:08:36,34.98,3488126,998,买盘
774,10:08:39,34.98,5205551,1488,买盘
775,10:08:42,35.0,16332977,4667,买盘
776,10:08:45,35.03,13856213,3958,买盘
777,10:08:48,35.03,6133477,1750,卖盘
778,10:08:51,35.09,3024924,862,买盘
779,10:08:54,35.13,5403218,1539,买盘
780,10:08:57,35.14,5139444,1463,买盘
781,10:09:00,35.15,8015600,2281,买盘
782,10:09:03,35.19,10007305,2847,买盘
783,10:09:06,35.25,13814942,3926,买盘
784,10:09:09,35.35,7807893,2212,买盘
785,10:09:12,35.38,8210673,2322,买盘
786,10:09:15,35.47,10132879,2863,买盘
787,10:09:18,35.51,13746507,3873,买盘
788,10:09:21,35.49,10370391,2920,卖盘
789,10:09:24,35.42,15499734,4375,卖盘
790,10:09:27,35.39,9545674,2698,中性盘
791,10:09:30,35.36,6382694,1803,卖盘
792,10:09:33,35.36,7305547,2066,买盘
793,10:09:36,35.32,7645503,2162,中性盘
794,10:09:39,35.35,12354360,3494,买盘
795,10:09:42,35.34,6749536,1909,卖盘
796,10:09:45,35.36,8916117,2522,买盘
797,10:09:48,35.37,10654038,3014,买盘
798,10:09:51,35.36,10032528,2836,卖盘
799,10:09:54,35.38,3050518,862,买盘
800,10:09:57,35.38,6794425,1920,卖盘
801,10:10:00,35.38,8722311,2465,卖盘
802,10:10:03,35.4,7932791,2241,买盘
803,10:10:06,35.38,7328875,2073,中性盘
804,10:10:09,35.35,6053282,1712,卖盘
805,10:10:12,35.37,6783624,1920,买盘
806,10:10:15,35.34,1702243,482,中性盘
807,10:10:18,35.31,1373356,389,中性盘
808,10:10:21,35.34,6121971,1733,买盘
809,10:10:24,35.39,11129842,3148,买盘
810,10:10:27,35.4,8278660,2339,买盘
811,10:10:30,35.45,8193784,2313,买盘
812,10:10:33,35.4,4596997,1297,卖盘
813,10:10:36,35.45,4847116,1369,买盘
814,10:10:39,35.42,4028226,1137,买盘
815,10:10:42,35.45,3742309,1056,买盘
816,10:10:45,35.45,5091679,1437,买盘
817,10:10:48,35.43,3699889,1044,买盘
818,10:10:51,35.45,7037828,1985,买盘
819,10:10:54,35.46,6444875,1817,中性盘
820,10:10:57,35.49,8660699,2440,买盘
821,10:11:00,35.52,15630629,4401,买盘
822,10:11:03,35.54,8544704,2404,中性盘
823,10:11:06,35.6,15221195,4277,买盘
824,10:11:09,35.62,2678294,752,买盘
825,10:11:12,35.66,2170283,609,买盘
826,10:11:15,35.69,4305571,1207,买盘
827,10:11:18,35.69,6386610,1789,买盘
828,10:11:21,35.7,4594005,1286,买盘
829,10:11:24,35.65,15492768,4342,卖盘
830,10:11:27,35.62,11078811,3108,卖盘
831,10:11:30,35.6,5793259,1627,卖盘
832,10:11:33,35.59,4282778,1203,卖盘
833,10:11:36,35.56,3267359,918,卖盘
834,10:11:39,35.57,3123858,878,买盘
835,10:11:42,35.58,3774805,1061,买盘
836,10:11:45,35.6,5796692,1629,买盘
837,10:11:48,35.63,4009558,1126,买盘
838,10:11:51,35.63,3497873,982,买盘
839,10:11:54,35.67,8035908,2255,买盘
840,10:11:57,35.69,4213632,1182,买盘
841,10:12:00,35.67,2740182,768,卖盘
842,10:12:03,35.62,6407329,1797,卖盘
843,10:12:06,35.67,12990395,3639,买盘
844,10:12:09,35.64,8849967,2482,中性盘
845,10:12:12,35.62,6719827,1886,卖盘
846,10:12:15,35.6,11339705,3183,卖盘
847,10:12:18,35.6,5477263,1538,中性盘
848,10:12:21,35.62,3735853,1049,买盘
849,10:12:24,35.67,16754707,4699,买盘
850,10:12:27,35.69,39256029,11003,买盘
851,10:12:30,35.8,30777182,8609,买盘
852,10:12:33,35.86,5136024,1433,买盘
853,10:12:36,35.87,3166942,883,买盘
854,10:12:39,35.96,6546043,1823,买盘
855,10:12:42,36.06,30247490,8402,买盘
856,10:12:45,36.16,7275436,2016,买盘
857,10:12:48,36.18,7909503,2187,买盘
858,10:12:51,36.16,6657151,1839,卖盘
859,10:12:54,36.2,17889670,4943,中性盘
860,10:12:57,36.24,13588962,3753,买盘
861,10:13:00,36.3,9613854,2650,买盘
862,10:13:03,36.34,5528851,1522,买盘
863,10:13:06,36.32,7633639,2102,卖盘
864,10:13:09,36.4,17286915,4754,买盘
865,10:13:12,36.42,6546400,1798,买盘
866,10:13:15,36.47,2966315,814,买盘
867,10:13:18,36.49,9107111,2497,买盘
868,10:13:21,36.5,10403644,2851,买盘
869,10:13:24,36.5,12576268,3444,卖盘
870,10:13:27,36.52,7151491,1958,买盘
871,10:13:30,36.42,22614541,6201,卖盘
872,10:13:33,36.39,10328477,2836,卖盘
873,10:13:36,36.27,8542779,2351,卖盘
874,10:13:39,36.35,13031615,3586,卖盘
875,10:13:42,36.35,4890381,1346,买盘
876,10:13:45,36.45,11257472,3093,买盘
877,10:13:48,36.45,7553953,2073,卖盘
878,10:13:51,36.45,4008285,1099,买盘
879,10:13:54,36.45,4484628,1230,卖盘
880,10:13:57,36.48,4729491,1297,买盘
881,10:14:00,36.45,8571588,2351,卖盘
882,10:14:03,36.34,9737276,2677,卖盘
883,10:14:06,36.27,4122150,1135,卖盘
884,10:14:09,36.24,1893718,522,卖盘
885,10:14:12,36.31,3599246,992,买盘
886,10:14:15,36.3,6995276,1928,卖盘
887,10:14:18,36.32,9809810,2700,卖盘
888,10:14:21,36.37,10545917,2899,买盘
889,10:14:24,36.42,8431805,2316,买盘
890,10:14:27,36.48,13922684,3819,买盘
891,10:14:30,36.45,12301325,3377,卖盘
892,10:14:33,36.42,3370827,925,卖盘
893,10:14:36,36.38,3211015,882,卖盘
894,10:14:39,36.45,11237863,3086,买盘
895,10:14:42,36.45,15808560,4334,卖盘
896,10:14:45,36.52,8622014,2362,买盘
897,10:14:48,36.47,10058489,2756,卖盘
898,10:14:51,36.56,14794017,4046,买盘
899,10:14:54,36.66,8643044,2362,买盘
900,10:14:57,36.65,4379048,1196,卖盘
901,10:15:00,36.56,7346155,2007,卖盘
902,10:15:03,36.47,5338228,1461,卖盘
903,10:15:06,36.45,4296925,1178,卖盘
904,10:15:09,36.42,4386176,1204,卖盘
905,10:15:12,36.41,3106152,853,中性盘
906,10:15:15,36.4,3806005,1045,中性盘
907,10:15:18,36.42,4629840,1271,买盘
908,10:15:21,36.43,4315282,1185,买盘
909,10:15:24,36.45,2945421,808,买盘
910,10:15:27,36.5,4345388,1190,买盘
911,10:15:30,36.5,6248066,1710,卖盘
912,10:15:33,36.56,3486543,954,买盘
913,10:15:36,36.56,4053812,1109,卖盘
914,10:15:39,36.57,6382012,1746,买盘
915,10:15:42,36.57,8024174,2194,买盘
916,10:15:45,36.6,11443657,3128,买盘
917,10:15:48,36.73,18779191,5122,买盘
918,10:15:51,36.75,7622148,2074,买盘
919,10:15:54,36.75,5730299,1560,卖盘
920,10:15:57,36.75,4994404,1359,买盘
921,10:16:00,36.75,4495542,1223,卖盘
922,10:16:03,36.73,6579487,1791,卖盘
923,10:16:06,36.68,9244503,2519,卖盘
924,10:16:09,36.64,11948794,3257,卖盘
925,10:16:12,36.6,3902202,1065,卖盘
926,10:16:15,36.62,4638369,1267,中性盘
927,10:16:18,36.64,7049872,1925,买盘
928,10:16:21,36.62,2684743,733,卖盘
929,10:16:24,36.62,9054552,2472,卖盘
930,10:16:27,36.6,8657288,2365,卖盘
931,10:16:30,36.58,6513608,1779,卖盘
932,10:16:33,36.6,7276475,1988,买盘
933,10:16:36,36.58,7129257,1948,卖盘
934,10:16:39,36.58,1771503,484,卖盘
935,10:16:42,36.57,2728362,746,卖盘
936,10:16:45,36.56,1924492,527,卖盘
937,10:16:48,36.54,3249662,889,买盘
938,10:16:51,36.56,6341529,1734,买盘
939,10:16:54,36.59,13581584,3712,买盘
940,10:16:57,36.59,4415634,1206,卖盘
941,10:17:00,36.58,4344250,1187,卖盘
942,10:17:03,36.57,2864504,783,卖盘
943,10:17:06,36.58,2479530,678,买盘
944,10:17:09,36.59,6627935,1812,买盘
945,10:17:12,36.6,5650694,1544,买盘
946,10:17:15,36.57,2887144,789,卖盘
947,10:17:18,36.58,6618000,1809,卖盘
948,10:17:21,36.59,2624838,718,买盘
949,10:17:24,36.56,2268224,620,卖盘
950,10:17:27,36.54,2683221,734,卖盘
951,10:17:30,36.53,2356789,645,中性盘
952,10:17:33,36.52,2238519,613,卖盘
953,10:17:36,36.52,8410909,2304,买盘
954,10:17:39,36.5,1383059,379,买盘
955,10:17:42,36.49,1904968,522,买盘
956,10:17:45,36.49,6132742,1680,卖盘
957,10:17:48,36.49,4469760,1225,买盘
958,10:17:51,36.47,1652504,453,卖盘
959,10:17:54,36.46,2950533,809,卖盘
960,10:17:57,36.46,1258139,345,卖盘
961,10:18:00,36.46,2708824,743,买盘
962,10:18:03,36.52,8715806,2389,买盘
963,10:18:06,36.56,8956971,2450,买盘
964,10:18:09,36.64,5517082,1508,买盘
965,10:18:12,36.65,3575568,976,买盘
966,10:18:15,36.66,5294721,1445,买盘
967,10:18:18,36.64,8886897,2424,卖盘
968,10:18:21,36.54,8185389,2236,卖盘
969,10:18:24,36.51,10993201,3008,卖盘
970,10:18:27,36.5,1799022,493,卖盘
971,10:18:30,36.49,3395465,931,中性盘
972,10:18:33,36.49,5001203,1371,买盘
973,10:18:36,36.54,7395303,2026,买盘
974,10:18:39,36.5,10880618,2977,卖盘
975,10:18:42,36.52,4066511,1114,买盘
976,10:18:45,36.52,1157553,317,买盘
977,10:18:48,36.5,3493603,957,卖盘
978,10:18:51,36.45,4385704,1202,卖盘
979,10:18:54,36.48,1382373,379,中性盘
980,10:18:57,36.45,3099813,850,卖盘
981,10:19:00,36.44,2612970,717,卖盘
982,10:19:03,36.42,1497360,411,卖盘
983,10:19:06,36.4,2552128,701,卖盘
984,10:19:09,36.4,2024404,556,卖盘
985,10:19:12,36.4,1571763,432,买盘
986,10:19:15,36.37,2984239,820,卖盘
987,10:19:18,36.38,6109505,1679,买盘
988,10:19:21,36.41,9824866,2699,买盘
989,10:19:24,36.38,2762719,759,卖盘
990,10:19:27,36.37,3488645,958,卖盘
991,10:19:30,36.39,3273489,899,中性盘
992,10:19:33,36.4,4132211,1135,买盘
993,10:19:36,36.43,1671636,459,买盘
994,10:19:39,36.43,1671398,459,卖盘
995,10:19:42,36.42,2962895,813,卖盘
996,10:19:45,36.41,1974578,542,卖盘
997,10:19:48,36.45,2758163,757,买盘
998,10:19:51,36.45,3298837,905,卖盘
999,10:19:54,36.43,2212139,607,卖盘
1000,10:19:57,36.44,6318539,1733,中性盘
1001,10:20:00,36.49,1031593,283,买盘
1002,10:20:03,36.47,725734,199,卖盘
1003,10:20:06,36.49,5219217,1430,买盘
1004,10:20:09,36.47,5940476,1627,卖盘
1005,10:20:12,36.49,5312606,1456,买盘
1006,10:20:15,36.57,6636711,1817,买盘
1007,10:20:18,36.6,7059354,1930,买盘
1008,10:20:21,36.64,3825308,1044,买盘
1009,10:20:24,36.7,4426295,1207,买盘
1010,10:20:27,36.7,4664320,1271,买盘
1011,10:20:30,36.67,5770838,1574,卖盘
1012,10:20:33,36.63,6085207,1661,卖盘
1013,10:20:36,36.56,4237987,1158,卖盘
1014,10:20:39,36.57,1309349,358,中性盘
1015,10:20:42,36.53,4490796,1228,卖盘
1016,10:20:45,36.53,1765969,483,卖盘
1017,10:20:48,36.56,3160686,864,中性盘
1018,10:20:51,36.56,5366088,1468,卖盘
1019,10:20:54,36.56,1319531,361,买盘
1020,10:20:57,36.54,1501801,411,卖盘
1021,10:21:00,36.55,1505005,412,买盘
1022,10:21:03,36.6,6956125,1902,买盘
1023,10:21:06,36.61,1656814,453,买盘
1024,10:21:09,36.62,1295619,354,买盘
1025,10:21:12,36.56,4518038,1234,卖盘
1026,10:21:15,36.6,1266014,346,买盘
1027,10:21:18,36.56,2113862,578,卖盘
1028,10:21:21,36.56,3310372,905,卖盘
1029,10:21:24,36.58,1521010,416,买盘
1030,10:21:27,36.58,1539531,421,卖盘
1031,10:21:30,36.57,1152084,315,中性盘
1032,10:21:33,36.57,2128828,582,卖盘
1033,10:21:36,36.57,1093607,299,买盘
1034,10:21:39,36.57,1082696,296,买盘
1035,10:21:42,36.57,1415560,387,卖盘
1036,10:21:45,36.56,1441044,394,卖盘
1037,10:21:48,36.57,1166592,319,买盘
1038,10:21:51,36.57,1327315,363,卖盘
1039,10:21:54,36.55,3552688,972,卖盘
1040,10:21:57,36.55,3155292,863,买盘
1041,10:22:00,36.58,4762216,1302,买盘
1042,10:22:03,36.56,4449688,1218,买盘
1043,10:22:06,36.56,1290301,353,买盘
1044,10:22:09,36.56,2159673,591,买盘
1045,10:22:12,36.48,1952306,535,卖盘
1046,10:22:15,36.48,1401153,384,卖盘
1047,10:22:18,36.45,291604,80,卖盘
1048,10:22:21,36.45,1505204,413,卖盘
1049,10:22:24,36.41,1901259,522,卖盘
1050,10:22:27,36.4,3939251,1081,卖盘
1051,10:22:30,36.4,1273947,350,卖盘
1052,10:22:33,36.39,731386,201,卖盘
1053,10:22:36,36.38,4742016,1303,卖盘
1054,10:22:39,36.39,8345920,2293,买盘
1055,10:22:42,36.38,4560532,1254,卖盘
1056,10:22:45,36.37,789282,217,中性盘
1057,10:22:48,36.36,6156713,1692,中性盘
1058,10:22:51,36.35,3936653,1082,卖盘
1059,10:22:54,36.34,6844860,1883,卖盘
1060,10:22:57,36.34,2768892,762,卖盘
1061,10:23:00,36.34,1696520,467,买盘
1062,10:23:03,36.31,1114814,307,卖盘
1063,10:23:06,36.32,7898170,2174,买盘
1064,10:23:09,36.3,4042117,1113,卖盘
1065,10:23:12,36.28,653323,180,卖盘
1066,10:23:15,36.28,667593,184,卖盘
1067,10:23:18,36.26,986371,272,卖盘
1068,10:23:21,36.25,409701,113,卖盘
1069,10:23:24,36.28,6961741,1919,买盘
1070,10:23:27,36.36,9684152,2666,买盘
1071,10:23:30,36.41,2321108,638,买盘
1072,10:23:33,36.4,494847,136,卖盘
1073,10:23:36,36.43,1947377,535,买盘
1074,10:23:39,36.45,5280379,1449,买盘
1075,10:23:42,36.48,2422564,664,买盘
1076,10:23:45,36.49,1269971,348,中性盘
1077,10:23:48,36.51,434306,119,中性盘
1078,10:23:51,36.48,1995782,547,卖盘
1079,10:23:54,36.53,595097,163,买盘
1080,10:23:57,36.48,2329597,638,卖盘
1081,10:24:00,36.48,2463884,675,卖盘
1082,10:24:03,36.48,959552,263,卖盘
1083,10:24:06,36.46,1013821,278,卖盘
1084,10:24:09,36.46,1352942,371,卖盘
1085,10:24:12,36.46,1101159,302,买盘
1086,10:24:15,36.52,6123096,1678,买盘
1087,10:24:18,36.52,1431476,392,卖盘
1088,10:24:21,36.53,1270907,348,买盘
1089,10:24:24,36.46,4266986,1169,卖盘
1090,10:24:27,36.48,2081474,570,中性盘
1091,10:24:30,36.53,1457041,399,买盘
1092,10:24:33,36.52,1161331,318,中性盘
1093,10:24:36,36.53,788902,216,买盘
1094,10:24:39,36.49,1851643,507,卖盘
1095,10:24:42,36.5,259236,71,买盘
1096,10:24:45,36.51,390551,107,中性盘
1097,10:24:48,36.51,540359,148,买盘
1098,10:24:51,36.51,872575,239,卖盘
1099,10:24:54,36.51,1343487,368,卖盘
1100,10:24:57,36.5,1463892,401,卖盘
1101,10:25:00,36.49,1580406,433,卖盘
1102,10:25:03,36.49,1229757,337,买盘
1103,10:25:06,36.5,1178520,323,买盘
1104,10:25:09,36.49,4513946,1237,买盘
1105,10:25:12,36.49,1879227,515,买盘
1106,10:25:15,36.49,4423456,1212,卖盘
1107,10:25:18,36.52,7930885,2172,买盘
1108,10:25:21,36.58,17079234,4674,买盘
1109,10:25:24,36.62,16415610,4486,买盘
1110,10:25:27,36.64,1901091,519,买盘
1111,10:25:30,36.64,3938821,1075,买盘
1112,10:25:33,36.64,1352292,369,卖盘
1113,10:25:36,36.62,6204779,1694,卖盘
1114,10:25:39,36.6,3418301,934,卖盘
1115,10:25:42,36.59,2261064,618,卖盘
1116,10:25:45,36.58,841629,230,中性盘
1117,10:25:48,36.59,4840784,1322,买盘
1118,10:25:51,36.6,1207982,330,卖盘
1119,10:25:54,36.62,1230116,336,买盘
1120,10:25:57,36.64,2644379,722,买盘
1121,10:26:00,36.63,1098780,300,中性盘
1122,10:26:03,36.62,1608015,439,卖盘
1123,10:26:06,36.63,3743842,1022,中性盘
1124,10:26:09,36.62,3838945,1048,卖盘
1125,10:26:12,36.61,1084235,296,卖盘
1126,10:26:15,36.61,1930688,527,卖盘
1127,10:26:18,36.61,868012,237,卖盘
1128,10:26:21,36.61,2438193,666,卖盘
1129,10:26:24,36.61,3152206,861,买盘
1130,10:26:27,36.61,2017080,551,卖盘
1131,10:26:30,36.59,2291270,626,卖盘
1132,10:26:33,36.6,223266,61,买盘
1133,10:26:36,36.6,3850165,1052,买盘
1134,10:26:39,36.6,724640,198,买盘
1135,10:26:42,36.59,439115,120,卖盘
1136,10:26:45,36.59,695239,190,卖盘
1137,10:26:48,36.59,420776,115,买盘
1138,10:26:51,36.58,900012,246,卖盘
1139,10:26:54,36.56,424309,116,卖盘
1140,10:26:57,36.58,13241687,3618,买盘
1141,10:27:00,36.65,3913355,1068,买盘
1142,10:27:03,36.69,13795168,3762,买盘
1143,10:27:06,36.73,34705958,9455,买盘
1144,10:27:09,36.76,17057900,4641,买盘
1145,10:27:12,36.78,13581873,3694,买盘
1146,10:27:15,36.82,17014250,4622,买盘
1147,10:27:18,36.88,10577313,2868,买盘
1148,10:27:21,36.9,10009130,2713,买盘
1149,10:27:24,36.87,10455026,2832,卖盘
1150,10:27:27,36.89,33490262,9068,买盘
1151,10:27:30,36.95,4388819,1188,买盘
1152,10:27:33,36.97,6629365,1793,买盘
1153,10:27:36,37.0,3676816,994,买盘
1154,10:27:39,37.0,9786122,2646,买盘
1155,10:27:42,37.0,9279101,2508,买盘
1156,10:27:45,36.99,4826372,1305,中性盘
1157,10:27:48,36.97,14974013,4047,卖盘
1158,10:27:51,36.98,5766699,1559,买盘
1159,10:27:54,37.0,2493544,674,买盘
1160,10:27:57,36.97,15597846,4217,卖盘
1161,10:28:00,36.98,2355961,637,买盘
1162,10:28:03,36.98,8744209,2368,卖盘
1163,10:28:06,36.98,2884558,780,卖盘
1164,10:28:09,36.99,2511451,679,买盘
1165,10:28:12,36.98,2940162,795,卖盘
1166,10:28:15,37.0,2259916,611,买盘
1167,10:28:18,37.0,3244224,877,买盘
1168,10:28:21,37.0,2008764,543,买盘
1169,10:28:24,37.06,34163647,9232,买盘
1170,10:28:27,37.1,8387465,2263,买盘
1171,10:28:30,37.11,1105940,298,买盘
1172,10:28:33,37.15,5385855,1449,买盘
1173,10:28:36,37.14,2133010,574,卖盘
1174,10:28:39,37.2,3990498,1073,买盘
1175,10:28:42,37.2,4086401,1099,买盘
1176,10:28:45,37.28,3821043,1026,买盘
1177,10:28:48,37.27,6808622,1829,买盘
1178,10:28:51,37.27,4455970,1196,卖盘
1179,10:28:54,37.2,5756280,1546,卖盘
1180,10:28:57,37.2,5053023,1359,买盘
1181,10:29:00,37.13,11121628,2992,卖盘
1182,10:29:03,37.08,2588326,697,卖盘
1183,10:29:06,37.09,1247236,336,中性盘
1184,10:29:09,37.09,815513,220,买盘
1185,10:29:12,37.08,2130540,575,卖盘
1186,10:29:15,37.09,3100165,836,买盘
1187,10:29:18,37.04,3086206,832,卖盘
1188,10:29:21,37.1,3604787,971,买盘
1189,10:29:24,37.09,2348404,633,卖盘
1190,10:29:27,37.12,902493,243,中性盘
1191,10:29:30,37.15,1976158,532,买盘
1192,10:29:33,37.15,3004028,809,卖盘
1193,10:29:36,37.18,1371833,369,买盘
1194,10:29:39,37.15,1453064,391,卖盘
1195,10:29:42,37.13,1426974,384,卖盘
1196,10:29:45,37.15,1080736,291,卖盘
1197,10:29:48,37.1,1096100,295,卖盘
1198,10:29:51,37.08,1057041,285,卖盘
1199,10:29:54,37.09,700929,189,中性盘
1200,10:29:57,37.08,1405018,379,买盘
1201,10:30:00,37.06,1245833,336,卖盘
1202,10:30:03,37.08,1237884,334,买盘
1203,10:30:06,37.06,1345526,363,卖盘
1204,10:30:09,37.06,2812888,759,卖盘
1205,10:30:12,37.06,689369,186,卖盘
1206,10:30:15,37.06,667020,180,买盘
1207,10:30:18,37.05,696618,188,卖盘
1208,10:30:21,37.05,2901270,783,卖盘
1209,10:30:24,37.05,1485637,401,卖盘
1210,10:30:27,37.04,1359505,367,卖盘
1211,10:30:30,37.03,388858,105,卖盘
1212,10:30:33,37.02,1158945,313,卖盘
1213,10:30:36,37.01,984637,266,卖盘
1214,10:30:39,37.0,2434916,658,卖盘
1215,10:30:42,36.96,7421112,2006,卖盘
1216,10:30:45,36.95,1511576,409,卖盘
1217,10:30:48,36.95,4802066,1298,卖盘
1218,10:30:51,36.95,543179,147,卖盘
1219,10:30:54,36.94,395279,107,卖盘
1220,10:30:57,36.99,3100921,839,买盘
1221,10:31:00,37.0,1032608,279,买盘
1222,10:31:03,37.05,4688826,1267,买盘
1223,10:31:06,37.08,4986130,1346,买盘
1224,10:31:09,37.07,1179187,318,卖盘
1225,10:31:12,37.07,1060467,286,卖盘
1226,10:31:15,37.11,6419290,1731,买盘
1227,10:31:18,37.11,2713283,731,卖盘
1228,10:31:21,37.18,5572981,1500,买盘
1229,10:31:24,37.19,3924331,1055,买盘
1230,10:31:27,37.21,1748340,470,买盘
1231,10:31:30,37.31,14835788,3978,买盘
1232,10:31:33,37.34,4117719,1103,买盘
1233,10:31:36,37.36,2817733,755,买盘
1234,10:31:39,37.38,5839377,1562,买盘
1235,10:31:42,37.37,1510107,404,卖盘
1236,10:31:45,37.39,5515013,1476,买盘
1237,10:31:48,37.37,3098343,829,卖盘
1238,10:31:51,37.3,3885706,1041,卖盘
1239,10:31:54,37.35,2585924,693,买盘
1240,10:31:57,37.33,5619274,1504,中性盘
1241,10:32:00,37.35,4226681,1132,买盘
1242,10:32:03,37.35,2081042,557,卖盘
1243,10:32:06,37.32,8253427,2211,卖盘
1244,10:32:09,37.34,7101915,1903,买盘
1245,10:32:12,37.33,2404866,645,买盘
1246,10:32:15,37.32,701391,188,中性盘
1247,10:32:18,37.3,2532247,679,中性盘
1248,10:32:21,37.31,1025585,275,买盘
1249,10:32:24,37.3,634019,170,中性盘
1250,10:32:27,37.23,3340488,897,卖盘
1251,10:32:30,37.22,1482317,398,卖盘
1252,10:32:33,37.2,845017,227,卖盘
1253,10:32:36,37.19,1801136,484,卖盘
1254,10:32:39,37.16,483518,130,卖盘
1255,10:32:42,37.2,453631,122,买盘
1256,10:32:45,37.15,587328,158,卖盘
1257,10:32:48,37.14,460751,124,卖盘
1258,10:32:51,37.14,1727241,465,卖盘
1259,10:32:54,37.14,9289746,2507,卖盘
1260,10:32:57,37.16,2054547,553,买盘
1261,10:33:00,37.15,8742351,2360,卖盘
1262,10:33:03,37.2,1122480,302,买盘
1263,10:33:06,37.21,2741351,737,买盘
1264,10:33:09,37.25,1031161,277,买盘
1265,10:33:12,37.24,752490,202,卖盘
1266,10:33:15,37.29,685795,184,买盘
1267,10:33:18,37.3,3226333,865,买盘
1268,10:33:21,37.35,5275425,1413,买盘
1269,10:33:24,37.35,2066269,553,卖盘
1270,10:33:27,37.39,485864,130,买盘
1271,10:33:30,37.38,2292584,613,中性盘
1272,10:33:33,37.4,6616536,1769,买盘
1273,10:33:36,37.44,1523089,407,买盘
1274,10:33:39,37.44,1384974,370,卖盘
1275,10:33:42,37.47,5493251,1467,买盘
1276,10:33:45,37.45,6831873,1823,卖盘
1277,10:33:48,37.48,7592169,2025,买盘
1278,10:33:51,37.5,13083540,3488,买盘
1279,10:33:54,37.58,4217229,1123,买盘
1280,10:33:57,37.58,1946236,518,买盘
1281,10:34:00,37.58,4041195,1076,买盘
1282,10:34:03,37.58,4887331,1300,卖盘
1283,10:34:06,37.6,3774707,1004,买盘
1284,10:34:09,37.62,6258231,1664,买盘
1285,10:34:12,37.62,2835886,754,买盘
1286,10:34:15,37.58,4776815,1270,卖盘
1287,10:34:18,37.62,14673709,3907,买盘
1288,10:34:21,37.62,2755182,733,买盘
1289,10:34:24,37.54,1461890,389,卖盘
1290,10:34:27,37.62,5127567,1363,买盘
1291,10:34:30,37.6,2366294,629,中性盘
1292,10:34:33,37.6,2108606,561,买盘
1293,10:34:36,37.6,2383855,634,买盘
1294,10:34:39,37.6,1003962,267,卖盘
1295,10:34:42,37.58,3812217,1014,卖盘
1296,10:34:45,37.62,2573212,684,买盘
1297,10:34:48,37.66,2502655,665,买盘
1298,10:34:51,37.62,1770321,471,卖盘
1299,10:34:54,37.62,2916878,775,买盘
1300,10:34:57,37.66,2766188,735,买盘
1301,10:35:00,37.62,5151777,1368,卖盘
1302,10:35:03,37.64,1768063,470,买盘
1303,10:35:06,37.63,824080,219,中性盘
1304,10:35:09,37.64,1151585,306,中性盘
1305,10:35:12,37.66,4555329,1210,买盘
1306,10:35:15,37.66,4599953,1222,买盘
1307,10:35:18,37.66,2616208,695,买盘
1308,10:35:21,37.66,3673637,976,买盘
1309,10:35:24,37.65,5253520,1395,买盘
1310,10:35:27,37.67,4239408,1126,买盘
1311,10:35:30,37.68,3551585,943,买盘
1312,10:35:33,37.65,1265648,336,卖盘
1313,10:35:36,37.68,2181378,579,买盘
1314,10:35:39,37.67,1084643,288,买盘
1315,10:35:42,37.66,1630842,433,卖盘
1316,10:35:45,37.65,6915490,1836,卖盘
1317,10:35:48,37.67,4327950,1149,卖盘
1318,10:35:51,37.65,1148598,305,卖盘
1319,10:35:54,37.66,3223531,856,买盘
1320,10:35:57,37.66,3118833,828,买盘
1321,10:36:00,37.65,5459925,1450,卖盘
1322,10:36:03,37.66,945195,251,买盘
1323,10:36:06,37.65,3343516,888,卖盘
1324,10:36:09,37.63,4666564,1240,卖盘
1325,10:36:12,37.62,5003296,1329,卖盘
1326,10:36:15,37.65,4105931,1091,买盘
1327,10:36:18,37.66,1298397,345,买盘
1328,10:36:21,37.61,1400162,372,卖盘
1329,10:36:24,37.62,4969585,1321,买盘
1330,10:36:27,37.62,2020837,537,买盘
1331,10:36:30,37.62,2480504,659,卖盘
1332,10:36:33,37.6,616737,164,卖盘
1333,10:36:36,37.55,2758680,734,卖盘
1334,10:36:39,37.54,536935,143,卖盘
1335,10:36:42,37.52,641864,171,卖盘
1336,10:36:45,37.52,382713,102,卖盘
1337,10:36:48,37.47,2524103,673,卖盘
1338,10:36:51,37.47,1140197,304,卖盘
1339,10:36:54,37.47,524647,140,卖盘
1340,10:36:57,37.45,2074985,554,卖盘
1341,10:37:00,37.5,2483008,663,买盘
1342,10:37:03,37.55,6340847,1690,买盘
1343,10:37:06,37.54,1610694,429,卖盘
1344,10:37:09,37.53,585625,156,卖盘
1345,10:37:12,37.54,746937,199,买盘
1346,10:37:15,37.59,3611522,962,买盘
1347,10:37:18,37.56,1465175,390,卖盘
1348,10:37:21,37.59,747947,199,中性盘
1349,10:37:24,37.59,1542299,410,卖盘
1350,10:37:27,37.57,830485,221,卖盘
1351,10:37:30,37.57,3131798,834,买盘
1352,10:37:33,37.57,510971,136,卖盘
1353,10:37:36,37.57,1791818,477,卖盘
1354,10:37:39,37.57,2576919,686,买盘
1355,10:37:42,37.57,903245,240,卖盘
1356,10:37:45,37.55,431960,115,中性盘
1357,10:37:48,37.57,1160451,309,买盘
1358,10:37:51,37.54,1362995,363,卖盘
1359,10:37:54,37.55,1167784,311,买盘
1360,10:37:57,37.54,1512989,403,卖盘
1361,10:38:00,37.54,1610255,429,卖盘
1362,10:38:03,37.54,837056,223,买盘
1363,10:38:06,37.54,1628924,434,买盘
1364,10:38:09,37.54,4252363,1133,买盘
1365,10:38:12,37.52,484124,129,卖盘
1366,10:38:15,37.53,258943,69,买盘
1367,10:38:18,37.52,1894798,505,卖盘
1368,10:38:21,37.52,532795,142,卖盘
1369,10:38:24,37.49,1646446,439,卖盘
1370,10:38:27,37.47,311089,83,卖盘
1371,10:38:30,37.46,547065,146,卖盘
1372,10:38:33,37.45,258512,69,卖盘
1373,10:38:36,37.42,501723,134,卖盘
1374,10:38:39,37.42,232016,62,卖盘
1375,10:38:42,37.54,12813793,3417,买盘
1376,10:38:45,37.58,13789190,3670,买盘
1377,10:38:48,37.66,10618022,2821,买盘
1378,10:38:51,37.53,29536019,7848,卖盘
1379,10:38:54,37.53,10027435,2672,买盘
1380,10:38:57,37.51,9299789,2478,中性盘
1381,10:39:00,37.53,2441989,651,买盘
1382,10:39:03,37.55,382898,102,中性盘
1383,10:39:06,37.54,883885,235,卖盘
1384,10:39:09,37.59,1340787,357,买盘
1385,10:39:12,37.55,811327,216,卖盘
1386,10:39:15,37.55,822684,219,卖盘
1387,10:39:18,37.6,2113531,563,买盘
1388,10:39:21,37.6,1496149,398,买盘
1389,10:39:24,37.6,3549277,944,买盘
1390,10:39:27,37.6,3612975,960,卖盘
1391,10:39:30,37.6,1567788,417,买盘
1392,10:39:33,37.6,1368631,364,买盘
1393,10:39:36,37.59,1823157,485,卖盘
1394,10:39:39,37.59,2202364,586,买盘
1395,10:39:42,37.55,1383105,368,卖盘
1396,10:39:45,37.55,777405,207,卖盘
1397,10:39:48,37.55,394225,105,买盘
1398,10:39:51,37.54,754688,201,中性盘
1399,10:39:54,37.55,420583,112,卖盘
1400,10:39:57,37.55,799937,213,卖盘
1401,10:40:00,37.54,1133877,302,卖盘
1402,10:40:03,37.54,187694,50,买盘
1403,10:40:06,37.54,596756,159,买盘
1404,10:40:09,37.54,1159761,309,买盘
1405,10:40:12,37.53,4070562,1084,卖盘
1406,10:40:15,37.57,1453010,387,买盘
1407,10:40:18,37.57,5446174,1450,卖盘
1408,10:40:21,37.6,4274606,1137,买盘
1409,10:40:24,37.62,3537224,941,买盘
1410,10:40:27,37.63,1433979,381,买盘
1411,10:40:30,37.66,3151414,837,买盘
1412,10:40:33,37.65,3776414,1003,卖盘
1413,10:40:36,37.65,2167987,576,卖盘
1414,10:40:39,37.6,643261,171,中性盘
1415,10:40:42,37.59,342122,91,卖盘
1416,10:40:45,37.59,541204,144,买盘
1417,10:40:48,37.59,1601158,426,买盘
1418,10:40:51,37.59,345797,92,买盘
1419,10:40:54,37.55,2036481,542,卖盘
1420,10:40:57,37.58,5458350,1454,买盘
1421,10:41:00,37.51,1041439,277,卖盘
1422,10:41:03,37.53,153925,41,中性盘
1423,10:41:06,37.56,476789,127,买盘
1424,10:41:09,37.53,491637,131,卖盘
1425,10:41:12,37.51,510235,136,卖盘
1426,10:41:15,37.51,739156,197,卖盘
1427,10:41:18,37.51,600164,160,卖盘
1428,10:41:21,37.51,2091428,557,卖盘
1429,10:41:24,37.51,828806,221,卖盘
1430,10:41:27,37.51,888845,237,买盘
1431,10:41:30,37.5,746265,199,卖盘
1432,10:41:33,37.5,813776,217,买盘
1433,10:41:36,37.48,1382836,369,卖盘
1434,10:41:39,37.51,5380886,1435,买盘
1435,10:41:42,37.55,4404129,1173,买盘
1436,10:41:45,37.59,4075014,1085,买盘
1437,10:41:48,37.6,4402076,1171,买盘
1438,10:41:51,37.62,2829821,752,买盘
1439,10:41:54,37.6,4875067,1295,卖盘
1440,10:41:57,37.6,4397377,1169,卖盘
1441,10:42:00,37.61,624190,166,中性盘
1442,10:42:03,37.61,1293588,344,买盘
1443,10:42:06,37.6,1604560,427,卖盘
1444,10:42:09,37.6,1049286,279,买盘
1445,10:42:12,37.61,778413,207,买盘
1446,10:42:15,37.61,1372499,365,买盘
1447,10:42:18,37.6,3260120,867,卖盘
1448,10:42:21,37.61,2421644,644,买盘
1449,10:42:24,37.6,627903,167,中性盘
1450,10:42:27,37.58,383301,102,卖盘
1451,10:42:30,37.6,180419,48,买盘
1452,10:42:33,37.58,1154063,307,卖盘
1453,10:42:36,37.57,1522571,405,中性盘
1454,10:42:39,37.58,1481076,394,买盘
1455,10:42:42,37.59,2319716,617,中性盘
1456,10:42:45,37.6,1774883,472,买盘
1457,10:42:48,37.59,1970433,524,卖盘
1458,10:42:51,37.6,658098,175,买盘
1459,10:42:54,37.61,1057286,281,买盘
1460,10:42:57,37.61,740907,197,卖盘
1461,10:43:00,37.6,1594432,424,卖盘
1462,10:43:03,37.61,1944801,517,买盘
1463,10:43:06,37.61,1090448,290,买盘
1464,10:43:09,37.6,3985736,1060,卖盘
1465,10:43:12,37.61,683832,182,买盘
1466,10:43:15,37.62,3569642,949,买盘
1467,10:43:18,37.63,1079894,287,买盘
1468,10:43:21,37.63,4370656,1161,卖盘
1469,10:43:24,37.65,4278084,1136,买盘
1470,10:43:27,37.67,5003264,1328,买盘
1471,10:43:30,37.69,911816,242,买盘
1472,10:43:33,37.69,2988755,793,买盘
1473,10:43:36,37.69,8925930,2368,买盘
1474,10:43:39,37.72,4512255,1197,买盘
1475,10:43:42,37.7,1651752,438,卖盘
1476,10:43:45,37.72,1572382,417,买盘
1477,10:43:48,37.72,11270822,2985,卖盘
1478,10:43:51,37.82,484507357,128123,买盘
1479,10:43:54,37.82,2673874,707,卖盘
1480,10:43:57,37.82,6353760,1680,卖盘
1481,10:44:00,37.82,5052752,1336,卖盘
1482,10:44:03,37.82,4867888,1287,卖盘
1483,10:44:06,37.82,9338022,2469,卖盘
1484,10:44:09,37.82,10484839,2772,卖盘
1485,10:44:12,37.82,6053091,1601,卖盘
1486,10:44:15,37.82,4027074,1065,卖盘
1487,10:44:18,37.82,5373541,1421,卖盘
1488,10:44:21,37.82,4058086,1073,卖盘
1489,10:44:24,37.82,4757378,1258,卖盘
1490,10:44:27,37.82,4334172,1146,卖盘
1491,10:44:30,37.82,3528606,933,卖盘
1492,10:44:33,37.82,10554881,2791,卖盘
1493,10:44:36,37.82,1497672,396,卖盘
1494,10:44:39,37.82,1449376,383,卖盘
1495,10:44:42,37.82,2218521,587,卖盘
1496,10:44:45,37.82,729548,193,卖盘
1497,10:44:48,37.82,1119472,296,卖盘
1498,10:44:51,37.82,1465525,388,卖盘
1499,10:44:54,37.82,1664080,440,卖盘
1500,10:44:57,37.82,1440942,381,卖盘
1501,10:45:00,37.82,3154188,834,卖盘
1502,10:45:03,37.82,1894782,501,卖盘
1503,10:45:06,37.82,2692784,712,卖盘
1504,10:45:09,37.82,1806813,478,卖盘
1505,10:45:12,37.82,12454126,3293,卖盘
1506,10:45:15,37.82,8993596,2378,卖盘
1507,10:45:18,37.82,3834948,1014,卖盘
1508,10:45:21,37.82,2057408,544,卖盘
1509,10:45:24,37.82,1918532,507,卖盘
1510,10:45:27,37.82,1078740,285,卖盘
1511,10:45:30,37.82,1002230,265,卖盘
1512,10:45:33,37.82,1357738,359,卖盘
1513,10:45:36,37.82,937936,248,卖盘
1514,10:45:39,37.82,1032486,273,卖盘
1515,10:45:42,37.82,2061190,545,卖盘
1516,10:45:45,37.82,42135262,11141,卖盘
1517,10:45:48,37.82,1164856,308,卖盘
1518,10:45:51,37.82,487878,129,卖盘
1519,10:45:54,37.82,1490108,394,卖盘
1520,10:45:57,37.82,6235762,1649,卖盘
1521,10:46:00,37.82,33474368,8851,卖盘
1522,10:46:03,37.82,32832110,8681,卖盘
1523,10:46:06,37.74,21642235,5723,卖盘
1524,10:46:09,37.74,3316319,878,卖盘
1525,10:46:12,37.82,6579167,1740,买盘
1526,10:46:15,37.8,9138666,2417,中性盘
1527,10:46:18,37.75,3160779,836,卖盘
1528,10:46:21,37.75,5970525,1580,卖盘
1529,10:46:24,37.75,5560617,1473,买盘
1530,10:46:27,37.73,4788307,1268,卖盘
1531,10:46:30,37.75,3323927,879,买盘
1532,10:46:33,37.75,1325372,351,卖盘
1533,10:46:36,37.75,3066433,812,卖盘
1534,10:46:39,37.75,4849415,1284,卖盘
1535,10:46:42,37.79,3012213,798,买盘
1536,10:46:45,37.75,3265619,865,卖盘
1537,10:46:48,37.75,2542078,673,卖盘
1538,10:46:51,37.76,1174293,311,中性盘
1539,10:46:54,37.75,2345025,621,卖盘
1540,10:46:57,37.79,4097081,1085,买盘
1541,10:47:00,37.78,14340425,3794,卖盘
1542,10:47:03,37.74,845870,224,中性盘
1543,10:47:06,37.75,660434,175,买盘
1544,10:47:09,37.71,3325484,881,卖盘
1545,10:47:12,37.71,1643249,436,卖盘
1546,10:47:15,37.7,6755232,1792,卖盘
1547,10:47:18,37.69,746435,198,卖盘
1548,10:47:21,37.69,825422,219,买盘
1549,10:47:24,37.68,1729589,459,卖盘
1550,10:47:27,37.67,617836,164,卖盘
1551,10:47:30,37.66,1953830,519,卖盘
1552,10:47:33,37.65,948734,252,买盘
1553,10:47:36,37.64,1835101,488,卖盘
1554,10:47:39,37.6,2479351,659,中性盘
1555,10:47:42,37.59,454700,121,中性盘
1556,10:47:45,37.64,5748826,1529,买盘
1557,10:47:48,37.65,5136818,1365,买盘
1558,10:47:51,37.68,7992926,2122,买盘
1559,10:47:54,37.67,2659801,706,卖盘
1560,10:47:57,37.71,6552086,1737,买盘
1561,10:48:00,37.67,2213600,587,卖盘
1562,10:48:03,37.68,1265937,336,买盘
1563,10:48:06,37.68,926828,246,卖盘
1564,10:48:09,37.67,1823666,484,卖盘
1565,10:48:12,37.67,1627932,432,卖盘
1566,10:48:15,37.68,2392378,635,买盘
1567,10:48:18,37.7,2569620,682,买盘
1568,10:48:21,37.67,2272813,603,卖盘
1569,10:48:24,37.67,335251,89,买盘
1570,10:48:27,37.66,1491587,396,卖盘
1571,10:48:30,37.63,2368277,629,卖盘
1572,10:48:33,37.65,1692709,450,买盘
1573,10:48:36,37.62,511562,136,卖盘
1574,10:48:39,37.62,2002101,532,买盘
1575,10:48:42,37.61,1846793,491,卖盘
1576,10:48:45,37.6,1812127,482,卖盘
1577,10:48:48,37.59,770645,205,卖盘
1578,10:48:51,37.56,1243688,331,卖盘
1579,10:48:54,37.55,439370,117,卖盘
1580,10:48:57,37.53,811094,216,卖盘
1581,10:49:00,37.52,1655822,441,卖盘
1582,10:49:03,37.51,4118858,1098,卖盘
1583,10:49:06,37.5,2486369,663,卖盘
1584,10:49:09,37.48,5877445,1567,卖盘
1585,10:49:12,37.48,3220989,859,卖盘
1586,10:49:15,37.49,2507863,669,买盘
1587,10:49:18,37.51,3571995,953,买盘
1588,10:49:21,37.5,4226023,1127,卖盘
1589,10:49:24,37.5,4297346,1146,买盘
1590,10:49:27,37.5,1784790,476,买盘
1591,10:49:30,37.49,1653459,441,卖盘
1592,10:49:33,37.49,9030278,2408,买盘
1593,10:49:36,37.49,1536865,410,卖盘
1594,10:49:39,37.5,3624354,967,买盘
1595,10:49:42,37.49,1940823,518,买盘
1596,10:49:45,37.48,1139593,304,中性盘
1597,10:49:48,37.48,745858,199,卖盘
1598,10:49:51,37.48,1229102,328,买盘
1599,10:49:54,37.47,1337394,357,买盘
1600,10:49:57,37.45,1591852,425,卖盘
1601,10:50:00,37.45,1438292,384,卖盘
1602,10:50:03,37.42,1337604,357,卖盘
1603,10:50:06,37.41,1532911,410,卖盘
1604,10:50:09,37.4,1612695,431,卖盘
1605,10:50:12,37.39,2272070,607,卖盘
1606,10:50:15,37.39,1835651,491,卖盘
1607,10:50:18,37.38,1363861,365,卖盘
1608,10:50:21,37.36,2096450,561,卖盘
1609,10:50:24,37.34,1494040,400,卖盘
1610,10:50:27,37.34,1553508,416,卖盘
1611,10:50:30,37.36,3277630,878,买盘
1612,10:50:33,37.34,4621454,1237,卖盘
1613,10:50:36,37.35,2718857,728,买盘
1614,10:50:39,37.37,3329806,891,买盘
1615,10:50:42,37.39,3139309,840,买盘
1616,10:50:45,37.39,4257368,1138,买盘
1617,10:50:48,37.39,1656488,443,卖盘
1618,10:50:51,37.39,5721280,1530,卖盘
1619,10:50:54,37.41,3458169,925,买盘
1620,10:50:57,37.4,2958956,791,卖盘
1621,10:51:00,37.42,314328,84,卖盘
1622,10:51:03,37.42,1583550,423,卖盘
1623,10:51:06,37.43,1403456,375,卖盘
1624,10:51:09,37.46,992258,265,买盘
1625,10:51:12,37.43,662805,177,卖盘
1626,10:51:15,37.45,464295,124,买盘
1627,10:51:18,37.45,898871,240,买盘
1628,10:51:21,37.47,1052567,281,买盘
1629,10:51:24,37.45,1442342,385,卖盘
1630,10:51:27,37.47,1341417,358,买盘
1631,10:51:30,37.46,1656878,442,卖盘
1632,10:51:33,37.47,607010,162,买盘
1633,10:51:36,37.47,1630266,435,卖盘
1634,10:51:39,37.49,1341656,358,中性盘
1635,10:51:42,37.49,2201079,587,中性盘
1636,10:51:45,37.5,176251,47,卖盘
1637,10:51:48,37.51,914556,244,买盘
1638,10:51:51,37.53,1295131,345,买盘
1639,10:51:54,37.53,495301,132,卖盘
1640,10:51:57,37.55,514355,137,买盘
1641,10:52:00,37.52,698069,186,卖盘
1642,10:52:03,37.55,2057500,548,买盘
1643,10:52:06,37.58,969339,258,买盘
1644,10:52:09,37.58,777133,207,买盘
1645,10:52:12,37.58,448866,120,买盘
1646,10:52:15,37.58,1080414,288,卖盘
1647,10:52:18,37.71,13322730,3534,买盘
1648,10:52:21,37.63,391788,104,卖盘
1649,10:52:24,37.78,2719848,721,买盘
1650,10:52:27,37.78,2018295,534,中性盘
1651,10:52:30,37.7,1356314,359,中性盘
1652,10:52:33,37.7,761701,202,买盘
1653,10:52:36,37.65,911893,242,卖盘
1654,10:52:39,37.67,489468,130,买盘
1655,10:52:42,37.7,1070255,284,买盘
1656,10:52:45,37.67,828833,220,中性盘
1657,10:52:48,37.68,636824,169,买盘
1658,10:52:51,37.65,2264357,601,卖盘
1659,10:52:54,37.63,1039690,276,卖盘
1660,10:52:57,37.7,2518599,668,买盘
1661,10:53:00,37.64,444328,118,卖盘
1662,10:53:03,37.65,203282,54,买盘
1663,10:53:06,37.63,1559135,414,卖盘
1664,10:53:09,37.68,644274,171,买盘
1665,10:53:12,37.7,2276943,604,买盘
1666,10:53:15,37.7,923632,245,卖盘
1667,10:53:18,37.7,2013146,534,卖盘
1668,10:53:21,37.7,1710292,454,卖盘
1669,10:53:24,37.7,980351,260,卖盘
1670,10:53:27,37.7,799118,212,买盘
1671,10:53:30,37.7,742509,197,买盘
1672,10:53:33,37.7,305258,81,买盘
1673,10:53:36,37.68,79123,21,中性盘
1674,10:53:39,37.67,241121,64,卖盘
1675,10:53:42,37.68,708267,188,买盘
1676,10:53:45,37.67,591356,157,中性盘
1677,10:53:48,37.67,1295443,344,买盘
1678,10:53:51,37.66,1295343,344,中性盘
1679,10:53:54,37.62,992787,264,卖盘
1680,10:53:57,37.64,914750,243,买盘
1681,10:54:00,37.61,541727,144,卖盘
1682,10:54:03,37.6,559706,149,卖盘
1683,10:54:06,37.6,338397,90,买盘
1684,10:54:09,37.58,375939,100,卖盘
1685,10:54:12,37.57,161602,43,卖盘
1686,10:54:15,37.58,385156,103,中性盘
1687,10:54:18,37.57,424342,113,中性盘
1688,10:54:21,37.57,924202,246,买盘
1689,10:54:24,37.54,3028224,806,卖盘
1690,10:54:27,37.53,1400592,373,卖盘
1691,10:54:30,37.53,390182,104,买盘
1692,10:54:33,37.51,315048,84,卖盘
1693,10:54:36,37.51,1504414,401,买盘
1694,10:54:39,37.51,2115363,564,卖盘
1695,10:54:42,37.5,517535,138,卖盘
1696,10:54:45,37.51,367522,98,买盘
1697,10:54:48,37.49,71236,19,卖盘
1698,10:54:51,37.48,1566838,418,卖盘
1699,10:54:54,37.52,5704155,1521,买盘
1700,10:54:57,37.5,2119491,565,卖盘
1701,10:55:00,37.51,1496321,399,中性盘
1702,10:55:03,37.51,836297,223,买盘
1703,10:55:06,37.51,787563,210,买盘
1704,10:55:09,37.5,1342755,358,买盘
1705,10:55:12,37.52,1127324,301,买盘
1706,10:55:15,37.5,825052,220,卖盘
1707,10:55:18,37.5,446192,119,卖盘
1708,10:55:21,37.5,689941,184,买盘
1709,10:55:24,37.5,821198,219,卖盘
1710,10:55:27,37.49,1425042,380,卖盘
1711,10:55:30,37.49,311197,83,卖盘
1712,10:55:33,37.49,247403,66,买盘
1713,10:55:36,37.49,2339558,624,买盘
1714,10:55:39,37.5,1188596,317,买盘
1715,10:55:42,37.48,1076209,287,卖盘
1716,10:55:45,37.5,956045,255,买盘
1717,10:55:48,37.48,993348,265,卖盘
1718,10:55:51,37.48,931027,248,卖盘
1719,10:55:54,37.48,1900374,507,买盘
1720,10:55:57,37.48,727117,194,卖盘
1721,10:56:00,37.47,1109615,296,卖盘
1722,10:56:03,37.47,1180719,315,卖盘
1723,10:56:06,37.47,547133,146,卖盘
1724,10:56:09,37.47,1751168,467,卖盘
1725,10:56:12,37.47,5319804,1419,卖盘
1726,10:56:15,37.5,4435703,1183,买盘
1727,10:56:18,37.5,2403484,641,买盘
1728,10:56:21,37.49,1076104,287,卖盘
1729,10:56:24,37.48,1896461,506,卖盘
1730,10:56:27,37.48,2510248,670,买盘
1731,10:56:30,37.48,1304336,348,买盘
1732,10:56:33,37.47,2485659,663,卖盘
1733,10:56:36,37.49,745991,199,买盘
1734,10:56:39,37.47,391743,105,卖盘
1735,10:56:42,37.47,179905,48,卖盘
1736,10:56:45,37.48,577100,154,买盘
1737,10:56:48,37.47,270555,72,卖盘
1738,10:56:51,37.47,2237378,597,卖盘
1739,10:56:54,37.49,2718242,725,买盘
1740,10:56:57,37.48,524791,140,卖盘
1741,10:57:00,37.48,614660,164,卖盘
1742,10:57:03,37.48,2252782,601,卖盘
1743,10:57:06,37.48,1060683,283,买盘
1744,10:57:09,37.48,427301,114,买盘
1745,10:57:12,37.49,2400504,640,买盘
1746,10:57:15,37.5,4155473,1108,买盘
1747,10:57:18,37.5,1162496,310,卖盘
1748,10:57:21,37.5,892513,238,卖盘
1749,10:57:24,37.49,1301066,347,卖盘
1750,10:57:27,37.49,292401,78,买盘
1751,10:57:30,37.49,491022,131,买盘
1752,10:57:33,37.49,1841019,491,买盘
1753,10:57:36,37.48,1344911,359,卖盘
1754,10:57:39,37.48,78708,21,买盘
1755,10:57:42,37.48,266050,71,买盘
1756,10:57:45,37.47,539700,144,卖盘
1757,10:57:48,37.48,371005,99,买盘
1758,10:57:51,37.47,281055,75,卖盘
1759,10:57:54,37.48,846967,226,买盘
1760,10:57:57,37.47,2645909,706,卖盘
1761,10:58:00,37.48,1611599,430,买盘
1762,10:58:03,37.48,883562,236,卖盘
1763,10:58:06,37.48,805650,215,买盘
1764,10:58:09,37.49,1833628,489,买盘
1765,10:58:12,37.49,4684640,1249,卖盘
1766,10:58:15,37.55,1506042,401,买盘
1767,10:58:18,37.56,533345,142,卖盘
1768,10:58:21,37.57,390694,104,买盘
1769,10:58:24,37.58,1511615,402,买盘
1770,10:58:27,37.59,1552752,413,买盘
1771,10:58:30,37.6,1895536,504,买盘
1772,10:58:33,37.64,342424,91,买盘
1773,10:58:36,37.65,1306775,347,买盘
1774,10:58:39,37.68,1069755,284,买盘
1775,10:58:42,37.68,531217,141,买盘
1776,10:58:45,37.67,2087205,554,卖盘
1777,10:58:48,37.66,188311,50,卖盘
1778,10:58:51,37.68,870223,231,买盘
1779,10:58:54,37.67,252404,67,卖盘
1780,10:58:57,37.67,388076,103,卖盘
1781,10:59:00,37.67,3934560,1044,卖盘
1782,10:59:03,37.68,1828010,485,买盘
1783,10:59:06,37.68,1177457,312,卖盘
1784,10:59:09,37.69,1895483,503,中性盘
1785,10:59:12,37.71,1903923,505,买盘
1786,10:59:15,37.71,754128,200,卖盘
1787,10:59:18,37.71,181011,48,卖盘
1788,10:59:21,37.71,320592,85,卖盘
1789,10:59:24,37.76,4890650,1296,买盘
1790,10:59:27,37.76,698427,185,买盘
1791,10:59:30,37.78,2299956,609,买盘
1792,10:59:33,37.78,838578,222,买盘
1793,10:59:36,37.78,490458,130,买盘
1794,10:59:39,37.8,6304041,1668,买盘
1795,10:59:42,37.78,4516889,1195,买盘
1796,10:59:45,37.79,1405821,372,买盘
1797,10:59:48,37.82,61903284,16370,买盘
1798,10:59:51,37.82,119299855,31544,买盘
1799,10:59:54,37.82,964410,255,卖盘
1800,10:59:57,37.82,7004264,1852,卖盘
1801,11:00:00,37.82,1728374,457,卖盘
1802,11:00:03,37.82,2082369,551,卖盘
1803,11:00:06,37.82,5124610,1355,卖盘
1804,11:00:09,37.82,5423388,1434,卖盘
1805,11:00:12,37.82,3176880,840,卖盘
1806,11:00:15,37.82,1429596,378,卖盘
1807,11:00:18,37.82,1361520,360,卖盘
1808,11:00:21,37.82,1229150,325,卖盘
1809,11:00:24,37.82,4863652,1286,卖盘
1810,11:00:27,37.82,1191330,315,卖盘
1811,11:00:30,37.82,1259406,333,卖盘
1812,11:00:33,37.82,8014058,2119,卖盘
1813,11:00:36,37.82,1758630,465,卖盘
1814,11:00:39,37.82,631594,167,卖盘
1815,11:00:42,37.82,4549746,1203,卖盘
1816,11:00:45,37.82,1875872,496,卖盘
1817,11:00:48,37.82,3800116,1005,卖盘
1818,11:00:51,37.82,480314,127,卖盘
1819,11:00:54,37.82,1375513,364,卖盘
1820,11:00:57,37.82,336598,89,卖盘
1821,11:01:00,37.82,794220,210,卖盘
1822,11:01:03,37.82,843386,223,卖盘
1823,11:01:06,37.82,147498,39,卖盘
1824,11:01:09,37.82,431148,114,卖盘
1825,11:01:12,37.82,336598,89,卖盘
1826,11:01:15,37.82,1879654,497,卖盘
1827,11:01:18,37.82,801784,212,卖盘
1828,11:01:21,37.82,2272982,601,卖盘
1829,11:01:24,37.82,987102,261,卖盘
1830,11:01:27,37.82,1384212,366,卖盘
1831,11:01:30,37.82,109678,29,卖盘
1832,11:01:33,37.82,552172,146,卖盘
1833,11:01:36,37.82,975756,258,卖盘
1834,11:01:39,37.82,574864,152,卖盘
1835,11:01:42,37.82,646722,171,卖盘
1836,11:01:45,37.82,374418,99,卖盘
1837,11:01:48,37.82,624030,165,卖盘
1838,11:01:51,37.82,238266,63,卖盘
1839,11:01:54,37.82,7843868,2074,卖盘
1840,11:01:57,37.82,1179984,312,卖盘
1841,11:02:00,37.82,567300,150,卖盘
1842,11:02:03,37.82,102114,27,卖盘
1843,11:02:06,37.82,631594,167,卖盘
1844,11:02:09,37.82,2288110,605,卖盘
1845,11:02:12,37.82,329034,87,卖盘
1846,11:02:15,37.82,313906,83,卖盘
1847,11:02:18,37.82,1058960,280,卖盘
1848,11:02:21,37.82,211792,56,卖盘
1849,11:02:24,37.82,631594,167,卖盘
1850,11:02:27,37.82,404674,107,卖盘
1851,11:02:30,37.82,230702,61,卖盘
1852,11:02:33,37.82,332816,88,卖盘
1853,11:02:36,37.82,1266970,335,卖盘
1854,11:02:39,37.82,737490,195,卖盘
1855,11:02:42,37.82,143716,38,卖盘
1856,11:02:45,37.82,64294,17,卖盘
1857,11:02:48,37.82,2866756,758,卖盘
1858,11:02:51,37.82,412238,109,卖盘
1859,11:02:54,37.82,465186,123,卖盘
1860,11:02:57,37.82,124579,33,卖盘
1861,11:03:00,37.82,163988,43,卖盘
1862,11:03:03,37.82,302560,80,卖盘
1863,11:03:06,37.82,185318,49,卖盘
1864,11:03:09,37.82,832040,220,卖盘
1865,11:03:12,37.82,669414,177,卖盘
1866,11:03:15,37.82,597556,158,卖盘
1867,11:03:18,37.82,151280,40,卖盘
1868,11:03:21,37.82,654286,173,卖盘
1869,11:03:24,37.82,291214,77,卖盘
1870,11:03:27,37.82,283650,75,卖盘
1871,11:03:30,37.82,105896,28,卖盘
1872,11:03:33,37.82,94550,25,卖盘
1873,11:03:36,37.82,398244,105,卖盘
1874,11:03:39,37.82,192882,51,卖盘
1875,11:03:42,37.82,102114,27,卖盘
1876,11:03:45,37.82,555954,147,卖盘
1877,11:03:48,37.82,3971100,1050,卖盘
1878,11:03:51,37.82,170190,45,卖盘
1879,11:03:54,37.82,468968,124,卖盘
1880,11:03:57,37.82,272304,72,卖盘
1881,11:04:00,37.82,60512,16,卖盘
1882,11:04:03,37.82,147498,39,卖盘
1883,11:04:06,37.82,245830,65,卖盘
1884,11:04:09,37.82,397110,105,卖盘
1885,11:04:12,37.82,287432,76,卖盘
1886,11:04:15,37.82,105896,28,卖盘
1887,11:04:18,37.82,858514,227,卖盘
1888,11:04:21,37.82,279868,74,卖盘
1889,11:04:24,37.82,332816,88,卖盘
1890,11:04:27,37.82,44023,12,卖盘
1891,11:04:30,37.82,109678,29,卖盘
1892,11:04:33,37.82,226920,60,卖盘
1893,11:04:36,37.82,94550,25,卖盘
1894,11:04:39,37.82,79422,21,卖盘
1895,11:04:42,37.82,226920,60,卖盘
1896,11:04:45,37.82,361181,96,卖盘
1897,11:04:48,37.82,442872,117,卖盘
1898,11:04:51,37.82,637759,169,卖盘
1899,11:04:54,37.82,669414,177,卖盘
1900,11:04:57,37.82,317688,84,卖盘
1901,11:05:00,37.82,779092,206,卖盘
1902,11:05:03,37.82,419802,111,卖盘
1903,11:05:06,37.82,60512,16,卖盘
1904,11:05:09,37.82,3301686,873,卖盘
1905,11:05:12,37.82,272304,72,卖盘
1906,11:05:15,37.82,124201,33,卖盘
1907,11:05:18,37.82,204228,54,卖盘
1908,11:05:21,37.82,3498350,925,卖盘
1909,11:05:24,37.82,166408,44,卖盘
1910,11:05:27,37.82,121024,32,卖盘
1911,11:05:30,37.82,102114,27,卖盘
1912,11:05:33,37.82,544608,144,卖盘
1913,11:05:36,37.82,185318,49,卖盘
1914,11:05:39,37.82,177754,47,卖盘
1915,11:05:42,37.82,453840,120,卖盘
1916,11:05:45,37.82,11346,3,卖盘
1917,11:05:48,37.82,71858,19,卖盘
1918,11:05:51,37.82,370636,98,卖盘
1919,11:05:54,37.82,105896,28,卖盘
1920,11:05:57,37.82,276086,73,卖盘
1921,11:06:00,37.82,52948,14,卖盘
1922,11:06:03,37.82,132370,35,卖盘
1923,11:06:06,37.82,491660,130,卖盘
1924,11:06:09,37.82,27230,7,卖盘
1925,11:06:12,37.82,181536,48,卖盘
1926,11:06:15,37.82,196664,52,卖盘
1927,11:06:18,37.82,366854,97,卖盘
1928,11:06:21,37.82,109678,29,卖盘
1929,11:06:24,37.82,68076,18,卖盘
1930,11:06:27,37.82,132370,35,卖盘
1931,11:06:30,37.82,438712,116,卖盘
1932,11:06:33,37.82,139934,37,卖盘
1933,11:06:36,37.82,404674,107,卖盘
1934,11:06:39,37.82,3971100,1050,卖盘
1935,11:06:42,37.82,256798,68,卖盘
1936,11:06:45,37.82,491660,130,卖盘
1937,11:06:48,37.82,257176,68,卖盘
1938,11:06:51,37.82,215574,57,卖盘
1939,11:06:54,37.82,124806,33,卖盘
1940,11:06:57,37.82,801784,212,卖盘
1941,11:07:00,37.82,945500,250,卖盘
1942,11:07:03,37.82,487878,129,卖盘
1943,11:07:06,37.82,208010,55,卖盘
1944,11:07:09,37.82,359290,95,卖盘
1945,11:07:12,37.82,336598,89,卖盘
1946,11:07:15,37.82,408456,108,卖盘
1947,11:07:18,37.82,627812,166,卖盘
1948,11:07:21,37.82,1331264,352,卖盘
1949,11:07:24,37.82,117242,31,卖盘
1950,11:07:27,37.82,313906,83,卖盘
1951,11:07:30,37.82,960628,254,卖盘
1952,11:07:33,37.82,461404,122,卖盘
1953,11:07:36,37.82,5627616,1488,卖盘
1954,11:07:39,37.82,597556,158,卖盘
1955,11:07:42,37.82,272304,72,卖盘
1956,11:07:45,37.82,234484,62,卖盘
1957,11:07:48,37.82,635376,168,卖盘
1958,11:07:51,37.82,79422,21,卖盘
1959,11:07:54,37.82,393328,104,卖盘
1960,11:07:57,37.82,170190,45,卖盘
1961,11:08:00,37.82,332816,88,卖盘
1962,11:08:03,37.82,18910,5,卖盘
1963,11:08:06,37.82,181536,48,卖盘
1964,11:08:09,37.82,83204,22,卖盘
1965,11:08:12,37.82,56730,15,卖盘
1966,11:08:15,37.82,102114,27,卖盘
1967,11:08:18,37.82,117242,31,卖盘
1968,11:08:21,37.82,121024,32,卖盘
1969,11:08:24,37.82,151280,40,卖盘
1970,11:08:27,37.82,56730,15,卖盘
1971,11:08:30,37.82,41602,11,卖盘
1972,11:08:33,37.82,147498,39,卖盘
1973,11:08:36,37.82,506788,134,卖盘
1974,11:08:39,37.82,71858,19,卖盘
1975,11:08:42,37.82,189100,50,卖盘
1976,11:08:45,37.82,219356,58,卖盘
1977,11:08:48,37.82,83204,22,卖盘
1978,11:08:51,37.82,102114,27,卖盘
1979,11:08:54,37.82,68076,18,卖盘
1980,11:08:57,37.82,52948,14,卖盘
1981,11:09:00,37.82,113460,30,卖盘
1982,11:09:03,37.82,200446,53,卖盘
1983,11:09:06,37.82,121024,32,卖盘
1984,11:09:09,37.82,586210,155,卖盘
1985,11:09:12,37.82,1594340,422,卖盘
1986,11:09:15,37.82,64294,17,卖盘
1987,11:09:18,37.82,98332,26,卖盘
1988,11:09:21,37.82,234484,62,卖盘
1989,11:09:24,37.82,487878,129,卖盘
1990,11:09:27,37.82,102114,27,卖盘
1991,11:09:30,37.82,1085434,287,卖盘
1992,11:09:33,37.82,404674,107,卖盘
1993,11:09:36,37.82,223138,59,卖盘
1994,11:09:39,37.82,113460,30,卖盘
1995,11:09:42,37.82,332816,88,卖盘
1996,11:09:45,37.82,26474,7,卖盘
1997,11:09:48,37.82,45384,12,卖盘
1998,11:09:51,37.82,245830,65,卖盘
1999,11:09:54,37.82,226920,60,卖盘
2000,11:09:57,37.82,52948,14,卖盘
2001,11:10:00,37.82,132370,35,卖盘
2002,11:10:03,37.82,37820,10,卖盘
2003,11:10:06,37.82,117242,31,卖盘
2004,11:10:09,37.82,121024,32,卖盘
2005,11:10:12,37.82,245830,65,卖盘
2006,11:10:15,37.82,11346,3,卖盘
2007,11:10:18,37.82,94550,25,卖盘
2008,11:10:21,37.82,385764,102,卖盘
2009,11:10:27,37.82,306342,81,卖盘
2010,11:10:30,37.82,1255624,332,卖盘
2011,11:10:33,37.82,151280,40,卖盘
2012,11:10:36,37.82,589992,156,卖盘
2013,11:10:39,37.82,49166,13,卖盘
2014,11:10:42,37.82,192882,51,卖盘
2015,11:10:45,37.82,1153510,305,卖盘
2016,11:10:48,37.82,79422,21,卖盘
2017,11:10:51,37.82,71858,19,卖盘
2018,11:10:54,37.82,86986,23,卖盘
2019,11:10:57,37.82,37820,10,卖盘
2020,11:11:00,37.82,143716,38,卖盘
2021,11:11:03,37.82,132370,35,卖盘
2022,11:11:06,37.82,64294,17,卖盘
2023,11:11:09,37.82,56730,15,卖盘
2024,11:11:12,37.82,1425814,377,卖盘
2025,11:11:15,37.82,71858,19,卖盘
2026,11:11:18,37.82,18910,5,卖盘
2027,11:11:21,37.82,1293444,342,卖盘
2028,11:11:24,37.82,423584,112,卖盘
2029,11:11:27,37.82,41602,11,卖盘
2030,11:11:30,37.82,71858,19,卖盘
2031,11:11:33,37.82,226920,60,卖盘
2032,11:11:36,37.82,83204,22,卖盘
2033,11:11:39,37.82,1202373,318,卖盘
2034,11:11:42,37.82,86986,23,卖盘
2035,11:11:45,37.82,124806,33,卖盘
2036,11:11:48,37.82,718580,190,卖盘
2037,11:11:51,37.82,117242,31,卖盘
2038,11:11:54,37.82,147498,39,卖盘
2039,11:11:57,37.82,90768,24,卖盘
2040,11:12:00,37.82,71858,19,卖盘
2041,11:12:03,37.82,132370,35,卖盘
2042,11:12:06,37.82,230702,61,卖盘
2043,11:12:09,37.82,128588,34,卖盘
2044,11:12:12,37.82,177754,47,卖盘
2045,11:12:15,37.82,71858,19,卖盘
2046,11:12:18,37.82,109678,29,卖盘
2047,11:12:21,37.82,18910,5,卖盘
2048,11:12:24,37.82,396656,105,卖盘
2049,11:12:27,37.82,136152,36,卖盘
2050,11:12:30,37.82,117242,31,卖盘
2051,11:12:33,37.82,124806,33,卖盘
2052,11:12:36,37.82,215574,57,卖盘
2053,11:12:39,37.82,34038,9,卖盘
2054,11:12:42,37.82,22692,6,卖盘
2055,11:12:45,37.82,106653,28,卖盘
2056,11:12:48,37.82,109678,29,卖盘
2057,11:12:51,37.82,291214,77,卖盘
2058,11:12:54,37.82,15128,4,卖盘
2059,11:12:57,37.82,102114,27,卖盘
2060,11:13:00,37.82,18910,5,卖盘
2061,11:13:03,37.82,287432,76,卖盘
2062,11:13:06,37.82,3782,1,卖盘
2063,11:13:09,37.82,808743,214,卖盘
2064,11:13:12,37.82,60512,16,卖盘
2065,11:13:15,37.82,7564,2,卖盘
2066,11:13:18,37.82,566921,150,卖盘
2067,11:13:21,37.82,109678,29,卖盘
2068,11:13:24,37.82,189100,50,卖盘
2069,11:13:27,37.82,30256,8,卖盘
2070,11:13:30,37.82,98332,26,卖盘
2071,11:13:33,37.82,374418,99,卖盘
2072,11:13:36,37.82,185318,49,卖盘
2073,11:13:39,37.82,56730,15,卖盘
2074,11:13:42,37.82,83204,22,卖盘
2075,11:13:45,37.82,226920,60,卖盘
2076,11:13:48,37.82,30256,8,卖盘
2077,11:13:51,37.82,100337,27,卖盘
2078,11:13:54,37.82,234484,62,卖盘
2079,11:13:57,37.82,548390,145,卖盘
2080,11:14:00,37.82,336598,89,卖盘
2081,11:14:03,37.82,26474,7,卖盘
2082,11:14:06,37.82,38274,10,卖盘
2083,11:14:09,37.82,7564,2,卖盘
2084,11:14:12,37.82,75640,20,卖盘
2085,11:14:15,37.82,226920,60,卖盘
2086,11:14:18,37.82,60512,16,卖盘
2087,11:14:21,37.82,90768,24,卖盘
2088,11:14:24,37.82,236904,63,卖盘
2089,11:14:27,37.82,2420480,640,卖盘
2090,11:14:30,37.82,86986,23,卖盘
2091,11:14:33,37.82,11346,3,卖盘
2092,11:14:36,37.82,68076,18,卖盘
2093,11:14:39,37.82,155062,41,卖盘
2094,11:14:42,37.82,6342414,1677,卖盘
2095,11:14:45,37.82,94550,25,卖盘
2096,11:14:48,37.82,71858,19,卖盘
2097,11:14:51,37.82,34038,9,卖盘
2098,11:14:54,37.82,264740,70,卖盘
2099,11:14:57,37.82,86986,23,卖盘
2100,11:15:00,37.82,26474,7,卖盘
2101,11:15:03,37.82,457622,121,卖盘
2102,11:15:06,37.82,230702,61,卖盘
2103,11:15:09,37.82,124806,33,卖盘
2104,11:15:12,37.82,185318,49,卖盘
2105,11:15:15,37.82,15128,4,卖盘
2106,11:15:18,37.82,162626,43,卖盘
2107,11:15:21,37.82,52948,14,卖盘
2108,11:15:24,37.82,249612,66,卖盘
2109,11:15:27,37.82,121024,32,卖盘
2110,11:15:30,37.82,117242,31,卖盘
2111,11:15:33,37.82,102114,27,卖盘
2112,11:15:36,37.82,143716,38,卖盘
2113,11:15:39,37.82,196664,52,卖盘
2114,11:15:42,37.82,313906,83,卖盘
2115,11:15:45,37.82,189100,50,卖盘
2116,11:15:48,37.82,90768,24,卖盘
2117,11:15:51,37.82,18910,5,卖盘
2118,11:15:54,37.82,60512,16,卖盘
2119,11:15:57,37.82,18910,5,卖盘
2120,11:16:00,37.82,75640,20,卖盘
2121,11:16:03,37.82,75640,20,卖盘
2122,11:16:06,37.82,760182,201,卖盘
2123,11:16:09,37.82,79422,21,卖盘
2124,11:16:12,37.82,26474,7,卖盘
2125,11:16:15,37.82,34038,9,卖盘
2126,11:16:18,37.82,34038,9,卖盘
2127,11:16:21,37.82,956846,253,卖盘
2128,11:16:24,37.82,166408,44,卖盘
2129,11:16:27,37.82,7564,2,卖盘
2130,11:16:30,37.82,185318,49,卖盘
2131,11:16:33,37.82,18910,5,卖盘
2132,11:16:36,37.82,3782,1,卖盘
2133,11:16:39,37.82,132370,35,卖盘
2134,11:16:42,37.82,18910,5,卖盘
2135,11:16:45,37.82,121024,32,卖盘
2136,11:16:48,37.82,22692,6,卖盘
2137,11:16:51,37.82,56730,15,卖盘
2138,11:16:54,37.82,102114,27,卖盘
2139,11:16:57,37.82,3782,1,卖盘
2140,11:17:00,37.82,211792,56,卖盘
2141,11:17:03,37.82,117242,31,卖盘
2142,11:17:06,37.82,204228,54,卖盘
2143,11:17:09,37.82,408456,108,卖盘
2144,11:17:12,37.82,75640,20,卖盘
2145,11:17:15,37.82,45384,12,卖盘
2146,11:17:18,37.82,30256,8,卖盘
2147,11:17:21,37.82,465186,123,卖盘
2148,11:17:24,37.82,98332,26,卖盘
2149,11:17:27,37.82,30256,8,卖盘
2150,11:17:30,37.82,18910,5,卖盘
2151,11:17:33,37.82,52948,14,卖盘
2152,11:17:36,37.82,15128,4,卖盘
2153,11:17:39,37.82,52948,14,卖盘
2154,11:17:42,37.82,3782,1,卖盘
2155,11:17:45,37.82,3782,1,卖盘
2156,11:17:48,37.82,34038,9,卖盘
2157,11:17:51,37.82,86986,23,卖盘
2158,11:17:54,37.82,4564874,1207,卖盘
2159,11:17:57,37.82,83204,22,卖盘
2160,11:18:00,37.82,283650,75,卖盘
2161,11:18:03,37.82,347944,92,卖盘
2162,11:18:06,37.82,2121702,561,卖盘
2163,11:18:09,37.82,71858,19,卖盘
2164,11:18:12,37.82,124806,33,卖盘
2165,11:18:15,37.82,105896,28,卖盘
2166,11:18:18,37.82,34038,9,卖盘
2167,11:18:21,37.82,18910,5,卖盘
2168,11:18:24,37.82,26474,7,卖盘
2169,11:18:27,37.82,155062,41,卖盘
2170,11:18:30,37.82,37820,10,卖盘
2171,11:18:33,37.82,226920,60,卖盘
2172,11:18:36,37.82,105896,28,卖盘
2173,11:18:39,37.82,162626,43,卖盘
2174,11:18:42,37.82,37820,10,卖盘
2175,11:18:45,37.82,83204,22,卖盘
2176,11:18:48,37.82,185318,49,卖盘
2177,11:18:51,37.82,41602,11,卖盘
2178,11:18:54,37.82,117242,31,卖盘
2179,11:18:57,37.82,79422,21,卖盘
2180,11:19:00,37.82,63538,17,卖盘
2181,11:19:03,37.82,102114,27,卖盘
2182,11:19:06,37.82,1376648,364,卖盘
2183,11:19:09,37.82,79422,21,卖盘
2184,11:19:12,37.82,3782,1,卖盘
2185,11:19:15,37.82,374418,99,卖盘
2186,11:19:18,37.82,7564,2,卖盘
2187,11:19:21,37.82,15128,4,卖盘
2188,11:19:24,37.82,121024,32,卖盘
2189,11:19:27,37.82,7564,2,卖盘
2190,11:19:30,37.82,15128,4,卖盘
2191,11:19:33,37.82,7564,2,卖盘
2192,11:19:36,37.82,60512,16,卖盘
2193,11:19:39,37.82,75640,20,卖盘
2194,11:19:42,37.82,26474,7,卖盘
2195,11:19:45,37.82,393328,104,卖盘
2196,11:19:48,37.82,30256,8,卖盘
2197,11:19:51,37.82,423584,112,卖盘
2198,11:19:54,37.82,37820,10,卖盘
2199,11:19:57,37.82,128588,34,卖盘
2200,11:20:00,37.82,105896,28,卖盘
2201,11:20:03,37.82,147498,39,卖盘
2202,11:20:06,37.82,15128,4,卖盘
2203,11:20:09,37.82,325252,86,卖盘
2204,11:20:12,37.82,155062,41,卖盘
2205,11:20:15,37.82,18910,5,卖盘
2206,11:20:18,37.82,41602,11,卖盘
2207,11:20:21,37.82,56730,15,卖盘
2208,11:20:24,37.82,7564,2,卖盘
2209,11:20:27,37.82,11346,3,卖盘
2210,11:20:30,37.82,170190,45,卖盘
2211,11:20:33,37.82,71858,19,卖盘
2212,11:20:36,37.82,155062,41,卖盘
2213,11:20:39,37.82,676978,179,卖盘
2214,11:20:42,37.82,11346,3,卖盘
2215,11:20:45,37.82,18910,5,卖盘
2216,11:20:48,37.82,173972,46,卖盘
2217,11:20:51,37.82,30256,8,卖盘
2218,11:20:54,37.82,37820,10,卖盘
2219,11:20:57,37.82,226920,60,卖盘
2220,11:21:00,37.82,30256,8,卖盘
2221,11:21:03,37.82,22692,6,卖盘
2222,11:21:06,37.82,64294,17,卖盘
2223,11:21:09,37.82,41602,11,卖盘
2224,11:21:12,37.82,132370,35,卖盘
2225,11:21:18,37.82,49166,13,卖盘
2226,11:21:21,37.82,779092,206,卖盘
2227,11:21:24,37.82,1951512,516,卖盘
2228,11:21:27,37.82,26474,7,卖盘
2229,11:21:30,37.82,26474,7,卖盘
2230,11:21:33,37.82,177678,47,卖盘
2231,11:21:36,37.82,26474,7,卖盘
2232,11:21:39,37.82,90768,24,卖盘
2233,11:21:42,37.82,11346,3,卖盘
2234,11:21:45,37.82,151280,40,卖盘
2235,11:21:48,37.82,117242,31,卖盘
2236,11:21:51,37.82,2049844,542,卖盘
2237,11:21:54,37.82,196664,52,卖盘
2238,11:21:57,37.82,340380,90,卖盘
2239,11:22:00,37.82,189100,50,卖盘
2240,11:22:03,37.82,563518,149,卖盘
2241,11:22:06,37.82,132370,35,卖盘
2242,11:22:09,37.82,3782,1,卖盘
2243,11:22:12,37.82,185318,49,卖盘
2244,11:22:15,37.82,98332,26,卖盘
2245,11:22:18,37.82,1172420,310,卖盘
2246,11:22:21,37.82,105896,28,卖盘
2247,11:22:27,37.82,215574,57,卖盘
2248,11:22:30,37.82,151280,40,卖盘
2249,11:22:33,37.82,113460,30,卖盘
2250,11:22:36,37.82,45384,12,卖盘
2251,11:22:39,37.82,30256,8,卖盘
2252,11:22:42,37.82,215574,57,卖盘
2253,11:22:45,37.82,30256,8,卖盘
2254,11:22:48,37.82,162626,43,卖盘
2255,11:22:51,37.82,3782,1,卖盘
2256,11:22:54,37.82,98332,26,卖盘
2257,11:22:57,37.82,381982,101,卖盘
2258,11:23:03,37.82,162626,43,卖盘
2259,11:23:06,37.82,22692,6,卖盘
2260,11:23:09,37.82,124806,33,卖盘
2261,11:23:12,37.82,166408,44,卖盘
2262,11:23:15,37.82,56730,15,卖盘
2263,11:23:18,37.82,60512,16,卖盘
2264,11:23:21,37.82,151280,40,卖盘
2265,11:23:24,37.82,298778,79,卖盘
2266,11:23:27,37.82,59529,16,卖盘
2267,11:23:30,37.82,121024,32,卖盘
2268,11:23:33,37.82,15128,4,卖盘
2269,11:23:36,37.82,45384,12,卖盘
2270,11:23:39,37.82,181536,48,卖盘
2271,11:23:45,37.82,83204,22,卖盘
2272,11:23:48,37.82,211792,56,卖盘
2273,11:23:51,37.82,83204,22,卖盘
2274,11:23:54,37.82,3782,1,卖盘
2275,11:23:57,37.82,30256,8,卖盘
2276,11:24:00,37.82,71858,19,卖盘
2277,11:24:03,37.82,52948,14,卖盘
2278,11:24:06,37.82,26474,7,卖盘
2279,11:24:09,37.82,68076,18,卖盘
2280,11:24:12,37.82,86986,23,卖盘
2281,11:24:15,37.82,181536,48,卖盘
2282,11:24:18,37.82,124806,33,卖盘
2283,11:24:21,37.82,136152,36,卖盘
2284,11:24:24,37.82,71858,19,卖盘
2285,11:24:27,37.82,102114,27,卖盘
2286,11:24:30,37.82,41602,11,卖盘
2287,11:24:33,37.82,105896,28,卖盘
2288,11:24:36,37.82,192882,51,卖盘
2289,11:24:39,37.82,363072,96,卖盘
2290,11:24:42,37.82,465186,123,卖盘
2291,11:24:45,37.82,45384,12,卖盘
2292,11:24:48,37.82,83204,22,卖盘
2293,11:24:51,37.82,26474,7,卖盘
2294,11:24:54,37.82,64294,17,卖盘
2295,11:24:57,37.82,15128,4,卖盘
2296,11:25:00,37.82,605120,160,卖盘
2297,11:25:03,37.82,30256,8,卖盘
2298,11:25:06,37.82,45384,12,卖盘
2299,11:25:09,37.82,26474,7,卖盘
2300,11:25:12,37.82,90768,24,卖盘
2301,11:25:15,37.82,26474,7,卖盘
2302,11:25:18,37.82,52948,14,卖盘
2303,11:25:21,37.82,22692,6,卖盘
2304,11:25:24,37.82,423584,112,卖盘
2305,11:25:27,37.82,94550,25,卖盘
2306,11:25:30,37.82,83204,22,卖盘
2307,11:25:33,37.82,45384,12,卖盘
2308,11:25:36,37.82,60512,16,卖盘
2309,11:25:39,37.82,204228,54,卖盘
2310,11:25:42,37.82,86986,23,卖盘
2311,11:25:45,37.82,189100,50,卖盘
2312,11:25:48,37.82,132370,35,卖盘
2313,11:25:51,37.82,226920,60,卖盘
2314,11:25:54,37.82,412238,109,卖盘
2315,11:25:57,37.82,3782,1,卖盘
2316,11:26:00,37.82,223138,59,卖盘
2317,11:26:03,37.82,355508,94,卖盘
2318,11:26:09,37.82,419802,111,卖盘
2319,11:26:15,37.82,158844,42,卖盘
2320,11:26:18,37.82,109678,29,卖盘
2321,11:26:21,37.82,37820,10,卖盘
2322,11:26:27,37.82,94550,25,卖盘
2323,11:26:30,37.82,124806,33,卖盘
2324,11:26:33,37.82,121024,32,卖盘
2325,11:26:36,37.82,76396,20,卖盘
2326,11:26:39,37.82,94550,25,卖盘
2327,11:26:42,37.82,79422,21,卖盘
2328,11:26:45,37.82,386899,102,卖盘
2329,11:26:48,37.82,18910,5,卖盘
2330,11:26:51,37.82,294996,78,卖盘
2331,11:26:54,37.82,56730,15,卖盘
2332,11:26:57,37.82,11346,3,卖盘
2333,11:27:00,37.82,105896,28,卖盘
2334,11:27:03,37.82,86986,23,卖盘
2335,11:27:06,37.82,37820,10,卖盘
2336,11:27:09,37.82,688324,182,卖盘
2337,11:27:12,37.82,37820,10,卖盘
2338,11:27:15,37.82,219356,58,卖盘
2339,11:27:18,37.82,272304,72,卖盘
2340,11:27:21,37.82,397110,105,卖盘
2341,11:27:24,37.82,332816,88,卖盘
2342,11:27:27,37.82,109678,29,卖盘
2343,11:27:30,37.82,310124,82,卖盘
2344,11:27:33,37.82,60512,16,卖盘
2345,11:27:36,37.82,245830,65,卖盘
2346,11:27:39,37.82,393328,104,卖盘
2347,11:27:42,37.82,45384,12,卖盘
2348,11:27:45,37.82,34038,9,卖盘
2349,11:27:48,37.82,56730,15,卖盘
2350,11:27:51,37.82,18910,5,卖盘
2351,11:27:54,37.82,128588,34,卖盘
2352,11:27:57,37.82,3782,1,卖盘
2353,11:28:00,37.82,7564,2,卖盘
2354,11:28:03,37.82,64294,17,卖盘
2355,11:28:06,37.82,7564,2,卖盘
2356,11:28:09,37.82,291214,77,卖盘
2357,11:28:12,37.82,3782,1,卖盘
2358,11:28:15,37.82,102114,27,卖盘
2359,11:28:18,37.82,11346,3,卖盘
2360,11:28:21,37.82,26474,7,卖盘
2361,11:28:24,37.82,215574,57,卖盘
2362,11:28:27,37.82,529480,140,卖盘
2363,11:28:30,37.82,306342,81,卖盘
2364,11:28:33,37.82,2507466,663,卖盘
2365,11:28:36,37.82,49166,13,卖盘
2366,11:28:39,37.82,75640,20,卖盘
2367,11:28:42,37.82,268522,71,卖盘
2368,11:28:45,37.82,64294,17,卖盘
2369,11:28:48,37.82,200446,53,卖盘
2370,11:28:51,37.82,26474,7,卖盘
2371,11:28:54,37.82,113460,30,卖盘
2372,11:28:57,37.82,45384,12,卖盘
2373,11:29:00,37.82,204228,54,卖盘
2374,11:29:03,37.82,102114,27,卖盘
2375,11:29:06,37.82,3782,1,卖盘
2376,11:29:09,37.82,98332,26,卖盘
2377,11:29:12,37.82,18910,5,卖盘
2378,11:29:15,37.82,3782,1,卖盘
2379,11:29:18,37.82,257176,68,卖盘
2380,11:29:21,37.82,574864,152,卖盘
2381,11:29:24,37.82,75640,20,卖盘
2382,11:29:27,37.82,18910,5,卖盘
2383,11:29:30,37.82,336598,89,卖盘
2384,11:29:33,37.82,620248,164,卖盘
2385,11:29:36,37.82,15128,4,卖盘
2386,11:29:45,37.82,113460,30,卖盘
2387,11:29:48,37.82,741272,196,卖盘
2388,11:29:51,37.82,378200,100,卖盘
2389,11:29:54,37.82,141069,37,卖盘
2390,11:29:57,37.82,121024,32,卖盘
2391,11:30:00,37.82,15128,4,卖盘
2392,13:00:00,37.82,279868,74,卖盘
2393,13:00:03,37.82,7958008,2104,卖盘
2394,13:00:06,37.82,14721776,3893,卖盘
2395,13:00:09,37.82,9488584,2509,卖盘
2396,13:00:12,37.82,2431750,643,卖盘
2397,13:00:15,37.82,98332,26,卖盘
2398,13:00:18,37.82,7564,2,卖盘
2399,13:00:21,37.82,18910,5,卖盘
2400,13:00:24,37.82,30256,8,卖盘
2401,13:00:27,37.82,257176,68,卖盘
2402,13:00:30,37.82,71858,19,卖盘
2403,13:00:36,37.82,128588,34,卖盘
2404,13:00:39,37.82,34038,9,卖盘
2405,13:00:42,37.82,37820,10,卖盘
2406,13:00:45,37.82,113460,30,卖盘
2407,13:00:48,37.82,446276,118,卖盘
2408,13:00:51,37.82,37820,10,卖盘
2409,13:00:54,37.82,117242,31,卖盘
2410,13:00:57,37.82,200446,53,卖盘
2411,13:01:00,37.82,627812,166,卖盘
2412,13:01:03,37.82,7564,2,卖盘
2413,13:01:06,37.82,15128,4,卖盘
2414,13:01:09,37.82,347944,92,卖盘
2415,13:01:12,37.82,608902,161,卖盘
2416,13:01:15,37.82,75640,20,卖盘
2417,13:01:18,37.82,41602,11,卖盘
2418,13:01:24,37.82,113460,30,卖盘
2419,13:01:27,37.82,37820,10,卖盘
2420,13:01:30,37.82,68076,18,卖盘
2421,13:01:33,37.82,83204,22,卖盘
2422,13:01:36,37.82,56881,15,卖盘
2423,13:01:39,37.82,139934,37,卖盘
2424,13:01:42,37.82,34038,9,卖盘
2425,13:01:45,37.82,930372,246,卖盘
2426,13:01:48,37.82,90768,24,卖盘
2427,13:01:51,37.82,3782,1,卖盘
2428,13:01:57,37.82,408456,108,卖盘
2429,13:02:00,37.82,30256,8,卖盘
2430,13:02:03,37.82,49166,13,卖盘
2431,13:02:06,37.82,7564,2,卖盘
2432,13:02:09,37.82,79422,21,卖盘
2433,13:02:12,37.82,7564,2,卖盘
2434,13:02:15,37.82,196664,52,卖盘
2435,13:02:18,37.82,3324378,879,卖盘
2436,13:02:21,37.82,121024,32,卖盘
2437,13:02:24,37.82,347944,92,卖盘
2438,13:02:27,37.82,143716,38,卖盘
2439,13:02:30,37.82,52948,14,卖盘
2440,13:02:33,37.82,3782,1,卖盘
2441,13:02:36,37.82,60512,16,卖盘
2442,13:02:39,37.82,45384,12,卖盘
2443,13:02:45,37.82,45384,12,卖盘
2444,13:02:48,37.82,143716,38,卖盘
2445,13:02:51,37.82,105896,28,卖盘
2446,13:02:54,37.82,3782,1,卖盘
2447,13:02:57,37.82,37820,10,卖盘
2448,13:03:00,37.82,15128,4,卖盘
2449,13:03:03,37.82,45384,12,卖盘
2450,13:03:06,37.82,71858,19,卖盘
2451,13:03:09,37.82,26474,7,卖盘
2452,13:03:12,37.82,105896,28,卖盘
2453,13:03:15,37.82,975756,258,卖盘
2454,13:03:18,37.82,11346,3,卖盘
2455,13:03:21,37.82,11346,3,卖盘
2456,13:03:24,37.82,11346,3,卖盘
2457,13:03:27,37.82,121024,32,卖盘
2458,13:03:30,37.82,121024,32,卖盘
2459,13:03:33,37.82,7564,2,卖盘
2460,13:03:36,37.82,52948,14,卖盘
2461,13:03:39,37.82,30256,8,卖盘
2462,13:03:42,37.82,75640,20,卖盘
2463,13:03:45,37.82,128588,34,卖盘
2464,13:03:48,37.82,3782,1,卖盘
2465,13:03:51,37.82,30256,8,卖盘
2466,13:03:54,37.82,11346,3,卖盘
2467,13:03:57,37.82,26474,7,卖盘
2468,13:04:00,37.82,34038,9,卖盘
2469,13:04:03,37.82,45384,12,卖盘
2470,13:04:06,37.82,109678,29,卖盘
2471,13:04:09,37.82,52948,14,卖盘
2472,13:04:12,37.82,18910,5,卖盘
2473,13:04:15,37.82,317688,84,卖盘
2474,13:04:18,37.82,7564,2,卖盘
2475,13:04:21,37.82,18910,5,卖盘
2476,13:04:24,37.82,79422,21,卖盘
2477,13:04:27,37.82,11346,3,卖盘
2478,13:04:30,37.82,27874,7,卖盘
2479,13:04:33,37.82,7564,2,卖盘
2480,13:04:36,37.82,49166,13,卖盘
2481,13:04:39,37.82,245830,65,卖盘
2482,13:04:42,37.82,15128,4,卖盘
2483,13:04:45,37.82,4659424,1232,卖盘
2484,13:04:48,37.82,7564,2,卖盘
2485,13:04:51,37.82,121024,32,卖盘
2486,13:04:54,37.82,11346,3,卖盘
2487,13:04:57,37.82,3782,1,卖盘
2488,13:05:00,37.82,71858,19,卖盘
2489,13:05:03,37.82,22692,6,卖盘
2490,13:05:06,37.82,7564,2,卖盘
2491,13:05:09,37.82,52948,14,卖盘
2492,13:05:12,37.82,15128,4,卖盘
2493,13:05:15,37.82,3782,1,卖盘
2494,13:05:18,37.82,166408,44,卖盘
2495,13:05:21,37.82,94550,25,卖盘
2496,13:05:27,37.82,79422,21,卖盘
2497,13:05:30,37.82,427366,113,卖盘
2498,13:05:33,37.82,105896,28,卖盘
2499,13:05:39,37.82,366854,97,卖盘
2500,13:05:42,37.82,30256,8,卖盘
2501,13:05:45,37.82,68076,18,卖盘
2502,13:05:48,37.82,1251842,331,卖盘
2503,13:05:51,37.82,189100,50,卖盘
2504,13:05:54,37.82,26474,7,卖盘
2505,13:05:57,37.82,18910,5,卖盘
2506,13:06:00,37.82,45384,12,卖盘
2507,13:06:03,37.82,109678,29,卖盘
2508,13:06:06,37.82,41602,11,卖盘
2509,13:06:09,37.82,37820,10,卖盘
2510,13:06:12,37.82,151280,40,卖盘
2511,13:06:15,37.82,75640,20,卖盘
2512,13:06:18,37.82,22692,6,卖盘
2513,13:06:21,37.82,109678,29,卖盘
2514,13:06:24,37.82,128588,34,卖盘
2515,13:06:27,37.82,45384,12,卖盘
2516,13:06:30,37.82,109678,29,卖盘
2517,13:06:33,37.82,283650,75,卖盘
2518,13:06:36,37.82,75640,20,卖盘
2519,13:06:39,37.82,83204,22,卖盘
2520,13:06:42,37.82,302560,80,卖盘
2521,13:06:45,37.82,37820,10,卖盘
2522,13:06:48,37.82,7564,2,卖盘
2523,13:06:51,37.82,22692,6,卖盘
2524,13:06:54,37.82,27608,7,卖盘
2525,13:06:57,37.82,1645170,435,卖盘
2526,13:07:00,37.82,79422,21,卖盘
2527,13:07:06,37.82,68076,18,卖盘
2528,13:07:09,37.82,41602,11,卖盘
2529,13:07:12,37.82,465186,123,卖盘
2530,13:07:15,37.82,128588,34,卖盘
2531,13:07:21,37.82,230702,61,卖盘
2532,13:07:24,37.82,15128,4,卖盘
2533,13:07:27,37.82,34038,9,卖盘
2534,13:07:30,37.82,3782,1,卖盘
2535,13:07:33,37.82,45384,12,卖盘
2536,13:07:36,37.82,393328,104,卖盘
2537,13:07:39,37.82,60512,16,卖盘
2538,13:07:42,37.82,34038,9,卖盘
2539,13:07:45,37.82,30256,8,卖盘
2540,13:07:48,37.82,60512,16,卖盘
2541,13:07:51,37.82,86986,23,卖盘
2542,13:07:54,37.82,427366,113,卖盘
2543,13:08:00,37.82,49166,13,卖盘
2544,13:08:03,37.82,272304,72,卖盘
2545,13:08:06,37.82,26474,7,卖盘
2546,13:08:12,37.82,83204,22,卖盘
2547,13:08:15,37.82,98332,26,卖盘
2548,13:08:18,37.82,86986,23,卖盘
2549,13:08:21,37.82,177754,47,卖盘
2550,13:08:24,37.82,56730,15,卖盘
2551,13:08:27,37.82,45384,12,卖盘
2552,13:08:30,37.82,264740,70,卖盘
2553,13:08:33,37.82,3782,1,卖盘
2554,13:08:39,37.82,3782,1,卖盘
2555,13:08:42,37.82,155062,41,卖盘
2556,13:08:45,37.82,18910,5,卖盘
2557,13:08:51,37.82,366854,97,卖盘
2558,13:08:54,37.82,3782,1,卖盘
2559,13:08:57,37.82,3782,1,卖盘
2560,13:09:00,37.82,86986,23,卖盘
2561,13:09:03,37.82,71858,19,卖盘
2562,13:09:06,37.82,7564,2,卖盘
2563,13:09:09,37.82,18910,5,卖盘
2564,13:09:12,37.82,226920,60,卖盘
2565,13:09:15,37.82,79422,21,卖盘
2566,13:09:18,37.82,3782,1,卖盘
2567,13:09:21,37.82,105896,28,卖盘
2568,13:09:24,37.82,79422,21,卖盘
2569,13:09:27,37.82,219356,58,卖盘
2570,13:09:30,37.82,18910,5,卖盘
2571,13:09:33,37.82,15128,4,卖盘
2572,13:09:36,37.82,15128,4,卖盘
2573,13:09:39,37.82,75640,20,卖盘
2574,13:09:42,37.82,113460,30,卖盘
2575,13:09:45,37.82,68076,18,卖盘
2576,13:09:48,37.82,45384,12,卖盘
2577,13:09:51,37.82,49166,13,卖盘
2578,13:09:54,37.82,49166,13,卖盘
2579,13:09:57,37.82,90768,24,卖盘
2580,13:10:00,37.82,98332,26,卖盘
2581,13:10:03,37.82,234484,62,卖盘
2582,13:10:06,37.82,128588,34,卖盘
2583,13:10:09,37.82,30256,8,卖盘
2584,13:10:12,37.82,147498,39,卖盘
2585,13:10:15,37.82,15128,4,卖盘
2586,13:10:18,37.82,30256,8,卖盘
2587,13:10:21,37.82,18910,5,卖盘
2588,13:10:24,37.82,7564,2,卖盘
2589,13:10:27,37.82,567300,150,卖盘
2590,13:10:30,37.82,45384,12,卖盘
2591,13:10:33,37.82,45384,12,卖盘
2592,13:10:36,37.82,34038,9,卖盘
2593,13:10:39,37.82,26474,7,卖盘
2594,13:10:42,37.82,34038,9,卖盘
2595,13:10:45,37.82,529480,140,卖盘
2596,13:10:48,37.82,400892,106,卖盘
2597,13:10:51,37.82,90768,24,卖盘
2598,13:10:54,37.82,1047614,277,卖盘
2599,13:10:57,37.82,56730,15,卖盘
2600,13:11:00,37.82,71858,19,卖盘
2601,13:11:03,37.82,518134,137,卖盘
2602,13:11:06,37.82,68076,18,卖盘
2603,13:11:09,37.82,423584,112,卖盘
2604,13:11:12,37.82,94550,25,卖盘
2605,13:11:15,37.82,83204,22,卖盘
2606,13:11:18,37.82,245830,65,卖盘
2607,13:11:21,37.82,11346,3,卖盘
2608,13:11:24,37.82,3782,1,卖盘
2609,13:11:27,37.82,90768,24,卖盘
2610,13:11:30,37.82,11346,3,卖盘
2611,13:11:33,37.82,113460,30,卖盘
2612,13:11:36,37.82,291214,77,卖盘
2613,13:11:42,37.82,71858,19,卖盘
2614,13:11:45,37.82,102114,27,卖盘
2615,13:11:48,37.82,113460,30,卖盘
2616,13:11:51,37.82,56730,15,卖盘
2617,13:11:54,37.82,56730,15,卖盘
2618,13:11:57,37.82,306342,81,卖盘
2619,13:12:00,37.82,68076,18,卖盘
2620,13:12:03,37.82,41602,11,卖盘
2621,13:12:06,37.82,71858,19,卖盘
2622,13:12:09,37.82,3782,1,卖盘
2623,13:12:12,37.82,3782,1,卖盘
2624,13:12:15,37.82,128588,34,卖盘
2625,13:12:21,37.82,15128,4,卖盘
2626,13:12:24,37.82,162626,43,卖盘
2627,13:12:27,37.82,3782,1,卖盘
2628,13:12:30,37.82,37820,10,卖盘
2629,13:12:33,37.82,616466,163,卖盘
2630,13:12:39,37.82,151280,40,卖盘
2631,13:12:42,37.82,56730,15,卖盘
2632,13:12:45,37.82,18910,5,卖盘
2633,13:12:48,37.82,102114,27,卖盘
2634,13:12:54,37.82,102114,27,卖盘
2635,13:12:57,37.82,60512,16,卖盘
2636,13:13:00,37.82,3782,1,卖盘
2637,13:13:03,37.82,11346,3,卖盘
2638,13:13:09,37.82,37820,10,卖盘
2639,13:13:12,37.82,480314,127,卖盘
2640,13:13:15,37.82,22692,6,卖盘
2641,13:13:18,37.82,385764,102,卖盘
2642,13:13:21,37.82,71858,19,卖盘
2643,13:13:24,37.82,41602,11,卖盘
2644,13:13:30,37.82,15128,4,卖盘
2645,13:13:33,37.82,3782,1,卖盘
2646,13:13:36,37.82,15128,4,卖盘
2647,13:13:39,37.82,264740,70,卖盘
2648,13:13:42,37.82,41602,11,卖盘
2649,13:13:45,37.82,7564,2,卖盘
2650,13:13:48,37.82,30256,8,卖盘
2651,13:13:51,37.82,139934,37,卖盘
2652,13:13:54,37.82,56730,15,卖盘
2653,13:13:57,37.82,26474,7,卖盘
2654,13:14:00,37.82,11346,3,卖盘
2655,13:14:03,37.82,83204,22,卖盘
2656,13:14:06,37.82,45384,12,卖盘
2657,13:14:12,37.82,18910,5,卖盘
2658,13:14:15,37.82,109678,29,卖盘
2659,13:14:18,37.82,79422,21,卖盘
2660,13:14:21,37.82,56730,15,卖盘
2661,13:14:24,37.82,83204,22,卖盘
2662,13:14:27,37.82,11346,3,卖盘
2663,13:14:30,37.82,397110,105,卖盘
2664,13:14:33,37.82,3782,1,卖盘
2665,13:14:36,37.82,3782,1,卖盘
2666,13:14:39,37.82,7564,2,卖盘
2667,13:14:42,37.82,11346,3,卖盘
2668,13:14:45,37.82,22692,6,卖盘
2669,13:14:48,37.82,56730,15,卖盘
2670,13:14:51,37.82,56730,15,卖盘
2671,13:15:00,37.82,121024,32,卖盘
2672,13:15:03,37.82,7564,2,卖盘
2673,13:15:06,37.82,257176,68,卖盘
2674,13:15:09,37.82,11346,3,卖盘
2675,13:15:12,37.82,18910,5,卖盘
2676,13:15:15,37.82,3782,1,卖盘
2677,13:15:18,37.82,7564,2,卖盘
2678,13:15:21,37.82,155062,41,卖盘
2679,13:15:24,37.82,105896,28,卖盘
2680,13:15:30,37.82,3782,1,卖盘
2681,13:15:33,37.82,1186868,314,卖盘
2682,13:15:36,37.82,52948,14,卖盘
2683,13:15:39,37.82,7564,2,卖盘
2684,13:15:42,37.82,83204,22,卖盘
2685,13:15:45,37.82,86986,23,卖盘
2686,13:15:48,37.82,34038,9,卖盘
2687,13:15:51,37.82,22692,6,卖盘
2688,13:15:54,37.82,389546,103,卖盘
2689,13:15:57,37.82,37820,10,卖盘
2690,13:16:00,37.82,164025,43,卖盘
2691,13:16:03,37.82,102114,27,卖盘
2692,13:16:06,37.82,132370,35,卖盘
2693,13:16:09,37.82,83204,22,卖盘
2694,13:16:12,37.82,26474,7,卖盘
2695,13:16:15,37.82,786656,208,卖盘
2696,13:16:18,37.82,136152,36,卖盘
2697,13:16:21,37.82,60512,16,卖盘
2698,13:16:27,37.82,83204,22,卖盘
2699,13:16:30,37.82,105896,28,卖盘
2700,13:16:33,37.82,408456,108,卖盘
2701,13:16:39,37.82,45384,12,卖盘
2702,13:16:42,37.82,18910,5,卖盘
2703,13:16:45,37.82,41602,11,卖盘
2704,13:16:48,37.82,771528,204,卖盘
2705,13:16:51,37.82,11346,3,卖盘
2706,13:16:54,37.82,41602,11,卖盘
2707,13:16:57,37.82,215574,57,卖盘
2708,13:17:00,37.82,34038,9,卖盘
2709,13:17:03,37.82,83204,22,卖盘
2710,13:17:06,37.82,45384,12,卖盘
2711,13:17:09,37.82,37820,10,卖盘
2712,13:17:12,37.82,56730,15,卖盘
2713,13:17:15,37.82,408456,108,卖盘
2714,13:17:18,37.82,37820,10,卖盘
2715,13:17:21,37.82,30256,8,卖盘
2716,13:17:24,37.82,90768,24,卖盘
2717,13:17:27,37.82,15128,4,卖盘
2718,13:17:36,37.82,219356,58,卖盘
2719,13:17:42,37.82,11346,3,卖盘
2720,13:17:45,37.82,226920,60,卖盘
2721,13:17:48,37.82,1017358,269,卖盘
2722,13:17:51,37.82,7564,2,卖盘
2723,13:17:54,37.82,98332,26,卖盘
2724,13:17:57,37.82,128588,34,卖盘
2725,13:18:00,37.82,3782,1,卖盘
2726,13:18:06,37.82,30256,8,卖盘
2727,13:18:09,37.82,11346,3,卖盘
2728,13:18:12,37.82,26474,7,卖盘
2729,13:18:15,37.82,45384,12,卖盘
2730,13:18:18,37.82,18910,5,卖盘
2731,13:18:21,37.82,7564,2,卖盘
2732,13:18:24,37.82,64294,17,卖盘
2733,13:18:27,37.82,3275212,866,卖盘
2734,13:18:30,37.82,26474,7,卖盘
2735,13:18:33,37.82,121024,32,卖盘
2736,13:18:36,37.82,3782,1,卖盘
2737,13:18:39,37.82,862296,228,卖盘
2738,13:18:42,37.82,15128,4,卖盘
2739,13:18:45,37.82,18910,5,卖盘
2740,13:18:48,37.82,18910,5,卖盘
2741,13:18:51,37.82,11346,3,卖盘
2742,13:18:54,37.82,7564,2,卖盘
2743,13:18:57,37.82,18910,5,卖盘
2744,13:19:00,37.82,18910,5,卖盘
2745,13:19:06,37.82,11346,3,卖盘
2746,13:19:09,37.82,7564,2,卖盘
2747,13:19:12,37.82,3782,1,卖盘
2748,13:19:18,37.82,56730,15,卖盘
2749,13:19:21,37.82,3782,1,卖盘
2750,13:19:24,37.82,64294,17,卖盘
2751,13:19:27,37.82,75640,20,卖盘
2752,13:19:30,37.82,83204,22,卖盘
2753,13:19:33,37.82,26474,7,卖盘
2754,13:19:36,37.82,7564,2,卖盘
2755,13:19:39,37.82,7564,2,卖盘
2756,13:19:48,37.82,52948,14,卖盘
2757,13:19:51,37.82,37820,10,卖盘
2758,13:19:54,37.82,7564,2,卖盘
2759,13:19:57,37.82,121024,32,卖盘
2760,13:20:00,37.82,68076,18,卖盘
2761,13:20:06,37.82,3782,1,卖盘
2762,13:20:09,37.82,26474,7,卖盘
2763,13:20:12,37.82,7564,2,卖盘
2764,13:20:15,37.82,3782,1,卖盘
2765,13:20:21,37.82,34038,9,卖盘
2766,13:20:24,37.82,139934,37,卖盘
2767,13:20:27,37.82,37820,10,卖盘
2768,13:20:30,37.82,18910,5,卖盘
2769,13:20:33,37.82,211792,56,卖盘
2770,13:20:39,37.82,60512,16,卖盘
2771,13:20:42,37.82,30256,8,卖盘
2772,13:20:45,37.82,3782,1,卖盘
2773,13:20:48,37.82,18910,5,卖盘
2774,13:20:51,37.82,18910,5,卖盘
2775,13:20:54,37.82,215574,57,卖盘
2776,13:21:00,37.82,71858,19,卖盘
2777,13:21:03,37.82,11346,3,卖盘
2778,13:21:06,37.82,22692,6,卖盘
2779,13:21:09,37.82,121024,32,卖盘
2780,13:21:12,37.82,60512,16,卖盘
2781,13:21:15,37.82,26474,7,卖盘
2782,13:21:18,37.82,654286,173,卖盘
2783,13:21:21,37.82,7564,2,卖盘
2784,13:21:24,37.82,15128,4,卖盘
2785,13:21:27,37.82,3782,1,卖盘
2786,13:21:36,37.82,18910,5,卖盘
2787,13:21:42,37.82,86986,23,卖盘
2788,13:21:45,37.82,15128,4,卖盘
2789,13:21:48,37.82,98332,26,卖盘
2790,13:21:51,37.82,26474,7,卖盘
2791,13:21:54,37.82,11346,3,卖盘
2792,13:22:00,37.82,11346,3,卖盘
2793,13:22:03,37.82,30256,8,卖盘
2794,13:22:06,37.82,7564,2,卖盘
2795,13:22:09,37.82,7564,2,卖盘
2796,13:22:12,37.82,3782,1,卖盘
2797,13:22:27,37.82,15128,4,卖盘
2798,13:22:30,37.82,30256,8,卖盘
2799,13:22:33,37.82,3782,1,卖盘
2800,13:22:36,37.82,15128,4,卖盘
2801,13:22:39,37.82,162626,43,卖盘
2802,13:22:48,37.82,34038,9,卖盘
2803,13:22:51,37.82,52948,14,卖盘
2804,13:22:54,37.82,219356,58,卖盘
2805,13:23:00,37.82,15128,4,卖盘
2806,13:23:03,37.82,18910,5,卖盘
2807,13:23:06,37.82,83204,22,卖盘
2808,13:23:12,37.82,18910,5,卖盘
2809,13:23:15,37.82,37820,10,卖盘
2810,13:23:18,37.82,3782,1,卖盘
2811,13:23:21,37.82,41602,11,卖盘
2812,13:23:24,37.82,102114,27,卖盘
2813,13:23:33,37.82,3782,1,卖盘
2814,13:23:36,37.82,30256,8,卖盘
2815,13:23:39,37.82,18910,5,卖盘
2816,13:23:42,37.82,86986,23,卖盘
2817,13:23:45,37.82,102114,27,卖盘
2818,13:23:48,37.82,7564,2,卖盘
2819,13:23:51,37.82,41602,11,卖盘
2820,13:23:54,37.82,7564,2,卖盘
2821,13:23:57,37.82,128588,34,卖盘
2822,13:24:00,37.82,45384,12,卖盘
2823,13:24:06,37.82,7564,2,卖盘
2824,13:24:09,37.82,37820,10,卖盘
2825,13:24:12,37.82,75640,20,卖盘
2826,13:24:15,37.82,3782,1,卖盘
2827,13:24:18,37.82,124806,33,卖盘
2828,13:24:21,37.82,90768,24,卖盘
2829,13:24:27,37.82,45384,12,卖盘
2830,13:24:30,37.82,26474,7,卖盘
2831,13:24:33,37.82,94550,25,卖盘
2832,13:24:36,37.82,234484,62,卖盘
2833,13:24:39,37.82,45384,12,卖盘
2834,13:24:42,37.82,86986,23,卖盘
2835,13:24:48,37.82,86986,23,卖盘
2836,13:24:51,37.82,7564,2,卖盘
2837,13:24:54,37.82,15128,4,卖盘
2838,13:25:00,37.82,94550,25,卖盘
2839,13:25:03,37.82,11346,3,卖盘
2840,13:25:06,37.82,124806,33,卖盘
2841,13:25:09,37.82,7564,2,卖盘
2842,13:25:12,37.82,11346,3,卖盘
2843,13:25:18,37.82,529480,140,卖盘
2844,13:25:21,37.82,30256,8,卖盘
2845,13:25:24,37.82,37820,10,卖盘
2846,13:25:27,37.82,34038,9,卖盘
2847,13:25:30,37.82,3782,1,卖盘
2848,13:25:36,37.82,7564,2,卖盘
2849,13:25:39,37.82,18910,5,卖盘
2850,13:25:42,37.82,37820,10,卖盘
2851,13:25:45,37.82,15128,4,卖盘
2852,13:25:51,37.82,41602,11,卖盘
2853,13:25:54,37.82,75640,20,卖盘
2854,13:25:57,37.82,30256,8,卖盘
2855,13:26:00,37.82,86986,23,卖盘
2856,13:26:03,37.82,7564,2,卖盘
2857,13:26:09,37.82,18910,5,卖盘
2858,13:26:12,37.82,18910,5,卖盘
2859,13:26:15,37.82,68076,18,卖盘
2860,13:26:18,37.82,37820,10,卖盘
2861,13:26:21,37.82,3782,1,卖盘
2862,13:26:24,37.82,3782,1,卖盘
2863,13:26:27,37.82,41602,11,卖盘
2864,13:26:30,37.82,763964,202,卖盘
2865,13:26:33,37.82,121024,32,卖盘
2866,13:26:36,37.82,113460,30,卖盘
2867,13:26:39,37.82,18910,5,卖盘
2868,13:26:42,37.82,3782,1,卖盘
2869,13:26:45,37.82,15128,4,卖盘
2870,13:26:51,37.82,75640,20,卖盘
2871,13:26:54,37.82,34038,9,卖盘
2872,13:27:00,37.82,310124,82,卖盘
2873,13:27:03,37.82,3782,1,卖盘
2874,13:27:09,37.82,18910,5,卖盘
2875,13:27:12,37.82,26474,7,卖盘
2876,13:27:15,37.82,37820,10,卖盘
2877,13:27:21,37.82,7564,2,卖盘
2878,13:27:24,37.82,45384,12,卖盘
2879,13:27:30,37.82,86986,23,卖盘
2880,13:27:33,37.82,11346,3,卖盘
2881,13:27:36,37.82,109678,29,卖盘
2882,13:27:39,37.82,18910,5,卖盘
2883,13:27:42,37.82,15128,4,卖盘
2884,13:27:51,37.82,7564,2,卖盘
2885,13:27:54,37.82,71858,19,卖盘
2886,13:28:00,37.82,7564,2,卖盘
2887,13:28:03,37.82,30256,8,卖盘
2888,13:28:06,37.82,45384,12,卖盘
2889,13:28:09,37.82,378200,100,卖盘
2890,13:28:18,37.82,26474,7,卖盘
2891,13:28:21,37.82,3782,1,卖盘
2892,13:28:24,37.82,37820,10,卖盘
2893,13:28:27,37.82,18910,5,卖盘
2894,13:28:30,37.82,41602,11,卖盘
2895,13:28:33,37.82,113460,30,卖盘
2896,13:28:36,37.82,75640,20,卖盘
2897,13:28:39,37.82,71858,19,卖盘
2898,13:28:48,37.82,143716,38,卖盘
2899,13:28:51,37.82,79422,21,卖盘
2900,13:28:54,37.82,11346,3,卖盘
2901,13:28:57,37.82,351726,93,卖盘
2902,13:29:00,37.82,30256,8,卖盘
2903,13:29:03,37.82,132370,35,卖盘
2904,13:29:06,37.82,105896,28,卖盘
2905,13:29:09,37.82,18910,5,卖盘
2906,13:29:12,37.82,18910,5,卖盘
2907,13:29:15,37.82,3782,1,卖盘
2908,13:29:18,37.82,18910,5,卖盘
2909,13:29:21,37.82,18910,5,卖盘
2910,13:29:24,37.82,34038,9,卖盘
2911,13:29:27,37.82,83204,22,卖盘
2912,13:29:33,37.82,181536,48,卖盘
2913,13:29:39,37.82,15128,4,卖盘
2914,13:29:48,37.82,11346,3,卖盘
2915,13:29:54,37.82,49166,13,卖盘
2916,13:29:57,37.82,49166,13,卖盘
2917,13:30:03,37.82,37820,10,卖盘
2918,13:30:06,37.82,113460,30,卖盘
2919,13:30:09,37.82,49166,13,卖盘
2920,13:30:12,37.82,3782,1,卖盘
2921,13:30:18,37.82,302560,80,卖盘
2922,13:30:21,37.82,3782,1,卖盘
2923,13:30:24,37.82,18910,5,卖盘
2924,13:30:30,37.82,30256,8,卖盘
2925,13:30:36,37.82,56730,15,卖盘
2926,13:30:39,37.82,7564,2,卖盘
2927,13:30:45,37.82,15128,4,卖盘
2928,13:30:48,37.82,49166,13,卖盘
2929,13:30:51,37.82,7564,2,卖盘
2930,13:30:54,37.82,18910,5,卖盘
2931,13:30:57,37.82,15128,4,卖盘
2932,13:31:00,37.82,11346,3,卖盘
2933,13:31:03,37.82,11346,3,卖盘
2934,13:31:06,37.82,3782,1,卖盘
2935,13:31:09,37.82,7564,2,卖盘
2936,13:31:12,37.82,37820,10,卖盘
2937,13:31:15,37.82,7564,2,卖盘
2938,13:31:18,37.82,139934,37,卖盘
2939,13:31:21,37.82,15128,4,卖盘
2940,13:31:24,37.82,124806,33,卖盘
2941,13:31:27,37.82,15128,4,卖盘
2942,13:31:36,37.82,18910,5,卖盘
2943,13:31:39,37.82,26474,7,卖盘
2944,13:31:42,37.82,113460,30,卖盘
2945,13:31:45,37.82,798002,211,卖盘
2946,13:31:48,37.82,18910,5,卖盘
2947,13:31:51,37.82,15128,4,卖盘
2948,13:31:57,37.82,139934,37,卖盘
2949,13:32:00,37.82,7564,2,卖盘
2950,13:32:09,37.82,68076,18,卖盘
2951,13:32:18,37.82,18910,5,卖盘
2952,13:32:24,37.82,22692,6,卖盘
2953,13:32:27,37.82,3782,1,卖盘
2954,13:32:30,37.82,22692,6,卖盘
2955,13:32:36,37.82,49166,13,卖盘
2956,13:32:39,37.82,3782,1,卖盘
2957,13:32:42,37.82,124806,33,卖盘
2958,13:32:45,37.82,71858,19,卖盘
2959,13:32:48,37.82,45384,12,卖盘
2960,13:32:51,37.82,7564,2,卖盘
2961,13:32:54,37.82,18910,5,卖盘
2962,13:32:57,37.82,18910,5,卖盘
2963,13:33:00,37.82,208010,55,卖盘
2964,13:33:06,37.82,18910,5,卖盘
2965,13:33:09,37.82,113460,30,卖盘
2966,13:33:12,37.82,7564,2,卖盘
2967,13:33:15,37.82,124806,33,卖盘
2968,13:33:18,37.82,3782,1,卖盘
2969,13:33:21,37.82,75640,20,卖盘
2970,13:33:24,37.82,7564,2,卖盘
2971,13:33:27,37.82,7564,2,卖盘
2972,13:33:30,37.82,7564,2,卖盘
2973,13:33:33,37.82,393328,104,卖盘
2974,13:33:36,37.82,79422,21,卖盘
2975,13:33:42,37.82,49166,13,卖盘
2976,13:33:45,37.82,7564,2,卖盘
2977,13:33:48,37.82,64294,17,卖盘
2978,13:33:51,37.82,3782,1,卖盘
2979,13:33:54,37.82,155062,41,卖盘
2980,13:33:57,37.82,3782,1,卖盘
2981,13:34:00,37.82,56730,15,卖盘
2982,13:34:03,37.82,49166,13,卖盘
2983,13:34:09,37.82,34038,9,卖盘
2984,13:34:18,37.82,86986,23,卖盘
2985,13:34:24,37.82,3782,1,卖盘
2986,13:34:27,37.82,79422,21,卖盘
2987,13:34:30,37.82,11346,3,卖盘
2988,13:34:33,37.82,15128,4,卖盘
2989,13:34:36,37.82,18910,5,卖盘
2990,13:34:45,37.82,75640,20,卖盘
2991,13:34:48,37.82,22692,6,卖盘
2992,13:34:51,37.82,3782,1,卖盘
2993,13:34:54,37.82,64294,17,卖盘
2994,13:34:57,37.82,22692,6,卖盘
2995,13:35:00,37.82,7564,2,卖盘
2996,13:35:03,37.82,49166,13,卖盘
2997,13:35:06,37.82,3782,1,卖盘
