,成交时间,成交价格,成交金额,成交量,性质
0,09:25:04,33.88,8551312,2524,卖盘
1,09:30:01,33.86,287945,85,卖盘
2,09:30:04,33.86,1331239,393,中性盘
3,09:30:07,33.9,1004891,297,买盘
4,09:30:10,33.91,2242590,662,中性盘
5,09:30:13,33.87,1104571,326,卖盘
6,09:30:16,33.87,633329,187,卖盘
7,09:30:19,33.82,697703,206,卖盘
8,09:30:22,33.88,796120,235,买盘
9,09:30:25,33.82,1314451,388,卖盘
10,09:30:28,33.87,1286406,380,买盘
11,09:30:31,33.87,1740581,514,买盘
12,09:30:34,33.88,938044,277,买盘
13,09:30:37,33.89,1392567,411,买盘
14,09:30:40,33.88,1523960,450,卖盘
15,09:30:43,33.84,933699,276,卖盘
16,09:30:46,33.81,2268795,670,卖盘
17,09:30:49,33.88,910776,269,买盘
18,09:30:52,33.87,1380899,408,中性盘
19,09:30:55,33.85,1079666,319,中性盘
20,09:30:58,33.84,1032598,305,卖盘
21,09:31:01,33.84,571551,169,买盘
22,09:31:04,33.81,2113400,625,卖盘
23,09:31:07,33.79,2085576,617,卖盘
24,09:31:10,33.79,1739812,515,买盘
25,09:31:13,33.78,452673,134,卖盘
26,09:31:16,33.75,290397,86,卖盘
27,09:31:19,33.73,252996,75,卖盘
28,09:31:22,33.71,1867633,554,卖盘
29,09:31:25,33.66,1148700,341,卖盘
30,09:31:28,33.65,693051,206,卖盘
31,09:31:31,33.59,1021850,304,卖盘
32,09:31:34,33.58,950531,283,卖盘
33,09:31:37,33.59,1249603,372,买盘
34,09:31:40,33.61,2218634,660,买盘
35,09:31:43,33.62,1190117,354,买盘
36,09:31:46,33.63,1052168,313,中性盘
37,09:31:49,33.63,1170238,348,卖盘
38,09:31:52,33.58,3211052,956,卖盘
39,09:31:55,33.57,1014008,302,卖盘
40,09:31:58,33.57,604350,180,卖盘
41,09:32:01,33.56,2896318,863,卖盘
42,09:32:04,33.54,2840891,847,卖盘
43,09:32:07,33.54,2018233,602,买盘
44,09:32:10,33.51,3720553,1110,卖盘
45,09:32:13,33.5,3457597,1032,卖盘
46,09:32:16,33.48,1520236,454,卖盘
47,09:32:19,33.44,1658243,496,卖盘
48,09:32:22,33.46,3023571,904,买盘
49,09:32:25,33.49,2413302,721,买盘
50,09:32:28,33.45,1391797,416,卖盘
51,09:32:31,33.47,1228795,367,中性盘
52,09:32:34,33.49,2950341,881,买盘
53,09:32:37,33.48,1007587,301,卖盘
54,09:32:40,33.46,2149202,642,卖盘
55,09:32:43,33.47,1231757,368,中性盘
56,09:32:46,33.47,886993,265,买盘
57,09:32:49,33.47,1101143,329,卖盘
58,09:32:52,33.47,756389,226,卖盘
59,09:32:55,33.5,1416055,423,买盘
60,09:32:58,33.49,646304,193,中性盘
61,09:33:01,33.51,1350290,403,买盘
62,09:33:04,33.52,522977,156,中性盘
63,09:33:07,33.53,479386,143,买盘
64,09:33:10,33.53,1223645,365,买盘
65,09:33:13,33.53,1799570,537,买盘
66,09:33:16,33.51,1143183,341,卖盘
67,09:33:19,33.48,5478926,1636,卖盘
68,09:33:22,33.43,10814730,3233,卖盘
69,09:33:25,33.44,1567615,469,买盘
70,09:33:28,33.41,571423,171,卖盘
71,09:33:31,33.42,628301,188,中性盘
72,09:33:34,33.42,798746,239,卖盘
73,09:33:37,33.42,1240132,371,卖盘
74,09:33:40,33.42,4420381,1323,买盘
75,09:33:43,33.43,461310,138,中性盘
76,09:33:46,33.45,1431396,428,买盘
77,09:33:49,33.45,3155421,943,买盘
78,09:33:52,33.47,304470,91,中性盘
79,09:33:55,33.48,495522,148,买盘
80,09:33:58,33.47,2085520,623,卖盘
81,09:34:01,33.49,937594,280,买盘
82,09:34:04,33.49,719983,215,卖盘
83,09:34:07,33.49,1148476,343,买盘
84,09:34:10,33.47,1014551,303,卖盘
85,09:34:13,33.47,702758,210,买盘
86,09:34:16,33.46,3014125,901,卖盘
87,09:34:19,33.44,859583,257,卖盘
88,09:34:22,33.46,341153,102,买盘
89,09:34:25,33.45,906730,271,卖盘
90,09:34:28,33.45,695716,208,买盘
91,09:34:31,33.45,468392,140,买盘
92,09:34:34,33.45,197396,59,卖盘
93,09:34:37,33.46,565386,169,买盘
94,09:34:40,33.46,398174,119,买盘
95,09:34:43,33.46,856510,256,买盘
96,09:34:46,33.47,56898,17,买盘
97,09:34:49,33.46,1104232,330,卖盘
98,09:34:52,33.46,1244618,372,卖盘
99,09:34:55,33.46,297844,89,卖盘
100,09:34:58,33.45,3997143,1195,卖盘
101,09:35:01,33.43,4968112,1486,卖盘
102,09:35:04,33.43,2697708,807,买盘
103,09:35:07,33.41,267326,80,卖盘
104,09:35:10,33.41,4042105,1210,卖盘
105,09:35:13,33.4,4048338,1212,卖盘
106,09:35:16,33.4,2274635,681,卖盘
107,09:35:19,33.41,1319475,395,买盘
108,09:35:22,33.4,801536,240,卖盘
109,09:35:25,33.39,814759,244,卖盘
110,09:35:28,33.39,1575743,472,买盘
111,09:35:31,33.39,540804,162,买盘
112,09:35:34,33.38,1355167,406,卖盘
113,09:35:37,33.37,1275031,382,卖盘
114,09:35:40,33.37,317055,95,卖盘
115,09:35:43,33.36,1134407,340,卖盘
116,09:35:46,33.36,1588085,476,卖盘
117,09:35:49,33.36,3228929,968,买盘
118,09:35:52,33.36,703837,211,买盘
119,09:35:55,33.36,386912,116,买盘
120,09:35:58,33.36,3282790,984,买盘
121,09:36:01,33.36,984071,295,卖盘
122,09:36:04,33.36,1357626,407,卖盘
123,09:36:07,33.36,964075,289,买盘
124,09:36:10,33.36,670511,201,买盘
125,09:36:13,33.36,2839337,851,卖盘
126,09:36:16,33.39,1131396,339,买盘
127,09:36:19,33.38,263716,79,买盘
128,09:36:22,33.38,480694,144,卖盘
129,09:36:25,33.38,263742,79,卖盘
130,09:36:28,33.39,831354,249,买盘
131,09:36:31,33.37,2346016,703,卖盘
132,09:36:34,33.37,1674730,502,买盘
133,09:36:37,33.37,443783,133,买盘
134,09:36:40,33.37,1207758,362,买盘
135,09:36:43,33.38,360438,108,买盘
136,09:36:46,33.38,827638,248,买盘
137,09:36:49,33.38,407186,122,买盘
138,09:36:52,33.39,447234,134,买盘
139,09:36:55,33.39,100155,30,买盘
140,09:36:58,33.39,614335,184,买盘
141,09:37:01,33.37,4558911,1366,卖盘
142,09:37:04,33.34,6794680,2037,卖盘
143,09:37:07,33.35,436874,131,买盘
144,09:37:10,33.35,1257012,377,买盘
145,09:37:13,33.35,473592,142,买盘
146,09:37:16,33.35,313491,94,卖盘
147,09:37:19,33.35,1213925,364,卖盘
148,09:37:22,33.35,566920,170,买盘
149,09:37:25,33.35,760272,228,买盘
150,09:37:28,33.35,943714,283,买盘
151,09:37:31,33.35,773882,232,卖盘
152,09:37:34,33.36,240207,72,中性盘
153,09:37:37,33.36,116777,35,卖盘
154,09:37:40,33.37,1087563,326,买盘
155,09:37:43,33.38,2046036,613,买盘
156,09:37:46,33.39,510744,153,买盘
157,09:37:49,33.38,714363,214,卖盘
158,09:37:52,33.39,731139,219,买盘
159,09:37:55,33.4,630889,189,买盘
160,09:37:58,33.39,317235,95,卖盘
161,09:38:01,33.42,314097,94,买盘
162,09:38:04,33.43,1125793,337,买盘
163,09:38:07,33.42,377746,113,卖盘
164,09:38:10,33.47,481633,144,买盘
165,09:38:13,33.48,230969,69,买盘
166,09:38:16,33.48,622229,186,卖盘
167,09:38:19,33.5,421960,126,买盘
168,09:38:22,33.5,435327,130,买盘
169,09:38:25,33.49,800548,239,卖盘
170,09:38:28,33.49,509153,152,卖盘
171,09:38:31,33.51,254573,76,中性盘
172,09:38:34,33.5,549644,164,卖盘
173,09:38:37,33.52,137446,41,中性盘
174,09:38:40,33.53,566709,169,买盘
175,09:38:43,33.55,221357,66,买盘
176,09:38:46,33.54,603768,180,中性盘
177,09:38:49,33.53,576792,172,卖盘
178,09:38:52,33.54,989311,295,买盘
179,09:38:55,33.55,486351,145,买盘
180,09:38:58,33.54,865258,258,卖盘
181,09:39:01,33.54,4564973,1361,卖盘
182,09:39:04,33.48,3567991,1065,卖盘
183,09:39:07,33.52,787369,235,买盘
184,09:39:10,33.51,140634,42,中性盘
185,09:39:13,33.48,348351,104,卖盘
186,09:39:16,33.49,271376,81,中性盘
187,09:39:19,33.49,720191,215,买盘
188,09:39:22,33.51,2363887,706,买盘
189,09:39:25,33.53,284836,85,买盘
190,09:39:28,33.51,345336,103,中性盘
191,09:39:31,33.53,1608590,480,中性盘
192,09:39:34,33.51,854910,255,卖盘
193,09:39:37,33.5,415388,124,卖盘
194,09:39:40,33.51,345084,103,买盘
195,09:39:43,33.51,683569,204,买盘
196,09:39:46,33.5,378568,113,卖盘
197,09:39:49,33.48,1141823,341,卖盘
198,09:39:52,33.5,428560,128,买盘
199,09:39:55,33.49,190932,57,买盘
200,09:39:58,33.51,566203,169,买盘
201,09:40:01,33.5,1410132,421,中性盘
202,09:40:04,33.52,599800,179,中性盘
203,09:40:07,33.52,388898,116,卖盘
204,09:40:10,33.5,1149099,343,卖盘
205,09:40:13,33.49,1282725,383,卖盘
206,09:40:16,33.47,3925704,1172,卖盘
207,09:40:19,33.48,1400816,418,买盘
208,09:40:22,33.48,385005,115,卖盘
209,09:40:25,33.48,150660,45,卖盘
210,09:40:28,33.47,602495,180,卖盘
211,09:40:31,33.48,93724,28,买盘
212,09:40:34,33.47,2660873,795,卖盘
213,09:40:37,33.47,220943,66,卖盘
214,09:40:40,33.48,284528,85,买盘
215,09:40:43,33.48,371550,111,买盘
216,09:40:46,33.48,415159,124,买盘
217,09:40:49,33.49,662865,198,买盘
218,09:40:52,33.48,247796,74,卖盘
219,09:40:55,33.5,180817,54,买盘
220,09:40:58,33.48,63625,19,卖盘
221,09:41:01,33.52,408596,122,买盘
222,09:41:04,33.5,221071,66,中性盘
223,09:41:07,33.51,180968,54,买盘
224,09:41:10,33.51,184285,55,买盘
225,09:41:13,33.53,237921,71,买盘
226,09:41:16,33.53,90532,27,卖盘
227,09:41:19,33.53,439250,131,卖盘
228,09:41:22,33.52,362064,108,卖盘
229,09:41:25,33.53,771005,230,买盘
230,09:41:28,33.52,660316,197,卖盘
231,09:41:31,33.51,217885,65,卖盘
232,09:41:34,33.52,479156,143,买盘
233,09:41:37,33.52,432311,129,买盘
234,09:41:40,33.5,817534,244,卖盘
235,09:41:43,33.51,502563,150,中性盘
236,09:41:46,33.51,435553,130,卖盘
237,09:41:49,33.52,365219,109,买盘
238,09:41:52,33.51,784124,234,卖盘
239,09:41:55,33.51,492610,147,卖盘
240,09:41:58,33.51,402048,120,卖盘
241,09:42:01,33.49,961459,287,卖盘
242,09:42:04,33.5,284722,85,买盘
243,09:42:07,33.48,602799,180,卖盘
244,09:42:10,33.48,338163,101,卖盘
245,09:42:13,33.5,911140,272,买盘
246,09:42:16,33.5,308239,92,卖盘
247,09:42:19,33.52,586380,175,买盘
248,09:42:22,33.52,670069,200,买盘
249,09:42:25,33.5,140703,42,卖盘
250,09:42:28,33.5,107215,32,卖盘
251,09:42:31,33.5,298154,89,卖盘
252,09:42:34,33.52,371871,111,买盘
253,09:42:37,33.51,251346,75,卖盘
254,09:42:40,33.51,264735,79,卖盘
255,09:42:43,33.5,408901,122,卖盘
256,09:42:46,33.5,2174173,649,卖盘
257,09:42:49,33.5,1149205,343,卖盘
258,09:42:52,33.5,1544435,461,卖盘
259,09:42:55,33.5,854275,255,卖盘
260,09:42:58,33.5,110550,33,买盘
261,09:43:01,33.5,743642,222,买盘
262,09:43:04,33.49,787185,235,卖盘
263,09:43:07,33.5,1189035,355,中性盘
264,09:43:10,33.49,408875,122,卖盘
265,09:43:13,33.51,596424,178,卖盘
266,09:43:16,33.51,33503,10,买盘
267,09:43:19,33.5,532777,159,卖盘
268,09:43:22,33.51,348503,104,买盘
269,09:43:25,33.51,1250037,373,卖盘
270,09:43:28,33.5,613198,183,卖盘
271,09:43:31,33.5,328477,98,卖盘
272,09:43:34,33.5,646821,193,卖盘
273,09:43:37,33.52,1552219,463,买盘
274,09:43:40,33.52,777518,232,卖盘
275,09:43:43,33.53,315146,94,中性盘
276,09:43:46,33.55,482812,144,买盘
277,09:43:49,33.57,758445,226,买盘
278,09:43:52,33.54,462968,138,卖盘
279,09:43:55,33.57,275112,82,买盘
280,09:43:58,33.55,973443,290,卖盘
281,09:44:01,33.54,923280,275,卖盘
282,09:44:04,33.55,449531,134,买盘
283,09:44:07,33.57,369268,110,买盘
284,09:44:10,33.57,312216,93,卖盘
285,09:44:13,33.57,604411,180,卖盘
286,09:44:16,33.57,698375,208,卖盘
287,09:44:19,33.51,1693350,505,卖盘
288,09:44:22,33.5,613244,183,卖盘
289,09:44:25,33.5,361819,108,卖盘
290,09:44:28,33.51,341836,102,卖盘
291,09:44:31,33.55,566614,169,买盘
292,09:44:34,33.56,201299,60,买盘
293,09:44:37,33.54,426003,127,卖盘
294,09:44:40,33.54,291895,87,卖盘
295,09:44:43,33.55,258271,77,中性盘
296,09:44:46,33.54,1235083,368,卖盘
297,09:44:49,33.54,264924,79,买盘
298,09:44:52,33.54,328629,98,买盘
299,09:44:55,33.54,281677,84,买盘
300,09:44:58,33.54,432733,129,卖盘
301,09:45:01,33.56,754732,225,买盘
302,09:45:04,33.54,452723,135,中性盘
303,09:45:07,33.56,1328245,396,买盘
304,09:45:10,33.51,1904718,568,卖盘
305,09:45:13,33.5,2013389,601,卖盘
306,09:45:16,33.49,3034075,906,卖盘
307,09:45:19,33.49,913964,273,买盘
308,09:45:22,33.47,482038,144,卖盘
309,09:45:25,33.47,1399957,418,卖盘
310,09:45:28,33.49,110517,33,买盘
311,09:45:31,33.5,97161,29,卖盘
312,09:45:34,33.5,559491,167,卖盘
313,09:45:37,33.53,371972,111,买盘
314,09:45:40,33.53,325054,97,卖盘
315,09:45:43,33.54,576496,172,买盘
316,09:45:46,33.5,271658,81,卖盘
317,09:45:49,33.5,77050,23,卖盘
318,09:45:52,33.5,519429,155,卖盘
319,09:45:55,33.52,154172,46,买盘
320,09:45:58,33.52,160900,48,卖盘
321,09:46:01,33.53,231345,69,买盘
322,09:46:04,33.52,63699,19,卖盘
323,09:46:07,33.53,274926,82,卖盘
324,09:46:10,33.53,103929,31,买盘
325,09:46:13,33.52,777816,232,卖盘
326,09:46:16,33.52,499576,149,卖盘
327,09:46:19,33.52,355341,106,卖盘
328,09:46:22,33.52,385499,115,卖盘
329,09:46:25,33.52,83802,25,卖盘
330,09:46:28,33.53,281630,84,买盘
331,09:46:31,33.53,127382,38,买盘
332,09:46:34,33.53,633634,189,买盘
333,09:46:37,33.53,137474,41,卖盘
334,09:46:40,33.54,181079,54,买盘
335,09:46:43,33.53,134147,40,卖盘
336,09:46:46,33.54,214623,64,中性盘
337,09:46:49,33.54,114036,34,买盘
338,09:46:52,33.54,177771,53,卖盘
339,09:46:55,33.54,630490,188,卖盘
340,09:46:58,33.53,217951,65,卖盘
341,09:47:01,33.54,402422,120,买盘
342,09:47:04,33.54,727617,217,买盘
343,09:47:07,33.5,653570,195,卖盘
344,09:47:10,33.53,3005081,897,中性盘
345,09:47:13,33.52,23462,7,中性盘
346,09:47:16,33.53,154232,46,买盘
347,09:47:19,33.51,278263,83,卖盘
348,09:47:22,33.52,301694,90,中性盘
349,09:47:25,33.52,50292,15,卖盘
350,09:47:28,33.53,167651,50,卖盘
351,09:47:31,33.55,241456,72,买盘
352,09:47:34,33.55,97260,29,买盘
353,09:47:37,33.53,321886,96,卖盘
354,09:47:40,33.53,80453,24,买盘
355,09:47:43,33.5,4473042,1335,卖盘
356,09:47:46,33.5,3728599,1113,买盘
357,09:47:49,33.5,107204,32,卖盘
358,09:47:52,33.53,626543,187,买盘
359,09:47:55,33.51,20105,6,中性盘
360,09:47:58,33.51,170903,51,卖盘
361,09:48:01,33.53,83786,25,中性盘
362,09:48:04,33.54,80464,24,买盘
363,09:48:07,33.53,308339,92,买盘
364,09:48:10,33.53,811387,242,买盘
365,09:48:13,33.53,258121,77,卖盘
366,09:48:16,33.53,341935,102,卖盘
367,09:48:19,33.51,847808,253,卖盘
368,09:48:22,33.51,542876,162,卖盘
369,09:48:25,33.5,1062052,317,卖盘
370,09:48:28,33.51,368577,110,买盘
371,09:48:31,33.5,733563,219,卖盘
372,09:48:34,33.5,311478,93,买盘
373,09:48:37,33.5,401915,120,买盘
374,09:48:40,33.5,227786,68,买盘
375,09:48:43,33.51,559600,167,买盘
376,09:48:46,33.5,60308,18,卖盘
377,09:48:49,33.5,241204,72,卖盘
378,09:48:52,33.49,4280131,1278,卖盘
379,09:48:55,33.48,1208566,361,卖盘
380,09:48:58,33.47,445171,133,卖盘
381,09:49:01,33.47,455235,136,卖盘
382,09:49:04,33.48,328025,98,买盘
383,09:49:07,33.47,110459,33,卖盘
384,09:49:10,33.48,538891,161,买盘
385,09:49:13,33.47,703050,210,卖盘
386,09:49:16,33.48,468716,140,买盘
387,09:49:19,33.48,817244,244,卖盘
388,09:49:22,33.48,192451,57,卖盘
389,09:49:25,33.48,753440,225,卖盘
390,09:49:28,33.48,308052,92,卖盘
391,09:49:31,33.48,271287,81,卖盘
392,09:49:34,33.49,73666,22,买盘
393,09:49:37,33.48,197561,59,卖盘
394,09:49:40,33.49,642850,192,买盘
395,09:49:43,33.48,90402,27,卖盘
396,09:49:46,33.48,584377,175,卖盘
397,09:49:49,33.48,177444,53,买盘
398,09:49:52,33.47,478657,143,卖盘
399,09:49:55,33.47,164043,49,卖盘
400,09:49:58,33.48,482081,144,买盘
401,09:50:01,33.47,177407,53,卖盘
402,09:50:04,33.46,1555995,465,卖盘
403,09:50:07,33.46,1489054,445,卖盘
404,09:50:10,33.46,612338,183,卖盘
405,09:50:13,33.46,177357,53,卖盘
406,09:50:16,33.47,93705,28,买盘
407,09:50:19,33.47,1020393,305,买盘
408,09:50:22,33.45,10036,3,卖盘
409,09:50:25,33.46,301191,90,买盘
410,09:50:28,33.49,4858526,1450,买盘
411,09:50:31,33.49,1161520,347,卖盘
412,09:50:34,33.49,97133,29,卖盘
413,09:50:37,33.49,365052,109,卖盘
414,09:50:40,33.5,257900,77,买盘
415,09:50:43,33.5,97137,29,卖盘
416,09:50:46,33.5,321634,96,卖盘
417,09:50:49,33.5,97174,29,卖盘
418,09:50:52,33.49,388685,116,卖盘
419,09:50:55,33.5,237813,71,中性盘
420,09:50:58,33.49,70350,21,中性盘
421,09:51:01,33.5,40198,12,买盘
422,09:51:04,33.49,354996,106,卖盘
423,09:51:07,33.48,33485,10,卖盘
424,09:51:10,33.47,287933,86,卖盘
425,09:51:13,33.47,30129,9,卖盘
426,09:51:16,33.48,46869,14,买盘
427,09:51:19,33.48,30132,9,买盘
428,09:51:22,33.48,174072,52,买盘
429,09:51:25,33.48,274566,82,买盘
430,09:51:28,33.48,518826,155,卖盘
431,09:51:31,33.48,388311,116,卖盘
432,09:51:34,33.48,66941,20,卖盘
433,09:51:37,33.46,184061,55,卖盘
434,09:51:40,33.46,117151,35,卖盘
435,09:51:43,33.46,130516,39,卖盘
436,09:51:46,33.46,230960,69,卖盘
437,09:51:49,33.47,200769,60,中性盘
438,09:51:52,33.46,250952,75,卖盘
439,09:51:55,33.51,1941999,580,买盘
440,09:51:58,33.48,643072,192,卖盘
441,09:52:01,33.48,562666,168,卖盘
442,09:52:04,33.51,143991,43,中性盘
443,09:52:07,33.51,164156,49,买盘
444,09:52:10,33.51,398776,119,买盘
445,09:52:13,33.52,187636,56,买盘
446,09:52:16,33.52,40224,12,买盘
447,09:52:19,33.51,351933,105,卖盘
448,09:52:22,33.51,408929,122,卖盘
449,09:52:25,33.52,496142,148,买盘
450,09:52:28,33.54,301752,90,买盘
451,09:52:31,33.55,1117252,333,买盘
452,09:52:34,33.55,372541,111,卖盘
453,09:52:37,33.55,694589,207,卖盘
454,09:52:40,33.56,389325,116,卖盘
455,09:52:43,33.59,184607,55,买盘
456,09:52:46,33.55,80569,24,卖盘
457,09:52:49,33.56,208190,62,中性盘
458,09:52:52,33.57,187954,56,买盘
459,09:52:55,33.56,402815,120,卖盘
460,09:52:58,33.57,60416,18,买盘
461,09:53:01,33.56,1020531,304,卖盘
462,09:53:04,33.56,553849,165,卖盘
463,09:53:07,33.59,251888,75,买盘
464,09:53:10,33.57,416356,124,卖盘
465,09:53:13,33.56,218222,65,卖盘
466,09:53:16,33.58,167878,50,中性盘
467,09:53:19,33.59,70540,21,买盘
468,09:53:22,33.59,137728,41,卖盘
469,09:53:25,33.59,235158,70,买盘
470,09:53:28,33.59,120935,36,卖盘
471,09:53:31,33.59,97413,29,卖盘
472,09:53:34,33.6,204975,61,买盘
473,09:53:37,33.6,221773,66,卖盘
474,09:53:40,33.62,285702,85,买盘
475,09:53:43,33.61,326018,97,卖盘
476,09:53:46,33.62,73953,22,中性盘
477,09:53:49,33.62,622001,185,买盘
478,09:53:52,33.63,390015,116,买盘
479,09:53:55,33.63,272324,81,买盘
480,09:53:58,33.6,2413364,718,卖盘
481,09:54:01,33.58,1179784,351,卖盘
482,09:54:04,33.59,221641,66,中性盘
483,09:54:07,33.6,1699283,506,买盘
484,09:54:10,33.62,97473,29,买盘
485,09:54:13,33.6,268884,80,卖盘
486,09:54:16,33.6,40325,12,卖盘
487,09:54:19,33.63,107598,32,买盘
488,09:54:22,33.66,982871,292,买盘
489,09:54:25,33.68,262680,78,中性盘
490,09:54:28,33.72,771722,229,买盘
491,09:54:31,33.71,559778,166,卖盘
492,09:54:34,33.74,633339,188,买盘
493,09:54:37,33.74,161991,48,卖盘
494,09:54:40,33.72,776521,230,卖盘
495,09:54:43,33.73,290106,86,中性盘
496,09:54:46,33.74,678079,201,买盘
497,09:54:49,33.74,944275,280,买盘
498,09:54:52,33.72,1011817,300,卖盘
499,09:54:55,33.72,475481,141,买盘
500,09:54:58,33.7,209015,62,卖盘
501,09:55:01,33.7,198857,59,买盘
502,09:55:04,33.72,664115,197,买盘
503,09:55:07,33.73,650709,193,买盘
504,09:55:10,33.72,333901,99,中性盘
505,09:55:13,33.74,1053876,312,买盘
506,09:55:16,33.79,2799071,829,买盘
507,09:55:19,33.88,2866179,847,买盘
508,09:55:22,33.98,14269828,4209,买盘
509,09:55:25,33.99,2603177,766,买盘
510,09:55:28,34.04,15481410,4554,买盘
511,09:55:31,34.08,1542607,453,买盘
512,09:55:34,34.14,4988904,1463,买盘
513,09:55:37,34.17,3286838,963,买盘
514,09:55:40,34.17,4202994,1231,买盘
515,09:55:43,34.17,5933474,1736,买盘
516,09:55:46,34.19,3907434,1143,买盘
517,09:55:49,34.19,3517858,1029,买盘
518,09:55:52,34.16,5168748,1512,卖盘
519,09:55:55,34.17,2983342,873,买盘
520,09:55:58,34.1,11008010,3220,卖盘
521,09:56:01,34.17,5092232,1489,买盘
522,09:56:04,34.16,1766842,517,卖盘
523,09:56:07,34.17,2996877,877,买盘
524,09:56:10,34.16,1700439,498,买盘
525,09:56:13,34.18,5712659,1674,买盘
526,09:56:16,34.19,2800654,819,买盘
527,09:56:19,34.18,9825786,2877,卖盘
528,09:56:22,34.19,2976577,871,买盘
529,09:56:25,34.18,5178667,1515,卖盘
530,09:56:28,34.15,1980854,580,卖盘
531,09:56:31,34.17,1409126,413,买盘
532,09:56:34,34.11,1047217,307,卖盘
533,09:56:37,34.08,1730268,507,卖盘
534,09:56:40,34.08,1404725,412,买盘
535,09:56:43,34.06,1543995,453,卖盘
536,09:56:46,34.02,714852,210,卖盘
537,09:56:49,34.03,1457551,428,卖盘
538,09:56:52,34.0,1183415,348,卖盘
539,09:56:55,34.0,486180,143,买盘
540,09:56:58,34.01,1124715,331,买盘
541,09:57:01,34.0,799039,235,卖盘
542,09:57:04,34.01,1298867,382,买盘
543,09:57:07,33.98,2025373,596,卖盘
544,09:57:10,33.98,438399,129,买盘
545,09:57:13,33.96,509406,150,中性盘
546,09:57:16,33.96,533003,157,买盘
547,09:57:19,33.94,1300457,383,卖盘
548,09:57:22,33.98,417758,123,中性盘
549,09:57:25,33.96,842515,248,卖盘
550,09:57:28,33.96,1502114,442,卖盘
551,09:57:31,33.95,2021344,595,卖盘
552,09:57:34,33.98,886563,261,买盘
553,09:57:37,33.95,1500798,442,卖盘
554,09:57:40,33.97,1786514,526,买盘
555,09:57:43,33.92,1968835,580,卖盘
556,09:57:46,33.96,332775,98,中性盘
557,09:57:49,33.95,325968,96,卖盘
558,09:57:52,33.96,468503,138,买盘
559,09:57:55,33.96,203755,60,买盘
560,09:57:58,33.95,1490940,439,卖盘
561,09:58:01,33.94,2164698,638,卖盘
562,09:58:04,33.94,434321,128,买盘
563,09:58:07,33.92,705746,208,卖盘
564,09:58:10,33.93,485132,143,买盘
565,09:58:13,33.94,549786,162,买盘
566,09:58:16,33.94,1021620,301,买盘
567,09:58:19,33.95,573792,169,买盘
568,09:58:22,33.96,1039217,306,买盘
569,09:58:25,33.98,876445,258,买盘
570,09:58:28,34.0,1125126,331,买盘
571,09:58:31,34.0,3906508,1149,买盘
572,09:58:34,34.0,265302,78,卖盘
573,09:58:37,34.04,864084,254,买盘
574,09:58:40,34.01,1303107,383,卖盘
575,09:58:43,34.0,966056,284,卖盘
576,09:58:46,33.98,3392672,998,卖盘
577,09:58:49,33.95,1056602,311,卖盘
578,09:58:52,33.94,6600006,1945,卖盘
579,09:58:55,33.91,752952,222,中性盘
580,09:58:58,33.92,454602,134,买盘
581,09:59:01,33.89,3222406,951,卖盘
582,09:59:04,33.88,1423242,420,中性盘
583,09:59:07,33.85,247233,73,卖盘
584,09:59:10,33.82,1353916,400,卖盘
585,09:59:13,33.81,1072017,317,卖盘
586,09:59:16,33.79,456178,135,卖盘
587,09:59:19,33.77,43910,13,中性盘
588,09:59:22,33.8,560736,166,买盘
589,09:59:25,33.75,1505603,446,卖盘
590,09:59:28,33.74,1353314,401,卖盘
591,09:59:31,33.75,2097739,621,买盘
592,09:59:34,33.73,742204,220,中性盘
593,09:59:37,33.72,1440640,427,卖盘
594,09:59:40,33.74,543141,161,买盘
595,09:59:43,33.73,242926,72,卖盘
596,09:59:46,33.7,2295925,681,卖盘
597,09:59:49,33.72,1049407,311,买盘
598,09:59:52,33.73,2291498,679,买盘
599,09:59:55,33.73,161873,48,卖盘
600,09:59:58,33.72,182121,54,卖盘
601,10:00:01,33.73,77602,23,买盘
602,10:00:04,33.75,212655,63,卖盘
603,10:00:07,33.76,145157,43,买盘
604,10:00:10,33.75,428588,127,卖盘
605,10:00:13,33.76,772722,229,买盘
606,10:00:16,33.76,307178,91,买盘
607,10:00:19,33.76,536763,159,买盘
608,10:00:22,33.78,114816,34,买盘
609,10:00:25,33.77,209429,62,卖盘
610,10:00:28,33.78,270216,80,买盘
611,10:00:31,33.78,1391516,412,买盘
612,10:00:34,33.78,516806,153,买盘
613,10:00:37,33.79,131768,39,买盘
614,10:00:40,33.79,702757,208,买盘
615,10:00:43,33.79,513553,152,买盘
616,10:00:46,33.79,381839,113,卖盘
617,10:00:49,33.8,358279,106,买盘
618,10:00:52,33.81,212995,63,买盘
619,10:00:55,33.81,1213539,359,买盘
620,10:00:58,33.82,682980,202,买盘
621,10:01:01,33.79,2399975,710,卖盘
622,10:01:04,33.77,1087724,322,卖盘
623,10:01:07,33.75,2433854,721,卖盘
624,10:01:10,33.73,728621,216,卖盘
625,10:01:13,33.71,1136302,337,卖盘
626,10:01:16,33.72,370855,110,中性盘
627,10:01:19,33.72,718385,213,买盘
628,10:01:22,33.75,215850,64,买盘
629,10:01:25,33.75,512928,152,买盘
630,10:01:28,33.76,114765,34,买盘
631,10:01:31,33.75,270015,80,卖盘
632,10:01:34,33.77,661667,196,买盘
633,10:01:37,33.77,47274,14,买盘
634,10:01:40,33.77,381544,113,买盘
635,10:01:43,33.77,91162,27,买盘
636,10:01:46,33.77,104687,31,买盘
637,10:01:49,33.76,425455,126,卖盘
638,10:01:52,33.76,439070,130,卖盘
639,10:01:55,33.77,391575,116,买盘
640,10:01:58,33.78,239769,71,买盘
641,10:02:01,33.77,108069,32,卖盘
642,10:02:04,33.75,823855,244,卖盘
643,10:02:07,33.74,269913,80,卖盘
644,10:02:10,33.74,489199,145,中性盘
645,10:02:13,33.76,327446,97,买盘
646,10:02:16,33.77,249883,74,买盘
647,10:02:19,33.78,155355,46,买盘
648,10:02:22,33.8,408758,121,买盘
649,10:02:25,33.78,57426,17,卖盘
650,10:02:28,33.79,425833,126,卖盘
651,10:02:31,33.76,479682,142,卖盘
652,10:02:34,33.78,540299,160,买盘
653,10:02:37,33.77,263476,78,卖盘
654,10:02:40,33.76,229633,68,卖盘
655,10:02:43,33.77,320731,95,买盘
656,10:02:46,33.76,84417,25,卖盘
657,10:02:49,33.75,1464932,434,卖盘
658,10:02:52,33.74,995354,295,卖盘
659,10:02:55,33.74,138321,41,买盘
660,10:02:58,33.74,158537,47,买盘
661,10:03:01,33.74,654439,194,买盘
662,10:03:04,33.74,87706,26,买盘
663,10:03:07,33.74,111330,33,买盘
664,10:03:10,33.74,20244,6,卖盘
665,10:03:13,33.74,212567,63,卖盘
666,10:03:16,33.74,6748,2,卖盘
667,10:03:19,33.74,313720,93,卖盘
668,10:03:22,33.74,296846,88,买盘
669,10:03:25,33.73,482449,143,中性盘
670,10:03:28,33.74,867027,257,买盘
671,10:03:31,33.73,560054,166,卖盘
672,10:03:34,33.73,526236,156,卖盘
673,10:03:37,33.72,101188,30,卖盘
674,10:03:40,33.72,205746,61,卖盘
675,10:03:43,33.73,188882,56,买盘
676,10:03:46,33.74,603773,179,买盘
677,10:03:49,33.76,921394,273,买盘
678,10:03:52,33.77,229566,68,买盘
679,10:03:55,33.76,719178,213,卖盘
680,10:03:58,33.76,347727,103,买盘
681,10:04:01,33.77,175544,52,买盘
682,10:04:04,33.76,77669,23,卖盘
683,10:04:07,33.77,108062,32,买盘
684,10:04:10,33.78,151971,45,买盘
685,10:04:13,33.78,185734,55,买盘
686,10:04:16,33.77,381554,113,卖盘
687,10:04:19,33.77,111441,33,买盘
688,10:04:22,33.77,422066,125,买盘
689,10:04:25,33.77,270132,80,买盘
690,10:04:28,33.77,60787,18,买盘
691,10:04:31,33.78,67550,20,买盘
692,10:04:34,33.78,104703,31,买盘
693,10:04:37,33.78,101340,30,买盘
694,10:04:40,33.78,70938,21,买盘
695,10:04:43,33.78,249972,74,买盘
696,10:04:46,33.78,611361,181,买盘
697,10:04:49,33.79,2033552,602,买盘
698,10:04:52,33.79,692660,205,买盘
699,10:04:55,33.79,148664,44,买盘
700,10:04:58,33.8,334567,99,买盘
701,10:05:01,33.79,614998,182,卖盘
702,10:05:04,33.8,2754676,815,买盘
703,10:05:07,33.79,395413,117,卖盘
704,10:05:10,33.8,490067,145,买盘
705,10:05:13,33.81,1277291,378,买盘
706,10:05:16,33.78,2189127,648,卖盘
707,10:05:19,33.78,266837,79,中性盘
708,10:05:22,33.76,1310139,388,卖盘
709,10:05:25,33.77,10131,3,买盘
710,10:05:28,33.77,384944,114,买盘
711,10:05:31,33.76,273502,81,卖盘
712,10:05:34,33.77,33761,10,买盘
713,10:05:37,33.76,131682,39,卖盘
714,10:05:40,33.76,128294,38,买盘
715,10:05:43,33.75,185656,55,卖盘
716,10:05:46,33.74,809975,240,卖盘
717,10:05:49,33.75,684856,203,买盘
718,10:05:52,33.75,155244,46,买盘
719,10:05:55,33.75,182218,54,买盘
720,10:05:58,33.75,43864,13,买盘
721,10:06:01,33.74,57354,17,中性盘
722,10:06:04,33.74,259828,77,卖盘
723,10:06:07,33.73,199037,59,卖盘
724,10:06:10,33.74,121462,36,买盘
725,10:06:13,33.74,114718,34,卖盘
726,10:06:16,33.75,74249,22,买盘
727,10:06:19,33.74,148457,44,卖盘
728,10:06:22,33.73,300288,89,卖盘
729,10:06:25,33.73,2509359,744,卖盘
730,10:06:28,33.74,529648,157,买盘
731,10:06:31,33.74,428495,127,卖盘
732,10:06:34,33.73,26986,8,卖盘
733,10:06:37,33.73,151810,45,卖盘
734,10:06:40,33.74,215896,64,买盘
735,10:06:43,33.74,91085,27,卖盘
736,10:06:46,33.74,3374,1,买盘
737,10:06:49,33.74,67476,20,买盘
738,10:06:52,33.73,20243,6,卖盘
739,10:06:55,33.75,458846,136,买盘
740,10:07:01,33.74,229482,68,卖盘
741,10:07:04,33.74,175450,52,卖盘
742,10:07:07,33.74,185541,55,买盘
743,10:07:10,33.73,1042411,309,卖盘
744,10:07:13,33.73,155158,46,买盘
745,10:07:16,33.72,404672,120,卖盘
746,10:07:19,33.72,701416,208,卖盘
747,10:07:22,33.72,182129,54,卖盘
748,10:07:25,33.72,465387,138,卖盘
749,10:07:28,33.72,47214,14,卖盘
750,10:07:31,33.72,691279,205,卖盘
751,10:07:34,33.67,8310257,2466,卖盘
752,10:07:37,33.66,346712,103,卖盘
753,10:07:40,33.66,333248,99,卖盘
754,10:07:43,33.67,222174,66,买盘
755,10:07:46,33.66,124549,37,卖盘
756,10:07:49,33.66,57226,17,卖盘
757,10:07:52,33.67,242537,72,买盘
758,10:07:55,33.67,67340,20,卖盘
759,10:07:58,33.71,383972,114,买盘
760,10:08:01,33.67,357062,106,卖盘
761,10:08:04,33.68,363666,108,买盘
762,10:08:07,33.67,168358,50,卖盘
763,10:08:10,33.67,84182,25,买盘
764,10:08:13,33.67,33666,10,买盘
765,10:08:16,33.66,1480881,440,卖盘
766,10:08:19,33.65,329786,98,中性盘
767,10:08:22,33.65,195077,58,买盘
768,10:08:25,33.62,443808,132,卖盘
769,10:08:28,33.62,248771,74,买盘
770,10:08:31,33.62,215121,64,中性盘
771,10:08:34,33.62,90774,27,卖盘
772,10:08:37,33.62,941266,280,卖盘
773,10:08:40,33.62,127727,38,买盘
774,10:08:43,33.61,50419,15,卖盘
775,10:08:46,33.6,2627603,782,卖盘
776,10:08:49,33.59,204922,61,卖盘
777,10:08:52,33.59,292289,87,卖盘
778,10:08:55,33.59,295592,88,卖盘
779,10:08:58,33.59,275438,82,买盘
780,10:09:01,33.59,114177,34,买盘
781,10:09:04,33.59,856392,255,买盘
782,10:09:07,33.58,211588,63,卖盘
783,10:09:10,33.59,406333,121,买盘
784,10:09:13,33.58,265315,79,卖盘
785,10:09:16,33.58,130999,39,卖盘
786,10:09:19,33.58,681692,203,卖盘
787,10:09:22,33.58,366039,109,卖盘
788,10:09:25,33.58,349192,104,买盘
789,10:09:28,33.58,107451,32,买盘
790,10:09:31,33.58,318977,95,买盘
791,10:09:34,33.57,1131325,337,卖盘
792,10:09:37,33.57,617655,184,买盘
793,10:09:40,33.57,412876,123,买盘
794,10:09:43,33.56,416256,124,卖盘
795,10:09:46,33.57,298717,89,买盘
796,10:09:49,33.56,2238459,667,卖盘
797,10:09:52,33.56,191292,57,买盘
798,10:09:55,33.55,46977,14,卖盘
799,10:09:58,33.55,597242,178,卖盘
800,10:10:01,33.55,436153,130,卖盘
801,10:10:04,33.55,231456,69,买盘
802,10:10:07,33.55,355581,106,买盘
803,10:10:10,33.56,395911,118,买盘
804,10:10:13,33.57,912897,272,买盘
805,10:10:16,33.57,57071,17,卖盘
806,10:10:19,33.57,533732,159,卖盘
807,10:10:22,33.58,1131636,337,买盘
808,10:10:25,33.58,372731,111,买盘
809,10:10:28,33.58,1376453,410,买盘
810,10:10:31,33.58,2104986,627,买盘
811,10:10:34,33.58,124256,37,卖盘
812,10:10:37,33.59,73898,22,买盘
813,10:10:40,33.59,100760,30,买盘
814,10:10:43,33.6,36958,11,买盘
815,10:10:46,33.6,406560,121,买盘
816,10:10:49,33.6,168000,50,买盘
817,10:10:52,33.6,124327,37,卖盘
818,10:10:55,33.61,50415,15,买盘
819,10:10:58,33.61,20166,6,卖盘
820,10:11:01,33.62,265568,79,买盘
821,10:11:04,33.62,295850,88,买盘
822,10:11:07,33.61,2107442,627,卖盘
823,10:11:10,33.62,641878,191,买盘
824,10:11:13,33.62,188218,56,买盘
825,10:11:16,33.6,1179409,351,卖盘
826,10:11:19,33.59,1323435,394,卖盘
827,10:11:22,33.61,1468630,437,买盘
828,10:11:25,33.61,87380,26,买盘
829,10:11:28,33.6,1720329,512,卖盘
830,10:11:31,33.61,47051,14,买盘
831,10:11:34,33.61,107537,32,买盘
832,10:11:37,33.61,154606,46,买盘
833,10:11:40,33.61,272232,81,买盘
834,10:11:43,33.61,211735,63,买盘
835,10:11:46,33.62,77326,23,买盘
836,10:11:49,33.61,124374,37,卖盘
837,10:11:52,33.61,53782,16,卖盘
838,10:11:55,33.62,70591,21,买盘
839,10:11:58,33.61,2440063,726,卖盘
840,10:12:01,33.6,487208,145,卖盘
841,10:12:04,33.59,456908,136,卖盘
842,10:12:07,33.58,1460821,435,卖盘
843,10:12:10,33.57,443288,132,卖盘
844,10:12:13,33.58,147723,44,中性盘
845,10:12:16,33.59,345850,103,买盘
846,10:12:19,33.58,355844,106,中性盘
847,10:12:22,33.59,154461,46,买盘
848,10:12:25,33.59,77252,23,买盘
849,10:12:28,33.58,47016,14,卖盘
850,10:12:31,33.58,107478,32,卖盘
851,10:12:34,33.58,134332,40,卖盘
852,10:12:37,33.59,120902,36,买盘
853,10:12:40,33.58,127608,38,卖盘
854,10:12:43,33.58,107477,32,卖盘
855,10:12:46,33.59,238443,71,买盘
856,10:12:49,33.58,36939,11,卖盘
857,10:12:52,33.59,53742,16,买盘
858,10:12:55,33.59,302307,90,买盘
859,10:12:58,33.6,164594,49,买盘
860,10:13:01,33.59,73918,22,卖盘
861,10:13:04,33.61,80644,24,买盘
862,10:13:07,33.6,312520,93,卖盘
863,10:13:10,33.6,346220,103,买盘
864,10:13:13,33.63,168117,50,买盘
865,10:13:16,33.6,275553,82,卖盘
866,10:13:19,33.62,215087,64,买盘
867,10:13:22,33.61,208424,62,卖盘
868,10:13:25,33.62,36982,11,买盘
869,10:13:28,33.63,184930,55,买盘
870,10:13:31,33.62,164744,49,卖盘
871,10:13:34,33.62,517962,154,卖盘
872,10:13:37,33.63,191687,57,买盘
873,10:13:40,33.64,134530,40,买盘
874,10:13:43,33.64,359937,107,买盘
875,10:13:46,33.64,111012,33,买盘
876,10:13:49,33.64,181656,54,中性盘
877,10:13:52,33.64,84090,25,买盘
878,10:13:55,33.65,3365,1,买盘
879,10:13:58,33.65,63934,19,买盘
880,10:14:01,33.65,279282,83,买盘
881,10:14:04,33.65,174987,52,卖盘
882,10:14:07,33.66,888210,264,买盘
883,10:14:10,33.65,770638,229,中性盘
884,10:14:13,33.66,63950,19,买盘
885,10:14:16,33.65,111054,33,卖盘
886,10:14:19,33.64,3976053,1182,卖盘
887,10:14:22,33.65,191800,57,买盘
888,10:14:25,33.65,198506,59,买盘
889,10:14:28,33.65,339819,101,买盘
890,10:14:31,33.64,90818,27,买盘
891,10:14:34,33.65,461010,137,买盘
892,10:14:37,33.65,171615,51,卖盘
893,10:14:40,33.65,77390,23,买盘
894,10:14:43,33.65,40380,12,买盘
895,10:14:46,33.65,198535,59,买盘
896,10:14:49,33.64,168204,50,卖盘
897,10:14:52,33.65,57207,17,中性盘
898,10:14:55,33.66,154809,46,买盘
899,10:14:58,33.66,26928,8,买盘
900,10:15:01,33.65,228836,68,卖盘
901,10:15:04,33.65,37022,11,卖盘
902,10:15:07,33.64,969079,288,卖盘
903,10:15:10,33.64,928817,276,卖盘
904,10:15:13,33.64,289347,86,卖盘
905,10:15:16,33.64,87455,26,买盘
906,10:15:19,33.63,148002,44,卖盘
907,10:15:22,33.64,104284,31,买盘
908,10:15:25,33.65,50475,15,买盘
909,10:15:28,33.67,90882,27,买盘
910,10:15:31,33.66,127908,38,中性盘
911,10:15:34,33.66,124545,37,卖盘
912,10:15:37,33.66,191916,57,卖盘
913,10:15:40,33.67,144762,43,买盘
914,10:15:43,33.67,181782,54,买盘
915,10:15:46,33.68,215498,64,买盘
916,10:15:49,33.67,50505,15,卖盘
917,10:15:52,33.7,90976,27,买盘
918,10:15:55,33.66,892321,265,卖盘
919,10:15:58,33.66,175032,52,卖盘
920,10:16:01,33.67,80806,24,买盘
921,10:16:04,33.67,178415,53,买盘
922,10:16:07,33.68,144788,43,买盘
923,10:16:10,33.68,175087,52,买盘
924,10:16:13,33.67,134683,40,卖盘
925,10:16:16,33.68,161625,48,买盘
926,10:16:19,33.68,198659,59,买盘
927,10:16:22,33.68,205370,61,买盘
928,10:16:25,33.66,131288,39,卖盘
929,10:16:28,33.66,97622,29,卖盘
930,10:16:31,33.66,252459,75,卖盘
931,10:16:34,33.67,53862,16,买盘
932,10:16:37,33.67,87542,26,买盘
933,10:16:40,33.67,181781,54,买盘
934,10:16:43,33.67,208747,62,买盘
935,10:16:46,33.67,390572,116,买盘
936,10:16:49,33.68,377141,112,买盘
937,10:16:52,33.66,178452,53,卖盘
938,10:16:55,33.66,101001,30,卖盘
939,10:16:58,33.66,127921,38,卖盘
940,10:17:01,33.67,309758,92,买盘
941,10:17:04,33.66,1100489,327,卖盘
942,10:17:07,33.66,225459,67,买盘
943,10:17:10,33.65,1857486,552,卖盘
944,10:17:13,33.66,642769,191,买盘
945,10:17:16,33.65,235571,70,卖盘
946,10:17:19,33.66,4367885,1298,买盘
947,10:17:22,33.66,141354,42,买盘
948,10:17:25,33.66,60588,18,买盘
949,10:17:28,33.66,117803,35,买盘
950,10:17:31,33.67,37037,11,买盘
951,10:17:34,33.67,158255,47,买盘
952,10:17:37,33.67,26936,8,卖盘
953,10:17:40,33.67,77451,23,卖盘
954,10:17:43,33.67,107744,32,卖盘
955,10:17:46,33.67,104377,31,买盘
956,10:17:49,33.66,541948,161,卖盘
957,10:17:52,33.66,74057,22,卖盘
958,10:17:55,33.67,239034,71,买盘
959,10:17:58,33.67,60600,18,买盘
960,10:18:01,33.67,53870,16,买盘
961,10:18:04,33.68,171744,51,买盘
962,10:18:07,33.7,222335,66,买盘
963,10:18:10,33.67,26941,8,卖盘
964,10:18:13,33.68,3368,1,买盘
965,10:18:16,33.69,656674,195,买盘
966,10:18:19,33.68,165075,49,卖盘
967,10:18:22,33.68,239108,71,买盘
968,10:18:25,33.69,3369,1,买盘
969,10:18:28,33.68,3368,1,卖盘
970,10:18:31,33.69,175189,52,买盘
971,10:18:34,33.69,13476,4,买盘
972,10:18:37,33.7,67399,20,买盘
973,10:18:40,33.7,53920,16,买盘
974,10:18:43,33.7,114561,34,买盘
975,10:18:46,33.69,77508,23,卖盘
976,10:18:49,33.7,444820,132,买盘
977,10:18:52,33.71,158391,47,买盘
978,10:18:55,33.71,124727,37,买盘
979,10:18:58,33.71,404508,120,卖盘
980,10:19:01,33.71,246031,73,买盘
981,10:19:04,33.71,144967,43,买盘
982,10:19:10,33.73,43840,13,买盘
983,10:19:13,33.71,101132,30,卖盘
984,10:19:16,33.73,111277,33,买盘
985,10:19:19,33.72,175334,52,买盘
986,10:19:22,33.71,579922,172,卖盘
987,10:19:25,33.7,158431,47,卖盘
988,10:19:28,33.71,67420,20,买盘
989,10:19:31,33.7,198846,59,卖盘
990,10:19:34,33.68,1529354,454,卖盘
991,10:19:37,33.66,2824699,839,卖盘
992,10:19:40,33.67,222171,66,买盘
993,10:19:43,33.66,127899,38,中性盘
994,10:19:46,33.66,107682,32,买盘
995,10:19:49,33.65,3045335,905,卖盘
996,10:19:52,33.65,90855,27,买盘
997,10:19:55,33.65,90858,27,买盘
998,10:19:58,33.64,454234,135,卖盘
999,10:20:01,33.64,20184,6,买盘
1000,10:20:04,33.64,3364,1,买盘
1001,10:20:07,33.64,164818,49,买盘
1002,10:20:10,33.64,26906,8,买盘
1003,10:20:13,33.64,198476,59,买盘
1004,10:20:16,33.64,185030,55,卖盘
1005,10:20:19,33.64,309488,92,卖盘
1006,10:20:22,33.64,53836,16,卖盘
1007,10:20:25,33.64,366763,109,卖盘
1008,10:20:28,33.63,13454,4,卖盘
1009,10:20:31,33.63,3363,1,卖盘
1010,10:20:37,33.63,67266,20,卖盘
1011,10:20:40,33.64,353158,105,买盘
1012,10:20:43,33.64,94192,28,买盘
1013,10:20:46,33.64,30274,9,买盘
1014,10:20:49,33.64,316191,94,买盘
1015,10:20:52,33.64,144633,43,买盘
1016,10:20:55,33.65,154751,46,买盘
1017,10:20:58,33.64,137895,41,中性盘
1018,10:21:01,33.64,299309,89,买盘
1019,10:21:04,33.63,131157,39,买盘
1020,10:21:07,33.63,114342,34,买盘
1021,10:21:10,33.63,90788,27,买盘
1022,10:21:13,33.62,10086,3,卖盘
1023,10:21:16,33.63,67256,20,买盘
1024,10:21:19,33.63,94145,28,买盘
1025,10:21:22,33.63,151300,45,买盘
1026,10:21:25,33.62,268960,80,卖盘
1027,10:21:31,33.61,2029748,604,卖盘
1028,10:21:34,33.61,399912,119,买盘
1029,10:21:37,33.6,594720,177,卖盘
1030,10:21:40,33.6,67198,20,买盘
1031,10:21:43,33.59,63826,19,卖盘
1032,10:21:46,33.59,50387,15,卖盘
1033,10:21:49,33.59,241848,72,卖盘
1034,10:21:52,33.59,120924,36,卖盘
1035,10:21:55,33.6,198202,59,买盘
1036,10:21:58,33.6,104143,31,买盘
1037,10:22:01,33.59,490416,146,卖盘
1038,10:22:04,33.58,77249,23,卖盘
1039,10:22:07,33.58,36938,11,卖盘
1040,10:22:10,33.58,601089,179,卖盘
1041,10:22:13,33.58,530564,158,卖盘
1042,10:22:16,33.58,1182033,352,卖盘
1043,10:22:19,33.57,36927,11,卖盘
1044,10:22:22,33.57,449855,134,卖盘
1045,10:22:25,33.57,976887,291,卖盘
1046,10:22:28,33.57,496943,148,卖盘
1047,10:22:31,33.58,83944,25,买盘
1048,10:22:34,33.58,60430,18,买盘
1049,10:22:37,33.58,67156,20,买盘
1050,10:22:40,33.58,43645,13,买盘
1051,10:22:43,33.57,53724,16,卖盘
1052,10:22:46,33.57,188002,56,卖盘
1053,10:22:49,33.58,436427,130,买盘
1054,10:22:52,33.58,57071,17,买盘
1055,10:22:55,33.58,235042,70,买盘
1056,10:22:58,33.58,164540,49,买盘
1057,10:23:01,33.58,775663,231,卖盘
1058,10:23:04,33.58,245199,73,卖盘
1059,10:23:07,33.58,372742,111,卖盘
1060,10:23:10,33.58,117551,35,卖盘
1061,10:23:13,33.58,258608,77,卖盘
1062,10:23:16,33.58,178004,53,卖盘
1063,10:23:19,33.59,167970,50,买盘
1064,10:23:22,33.6,6720,2,买盘
1065,10:23:25,33.59,30232,9,卖盘
1066,10:23:28,33.6,60478,18,买盘
1067,10:23:31,33.6,194878,58,买盘
1068,10:23:34,33.59,137727,41,卖盘
1069,10:23:37,33.6,33599,10,买盘
1070,10:23:40,33.6,104147,31,买盘
1071,10:23:43,33.61,73912,22,买盘
1072,10:23:46,33.61,23527,7,买盘
1073,10:23:52,33.61,60498,18,买盘
1074,10:23:55,33.6,369704,110,卖盘
1075,10:23:58,33.61,154606,46,买盘
1076,10:24:01,33.62,47055,14,买盘
1077,10:24:04,33.6,477192,142,卖盘
1078,10:24:07,33.61,164677,49,中性盘
1079,10:24:10,33.6,70568,21,卖盘
1080,10:24:13,33.6,127685,38,卖盘
1081,10:24:16,33.61,144481,43,买盘
1082,10:24:19,33.6,235212,70,卖盘
1083,10:24:22,33.61,161320,48,买盘
1084,10:24:25,33.61,268865,80,买盘
1085,10:24:28,33.61,107540,32,买盘
1086,10:24:34,33.61,70589,21,卖盘
1087,10:24:40,33.61,174791,52,卖盘
1088,10:24:43,33.61,208394,62,卖盘
1089,10:24:46,33.61,50415,15,卖盘
1090,10:24:49,33.61,292408,87,卖盘
1091,10:24:52,33.61,40332,12,买盘
1092,10:24:55,33.6,40323,12,卖盘
1093,10:24:58,33.61,823215,245,买盘
1094,10:25:01,33.61,211688,63,买盘
1095,10:25:04,33.59,366192,109,卖盘
1096,10:25:07,33.6,188116,56,买盘
1097,10:25:10,33.6,26878,8,买盘
1098,10:25:13,33.58,188089,56,卖盘
1099,10:25:16,33.58,124278,37,卖盘
1100,10:25:19,33.59,3359,1,买盘
1101,10:25:22,33.58,1222312,364,卖盘
1102,10:25:25,33.58,168480,50,卖盘
1103,10:25:28,33.58,23508,7,卖盘
1104,10:25:34,33.59,10076,3,买盘
1105,10:25:37,33.57,395688,118,卖盘
1106,10:25:40,33.58,23506,7,买盘
1107,10:25:43,33.58,178498,53,买盘
1108,10:25:46,33.57,127056,38,卖盘
1109,10:25:49,33.58,144394,43,卖盘
1110,10:25:52,33.58,275356,82,卖盘
1111,10:25:55,33.58,43646,13,买盘
1112,10:25:58,33.58,70500,21,买盘
1113,10:26:01,33.58,114141,34,买盘
1114,10:26:04,33.58,335788,100,买盘
1115,10:26:07,33.58,1134669,338,买盘
1116,10:26:10,33.57,67148,20,卖盘
1117,10:26:13,33.58,26857,8,买盘
1118,10:26:16,33.58,238404,71,买盘
1119,10:26:19,33.57,124221,37,卖盘
1120,10:26:22,33.58,120867,36,买盘
1121,10:26:25,33.57,50360,15,卖盘
1122,10:26:28,33.57,124209,37,卖盘
1123,10:26:31,33.57,36927,11,卖盘
1124,10:26:34,33.58,26863,8,买盘
1125,10:26:37,33.58,141016,42,买盘
1126,10:26:40,33.57,120855,36,卖盘
1127,10:26:43,33.58,238380,71,买盘
1128,10:26:46,33.57,90641,27,卖盘
1129,10:26:49,33.57,177924,53,卖盘
1130,10:26:52,33.57,2181253,650,卖盘
1131,10:26:55,33.56,97319,29,中性盘
1132,10:26:58,33.57,197977,59,买盘
1133,10:27:01,33.55,40271,12,卖盘
1134,10:27:04,33.55,815260,243,卖盘
1135,10:27:07,33.55,147620,44,买盘
1136,10:27:10,33.55,503107,150,买盘
1137,10:27:13,33.54,46956,14,卖盘
1138,10:27:16,33.55,164363,49,买盘
1139,10:27:19,33.53,187826,56,卖盘
1140,10:27:22,33.53,46953,14,卖盘
1141,10:27:25,33.54,181116,54,卖盘
1142,10:27:28,33.53,43600,13,卖盘
1143,10:27:31,33.53,241487,72,卖盘
1144,10:27:34,33.53,16765,5,卖盘
1145,10:27:37,33.53,33530,10,卖盘
1146,10:27:40,33.53,53649,16,卖盘
1147,10:27:43,33.53,10059,3,卖盘
1148,10:27:46,33.53,238089,71,卖盘
1149,10:27:49,33.53,821487,245,卖盘
1150,10:27:52,33.53,150896,45,卖盘
1151,10:27:55,33.54,60364,18,买盘
1152,10:27:58,33.54,87193,26,买盘
1153,10:28:01,33.54,137504,41,买盘
1154,10:28:04,33.54,97250,29,买盘
1155,10:28:07,33.54,285032,85,买盘
1156,10:28:10,33.54,194531,58,买盘
1157,10:28:13,33.54,291787,87,买盘
1158,10:28:16,33.55,127457,38,买盘
1159,10:28:19,33.54,130806,39,卖盘
1160,10:28:22,33.54,2009788,599,买盘
1161,10:28:25,33.57,93938,28,买盘
1162,10:28:28,33.57,3357,1,买盘
1163,10:28:31,33.54,13416,4,卖盘
1164,10:28:34,33.56,33560,10,买盘
1165,10:28:37,33.55,70448,21,卖盘
1166,10:28:40,33.56,157677,47,买盘
1167,10:28:43,33.56,50340,15,买盘
1168,10:28:46,33.55,278523,83,卖盘
1169,10:28:49,33.57,144343,43,买盘
1170,10:28:52,33.58,234970,70,买盘
1171,10:28:55,33.56,50346,15,卖盘
1172,10:28:58,33.57,392781,117,买盘
1173,10:29:01,33.56,151044,45,卖盘
1174,10:29:04,33.6,597555,178,买盘
1175,10:29:07,33.57,53718,16,卖盘
1176,10:29:10,33.57,13428,4,卖盘
1177,10:29:13,33.57,43641,13,买盘
1178,10:29:16,33.58,20148,6,买盘
1179,10:29:19,33.58,305528,91,买盘
1180,10:29:22,33.58,181319,54,买盘
1181,10:29:25,33.58,36940,11,卖盘
1182,10:29:28,33.58,335800,100,卖盘
1183,10:29:31,33.61,386404,115,买盘
1184,10:29:34,33.6,77288,23,卖盘
1185,10:29:37,33.58,23506,7,卖盘
1186,10:29:40,33.6,413365,123,买盘
1187,10:29:43,33.6,43684,13,买盘
1188,10:29:46,33.6,161290,48,卖盘
1189,10:29:52,33.61,131102,39,买盘
1190,10:29:55,33.61,3361,1,卖盘
1191,10:29:58,33.61,90763,27,卖盘
1192,10:30:01,33.62,410029,122,买盘
1193,10:30:04,33.62,97498,29,买盘
1194,10:30:07,33.62,366446,109,买盘
1195,10:30:10,33.62,268922,80,买盘
1196,10:30:13,33.61,20166,6,卖盘
1197,10:30:16,33.62,47068,14,买盘
1198,10:30:19,33.61,484104,144,卖盘
1199,10:30:22,33.62,658929,196,买盘
1200,10:30:25,33.63,84053,25,买盘
1201,10:30:28,33.63,16811,5,买盘
1202,10:30:31,33.61,1233599,367,卖盘
1203,10:30:34,33.62,652044,194,买盘
1204,10:30:37,33.63,127757,38,买盘
1205,10:30:40,33.63,16815,5,买盘
1206,10:30:43,33.63,13451,4,买盘
1207,10:30:46,33.62,161418,48,卖盘
1208,10:30:49,33.63,117695,35,买盘
1209,10:30:52,33.63,3363,1,买盘
1210,10:30:55,33.63,585129,174,买盘
1211,10:30:58,33.64,50452,15,买盘
1212,10:31:01,33.64,77370,23,买盘
1213,10:31:04,33.64,208515,62,买盘
1214,10:31:07,33.64,137924,41,买盘
1215,10:31:10,33.64,225378,67,买盘
1216,10:31:13,33.64,215320,64,卖盘
1217,10:31:16,33.65,13460,4,买盘
1218,10:31:19,33.65,63935,19,买盘
1219,10:31:22,33.64,77381,23,卖盘
1220,10:31:25,33.66,67307,20,买盘
1221,10:31:28,33.65,57210,17,卖盘
1222,10:31:31,33.67,67323,20,买盘
1223,10:31:34,33.66,67327,20,卖盘
1224,10:31:37,33.67,121191,36,买盘
1225,10:31:40,33.67,74059,22,中性盘
1226,10:31:43,33.66,131274,39,卖盘
1227,10:31:46,33.67,171673,51,买盘
1228,10:31:49,33.67,259161,77,买盘
1229,10:31:52,33.68,222184,66,买盘
1230,10:31:55,33.67,84172,25,中性盘
1231,10:31:58,33.67,57227,17,买盘
1232,10:32:01,33.67,198644,59,买盘
1233,10:32:04,33.68,37045,11,买盘
1234,10:32:07,33.68,356929,106,买盘
1235,10:32:10,33.68,555715,165,买盘
1236,10:32:13,33.68,185233,55,买盘
1237,10:32:16,33.67,107759,32,卖盘
1238,10:32:19,33.68,26940,8,买盘
1239,10:32:22,33.65,565581,168,卖盘
1240,10:32:25,33.65,306236,91,卖盘
1241,10:32:28,33.64,612411,182,卖盘
1242,10:32:31,33.64,70649,21,卖盘
1243,10:32:34,33.64,289365,86,卖盘
1244,10:32:37,33.65,397000,118,买盘
1245,10:32:40,33.64,282643,84,卖盘
1246,10:32:43,33.63,40358,12,卖盘
1247,10:32:46,33.64,198492,59,买盘
1248,10:32:49,33.64,13456,4,卖盘
1249,10:32:52,33.64,53837,16,卖盘
1250,10:32:58,33.65,57203,17,买盘
1251,10:33:01,33.64,70655,21,卖盘
1252,10:33:04,33.65,114393,34,买盘
1253,10:33:07,33.64,80736,24,卖盘
1254,10:33:10,33.64,279205,83,卖盘
1255,10:33:13,33.65,94202,28,买盘
1256,10:33:16,33.63,77352,23,卖盘
1257,10:33:19,33.64,16820,5,中性盘
1258,10:33:22,33.64,37001,11,买盘
1259,10:33:25,33.64,16820,5,买盘
1260,10:33:28,33.65,50475,15,买盘
1261,10:33:31,33.65,104314,31,买盘
1262,10:33:34,33.66,154783,46,买盘
1263,10:33:37,33.66,33660,10,买盘
1264,10:33:40,33.66,26928,8,买盘
1265,10:33:43,33.65,218754,65,卖盘
1266,10:33:46,33.65,6730,2,卖盘
1267,10:33:49,33.66,444197,132,买盘
1268,10:33:52,33.65,16825,5,卖盘
1269,10:33:55,33.66,20196,6,买盘
1270,10:33:58,33.66,43749,13,卖盘
1271,10:34:01,33.67,30301,9,买盘
1272,10:34:04,33.67,87536,26,买盘
1273,10:34:07,33.67,43771,13,买盘
1274,10:34:10,33.67,33681,10,卖盘
1275,10:34:13,33.67,101028,30,卖盘
1276,10:34:16,33.66,346783,103,卖盘
1277,10:34:19,33.68,124616,37,卖盘
1278,10:34:22,33.69,387407,115,买盘
1279,10:34:25,33.68,47154,14,卖盘
1280,10:34:28,33.69,141475,42,买盘
1281,10:34:31,33.68,43795,13,卖盘
1282,10:34:34,33.69,256044,76,买盘
1283,10:34:37,33.69,94332,28,买盘
1284,10:34:40,33.69,282996,84,买盘
1285,10:34:43,33.69,168450,50,买盘
1286,10:34:46,33.7,37066,11,买盘
1287,10:34:49,33.72,1021194,303,买盘
1288,10:34:52,33.71,650883,193,卖盘
1289,10:34:55,33.75,981715,291,买盘
1290,10:34:58,33.76,378112,112,买盘
1291,10:35:01,33.76,361232,107,买盘
1292,10:35:04,33.76,57382,17,买盘
1293,10:35:07,33.75,74263,22,卖盘
1294,10:35:10,33.74,1475195,437,卖盘
1295,10:35:13,33.75,323911,96,买盘
1296,10:35:16,33.74,283331,84,买盘
1297,10:35:19,33.74,57372,17,中性盘
1298,10:35:22,33.74,80979,24,卖盘
1299,10:35:25,33.74,283490,84,卖盘
1300,10:35:28,33.75,674978,200,买盘
1301,10:35:31,33.76,283574,84,买盘
1302,10:35:34,33.75,627908,186,卖盘
1303,10:35:37,33.76,347634,103,中性盘
1304,10:35:40,33.76,421878,125,买盘
1305,10:35:43,33.76,330921,98,买盘
1306,10:35:46,33.76,168800,50,卖盘
1307,10:35:49,33.77,141818,42,买盘
1308,10:35:52,33.76,280226,83,卖盘
1309,10:35:55,33.77,185706,55,买盘
1310,10:35:58,33.78,672238,199,买盘
1311,10:36:01,33.78,331067,98,卖盘
1312,10:36:04,33.79,104741,31,买盘
1313,10:36:07,33.78,368197,109,卖盘
1314,10:36:10,33.76,577424,171,卖盘
1315,10:36:13,33.76,769830,228,卖盘
1316,10:36:16,33.78,101311,30,买盘
1317,10:36:19,33.77,43899,13,中性盘
1318,10:36:22,33.76,212692,63,卖盘
1319,10:36:25,33.77,74284,22,中性盘
1320,10:36:28,33.78,361444,107,买盘
1321,10:36:31,33.77,303882,90,卖盘
1322,10:36:34,33.77,94555,28,卖盘
1323,10:36:37,33.77,60786,18,卖盘
1324,10:36:40,33.76,6752,2,卖盘
1325,10:36:43,33.77,503067,149,买盘
1326,10:36:46,33.75,84377,25,卖盘
1327,10:36:49,33.75,97893,29,卖盘
1328,10:36:52,33.76,367914,109,买盘
1329,10:36:55,33.75,654905,194,卖盘
1330,10:36:58,33.74,256430,76,卖盘
1331,10:37:01,33.74,87720,26,买盘
1332,10:37:04,33.74,856976,254,买盘
1333,10:37:07,33.73,43852,13,卖盘
1334,10:37:10,33.73,13492,4,卖盘
1335,10:37:13,33.73,809677,240,卖盘
1336,10:37:16,33.74,20244,6,买盘
1337,10:37:19,33.74,894007,265,卖盘
1338,10:37:22,33.74,53984,16,买盘
1339,10:37:25,33.74,151799,45,买盘
1340,10:37:28,33.73,26984,8,卖盘
1341,10:37:31,33.74,134933,40,买盘
1342,10:37:37,33.73,101211,30,卖盘
1343,10:37:40,33.74,124826,37,买盘
1344,10:37:43,33.73,114682,34,卖盘
1345,10:37:46,33.74,97820,29,买盘
1346,10:37:49,33.74,128192,38,买盘
1347,10:37:52,33.74,178772,53,买盘
1348,10:37:55,33.74,161943,48,买盘
1349,10:37:58,33.74,74228,22,买盘
1350,10:38:01,33.74,101200,30,买盘
1351,10:38:04,33.74,121462,36,买盘
1352,10:38:07,33.74,114712,34,买盘
1353,10:38:10,33.74,205785,61,买盘
1354,10:38:13,33.75,80983,24,买盘
1355,10:38:16,33.74,47239,14,卖盘
1356,10:38:19,33.75,874073,259,买盘
1357,10:38:22,33.74,91100,27,卖盘
1358,10:38:25,33.74,33740,10,中性盘
1359,10:38:28,33.74,445447,132,买盘
1360,10:38:31,33.73,529536,157,卖盘
1361,10:38:34,33.71,37083,11,卖盘
1362,10:38:37,33.71,185408,55,卖盘
1363,10:38:40,33.7,33701,10,卖盘
1364,10:38:43,33.7,347113,103,卖盘
1365,10:38:46,33.7,192090,57,卖盘
1366,10:38:49,33.69,532371,158,卖盘
1367,10:38:52,33.7,77510,23,中性盘
1368,10:38:55,33.68,225732,67,卖盘
1369,10:38:58,33.69,114524,34,中性盘
1370,10:39:01,33.69,37055,11,买盘
1371,10:39:04,33.68,20211,6,卖盘
1372,10:39:07,33.69,47164,14,买盘
1373,10:39:10,33.68,10104,3,卖盘
1374,10:39:13,33.68,77485,23,卖盘
1375,10:39:16,33.68,131352,39,卖盘
1376,10:39:19,33.68,397423,118,卖盘
1377,10:39:22,33.68,60630,18,买盘
1378,10:39:25,33.69,43796,13,买盘
1379,10:39:28,33.68,198724,59,卖盘
1380,10:39:31,33.68,471621,140,卖盘
1381,10:39:34,33.68,134720,40,卖盘
1382,10:39:37,33.68,33680,10,卖盘
1383,10:39:40,33.68,60625,18,卖盘
1384,10:39:43,33.68,229031,68,卖盘
1385,10:39:46,33.69,245893,73,买盘
1386,10:39:49,33.68,323233,96,买盘
1387,10:39:52,33.66,60600,18,卖盘
1388,10:39:55,33.67,164978,49,买盘
1389,10:39:58,33.65,94246,28,卖盘
1390,10:40:01,33.65,47122,14,卖盘
1391,10:40:04,33.65,134607,40,卖盘
1392,10:40:07,33.65,111045,33,卖盘
1393,10:40:10,33.66,454295,135,买盘
1394,10:40:13,33.66,70686,21,买盘
1395,10:40:19,33.66,26919,8,买盘
1396,10:40:22,33.64,20184,6,卖盘
1397,10:40:25,33.66,90870,27,买盘
1398,10:40:28,33.66,218680,65,买盘
1399,10:40:31,33.65,37020,11,中性盘
1400,10:40:34,33.65,37015,11,卖盘
1401,10:40:37,33.66,111047,33,买盘
1402,10:40:40,33.66,114417,34,买盘
1403,10:40:46,33.67,215458,64,买盘
1404,10:40:49,33.66,16830,5,中性盘
1405,10:40:52,33.66,6732,2,买盘
1406,10:40:55,33.65,33659,10,卖盘
1407,10:40:58,33.66,191823,57,买盘
1408,10:41:01,33.66,3366,1,卖盘
1409,10:41:04,33.67,30300,9,买盘
1410,10:41:07,33.66,10099,3,卖盘
1411,10:41:10,33.68,63984,19,买盘
1412,10:41:16,33.68,23576,7,买盘
1413,10:41:19,33.68,20203,6,买盘
1414,10:41:22,33.67,313131,93,卖盘
1415,10:41:25,33.66,245796,73,卖盘
1416,10:41:28,33.67,16835,5,买盘
1417,10:41:31,33.66,47130,14,卖盘
1418,10:41:34,33.67,23569,7,买盘
1419,10:41:37,33.67,141414,42,买盘
1420,10:41:40,33.67,13466,4,买盘
1421,10:41:43,33.67,74070,22,买盘
1422,10:41:46,33.66,138043,41,卖盘
1423,10:41:49,33.67,10099,3,中性盘
1424,10:41:52,33.68,90915,27,买盘
1425,10:41:55,33.67,10101,3,卖盘
1426,10:41:58,33.67,40402,12,买盘
1427,10:42:01,33.67,40404,12,买盘
1428,10:42:04,33.67,16835,5,买盘
1429,10:42:07,33.67,457777,136,买盘
1430,10:42:10,33.67,84155,25,买盘
1431,10:42:13,33.66,252450,75,卖盘
1432,10:42:16,33.65,60580,18,卖盘
1433,10:42:19,33.65,269200,80,卖盘
1434,10:42:22,33.64,652616,194,卖盘
1435,10:42:25,33.63,33630,10,卖盘
1436,10:42:28,33.63,440574,131,卖盘
1437,10:42:31,33.63,178239,53,卖盘
1438,10:42:34,33.64,195057,58,买盘
1439,10:42:37,33.63,57166,17,买盘
1440,10:42:40,33.62,77332,23,卖盘
1441,10:42:43,33.62,3362,1,卖盘
1442,10:42:46,33.62,80688,24,卖盘
1443,10:42:49,33.61,198354,59,卖盘
1444,10:42:52,33.62,20168,6,买盘
1445,10:42:55,33.62,73958,22,买盘
1446,10:42:58,33.62,33618,10,买盘
1447,10:43:01,33.62,154652,46,买盘
1448,10:43:07,33.61,80667,24,卖盘
1449,10:43:10,33.62,97498,29,买盘
1450,10:43:13,33.63,30262,9,买盘
1451,10:43:16,33.63,77331,23,买盘
1452,10:43:19,33.63,53798,16,买盘
1453,10:43:25,33.63,70606,21,买盘
1454,10:43:28,33.62,20172,6,卖盘
1455,10:43:31,33.62,33621,10,卖盘
1456,10:43:34,33.62,40344,12,卖盘
1457,10:43:37,33.63,6725,2,买盘
1458,10:43:40,33.62,26898,8,卖盘
1459,10:43:43,33.62,134492,40,卖盘
1460,10:43:46,33.63,33630,10,买盘
1461,10:43:49,33.63,353108,105,买盘
1462,10:43:52,33.63,23537,7,买盘
1463,10:43:55,33.62,10086,3,卖盘
1464,10:43:58,33.63,137856,41,买盘
1465,10:44:01,33.63,16815,5,买盘
1466,10:44:04,33.62,329494,98,卖盘
1467,10:44:07,33.64,158079,47,买盘
1468,10:44:10,33.62,97498,29,卖盘
1469,10:44:13,33.62,10088,3,卖盘
1470,10:44:16,33.63,235346,70,买盘
1471,10:44:19,33.63,302626,90,买盘
1472,10:44:25,33.62,20172,6,卖盘
1473,10:44:28,33.62,30258,9,买盘
1474,10:44:31,33.61,80673,24,卖盘
1475,10:44:34,33.61,94127,28,卖盘
1476,10:44:37,33.61,57144,17,卖盘
1477,10:44:40,33.62,262236,78,买盘
1478,10:44:43,33.61,1028466,306,卖盘
1479,10:44:46,33.61,10083,3,买盘
1480,10:44:49,33.61,104186,31,买盘
1481,10:44:52,33.6,107540,32,卖盘
1482,10:44:58,33.6,23522,7,卖盘
1483,10:45:01,33.61,23527,7,买盘
1484,10:45:04,33.61,53765,16,买盘
1485,10:45:07,33.61,36970,11,买盘
1486,10:45:10,33.61,20165,6,买盘
1487,10:45:13,33.61,803279,239,买盘
1488,10:45:16,33.62,23534,7,买盘
1489,10:45:19,33.61,53776,16,卖盘
1490,10:45:22,33.61,6722,2,卖盘
1491,10:45:25,33.62,30258,9,买盘
1492,10:45:28,33.61,174772,52,卖盘
1493,10:45:34,33.61,161309,48,买盘
1494,10:45:37,33.62,174774,52,买盘
1495,10:45:40,33.61,168050,50,卖盘
1496,10:45:43,33.62,10085,3,买盘
1497,10:45:46,33.62,137842,41,买盘
1498,10:45:49,33.61,40332,12,卖盘
1499,10:45:52,33.61,97484,29,卖盘
1500,10:45:55,33.61,84025,25,卖盘
1501,10:45:58,33.62,36978,11,买盘
1502,10:46:01,33.62,3362,1,买盘
1503,10:46:04,33.61,342822,102,卖盘
1504,10:46:07,33.61,114274,34,买盘
1505,10:46:10,33.61,662112,197,买盘
1506,10:46:16,33.61,218508,65,卖盘
1507,10:46:19,33.61,16805,5,卖盘
1508,10:46:22,33.62,13448,4,买盘
1509,10:46:25,33.62,144539,43,买盘
1510,10:46:28,33.61,36981,11,卖盘
1511,10:46:31,33.62,231973,69,买盘
1512,10:46:34,33.62,127754,38,买盘
1513,10:46:37,33.63,195006,58,买盘
1514,10:46:40,33.62,67240,20,卖盘
1515,10:46:43,33.62,94136,28,卖盘
1516,10:46:46,33.63,73978,22,买盘
1517,10:46:49,33.63,33630,10,买盘
1518,10:46:55,33.63,474055,141,卖盘
1519,10:47:01,33.63,73991,22,卖盘
1520,10:47:04,33.63,137883,41,卖盘
1521,10:47:07,33.64,793554,236,买盘
1522,10:47:10,33.64,30268,9,买盘
1523,10:47:13,33.62,90791,27,卖盘
1524,10:47:16,33.63,16812,5,买盘
1525,10:47:19,33.63,97531,29,买盘
1526,10:47:22,33.63,124404,37,买盘
1527,10:47:25,33.63,43719,13,买盘
1528,10:47:31,33.63,94148,28,买盘
1529,10:47:34,33.63,50436,15,买盘
1530,10:47:37,33.62,6724,2,卖盘
1531,10:47:40,33.63,26904,8,买盘
1532,10:47:43,33.62,756451,225,卖盘
1533,10:47:46,33.62,63878,19,买盘
1534,10:47:49,33.61,6722,2,卖盘
1535,10:47:52,33.61,20169,6,卖盘
1536,10:47:55,33.62,23530,7,买盘
1537,10:47:58,33.61,80680,24,卖盘
1538,10:48:01,33.61,205027,61,卖盘
1539,10:48:04,33.61,218465,65,卖盘
1540,10:48:07,33.61,188216,56,卖盘
1541,10:48:10,33.61,147868,44,买盘
1542,10:48:13,33.6,272160,81,卖盘
1543,10:48:16,33.6,288978,86,卖盘
1544,10:48:19,33.58,1881190,560,卖盘
1545,10:48:22,33.58,211569,63,卖盘
1546,10:48:25,33.58,167882,50,卖盘
1547,10:48:28,33.57,97354,29,卖盘
1548,10:48:31,33.56,359214,107,卖盘
1549,10:48:34,33.56,889340,265,卖盘
1550,10:48:37,33.55,70489,21,卖盘
1551,10:48:40,33.57,218201,65,买盘
1552,10:48:46,33.58,120858,36,买盘
1553,10:48:49,33.58,359201,107,买盘
1554,10:48:52,33.58,33580,10,买盘
1555,10:48:55,33.58,33580,10,买盘
1556,10:48:58,33.55,758444,226,卖盘
1557,10:49:04,33.57,16788,5,卖盘
1558,10:49:07,33.58,3358,1,买盘
1559,10:49:13,33.57,16787,5,卖盘
1560,10:49:16,33.58,117530,35,买盘
1561,10:49:19,33.58,211539,63,买盘
1562,10:49:22,33.59,33590,10,买盘
1563,10:49:25,33.58,10074,3,卖盘
1564,10:49:28,33.59,100762,30,买盘
1565,10:49:31,33.59,43656,13,中性盘
1566,10:49:34,33.58,104103,31,卖盘
1567,10:49:37,33.58,87330,26,卖盘
1568,10:49:40,33.6,67210,20,买盘
1569,10:49:43,33.6,356026,106,买盘
1570,10:49:46,33.61,137777,41,买盘
1571,10:49:49,33.61,57137,17,买盘
1572,10:49:52,33.6,188175,56,卖盘
1573,10:49:55,33.6,77283,23,卖盘
1574,10:49:58,33.61,57136,17,买盘
1575,10:50:01,33.6,651858,194,卖盘
1576,10:50:04,33.58,369534,110,卖盘
1577,10:50:07,33.59,392889,117,买盘
1578,10:50:10,33.57,53724,16,卖盘
1579,10:50:13,33.58,23506,7,中性盘
1580,10:50:16,33.58,134304,40,买盘
1581,10:50:19,33.58,10074,3,卖盘
1582,10:50:22,33.58,23506,7,卖盘
1583,10:50:25,33.58,188048,56,卖盘
1584,10:50:31,33.58,164545,49,卖盘
1585,10:50:34,33.59,40308,12,买盘
1586,10:50:40,33.59,70539,21,买盘
1587,10:50:46,33.59,40303,12,买盘
1588,10:50:55,33.58,77245,23,卖盘
1589,10:50:58,33.58,73878,22,卖盘
1590,10:51:01,33.59,6718,2,买盘
1591,10:51:07,33.59,107461,32,买盘
1592,10:51:10,33.58,188054,56,卖盘
1593,10:51:13,33.58,60444,18,卖盘
1594,10:51:16,33.58,245142,73,卖盘
1595,10:51:19,33.57,70516,21,卖盘
1596,10:51:22,33.58,13432,4,卖盘
1597,10:51:25,33.58,50370,15,卖盘
1598,10:51:31,33.59,13436,4,买盘
1599,10:51:34,33.58,470114,140,卖盘
1600,10:51:37,33.57,60443,18,卖盘
1601,10:51:40,33.57,13428,4,卖盘
1602,10:51:43,33.57,10071,3,卖盘
1603,10:51:46,33.57,406203,121,卖盘
1604,10:51:49,33.58,322277,96,买盘
1605,10:51:52,33.58,23506,7,买盘
1606,10:51:55,33.57,10071,3,买盘
1607,10:51:58,33.57,120872,36,买盘
1608,10:52:01,33.57,50365,15,卖盘
1609,10:52:07,33.57,16785,5,卖盘
1610,10:52:10,33.57,83928,25,卖盘
1611,10:52:13,33.58,3358,1,买盘
1612,10:52:16,33.57,208201,62,卖盘
1613,10:52:19,33.58,33580,10,中性盘
1614,10:52:22,33.58,6716,2,中性盘
1615,10:52:25,33.59,26869,8,买盘
1616,10:52:28,33.57,322292,96,卖盘
1617,10:52:34,33.58,33580,10,买盘
1618,10:52:37,33.56,714956,213,卖盘
1619,10:52:43,33.58,23506,7,买盘
1620,10:52:46,33.58,36933,11,买盘
1621,10:52:49,33.58,13432,4,卖盘
1622,10:52:52,33.58,204838,61,卖盘
1623,10:52:55,33.57,124244,37,卖盘
1624,10:52:58,33.59,57087,17,买盘
1625,10:53:01,33.57,107436,32,卖盘
1626,10:53:04,33.57,896466,267,卖盘
1627,10:53:07,33.56,312199,93,卖盘
1628,10:53:10,33.58,87285,26,买盘
1629,10:53:13,33.58,261815,78,买盘
1630,10:53:16,33.56,46998,14,卖盘
1631,10:53:19,33.56,36923,11,卖盘
1632,10:53:22,33.57,10071,3,中性盘
1633,10:53:25,33.57,100717,30,买盘
1634,10:53:28,33.58,3358,1,买盘
1635,10:53:31,33.57,211507,63,卖盘
1636,10:53:34,33.58,90663,27,买盘
1637,10:53:37,33.57,268560,80,中性盘
1638,10:53:40,33.57,6714,2,买盘
1639,10:53:43,33.57,238347,71,买盘
1640,10:53:46,33.57,157779,47,卖盘
1641,10:53:49,33.57,36927,11,卖盘
1642,10:53:52,33.57,67140,20,卖盘
1643,10:53:55,33.58,67157,20,买盘
1644,10:53:58,33.57,87282,26,卖盘
1645,10:54:01,33.58,533922,159,买盘
1646,10:54:04,33.58,26864,8,卖盘
1647,10:54:07,33.56,631129,188,卖盘
1648,10:54:10,33.56,187953,56,卖盘
1649,10:54:13,33.57,298857,89,买盘
1650,10:54:16,33.57,53712,16,卖盘
1651,10:54:19,33.57,386031,115,卖盘
1652,10:54:22,33.55,4392364,1309,卖盘
1653,10:54:25,33.53,1482180,442,卖盘
1654,10:54:28,33.55,587045,175,买盘
1655,10:54:31,33.53,56986,17,中性盘
1656,10:54:34,33.52,36873,11,卖盘
1657,10:54:37,33.52,103924,31,卖盘
1658,10:54:40,33.53,174324,52,买盘
1659,10:54:43,33.52,254788,76,卖盘
1660,10:54:46,33.53,439113,131,买盘
1661,10:54:49,33.53,268212,80,买盘
1662,10:54:52,33.53,117355,35,卖盘
1663,10:54:55,33.52,1206839,360,卖盘
1664,10:54:58,33.52,20112,6,买盘
1665,10:55:01,33.52,345246,103,买盘
1666,10:55:04,33.51,43566,13,卖盘
1667,10:55:07,33.52,83800,25,买盘
1668,10:55:10,33.51,318396,95,卖盘
1669,10:55:13,33.52,3352,1,卖盘
1670,10:55:16,33.53,368642,110,买盘
1671,10:55:19,33.52,1869881,558,中性盘
1672,10:55:22,33.52,1149493,343,买盘
1673,10:55:25,33.52,56982,17,买盘
1674,10:55:28,33.52,439080,131,买盘
1675,10:55:31,33.52,284916,85,卖盘
1676,10:55:34,33.5,16754,5,卖盘
1677,10:55:37,33.52,63688,19,买盘
1678,10:55:40,33.51,70371,21,卖盘
1679,10:55:43,33.52,53615,16,买盘
1680,10:55:46,33.52,40224,12,买盘
1681,10:55:49,33.51,3351,1,卖盘
1682,10:55:52,33.51,398780,119,卖盘
1683,10:55:55,33.5,1812886,541,卖盘
1684,10:55:58,33.5,338350,101,卖盘
1685,10:56:01,33.5,1008368,301,卖盘
1686,10:56:04,33.5,5644770,1685,卖盘
1687,10:56:07,33.49,351668,105,卖盘
1688,10:56:10,33.49,73678,22,卖盘
1689,10:56:13,33.49,144012,43,卖盘
1690,10:56:16,33.49,26792,8,卖盘
1691,10:56:19,33.49,77027,23,卖盘
1692,10:56:22,33.48,877213,262,卖盘
1693,10:56:25,33.52,1551669,463,买盘
1694,10:56:28,33.52,137432,41,卖盘
1695,10:56:31,33.52,43576,13,卖盘
1696,10:56:34,33.52,150849,45,卖盘
1697,10:56:37,33.53,63707,19,买盘
1698,10:56:40,33.53,13412,4,卖盘
1699,10:56:43,33.54,53663,16,买盘
1700,10:56:46,33.54,117374,35,买盘
1701,10:56:49,33.52,519715,155,卖盘
1702,10:56:52,33.52,103939,31,卖盘
1703,10:56:55,33.52,110638,33,卖盘
1704,10:56:58,33.53,1525193,455,买盘
1705,10:57:01,33.52,1320852,394,卖盘
1706,10:57:04,33.53,415694,124,买盘
1707,10:57:07,33.52,120679,36,卖盘
1708,10:57:10,33.52,2839149,847,卖盘
1709,10:57:13,33.52,516215,154,卖盘
1710,10:57:16,33.53,362019,108,买盘
1711,10:57:19,33.53,73759,22,买盘
1712,10:57:22,33.52,93866,28,卖盘
1713,10:57:25,33.52,103912,31,卖盘
1714,10:57:28,33.52,140804,42,卖盘
1715,10:57:31,33.52,556432,166,卖盘
1716,10:57:34,33.51,70378,21,卖盘
1717,10:57:37,33.51,73722,22,卖盘
1718,10:57:40,33.5,90453,27,卖盘
1719,10:57:43,33.5,16753,5,卖盘
1720,10:57:46,33.5,113900,34,卖盘
1721,10:57:49,33.5,237850,71,卖盘
1722,10:57:52,33.5,26800,8,卖盘
1723,10:57:55,33.5,241220,72,卖盘
1724,10:57:58,33.5,33500,10,卖盘
1725,10:58:01,33.49,398584,119,卖盘
1726,10:58:04,33.49,428639,128,卖盘
1727,10:58:07,33.48,468720,140,卖盘
1728,10:58:10,33.48,308019,92,卖盘
1729,10:58:13,33.48,478781,143,卖盘
1730,10:58:16,33.47,1078051,322,卖盘
1731,10:58:19,33.47,93717,28,卖盘
1732,10:58:22,33.47,143929,43,卖盘
1733,10:58:25,33.47,1378935,412,卖盘
1734,10:58:28,33.46,615673,184,卖盘
1735,10:58:31,33.45,401500,120,卖盘
1736,10:58:34,33.46,100358,30,买盘
1737,10:58:37,33.45,187330,56,卖盘
1738,10:58:40,33.45,478338,143,卖盘
1739,10:58:43,33.45,341190,102,卖盘
1740,10:58:46,33.45,645666,193,卖盘
1741,10:58:49,33.44,485012,145,卖盘
1742,10:58:52,33.44,682182,204,卖盘
1743,10:58:55,33.44,331100,99,买盘
1744,10:58:58,33.43,1577897,472,卖盘
1745,10:59:01,33.43,217295,65,买盘
1746,10:59:04,33.42,130355,39,卖盘
1747,10:59:07,33.42,260680,78,卖盘
1748,10:59:10,33.42,548090,164,卖盘
1749,10:59:13,33.43,254010,76,买盘
1750,10:59:16,33.43,66852,20,买盘
1751,10:59:19,33.43,691826,207,买盘
1752,10:59:22,33.43,3124710,935,买盘
1753,10:59:25,33.43,110362,33,卖盘
1754,10:59:28,33.43,374341,112,卖盘
1755,10:59:31,33.44,324288,97,买盘
1756,10:59:34,33.44,645069,193,买盘
1757,10:59:37,33.46,76913,23,买盘
1758,10:59:40,33.46,177238,53,买盘
1759,10:59:43,33.46,250819,75,买盘
1760,10:59:46,33.43,117030,35,卖盘
1761,10:59:49,33.45,76904,23,买盘
1762,10:59:52,33.43,76900,23,卖盘
1763,10:59:55,33.45,53515,16,买盘
1764,10:59:58,33.45,3345,1,买盘
1765,11:00:01,33.46,678789,203,买盘
1766,11:00:04,33.44,93632,28,中性盘
1767,11:00:10,33.46,337866,101,买盘
1768,11:00:13,33.45,40146,12,卖盘
1769,11:00:16,33.45,354735,106,卖盘
1770,11:00:19,33.46,311268,93,卖盘
1771,11:00:22,33.46,63574,19,卖盘
1772,11:00:25,33.48,153961,46,买盘
1773,11:00:28,33.47,271118,81,卖盘
1774,11:00:31,33.49,77006,23,买盘
1775,11:00:34,33.48,97083,29,买盘
1776,11:00:37,33.48,66958,20,买盘
1777,11:00:40,33.49,53570,16,买盘
1778,11:00:43,33.49,184144,55,买盘
1779,11:00:46,33.48,50223,15,卖盘
1780,11:00:49,33.49,221027,66,买盘
1781,11:00:52,33.49,43537,13,卖盘
1782,11:00:55,33.5,110511,33,买盘
1783,11:00:58,33.5,107188,32,买盘
1784,11:01:01,33.49,110529,33,卖盘
1785,11:01:04,33.5,190940,57,买盘
1786,11:01:07,33.49,93777,28,卖盘
1787,11:01:10,33.49,144007,43,卖盘
1788,11:01:13,33.47,458647,137,卖盘
1789,11:01:16,33.46,90353,27,卖盘
1790,11:01:19,33.46,43509,13,卖盘
1791,11:01:22,33.47,43507,13,买盘
1792,11:01:25,33.48,76983,23,买盘
1793,11:01:28,33.47,36819,11,卖盘
1794,11:01:34,33.47,140601,42,卖盘
1795,11:01:37,33.48,421810,126,买盘
1796,11:01:40,33.48,1465183,438,卖盘
1797,11:01:43,33.47,117145,35,买盘
1798,11:01:46,33.44,133815,40,卖盘
1799,11:01:49,33.46,70226,21,买盘
1800,11:01:52,33.44,244071,73,卖盘
1801,11:01:55,33.44,10033,3,卖盘
1802,11:01:58,33.45,66895,20,买盘
1803,11:02:01,33.44,16723,5,卖盘
1804,11:02:04,33.44,300962,90,卖盘
1805,11:02:07,33.44,13376,4,买盘
1806,11:02:10,33.44,351121,105,买盘
1807,11:02:13,33.44,270867,81,买盘
1808,11:02:16,33.44,36785,11,卖盘
1809,11:02:19,33.45,217425,65,买盘
1810,11:02:22,33.45,26766,8,卖盘
1811,11:02:25,33.45,16725,5,卖盘
1812,11:02:28,33.46,548681,164,买盘
1813,11:02:31,33.46,20072,6,中性盘
1814,11:02:34,33.47,227596,68,买盘
1815,11:02:37,33.47,36817,11,卖盘
1816,11:02:40,33.48,36822,11,买盘
1817,11:02:43,33.48,16738,5,买盘
1818,11:02:46,33.48,97077,29,买盘
1819,11:02:49,33.48,26786,8,卖盘
1820,11:02:52,33.49,425323,127,买盘
1821,11:02:55,33.49,113864,34,买盘
1822,11:02:58,33.49,177457,53,买盘
1823,11:03:01,33.49,261222,78,买盘
1824,11:03:04,33.48,318114,95,卖盘
1825,11:03:07,33.48,13393,4,卖盘
1826,11:03:10,33.48,6696,2,卖盘
1827,11:03:13,33.49,36839,11,买盘
1828,11:03:16,33.49,36836,11,买盘
1829,11:03:19,33.47,1108115,331,卖盘
1830,11:03:22,33.47,113787,34,买盘
1831,11:03:25,33.46,137189,41,卖盘
1832,11:03:28,33.47,180736,54,买盘
1833,11:03:31,33.47,76971,23,买盘
1834,11:03:37,33.47,190779,57,买盘
1835,11:03:40,33.47,338046,101,买盘
1836,11:03:43,33.47,10041,3,卖盘
1837,11:03:46,33.47,341367,102,卖盘
1838,11:03:49,33.47,76981,23,买盘
1839,11:03:52,33.47,16735,5,卖盘
1840,11:03:55,33.47,227596,68,卖盘
1841,11:03:58,33.47,10043,3,卖盘
1842,11:04:01,33.47,87022,26,卖盘
1843,11:04:04,33.47,204222,61,卖盘
1844,11:04:10,33.48,50218,15,买盘
1845,11:04:13,33.48,36822,11,买盘
1846,11:04:16,33.48,107136,32,买盘
1847,11:04:19,33.48,30132,9,买盘
1848,11:04:22,33.48,90395,27,买盘
1849,11:04:25,33.48,200880,60,买盘
1850,11:04:28,33.49,20091,6,买盘
1851,11:04:31,33.48,267916,80,卖盘
1852,11:04:34,33.49,140658,42,买盘
1853,11:04:37,33.49,23443,7,买盘
1854,11:04:40,33.49,167442,50,买盘
1855,11:04:43,33.5,43544,13,买盘
1856,11:04:46,33.5,46889,14,买盘
1857,11:04:49,33.5,36850,11,买盘
1858,11:04:52,33.49,164128,49,卖盘
1859,11:04:55,33.49,1600831,478,卖盘
1860,11:04:58,33.49,308088,92,卖盘
1861,11:05:01,33.48,254461,76,卖盘
1862,11:05:04,33.48,234362,70,卖盘
1863,11:05:07,33.47,224312,67,卖盘
1864,11:05:10,33.48,334800,100,买盘
1865,11:05:13,33.48,137265,41,买盘
1866,11:05:16,33.48,50216,15,买盘
1867,11:05:19,33.48,50220,15,买盘
1868,11:05:22,33.47,294538,88,卖盘
1869,11:05:25,33.48,599143,179,买盘
1870,11:05:28,33.48,103763,31,买盘
1871,11:05:31,33.47,46860,14,卖盘
1872,11:05:34,33.48,73641,22,买盘
1873,11:05:37,33.48,36824,11,买盘
1874,11:05:40,33.48,184125,55,买盘
1875,11:05:43,33.48,294624,88,买盘
1876,11:05:46,33.47,107116,32,卖盘
1877,11:05:52,33.47,26779,8,卖盘
1878,11:05:55,33.47,207514,62,卖盘
1879,11:05:58,33.47,676091,202,卖盘
1880,11:06:01,33.45,819843,245,卖盘
1881,11:06:04,33.45,966780,289,卖盘
1882,11:06:07,33.45,806198,241,卖盘
1883,11:06:10,33.45,180635,54,买盘
1884,11:06:13,33.44,53519,16,卖盘
1885,11:06:16,33.44,33446,10,卖盘
1886,11:06:19,33.44,3344,1,卖盘
1887,11:06:22,33.44,56849,17,卖盘
1888,11:06:25,33.44,568480,170,卖盘
1889,11:06:28,33.44,150480,45,买盘
1890,11:06:31,33.44,36784,11,买盘
1891,11:06:34,33.44,96961,29,买盘
1892,11:06:37,33.44,73565,22,买盘
1893,11:06:40,33.43,518176,155,卖盘
1894,11:06:43,33.43,354399,106,卖盘
1895,11:06:46,33.44,137081,41,买盘
1896,11:06:49,33.43,143749,43,卖盘
1897,11:06:52,33.43,103636,31,卖盘
1898,11:06:55,33.42,180522,54,卖盘
1899,11:06:58,33.42,721886,216,卖盘
1900,11:07:01,33.43,26744,8,买盘
1901,11:07:04,33.42,247312,74,卖盘
1902,11:07:07,33.42,16710,5,买盘
1903,11:07:10,33.42,83544,25,买盘
1904,11:07:13,33.41,96916,29,卖盘
1905,11:07:16,33.41,13364,4,卖盘
1906,11:07:19,33.42,254035,76,买盘
1907,11:07:22,33.42,96917,29,卖盘
1908,11:07:25,33.41,33416,10,卖盘
1909,11:07:28,33.42,16710,5,买盘
1910,11:07:31,33.42,66840,20,买盘
1911,11:07:34,33.42,357539,107,买盘
1912,11:07:37,33.42,183764,55,买盘
1913,11:07:40,33.41,203801,61,卖盘
1914,11:07:43,33.42,130315,39,买盘
1915,11:07:46,33.42,70179,21,卖盘
1916,11:07:49,33.42,163720,49,买盘
1917,11:07:52,33.42,70178,21,买盘
1918,11:07:55,33.42,988960,296,买盘
1919,11:07:58,33.41,858643,257,卖盘
1920,11:08:01,33.41,441048,132,卖盘
1921,11:08:04,33.41,881793,264,卖盘
1922,11:08:07,33.4,4702739,1408,卖盘
1923,11:08:10,33.4,614582,184,卖盘
1924,11:08:13,33.41,337359,101,买盘
1925,11:08:16,33.41,177031,53,买盘
1926,11:08:19,33.4,193741,58,卖盘
1927,11:08:22,33.4,163662,49,卖盘
1928,11:08:25,33.41,136956,41,买盘
1929,11:08:28,33.4,233808,70,卖盘
1930,11:08:31,33.4,380760,114,卖盘
1931,11:08:34,33.4,384100,115,卖盘
1932,11:08:37,33.41,374131,112,买盘
1933,11:08:40,33.41,434204,130,买盘
1934,11:08:43,33.4,2432020,728,卖盘
1935,11:08:46,33.4,213716,64,买盘
1936,11:08:49,33.4,30054,9,买盘
1937,11:08:52,33.4,86835,26,买盘
1938,11:08:55,33.4,143588,43,买盘
1939,11:08:58,33.39,283856,85,卖盘
1940,11:09:01,33.4,440799,132,买盘
1941,11:09:04,33.39,73460,22,卖盘
1942,11:09:07,33.4,100188,30,买盘
1943,11:09:10,33.4,46755,14,买盘
1944,11:09:13,33.4,237135,71,买盘
1945,11:09:16,33.39,427561,128,卖盘
1946,11:09:19,33.41,464187,139,买盘
1947,11:09:22,33.4,133606,40,卖盘
1948,11:09:25,33.42,310646,93,买盘
1949,11:09:28,33.42,150387,45,买盘
1950,11:09:31,33.41,36757,11,卖盘
1951,11:09:34,33.42,43444,13,买盘
1952,11:09:37,33.41,240559,72,卖盘
1953,11:09:40,33.42,13366,4,买盘
1954,11:09:43,33.42,260674,78,买盘
1955,11:09:46,33.42,79204,24,买盘
1956,11:09:52,33.42,96918,29,卖盘
1957,11:09:55,33.43,66849,20,买盘
1958,11:09:58,33.43,100284,30,买盘
1959,11:10:01,33.43,167150,50,买盘
1960,11:10:04,33.43,80210,24,买盘
1961,11:10:07,33.43,250731,75,买盘
1962,11:10:10,33.43,33430,10,卖盘
1963,11:10:13,33.44,36781,11,买盘
1964,11:10:16,33.44,160491,48,买盘
1965,11:10:19,33.43,23403,7,卖盘
1966,11:10:22,33.44,43465,13,买盘
1967,11:10:25,33.43,267516,80,卖盘
1968,11:10:28,33.44,117037,35,买盘
1969,11:10:31,33.43,277473,83,卖盘
1970,11:10:34,33.43,200632,60,卖盘
1971,11:10:37,33.43,96952,29,卖盘
1972,11:10:40,33.43,16718,5,卖盘
1973,11:10:43,33.43,50155,15,卖盘
1974,11:10:46,33.43,160475,48,卖盘
1975,11:10:49,33.44,203953,61,买盘
1976,11:10:52,33.44,66880,20,买盘
1977,11:10:55,33.44,10032,3,买盘
1978,11:10:58,33.44,26752,8,买盘
1979,11:11:01,33.44,70220,21,买盘
1980,11:11:04,33.44,16720,5,卖盘
1981,11:11:07,33.45,3345,1,买盘
1982,11:11:10,33.44,53505,16,卖盘
1983,11:11:13,33.45,93637,28,买盘
1984,11:11:16,33.44,183928,55,卖盘
1985,11:11:19,33.45,441534,132,买盘
1986,11:11:22,33.44,458179,137,卖盘
1987,11:11:25,33.45,601992,180,买盘
1988,11:11:28,33.46,254243,76,买盘
1989,11:11:31,33.46,311178,93,买盘
1990,11:11:34,33.46,173992,52,买盘
1991,11:11:40,33.47,60246,18,买盘
1992,11:11:43,33.46,13385,4,卖盘
1993,11:11:46,33.47,30123,9,买盘
1994,11:11:49,33.47,93716,28,买盘
1995,11:11:52,33.47,26773,8,买盘
1996,11:11:55,33.47,140562,42,买盘
1997,11:11:58,33.46,150578,45,卖盘
1998,11:12:01,33.47,207524,62,买盘
1999,11:12:04,33.48,30124,9,买盘
2000,11:12:07,33.48,394948,118,买盘
2001,11:12:10,33.46,123815,37,卖盘
2002,11:12:13,33.48,328009,98,买盘
2003,11:12:16,33.48,6695,2,买盘
2004,11:12:19,33.48,30132,9,买盘
2005,11:12:25,33.48,110484,33,买盘
2006,11:12:28,33.48,241048,72,买盘
2007,11:12:31,33.48,388329,116,买盘
2008,11:12:34,33.49,113833,34,买盘
2009,11:12:37,33.49,33490,10,买盘
2010,11:12:40,33.48,143971,43,卖盘
2011,11:12:43,33.47,1198491,358,卖盘
2012,11:12:46,33.52,6507429,1942,买盘
2013,11:12:49,33.46,1893618,565,卖盘
2014,11:12:52,33.45,97030,29,卖盘
2015,11:12:55,33.48,100436,30,买盘
2016,11:12:58,33.47,13388,4,中性盘
2017,11:13:01,33.5,30138,9,买盘
2018,11:13:04,33.5,33499,10,买盘
2019,11:13:07,33.52,127374,38,买盘
2020,11:13:13,33.52,63679,19,买盘
2021,11:13:16,33.52,516208,154,买盘
2022,11:13:19,33.52,23462,7,买盘
2023,11:13:22,33.52,164212,49,买盘
2024,11:13:25,33.51,26808,8,卖盘
2025,11:13:28,33.51,170925,51,买盘
2026,11:13:31,33.51,53611,16,买盘
2027,11:13:34,33.52,177648,53,买盘
2028,11:13:37,33.53,30175,9,买盘
2029,11:13:40,33.53,6706,2,买盘
2030,11:13:43,33.51,563104,168,卖盘
2031,11:13:46,33.51,372020,111,卖盘
2032,11:13:49,33.51,160870,48,卖盘
2033,11:13:52,33.51,46926,14,卖盘
2034,11:13:55,33.52,77096,23,买盘
2035,11:13:58,33.52,26816,8,买盘
2036,11:14:01,33.52,110595,33,买盘
2037,11:14:04,33.52,10058,3,卖盘
2038,11:14:07,33.52,16760,5,卖盘
2039,11:14:13,33.51,70378,21,卖盘
2040,11:14:16,33.51,154153,46,卖盘
2041,11:14:19,33.52,181008,54,买盘
2042,11:14:22,33.52,174266,52,买盘
2043,11:14:25,33.52,100567,30,买盘
2044,11:14:28,33.52,93856,28,买盘
2045,11:14:31,33.52,33520,10,卖盘
2046,11:14:34,33.52,16760,5,卖盘
2047,11:14:37,33.52,60344,18,卖盘
2048,11:14:40,33.53,469323,140,买盘
2049,11:14:43,33.52,107264,32,卖盘
2050,11:14:46,33.53,90506,27,买盘
2051,11:14:49,33.52,217881,65,卖盘
2052,11:14:52,33.52,351960,105,买盘
2053,11:14:55,33.52,80458,24,卖盘
2054,11:14:58,33.52,63688,19,卖盘
2055,11:15:01,33.52,492815,147,卖盘
2056,11:15:04,33.52,40223,12,卖盘
2057,11:15:07,33.53,40225,12,买盘
2058,11:15:10,33.53,36880,11,买盘
2059,11:15:13,33.53,345359,103,买盘
2060,11:15:16,33.53,83825,25,卖盘
2061,11:15:19,33.53,388920,116,卖盘
2062,11:15:22,33.54,301845,90,买盘
2063,11:15:25,33.54,73784,22,买盘
2064,11:15:28,33.53,67072,20,卖盘
2065,11:15:31,33.53,46944,14,卖盘
2066,11:15:34,33.53,10059,3,卖盘
2067,11:15:37,33.53,90544,27,卖盘
2068,11:15:40,33.52,311804,93,卖盘
2069,11:15:43,33.51,36874,11,卖盘
2070,11:15:46,33.51,345153,103,卖盘
2071,11:15:49,33.51,311589,93,买盘
2072,11:15:52,33.49,268020,80,卖盘
2073,11:15:55,33.51,107232,32,买盘
2074,11:15:58,33.49,23443,7,卖盘
2075,11:16:01,33.49,83725,25,买盘
2076,11:16:04,33.49,6698,2,买盘
2077,11:16:07,33.49,6698,2,买盘
2078,11:16:10,33.48,197532,59,卖盘
2079,11:16:13,33.46,261070,78,卖盘
2080,11:16:16,33.45,271068,81,卖盘
2081,11:16:19,33.45,53521,16,卖盘
2082,11:16:22,33.46,30110,9,买盘
2083,11:16:28,33.45,458431,137,卖盘
2084,11:16:31,33.46,93730,28,卖盘
2085,11:16:34,33.45,334834,100,卖盘
2086,11:16:37,33.46,66931,20,中性盘
2087,11:16:40,33.47,184034,55,买盘
2088,11:16:43,33.46,76965,23,卖盘
2089,11:16:46,33.47,40164,12,中性盘
2090,11:16:49,33.47,93717,28,卖盘
2091,11:16:52,33.47,6694,2,买盘
2092,11:16:55,33.46,63574,19,卖盘
2093,11:16:58,33.47,297883,89,买盘
2094,11:17:01,33.47,227581,68,买盘
2095,11:17:04,33.46,217495,65,卖盘
2096,11:17:07,33.47,46845,14,买盘
2097,11:17:10,33.46,60228,18,卖盘
2098,11:17:13,33.46,535360,160,卖盘
2099,11:17:16,33.46,163954,49,卖盘
2100,11:17:19,33.45,277635,83,卖盘
2101,11:17:22,33.45,23415,7,卖盘
2102,11:17:25,33.45,745667,223,卖盘
2103,11:17:28,33.45,344535,103,买盘
2104,11:17:31,33.45,130455,39,买盘
2105,11:17:34,33.45,30101,9,买盘
2106,11:17:37,33.44,16720,5,卖盘
2107,11:17:43,33.45,70240,21,买盘
2108,11:17:46,33.44,244119,73,卖盘
2109,11:17:49,33.44,90298,27,卖盘
2110,11:17:52,33.45,83621,25,买盘
2111,11:17:55,33.44,391248,117,卖盘
2112,11:17:58,33.44,3344,1,买盘
2113,11:18:01,33.44,180574,54,买盘
2114,11:18:04,33.43,86922,26,卖盘
2115,11:18:07,33.44,70224,21,买盘
2116,11:18:10,33.44,70209,21,买盘
2117,11:18:13,33.44,33435,10,买盘
2118,11:18:16,33.44,33434,10,买盘
2119,11:18:19,33.43,36778,11,卖盘
2120,11:18:22,33.44,10032,3,买盘
2121,11:18:25,33.44,80254,24,买盘
2122,11:18:28,33.44,230712,69,买盘
2123,11:18:31,33.43,234017,70,卖盘
2124,11:18:34,33.44,60192,18,买盘
2125,11:18:37,33.44,103645,31,买盘
2126,11:18:40,33.44,110332,33,买盘
2127,11:18:43,33.44,26752,8,买盘
2128,11:18:46,33.44,96976,29,买盘
2129,11:18:49,33.44,80256,24,买盘
2130,11:18:52,33.43,117015,35,卖盘
2131,11:18:55,33.44,20060,6,买盘
2132,11:18:58,33.44,36777,11,买盘
2133,11:19:01,33.44,732136,219,买盘
2134,11:19:04,33.44,3344,1,卖盘
2135,11:19:07,33.44,56849,17,卖盘
2136,11:19:10,33.45,207329,62,买盘
2137,11:19:13,33.44,26752,8,买盘
2138,11:19:16,33.44,304218,91,买盘
2139,11:19:19,33.43,36775,11,卖盘
2140,11:19:22,33.45,277559,83,买盘
2141,11:19:25,33.45,50162,15,买盘
2142,11:19:31,33.44,110364,33,卖盘
2143,11:19:34,33.45,357915,107,买盘
2144,11:19:37,33.45,408090,122,买盘
2145,11:19:40,33.45,16725,5,卖盘
2146,11:19:43,33.46,33455,10,买盘
2147,11:19:46,33.46,23422,7,买盘
2148,11:19:49,33.46,200760,60,买盘
2149,11:19:52,33.46,46844,14,买盘
2150,11:19:55,33.46,284410,85,买盘
2151,11:19:58,33.46,36812,11,卖盘
2152,11:20:01,33.47,10041,3,买盘
2153,11:20:07,33.46,66933,20,卖盘
2154,11:20:10,33.45,548723,164,卖盘
2155,11:20:13,33.46,247559,74,买盘
2156,11:20:16,33.45,36795,11,卖盘
2157,11:20:19,33.46,381336,114,买盘
2158,11:20:22,33.45,33457,10,卖盘
2159,11:20:28,33.44,291002,87,卖盘
2160,11:20:31,33.45,46830,14,买盘
2161,11:20:34,33.44,63542,19,卖盘
2162,11:20:37,33.44,53504,16,卖盘
2163,11:20:40,33.45,173894,52,买盘
2164,11:20:43,33.44,341090,102,卖盘
2165,11:20:46,33.45,120391,36,买盘
2166,11:20:49,33.45,244116,73,买盘
2167,11:20:52,33.45,93647,28,买盘
2168,11:20:55,33.45,83625,25,卖盘
2169,11:20:58,33.46,130493,39,买盘
2170,11:21:01,33.46,20072,6,买盘
2171,11:21:04,33.45,93662,28,卖盘
2172,11:21:07,33.44,137126,41,卖盘
2173,11:21:10,33.45,16725,5,中性盘
2174,11:21:13,33.43,240746,72,卖盘
2175,11:21:19,33.44,56854,17,卖盘
2176,11:21:22,33.44,133724,40,卖盘
2177,11:21:25,33.43,173878,52,卖盘
2178,11:21:28,33.44,16720,5,买盘
2179,11:21:31,33.44,150475,45,买盘
2180,11:21:34,33.43,254092,76,卖盘
2181,11:21:37,33.43,10029,3,卖盘
2182,11:21:40,33.44,875887,262,买盘
2183,11:21:43,33.44,50149,15,买盘
2184,11:21:46,33.43,33433,10,卖盘
2185,11:21:49,33.43,234009,70,卖盘
2186,11:21:52,33.43,153744,46,买盘
2187,11:21:55,33.42,826477,247,卖盘
2188,11:21:58,33.42,20052,6,买盘
2189,11:22:01,33.42,10026,3,买盘
2190,11:22:04,33.41,146033,44,卖盘
2191,11:22:07,33.4,1489910,446,卖盘
2192,11:22:10,33.4,133609,40,卖盘
2193,11:22:13,33.41,10023,3,卖盘
2194,11:22:16,33.4,13360,4,卖盘
2195,11:22:19,33.41,76833,23,买盘
2196,11:22:25,33.41,73502,22,卖盘
2197,11:22:28,33.42,53467,16,买盘
2198,11:22:31,33.43,36762,11,买盘
2199,11:22:34,33.41,237211,71,卖盘
2200,11:22:37,33.42,330760,99,买盘
2201,11:22:40,33.41,120276,36,卖盘
2202,11:22:43,33.41,3341,1,中性盘
2203,11:22:46,33.4,3166339,948,卖盘
2204,11:22:49,33.4,648948,194,卖盘
2205,11:22:52,33.4,53440,16,买盘
2206,11:22:55,33.4,50092,15,买盘
2207,11:22:58,33.39,357328,107,卖盘
2208,11:23:01,33.39,119233,36,卖盘
2209,11:23:04,33.4,20039,6,中性盘
2210,11:23:07,33.39,93495,28,卖盘
2211,11:23:10,33.4,6679,2,中性盘
2212,11:23:13,33.4,83478,25,买盘
2213,11:23:16,33.4,103540,31,买盘
2214,11:23:19,33.39,23376,7,卖盘
2215,11:23:22,33.39,176986,53,卖盘
2216,11:23:25,33.4,63450,19,买盘
2217,11:23:28,33.4,173670,52,买盘
2218,11:23:31,33.4,86839,26,买盘
2219,11:23:34,33.4,86835,26,买盘
2220,11:23:37,33.4,207065,62,买盘
2221,11:23:43,33.41,43424,13,买盘
2222,11:23:46,33.41,50110,15,买盘
2223,11:23:49,33.41,6682,2,买盘
2224,11:23:52,33.41,658002,197,买盘
2225,11:23:55,33.41,50115,15,买盘
2226,11:23:58,33.41,46774,14,买盘
2227,11:24:01,33.41,16705,5,买盘
2228,11:24:04,33.41,93548,28,买盘
2229,11:24:07,33.41,96889,29,买盘
2230,11:24:10,33.4,163690,49,卖盘
2231,11:24:13,33.4,477632,143,卖盘
2232,11:24:16,33.4,66810,20,卖盘
2233,11:24:19,33.4,290588,87,卖盘
2234,11:24:22,33.4,76831,23,卖盘
2235,11:24:25,33.41,163695,49,买盘
2236,11:24:28,33.4,220440,66,卖盘
2237,11:24:31,33.41,16702,5,买盘
2238,11:24:34,33.41,40092,12,买盘
2239,11:24:37,33.41,50113,15,买盘
2240,11:24:40,33.4,20040,6,卖盘
2241,11:24:43,33.4,1670003,500,卖盘
2242,11:24:46,33.4,253821,76,买盘
2243,11:24:49,33.4,33400,10,卖盘
2244,11:24:52,33.4,16700,5,卖盘
2245,11:24:55,33.41,253848,76,买盘
2246,11:24:58,33.4,43420,13,卖盘
2247,11:25:01,33.41,30066,9,买盘
2248,11:25:04,33.41,187049,56,买盘
2249,11:25:07,33.41,23385,7,买盘
2250,11:25:10,33.4,20045,6,卖盘
2251,11:25:13,33.41,10022,3,买盘
2252,11:25:16,33.41,267280,80,买盘
2253,11:25:19,33.4,1205743,361,卖盘
2254,11:25:22,33.4,370755,111,卖盘
2255,11:25:25,33.41,173707,52,买盘
2256,11:25:28,33.41,103557,31,买盘
2257,11:25:31,33.41,183740,55,买盘
2258,11:25:34,33.41,731477,219,买盘
2259,11:25:37,33.41,130281,39,买盘
2260,11:25:40,33.41,116931,35,卖盘
2261,11:25:43,33.42,60138,18,买盘
2262,11:25:46,33.42,70181,21,买盘
2263,11:25:49,33.42,13365,4,买盘
2264,11:25:52,33.41,96916,29,卖盘
2265,11:25:55,33.42,16707,5,买盘
2266,11:25:58,33.42,50130,15,买盘
2267,11:26:01,33.42,157074,47,买盘
2268,11:26:04,33.43,36769,11,买盘
2269,11:26:07,33.42,76866,23,卖盘
2270,11:26:10,33.41,113621,34,卖盘
2271,11:26:13,33.4,1239255,371,卖盘
2272,11:26:16,33.41,1202414,360,买盘
2273,11:26:19,33.4,524320,157,卖盘
2274,11:26:22,33.41,975381,292,买盘
2275,11:26:25,33.41,106886,32,买盘
2276,11:26:28,33.41,30067,9,买盘
2277,11:26:31,33.4,758180,227,卖盘
2278,11:26:34,33.4,120236,36,买盘
2279,11:26:37,33.4,268381,80,买盘
2280,11:26:40,33.4,86838,26,买盘
2281,11:26:43,33.4,407480,122,买盘
2282,11:26:46,33.4,350700,105,买盘
2283,11:26:49,33.41,66820,20,买盘
2284,11:26:52,33.4,93546,28,卖盘
2285,11:26:55,33.4,26721,8,卖盘
2286,11:26:58,33.41,23387,7,买盘
2287,11:27:01,33.4,317307,95,卖盘
2288,11:27:04,33.4,1890720,566,卖盘
2289,11:27:07,33.41,50121,15,买盘
2290,11:27:10,33.41,147004,44,买盘
2291,11:27:13,33.41,76845,23,卖盘
2292,11:27:16,33.42,93575,28,买盘
2293,11:27:19,33.41,33412,10,卖盘
2294,11:27:25,33.42,26736,8,买盘
2295,11:27:28,33.42,23394,7,买盘
2296,11:27:31,33.42,70181,21,买盘
2297,11:27:37,33.41,13367,4,卖盘
2298,11:27:40,33.42,20052,6,买盘
2299,11:27:43,33.41,53471,16,卖盘
2300,11:27:46,33.42,133680,40,买盘
2301,11:27:49,33.41,6682,2,卖盘
2302,11:27:55,33.42,60150,18,买盘
2303,11:27:58,33.42,50128,15,买盘
2304,11:28:01,33.42,13368,4,买盘
2305,11:28:07,33.42,127014,38,卖盘
2306,11:28:10,33.43,150389,45,买盘
2307,11:28:13,33.41,818545,245,卖盘
2308,11:28:16,33.41,60138,18,买盘
2309,11:28:19,33.41,80184,24,买盘
2310,11:28:22,33.4,76840,23,卖盘
2311,11:28:25,33.41,30069,9,买盘
2312,11:28:28,33.42,307372,92,买盘
2313,11:28:31,33.42,80227,24,卖盘
2314,11:28:34,33.43,33430,10,买盘
2315,11:28:40,33.42,30082,9,卖盘
2316,11:28:43,33.42,334266,100,卖盘
2317,11:28:46,33.42,86906,26,买盘
2318,11:28:49,33.41,76845,23,卖盘
2319,11:28:52,33.42,3342,1,买盘
2320,11:28:55,33.42,23395,7,卖盘
2321,11:28:58,33.43,10028,3,买盘
2322,11:29:01,33.43,26744,8,买盘
2323,11:29:04,33.43,40105,12,买盘
2324,11:29:07,33.43,66860,20,买盘
2325,11:29:10,33.43,43449,13,买盘
2326,11:29:13,33.42,260681,78,卖盘
2327,11:29:16,33.42,220577,66,卖盘
2328,11:29:19,33.41,63489,19,卖盘
2329,11:29:22,33.41,50122,15,卖盘
2330,11:29:25,33.42,23392,7,买盘
2331,11:29:28,33.42,10026,3,买盘
2332,11:29:31,33.42,43441,13,买盘
2333,11:29:34,33.42,36759,11,买盘
2334,11:29:37,33.41,6682,2,卖盘
2335,11:29:40,33.42,10026,3,买盘
2336,11:29:43,33.42,3342,1,买盘
2337,11:29:46,33.42,103602,31,买盘
2338,11:29:49,33.42,638322,191,买盘
2339,11:29:52,33.42,16710,5,卖盘
2340,11:29:55,33.43,13372,4,买盘
2341,11:29:58,33.43,127034,38,买盘
2342,11:30:01,33.42,6684,2,卖盘
2343,13:00:01,33.42,20052,6,卖盘
2344,13:00:04,33.43,982750,294,买盘
2345,13:00:07,33.43,2334295,698,卖盘
2346,13:00:10,33.43,501457,150,卖盘
2347,13:00:13,33.43,942843,282,卖盘
2348,13:00:16,33.43,157127,47,卖盘
2349,13:00:19,33.43,45799,14,卖盘
2350,13:00:22,33.43,70196,21,买盘
2351,13:00:25,33.42,80225,24,卖盘
2352,13:00:28,33.43,153773,46,买盘
2353,13:00:31,33.44,70188,21,买盘
2354,13:00:34,33.42,150432,45,卖盘
2355,13:00:40,33.43,56821,17,买盘
2356,13:00:43,33.43,223936,67,买盘
2357,13:00:49,33.42,230662,69,卖盘
2358,13:00:52,33.42,140382,42,卖盘
2359,13:00:55,33.43,20058,6,中性盘
2360,13:00:58,33.43,26745,8,买盘
2361,13:01:01,33.43,36775,11,买盘
2362,13:01:04,33.43,137116,41,卖盘
2363,13:01:07,33.43,93633,28,卖盘
2364,13:01:10,33.45,3345,1,买盘
2365,13:01:13,33.43,130377,39,卖盘
2366,13:01:19,33.44,3344,1,买盘
2367,13:01:22,33.44,73557,22,买盘
2368,13:01:25,33.43,50155,15,卖盘
2369,13:01:28,33.43,107010,32,卖盘
2370,13:01:31,33.43,568164,170,卖盘
2371,13:01:34,33.43,1730891,518,买盘
2372,13:01:37,33.41,183738,55,中性盘
2373,13:01:40,33.42,46775,14,买盘
2374,13:01:43,33.42,33415,10,买盘
2375,13:01:46,33.41,16706,5,卖盘
2376,13:01:49,33.43,50133,15,买盘
2377,13:01:52,33.41,297353,89,卖盘
2378,13:01:55,33.41,16705,5,卖盘
2379,13:01:58,33.41,290665,87,卖盘
2380,13:02:01,33.4,40081,12,卖盘
2381,13:02:04,33.4,340752,102,卖盘
2382,13:02:07,33.41,217101,65,买盘
2383,13:02:10,33.4,287258,86,卖盘
2384,13:02:13,33.4,116900,35,卖盘
2385,13:02:16,33.4,541102,162,卖盘
2386,13:02:22,33.4,217110,65,卖盘
2387,13:02:25,33.4,187046,56,卖盘
2388,13:02:28,33.41,90199,27,买盘
2389,13:02:31,33.4,60131,18,卖盘
2390,13:02:34,33.41,53453,16,买盘
2391,13:02:37,33.4,80163,24,卖盘
2392,13:02:40,33.4,76833,23,卖盘
2393,13:02:43,33.4,63468,19,卖盘
2394,13:02:46,33.41,76843,23,买盘
2395,13:02:49,33.4,86840,26,卖盘
2396,13:02:52,33.4,30068,9,卖盘
2397,13:02:55,33.4,120243,36,卖盘
2398,13:02:58,33.4,83506,25,卖盘
2399,13:03:01,33.4,76831,23,卖盘
2400,13:03:04,33.4,36740,11,卖盘
2401,13:03:07,33.4,63460,19,卖盘
2402,13:03:10,33.41,60130,18,买盘
2403,13:03:13,33.4,253842,76,卖盘
2404,13:03:16,33.4,915162,274,卖盘
2405,13:03:19,33.4,634608,190,卖盘
2406,13:03:22,33.4,424180,127,卖盘
2407,13:03:25,33.4,36740,11,卖盘
2408,13:03:28,33.41,13364,4,买盘
2409,13:03:34,33.4,50110,15,卖盘
2410,13:03:37,33.4,30060,9,卖盘
2411,13:03:40,33.4,50103,15,卖盘
2412,13:03:43,33.41,40087,12,买盘
2413,13:03:46,33.41,120270,36,买盘
2414,13:03:49,33.4,70147,21,卖盘
2415,13:03:52,33.4,56780,17,卖盘
2416,13:03:55,33.4,6680,2,卖盘
2417,13:03:58,33.41,46774,14,买盘
2418,13:04:01,33.41,40089,12,买盘
2419,13:04:04,33.41,410952,123,买盘
2420,13:04:07,33.43,123656,37,买盘
2421,13:04:10,33.45,23409,7,买盘
2422,13:04:13,33.43,468080,140,卖盘
2423,13:04:16,33.43,53488,16,卖盘
2424,13:04:19,33.44,36783,11,买盘
2425,13:04:22,33.44,3344,1,买盘
2426,13:04:25,33.43,13372,4,卖盘
2427,13:04:28,33.43,56843,17,卖盘
2428,13:04:31,33.44,10031,3,买盘
2429,13:04:34,33.44,117040,35,买盘
2430,13:04:37,33.44,93639,28,卖盘
2431,13:04:40,33.44,53505,16,卖盘
2432,13:04:43,33.45,20070,6,买盘
2433,13:04:46,33.45,163893,49,买盘
2434,13:04:49,33.45,327783,98,买盘
2435,13:04:52,33.46,43498,13,买盘
2436,13:04:55,33.46,344638,103,买盘
2437,13:04:58,33.45,314533,94,卖盘
2438,13:05:01,33.47,16735,5,买盘
2439,13:05:04,33.45,197386,59,卖盘
2440,13:05:07,33.46,214131,64,卖盘
2441,13:05:10,33.44,943126,282,卖盘
2442,13:05:13,33.43,407979,122,卖盘
2443,13:05:16,33.44,183874,55,买盘
2444,13:05:19,33.43,96947,29,卖盘
2445,13:05:22,33.43,277404,83,买盘
2446,13:05:25,33.42,160380,48,买盘
2447,13:05:28,33.42,120278,36,买盘
2448,13:05:31,33.42,213831,64,买盘
2449,13:05:34,33.42,193814,58,买盘
2450,13:05:37,33.42,130338,39,卖盘
2451,13:05:40,33.42,387672,116,卖盘
2452,13:05:43,33.42,314212,94,中性盘
2453,13:05:49,33.42,551445,165,卖盘
2454,13:05:52,33.42,30078,9,买盘
2455,13:05:55,33.42,106944,32,买盘
2456,13:05:58,33.42,100260,30,买盘
2457,13:06:01,33.42,1022297,306,卖盘
2458,13:06:04,33.43,197236,59,买盘
2459,13:06:07,33.42,103624,31,卖盘
2460,13:06:10,33.43,100290,30,卖盘
2461,13:06:13,33.44,6688,2,买盘
2462,13:06:16,33.44,133744,40,买盘
2463,13:06:19,33.45,36785,11,买盘
2464,13:06:22,33.44,33440,10,卖盘
2465,13:06:25,33.44,63539,19,卖盘
2466,13:06:28,33.44,210672,63,卖盘
2467,13:06:31,33.44,13376,4,买盘
2468,13:06:34,33.44,177187,53,买盘
2469,13:06:37,33.43,260795,78,卖盘
2470,13:06:40,33.44,143757,43,买盘
2471,13:06:43,33.44,60180,18,买盘
2472,13:06:46,33.43,43464,13,卖盘
2473,13:06:49,33.43,177216,53,卖盘
2474,13:06:52,33.43,40117,12,卖盘
2475,13:06:55,33.44,3344,1,买盘
2476,13:06:58,33.44,63534,19,买盘
2477,13:07:01,33.43,63533,19,卖盘
2478,13:07:04,33.44,3487562,1044,买盘
2479,13:07:07,33.44,314336,94,卖盘
2480,13:07:10,33.44,120385,36,卖盘
2481,13:07:13,33.44,23408,7,卖盘
2482,13:07:16,33.44,133760,40,卖盘
2483,13:07:19,33.45,33450,10,买盘
2484,13:07:22,33.45,76921,23,买盘
2485,13:07:25,33.45,73581,22,买盘
2486,13:07:28,33.44,173898,52,卖盘
2487,13:07:31,33.45,107037,32,买盘
2488,13:07:34,33.44,50166,15,卖盘
2489,13:07:37,33.45,73579,22,买盘
2490,13:07:40,33.45,117071,35,买盘
2491,13:07:43,33.45,23413,7,买盘
2492,13:07:46,33.44,130442,39,卖盘
2493,13:07:49,33.44,317684,95,卖盘
2494,13:07:52,33.43,718724,215,卖盘
2495,13:07:55,33.41,116973,35,卖盘
2496,13:07:58,33.43,10029,3,买盘
2497,13:08:01,33.42,90258,27,卖盘
2498,13:08:04,33.43,53488,16,买盘
2499,13:08:07,33.43,173806,52,买盘
2500,13:08:10,33.43,23401,7,卖盘
2501,13:08:13,33.43,70203,21,买盘
2502,13:08:16,33.43,381016,114,买盘
2503,13:08:19,33.41,66835,20,卖盘
2504,13:08:22,33.42,344153,103,买盘
2505,13:08:25,33.42,240569,72,买盘
2506,13:08:28,33.41,200482,60,卖盘
2507,13:08:31,33.42,100233,30,买盘
2508,13:08:34,33.42,417750,125,买盘
2509,13:08:37,33.42,56816,17,卖盘
2510,13:08:40,33.42,26736,8,卖盘
2511,13:08:43,33.42,90260,27,卖盘
2512,13:08:46,33.43,284090,85,买盘
2513,13:08:52,33.43,10029,3,买盘
2514,13:08:55,33.42,36769,11,卖盘
2515,13:08:58,33.44,103635,31,买盘
2516,13:09:01,33.43,76891,23,卖盘
2517,13:09:04,33.43,73621,22,卖盘
2518,13:09:07,33.43,66879,20,卖盘
2519,13:09:10,33.44,43469,13,买盘
2520,13:09:13,33.44,130413,39,买盘
2521,13:09:16,33.44,10032,3,买盘
2522,13:09:19,33.44,66879,20,买盘
2523,13:09:22,33.43,327622,98,卖盘
2524,13:09:25,33.43,6686,2,卖盘
2525,13:09:28,33.43,13372,4,卖盘
2526,13:09:31,33.43,46802,14,卖盘
2527,13:09:37,33.43,20060,6,卖盘
2528,13:09:40,33.44,43472,13,买盘
2529,13:09:43,33.44,93632,28,买盘
2530,13:09:49,33.44,949443,284,买盘
2531,13:09:52,33.44,46812,14,买盘
2532,13:09:55,33.44,53503,16,买盘
2533,13:09:58,33.43,458015,137,卖盘
2534,13:10:01,33.42,230602,69,卖盘
2535,13:10:04,33.43,143746,43,买盘
2536,13:10:07,33.42,66840,20,卖盘
2537,13:10:10,33.42,718702,215,卖盘
2538,13:10:16,33.43,23400,7,买盘
2539,13:10:19,33.42,86907,26,卖盘
2540,13:10:22,33.42,46801,14,卖盘
2541,13:10:25,33.42,30085,9,卖盘
2542,13:10:28,33.43,60162,18,买盘
2543,13:10:31,33.43,297519,89,买盘
2544,13:10:34,33.44,254070,76,买盘
2545,13:10:37,33.44,170544,51,买盘
2546,13:10:43,33.44,83606,25,卖盘
2547,13:10:46,33.46,391481,117,买盘
2548,13:10:49,33.48,83700,25,买盘
2549,13:10:52,33.47,30123,9,中性盘
2550,13:10:55,33.48,665735,199,买盘
2551,13:10:58,33.46,26764,8,中性盘
2552,13:11:01,33.46,46863,14,卖盘
2553,13:11:04,33.46,163931,49,买盘
2554,13:11:07,33.48,56902,17,买盘
2555,13:11:10,33.48,70308,21,买盘
2556,13:11:13,33.48,160695,48,买盘
2557,13:11:16,33.48,107139,32,卖盘
2558,13:11:19,33.49,137285,41,买盘
2559,13:11:22,33.47,83679,25,卖盘
2560,13:11:25,33.46,214186,64,卖盘
2561,13:11:28,33.46,46856,14,卖盘
2562,13:11:31,33.46,33465,10,卖盘
2563,13:11:34,33.46,194120,58,卖盘
2564,13:11:37,33.47,30123,9,买盘
2565,13:11:40,33.47,140565,42,买盘
2566,13:11:43,33.47,210861,63,买盘
2567,13:11:46,33.47,227596,68,卖盘
2568,13:11:49,33.46,327989,98,卖盘
2569,13:11:52,33.48,582442,174,买盘
2570,13:11:55,33.47,207528,62,卖盘
2571,13:11:58,33.47,465224,139,买盘
2572,13:12:01,33.46,528675,158,卖盘
2573,13:12:04,33.46,184030,55,买盘
2574,13:12:07,33.46,70264,21,买盘
2575,13:12:10,33.46,16730,5,买盘
2576,13:12:13,33.46,20076,6,中性盘
2577,13:12:16,33.46,73627,22,卖盘
2578,13:12:19,33.45,76944,23,卖盘
2579,13:12:22,33.46,30114,9,买盘
2580,13:12:25,33.46,40147,12,买盘
2581,13:12:28,33.46,40148,12,卖盘
2582,13:12:31,33.46,63562,19,买盘
2583,13:12:34,33.45,585380,175,卖盘
2584,13:12:37,33.45,207390,62,买盘
2585,13:12:40,33.44,30098,9,卖盘
2586,13:12:43,33.45,46821,14,买盘
2587,13:12:46,33.45,183959,55,买盘
2588,13:12:49,33.44,6688,2,卖盘
2589,13:12:52,33.45,26758,8,买盘
2590,13:12:55,33.44,140449,42,卖盘
2591,13:12:58,33.45,20068,6,买盘
2592,13:13:01,33.45,50171,15,买盘
2593,13:13:04,33.45,10035,3,买盘
2594,13:13:07,33.45,83603,25,买盘
2595,13:13:10,33.45,36795,11,买盘
2596,13:13:13,33.44,404627,121,卖盘
2597,13:13:16,33.44,153828,46,卖盘
2598,13:13:19,33.45,147139,44,买盘
2599,13:13:22,33.45,147137,44,买盘
2600,13:13:25,33.44,200584,60,买盘
2601,13:13:28,33.44,66870,20,买盘
2602,13:13:31,33.44,100320,30,买盘
2603,13:13:34,33.44,80256,24,买盘
2604,13:13:37,33.44,30096,9,卖盘
2605,13:13:40,33.44,334400,100,卖盘
2606,13:13:43,33.45,418106,125,买盘
2607,13:13:46,33.45,30097,9,买盘
2608,13:13:49,33.45,20070,6,买盘
2609,13:13:52,33.44,280967,84,卖盘
2610,13:13:55,33.45,50175,15,买盘
2611,13:13:58,33.44,46824,14,卖盘
2612,13:14:01,33.43,307647,92,卖盘
2613,13:14:04,33.44,26747,8,买盘
2614,13:14:07,33.44,150480,45,买盘
2615,13:14:10,33.43,217295,65,卖盘
2616,13:14:13,33.42,668632,200,卖盘
2617,13:14:16,33.44,10030,3,买盘
2618,13:14:19,33.42,20054,6,卖盘
2619,13:14:22,33.42,20054,6,卖盘
2620,13:14:25,33.43,53484,16,买盘
2621,13:14:28,33.42,70186,21,卖盘
2622,13:14:31,33.42,594876,178,卖盘
2623,13:14:34,33.42,253996,76,卖盘
2624,13:14:37,33.42,738582,221,卖盘
2625,13:14:40,33.43,100266,30,买盘
2626,13:14:43,33.42,23396,7,卖盘
2627,13:14:46,33.41,177135,53,卖盘
2628,13:14:49,33.41,247235,74,卖盘
2629,13:14:52,33.41,390898,117,卖盘
2630,13:14:55,33.41,223847,67,卖盘
2631,13:14:58,33.41,100230,30,卖盘
2632,13:15:01,33.41,287326,86,卖盘
2633,13:15:04,33.41,995624,298,卖盘
2634,13:15:07,33.41,90207,27,卖盘
2635,13:15:10,33.41,56797,17,卖盘
2636,13:15:13,33.41,30069,9,卖盘
2637,13:15:16,33.41,3341,1,卖盘
2638,13:15:19,33.41,76848,23,卖盘
2639,13:15:22,33.41,43433,13,卖盘
2640,13:15:25,33.42,33417,10,买盘
2641,13:15:28,33.42,3342,1,买盘
2642,13:15:31,33.41,6682,2,卖盘
2643,13:15:34,33.41,83541,25,卖盘
2644,13:15:37,33.42,123643,37,买盘
2645,13:15:40,33.42,43446,13,买盘
2646,13:15:43,33.42,70182,21,买盘
2647,13:15:46,33.41,147008,44,卖盘
2648,13:15:49,33.42,23394,7,买盘
2649,13:15:52,33.42,103597,31,买盘
2650,13:15:55,33.41,66830,20,卖盘
2651,13:15:58,33.42,10026,3,买盘
2652,13:16:01,33.42,120312,36,买盘
2653,13:16:04,33.42,33428,10,卖盘
2654,13:16:07,33.42,60156,18,卖盘
2655,13:16:10,33.42,46798,14,卖盘
2656,13:16:13,33.42,83556,25,卖盘
2657,13:16:16,33.42,167100,50,卖盘
2658,13:16:19,33.42,153757,46,卖盘
2659,13:16:22,33.42,153732,46,卖盘
2660,13:16:25,33.42,36762,11,买盘
2661,13:16:28,33.42,50130,15,买盘
2662,13:16:31,33.42,83557,25,卖盘
2663,13:16:34,33.42,66840,20,卖盘
2664,13:16:37,33.42,116970,35,卖盘
2665,13:16:40,33.41,93559,28,卖盘
2666,13:16:43,33.42,297419,89,中性盘
2667,13:16:46,33.42,3342,1,中性盘
2668,13:16:49,33.41,177077,53,卖盘
2669,13:16:52,33.42,167064,50,买盘
2670,13:16:55,33.41,53462,16,卖盘
2671,13:16:58,33.42,46777,14,买盘
2672,13:17:01,33.42,123632,37,买盘
2673,13:17:04,33.41,464451,139,卖盘
2674,13:17:07,33.41,270621,81,卖盘
2675,13:17:10,33.41,163704,49,买盘
2676,13:17:13,33.4,110250,33,卖盘
2677,13:17:16,33.4,70156,21,卖盘
2678,13:17:19,33.4,6680,2,卖盘
2679,13:17:22,33.42,80186,24,买盘
2680,13:17:25,33.41,13364,4,买盘
2681,13:17:28,33.41,23388,7,卖盘
2682,13:17:31,33.42,23394,7,买盘
2683,13:17:34,33.41,16705,5,卖盘
2684,13:17:37,33.42,103575,31,买盘
2685,13:17:40,33.41,26735,8,卖盘
2686,13:17:43,33.42,33420,10,买盘
2687,13:17:46,33.41,73502,22,卖盘
2688,13:17:49,33.42,20052,6,买盘
2689,13:17:52,33.41,447694,134,卖盘
2690,13:17:55,33.41,20046,6,买盘
2691,13:17:58,33.41,70161,21,买盘
2692,13:18:01,33.4,123612,37,卖盘
2693,13:18:04,33.41,126958,38,买盘
2694,13:18:07,33.4,70151,21,卖盘
2695,13:18:10,33.41,567810,170,买盘
2696,13:18:13,33.41,23387,7,买盘
2697,13:18:16,33.4,76838,23,卖盘
2698,13:18:19,33.41,240537,72,买盘
2699,13:18:22,33.41,76843,23,买盘
2700,13:18:25,33.41,13364,4,卖盘
2701,13:18:28,33.41,90207,27,卖盘
2702,13:18:31,33.41,143675,43,卖盘
2703,13:18:37,33.41,16705,5,卖盘
2704,13:18:40,33.41,53458,16,卖盘
2705,13:18:43,33.42,404265,121,买盘
2706,13:18:46,33.41,13364,4,卖盘
2707,13:18:49,33.42,56804,17,买盘
2708,13:18:52,33.42,80196,24,买盘
2709,13:18:55,33.41,10023,3,卖盘
2710,13:18:58,33.42,136992,41,买盘
2711,13:19:01,33.41,26728,8,卖盘
2712,13:19:04,33.41,46774,14,卖盘
2713,13:19:07,33.41,13364,4,卖盘
2714,13:19:10,33.41,63487,19,卖盘
2715,13:19:13,33.41,374193,112,卖盘
2716,13:19:16,33.4,307286,92,卖盘
2717,13:19:19,33.39,7838461,2347,卖盘
2718,13:19:22,33.4,193664,58,买盘
2719,13:19:25,33.39,307263,92,卖盘
2720,13:19:28,33.4,160304,48,买盘
2721,13:19:31,33.4,1065895,319,买盘
2722,13:19:34,33.42,60139,18,买盘
2723,13:19:37,33.41,53462,16,卖盘
2724,13:19:40,33.41,10023,3,卖盘
2725,13:19:43,33.41,33410,10,卖盘
2726,13:19:46,33.41,66820,20,卖盘
2727,13:19:49,33.41,217165,65,卖盘
2728,13:19:52,33.41,30068,9,买盘
2729,13:19:55,33.4,334003,100,卖盘
2730,13:19:58,33.41,537970,161,买盘
2731,13:20:01,33.4,63462,19,卖盘
2732,13:20:04,33.41,437570,131,买盘
2733,13:20:07,33.4,213810,64,卖盘
2734,13:20:10,33.41,220456,66,卖盘
2735,13:20:13,33.42,220514,66,买盘
2736,13:20:16,33.43,257334,77,买盘
2737,13:20:19,33.44,200559,60,买盘
2738,13:20:22,33.43,70172,21,中性盘
2739,13:20:25,33.42,26741,8,卖盘
2740,13:20:28,33.42,207204,62,卖盘
2741,13:20:31,33.42,277386,83,卖盘
2742,13:20:34,33.42,237217,71,买盘
2743,13:20:37,33.4,237170,71,卖盘
2744,13:20:40,33.41,103571,31,卖盘
2745,13:20:43,33.4,213760,64,卖盘
2746,13:20:46,33.39,73478,22,卖盘
2747,13:20:49,33.4,2537653,760,买盘
2748,13:20:52,33.39,136920,41,卖盘
2749,13:20:55,33.4,1873218,561,买盘
2750,13:20:58,33.39,43414,13,卖盘
2751,13:21:01,33.39,187014,56,卖盘
2752,13:21:04,33.39,193672,58,卖盘
2753,13:21:07,33.39,83495,25,卖盘
2754,13:21:10,33.39,110194,33,卖盘
2755,13:21:13,33.4,50100,15,买盘
2756,13:21:16,33.39,153594,46,卖盘
2757,13:21:19,33.39,33391,10,卖盘
2758,13:21:22,33.4,66800,20,买盘
2759,13:21:25,33.4,297181,89,买盘
2760,13:21:28,33.4,6680,2,买盘
2761,13:21:31,33.4,80155,24,买盘
2762,13:21:34,33.4,43412,13,买盘
2763,13:21:37,33.39,90158,27,卖盘
2764,13:21:40,33.39,267125,80,卖盘
2765,13:21:43,33.39,96836,29,卖盘
2766,13:21:46,33.39,106858,32,卖盘
2767,13:21:49,33.39,233731,70,卖盘
2768,13:21:52,33.4,73467,22,买盘
2769,13:21:55,33.4,83476,25,买盘
2770,13:21:58,33.39,487525,146,卖盘
2771,13:22:01,33.39,233775,70,卖盘
2772,13:22:04,33.4,36740,11,买盘
2773,13:22:07,33.4,166981,50,买盘
2774,13:22:10,33.4,66800,20,买盘
2775,13:22:13,33.39,20034,6,卖盘
2776,13:22:16,33.4,106880,32,买盘
2777,13:22:19,33.4,327317,98,买盘
2778,13:22:22,33.4,220439,66,买盘
2779,13:22:25,33.41,340743,102,买盘
2780,13:22:28,33.4,197117,59,卖盘
2781,13:22:31,33.4,20040,6,卖盘
2782,13:22:34,33.4,688040,206,卖盘
2783,13:22:37,33.4,66800,20,卖盘
2784,13:22:40,33.4,337340,101,卖盘
2785,13:22:43,33.4,6680,2,卖盘
2786,13:22:46,33.4,1900460,569,卖盘
2787,13:22:49,33.4,594520,178,卖盘
2788,13:22:52,33.41,1115581,334,买盘
2789,13:22:55,33.4,70142,21,卖盘
2790,13:22:58,33.4,86850,26,卖盘
2791,13:23:01,33.4,43420,13,卖盘
2792,13:23:04,33.4,374080,112,卖盘
2793,13:23:07,33.4,86856,26,卖盘
2794,13:23:10,33.4,6680,2,卖盘
2795,13:23:13,33.41,23387,7,买盘
2796,13:23:16,33.4,113561,34,卖盘
2797,13:23:19,33.4,106902,32,卖盘
2798,13:23:22,33.41,86843,26,买盘
2799,13:23:25,33.41,33410,10,买盘
2800,13:23:28,33.41,471063,141,买盘
2801,13:23:31,33.4,253840,76,卖盘
2802,13:23:34,33.4,921896,276,卖盘
2803,13:23:37,33.4,400703,120,买盘
2804,13:23:40,33.39,220396,66,卖盘
2805,13:23:43,33.4,90163,27,买盘
2806,13:23:46,33.4,86829,26,买盘
2807,13:23:49,33.39,801383,240,卖盘
2808,13:23:52,33.39,190324,57,卖盘
2809,13:23:58,33.4,13360,4,买盘
2810,13:24:01,33.4,63450,19,买盘
2811,13:24:04,33.4,447560,134,买盘
2812,13:24:07,33.41,90187,27,买盘
2813,13:24:10,33.4,83527,25,卖盘
2814,13:24:13,33.41,3341,1,中性盘
2815,13:24:16,33.41,23387,7,买盘
2816,13:24:19,33.4,855047,256,卖盘
2817,13:24:22,33.41,56797,17,买盘
2818,13:24:25,33.42,364232,109,买盘
2819,13:24:28,33.41,520932,156,中性盘
2820,13:24:31,33.41,10023,3,卖盘
2821,13:24:34,33.41,123602,37,买盘
2822,13:24:37,33.4,167002,50,卖盘
2823,13:24:40,33.41,13361,4,买盘
2824,13:24:43,33.4,50100,15,卖盘
2825,13:24:46,33.4,110222,33,卖盘
2826,13:24:49,33.41,133638,40,买盘
2827,13:24:52,33.41,60136,18,买盘
2828,13:24:55,33.42,263942,79,买盘
2829,13:24:58,33.41,13364,4,卖盘
2830,13:25:01,33.41,33410,10,卖盘
2831,13:25:07,33.42,150382,45,买盘
2832,13:25:10,33.41,297395,89,卖盘
2833,13:25:13,33.41,60154,18,卖盘
2834,13:25:16,33.41,76862,23,卖盘
2835,13:25:19,33.41,357576,107,卖盘
2836,13:25:22,33.42,614928,184,买盘
2837,13:25:25,33.43,6686,2,买盘
2838,13:25:28,33.43,40116,12,买盘
2839,13:25:34,33.44,10032,3,买盘
2840,13:25:37,33.43,247383,74,卖盘
2841,13:25:40,33.45,274234,82,买盘
2842,13:25:43,33.44,43472,13,卖盘
2843,13:25:46,33.44,254160,76,卖盘
2844,13:25:49,33.43,120352,36,卖盘
2845,13:25:52,33.43,123677,37,买盘
2846,13:25:55,33.43,210559,63,买盘
2847,13:25:58,33.42,26736,8,卖盘
2848,13:26:01,33.43,106976,32,买盘
2849,13:26:04,33.43,33430,10,买盘
2850,13:26:07,33.43,83573,25,买盘
2851,13:26:10,33.43,120348,36,买盘
2852,13:26:13,33.42,504870,151,卖盘
2853,13:26:16,33.43,3343,1,卖盘
2854,13:26:19,33.44,60176,18,买盘
2855,13:26:22,33.44,3344,1,买盘
2856,13:26:25,33.44,20064,6,买盘
2857,13:26:28,33.44,33446,10,卖盘
2858,13:26:31,33.45,100350,30,买盘
2859,13:26:34,33.45,180597,54,卖盘
2860,13:26:37,33.44,210689,63,卖盘
2861,13:26:40,33.44,50160,15,买盘
2862,13:26:43,33.44,70224,21,买盘
2863,13:26:46,33.44,83600,25,买盘
2864,13:26:49,33.44,183926,55,卖盘
2865,13:26:52,33.44,167200,50,卖盘
2866,13:26:55,33.44,170546,51,卖盘
2867,13:26:58,33.44,50160,15,买盘
2868,13:27:01,33.44,90288,27,买盘
2869,13:27:04,33.44,63531,19,买盘
2870,13:27:07,33.44,50160,15,卖盘
2871,13:27:10,33.44,481687,144,卖盘
2872,13:27:19,33.45,6691,2,卖盘
2873,13:27:22,33.46,608758,182,买盘
2874,13:27:25,33.45,3345,1,卖盘
2875,13:27:28,33.46,40152,12,买盘
2876,13:27:31,33.46,214142,64,买盘
2877,13:27:34,33.45,116900,35,卖盘
2878,13:27:37,33.45,341197,102,卖盘
2879,13:27:40,33.45,702460,210,买盘
2880,13:27:43,33.44,364522,109,卖盘
2881,13:27:46,33.44,582186,174,卖盘
2882,13:27:49,33.45,190663,57,买盘
2883,13:27:52,33.44,270832,81,卖盘
2884,13:27:55,33.45,6690,2,中性盘
2885,13:27:58,33.46,30107,9,买盘
2886,13:28:01,33.46,16730,5,买盘
2887,13:28:04,33.46,20076,6,买盘
2888,13:28:07,33.46,10038,3,买盘
2889,13:28:10,33.46,66920,20,买盘
2890,13:28:13,33.46,63574,19,买盘
2891,13:28:16,33.46,33467,10,卖盘
2892,13:28:22,33.46,153920,46,卖盘
2893,13:28:25,33.46,689279,206,卖盘
2894,13:28:28,33.46,184014,55,卖盘
2895,13:28:31,33.46,224172,67,买盘
2896,13:28:34,33.46,287687,86,买盘
2897,13:28:37,33.45,130471,39,卖盘
2898,13:28:40,33.45,86980,26,卖盘
2899,13:28:43,33.45,150525,45,卖盘
2900,13:28:46,33.46,3346,1,买盘
2901,13:28:49,33.46,73612,22,买盘
2902,13:28:55,33.45,93662,28,卖盘
2903,13:28:58,33.45,204045,61,买盘
2904,13:29:01,33.45,317775,95,卖盘
2905,13:29:04,33.45,214026,64,买盘
2906,13:29:07,33.44,177235,53,卖盘
2907,13:29:10,33.45,10033,3,买盘
2908,13:29:13,33.43,113685,34,卖盘
2909,13:29:16,33.43,60190,18,卖盘
2910,13:29:19,33.44,916047,274,买盘
2911,13:29:22,33.44,167200,50,买盘
2912,13:29:25,33.43,10029,3,卖盘
2913,13:29:28,33.43,207282,62,卖盘
2914,13:29:31,33.44,53500,16,买盘
2915,13:29:34,33.43,46805,14,卖盘
2916,13:29:37,33.44,314255,94,买盘
2917,13:29:40,33.43,73546,22,卖盘
2918,13:29:43,33.44,157160,47,买盘
2919,13:29:49,33.44,133767,40,卖盘
2920,13:29:52,33.44,117040,35,卖盘
2921,13:29:55,33.44,40128,12,卖盘
2922,13:29:58,33.45,23415,7,买盘
2923,13:30:01,33.44,36787,11,卖盘
2924,13:30:07,33.46,177330,53,买盘
2925,13:30:10,33.45,26765,8,卖盘
2926,13:30:13,33.46,16726,5,中性盘
2927,13:30:16,33.45,16725,5,卖盘
2928,13:30:19,33.45,53529,16,卖盘
2929,13:30:22,33.45,40140,12,卖盘
2930,13:30:25,33.45,20070,6,买盘
2931,13:30:28,33.44,163865,49,卖盘
2932,13:30:31,33.45,53520,16,买盘
2933,13:30:34,33.44,30102,9,卖盘
2934,13:30:37,33.44,90297,27,卖盘
2935,13:30:40,33.44,107008,32,卖盘
2936,13:30:43,33.44,76928,23,卖盘
2937,13:30:46,33.44,86963,26,卖盘
2938,13:30:49,33.44,36791,11,卖盘
2939,13:30:52,33.45,53511,16,买盘
2940,13:30:55,33.44,3344,1,卖盘
2941,13:30:58,33.45,117075,35,买盘
2942,13:31:01,33.44,294300,88,卖盘
2943,13:31:04,33.44,16720,5,卖盘
2944,13:31:07,33.43,213997,64,卖盘
2945,13:31:10,33.43,50145,15,卖盘
2946,13:31:13,33.44,80251,24,买盘
2947,13:31:16,33.44,33433,10,买盘
2948,13:31:19,33.43,1277026,382,卖盘
2949,13:31:22,33.42,76883,23,卖盘
2950,13:31:25,33.42,200520,60,卖盘
2951,13:31:28,33.43,334209,100,买盘
2952,13:31:31,33.43,30083,9,买盘
2953,13:31:34,33.42,56827,17,卖盘
2954,13:31:37,33.43,133700,40,买盘
2955,13:31:43,33.42,40112,12,卖盘
2956,13:31:46,33.43,50139,15,买盘
2957,13:31:49,33.42,137047,41,卖盘
2958,13:31:52,33.42,73524,22,卖盘
2959,13:31:55,33.42,116970,35,卖盘
2960,13:31:58,33.42,394363,118,卖盘
2961,13:32:01,33.42,80208,24,卖盘
2962,13:32:04,33.42,347568,104,卖盘
2963,13:32:07,33.42,140367,42,卖盘
2964,13:32:10,33.42,20055,6,卖盘
2965,13:32:13,33.42,56819,17,卖盘
2966,13:32:16,33.42,143708,43,卖盘
2967,13:32:19,33.42,63505,19,卖盘
2968,13:32:22,33.42,26736,8,卖盘
2969,13:32:25,33.42,76866,23,买盘
2970,13:32:28,33.41,190437,57,卖盘
2971,13:32:31,33.41,110260,33,卖盘
2972,13:32:34,33.41,46774,14,卖盘
2973,13:32:37,33.42,36756,11,买盘
2974,13:32:40,33.41,93572,28,卖盘
2975,13:32:46,33.42,23390,7,买盘
2976,13:32:49,33.41,544590,163,卖盘
2977,13:32:52,33.41,60138,18,卖盘
2978,13:32:55,33.42,16710,5,买盘
2979,13:32:58,33.42,23394,7,买盘
2980,13:33:01,33.42,33411,10,买盘
2981,13:33:04,33.42,33417,10,买盘
2982,13:33:07,33.41,10023,3,卖盘
2983,13:33:10,33.42,60150,18,买盘
2984,13:33:13,33.41,100235,30,卖盘
2985,13:33:16,33.41,177124,53,卖盘
2986,13:33:19,33.41,50122,15,卖盘
2987,13:33:22,33.41,33418,10,卖盘
2988,13:33:25,33.42,43443,13,买盘
2989,13:33:31,33.41,584681,175,卖盘
2990,13:33:34,33.41,10023,3,买盘
2991,13:33:37,33.41,23384,7,买盘
2992,13:33:40,33.41,100233,30,买盘
2993,13:33:43,33.41,103571,31,卖盘
2994,13:33:46,33.42,46778,14,买盘
2995,13:33:49,33.41,26728,8,卖盘
2996,13:33:55,33.41,63479,19,卖盘
2997,13:33:58,33.41,43433,13,卖盘
2998,13:34:01,33.42,10026,3,买盘
2999,13:34:04,33.42,454515,136,买盘
3000,13:34:07,33.42,116939,35,中性盘
3001,13:34:10,33.43,30081,9,买盘
3002,13:34:13,33.43,46804,14,买盘
3003,13:34:16,33.42,33435,10,卖盘
3004,13:34:19,33.43,3343,1,卖盘
3005,13:34:22,33.42,297500,89,卖盘
3006,13:34:25,33.42,33420,10,卖盘
3007,13:34:28,33.43,46800,14,买盘
3008,13:34:31,33.42,50135,15,卖盘
3009,13:34:34,33.43,177179,53,买盘
3010,13:34:37,33.44,203928,61,买盘
3011,13:34:40,33.43,16715,5,卖盘
3012,13:34:43,33.43,274126,82,卖盘
3013,13:34:46,33.43,36773,11,卖盘
3014,13:34:49,33.44,26752,8,买盘
3015,13:34:52,33.43,53493,16,卖盘
3016,13:34:58,33.44,36784,11,买盘
3017,13:35:01,33.43,20058,6,卖盘
3018,13:35:07,33.44,371842,111,买盘
3019,13:35:10,33.43,53497,16,卖盘
3020,13:35:13,33.43,20058,6,卖盘
3021,13:35:16,33.43,30087,9,卖盘
3022,13:35:19,33.44,93632,28,买盘
3023,13:35:25,33.43,170498,51,卖盘
3024,13:35:28,33.44,10032,3,买盘
3025,13:35:31,33.44,63530,19,买盘
3026,13:35:34,33.43,50145,15,卖盘
3027,13:35:37,33.43,56831,17,卖盘
3028,13:35:40,33.43,113662,34,卖盘
3029,13:35:43,33.44,167197,50,买盘
3030,13:35:46,33.44,46816,14,买盘
3031,13:35:49,33.42,1707787,511,卖盘
3032,13:35:52,33.44,167196,50,买盘
3033,13:35:55,33.44,26754,8,卖盘
3034,13:35:58,33.44,143792,43,卖盘
3035,13:36:01,33.44,43482,13,卖盘
3036,13:36:04,33.45,23415,7,买盘
3037,13:36:07,33.44,40128,12,卖盘
3038,13:36:10,33.44,438077,131,卖盘
3039,13:36:13,33.44,147131,44,买盘
3040,13:36:16,33.44,40124,12,买盘
3041,13:36:19,33.44,23408,7,买盘
3042,13:36:22,33.43,56842,17,卖盘
3043,13:36:28,33.43,43464,13,卖盘
3044,13:36:31,33.43,227341,68,卖盘
3045,13:36:34,33.44,63536,19,买盘
3046,13:36:37,33.43,40118,12,卖盘
3047,13:36:40,33.44,10032,3,买盘
3048,13:36:43,33.44,50160,15,买盘
3049,13:36:46,33.43,36775,11,卖盘
3050,13:36:49,33.43,247389,74,卖盘
3051,13:36:52,33.43,96947,29,卖盘
3052,13:36:55,33.43,127034,38,卖盘
3053,13:36:58,33.43,16715,5,买盘
3054,13:37:01,33.43,10029,3,买盘
3055,13:37:04,33.42,126999,38,卖盘
3056,13:37:07,33.42,213888,64,卖盘
3057,13:37:10,33.42,126998,38,卖盘
3058,13:37:13,33.41,228200,68,卖盘
3059,13:37:16,33.41,347500,104,卖盘
3060,13:37:19,33.42,314059,94,买盘
3061,13:37:22,33.42,70167,21,买盘
3062,13:37:25,33.42,6684,2,买盘
3063,13:37:28,33.42,153713,46,卖盘
3064,13:37:31,33.41,80184,24,卖盘
3065,13:37:34,33.41,193777,58,卖盘
3066,13:37:37,33.42,53461,16,买盘
3067,13:37:40,33.4,170398,51,卖盘
3068,13:37:43,33.42,33418,10,买盘
3069,13:37:46,33.41,13364,4,卖盘
3070,13:37:49,33.41,170397,51,卖盘
3071,13:37:52,33.4,10020,3,卖盘
3072,13:37:55,33.41,6682,2,买盘
3073,13:37:58,33.41,50115,15,买盘
3074,13:38:01,33.41,40086,12,买盘
3075,13:38:04,33.41,3341,1,买盘
3076,13:38:07,33.4,16701,5,卖盘
3077,13:38:10,33.41,83525,25,买盘
3078,13:38:13,33.4,103540,31,卖盘
3079,13:38:16,33.41,20046,6,买盘
3080,13:38:19,33.41,3341,1,买盘
3081,13:38:22,33.4,200457,60,卖盘
3082,13:38:25,33.4,103568,31,卖盘
