,成交时间,成交价格,成交金额,成交量,性质
0,09:25:04,32.75,4843725,1479,卖盘
1,09:30:01,32.7,1046715,320,卖盘
2,09:30:04,32.75,1886194,576,买盘
3,09:30:07,32.75,435641,133,卖盘
4,09:30:10,32.77,1346071,411,中性盘
5,09:30:13,32.75,393097,120,卖盘
6,09:30:16,32.76,307878,94,中性盘
7,09:30:19,32.75,907193,277,卖盘
8,09:30:22,32.81,573254,175,买盘
9,09:30:25,32.74,582955,178,卖盘
10,09:30:28,32.81,1215391,371,买盘
11,09:30:31,32.75,2460776,752,卖盘
12,09:30:34,32.75,910530,278,买盘
13,09:30:37,32.81,957122,292,买盘
14,09:30:40,32.8,547247,167,卖盘
15,09:30:43,32.82,757856,231,买盘
16,09:30:46,32.75,1363198,416,卖盘
17,09:30:49,32.8,602977,184,买盘
18,09:30:52,32.82,1253420,382,买盘
19,09:30:55,32.83,325017,99,买盘
20,09:30:58,32.88,774888,236,买盘
21,09:31:01,32.93,951021,289,买盘
22,09:31:04,32.93,968218,294,卖盘
23,09:31:07,32.96,197717,60,买盘
24,09:31:10,32.95,517397,157,卖盘
25,09:31:13,32.98,474591,144,买盘
26,09:31:16,32.96,379090,115,卖盘
27,09:31:19,32.98,487993,148,买盘
28,09:31:22,32.98,356219,108,卖盘
29,09:31:25,32.99,2744960,832,买盘
30,09:31:28,33.0,2254036,683,买盘
31,09:31:31,32.98,2114625,641,卖盘
32,09:31:34,32.99,824643,250,买盘
33,09:31:37,32.98,663387,201,中性盘
34,09:31:40,33.04,1536949,466,买盘
35,09:31:43,32.99,1861375,563,卖盘
36,09:31:46,33.0,2250721,682,买盘
37,09:31:49,33.01,468888,142,买盘
38,09:31:52,33.06,330192,100,买盘
39,09:31:55,33.05,142155,43,买盘
40,09:31:58,33.05,201609,61,卖盘
41,09:32:01,33.1,433335,131,买盘
42,09:32:04,33.07,1181131,357,卖盘
43,09:32:07,33.07,2495883,755,买盘
44,09:32:10,33.13,307954,93,买盘
45,09:32:13,33.18,1856060,560,买盘
46,09:32:16,33.22,1549964,467,买盘
47,09:32:19,33.22,1209258,364,卖盘
48,09:32:22,33.22,1754320,528,卖盘
49,09:32:25,33.29,1087625,327,买盘
50,09:32:28,33.27,1284868,386,中性盘
51,09:32:31,33.32,1766048,530,买盘
52,09:32:34,33.35,799794,240,买盘
53,09:32:37,33.39,2849009,854,买盘
54,09:32:40,33.4,2019378,605,买盘
55,09:32:43,33.4,691248,207,买盘
56,09:32:46,33.4,1903790,570,卖盘
57,09:32:49,33.33,2771880,831,卖盘
58,09:32:52,33.33,2474030,742,卖盘
59,09:32:55,33.35,366823,110,中性盘
60,09:32:58,33.33,1504212,451,卖盘
61,09:33:01,33.36,2569580,770,买盘
62,09:33:04,33.38,1755018,526,买盘
63,09:33:07,33.36,557177,167,卖盘
64,09:33:10,33.36,2650900,795,卖盘
65,09:33:13,33.35,2884857,865,买盘
66,09:33:16,33.34,739891,222,中性盘
67,09:33:19,33.38,3563766,1068,买盘
68,09:33:22,33.38,10406394,3116,买盘
69,09:33:25,33.34,1527030,458,卖盘
70,09:33:28,33.34,1100399,330,买盘
71,09:33:31,33.34,576467,173,中性盘
72,09:33:34,33.34,416698,125,买盘
73,09:33:37,33.35,1553868,466,买盘
74,09:33:40,33.34,1166846,350,卖盘
75,09:33:43,33.32,249951,75,卖盘
76,09:33:46,33.31,86627,26,卖盘
77,09:33:49,33.31,1989654,597,卖盘
78,09:33:52,33.31,1092855,328,卖盘
79,09:33:55,33.31,1835194,551,卖盘
80,09:33:58,33.31,449713,135,卖盘
81,09:34:01,33.3,1742225,523,卖盘
82,09:34:04,33.29,519443,156,卖盘
83,09:34:07,33.28,908641,273,卖盘
84,09:34:10,33.27,339448,102,卖盘
85,09:34:13,33.26,1221442,367,卖盘
86,09:34:16,33.28,529049,159,买盘
87,09:34:19,33.26,445731,134,卖盘
88,09:34:22,33.24,838022,252,卖盘
89,09:34:25,33.25,126340,38,买盘
90,09:34:28,33.24,468751,141,卖盘
91,09:34:31,33.24,299187,90,卖盘
92,09:34:34,33.24,857567,258,买盘
93,09:34:37,33.23,441999,133,卖盘
94,09:34:40,33.25,1895675,570,买盘
95,09:34:43,33.29,515798,155,买盘
96,09:34:46,33.28,948817,285,中性盘
97,09:34:49,33.28,316268,95,卖盘
98,09:34:52,33.28,382741,115,卖盘
99,09:34:55,33.29,339538,102,买盘
100,09:34:58,33.29,665753,200,卖盘
101,09:35:01,33.35,2872919,862,买盘
102,09:35:04,33.35,1477930,443,卖盘
103,09:35:07,33.35,320194,96,中性盘
104,09:35:10,33.34,944201,283,卖盘
105,09:35:13,33.35,290131,87,买盘
106,09:35:16,33.36,810669,243,买盘
107,09:35:19,33.35,643759,193,卖盘
108,09:35:22,33.36,2028442,608,买盘
109,09:35:25,33.35,1660822,498,卖盘
110,09:35:28,33.34,1264344,379,卖盘
111,09:35:31,33.34,863816,259,卖盘
112,09:35:34,33.32,1042924,313,卖盘
113,09:35:37,33.34,379894,114,买盘
114,09:35:40,33.32,663408,199,卖盘
115,09:35:43,33.34,1487113,446,买盘
116,09:35:46,33.39,4366384,1308,买盘
117,09:35:49,33.4,684860,205,卖盘
118,09:35:52,33.4,451112,135,卖盘
119,09:35:55,33.42,922018,276,买盘
120,09:35:58,33.41,1456918,436,中性盘
121,09:36:01,33.39,1987893,595,卖盘
122,09:36:04,33.4,1139161,341,中性盘
123,09:36:07,33.4,1059060,317,卖盘
124,09:36:10,33.39,875057,262,卖盘
125,09:36:13,33.41,3557798,1065,买盘
126,09:36:16,33.4,925496,277,卖盘
127,09:36:19,33.42,2259054,676,买盘
128,09:36:22,33.44,4106555,1228,买盘
129,09:36:25,33.47,3136102,937,买盘
130,09:36:28,33.59,21364246,6372,买盘
131,09:36:31,33.57,2805875,835,卖盘
132,09:36:34,33.54,3520540,1050,卖盘
133,09:36:37,33.54,1691857,504,买盘
134,09:36:40,33.56,1489454,444,中性盘
135,09:36:43,33.54,3210169,957,卖盘
136,09:36:46,33.56,1606197,479,买盘
137,09:36:49,33.54,1214442,362,卖盘
138,09:36:52,33.54,1532845,457,买盘
139,09:36:55,33.51,1727555,515,卖盘
140,09:36:58,33.55,1701032,507,买盘
141,09:37:01,33.49,3553975,1061,卖盘
142,09:37:04,33.51,742793,222,买盘
143,09:37:07,33.5,1333667,398,中性盘
144,09:37:10,33.46,1318875,394,卖盘
145,09:37:13,33.44,1388526,415,卖盘
146,09:37:16,33.42,725545,217,卖盘
147,09:37:19,33.44,725427,217,买盘
148,09:37:22,33.44,1594199,477,买盘
149,09:37:25,33.41,621500,186,中性盘
150,09:37:28,33.42,337560,101,卖盘
151,09:37:31,33.39,1001973,300,卖盘
152,09:37:34,33.5,8110668,2424,买盘
153,09:37:37,33.5,1011761,302,卖盘
154,09:37:40,33.5,231100,69,卖盘
155,09:37:43,33.49,733522,219,中性盘
156,09:37:46,33.5,3728017,1113,买盘
157,09:37:49,33.52,3005251,897,买盘
158,09:37:52,33.54,4514721,1346,买盘
159,09:37:55,33.56,1583393,472,买盘
160,09:37:58,33.56,755322,225,卖盘
161,09:38:01,33.56,1114269,332,卖盘
162,09:38:04,33.56,1755545,523,卖盘
163,09:38:07,33.56,3323719,990,买盘
164,09:38:10,33.58,1504042,448,中性盘
165,09:38:13,33.59,3114242,927,中性盘
166,09:38:16,33.59,534074,159,买盘
167,09:38:19,33.58,745423,222,买盘
168,09:38:22,33.58,883118,263,买盘
169,09:38:25,33.57,1792950,534,中性盘
170,09:38:28,33.56,2582144,769,中性盘
171,09:38:31,33.55,842502,251,卖盘
172,09:38:34,33.57,979961,292,买盘
173,09:38:37,33.55,667594,199,中性盘
174,09:38:40,33.57,828895,247,买盘
175,09:38:43,33.56,590562,176,中性盘
176,09:38:46,33.55,906031,270,卖盘
177,09:38:49,33.56,2449692,730,买盘
178,09:38:52,33.55,1922878,573,卖盘
179,09:38:55,33.55,1191233,355,卖盘
180,09:38:58,33.64,10549528,3140,买盘
181,09:39:01,33.75,16833672,4997,买盘
182,09:39:04,33.82,7484400,2215,买盘
183,09:39:07,33.82,1734959,513,卖盘
184,09:39:10,33.88,6173411,1823,买盘
185,09:39:13,33.9,4330726,1278,买盘
186,09:39:16,33.94,3871328,1141,买盘
187,09:39:19,33.98,5354148,1576,买盘
188,09:39:22,33.95,2180894,642,卖盘
189,09:39:25,33.94,7321069,2155,卖盘
190,09:39:28,33.93,2507886,739,卖盘
191,09:39:31,33.93,2311121,681,买盘
192,09:39:34,33.92,2527933,745,卖盘
193,09:39:37,33.93,1879725,554,卖盘
194,09:39:40,33.92,1754196,517,卖盘
195,09:39:43,33.94,2918341,860,买盘
196,09:39:46,33.95,8126778,2393,买盘
197,09:39:49,34.02,39415719,11597,买盘
198,09:39:52,34.03,4233987,1244,中性盘
199,09:39:55,34.04,1664366,489,中性盘
200,09:39:58,34.07,4737012,1390,买盘
201,09:40:01,34.05,3029251,889,卖盘
202,09:40:04,34.0,10740634,3156,卖盘
203,09:40:07,34.0,2711841,797,卖盘
204,09:40:10,34.01,1829750,538,买盘
205,09:40:13,34.0,2805620,825,卖盘
206,09:40:16,33.98,3497182,1029,卖盘
207,09:40:19,33.97,1902942,560,卖盘
208,09:40:22,34.0,4996789,1470,买盘
209,09:40:25,33.97,3864877,1137,卖盘
210,09:40:28,33.97,1090413,321,买盘
211,09:40:31,33.98,3306499,973,买盘
212,09:40:34,33.97,1630787,480,卖盘
213,09:40:37,33.97,2378207,700,买盘
214,09:40:40,33.97,1821069,536,卖盘
215,09:40:43,33.96,1093919,322,卖盘
216,09:40:46,33.96,1769798,521,卖盘
217,09:40:49,33.95,1283625,378,卖盘
218,09:40:52,33.95,899807,265,卖盘
219,09:40:55,33.95,699310,206,买盘
220,09:40:58,33.94,1663260,490,卖盘
221,09:41:01,33.92,1075726,317,卖盘
222,09:41:04,33.87,3230360,953,卖盘
223,09:41:07,33.84,2474432,731,卖盘
224,09:41:10,33.84,466931,138,买盘
225,09:41:13,33.83,1224895,362,卖盘
226,09:41:16,33.83,2691680,796,卖盘
227,09:41:19,33.8,567782,168,中性盘
228,09:41:22,33.75,733229,217,卖盘
229,09:41:25,33.76,607924,180,中性盘
230,09:41:28,33.76,1211826,359,买盘
231,09:41:31,33.76,850941,252,卖盘
232,09:41:34,33.8,1053334,312,买盘
233,09:41:37,33.83,1852470,548,买盘
234,09:41:40,33.8,456413,135,卖盘
235,09:41:43,33.81,1714609,507,买盘
236,09:41:46,33.84,3208975,948,买盘
237,09:41:49,33.84,1205667,356,卖盘
238,09:41:52,33.82,1417511,419,卖盘
239,09:41:55,33.79,1551846,459,卖盘
240,09:41:58,33.83,936605,277,买盘
241,09:42:01,33.81,1527434,452,中性盘
242,09:42:04,33.8,571067,169,中性盘
243,09:42:07,33.74,7864076,2330,卖盘
244,09:42:10,33.74,1288764,382,买盘
245,09:42:13,33.73,3056613,906,卖盘
246,09:42:16,33.75,4591836,1361,买盘
247,09:42:19,33.72,678039,201,卖盘
248,09:42:22,33.74,354228,105,买盘
249,09:42:25,33.73,1636221,485,卖盘
250,09:42:28,33.73,492478,146,买盘
251,09:42:31,33.74,387928,115,中性盘
252,09:42:34,33.75,1752043,519,买盘
253,09:42:37,33.75,566909,168,卖盘
254,09:42:40,33.77,212660,63,中性盘
255,09:42:43,33.75,1955110,579,卖盘
256,09:42:46,33.77,739548,219,买盘
257,09:42:49,33.76,479373,142,买盘
258,09:42:52,33.74,2011570,596,卖盘
259,09:42:55,33.76,536761,159,买盘
260,09:42:58,33.76,2400758,711,卖盘
261,09:43:01,33.76,621009,184,买盘
262,09:43:04,33.75,1164445,345,中性盘
263,09:43:07,33.74,2489397,738,卖盘
264,09:43:10,33.73,604008,179,卖盘
265,09:43:13,33.73,455402,135,卖盘
266,09:43:16,33.73,381108,113,买盘
267,09:43:19,33.74,758854,225,买盘
268,09:43:22,33.75,890910,264,买盘
269,09:43:25,33.73,560007,166,卖盘
270,09:43:28,33.73,1079898,320,卖盘
271,09:43:31,33.73,711699,211,卖盘
272,09:43:34,33.73,2054770,609,买盘
273,09:43:37,33.72,1085934,322,卖盘
274,09:43:40,33.73,647419,192,买盘
275,09:43:43,33.72,195600,58,中性盘
276,09:43:46,33.74,715157,212,买盘
277,09:43:49,33.75,624306,185,买盘
278,09:43:52,33.76,1699937,504,买盘
279,09:43:55,33.76,577228,171,买盘
280,09:43:58,33.76,405129,120,卖盘
281,09:44:01,33.78,1006289,298,买盘
282,09:44:04,33.76,256653,76,卖盘
283,09:44:07,33.78,577476,171,中性盘
284,09:44:10,33.78,908459,269,卖盘
285,09:44:13,33.76,1519124,450,中性盘
286,09:44:16,33.75,1360062,403,卖盘
287,09:44:19,33.76,786553,233,买盘
288,09:44:22,33.76,918333,272,买盘
289,09:44:25,33.78,1178967,349,买盘
290,09:44:28,33.8,1764324,522,买盘
291,09:44:31,33.81,287313,85,买盘
292,09:44:34,33.8,354893,105,卖盘
293,09:44:37,33.8,1078119,319,买盘
294,09:44:40,33.8,463092,137,买盘
295,09:44:43,33.82,855494,253,买盘
296,09:44:46,33.83,497262,147,买盘
297,09:44:49,33.82,659575,195,卖盘
298,09:44:52,33.8,683113,202,卖盘
299,09:44:55,33.82,1356310,401,买盘
300,09:44:58,33.84,659624,195,买盘
301,09:45:01,33.84,1241907,367,买盘
302,09:45:04,33.82,997910,295,卖盘
303,09:45:07,33.85,778353,230,买盘
304,09:45:10,33.84,423057,125,卖盘
305,09:45:13,33.87,446849,132,中性盘
306,09:45:16,33.86,575567,170,卖盘
307,09:45:19,33.86,433323,128,买盘
308,09:45:22,33.86,1181395,349,买盘
309,09:45:25,33.84,1197973,354,卖盘
310,09:45:28,33.85,778545,230,中性盘
311,09:45:31,33.79,5062162,1497,卖盘
312,09:45:34,33.76,902146,267,卖盘
313,09:45:37,33.81,1209968,358,买盘
314,09:45:40,33.79,806875,239,中性盘
315,09:45:43,33.77,371308,110,卖盘
316,09:45:46,33.77,1563406,463,卖盘
317,09:45:49,33.76,837368,248,买盘
318,09:45:52,33.76,597541,177,中性盘
319,09:45:55,33.76,972290,288,中性盘
320,09:45:58,33.73,1204833,357,卖盘
321,09:46:01,33.76,759058,225,买盘
322,09:46:04,33.74,286686,85,中性盘
323,09:46:07,33.74,849932,252,中性盘
324,09:46:10,33.73,526253,156,卖盘
325,09:46:13,33.71,1234160,366,卖盘
326,09:46:16,33.68,1674672,497,卖盘
327,09:46:19,33.69,303238,90,卖盘
328,09:46:22,33.68,87557,26,卖盘
329,09:46:25,33.67,222257,66,卖盘
330,09:46:28,33.68,616232,183,买盘
331,09:46:31,33.66,777599,231,卖盘
332,09:46:34,33.67,1463972,435,买盘
333,09:46:37,33.65,1676466,498,卖盘
334,09:46:40,33.66,1913325,569,中性盘
335,09:46:43,33.63,487968,145,卖盘
336,09:46:46,33.65,696871,207,中性盘
337,09:46:49,33.65,710098,211,卖盘
338,09:46:52,33.64,905088,269,卖盘
339,09:46:55,33.64,467661,139,卖盘
340,09:46:58,33.64,343128,102,买盘
341,09:47:01,33.64,729910,217,买盘
342,09:47:04,33.65,1466510,436,买盘
343,09:47:07,33.65,1278775,380,买盘
344,09:47:10,33.69,1545624,459,买盘
345,09:47:13,33.72,589664,175,买盘
346,09:47:16,33.74,718073,213,买盘
347,09:47:19,33.74,151720,45,买盘
348,09:47:22,33.74,681526,202,买盘
349,09:47:25,33.72,1805115,535,卖盘
350,09:47:28,33.72,262997,78,买盘
351,09:47:31,33.71,202313,60,中性盘
352,09:47:34,33.72,991034,294,买盘
353,09:47:37,33.7,761765,226,卖盘
354,09:47:40,33.7,417981,124,卖盘
355,09:47:43,33.7,859608,255,卖盘
356,09:47:46,33.7,303341,90,卖盘
357,09:47:49,33.7,283080,84,买盘
358,09:47:52,33.7,869494,258,买盘
359,09:47:55,33.7,155020,46,卖盘
360,09:47:58,33.7,310035,92,卖盘
361,09:48:01,33.69,687510,204,卖盘
362,09:48:04,33.7,377406,112,买盘
363,09:48:07,33.69,1169878,347,卖盘
364,09:48:10,33.71,222428,66,买盘
365,09:48:13,33.72,620188,184,买盘
366,09:48:16,33.77,880886,261,买盘
367,09:48:19,33.79,1766364,523,买盘
368,09:48:22,33.77,1290725,382,卖盘
369,09:48:25,33.8,3170985,938,买盘
370,09:48:28,33.8,517159,153,买盘
371,09:48:31,33.79,422508,125,卖盘
372,09:48:34,33.77,962956,285,卖盘
373,09:48:37,33.77,206114,61,卖盘
374,09:48:40,33.76,263374,78,卖盘
375,09:48:43,33.73,94497,28,卖盘
376,09:48:46,33.73,243053,72,卖盘
377,09:48:49,33.73,124799,37,买盘
378,09:48:52,33.73,273416,81,卖盘
379,09:48:55,33.72,877106,260,卖盘
380,09:48:58,33.77,688317,204,买盘
381,09:49:01,33.78,384842,114,买盘
382,09:49:04,33.77,114800,34,中性盘
383,09:49:07,33.76,412005,122,中性盘
384,09:49:10,33.74,2305982,683,中性盘
385,09:49:13,33.73,374548,111,卖盘
386,09:49:16,33.76,1201226,356,买盘
387,09:49:19,33.76,448818,133,买盘
388,09:49:22,33.75,107963,32,中性盘
389,09:49:25,33.74,124840,37,卖盘
390,09:49:28,33.73,300267,89,卖盘
391,09:49:31,33.72,1450340,430,卖盘
392,09:49:34,33.73,2030900,602,买盘
393,09:49:37,33.73,209113,62,买盘
394,09:49:40,33.75,259752,77,买盘
395,09:49:43,33.72,229410,68,卖盘
396,09:49:46,33.71,354067,105,卖盘
397,09:49:49,33.71,165203,49,卖盘
398,09:49:52,33.71,262961,78,卖盘
399,09:49:55,33.71,384303,114,卖盘
400,09:49:58,33.71,97779,29,卖盘
401,09:50:01,33.71,394415,117,卖盘
402,09:50:04,33.7,300007,89,卖盘
403,09:50:07,33.71,984194,292,买盘
404,09:50:10,33.71,316826,94,买盘
405,09:50:13,33.73,1470117,436,买盘
406,09:50:16,33.72,1980613,587,卖盘
407,09:50:19,33.76,381313,113,买盘
408,09:50:22,33.76,249662,74,买盘
409,09:50:25,33.76,205847,61,买盘
410,09:50:28,33.75,600925,178,中性盘
411,09:50:31,33.76,330710,98,买盘
412,09:50:34,33.75,249796,74,卖盘
413,09:50:37,33.74,192364,57,卖盘
414,09:50:40,33.74,1373856,407,卖盘
415,09:50:43,33.74,111347,33,买盘
416,09:50:46,33.74,398177,118,卖盘
417,09:50:49,33.74,296889,88,卖盘
418,09:50:52,33.73,155180,46,卖盘
419,09:50:55,33.73,43858,13,卖盘
420,09:50:58,33.72,903919,268,卖盘
421,09:51:01,33.72,2312202,686,中性盘
422,09:51:04,33.66,1734325,515,卖盘
423,09:51:07,33.66,928786,276,中性盘
424,09:51:10,33.64,50484,15,卖盘
425,09:51:13,33.64,158113,47,卖盘
426,09:51:16,33.64,615592,183,卖盘
427,09:51:19,33.62,558323,166,卖盘
428,09:51:22,33.63,248874,74,卖盘
429,09:51:25,33.62,80698,24,卖盘
430,09:51:28,33.63,669068,199,买盘
431,09:51:31,33.62,615116,183,中性盘
432,09:51:34,33.61,655436,195,卖盘
433,09:51:37,33.61,1246976,371,卖盘
434,09:51:40,33.61,292404,87,买盘
435,09:51:43,33.6,369641,110,卖盘
436,09:51:46,33.61,998212,297,买盘
437,09:51:49,33.62,537800,160,买盘
438,09:51:52,33.62,1169700,348,买盘
439,09:51:55,33.61,675573,201,卖盘
440,09:51:58,33.61,880557,262,卖盘
441,09:52:01,33.61,510874,152,卖盘
442,09:52:04,33.61,426846,127,买盘
443,09:52:07,33.61,594827,177,买盘
444,09:52:10,33.63,1448566,431,买盘
445,09:52:13,33.62,265651,79,中性盘
446,09:52:16,33.63,699390,208,买盘
447,09:52:19,33.64,242123,72,买盘
448,09:52:22,33.62,282443,84,卖盘
449,09:52:25,33.62,255502,76,买盘
450,09:52:28,33.62,218527,65,买盘
451,09:52:31,33.61,413470,123,卖盘
452,09:52:34,33.62,1136080,338,买盘
453,09:52:37,33.61,366366,109,卖盘
454,09:52:40,33.61,406666,121,卖盘
455,09:52:43,33.61,373061,111,买盘
456,09:52:46,33.61,393235,117,卖盘
457,09:52:49,33.61,252437,75,买盘
458,09:52:52,33.6,490720,146,卖盘
459,09:52:55,33.6,1135698,338,卖盘
460,09:52:58,33.6,624979,186,卖盘
461,09:53:01,33.6,1088668,324,卖盘
462,09:53:04,33.6,436444,130,卖盘
463,09:53:07,33.6,114239,34,买盘
464,09:53:10,33.59,50391,15,卖盘
465,09:53:13,33.6,2826352,841,买盘
466,09:53:16,33.63,719403,214,买盘
467,09:53:19,33.62,289081,86,中性盘
468,09:53:22,33.61,363120,108,卖盘
469,09:53:25,33.62,221895,66,中性盘
470,09:53:28,33.63,245413,73,买盘
471,09:53:31,33.62,581601,173,买盘
472,09:53:34,33.63,164763,49,买盘
473,09:53:37,33.63,94157,28,买盘
474,09:53:40,33.63,174870,52,买盘
475,09:53:43,33.63,470897,140,卖盘
476,09:53:46,33.64,94186,28,买盘
477,09:53:49,33.65,592100,176,买盘
478,09:53:55,33.66,40392,12,买盘
479,09:53:58,33.7,2069662,615,买盘
480,09:54:01,33.67,87534,26,中性盘
481,09:54:04,33.67,303006,90,买盘
482,09:54:07,33.68,154859,46,买盘
483,09:54:10,33.65,397238,118,卖盘
484,09:54:13,33.63,1930406,574,卖盘
485,09:54:16,33.62,430458,128,卖盘
486,09:54:19,33.63,40356,12,买盘
487,09:54:22,33.62,390032,116,卖盘
488,09:54:25,33.62,470702,140,买盘
489,09:54:28,33.62,231953,69,买盘
490,09:54:31,33.62,243325,72,买盘
491,09:54:34,33.61,571387,170,卖盘
492,09:54:37,33.62,1637112,487,买盘
493,09:54:40,33.61,354978,106,卖盘
494,09:54:43,33.62,154641,46,买盘
495,09:54:46,33.62,73948,22,买盘
496,09:54:49,33.62,53792,16,买盘
497,09:54:52,33.59,2237277,666,卖盘
498,09:54:55,33.62,138159,41,买盘
499,09:54:58,33.61,218097,65,卖盘
500,09:55:01,33.62,94112,28,买盘
501,09:55:04,33.6,309171,92,卖盘
502,09:55:07,33.6,16801,5,卖盘
503,09:55:10,33.61,971510,289,卖盘
504,09:55:13,33.64,674159,200,买盘
505,09:55:16,33.66,1046629,311,买盘
506,09:55:19,33.62,854525,254,卖盘
507,09:55:22,33.69,424449,126,买盘
508,09:55:25,33.66,74080,22,卖盘
509,09:55:28,33.64,148065,44,卖盘
510,09:55:31,33.65,232177,69,买盘
511,09:55:34,33.65,797925,237,中性盘
512,09:55:37,33.66,77403,23,买盘
513,09:55:40,33.63,427355,127,卖盘
514,09:55:43,33.65,168289,50,中性盘
515,09:55:46,33.65,60577,18,卖盘
516,09:55:49,33.65,1020329,303,买盘
517,09:55:52,33.65,228766,68,买盘
518,09:55:55,33.64,100940,30,中性盘
519,09:55:58,33.65,114377,34,买盘
520,09:56:01,33.64,690001,205,卖盘
521,09:56:04,33.65,84084,25,中性盘
522,09:56:07,33.65,2385569,709,买盘
523,09:56:10,33.65,464340,138,买盘
524,09:56:13,33.64,117759,35,中性盘
525,09:56:16,33.62,460797,137,卖盘
526,09:56:19,33.62,585272,174,卖盘
527,09:56:22,33.62,164782,49,卖盘
528,09:56:25,33.62,60514,18,买盘
529,09:56:28,33.6,1246923,371,卖盘
530,09:56:31,33.56,4348957,1295,卖盘
531,09:56:34,33.56,567269,169,卖盘
532,09:56:37,33.55,147644,44,卖盘
533,09:56:40,33.56,409526,122,买盘
534,09:56:43,33.55,1436644,428,卖盘
535,09:56:46,33.56,843701,251,卖盘
536,09:56:49,33.6,480411,143,买盘
537,09:56:52,33.65,252149,75,买盘
538,09:56:55,33.58,873541,260,卖盘
539,09:56:58,33.69,319785,95,买盘
540,09:57:01,33.64,272562,81,卖盘
541,09:57:04,33.7,1024130,304,买盘
542,09:57:07,33.64,612604,182,卖盘
543,09:57:10,33.66,612539,182,中性盘
544,09:57:13,33.68,434358,129,买盘
545,09:57:16,33.66,134594,40,中性盘
546,09:57:19,33.64,141358,42,卖盘
547,09:57:22,33.66,363432,108,中性盘
548,09:57:25,33.61,195084,58,卖盘
549,09:57:28,33.66,77410,23,买盘
550,09:57:31,33.63,174770,52,中性盘
551,09:57:34,33.61,100820,30,买盘
552,09:57:37,33.66,729810,217,买盘
553,09:57:40,33.6,356089,106,卖盘
554,09:57:43,33.62,20172,6,买盘
555,09:57:46,33.61,198307,59,卖盘
556,09:57:49,33.62,709984,211,买盘
557,09:57:52,33.62,60512,18,卖盘
558,09:57:55,33.63,141209,42,中性盘
559,09:57:58,33.63,356298,106,买盘
560,09:58:01,33.63,3800607,1127,买盘
561,09:58:04,33.62,215196,64,卖盘
562,09:58:07,33.65,57175,17,买盘
563,09:58:10,33.63,33630,10,卖盘
564,09:58:13,33.65,437215,130,买盘
565,09:58:16,33.66,343653,102,买盘
566,09:58:19,33.66,232207,69,卖盘
567,09:58:22,33.66,313038,93,买盘
568,09:58:25,33.66,80768,24,买盘
569,09:58:28,33.65,215807,64,卖盘
570,09:58:31,33.65,114421,34,卖盘
571,09:58:34,33.65,235602,70,卖盘
572,09:58:37,33.65,121160,36,卖盘
573,09:58:40,33.66,67323,20,卖盘
574,09:58:43,33.67,454807,135,买盘
575,09:58:46,33.67,164948,49,卖盘
576,09:58:49,33.73,64064,19,买盘
577,09:58:52,33.68,70724,21,买盘
578,09:58:55,33.68,529199,157,中性盘
579,09:58:58,33.69,165052,49,中性盘
580,09:59:01,33.67,434525,129,卖盘
581,09:59:04,33.7,1084467,322,买盘
582,09:59:07,33.67,390114,116,中性盘
583,09:59:10,33.67,528953,157,买盘
584,09:59:13,33.62,621791,185,卖盘
585,09:59:16,33.62,349554,104,买盘
586,09:59:19,33.6,1162634,346,卖盘
587,09:59:22,33.6,194880,58,买盘
588,09:59:25,33.6,211602,63,买盘
589,09:59:28,33.6,423363,126,买盘
590,09:59:31,33.62,574733,171,买盘
591,09:59:34,33.63,50433,15,买盘
592,09:59:37,33.64,151319,45,买盘
593,09:59:40,33.62,332879,99,卖盘
594,09:59:43,33.63,289123,86,买盘
595,09:59:46,33.63,232074,69,卖盘
596,09:59:49,33.64,369887,110,买盘
597,09:59:52,33.64,154749,46,卖盘
598,09:59:55,33.67,282657,84,买盘
599,09:59:58,33.69,1535898,456,买盘
600,10:00:01,33.66,121170,36,中性盘
601,10:00:04,33.67,97622,29,买盘
602,10:00:07,33.63,440760,131,卖盘
603,10:00:10,33.66,582357,173,买盘
604,10:00:13,33.65,97549,29,买盘
605,10:00:16,33.64,141247,42,买盘
606,10:00:19,33.61,514539,153,卖盘
607,10:00:22,33.6,880548,262,卖盘
608,10:00:25,33.6,1045380,311,卖盘
609,10:00:28,33.61,127698,38,买盘
610,10:00:31,33.6,577983,172,卖盘
611,10:00:34,33.6,1478421,440,卖盘
612,10:00:37,33.6,389745,116,买盘
613,10:00:40,33.6,258718,77,卖盘
614,10:00:43,33.59,2220985,661,卖盘
615,10:00:46,33.59,90681,27,买盘
616,10:00:49,33.6,1031475,307,买盘
617,10:00:52,33.58,90681,27,卖盘
618,10:00:55,33.58,1779013,529,卖盘
619,10:00:58,33.59,302227,90,中性盘
620,10:01:01,33.6,124228,37,买盘
621,10:01:04,33.57,423068,126,卖盘
622,10:01:07,33.57,228322,68,买盘
623,10:01:10,33.66,3071085,914,买盘
624,10:01:13,33.6,440311,131,中性盘
625,10:01:16,33.59,288971,86,卖盘
626,10:01:19,33.59,447051,133,卖盘
627,10:01:22,33.61,356625,106,卖盘
628,10:01:25,33.62,191649,57,中性盘
629,10:01:28,33.64,114391,34,中性盘
630,10:01:31,33.63,53827,16,中性盘
631,10:01:34,33.62,262268,78,卖盘
632,10:01:37,33.62,50430,15,买盘
633,10:01:40,33.63,97502,29,买盘
634,10:01:43,33.63,480874,143,中性盘
635,10:01:46,33.65,245524,73,买盘
636,10:01:49,33.62,168151,50,卖盘
637,10:01:52,33.64,87443,26,买盘
638,10:01:55,33.62,235340,70,卖盘
639,10:01:58,33.63,154670,46,买盘
640,10:02:01,33.62,73960,22,买盘
641,10:02:04,33.61,100838,30,卖盘
642,10:02:07,33.6,356467,106,卖盘
643,10:02:10,33.56,2047911,610,卖盘
644,10:02:13,33.54,1331826,397,卖盘
645,10:02:16,33.55,1546187,461,买盘
646,10:02:19,33.51,97254,29,卖盘
647,10:02:22,33.51,871301,260,卖盘
648,10:02:25,33.51,1920205,573,卖盘
649,10:02:28,33.52,596554,178,买盘
650,10:02:31,33.51,854516,255,卖盘
651,10:02:34,33.51,469136,140,买盘
652,10:02:37,33.51,542786,162,买盘
653,10:02:40,33.51,1149141,343,买盘
654,10:02:43,33.51,938218,280,买盘
655,10:02:46,33.5,566240,169,卖盘
656,10:02:49,33.51,331682,99,买盘
657,10:02:52,33.5,351752,105,卖盘
658,10:02:55,33.5,144055,43,卖盘
659,10:02:58,33.5,492491,147,卖盘
660,10:03:01,33.5,810719,242,卖盘
661,10:03:04,33.5,438897,131,买盘
662,10:03:07,33.5,1531254,457,买盘
663,10:03:10,33.5,93839,28,卖盘
664,10:03:13,33.5,80403,24,卖盘
665,10:03:16,33.5,331675,99,卖盘
666,10:03:19,33.53,763846,228,买盘
667,10:03:22,33.52,867732,259,卖盘
668,10:03:25,33.52,630180,188,买盘
669,10:03:28,33.52,174304,52,卖盘
670,10:03:31,33.53,305048,91,买盘
671,10:03:34,33.53,191038,57,买盘
672,10:03:37,33.53,771177,230,买盘
673,10:03:40,33.52,167640,50,卖盘
674,10:03:43,33.52,120686,36,中性盘
675,10:03:46,33.53,70408,21,买盘
676,10:03:49,33.53,57001,17,卖盘
677,10:03:52,33.53,117327,35,卖盘
678,10:03:55,33.54,167697,50,买盘
679,10:03:58,33.54,160992,48,卖盘
680,10:04:01,33.54,120754,36,卖盘
681,10:04:04,33.55,482995,144,买盘
682,10:04:07,33.55,1278111,381,买盘
683,10:04:10,33.55,402803,120,卖盘
684,10:04:13,33.55,191236,57,卖盘
685,10:04:16,33.55,244928,73,卖盘
686,10:04:19,33.56,36926,11,中性盘
687,10:04:22,33.58,201414,60,买盘
688,10:04:25,33.55,567189,169,卖盘
689,10:04:28,33.58,73879,22,中性盘
690,10:04:31,33.58,43652,13,卖盘
691,10:04:34,33.58,161216,48,卖盘
692,10:04:37,33.59,137719,41,卖盘
693,10:04:40,33.6,812915,242,买盘
694,10:04:43,33.59,147804,44,卖盘
695,10:04:46,33.59,500523,149,卖盘
696,10:04:49,33.56,812806,242,卖盘
697,10:04:52,33.58,134306,40,买盘
698,10:04:55,33.56,154400,46,卖盘
699,10:04:58,33.56,167812,50,买盘
700,10:05:01,33.55,134200,40,卖盘
701,10:05:04,33.54,90575,27,卖盘
702,10:05:07,33.55,150962,45,买盘
703,10:05:10,33.54,308581,92,卖盘
704,10:05:13,33.55,40260,12,买盘
705,10:05:16,33.54,412553,123,卖盘
706,10:05:19,33.55,1069933,319,买盘
707,10:05:22,33.53,680476,203,卖盘
708,10:05:25,33.53,77104,23,买盘
709,10:05:28,33.5,1732469,517,卖盘
710,10:05:31,33.5,50250,15,卖盘
711,10:05:34,33.51,757150,226,买盘
712,10:05:37,33.5,616447,184,卖盘
713,10:05:40,33.52,469084,140,买盘
714,10:05:43,33.52,214528,64,卖盘
715,10:05:46,33.51,50266,15,卖盘
716,10:05:49,33.51,63676,19,卖盘
717,10:05:52,33.52,237937,71,买盘
718,10:05:55,33.51,214489,64,卖盘
719,10:05:58,33.51,2280768,680,卖盘
720,10:06:01,33.52,90486,27,卖盘
721,10:06:04,33.51,247992,74,中性盘
722,10:06:07,33.5,20101,6,卖盘
723,10:06:10,33.49,586245,175,卖盘
724,10:06:13,33.5,177550,53,买盘
725,10:06:16,33.49,418646,125,卖盘
726,10:06:19,33.5,318178,95,买盘
727,10:06:22,33.49,93772,28,卖盘
728,10:06:25,33.49,73673,22,买盘
729,10:06:28,33.48,753318,225,卖盘
730,10:06:31,33.48,465348,139,买盘
731,10:06:34,33.47,558951,167,卖盘
732,10:06:37,33.47,123821,37,买盘
733,10:06:40,33.47,163997,49,买盘
734,10:06:43,33.47,445098,133,买盘
735,10:06:46,33.45,4743248,1417,卖盘
736,10:06:49,33.47,733181,219,中性盘
737,10:06:52,33.47,140574,42,卖盘
738,10:06:55,33.47,247696,74,卖盘
739,10:06:58,33.47,331328,99,卖盘
740,10:07:01,33.47,240940,72,买盘
741,10:07:04,33.47,163972,49,买盘
742,10:07:07,33.47,629240,188,买盘
743,10:07:10,33.47,1047502,313,卖盘
744,10:07:13,33.5,1017479,304,买盘
745,10:07:16,33.52,1762053,526,买盘
746,10:07:19,33.5,167478,50,中性盘
747,10:07:22,33.51,13402,4,中性盘
748,10:07:25,33.51,150754,45,卖盘
749,10:07:28,33.5,194321,58,卖盘
750,10:07:31,33.51,93794,28,买盘
751,10:07:34,33.5,13402,4,中性盘
752,10:07:37,33.5,194234,58,卖盘
753,10:07:40,33.51,144065,43,买盘
754,10:07:43,33.51,378569,113,买盘
755,10:07:46,33.51,187655,56,卖盘
756,10:07:49,33.52,375392,112,买盘
757,10:07:52,33.53,227945,68,买盘
758,10:07:55,33.52,194431,58,卖盘
759,10:07:58,33.52,499454,149,卖盘
760,10:08:01,33.52,1002860,299,卖盘
761,10:08:04,33.52,103915,31,卖盘
762,10:08:07,33.53,137452,41,买盘
763,10:08:10,33.53,311771,93,买盘
764,10:08:13,33.53,90512,27,买盘
765,10:08:16,33.53,345485,103,买盘
766,10:08:19,33.54,124121,37,中性盘
767,10:08:22,33.54,187785,56,卖盘
768,10:08:25,33.54,33540,10,买盘
769,10:08:28,33.54,100620,30,买盘
770,10:08:31,33.56,318638,95,买盘
771,10:08:34,33.55,20130,6,中性盘
772,10:08:37,33.55,60389,18,买盘
773,10:08:40,33.55,83885,25,卖盘
774,10:08:43,33.56,184580,55,买盘
775,10:08:46,33.55,184545,55,卖盘
776,10:08:49,33.56,151017,45,买盘
777,10:08:52,33.56,67120,20,买盘
778,10:08:55,33.56,177868,53,买盘
779,10:08:58,33.56,510354,152,买盘
780,10:09:01,33.56,117460,35,卖盘
781,10:09:04,33.57,60414,18,买盘
782,10:09:07,33.57,70488,21,买盘
783,10:09:10,33.57,295411,88,买盘
784,10:09:13,33.57,117509,35,卖盘
785,10:09:16,33.57,130936,39,卖盘
786,10:09:19,33.58,282063,84,买盘
787,10:09:22,33.58,70518,21,卖盘
788,10:09:25,33.58,30222,9,卖盘
789,10:09:28,33.58,261919,78,卖盘
790,10:09:31,33.59,725365,216,买盘
791,10:09:34,33.59,30231,9,买盘
792,10:09:37,33.58,70525,21,卖盘
793,10:09:40,33.58,255260,76,卖盘
794,10:09:43,33.58,339254,101,卖盘
795,10:09:46,33.59,372831,111,卖盘
796,10:09:49,33.6,141103,42,买盘
797,10:09:52,33.6,73920,22,买盘
798,10:09:55,33.59,359455,107,卖盘
799,10:09:58,33.6,1019064,303,买盘
800,10:10:01,33.59,487168,145,卖盘
801,10:10:04,33.6,174708,52,买盘
802,10:10:07,33.57,815885,243,卖盘
803,10:10:10,33.58,328962,98,买盘
804,10:10:13,33.6,544200,162,买盘
805,10:10:16,33.58,114140,34,买盘
806,10:10:19,33.58,241704,72,卖盘
807,10:10:22,33.59,188097,56,买盘
808,10:10:25,33.58,664895,198,卖盘
809,10:10:28,33.58,16786,5,买盘
810,10:10:31,33.56,144308,43,卖盘
811,10:10:34,33.56,285346,85,买盘
812,10:10:37,33.55,225471,67,卖盘
813,10:10:40,33.57,30208,9,买盘
814,10:10:43,33.55,479126,143,卖盘
815,10:10:46,33.54,147601,44,卖盘
816,10:10:49,33.54,154302,46,卖盘
817,10:10:52,33.54,140859,42,买盘
818,10:10:55,33.54,36893,11,买盘
819,10:10:58,33.54,97265,29,卖盘
820,10:11:01,33.55,412584,123,买盘
821,10:11:04,33.56,1550756,462,买盘
822,10:11:07,33.55,104031,31,卖盘
823,10:11:10,33.55,241577,72,卖盘
824,10:11:13,33.55,80537,24,卖盘
825,10:11:16,33.56,10068,3,买盘
826,10:11:19,33.55,667864,199,卖盘
827,10:11:22,33.57,30211,9,中性盘
828,10:11:25,33.57,77220,23,卖盘
829,10:11:28,33.57,70497,21,卖盘
830,10:11:31,33.57,375982,112,买盘
831,10:11:34,33.56,30212,9,卖盘
832,10:11:37,33.57,120821,36,买盘
833,10:11:40,33.57,20139,6,买盘
834,10:11:43,33.57,140969,42,买盘
835,10:11:46,33.56,3356,1,卖盘
836,10:11:49,33.56,10068,3,卖盘
837,10:11:52,33.56,416234,124,卖盘
838,10:11:55,33.57,107404,32,买盘
839,10:11:58,33.56,530248,158,卖盘
840,10:12:01,33.56,77173,23,买盘
841,10:12:04,33.56,157718,47,买盘
842,10:12:07,33.54,1294430,386,卖盘
843,10:12:10,33.53,348829,104,卖盘
844,10:12:13,33.53,667246,199,卖盘
845,10:12:16,33.53,854790,255,卖盘
846,10:12:19,33.52,566340,169,中性盘
847,10:12:22,33.51,315015,94,卖盘
848,10:12:25,33.52,211123,63,买盘
849,10:12:28,33.5,636738,190,卖盘
850,10:12:31,33.5,1132364,338,卖盘
851,10:12:34,33.5,170850,51,卖盘
852,10:12:37,33.49,97149,29,卖盘
853,10:12:40,33.5,552643,165,买盘
854,10:12:43,33.49,160753,48,卖盘
855,10:12:46,33.49,60284,18,卖盘
856,10:12:49,33.49,338249,101,卖盘
857,10:12:52,33.49,107168,32,中性盘
858,10:12:55,33.48,649515,194,卖盘
859,10:12:58,33.49,261198,78,买盘
860,10:13:01,33.48,93756,28,卖盘
861,10:13:04,33.49,63619,19,买盘
862,10:13:07,33.48,334885,100,卖盘
863,10:13:10,33.49,227699,68,买盘
864,10:13:13,33.49,398437,119,买盘
865,10:13:16,33.49,123881,37,买盘
866,10:13:19,33.48,277900,83,卖盘
867,10:13:22,33.48,616069,184,卖盘
868,10:13:25,33.48,298040,89,中性盘
869,10:13:28,33.48,40172,12,买盘
870,10:13:31,33.47,485321,145,卖盘
871,10:13:34,33.47,220902,66,买盘
872,10:13:37,33.48,331406,99,买盘
873,10:13:40,33.46,33469,10,卖盘
874,10:13:43,33.46,73654,22,卖盘
875,10:13:46,33.47,10041,3,卖盘
876,10:13:49,33.48,70306,21,买盘
877,10:13:52,33.47,545564,163,卖盘
878,10:13:55,33.47,482076,144,卖盘
879,10:13:58,33.47,83691,25,卖盘
880,10:14:01,33.48,143929,43,买盘
881,10:14:04,33.48,264459,79,买盘
882,10:14:07,33.48,187484,56,买盘
883,10:14:10,33.47,174062,52,卖盘
884,10:14:13,33.47,90388,27,卖盘
885,10:14:16,33.48,180792,54,买盘
886,10:14:19,33.48,70305,21,买盘
887,10:14:22,33.48,277856,83,买盘
888,10:14:25,33.48,73650,22,卖盘
889,10:14:28,33.48,150659,45,买盘
890,10:14:31,33.49,23437,7,买盘
891,10:14:34,33.49,123891,37,买盘
892,10:14:37,33.49,66644,20,买盘
893,10:14:40,33.48,184170,55,卖盘
894,10:14:43,33.48,127238,38,卖盘
895,10:14:46,33.49,130596,39,买盘
896,10:14:49,33.49,66978,20,买盘
897,10:14:52,33.48,140618,42,卖盘
898,10:14:55,33.49,391732,117,买盘
899,10:14:58,33.47,1091534,326,卖盘
900,10:15:01,33.48,213933,64,买盘
901,10:15:04,33.47,371486,111,卖盘
902,10:15:07,33.48,251099,75,买盘
903,10:15:10,33.47,230987,69,卖盘
904,10:15:13,33.48,127227,38,买盘
905,10:15:16,33.48,284573,85,买盘
906,10:15:19,33.48,56916,17,卖盘
907,10:15:22,33.49,334849,100,买盘
908,10:15:25,33.49,120536,36,买盘
909,10:15:28,33.49,870790,260,买盘
910,10:15:31,33.49,137344,41,卖盘
911,10:15:34,33.52,1142412,341,买盘
912,10:15:37,33.5,1695122,506,卖盘
913,10:15:40,33.51,23461,7,卖盘
914,10:15:43,33.51,53640,16,卖盘
915,10:15:46,33.51,422226,126,买盘
916,10:15:49,33.51,10053,3,买盘
917,10:15:52,33.51,67026,20,卖盘
918,10:15:55,33.52,670181,200,买盘
919,10:15:58,33.53,207801,62,买盘
920,10:16:01,33.53,211239,63,买盘
921,10:16:04,33.53,284971,85,买盘
922,10:16:07,33.53,415748,124,卖盘
923,10:16:10,33.54,80479,24,买盘
924,10:16:13,33.54,93892,28,买盘
925,10:16:16,33.54,117362,35,买盘
926,10:16:19,33.54,90551,27,买盘
927,10:16:22,33.55,144247,43,买盘
928,10:16:25,33.55,469687,140,买盘
929,10:16:28,33.53,171035,51,卖盘
930,10:16:31,33.54,261597,78,卖盘
931,10:16:34,33.55,2408871,718,买盘
932,10:16:37,33.53,57007,17,卖盘
933,10:16:40,33.53,177745,53,卖盘
934,10:16:43,33.54,120732,36,买盘
935,10:16:46,33.54,36894,11,买盘
936,10:16:49,33.53,261561,78,卖盘
937,10:16:52,33.54,93912,28,买盘
938,10:16:55,33.54,321990,96,卖盘
939,10:16:58,33.54,10062,3,卖盘
940,10:17:01,33.55,174429,52,买盘
941,10:17:04,33.55,2774585,827,买盘
942,10:17:07,33.54,26833,8,卖盘
943,10:17:10,33.55,150975,45,买盘
944,10:17:13,33.53,1043080,311,卖盘
945,10:17:16,33.52,425807,127,卖盘
946,10:17:19,33.52,197842,59,卖盘
947,10:17:22,33.51,596504,178,卖盘
948,10:17:25,33.52,80414,24,买盘
949,10:17:28,33.52,127377,38,买盘
950,10:17:31,33.51,227979,68,卖盘
951,10:17:34,33.52,30161,9,中性盘
952,10:17:37,33.51,3351,1,卖盘
953,10:17:40,33.52,83799,25,买盘
954,10:17:43,33.53,2195590,655,买盘
955,10:17:46,33.51,113935,34,卖盘
956,10:17:49,33.52,234611,70,买盘
957,10:17:52,33.51,284959,85,卖盘
958,10:17:55,33.52,100528,30,中性盘
959,10:17:58,33.53,33520,10,买盘
960,10:18:01,33.52,36882,11,中性盘
961,10:18:04,33.52,43568,13,买盘
962,10:18:07,33.54,258161,77,买盘
963,10:18:10,33.52,113962,34,卖盘
964,10:18:13,33.52,77096,23,买盘
965,10:18:16,33.51,301591,90,卖盘
966,10:18:19,33.5,197679,59,卖盘
967,10:18:22,33.52,87151,26,买盘
968,10:18:25,33.52,284920,85,买盘
969,10:18:28,33.52,87171,26,卖盘
970,10:18:31,33.52,274904,82,卖盘
971,10:18:34,33.52,36872,11,卖盘
972,10:18:37,33.52,10056,3,卖盘
973,10:18:40,33.52,160926,48,卖盘
974,10:18:43,33.53,160944,48,买盘
975,10:18:46,33.53,124062,37,卖盘
976,10:18:49,33.52,392291,117,卖盘
977,10:18:52,33.52,3352,1,卖盘
978,10:18:55,33.52,227954,68,卖盘
979,10:18:58,33.52,945317,282,卖盘
980,10:19:01,33.51,36871,11,卖盘
981,10:19:04,33.52,623286,186,买盘
982,10:19:07,33.51,20106,6,中性盘
983,10:19:10,33.49,1115546,333,卖盘
984,10:19:13,33.48,1303129,389,卖盘
985,10:19:16,33.48,264496,79,卖盘
986,10:19:19,33.48,351559,105,卖盘
987,10:19:22,33.49,770625,230,买盘
988,10:19:25,33.48,80366,24,卖盘
989,10:19:28,33.5,46880,14,买盘
990,10:19:31,33.49,46886,14,卖盘
991,10:19:34,33.48,43528,13,卖盘
992,10:19:37,33.49,214352,64,卖盘
993,10:19:40,33.49,60290,18,卖盘
994,10:19:43,33.49,241148,72,买盘
995,10:19:46,33.48,354902,106,卖盘
996,10:19:49,33.49,83725,25,买盘
997,10:19:52,33.49,478784,143,买盘
998,10:19:55,33.49,411880,123,卖盘
999,10:19:58,33.5,93791,28,买盘
1000,10:20:01,33.49,90438,27,卖盘
1001,10:20:04,33.5,274673,82,买盘
1002,10:20:07,33.5,341659,102,买盘
1003,10:20:10,33.5,67000,20,买盘
1004,10:20:13,33.49,190931,57,卖盘
1005,10:20:16,33.49,50245,15,卖盘
1006,10:20:19,33.5,328242,98,买盘
1007,10:20:22,33.5,63656,19,卖盘
1008,10:20:25,33.5,335002,100,卖盘
1009,10:20:28,33.49,170852,51,卖盘
1010,10:20:31,33.5,6700,2,买盘
1011,10:20:34,33.49,432075,129,卖盘
1012,10:20:37,33.51,120601,36,买盘
1013,10:20:40,33.48,776776,232,卖盘
1014,10:20:43,33.48,358236,107,买盘
1015,10:20:46,33.49,83696,25,买盘
1016,10:20:49,33.49,73671,22,卖盘
1017,10:20:52,33.47,167360,50,卖盘
1018,10:20:55,33.48,70298,21,中性盘
1019,10:20:58,33.5,428740,128,买盘
1020,10:21:01,33.48,150650,45,卖盘
1021,10:21:04,33.5,23453,7,买盘
1022,10:21:07,33.48,107158,32,卖盘
1023,10:21:13,33.48,93745,28,卖盘
1024,10:21:16,33.49,365033,109,买盘
1025,10:21:19,33.49,50235,15,卖盘
1026,10:21:22,33.49,56933,17,卖盘
1027,10:21:25,33.48,36838,11,卖盘
1028,10:21:28,33.48,147347,44,卖盘
1029,10:21:31,33.5,411891,123,买盘
1030,10:21:34,33.49,13395,4,中性盘
1031,10:21:37,33.49,140658,42,买盘
1032,10:21:40,33.49,20094,6,卖盘
1033,10:21:43,33.49,93772,28,卖盘
1034,10:21:46,33.49,512387,153,卖盘
1035,10:21:49,33.49,532340,159,买盘
1036,10:21:52,33.48,90407,27,卖盘
1037,10:21:55,33.49,140658,42,买盘
1038,10:21:58,33.48,43530,13,卖盘
1039,10:22:01,33.48,40176,12,卖盘
1040,10:22:04,33.49,264571,79,买盘
1041,10:22:07,33.49,77027,23,卖盘
1042,10:22:10,33.49,120564,36,卖盘
1043,10:22:13,33.49,73678,22,卖盘
1044,10:22:16,33.49,371728,111,卖盘
1045,10:22:19,33.49,66975,20,买盘
1046,10:22:22,33.49,539052,161,买盘
1047,10:22:25,33.49,26786,8,买盘
1048,10:22:28,33.49,170760,51,买盘
1049,10:22:31,33.49,33490,10,买盘
1050,10:22:34,33.48,120547,36,卖盘
1051,10:22:37,33.49,90413,27,中性盘
1052,10:22:40,33.49,147364,44,卖盘
1053,10:22:43,33.49,46898,14,卖盘
1054,10:22:46,33.49,103819,31,卖盘
1055,10:22:49,33.49,10046,3,买盘
1056,10:22:52,33.49,56933,17,买盘
1057,10:22:55,33.48,184164,55,卖盘
1058,10:22:58,33.49,140643,42,买盘
1059,10:23:01,33.49,97111,29,买盘
1060,10:23:04,33.49,13395,4,买盘
1061,10:23:07,33.48,97108,29,卖盘
1062,10:23:10,33.5,140669,42,买盘
1063,10:23:13,33.48,83717,25,卖盘
1064,10:23:16,33.48,180798,54,卖盘
1065,10:23:19,33.49,60277,18,买盘
1066,10:23:22,33.48,103806,31,卖盘
1067,10:23:25,33.48,56916,17,卖盘
1068,10:23:28,33.49,103796,31,买盘
1069,10:23:31,33.48,107142,32,卖盘
1070,10:23:34,33.49,281296,84,买盘
1071,10:23:37,33.49,190858,57,买盘
1072,10:23:40,33.49,147360,44,卖盘
1073,10:23:43,33.49,70331,21,卖盘
1074,10:23:46,33.49,60280,18,卖盘
1075,10:23:49,33.49,33490,10,买盘
1076,10:23:52,33.49,378347,113,买盘
1077,10:23:56,33.47,2841273,849,卖盘
1078,10:23:58,33.46,378181,113,卖盘
1079,10:24:01,33.46,76998,23,卖盘
1080,10:24:04,33.45,80635,24,卖盘
1081,10:24:07,33.46,127118,38,买盘
1082,10:24:10,33.43,3388385,1013,卖盘
1083,10:24:13,33.44,73555,22,买盘
1084,10:24:16,33.43,76898,23,卖盘
1085,10:24:19,33.43,160464,48,买盘
1086,10:24:22,33.43,73540,22,买盘
1087,10:24:25,33.43,805652,241,买盘
1088,10:24:31,33.43,915992,274,卖盘
1089,10:24:34,33.44,217328,65,买盘
1090,10:24:37,33.43,404516,121,卖盘
1091,10:24:40,33.44,464698,139,买盘
1092,10:24:43,33.43,247439,74,卖盘
1093,10:24:46,33.44,133723,40,买盘
1094,10:24:49,33.44,103660,31,买盘
1095,10:24:52,33.44,708883,212,卖盘
1096,10:24:55,33.44,86944,26,卖盘
1097,10:24:58,33.44,180567,54,买盘
1098,10:25:01,33.44,234128,70,卖盘
1099,10:25:04,33.45,250806,75,买盘
1100,10:25:07,33.45,120402,36,买盘
1101,10:25:10,33.45,277619,83,买盘
1102,10:25:13,33.45,257563,77,买盘
1103,10:25:16,33.45,80281,24,卖盘
1104,10:25:19,33.44,528410,158,卖盘
1105,10:25:22,33.45,792943,237,买盘
1106,10:25:25,33.45,190409,57,卖盘
1107,10:25:28,33.45,170663,51,卖盘
1108,10:25:31,33.46,287677,86,中性盘
1109,10:25:34,33.46,80299,24,卖盘
1110,10:25:37,33.46,137194,41,卖盘
1111,10:25:40,33.46,3346,1,买盘
1112,10:25:43,33.46,160580,48,买盘
1113,10:25:46,33.45,424875,127,卖盘
1114,10:25:49,33.46,177328,53,买盘
1115,10:25:52,33.46,1247745,373,买盘
1116,10:25:55,33.47,545400,163,中性盘
1117,10:25:58,33.47,43502,13,卖盘
1118,10:26:01,33.48,13392,4,买盘
1119,10:26:04,33.47,194126,58,卖盘
1120,10:26:07,33.46,230874,69,卖盘
1121,10:26:10,33.46,40159,12,卖盘
1122,10:26:13,33.47,36815,11,买盘
1123,10:26:16,33.46,33460,10,卖盘
1124,10:26:19,33.45,150588,45,卖盘
1125,10:26:22,33.46,20075,6,买盘
1126,10:26:25,33.45,207396,62,卖盘
1127,10:26:28,33.46,10036,3,买盘
1128,10:26:31,33.46,207436,62,买盘
1129,10:26:34,33.46,160605,48,买盘
1130,10:26:37,33.46,60228,18,卖盘
1131,10:26:40,33.46,247604,74,卖盘
1132,10:26:43,33.46,3346,1,买盘
1133,10:26:46,33.46,220813,66,买盘
1134,10:26:49,33.46,157224,47,买盘
1135,10:26:52,33.47,210808,63,买盘
1136,10:26:55,33.46,227528,68,卖盘
1137,10:26:58,33.46,180699,54,卖盘
1138,10:27:01,33.47,46854,14,买盘
1139,10:27:04,33.46,351343,105,卖盘
1140,10:27:07,33.46,150593,45,卖盘
1141,10:27:10,33.47,240979,72,买盘
1142,10:27:13,33.47,337973,101,买盘
1143,10:27:16,33.46,133854,40,卖盘
1144,10:27:19,33.48,53553,16,买盘
1145,10:27:22,33.48,184060,55,买盘
1146,10:27:25,33.48,33477,10,买盘
1147,10:27:28,33.48,20087,6,买盘
1148,10:27:31,33.48,287877,86,买盘
1149,10:27:34,33.48,117179,35,买盘
1150,10:27:37,33.48,241046,72,买盘
1151,10:27:40,33.48,76996,23,中性盘
1152,10:27:43,33.47,317980,95,卖盘
1153,10:27:46,33.48,63602,19,买盘
1154,10:27:52,33.47,117150,35,卖盘
1155,10:27:55,33.44,2495893,746,卖盘
1156,10:27:58,33.43,1197015,358,卖盘
1157,10:28:01,33.43,1263841,378,卖盘
1158,10:28:04,33.44,257488,77,买盘
1159,10:28:07,33.44,431279,129,卖盘
1160,10:28:10,33.44,133783,40,卖盘
1161,10:28:13,33.45,170554,51,买盘
1162,10:28:16,33.45,127099,38,买盘
1163,10:28:19,33.45,10035,3,买盘
1164,10:28:22,33.44,143822,43,卖盘
1165,10:28:25,33.44,16723,5,卖盘
1166,10:28:28,33.45,23414,7,买盘
1167,10:28:31,33.45,80274,24,买盘
1168,10:28:34,33.45,3345,1,买盘
1169,10:28:37,33.45,324410,97,买盘
1170,10:28:40,33.45,622086,186,买盘
1171,10:28:43,33.45,73579,22,买盘
1172,10:28:46,33.45,80280,24,买盘
1173,10:28:49,33.46,170578,51,买盘
1174,10:28:52,33.46,137184,41,买盘
1175,10:28:55,33.44,70257,21,卖盘
1176,10:28:58,33.45,16725,5,中性盘
1177,10:29:01,33.44,210705,63,卖盘
1178,10:29:04,33.44,173885,52,卖盘
1179,10:29:07,33.44,33438,10,买盘
1180,10:29:10,33.43,63525,19,卖盘
1181,10:29:13,33.44,53504,16,买盘
1182,10:29:16,33.44,170527,51,买盘
1183,10:29:19,33.44,46826,14,卖盘
1184,10:29:22,33.44,46819,14,卖盘
1185,10:29:25,33.44,260832,78,卖盘
1186,10:29:28,33.44,197331,59,买盘
1187,10:29:31,33.44,187236,56,买盘
1188,10:29:34,33.45,97011,29,中性盘
1189,10:29:37,33.45,46818,14,买盘
1190,10:29:40,33.45,56855,17,买盘
1191,10:29:43,33.45,66895,20,买盘
1192,10:29:46,33.45,63555,19,卖盘
1193,10:29:49,33.45,10036,3,卖盘
1194,10:29:52,33.46,70246,21,买盘
1195,10:29:55,33.45,6690,2,卖盘
1196,10:29:58,33.46,187321,56,买盘
1197,10:30:01,33.46,10038,3,买盘
1198,10:30:04,33.46,97034,29,买盘
1199,10:30:07,33.46,46842,14,买盘
1200,10:30:10,33.45,548665,164,卖盘
1201,10:30:13,33.46,120460,36,卖盘
1202,10:30:16,33.45,113742,34,卖盘
1203,10:30:19,33.45,76935,23,买盘
1204,10:30:22,33.46,83626,25,买盘
1205,10:30:25,33.45,133828,40,卖盘
1206,10:30:28,33.46,73606,22,买盘
1207,10:30:31,33.45,143835,43,卖盘
1208,10:30:34,33.46,66894,20,买盘
1209,10:30:37,33.45,183975,55,卖盘
1210,10:30:40,33.44,1186977,355,卖盘
1211,10:30:43,33.43,1043031,312,卖盘
1212,10:30:46,33.43,354434,106,卖盘
1213,10:30:49,33.45,73555,22,买盘
1214,10:30:55,33.43,6686,2,卖盘
1215,10:30:58,33.43,83579,25,卖盘
1216,10:31:01,33.45,20070,6,买盘
1217,10:31:04,33.45,264198,79,买盘
1218,10:31:07,33.43,6687,2,卖盘
1219,10:31:10,33.44,46815,14,买盘
1220,10:31:13,33.44,103664,31,买盘
1221,10:31:16,33.45,83605,25,买盘
1222,10:31:19,33.44,56848,17,卖盘
1223,10:31:22,33.45,66898,20,买盘
1224,10:31:25,33.45,311061,93,买盘
1225,10:31:28,33.45,464956,139,卖盘
1226,10:31:31,33.44,20068,6,卖盘
1227,10:31:34,33.44,147162,44,卖盘
1228,10:31:37,33.44,36785,11,卖盘
1229,10:31:40,33.43,357808,107,卖盘
1230,10:31:43,33.44,240785,72,买盘
1231,10:31:46,33.43,56840,17,卖盘
1232,10:31:49,33.43,1420777,425,卖盘
1233,10:31:52,33.42,578485,173,卖盘
1234,10:31:55,33.43,106952,32,中性盘
1235,10:31:58,33.43,96920,29,买盘
1236,10:32:01,33.42,137025,41,卖盘
1237,10:32:04,33.42,965844,289,卖盘
1238,10:32:07,33.41,975548,292,卖盘
1239,10:32:10,33.4,173723,52,卖盘
1240,10:32:13,33.4,1462935,438,卖盘
1241,10:32:16,33.41,521057,156,买盘
1242,10:32:19,33.4,430900,129,卖盘
1243,10:32:22,33.4,263866,79,卖盘
1244,10:32:25,33.4,237151,71,卖盘
1245,10:32:28,33.41,267222,80,买盘
1246,10:32:31,33.4,123607,37,中性盘
1247,10:32:34,33.4,250508,75,买盘
1248,10:32:37,33.4,177020,53,卖盘
1249,10:32:40,33.39,430744,129,卖盘
1250,10:32:43,33.39,166950,50,卖盘
1251,10:32:46,33.38,60097,18,卖盘
1252,10:32:49,33.38,814472,244,卖盘
1253,10:32:52,33.38,6676,2,买盘
1254,10:32:55,33.37,140161,42,卖盘
1255,10:32:58,33.37,183555,55,卖盘
1256,10:33:01,33.37,707288,212,买盘
1257,10:33:04,33.35,923859,277,卖盘
1258,10:33:07,33.36,406880,122,买盘
1259,10:33:10,33.35,143399,43,卖盘
1260,10:33:13,33.34,96698,29,卖盘
1261,10:33:16,33.36,456945,137,买盘
1262,10:33:19,33.36,693951,208,买盘
1263,10:33:22,33.36,206848,62,卖盘
1264,10:33:25,33.36,190160,57,中性盘
1265,10:33:28,33.37,453718,136,买盘
1266,10:33:31,33.36,330279,99,卖盘
1267,10:33:34,33.37,260204,78,买盘
1268,10:33:37,33.36,40032,12,卖盘
1269,10:33:40,33.36,176806,53,买盘
1270,10:33:43,33.35,483583,145,卖盘
1271,10:33:46,33.35,253509,76,买盘
1272,10:33:49,33.34,496826,149,卖盘
1273,10:33:52,33.36,456863,137,买盘
1274,10:33:55,33.35,100035,30,买盘
1275,10:33:58,33.34,236714,71,卖盘
1276,10:34:01,33.34,183369,55,买盘
1277,10:34:04,33.33,350008,105,卖盘
1278,10:34:07,33.33,279974,84,卖盘
1279,10:34:10,33.34,573429,172,买盘
1280,10:34:13,33.33,1330039,399,卖盘
1281,10:34:16,33.32,56647,17,卖盘
1282,10:34:19,33.33,316554,95,买盘
1283,10:34:22,33.32,1453158,436,卖盘
1284,10:34:25,33.31,229912,69,卖盘
1285,10:34:28,33.31,276530,83,卖盘
1286,10:34:31,33.31,1275861,383,卖盘
1287,10:34:34,33.32,276476,83,买盘
1288,10:34:37,33.32,652909,196,买盘
1289,10:34:40,33.32,176572,53,卖盘
1290,10:34:43,33.32,79969,24,卖盘
1291,10:34:46,33.31,243200,73,卖盘
1292,10:34:49,33.33,83302,25,买盘
1293,10:34:52,33.32,103303,31,卖盘
1294,10:34:55,33.32,96616,29,卖盘
1295,10:34:58,33.32,73320,22,卖盘
1296,10:35:01,33.32,1049857,315,卖盘
1297,10:35:04,33.33,433179,130,买盘
1298,10:35:07,33.33,313292,94,买盘
1299,10:35:10,33.33,446572,134,买盘
1300,10:35:13,33.33,735991,221,买盘
1301,10:35:16,33.34,170034,51,卖盘
1302,10:35:19,33.36,840525,252,买盘
1303,10:35:22,33.36,116765,35,卖盘
1304,10:35:25,33.36,113434,34,卖盘
1305,10:35:28,33.38,1070795,321,买盘
1306,10:35:31,33.37,16685,5,卖盘
1307,10:35:34,33.4,537726,161,买盘
1308,10:35:37,33.41,260523,78,买盘
1309,10:35:40,33.4,240487,72,中性盘
1310,10:35:43,33.4,26720,8,买盘
1311,10:35:46,33.4,90181,27,买盘
1312,10:35:49,33.41,6682,2,买盘
1313,10:35:52,33.4,304106,91,卖盘
1314,10:35:55,33.41,233913,70,买盘
1315,10:35:58,33.41,43432,13,中性盘
1316,10:36:01,33.42,223823,67,买盘
1317,10:36:04,33.41,147021,44,卖盘
1318,10:36:07,33.4,20045,6,卖盘
1319,10:36:10,33.41,397479,119,买盘
1320,10:36:13,33.41,106901,32,买盘
1321,10:36:16,33.41,93559,28,卖盘
1322,10:36:19,33.42,290669,87,买盘
1323,10:36:22,33.41,36751,11,卖盘
1324,10:36:25,33.41,76843,23,买盘
1325,10:36:28,33.41,80184,24,买盘
1326,10:36:31,33.4,494330,148,卖盘
1327,10:36:34,33.41,317346,95,买盘
1328,10:36:37,33.4,120241,36,卖盘
1329,10:36:40,33.41,197082,59,买盘
1330,10:36:43,33.41,407510,122,买盘
1331,10:36:46,33.4,93542,28,卖盘
1332,10:36:49,33.4,63474,19,卖盘
1333,10:36:52,33.4,317319,95,卖盘
1334,10:36:55,33.4,514283,154,买盘
1335,10:36:58,33.4,140276,42,买盘
1336,10:37:01,33.39,350636,105,卖盘
1337,10:37:04,33.39,66797,20,中性盘
1338,10:37:07,33.39,40068,12,卖盘
1339,10:37:10,33.4,16700,5,买盘
1340,10:37:13,33.39,36729,11,卖盘
1341,10:37:16,33.4,347355,104,买盘
1342,10:37:19,33.39,701348,210,卖盘
1343,10:37:22,33.4,63464,19,卖盘
1344,10:37:25,33.4,96860,29,卖盘
1345,10:37:28,33.4,110246,33,卖盘
1346,10:37:31,33.4,53440,16,卖盘
1347,10:37:34,33.4,674682,202,卖盘
1348,10:37:37,33.41,63465,19,买盘
1349,10:37:40,33.4,106880,32,卖盘
1350,10:37:43,33.4,123562,37,买盘
1351,10:37:46,33.4,156945,47,买盘
1352,10:37:49,33.4,76820,23,买盘
1353,10:37:52,33.39,30052,9,卖盘
1354,10:37:55,33.4,470807,141,买盘
1355,10:37:58,33.38,30045,9,卖盘
1356,10:38:01,33.38,400560,120,卖盘
1357,10:38:04,33.38,13352,4,买盘
1358,10:38:07,33.37,163552,49,卖盘
1359,10:38:10,33.38,93459,28,买盘
1360,10:38:13,33.37,497213,149,卖盘
1361,10:38:16,33.37,60066,18,买盘
1362,10:38:19,33.38,617461,185,买盘
1363,10:38:22,33.4,290429,87,买盘
1364,10:38:25,33.41,2188263,655,买盘
1365,10:38:28,33.42,283995,85,买盘
1366,10:38:31,33.42,320819,96,买盘
1367,10:38:34,33.42,116946,35,买盘
1368,10:38:37,33.41,96889,29,卖盘
1369,10:38:40,33.41,26728,8,买盘
1370,10:38:43,33.41,50115,15,买盘
1371,10:38:46,33.43,634944,190,买盘
1372,10:38:49,33.45,565129,169,买盘
1373,10:38:52,33.46,170585,51,买盘
1374,10:38:55,33.47,100381,30,买盘
1375,10:38:58,33.48,100394,30,买盘
1376,10:39:01,33.48,254388,76,买盘
1377,10:39:04,33.48,40175,12,买盘
1378,10:39:07,33.48,224333,67,卖盘
1379,10:39:10,33.49,180836,54,买盘
1380,10:39:13,33.49,207610,62,买盘
1381,10:39:16,33.48,210961,63,卖盘
1382,10:39:19,33.49,488821,146,买盘
1383,10:39:22,33.49,117202,35,买盘
1384,10:39:25,33.48,164033,49,中性盘
1385,10:39:28,33.49,261210,78,买盘
1386,10:39:31,33.48,130534,39,买盘
1387,10:39:34,33.48,93742,28,买盘
1388,10:39:37,33.48,200902,60,卖盘
1389,10:39:40,33.48,770312,230,卖盘
1390,10:39:43,33.49,63629,19,买盘
1391,10:39:46,33.49,164145,49,卖盘
1392,10:39:49,33.5,211046,63,买盘
1393,10:39:52,33.49,190896,57,卖盘
1394,10:39:55,33.5,599639,179,买盘
1395,10:39:58,33.5,375201,112,卖盘
1396,10:40:01,33.51,194353,58,买盘
1397,10:40:04,33.51,20106,6,买盘
1398,10:40:07,33.51,80424,24,卖盘
1399,10:40:10,33.51,562968,168,卖盘
1400,10:40:13,33.51,459098,137,中性盘
1401,10:40:16,33.5,1232778,368,卖盘
1402,10:40:19,33.5,482178,144,买盘
1403,10:40:22,33.51,284618,85,买盘
1404,10:40:25,33.5,257952,77,卖盘
1405,10:40:28,33.5,184207,55,买盘
1406,10:40:31,33.49,167497,50,中性盘
1407,10:40:34,33.5,70349,21,买盘
1408,10:40:37,33.48,80391,24,卖盘
1409,10:40:40,33.48,100459,30,卖盘
1410,10:40:43,33.5,297976,89,买盘
1411,10:40:46,33.49,133949,40,中性盘
1412,10:40:49,33.49,30137,9,买盘
1413,10:40:52,33.47,117168,35,卖盘
1414,10:40:55,33.49,147298,44,买盘
1415,10:40:58,33.45,190734,57,卖盘
1416,10:41:01,33.48,224108,67,买盘
1417,10:41:04,33.47,3347,1,中性盘
1418,10:41:07,33.46,16727,5,中性盘
1419,10:41:10,33.47,63593,19,买盘
1420,10:41:16,33.47,240975,72,买盘
1421,10:41:19,33.47,43519,13,卖盘
1422,10:41:22,33.48,247705,74,买盘
1423,10:41:25,33.47,26776,8,卖盘
1424,10:41:31,33.48,431792,129,卖盘
1425,10:41:34,33.47,321312,96,卖盘
1426,10:41:37,33.47,160656,48,买盘
1427,10:41:40,33.47,83653,25,买盘
1428,10:41:43,33.47,137219,41,卖盘
1429,10:41:46,33.47,46858,14,买盘
1430,10:41:49,33.47,123864,37,卖盘
1431,10:41:52,33.48,46872,14,买盘
1432,10:41:55,33.47,143921,43,卖盘
1433,10:41:58,33.48,307929,92,买盘
1434,10:42:01,33.48,26784,8,买盘
1435,10:42:04,33.48,214260,64,买盘
1436,10:42:07,33.48,113830,34,买盘
1437,10:42:10,33.47,33472,10,卖盘
1438,10:42:13,33.47,16735,5,卖盘
1439,10:42:16,33.47,20082,6,卖盘
1440,10:42:19,33.47,207568,62,中性盘
1441,10:42:22,33.47,23425,7,买盘
1442,10:42:25,33.47,244331,73,卖盘
1443,10:42:28,33.47,40166,12,卖盘
1444,10:42:31,33.45,294456,88,卖盘
1445,10:42:34,33.47,50205,15,买盘
1446,10:42:37,33.47,36824,11,卖盘
1447,10:42:40,33.47,43511,13,卖盘
1448,10:42:43,33.47,6695,2,卖盘
1449,10:42:46,33.48,33478,10,买盘
1450,10:42:49,33.47,722710,216,卖盘
1451,10:42:52,33.44,66888,20,卖盘
1452,10:42:55,33.47,56892,17,买盘
1453,10:42:58,33.46,13385,4,中性盘
1454,10:43:01,33.46,26768,8,买盘
1455,10:43:04,33.46,40147,12,买盘
1456,10:43:07,33.46,267603,80,买盘
1457,10:43:10,33.46,36805,11,买盘
1458,10:43:13,33.46,53540,16,卖盘
1459,10:43:16,33.46,86996,26,卖盘
1460,10:43:19,33.46,10038,3,买盘
1461,10:43:22,33.47,271069,81,买盘
1462,10:43:25,33.49,371591,111,买盘
1463,10:43:28,33.46,264406,79,卖盘
1464,10:43:31,33.49,127262,38,买盘
1465,10:43:34,33.51,984878,294,买盘
1466,10:43:37,33.52,227795,68,买盘
1467,10:43:40,33.52,113943,34,买盘
1468,10:43:43,33.52,56984,17,买盘
1469,10:43:46,33.53,46940,14,买盘
1470,10:43:49,33.52,971933,290,卖盘
1471,10:43:52,33.54,291689,87,买盘
1472,10:43:55,33.54,134135,40,买盘
1473,10:43:58,33.55,248255,74,买盘
1474,10:44:01,33.55,1096946,327,买盘
1475,10:44:04,33.56,577059,172,买盘
1476,10:44:07,33.55,46974,14,中性盘
1477,10:44:10,33.56,466462,139,买盘
1478,10:44:13,33.56,241643,72,买盘
1479,10:44:16,33.57,261773,78,买盘
1480,10:44:19,33.56,187982,56,中性盘
1481,10:44:22,33.55,251651,75,卖盘
1482,10:44:25,33.56,228208,68,买盘
1483,10:44:28,33.55,902666,269,卖盘
1484,10:44:31,33.55,453180,135,卖盘
1485,10:44:34,33.57,107393,32,买盘
1486,10:44:37,33.57,53701,16,买盘
1487,10:44:40,33.56,100697,30,卖盘
1488,10:44:43,33.57,151026,45,买盘
1489,10:44:46,33.57,614302,183,买盘
1490,10:44:49,33.57,181223,54,买盘
1491,10:44:52,33.55,1281655,382,卖盘
1492,10:44:55,33.54,114087,34,卖盘
1493,10:44:58,33.55,305255,91,中性盘
1494,10:45:01,33.55,114073,34,卖盘
1495,10:45:04,33.55,208011,62,卖盘
1496,10:45:07,33.52,281714,84,卖盘
1497,10:45:10,33.54,140926,42,中性盘
1498,10:45:13,33.54,157678,47,卖盘
1499,10:45:16,33.55,214695,64,买盘
1500,10:45:19,33.53,36903,11,中性盘
1501,10:45:22,33.54,36901,11,买盘
1502,10:45:25,33.54,30194,9,卖盘
1503,10:45:28,33.54,23481,7,卖盘
1504,10:45:34,33.54,110701,33,卖盘
1505,10:45:37,33.55,137527,41,买盘
1506,10:45:40,33.55,197943,59,买盘
1507,10:45:43,33.55,832147,248,买盘
1508,10:45:46,33.55,405957,121,卖盘
1509,10:45:49,33.55,194553,58,卖盘
1510,10:45:52,33.56,234913,70,买盘
1511,10:45:55,33.56,33560,10,卖盘
1512,10:45:58,33.56,117465,35,卖盘
1513,10:46:01,33.57,147700,44,买盘
1514,10:46:04,33.57,456544,136,买盘
1515,10:46:07,33.58,527202,157,买盘
1516,10:46:10,33.59,1111545,331,买盘
1517,10:46:13,33.58,10076,3,卖盘
1518,10:46:16,33.6,487069,145,买盘
1519,10:46:19,33.6,80640,24,买盘
1520,10:46:22,33.6,228480,68,买盘
1521,10:46:25,33.61,843361,251,买盘
1522,10:46:28,33.6,16801,5,卖盘
1523,10:46:31,33.6,577924,172,卖盘
1524,10:46:34,33.61,349472,104,买盘
1525,10:46:37,33.6,1340661,399,卖盘
1526,10:46:40,33.6,668668,199,买盘
1527,10:46:43,33.61,2795507,831,买盘
1528,10:46:46,33.65,410252,122,买盘
1529,10:46:49,33.65,592317,176,买盘
1530,10:46:52,33.65,228790,68,买盘
1531,10:46:55,33.68,953125,283,买盘
1532,10:46:58,33.73,3537987,1050,买盘
1533,10:47:01,33.73,3107804,921,卖盘
1534,10:47:04,33.85,6955378,2058,买盘
1535,10:47:07,33.88,2473844,731,买盘
1536,10:47:10,33.91,6337726,1870,买盘
1537,10:47:13,33.94,2674112,788,买盘
1538,10:47:16,33.92,1153856,340,卖盘
1539,10:47:19,33.88,1247584,368,卖盘
1540,10:47:22,33.84,500802,148,卖盘
1541,10:47:25,33.81,926394,274,卖盘
1542,10:47:28,33.81,229881,68,买盘
1543,10:47:31,33.8,385556,114,卖盘
1544,10:47:34,33.79,466489,138,卖盘
1545,10:47:37,33.79,212908,63,买盘
1546,10:47:40,33.78,882108,261,卖盘
1547,10:47:43,33.76,94570,28,卖盘
1548,10:47:46,33.73,1554109,460,卖盘
1549,10:47:49,33.76,94531,28,中性盘
1550,10:47:52,33.74,1274269,378,卖盘
1551,10:47:55,33.74,222767,66,卖盘
1552,10:47:58,33.74,313696,93,卖盘
1553,10:48:01,33.75,404970,120,买盘
1554,10:48:04,33.75,827006,245,卖盘
1555,10:48:07,33.74,361064,107,卖盘
1556,10:48:10,33.73,411672,122,卖盘
1557,10:48:13,33.71,111243,33,卖盘
1558,10:48:16,33.7,310104,92,卖盘
1559,10:48:19,33.7,53920,16,卖盘
1560,10:48:22,33.69,121285,36,卖盘
1561,10:48:25,33.69,717732,213,卖盘
1562,10:48:28,33.71,1031484,306,买盘
1563,10:48:31,33.7,653871,194,卖盘
1564,10:48:34,33.71,40452,12,买盘
1565,10:48:37,33.71,131445,39,买盘
1566,10:48:40,33.71,242677,72,卖盘
1567,10:48:43,33.7,104492,31,卖盘
1568,10:48:46,33.7,323593,96,卖盘
1569,10:48:49,33.7,104491,31,卖盘
1570,10:48:52,33.7,198857,59,卖盘
1571,10:48:55,33.71,252795,75,买盘
1572,10:48:58,33.71,2701502,801,卖盘
1573,10:49:01,33.71,198879,59,买盘
1574,10:49:04,33.72,492467,146,中性盘
1575,10:49:07,33.7,171941,51,卖盘
1576,10:49:10,33.74,239421,71,买盘
1577,10:49:13,33.72,256272,76,卖盘
1578,10:49:16,33.74,448675,133,买盘
1579,10:49:19,33.75,2848459,844,买盘
1580,10:49:22,33.74,560166,166,卖盘
1581,10:49:25,33.75,1882140,558,买盘
1582,10:49:28,33.74,1835986,544,卖盘
1583,10:49:31,33.71,519671,154,卖盘
1584,10:49:34,33.75,573756,170,买盘
1585,10:49:37,33.77,2411638,714,买盘
1586,10:49:40,33.79,199339,59,买盘
1587,10:49:43,33.8,371659,110,买盘
1588,10:49:46,33.78,300724,89,买盘
1589,10:49:49,33.8,141880,42,买盘
1590,10:49:52,33.8,222982,66,买盘
1591,10:49:55,33.79,1703481,504,中性盘
1592,10:49:58,33.8,479984,142,买盘
1593,10:50:01,33.83,787772,233,买盘
1594,10:50:04,33.87,1242174,367,买盘
1595,10:50:07,33.88,887096,262,买盘
1596,10:50:10,33.85,1246299,368,中性盘
1597,10:50:13,33.9,1107418,327,买盘
1598,10:50:16,33.9,549099,162,买盘
1599,10:50:19,33.93,1461290,431,买盘
1600,10:50:22,33.9,763133,225,卖盘
1601,10:50:25,33.95,1815738,535,买盘
1602,10:50:28,33.94,4308267,1269,卖盘
1603,10:50:31,33.93,4547698,1339,卖盘
1604,10:50:34,33.95,618053,182,中性盘
1605,10:50:37,33.96,1763273,519,买盘
1606,10:50:40,33.96,597629,176,卖盘
1607,10:50:43,33.96,2520599,742,买盘
1608,10:50:46,33.96,971235,286,卖盘
1609,10:50:49,33.96,2466579,726,中性盘
1610,10:50:52,33.96,1613392,475,买盘
1611,10:50:55,33.93,682372,201,卖盘
1612,10:50:58,33.9,956517,282,卖盘
1613,10:51:01,33.82,1376255,406,卖盘
1614,10:51:04,33.82,758732,224,卖盘
1615,10:51:07,33.92,837086,247,买盘
1616,10:51:10,33.88,111813,33,卖盘
1617,10:51:13,33.88,115215,34,卖盘
1618,10:51:16,33.88,1237182,365,卖盘
1619,10:51:19,33.88,437153,129,卖盘
1620,10:51:22,33.88,111795,33,买盘
1621,10:51:25,33.88,189710,56,买盘
1622,10:51:28,33.85,267470,79,卖盘
1623,10:51:31,33.86,176020,52,中性盘
1624,10:51:34,33.84,84618,25,卖盘
1625,10:51:37,33.85,203063,60,买盘
1626,10:51:40,33.84,409445,121,中性盘
1627,10:51:43,33.82,605836,179,卖盘
1628,10:51:46,33.82,125140,37,卖盘
1629,10:51:49,33.83,517488,153,买盘
1630,10:51:52,33.82,260487,77,卖盘
1631,10:51:55,33.81,125110,37,卖盘
1632,10:51:58,33.81,328004,97,卖盘
1633,10:52:01,33.83,2827577,836,买盘
1634,10:52:04,33.84,2145426,634,买盘
1635,10:52:07,33.84,419564,124,卖盘
1636,10:52:10,33.83,199598,59,卖盘
1637,10:52:13,33.83,243576,72,买盘
1638,10:52:16,33.83,155609,46,买盘
1639,10:52:19,33.83,385612,114,买盘
1640,10:52:22,33.82,432859,128,中性盘
1641,10:52:25,33.81,131884,39,中性盘
1642,10:52:28,33.8,733575,217,卖盘
1643,10:52:31,33.8,510420,151,卖盘
1644,10:52:34,33.8,138582,41,卖盘
1645,10:52:37,33.8,94640,28,买盘
1646,10:52:40,33.79,87867,26,卖盘
1647,10:52:43,33.78,91232,27,卖盘
1648,10:52:46,33.78,266903,79,卖盘
1649,10:52:49,33.77,1580630,468,卖盘
1650,10:52:52,33.77,226169,67,买盘
1651,10:52:55,33.74,324121,96,卖盘
1652,10:52:58,33.74,124843,37,卖盘
1653,10:53:01,33.74,455490,135,买盘
1654,10:53:04,33.75,431729,128,买盘
1655,10:53:07,33.75,307200,91,卖盘
1656,10:53:10,33.78,526807,156,买盘
1657,10:53:13,33.77,827330,245,卖盘
1658,10:53:16,33.78,155408,46,中性盘
1659,10:53:19,33.79,185821,55,买盘
1660,10:53:22,33.79,1490549,441,卖盘
1661,10:53:25,33.8,736840,218,买盘
1662,10:53:28,33.82,118321,35,买盘
1663,10:53:31,33.81,131850,39,买盘
1664,10:53:34,33.81,899708,266,卖盘
1665,10:53:37,33.83,179243,53,买盘
1666,10:53:40,33.83,84564,25,买盘
1667,10:53:43,33.83,101490,30,买盘
1668,10:53:46,33.82,524241,155,卖盘
1669,10:53:49,33.81,845436,250,卖盘
1670,10:53:52,33.82,382176,113,买盘
1671,10:53:55,33.82,456415,135,买盘
1672,10:53:58,33.81,429204,127,买盘
1673,10:54:01,33.79,199499,59,卖盘
1674,10:54:04,33.78,317577,94,卖盘
1675,10:54:07,33.8,233170,69,买盘
1676,10:54:10,33.77,233201,69,卖盘
1677,10:54:13,33.77,108064,32,卖盘
1678,10:54:16,33.8,1037081,307,买盘
1679,10:54:19,33.79,287234,85,卖盘
1680,10:54:22,33.78,976476,289,卖盘
1681,10:54:25,33.78,27024,8,买盘
1682,10:54:28,33.77,364861,108,卖盘
1683,10:54:31,33.75,162059,48,卖盘
1684,10:54:34,33.75,189025,56,买盘
1685,10:54:37,33.76,205863,61,中性盘
1686,10:54:40,33.75,178894,53,卖盘
1687,10:54:43,33.74,718832,213,卖盘
1688,10:54:46,33.75,33748,10,买盘
1689,10:54:49,33.75,128240,38,买盘
1690,10:54:52,33.73,391351,116,卖盘
1691,10:54:55,33.73,104588,31,卖盘
1692,10:54:58,33.75,759116,225,买盘
1693,10:55:01,33.73,512696,152,卖盘
1694,10:55:04,33.72,313681,93,卖盘
1695,10:55:07,33.72,40469,12,卖盘
1696,10:55:10,33.72,640825,190,卖盘
1697,10:55:13,33.72,182079,54,买盘
1698,10:55:16,33.71,128115,38,卖盘
1699,10:55:19,33.71,23595,7,买盘
1700,10:55:22,33.7,478556,142,卖盘
1701,10:55:25,33.7,138175,41,卖盘
1702,10:55:28,33.7,232540,69,卖盘
1703,10:55:31,33.7,697702,207,卖盘
1704,10:55:34,33.7,20219,6,买盘
1705,10:55:37,33.7,465021,138,买盘
1706,10:55:40,33.69,70750,21,卖盘
1707,10:55:43,33.69,421125,125,买盘
1708,10:55:46,33.7,424534,126,买盘
1709,10:55:49,33.69,23579,7,卖盘
1710,10:55:52,33.7,485269,144,买盘
1711,10:55:55,33.69,212249,63,卖盘
1712,10:55:58,33.69,50535,15,卖盘
1713,10:56:01,33.68,343629,102,卖盘
1714,10:56:04,33.68,350271,104,卖盘
1715,10:56:07,33.68,80840,24,卖盘
1716,10:56:10,33.68,87568,26,卖盘
1717,10:56:13,33.68,87568,26,买盘
1718,10:56:16,33.67,340190,101,卖盘
1719,10:56:19,33.67,2130645,633,卖盘
1720,10:56:22,33.68,131348,39,中性盘
1721,10:56:25,33.68,1688067,501,中性盘
1722,10:56:28,33.7,162035,48,买盘
1723,10:56:31,33.7,37070,11,卖盘
1724,10:56:37,33.71,97749,29,买盘
1725,10:56:40,33.7,141567,42,卖盘
1726,10:56:43,33.72,53934,16,买盘
1727,10:56:46,33.7,138218,41,卖盘
1728,10:56:49,33.72,87672,26,买盘
1729,10:56:52,33.72,165228,49,卖盘
1730,10:56:55,33.73,927348,275,买盘
1731,10:56:58,33.74,320463,95,买盘
1732,10:57:01,33.75,388091,115,买盘
1733,10:57:04,33.74,624018,185,买盘
1734,10:57:07,33.73,590354,175,买盘
1735,10:57:10,33.71,37099,11,卖盘
1736,10:57:13,33.71,6742,2,卖盘
1737,10:57:16,33.7,33705,10,卖盘
1738,10:57:19,33.7,13480,4,卖盘
1739,10:57:22,33.68,208876,62,卖盘
1740,10:57:25,33.69,330331,98,中性盘
1741,10:57:28,33.7,114571,34,中性盘
1742,10:57:31,33.7,20220,6,卖盘
1743,10:57:34,33.7,13480,4,卖盘
1744,10:57:37,33.71,70791,21,买盘
1745,10:57:40,33.7,117982,35,卖盘
1746,10:57:43,33.7,70770,21,卖盘
1747,10:57:46,33.7,151672,45,卖盘
1748,10:57:49,33.7,64027,19,卖盘
1749,10:57:52,33.7,33696,10,买盘
1750,10:57:55,33.7,47179,14,买盘
1751,10:57:58,33.71,222424,66,买盘
1752,10:58:01,33.7,26960,8,卖盘
1753,10:58:04,33.7,572988,170,卖盘
1754,10:58:07,33.7,10110,3,卖盘
1755,10:58:10,33.7,107841,32,卖盘
1756,10:58:13,33.69,107854,32,卖盘
1757,10:58:16,33.7,67400,20,买盘
1758,10:58:19,33.69,121307,36,卖盘
1759,10:58:22,33.69,60642,18,卖盘
1760,10:58:25,33.68,134745,40,卖盘
1761,10:58:28,33.69,111177,33,买盘
1762,10:58:31,33.69,80855,24,卖盘
1763,10:58:34,33.7,13479,4,买盘
1764,10:58:37,33.69,6738,2,卖盘
1765,10:58:40,33.7,30325,9,买盘
1766,10:58:43,33.71,471836,140,买盘
1767,10:58:46,33.7,269624,80,卖盘
1768,10:58:49,33.69,80871,24,卖盘
1769,10:58:52,33.7,212353,63,买盘
1770,10:58:55,33.7,438046,130,卖盘
1771,10:58:58,33.7,1085138,322,买盘
1772,10:59:01,33.71,47189,14,买盘
1773,10:59:04,33.71,337098,100,买盘
1774,10:59:07,33.72,16251,5,买盘
1775,10:59:10,33.72,640629,190,买盘
1776,10:59:13,33.72,97790,29,买盘
1777,10:59:16,33.72,13486,4,卖盘
1778,10:59:19,33.72,209069,62,卖盘
1779,10:59:22,33.72,3372,1,买盘
1780,10:59:25,33.72,229296,68,买盘
1781,10:59:28,33.72,33719,10,买盘
1782,10:59:31,33.73,178718,53,买盘
1783,10:59:34,33.72,111281,33,卖盘
1784,10:59:37,33.72,30356,9,卖盘
1785,10:59:40,33.72,134894,40,卖盘
1786,10:59:43,33.73,145027,43,买盘
1787,10:59:46,33.73,131537,39,买盘
1788,10:59:49,33.72,286697,85,卖盘
1789,10:59:52,33.75,263220,78,买盘
1790,10:59:55,33.73,57353,17,卖盘
1791,10:59:58,33.72,570062,169,卖盘
1792,11:00:01,33.73,37102,11,买盘
1793,11:00:04,33.72,30354,9,卖盘
1794,11:00:07,33.75,1636268,485,买盘
1795,11:00:10,33.75,91130,27,卖盘
1796,11:00:13,33.75,627876,186,卖盘
1797,11:00:16,33.76,310531,92,买盘
1798,11:00:19,33.76,378229,112,卖盘
1799,11:00:22,33.77,317552,94,中性盘
1800,11:00:25,33.77,131750,39,卖盘
1801,11:00:28,33.79,980172,290,买盘
1802,11:00:31,33.79,851658,252,卖盘
1803,11:00:34,33.79,1226627,363,卖盘
1804,11:00:37,33.79,601548,178,买盘
1805,11:00:40,33.79,540756,160,卖盘
1806,11:00:43,33.81,956836,283,买盘
1807,11:00:46,33.81,243510,72,卖盘
1808,11:00:49,33.82,368741,109,买盘
1809,11:00:52,33.84,568411,168,买盘
1810,11:00:55,33.82,345132,102,卖盘
1811,11:00:58,33.84,1163929,344,买盘
1812,11:01:01,33.83,558240,165,卖盘
1813,11:01:04,33.84,196255,58,买盘
1814,11:01:07,33.83,77809,23,卖盘
1815,11:01:10,33.83,2574410,761,买盘
1816,11:01:13,33.84,487287,144,买盘
1817,11:01:16,33.83,94721,28,卖盘
1818,11:01:19,33.82,307716,91,中性盘
1819,11:01:22,33.8,584803,173,卖盘
1820,11:01:25,33.8,361747,107,卖盘
1821,11:01:28,33.81,540834,160,买盘
1822,11:01:31,33.81,581396,172,买盘
1823,11:01:34,33.8,321108,95,卖盘
1824,11:01:37,33.8,233177,69,买盘
1825,11:01:40,33.79,456174,135,卖盘
1826,11:01:43,33.79,20274,6,买盘
1827,11:01:46,33.79,162184,48,买盘
1828,11:01:49,33.78,486546,144,卖盘
1829,11:01:52,33.78,37162,11,买盘
1830,11:01:55,33.78,77692,23,买盘
1831,11:01:58,33.77,148608,44,卖盘
1832,11:02:01,33.77,33766,10,买盘
1833,11:02:04,33.77,172180,51,买盘
1834,11:02:07,33.76,452384,134,卖盘
1835,11:02:10,33.78,486319,144,买盘
1836,11:02:13,33.75,324093,96,卖盘
1837,11:02:16,33.78,178912,53,买盘
1838,11:02:19,33.76,23629,7,中性盘
1839,11:02:22,33.76,40505,12,买盘
1840,11:02:25,33.75,266623,79,卖盘
1841,11:02:28,33.75,97867,29,买盘
1842,11:02:31,33.74,40499,12,卖盘
1843,11:02:34,33.75,377995,112,买盘
1844,11:02:37,33.74,334077,99,卖盘
1845,11:02:40,33.74,931033,276,买盘
1846,11:02:43,33.74,226055,67,买盘
1847,11:02:46,33.74,182196,54,卖盘
1848,11:02:49,33.75,620912,184,买盘
1849,11:02:52,33.75,101250,30,卖盘
1850,11:02:55,33.76,77628,23,买盘
1851,11:02:58,33.75,70893,21,卖盘
1852,11:03:01,33.75,135003,40,卖盘
1853,11:03:04,33.75,435459,129,卖盘
1854,11:03:07,33.75,118137,35,中性盘
1855,11:03:10,33.74,33743,10,卖盘
1856,11:03:13,33.75,253064,75,买盘
1857,11:03:16,33.76,259934,77,买盘
1858,11:03:19,33.76,229568,68,卖盘
1859,11:03:22,33.76,168800,50,卖盘
1860,11:03:25,33.76,165423,49,卖盘
1861,11:03:28,33.76,111399,33,卖盘
1862,11:03:31,33.74,67504,20,卖盘
1863,11:03:34,33.74,121476,36,卖盘
1864,11:03:37,33.74,26992,8,卖盘
1865,11:03:40,33.75,293680,87,买盘
1866,11:03:43,33.74,236165,70,卖盘
1867,11:03:46,33.74,84328,25,买盘
1868,11:03:49,33.73,165271,49,卖盘
1869,11:03:52,33.73,188890,56,卖盘
1870,11:03:55,33.72,499067,148,卖盘
1871,11:03:58,33.71,883056,262,卖盘
1872,11:04:01,33.69,2278113,676,卖盘
1873,11:04:04,33.69,154974,46,卖盘
1874,11:04:07,33.69,437989,130,卖盘
1875,11:04:10,33.69,310012,92,卖盘
1876,11:04:13,33.7,60644,18,买盘
1877,11:04:16,33.7,47169,14,买盘
1878,11:04:19,33.69,1462205,434,卖盘
1879,11:04:22,33.69,47166,14,买盘
1880,11:04:25,33.69,212241,63,买盘
1881,11:04:28,33.68,1057418,314,卖盘
1882,11:04:31,33.68,373898,111,卖盘
1883,11:04:34,33.65,1558415,463,卖盘
1884,11:04:37,33.68,350272,104,卖盘
1885,11:04:40,33.68,316657,94,买盘
1886,11:04:43,33.7,893119,265,买盘
1887,11:04:46,33.68,306648,91,卖盘
1888,11:04:49,33.68,535909,159,卖盘
1889,11:04:52,33.68,333700,99,卖盘
1890,11:04:55,33.72,2594290,770,买盘
1891,11:04:58,33.72,2778374,824,买盘
1892,11:05:01,33.73,212392,63,买盘
1893,11:05:04,33.72,13488,4,卖盘
1894,11:05:07,33.73,6745,2,买盘
1895,11:05:10,33.73,70826,21,买盘
1896,11:05:13,33.72,151740,45,卖盘
1897,11:05:19,33.69,134838,40,卖盘
1898,11:05:22,33.71,225673,67,中性盘
1899,11:05:25,33.69,60644,18,卖盘
1900,11:05:28,33.71,40446,12,买盘
1901,11:05:31,33.7,10110,3,卖盘
1902,11:05:34,33.7,660686,196,卖盘
1903,11:05:37,33.7,337064,100,卖盘
1904,11:05:40,33.71,114614,34,卖盘
1905,11:05:43,33.72,286540,85,买盘
1906,11:05:46,33.73,681109,202,买盘
1907,11:05:49,33.73,1372807,407,买盘
1908,11:05:52,33.74,657649,195,买盘
1909,11:05:55,33.73,76312,23,卖盘
1910,11:05:58,33.75,195686,58,买盘
1911,11:06:01,33.75,236230,70,买盘
1912,11:06:04,33.75,60747,18,买盘
1913,11:06:07,33.75,40495,12,买盘
1914,11:06:10,33.75,104625,31,买盘
1915,11:06:13,33.74,53988,16,卖盘
1916,11:06:16,33.74,23620,7,卖盘
1917,11:06:19,33.73,303634,90,卖盘
1918,11:06:22,33.73,101190,30,卖盘
1919,11:06:25,33.73,337255,100,卖盘
1920,11:06:28,33.72,124754,37,卖盘
1921,11:06:31,33.72,111276,33,买盘
1922,11:06:34,33.71,566328,168,卖盘
1923,11:06:37,33.71,10113,3,买盘
1924,11:06:40,33.71,13484,4,买盘
1925,11:06:43,33.71,326987,97,买盘
1926,11:06:46,33.71,350541,104,买盘
1927,11:06:49,33.7,232596,69,卖盘
1928,11:06:52,33.7,23590,7,买盘
1929,11:06:55,33.7,380736,113,卖盘
1930,11:06:58,33.7,87640,26,卖盘
1931,11:07:01,33.71,279781,83,买盘
1932,11:07:04,33.7,74146,22,卖盘
1933,11:07:07,33.69,20219,6,卖盘
1934,11:07:10,33.71,512294,152,买盘
1935,11:07:13,33.7,37075,11,卖盘
1936,11:07:16,33.71,26961,8,买盘
1937,11:07:19,33.7,26966,8,卖盘
1938,11:07:22,33.7,20220,6,卖盘
1939,11:07:25,33.71,289874,86,买盘
1940,11:07:28,33.71,512260,152,买盘
1941,11:07:31,33.71,239334,71,卖盘
1942,11:07:34,33.69,124695,37,卖盘
1943,11:07:37,33.7,569530,169,中性盘
1944,11:07:40,33.7,128079,38,中性盘
1945,11:07:43,33.7,138170,41,卖盘
1946,11:07:46,33.7,596552,177,卖盘
1947,11:07:49,33.7,198799,59,买盘
1948,11:07:52,33.7,33700,10,买盘
1949,11:07:55,33.69,195409,58,卖盘
1950,11:07:58,33.69,23583,7,卖盘
1951,11:08:01,33.69,276262,82,卖盘
1952,11:08:04,33.69,50535,15,卖盘
1953,11:08:07,33.7,825535,245,买盘
1954,11:08:10,33.7,448196,133,买盘
1955,11:08:13,33.7,293190,87,卖盘
1956,11:08:16,33.7,53920,16,卖盘
1957,11:08:19,33.7,121339,36,卖盘
1958,11:08:22,33.69,242591,72,卖盘
1959,11:08:25,33.68,259337,77,卖盘
1960,11:08:28,33.69,64011,19,买盘
1961,11:08:31,33.68,104435,31,卖盘
1962,11:08:34,33.68,215565,64,卖盘
1963,11:08:37,33.68,124616,37,卖盘
1964,11:08:40,33.67,360358,107,卖盘
1965,11:08:43,33.66,3366,1,卖盘
1966,11:08:46,33.66,158202,47,卖盘
1967,11:08:49,33.65,174989,52,卖盘
1968,11:08:52,33.66,350063,104,买盘
1969,11:08:55,33.65,37015,11,卖盘
1970,11:08:58,33.65,154804,46,卖盘
1971,11:09:01,33.66,329779,98,买盘
1972,11:09:04,33.66,343482,102,卖盘
1973,11:09:07,33.66,131283,39,卖盘
1974,11:09:10,33.67,175109,52,中性盘
1975,11:09:13,33.67,30303,9,卖盘
1976,11:09:16,33.67,134690,40,卖盘
1977,11:09:19,33.68,67343,20,买盘
1978,11:09:22,33.68,37041,11,买盘
1979,11:09:25,33.68,30310,9,买盘
1980,11:09:28,33.68,57254,17,买盘
1981,11:09:31,33.67,63985,19,卖盘
1982,11:09:34,33.67,33678,10,卖盘
1983,11:09:37,33.67,67353,20,卖盘
1984,11:09:40,33.67,235753,70,卖盘
1985,11:09:43,33.68,67355,20,买盘
1986,11:09:46,33.67,804716,239,卖盘
1987,11:09:49,33.68,87567,26,买盘
1988,11:09:52,33.67,60607,18,卖盘
1989,11:09:55,33.67,60616,18,卖盘
1990,11:09:58,33.67,16835,5,卖盘
1991,11:10:01,33.67,40404,12,卖盘
1992,11:10:07,33.67,10101,3,买盘
1993,11:10:10,33.67,67335,20,买盘
1994,11:10:13,33.67,117845,35,买盘
1995,11:10:16,33.67,43771,13,卖盘
1996,11:10:19,33.68,117865,35,买盘
1997,11:10:22,33.68,474892,141,卖盘
1998,11:10:25,33.68,562547,167,卖盘
1999,11:10:28,33.68,609623,181,卖盘
2000,11:10:31,33.68,84200,25,买盘
2001,11:10:34,33.68,30312,9,买盘
2002,11:10:37,33.68,360365,107,卖盘
2003,11:10:40,33.68,30312,9,买盘
2004,11:10:43,33.69,693882,206,买盘
2005,11:10:46,33.69,43797,13,卖盘
2006,11:10:49,33.69,16845,5,卖盘
2007,11:10:52,33.7,53920,16,买盘
2008,11:10:55,33.69,181950,54,卖盘
2009,11:10:58,33.7,6740,2,买盘
2010,11:11:01,33.7,3370,1,买盘
2011,11:11:04,33.69,185338,55,卖盘
2012,11:11:07,33.7,53912,16,买盘
2013,11:11:10,33.69,215675,64,卖盘
2014,11:11:13,33.69,87595,26,卖盘
2015,11:11:16,33.69,37063,11,卖盘
2016,11:11:19,33.7,650221,193,买盘
2017,11:11:22,33.7,343723,102,买盘
2018,11:11:25,33.7,47180,14,买盘
2019,11:11:28,33.71,758523,225,买盘
2020,11:11:31,33.7,333725,99,卖盘
2021,11:11:34,33.71,286524,85,买盘
2022,11:11:37,33.71,380923,113,买盘
2023,11:11:40,33.71,10113,3,卖盘
2024,11:11:43,33.71,40452,12,卖盘
2025,11:11:46,33.71,1354996,402,卖盘
2026,11:11:49,33.7,192106,57,中性盘
2027,11:11:52,33.71,87646,26,买盘
2028,11:11:55,33.68,508661,151,卖盘
2029,11:11:58,33.7,74137,22,买盘
2030,11:12:01,33.69,20214,6,买盘
2031,11:12:04,33.69,232449,69,买盘
2032,11:12:07,33.69,235801,70,卖盘
2033,11:12:10,33.69,3369,1,买盘
2034,11:12:13,33.69,30321,9,买盘
2035,11:12:16,33.68,255969,76,卖盘
2036,11:12:19,33.67,282829,84,卖盘
2037,11:12:22,33.67,16835,5,买盘
2038,11:12:25,33.67,20202,6,买盘
2039,11:12:28,33.67,67340,20,买盘
2040,11:12:31,33.67,60623,18,卖盘
2041,11:12:34,33.67,141414,42,卖盘
2042,11:12:37,33.68,171740,51,买盘
2043,11:12:40,33.67,6735,2,卖盘
2044,11:12:43,33.68,77454,23,买盘
2045,11:12:46,33.7,465026,138,买盘
2046,11:12:49,33.68,26944,8,卖盘
2047,11:12:52,33.69,40420,12,买盘
2048,11:12:55,33.69,225679,67,买盘
2049,11:12:58,33.68,202135,60,卖盘
2050,11:13:01,33.69,259455,77,买盘
2051,11:13:04,33.69,306579,91,卖盘
2052,11:13:07,33.7,882681,262,买盘
2053,11:13:10,33.69,70750,21,中性盘
2054,11:13:13,33.69,101071,30,卖盘
2055,11:13:16,33.69,33684,10,卖盘
2056,11:13:19,33.69,219004,65,买盘
2057,11:13:22,33.68,128005,38,卖盘
2058,11:13:25,33.68,3368,1,卖盘
2059,11:13:31,33.68,13474,4,卖盘
2060,11:13:34,33.68,50520,15,卖盘
2061,11:13:37,33.69,154969,46,买盘
2062,11:13:40,33.69,175148,52,买盘
2063,11:13:43,33.68,319960,95,卖盘
2064,11:13:46,33.67,30303,9,卖盘
2065,11:13:49,33.67,43776,13,卖盘
2066,11:13:52,33.67,101010,30,卖盘
2067,11:13:55,33.68,20203,6,买盘
2068,11:13:58,33.67,23569,7,卖盘
2069,11:14:01,33.67,37037,11,卖盘
2070,11:14:04,33.67,592598,176,卖盘
2071,11:14:07,33.67,57239,17,买盘
2072,11:14:10,33.67,20202,6,买盘
2073,11:14:13,33.67,148148,44,买盘
2074,11:14:16,33.66,191913,57,卖盘
2075,11:14:19,33.66,205327,61,卖盘
2076,11:14:22,33.68,50505,15,买盘
2077,11:14:25,33.67,60600,18,买盘
2078,11:14:28,33.66,373726,111,卖盘
2079,11:14:31,33.67,30298,9,买盘
2080,11:14:34,33.66,90887,27,卖盘
2081,11:14:37,33.67,114460,34,买盘
2082,11:14:40,33.66,87538,26,卖盘
2083,11:14:43,33.66,397191,118,卖盘
2084,11:14:46,33.67,350164,104,买盘
2085,11:14:49,33.66,336600,100,卖盘
2086,11:14:52,33.66,3366,1,卖盘
2087,11:14:55,33.67,16831,5,买盘
2088,11:14:58,33.67,67340,20,买盘
2089,11:15:01,33.66,393825,117,卖盘
2090,11:15:04,33.65,94247,28,卖盘
2091,11:15:07,33.66,3366,1,买盘
2092,11:15:10,33.65,151428,45,卖盘
2093,11:15:13,33.65,23556,7,卖盘
2094,11:15:16,33.65,114414,34,卖盘
2095,11:15:19,33.65,90858,27,卖盘
2096,11:15:22,33.65,47116,14,卖盘
2097,11:15:25,33.66,53855,16,买盘
2098,11:15:28,33.65,77401,23,卖盘
2099,11:15:31,33.66,43748,13,中性盘
2100,11:15:34,33.65,87513,26,卖盘
2101,11:15:37,33.66,356786,106,买盘
2102,11:15:40,33.66,53856,16,买盘
2103,11:15:43,33.66,26931,8,卖盘
2104,11:15:46,33.67,13468,4,买盘
2105,11:15:49,33.66,286139,85,卖盘
2106,11:15:52,33.7,1522614,452,买盘
2107,11:15:55,33.7,37052,11,买盘
2108,11:15:58,33.68,16841,5,卖盘
2109,11:16:01,33.68,6737,2,卖盘
2110,11:16:04,33.69,117915,35,买盘
2111,11:16:07,33.68,16842,5,卖盘
2112,11:16:10,33.68,26947,8,卖盘
2113,11:16:13,33.68,23581,7,卖盘
2114,11:16:16,33.68,101052,30,卖盘
2115,11:16:19,33.69,30321,9,买盘
2116,11:16:22,33.67,255963,76,卖盘
2117,11:16:25,33.71,4431492,1315,买盘
2118,11:16:28,33.71,202201,60,买盘
2119,11:16:31,33.71,387662,115,买盘
2120,11:16:34,33.71,50565,15,买盘
2121,11:16:37,33.7,2129855,632,卖盘
2122,11:16:40,33.71,171872,51,买盘
2123,11:16:43,33.7,43808,13,中性盘
2124,11:16:46,33.7,67400,20,买盘
2125,11:16:49,33.69,6738,2,卖盘
2126,11:16:52,33.7,296560,88,买盘
2127,11:16:55,33.71,20223,6,买盘
2128,11:16:58,33.7,47180,14,卖盘
2129,11:17:01,33.7,84263,25,卖盘
2130,11:17:04,33.69,141529,42,卖盘
2131,11:17:07,33.7,155020,46,买盘
2132,11:17:10,33.7,552765,164,买盘
2133,11:17:13,33.7,87616,26,买盘
2134,11:17:16,33.69,242610,72,卖盘
2135,11:17:19,33.7,43808,13,买盘
2136,11:17:22,33.69,60643,18,卖盘
2137,11:17:25,33.7,20215,6,买盘
2138,11:17:28,33.69,259416,77,卖盘
2139,11:17:31,33.69,53894,16,买盘
2140,11:17:34,33.68,151579,45,卖盘
2141,11:17:37,33.68,323360,96,卖盘
2142,11:17:40,33.69,77467,23,买盘
2143,11:17:43,33.69,43786,13,买盘
2144,11:17:46,33.69,198771,59,买盘
2145,11:17:49,33.69,23581,7,买盘
2146,11:17:52,33.69,40428,12,买盘
2147,11:17:55,33.68,175137,52,卖盘
2148,11:17:58,33.69,53904,16,买盘
2149,11:18:01,33.69,57261,17,买盘
2150,11:18:04,33.69,242597,72,买盘
2151,11:18:07,33.68,791574,235,卖盘
2152,11:18:10,33.69,623444,185,买盘
2153,11:18:13,33.69,97704,29,卖盘
2154,11:18:16,33.69,138139,41,买盘
2155,11:18:19,33.69,33686,10,中性盘
2156,11:18:22,33.7,252746,75,买盘
2157,11:18:25,33.7,1910790,567,买盘
2158,11:18:28,33.72,2412970,716,买盘
2159,11:18:31,33.71,3371,1,卖盘
2160,11:18:34,33.72,94416,28,买盘
2161,11:18:37,33.73,229292,68,买盘
2162,11:18:40,33.73,151775,45,买盘
2163,11:18:43,33.73,522784,155,买盘
2164,11:18:46,33.73,438381,130,买盘
2165,11:18:49,33.74,1403537,416,买盘
2166,11:18:52,33.73,26985,8,卖盘
2167,11:18:58,33.74,33737,10,买盘
2168,11:19:01,33.73,151785,45,卖盘
2169,11:19:04,33.74,141683,42,买盘
2170,11:19:07,33.73,445217,132,卖盘
2171,11:19:10,33.73,236061,70,买盘
2172,11:19:13,33.74,33732,10,买盘
2173,11:19:16,33.74,249666,74,买盘
2174,11:19:19,33.75,70863,21,买盘
2175,11:19:22,33.74,367807,109,卖盘
2176,11:19:25,33.74,10122,3,中性盘
2177,11:19:28,33.74,205799,61,买盘
2178,11:19:31,33.73,70849,21,卖盘
2179,11:19:34,33.74,84346,25,买盘
2180,11:19:37,33.74,26990,8,中性盘
2181,11:19:40,33.75,435176,129,买盘
2182,11:19:43,33.73,97837,29,中性盘
2183,11:19:46,33.72,20232,6,卖盘
2184,11:19:49,33.7,185444,55,卖盘
2185,11:19:52,33.72,47197,14,买盘
2186,11:19:55,33.7,77516,23,卖盘
2187,11:19:58,33.72,74156,22,买盘
2188,11:20:01,33.71,117986,35,中性盘
2189,11:20:04,33.7,10110,3,卖盘
2190,11:20:07,33.7,468649,139,卖盘
2191,11:20:10,33.7,43810,13,卖盘
2192,11:20:13,33.71,84253,25,买盘
2193,11:20:16,33.71,30334,9,买盘
2194,11:20:19,33.71,148289,44,卖盘
2195,11:20:22,33.71,53922,16,买盘
2196,11:20:25,33.71,30331,9,买盘
2197,11:20:28,33.71,57283,17,买盘
2198,11:20:34,33.71,310030,92,买盘
2199,11:20:37,33.69,60655,18,卖盘
2200,11:20:40,33.7,90971,27,买盘
2201,11:20:43,33.71,465150,138,买盘
2202,11:20:46,33.7,337054,100,卖盘
2203,11:20:49,33.7,53920,16,卖盘
2204,11:20:52,33.69,101099,30,卖盘
2205,11:20:55,33.69,10109,3,卖盘
2206,11:20:58,33.7,609960,181,买盘
2207,11:21:01,33.7,37060,11,买盘
2208,11:21:04,33.69,64022,19,卖盘
2209,11:21:07,33.69,202143,60,卖盘
2210,11:21:10,33.69,10107,3,买盘
2211,11:21:13,33.68,114514,34,卖盘
2212,11:21:16,33.69,111169,33,买盘
2213,11:21:19,33.69,121264,36,买盘
2214,11:21:25,33.68,77467,23,卖盘
2215,11:21:28,33.68,114514,34,卖盘
2216,11:21:31,33.68,168410,50,卖盘
2217,11:21:34,33.68,57256,17,卖盘
2218,11:21:37,33.69,53900,16,买盘
2219,11:21:40,33.69,303177,90,买盘
2220,11:21:43,33.69,57260,17,买盘
2221,11:21:46,33.68,77464,23,卖盘
2222,11:21:49,33.69,57259,17,买盘
2223,11:21:52,33.69,128016,38,买盘
2224,11:21:55,33.69,6738,2,买盘
2225,11:21:58,33.68,3368,1,卖盘
2226,11:22:01,33.68,168400,50,卖盘
2227,11:22:04,33.67,47151,14,卖盘
2228,11:22:07,33.67,43774,13,卖盘
2229,11:22:10,33.68,23576,7,买盘
2230,11:22:13,33.67,595959,177,卖盘
2231,11:22:16,33.67,148148,44,买盘
2232,11:22:19,33.66,16830,5,卖盘
2233,11:22:22,33.7,2347234,697,买盘
2234,11:22:25,33.7,431307,128,买盘
2235,11:22:28,33.7,198828,59,买盘
2236,11:22:31,33.7,155018,46,买盘
2237,11:22:34,33.68,336800,100,卖盘
2238,11:22:37,33.7,212284,63,买盘
2239,11:22:40,33.69,87607,26,中性盘
2240,11:22:43,33.68,515335,153,卖盘
2241,11:22:46,33.68,360518,107,中性盘
2242,11:22:49,33.68,26942,8,买盘
2243,11:22:52,33.68,121248,36,买盘
2244,11:22:55,33.67,114496,34,卖盘
2245,11:22:58,33.68,3368,1,中性盘
2246,11:23:01,33.67,235693,70,卖盘
2247,11:23:04,33.67,37037,11,卖盘
2248,11:23:07,33.67,33666,10,卖盘
2249,11:23:10,33.67,23569,7,卖盘
2250,11:23:13,33.66,107726,32,卖盘
2251,11:23:16,33.67,16835,5,中性盘
2252,11:23:19,33.65,690011,205,卖盘
2253,11:23:22,33.67,10101,3,中性盘
2254,11:23:28,33.67,40401,12,买盘
2255,11:23:37,33.66,37026,11,卖盘
2256,11:23:40,33.67,3367,1,买盘
2257,11:23:43,33.66,10098,3,卖盘
2258,11:23:46,33.66,20196,6,卖盘
2259,11:23:49,33.67,50505,15,买盘
2260,11:23:52,33.67,10100,3,买盘
2261,11:23:55,33.66,63964,19,卖盘
2262,11:23:58,33.68,292981,87,买盘
2263,11:24:01,33.66,134645,40,卖盘
2264,11:24:04,33.66,461945,137,卖盘
2265,11:24:07,33.67,50497,15,买盘
2266,11:24:10,33.66,212058,63,卖盘
2267,11:24:13,33.66,349577,104,卖盘
2268,11:24:16,33.66,34333,10,买盘
2269,11:24:19,33.66,67377,20,卖盘
2270,11:24:22,33.7,289776,86,买盘
2271,11:24:28,33.7,67387,20,买盘
2272,11:24:31,33.67,6734,2,卖盘
2273,11:24:34,33.7,363817,108,买盘
2274,11:24:37,33.67,33673,10,卖盘
2275,11:24:40,33.7,448200,133,买盘
2276,11:24:43,33.69,26947,8,买盘
2277,11:24:46,33.68,74076,22,中性盘
2278,11:24:49,33.69,84168,25,买盘
2279,11:24:52,33.69,33690,10,买盘
2280,11:24:55,33.69,57273,17,买盘
2281,11:24:58,33.69,3369,1,买盘
2282,11:25:01,33.68,37048,11,买盘
2283,11:25:04,33.66,74072,22,卖盘
2284,11:25:07,33.67,50504,15,买盘
2285,11:25:10,33.66,40392,12,卖盘
2286,11:25:13,33.66,57232,17,卖盘
2287,11:25:19,33.66,37026,11,卖盘
2288,11:25:22,33.66,80824,24,卖盘
2289,11:25:25,33.67,212069,63,中性盘
2290,11:25:28,33.67,20200,6,买盘
2291,11:25:31,33.67,87552,26,买盘
2292,11:25:34,33.67,33670,10,买盘
2293,11:25:37,33.68,33675,10,买盘
2294,11:25:43,33.69,222284,66,买盘
2295,11:25:46,33.68,30307,9,中性盘
2296,11:25:49,33.68,13472,4,卖盘
2297,11:25:52,33.69,94313,28,买盘
2298,11:25:55,33.68,144832,43,中性盘
2299,11:25:58,33.67,47151,14,卖盘
2300,11:26:01,33.68,30309,9,买盘
2301,11:26:04,33.67,215488,64,卖盘
2302,11:26:07,33.67,134680,40,买盘
2303,11:26:10,33.66,67338,20,卖盘
2304,11:26:13,33.67,37037,11,买盘
2305,11:26:22,33.68,329892,98,买盘
2306,11:26:25,33.67,84175,25,中性盘
2307,11:26:28,33.69,181871,54,买盘
2308,11:26:31,33.68,57267,17,中性盘
2309,11:26:34,33.66,20204,6,卖盘
2310,11:26:37,33.67,6734,2,买盘
2311,11:26:40,33.67,148133,44,买盘
2312,11:26:43,33.67,144759,43,买盘
2313,11:26:46,33.67,23573,7,卖盘
2314,11:26:49,33.67,84175,25,卖盘
2315,11:26:52,33.67,164938,49,买盘
2316,11:26:55,33.67,53872,16,买盘
2317,11:26:58,33.66,13464,4,卖盘
2318,11:27:01,33.68,114466,34,买盘
2319,11:27:07,33.67,20200,6,卖盘
2320,11:27:10,33.68,37046,11,买盘
2321,11:27:13,33.67,94281,28,买盘
2322,11:27:16,33.67,10101,3,卖盘
2323,11:27:19,33.67,117848,35,卖盘
2324,11:27:22,33.67,16835,5,买盘
2325,11:27:28,33.67,168349,50,买盘
2326,11:27:31,33.66,111078,33,卖盘
2327,11:27:34,33.67,138047,41,买盘
2328,11:27:37,33.66,37026,11,卖盘
2329,11:27:40,33.66,63956,19,卖盘
2330,11:27:43,33.67,67337,20,买盘
2331,11:27:46,33.67,77437,23,买盘
2332,11:27:49,33.67,37033,11,买盘
2333,11:27:52,33.66,33663,10,卖盘
2334,11:27:55,33.66,777548,231,卖盘
2335,11:27:58,33.67,37035,11,买盘
2336,11:28:01,33.66,20201,6,卖盘
2337,11:28:04,33.67,329925,98,买盘
2338,11:28:10,33.66,114455,34,卖盘
2339,11:28:13,33.66,30294,9,卖盘
2340,11:28:16,33.66,87536,26,卖盘
2341,11:28:19,33.66,23567,7,卖盘
2342,11:28:22,33.67,104360,31,买盘
2343,11:28:25,33.66,23562,7,卖盘
2344,11:28:28,33.66,478102,142,卖盘
2345,11:28:31,33.67,63973,19,买盘
2346,11:28:37,33.66,33660,10,卖盘
2347,11:28:43,33.66,104346,31,卖盘
2348,11:28:46,33.67,53872,16,买盘
2349,11:28:49,33.67,121188,36,买盘
2350,11:28:52,33.67,294944,88,买盘
2351,11:28:55,33.66,296218,88,卖盘
2352,11:28:58,33.67,191866,57,买盘
2353,11:29:01,33.67,326658,97,买盘
2354,11:29:04,33.66,508283,151,卖盘
2355,11:29:07,33.66,353430,105,卖盘
2356,11:29:10,33.67,26932,8,买盘
2357,11:29:13,33.67,70699,21,买盘
2358,11:29:16,33.66,148112,44,卖盘
2359,11:29:19,33.66,175054,52,卖盘
2360,11:29:22,33.67,84164,25,买盘
2361,11:29:25,33.66,94251,28,卖盘
2362,11:29:28,33.67,23569,7,买盘
2363,11:29:31,33.66,124542,37,卖盘
2364,11:29:34,33.67,23566,7,买盘
2365,11:29:37,33.67,20202,6,买盘
2366,11:29:40,33.67,43767,13,买盘
2367,11:29:43,33.66,10098,3,卖盘
2368,11:29:46,33.67,16833,5,买盘
2369,11:29:49,33.67,47138,14,买盘
2370,11:29:52,33.66,6732,2,卖盘
2371,11:29:55,33.66,53865,16,卖盘
2372,11:29:58,33.66,242372,72,卖盘
2373,13:00:01,33.67,117835,35,买盘
2374,13:00:04,33.67,1545880,459,卖盘
2375,13:00:07,33.67,801349,238,卖盘
2376,13:00:10,33.67,3289806,977,卖盘
2377,13:00:13,33.65,4068722,1209,卖盘
2378,13:00:16,33.64,719951,214,卖盘
2379,13:00:19,33.63,1190327,354,卖盘
2380,13:00:22,33.62,349653,104,卖盘
2381,13:00:25,33.61,1270635,378,卖盘
2382,13:00:28,33.6,510842,152,卖盘
2383,13:00:31,33.6,464011,138,卖盘
2384,13:00:34,33.61,104175,31,买盘
2385,13:00:37,33.61,248788,74,卖盘
2386,13:00:41,33.61,67223,20,卖盘
2387,13:00:43,33.61,154636,46,卖盘
2388,13:00:46,33.6,57169,17,卖盘
2389,13:00:49,33.6,423464,126,卖盘
2390,13:00:52,33.67,151397,45,买盘
2391,13:00:55,33.6,6726,2,卖盘
2392,13:00:58,33.61,104191,31,中性盘
2393,13:01:01,33.62,70626,21,买盘
2394,13:01:04,33.67,43757,13,买盘
2395,13:01:07,33.65,477825,142,卖盘
2396,13:01:10,33.64,211992,63,中性盘
2397,13:01:13,33.65,70653,21,买盘
2398,13:01:16,33.65,131235,39,买盘
2399,13:01:19,33.65,151425,45,买盘
2400,13:01:22,33.64,1460293,434,卖盘
2401,13:01:25,33.65,175010,52,买盘
2402,13:01:28,33.67,265947,79,买盘
2403,13:01:31,33.67,201868,60,买盘
2404,13:01:34,33.66,138042,41,中性盘
2405,13:01:37,33.67,276056,82,买盘
2406,13:01:40,33.66,124559,37,卖盘
2407,13:01:43,33.67,218833,65,买盘
2408,13:01:46,33.7,1343358,399,买盘
2409,13:01:49,33.7,2668936,792,买盘
2410,13:01:52,33.71,357363,106,买盘
2411,13:01:55,33.71,43812,13,买盘
2412,13:01:58,33.71,508844,151,买盘
2413,13:02:01,33.71,391052,116,买盘
2414,13:02:04,33.75,981515,291,买盘
2415,13:02:07,33.71,165317,49,卖盘
2416,13:02:13,33.75,155202,46,买盘
2417,13:02:16,33.73,43850,13,卖盘
2418,13:02:19,33.74,273361,81,买盘
2419,13:02:22,33.75,57372,17,买盘
2420,13:02:25,33.75,27000,8,买盘
2421,13:02:28,33.75,40500,12,买盘
2422,13:02:31,33.75,330750,98,买盘
2423,13:02:34,33.76,67520,20,买盘
2424,13:02:37,33.75,13500,4,卖盘
2425,13:02:40,33.76,651569,193,买盘
2426,13:02:43,33.77,307292,91,买盘
2427,13:02:46,33.77,280281,83,买盘
2428,13:02:49,33.76,151951,45,卖盘
2429,13:02:52,33.78,412083,122,买盘
2430,13:02:55,33.77,91193,27,卖盘
2431,13:02:58,33.77,155364,46,卖盘
2432,13:03:01,33.78,87828,26,买盘
2433,13:03:04,33.79,179037,53,买盘
2434,13:03:07,33.77,172232,51,卖盘
2435,13:03:10,33.78,128379,38,中性盘
2436,13:03:13,33.78,185777,55,买盘
2437,13:03:16,33.76,1593890,472,卖盘
2438,13:03:19,33.76,199213,59,中性盘
2439,13:03:22,33.77,320781,95,买盘
2440,13:03:25,33.77,216120,64,卖盘
2441,13:03:28,33.77,341084,101,卖盘
2442,13:03:31,33.78,591094,175,买盘
2443,13:03:34,33.78,43910,13,买盘
2444,13:03:37,33.78,124964,37,买盘
2445,13:03:40,33.76,23632,7,卖盘
2446,13:03:43,33.78,222925,66,买盘
2447,13:03:46,33.77,20262,6,卖盘
2448,13:03:49,33.77,20262,6,卖盘
2449,13:03:52,33.77,16885,5,买盘
2450,13:03:55,33.76,91158,27,卖盘
2451,13:03:58,33.77,388289,115,买盘
2452,13:04:01,33.76,158708,47,卖盘
2453,13:04:04,33.77,108040,32,买盘
2454,13:04:07,33.76,205936,61,卖盘
2455,13:04:10,33.77,729119,216,买盘
2456,13:04:13,33.77,178975,53,买盘
2457,13:04:16,33.77,128327,38,卖盘
2458,13:04:19,33.76,114846,34,卖盘
2459,13:04:22,33.77,97933,29,买盘
2460,13:04:25,33.76,67520,20,卖盘
2461,13:04:28,33.76,388272,115,卖盘
2462,13:04:31,33.76,192464,57,卖盘
2463,13:04:34,33.76,23632,7,买盘
2464,13:04:37,33.76,124890,37,买盘
2465,13:04:40,33.75,118137,35,卖盘
2466,13:04:43,33.75,121500,36,卖盘
2467,13:04:46,33.75,155250,46,卖盘
2468,13:04:49,33.75,3375,1,买盘
2469,13:04:52,33.75,3375,1,买盘
2470,13:04:55,33.75,280124,83,买盘
2471,13:04:58,33.74,188958,56,卖盘
2472,13:05:01,33.72,43848,13,卖盘
2473,13:05:04,33.74,114716,34,买盘
2474,13:05:10,33.76,1555802,461,买盘
2475,13:05:13,33.78,922168,273,买盘
2476,13:05:16,33.78,1894494,561,中性盘
2477,13:05:19,33.79,47295,14,买盘
2478,13:05:22,33.79,469647,139,买盘
2479,13:05:25,33.79,1574716,466,买盘
2480,13:05:28,33.8,1328330,393,买盘
2481,13:05:31,33.79,114899,34,卖盘
2482,13:05:34,33.79,757109,224,卖盘
2483,13:05:37,33.79,682753,202,卖盘
2484,13:05:40,33.8,395453,117,买盘
2485,13:05:43,33.8,250096,74,买盘
2486,13:05:46,33.8,939582,278,买盘
2487,13:05:49,33.8,250101,74,买盘
2488,13:05:52,33.79,544143,161,卖盘
2489,13:05:55,33.79,331178,98,买盘
2490,13:05:58,33.79,50696,15,卖盘
2491,13:06:01,33.79,64216,19,卖盘
2492,13:06:04,33.8,155474,46,买盘
2493,13:06:07,33.8,1017175,301,买盘
2494,13:06:10,33.8,243362,72,买盘
2495,13:06:13,33.8,165640,49,卖盘
2496,13:06:16,33.83,1576072,466,买盘
2497,13:06:19,33.83,165767,49,卖盘
2498,13:06:22,33.84,108264,32,买盘
2499,13:06:25,33.83,145468,43,卖盘
2500,13:06:28,33.83,182682,54,买盘
2501,13:06:31,33.84,318011,94,买盘
2502,13:06:34,33.83,575054,170,买盘
2503,13:06:37,33.83,328178,97,买盘
2504,13:06:40,33.83,87950,26,买盘
2505,13:06:43,33.81,277307,82,卖盘
2506,13:06:46,33.83,399147,118,买盘
2507,13:06:49,33.81,54112,16,卖盘
2508,13:06:52,33.83,405951,120,买盘
2509,13:06:55,33.81,20290,6,卖盘
2510,13:06:58,33.83,67644,20,买盘
2511,13:07:01,33.82,196195,58,卖盘
2512,13:07:04,33.82,202919,60,卖盘
2513,13:07:07,33.82,152190,45,买盘
2514,13:07:10,33.82,30433,9,买盘
2515,13:07:13,33.82,77783,23,买盘
2516,13:07:16,33.82,344864,102,买盘
2517,13:07:19,33.81,81151,24,买盘
2518,13:07:22,33.81,37191,11,买盘
2519,13:07:25,33.81,23667,7,买盘
2520,13:07:28,33.8,361757,107,卖盘
2521,13:07:31,33.81,740239,219,中性盘
2522,13:07:34,33.8,466680,138,中性盘
2523,13:07:37,33.8,756973,224,卖盘
2524,13:07:40,33.8,152137,45,卖盘
2525,13:07:43,33.8,243369,72,卖盘
2526,13:07:46,33.8,148751,44,卖盘
2527,13:07:49,33.87,10509277,3106,买盘
2528,13:07:52,33.86,900908,266,中性盘
2529,13:07:55,33.87,1822623,538,买盘
2530,13:07:58,33.91,6341504,1871,买盘
2531,13:08:01,33.92,1048119,309,买盘
2532,13:08:04,33.94,1225106,361,买盘
2533,13:08:07,33.94,179863,53,买盘
2534,13:08:10,33.94,529476,156,买盘
2535,13:08:13,33.94,149342,44,卖盘
2536,13:08:16,33.93,1880287,554,卖盘
2537,13:08:19,33.93,447944,132,卖盘
2538,13:08:22,33.94,739814,218,买盘
2539,13:08:25,33.92,1414900,417,卖盘
2540,13:08:28,33.92,1586448,468,卖盘
2541,13:08:31,33.88,220243,65,中性盘
2542,13:08:34,33.9,234025,69,中性盘
2543,13:08:37,33.91,50860,15,买盘
2544,13:08:40,33.91,345884,102,买盘
2545,13:08:43,33.91,1356737,400,卖盘
2546,13:08:46,33.91,159401,47,卖盘
2547,13:08:49,33.9,752749,222,卖盘
2548,13:08:52,33.9,71203,21,卖盘
2549,13:08:55,33.9,128822,38,卖盘
2550,13:08:58,33.9,183050,54,买盘
2551,13:09:01,33.89,911869,269,卖盘
2552,13:09:04,33.86,494682,146,卖盘
2553,13:09:07,33.86,98194,29,买盘
2554,13:09:10,33.85,88017,26,卖盘
2555,13:09:13,33.85,1469298,434,买盘
2556,13:09:16,33.85,703973,208,卖盘
2557,13:09:19,33.84,260616,77,卖盘
2558,13:09:22,33.86,155702,46,买盘
2559,13:09:25,33.84,299299,88,中性盘
2560,13:09:28,33.87,247141,73,买盘
2561,13:09:31,33.87,2551352,753,买盘
2562,13:09:34,33.87,714967,211,卖盘
2563,13:09:37,33.88,345545,102,中性盘
2564,13:09:40,33.89,4049630,1195,买盘
2565,13:09:43,33.88,274356,81,买盘
2566,13:09:46,33.87,1101005,325,卖盘
2567,13:09:49,33.86,199798,59,中性盘
2568,13:09:52,33.84,707452,209,卖盘
2569,13:09:55,33.85,362338,107,卖盘
2570,13:09:58,33.84,148962,44,卖盘
2571,13:10:01,33.85,517937,153,买盘
2572,13:10:04,33.84,1299686,384,卖盘
2573,13:10:07,33.84,297822,88,卖盘
2574,13:10:10,33.84,260558,77,卖盘
2575,13:10:13,33.84,218606,65,卖盘
2576,13:10:16,33.84,351936,104,买盘
2577,13:10:19,33.85,1419281,419,买盘
2578,13:10:22,33.86,1292838,382,买盘
2579,13:10:25,33.86,169296,50,卖盘
2580,13:10:28,33.85,196389,58,卖盘
2581,13:10:31,33.86,480812,142,买盘
2582,13:10:34,33.85,135430,40,卖盘
2583,13:10:37,33.85,318183,94,卖盘
2584,13:10:40,33.86,169251,50,买盘
2585,13:10:43,33.84,331651,98,卖盘
2586,13:10:46,33.85,331678,98,买盘
2587,13:10:49,33.84,216612,64,卖盘
2588,13:10:52,33.83,209830,62,卖盘
2589,13:10:55,33.83,345067,102,卖盘
2590,13:10:58,33.83,345106,102,卖盘
2591,13:11:01,33.84,1596952,472,买盘
2592,13:11:04,33.84,1154108,341,卖盘
2593,13:11:07,33.86,501074,148,买盘
2594,13:11:10,33.85,470398,139,中性盘
2595,13:11:13,33.84,128584,38,卖盘
2596,13:11:16,33.83,125176,37,卖盘
2597,13:11:19,33.84,27071,8,买盘
2598,13:11:22,33.83,263894,78,卖盘
2599,13:11:25,33.84,101502,30,买盘
2600,13:11:28,33.83,101494,30,卖盘
2601,13:11:31,33.83,338300,100,卖盘
2602,13:11:34,33.83,196212,58,买盘
2603,13:11:37,33.82,551307,163,卖盘
2604,13:11:40,33.81,605319,179,卖盘
2605,13:11:43,33.81,263735,78,买盘
2606,13:11:46,33.8,219737,65,卖盘
2607,13:11:49,33.8,557736,165,卖盘
2608,13:11:55,33.79,20274,6,卖盘
2609,13:11:58,33.79,246673,73,卖盘
2610,13:12:01,33.78,16892,5,卖盘
2611,13:12:04,33.79,141888,42,买盘
2612,13:12:07,33.78,206058,61,卖盘
2613,13:12:10,33.77,185760,55,卖盘
2614,13:12:13,33.77,87802,26,卖盘
2615,13:12:16,33.77,108064,32,卖盘
2616,13:12:19,33.76,60777,18,卖盘
2617,13:12:22,33.75,23628,7,卖盘
2618,13:12:28,33.75,20250,6,卖盘
2619,13:12:31,33.75,77639,23,卖盘
2620,13:12:34,33.74,141729,42,卖盘
2621,13:12:37,33.75,40499,12,买盘
2622,13:12:40,33.78,1813346,537,买盘
2623,13:12:43,33.78,108098,32,卖盘
2624,13:12:46,33.78,104721,31,卖盘
2625,13:12:49,33.78,64183,19,卖盘
2626,13:12:52,33.78,483054,143,卖盘
2627,13:12:55,33.77,162105,48,卖盘
2628,13:12:58,33.78,33780,10,买盘
2629,13:13:01,33.75,773145,229,卖盘
2630,13:13:04,33.74,175481,52,卖盘
2631,13:13:07,33.74,192318,57,卖盘
2632,13:13:10,33.75,134984,40,买盘
2633,13:13:13,33.75,43872,13,卖盘
2634,13:13:16,33.75,465745,138,买盘
2635,13:13:19,33.77,226128,67,买盘
2636,13:13:22,33.75,145083,43,买盘
2637,13:13:25,33.74,442168,131,卖盘
2638,13:13:28,33.74,84375,25,卖盘
2639,13:13:34,33.75,101250,30,买盘
2640,13:13:37,33.75,330655,98,卖盘
2641,13:13:40,33.75,30369,9,买盘
2642,13:13:43,33.75,752398,223,买盘
2643,13:13:46,33.76,141756,42,中性盘
2644,13:13:49,33.75,111384,33,卖盘
2645,13:13:52,33.75,87750,26,卖盘
2646,13:13:55,33.75,425270,126,卖盘
2647,13:13:58,33.75,13502,4,卖盘
2648,13:14:01,33.75,165374,49,卖盘
2649,13:14:04,33.75,16875,5,买盘
2650,13:14:07,33.73,107963,32,卖盘
2651,13:14:10,33.75,337493,100,买盘
2652,13:14:13,33.75,145094,43,买盘
2653,13:14:16,33.76,789846,234,买盘
2654,13:14:19,33.76,796780,236,中性盘
2655,13:14:22,33.76,280127,83,中性盘
2656,13:14:25,33.78,993081,294,买盘
2657,13:14:28,33.76,40521,12,卖盘
2658,13:14:31,33.76,956294,283,卖盘
2659,13:14:34,33.79,20274,6,中性盘
2660,13:14:37,33.8,37180,11,买盘
2661,13:14:43,33.8,57454,17,买盘
2662,13:14:46,33.79,57450,17,卖盘
2663,13:14:49,33.79,37172,11,买盘
2664,13:14:52,33.79,50676,15,买盘
2665,13:14:55,33.78,101352,30,卖盘
2666,13:14:58,33.78,16890,5,买盘
2667,13:15:01,33.77,30401,9,卖盘
2668,13:15:04,33.77,243205,72,卖盘
2669,13:15:07,33.74,509741,151,卖盘
2670,13:15:10,33.72,236163,70,卖盘
2671,13:15:13,33.75,155191,46,买盘
2672,13:15:16,33.73,74204,22,卖盘
2673,13:15:19,33.75,256386,76,买盘
2674,13:15:22,33.73,195641,58,卖盘
2675,13:15:25,33.73,60714,18,中性盘
2676,13:15:28,33.72,114652,34,卖盘
2677,13:15:31,33.72,165272,49,卖盘
2678,13:15:34,33.73,60710,18,买盘
2679,13:15:37,33.72,1069043,317,卖盘
2680,13:15:40,33.72,509163,151,买盘
2681,13:15:43,33.72,151743,45,买盘
2682,13:15:46,33.72,37093,11,卖盘
2683,13:15:49,33.73,20236,6,买盘
2684,13:15:52,33.73,77579,23,买盘
2685,13:15:55,33.73,269866,80,卖盘
2686,13:15:58,33.72,134907,40,卖盘
2687,13:16:01,33.73,600383,178,买盘
2688,13:16:04,33.73,259721,77,买盘
2689,13:16:07,33.73,91070,27,卖盘
2690,13:16:10,33.73,20239,6,中性盘
2691,13:16:13,33.73,30357,9,买盘
2692,13:16:16,33.72,16860,5,卖盘
2693,13:16:19,33.72,138305,41,卖盘
2694,13:16:22,33.74,799532,237,买盘
2695,13:16:25,33.75,16873,5,买盘
2696,13:16:28,33.74,647677,192,卖盘
2697,13:16:31,33.74,23617,7,买盘
2698,13:16:34,33.74,84345,25,买盘
2699,13:16:40,33.74,80958,24,买盘
2700,13:16:43,33.74,205814,61,买盘
2701,13:16:46,33.73,337418,100,卖盘
2702,13:16:49,33.74,10122,3,买盘
2703,13:16:52,33.73,215923,64,卖盘
2704,13:16:55,33.73,1160518,344,卖盘
2705,13:16:58,33.73,101190,30,买盘
2706,13:17:01,33.73,124801,37,买盘
2707,13:17:04,33.73,50588,15,买盘
2708,13:17:10,33.72,118023,35,卖盘
2709,13:17:13,33.73,128146,38,买盘
2710,13:17:16,33.71,917219,272,卖盘
2711,13:17:19,33.71,50578,15,卖盘
2712,13:17:22,33.71,57307,17,卖盘
2713,13:17:25,33.71,37081,11,卖盘
2714,13:17:28,33.71,249454,74,卖盘
2715,13:17:31,33.71,168542,50,买盘
2716,13:17:34,33.7,198841,59,卖盘
2717,13:17:37,33.71,161761,48,买盘
2718,13:17:40,33.71,1061852,315,买盘
2719,13:17:43,33.7,1773361,526,卖盘
2720,13:17:46,33.71,20223,6,中性盘
2721,13:17:49,33.71,242712,72,卖盘
2722,13:17:52,33.73,161887,48,买盘
2723,13:17:55,33.74,6748,2,买盘
2724,13:17:58,33.74,114714,34,买盘
2725,13:18:04,33.74,33740,10,买盘
2726,13:18:07,33.73,13492,4,卖盘
2727,13:18:10,33.74,199051,59,买盘
2728,13:18:13,33.74,269893,80,卖盘
2729,13:18:16,33.74,3374,1,卖盘
2730,13:18:19,33.75,107978,32,买盘
2731,13:18:22,33.75,337588,100,买盘
2732,13:18:25,33.75,40501,12,卖盘
2733,13:18:28,33.75,6751,2,卖盘
2734,13:18:31,33.77,216033,64,买盘
2735,13:18:34,33.75,219397,65,卖盘
2736,13:18:37,33.77,74276,22,买盘
2737,13:18:40,33.76,30389,9,中性盘
2738,13:18:43,33.77,54028,16,买盘
2739,13:18:46,33.77,50655,15,买盘
2740,13:18:49,33.77,33770,10,卖盘
2741,13:18:52,33.78,33779,10,买盘
2742,13:18:55,33.77,304010,90,卖盘
2743,13:18:58,33.78,97954,29,买盘
2744,13:19:01,33.78,202680,60,买盘
2745,13:19:04,33.81,5032937,1489,买盘
2746,13:19:07,33.81,175813,52,中性盘
2747,13:19:10,33.82,118368,35,买盘
2748,13:19:13,33.83,392371,116,买盘
2749,13:19:16,33.83,199597,59,买盘
2750,13:19:19,33.83,3202127,946,卖盘
2751,13:19:22,33.86,399515,118,买盘
2752,13:19:25,33.86,77878,23,买盘
2753,13:19:28,33.85,138813,41,卖盘
2754,13:19:31,33.85,196301,58,买盘
2755,13:19:34,33.85,446935,132,卖盘
2756,13:19:37,33.85,301168,89,买盘
2757,13:19:40,33.86,538254,159,买盘
2758,13:19:43,33.85,257260,76,卖盘
2759,13:19:46,33.85,348655,103,买盘
2760,13:19:49,33.84,162445,48,卖盘
2761,13:19:52,33.84,179328,53,买盘
2762,13:19:55,33.83,67670,20,卖盘
2763,13:19:58,33.84,260501,77,买盘
2764,13:20:01,33.82,541358,160,卖盘
2765,13:20:04,33.82,554695,164,卖盘
2766,13:20:07,33.81,344888,102,卖盘
2767,13:20:10,33.82,54108,16,买盘
2768,13:20:13,33.8,466530,138,卖盘
2769,13:20:16,33.8,43940,13,卖盘
2770,13:20:19,33.81,730181,216,买盘
2771,13:20:22,33.82,456526,135,买盘
2772,13:20:25,33.81,2214029,655,卖盘
2773,13:20:28,33.8,113928,34,卖盘
2774,13:20:31,33.81,170039,50,买盘
2775,13:20:34,33.81,419305,124,中性盘
2776,13:20:37,33.84,1282263,379,买盘
2777,13:20:40,33.85,1847909,546,买盘
2778,13:20:43,33.84,186120,55,卖盘
2779,13:20:46,33.84,159048,47,买盘
2780,13:20:49,33.83,50751,15,卖盘
2781,13:20:52,33.83,507450,150,买盘
2782,13:20:55,33.83,81192,24,买盘
2783,13:20:58,33.82,490400,145,卖盘
2784,13:21:01,33.82,588467,174,买盘
2785,13:21:04,33.82,199538,59,买盘
2786,13:21:07,33.81,104828,31,卖盘
2787,13:21:10,33.82,135275,40,买盘
2788,13:21:13,33.8,743873,220,卖盘
2789,13:21:16,33.81,74362,22,买盘
2790,13:21:19,33.8,128445,38,卖盘
2791,13:21:22,33.8,60850,18,卖盘
2792,13:21:25,33.8,780780,231,卖盘
2793,13:21:28,33.8,3380,1,买盘
2794,13:21:31,33.8,84497,25,买盘
2795,13:21:34,33.79,182466,54,卖盘
2796,13:21:37,33.79,33790,10,卖盘
2797,13:21:40,33.78,114868,34,卖盘
2798,13:21:43,33.78,270241,80,卖盘
2799,13:21:46,33.79,6757,2,买盘
2800,13:21:49,33.78,141877,42,卖盘
2801,13:21:52,33.79,50675,15,买盘
2802,13:21:55,33.78,74324,22,卖盘
2803,13:21:58,33.78,81072,24,卖盘
2804,13:22:01,33.77,13508,4,卖盘
2805,13:22:04,33.77,60795,18,卖盘
2806,13:22:07,33.76,975914,289,卖盘
2807,13:22:10,33.75,435305,129,卖盘
2808,13:22:13,33.74,77565,23,中性盘
2809,13:22:19,33.73,155094,46,买盘
2810,13:22:22,33.72,121390,36,买盘
2811,13:22:28,33.72,249539,74,卖盘
2812,13:22:31,33.72,6744,2,买盘
2813,13:22:34,33.71,1028268,305,卖盘
2814,13:22:37,33.72,118024,35,卖盘
2815,13:22:40,33.71,289910,86,卖盘
2816,13:22:43,33.71,171921,51,买盘
2817,13:22:46,33.7,387621,115,卖盘
2818,13:22:49,33.7,428056,127,卖盘
2819,13:22:52,33.7,242640,72,卖盘
2820,13:22:55,33.7,47182,14,卖盘
2821,13:22:58,33.7,97750,29,卖盘
2822,13:23:01,33.71,70772,21,买盘
2823,13:23:04,33.7,306670,91,卖盘
2824,13:23:07,33.7,107846,32,卖盘
2825,13:23:10,33.7,185350,55,卖盘
2826,13:23:13,33.7,23590,7,买盘
2827,13:23:16,33.69,1129174,335,卖盘
2828,13:23:19,33.68,485109,144,卖盘
2829,13:23:22,33.69,6738,2,中性盘
2830,13:23:25,33.69,141497,42,买盘
2831,13:23:28,33.69,3369,1,买盘
2832,13:23:31,33.68,77468,23,卖盘
2833,13:23:34,33.69,141463,42,买盘
2834,13:23:37,33.68,60638,18,卖盘
2835,13:23:43,33.68,138115,41,卖盘
2836,13:23:46,33.69,144867,43,买盘
2837,13:23:49,33.68,384018,114,卖盘
2838,13:23:52,33.69,30328,9,卖盘
2839,13:23:55,33.69,37059,11,卖盘
2840,13:23:58,33.7,249380,74,买盘
2841,13:24:01,33.7,10110,3,卖盘
2842,13:24:04,33.7,70770,21,卖盘
2843,13:24:07,33.71,3371,1,买盘
2844,13:24:10,33.7,138186,41,卖盘
2845,13:24:19,33.7,6740,2,卖盘
2846,13:24:22,33.7,286476,85,卖盘
2847,13:24:25,33.7,43818,13,卖盘
2848,13:24:28,33.71,188740,56,买盘
2849,13:24:31,33.71,424646,126,买盘
2850,13:24:34,33.71,323616,96,买盘
2851,13:24:37,33.72,117998,35,买盘
2852,13:24:43,33.71,97751,29,卖盘
2853,13:24:46,33.71,13487,4,卖盘
2854,13:24:49,33.71,50565,15,买盘
2855,13:24:52,33.71,16855,5,买盘
2856,13:24:55,33.71,377536,112,买盘
2857,13:24:58,33.71,114603,34,买盘
2858,13:25:01,33.71,215743,64,买盘
2859,13:25:04,33.71,114614,34,卖盘
2860,13:25:07,33.71,16855,5,卖盘
2861,13:25:10,33.7,23595,7,卖盘
2862,13:25:13,33.7,104493,31,卖盘
2863,13:25:16,33.7,232560,69,卖盘
2864,13:25:19,33.7,20221,6,卖盘
2865,13:25:22,33.69,697538,207,卖盘
2866,13:25:25,33.7,421244,125,买盘
2867,13:25:28,33.7,70770,21,买盘
2868,13:25:31,33.69,94332,28,卖盘
2869,13:25:34,33.7,53906,16,买盘
2870,13:25:37,33.69,90973,27,卖盘
2871,13:25:40,33.69,70751,21,卖盘
2872,13:25:43,33.7,134790,40,买盘
2873,13:25:46,33.7,168500,50,买盘
2874,13:25:49,33.69,6738,2,卖盘
2875,13:25:52,33.7,421230,125,买盘
2876,13:25:55,33.7,205579,61,买盘
2877,13:25:58,33.71,23597,7,买盘
2878,13:26:01,33.71,198889,59,买盘
2879,13:26:07,33.71,229220,68,买盘
2880,13:26:10,33.71,144943,43,买盘
2881,13:26:13,33.71,53936,16,买盘
2882,13:26:16,33.71,23597,7,卖盘
2883,13:26:22,33.71,37086,11,卖盘
2884,13:26:25,33.71,182015,54,卖盘
2885,13:26:28,33.7,1172781,348,卖盘
2886,13:26:31,33.71,47184,14,买盘
2887,13:26:34,33.71,43823,13,买盘
2888,13:26:37,33.71,6742,2,买盘
2889,13:26:40,33.71,3371,1,买盘
2890,13:26:43,33.71,3371,1,买盘
2891,13:26:46,33.7,47180,14,卖盘
2892,13:26:49,33.7,1277230,379,卖盘
2893,13:26:52,33.69,26952,8,卖盘
2894,13:26:55,33.69,40438,12,卖盘
2895,13:26:58,33.69,47166,14,卖盘
2896,13:27:01,33.69,23583,7,卖盘
2897,13:27:04,33.7,3370,1,买盘
2898,13:27:07,33.7,151616,45,买盘
2899,13:27:10,33.7,16850,5,买盘
2900,13:27:13,33.7,529084,157,买盘
2901,13:27:16,33.71,613342,182,买盘
2902,13:27:19,33.7,53923,16,卖盘
2903,13:27:25,33.7,566160,168,卖盘
2904,13:27:28,33.71,16855,5,买盘
2905,13:27:31,33.71,195493,58,买盘
2906,13:27:34,33.7,101121,30,卖盘
2907,13:27:37,33.7,195466,58,卖盘
2908,13:27:40,33.7,205628,61,卖盘
2909,13:27:43,33.7,84269,25,卖盘
2910,13:27:46,33.71,40452,12,买盘
2911,13:27:49,33.7,87629,26,卖盘
2912,13:27:52,33.71,114614,34,买盘
2913,13:27:55,33.7,37076,11,卖盘
2914,13:27:58,33.71,87625,26,买盘
2915,13:28:01,33.7,67405,20,卖盘
2916,13:28:04,33.7,16850,5,卖盘
2917,13:28:07,33.71,441475,131,买盘
2918,13:28:10,33.7,6740,2,卖盘
2919,13:28:13,33.7,539331,160,卖盘
2920,13:28:16,33.7,91009,27,卖盘
2921,13:28:19,33.72,70772,21,买盘
2922,13:28:22,33.72,3372,1,买盘
2923,13:28:25,33.71,47200,14,卖盘
2924,13:28:28,33.71,30340,9,卖盘
2925,13:28:31,33.71,33708,10,买盘
2926,13:28:34,33.71,91017,27,买盘
2927,13:28:37,33.71,37081,11,卖盘
2928,13:28:40,33.71,289906,86,卖盘
2929,13:28:43,33.71,47194,14,卖盘
2930,13:28:46,33.71,262938,78,卖盘
2931,13:28:49,33.7,731686,217,卖盘
2932,13:28:52,33.71,23597,7,买盘
2933,13:28:55,33.72,937416,278,买盘
2934,13:28:58,33.71,239341,71,卖盘
2935,13:29:01,33.71,148323,44,买盘
2936,13:29:04,33.7,361535,107,卖盘
2937,13:29:07,33.71,30339,9,买盘
2938,13:29:10,33.71,6743,2,卖盘
2939,13:29:13,33.73,2273224,674,买盘
2940,13:29:16,33.73,930948,276,卖盘
2941,13:29:19,33.73,16866,5,卖盘
2942,13:29:22,33.75,67478,20,买盘
2943,13:29:25,33.75,70875,21,买盘
2944,13:29:28,33.75,104624,31,买盘
2945,13:29:31,33.75,367857,109,买盘
2946,13:29:34,33.74,249748,74,卖盘
2947,13:29:37,33.75,23623,7,买盘
2948,13:29:40,33.75,40500,12,卖盘
2949,13:29:43,33.75,43875,13,买盘
2950,13:29:46,33.75,350907,104,买盘
2951,13:29:49,33.74,37115,11,买盘
2952,13:29:52,33.73,101243,30,卖盘
2953,13:29:55,33.75,23625,7,买盘
2954,13:30:04,33.75,131619,39,买盘
2955,13:30:07,33.75,202499,60,买盘
2956,13:30:10,33.76,269968,80,买盘
2957,13:30:13,33.76,20256,6,买盘
2958,13:30:16,33.75,266677,79,卖盘
2959,13:30:19,33.74,259878,77,卖盘
2960,13:30:22,33.75,189006,56,买盘
2961,13:30:25,33.74,20245,6,卖盘
2962,13:30:28,33.74,185568,55,卖盘
2963,13:30:31,33.74,23616,7,买盘
2964,13:30:34,33.73,145034,43,卖盘
2965,13:30:37,33.73,26984,8,买盘
2966,13:30:40,33.72,53952,16,卖盘
2967,13:30:43,33.72,87669,26,买盘
2968,13:30:46,33.71,128118,38,卖盘
2969,13:30:49,33.71,10114,3,卖盘
2970,13:30:52,33.7,610048,181,卖盘
2971,13:30:55,33.7,107857,32,卖盘
2972,13:30:58,33.71,50565,15,买盘
2973,13:31:01,33.7,16850,5,卖盘
2974,13:31:04,33.7,111210,33,卖盘
2975,13:31:07,33.7,586398,174,卖盘
2976,13:31:10,33.69,380805,113,卖盘
2977,13:31:13,33.7,64012,19,中性盘
2978,13:31:16,33.7,188712,56,买盘
2979,13:31:19,33.69,959389,285,卖盘
2980,13:31:22,33.69,43797,13,买盘
2981,13:31:25,33.69,94329,28,买盘
2982,13:31:28,33.68,235778,70,卖盘
2983,13:31:34,33.69,24526,7,买盘
2984,13:31:37,33.69,30321,9,卖盘
2985,13:31:40,33.7,283085,84,买盘
2986,13:31:43,33.69,463979,138,卖盘
2987,13:31:46,33.7,111206,33,买盘
2988,13:31:49,33.7,70770,21,买盘
2989,13:31:52,33.7,53920,16,买盘
2990,13:31:55,33.69,434612,129,卖盘
2991,13:31:58,33.7,81823,24,买盘
2992,13:32:01,33.7,49607,15,卖盘
2993,13:32:04,33.69,20218,6,卖盘
2994,13:32:07,33.69,37059,11,卖盘
2995,13:32:10,33.7,13480,4,买盘
2996,13:32:13,33.69,60642,18,卖盘
2997,13:32:16,33.7,37069,11,买盘
2998,13:32:19,33.69,276298,82,卖盘
2999,13:32:22,33.7,20220,6,买盘
3000,13:32:25,33.69,357094,106,卖盘
3001,13:32:31,33.68,60632,18,卖盘
3002,13:32:34,33.69,171809,51,买盘
3003,13:32:37,33.69,87589,26,买盘
3004,13:32:40,33.69,67371,20,买盘
3005,13:32:43,33.69,178551,53,买盘
3006,13:32:46,33.69,3369,1,卖盘
3007,13:32:49,33.69,107808,32,卖盘
3008,13:32:52,33.69,60646,18,买盘
3009,13:32:55,33.7,3370,1,买盘
3010,13:32:58,33.7,77489,23,买盘
3011,13:33:01,33.7,50550,15,买盘
3012,13:33:07,33.69,134765,40,卖盘
3013,13:33:10,33.69,90963,27,卖盘
3014,13:33:13,33.69,26952,8,卖盘
3015,13:33:16,33.7,13480,4,买盘
3016,13:33:19,33.68,481742,143,卖盘
3017,13:33:22,33.68,431116,128,卖盘
3018,13:33:25,33.68,330064,98,卖盘
3019,13:33:28,33.68,127989,38,卖盘
3020,13:33:31,33.68,57256,17,卖盘
3021,13:33:34,33.68,37048,11,卖盘
3022,13:33:37,33.68,309861,92,卖盘
3023,13:33:40,33.68,80833,24,卖盘
3024,13:33:43,33.68,397429,118,卖盘
3025,13:33:46,33.69,63994,19,买盘
3026,13:33:49,33.68,33682,10,卖盘
3027,13:33:52,33.68,23576,7,卖盘
3028,13:33:55,33.68,400792,119,卖盘
3029,13:33:58,33.68,178485,53,买盘
3030,13:34:01,33.67,1148150,341,卖盘
3031,13:34:04,33.67,37034,11,买盘
3032,13:34:07,33.67,30302,9,买盘
3033,13:34:10,33.66,181775,54,卖盘
3034,13:34:13,33.67,249086,74,买盘
3035,13:34:16,33.67,43771,13,买盘
3036,13:34:19,33.67,164974,49,卖盘
3037,13:34:22,33.67,6734,2,买盘
3038,13:34:28,33.66,272677,81,卖盘
3039,13:34:31,33.66,26928,8,卖盘
3040,13:34:34,33.67,245785,73,买盘
3041,13:34:37,33.66,144743,43,卖盘
3042,13:34:40,33.67,50496,15,买盘
3043,13:34:43,33.66,6732,2,卖盘
3044,13:34:46,33.67,111098,33,买盘
3045,13:34:49,33.67,228956,68,买盘
3046,13:34:52,33.65,774142,230,卖盘
3047,13:34:55,33.65,2685255,798,卖盘
3048,13:34:58,33.61,511032,152,卖盘
3049,13:35:01,33.61,100831,30,卖盘
3050,13:35:04,33.61,70592,21,卖盘
3051,13:35:07,33.62,221868,66,买盘
3052,13:35:10,33.62,114279,34,中性盘
3053,13:35:13,33.62,158016,47,卖盘
3054,13:35:16,33.62,201753,60,卖盘
3055,13:35:19,33.63,30270,9,中性盘
3056,13:35:22,33.63,3431835,1021,卖盘
3057,13:35:25,33.62,16806,5,卖盘
3058,13:35:28,33.62,275747,82,买盘
3059,13:35:31,33.62,57154,17,卖盘
3060,13:35:34,33.62,201697,60,卖盘
