,成交时间,成交价格,成交金额,成交量,性质
0,09:25:03,15.14,2074180,1370,卖盘
1,09:30:00,15.14,195079,129,买盘
2,09:30:03,15.17,281823,186,买盘
3,09:30:06,15.2,1179889,777,买盘
4,09:30:09,15.14,479489,316,卖盘
5,09:30:12,15.17,1117532,737,买盘
6,09:30:15,15.18,242821,160,买盘
7,09:30:18,15.17,1006216,663,卖盘
8,09:30:21,15.19,151811,100,买盘
9,09:30:24,15.2,322091,212,买盘
10,09:30:27,15.18,726299,478,卖盘
11,09:30:30,15.2,141333,93,买盘
12,09:30:33,15.21,661734,435,买盘
13,09:30:36,15.21,894832,588,卖盘
14,09:30:39,15.22,783825,515,买盘
15,09:30:42,15.23,563461,370,买盘
16,09:30:45,15.24,924918,607,买盘
17,09:30:48,15.24,1271017,834,买盘
18,09:30:51,15.25,420906,276,买盘
19,09:30:54,15.24,465174,305,卖盘
20,09:30:57,15.25,678682,445,买盘
21,09:31:00,15.26,500273,328,中性盘
22,09:31:03,15.25,936537,614,卖盘
23,09:31:06,15.25,487843,320,买盘
24,09:31:09,15.26,195302,128,买盘
25,09:31:12,15.26,322093,211,卖盘
26,09:31:15,15.26,468568,307,买盘
27,09:31:18,15.26,944600,619,卖盘
28,09:31:21,15.26,1119693,733,买盘
29,09:31:24,15.27,421544,276,买盘
30,09:31:27,15.28,892385,584,买盘
31,09:31:30,15.29,931059,609,买盘
32,09:31:33,15.28,695531,455,卖盘
33,09:31:36,15.29,394470,258,买盘
34,09:31:39,15.3,6120620,4001,买盘
35,09:31:42,15.33,2217474,1447,买盘
36,09:31:45,15.34,139613,91,买盘
37,09:31:48,15.35,2050565,1336,买盘
38,09:31:51,15.36,1663408,1083,买盘
39,09:31:54,15.37,525719,342,买盘
40,09:31:57,15.38,4520280,2937,买盘
41,09:32:00,15.4,880328,572,买盘
42,09:32:03,15.41,1495999,971,买盘
43,09:32:06,15.41,963599,625,卖盘
44,09:32:09,15.4,934996,607,卖盘
45,09:32:12,15.4,2805056,1821,卖盘
46,09:32:15,15.4,1301313,845,买盘
47,09:32:18,15.43,2280348,1479,买盘
48,09:32:21,15.44,1210196,784,买盘
49,09:32:24,15.43,1948283,1262,卖盘
50,09:32:27,15.43,552355,358,买盘
51,09:32:30,15.43,882594,572,卖盘
52,09:32:33,15.4,3250786,2110,卖盘
53,09:32:36,15.39,2091018,1357,卖盘
54,09:32:39,15.39,300227,195,卖盘
55,09:32:42,15.4,457398,297,买盘
56,09:32:45,15.39,1244081,808,卖盘
57,09:32:48,15.39,143168,93,买盘
58,09:32:51,15.4,726706,472,买盘
59,09:32:54,15.38,118454,77,卖盘
60,09:32:57,15.39,440155,286,买盘
61,09:33:00,15.4,792429,515,买盘
62,09:33:03,15.38,441663,287,卖盘
63,09:33:06,15.38,1261482,820,卖盘
64,09:33:09,15.4,805080,523,买盘
65,09:33:12,15.39,1270118,825,卖盘
66,09:33:15,15.41,3484017,2262,买盘
67,09:33:18,15.42,2118954,1374,买盘
68,09:33:21,15.41,2414032,1565,卖盘
69,09:33:24,15.42,764917,496,卖盘
70,09:33:27,15.42,1079518,700,买盘
71,09:33:30,15.43,1104232,716,买盘
72,09:33:33,15.43,607623,394,买盘
73,09:33:36,15.43,325390,211,买盘
74,09:33:39,15.41,263605,171,卖盘
75,09:33:42,15.41,274286,178,买盘
76,09:33:45,15.41,408462,265,买盘
77,09:33:48,15.4,297310,193,卖盘
78,09:33:51,15.4,779359,506,卖盘
79,09:33:54,15.38,343470,223,卖盘
80,09:33:57,15.38,220006,143,卖盘
81,09:34:00,15.38,141423,92,买盘
82,09:34:03,15.38,739076,481,买盘
83,09:34:06,15.36,915595,596,卖盘
84,09:34:09,15.35,316249,206,卖盘
85,09:34:12,15.34,132085,86,卖盘
86,09:34:15,15.35,125845,82,买盘
87,09:34:18,15.34,366624,239,卖盘
88,09:34:21,15.32,91969,60,卖盘
89,09:34:24,15.31,133380,87,卖盘
90,09:34:27,15.32,774123,505,中性盘
91,09:34:30,15.32,230068,150,卖盘
92,09:34:33,15.34,39840,26,买盘
93,09:34:36,15.33,919316,600,中性盘
94,09:34:39,15.33,24537,16,买盘
95,09:34:42,15.35,1121388,731,买盘
96,09:34:45,15.36,242489,158,买盘
97,09:34:48,15.37,472604,308,买盘
98,09:34:51,15.34,185810,121,卖盘
99,09:34:54,15.35,43013,28,卖盘
100,09:34:57,15.36,41456,27,买盘
101,09:35:00,15.37,69140,45,买盘
102,09:35:03,15.36,290179,189,卖盘
103,09:35:06,15.35,66044,43,卖盘
104,09:35:09,15.35,33771,22,卖盘
105,09:35:12,15.35,29168,19,卖盘
106,09:35:15,15.34,239429,156,卖盘
107,09:35:18,15.35,85957,56,买盘
108,09:35:21,15.33,92025,60,卖盘
109,09:35:24,15.34,133432,87,中性盘
110,09:35:27,15.34,24544,16,卖盘
111,09:35:30,15.34,489128,319,卖盘
112,09:35:33,15.33,62854,41,卖盘
113,09:35:36,15.34,335755,219,买盘
114,09:35:39,15.33,1304627,852,买盘
115,09:35:42,15.33,157861,103,买盘
116,09:35:45,15.31,191416,125,卖盘
117,09:35:48,15.33,141019,92,买盘
118,09:35:51,15.31,27558,18,卖盘
119,09:35:54,15.31,15314,10,卖盘
120,09:35:57,15.31,696318,455,卖盘
121,09:36:00,15.31,237305,155,买盘
122,09:36:03,15.31,55119,36,卖盘
123,09:36:06,15.31,65821,43,卖盘
124,09:36:09,15.31,9186,6,买盘
125,09:36:12,15.29,619505,405,卖盘
126,09:36:15,15.3,146855,96,买盘
127,09:36:18,15.29,76450,50,卖盘
128,09:36:21,15.29,645250,422,卖盘
129,09:36:24,15.29,129918,85,买盘
130,09:36:27,15.29,496857,325,买盘
131,09:36:30,15.29,258353,169,买盘
132,09:36:33,15.29,143722,94,买盘
133,09:36:36,15.29,695414,455,买盘
134,09:36:39,15.29,211041,138,卖盘
135,09:36:42,15.29,10703,7,买盘
136,09:36:45,15.28,102422,67,卖盘
137,09:36:48,15.28,149765,98,卖盘
138,09:36:51,15.28,406448,266,卖盘
139,09:36:54,15.28,149724,98,买盘
140,09:36:57,15.28,459407,301,买盘
141,09:37:00,15.26,129859,85,卖盘
142,09:37:03,15.27,114533,75,卖盘
143,09:37:06,15.27,366261,240,买盘
144,09:37:09,15.26,38154,25,卖盘
145,09:37:12,15.27,195416,128,买盘
146,09:37:15,15.26,132758,87,买盘
147,09:37:18,15.26,76273,50,买盘
148,09:37:21,15.24,295848,194,卖盘
149,09:37:24,15.24,282012,185,卖盘
150,09:37:27,15.24,28968,19,卖盘
151,09:37:30,15.24,115899,76,卖盘
152,09:37:33,15.25,164687,108,买盘
153,09:37:36,15.26,233546,153,买盘
154,09:37:39,15.25,9150,6,卖盘
155,09:37:42,15.26,90009,59,买盘
156,09:37:45,15.26,48812,32,买盘
157,09:37:48,15.25,12206,8,卖盘
158,09:37:51,15.26,100711,66,买盘
159,09:37:54,15.25,65603,43,卖盘
160,09:37:57,15.26,161678,106,买盘
161,09:38:00,15.25,105269,69,卖盘
162,09:38:03,15.25,251705,165,卖盘
163,09:38:06,15.26,764269,501,买盘
164,09:38:09,15.28,572560,375,买盘
165,09:38:12,15.29,547017,358,买盘
166,09:38:15,15.29,18336,12,买盘
167,09:38:18,15.29,142124,93,买盘
168,09:38:21,15.29,177322,116,买盘
169,09:38:24,15.29,84019,55,买盘
170,09:38:27,15.27,84108,55,卖盘
171,09:38:30,15.27,47337,31,卖盘
172,09:38:33,15.28,39728,26,买盘
173,09:38:36,15.27,349968,229,卖盘
174,09:38:39,15.28,94716,62,买盘
175,09:38:42,15.27,293231,192,卖盘
176,09:38:45,15.27,174068,114,卖盘
177,09:38:48,15.27,109946,72,卖盘
178,09:38:51,15.26,120554,79,卖盘
179,09:38:54,15.26,401588,263,卖盘
180,09:38:57,15.26,164811,108,卖盘
181,09:39:00,15.27,68689,45,买盘
182,09:39:03,15.26,41224,27,卖盘
183,09:39:06,15.27,131308,86,买盘
184,09:39:09,15.27,33594,22,买盘
185,09:39:12,15.27,129768,85,买盘
186,09:39:15,15.27,22900,15,买盘
187,09:39:18,15.27,68687,45,买盘
188,09:39:21,15.26,47308,31,卖盘
189,09:39:24,15.26,19838,13,卖盘
190,09:39:27,15.26,137274,90,买盘
191,09:39:30,15.26,79328,52,买盘
192,09:39:33,15.25,77808,51,卖盘
193,09:39:36,15.26,45758,30,买盘
194,09:39:39,15.25,3050,2,卖盘
195,09:39:42,15.25,22875,15,卖盘
196,09:39:45,15.25,91503,60,卖盘
197,09:39:48,15.25,82371,54,卖盘
198,09:39:51,15.25,74725,49,卖盘
199,09:39:54,15.26,30512,20,买盘
200,09:39:57,15.26,83920,55,买盘
201,09:40:00,15.25,79300,52,卖盘
202,09:40:03,15.27,506721,332,买盘
203,09:40:06,15.27,35121,23,卖盘
204,09:40:09,15.28,164922,108,买盘
205,09:40:12,15.26,102191,67,卖盘
206,09:40:15,15.27,33588,22,买盘
207,09:40:18,15.25,240992,158,卖盘
208,09:40:21,15.26,16783,11,卖盘
209,09:40:24,15.26,144951,95,中性盘
210,09:40:27,15.26,38150,25,卖盘
211,09:40:30,15.27,199966,131,买盘
212,09:40:33,15.25,109807,72,卖盘
213,09:40:36,15.26,103726,68,买盘
214,09:40:39,15.26,56433,37,买盘
215,09:40:42,15.26,190749,125,买盘
216,09:40:45,15.27,114473,75,买盘
217,09:40:48,15.27,9160,6,买盘
218,09:40:51,15.27,28992,19,买盘
219,09:40:54,15.27,19841,13,买盘
220,09:40:57,15.26,13734,9,买盘
221,09:41:00,15.27,152597,100,买盘
222,09:41:03,15.26,83933,55,卖盘
223,09:41:06,15.27,56484,37,买盘
224,09:41:09,15.27,50375,33,买盘
225,09:41:12,15.27,35121,23,买盘
226,09:41:15,15.27,32058,21,买盘
227,09:41:18,15.27,18315,12,买盘
228,09:41:21,15.26,48832,32,卖盘
229,09:41:24,15.26,132748,87,买盘
230,09:41:27,15.26,103715,68,买盘
231,09:41:30,15.25,83899,55,卖盘
232,09:41:33,15.25,18305,12,卖盘
233,09:41:36,15.28,1331817,872,买盘
234,09:41:39,15.27,32067,21,卖盘
235,09:41:42,15.26,58027,38,卖盘
236,09:41:45,15.26,56488,37,卖盘
237,09:41:48,15.27,50371,33,中性盘
238,09:41:51,15.27,48861,32,卖盘
239,09:41:54,15.26,151074,99,卖盘
240,09:41:57,15.27,59539,39,买盘
241,09:42:00,15.26,79356,52,卖盘
242,09:42:03,15.26,32066,21,卖盘
243,09:42:06,15.27,108395,71,买盘
244,09:42:09,15.26,74856,49,卖盘
245,09:42:12,15.26,90085,59,卖盘
246,09:42:15,15.27,19841,13,中性盘
247,09:42:18,15.28,91598,60,买盘
248,09:42:21,15.28,30545,20,买盘
249,09:42:24,15.28,28996,19,买盘
250,09:42:27,15.26,39716,26,卖盘
251,09:42:30,15.28,44262,29,买盘
252,09:42:33,15.27,33594,22,卖盘
253,09:42:36,15.27,42756,28,卖盘
254,09:42:39,15.27,183358,120,卖盘
255,09:42:42,15.27,73282,48,卖盘
256,09:42:45,15.27,39702,26,买盘
257,09:42:48,15.27,53446,35,卖盘
258,09:42:51,15.27,35121,23,卖盘
259,09:42:54,15.28,88575,58,买盘
260,09:42:57,15.27,38165,25,买盘
261,09:43:00,15.27,51898,34,买盘
262,09:43:03,15.26,132834,87,卖盘
263,09:43:06,15.27,174030,114,中性盘
264,09:43:09,15.27,148211,97,卖盘
265,09:43:12,15.28,119178,78,买盘
266,09:43:15,15.28,119184,78,买盘
267,09:43:18,15.28,6113,4,卖盘
268,09:43:21,15.29,376131,246,买盘
269,09:43:24,15.3,327149,214,买盘
270,09:43:27,15.3,99450,65,买盘
271,09:43:30,15.3,131580,86,买盘
272,09:43:33,15.3,104038,68,买盘
273,09:43:36,15.29,148371,97,卖盘
274,09:43:39,15.29,380768,249,卖盘
275,09:43:45,15.3,223482,146,卖盘
276,09:43:48,15.31,55097,36,买盘
277,09:43:51,15.3,48974,32,卖盘
278,09:43:54,15.31,64269,42,买盘
279,09:43:57,15.3,48944,32,买盘
280,09:44:00,15.3,26010,17,买盘
281,09:44:03,15.3,47412,31,买盘
282,09:44:06,15.29,61164,40,卖盘
283,09:44:09,15.3,45900,30,买盘
284,09:44:12,15.3,27539,18,买盘
285,09:44:15,15.29,9174,6,卖盘
286,09:44:18,15.29,41284,27,卖盘
287,09:44:21,15.29,56594,37,卖盘
288,09:44:24,15.3,70375,46,买盘
289,09:44:27,15.29,13761,9,卖盘
290,09:44:30,15.3,29067,19,买盘
291,09:44:33,15.3,145335,95,买盘
292,09:44:36,15.29,42815,28,卖盘
293,09:44:39,15.3,41309,27,买盘
294,09:44:42,15.29,13762,9,卖盘
295,09:44:45,15.29,33652,22,卖盘
296,09:44:48,15.3,448282,293,买盘
297,09:44:51,15.31,94915,62,买盘
298,09:44:54,15.31,131666,86,买盘
299,09:44:57,15.31,56622,37,买盘
300,09:45:00,15.31,64301,42,买盘
301,09:45:03,15.3,68888,45,卖盘
302,09:45:06,15.31,18372,12,中性盘
303,09:45:09,15.31,22961,15,买盘
304,09:45:12,15.31,114802,75,买盘
305,09:45:15,15.31,68926,45,卖盘
306,09:45:18,15.32,75064,49,买盘
307,09:45:21,15.32,24511,16,买盘
308,09:45:24,15.32,101112,66,买盘
309,09:45:27,15.32,117951,77,买盘
310,09:45:30,15.32,107287,70,卖盘
311,09:45:33,15.33,117991,77,买盘
312,09:45:36,15.32,30642,20,卖盘
313,09:45:39,15.31,263361,172,卖盘
314,09:45:42,15.31,200640,131,买盘
315,09:45:45,15.32,36771,24,买盘
316,09:45:48,15.32,78162,51,卖盘
317,09:45:51,15.32,81196,53,卖盘
318,09:45:54,15.32,72004,47,买盘
319,09:45:57,15.32,59748,39,买盘
320,09:46:00,15.31,39817,26,卖盘
321,09:46:03,15.32,24512,16,买盘
322,09:46:06,15.31,99515,65,卖盘
323,09:46:09,15.31,52063,34,卖盘
324,09:46:12,15.31,55116,36,卖盘
325,09:46:15,15.31,113283,74,买盘
326,09:46:18,15.31,111701,73,买盘
327,09:46:21,15.3,832379,544,卖盘
328,09:46:24,15.31,159232,104,买盘
329,09:46:27,15.31,228119,149,卖盘
330,09:46:30,15.32,304850,199,买盘
331,09:46:33,15.32,962093,628,买盘
332,09:46:36,15.32,461254,301,卖盘
333,09:46:39,15.31,401534,262,卖盘
334,09:46:42,15.32,200684,131,买盘
335,09:46:45,15.31,148553,97,卖盘
336,09:46:48,15.32,64344,42,买盘
337,09:46:51,15.31,30620,20,卖盘
338,09:46:54,15.31,75019,49,卖盘
339,09:46:57,15.31,1531,1,买盘
340,09:47:00,15.32,134754,88,买盘
341,09:47:03,15.32,133264,87,买盘
342,09:47:06,15.32,94990,62,买盘
343,09:47:09,15.32,312636,204,卖盘
344,09:47:12,15.32,302029,197,卖盘
345,09:47:15,15.35,332915,217,买盘
346,09:47:18,15.35,623098,406,买盘
347,09:47:21,15.35,549529,358,买盘
348,09:47:24,15.36,408545,266,买盘
349,09:47:27,15.35,179658,117,卖盘
350,09:47:30,15.35,222619,145,买盘
351,09:47:33,15.35,360504,235,中性盘
352,09:47:36,15.33,564152,368,卖盘
353,09:47:39,15.35,270152,176,买盘
354,09:47:42,15.35,417319,272,买盘
355,09:47:45,15.33,79814,52,卖盘
356,09:47:48,15.35,227033,148,买盘
357,09:47:51,15.34,38341,25,买盘
358,09:47:54,15.34,154864,101,买盘
359,09:47:57,15.34,1534,1,卖盘
360,09:48:00,15.35,98222,64,买盘
361,09:48:03,15.34,119668,78,卖盘
362,09:48:06,15.33,122675,80,卖盘
363,09:48:09,15.33,141082,92,卖盘
364,09:48:12,15.32,64367,42,卖盘
365,09:48:15,15.33,45985,30,买盘
366,09:48:18,15.33,26051,17,买盘
367,09:48:21,15.33,265158,173,买盘
368,09:48:24,15.33,188661,123,卖盘
369,09:48:27,15.33,102711,67,卖盘
370,09:48:30,15.33,323494,211,卖盘
371,09:48:33,15.34,202387,132,买盘
372,09:48:36,15.33,205441,134,卖盘
373,09:48:39,15.33,52122,34,买盘
374,09:48:42,15.34,263775,172,买盘
375,09:48:45,15.33,578074,377,卖盘
376,09:48:48,15.35,768429,501,买盘
377,09:48:51,15.34,147327,96,中性盘
378,09:48:54,15.34,458957,299,卖盘
379,09:48:57,15.34,61378,40,卖盘
380,09:49:00,15.35,190230,124,买盘
381,09:49:03,15.35,138017,90,买盘
382,09:49:06,15.35,87495,57,买盘
383,09:49:09,15.36,156551,102,买盘
384,09:49:12,15.35,33770,22,卖盘
385,09:49:15,15.33,194882,127,卖盘
386,09:49:18,15.34,101249,66,买盘
387,09:49:21,15.35,61376,40,买盘
388,09:49:24,15.34,116532,76,中性盘
389,09:49:27,15.34,16874,11,买盘
390,09:49:30,15.34,167295,109,卖盘
391,09:49:33,15.35,81353,53,买盘
392,09:49:36,15.34,105905,69,卖盘
393,09:49:39,15.34,144197,94,卖盘
394,09:49:45,15.33,121133,79,卖盘
395,09:49:51,15.34,41406,27,买盘
396,09:49:54,15.33,35273,23,卖盘
397,09:49:57,15.33,58255,38,卖盘
398,09:50:00,15.34,141080,92,买盘
399,09:50:03,15.34,231531,151,买盘
400,09:50:06,15.33,59795,39,卖盘
401,09:50:09,15.32,174804,114,卖盘
402,09:50:12,15.32,19916,13,卖盘
403,09:50:15,15.32,170153,111,卖盘
404,09:50:18,15.32,35236,23,卖盘
405,09:50:21,15.32,272743,178,卖盘
406,09:50:24,15.32,194602,127,卖盘
407,09:50:27,15.33,76648,50,买盘
408,09:50:30,15.33,156341,102,买盘
409,09:50:33,15.32,33704,22,卖盘
410,09:50:36,15.32,131772,86,卖盘
411,09:50:39,15.32,50570,33,卖盘
412,09:50:42,15.33,176184,115,买盘
413,09:50:45,15.32,401337,262,买盘
414,09:50:48,15.31,133262,87,卖盘
415,09:50:51,15.32,38300,25,中性盘
416,09:50:54,15.33,199258,130,买盘
417,09:50:57,15.32,84261,55,卖盘
418,09:51:00,15.33,95030,62,买盘
419,09:51:03,15.32,45974,30,卖盘
420,09:51:06,15.32,58230,38,卖盘
421,09:51:09,15.33,229861,150,买盘
422,09:51:12,15.32,33704,22,卖盘
423,09:51:15,15.32,56690,37,买盘
424,09:51:18,15.32,151668,99,卖盘
425,09:51:21,15.33,56711,37,买盘
426,09:51:24,15.32,137914,90,卖盘
427,09:51:27,15.33,49033,32,买盘
428,09:51:30,15.32,114950,75,卖盘
429,09:51:33,15.32,76603,50,卖盘
430,09:51:36,15.33,50586,33,买盘
431,09:51:39,15.32,157854,103,卖盘
432,09:51:42,15.32,32173,21,卖盘
433,09:51:45,15.32,114900,75,买盘
434,09:51:48,15.32,104176,68,卖盘
435,09:51:51,15.32,32180,21,卖盘
436,09:51:54,15.32,41364,27,买盘
437,09:51:57,15.32,75068,49,卖盘
438,09:52:00,15.33,42918,28,买盘
439,09:52:03,15.32,542347,354,卖盘
440,09:52:09,15.33,419828,274,买盘
441,09:52:12,15.33,9197,6,买盘
442,09:52:15,15.32,170085,111,卖盘
443,09:52:18,15.32,47492,31,卖盘
444,09:52:21,15.32,190001,124,卖盘
445,09:52:24,15.32,79695,52,卖盘
446,09:52:27,15.33,904233,590,买盘
447,09:52:30,15.32,630245,411,卖盘
448,09:52:33,15.34,27596,18,买盘
449,09:52:36,15.34,277653,181,买盘
450,09:52:39,15.34,157918,103,买盘
451,09:52:42,15.34,150280,98,买盘
452,09:52:45,15.32,337233,220,卖盘
453,09:52:48,15.34,96642,63,买盘
454,09:52:51,15.32,58217,38,卖盘
455,09:52:54,15.33,29124,19,买盘
456,09:52:57,15.32,352588,230,卖盘
457,09:53:00,15.33,252840,165,买盘
458,09:53:03,15.32,32170,21,中性盘
459,09:53:06,15.32,280264,183,买盘
460,09:53:09,15.32,243561,159,买盘
461,09:53:12,15.32,65873,43,买盘
462,09:53:15,15.31,496143,324,卖盘
463,09:53:18,15.32,1532,1,卖盘
464,09:53:21,15.35,1740134,1134,买盘
465,09:53:24,15.34,826462,539,买盘
466,09:53:27,15.32,701847,458,卖盘
467,09:53:30,15.32,621050,405,卖盘
468,09:53:33,15.31,239040,156,卖盘
469,09:53:36,15.34,520936,340,买盘
470,09:53:39,15.32,529070,345,中性盘
471,09:53:42,15.33,139455,91,中性盘
472,09:53:45,15.34,311232,203,买盘
473,09:53:48,15.32,189983,124,卖盘
474,09:53:51,15.32,289804,189,卖盘
475,09:53:54,15.35,220752,144,买盘
476,09:53:57,15.33,156453,102,卖盘
477,09:54:00,15.34,252948,165,买盘
478,09:54:03,15.34,59753,39,买盘
479,09:54:06,15.32,249859,163,卖盘
480,09:54:09,15.32,118015,77,卖盘
481,09:54:12,15.32,160889,105,卖盘
482,09:54:15,15.33,73584,48,买盘
483,09:54:18,15.34,72071,47,买盘
484,09:54:21,15.33,73606,48,卖盘
485,09:54:24,15.33,79728,52,卖盘
486,09:54:27,15.33,61323,40,卖盘
487,09:54:30,15.34,82778,54,买盘
488,09:54:33,15.32,39855,26,卖盘
489,09:54:36,15.34,27612,18,买盘
490,09:54:39,15.34,55215,36,买盘
491,09:54:42,15.33,72056,47,卖盘
492,09:54:45,15.34,33741,22,买盘
493,09:54:48,15.33,127252,83,卖盘
494,09:54:51,15.33,789515,515,卖盘
495,09:54:54,15.32,504192,329,卖盘
496,09:54:57,15.32,96516,63,卖盘
497,09:55:00,15.33,565403,369,买盘
498,09:55:03,15.32,75069,49,卖盘
499,09:55:06,15.33,383143,250,买盘
500,09:55:09,15.33,1577289,1028,买盘
501,09:55:12,15.31,927192,605,卖盘
502,09:55:15,15.33,320397,209,买盘
503,09:55:18,15.32,401643,262,卖盘
504,09:55:21,15.32,65930,43,卖盘
505,09:55:24,15.34,617940,403,买盘
506,09:55:27,15.32,168530,110,卖盘
507,09:55:30,15.33,288147,188,买盘
508,09:55:33,15.32,64364,42,卖盘
509,09:55:36,15.33,418739,273,中性盘
510,09:55:39,15.32,318809,208,卖盘
511,09:55:42,15.32,393794,257,卖盘
512,09:55:45,15.33,183964,120,买盘
513,09:55:48,15.33,363178,237,卖盘
514,09:55:51,15.32,303194,198,卖盘
515,09:55:54,15.32,136296,89,买盘
516,09:55:57,15.32,113373,74,卖盘
517,09:56:00,15.33,139463,91,买盘
518,09:56:03,15.32,88860,58,卖盘
519,09:56:06,15.33,130291,85,买盘
520,09:56:09,15.34,88920,58,买盘
521,09:56:12,15.31,38281,25,卖盘
522,09:56:15,15.34,64413,42,买盘
523,09:56:18,15.32,50588,33,卖盘
524,09:56:21,15.32,70477,46,卖盘
525,09:56:24,15.33,49037,32,买盘
526,09:56:27,15.31,70496,46,卖盘
527,09:56:30,15.33,94958,62,买盘
528,09:56:33,15.32,18382,12,中性盘
529,09:56:36,15.32,41375,27,卖盘
530,09:56:39,15.33,107259,70,买盘
531,09:56:42,15.32,18384,12,中性盘
532,09:56:45,15.33,53632,35,买盘
533,09:56:48,15.32,13788,9,卖盘
534,09:56:51,15.32,110313,72,卖盘
535,09:56:54,15.33,62848,41,买盘
536,09:56:57,15.33,90383,59,买盘
537,09:57:00,15.31,113397,74,卖盘
538,09:57:03,15.32,151602,99,中性盘
539,09:57:06,15.32,50558,33,买盘
540,09:57:09,15.32,81196,53,卖盘
541,09:57:12,15.33,64369,42,买盘
542,09:57:15,15.31,119458,78,卖盘
543,09:57:18,15.33,114865,75,买盘
544,09:57:21,15.32,47492,31,买盘
545,09:57:24,15.31,85766,56,卖盘
546,09:57:27,15.32,50534,33,买盘
547,09:57:30,15.32,41364,27,买盘
548,09:57:33,15.31,52058,34,卖盘
549,09:57:36,15.32,30625,20,买盘
550,09:57:39,15.31,65874,43,卖盘
551,09:57:42,15.32,159234,104,买盘
552,09:57:45,15.32,117927,77,买盘
553,09:57:48,15.31,101091,66,卖盘
554,09:57:51,15.31,176194,115,卖盘
555,09:57:54,15.32,59724,39,买盘
556,09:57:57,15.32,56676,37,买盘
557,09:58:00,15.32,70441,46,买盘
558,09:58:03,15.32,16852,11,买盘
559,09:58:06,15.31,26027,17,卖盘
560,09:58:09,15.31,58178,38,卖盘
561,09:58:12,15.32,15320,10,买盘
562,09:58:15,15.31,26027,17,卖盘
563,09:58:18,15.31,408827,267,卖盘
564,09:58:21,15.3,315323,206,卖盘
565,09:58:24,15.32,117908,77,买盘
566,09:58:27,15.32,217406,142,买盘
567,09:58:30,15.31,130175,85,中性盘
568,09:58:33,15.3,145453,95,卖盘
569,09:58:36,15.3,108664,71,卖盘
570,09:58:39,15.31,280012,183,买盘
571,09:58:42,15.3,134640,88,卖盘
572,09:58:45,15.3,81127,53,卖盘
573,09:58:48,15.3,521777,341,卖盘
574,09:58:51,15.3,318353,208,卖盘
575,09:58:54,15.31,422372,276,买盘
576,09:58:57,15.3,97920,64,卖盘
577,09:59:00,15.3,367346,240,卖盘
578,09:59:03,15.33,2011259,1312,买盘
579,09:59:06,15.3,741798,484,卖盘
580,09:59:09,15.32,853724,558,买盘
581,09:59:12,15.32,285024,186,卖盘
582,09:59:15,15.33,142569,93,买盘
583,09:59:18,15.34,363244,237,买盘
584,09:59:21,15.31,148433,97,卖盘
585,09:59:24,15.32,289323,189,买盘
586,09:59:27,15.31,44399,29,卖盘
587,09:59:30,15.32,81193,53,买盘
588,09:59:33,15.32,122499,80,买盘
589,09:59:36,15.32,87362,57,卖盘
590,09:59:39,15.33,121042,79,买盘
591,09:59:42,15.31,48992,32,卖盘
592,09:59:45,15.32,205173,134,买盘
593,09:59:48,15.31,48992,32,卖盘
594,09:59:51,15.32,1321262,862,买盘
595,09:59:54,15.33,79702,52,买盘
596,10:00:00,15.34,594828,388,买盘
597,10:00:03,15.31,165438,108,卖盘
598,10:00:06,15.31,277306,181,卖盘
599,10:00:09,15.32,246540,161,买盘
600,10:00:12,15.31,183811,120,卖盘
601,10:00:15,15.33,245097,160,买盘
602,10:00:18,15.33,243492,159,买盘
603,10:00:21,15.31,96497,63,卖盘
604,10:00:24,15.32,136323,89,买盘
605,10:00:27,15.32,88815,58,卖盘
606,10:00:30,15.31,139371,91,卖盘
607,10:00:33,15.31,111763,73,卖盘
608,10:00:36,15.32,274071,179,买盘
609,10:00:39,15.32,234250,153,买盘
610,10:00:42,15.3,404033,264,卖盘
611,10:00:45,15.32,255691,167,买盘
612,10:00:48,15.3,206590,135,卖盘
613,10:00:51,15.32,176147,115,买盘
614,10:00:54,15.33,162392,106,买盘
615,10:00:57,15.32,113356,74,中性盘
616,10:01:00,15.32,65855,43,买盘
617,10:01:03,15.31,108679,71,卖盘
618,10:01:06,15.3,101036,66,卖盘
619,10:01:09,15.32,110233,72,买盘
620,10:01:12,15.3,47460,31,卖盘
621,10:01:15,15.32,140824,92,买盘
622,10:01:18,15.3,68902,45,卖盘
623,10:01:21,15.3,97904,64,卖盘
624,10:01:24,15.32,67356,44,买盘
625,10:01:27,15.32,75005,49,买盘
626,10:01:30,15.31,84221,55,卖盘
627,10:01:33,15.3,93302,61,卖盘
628,10:01:36,15.31,139278,91,买盘
629,10:01:39,15.31,100995,66,买盘
630,10:01:42,15.31,91815,60,买盘
631,10:01:45,15.31,139284,91,买盘
632,10:01:48,15.29,166768,109,卖盘
633,10:01:51,15.29,128508,84,卖盘
634,10:01:54,15.3,240234,157,中性盘
635,10:01:57,15.3,39780,26,卖盘
636,10:02:00,15.31,151526,99,买盘
637,10:02:03,15.3,41312,27,卖盘
638,10:02:06,15.29,157657,103,卖盘
639,10:02:09,15.31,61214,40,买盘
640,10:02:12,15.29,82594,54,卖盘
641,10:02:15,15.3,191250,125,买盘
642,10:02:18,15.3,81090,53,卖盘
643,10:02:21,15.31,146949,96,买盘
644,10:02:24,15.3,153000,100,卖盘
645,10:02:27,15.31,1720306,1123,买盘
646,10:02:30,15.31,891988,582,卖盘
647,10:02:33,15.31,243462,159,卖盘
648,10:02:36,15.33,943215,616,买盘
649,10:02:39,15.31,154646,101,卖盘
650,10:02:42,15.33,387858,253,买盘
651,10:02:45,15.31,228333,149,卖盘
652,10:02:48,15.34,154792,101,买盘
653,10:02:51,15.31,309464,202,卖盘
654,10:02:54,15.33,75052,49,买盘
655,10:02:57,15.32,173156,113,中性盘
656,10:03:00,15.33,137909,90,中性盘
657,10:03:03,15.33,133371,87,买盘
658,10:03:06,15.31,220630,144,卖盘
659,10:03:09,15.31,144064,94,卖盘
660,10:03:12,15.31,131728,86,卖盘
661,10:03:15,15.35,958511,625,买盘
662,10:03:18,15.35,384897,251,买盘
663,10:03:21,15.33,404968,264,中性盘
664,10:03:24,15.35,174899,114,买盘
665,10:03:27,15.32,277282,181,卖盘
666,10:03:30,15.33,133371,87,买盘
667,10:03:33,15.34,110349,72,买盘
668,10:03:36,15.32,280407,183,卖盘
669,10:03:39,15.34,121167,79,买盘
670,10:03:42,15.32,138025,90,卖盘
671,10:03:45,15.34,246889,161,买盘
672,10:03:48,15.34,110330,72,买盘
673,10:03:51,15.33,190140,124,中性盘
674,10:03:54,15.33,180803,118,卖盘
675,10:03:57,15.32,101170,66,卖盘
676,10:04:00,15.34,200908,131,买盘
677,10:04:03,15.32,113425,74,卖盘
678,10:04:06,15.32,248317,162,卖盘
679,10:04:09,15.33,265036,173,买盘
680,10:04:12,15.32,73567,48,卖盘
681,10:04:15,15.33,173289,113,卖盘
682,10:04:18,15.32,176324,115,卖盘
683,10:04:21,15.32,186955,122,卖盘
684,10:04:24,15.32,58216,38,卖盘
685,10:04:27,15.33,167023,109,买盘
686,10:04:30,15.33,93468,61,买盘
687,10:04:33,15.32,163915,107,中性盘
688,10:04:36,15.32,91944,60,卖盘
689,10:04:39,15.33,91948,60,买盘
690,10:04:42,15.33,82776,54,买盘
691,10:04:45,15.33,88876,58,卖盘
692,10:04:48,15.33,26061,17,买盘
693,10:04:51,15.32,140997,92,卖盘
694,10:04:54,15.32,99603,65,卖盘
695,10:04:57,15.32,105724,69,卖盘
696,10:05:00,15.33,206869,135,买盘
697,10:05:03,15.31,200620,131,卖盘
698,10:05:06,15.32,159278,104,买盘
699,10:05:09,15.31,133220,87,卖盘
700,10:05:12,15.31,196028,128,卖盘
701,10:05:15,15.32,93436,61,中性盘
702,10:05:18,15.31,38289,25,卖盘
703,10:05:21,15.32,67368,44,中性盘
704,10:05:24,15.32,61254,40,买盘
705,10:05:27,15.32,36768,24,买盘
706,10:05:30,15.32,84236,55,买盘
707,10:05:33,15.32,124028,81,买盘
708,10:05:36,15.31,113339,74,卖盘
709,10:05:39,15.31,96479,63,卖盘
710,10:05:42,15.31,44404,29,卖盘
711,10:05:45,15.32,122509,80,买盘
712,10:05:48,15.31,93413,61,卖盘
713,10:05:51,15.32,148518,97,买盘
714,10:05:54,15.32,1696010,1106,买盘
715,10:05:57,15.32,33704,22,卖盘
716,10:06:00,15.34,713255,465,买盘
717,10:06:03,15.32,122570,80,卖盘
718,10:06:06,15.34,295936,193,买盘
719,10:06:09,15.32,85847,56,卖盘
720,10:06:12,15.34,121144,79,买盘
721,10:06:15,15.33,65899,43,买盘
722,10:06:18,15.33,30654,20,买盘
723,10:06:21,15.32,55183,36,卖盘
724,10:06:24,15.32,56684,37,卖盘
725,10:06:27,15.31,196064,128,卖盘
726,10:06:30,15.32,139405,91,买盘
727,10:06:33,15.32,33706,22,卖盘
728,10:06:36,15.33,104165,68,买盘
729,10:06:39,15.32,937320,611,中性盘
730,10:06:42,15.34,185545,121,买盘
731,10:06:45,15.34,461681,301,买盘
732,10:06:48,15.32,47492,31,卖盘
733,10:06:51,15.33,104229,68,买盘
734,10:06:54,15.32,26050,17,卖盘
735,10:06:57,15.32,131867,86,卖盘
736,10:07:00,15.34,99650,65,买盘
737,10:07:03,15.31,84277,55,卖盘
738,10:07:06,15.31,59770,39,卖盘
739,10:07:09,15.32,49005,32,中性盘
740,10:07:12,15.32,87324,57,买盘
741,10:07:15,15.32,117955,77,买盘
742,10:07:18,15.32,177697,116,买盘
743,10:07:21,15.31,94939,62,卖盘
744,10:07:24,15.32,102610,67,卖盘
745,10:07:30,15.32,134749,88,中性盘
746,10:07:33,15.31,68938,45,卖盘
747,10:07:36,15.32,593671,387,中性盘
748,10:07:39,15.31,71992,47,卖盘
749,10:07:42,15.33,682673,445,买盘
750,10:07:45,15.34,180911,118,买盘
751,10:07:48,15.34,190216,124,卖盘
752,10:07:51,15.35,72136,47,买盘
753,10:07:54,15.33,139566,91,卖盘
754,10:07:57,15.35,73606,48,买盘
755,10:08:00,15.33,177896,116,卖盘
756,10:08:03,15.32,47518,31,卖盘
757,10:08:06,15.35,102815,67,买盘
758,10:08:09,15.33,113448,74,卖盘
759,10:08:12,15.33,108884,71,卖盘
760,10:08:15,15.35,128870,84,买盘
761,10:08:18,15.35,30700,20,买盘
762,10:08:21,15.33,122732,80,卖盘
763,10:08:24,15.34,59799,39,买盘
764,10:08:27,15.33,41391,27,卖盘
765,10:08:30,15.33,119562,78,卖盘
766,10:08:33,15.33,117997,77,买盘
767,10:08:36,15.32,68957,45,卖盘
768,10:08:39,15.32,49044,32,卖盘
769,10:08:42,15.32,45960,30,卖盘
770,10:08:45,15.33,111880,73,买盘
771,10:08:48,15.33,41381,27,买盘
772,10:08:51,15.33,22995,15,买盘
773,10:08:54,15.32,30642,20,卖盘
774,10:08:57,15.32,13788,9,卖盘
775,10:09:00,15.32,42896,28,卖盘
776,10:09:03,15.33,496994,324,买盘
777,10:09:06,15.32,294264,192,卖盘
778,10:09:09,15.32,147099,96,卖盘
779,10:09:12,15.32,121043,79,卖盘
780,10:09:15,15.33,104235,68,买盘
781,10:09:18,15.32,27578,18,卖盘
782,10:09:21,15.32,64372,42,卖盘
783,10:09:24,15.33,26061,17,买盘
784,10:09:27,15.32,62829,41,卖盘
785,10:09:30,15.33,21461,14,买盘
786,10:09:33,15.32,73536,48,卖盘
787,10:09:36,15.32,70490,46,卖盘
788,10:09:39,15.32,399239,261,卖盘
789,10:09:42,15.31,231245,151,卖盘
790,10:09:45,15.31,272652,178,卖盘
791,10:09:48,15.32,274921,179,买盘
792,10:09:51,15.32,72036,47,卖盘
793,10:09:54,15.32,229822,150,卖盘
794,10:09:57,15.31,136334,89,卖盘
795,10:10:00,15.33,101103,66,买盘
796,10:10:03,15.32,45960,30,卖盘
797,10:10:06,15.32,81226,53,卖盘
798,10:10:09,15.33,72016,47,买盘
799,10:10:12,15.33,42924,28,买盘
800,10:10:15,15.32,84260,55,卖盘
801,10:10:18,15.33,82747,54,买盘
802,10:10:21,15.32,128702,84,卖盘
803,10:10:24,15.33,91935,60,买盘
804,10:10:27,15.32,101126,66,卖盘
805,10:10:30,15.33,102708,67,买盘
806,10:10:33,15.33,67441,44,买盘
807,10:10:36,15.32,49049,32,卖盘
808,10:10:39,15.32,90397,59,卖盘
809,10:10:42,15.33,26061,17,买盘
810,10:10:45,15.32,30640,20,卖盘
811,10:10:48,15.32,7660,5,卖盘
812,10:10:51,15.33,182319,119,买盘
813,10:10:54,15.32,104199,68,卖盘
814,10:10:57,15.31,147082,96,卖盘
815,10:11:00,15.32,71997,47,买盘
816,10:11:03,15.32,52088,34,卖盘
817,10:11:06,15.32,49039,32,卖盘
818,10:11:09,15.33,82731,54,买盘
819,10:11:12,15.31,81152,53,卖盘
820,10:11:15,15.33,148636,97,买盘
821,10:11:18,15.32,55150,36,卖盘
822,10:11:21,15.33,133325,87,买盘
823,10:11:24,15.32,45963,30,卖盘
824,10:11:27,15.33,55183,36,买盘
825,10:11:30,15.33,435371,284,买盘
826,10:11:33,15.33,1156202,754,卖盘
827,10:11:36,15.35,1516569,988,买盘
828,10:11:39,15.35,672583,438,卖盘
829,10:11:42,15.35,698690,455,卖盘
830,10:11:45,15.36,437655,285,买盘
831,10:11:48,15.35,121265,79,卖盘
832,10:11:51,15.36,161262,105,买盘
833,10:11:54,15.35,119787,78,卖盘
834,10:11:57,15.36,141255,92,买盘
835,10:12:00,15.36,101297,66,买盘
836,10:12:03,15.35,4605,3,卖盘
837,10:12:06,15.35,84445,55,卖盘
838,10:12:09,15.36,130492,85,买盘
839,10:12:12,15.36,161263,105,买盘
840,10:12:15,15.36,273394,178,买盘
841,10:12:18,15.36,177577,116,买盘
842,10:12:21,15.36,165981,108,卖盘
843,10:12:24,15.37,41498,27,买盘
844,10:12:27,15.37,1547744,1007,买盘
845,10:12:30,15.38,764293,497,买盘
846,10:12:33,15.37,153705,100,卖盘
847,10:12:36,15.37,224481,146,卖盘
848,10:12:39,15.38,479775,312,买盘
849,10:12:42,15.38,1088904,708,买盘
850,10:12:45,15.39,784672,510,买盘
851,10:12:48,15.38,235335,153,卖盘
852,10:12:51,15.38,630460,410,卖盘
853,10:12:54,15.38,185919,121,买盘
854,10:12:57,15.37,253741,165,卖盘
855,10:13:00,15.38,279874,182,买盘
856,10:13:03,15.37,46110,30,卖盘
857,10:13:06,15.38,112274,73,买盘
858,10:13:09,15.38,116888,76,卖盘
859,10:13:12,15.38,100020,65,卖盘
860,10:13:15,15.37,19983,13,卖盘
861,10:13:18,15.37,29203,19,卖盘
862,10:13:21,15.37,58426,38,卖盘
863,10:13:24,15.37,75338,49,卖盘
864,10:13:27,15.35,107600,70,卖盘
865,10:13:30,15.35,138291,90,卖盘
866,10:13:33,15.35,46054,30,卖盘
867,10:13:36,15.35,125975,82,卖盘
868,10:13:39,15.35,79858,52,卖盘
869,10:13:42,15.37,67623,44,买盘
870,10:13:45,15.36,82959,54,卖盘
871,10:13:48,15.37,32268,21,买盘
872,10:13:51,15.36,187378,122,卖盘
873,10:13:54,15.36,7680,5,卖盘
874,10:13:57,15.37,78387,51,买盘
875,10:14:00,15.37,33801,22,买盘
876,10:14:03,15.37,285872,186,买盘
877,10:14:06,15.38,404345,263,买盘
878,10:14:09,15.37,133705,87,卖盘
879,10:14:12,15.37,919084,598,买盘
880,10:14:15,15.38,492018,320,买盘
881,10:14:18,15.39,3719374,2417,买盘
882,10:14:21,15.4,1792457,1164,买盘
883,10:14:24,15.38,329371,214,卖盘
884,10:14:27,15.41,3602087,2339,买盘
885,10:14:30,15.41,1303338,846,买盘
886,10:14:33,15.4,1341670,871,卖盘
887,10:14:36,15.4,947222,615,卖盘
888,10:14:39,15.4,525109,341,卖盘
889,10:14:42,15.4,201741,131,买盘
890,10:14:45,15.41,278813,181,买盘
891,10:14:48,15.41,471194,306,买盘
892,10:14:51,15.41,429922,279,买盘
893,10:14:54,15.41,46220,30,买盘
894,10:14:57,15.41,147914,96,买盘
895,10:15:00,15.41,58519,38,买盘
896,10:15:03,15.4,80054,52,卖盘
897,10:15:06,15.4,309565,201,买盘
898,10:15:09,15.39,118521,77,卖盘
899,10:15:12,15.4,226363,147,买盘
900,10:15:15,15.41,215587,140,买盘
901,10:15:18,15.41,89315,58,买盘
902,10:15:21,15.41,112460,73,买盘
903,10:15:24,15.39,133942,87,卖盘
904,10:15:27,15.41,217113,141,买盘
905,10:15:30,15.39,72359,47,卖盘
906,10:15:33,15.41,214017,139,买盘
907,10:15:36,15.39,120145,78,卖盘
908,10:15:39,15.4,300230,195,卖盘
909,10:15:42,15.4,206416,134,卖盘
910,10:15:45,15.4,141643,92,买盘
911,10:15:48,15.4,572826,372,买盘
912,10:15:51,15.4,183260,119,买盘
913,10:15:54,15.4,975300,633,卖盘
914,10:15:57,15.41,542315,352,买盘
915,10:16:00,15.42,565317,367,买盘
916,10:16:03,15.39,213948,139,卖盘
917,10:16:06,15.4,207725,135,买盘
918,10:16:09,15.4,158689,103,卖盘
919,10:16:12,15.37,274083,178,卖盘
920,10:16:15,15.41,161691,105,买盘
921,10:16:18,15.4,240228,156,中性盘
922,10:16:21,15.39,121712,79,卖盘
923,10:16:24,15.41,55468,36,买盘
924,10:16:27,15.4,72422,47,卖盘
925,10:16:30,15.41,55453,36,买盘
926,10:16:33,15.4,118597,77,卖盘
927,10:16:36,15.39,43115,28,卖盘
928,10:16:39,15.42,3476594,2255,买盘
929,10:16:42,15.42,737066,478,买盘
930,10:16:45,15.43,891112,578,买盘
931,10:16:48,15.42,623717,405,买盘
932,10:16:51,15.42,849350,551,买盘
933,10:16:54,15.41,47771,31,卖盘
934,10:16:57,15.42,368482,239,买盘
935,10:17:00,15.42,144889,94,买盘
936,10:17:03,15.42,209643,136,买盘
937,10:17:06,15.42,112553,73,买盘
938,10:17:09,15.42,1770961,1149,买盘
939,10:17:12,15.42,962694,624,卖盘
940,10:17:15,15.43,3536556,2292,买盘
941,10:17:18,15.43,1308881,848,卖盘
942,10:17:21,15.43,1779410,1153,卖盘
943,10:17:24,15.43,2193616,1423,卖盘
944,10:17:27,15.39,2742962,1779,卖盘
945,10:17:30,15.43,4757519,3087,买盘
946,10:17:33,15.4,1955894,1269,卖盘
947,10:17:36,15.42,1634371,1060,买盘
948,10:17:39,15.42,345408,224,买盘
949,10:17:42,15.42,825226,535,卖盘
950,10:17:45,15.43,527529,342,买盘
951,10:17:48,15.43,1383219,896,中性盘
952,10:17:51,15.44,472472,306,买盘
953,10:17:54,15.43,234678,152,卖盘
954,10:17:57,15.45,3262847,2112,买盘
955,10:18:00,15.45,2321770,1503,买盘
956,10:18:03,15.44,126605,82,卖盘
957,10:18:06,15.44,284100,184,买盘
958,10:18:09,15.45,5244537,3395,买盘
959,10:18:12,15.45,267600,173,买盘
960,10:18:15,15.45,74160,48,卖盘
961,10:18:18,15.46,210183,136,买盘
962,10:18:21,15.45,389504,252,卖盘
963,10:18:24,15.45,132178,86,卖盘
964,10:18:27,15.45,1473980,954,卖盘
965,10:18:30,15.44,318512,206,卖盘
966,10:18:33,15.45,515681,334,买盘
967,10:18:36,15.44,35526,23,中性盘
968,10:18:39,15.43,61724,40,卖盘
969,10:18:42,15.43,191326,124,中性盘
970,10:18:45,15.43,20054,13,买盘
971,10:18:48,15.43,109497,71,买盘
972,10:18:51,15.41,52394,34,卖盘
973,10:18:54,15.42,60122,39,买盘
974,10:18:57,15.42,80136,52,买盘
975,10:19:00,15.42,212666,138,买盘
976,10:19:03,15.41,821396,533,卖盘
977,10:19:06,15.41,571704,371,卖盘
978,10:19:09,15.41,258860,168,买盘
979,10:19:12,15.4,172567,112,卖盘
980,10:19:15,15.4,206392,134,卖盘
981,10:19:18,15.39,269499,175,卖盘
982,10:19:21,15.4,106260,69,买盘
983,10:19:24,15.4,49280,32,卖盘
984,10:19:27,15.41,552960,359,买盘
985,10:19:30,15.41,100156,65,买盘
986,10:19:33,15.41,223367,145,买盘
987,10:19:36,15.41,395803,257,买盘
988,10:19:39,15.4,87780,57,卖盘
989,10:19:42,15.41,514614,334,买盘
990,10:19:45,15.41,1279805,831,买盘
991,10:19:48,15.42,306829,199,买盘
992,10:19:51,15.42,218868,142,买盘
993,10:19:54,15.43,106430,69,买盘
994,10:19:57,15.42,3084,2,卖盘
995,10:20:00,15.41,98638,64,卖盘
996,10:20:03,15.41,123305,80,卖盘
997,10:20:06,15.41,209681,136,卖盘
998,10:20:09,15.42,444113,288,买盘
999,10:20:12,15.42,33909,22,买盘
1000,10:20:15,15.42,103309,67,买盘
1001,10:20:18,15.42,408608,265,买盘
1002,10:20:21,15.43,183581,119,买盘
1003,10:20:24,15.44,1855509,1202,买盘
1004,10:20:27,15.44,397015,257,卖盘
1005,10:20:30,15.44,23160,15,卖盘
1006,10:20:33,15.44,109637,71,卖盘
1007,10:20:36,15.44,89601,58,卖盘
1008,10:20:39,15.44,131290,85,卖盘
1009,10:20:42,15.44,75691,49,卖盘
1010,10:20:45,15.45,217744,141,买盘
1011,10:20:48,15.44,4027798,2607,卖盘
1012,10:20:51,15.45,2688437,1739,买盘
1013,10:20:54,15.45,2270834,1469,卖盘
1014,10:20:57,15.46,1114651,721,买盘
1015,10:21:00,15.48,1949511,1260,买盘
1016,10:21:03,15.47,742556,480,中性盘
1017,10:21:06,15.48,376095,243,买盘
1018,10:21:09,15.46,557072,360,卖盘
1019,10:21:12,15.47,32480,21,买盘
1020,10:21:15,15.46,218041,141,卖盘
1021,10:21:18,15.46,1349658,873,卖盘
1022,10:21:21,15.45,358542,232,卖盘
1023,10:21:24,15.44,1479710,958,卖盘
1024,10:21:27,15.45,270373,175,买盘
1025,10:21:30,15.44,426144,276,卖盘
1026,10:21:33,15.45,139013,90,买盘
1027,10:21:36,15.43,129694,84,卖盘
1028,10:21:39,15.45,114251,74,买盘
1029,10:21:42,15.44,15436,10,中性盘
1030,10:21:45,15.44,121940,79,买盘
1031,10:21:48,15.43,14983,10,卖盘
1032,10:21:51,15.43,169730,110,卖盘
1033,10:21:54,15.43,441740,286,卖盘
1034,10:21:57,15.43,54005,35,买盘
1035,10:22:00,15.43,91037,59,买盘
1036,10:22:03,15.42,16969,11,卖盘
1037,10:22:06,15.43,149670,97,买盘
1038,10:22:09,15.42,50907,33,卖盘
1039,10:22:12,15.42,41635,27,卖盘
1040,10:22:15,15.42,4626,3,卖盘
1041,10:22:18,15.42,86352,56,卖盘
1042,10:22:21,15.42,83283,54,卖盘
1043,10:22:24,15.42,97146,63,卖盘
1044,10:22:27,15.43,30858,20,买盘
1045,10:22:30,15.42,60138,39,卖盘
1046,10:22:33,15.42,285270,185,卖盘
1047,10:22:36,15.42,60138,39,买盘
1048,10:22:39,15.41,211117,137,卖盘
1049,10:22:42,15.41,107891,70,卖盘
1050,10:22:45,15.41,66263,43,卖盘
1051,10:22:48,15.41,73982,48,卖盘
1052,10:22:51,15.41,69345,45,卖盘
1053,10:22:54,15.41,66263,43,卖盘
1054,10:22:57,15.41,114052,74,卖盘
1055,10:23:00,15.42,1619063,1050,买盘
1056,10:23:03,15.42,269913,175,买盘
1057,10:23:06,15.41,424010,275,卖盘
1058,10:23:09,15.42,219043,142,卖盘
1059,10:23:12,15.42,18504,12,卖盘
1060,10:23:15,15.42,333072,216,卖盘
1061,10:23:18,15.41,124871,81,卖盘
1062,10:23:21,15.41,252866,164,卖盘
1063,10:23:24,15.42,124871,81,买盘
1064,10:23:27,15.43,1615930,1047,买盘
1065,10:23:30,15.44,118883,77,买盘
1066,10:23:33,15.44,83409,54,卖盘
1067,10:23:36,15.44,67959,44,卖盘
1068,10:23:39,15.44,155944,101,卖盘
1069,10:23:42,15.44,24693,16,买盘
1070,10:23:45,15.43,55548,36,卖盘
1071,10:23:48,15.44,50939,33,买盘
1072,10:23:51,15.43,32403,21,买盘
1073,10:23:54,15.42,49344,32,卖盘
1074,10:23:57,15.42,3084,2,卖盘
1075,10:24:00,15.44,270018,175,买盘
1076,10:24:03,15.43,80254,52,中性盘
1077,10:24:06,15.42,53995,35,卖盘
1078,10:24:09,15.43,86408,56,买盘
1079,10:24:12,15.43,57091,37,买盘
1080,10:24:15,15.43,26230,17,买盘
1081,10:24:18,15.42,7710,5,卖盘
1082,10:24:21,15.42,152686,99,卖盘
1083,10:24:24,15.43,30860,20,买盘
1084,10:24:27,15.44,3319846,2150,买盘
1085,10:24:30,15.45,647318,419,买盘
1086,10:24:33,15.45,72532,47,买盘
1087,10:24:36,15.44,41688,27,卖盘
1088,10:24:39,15.44,1544,1,买盘
1089,10:24:42,15.44,125003,81,买盘
1090,10:24:45,15.44,120366,78,买盘
1091,10:24:48,15.43,9257,6,中性盘
1092,10:24:51,15.43,52462,34,卖盘
1093,10:24:54,15.42,143412,93,卖盘
1094,10:24:57,15.43,30860,20,买盘
1095,10:25:00,15.43,131094,85,买盘
1096,10:25:03,15.43,86360,56,买盘
1097,10:25:06,15.43,49369,32,买盘
1098,10:25:09,15.42,98698,64,卖盘
1099,10:25:12,15.43,27772,18,买盘
1100,10:25:15,15.43,174255,113,买盘
1101,10:25:18,15.42,94091,61,卖盘
1102,10:25:21,15.42,101738,66,买盘
1103,10:25:24,15.41,514851,334,卖盘
1104,10:25:27,15.41,152559,99,卖盘
1105,10:25:30,15.42,390297,253,卖盘
1106,10:25:33,15.41,169541,110,卖盘
1107,10:25:36,15.42,155734,101,买盘
1108,10:25:39,15.41,288147,187,卖盘
1109,10:25:42,15.41,149477,97,买盘
1110,10:25:45,15.41,215738,140,买盘
1111,10:25:48,15.41,53932,35,买盘
1112,10:25:51,15.41,127873,83,买盘
1113,10:25:54,15.45,1599765,1036,买盘
1114,10:26:00,15.45,667455,432,买盘
1115,10:26:03,15.43,78741,51,卖盘
1116,10:26:06,15.44,1159333,752,买盘
1117,10:26:09,15.44,287148,186,买盘
1118,10:26:12,15.44,296447,192,买盘
1119,10:26:15,15.43,71021,46,卖盘
1120,10:26:18,15.42,35486,23,卖盘
1121,10:26:21,15.42,32396,21,卖盘
1122,10:26:24,15.43,49360,32,买盘
1123,10:26:27,15.42,41634,27,卖盘
1124,10:26:30,15.43,90998,59,买盘
1125,10:26:36,15.42,40089,26,卖盘
1126,10:26:39,15.42,23130,15,买盘
1127,10:26:42,15.41,35443,23,卖盘
1128,10:26:45,15.41,49312,32,卖盘
1129,10:26:48,15.41,109426,71,卖盘
1130,10:26:51,15.41,109467,71,卖盘
1131,10:26:54,15.41,84771,55,卖盘
1132,10:26:57,15.41,40066,26,买盘
1133,10:27:00,15.4,147900,96,卖盘
1134,10:27:03,15.4,53905,35,卖盘
1135,10:27:06,15.41,57017,37,买盘
1136,10:27:09,15.41,150952,98,买盘
1137,10:27:12,15.4,118580,77,卖盘
1138,10:27:15,15.4,158721,103,卖盘
1139,10:27:18,15.4,4621,3,卖盘
1140,10:27:21,15.41,57017,37,买盘
1141,10:27:24,15.41,26193,17,买盘
1142,10:27:27,15.4,50820,33,卖盘
1143,10:27:30,15.4,110909,72,卖盘
1144,10:27:33,15.4,52360,34,卖盘
1145,10:27:36,15.4,49306,32,卖盘
1146,10:27:39,15.43,1668094,1081,买盘
1147,10:27:42,15.42,108000,70,卖盘
1148,10:27:45,15.44,707142,458,买盘
1149,10:27:48,15.43,26231,17,卖盘
1150,10:27:51,15.44,274764,178,买盘
1151,10:27:54,15.43,84865,55,买盘
1152,10:27:57,15.43,54005,35,卖盘
1153,10:28:00,15.43,154332,100,中性盘
1154,10:28:03,15.42,38560,25,卖盘
1155,10:28:06,15.43,91037,59,买盘
1156,10:28:09,15.43,24688,16,买盘
1157,10:28:15,15.42,77100,50,卖盘
1158,10:28:18,15.43,120346,78,买盘
1159,10:28:21,15.42,78642,51,卖盘
1160,10:28:24,15.43,106414,69,买盘
1161,10:28:30,15.41,118684,77,卖盘
1162,10:28:33,15.41,37004,24,卖盘
1163,10:28:36,15.41,137185,89,卖盘
1164,10:28:39,15.42,46244,30,买盘
1165,10:28:42,15.41,1541,1,卖盘
1166,10:28:45,15.41,75528,49,卖盘
1167,10:28:48,15.41,98641,64,卖盘
1168,10:28:51,15.42,44716,29,买盘
1169,10:28:54,15.41,27746,18,卖盘
1170,10:28:57,15.41,166434,108,卖盘
1171,10:29:00,15.41,147883,96,买盘
1172,10:29:03,15.41,668427,434,买盘
1173,10:29:06,15.43,218964,142,买盘
1174,10:29:09,15.42,137315,89,中性盘
1175,10:29:12,15.42,30840,20,卖盘
1176,10:29:15,15.41,32380,21,卖盘
1177,10:29:21,15.43,2420630,1568,买盘
1178,10:29:24,15.45,984121,637,买盘
1179,10:29:27,15.43,179055,116,卖盘
1180,10:29:30,15.45,361529,234,买盘
1181,10:29:33,15.43,55560,36,卖盘
1182,10:29:36,15.43,87954,57,卖盘
1183,10:29:39,15.44,86441,56,买盘
1184,10:29:42,15.45,15446,10,买盘
1185,10:29:45,15.45,61789,40,买盘
1186,10:29:48,15.43,15430,10,卖盘
1187,10:29:51,15.44,80293,52,买盘
1188,10:29:54,15.45,18540,12,买盘
1189,10:29:57,15.44,54040,35,卖盘
1190,10:30:00,15.44,23160,15,买盘
1191,10:30:03,15.43,32418,21,卖盘
1192,10:30:06,15.44,20072,13,买盘
1193,10:30:09,15.44,125049,81,买盘
1194,10:30:12,15.43,15430,10,卖盘
1195,10:30:15,15.43,140452,91,卖盘
1196,10:30:18,15.43,43208,28,卖盘
1197,10:30:21,15.45,892810,578,买盘
1198,10:30:24,15.45,75698,49,买盘
1199,10:30:27,15.45,111240,72,卖盘
1200,10:30:30,15.45,580938,376,卖盘
1201,10:30:33,15.45,15450,10,买盘
1202,10:30:36,15.45,323003,209,卖盘
1203,10:30:39,15.45,49440,32,买盘
1204,10:30:42,15.44,32442,21,卖盘
1205,10:30:45,15.45,50985,33,买盘
1206,10:30:48,15.45,27799,18,买盘
1207,10:30:51,15.45,32445,21,买盘
1208,10:30:54,15.44,9264,6,卖盘
1209,10:30:57,15.45,29355,19,买盘
1210,10:31:00,15.45,74149,48,买盘
1211,10:31:03,15.44,52496,34,卖盘
1212,10:31:06,15.45,72611,47,买盘
1213,10:31:09,15.44,1544,1,卖盘
1214,10:31:12,15.44,52496,34,卖盘
1215,10:31:15,15.45,40170,26,买盘
1216,10:31:18,15.45,13905,9,买盘
1217,10:31:21,15.44,23160,15,卖盘
1218,10:31:24,15.44,20072,13,卖盘
1219,10:31:27,15.44,23170,15,卖盘
1220,10:31:30,15.44,35512,23,卖盘
1221,10:31:33,15.44,6176,4,卖盘
1222,10:31:36,15.44,67949,44,卖盘
1223,10:31:39,15.44,58687,38,卖盘
1224,10:31:42,15.44,4632,3,卖盘
1225,10:31:45,15.45,50965,33,买盘
1226,10:31:48,15.45,84941,55,买盘
1227,10:31:51,15.44,61786,40,卖盘
1228,10:31:54,15.44,1262020,817,买盘
1229,10:31:57,15.45,7725,5,买盘
1230,10:32:00,15.46,495969,321,买盘
1231,10:32:03,15.45,46350,30,卖盘
1232,10:32:06,15.46,125226,81,买盘
1233,10:32:09,15.46,27823,18,买盘
1234,10:32:12,15.45,137505,89,卖盘
1235,10:32:15,15.45,83463,54,卖盘
1236,10:32:18,15.44,6176,4,卖盘
1237,10:32:21,15.45,32445,21,买盘
1238,10:32:24,15.44,131240,85,卖盘
1239,10:32:27,15.45,77217,50,买盘
1240,10:32:30,15.45,97332,63,买盘
1241,10:32:33,15.45,38615,25,买盘
1242,10:32:36,15.45,24717,16,买盘
1243,10:32:39,15.44,6176,4,卖盘
1244,10:32:42,15.46,2318819,1500,买盘
1245,10:32:45,15.46,874844,566,买盘
1246,10:32:48,15.45,103558,67,卖盘
1247,10:32:51,15.46,248906,161,买盘
1248,10:32:54,15.46,55656,36,买盘
1249,10:32:57,15.46,429813,278,卖盘
1250,10:33:00,15.47,338757,219,买盘
1251,10:33:03,15.47,41744,27,买盘
1252,10:33:06,15.47,111382,72,买盘
1253,10:33:09,15.46,12368,8,卖盘
1254,10:33:12,15.46,52593,34,卖盘
1255,10:33:15,15.47,49498,32,买盘
1256,10:33:18,15.46,20101,13,卖盘
1257,10:33:21,15.47,1856400,1200,买盘
1258,10:33:24,15.47,1534597,992,买盘
1259,10:33:27,15.47,730338,472,卖盘
1260,10:33:30,15.47,569579,368,中性盘
1261,10:33:33,15.48,218194,141,买盘
1262,10:33:36,15.47,250710,162,卖盘
1263,10:33:39,15.47,202645,131,卖盘
1264,10:33:42,15.48,205850,133,买盘
1265,10:33:45,15.47,114488,74,买盘
1266,10:33:48,15.47,119123,77,卖盘
1267,10:33:51,15.47,58781,38,买盘
1268,10:33:54,15.47,35581,23,买盘
1269,10:33:57,15.47,21658,14,买盘
1270,10:34:00,15.47,35581,23,买盘
1271,10:34:03,15.47,40222,26,买盘
1272,10:34:06,15.47,775047,501,买盘
1273,10:34:09,15.47,324870,210,买盘
1274,10:34:12,15.47,54151,35,卖盘
1275,10:34:15,15.47,60367,39,卖盘
1276,10:34:18,15.47,37128,24,卖盘
1277,10:34:21,15.47,66551,43,卖盘
1278,10:34:24,15.48,4644,3,买盘
1279,10:34:27,15.48,352749,228,买盘
1280,10:34:30,15.48,86678,56,买盘
1281,10:34:33,15.47,140826,91,卖盘
1282,10:34:36,15.47,78897,51,买盘
1283,10:34:39,15.47,91275,59,买盘
1284,10:34:42,15.47,227409,147,卖盘
1285,10:34:45,15.47,106784,69,卖盘
1286,10:34:48,15.47,4641,3,卖盘
1287,10:34:51,15.47,306351,198,卖盘
1288,10:34:54,15.48,71179,46,买盘
1289,10:34:57,15.47,65009,42,卖盘
1290,10:35:00,15.47,650122,420,卖盘
1291,10:35:03,15.47,43316,28,卖盘
1292,10:35:06,15.47,145418,94,买盘
1293,10:35:12,15.47,126901,82,卖盘
1294,10:35:15,15.47,55692,36,卖盘
1295,10:35:18,15.47,92831,60,卖盘
1296,10:35:21,15.47,116025,75,卖盘
1297,10:35:24,15.47,24752,16,买盘
1298,10:35:27,15.47,133042,86,卖盘
1299,10:35:30,15.47,112979,73,卖盘
1300,10:35:33,15.47,74257,48,卖盘
1301,10:35:36,15.48,286230,185,买盘
1302,10:35:39,15.47,133042,86,卖盘
1303,10:35:42,15.47,114551,74,中性盘
1304,10:35:45,15.48,108356,70,买盘
1305,10:35:48,15.47,51074,33,卖盘
1306,10:35:51,15.48,1726010,1115,买盘
1307,10:35:54,15.48,1176000,760,买盘
1308,10:35:57,15.48,739875,478,买盘
1309,10:36:00,15.48,1126713,728,买盘
1310,10:36:03,15.48,481424,311,买盘
1311,10:36:06,15.48,537154,347,买盘
1312,10:36:09,15.47,69652,45,卖盘
1313,10:36:12,15.47,309587,200,卖盘
1314,10:36:15,15.47,210422,136,卖盘
1315,10:36:18,15.48,191942,124,买盘
1316,10:36:21,15.48,114552,74,买盘
1317,10:36:24,15.48,75851,49,买盘
1318,10:36:27,15.48,3096,2,买盘
1319,10:36:33,15.48,66534,43,买盘
1320,10:36:36,15.48,51084,33,买盘
1321,10:36:39,15.48,139270,90,买盘
1322,10:36:42,15.48,3989431,2576,买盘
1323,10:36:45,15.48,1600076,1033,卖盘
1324,10:36:48,15.48,74328,48,卖盘
1325,10:36:51,15.49,350074,226,买盘
1326,10:36:54,15.48,4254511,2745,卖盘
1327,10:36:57,15.49,263330,170,买盘
1328,10:37:00,15.5,2647492,1708,买盘
1329,10:37:03,15.5,3240864,2091,买盘
1330,10:37:06,15.5,1702695,1098,卖盘
1331,10:37:09,15.51,263667,170,买盘
1332,10:37:12,15.51,552151,356,卖盘
1333,10:37:15,15.51,144237,93,买盘
1334,10:37:18,15.51,345873,223,买盘
1335,10:37:21,15.51,183018,118,买盘
1336,10:37:24,15.5,169020,109,卖盘
1337,10:37:27,15.5,54279,35,卖盘
1338,10:37:30,15.5,113212,73,卖盘
1339,10:37:33,15.5,48055,31,卖盘
1340,10:37:36,15.5,215502,139,卖盘
1341,10:37:39,15.51,7755,5,买盘
1342,10:37:42,15.5,105451,68,卖盘
1343,10:37:45,15.51,49627,32,买盘
1344,10:37:48,15.5,395270,255,卖盘
1345,10:37:51,15.5,294582,190,卖盘
1346,10:37:54,15.5,655650,423,卖盘
1347,10:37:57,15.5,492209,318,买盘
1348,10:38:00,15.51,122455,79,买盘
1349,10:38:03,15.5,94550,61,卖盘
1350,10:38:06,15.5,150384,97,卖盘
1351,10:38:09,15.51,35651,23,买盘
1352,10:38:12,15.5,108524,70,卖盘
1353,10:38:15,15.5,125516,81,卖盘
1354,10:38:18,15.5,40300,26,买盘
1355,10:38:21,15.5,21700,14,买盘
1356,10:38:27,15.5,15500,10,买盘
1357,10:38:30,15.5,540950,349,买盘
1358,10:38:33,15.5,367350,237,卖盘
1359,10:38:36,15.5,381294,246,买盘
1360,10:38:39,15.5,178238,115,卖盘
1361,10:38:42,15.5,89900,58,买盘
1362,10:38:45,15.5,77513,50,卖盘
1363,10:38:48,15.5,77530,50,卖盘
1364,10:38:51,15.5,108526,70,卖盘
1365,10:38:54,15.49,142554,92,卖盘
1366,10:38:57,15.5,99200,64,买盘
1367,10:39:00,15.5,159585,103,买盘
1368,10:39:03,15.5,46496,30,买盘
1369,10:39:06,15.5,26350,17,买盘
1370,10:39:09,15.49,7747,5,卖盘
1371,10:39:12,15.49,106881,69,卖盘
1372,10:39:15,15.49,199845,129,买盘
1373,10:39:18,15.49,23235,15,卖盘
1374,10:39:21,15.5,491290,317,买盘
1375,10:39:24,15.49,66593,43,中性盘
1376,10:39:27,15.5,537845,347,买盘
1377,10:39:30,15.5,1299091,838,买盘
1378,10:39:33,15.51,1150553,742,买盘
1379,10:39:36,15.51,1178683,760,买盘
1380,10:39:39,15.51,68244,44,卖盘
1381,10:39:42,15.51,428317,276,卖盘
1382,10:39:45,15.52,51204,33,买盘
1383,10:39:48,15.51,93097,60,卖盘
1384,10:39:51,15.51,142692,92,买盘
1385,10:39:54,15.5,156630,101,卖盘
1386,10:39:57,15.51,133454,86,中性盘
1387,10:40:00,15.51,43425,28,买盘
1388,10:40:03,15.5,130215,84,卖盘
1389,10:40:06,15.51,91509,59,买盘
1390,10:40:09,15.52,260472,168,买盘
1391,10:40:12,15.51,40323,26,买盘
1392,10:40:15,15.51,173687,112,买盘
1393,10:40:18,15.51,7755,5,买盘
1394,10:40:21,15.5,114759,74,卖盘
1395,10:40:27,15.5,127111,82,卖盘
1396,10:40:30,15.51,116264,75,买盘
1397,10:40:33,15.51,1722222,1110,买盘
1398,10:40:36,15.51,106988,69,买盘
1399,10:40:39,15.51,10857,7,卖盘
1400,10:40:42,15.51,29486,19,卖盘
1401,10:40:45,15.51,60513,39,卖盘
1402,10:40:48,15.52,80669,52,买盘
1403,10:40:51,15.51,144262,93,卖盘
1404,10:40:54,15.53,1592814,1026,买盘
1405,10:40:57,15.52,433259,279,卖盘
1406,10:41:00,15.52,131997,85,卖盘
1407,10:41:03,15.52,195552,126,卖盘
1408,10:41:06,15.52,156752,101,买盘
1409,10:41:12,15.52,97755,63,买盘
1410,10:41:15,15.52,96173,62,买盘
1411,10:41:18,15.51,29469,19,卖盘
1412,10:41:21,15.5,240355,155,卖盘
1413,10:41:24,15.5,65118,42,卖盘
1414,10:41:27,15.5,255846,165,卖盘
1415,10:41:30,15.51,187568,121,买盘
1416,10:41:33,15.51,153494,99,买盘
1417,10:41:36,15.5,131796,85,卖盘
1418,10:41:39,15.5,65120,42,卖盘
1419,10:41:42,15.5,158081,102,卖盘
1420,10:41:45,15.49,244754,158,卖盘
1421,10:41:48,15.49,153351,99,买盘
1422,10:41:51,15.49,85195,55,买盘
1423,10:41:54,15.5,40298,26,买盘
1424,10:41:57,15.49,114640,74,卖盘
1425,10:42:00,15.49,260308,168,卖盘
1426,10:42:03,15.49,80548,52,买盘
1427,10:42:06,15.49,219958,142,买盘
1428,10:42:09,15.48,224680,145,卖盘
1429,10:42:12,15.48,271031,175,卖盘
1430,10:42:15,15.48,249349,161,卖盘
1431,10:42:18,15.48,190404,123,卖盘
1432,10:42:21,15.48,49535,32,买盘
1433,10:42:24,15.48,91322,59,买盘
1434,10:42:27,15.47,109880,71,卖盘
1435,10:42:30,15.47,103705,67,卖盘
1436,10:42:33,15.47,289410,187,卖盘
1437,10:42:36,15.48,277038,179,买盘
1438,10:42:39,15.48,12384,8,卖盘
1439,10:42:42,15.48,221438,143,卖盘
1440,10:42:45,15.49,74332,48,买盘
1441,10:42:48,15.49,51116,33,买盘
1442,10:42:51,15.49,32529,21,买盘
1443,10:42:54,15.48,21672,14,卖盘
1444,10:42:57,15.49,113047,73,买盘
1445,10:43:00,15.49,44898,29,买盘
1446,10:43:06,15.49,48019,31,买盘
1447,10:43:12,15.48,46453,30,卖盘
1448,10:43:15,15.48,89784,58,卖盘
1449,10:43:18,15.48,34056,22,买盘
1450,10:43:21,15.48,400909,259,买盘
1451,10:43:24,15.48,32510,21,卖盘
1452,10:43:27,15.48,154846,100,卖盘
1453,10:43:30,15.49,181210,117,买盘
1454,10:43:33,15.48,165651,107,卖盘
1455,10:43:36,15.48,94428,61,买盘
1456,10:43:39,15.48,13932,9,买盘
1457,10:43:42,15.48,177996,115,买盘
1458,10:43:45,15.48,181103,117,买盘
1459,10:43:48,15.48,304951,197,买盘
1460,10:43:51,15.48,458201,296,买盘
1461,10:43:54,15.48,258580,167,卖盘
1462,10:43:57,15.49,224552,145,买盘
1463,10:44:00,15.51,2070750,1336,买盘
1464,10:44:03,15.5,173582,112,卖盘
1465,10:44:06,15.51,117882,76,买盘
1466,10:44:09,15.52,529126,341,买盘
1467,10:44:15,15.52,45008,29,买盘
1468,10:44:18,15.51,2359887,1520,卖盘
1469,10:44:21,15.52,48108,31,中性盘
1470,10:44:24,15.51,425454,274,卖盘
1471,10:44:27,15.52,102431,66,买盘
1472,10:44:30,15.51,17061,11,卖盘
1473,10:44:33,15.53,195524,126,买盘
1474,10:44:36,15.52,43441,28,中性盘
1475,10:44:39,15.52,37259,24,买盘
1476,10:44:42,15.53,26387,17,买盘
1477,10:44:45,15.52,40352,26,卖盘
1478,10:44:48,15.52,204859,132,买盘
1479,10:44:51,15.52,45008,29,买盘
1480,10:44:54,15.52,34144,22,买盘
1481,10:44:57,15.52,24832,16,买盘
1482,10:45:00,15.52,20176,13,买盘
1483,10:45:06,15.51,13959,9,卖盘
1484,10:45:12,15.52,49644,32,买盘
1485,10:45:15,15.52,24829,16,买盘
1486,10:45:18,15.52,21728,14,买盘
1487,10:45:21,15.52,40352,26,买盘
1488,10:45:24,15.51,37233,24,卖盘
1489,10:45:27,15.51,23265,15,卖盘
1490,10:45:30,15.51,336595,217,卖盘
1491,10:45:33,15.51,150462,97,卖盘
1492,10:45:36,15.5,260556,168,卖盘
1493,10:45:39,15.51,82203,53,买盘
1494,10:45:42,15.5,77539,50,卖盘
1495,10:45:45,15.51,91509,59,买盘
1496,10:45:48,15.5,10850,7,卖盘
1497,10:45:51,15.51,69795,45,买盘
1498,10:45:54,15.51,24816,16,卖盘
1499,10:45:57,15.51,26367,17,卖盘
1500,10:46:00,15.51,23265,15,买盘
1501,10:46:03,15.5,3100,2,卖盘
1502,10:46:06,15.5,4650,3,卖盘
1503,10:46:09,15.5,158100,102,卖盘
1504,10:46:12,15.5,99216,64,卖盘
1505,10:46:15,15.51,105441,68,买盘
1506,10:46:18,15.52,2486299,1602,买盘
1507,10:46:21,15.53,650691,419,买盘
1508,10:46:24,15.52,159912,103,卖盘
1509,10:46:27,15.53,531114,342,买盘
1510,10:46:30,15.53,574396,370,买盘
1511,10:46:33,15.53,189460,122,买盘
1512,10:46:36,15.53,201888,130,买盘
1513,10:46:39,15.53,119578,77,买盘
1514,10:46:42,15.52,26385,17,卖盘
1515,10:46:45,15.52,144404,93,卖盘
1516,10:46:48,15.53,48137,31,买盘
1517,10:46:51,15.52,138169,89,卖盘
1518,10:46:54,15.53,79198,51,买盘
1519,10:46:57,15.53,23290,15,买盘
1520,10:47:00,15.52,327472,211,卖盘
1521,10:47:03,15.52,91546,59,卖盘
1522,10:47:06,15.52,97776,63,买盘
1523,10:47:12,15.52,24830,16,买盘
1524,10:47:15,15.51,24829,16,卖盘
1525,10:47:18,15.51,133412,86,卖盘
1526,10:47:21,15.52,60518,39,买盘
1527,10:47:24,15.52,20165,13,买盘
1528,10:47:27,15.52,62060,40,买盘
1529,10:47:30,15.52,69840,45,买盘
1530,10:47:33,15.52,76000,49,买盘
1531,10:47:36,15.52,342990,221,买盘
1532,10:47:39,15.52,263840,170,买盘
1533,10:47:42,15.52,93176,60,卖盘
1534,10:47:45,15.53,217315,140,买盘
1535,10:47:48,15.53,1956801,1260,买盘
1536,10:47:51,15.53,1117212,719,卖盘
1537,10:47:54,15.54,247056,159,买盘
1538,10:47:57,15.53,324726,209,卖盘
1539,10:48:00,15.54,520563,335,买盘
1540,10:48:03,15.53,507932,327,卖盘
1541,10:48:06,15.54,284372,183,买盘
1542,10:48:09,15.54,312345,201,买盘
1543,10:48:12,15.54,27972,18,卖盘
1544,10:48:15,15.54,69964,45,卖盘
1545,10:48:18,15.54,107283,69,卖盘
1546,10:48:21,15.55,1080712,695,买盘
1547,10:48:24,15.55,670062,431,买盘
1548,10:48:27,15.55,99514,64,买盘
1549,10:48:30,15.55,312455,201,买盘
1550,10:48:33,15.54,10880,7,卖盘
1551,10:48:36,15.54,113488,73,卖盘
1552,10:48:39,15.55,113498,73,买盘
1553,10:48:42,15.54,149188,96,卖盘
1554,10:48:45,15.55,138361,89,买盘
1555,10:48:48,15.54,85487,55,卖盘
1556,10:48:51,15.54,40404,26,买盘
1557,10:48:57,15.54,1554,1,买盘
1558,10:49:00,15.54,222132,143,买盘
1559,10:49:03,15.54,46612,30,买盘
1560,10:49:06,15.54,93238,60,买盘
1561,10:49:09,15.53,48166,31,卖盘
1562,10:49:15,15.53,45063,29,卖盘
1563,10:49:18,15.53,264010,170,卖盘
1564,10:49:21,15.53,546651,352,买盘
1565,10:49:24,15.53,291964,188,买盘
1566,10:49:27,15.53,628918,405,买盘
1567,10:49:30,15.53,380686,245,卖盘
1568,10:49:33,15.54,369697,238,买盘
1569,10:49:36,15.54,108839,70,卖盘
1570,10:49:39,15.55,186494,120,买盘
1571,10:49:42,15.55,82413,53,买盘
1572,10:49:45,15.54,96388,62,卖盘
1573,10:49:48,15.55,23313,15,买盘
1574,10:49:51,15.55,6774538,4357,买盘
1575,10:49:54,15.56,1151386,740,买盘
1576,10:49:57,15.55,507218,326,卖盘
1577,10:50:00,15.56,957286,615,买盘
1578,10:50:03,15.57,1595888,1025,买盘
1579,10:50:06,15.58,979960,629,买盘
1580,10:50:09,15.58,161993,104,买盘
1581,10:50:12,15.58,1026496,659,买盘
1582,10:50:15,15.57,426627,274,卖盘
1583,10:50:18,15.57,79421,51,卖盘
1584,10:50:21,15.57,336357,216,卖盘
1585,10:50:24,15.57,24912,16,买盘
1586,10:50:27,15.57,79407,51,买盘
1587,10:50:30,15.57,345654,222,买盘
1588,10:50:33,15.58,99696,64,买盘
1589,10:50:36,15.58,133976,86,买盘
1590,10:50:39,15.57,82543,53,卖盘
1591,10:50:42,15.58,147933,95,买盘
1592,10:50:45,15.57,196222,126,卖盘
1593,10:50:48,15.57,105876,68,卖盘
1594,10:50:51,15.58,250787,161,买盘
1595,10:50:54,15.57,42039,27,卖盘
1596,10:50:57,15.58,93460,60,买盘
1597,10:51:00,15.57,258478,166,卖盘
1598,10:51:03,15.57,270950,174,卖盘
1599,10:51:06,15.57,408160,262,卖盘
1600,10:51:09,15.57,126177,81,卖盘
1601,10:51:12,15.57,90336,58,卖盘
1602,10:51:15,15.58,241436,155,买盘
1603,10:51:18,15.57,54504,35,卖盘
1604,10:51:21,15.58,71668,46,买盘
1605,10:51:24,15.57,70108,45,卖盘
1606,10:51:27,15.57,580761,373,卖盘
1607,10:51:30,15.57,451671,290,卖盘
1608,10:51:33,15.57,236664,152,卖盘
1609,10:51:36,15.57,297387,191,买盘
1610,10:51:39,15.57,37368,24,买盘
1611,10:51:42,15.57,108986,70,买盘
1612,10:51:45,15.56,107364,69,卖盘
1613,10:51:48,15.56,24903,16,卖盘
1614,10:51:51,15.57,71619,46,买盘
1615,10:51:54,15.57,51358,33,买盘
1616,10:51:57,15.56,124493,80,卖盘
1617,10:52:00,15.57,2285490,1468,买盘
1618,10:52:03,15.56,488856,314,卖盘
1619,10:52:06,15.57,387693,249,买盘
1620,10:52:09,15.57,210200,135,卖盘
1621,10:52:12,15.57,269477,173,卖盘
1622,10:52:15,15.57,537116,345,卖盘
1623,10:52:18,15.57,169749,109,卖盘
1624,10:52:21,15.57,196182,126,买盘
1625,10:52:24,15.57,59166,38,买盘
1626,10:52:27,15.56,90303,58,卖盘
1627,10:52:30,15.56,12451,8,卖盘
1628,10:52:33,15.56,60713,39,卖盘
1629,10:52:36,15.57,127597,82,买盘
1630,10:52:39,15.56,160268,103,卖盘
1631,10:52:42,15.56,144714,93,买盘
1632,10:52:45,15.55,84022,54,卖盘
1633,10:52:48,15.55,105785,68,卖盘
1634,10:52:51,15.55,295505,190,卖盘
1635,10:52:54,15.55,422998,272,卖盘
1636,10:52:57,15.55,94888,61,卖盘
1637,10:53:00,15.56,278521,179,买盘
1638,10:53:03,15.55,29545,19,卖盘
1639,10:53:06,15.55,171126,110,卖盘
1640,10:53:09,15.55,73085,47,卖盘
1641,10:53:12,15.55,228623,147,卖盘
1642,10:53:15,15.55,220923,142,卖盘
1643,10:53:18,15.55,160208,103,卖盘
1644,10:53:21,15.55,150894,97,卖盘
1645,10:53:24,15.55,60673,39,卖盘
1646,10:53:27,15.56,287842,185,买盘
1647,10:53:30,15.56,418564,269,买盘
1648,10:53:33,15.56,119887,77,卖盘
1649,10:53:36,15.56,146318,94,卖盘
1650,10:53:39,15.56,68483,44,卖盘
1651,10:53:42,15.56,90277,58,卖盘
1652,10:53:45,15.57,112063,72,买盘
1653,10:53:48,15.56,57572,37,卖盘
1654,10:53:51,15.56,4668,3,卖盘
1655,10:53:54,15.56,76264,49,卖盘
1656,10:53:57,15.57,90286,58,买盘
1657,10:54:00,15.57,40458,26,买盘
1658,10:54:03,15.56,21784,14,卖盘
1659,10:54:06,15.56,150946,97,卖盘
1660,10:54:09,15.56,4668,3,买盘
1661,10:54:12,15.55,26449,17,卖盘
1662,10:54:15,15.55,48225,31,卖盘
1663,10:54:18,15.55,163275,105,卖盘
1664,10:54:21,15.55,174225,112,卖盘
1665,10:54:24,15.55,32656,21,卖盘
1666,10:54:27,15.55,222414,143,卖盘
1667,10:54:30,15.56,135367,87,买盘
1668,10:54:33,15.55,87080,56,卖盘
1669,10:54:36,15.55,290785,187,买盘
1670,10:54:39,15.55,34210,22,卖盘
1671,10:54:42,15.55,348407,224,卖盘
1672,10:54:45,15.55,332869,214,卖盘
1673,10:54:48,15.56,88686,57,买盘
1674,10:54:51,15.56,155562,100,买盘
1675,10:54:54,15.56,346877,223,买盘
1676,10:54:57,15.56,488531,314,买盘
1677,10:55:00,15.56,294130,189,卖盘
1678,10:55:03,15.56,118256,76,买盘
1679,10:55:06,15.56,171160,110,卖盘
1680,10:55:09,15.56,21784,14,买盘
1681,10:55:12,15.56,96486,62,卖盘
1682,10:55:15,15.56,57572,37,买盘
1683,10:55:18,15.55,93350,60,卖盘
1684,10:55:21,15.56,227076,146,买盘
1685,10:55:24,15.56,129142,83,买盘
1686,10:55:27,15.55,73112,47,卖盘
1687,10:55:30,15.56,31120,20,买盘
1688,10:55:33,15.55,93300,60,卖盘
1689,10:55:36,15.55,46678,30,卖盘
1690,10:55:39,15.55,228605,147,卖盘
1691,10:55:42,15.56,28008,18,买盘
1692,10:55:45,15.55,423031,272,卖盘
1693,10:55:48,15.55,79307,51,卖盘
1694,10:55:51,15.55,197602,127,卖盘
1695,10:55:54,15.55,416740,268,卖盘
1696,10:55:57,15.56,155598,100,买盘
1697,10:56:00,15.56,345409,222,买盘
1698,10:56:03,15.56,76239,49,买盘
1699,10:56:06,15.56,180411,116,买盘
1700,10:56:09,15.55,122868,79,卖盘
1701,10:56:12,15.55,49776,32,卖盘
1702,10:56:15,15.55,107295,69,买盘
1703,10:56:18,15.55,46650,30,买盘
1704,10:56:21,15.55,219248,141,买盘
1705,10:56:24,15.54,530036,341,卖盘
1706,10:56:27,15.55,136837,88,买盘
1707,10:56:30,15.55,231675,149,买盘
1708,10:56:33,15.55,71518,46,卖盘
1709,10:56:36,15.55,115067,74,买盘
1710,10:56:39,15.54,57530,37,卖盘
1711,10:56:42,15.54,65307,42,卖盘
1712,10:56:45,15.54,125913,81,卖盘
1713,10:56:48,15.54,101010,65,卖盘
1714,10:56:51,15.54,268880,173,卖盘
1715,10:56:54,15.55,69932,45,买盘
1716,10:56:57,15.53,796842,513,卖盘
1717,10:57:00,15.54,100943,65,买盘
1718,10:57:03,15.54,12429,8,买盘
1719,10:57:06,15.54,38850,25,买盘
1720,10:57:09,15.54,68376,44,买盘
1721,10:57:12,15.53,23295,15,卖盘
1722,10:57:15,15.53,46590,30,卖盘
1723,10:57:18,15.53,23295,15,卖盘
1724,10:57:21,15.53,104051,67,卖盘
1725,10:57:24,15.53,52818,34,卖盘
1726,10:57:30,15.53,138217,89,卖盘
1727,10:57:33,15.52,21728,14,卖盘
1728,10:57:36,15.52,82306,53,卖盘
1729,10:57:39,15.52,170720,110,卖盘
1730,10:57:42,15.53,135100,87,买盘
1731,10:57:45,15.53,55898,36,买盘
1732,10:57:48,15.53,180099,116,买盘
1733,10:57:51,15.52,124220,80,卖盘
1734,10:57:54,15.53,3365602,2167,买盘
1735,10:57:57,15.54,564402,363,卖盘
1736,10:58:00,15.55,566019,364,买盘
1737,10:58:03,15.53,590852,380,卖盘
1738,10:58:06,15.56,370260,238,买盘
1739,10:58:09,15.55,13995,9,中性盘
1740,10:58:12,15.55,26435,17,买盘
1741,10:58:15,15.56,168023,108,买盘
1742,10:58:18,15.55,43553,28,卖盘
1743,10:58:21,15.55,222445,143,卖盘
1744,10:58:24,15.55,76195,49,买盘
1745,10:58:27,15.54,183531,118,卖盘
1746,10:58:30,15.55,49756,32,买盘
1747,10:58:33,15.54,55973,36,卖盘
1748,10:58:36,15.55,102578,66,买盘
1749,10:58:39,15.54,1554,1,卖盘
1750,10:58:42,15.54,46632,30,卖盘
1751,10:58:45,15.54,790986,509,卖盘
1752,10:58:48,15.54,369852,238,卖盘
1753,10:58:51,15.54,335664,216,买盘
1754,10:58:54,15.54,93235,60,买盘
1755,10:58:57,15.53,254705,164,卖盘
1756,10:59:00,15.54,160061,103,买盘
1757,10:59:03,15.53,769025,495,卖盘
1758,10:59:06,15.53,296793,191,卖盘
1759,10:59:09,15.53,217510,140,卖盘
1760,10:59:12,15.53,535799,345,卖盘
1761,10:59:15,15.54,386861,249,买盘
1762,10:59:18,15.53,34166,22,卖盘
1763,10:59:21,15.53,198846,128,卖盘
1764,10:59:24,15.53,37275,24,卖盘
1765,10:59:27,15.53,113433,73,卖盘
1766,10:59:30,15.53,32618,21,卖盘
1767,10:59:33,15.54,27965,18,买盘
1768,10:59:36,15.53,63690,41,卖盘
1769,10:59:39,15.53,3106,2,买盘
1770,10:59:42,15.52,34157,22,卖盘
1771,10:59:45,15.52,71403,46,卖盘
1772,10:59:51,15.52,6208,4,卖盘
1773,10:59:54,15.53,732580,472,买盘
1774,10:59:57,15.52,360384,232,卖盘
1775,11:00:00,15.53,136597,88,中性盘
1776,11:00:03,15.52,46560,30,卖盘
1777,11:00:06,15.53,138160,89,买盘
1778,11:00:09,15.52,63668,41,卖盘
1779,11:00:12,15.52,65213,42,卖盘
1780,11:00:15,15.52,83838,54,卖盘
1781,11:00:18,15.53,37260,24,买盘
1782,11:00:21,15.52,15520,10,卖盘
1783,11:00:27,15.53,54355,35,买盘
1784,11:00:30,15.52,177029,114,卖盘
1785,11:00:33,15.52,29488,19,卖盘
1786,11:00:36,15.53,222078,143,买盘
1787,11:00:39,15.52,9315,6,卖盘
1788,11:00:42,15.52,187840,121,卖盘
1789,11:00:45,15.52,158317,102,卖盘
1790,11:00:48,15.52,215753,139,卖盘
1791,11:00:51,15.53,108705,70,买盘
1792,11:00:54,15.53,113332,73,卖盘
1793,11:00:57,15.53,57456,37,买盘
1794,11:01:00,15.53,55888,36,买盘
1795,11:01:03,15.53,88487,57,买盘
1796,11:01:06,15.53,91640,59,买盘
1797,11:01:09,15.53,155300,100,卖盘
1798,11:01:12,15.53,107222,69,卖盘
1799,11:01:15,15.54,2033223,1308,买盘
1800,11:01:18,15.54,362289,233,卖盘
1801,11:01:21,15.55,1350715,869,买盘
1802,11:01:24,15.55,239604,154,卖盘
1803,11:01:27,15.56,437218,281,买盘
1804,11:01:30,15.55,124454,80,卖盘
1805,11:01:33,15.56,98022,63,买盘
1806,11:01:36,15.55,76241,49,卖盘
1807,11:01:39,15.56,17106,11,买盘
1808,11:01:42,15.56,194500,125,买盘
1809,11:01:45,15.56,87136,56,买盘
1810,11:01:48,15.55,141505,91,卖盘
1811,11:01:51,15.55,177383,114,卖盘
1812,11:01:54,15.55,46650,30,卖盘
1813,11:01:57,15.56,93357,60,买盘
1814,11:02:00,15.56,1556,1,买盘
1815,11:02:03,15.56,38883,25,买盘
1816,11:02:06,15.55,55995,36,卖盘
1817,11:02:09,15.56,76198,49,买盘
1818,11:02:12,15.56,147749,95,买盘
1819,11:02:15,15.56,24894,16,买盘
1820,11:02:18,15.55,18665,12,卖盘
1821,11:02:21,15.56,94884,61,买盘
1822,11:02:24,15.56,4668,3,买盘
1823,11:02:27,15.55,63788,41,卖盘
1824,11:02:30,15.55,136855,88,卖盘
1825,11:02:33,15.55,186600,120,卖盘
1826,11:02:36,15.55,65310,42,买盘
1827,11:02:39,15.53,587443,378,卖盘
1828,11:02:42,15.54,155587,100,中性盘
1829,11:02:45,15.56,150903,97,买盘
1830,11:02:48,15.55,3110,2,中性盘
1831,11:02:51,15.55,20215,13,卖盘
1832,11:02:54,15.55,118180,76,卖盘
1833,11:02:57,15.55,85551,55,卖盘
1834,11:03:00,15.56,65352,42,买盘
1835,11:03:03,15.55,37331,24,卖盘
1836,11:03:06,15.56,35778,23,买盘
1837,11:03:09,15.55,17105,11,中性盘
1838,11:03:12,15.55,10885,7,中性盘
1839,11:03:15,15.54,191187,123,卖盘
1840,11:03:18,15.54,60638,39,卖盘
1841,11:03:21,15.54,66850,43,卖盘
1842,11:03:24,15.54,99456,64,卖盘
1843,11:03:27,15.55,234794,151,买盘
1844,11:03:30,15.55,68398,44,买盘
1845,11:03:33,15.55,55980,36,买盘
1846,11:03:36,15.54,97902,63,卖盘
1847,11:03:39,15.54,17094,11,卖盘
1848,11:03:42,15.55,40430,26,买盘
1849,11:03:45,15.55,37310,24,买盘
1850,11:03:48,15.55,49758,32,买盘
1851,11:03:51,15.55,83943,54,买盘
1852,11:03:54,15.54,66841,43,卖盘
1853,11:03:57,15.54,259557,167,卖盘
1854,11:04:00,15.54,202073,130,买盘
1855,11:04:03,15.55,96410,62,买盘
1856,11:04:06,15.54,97926,63,卖盘
1857,11:04:09,15.55,18660,12,买盘
1858,11:04:12,15.54,172507,111,卖盘
1859,11:04:15,15.54,130554,84,卖盘
1860,11:04:18,15.54,48174,31,中性盘
1861,11:04:21,15.54,37296,24,买盘
1862,11:04:24,15.54,90151,58,卖盘
1863,11:04:27,15.54,91644,59,买盘
1864,11:04:30,15.54,32634,21,买盘
1865,11:04:33,15.53,1553,1,卖盘
1866,11:04:36,15.54,41944,27,买盘
1867,11:04:39,15.53,37272,24,卖盘
1868,11:04:42,15.54,34179,22,买盘
1869,11:04:45,15.53,1553,1,卖盘
1870,11:04:48,15.54,23310,15,买盘
1871,11:04:51,15.53,111816,72,卖盘
1872,11:04:54,15.53,55908,36,卖盘
1873,11:04:57,15.54,43501,28,买盘
1874,11:05:00,15.53,72991,47,卖盘
1875,11:05:03,15.53,23295,15,中性盘
1876,11:05:06,15.53,60567,39,买盘
1877,11:05:09,15.53,77650,50,买盘
1878,11:05:12,15.52,46584,30,卖盘
1879,11:05:15,15.53,20189,13,买盘
1880,11:05:18,15.52,180032,116,卖盘
1881,11:05:21,15.53,59013,38,买盘
1882,11:05:27,15.52,20176,13,卖盘
1883,11:05:30,15.52,7760,5,卖盘
1884,11:05:33,15.53,20189,13,买盘
1885,11:05:39,15.52,23280,15,卖盘
1886,11:05:42,15.52,37248,24,卖盘
1887,11:05:45,15.52,325951,210,卖盘
1888,11:05:48,15.53,240637,155,买盘
1889,11:05:51,15.53,194082,125,买盘
1890,11:05:54,15.52,153719,99,卖盘
1891,11:05:57,15.52,116445,75,卖盘
1892,11:06:00,15.53,161450,104,买盘
1893,11:06:03,15.52,7760,5,卖盘
1894,11:06:06,15.53,355509,229,买盘
1895,11:06:09,15.52,113296,73,卖盘
1896,11:06:12,15.52,90039,58,卖盘
1897,11:06:15,15.53,408256,263,买盘
1898,11:06:18,15.52,55875,36,卖盘
1899,11:06:21,15.53,187873,121,买盘
1900,11:06:27,15.53,131979,85,买盘
1901,11:06:30,15.53,21742,14,买盘
1902,11:06:33,15.52,38800,25,卖盘
1903,11:06:36,15.52,58992,38,卖盘
1904,11:06:39,15.52,35696,23,买盘
1905,11:06:45,15.52,82231,53,买盘
1906,11:06:48,15.52,68259,44,买盘
1907,11:06:54,15.51,4653,3,卖盘
1908,11:06:57,15.51,76012,49,卖盘
1909,11:07:00,15.52,71372,46,买盘
1910,11:07:03,15.51,15510,10,卖盘
1911,11:07:06,15.51,74463,48,卖盘
1912,11:07:09,15.51,114788,74,卖盘
1913,11:07:12,15.51,43442,28,卖盘
1914,11:07:15,15.52,79114,51,买盘
1915,11:07:18,15.51,392416,253,卖盘
1916,11:07:21,15.51,527446,340,卖盘
1917,11:07:24,15.51,536740,346,卖盘
1918,11:07:27,15.51,223344,144,买盘
1919,11:07:30,15.5,213971,138,卖盘
1920,11:07:33,15.5,26364,17,卖盘
1921,11:07:36,15.51,63565,41,买盘
1922,11:07:39,15.5,31000,20,卖盘
1923,11:07:42,15.51,44978,29,买盘
1924,11:07:45,15.5,83700,54,卖盘
1925,11:07:48,15.5,150369,97,卖盘
1926,11:07:51,15.5,111648,72,卖盘
1927,11:07:54,15.51,94572,61,买盘
1928,11:07:57,15.5,69794,45,卖盘
1929,11:08:00,15.5,35663,23,卖盘
1930,11:08:03,15.5,21713,14,卖盘
1931,11:08:06,15.5,54263,35,卖盘
1932,11:08:09,15.5,125550,81,卖盘
1933,11:08:12,15.51,86820,56,买盘
1934,11:08:15,15.51,82155,53,买盘
1935,11:08:18,15.51,44977,29,买盘
1936,11:08:21,15.51,114728,74,买盘
1937,11:08:24,15.5,43400,28,卖盘
1938,11:08:27,15.5,173646,112,卖盘
1939,11:08:30,15.5,69750,45,卖盘
1940,11:08:33,15.5,63571,41,卖盘
1941,11:08:36,15.5,82164,53,卖盘
1942,11:08:39,15.5,116250,75,卖盘
1943,11:08:42,15.5,141116,91,卖盘
1944,11:08:45,15.5,483560,312,卖盘
1945,11:08:48,15.5,678916,438,买盘
1946,11:08:51,15.5,199950,129,买盘
1947,11:08:54,15.51,117876,76,买盘
1948,11:08:57,15.5,156553,101,卖盘
1949,11:09:00,15.5,86815,56,卖盘
1950,11:09:03,15.49,881525,569,卖盘
1951,11:09:06,15.51,60456,39,买盘
1952,11:09:09,15.51,167508,108,买盘
1953,11:09:12,15.51,350509,226,买盘
1954,11:09:15,15.51,72893,47,买盘
1955,11:09:18,15.5,17062,11,卖盘
1956,11:09:21,15.5,27900,18,卖盘
1957,11:09:24,15.51,18612,12,买盘
1958,11:09:27,15.5,74435,48,卖盘
1959,11:09:30,15.51,41872,27,中性盘
1960,11:09:33,15.52,37228,24,买盘
1961,11:09:36,15.51,13965,9,中性盘
1962,11:09:39,15.51,32572,21,卖盘
1963,11:09:42,15.52,24827,16,买盘
1964,11:09:45,15.51,9306,6,卖盘
1965,11:09:48,15.52,23275,15,买盘
1966,11:09:54,15.51,34127,22,卖盘
1967,11:09:57,15.51,37230,24,卖盘
1968,11:10:00,15.53,1863001,1200,买盘
1969,11:10:03,15.52,35692,23,中性盘
1970,11:10:06,15.52,83811,54,买盘
1971,11:10:09,15.52,4656,3,中性盘
1972,11:10:12,15.53,82309,53,买盘
1973,11:10:18,15.52,24843,16,卖盘
1974,11:10:21,15.52,7760,5,卖盘
1975,11:10:24,15.53,90024,58,买盘
1976,11:10:27,15.52,9312,6,卖盘
1977,11:10:30,15.53,94683,61,买盘
1978,11:10:33,15.52,3104,2,卖盘
1979,11:10:39,15.53,108651,70,买盘
1980,11:10:42,15.51,46557,30,卖盘
1981,11:10:45,15.52,34163,22,中性盘
1982,11:10:48,15.51,17070,11,卖盘
1983,11:10:51,15.51,15511,10,卖盘
1984,11:10:54,15.51,9306,6,卖盘
1985,11:10:57,15.52,34144,22,买盘
1986,11:11:00,15.52,1552,1,卖盘
1987,11:11:03,15.53,29497,19,买盘
1988,11:11:06,15.51,49653,32,卖盘
1989,11:11:09,15.52,6208,4,买盘
1990,11:11:12,15.52,9312,6,买盘
1991,11:11:15,15.52,21728,14,买盘
1992,11:11:18,15.51,3102,2,卖盘
1993,11:11:21,15.52,131950,85,买盘
1994,11:11:24,15.53,57443,37,买盘
1995,11:11:27,15.52,12416,8,卖盘
1996,11:11:30,15.53,24833,16,买盘
1997,11:11:33,15.52,4656,3,卖盘
1998,11:11:36,15.52,10864,7,买盘
1999,11:11:39,15.51,13966,9,卖盘
2000,11:11:42,15.5,330302,213,卖盘
2001,11:11:45,15.52,105536,68,买盘
2002,11:11:51,15.52,71376,46,买盘
2003,11:11:54,15.5,241875,156,卖盘
2004,11:11:57,15.52,127264,82,买盘
2005,11:12:00,15.52,12416,8,买盘
2006,11:12:03,15.52,43456,28,卖盘
2007,11:12:06,15.52,52768,34,买盘
2008,11:12:09,15.52,18624,12,买盘
2009,11:12:12,15.52,51216,33,买盘
2010,11:12:15,15.52,29488,19,买盘
2011,11:12:21,15.51,15510,10,卖盘
2012,11:12:24,15.52,77600,50,买盘
2013,11:12:27,15.52,93106,60,买盘
2014,11:12:30,15.52,23278,15,买盘
2015,11:12:33,15.52,20176,13,买盘
2016,11:12:48,15.52,248220,160,买盘
2017,11:12:51,15.52,119504,77,买盘
2018,11:12:54,15.52,46560,30,买盘
2019,11:12:57,15.52,114803,74,买盘
2020,11:13:00,15.52,54319,35,买盘
2021,11:13:03,15.52,82256,53,买盘
2022,11:13:06,15.52,40352,26,买盘
2023,11:13:09,15.53,1094781,705,买盘
2024,11:13:12,15.53,225184,145,买盘
2025,11:13:15,15.54,108725,70,买盘
2026,11:13:18,15.54,76133,49,买盘
2027,11:13:21,15.53,77650,50,卖盘
2028,11:13:24,15.54,23310,15,买盘
2029,11:13:27,15.54,24861,16,买盘
2030,11:13:30,15.54,13985,9,买盘
2031,11:13:33,15.54,20202,13,买盘
2032,11:13:39,15.54,1722267,1108,买盘
2033,11:13:42,15.55,721516,464,买盘
2034,11:13:45,15.55,211430,136,买盘
2035,11:13:48,15.56,2155236,1386,买盘
2036,11:13:51,15.57,5369034,3450,买盘
2037,11:13:54,15.57,1799742,1156,买盘
2038,11:13:57,15.58,1604648,1030,买盘
2039,11:14:00,15.58,473589,304,买盘
2040,11:14:03,15.58,186951,120,买盘
2041,11:14:06,15.58,403493,259,买盘
2042,11:14:09,15.57,1557,1,卖盘
2043,11:14:12,15.57,241479,155,卖盘
2044,11:14:15,15.58,46740,30,买盘
2045,11:14:18,15.58,196234,126,买盘
2046,11:14:21,15.58,37379,24,买盘
2047,11:14:24,15.57,152592,98,卖盘
2048,11:14:27,15.57,56080,36,卖盘
2049,11:14:30,15.58,12464,8,买盘
2050,11:14:33,15.58,52962,34,买盘
2051,11:14:36,15.57,101231,65,卖盘
2052,11:14:39,15.57,219558,141,卖盘
2053,11:14:42,15.57,118332,76,买盘
2054,11:14:45,15.56,7780,5,卖盘
2055,11:14:48,15.57,101191,65,买盘
2056,11:14:51,15.57,20241,13,买盘
2057,11:14:54,15.57,21796,14,买盘
2058,11:14:57,15.57,31140,20,买盘
2059,11:15:00,15.57,14013,9,买盘
2060,11:15:03,15.57,23355,15,买盘
2061,11:15:06,15.57,15566,10,买盘
2062,11:15:09,15.57,42026,27,买盘
2063,11:15:12,15.57,20241,13,买盘
2064,11:15:15,15.56,31120,20,卖盘
2065,11:15:18,15.56,140040,90,卖盘
2066,11:15:21,15.56,135407,87,卖盘
2067,11:15:24,15.56,15560,10,卖盘
2068,11:15:27,15.56,174303,112,卖盘
2069,11:15:30,15.56,206978,133,卖盘
2070,11:15:33,15.56,245877,158,卖盘
2071,11:15:36,15.57,281782,181,买盘
2072,11:15:39,15.56,15560,10,卖盘
2073,11:15:42,15.56,227227,146,卖盘
2074,11:15:45,15.56,66906,43,买盘
2075,11:15:48,15.55,68434,44,卖盘
2076,11:15:51,15.56,172649,111,买盘
2077,11:15:54,15.55,17105,11,卖盘
2078,11:15:57,15.56,110447,71,买盘
2079,11:16:00,15.55,26435,17,卖盘
2080,11:16:03,15.56,87106,56,买盘
2081,11:16:06,15.56,63781,41,买盘
2082,11:16:09,15.56,821572,528,买盘
2083,11:16:12,15.57,361212,232,买盘
2084,11:16:15,15.56,161915,104,卖盘
2085,11:16:18,15.57,104319,67,买盘
2086,11:16:21,15.57,141647,91,买盘
2087,11:16:24,15.57,140093,90,买盘
2088,11:16:27,15.57,71622,46,买盘
2089,11:16:33,15.57,29583,19,买盘
2090,11:16:39,15.57,7784,5,买盘
2091,11:16:42,15.56,107364,69,卖盘
2092,11:16:45,15.57,26469,17,买盘
2093,11:16:48,15.57,49824,32,买盘
2094,11:16:51,15.57,66950,43,买盘
2095,11:16:54,15.56,345446,222,卖盘
2096,11:16:57,15.57,73179,47,买盘
2097,11:17:00,15.57,62280,40,买盘
2098,11:17:03,15.56,63819,41,卖盘
2099,11:17:06,15.57,87172,56,买盘
2100,11:17:12,15.57,12456,8,买盘
2101,11:17:15,15.57,24909,16,买盘
2102,11:17:18,15.56,54464,35,卖盘
2103,11:17:21,15.57,42024,27,买盘
2104,11:17:24,15.56,6224,4,卖盘
2105,11:17:27,15.56,26452,17,卖盘
2106,11:17:30,15.57,14013,9,买盘
2107,11:17:33,15.56,15560,10,卖盘
2108,11:17:36,15.56,712661,458,卖盘
2109,11:17:39,15.56,477764,307,卖盘
2110,11:17:42,15.56,607042,390,卖盘
2111,11:17:45,15.56,208599,134,卖盘
2112,11:17:48,15.56,210091,135,卖盘
2113,11:17:51,15.57,459078,295,买盘
2114,11:17:54,15.55,3110,2,卖盘
2115,11:17:57,15.56,196056,126,买盘
2116,11:18:00,15.56,31120,20,买盘
2117,11:18:03,15.56,94916,61,买盘
2118,11:18:06,15.56,71576,46,买盘
2119,11:18:09,15.56,29560,19,买盘
2120,11:18:12,15.56,31120,20,买盘
2121,11:18:15,15.55,1555,1,卖盘
2122,11:18:18,15.56,26451,17,买盘
2123,11:18:21,15.56,29564,19,买盘
2124,11:18:24,15.56,23335,15,买盘
2125,11:18:27,15.56,20228,13,买盘
2126,11:18:30,15.55,66865,43,卖盘
2127,11:18:33,15.55,10885,7,卖盘
2128,11:18:36,15.55,192840,124,卖盘
2129,11:18:39,15.55,15550,10,卖盘
2130,11:18:42,15.55,143091,92,卖盘
2131,11:18:45,15.57,5556126,3570,买盘
2132,11:18:48,15.58,84095,54,买盘
2133,11:18:51,15.58,1126392,723,买盘
2134,11:18:54,15.58,115292,74,买盘
2135,11:18:57,15.58,359835,231,买盘
2136,11:19:00,15.58,906743,582,买盘
2137,11:19:03,15.57,56058,36,卖盘
2138,11:19:06,15.58,436240,280,买盘
2139,11:19:09,15.58,32708,21,买盘
2140,11:19:12,15.59,3354744,2153,买盘
2141,11:19:15,15.58,1954745,1254,卖盘
2142,11:19:18,15.59,1005543,645,买盘
2143,11:19:21,15.59,910451,584,买盘
2144,11:19:24,15.59,129392,83,买盘
2145,11:19:27,15.59,606451,389,买盘
2146,11:19:30,15.59,28062,18,卖盘
2147,11:19:33,15.59,352540,226,卖盘
2148,11:19:36,15.6,67071,43,买盘
2149,11:19:39,15.59,268149,172,卖盘
2150,11:19:42,15.59,194968,125,卖盘
2151,11:19:45,15.59,46769,30,卖盘
2152,11:19:48,15.59,70176,45,买盘
2153,11:19:51,15.58,56123,36,卖盘
2154,11:19:54,15.59,38975,25,买盘
2155,11:19:57,15.59,20267,13,买盘
2156,11:20:00,15.59,63919,41,买盘
2157,11:20:03,15.59,118476,76,买盘
2158,11:20:06,15.58,118481,76,卖盘
2159,11:20:09,15.59,146546,94,买盘
2160,11:20:12,15.58,188535,121,卖盘
2161,11:20:15,15.59,84178,54,买盘
2162,11:20:18,15.58,229063,147,卖盘
2163,11:20:21,15.59,102871,66,买盘
2164,11:20:24,15.59,851214,546,买盘
2165,11:20:27,15.58,360087,231,卖盘
2166,11:20:30,15.58,229170,147,卖盘
2167,11:20:33,15.58,121600,78,卖盘
2168,11:20:36,15.59,93529,60,买盘
2169,11:20:39,15.59,4677,3,买盘
2170,11:20:42,15.59,56124,36,买盘
2171,11:20:45,15.58,15580,10,卖盘
2172,11:20:51,15.59,140309,90,买盘
2173,11:20:54,15.58,7790,5,卖盘
2174,11:20:57,15.59,272708,175,买盘
2175,11:21:03,15.59,151221,97,买盘
2176,11:21:06,15.59,112194,72,买盘
2177,11:21:09,15.58,31160,20,卖盘
2178,11:21:12,15.59,116925,75,买盘
2179,11:21:18,15.58,154257,99,卖盘
2180,11:21:21,15.59,162106,104,买盘
2181,11:21:24,15.58,23370,15,卖盘
2182,11:21:27,15.58,32732,21,卖盘
2183,11:21:30,15.59,62360,40,买盘
2184,11:21:33,15.58,191755,123,卖盘
2185,11:21:36,15.59,101335,65,买盘
2186,11:21:39,15.58,263316,169,卖盘
2187,11:21:42,15.59,236966,152,买盘
2188,11:21:45,15.58,59207,38,卖盘
2189,11:21:48,15.59,137192,88,买盘
2190,11:21:54,15.58,151170,97,卖盘
2191,11:21:57,15.58,53001,34,卖盘
2192,11:22:00,15.58,210330,135,卖盘
2193,11:22:03,15.58,42066,27,买盘
2194,11:22:06,15.58,239832,154,买盘
2195,11:22:12,15.58,95036,61,买盘
2196,11:22:15,15.58,84131,54,买盘
2197,11:22:18,15.58,90364,58,买盘
2198,11:22:21,15.57,275620,177,卖盘
2199,11:22:24,15.57,4671,3,卖盘
2200,11:22:27,15.58,135540,87,买盘
2201,11:22:30,15.57,783171,503,卖盘
2202,11:22:33,15.58,246147,158,买盘
2203,11:22:36,15.58,227468,146,买盘
2204,11:22:39,15.57,15576,10,卖盘
2205,11:22:42,15.57,107481,69,卖盘
2206,11:22:45,15.57,43599,28,卖盘
2207,11:22:48,15.57,98148,63,卖盘
2208,11:22:51,15.57,32697,21,卖盘
2209,11:22:54,15.57,65418,42,卖盘
2210,11:22:57,15.58,604461,388,买盘
2211,11:23:00,15.58,176051,113,买盘
2212,11:23:03,15.57,668330,429,卖盘
2213,11:23:06,15.59,294636,189,买盘
2214,11:23:09,15.59,26503,17,买盘
2215,11:23:12,15.59,134067,86,买盘
2216,11:23:15,15.58,31160,20,卖盘
2217,11:23:18,15.59,67032,43,买盘
2218,11:23:21,15.58,135610,87,卖盘
2219,11:23:24,15.59,17141,11,买盘
2220,11:23:27,15.58,95084,61,卖盘
2221,11:23:30,15.58,208772,134,卖盘
2222,11:23:33,15.58,177690,114,卖盘
2223,11:23:36,15.59,311615,200,买盘
2224,11:23:39,15.58,112171,72,卖盘
2225,11:23:42,15.58,230584,148,买盘
2226,11:23:45,15.58,144894,93,买盘
2227,11:23:48,15.57,339632,218,卖盘
2228,11:23:51,15.58,66994,43,买盘
2229,11:23:54,15.58,147955,95,买盘
2230,11:23:57,15.58,49856,32,买盘
2231,11:24:00,15.58,38928,25,买盘
2232,11:24:03,15.57,246033,158,卖盘
2233,11:24:06,15.57,135517,87,卖盘
2234,11:24:09,15.58,95016,61,买盘
2235,11:24:12,15.58,57640,37,买盘
2236,11:24:15,15.57,217980,140,卖盘
2237,11:24:18,15.57,200925,129,卖盘
2238,11:24:21,15.58,109005,70,买盘
2239,11:24:24,15.57,160397,103,卖盘
2240,11:24:27,15.57,165042,106,买盘
2241,11:24:30,15.57,43596,28,买盘
2242,11:24:33,15.57,65390,42,买盘
2243,11:24:36,15.56,32676,21,卖盘
2244,11:24:39,15.56,49792,32,卖盘
2245,11:24:42,15.57,135386,87,买盘
2246,11:24:45,15.56,150932,97,卖盘
2247,11:24:48,15.56,191426,123,卖盘
2248,11:24:51,15.56,133816,86,买盘
2249,11:24:54,15.56,202280,130,买盘
2250,11:24:57,15.56,62254,40,卖盘
2251,11:25:00,15.56,138517,89,卖盘
2252,11:25:03,15.56,37344,24,卖盘
2253,11:25:06,15.57,193001,124,买盘
2254,11:25:09,15.56,91822,59,卖盘
2255,11:25:12,15.56,110518,71,卖盘
2256,11:25:15,15.56,38899,25,买盘
2257,11:25:18,15.56,563272,362,买盘
2258,11:25:21,15.57,438873,282,买盘
2259,11:25:24,15.57,118321,76,买盘
2260,11:25:27,15.58,228959,147,买盘
2261,11:25:30,15.57,84078,54,卖盘
2262,11:25:33,15.57,29583,19,买盘
2263,11:25:36,15.56,3112,2,卖盘
2264,11:25:42,15.56,26460,17,卖盘
2265,11:25:45,15.56,38900,25,卖盘
2266,11:25:48,15.56,9336,6,卖盘
2267,11:25:51,15.57,21788,14,买盘
2268,11:25:54,15.56,830910,534,卖盘
2269,11:25:57,15.56,412599,265,卖盘
2270,11:26:00,15.56,68472,44,卖盘
2271,11:26:03,15.56,62240,40,卖盘
2272,11:26:06,15.56,178979,115,卖盘
2273,11:26:09,15.55,1555,1,卖盘
2274,11:26:12,15.56,48236,31,买盘
2275,11:26:15,15.55,66890,43,卖盘
2276,11:26:18,15.57,51351,33,买盘
2277,11:26:21,15.57,237970,153,买盘
2278,11:26:24,15.55,6221,4,卖盘
2279,11:26:27,15.55,160230,103,卖盘
2280,11:26:33,15.56,135311,87,买盘
2281,11:26:36,15.56,108870,70,买盘
2282,11:26:39,15.56,38897,25,买盘
2283,11:26:42,15.55,41998,27,卖盘
2284,11:26:45,15.56,14004,9,买盘
2285,11:26:48,15.55,161746,104,卖盘
2286,11:26:51,15.56,90240,58,买盘
2287,11:26:54,15.54,158606,102,卖盘
2288,11:26:57,15.56,37329,24,买盘
2289,11:27:00,15.55,26436,17,买盘
2290,11:27:03,15.55,32655,21,买盘
2291,11:27:06,15.54,299958,193,卖盘
2292,11:27:09,15.55,514405,331,买盘
2293,11:27:12,15.56,427652,275,买盘
2294,11:27:15,15.56,155575,100,买盘
2295,11:27:18,15.54,79303,51,卖盘
2296,11:27:21,15.55,52870,34,买盘
2297,11:27:24,15.54,177174,114,卖盘
2298,11:27:27,15.55,121290,78,买盘
2299,11:27:30,15.55,49760,32,买盘
2300,11:27:33,15.54,76172,49,卖盘
2301,11:27:36,15.55,144535,93,买盘
2302,11:27:39,15.55,71510,46,买盘
2303,11:27:42,15.54,136801,88,卖盘
2304,11:27:45,15.54,273504,176,卖盘
2305,11:27:48,15.54,152382,98,卖盘
2306,11:27:51,15.54,149198,96,卖盘
2307,11:27:54,15.54,927772,597,卖盘
2308,11:27:57,15.54,507910,327,卖盘
2309,11:28:00,15.54,59491,38,买盘
2310,11:28:03,15.54,88607,57,卖盘
2311,11:28:06,15.55,149275,96,买盘
2312,11:28:09,15.54,628935,405,卖盘
2313,11:28:12,15.54,134079,86,买盘
2314,11:28:15,15.54,66824,43,卖盘
2315,11:28:18,15.55,82392,53,买盘
2316,11:28:21,15.55,264183,170,买盘
2317,11:28:24,15.55,80820,52,买盘
2318,11:28:27,15.54,60640,39,中性盘
2319,11:28:30,15.53,17092,11,卖盘
2320,11:28:33,15.54,43517,28,买盘
2321,11:28:36,15.53,38849,25,卖盘
2322,11:28:42,15.54,35732,23,买盘
2323,11:28:45,15.54,40393,26,买盘
2324,11:28:48,15.53,15530,10,卖盘
2325,11:28:51,15.53,118029,76,卖盘
2326,11:28:54,15.54,90092,58,买盘
2327,11:28:57,15.53,854191,550,卖盘
2328,11:29:00,15.54,298360,192,买盘
2329,11:29:03,15.53,354224,228,卖盘
2330,11:29:06,15.54,87019,56,中性盘
2331,11:29:09,15.55,132163,85,买盘
2332,11:29:12,15.54,15540,10,买盘
2333,11:29:15,15.53,35743,23,卖盘
2334,11:29:18,15.53,77659,50,卖盘
2335,11:29:21,15.53,12424,8,卖盘
2336,11:29:24,15.53,88521,57,卖盘
2337,11:29:27,15.53,63691,41,卖盘
2338,11:29:30,15.53,204996,132,卖盘
2339,11:29:33,15.53,156853,101,买盘
2340,11:29:36,15.53,26397,17,买盘
2341,11:29:39,15.52,66750,43,卖盘
2342,11:29:42,15.52,51238,33,卖盘
2343,11:29:45,15.53,21739,14,买盘
2344,11:29:48,15.52,77638,50,卖盘
2345,11:29:54,15.52,51216,33,卖盘
2346,11:29:57,15.52,26398,17,卖盘
2347,13:00:00,15.52,1525941,982,卖盘
2348,13:00:03,15.52,2147938,1384,卖盘
2349,13:00:06,15.51,4118259,2654,卖盘
2350,13:00:09,15.51,1290462,832,买盘
2351,13:00:12,15.52,2224016,1433,买盘
2352,13:00:15,15.53,1872828,1206,买盘
2353,13:00:18,15.53,1123525,723,卖盘
2354,13:00:21,15.57,4457339,2865,买盘
2355,13:00:24,15.58,4363972,2801,买盘
2356,13:00:27,15.59,2713599,1741,买盘
2357,13:00:30,15.59,2509967,1610,买盘
2358,13:00:33,15.58,35834,23,卖盘
2359,13:00:36,15.58,134016,86,卖盘
2360,13:00:39,15.56,1355486,871,卖盘
2361,13:00:42,15.55,696640,448,卖盘
2362,13:00:45,15.55,1154608,743,买盘
2363,13:00:48,15.54,192806,124,卖盘
2364,13:00:51,15.54,170927,110,买盘
2365,13:00:54,15.54,3108,2,卖盘
2366,13:00:57,15.55,88616,57,买盘
2367,13:01:00,15.54,74600,48,卖盘
2368,13:01:03,15.54,335664,216,卖盘
2369,13:01:06,15.54,26418,17,买盘
2370,13:01:09,15.53,1553,1,卖盘
2371,13:01:12,15.53,59014,38,卖盘
2372,13:01:15,15.53,97787,63,买盘
2373,13:01:18,15.52,128816,83,卖盘
2374,13:01:21,15.53,31046,20,买盘
2375,13:01:27,15.51,158202,102,卖盘
2376,13:01:30,15.5,46515,30,卖盘
2377,13:01:33,15.5,778100,502,卖盘
2378,13:01:36,15.51,316326,204,买盘
2379,13:01:39,15.51,105444,68,买盘
2380,13:01:42,15.51,89947,58,卖盘
2381,13:01:45,15.52,139680,90,买盘
2382,13:01:48,15.52,328918,212,买盘
2383,13:01:51,15.51,89958,58,卖盘
2384,13:01:54,15.51,133386,86,买盘
2385,13:02:00,15.51,338320,218,卖盘
2386,13:02:03,15.51,623875,402,卖盘
2387,13:02:06,15.51,97725,63,卖盘
2388,13:02:09,15.51,227962,147,卖盘
2389,13:02:12,15.51,260498,168,买盘
2390,13:02:15,15.51,108575,70,买盘
2391,13:02:18,15.52,68286,44,买盘
2392,13:02:21,15.51,69829,45,卖盘
2393,13:02:27,15.51,1551,1,卖盘
2394,13:02:30,15.51,41877,27,卖盘
2395,13:02:33,15.5,44966,29,卖盘
2396,13:02:42,15.5,175169,113,卖盘
2397,13:02:45,15.5,223200,144,卖盘
2398,13:02:48,15.5,686650,443,买盘
2399,13:02:51,15.5,869522,561,买盘
2400,13:02:54,15.5,209235,135,买盘
2401,13:02:57,15.5,122491,79,卖盘
2402,13:03:00,15.52,400261,258,买盘
2403,13:03:03,15.51,235611,152,卖盘
2404,13:03:06,15.52,226581,146,买盘
2405,13:03:09,15.52,44998,29,买盘
2406,13:03:12,15.52,34144,22,买盘
2407,13:03:15,15.53,1730931,1114,买盘
2408,13:03:18,15.54,396098,255,买盘
2409,13:03:21,15.54,387037,249,卖盘
2410,13:03:24,15.55,108827,70,买盘
2411,13:03:27,15.55,101075,65,卖盘
2412,13:03:30,15.54,144539,93,卖盘
2413,13:03:33,15.54,59052,38,买盘
2414,13:03:36,15.55,51313,33,买盘
2415,13:03:39,15.55,3110,2,买盘
2416,13:03:42,15.54,27972,18,卖盘
2417,13:03:45,15.54,26418,17,买盘
2418,13:03:48,15.53,18636,12,卖盘
2419,13:03:51,15.54,52836,34,买盘
2420,13:03:54,15.53,23295,15,卖盘
2421,13:03:57,15.53,26401,17,卖盘
2422,13:04:00,15.53,88521,57,买盘
2423,13:04:03,15.53,76102,49,买盘
2424,13:04:06,15.53,1529716,985,买盘
2425,13:04:09,15.55,169347,109,买盘
2426,13:04:12,15.54,49730,32,卖盘
2427,13:04:15,15.55,71519,46,买盘
2428,13:04:18,15.55,9329,6,买盘
2429,13:04:21,15.54,31080,20,卖盘
2430,13:04:24,15.54,99456,64,卖盘
2431,13:04:27,15.54,41958,27,卖盘
2432,13:04:30,15.54,21756,14,卖盘
2433,13:04:33,15.54,23310,15,卖盘
2434,13:04:36,15.54,29540,19,卖盘
2435,13:04:39,15.54,87037,56,卖盘
2436,13:04:42,15.54,34202,22,卖盘
2437,13:04:45,15.55,57512,37,买盘
2438,13:04:48,15.54,93240,60,卖盘
2439,13:04:51,15.54,73051,47,卖盘
2440,13:04:54,15.55,105685,68,买盘
2441,13:04:57,15.54,673254,433,买盘
2442,13:05:00,15.55,167833,108,买盘
2443,13:05:03,15.53,174011,112,卖盘
2444,13:05:06,15.54,74592,48,买盘
2445,13:05:09,15.54,80808,52,买盘
2446,13:05:15,15.55,69955,45,买盘
2447,13:05:18,15.54,116563,75,卖盘
2448,13:05:21,15.54,79254,51,买盘
2449,13:05:24,15.54,24856,16,买盘
2450,13:05:27,15.53,17083,11,卖盘
2451,13:05:30,15.53,41955,27,卖盘
2452,13:05:33,15.53,1553,1,卖盘
2453,13:05:39,15.53,48143,31,卖盘
2454,13:05:42,15.53,128899,83,卖盘
2455,13:05:45,15.54,38831,25,买盘
2456,13:05:48,15.52,24846,16,卖盘
2457,13:05:51,15.53,68364,44,卖盘
2458,13:05:54,15.53,141323,91,卖盘
2459,13:05:57,15.52,125785,81,卖盘
2460,13:06:00,15.54,77652,50,买盘
2461,13:06:03,15.54,59032,38,买盘
2462,13:06:06,15.53,177056,114,卖盘
2463,13:06:09,15.54,80792,52,买盘
2464,13:06:12,15.53,1553,1,卖盘
2465,13:06:15,15.53,17083,11,卖盘
2466,13:06:18,15.53,4659,3,卖盘
2467,13:06:21,15.52,27946,18,卖盘
2468,13:06:24,15.52,63664,41,卖盘
2469,13:06:27,15.53,57460,37,买盘
2470,13:06:30,15.53,52802,34,买盘
2471,13:06:33,15.53,71437,46,买盘
2472,13:06:36,15.52,356989,230,卖盘
2473,13:06:39,15.53,187855,121,买盘
2474,13:06:42,15.52,21728,14,卖盘
2475,13:06:45,15.53,203443,131,买盘
2476,13:06:48,15.53,34156,22,买盘
2477,13:06:51,15.52,90063,58,卖盘
2478,13:06:54,15.52,23280,15,卖盘
2479,13:06:57,15.52,35696,23,卖盘
2480,13:07:00,15.53,77613,50,买盘
2481,13:07:03,15.52,20177,13,卖盘
2482,13:07:06,15.52,88477,57,卖盘
2483,13:07:09,15.52,74480,48,买盘
2484,13:07:12,15.52,17072,11,买盘
2485,13:07:15,15.52,27936,18,卖盘
2486,13:07:18,15.52,7760,5,买盘
2487,13:07:21,15.51,169149,109,卖盘
2488,13:07:24,15.52,77590,50,买盘
2489,13:07:27,15.52,12421,8,卖盘
2490,13:07:30,15.52,110192,71,卖盘
2491,13:07:33,15.52,27936,18,买盘
2492,13:07:36,15.52,45008,29,买盘
2493,13:07:39,15.51,80652,52,卖盘
2494,13:07:42,15.52,40340,26,买盘
2495,13:07:45,15.52,40340,26,买盘
2496,13:07:48,15.51,176815,114,卖盘
2497,13:07:51,15.51,102401,66,卖盘
2498,13:07:54,15.52,60527,39,买盘
2499,13:07:57,15.51,60502,39,卖盘
2500,13:08:00,15.52,476464,307,买盘
2501,13:08:03,15.52,310392,200,买盘
2502,13:08:06,15.52,543196,350,买盘
2503,13:08:09,15.52,161358,104,买盘
2504,13:08:12,15.53,1763164,1135,买盘
2505,13:08:15,15.55,464939,299,买盘
2506,13:08:18,15.55,489759,315,买盘
2507,13:08:21,15.53,180352,116,卖盘
2508,13:08:24,15.53,51279,33,卖盘
2509,13:08:27,15.54,43512,28,卖盘
2510,13:08:30,15.54,55944,36,买盘
2511,13:08:33,15.54,26416,17,买盘
2512,13:08:36,15.54,3108,2,买盘
2513,13:08:42,15.53,52802,34,卖盘
2514,13:08:45,15.54,1554,1,买盘
2515,13:08:48,15.54,35728,23,买盘
2516,13:08:54,15.54,77654,50,买盘
2517,13:08:57,15.53,69887,45,卖盘
2518,13:09:00,15.54,52805,34,买盘
2519,13:09:03,15.54,1554,1,买盘
2520,13:09:06,15.54,181789,117,买盘
2521,13:09:09,15.53,20193,13,卖盘
2522,13:09:12,15.52,49696,32,卖盘
2523,13:09:15,15.54,34180,22,买盘
2524,13:09:18,15.53,23295,15,卖盘
2525,13:09:21,15.54,15532,10,买盘
2526,13:09:24,15.53,46590,30,卖盘
2527,13:09:27,15.53,43476,28,买盘
2528,13:09:30,15.52,6211,4,卖盘
2529,13:09:33,15.53,24835,16,买盘
2530,13:09:36,15.53,49680,32,买盘
2531,13:09:39,15.53,43472,28,买盘
2532,13:09:42,15.53,29507,19,买盘
2533,13:09:45,15.53,38825,25,买盘
2534,13:09:48,15.53,1553,1,买盘
2535,13:09:51,15.52,27936,18,卖盘
2536,13:09:54,15.53,52787,34,买盘
2537,13:09:57,15.53,24848,16,买盘
2538,13:10:00,15.52,32593,21,卖盘
2539,13:10:03,15.52,43460,28,卖盘
2540,13:10:06,15.52,45034,29,卖盘
2541,13:10:09,15.52,90030,58,卖盘
2542,13:10:12,15.52,24832,16,买盘
2543,13:10:15,15.52,103984,67,买盘
2544,13:10:18,15.52,29488,19,买盘
2545,13:10:21,15.52,37262,24,卖盘
2546,13:10:27,15.52,32592,21,卖盘
2547,13:10:30,15.51,54312,35,卖盘
2548,13:10:33,15.52,18624,12,买盘
2549,13:10:36,15.51,49632,32,卖盘
2550,13:10:39,15.52,20176,13,买盘
2551,13:10:42,15.52,32572,21,买盘
2552,13:10:45,15.51,172263,111,卖盘
2553,13:10:48,15.52,88464,57,买盘
2554,13:10:51,15.51,68261,44,卖盘
2555,13:10:54,15.52,40351,26,买盘
2556,13:10:57,15.52,68258,44,买盘
2557,13:11:00,15.52,37238,24,买盘
2558,13:11:03,15.52,20176,13,买盘
2559,13:11:06,15.51,167508,108,卖盘
2560,13:11:09,15.52,66711,43,买盘
2561,13:11:12,15.52,134983,87,买盘
2562,13:11:15,15.52,72941,47,买盘
2563,13:11:18,15.51,37241,24,卖盘
2564,13:11:24,15.51,110121,71,卖盘
2565,13:11:27,15.51,102367,66,卖盘
2566,13:11:30,15.51,85305,55,卖盘
2567,13:11:33,15.51,113216,73,买盘
2568,13:11:36,15.51,144236,93,买盘
2569,13:11:39,15.51,43428,28,买盘
2570,13:11:42,15.51,43413,28,买盘
2571,13:11:45,15.51,99244,64,买盘
2572,13:11:48,15.5,77500,50,卖盘
2573,13:11:51,15.51,49630,32,买盘
2574,13:11:54,15.51,34113,22,买盘
2575,13:11:57,15.5,649464,419,卖盘
2576,13:12:00,15.51,483912,312,买盘
2577,13:12:03,15.51,69786,45,买盘
2578,13:12:06,15.51,176814,114,买盘
2579,13:12:09,15.51,102366,66,买盘
2580,13:12:12,15.51,20164,13,卖盘
2581,13:12:15,15.52,31034,20,买盘
2582,13:12:21,15.52,31023,20,买盘
2583,13:12:24,15.52,20164,13,买盘
2584,13:12:27,15.52,17072,11,买盘
2585,13:12:30,15.51,37224,24,卖盘
2586,13:12:33,15.5,77504,50,卖盘
2587,13:12:36,15.51,430938,278,买盘
2588,13:12:39,15.51,93044,60,买盘
2589,13:12:42,15.51,43428,28,买盘
2590,13:12:45,15.51,167498,108,买盘
2591,13:12:48,15.5,79050,51,卖盘
2592,13:12:51,15.49,858632,554,卖盘
2593,13:12:54,15.5,41866,27,卖盘
2594,13:12:57,15.51,37224,24,买盘
2595,13:13:00,15.52,122573,79,买盘
2596,13:13:03,15.51,35673,23,卖盘
2597,13:13:06,15.52,111744,72,买盘
2598,13:13:09,15.51,29470,19,卖盘
2599,13:13:12,15.51,54298,35,卖盘
2600,13:13:15,15.52,44990,29,买盘
2601,13:13:18,15.51,54285,35,卖盘
2602,13:13:21,15.52,69822,45,买盘
2603,13:13:24,15.52,13960,9,买盘
2604,13:13:30,15.51,12408,8,卖盘
2605,13:13:33,15.51,35688,23,卖盘
2606,13:13:36,15.51,35686,23,卖盘
2607,13:13:39,15.51,27919,18,卖盘
2608,13:13:42,15.51,48069,31,卖盘
2609,13:13:45,15.51,32584,21,卖盘
2610,13:13:48,15.51,37234,24,卖盘
2611,13:13:51,15.51,383089,247,买盘
2612,13:13:54,15.51,27918,18,买盘
2613,13:13:57,15.51,240396,155,买盘
2614,13:14:00,15.51,355179,229,买盘
2615,13:14:03,15.52,409467,264,买盘
2616,13:14:06,15.51,243663,157,卖盘
2617,13:14:09,15.52,114839,74,买盘
2618,13:14:12,15.52,85360,55,卖盘
2619,13:14:15,15.51,29477,19,卖盘
2620,13:14:21,15.52,1552,1,买盘
2621,13:14:24,15.51,43428,28,卖盘
2622,13:14:27,15.51,35676,23,卖盘
2623,13:14:30,15.52,128816,83,买盘
2624,13:14:33,15.52,206416,133,买盘
2625,13:14:36,15.53,35698,23,买盘
2626,13:14:39,15.53,31060,20,买盘
2627,13:14:42,15.52,85361,55,卖盘
2628,13:14:45,15.53,45029,29,买盘
2629,13:14:48,15.52,24832,16,卖盘
2630,13:14:51,15.52,102433,66,卖盘
2631,13:14:54,15.51,31033,20,卖盘
2632,13:14:57,15.52,20176,13,买盘
2633,13:15:00,15.52,76049,49,买盘
2634,13:15:03,15.52,37229,24,买盘
2635,13:15:06,15.51,54328,35,卖盘
2636,13:15:09,15.51,4653,3,卖盘
2637,13:15:12,15.51,10857,7,卖盘
2638,13:15:15,15.51,20163,13,卖盘
2639,13:15:18,15.51,17061,11,卖盘
2640,13:15:21,15.5,58954,38,卖盘
2641,13:15:24,15.51,37224,24,买盘
2642,13:15:27,15.5,77529,50,卖盘
2643,13:15:30,15.51,151998,98,买盘
2644,13:15:36,15.51,23265,15,买盘
2645,13:15:39,15.51,63589,41,买盘
2646,13:15:45,15.51,1551,1,买盘
2647,13:15:48,15.5,51150,33,卖盘
2648,13:15:51,15.51,43405,28,买盘
2649,13:15:54,15.51,23264,15,买盘
2650,13:15:57,15.5,20150,13,卖盘
2651,13:16:00,15.51,58929,38,买盘
2652,13:16:03,15.5,85250,55,卖盘
2653,13:16:06,15.51,86845,56,买盘
2654,13:16:12,15.5,37205,24,卖盘
2655,13:16:15,15.5,15500,10,卖盘
2656,13:16:18,15.51,34112,22,买盘
2657,13:16:21,15.5,85275,55,卖盘
2658,13:16:27,15.5,215489,139,卖盘
2659,13:16:30,15.5,147282,95,卖盘
2660,13:16:33,15.49,66641,43,卖盘
2661,13:16:36,15.5,96100,62,买盘
2662,13:16:39,15.49,58881,38,卖盘
2663,13:16:42,15.5,131732,85,买盘
2664,13:16:45,15.5,30993,20,买盘
2665,13:16:48,15.5,23250,15,买盘
2666,13:16:51,15.49,99149,64,卖盘
2667,13:16:57,15.49,15490,10,卖盘
2668,13:17:00,15.5,57331,37,买盘
2669,13:17:03,15.49,17039,11,卖盘
2670,13:17:06,15.5,29450,19,买盘
2671,13:17:09,15.5,58872,38,买盘
2672,13:17:12,15.49,13941,9,卖盘
2673,13:17:15,15.5,40300,26,买盘
2674,13:17:18,15.49,77450,50,卖盘
2675,13:17:21,15.49,185921,120,卖盘
2676,13:17:24,15.5,6198,4,买盘
2677,13:17:27,15.5,128642,83,买盘
2678,13:17:30,15.5,32542,21,买盘
2679,13:17:33,15.49,40274,26,卖盘
2680,13:17:36,15.5,69749,45,买盘
2681,13:17:42,15.49,12392,8,卖盘
2682,13:17:45,15.49,65058,42,卖盘
2683,13:17:48,15.5,92953,60,买盘
2684,13:17:51,15.49,54230,35,卖盘
2685,13:17:54,15.49,17039,11,卖盘
2686,13:17:57,15.49,110008,71,卖盘
2687,13:18:00,15.5,18589,12,买盘
2688,13:18:03,15.5,151813,98,买盘
2689,13:18:06,15.49,165772,107,卖盘
2690,13:18:09,15.5,65091,42,买盘
2691,13:18:12,15.49,202973,131,卖盘
2692,13:18:15,15.49,289700,187,卖盘
2693,13:18:18,15.49,85195,55,卖盘
2694,13:18:21,15.49,154965,100,卖盘
2695,13:18:24,15.49,58862,38,卖盘
2696,13:18:27,15.49,46499,30,卖盘
2697,13:18:30,15.5,106943,69,买盘
2698,13:18:33,15.5,23250,15,买盘
2699,13:18:36,15.49,362480,234,卖盘
2700,13:18:39,15.5,3100,2,买盘
2701,13:18:42,15.5,151891,98,买盘
2702,13:18:45,15.49,30993,20,卖盘
2703,13:18:48,15.5,80599,52,买盘
2704,13:18:51,15.5,63539,41,买盘
2705,13:18:54,15.49,99136,64,卖盘
2706,13:18:57,15.5,54243,35,买盘
2707,13:19:00,15.5,30993,20,买盘
2708,13:19:03,15.49,40274,26,卖盘
2709,13:19:06,15.5,65100,42,买盘
2710,13:19:09,15.49,43387,28,卖盘
2711,13:19:15,15.49,151802,98,卖盘
2712,13:19:18,15.5,154916,100,买盘
2713,13:19:21,15.5,65087,42,买盘
2714,13:19:24,15.49,54215,35,卖盘
2715,13:19:27,15.49,96088,62,卖盘
2716,13:19:30,15.5,38738,25,买盘
2717,13:19:33,15.49,74317,48,卖盘
2718,13:19:36,15.49,96026,62,买盘
2719,13:19:39,15.48,7744,5,卖盘
2720,13:19:42,15.48,20125,13,卖盘
2721,13:19:45,15.48,23220,15,卖盘
2722,13:19:48,15.49,18588,12,买盘
2723,13:19:51,15.48,63496,41,卖盘
2724,13:19:54,15.48,29412,19,卖盘
2725,13:19:57,15.49,43353,28,买盘
2726,13:20:00,15.49,63497,41,买盘
2727,13:20:06,15.49,52666,34,买盘
2728,13:20:09,15.49,77414,50,买盘
2729,13:20:15,15.48,21672,14,卖盘
2730,13:20:21,15.48,54187,35,卖盘
2731,13:20:24,15.48,27864,18,卖盘
2732,13:20:27,15.48,119209,77,卖盘
2733,13:20:30,15.49,142492,92,买盘
2734,13:20:36,15.49,44903,29,买盘
2735,13:20:39,15.48,181116,117,卖盘
2736,13:20:42,15.49,144033,93,买盘
2737,13:20:45,15.49,4647,3,买盘
2738,13:20:48,15.48,102213,66,卖盘
2739,13:20:51,15.49,68138,44,买盘
2740,13:20:54,15.49,23235,15,买盘
2741,13:20:57,15.48,46454,30,卖盘
2742,13:21:03,15.5,2555915,1650,买盘
2743,13:21:06,15.5,1077240,695,买盘
2744,13:21:09,15.49,48040,31,卖盘
2745,13:21:12,15.49,240238,155,卖盘
2746,13:21:15,15.5,840083,542,买盘
2747,13:21:18,15.5,60450,39,买盘
2748,13:21:21,15.5,217000,140,买盘
2749,13:21:24,15.51,82181,53,买盘
2750,13:21:27,15.51,41877,27,买盘
2751,13:21:33,15.51,21714,14,买盘
2752,13:21:36,15.5,12400,8,卖盘
2753,13:21:39,15.51,54266,35,买盘
2754,13:21:42,15.5,18600,12,卖盘
2755,13:21:45,15.51,31013,20,买盘
2756,13:21:48,15.5,1550,1,卖盘
2757,13:21:51,15.51,32563,21,买盘
2758,13:21:54,15.51,32571,21,买盘
2759,13:21:57,15.51,34113,22,买盘
2760,13:22:00,15.5,86814,56,卖盘
2761,13:22:03,15.5,151900,98,卖盘
2762,13:22:06,15.5,108493,70,买盘
2763,13:22:09,15.5,55800,36,买盘
2764,13:22:12,15.5,51150,33,买盘
2765,13:22:15,15.5,51178,33,卖盘
2766,13:22:18,15.5,38750,25,卖盘
2767,13:22:21,15.5,40300,26,买盘
2768,13:22:24,15.5,4650,3,卖盘
2769,13:22:27,15.51,34111,22,买盘
2770,13:22:30,15.5,3100,2,卖盘
2771,13:22:33,15.5,26343,17,买盘
2772,13:22:36,15.5,195200,126,买盘
2773,13:22:39,15.49,78999,51,卖盘
2774,13:22:42,15.49,137936,89,卖盘
2775,13:22:45,15.5,89889,58,买盘
2776,13:22:48,15.5,38750,25,买盘
2777,13:22:51,15.49,171943,111,卖盘
2778,13:22:54,15.5,44946,29,买盘
2779,13:22:57,15.5,111565,72,买盘
2780,13:23:00,15.49,4647,3,卖盘
2781,13:23:03,15.5,38750,25,买盘
2782,13:23:06,15.49,51130,33,卖盘
2783,13:23:09,15.5,32542,21,买盘
2784,13:23:12,15.5,41850,27,买盘
2785,13:23:15,15.5,31000,20,买盘
2786,13:23:18,15.49,156449,101,卖盘
2787,13:23:21,15.5,63547,41,买盘
2788,13:23:24,15.49,18588,12,卖盘
2789,13:23:27,15.49,176612,114,卖盘
2790,13:23:33,15.5,40300,26,买盘
2791,13:23:36,15.49,86788,56,卖盘
2792,13:23:42,15.5,21700,14,买盘
2793,13:23:45,15.5,91395,59,买盘
2794,13:23:48,15.49,40273,26,卖盘
2795,13:23:51,15.49,32543,21,卖盘
2796,13:23:54,15.49,142506,92,卖盘
2797,13:23:57,15.49,77450,50,卖盘
2798,13:24:00,15.49,103783,67,买盘
2799,13:24:06,15.49,89878,58,卖盘
2800,13:24:09,15.49,26333,17,买盘
2801,13:24:12,15.48,10836,7,卖盘
2802,13:24:15,15.49,97575,63,买盘
2803,13:24:18,15.49,34078,22,卖盘
2804,13:24:21,15.49,40274,26,买盘
2805,13:24:24,15.49,12392,8,买盘
2806,13:24:27,15.48,72783,47,卖盘
2807,13:24:30,15.48,13937,9,卖盘
2808,13:24:33,15.48,40248,26,卖盘
2809,13:24:36,15.49,303593,196,买盘
2810,13:24:39,15.48,27864,18,卖盘
2811,13:24:42,15.49,159530,103,买盘
2812,13:24:45,15.49,61976,40,卖盘
2813,13:24:48,15.5,61990,40,买盘
2814,13:24:51,15.48,44906,29,卖盘
2815,13:24:54,15.48,60392,39,卖盘
2816,13:24:57,15.49,26333,17,买盘
2817,13:25:00,15.49,3098,2,买盘
2818,13:25:06,15.48,18587,12,卖盘
2819,13:25:09,15.48,15480,10,卖盘
2820,13:25:12,15.49,77442,50,买盘
2821,13:25:15,15.49,405589,262,买盘
2822,13:25:21,15.49,354624,229,买盘
2823,13:25:27,15.49,106881,69,买盘
2824,13:25:30,15.48,10836,7,卖盘
2825,13:25:33,15.49,49568,32,买盘
2826,13:25:36,15.49,21686,14,买盘
2827,13:25:39,15.48,15481,10,卖盘
2828,13:25:42,15.49,99136,64,买盘
2829,13:25:45,15.48,182721,118,卖盘
2830,13:25:48,15.48,94474,61,卖盘
2831,13:25:51,15.49,86741,56,买盘
2832,13:25:54,15.49,49561,32,买盘
2833,13:25:57,15.48,123868,80,卖盘
2834,13:26:00,15.49,2366852,1528,买盘
2835,13:26:03,15.51,2415148,1558,买盘
2836,13:26:06,15.52,622282,401,买盘
2837,13:26:09,15.52,469002,302,卖盘
2838,13:26:12,15.52,259307,167,卖盘
2839,13:26:15,15.52,107156,69,卖盘
2840,13:26:18,15.53,54341,35,买盘
2841,13:26:21,15.53,305929,197,买盘
2842,13:26:24,15.53,49694,32,买盘
2843,13:26:27,15.53,118019,76,买盘
2844,13:26:30,15.52,46560,30,卖盘
2845,13:26:33,15.53,69885,45,买盘
2846,13:26:36,15.52,180032,116,卖盘
2847,13:26:39,15.52,259331,167,卖盘
2848,13:26:42,15.52,194121,125,卖盘
2849,13:26:45,15.53,94733,61,买盘
2850,13:26:48,15.52,26398,17,卖盘
2851,13:26:51,15.53,405486,261,买盘
2852,13:26:54,15.54,74588,48,买盘
2853,13:26:57,15.54,198859,128,买盘
2854,13:27:00,15.54,40394,26,买盘
2855,13:27:03,15.53,83875,54,卖盘
2856,13:27:06,15.53,166123,107,买盘
2857,13:27:09,15.54,68359,44,买盘
2858,13:27:12,15.53,163093,105,卖盘
2859,13:27:15,15.53,34166,22,买盘
2860,13:27:18,15.52,40366,26,卖盘
2861,13:27:24,15.53,138217,89,买盘
2862,13:27:27,15.52,169238,109,卖盘
2863,13:27:30,15.52,153661,99,买盘
2864,13:27:33,15.52,105568,68,卖盘
2865,13:27:36,15.53,41930,27,买盘
2866,13:27:45,15.52,7760,5,卖盘
2867,13:27:48,15.52,12416,8,卖盘
2868,13:27:51,15.53,177042,114,买盘
2869,13:27:54,15.52,150601,97,卖盘
2870,13:27:57,15.53,72991,47,买盘
2871,13:28:00,15.54,97855,63,买盘
2872,13:28:03,15.53,55921,36,卖盘
2873,13:28:06,15.53,43484,28,买盘
2874,13:28:09,15.53,65226,42,买盘
2875,13:28:12,15.52,68305,44,卖盘
2876,13:28:15,15.53,40368,26,买盘
2877,13:28:18,15.53,4659,3,买盘
2878,13:28:21,15.54,270364,174,买盘
2879,13:28:24,15.54,71461,46,买盘
2880,13:28:27,15.54,83916,54,买盘
2881,13:28:30,15.53,20189,13,卖盘
2882,13:28:33,15.52,18628,12,卖盘
2883,13:28:36,15.53,37272,24,买盘
2884,13:28:39,15.52,13968,9,卖盘
2885,13:28:42,15.53,46587,30,买盘
2886,13:28:45,15.53,24848,16,中性盘
2887,13:28:48,15.52,29501,19,卖盘
2888,13:28:51,15.54,343299,221,买盘
2889,13:28:54,15.53,91669,59,中性盘
2890,13:28:57,15.54,80808,52,买盘
2891,13:29:00,15.53,97846,63,卖盘
2892,13:29:03,15.53,76081,49,买盘
2893,13:29:06,15.54,46599,30,买盘
2894,13:29:09,15.54,6216,4,买盘
2895,13:29:12,15.53,41953,27,卖盘
2896,13:29:15,15.53,4659,3,卖盘
2897,13:29:18,15.53,59031,38,卖盘
2898,13:29:21,15.53,302947,195,卖盘
2899,13:29:24,15.54,301324,194,买盘
2900,13:29:27,15.54,149173,96,买盘
2901,13:29:30,15.54,703761,453,买盘
2902,13:29:33,15.54,169372,109,买盘
2903,13:29:36,15.53,257943,166,卖盘
2904,13:29:39,15.53,51249,33,买盘
2905,13:29:42,15.54,82332,53,买盘
2906,13:29:45,15.54,15539,10,买盘
2907,13:29:48,15.54,21756,14,买盘
2908,13:29:57,15.53,12424,8,卖盘
2909,13:30:00,15.53,46590,30,卖盘
2910,13:30:03,15.54,2403467,1546,买盘
2911,13:30:06,15.54,216006,139,买盘
2912,13:30:09,15.55,45094,29,买盘
2913,13:30:12,15.55,4665,3,买盘
2914,13:30:18,15.55,4665,3,买盘
2915,13:30:21,15.54,380730,245,卖盘
2916,13:30:24,15.54,91670,59,买盘
2917,13:30:27,15.54,94786,61,买盘
2918,13:30:30,15.54,24864,16,买盘
2919,13:30:33,15.53,62134,40,卖盘
2920,13:30:36,15.54,71480,46,买盘
2921,13:30:39,15.53,40397,26,卖盘
2922,13:30:42,15.53,12424,8,卖盘
2923,13:30:45,15.53,12424,8,卖盘
2924,13:30:48,15.53,100945,65,卖盘
2925,13:30:51,15.52,102463,66,卖盘
2926,13:30:54,15.53,121073,78,买盘
2927,13:30:57,15.53,85415,55,买盘
2928,13:31:00,15.53,76092,49,卖盘
2929,13:31:03,15.53,59014,38,买盘
2930,13:31:06,15.53,41917,27,买盘
2931,13:31:09,15.53,29504,19,买盘
2932,13:31:12,15.52,54320,35,卖盘
2933,13:31:18,15.52,57405,37,买盘
2934,13:31:24,15.52,23273,15,买盘
2935,13:31:27,15.51,31033,20,卖盘
2936,13:31:30,15.51,52734,34,卖盘
2937,13:31:33,15.51,52720,34,买盘
2938,13:31:36,15.5,122479,79,卖盘
2939,13:31:39,15.5,46500,30,买盘
2940,13:31:42,15.5,32550,21,买盘
2941,13:31:45,15.5,128637,83,卖盘
2942,13:31:48,15.5,105400,68,买盘
2943,13:31:51,15.5,156550,101,买盘
2944,13:31:54,15.49,136344,88,卖盘
2945,13:31:57,15.5,102297,66,买盘
2946,13:32:00,15.5,52700,34,买盘
2947,13:32:03,15.49,94520,61,卖盘
2948,13:32:06,15.5,6200,4,买盘
2949,13:32:09,15.49,68175,44,卖盘
2950,13:32:12,15.49,17039,11,卖盘
2951,13:32:15,15.5,119342,77,买盘
2952,13:32:18,15.49,123993,80,卖盘
2953,13:32:21,15.5,151886,98,买盘
2954,13:32:24,15.49,29431,19,卖盘
2955,13:32:27,15.5,255598,165,买盘
2956,13:32:30,15.49,66648,43,卖盘
2957,13:32:33,15.5,46500,30,买盘
2958,13:32:36,15.5,154960,100,买盘
2959,13:32:42,15.5,44950,29,买盘
2960,13:32:45,15.5,10850,7,买盘
2961,13:32:48,15.49,26343,17,卖盘
2962,13:32:51,15.5,20150,13,买盘
2963,13:32:57,15.49,26333,17,卖盘
2964,13:33:00,15.5,55800,36,买盘
2965,13:33:03,15.5,32542,21,买盘
2966,13:33:06,15.49,27893,18,卖盘
2967,13:33:09,15.49,69705,45,卖盘
2968,13:33:12,15.5,32543,21,买盘
2969,13:33:15,15.49,32546,21,卖盘
2970,13:33:18,15.49,85221,55,卖盘
2971,13:33:21,15.5,63533,41,买盘
2972,13:33:24,15.49,30988,20,卖盘
2973,13:33:27,15.49,1549,1,卖盘
2974,13:33:30,15.49,639750,413,卖盘
2975,13:33:33,15.49,209245,135,卖盘
2976,13:33:36,15.5,176673,114,买盘
2977,13:33:39,15.49,1549,1,卖盘
2978,13:33:42,15.5,29450,19,买盘
2979,13:33:45,15.49,41837,27,卖盘
2980,13:33:48,15.49,29433,19,卖盘
2981,13:33:51,15.49,29444,19,卖盘
2982,13:33:54,15.49,24798,16,卖盘
2983,13:33:57,15.5,30993,20,买盘
2984,13:34:00,15.49,219968,142,卖盘
2985,13:34:06,15.5,189030,122,买盘
2986,13:34:09,15.49,215311,139,卖盘
2987,13:34:12,15.49,429184,277,卖盘
2988,13:34:15,15.49,159547,103,卖盘
2989,13:34:18,15.49,198355,128,卖盘
2990,13:34:21,15.49,189053,122,卖盘
2991,13:34:24,15.49,15490,10,卖盘
2992,13:34:27,15.49,136264,88,买盘
2993,13:34:30,15.48,43367,28,卖盘
2994,13:34:33,15.48,571290,369,卖盘
2995,13:34:36,15.49,179656,116,买盘
2996,13:34:39,15.49,49539,32,买盘
2997,13:34:42,15.5,159553,103,买盘
2998,13:34:45,15.49,4647,3,卖盘
2999,13:34:48,15.5,29450,19,买盘
3000,13:34:51,15.5,10850,7,买盘
3001,13:34:54,15.49,37176,24,卖盘
3002,13:34:57,15.49,198284,128,卖盘
3003,13:35:00,15.5,54237,35,买盘
3004,13:35:03,15.5,142577,92,买盘
3005,13:35:06,15.5,83700,54,买盘
3006,13:35:09,15.49,83646,54,卖盘
3007,13:35:12,15.49,68148,44,买盘
3008,13:35:15,15.5,38749,25,买盘
3009,13:35:18,15.5,41850,27,买盘
3010,13:35:21,15.5,92967,60,买盘
3011,13:35:27,15.5,44936,29,买盘
3012,13:35:33,15.49,117748,76,卖盘
3013,13:35:36,15.49,1549,1,买盘
3014,13:35:39,15.49,44913,29,买盘
3015,13:35:42,15.49,96030,62,买盘
3016,13:35:45,15.48,24770,16,卖盘
3017,13:35:48,15.49,13933,9,买盘
3018,13:35:51,15.49,17039,11,买盘
3019,13:35:57,15.49,43357,28,买盘
3020,13:36:00,15.48,71213,46,卖盘
3021,13:36:03,15.49,48012,31,买盘
3022,13:36:06,15.49,61953,40,买盘
3023,13:36:09,15.48,639333,413,卖盘
3024,13:36:12,15.49,185880,120,买盘
3025,13:36:15,15.5,179766,116,买盘
3026,13:36:21,15.5,34082,22,买盘
3027,13:36:24,15.5,4650,3,买盘
3028,13:36:27,15.49,108435,70,卖盘
3029,13:36:30,15.49,41841,27,卖盘
3030,13:36:33,15.49,46470,30,买盘
3031,13:36:36,15.5,69734,45,买盘
3032,13:36:39,15.5,20150,13,买盘
3033,13:36:42,15.49,71254,46,卖盘
3034,13:36:45,15.49,75901,49,买盘
3035,13:36:48,15.49,43372,28,买盘
3036,13:36:57,15.49,176474,114,买盘
3037,13:37:00,15.49,43364,28,买盘
3038,13:37:03,15.49,78999,51,买盘
3039,13:37:06,15.49,52656,34,买盘
3040,13:37:09,15.49,111500,72,买盘
3041,13:37:12,15.49,147137,95,买盘
3042,13:37:15,15.48,20124,13,卖盘
3043,13:37:18,15.49,21686,14,买盘
3044,13:37:21,15.49,20137,13,买盘
3045,13:37:24,15.48,6192,4,卖盘
3046,13:37:30,15.48,72756,47,卖盘
3047,13:37:33,15.49,40274,26,买盘
3048,13:37:36,15.49,20137,13,买盘
3049,13:37:39,15.49,7745,5,买盘
3050,13:37:42,15.48,2061949,1332,卖盘
3051,13:37:45,15.47,3094,2,卖盘
3052,13:37:48,15.47,515477,333,卖盘
3053,13:37:51,15.48,151690,98,买盘
3054,13:37:54,15.5,1632628,1054,买盘
3055,13:37:57,15.5,136398,88,买盘
3056,13:38:00,15.5,83700,54,卖盘
3057,13:38:03,15.51,52734,34,买盘
3058,13:38:15,15.5,96100,62,卖盘
3059,13:38:18,15.5,131776,85,卖盘
3060,13:38:21,15.51,24813,16,买盘
3061,13:38:24,15.5,110061,71,卖盘
3062,13:38:27,15.49,77491,50,卖盘
3063,13:38:30,15.5,38750,25,买盘
3064,13:38:36,15.49,3098,2,卖盘
3065,13:38:39,15.49,142508,92,卖盘
3066,13:38:42,15.49,57304,37,买盘
3067,13:38:45,15.48,204336,132,卖盘
3068,13:38:48,15.48,195142,126,卖盘
3069,13:38:51,15.49,48017,31,买盘
3070,13:38:54,15.49,61947,40,买盘
3071,13:38:57,15.48,55728,36,卖盘
3072,13:39:00,15.49,131645,85,买盘
3073,13:39:03,15.48,3096,2,卖盘
3074,13:39:06,15.49,100633,65,买盘
3075,13:39:12,15.49,66592,43,买盘
3076,13:39:15,15.49,154823,100,买盘
3077,13:39:18,15.48,131595,85,卖盘
3078,13:39:21,15.48,38689,25,买盘
3079,13:39:24,15.48,99072,64,买盘
3080,13:39:27,15.49,44921,29,买盘
3081,13:39:30,15.49,60388,39,买盘
3082,13:39:33,15.49,21686,14,买盘
3083,13:39:36,15.49,35617,23,买盘
3084,13:39:39,15.48,20124,13,卖盘
3085,13:39:42,15.48,63468,41,卖盘
3086,13:39:45,15.48,46459,30,卖盘
3087,13:39:48,15.48,40248,26,买盘
3088,13:39:51,15.48,20124,13,买盘
3089,13:39:57,15.47,30940,20,卖盘
