,成交时间,成交价格,成交金额,成交量,性质
0,09:25:00,15.53,857256,552,买盘
1,09:30:03,15.57,317216,204,买盘
2,09:30:06,15.55,711699,457,卖盘
3,09:30:09,15.62,1908940,1224,买盘
4,09:30:12,15.63,184417,118,买盘
5,09:30:15,15.62,253167,162,卖盘
6,09:30:18,15.62,632762,405,卖盘
7,09:30:21,15.63,888533,569,买盘
8,09:30:24,15.6,288998,185,卖盘
9,09:30:27,15.58,166971,107,卖盘
10,09:30:30,15.61,96723,62,买盘
11,09:30:33,15.58,415015,266,卖盘
12,09:30:36,15.59,112296,72,中性盘
13,09:30:39,15.59,180985,116,卖盘
14,09:30:42,15.61,81144,52,买盘
15,09:30:45,15.61,152851,98,买盘
16,09:30:48,15.59,149685,96,卖盘
17,09:30:51,15.6,159125,102,买盘
18,09:30:54,15.6,109210,70,买盘
19,09:30:57,15.6,78000,50,买盘
20,09:31:00,15.6,322877,207,买盘
21,09:31:03,15.6,1307869,838,卖盘
22,09:31:06,15.6,633524,406,卖盘
23,09:31:09,15.61,43678,28,中性盘
24,09:31:12,15.61,240341,154,买盘
25,09:31:15,15.61,48412,31,卖盘
26,09:31:18,15.62,323158,207,买盘
27,09:31:21,15.62,367050,235,买盘
28,09:31:24,15.62,246859,158,卖盘
29,09:31:27,15.63,1104163,707,买盘
30,09:31:30,15.63,467445,299,卖盘
31,09:31:33,15.66,1599293,1022,买盘
32,09:31:36,15.67,2522173,1610,买盘
33,09:31:39,15.69,1646934,1050,买盘
34,09:31:42,15.69,1084269,691,卖盘
35,09:31:45,15.69,1445204,921,卖盘
36,09:31:48,15.69,32941,21,买盘
37,09:31:51,15.7,632315,403,买盘
38,09:31:54,15.68,246364,157,卖盘
39,09:31:57,15.68,523784,334,卖盘
40,09:32:00,15.69,368692,235,买盘
41,09:32:03,15.69,846194,539,中性盘
42,09:32:06,15.69,288697,184,卖盘
43,09:32:09,15.69,376669,240,卖盘
44,09:32:12,15.69,208678,133,买盘
45,09:32:15,15.69,189937,121,卖盘
46,09:32:18,15.69,207219,132,卖盘
47,09:32:21,15.71,1896794,1208,买盘
48,09:32:24,15.71,770221,490,卖盘
49,09:32:27,15.71,735381,468,卖盘
50,09:32:30,15.71,11001,7,卖盘
51,09:32:33,15.72,391348,249,买盘
52,09:32:36,15.71,155549,99,卖盘
53,09:32:39,15.71,81725,52,卖盘
54,09:32:42,15.71,391276,249,卖盘
55,09:32:45,15.71,78588,50,卖盘
56,09:32:48,15.71,237298,151,卖盘
57,09:32:51,15.7,2329455,1483,卖盘
58,09:32:54,15.71,538556,343,买盘
59,09:32:57,15.71,205767,131,买盘
60,09:33:00,15.72,443176,282,买盘
61,09:33:03,15.73,2025841,1288,买盘
62,09:33:06,15.73,542945,345,卖盘
63,09:33:09,15.74,151104,96,中性盘
64,09:33:12,15.74,856257,544,卖盘
65,09:33:15,15.74,309810,197,买盘
66,09:33:18,15.72,209321,133,卖盘
67,09:33:21,15.72,268812,171,卖盘
68,09:33:24,15.72,572204,364,卖盘
69,09:33:27,15.72,1029276,655,卖盘
70,09:33:30,15.72,614615,391,买盘
71,09:33:33,15.72,416505,265,卖盘
72,09:33:36,15.72,86413,55,买盘
73,09:33:39,15.71,86453,55,卖盘
74,09:33:42,15.71,67552,43,买盘
75,09:33:45,15.72,67561,43,买盘
76,09:33:48,15.72,33010,21,买盘
77,09:33:51,15.71,909930,579,卖盘
78,09:33:54,15.7,899751,573,卖盘
79,09:33:57,15.69,15696,10,卖盘
80,09:34:00,15.69,167969,107,卖盘
81,09:34:03,15.71,356406,227,买盘
82,09:34:06,15.69,320321,204,卖盘
83,09:34:09,15.68,1087188,693,卖盘
84,09:34:12,15.68,269648,172,买盘
85,09:34:15,15.7,277754,177,买盘
86,09:34:18,15.69,171020,109,中性盘
87,09:34:21,15.69,64331,41,卖盘
88,09:34:24,15.69,54929,35,卖盘
89,09:34:27,15.69,14122,9,卖盘
90,09:34:30,15.7,54919,35,买盘
91,09:34:33,15.69,20397,13,卖盘
92,09:34:36,15.69,166372,106,卖盘
93,09:34:39,15.69,117676,75,卖盘
94,09:34:42,15.7,54945,35,买盘
95,09:34:45,15.69,70614,45,卖盘
96,09:34:48,15.69,575877,367,卖盘
97,09:34:51,15.69,398601,254,卖盘
98,09:34:54,15.69,76920,49,卖盘
99,09:34:57,15.69,204050,130,卖盘
100,09:35:00,15.7,61195,39,买盘
101,09:35:03,15.72,2477309,1577,买盘
102,09:35:06,15.71,193283,123,卖盘
103,09:35:09,15.71,259364,165,卖盘
104,09:35:12,15.72,152465,97,买盘
105,09:35:15,15.71,89581,57,卖盘
106,09:35:18,15.71,237266,151,卖盘
107,09:35:21,15.71,97447,62,卖盘
108,09:35:24,15.72,64421,41,买盘
109,09:35:27,15.71,1206579,768,卖盘
110,09:35:30,15.71,138246,88,买盘
111,09:35:33,15.71,601694,383,卖盘
112,09:35:36,15.71,298491,190,买盘
113,09:35:39,15.71,281156,179,买盘
114,09:35:42,15.71,166526,106,买盘
115,09:35:45,15.72,99032,63,买盘
116,09:35:48,15.7,691238,440,卖盘
117,09:35:51,15.7,75376,48,卖盘
118,09:35:54,15.7,1160255,739,卖盘
119,09:35:57,15.71,628399,400,买盘
120,09:36:00,15.71,161810,103,买盘
121,09:36:03,15.71,370845,236,卖盘
122,09:36:06,15.71,15716,10,卖盘
123,09:36:09,15.71,204275,130,卖盘
124,09:36:12,15.71,99033,63,卖盘
125,09:36:15,15.71,92717,59,卖盘
126,09:36:18,15.71,367674,234,卖盘
127,09:36:21,15.7,1506427,959,卖盘
128,09:36:24,15.71,139731,89,中性盘
129,09:36:27,15.71,353409,225,买盘
130,09:36:30,15.71,353450,225,买盘
131,09:36:33,15.7,309458,197,卖盘
132,09:36:36,15.7,188506,120,卖盘
133,09:36:39,15.7,125652,80,卖盘
134,09:36:42,15.7,94242,60,卖盘
135,09:36:45,15.7,78519,50,卖盘
136,09:36:48,15.7,617012,393,卖盘
137,09:36:51,15.7,210379,134,买盘
138,09:36:54,15.7,40820,26,卖盘
139,09:36:57,15.71,422333,269,买盘
140,09:37:00,15.71,248185,158,买盘
141,09:37:03,15.7,702097,447,中性盘
142,09:37:06,15.7,241779,154,买盘
143,09:37:09,15.69,146006,93,卖盘
144,09:37:12,15.7,211910,135,买盘
145,09:37:15,15.7,546170,348,买盘
146,09:37:18,15.7,64361,41,买盘
147,09:37:21,15.7,737858,470,买盘
148,09:37:24,15.7,125600,80,买盘
149,09:37:27,15.7,172729,110,买盘
150,09:37:30,15.7,263764,168,卖盘
151,09:37:33,15.7,329803,210,卖盘
152,09:37:36,15.7,356582,227,卖盘
153,09:37:39,15.71,81645,52,买盘
154,09:37:42,15.71,768210,489,买盘
155,09:37:45,15.72,293797,187,买盘
156,09:37:48,15.71,166473,106,买盘
157,09:37:51,15.72,113166,72,买盘
158,09:37:54,15.71,64442,41,卖盘
159,09:37:57,15.72,188602,120,买盘
160,09:38:00,15.72,193334,123,买盘
161,09:38:03,15.72,916471,583,买盘
162,09:38:06,15.73,1097316,698,买盘
163,09:38:09,15.73,18876,12,买盘
164,09:38:12,15.73,734582,467,买盘
165,09:38:15,15.72,53476,34,卖盘
166,09:38:18,15.73,20439,13,买盘
167,09:38:21,15.73,755040,480,买盘
168,09:38:24,15.73,177715,113,买盘
169,09:38:27,15.72,331804,211,卖盘
170,09:38:30,15.73,75466,48,买盘
171,09:38:33,15.73,64489,41,买盘
172,09:38:36,15.73,95948,61,买盘
173,09:38:39,15.73,92807,59,买盘
174,09:38:42,15.73,267400,170,买盘
175,09:38:45,15.73,141584,90,卖盘
176,09:38:48,15.74,83413,53,买盘
177,09:38:51,15.74,568178,361,买盘
178,09:38:54,15.74,155787,99,买盘
179,09:38:57,15.73,56646,36,卖盘
180,09:39:00,15.74,310042,197,买盘
181,09:39:03,15.75,1101817,700,买盘
182,09:39:06,15.74,522750,332,卖盘
183,09:39:09,15.74,58238,37,卖盘
184,09:39:12,15.74,114966,73,卖盘
185,09:39:15,15.74,475478,302,卖盘
186,09:39:18,15.74,223642,142,卖盘
187,09:39:21,15.74,25192,16,卖盘
188,09:39:24,15.74,47241,30,卖盘
189,09:39:27,15.74,17314,11,卖盘
190,09:39:30,15.75,113370,72,买盘
191,09:39:33,15.75,133832,85,买盘
192,09:39:36,15.75,59833,38,买盘
193,09:39:39,15.74,89741,57,卖盘
194,09:39:42,15.74,177921,113,卖盘
195,09:39:45,15.75,89771,57,买盘
196,09:39:48,15.74,209393,133,卖盘
197,09:39:51,15.74,86570,55,卖盘
198,09:39:54,15.74,154284,98,卖盘
199,09:39:57,15.74,69292,44,卖盘
200,09:40:00,15.74,184197,117,卖盘
201,09:40:03,15.75,198449,126,买盘
202,09:40:06,15.74,155872,99,卖盘
203,09:40:09,15.74,305473,194,卖盘
204,09:40:12,15.75,78745,50,买盘
205,09:40:15,15.74,47241,30,卖盘
206,09:40:18,15.75,47250,30,买盘
207,09:40:21,15.75,902413,573,买盘
208,09:40:24,15.74,188962,120,卖盘
209,09:40:27,15.74,399917,254,卖盘
210,09:40:30,15.74,111807,71,卖盘
211,09:40:33,15.74,138558,88,卖盘
212,09:40:36,15.74,124408,79,卖盘
213,09:40:39,15.74,181035,115,卖盘
214,09:40:42,15.75,70843,45,买盘
215,09:40:45,15.74,69277,44,卖盘
216,09:40:48,15.74,15743,10,卖盘
217,09:40:51,15.74,229804,146,卖盘
218,09:40:54,15.75,166922,106,买盘
219,09:40:57,15.74,62962,40,卖盘
220,09:41:00,15.74,146410,93,卖盘
221,09:41:03,15.74,86586,55,卖盘
222,09:41:06,15.74,1338029,850,卖盘
223,09:41:09,15.74,4722,3,卖盘
224,09:41:12,15.75,259847,165,买盘
225,09:41:15,15.74,747750,475,卖盘
226,09:41:18,15.75,192123,122,买盘
227,09:41:21,15.75,1579069,1003,买盘
228,09:41:24,15.75,431522,274,买盘
229,09:41:27,15.74,122832,78,卖盘
230,09:41:30,15.74,983866,625,卖盘
231,09:41:33,15.74,25186,16,卖盘
232,09:41:36,15.75,26770,17,买盘
233,09:41:39,15.74,214161,136,卖盘
234,09:41:42,15.74,12593,8,卖盘
235,09:41:45,15.74,58246,37,卖盘
236,09:41:48,15.75,67695,43,买盘
237,09:41:51,15.75,3035100,1928,买盘
238,09:41:54,15.74,237716,151,卖盘
239,09:41:57,15.75,388855,247,买盘
240,09:42:00,15.74,154254,98,卖盘
241,09:42:03,15.75,1430155,908,买盘
242,09:42:06,15.75,452010,287,卖盘
243,09:42:09,15.76,332502,211,买盘
244,09:42:12,15.74,782967,497,卖盘
245,09:42:15,15.74,236184,150,卖盘
246,09:42:18,15.74,276869,176,中性盘
247,09:42:21,15.73,604395,384,中性盘
248,09:42:24,15.74,14159,9,买盘
249,09:42:27,15.73,291064,185,卖盘
250,09:42:30,15.73,91264,58,卖盘
251,09:42:33,15.73,86549,55,卖盘
252,09:42:36,15.73,116402,74,卖盘
253,09:42:39,15.73,149489,95,卖盘
254,09:42:42,15.73,122714,78,卖盘
255,09:42:45,15.73,78680,50,卖盘
256,09:42:48,15.74,171541,109,买盘
257,09:42:51,15.74,218743,139,买盘
258,09:42:54,15.73,626322,398,卖盘
259,09:42:57,15.74,77126,49,买盘
260,09:43:00,15.74,83422,53,卖盘
261,09:43:03,15.74,174745,111,卖盘
262,09:43:06,15.74,182654,116,卖盘
263,09:43:09,15.74,47220,30,卖盘
264,09:43:12,15.74,78746,50,卖盘
265,09:43:15,15.74,55092,35,卖盘
266,09:43:18,15.75,86617,55,买盘
267,09:43:21,15.75,870946,553,买盘
268,09:43:24,15.75,185850,118,买盘
269,09:43:27,15.75,88201,56,卖盘
270,09:43:30,15.75,91371,58,卖盘
271,09:43:33,15.75,201650,128,卖盘
272,09:43:36,15.75,190631,121,卖盘
273,09:43:39,15.75,335475,213,卖盘
274,09:43:42,15.75,20475,13,卖盘
275,09:43:45,15.75,182756,116,卖盘
276,09:43:48,15.76,64610,41,买盘
277,09:43:51,15.76,543715,345,买盘
278,09:43:54,15.75,102408,65,卖盘
279,09:43:57,15.76,148144,94,买盘
280,09:44:00,15.75,25201,16,卖盘
281,09:44:03,15.76,706037,448,买盘
282,09:44:06,15.78,2746491,1742,买盘
283,09:44:09,15.77,2651477,1682,卖盘
284,09:44:12,15.78,246012,156,买盘
285,09:44:15,15.78,157791,100,买盘
286,09:44:18,15.77,107236,68,卖盘
287,09:44:21,15.77,63091,40,卖盘
288,09:44:24,15.77,198757,126,卖盘
289,09:44:27,15.78,167252,106,买盘
290,09:44:30,15.78,195636,124,买盘
291,09:44:33,15.77,804756,510,卖盘
292,09:44:36,15.77,252453,160,卖盘
293,09:44:39,15.77,25234,16,卖盘
294,09:44:42,15.78,69428,44,买盘
295,09:44:45,15.78,91501,58,买盘
296,09:44:48,15.78,72580,46,买盘
297,09:44:51,15.79,2130408,1350,买盘
298,09:44:54,15.79,290511,184,买盘
299,09:44:57,15.78,83651,53,卖盘
300,09:45:00,15.79,303126,192,买盘
301,09:45:03,15.78,629878,399,卖盘
302,09:45:06,15.78,386850,245,卖盘
303,09:45:09,15.79,34728,22,买盘
304,09:45:12,15.78,607855,385,卖盘
305,09:45:15,15.79,20522,13,买盘
306,09:45:18,15.78,238406,151,卖盘
307,09:45:21,15.79,178402,113,买盘
308,09:45:24,15.78,140510,89,卖盘
309,09:45:27,15.79,30001,19,买盘
310,09:45:30,15.79,119971,76,买盘
311,09:45:33,15.79,682123,432,买盘
312,09:45:36,15.78,44197,28,卖盘
313,09:45:39,15.79,162633,103,买盘
314,09:45:42,15.79,629952,399,买盘
315,09:45:45,15.78,167369,106,卖盘
316,09:45:48,15.79,66310,42,买盘
317,09:45:51,15.78,465800,295,卖盘
318,09:45:54,15.78,165777,105,卖盘
319,09:45:57,15.78,55246,35,卖盘
320,09:46:00,15.78,298274,189,卖盘
321,09:46:03,15.78,295115,187,卖盘
322,09:46:06,15.78,339342,215,卖盘
323,09:46:09,15.78,18936,12,卖盘
324,09:46:12,15.78,250919,159,卖盘
325,09:46:15,15.78,220996,140,卖盘
326,09:46:18,15.78,244591,155,卖盘
327,09:46:21,15.79,585759,371,买盘
328,09:46:24,15.78,194143,123,卖盘
329,09:46:27,15.79,307828,195,买盘
330,09:46:30,15.79,77342,49,买盘
331,09:46:33,15.79,612652,388,买盘
332,09:46:36,15.79,160982,102,买盘
333,09:46:39,15.79,524228,332,买盘
334,09:46:42,15.79,33175,21,卖盘
335,09:46:45,15.8,197462,125,买盘
336,09:46:48,15.79,486349,308,卖盘
337,09:46:51,15.79,186395,118,卖盘
338,09:46:54,15.79,50530,32,卖盘
339,09:46:57,15.8,55288,35,买盘
340,09:47:00,15.79,36327,23,卖盘
341,09:47:03,15.79,1361550,862,卖盘
342,09:47:06,15.79,118439,75,卖盘
343,09:47:09,15.79,614384,389,卖盘
344,09:47:12,15.8,74214,47,买盘
345,09:47:15,15.79,216379,137,卖盘
346,09:47:18,15.79,31581,20,卖盘
347,09:47:21,15.79,326884,207,卖盘
348,09:47:24,15.79,30001,19,卖盘
349,09:47:27,15.79,115312,73,卖盘
350,09:47:30,15.79,45794,29,卖盘
351,09:47:33,15.79,320578,203,卖盘
352,09:47:36,15.79,61581,39,卖盘
353,09:47:39,15.79,143689,91,卖盘
354,09:47:42,15.79,535346,339,卖盘
355,09:47:45,15.79,99477,63,卖盘
356,09:47:48,15.79,176916,112,卖盘
357,09:47:51,15.79,80529,51,卖盘
358,09:47:54,15.79,244814,155,卖盘
359,09:47:57,15.79,1321616,837,卖盘
360,09:48:00,15.79,31572,20,买盘
361,09:48:03,15.79,743709,471,买盘
362,09:48:06,15.79,281002,178,卖盘
363,09:48:09,15.78,227365,144,卖盘
364,09:48:12,15.78,113691,72,卖盘
365,09:48:15,15.79,129512,82,卖盘
366,09:48:18,15.79,85266,54,卖盘
367,09:48:21,15.79,157900,100,卖盘
368,09:48:24,15.79,270069,171,卖盘
369,09:48:27,15.79,88424,56,卖盘
370,09:48:30,15.79,263734,167,卖盘
371,09:48:33,15.79,71058,45,卖盘
372,09:48:36,15.79,195835,124,卖盘
373,09:48:39,15.79,140535,89,卖盘
374,09:48:42,15.79,83702,53,卖盘
375,09:48:45,15.79,379023,240,卖盘
376,09:48:48,15.79,276466,175,卖盘
377,09:48:51,15.79,260605,165,卖盘
378,09:48:54,15.79,173690,110,卖盘
379,09:48:57,15.79,176893,112,卖盘
380,09:49:00,15.8,77375,49,买盘
381,09:49:03,15.79,181669,115,卖盘
382,09:49:06,15.8,3401660,2153,买盘
383,09:49:09,15.8,3419204,2164,买盘
384,09:49:12,15.8,164354,104,卖盘
385,09:49:15,15.8,1281853,811,卖盘
386,09:49:18,15.8,188039,119,卖盘
387,09:49:21,15.8,197595,125,卖盘
388,09:49:24,15.8,72680,46,卖盘
389,09:49:27,15.8,110612,70,卖盘
390,09:49:30,15.8,131180,83,卖盘
391,09:49:33,15.81,222901,141,买盘
392,09:49:36,15.81,221259,140,买盘
393,09:49:39,15.8,6320,4,卖盘
394,09:49:42,15.8,105893,67,卖盘
395,09:49:45,15.8,181700,115,卖盘
396,09:49:48,15.8,240200,152,卖盘
397,09:49:51,15.8,12640,8,卖盘
398,09:49:54,15.8,90090,57,卖盘
399,09:49:57,15.8,42666,27,卖盘
400,09:50:00,15.8,1327200,840,卖盘
401,09:50:03,15.8,614598,389,买盘
402,09:50:06,15.8,338120,214,买盘
403,09:50:09,15.79,44224,28,卖盘
404,09:50:12,15.8,58460,37,买盘
405,09:50:15,15.79,58436,37,卖盘
406,09:50:18,15.79,60016,38,卖盘
407,09:50:21,15.79,157900,100,卖盘
408,09:50:24,15.78,1683207,1066,卖盘
409,09:50:27,15.78,80478,51,卖盘
410,09:50:30,15.78,70977,45,买盘
411,09:50:33,15.78,989292,627,买盘
412,09:50:36,15.78,55230,35,买盘
413,09:50:39,15.77,1917564,1216,卖盘
414,09:50:42,15.78,74145,47,买盘
415,09:50:45,15.78,1256235,796,卖盘
416,09:50:48,15.78,388113,246,买盘
417,09:50:51,15.78,42606,27,卖盘
418,09:50:54,15.78,418348,265,卖盘
419,09:50:57,15.78,23670,15,卖盘
420,09:51:00,15.78,435557,276,卖盘
421,09:51:03,15.78,366095,232,买盘
422,09:51:06,15.78,304634,193,卖盘
423,09:51:09,15.77,118343,75,卖盘
424,09:51:12,15.77,55217,35,卖盘
425,09:51:15,15.78,190935,121,买盘
426,09:51:18,15.77,85158,54,卖盘
427,09:51:21,15.77,176654,112,卖盘
428,09:51:24,15.77,510960,324,卖盘
429,09:51:27,15.77,253966,161,卖盘
430,09:51:30,15.77,227091,144,卖盘
431,09:51:33,15.78,405464,257,买盘
432,09:51:36,15.78,148332,94,卖盘
433,09:51:39,15.78,273058,173,卖盘
434,09:51:42,15.78,326646,207,卖盘
435,09:51:45,15.78,116828,74,卖盘
436,09:51:48,15.78,143598,91,卖盘
437,09:51:51,15.78,588629,373,卖盘
438,09:51:57,15.78,71010,45,买盘
439,09:52:00,15.77,20501,13,卖盘
440,09:52:03,15.78,564920,358,买盘
441,09:52:06,15.78,156222,99,卖盘
442,09:52:09,15.78,299885,190,卖盘
443,09:52:12,15.77,2521929,1599,卖盘
444,09:52:15,15.77,77270,49,买盘
445,09:52:18,15.76,22064,14,卖盘
446,09:52:21,15.76,542419,344,卖盘
447,09:52:24,15.76,11032,7,卖盘
448,09:52:27,15.76,141893,90,卖盘
449,09:52:30,15.76,170262,108,卖盘
450,09:52:33,15.76,182878,116,卖盘
451,09:52:36,15.76,110320,70,卖盘
452,09:52:39,15.77,89879,57,买盘
453,09:52:42,15.76,409985,260,卖盘
454,09:52:45,15.77,157680,100,买盘
455,09:52:48,15.76,151332,96,卖盘
456,09:52:51,15.76,100895,64,卖盘
457,09:52:54,15.76,1576,1,卖盘
458,09:52:57,15.76,56756,36,卖盘
459,09:53:00,15.76,23640,15,卖盘
460,09:53:03,15.76,17336,11,卖盘
461,09:53:06,15.76,61484,39,卖盘
462,09:53:09,15.76,15760,10,卖盘
463,09:53:12,15.76,498086,316,卖盘
464,09:53:15,15.76,47280,30,卖盘
465,09:53:18,15.76,116683,74,卖盘
466,09:53:21,15.76,165481,105,卖盘
467,09:53:24,15.76,332536,211,卖盘
468,09:53:27,15.76,192356,122,卖盘
469,09:53:30,15.76,66192,42,卖盘
470,09:53:33,15.76,88280,56,卖盘
471,09:53:36,15.76,72496,46,卖盘
472,09:53:39,15.77,290010,184,买盘
473,09:53:42,15.76,384776,244,卖盘
474,09:53:45,15.76,50444,32,卖盘
475,09:53:48,15.76,223869,142,卖盘
476,09:53:51,15.76,48878,31,卖盘
477,09:53:54,15.76,66216,42,卖盘
478,09:53:57,15.76,15760,10,卖盘
479,09:54:00,15.77,96162,61,买盘
480,09:54:03,15.77,241270,153,买盘
481,09:54:06,15.77,651359,413,买盘
482,09:54:09,15.78,168843,107,买盘
483,09:54:12,15.78,429214,272,买盘
484,09:54:15,15.77,187765,119,卖盘
485,09:54:18,15.77,22086,14,卖盘
486,09:54:21,15.77,59946,38,卖盘
487,09:54:24,15.78,36293,23,买盘
488,09:54:27,15.78,56807,36,买盘
489,09:54:30,15.78,55216,35,买盘
490,09:54:33,15.78,93115,59,买盘
491,09:54:36,15.78,55245,35,卖盘
492,09:54:39,15.79,7895,5,买盘
493,09:54:42,15.79,331590,210,买盘
494,09:54:45,15.78,91566,58,卖盘
495,09:54:48,15.78,94680,60,卖盘
496,09:54:51,15.78,42606,27,卖盘
497,09:54:54,15.78,59985,38,卖盘
498,09:54:57,15.78,41044,26,卖盘
499,09:55:00,15.79,372644,236,买盘
500,09:55:03,15.78,198946,126,卖盘
501,09:55:06,15.78,142035,90,卖盘
502,09:55:09,15.78,681742,432,卖盘
503,09:55:12,15.78,209964,133,卖盘
504,09:55:15,15.78,42606,27,卖盘
505,09:55:18,15.79,53672,34,买盘
506,09:55:21,15.79,382091,242,买盘
507,09:55:24,15.78,276283,175,卖盘
508,09:55:27,15.78,118410,75,卖盘
509,09:55:30,15.78,71014,45,卖盘
510,09:55:33,15.78,293570,186,卖盘
511,09:55:36,15.78,137323,87,卖盘
512,09:55:39,15.79,67859,43,买盘
513,09:55:42,15.78,378920,240,卖盘
514,09:55:45,15.79,328361,208,买盘
515,09:55:48,15.78,66276,42,卖盘
516,09:55:51,15.78,50496,32,卖盘
517,09:55:54,15.78,146838,93,卖盘
518,09:55:57,15.78,205140,130,卖盘
519,09:56:00,15.78,159449,101,卖盘
520,09:56:03,15.78,290501,184,卖盘
521,09:56:06,15.78,285656,181,卖盘
522,09:56:09,15.78,22101,14,卖盘
523,09:56:12,15.78,149933,95,卖盘
524,09:56:15,15.79,29995,19,买盘
525,09:56:18,15.78,138878,88,卖盘
526,09:56:21,15.78,11046,7,卖盘
527,09:56:24,15.78,41052,26,卖盘
528,09:56:27,15.78,66299,42,卖盘
529,09:56:30,15.78,25253,16,卖盘
530,09:56:33,15.79,118404,75,买盘
531,09:56:36,15.78,134190,85,卖盘
532,09:56:39,15.78,20521,13,卖盘
533,09:56:42,15.78,53663,34,卖盘
534,09:56:45,15.78,250902,159,卖盘
535,09:56:48,15.78,123111,78,卖盘
536,09:56:51,15.78,86797,55,卖盘
537,09:56:54,15.78,127818,81,卖盘
538,09:56:57,15.78,149943,95,卖盘
539,09:57:00,15.78,904194,573,卖盘
540,09:57:03,15.78,339365,215,卖盘
541,09:57:06,15.78,293518,186,卖盘
542,09:57:09,15.79,86835,55,买盘
543,09:57:12,15.78,438884,278,卖盘
544,09:57:15,15.78,113616,72,卖盘
545,09:57:18,15.78,131016,83,卖盘
546,09:57:21,15.78,222580,141,卖盘
547,09:57:24,15.79,97894,62,买盘
548,09:57:27,15.78,61563,39,卖盘
549,09:57:30,15.78,34727,22,卖盘
550,09:57:33,15.78,15780,10,卖盘
551,09:57:36,15.78,20514,13,卖盘
552,09:57:39,15.78,635939,403,卖盘
553,09:57:42,15.79,108951,69,买盘
554,09:57:45,15.78,318806,202,卖盘
555,09:57:48,15.78,83665,53,卖盘
556,09:57:51,15.79,37895,24,买盘
557,09:57:54,15.79,574759,364,买盘
558,09:57:57,15.79,336405,213,卖盘
559,09:58:00,15.79,11053,7,卖盘
560,09:58:03,15.79,167427,106,卖盘
561,09:58:06,15.8,113760,72,买盘
562,09:58:09,15.79,30014,19,卖盘
563,09:58:12,15.79,138968,88,卖盘
564,09:58:15,15.79,243187,154,卖盘
565,09:58:18,15.79,181590,115,卖盘
566,09:58:21,15.79,317470,201,卖盘
567,09:58:24,15.79,142110,90,卖盘
568,09:58:27,15.79,15790,10,卖盘
569,09:58:30,15.79,131096,83,卖盘
570,09:58:33,15.79,246347,156,卖盘
571,09:58:36,15.79,71087,45,卖盘
572,09:58:39,15.79,25270,16,卖盘
573,09:58:42,15.79,165795,105,卖盘
574,09:58:45,15.8,31600,20,买盘
575,09:58:48,15.79,236873,150,卖盘
576,09:58:51,15.79,274754,174,卖盘
577,09:58:54,15.8,107420,68,买盘
578,09:58:57,15.8,236990,150,买盘
579,09:59:00,15.8,79000,50,买盘
580,09:59:03,15.8,300181,190,买盘
581,09:59:06,15.79,86881,55,卖盘
582,09:59:09,15.8,23689,15,买盘
583,09:59:12,15.79,276485,175,卖盘
584,09:59:15,15.79,96351,61,卖盘
585,09:59:18,15.79,39475,25,卖盘
586,09:59:21,15.79,30001,19,卖盘
587,09:59:24,15.8,195801,124,买盘
588,09:59:27,15.8,162718,103,买盘
589,09:59:30,15.79,60002,38,卖盘
590,09:59:33,15.79,31590,20,卖盘
591,09:59:36,15.8,78971,50,买盘
592,09:59:39,15.79,61582,39,卖盘
593,09:59:42,15.79,102635,65,卖盘
594,09:59:45,15.79,42653,27,卖盘
595,09:59:48,15.79,96320,61,卖盘
596,09:59:51,15.79,1209398,766,卖盘
597,09:59:54,15.79,4737,3,买盘
598,09:59:57,15.78,75780,48,卖盘
599,10:00:00,15.78,108890,69,卖盘
600,10:00:03,15.76,627910,398,卖盘
601,10:00:06,15.77,151404,96,中性盘
602,10:00:09,15.78,119853,76,买盘
603,10:00:12,15.78,129388,82,买盘
604,10:00:15,15.78,318812,202,卖盘
605,10:00:18,15.78,50496,32,卖盘
606,10:00:21,15.78,121506,77,买盘
607,10:00:24,15.78,250902,159,卖盘
608,10:00:27,15.77,877295,556,卖盘
609,10:00:30,15.77,254023,161,卖盘
610,10:00:33,15.76,351561,223,卖盘
611,10:00:36,15.75,159128,101,卖盘
612,10:00:39,15.76,122875,78,买盘
613,10:00:42,15.76,312030,198,卖盘
614,10:00:45,15.75,28358,18,卖盘
615,10:00:48,15.75,11025,7,卖盘
616,10:00:51,15.75,88243,56,卖盘
617,10:00:54,15.75,70875,45,卖盘
618,10:00:57,15.75,94512,60,卖盘
619,10:01:00,15.75,70880,45,卖盘
620,10:01:03,15.75,646733,411,卖盘
621,10:01:06,15.74,4722,3,卖盘
622,10:01:09,15.74,12593,8,卖盘
623,10:01:12,15.74,132279,84,卖盘
624,10:01:15,15.74,48794,31,卖盘
625,10:01:18,15.74,283320,180,卖盘
626,10:01:21,15.73,140075,89,卖盘
627,10:01:24,15.73,110150,70,卖盘
628,10:01:27,15.73,50356,32,卖盘
629,10:01:30,15.73,80223,51,卖盘
630,10:01:33,15.74,382391,243,买盘
631,10:01:36,15.75,168474,107,买盘
632,10:01:39,15.74,4722,3,卖盘
633,10:01:42,15.74,12592,8,卖盘
634,10:01:45,15.74,218774,139,卖盘
635,10:01:48,15.73,81845,52,卖盘
636,10:01:51,15.74,17313,11,买盘
637,10:01:54,15.73,66071,42,卖盘
638,10:01:57,15.74,97565,62,买盘
639,10:02:00,15.74,47220,30,卖盘
640,10:02:03,15.74,88158,56,卖盘
641,10:02:06,15.74,55090,35,卖盘
642,10:02:09,15.74,78729,50,卖盘
643,10:02:12,15.74,92866,59,卖盘
644,10:02:15,15.75,118066,75,买盘
645,10:02:18,15.75,140175,89,买盘
646,10:02:21,15.75,37796,24,卖盘
647,10:02:24,15.76,252156,160,买盘
648,10:02:27,15.78,1143583,725,买盘
649,10:02:30,15.78,315733,200,卖盘
650,10:02:33,15.78,86790,55,卖盘
651,10:02:36,15.78,127891,81,卖盘
652,10:02:39,15.79,17369,11,买盘
653,10:02:42,15.78,175248,111,卖盘
654,10:02:45,15.78,645402,409,卖盘
655,10:02:48,15.78,99444,63,卖盘
656,10:02:51,15.78,148414,94,卖盘
657,10:02:54,15.79,6313,4,买盘
658,10:02:57,15.79,609441,386,买盘
659,10:03:00,15.8,478453,303,买盘
660,10:03:03,15.8,205279,130,买盘
661,10:03:06,15.8,808860,512,买盘
662,10:03:09,15.81,9489428,6005,买盘
663,10:03:12,15.82,1551892,981,买盘
664,10:03:15,15.8,2600435,1645,卖盘
665,10:03:18,15.82,409738,259,买盘
666,10:03:21,15.82,128092,81,买盘
667,10:03:24,15.81,83834,53,卖盘
668,10:03:27,15.81,47455,30,卖盘
669,10:03:30,15.82,12656,8,买盘
670,10:03:33,15.81,112315,71,卖盘
671,10:03:36,15.82,53786,34,买盘
672,10:03:39,15.81,110687,70,卖盘
673,10:03:42,15.81,50596,32,卖盘
674,10:03:45,15.82,113904,72,买盘
675,10:03:48,15.82,12656,8,买盘
676,10:03:51,15.82,237295,150,买盘
677,10:03:54,15.82,575848,364,买盘
678,10:03:57,15.81,890731,563,卖盘
679,10:04:00,15.82,275247,174,买盘
680,10:04:03,15.82,105977,67,买盘
681,10:04:06,15.82,583737,369,买盘
682,10:04:09,15.81,34795,22,卖盘
683,10:04:12,15.82,199277,126,买盘
684,10:04:15,15.82,745082,471,买盘
685,10:04:18,15.81,1119454,708,卖盘
686,10:04:21,15.81,17397,11,卖盘
687,10:04:24,15.81,177173,112,卖盘
688,10:04:30,15.82,9487,6,买盘
689,10:04:33,15.81,147118,93,卖盘
690,10:04:36,15.81,164477,104,卖盘
691,10:04:39,15.81,67987,43,卖盘
692,10:04:42,15.81,86978,55,卖盘
693,10:04:45,15.81,621333,393,卖盘
694,10:04:48,15.81,254585,161,卖盘
695,10:04:51,15.81,219850,139,卖盘
696,10:04:54,15.81,6324,4,卖盘
697,10:04:57,15.81,37962,24,卖盘
698,10:05:00,15.81,150258,95,卖盘
699,10:05:03,15.82,135997,86,买盘
700,10:05:06,15.81,547348,346,卖盘
701,10:05:09,15.81,115423,73,卖盘
702,10:05:12,15.81,159766,101,卖盘
703,10:05:15,15.81,327270,207,卖盘
704,10:05:18,15.81,90153,57,卖盘
705,10:05:21,15.81,56916,36,卖盘
706,10:05:24,15.82,365331,231,买盘
707,10:05:27,15.82,670724,424,买盘
708,10:05:30,15.81,31637,20,卖盘
709,10:05:33,15.81,120216,76,卖盘
710,10:05:36,15.81,34785,22,卖盘
711,10:05:39,15.82,68006,43,买盘
712,10:05:42,15.81,248297,157,卖盘
713,10:05:45,15.81,99653,63,卖盘
714,10:05:48,15.82,336853,213,买盘
715,10:05:51,15.82,99647,63,买盘
716,10:05:54,15.82,270522,171,买盘
717,10:05:57,15.82,623299,394,买盘
718,10:06:00,15.82,1683227,1064,买盘
719,10:06:03,15.83,2346144,1483,买盘
720,10:06:06,15.83,1214118,767,买盘
721,10:06:09,15.82,49048,31,卖盘
722,10:06:12,15.82,159816,101,卖盘
723,10:06:15,15.83,493896,312,买盘
724,10:06:18,15.83,376695,238,买盘
725,10:06:21,15.83,717098,453,买盘
726,10:06:24,15.83,599949,379,买盘
727,10:06:27,15.83,864306,546,买盘
728,10:06:30,15.82,110754,70,卖盘
729,10:06:33,15.82,25317,16,卖盘
730,10:06:36,15.82,142459,90,卖盘
731,10:06:39,15.82,26904,17,卖盘
732,10:06:42,15.82,44304,28,卖盘
733,10:06:45,15.82,96508,61,卖盘
734,10:06:48,15.82,98113,62,卖盘
735,10:06:51,15.82,52206,33,卖盘
736,10:06:54,15.83,77562,49,买盘
737,10:06:57,15.83,618952,391,买盘
738,10:07:00,15.83,126604,80,买盘
739,10:07:03,15.82,284934,180,卖盘
740,10:07:06,15.83,381453,241,买盘
741,10:07:09,15.83,106058,67,买盘
742,10:07:12,15.82,243780,154,卖盘
743,10:07:15,15.83,199454,126,买盘
744,10:07:18,15.83,242149,153,买盘
745,10:07:21,15.83,74401,47,买盘
746,10:07:24,15.83,126636,80,买盘
747,10:07:27,15.83,762991,482,买盘
748,10:07:30,15.84,45277,29,买盘
749,10:07:33,15.83,408504,258,卖盘
750,10:07:36,15.84,109270,69,买盘
751,10:07:39,15.83,36409,23,卖盘
752,10:07:42,15.83,6332,4,卖盘
753,10:07:45,15.83,142525,90,卖盘
754,10:07:48,15.83,26925,17,卖盘
755,10:07:51,15.83,34827,22,卖盘
756,10:07:54,15.83,80758,51,卖盘
757,10:07:57,15.83,31669,20,卖盘
758,10:08:00,15.84,213811,135,买盘
759,10:08:03,15.84,334202,211,买盘
760,10:08:06,15.83,738125,466,卖盘
761,10:08:09,15.84,609840,385,买盘
762,10:08:12,15.84,570205,360,买盘
763,10:08:15,15.83,3228408,2039,卖盘
764,10:08:18,15.83,224735,142,买盘
765,10:08:21,15.82,3165,2,卖盘
766,10:08:24,15.83,170958,108,买盘
767,10:08:27,15.83,547718,346,买盘
768,10:08:30,15.83,414743,262,卖盘
769,10:08:33,15.83,131387,83,买盘
770,10:08:36,15.83,506560,320,买盘
771,10:08:39,15.83,170963,108,买盘
772,10:08:42,15.82,414565,262,卖盘
773,10:08:45,15.83,150385,95,买盘
774,10:08:48,15.83,91778,58,买盘
775,10:08:51,15.83,484158,306,买盘
776,10:08:54,15.83,63320,40,买盘
777,10:08:57,15.82,671088,424,卖盘
778,10:09:00,15.82,193125,122,卖盘
779,10:09:03,15.82,58534,37,卖盘
780,10:09:06,15.82,31640,20,卖盘
781,10:09:09,15.82,74372,47,卖盘
782,10:09:12,15.83,310192,196,买盘
783,10:09:15,15.83,788275,498,买盘
784,10:09:18,15.83,235865,149,买盘
785,10:09:21,15.83,234266,148,买盘
786,10:09:24,15.82,142460,90,卖盘
787,10:09:27,15.82,74380,47,卖盘
788,10:09:30,15.82,235724,149,卖盘
789,10:09:33,15.82,107609,68,卖盘
790,10:09:36,15.82,6329,4,卖盘
791,10:09:39,15.82,66447,42,卖盘
792,10:09:42,15.83,39575,25,买盘
793,10:09:45,15.83,381501,241,买盘
794,10:09:48,15.83,341969,216,卖盘
795,10:09:51,15.83,221483,140,买盘
796,10:09:54,15.83,164631,104,买盘
797,10:09:57,15.83,310268,196,卖盘
798,10:10:00,15.83,38005,24,卖盘
799,10:10:03,15.83,131439,83,卖盘
800,10:10:06,15.83,319768,202,卖盘
801,10:10:09,15.83,80775,51,卖盘
802,10:10:12,15.84,57023,36,买盘
803,10:10:15,15.84,698400,441,买盘
804,10:10:18,15.83,148842,94,卖盘
805,10:10:21,15.83,201125,127,卖盘
806,10:10:27,15.84,38003,24,买盘
807,10:10:30,15.83,44324,28,卖盘
808,10:10:33,15.83,31660,20,卖盘
809,10:10:36,15.84,33264,21,买盘
810,10:10:39,15.83,25328,16,卖盘
811,10:10:42,15.83,19005,12,卖盘
812,10:10:45,15.84,26926,17,买盘
813,10:10:48,15.83,15835,10,卖盘
814,10:10:51,15.84,14256,9,买盘
815,10:10:54,15.83,1583,1,卖盘
816,10:10:57,15.84,44343,28,买盘
817,10:11:00,15.83,25328,16,卖盘
818,10:11:03,15.84,131470,83,买盘
819,10:11:06,15.83,570227,360,卖盘
820,10:11:12,15.83,93451,59,卖盘
821,10:11:15,15.83,178879,113,卖盘
822,10:11:18,15.83,12664,8,卖盘
823,10:11:21,15.84,53854,34,买盘
824,10:11:24,15.83,113977,72,卖盘
825,10:11:27,15.83,148819,94,卖盘
826,10:11:30,15.83,26911,17,卖盘
827,10:11:33,15.84,31680,20,买盘
828,10:11:36,15.83,612945,387,卖盘
829,10:11:39,15.84,1584,1,买盘
830,10:11:42,15.83,427657,270,卖盘
831,10:11:45,15.83,4749,3,卖盘
832,10:11:48,15.83,79197,50,卖盘
833,10:11:51,15.83,26917,17,卖盘
834,10:11:54,15.84,36429,23,买盘
835,10:11:57,15.84,605043,382,买盘
836,10:12:00,15.84,36412,23,买盘
837,10:12:03,15.84,506846,320,买盘
838,10:12:06,15.84,744479,470,买盘
839,10:12:09,15.84,630431,398,买盘
840,10:12:12,15.84,169483,107,买盘
841,10:12:15,15.84,552814,349,买盘
842,10:12:18,15.84,96623,61,买盘
843,10:12:21,15.82,3064591,1936,卖盘
844,10:12:24,15.82,1809029,1144,买盘
845,10:12:27,15.81,577399,365,中性盘
846,10:12:30,15.82,311642,197,买盘
847,10:12:33,15.81,580280,367,卖盘
848,10:12:36,15.81,237214,150,卖盘
849,10:12:39,15.81,3162,2,卖盘
850,10:12:42,15.81,581808,368,卖盘
851,10:12:45,15.81,180234,114,买盘
852,10:12:48,15.81,14229,9,卖盘
853,10:12:51,15.82,493268,312,买盘
854,10:12:54,15.81,126480,80,买盘
855,10:12:57,15.81,232423,147,买盘
856,10:13:00,15.81,395336,250,卖盘
857,10:13:03,15.81,139128,88,卖盘
858,10:13:06,15.81,134429,85,卖盘
859,10:13:09,15.81,14229,9,卖盘
860,10:13:12,15.81,194563,123,卖盘
861,10:13:15,15.81,91739,58,卖盘
862,10:13:18,15.81,17391,11,卖盘
863,10:13:21,15.82,63280,40,买盘
864,10:13:24,15.81,56934,36,卖盘
865,10:13:27,15.82,112252,71,买盘
866,10:13:30,15.81,56921,36,卖盘
867,10:13:33,15.82,47457,30,买盘
868,10:13:36,15.82,517307,327,买盘
869,10:13:39,15.81,93334,59,卖盘
870,10:13:42,15.81,7905,5,卖盘
871,10:13:45,15.82,145527,92,买盘
872,10:13:48,15.82,45873,29,买盘
873,10:13:54,15.81,272012,172,卖盘
874,10:13:57,15.82,49042,31,买盘
875,10:14:00,15.82,17399,11,买盘
876,10:14:03,15.81,227748,144,卖盘
877,10:14:06,15.82,36386,23,买盘
878,10:14:09,15.81,324109,205,卖盘
879,10:14:12,15.82,85408,54,买盘
880,10:14:15,15.82,311652,197,买盘
881,10:14:18,15.82,156650,99,卖盘
882,10:14:21,15.83,44302,28,买盘
883,10:14:27,15.83,538220,340,买盘
884,10:14:30,15.82,77518,49,卖盘
885,10:14:33,15.83,139303,88,买盘
886,10:14:36,15.83,376753,238,买盘
887,10:14:39,15.83,120348,76,卖盘
888,10:14:42,15.83,112393,71,卖盘
889,10:14:45,15.83,44340,28,卖盘
890,10:14:48,15.83,7915,5,卖盘
891,10:14:51,15.83,110810,70,卖盘
892,10:14:54,15.83,34839,22,卖盘
893,10:14:57,15.83,270693,171,卖盘
894,10:15:00,15.84,213824,135,买盘
895,10:15:03,15.83,1583,1,卖盘
896,10:15:06,15.83,39597,25,卖盘
897,10:15:09,15.83,4749,3,卖盘
898,10:15:12,15.84,93408,59,买盘
899,10:15:15,15.84,251817,159,买盘
900,10:15:18,15.84,380160,240,买盘
901,10:15:21,15.84,80750,51,买盘
902,10:15:24,15.83,251824,159,卖盘
903,10:15:27,15.84,6334,4,买盘
904,10:15:30,15.83,55425,35,卖盘
905,10:15:36,15.84,14251,9,买盘
906,10:15:39,15.84,3168,2,买盘
907,10:15:42,15.84,152056,96,买盘
908,10:15:45,15.84,155232,98,买盘
909,10:15:48,15.83,457734,289,卖盘
910,10:15:51,15.83,201118,127,卖盘
911,10:15:54,15.83,12664,8,卖盘
912,10:15:57,15.84,3168,2,买盘
913,10:16:00,15.83,188424,119,卖盘
914,10:16:03,15.84,99790,63,买盘
915,10:16:06,15.84,536962,339,买盘
916,10:16:09,15.84,506866,320,买盘
917,10:16:12,15.84,359562,227,买盘
918,10:16:15,15.84,239184,151,买盘
919,10:16:18,15.85,125200,79,买盘
920,10:16:21,15.85,87139,55,买盘
921,10:16:24,15.84,210787,133,卖盘
922,10:16:27,15.84,58635,37,卖盘
923,10:16:30,15.84,1584,1,卖盘
924,10:16:33,15.84,1273556,804,卖盘
925,10:16:36,15.84,424512,268,卖盘
926,10:16:39,15.84,313776,198,卖盘
927,10:16:42,15.84,6336,4,卖盘
928,10:16:45,15.84,66528,42,卖盘
929,10:16:48,15.84,52287,33,卖盘
930,10:16:57,15.84,41184,26,卖盘
931,10:17:00,15.84,47520,30,卖盘
932,10:17:03,15.84,12672,8,卖盘
933,10:17:09,15.84,38028,24,卖盘
934,10:17:12,15.84,114048,72,卖盘
935,10:17:15,15.84,19008,12,卖盘
936,10:17:18,15.84,240782,152,卖盘
937,10:17:21,15.84,6336,4,卖盘
938,10:17:24,15.84,261381,165,卖盘
939,10:17:27,15.84,90289,57,卖盘
940,10:17:30,15.84,198000,125,卖盘
941,10:17:33,15.84,286753,181,卖盘
942,10:17:36,15.84,156816,99,卖盘
943,10:17:39,15.84,117250,74,卖盘
944,10:17:42,15.84,68112,43,卖盘
945,10:17:45,15.85,49116,31,买盘
946,10:17:48,15.84,104549,66,卖盘
947,10:17:51,15.84,4752,3,卖盘
948,10:17:54,15.84,255040,161,卖盘
949,10:17:57,15.84,155242,98,卖盘
950,10:18:00,15.84,1664821,1051,卖盘
951,10:18:03,15.83,2594387,1638,卖盘
952,10:18:06,15.84,232826,147,买盘
953,10:18:09,15.85,118805,75,买盘
954,10:18:12,15.84,593955,375,卖盘
955,10:18:15,15.84,131467,83,买盘
956,10:18:18,15.83,470443,297,卖盘
957,10:18:21,15.84,91872,58,买盘
958,10:18:24,15.84,102960,65,买盘
959,10:18:27,15.84,511632,323,买盘
960,10:18:30,15.83,159948,101,卖盘
961,10:18:33,15.83,31660,20,卖盘
962,10:18:36,15.83,52245,33,卖盘
963,10:18:39,15.84,128243,81,买盘
964,10:18:42,15.84,69695,44,买盘
965,10:18:45,15.84,112463,71,买盘
966,10:18:48,15.84,473606,299,买盘
967,10:18:51,15.84,93456,59,买盘
968,10:18:54,15.84,76032,48,买盘
969,10:18:57,15.84,506880,320,买盘
970,10:19:00,15.83,319923,202,卖盘
971,10:19:03,15.83,530324,335,卖盘
972,10:19:06,15.83,174210,110,卖盘
973,10:19:09,15.84,41164,26,买盘
974,10:19:12,15.84,63360,40,买盘
975,10:19:15,15.84,41184,26,买盘
976,10:19:18,15.83,745913,471,卖盘
977,10:19:21,15.83,36428,23,卖盘
978,10:19:24,15.84,259771,164,买盘
979,10:19:27,15.84,513374,324,买盘
980,10:19:30,15.84,141044,89,卖盘
981,10:19:33,15.84,7920,5,卖盘
982,10:19:36,15.85,87135,55,买盘
983,10:19:39,15.85,114119,72,买盘
984,10:19:42,15.85,112525,71,买盘
985,10:19:45,15.84,68137,43,卖盘
986,10:19:48,15.85,605470,382,买盘
987,10:19:51,15.84,153718,97,卖盘
988,10:19:54,15.85,60218,38,买盘
989,10:19:57,15.85,881260,556,买盘
990,10:20:00,15.85,297980,188,买盘
991,10:20:03,15.85,291640,184,买盘
992,10:20:06,15.84,589599,372,卖盘
993,10:20:09,15.85,272586,172,买盘
994,10:20:12,15.85,80831,51,买盘
995,10:20:15,15.84,52297,33,卖盘
996,10:20:18,15.84,562642,355,卖盘
997,10:20:21,15.84,115695,73,卖盘
998,10:20:24,15.85,14265,9,买盘
999,10:20:27,15.84,630756,398,卖盘
1000,10:20:30,15.84,334420,211,卖盘
1001,10:20:33,15.84,88704,56,卖盘
1002,10:20:36,15.84,123588,78,卖盘
1003,10:20:39,15.85,77622,49,买盘
1004,10:20:42,15.85,175876,111,买盘
1005,10:20:45,15.84,80824,51,卖盘
1006,10:20:48,15.85,664040,419,买盘
1007,10:20:51,15.85,147402,93,买盘
1008,10:20:54,15.85,122032,77,买盘
1009,10:20:57,15.85,532560,336,买盘
1010,10:21:00,15.84,38022,24,卖盘
1011,10:21:03,15.84,96675,61,卖盘
1012,10:21:06,15.85,107780,68,买盘
1013,10:21:09,15.85,229819,145,买盘
1014,10:21:12,15.85,253527,160,买盘
1015,10:21:15,15.84,28525,18,卖盘
1016,10:21:18,15.84,656115,414,卖盘
1017,10:21:21,15.84,11094,7,卖盘
1018,10:21:24,15.85,131538,83,买盘
1019,10:21:27,15.85,467575,295,买盘
1020,10:21:30,15.84,57033,36,卖盘
1021,10:21:33,15.84,144201,91,卖盘
1022,10:21:36,15.84,926646,585,卖盘
1023,10:21:39,15.85,183854,116,买盘
1024,10:21:42,15.85,167999,106,买盘
1025,10:21:45,15.85,50713,32,买盘
1026,10:21:48,15.84,499244,315,卖盘
1027,10:21:51,15.84,190086,120,卖盘
1028,10:21:54,15.85,186985,118,买盘
1029,10:21:57,15.85,453310,286,买盘
1030,10:22:00,15.84,418226,264,卖盘
1031,10:22:03,15.84,261360,165,卖盘
1032,10:22:06,15.84,842727,532,卖盘
1033,10:22:09,15.84,156816,99,卖盘
1034,10:22:12,15.84,139392,88,卖盘
1035,10:22:15,15.84,156816,99,买盘
1036,10:22:18,15.84,451440,285,买盘
1037,10:22:21,15.83,159925,101,卖盘
1038,10:22:24,15.83,117142,74,卖盘
1039,10:22:27,15.83,384654,243,买盘
1040,10:22:30,15.83,175748,111,卖盘
1041,10:22:33,15.84,161527,102,买盘
1042,10:22:36,15.83,563828,356,卖盘
1043,10:22:39,15.83,69655,44,买盘
1044,10:22:42,15.83,205790,130,卖盘
1045,10:22:45,15.83,120348,76,卖盘
1046,10:22:48,15.83,93400,59,卖盘
1047,10:22:51,15.82,601440,380,卖盘
1048,10:22:54,15.82,28476,18,买盘
1049,10:22:57,15.82,20566,13,卖盘
1050,10:23:00,15.82,257887,163,卖盘
1051,10:23:03,15.82,251538,159,卖盘
1052,10:23:06,15.82,435054,275,卖盘
1053,10:23:09,15.82,105994,67,卖盘
1054,10:23:12,15.82,300581,190,卖盘
1055,10:23:18,15.81,510931,323,卖盘
1056,10:23:21,15.81,456911,289,卖盘
1057,10:23:24,15.79,668467,423,卖盘
1058,10:23:27,15.79,82112,52,卖盘
1059,10:23:30,15.79,7895,5,卖盘
1060,10:23:33,15.79,517980,328,卖盘
1061,10:23:36,15.79,23685,15,卖盘
1062,10:23:39,15.8,527431,334,买盘
1063,10:23:42,15.79,240008,152,卖盘
1064,10:23:45,15.78,317435,201,卖盘
1065,10:23:48,15.8,369491,234,买盘
1066,10:23:51,15.79,364804,231,卖盘
1067,10:23:54,15.79,132636,84,卖盘
1068,10:23:57,15.79,153201,97,卖盘
1069,10:24:00,15.8,115281,73,买盘
1070,10:24:03,15.8,191079,121,买盘
1071,10:24:06,15.79,603383,382,卖盘
1072,10:24:09,15.79,126320,80,买盘
1073,10:24:12,15.79,486032,308,买盘
1074,10:24:15,15.79,124598,79,买盘
1075,10:24:18,15.78,413715,262,卖盘
1076,10:24:21,15.79,93207,59,卖盘
1077,10:24:24,15.78,397695,252,卖盘
1078,10:24:27,15.79,83721,53,中性盘
1079,10:24:30,15.79,265273,168,卖盘
1080,10:24:33,15.78,519319,329,卖盘
1081,10:24:36,15.79,58423,37,买盘
1082,10:24:39,15.78,654978,415,卖盘
1083,10:24:42,15.78,208474,132,卖盘
1084,10:24:48,15.78,509694,323,卖盘
1085,10:24:51,15.78,295091,187,买盘
1086,10:24:54,15.78,37876,24,卖盘
1087,10:24:57,15.78,99428,63,卖盘
1088,10:25:00,15.78,97885,62,卖盘
1089,10:25:03,15.79,97848,62,买盘
1090,10:25:06,15.79,554123,351,买盘
1091,10:25:09,15.78,377198,239,卖盘
1092,10:25:12,15.79,18940,12,买盘
1093,10:25:18,15.79,397908,252,买盘
1094,10:25:21,15.78,255687,162,卖盘
1095,10:25:24,15.79,107362,68,买盘
1096,10:25:27,15.79,408891,259,买盘
1097,10:25:30,15.79,56829,36,买盘
1098,10:25:33,15.78,86813,55,卖盘
1099,10:25:36,15.78,45769,29,卖盘
1100,10:25:39,15.78,26838,17,卖盘
1101,10:25:42,15.79,153067,97,买盘
1102,10:25:45,15.78,459214,291,卖盘
1103,10:25:48,15.78,181470,115,买盘
1104,10:25:51,15.78,194152,123,卖盘
1105,10:25:54,15.78,74166,47,卖盘
1106,10:25:57,15.78,31564,20,卖盘
1107,10:26:00,15.78,605972,384,卖盘
1108,10:26:03,15.78,6312,4,买盘
1109,10:26:06,15.77,558523,354,卖盘
1110,10:26:09,15.78,189358,120,买盘
1111,10:26:12,15.77,143569,91,卖盘
1112,10:26:15,15.77,195548,124,卖盘
1113,10:26:18,15.77,244435,155,卖盘
1114,10:26:21,15.77,74165,47,卖盘
1115,10:26:24,15.76,154516,98,卖盘
1116,10:26:27,15.76,1576,1,卖盘
1117,10:26:30,15.77,110335,70,买盘
1118,10:26:33,15.76,332536,211,卖盘
1119,10:26:36,15.77,299604,190,买盘
1120,10:26:39,15.76,162333,103,卖盘
1121,10:26:42,15.76,145033,92,卖盘
1122,10:26:45,15.76,78800,50,卖盘
1123,10:26:48,15.76,110338,70,卖盘
1124,10:26:51,15.76,222218,141,卖盘
1125,10:26:54,15.76,170237,108,卖盘
1126,10:26:57,15.76,156027,99,卖盘
1127,10:27:00,15.76,174946,111,卖盘
1128,10:27:03,15.76,107211,68,卖盘
1129,10:27:06,15.77,44138,28,买盘
1130,10:27:09,15.76,477528,303,卖盘
1131,10:27:12,15.75,135534,86,卖盘
1132,10:27:15,15.75,140182,89,卖盘
1133,10:27:18,15.75,48843,31,卖盘
1134,10:27:21,15.75,48825,31,卖盘
1135,10:27:24,15.75,244125,155,卖盘
1136,10:27:27,15.76,1905234,1209,买盘
1137,10:27:30,15.76,86680,55,卖盘
1138,10:27:33,15.77,351637,223,买盘
1139,10:27:36,15.77,523453,332,买盘
1140,10:27:39,15.77,111941,71,买盘
1141,10:27:42,15.76,553313,351,卖盘
1142,10:27:45,15.77,63057,40,卖盘
1143,10:27:48,15.78,168746,107,买盘
1144,10:27:51,15.77,283860,180,卖盘
1145,10:27:54,15.77,63115,40,卖盘
1146,10:27:57,15.77,140353,89,卖盘
1147,10:28:00,15.77,7885,5,卖盘
1148,10:28:03,15.77,173485,110,卖盘
1149,10:28:06,15.77,15770,10,卖盘
1150,10:28:09,15.78,58382,37,买盘
1151,10:28:12,15.77,14193,9,卖盘
1152,10:28:15,15.77,14193,9,卖盘
1153,10:28:18,15.78,20505,13,买盘
1154,10:28:21,15.77,47310,30,卖盘
1155,10:28:24,15.78,845285,536,买盘
1156,10:28:27,15.78,315583,200,买盘
1157,10:28:30,15.76,220764,140,卖盘
1158,10:28:33,15.76,37845,24,卖盘
1159,10:28:36,15.77,48877,31,买盘
1160,10:28:39,15.76,33096,21,卖盘
1161,10:28:42,15.76,45704,29,卖盘
1162,10:28:45,15.75,332533,211,卖盘
1163,10:28:48,15.76,187544,119,买盘
1164,10:28:51,15.75,422115,268,卖盘
1165,10:28:54,15.76,99277,63,买盘
1166,10:28:57,15.75,749703,476,卖盘
1167,10:29:00,15.75,176400,112,买盘
1168,10:29:03,15.74,344663,219,卖盘
1169,10:29:06,15.74,242396,154,买盘
1170,10:29:09,15.74,247175,157,卖盘
1171,10:29:12,15.73,34606,22,卖盘
1172,10:29:15,15.74,51928,33,买盘
1173,10:29:18,15.73,426507,271,卖盘
1174,10:29:21,15.73,338245,215,卖盘
1175,10:29:24,15.71,933365,594,卖盘
1176,10:29:27,15.72,6288,4,买盘
1177,10:29:30,15.71,339462,216,卖盘
1178,10:29:33,15.71,212085,135,卖盘
1179,10:29:36,15.71,160277,102,卖盘
1180,10:29:39,15.72,135160,86,买盘
1181,10:29:42,15.71,109997,70,卖盘
1182,10:29:45,15.71,34568,22,卖盘
1183,10:29:48,15.71,39281,25,卖盘
1184,10:29:51,15.71,226246,144,卖盘
1185,10:29:54,15.71,300061,191,卖盘
1186,10:29:57,15.71,78599,50,卖盘
1187,10:30:00,15.71,989374,630,卖盘
1188,10:30:03,15.71,235648,150,买盘
1189,10:30:06,15.71,100553,64,买盘
1190,10:30:09,15.71,223102,142,卖盘
1191,10:30:12,15.71,197987,126,卖盘
1192,10:30:15,15.71,212085,135,卖盘
1193,10:30:18,15.71,62875,40,卖盘
1194,10:30:21,15.71,168097,107,卖盘
1195,10:30:24,15.72,177549,113,买盘
1196,10:30:27,15.72,317514,202,买盘
1197,10:30:30,15.72,67583,43,买盘
1198,10:30:33,15.72,15720,10,卖盘
1199,10:30:36,15.72,388284,247,卖盘
1200,10:30:39,15.72,75438,48,卖盘
1201,10:30:42,15.71,119468,76,卖盘
1202,10:30:45,15.72,6286,4,买盘
1203,10:30:48,15.71,205925,131,卖盘
1204,10:30:51,15.72,44016,28,买盘
1205,10:30:54,15.71,175953,112,卖盘
1206,10:30:57,15.71,53433,34,卖盘
1207,10:31:00,15.72,1572,1,买盘
1208,10:31:03,15.71,81692,52,卖盘
1209,10:31:06,15.71,860910,548,卖盘
1210,10:31:09,15.71,7855,5,买盘
1211,10:31:12,15.7,339120,216,卖盘
1212,10:31:15,15.7,67549,43,卖盘
1213,10:31:18,15.7,323420,206,卖盘
1214,10:31:21,15.7,186866,119,卖盘
1215,10:31:24,15.7,218230,139,卖盘
1216,10:31:27,15.71,119324,76,买盘
1217,10:31:30,15.69,169552,108,卖盘
1218,10:31:33,15.7,78528,50,中性盘
1219,10:31:36,15.7,61232,39,卖盘
1220,10:31:39,15.7,50269,32,卖盘
1221,10:31:42,15.7,70667,45,卖盘
1222,10:31:45,15.71,51822,33,买盘
1223,10:31:48,15.7,223060,142,卖盘
1224,10:31:51,15.7,56547,36,卖盘
1225,10:31:54,15.7,111470,71,卖盘
1226,10:31:57,15.7,114615,73,买盘
1227,10:32:00,15.69,175838,112,卖盘
1228,10:32:03,15.7,347147,221,中性盘
1229,10:32:06,15.7,56520,36,卖盘
1230,10:32:09,15.7,109937,70,卖盘
1231,10:32:12,15.7,149150,95,卖盘
1232,10:32:15,15.7,42402,27,卖盘
1233,10:32:18,15.7,61258,39,卖盘
1234,10:32:21,15.71,39265,25,买盘
1235,10:32:24,15.7,238650,152,卖盘
1236,10:32:27,15.7,103620,66,卖盘
1237,10:32:30,15.71,227684,145,买盘
1238,10:32:33,15.7,14130,9,卖盘
1239,10:32:39,15.71,94240,60,买盘
1240,10:32:42,15.71,372370,237,买盘
1241,10:32:45,15.72,103732,66,买盘
1242,10:32:48,15.72,180760,115,买盘
1243,10:32:51,15.73,73931,47,买盘
1244,10:32:54,15.73,4719,3,买盘
1245,10:32:57,15.72,268959,171,卖盘
1246,10:33:00,15.72,62916,40,卖盘
1247,10:33:03,15.73,37752,24,买盘
1248,10:33:06,15.73,221793,141,买盘
1249,10:33:09,15.72,157238,100,卖盘
1250,10:33:12,15.73,272047,173,买盘
1251,10:33:15,15.72,91230,58,卖盘
1252,10:33:18,15.72,917618,584,卖盘
1253,10:33:21,15.72,210741,134,卖盘
1254,10:33:24,15.72,28296,18,卖盘
1255,10:33:27,15.73,216968,138,买盘
1256,10:33:30,15.72,4716,3,卖盘
1257,10:33:33,15.72,50304,32,卖盘
1258,10:33:36,15.72,111612,71,买盘
1259,10:33:39,15.72,1572,1,卖盘
1260,10:33:42,15.71,77014,49,卖盘
1261,10:33:45,15.73,25161,16,买盘
1262,10:33:48,15.72,125760,80,买盘
1263,10:33:51,15.71,65984,42,卖盘
1264,10:33:54,15.71,37704,24,买盘
1265,10:33:57,15.71,138248,88,买盘
1266,10:34:00,15.71,102104,65,买盘
1267,10:34:03,15.71,37684,24,买盘
1268,10:34:06,15.71,208943,133,买盘
1269,10:34:09,15.7,42403,27,卖盘
1270,10:34:12,15.71,36133,23,买盘
1271,10:34:15,15.7,125600,80,卖盘
1272,10:34:18,15.7,194694,124,卖盘
1273,10:34:24,15.71,111541,71,买盘
1274,10:34:27,15.7,127250,81,卖盘
1275,10:34:30,15.71,39275,25,买盘
1276,10:34:33,15.7,94200,60,卖盘
1277,10:34:36,15.7,15700,10,卖盘
1278,10:34:39,15.71,21994,14,买盘
1279,10:34:42,15.71,4711,3,买盘
1280,10:34:45,15.71,177471,113,买盘
1281,10:34:48,15.71,124109,79,买盘
1282,10:34:54,15.71,81710,52,卖盘
1283,10:34:57,15.71,29849,19,卖盘
1284,10:35:03,15.72,12569,8,买盘
1285,10:35:06,15.72,133615,85,买盘
1286,10:35:09,15.71,42437,27,卖盘
1287,10:35:12,15.71,229366,146,卖盘
1288,10:35:15,15.71,51870,33,卖盘
1289,10:35:18,15.71,17291,11,卖盘
1290,10:35:24,15.71,4713,3,卖盘
1291,10:35:27,15.71,4713,3,卖盘
1292,10:35:30,15.71,716376,456,卖盘
1293,10:35:36,15.71,157080,100,买盘
1294,10:35:39,15.7,37703,24,卖盘
1295,10:35:42,15.7,31400,20,卖盘
1296,10:35:45,15.7,78500,50,卖盘
1297,10:35:48,15.7,119337,76,卖盘
1298,10:35:51,15.7,53380,34,卖盘
1299,10:35:54,15.7,124047,79,卖盘
1300,10:35:57,15.7,23550,15,卖盘
1301,10:36:00,15.7,854095,544,卖盘
1302,10:36:03,15.7,45534,29,卖盘
1303,10:36:06,15.7,548082,349,卖盘
1304,10:36:09,15.7,277890,177,买盘
1305,10:36:12,15.7,185263,118,卖盘
1306,10:36:18,15.7,109900,70,买盘
1307,10:36:21,15.7,1570,1,卖盘
1308,10:36:24,15.7,131824,84,卖盘
1309,10:36:27,15.7,221370,141,买盘
1310,10:36:30,15.69,492735,314,卖盘
1311,10:36:33,15.69,98847,63,买盘
1312,10:36:36,15.69,26673,17,卖盘
1313,10:36:39,15.7,926930,591,买盘
1314,10:36:42,15.69,9414,6,卖盘
1315,10:36:45,15.69,119199,76,卖盘
1316,10:36:48,15.69,142779,91,买盘
1317,10:36:51,15.69,221229,141,卖盘
1318,10:36:54,15.69,117675,75,买盘
1319,10:36:57,15.68,230632,147,卖盘
1320,10:37:00,15.68,884416,564,卖盘
1321,10:37:03,15.68,6272,4,卖盘
1322,10:37:06,15.68,7840,5,卖盘
1323,10:37:09,15.68,871910,556,卖盘
1324,10:37:12,15.68,17257,11,卖盘
1325,10:37:15,15.68,368675,235,卖盘
1326,10:37:18,15.68,316912,202,卖盘
1327,10:37:21,15.69,1151895,734,买盘
1328,10:37:24,15.7,1570,1,卖盘
1329,10:37:27,15.7,10990,7,卖盘
1330,10:37:30,15.69,712868,454,卖盘
1331,10:37:33,15.69,47070,30,卖盘
1332,10:37:36,15.69,133424,85,卖盘
1333,10:37:39,15.7,1570,1,买盘
1334,10:37:48,15.7,138160,88,买盘
1335,10:37:51,15.7,155430,99,买盘
1336,10:37:54,15.7,7850,5,卖盘
1337,10:37:57,15.7,45552,29,卖盘
1338,10:38:00,15.71,56536,36,买盘
1339,10:38:03,15.7,119390,76,卖盘
1340,10:38:06,15.71,243505,155,买盘
1341,10:38:09,15.71,89547,57,卖盘
1342,10:38:12,15.71,61302,39,卖盘
1343,10:38:15,15.71,103702,66,卖盘
1344,10:38:18,15.72,33001,21,买盘
1345,10:38:21,15.72,292392,186,买盘
1346,10:38:24,15.72,268812,171,卖盘
1347,10:38:27,15.72,124251,79,中性盘
1348,10:38:33,15.72,48732,31,卖盘
1349,10:38:39,15.72,47165,30,卖盘
1350,10:38:42,15.72,187068,119,卖盘
1351,10:38:45,15.73,45617,29,买盘
1352,10:38:48,15.72,128984,82,卖盘
1353,10:38:51,15.73,1031888,656,买盘
1354,10:38:54,15.74,37776,24,买盘
1355,10:38:57,15.74,514698,327,买盘
1356,10:39:00,15.74,160548,102,买盘
1357,10:39:03,15.74,125986,80,卖盘
1358,10:39:06,15.74,28332,18,卖盘
1359,10:39:09,15.74,7870,5,卖盘
1360,10:39:12,15.74,7870,5,卖盘
1361,10:39:18,15.75,23619,15,买盘
1362,10:39:21,15.75,398475,253,买盘
1363,10:39:24,15.75,69300,44,买盘
1364,10:39:27,15.75,174825,111,买盘
1365,10:39:30,15.76,88256,56,买盘
1366,10:39:33,15.75,18900,12,卖盘
1367,10:39:42,15.75,7875,5,卖盘
1368,10:39:45,15.75,12607,8,卖盘
1369,10:39:48,15.75,86631,55,卖盘
1370,10:39:51,15.76,85104,54,买盘
1371,10:39:54,15.75,47250,30,卖盘
1372,10:39:57,15.76,18912,12,买盘
1373,10:40:00,15.76,420790,267,买盘
1374,10:40:03,15.75,223804,142,卖盘
1375,10:40:06,15.76,113472,72,买盘
1376,10:40:09,15.76,121352,77,买盘
1377,10:40:12,15.76,74072,47,卖盘
1378,10:40:15,15.76,29960,19,卖盘
1379,10:40:18,15.76,36256,23,卖盘
1380,10:40:21,15.76,3152,2,卖盘
1381,10:40:24,15.77,22078,14,买盘
1382,10:40:27,15.77,145078,92,买盘
1383,10:40:30,15.77,293322,186,买盘
1384,10:40:33,15.77,183032,116,卖盘
1385,10:40:36,15.77,71007,45,卖盘
1386,10:40:39,15.77,110409,70,卖盘
1387,10:40:42,15.77,170359,108,卖盘
1388,10:40:45,15.77,47336,30,卖盘
1389,10:40:48,15.78,151487,96,买盘
1390,10:40:51,15.78,320318,203,买盘
1391,10:40:54,15.79,110511,70,买盘
1392,10:40:57,15.79,342642,217,买盘
1393,10:41:00,15.79,626861,397,买盘
1394,10:41:03,15.79,320580,203,买盘
1395,10:41:06,15.79,369486,234,卖盘
1396,10:41:09,15.79,603178,382,买盘
1397,10:41:12,15.8,300177,190,买盘
1398,10:41:15,15.8,221150,140,买盘
1399,10:41:18,15.8,352240,223,买盘
1400,10:41:21,15.8,619294,392,买盘
1401,10:41:24,15.8,682474,432,买盘
1402,10:41:27,15.8,208560,132,买盘
1403,10:41:30,15.8,516659,327,买盘
1404,10:41:33,15.79,780408,494,卖盘
1405,10:41:36,15.8,300044,190,买盘
1406,10:41:39,15.8,818377,518,买盘
1407,10:41:42,15.8,216460,137,买盘
1408,10:41:45,15.79,317615,201,卖盘
1409,10:41:48,15.8,64780,41,买盘
1410,10:41:51,15.8,663535,420,买盘
1411,10:41:54,15.79,205355,130,卖盘
1412,10:41:57,15.79,240075,152,买盘
1413,10:42:00,15.79,702705,445,买盘
1414,10:42:03,15.79,55265,35,买盘
1415,10:42:06,15.78,763867,484,卖盘
1416,10:42:09,15.78,112079,71,卖盘
1417,10:42:12,15.77,580637,368,卖盘
1418,10:42:15,15.78,168846,107,买盘
1419,10:42:18,15.78,217719,138,买盘
1420,10:42:21,15.76,542697,344,卖盘
1421,10:42:24,15.76,59895,38,卖盘
1422,10:42:27,15.76,261606,166,卖盘
1423,10:42:30,15.76,39416,25,卖盘
1424,10:42:33,15.76,207133,131,卖盘
1425,10:42:36,15.77,74112,47,买盘
1426,10:42:39,15.78,307510,195,买盘
1427,10:42:42,15.77,69424,44,卖盘
1428,10:42:45,15.76,495086,314,卖盘
1429,10:42:48,15.77,28386,18,买盘
1430,10:42:51,15.77,23655,15,卖盘
1431,10:42:54,15.77,138776,88,卖盘
1432,10:42:57,15.78,17358,11,买盘
1433,10:43:00,15.78,550706,349,买盘
1434,10:43:03,15.78,126226,80,买盘
1435,10:43:06,15.77,481070,305,卖盘
1436,10:43:09,15.77,176713,112,卖盘
1437,10:43:12,15.77,1577,1,卖盘
1438,10:43:15,15.77,346950,220,卖盘
1439,10:43:18,15.77,227103,144,卖盘
1440,10:43:21,15.77,247641,157,卖盘
1441,10:43:24,15.77,1577,1,卖盘
1442,10:43:27,15.77,299646,190,卖盘
1443,10:43:33,15.77,111967,71,卖盘
1444,10:43:36,15.77,59963,38,卖盘
1445,10:43:39,15.77,78855,50,卖盘
1446,10:43:42,15.77,173476,110,卖盘
1447,10:43:45,15.77,99374,63,卖盘
1448,10:43:48,15.77,14198,9,卖盘
1449,10:43:51,15.77,91474,58,卖盘
1450,10:43:54,15.77,211318,134,卖盘
1451,10:43:57,15.77,15770,10,卖盘
1452,10:44:00,15.78,126222,80,买盘
1453,10:44:03,15.78,293494,186,买盘
1454,10:44:06,15.78,321829,204,买盘
1455,10:44:09,15.78,1110906,704,卖盘
1456,10:44:12,15.79,260463,165,买盘
1457,10:44:15,15.77,580342,368,卖盘
1458,10:44:18,15.77,632377,401,卖盘
1459,10:44:21,15.77,1427305,905,卖盘
1460,10:44:24,15.77,3154,2,卖盘
1461,10:44:27,15.77,503142,319,卖盘
1462,10:44:30,15.77,41002,26,卖盘
1463,10:44:33,15.78,63120,40,买盘
1464,10:44:36,15.78,179873,114,买盘
1465,10:44:39,15.78,599620,380,买盘
1466,10:44:42,15.77,129389,82,卖盘
1467,10:44:45,15.77,83614,53,卖盘
1468,10:44:48,15.78,15780,10,买盘
1469,10:44:51,15.78,108882,69,买盘
1470,10:44:54,15.78,176736,112,卖盘
1471,10:44:57,15.78,187809,119,卖盘
1472,10:45:00,15.78,236700,150,卖盘
1473,10:45:03,15.79,78950,50,买盘
1474,10:45:06,15.78,137286,87,卖盘
1475,10:45:09,15.79,150005,95,买盘
1476,10:45:12,15.78,29982,19,卖盘
1477,10:45:15,15.79,44199,28,买盘
1478,10:45:18,15.79,74206,47,买盘
1479,10:45:21,15.79,442120,280,买盘
1480,10:45:24,15.79,258923,164,买盘
1481,10:45:27,15.79,137366,87,买盘
1482,10:45:30,15.79,565274,358,买盘
1483,10:45:33,15.79,533646,338,买盘
1484,10:45:36,15.79,178526,113,卖盘
1485,10:45:39,15.79,1579,1,卖盘
1486,10:45:42,15.8,26849,17,买盘
1487,10:45:45,15.79,17369,11,卖盘
1488,10:45:48,15.8,110600,70,买盘
1489,10:45:51,15.79,628831,398,卖盘
1490,10:45:54,15.8,131140,83,买盘
1491,10:45:57,15.79,807055,511,卖盘
1492,10:46:00,15.8,42660,27,买盘
1493,10:46:06,15.8,123232,78,买盘
1494,10:46:09,15.8,733095,464,买盘
1495,10:46:12,15.79,192758,122,卖盘
1496,10:46:15,15.79,14213,9,卖盘
1497,10:46:18,15.8,33180,21,买盘
1498,10:46:21,15.8,339700,215,买盘
1499,10:46:24,15.8,120114,76,卖盘
1500,10:46:27,15.8,308100,195,卖盘
1501,10:46:30,15.81,61655,39,买盘
1502,10:46:33,15.81,80581,51,买盘
1503,10:46:39,15.81,689255,436,买盘
1504,10:46:42,15.81,64821,41,买盘
1505,10:46:45,15.81,148614,94,买盘
1506,10:46:48,15.81,75880,48,买盘
1507,10:46:51,15.82,20563,13,买盘
1508,10:46:54,15.81,55335,35,卖盘
1509,10:46:57,15.81,72726,46,卖盘
1510,10:47:00,15.81,26890,17,卖盘
1511,10:47:03,15.81,11068,7,卖盘
1512,10:47:06,15.81,36381,23,卖盘
1513,10:47:09,15.82,11074,7,买盘
1514,10:47:12,15.81,135972,86,卖盘
1515,10:47:15,15.82,66421,42,买盘
1516,10:47:18,15.81,139208,88,卖盘
1517,10:47:21,15.81,69580,44,卖盘
1518,10:47:24,15.81,36363,23,卖盘
1519,10:47:27,15.81,61667,39,卖盘
1520,10:47:30,15.81,34782,22,卖盘
1521,10:47:33,15.81,1106700,700,卖盘
1522,10:47:36,15.81,2107153,1333,卖盘
1523,10:47:39,15.81,692440,438,买盘
1524,10:47:42,15.81,55335,35,买盘
1525,10:47:45,15.81,31620,20,卖盘
1526,10:47:48,15.81,284580,180,卖盘
1527,10:47:51,15.81,197665,125,卖盘
1528,10:47:54,15.8,777847,492,卖盘
1529,10:47:57,15.81,96441,61,买盘
1530,10:48:00,15.81,39525,25,卖盘
1531,10:48:03,15.81,113832,72,卖盘
1532,10:48:06,15.81,53769,34,卖盘
1533,10:48:09,15.81,787338,498,卖盘
1534,10:48:12,15.81,456990,289,卖盘
1535,10:48:15,15.81,41106,26,卖盘
1536,10:48:18,15.8,140706,89,卖盘
1537,10:48:21,15.81,105927,67,买盘
1538,10:48:24,15.8,194363,123,卖盘
1539,10:48:27,15.8,110656,70,卖盘
1540,10:48:30,15.81,42667,27,买盘
1541,10:48:33,15.81,45841,29,买盘
1542,10:48:36,15.81,11067,7,买盘
1543,10:48:39,15.81,700343,443,买盘
1544,10:48:42,15.81,178647,113,买盘
1545,10:48:45,15.81,80621,51,买盘
1546,10:48:48,15.8,175482,111,卖盘
1547,10:48:51,15.8,453526,287,卖盘
1548,10:48:54,15.81,116994,74,买盘
1549,10:48:57,15.81,139127,88,买盘
1550,10:49:00,15.81,513825,325,买盘
1551,10:49:03,15.81,129642,82,卖盘
1552,10:49:06,15.81,3162,2,买盘
1553,10:49:09,15.82,219754,139,买盘
1554,10:49:12,15.81,61665,39,卖盘
1555,10:49:15,15.82,36386,23,买盘
1556,10:49:18,15.82,188223,119,买盘
1557,10:49:21,15.81,738678,467,卖盘
1558,10:49:24,15.82,68011,43,买盘
1559,10:49:27,15.81,189800,120,卖盘
1560,10:49:30,15.81,275195,174,卖盘
1561,10:49:33,15.82,28476,18,买盘
1562,10:49:36,15.82,61678,39,买盘
1563,10:49:39,15.82,460361,291,买盘
1564,10:49:42,15.82,700617,443,买盘
1565,10:49:45,15.82,4746,3,买盘
1566,10:49:48,15.81,145532,92,卖盘
1567,10:49:51,15.81,202447,128,卖盘
1568,10:49:54,15.81,6324,4,卖盘
1569,10:49:57,15.81,4743,3,卖盘
1570,10:50:00,15.81,45863,29,卖盘
1571,10:50:03,15.81,124914,79,卖盘
1572,10:50:06,15.82,87004,55,买盘
1573,10:50:09,15.82,461943,292,买盘
1574,10:50:12,15.82,124948,79,买盘
1575,10:50:15,15.81,155034,98,卖盘
1576,10:50:18,15.82,170796,108,买盘
1577,10:50:21,15.81,643825,407,卖盘
1578,10:50:24,15.82,44284,28,买盘
1579,10:50:27,15.82,276826,175,买盘
1580,10:50:30,15.81,526801,333,卖盘
1581,10:50:33,15.81,94860,60,卖盘
1582,10:50:36,15.82,128142,81,买盘
1583,10:50:39,15.82,302154,191,买盘
1584,10:50:42,15.82,120264,76,卖盘
1585,10:50:45,15.82,278401,176,卖盘
1586,10:50:48,15.82,185094,117,买盘
1587,10:50:51,15.82,507822,321,买盘
1588,10:50:54,15.82,52206,33,买盘
1589,10:50:57,15.82,150360,95,卖盘
1590,10:51:00,15.82,53788,34,卖盘
1591,10:51:03,15.83,20579,13,买盘
1592,10:51:09,15.83,1120416,708,买盘
1593,10:51:12,15.82,292821,185,卖盘
1594,10:51:15,15.82,49042,31,卖盘
1595,10:51:21,15.82,71209,45,卖盘
1596,10:51:24,15.82,556864,352,卖盘
1597,10:51:27,15.83,354539,224,买盘
1598,10:51:30,15.83,599903,379,买盘
1599,10:51:33,15.82,166194,105,卖盘
1600,10:51:36,15.82,15820,10,卖盘
1601,10:51:39,15.83,1583,1,买盘
1602,10:51:42,15.82,33222,21,卖盘
1603,10:51:45,15.83,26911,17,买盘
1604,10:51:48,15.82,234216,148,卖盘
1605,10:51:51,15.83,41158,26,买盘
1606,10:51:57,15.83,324394,205,买盘
1607,10:52:00,15.82,772380,488,卖盘
1608,10:52:03,15.82,145624,92,卖盘
1609,10:52:06,15.83,485976,307,买盘
1610,10:52:09,15.83,566695,358,买盘
1611,10:52:12,15.83,550331,348,买盘
1612,10:52:15,15.82,120305,76,卖盘
1613,10:52:18,15.82,90228,57,卖盘
1614,10:52:21,15.82,15820,10,卖盘
1615,10:52:27,15.82,53799,34,卖盘
1616,10:52:30,15.83,106009,67,买盘
1617,10:52:33,15.82,82266,52,卖盘
1618,10:52:36,15.83,41153,26,买盘
1619,10:52:39,15.83,253280,160,买盘
1620,10:52:42,15.83,332390,210,买盘
1621,10:52:45,15.83,120308,76,买盘
1622,10:52:48,15.82,151958,96,卖盘
1623,10:52:51,15.82,60143,38,卖盘
1624,10:52:54,15.83,150383,95,买盘
1625,10:52:57,15.83,199433,126,买盘
1626,10:53:00,15.82,789821,499,卖盘
1627,10:53:03,15.83,242199,153,买盘
1628,10:53:06,15.83,47484,30,买盘
1629,10:53:09,15.83,674236,426,买盘
1630,10:53:12,15.83,132969,84,买盘
1631,10:53:15,15.82,275341,174,卖盘
1632,10:53:18,15.82,17403,11,卖盘
1633,10:53:21,15.83,26911,17,买盘
1634,10:53:24,15.82,28481,18,卖盘
1635,10:53:30,15.83,6332,4,买盘
1636,10:53:33,15.82,12659,8,卖盘
1637,10:53:36,15.82,26894,17,卖盘
1638,10:53:42,15.82,101248,64,卖盘
1639,10:53:45,15.83,197866,125,买盘
1640,10:53:48,15.82,245326,155,卖盘
1641,10:53:51,15.82,11074,7,卖盘
1642,10:53:54,15.83,69652,44,买盘
1643,10:53:57,15.83,188325,119,买盘
1644,10:54:00,15.83,568277,359,买盘
1645,10:54:03,15.83,161852,102,买盘
1646,10:54:06,15.84,180515,114,买盘
1647,10:54:09,15.84,639760,404,买盘
1648,10:54:12,15.84,250262,158,买盘
1649,10:54:15,15.83,36409,23,卖盘
1650,10:54:18,15.83,77567,49,买盘
1651,10:54:21,15.83,186794,118,卖盘
1652,10:54:24,15.83,79172,50,卖盘
1653,10:54:27,15.83,4749,3,卖盘
1654,10:54:30,15.83,12667,8,卖盘
1655,10:54:33,15.83,55405,35,卖盘
1656,10:54:36,15.83,26922,17,卖盘
1657,10:54:39,15.83,39575,25,卖盘
1658,10:54:42,15.83,277025,175,卖盘
1659,10:54:45,15.83,107675,68,卖盘
1660,10:54:48,15.83,6332,4,卖盘
1661,10:54:51,15.83,1643154,1038,卖盘
1662,10:54:54,15.83,14247,9,买盘
1663,10:54:57,15.83,79149,50,买盘
1664,10:55:00,15.82,2159428,1365,卖盘
1665,10:55:03,15.82,104359,66,买盘
1666,10:55:09,15.82,211959,134,买盘
1667,10:55:12,15.81,552048,349,卖盘
1668,10:55:15,15.81,33201,21,卖盘
1669,10:55:18,15.81,55335,35,卖盘
1670,10:55:21,15.81,134450,85,卖盘
1671,10:55:24,15.81,99636,63,卖盘
1672,10:55:27,15.81,45872,29,卖盘
1673,10:55:30,15.81,159681,101,卖盘
1674,10:55:33,15.81,384207,243,卖盘
1675,10:55:36,15.81,22134,14,卖盘
1676,10:55:39,15.81,788961,499,卖盘
1677,10:55:42,15.81,52173,33,卖盘
1678,10:55:45,15.81,173990,110,卖盘
1679,10:55:48,15.8,567554,359,卖盘
1680,10:55:54,15.8,110664,70,卖盘
1681,10:55:57,15.8,15800,10,卖盘
1682,10:56:00,15.8,273359,173,卖盘
1683,10:56:03,15.8,177069,112,卖盘
1684,10:56:06,15.81,200747,127,买盘
1685,10:56:09,15.81,249798,158,卖盘
1686,10:56:12,15.81,75888,48,卖盘
1687,10:56:15,15.81,131275,83,卖盘
1688,10:56:18,15.81,254541,161,卖盘
1689,10:56:21,15.82,72763,46,买盘
1690,10:56:27,15.82,63280,40,买盘
1691,10:56:30,15.82,514128,325,买盘
1692,10:56:33,15.82,104362,66,买盘
1693,10:56:36,15.81,6326,4,卖盘
1694,10:56:39,15.82,213570,135,买盘
1695,10:56:42,15.81,102825,65,卖盘
1696,10:56:45,15.82,69607,44,买盘
1697,10:56:48,15.81,79090,50,卖盘
1698,10:56:51,15.81,28475,18,卖盘
1699,10:56:54,15.82,12656,8,买盘
1700,10:56:57,15.82,72772,46,买盘
1701,10:57:00,15.82,488835,309,买盘
1702,10:57:03,15.81,66402,42,卖盘
1703,10:57:06,15.82,91756,58,买盘
1704,10:57:09,15.82,221380,140,买盘
1705,10:57:12,15.81,468269,296,卖盘
1706,10:57:15,15.82,1582,1,买盘
1707,10:57:18,15.81,181868,115,卖盘
1708,10:57:21,15.81,42707,27,卖盘
1709,10:57:24,15.81,98044,62,卖盘
1710,10:57:27,15.81,7905,5,卖盘
1711,10:57:30,15.82,17392,11,买盘
1712,10:57:33,15.82,28476,18,买盘
1713,10:57:39,15.81,143926,91,卖盘
1714,10:57:42,15.82,762391,482,买盘
1715,10:57:45,15.81,3162,2,卖盘
1716,10:57:48,15.82,118650,75,买盘
1717,10:57:51,15.82,442960,280,买盘
1718,10:57:54,15.81,64821,41,卖盘
1719,10:57:57,15.81,164483,104,卖盘
1720,10:58:00,15.81,79050,50,卖盘
1721,10:58:03,15.82,33222,21,买盘
1722,10:58:06,15.8,2368139,1498,卖盘
1723,10:58:09,15.81,109089,69,买盘
1724,10:58:12,15.82,47454,30,买盘
1725,10:58:15,15.81,96478,61,卖盘
1726,10:58:24,15.81,52176,33,卖盘
1727,10:58:27,15.82,50593,32,买盘
1728,10:58:30,15.82,697480,441,买盘
1729,10:58:33,15.81,139181,88,卖盘
1730,10:58:36,15.81,3162,2,卖盘
1731,10:58:42,15.81,732015,463,卖盘
1732,10:58:45,15.81,7905,5,买盘
1733,10:58:51,15.81,531159,336,买盘
1734,10:58:54,15.81,77460,49,买盘
1735,10:58:57,15.81,90117,57,买盘
1736,10:59:00,15.81,434745,275,买盘
1737,10:59:03,15.81,129641,82,买盘
1738,10:59:06,15.81,79050,50,卖盘
1739,10:59:09,15.81,80652,51,卖盘
1740,10:59:12,15.81,22134,14,卖盘
1741,10:59:15,15.81,41121,26,卖盘
1742,10:59:18,15.81,245055,155,卖盘
1743,10:59:21,15.82,166065,105,买盘
1744,10:59:24,15.81,75900,48,卖盘
1745,10:59:27,15.82,188170,119,买盘
1746,10:59:30,15.82,471380,298,买盘
1747,10:59:33,15.81,63240,40,卖盘
1748,10:59:36,15.82,169243,107,买盘
1749,10:59:39,15.81,4743,3,卖盘
1750,10:59:42,15.81,340129,215,卖盘
1751,10:59:45,15.82,4746,3,买盘
1752,10:59:48,15.81,185015,117,卖盘
1753,10:59:51,15.81,85374,54,卖盘
1754,10:59:54,15.81,28461,18,卖盘
1755,10:59:57,15.81,570771,361,卖盘
1756,11:00:00,15.81,412580,261,买盘
1757,11:00:03,15.81,328828,208,买盘
1758,11:00:06,15.8,42683,27,卖盘
1759,11:00:09,15.81,107507,68,买盘
1760,11:00:12,15.8,74290,47,卖盘
1761,11:00:15,15.8,170667,108,卖盘
1762,11:00:18,15.8,74263,47,卖盘
1763,11:00:21,15.8,126421,80,卖盘
1764,11:00:24,15.8,159583,101,卖盘
1765,11:00:27,15.81,37944,24,买盘
1766,11:00:30,15.81,330420,209,买盘
1767,11:00:33,15.81,53754,34,买盘
1768,11:00:36,15.8,260712,165,卖盘
1769,11:00:39,15.8,69555,44,卖盘
1770,11:00:42,15.8,44244,28,卖盘
1771,11:00:45,15.8,18960,12,卖盘
1772,11:00:48,15.81,53729,34,买盘
1773,11:00:51,15.81,387309,245,买盘
1774,11:00:54,15.8,113782,72,卖盘
1775,11:00:57,15.81,85374,54,买盘
1776,11:01:00,15.81,442602,280,买盘
1777,11:01:03,15.81,110647,70,买盘
1778,11:01:06,15.81,56882,36,买盘
1779,11:01:09,15.8,41085,26,卖盘
1780,11:01:12,15.81,306714,194,买盘
1781,11:01:15,15.81,67983,43,买盘
1782,11:01:18,15.8,368173,233,卖盘
1783,11:01:21,15.8,31605,20,卖盘
1784,11:01:24,15.81,58494,37,买盘
1785,11:01:27,15.81,12645,8,买盘
1786,11:01:30,15.81,333582,211,买盘
1787,11:01:33,15.8,151714,96,卖盘
1788,11:01:39,15.8,15800,10,卖盘
1789,11:01:42,15.8,6320,4,卖盘
1790,11:01:45,15.81,18972,12,买盘
1791,11:01:48,15.8,3160,2,卖盘
1792,11:01:51,15.8,123240,78,卖盘
1793,11:01:54,15.81,33191,21,买盘
1794,11:01:57,15.8,96380,61,卖盘
1795,11:02:00,15.8,30031,19,卖盘
1796,11:02:03,15.8,31600,20,卖盘
1797,11:02:12,15.8,7900,5,卖盘
1798,11:02:15,15.8,12640,8,卖盘
1799,11:02:18,15.8,312872,198,卖盘
1800,11:02:21,15.8,83776,53,卖盘
1801,11:02:24,15.8,3160,2,卖盘
1802,11:02:33,15.8,11060,7,卖盘
1803,11:02:36,15.8,58466,37,卖盘
1804,11:02:39,15.8,20540,13,卖盘
1805,11:02:42,15.8,58471,37,卖盘
1806,11:02:54,15.8,11060,7,卖盘
1807,11:02:57,15.8,11060,7,卖盘
1808,11:03:00,15.8,12640,8,卖盘
1809,11:03:03,15.8,12640,8,卖盘
1810,11:03:06,15.8,64788,41,卖盘
1811,11:03:09,15.8,1467820,929,卖盘
1812,11:03:12,15.8,1218323,771,卖盘
1813,11:03:15,15.8,66360,42,卖盘
1814,11:03:18,15.8,55300,35,卖盘
1815,11:03:21,15.8,606830,384,卖盘
1816,11:03:24,15.8,61631,39,卖盘
1817,11:03:27,15.8,102747,65,卖盘
1818,11:03:30,15.8,845290,535,卖盘
1819,11:03:33,15.8,257540,163,买盘
1820,11:03:36,15.81,66339,42,买盘
1821,11:03:39,15.8,34760,22,买盘
1822,11:03:42,15.81,441042,279,买盘
1823,11:03:45,15.8,22127,14,卖盘
1824,11:03:48,15.8,271800,172,卖盘
1825,11:03:51,15.8,91614,58,卖盘
1826,11:03:54,15.8,75868,48,卖盘
1827,11:03:57,15.8,126400,80,卖盘
1828,11:04:00,15.8,154841,98,卖盘
1829,11:04:03,15.8,69550,44,卖盘
1830,11:04:06,15.8,28440,18,卖盘
1831,11:04:09,15.8,9480,6,卖盘
1832,11:04:12,15.8,28440,18,卖盘
1833,11:04:15,15.8,18960,12,卖盘
1834,11:04:18,15.81,129632,82,买盘
1835,11:04:21,15.81,478950,303,买盘
1836,11:04:24,15.8,12640,8,卖盘
1837,11:04:27,15.8,151763,96,卖盘
1838,11:04:30,15.8,12643,8,卖盘
1839,11:04:33,15.8,395010,250,卖盘
1840,11:04:36,15.8,200707,127,卖盘
1841,11:04:39,15.8,22120,14,卖盘
1842,11:04:42,15.8,104294,66,卖盘
1843,11:04:45,15.8,77420,49,卖盘
1844,11:04:48,15.8,48995,31,卖盘
1845,11:04:51,15.8,377620,239,卖盘
1846,11:04:54,15.8,153299,97,卖盘
1847,11:04:57,15.8,22123,14,卖盘
1848,11:05:00,15.8,26860,17,卖盘
1849,11:05:03,15.8,328659,208,卖盘
1850,11:05:06,15.8,39500,25,卖盘
1851,11:05:09,15.8,102733,65,卖盘
1852,11:05:12,15.8,22120,14,卖盘
1853,11:05:15,15.8,80586,51,卖盘
1854,11:05:18,15.8,67955,43,卖盘
1855,11:05:21,15.79,707805,448,卖盘
1856,11:05:24,15.79,187977,119,卖盘
1857,11:05:30,15.79,22106,14,卖盘
1858,11:05:33,15.78,487871,309,卖盘
1859,11:05:36,15.78,127883,81,卖盘
1860,11:05:39,15.78,154684,98,卖盘
1861,11:05:42,15.78,361362,229,卖盘
1862,11:05:45,15.78,129448,82,卖盘
1863,11:05:48,15.77,353397,224,卖盘
1864,11:05:51,15.77,85158,54,买盘
1865,11:05:54,15.77,12618,8,卖盘
1866,11:05:57,15.78,37872,24,买盘
1867,11:06:00,15.78,291916,185,买盘
1868,11:06:03,15.77,80468,51,卖盘
1869,11:06:06,15.78,39430,25,买盘
1870,11:06:09,15.77,164008,104,卖盘
1871,11:06:12,15.78,427509,271,买盘
1872,11:06:15,15.78,45743,29,买盘
1873,11:06:18,15.78,53652,34,买盘
1874,11:06:21,15.78,320313,203,买盘
1875,11:06:24,15.78,430760,273,买盘
1876,11:06:27,15.78,184532,117,买盘
1877,11:06:30,15.78,373978,237,买盘
1878,11:06:36,15.78,42606,27,买盘
1879,11:06:39,15.77,119860,76,卖盘
1880,11:06:42,15.77,190937,121,卖盘
1881,11:06:45,15.77,416406,264,卖盘
1882,11:06:48,15.77,518805,329,买盘
1883,11:06:51,15.78,827964,525,买盘
1884,11:06:54,15.77,34710,22,卖盘
1885,11:06:57,15.78,25248,16,买盘
1886,11:07:00,15.78,33138,21,卖盘
1887,11:07:03,15.78,184626,117,卖盘
1888,11:07:06,15.79,28417,18,买盘
1889,11:07:09,15.78,124663,79,卖盘
1890,11:07:12,15.78,213162,135,卖盘
1891,11:07:15,15.77,12616,8,卖盘
1892,11:07:18,15.78,50488,32,买盘
1893,11:07:21,15.77,203513,129,卖盘
1894,11:07:24,15.78,63120,40,买盘
1895,11:07:27,15.77,47336,30,卖盘
1896,11:07:33,15.77,6308,4,卖盘
1897,11:07:36,15.77,906778,575,卖盘
1898,11:07:39,15.77,181442,115,卖盘
1899,11:07:45,15.77,6308,4,卖盘
1900,11:07:48,15.77,20501,13,卖盘
1901,11:07:51,15.77,108813,69,卖盘
1902,11:07:54,15.78,26826,17,买盘
1903,11:07:57,15.78,3155,2,买盘
1904,11:08:00,15.78,175157,111,买盘
1905,11:08:03,15.79,50513,32,买盘
1906,11:08:06,15.79,80500,51,买盘
1907,11:08:09,15.78,11046,7,卖盘
1908,11:08:12,15.78,255767,162,卖盘
1909,11:08:15,15.78,15780,10,卖盘
1910,11:08:18,15.78,101016,64,卖盘
1911,11:08:21,15.78,31569,20,卖盘
1912,11:08:27,15.78,28404,18,卖盘
1913,11:08:30,15.78,31571,20,卖盘
1914,11:08:36,15.78,14202,9,卖盘
1915,11:08:42,15.78,3204948,2031,卖盘
1916,11:08:45,15.78,93094,59,买盘
1917,11:08:48,15.78,23670,15,买盘
1918,11:08:51,15.78,209866,133,买盘
1919,11:08:54,15.77,765217,485,卖盘
1920,11:08:57,15.77,25240,16,卖盘
1921,11:09:00,15.77,197215,125,卖盘
1922,11:09:03,15.78,310865,197,买盘
1923,11:09:06,15.78,1743670,1105,买盘
1924,11:09:09,15.78,336105,213,买盘
1925,11:09:12,15.79,44185,28,买盘
1926,11:09:15,15.79,83687,53,买盘
1927,11:09:18,15.79,4736,3,买盘
1928,11:09:21,15.79,225787,143,买盘
1929,11:09:24,15.8,14220,9,买盘
1930,11:09:27,15.8,50560,32,买盘
1931,11:09:30,15.8,195917,124,买盘
1932,11:09:33,15.79,729900,462,卖盘
1933,11:09:36,15.8,154838,98,买盘
1934,11:09:39,15.79,25264,16,卖盘
1935,11:09:45,15.8,52130,33,买盘
1936,11:09:48,15.8,139030,88,买盘
1937,11:09:51,15.8,284390,180,买盘
1938,11:09:57,15.8,202272,128,卖盘
1939,11:10:00,15.8,17380,11,卖盘
1940,11:10:03,15.81,63220,40,买盘
1941,11:10:06,15.8,41098,26,卖盘
1942,11:10:09,15.8,154853,98,卖盘
1943,11:10:12,15.8,12640,8,卖盘
1944,11:10:15,15.8,44260,28,卖盘
1945,11:10:18,15.8,23700,15,卖盘
1946,11:10:21,15.8,14221,9,卖盘
1947,11:10:24,15.81,150160,95,买盘
1948,11:10:27,15.8,67958,43,卖盘
1949,11:10:30,15.8,175483,111,卖盘
1950,11:10:33,15.8,28445,18,卖盘
1951,11:10:36,15.81,86947,55,买盘
1952,11:10:39,15.8,1580,1,卖盘
1953,11:10:42,15.81,85362,54,买盘
1954,11:10:45,15.8,112233,71,卖盘
1955,11:10:48,15.81,71116,45,买盘
1956,11:10:51,15.81,229237,145,买盘
1957,11:10:54,15.81,453747,287,买盘
1958,11:10:57,15.81,161329,102,卖盘
1959,11:11:00,15.81,67993,43,卖盘
1960,11:11:03,15.81,161262,102,卖盘
1961,11:11:06,15.81,86991,55,卖盘
1962,11:11:12,15.81,128133,81,卖盘
1963,11:11:15,15.82,170774,108,买盘
1964,11:11:18,15.81,18972,12,卖盘
1965,11:11:21,15.81,4743,3,卖盘
1966,11:11:24,15.81,68018,43,卖盘
1967,11:11:27,15.81,31620,20,卖盘
1968,11:11:30,15.82,41123,26,买盘
1969,11:11:33,15.82,629626,398,买盘
1970,11:11:36,15.82,177156,112,买盘
1971,11:11:39,15.82,185084,117,买盘
1972,11:11:42,15.81,734040,464,卖盘
1973,11:11:45,15.82,50615,32,买盘
1974,11:11:48,15.81,131298,83,卖盘
1975,11:11:54,15.81,12648,8,卖盘
1976,11:11:57,15.82,42714,27,买盘
1977,11:12:00,15.82,156610,99,买盘
1978,11:12:03,15.81,716640,453,卖盘
1979,11:12:06,15.81,41124,26,卖盘
1980,11:12:09,15.82,115486,73,买盘
1981,11:12:12,15.82,666002,421,买盘
1982,11:12:15,15.82,33222,21,买盘
1983,11:12:18,15.82,139208,88,买盘
1984,11:12:21,15.82,289496,183,买盘
1985,11:12:24,15.82,170859,108,买盘
1986,11:12:27,15.82,11074,7,卖盘
1987,11:12:30,15.82,56984,36,卖盘
1988,11:12:33,15.82,11074,7,卖盘
1989,11:12:36,15.82,219898,139,卖盘
1990,11:12:39,15.82,61729,39,卖盘
1991,11:12:42,15.82,77518,49,卖盘
1992,11:12:45,15.83,72789,46,买盘
1993,11:12:51,15.82,158280,100,卖盘
1994,11:12:54,15.83,432159,273,买盘
1995,11:12:57,15.82,12656,8,卖盘
1996,11:13:00,15.82,156690,99,卖盘
1997,11:13:03,15.83,87011,55,买盘
1998,11:13:06,15.82,18984,12,卖盘
1999,11:13:09,15.83,30077,19,买盘
2000,11:13:12,15.83,693342,438,买盘
2001,11:13:15,15.82,158286,100,卖盘
2002,11:13:18,15.83,269110,170,买盘
2003,11:13:21,15.83,476396,301,买盘
2004,11:13:24,15.83,1317056,832,买盘
2005,11:13:27,15.83,194709,123,买盘
2006,11:13:30,15.83,476687,301,卖盘
2007,11:13:33,15.84,18998,12,买盘
2008,11:13:36,15.83,45931,29,卖盘
2009,11:13:39,15.84,9502,6,买盘
2010,11:13:42,15.84,670018,423,买盘
2011,11:13:45,15.84,269245,170,买盘
2012,11:13:48,15.84,107662,68,买盘
2013,11:13:51,15.84,183732,116,买盘
2014,11:13:54,15.84,506880,320,买盘
2015,11:13:57,15.83,121952,77,卖盘
2016,11:14:00,15.83,80756,51,卖盘
2017,11:14:03,15.83,1583,1,卖盘
2018,11:14:06,15.83,115572,73,卖盘
2019,11:14:12,15.83,47500,30,卖盘
2020,11:14:15,15.83,112393,71,卖盘
2021,11:14:18,15.83,79163,50,卖盘
2022,11:14:21,15.83,18996,12,卖盘
2023,11:14:24,15.83,38001,24,卖盘
2024,11:14:27,15.83,102930,65,卖盘
2025,11:14:30,15.83,37999,24,卖盘
2026,11:14:33,15.83,57003,36,卖盘
2027,11:14:36,15.83,159886,101,卖盘
2028,11:14:39,15.83,99747,63,卖盘
2029,11:14:42,15.83,224786,142,卖盘
2030,11:14:45,15.83,83930,53,卖盘
2031,11:14:48,15.83,106075,67,卖盘
2032,11:14:51,15.83,14247,9,卖盘
2033,11:14:54,15.83,55420,35,卖盘
2034,11:14:57,15.83,41170,26,卖盘
2035,11:15:00,15.83,63320,40,卖盘
2036,11:15:03,15.84,41177,26,买盘
2037,11:15:06,15.83,44331,28,卖盘
2038,11:15:09,15.83,9501,6,卖盘
2039,11:15:12,15.83,90240,57,卖盘
2040,11:15:15,15.84,164659,104,买盘
2041,11:15:18,15.83,52239,33,卖盘
2042,11:15:21,15.84,34845,22,买盘
2043,11:15:24,15.84,286693,181,买盘
2044,11:15:27,15.83,82344,52,卖盘
2045,11:15:30,15.83,6332,4,卖盘
2046,11:15:33,15.83,28494,18,卖盘
2047,11:15:36,15.83,294438,186,卖盘
2048,11:15:39,15.84,218488,138,买盘
2049,11:15:42,15.83,685848,433,卖盘
2050,11:15:45,15.84,188457,119,买盘
2051,11:15:48,15.83,17413,11,卖盘
2052,11:15:51,15.83,18996,12,卖盘
2053,11:15:54,15.84,83938,53,买盘
2054,11:15:57,15.84,33260,21,买盘
2055,11:16:00,15.84,145717,92,买盘
2056,11:16:03,15.84,584481,369,买盘
2057,11:16:06,15.83,280202,177,卖盘
2058,11:16:09,15.83,152046,96,卖盘
2059,11:16:12,15.83,297604,188,卖盘
2060,11:16:15,15.83,159883,101,卖盘
2061,11:16:18,15.83,102942,65,卖盘
2062,11:16:21,15.84,11082,7,买盘
2063,11:16:24,15.83,331047,209,卖盘
2064,11:16:27,15.83,95015,60,卖盘
2065,11:16:30,15.83,30077,19,卖盘
2066,11:16:33,15.84,14250,9,买盘
2067,11:16:36,15.83,1461126,923,卖盘
2068,11:16:39,15.83,204215,129,卖盘
2069,11:16:42,15.83,316755,200,卖盘
2070,11:16:45,15.83,55405,35,卖盘
2071,11:16:48,15.83,3166012,2000,卖盘
2072,11:16:51,15.83,180433,114,买盘
2073,11:16:54,15.83,189960,120,买盘
2074,11:16:57,15.83,193126,122,卖盘
2075,11:17:00,15.83,14247,9,卖盘
2076,11:17:03,15.83,228008,144,卖盘
2077,11:17:06,15.83,147219,93,卖盘
2078,11:17:09,15.84,99749,63,买盘
2079,11:17:12,15.83,774487,489,卖盘
2080,11:17:15,15.84,463910,293,买盘
2081,11:17:18,15.83,327681,207,卖盘
2082,11:17:21,15.83,90231,57,买盘
2083,11:17:24,15.83,158378,100,卖盘
2084,11:17:30,15.83,47490,30,卖盘
2085,11:17:33,15.83,31678,20,卖盘
2086,11:17:36,15.83,71235,45,卖盘
2087,11:17:39,15.83,39588,25,卖盘
2088,11:17:42,15.83,22162,14,卖盘
2089,11:17:45,15.83,33243,21,卖盘
2090,11:17:48,15.83,150401,95,卖盘
2091,11:17:54,15.83,41172,26,卖盘
2092,11:17:57,15.83,129806,82,卖盘
2093,11:18:00,15.83,15830,10,卖盘
2094,11:18:03,15.84,180512,114,买盘
2095,11:18:06,15.83,14247,9,卖盘
2096,11:18:09,15.83,38013,24,卖盘
2097,11:18:12,15.84,26919,17,买盘
2098,11:18:15,15.83,121891,77,卖盘
2099,11:18:18,15.84,540114,341,买盘
2100,11:18:21,15.84,147302,93,买盘
2101,11:18:24,15.84,636759,402,买盘
2102,11:18:27,15.84,356400,225,买盘
2103,11:18:30,15.84,167895,106,买盘
2104,11:18:33,15.84,565488,357,买盘
2105,11:18:36,15.84,107703,68,买盘
2106,11:18:39,15.83,167865,106,卖盘
2107,11:18:45,15.83,45907,29,卖盘
2108,11:18:48,15.83,134579,85,卖盘
2109,11:18:51,15.83,49073,31,卖盘
2110,11:18:54,15.84,123541,78,买盘
2111,11:18:57,15.83,20579,13,卖盘
2112,11:19:00,15.84,55422,35,买盘
2113,11:19:06,15.84,224914,142,买盘
2114,11:19:09,15.84,465696,294,买盘
2115,11:19:12,15.84,712800,450,买盘
2116,11:19:15,15.83,243932,154,卖盘
2117,11:19:18,15.84,66528,42,买盘
2118,11:19:21,15.83,373707,236,卖盘
2119,11:19:24,15.84,448122,283,买盘
2120,11:19:27,15.84,98158,62,买盘
2121,11:19:30,15.84,201675,127,买盘
2122,11:19:33,15.84,53856,34,卖盘
2123,11:19:36,15.84,26944,17,卖盘
2124,11:19:39,15.84,85539,54,卖盘
2125,11:19:42,15.84,26942,17,卖盘
2126,11:19:45,15.84,26928,17,卖盘
2127,11:19:48,15.85,14265,9,买盘
2128,11:19:51,15.85,161648,102,买盘
2129,11:19:54,15.85,557910,352,买盘
2130,11:19:57,15.84,858538,542,卖盘
2131,11:20:00,15.85,312185,197,买盘
2132,11:20:03,15.85,513537,324,买盘
2133,11:20:06,15.84,396034,250,卖盘
2134,11:20:09,15.84,168005,106,卖盘
2135,11:20:12,15.84,45939,29,卖盘
2136,11:20:15,15.84,36447,23,卖盘
2137,11:20:18,15.84,350085,221,卖盘
2138,11:20:21,15.85,91922,58,买盘
2139,11:20:24,15.84,516704,326,卖盘
2140,11:20:27,15.84,80787,51,卖盘
2141,11:20:30,15.84,207570,131,卖盘
2142,11:20:33,15.84,102961,65,卖盘
2143,11:20:36,15.85,64973,41,买盘
2144,11:20:39,15.84,74450,47,卖盘
2145,11:20:42,15.85,23775,15,买盘
2146,11:20:45,15.84,58615,37,卖盘
2147,11:20:48,15.84,365904,231,卖盘
2148,11:20:51,15.85,150528,95,买盘
2149,11:20:54,15.84,619664,391,卖盘
2150,11:20:57,15.85,117290,74,买盘
2151,11:21:00,15.84,58608,37,卖盘
2152,11:21:03,15.84,190172,120,卖盘
2153,11:21:06,15.84,7920,5,卖盘
2154,11:21:09,15.85,215447,136,买盘
2155,11:21:12,15.85,676768,427,买盘
2156,11:21:15,15.85,3170,2,买盘
2157,11:21:18,15.85,179081,113,买盘
2158,11:21:21,15.85,139472,88,买盘
2159,11:21:24,15.85,576940,364,买盘
2160,11:21:27,15.85,20597,13,买盘
2161,11:21:30,15.85,326447,206,买盘
2162,11:21:33,15.85,665600,420,买盘
2163,11:21:36,15.84,42784,27,卖盘
2164,11:21:39,15.85,616273,389,买盘
2165,11:21:42,15.85,670432,423,买盘
2166,11:21:45,15.85,207627,131,买盘
2167,11:21:48,15.84,28512,18,卖盘
2168,11:21:51,15.84,30097,19,卖盘
2169,11:21:54,15.85,20605,13,买盘
2170,11:22:00,15.85,95080,60,买盘
2171,11:22:03,15.84,831970,525,卖盘
2172,11:22:06,15.84,38022,24,卖盘
2173,11:22:09,15.85,126800,80,买盘
2174,11:22:12,15.85,735381,464,买盘
2175,11:22:15,15.84,160076,101,卖盘
2176,11:22:18,15.84,68115,43,卖盘
2177,11:22:21,15.84,28512,18,卖盘
2178,11:22:24,15.84,134654,85,卖盘
2179,11:22:27,15.84,34848,22,卖盘
2180,11:22:30,15.84,34848,22,卖盘
2181,11:22:33,15.84,85553,54,卖盘
2182,11:22:36,15.84,171072,108,卖盘
2183,11:22:39,15.85,44373,28,买盘
2184,11:22:42,15.85,721120,455,买盘
2185,11:22:45,15.84,2087211,1318,卖盘
2186,11:22:48,15.84,505288,319,买盘
2187,11:22:51,15.83,167893,106,卖盘
2188,11:22:54,15.84,131472,83,买盘
2189,11:22:57,15.83,131456,83,卖盘
2190,11:23:00,15.83,57008,36,卖盘
2191,11:23:03,15.84,34848,22,买盘
2192,11:23:06,15.84,26919,17,买盘
2193,11:23:09,15.83,63351,40,卖盘
2194,11:23:12,15.83,17413,11,卖盘
2195,11:23:15,15.83,156717,99,卖盘
2196,11:23:18,15.84,47520,30,买盘
2197,11:23:21,15.83,153632,97,卖盘
2198,11:23:24,15.84,58608,37,买盘
2199,11:23:27,15.84,193247,122,买盘
2200,11:23:30,15.84,77607,49,买盘
2201,11:23:33,15.85,425021,268,买盘
2202,11:23:36,15.84,87120,55,卖盘
2203,11:23:39,15.84,1124203,710,卖盘
2204,11:23:42,15.84,98208,62,中性盘
2205,11:23:45,15.85,256721,162,买盘
2206,11:23:48,15.84,15840,10,卖盘
2207,11:23:51,15.84,14256,9,卖盘
2208,11:23:54,15.84,185343,117,卖盘
2209,11:23:57,15.84,74448,47,卖盘
2210,11:24:00,15.85,351676,222,买盘
2211,11:24:03,15.85,144233,91,买盘
2212,11:24:06,15.84,88751,56,卖盘
2213,11:24:09,15.85,1148402,725,买盘
2214,11:24:12,15.84,646672,408,卖盘
2215,11:24:15,15.84,366090,231,卖盘
2216,11:24:21,15.84,25348,16,卖盘
2217,11:24:24,15.85,57052,36,买盘
2218,11:24:27,15.84,15840,10,卖盘
2219,11:24:30,15.84,42784,27,卖盘
2220,11:24:33,15.85,1077779,680,买盘
2221,11:24:36,15.84,72902,46,卖盘
2222,11:24:39,15.85,288470,182,买盘
2223,11:24:42,15.85,629235,397,买盘
2224,11:24:45,15.85,196540,124,买盘
2225,11:24:48,15.85,39615,25,买盘
2226,11:24:51,15.84,635284,401,卖盘
2227,11:24:54,15.84,11088,7,卖盘
2228,11:24:57,15.84,19008,12,卖盘
2229,11:25:00,15.84,123618,78,卖盘
2230,11:25:03,15.85,133121,84,买盘
2231,11:25:06,15.84,293116,185,卖盘
2232,11:25:09,15.85,17427,11,买盘
2233,11:25:12,15.85,713230,450,买盘
2234,11:25:15,15.84,144154,91,卖盘
2235,11:25:18,15.84,133139,84,卖盘
2236,11:25:21,15.85,41202,26,买盘
2237,11:25:24,15.84,614972,388,卖盘
2238,11:25:27,15.84,3492724,2205,卖盘
2239,11:25:30,15.84,210672,133,买盘
2240,11:25:33,15.84,247096,156,买盘
2241,11:25:36,15.84,93500,59,卖盘
2242,11:25:39,15.84,22176,14,卖盘
2243,11:25:42,15.85,26945,17,买盘
2244,11:25:45,15.84,25344,16,卖盘
2245,11:25:48,15.84,120397,76,卖盘
2246,11:25:51,15.84,324720,205,卖盘
2247,11:25:54,15.84,215424,136,卖盘
2248,11:25:57,15.84,145802,92,卖盘
2249,11:26:00,15.84,95040,60,卖盘
2250,11:26:03,15.84,71303,45,卖盘
2251,11:26:06,15.84,1254528,792,卖盘
2252,11:26:09,15.84,309044,195,卖盘
2253,11:26:12,15.85,272449,172,买盘
2254,11:26:15,15.85,186960,118,买盘
2255,11:26:18,15.85,11091,7,买盘
2256,11:26:21,15.85,209168,132,买盘
2257,11:26:24,15.85,643490,406,买盘
2258,11:26:27,15.84,26928,17,卖盘
2259,11:26:30,15.85,112531,71,买盘
2260,11:26:33,15.84,535712,338,卖盘
2261,11:26:36,15.84,126791,80,卖盘
2262,11:26:39,15.84,82368,52,卖盘
2263,11:26:42,15.84,25344,16,卖盘
2264,11:26:45,15.84,231293,146,卖盘
2265,11:26:48,15.84,7920,5,卖盘
2266,11:26:51,15.84,175852,111,卖盘
2267,11:26:57,15.85,57042,36,买盘
2268,11:27:00,15.84,15840,10,卖盘
2269,11:27:03,15.84,182240,115,卖盘
2270,11:27:06,15.84,351690,222,卖盘
2271,11:27:09,15.84,1584,1,卖盘
2272,11:27:12,15.84,396044,250,卖盘
2273,11:27:15,15.85,605095,382,买盘
2274,11:27:18,15.85,318499,201,买盘
2275,11:27:21,15.85,187025,118,买盘
2276,11:27:24,15.85,559495,353,买盘
2277,11:27:27,15.85,38036,24,买盘
2278,11:27:30,15.84,293107,185,卖盘
2279,11:27:33,15.85,63400,40,买盘
2280,11:27:36,15.84,14256,9,卖盘
2281,11:27:39,15.84,142600,90,卖盘
2282,11:27:45,15.84,28527,18,卖盘
2283,11:27:48,15.85,7925,5,买盘
2284,11:27:51,15.85,93510,59,买盘
2285,11:27:54,15.84,1679930,1060,卖盘
2286,11:27:57,15.84,117277,74,卖盘
2287,11:28:00,15.84,378787,239,卖盘
2288,11:28:03,15.85,169595,107,买盘
2289,11:28:06,15.84,221836,140,卖盘
2290,11:28:09,15.85,74462,47,买盘
2291,11:28:12,15.85,412100,260,买盘
2292,11:28:15,15.85,25360,16,卖盘
2293,11:28:18,15.85,331309,209,卖盘
2294,11:28:21,15.85,461235,291,卖盘
2295,11:28:24,15.85,125290,79,卖盘
2296,11:28:27,15.85,23776,15,卖盘
2297,11:28:30,15.85,166426,105,卖盘
2298,11:28:33,15.86,104646,66,买盘
2299,11:28:36,15.85,19020,12,卖盘
2300,11:28:39,15.85,4755,3,卖盘
2301,11:28:42,15.85,52322,33,卖盘
2302,11:28:45,15.85,38040,24,卖盘
2303,11:28:48,15.86,85603,54,买盘
2304,11:28:51,15.86,122117,77,买盘
2305,11:28:54,15.85,751594,474,卖盘
2306,11:28:57,15.85,61824,39,卖盘
2307,11:29:00,15.85,191483,121,卖盘
2308,11:29:03,15.86,131561,83,买盘
2309,11:29:06,15.86,79295,50,买盘
2310,11:29:09,15.85,77704,49,卖盘
2311,11:29:12,15.85,166441,105,卖盘
2312,11:29:15,15.86,7930,5,买盘
2313,11:29:18,15.86,190249,120,买盘
2314,11:29:21,15.86,63440,40,买盘
2315,11:29:24,15.85,507495,320,卖盘
2316,11:29:27,15.86,125294,79,买盘
2317,11:29:30,15.85,4755,3,卖盘
2318,11:29:33,15.86,69780,44,买盘
2319,11:29:36,15.85,87194,55,卖盘
2320,11:29:39,15.85,25366,16,卖盘
2321,11:29:42,15.85,39628,25,卖盘
2322,11:29:45,15.85,61844,39,卖盘
2323,11:29:48,15.85,9510,6,卖盘
2324,11:29:51,15.86,120469,76,买盘
2325,11:29:54,15.85,667591,421,卖盘
2326,11:29:57,15.85,33291,21,卖盘
2327,11:30:00,15.86,123698,78,买盘
2328,13:00:00,15.85,485010,306,卖盘
2329,13:00:03,15.85,2487612,1569,卖盘
2330,13:00:06,15.83,3470409,2190,卖盘
2331,13:00:09,15.85,749382,473,买盘
2332,13:00:12,15.84,1194716,754,卖盘
2333,13:00:15,15.84,129888,82,卖盘
2334,13:00:18,15.85,348651,220,买盘
2335,13:00:21,15.85,2007174,1268,买盘
2336,13:00:24,15.84,412060,260,卖盘
2337,13:00:27,15.84,57024,36,买盘
2338,13:00:30,15.84,118803,75,中性盘
2339,13:00:33,15.84,22176,14,买盘
2340,13:00:36,15.84,53871,34,卖盘
2341,13:00:39,15.84,44352,28,卖盘
2342,13:00:42,15.84,155232,98,卖盘
2343,13:00:45,15.85,55469,35,买盘
2344,13:00:48,15.84,657360,415,卖盘
2345,13:00:51,15.84,160051,101,卖盘
2346,13:00:54,15.84,190099,120,卖盘
2347,13:00:57,15.84,82395,52,卖盘
2348,13:01:00,15.84,3168,2,卖盘
2349,13:01:03,15.84,674784,426,卖盘
2350,13:01:06,15.84,147387,93,卖盘
2351,13:01:09,15.84,50688,32,卖盘
2352,13:01:12,15.84,68103,43,买盘
2353,13:01:15,15.84,1584,1,卖盘
2354,13:01:18,15.84,236031,149,卖盘
2355,13:01:21,15.84,243936,154,卖盘
2356,13:01:24,15.84,104544,66,卖盘
2357,13:01:27,15.84,294678,186,卖盘
2358,13:01:30,15.84,161568,102,卖盘
2359,13:01:33,15.84,102999,65,卖盘
2360,13:01:36,15.84,83958,53,卖盘
2361,13:01:39,15.85,60209,38,买盘
2362,13:01:42,15.84,386736,244,卖盘
2363,13:01:45,15.84,31680,20,卖盘
2364,13:01:48,15.84,163200,103,卖盘
2365,13:01:51,15.84,12672,8,卖盘
2366,13:01:54,15.84,77631,49,卖盘
2367,13:01:57,15.84,47523,30,卖盘
2368,13:02:00,15.84,26943,17,卖盘
2369,13:02:03,15.85,248842,157,买盘
2370,13:02:06,15.85,431120,272,买盘
2371,13:02:09,15.84,52280,33,卖盘
2372,13:02:12,15.85,142636,90,买盘
2373,13:02:15,15.84,17425,11,卖盘
2374,13:02:18,15.85,30105,19,买盘
2375,13:02:21,15.85,408912,258,买盘
2376,13:02:24,15.84,101420,64,卖盘
2377,13:02:27,15.84,9504,6,卖盘
2378,13:02:30,15.84,212256,134,卖盘
2379,13:02:33,15.84,50719,32,卖盘
2380,13:02:36,15.84,114048,72,卖盘
2381,13:02:39,15.84,140992,89,卖盘
2382,13:02:42,15.84,20595,13,卖盘
2383,13:02:45,15.84,33281,21,卖盘
2384,13:02:48,15.84,52272,33,卖盘
2385,13:02:54,15.84,36432,23,卖盘
2386,13:02:57,15.84,34866,22,卖盘
2387,13:03:00,15.84,63360,40,卖盘
2388,13:03:03,15.84,47520,30,卖盘
2389,13:03:06,15.84,236048,149,卖盘
2390,13:03:09,15.84,2165328,1367,卖盘
2391,13:03:12,15.84,644688,407,卖盘
2392,13:03:15,15.84,492914,311,卖盘
2393,13:03:18,15.84,80784,51,卖盘
2394,13:03:21,15.84,142562,90,卖盘
2395,13:03:24,15.84,12673,8,卖盘
2396,13:03:27,15.85,39620,25,买盘
2397,13:03:30,15.85,210792,133,买盘
2398,13:03:33,15.84,144224,91,卖盘
2399,13:03:36,15.85,68153,43,买盘
2400,13:03:39,15.84,218592,138,卖盘
2401,13:03:42,15.85,53885,34,买盘
2402,13:03:45,15.84,158400,100,卖盘
2403,13:03:48,15.85,63383,40,买盘
2404,13:03:51,15.85,323336,204,买盘
2405,13:03:54,15.85,15850,10,买盘
2406,13:03:57,15.85,64985,41,买盘
2407,13:04:00,15.85,215557,136,买盘
2408,13:04:03,15.84,193354,122,卖盘
2409,13:04:06,15.84,41184,26,卖盘
2410,13:04:09,15.85,96648,61,买盘
2411,13:04:12,15.84,326504,206,卖盘
2412,13:04:15,15.84,161608,102,卖盘
2413,13:04:21,15.85,39618,25,买盘
2414,13:04:24,15.85,307362,194,买盘
2415,13:04:27,15.84,6336,4,卖盘
2416,13:04:30,15.85,83983,53,买盘
2417,13:04:36,15.84,23760,15,卖盘
2418,13:04:39,15.84,12672,8,卖盘
2419,13:04:42,15.85,25360,16,买盘
2420,13:04:45,15.84,28512,18,卖盘
2421,13:04:48,15.84,12672,8,卖盘
2422,13:04:51,15.84,50699,32,卖盘
2423,13:04:54,15.84,60201,38,卖盘
2424,13:04:57,15.85,30107,19,买盘
2425,13:05:00,15.85,182259,115,买盘
2426,13:05:03,15.85,198125,125,买盘
2427,13:05:06,15.84,251937,159,卖盘
2428,13:05:09,15.84,58625,37,卖盘
2429,13:05:12,15.84,61807,39,卖盘
2430,13:05:15,15.84,42771,27,卖盘
2431,13:05:18,15.84,6339,4,卖盘
2432,13:05:21,15.84,25344,16,卖盘
2433,13:05:24,15.85,39607,25,买盘
2434,13:05:27,15.85,33280,21,买盘
2435,13:05:30,15.85,96672,61,买盘
2436,13:05:33,15.85,440630,278,买盘
2437,13:05:36,15.84,33271,21,卖盘
2438,13:05:39,15.84,99852,63,卖盘
2439,13:05:42,15.85,104610,66,买盘
2440,13:05:45,15.85,117289,74,买盘
2441,13:05:48,15.85,110932,70,买盘
2442,13:05:51,15.85,385129,243,买盘
2443,13:05:54,15.85,381985,241,买盘
2444,13:05:57,15.85,1654359,1044,买盘
2445,13:06:00,15.86,390091,246,买盘
2446,13:06:03,15.85,515440,325,卖盘
2447,13:06:06,15.85,84007,53,卖盘
2448,13:06:09,15.86,42822,27,买盘
2449,13:06:12,15.86,317200,200,买盘
2450,13:06:15,15.85,161702,102,卖盘
2451,13:06:18,15.85,7927,5,卖盘
2452,13:06:21,15.85,64985,41,卖盘
2453,13:06:24,15.85,50737,32,卖盘
2454,13:06:27,15.85,19022,12,卖盘
2455,13:06:30,15.85,25360,16,卖盘
2456,13:06:33,15.85,3170,2,卖盘
2457,13:06:36,15.86,550329,347,买盘
2458,13:06:39,15.85,125284,79,卖盘
2459,13:06:42,15.85,22191,14,卖盘
2460,13:06:45,15.85,4755,3,卖盘
2461,13:06:48,15.85,220317,139,卖盘
2462,13:06:51,15.85,57086,36,卖盘
2463,13:06:54,15.85,107790,68,卖盘
2464,13:06:57,15.86,502456,317,买盘
2465,13:07:00,15.86,177560,112,买盘
2466,13:07:03,15.85,333010,210,卖盘
2467,13:07:06,15.85,206154,130,卖盘
2468,13:07:09,15.85,17435,11,卖盘
2469,13:07:12,15.85,47550,30,卖盘
2470,13:07:15,15.85,275790,174,卖盘
2471,13:07:18,15.86,69784,44,买盘
2472,13:07:21,15.86,390113,246,买盘
2473,13:07:24,15.86,103082,65,买盘
2474,13:07:27,15.85,61815,39,卖盘
2475,13:07:30,15.85,158500,100,卖盘
2476,13:07:33,15.85,256797,162,卖盘
2477,13:07:36,15.85,58654,37,卖盘
2478,13:07:39,15.86,80861,51,买盘
2479,13:07:42,15.85,342560,216,卖盘
2480,13:07:45,15.86,88796,56,买盘
2481,13:07:48,15.85,1739312,1097,卖盘
2482,13:07:51,15.86,61854,39,买盘
2483,13:07:54,15.86,280722,177,买盘
2484,13:08:00,15.85,14265,9,卖盘
2485,13:08:03,15.85,323539,204,卖盘
2486,13:08:06,15.85,212422,134,卖盘
2487,13:08:09,15.85,12680,8,卖盘
2488,13:08:12,15.85,7925,5,卖盘
2489,13:08:15,15.85,66587,42,卖盘
2490,13:08:18,15.85,71331,45,卖盘
2491,13:08:21,15.86,49138,31,买盘
2492,13:08:24,15.86,87213,55,买盘
2493,13:08:27,15.85,57079,36,卖盘
2494,13:08:30,15.85,79250,50,卖盘
2495,13:08:33,15.85,228261,144,卖盘
2496,13:08:36,15.85,50720,32,卖盘
2497,13:08:39,15.85,39648,25,卖盘
2498,13:08:42,15.85,31709,20,卖盘
2499,13:08:45,15.85,41210,26,卖盘
2500,13:08:48,15.85,17435,11,卖盘
2501,13:08:51,15.85,4755,3,卖盘
2502,13:08:54,15.85,25360,16,卖盘
2503,13:08:57,15.85,2379097,1501,卖盘
2504,13:09:00,15.85,576940,364,卖盘
2505,13:09:03,15.85,965540,609,卖盘
2506,13:09:06,15.84,293121,185,卖盘
2507,13:09:09,15.85,267774,169,买盘
2508,13:09:12,15.84,232968,147,卖盘
2509,13:09:15,15.84,4752,3,卖盘
2510,13:09:18,15.84,1283087,810,卖盘
2511,13:09:21,15.84,323135,204,买盘
2512,13:09:24,15.83,540128,341,卖盘
2513,13:09:27,15.83,58605,37,卖盘
2514,13:09:30,15.84,101370,64,买盘
2515,13:09:33,15.83,1329720,840,卖盘
2516,13:09:36,15.84,137726,87,买盘
2517,13:09:39,15.84,31670,20,买盘
2518,13:09:42,15.85,588996,372,买盘
2519,13:09:45,15.85,22188,14,买盘
2520,13:09:48,15.85,91926,58,买盘
2521,13:09:51,15.85,206050,130,买盘
2522,13:09:54,15.85,25360,16,买盘
2523,13:09:57,15.85,15845,10,买盘
2524,13:10:03,15.85,505586,319,买盘
2525,13:10:06,15.85,179105,113,买盘
2526,13:10:12,15.84,206040,130,卖盘
2527,13:10:15,15.85,50720,32,买盘
2528,13:10:18,15.85,299495,189,买盘
2529,13:10:21,15.85,710080,448,买盘
2530,13:10:24,15.86,202990,128,买盘
2531,13:10:27,15.85,2324155,1466,卖盘
2532,13:10:30,15.86,1192145,752,买盘
2533,13:10:33,15.85,55481,35,卖盘
2534,13:10:36,15.86,133224,84,买盘
2535,13:10:39,15.85,33291,21,卖盘
2536,13:10:42,15.85,47550,30,卖盘
2537,13:10:45,15.86,93560,59,买盘
2538,13:10:48,15.85,1629396,1028,卖盘
2539,13:10:51,15.85,331257,209,买盘
2540,13:10:54,15.85,288470,182,买盘
2541,13:10:57,15.85,7925,5,买盘
2542,13:11:03,15.85,217145,137,买盘
2543,13:11:06,15.84,1238711,782,卖盘
2544,13:11:09,15.83,163151,103,卖盘
2545,13:11:12,15.85,280529,177,买盘
2546,13:11:18,15.84,7920,5,卖盘
2547,13:11:21,15.85,174274,110,买盘
2548,13:11:24,15.85,45961,29,买盘
2549,13:11:27,15.85,204420,129,买盘
2550,13:11:30,15.84,50707,32,卖盘
2551,13:11:33,15.84,270984,171,卖盘
2552,13:11:36,15.84,72892,46,卖盘
2553,13:11:39,15.84,22176,14,卖盘
2554,13:11:42,15.84,11088,7,卖盘
2555,13:11:48,15.84,38023,24,卖盘
2556,13:11:51,15.84,3168,2,卖盘
2557,13:11:54,15.85,38025,24,买盘
2558,13:11:57,15.84,26928,17,卖盘
2559,13:12:00,15.85,15842,10,买盘
2560,13:12:03,15.84,58608,37,卖盘
2561,13:12:06,15.85,19020,12,买盘
2562,13:12:12,15.84,185408,117,卖盘
2563,13:12:15,15.84,161593,102,卖盘
2564,13:12:18,15.84,31680,20,卖盘
2565,13:12:21,15.84,49120,31,卖盘
2566,13:12:24,15.84,30102,19,卖盘
2567,13:12:27,15.84,7920,5,卖盘
2568,13:12:30,15.85,4755,3,买盘
2569,13:12:33,15.84,42768,27,卖盘
2570,13:12:36,15.84,52282,33,卖盘
2571,13:12:42,15.84,31680,20,卖盘
2572,13:12:48,15.84,49104,31,卖盘
2573,13:12:51,15.84,733408,463,卖盘
2574,13:12:54,15.84,475280,300,卖盘
2575,13:13:00,15.84,68102,43,买盘
2576,13:13:03,15.84,126720,80,买盘
2577,13:13:06,15.83,7915,5,卖盘
2578,13:13:09,15.84,22176,14,买盘
2579,13:13:12,15.84,137808,87,买盘
2580,13:13:15,15.83,36422,23,卖盘
2581,13:13:21,15.83,2038520,1288,卖盘
2582,13:13:24,15.82,42714,27,中性盘
2583,13:13:27,15.82,110736,70,买盘
2584,13:13:30,15.81,75942,48,卖盘
2585,13:13:33,15.81,212028,134,卖盘
2586,13:13:36,15.81,77498,49,卖盘
2587,13:13:39,15.81,1581,1,卖盘
2588,13:13:42,15.82,56952,36,买盘
2589,13:13:45,15.82,22148,14,买盘
2590,13:13:51,15.82,137634,87,买盘
2591,13:13:54,15.82,33222,21,买盘
2592,13:13:57,15.82,34804,22,买盘
2593,13:14:00,15.82,17402,11,买盘
2594,13:14:03,15.83,99674,63,买盘
2595,13:14:06,15.83,200928,127,买盘
2596,13:14:09,15.82,7910,5,卖盘
2597,13:14:12,15.82,60146,38,卖盘
2598,13:14:21,15.82,123396,78,卖盘
2599,13:14:24,15.82,150314,95,卖盘
2600,13:14:30,15.83,22162,14,买盘
2601,13:14:33,15.82,18990,12,卖盘
2602,13:14:36,15.82,47460,30,卖盘
2603,13:14:39,15.82,145558,92,卖盘
2604,13:14:42,15.82,150290,95,卖盘
2605,13:14:45,15.82,66473,42,卖盘
2606,13:14:48,15.82,12656,8,卖盘
2607,13:14:51,15.82,60122,38,卖盘
2608,13:14:54,15.82,200928,127,卖盘
2609,13:14:57,15.82,66444,42,卖盘
2610,13:15:00,15.81,238876,151,卖盘
2611,13:15:03,15.82,126560,80,买盘
2612,13:15:06,15.82,82264,52,买盘
2613,13:15:09,15.81,31627,20,卖盘
2614,13:15:12,15.82,3164,2,买盘
2615,13:15:15,15.82,52186,33,买盘
2616,13:15:18,15.81,12648,8,卖盘
2617,13:15:21,15.81,39525,25,卖盘
2618,13:15:24,15.81,28472,18,卖盘
2619,13:15:33,15.81,49011,31,卖盘
2620,13:15:36,15.82,31632,20,买盘
2621,13:15:39,15.81,83793,53,卖盘
2622,13:15:45,15.82,22148,14,买盘
2623,13:15:48,15.81,15810,10,卖盘
2624,13:15:51,15.81,30039,19,卖盘
2625,13:15:54,15.81,143871,91,卖盘
2626,13:15:57,15.81,96468,61,卖盘
2627,13:16:00,15.81,344658,218,卖盘
2628,13:16:03,15.81,749395,474,卖盘
2629,13:16:09,15.81,105927,67,买盘
2630,13:16:12,15.8,159660,101,卖盘
2631,13:16:15,15.81,31620,20,买盘
2632,13:16:18,15.8,93220,59,卖盘
2633,13:16:21,15.81,282989,179,买盘
2634,13:16:24,15.81,110712,70,卖盘
2635,13:16:27,15.81,52173,33,卖盘
2636,13:16:30,15.81,61671,39,卖盘
2637,13:16:33,15.81,80631,51,卖盘
2638,13:16:36,15.81,115429,73,卖盘
2639,13:16:39,15.81,74307,47,卖盘
2640,13:16:42,15.81,52173,33,卖盘
2641,13:16:45,15.81,112277,71,卖盘
2642,13:16:48,15.81,137547,87,卖盘
2643,13:16:51,15.81,265631,168,卖盘
2644,13:16:54,15.81,30039,19,卖盘
2645,13:16:57,15.82,925394,585,买盘
2646,13:17:00,15.81,88536,56,中性盘
2647,13:17:03,15.81,359042,227,卖盘
2648,13:17:06,15.81,20553,13,买盘
2649,13:17:09,15.81,121763,77,卖盘
2650,13:17:12,15.81,47417,30,卖盘
2651,13:17:15,15.81,74323,47,卖盘
2652,13:17:18,15.81,56916,36,卖盘
2653,13:17:21,15.81,82212,52,买盘
2654,13:17:24,15.81,9486,6,卖盘
2655,13:17:27,15.81,56916,36,卖盘
2656,13:17:30,15.81,26877,17,买盘
2657,13:17:33,15.81,126480,80,买盘
2658,13:17:39,15.81,55330,35,买盘
2659,13:17:42,15.81,161262,102,中性盘
2660,13:17:45,15.81,74323,47,卖盘
2661,13:17:48,15.8,15804,10,卖盘
2662,13:17:54,15.8,7900,5,卖盘
2663,13:17:57,15.8,58472,37,卖盘
2664,13:18:03,15.81,237084,150,买盘
2665,13:18:06,15.8,79043,50,卖盘
2666,13:18:09,15.81,86955,55,买盘
2667,13:18:12,15.81,178667,113,卖盘
2668,13:18:15,15.81,12648,8,卖盘
2669,13:18:18,15.81,66421,42,卖盘
2670,13:18:21,15.81,17391,11,卖盘
2671,13:18:24,15.81,94860,60,卖盘
2672,13:18:27,15.82,26894,17,买盘
2673,13:18:30,15.81,3162,2,卖盘
2674,13:18:33,15.81,221440,140,卖盘
2675,13:18:36,15.82,49032,31,买盘
2676,13:18:39,15.82,9488,6,买盘
2677,13:18:42,15.81,145532,92,卖盘
2678,13:18:45,15.81,55352,35,卖盘
2679,13:18:48,15.81,12648,8,卖盘
2680,13:18:51,15.81,41130,26,卖盘
2681,13:18:54,15.81,1581,1,卖盘
2682,13:19:00,15.81,22134,14,卖盘
2683,13:19:03,15.81,7905,5,卖盘
2684,13:19:06,15.82,61698,39,买盘
2685,13:19:09,15.81,12648,8,卖盘
2686,13:19:15,15.81,20553,13,卖盘
2687,13:19:18,15.82,3164,2,买盘
2688,13:19:21,15.82,126560,80,买盘
2689,13:19:24,15.82,208801,132,买盘
2690,13:19:27,15.82,4746,3,买盘
2691,13:19:30,15.81,77490,49,卖盘
2692,13:19:39,15.81,15810,10,卖盘
2693,13:19:42,15.82,9492,6,买盘
2694,13:19:45,15.81,139128,88,卖盘
2695,13:19:48,15.82,31640,20,买盘
2696,13:19:51,15.81,151860,96,卖盘
2697,13:19:54,15.81,50592,32,卖盘
2698,13:19:57,15.82,30058,19,买盘
2699,13:20:00,15.81,107508,68,卖盘
2700,13:20:03,15.81,207191,131,卖盘
2701,13:20:06,15.81,49041,31,卖盘
2702,13:20:09,15.81,12648,8,卖盘
2703,13:20:12,15.8,1906145,1206,卖盘
2704,13:20:15,15.8,871027,551,卖盘
2705,13:20:18,15.8,25280,16,买盘
2706,13:20:21,15.8,3160,2,卖盘
2707,13:20:24,15.81,39525,25,买盘
2708,13:20:33,15.8,238660,151,卖盘
2709,13:20:36,15.81,18972,12,买盘
2710,13:20:42,15.81,186520,118,买盘
2711,13:20:45,15.81,20553,13,买盘
2712,13:20:48,15.8,71100,45,卖盘
2713,13:21:00,15.8,12640,8,卖盘
2714,13:21:03,15.8,1580,1,卖盘
2715,13:21:06,15.81,17390,11,买盘
2716,13:21:09,15.81,14229,9,买盘
2717,13:21:12,15.8,172310,109,卖盘
2718,13:21:18,15.81,26877,17,买盘
2719,13:21:21,15.81,151768,96,买盘
2720,13:21:24,15.81,6324,4,买盘
2721,13:21:27,15.81,17391,11,卖盘
2722,13:21:33,15.81,128061,81,买盘
2723,13:21:36,15.81,20553,13,买盘
2724,13:21:39,15.8,36340,23,卖盘
2725,13:21:42,15.8,12640,8,卖盘
2726,13:21:51,15.8,23700,15,卖盘
2727,13:21:57,15.8,7900,5,卖盘
2728,13:22:00,15.81,39512,25,买盘
2729,13:22:03,15.81,199202,126,买盘
2730,13:22:06,15.81,41102,26,买盘
2731,13:22:12,15.81,135960,86,买盘
2732,13:22:15,15.81,39525,25,买盘
2733,13:22:18,15.81,12648,8,买盘
2734,13:22:21,15.81,56897,36,买盘
2735,13:22:24,15.8,121723,77,卖盘
2736,13:22:27,15.8,44261,28,卖盘
2737,13:22:33,15.8,1580,1,卖盘
2738,13:22:36,15.81,14221,9,买盘
2739,13:22:39,15.8,4740,3,卖盘
2740,13:22:42,15.8,6320,4,卖盘
2741,13:23:00,15.8,25280,16,卖盘
2742,13:23:06,15.8,61620,39,卖盘
2743,13:23:12,15.8,7900,5,卖盘
2744,13:23:15,15.8,383953,243,卖盘
2745,13:23:18,15.79,783675,496,卖盘
2746,13:23:21,15.8,172219,109,买盘
2747,13:23:30,15.79,33159,21,卖盘
2748,13:23:33,15.79,94740,60,卖盘
2749,13:23:36,15.8,20539,13,买盘
2750,13:23:39,15.79,9474,6,卖盘
2751,13:23:42,15.8,9480,6,买盘
2752,13:23:45,15.79,14214,9,卖盘
2753,13:23:48,15.8,7900,5,买盘
2754,13:23:51,15.8,126400,80,买盘
2755,13:23:54,15.8,25280,16,买盘
2756,13:23:57,15.8,206980,131,买盘
2757,13:24:00,15.8,213300,135,买盘
2758,13:24:03,15.8,131140,83,买盘
2759,13:24:06,15.8,50560,32,卖盘
2760,13:24:09,15.8,79000,50,买盘
2761,13:24:12,15.8,143780,91,买盘
2762,13:24:15,15.8,23700,15,买盘
2763,13:24:21,15.8,407551,258,买盘
2764,13:24:24,15.8,61620,39,买盘
2765,13:24:33,15.8,127979,81,买盘
2766,13:24:36,15.79,23697,15,卖盘
2767,13:24:39,15.79,716866,454,卖盘
2768,13:24:42,15.79,52107,33,买盘
2769,13:24:48,15.8,23700,15,买盘
2770,13:24:51,15.8,129558,82,买盘
2771,13:24:54,15.8,44225,28,买盘
2772,13:24:57,15.79,14211,9,卖盘
2773,13:25:03,15.79,1579,1,卖盘
2774,13:25:06,15.79,3158,2,卖盘
2775,13:25:12,15.8,9480,6,买盘
2776,13:25:15,15.79,56847,36,卖盘
2777,13:25:21,15.8,9480,6,买盘
2778,13:25:24,15.79,72647,46,卖盘
2779,13:25:27,15.79,12632,8,卖盘
2780,13:25:30,15.79,25264,16,卖盘
2781,13:25:33,15.79,9474,6,卖盘
2782,13:25:39,15.79,4737,3,卖盘
2783,13:25:45,15.79,12632,8,卖盘
2784,13:25:48,15.79,806869,511,卖盘
2785,13:25:51,15.79,113664,72,买盘
2786,13:25:54,15.8,33175,21,买盘
2787,13:25:57,15.79,9474,6,卖盘
2788,13:26:00,15.79,75792,48,卖盘
2789,13:26:03,15.79,36317,23,买盘
2790,13:26:09,15.79,34738,22,卖盘
2791,13:26:12,15.79,258956,164,卖盘
2792,13:26:15,15.79,112105,71,买盘
2793,13:26:18,15.79,41054,26,卖盘
2794,13:26:21,15.79,17369,11,中性盘
2795,13:26:24,15.79,153159,97,卖盘
2796,13:26:30,15.78,369266,234,卖盘
2797,13:26:33,15.78,82277,52,卖盘
2798,13:26:36,15.78,157843,100,卖盘
2799,13:26:39,15.78,11046,7,卖盘
2800,13:26:42,15.78,4734,3,卖盘
2801,13:26:45,15.78,39462,25,卖盘
2802,13:26:48,15.78,233544,148,卖盘
2803,13:26:51,15.78,190960,121,卖盘
2804,13:26:54,15.78,74161,47,买盘
2805,13:26:57,15.78,74164,47,买盘
2806,13:27:00,15.78,135670,86,卖盘
2807,13:27:06,15.79,28422,18,买盘
2808,13:27:09,15.78,7890,5,卖盘
2809,13:27:12,15.78,359784,228,卖盘
2810,13:27:15,15.78,100980,64,买盘
2811,13:27:18,15.78,34713,22,买盘
2812,13:27:21,15.78,217736,138,买盘
2813,13:27:24,15.77,72571,46,卖盘
2814,13:27:30,15.78,22084,14,买盘
2815,13:27:33,15.78,149906,95,买盘
2816,13:27:36,15.78,179891,114,买盘
2817,13:27:39,15.78,63120,40,卖盘
2818,13:27:42,15.78,396099,251,卖盘
2819,13:27:45,15.77,17347,11,卖盘
2820,13:27:51,15.78,77310,49,买盘
2821,13:27:57,15.78,4734,3,买盘
2822,13:28:00,15.77,12616,8,卖盘
2823,13:28:03,15.78,222498,141,买盘
2824,13:28:06,15.77,66264,42,卖盘
2825,13:28:09,15.77,1577,1,卖盘
2826,13:28:12,15.77,23655,15,卖盘
2827,13:28:15,15.77,37848,24,卖盘
2828,13:28:21,15.77,53619,34,卖盘
2829,13:28:24,15.78,31557,20,买盘
2830,13:28:27,15.77,37848,24,卖盘
2831,13:28:30,15.77,12616,8,卖盘
2832,13:28:33,15.77,7885,5,卖盘
2833,13:28:36,15.77,3154,2,卖盘
2834,13:28:39,15.77,26819,17,卖盘
2835,13:28:42,15.77,7885,5,卖盘
2836,13:28:45,15.77,1603809,1017,卖盘
2837,13:28:48,15.78,339210,215,买盘
2838,13:28:51,15.78,175147,111,买盘
2839,13:28:54,15.77,15770,10,卖盘
2840,13:28:57,15.78,45762,29,买盘
2841,13:29:00,15.77,12616,8,卖盘
2842,13:29:03,15.77,160954,102,卖盘
2843,13:29:06,15.78,29982,19,买盘
2844,13:29:09,15.77,15770,10,卖盘
2845,13:29:12,15.77,14193,9,卖盘
2846,13:29:15,15.77,3154,2,卖盘
2847,13:29:18,15.77,72542,46,卖盘
2848,13:29:21,15.77,521987,331,卖盘
2849,13:29:24,15.77,12616,8,卖盘
2850,13:29:27,15.77,89938,57,卖盘
2851,13:29:33,15.77,130891,83,卖盘
2852,13:29:36,15.77,47326,30,卖盘
2853,13:29:39,15.77,4731,3,卖盘
2854,13:29:45,15.77,215832,137,卖盘
2855,13:29:48,15.76,261646,166,卖盘
2856,13:29:54,15.77,45726,29,买盘
2857,13:29:57,15.76,6304,4,卖盘
2858,13:30:00,15.76,12608,8,卖盘
2859,13:30:06,15.77,134045,85,买盘
2860,13:30:09,15.76,181274,115,卖盘
2861,13:30:12,15.76,173362,110,卖盘
2862,13:30:15,15.76,78832,50,卖盘
2863,13:30:24,15.76,17338,11,卖盘
2864,13:30:30,15.76,23641,15,卖盘
2865,13:30:33,15.76,6307,4,卖盘
2866,13:30:36,15.76,33109,21,卖盘
2867,13:30:39,15.76,3153,2,卖盘
2868,13:30:45,15.76,111897,71,卖盘
2869,13:30:48,15.76,39417,25,卖盘
2870,13:30:51,15.77,1291784,819,买盘
2871,13:30:54,15.78,533359,338,买盘
2872,13:30:57,15.78,459122,291,卖盘
2873,13:31:00,15.79,996349,631,买盘
2874,13:31:03,15.79,11053,7,卖盘
2875,13:31:06,15.8,173800,110,买盘
2876,13:31:09,15.8,1262416,799,买盘
2877,13:31:12,15.8,1580,1,卖盘
2878,13:31:15,15.81,267139,169,买盘
2879,13:31:18,15.8,9480,6,卖盘
2880,13:31:21,15.81,464814,294,买盘
2881,13:31:24,15.81,17391,11,买盘
2882,13:31:27,15.81,36363,23,卖盘
2883,13:31:30,15.82,147033,93,买盘
2884,13:31:33,15.81,205530,130,卖盘
2885,13:31:36,15.82,34804,22,买盘
2886,13:31:39,15.82,542626,343,买盘
2887,13:31:42,15.82,131306,83,买盘
2888,13:31:51,15.82,507822,321,买盘
2889,13:31:54,15.82,45973,29,买盘
2890,13:31:57,15.81,53683,34,卖盘
2891,13:32:00,15.82,85475,54,买盘
2892,13:32:03,15.82,85376,54,买盘
2893,13:32:06,15.82,30058,19,买盘
2894,13:32:09,15.82,11073,7,卖盘
2895,13:32:12,15.82,3164,2,卖盘
2896,13:32:18,15.82,1031237,652,卖盘
2897,13:32:21,15.82,55370,35,买盘
2898,13:32:24,15.82,15820,10,卖盘
2899,13:32:27,15.83,4749,3,买盘
2900,13:32:30,15.83,644281,407,买盘
2901,13:32:33,15.83,55373,35,买盘
2902,13:32:36,15.83,107644,68,买盘
2903,13:32:39,15.83,302380,191,买盘
2904,13:32:42,15.83,362434,229,卖盘
2905,13:32:51,15.83,414746,262,买盘
2906,13:32:54,15.83,22162,14,卖盘
2907,13:32:57,15.84,239179,151,买盘
2908,13:33:00,15.84,521127,329,买盘
2909,13:33:03,15.83,270693,171,卖盘
2910,13:33:09,15.83,520807,329,买盘
2911,13:33:12,15.82,242175,153,卖盘
2912,13:33:15,15.83,87058,55,买盘
2913,13:33:18,15.83,45901,29,买盘
2914,13:33:21,15.83,351426,222,买盘
2915,13:33:24,15.84,53856,34,买盘
2916,13:33:27,15.83,96563,61,卖盘
2917,13:33:30,15.83,3166,2,卖盘
2918,13:33:33,15.83,26920,17,卖盘
2919,13:33:36,15.83,12664,8,卖盘
2920,13:33:39,15.84,39600,25,买盘
2921,13:33:42,15.83,164632,104,卖盘
2922,13:33:45,15.83,36431,23,卖盘
2923,13:33:48,15.84,1584,1,买盘
2924,13:33:51,15.84,63360,40,买盘
2925,13:33:57,15.83,94980,60,卖盘
2926,13:34:00,15.84,53847,34,买盘
2927,13:34:03,15.84,148896,94,买盘
2928,13:34:06,15.84,224918,142,买盘
2929,13:34:09,15.84,544888,344,买盘
2930,13:34:12,15.84,258192,163,买盘
2931,13:34:15,15.84,87120,55,买盘
2932,13:34:18,15.84,91894,58,卖盘
2933,13:34:21,15.84,69696,44,卖盘
2934,13:34:24,15.84,23773,15,卖盘
2935,13:34:27,15.84,26928,17,卖盘
2936,13:34:30,15.84,38016,24,卖盘
2937,13:34:36,15.84,305712,193,卖盘
2938,13:34:39,15.85,83987,53,买盘
2939,13:34:42,15.84,12672,8,卖盘
2940,13:34:45,15.84,17424,11,卖盘
2941,13:34:48,15.84,1584,1,卖盘
2942,13:34:51,15.84,14256,9,卖盘
2943,13:34:54,15.84,147312,93,卖盘
2944,13:34:57,15.84,49125,31,卖盘
2945,13:35:00,15.84,12672,8,卖盘
2946,13:35:03,15.84,11090,7,卖盘
2947,13:35:06,15.85,42769,27,买盘
2948,13:35:09,15.85,507200,320,买盘
2949,13:35:15,15.84,34849,22,卖盘
2950,13:35:18,15.85,22188,14,买盘
2951,13:35:21,15.84,320168,202,卖盘
2952,13:35:27,15.84,160015,101,卖盘
2953,13:35:30,15.84,28512,18,卖盘
2954,13:35:33,15.85,25360,16,买盘
2955,13:35:36,15.84,993168,627,卖盘
2956,13:35:39,15.84,416690,263,卖盘
2957,13:35:42,15.84,22176,14,卖盘
2958,13:35:45,15.84,114048,72,卖盘
2959,13:35:48,15.84,142600,90,卖盘
2960,13:35:51,15.84,3168,2,卖盘
2961,13:35:54,15.84,9504,6,卖盘
2962,13:35:57,15.84,63370,40,卖盘
2963,13:36:00,15.84,28512,18,卖盘
2964,13:36:03,15.84,14256,9,卖盘
2965,13:36:06,15.84,15841,10,卖盘
2966,13:36:09,15.84,15840,10,卖盘
2967,13:36:12,15.84,58627,37,卖盘
2968,13:36:15,15.85,1585,1,买盘
2969,13:36:21,15.85,580079,366,买盘
2970,13:36:24,15.84,12672,8,卖盘
2971,13:36:27,15.84,988416,624,卖盘
2972,13:36:30,15.85,177509,112,买盘
2973,13:36:36,15.84,12672,8,卖盘
2974,13:36:39,15.84,668448,422,卖盘
2975,13:36:42,15.85,126790,80,买盘
2976,13:36:45,15.84,1584,1,卖盘
2977,13:36:48,15.84,91872,58,卖盘
2978,13:36:51,15.85,41210,26,买盘
2979,13:36:54,15.84,4752,3,卖盘
2980,13:36:57,15.84,7920,5,卖盘
2981,13:37:00,15.84,14256,9,卖盘
2982,13:37:03,15.85,77644,49,买盘
2983,13:37:09,15.85,521465,329,买盘
2984,13:37:12,15.84,109357,69,卖盘
2985,13:37:24,15.84,28512,18,卖盘
2986,13:37:27,15.84,180590,114,卖盘
2987,13:37:30,15.84,11088,7,卖盘
2988,13:37:33,15.84,45955,29,卖盘
2989,13:37:36,15.84,28512,18,卖盘
2990,13:37:39,15.84,99792,63,卖盘
2991,13:37:42,15.84,38033,24,卖盘
2992,13:37:45,15.84,31680,20,卖盘
2993,13:37:48,15.84,20592,13,卖盘
2994,13:37:51,15.84,45945,29,卖盘
2995,13:37:54,15.84,69726,44,卖盘
2996,13:37:57,15.84,9504,6,卖盘
2997,13:38:00,15.84,47534,30,卖盘
2998,13:38:03,15.84,58628,37,卖盘
2999,13:38:06,15.84,4752,3,卖盘
3000,13:38:09,15.84,82368,52,卖盘
3001,13:38:12,15.84,57044,36,卖盘
3002,13:38:15,15.84,1584,1,卖盘
3003,13:38:18,15.84,68112,43,卖盘
3004,13:38:21,15.84,782501,494,卖盘
3005,13:38:24,15.84,180662,114,卖盘
3006,13:38:27,15.84,71292,45,卖盘
3007,13:38:30,15.85,147372,93,买盘
3008,13:38:33,15.85,134725,85,买盘
3009,13:38:36,15.84,530646,335,卖盘
3010,13:38:39,15.85,122045,77,买盘
3011,13:38:45,15.85,4755,3,买盘
3012,13:38:48,15.85,74484,47,买盘
3013,13:38:51,15.85,657775,415,买盘
3014,13:38:54,15.85,95100,60,买盘
3015,13:38:57,15.85,112535,71,买盘
3016,13:39:00,15.84,678277,428,卖盘
3017,13:39:03,15.84,12672,8,卖盘
3018,13:39:06,15.84,122036,77,卖盘
3019,13:39:09,15.84,9504,6,卖盘
3020,13:39:12,15.85,69700,44,买盘
3021,13:39:15,15.84,85548,54,卖盘
3022,13:39:18,15.84,19008,12,卖盘
3023,13:39:21,15.84,36432,23,卖盘
3024,13:39:24,15.84,45951,29,卖盘
3025,13:39:27,15.84,30096,19,卖盘
3026,13:39:30,15.84,19010,12,卖盘
3027,13:39:33,15.84,30105,19,卖盘
3028,13:39:36,15.84,129922,82,卖盘
3029,13:39:39,15.84,15841,10,卖盘
3030,13:39:42,15.84,34862,22,卖盘
3031,13:39:45,15.84,131489,83,卖盘
3032,13:39:48,15.84,6336,4,卖盘
3033,13:39:51,15.84,45951,29,卖盘
3034,13:39:54,15.85,114049,72,买盘
3035,13:39:57,15.84,117231,74,卖盘
3036,13:40:00,15.84,15840,10,卖盘
3037,13:40:03,15.85,22189,14,买盘
3038,13:40:06,15.84,109296,69,卖盘
3039,13:40:09,15.85,22190,14,买盘
3040,13:40:12,15.85,6340,4,买盘
3041,13:40:15,15.84,80784,51,卖盘
3042,13:40:18,15.84,318384,201,卖盘
3043,13:40:21,15.84,196457,124,卖盘
3044,13:40:24,15.84,9509,6,卖盘
3045,13:40:27,15.84,76048,48,卖盘
3046,13:40:30,15.84,69712,44,卖盘
3047,13:40:33,15.85,359686,227,买盘
3048,13:40:36,15.85,69739,44,买盘
3049,13:40:39,15.85,641925,405,买盘
3050,13:40:42,15.85,310659,196,买盘
3051,13:40:45,15.85,323333,204,买盘
3052,13:40:48,15.84,426355,269,卖盘
3053,13:40:51,15.85,232976,147,买盘
3054,13:40:54,15.84,4940575,3119,卖盘
3055,13:41:00,15.85,724345,457,买盘
3056,13:41:03,15.84,42768,27,卖盘
3057,13:41:06,15.84,15840,10,卖盘
3058,13:41:09,15.84,117219,74,卖盘
3059,13:41:12,15.84,120403,76,卖盘
3060,13:41:15,15.84,58608,37,卖盘
3061,13:41:18,15.85,25360,16,买盘
3062,13:41:21,15.84,549968,347,卖盘
3063,13:41:24,15.85,95092,60,买盘
3064,13:41:30,15.84,537306,339,卖盘
3065,13:41:33,15.84,98260,62,卖盘
3066,13:41:36,15.85,3170,2,买盘
3067,13:41:39,15.85,621257,392,买盘
3068,13:41:42,15.85,95100,60,买盘
3069,13:41:45,15.85,1585,1,买盘
3070,13:41:48,15.84,3168,2,卖盘
3071,13:41:54,15.84,12672,8,卖盘
3072,13:41:57,15.85,15850,10,买盘
3073,13:42:00,15.85,529390,334,买盘
3074,13:42:03,15.85,248831,157,买盘
3075,13:42:06,15.85,1585,1,买盘
3076,13:42:09,15.85,141041,89,买盘
3077,13:42:12,15.85,76109,48,卖盘
3078,13:42:15,15.85,15850,10,卖盘
3079,13:42:18,15.85,9510,6,卖盘
3080,13:42:21,15.85,90346,57,卖盘
3081,13:42:24,15.86,118889,75,买盘
3082,13:42:27,15.85,718005,453,卖盘
3083,13:42:30,15.85,686296,433,买盘
3084,13:42:33,15.84,4752,3,卖盘
3085,13:42:36,15.84,106182,67,卖盘
3086,13:42:42,15.84,3168,2,卖盘
3087,13:42:45,15.84,3168,2,卖盘
3088,13:42:48,15.84,49107,31,卖盘
