,成交时间,成交价格,成交金额,成交量,性质
0,09:25:02,190.44,3942108,207,卖盘
1,09:30:02,190.42,456704,24,卖盘
2,09:30:05,190.46,647461,34,买盘
3,09:30:08,190.15,932821,49,卖盘
4,09:30:11,190.5,1923062,101,买盘
5,09:30:14,190.42,1636993,86,中性盘
6,09:30:17,190.13,228185,12,中性盘
7,09:30:20,190.42,1884124,99,买盘
8,09:30:23,190.16,988972,52,卖盘
9,09:30:26,190.15,2434648,128,卖盘
10,09:30:29,190.15,190133,10,买盘
11,09:30:32,190.03,380118,20,卖盘
12,09:30:35,190.02,437161,23,卖盘
13,09:30:38,190.0,1083098,57,卖盘
14,09:30:41,189.85,1177947,62,卖盘
15,09:30:44,189.91,1044291,55,买盘
16,09:30:47,189.97,1918856,101,买盘
17,09:30:50,189.97,361031,19,卖盘
18,09:30:53,189.93,950254,50,卖盘
19,09:30:56,189.97,322827,17,买盘
20,09:30:59,189.97,1652266,87,买盘
21,09:31:02,190.01,588872,31,买盘
22,09:31:05,190.26,494085,26,买盘
23,09:31:08,190.25,133156,7,卖盘
24,09:31:11,190.26,209206,11,买盘
25,09:31:14,190.25,780001,41,卖盘
26,09:31:17,190.25,209203,11,买盘
27,09:31:20,190.25,190225,10,买盘
28,09:31:23,190.15,323258,17,卖盘
29,09:31:26,190.14,912681,48,卖盘
30,09:31:29,190.1,361253,19,卖盘
31,09:31:32,190.09,152074,8,卖盘
32,09:31:35,189.99,645942,34,卖盘
33,09:31:38,189.8,645519,34,卖盘
34,09:31:41,189.52,607210,32,卖盘
35,09:31:44,189.5,473848,25,卖盘
36,09:31:47,189.49,890652,47,卖盘
37,09:31:50,189.5,776846,41,买盘
38,09:31:53,189.46,757908,40,卖盘
39,09:31:56,189.21,890120,47,卖盘
40,09:31:59,189.3,624645,33,买盘
41,09:32:02,189.35,1230938,65,买盘
42,09:32:05,189.46,966238,51,买盘
43,09:32:08,189.46,1913483,101,卖盘
44,09:32:11,189.46,985345,52,卖盘
45,09:32:14,189.5,1364230,72,买盘
46,09:32:17,189.46,1913822,101,卖盘
47,09:32:20,189.5,1383135,73,买盘
48,09:32:23,189.5,398151,21,卖盘
49,09:32:26,189.76,758974,40,中性盘
50,09:32:29,189.65,854109,45,中性盘
51,09:32:32,189.87,474631,25,买盘
52,09:32:35,190.0,189907,10,买盘
53,09:32:38,190.09,114054,6,买盘
54,09:32:41,190.09,171062,9,卖盘
55,09:32:44,190.12,285114,15,买盘
56,09:32:47,190.0,608239,32,卖盘
57,09:32:50,190.06,190063,10,买盘
58,09:32:53,190.09,76036,4,中性盘
59,09:32:56,190.21,190170,10,买盘
60,09:32:59,190.18,323174,17,卖盘
61,09:33:02,190.21,970094,51,卖盘
62,09:33:05,190.21,247285,13,卖盘
63,09:33:08,190.15,171181,9,卖盘
64,09:33:11,190.15,228283,12,卖盘
65,09:33:14,190.15,456354,24,卖盘
66,09:33:17,190.15,1121676,59,卖盘
67,09:33:20,190.0,532133,28,卖盘
68,09:33:23,189.83,493764,26,卖盘
69,09:33:26,189.93,208891,11,买盘
70,09:33:29,189.81,75924,4,买盘
71,09:33:32,189.77,132843,7,卖盘
72,09:33:35,189.8,455533,24,买盘
73,09:33:38,189.81,341711,18,卖盘
74,09:33:41,189.72,18972,1,中性盘
75,09:33:44,189.71,75882,4,中性盘
76,09:33:47,189.75,227650,12,买盘
77,09:33:50,189.67,56903,3,卖盘
78,09:33:53,189.67,18967,1,卖盘
79,09:33:56,189.71,284524,15,买盘
80,09:33:59,189.65,75865,4,中性盘
81,09:34:02,189.67,720565,38,买盘
82,09:34:05,189.67,398288,21,买盘
83,09:34:08,189.65,265497,14,卖盘
84,09:34:11,189.65,379284,20,卖盘
85,09:34:14,189.56,170644,9,卖盘
86,09:34:17,189.58,132681,7,买盘
87,09:34:20,189.51,360057,19,卖盘
88,09:34:23,189.67,2578769,136,买盘
89,09:34:26,189.67,170714,9,卖盘
90,09:34:29,189.71,512271,27,中性盘
91,09:34:32,189.81,151815,8,买盘
92,09:34:35,189.71,322531,17,卖盘
93,09:34:38,189.75,56925,3,中性盘
94,09:34:41,189.78,18978,1,中性盘
95,09:34:44,189.83,37977,2,中性盘
96,09:34:47,189.98,910861,48,买盘
97,09:34:50,189.92,911567,48,中性盘
98,09:34:53,189.78,265616,14,买盘
99,09:34:56,189.71,94892,5,卖盘
100,09:34:59,189.78,113880,6,卖盘
101,09:35:02,189.93,56955,3,买盘
102,09:35:05,189.93,113932,6,买盘
103,09:35:08,189.75,664337,35,卖盘
104,09:35:11,189.72,702008,37,卖盘
105,09:35:14,189.77,303568,16,买盘
106,09:35:17,189.69,170745,9,卖盘
107,09:35:20,189.69,227647,12,卖盘
108,09:35:23,189.68,531076,28,卖盘
109,09:35:26,189.56,151736,8,中性盘
110,09:35:32,189.51,303257,16,卖盘
111,09:35:35,189.56,1250958,66,买盘
112,09:35:38,189.51,227475,12,卖盘
113,09:35:41,189.56,37907,2,中性盘
114,09:35:44,189.53,75812,4,卖盘
115,09:35:47,189.46,2368390,125,卖盘
116,09:35:50,189.38,246242,13,卖盘
117,09:35:53,189.38,435529,23,买盘
118,09:35:56,189.34,170404,9,卖盘
119,09:35:59,189.38,227243,12,买盘
120,09:36:02,189.44,1249876,66,买盘
121,09:36:05,189.68,701362,37,买盘
122,09:36:08,189.68,265429,14,买盘
123,09:36:11,189.78,1005490,53,买盘
124,09:36:14,189.81,151844,8,买盘
125,09:36:17,189.93,189898,10,买盘
126,09:36:20,189.88,132888,7,中性盘
127,09:36:23,189.71,94868,5,卖盘
128,09:36:26,189.78,189790,10,卖盘
129,09:36:29,189.77,56913,3,中性盘
130,09:36:32,189.77,170781,9,中性盘
131,09:36:35,189.68,341477,18,卖盘
132,09:36:38,189.68,37945,2,卖盘
133,09:36:41,189.76,113832,6,买盘
134,09:36:44,189.77,56936,3,中性盘
135,09:36:47,189.77,56931,3,卖盘
136,09:36:50,189.78,151824,8,买盘
137,09:36:53,189.78,303641,16,买盘
138,09:36:56,189.82,208802,11,买盘
139,09:36:59,189.85,740298,39,买盘
140,09:37:02,189.87,113907,6,买盘
141,09:37:05,189.86,94935,5,中性盘
142,09:37:08,189.83,94920,5,卖盘
143,09:37:11,189.82,265758,14,卖盘
144,09:37:14,189.67,1138502,60,卖盘
145,09:37:17,189.67,644870,34,买盘
146,09:37:20,189.58,512082,27,卖盘
147,09:37:23,189.58,208524,11,买盘
148,09:37:26,189.52,18952,1,卖盘
149,09:37:29,189.55,75827,4,中性盘
150,09:37:32,189.54,56862,3,中性盘
151,09:37:35,189.58,170595,9,买盘
152,09:37:38,189.54,492899,26,中性盘
153,09:37:41,189.54,530710,28,卖盘
154,09:37:44,189.58,94786,5,卖盘
155,09:37:47,189.56,75824,4,卖盘
156,09:37:50,189.58,473990,25,买盘
157,09:37:53,189.57,56869,3,中性盘
158,09:37:56,189.54,246403,13,卖盘
159,09:37:59,189.5,1269754,67,卖盘
160,09:38:02,189.5,644247,34,买盘
161,09:38:05,189.41,75767,4,卖盘
162,09:38:08,189.4,435719,23,卖盘
163,09:38:11,189.4,947006,50,卖盘
164,09:38:14,189.54,1269292,67,买盘
165,09:38:17,189.55,1517193,80,买盘
166,09:38:20,189.55,37911,2,卖盘
167,09:38:23,189.54,189588,10,卖盘
168,09:38:26,189.55,1042508,55,中性盘
169,09:38:29,189.53,322235,17,卖盘
170,09:38:32,189.55,379188,20,卖盘
171,09:38:35,189.55,644518,34,中性盘
172,09:38:38,189.76,531126,28,买盘
173,09:38:41,189.88,151878,8,买盘
174,09:38:44,189.8,170898,9,中性盘
175,09:38:47,189.78,417556,22,卖盘
176,09:38:50,189.89,113922,6,买盘
177,09:38:53,189.89,284916,15,卖盘
178,09:38:56,189.88,3968637,209,买盘
179,09:38:59,189.88,550775,29,买盘
180,09:39:02,189.9,569415,30,中性盘
181,09:39:05,189.97,569926,30,中性盘
182,09:39:11,189.9,531985,28,卖盘
183,09:39:14,190.0,190002,10,中性盘
184,09:39:17,190.0,114000,6,卖盘
185,09:39:20,189.99,189942,10,中性盘
186,09:39:23,190.0,75987,4,买盘
187,09:39:26,189.99,18999,1,中性盘
188,09:39:29,189.95,113982,6,卖盘
189,09:39:32,189.99,284909,15,买盘
190,09:39:35,189.93,436754,23,中性盘
191,09:39:38,189.92,56975,3,中性盘
192,09:39:41,189.9,75962,4,中性盘
193,09:39:44,189.72,56935,3,卖盘
194,09:39:47,189.7,56929,3,卖盘
195,09:39:50,189.78,2145238,113,买盘
196,09:39:53,189.55,360325,19,卖盘
197,09:39:56,189.58,227579,12,卖盘
198,09:39:59,189.55,663505,35,卖盘
199,09:40:02,189.54,189566,10,卖盘
200,09:40:05,189.53,303306,16,卖盘
201,09:40:08,189.38,1951314,103,卖盘
202,09:40:11,189.23,4221057,223,卖盘
203,09:40:14,189.21,586607,31,卖盘
204,09:40:17,189.19,983840,52,卖盘
205,09:40:20,189.2,1229446,65,买盘
206,09:40:23,189.1,189125,10,中性盘
207,09:40:26,189.11,321515,17,卖盘
208,09:40:29,188.93,5840226,309,卖盘
209,09:40:32,188.88,1001285,53,卖盘
210,09:40:35,189.0,1455167,77,买盘
211,09:40:38,188.94,359003,19,卖盘
212,09:40:41,188.9,207787,11,卖盘
213,09:40:44,188.88,604444,32,卖盘
214,09:40:47,188.87,812105,43,买盘
215,09:40:50,188.8,94428,5,卖盘
216,09:40:53,188.86,660917,35,买盘
217,09:40:56,188.87,472042,25,买盘
218,09:40:59,188.82,472143,25,卖盘
219,09:41:02,188.82,925267,49,买盘
220,09:41:05,188.8,679654,36,卖盘
221,09:41:08,188.8,245414,13,买盘
222,09:41:11,188.71,434220,23,中性盘
223,09:41:14,188.71,924897,49,卖盘
224,09:41:17,188.74,584988,31,买盘
225,09:41:20,188.79,452945,24,买盘
226,09:41:23,188.79,943917,50,买盘
227,09:41:26,188.71,1471705,78,卖盘
228,09:41:29,188.72,434012,23,卖盘
229,09:41:32,188.56,1282623,68,卖盘
230,09:41:35,188.5,5051488,268,卖盘
231,09:41:38,188.44,640766,34,卖盘
232,09:41:41,188.5,1583037,84,买盘
233,09:41:44,188.67,1074401,57,买盘
234,09:41:47,188.5,754368,40,中性盘
235,09:41:50,188.53,1149767,61,中性盘
236,09:41:53,188.66,452663,24,买盘
237,09:41:56,188.66,188663,10,卖盘
238,09:41:59,188.64,584752,31,卖盘
239,09:42:02,188.52,452622,24,卖盘
240,09:42:05,188.66,886635,47,买盘
241,09:42:08,188.88,9945710,527,买盘
242,09:42:11,188.78,226669,12,中性盘
243,09:42:14,188.78,472278,25,卖盘
244,09:42:17,188.92,226703,12,中性盘
245,09:42:20,188.93,171924,9,买盘
246,09:42:23,188.93,508221,27,卖盘
247,09:42:26,188.93,188926,10,买盘
248,09:42:29,188.95,350437,19,买盘
249,09:42:32,188.95,77460,4,买盘
250,09:42:35,188.93,396814,21,卖盘
251,09:42:38,188.93,151162,8,卖盘
252,09:42:41,188.92,413749,22,卖盘
253,09:42:44,188.92,650755,34,买盘
254,09:42:47,188.91,56661,3,中性盘
255,09:42:50,188.8,453184,24,卖盘
256,09:42:53,188.8,472003,25,买盘
257,09:42:56,188.78,547517,29,卖盘
258,09:42:59,188.77,75511,4,中性盘
259,09:43:02,188.77,283159,15,买盘
260,09:43:05,188.76,188775,10,中性盘
261,09:43:08,188.75,339772,18,中性盘
262,09:43:11,188.78,358669,19,卖盘
263,09:43:14,188.76,75504,4,卖盘
264,09:43:17,188.76,226530,12,卖盘
265,09:43:20,188.79,94394,5,买盘
266,09:43:23,188.8,358747,19,买盘
267,09:43:26,188.87,774244,41,买盘
268,09:43:29,188.8,283228,15,卖盘
269,09:43:32,188.82,377654,20,中性盘
270,09:43:35,188.87,75537,4,中性盘
271,09:43:38,188.9,94441,5,买盘
272,09:43:41,188.91,37782,2,买盘
273,09:43:47,188.93,520474,28,买盘
274,09:43:50,188.91,207814,11,卖盘
275,09:43:53,188.93,264496,14,买盘
276,09:43:56,188.92,302316,16,卖盘
277,09:43:59,188.98,75575,4,中性盘
278,09:44:02,188.98,56694,3,买盘
279,09:44:05,188.98,132280,7,买盘
280,09:44:08,188.99,115093,6,买盘
281,09:44:11,188.98,678607,36,卖盘
282,09:44:14,188.99,398562,21,买盘
283,09:44:17,188.92,1094288,58,卖盘
284,09:44:20,188.93,642368,34,买盘
285,09:44:23,188.91,245593,13,卖盘
286,09:44:26,188.93,170037,9,卖盘
287,09:44:29,188.88,302242,16,卖盘
288,09:44:32,188.87,94435,5,中性盘
289,09:44:35,188.88,75550,4,买盘
290,09:44:38,188.85,264416,14,卖盘
291,09:44:41,188.85,18885,1,买盘
292,09:44:44,188.83,472142,25,卖盘
293,09:44:47,188.83,358801,19,卖盘
294,09:44:50,188.83,396542,21,卖盘
295,09:44:53,188.83,415421,22,买盘
296,09:44:56,188.82,188809,10,买盘
297,09:44:59,188.8,320968,17,卖盘
298,09:45:02,188.78,1434832,76,卖盘
299,09:45:05,188.79,755113,40,中性盘
300,09:45:08,188.75,471886,25,卖盘
301,09:45:11,188.74,207626,11,卖盘
302,09:45:14,188.71,415198,22,卖盘
303,09:45:17,188.73,245356,13,中性盘
304,09:45:20,188.71,811322,43,卖盘
305,09:45:23,188.72,264194,14,买盘
306,09:45:26,188.7,339663,18,卖盘
307,09:45:29,188.7,113219,6,买盘
308,09:45:32,188.67,94347,5,卖盘
309,09:45:35,188.7,981057,52,买盘
310,09:45:38,188.62,433999,23,中性盘
311,09:45:41,188.62,188684,10,卖盘
312,09:45:44,188.69,94346,5,买盘
313,09:45:47,188.68,603781,32,中性盘
314,09:45:50,188.84,6606138,350,买盘
315,09:45:53,188.95,849883,45,买盘
316,09:45:56,188.82,264361,14,卖盘
317,09:45:59,188.84,264376,14,买盘
318,09:46:02,188.84,188838,10,买盘
319,09:46:05,188.84,113302,6,买盘
320,09:46:08,188.84,94410,5,买盘
321,09:46:11,188.84,113300,6,买盘
322,09:46:14,188.84,75533,4,买盘
323,09:46:17,188.83,151065,8,中性盘
324,09:46:20,188.84,94420,5,买盘
325,09:46:23,188.86,434348,23,买盘
326,09:46:26,188.88,169985,9,买盘
327,09:46:32,188.88,113335,6,卖盘
328,09:46:35,188.9,132234,7,中性盘
329,09:46:38,188.94,453394,24,中性盘
330,09:46:41,188.95,245594,13,买盘
331,09:46:44,188.95,75580,4,卖盘
332,09:46:47,188.96,113373,6,中性盘
333,09:46:50,188.96,56687,3,买盘
334,09:46:53,188.97,94479,5,买盘
335,09:46:56,188.98,151171,8,买盘
336,09:47:02,188.96,75587,4,卖盘
337,09:47:05,188.98,207877,11,买盘
338,09:47:08,189.02,718229,38,买盘
339,09:47:11,189.2,208087,11,买盘
340,09:47:14,189.2,832477,44,买盘
341,09:47:17,189.69,1570843,83,买盘
342,09:47:20,189.62,56893,3,中性盘
343,09:47:23,189.48,94707,5,中性盘
344,09:47:26,189.26,75711,4,卖盘
345,09:47:29,189.28,302814,16,买盘
346,09:47:32,189.26,94632,5,买盘
347,09:47:35,189.28,151416,8,买盘
348,09:47:38,189.28,359599,19,买盘
349,09:47:41,189.27,94633,5,中性盘
350,09:47:44,189.3,492143,26,买盘
351,09:47:47,189.27,189279,10,卖盘
352,09:47:50,189.2,1059799,56,卖盘
353,09:47:53,189.22,113515,6,买盘
354,09:47:56,189.2,37832,2,买盘
355,09:47:59,189.2,94593,5,买盘
356,09:48:02,189.12,132406,7,卖盘
357,09:48:05,189.12,132384,7,买盘
358,09:48:08,189.1,226921,12,卖盘
359,09:48:11,189.06,56718,3,卖盘
360,09:48:14,188.97,529202,28,卖盘
361,09:48:17,188.95,661395,35,卖盘
362,09:48:20,188.96,245636,13,买盘
363,09:48:23,188.95,188950,10,卖盘
364,09:48:26,188.92,37784,2,中性盘
365,09:48:29,188.92,18892,1,中性盘
366,09:48:35,188.91,37782,2,卖盘
367,09:48:38,188.9,377801,20,卖盘
368,09:48:41,188.89,377812,20,卖盘
369,09:48:44,188.87,339986,18,卖盘
370,09:48:47,188.87,207757,11,中性盘
371,09:48:50,188.85,151080,8,卖盘
372,09:48:53,188.77,1793664,95,卖盘
373,09:48:56,188.77,113256,6,中性盘
374,09:48:59,188.71,113229,6,卖盘
375,09:49:05,188.71,207578,11,买盘
376,09:49:08,188.71,283062,15,买盘
377,09:49:11,188.7,396286,21,卖盘
378,09:49:14,188.71,264188,14,买盘
379,09:49:17,188.71,528340,28,买盘
380,09:49:20,188.7,150962,8,中性盘
381,09:49:23,188.7,415172,22,卖盘
382,09:49:26,188.71,75484,4,中性盘
383,09:49:29,188.7,509601,27,卖盘
384,09:49:32,188.71,226501,12,卖盘
385,09:49:35,188.72,415157,22,卖盘
386,09:49:38,188.75,56625,3,卖盘
387,09:49:41,188.74,75502,4,卖盘
388,09:49:44,188.74,150993,8,卖盘
389,09:49:47,188.74,37748,2,买盘
390,09:49:50,188.74,509598,27,买盘
391,09:49:53,188.74,1491035,79,买盘
392,09:49:56,188.73,377465,20,卖盘
393,09:49:59,188.73,150979,8,买盘
394,09:50:02,188.73,358571,19,买盘
395,09:50:05,188.72,358577,19,中性盘
396,09:50:08,188.72,207593,11,买盘
397,09:50:14,188.73,358587,19,卖盘
398,09:50:17,188.73,377460,20,买盘
399,09:50:20,188.75,283117,15,买盘
400,09:50:23,188.75,830500,44,买盘
401,09:50:29,188.77,94379,5,买盘
402,09:50:32,188.77,56631,3,买盘
403,09:50:35,188.79,264305,14,买盘
404,09:50:38,188.79,18879,1,卖盘
405,09:50:41,188.85,94417,5,买盘
406,09:50:44,188.82,151056,8,中性盘
407,09:50:47,188.85,151064,8,买盘
408,09:50:50,188.81,151074,8,卖盘
409,09:50:53,188.83,377666,20,买盘
410,09:50:56,188.85,18885,1,卖盘
411,09:50:59,188.87,264415,14,买盘
412,09:51:02,189.03,1322547,70,买盘
413,09:51:05,188.96,56690,3,卖盘
414,09:51:08,189.06,302494,16,买盘
415,09:51:11,189.19,340423,18,买盘
416,09:51:14,189.2,151355,8,买盘
417,09:51:17,189.28,189256,10,买盘
418,09:51:20,189.33,208218,11,买盘
419,09:51:23,189.37,94680,5,买盘
420,09:51:26,189.37,37867,2,买盘
421,09:51:29,189.22,681486,36,卖盘
422,09:51:32,189.3,624760,33,买盘
423,09:51:35,189.29,359745,19,买盘
424,09:51:38,189.3,56781,3,中性盘
425,09:51:41,189.39,170392,9,买盘
426,09:51:44,189.3,132519,7,卖盘
427,09:51:47,189.3,170434,9,卖盘
428,09:51:50,189.41,37882,2,中性盘
429,09:51:53,189.44,189424,10,买盘
430,09:51:56,189.52,416907,22,买盘
431,09:51:59,189.5,75824,4,中性盘
432,09:52:02,189.7,360389,19,买盘
433,09:52:05,189.78,626017,33,买盘
434,09:52:08,189.75,189777,10,卖盘
435,09:52:11,189.8,683220,36,买盘
436,09:52:14,189.79,759160,40,卖盘
437,09:52:17,189.79,246732,13,中性盘
438,09:52:20,189.73,189776,10,卖盘
439,09:52:23,189.7,151776,8,卖盘
440,09:52:26,189.7,379415,20,卖盘
441,09:52:29,189.69,227633,12,中性盘
442,09:52:32,189.64,588052,31,卖盘
443,09:52:35,189.66,208616,11,买盘
444,09:52:38,189.58,189603,10,卖盘
445,09:52:41,189.63,284418,15,买盘
446,09:52:44,189.5,132676,7,卖盘
447,09:52:47,189.64,1895124,100,买盘
448,09:52:50,189.64,94820,5,买盘
449,09:52:53,189.55,246512,13,卖盘
450,09:52:56,189.6,170671,9,卖盘
451,09:52:59,189.66,568948,30,买盘
452,09:53:02,189.66,455159,24,买盘
453,09:53:05,189.68,113805,6,买盘
454,09:53:08,189.66,18966,1,卖盘
455,09:53:11,189.63,94819,5,卖盘
456,09:53:14,189.66,379293,20,买盘
457,09:53:17,189.67,208582,11,买盘
458,09:53:20,189.63,37926,2,中性盘
459,09:53:23,189.64,75856,4,买盘
460,09:53:26,189.64,151703,8,买盘
461,09:53:32,189.61,113767,6,卖盘
462,09:53:38,189.62,265460,14,买盘
463,09:53:41,189.61,75842,4,买盘
464,09:53:44,189.61,644676,34,买盘
465,09:53:47,189.61,379215,20,买盘
466,09:53:50,189.6,720477,38,卖盘
467,09:53:53,189.6,208552,11,买盘
468,09:53:56,189.55,132709,7,卖盘
469,09:53:59,189.53,113720,6,卖盘
470,09:54:02,189.54,246383,13,买盘
471,09:54:05,189.48,56844,3,卖盘
472,09:54:11,189.56,549622,29,买盘
473,09:54:14,189.56,37913,2,卖盘
474,09:54:20,189.56,113740,6,卖盘
475,09:54:23,189.6,417091,22,买盘
476,09:54:26,189.6,18960,1,卖盘
477,09:54:29,189.6,113760,6,卖盘
478,09:54:32,189.6,473963,25,卖盘
479,09:54:35,189.63,265469,14,买盘
480,09:54:38,189.6,56881,3,中性盘
481,09:54:41,189.61,151688,8,买盘
482,09:54:44,189.6,56884,3,卖盘
483,09:54:47,189.55,417062,22,卖盘
484,09:54:50,189.5,284327,15,卖盘
485,09:54:53,189.55,398054,21,买盘
486,09:54:56,189.46,18946,1,中性盘
487,09:54:59,189.53,113711,6,中性盘
488,09:55:02,189.46,720211,38,中性盘
489,09:55:08,189.54,75814,4,买盘
490,09:55:11,189.56,303264,16,买盘
491,09:55:14,189.58,587639,31,买盘
492,09:55:17,189.56,170634,9,卖盘
493,09:55:20,189.55,132700,7,卖盘
494,09:55:23,189.54,56862,3,卖盘
495,09:55:26,189.55,113730,6,买盘
496,09:55:29,189.55,37909,2,买盘
497,09:55:32,189.55,265370,14,买盘
498,09:55:35,189.56,303292,16,买盘
499,09:55:41,189.56,18956,1,买盘
500,09:55:44,189.47,3051568,161,卖盘
501,09:55:47,189.37,2727449,144,卖盘
502,09:55:50,189.36,113606,6,中性盘
503,09:55:53,189.3,283975,15,卖盘
504,09:55:56,189.36,586985,31,买盘
505,09:55:59,189.31,94687,5,中性盘
506,09:56:02,189.3,113586,6,卖盘
507,09:56:05,189.39,492334,26,买盘
508,09:56:11,189.3,265020,14,卖盘
509,09:56:17,189.3,227160,12,卖盘
510,09:56:20,189.3,113580,6,卖盘
511,09:56:23,189.3,75720,4,买盘
512,09:56:26,189.28,151431,8,卖盘
513,09:56:29,189.3,94647,5,买盘
514,09:56:32,189.3,208212,11,买盘
515,09:56:35,189.3,170363,9,买盘
516,09:56:38,189.3,208225,11,买盘
517,09:56:41,189.29,94642,5,买盘
518,09:56:44,189.29,208203,11,中性盘
519,09:56:47,189.3,151437,8,买盘
520,09:56:50,189.3,151433,8,买盘
521,09:56:53,189.3,132503,7,买盘
522,09:56:56,189.29,18929,1,买盘
523,09:56:59,189.27,397522,21,卖盘
524,09:57:02,189.31,132512,7,买盘
525,09:57:05,189.28,94638,5,中性盘
526,09:57:08,189.26,189262,10,卖盘
527,09:57:11,189.27,132485,7,卖盘
528,09:57:14,189.28,151420,8,买盘
529,09:57:17,189.28,37856,2,买盘
530,09:57:20,189.26,189267,10,卖盘
531,09:57:23,189.27,37854,2,买盘
532,09:57:26,189.27,75710,4,卖盘
533,09:57:29,189.27,18927,1,中性盘
534,09:57:32,189.16,1002864,53,卖盘
535,09:57:35,189.16,302630,16,中性盘
536,09:57:41,189.1,132362,7,中性盘
537,09:57:44,189.06,18906,1,卖盘
538,09:57:47,189.0,378007,20,卖盘
539,09:57:50,189.0,207900,11,卖盘
540,09:57:53,188.98,18898,1,卖盘
541,09:57:56,188.89,132252,7,卖盘
542,09:57:59,188.88,188880,10,卖盘
543,09:58:02,188.9,151117,8,买盘
544,09:58:05,188.88,207769,11,卖盘
545,09:58:08,188.89,94443,5,卖盘
546,09:58:11,188.89,151102,8,买盘
547,09:58:14,188.89,302213,16,买盘
548,09:58:17,188.88,264443,14,卖盘
549,09:58:20,188.86,113316,6,中性盘
550,09:58:23,188.86,151079,8,买盘
551,09:58:26,188.86,302124,16,中性盘
552,09:58:29,188.87,169975,9,买盘
553,09:58:32,188.8,1378474,73,卖盘
554,09:58:35,188.8,604160,32,买盘
555,09:58:38,188.8,113279,6,买盘
556,09:58:41,188.79,302079,16,卖盘
557,09:58:44,188.79,151031,8,卖盘
558,09:58:47,188.78,56635,3,卖盘
559,09:58:50,188.79,302055,16,买盘
560,09:58:53,188.78,339794,18,买盘
561,09:58:56,188.78,415300,22,买盘
562,09:58:59,188.78,453055,24,买盘
563,09:59:02,188.69,2811683,149,卖盘
564,09:59:05,188.63,188660,10,卖盘
565,09:59:08,188.61,301794,16,卖盘
566,09:59:11,188.6,1320233,70,卖盘
567,09:59:14,188.6,264036,14,买盘
568,09:59:17,188.59,282884,15,卖盘
569,09:59:20,188.58,226301,12,卖盘
570,09:59:23,188.59,396026,21,买盘
571,09:59:26,188.58,282869,15,买盘
572,09:59:29,188.58,678882,36,买盘
573,09:59:32,188.57,396004,21,中性盘
574,09:59:35,188.56,414840,22,卖盘
575,09:59:38,188.44,9142071,485,卖盘
576,09:59:41,188.45,1582927,84,买盘
577,09:59:44,188.43,1997467,106,卖盘
578,09:59:47,188.42,565325,30,卖盘
579,09:59:50,188.41,207261,11,卖盘
580,09:59:53,188.41,320301,17,卖盘
581,09:59:56,188.4,923168,49,卖盘
582,09:59:59,188.39,282592,15,卖盘
583,10:00:02,188.28,5197928,276,卖盘
584,10:00:05,188.21,1035273,55,卖盘
585,10:00:08,188.21,489334,26,中性盘
586,10:00:11,188.21,734000,39,买盘
587,10:00:14,188.2,639878,34,卖盘
588,10:00:17,188.2,1166858,62,买盘
589,10:00:20,188.21,1242281,66,买盘
590,10:00:23,188.39,2221940,118,买盘
591,10:00:26,188.39,903658,48,中性盘
592,10:00:29,188.39,301340,16,买盘
593,10:00:32,188.31,452105,24,中性盘
594,10:00:35,188.39,678064,36,中性盘
595,10:00:38,188.38,263670,14,卖盘
596,10:00:41,188.39,226045,12,买盘
597,10:00:44,188.31,339055,18,卖盘
598,10:00:47,188.39,546127,29,买盘
599,10:00:50,188.39,6963847,370,卖盘
600,10:00:53,188.35,113019,6,中性盘
601,10:00:56,188.31,320151,17,卖盘
602,10:00:59,188.31,338974,18,卖盘
603,10:01:02,188.32,790909,42,买盘
604,10:01:05,188.31,131823,7,中性盘
605,10:01:08,188.32,659110,35,买盘
606,10:01:11,188.32,414298,22,买盘
607,10:01:14,188.32,753255,40,买盘
608,10:01:17,188.31,282489,15,卖盘
609,10:01:20,188.32,244814,13,买盘
610,10:01:23,188.3,715591,38,卖盘
611,10:01:26,188.31,715559,38,中性盘
612,10:01:29,188.3,150640,8,卖盘
613,10:01:32,188.3,395445,21,卖盘
614,10:01:35,188.27,903771,48,卖盘
615,10:01:38,188.2,1054079,56,卖盘
616,10:01:41,188.16,1731232,92,卖盘
617,10:01:44,188.15,188156,10,卖盘
618,10:01:47,188.14,131702,7,卖盘
619,10:01:50,188.14,395065,21,买盘
620,10:01:53,188.11,1335700,71,卖盘
621,10:01:56,188.08,3103629,165,卖盘
622,10:01:59,188.07,376158,20,卖盘
623,10:02:02,188.01,3158849,168,卖盘
624,10:02:05,188.0,11054421,588,卖盘
625,10:02:08,188.01,4173630,222,中性盘
626,10:02:11,188.01,620418,33,卖盘
627,10:02:14,188.03,714560,38,买盘
628,10:02:17,187.97,1259530,67,卖盘
629,10:02:20,188.03,470034,25,买盘
630,10:02:23,188.03,300848,16,买盘
631,10:02:26,188.03,695664,37,买盘
632,10:02:29,188.01,526440,28,卖盘
633,10:02:32,187.97,1165582,62,卖盘
634,10:02:35,188.01,376019,20,中性盘
635,10:02:38,188.0,451221,24,中性盘
636,10:02:41,187.99,150399,8,中性盘
637,10:02:44,187.98,206786,11,卖盘
638,10:02:47,188.01,808340,43,买盘
639,10:02:50,188.01,394763,21,买盘
640,10:02:53,187.98,834719,44,卖盘
641,10:02:56,187.98,676775,36,卖盘
642,10:02:59,187.98,838425,45,卖盘
643,10:03:02,187.88,4397138,234,卖盘
644,10:03:05,187.81,657568,35,卖盘
645,10:03:08,187.92,732852,39,中性盘
646,10:03:11,187.8,1934469,103,卖盘
647,10:03:14,187.8,788804,42,买盘
648,10:03:17,187.78,638494,34,卖盘
649,10:03:20,187.78,169002,9,买盘
650,10:03:23,187.77,272277,15,卖盘
651,10:03:26,188.0,4245420,226,买盘
652,10:03:29,188.01,544818,29,中性盘
653,10:03:32,188.02,601598,32,买盘
654,10:03:35,188.03,131615,7,买盘
655,10:03:38,188.09,1109482,59,买盘
656,10:03:41,188.14,206922,11,买盘
657,10:03:44,188.14,188134,10,买盘
658,10:03:47,188.15,1354440,72,中性盘
659,10:03:50,188.19,225836,12,买盘
660,10:03:53,188.19,677421,36,卖盘
661,10:03:56,188.18,150548,8,中性盘
662,10:03:59,188.31,188242,10,买盘
663,10:04:02,188.22,489438,26,中性盘
664,10:04:05,188.3,715536,38,买盘
665,10:04:08,188.27,112960,6,中性盘
666,10:04:11,188.28,451869,24,买盘
667,10:04:14,188.21,884623,47,卖盘
668,10:04:17,188.16,376360,20,卖盘
669,10:04:20,188.08,376273,20,卖盘
670,10:04:23,188.04,376072,20,卖盘
671,10:04:26,188.01,413661,22,卖盘
672,10:04:29,188.01,169222,9,卖盘
673,10:04:32,188.01,1259597,67,卖盘
674,10:04:35,187.92,150345,8,中性盘
675,10:04:38,187.94,300687,16,中性盘
676,10:04:41,187.92,225564,12,卖盘
677,10:04:44,187.92,394623,21,买盘
678,10:04:47,187.9,732839,39,卖盘
679,10:04:50,187.91,338241,18,中性盘
680,10:04:53,187.9,1258958,67,卖盘
681,10:04:56,187.89,93945,5,中性盘
682,10:04:59,187.9,883111,47,买盘
683,10:05:02,187.9,845496,45,买盘
684,10:05:05,187.9,319414,17,买盘
685,10:05:08,187.89,375773,20,中性盘
686,10:05:11,187.88,263031,14,中性盘
687,10:05:14,187.86,375732,20,卖盘
688,10:05:17,187.86,112715,6,买盘
689,10:05:20,187.85,695051,37,卖盘
690,10:05:23,187.85,619862,33,买盘
691,10:05:26,187.85,432043,23,买盘
692,10:05:29,187.85,281765,15,买盘
693,10:05:32,187.85,1660583,88,买盘
694,10:05:35,187.85,225420,12,卖盘
695,10:05:38,188.0,1202606,64,买盘
696,10:05:44,187.91,375807,20,卖盘
697,10:05:47,188.0,375928,20,买盘
698,10:05:50,188.0,150400,8,卖盘
699,10:05:53,188.0,131604,7,卖盘
700,10:05:56,188.0,545174,29,卖盘
701,10:05:59,187.99,169171,9,中性盘
702,10:06:02,187.88,507374,27,卖盘
703,10:06:05,187.79,3380729,180,卖盘
704,10:06:08,187.79,751143,40,买盘
705,10:06:11,187.78,244117,13,卖盘
706,10:06:14,187.78,600874,32,买盘
707,10:06:17,187.77,704149,38,卖盘
708,10:06:20,187.76,244098,13,卖盘
709,10:06:23,187.76,450642,24,中性盘
710,10:06:26,187.75,1492677,80,卖盘
711,10:06:29,187.74,206522,11,中性盘
712,10:06:32,187.73,544414,29,卖盘
713,10:06:35,187.68,1557939,83,卖盘
714,10:06:38,187.66,168908,9,卖盘
715,10:06:41,187.66,356544,19,中性盘
716,10:06:44,187.65,318998,17,买盘
717,10:06:47,187.65,469119,25,买盘
718,10:06:50,187.64,581713,31,卖盘
719,10:06:53,187.65,281475,15,卖盘
720,10:06:56,187.65,168884,9,买盘
721,10:06:59,187.65,469117,25,买盘
722,10:07:02,187.65,975789,52,买盘
723,10:07:05,187.65,431576,23,卖盘
724,10:07:08,187.65,431582,23,买盘
725,10:07:11,187.63,506610,27,卖盘
726,10:07:14,187.63,168865,9,买盘
727,10:07:17,187.62,187622,10,卖盘
728,10:07:20,187.59,1575860,84,卖盘
729,10:07:23,187.6,337677,18,买盘
730,10:07:26,187.58,206354,11,卖盘
731,10:07:29,187.58,1219387,65,卖盘
732,10:07:32,187.58,506476,27,卖盘
733,10:07:35,187.54,712738,38,卖盘
734,10:07:38,187.53,693885,37,卖盘
735,10:07:41,187.54,1293973,69,买盘
736,10:07:44,187.54,243802,13,卖盘
737,10:07:47,187.54,881429,47,卖盘
738,10:07:50,187.54,506351,27,买盘
739,10:07:53,187.53,843922,45,卖盘
740,10:07:56,187.54,468834,25,买盘
741,10:07:59,187.53,806353,43,卖盘
742,10:08:02,187.52,300050,16,卖盘
743,10:08:05,187.53,337547,18,买盘
744,10:08:08,187.48,4293788,229,卖盘
745,10:08:11,187.45,281201,15,卖盘
746,10:08:14,187.44,281195,15,卖盘
747,10:08:17,187.41,149937,8,卖盘
748,10:08:20,187.41,356079,19,卖盘
749,10:08:23,187.42,880840,47,买盘
750,10:08:26,187.4,131180,7,卖盘
751,10:08:29,187.4,674607,36,卖盘
752,10:08:32,187.37,524673,28,卖盘
753,10:08:35,187.35,824375,44,卖盘
754,10:08:38,187.32,281003,15,卖盘
755,10:08:41,187.31,206043,11,卖盘
756,10:08:44,187.31,299687,16,买盘
757,10:08:47,187.27,880233,47,卖盘
758,10:08:50,187.31,1498423,80,买盘
759,10:08:53,187.3,1498680,80,卖盘
760,10:08:56,187.34,1760649,94,买盘
761,10:08:59,187.3,505732,27,卖盘
762,10:09:02,187.34,318410,17,买盘
763,10:09:05,187.3,131127,7,卖盘
764,10:09:08,187.3,618104,33,卖盘
765,10:09:11,187.3,674285,36,卖盘
766,10:09:14,187.3,187305,10,卖盘
767,10:09:17,187.31,149849,8,买盘
768,10:09:20,187.31,730477,39,买盘
769,10:09:23,187.3,337151,18,卖盘
770,10:09:26,187.31,112388,6,中性盘
771,10:09:29,187.45,2136076,114,买盘
772,10:09:32,187.42,356153,19,卖盘
773,10:09:35,187.42,187416,10,买盘
774,10:09:38,187.42,149935,8,买盘
775,10:09:41,187.42,449804,24,买盘
776,10:09:44,187.4,487261,26,卖盘
777,10:09:47,187.4,262359,14,买盘
778,10:09:50,187.39,674627,36,中性盘
779,10:09:53,187.34,768167,41,卖盘
780,10:09:56,187.34,281006,15,买盘
781,10:09:59,187.34,730598,39,买盘
782,10:10:02,187.34,430888,23,中性盘
783,10:10:05,187.35,618209,33,买盘
784,10:10:08,187.35,693099,37,买盘
785,10:10:11,187.36,262296,14,买盘
786,10:10:14,187.44,2379637,127,买盘
787,10:10:17,187.42,1143799,61,卖盘
788,10:10:20,187.44,299906,16,卖盘
789,10:10:23,187.38,224896,12,卖盘
790,10:10:26,187.38,281114,15,买盘
791,10:10:29,187.43,224911,12,买盘
792,10:10:32,187.43,1218295,65,买盘
793,10:10:35,187.44,787242,42,买盘
794,10:10:38,187.44,131215,7,卖盘
795,10:10:41,187.42,543655,29,卖盘
796,10:10:44,187.5,843683,45,买盘
797,10:10:47,187.43,206189,11,卖盘
798,10:10:50,187.45,468690,25,中性盘
799,10:10:53,187.45,262438,14,卖盘
800,10:10:56,187.45,318694,17,卖盘
801,10:10:59,187.5,224962,12,中性盘
802,10:11:02,187.52,318772,17,买盘
803,10:11:05,187.56,93768,5,买盘
804,10:11:08,187.57,18757,1,买盘
805,10:11:11,187.57,93785,5,买盘
806,10:11:14,187.65,337662,18,买盘
807,10:11:17,187.66,131358,7,买盘
808,10:11:20,187.66,75063,4,买盘
809,10:11:23,187.66,112596,6,买盘
810,10:11:26,187.68,93841,5,卖盘
811,10:11:29,187.7,262761,14,买盘
812,10:11:32,187.7,638182,34,卖盘
813,10:11:35,187.73,319125,17,买盘
814,10:11:38,187.73,525644,28,卖盘
815,10:11:41,187.7,3059336,163,卖盘
816,10:11:44,187.6,637969,34,卖盘
817,10:11:47,187.61,769240,41,买盘
818,10:11:50,187.61,150092,8,买盘
819,10:11:53,187.65,431500,23,买盘
820,10:11:59,187.63,318985,17,中性盘
821,10:12:02,187.65,619149,33,买盘
822,10:12:05,187.61,3507878,187,卖盘
823,10:12:08,187.65,1275846,68,买盘
824,10:12:11,187.65,37530,2,卖盘
825,10:12:14,187.65,619277,33,卖盘
826,10:12:17,187.71,112607,6,买盘
827,10:12:20,187.71,75084,4,买盘
828,10:12:23,187.75,168951,9,买盘
829,10:12:26,187.75,18775,1,买盘
830,10:12:29,187.77,18777,1,买盘
831,10:12:35,187.79,75116,4,买盘
832,10:12:38,187.79,37558,2,中性盘
833,10:12:41,187.8,544571,29,中性盘
834,10:12:44,187.8,281659,15,买盘
835,10:12:47,187.81,544606,29,买盘
836,10:12:50,187.8,338037,18,卖盘
837,10:12:53,187.81,281696,15,买盘
838,10:12:56,187.8,75123,4,中性盘
839,10:12:59,187.81,131467,7,买盘
840,10:13:02,187.82,150252,8,中性盘
841,10:13:05,187.83,469535,25,买盘
842,10:13:08,187.83,56345,3,中性盘
843,10:13:11,187.84,37568,2,买盘
844,10:13:14,187.83,18783,1,卖盘
845,10:13:17,187.85,75140,4,买盘
846,10:13:20,187.83,394487,21,卖盘
847,10:13:23,187.83,169084,9,卖盘
848,10:13:29,187.83,413310,22,卖盘
849,10:13:32,187.92,169112,9,买盘
850,10:13:35,187.9,56372,3,卖盘
851,10:13:38,187.9,338250,18,卖盘
852,10:13:41,187.96,18796,1,买盘
853,10:13:44,187.95,75188,4,卖盘
854,10:13:50,188.0,131599,7,买盘
855,10:13:53,188.0,357200,19,买盘
856,10:13:56,188.0,56404,3,卖盘
857,10:13:59,188.02,37604,2,买盘
858,10:14:05,188.05,150442,8,买盘
859,10:14:08,188.05,56417,3,中性盘
860,10:14:11,188.02,282032,15,卖盘
861,10:14:14,188.04,18804,1,卖盘
862,10:14:17,188.03,282055,15,卖盘
863,10:14:20,188.04,75221,4,卖盘
864,10:14:23,188.05,112826,6,中性盘
865,10:14:26,188.05,131623,7,买盘
866,10:14:29,188.06,112834,6,买盘
867,10:14:32,188.06,206862,11,买盘
868,10:14:35,188.05,75224,4,卖盘
869,10:14:38,188.06,75225,4,卖盘
870,10:14:41,188.06,112841,6,卖盘
871,10:14:44,188.06,319706,17,卖盘
872,10:14:47,188.06,188060,10,买盘
873,10:14:50,188.05,488955,26,卖盘
874,10:14:53,188.06,56417,3,买盘
875,10:14:56,188.06,18806,1,买盘
876,10:14:59,188.06,451346,24,买盘
877,10:15:02,188.06,131643,7,卖盘
878,10:15:05,188.08,263288,14,买盘
879,10:15:08,188.08,94040,5,卖盘
880,10:15:11,188.06,300896,16,卖盘
881,10:15:14,188.06,56417,3,买盘
882,10:15:17,188.06,338505,18,买盘
883,10:15:20,188.06,94034,5,卖盘
884,10:15:23,188.08,37616,2,买盘
885,10:15:26,188.07,37614,2,卖盘
886,10:15:29,188.07,921468,49,卖盘
887,10:15:32,188.0,1316071,70,卖盘
888,10:15:35,187.99,1635318,87,卖盘
889,10:15:38,187.9,281930,15,卖盘
890,10:15:41,187.88,37576,2,卖盘
891,10:15:44,187.9,394549,21,买盘
892,10:15:47,188.0,563750,30,买盘
893,10:15:56,187.99,244392,13,卖盘
894,10:15:59,187.99,18799,1,卖盘
895,10:16:02,187.93,56391,3,卖盘
896,10:16:05,187.98,131559,7,中性盘
897,10:16:08,187.93,37586,2,中性盘
898,10:16:11,187.93,18793,1,买盘
899,10:16:14,187.92,263090,14,卖盘
900,10:16:17,187.89,150316,8,卖盘
901,10:16:20,187.92,187895,10,买盘
902,10:16:23,187.92,37584,2,买盘
903,10:16:26,187.88,263053,14,卖盘
904,10:16:29,187.87,18787,1,中性盘
905,10:16:32,187.85,1183233,63,卖盘
906,10:16:35,187.73,56323,3,卖盘
907,10:16:38,187.75,112646,6,卖盘
908,10:16:41,187.74,56318,3,中性盘
909,10:16:44,187.72,319152,17,卖盘
910,10:16:47,187.71,93852,5,中性盘
911,10:16:50,187.69,300268,16,中性盘
912,10:16:53,187.67,112598,6,卖盘
913,10:16:56,187.65,525444,28,卖盘
914,10:16:59,187.66,300266,16,中性盘
915,10:17:02,187.65,469135,25,卖盘
916,10:17:05,187.65,281455,15,卖盘
917,10:17:08,187.63,431521,23,中性盘
918,10:17:11,187.79,1238676,66,买盘
919,10:17:14,187.69,75100,4,卖盘
920,10:17:17,187.6,356531,19,卖盘
921,10:17:23,187.66,18766,1,中性盘
922,10:17:26,187.68,168888,9,中性盘
923,10:17:29,187.66,450444,24,中性盘
924,10:17:32,187.8,56340,3,中性盘
925,10:17:35,187.82,262860,14,买盘
926,10:17:38,187.68,93842,5,卖盘
927,10:17:41,187.79,319200,17,买盘
928,10:17:44,187.79,112664,6,买盘
929,10:17:47,187.85,507140,27,买盘
930,10:17:50,187.81,112691,6,卖盘
931,10:17:56,187.82,56346,3,卖盘
932,10:17:59,187.82,93910,5,买盘
933,10:18:02,187.82,56346,3,买盘
934,10:18:05,187.81,37563,2,卖盘
935,10:18:08,187.8,319268,17,卖盘
936,10:18:11,187.79,75117,4,卖盘
937,10:18:14,187.72,56315,3,卖盘
938,10:18:17,187.7,356668,19,卖盘
939,10:18:20,187.71,56313,3,卖盘
940,10:18:23,187.7,37540,2,卖盘
941,10:18:26,187.71,356634,19,买盘
942,10:18:29,187.71,356636,19,买盘
943,10:18:32,187.71,225246,12,买盘
944,10:18:35,187.7,75080,4,卖盘
945,10:18:38,187.71,75084,4,买盘
946,10:18:41,187.7,37540,2,卖盘
947,10:18:44,187.69,56307,3,卖盘
948,10:18:47,187.67,150151,8,卖盘
949,10:18:50,187.69,281498,15,买盘
950,10:18:56,187.69,18769,1,买盘
951,10:18:59,187.68,56304,3,买盘
952,10:19:02,187.65,56295,3,卖盘
953,10:19:05,187.65,300253,16,卖盘
954,10:19:08,187.65,281481,15,卖盘
955,10:19:11,187.68,56304,3,买盘
956,10:19:14,187.65,206425,11,卖盘
957,10:19:17,187.65,56295,3,卖盘
958,10:19:20,187.66,150121,8,买盘
959,10:19:23,187.66,168886,9,买盘
960,10:19:26,187.65,131357,7,卖盘
961,10:19:29,187.65,150120,8,买盘
962,10:19:32,187.65,18765,1,买盘
963,10:19:35,187.64,131349,7,卖盘
964,10:19:38,187.65,112585,6,买盘
965,10:19:41,187.63,281437,15,卖盘
966,10:19:47,187.63,131335,7,买盘
967,10:19:50,187.62,93810,5,卖盘
968,10:19:53,187.61,150088,8,卖盘
969,10:19:56,187.61,93808,5,卖盘
970,10:19:59,187.62,93807,5,买盘
971,10:20:02,187.61,281416,15,卖盘
972,10:20:05,187.61,562839,30,买盘
973,10:20:08,187.61,356444,19,卖盘
974,10:20:11,187.62,150096,8,买盘
975,10:20:14,187.61,56284,3,中性盘
976,10:20:17,187.6,225125,12,卖盘
977,10:20:20,187.6,281401,15,卖盘
978,10:20:23,187.6,18760,1,卖盘
979,10:20:26,187.6,637841,34,卖盘
980,10:20:29,187.6,168842,9,卖盘
981,10:20:32,187.6,206365,11,卖盘
982,10:20:35,187.61,37521,2,买盘
983,10:20:38,187.6,281400,15,卖盘
984,10:20:41,187.6,93802,5,卖盘
985,10:20:44,187.6,450243,24,卖盘
986,10:20:47,187.6,206360,11,卖盘
987,10:20:50,187.6,168846,9,卖盘
988,10:20:53,187.61,131322,7,买盘
989,10:20:56,187.58,712861,38,卖盘
990,10:20:59,187.59,562741,30,买盘
991,10:21:02,187.59,168820,9,买盘
992,10:21:05,187.59,168819,9,买盘
993,10:21:08,187.56,131302,7,卖盘
994,10:21:11,187.55,675198,36,卖盘
995,10:21:14,187.54,356308,19,卖盘
996,10:21:17,187.55,75018,4,买盘
997,10:21:20,187.48,3262488,174,卖盘
998,10:21:23,187.46,149968,8,卖盘
999,10:21:26,187.47,112477,6,中性盘
1000,10:21:29,187.45,112476,6,卖盘
1001,10:21:32,187.46,412396,22,买盘
1002,10:21:35,187.45,168709,9,卖盘
1003,10:21:38,187.45,93725,5,买盘
1004,10:21:41,187.44,93720,5,卖盘
1005,10:21:44,187.43,281153,15,卖盘
1006,10:21:47,187.43,131203,7,卖盘
1007,10:21:50,187.43,112460,6,卖盘
1008,10:21:53,187.43,74970,4,买盘
1009,10:21:56,187.42,449795,24,卖盘
1010,10:21:59,187.42,168678,9,买盘
1011,10:22:02,187.41,374821,20,卖盘
1012,10:22:05,187.41,168670,9,卖盘
1013,10:22:08,187.41,18741,1,买盘
1014,10:22:11,187.4,524720,28,卖盘
1015,10:22:14,187.41,37482,2,买盘
1016,10:22:17,187.38,580913,31,卖盘
1017,10:22:20,187.39,149912,8,买盘
1018,10:22:23,187.37,187378,10,卖盘
1019,10:22:26,187.37,112425,6,卖盘
1020,10:22:29,187.37,562128,30,卖盘
1021,10:22:32,187.37,206112,11,卖盘
1022,10:22:35,187.37,149897,8,卖盘
1023,10:22:38,187.36,168632,9,卖盘
1024,10:22:41,187.4,861926,46,买盘
1025,10:22:44,187.44,1386909,74,买盘
1026,10:22:47,187.5,431212,23,买盘
1027,10:22:50,187.51,56254,3,买盘
1028,10:22:53,187.5,187486,10,买盘
1029,10:22:59,187.53,18753,1,买盘
1030,10:23:02,187.52,412538,22,中性盘
1031,10:23:05,187.52,75008,4,买盘
1032,10:23:08,187.52,431293,23,买盘
1033,10:23:11,187.54,393802,21,买盘
1034,10:23:14,187.57,318865,17,买盘
1035,10:23:17,187.58,187578,10,中性盘
1036,10:23:20,187.58,93792,5,中性盘
1037,10:23:23,187.58,75032,4,买盘
1038,10:23:26,187.56,618982,33,卖盘
1039,10:23:29,187.56,206316,11,买盘
1040,10:23:32,187.56,1275348,68,买盘
1041,10:23:35,187.56,225068,12,买盘
1042,10:23:41,187.57,18757,1,买盘
1043,10:23:44,187.57,112542,6,买盘
1044,10:23:47,187.57,412649,22,买盘
1045,10:23:50,187.58,37516,2,买盘
1046,10:23:53,187.58,506466,27,买盘
1047,10:23:56,187.59,187588,10,买盘
1048,10:23:59,187.58,18758,1,卖盘
1049,10:24:02,187.59,694025,37,买盘
1050,10:24:05,187.59,187590,10,买盘
1051,10:24:08,187.58,37517,2,卖盘
1052,10:24:11,187.58,93791,5,卖盘
1053,10:24:14,187.59,1106741,59,买盘
1054,10:24:23,187.59,150075,8,卖盘
1055,10:24:26,187.59,412699,22,卖盘
1056,10:24:29,187.6,18760,1,买盘
1057,10:24:32,187.6,262635,14,买盘
1058,10:24:35,187.59,75036,4,卖盘
1059,10:24:38,187.59,468975,25,买盘
1060,10:24:41,187.6,637821,34,买盘
1061,10:24:44,187.59,18759,1,中性盘
1062,10:24:47,187.59,56277,3,买盘
1063,10:24:50,187.59,37518,2,买盘
1064,10:24:53,187.59,75036,4,买盘
1065,10:24:56,187.59,93793,5,买盘
1066,10:24:59,187.59,243867,13,买盘
1067,10:25:02,187.59,393922,21,买盘
1068,10:25:05,187.59,281382,15,买盘
1069,10:25:08,187.58,131307,7,卖盘
1070,10:25:11,187.58,187581,10,卖盘
1071,10:25:14,187.59,168818,9,买盘
1072,10:25:17,187.57,243851,13,卖盘
1073,10:25:20,187.59,393924,21,买盘
1074,10:25:23,187.57,262598,14,卖盘
1075,10:25:26,187.57,112542,6,中性盘
1076,10:25:29,187.57,131297,7,买盘
1077,10:25:32,187.57,56271,3,买盘
1078,10:25:35,187.57,281348,15,买盘
1079,10:25:38,187.57,206327,11,买盘
1080,10:25:41,187.56,150049,8,卖盘
1081,10:25:44,187.57,225082,12,买盘
1082,10:25:50,187.56,337622,18,卖盘
1083,10:25:53,187.56,18756,1,卖盘
1084,10:25:56,187.56,112538,6,卖盘
1085,10:25:59,187.56,56269,3,中性盘
1086,10:26:02,187.55,637688,34,卖盘
1087,10:26:05,187.53,356326,19,卖盘
1088,10:26:08,187.52,393803,21,卖盘
1089,10:26:11,187.5,843787,45,卖盘
1090,10:26:14,187.45,149966,8,卖盘
1091,10:26:17,187.42,356104,19,卖盘
1092,10:26:20,187.4,356069,19,卖盘
1093,10:26:23,187.38,74952,4,卖盘
1094,10:26:26,187.37,37474,2,卖盘
1095,10:26:29,187.37,149898,8,卖盘
1096,10:26:32,187.36,505895,27,卖盘
1097,10:26:35,187.37,112418,6,中性盘
1098,10:26:38,187.36,168624,9,卖盘
1099,10:26:41,187.38,74950,4,买盘
1100,10:26:44,187.37,74949,4,卖盘
1101,10:26:47,187.38,37476,2,中性盘
1102,10:26:50,187.37,243589,13,卖盘
1103,10:26:53,187.38,243587,13,卖盘
1104,10:26:56,187.37,187371,10,卖盘
1105,10:26:59,187.39,637070,34,买盘
1106,10:27:02,187.38,749456,40,中性盘
1107,10:27:05,187.36,318515,17,卖盘
1108,10:27:08,187.37,37476,2,中性盘
1109,10:27:11,187.38,37477,2,卖盘
1110,10:27:14,187.39,243596,13,买盘
1111,10:27:17,187.36,318507,17,卖盘
1112,10:27:20,187.35,524581,28,卖盘
1113,10:27:26,187.34,112404,6,卖盘
1114,10:27:29,187.34,281017,15,卖盘
1115,10:27:32,187.35,393423,21,买盘
1116,10:27:35,187.34,543312,29,卖盘
1117,10:27:38,187.34,206074,11,买盘
1118,10:27:41,187.33,636955,34,卖盘
1119,10:27:44,187.34,18734,1,买盘
1120,10:27:47,187.33,74935,4,卖盘
1121,10:27:50,187.34,524529,28,买盘
1122,10:27:53,187.33,74932,4,中性盘
1123,10:27:56,187.33,37466,2,买盘
1124,10:27:59,187.32,131129,7,卖盘
1125,10:28:02,187.3,1386073,74,卖盘
1126,10:28:05,187.31,56192,3,卖盘
1127,10:28:08,187.32,93654,5,买盘
1128,10:28:11,187.31,37462,2,卖盘
1129,10:28:14,187.32,131122,7,买盘
1130,10:28:17,187.32,318437,17,买盘
1131,10:28:20,187.31,262240,14,卖盘
1132,10:28:23,187.31,1348564,72,卖盘
1133,10:28:26,187.29,280934,15,卖盘
1134,10:28:29,187.29,692951,37,买盘
1135,10:28:32,187.29,56187,3,买盘
1136,10:28:35,187.28,93640,5,卖盘
1137,10:28:38,187.28,37456,2,买盘
1138,10:28:41,187.28,149817,8,买盘
1139,10:28:44,187.26,74906,4,卖盘
1140,10:28:47,187.26,205988,11,卖盘
1141,10:28:50,187.26,280883,15,卖盘
1142,10:28:53,187.25,299600,16,卖盘
1143,10:28:56,187.25,430678,23,卖盘
1144,10:28:59,187.26,337037,18,买盘
1145,10:29:02,187.2,3500938,187,卖盘
1146,10:29:05,187.16,280755,15,卖盘
1147,10:29:08,187.12,486517,26,卖盘
1148,10:29:11,187.11,748441,40,卖盘
1149,10:29:14,187.1,449040,24,卖盘
1150,10:29:17,187.07,523820,28,卖盘
1151,10:29:20,187.09,2600480,139,买盘
1152,10:29:23,187.05,1627387,87,卖盘
1153,10:29:26,187.07,224464,12,买盘
1154,10:29:29,187.11,1908308,102,买盘
1155,10:29:32,187.08,823278,44,卖盘
1156,10:29:35,187.2,243221,13,买盘
1157,10:29:38,187.18,655318,35,中性盘
1158,10:29:41,187.36,1217661,65,买盘
1159,10:29:44,187.36,936928,50,卖盘
1160,10:29:50,187.37,93694,5,中性盘
1161,10:29:56,187.36,299779,16,卖盘
1162,10:29:59,187.5,74973,4,买盘
1163,10:30:02,187.5,18750,1,买盘
1164,10:30:05,187.54,75012,4,买盘
1165,10:30:08,187.52,712858,38,卖盘
1166,10:30:11,187.58,93790,5,中性盘
1167,10:30:14,187.63,356325,19,买盘
1168,10:30:17,187.52,56256,3,中性盘
1169,10:30:20,187.52,112513,6,卖盘
1170,10:30:23,187.6,187600,10,买盘
1171,10:30:26,187.59,75027,4,买盘
1172,10:30:29,187.57,75021,4,中性盘
1173,10:30:32,187.63,581577,31,买盘
1174,10:30:35,187.6,300156,16,卖盘
1175,10:30:38,187.62,56284,3,中性盘
1176,10:30:41,187.62,37524,2,买盘
1177,10:30:44,187.77,2177298,116,买盘
1178,10:30:47,187.8,112677,6,买盘
1179,10:30:50,187.88,169077,9,买盘
1180,10:30:53,187.88,169091,9,买盘
1181,10:30:56,187.87,206655,11,卖盘
1182,10:30:59,187.88,75151,4,买盘
1183,10:31:02,187.88,37576,2,买盘
1184,10:31:05,187.88,75152,4,买盘
1185,10:31:08,187.88,112730,6,卖盘
1186,10:31:11,187.9,37580,2,买盘
1187,10:31:14,187.9,37580,2,买盘
1188,10:31:17,187.88,37578,2,卖盘
1189,10:31:20,187.9,18790,1,买盘
1190,10:31:23,187.87,225452,12,卖盘
1191,10:31:26,187.9,18790,1,中性盘
1192,10:31:29,187.85,319357,17,卖盘
1193,10:31:32,187.86,244200,13,买盘
1194,10:31:35,187.82,187806,10,中性盘
1195,10:31:38,187.85,150254,8,买盘
1196,10:31:41,187.85,432040,23,买盘
1197,10:31:44,187.8,206624,11,卖盘
1198,10:31:47,187.8,18780,1,中性盘
1199,10:31:50,187.92,882944,47,买盘
1200,10:31:53,187.92,18792,1,买盘
1201,10:32:02,187.98,601357,32,买盘
1202,10:32:05,187.96,37595,2,中性盘
1203,10:32:08,187.99,18799,1,卖盘
1204,10:32:11,188.0,206795,11,买盘
1205,10:32:14,188.0,507590,27,买盘
1206,10:32:17,188.03,752011,40,买盘
1207,10:32:20,188.07,188031,10,买盘
1208,10:32:23,188.01,112829,6,中性盘
1209,10:32:26,188.05,244405,13,买盘
1210,10:32:29,188.05,131626,7,买盘
1211,10:32:32,188.05,112836,6,卖盘
1212,10:32:35,188.12,244535,13,买盘
1213,10:32:38,188.18,564516,30,买盘
1214,10:32:41,188.19,18819,1,买盘
1215,10:32:44,188.2,75271,4,买盘
1216,10:32:47,188.21,640099,34,买盘
1217,10:32:50,188.19,677499,36,中性盘
1218,10:32:53,188.17,282260,15,中性盘
1219,10:32:56,188.19,376371,20,买盘
1220,10:32:59,188.17,112902,6,买盘
1221,10:33:02,188.12,150512,8,卖盘
1222,10:33:05,188.06,714854,38,卖盘
1223,10:33:08,187.99,676892,36,卖盘
1224,10:33:11,188.04,319663,17,买盘
1225,10:33:14,188.04,56407,3,买盘
1226,10:33:17,188.05,338415,18,买盘
1227,10:33:20,188.04,75219,4,卖盘
1228,10:33:23,188.03,75200,4,买盘
1229,10:33:26,187.9,112753,6,卖盘
1230,10:33:32,187.9,93950,5,买盘
1231,10:33:35,187.95,150358,8,买盘
1232,10:33:38,187.95,112770,6,卖盘
1233,10:33:41,188.0,93999,5,买盘
1234,10:33:47,188.0,18800,1,买盘
1235,10:33:53,188.05,188032,10,买盘
1236,10:33:56,187.89,695302,37,卖盘
1237,10:33:59,188.0,169209,9,买盘
1238,10:34:02,188.0,18800,1,卖盘
1239,10:34:05,188.05,18805,1,中性盘
1240,10:34:08,188.1,1316545,70,买盘
1241,10:34:11,188.2,1693059,90,买盘
1242,10:34:14,188.31,602203,32,买盘
1243,10:34:17,188.21,37634,2,买盘
1244,10:34:20,188.13,37643,2,卖盘
1245,10:34:23,188.26,18826,1,中性盘
1246,10:34:26,188.1,225813,12,卖盘
1247,10:34:29,188.19,94062,5,中性盘
1248,10:34:32,188.21,225836,12,买盘
1249,10:34:35,188.11,169306,9,中性盘
1250,10:34:38,188.19,112913,6,买盘
1251,10:34:41,188.2,526960,28,买盘
1252,10:34:44,188.21,959822,51,买盘
1253,10:34:47,188.21,188236,10,卖盘
1254,10:34:50,188.25,37653,2,卖盘
1255,10:34:53,188.28,320078,17,买盘
1256,10:34:56,188.28,56484,3,买盘
1257,10:34:59,188.31,37661,2,买盘
1258,10:35:05,188.34,338975,18,买盘
1259,10:35:08,188.34,56503,3,卖盘
1260,10:35:11,188.35,56504,3,买盘
1261,10:35:14,188.34,207184,11,卖盘
1262,10:35:17,188.34,583839,31,买盘
1263,10:35:20,188.34,188340,10,买盘
1264,10:35:23,188.34,112996,6,买盘
1265,10:35:26,188.34,376679,20,买盘
1266,10:35:29,188.3,131828,7,卖盘
1267,10:35:32,188.37,56511,3,买盘
1268,10:35:35,188.37,37674,2,卖盘
1269,10:35:38,188.34,18834,1,卖盘
1270,10:35:41,188.34,18834,1,卖盘
1271,10:35:44,188.34,169513,9,卖盘
1272,10:35:47,188.34,18834,1,买盘
1273,10:35:50,188.37,339033,18,买盘
1274,10:35:56,188.38,37673,2,中性盘
1275,10:36:02,188.37,150696,8,买盘
1276,10:36:05,188.36,56508,3,卖盘
1277,10:36:08,188.35,376716,20,卖盘
1278,10:36:14,188.37,244873,13,买盘
1279,10:36:17,188.34,131842,7,卖盘
1280,10:36:20,188.35,94172,5,买盘
1281,10:36:23,188.33,18833,1,中性盘
1282,10:36:26,188.33,244819,13,买盘
1283,10:36:29,188.35,37670,2,买盘
1284,10:36:32,188.33,244829,13,卖盘
1285,10:36:35,188.35,75334,4,买盘
1286,10:36:38,188.34,37668,2,卖盘
1287,10:36:44,188.31,37665,2,卖盘
1288,10:36:47,188.3,282457,15,卖盘
1289,10:36:50,188.34,244832,13,买盘
1290,10:36:56,188.34,75332,4,买盘
1291,10:36:59,188.34,244812,13,买盘
1292,10:37:02,188.34,94170,5,卖盘
1293,10:37:05,188.34,56502,3,卖盘
1294,10:37:08,188.25,56493,3,卖盘
1295,10:37:11,188.25,18825,1,卖盘
1296,10:37:14,188.25,56475,3,卖盘
1297,10:37:17,188.21,18821,1,卖盘
1298,10:37:20,188.2,37641,2,卖盘
1299,10:37:29,188.11,18811,1,卖盘
1300,10:37:32,188.2,639858,34,买盘
1301,10:37:35,188.21,56463,3,中性盘
1302,10:37:38,188.25,188246,10,买盘
1303,10:37:41,188.25,207052,11,买盘
1304,10:37:44,188.24,45175,2,买盘
1305,10:37:47,188.21,48934,3,卖盘
1306,10:37:53,188.17,131747,7,卖盘
1307,10:37:59,188.17,169368,9,卖盘
1308,10:38:02,188.17,18817,1,卖盘
1309,10:38:05,188.17,75268,4,卖盘
1310,10:38:08,188.18,131721,7,买盘
1311,10:38:11,188.22,421573,22,买盘
1312,10:38:14,188.23,75292,4,买盘
1313,10:38:17,188.28,56484,3,买盘
1314,10:38:23,188.25,18825,1,卖盘
1315,10:38:26,188.24,94129,5,卖盘
1316,10:38:29,188.28,37656,2,卖盘
1317,10:38:35,188.25,37653,2,卖盘
1318,10:38:38,188.28,56481,3,买盘
1319,10:38:41,188.28,37656,2,买盘
1320,10:38:47,188.29,583698,31,买盘
1321,10:38:50,188.26,18826,1,中性盘
1322,10:38:53,188.25,207075,11,卖盘
1323,10:38:56,188.23,489419,26,卖盘
1324,10:38:59,188.12,658595,35,卖盘
1325,10:39:02,188.08,75238,4,卖盘
1326,10:39:05,188.03,94027,5,卖盘
1327,10:39:08,188.03,18803,1,卖盘
1328,10:39:11,188.01,244415,13,买盘
1329,10:39:14,188.01,18801,1,卖盘
1330,10:39:17,188.01,131607,7,卖盘
1331,10:39:20,188.0,188011,10,卖盘
1332,10:39:23,188.0,75200,4,卖盘
1333,10:39:26,188.0,56401,3,卖盘
1334,10:39:29,188.0,75201,4,卖盘
1335,10:39:32,188.0,18800,1,卖盘
1336,10:39:35,188.0,169202,9,卖盘
1337,10:39:38,188.0,112804,6,卖盘
1338,10:39:41,188.0,413609,22,卖盘
1339,10:39:44,188.0,56400,3,卖盘
1340,10:39:50,187.96,1090377,58,卖盘
1341,10:39:53,187.91,93969,5,中性盘
1342,10:39:56,187.9,56372,3,卖盘
1343,10:39:59,187.89,131524,7,卖盘
1344,10:40:02,187.89,131523,7,卖盘
1345,10:40:05,187.85,281784,15,卖盘
1346,10:40:08,187.81,75128,4,卖盘
1347,10:40:11,187.81,37562,2,卖盘
1348,10:40:14,187.8,131460,7,卖盘
1349,10:40:17,187.8,2157495,115,卖盘
1350,10:40:20,187.65,657028,35,中性盘
1351,10:40:26,187.68,300340,16,中性盘
1352,10:40:32,187.6,1876128,100,卖盘
1353,10:40:35,187.77,375501,20,买盘
1354,10:40:38,187.69,488005,26,卖盘
1355,10:40:41,187.69,75085,4,卖盘
1356,10:40:44,187.71,56318,3,卖盘
1357,10:40:47,187.7,168956,9,卖盘
1358,10:40:50,187.76,18776,1,买盘
1359,10:40:53,187.77,244078,13,买盘
1360,10:40:56,187.77,206552,11,买盘
1361,10:40:59,187.74,375503,20,卖盘
1362,10:41:02,187.77,244105,13,中性盘
1363,10:41:05,187.77,37554,2,卖盘
1364,10:41:08,187.77,37554,2,卖盘
1365,10:41:11,187.77,75108,4,买盘
1366,10:41:14,187.79,262890,14,买盘
1367,10:41:17,187.76,262889,14,卖盘
1368,10:41:20,187.74,206514,11,卖盘
1369,10:41:26,187.71,75090,4,卖盘
1370,10:41:29,187.71,150168,8,卖盘
1371,10:41:32,187.71,37544,2,卖盘
1372,10:41:35,187.7,281575,15,卖盘
1373,10:41:38,187.69,375399,20,卖盘
1374,10:41:44,187.7,225230,12,卖盘
1375,10:41:47,187.7,93846,5,买盘
1376,10:41:50,187.69,37538,2,卖盘
1377,10:41:53,187.7,112615,6,买盘
1378,10:41:56,187.71,187702,10,买盘
1379,10:41:59,187.69,281535,15,卖盘
1380,10:42:02,187.69,18769,1,卖盘
1381,10:42:05,187.69,225232,12,卖盘
1382,10:42:08,187.69,225228,12,卖盘
1383,10:42:11,187.68,150147,8,卖盘
1384,10:42:14,187.66,93836,5,卖盘
1385,10:42:17,187.63,487860,26,卖盘
1386,10:42:20,187.6,300162,16,卖盘
1387,10:42:23,187.59,356438,19,卖盘
1388,10:42:26,187.58,75032,4,卖盘
1389,10:42:32,187.52,56257,3,卖盘
1390,10:42:35,187.52,168768,9,买盘
1391,10:42:38,187.48,562644,30,卖盘
1392,10:42:41,187.48,112488,6,卖盘
1393,10:42:44,187.48,37496,2,买盘
1394,10:42:47,187.47,74989,4,卖盘
1395,10:42:50,187.48,18748,1,买盘
1396,10:42:53,187.49,1293791,69,买盘
1397,10:42:56,187.49,131262,7,卖盘
1398,10:42:59,187.49,299990,16,卖盘
1399,10:43:02,187.49,149992,8,买盘
1400,10:43:05,187.5,262487,14,买盘
1401,10:43:08,187.5,112499,6,中性盘
1402,10:43:11,187.51,112506,6,卖盘
1403,10:43:20,187.6,262537,14,中性盘
1404,10:43:23,187.55,56266,3,中性盘
1405,10:43:26,187.52,56254,3,中性盘
1406,10:43:29,187.57,243789,13,买盘
1407,10:43:32,187.66,75064,4,买盘
1408,10:43:35,187.65,56295,3,买盘
1409,10:43:38,187.56,206332,11,卖盘
1410,10:43:41,187.63,131346,7,中性盘
1411,10:43:44,187.63,18763,1,买盘
1412,10:43:47,187.57,56284,3,卖盘
1413,10:43:50,187.57,75028,4,中性盘
1414,10:43:56,187.57,131297,7,中性盘
1415,10:43:59,187.55,131292,7,卖盘
1416,10:44:02,187.56,150055,8,卖盘
1417,10:44:05,187.56,93780,5,卖盘
1418,10:44:08,187.55,168795,9,卖盘
1419,10:44:11,187.55,112522,6,买盘
1420,10:44:14,187.52,93766,5,卖盘
1421,10:44:17,187.58,318808,17,买盘
1422,10:44:20,187.65,225110,12,买盘
1423,10:44:23,187.58,18758,1,卖盘
1424,10:44:29,187.65,187650,10,买盘
1425,10:44:32,187.59,37519,2,卖盘
1426,10:44:38,187.67,18767,1,中性盘
1427,10:44:41,187.68,469138,25,买盘
1428,10:44:44,187.68,56304,3,卖盘
1429,10:44:47,187.68,37536,2,卖盘
1430,10:44:50,187.68,93841,5,卖盘
1431,10:44:53,187.68,150144,8,卖盘
1432,10:44:56,187.69,262765,14,买盘
1433,10:44:59,187.68,112609,6,卖盘
1434,10:45:02,187.7,18770,1,买盘
1435,10:45:08,187.7,93850,5,买盘
1436,10:45:11,187.71,56312,3,买盘
1437,10:45:17,187.72,18772,1,买盘
1438,10:45:20,187.72,75090,4,买盘
1439,10:45:23,187.72,56316,3,卖盘
1440,10:45:26,187.74,18774,1,买盘
1441,10:45:29,187.74,18774,1,买盘
1442,10:45:32,187.74,112644,6,买盘
1443,10:45:35,187.73,18773,1,卖盘
1444,10:45:38,187.72,56316,3,卖盘
1445,10:45:41,187.72,18772,1,卖盘
1446,10:45:44,187.73,18773,1,买盘
1447,10:45:47,187.73,21777,1,买盘
1448,10:45:50,187.76,131428,7,买盘
1449,10:45:56,187.77,18777,1,卖盘
1450,10:46:02,187.77,18777,1,中性盘
1451,10:46:05,187.8,75120,4,买盘
1452,10:46:08,187.77,37554,2,卖盘
1453,10:46:11,187.77,131454,7,卖盘
1454,10:46:14,187.8,150240,8,买盘
1455,10:46:17,187.83,56351,3,买盘
1456,10:46:20,187.83,18783,1,买盘
1457,10:46:23,187.83,18783,1,买盘
1458,10:46:26,187.85,37568,2,买盘
1459,10:46:29,187.85,56355,3,买盘
1460,10:46:32,187.88,75143,4,买盘
1461,10:46:38,187.85,244293,13,卖盘
1462,10:46:41,187.84,112705,6,卖盘
1463,10:46:44,187.86,18786,1,买盘
1464,10:46:47,187.85,18785,1,中性盘
1465,10:46:50,187.85,75143,4,卖盘
1466,10:46:56,187.88,18788,1,卖盘
1467,10:46:59,187.88,18788,1,卖盘
1468,10:47:02,187.97,75187,4,买盘
1469,10:47:05,187.95,18795,1,中性盘
1470,10:47:08,187.9,112739,6,中性盘
1471,10:47:11,187.86,112717,6,卖盘
1472,10:47:14,187.88,451068,24,卖盘
1473,10:47:17,187.91,112764,6,中性盘
1474,10:47:20,187.91,18791,1,卖盘
1475,10:47:23,187.87,413315,22,卖盘
1476,10:47:26,187.87,37575,2,卖盘
1477,10:47:29,187.86,112724,6,卖盘
1478,10:47:32,187.88,37576,2,买盘
1479,10:47:35,187.88,37577,2,卖盘
1480,10:47:38,187.89,56371,3,卖盘
1481,10:47:41,187.91,18791,1,买盘
1482,10:47:44,187.91,37582,2,买盘
1483,10:47:50,187.91,18791,1,买盘
1484,10:47:56,187.88,18788,1,卖盘
1485,10:47:59,187.91,37582,2,买盘
1486,10:48:02,187.88,75153,4,卖盘
1487,10:48:05,187.84,751450,40,卖盘
1488,10:48:08,187.83,131490,7,卖盘
1489,10:48:14,187.81,93911,5,卖盘
1490,10:48:17,187.83,18783,1,买盘
1491,10:48:20,187.83,93909,5,买盘
1492,10:48:26,187.8,93902,5,卖盘
1493,10:48:29,187.79,319259,17,卖盘
1494,10:48:32,187.72,860822,46,卖盘
1495,10:48:35,187.72,56332,3,卖盘
1496,10:48:38,187.72,638632,34,卖盘
1497,10:48:41,187.87,676180,36,买盘
1498,10:48:44,187.87,657178,35,买盘
1499,10:48:50,187.8,169076,9,卖盘
1500,10:48:56,187.87,18787,1,卖盘
1501,10:48:59,187.8,131484,7,卖盘
1502,10:49:02,187.8,131435,7,买盘
1503,10:49:05,187.74,18774,1,中性盘
1504,10:49:08,187.74,18774,1,买盘
1505,10:49:44,187.74,37553,2,卖盘
1506,10:49:47,187.79,18779,1,买盘
1507,10:49:50,187.74,18774,1,卖盘
1508,10:49:53,187.79,18779,1,中性盘
1509,10:49:56,187.74,244072,13,卖盘
1510,10:49:59,187.71,18771,1,卖盘
1511,10:50:02,187.71,56316,3,卖盘
1512,10:50:05,187.73,56315,3,买盘
1513,10:50:08,187.71,18771,1,卖盘
1514,10:50:11,187.73,18773,1,中性盘
1515,10:50:14,187.73,18773,1,卖盘
1516,10:50:20,187.73,56319,3,卖盘
1517,10:50:23,187.72,18772,1,卖盘
1518,10:50:26,187.72,150181,8,卖盘
1519,10:50:29,187.73,150183,8,中性盘
1520,10:50:32,187.73,37546,2,卖盘
1521,10:50:35,187.73,75092,4,卖盘
1522,10:50:38,187.73,131412,7,卖盘
1523,10:50:41,187.73,56319,3,卖盘
1524,10:50:44,187.74,18774,1,卖盘
1525,10:50:50,187.74,150192,8,卖盘
1526,10:50:53,187.73,18773,1,卖盘
1527,10:50:59,187.73,168957,9,卖盘
1528,10:51:02,187.72,75090,4,卖盘
1529,10:51:11,187.71,18771,1,卖盘
1530,10:51:14,187.7,863410,46,卖盘
1531,10:51:17,187.65,37530,2,卖盘
1532,10:51:20,187.65,112615,6,卖盘
1533,10:51:23,187.6,394038,21,卖盘
1534,10:51:26,187.6,93800,5,卖盘
1535,10:51:29,187.6,18760,1,卖盘
1536,10:51:32,187.58,131306,7,卖盘
1537,10:51:35,187.58,206347,11,卖盘
1538,10:51:38,187.58,56274,3,卖盘
1539,10:51:44,187.5,918933,49,卖盘
1540,10:51:47,187.5,262524,14,卖盘
1541,10:51:53,187.5,18750,1,卖盘
1542,10:51:56,187.5,56258,3,卖盘
1543,10:51:59,187.5,18750,1,卖盘
1544,10:52:02,187.52,56253,3,中性盘
1545,10:52:05,187.5,150022,8,卖盘
1546,10:52:08,187.5,168770,9,卖盘
1547,10:52:11,187.59,37517,2,中性盘
1548,10:52:17,187.64,18764,1,买盘
1549,10:52:29,187.63,18763,1,买盘
1550,10:52:44,187.6,206360,11,卖盘
1551,10:52:50,187.63,37526,2,买盘
1552,10:52:59,187.64,37525,2,买盘
1553,10:53:02,187.6,412742,22,卖盘
1554,10:53:05,187.59,262637,14,卖盘
1555,10:53:08,187.59,375188,20,卖盘
1556,10:53:11,187.58,37516,2,卖盘
1557,10:53:17,187.58,37516,2,买盘
1558,10:53:20,187.56,93783,5,卖盘
1559,10:53:23,187.57,37513,2,买盘
1560,10:53:26,187.54,150035,8,卖盘
1561,10:53:32,187.56,168810,9,卖盘
1562,10:53:35,187.57,18757,1,买盘
1563,10:53:38,187.56,37512,2,卖盘
1564,10:53:41,187.55,75019,4,买盘
1565,10:53:44,187.56,150048,8,卖盘
1566,10:53:50,187.56,93780,5,买盘
1567,10:53:53,187.57,18757,1,买盘
1568,10:53:56,187.58,75030,4,中性盘
1569,10:53:59,187.57,131305,7,卖盘
1570,10:54:11,187.56,75026,4,卖盘
1571,10:54:14,187.56,262593,14,卖盘
1572,10:54:17,187.55,18755,1,卖盘
1573,10:54:20,187.55,56265,3,卖盘
1574,10:54:26,187.54,37509,2,卖盘
1575,10:54:29,187.55,393844,21,买盘
1576,10:54:32,187.55,37510,2,卖盘
1577,10:54:38,187.55,150040,8,卖盘
1578,10:54:41,187.55,75020,4,卖盘
1579,10:54:44,187.54,112530,6,中性盘
1580,10:54:50,187.53,37508,2,卖盘
1581,10:54:53,187.54,37509,2,中性盘
1582,10:54:56,187.53,75014,4,卖盘
1583,10:54:59,187.53,150026,8,卖盘
1584,10:55:02,187.53,75017,4,卖盘
1585,10:55:05,187.51,431355,23,卖盘
1586,10:55:14,187.53,18753,1,买盘
1587,10:55:20,187.51,187520,10,卖盘
1588,10:55:23,187.51,225012,12,卖盘
1589,10:55:26,187.5,150007,8,卖盘
1590,10:55:29,187.5,75000,4,卖盘
1591,10:55:32,187.51,112506,6,买盘
1592,10:55:35,187.5,131250,7,卖盘
1593,10:55:38,187.5,150002,8,卖盘
1594,10:55:41,187.5,262501,14,卖盘
1595,10:55:44,187.49,1031246,55,卖盘
1596,10:55:59,187.48,168742,9,卖盘
1597,10:56:02,187.46,431200,23,卖盘
1598,10:56:05,187.49,18749,1,买盘
1599,10:56:08,187.49,18749,1,买盘
1600,10:56:11,187.46,37494,2,卖盘
1601,10:56:14,187.46,18746,1,卖盘
1602,10:56:17,187.46,18746,1,卖盘
1603,10:56:20,187.48,262456,14,买盘
1604,10:56:23,187.54,1275054,68,买盘
1605,10:56:26,187.64,150094,8,买盘
1606,10:56:32,187.66,131362,7,买盘
1607,10:56:35,187.63,37526,2,中性盘
1608,10:56:38,187.62,112572,6,卖盘
1609,10:56:41,187.61,56284,3,卖盘
1610,10:56:44,187.62,18762,1,买盘
1611,10:56:47,187.62,18762,1,买盘
1612,10:56:50,187.61,281389,15,卖盘
1613,10:56:53,187.54,168807,9,卖盘
1614,10:56:56,187.59,56278,3,中性盘
1615,10:56:59,187.54,131280,7,卖盘
1616,10:57:02,187.5,93759,5,卖盘
1617,10:57:05,187.54,75016,4,中性盘
1618,10:57:08,187.5,56254,3,卖盘
1619,10:57:14,187.5,18750,1,卖盘
1620,10:57:17,187.45,449945,24,卖盘
1621,10:57:20,187.5,150007,8,中性盘
1622,10:57:23,187.39,337319,18,卖盘
1623,10:57:26,187.39,262347,14,卖盘
1624,10:57:29,187.38,93690,5,卖盘
1625,10:57:32,187.38,149902,8,买盘
1626,10:57:35,187.38,243590,13,买盘
1627,10:57:38,187.36,393473,21,卖盘
1628,10:57:41,187.37,93681,5,买盘
1629,10:57:44,187.37,131154,7,买盘
1630,10:57:47,187.35,430921,23,卖盘
1631,10:57:50,187.34,74938,4,卖盘
1632,10:57:53,187.34,93671,5,卖盘
1633,10:57:56,187.35,56202,3,中性盘
1634,10:57:59,187.32,355920,19,卖盘
1635,10:58:02,187.34,37465,2,买盘
1636,10:58:05,187.27,992684,53,卖盘
1637,10:58:08,187.27,393279,21,卖盘
1638,10:58:11,187.27,374526,20,卖盘
1639,10:58:14,187.27,37453,2,买盘
1640,10:58:17,187.24,524254,28,卖盘
1641,10:58:20,187.2,149763,8,卖盘
1642,10:58:23,187.18,2339950,125,卖盘
1643,10:58:26,187.17,74868,4,卖盘
1644,10:58:29,187.11,318110,17,卖盘
1645,10:58:32,187.11,37422,2,卖盘
1646,10:58:35,187.1,74842,4,卖盘
1647,10:58:38,187.1,411622,22,卖盘
1648,10:58:41,187.1,243231,13,卖盘
1649,10:58:44,187.1,149679,8,卖盘
1650,10:58:47,187.08,336759,18,卖盘
1651,10:58:50,187.09,299351,16,中性盘
1652,10:58:53,187.09,336765,18,买盘
1653,10:58:56,187.08,542549,29,卖盘
1654,10:58:59,187.07,636040,34,卖盘
1655,10:59:02,187.1,3667179,196,买盘
1656,10:59:05,187.12,18712,1,中性盘
1657,10:59:08,187.1,486461,26,卖盘
1658,10:59:11,187.11,37422,2,卖盘
1659,10:59:14,187.11,130977,7,卖盘
1660,10:59:17,187.1,561306,30,卖盘
1661,10:59:20,187.1,18710,1,买盘
1662,10:59:23,187.09,243218,13,卖盘
1663,10:59:26,187.1,860517,46,买盘
1664,10:59:29,187.06,954030,51,卖盘
1665,10:59:32,187.06,130942,7,买盘
1666,10:59:35,187.06,430220,23,买盘
1667,10:59:38,187.05,355398,19,卖盘
1668,10:59:41,187.04,617287,33,卖盘
1669,10:59:44,187.05,392805,21,买盘
1670,10:59:47,187.05,2767905,148,买盘
1671,10:59:50,187.04,205748,11,卖盘
1672,10:59:53,187.04,168326,9,买盘
1673,10:59:56,187.01,224417,12,卖盘
1674,10:59:59,187.02,486260,26,卖盘
1675,11:00:02,187.03,130921,7,中性盘
1676,11:00:05,187.03,74812,4,卖盘
1677,11:00:08,187.02,1627011,87,卖盘
1678,11:00:11,187.03,130921,7,卖盘
1679,11:00:14,187.04,74815,4,买盘
1680,11:00:17,187.03,130922,7,卖盘
1681,11:00:20,187.03,112214,6,买盘
1682,11:00:23,187.02,187024,10,卖盘
1683,11:00:26,187.03,37406,2,买盘
1684,11:00:29,187.02,1047315,56,卖盘
1685,11:00:32,187.0,3366123,180,卖盘
1686,11:00:35,187.0,691930,37,卖盘
1687,11:00:38,187.0,224413,12,卖盘
1688,11:00:41,187.01,280515,15,中性盘
1689,11:00:44,187.03,355361,19,买盘
1690,11:00:47,187.03,374040,20,卖盘
1691,11:00:50,187.03,243139,13,买盘
1692,11:00:53,187.03,336641,18,买盘
1693,11:00:56,187.04,112217,6,买盘
1694,11:00:59,187.03,486296,26,卖盘
1695,11:01:02,187.04,18704,1,卖盘
1696,11:01:05,187.05,112230,6,买盘
1697,11:01:08,187.1,598649,32,买盘
1698,11:01:11,187.11,112251,6,买盘
1699,11:01:17,187.08,74832,4,卖盘
1700,11:01:20,187.12,112272,6,买盘
1701,11:01:23,187.11,299384,16,卖盘
1702,11:01:26,187.14,74848,4,买盘
1703,11:01:29,187.14,93570,5,买盘
1704,11:01:32,187.14,93571,5,买盘
1705,11:01:35,187.12,449107,24,卖盘
1706,11:01:38,187.19,37438,2,买盘
1707,11:01:41,187.19,37438,2,买盘
1708,11:01:44,187.19,18719,1,买盘
1709,11:01:47,187.19,430510,23,买盘
1710,11:01:50,187.13,505345,27,卖盘
1711,11:01:53,187.13,505301,27,买盘
1712,11:01:56,187.13,205841,11,买盘
1713,11:01:59,187.14,149710,8,买盘
1714,11:02:02,187.1,729756,39,卖盘
1715,11:02:05,187.09,785838,42,卖盘
1716,11:02:08,187.09,18709,1,买盘
1717,11:02:11,187.05,224490,12,卖盘
1718,11:02:17,187.08,74832,4,买盘
1719,11:02:20,187.09,56127,3,卖盘
1720,11:02:23,187.1,37419,2,买盘
1721,11:02:26,187.09,523845,28,卖盘
1722,11:02:29,187.1,355477,19,买盘
1723,11:02:32,187.07,93541,5,卖盘
1724,11:02:35,187.07,130949,7,买盘
1725,11:02:38,187.06,37413,2,卖盘
1726,11:02:41,187.07,187069,10,买盘
1727,11:02:44,187.07,74830,4,卖盘
1728,11:02:47,187.08,149664,8,买盘
1729,11:02:50,187.07,448991,24,卖盘
1730,11:02:53,187.08,673448,36,卖盘
1731,11:02:56,187.07,74830,4,卖盘
1732,11:02:59,187.07,18707,1,卖盘
1733,11:03:02,187.07,112243,6,卖盘
1734,11:03:05,187.08,112245,6,买盘
1735,11:03:08,187.09,261904,14,买盘
1736,11:03:11,187.09,18709,1,卖盘
1737,11:03:14,187.1,74840,4,买盘
1738,11:03:17,187.1,168385,9,买盘
1739,11:03:20,187.1,74840,4,买盘
1740,11:03:23,187.11,74844,4,买盘
1741,11:03:26,187.13,336826,18,买盘
1742,11:03:29,187.2,1515838,81,买盘
1743,11:03:32,187.2,149732,8,买盘
1744,11:03:35,187.22,56167,3,买盘
1745,11:03:38,187.2,93608,5,卖盘
1746,11:03:41,187.22,56167,3,中性盘
1747,11:03:44,187.27,318245,17,买盘
1748,11:03:47,187.27,74906,4,买盘
1749,11:03:50,187.25,56175,3,买盘
1750,11:03:53,187.18,318287,17,卖盘
1751,11:03:59,187.18,149756,8,卖盘
1752,11:04:02,187.18,37436,2,买盘
1753,11:04:05,187.16,411783,22,卖盘
1754,11:04:08,187.19,18719,1,中性盘
1755,11:04:11,187.19,56157,3,卖盘
1756,11:04:14,187.21,93601,5,买盘
1757,11:04:17,187.18,168469,9,卖盘
1758,11:04:20,187.18,37436,2,买盘
1759,11:04:23,187.17,56152,3,卖盘
1760,11:04:26,187.18,74870,4,买盘
1761,11:04:29,187.16,18716,1,卖盘
1762,11:04:32,187.16,37432,2,买盘
1763,11:04:38,187.16,112296,6,买盘
1764,11:04:41,187.16,355597,19,买盘
1765,11:04:44,187.16,131013,7,卖盘
1766,11:04:47,187.16,112296,6,卖盘
1767,11:04:50,187.17,18717,1,买盘
1768,11:04:53,187.17,131014,7,买盘
1769,11:04:56,187.17,112301,6,买盘
1770,11:04:59,187.15,112294,6,卖盘
1771,11:05:02,187.15,56145,3,买盘
1772,11:05:08,187.15,18715,1,买盘
1773,11:05:11,187.15,131005,7,买盘
1774,11:05:14,187.14,74857,4,卖盘
1775,11:05:17,187.15,131003,7,买盘
1776,11:05:20,187.15,56145,3,买盘
1777,11:05:23,187.15,74860,4,卖盘
1778,11:05:26,187.16,131004,7,买盘
1779,11:05:29,187.16,93577,5,买盘
1780,11:05:32,187.16,187156,10,卖盘
1781,11:05:35,187.16,37433,2,中性盘
1782,11:05:38,187.15,393043,21,卖盘
1783,11:05:44,187.18,18718,1,买盘
1784,11:05:47,187.17,131023,7,卖盘
1785,11:05:56,187.15,149724,8,卖盘
1786,11:05:59,187.17,18717,1,买盘
1787,11:06:05,187.16,37432,2,买盘
1788,11:06:08,187.15,187151,10,卖盘
1789,11:06:11,187.15,18715,1,卖盘
1790,11:06:14,187.14,393012,21,卖盘
1791,11:06:17,187.16,93576,5,买盘
1792,11:06:20,187.14,37428,2,卖盘
1793,11:06:23,187.14,18714,1,买盘
1794,11:06:26,187.13,205845,11,卖盘
1795,11:06:29,187.13,392984,21,卖盘
1796,11:06:32,187.13,93564,5,卖盘
1797,11:06:35,187.12,37424,2,卖盘
1798,11:06:38,187.12,93556,5,买盘
1799,11:06:41,187.11,748414,40,卖盘
1800,11:06:44,187.09,168385,9,卖盘
1801,11:06:47,187.08,860573,46,卖盘
1802,11:06:50,187.09,168376,9,买盘
1803,11:06:53,187.08,74833,4,卖盘
1804,11:06:56,187.07,93539,5,卖盘
1805,11:06:59,187.06,168355,9,卖盘
1806,11:07:02,187.06,168356,9,卖盘
1807,11:07:05,187.05,448932,24,卖盘
1808,11:07:08,187.03,430206,23,卖盘
1809,11:07:11,187.03,37406,2,卖盘
1810,11:07:14,187.03,74813,4,卖盘
1811,11:07:17,187.04,187035,10,买盘
1812,11:07:20,187.03,149627,8,卖盘
1813,11:07:23,187.03,168322,9,买盘
1814,11:07:26,187.0,2805077,150,卖盘
1815,11:07:29,187.0,7255611,388,卖盘
1816,11:07:32,187.0,2300093,123,卖盘
1817,11:07:35,186.98,317867,17,卖盘
1818,11:07:38,186.99,355262,19,买盘
1819,11:07:41,186.96,112172,6,中性盘
1820,11:07:44,186.96,149561,8,买盘
1821,11:07:47,186.96,186960,10,卖盘
1822,11:07:50,186.93,93465,5,卖盘
1823,11:07:53,186.93,74774,4,卖盘
1824,11:07:56,186.9,205603,11,卖盘
1825,11:07:59,186.93,37386,2,买盘
1826,11:08:02,186.9,261666,14,卖盘
1827,11:08:05,186.9,168210,9,卖盘
1828,11:08:08,186.9,392494,21,卖盘
1829,11:08:11,186.91,336425,18,买盘
1830,11:08:14,186.9,186902,10,卖盘
1831,11:08:17,186.9,280353,15,卖盘
1832,11:08:20,186.89,93446,5,卖盘
1833,11:08:23,186.89,224271,12,卖盘
1834,11:08:26,186.88,168194,9,卖盘
1835,11:08:29,186.88,616713,33,卖盘
1836,11:08:32,186.86,130802,7,卖盘
1837,11:08:35,186.85,205536,11,卖盘
1838,11:08:38,186.83,130781,7,卖盘
1839,11:08:41,186.82,130775,7,卖盘
1840,11:08:44,186.8,205486,11,卖盘
1841,11:08:47,186.8,186801,10,卖盘
1842,11:08:50,186.78,877955,47,卖盘
1843,11:08:53,186.77,485617,26,卖盘
1844,11:08:56,186.7,522799,28,卖盘
1845,11:08:59,186.73,56023,3,卖盘
1846,11:09:02,186.78,882245,47,买盘
1847,11:09:05,186.75,238292,13,卖盘
1848,11:09:08,186.74,373494,20,卖盘
1849,11:09:11,186.72,821579,44,卖盘
1850,11:09:14,186.74,354762,19,买盘
1851,11:09:17,186.74,336115,18,中性盘
1852,11:09:20,186.7,802839,43,卖盘
1853,11:09:23,186.7,392086,21,卖盘
1854,11:09:26,186.74,224062,12,买盘
1855,11:09:29,186.72,74696,4,卖盘
1856,11:09:32,186.83,770291,41,买盘
1857,11:09:35,186.86,298928,16,买盘
1858,11:09:38,186.88,56062,3,买盘
1859,11:09:41,186.82,168149,9,买盘
1860,11:09:44,186.81,168137,9,卖盘
1861,11:09:47,186.86,18686,1,买盘
1862,11:09:50,186.73,298874,16,卖盘
1863,11:09:53,186.83,112107,6,中性盘
1864,11:09:56,186.82,74732,4,卖盘
1865,11:09:59,186.82,37364,2,买盘
1866,11:10:02,186.82,205497,11,买盘
1867,11:10:05,186.82,168090,9,买盘
1868,11:10:08,186.82,149457,8,买盘
1869,11:10:11,186.82,112096,6,卖盘
1870,11:10:17,186.89,130788,7,买盘
1871,11:10:20,186.9,224250,12,买盘
1872,11:10:23,186.84,56062,3,中性盘
1873,11:10:26,186.83,74739,4,卖盘
1874,11:10:29,186.9,37380,2,买盘
1875,11:10:32,186.83,168147,9,卖盘
1876,11:10:35,186.83,37366,2,买盘
1877,11:10:38,186.85,37370,2,中性盘
1878,11:10:41,186.83,74734,4,卖盘
1879,11:10:44,186.84,37369,2,中性盘
1880,11:10:47,186.85,56053,3,买盘
1881,11:10:50,186.84,392354,21,卖盘
1882,11:10:53,186.84,149465,8,买盘
1883,11:10:56,186.82,168152,9,卖盘
1884,11:10:59,186.84,93417,5,买盘
1885,11:11:02,186.84,112096,6,买盘
1886,11:11:05,186.84,896832,48,买盘
1887,11:11:08,186.84,168156,9,卖盘
1888,11:11:11,186.84,261576,14,卖盘
1889,11:11:14,186.83,56051,3,卖盘
1890,11:11:17,186.84,112104,6,买盘
1891,11:11:20,186.84,597876,32,买盘
1892,11:11:23,186.82,298928,16,卖盘
1893,11:11:26,186.83,168149,9,中性盘
1894,11:11:29,186.82,242879,13,卖盘
1895,11:11:32,186.81,336272,18,卖盘
1896,11:11:35,186.81,56043,3,买盘
1897,11:11:38,186.82,261526,14,买盘
1898,11:11:41,186.82,37363,2,买盘
1899,11:11:44,186.81,317593,17,卖盘
1900,11:11:47,186.82,56044,3,中性盘
1901,11:11:50,186.79,952668,51,卖盘
1902,11:11:53,186.77,37355,2,卖盘
1903,11:11:56,186.76,242811,13,卖盘
1904,11:12:02,186.76,74703,4,买盘
1905,11:12:05,186.72,466821,25,卖盘
1906,11:12:08,186.75,37349,2,买盘
1907,11:12:11,186.75,261433,14,买盘
1908,11:12:14,186.74,56023,3,卖盘
1909,11:12:17,186.75,336142,18,买盘
1910,11:12:20,186.77,541578,29,买盘
1911,11:12:23,186.81,205461,11,买盘
1912,11:12:26,186.77,205476,11,卖盘
1913,11:12:29,186.8,93400,5,买盘
1914,11:12:32,186.76,261470,14,卖盘
1915,11:12:35,186.75,168076,9,卖盘
1916,11:12:38,186.76,429534,23,买盘
1917,11:12:41,186.75,130727,7,卖盘
1918,11:12:44,186.71,690921,37,卖盘
1919,11:12:47,186.72,112032,6,买盘
1920,11:12:50,186.72,112032,6,买盘
1921,11:12:53,186.72,56014,3,买盘
1922,11:12:56,186.72,261408,14,卖盘
1923,11:12:59,186.72,112033,6,买盘
1924,11:13:02,186.72,242736,13,买盘
1925,11:13:05,186.71,392111,21,卖盘
1926,11:13:08,186.72,18672,1,买盘
1927,11:13:11,186.74,93363,5,买盘
1928,11:13:14,186.74,186719,10,买盘
1929,11:13:17,186.72,37344,2,卖盘
1930,11:13:20,186.72,242735,13,买盘
1931,11:13:23,186.71,242723,13,卖盘
1932,11:13:26,186.72,410774,22,买盘
1933,11:13:29,186.74,392109,21,买盘
1934,11:13:32,186.71,168036,9,卖盘
1935,11:13:35,186.71,130695,7,中性盘
1936,11:13:38,186.71,93355,5,买盘
1937,11:13:41,186.73,354759,19,买盘
1938,11:13:44,186.71,336069,18,卖盘
1939,11:13:47,186.71,410753,22,买盘
1940,11:13:50,186.7,74683,4,卖盘
1941,11:13:53,186.73,578790,31,买盘
1942,11:13:56,186.71,261408,14,卖盘
1943,11:13:59,186.71,112026,6,中性盘
1944,11:14:02,186.72,130710,7,卖盘
1945,11:14:05,186.73,317442,17,买盘
1946,11:14:08,186.72,858900,46,卖盘
1947,11:14:11,186.73,149384,8,卖盘
1948,11:14:14,186.73,112042,6,卖盘
1949,11:14:17,186.73,112038,6,卖盘
1950,11:14:20,186.73,280069,15,买盘
1951,11:14:23,186.73,205389,11,买盘
1952,11:14:26,186.72,168052,9,买盘
1953,11:14:29,186.75,168049,9,买盘
1954,11:14:32,186.73,74692,4,中性盘
1955,11:14:35,186.73,149384,8,买盘
1956,11:14:38,186.75,261417,14,买盘
1957,11:14:41,186.75,37350,2,买盘
1958,11:14:44,186.73,112040,6,卖盘
1959,11:14:50,186.74,18674,1,买盘
1960,11:14:53,186.73,130713,7,卖盘
1961,11:14:56,186.74,466811,25,买盘
1962,11:14:59,186.74,37347,2,买盘
1963,11:15:02,186.74,392139,21,买盘
1964,11:15:05,186.73,149387,8,卖盘
1965,11:15:08,186.73,560203,30,中性盘
1966,11:15:11,186.75,112050,6,买盘
1967,11:15:14,186.75,280110,15,买盘
1968,11:15:17,186.73,485523,26,卖盘
1969,11:15:20,186.72,112039,6,卖盘
1970,11:15:23,186.77,56031,3,买盘
1971,11:15:26,186.77,130738,7,买盘
1972,11:15:29,186.78,112063,6,买盘
1973,11:15:32,186.79,280179,15,买盘
1974,11:15:35,186.79,2204207,118,中性盘
1975,11:15:38,186.79,336218,18,买盘
1976,11:15:41,186.8,971296,52,买盘
1977,11:15:44,186.8,74719,4,买盘
1978,11:15:47,186.8,504314,27,买盘
1979,11:15:50,186.8,242836,13,买盘
1980,11:15:53,186.79,523006,28,中性盘
1981,11:15:56,186.78,186779,10,中性盘
1982,11:15:59,186.8,317522,17,买盘
1983,11:16:02,186.8,242837,13,买盘
1984,11:16:05,186.8,448319,24,买盘
1985,11:16:08,186.78,93394,5,卖盘
1986,11:16:11,186.77,130740,7,卖盘
1987,11:16:14,186.8,112066,6,买盘
1988,11:16:17,186.78,149410,8,中性盘
1989,11:16:20,186.79,74713,4,中性盘
1990,11:16:26,186.8,130743,7,买盘
1991,11:16:32,186.8,56039,3,买盘
1992,11:16:35,186.8,18680,1,买盘
1993,11:16:38,186.79,56037,3,卖盘
1994,11:16:41,186.79,37358,2,买盘
1995,11:16:44,186.8,18680,1,买盘
1996,11:16:47,186.8,56040,3,买盘
1997,11:16:50,186.79,392254,21,卖盘
1998,11:16:53,186.8,18680,1,买盘
1999,11:16:56,186.79,93398,5,卖盘
2000,11:16:59,186.8,18680,1,中性盘
2001,11:17:02,186.81,93403,5,买盘
2002,11:17:05,186.81,205491,11,卖盘
2003,11:17:08,186.81,18681,1,卖盘
2004,11:17:11,186.82,149456,8,买盘
2005,11:17:14,186.83,37366,2,买盘
2006,11:17:17,186.84,74734,4,买盘
2007,11:17:20,186.86,485781,26,买盘
2008,11:17:23,186.83,317634,17,卖盘
2009,11:17:26,186.83,56049,3,买盘
2010,11:17:35,186.9,37380,2,买盘
2011,11:17:38,186.9,112140,6,买盘
2012,11:17:41,186.9,149514,8,买盘
2013,11:17:44,186.9,224269,12,卖盘
2014,11:17:47,186.91,18691,1,买盘
2015,11:17:50,186.92,130836,7,买盘
2016,11:17:53,186.91,112147,6,卖盘
2017,11:17:56,186.92,18692,1,中性盘
2018,11:17:59,186.98,93479,5,买盘
2019,11:18:02,186.98,56091,3,买盘
2020,11:18:05,186.94,243068,13,卖盘
2021,11:18:11,186.98,411305,22,买盘
2022,11:18:14,186.97,18697,1,买盘
2023,11:18:17,186.98,37395,2,买盘
2024,11:18:20,186.97,130888,7,卖盘
2025,11:18:23,187.0,18700,1,买盘
2026,11:18:26,186.97,317898,17,卖盘
2027,11:18:29,186.97,74788,4,买盘
2028,11:18:32,187.01,18701,1,买盘
2029,11:18:35,187.01,37402,2,买盘
2030,11:18:38,187.0,112200,6,卖盘
2031,11:18:44,187.01,18701,1,卖盘
2032,11:18:50,187.01,130907,7,卖盘
2033,11:18:53,187.0,392728,21,卖盘
2034,11:18:56,187.0,74799,4,买盘
2035,11:18:59,187.02,18702,1,买盘
2036,11:19:02,187.0,187001,10,卖盘
2037,11:19:05,187.03,18703,1,中性盘
2038,11:19:08,187.01,916279,49,卖盘
2039,11:19:11,186.94,149570,8,卖盘
2040,11:19:14,186.97,280440,15,买盘
2041,11:19:17,186.94,56082,3,中性盘
2042,11:19:20,186.94,224318,12,买盘
2043,11:19:23,186.97,130875,7,买盘
2044,11:19:26,186.95,18695,1,中性盘
2045,11:19:29,187.0,224365,12,买盘
2046,11:19:41,186.96,18696,1,卖盘
2047,11:19:44,186.97,112178,6,买盘
2048,11:19:47,186.96,74785,4,卖盘
2049,11:19:50,186.97,37394,2,买盘
2050,11:19:53,186.97,299134,16,买盘
2051,11:19:56,186.97,168282,9,卖盘
2052,11:19:59,186.97,149579,8,卖盘
2053,11:20:02,186.98,56096,3,中性盘
2054,11:20:05,186.98,149596,8,卖盘
2055,11:20:08,186.98,37396,2,买盘
2056,11:20:11,186.97,93489,5,卖盘
2057,11:20:14,186.99,261779,14,买盘
2058,11:20:17,186.97,149576,8,卖盘
2059,11:20:20,186.94,691716,37,卖盘
2060,11:20:23,186.97,37394,2,卖盘
2061,11:20:26,186.88,2616837,140,卖盘
2062,11:20:29,186.86,149493,8,卖盘
2063,11:20:32,186.83,93420,5,卖盘
2064,11:20:35,186.8,1195519,64,卖盘
2065,11:20:38,186.77,168096,9,卖盘
2066,11:20:41,186.78,280159,15,买盘
2067,11:20:44,186.76,392215,21,卖盘
2068,11:20:47,186.77,186767,10,买盘
2069,11:20:50,186.8,186776,10,买盘
2070,11:20:53,186.8,93405,5,卖盘
2071,11:20:56,186.86,93430,5,买盘
2072,11:20:59,186.81,18681,1,中性盘
2073,11:21:02,186.83,280190,15,中性盘
2074,11:21:05,186.84,93420,5,买盘
2075,11:21:08,186.8,691022,37,中性盘
2076,11:21:11,186.8,186793,10,买盘
2077,11:21:14,186.76,186784,10,卖盘
2078,11:21:17,186.79,74713,4,买盘
2079,11:21:20,186.79,18679,1,买盘
2080,11:21:23,186.76,186784,10,卖盘
2081,11:21:26,186.78,373526,20,买盘
2082,11:21:29,186.77,168091,9,中性盘
2083,11:21:32,186.77,37355,2,卖盘
2084,11:21:35,186.78,37356,2,中性盘
2085,11:21:38,186.78,93390,5,卖盘
2086,11:21:41,186.79,112067,6,买盘
2087,11:21:44,186.78,18678,1,中性盘
2088,11:21:47,186.77,74708,4,卖盘
2089,11:21:50,186.77,336169,18,买盘
2090,11:21:53,186.77,18677,1,买盘
2091,11:21:56,186.78,74712,4,买盘
2092,11:21:59,186.76,93381,5,卖盘
2093,11:22:02,186.77,18677,1,卖盘
2094,11:22:05,186.76,130733,7,卖盘
2095,11:22:08,186.76,37352,2,卖盘
2096,11:22:11,186.78,93386,5,买盘
2097,11:22:14,186.77,74705,4,中性盘
2098,11:22:17,186.75,186752,10,卖盘
2099,11:22:20,186.75,280122,15,卖盘
2100,11:22:26,186.73,392136,21,卖盘
2101,11:22:29,186.73,168057,9,买盘
2102,11:22:32,186.72,205394,11,卖盘
2103,11:22:35,186.7,3136637,168,卖盘
2104,11:22:38,186.67,2034812,109,卖盘
2105,11:22:41,186.63,1735884,93,卖盘
2106,11:22:44,186.61,167955,9,卖盘
2107,11:22:47,186.58,1250190,67,卖盘
2108,11:22:50,186.57,242551,13,卖盘
2109,11:22:53,186.56,37313,2,卖盘
2110,11:22:56,186.55,186560,10,卖盘
2111,11:22:59,186.54,111923,6,中性盘
2112,11:23:02,186.53,354413,19,卖盘
2113,11:23:05,186.53,149224,8,卖盘
2114,11:23:08,186.54,242500,13,买盘
2115,11:23:11,186.53,540937,29,买盘
2116,11:23:14,186.57,2350373,126,买盘
2117,11:23:17,186.62,223910,12,买盘
2118,11:23:20,186.58,186606,10,卖盘
2119,11:23:23,186.65,205286,11,买盘
2120,11:23:26,186.66,37332,2,买盘
2121,11:23:29,186.67,18667,1,中性盘
2122,11:23:32,186.67,224000,12,中性盘
2123,11:23:35,186.66,93331,5,卖盘
2124,11:23:38,186.67,261336,14,买盘
2125,11:23:41,186.67,37335,2,卖盘
2126,11:23:44,186.69,149338,8,买盘
2127,11:23:50,186.7,261374,14,卖盘
2128,11:23:53,186.69,93349,5,卖盘
2129,11:23:56,186.72,149367,8,买盘
2130,11:23:59,186.7,112020,6,卖盘
2131,11:24:02,186.7,130690,7,卖盘
2132,11:24:05,186.71,186703,10,买盘
2133,11:24:11,186.71,93351,5,买盘
2134,11:24:14,186.71,130697,7,卖盘
2135,11:24:17,186.72,74688,4,买盘
2136,11:24:20,186.72,37345,2,卖盘
2137,11:24:23,186.71,112028,6,卖盘
2138,11:24:26,186.72,74688,4,卖盘
2139,11:24:32,186.71,37343,2,卖盘
2140,11:24:35,186.71,18671,1,卖盘
2141,11:24:38,186.72,168043,9,买盘
2142,11:24:41,186.71,37343,2,中性盘
2143,11:24:44,186.71,56012,3,买盘
2144,11:24:47,186.71,74683,4,买盘
2145,11:24:50,186.7,354732,19,卖盘
2146,11:24:53,186.71,112026,6,买盘
2147,11:24:56,186.71,130695,7,买盘
2148,11:24:59,186.72,784224,42,买盘
2149,11:25:02,186.75,93372,5,买盘
2150,11:25:05,186.73,765669,41,卖盘
2151,11:25:08,186.76,149389,8,买盘
2152,11:25:11,186.76,18676,1,买盘
2153,11:25:14,186.76,112056,6,买盘
2154,11:25:17,186.76,93380,5,买盘
2155,11:25:20,186.76,205440,11,卖盘
2156,11:25:23,186.77,56029,3,买盘
2157,11:25:29,186.78,261491,14,买盘
2158,11:25:32,186.78,130749,7,卖盘
2159,11:25:35,186.79,242838,13,卖盘
2160,11:25:38,186.79,37359,2,卖盘
2161,11:25:41,186.85,56055,3,买盘
2162,11:25:44,186.85,74737,4,买盘
2163,11:25:47,186.84,56052,3,中性盘
2164,11:25:50,186.85,392355,21,买盘
2165,11:25:53,186.85,74743,4,卖盘
2166,11:25:59,186.85,429733,23,买盘
2167,11:26:02,186.83,93419,5,卖盘
2168,11:26:05,186.84,149471,8,中性盘
2169,11:26:08,186.84,168148,9,买盘
2170,11:26:11,186.83,56048,3,中性盘
2171,11:26:14,186.84,74730,4,买盘
2172,11:26:17,186.82,317581,17,中性盘
2173,11:26:20,186.82,317579,17,买盘
2174,11:26:29,186.8,112080,6,卖盘
2175,11:26:32,186.8,37360,2,买盘
2176,11:26:35,186.81,1102061,59,买盘
2177,11:26:38,186.79,130739,7,中性盘
2178,11:26:41,186.79,130732,7,买盘
2179,11:26:44,186.79,37358,2,中性盘
2180,11:26:47,186.75,74699,4,买盘
2181,11:26:53,186.75,56024,3,买盘
2182,11:26:56,186.75,37350,2,买盘
2183,11:26:59,186.77,56030,3,买盘
2184,11:27:02,186.75,280166,15,卖盘
2185,11:27:05,186.74,224095,12,中性盘
2186,11:27:08,186.74,130718,7,买盘
2187,11:27:11,186.75,18675,1,买盘
2188,11:27:14,186.75,37350,2,买盘
2189,11:27:17,186.75,56025,3,买盘
2190,11:27:20,186.8,261464,14,买盘
2191,11:27:23,186.75,112057,6,卖盘
2192,11:27:26,186.83,112097,6,买盘
2193,11:27:32,186.84,37366,2,买盘
2194,11:27:38,186.84,56050,3,买盘
2195,11:27:44,186.82,18682,1,买盘
2196,11:27:47,186.83,93412,5,买盘
2197,11:27:50,186.8,93402,5,卖盘
2198,11:27:53,186.83,37363,2,买盘
2199,11:27:56,186.83,149463,8,买盘
2200,11:27:59,186.82,261552,14,卖盘
2201,11:28:02,186.82,112092,6,卖盘
2202,11:28:05,186.8,112082,6,卖盘
2203,11:28:08,186.76,280151,15,卖盘
2204,11:28:11,186.76,74708,4,卖盘
2205,11:28:14,186.76,18676,1,买盘
2206,11:28:17,186.76,18676,1,买盘
2207,11:28:20,186.76,130727,7,买盘
2208,11:28:26,186.76,18676,1,买盘
2209,11:28:29,186.76,56028,3,买盘
2210,11:28:32,186.76,168076,9,买盘
2211,11:28:35,186.76,298833,16,买盘
2212,11:28:41,186.79,18679,1,买盘
2213,11:28:44,186.82,485628,26,买盘
2214,11:28:50,186.76,37353,2,卖盘
2215,11:28:53,186.76,149410,8,卖盘
2216,11:28:56,186.76,1008506,54,买盘
2217,11:28:59,186.76,1176588,63,卖盘
2218,11:29:02,186.76,74704,4,卖盘
2219,11:29:05,186.77,18677,1,买盘
2220,11:29:08,186.77,130739,7,买盘
2221,11:29:11,186.77,56031,3,买盘
2222,11:29:14,186.79,261473,14,买盘
2223,11:29:17,186.77,56032,3,卖盘
2224,11:29:23,186.78,56031,3,买盘
2225,11:29:29,186.76,112064,6,卖盘
2226,11:29:32,186.76,130738,7,买盘
2227,11:29:35,186.78,56034,3,买盘
2228,11:29:38,186.76,186760,10,中性盘
2229,11:29:41,186.76,74702,4,买盘
2230,11:29:44,186.76,18676,1,买盘
2231,11:29:47,186.76,149407,8,卖盘
2232,11:29:50,186.76,224114,12,卖盘
2233,11:29:53,186.74,261450,14,卖盘
2234,11:29:56,186.74,56021,3,买盘
2235,11:29:59,186.74,74696,4,买盘
2236,13:00:02,186.74,765612,41,买盘
2237,13:00:05,186.75,1381875,74,中性盘
2238,13:00:08,186.74,1083019,58,中性盘
2239,13:00:11,186.72,784246,42,中性盘
2240,13:00:14,186.71,466771,25,卖盘
2241,13:00:17,186.7,336060,18,卖盘
2242,13:00:20,186.6,2016075,108,卖盘
2243,13:00:23,186.55,1455339,78,卖盘
2244,13:00:26,186.45,3450302,185,卖盘
2245,13:00:29,186.43,298280,16,卖盘
2246,13:00:32,186.37,465957,25,卖盘
2247,13:00:35,186.37,167733,9,卖盘
2248,13:00:38,186.33,186352,10,卖盘
2249,13:00:41,186.26,279444,15,卖盘
2250,13:00:44,186.22,223504,12,卖盘
2251,13:00:47,186.3,931122,50,买盘
2252,13:00:50,186.21,446919,24,中性盘
2253,13:00:53,186.27,316591,17,中性盘
2254,13:00:56,186.22,186220,10,卖盘
2255,13:00:59,186.2,223457,12,卖盘
2256,13:01:02,186.2,130344,7,卖盘
2257,13:01:05,186.21,502759,27,买盘
2258,13:01:08,186.22,484146,26,买盘
2259,13:01:11,186.21,130347,7,卖盘
2260,13:01:14,186.21,93110,5,卖盘
2261,13:01:17,186.2,297934,16,卖盘
2262,13:01:20,186.2,167580,9,卖盘
2263,13:01:23,186.18,111716,6,卖盘
2264,13:01:26,186.18,93091,5,卖盘
2265,13:01:29,186.18,37236,2,卖盘
2266,13:01:32,186.18,148946,8,卖盘
2267,13:01:38,186.24,1079965,58,买盘
2268,13:01:41,186.29,149057,8,中性盘
2269,13:01:44,186.28,242165,13,卖盘
2270,13:01:47,186.27,130387,7,中性盘
2271,13:01:50,186.26,130383,7,卖盘
2272,13:01:53,186.28,223521,12,买盘
2273,13:01:56,186.25,148995,8,中性盘
2274,13:01:59,186.27,167623,9,买盘
2275,13:02:02,186.25,148997,8,中性盘
2276,13:02:05,186.22,204855,11,卖盘
2277,13:02:08,186.25,186241,10,买盘
2278,13:02:11,186.25,37251,2,卖盘
2279,13:02:14,186.24,167617,9,卖盘
2280,13:02:17,186.25,148994,8,买盘
2281,13:02:20,186.23,93117,5,中性盘
2282,13:02:23,186.23,74489,4,中性盘
2283,13:02:26,186.22,111732,6,卖盘
2284,13:02:29,186.22,148978,8,卖盘
2285,13:02:32,186.22,223465,12,中性盘
2286,13:02:35,186.22,93112,5,卖盘
2287,13:02:38,186.23,260711,14,买盘
2288,13:02:41,186.22,111729,6,中性盘
2289,13:02:44,186.22,130352,7,中性盘
2290,13:02:47,186.22,93112,5,卖盘
2291,13:02:50,186.25,1359506,73,买盘
2292,13:02:53,186.22,242114,13,卖盘
2293,13:02:56,186.25,186240,10,中性盘
2294,13:02:59,186.23,111734,6,中性盘
2295,13:03:02,186.29,595935,32,买盘
2296,13:03:05,186.23,37246,2,中性盘
2297,13:03:08,186.24,55888,3,卖盘
2298,13:03:11,186.23,93115,5,卖盘
2299,13:03:14,186.39,186296,10,买盘
2300,13:03:17,186.29,111762,6,中性盘
2301,13:03:20,186.28,37267,2,中性盘
2302,13:03:23,186.28,111772,6,卖盘
2303,13:03:29,186.29,662460,36,卖盘
2304,13:03:32,186.29,167678,9,卖盘
2305,13:03:35,186.29,167661,9,卖盘
2306,13:03:38,186.3,484401,26,中性盘
2307,13:03:41,186.33,18633,1,中性盘
2308,13:03:44,186.31,93161,5,卖盘
2309,13:03:47,186.32,149080,8,中性盘
2310,13:03:50,186.31,763879,41,卖盘
2311,13:03:53,186.31,242249,13,卖盘
2312,13:03:56,186.39,1080648,58,买盘
2313,13:03:59,186.41,279602,15,买盘
2314,13:04:02,186.4,503359,27,卖盘
2315,13:04:05,186.4,335531,18,中性盘
2316,13:04:08,186.47,223697,12,中性盘
2317,13:04:11,186.44,18644,1,卖盘
2318,13:04:14,186.48,74586,4,买盘
2319,13:04:17,186.44,167803,9,卖盘
2320,13:04:20,186.43,55929,3,中性盘
2321,13:04:23,186.41,298271,16,卖盘
2322,13:04:26,186.41,130487,7,买盘
2323,13:04:29,186.42,130486,7,买盘
2324,13:04:32,186.4,186406,10,卖盘
2325,13:04:35,186.41,55923,3,买盘
2326,13:04:38,186.41,223684,12,买盘
2327,13:04:41,186.4,93201,5,卖盘
2328,13:04:44,186.41,540572,29,买盘
2329,13:04:47,186.41,149129,8,卖盘
2330,13:04:50,186.42,130491,7,买盘
2331,13:04:53,186.41,279622,15,卖盘
2332,13:04:56,186.42,167778,9,买盘
2333,13:04:59,186.42,186424,10,卖盘
2334,13:05:02,186.42,93210,5,卖盘
2335,13:05:05,186.43,186429,10,买盘
2336,13:05:08,186.43,55927,3,中性盘
2337,13:05:11,186.43,205067,11,买盘
2338,13:05:14,186.44,18644,1,买盘
2339,13:05:17,186.46,223751,12,买盘
2340,13:05:20,186.45,298351,16,卖盘
2341,13:05:23,186.45,242391,13,卖盘
2342,13:05:26,186.48,37297,2,中性盘
2343,13:05:29,186.5,55946,3,买盘
2344,13:05:32,186.46,55937,3,中性盘
2345,13:05:35,186.47,205120,11,买盘
2346,13:05:41,186.48,74593,4,卖盘
2347,13:05:47,186.49,55947,3,买盘
2348,13:05:50,186.48,111889,6,卖盘
2349,13:05:53,186.48,37297,2,卖盘
2350,13:05:56,186.49,242434,13,买盘
2351,13:06:02,186.5,93251,5,中性盘
2352,13:06:05,186.51,261101,14,买盘
2353,13:06:11,186.6,111949,6,买盘
2354,13:06:14,186.58,18658,1,中性盘
2355,13:06:20,186.59,93292,5,买盘
2356,13:06:23,186.59,93294,5,中性盘
2357,13:06:26,186.59,18659,1,卖盘
2358,13:06:29,186.59,93296,5,卖盘
2359,13:06:32,186.59,167936,9,买盘
2360,13:06:35,186.67,354562,19,买盘
2361,13:06:38,186.58,93287,5,买盘
2362,13:06:41,186.6,298675,16,卖盘
2363,13:06:44,186.64,149300,8,买盘
2364,13:06:50,186.6,167944,9,卖盘
2365,13:06:53,186.6,74664,4,卖盘
2366,13:06:56,186.6,74645,4,卖盘
2367,13:06:59,186.69,205334,11,中性盘
2368,13:07:08,186.67,111992,6,买盘
2369,13:07:14,186.66,55999,3,卖盘
2370,13:07:17,186.67,130661,7,买盘
2371,13:07:20,186.66,37333,2,中性盘
2372,13:07:23,186.65,18665,1,中性盘
2373,13:07:26,186.65,130659,7,买盘
2374,13:07:29,186.64,74659,4,卖盘
2375,13:07:35,186.65,37330,2,卖盘
2376,13:07:38,186.66,74661,4,买盘
2377,13:07:41,186.66,37332,2,买盘
2378,13:07:44,186.65,18665,1,卖盘
2379,13:07:47,186.64,74657,4,卖盘
2380,13:07:50,186.64,186636,10,中性盘
2381,13:07:53,186.62,18662,1,卖盘
2382,13:07:56,186.62,37325,2,卖盘
2383,13:07:59,186.63,93311,5,买盘
2384,13:08:02,186.62,18662,1,卖盘
2385,13:08:05,186.61,149294,8,卖盘
2386,13:08:11,186.61,111966,6,卖盘
2387,13:08:14,186.6,261246,14,卖盘
2388,13:08:17,186.6,74639,4,买盘
2389,13:08:23,186.6,111960,6,买盘
2390,13:08:26,186.6,111960,6,买盘
2391,13:08:29,186.59,429175,23,卖盘
2392,13:08:32,186.6,74641,4,买盘
2393,13:08:35,186.61,205270,11,买盘
2394,13:08:38,186.6,93302,5,卖盘
2395,13:08:41,186.62,466537,25,买盘
2396,13:08:44,186.7,1175864,63,买盘
2397,13:08:47,186.69,373219,20,中性盘
2398,13:08:50,186.7,18670,1,中性盘
2399,13:08:53,186.63,205303,11,卖盘
2400,13:08:56,186.65,18665,1,中性盘
2401,13:08:59,186.62,242597,13,卖盘
2402,13:09:02,186.62,522542,28,买盘
2403,13:09:05,186.69,354585,19,买盘
2404,13:09:08,186.62,167967,9,卖盘
2405,13:09:11,186.66,18666,1,中性盘
2406,13:09:14,186.66,149318,8,买盘
2407,13:09:17,186.67,37334,2,买盘
2408,13:09:20,186.68,74676,4,卖盘
2409,13:09:23,186.74,1195060,64,买盘
2410,13:09:26,186.78,261458,14,买盘
2411,13:09:29,186.79,37358,2,中性盘
2412,13:09:35,186.8,224158,12,买盘
2413,13:09:38,186.84,74733,4,买盘
2414,13:09:44,186.84,242883,13,买盘
2415,13:09:47,186.85,56053,3,买盘
2416,13:09:50,186.85,317641,17,买盘
2417,13:09:53,186.84,373680,20,卖盘
2418,13:09:56,186.84,373668,20,买盘
2419,13:09:59,186.85,392367,21,买盘
2420,13:10:05,186.86,18686,1,买盘
2421,13:10:08,186.86,93430,5,买盘
2422,13:10:11,186.85,168168,9,卖盘
2423,13:10:14,186.86,355035,19,买盘
2424,13:10:17,187.0,560787,30,买盘
2425,13:10:20,187.0,205692,11,买盘
2426,13:10:23,186.99,112192,6,买盘
2427,13:10:26,186.86,224274,12,卖盘
2428,13:10:29,186.98,130874,7,买盘
2429,13:10:32,186.98,205671,11,买盘
2430,13:10:38,186.97,130839,7,中性盘
2431,13:10:44,186.93,56078,3,买盘
2432,13:10:47,186.95,373844,20,买盘
2433,13:10:50,186.94,149568,8,中性盘
2434,13:10:53,186.94,93472,5,买盘
2435,13:10:56,186.94,504851,27,买盘
2436,13:11:05,186.94,37392,2,卖盘
2437,13:11:08,186.97,93480,5,中性盘
2438,13:11:11,187.0,373960,20,买盘
2439,13:11:14,186.99,37396,2,买盘
2440,13:11:17,187.0,74792,4,买盘
2441,13:11:20,187.0,56099,3,买盘
2442,13:11:23,186.99,112202,6,中性盘
2443,13:11:26,187.0,261806,14,卖盘
2444,13:11:29,186.99,74796,4,卖盘
2445,13:11:32,186.98,74795,4,卖盘
2446,13:11:35,186.99,56099,3,买盘
2447,13:11:41,187.02,56105,3,买盘
2448,13:11:44,187.03,355344,19,买盘
2449,13:11:47,187.02,93503,5,中性盘
2450,13:11:50,187.0,130913,7,卖盘
2451,13:11:53,186.99,411412,22,卖盘
2452,13:11:56,187.0,37401,2,卖盘
2453,13:11:59,186.95,261764,14,卖盘
2454,13:12:02,187.0,56101,3,中性盘
2455,13:12:08,186.99,224379,12,中性盘
2456,13:12:11,186.99,112192,6,买盘
2457,13:12:14,186.99,93495,5,买盘
2458,13:12:17,186.99,130891,7,卖盘
2459,13:12:20,186.98,18698,1,中性盘
2460,13:12:23,186.97,37395,2,卖盘
2461,13:12:26,186.91,411248,22,卖盘
2462,13:12:29,186.9,728807,39,卖盘
2463,13:12:35,186.8,1008830,54,卖盘
2464,13:12:38,186.84,18684,1,买盘
2465,13:12:41,186.8,37360,2,卖盘
2466,13:12:44,186.8,74720,4,卖盘
2467,13:12:50,186.79,93398,5,卖盘
2468,13:12:53,186.7,709693,38,卖盘
2469,13:12:56,186.7,242693,13,中性盘
2470,13:12:59,186.69,168011,9,中性盘
2471,13:13:02,186.7,56009,3,中性盘
2472,13:13:05,186.65,74657,4,中性盘
2473,13:13:08,186.66,111993,6,中性盘
2474,13:13:11,186.66,18666,1,买盘
2475,13:13:14,186.63,74652,4,中性盘
2476,13:13:17,186.63,55990,3,买盘
2477,13:13:20,186.63,167976,9,买盘
2478,13:13:23,186.64,149315,8,中性盘
2479,13:13:26,186.63,37331,2,中性盘
2480,13:13:29,186.76,93361,5,买盘
2481,13:13:32,186.79,130744,7,买盘
2482,13:13:35,186.78,93394,5,中性盘
2483,13:13:38,186.78,112058,6,买盘
2484,13:13:41,186.79,168107,9,买盘
2485,13:13:44,186.8,298868,16,买盘
2486,13:13:47,186.79,18679,1,买盘
2487,13:13:50,186.79,18679,1,买盘
2488,13:13:53,186.79,74716,4,买盘
2489,13:13:56,186.79,74715,4,买盘
2490,13:13:59,186.79,224148,12,买盘
2491,13:14:02,186.8,149440,8,买盘
2492,13:14:05,186.79,112079,6,卖盘
2493,13:14:08,186.8,392280,21,买盘
2494,13:14:11,186.8,130760,7,卖盘
2495,13:14:14,186.76,1867862,100,卖盘
2496,13:14:17,186.76,74702,4,中性盘
2497,13:14:20,186.75,130726,7,卖盘
2498,13:14:23,186.74,149384,8,卖盘
2499,13:14:26,186.69,205381,11,卖盘
2500,13:14:29,186.65,55999,3,卖盘
2501,13:14:32,186.69,1400135,75,买盘
2502,13:14:41,186.66,223993,12,买盘
2503,13:14:44,186.65,130651,7,买盘
2504,13:14:47,186.65,74660,4,买盘
2505,13:14:50,186.65,18665,1,买盘
2506,13:14:53,186.65,55994,3,买盘
2507,13:14:56,186.65,317305,17,买盘
2508,13:14:59,186.66,111991,6,中性盘
2509,13:15:02,186.66,111996,6,中性盘
2510,13:15:05,186.65,242655,13,卖盘
2511,13:15:08,186.66,93327,5,中性盘
2512,13:15:11,186.66,728101,39,买盘
2513,13:15:14,186.65,186650,10,卖盘
2514,13:15:20,186.66,167992,9,买盘
2515,13:15:23,186.67,130673,7,中性盘
2516,13:15:26,186.74,112024,6,买盘
2517,13:15:29,186.8,168068,9,买盘
2518,13:15:32,186.8,18680,1,买盘
2519,13:15:35,186.8,93398,5,买盘
2520,13:15:38,186.72,56023,3,卖盘
2521,13:15:41,186.78,18678,1,买盘
2522,13:15:44,186.77,18677,1,买盘
2523,13:15:47,186.77,1456864,78,买盘
2524,13:15:50,186.72,336109,18,卖盘
2525,13:15:53,186.72,616194,33,卖盘
2526,13:15:56,186.73,112037,6,买盘
2527,13:15:59,186.72,242730,13,卖盘
2528,13:16:02,186.71,37342,2,中性盘
2529,13:16:05,186.76,373393,20,买盘
2530,13:16:08,186.76,186759,10,买盘
2531,13:16:11,186.72,56019,3,卖盘
2532,13:16:14,186.75,168079,9,买盘
2533,13:16:17,186.76,18676,1,买盘
2534,13:16:20,186.79,859126,46,买盘
2535,13:16:23,186.83,429658,23,买盘
2536,13:16:26,186.87,224244,12,买盘
2537,13:16:29,186.92,18692,1,中性盘
2538,13:16:32,186.88,429824,23,卖盘
2539,13:16:35,186.84,168180,9,卖盘
2540,13:16:38,186.85,18685,1,中性盘
2541,13:16:41,186.86,168163,9,买盘
2542,13:16:47,186.88,18688,1,买盘
2543,13:16:50,186.88,93439,5,买盘
2544,13:16:53,186.88,280320,15,买盘
2545,13:16:56,186.87,598026,32,卖盘
2546,13:16:59,186.77,616585,33,卖盘
2547,13:17:02,186.73,242797,13,卖盘
2548,13:17:05,186.75,186717,10,中性盘
2549,13:17:08,186.74,112030,6,中性盘
2550,13:17:11,186.74,112044,6,买盘
2551,13:17:14,186.75,56025,3,中性盘
2552,13:17:17,186.76,18676,1,买盘
2553,13:17:20,186.76,186790,10,买盘
2554,13:17:26,186.75,242787,13,卖盘
2555,13:17:29,186.75,186744,10,买盘
2556,13:17:32,186.75,803054,43,买盘
2557,13:17:35,186.79,224122,12,中性盘
2558,13:17:38,186.75,93381,5,卖盘
2559,13:17:41,186.8,74705,4,买盘
2560,13:17:44,186.79,18679,1,买盘
2561,13:17:47,186.78,37356,2,中性盘
2562,13:17:50,186.76,37355,2,卖盘
2563,13:17:56,186.78,18678,1,买盘
2564,13:17:59,186.81,354923,19,买盘
2565,13:18:02,186.81,112086,6,卖盘
2566,13:18:08,186.84,18684,1,买盘
2567,13:18:11,186.83,37367,2,卖盘
2568,13:18:14,186.83,37366,2,中性盘
2569,13:18:17,186.83,317624,17,中性盘
2570,13:18:20,186.85,37370,2,买盘
2571,13:18:23,186.85,168164,9,买盘
2572,13:18:26,186.87,93435,5,买盘
2573,13:18:29,186.86,37372,2,中性盘
2574,13:18:32,186.85,37370,2,卖盘
2575,13:18:35,186.85,149480,8,卖盘
2576,13:18:41,186.86,18686,1,买盘
2577,13:18:44,186.86,56058,3,买盘
2578,13:18:47,186.86,242918,13,买盘
2579,13:18:50,186.86,224232,12,买盘
2580,13:18:53,186.86,18686,1,卖盘
2581,13:18:56,186.86,37372,2,卖盘
2582,13:18:59,186.87,74748,4,买盘
2583,13:19:02,186.87,355066,19,买盘
2584,13:19:05,186.88,224253,12,中性盘
2585,13:19:08,186.89,37378,2,中性盘
2586,13:19:11,186.89,74757,4,中性盘
2587,13:19:14,186.88,149511,8,卖盘
2588,13:19:17,186.91,168200,9,买盘
2589,13:19:20,186.94,261684,14,买盘
2590,13:19:23,187.0,56100,3,买盘
2591,13:19:26,186.92,74783,4,中性盘
2592,13:19:29,186.98,37396,2,中性盘
2593,13:19:32,187.0,93497,5,买盘
2594,13:19:35,186.94,355261,19,中性盘
2595,13:19:38,186.92,37386,2,卖盘
2596,13:19:41,186.92,56076,3,卖盘
2597,13:19:44,186.96,299132,16,买盘
2598,13:19:47,186.96,112180,6,卖盘
2599,13:19:50,186.97,93485,5,买盘
2600,13:19:53,186.98,243085,13,中性盘
2601,13:19:56,186.99,130893,7,买盘
2602,13:19:59,186.99,18699,1,买盘
2603,13:20:02,186.98,74792,4,买盘
2604,13:20:08,186.98,37396,2,买盘
2605,13:20:11,186.99,37398,2,买盘
2606,13:20:14,187.0,93498,5,买盘
2607,13:20:17,186.99,56097,3,买盘
2608,13:20:20,187.0,18700,1,卖盘
2609,13:20:23,187.0,74798,4,卖盘
2610,13:20:29,187.01,74802,4,买盘
2611,13:20:32,187.0,168298,9,买盘
2612,13:20:35,186.98,392676,21,卖盘
2613,13:20:38,186.98,168282,9,卖盘
2614,13:20:47,186.99,18699,1,买盘
2615,13:20:50,186.99,112194,6,买盘
2616,13:20:56,187.0,187000,10,买盘
2617,13:20:59,187.0,93500,5,买盘
2618,13:21:02,187.0,37400,2,卖盘
2619,13:21:05,187.0,56102,3,卖盘
2620,13:21:08,187.01,18701,1,买盘
2621,13:21:11,187.0,841479,45,卖盘
2622,13:21:14,187.0,280480,15,买盘
2623,13:21:17,186.99,18699,1,中性盘
2624,13:21:20,186.98,18698,1,卖盘
2625,13:21:23,186.99,37397,2,买盘
2626,13:21:26,186.98,37396,2,卖盘
2627,13:21:32,186.98,56095,3,卖盘
2628,13:21:38,186.98,112188,6,卖盘
2629,13:21:41,186.98,74789,4,买盘
2630,13:21:44,186.98,186975,10,买盘
2631,13:21:47,186.99,373969,20,买盘
2632,13:21:50,186.99,37398,2,卖盘
2633,13:21:53,187.0,56100,3,买盘
2634,13:21:56,187.0,205702,11,买盘
2635,13:21:59,187.01,112206,6,买盘
2636,13:22:02,187.01,411392,22,买盘
2637,13:22:05,187.01,18701,1,买盘
2638,13:22:08,187.02,56104,3,买盘
2639,13:22:11,187.02,56104,3,买盘
2640,13:22:14,187.02,56104,3,买盘
2641,13:22:17,187.04,336679,18,买盘
2642,13:22:20,187.05,168352,9,中性盘
2643,13:22:23,187.07,299297,16,买盘
2644,13:22:26,187.08,37416,2,买盘
2645,13:22:29,187.12,112290,6,中性盘
2646,13:22:32,187.12,18712,1,买盘
2647,13:22:35,187.11,131001,7,中性盘
2648,13:22:38,187.08,205790,11,卖盘
2649,13:22:41,187.1,280636,15,买盘
2650,13:22:44,187.11,18711,1,买盘
2651,13:22:47,187.09,37418,2,中性盘
2652,13:22:50,187.11,56131,3,买盘
2653,13:22:53,187.11,93555,5,买盘
2654,13:22:56,187.18,149709,8,买盘
2655,13:23:02,187.19,18719,1,买盘
2656,13:23:05,187.17,37430,2,中性盘
2657,13:23:08,187.17,131024,7,中性盘
2658,13:23:11,187.16,37432,2,中性盘
2659,13:23:14,187.18,224612,12,买盘
2660,13:23:17,187.16,93579,5,买盘
2661,13:23:20,187.17,37434,2,买盘
2662,13:23:23,187.17,112306,6,买盘
2663,13:23:26,187.17,505359,27,买盘
2664,13:23:29,187.09,991801,53,卖盘
2665,13:23:32,187.11,18711,1,买盘
2666,13:23:35,187.04,93531,5,卖盘
2667,13:23:38,187.07,37412,2,中性盘
2668,13:23:41,187.04,37408,2,中性盘
2669,13:23:44,187.03,224446,12,卖盘
2670,13:23:47,187.03,18703,1,买盘
2671,13:23:53,187.02,149621,8,买盘
2672,13:23:56,187.03,18703,1,卖盘
2673,13:23:59,187.03,74812,4,买盘
2674,13:24:02,187.0,205716,11,卖盘
2675,13:24:05,187.02,56103,3,买盘
2676,13:24:08,187.02,37404,2,中性盘
2677,13:24:14,187.03,374041,20,买盘
2678,13:24:17,187.0,224413,12,卖盘
2679,13:24:20,187.01,261811,14,买盘
2680,13:24:23,187.01,74804,4,中性盘
2681,13:24:29,187.0,112214,6,卖盘
2682,13:24:32,187.05,243114,13,买盘
2683,13:24:35,187.0,112200,6,买盘
2684,13:24:44,187.0,74804,4,卖盘
2685,13:24:47,187.01,56103,3,中性盘
2686,13:24:50,187.0,224401,12,卖盘
2687,13:24:53,187.0,243110,13,卖盘
2688,13:24:56,187.0,37400,2,买盘
2689,13:24:59,187.0,37400,2,卖盘
2690,13:25:02,187.0,18700,1,卖盘
2691,13:25:05,187.01,56102,3,买盘
2692,13:25:08,187.01,187010,10,买盘
2693,13:25:11,187.04,205721,11,买盘
2694,13:25:14,187.01,18701,1,卖盘
2695,13:25:20,187.04,18704,1,买盘
2696,13:25:26,187.0,542337,29,卖盘
2697,13:25:29,187.01,18701,1,中性盘
2698,13:25:32,187.03,187022,10,买盘
2699,13:25:41,187.02,18702,1,买盘
2700,13:25:44,187.02,374023,20,买盘
2701,13:25:47,187.02,18702,1,卖盘
2702,13:25:50,187.02,18702,1,卖盘
2703,13:25:53,187.03,187039,10,卖盘
2704,13:25:59,187.05,74817,4,买盘
2705,13:26:02,187.03,74812,4,买盘
2706,13:26:08,187.06,112236,6,买盘
2707,13:26:11,187.09,243190,13,买盘
2708,13:26:14,187.08,37418,2,卖盘
2709,13:26:17,187.09,168393,9,中性盘
2710,13:26:20,187.09,261926,14,买盘
2711,13:26:23,187.11,37419,2,买盘
2712,13:26:26,187.1,37420,2,中性盘
2713,13:26:29,187.1,18710,1,中性盘
2714,13:26:32,187.18,336824,18,买盘
2715,13:26:35,187.12,37426,2,中性盘
2716,13:26:41,187.18,205894,11,买盘
2717,13:26:44,187.2,37439,2,买盘
2718,13:26:47,187.17,18717,1,中性盘
2719,13:26:50,187.19,18719,1,中性盘
2720,13:26:56,187.2,168478,9,买盘
2721,13:26:59,187.21,37442,2,买盘
2722,13:27:02,187.21,224660,12,中性盘
2723,13:27:05,187.22,56165,3,中性盘
2724,13:27:11,187.23,93615,5,买盘
2725,13:27:17,187.24,56172,3,买盘
2726,13:27:23,187.25,149797,8,买盘
2727,13:27:26,187.25,93625,5,买盘
2728,13:27:29,187.28,18728,1,中性盘
2729,13:27:35,187.28,93639,5,买盘
2730,13:27:38,187.28,56184,3,买盘
2731,13:27:41,187.23,3370807,180,卖盘
2732,13:27:44,187.23,224666,12,中性盘
2733,13:27:47,187.24,149784,8,买盘
2734,13:27:53,187.24,56172,3,卖盘
2735,13:27:56,187.26,37451,2,买盘
2736,13:27:59,187.26,37452,2,买盘
2737,13:28:02,187.26,56178,3,买盘
2738,13:28:05,187.26,243438,13,买盘
2739,13:28:08,187.26,131082,7,买盘
2740,13:28:11,187.25,355787,19,卖盘
2741,13:28:14,187.25,112347,6,买盘
2742,13:28:17,187.24,18724,1,中性盘
2743,13:28:20,187.24,18724,1,买盘
2744,13:28:23,187.23,112342,6,中性盘
2745,13:28:26,187.23,37448,2,卖盘
2746,13:28:29,187.24,18724,1,中性盘
2747,13:28:32,187.24,93622,5,卖盘
2748,13:28:35,187.25,149798,8,买盘
2749,13:28:38,187.24,56173,3,卖盘
2750,13:28:41,187.25,93625,5,买盘
2751,13:28:44,187.23,318306,17,卖盘
2752,13:28:47,187.22,56164,3,中性盘
2753,13:28:50,187.18,187197,10,卖盘
2754,13:28:53,187.18,18718,1,卖盘
2755,13:28:56,187.17,56152,3,卖盘
2756,13:28:59,187.17,131011,7,买盘
2757,13:29:02,187.13,37427,2,卖盘
2758,13:29:05,187.12,130985,7,卖盘
2759,13:29:08,187.13,392961,21,买盘
2760,13:29:11,187.08,112252,6,卖盘
2761,13:29:14,187.08,93538,5,买盘
2762,13:29:17,187.08,37416,2,买盘
2763,13:29:20,187.08,37416,2,买盘
2764,13:29:23,187.07,130943,7,中性盘
2765,13:29:26,187.07,93535,5,买盘
2766,13:29:29,187.12,411593,22,买盘
2767,13:29:32,187.1,37421,2,卖盘
2768,13:29:38,187.1,18710,1,卖盘
2769,13:29:41,187.11,392915,21,买盘
2770,13:29:44,187.11,56135,3,卖盘
2771,13:29:47,187.12,56136,3,买盘
2772,13:29:50,187.12,74848,4,买盘
2773,13:29:53,187.11,56135,3,卖盘
2774,13:29:56,187.14,205845,11,买盘
2775,13:29:59,187.16,56147,3,买盘
2776,13:30:02,187.18,355628,19,买盘
2777,13:30:05,187.2,56158,3,中性盘
2778,13:30:11,187.2,93601,5,买盘
2779,13:30:14,187.2,56160,3,卖盘
2780,13:30:17,187.23,18723,1,买盘
2781,13:30:20,187.2,112322,6,卖盘
2782,13:30:23,187.21,37441,2,买盘
2783,13:30:29,187.2,18720,1,卖盘
2784,13:30:32,187.2,37440,2,卖盘
2785,13:30:35,187.21,149767,8,买盘
2786,13:30:38,187.22,74886,4,买盘
2787,13:30:41,187.22,112327,6,买盘
2788,13:30:44,187.22,56167,3,买盘
2789,13:30:47,187.22,74888,4,买盘
2790,13:30:50,187.21,74884,4,卖盘
2791,13:30:56,187.21,56163,3,卖盘
2792,13:30:59,187.21,187210,10,卖盘
2793,13:31:02,187.2,149766,8,卖盘
2794,13:31:05,187.18,243357,13,卖盘
2795,13:31:08,187.13,224586,12,卖盘
2796,13:31:14,187.12,130979,7,卖盘
2797,13:31:17,187.08,673590,36,卖盘
2798,13:31:20,187.08,130955,7,卖盘
2799,13:31:23,187.05,187025,10,卖盘
2800,13:31:26,187.03,18703,1,中性盘
2801,13:31:29,187.01,130907,7,卖盘
2802,13:31:32,187.0,112200,6,卖盘
2803,13:31:35,187.0,598403,32,卖盘
2804,13:31:38,187.01,187001,10,买盘
2805,13:31:41,187.01,37401,2,买盘
2806,13:31:44,187.0,168301,9,卖盘
2807,13:31:47,187.0,224405,12,卖盘
2808,13:31:53,187.0,93501,5,卖盘
2809,13:31:56,187.0,37400,2,卖盘
2810,13:31:59,187.01,74802,4,买盘
2811,13:32:02,187.01,37401,2,买盘
2812,13:32:05,187.0,18700,1,卖盘
2813,13:32:11,187.0,112201,6,卖盘
2814,13:32:14,187.0,149602,8,卖盘
2815,13:32:17,187.0,112200,6,卖盘
2816,13:32:20,187.0,317907,17,卖盘
2817,13:32:23,187.01,74803,4,买盘
2818,13:32:26,187.0,243105,13,卖盘
2819,13:32:32,187.0,37400,2,卖盘
2820,13:32:35,187.01,93504,5,买盘
2821,13:32:38,187.01,18701,1,买盘
2822,13:32:41,187.01,37401,2,买盘
2823,13:32:44,187.0,37401,2,卖盘
2824,13:32:50,187.02,486224,26,买盘
2825,13:32:53,187.01,149610,8,买盘
2826,13:32:56,187.04,261831,14,买盘
2827,13:32:59,187.03,93515,5,中性盘
2828,13:33:02,187.03,130922,7,买盘
2829,13:33:14,187.04,18704,1,卖盘
2830,13:33:17,187.04,37408,2,卖盘
2831,13:33:20,187.05,56113,3,中性盘
2832,13:33:26,187.04,168338,9,卖盘
2833,13:33:32,187.04,18704,1,买盘
2834,13:33:35,187.03,74813,4,卖盘
2835,13:33:38,187.04,56111,3,买盘
2836,13:33:41,187.04,18704,1,买盘
2837,13:33:44,187.04,56110,3,买盘
2838,13:33:47,187.04,205744,11,买盘
2839,13:33:50,187.04,74815,4,买盘
2840,13:33:56,187.05,18705,1,买盘
2841,13:34:02,187.02,280553,15,卖盘
2842,13:34:05,187.05,18705,1,买盘
2843,13:34:08,187.03,56109,3,中性盘
2844,13:34:11,187.03,56108,3,中性盘
2845,13:34:14,187.03,430217,23,买盘
2846,13:34:17,187.03,37406,2,卖盘
2847,13:34:20,187.03,18703,1,中性盘
2848,13:34:29,187.05,37409,2,中性盘
2849,13:34:32,187.04,56114,3,卖盘
2850,13:34:35,187.05,93522,5,买盘
2851,13:34:41,187.04,355391,19,卖盘
2852,13:34:44,187.04,74816,4,买盘
2853,13:34:47,187.04,56112,3,买盘
2854,13:34:50,187.03,317952,17,卖盘
2855,13:34:53,187.03,18703,1,买盘
2856,13:34:59,187.03,18703,1,买盘
2857,13:35:02,187.03,56109,3,买盘
2858,13:35:05,187.03,130918,7,买盘
2859,13:35:08,187.02,748048,40,卖盘
2860,13:35:11,187.0,130900,7,卖盘
2861,13:35:14,187.0,467501,25,卖盘
2862,13:35:17,187.0,112200,6,卖盘
2863,13:35:20,187.01,205708,11,买盘
2864,13:35:23,187.0,243102,13,卖盘
2865,13:35:26,187.01,74803,4,买盘
2866,13:35:32,187.0,130904,7,卖盘
2867,13:35:35,187.0,635803,34,卖盘
2868,13:35:38,187.0,18700,1,卖盘
2869,13:35:41,186.99,18699,1,卖盘
2870,13:35:44,186.99,486174,26,卖盘
2871,13:35:47,186.99,130893,7,卖盘
2872,13:35:50,186.99,224388,12,卖盘
2873,13:35:53,186.99,149599,8,卖盘
2874,13:35:59,186.99,93496,5,卖盘
2875,13:36:02,187.0,18700,1,买盘
2876,13:36:05,186.99,18699,1,卖盘
2877,13:36:08,186.98,1178030,63,卖盘
2878,13:36:11,186.96,2318505,124,卖盘
2879,13:36:14,186.96,317799,17,买盘
2880,13:36:17,186.96,168246,9,买盘
2881,13:36:20,186.9,56070,3,卖盘
2882,13:36:23,186.89,93450,5,卖盘
2883,13:36:26,186.88,37376,2,卖盘
2884,13:36:29,186.89,18689,1,买盘
2885,13:36:32,186.88,112128,6,卖盘
2886,13:36:35,186.87,18687,1,卖盘
2887,13:36:38,186.85,168173,9,卖盘
2888,13:36:41,186.86,74743,4,卖盘
2889,13:36:47,186.86,18686,1,卖盘
2890,13:36:53,186.88,1195941,64,买盘
2891,13:36:56,186.89,74754,4,中性盘
2892,13:36:59,186.88,112128,6,卖盘
2893,13:37:02,186.86,224252,12,卖盘
2894,13:37:05,186.86,56058,3,卖盘
2895,13:37:08,186.85,93425,5,卖盘
2896,13:37:11,186.84,37368,2,卖盘
2897,13:37:14,186.84,149470,8,买盘
2898,13:37:17,186.84,74736,4,买盘
2899,13:37:20,186.81,523096,28,卖盘
2900,13:37:23,186.81,242853,13,卖盘
2901,13:37:26,186.8,242840,13,卖盘
2902,13:37:29,186.79,56040,3,卖盘
2903,13:37:32,186.78,37356,2,卖盘
2904,13:37:35,186.77,74708,4,卖盘
2905,13:37:38,186.76,298822,16,卖盘
2906,13:37:41,186.77,37354,2,买盘
2907,13:37:44,186.76,130732,7,卖盘
2908,13:37:47,186.77,205445,11,买盘
2909,13:37:50,186.76,130732,7,卖盘
2910,13:37:53,186.76,112054,6,买盘
2911,13:37:56,186.74,448188,24,卖盘
2912,13:37:59,186.73,560217,30,卖盘
2913,13:38:02,186.74,112042,6,买盘
2914,13:38:05,186.71,149381,8,卖盘
2915,13:38:08,186.72,130698,7,中性盘
2916,13:38:11,186.71,56013,3,卖盘
2917,13:38:14,186.7,410740,22,卖盘
2918,13:38:17,186.66,280005,15,卖盘
2919,13:38:20,186.67,354656,19,买盘
2920,13:38:23,186.65,429295,23,卖盘
2921,13:38:26,186.64,485317,26,卖盘
2922,13:38:29,186.62,93316,5,卖盘
2923,13:38:32,186.6,205269,11,卖盘
2924,13:38:35,186.6,93300,5,卖盘
2925,13:38:38,186.6,298560,16,卖盘
2926,13:38:41,186.58,298558,16,卖盘
2927,13:38:44,186.58,130607,7,卖盘
2928,13:38:47,186.59,55975,3,买盘
2929,13:38:50,186.58,186580,10,卖盘
2930,13:38:53,186.58,55975,3,卖盘
2931,13:38:56,186.58,18658,1,中性盘
2932,13:38:59,186.57,130599,7,卖盘
2933,13:39:02,186.55,242522,13,卖盘
2934,13:39:05,186.54,130585,7,卖盘
2935,13:39:08,186.53,74612,4,卖盘
2936,13:39:11,186.51,186526,10,卖盘
2937,13:39:14,186.52,261133,14,中性盘
2938,13:39:17,186.51,391699,21,卖盘
2939,13:39:20,186.56,186535,10,中性盘
2940,13:39:23,186.53,111919,6,中性盘
2941,13:39:26,186.53,205199,11,卖盘
2942,13:39:29,186.53,130571,7,卖盘
2943,13:39:32,186.54,261154,14,买盘
2944,13:39:35,186.57,37315,2,中性盘
2945,13:39:38,186.54,37308,2,卖盘
2946,13:39:44,186.55,18655,1,卖盘
2947,13:39:47,186.56,186557,10,买盘
2948,13:39:50,186.59,447799,24,买盘
2949,13:39:53,186.58,279894,15,卖盘
2950,13:39:56,186.58,74632,4,卖盘
2951,13:39:59,186.59,74633,4,买盘
2952,13:40:05,186.59,93293,5,买盘
2953,13:40:08,186.6,186592,10,买盘
2954,13:40:11,186.62,37324,2,买盘
2955,13:40:14,186.65,55991,3,中性盘
2956,13:40:17,186.65,149306,8,中性盘
2957,13:40:20,186.65,74661,4,买盘
2958,13:40:23,186.64,18664,1,买盘
2959,13:40:26,186.64,93320,5,买盘
2960,13:40:29,186.64,130648,7,买盘
2961,13:40:32,186.76,597316,32,买盘
2962,13:40:35,186.65,205381,11,卖盘
2963,13:40:38,186.76,168051,9,中性盘
2964,13:40:41,186.76,93383,5,中性盘
2965,13:40:47,186.71,523001,28,中性盘
2966,13:40:50,186.73,130705,7,买盘
2967,13:40:53,186.69,56011,3,卖盘
2968,13:40:56,186.71,74690,4,卖盘
2969,13:40:59,186.74,37346,2,买盘
2970,13:41:02,186.74,18674,1,买盘
2971,13:41:05,186.72,18672,1,中性盘
2972,13:41:08,186.72,37345,2,中性盘
2973,13:41:11,186.72,74688,4,中性盘
2974,13:41:14,186.74,18674,1,买盘
2975,13:41:17,186.73,74692,4,买盘
2976,13:41:20,186.74,18674,1,买盘
2977,13:41:23,186.74,37348,2,买盘
2978,13:41:26,186.74,112044,6,买盘
2979,13:41:29,186.74,18674,1,买盘
2980,13:41:32,186.74,18674,1,买盘
2981,13:41:35,186.74,373480,20,买盘
2982,13:41:38,186.75,130722,7,买盘
2983,13:41:41,186.74,186748,10,卖盘
2984,13:41:44,186.75,112056,6,买盘
2985,13:41:56,186.78,37356,2,卖盘
2986,13:41:59,186.83,18683,1,买盘
2987,13:42:02,186.85,168152,9,买盘
2988,13:42:05,186.81,18681,1,买盘
2989,13:42:08,186.81,74724,4,买盘
2990,13:42:11,186.81,93403,5,买盘
2991,13:42:14,186.81,18681,1,卖盘
2992,13:42:17,186.82,93412,5,中性盘
2993,13:42:23,186.81,56045,3,卖盘
2994,13:42:26,186.83,18683,1,中性盘
2995,13:42:29,186.81,242861,13,卖盘
2996,13:42:32,186.68,3081195,165,卖盘
2997,13:42:35,186.63,373314,20,卖盘
2998,13:42:38,186.51,1194125,64,卖盘
2999,13:42:41,186.51,130562,7,卖盘
3000,13:42:44,186.51,298421,16,卖盘
3001,13:42:47,186.52,18652,1,买盘
3002,13:42:50,186.51,2051511,110,卖盘
3003,13:42:53,186.51,615462,33,买盘
3004,13:42:56,186.5,354356,19,卖盘
3005,13:42:59,186.5,149204,8,卖盘
3006,13:43:02,186.5,37300,2,卖盘
3007,13:43:05,186.5,93250,5,卖盘
3008,13:43:08,186.5,111900,6,卖盘
3009,13:43:14,186.5,18650,1,卖盘
3010,13:43:17,186.5,261107,14,卖盘
3011,13:43:20,186.51,298415,16,买盘
3012,13:43:23,186.52,37303,2,买盘
3013,13:43:26,186.54,223827,12,买盘
3014,13:43:29,186.57,55962,3,中性盘
3015,13:43:32,186.52,55956,3,卖盘
3016,13:43:38,186.53,37306,2,中性盘
3017,13:43:41,186.53,111915,6,中性盘
3018,13:43:44,186.52,186528,10,卖盘
3019,13:43:47,186.53,111920,6,中性盘
3020,13:43:50,186.54,37308,2,买盘
3021,13:43:53,186.54,93273,5,中性盘
3022,13:43:56,186.56,93276,5,买盘
3023,13:43:59,186.54,37309,2,卖盘
3024,13:44:02,186.53,111922,6,卖盘
3025,13:44:08,186.54,93274,5,卖盘
3026,13:44:11,186.55,18655,1,买盘
3027,13:44:14,186.54,186547,10,卖盘
3028,13:44:17,186.55,37309,2,买盘
3029,13:44:26,186.5,2555347,137,卖盘
3030,13:44:29,186.5,1417362,76,买盘
3031,13:44:32,186.48,37298,2,卖盘
3032,13:44:35,186.46,18646,1,卖盘
3033,13:44:38,186.46,55940,3,卖盘
3034,13:44:41,186.46,242428,13,卖盘
3035,13:44:44,186.48,74594,4,中性盘
3036,13:44:47,186.61,4289596,230,买盘
3037,13:44:50,186.7,56010,3,买盘
3038,13:44:56,186.68,18668,1,中性盘
3039,13:44:59,186.59,74645,4,卖盘
3040,13:45:02,186.6,74650,4,中性盘
3041,13:45:05,186.6,37319,2,买盘
3042,13:45:08,186.6,18660,1,买盘
3043,13:45:11,186.58,298538,16,卖盘
3044,13:45:14,186.58,74632,4,买盘
3045,13:45:20,186.58,55973,3,买盘
3046,13:45:23,186.57,373160,20,卖盘
3047,13:45:26,186.58,37315,2,买盘
3048,13:45:29,186.6,130606,7,买盘
