,成交时间,成交价格,成交金额,成交量,性质
0,09:25:02,188.35,8532255,453,卖盘
1,09:30:02,188.5,1470301,78,买盘
2,09:30:05,188.83,773368,41,买盘
3,09:30:08,188.59,1490104,79,卖盘
4,09:30:11,188.83,887510,47,买盘
5,09:30:14,188.83,1057560,56,卖盘
6,09:30:17,188.81,2849946,151,卖盘
7,09:30:20,188.6,1586100,84,卖盘
8,09:30:23,188.97,850384,45,中性盘
9,09:30:26,189.0,604721,32,买盘
10,09:30:29,188.97,2192226,116,卖盘
11,09:30:32,189.0,1058391,56,买盘
12,09:30:35,189.09,756288,40,中性盘
13,09:30:38,189.19,548576,29,买盘
14,09:30:41,189.28,151407,8,中性盘
15,09:30:44,189.34,303012,16,中性盘
16,09:30:47,189.22,757680,40,卖盘
17,09:30:50,189.51,606431,32,买盘
18,09:30:53,189.5,606508,32,卖盘
19,09:30:56,189.5,889530,47,买盘
20,09:30:59,189.6,511602,27,买盘
21,09:31:02,189.52,189580,10,卖盘
22,09:31:05,189.6,1156427,61,买盘
23,09:31:08,189.6,1099686,58,买盘
24,09:31:11,189.66,360416,19,买盘
25,09:31:14,189.72,948551,50,买盘
26,09:31:17,189.98,626616,33,买盘
27,09:31:20,190.02,893004,47,买盘
28,09:31:23,189.98,247025,13,卖盘
29,09:31:26,189.99,247012,13,买盘
30,09:31:29,190.0,988390,52,中性盘
31,09:31:32,190.37,988742,52,买盘
32,09:31:35,190.19,685274,36,中性盘
33,09:31:38,190.38,418599,22,买盘
34,09:31:41,190.42,418783,22,买盘
35,09:31:44,190.2,266301,14,中性盘
36,09:31:47,190.4,418751,22,买盘
37,09:31:50,190.4,685473,36,卖盘
38,09:31:53,190.48,780547,41,买盘
39,09:31:56,190.42,514196,27,卖盘
40,09:31:59,190.37,837651,44,卖盘
41,09:32:02,190.48,2132693,112,买盘
42,09:32:05,190.33,418837,22,卖盘
43,09:32:08,190.32,380640,20,卖盘
44,09:32:11,190.2,1522016,80,卖盘
45,09:32:14,190.06,893535,47,卖盘
46,09:32:17,189.99,2261164,119,卖盘
47,09:32:20,189.82,417733,22,卖盘
48,09:32:23,189.71,512350,27,卖盘
49,09:32:26,189.53,625793,33,卖盘
50,09:32:29,189.53,473833,25,卖盘
51,09:32:32,189.5,1137018,60,卖盘
52,09:32:35,189.66,1819178,96,买盘
53,09:32:38,189.5,2824299,149,卖盘
54,09:32:41,189.53,227449,12,买盘
55,09:32:44,189.93,797138,42,买盘
56,09:32:47,189.53,265455,14,卖盘
57,09:32:50,189.6,777056,41,买盘
58,09:32:53,189.55,796148,42,卖盘
59,09:32:56,189.6,436199,23,卖盘
60,09:32:59,189.73,436205,23,买盘
61,09:33:02,189.67,303524,16,中性盘
62,09:33:05,189.66,113796,6,卖盘
63,09:33:08,189.93,3191106,168,买盘
64,09:33:11,189.68,531079,28,中性盘
65,09:33:14,189.66,265468,14,买盘
66,09:33:17,189.6,474071,25,买盘
67,09:33:20,189.66,303504,16,买盘
68,09:33:23,189.6,246538,13,卖盘
69,09:33:26,189.8,208686,11,买盘
70,09:33:29,189.8,872871,46,买盘
71,09:33:32,189.61,227612,12,卖盘
72,09:33:35,189.63,113782,6,买盘
73,09:33:38,189.8,246675,13,买盘
74,09:33:41,189.68,113841,6,卖盘
75,09:33:44,189.53,1971873,104,卖盘
76,09:33:47,189.52,246403,13,卖盘
77,09:33:50,189.44,852733,45,卖盘
78,09:33:53,189.43,227299,12,买盘
79,09:33:56,189.4,151482,8,中性盘
80,09:33:59,189.25,642989,34,卖盘
81,09:34:02,189.27,151382,8,买盘
82,09:34:05,189.25,208048,11,中性盘
83,09:34:08,189.24,302750,16,中性盘
84,09:34:11,189.23,359537,19,卖盘
85,09:34:14,189.1,189215,10,中性盘
86,09:34:17,189.22,983835,52,买盘
87,09:34:20,189.09,302682,16,卖盘
88,09:34:23,189.29,359557,19,买盘
89,09:34:26,189.22,170390,9,卖盘
90,09:34:29,189.2,983870,52,卖盘
91,09:34:32,189.41,378610,20,买盘
92,09:34:35,189.29,662606,35,卖盘
93,09:34:38,189.26,170425,9,卖盘
94,09:34:41,189.41,870503,46,中性盘
95,09:34:44,189.52,94733,5,买盘
96,09:34:47,189.5,151606,8,卖盘
97,09:34:50,189.5,113691,6,中性盘
98,09:34:53,189.41,303186,16,卖盘
99,09:34:56,189.5,758493,40,中性盘
100,09:34:59,189.5,511862,27,卖盘
101,09:35:02,189.52,151650,8,中性盘
102,09:35:05,189.65,94809,5,买盘
103,09:35:08,189.81,2314404,122,买盘
104,09:35:11,189.76,189817,10,卖盘
105,09:35:14,189.88,132907,7,卖盘
106,09:35:17,189.85,113927,6,中性盘
107,09:35:20,189.9,265851,14,中性盘
108,09:35:23,189.76,4102363,216,卖盘
109,09:35:26,189.84,664211,35,中性盘
110,09:35:29,189.59,208685,11,卖盘
111,09:35:32,189.58,360091,19,中性盘
112,09:35:35,189.41,359990,19,卖盘
113,09:35:38,189.41,189394,10,卖盘
114,09:35:41,189.41,151475,8,中性盘
115,09:35:44,189.23,1495453,79,卖盘
116,09:35:47,189.34,416341,22,中性盘
117,09:35:50,189.09,189128,10,卖盘
118,09:35:53,189.06,245837,13,卖盘
119,09:35:56,189.13,623964,33,买盘
120,09:35:59,189.07,813146,43,中性盘
121,09:36:02,189.03,1077721,57,卖盘
122,09:36:05,189.06,1096482,58,买盘
123,09:36:08,189.04,869598,46,卖盘
124,09:36:11,189.14,1890893,100,买盘
125,09:36:14,189.38,624742,33,中性盘
126,09:36:17,189.17,302958,16,卖盘
127,09:36:20,189.41,378603,20,中性盘
128,09:36:23,189.2,132495,7,卖盘
129,09:36:26,189.38,75715,4,买盘
130,09:36:29,189.38,833270,44,买盘
131,09:36:32,189.53,246265,13,买盘
132,09:36:35,189.53,265230,14,买盘
133,09:36:38,189.38,795562,42,卖盘
134,09:36:41,189.53,189512,10,买盘
135,09:36:44,189.55,56848,3,买盘
136,09:36:47,189.55,151586,8,买盘
137,09:36:50,189.56,113754,6,中性盘
138,09:36:53,189.56,151775,8,卖盘
139,09:36:56,189.57,75839,4,卖盘
140,09:36:59,189.61,37922,2,中性盘
141,09:37:02,189.49,1137278,60,卖盘
142,09:37:05,189.38,378812,20,卖盘
143,09:37:08,189.39,473514,25,买盘
144,09:37:11,189.34,113627,6,卖盘
145,09:37:14,189.34,56796,3,中性盘
146,09:37:17,189.26,132525,7,卖盘
147,09:37:20,189.34,113609,6,买盘
148,09:37:23,189.34,132586,7,卖盘
149,09:37:26,189.53,208447,11,买盘
150,09:37:29,189.36,56822,3,卖盘
151,09:37:32,189.5,360005,19,买盘
152,09:37:35,189.5,208417,11,买盘
153,09:37:38,189.77,928754,49,买盘
154,09:37:41,189.79,303508,16,中性盘
155,09:37:44,189.79,56903,3,买盘
156,09:37:47,189.57,132738,7,卖盘
157,09:37:50,189.78,284431,15,买盘
158,09:37:53,189.56,189617,10,卖盘
159,09:37:56,189.55,606936,32,卖盘
160,09:37:59,189.54,322272,17,卖盘
161,09:38:02,189.63,416988,22,中性盘
162,09:38:05,189.64,208601,11,买盘
163,09:38:08,189.6,75846,4,卖盘
164,09:38:11,189.55,132695,7,卖盘
165,09:38:14,189.63,208582,11,买盘
166,09:38:17,189.55,75824,4,卖盘
167,09:38:20,189.62,75849,4,卖盘
168,09:38:23,189.65,493030,26,买盘
169,09:38:26,189.67,436187,23,买盘
170,09:38:29,189.8,1423280,75,买盘
171,09:38:32,189.85,132886,7,买盘
172,09:38:35,189.78,246717,13,卖盘
173,09:38:38,189.74,474419,25,卖盘
174,09:38:41,189.74,151770,8,中性盘
175,09:38:44,189.75,379458,20,买盘
176,09:38:47,189.75,588248,31,买盘
177,09:38:50,189.74,550268,29,卖盘
178,09:38:53,189.75,379495,20,卖盘
179,09:38:56,189.77,455356,24,买盘
180,09:38:59,189.74,151751,8,中性盘
181,09:39:02,189.75,151793,8,买盘
182,09:39:05,189.75,189746,10,买盘
183,09:39:08,189.75,208649,11,中性盘
184,09:39:11,189.75,75855,4,买盘
185,09:39:14,189.72,75879,4,中性盘
186,09:39:17,189.63,132771,7,中性盘
187,09:39:20,189.65,227698,12,中性盘
188,09:39:23,189.7,37940,2,买盘
189,09:39:26,189.76,417472,22,买盘
190,09:39:29,189.8,94892,5,买盘
191,09:39:32,189.8,227723,12,买盘
192,09:39:35,189.75,113856,6,卖盘
193,09:39:38,189.8,284678,15,买盘
194,09:39:41,189.8,37955,2,买盘
195,09:39:44,189.8,132844,7,买盘
196,09:39:47,189.76,360508,19,卖盘
197,09:39:50,189.75,113855,6,中性盘
198,09:39:53,189.73,2390830,126,中性盘
199,09:39:56,189.76,227684,12,买盘
200,09:39:59,189.66,986146,52,卖盘
201,09:40:02,189.55,606677,32,卖盘
202,09:40:05,189.43,1591819,84,卖盘
203,09:40:08,189.47,303132,16,中性盘
204,09:40:11,189.36,18936,1,中性盘
205,09:40:14,189.35,435452,23,卖盘
206,09:40:17,189.31,151496,8,卖盘
207,09:40:20,189.35,18935,1,买盘
208,09:40:23,189.31,132517,7,卖盘
209,09:40:26,189.31,302894,16,买盘
210,09:40:29,189.47,1590431,84,买盘
211,09:40:32,189.56,719969,38,买盘
212,09:40:35,189.57,416817,22,买盘
213,09:40:38,189.56,113714,6,中性盘
214,09:40:41,189.57,18957,1,买盘
215,09:40:44,189.39,94737,5,卖盘
216,09:40:47,189.58,265373,14,买盘
217,09:40:50,189.48,37905,2,卖盘
218,09:40:53,189.51,75804,4,卖盘
219,09:40:59,189.51,208479,11,卖盘
220,09:41:02,189.51,56853,3,卖盘
221,09:41:05,189.51,94754,5,卖盘
222,09:41:08,189.47,246306,13,卖盘
223,09:41:14,189.44,189437,10,中性盘
224,09:41:17,189.4,18940,1,中性盘
225,09:41:20,189.39,75756,4,卖盘
226,09:41:23,189.39,94697,5,卖盘
227,09:41:26,189.39,132570,7,买盘
228,09:41:29,189.38,208319,11,中性盘
229,09:41:32,189.37,170438,9,卖盘
230,09:41:35,189.37,75747,4,买盘
231,09:41:38,189.37,700622,37,买盘
232,09:41:41,189.36,321916,17,买盘
233,09:41:44,189.36,359779,19,卖盘
234,09:41:47,189.35,94677,5,卖盘
235,09:41:50,189.36,75744,4,买盘
236,09:41:53,189.37,18937,1,买盘
237,09:41:56,189.37,37874,2,买盘
238,09:41:59,189.37,113631,6,卖盘
239,09:42:02,189.37,265115,14,卖盘
240,09:42:05,189.36,75746,4,卖盘
241,09:42:08,189.37,75748,4,中性盘
242,09:42:11,189.36,700612,37,卖盘
243,09:42:14,189.3,5187389,274,卖盘
244,09:42:17,189.59,4545188,240,买盘
245,09:42:20,189.8,1043533,55,买盘
246,09:42:23,189.82,683275,36,买盘
247,09:42:26,189.85,170888,9,买盘
248,09:42:29,189.83,398854,21,卖盘
249,09:42:32,189.99,550911,29,中性盘
250,09:42:35,189.79,550482,29,卖盘
251,09:42:38,189.79,37958,2,买盘
252,09:42:41,189.82,607014,32,中性盘
253,09:42:44,189.8,132867,7,卖盘
254,09:42:47,189.82,94913,5,中性盘
255,09:42:50,189.96,113941,6,买盘
256,09:42:53,189.83,322710,17,卖盘
257,09:42:56,189.89,132902,7,买盘
258,09:42:59,189.96,151967,8,买盘
259,09:43:02,189.96,322926,17,卖盘
260,09:43:05,189.95,379904,20,卖盘
261,09:43:08,189.94,113956,6,中性盘
262,09:43:11,189.95,170930,9,买盘
263,09:43:14,189.93,189932,10,中性盘
264,09:43:17,189.94,303903,16,买盘
265,09:43:20,189.96,265931,14,买盘
266,09:43:23,189.98,797835,42,买盘
267,09:43:26,189.96,94986,5,卖盘
268,09:43:29,190.0,379978,20,买盘
269,09:43:32,189.99,113995,6,卖盘
270,09:43:35,190.0,1823998,96,买盘
271,09:43:38,190.0,170995,9,买盘
272,09:43:41,190.0,683994,36,买盘
273,09:43:44,190.01,38001,2,买盘
274,09:43:47,190.08,646014,34,买盘
275,09:43:50,190.2,266208,14,买盘
276,09:43:53,190.2,228131,12,买盘
277,09:43:56,190.1,114099,6,中性盘
278,09:43:59,190.19,855764,45,买盘
279,09:44:02,190.2,209192,11,买盘
280,09:44:05,190.25,57075,3,买盘
281,09:44:08,190.25,228265,12,买盘
282,09:44:11,190.25,666034,35,中性盘
283,09:44:14,190.33,609257,32,中性盘
284,09:44:17,190.43,247624,13,中性盘
285,09:44:20,190.49,209503,11,买盘
286,09:44:23,190.6,1964305,103,买盘
287,09:44:26,190.66,1181253,62,中性盘
288,09:44:29,190.66,534203,28,卖盘
289,09:44:32,190.87,400732,21,买盘
290,09:44:35,190.97,4755824,249,买盘
291,09:44:38,190.97,611188,32,买盘
292,09:44:41,190.86,553792,29,卖盘
293,09:44:44,191.0,993089,52,买盘
294,09:44:47,190.92,992884,52,卖盘
295,09:44:50,190.85,992521,52,卖盘
296,09:44:53,190.83,286244,15,中性盘
297,09:44:56,190.86,324418,17,买盘
298,09:44:59,190.86,133590,7,买盘
299,09:45:02,190.85,1469270,77,买盘
300,09:45:05,190.8,591568,31,卖盘
301,09:45:08,190.8,209880,11,买盘
302,09:45:11,190.76,934366,49,中性盘
303,09:45:14,190.62,324134,17,卖盘
304,09:45:17,190.62,228756,12,中性盘
305,09:45:20,190.6,209677,11,中性盘
306,09:45:23,190.6,190580,10,买盘
307,09:45:26,190.6,533620,28,买盘
308,09:45:29,190.6,304956,16,买盘
309,09:45:32,190.59,381106,20,中性盘
310,09:45:35,190.77,2592749,136,买盘
311,09:45:38,190.6,1372485,72,卖盘
312,09:45:41,190.79,648358,34,买盘
313,09:45:44,190.67,133543,7,卖盘
314,09:45:47,190.8,419627,22,买盘
315,09:45:50,190.68,2272029,119,卖盘
316,09:45:53,190.81,171712,9,买盘
317,09:45:56,190.8,76320,4,卖盘
318,09:45:59,190.8,305336,16,买盘
319,09:46:02,190.9,438918,23,买盘
320,09:46:05,190.85,305421,16,卖盘
321,09:46:08,190.95,133640,7,卖盘
322,09:46:11,190.99,57292,3,中性盘
323,09:46:14,191.0,515669,27,买盘
324,09:46:17,190.99,267390,14,卖盘
325,09:46:20,191.0,458393,24,买盘
326,09:46:23,191.06,439363,23,买盘
327,09:46:26,191.0,210133,11,买盘
328,09:46:29,191.06,744978,39,买盘
329,09:46:32,190.99,1107895,58,卖盘
330,09:46:35,191.0,515695,27,买盘
331,09:46:38,190.99,1336988,70,卖盘
332,09:46:41,191.0,1088669,57,买盘
333,09:46:44,190.97,611054,32,卖盘
334,09:46:47,190.97,496497,26,买盘
335,09:46:50,190.8,401013,21,卖盘
336,09:46:53,190.93,210008,11,中性盘
337,09:46:56,190.79,820427,43,卖盘
338,09:46:59,190.58,629077,33,卖盘
339,09:47:02,190.61,400250,21,买盘
340,09:47:08,190.5,476423,25,卖盘
341,09:47:11,190.5,381124,20,卖盘
342,09:47:14,190.62,1105115,58,买盘
343,09:47:17,190.6,457329,24,中性盘
344,09:47:20,190.62,667141,35,买盘
345,09:47:23,190.58,1771991,93,中性盘
346,09:47:26,190.5,381106,20,中性盘
347,09:47:29,190.4,266727,14,卖盘
348,09:47:32,190.56,57166,3,买盘
349,09:47:35,190.4,266611,14,卖盘
350,09:47:38,190.5,390477,21,买盘
351,09:47:41,190.5,190434,10,买盘
352,09:47:44,190.5,133340,7,买盘
353,09:47:47,190.5,152366,8,中性盘
354,09:47:50,190.5,171456,9,买盘
355,09:47:53,190.56,609528,32,买盘
356,09:47:56,190.64,171558,9,买盘
357,09:47:59,190.65,1734546,91,买盘
358,09:48:02,190.8,171622,9,买盘
359,09:48:05,190.76,76316,4,中性盘
360,09:48:08,190.76,19076,1,买盘
361,09:48:11,190.69,133490,7,卖盘
362,09:48:14,190.76,362468,19,买盘
363,09:48:17,190.8,57236,3,买盘
364,09:48:20,190.8,133629,7,卖盘
365,09:48:23,190.89,38178,2,中性盘
366,09:48:26,190.91,190884,10,买盘
367,09:48:29,190.8,305422,16,卖盘
368,09:48:32,190.8,858894,45,卖盘
369,09:48:35,190.63,1144220,60,卖盘
370,09:48:38,190.62,1487561,78,卖盘
371,09:48:41,190.56,323985,17,卖盘
372,09:48:44,190.56,152525,8,卖盘
373,09:48:47,190.73,38145,2,买盘
374,09:48:50,190.66,228798,12,中性盘
375,09:48:56,190.71,228815,12,买盘
376,09:48:59,190.66,266929,14,中性盘
377,09:49:02,190.69,95336,5,中性盘
378,09:49:05,190.68,76271,4,中性盘
379,09:49:08,190.69,209733,11,买盘
380,09:49:11,190.59,228801,12,中性盘
381,09:49:14,190.7,133461,7,买盘
382,09:49:17,190.7,152562,8,中性盘
383,09:49:20,190.71,114417,6,买盘
384,09:49:23,190.7,123196,6,中性盘
385,09:49:29,190.71,247896,13,买盘
386,09:49:32,190.72,286062,15,买盘
387,09:49:35,190.71,19071,1,卖盘
388,09:49:38,190.77,57219,3,买盘
389,09:49:41,190.78,133541,7,买盘
390,09:49:44,190.8,133554,7,买盘
391,09:49:47,190.77,419754,22,卖盘
392,09:49:50,190.9,19090,1,买盘
393,09:49:53,190.89,38169,2,买盘
394,09:49:56,190.88,38176,2,买盘
395,09:49:59,190.8,133596,7,卖盘
396,09:50:02,190.84,362546,19,中性盘
397,09:50:05,190.8,76324,4,卖盘
398,09:50:08,190.85,114503,6,买盘
399,09:50:11,190.76,1087523,57,卖盘
400,09:50:14,190.68,686556,36,卖盘
401,09:50:17,190.57,1917319,101,卖盘
402,09:50:20,190.59,114364,6,中性盘
403,09:50:23,190.57,343078,18,卖盘
404,09:50:26,190.61,152466,8,买盘
405,09:50:29,190.57,362082,19,卖盘
406,09:50:32,190.5,228677,12,卖盘
407,09:50:35,190.56,95275,5,中性盘
408,09:50:38,190.5,114335,6,卖盘
409,09:50:41,190.5,171459,9,卖盘
410,09:50:44,190.49,19049,1,中性盘
411,09:50:47,190.48,114294,6,卖盘
412,09:50:50,190.46,19046,1,卖盘
413,09:50:53,190.46,76184,4,买盘
414,09:50:56,190.4,266603,14,卖盘
415,09:50:59,190.41,76168,4,买盘
416,09:51:02,190.45,95217,5,中性盘
417,09:51:05,190.57,781049,41,买盘
418,09:51:08,190.67,476512,25,买盘
419,09:51:11,190.68,190661,10,买盘
420,09:51:14,190.77,228924,12,中性盘
421,09:51:17,190.8,114458,6,买盘
422,09:51:20,190.8,286190,15,买盘
423,09:51:23,190.8,419794,22,卖盘
424,09:51:26,190.8,229010,12,卖盘
425,09:51:29,190.85,76335,4,买盘
426,09:51:32,190.83,267165,14,卖盘
427,09:51:35,190.81,572453,30,卖盘
428,09:51:38,190.81,95403,5,买盘
429,09:51:41,190.8,19080,1,中性盘
430,09:51:44,190.8,209883,11,买盘
431,09:51:47,190.78,152601,8,卖盘
432,09:51:50,190.68,38136,2,卖盘
433,09:51:53,190.71,76278,4,买盘
434,09:51:56,190.62,171558,9,卖盘
435,09:51:59,190.62,209667,11,买盘
436,09:52:02,190.62,114369,6,买盘
437,09:52:05,190.62,95307,5,买盘
438,09:52:08,190.63,190630,10,卖盘
439,09:52:11,190.62,228723,12,买盘
440,09:52:14,190.59,1219839,64,卖盘
441,09:52:17,190.6,304947,16,买盘
442,09:52:20,190.52,133408,7,卖盘
443,09:52:23,190.52,190516,10,买盘
444,09:52:26,190.5,247653,13,卖盘
445,09:52:29,190.47,38095,2,中性盘
446,09:52:32,190.41,342745,18,中性盘
447,09:52:35,190.4,95201,5,中性盘
448,09:52:38,190.48,1313750,69,买盘
449,09:52:41,190.66,1334189,70,买盘
450,09:52:44,190.76,1391779,73,中性盘
451,09:52:47,190.64,953592,50,中性盘
452,09:52:50,190.65,114398,6,中性盘
453,09:52:53,190.66,1163642,61,中性盘
454,09:52:56,190.76,190757,10,买盘
455,09:52:59,190.81,381593,20,买盘
456,09:53:02,190.84,152642,8,买盘
457,09:53:05,190.8,114491,6,卖盘
458,09:53:08,190.76,209877,11,卖盘
459,09:53:11,190.85,133587,7,买盘
460,09:53:14,190.85,76339,4,买盘
461,09:53:17,190.65,1716563,90,卖盘
462,09:53:20,190.8,343438,18,买盘
463,09:53:23,190.84,133568,7,买盘
464,09:53:26,190.91,1813439,95,买盘
465,09:53:29,190.96,152759,8,买盘
466,09:53:32,190.98,267344,14,买盘
467,09:53:35,190.99,78305,4,买盘
468,09:53:38,191.0,706697,37,买盘
469,09:53:41,191.0,191000,10,买盘
470,09:53:44,191.0,553887,29,买盘
471,09:53:47,191.0,1432492,75,买盘
472,09:53:50,190.96,1012226,53,卖盘
473,09:53:53,190.99,1088276,57,中性盘
474,09:53:56,190.98,935817,49,买盘
475,09:53:59,191.0,190932,10,买盘
476,09:54:02,191.0,439270,23,买盘
477,09:54:05,190.99,286499,15,中性盘
478,09:54:08,191.0,458399,24,买盘
479,09:54:11,191.0,362899,19,买盘
480,09:54:14,191.0,439290,23,买盘
481,09:54:17,191.0,191000,10,买盘
482,09:54:20,190.99,286499,15,卖盘
483,09:54:23,191.0,382021,20,中性盘
484,09:54:26,190.99,152794,8,卖盘
485,09:54:29,191.01,171917,9,买盘
486,09:54:32,190.99,171899,9,卖盘
487,09:54:35,190.99,744853,39,买盘
488,09:54:38,191.0,95498,5,买盘
489,09:54:41,191.01,821383,43,买盘
490,09:54:44,191.01,706790,37,买盘
491,09:54:47,191.08,248371,13,买盘
492,09:54:50,191.15,2369113,124,买盘
493,09:54:53,191.19,936871,49,买盘
494,09:54:56,191.25,76488,4,买盘
495,09:54:59,191.15,822205,43,卖盘
496,09:55:02,191.15,1166208,61,中性盘
497,09:55:05,191.2,496973,26,买盘
498,09:55:08,191.15,210300,11,中性盘
499,09:55:11,190.98,936271,49,卖盘
500,09:55:14,191.04,630312,33,中性盘
501,09:55:17,191.01,267433,14,中性盘
502,09:55:20,190.86,725512,38,卖盘
503,09:55:23,191.0,57298,3,买盘
504,09:55:26,190.85,152726,8,中性盘
505,09:55:29,191.0,496590,26,买盘
506,09:55:32,190.86,114540,6,卖盘
507,09:55:35,190.85,324476,17,卖盘
508,09:55:38,190.91,381751,20,买盘
509,09:55:41,190.91,152723,8,买盘
510,09:55:44,191.0,362884,19,买盘
511,09:55:47,190.94,343884,18,中性盘
512,09:55:50,190.92,114581,6,卖盘
513,09:55:53,190.93,76382,4,中性盘
514,09:55:56,190.76,3321094,174,卖盘
515,09:55:59,190.85,763095,40,买盘
516,09:56:02,190.86,229008,12,买盘
517,09:56:05,190.91,610811,32,买盘
518,09:56:08,190.89,76351,4,中性盘
519,09:56:11,190.9,76359,4,买盘
520,09:56:14,190.93,420006,22,买盘
521,09:56:17,190.93,611140,32,中性盘
522,09:56:20,190.98,133698,7,中性盘
523,09:56:23,191.0,420171,22,买盘
524,09:56:26,191.0,57300,3,买盘
525,09:56:29,191.02,229212,12,买盘
526,09:56:32,190.97,229184,12,卖盘
527,09:56:35,190.98,133672,7,买盘
528,09:56:38,190.97,324659,17,中性盘
529,09:56:41,190.93,324596,17,卖盘
530,09:56:44,190.94,171816,9,买盘
531,09:56:47,190.76,648760,34,卖盘
532,09:56:50,190.74,152593,8,中性盘
533,09:56:53,190.61,228790,12,卖盘
534,09:56:56,190.59,114357,6,卖盘
535,09:56:59,190.5,171460,9,卖盘
536,09:57:02,190.44,285741,15,卖盘
537,09:57:05,190.4,285686,15,卖盘
538,09:57:08,190.5,342721,18,买盘
539,09:57:11,190.51,190427,10,买盘
540,09:57:17,190.55,247679,13,买盘
541,09:57:20,190.52,590576,31,中性盘
542,09:57:23,190.52,152419,8,中性盘
543,09:57:26,190.44,495204,26,卖盘
544,09:57:29,190.44,285615,15,买盘
545,09:57:32,190.41,57126,3,卖盘
546,09:57:35,190.41,209447,11,卖盘
547,09:57:38,190.38,266533,14,卖盘
548,09:57:41,190.37,247462,13,中性盘
549,09:57:44,190.3,76120,4,卖盘
550,09:57:47,190.3,247404,13,卖盘
551,09:57:50,190.28,76122,4,卖盘
552,09:57:53,190.19,475577,25,卖盘
553,09:57:56,190.25,266325,14,中性盘
554,09:57:59,190.25,19025,1,买盘
555,09:58:02,190.25,38049,2,中性盘
556,09:58:05,190.16,171209,9,卖盘
557,09:58:08,190.25,133166,7,卖盘
558,09:58:11,190.25,76102,4,中性盘
559,09:58:14,190.24,38043,2,中性盘
560,09:58:17,190.26,57075,3,买盘
561,09:58:20,190.28,266365,14,买盘
562,09:58:23,190.27,19027,1,中性盘
563,09:58:26,190.25,571012,30,卖盘
564,09:58:32,190.28,247432,13,卖盘
565,09:58:35,190.3,114215,6,中性盘
566,09:58:38,190.5,190368,10,买盘
567,09:58:41,190.31,228443,12,卖盘
568,09:58:44,190.48,57144,3,买盘
569,09:58:50,190.51,133317,7,买盘
570,09:58:53,190.35,95219,5,卖盘
571,09:58:56,190.52,209417,11,买盘
572,09:59:02,190.37,285707,15,卖盘
573,09:59:05,190.42,228546,12,买盘
574,09:59:08,190.5,114283,6,买盘
575,09:59:11,190.38,399866,21,卖盘
576,09:59:14,190.18,1522385,80,卖盘
577,09:59:17,190.1,361261,19,卖盘
578,09:59:20,190.05,152043,8,卖盘
579,09:59:23,190.01,95028,5,卖盘
580,09:59:26,190.08,19008,1,中性盘
581,09:59:29,190.05,95029,5,卖盘
582,09:59:32,190.01,190015,10,卖盘
583,09:59:35,189.88,2260571,119,卖盘
584,09:59:38,189.89,151897,8,买盘
585,09:59:41,189.89,151920,8,买盘
586,09:59:44,189.88,208878,11,卖盘
587,09:59:47,189.89,284823,15,卖盘
588,09:59:50,189.96,189968,10,买盘
589,09:59:53,189.96,113992,6,卖盘
590,09:59:56,189.96,265981,14,卖盘
591,09:59:59,190.01,38002,2,买盘
592,10:00:02,190.03,171016,9,买盘
593,10:00:05,189.98,456533,24,卖盘
594,10:00:08,190.14,152038,8,买盘
595,10:00:11,190.04,76046,4,卖盘
596,10:00:14,190.14,76035,4,买盘
597,10:00:17,190.05,228049,12,卖盘
598,10:00:20,190.04,171057,9,卖盘
599,10:00:23,190.05,494159,26,卖盘
600,10:00:26,190.09,171075,9,买盘
601,10:00:29,190.09,323163,17,买盘
602,10:00:32,190.1,19010,1,买盘
603,10:00:35,190.11,209116,11,买盘
604,10:00:38,190.09,399233,21,卖盘
605,10:00:41,190.16,133118,7,中性盘
606,10:00:44,190.24,19024,1,中性盘
607,10:00:47,190.24,19024,1,买盘
608,10:00:50,190.25,190227,10,买盘
609,10:00:53,190.24,133186,7,卖盘
610,10:00:56,190.18,589738,31,卖盘
611,10:00:59,190.3,95106,5,买盘
612,10:01:02,190.19,133198,7,中性盘
613,10:01:05,190.16,114150,6,中性盘
614,10:01:08,190.33,152229,8,买盘
615,10:01:11,190.34,114194,6,买盘
616,10:01:14,190.34,114212,6,卖盘
617,10:01:17,190.38,133251,7,买盘
618,10:01:20,190.38,304533,16,买盘
619,10:01:23,190.37,95160,5,中性盘
620,10:01:26,190.38,114203,6,买盘
621,10:01:29,190.38,57114,3,中性盘
622,10:01:32,190.37,228454,12,卖盘
623,10:01:35,190.41,57120,3,买盘
624,10:01:38,190.42,57125,3,买盘
625,10:01:41,190.38,76157,4,卖盘
626,10:01:44,190.32,342671,18,卖盘
627,10:01:47,190.38,19038,1,中性盘
628,10:01:50,190.38,228460,12,买盘
629,10:01:53,190.39,133261,7,买盘
630,10:01:56,190.39,190362,10,买盘
631,10:01:59,190.39,57117,3,买盘
632,10:02:02,190.41,57116,3,买盘
633,10:02:05,190.38,114233,6,中性盘
634,10:02:11,190.34,285566,15,卖盘
635,10:02:14,190.38,266485,14,买盘
636,10:02:17,190.27,247344,13,卖盘
637,10:02:20,190.19,190213,10,卖盘
638,10:02:23,190.15,228198,12,卖盘
639,10:02:26,190.0,1691429,89,卖盘
640,10:02:32,189.99,132987,7,中性盘
641,10:02:35,190.01,76002,4,买盘
642,10:02:38,190.06,589059,31,买盘
643,10:02:41,190.26,190117,10,买盘
644,10:02:44,190.05,190060,10,卖盘
645,10:02:47,190.07,38028,2,中性盘
646,10:02:50,190.07,76028,4,卖盘
647,10:02:53,190.24,950628,50,买盘
648,10:02:56,190.0,741102,39,卖盘
649,10:03:02,190.0,455999,24,买盘
650,10:03:05,190.02,171010,9,买盘
651,10:03:08,190.07,228097,12,买盘
652,10:03:11,190.22,57066,3,买盘
653,10:03:14,190.23,552121,29,买盘
654,10:03:17,190.24,57108,3,中性盘
655,10:03:29,190.4,76165,4,中性盘
656,10:03:32,190.41,38082,2,买盘
657,10:03:35,190.4,266404,14,中性盘
658,10:03:38,190.27,171286,9,卖盘
659,10:03:41,190.4,38080,2,买盘
660,10:03:44,190.41,399791,21,买盘
661,10:03:47,190.29,38058,2,买盘
662,10:03:50,190.29,304460,16,买盘
663,10:03:53,190.32,57090,3,中性盘
664,10:03:56,190.33,19033,1,中性盘
665,10:03:59,190.33,228396,12,卖盘
666,10:04:02,190.25,666003,35,卖盘
667,10:04:05,190.32,76124,4,买盘
668,10:04:08,190.22,114141,6,卖盘
669,10:04:11,190.21,95122,5,卖盘
670,10:04:14,190.21,76070,4,中性盘
671,10:04:17,190.1,171158,9,卖盘
672,10:04:20,190.22,323298,17,买盘
673,10:04:23,190.23,38045,2,买盘
674,10:04:26,190.23,228265,12,买盘
675,10:04:29,190.23,152180,8,卖盘
676,10:04:35,190.23,152190,8,卖盘
677,10:04:38,190.27,95133,5,买盘
678,10:04:41,190.28,38056,2,买盘
679,10:04:44,190.27,38054,2,买盘
680,10:04:47,190.24,209270,11,卖盘
681,10:04:50,190.2,475561,25,卖盘
682,10:04:53,190.18,76074,4,中性盘
683,10:04:56,190.17,19017,1,卖盘
684,10:04:59,190.18,19018,1,买盘
685,10:05:02,190.08,133076,7,卖盘
686,10:05:05,190.18,57056,3,中性盘
687,10:05:08,190.11,38022,2,中性盘
688,10:05:11,190.12,114075,6,买盘
689,10:05:17,190.11,57033,3,卖盘
690,10:05:20,190.17,114094,6,买盘
691,10:05:23,190.18,57054,3,买盘
692,10:05:26,190.11,38023,2,卖盘
693,10:05:29,190.12,38028,2,卖盘
694,10:05:32,190.14,95062,5,买盘
695,10:05:35,190.09,304172,16,卖盘
696,10:05:38,190.08,247104,13,卖盘
697,10:05:41,190.09,19009,1,买盘
698,10:05:44,190.08,76030,4,买盘
699,10:05:47,190.08,152058,8,买盘
700,10:05:50,190.08,133059,7,中性盘
701,10:05:53,190.07,76029,4,卖盘
702,10:05:56,190.08,95033,5,买盘
703,10:05:59,190.08,57021,3,买盘
704,10:06:02,190.08,38014,2,买盘
705,10:06:08,190.07,38015,2,卖盘
706,10:06:11,190.07,38014,2,买盘
707,10:06:14,190.11,114050,6,买盘
708,10:06:17,190.07,171079,9,卖盘
709,10:06:20,190.07,114061,6,卖盘
710,10:06:23,190.08,133056,7,买盘
711,10:06:26,190.07,152096,8,卖盘
712,10:06:32,190.08,38016,2,卖盘
713,10:06:35,190.19,38038,2,买盘
714,10:06:38,190.3,342519,18,买盘
715,10:06:44,190.29,19029,1,买盘
716,10:06:47,190.3,38060,2,买盘
717,10:06:50,190.28,57062,3,买盘
718,10:06:53,190.28,228340,12,买盘
719,10:06:56,190.18,38036,2,卖盘
720,10:06:59,190.13,95094,5,卖盘
721,10:07:05,190.27,76077,4,买盘
722,10:07:08,190.14,19014,1,卖盘
723,10:07:11,190.14,38028,2,卖盘
724,10:07:14,190.27,19027,1,买盘
725,10:07:17,190.26,114158,6,买盘
726,10:07:23,190.2,19020,1,中性盘
727,10:07:26,190.26,19026,1,中性盘
728,10:07:29,190.22,38043,2,买盘
729,10:07:32,190.28,247328,13,买盘
730,10:07:35,190.28,133193,7,买盘
731,10:07:38,190.2,285328,15,卖盘
732,10:07:41,190.28,38056,2,中性盘
733,10:07:44,190.29,342464,18,买盘
734,10:07:47,190.28,171217,9,中性盘
735,10:07:50,190.18,475485,25,卖盘
736,10:07:53,190.2,76075,4,买盘
737,10:07:56,190.16,380345,20,卖盘
738,10:07:59,190.18,171151,9,买盘
739,10:08:02,190.18,38034,2,中性盘
740,10:08:05,190.23,209203,11,买盘
741,10:08:08,190.23,38046,2,买盘
742,10:08:14,190.22,38044,2,买盘
743,10:08:20,190.23,171206,9,买盘
744,10:08:23,190.23,95115,5,卖盘
745,10:08:26,190.23,76092,4,卖盘
746,10:08:29,190.22,665788,35,卖盘
747,10:08:32,190.21,171194,9,卖盘
748,10:08:35,190.22,133149,7,买盘
749,10:08:38,190.18,228262,12,卖盘
750,10:08:41,190.25,19025,1,卖盘
751,10:08:44,190.23,114154,6,卖盘
752,10:08:53,190.27,38054,2,买盘
753,10:08:56,190.27,209294,11,买盘
754,10:08:59,190.27,114156,6,买盘
755,10:09:02,190.23,38050,2,卖盘
756,10:09:05,190.27,133190,7,买盘
757,10:09:08,190.27,323431,17,卖盘
758,10:09:11,190.28,76109,4,买盘
759,10:09:14,190.28,380566,20,买盘
760,10:09:17,190.32,684870,36,中性盘
761,10:09:23,190.27,114162,6,买盘
762,10:09:26,190.27,133189,7,买盘
763,10:09:32,190.33,171287,9,买盘
764,10:09:35,190.33,19033,1,买盘
765,10:09:41,190.33,76131,4,买盘
766,10:09:44,190.32,723253,38,卖盘
767,10:09:47,190.25,589868,31,卖盘
768,10:09:50,190.24,114144,6,卖盘
769,10:09:53,190.23,95108,5,买盘
770,10:09:56,190.19,76080,4,卖盘
771,10:09:59,190.21,418397,22,买盘
772,10:10:02,190.21,266221,14,买盘
773,10:10:05,190.2,38036,2,中性盘
774,10:10:08,190.15,570437,30,卖盘
775,10:10:11,190.13,969664,51,卖盘
776,10:10:14,190.11,399222,21,买盘
777,10:10:17,190.08,418202,22,卖盘
778,10:10:20,190.1,266116,14,买盘
779,10:10:23,190.09,114051,6,中性盘
780,10:10:26,190.08,95040,5,卖盘
781,10:10:29,190.06,361134,19,卖盘
782,10:10:32,190.07,76024,4,买盘
783,10:10:35,190.07,209067,11,买盘
784,10:10:38,190.03,152034,8,卖盘
785,10:10:41,190.03,19003,1,买盘
786,10:10:44,190.03,19003,1,买盘
787,10:10:47,190.05,95017,5,买盘
788,10:10:50,190.05,266053,14,买盘
789,10:10:53,190.05,190029,10,中性盘
790,10:10:56,190.01,19001,1,卖盘
791,10:10:59,190.06,171053,9,买盘
792,10:11:02,190.06,38012,2,买盘
793,10:11:05,190.06,209062,11,买盘
794,10:11:11,190.04,57014,3,卖盘
795,10:11:14,190.05,228059,12,买盘
796,10:11:17,190.06,76024,4,买盘
797,10:11:20,190.05,190046,10,卖盘
798,10:11:23,190.04,38009,2,中性盘
799,10:11:26,190.0,2128019,112,卖盘
800,10:11:29,189.94,2849775,150,卖盘
801,10:11:32,189.93,18993,1,中性盘
802,10:11:35,189.9,303846,16,卖盘
803,10:11:38,189.9,588683,31,卖盘
804,10:11:41,189.9,56969,3,买盘
805,10:11:44,189.89,75958,4,卖盘
806,10:11:47,189.89,1348225,71,卖盘
807,10:11:50,189.9,1006419,53,中性盘
808,10:11:53,189.89,94941,5,中性盘
809,10:11:56,189.89,113933,6,买盘
810,10:11:59,189.89,588655,31,买盘
811,10:12:02,189.92,303853,16,买盘
812,10:12:05,189.92,18992,1,买盘
813,10:12:08,189.92,607588,32,买盘
814,10:12:11,189.89,151920,8,卖盘
815,10:12:14,189.91,151926,8,买盘
816,10:12:17,189.91,37983,2,卖盘
817,10:12:20,189.92,18992,1,买盘
818,10:12:26,189.93,417822,22,买盘
819,10:12:29,189.96,227942,12,买盘
820,10:12:32,189.94,56985,3,卖盘
821,10:12:35,189.93,987867,52,卖盘
822,10:12:38,189.92,56977,3,卖盘
823,10:12:41,190.0,322980,17,买盘
824,10:12:47,190.01,19001,1,买盘
825,10:12:50,190.02,285006,15,买盘
826,10:12:56,190.03,95012,5,买盘
827,10:12:59,190.04,38008,2,买盘
828,10:13:02,190.05,19005,1,买盘
829,10:13:05,190.05,57015,3,买盘
830,10:13:08,190.05,152037,8,买盘
831,10:13:11,190.04,266065,14,卖盘
832,10:13:14,190.04,19004,1,卖盘
833,10:13:17,190.05,38009,2,买盘
834,10:13:20,190.06,57018,3,买盘
835,10:13:23,190.06,57018,3,买盘
836,10:13:26,190.05,133037,7,卖盘
837,10:13:29,190.06,95028,5,买盘
838,10:13:32,190.06,190056,10,买盘
839,10:13:35,190.06,19006,1,卖盘
840,10:13:38,190.06,19006,1,卖盘
841,10:13:41,190.07,57019,3,买盘
842,10:13:44,190.21,1445132,76,买盘
843,10:13:47,190.21,95105,5,买盘
844,10:13:50,190.21,38042,2,卖盘
845,10:13:53,190.21,19021,1,卖盘
846,10:13:56,190.24,171207,9,买盘
847,10:13:59,190.2,266281,14,卖盘
848,10:14:02,190.2,19020,1,卖盘
849,10:14:05,190.23,76087,4,买盘
850,10:14:08,190.24,380461,20,买盘
851,10:14:11,190.24,76097,4,买盘
852,10:14:14,190.24,114144,6,卖盘
853,10:14:17,190.33,171265,9,买盘
854,10:14:20,190.23,95128,5,卖盘
855,10:14:23,190.21,76087,4,卖盘
856,10:14:26,190.24,38048,2,买盘
857,10:14:29,190.36,685270,36,买盘
858,10:14:32,190.35,95175,5,买盘
859,10:14:35,190.35,19035,1,买盘
860,10:14:38,190.33,114198,6,卖盘
861,10:14:41,190.36,57108,3,买盘
862,10:14:44,190.5,1599689,84,买盘
863,10:14:47,190.58,571558,30,买盘
864,10:14:50,190.57,228695,12,中性盘
865,10:14:53,190.71,533637,28,买盘
866,10:14:56,190.71,171639,9,买盘
867,10:14:59,190.77,19077,1,买盘
868,10:15:02,190.77,209847,11,买盘
869,10:15:05,190.77,953967,50,卖盘
870,10:15:08,190.97,896913,47,买盘
871,10:15:11,190.76,171798,9,中性盘
872,10:15:14,190.76,76304,4,买盘
873,10:15:17,190.76,95380,5,中性盘
874,10:15:20,190.76,133532,7,买盘
875,10:15:23,190.76,133530,7,买盘
876,10:15:26,190.75,114456,6,卖盘
877,10:15:29,190.82,267099,14,买盘
878,10:15:32,190.75,76315,4,卖盘
879,10:15:35,190.85,76336,4,买盘
880,10:15:38,190.82,57239,3,中性盘
881,10:15:41,190.82,19082,1,买盘
882,10:15:47,190.75,133532,7,卖盘
883,10:15:50,190.81,171711,9,中性盘
884,10:15:53,190.79,190772,10,中性盘
885,10:15:56,190.75,76307,4,中性盘
886,10:15:59,190.74,57222,3,中性盘
887,10:16:02,190.74,171648,9,买盘
888,10:16:05,190.71,76287,4,卖盘
889,10:16:08,190.71,152571,8,中性盘
890,10:16:11,190.7,114425,6,卖盘
891,10:16:14,190.8,1277991,67,买盘
892,10:16:17,190.82,267154,14,买盘
893,10:16:20,190.9,95454,5,买盘
894,10:16:23,190.94,248143,13,买盘
895,10:16:26,190.97,935726,49,买盘
896,10:16:29,190.97,515650,27,买盘
897,10:16:32,190.99,420171,22,买盘
898,10:16:35,190.97,381961,20,卖盘
899,10:16:38,190.95,706576,37,卖盘
900,10:16:41,190.96,229152,12,中性盘
901,10:16:44,190.91,343689,18,卖盘
902,10:16:47,190.76,248148,13,中性盘
903,10:16:50,190.9,210012,11,中性盘
904,10:16:53,190.89,362512,19,中性盘
905,10:16:56,190.9,152720,8,买盘
906,10:16:59,190.91,133637,7,买盘
907,10:17:02,190.97,725651,38,买盘
908,10:17:05,190.92,591968,31,卖盘
909,10:17:08,190.97,133685,7,买盘
910,10:17:11,191.0,190995,10,买盘
911,10:17:14,190.99,171895,9,卖盘
912,10:17:17,190.97,76393,4,卖盘
913,10:17:20,191.0,38199,2,买盘
914,10:17:23,191.0,496555,26,买盘
915,10:17:26,191.0,19100,1,买盘
916,10:17:29,190.96,190971,10,卖盘
917,10:17:32,190.95,133679,7,卖盘
918,10:17:35,190.95,38190,2,买盘
919,10:17:38,190.99,229162,12,买盘
920,10:17:41,190.95,38190,2,中性盘
921,10:17:44,190.93,324571,17,卖盘
922,10:17:47,190.95,114560,6,买盘
923,10:17:50,190.93,133646,7,中性盘
924,10:17:53,190.93,38183,2,买盘
925,10:17:56,190.9,286359,15,卖盘
926,10:17:59,190.91,114559,6,中性盘
927,10:18:02,190.97,190936,10,买盘
928,10:18:05,190.9,76370,4,卖盘
929,10:18:08,190.92,496328,26,中性盘
930,10:18:11,190.89,496303,26,中性盘
931,10:18:14,190.88,171789,9,中性盘
932,10:18:17,190.88,859143,45,买盘
933,10:18:20,190.9,362635,19,买盘
934,10:18:23,190.9,190897,10,买盘
935,10:18:26,190.9,38178,2,买盘
936,10:18:29,190.87,152667,8,卖盘
937,10:18:32,190.9,38179,2,买盘
938,10:18:35,190.74,763127,40,卖盘
939,10:18:38,190.74,76296,4,卖盘
940,10:18:41,190.79,190808,10,中性盘
941,10:18:44,190.51,171568,9,卖盘
942,10:18:47,190.61,1162718,61,中性盘
943,10:18:50,190.7,152556,8,买盘
944,10:18:53,190.7,152551,8,买盘
945,10:18:56,190.51,133358,7,卖盘
946,10:18:59,190.52,19052,1,中性盘
947,10:19:02,190.66,57170,3,买盘
948,10:19:08,190.67,247874,13,卖盘
949,10:19:11,190.67,19067,1,中性盘
950,10:19:14,190.69,171608,9,买盘
951,10:19:17,190.68,57204,3,卖盘
952,10:19:20,190.7,628999,33,买盘
953,10:19:29,190.7,57212,3,卖盘
954,10:19:32,190.71,38141,2,中性盘
955,10:19:35,190.71,57213,3,买盘
956,10:19:38,190.72,190730,10,中性盘
957,10:19:41,190.7,38142,2,卖盘
958,10:19:44,190.72,95372,5,卖盘
959,10:19:47,190.75,19075,1,买盘
960,10:19:50,190.76,95380,5,买盘
961,10:19:53,190.77,267076,14,买盘
962,10:19:56,190.76,133536,7,卖盘
963,10:19:59,190.76,57230,3,卖盘
964,10:20:02,190.78,76312,4,买盘
965,10:20:05,190.79,591434,31,买盘
966,10:20:08,190.8,95400,5,买盘
967,10:20:11,190.83,57247,3,买盘
968,10:20:14,190.82,95415,5,卖盘
969,10:20:17,190.86,38168,2,买盘
970,10:20:20,190.82,152679,8,卖盘
971,10:20:23,190.86,38172,2,买盘
972,10:20:26,190.8,362530,19,卖盘
973,10:20:29,190.76,1716982,90,卖盘
974,10:20:32,190.73,19073,1,中性盘
975,10:20:35,190.73,38146,2,买盘
976,10:20:38,190.66,133484,7,卖盘
977,10:20:41,190.68,38136,2,中性盘
978,10:20:44,190.66,19066,1,中性盘
979,10:20:47,190.68,286019,15,买盘
980,10:20:53,190.69,38138,2,买盘
981,10:20:56,190.68,19068,1,卖盘
982,10:20:59,190.68,45763,2,卖盘
983,10:21:02,190.68,68645,4,卖盘
984,10:21:05,190.68,19068,1,买盘
985,10:21:08,190.66,38134,2,卖盘
986,10:21:11,190.66,76265,4,卖盘
987,10:21:14,190.65,57196,3,卖盘
988,10:21:17,190.64,171577,9,卖盘
989,10:21:20,190.57,19057,1,卖盘
990,10:21:23,190.54,743222,39,卖盘
991,10:21:29,190.5,266512,14,中性盘
992,10:21:32,190.36,133256,7,中性盘
993,10:21:38,190.49,228520,12,买盘
994,10:21:41,190.48,38096,2,中性盘
995,10:21:44,190.48,76170,4,中性盘
996,10:21:47,190.36,1216799,64,卖盘
997,10:21:50,190.36,38072,2,买盘
998,10:21:53,190.37,380580,20,买盘
999,10:21:56,190.4,76156,4,中性盘
1000,10:21:59,190.4,38080,2,买盘
1001,10:22:02,190.51,495205,26,买盘
1002,10:22:05,190.45,38098,2,卖盘
1003,10:22:08,190.53,19053,1,买盘
1004,10:22:11,190.53,152357,8,买盘
1005,10:22:14,190.4,171351,9,卖盘
1006,10:22:17,190.4,57120,3,中性盘
1007,10:22:20,190.53,57157,3,买盘
1008,10:22:23,190.41,19041,1,卖盘
1009,10:22:29,190.55,777319,41,买盘
1010,10:22:32,190.57,76225,4,买盘
1011,10:22:35,190.68,171582,9,买盘
1012,10:22:38,190.68,122004,6,买盘
1013,10:22:44,190.69,57205,3,买盘
1014,10:22:50,190.68,209728,11,买盘
1015,10:22:53,190.68,247841,13,买盘
1016,10:22:56,190.67,76268,4,中性盘
1017,10:22:59,190.67,38134,2,买盘
1018,10:23:02,190.67,114402,6,买盘
1019,10:23:05,190.67,38135,2,中性盘
1020,10:23:08,190.68,152543,8,买盘
1021,10:23:11,190.69,400448,21,买盘
1022,10:23:14,190.7,209761,11,买盘
1023,10:23:17,190.74,76300,4,买盘
1024,10:23:20,190.74,38148,2,卖盘
1025,10:23:23,190.69,76281,4,卖盘
1026,10:23:26,190.7,324153,17,卖盘
1027,10:23:32,190.62,133480,7,卖盘
1028,10:23:35,190.71,247848,13,买盘
1029,10:23:38,190.68,133485,7,中性盘
1030,10:23:41,190.7,19070,1,买盘
1031,10:23:44,190.7,57210,3,买盘
1032,10:23:47,190.74,76279,4,买盘
1033,10:23:53,190.6,285964,15,卖盘
1034,10:23:56,190.76,171615,9,买盘
1035,10:23:59,190.7,38140,2,买盘
1036,10:24:02,190.59,57198,3,卖盘
1037,10:24:08,190.7,38140,2,买盘
1038,10:24:14,190.59,648019,34,卖盘
1039,10:24:17,190.6,76239,4,买盘
1040,10:24:20,190.6,19060,1,买盘
1041,10:24:26,190.62,38124,2,买盘
1042,10:24:29,190.59,228709,12,卖盘
1043,10:24:35,190.58,190550,10,买盘
1044,10:24:38,190.58,19058,1,买盘
1045,10:24:41,190.52,133364,7,卖盘
1046,10:24:44,190.51,19051,1,中性盘
1047,10:24:47,190.51,19051,1,买盘
1048,10:24:50,190.46,114276,6,中性盘
1049,10:24:53,190.45,609470,32,卖盘
1050,10:24:59,190.38,514114,27,卖盘
1051,10:25:02,190.35,209395,11,卖盘
1052,10:25:08,190.27,57081,3,中性盘
1053,10:25:11,190.21,57074,3,卖盘
1054,10:25:14,190.36,399738,21,买盘
1055,10:25:20,190.35,19035,1,中性盘
1056,10:25:26,190.36,95176,5,买盘
1057,10:25:29,190.27,38062,2,卖盘
1058,10:25:35,190.35,38069,2,买盘
1059,10:25:38,190.3,171273,9,卖盘
1060,10:25:44,190.28,38056,2,卖盘
1061,10:25:50,190.18,304303,16,卖盘
1062,10:25:53,190.18,38036,2,卖盘
1063,10:25:56,190.18,114112,6,卖盘
1064,10:25:59,190.18,171168,9,卖盘
1065,10:26:02,190.2,304320,16,买盘
1066,10:26:05,190.2,38040,2,卖盘
1067,10:26:08,190.21,304321,16,买盘
1068,10:26:14,190.21,19021,1,买盘
1069,10:26:17,190.21,133147,7,买盘
1070,10:26:23,190.21,209223,11,买盘
1071,10:26:26,190.21,76096,4,中性盘
1072,10:26:29,190.25,152200,8,卖盘
1073,10:26:32,190.25,190245,10,买盘
1074,10:26:35,190.23,19023,1,买盘
1075,10:26:44,190.25,19025,1,买盘
1076,10:26:50,190.26,133178,7,买盘
1077,10:26:56,190.26,152212,8,卖盘
1078,10:26:59,190.26,19026,1,中性盘
1079,10:27:02,190.3,76112,4,买盘
1080,10:27:05,190.35,19035,1,买盘
1081,10:27:08,190.39,57110,3,买盘
1082,10:27:11,190.39,38078,2,买盘
1083,10:27:14,190.38,57114,3,买盘
1084,10:27:17,190.38,38076,2,卖盘
1085,10:27:20,190.39,114230,6,买盘
1086,10:27:23,190.5,3179748,167,买盘
1087,10:27:26,190.52,57154,3,买盘
1088,10:27:29,190.58,152453,8,买盘
1089,10:27:32,190.69,285891,15,买盘
1090,10:27:35,190.68,57204,3,中性盘
1091,10:27:38,190.69,114414,6,买盘
1092,10:27:41,190.7,133490,7,买盘
1093,10:27:44,190.69,57205,3,中性盘
1094,10:27:47,190.6,38120,2,卖盘
1095,10:27:50,190.69,19069,1,买盘
1096,10:27:53,190.6,19060,1,买盘
1097,10:27:56,190.65,76260,4,买盘
1098,10:27:59,190.65,247821,13,买盘
1099,10:28:02,190.6,76254,4,卖盘
1100,10:28:05,190.6,19060,1,卖盘
1101,10:28:08,190.59,19059,1,卖盘
1102,10:28:11,190.59,19059,1,卖盘
1103,10:28:14,190.58,152472,8,卖盘
1104,10:28:17,190.4,76194,4,卖盘
1105,10:28:23,190.42,76179,4,卖盘
1106,10:28:26,190.47,19047,1,买盘
1107,10:28:29,190.48,38096,2,买盘
1108,10:28:35,190.47,76191,4,卖盘
1109,10:28:38,190.49,95242,5,买盘
1110,10:28:41,190.48,95242,5,卖盘
1111,10:28:44,190.49,76195,4,买盘
1112,10:28:47,190.48,228577,12,卖盘
1113,10:28:50,190.48,190480,10,卖盘
1114,10:28:56,190.48,209520,11,买盘
1115,10:28:59,190.48,266671,14,买盘
1116,10:29:02,190.47,152376,8,卖盘
1117,10:29:05,190.5,628561,33,买盘
1118,10:29:11,190.52,171452,9,中性盘
1119,10:29:14,190.55,152430,8,买盘
1120,10:29:17,190.56,114335,6,买盘
1121,10:29:20,190.56,171475,9,买盘
1122,10:29:23,190.57,285854,15,买盘
1123,10:29:26,190.57,362101,19,买盘
1124,10:29:29,190.52,95278,5,卖盘
1125,10:29:32,190.59,324025,17,中性盘
1126,10:29:35,190.69,95329,5,买盘
1127,10:29:38,190.69,19069,1,买盘
1128,10:29:41,190.69,76276,4,买盘
1129,10:29:44,190.7,114415,6,买盘
1130,10:29:47,190.7,19070,1,买盘
1131,10:29:50,190.7,148174,8,买盘
1132,10:29:53,190.76,114431,6,买盘
1133,10:29:56,190.7,209770,11,卖盘
1134,10:29:59,190.76,114456,6,买盘
1135,10:30:02,190.75,76292,4,中性盘
1136,10:30:05,190.75,57221,3,买盘
1137,10:30:08,190.71,76291,4,卖盘
1138,10:30:11,190.74,152587,8,买盘
1139,10:30:14,190.71,362405,19,卖盘
1140,10:30:17,190.75,19075,1,买盘
1141,10:30:20,190.72,57221,3,卖盘
1142,10:30:23,190.75,38150,2,买盘
1143,10:30:26,190.75,38150,2,买盘
1144,10:30:29,190.8,724954,38,买盘
1145,10:30:32,190.8,114482,6,卖盘
1146,10:30:35,190.82,171738,9,买盘
1147,10:30:38,190.8,133560,7,卖盘
1148,10:30:41,190.84,76334,4,买盘
1149,10:30:44,190.84,190842,10,卖盘
1150,10:30:47,190.85,114506,6,买盘
1151,10:30:53,190.86,286264,15,买盘
1152,10:30:56,190.85,248104,13,中性盘
1153,10:30:59,190.86,171769,9,买盘
1154,10:31:02,190.89,229034,12,买盘
1155,10:31:08,190.82,57247,3,卖盘
1156,10:31:11,190.83,438922,23,中性盘
1157,10:31:14,190.83,610716,32,卖盘
1158,10:31:17,190.85,190850,10,买盘
1159,10:31:20,190.84,148851,8,买盘
1160,10:31:23,190.83,76332,4,卖盘
1161,10:31:26,190.84,19084,1,买盘
1162,10:31:29,190.83,423644,22,卖盘
1163,10:31:32,190.8,381609,20,卖盘
1164,10:31:35,190.74,152592,8,卖盘
1165,10:31:38,190.73,19073,1,卖盘
1166,10:31:41,190.71,152561,8,中性盘
1167,10:31:44,190.72,495861,26,买盘
1168,10:31:47,190.72,381424,20,卖盘
1169,10:31:50,190.72,57216,3,卖盘
1170,10:31:53,190.72,95361,5,卖盘
1171,10:31:56,190.72,38144,2,卖盘
1172,10:31:59,190.71,76285,4,中性盘
1173,10:32:05,190.75,1068100,56,买盘
1174,10:32:08,190.75,133537,7,卖盘
1175,10:32:11,190.81,171735,9,中性盘
1176,10:32:14,190.83,228985,12,买盘
1177,10:32:17,190.84,95415,5,买盘
1178,10:32:20,190.84,129767,7,买盘
1179,10:32:23,190.85,209927,11,买盘
1180,10:32:26,190.83,919862,48,卖盘
1181,10:32:29,190.84,114500,6,买盘
1182,10:32:32,190.83,133587,7,卖盘
1183,10:32:35,190.82,171742,9,卖盘
1184,10:32:38,190.83,38166,2,买盘
1185,10:32:41,190.82,19082,1,卖盘
1186,10:32:44,190.83,95415,5,买盘
1187,10:32:47,190.84,190838,10,买盘
1188,10:32:50,190.88,973306,51,买盘
1189,10:32:53,190.89,190888,10,买盘
1190,10:32:56,190.88,76353,4,卖盘
1191,10:32:59,190.89,133618,7,买盘
1192,10:33:02,190.89,95445,5,买盘
1193,10:33:05,190.9,114535,6,买盘
1194,10:33:08,190.89,171801,9,卖盘
1195,10:33:11,190.88,190889,10,卖盘
1196,10:33:14,190.9,572698,30,买盘
1197,10:33:17,190.91,229084,12,买盘
1198,10:33:20,190.91,95454,5,买盘
1199,10:33:23,190.93,57274,3,买盘
1200,10:33:26,190.94,95460,5,买盘
1201,10:33:32,190.94,343703,18,买盘
1202,10:33:35,190.98,171865,9,买盘
1203,10:33:38,190.95,95476,5,卖盘
1204,10:33:41,190.95,133664,7,买盘
1205,10:33:44,190.95,38190,2,卖盘
1206,10:33:47,190.95,76381,4,卖盘
1207,10:33:50,190.95,171855,9,卖盘
1208,10:33:53,190.96,19096,1,买盘
1209,10:33:56,190.94,668322,35,卖盘
1210,10:33:59,190.99,725716,38,买盘
1211,10:34:02,190.96,57288,3,卖盘
1212,10:34:05,190.96,38193,2,卖盘
1213,10:34:11,191.01,5347866,280,买盘
1214,10:34:14,191.02,534837,28,买盘
1215,10:34:17,191.02,382043,20,买盘
1216,10:34:20,191.02,133723,7,卖盘
1217,10:34:29,191.0,955058,50,卖盘
1218,10:34:32,190.98,630235,33,卖盘
1219,10:34:35,190.84,229109,12,卖盘
1220,10:34:38,190.83,114498,6,卖盘
1221,10:34:41,190.85,267174,14,中性盘
1222,10:34:44,190.89,114520,6,买盘
1223,10:34:47,190.87,496312,26,卖盘
1224,10:34:50,190.85,248110,13,卖盘
1225,10:34:56,190.86,57258,3,买盘
1226,10:34:59,190.86,38172,2,卖盘
1227,10:35:05,190.86,19086,1,买盘
1228,10:35:08,190.9,190874,10,买盘
1229,10:35:11,190.85,229026,12,卖盘
1230,10:35:14,190.9,152716,8,买盘
1231,10:35:17,190.97,38188,2,买盘
1232,10:35:20,190.98,458258,24,买盘
1233,10:35:29,190.99,534765,28,买盘
1234,10:35:32,190.99,76396,4,卖盘
1235,10:35:35,190.99,1623425,85,卖盘
1236,10:35:41,191.0,286500,15,买盘
1237,10:35:44,191.06,1681004,88,买盘
1238,10:35:47,191.02,363002,19,卖盘
1239,10:35:50,191.07,114645,6,买盘
1240,10:35:53,191.08,38216,2,卖盘
1241,10:35:56,191.09,57325,3,买盘
1242,10:35:59,191.07,191081,10,卖盘
1243,10:36:02,191.09,133757,7,买盘
1244,10:36:05,191.08,19108,1,买盘
1245,10:36:08,191.08,57323,3,买盘
1246,10:36:11,191.04,286560,15,卖盘
1247,10:36:14,190.99,1528206,80,卖盘
1248,10:36:17,191.0,152786,8,买盘
1249,10:36:20,191.0,267396,14,买盘
1250,10:36:23,190.99,210050,11,中性盘
1251,10:36:26,190.99,57297,3,买盘
1252,10:36:29,190.98,114591,6,卖盘
1253,10:36:32,191.04,553922,29,买盘
1254,10:36:35,191.04,210132,11,买盘
1255,10:36:38,191.04,57305,3,买盘
1256,10:36:41,191.04,19104,1,买盘
1257,10:36:44,191.03,630424,33,中性盘
1258,10:36:47,191.01,38204,2,中性盘
1259,10:36:50,191.0,114611,6,卖盘
1260,10:36:53,191.01,191019,10,买盘
1261,10:36:56,191.02,76406,4,买盘
1262,10:36:59,191.01,76404,4,卖盘
1263,10:37:02,191.01,76405,4,卖盘
1264,10:37:05,191.01,95505,5,卖盘
1265,10:37:08,191.02,133714,7,卖盘
1266,10:37:14,191.03,477575,25,买盘
1267,10:37:17,191.04,95519,5,买盘
1268,10:37:20,191.03,57309,3,卖盘
1269,10:37:23,191.03,19103,1,卖盘
1270,10:37:26,191.03,38207,2,卖盘
1271,10:37:29,191.04,802375,42,买盘
1272,10:37:32,191.11,2063736,108,买盘
1273,10:37:35,191.11,57327,3,买盘
1274,10:37:38,191.12,133780,7,买盘
1275,10:37:41,191.11,172004,9,卖盘
1276,10:37:44,191.16,191148,10,买盘
1277,10:37:47,191.16,57347,3,买盘
1278,10:37:50,191.16,229415,12,卖盘
1279,10:37:53,191.2,1108953,58,买盘
1280,10:37:56,191.21,305929,16,买盘
1281,10:37:59,191.24,57369,3,买盘
1282,10:38:02,191.21,248610,13,卖盘
1283,10:38:05,191.21,382503,20,卖盘
1284,10:38:11,191.21,19121,1,卖盘
1285,10:38:14,191.23,382456,20,买盘
1286,10:38:17,191.24,210362,11,买盘
1287,10:38:20,191.24,57371,3,买盘
1288,10:38:23,191.25,286864,15,买盘
1289,10:38:26,191.28,19128,1,买盘
1290,10:38:29,191.26,133882,7,卖盘
1291,10:38:32,191.25,95630,5,卖盘
1292,10:38:35,191.23,611969,32,卖盘
1293,10:38:38,191.26,325123,17,买盘
1294,10:38:44,191.29,841625,44,买盘
1295,10:38:47,191.26,172134,9,卖盘
1296,10:38:50,191.27,172149,9,中性盘
1297,10:38:53,191.29,76511,4,买盘
1298,10:38:56,191.28,172159,9,卖盘
1299,10:38:59,191.3,153039,8,买盘
1300,10:39:02,191.3,133907,7,买盘
1301,10:39:05,191.3,994755,52,买盘
1302,10:39:08,191.29,133909,7,中性盘
1303,10:39:11,191.29,267816,14,买盘
1304,10:39:14,191.3,114774,6,买盘
1305,10:39:17,191.29,497361,26,卖盘
1306,10:39:20,191.29,114774,6,卖盘
1307,10:39:23,191.3,153039,8,买盘
1308,10:39:26,191.3,114778,6,买盘
1309,10:39:29,191.3,1300831,68,买盘
1310,10:39:32,191.29,382588,20,卖盘
1311,10:39:35,191.29,191311,10,卖盘
1312,10:39:38,191.29,38258,2,卖盘
1313,10:39:41,191.29,172175,9,中性盘
1314,10:39:44,191.34,401778,21,买盘
1315,10:39:47,191.34,497492,26,卖盘
1316,10:39:50,191.36,344413,18,买盘
1317,10:39:53,191.37,172226,9,买盘
1318,10:39:56,191.4,229652,12,买盘
1319,10:39:59,191.36,133974,7,卖盘
1320,10:40:02,191.42,172254,9,买盘
1321,10:40:05,191.4,401977,21,卖盘
1322,10:40:08,191.3,1397084,73,卖盘
1323,10:40:11,191.2,1491916,78,卖盘
1324,10:40:14,191.09,898905,47,卖盘
1325,10:40:17,191.13,153002,8,中性盘
1326,10:40:20,191.04,171984,9,卖盘
1327,10:40:23,191.06,19106,1,中性盘
1328,10:40:26,191.06,191060,10,卖盘
1329,10:40:29,191.07,57327,3,中性盘
1330,10:40:32,191.06,668744,35,卖盘
1331,10:40:35,191.06,382100,20,买盘
1332,10:40:38,190.99,381975,20,卖盘
1333,10:40:41,190.99,783053,41,买盘
1334,10:40:44,190.99,305502,16,中性盘
1335,10:40:47,190.99,133696,7,卖盘
1336,10:40:50,190.99,57300,3,卖盘
1337,10:40:53,190.95,515615,27,卖盘
1338,10:40:56,190.87,95435,5,中性盘
1339,10:41:02,190.82,438898,23,卖盘
1340,10:41:05,190.82,38164,2,卖盘
1341,10:41:08,190.65,95326,5,卖盘
1342,10:41:11,190.66,343185,18,中性盘
1343,10:41:14,190.61,763076,40,卖盘
1344,10:41:17,190.65,38130,2,买盘
1345,10:41:20,190.74,152616,8,中性盘
1346,10:41:23,190.73,95388,5,卖盘
1347,10:41:26,190.72,76288,4,卖盘
1348,10:41:29,190.65,76269,4,卖盘
1349,10:41:35,190.72,171621,9,买盘
1350,10:41:38,190.67,95354,5,卖盘
1351,10:41:41,190.73,438583,23,买盘
1352,10:41:44,190.71,19071,1,中性盘
1353,10:41:47,190.7,190705,10,卖盘
1354,10:41:50,190.73,419562,22,买盘
1355,10:41:53,190.73,362387,19,卖盘
1356,10:41:56,190.68,877306,46,卖盘
1357,10:41:59,190.67,190670,10,卖盘
1358,10:42:02,190.66,228802,12,卖盘
1359,10:42:05,190.65,228770,12,卖盘
1360,10:42:11,190.6,95302,5,卖盘
1361,10:42:14,190.62,533749,28,中性盘
1362,10:42:17,190.56,362075,19,卖盘
1363,10:42:20,190.55,2686989,141,中性盘
1364,10:42:23,190.59,133395,7,中性盘
1365,10:42:26,190.6,57180,3,卖盘
1366,10:42:29,190.6,76247,4,中性盘
1367,10:42:32,190.66,381299,20,买盘
1368,10:42:35,190.76,725028,38,买盘
1369,10:42:38,190.76,57232,3,卖盘
1370,10:42:41,190.97,458171,24,中性盘
1371,10:42:44,190.92,362467,19,中性盘
1372,10:42:47,190.92,38184,2,买盘
1373,10:42:50,190.85,19085,1,中性盘
1374,10:42:53,190.79,534190,28,卖盘
1375,10:42:56,190.76,362485,19,卖盘
1376,10:42:59,190.77,114458,6,买盘
1377,10:43:02,190.79,476945,25,买盘
1378,10:43:05,190.72,133508,7,卖盘
1379,10:43:08,190.78,190743,10,买盘
1380,10:43:11,190.79,171655,9,买盘
1381,10:43:14,190.72,324289,17,卖盘
1382,10:43:20,190.67,38134,2,中性盘
1383,10:43:23,190.78,19078,1,买盘
1384,10:43:26,190.77,400633,21,卖盘
1385,10:43:29,190.82,57246,3,买盘
1386,10:43:35,190.83,209897,11,买盘
1387,10:43:38,190.83,76330,4,买盘
1388,10:43:41,190.85,324413,17,买盘
1389,10:43:44,190.84,38167,2,中性盘
1390,10:43:47,190.83,610698,32,卖盘
1391,10:43:50,190.86,343712,18,买盘
1392,10:43:53,190.97,57291,3,中性盘
1393,10:43:56,190.97,38194,2,买盘
1394,10:44:02,190.99,477448,25,买盘
1395,10:44:05,191.0,76400,4,买盘
1396,10:44:08,190.98,362879,19,卖盘
1397,10:44:11,190.98,38196,2,卖盘
1398,10:44:14,191.03,171927,9,卖盘
1399,10:44:17,190.99,362944,19,卖盘
1400,10:44:20,190.99,38197,2,买盘
1401,10:44:23,191.0,19100,1,买盘
1402,10:44:26,191.0,114600,6,买盘
1403,10:44:29,190.99,630296,33,卖盘
1404,10:44:32,190.99,19099,1,卖盘
1405,10:44:35,190.98,95496,5,卖盘
1406,10:44:38,190.99,57296,3,买盘
1407,10:44:41,191.0,248300,13,卖盘
1408,10:44:44,190.98,133696,7,卖盘
1409,10:44:47,190.97,286472,15,卖盘
1410,10:44:50,190.97,171859,9,中性盘
1411,10:44:53,190.96,305551,16,买盘
1412,10:44:56,190.92,76368,4,卖盘
1413,10:44:59,190.9,76360,4,卖盘
1414,10:45:02,190.85,190876,10,卖盘
1415,10:45:05,190.9,209990,11,买盘
1416,10:45:08,190.92,19092,1,卖盘
1417,10:45:11,190.92,57282,3,卖盘
1418,10:45:14,191.0,114597,6,买盘
1419,10:45:17,191.0,171860,9,买盘
1420,10:45:20,191.0,401095,21,买盘
1421,10:45:23,190.99,725798,38,中性盘
1422,10:45:26,190.99,95495,5,买盘
1423,10:45:29,191.0,95500,5,买盘
1424,10:45:35,190.99,152793,8,卖盘
1425,10:45:38,191.01,210110,11,买盘
1426,10:45:41,191.02,171911,9,中性盘
1427,10:45:44,191.03,993359,52,买盘
1428,10:45:47,191.03,171927,9,卖盘
1429,10:45:50,191.03,95515,5,卖盘
1430,10:45:53,191.03,764138,40,卖盘
1431,10:45:56,191.03,248326,13,买盘
1432,10:45:59,191.03,57308,3,买盘
1433,10:46:02,191.02,57306,3,卖盘
1434,10:46:05,191.0,133708,7,卖盘
1435,10:46:08,191.0,95501,5,卖盘
1436,10:46:11,191.0,19100,1,买盘
1437,10:46:14,191.02,477503,25,买盘
1438,10:46:17,191.02,38204,2,卖盘
1439,10:46:20,191.02,19102,1,卖盘
1440,10:46:23,191.03,286545,15,买盘
1441,10:46:26,191.02,133714,7,卖盘
1442,10:46:29,191.02,57308,3,卖盘
1443,10:46:32,191.02,95510,5,卖盘
1444,10:46:35,191.02,95512,5,卖盘
1445,10:46:38,191.01,401143,21,卖盘
1446,10:46:41,190.96,706648,37,卖盘
1447,10:46:44,190.92,19092,1,卖盘
1448,10:46:47,190.88,19088,1,卖盘
1449,10:46:50,190.86,19086,1,卖盘
1450,10:46:53,190.86,95427,5,中性盘
1451,10:46:59,190.87,248131,13,卖盘
1452,10:47:02,190.89,76351,4,买盘
1453,10:47:05,190.88,19088,1,中性盘
1454,10:47:14,190.88,95438,5,买盘
1455,10:47:17,190.88,38176,2,买盘
1456,10:47:20,190.88,38176,2,买盘
1457,10:47:29,190.88,171788,9,买盘
1458,10:47:32,190.88,152697,8,买盘
1459,10:47:35,190.87,190875,10,卖盘
1460,10:47:38,190.89,114531,6,买盘
1461,10:47:41,190.88,38176,2,买盘
1462,10:47:47,190.88,57262,3,买盘
1463,10:47:50,190.9,133606,7,买盘
1464,10:47:56,190.85,57258,3,卖盘
1465,10:47:59,190.9,95433,5,买盘
1466,10:48:02,190.9,38180,2,买盘
1467,10:48:05,190.85,76345,4,中性盘
1468,10:48:08,190.88,76358,4,中性盘
1469,10:48:11,190.86,19086,1,买盘
1470,10:48:14,190.94,190925,10,买盘
1471,10:48:17,190.86,152684,8,卖盘
1472,10:48:20,190.86,171778,9,卖盘
1473,10:48:23,190.87,19087,1,买盘
1474,10:48:26,190.86,57258,3,卖盘
1475,10:48:29,190.86,57258,3,卖盘
1476,10:48:32,190.86,19086,1,中性盘
1477,10:48:35,190.86,95428,5,买盘
1478,10:48:38,190.87,190867,10,买盘
1479,10:48:41,190.85,76340,4,卖盘
1480,10:48:44,190.85,19085,1,卖盘
1481,10:48:47,190.86,114516,6,买盘
1482,10:48:50,190.88,95432,5,买盘
1483,10:48:53,190.87,57261,3,卖盘
1484,10:49:02,190.86,95430,5,卖盘
1485,10:49:05,190.87,19087,1,卖盘
1486,10:49:08,190.87,19087,1,中性盘
1487,10:49:14,190.87,190868,10,买盘
1488,10:49:17,190.9,190900,10,买盘
1489,10:49:20,190.87,38174,2,卖盘
1490,10:49:23,190.9,19090,1,买盘
1491,10:49:26,190.87,114522,6,卖盘
1492,10:49:32,190.9,38180,2,买盘
1493,10:49:35,190.93,209999,11,买盘
1494,10:49:38,191.0,210083,11,买盘
1495,10:49:41,190.93,57294,3,卖盘
1496,10:49:44,191.0,38200,2,中性盘
1497,10:49:47,191.01,171899,9,买盘
1498,10:49:50,191.01,286524,15,卖盘
1499,10:49:53,191.04,57309,3,买盘
1500,10:49:56,191.07,191054,10,买盘
1501,10:49:59,191.07,456263,24,买盘
1502,10:50:02,191.1,401306,21,买盘
1503,10:50:05,191.11,95553,5,买盘
1504,10:50:08,191.1,191107,10,中性盘
1505,10:50:11,191.14,114669,6,买盘
1506,10:50:14,191.14,38228,2,买盘
1507,10:50:17,191.14,1242314,65,卖盘
1508,10:50:20,191.01,248360,13,卖盘
1509,10:50:23,191.11,420266,22,中性盘
1510,10:50:26,191.04,19104,1,中性盘
1511,10:50:29,191.0,114600,6,卖盘
1512,10:50:32,191.08,38216,2,买盘
1513,10:50:35,191.05,95510,5,中性盘
1514,10:50:38,191.0,191010,10,卖盘
1515,10:50:41,190.97,19097,1,卖盘
1516,10:50:44,190.99,95497,5,中性盘
1517,10:50:47,191.0,324694,17,买盘
1518,10:50:53,191.08,229267,12,买盘
1519,10:50:56,191.08,19108,1,买盘
1520,10:50:59,191.02,114614,6,卖盘
1521,10:51:02,191.08,152827,8,买盘
1522,10:51:05,191.09,229303,12,买盘
1523,10:51:08,191.1,38220,2,买盘
1524,10:51:11,191.1,19110,1,买盘
1525,10:51:14,191.1,76433,4,买盘
1526,10:51:17,191.1,324863,17,买盘
1527,10:51:20,191.1,114663,6,卖盘
1528,10:51:26,191.1,248432,13,卖盘
1529,10:51:32,191.06,191098,10,卖盘
1530,10:51:38,190.98,1871837,98,卖盘
1531,10:51:41,190.88,305519,16,卖盘
1532,10:51:47,190.9,57268,3,买盘
1533,10:51:50,190.85,610867,32,卖盘
1534,10:51:53,190.85,19085,1,卖盘
1535,10:51:56,190.87,286277,15,中性盘
1536,10:51:59,190.87,133609,7,卖盘
1537,10:52:05,190.87,38174,2,卖盘
1538,10:52:11,190.87,57262,3,卖盘
1539,10:52:14,190.89,19089,1,买盘
1540,10:52:17,190.89,95443,5,买盘
1541,10:52:23,190.9,114540,6,买盘
1542,10:52:26,190.9,19090,1,买盘
1543,10:52:29,190.9,19090,1,买盘
1544,10:52:32,190.93,114555,6,买盘
1545,10:52:35,190.92,38184,2,中性盘
1546,10:52:38,191.01,362845,19,买盘
1547,10:52:41,190.95,229215,12,卖盘
1548,10:52:44,191.1,57328,3,买盘
1549,10:52:47,191.13,171992,9,买盘
1550,10:52:50,191.15,114678,6,买盘
1551,10:52:53,191.11,267599,14,卖盘
1552,10:52:56,191.2,38240,2,买盘
1553,10:52:59,191.09,573347,30,卖盘
1554,10:53:02,191.16,38232,2,中性盘
1555,10:53:05,191.14,19114,1,卖盘
1556,10:53:08,191.11,248451,13,卖盘
1557,10:53:11,191.11,152888,8,卖盘
1558,10:53:14,191.11,229343,12,卖盘
1559,10:53:17,191.16,458739,24,买盘
1560,10:53:20,191.18,229400,12,买盘
1561,10:53:23,191.18,76473,4,买盘
1562,10:53:26,191.18,114711,6,卖盘
1563,10:53:29,191.17,1682515,88,卖盘
1564,10:53:32,191.18,477930,25,买盘
1565,10:53:35,191.16,19116,1,卖盘
1566,10:53:38,191.16,19116,1,卖盘
1567,10:53:41,191.16,2026297,106,卖盘
1568,10:53:44,191.13,229363,12,卖盘
1569,10:53:47,191.13,57339,3,买盘
1570,10:53:50,191.13,573390,30,卖盘
1571,10:53:53,191.09,1070204,56,卖盘
1572,10:53:56,191.04,19104,1,卖盘
1573,10:53:59,191.0,57312,3,卖盘
1574,10:54:02,190.89,1260553,66,卖盘
1575,10:54:05,190.99,57289,3,中性盘
1576,10:54:08,190.96,19096,1,中性盘
1577,10:54:11,190.89,591755,31,卖盘
1578,10:54:17,190.96,152765,8,买盘
1579,10:54:20,190.96,190960,10,卖盘
1580,10:54:23,190.96,286440,15,卖盘
1581,10:54:26,190.96,57286,3,买盘
1582,10:54:29,190.95,305389,16,中性盘
1583,10:54:32,190.87,305416,16,中性盘
1584,10:54:38,190.79,477068,25,卖盘
1585,10:54:41,190.85,324441,17,买盘
1586,10:54:44,190.93,95463,5,买盘
1587,10:54:47,190.94,400909,21,中性盘
1588,10:54:50,190.99,38198,2,买盘
1589,10:54:53,191.0,859217,45,买盘
1590,10:54:56,191.01,57296,3,买盘
1591,10:54:59,190.93,190944,10,卖盘
1592,10:55:02,190.99,190998,10,卖盘
1593,10:55:05,190.93,38193,2,中性盘
1594,10:55:11,190.56,953887,50,卖盘
1595,10:55:14,190.89,19089,1,卖盘
1596,10:55:17,190.96,95480,5,中性盘
1597,10:55:20,190.96,19096,1,卖盘
1598,10:55:26,190.96,190964,10,卖盘
1599,10:55:29,191.03,592085,31,买盘
1600,10:55:32,190.99,152792,8,卖盘
1601,10:55:35,190.99,267394,14,卖盘
1602,10:55:38,190.96,343734,18,卖盘
1603,10:55:41,190.99,95489,5,中性盘
1604,10:55:47,190.99,343756,18,买盘
1605,10:55:50,190.99,76396,4,卖盘
1606,10:55:53,190.99,190990,10,卖盘
1607,10:55:56,191.01,649411,34,买盘
1608,10:55:59,190.97,38196,2,中性盘
1609,10:56:05,190.96,38192,2,买盘
1610,10:56:08,190.79,57239,3,卖盘
1611,10:56:11,190.96,19096,1,买盘
1612,10:56:14,190.95,38190,2,中性盘
1613,10:56:17,190.96,286316,15,买盘
1614,10:56:20,191.01,343766,18,买盘
1615,10:56:23,190.98,668435,35,卖盘
1616,10:56:26,191.02,57306,3,买盘
1617,10:56:32,191.02,38204,2,买盘
1618,10:56:35,191.01,458389,24,卖盘
1619,10:56:44,190.96,649271,34,卖盘
1620,10:56:47,190.96,591958,31,买盘
1621,10:56:53,190.77,171701,9,卖盘
1622,10:56:56,190.9,95448,5,买盘
1623,10:56:59,190.75,362468,19,卖盘
1624,10:57:02,190.76,171748,9,中性盘
1625,10:57:05,190.77,38154,2,中性盘
1626,10:57:08,190.78,38156,2,卖盘
1627,10:57:11,190.87,76346,4,买盘
1628,10:57:14,190.75,877554,46,卖盘
1629,10:57:17,190.82,801179,42,买盘
1630,10:57:20,190.67,686508,36,卖盘
1631,10:57:23,190.58,209713,11,卖盘
1632,10:57:29,190.69,95345,5,买盘
1633,10:57:32,190.69,228798,12,买盘
1634,10:57:35,190.65,152540,8,卖盘
1635,10:57:38,190.65,19065,1,卖盘
1636,10:57:41,190.7,76278,4,买盘
1637,10:57:44,190.65,76260,4,卖盘
1638,10:57:47,190.7,514873,27,买盘
1639,10:57:50,190.7,95350,5,卖盘
1640,10:57:53,190.71,19071,1,买盘
1641,10:57:56,190.63,114386,6,卖盘
1642,10:57:59,190.63,57191,3,卖盘
1643,10:58:02,190.6,19060,1,卖盘
1644,10:58:05,190.62,38122,2,中性盘
1645,10:58:08,190.56,190579,10,卖盘
1646,10:58:11,190.7,95317,5,买盘
1647,10:58:14,190.57,76269,4,卖盘
1648,10:58:17,190.71,381305,20,买盘
1649,10:58:23,190.71,438636,23,卖盘
1650,10:58:32,190.7,76279,4,买盘
1651,10:58:35,190.72,152571,8,买盘
1652,10:58:38,190.68,1277786,67,卖盘
1653,10:58:41,190.64,171578,9,卖盘
1654,10:58:47,190.64,629002,33,中性盘
1655,10:58:50,190.66,247841,13,买盘
1656,10:58:53,190.67,76265,4,买盘
1657,10:58:56,190.66,152523,8,中性盘
1658,10:58:59,190.68,76270,4,买盘
1659,10:59:02,190.67,38134,2,中性盘
1660,10:59:05,190.65,19065,1,卖盘
1661,10:59:08,190.71,228814,12,买盘
1662,10:59:11,190.71,57208,3,买盘
1663,10:59:17,190.71,95355,5,卖盘
1664,10:59:20,190.71,38143,2,中性盘
1665,10:59:23,190.72,19072,1,买盘
1666,10:59:26,190.72,76285,4,买盘
1667,10:59:29,190.72,171651,9,卖盘
1668,10:59:32,190.74,190730,10,买盘
1669,10:59:35,190.73,19073,1,卖盘
1670,10:59:38,190.75,343285,18,买盘
1671,10:59:41,190.75,19075,1,卖盘
1672,10:59:44,190.81,57242,3,买盘
1673,10:59:47,190.79,267077,14,中性盘
1674,10:59:50,190.81,152644,8,买盘
1675,10:59:53,190.86,57258,3,买盘
1676,10:59:56,190.86,209922,11,买盘
1677,10:59:59,190.86,57258,3,买盘
1678,11:00:02,190.83,248096,13,卖盘
1679,11:00:05,190.84,438986,23,中性盘
1680,11:00:08,190.98,76391,4,中性盘
1681,11:00:11,190.9,57260,3,买盘
1682,11:00:14,190.89,572638,30,买盘
1683,11:00:17,190.88,114528,6,中性盘
1684,11:00:20,190.85,400806,21,卖盘
1685,11:00:23,190.81,839657,44,卖盘
1686,11:00:26,190.77,57237,3,卖盘
1687,11:00:29,190.69,152592,8,卖盘
1688,11:00:32,190.67,76268,4,卖盘
1689,11:00:35,190.72,19072,1,中性盘
1690,11:00:38,190.64,171602,9,卖盘
1691,11:00:41,190.58,133419,7,卖盘
1692,11:00:44,190.6,38120,2,卖盘
1693,11:00:47,190.59,171512,9,中性盘
1694,11:00:50,190.58,95285,5,买盘
1695,11:00:56,190.5,590580,31,卖盘
1696,11:00:59,190.55,76220,4,中性盘
1697,11:01:02,190.5,361950,19,卖盘
1698,11:01:05,190.5,857250,45,卖盘
1699,11:01:08,190.48,304754,16,中性盘
1700,11:01:11,190.48,38096,2,中性盘
1701,11:01:14,190.4,133283,7,卖盘
1702,11:01:17,190.4,190397,10,买盘
1703,11:01:20,190.38,38076,2,卖盘
1704,11:01:23,190.37,456913,24,卖盘
1705,11:01:26,190.38,437870,23,买盘
1706,11:01:32,190.44,1047206,55,买盘
1707,11:01:35,190.5,1028684,54,买盘
1708,11:01:38,190.57,342948,18,买盘
1709,11:01:41,190.6,381179,20,买盘
1710,11:01:44,190.61,76246,4,中性盘
1711,11:01:47,190.6,514623,27,卖盘
1712,11:01:50,190.61,95302,5,买盘
1713,11:02:02,190.57,76228,4,中性盘
1714,11:02:05,190.57,19057,1,买盘
1715,11:02:08,190.49,114302,6,卖盘
1716,11:02:11,190.49,114296,6,卖盘
1717,11:02:14,190.48,171441,9,卖盘
1718,11:02:17,190.53,495270,26,买盘
1719,11:02:20,190.51,19051,1,卖盘
1720,11:02:23,190.51,171463,9,卖盘
1721,11:02:32,190.52,114313,6,卖盘
1722,11:02:35,190.52,114310,6,卖盘
1723,11:02:38,190.52,190509,10,买盘
1724,11:02:41,190.45,114303,6,卖盘
1725,11:02:44,190.5,114288,6,中性盘
1726,11:02:47,190.47,38094,2,卖盘
1727,11:02:50,190.44,133308,7,卖盘
1728,11:02:53,190.45,19045,1,卖盘
1729,11:02:56,190.43,323737,17,卖盘
1730,11:02:59,190.4,552105,29,卖盘
1731,11:03:02,190.35,228393,12,中性盘
1732,11:03:05,190.34,418675,22,中性盘
1733,11:03:08,190.35,304462,16,中性盘
1734,11:03:11,190.37,152290,8,买盘
1735,11:03:14,190.28,152224,8,买盘
1736,11:03:17,190.26,247351,13,卖盘
1737,11:03:23,190.25,266350,14,卖盘
1738,11:03:26,190.26,171231,9,买盘
1739,11:03:29,190.26,399546,21,卖盘
1740,11:03:32,190.26,95132,5,卖盘
1741,11:03:35,190.26,76104,4,卖盘
1742,11:03:38,190.26,209293,11,卖盘
1743,11:03:41,190.26,76106,4,卖盘
1744,11:03:44,190.26,133182,7,卖盘
1745,11:03:47,190.27,57081,3,买盘
1746,11:03:50,190.25,247337,13,卖盘
1747,11:03:53,190.24,456580,24,卖盘
1748,11:03:56,190.25,247313,13,买盘
1749,11:03:59,190.1,1863868,98,卖盘
1750,11:04:02,190.09,988748,52,卖盘
1751,11:04:05,190.09,171073,9,买盘
1752,11:04:08,190.04,551201,29,卖盘
1753,11:04:11,190.08,57026,3,中性盘
1754,11:04:14,190.08,19008,1,中性盘
1755,11:04:17,190.06,38012,2,中性盘
1756,11:04:20,190.06,304114,16,卖盘
1757,11:04:23,190.06,133038,7,买盘
1758,11:04:26,190.07,57019,3,买盘
1759,11:04:29,190.07,38014,2,卖盘
1760,11:04:32,190.09,95039,5,买盘
1761,11:04:35,190.1,893452,47,买盘
1762,11:04:38,190.1,494256,26,买盘
1763,11:04:41,190.09,266154,14,卖盘
1764,11:04:44,190.1,114062,6,中性盘
1765,11:04:47,190.11,114066,6,中性盘
1766,11:04:50,190.11,152088,8,卖盘
1767,11:04:53,190.1,95051,5,卖盘
1768,11:04:56,190.11,228140,12,卖盘
1769,11:05:02,190.13,57041,3,卖盘
1770,11:05:05,190.13,152102,8,卖盘
1771,11:05:08,190.1,152083,8,卖盘
1772,11:05:14,190.11,418230,22,卖盘
1773,11:05:17,190.11,228133,12,买盘
1774,11:05:20,190.14,57039,3,买盘
1775,11:05:23,190.13,19013,1,买盘
1776,11:05:26,190.13,57043,3,卖盘
1777,11:05:32,190.13,19013,1,卖盘
1778,11:05:35,190.13,399302,21,卖盘
1779,11:05:38,190.17,57049,3,买盘
1780,11:05:41,190.18,76072,4,买盘
1781,11:05:44,190.17,133116,7,买盘
1782,11:05:47,190.18,114103,6,买盘
1783,11:05:50,190.2,646638,34,买盘
1784,11:05:53,190.23,475537,25,买盘
1785,11:05:56,190.25,19025,1,买盘
1786,11:05:59,190.28,1826508,96,买盘
1787,11:06:02,190.3,38060,2,买盘
1788,11:06:05,190.3,228360,12,买盘
1789,11:06:08,190.3,19030,1,卖盘
1790,11:06:11,190.31,19031,1,中性盘
1791,11:06:17,190.31,38067,2,卖盘
1792,11:06:20,190.31,152243,8,卖盘
1793,11:06:26,190.31,114186,6,买盘
1794,11:06:29,190.31,38062,2,卖盘
1795,11:06:38,190.34,19034,1,买盘
1796,11:06:41,190.4,228446,12,买盘
1797,11:06:44,190.4,76155,4,中性盘
1798,11:06:47,190.39,76148,4,中性盘
1799,11:06:50,190.37,133284,7,卖盘
1800,11:06:53,190.47,266632,14,买盘
1801,11:06:56,190.45,247591,13,卖盘
1802,11:06:59,190.49,19049,1,中性盘
1803,11:07:02,190.49,399996,21,买盘
1804,11:07:05,190.51,361979,19,买盘
1805,11:07:08,190.39,1390521,73,卖盘
1806,11:07:11,190.42,38084,2,中性盘
1807,11:07:14,190.38,38075,2,中性盘
1808,11:07:17,190.36,380728,20,中性盘
1809,11:07:20,190.43,304594,16,买盘
1810,11:07:26,190.38,114226,6,买盘
1811,11:07:35,190.44,209468,11,买盘
1812,11:07:38,190.41,38082,2,中性盘
1813,11:07:41,190.39,1389862,73,卖盘
1814,11:07:44,190.39,285596,15,中性盘
1815,11:07:47,190.4,285589,15,买盘
1816,11:07:56,190.41,152316,8,买盘
1817,11:07:59,190.42,228488,12,买盘
1818,11:08:05,190.38,323648,17,卖盘
1819,11:08:08,190.43,171364,9,买盘
1820,11:08:11,190.41,228422,12,卖盘
1821,11:08:14,190.4,76148,4,中性盘
1822,11:08:17,190.4,57120,3,买盘
1823,11:08:20,190.4,19040,1,买盘
1824,11:08:23,190.33,38066,2,卖盘
1825,11:08:29,190.37,95183,5,买盘
1826,11:08:32,190.36,57106,3,买盘
1827,11:08:38,190.37,304585,16,买盘
1828,11:08:41,190.39,19039,1,买盘
1829,11:08:44,190.37,590176,31,卖盘
1830,11:08:47,190.4,114238,6,中性盘
1831,11:08:53,190.4,38080,2,买盘
1832,11:08:56,190.41,114245,6,买盘
1833,11:08:59,190.41,38082,2,卖盘
1834,11:09:02,190.41,57123,3,卖盘
1835,11:09:05,190.41,456940,24,卖盘
1836,11:09:08,190.42,437935,23,买盘
1837,11:09:11,190.41,38081,2,中性盘
1838,11:09:14,190.4,38077,2,中性盘
1839,11:09:17,190.4,57120,3,买盘
1840,11:09:23,190.4,19040,1,卖盘
1841,11:09:26,190.42,228489,12,买盘
1842,11:09:29,190.42,19042,1,买盘
1843,11:09:32,190.42,76167,4,买盘
1844,11:09:35,190.4,57124,3,卖盘
1845,11:09:38,190.43,95213,5,买盘
1846,11:09:41,190.43,133299,7,买盘
1847,11:09:44,190.42,285664,15,卖盘
1848,11:09:50,190.44,19044,1,卖盘
1849,11:09:53,190.44,304766,16,卖盘
1850,11:09:59,190.44,76176,4,卖盘
1851,11:10:02,190.43,1695120,89,卖盘
1852,11:10:05,190.42,95211,5,卖盘
1853,11:10:08,190.42,38085,2,卖盘
1854,11:10:11,190.42,38084,2,卖盘
1855,11:10:17,190.43,38086,2,买盘
1856,11:10:20,190.41,57124,3,卖盘
1857,11:10:23,190.4,171360,9,卖盘
1858,11:10:29,190.4,114239,6,买盘
1859,11:10:32,190.41,171357,9,买盘
1860,11:10:35,190.4,57120,3,卖盘
1861,11:10:38,190.4,552166,29,卖盘
1862,11:10:44,190.44,38085,2,买盘
1863,11:10:47,190.46,152359,8,买盘
1864,11:10:53,190.46,228586,12,卖盘
1865,11:10:56,190.5,152400,8,买盘
1866,11:10:59,190.52,38102,2,买盘
1867,11:11:02,190.49,190497,10,卖盘
1868,11:11:08,190.51,209543,11,买盘
1869,11:11:11,190.52,19052,1,买盘
1870,11:11:14,190.52,95260,5,买盘
1871,11:11:17,190.52,209572,11,买盘
1872,11:11:20,190.52,76205,4,买盘
1873,11:11:23,190.6,590668,31,买盘
1874,11:11:26,190.66,38132,2,买盘
1875,11:11:29,190.77,171677,9,买盘
1876,11:11:32,190.77,19077,1,中性盘
1877,11:11:35,190.76,57226,3,买盘
1878,11:11:38,190.52,1981948,104,卖盘
1879,11:11:44,190.5,266715,14,卖盘
1880,11:11:53,190.5,152413,8,卖盘
1881,11:11:56,190.5,57150,3,卖盘
1882,11:11:59,190.52,114310,6,买盘
1883,11:12:02,190.52,38104,2,卖盘
1884,11:12:11,190.53,76209,4,买盘
1885,11:12:14,190.52,76212,4,卖盘
1886,11:12:17,190.54,19054,1,买盘
1887,11:12:23,190.54,533488,28,买盘
1888,11:12:26,190.54,76216,4,买盘
1889,11:12:29,190.53,19053,1,卖盘
1890,11:12:32,190.54,19054,1,卖盘
1891,11:12:35,190.55,19055,1,买盘
1892,11:12:38,190.55,590939,31,中性盘
1893,11:12:41,190.55,438275,23,卖盘
1894,11:12:44,190.62,171546,9,买盘
1895,11:12:47,190.48,2762991,145,卖盘
1896,11:12:50,190.73,1925498,101,买盘
1897,11:12:53,190.6,1715335,90,买盘
1898,11:12:56,190.6,209660,11,卖盘
1899,11:12:59,190.6,648011,34,买盘
1900,11:13:05,190.5,400050,21,卖盘
1901,11:13:11,190.56,19056,1,买盘
1902,11:13:26,190.66,190624,10,买盘
1903,11:13:32,190.57,114342,6,卖盘
1904,11:13:38,190.65,19065,1,买盘
1905,11:13:41,190.59,19059,1,卖盘
1906,11:13:44,190.65,133441,7,买盘
1907,11:13:47,190.64,38126,2,买盘
1908,11:13:53,190.65,38130,2,买盘
1909,11:13:59,190.66,228790,12,买盘
1910,11:14:05,190.65,38129,2,买盘
1911,11:14:08,190.66,552912,29,买盘
1912,11:14:17,190.67,724512,38,买盘
1913,11:14:20,190.67,76262,4,买盘
1914,11:14:23,190.66,38133,2,中性盘
1915,11:14:26,190.7,95337,5,买盘
1916,11:14:29,190.73,1029789,54,买盘
1917,11:14:32,190.73,38146,2,卖盘
1918,11:14:35,190.79,171700,9,买盘
1919,11:14:38,190.79,95396,5,买盘
1920,11:14:41,190.88,19088,1,买盘
1921,11:14:44,190.87,38166,2,买盘
1922,11:14:47,190.81,114510,6,中性盘
1923,11:14:50,190.88,400844,21,买盘
1924,11:14:53,190.88,267227,14,买盘
1925,11:14:56,190.78,515146,27,卖盘
1926,11:14:59,190.83,228980,12,中性盘
1927,11:15:02,190.73,152590,8,卖盘
1928,11:15:05,190.78,38154,2,中性盘
1929,11:15:08,190.73,114440,6,卖盘
1930,11:15:11,190.67,171603,9,卖盘
1931,11:15:14,190.67,57202,3,卖盘
1932,11:15:17,190.68,629201,33,买盘
1933,11:15:20,190.68,19068,1,卖盘
1934,11:15:23,190.73,152572,8,买盘
1935,11:15:26,190.68,228821,12,卖盘
1936,11:15:29,190.69,19069,1,中性盘
1937,11:15:32,190.68,57204,3,卖盘
1938,11:15:35,190.68,57204,3,卖盘
1939,11:15:38,190.7,228834,12,买盘
1940,11:15:41,190.68,19068,1,卖盘
1941,11:15:44,190.68,76276,4,卖盘
1942,11:15:47,190.7,133490,7,买盘
1943,11:15:50,190.7,38141,2,卖盘
1944,11:15:53,190.7,76281,4,卖盘
1945,11:15:56,190.76,152575,8,买盘
1946,11:15:59,190.76,95362,5,买盘
1947,11:16:02,190.72,19072,1,卖盘
1948,11:16:11,190.76,57226,3,买盘
1949,11:16:14,190.78,38156,2,中性盘
1950,11:16:17,190.75,286126,15,中性盘
1951,11:16:20,190.74,190747,10,卖盘
1952,11:16:23,190.75,286122,15,买盘
1953,11:16:26,190.74,57222,3,卖盘
1954,11:16:29,190.76,133529,7,买盘
1955,11:16:32,190.78,57234,3,买盘
1956,11:16:38,190.76,19076,1,卖盘
1957,11:16:41,190.8,19080,1,买盘
1958,11:16:44,190.8,114479,6,买盘
1959,11:16:47,190.8,38160,2,卖盘
1960,11:16:50,190.8,324360,17,卖盘
1961,11:16:53,190.8,76320,4,卖盘
1962,11:16:56,190.8,76324,4,卖盘
1963,11:17:02,190.82,209908,11,卖盘
1964,11:17:05,190.82,57246,3,卖盘
1965,11:17:08,190.82,133571,7,买盘
1966,11:17:11,190.81,38162,2,中性盘
1967,11:17:14,190.81,38162,2,买盘
1968,11:17:17,190.78,324334,17,卖盘
1969,11:17:20,190.76,38156,2,卖盘
1970,11:17:26,190.77,133538,7,买盘
1971,11:17:29,190.77,38154,2,买盘
1972,11:17:32,190.8,114466,6,买盘
1973,11:17:35,190.76,57232,3,卖盘
1974,11:17:38,190.78,76309,4,买盘
1975,11:17:41,190.8,133548,7,买盘
1976,11:17:44,190.79,38158,2,中性盘
1977,11:17:50,190.79,57236,3,买盘
1978,11:17:53,190.78,19078,1,卖盘
1979,11:17:56,190.78,38156,2,卖盘
1980,11:17:59,190.8,152639,8,买盘
1981,11:18:02,190.8,57240,3,卖盘
1982,11:18:05,190.76,858455,45,卖盘
1983,11:18:08,190.75,190745,10,中性盘
1984,11:18:11,190.75,19075,1,买盘
1985,11:18:17,190.74,190717,10,买盘
1986,11:18:20,190.73,152582,8,买盘
1987,11:18:23,190.75,57225,3,中性盘
1988,11:18:26,190.77,76306,4,买盘
1989,11:18:29,190.76,95385,5,中性盘
1990,11:18:35,190.78,228925,12,买盘
1991,11:18:38,190.79,725108,38,买盘
1992,11:18:41,190.87,133602,7,买盘
1993,11:18:44,190.86,248126,13,卖盘
1994,11:18:47,190.85,19085,1,中性盘
1995,11:18:50,190.86,38171,2,买盘
1996,11:18:53,190.82,248066,13,卖盘
1997,11:18:59,190.84,114494,6,买盘
1998,11:19:02,190.8,190806,10,卖盘
1999,11:19:05,190.78,114468,6,卖盘
2000,11:19:11,190.8,76319,4,中性盘
2001,11:19:14,190.81,19081,1,买盘
2002,11:19:17,190.78,209869,11,卖盘
2003,11:19:20,190.79,76317,4,中性盘
2004,11:19:23,190.79,57239,3,中性盘
2005,11:19:26,190.78,57236,3,卖盘
2006,11:19:29,190.8,114478,6,买盘
2007,11:19:32,190.82,38164,2,买盘
2008,11:19:38,190.82,152650,8,买盘
2009,11:19:41,190.8,133569,7,卖盘
2010,11:19:44,190.82,19082,1,中性盘
2011,11:19:47,190.8,380456,20,卖盘
2012,11:19:50,190.8,249184,13,卖盘
2013,11:19:53,190.8,267115,14,买盘
2014,11:19:56,190.77,534181,28,卖盘
2015,11:19:59,190.79,228942,12,中性盘
2016,11:20:02,190.74,133534,7,卖盘
2017,11:20:05,190.74,305221,16,卖盘
2018,11:20:08,190.76,38151,2,买盘
2019,11:20:11,190.73,38149,2,卖盘
2020,11:20:14,190.73,38148,2,卖盘
2021,11:20:17,190.75,76298,4,买盘
2022,11:20:20,190.76,209826,11,买盘
2023,11:20:23,190.77,57230,3,买盘
2024,11:20:26,190.75,57226,3,卖盘
2025,11:20:29,190.76,209839,11,买盘
2026,11:20:35,190.75,152587,8,买盘
2027,11:20:38,190.75,438695,23,买盘
2028,11:20:41,190.76,171678,9,买盘
2029,11:20:47,190.73,209803,11,卖盘
2030,11:20:50,190.71,724768,38,卖盘
2031,11:20:53,190.73,152584,8,买盘
2032,11:20:56,190.73,133511,7,买盘
2033,11:20:59,190.69,209767,11,卖盘
2034,11:21:02,190.72,95354,5,中性盘
2035,11:21:05,190.69,362296,19,卖盘
2036,11:21:08,190.7,76280,4,买盘
2037,11:21:14,190.69,19069,1,卖盘
2038,11:21:20,190.7,686502,36,买盘
2039,11:21:23,190.71,152565,8,买盘
2040,11:21:26,190.7,38140,2,卖盘
2041,11:21:29,190.7,343260,18,卖盘
2042,11:21:32,190.68,38136,2,卖盘
2043,11:21:35,190.69,38138,2,买盘
2044,11:21:38,190.68,209758,11,卖盘
2045,11:21:41,190.7,343253,18,买盘
2046,11:21:44,190.69,209759,11,卖盘
2047,11:21:47,190.68,133477,7,卖盘
2048,11:21:50,190.68,362300,19,买盘
2049,11:21:53,190.7,57210,3,买盘
2050,11:21:56,190.7,38140,2,买盘
2051,11:21:59,190.7,190700,10,买盘
2052,11:22:02,190.69,38138,2,买盘
2053,11:22:08,190.7,400463,21,买盘
2054,11:22:11,190.68,19068,1,卖盘
2055,11:22:14,190.7,19070,1,买盘
2056,11:22:17,190.68,95340,5,卖盘
2057,11:22:20,190.69,114416,6,买盘
2058,11:22:23,190.67,209746,11,卖盘
2059,11:22:26,190.67,19067,1,买盘
2060,11:22:29,190.68,152538,8,买盘
2061,11:22:32,190.69,38138,2,买盘
2062,11:22:38,190.7,171622,9,买盘
2063,11:22:41,190.7,57208,3,买盘
2064,11:22:44,190.68,38137,2,卖盘
2065,11:22:47,190.68,38136,2,卖盘
2066,11:22:50,190.7,247908,13,买盘
2067,11:22:53,190.69,38137,2,买盘
2068,11:22:56,190.68,95341,5,卖盘
2069,11:22:59,190.69,305105,16,中性盘
2070,11:23:05,190.68,19068,1,卖盘
2071,11:23:08,190.69,190691,10,买盘
2072,11:23:11,190.68,552989,29,卖盘
2073,11:23:17,190.69,38137,2,买盘
2074,11:23:20,190.7,209753,11,买盘
2075,11:23:23,190.67,19067,1,卖盘
2076,11:23:26,190.67,19067,1,卖盘
2077,11:23:29,190.68,114408,6,买盘
2078,11:23:32,190.7,19070,1,买盘
2079,11:23:41,190.71,400475,21,买盘
2080,11:23:47,190.73,95361,5,买盘
2081,11:23:50,190.72,19072,1,中性盘
2082,11:23:53,190.71,19071,1,卖盘
2083,11:24:05,190.71,38143,2,卖盘
2084,11:24:08,190.71,19071,1,卖盘
2085,11:24:11,190.67,819981,43,卖盘
2086,11:24:14,190.66,247865,13,卖盘
2087,11:24:23,190.65,19065,1,卖盘
2088,11:24:26,190.63,76258,4,卖盘
2089,11:24:29,190.64,324071,17,中性盘
2090,11:24:35,190.59,57177,3,卖盘
2091,11:24:41,190.61,228713,12,买盘
2092,11:24:44,190.58,57176,3,卖盘
2093,11:24:50,190.59,381162,20,买盘
2094,11:24:53,190.59,76236,4,卖盘
2095,11:24:59,190.61,171546,9,买盘
2096,11:25:02,190.62,76241,4,买盘
2097,11:25:08,190.61,38122,2,买盘
2098,11:25:14,190.61,38122,2,卖盘
2099,11:25:20,190.62,209682,11,买盘
2100,11:25:23,190.61,76244,4,卖盘
2101,11:25:29,190.62,114370,6,买盘
2102,11:25:38,190.61,19061,1,卖盘
2103,11:25:41,190.61,38122,2,卖盘
2104,11:25:44,190.61,19061,1,卖盘
2105,11:25:47,190.57,952940,50,卖盘
2106,11:25:50,190.57,228676,12,买盘
2107,11:25:53,190.56,19056,1,买盘
2108,11:25:56,190.57,114334,6,买盘
2109,11:25:59,190.52,57156,3,中性盘
2110,11:26:02,190.55,19055,1,买盘
2111,11:26:11,190.54,57162,3,卖盘
2112,11:26:14,190.55,38110,2,买盘
2113,11:26:20,190.56,304893,16,买盘
2114,11:26:23,190.57,19057,1,买盘
2115,11:26:26,190.56,114348,6,卖盘
2116,11:26:29,190.58,190565,10,买盘
2117,11:26:35,190.6,76237,4,买盘
2118,11:26:41,190.61,76244,4,买盘
2119,11:26:47,190.62,19062,1,买盘
2120,11:26:50,190.62,247798,13,买盘
2121,11:26:53,190.61,76247,4,卖盘
2122,11:26:56,190.6,38120,2,中性盘
2123,11:26:59,190.6,38120,2,买盘
2124,11:27:02,190.58,114348,6,卖盘
2125,11:27:05,190.57,114342,6,卖盘
2126,11:27:08,190.5,1524146,80,卖盘
2127,11:27:11,190.4,914440,48,卖盘
2128,11:27:17,190.54,133377,7,买盘
2129,11:27:20,190.54,38107,2,买盘
2130,11:27:23,190.41,457308,24,中性盘
2131,11:27:35,190.4,454112,24,卖盘
2132,11:27:41,190.54,38108,2,中性盘
2133,11:27:50,190.43,38086,2,中性盘
2134,11:27:59,190.46,152362,8,买盘
2135,11:28:02,190.46,19046,1,卖盘
2136,11:28:05,190.45,114270,6,卖盘
2137,11:28:08,190.46,19046,1,中性盘
2138,11:28:11,190.46,38091,2,买盘
2139,11:28:20,190.49,19049,1,买盘
2140,11:28:23,190.49,57147,3,卖盘
2141,11:28:26,190.49,152392,8,卖盘
2142,11:28:29,190.48,95243,5,中性盘
2143,11:28:35,190.48,19048,1,买盘
2144,11:28:38,190.47,19047,1,卖盘
2145,11:28:41,190.49,400022,21,买盘
2146,11:28:44,190.47,114286,6,卖盘
2147,11:28:47,190.47,19047,1,卖盘
2148,11:28:50,190.49,152380,8,中性盘
2149,11:28:56,190.49,76196,4,卖盘
2150,11:28:59,190.51,133349,7,买盘
2151,11:29:02,190.49,152402,8,卖盘
2152,11:29:05,190.47,171431,9,卖盘
2153,11:29:08,190.47,57141,3,卖盘
2154,11:29:17,190.47,152374,8,卖盘
2155,11:29:20,190.49,228582,12,买盘
2156,11:29:29,190.49,19049,1,卖盘
2157,11:29:32,190.5,19050,1,买盘
2158,11:29:35,190.5,19050,1,买盘
2159,11:29:38,190.49,171441,9,卖盘
2160,11:29:41,190.5,247649,13,买盘
2161,11:29:44,190.49,118866,6,卖盘
2162,11:29:47,190.5,114297,6,买盘
2163,11:29:50,190.52,38103,2,买盘
2164,11:29:59,190.53,171471,9,买盘
2165,13:00:02,190.56,38112,2,买盘
2166,13:00:05,190.53,171479,9,中性盘
2167,13:00:08,190.53,628734,33,卖盘
2168,13:00:11,190.53,609706,32,买盘
2169,13:00:14,190.53,1219440,64,卖盘
2170,13:00:17,190.53,628777,33,卖盘
2171,13:00:20,190.5,190503,10,卖盘
2172,13:00:23,190.49,381022,20,卖盘
2173,13:00:26,190.48,247639,13,卖盘
2174,13:00:29,190.46,57138,3,卖盘
2175,13:00:32,190.48,419023,22,买盘
2176,13:00:35,190.48,857160,45,卖盘
2177,13:00:38,190.48,285685,15,买盘
2178,13:00:41,190.48,95221,5,买盘
2179,13:00:44,190.48,19048,1,买盘
2180,13:00:47,190.5,76195,4,买盘
2181,13:00:50,190.5,228534,12,买盘
2182,13:00:53,190.44,285695,15,卖盘
2183,13:00:59,190.4,133285,7,卖盘
2184,13:01:05,190.44,837891,44,买盘
2185,13:01:08,190.54,266713,14,买盘
2186,13:01:14,190.55,19055,1,买盘
2187,13:01:20,190.55,19055,1,买盘
2188,13:01:23,190.55,647864,34,买盘
2189,13:01:26,190.53,114329,6,卖盘
2190,13:01:29,190.56,19056,1,买盘
2191,13:01:32,190.54,76213,4,中性盘
2192,13:01:35,190.55,381115,20,卖盘
2193,13:01:38,190.56,76224,4,买盘
2194,13:01:41,190.57,228672,12,买盘
2195,13:01:44,190.57,133399,7,卖盘
2196,13:01:50,190.57,990964,52,卖盘
2197,13:01:53,190.59,152447,8,中性盘
2198,13:01:56,190.57,190578,10,中性盘
2199,13:01:59,190.48,381007,20,卖盘
2200,13:02:02,190.42,247632,13,卖盘
2201,13:02:05,190.48,76192,4,买盘
2202,13:02:08,190.44,19044,1,卖盘
2203,13:02:11,190.44,57132,3,卖盘
2204,13:02:14,190.48,171410,9,买盘
2205,13:02:17,190.45,209525,11,中性盘
2206,13:02:20,190.45,76179,4,买盘
2207,13:02:23,190.44,38088,2,卖盘
2208,13:02:26,190.41,247551,13,卖盘
2209,13:02:29,190.43,495025,26,中性盘
2210,13:02:32,190.38,380727,20,卖盘
2211,13:02:35,190.33,190330,10,卖盘
2212,13:02:38,190.33,38066,2,买盘
2213,13:02:41,190.32,171274,9,中性盘
2214,13:02:44,190.33,247425,13,买盘
2215,13:02:47,190.31,76124,4,卖盘
2216,13:02:50,190.23,627964,33,卖盘
2217,13:02:53,190.32,475764,25,买盘
2218,13:02:56,190.23,361599,19,卖盘
2219,13:02:59,190.22,951099,50,卖盘
2220,13:03:02,190.32,418533,22,买盘
2221,13:03:05,190.31,114190,6,卖盘
2222,13:03:08,190.31,57093,3,卖盘
2223,13:03:14,190.28,951536,50,卖盘
2224,13:03:23,190.28,380590,20,买盘
2225,13:03:26,190.28,57082,3,中性盘
2226,13:03:29,190.26,209286,11,卖盘
2227,13:03:32,190.28,19028,1,买盘
2228,13:03:38,190.37,133257,7,买盘
2229,13:03:41,190.37,1008968,53,卖盘
2230,13:03:56,190.39,152321,8,卖盘
2231,13:03:59,190.39,95204,5,卖盘
2232,13:04:02,190.39,171351,9,买盘
2233,13:04:05,190.44,95216,5,买盘
2234,13:04:08,190.55,76211,4,买盘
2235,13:04:11,190.65,590989,31,买盘
2236,13:04:14,190.74,38148,2,买盘
2237,13:04:20,190.65,19065,1,卖盘
2238,13:04:26,190.73,76292,4,买盘
2239,13:04:32,190.68,19068,1,中性盘
2240,13:04:41,190.74,114439,6,买盘
2241,13:04:44,190.75,76299,4,买盘
2242,13:04:50,190.74,76296,4,买盘
2243,13:04:53,190.74,95369,5,买盘
2244,13:04:56,190.73,19073,1,卖盘
2245,13:04:59,190.75,19075,1,买盘
2246,13:05:02,190.74,95368,5,买盘
2247,13:05:05,190.74,38148,2,卖盘
2248,13:05:08,190.8,362470,19,买盘
2249,13:05:11,190.74,381592,20,卖盘
2250,13:05:14,190.85,572481,30,买盘
2251,13:05:17,190.82,19082,1,买盘
2252,13:05:20,190.82,38164,2,买盘
2253,13:05:23,190.76,95380,5,中性盘
2254,13:05:26,190.85,1011384,53,买盘
2255,13:05:29,190.86,95430,5,买盘
2256,13:05:32,190.87,2252371,118,买盘
2257,13:05:38,190.87,190861,10,买盘
2258,13:05:41,190.9,973494,51,买盘
2259,13:05:44,190.93,38186,2,买盘
2260,13:05:47,190.93,19093,1,买盘
2261,13:05:50,190.93,305443,16,买盘
2262,13:05:53,190.93,57279,3,卖盘
2263,13:05:56,190.82,3378461,177,卖盘
2264,13:05:59,190.82,553215,29,买盘
2265,13:06:02,190.82,57237,3,买盘
2266,13:06:08,190.74,209852,11,卖盘
2267,13:06:11,190.74,114444,6,卖盘
2268,13:06:17,190.81,114479,6,中性盘
2269,13:06:20,190.73,267054,14,卖盘
2270,13:06:23,190.77,381444,20,买盘
2271,13:06:26,190.7,57210,3,买盘
2272,13:06:29,190.74,38144,2,买盘
2273,13:06:35,190.77,95376,5,买盘
2274,13:06:38,190.7,19070,1,卖盘
2275,13:06:41,190.74,38148,2,买盘
2276,13:06:44,190.74,19074,1,买盘
2277,13:06:47,190.74,877402,46,买盘
2278,13:06:50,190.74,400508,21,卖盘
2279,13:06:53,190.74,610240,32,买盘
2280,13:06:56,190.6,19060,1,卖盘
2281,13:07:02,190.6,38120,2,买盘
2282,13:07:05,190.54,76216,4,卖盘
2283,13:07:11,190.54,57163,3,卖盘
2284,13:07:14,190.6,152470,8,买盘
2285,13:07:17,190.54,76225,4,卖盘
2286,13:07:20,190.6,76240,4,买盘
2287,13:07:23,190.66,152534,8,中性盘
2288,13:07:26,190.88,362515,19,买盘
2289,13:07:29,190.8,286256,15,买盘
2290,13:07:35,190.74,57222,3,买盘
2291,13:07:38,190.78,1945982,102,中性盘
2292,13:07:41,190.8,171738,9,中性盘
2293,13:07:44,190.8,267192,14,买盘
2294,13:07:47,190.8,19080,1,中性盘
2295,13:07:50,190.88,19088,1,买盘
2296,13:07:53,190.8,38160,2,卖盘
2297,13:07:56,190.9,95410,5,买盘
2298,13:08:02,190.89,324523,17,买盘
2299,13:08:05,190.89,95427,5,买盘
2300,13:08:08,190.86,133602,7,买盘
2301,13:08:14,190.78,438843,23,卖盘
2302,13:08:17,190.81,114483,6,中性盘
2303,13:08:20,190.72,57217,3,卖盘
2304,13:08:23,190.73,38146,2,买盘
2305,13:08:26,190.73,19073,1,卖盘
2306,13:08:32,190.78,19078,1,买盘
2307,13:08:35,190.77,38152,2,买盘
2308,13:08:38,190.78,133543,7,买盘
2309,13:08:41,190.79,57237,3,买盘
2310,13:08:44,190.79,114474,6,中性盘
2311,13:08:47,190.78,305261,16,卖盘
2312,13:08:50,190.73,782135,41,卖盘
2313,13:08:53,190.75,95365,5,买盘
2314,13:08:56,190.7,267013,14,卖盘
2315,13:09:02,190.68,114413,6,卖盘
2316,13:09:05,190.74,57222,3,中性盘
2317,13:09:08,190.74,38148,2,卖盘
2318,13:09:11,190.75,57224,3,买盘
2319,13:09:14,190.75,171675,9,买盘
2320,13:09:17,190.75,38151,2,卖盘
2321,13:09:20,190.81,19081,1,买盘
2322,13:09:23,190.81,38162,2,买盘
2323,13:09:29,190.81,95405,5,买盘
2324,13:09:32,190.82,95409,5,买盘
2325,13:09:44,190.82,114495,6,卖盘
2326,13:09:47,190.9,553540,29,买盘
2327,13:09:50,190.88,152704,8,卖盘
2328,13:09:53,190.88,57268,3,卖盘
2329,13:09:56,190.9,916228,48,买盘
2330,13:09:59,190.87,57261,3,买盘
2331,13:10:02,190.9,1030774,54,买盘
2332,13:10:05,190.91,95453,5,买盘
2333,13:10:08,190.91,362711,19,买盘
2334,13:10:11,190.86,190868,10,卖盘
2335,13:10:14,190.9,57270,3,买盘
2336,13:10:17,190.9,114520,6,中性盘
2337,13:10:20,190.86,19086,1,卖盘
2338,13:10:23,190.91,38182,2,买盘
2339,13:10:26,190.9,2061266,108,买盘
2340,13:10:29,190.88,1698721,89,中性盘
2341,13:10:32,190.84,267015,14,中性盘
2342,13:10:35,190.88,190875,10,买盘
2343,13:10:44,190.87,57261,3,买盘
2344,13:10:50,190.87,19087,1,买盘
2345,13:10:53,190.86,190852,10,中性盘
2346,13:10:56,190.86,228976,12,卖盘
2347,13:10:59,190.85,152586,8,中性盘
2348,13:11:02,190.85,19085,1,买盘
2349,13:11:05,190.85,76340,4,买盘
2350,13:11:17,190.75,343380,18,卖盘
2351,13:11:20,190.72,228867,12,卖盘
2352,13:11:23,190.6,247941,13,卖盘
2353,13:11:32,190.72,38144,2,中性盘
2354,13:11:35,190.62,19062,1,卖盘
2355,13:11:38,190.73,95332,5,买盘
2356,13:11:50,190.64,171576,9,卖盘
2357,13:11:56,190.66,76264,4,卖盘
2358,13:11:59,190.66,19066,1,卖盘
2359,13:12:02,190.69,57204,3,买盘
2360,13:12:05,190.66,247886,13,卖盘
2361,13:12:08,190.64,209746,11,卖盘
2362,13:12:14,190.67,114412,6,卖盘
2363,13:12:17,190.67,95336,5,卖盘
2364,13:12:20,190.62,781534,41,卖盘
2365,13:12:23,190.52,133381,7,卖盘
2366,13:12:29,190.42,571394,30,卖盘
2367,13:12:32,190.42,552156,29,买盘
2368,13:12:41,190.49,38092,2,买盘
2369,13:12:44,190.42,399898,21,卖盘
2370,13:12:47,190.45,209514,11,卖盘
2371,13:12:50,190.45,95225,5,卖盘
2372,13:12:53,190.47,114277,6,买盘
2373,13:12:56,190.47,19047,1,卖盘
2374,13:12:59,190.47,133329,7,卖盘
2375,13:13:02,190.47,228558,12,买盘
2376,13:13:05,190.47,133329,7,买盘
2377,13:13:08,190.42,133302,7,卖盘
2378,13:13:14,190.39,190390,10,中性盘
2379,13:13:20,190.37,38075,2,卖盘
2380,13:13:23,190.39,285571,15,买盘
2381,13:13:29,190.38,323646,17,买盘
2382,13:13:32,190.39,95191,5,买盘
2383,13:13:35,190.39,38078,2,买盘
2384,13:13:38,190.34,57106,3,卖盘
2385,13:13:41,190.38,38076,2,买盘
2386,13:13:47,190.31,95159,5,卖盘
2387,13:13:53,190.32,19032,1,买盘
2388,13:13:56,190.35,38070,2,买盘
2389,13:13:59,190.33,247433,13,卖盘
2390,13:14:02,190.35,76134,4,买盘
2391,13:14:05,190.35,152279,8,买盘
2392,13:14:08,190.37,494955,26,买盘
2393,13:14:11,190.38,152296,8,买盘
2394,13:14:14,190.39,76156,4,买盘
2395,13:14:17,190.38,190391,10,卖盘
2396,13:14:23,190.38,780431,41,卖盘
2397,13:14:26,190.4,38081,2,卖盘
2398,13:14:29,190.45,38090,2,买盘
2399,13:14:32,190.4,57120,3,卖盘
2400,13:14:38,190.44,19044,1,买盘
2401,13:14:41,190.44,38088,2,买盘
2402,13:14:44,190.45,323753,17,买盘
2403,13:14:47,190.44,57132,3,卖盘
2404,13:14:50,190.44,38089,2,卖盘
2405,13:14:53,190.44,133312,7,卖盘
2406,13:14:56,190.45,190450,10,买盘
2407,13:15:02,190.4,875937,46,卖盘
2408,13:15:08,190.39,285574,15,买盘
2409,13:15:11,190.38,57114,3,买盘
2410,13:15:14,190.35,342704,18,卖盘
2411,13:15:17,190.39,38078,2,买盘
2412,13:15:20,190.38,38076,2,中性盘
2413,13:15:23,190.4,228476,12,买盘
2414,13:15:26,190.35,190359,10,卖盘
2415,13:15:32,190.39,152292,8,买盘
2416,13:15:35,190.4,304632,16,买盘
2417,13:15:41,190.37,38076,2,卖盘
2418,13:15:44,190.35,456860,24,卖盘
2419,13:15:47,190.35,171323,9,买盘
2420,13:15:50,190.36,38072,2,中性盘
2421,13:15:53,190.39,57109,3,买盘
2422,13:15:56,190.39,38078,2,买盘
2423,13:16:02,190.37,209407,11,卖盘
2424,13:16:05,190.38,228455,12,买盘
2425,13:16:08,190.39,152308,8,买盘
2426,13:16:14,190.38,171349,9,卖盘
2427,13:16:17,190.39,57117,3,买盘
2428,13:16:20,190.4,38080,2,买盘
2429,13:16:23,190.39,171357,9,卖盘
2430,13:16:29,190.38,76154,4,卖盘
2431,13:16:32,190.38,38076,2,卖盘
2432,13:16:35,190.38,380777,20,卖盘
2433,13:16:38,190.39,19039,1,买盘
2434,13:16:41,190.32,1046872,55,卖盘
2435,13:16:44,190.32,323538,17,买盘
2436,13:16:47,190.31,19031,1,卖盘
2437,13:16:50,190.32,342547,18,买盘
2438,13:16:56,190.31,152255,8,卖盘
2439,13:16:59,190.3,19030,1,卖盘
2440,13:17:02,190.31,114181,6,买盘
2441,13:17:05,190.32,361603,19,买盘
2442,13:17:08,190.31,76127,4,卖盘
2443,13:17:14,190.37,76149,4,中性盘
2444,13:17:23,190.33,95175,5,卖盘
2445,13:17:26,190.37,76148,4,买盘
2446,13:17:29,190.37,57111,3,买盘
2447,13:17:32,190.37,38074,2,买盘
2448,13:17:35,190.38,38076,2,买盘
2449,13:17:38,190.37,133260,7,卖盘
2450,13:17:41,190.38,304594,16,买盘
2451,13:17:44,190.38,38075,2,买盘
2452,13:17:50,190.38,114227,6,买盘
2453,13:17:53,190.38,76152,4,买盘
2454,13:17:56,190.38,19038,1,卖盘
2455,13:18:02,190.38,247484,13,卖盘
2456,13:18:05,190.38,190380,10,买盘
2457,13:18:08,190.38,57116,3,卖盘
2458,13:18:11,190.35,95178,5,卖盘
2459,13:18:14,190.37,95186,5,卖盘
2460,13:18:17,190.37,76146,4,中性盘
2461,13:18:20,190.38,95189,5,买盘
2462,13:18:23,190.37,266504,14,中性盘
2463,13:18:26,190.35,133255,7,卖盘
2464,13:18:29,190.37,57111,3,买盘
2465,13:18:35,190.35,95184,5,中性盘
2466,13:18:38,190.38,38076,2,买盘
2467,13:18:41,190.38,27413,1,买盘
2468,13:18:44,190.33,239055,13,卖盘
2469,13:18:47,190.33,57099,3,买盘
2470,13:18:50,190.33,57099,3,买盘
2471,13:18:53,190.33,8375,0,买盘
2472,13:19:02,190.38,38076,2,买盘
2473,13:19:05,190.36,76145,4,中性盘
2474,13:19:08,190.36,76144,4,卖盘
2475,13:19:14,190.33,761378,40,卖盘
2476,13:19:17,190.31,277100,15,卖盘
2477,13:19:20,190.28,304472,16,卖盘
2478,13:19:23,190.28,76112,4,卖盘
2479,13:19:26,190.3,19030,1,中性盘
2480,13:19:32,190.32,114186,6,买盘
2481,13:19:35,190.32,437692,23,买盘
2482,13:19:38,190.3,133210,7,买盘
2483,13:19:41,190.32,57094,3,买盘
2484,13:19:44,190.32,76128,4,买盘
2485,13:19:47,190.33,236764,12,买盘
2486,13:20:02,190.29,723187,38,卖盘
2487,13:20:05,190.33,76134,4,中性盘
2488,13:20:08,190.29,19029,1,卖盘
2489,13:20:20,190.31,95155,5,卖盘
2490,13:20:23,190.3,323508,17,卖盘
2491,13:20:26,190.33,133222,7,买盘
2492,13:20:32,190.35,114210,6,买盘
2493,13:20:35,190.36,133251,7,买盘
2494,13:20:38,190.36,19036,1,卖盘
2495,13:20:41,190.37,19037,1,买盘
2496,13:20:44,190.37,704369,37,买盘
2497,13:20:47,190.36,361720,19,卖盘
2498,13:20:50,190.34,266483,14,卖盘
2499,13:20:53,190.39,2721985,143,买盘
2500,13:20:56,190.44,38088,2,买盘
2501,13:20:59,190.47,76188,4,买盘
2502,13:21:02,190.45,1525991,80,中性盘
2503,13:21:08,190.53,113175,6,卖盘
2504,13:21:14,190.61,19061,1,买盘
2505,13:21:17,190.61,38122,2,买盘
2506,13:21:20,190.61,76244,4,买盘
2507,13:21:23,190.61,38122,2,买盘
2508,13:21:26,190.55,19055,1,卖盘
2509,13:21:29,190.55,57166,3,卖盘
2510,13:21:32,190.55,114342,6,卖盘
2511,13:21:35,190.57,95281,5,中性盘
2512,13:21:41,190.54,285796,15,中性盘
2513,13:21:44,190.53,20196,1,卖盘
2514,13:21:47,190.53,95262,5,买盘
2515,13:21:50,190.53,38106,2,买盘
2516,13:21:53,190.53,76207,4,买盘
2517,13:21:56,190.53,19053,1,买盘
2518,13:22:08,190.47,323831,17,卖盘
2519,13:22:11,190.48,76182,4,买盘
2520,13:22:14,190.47,19047,1,中性盘
2521,13:22:17,190.48,19048,1,买盘
2522,13:22:20,190.37,152304,8,卖盘
2523,13:22:32,190.38,76152,4,卖盘
2524,13:22:38,190.38,171342,9,卖盘
2525,13:22:44,190.41,19041,1,卖盘
2526,13:22:47,190.48,38096,2,买盘
2527,13:22:50,190.41,19041,1,卖盘
2528,13:22:53,190.48,19048,1,买盘
2529,13:22:56,190.42,114254,6,卖盘
2530,13:23:08,190.42,19042,1,卖盘
2531,13:23:11,190.48,19048,1,买盘
2532,13:23:17,190.48,38095,2,买盘
2533,13:23:29,190.47,19047,1,卖盘
2534,13:23:38,190.46,114276,6,卖盘
2535,13:23:41,190.46,228539,12,买盘
2536,13:23:44,190.4,685510,36,卖盘
2537,13:23:47,190.4,228480,12,买盘
2538,13:23:50,190.4,190400,10,买盘
2539,13:23:53,190.38,95197,5,卖盘
2540,13:23:56,190.38,361752,19,卖盘
2541,13:23:59,190.38,19038,1,卖盘
2542,13:24:02,190.4,114236,6,买盘
2543,13:24:05,190.4,571200,30,买盘
2544,13:24:11,190.41,38084,2,卖盘
2545,13:24:14,190.41,19041,1,卖盘
2546,13:24:20,190.44,19044,1,中性盘
2547,13:24:23,190.45,228538,12,买盘
2548,13:24:26,190.45,152360,8,买盘
2549,13:24:29,190.45,133317,7,卖盘
2550,13:24:32,190.45,114270,6,卖盘
2551,13:24:35,190.47,228556,12,买盘
2552,13:24:38,190.47,19047,1,买盘
2553,13:24:41,190.48,19048,1,买盘
2554,13:24:44,190.48,38095,2,买盘
2555,13:24:47,190.47,476268,25,卖盘
2556,13:24:50,190.47,19047,1,买盘
2557,13:24:53,190.46,19046,1,卖盘
2558,13:24:56,190.48,19048,1,中性盘
2559,13:24:59,190.54,57158,3,买盘
2560,13:25:02,190.45,1066556,56,卖盘
2561,13:25:05,190.45,418990,22,买盘
2562,13:25:08,190.44,19044,1,卖盘
2563,13:25:11,190.45,57134,3,买盘
2564,13:25:14,190.45,133315,7,买盘
2565,13:25:17,190.44,590394,31,卖盘
2566,13:25:23,190.44,19044,1,卖盘
2567,13:25:26,190.45,266630,14,买盘
2568,13:25:29,190.45,38089,2,买盘
2569,13:25:32,190.45,19045,1,买盘
2570,13:25:35,190.44,57134,3,卖盘
2571,13:25:38,190.45,57134,3,买盘
2572,13:25:44,190.45,57135,3,买盘
2573,13:25:47,190.46,190453,10,买盘
2574,13:25:59,190.48,19048,1,卖盘
2575,13:26:02,190.49,19049,1,买盘
2576,13:26:05,190.5,457180,24,买盘
2577,13:26:08,190.54,95268,5,买盘
2578,13:26:14,190.55,133379,7,买盘
2579,13:26:17,190.58,76227,4,买盘
2580,13:26:20,190.59,57176,3,买盘
2581,13:26:26,190.7,228762,12,买盘
2582,13:26:29,190.7,76280,4,买盘
2583,13:26:32,190.76,114423,6,买盘
2584,13:26:35,190.62,19062,1,中性盘
2585,13:26:38,190.75,152563,8,中性盘
2586,13:26:41,190.75,57213,3,买盘
2587,13:26:44,190.63,19063,1,卖盘
2588,13:26:47,190.74,38139,2,中性盘
2589,13:26:53,190.7,286042,15,中性盘
2590,13:26:56,190.73,19073,1,中性盘
2591,13:26:59,190.73,133521,7,卖盘
2592,13:27:05,190.75,152600,8,买盘
2593,13:27:08,190.73,209821,11,卖盘
2594,13:27:11,190.74,57223,3,中性盘
2595,13:27:14,190.74,57223,3,买盘
2596,13:27:17,190.75,57224,3,买盘
2597,13:27:23,190.75,247975,13,买盘
2598,13:27:26,190.76,190754,10,买盘
2599,13:27:29,190.8,57235,3,买盘
2600,13:27:32,190.8,171716,9,买盘
2601,13:27:35,190.79,19079,1,中性盘
2602,13:27:38,190.79,19079,1,中性盘
2603,13:27:41,190.79,38160,2,卖盘
2604,13:27:44,190.79,38158,2,卖盘
2605,13:27:47,190.8,152648,8,中性盘
2606,13:27:50,190.8,57239,3,中性盘
2607,13:27:53,190.8,19080,1,买盘
2608,13:27:56,190.79,57238,3,卖盘
2609,13:27:59,190.77,209850,11,卖盘
2610,13:28:02,190.77,19077,1,买盘
2611,13:28:05,190.77,57231,3,买盘
2612,13:28:08,190.74,76298,4,卖盘
2613,13:28:11,190.74,19074,1,卖盘
2614,13:28:14,190.73,171658,9,卖盘
2615,13:28:17,190.73,76293,4,卖盘
2616,13:28:20,190.73,19073,1,买盘
2617,13:28:23,190.73,57218,3,买盘
2618,13:28:26,190.74,267029,14,买盘
2619,13:28:29,190.74,19074,1,卖盘
2620,13:28:32,190.75,38149,2,买盘
2621,13:28:35,190.76,76304,4,买盘
2622,13:28:38,190.74,133528,7,卖盘
2623,13:28:41,190.73,57220,3,卖盘
2624,13:28:44,190.73,19073,1,买盘
2625,13:28:47,190.72,267030,14,卖盘
2626,13:28:50,190.74,57222,3,买盘
2627,13:28:56,190.75,286114,15,买盘
2628,13:28:59,190.73,38149,2,卖盘
2629,13:29:02,190.73,76304,4,卖盘
2630,13:29:05,190.75,114440,6,中性盘
2631,13:29:08,190.75,76304,4,卖盘
2632,13:29:14,190.74,152603,8,卖盘
2633,13:29:17,190.72,247960,13,卖盘
2634,13:29:23,190.72,38144,2,卖盘
2635,13:29:26,190.72,114432,6,买盘
2636,13:29:29,190.66,114403,6,卖盘
2637,13:29:38,190.62,19062,1,卖盘
2638,13:29:47,190.66,76264,4,买盘
2639,13:29:50,190.66,38132,2,卖盘
2640,13:29:59,190.69,76278,4,卖盘
2641,13:30:02,190.69,38138,2,卖盘
2642,13:30:05,190.71,57211,3,买盘
2643,13:30:08,190.71,114426,6,买盘
2644,13:30:11,190.71,133500,7,卖盘
2645,13:30:14,190.72,190713,10,中性盘
2646,13:30:17,190.73,95365,5,买盘
2647,13:30:20,190.73,133508,7,卖盘
2648,13:30:23,190.71,76281,4,买盘
2649,13:30:26,190.71,247923,13,买盘
2650,13:30:29,190.71,57211,3,买盘
2651,13:30:32,190.7,114425,6,中性盘
2652,13:30:35,190.69,171621,9,卖盘
2653,13:30:38,190.7,228832,12,买盘
2654,13:30:41,190.7,266972,14,买盘
2655,13:30:44,190.67,38133,2,中性盘
2656,13:30:47,190.68,38134,2,买盘
2657,13:30:50,190.68,38136,2,卖盘
2658,13:30:53,190.66,76271,4,卖盘
2659,13:30:56,190.68,247872,13,买盘
2660,13:30:59,190.65,19065,1,卖盘
2661,13:31:02,190.64,76257,4,卖盘
2662,13:31:05,190.64,57192,3,卖盘
2663,13:31:08,190.65,38129,2,买盘
2664,13:31:11,190.64,57192,3,买盘
2665,13:31:14,190.64,19064,1,买盘
2666,13:31:17,190.65,152514,8,买盘
2667,13:31:20,190.63,95322,5,卖盘
2668,13:31:23,190.63,19063,1,买盘
2669,13:31:26,190.62,228753,12,卖盘
2670,13:31:32,190.62,266868,14,买盘
2671,13:31:35,190.67,38134,2,买盘
2672,13:31:38,190.64,57190,3,中性盘
2673,13:31:41,190.67,38134,2,买盘
2674,13:31:47,190.68,228814,12,买盘
2675,13:31:50,190.67,152536,8,卖盘
2676,13:31:56,190.66,324139,17,卖盘
2677,13:31:59,190.67,190667,10,买盘
2678,13:32:02,190.66,228773,12,买盘
2679,13:32:05,190.59,438369,23,卖盘
2680,13:32:08,190.64,190611,10,买盘
2681,13:32:17,190.6,228727,12,卖盘
2682,13:32:20,190.61,38121,2,买盘
2683,13:32:23,190.6,38121,2,卖盘
2684,13:32:29,190.6,57180,3,卖盘
2685,13:32:38,190.57,133399,7,中性盘
2686,13:32:41,190.58,152464,8,买盘
2687,13:32:44,190.58,800324,42,买盘
2688,13:32:47,190.58,285870,15,买盘
2689,13:32:50,190.58,114344,6,卖盘
2690,13:32:53,190.57,19057,1,中性盘
2691,13:32:56,190.53,228613,12,中性盘
2692,13:32:59,190.53,19053,1,卖盘
2693,13:33:02,190.53,57167,3,卖盘
2694,13:33:05,190.57,57167,3,买盘
2695,13:33:08,190.45,476285,25,卖盘
2696,13:33:17,190.53,209575,11,买盘
2697,13:33:20,190.53,76212,4,买盘
2698,13:33:23,190.5,76207,4,卖盘
2699,13:33:26,190.5,3047885,160,买盘
2700,13:33:29,190.49,57155,3,卖盘
2701,13:33:32,190.54,19054,1,买盘
2702,13:33:38,190.52,190529,10,中性盘
2703,13:33:41,190.54,38108,2,买盘
2704,13:33:47,190.49,457247,24,卖盘
2705,13:33:50,190.51,95265,5,中性盘
2706,13:33:56,190.58,38116,2,买盘
2707,13:33:59,190.52,95284,5,卖盘
2708,13:34:02,190.58,57168,3,买盘
2709,13:34:05,190.53,95285,5,卖盘
2710,13:34:11,190.49,761998,40,卖盘
2711,13:34:17,190.57,133384,7,买盘
2712,13:34:20,190.57,38106,2,买盘
2713,13:34:23,190.49,95247,5,卖盘
2714,13:34:26,190.49,38102,2,卖盘
2715,13:34:29,190.51,38102,2,卖盘
2716,13:34:32,190.58,190569,10,买盘
2717,13:34:38,190.58,57174,3,买盘
2718,13:34:44,190.58,76232,4,卖盘
2719,13:34:47,190.61,247777,13,买盘
2720,13:34:50,190.6,19060,1,卖盘
2721,13:34:56,190.61,76249,4,卖盘
2722,13:34:59,190.63,95315,5,卖盘
2723,13:35:02,190.63,114378,6,卖盘
2724,13:35:05,190.6,133425,7,卖盘
2725,13:35:08,190.61,190628,10,中性盘
2726,13:35:11,190.58,114362,6,卖盘
2727,13:35:14,190.58,19058,1,买盘
2728,13:35:20,190.58,152492,8,卖盘
2729,13:35:23,190.58,38116,2,买盘
2730,13:35:26,190.58,19058,1,卖盘
2731,13:35:29,190.65,38125,2,买盘
2732,13:35:32,190.6,19060,1,卖盘
2733,13:35:38,190.62,133440,7,中性盘
2734,13:35:41,190.64,190631,10,买盘
2735,13:35:47,190.66,133455,7,买盘
2736,13:35:50,190.67,152530,8,买盘
2737,13:35:53,190.66,400406,21,卖盘
2738,13:35:56,190.67,76265,4,买盘
2739,13:35:59,190.66,38131,2,中性盘
2740,13:36:02,190.65,76263,4,卖盘
2741,13:36:05,190.66,133462,7,买盘
2742,13:36:08,190.66,38132,2,卖盘
2743,13:36:11,190.66,114391,6,买盘
2744,13:36:14,190.66,38132,2,买盘
2745,13:36:17,190.66,38132,2,中性盘
2746,13:36:20,190.66,133462,7,卖盘
2747,13:36:23,190.67,95331,5,买盘
2748,13:36:26,190.67,38134,2,买盘
2749,13:36:29,190.68,247883,13,买盘
2750,13:36:32,190.66,57198,3,卖盘
2751,13:36:35,190.69,152552,8,买盘
2752,13:36:38,190.7,419534,22,买盘
2753,13:36:41,190.65,95326,5,卖盘
2754,13:36:44,190.62,38124,2,买盘
2755,13:36:47,190.66,228743,12,买盘
2756,13:36:50,190.6,38125,2,卖盘
2757,13:36:53,190.66,209725,11,买盘
2758,13:36:56,190.62,57187,3,卖盘
2759,13:36:59,190.6,57183,3,卖盘
2760,13:37:08,190.63,19063,1,买盘
2761,13:37:11,190.6,171542,9,卖盘
2762,13:37:14,190.58,57175,3,卖盘
2763,13:37:17,190.6,76240,4,买盘
2764,13:37:20,190.53,190539,10,卖盘
2765,13:37:23,190.53,19053,1,买盘
2766,13:37:26,190.54,57160,3,买盘
2767,13:37:29,190.52,19052,1,中性盘
2768,13:37:32,190.52,19052,1,卖盘
2769,13:37:35,190.52,38104,2,卖盘
2770,13:37:38,190.52,552555,29,卖盘
2771,13:37:41,190.54,304854,16,买盘
2772,13:37:44,190.54,114324,6,买盘
2773,13:37:47,190.54,247701,13,买盘
2774,13:37:50,190.53,438210,23,卖盘
2775,13:37:56,190.53,114319,6,卖盘
2776,13:37:59,190.54,285808,15,买盘
2777,13:38:02,190.53,57159,3,卖盘
2778,13:38:05,190.54,19054,1,中性盘
2779,13:38:08,190.55,114323,6,中性盘
2780,13:38:11,190.6,19060,1,买盘
2781,13:38:20,190.6,95300,5,买盘
2782,13:38:23,190.63,190609,10,买盘
2783,13:38:26,190.65,152514,8,买盘
2784,13:38:29,190.65,38130,2,中性盘
2785,13:38:32,190.65,686494,36,卖盘
2786,13:38:35,190.66,19066,1,买盘
2787,13:38:38,190.7,76280,4,买盘
2788,13:38:41,190.71,114418,6,买盘
2789,13:38:44,190.71,19071,1,买盘
2790,13:38:47,190.71,247922,13,买盘
2791,13:38:50,190.72,362351,19,买盘
2792,13:38:53,190.75,440590,23,买盘
2793,13:38:59,190.78,629481,33,买盘
2794,13:39:05,190.79,76316,4,买盘
2795,13:39:08,190.8,305280,16,买盘
2796,13:39:11,190.82,706041,37,买盘
2797,13:39:14,190.88,267234,14,买盘
2798,13:39:17,190.88,95416,5,买盘
2799,13:39:20,190.88,19088,1,中性盘
2800,13:39:23,190.88,19088,1,中性盘
2801,13:39:26,190.85,95428,5,卖盘
2802,13:39:29,190.87,209953,11,中性盘
2803,13:39:32,190.88,515371,27,买盘
2804,13:39:35,190.88,133619,7,买盘
2805,13:39:38,190.88,649037,34,卖盘
2806,13:39:41,190.9,114533,6,买盘
2807,13:39:44,190.9,38180,2,买盘
2808,13:39:47,190.9,114537,6,买盘
2809,13:39:50,190.9,57270,3,买盘
2810,13:39:53,190.9,2196096,115,卖盘
2811,13:39:56,190.91,76370,4,卖盘
2812,13:39:59,190.91,76381,4,卖盘
2813,13:40:02,190.89,400876,21,卖盘
2814,13:40:05,190.97,1393696,73,买盘
2815,13:40:08,190.93,38186,2,中性盘
2816,13:40:11,190.88,19088,1,卖盘
2817,13:40:14,190.9,19090,1,卖盘
2818,13:40:17,190.82,5725584,300,卖盘
2819,13:40:20,190.71,305213,16,卖盘
2820,13:40:23,190.71,38142,2,卖盘
2821,13:40:29,190.7,209787,11,卖盘
2822,13:40:32,190.71,19071,1,中性盘
2823,13:40:35,190.71,133495,7,买盘
2824,13:40:38,190.71,209781,11,买盘
2825,13:40:41,190.71,38141,2,买盘
2826,13:40:44,190.7,19070,1,卖盘
2827,13:40:47,190.71,209781,11,买盘
2828,13:40:50,190.7,19070,1,卖盘
2829,13:40:53,190.72,19072,1,中性盘
2830,13:40:56,190.71,19071,1,卖盘
2831,13:40:59,190.73,76292,4,买盘
2832,13:41:02,190.73,19073,1,卖盘
2833,13:41:08,190.75,267028,14,买盘
2834,13:41:11,190.73,19073,1,中性盘
2835,13:41:17,190.75,19075,1,买盘
2836,13:41:20,190.73,114451,6,卖盘
2837,13:41:23,190.74,19074,1,中性盘
2838,13:41:26,190.76,38152,2,买盘
2839,13:41:29,190.73,38147,2,卖盘
2840,13:41:38,190.74,19074,1,卖盘
2841,13:41:41,190.74,95372,5,卖盘
2842,13:41:44,190.74,38149,2,卖盘
2843,13:41:47,190.76,19076,1,买盘
2844,13:41:50,190.76,76304,4,买盘
2845,13:41:56,190.79,19079,1,买盘
2846,13:41:59,190.79,152630,8,买盘
2847,13:42:02,190.79,95395,5,买盘
2848,13:42:05,190.79,38158,2,卖盘
2849,13:42:08,190.74,381533,20,卖盘
2850,13:42:11,190.66,1201454,63,卖盘
2851,13:42:14,190.63,209709,11,卖盘
2852,13:42:17,190.6,1086423,57,卖盘
2853,13:42:20,190.57,152453,8,卖盘
2854,13:42:26,190.62,438325,23,买盘
2855,13:42:29,190.55,152438,8,买盘
2856,13:42:32,190.64,114372,6,买盘
2857,13:42:41,190.56,19056,1,卖盘
2858,13:42:44,190.57,19057,1,卖盘
2859,13:42:47,190.55,323942,17,卖盘
2860,13:42:50,190.55,57165,3,买盘
2861,13:42:53,190.55,152440,8,买盘
2862,13:42:56,190.55,57165,3,买盘
2863,13:42:59,190.54,76218,4,卖盘
2864,13:43:02,190.55,19055,1,买盘
2865,13:43:08,190.55,381081,20,买盘
2866,13:43:11,190.54,76218,4,卖盘
2867,13:43:14,190.55,95274,5,买盘
2868,13:43:17,190.53,38106,2,卖盘
2869,13:43:20,190.45,438111,23,卖盘
2870,13:43:23,190.35,3141635,165,卖盘
2871,13:43:26,190.36,57104,3,中性盘
2872,13:43:29,190.34,133227,7,中性盘
2873,13:43:32,190.32,76125,4,买盘
2874,13:43:35,190.25,1875457,99,卖盘
2875,13:43:38,190.23,152184,8,卖盘
2876,13:43:41,190.18,418461,22,卖盘
2877,13:43:44,190.12,228162,12,卖盘
2878,13:43:47,190.14,38028,2,中性盘
2879,13:43:50,190.13,247144,13,中性盘
2880,13:43:53,190.12,190125,10,卖盘
2881,13:43:56,190.11,57034,3,卖盘
2882,13:43:59,190.02,1767692,93,卖盘
2883,13:44:02,189.85,8510896,448,卖盘
2884,13:44:05,189.77,797105,42,卖盘
2885,13:44:08,189.7,512296,27,卖盘
2886,13:44:11,189.69,398383,21,卖盘
2887,13:44:14,189.69,512156,27,买盘
2888,13:44:17,189.67,56902,3,中性盘
2889,13:44:20,189.66,227600,12,卖盘
2890,13:44:23,189.66,189670,10,卖盘
2891,13:44:26,189.66,151717,8,中性盘
2892,13:44:29,189.62,341332,18,卖盘
2893,13:44:32,189.62,284420,15,买盘
2894,13:44:35,189.63,227536,12,买盘
2895,13:44:41,189.63,284445,15,卖盘
2896,13:44:44,189.63,151708,8,中性盘
2897,13:44:47,189.63,227559,12,买盘
2898,13:44:50,189.64,568899,30,卖盘
2899,13:44:53,189.64,208678,11,中性盘
2900,13:44:56,189.73,227650,12,中性盘
2901,13:44:59,189.65,132793,7,中性盘
2902,13:45:02,189.73,37948,2,中性盘
2903,13:45:05,189.66,265587,14,卖盘
2904,13:45:08,189.68,151773,8,中性盘
2905,13:45:11,189.7,417372,22,中性盘
2906,13:45:14,189.74,189748,10,中性盘
2907,13:45:17,189.74,56922,3,买盘
2908,13:45:20,189.73,284604,15,卖盘
2909,13:45:23,189.75,246650,13,买盘
2910,13:45:26,189.75,284619,15,买盘
2911,13:45:29,189.75,303595,16,买盘
2912,13:45:32,189.74,2390556,126,中性盘
2913,13:45:35,189.75,455406,24,买盘
2914,13:45:38,189.81,170812,9,买盘
2915,13:45:41,189.87,94914,5,中性盘
2916,13:45:44,189.87,227841,12,买盘
2917,13:45:47,189.86,664337,35,卖盘
2918,13:45:50,189.76,455556,24,中性盘
2919,13:45:53,189.84,512573,27,买盘
2920,13:45:56,189.76,303727,16,卖盘
2921,13:45:59,189.76,417470,22,买盘
2922,13:46:02,189.75,417453,22,卖盘
2923,13:46:05,189.76,417472,22,买盘
2924,13:46:08,189.75,512303,27,买盘
2925,13:46:11,189.74,322585,17,中性盘
2926,13:46:14,189.75,284710,15,中性盘
2927,13:46:17,189.75,170791,9,卖盘
2928,13:46:20,189.73,436398,23,卖盘
2929,13:46:23,189.73,56921,3,卖盘
2930,13:46:26,189.73,796893,42,中性盘
2931,13:46:29,189.75,132813,7,买盘
2932,13:46:32,189.74,208735,11,卖盘
2933,13:46:35,189.83,360579,19,买盘
2934,13:46:38,189.83,189790,10,中性盘
2935,13:46:41,189.75,94874,5,中性盘
2936,13:46:44,189.75,265647,14,买盘
2937,13:46:47,189.73,189747,10,卖盘
2938,13:46:50,189.76,170779,9,买盘
2939,13:46:53,189.75,303600,16,卖盘
2940,13:46:56,189.75,132833,7,卖盘
2941,13:46:59,189.79,56933,3,买盘
2942,13:47:02,189.77,227729,12,中性盘
2943,13:47:05,189.77,417511,22,买盘
2944,13:47:08,189.77,303621,16,买盘
2945,13:47:11,189.78,1043662,55,买盘
2946,13:47:14,189.79,170814,9,买盘
2947,13:47:17,189.78,208763,11,卖盘
2948,13:47:20,189.79,113894,6,中性盘
2949,13:47:23,189.79,151832,8,中性盘
2950,13:47:26,189.79,189791,10,卖盘
2951,13:47:29,189.82,37965,2,中性盘
2952,13:47:32,189.82,322656,17,买盘
2953,13:47:35,189.82,189802,10,买盘
2954,13:47:38,189.81,208797,11,中性盘
2955,13:47:41,189.8,189808,10,卖盘
2956,13:47:44,189.79,303664,16,卖盘
2957,13:47:47,189.8,436519,23,买盘
2958,13:47:50,189.8,702305,37,买盘
2959,13:47:53,189.8,56942,3,卖盘
2960,13:47:56,189.88,797405,42,买盘
2961,13:47:59,189.92,265914,14,买盘
2962,13:48:02,189.88,455738,24,卖盘
2963,13:48:05,189.9,151916,8,中性盘
2964,13:48:08,189.91,417800,22,买盘
2965,13:48:11,189.91,170925,9,卖盘
2966,13:48:14,189.9,417816,22,中性盘
2967,13:48:17,189.89,626751,33,中性盘
2968,13:48:20,189.96,208891,11,买盘
2969,13:48:23,189.98,94990,5,买盘
2970,13:48:26,189.96,113973,6,中性盘
2971,13:48:29,189.95,303862,16,中性盘
2972,13:48:32,189.94,322875,17,中性盘
2973,13:48:35,189.94,56982,3,买盘
2974,13:48:38,189.94,265891,14,买盘
2975,13:48:41,189.9,132942,7,中性盘
2976,13:48:44,189.92,151942,8,中性盘
2977,13:48:47,189.92,189917,10,买盘
2978,13:48:50,189.86,189907,10,卖盘
2979,13:48:53,189.93,75978,4,中性盘
2980,13:48:56,189.92,113956,6,中性盘
2981,13:48:59,189.94,455876,24,中性盘
2982,13:49:02,190.0,5678972,299,买盘
2983,13:49:05,190.0,740729,39,买盘
2984,13:49:08,190.01,342013,18,买盘
2985,13:49:11,189.88,2431248,128,卖盘
2986,13:49:14,189.91,1101464,58,中性盘
2987,13:49:17,189.94,208925,11,买盘
2988,13:49:20,189.99,303991,16,中性盘
2989,13:49:23,189.98,37997,2,中性盘
2990,13:49:26,189.98,75995,4,中性盘
2991,13:49:29,189.95,18995,1,卖盘
2992,13:49:32,189.95,208945,11,卖盘
2993,13:49:35,189.93,1291664,68,卖盘
2994,13:49:38,189.93,322881,17,买盘
2995,13:49:41,189.93,664746,35,买盘
2996,13:49:44,189.93,360864,19,买盘
2997,13:49:47,189.93,189923,10,买盘
2998,13:49:50,189.91,151936,8,卖盘
2999,13:49:53,189.92,284879,15,买盘
3000,13:49:56,189.93,37985,2,买盘
3001,13:49:59,189.93,132951,7,买盘
3002,13:50:02,189.93,360856,19,买盘
3003,13:50:05,189.94,170943,9,买盘
3004,13:50:08,189.93,56980,3,卖盘
3005,13:50:11,189.94,360884,19,买盘
3006,13:50:17,189.94,75985,4,中性盘
3007,13:50:20,189.84,3342488,176,卖盘
3008,13:50:23,189.83,550428,29,中性盘
3009,13:50:26,189.88,626447,33,买盘
3010,13:50:29,189.89,645581,34,买盘
3011,13:50:32,189.89,37977,2,买盘
3012,13:50:35,189.89,56966,3,买盘
3013,13:50:38,189.88,151904,8,卖盘
3014,13:50:41,189.89,113925,6,买盘
3015,13:50:44,189.89,75951,4,买盘
3016,13:50:50,189.84,835300,44,卖盘
3017,13:50:53,189.89,2373190,125,买盘
3018,13:50:56,189.84,170861,9,卖盘
3019,13:50:59,189.84,246790,13,买盘
3020,13:51:02,189.83,284758,15,中性盘
3021,13:51:05,189.84,75939,4,中性盘
3022,13:51:08,189.83,360691,19,卖盘
3023,13:51:11,189.82,18982,1,中性盘
3024,13:51:14,189.82,151856,8,买盘
3025,13:51:17,189.83,246774,13,买盘
3026,13:51:20,189.87,360678,19,买盘
3027,13:51:23,189.9,75961,4,买盘
3028,13:51:26,189.89,56967,3,中性盘
3029,13:51:29,189.88,113931,6,中性盘
3030,13:51:32,189.82,227843,12,卖盘
3031,13:51:35,189.86,132906,7,中性盘
3032,13:51:38,189.86,113916,6,买盘
3033,13:51:41,189.83,113908,6,卖盘
3034,13:51:44,189.84,322744,17,中性盘
3035,13:51:47,189.84,94916,5,买盘
3036,13:51:50,189.84,284764,15,卖盘
3037,13:51:53,189.84,151874,8,卖盘
3038,13:51:56,189.85,75940,4,中性盘
3039,13:51:59,189.85,227831,12,卖盘
3040,13:52:02,189.85,132895,7,卖盘
3041,13:52:05,189.86,417690,22,买盘
3042,13:52:08,189.83,797334,42,卖盘
3043,13:52:11,189.86,816365,43,买盘
3044,13:52:14,189.87,588569,31,买盘
3045,13:52:17,189.87,113924,6,卖盘
3046,13:52:20,189.85,474630,25,卖盘
3047,13:52:23,189.78,1784169,94,卖盘
3048,13:52:26,189.75,398508,21,卖盘
3049,13:52:29,189.77,436447,23,买盘
3050,13:52:32,189.79,227702,12,买盘
3051,13:52:35,189.81,265692,14,中性盘
3052,13:52:38,189.75,37951,2,卖盘
3053,13:52:41,189.72,455329,24,卖盘
3054,13:52:44,189.71,1157230,61,卖盘
