,成交时间,成交价格,成交金额,成交量,性质
0,09:25:03,15.3,1476450,965,卖盘
1,09:30:00,15.3,1530,1,买盘
2,09:30:03,15.28,148298,97,卖盘
3,09:30:06,15.28,282667,185,买盘
4,09:30:09,15.28,453636,297,买盘
5,09:30:12,15.27,290069,190,卖盘
6,09:30:15,15.26,206124,135,卖盘
7,09:30:18,15.26,636360,417,卖盘
8,09:30:21,15.25,914901,600,卖盘
9,09:30:24,15.23,665598,437,卖盘
10,09:30:27,15.22,289175,190,卖盘
11,09:30:30,15.21,1385423,911,卖盘
12,09:30:33,15.21,238789,157,卖盘
13,09:30:36,15.21,427334,281,买盘
14,09:30:39,15.21,735872,484,买盘
15,09:30:42,15.21,431843,284,买盘
16,09:30:45,15.2,1115694,734,卖盘
17,09:30:48,15.2,551716,363,买盘
18,09:30:51,15.2,83582,55,买盘
19,09:30:54,15.19,156504,103,卖盘
20,09:30:57,15.19,241615,159,卖盘
21,09:31:00,15.19,607925,400,卖盘
22,09:31:03,15.2,417786,275,买盘
23,09:31:06,15.19,129133,85,卖盘
24,09:31:09,15.19,157972,104,买盘
25,09:31:12,15.19,104770,69,买盘
26,09:31:15,15.19,211145,139,卖盘
27,09:31:18,15.19,159576,105,卖盘
28,09:31:21,15.2,360054,237,买盘
29,09:31:24,15.19,586346,386,卖盘
30,09:31:27,15.19,525543,346,买盘
31,09:31:30,15.19,220240,145,买盘
32,09:31:33,15.19,256706,169,买盘
33,09:31:36,15.18,363014,239,卖盘
34,09:31:39,15.19,481575,317,卖盘
35,09:31:42,15.18,726032,478,卖盘
36,09:31:45,15.19,485939,320,买盘
37,09:31:48,15.18,352377,232,卖盘
38,09:31:51,15.19,1498501,987,买盘
39,09:31:54,15.19,510557,336,卖盘
40,09:31:57,15.2,708289,466,买盘
41,09:32:00,15.2,372408,245,买盘
42,09:32:03,15.2,378601,249,卖盘
43,09:32:06,15.22,418281,275,买盘
44,09:32:09,15.22,187121,123,买盘
45,09:32:12,15.22,386561,254,买盘
46,09:32:15,15.22,175019,115,买盘
47,09:32:18,15.22,426141,280,买盘
48,09:32:21,15.21,528071,347,卖盘
49,09:32:24,15.21,216068,142,卖盘
50,09:32:27,15.21,389530,256,卖盘
51,09:32:30,15.21,2619601,1722,买盘
52,09:32:33,15.22,359112,236,中性盘
53,09:32:36,15.24,893965,587,买盘
54,09:32:39,15.23,85302,56,卖盘
55,09:32:42,15.24,694926,456,买盘
56,09:32:45,15.25,370530,243,买盘
57,09:32:48,15.25,251614,165,买盘
58,09:32:51,15.26,291430,191,买盘
59,09:32:54,15.26,210657,138,卖盘
60,09:32:57,15.27,151078,99,买盘
61,09:33:00,15.25,158682,104,卖盘
62,09:33:03,15.24,721288,473,卖盘
63,09:33:06,15.25,1830678,1201,买盘
64,09:33:09,15.23,303185,199,卖盘
65,09:33:12,15.23,737485,484,卖盘
66,09:33:15,15.23,560830,368,卖盘
67,09:33:18,15.23,348881,229,卖盘
68,09:33:21,15.22,1184752,778,卖盘
69,09:33:24,15.22,412596,271,卖盘
70,09:33:27,15.23,881712,579,买盘
71,09:33:30,15.23,924022,607,买盘
72,09:33:33,15.22,190356,125,卖盘
73,09:33:36,15.22,105028,69,买盘
74,09:33:39,15.22,140106,92,卖盘
75,09:33:42,15.21,579858,381,卖盘
76,09:33:45,15.2,631257,415,卖盘
77,09:33:48,15.2,281447,185,卖盘
78,09:33:51,15.21,155139,102,买盘
79,09:33:54,15.21,41073,27,卖盘
80,09:33:57,15.21,45634,30,卖盘
81,09:34:00,15.21,108014,71,卖盘
82,09:34:03,15.2,342213,225,卖盘
83,09:34:06,15.2,1007947,663,卖盘
84,09:34:09,15.19,83595,55,卖盘
85,09:34:12,15.2,320693,211,买盘
86,09:34:15,15.2,162648,107,卖盘
87,09:34:18,15.2,246375,162,卖盘
88,09:34:21,15.19,237101,156,卖盘
89,09:34:24,15.19,141332,93,卖盘
90,09:34:27,15.19,296320,195,卖盘
91,09:34:30,15.19,296299,195,卖盘
92,09:34:33,15.19,97244,64,卖盘
93,09:34:36,15.19,272010,179,卖盘
94,09:34:39,15.19,121535,80,卖盘
95,09:34:42,15.19,381401,251,卖盘
96,09:34:45,15.18,284035,187,卖盘
97,09:34:48,15.19,370745,244,买盘
98,09:34:51,15.19,338765,223,卖盘
99,09:34:54,15.2,113935,75,买盘
100,09:34:57,15.19,285628,188,卖盘
101,09:35:00,15.2,123120,81,买盘
102,09:35:03,15.19,74462,49,卖盘
103,09:35:06,15.2,545667,359,买盘
104,09:35:09,15.2,407440,268,卖盘
105,09:35:12,15.2,494322,325,卖盘
106,09:35:15,15.19,241579,159,卖盘
107,09:35:18,15.2,188539,124,买盘
108,09:35:21,15.19,334393,220,卖盘
109,09:35:24,15.19,373753,246,卖盘
110,09:35:27,15.18,736462,485,卖盘
111,09:35:30,15.2,563315,371,买盘
112,09:35:33,15.17,1868473,1231,卖盘
113,09:35:36,15.19,566266,373,买盘
114,09:35:39,15.18,142713,94,卖盘
115,09:35:42,15.18,892829,588,卖盘
116,09:35:45,15.17,138138,91,卖盘
117,09:35:48,15.18,596522,393,买盘
118,09:35:51,15.17,1190854,785,卖盘
119,09:35:54,15.16,529711,349,卖盘
120,09:35:57,15.17,438384,289,买盘
121,09:36:00,15.18,614740,405,买盘
122,09:36:03,15.17,544813,359,卖盘
123,09:36:06,15.18,361203,238,买盘
124,09:36:09,15.17,481113,317,卖盘
125,09:36:12,15.17,614633,405,卖盘
126,09:36:15,15.19,279312,184,买盘
127,09:36:18,15.17,189746,125,卖盘
128,09:36:21,15.17,224645,148,卖盘
129,09:36:24,15.17,103186,68,卖盘
130,09:36:27,15.18,207965,137,买盘
131,09:36:30,15.18,94116,62,卖盘
132,09:36:33,15.18,153318,101,卖盘
133,09:36:36,15.18,168470,111,买盘
134,09:36:39,15.18,226217,149,卖盘
135,09:36:42,15.18,356826,235,卖盘
136,09:36:45,15.19,106323,70,买盘
137,09:36:48,15.19,551392,363,买盘
138,09:36:51,15.2,313120,206,买盘
139,09:36:54,15.19,19752,13,卖盘
140,09:36:57,15.18,1270769,837,卖盘
141,09:37:00,15.18,300480,198,买盘
142,09:37:03,15.18,375074,247,买盘
143,09:37:06,15.19,282464,186,买盘
144,09:37:09,15.18,1068615,704,卖盘
145,09:37:12,15.18,458725,302,卖盘
146,09:37:15,15.18,353843,233,卖盘
147,09:37:18,15.17,1138015,750,卖盘
148,09:37:21,15.18,1275971,841,买盘
149,09:37:24,15.17,245846,162,卖盘
150,09:37:27,15.16,1407601,928,卖盘
151,09:37:30,15.17,282298,186,中性盘
152,09:37:33,15.17,514483,339,买盘
153,09:37:36,15.18,273064,180,买盘
154,09:37:39,15.16,414038,273,卖盘
155,09:37:42,15.18,135027,89,买盘
156,09:37:45,15.17,19721,13,卖盘
157,09:37:48,15.17,276128,182,卖盘
158,09:37:51,15.17,169904,112,买盘
159,09:37:54,15.17,159328,105,卖盘
160,09:37:57,15.17,151750,100,卖盘
161,09:38:00,15.17,113804,75,卖盘
162,09:38:03,15.17,75883,50,卖盘
163,09:38:06,15.17,597548,394,卖盘
164,09:38:09,15.16,829292,547,卖盘
165,09:38:12,15.17,835851,551,买盘
166,09:38:15,15.16,36398,24,卖盘
167,09:38:18,15.17,1341328,884,卖盘
168,09:38:21,15.18,432614,285,买盘
169,09:38:24,15.18,28849,19,卖盘
170,09:38:27,15.17,927176,611,卖盘
171,09:38:30,15.18,81981,54,中性盘
172,09:38:33,15.18,255164,168,买盘
173,09:38:36,15.19,203466,134,买盘
174,09:38:39,15.19,973161,641,买盘
175,09:38:42,15.18,109359,72,卖盘
176,09:38:45,15.19,168599,111,买盘
177,09:38:48,15.19,31886,21,买盘
178,09:38:51,15.18,182278,120,卖盘
179,09:38:54,15.19,183751,121,买盘
180,09:38:57,15.19,198984,131,买盘
181,09:39:00,15.18,157966,104,卖盘
182,09:39:03,15.18,1738110,1145,卖盘
183,09:39:06,15.17,1984391,1308,卖盘
184,09:39:09,15.17,938584,619,买盘
185,09:39:12,15.16,136454,90,卖盘
186,09:39:15,15.16,1246219,822,卖盘
187,09:39:18,15.15,2325656,1535,卖盘
188,09:39:21,15.15,685000,452,卖盘
189,09:39:24,15.15,160609,106,卖盘
190,09:39:27,15.14,956003,631,卖盘
191,09:39:30,15.15,383210,253,中性盘
192,09:39:33,15.15,292488,193,买盘
193,09:39:36,15.16,244047,161,买盘
194,09:39:39,15.15,778378,514,卖盘
195,09:39:42,15.16,453221,299,买盘
196,09:39:45,15.15,539567,356,中性盘
197,09:39:48,15.15,807060,533,买盘
198,09:39:51,15.16,254503,168,买盘
199,09:39:54,15.15,209080,138,卖盘
200,09:39:57,15.15,427389,282,卖盘
201,09:40:00,15.16,440968,291,买盘
202,09:40:03,15.16,12128,8,买盘
203,09:40:06,15.15,413947,273,卖盘
204,09:40:09,15.18,218476,144,买盘
205,09:40:12,15.17,179052,118,买盘
206,09:40:15,15.18,109275,72,买盘
207,09:40:18,15.18,40942,27,买盘
208,09:40:21,15.17,54598,36,买盘
209,09:40:24,15.17,119802,79,买盘
210,09:40:27,15.15,829177,547,卖盘
211,09:40:30,15.16,489977,323,中性盘
212,09:40:33,15.17,19720,13,买盘
213,09:40:36,15.16,204786,135,卖盘
214,09:40:39,15.15,787852,520,卖盘
215,09:40:42,15.16,1167775,770,买盘
216,09:40:45,15.17,412608,272,买盘
217,09:40:48,15.17,1005264,663,买盘
218,09:40:51,15.17,625282,412,卖盘
219,09:40:54,15.18,130539,86,买盘
220,09:40:57,15.18,352325,232,卖盘
221,09:41:00,15.19,921029,607,买盘
222,09:41:03,15.18,16691,11,买盘
223,09:41:06,15.18,443305,292,买盘
224,09:41:09,15.17,479650,316,卖盘
225,09:41:12,15.16,506623,334,卖盘
226,09:41:15,15.17,238147,157,买盘
227,09:41:18,15.16,537786,355,卖盘
228,09:41:21,15.15,342604,226,卖盘
229,09:41:24,15.16,365353,241,买盘
230,09:41:27,15.15,206160,136,卖盘
231,09:41:30,15.15,186407,123,卖盘
232,09:41:33,15.15,827190,546,卖盘
233,09:41:36,15.16,1084385,715,买盘
234,09:41:39,15.17,45484,30,买盘
235,09:41:42,15.17,617287,407,买盘
236,09:41:45,15.17,101591,67,买盘
237,09:41:48,15.16,257788,170,卖盘
238,09:41:51,15.16,139472,92,买盘
239,09:41:54,15.16,90952,60,买盘
240,09:41:57,15.16,649971,429,买盘
241,09:42:00,15.16,451702,298,买盘
242,09:42:03,15.16,507319,335,买盘
243,09:42:06,15.15,468426,309,卖盘
244,09:42:09,15.14,778408,514,卖盘
245,09:42:12,15.16,226231,149,买盘
246,09:42:15,15.16,581977,384,卖盘
247,09:42:18,15.16,140968,93,买盘
248,09:42:21,15.16,1046922,691,卖盘
249,09:42:24,15.15,137949,91,卖盘
250,09:42:27,15.17,335255,221,买盘
251,09:42:30,15.18,150269,99,买盘
252,09:42:33,15.17,68265,45,卖盘
253,09:42:36,15.17,54612,36,买盘
254,09:42:39,15.17,165287,109,买盘
255,09:42:42,15.18,245745,162,买盘
256,09:42:45,15.18,165462,109,买盘
257,09:42:48,15.18,129032,85,卖盘
258,09:42:51,15.18,763397,503,卖盘
259,09:42:54,15.18,50101,33,卖盘
260,09:42:57,15.18,103230,68,买盘
261,09:43:00,15.18,7590,5,卖盘
262,09:43:03,15.18,239970,158,卖盘
263,09:43:06,15.19,288479,190,买盘
264,09:43:09,15.19,115488,76,中性盘
265,09:43:12,15.21,1693286,1114,买盘
266,09:43:15,15.22,304379,200,买盘
267,09:43:18,15.22,550963,362,卖盘
268,09:43:21,15.21,278330,183,中性盘
269,09:43:24,15.21,149050,98,买盘
270,09:43:27,15.21,196163,129,买盘
271,09:43:30,15.21,876798,577,买盘
272,09:43:33,15.2,62337,41,卖盘
273,09:43:36,15.2,123119,81,买盘
274,09:43:39,15.2,190109,125,卖盘
275,09:43:42,15.21,69963,46,买盘
276,09:43:45,15.21,92781,61,买盘
277,09:43:48,15.2,282842,186,卖盘
278,09:43:51,15.21,173394,114,买盘
279,09:43:54,15.21,1521,1,卖盘
280,09:43:57,15.21,181028,119,卖盘
281,09:44:00,15.21,92777,61,买盘
282,09:44:03,15.21,86697,57,买盘
283,09:44:06,15.2,85162,56,卖盘
284,09:44:09,15.2,88176,58,卖盘
285,09:44:12,15.2,159640,105,卖盘
286,09:44:15,15.2,112470,74,买盘
287,09:44:18,15.2,141252,93,买盘
288,09:44:21,15.2,136799,90,买盘
289,09:44:24,15.21,1521,1,买盘
290,09:44:27,15.21,21292,14,买盘
291,09:44:30,15.21,774953,510,买盘
292,09:44:33,15.2,211356,139,卖盘
293,09:44:36,15.2,165683,109,买盘
294,09:44:39,15.21,63872,42,买盘
295,09:44:42,15.2,767325,505,卖盘
296,09:44:45,15.21,205335,135,买盘
297,09:44:48,15.21,546039,359,卖盘
298,09:44:51,15.21,433448,285,买盘
299,09:44:54,15.21,104955,69,卖盘
300,09:44:57,15.22,232856,153,买盘
301,09:45:00,15.22,22829,15,买盘
302,09:45:03,15.21,65407,43,卖盘
303,09:45:06,15.21,92835,61,卖盘
304,09:45:09,15.21,104950,69,卖盘
305,09:45:12,15.2,71485,47,卖盘
306,09:45:15,15.2,171814,113,卖盘
307,09:45:18,15.19,293299,193,卖盘
308,09:45:21,15.19,192998,127,卖盘
309,09:45:24,15.18,120036,79,卖盘
310,09:45:27,15.19,101825,67,中性盘
311,09:45:30,15.19,100213,66,买盘
312,09:45:33,15.19,77431,51,买盘
313,09:45:36,15.19,69853,46,买盘
314,09:45:39,15.19,30380,20,买盘
315,09:45:42,15.18,842049,555,卖盘
316,09:45:45,15.18,201894,133,买盘
317,09:45:48,15.18,33416,22,卖盘
318,09:45:51,15.17,235260,155,卖盘
319,09:45:54,15.17,81918,54,买盘
320,09:45:57,15.17,195683,129,买盘
321,09:46:00,15.17,69776,46,买盘
322,09:46:03,15.17,81876,54,买盘
323,09:46:06,15.17,83432,55,买盘
324,09:46:09,15.17,1517,1,买盘
325,09:46:12,15.16,39432,26,卖盘
326,09:46:15,15.16,21224,14,卖盘
327,09:46:18,15.15,307753,203,卖盘
328,09:46:21,15.16,277375,183,买盘
329,09:46:24,15.15,210589,139,卖盘
330,09:46:27,15.15,256190,169,卖盘
331,09:46:30,15.16,104576,69,买盘
332,09:46:33,15.16,425826,281,买盘
333,09:46:36,15.16,1068216,705,买盘
334,09:46:39,15.16,543942,359,买盘
335,09:46:42,15.15,588128,388,卖盘
336,09:46:45,15.15,337813,223,买盘
337,09:46:48,15.15,206126,136,卖盘
338,09:46:51,15.15,527331,348,买盘
339,09:46:54,15.17,21229,14,买盘
340,09:46:57,15.15,230527,152,卖盘
341,09:47:00,15.17,116692,77,买盘
342,09:47:03,15.16,80335,53,中性盘
343,09:47:06,15.16,292395,193,买盘
344,09:47:09,15.16,230309,152,买盘
345,09:47:12,15.16,184946,122,买盘
346,09:47:15,15.16,65165,43,买盘
347,09:47:18,15.15,186390,123,卖盘
348,09:47:21,15.16,927093,612,买盘
349,09:47:24,15.16,266745,176,买盘
350,09:47:27,15.15,468395,309,卖盘
351,09:47:30,15.14,966435,638,卖盘
352,09:47:33,15.14,298336,197,卖盘
353,09:47:36,15.16,224215,148,买盘
354,09:47:39,15.15,49995,33,卖盘
355,09:47:42,15.15,75765,50,卖盘
356,09:47:45,15.16,177289,117,买盘
357,09:47:48,15.15,163720,108,卖盘
358,09:47:51,15.15,665101,439,卖盘
359,09:47:54,15.15,321024,212,买盘
360,09:47:57,15.15,203010,134,买盘
361,09:48:00,15.15,37875,25,卖盘
362,09:48:03,15.15,124240,82,卖盘
363,09:48:06,15.15,113677,75,卖盘
364,09:48:09,15.16,224342,148,买盘
365,09:48:12,15.15,109136,72,卖盘
366,09:48:15,15.16,500069,330,买盘
367,09:48:18,15.15,42445,28,卖盘
368,09:48:21,15.16,283431,187,中性盘
369,09:48:24,15.15,159156,105,卖盘
370,09:48:27,15.15,200065,132,卖盘
371,09:48:30,15.14,822618,543,卖盘
372,09:48:33,15.14,222675,147,卖盘
373,09:48:36,15.16,250136,165,买盘
374,09:48:39,15.16,133408,88,卖盘
375,09:48:42,15.15,640960,423,卖盘
376,09:48:45,15.15,222698,147,买盘
377,09:48:48,15.15,171276,113,卖盘
378,09:48:51,15.15,145521,96,卖盘
379,09:48:54,15.15,487830,322,卖盘
380,09:48:57,15.15,75750,50,买盘
381,09:49:00,15.15,90294,60,卖盘
382,09:49:03,15.16,97002,64,买盘
383,09:49:06,15.16,154573,102,买盘
384,09:49:09,15.15,40907,27,卖盘
385,09:49:12,15.15,239409,158,卖盘
386,09:49:15,15.15,53059,35,卖盘
387,09:49:18,15.15,148528,98,卖盘
388,09:49:21,15.15,171265,113,卖盘
389,09:49:24,15.15,253005,167,卖盘
390,09:49:27,15.16,331976,219,买盘
391,09:49:30,15.15,169757,112,卖盘
392,09:49:33,15.15,121248,80,卖盘
393,09:49:36,15.16,210688,139,买盘
394,09:49:39,15.16,1516,1,买盘
395,09:49:42,15.15,786033,519,卖盘
396,09:49:45,15.15,99990,66,买盘
397,09:49:48,15.15,309060,204,卖盘
398,09:49:51,15.15,1025146,677,买盘
399,09:49:54,15.14,598121,395,卖盘
400,09:49:57,15.14,504489,333,卖盘
401,09:50:00,15.14,175637,116,卖盘
402,09:50:03,15.14,405854,268,卖盘
403,09:50:06,15.15,21200,14,买盘
404,09:50:09,15.15,66660,44,买盘
405,09:50:12,15.14,66620,44,卖盘
406,09:50:15,15.14,3091431,2043,卖盘
407,09:50:18,15.14,584174,386,买盘
408,09:50:21,15.12,146732,97,卖盘
409,09:50:24,15.12,226922,150,卖盘
410,09:50:27,15.12,1046351,692,卖盘
411,09:50:30,15.12,31769,21,卖盘
412,09:50:33,15.12,394725,261,卖盘
413,09:50:36,15.12,1223193,809,卖盘
414,09:50:39,15.12,548645,363,买盘
415,09:50:42,15.12,423360,280,买盘
416,09:50:45,15.12,874070,578,卖盘
417,09:50:48,15.11,184405,122,卖盘
418,09:50:51,15.11,1358528,899,卖盘
419,09:50:54,15.11,1515843,1003,卖盘
420,09:50:57,15.12,451987,299,买盘
421,09:51:00,15.1,818480,542,卖盘
422,09:51:03,15.11,943940,625,买盘
423,09:51:06,15.11,134479,89,卖盘
424,09:51:09,15.12,464033,307,买盘
425,09:51:12,15.12,24182,16,买盘
426,09:51:15,15.11,120925,80,卖盘
427,09:51:18,15.11,129946,86,卖盘
428,09:51:21,15.11,52906,35,卖盘
429,09:51:24,15.12,1050149,695,买盘
430,09:51:27,15.1,300780,199,卖盘
431,09:51:30,15.1,468106,310,卖盘
432,09:51:33,15.11,163188,108,买盘
433,09:51:36,15.1,472769,313,卖盘
434,09:51:39,15.11,244779,162,买盘
435,09:51:42,15.1,154029,102,卖盘
436,09:51:45,15.11,110271,73,买盘
437,09:51:48,15.1,591939,392,卖盘
438,09:51:51,15.1,353434,234,卖盘
439,09:51:54,15.1,179690,119,卖盘
440,09:51:57,15.1,235653,156,卖盘
441,09:52:00,15.1,161574,107,卖盘
442,09:52:03,15.1,2026417,1342,卖盘
443,09:52:06,15.11,345799,229,买盘
444,09:52:09,15.1,525173,348,卖盘
445,09:52:12,15.1,879926,583,卖盘
446,09:52:15,15.1,86054,57,买盘
447,09:52:18,15.11,487882,323,买盘
448,09:52:21,15.11,179812,119,卖盘
449,09:52:24,15.11,96757,64,卖盘
450,09:52:27,15.12,74041,49,买盘
451,09:52:30,15.11,75559,50,卖盘
452,09:52:33,15.12,28713,19,买盘
453,09:52:36,15.11,108771,72,卖盘
454,09:52:39,15.11,175288,116,买盘
455,09:52:42,15.11,302179,200,买盘
456,09:52:45,15.11,54396,36,卖盘
457,09:52:48,15.11,113356,75,卖盘
458,09:52:51,15.11,55907,37,卖盘
459,09:52:54,15.11,142052,94,卖盘
460,09:52:57,15.12,90661,60,买盘
461,09:53:00,15.12,388552,257,买盘
462,09:53:03,15.12,87696,58,买盘
463,09:53:06,15.11,287255,190,卖盘
464,09:53:09,15.12,39312,26,卖盘
465,09:53:12,15.11,816055,540,卖盘
466,09:53:15,15.12,21159,14,中性盘
467,09:53:18,15.12,238773,158,买盘
468,09:53:21,15.11,827635,548,卖盘
469,09:53:24,15.12,318753,211,买盘
470,09:53:27,15.11,123857,82,卖盘
471,09:53:30,15.11,176728,117,买盘
472,09:53:33,15.11,211479,140,买盘
473,09:53:36,15.1,99732,66,卖盘
474,09:53:39,15.1,643260,426,卖盘
475,09:53:42,15.11,105770,70,买盘
476,09:53:45,15.1,104190,69,卖盘
477,09:53:48,15.1,311102,206,卖盘
478,09:53:51,15.1,107264,71,卖盘
479,09:53:54,15.11,850693,563,买盘
480,09:53:57,15.11,317400,210,卖盘
481,09:54:00,15.11,228161,151,卖盘
482,09:54:03,15.12,272059,180,买盘
483,09:54:06,15.11,117871,78,卖盘
484,09:54:09,15.11,155728,103,卖盘
485,09:54:12,15.11,89158,59,卖盘
486,09:54:15,15.12,385559,255,买盘
487,09:54:18,15.13,1993574,1319,买盘
488,09:54:21,15.12,828064,548,卖盘
489,09:54:24,15.13,1791994,1185,买盘
490,09:54:27,15.14,334524,221,买盘
491,09:54:30,15.14,87812,58,买盘
492,09:54:33,15.15,846287,559,买盘
493,09:54:36,15.13,179965,119,卖盘
494,09:54:39,15.14,282752,187,买盘
495,09:54:42,15.13,190672,126,卖盘
496,09:54:45,15.14,78728,52,买盘
497,09:54:48,15.15,158958,105,买盘
498,09:54:51,15.13,105967,70,卖盘
499,09:54:54,15.14,213398,141,买盘
500,09:54:57,15.13,105938,70,卖盘
501,09:55:00,15.13,319372,211,卖盘
502,09:55:03,15.13,352527,233,卖盘
503,09:55:06,15.13,152732,101,买盘
504,09:55:09,15.13,320756,212,买盘
505,09:55:12,15.12,96782,64,卖盘
506,09:55:15,15.12,408358,270,卖盘
507,09:55:18,15.13,529474,350,买盘
508,09:55:21,15.12,219350,145,卖盘
509,09:55:24,15.13,474936,314,买盘
510,09:55:27,15.12,180100,119,卖盘
511,09:55:30,15.12,706224,467,卖盘
512,09:55:33,15.12,1142864,756,卖盘
513,09:55:36,15.12,211638,140,卖盘
514,09:55:39,15.13,349369,231,买盘
515,09:55:42,15.12,556642,368,卖盘
516,09:55:45,15.12,402158,266,买盘
517,09:55:48,15.13,201130,133,卖盘
518,09:55:51,15.13,245087,162,买盘
519,09:55:54,15.13,204211,135,买盘
520,09:55:57,15.12,61986,41,买盘
521,09:56:00,15.12,260064,172,买盘
522,09:56:03,15.12,133047,88,买盘
523,09:56:06,15.11,204078,135,卖盘
524,09:56:09,15.13,219304,145,买盘
525,09:56:12,15.12,60480,40,卖盘
526,09:56:15,15.12,184556,122,卖盘
527,09:56:18,15.12,83168,55,卖盘
528,09:56:21,15.12,40824,27,中性盘
529,09:56:24,15.11,129983,86,卖盘
530,09:56:27,15.12,133053,88,买盘
531,09:56:30,15.12,166279,110,买盘
532,09:56:33,15.12,182952,121,买盘
533,09:56:36,15.11,133002,88,卖盘
534,09:56:39,15.11,182935,121,卖盘
535,09:56:42,15.11,826519,547,卖盘
536,09:56:45,15.12,279661,185,买盘
537,09:56:48,15.13,343216,227,买盘
538,09:56:51,15.11,290165,192,卖盘
539,09:56:54,15.11,664795,440,买盘
540,09:56:57,15.1,71016,47,卖盘
541,09:57:00,15.1,299165,198,卖盘
542,09:57:03,15.1,194849,129,卖盘
543,09:57:06,15.11,67983,45,买盘
544,09:57:09,15.11,324717,215,买盘
545,09:57:12,15.11,157144,104,买盘
546,09:57:15,15.12,119448,79,买盘
547,09:57:18,15.12,142184,94,卖盘
548,09:57:21,15.11,216290,143,卖盘
549,09:57:24,15.11,204195,135,卖盘
550,09:57:27,15.12,30226,20,买盘
551,09:57:30,15.11,89185,59,卖盘
552,09:57:33,15.12,52900,35,买盘
553,09:57:36,15.12,1095037,725,买盘
554,09:57:39,15.12,532216,352,买盘
555,09:57:42,15.11,146605,97,卖盘
556,09:57:45,15.12,343066,227,买盘
557,09:57:48,15.13,124022,82,买盘
558,09:57:51,15.12,885584,586,卖盘
559,09:57:54,15.12,477719,316,买盘
560,09:57:57,15.12,376488,249,买盘
561,09:58:00,15.1,619599,410,卖盘
562,09:58:03,15.12,557275,369,买盘
563,09:58:06,15.12,122472,81,卖盘
564,09:58:09,15.12,354014,234,卖盘
565,09:58:12,15.12,72576,48,卖盘
566,09:58:15,15.12,160376,106,卖盘
567,09:58:18,15.13,40838,27,买盘
568,09:58:21,15.13,36312,24,买盘
569,09:58:24,15.12,364395,241,卖盘
570,09:58:27,15.12,104298,69,买盘
571,09:58:30,15.11,291758,193,卖盘
572,09:58:33,15.12,69552,46,买盘
573,09:58:36,15.11,125458,83,卖盘
574,09:58:39,15.12,117936,78,买盘
575,09:58:42,15.11,160243,106,卖盘
576,09:58:45,15.11,139098,92,卖盘
577,09:58:48,15.11,205535,136,卖盘
578,09:58:51,15.11,60456,40,卖盘
579,09:58:54,15.11,578666,383,卖盘
580,09:58:57,15.11,222012,147,买盘
581,09:59:00,15.1,471403,312,卖盘
582,09:59:03,15.12,1126880,746,买盘
583,09:59:06,15.1,2292541,1518,卖盘
584,09:59:09,15.1,2793872,1851,买盘
585,09:59:12,15.09,1723518,1142,卖盘
586,09:59:15,15.11,2077357,1375,买盘
587,09:59:18,15.09,1564151,1036,卖盘
588,09:59:21,15.11,583340,386,中性盘
589,09:59:24,15.12,1522921,1008,买盘
590,09:59:27,15.11,968007,641,买盘
591,09:59:30,15.12,1090174,721,买盘
592,09:59:33,15.11,591817,392,买盘
593,09:59:36,15.11,168915,112,卖盘
594,09:59:39,15.11,743703,492,卖盘
595,09:59:42,15.09,232664,154,卖盘
596,09:59:45,15.1,492772,326,卖盘
597,09:59:48,15.12,554913,367,中性盘
598,09:59:51,15.13,255585,169,买盘
599,09:59:54,15.13,412924,273,买盘
600,09:59:57,15.11,149688,99,卖盘
601,10:00:00,15.12,116381,77,买盘
602,10:00:03,15.1,314357,208,卖盘
603,10:00:06,15.11,142049,94,中性盘
604,10:00:09,15.12,188947,125,买盘
605,10:00:12,15.12,821724,544,卖盘
606,10:00:15,15.11,470116,311,卖盘
607,10:00:18,15.11,430503,285,买盘
608,10:00:21,15.09,1122120,743,卖盘
609,10:00:24,15.11,164647,109,买盘
610,10:00:27,15.12,182874,121,买盘
611,10:00:30,15.13,63540,42,买盘
612,10:00:33,15.12,208733,138,卖盘
613,10:00:36,15.11,107364,71,卖盘
614,10:00:39,15.11,260020,172,卖盘
615,10:00:42,15.12,101296,67,买盘
616,10:00:45,15.12,182946,121,买盘
617,10:00:48,15.12,128483,85,买盘
618,10:00:51,15.12,101304,67,买盘
619,10:00:54,15.13,164904,109,买盘
620,10:00:57,15.13,6052,4,买盘
621,10:01:00,15.13,34799,23,买盘
622,10:01:03,15.13,75650,50,买盘
623,10:01:06,15.13,610852,404,买盘
624,10:01:09,15.13,405475,268,买盘
625,10:01:12,15.13,36306,24,买盘
626,10:01:15,15.13,263187,174,买盘
627,10:01:18,15.12,125500,83,卖盘
628,10:01:21,15.11,887290,587,卖盘
629,10:01:24,15.13,526340,348,买盘
630,10:01:27,15.11,42308,28,卖盘
631,10:01:30,15.13,30243,20,买盘
632,10:01:33,15.11,947641,627,卖盘
633,10:01:36,15.13,297855,197,买盘
634,10:01:39,15.12,459713,304,卖盘
635,10:01:42,15.13,139183,92,买盘
636,10:01:45,15.11,356863,236,卖盘
637,10:01:48,15.12,42336,28,买盘
638,10:01:51,15.13,140658,93,买盘
639,10:01:54,15.13,59003,39,买盘
640,10:01:57,15.13,39338,26,买盘
641,10:02:00,15.12,241978,160,卖盘
642,10:02:03,15.13,284329,188,买盘
643,10:02:06,15.12,42326,28,买盘
644,10:02:09,15.12,42336,28,买盘
645,10:02:12,15.12,66527,44,买盘
646,10:02:15,15.12,39302,26,买盘
647,10:02:18,15.11,30220,20,卖盘
648,10:02:21,15.12,25704,17,买盘
649,10:02:24,15.11,18137,12,卖盘
650,10:02:27,15.12,27216,18,买盘
651,10:02:30,15.11,48352,32,卖盘
652,10:02:33,15.11,773462,512,卖盘
653,10:02:36,15.1,46843,31,卖盘
654,10:02:39,15.11,45330,30,买盘
655,10:02:42,15.1,1050829,696,卖盘
656,10:02:45,15.1,114794,76,卖盘
657,10:02:48,15.09,247636,164,卖盘
658,10:02:51,15.09,21135,14,卖盘
659,10:02:54,15.09,24153,16,卖盘
660,10:02:57,15.09,313901,208,卖盘
661,10:03:00,15.09,692631,459,卖盘
662,10:03:03,15.09,959858,636,卖盘
663,10:03:06,15.1,179549,119,买盘
664,10:03:09,15.1,255180,169,买盘
665,10:03:12,15.09,19629,13,卖盘
666,10:03:15,15.09,238445,158,卖盘
667,10:03:18,15.1,64918,43,买盘
668,10:03:21,15.09,33218,22,卖盘
669,10:03:24,15.1,89075,59,买盘
670,10:03:27,15.1,79980,53,买盘
671,10:03:30,15.1,34730,23,买盘
672,10:03:33,15.1,704742,467,买盘
673,10:03:36,15.09,132865,88,卖盘
674,10:03:39,15.1,107194,71,买盘
675,10:03:42,15.1,787713,522,买盘
676,10:03:45,15.09,310946,206,卖盘
677,10:03:48,15.09,73941,49,买盘
678,10:03:51,15.09,140379,93,卖盘
679,10:03:54,15.09,864156,573,卖盘
680,10:03:57,15.1,288319,191,买盘
681,10:04:00,15.09,84507,56,卖盘
682,10:04:03,15.09,126770,84,卖盘
683,10:04:06,15.1,28679,19,买盘
684,10:04:09,15.08,55821,37,卖盘
685,10:04:12,15.09,140364,93,买盘
686,10:04:15,15.09,180994,120,买盘
687,10:04:18,15.08,25637,17,卖盘
688,10:04:21,15.09,101103,67,买盘
689,10:04:24,15.09,22626,15,买盘
690,10:04:27,15.08,78436,52,卖盘
691,10:04:30,15.09,351597,233,买盘
692,10:04:33,15.08,33184,22,卖盘
693,10:04:36,15.08,165927,110,卖盘
694,10:04:39,15.09,22635,15,买盘
695,10:04:42,15.09,654517,434,买盘
696,10:04:45,15.08,19604,13,卖盘
697,10:04:48,15.08,185550,123,卖盘
698,10:04:51,15.08,36195,24,卖盘
699,10:04:54,15.08,832430,552,卖盘
700,10:04:57,15.08,3901309,2587,卖盘
701,10:05:00,15.08,360342,239,买盘
702,10:05:03,15.07,901207,598,卖盘
703,10:05:06,15.08,366463,243,买盘
704,10:05:09,15.08,208105,138,卖盘
705,10:05:12,15.08,449350,298,卖盘
706,10:05:15,15.08,167388,111,卖盘
707,10:05:18,15.09,560970,372,买盘
708,10:05:21,15.09,202085,134,买盘
709,10:05:24,15.08,24128,16,卖盘
710,10:05:27,15.09,725658,481,买盘
711,10:05:30,15.09,98065,65,买盘
712,10:05:33,15.09,220312,146,买盘
713,10:05:36,15.09,96536,64,买盘
714,10:05:39,15.09,181069,120,买盘
715,10:05:42,15.09,167491,111,买盘
716,10:05:45,15.09,267090,177,买盘
717,10:05:48,15.09,4620245,3065,买盘
718,10:05:51,15.09,98066,65,买盘
719,10:05:54,15.09,407383,270,买盘
720,10:05:57,15.09,463330,307,卖盘
721,10:06:00,15.09,259709,172,卖盘
722,10:06:03,15.1,922092,611,买盘
723,10:06:06,15.1,22650,15,买盘
724,10:06:09,15.09,642834,426,卖盘
725,10:06:12,15.08,851630,565,卖盘
726,10:06:15,15.08,497644,330,买盘
727,10:06:18,15.09,37725,25,买盘
728,10:06:21,15.08,212752,141,卖盘
729,10:06:24,15.09,101098,67,买盘
730,10:06:27,15.08,759907,504,卖盘
731,10:06:30,15.09,140254,93,买盘
732,10:06:33,15.09,70914,47,买盘
733,10:06:36,15.08,78464,52,卖盘
734,10:06:39,15.09,799084,530,买盘
735,10:06:42,15.09,162948,108,买盘
736,10:06:45,15.09,330471,219,买盘
737,10:06:48,15.09,561434,372,买盘
738,10:06:51,15.1,12080,8,买盘
739,10:06:54,15.1,590244,391,买盘
740,10:06:57,15.1,9060,6,买盘
741,10:07:00,15.1,862207,571,买盘
742,10:07:03,15.1,6040,4,买盘
743,10:07:06,15.11,514944,341,买盘
744,10:07:09,15.1,146561,97,中性盘
745,10:07:12,15.1,398655,264,卖盘
746,10:07:15,15.1,383532,254,买盘
747,10:07:18,15.1,375990,249,买盘
748,10:07:21,15.09,454453,301,卖盘
749,10:07:24,15.11,744354,493,买盘
750,10:07:27,15.11,19643,13,买盘
751,10:07:30,15.11,155633,103,买盘
752,10:07:33,15.11,18132,12,卖盘
753,10:07:36,15.11,34771,23,卖盘
754,10:07:39,15.12,51402,34,买盘
755,10:07:42,15.12,36287,24,买盘
756,10:07:45,15.11,805393,533,卖盘
757,10:07:48,15.12,134546,89,买盘
758,10:07:51,15.12,462672,306,买盘
759,10:07:54,15.13,367310,243,买盘
760,10:07:57,15.12,33264,22,卖盘
761,10:08:00,15.12,323730,214,卖盘
762,10:08:03,15.12,114902,76,卖盘
763,10:08:06,15.11,251029,166,卖盘
764,10:08:09,15.12,155730,103,买盘
765,10:08:12,15.12,120954,80,买盘
766,10:08:15,15.12,116419,77,买盘
767,10:08:18,15.11,1511,1,卖盘
768,10:08:21,15.12,142122,94,买盘
769,10:08:24,15.12,780989,517,买盘
770,10:08:27,15.11,187469,124,中性盘
771,10:08:30,15.12,134482,89,买盘
772,10:08:33,15.12,806299,534,买盘
773,10:08:36,15.11,37775,25,卖盘
774,10:08:39,15.11,120880,80,买盘
775,10:08:42,15.11,7555,5,卖盘
776,10:08:45,15.12,21168,14,买盘
777,10:08:48,15.12,65008,43,买盘
778,10:08:51,15.1,306731,203,卖盘
779,10:08:54,15.11,36269,24,买盘
780,10:08:57,15.11,9067,6,卖盘
781,10:09:00,15.12,149682,99,买盘
782,10:09:03,15.11,198042,131,卖盘
783,10:09:06,15.11,34772,23,卖盘
784,10:09:09,15.11,157223,104,卖盘
785,10:09:12,15.11,108848,72,卖盘
786,10:09:15,15.12,169299,112,买盘
787,10:09:18,15.12,57456,38,买盘
788,10:09:21,15.11,592577,392,卖盘
789,10:09:24,15.12,120960,80,买盘
790,10:09:27,15.13,80169,53,买盘
791,10:09:33,15.11,790495,523,卖盘
792,10:09:39,15.12,122472,81,买盘
793,10:09:42,15.11,467151,309,卖盘
794,10:09:45,15.11,264425,175,买盘
795,10:09:48,15.11,39286,26,买盘
796,10:09:51,15.11,101237,67,买盘
797,10:09:54,15.11,139007,92,买盘
798,10:09:57,15.1,39268,26,卖盘
799,10:10:00,15.11,117858,78,买盘
800,10:10:03,15.11,7555,5,买盘
801,10:10:06,15.11,46841,31,买盘
802,10:10:12,15.11,33225,22,买盘
803,10:10:15,15.11,63454,42,买盘
804,10:10:18,15.11,15101,10,买盘
805,10:10:21,15.11,419875,278,买盘
806,10:10:24,15.11,172252,114,买盘
807,10:10:27,15.11,222097,147,买盘
808,10:10:30,15.11,259892,172,买盘
809,10:10:33,15.1,194897,129,卖盘
810,10:10:36,15.11,60440,40,买盘
811,10:10:39,15.11,117858,78,买盘
812,10:10:42,15.1,539154,357,卖盘
813,10:10:45,15.1,217440,144,买盘
814,10:10:48,15.1,51362,34,卖盘
815,10:10:51,15.11,99726,66,买盘
816,10:10:54,15.11,991941,657,买盘
817,10:10:57,15.11,117858,78,买盘
818,10:11:00,15.11,151097,100,买盘
819,10:11:03,15.12,184361,122,买盘
820,10:11:06,15.12,12096,8,买盘
821,10:11:09,15.11,96760,64,卖盘
822,10:11:12,15.11,143607,95,卖盘
823,10:11:15,15.11,107278,71,买盘
824,10:11:18,15.11,200863,133,买盘
825,10:11:21,15.11,55907,37,买盘
826,10:11:24,15.11,119357,79,买盘
827,10:11:27,15.11,16620,11,买盘
828,10:11:30,15.1,57412,38,卖盘
829,10:11:33,15.1,52865,35,卖盘
830,10:11:36,15.1,55898,37,卖盘
831,10:11:39,15.11,67967,45,买盘
832,10:11:42,15.11,24176,16,买盘
833,10:11:45,15.11,104217,69,买盘
834,10:11:48,15.1,406191,269,卖盘
835,10:11:51,15.11,161667,107,买盘
836,10:11:54,15.11,223597,148,买盘
837,10:11:57,15.1,60435,40,卖盘
838,10:12:00,15.11,812014,538,买盘
839,10:12:03,15.11,911623,604,买盘
840,10:12:06,15.11,299177,198,买盘
841,10:12:09,15.11,154122,102,买盘
842,10:12:12,15.1,318816,211,卖盘
843,10:12:15,15.12,191877,127,买盘
844,10:12:18,15.11,101237,67,卖盘
845,10:12:21,15.11,40823,27,卖盘
846,10:12:24,15.12,90720,60,买盘
847,10:12:27,15.12,89153,59,买盘
848,10:12:30,15.11,77061,51,卖盘
849,10:12:33,15.11,16621,11,买盘
850,10:12:36,15.11,57412,38,买盘
851,10:12:39,15.11,60440,40,买盘
852,10:12:42,15.1,240109,159,卖盘
853,10:12:45,15.1,197810,131,买盘
854,10:12:48,15.09,105685,70,卖盘
855,10:12:51,15.1,15100,10,买盘
856,10:12:54,15.1,49830,33,买盘
857,10:12:57,15.1,19630,13,买盘
858,10:13:00,15.1,73990,49,买盘
859,10:13:03,15.1,799358,530,买盘
860,10:13:06,15.1,158549,105,买盘
861,10:13:09,15.11,247626,164,买盘
862,10:13:12,15.09,475506,315,卖盘
863,10:13:15,15.09,381777,253,买盘
864,10:13:18,15.09,556821,369,买盘
865,10:13:21,15.11,67954,45,买盘
866,10:13:24,15.11,42303,28,买盘
867,10:13:27,15.12,68023,45,买盘
868,10:13:30,15.12,123984,82,买盘
869,10:13:33,15.12,16623,11,买盘
870,10:13:36,15.11,24184,16,买盘
871,10:13:39,15.11,22665,15,买盘
872,10:13:42,15.11,33239,22,买盘
873,10:13:45,15.1,31725,21,卖盘
874,10:13:48,15.1,34746,23,卖盘
875,10:13:51,15.1,9064,6,卖盘
876,10:13:54,15.1,34730,23,卖盘
877,10:13:57,15.1,212997,141,卖盘
878,10:14:00,15.1,158629,105,卖盘
879,10:14:03,15.1,1510,1,卖盘
880,10:14:06,15.11,81587,54,买盘
881,10:14:09,15.1,157040,104,卖盘
882,10:14:12,15.09,404434,268,卖盘
883,10:14:15,15.1,603626,400,买盘
884,10:14:18,15.1,185740,123,卖盘
885,10:14:21,15.1,249309,165,卖盘
886,10:14:24,15.09,490468,325,卖盘
887,10:14:27,15.09,46779,31,买盘
888,10:14:30,15.09,369702,245,买盘
889,10:14:33,15.08,22620,15,卖盘
890,10:14:36,15.08,101096,67,卖盘
891,10:14:39,15.09,114684,76,买盘
892,10:14:42,15.08,36195,24,卖盘
893,10:14:45,15.09,54319,36,买盘
894,10:14:48,15.09,60340,40,买盘
895,10:14:51,15.08,98078,65,卖盘
896,10:14:54,15.08,125176,83,卖盘
897,10:14:57,15.09,52815,35,买盘
898,10:15:00,15.09,48288,32,买盘
899,10:15:03,15.09,87469,58,买盘
900,10:15:06,15.09,73939,49,买盘
901,10:15:09,15.09,55826,37,买盘
902,10:15:12,15.08,49785,33,卖盘
903,10:15:15,15.08,52800,35,卖盘
904,10:15:18,15.08,28662,19,卖盘
905,10:15:21,15.08,33194,22,卖盘
906,10:15:24,15.08,836955,555,卖盘
907,10:15:27,15.08,22624,15,卖盘
908,10:15:30,15.09,804247,533,买盘
909,10:15:33,15.07,755331,501,卖盘
910,10:15:36,15.09,424029,281,买盘
911,10:15:39,15.1,372787,247,买盘
912,10:15:42,15.11,220458,146,买盘
913,10:15:45,15.09,229530,152,中性盘
914,10:15:48,15.11,52885,35,买盘
915,10:15:51,15.1,119260,79,买盘
916,10:15:54,15.1,45300,30,买盘
917,10:15:57,15.09,39257,26,卖盘
918,10:16:00,15.09,19617,13,卖盘
919,10:16:06,15.1,15100,10,买盘
920,10:16:09,15.1,389395,258,买盘
921,10:16:12,15.1,107210,71,买盘
922,10:16:15,15.09,261215,173,卖盘
923,10:16:18,15.09,202290,134,卖盘
924,10:16:21,15.1,137410,91,买盘
925,10:16:24,15.09,77028,51,卖盘
926,10:16:27,15.1,31727,21,卖盘
927,10:16:30,15.11,84606,56,买盘
928,10:16:33,15.11,952477,631,买盘
929,10:16:36,15.11,132968,88,买盘
930,10:16:39,15.11,385305,255,卖盘
931,10:16:42,15.1,187282,124,卖盘
932,10:16:45,15.1,279350,185,买盘
933,10:16:48,15.09,218877,145,卖盘
934,10:16:51,15.09,167607,111,卖盘
935,10:16:54,15.1,117775,78,买盘
936,10:16:57,15.09,138898,92,卖盘
937,10:17:00,15.1,363796,241,买盘
938,10:17:03,15.1,21140,14,买盘
939,10:17:06,15.1,1037370,687,买盘
940,10:17:09,15.1,460394,305,买盘
941,10:17:12,15.1,81540,54,卖盘
942,10:17:15,15.1,427503,283,卖盘
943,10:17:21,15.11,170740,113,买盘
944,10:17:24,15.11,81594,54,买盘
945,10:17:27,15.11,31731,21,买盘
946,10:17:30,15.11,78550,52,买盘
947,10:17:33,15.11,92170,61,买盘
948,10:17:36,15.1,144977,96,卖盘
949,10:17:39,15.1,102680,68,买盘
950,10:17:42,15.1,111772,74,卖盘
951,10:17:45,15.11,824038,546,买盘
952,10:17:48,15.1,135989,90,卖盘
953,10:17:51,15.1,441141,292,卖盘
954,10:17:54,15.09,810462,537,卖盘
955,10:17:57,15.1,63402,42,买盘
956,10:18:00,15.11,678123,449,买盘
957,10:18:03,15.09,7545,5,卖盘
958,10:18:06,15.09,579740,384,卖盘
959,10:18:09,15.1,206870,137,买盘
960,10:18:12,15.1,104190,69,买盘
961,10:18:15,15.1,86070,57,买盘
962,10:18:18,15.09,27178,18,卖盘
963,10:18:21,15.1,54354,36,买盘
964,10:18:24,15.1,4530,3,买盘
965,10:18:27,15.1,19627,13,买盘
966,10:18:30,15.09,188625,125,卖盘
967,10:18:33,15.1,92076,61,买盘
968,10:18:36,15.1,149490,99,买盘
969,10:18:39,15.09,31689,21,卖盘
970,10:18:42,15.08,49787,33,卖盘
971,10:18:45,15.09,1509,1,买盘
972,10:18:48,15.09,102612,68,买盘
973,10:18:51,15.09,185574,123,买盘
974,10:18:54,15.09,814360,540,买盘
975,10:18:57,15.09,167499,111,买盘
976,10:19:00,15.09,375692,249,买盘
977,10:19:03,15.07,621136,412,卖盘
978,10:19:06,15.08,465911,309,中性盘
979,10:19:09,15.08,15080,10,卖盘
980,10:19:12,15.08,58812,39,买盘
981,10:19:15,15.07,453613,301,卖盘
982,10:19:18,15.07,10553,7,卖盘
983,10:19:21,15.07,73890,49,卖盘
984,10:19:24,15.08,72341,48,买盘
985,10:19:27,15.07,22615,15,卖盘
986,10:19:30,15.07,46717,31,卖盘
987,10:19:33,15.07,28647,19,卖盘
988,10:19:36,15.07,55761,37,卖盘
989,10:19:39,15.08,25636,17,买盘
990,10:19:42,15.08,174928,116,买盘
991,10:19:45,15.07,1050383,697,卖盘
992,10:19:48,15.08,256283,170,买盘
993,10:19:51,15.08,69353,46,买盘
994,10:19:54,15.07,111556,74,卖盘
995,10:19:57,15.07,15070,10,卖盘
996,10:20:00,15.07,84392,56,卖盘
997,10:20:03,15.06,840630,558,卖盘
998,10:20:06,15.06,88957,59,卖盘
999,10:20:09,15.06,173415,115,卖盘
1000,10:20:12,15.08,91947,61,买盘
1001,10:20:15,15.07,908398,603,卖盘
1002,10:20:18,15.07,28626,19,买盘
1003,10:20:21,15.07,177777,118,买盘
1004,10:20:24,15.07,188368,125,买盘
1005,10:20:27,15.07,99462,66,买盘
1006,10:20:30,15.06,91893,61,卖盘
1007,10:20:33,15.07,28632,19,买盘
1008,10:20:36,15.07,19591,13,买盘
1009,10:20:39,15.07,167217,111,买盘
1010,10:20:42,15.07,34661,23,买盘
1011,10:20:45,15.07,773034,513,买盘
1012,10:20:51,15.08,117624,78,买盘
1013,10:20:54,15.08,13567,9,买盘
1014,10:20:57,15.08,15079,10,买盘
1015,10:21:00,15.07,9043,6,卖盘
1016,10:21:03,15.08,10556,7,买盘
1017,10:21:06,15.08,7540,5,买盘
1018,10:21:09,15.08,60313,40,买盘
1019,10:21:12,15.07,1507,1,卖盘
1020,10:21:15,15.07,792682,526,卖盘
1021,10:21:18,15.07,260766,173,卖盘
1022,10:21:21,15.07,61776,41,买盘
1023,10:21:24,15.07,881253,585,买盘
1024,10:21:27,15.07,10549,7,买盘
1025,10:21:30,15.07,114521,76,买盘
1026,10:21:33,15.07,459620,305,卖盘
1027,10:21:36,15.08,286512,190,买盘
1028,10:21:39,15.07,30140,20,卖盘
1029,10:21:42,15.08,242788,161,买盘
1030,10:21:45,15.09,58845,39,买盘
1031,10:21:48,15.09,13586,9,卖盘
1032,10:21:51,15.09,114741,76,卖盘
1033,10:21:54,15.09,7545,5,卖盘
1034,10:21:57,15.09,212769,141,卖盘
1035,10:22:00,15.09,196170,130,买盘
1036,10:22:03,15.09,4527,3,买盘
1037,10:22:06,15.09,114684,76,买盘
1038,10:22:09,15.09,174946,116,买盘
1039,10:22:12,15.09,310772,206,买盘
1040,10:22:15,15.09,203715,135,买盘
1041,10:22:18,15.09,101103,67,买盘
1042,10:22:21,15.09,162972,108,买盘
1043,10:22:24,15.08,897372,595,卖盘
1044,10:22:27,15.1,536032,355,买盘
1045,10:22:30,15.1,55870,37,买盘
1046,10:22:33,15.08,890109,590,卖盘
1047,10:22:36,15.1,359347,238,中性盘
1048,10:22:39,15.1,36240,24,买盘
1049,10:22:42,15.11,187241,124,买盘
1050,10:22:45,15.1,63435,42,卖盘
1051,10:22:48,15.1,1510,1,卖盘
1052,10:22:51,15.1,146470,97,卖盘
1053,10:22:54,15.1,57380,38,买盘
1054,10:22:57,15.1,255190,169,买盘
1055,10:23:00,15.1,167594,111,买盘
1056,10:23:03,15.1,40774,27,买盘
1057,10:23:06,15.1,111740,74,中性盘
1058,10:23:09,15.09,15090,10,卖盘
1059,10:23:12,15.1,55867,37,买盘
1060,10:23:15,15.1,138863,92,买盘
1061,10:23:18,15.1,95119,63,买盘
1062,10:23:21,15.1,158540,105,买盘
1063,10:23:24,15.09,33218,22,卖盘
1064,10:23:27,15.1,52850,35,买盘
1065,10:23:30,15.1,21140,14,买盘
1066,10:23:33,15.08,277613,184,卖盘
1067,10:23:36,15.1,686404,455,买盘
1068,10:23:39,15.1,57372,38,买盘
1069,10:23:42,15.1,250657,166,买盘
1070,10:23:45,15.1,923239,612,买盘
1071,10:23:48,15.09,12072,8,中性盘
1072,10:23:51,15.09,58851,39,买盘
1073,10:23:54,15.1,18109,12,买盘
1074,10:23:57,15.09,13581,9,卖盘
1075,10:24:03,15.1,234024,155,买盘
1076,10:24:06,15.1,90600,60,买盘
1077,10:24:09,15.1,12080,8,买盘
1078,10:24:12,15.09,57363,38,卖盘
1079,10:24:15,15.1,1510,1,买盘
1080,10:24:18,15.1,401416,266,买盘
1081,10:24:21,15.09,280826,186,卖盘
1082,10:24:24,15.1,22650,15,买盘
1083,10:24:27,15.1,229469,152,买盘
1084,10:24:30,15.1,262660,174,买盘
1085,10:24:33,15.1,13590,9,买盘
1086,10:24:36,15.1,217363,144,买盘
1087,10:24:39,15.1,24149,16,买盘
1088,10:24:42,15.1,123778,82,买盘
1089,10:24:45,15.1,858323,569,买盘
1090,10:24:48,15.1,146453,97,买盘
1091,10:24:51,15.1,360874,239,买盘
1092,10:24:54,15.08,793373,526,卖盘
1093,10:24:57,15.09,363898,241,中性盘
1094,10:25:00,15.1,218806,145,买盘
1095,10:25:03,15.09,70961,47,中性盘
1096,10:25:06,15.09,93553,62,买盘
1097,10:25:09,15.09,12072,8,买盘
1098,10:25:12,15.09,73971,49,卖盘
1099,10:25:15,15.09,86013,57,卖盘
1100,10:25:18,15.09,28685,19,卖盘
1101,10:25:21,15.09,39234,26,买盘
1102,10:25:24,15.08,179593,119,卖盘
1103,10:25:27,15.09,247431,164,中性盘
1104,10:25:30,15.09,211260,140,买盘
1105,10:25:33,15.08,175078,116,卖盘
1106,10:25:36,15.1,157029,104,买盘
1107,10:25:39,15.09,30192,20,卖盘
1108,10:25:42,15.09,69414,46,买盘
1109,10:25:45,15.1,28685,19,买盘
1110,10:25:48,15.09,1509,1,卖盘
1111,10:25:51,15.09,64887,43,买盘
1112,10:25:54,15.08,754000,500,卖盘
1113,10:25:57,15.09,425538,282,买盘
1114,10:26:00,15.09,90540,60,买盘
1115,10:26:03,15.09,89031,59,买盘
1116,10:26:06,15.09,857792,569,买盘
1117,10:26:09,15.08,18096,12,卖盘
1118,10:26:12,15.08,205088,136,买盘
1119,10:26:15,15.08,309140,205,卖盘
1120,10:26:18,15.08,81471,54,卖盘
1121,10:26:21,15.08,75400,50,买盘
1122,10:26:24,15.08,73892,49,卖盘
1123,10:26:27,15.08,120671,80,卖盘
1124,10:26:30,15.08,61818,41,买盘
1125,10:26:33,15.08,39198,26,买盘
1126,10:26:36,15.08,58812,39,买盘
1127,10:26:39,15.09,84444,56,买盘
1128,10:26:42,15.08,111636,74,卖盘
1129,10:26:45,15.08,40713,27,买盘
1130,10:26:48,15.07,10551,7,卖盘
1131,10:26:51,15.08,51272,34,买盘
1132,10:26:54,15.07,24112,16,卖盘
1133,10:26:57,15.08,27144,18,买盘
1134,10:27:00,15.08,10554,7,买盘
1135,10:27:03,15.08,48252,32,买盘
1136,10:27:06,15.08,831906,552,买盘
1137,10:27:09,15.08,34684,23,买盘
1138,10:27:12,15.08,330252,219,买盘
1139,10:27:15,15.07,792719,526,卖盘
1140,10:27:18,15.08,170487,113,中性盘
1141,10:27:21,15.09,357627,237,买盘
1142,10:27:24,15.07,391946,260,卖盘
1143,10:27:27,15.08,164372,109,买盘
1144,10:27:30,15.09,78468,52,买盘
1145,10:27:33,15.09,31674,21,买盘
1146,10:27:36,15.08,93496,62,卖盘
1147,10:27:39,15.08,79893,53,买盘
1148,10:27:42,15.09,322745,214,买盘
1149,10:27:45,15.09,81480,54,买盘
1150,10:27:48,15.07,123716,82,卖盘
1151,10:27:51,15.09,61869,41,买盘
1152,10:27:54,15.08,72384,48,卖盘
1153,10:27:57,15.08,113100,75,买盘
1154,10:28:00,15.08,103984,69,买盘
1155,10:28:03,15.08,42224,28,买盘
1156,10:28:06,15.08,98020,65,买盘
1157,10:28:09,15.09,63338,42,买盘
1158,10:28:12,15.08,101035,67,卖盘
1159,10:28:15,15.08,783660,520,买盘
1160,10:28:18,15.08,233763,155,买盘
1161,10:28:21,15.09,164481,109,买盘
1162,10:28:24,15.07,1123134,745,卖盘
1163,10:28:27,15.07,458675,304,卖盘
1164,10:28:30,15.07,247451,164,卖盘
1165,10:28:33,15.07,149326,99,卖盘
1166,10:28:36,15.08,66342,44,买盘
1167,10:28:39,15.09,15087,10,买盘
1168,10:28:42,15.09,24137,16,买盘
1169,10:28:48,15.08,25647,17,卖盘
1170,10:28:51,15.09,7544,5,买盘
1171,10:28:54,15.08,146276,97,卖盘
1172,10:28:57,15.08,98020,65,买盘
1173,10:29:03,15.08,299912,199,买盘
1174,10:29:06,15.06,248754,165,卖盘
1175,10:29:09,15.08,16581,11,买盘
1176,10:29:12,15.08,93496,62,买盘
1177,10:29:18,15.08,43732,29,买盘
1178,10:29:21,15.08,36206,24,卖盘
1179,10:29:24,15.06,811861,539,卖盘
1180,10:29:27,15.08,220168,146,买盘
1181,10:29:30,15.09,21126,14,买盘
1182,10:29:33,15.1,67925,45,买盘
1183,10:29:36,15.09,808030,536,中性盘
1184,10:29:39,15.09,42250,28,买盘
1185,10:29:42,15.1,478457,317,买盘
1186,10:29:45,15.08,15083,10,中性盘
1187,10:29:48,15.09,188687,125,买盘
1188,10:29:51,15.09,27162,18,买盘
1189,10:29:54,15.09,57330,38,买盘
1190,10:29:57,15.09,92049,61,买盘
1191,10:30:00,15.09,13582,9,卖盘
1192,10:30:03,15.09,61869,41,买盘
1193,10:30:06,15.09,22635,15,卖盘
1194,10:30:09,15.09,24144,16,买盘
1195,10:30:12,15.09,51306,34,买盘
1196,10:30:15,15.09,426823,283,买盘
1197,10:30:18,15.08,159924,106,卖盘
1198,10:30:21,15.09,108648,72,买盘
1199,10:30:24,15.1,51330,34,买盘
1200,10:30:27,15.1,12080,8,买盘
1201,10:30:33,15.09,55840,37,卖盘
1202,10:30:36,15.09,755603,501,卖盘
1203,10:30:39,15.09,3018,2,卖盘
1204,10:30:42,15.09,105630,70,买盘
1205,10:30:45,15.07,752441,499,卖盘
1206,10:30:48,15.08,173503,115,中性盘
1207,10:30:51,15.09,146373,97,买盘
1208,10:30:54,15.1,15093,10,买盘
1209,10:30:57,15.1,39260,26,买盘
1210,10:31:00,15.1,10570,7,买盘
1211,10:31:03,15.1,36240,24,买盘
1212,10:31:06,15.09,54357,36,卖盘
1213,10:31:09,15.09,15099,10,卖盘
1214,10:31:12,15.1,46794,31,买盘
1215,10:31:15,15.09,80021,53,卖盘
1216,10:31:18,15.09,30199,20,卖盘
1217,10:31:24,15.1,45290,30,买盘
1218,10:31:27,15.1,28690,19,买盘
1219,10:31:30,15.1,24156,16,买盘
1220,10:31:33,15.1,159985,106,买盘
1221,10:31:36,15.1,87570,58,买盘
1222,10:31:39,15.1,21131,14,买盘
1223,10:31:42,15.1,224946,149,买盘
1224,10:31:45,15.08,754174,500,卖盘
1225,10:31:48,15.1,190209,126,买盘
1226,10:31:51,15.1,451416,299,买盘
1227,10:31:54,15.08,555032,368,卖盘
1228,10:31:57,15.09,285389,189,中性盘
1229,10:32:00,15.08,752554,499,卖盘
1230,10:32:03,15.09,300489,199,卖盘
1231,10:32:06,15.1,378980,251,买盘
1232,10:32:09,15.1,52850,35,买盘
1233,10:32:12,15.1,182797,121,卖盘
1234,10:32:15,15.11,42308,28,买盘
1235,10:32:18,15.1,69477,46,卖盘
1236,10:32:21,15.1,77010,51,买盘
1237,10:32:24,15.1,6040,4,买盘
1238,10:32:27,15.11,77060,51,买盘
1239,10:32:30,15.11,24174,16,买盘
1240,10:32:33,15.1,271800,180,卖盘
1241,10:32:36,15.1,89090,59,买盘
1242,10:32:39,15.11,102711,68,买盘
1243,10:32:42,15.11,40785,27,买盘
1244,10:32:45,15.1,392610,260,卖盘
1245,10:32:48,15.11,128351,85,买盘
1246,10:32:51,15.11,222117,147,买盘
1247,10:32:54,15.11,63455,42,买盘
1248,10:32:57,15.11,828719,549,买盘
1249,10:33:00,15.11,173758,115,买盘
1250,10:33:03,15.11,324859,215,买盘
1251,10:33:06,15.11,867984,575,买盘
1252,10:33:09,15.11,243267,161,买盘
1253,10:33:12,15.11,380772,252,买盘
1254,10:33:15,15.11,126917,84,买盘
1255,10:33:18,15.12,184362,122,买盘
1256,10:33:21,15.12,99792,66,买盘
1257,10:33:24,15.11,16629,11,卖盘
1258,10:33:27,15.12,45360,30,买盘
1259,10:33:30,15.12,19656,13,买盘
1260,10:33:33,15.12,43848,29,买盘
1261,10:33:36,15.12,45359,30,买盘
1262,10:33:39,15.12,86156,57,买盘
1263,10:33:42,15.12,249335,165,买盘
1264,10:33:45,15.11,102748,68,卖盘
1265,10:33:48,15.12,238893,158,买盘
1266,10:33:51,15.12,51401,34,买盘
1267,10:33:54,15.12,54429,36,买盘
1268,10:33:57,15.11,317310,210,卖盘
1269,10:34:00,15.12,105799,70,买盘
1270,10:34:03,15.12,139097,92,买盘
1271,10:34:06,15.11,842793,558,卖盘
1272,10:34:09,15.11,13599,9,买盘
1273,10:34:12,15.11,274995,182,买盘
1274,10:34:15,15.1,788549,522,卖盘
1275,10:34:18,15.1,1050828,696,买盘
1276,10:34:21,15.1,668899,443,买盘
1277,10:34:24,15.09,31695,21,卖盘
1278,10:34:27,15.1,294442,195,买盘
1279,10:34:30,15.1,107210,71,买盘
1280,10:34:33,15.1,164590,109,买盘
1281,10:34:36,15.1,107210,71,买盘
1282,10:34:39,15.09,10563,7,卖盘
1283,10:34:42,15.1,236943,157,买盘
1284,10:34:45,15.09,132873,88,卖盘
1285,10:34:48,15.1,101167,67,买盘
1286,10:34:51,15.1,73990,49,买盘
1287,10:35:00,15.1,1510,1,买盘
1288,10:35:06,15.09,22635,15,卖盘
1289,10:35:09,15.09,60360,40,卖盘
1290,10:35:12,15.1,40770,27,买盘
1291,10:35:15,15.08,790280,524,卖盘
1292,10:35:18,15.09,467996,310,卖盘
1293,10:35:21,15.09,217296,144,买盘
1294,10:35:24,15.1,10569,7,买盘
1295,10:35:27,15.1,853879,566,买盘
1296,10:35:30,15.09,1509,1,卖盘
1297,10:35:33,15.1,95130,63,买盘
1298,10:35:36,15.1,10570,7,卖盘
1299,10:35:39,15.1,110253,73,卖盘
1300,10:35:42,15.11,235561,156,买盘
1301,10:35:45,15.11,30217,20,买盘
1302,10:35:48,15.11,119368,79,买盘
1303,10:35:51,15.11,27198,18,买盘
1304,10:35:54,15.11,21154,14,买盘
1305,10:35:57,15.11,25679,17,买盘
1306,10:36:00,15.1,93620,62,卖盘
1307,10:36:06,15.1,93620,62,买盘
1308,10:36:09,15.09,179584,119,卖盘
1309,10:36:12,15.09,25653,17,买盘
1310,10:36:15,15.1,48320,32,买盘
1311,10:36:18,15.1,51340,34,买盘
1312,10:36:21,15.1,58890,39,买盘
1313,10:36:24,15.1,19642,13,卖盘
1314,10:36:27,15.09,769613,510,卖盘
1315,10:36:30,15.11,120871,80,买盘
1316,10:36:33,15.11,326368,216,买盘
1317,10:36:36,15.1,973555,645,卖盘
1318,10:36:42,15.11,359618,238,买盘
1319,10:36:45,15.1,122390,81,卖盘
1320,10:36:48,15.11,129946,86,买盘
1321,10:36:51,15.11,113322,75,买盘
1322,10:36:54,15.11,3022,2,买盘
1323,10:36:57,15.12,58958,39,买盘
1324,10:37:00,15.12,15120,10,买盘
1325,10:37:03,15.12,22680,15,买盘
1326,10:37:06,15.11,166211,110,卖盘
1327,10:37:09,15.12,27216,18,买盘
1328,10:37:12,15.12,54432,36,买盘
1329,10:37:18,15.11,36263,24,卖盘
1330,10:37:21,15.11,3022,2,卖盘
1331,10:37:24,15.12,9071,6,买盘
1332,10:37:27,15.11,13599,9,卖盘
1333,10:37:30,15.11,18132,12,买盘
1334,10:37:33,15.11,21154,14,买盘
1335,10:37:36,15.09,754684,500,卖盘
1336,10:37:39,15.11,114836,76,买盘
1337,10:37:42,15.11,219091,145,买盘
1338,10:37:45,15.09,638575,423,卖盘
1339,10:37:48,15.09,316905,210,买盘
1340,10:37:51,15.1,61910,41,买盘
1341,10:37:57,15.11,96672,64,买盘
1342,10:38:00,15.1,1510,1,卖盘
1343,10:38:03,15.11,1511,1,买盘
1344,10:38:09,15.11,6044,4,买盘
1345,10:38:12,15.1,205360,136,卖盘
1346,10:38:15,15.1,12080,8,买盘
1347,10:38:18,15.1,87580,58,买盘
1348,10:38:21,15.1,64930,43,买盘
1349,10:38:24,15.09,161463,107,卖盘
1350,10:38:27,15.09,84551,56,卖盘
1351,10:38:30,15.1,906000,600,买盘
1352,10:38:33,15.1,726310,481,买盘
1353,10:38:36,15.1,184211,122,买盘
1354,10:38:39,15.09,3018,2,卖盘
1355,10:38:42,15.1,3020,2,买盘
1356,10:38:45,15.1,67950,45,买盘
1357,10:38:48,15.11,758019,502,买盘
1358,10:38:51,15.11,151100,100,买盘
1359,10:38:54,15.1,46821,31,卖盘
1360,10:38:57,15.11,821071,544,买盘
1361,10:39:00,15.1,145045,96,中性盘
1362,10:39:06,15.09,25663,17,卖盘
1363,10:39:15,15.09,3018,2,卖盘
1364,10:39:18,15.1,43790,29,买盘
1365,10:39:21,15.1,69460,46,买盘
1366,10:39:24,15.1,1510,1,卖盘
1367,10:39:27,15.11,28702,19,买盘
1368,10:39:30,15.11,4533,3,买盘
1369,10:39:33,15.1,1510,1,卖盘
1370,10:39:36,15.11,3022,2,买盘
1371,10:39:39,15.1,9060,6,卖盘
1372,10:39:42,15.11,3022,2,买盘
1373,10:39:45,15.1,86072,57,卖盘
1374,10:39:48,15.1,48340,32,卖盘
1375,10:39:51,15.1,30200,20,买盘
1376,10:39:54,15.1,4530,3,卖盘
1377,10:39:57,15.09,768128,509,卖盘
1378,10:40:00,15.1,155530,103,中性盘
1379,10:40:03,15.1,137410,91,买盘
1380,10:40:06,15.08,760085,504,卖盘
1381,10:40:09,15.09,129851,86,中性盘
1382,10:40:12,15.09,10558,7,买盘
1383,10:40:15,15.09,10563,7,买盘
1384,10:40:18,15.09,6036,4,卖盘
1385,10:40:24,15.09,63410,42,卖盘
1386,10:40:27,15.09,16599,11,卖盘
1387,10:40:30,15.09,72432,48,卖盘
1388,10:40:33,15.09,63378,42,买盘
1389,10:40:36,15.09,31689,21,卖盘
1390,10:40:39,15.09,33198,22,卖盘
1391,10:40:42,15.09,39247,26,卖盘
1392,10:40:45,15.09,33198,22,卖盘
1393,10:40:48,15.09,40743,27,卖盘
1394,10:40:51,15.09,46793,31,卖盘
1395,10:40:54,15.09,12072,8,卖盘
1396,10:40:57,15.09,104121,69,卖盘
1397,10:41:00,15.09,34707,23,买盘
1398,10:41:03,15.09,33191,22,买盘
1399,10:41:06,15.09,815861,541,买盘
1400,10:41:09,15.08,239772,159,卖盘
1401,10:41:12,15.08,220200,146,卖盘
1402,10:41:15,15.08,34684,23,卖盘
1403,10:41:18,15.07,922573,612,卖盘
1404,10:41:21,15.07,194403,129,卖盘
1405,10:41:24,15.08,211100,140,买盘
1406,10:41:27,15.07,22605,15,卖盘
1407,10:41:30,15.07,49732,33,卖盘
1408,10:41:33,15.07,73881,49,卖盘
1409,10:41:36,15.07,9042,6,卖盘
1410,10:41:39,15.07,16586,11,卖盘
1411,10:41:42,15.07,31657,21,卖盘
1412,10:41:45,15.07,30140,20,卖盘
1413,10:41:48,15.07,37685,25,卖盘
1414,10:41:54,15.07,6028,4,卖盘
1415,10:41:57,15.08,48234,32,买盘
1416,10:42:00,15.07,28648,19,卖盘
1417,10:42:03,15.07,52756,35,卖盘
1418,10:42:06,15.08,37692,25,买盘
1419,10:42:09,15.08,176436,117,买盘
1420,10:42:12,15.08,256325,170,买盘
1421,10:42:15,15.07,141713,94,卖盘
1422,10:42:18,15.08,1053432,699,买盘
1423,10:42:21,15.07,747766,496,卖盘
1424,10:42:24,15.07,260775,173,卖盘
1425,10:42:27,15.08,1222477,811,买盘
1426,10:42:30,15.07,226054,150,卖盘
1427,10:42:33,15.08,767430,509,买盘
1428,10:42:36,15.07,832749,552,卖盘
1429,10:42:39,15.08,15080,10,卖盘
1430,10:42:42,15.08,224692,149,买盘
1431,10:42:45,15.08,188500,125,卖盘
1432,10:42:48,15.08,96496,64,买盘
1433,10:42:51,15.08,94993,63,买盘
1434,10:42:54,15.07,102554,68,卖盘
1435,10:42:57,15.08,174946,116,中性盘
1436,10:43:00,15.08,66344,44,买盘
1437,10:43:03,15.07,162830,108,卖盘
1438,10:43:06,15.08,64842,43,买盘
1439,10:43:09,15.09,6036,4,买盘
1440,10:43:12,15.09,55833,37,买盘
1441,10:43:15,15.09,30180,20,买盘
1442,10:43:18,15.09,168914,112,买盘
1443,10:43:21,15.09,95063,63,买盘
1444,10:43:24,15.08,69377,46,卖盘
1445,10:43:27,15.08,825950,548,卖盘
1446,10:43:30,15.07,60290,40,卖盘
1447,10:43:33,15.08,60321,40,卖盘
1448,10:43:36,15.07,808113,536,卖盘
1449,10:43:39,15.08,72412,48,中性盘
1450,10:43:42,15.09,334983,222,买盘
1451,10:43:45,15.09,116193,77,卖盘
1452,10:43:48,15.09,173522,115,买盘
1453,10:43:51,15.09,171981,114,买盘
1454,10:43:54,15.09,137312,91,买盘
1455,10:43:57,15.09,98085,65,买盘
1456,10:44:03,15.09,96574,64,买盘
1457,10:44:09,15.09,19617,13,买盘
1458,10:44:12,15.09,6036,4,买盘
1459,10:44:18,15.08,236770,157,卖盘
1460,10:44:21,15.08,102537,68,买盘
1461,10:44:24,15.08,84448,56,买盘
1462,10:44:27,15.08,10556,7,买盘
1463,10:44:33,15.08,90480,60,买盘
1464,10:44:36,15.07,880172,584,卖盘
1465,10:44:39,15.08,64844,43,买盘
1466,10:44:42,15.08,446368,296,买盘
1467,10:44:45,15.07,69328,46,卖盘
1468,10:44:48,15.08,972146,645,买盘
1469,10:44:51,15.08,556305,369,买盘
1470,10:44:54,15.08,363337,241,买盘
1471,10:44:57,15.08,318181,211,买盘
1472,10:45:00,15.08,13572,9,卖盘
1473,10:45:03,15.09,143355,95,买盘
1474,10:45:06,15.09,27162,18,买盘
1475,10:45:09,15.09,42252,28,买盘
1476,10:45:12,15.09,57356,38,卖盘
1477,10:45:15,15.1,22646,15,买盘
1478,10:45:18,15.09,99636,66,卖盘
1479,10:45:21,15.09,15090,10,买盘
1480,10:45:24,15.09,54324,36,买盘
1481,10:45:27,15.08,43758,29,卖盘
1482,10:45:30,15.09,18108,12,买盘
1483,10:45:33,15.09,28671,19,买盘
1484,10:45:36,15.09,55833,37,买盘
1485,10:45:39,15.09,66396,44,买盘
1486,10:45:42,15.09,37725,25,买盘
1487,10:45:45,15.08,61848,41,卖盘
1488,10:45:48,15.07,753719,500,卖盘
1489,10:45:51,15.09,334989,222,买盘
1490,10:45:54,15.09,52815,35,卖盘
1491,10:45:57,15.08,387611,257,卖盘
1492,10:46:00,15.08,88972,59,买盘
1493,10:46:03,15.08,295568,196,买盘
1494,10:46:06,15.09,322884,214,买盘
1495,10:46:09,15.09,9054,6,卖盘
1496,10:46:12,15.09,81463,54,买盘
1497,10:46:15,15.09,34710,23,卖盘
1498,10:46:18,15.09,116224,77,卖盘
1499,10:46:21,15.09,131275,87,买盘
1500,10:46:24,15.08,21112,14,卖盘
1501,10:46:27,15.09,120720,80,买盘
1502,10:46:30,15.09,24144,16,卖盘
1503,10:46:33,15.09,49801,33,买盘
1504,10:46:36,15.09,49797,33,卖盘
1505,10:46:39,15.08,190008,126,卖盘
1506,10:46:42,15.08,182581,121,卖盘
1507,10:46:45,15.08,27154,18,卖盘
1508,10:46:48,15.08,96569,64,卖盘
1509,10:46:51,15.09,126749,84,买盘
1510,10:46:54,15.08,9048,6,卖盘
1511,10:46:57,15.08,830934,551,卖盘
1512,10:47:00,15.08,179452,119,卖盘
1513,10:47:03,15.08,340958,226,买盘
1514,10:47:06,15.09,919579,610,买盘
1515,10:47:09,15.08,205193,136,中性盘
1516,10:47:12,15.09,193025,128,买盘
1517,10:47:15,15.1,64890,43,买盘
1518,10:47:18,15.08,10561,7,卖盘
1519,10:47:21,15.09,76943,51,买盘
1520,10:47:24,15.1,108715,72,买盘
1521,10:47:27,15.1,89075,59,买盘
1522,10:47:30,15.1,1510,1,买盘
1523,10:47:33,15.1,73990,49,买盘
1524,10:47:39,15.1,21139,14,买盘
1525,10:47:42,15.1,4530,3,买盘
1526,10:47:45,15.1,18120,12,买盘
1527,10:47:48,15.09,39239,26,卖盘
1528,10:47:51,15.1,66412,44,买盘
1529,10:47:54,15.09,49820,33,卖盘
1530,10:47:57,15.1,93620,62,买盘
1531,10:48:00,15.09,28685,19,卖盘
1532,10:48:03,15.1,9060,6,买盘
1533,10:48:06,15.08,825103,547,卖盘
1534,10:48:09,15.1,126840,84,买盘
1535,10:48:12,15.11,282509,187,买盘
1536,10:48:15,15.09,157076,104,卖盘
1537,10:48:18,15.09,239958,159,卖盘
1538,10:48:21,15.09,350057,232,买盘
1539,10:48:24,15.08,73893,49,卖盘
1540,10:48:27,15.08,363595,241,卖盘
1541,10:48:30,15.08,34694,23,卖盘
1542,10:48:33,15.08,233851,155,卖盘
1543,10:48:36,15.08,42226,28,卖盘
1544,10:48:39,15.08,9050,6,卖盘
1545,10:48:42,15.09,102597,68,买盘
1546,10:48:45,15.08,82941,55,卖盘
1547,10:48:48,15.09,126746,84,买盘
1548,10:48:51,15.09,70923,47,买盘
1549,10:48:54,15.09,34707,23,买盘
1550,10:48:57,15.1,27176,18,买盘
1551,10:49:00,15.1,3020,2,买盘
1552,10:49:03,15.1,39256,26,买盘
1553,10:49:06,15.09,31694,21,卖盘
1554,10:49:09,15.09,58862,39,卖盘
1555,10:49:12,15.09,175036,116,买盘
1556,10:49:15,15.09,113175,75,卖盘
1557,10:49:18,15.09,811374,538,买盘
1558,10:49:21,15.1,276327,183,买盘
1559,10:49:24,15.09,248997,165,卖盘
1560,10:49:27,15.09,494952,328,买盘
1561,10:49:30,15.09,265478,176,买盘
1562,10:49:33,15.09,322892,214,买盘
1563,10:49:36,15.09,273060,181,买盘
1564,10:49:39,15.08,33196,22,卖盘
1565,10:49:42,15.09,119211,79,买盘
1566,10:49:45,15.09,25653,17,买盘
1567,10:49:48,15.09,188525,125,买盘
1568,10:49:51,15.09,54324,36,买盘
1569,10:49:54,15.09,43757,29,买盘
1570,10:49:57,15.09,36216,24,买盘
1571,10:50:00,15.09,36212,24,买盘
1572,10:50:03,15.08,102606,68,卖盘
1573,10:50:06,15.09,81486,54,买盘
1574,10:50:09,15.09,24144,16,买盘
1575,10:50:12,15.08,73933,49,卖盘
1576,10:50:15,15.09,61849,41,买盘
1577,10:50:18,15.09,24144,16,买盘
1578,10:50:21,15.09,58848,39,买盘
1579,10:50:24,15.08,91993,61,卖盘
1580,10:50:27,15.08,787194,522,卖盘
1581,10:50:30,15.07,30158,20,卖盘
1582,10:50:33,15.09,43735,29,买盘
1583,10:50:36,15.07,786923,522,卖盘
1584,10:50:39,15.09,140293,93,买盘
1585,10:50:42,15.09,454089,301,买盘
1586,10:50:45,15.09,128229,85,买盘
1587,10:50:48,15.08,226334,150,卖盘
1588,10:50:51,15.09,79977,53,买盘
1589,10:50:57,15.09,75450,50,买盘
1590,10:51:00,15.09,120664,80,买盘
1591,10:51:03,15.09,66395,44,买盘
1592,10:51:06,15.09,87522,58,买盘
1593,10:51:09,15.08,12069,8,卖盘
1594,10:51:12,15.09,122229,81,买盘
1595,10:51:15,15.09,39234,26,买盘
1596,10:51:18,15.1,27180,18,买盘
1597,10:51:21,15.1,3020,2,买盘
1598,10:51:24,15.1,13586,9,买盘
1599,10:51:27,15.1,21140,14,买盘
1600,10:51:30,15.1,19630,13,买盘
1601,10:51:36,15.09,1509,1,卖盘
1602,10:51:39,15.09,900406,597,卖盘
1603,10:51:42,15.09,202180,134,买盘
1604,10:51:45,15.09,90564,60,卖盘
1605,10:51:48,15.08,547599,363,卖盘
1606,10:51:51,15.08,242773,161,买盘
1607,10:51:54,15.07,81394,54,卖盘
1608,10:51:57,15.07,167360,111,卖盘
1609,10:52:00,15.08,195995,130,买盘
1610,10:52:03,15.08,92037,61,卖盘
1611,10:52:06,15.08,180960,120,卖盘
1612,10:52:09,15.07,63322,42,卖盘
1613,10:52:12,15.08,87440,58,买盘
1614,10:52:15,15.08,102521,68,买盘
1615,10:52:18,15.07,46738,31,卖盘
1616,10:52:21,15.07,43721,29,卖盘
1617,10:52:24,15.07,19591,13,卖盘
1618,10:52:27,15.07,79911,53,卖盘
1619,10:52:30,15.08,185484,123,买盘
1620,10:52:33,15.08,73891,49,买盘
1621,10:52:36,15.08,69368,46,卖盘
1622,10:52:39,15.08,99528,66,卖盘
1623,10:52:42,15.08,39198,26,买盘
1624,10:52:45,15.07,87430,58,卖盘
1625,10:52:48,15.08,881663,585,买盘
1626,10:52:51,15.09,321389,213,买盘
1627,10:52:54,15.09,46780,31,卖盘
1628,10:52:57,15.08,274673,182,卖盘
1629,10:53:00,15.08,212602,141,买盘
1630,10:53:03,15.08,461452,306,买盘
1631,10:53:06,15.09,233858,155,买盘
1632,10:53:09,15.08,203647,135,卖盘
1633,10:53:12,15.1,209862,139,买盘
1634,10:53:15,15.09,61860,41,买盘
1635,10:53:18,15.09,63359,42,买盘
1636,10:53:21,15.1,39254,26,买盘
1637,10:53:24,15.1,51322,34,买盘
1638,10:53:27,15.09,51332,34,卖盘
1639,10:53:30,15.1,33219,22,买盘
1640,10:53:33,15.1,43781,29,买盘
1641,10:53:36,15.09,146315,97,卖盘
1642,10:53:39,15.09,179544,119,买盘
1643,10:53:42,15.09,144861,96,买盘
1644,10:53:45,15.08,40719,27,卖盘
1645,10:53:48,15.08,76952,51,卖盘
1646,10:53:51,15.09,96556,64,买盘
1647,10:53:54,15.08,70902,47,卖盘
1648,10:53:57,15.09,824458,547,买盘
1649,10:54:00,15.08,223227,148,中性盘
1650,10:54:03,15.08,25636,17,买盘
1651,10:54:06,15.08,19604,13,卖盘
1652,10:54:09,15.08,821608,545,卖盘
1653,10:54:12,15.09,289706,192,买盘
1654,10:54:15,15.08,387915,257,买盘
1655,10:54:18,15.08,154000,102,卖盘
1656,10:54:21,15.09,153909,102,买盘
1657,10:54:24,15.09,156974,104,卖盘
1658,10:54:27,15.1,101165,67,买盘
1659,10:54:30,15.1,21136,14,买盘
1660,10:54:33,15.1,46810,31,买盘
1661,10:54:36,15.09,24144,16,卖盘
1662,10:54:39,15.09,48288,32,买盘
1663,10:54:42,15.09,135803,90,买盘
1664,10:54:45,15.09,12072,8,买盘
1665,10:54:48,15.09,101103,67,买盘
1666,10:54:51,15.1,31704,21,买盘
1667,10:54:54,15.09,138850,92,卖盘
1668,10:54:57,15.1,46807,31,买盘
1669,10:55:00,15.1,40770,27,买盘
1670,10:55:03,15.09,48319,32,卖盘
1671,10:55:06,15.09,73941,49,卖盘
1672,10:55:09,15.08,355898,236,卖盘
1673,10:55:12,15.08,239758,159,买盘
1674,10:55:15,15.07,220053,146,卖盘
1675,10:55:18,15.08,1000813,664,买盘
1676,10:55:21,15.08,480957,319,买盘
1677,10:55:24,15.08,88972,59,买盘
1678,10:55:27,15.08,241417,160,卖盘
1679,10:55:30,15.08,4526,3,卖盘
1680,10:55:33,15.09,129754,86,买盘
1681,10:55:36,15.09,21126,14,买盘
1682,10:55:39,15.09,48288,32,买盘
1683,10:55:42,15.09,48288,32,买盘
1684,10:55:45,15.09,27162,18,买盘
1685,10:55:48,15.08,49793,33,卖盘
1686,10:55:51,15.09,3018,2,买盘
1687,10:55:54,15.09,22635,15,买盘
1688,10:55:57,15.09,24144,16,买盘
1689,10:56:00,15.08,18099,12,卖盘
1690,10:56:03,15.09,19613,13,买盘
1691,10:56:06,15.08,113100,75,卖盘
1692,10:56:09,15.08,67860,45,买盘
1693,10:56:12,15.08,91987,61,买盘
1694,10:56:15,15.07,143257,95,卖盘
1695,10:56:18,15.08,777752,516,买盘
1696,10:56:21,15.07,54279,36,卖盘
1697,10:56:24,15.08,171920,114,买盘
1698,10:56:27,15.07,253299,168,卖盘
1699,10:56:30,15.08,748999,497,买盘
1700,10:56:33,15.08,497728,330,卖盘
1701,10:56:36,15.07,275854,183,中性盘
1702,10:56:39,15.06,192939,128,卖盘
1703,10:56:42,15.09,214266,142,买盘
1704,10:56:45,15.06,30127,20,卖盘
1705,10:56:48,15.08,43732,29,买盘
1706,10:56:51,15.07,73870,49,卖盘
1707,10:56:54,15.06,52725,35,卖盘
1708,10:56:57,15.07,179330,119,买盘
1709,10:57:00,15.07,138608,92,买盘
1710,10:57:03,15.06,167263,111,卖盘
1711,10:57:06,15.06,70812,47,卖盘
1712,10:57:09,15.06,34656,23,卖盘
1713,10:57:12,15.07,1099568,729,买盘
1714,10:57:15,15.07,155221,103,卖盘
1715,10:57:18,15.08,162864,108,买盘
1716,10:57:21,15.08,244296,162,卖盘
1717,10:57:24,15.09,84495,56,买盘
1718,10:57:27,15.07,890940,591,卖盘
1719,10:57:30,15.08,141683,94,中性盘
1720,10:57:33,15.08,248818,165,买盘
1721,10:57:36,15.08,64844,43,卖盘
1722,10:57:39,15.07,592362,393,卖盘
1723,10:57:42,15.07,373622,248,买盘
1724,10:57:45,15.07,176297,117,买盘
1725,10:57:48,15.07,153663,102,买盘
1726,10:57:51,15.07,52745,35,卖盘
1727,10:57:54,15.07,191425,127,卖盘
1728,10:57:57,15.08,149271,99,买盘
1729,10:58:00,15.08,64837,43,买盘
1730,10:58:03,15.07,48240,32,卖盘
1731,10:58:06,15.07,45210,30,卖盘
1732,10:58:09,15.07,104031,69,卖盘
1733,10:58:12,15.07,94977,63,卖盘
1734,10:58:15,15.07,21098,14,卖盘
1735,10:58:18,15.08,75387,50,买盘
1736,10:58:24,15.08,4524,3,买盘
1737,10:58:27,15.07,51240,34,卖盘
1738,10:58:30,15.08,1602466,1062,买盘
1739,10:58:33,15.07,589496,391,卖盘
1740,10:58:36,15.06,388711,258,卖盘
1741,10:58:39,15.07,1085989,721,买盘
1742,10:58:42,15.07,492577,327,买盘
1743,10:58:45,15.07,272818,181,卖盘
1744,10:58:48,15.07,858491,570,买盘
1745,10:58:51,15.06,357056,237,卖盘
1746,10:58:54,15.07,262185,174,买盘
1747,10:58:57,15.07,119109,79,卖盘
1748,10:59:00,15.08,1508,1,买盘
1749,10:59:03,15.08,22620,15,买盘
1750,10:59:06,15.08,78415,52,买盘
1751,10:59:09,15.08,43732,29,买盘
1752,10:59:12,15.08,36192,24,买盘
1753,10:59:15,15.07,24125,16,卖盘
1754,10:59:18,15.07,54263,36,卖盘
1755,10:59:21,15.08,13565,9,买盘
1756,10:59:24,15.07,177844,118,卖盘
1757,10:59:27,15.08,22610,15,买盘
1758,10:59:30,15.08,78401,52,买盘
1759,10:59:33,15.07,122079,81,卖盘
1760,10:59:36,15.07,135668,90,卖盘
1761,10:59:39,15.07,70830,47,卖盘
1762,10:59:42,15.07,97993,65,卖盘
1763,10:59:45,15.08,34670,23,买盘
1764,10:59:48,15.06,884290,587,卖盘
1765,10:59:51,15.08,259078,172,买盘
1766,10:59:54,15.07,268363,178,中性盘
1767,10:59:57,15.06,784650,521,卖盘
1768,11:00:00,15.08,156819,104,买盘
1769,11:00:03,15.07,45201,30,买盘
1770,11:00:06,15.07,51238,34,买盘
1771,11:00:09,15.07,70822,47,买盘
1772,11:00:12,15.07,79868,53,买盘
1773,11:00:15,15.07,40687,27,买盘
1774,11:00:18,15.07,34661,23,买盘
1775,11:00:21,15.07,584716,388,买盘
1776,11:00:24,15.08,123656,82,买盘
1777,11:00:27,15.08,250323,166,买盘
1778,11:00:30,15.07,49750,33,卖盘
1779,11:00:33,15.08,149282,99,买盘
1780,11:00:36,15.07,311959,207,卖盘
1781,11:00:39,15.07,235157,156,卖盘
1782,11:00:42,15.07,233707,155,卖盘
1783,11:00:45,15.08,232204,154,买盘
1784,11:00:48,15.07,170402,113,卖盘
1785,11:00:51,15.07,22606,15,卖盘
1786,11:00:54,15.08,147784,98,买盘
1787,11:00:57,15.07,171874,114,卖盘
1788,11:01:00,15.08,825914,548,买盘
1789,11:01:03,15.08,346832,230,买盘
1790,11:01:06,15.08,186992,124,买盘
1791,11:01:09,15.07,904428,600,卖盘
1792,11:01:12,15.08,514541,341,卖盘
1793,11:01:15,15.08,107068,71,卖盘
1794,11:01:18,15.08,333422,221,卖盘
1795,11:01:21,15.08,75362,50,买盘
1796,11:01:24,15.07,185480,123,卖盘
1797,11:01:27,15.08,241168,160,买盘
1798,11:01:30,15.08,119132,79,买盘
1799,11:01:33,15.08,119132,79,买盘
1800,11:01:36,15.08,75396,50,买盘
1801,11:01:39,15.09,357409,237,买盘
1802,11:01:42,15.09,164480,109,买盘
1803,11:01:45,15.08,116187,77,卖盘
1804,11:01:48,15.09,67905,45,买盘
1805,11:01:51,15.09,6036,4,买盘
1806,11:01:54,15.08,75415,50,卖盘
1807,11:01:57,15.09,325944,216,买盘
1808,11:02:00,15.08,229261,152,卖盘
1809,11:02:03,15.08,144765,96,买盘
1810,11:02:06,15.08,84485,56,卖盘
1811,11:02:09,15.08,788227,523,卖盘
1812,11:02:12,15.09,455711,302,买盘
1813,11:02:15,15.08,158340,105,卖盘
1814,11:02:18,15.07,910532,604,卖盘
1815,11:02:21,15.09,256512,170,买盘
1816,11:02:24,15.09,387813,257,买盘
1817,11:02:27,15.09,254971,169,买盘
1818,11:02:30,15.08,15080,10,卖盘
1819,11:02:33,15.09,111666,74,买盘
1820,11:02:36,15.09,16595,11,买盘
1821,11:02:39,15.09,98085,65,买盘
1822,11:02:42,15.09,25650,17,买盘
1823,11:02:45,15.09,55832,37,买盘
1824,11:02:48,15.08,272960,181,卖盘
1825,11:02:51,15.08,90476,60,买盘
1826,11:02:54,15.08,218660,145,买盘
1827,11:02:57,15.07,110079,73,卖盘
1828,11:03:00,15.08,52780,35,买盘
1829,11:03:03,15.08,63333,42,买盘
1830,11:03:06,15.08,165880,110,买盘
1831,11:03:09,15.09,57339,38,买盘
1832,11:03:12,15.08,134280,89,卖盘
1833,11:03:15,15.09,6036,4,买盘
1834,11:03:18,15.07,801952,532,卖盘
1835,11:03:21,15.08,1508,1,中性盘
1836,11:03:24,15.08,247312,164,买盘
1837,11:03:27,15.08,248817,165,卖盘
1838,11:03:30,15.07,770089,511,卖盘
1839,11:03:33,15.08,459940,305,买盘
1840,11:03:36,15.08,3016,2,卖盘
1841,11:03:39,15.09,197667,131,买盘
1842,11:03:42,15.09,33193,22,买盘
1843,11:03:45,15.09,27162,18,买盘
1844,11:03:48,15.09,22634,15,买盘
1845,11:03:54,15.08,75428,50,卖盘
1846,11:03:57,15.08,16591,11,卖盘
1847,11:04:00,15.08,171923,114,卖盘
1848,11:04:03,15.09,129709,86,买盘
1849,11:04:06,15.09,67890,45,买盘
1850,11:04:09,15.08,72420,48,卖盘
1851,11:04:12,15.07,64816,43,卖盘
1852,11:04:15,15.07,42212,28,卖盘
1853,11:04:18,15.07,67842,45,卖盘
1854,11:04:21,15.08,37693,25,买盘
1855,11:04:24,15.08,60313,40,买盘
1856,11:04:27,15.08,22620,15,买盘
1857,11:04:30,15.08,786673,522,买盘
1858,11:04:33,15.08,375441,249,买盘
1859,11:04:36,15.07,99499,66,卖盘
1860,11:04:39,15.07,866592,575,卖盘
1861,11:04:42,15.08,533727,354,买盘
1862,11:04:45,15.08,67860,45,卖盘
1863,11:04:48,15.08,116116,77,买盘
1864,11:04:51,15.08,235248,156,卖盘
1865,11:04:54,15.07,494381,328,卖盘
1866,11:04:57,15.08,180901,120,买盘
1867,11:05:00,15.08,150864,100,卖盘
1868,11:05:03,15.09,135772,90,买盘
1869,11:05:06,15.08,95049,63,卖盘
1870,11:05:09,15.09,64885,43,买盘
1871,11:05:12,15.09,46779,31,买盘
1872,11:05:15,15.09,183999,122,买盘
1873,11:05:21,15.08,46764,31,卖盘
1874,11:05:24,15.08,60335,40,卖盘
1875,11:05:27,15.09,75442,50,买盘
1876,11:05:30,15.08,39208,26,卖盘
1877,11:05:33,15.09,63362,42,买盘
1878,11:05:36,15.09,31689,21,买盘
1879,11:05:39,15.09,899857,597,买盘
1880,11:05:42,15.09,300132,199,买盘
1881,11:05:45,15.08,92018,61,中性盘
1882,11:05:48,15.07,500417,332,卖盘
1883,11:05:51,15.07,513942,341,卖盘
1884,11:05:54,15.07,322705,214,卖盘
1885,11:05:57,15.08,223164,148,买盘
1886,11:06:00,15.07,28637,19,卖盘
1887,11:06:03,15.08,114600,76,买盘
1888,11:06:09,15.08,43732,29,买盘
1889,11:06:12,15.08,167291,111,买盘
1890,11:06:15,15.07,60305,40,卖盘
1891,11:06:18,15.07,67854,45,卖盘
1892,11:06:21,15.07,67815,45,卖盘
1893,11:06:24,15.07,69362,46,卖盘
1894,11:06:27,15.08,28652,19,买盘
1895,11:06:30,15.07,27137,18,卖盘
1896,11:06:33,15.08,34682,23,买盘
1897,11:06:36,15.08,12064,8,买盘
1898,11:06:39,15.08,22620,15,买盘
1899,11:06:42,15.08,4524,3,买盘
1900,11:06:45,15.07,12057,8,卖盘
1901,11:06:48,15.06,798301,530,卖盘
1902,11:06:51,15.07,174846,116,中性盘
1903,11:06:54,15.07,96448,64,买盘
1904,11:06:57,15.08,78402,52,买盘
1905,11:07:00,15.07,778897,517,卖盘
1906,11:07:03,15.07,218499,145,买盘
1907,11:07:06,15.08,61801,41,买盘
1908,11:07:09,15.07,205015,136,卖盘
1909,11:07:12,15.08,54270,36,买盘
1910,11:07:15,15.08,131181,87,买盘
1911,11:07:18,15.08,87464,58,买盘
1912,11:07:21,15.07,69359,46,卖盘
1913,11:07:24,15.07,24127,16,卖盘
1914,11:07:27,15.08,36182,24,买盘
1915,11:07:30,15.07,43717,29,卖盘
1916,11:07:33,15.08,22620,15,买盘
1917,11:07:36,15.07,3014,2,卖盘
1918,11:07:39,15.07,52769,35,卖盘
1919,11:07:42,15.07,40697,27,卖盘
1920,11:07:45,15.07,15070,10,卖盘
1921,11:07:48,15.07,61802,41,卖盘
1922,11:07:51,15.07,180855,120,卖盘
1923,11:07:54,15.07,153772,102,卖盘
1924,11:07:57,15.07,116039,77,买盘
1925,11:08:00,15.07,1055906,701,买盘
1926,11:08:03,15.07,61787,41,买盘
1927,11:08:06,15.07,31665,21,卖盘
1928,11:08:09,15.06,804433,534,卖盘
1929,11:08:12,15.06,1266808,841,卖盘
1930,11:08:15,15.07,19591,13,中性盘
1931,11:08:18,15.07,616751,409,卖盘
1932,11:08:21,15.07,4521,3,卖盘
1933,11:08:24,15.07,248810,165,卖盘
1934,11:08:27,15.08,96478,64,买盘
1935,11:08:30,15.08,174814,116,买盘
1936,11:08:33,15.08,119087,79,买盘
1937,11:08:36,15.08,6026,4,买盘
1938,11:08:39,15.06,107039,71,卖盘
1939,11:08:42,15.06,22592,15,卖盘
1940,11:08:45,15.07,345103,229,买盘
1941,11:08:48,15.07,170281,113,买盘
1942,11:08:51,15.08,109982,73,买盘
1943,11:08:54,15.07,93482,62,卖盘
1944,11:08:57,15.08,46748,31,买盘
1945,11:09:00,15.08,18086,12,买盘
1946,11:09:03,15.07,99462,66,卖盘
1947,11:09:06,15.07,66308,44,买盘
1948,11:09:09,15.06,792233,526,卖盘
1949,11:09:12,15.07,245561,163,买盘
1950,11:09:15,15.07,1507,1,卖盘
1951,11:09:18,15.07,82925,55,卖盘
1952,11:09:21,15.06,777362,516,卖盘
1953,11:09:24,15.07,450888,299,卖盘
1954,11:09:27,15.08,129649,86,买盘
1955,11:09:30,15.07,158320,105,卖盘
1956,11:09:33,15.06,122051,81,卖盘
1957,11:09:36,15.07,191389,127,买盘
1958,11:09:39,15.07,126582,84,买盘
1959,11:09:42,15.07,90420,60,买盘
1960,11:09:45,15.06,128079,85,卖盘
1961,11:09:48,15.08,111583,74,买盘
1962,11:09:51,15.06,33160,22,卖盘
1963,11:09:54,15.07,31639,21,买盘
1964,11:10:00,15.07,30148,20,卖盘
1965,11:10:03,15.07,3014,2,卖盘
1966,11:10:06,15.07,10549,7,卖盘
1967,11:10:12,15.08,18094,12,买盘
1968,11:10:15,15.07,21098,14,卖盘
1969,11:10:18,15.08,22619,15,买盘
1970,11:10:21,15.06,774596,514,卖盘
1971,11:10:24,15.07,191389,127,买盘
1972,11:10:27,15.07,45211,30,卖盘
1973,11:10:30,15.08,824077,547,买盘
1974,11:10:33,15.07,1143445,759,中性盘
1975,11:10:36,15.07,555944,369,买盘
1976,11:10:39,15.07,201938,134,买盘
1977,11:10:42,15.08,167331,111,买盘
1978,11:10:48,15.08,79924,53,买盘
1979,11:10:51,15.08,45235,30,买盘
1980,11:10:54,15.08,7540,5,买盘
1981,11:10:57,15.08,4524,3,买盘
1982,11:11:00,15.07,15073,10,卖盘
1983,11:11:03,15.08,13572,9,买盘
1984,11:11:06,15.08,4524,3,买盘
1985,11:11:09,15.08,36192,24,买盘
1986,11:11:12,15.07,13565,9,卖盘
1987,11:11:15,15.08,28649,19,买盘
1988,11:11:18,15.07,696234,462,卖盘
1989,11:11:21,15.06,183752,122,卖盘
1990,11:11:24,15.06,455080,302,卖盘
1991,11:11:27,15.07,97933,65,买盘
1992,11:11:30,15.07,930808,618,买盘
1993,11:11:33,15.07,540911,359,买盘
1994,11:11:36,15.06,248515,165,卖盘
1995,11:11:39,15.06,1254813,833,卖盘
1996,11:11:42,15.06,152140,101,卖盘
1997,11:11:45,15.06,759522,504,卖盘
1998,11:11:48,15.07,366167,243,买盘
1999,11:11:51,15.07,173286,115,买盘
2000,11:11:54,15.07,113025,75,买盘
2001,11:11:57,15.07,162773,108,卖盘
2002,11:12:00,15.07,6028,4,买盘
2003,11:12:03,15.07,120560,80,买盘
2004,11:12:09,15.08,40716,27,买盘
2005,11:12:12,15.08,6032,4,买盘
2006,11:12:15,15.08,18096,12,买盘
2007,11:12:18,15.07,78376,52,卖盘
2008,11:12:24,15.08,52780,35,买盘
2009,11:12:27,15.08,51265,34,买盘
2010,11:12:30,15.08,22620,15,买盘
2011,11:12:33,15.08,16586,11,买盘
2012,11:12:36,15.07,43723,29,卖盘
2013,11:12:39,15.06,759117,504,卖盘
2014,11:12:42,15.07,238195,158,卖盘
2015,11:12:45,15.06,334590,222,卖盘
2016,11:12:48,15.07,156721,104,买盘
2017,11:12:51,15.07,844930,561,买盘
2018,11:12:54,15.07,244134,162,买盘
2019,11:12:57,15.07,159844,106,卖盘
2020,11:13:00,15.07,55773,37,卖盘
2021,11:13:03,15.08,87464,58,买盘
2022,11:13:06,15.07,4521,3,卖盘
2023,11:13:09,15.08,60320,40,买盘
2024,11:13:12,15.07,25619,17,卖盘
2025,11:13:15,15.07,171809,114,卖盘
2026,11:13:18,15.08,69368,46,买盘
2027,11:13:21,15.07,46741,31,卖盘
2028,11:13:24,15.07,55780,37,卖盘
2029,11:13:27,15.07,1507,1,卖盘
2030,11:13:30,15.07,45233,30,卖盘
2031,11:13:33,15.08,131175,87,买盘
2032,11:13:36,15.08,34663,23,买盘
2033,11:13:39,15.08,132704,88,买盘
2034,11:13:42,15.08,51271,34,买盘
2035,11:13:45,15.08,73876,49,买盘
2036,11:13:48,15.08,46731,31,买盘
2037,11:13:51,15.08,786304,522,买盘
2038,11:13:54,15.07,321196,213,卖盘
2039,11:13:57,15.06,137097,91,卖盘
2040,11:14:00,15.06,855445,568,卖盘
2041,11:14:03,15.07,736759,489,买盘
2042,11:14:06,15.06,37659,25,卖盘
2043,11:14:09,15.06,375217,249,卖盘
2044,11:14:12,15.06,72294,48,卖盘
2045,11:14:15,15.07,158235,105,买盘
2046,11:14:18,15.07,90381,60,买盘
2047,11:14:21,15.06,7533,5,卖盘
2048,11:14:24,15.06,120558,80,卖盘
2049,11:14:27,15.06,19584,13,卖盘
2050,11:14:30,15.06,79864,53,卖盘
2051,11:14:33,15.06,1506,1,卖盘
2052,11:14:36,15.07,27125,18,买盘
2053,11:14:39,15.07,45203,30,买盘
2054,11:14:42,15.07,10549,7,买盘
2055,11:14:45,15.07,21098,14,买盘
2056,11:14:48,15.07,37665,25,买盘
2057,11:14:51,15.06,39157,26,卖盘
2058,11:14:54,15.06,39161,26,卖盘
2059,11:14:57,15.07,27126,18,买盘
2060,11:15:00,15.07,786153,522,买盘
2061,11:15:03,15.07,652306,433,买盘
2062,11:15:06,15.06,18072,12,卖盘
2063,11:15:09,15.06,641692,426,卖盘
2064,11:15:12,15.06,471378,313,卖盘
2065,11:15:15,15.06,569533,378,卖盘
2066,11:15:18,15.06,500192,332,卖盘
2067,11:15:21,15.06,325393,216,卖盘
2068,11:15:24,15.06,313421,208,卖盘
2069,11:15:27,15.06,85848,57,卖盘
2070,11:15:30,15.06,138617,92,卖盘
2071,11:15:33,15.07,49727,33,买盘
2072,11:15:36,15.06,46712,31,卖盘
2073,11:15:39,15.06,72294,48,卖盘
2074,11:15:42,15.06,48213,32,卖盘
2075,11:15:45,15.07,18079,12,买盘
2076,11:15:48,15.06,64791,43,卖盘
2077,11:15:51,15.06,49718,33,卖盘
2078,11:15:54,15.06,88887,59,卖盘
2079,11:15:57,15.06,61764,41,卖盘
2080,11:16:00,15.06,54233,36,卖盘
2081,11:16:03,15.06,100940,67,卖盘
2082,11:16:06,15.06,27108,18,卖盘
2083,11:16:09,15.06,75316,50,卖盘
2084,11:16:12,15.06,784626,521,卖盘
2085,11:16:15,15.07,277199,184,买盘
2086,11:16:18,15.06,301307,200,卖盘
2087,11:16:21,15.06,960796,638,卖盘
2088,11:16:24,15.06,263381,175,买盘
2089,11:16:27,15.05,311664,207,卖盘
2090,11:16:30,15.06,177618,118,买盘
2091,11:16:33,15.06,108406,72,买盘
2092,11:16:36,15.05,108408,72,卖盘
2093,11:16:39,15.06,329814,219,买盘
2094,11:16:42,15.05,793542,527,卖盘
2095,11:16:45,15.05,185116,123,卖盘
2096,11:16:48,15.05,251433,167,卖盘
2097,11:16:51,15.05,51170,34,卖盘
2098,11:16:54,15.06,123492,82,买盘
2099,11:16:57,15.05,103896,69,卖盘
2100,11:17:00,15.05,22577,15,卖盘
2101,11:17:03,15.06,19578,13,买盘
2102,11:17:06,15.06,39136,26,买盘
2103,11:17:09,15.06,79811,53,买盘
2104,11:17:12,15.05,46677,31,卖盘
2105,11:17:15,15.06,87322,58,买盘
2106,11:17:18,15.05,57216,38,卖盘
2107,11:17:21,15.06,818747,544,买盘
2108,11:17:24,15.06,310054,206,买盘
2109,11:17:27,15.05,167110,111,卖盘
2110,11:17:30,15.05,913550,607,卖盘
2111,11:17:33,15.05,477148,317,卖盘
2112,11:17:36,15.05,1396796,928,卖盘
2113,11:17:39,15.05,627585,417,卖盘
2114,11:17:42,15.05,972424,646,卖盘
2115,11:17:45,15.05,486118,323,卖盘
2116,11:17:48,15.05,692436,460,卖盘
2117,11:17:51,15.05,811199,539,卖盘
2118,11:17:54,15.05,1607547,1068,卖盘
2119,11:17:57,15.04,735724,489,卖盘
2120,11:18:00,15.04,460449,306,卖盘
2121,11:18:03,15.04,494844,329,卖盘
2122,11:18:06,15.04,288909,192,卖盘
2123,11:18:09,15.05,219599,146,买盘
2124,11:18:12,15.04,103824,69,卖盘
2125,11:18:15,15.05,33103,22,买盘
2126,11:18:18,15.04,69190,46,卖盘
2127,11:18:21,15.04,882878,587,卖盘
2128,11:18:24,15.04,248163,165,卖盘
2129,11:18:27,15.04,239277,159,卖盘
2130,11:18:30,15.04,791104,526,卖盘
2131,11:18:33,15.04,302413,201,卖盘
2132,11:18:36,15.05,255821,170,买盘
2133,11:18:39,15.04,76717,51,卖盘
2134,11:18:42,15.05,812095,540,中性盘
2135,11:18:45,15.04,209075,139,卖盘
2136,11:18:48,15.05,204666,136,买盘
2137,11:18:51,15.04,64673,43,卖盘
2138,11:18:54,15.04,63185,42,卖盘
2139,11:18:57,15.05,60163,40,买盘
2140,11:19:00,15.04,28590,19,卖盘
2141,11:19:03,15.04,285761,190,卖盘
2142,11:19:06,15.04,109826,73,卖盘
2143,11:19:09,15.04,168548,112,卖盘
2144,11:19:12,15.05,311504,207,买盘
2145,11:19:15,15.05,82742,55,买盘
2146,11:19:18,15.05,87275,58,买盘
2147,11:19:21,15.04,54169,36,卖盘
2148,11:19:24,15.04,52657,35,卖盘
2149,11:19:27,15.04,18048,12,卖盘
2150,11:19:30,15.04,16554,11,卖盘
2151,11:19:33,15.04,31584,21,卖盘
2152,11:19:36,15.04,69197,46,卖盘
2153,11:19:39,15.04,91761,61,卖盘
2154,11:19:42,15.04,936993,623,卖盘
2155,11:19:45,15.04,186496,124,卖盘
2156,11:19:48,15.04,227235,151,卖盘
2157,11:19:51,15.03,804394,535,卖盘
2158,11:19:54,15.03,327826,218,卖盘
2159,11:19:57,15.04,33088,22,中性盘
2160,11:20:00,15.04,87206,58,买盘
2161,11:20:03,15.03,129261,86,卖盘
2162,11:20:06,15.03,112780,75,卖盘
2163,11:20:09,15.04,144315,96,买盘
2164,11:20:12,15.04,40612,27,卖盘
2165,11:20:15,15.04,69224,46,卖盘
2166,11:20:18,15.04,30086,20,卖盘
2167,11:20:21,15.04,9028,6,卖盘
2168,11:20:24,15.04,16548,11,卖盘
2169,11:20:27,15.04,22560,15,卖盘
2170,11:20:30,15.04,25568,17,卖盘
2171,11:20:33,15.04,25568,17,卖盘
2172,11:20:36,15.04,48128,32,卖盘
2173,11:20:39,15.04,40625,27,卖盘
2174,11:20:42,15.05,181996,121,买盘
2175,11:20:45,15.04,66198,44,卖盘
2176,11:20:48,15.04,100768,67,卖盘
2177,11:20:51,15.04,800146,532,卖盘
2178,11:20:54,15.04,243648,162,卖盘
2179,11:20:57,15.04,209177,139,卖盘
2180,11:21:00,15.04,684420,455,卖盘
2181,11:21:03,15.03,598448,398,卖盘
2182,11:21:06,15.03,168376,112,卖盘
2183,11:21:09,15.04,111296,74,买盘
2184,11:21:12,15.04,75204,50,卖盘
2185,11:21:15,15.05,40618,27,买盘
2186,11:21:18,15.03,228645,152,卖盘
2187,11:21:21,15.04,141350,94,买盘
2188,11:21:24,15.04,478201,318,买盘
2189,11:21:27,15.04,118746,79,买盘
2190,11:21:30,15.04,151899,101,买盘
2191,11:21:33,15.04,221070,147,买盘
2192,11:21:36,15.04,49602,33,买盘
2193,11:21:39,15.03,231497,154,卖盘
2194,11:21:42,15.03,49603,33,卖盘
2195,11:21:45,15.04,78201,52,买盘
2196,11:21:48,15.03,22551,15,卖盘
2197,11:21:51,15.03,55628,37,卖盘
2198,11:21:54,15.03,229981,153,卖盘
2199,11:21:57,15.03,75150,50,卖盘
2200,11:22:00,15.03,703410,468,卖盘
2201,11:22:03,15.03,533665,355,卖盘
2202,11:22:06,15.04,36091,24,买盘
2203,11:22:09,15.04,160870,107,买盘
2204,11:22:12,15.03,799601,532,卖盘
2205,11:22:15,15.04,461537,307,买盘
2206,11:22:18,15.03,526057,350,卖盘
2207,11:22:21,15.03,408902,272,卖盘
2208,11:22:24,15.03,263048,175,卖盘
2209,11:22:27,15.03,144342,96,卖盘
2210,11:22:30,15.03,42094,28,卖盘
2211,11:22:33,15.03,21053,14,卖盘
2212,11:22:36,15.03,58617,39,卖盘
2213,11:22:39,15.03,10521,7,卖盘
2214,11:22:42,15.03,187883,125,卖盘
2215,11:22:45,15.03,70666,47,卖盘
2216,11:22:48,15.03,46593,31,卖盘
2217,11:22:51,15.03,51118,34,卖盘
2218,11:22:54,15.03,48109,32,卖盘
2219,11:22:57,15.03,10521,7,卖盘
2220,11:23:00,15.03,87174,58,卖盘
2221,11:23:03,15.04,383320,255,买盘
2222,11:23:06,15.03,93186,62,卖盘
2223,11:23:09,15.03,102250,68,卖盘
2224,11:23:12,15.04,789077,525,买盘
2225,11:23:15,15.03,284157,189,卖盘
2226,11:23:18,15.03,132331,88,卖盘
2227,11:23:21,15.02,855202,569,卖盘
2228,11:23:24,15.03,213428,142,卖盘
2229,11:23:27,15.03,157818,105,卖盘
2230,11:23:30,15.03,347394,231,卖盘
2231,11:23:33,15.03,240481,160,卖盘
2232,11:23:36,15.03,130795,87,卖盘
2233,11:23:39,15.03,42084,28,卖盘
2234,11:23:42,15.03,145784,97,买盘
2235,11:23:45,15.03,249424,166,买盘
2236,11:23:48,15.02,190828,127,卖盘
2237,11:23:51,15.02,28538,19,卖盘
2238,11:23:54,15.03,64629,43,买盘
2239,11:23:57,15.03,69160,46,卖盘
2240,11:24:00,15.03,598194,398,卖盘
2241,11:24:03,15.04,233040,155,买盘
2242,11:24:06,15.03,25551,17,卖盘
2243,11:24:09,15.04,31579,21,买盘
2244,11:24:12,15.03,33085,22,卖盘
2245,11:24:15,15.03,172950,115,卖盘
2246,11:24:18,15.03,63147,42,卖盘
2247,11:24:21,15.03,858245,571,卖盘
2248,11:24:24,15.03,297682,198,卖盘
2249,11:24:27,15.04,1695008,1127,买盘
2250,11:24:30,15.04,1226342,815,卖盘
2251,11:24:33,15.03,478040,318,卖盘
2252,11:24:36,15.05,389613,259,买盘
2253,11:24:39,15.05,331279,220,卖盘
2254,11:24:42,15.05,168627,112,卖盘
2255,11:24:45,15.06,87334,58,买盘
2256,11:24:48,15.06,10542,7,卖盘
2257,11:24:51,15.07,18082,12,买盘
2258,11:24:54,15.06,21093,14,卖盘
2259,11:24:57,15.06,42194,28,卖盘
2260,11:25:00,15.06,16571,11,卖盘
2261,11:25:03,15.06,12050,8,卖盘
2262,11:25:06,15.06,162662,108,卖盘
2263,11:25:09,15.05,78310,52,卖盘
2264,11:25:12,15.06,90413,60,卖盘
2265,11:25:15,15.06,81361,54,卖盘
2266,11:25:18,15.05,13548,9,卖盘
2267,11:25:21,15.06,34638,23,买盘
2268,11:25:24,15.06,127968,85,买盘
2269,11:25:27,15.06,90345,60,买盘
2270,11:25:30,15.04,976487,649,卖盘
2271,11:25:33,15.04,236445,157,卖盘
2272,11:25:36,15.07,155173,103,买盘
2273,11:25:39,15.07,116101,77,卖盘
2274,11:25:42,15.06,754680,501,卖盘
2275,11:25:45,15.08,405652,269,买盘
2276,11:25:48,15.07,75322,50,买盘
2277,11:25:51,15.06,182325,121,卖盘
2278,11:25:54,15.07,67796,45,买盘
2279,11:25:57,15.06,67787,45,卖盘
2280,11:26:00,15.07,88913,59,买盘
2281,11:26:03,15.07,37675,25,卖盘
2282,11:26:06,15.06,43719,29,卖盘
2283,11:26:09,15.06,66277,44,卖盘
2284,11:26:12,15.06,19580,13,卖盘
2285,11:26:15,15.07,21098,14,买盘
2286,11:26:18,15.06,18081,12,卖盘
2287,11:26:21,15.07,28633,19,买盘
2288,11:26:24,15.06,6024,4,卖盘
2289,11:26:27,15.06,12049,8,卖盘
2290,11:26:30,15.06,72293,48,卖盘
2291,11:26:33,15.05,40670,27,卖盘
2292,11:26:36,15.06,37665,25,中性盘
2293,11:26:39,15.06,7530,5,卖盘
2294,11:26:42,15.08,931874,619,买盘
2295,11:26:45,15.07,500816,332,卖盘
2296,11:26:48,15.06,220180,146,卖盘
2297,11:26:51,15.07,801759,532,中性盘
2298,11:26:54,15.07,135630,90,卖盘
2299,11:26:57,15.09,288200,191,买盘
2300,11:27:00,15.07,251877,167,卖盘
2301,11:27:03,15.07,96515,64,卖盘
2302,11:27:06,15.09,129754,86,买盘
2303,11:27:09,15.07,21099,14,卖盘
2304,11:27:12,15.08,37700,25,买盘
2305,11:27:15,15.09,7541,5,买盘
2306,11:27:21,15.08,1508,1,卖盘
2307,11:27:24,15.09,31678,21,买盘
2308,11:27:27,15.08,24133,16,卖盘
2309,11:27:30,15.09,21126,14,买盘
2310,11:27:33,15.08,48273,32,卖盘
2311,11:27:36,15.08,257963,171,卖盘
2312,11:27:39,15.08,42224,28,卖盘
2313,11:27:42,15.09,129766,86,买盘
2314,11:27:45,15.09,140334,93,买盘
2315,11:27:48,15.08,54310,36,卖盘
2316,11:27:51,15.06,2816594,1866,卖盘
2317,11:27:54,15.06,559378,371,卖盘
2318,11:27:57,15.09,128265,85,中性盘
2319,11:28:00,15.09,946259,627,卖盘
2320,11:28:03,15.09,280513,186,买盘
2321,11:28:06,15.1,386496,256,买盘
2322,11:28:09,15.06,351626,233,卖盘
2323,11:28:12,15.08,179582,119,中性盘
2324,11:28:15,15.11,206961,137,买盘
2325,11:28:18,15.07,116272,77,卖盘
2326,11:28:21,15.07,104138,69,卖盘
2327,11:28:24,15.08,39246,26,卖盘
2328,11:28:27,15.08,31700,21,卖盘
2329,11:28:30,15.08,9051,6,卖盘
2330,11:28:33,15.09,4527,3,买盘
2331,11:28:39,15.09,1509,1,买盘
2332,11:28:51,15.1,157035,104,买盘
2333,11:28:54,15.08,63385,42,卖盘
2334,11:28:57,15.08,86009,57,卖盘
2335,11:29:00,15.08,1156542,767,卖盘
2336,11:29:03,15.08,252087,167,卖盘
2337,11:29:06,15.09,19617,13,买盘
2338,11:29:12,15.09,4527,3,卖盘
2339,11:29:15,15.09,15090,10,卖盘
2340,11:29:18,15.09,33218,22,卖盘
2341,11:29:21,15.09,3018,2,卖盘
2342,11:29:27,15.1,16610,11,买盘
2343,11:29:30,15.1,182710,121,买盘
2344,11:29:33,15.1,83072,55,卖盘
2345,11:29:36,15.1,86121,57,卖盘
2346,11:29:39,15.1,36253,24,卖盘
2347,11:29:42,15.09,51337,34,卖盘
2348,11:29:45,15.1,33220,22,买盘
2349,11:29:48,15.1,69442,46,卖盘
2350,11:29:51,15.09,52869,35,卖盘
2351,11:29:54,15.09,27173,18,卖盘
2352,11:29:57,15.1,95130,63,买盘
2353,11:30:00,15.1,69446,46,买盘
2354,13:00:03,15.11,680994,451,买盘
2355,13:00:06,15.1,339776,225,卖盘
2356,13:00:09,15.1,1067408,707,卖盘
2357,13:00:12,15.1,399929,265,买盘
2358,13:00:15,15.08,390617,259,卖盘
2359,13:00:18,15.08,318491,211,卖盘
2360,13:00:21,15.08,82946,55,卖盘
2361,13:00:24,15.08,146307,97,卖盘
2362,13:00:27,15.08,155370,103,卖盘
2363,13:00:30,15.07,92013,61,卖盘
2364,13:00:33,15.08,18096,12,卖盘
2365,13:00:36,15.09,90497,60,买盘
2366,13:00:39,15.08,357192,237,卖盘
2367,13:00:42,15.06,296985,197,卖盘
2368,13:00:45,15.06,78350,52,卖盘
2369,13:00:48,15.08,201997,134,买盘
2370,13:00:51,15.09,1838562,1219,买盘
2371,13:00:54,15.1,701643,465,买盘
2372,13:00:57,15.1,252170,167,买盘
2373,13:01:00,15.1,170698,113,卖盘
2374,13:01:03,15.1,27180,18,卖盘
2375,13:01:06,15.11,644625,427,买盘
2376,13:01:09,15.1,51330,34,中性盘
2377,13:01:12,15.1,400043,265,买盘
2378,13:01:15,15.08,224914,149,卖盘
2379,13:01:18,15.09,342585,227,卖盘
2380,13:01:21,15.1,125330,83,买盘
2381,13:01:24,15.09,209880,139,卖盘
2382,13:01:27,15.09,90572,60,卖盘
2383,13:01:30,15.1,54353,36,买盘
2384,13:01:33,15.1,214413,142,买盘
2385,13:01:36,15.1,54360,36,买盘
2386,13:01:39,15.1,108720,72,卖盘
2387,13:01:42,15.11,1415713,937,买盘
2388,13:01:45,15.12,342967,227,买盘
2389,13:01:48,15.12,417310,276,买盘
2390,13:01:51,15.1,739202,489,卖盘
2391,13:01:54,15.1,294747,195,卖盘
2392,13:01:57,15.13,303915,201,买盘
2393,13:02:00,15.12,4536,3,卖盘
2394,13:02:03,15.13,111942,74,买盘
2395,13:02:06,15.14,375226,248,买盘
2396,13:02:09,15.13,252741,167,卖盘
2397,13:02:12,15.14,277062,183,买盘
2398,13:02:15,15.14,750518,496,买盘
2399,13:02:21,15.14,240721,159,买盘
2400,13:02:24,15.14,380109,251,卖盘
2401,13:02:27,15.14,210446,139,买盘
2402,13:02:30,15.15,78776,52,买盘
2403,13:02:33,15.15,54535,36,买盘
2404,13:02:36,15.14,3028,2,卖盘
2405,13:02:39,15.14,195306,129,卖盘
2406,13:02:42,15.14,115061,76,买盘
2407,13:02:45,15.14,13626,9,买盘
2408,13:02:48,15.13,118089,78,卖盘
2409,13:02:51,15.14,77214,51,买盘
2410,13:02:54,15.13,30279,20,卖盘
2411,13:02:57,15.14,46922,31,买盘
2412,13:03:00,15.13,27242,18,卖盘
2413,13:03:03,15.13,46932,31,卖盘
2414,13:03:06,15.14,426948,282,买盘
2415,13:03:09,15.14,234723,155,卖盘
2416,13:03:12,15.15,219675,145,买盘
2417,13:03:15,15.15,107535,71,买盘
2418,13:03:18,15.15,7575,5,买盘
2419,13:03:21,15.15,1299466,858,买盘
2420,13:03:24,15.14,290717,192,卖盘
2421,13:03:27,15.14,162027,107,买盘
2422,13:03:33,15.15,30300,20,买盘
2423,13:03:39,15.15,15144,10,买盘
2424,13:03:42,15.15,39385,26,买盘
2425,13:03:48,15.15,4545,3,买盘
2426,13:03:51,15.14,16664,11,卖盘
2427,13:03:54,15.14,34842,23,卖盘
2428,13:03:57,15.14,124158,82,卖盘
2429,13:04:00,15.15,74216,49,买盘
2430,13:04:03,15.16,4241349,2799,买盘
2431,13:04:06,15.16,909589,600,买盘
2432,13:04:09,15.16,222956,147,卖盘
2433,13:04:12,15.16,589969,389,卖盘
2434,13:04:15,15.16,186613,123,卖盘
2435,13:04:18,15.18,157813,104,买盘
2436,13:04:21,15.17,400321,264,买盘
2437,13:04:24,15.17,21238,14,买盘
2438,13:04:27,15.16,180518,119,卖盘
2439,13:04:30,15.17,112257,74,买盘
2440,13:04:33,15.17,30340,20,中性盘
2441,13:04:36,15.17,13653,9,买盘
2442,13:04:39,15.17,3034,2,卖盘
2443,13:04:42,15.17,48560,32,卖盘
2444,13:04:45,15.18,9108,6,买盘
2445,13:04:48,15.18,50094,33,买盘
2446,13:04:51,15.17,60680,40,卖盘
2447,13:04:54,15.18,68298,45,买盘
2448,13:04:57,15.17,242785,160,卖盘
2449,13:05:00,15.17,115346,76,卖盘
2450,13:05:03,15.17,74333,49,买盘
2451,13:05:06,15.16,95554,63,卖盘
2452,13:05:09,15.17,4551,3,买盘
2453,13:05:12,15.17,324638,214,买盘
2454,13:05:15,15.16,145624,96,卖盘
2455,13:05:18,15.17,197210,130,买盘
2456,13:05:21,15.17,122877,81,买盘
2457,13:05:24,15.17,332223,219,卖盘
2458,13:05:27,15.17,214030,141,卖盘
2459,13:05:30,15.17,9103,6,卖盘
2460,13:05:33,15.17,188199,124,卖盘
2461,13:05:36,15.17,57646,38,卖盘
2462,13:05:39,15.17,30342,20,买盘
2463,13:05:42,15.17,113813,75,卖盘
2464,13:05:48,15.17,43993,29,买盘
2465,13:05:51,15.17,7585,5,买盘
2466,13:05:54,15.17,33374,22,买盘
2467,13:05:57,15.17,63714,42,买盘
2468,13:06:00,15.17,37925,25,买盘
2469,13:06:03,15.17,21238,14,买盘
2470,13:06:06,15.17,172933,114,买盘
2471,13:06:09,15.17,31857,21,买盘
2472,13:06:12,15.17,210863,139,买盘
2473,13:06:18,15.17,151700,100,买盘
2474,13:06:21,15.16,25786,17,卖盘
2475,13:06:24,15.17,56127,37,买盘
2476,13:06:27,15.16,19708,13,卖盘
2477,13:06:30,15.17,75850,50,买盘
2478,13:06:33,15.17,63714,42,买盘
2479,13:06:36,15.17,21238,14,买盘
2480,13:06:39,15.17,22755,15,买盘
2481,13:06:42,15.17,43993,29,买盘
2482,13:06:45,15.17,47011,31,买盘
2483,13:06:48,15.17,63714,42,买盘
2484,13:06:51,15.17,28818,19,买盘
2485,13:06:54,15.17,53095,35,买盘
2486,13:06:57,15.16,6064,4,卖盘
2487,13:07:00,15.17,22755,15,买盘
2488,13:07:03,15.17,106181,70,买盘
2489,13:07:06,15.17,497594,328,买盘
2490,13:07:09,15.17,74333,49,卖盘
2491,13:07:12,15.19,1626527,1071,买盘
2492,13:07:15,15.19,19747,13,中性盘
2493,13:07:18,15.19,577567,380,卖盘
2494,13:07:21,15.2,594300,391,买盘
2495,13:07:24,15.2,68357,45,买盘
2496,13:07:27,15.19,364765,240,卖盘
2497,13:07:30,15.19,19757,13,卖盘
2498,13:07:33,15.19,106387,70,卖盘
2499,13:07:36,15.19,804070,529,卖盘
2500,13:07:39,15.2,212770,140,买盘
2501,13:07:42,15.2,384555,253,买盘
2502,13:07:45,15.2,98799,65,买盘
2503,13:07:48,15.2,311595,205,买盘
2504,13:07:51,15.2,331360,218,买盘
2505,13:07:54,15.2,33440,22,买盘
2506,13:07:57,15.2,77520,51,买盘
2507,13:08:00,15.2,138320,91,买盘
2508,13:08:03,15.2,15200,10,买盘
2509,13:08:06,15.2,147440,97,买盘
2510,13:08:09,15.19,42545,28,卖盘
2511,13:08:12,15.2,176320,116,买盘
2512,13:08:15,15.2,10640,7,买盘
2513,13:08:18,15.2,89664,59,买盘
2514,13:08:21,15.2,262936,173,买盘
2515,13:08:24,15.2,3040,2,买盘
2516,13:08:27,15.2,203680,134,买盘
2517,13:08:30,15.2,16720,11,卖盘
2518,13:08:33,15.19,299427,197,卖盘
2519,13:08:36,15.2,109439,72,买盘
2520,13:08:39,15.2,69920,46,买盘
2521,13:08:42,15.21,284271,187,买盘
2522,13:08:45,15.2,76017,50,卖盘
2523,13:08:48,15.2,197719,130,卖盘
2524,13:08:51,15.21,100372,66,买盘
2525,13:08:54,15.21,164239,108,买盘
2526,13:08:57,15.21,34983,23,买盘
2527,13:09:00,15.21,39546,26,买盘
2528,13:09:03,15.2,165694,109,卖盘
2529,13:09:06,15.2,33440,22,买盘
2530,13:09:09,15.2,88160,58,卖盘
2531,13:09:12,15.2,77520,51,买盘
2532,13:09:15,15.2,126160,83,买盘
2533,13:09:18,15.2,57760,38,买盘
2534,13:09:21,15.19,59256,39,卖盘
2535,13:09:24,15.19,28866,19,卖盘
2536,13:09:27,15.2,30396,20,买盘
2537,13:09:30,15.19,255192,168,卖盘
2538,13:09:33,15.18,153493,101,卖盘
2539,13:09:36,15.19,454181,299,买盘
2540,13:09:39,15.19,241575,159,卖盘
2541,13:09:42,15.2,205065,135,买盘
2542,13:09:45,15.19,168641,111,卖盘
2543,13:09:48,15.19,54718,36,卖盘
2544,13:09:51,15.19,50141,33,卖盘
2545,13:09:54,15.19,28861,19,买盘
2546,13:09:57,15.19,86639,57,卖盘
2547,13:10:00,15.19,59254,39,卖盘
2548,13:10:03,15.19,25839,17,卖盘
2549,13:10:06,15.2,44080,29,买盘
2550,13:10:09,15.19,156458,103,卖盘
2551,13:10:12,15.2,66875,44,买盘
2552,13:10:15,15.19,13671,9,卖盘
2553,13:10:18,15.2,31900,21,买盘
2554,13:10:21,15.2,63840,42,买盘
2555,13:10:24,15.2,37989,25,买盘
2556,13:10:27,15.19,79002,52,卖盘
2557,13:10:30,15.19,44043,29,买盘
2558,13:10:33,15.19,34932,23,买盘
2559,13:10:36,15.19,22784,15,买盘
2560,13:10:42,15.19,6076,4,买盘
2561,13:10:48,15.18,3036,2,卖盘
2562,13:10:51,15.19,25816,17,买盘
2563,13:10:54,15.19,25817,17,买盘
2564,13:10:57,15.18,255033,168,卖盘
2565,13:11:00,15.17,347393,229,卖盘
2566,13:11:03,15.18,81991,54,买盘
2567,13:11:06,15.19,163959,108,买盘
2568,13:11:09,15.19,59241,39,买盘
2569,13:11:12,15.18,94174,62,卖盘
2570,13:11:15,15.19,30380,20,买盘
2571,13:11:18,15.19,45560,30,买盘
2572,13:11:21,15.19,39491,26,买盘
2573,13:11:24,15.18,71346,47,卖盘
2574,13:11:27,15.18,98733,65,卖盘
2575,13:11:30,15.18,22773,15,卖盘
2576,13:11:33,15.18,211027,139,卖盘
2577,13:11:36,15.19,160979,106,买盘
2578,13:11:42,15.19,91138,60,买盘
2579,13:11:45,15.19,326585,215,买盘
2580,13:11:48,15.19,205065,135,买盘
2581,13:11:51,15.19,34937,23,买盘
2582,13:11:54,15.2,34955,23,买盘
2583,13:12:00,15.19,94178,62,卖盘
2584,13:12:03,15.18,21252,14,卖盘
2585,13:12:06,15.19,53165,35,买盘
2586,13:12:09,15.18,33398,22,卖盘
2587,13:12:12,15.19,25823,17,买盘
2588,13:12:15,15.18,94142,62,卖盘
2589,13:12:18,15.19,25823,17,买盘
2590,13:12:21,15.19,21266,14,买盘
2591,13:12:24,15.19,18228,12,买盘
2592,13:12:27,15.18,45540,30,卖盘
2593,13:12:30,15.18,16698,11,卖盘
2594,13:12:33,15.19,22785,15,买盘
2595,13:12:39,15.18,4554,3,卖盘
2596,13:12:42,15.18,1518,1,卖盘
2597,13:12:45,15.18,106260,70,卖盘
2598,13:12:48,15.18,100228,66,卖盘
2599,13:12:51,15.19,50122,33,买盘
2600,13:12:54,15.18,88070,58,卖盘
2601,13:13:00,15.18,192786,127,卖盘
2602,13:13:03,15.18,116949,77,买盘
2603,13:13:06,15.19,103281,68,买盘
2604,13:13:09,15.19,42532,28,买盘
2605,13:13:12,15.19,72898,48,买盘
2606,13:13:18,15.19,28861,19,买盘
2607,13:13:21,15.18,7590,5,卖盘
2608,13:13:24,15.18,15180,10,卖盘
2609,13:13:27,15.18,18222,12,卖盘
2610,13:13:30,15.18,192794,127,卖盘
2611,13:13:33,15.18,557114,367,卖盘
2612,13:13:36,15.18,201894,133,买盘
2613,13:13:39,15.18,107778,71,买盘
2614,13:13:42,15.18,259423,171,买盘
2615,13:13:45,15.17,84993,56,卖盘
2616,13:13:48,15.18,236808,156,买盘
2617,13:13:51,15.17,7585,5,卖盘
2618,13:13:54,15.17,75879,50,卖盘
2619,13:13:57,15.17,121360,80,卖盘
2620,13:14:00,15.18,33396,22,买盘
2621,13:14:03,15.17,77399,51,卖盘
2622,13:14:06,15.18,116882,77,买盘
2623,13:14:09,15.18,154836,102,买盘
2624,13:14:12,15.18,63752,42,买盘
2625,13:14:15,15.18,245908,162,买盘
2626,13:14:18,15.18,122952,81,买盘
2627,13:14:21,15.18,110848,73,卖盘
2628,13:14:24,15.18,83490,55,买盘
2629,13:14:27,15.19,291560,192,买盘
2630,13:14:30,15.19,15186,10,买盘
2631,13:14:33,15.19,116963,77,买盘
2632,13:14:36,15.18,74421,49,卖盘
2633,13:14:39,15.19,21266,14,买盘
2634,13:14:42,15.19,3038,2,买盘
2635,13:14:48,15.19,1519,1,买盘
2636,13:14:51,15.19,1519,1,买盘
2637,13:14:57,15.18,60734,40,卖盘
2638,13:15:00,15.18,7590,5,卖盘
2639,13:15:03,15.19,39493,26,买盘
2640,13:15:06,15.19,21266,14,买盘
2641,13:15:09,15.18,7592,5,卖盘
2642,13:15:12,15.18,130548,86,卖盘
2643,13:15:15,15.18,141174,93,买盘
2644,13:15:18,15.17,180612,119,卖盘
2645,13:15:21,15.18,74338,49,买盘
2646,13:15:24,15.18,57682,38,买盘
2647,13:15:27,15.18,66790,44,买盘
2648,13:15:30,15.17,7585,5,卖盘
2649,13:15:33,15.17,48573,32,卖盘
2650,13:15:36,15.18,180549,119,买盘
2651,13:15:39,15.18,47058,31,买盘
2652,13:15:42,15.18,150272,99,买盘
2653,13:15:45,15.18,6072,4,买盘
2654,13:15:48,15.18,39468,26,买盘
2655,13:15:51,15.18,27324,18,卖盘
2656,13:15:54,15.18,80439,53,买盘
2657,13:15:57,15.19,44050,29,买盘
2658,13:16:03,15.19,21266,14,买盘
2659,13:16:06,15.18,1518,1,卖盘
2660,13:16:09,15.19,21266,14,买盘
2661,13:16:12,15.18,59202,39,卖盘
2662,13:16:15,15.18,91080,60,买盘
2663,13:16:18,15.19,94178,62,买盘
2664,13:16:21,15.18,192808,127,卖盘
2665,13:16:24,15.18,71346,47,买盘
2666,13:16:27,15.18,12144,8,买盘
2667,13:16:30,15.19,30378,20,买盘
2668,13:16:33,15.18,36447,24,卖盘
2669,13:16:36,15.18,31876,21,买盘
2670,13:16:39,15.18,1518,1,买盘
2671,13:16:42,15.18,44011,29,买盘
2672,13:16:45,15.17,81919,54,卖盘
2673,13:16:48,15.18,168489,111,买盘
2674,13:16:51,15.17,22755,15,卖盘
2675,13:16:54,15.18,28839,19,买盘
2676,13:16:57,15.18,22770,15,买盘
2677,13:17:00,15.17,262441,173,卖盘
2678,13:17:03,15.18,170011,112,买盘
2679,13:17:06,15.17,7586,5,卖盘
2680,13:17:09,15.17,30357,20,卖盘
2681,13:17:12,15.18,24288,16,买盘
2682,13:17:18,15.18,66792,44,买盘
2683,13:17:24,15.17,6068,4,卖盘
2684,13:17:27,15.18,15180,10,买盘
2685,13:17:30,15.17,412624,272,卖盘
2686,13:17:33,15.17,611351,403,买盘
2687,13:17:36,15.17,165353,109,买盘
2688,13:17:39,15.18,104742,69,买盘
2689,13:17:42,15.18,28842,19,买盘
2690,13:17:45,15.17,10619,7,卖盘
2691,13:17:51,15.17,30340,20,卖盘
2692,13:17:57,15.17,22755,15,卖盘
2693,13:18:00,15.17,24272,16,卖盘
2694,13:18:03,15.17,53120,35,卖盘
2695,13:18:06,15.17,1517,1,卖盘
2696,13:18:09,15.18,15180,10,买盘
2697,13:18:12,15.17,3034,2,卖盘
2698,13:18:15,15.18,25792,17,买盘
2699,13:18:18,15.18,68310,45,买盘
2700,13:18:21,15.18,22770,15,买盘
2701,13:18:24,15.17,27306,18,卖盘
2702,13:18:27,15.18,33389,22,买盘
2703,13:18:33,15.17,9102,6,卖盘
2704,13:18:36,15.17,6068,4,卖盘
2705,13:18:45,15.17,12136,8,卖盘
2706,13:18:48,15.17,77367,51,卖盘
2707,13:18:51,15.18,24288,16,买盘
2708,13:18:54,15.18,245824,162,买盘
2709,13:18:57,15.18,127511,84,买盘
2710,13:19:00,15.18,54648,36,买盘
2711,13:19:03,15.17,36424,24,卖盘
2712,13:19:09,15.17,74333,49,卖盘
2713,13:19:12,15.17,74333,49,买盘
2714,13:19:15,15.18,28842,19,买盘
2715,13:19:18,15.17,233618,154,中性盘
2716,13:19:21,15.17,47026,31,买盘
2717,13:19:24,15.17,51578,34,买盘
2718,13:19:27,15.17,95571,63,卖盘
2719,13:19:30,15.17,100072,66,买盘
2720,13:19:33,15.17,86469,57,买盘
2721,13:19:39,15.16,63688,42,卖盘
2722,13:19:45,15.16,3032,2,卖盘
2723,13:19:51,15.16,13644,9,卖盘
2724,13:19:54,15.16,68220,45,卖盘
2725,13:19:57,15.17,86469,57,买盘
2726,13:20:00,15.16,25772,17,卖盘
2727,13:20:03,15.16,53074,35,卖盘
2728,13:20:06,15.16,86427,57,卖盘
2729,13:20:09,15.17,22755,15,买盘
2730,13:20:12,15.16,36399,24,卖盘
2731,13:20:15,15.17,50053,33,买盘
2732,13:20:18,15.17,1055832,696,买盘
2733,13:20:21,15.17,6068,4,卖盘
2734,13:20:24,15.18,710421,468,买盘
2735,13:20:27,15.19,208103,137,买盘
2736,13:20:30,15.19,340133,224,买盘
2737,13:20:33,15.18,145821,96,卖盘
2738,13:20:36,15.19,54684,36,买盘
2739,13:20:39,15.19,21266,14,卖盘
2740,13:20:42,15.2,27359,18,买盘
2741,13:20:45,15.19,318990,210,卖盘
2742,13:20:48,15.18,109365,72,卖盘
2743,13:20:51,15.19,478484,315,买盘
2744,13:20:54,15.19,2138752,1408,买盘
2745,13:20:57,15.2,1454639,957,买盘
2746,13:21:00,15.2,164160,108,中性盘
2747,13:21:03,15.2,833411,548,卖盘
2748,13:21:06,15.2,156560,103,买盘
2749,13:21:09,15.2,234090,154,买盘
2750,13:21:12,15.21,299596,197,买盘
2751,13:21:18,15.2,306922,202,买盘
2752,13:21:21,15.2,37978,25,买盘
2753,13:21:24,15.19,480055,316,卖盘
2754,13:21:27,15.19,103292,68,买盘
2755,13:21:30,15.18,28842,19,卖盘
2756,13:21:33,15.19,101773,67,买盘
2757,13:21:42,15.19,7594,5,买盘
2758,13:21:45,15.18,1518,1,卖盘
2759,13:21:48,15.19,33418,22,买盘
2760,13:21:54,15.18,31878,21,卖盘
2761,13:21:57,15.18,145728,96,卖盘
2762,13:22:00,15.19,34937,23,买盘
2763,13:22:03,15.18,77461,51,卖盘
2764,13:22:06,15.18,37958,25,卖盘
2765,13:22:09,15.18,1518,1,卖盘
2766,13:22:12,15.18,63756,42,卖盘
2767,13:22:15,15.18,39477,26,卖盘
2768,13:22:18,15.18,21253,14,卖盘
2769,13:22:21,15.18,10626,7,卖盘
2770,13:22:24,15.17,65231,43,卖盘
2771,13:22:27,15.17,37938,25,卖盘
2772,13:22:30,15.18,10626,7,买盘
2773,13:22:45,15.17,112258,74,卖盘
2774,13:22:48,15.17,132007,87,卖盘
2775,13:22:51,15.17,12136,8,买盘
2776,13:22:54,15.17,10618,7,买盘
2777,13:22:57,15.17,16687,11,卖盘
2778,13:23:00,15.17,30340,20,买盘
2779,13:23:09,15.17,118303,78,买盘
2780,13:23:12,15.17,22755,15,买盘
2781,13:23:18,15.17,6068,4,买盘
2782,13:23:21,15.17,19711,13,买盘
2783,13:23:24,15.17,3034,2,买盘
2784,13:23:27,15.17,6068,4,买盘
2785,13:23:30,15.16,15160,10,卖盘
2786,13:23:33,15.16,4548,3,卖盘
2787,13:23:36,15.16,1516,1,卖盘
2788,13:23:39,15.16,3032,2,卖盘
2789,13:23:42,15.16,4548,3,卖盘
2790,13:23:45,15.16,4548,3,卖盘
2791,13:23:51,15.16,10612,7,卖盘
2792,13:24:00,15.16,13644,9,卖盘
2793,13:24:03,15.17,13653,9,买盘
2794,13:24:15,15.16,3032,2,卖盘
2795,13:24:18,15.17,78884,52,买盘
2796,13:24:24,15.16,15160,10,卖盘
2797,13:24:27,15.16,9096,6,卖盘
2798,13:24:30,15.16,1103732,728,卖盘
2799,13:24:36,15.16,6064,4,买盘
2800,13:24:45,15.15,13635,9,卖盘
2801,13:24:48,15.16,62126,41,买盘
2802,13:24:51,15.16,4548,3,买盘
2803,13:24:57,15.15,606000,400,卖盘
2804,13:25:00,15.16,124309,82,买盘
2805,13:25:03,15.15,1515,1,卖盘
2806,13:25:06,15.15,9090,6,卖盘
2807,13:25:09,15.16,25772,17,买盘
2808,13:25:12,15.16,15160,10,买盘
2809,13:25:15,15.16,4546,3,买盘
2810,13:25:18,15.15,39392,26,卖盘
2811,13:25:21,15.15,574185,379,卖盘
2812,13:25:24,15.15,125812,83,卖盘
2813,13:25:27,15.16,3032,2,买盘
2814,13:25:30,15.16,183316,121,买盘
2815,13:25:33,15.16,36384,24,买盘
2816,13:25:39,15.15,56056,37,卖盘
2817,13:25:45,15.16,12128,8,买盘
2818,13:25:51,15.15,4545,3,卖盘
2819,13:25:57,15.15,236340,156,卖盘
2820,13:26:00,15.15,59116,39,卖盘
2821,13:26:03,15.15,30300,20,卖盘
2822,13:26:09,15.15,4545,3,卖盘
2823,13:26:15,15.15,31825,21,卖盘
2824,13:26:18,15.17,1563168,1031,买盘
2825,13:26:21,15.17,51562,34,买盘
2826,13:26:24,15.17,66738,44,买盘
2827,13:26:27,15.16,4548,3,卖盘
2828,13:26:30,15.16,94008,62,卖盘
2829,13:26:33,15.17,109175,72,买盘
2830,13:26:36,15.16,4548,3,卖盘
2831,13:26:39,15.17,22754,15,买盘
2832,13:26:45,15.16,10612,7,卖盘
2833,13:26:51,15.17,12136,8,买盘
2834,13:27:00,15.17,1517,1,买盘
2835,13:27:03,15.16,33370,22,卖盘
2836,13:27:24,15.17,80401,53,买盘
2837,13:27:27,15.16,57639,38,卖盘
2838,13:27:39,15.16,124344,82,卖盘
2839,13:27:42,15.16,116759,77,卖盘
2840,13:27:45,15.16,22740,15,卖盘
2841,13:27:48,15.17,69782,46,买盘
2842,13:27:51,15.17,48544,32,买盘
2843,13:27:57,15.17,30336,20,买盘
2844,13:28:00,15.17,66745,44,买盘
2845,13:28:03,15.17,22755,15,买盘
2846,13:28:06,15.17,47021,31,买盘
2847,13:28:09,15.17,1184776,781,买盘
2848,13:28:12,15.18,423526,279,买盘
2849,13:28:15,15.18,1518,1,卖盘
2850,13:28:18,15.18,30376,20,卖盘
2851,13:28:21,15.18,71379,47,卖盘
2852,13:28:24,15.18,71391,47,卖盘
2853,13:28:27,15.19,296105,195,买盘
2854,13:28:33,15.19,124558,82,买盘
2855,13:28:36,15.18,15180,10,卖盘
2856,13:28:42,15.19,118482,78,买盘
2857,13:28:45,15.18,3036,2,卖盘
2858,13:28:48,15.18,338582,223,卖盘
2859,13:28:51,15.19,107836,71,买盘
2860,13:28:54,15.19,104793,69,买盘
2861,13:28:57,15.2,123120,81,买盘
2862,13:29:00,15.19,6076,4,卖盘
2863,13:29:03,15.2,41037,27,买盘
2864,13:29:06,15.19,54698,36,卖盘
2865,13:29:09,15.19,89636,59,卖盘
2866,13:29:12,15.19,9114,6,卖盘
2867,13:29:15,15.19,101773,67,卖盘
2868,13:29:18,15.19,37975,25,买盘
2869,13:29:21,15.19,37974,25,买盘
2870,13:29:24,15.18,85030,56,卖盘
2871,13:29:27,15.19,9114,6,买盘
2872,13:29:30,15.19,151900,100,卖盘
2873,13:29:33,15.19,24304,16,买盘
2874,13:29:36,15.19,53165,35,买盘
2875,13:29:39,15.19,1519,1,买盘
2876,13:29:48,15.18,22778,15,卖盘
2877,13:29:51,15.19,16709,11,买盘
2878,13:29:57,15.18,27334,18,卖盘
2879,13:30:00,15.19,3038,2,买盘
2880,13:30:06,15.19,15190,10,买盘
2881,13:30:09,15.19,12152,8,买盘
2882,13:30:12,15.19,4557,3,买盘
2883,13:30:15,15.19,4557,3,买盘
2884,13:30:18,15.19,16709,11,买盘
2885,13:30:24,15.19,3038,2,买盘
2886,13:30:36,15.19,3038,2,买盘
2887,13:30:39,15.19,16709,11,买盘
2888,13:30:42,15.18,28856,19,卖盘
2889,13:30:48,15.18,160924,106,卖盘
2890,13:30:51,15.18,261154,172,卖盘
2891,13:30:54,15.17,180565,119,卖盘
2892,13:30:57,15.17,189715,125,卖盘
2893,13:31:00,15.17,119907,79,卖盘
2894,13:31:03,15.17,94108,62,卖盘
2895,13:31:06,15.18,51608,34,买盘
2896,13:31:09,15.17,315536,208,卖盘
2897,13:31:12,15.18,214038,141,买盘
2898,13:31:18,15.17,151799,100,卖盘
2899,13:31:21,15.18,71380,47,中性盘
2900,13:31:27,15.19,118332,78,买盘
2901,13:31:30,15.19,21265,14,买盘
2902,13:31:33,15.18,101771,67,中性盘
2903,13:31:36,15.19,69874,46,买盘
2904,13:31:39,15.19,77450,51,买盘
2905,13:31:42,15.19,30367,20,买盘
2906,13:31:45,15.19,75950,50,买盘
2907,13:31:48,15.18,28857,19,卖盘
2908,13:31:57,15.18,12144,8,卖盘
2909,13:32:00,15.18,7590,5,卖盘
2910,13:32:03,15.18,75900,50,卖盘
2911,13:32:06,15.19,104810,69,买盘
2912,13:32:09,15.18,77418,51,卖盘
2913,13:32:12,15.18,63756,42,买盘
2914,13:32:18,15.18,21252,14,买盘
2915,13:32:24,15.18,15180,10,买盘
2916,13:32:27,15.18,57654,38,买盘
2917,13:32:33,15.17,30340,20,卖盘
2918,13:32:36,15.18,22770,15,买盘
2919,13:32:39,15.17,30356,20,卖盘
2920,13:32:42,15.18,19734,13,买盘
2921,13:32:45,15.17,318570,210,卖盘
2922,13:32:48,15.17,173051,114,卖盘
2923,13:32:51,15.18,490114,323,买盘
2924,13:32:54,15.18,4554,3,买盘
2925,13:32:57,15.18,308154,203,买盘
2926,13:33:00,15.18,1518,1,中性盘
2927,13:33:03,15.18,56200,37,买盘
2928,13:33:06,15.18,51612,34,卖盘
2929,13:33:12,15.19,22785,15,买盘
2930,13:33:15,15.19,19743,13,买盘
2931,13:33:18,15.18,9108,6,卖盘
2932,13:33:21,15.18,80482,53,卖盘
2933,13:33:24,15.18,16708,11,卖盘
2934,13:33:27,15.18,54678,36,卖盘
2935,13:33:30,15.18,3036,2,卖盘
2936,13:33:33,15.18,1518,1,卖盘
2937,13:33:36,15.18,77418,51,卖盘
2938,13:33:39,15.18,177606,117,买盘
2939,13:33:42,15.19,25823,17,买盘
2940,13:33:45,15.18,77432,51,卖盘
2941,13:33:48,15.19,68355,45,买盘
2942,13:33:51,15.19,82000,54,买盘
2943,13:33:54,15.19,31899,21,买盘
2944,13:33:57,15.19,21266,14,买盘
2945,13:34:00,15.19,1519,1,买盘
2946,13:34:03,15.18,69828,46,卖盘
2947,13:34:06,15.18,51612,34,买盘
2948,13:34:09,15.18,9108,6,买盘
2949,13:34:12,15.18,7590,5,买盘
2950,13:34:15,15.18,19724,13,买盘
2951,13:34:18,15.18,1518,1,卖盘
2952,13:34:21,15.18,25806,17,卖盘
2953,13:34:24,15.18,19734,13,买盘
2954,13:34:27,15.18,18216,12,买盘
2955,13:34:30,15.18,98670,65,买盘
2956,13:34:33,15.18,66792,44,买盘
2957,13:34:36,15.18,62238,41,买盘
2958,13:34:39,15.17,21238,14,卖盘
2959,13:34:42,15.18,56163,37,买盘
2960,13:34:45,15.18,19734,13,买盘
2961,13:34:48,15.18,34914,23,买盘
2962,13:34:51,15.18,45540,30,买盘
2963,13:34:54,15.18,286782,189,买盘
2964,13:34:57,15.18,109286,72,买盘
2965,13:35:00,15.18,9108,6,卖盘
2966,13:35:03,15.18,59202,39,卖盘
2967,13:35:06,15.17,169927,112,卖盘
2968,13:35:09,15.17,138061,91,卖盘
2969,13:35:12,15.17,302027,199,卖盘
2970,13:35:15,15.17,19721,13,卖盘
2971,13:35:18,15.18,81967,54,买盘
2972,13:35:21,15.18,113883,75,中性盘
2973,13:35:24,15.18,57678,38,卖盘
2974,13:35:27,15.19,119999,79,买盘
2975,13:35:30,15.18,74412,49,卖盘
2976,13:35:33,15.18,300580,198,卖盘
2977,13:35:36,15.19,116963,77,买盘
2978,13:35:39,15.18,101717,67,卖盘
2979,13:35:42,15.18,85008,56,买盘
2980,13:35:45,15.18,7590,5,买盘
2981,13:35:48,15.19,22784,15,买盘
2982,13:35:51,15.19,53160,35,买盘
2983,13:35:54,15.18,19734,13,卖盘
2984,13:35:57,15.19,22785,15,买盘
2985,13:36:00,15.19,44031,29,买盘
2986,13:36:03,15.18,80454,53,卖盘
2987,13:36:06,15.18,48576,32,买盘
2988,13:36:09,15.18,229218,151,买盘
2989,13:36:12,15.18,51612,34,买盘
2990,13:36:15,15.19,74407,49,买盘
2991,13:36:18,15.18,173029,114,卖盘
2992,13:36:21,15.19,62273,41,买盘
2993,13:36:24,15.19,59231,39,买盘
2994,13:36:27,15.19,47089,31,买盘
2995,13:36:30,15.18,326400,215,卖盘
2996,13:36:33,15.18,221765,146,卖盘
2997,13:36:36,15.18,15180,10,卖盘
2998,13:36:39,15.18,40986,27,卖盘
2999,13:36:42,15.19,48602,32,买盘
3000,13:36:51,15.18,1518,1,卖盘
3001,13:36:54,15.18,4554,3,卖盘
3002,13:37:00,15.18,72864,48,卖盘
3003,13:37:03,15.19,77458,51,买盘
3004,13:37:06,15.19,21266,14,买盘
3005,13:37:09,15.19,42532,28,买盘
3006,13:37:12,15.19,18228,12,买盘
3007,13:37:15,15.18,141174,93,卖盘
3008,13:37:18,15.19,91140,60,买盘
3009,13:37:21,15.19,21266,14,买盘
3010,13:37:24,15.18,303600,200,卖盘
3011,13:37:27,15.19,177723,117,买盘
3012,13:37:30,15.18,33416,22,卖盘
3013,13:37:33,15.19,97216,64,买盘
3014,13:37:36,15.19,110816,73,买盘
3015,13:37:39,15.18,238344,157,卖盘
3016,13:37:42,15.19,124549,82,买盘
3017,13:37:45,15.18,166980,110,卖盘
3018,13:37:48,15.19,174571,115,买盘
3019,13:37:51,15.19,36454,24,买盘
3020,13:37:54,15.19,83534,55,买盘
3021,13:37:57,15.19,88078,58,买盘
3022,13:38:00,15.18,27324,18,买盘
3023,13:38:06,15.18,1518,1,买盘
3024,13:38:09,15.18,78936,52,买盘
3025,13:38:12,15.18,28842,19,买盘
3026,13:38:15,15.18,7590,5,卖盘
3027,13:38:18,15.18,34914,23,卖盘
3028,13:38:21,15.18,1518,1,卖盘
3029,13:38:24,15.18,68338,45,卖盘
3030,13:38:27,15.19,338560,223,买盘
3031,13:38:30,15.19,13671,9,买盘
3032,13:38:33,15.18,583011,384,卖盘
3033,13:38:36,15.19,136710,90,买盘
3034,13:38:39,15.19,176204,116,买盘
3035,13:38:42,15.19,82022,54,买盘
3036,13:38:45,15.18,36447,24,卖盘
3037,13:38:48,15.19,41012,27,买盘
3038,13:38:51,15.19,24304,16,买盘
3039,13:38:54,15.19,42532,28,买盘
3040,13:38:57,15.19,13671,9,买盘
3041,13:39:03,15.18,1518,1,卖盘
3042,13:39:06,15.19,47081,31,买盘
3043,13:39:12,15.19,37965,25,买盘
3044,13:39:15,15.19,15190,10,买盘
3045,13:39:18,15.19,47089,31,买盘
3046,13:39:21,15.19,4557,3,买盘
3047,13:39:27,15.18,4554,3,卖盘
3048,13:39:30,15.18,71375,47,卖盘
3049,13:39:33,15.18,34933,23,卖盘
3050,13:39:39,15.18,44036,29,卖盘
3051,13:39:48,15.18,15180,10,卖盘
3052,13:39:54,15.18,4554,3,卖盘
3053,13:39:57,15.18,271722,179,卖盘
3054,13:40:00,15.18,94159,62,卖盘
3055,13:40:03,15.19,177723,117,买盘
3056,13:40:06,15.19,379750,250,买盘
3057,13:40:09,15.19,306838,202,买盘
3058,13:40:12,15.19,276458,182,买盘
3059,13:40:15,15.19,157976,104,买盘
3060,13:40:18,15.19,94138,62,买盘
3061,13:40:21,15.18,28859,19,卖盘
3062,13:40:24,15.19,94178,62,买盘
3063,13:40:27,15.19,45570,30,买盘
3064,13:40:30,15.19,24303,16,买盘
3065,13:40:33,15.19,33417,22,买盘
3066,13:40:36,15.18,34934,23,卖盘
3067,13:40:42,15.18,15180,10,卖盘
3068,13:40:45,15.19,1519,1,买盘
3069,13:40:48,15.18,75914,50,卖盘
3070,13:40:51,15.18,34934,23,卖盘
3071,13:40:54,15.19,42532,28,买盘
3072,13:40:57,15.18,9108,6,卖盘
3073,13:41:03,15.18,4554,3,卖盘
3074,13:41:06,15.18,31878,21,卖盘
3075,13:41:09,15.18,18226,12,卖盘
3076,13:41:12,15.19,95676,63,买盘
3077,13:41:15,15.19,7595,5,买盘
3078,13:41:24,15.18,31878,21,卖盘
3079,13:41:27,15.19,27342,18,买盘
3080,13:41:30,15.18,3037,2,卖盘
3081,13:41:33,15.19,21266,14,买盘
3082,13:41:36,15.18,42514,28,卖盘
3083,13:41:39,15.19,31899,21,买盘
3084,13:41:42,15.19,21266,14,买盘
3085,13:41:45,15.18,4554,3,卖盘
3086,13:41:48,15.18,19734,13,卖盘
3087,13:41:57,15.18,36432,24,卖盘
3088,13:42:00,15.18,1147619,756,卖盘
