,成交时间,成交价格,成交金额,成交量,性质
0,09:25:00,182.76,3911064,214,买盘
1,09:30:00,182.97,1206514,66,买盘
2,09:30:03,182.97,585549,32,卖盘
3,09:30:07,183.0,567603,31,买盘
4,09:30:09,183.58,1832162,100,买盘
5,09:30:13,183.6,1154954,63,买盘
6,09:30:15,183.01,660181,36,卖盘
7,09:30:18,183.29,844041,46,中性盘
8,09:30:21,183.8,751341,41,买盘
9,09:30:24,183.58,513295,28,中性盘
10,09:30:27,183.63,1047390,57,卖盘
11,09:30:30,183.7,1046538,57,买盘
12,09:30:33,183.76,2001269,109,买盘
13,09:30:36,183.58,972738,53,中性盘
14,09:30:39,183.58,2421465,132,买盘
15,09:30:43,183.06,916246,50,卖盘
16,09:30:45,183.04,586296,32,买盘
17,09:30:48,183.65,826160,45,买盘
18,09:30:52,183.58,550850,30,卖盘
19,09:30:55,183.5,624197,34,卖盘
20,09:30:57,183.27,604844,33,卖盘
21,09:31:00,183.13,348115,19,中性盘
22,09:31:03,183.27,1447027,79,买盘
23,09:31:06,183.26,842968,46,中性盘
24,09:31:09,183.49,898058,49,买盘
25,09:31:13,183.48,238341,13,中性盘
26,09:31:15,183.49,348592,19,买盘
27,09:31:18,183.27,1284101,70,卖盘
28,09:31:22,183.5,1045562,57,买盘
29,09:31:25,183.53,1230071,67,中性盘
30,09:31:28,183.67,293778,16,买盘
31,09:31:31,183.69,1542893,84,买盘
32,09:31:33,183.7,330634,18,中性盘
33,09:31:37,183.73,587828,32,买盘
34,09:31:40,183.73,1304568,71,买盘
35,09:31:42,183.67,1396262,76,卖盘
36,09:31:45,183.48,917688,50,卖盘
37,09:31:48,183.44,422072,23,中性盘
38,09:31:52,183.45,898378,49,买盘
39,09:31:54,183.45,293528,16,卖盘
40,09:31:58,183.42,1283863,70,卖盘
41,09:32:00,183.42,293434,16,买盘
42,09:32:03,183.25,769581,42,卖盘
43,09:32:06,183.03,1172069,64,卖盘
44,09:32:09,183.03,567622,31,中性盘
45,09:32:12,183.03,402792,22,卖盘
46,09:32:15,183.23,622511,34,买盘
47,09:32:18,183.04,219760,12,卖盘
48,09:32:21,183.25,1209288,66,买盘
49,09:32:24,183.31,164962,9,买盘
50,09:32:28,183.41,256694,14,买盘
51,09:32:30,183.43,898822,49,买盘
52,09:32:33,183.55,734149,40,买盘
53,09:32:37,183.43,256872,14,卖盘
54,09:32:39,183.51,330392,18,中性盘
55,09:32:43,183.65,624135,34,买盘
56,09:32:45,183.51,201859,11,卖盘
57,09:32:48,183.51,256948,14,买盘
58,09:32:51,183.64,807622,44,买盘
59,09:32:55,183.64,293688,16,买盘
60,09:32:57,183.51,550601,30,卖盘
61,09:33:01,183.54,513884,28,卖盘
62,09:33:03,183.5,605665,33,卖盘
63,09:33:06,183.52,917668,50,卖盘
64,09:33:09,183.5,770769,42,卖盘
65,09:33:12,183.44,477076,26,卖盘
66,09:33:16,183.49,275201,15,中性盘
67,09:33:18,183.49,403580,22,买盘
68,09:33:21,183.43,421940,23,买盘
69,09:33:24,183.3,660104,36,卖盘
70,09:33:27,183.25,751509,41,卖盘
71,09:33:31,183.19,274840,15,卖盘
72,09:33:33,183.19,36638,2,买盘
73,09:33:36,183.19,256420,14,买盘
74,09:33:39,183.1,109885,6,卖盘
75,09:33:42,183.19,421224,23,买盘
76,09:33:45,183.11,128217,7,卖盘
77,09:33:48,183.16,366350,20,中性盘
78,09:33:52,183.18,2233988,122,中性盘
79,09:33:55,183.24,476206,26,买盘
80,09:33:58,183.24,201548,11,买盘
81,09:34:00,183.22,201555,11,卖盘
82,09:34:03,183.12,366324,20,卖盘
83,09:34:06,183.1,750727,41,卖盘
84,09:34:09,183.19,347972,19,买盘
85,09:34:12,183.1,274640,15,中性盘
86,09:34:15,183.08,274656,15,卖盘
87,09:34:19,183.05,329549,18,卖盘
88,09:34:22,183.01,366054,20,卖盘
89,09:34:24,183.08,256266,14,买盘
90,09:34:27,183.05,256276,14,卖盘
91,09:34:30,183.06,183059,10,中性盘
92,09:34:33,183.05,640685,35,卖盘
93,09:34:36,183.06,585804,32,卖盘
94,09:34:39,183.05,146441,8,卖盘
95,09:34:42,183.02,109812,6,卖盘
96,09:34:45,183.01,18301,1,卖盘
97,09:34:49,183.02,750437,41,卖盘
98,09:34:52,183.0,384329,21,卖盘
99,09:34:54,183.0,128102,7,卖盘
100,09:34:58,182.88,2689982,147,卖盘
101,09:35:00,183.01,1189260,65,买盘
102,09:35:03,183.19,1501095,82,买盘
103,09:35:06,183.24,1282233,70,买盘
104,09:35:10,183.11,219845,12,中性盘
105,09:35:12,183.24,311513,17,买盘
106,09:35:15,183.36,54986,3,买盘
107,09:35:18,183.3,366606,20,卖盘
108,09:35:21,183.36,696456,38,买盘
109,09:35:24,183.4,311727,17,买盘
110,09:35:28,183.36,293393,16,卖盘
111,09:35:30,183.36,293383,16,卖盘
112,09:35:33,183.35,586799,32,卖盘
113,09:35:37,183.36,201696,11,买盘
114,09:35:39,183.31,183317,10,卖盘
115,09:35:43,183.3,293338,16,卖盘
116,09:35:45,183.3,146642,8,卖盘
117,09:35:48,183.2,128256,7,卖盘
118,09:35:51,183.28,36649,2,中性盘
119,09:35:54,183.27,256395,14,买盘
120,09:35:57,183.28,73295,4,买盘
121,09:36:00,183.3,164919,9,买盘
122,09:36:03,183.31,714878,39,买盘
123,09:36:06,183.28,403231,22,卖盘
124,09:36:09,183.3,73317,4,买盘
125,09:36:12,183.28,311602,17,卖盘
126,09:36:15,183.3,91648,5,买盘
127,09:36:19,183.29,348247,19,中性盘
128,09:36:21,183.23,384870,21,卖盘
129,09:36:24,183.28,586344,32,买盘
130,09:36:27,183.21,311490,17,卖盘
131,09:36:31,183.21,73284,4,卖盘
132,09:36:34,183.25,109938,6,买盘
133,09:36:37,183.18,329795,18,卖盘
134,09:36:39,183.23,91603,5,买盘
135,09:36:42,183.12,256446,14,卖盘
136,09:36:45,183.08,128172,7,卖盘
137,09:36:48,183.21,1482926,81,买盘
138,09:36:51,183.0,256200,14,卖盘
139,09:36:54,182.96,292806,16,卖盘
140,09:36:57,183.0,347840,19,中性盘
141,09:37:01,182.98,54894,3,中性盘
142,09:37:03,182.9,146359,8,卖盘
143,09:37:06,183.08,549080,30,买盘
144,09:37:09,183.08,91540,5,卖盘
145,09:37:12,183.08,384468,21,卖盘
146,09:37:15,183.0,713800,39,卖盘
147,09:37:19,183.03,274535,15,买盘
148,09:37:21,183.01,311151,17,中性盘
149,09:37:24,183.05,91513,5,中性盘
150,09:37:27,183.0,750335,41,卖盘
151,09:37:31,183.01,164701,9,买盘
152,09:37:33,182.99,384302,21,卖盘
153,09:37:36,183.01,109808,6,中性盘
154,09:37:39,183.02,1098050,60,买盘
155,09:37:42,183.02,73204,4,买盘
156,09:37:46,183.02,567296,31,买盘
157,09:37:48,183.03,146418,8,买盘
158,09:37:52,183.03,18303,1,买盘
159,09:37:54,183.02,164725,9,卖盘
160,09:37:57,183.04,439278,24,买盘
161,09:38:00,183.02,219627,12,卖盘
162,09:38:04,183.03,549076,30,买盘
163,09:38:06,183.03,91517,5,卖盘
164,09:38:09,183.03,146426,8,卖盘
165,09:38:12,183.03,201334,11,卖盘
166,09:38:15,183.04,73215,4,买盘
167,09:38:19,183.04,54910,3,买盘
168,09:38:22,183.03,768742,42,卖盘
169,09:38:24,183.0,512447,28,卖盘
170,09:38:27,183.0,2214096,121,买盘
171,09:38:30,183.0,1354200,74,卖盘
172,09:38:33,183.0,183000,10,卖盘
173,09:38:36,182.9,512164,28,卖盘
174,09:38:39,182.89,329193,18,卖盘
175,09:38:42,182.89,329185,18,中性盘
176,09:38:46,182.85,146285,8,卖盘
177,09:38:48,182.81,639947,35,卖盘
178,09:38:51,182.85,292496,16,中性盘
179,09:38:54,182.87,237695,13,买盘
180,09:38:57,182.88,512052,28,买盘
181,09:39:01,182.85,512002,28,卖盘
182,09:39:03,182.87,292590,16,买盘
183,09:39:07,182.88,219462,12,中性盘
184,09:39:09,182.89,73156,4,卖盘
185,09:39:12,182.89,603538,33,买盘
186,09:39:15,183.05,1866634,102,买盘
187,09:39:18,183.08,366174,20,买盘
188,09:39:21,183.16,18316,1,买盘
189,09:39:24,183.16,73237,4,中性盘
190,09:39:28,183.2,904955,49,买盘
191,09:39:31,183.2,146560,8,卖盘
192,09:39:33,183.2,73279,4,买盘
193,09:39:36,183.07,73254,4,卖盘
194,09:39:39,183.1,384489,21,中性盘
195,09:39:42,183.07,128148,7,中性盘
196,09:39:45,183.07,54922,3,中性盘
197,09:39:48,183.06,109832,6,卖盘
198,09:39:51,183.05,73227,4,卖盘
199,09:39:54,183.0,402701,22,卖盘
200,09:39:57,183.05,109812,6,买盘
201,09:40:01,182.97,237854,13,卖盘
202,09:40:04,182.97,164673,9,卖盘
203,09:40:06,182.91,128047,7,卖盘
204,09:40:09,182.91,182936,10,卖盘
205,09:40:13,182.93,384092,21,中性盘
206,09:40:15,182.91,457259,25,买盘
207,09:40:18,182.94,347528,19,买盘
208,09:40:21,182.94,237824,13,卖盘
209,09:40:25,182.96,402475,22,买盘
210,09:40:27,182.94,365877,20,卖盘
211,09:40:30,182.94,54878,3,买盘
212,09:40:33,182.88,530413,29,卖盘
213,09:40:36,182.89,1353296,74,卖盘
214,09:40:40,182.89,201161,11,买盘
215,09:40:43,182.88,384047,21,中性盘
216,09:40:45,182.88,457232,25,中性盘
217,09:40:48,182.89,18289,1,买盘
218,09:40:52,182.88,146301,8,买盘
219,09:40:54,182.85,256000,14,卖盘
220,09:40:57,182.85,1170360,64,卖盘
221,09:41:00,182.85,347429,19,卖盘
222,09:41:03,182.84,73139,4,卖盘
223,09:41:06,182.82,36752,2,卖盘
224,09:41:09,182.82,18282,1,卖盘
225,09:41:12,182.82,274262,15,卖盘
226,09:41:15,182.86,859342,47,买盘
227,09:41:18,182.82,54846,3,中性盘
228,09:41:21,182.82,237665,13,买盘
229,09:41:24,182.9,599783,33,买盘
230,09:41:27,182.95,54885,3,买盘
231,09:41:30,182.9,182900,10,卖盘
232,09:41:33,182.89,164598,9,卖盘
233,09:41:36,182.87,164583,9,卖盘
234,09:41:40,182.82,420602,23,卖盘
235,09:41:43,182.87,91425,5,中性盘
236,09:41:45,182.82,475449,26,卖盘
237,09:41:48,182.88,932362,51,中性盘
238,09:41:52,182.87,512098,28,中性盘
239,09:41:55,183.02,975374,53,买盘
240,09:41:57,183.1,36620,2,买盘
241,09:42:00,183.01,36602,2,中性盘
242,09:42:07,183.05,73220,4,卖盘
243,09:42:09,183.05,183070,10,卖盘
244,09:42:13,183.09,201348,11,中性盘
245,09:42:15,183.05,91510,5,中性盘
246,09:42:19,183.01,36606,2,卖盘
247,09:42:22,183.03,109821,6,中性盘
248,09:42:24,183.04,311169,17,买盘
249,09:42:28,183.01,36605,2,卖盘
250,09:42:31,183.04,292827,16,买盘
251,09:42:34,183.0,73209,4,卖盘
252,09:42:37,183.0,201308,11,卖盘
253,09:42:43,183.0,146400,8,卖盘
254,09:42:45,183.0,274491,15,卖盘
255,09:42:48,182.98,237882,13,卖盘
256,09:42:52,182.91,128046,7,中性盘
257,09:42:54,182.9,73162,4,中性盘
258,09:42:58,182.91,219503,12,卖盘
259,09:43:01,182.92,54877,3,中性盘
260,09:43:04,182.91,201201,11,卖盘
261,09:43:07,182.91,73164,4,买盘
262,09:43:09,182.98,896615,49,买盘
263,09:43:13,183.0,622158,34,买盘
264,09:43:15,183.0,54900,3,买盘
265,09:43:18,182.98,256197,14,卖盘
266,09:43:25,183.0,201309,11,买盘
267,09:43:27,182.99,73197,4,中性盘
268,09:43:31,182.98,292790,16,卖盘
269,09:43:33,182.98,530638,29,卖盘
270,09:43:37,182.93,219537,12,卖盘
271,09:43:40,182.91,1390613,76,卖盘
272,09:43:42,182.98,640430,35,买盘
273,09:43:46,182.9,1189362,65,卖盘
274,09:43:48,182.95,347654,19,中性盘
275,09:43:52,182.97,512290,28,买盘
276,09:43:54,182.91,91490,5,卖盘
277,09:43:57,182.94,54884,3,中性盘
278,09:44:00,182.92,182923,10,卖盘
279,09:44:03,182.92,256082,14,买盘
280,09:44:06,182.92,146339,8,卖盘
281,09:44:09,182.92,329256,18,卖盘
282,09:44:13,182.91,73165,4,卖盘
283,09:44:15,182.91,146329,8,卖盘
284,09:44:18,182.9,1115694,61,卖盘
285,09:44:22,182.81,1206850,66,卖盘
286,09:44:25,182.6,6926096,379,卖盘
287,09:44:27,182.5,511209,28,卖盘
288,09:44:30,182.5,584007,32,卖盘
289,09:44:33,182.51,584001,32,买盘
290,09:44:36,182.5,565769,31,卖盘
291,09:44:39,182.49,328399,18,中性盘
292,09:44:43,182.4,18240,1,卖盘
293,09:44:45,182.4,291931,16,卖盘
294,09:44:48,182.41,145932,8,卖盘
295,09:44:52,182.41,601956,33,卖盘
296,09:44:55,182.44,784361,43,买盘
297,09:44:57,182.36,346565,19,卖盘
298,09:45:01,182.43,255352,14,买盘
299,09:45:03,182.4,675031,37,卖盘
300,09:45:06,182.39,145913,8,卖盘
301,09:45:10,182.39,273596,15,卖盘
302,09:45:12,182.39,547193,30,卖盘
303,09:45:15,182.39,729569,40,买盘
304,09:45:19,182.4,364852,20,中性盘
305,09:45:22,182.44,182428,10,买盘
306,09:45:25,182.4,164170,9,中性盘
307,09:45:28,182.48,2845087,156,买盘
308,09:45:31,182.54,602292,33,买盘
309,09:45:33,182.6,18260,1,买盘
310,09:45:37,182.6,182606,10,买盘
311,09:45:40,182.49,584183,32,卖盘
312,09:45:42,182.64,36526,2,买盘
313,09:45:46,182.68,840062,46,买盘
314,09:45:48,182.6,1680216,92,卖盘
315,09:45:52,182.73,73067,4,中性盘
316,09:45:54,182.63,146156,8,中性盘
317,09:45:57,182.75,182722,10,买盘
318,09:46:01,182.68,54794,3,中性盘
319,09:46:04,182.7,219178,12,买盘
320,09:46:07,182.7,164368,9,买盘
321,09:46:09,182.61,347178,19,卖盘
322,09:46:12,182.61,54786,3,卖盘
323,09:46:15,182.6,493059,27,卖盘
324,09:46:18,182.61,200870,11,买盘
325,09:46:21,182.61,310435,17,买盘
326,09:46:24,182.61,529566,29,买盘
327,09:46:27,182.6,328689,18,卖盘
328,09:46:30,182.6,219120,12,卖盘
329,09:46:34,182.61,255653,14,买盘
330,09:46:37,182.61,146090,8,卖盘
331,09:46:40,182.61,164352,9,卖盘
332,09:46:43,182.61,602621,33,卖盘
333,09:46:45,182.61,54781,3,买盘
334,09:46:49,182.61,182603,10,买盘
335,09:46:52,182.5,1168613,64,卖盘
336,09:46:55,182.5,200754,11,卖盘
337,09:46:58,182.48,237246,13,卖盘
338,09:47:01,182.48,583955,32,卖盘
339,09:47:04,182.47,200709,11,中性盘
340,09:47:07,182.51,583987,32,买盘
341,09:47:10,182.51,109506,6,卖盘
342,09:47:12,182.51,146017,8,卖盘
343,09:47:15,182.51,54753,3,卖盘
344,09:47:19,182.54,109520,6,买盘
345,09:47:22,182.56,219059,12,买盘
346,09:47:24,182.56,328589,18,买盘
347,09:47:28,182.6,255608,14,买盘
348,09:47:31,182.83,858376,47,买盘
349,09:47:34,182.63,73068,4,中性盘
350,09:47:37,182.62,36524,2,中性盘
351,09:47:39,182.62,73068,4,卖盘
352,09:47:43,182.63,146209,8,中性盘
353,09:47:45,182.8,146176,8,中性盘
354,09:47:49,182.84,365648,20,买盘
355,09:47:51,182.84,146277,8,卖盘
356,09:47:55,182.84,91420,5,卖盘
357,09:47:58,182.89,54868,3,中性盘
358,09:48:00,182.9,73159,4,买盘
359,09:48:03,182.9,146309,8,买盘
360,09:48:06,182.91,146323,8,买盘
361,09:48:09,182.9,164612,9,卖盘
362,09:48:12,182.91,823056,45,买盘
363,09:48:15,182.91,109744,6,买盘
364,09:48:18,182.91,457273,25,买盘
365,09:48:22,182.88,694978,38,卖盘
366,09:48:24,182.8,914033,50,卖盘
367,09:48:28,182.63,438594,24,卖盘
368,09:48:31,182.61,346968,19,卖盘
369,09:48:34,182.62,127829,7,买盘
370,09:48:37,182.6,292187,16,卖盘
371,09:48:39,182.6,54783,3,卖盘
372,09:48:42,182.61,255680,14,买盘
373,09:48:45,182.6,164343,9,卖盘
374,09:48:48,182.62,346972,19,中性盘
375,09:48:52,182.6,839968,46,卖盘
376,09:48:54,182.6,237354,13,买盘
377,09:48:57,182.55,986007,54,卖盘
378,09:49:00,182.55,1478946,81,中性盘
379,09:49:03,182.61,547710,30,买盘
380,09:49:06,182.61,146096,8,买盘
381,09:49:10,182.68,1169003,64,买盘
382,09:49:12,182.76,401972,22,中性盘
383,09:49:16,182.69,182752,10,中性盘
384,09:49:18,182.77,91384,5,买盘
385,09:49:22,182.78,383851,21,买盘
386,09:49:25,182.78,146220,8,买盘
387,09:49:28,182.95,771665,42,买盘
388,09:49:31,182.93,731581,40,卖盘
389,09:49:34,182.81,288879,16,卖盘
390,09:49:37,182.93,164633,9,买盘
391,09:49:39,182.77,54847,3,卖盘
392,09:49:43,182.92,54864,3,买盘
393,09:49:45,182.92,73135,4,买盘
394,09:49:49,182.81,54843,3,卖盘
395,09:49:52,182.91,146270,8,买盘
396,09:49:55,182.88,146235,8,中性盘
397,09:49:58,182.81,91408,5,中性盘
398,09:50:01,182.89,109732,6,买盘
399,09:50:04,182.88,109728,6,卖盘
400,09:50:07,182.9,54868,3,中性盘
401,09:50:09,182.91,128025,7,买盘
402,09:50:12,182.88,256044,14,卖盘
403,09:50:15,182.91,73162,4,买盘
404,09:50:18,182.88,164604,9,卖盘
405,09:50:21,182.83,987494,54,卖盘
406,09:50:24,182.81,292525,16,卖盘
407,09:50:27,182.81,329064,18,卖盘
408,09:50:31,182.77,164521,9,卖盘
409,09:50:34,182.81,73115,4,买盘
410,09:50:37,182.77,219316,12,买盘
411,09:50:39,182.66,146149,8,卖盘
412,09:50:43,182.76,182759,10,买盘
413,09:50:46,182.68,219291,12,中性盘
414,09:50:49,182.77,164492,9,买盘
415,09:50:52,182.77,383849,21,卖盘
416,09:50:55,182.81,475244,26,中性盘
417,09:50:58,182.9,566881,31,买盘
418,09:51:01,182.92,329216,18,买盘
419,09:51:04,182.87,164579,9,买盘
420,09:51:07,182.87,146291,8,买盘
421,09:51:10,182.87,164606,9,卖盘
422,09:51:12,182.92,54876,3,买盘
423,09:51:15,182.92,439022,24,卖盘
424,09:51:19,182.92,347583,19,卖盘
425,09:51:22,182.93,420723,23,买盘
426,09:51:25,182.93,347565,19,卖盘
427,09:51:28,182.93,274395,15,买盘
428,09:51:37,182.93,128064,7,卖盘
429,09:51:42,182.93,73174,4,卖盘
430,09:51:45,182.92,621973,34,中性盘
431,09:51:49,182.91,310952,17,卖盘
432,09:51:52,182.87,36574,2,卖盘
433,09:51:55,182.85,73140,4,卖盘
434,09:52:01,182.85,73140,4,卖盘
435,09:52:04,182.85,219420,12,卖盘
436,09:52:07,182.85,164565,9,卖盘
437,09:52:09,182.83,146266,8,卖盘
438,09:52:13,182.83,127983,7,卖盘
439,09:52:15,182.8,475346,26,卖盘
440,09:52:18,182.76,146209,8,卖盘
441,09:52:21,182.67,182692,10,卖盘
442,09:52:25,182.61,200914,11,卖盘
443,09:52:28,182.6,310434,17,卖盘
444,09:52:30,182.58,273849,15,卖盘
445,09:52:33,182.44,1532948,84,卖盘
446,09:52:36,182.41,291895,16,卖盘
447,09:52:39,182.4,127683,7,卖盘
448,09:52:43,182.4,492483,27,卖盘
449,09:52:45,182.39,164158,9,卖盘
450,09:52:48,182.38,273589,15,卖盘
451,09:52:52,182.39,820723,45,买盘
452,09:52:55,182.38,200602,11,卖盘
453,09:52:58,182.38,382968,21,买盘
454,09:53:01,182.38,182380,10,买盘
455,09:53:04,182.38,419477,23,买盘
456,09:53:07,182.38,273589,15,卖盘
457,09:53:09,182.38,255359,14,卖盘
458,09:53:12,182.4,164157,9,买盘
459,09:53:16,182.38,218898,12,卖盘
460,09:53:19,182.4,182393,10,中性盘
461,09:53:21,182.4,364777,20,买盘
462,09:53:25,182.39,200650,11,中性盘
463,09:53:28,182.4,164160,9,中性盘
464,09:53:31,182.41,437777,24,买盘
465,09:53:34,182.41,674886,37,买盘
466,09:53:37,182.39,437766,24,卖盘
467,09:53:39,182.4,1697019,93,卖盘
468,09:53:42,182.4,182404,10,中性盘
469,09:53:46,182.4,145929,8,卖盘
470,09:53:49,182.41,109446,6,卖盘
471,09:53:52,182.41,164169,9,买盘
472,09:53:55,182.4,182404,10,卖盘
473,09:53:58,182.35,3556114,195,卖盘
474,09:54:01,182.4,1258299,69,买盘
475,09:54:04,182.25,692718,38,卖盘
476,09:54:07,182.23,382742,21,卖盘
477,09:54:10,182.21,328006,18,卖盘
478,09:54:13,182.21,346242,19,中性盘
479,09:54:15,182.28,236899,13,买盘
480,09:54:19,182.24,364537,20,中性盘
481,09:54:22,182.34,912005,50,中性盘
482,09:54:25,182.26,309937,17,卖盘
483,09:54:28,182.34,54686,3,中性盘
484,09:54:31,182.28,255278,14,卖盘
485,09:54:34,182.28,401042,22,卖盘
486,09:54:36,182.3,91145,5,中性盘
487,09:54:39,182.39,255200,14,中性盘
488,09:54:43,182.4,200611,11,买盘
489,09:54:46,182.31,18231,1,中性盘
490,09:54:49,182.37,36476,2,中性盘
491,09:54:52,182.34,237074,13,卖盘
492,09:54:55,182.41,930271,51,买盘
493,09:54:58,182.44,18244,1,中性盘
494,09:55:01,182.5,36493,2,中性盘
495,09:55:04,182.58,547666,30,买盘
496,09:55:07,182.57,456442,25,卖盘
497,09:55:10,182.5,383343,21,卖盘
498,09:55:13,182.44,273711,15,卖盘
499,09:55:16,182.44,72982,4,卖盘
500,09:55:19,182.44,164181,9,卖盘
501,09:55:22,182.5,91220,5,买盘
502,09:55:25,182.4,145946,8,卖盘
503,09:55:28,182.4,145929,8,卖盘
504,09:55:31,182.41,164156,9,中性盘
505,09:55:34,182.39,218873,12,卖盘
506,09:55:37,182.39,255351,14,卖盘
507,09:55:39,182.39,291825,16,卖盘
508,09:55:43,182.39,784278,43,卖盘
509,09:55:46,182.34,328270,18,卖盘
510,09:55:49,182.34,309990,17,卖盘
511,09:55:52,182.32,237031,13,卖盘
512,09:55:55,182.33,145861,8,买盘
513,09:55:58,182.31,145855,8,卖盘
514,09:56:01,182.31,72926,4,卖盘
515,09:56:04,182.31,492240,27,中性盘
516,09:56:07,182.28,182294,10,卖盘
517,09:56:10,182.29,200509,11,买盘
518,09:56:12,182.29,273421,15,中性盘
519,09:56:16,182.26,236956,13,卖盘
520,09:56:19,182.23,692589,38,卖盘
521,09:56:22,182.23,164010,9,卖盘
522,09:56:25,182.21,236888,13,卖盘
523,09:56:28,182.22,127547,7,中性盘
524,09:56:31,182.23,965735,53,买盘
525,09:56:34,182.24,838193,46,买盘
526,09:56:36,182.18,200404,11,卖盘
527,09:56:40,182.23,455547,25,买盘
528,09:56:43,182.18,218644,12,卖盘
529,09:56:46,182.2,182188,10,中性盘
530,09:56:49,182.2,692284,38,中性盘
531,09:56:52,182.19,856335,47,中性盘
532,09:56:55,182.18,18218,1,卖盘
533,09:56:58,182.15,327912,18,卖盘
534,09:57:01,182.11,509930,28,卖盘
535,09:57:04,182.11,455257,25,卖盘
536,09:57:06,182.06,254923,14,卖盘
537,09:57:10,182.06,382339,21,卖盘
538,09:57:13,182.07,200294,11,中性盘
539,09:57:16,182.1,673839,37,买盘
540,09:57:19,182.08,254914,14,卖盘
541,09:57:22,182.11,145692,8,中性盘
542,09:57:25,182.11,109266,6,卖盘
543,09:57:31,182.15,163908,9,买盘
544,09:57:34,182.15,109270,6,买盘
545,09:57:36,182.15,145700,8,买盘
546,09:57:40,182.14,972557,53,买盘
547,09:57:43,182.19,54654,3,买盘
548,09:57:46,182.17,965188,53,买盘
549,09:57:49,182.12,127509,7,中性盘
550,09:57:52,182.12,109280,6,卖盘
551,09:57:55,182.11,145687,8,卖盘
552,09:57:58,182.14,382500,21,买盘
553,09:58:01,182.16,3351012,184,买盘
554,09:58:04,182.07,400622,22,卖盘
555,09:58:07,182.16,91059,5,买盘
556,09:58:09,182.16,72836,4,买盘
557,09:58:13,182.03,546155,30,卖盘
558,09:58:16,182.07,1092641,60,买盘
559,09:58:18,182.03,163839,9,卖盘
560,09:58:22,182.1,218519,12,买盘
561,09:58:25,182.1,200277,11,买盘
562,09:58:28,182.07,218512,12,卖盘
563,09:58:31,182.07,455206,25,卖盘
564,09:58:33,182.07,36414,2,卖盘
565,09:58:37,182.11,182094,10,买盘
566,09:58:39,182.15,182119,10,买盘
567,09:58:43,182.15,236741,13,买盘
568,09:58:46,182.07,327740,18,卖盘
569,09:58:49,182.14,145696,8,买盘
570,09:58:52,182.12,36424,2,卖盘
571,09:58:54,182.11,327852,18,卖盘
572,09:58:57,182.15,1129359,62,买盘
573,09:59:01,182.15,200366,11,卖盘
574,09:59:04,182.15,127507,7,卖盘
575,09:59:06,182.14,255008,14,卖盘
576,09:59:10,182.13,400713,22,卖盘
577,09:59:13,182.14,18214,1,卖盘
578,09:59:16,182.13,364262,20,卖盘
579,09:59:19,182.08,218529,12,卖盘
580,09:59:22,182.07,182090,10,卖盘
581,09:59:25,182.08,619039,34,买盘
582,09:59:28,182.06,182068,10,卖盘
583,09:59:31,182.13,1456711,80,买盘
584,09:59:34,182.08,182069,10,买盘
585,09:59:40,182.08,418770,23,买盘
586,09:59:43,182.08,54622,3,中性盘
587,09:59:46,182.07,36414,2,卖盘
588,09:59:49,182.08,72832,4,卖盘
589,09:59:52,182.09,600914,33,买盘
590,09:59:55,182.08,473409,26,卖盘
591,09:59:58,182.09,1238351,68,中性盘
592,10:00:01,182.08,145671,8,卖盘
593,10:00:04,182.05,127455,7,卖盘
594,10:00:06,182.04,145637,8,卖盘
595,10:00:10,182.02,1073994,59,卖盘
596,10:00:13,182.01,691650,38,卖盘
597,10:00:16,182.01,218414,12,卖盘
598,10:00:19,182.01,364022,20,卖盘
599,10:00:22,182.0,728027,40,卖盘
600,10:00:25,182.0,1110212,61,卖盘
601,10:00:28,182.0,4167804,229,卖盘
602,10:00:31,182.0,1856405,102,卖盘
603,10:00:33,181.91,4076680,224,卖盘
604,10:00:37,181.95,382045,21,买盘
605,10:00:40,181.85,1491431,82,卖盘
606,10:00:43,181.85,309154,17,卖盘
607,10:00:46,181.85,145466,8,买盘
608,10:00:49,181.85,763831,42,买盘
609,10:00:52,181.85,345521,19,卖盘
610,10:00:55,181.85,454585,25,卖盘
611,10:00:58,181.86,472882,26,中性盘
612,10:01:01,181.88,290987,16,中性盘
613,10:01:04,181.87,145506,8,卖盘
614,10:01:06,181.88,291021,16,中性盘
615,10:01:10,181.91,145511,8,买盘
616,10:01:12,181.87,891146,49,卖盘
617,10:01:15,181.91,727624,40,买盘
618,10:01:18,181.89,272834,15,卖盘
619,10:01:22,181.86,363750,20,卖盘
620,10:01:25,181.85,654675,36,卖盘
621,10:01:27,181.84,145478,8,卖盘
622,10:01:31,181.84,309135,17,卖盘
623,10:01:33,181.84,127291,7,买盘
624,10:01:37,181.87,1891122,104,买盘
625,10:01:39,181.91,1783043,98,买盘
626,10:01:42,181.92,1255966,69,中性盘
627,10:01:46,181.91,127364,7,卖盘
628,10:01:51,181.92,54576,3,买盘
629,10:01:54,181.93,309240,17,买盘
630,10:01:57,181.93,654982,36,中性盘
631,10:02:00,181.94,145575,8,中性盘
632,10:02:03,181.99,54598,3,买盘
633,10:02:06,181.94,109172,6,卖盘
634,10:02:09,182.0,291172,16,买盘
635,10:02:13,182.0,182001,10,卖盘
636,10:02:16,182.01,218402,12,买盘
637,10:02:18,182.01,527829,29,买盘
638,10:02:22,182.02,36404,2,买盘
639,10:02:24,182.04,600725,33,买盘
640,10:02:27,182.07,72828,4,中性盘
641,10:02:30,182.12,91056,5,中性盘
642,10:02:33,182.05,127467,7,卖盘
643,10:02:36,182.12,346011,19,买盘
644,10:02:39,182.13,254969,14,买盘
645,10:02:43,182.13,163914,9,买盘
646,10:02:45,182.12,491798,27,中性盘
647,10:02:49,182.16,364305,20,买盘
648,10:02:51,182.12,473535,26,卖盘
649,10:02:55,182.13,127486,7,买盘
650,10:02:57,182.12,18212,1,卖盘
651,10:03:01,182.13,346104,19,中性盘
652,10:03:03,182.13,364275,20,卖盘
653,10:03:07,182.15,291422,16,买盘
654,10:03:10,182.15,127503,7,买盘
655,10:03:13,182.15,145714,8,买盘
656,10:03:15,182.16,200357,11,买盘
657,10:03:18,182.17,382543,21,买盘
658,10:03:21,182.16,309725,17,卖盘
659,10:03:25,182.2,236840,13,中性盘
660,10:03:27,182.24,36448,2,买盘
661,10:03:30,182.22,54672,3,中性盘
662,10:03:34,182.2,255082,14,卖盘
663,10:03:37,182.19,91100,5,买盘
664,10:03:40,182.19,145752,8,买盘
665,10:03:43,182.17,72868,4,卖盘
666,10:03:45,182.16,54649,3,卖盘
667,10:03:49,182.17,109302,6,买盘
668,10:03:52,182.16,72866,4,中性盘
669,10:03:55,182.17,91085,5,买盘
670,10:03:58,182.16,109300,6,卖盘
671,10:04:01,182.16,163949,9,卖盘
672,10:04:03,182.15,455385,25,卖盘
673,10:04:07,182.13,346078,19,卖盘
674,10:04:09,182.12,655651,36,卖盘
675,10:04:12,182.16,947171,52,买盘
676,10:04:16,182.11,254973,14,卖盘
677,10:04:18,182.1,72840,4,卖盘
678,10:04:25,182.1,291374,16,卖盘
679,10:04:27,182.1,145682,8,卖盘
680,10:04:30,182.1,36420,2,卖盘
681,10:04:33,182.13,1256502,69,买盘
682,10:04:37,182.17,437163,24,买盘
683,10:04:39,182.14,163944,9,买盘
684,10:04:42,182.13,145719,8,卖盘
685,10:04:45,182.1,91058,5,卖盘
686,10:04:48,182.14,18214,1,卖盘
687,10:04:52,182.16,145721,8,买盘
688,10:04:55,182.14,36429,2,中性盘
689,10:04:58,182.13,72853,4,卖盘
690,10:05:00,182.14,127495,7,买盘
691,10:05:03,182.13,18213,1,中性盘
692,10:05:06,182.15,764995,42,买盘
693,10:05:09,182.18,145736,8,买盘
694,10:05:12,182.21,54663,3,买盘
695,10:05:16,182.21,965417,53,买盘
696,10:05:21,182.22,109337,6,中性盘
697,10:05:24,182.23,127561,7,买盘
698,10:05:27,182.21,127549,7,卖盘
699,10:05:30,182.19,127550,7,卖盘
700,10:05:33,182.22,91108,5,买盘
701,10:05:36,182.2,36442,2,中性盘
702,10:05:40,182.21,109331,6,中性盘
703,10:05:42,182.21,109325,6,买盘
704,10:05:46,182.21,163989,9,买盘
705,10:05:48,182.22,109331,6,买盘
706,10:05:51,182.22,36444,2,卖盘
707,10:05:54,182.23,291566,16,买盘
708,10:05:58,182.25,218691,12,买盘
709,10:06:00,182.23,36447,2,卖盘
710,10:06:03,182.27,91119,5,买盘
711,10:06:06,182.3,473915,26,买盘
712,10:06:13,182.34,54702,3,买盘
713,10:06:15,182.33,382922,21,中性盘
714,10:06:18,182.33,145871,8,中性盘
715,10:06:25,182.34,91172,5,卖盘
716,10:06:27,182.34,127644,7,卖盘
717,10:06:30,182.35,109410,6,买盘
718,10:06:33,182.35,109410,6,卖盘
719,10:06:36,182.36,218824,12,买盘
720,10:06:39,182.35,72941,4,卖盘
721,10:06:43,182.36,18236,1,买盘
722,10:06:45,182.36,200596,11,买盘
723,10:06:48,182.36,18236,1,买盘
724,10:06:51,182.36,91180,5,买盘
725,10:06:55,182.36,109414,6,买盘
726,10:06:58,182.36,54708,3,买盘
727,10:07:01,182.36,54709,3,卖盘
728,10:07:03,182.35,145884,8,卖盘
729,10:07:06,182.36,72944,4,中性盘
730,10:07:09,182.35,127650,7,卖盘
731,10:07:12,182.36,54708,3,买盘
732,10:07:15,182.35,72941,4,卖盘
733,10:07:19,182.35,218825,12,卖盘
734,10:07:21,182.36,91178,5,买盘
735,10:07:24,182.35,291763,16,卖盘
736,10:07:27,182.35,273528,15,卖盘
737,10:07:31,182.36,182357,10,买盘
738,10:07:34,182.36,127652,7,卖盘
739,10:07:36,182.36,109410,6,卖盘
740,10:07:42,182.37,54707,3,买盘
741,10:07:45,182.36,255302,14,中性盘
742,10:07:49,182.37,127652,7,买盘
743,10:07:51,182.35,18235,1,卖盘
744,10:07:54,182.36,54709,3,中性盘
745,10:07:57,182.34,638206,35,卖盘
746,10:08:00,182.33,200565,11,卖盘
747,10:08:03,182.33,492320,27,卖盘
748,10:08:06,182.33,91165,5,卖盘
749,10:08:10,182.34,164116,9,中性盘
750,10:08:13,182.37,200596,11,买盘
751,10:08:15,182.4,437694,24,买盘
752,10:08:19,182.42,218930,12,买盘
753,10:08:21,182.5,146000,8,买盘
754,10:08:25,182.5,310278,17,买盘
755,10:08:27,182.5,146000,8,买盘
756,10:08:30,182.49,36499,2,卖盘
757,10:08:34,182.49,72999,4,中性盘
758,10:08:36,182.49,145989,8,中性盘
759,10:08:39,182.49,456214,25,买盘
760,10:08:45,182.46,328471,18,卖盘
761,10:08:48,182.45,36490,2,买盘
762,10:08:51,182.44,583812,32,卖盘
763,10:08:55,182.44,91232,5,卖盘
764,10:08:57,182.44,145952,8,卖盘
765,10:09:01,182.44,182446,10,卖盘
766,10:09:03,182.45,237173,13,中性盘
767,10:09:06,182.44,36485,2,中性盘
768,10:09:09,182.34,182362,10,卖盘
769,10:09:13,182.34,127661,7,卖盘
770,10:09:15,182.34,72930,4,中性盘
771,10:09:19,182.41,36482,2,中性盘
772,10:09:22,182.3,36464,2,卖盘
773,10:09:25,182.31,40113,2,中性盘
774,10:09:27,182.31,36462,2,卖盘
775,10:09:30,182.31,164091,9,卖盘
776,10:09:33,182.31,200594,11,卖盘
777,10:09:37,182.39,109426,6,买盘
778,10:09:39,182.31,72924,4,卖盘
779,10:09:43,182.32,273501,15,卖盘
780,10:09:45,182.34,36467,2,中性盘
781,10:09:51,182.3,54692,3,卖盘
782,10:09:55,182.35,182358,10,中性盘
783,10:09:57,182.32,127622,7,卖盘
784,10:10:01,182.3,164100,9,卖盘
785,10:10:03,182.32,72923,4,中性盘
786,10:10:06,182.29,54687,3,卖盘
787,10:10:09,182.32,109380,6,买盘
788,10:10:12,182.36,583477,32,买盘
789,10:10:16,182.36,218832,12,卖盘
790,10:10:21,182.36,109416,6,卖盘
791,10:10:24,182.38,565403,31,中性盘
792,10:10:28,182.38,18238,1,买盘
793,10:10:30,182.37,18237,1,卖盘
794,10:10:33,182.37,127660,7,中性盘
795,10:10:36,182.38,91189,5,买盘
796,10:10:39,182.35,109405,6,卖盘
797,10:10:42,182.37,18237,1,买盘
798,10:10:46,182.37,54711,3,买盘
799,10:10:48,182.42,620118,34,买盘
800,10:10:52,182.38,164143,9,卖盘
801,10:10:54,182.48,218948,12,买盘
802,10:10:58,182.43,91225,5,卖盘
803,10:11:00,182.49,529198,29,买盘
804,10:11:04,182.48,36496,2,中性盘
805,10:11:06,182.43,54739,3,卖盘
806,10:11:12,182.49,54747,3,买盘
807,10:11:18,182.48,273721,15,卖盘
808,10:11:21,182.48,273710,15,买盘
809,10:11:24,182.49,310242,17,买盘
810,10:11:27,182.51,182497,10,买盘
811,10:11:30,182.51,36502,2,卖盘
812,10:11:33,182.49,91253,5,卖盘
813,10:11:37,182.51,109498,6,中性盘
814,10:11:40,182.51,73008,4,卖盘
815,10:11:42,182.53,54759,3,中性盘
816,10:11:46,182.5,54755,3,卖盘
817,10:11:48,182.59,584154,32,买盘
818,10:11:52,182.59,146070,8,买盘
819,10:11:58,182.58,91292,5,卖盘
820,10:12:00,182.6,310420,17,买盘
821,10:12:07,182.61,273887,15,买盘
822,10:12:09,182.61,18261,1,买盘
823,10:12:13,182.54,292108,16,卖盘
824,10:12:15,182.61,766774,42,买盘
825,10:12:18,182.58,36512,2,中性盘
826,10:12:21,182.56,54766,3,中性盘
827,10:12:24,182.54,18254,1,卖盘
828,10:12:28,182.54,109525,6,卖盘
829,10:12:31,182.54,91274,5,卖盘
830,10:12:33,182.55,109529,6,买盘
831,10:12:36,182.52,127764,7,卖盘
832,10:12:39,182.52,18252,1,买盘
833,10:12:42,182.53,237278,13,买盘
834,10:12:45,182.51,18251,1,卖盘
835,10:12:48,182.51,109508,6,卖盘
836,10:12:51,182.51,91261,5,卖盘
837,10:12:54,182.53,36506,2,卖盘
838,10:12:57,182.55,146028,8,买盘
839,10:13:00,182.52,73010,4,卖盘
840,10:13:03,182.57,36514,2,买盘
841,10:13:06,182.57,73028,4,卖盘
842,10:13:10,182.58,474714,26,买盘
843,10:13:12,182.6,365130,20,买盘
844,10:13:15,182.61,511308,28,买盘
845,10:13:18,182.61,146089,8,卖盘
846,10:13:21,182.61,73044,4,卖盘
847,10:13:24,182.61,18261,1,中性盘
848,10:13:28,182.61,36521,2,买盘
849,10:13:30,182.58,18258,1,卖盘
850,10:13:33,182.57,54771,3,卖盘
851,10:13:36,182.58,109548,6,中性盘
852,10:13:40,182.52,18252,1,卖盘
853,10:13:42,182.55,54763,3,中性盘
854,10:13:45,182.51,73004,4,卖盘
855,10:13:48,182.53,73006,4,中性盘
856,10:13:52,182.53,18253,1,卖盘
857,10:13:55,182.51,54753,3,卖盘
858,10:13:57,182.56,36512,2,买盘
859,10:14:00,182.51,255526,14,卖盘
860,10:14:03,182.52,182523,10,中性盘
861,10:14:06,182.51,237264,13,卖盘
862,10:14:09,182.5,894287,49,卖盘
863,10:14:12,182.49,127745,7,卖盘
864,10:14:15,182.5,145996,8,买盘
865,10:14:18,182.49,438001,24,卖盘
866,10:14:21,182.49,291984,16,卖盘
867,10:14:24,182.49,54747,3,卖盘
868,10:14:30,182.49,182490,10,卖盘
869,10:14:33,182.49,91245,5,卖盘
870,10:14:36,182.5,36499,2,买盘
871,10:14:39,182.49,36498,2,卖盘
872,10:14:42,182.47,255478,14,卖盘
873,10:14:45,182.48,91234,5,中性盘
874,10:14:48,182.43,182445,10,卖盘
875,10:14:54,182.43,54729,3,卖盘
876,10:14:57,182.43,18243,1,卖盘
877,10:15:01,182.44,91218,5,中性盘
878,10:15:03,182.43,18243,1,卖盘
879,10:15:07,182.43,291888,16,卖盘
880,10:15:09,182.35,1513898,83,卖盘
881,10:15:12,182.38,674702,37,中性盘
882,10:15:15,182.35,273526,15,卖盘
883,10:15:18,182.27,546904,30,卖盘
884,10:15:21,182.27,91148,5,卖盘
885,10:15:25,182.27,36454,2,卖盘
886,10:15:27,182.27,236965,13,卖盘
887,10:15:30,182.27,72909,4,卖盘
888,10:15:34,182.24,18224,1,卖盘
889,10:15:37,182.24,145795,8,卖盘
890,10:15:39,182.27,54675,3,买盘
891,10:15:42,182.24,218719,12,卖盘
892,10:15:46,182.33,437477,24,买盘
893,10:15:48,182.34,72927,4,买盘
894,10:15:51,182.35,36469,2,买盘
895,10:15:54,182.32,54701,3,中性盘
896,10:15:57,182.34,18234,1,中性盘
897,10:16:01,182.31,18231,1,卖盘
898,10:16:04,182.31,145849,8,卖盘
899,10:16:10,182.31,145848,8,卖盘
900,10:16:12,182.31,18231,1,买盘
901,10:16:15,182.27,91147,5,卖盘
902,10:16:18,182.28,364570,20,中性盘
903,10:16:21,182.25,218696,12,卖盘
904,10:16:24,182.27,255154,14,买盘
905,10:16:28,182.24,18224,1,买盘
906,10:16:31,182.24,18224,1,买盘
907,10:16:33,182.2,983935,54,卖盘
908,10:16:37,182.23,18223,1,中性盘
909,10:16:40,182.19,236864,13,卖盘
910,10:16:43,182.17,127527,7,卖盘
911,10:16:46,182.17,18217,1,卖盘
912,10:16:49,182.18,127532,7,买盘
913,10:16:51,182.17,91080,5,中性盘
914,10:16:55,182.17,1566683,86,买盘
915,10:16:57,182.18,54662,3,中性盘
916,10:17:00,182.16,145737,8,卖盘
917,10:17:03,182.17,36434,2,中性盘
918,10:17:06,182.17,36439,2,卖盘
919,10:17:09,182.21,346176,19,买盘
920,10:17:16,182.2,18220,1,中性盘
921,10:17:19,182.19,18219,1,卖盘
922,10:17:22,182.2,218663,12,卖盘
923,10:17:30,182.22,91110,5,卖盘
924,10:17:33,182.23,127559,7,买盘
925,10:17:36,182.23,164007,9,买盘
926,10:17:39,182.25,583119,32,买盘
927,10:17:42,182.24,36450,2,卖盘
928,10:17:46,182.27,72903,4,买盘
929,10:17:48,182.31,72914,4,买盘
930,10:17:52,182.36,109393,6,买盘
931,10:17:57,182.31,182310,10,卖盘
932,10:18:01,182.38,18238,1,中性盘
933,10:18:03,182.33,36464,2,中性盘
934,10:18:06,182.37,291839,16,买盘
935,10:18:09,182.37,218866,12,买盘
936,10:18:12,182.37,54707,3,买盘
937,10:18:15,182.34,91171,5,卖盘
938,10:18:18,182.34,36473,2,卖盘
939,10:18:21,182.34,218808,12,卖盘
940,10:18:24,182.27,948011,52,卖盘
941,10:18:27,182.24,236936,13,卖盘
942,10:18:31,182.24,145792,8,卖盘
943,10:18:33,182.21,200440,11,卖盘
944,10:18:36,182.23,236869,13,买盘
945,10:18:39,182.19,91101,5,卖盘
946,10:18:43,182.18,182203,10,卖盘
947,10:18:45,182.23,328006,18,买盘
948,10:18:48,182.22,109330,6,中性盘
949,10:18:51,182.17,127525,7,卖盘
950,10:18:54,182.19,109312,6,买盘
951,10:18:58,182.21,91113,5,中性盘
952,10:19:00,182.19,91098,5,卖盘
953,10:19:06,182.19,18219,1,买盘
954,10:19:09,182.19,18219,1,买盘
955,10:19:13,182.19,182186,10,买盘
956,10:19:15,182.19,255066,14,卖盘
957,10:19:18,182.19,36438,2,卖盘
958,10:19:21,182.19,236850,13,卖盘
959,10:19:24,182.19,18219,1,卖盘
960,10:19:27,182.2,36440,2,买盘
961,10:19:33,182.2,127537,7,买盘
962,10:19:37,182.2,54660,3,买盘
963,10:19:39,182.2,72879,4,买盘
964,10:19:42,182.19,36438,2,卖盘
965,10:19:45,182.2,36439,2,买盘
966,10:19:48,182.2,72880,4,买盘
967,10:19:52,182.19,145756,8,卖盘
968,10:19:54,182.19,200415,11,卖盘
969,10:19:57,182.19,18219,1,卖盘
970,10:20:03,182.2,54663,3,卖盘
971,10:20:06,182.2,309796,17,卖盘
972,10:20:10,182.2,18220,1,买盘
973,10:20:13,182.24,236877,13,买盘
974,10:20:15,182.2,18220,1,中性盘
975,10:20:19,182.17,510084,28,卖盘
976,10:20:21,182.14,255018,14,卖盘
977,10:20:24,182.16,218567,12,买盘
978,10:20:27,182.11,18211,1,卖盘
979,10:20:33,182.11,72846,4,卖盘
980,10:20:37,182.14,127498,7,买盘
981,10:20:40,182.14,36428,2,卖盘
982,10:20:45,182.15,72859,4,买盘
983,10:20:49,182.14,72856,4,卖盘
984,10:20:52,182.14,54642,3,卖盘
985,10:20:54,182.14,36428,2,卖盘
986,10:20:58,182.14,36426,2,中性盘
987,10:21:01,182.12,18212,1,卖盘
988,10:21:03,182.12,18212,1,卖盘
989,10:21:06,182.11,109268,6,卖盘
990,10:21:10,182.11,91059,5,卖盘
991,10:21:15,182.12,182115,10,买盘
992,10:21:19,182.11,145696,8,卖盘
993,10:21:21,182.11,91057,5,卖盘
994,10:21:24,182.12,127484,7,中性盘
995,10:21:27,182.12,18212,1,卖盘
996,10:21:31,182.13,400651,22,买盘
997,10:21:36,182.11,163899,9,卖盘
998,10:21:39,182.1,309582,17,卖盘
999,10:21:42,182.1,783033,43,卖盘
1000,10:21:45,182.1,72840,4,卖盘
1001,10:21:48,182.08,473435,26,卖盘
1002,10:21:51,182.07,54621,3,卖盘
1003,10:21:54,182.07,72828,4,卖盘
1004,10:21:58,182.06,273093,15,卖盘
1005,10:22:00,182.03,327683,18,卖盘
1006,10:22:03,182.01,382230,21,卖盘
1007,10:22:07,182.0,3967604,218,卖盘
1008,10:22:09,182.01,1273998,70,买盘
1009,10:22:12,182.01,545993,30,买盘
1010,10:22:19,182.01,982865,54,卖盘
1011,10:22:21,182.0,72802,4,卖盘
1012,10:22:24,182.0,455002,25,卖盘
1013,10:22:28,182.01,364001,20,买盘
1014,10:22:30,182.01,36402,2,卖盘
1015,10:22:34,182.01,72805,4,卖盘
1016,10:22:36,182.02,72808,4,买盘
1017,10:22:40,182.03,218428,12,买盘
1018,10:22:42,182.03,91018,5,卖盘
1019,10:22:45,182.04,36409,2,卖盘
1020,10:22:48,182.03,200248,11,卖盘
1021,10:22:51,182.05,18205,1,卖盘
1022,10:22:55,182.04,72816,4,买盘
1023,10:22:58,182.03,273070,15,卖盘
1024,10:23:00,182.05,36409,2,中性盘
1025,10:23:04,182.05,418715,23,买盘
1026,10:23:06,182.04,200247,11,卖盘
1027,10:23:09,182.03,91020,5,卖盘
1028,10:23:12,182.05,36410,2,买盘
1029,10:23:15,182.04,145628,8,卖盘
1030,10:23:18,182.05,109225,6,买盘
1031,10:23:22,182.05,54616,3,中性盘
1032,10:23:27,182.06,254874,14,买盘
1033,10:23:31,182.06,91033,5,卖盘
1034,10:23:33,182.07,72825,4,买盘
1035,10:23:36,182.07,327726,18,买盘
1036,10:23:39,182.07,273099,15,买盘
1037,10:23:42,182.26,1584125,87,买盘
1038,10:23:45,182.23,91147,5,中性盘
1039,10:23:48,182.22,218717,12,卖盘
1040,10:23:52,182.3,36460,2,买盘
1041,10:23:54,182.31,91152,5,买盘
1042,10:23:58,182.22,36452,2,卖盘
1043,10:24:06,182.3,218759,12,买盘
1044,10:24:09,182.3,145839,8,买盘
1045,10:24:13,182.31,236950,13,买盘
1046,10:24:15,182.31,91155,5,买盘
1047,10:24:22,182.33,346408,19,买盘
1048,10:24:27,182.32,36472,2,卖盘
1049,10:24:30,182.41,273589,15,买盘
1050,10:24:34,182.49,237211,13,买盘
1051,10:24:36,182.5,511000,28,买盘
1052,10:24:39,182.52,36502,2,买盘
1053,10:24:42,182.52,91256,5,买盘
1054,10:24:45,182.5,127754,7,卖盘
1055,10:24:48,182.5,146011,8,卖盘
1056,10:24:52,182.49,72996,4,卖盘
1057,10:24:55,182.46,36492,2,中性盘
1058,10:24:57,182.49,291919,16,买盘
1059,10:25:04,182.32,91177,5,卖盘
1060,10:25:06,182.32,36475,2,卖盘
1061,10:25:16,182.35,54705,3,卖盘
1062,10:25:18,182.35,18235,1,卖盘
1063,10:25:21,182.32,18232,1,卖盘
1064,10:25:25,182.37,36474,2,买盘
1065,10:25:28,182.35,54705,3,买盘
1066,10:25:30,182.36,72948,4,中性盘
1067,10:25:33,182.35,91175,5,中性盘
1068,10:25:36,182.32,237037,13,卖盘
1069,10:25:39,182.32,145855,8,买盘
1070,10:25:42,182.32,164108,9,买盘
1071,10:25:49,182.38,91182,5,买盘
1072,10:25:51,182.39,72953,4,买盘
1073,10:25:54,182.38,91196,5,卖盘
1074,10:25:57,182.36,54716,3,中性盘
1075,10:26:03,182.35,54706,3,卖盘
1076,10:26:06,182.38,18238,1,中性盘
1077,10:26:09,182.38,54714,3,卖盘
1078,10:26:12,182.38,346561,19,卖盘
1079,10:26:15,182.35,164141,9,卖盘
1080,10:26:24,182.4,91198,5,买盘
1081,10:26:31,182.39,18239,1,卖盘
1082,10:26:33,182.4,145930,8,卖盘
1083,10:26:37,182.4,18240,1,卖盘
1084,10:26:39,182.4,36478,2,中性盘
1085,10:26:42,182.4,237089,13,买盘
1086,10:26:46,182.4,310056,17,买盘
1087,10:26:48,182.35,109389,6,中性盘
1088,10:26:52,182.24,91122,5,卖盘
1089,10:26:54,182.21,145766,8,卖盘
1090,10:26:58,182.19,36438,2,卖盘
1091,10:27:00,182.17,72872,4,卖盘
1092,10:27:06,182.15,236811,13,卖盘
1093,10:27:12,182.15,91077,5,卖盘
1094,10:27:15,182.15,72857,4,买盘
1095,10:27:19,182.14,346067,19,卖盘
1096,10:27:21,182.14,91071,5,卖盘
1097,10:27:25,182.13,109284,6,卖盘
1098,10:27:27,182.12,254965,14,卖盘
1099,10:27:30,182.15,382460,21,买盘
1100,10:27:34,182.07,54623,3,卖盘
1101,10:27:36,182.06,127447,7,卖盘
1102,10:27:39,182.03,400545,22,卖盘
1103,10:27:42,182.04,218438,12,中性盘
1104,10:27:45,182.02,163822,9,卖盘
1105,10:27:48,182.03,182026,10,买盘
1106,10:27:51,182.05,36411,2,中性盘
1107,10:27:58,182.04,200249,11,卖盘
1108,10:28:00,182.04,54613,3,卖盘
1109,10:28:03,182.05,72820,4,买盘
1110,10:28:06,182.07,418781,23,买盘
1111,10:28:09,182.07,291300,16,卖盘
1112,10:28:12,182.06,236683,13,卖盘
1113,10:28:15,182.2,54634,3,买盘
1114,10:28:18,182.07,91046,5,卖盘
1115,10:28:21,182.07,309501,17,卖盘
1116,10:28:24,182.1,109243,6,买盘
1117,10:28:27,182.07,54627,3,卖盘
1118,10:28:30,182.07,54621,3,卖盘
1119,10:28:33,182.18,1130289,62,中性盘
1120,10:28:36,182.18,182180,10,卖盘
1121,10:28:39,182.13,273200,15,卖盘
1122,10:28:43,182.13,109303,6,卖盘
1123,10:28:48,182.09,127469,7,卖盘
1124,10:28:54,182.17,18217,1,买盘
1125,10:29:00,182.1,109274,6,卖盘
1126,10:29:04,182.1,109260,6,卖盘
1127,10:29:07,182.14,145681,8,买盘
1128,10:29:10,182.11,54633,3,中性盘
1129,10:29:16,182.12,91058,5,中性盘
1130,10:29:18,182.1,127478,7,卖盘
1131,10:29:21,182.15,218553,12,卖盘
1132,10:29:24,182.08,273123,15,卖盘
1133,10:29:28,182.08,236700,13,卖盘
1134,10:29:31,182.1,254918,14,中性盘
1135,10:29:33,182.08,109245,6,中性盘
1136,10:29:37,182.07,145656,8,卖盘
1137,10:29:39,182.07,254897,14,买盘
1138,10:29:43,182.08,218482,12,买盘
1139,10:29:45,182.09,72835,4,买盘
1140,10:29:49,182.1,564469,31,买盘
1141,10:29:51,182.1,91049,5,卖盘
1142,10:29:55,182.09,218508,12,卖盘
1143,10:29:57,182.09,236720,13,卖盘
1144,10:30:00,182.1,72842,4,买盘
1145,10:30:03,182.09,382402,21,卖盘
1146,10:30:07,182.09,127460,7,买盘
1147,10:30:09,182.07,163868,9,卖盘
1148,10:30:12,182.07,145656,8,卖盘
1149,10:30:15,182.09,91034,5,买盘
1150,10:30:18,182.1,72836,4,买盘
1151,10:30:21,182.1,109257,6,买盘
1152,10:30:24,182.11,18211,1,卖盘
1153,10:30:27,182.18,236773,13,买盘
1154,10:30:31,182.17,72844,4,中性盘
1155,10:30:34,182.11,18211,1,中性盘
1156,10:30:36,182.08,18208,1,卖盘
1157,10:30:40,182.07,18207,1,卖盘
1158,10:30:42,182.07,72829,4,卖盘
1159,10:30:46,182.07,127450,7,卖盘
1160,10:30:48,182.06,182066,10,卖盘
1161,10:30:51,182.07,291307,16,买盘
1162,10:30:54,182.07,36414,2,卖盘
1163,10:30:58,182.07,200267,11,中性盘
1164,10:31:00,182.08,619037,34,买盘
1165,10:31:06,182.08,36416,2,卖盘
1166,10:31:10,182.08,345958,19,卖盘
1167,10:31:12,182.08,218497,12,卖盘
1168,10:31:15,182.08,145666,8,卖盘
1169,10:31:18,182.07,345946,19,卖盘
1170,10:31:22,182.06,163856,9,卖盘
1171,10:31:25,182.05,145640,8,卖盘
1172,10:31:27,182.05,109230,6,卖盘
1173,10:31:30,182.05,127431,7,中性盘
1174,10:31:33,182.04,309472,17,卖盘
1175,10:31:37,182.06,145646,8,买盘
1176,10:31:42,182.06,254890,14,卖盘
1177,10:31:46,182.08,145658,8,买盘
1178,10:31:48,182.08,910304,50,买盘
1179,10:31:51,182.04,163842,9,卖盘
1180,10:31:54,182.01,1255954,69,卖盘
1181,10:31:57,182.0,582425,32,卖盘
1182,10:32:00,182.0,218401,12,卖盘
1183,10:32:03,181.96,2365948,130,卖盘
1184,10:32:06,181.94,454860,25,卖盘
1185,10:32:10,181.93,836879,46,卖盘
1186,10:32:13,182.01,818914,45,买盘
1187,10:32:16,182.01,218412,12,卖盘
1188,10:32:18,181.99,145605,8,中性盘
1189,10:32:21,181.99,36398,2,卖盘
1190,10:32:24,182.0,18200,1,买盘
1191,10:32:27,182.0,90996,5,中性盘
1192,10:32:30,182.0,109201,6,中性盘
1193,10:32:33,182.0,72797,4,买盘
1194,10:32:37,182.01,273011,15,买盘
1195,10:32:39,182.01,200217,11,卖盘
1196,10:32:42,182.01,72804,4,卖盘
1197,10:32:45,182.01,109217,6,卖盘
1198,10:32:48,182.01,36402,2,卖盘
1199,10:32:51,182.01,18201,1,卖盘
1200,10:32:54,182.01,109212,6,卖盘
1201,10:32:58,182.04,127411,7,买盘
1202,10:33:00,182.01,54603,3,卖盘
1203,10:33:04,182.01,163809,9,卖盘
1204,10:33:06,182.02,819048,45,买盘
1205,10:33:09,182.01,218406,12,买盘
1206,10:33:12,182.02,182020,10,卖盘
1207,10:33:15,182.01,145608,8,卖盘
1208,10:33:18,182.01,72805,4,卖盘
1209,10:33:21,182.02,72805,4,买盘
1210,10:33:24,182.01,145613,8,卖盘
1211,10:33:27,182.01,163805,9,卖盘
1212,10:33:30,182.02,218405,12,买盘
1213,10:33:34,182.03,309449,17,买盘
1214,10:33:36,182.03,36407,2,中性盘
1215,10:33:39,182.03,127422,7,卖盘
1216,10:33:43,182.05,182041,10,买盘
1217,10:33:46,182.04,54612,3,卖盘
1218,10:33:48,182.05,54615,3,买盘
1219,10:33:51,182.05,163843,9,买盘
1220,10:33:55,182.05,91027,5,卖盘
1221,10:33:57,182.06,109236,6,买盘
1222,10:34:01,182.06,18206,1,买盘
1223,10:34:03,182.06,36412,2,买盘
1224,10:34:06,182.05,36410,2,卖盘
1225,10:34:09,182.06,109230,6,买盘
1226,10:34:12,182.06,109236,6,买盘
1227,10:34:16,182.04,546136,30,卖盘
1228,10:34:18,182.03,163827,9,卖盘
1229,10:34:22,182.04,91019,5,买盘
1230,10:34:24,182.03,36407,2,卖盘
1231,10:34:27,182.04,163835,9,买盘
1232,10:34:31,182.03,18203,1,卖盘
1233,10:34:33,182.03,491481,27,卖盘
1234,10:34:36,182.03,236634,13,卖盘
1235,10:34:39,182.03,309449,17,卖盘
1236,10:34:42,182.04,163830,9,买盘
1237,10:34:45,182.04,127416,7,买盘
1238,10:34:48,182.02,109217,6,卖盘
1239,10:34:51,182.02,327651,18,卖盘
1240,10:34:54,182.02,455035,25,买盘
1241,10:34:57,182.0,1310438,72,卖盘
1242,10:35:00,181.94,873577,48,卖盘
1243,10:35:03,181.92,291086,16,卖盘
1244,10:35:06,181.91,418414,23,卖盘
1245,10:35:09,181.9,454752,25,卖盘
1246,10:35:13,181.9,163712,9,卖盘
1247,10:35:15,181.9,291046,16,卖盘
1248,10:35:19,181.9,418374,23,卖盘
1249,10:35:21,181.9,673034,37,卖盘
1250,10:35:25,181.91,236471,13,买盘
1251,10:35:28,181.92,218295,12,买盘
1252,10:35:30,181.92,218302,12,买盘
1253,10:35:33,181.94,400226,22,买盘
1254,10:35:36,181.93,36386,2,卖盘
1255,10:35:39,181.95,72771,4,买盘
1256,10:35:42,181.93,36386,2,卖盘
1257,10:35:45,181.91,745906,41,卖盘
1258,10:35:48,181.91,254674,14,卖盘
1259,10:35:51,181.9,163721,9,卖盘
1260,10:35:54,181.91,72765,4,卖盘
1261,10:35:57,181.91,200098,11,卖盘
1262,10:36:00,181.9,90953,5,卖盘
1263,10:36:03,181.9,36380,2,卖盘
1264,10:36:06,181.91,181910,10,买盘
1265,10:36:09,181.91,363820,20,卖盘
1266,10:36:12,181.91,527540,29,卖盘
1267,10:36:15,181.9,400194,22,卖盘
1268,10:36:19,181.9,472954,26,卖盘
1269,10:36:22,181.9,181900,10,卖盘
1270,10:36:25,181.91,127335,7,买盘
1271,10:36:27,181.91,673067,37,买盘
1272,10:36:30,181.91,145528,8,卖盘
1273,10:36:33,181.91,127337,7,卖盘
1274,10:36:36,181.91,109146,6,卖盘
1275,10:36:39,181.91,254680,14,卖盘
1276,10:36:43,181.92,181915,10,买盘
1277,10:36:45,181.91,291055,16,卖盘
1278,10:36:48,181.91,109146,6,买盘
1279,10:36:52,181.9,309239,17,卖盘
1280,10:36:55,181.91,272863,15,卖盘
1281,10:36:58,181.9,236471,13,卖盘
1282,10:37:00,181.9,218283,12,卖盘
1283,10:37:04,181.9,200098,11,卖盘
1284,10:37:06,181.9,210098,12,卖盘
1285,10:37:09,181.92,454790,25,买盘
1286,10:37:12,181.91,400207,22,卖盘
1287,10:37:16,181.93,382034,21,买盘
1288,10:37:18,181.92,654915,36,卖盘
1289,10:37:21,181.92,382032,21,卖盘
1290,10:37:24,181.91,254668,14,卖盘
1291,10:37:27,181.91,18191,1,卖盘
1292,10:37:30,181.9,400188,22,卖盘
1293,10:37:33,181.91,90957,5,中性盘
1294,10:37:36,181.91,36381,2,中性盘
1295,10:37:39,181.9,167169,9,卖盘
1296,10:37:42,181.9,36381,2,卖盘
1297,10:37:45,181.9,18190,1,卖盘
1298,10:37:48,181.93,673106,37,买盘
1299,10:37:51,181.9,181906,10,卖盘
1300,10:37:54,181.91,72764,4,买盘
1301,10:37:57,181.91,18191,1,卖盘
1302,10:38:01,181.91,218304,12,卖盘
1303,10:38:04,181.92,309266,17,中性盘
1304,10:38:06,181.91,181919,10,卖盘
1305,10:38:09,181.92,18192,1,中性盘
1306,10:38:12,181.94,163743,9,中性盘
1307,10:38:15,181.94,109172,6,卖盘
1308,10:38:18,182.05,436870,24,买盘
1309,10:38:21,182.06,163885,9,中性盘
1310,10:38:24,182.04,145640,8,卖盘
1311,10:38:27,181.94,1346817,74,卖盘
1312,10:38:30,181.91,400222,22,卖盘
1313,10:38:34,181.91,109146,6,卖盘
1314,10:38:36,181.92,218302,12,买盘
1315,10:38:39,181.92,145536,8,买盘
1316,10:38:42,181.94,72771,4,买盘
1317,10:38:45,181.94,72774,4,买盘
1318,10:38:48,181.93,272889,15,卖盘
1319,10:38:52,181.93,1546229,85,卖盘
1320,10:38:54,181.93,563920,31,中性盘
1321,10:38:57,181.94,72776,4,卖盘
1322,10:39:00,181.94,54583,3,卖盘
1323,10:39:04,181.94,90970,5,卖盘
1324,10:39:06,181.95,127364,7,买盘
1325,10:39:09,181.95,54585,3,卖盘
1326,10:39:12,181.96,18196,1,买盘
1327,10:39:16,181.95,327674,18,卖盘
1328,10:39:18,181.96,18196,1,卖盘
1329,10:39:24,181.96,2000990,110,卖盘
1330,10:39:27,181.89,473119,26,卖盘
1331,10:39:31,181.94,36391,2,卖盘
1332,10:39:33,181.88,127325,7,卖盘
1333,10:39:37,181.91,90952,5,买盘
1334,10:39:40,181.97,109177,6,买盘
1335,10:39:43,181.94,182038,10,卖盘
1336,10:39:45,181.94,18194,1,卖盘
1337,10:39:48,181.91,236522,13,卖盘
1338,10:39:51,181.94,36391,2,卖盘
1339,10:39:54,181.97,254706,14,中性盘
1340,10:39:57,181.91,90960,5,卖盘
1341,10:40:00,181.93,36384,2,中性盘
1342,10:40:03,181.9,327516,18,卖盘
1343,10:40:07,181.9,145528,8,卖盘
1344,10:40:09,181.9,18190,1,卖盘
1345,10:40:12,181.9,109143,6,卖盘
1346,10:40:15,182.0,200151,11,买盘
1347,10:40:18,181.91,72764,4,卖盘
1348,10:40:22,181.91,18191,1,买盘
1349,10:40:24,181.92,36393,2,中性盘
1350,10:40:27,181.91,54573,3,卖盘
1351,10:40:33,181.92,181920,10,卖盘
1352,10:40:36,181.91,109146,6,卖盘
1353,10:40:39,181.91,127339,7,卖盘
1354,10:40:43,181.91,54575,3,卖盘
1355,10:40:45,181.91,36382,2,卖盘
1356,10:40:48,181.91,54573,3,卖盘
1357,10:40:51,181.92,163724,9,买盘
1358,10:40:54,181.91,200106,11,卖盘
1359,10:41:00,181.91,72764,4,卖盘
1360,10:41:04,181.91,36382,2,卖盘
1361,10:41:07,181.91,18191,1,卖盘
1362,10:41:09,181.92,127341,7,买盘
1363,10:41:12,181.92,109150,6,买盘
1364,10:41:15,181.92,72765,4,买盘
1365,10:41:18,181.92,163736,9,买盘
1366,10:41:21,181.94,163770,9,中性盘
1367,10:41:24,181.93,36387,2,中性盘
1368,10:41:27,181.92,72776,4,卖盘
1369,10:41:30,181.99,18199,1,中性盘
1370,10:41:33,181.99,145564,8,买盘
1371,10:41:37,181.92,181983,10,卖盘
1372,10:41:43,181.92,90963,5,卖盘
1373,10:41:45,181.92,363840,20,卖盘
1374,10:41:48,181.92,218300,12,买盘
1375,10:41:51,181.92,109191,6,卖盘
1376,10:41:54,182.0,145560,8,买盘
1377,10:41:58,181.92,90975,5,卖盘
1378,10:42:03,181.93,109176,6,卖盘
1379,10:42:07,181.93,127349,7,买盘
1380,10:42:10,181.92,54580,3,卖盘
1381,10:42:12,181.95,90973,5,中性盘
1382,10:42:15,181.93,54579,3,卖盘
1383,10:42:18,181.95,72777,4,买盘
1384,10:42:22,181.95,90972,5,买盘
1385,10:42:24,181.93,163737,9,卖盘
1386,10:42:27,181.96,363901,20,买盘
1387,10:42:30,181.95,127362,7,中性盘
1388,10:42:33,181.94,72781,4,卖盘
1389,10:42:36,181.98,18198,1,卖盘
1390,10:42:39,181.95,746163,41,卖盘
1391,10:42:42,182.0,72795,4,买盘
1392,10:42:45,181.95,200145,11,卖盘
1393,10:42:48,181.95,54585,3,卖盘
1394,10:42:51,181.98,145561,8,买盘
1395,10:42:54,181.98,90980,5,买盘
1396,10:42:57,181.95,18195,1,卖盘
1397,10:43:00,181.97,54592,3,买盘
1398,10:43:03,181.98,454977,25,买盘
1399,10:43:10,182.0,54596,3,买盘
1400,10:43:13,181.98,127389,7,卖盘
1401,10:43:15,182.0,200191,11,买盘
1402,10:43:18,182.0,218386,12,买盘
1403,10:43:21,181.97,72791,4,卖盘
1404,10:43:25,182.0,72803,4,卖盘
1405,10:43:27,182.08,182063,10,买盘
1406,10:43:30,182.08,54624,3,卖盘
1407,10:43:33,182.11,36424,2,中性盘
1408,10:43:37,182.23,255059,14,买盘
1409,10:43:39,182.18,127506,7,中性盘
1410,10:43:42,182.13,18213,1,卖盘
1411,10:43:46,182.13,36429,2,卖盘
1412,10:43:49,182.13,43711,2,卖盘
1413,10:43:51,182.14,18214,1,买盘
1414,10:43:55,182.24,947484,52,买盘
1415,10:43:58,182.25,437199,24,买盘
1416,10:44:01,182.24,145783,8,买盘
1417,10:44:04,182.25,54655,3,中性盘
1418,10:44:07,182.15,91075,5,卖盘
1419,10:44:10,182.23,182198,10,中性盘
1420,10:44:13,182.16,109296,6,中性盘
1421,10:44:15,182.16,127516,7,卖盘
1422,10:44:19,182.11,502681,28,卖盘
1423,10:44:21,182.09,91052,5,卖盘
1424,10:44:24,182.08,54625,3,卖盘
1425,10:44:28,182.04,36412,2,卖盘
1426,10:44:30,182.04,18204,1,卖盘
1427,10:44:34,182.0,109200,6,卖盘
1428,10:44:36,182.0,72801,4,卖盘
1429,10:44:39,182.01,72802,4,中性盘
1430,10:44:43,182.0,36400,2,卖盘
1431,10:44:46,182.0,72800,4,卖盘
1432,10:44:48,182.0,145603,8,卖盘
1433,10:44:52,181.99,254788,14,卖盘
1434,10:44:57,181.99,18199,1,买盘
1435,10:45:01,181.98,127388,7,卖盘
1436,10:45:03,182.01,782581,43,买盘
1437,10:45:06,182.0,327618,18,卖盘
1438,10:45:09,182.02,109202,6,中性盘
1439,10:45:12,182.02,145635,8,卖盘
1440,10:45:18,182.02,18202,1,卖盘
1441,10:45:21,182.02,54609,3,卖盘
1442,10:45:24,182.05,18205,1,买盘
1443,10:45:27,182.02,18202,1,卖盘
1444,10:45:33,182.02,72808,4,卖盘
1445,10:45:36,182.01,54604,3,卖盘
1446,10:45:39,182.01,72807,4,卖盘
1447,10:45:42,182.02,36404,2,买盘
1448,10:45:45,182.0,291211,16,卖盘
1449,10:45:48,182.02,109213,6,卖盘
1450,10:45:52,182.01,91002,5,中性盘
1451,10:45:57,182.01,200213,11,卖盘
1452,10:46:01,182.0,145604,8,卖盘
1453,10:46:03,182.01,91007,5,卖盘
1454,10:46:09,182.01,36402,2,卖盘
1455,10:46:12,182.01,509628,28,卖盘
1456,10:46:15,182.0,182005,10,卖盘
1457,10:46:19,182.01,54604,3,卖盘
1458,10:46:21,182.0,36400,2,卖盘
1459,10:46:24,182.01,36401,2,中性盘
1460,10:46:27,182.02,91006,5,买盘
1461,10:46:30,182.01,91008,5,卖盘
1462,10:46:34,182.01,163822,9,卖盘
1463,10:46:37,182.01,54606,3,卖盘
1464,10:46:42,182.0,36401,2,卖盘
1465,10:46:45,182.01,236602,13,买盘
1466,10:46:48,182.0,200200,11,卖盘
1467,10:46:52,182.01,473201,26,买盘
1468,10:46:54,182.01,109201,6,买盘
1469,10:46:57,182.01,891804,49,买盘
1470,10:47:01,182.01,200204,11,卖盘
1471,10:47:04,182.0,655200,36,卖盘
1472,10:47:06,182.0,109200,6,卖盘
1473,10:47:09,182.0,273000,15,卖盘
1474,10:47:12,182.0,109204,6,卖盘
1475,10:47:15,182.0,18200,1,卖盘
1476,10:47:18,182.0,91000,5,卖盘
1477,10:47:21,182.01,36401,2,买盘
1478,10:47:24,182.0,218400,12,卖盘
1479,10:47:27,181.99,72796,4,卖盘
1480,10:47:31,182.0,109196,6,买盘
1481,10:47:33,181.99,90996,5,卖盘
1482,10:47:36,181.98,454963,25,卖盘
1483,10:47:39,181.99,218373,12,买盘
1484,10:47:42,181.96,36392,2,卖盘
1485,10:47:45,182.0,218373,12,买盘
1486,10:47:48,182.0,72800,4,买盘
1487,10:47:52,181.98,109195,6,卖盘
1488,10:47:55,181.97,127387,7,卖盘
1489,10:47:58,181.99,109193,6,买盘
1490,10:48:04,182.0,218393,12,买盘
1491,10:48:06,181.98,18198,1,卖盘
1492,10:48:09,182.0,54600,3,买盘
1493,10:48:13,181.98,145584,8,卖盘
1494,10:48:15,181.98,54592,3,买盘
1495,10:48:18,181.97,54592,3,卖盘
1496,10:48:21,181.98,72792,4,买盘
1497,10:48:24,181.9,3620240,199,卖盘
1498,10:48:27,181.9,964078,53,卖盘
1499,10:48:30,182.0,564153,31,买盘
1500,10:48:33,182.0,36400,2,卖盘
1501,10:48:36,181.92,400384,22,卖盘
1502,10:48:39,181.9,327426,18,卖盘
1503,10:48:43,181.9,109143,6,卖盘
1504,10:48:46,181.92,563955,31,买盘
1505,10:48:48,181.91,181917,10,卖盘
1506,10:48:51,181.91,90955,5,卖盘
1507,10:48:55,181.93,18193,1,买盘
1508,10:48:57,181.93,72767,4,买盘
1509,10:49:00,181.91,218292,12,卖盘
1510,10:49:04,181.91,54572,3,买盘
1511,10:49:07,181.91,90955,5,买盘
1512,10:49:10,181.91,145526,8,买盘
1513,10:49:12,181.91,36382,2,中性盘
1514,10:49:19,181.92,18192,1,买盘
1515,10:49:21,181.92,127333,7,买盘
1516,10:49:24,181.92,54576,3,买盘
1517,10:49:27,181.93,18193,1,买盘
1518,10:49:30,181.92,36384,2,卖盘
1519,10:49:34,181.93,18193,1,买盘
1520,10:49:36,181.92,18192,1,卖盘
1521,10:49:40,181.92,200121,11,卖盘
1522,10:49:42,181.93,127351,7,买盘
1523,10:49:45,181.94,236514,13,买盘
1524,10:49:52,181.93,109162,6,卖盘
1525,10:49:54,181.93,18193,1,买盘
1526,10:50:00,181.93,181930,10,买盘
1527,10:50:06,181.93,36386,2,卖盘
1528,10:50:09,181.93,72775,4,卖盘
1529,10:50:12,181.93,54579,3,卖盘
1530,10:50:16,181.95,145559,8,买盘
1531,10:50:18,181.95,54585,3,卖盘
1532,10:50:21,181.97,109182,6,买盘
1533,10:50:25,181.96,163753,9,卖盘
1534,10:50:27,181.97,54587,3,买盘
1535,10:50:31,181.96,36392,2,卖盘
1536,10:50:34,181.96,18196,1,卖盘
1537,10:50:37,181.97,72785,4,中性盘
1538,10:50:39,181.95,72781,4,卖盘
1539,10:50:42,181.95,18195,1,买盘
1540,10:50:45,181.96,145558,8,买盘
1541,10:50:48,181.94,72777,4,卖盘
1542,10:50:51,181.95,54585,3,卖盘
1543,10:50:55,181.96,163760,9,买盘
1544,10:50:58,181.94,36389,2,卖盘
1545,10:51:01,181.95,181946,10,买盘
1546,10:51:03,181.95,18195,1,买盘
1547,10:51:07,181.95,36390,2,买盘
1548,10:51:09,181.94,54583,3,卖盘
1549,10:51:13,181.95,18195,1,买盘
1550,10:51:16,181.94,254721,14,卖盘
1551,10:51:18,181.94,54582,3,卖盘
1552,10:51:22,181.95,127358,7,买盘
1553,10:51:25,181.95,18195,1,买盘
1554,10:51:27,181.94,54584,3,卖盘
1555,10:51:31,181.94,72778,4,卖盘
1556,10:51:37,181.95,18195,1,买盘
1557,10:51:40,181.94,36388,2,卖盘
1558,10:51:42,181.95,36390,2,买盘
1559,10:51:45,181.94,181943,10,卖盘
1560,10:51:48,181.94,54582,3,卖盘
1561,10:51:52,181.95,109167,6,买盘
1562,10:51:55,181.94,36389,2,卖盘
1563,10:51:57,181.94,345682,19,卖盘
1564,10:52:01,181.94,163747,9,买盘
1565,10:52:04,181.94,36387,2,中性盘
1566,10:52:06,181.94,72776,4,买盘
1567,10:52:09,181.94,145552,8,买盘
1568,10:52:12,181.96,36391,2,买盘
1569,10:52:16,181.94,54583,3,卖盘
1570,10:52:18,181.95,54584,3,买盘
1571,10:52:24,181.95,90971,5,买盘
1572,10:52:28,181.95,36390,2,买盘
1573,10:52:30,181.93,200134,11,卖盘
1574,10:52:33,181.95,109168,6,买盘
1575,10:52:40,181.95,36391,2,卖盘
1576,10:52:42,181.96,54588,3,买盘
1577,10:52:45,182.0,2748143,151,买盘
1578,10:52:49,182.24,4623354,254,买盘
1579,10:52:51,182.27,382759,21,买盘
1580,10:52:54,182.22,346235,19,卖盘
1581,10:52:58,182.3,236949,13,买盘
1582,10:53:00,182.11,18211,1,卖盘
1583,10:53:04,182.18,328066,18,中性盘
1584,10:53:07,182.45,273637,15,买盘
1585,10:53:10,182.49,310230,17,买盘
1586,10:53:12,182.4,18240,1,卖盘
1587,10:53:15,182.48,164199,9,买盘
1588,10:53:19,182.45,145982,8,中性盘
1589,10:53:21,182.46,54726,3,中性盘
1590,10:53:25,182.5,456212,25,买盘
1591,10:53:28,182.48,291993,16,中性盘
1592,10:53:31,182.5,510980,28,买盘
1593,10:53:34,182.41,72972,4,中性盘
1594,10:53:37,182.51,164259,9,买盘
1595,10:53:40,182.48,255526,14,卖盘
1596,10:53:42,182.51,73002,4,买盘
1597,10:53:46,182.48,72995,4,卖盘
1598,10:53:49,182.55,474564,26,买盘
1599,10:53:52,182.51,146012,8,卖盘
1600,10:53:54,182.57,127779,7,买盘
1601,10:53:58,182.57,18257,1,买盘
1602,10:54:01,182.58,365132,20,买盘
1603,10:54:04,182.56,73029,4,卖盘
1604,10:54:07,182.57,36514,2,买盘
1605,10:54:10,182.57,200829,11,卖盘
1606,10:54:12,182.57,91285,5,买盘
1607,10:54:16,182.56,36512,2,卖盘
1608,10:54:18,182.56,127788,7,买盘
1609,10:54:21,182.55,36510,2,中性盘
1610,10:54:27,182.51,219029,12,卖盘
1611,10:54:30,182.5,73004,4,卖盘
1612,10:54:33,182.48,72995,4,卖盘
1613,10:54:37,182.47,36494,2,中性盘
1614,10:54:39,182.47,36494,2,买盘
1615,10:54:42,182.41,255389,14,卖盘
1616,10:54:45,182.45,91217,5,中性盘
1617,10:54:52,182.42,36484,2,中性盘
1618,10:54:55,182.42,346638,19,中性盘
1619,10:54:57,182.43,36485,2,买盘
1620,10:55:00,182.41,383074,21,卖盘
1621,10:55:04,182.43,127701,7,买盘
1622,10:55:10,182.45,54734,3,买盘
1623,10:55:13,182.43,218935,12,中性盘
1624,10:55:15,182.45,54735,3,中性盘
1625,10:55:18,182.45,54735,3,卖盘
1626,10:55:22,182.45,72982,4,卖盘
1627,10:55:24,182.46,182457,10,买盘
1628,10:55:27,182.46,54738,3,卖盘
1629,10:55:31,182.47,72987,4,买盘
1630,10:55:33,182.46,72987,4,卖盘
1631,10:55:37,182.48,182474,10,买盘
1632,10:55:39,182.51,18251,1,买盘
1633,10:55:42,182.5,127745,7,买盘
1634,10:55:45,182.55,146017,8,买盘
1635,10:55:49,182.47,91242,5,卖盘
1636,10:55:51,182.53,91249,5,买盘
1637,10:55:55,182.5,54750,3,卖盘
1638,10:55:57,182.52,73011,4,中性盘
1639,10:56:01,182.5,73002,4,卖盘
1640,10:56:04,182.55,310311,17,买盘
1641,10:56:07,182.52,73012,4,卖盘
1642,10:56:12,182.6,456428,25,买盘
1643,10:56:15,182.6,200843,11,买盘
1644,10:56:18,182.61,36522,2,买盘
1645,10:56:22,182.62,109569,6,买盘
1646,10:56:24,182.66,255706,14,买盘
1647,10:56:28,182.62,146117,8,卖盘
1648,10:56:31,182.67,182638,10,买盘
1649,10:56:33,182.67,694236,38,买盘
1650,10:56:36,182.79,456795,25,买盘
1651,10:56:39,182.76,54821,3,买盘
1652,10:56:42,182.76,109647,6,买盘
1653,10:56:46,182.76,749098,41,买盘
1654,10:56:49,182.76,91380,5,卖盘
1655,10:56:52,182.76,91382,5,中性盘
1656,10:56:57,182.76,91370,5,买盘
1657,10:57:00,182.66,548007,30,卖盘
1658,10:57:03,182.66,273956,15,买盘
1659,10:57:07,182.63,200911,11,卖盘
1660,10:57:10,182.66,91324,5,买盘
1661,10:57:12,182.66,18266,1,卖盘
1662,10:57:16,182.67,54801,3,买盘
1663,10:57:19,182.67,146134,8,买盘
1664,10:57:22,182.67,54795,3,中性盘
1665,10:57:24,182.64,91327,5,卖盘
1666,10:57:27,182.68,146134,8,买盘
1667,10:57:30,182.68,109607,6,买盘
1668,10:57:33,182.68,73066,4,中性盘
1669,10:57:36,182.68,182681,10,卖盘
1670,10:57:40,182.65,73062,4,卖盘
1671,10:57:42,182.68,237472,13,买盘
1672,10:57:45,182.64,109590,6,卖盘
1673,10:57:48,182.65,91328,5,中性盘
1674,10:57:51,182.66,36531,2,中性盘
1675,10:57:54,182.65,54795,3,中性盘
1676,10:57:57,182.64,109586,6,卖盘
1677,10:58:01,182.64,18264,1,买盘
1678,10:58:04,182.55,36515,2,卖盘
1679,10:58:07,182.6,54780,3,卖盘
1680,10:58:09,182.6,146090,8,卖盘
1681,10:58:12,182.55,18255,1,卖盘
1682,10:58:15,182.55,73026,4,卖盘
1683,10:58:19,182.54,36509,2,中性盘
1684,10:58:21,182.51,237244,13,卖盘
1685,10:58:24,182.46,419661,23,中性盘
1686,10:58:28,182.45,456097,25,中性盘
1687,10:58:31,182.55,146018,8,买盘
1688,10:58:33,182.5,401491,22,卖盘
1689,10:58:37,182.56,109530,6,买盘
1690,10:58:39,182.56,310397,17,买盘
1691,10:58:42,182.52,73009,4,卖盘
1692,10:58:49,182.54,36508,2,买盘
1693,10:58:52,182.52,127770,7,卖盘
1694,10:58:55,182.51,146001,8,中性盘
1695,10:59:00,182.5,18250,1,卖盘
1696,10:59:04,182.5,73000,4,卖盘
1697,10:59:07,182.51,164257,9,买盘
1698,10:59:10,182.51,18251,1,卖盘
1699,10:59:12,182.51,54754,3,卖盘
1700,10:59:15,182.51,146009,8,卖盘
1701,10:59:21,182.52,73006,4,买盘
1702,10:59:24,182.51,255517,14,卖盘
1703,10:59:31,182.51,492778,27,卖盘
1704,10:59:34,182.5,146011,8,卖盘
1705,10:59:37,182.5,73002,4,卖盘
1706,10:59:39,182.5,18250,1,中性盘
1707,10:59:42,182.47,72988,4,卖盘
1708,10:59:46,182.45,18245,1,卖盘
1709,10:59:49,182.46,36492,2,买盘
1710,10:59:52,182.44,291918,16,卖盘
1711,10:59:55,182.44,109466,6,卖盘
1712,10:59:58,182.44,72976,4,卖盘
1713,11:00:04,182.44,164196,9,买盘
1714,11:00:07,182.42,18242,1,卖盘
1715,11:00:12,182.45,529104,29,买盘
1716,11:00:15,182.44,91222,5,卖盘
1717,11:00:18,182.44,18244,1,卖盘
1718,11:00:25,182.44,145955,8,卖盘
1719,11:00:28,182.44,91220,5,卖盘
1720,11:00:30,182.44,18244,1,中性盘
1721,11:00:34,182.42,72968,4,卖盘
1722,11:00:37,182.42,91211,5,卖盘
1723,11:00:40,182.42,54726,3,卖盘
1724,11:00:43,182.42,18242,1,卖盘
1725,11:00:45,182.44,218917,12,买盘
1726,11:00:48,182.42,109455,6,卖盘
1727,11:00:52,182.43,72972,4,买盘
1728,11:00:58,182.43,54729,3,卖盘
1729,11:01:01,182.42,91214,5,卖盘
1730,11:01:04,182.44,54731,3,买盘
1731,11:01:07,182.43,18243,1,买盘
1732,11:01:16,182.42,36485,2,卖盘
1733,11:01:18,182.42,127694,7,卖盘
1734,11:01:22,182.42,72970,4,卖盘
1735,11:01:25,182.42,91210,5,卖盘
1736,11:01:28,182.42,18242,1,买盘
1737,11:01:30,182.42,36483,2,买盘
1738,11:01:33,182.44,547304,30,买盘
1739,11:01:40,182.47,273705,15,买盘
1740,11:01:42,182.51,109484,6,买盘
1741,11:01:45,182.51,18251,1,买盘
1742,11:01:48,182.56,1168236,64,买盘
1743,11:01:51,182.63,474675,26,买盘
1744,11:01:54,182.62,310499,17,中性盘
1745,11:01:58,182.63,36525,2,买盘
1746,11:02:01,182.62,36525,2,中性盘
1747,11:02:07,182.65,109590,6,买盘
1748,11:02:10,182.66,36532,2,买盘
1749,11:02:12,182.66,54798,3,买盘
1750,11:02:16,182.65,420154,23,卖盘
1751,11:02:18,182.66,18266,1,中性盘
1752,11:02:22,182.65,438387,24,卖盘
1753,11:02:25,182.68,164418,9,中性盘
1754,11:02:28,182.67,18267,1,卖盘
1755,11:02:31,182.67,219205,12,卖盘
1756,11:02:34,182.68,109608,6,买盘
1757,11:02:39,182.69,36538,2,买盘
1758,11:02:46,182.71,18271,1,买盘
1759,11:02:49,182.7,73080,4,卖盘
1760,11:02:52,182.72,109624,6,买盘
1761,11:02:55,182.72,36544,2,卖盘
1762,11:02:58,182.72,73091,4,卖盘
1763,11:03:07,182.73,219270,12,买盘
1764,11:03:12,182.74,164465,9,买盘
1765,11:03:15,182.75,164469,9,买盘
1766,11:03:19,182.73,201013,11,卖盘
1767,11:03:22,182.76,347216,19,买盘
1768,11:03:25,182.76,18276,1,买盘
1769,11:03:28,182.74,237576,13,卖盘
1770,11:03:31,182.74,73096,4,买盘
1771,11:03:33,182.74,18274,1,买盘
1772,11:03:37,182.74,91369,5,买盘
1773,11:03:39,182.75,18275,1,买盘
1774,11:03:43,182.74,767526,42,卖盘
1775,11:03:46,182.77,219309,12,买盘
1776,11:03:51,182.77,621438,34,买盘
1777,11:03:54,182.79,182775,10,买盘
1778,11:03:57,182.78,73114,4,中性盘
1779,11:04:00,182.76,201038,11,卖盘
1780,11:04:03,182.78,73109,4,买盘
1781,11:04:06,182.78,54834,3,卖盘
1782,11:04:09,182.75,365517,20,卖盘
1783,11:04:13,182.74,785790,43,卖盘
1784,11:04:15,182.74,54823,3,卖盘
1785,11:04:18,182.72,420282,23,卖盘
1786,11:04:21,182.72,73085,4,买盘
1787,11:04:25,182.7,200972,11,卖盘
1788,11:04:28,182.68,91344,5,卖盘
1789,11:04:30,182.68,18268,1,卖盘
1790,11:04:34,182.68,182680,10,卖盘
1791,11:04:37,182.68,639382,35,卖盘
1792,11:04:39,182.65,694149,38,卖盘
1793,11:04:42,182.53,383484,21,卖盘
1794,11:04:46,182.5,109509,6,卖盘
1795,11:04:48,182.46,72986,4,卖盘
1796,11:04:51,182.44,273674,15,卖盘
1797,11:04:55,182.41,529002,29,卖盘
1798,11:04:58,182.4,364800,20,卖盘
1799,11:05:00,182.39,747839,41,卖盘
1800,11:05:03,182.4,109435,6,买盘
1801,11:05:07,182.38,456014,25,卖盘
1802,11:05:09,182.39,200623,11,买盘
1803,11:05:12,182.39,200621,11,买盘
1804,11:05:16,182.39,91194,5,买盘
1805,11:05:19,182.39,18239,1,中性盘
1806,11:05:22,182.39,72956,4,卖盘
1807,11:05:25,182.39,54717,3,卖盘
1808,11:05:27,182.4,18240,1,买盘
1809,11:05:30,182.4,109436,6,买盘
1810,11:05:34,182.39,200627,11,卖盘
1811,11:05:36,182.4,109436,6,买盘
1812,11:05:40,182.39,18239,1,买盘
1813,11:05:43,182.39,200628,11,买盘
1814,11:05:49,182.41,182402,10,买盘
1815,11:05:51,182.47,182436,10,买盘
1816,11:05:55,182.47,364954,20,买盘
1817,11:05:57,182.46,109482,6,卖盘
1818,11:06:01,182.49,127705,7,中性盘
1819,11:06:04,182.52,18252,1,中性盘
1820,11:06:06,182.51,36502,2,中性盘
1821,11:06:10,182.47,36497,2,卖盘
1822,11:06:12,182.5,72998,4,买盘
1823,11:06:16,182.47,91249,5,卖盘
1824,11:06:19,182.48,72992,4,买盘
1825,11:06:22,182.53,292053,16,买盘
1826,11:06:25,182.55,36508,2,买盘
1827,11:06:27,182.55,18255,1,卖盘
1828,11:06:33,182.53,91269,5,卖盘
1829,11:06:42,182.53,54762,3,卖盘
1830,11:06:46,182.54,54760,3,买盘
1831,11:06:48,182.54,54762,3,买盘
1832,11:06:51,182.53,164302,9,卖盘
1833,11:06:57,182.55,18255,1,买盘
1834,11:07:00,182.54,91271,5,卖盘
1835,11:07:03,182.54,36509,2,卖盘
1836,11:07:07,182.55,127781,7,买盘
1837,11:07:10,182.55,18255,1,买盘
1838,11:07:12,182.55,200804,11,买盘
1839,11:07:16,182.58,255584,14,买盘
1840,11:07:19,182.61,200852,11,买盘
1841,11:07:22,182.7,274046,15,买盘
1842,11:07:25,182.7,18270,1,卖盘
1843,11:07:31,182.6,18260,1,卖盘
1844,11:07:33,182.6,18260,1,中性盘
1845,11:07:37,182.6,36519,2,买盘
1846,11:07:39,182.6,127816,7,买盘
1847,11:07:42,182.57,18257,1,买盘
1848,11:07:46,182.56,54769,3,中性盘
1849,11:07:55,182.56,54768,3,卖盘
1850,11:07:57,182.56,54768,3,买盘
1851,11:08:01,182.55,18255,1,卖盘
1852,11:08:04,182.56,146048,8,买盘
1853,11:08:07,182.56,127792,7,卖盘
1854,11:08:09,182.58,164319,9,买盘
1855,11:08:13,182.57,18257,1,中性盘
1856,11:08:16,182.57,18257,1,卖盘
1857,11:08:19,182.58,200834,11,买盘
1858,11:08:25,182.58,310396,17,卖盘
1859,11:08:31,182.58,54774,3,卖盘
1860,11:08:36,182.59,255625,14,买盘
1861,11:08:39,182.58,36516,2,卖盘
1862,11:08:42,182.47,3231283,177,卖盘
1863,11:08:45,182.46,255417,14,卖盘
1864,11:08:48,182.46,127704,7,中性盘
1865,11:08:52,182.41,54723,3,卖盘
1866,11:08:54,182.43,36485,2,中性盘
1867,11:08:58,182.43,675224,37,买盘
1868,11:09:00,182.61,127813,7,买盘
1869,11:09:04,182.57,54771,3,买盘
1870,11:09:06,182.53,36502,2,中性盘
1871,11:09:10,182.47,109498,6,卖盘
1872,11:09:13,182.54,200768,11,买盘
1873,11:09:16,182.5,36500,2,卖盘
1874,11:09:19,182.43,127723,7,卖盘
1875,11:09:21,182.54,146014,8,买盘
1876,11:09:27,182.53,18253,1,卖盘
1877,11:09:30,182.53,200771,11,买盘
1878,11:09:37,182.52,36498,2,中性盘
1879,11:09:43,182.5,365043,20,中性盘
1880,11:09:45,182.47,18247,1,卖盘
1881,11:09:52,182.53,164246,9,买盘
1882,11:09:54,182.45,91228,5,卖盘
1883,11:10:00,182.53,255486,14,买盘
1884,11:10:06,182.48,18248,1,卖盘
1885,11:10:09,182.46,36492,2,卖盘
1886,11:10:15,182.47,72988,4,卖盘
1887,11:10:18,182.44,36488,2,卖盘
1888,11:10:22,182.47,127715,7,买盘
1889,11:10:24,182.47,145970,8,买盘
1890,11:10:27,182.43,182468,10,卖盘
1891,11:10:31,182.43,18243,1,卖盘
1892,11:10:34,182.44,36488,2,中性盘
1893,11:10:39,182.44,291931,16,卖盘
1894,11:10:42,182.45,36489,2,买盘
1895,11:10:46,182.45,18245,1,卖盘
1896,11:10:49,182.43,273658,15,卖盘
1897,11:10:51,182.44,54735,3,中性盘
1898,11:10:55,182.44,36488,2,卖盘
1899,11:10:57,182.45,54734,3,买盘
1900,11:11:00,182.45,72979,4,买盘
1901,11:11:03,182.45,200685,11,买盘
1902,11:11:06,182.43,273656,15,卖盘
1903,11:11:09,182.43,182430,10,卖盘
1904,11:11:12,182.43,109461,6,卖盘
1905,11:11:15,182.43,182435,10,卖盘
1906,11:11:18,182.43,54729,3,卖盘
1907,11:11:21,182.43,72975,4,卖盘
1908,11:11:25,182.43,18243,1,卖盘
1909,11:11:27,182.43,255393,14,买盘
1910,11:11:31,182.42,18242,1,中性盘
1911,11:11:33,182.41,54723,3,中性盘
1912,11:11:36,182.42,145938,8,买盘
1913,11:11:40,182.41,36483,2,卖盘
1914,11:11:45,182.41,18241,1,卖盘
1915,11:11:48,182.41,109446,6,卖盘
1916,11:11:52,182.41,36482,2,卖盘
1917,11:11:54,182.41,91206,5,卖盘
1918,11:11:58,182.4,36481,2,卖盘
1919,11:12:00,182.4,72960,4,卖盘
1920,11:12:07,182.4,91199,5,卖盘
1921,11:12:13,182.39,18239,1,卖盘
1922,11:12:15,182.4,18240,1,买盘
1923,11:12:18,182.39,18239,1,卖盘
1924,11:12:21,182.4,273600,15,买盘
1925,11:12:24,182.4,36480,2,卖盘
1926,11:12:28,182.4,36480,2,卖盘
1927,11:12:31,182.4,18240,1,卖盘
1928,11:12:33,182.39,255353,14,卖盘
1929,11:12:36,182.39,273580,15,买盘
1930,11:12:39,182.38,72954,4,卖盘
1931,11:12:45,182.38,182382,10,卖盘
1932,11:12:49,182.38,36476,2,卖盘
1933,11:12:51,182.37,182379,10,卖盘
1934,11:12:54,182.37,72949,4,卖盘
1935,11:13:01,182.37,36474,2,卖盘
1936,11:13:03,182.37,54712,3,卖盘
1937,11:13:06,182.38,164139,9,买盘
1938,11:13:10,182.37,18237,1,卖盘
1939,11:13:12,182.37,54711,3,卖盘
1940,11:13:15,182.37,18237,1,卖盘
1941,11:13:18,182.38,54713,3,买盘
1942,11:13:21,182.37,54711,3,卖盘
1943,11:13:24,182.38,18238,1,买盘
1944,11:13:30,182.37,218845,12,卖盘
1945,11:13:34,182.37,109421,6,卖盘
1946,11:13:36,182.37,54711,3,卖盘
1947,11:13:42,182.38,36476,2,买盘
1948,11:13:45,182.37,36474,2,卖盘
1949,11:13:48,182.38,18238,1,买盘
1950,11:13:51,182.38,237092,13,买盘
1951,11:13:54,182.38,109428,6,买盘
1952,11:13:58,182.38,18238,1,卖盘
1953,11:14:03,182.4,200632,11,买盘
1954,11:14:13,182.39,18239,1,卖盘
1955,11:14:15,182.39,36477,2,买盘
1956,11:14:18,182.39,18239,1,买盘
1957,11:14:21,182.38,72952,4,卖盘
1958,11:14:24,182.37,72948,4,卖盘
1959,11:14:27,182.37,18237,1,卖盘
1960,11:14:30,182.37,91184,5,买盘
1961,11:14:33,182.36,36473,2,卖盘
1962,11:14:37,182.36,145889,8,卖盘
1963,11:14:39,182.36,109421,6,卖盘
1964,11:14:42,182.35,18235,1,卖盘
1965,11:14:46,182.34,747626,41,卖盘
1966,11:14:48,182.31,145854,8,卖盘
1967,11:14:51,182.31,54693,3,卖盘
1968,11:14:54,182.3,18230,1,卖盘
1969,11:14:58,182.29,91145,5,卖盘
1970,11:15:01,182.25,72900,4,卖盘
1971,11:15:04,182.22,109335,6,卖盘
1972,11:15:06,182.22,54665,3,买盘
1973,11:15:10,182.22,200432,11,买盘
1974,11:15:12,182.22,309748,17,买盘
1975,11:15:16,182.22,127552,7,买盘
1976,11:15:18,182.23,109337,6,买盘
1977,11:15:21,182.21,18221,1,卖盘
1978,11:15:24,182.23,127556,7,买盘
1979,11:15:27,182.23,72893,4,中性盘
1980,11:15:31,182.23,54669,3,中性盘
1981,11:15:33,182.22,18222,1,卖盘
1982,11:15:36,182.22,18222,1,卖盘
1983,11:15:42,182.22,109332,6,买盘
1984,11:15:46,182.22,36444,2,卖盘
1985,11:15:51,182.22,236886,13,卖盘
1986,11:15:55,182.22,36443,2,买盘
1987,11:15:57,182.21,54663,3,卖盘
1988,11:16:00,182.22,91102,5,买盘
1989,11:16:03,182.19,54661,3,卖盘
1990,11:16:06,182.22,54664,3,买盘
1991,11:16:10,182.19,218653,12,卖盘
1992,11:16:12,182.18,127531,7,卖盘
1993,11:16:15,182.18,36436,2,卖盘
1994,11:16:18,182.18,72872,4,卖盘
1995,11:16:22,182.2,564793,31,买盘
1996,11:16:25,182.2,54660,3,卖盘
1997,11:16:27,182.2,145761,8,卖盘
1998,11:16:31,182.2,72882,4,卖盘
1999,11:16:33,182.2,109320,6,卖盘
2000,11:16:36,182.19,36437,2,中性盘
2001,11:16:39,182.18,18218,1,卖盘
2002,11:16:43,182.15,72869,4,卖盘
2003,11:16:45,182.12,91075,5,卖盘
2004,11:16:48,182.1,109261,6,卖盘
2005,11:16:52,182.09,491644,27,卖盘
2006,11:16:55,182.08,109249,6,卖盘
2007,11:16:57,182.07,72829,4,卖盘
2008,11:17:00,182.07,218492,12,卖盘
2009,11:17:03,182.07,54621,3,卖盘
2010,11:17:06,182.08,127452,7,买盘
2011,11:17:09,182.1,327766,18,买盘
2012,11:17:13,182.16,91072,5,买盘
2013,11:17:16,182.11,18211,1,中性盘
2014,11:17:18,182.18,109298,6,买盘
2015,11:17:21,182.18,145742,8,买盘
2016,11:17:27,182.15,145728,8,卖盘
2017,11:17:30,182.17,18217,1,卖盘
2018,11:17:34,182.15,509934,28,中性盘
2019,11:17:37,182.15,72860,4,卖盘
2020,11:17:39,182.16,127512,7,买盘
2021,11:17:42,182.17,72865,4,买盘
2022,11:17:45,182.18,18218,1,买盘
2023,11:17:49,182.18,91088,5,买盘
2024,11:17:52,182.18,109307,6,买盘
2025,11:17:54,182.18,72872,4,买盘
2026,11:17:58,182.18,200397,11,买盘
2027,11:18:00,182.2,109314,6,买盘
2028,11:18:04,182.19,54657,3,买盘
2029,11:18:06,182.19,91094,5,买盘
2030,11:18:13,182.19,72876,4,卖盘
2031,11:18:15,182.19,36438,2,卖盘
2032,11:18:19,182.2,364393,20,买盘
2033,11:18:21,182.19,182193,10,卖盘
2034,11:18:25,182.2,36439,2,买盘
2035,11:18:27,182.22,291538,16,买盘
2036,11:18:31,182.26,109356,6,买盘
2037,11:18:33,182.23,36446,2,买盘
2038,11:18:36,182.29,91142,5,买盘
2039,11:18:39,182.36,18236,1,买盘
2040,11:18:45,182.34,36463,2,中性盘
2041,11:18:49,182.33,18233,1,中性盘
2042,11:18:51,182.28,54688,3,中性盘
2043,11:18:54,182.28,36456,2,卖盘
2044,11:18:57,182.3,127598,7,买盘
2045,11:19:00,182.28,473911,26,中性盘
2046,11:19:04,182.24,36453,2,卖盘
2047,11:19:07,182.24,109349,6,卖盘
2048,11:19:09,182.24,182244,10,卖盘
2049,11:19:16,182.2,419139,23,卖盘
2050,11:19:18,182.2,72881,4,卖盘
2051,11:19:22,182.2,400841,22,卖盘
2052,11:19:24,182.18,127541,7,卖盘
2053,11:19:27,182.2,18220,1,卖盘
2054,11:19:33,182.2,18220,1,卖盘
2055,11:19:39,182.19,400838,22,卖盘
2056,11:19:42,182.19,54657,3,卖盘
2057,11:19:46,182.2,18220,1,卖盘
2058,11:19:49,182.2,145753,8,买盘
2059,11:19:51,182.18,236836,13,卖盘
2060,11:19:57,182.18,218616,12,卖盘
2061,11:20:00,182.17,91087,5,卖盘
2062,11:20:04,182.17,72868,4,卖盘
2063,11:20:06,182.16,200387,11,卖盘
2064,11:20:09,182.17,200380,11,买盘
2065,11:20:13,182.17,36434,2,卖盘
2066,11:20:16,182.17,91085,5,卖盘
2067,11:20:18,182.17,36434,2,买盘
2068,11:20:21,182.17,109301,6,买盘
2069,11:20:24,182.17,18217,1,中性盘
2070,11:20:27,182.16,36432,2,卖盘
2071,11:20:30,182.17,145736,8,买盘
2072,11:20:33,182.17,455423,25,买盘
2073,11:20:36,182.18,91090,5,买盘
2074,11:20:40,182.17,109302,6,卖盘
2075,11:20:43,182.17,91085,5,卖盘
2076,11:20:45,182.18,236834,13,买盘
2077,11:20:48,182.19,91091,5,买盘
2078,11:20:54,182.2,1275332,70,买盘
2079,11:20:58,182.24,18224,1,买盘
2080,11:21:01,182.21,18221,1,卖盘
2081,11:21:03,182.24,72898,4,中性盘
2082,11:21:06,182.21,36442,2,卖盘
2083,11:21:12,182.2,91100,5,买盘
2084,11:21:16,182.19,72876,4,卖盘
2085,11:21:18,182.18,109313,6,卖盘
2086,11:21:21,182.18,72875,4,卖盘
2087,11:21:24,182.19,36438,2,买盘
2088,11:21:30,182.18,36436,2,卖盘
2089,11:21:33,182.18,18218,1,卖盘
2090,11:21:36,182.19,218625,12,买盘
2091,11:21:40,182.19,163967,9,买盘
2092,11:21:42,182.2,109314,6,买盘
2093,11:21:45,182.19,36438,2,买盘
2094,11:21:49,182.19,18219,1,卖盘
2095,11:21:52,182.2,145758,8,买盘
2096,11:21:54,182.2,72880,4,买盘
2097,11:21:57,182.2,145753,8,买盘
2098,11:22:00,182.19,18219,1,卖盘
2099,11:22:03,182.19,91096,5,卖盘
2100,11:22:09,182.2,109320,6,买盘
2101,11:22:13,182.2,54658,3,买盘
2102,11:22:15,182.19,255068,14,卖盘
2103,11:22:18,182.19,36437,2,买盘
2104,11:22:21,182.19,145750,8,买盘
2105,11:22:24,182.19,36438,2,买盘
2106,11:22:27,182.19,127531,7,买盘
2107,11:22:31,182.19,18219,1,买盘
2108,11:22:33,182.18,36436,2,卖盘
2109,11:22:36,182.18,54655,3,卖盘
2110,11:22:39,182.19,218620,12,买盘
2111,11:22:42,182.19,72877,4,卖盘
2112,11:22:45,182.2,18220,1,买盘
2113,11:22:52,182.19,127535,7,卖盘
2114,11:22:54,182.2,145760,8,买盘
2115,11:22:57,182.2,54659,3,买盘
2116,11:23:00,182.2,364382,20,买盘
2117,11:23:03,182.16,1767082,97,卖盘
2118,11:23:06,182.14,528238,29,卖盘
2119,11:23:10,182.12,236753,13,卖盘
2120,11:23:13,182.1,91058,5,卖盘
2121,11:23:15,182.1,291360,16,卖盘
2122,11:23:18,182.08,163879,9,卖盘
2123,11:23:21,182.08,54624,3,卖盘
2124,11:23:24,182.08,18208,1,卖盘
2125,11:23:27,182.07,36415,2,卖盘
2126,11:23:30,182.07,36414,2,卖盘
2127,11:23:37,182.07,36414,2,卖盘
2128,11:23:39,182.06,109238,6,卖盘
2129,11:23:42,182.07,127448,7,买盘
2130,11:23:45,182.06,127442,7,卖盘
2131,11:23:48,182.07,18207,1,买盘
2132,11:23:51,182.07,163860,9,买盘
2133,11:23:55,182.07,109242,6,买盘
2134,11:23:57,182.07,91035,5,买盘
2135,11:24:03,182.08,236704,13,买盘
2136,11:24:07,182.08,54624,3,卖盘
2137,11:24:10,182.08,91040,5,卖盘
2138,11:24:13,182.08,72833,4,卖盘
2139,11:24:16,182.08,72832,4,卖盘
2140,11:24:18,182.08,1165311,64,卖盘
2141,11:24:21,182.08,291327,16,买盘
2142,11:24:24,182.08,109247,6,中性盘
2143,11:24:28,182.08,72832,4,卖盘
2144,11:24:30,182.08,200296,11,卖盘
2145,11:24:33,182.08,91040,5,卖盘
2146,11:24:36,182.08,400594,22,卖盘
2147,11:24:40,182.08,145664,8,卖盘
2148,11:24:42,182.07,72831,4,卖盘
2149,11:24:45,182.08,200284,11,买盘
2150,11:24:48,182.07,218491,12,卖盘
2151,11:24:51,182.07,18207,1,卖盘
2152,11:24:54,182.07,54622,3,卖盘
2153,11:24:57,182.07,163865,9,卖盘
2154,11:25:00,182.07,54621,3,卖盘
2155,11:25:03,182.07,127450,7,卖盘
2156,11:25:06,182.08,163868,9,买盘
2157,11:25:09,182.07,72830,4,中性盘
2158,11:25:12,182.08,145659,8,买盘
2159,11:25:15,182.07,127448,7,中性盘
2160,11:25:19,182.07,54621,3,卖盘
2161,11:25:21,182.08,109245,6,买盘
2162,11:25:24,182.07,36415,2,卖盘
2163,11:25:27,182.08,254909,14,买盘
2164,11:25:31,182.08,72830,4,买盘
2165,11:25:33,182.08,182077,10,买盘
2166,11:25:36,182.09,109249,6,买盘
2167,11:25:43,182.07,200277,11,买盘
2168,11:25:45,182.06,91033,5,卖盘
2169,11:25:48,182.07,145662,8,中性盘
2170,11:25:52,182.07,36415,2,中性盘
2171,11:25:54,182.07,127444,7,买盘
2172,11:25:57,182.07,218484,12,买盘
2173,11:26:00,182.06,54619,3,卖盘
2174,11:26:03,182.07,72828,4,中性盘
2175,11:26:07,182.06,127442,7,卖盘
2176,11:26:10,182.06,109239,6,卖盘
2177,11:26:12,182.07,91034,5,买盘
2178,11:26:15,182.06,127443,7,卖盘
2179,11:26:19,182.06,436944,24,卖盘
2180,11:26:21,182.06,273089,15,卖盘
2181,11:26:24,182.06,218481,12,买盘
2182,11:26:27,182.05,109233,6,卖盘
2183,11:26:30,182.05,127435,7,卖盘
2184,11:26:33,182.04,218458,12,卖盘
2185,11:26:36,182.03,127432,7,卖盘
2186,11:26:40,182.03,54609,3,卖盘
2187,11:26:42,182.02,273045,15,卖盘
2188,11:26:45,182.02,127414,7,卖盘
2189,11:26:48,182.03,236634,13,买盘
2190,11:26:54,182.02,400445,22,卖盘
2191,11:26:57,182.03,163824,9,买盘
2192,11:27:01,182.03,127415,7,买盘
2193,11:27:04,182.03,400431,22,买盘
2194,11:27:06,182.01,309417,17,卖盘
2195,11:27:09,182.01,1070166,59,买盘
2196,11:27:12,182.02,3498046,192,买盘
2197,11:27:15,181.99,145598,8,卖盘
2198,11:27:18,181.98,345783,19,卖盘
2199,11:27:21,181.97,400343,22,卖盘
2200,11:27:24,181.95,727818,40,卖盘
2201,11:27:27,181.94,127359,7,卖盘
2202,11:27:31,181.92,582173,32,卖盘
2203,11:27:33,181.92,163733,9,卖盘
2204,11:27:37,181.91,509358,28,卖盘
2205,11:27:39,181.9,764020,42,卖盘
2206,11:27:42,181.9,491132,27,卖盘
2207,11:27:46,181.91,545704,30,买盘
2208,11:27:49,181.91,709415,39,买盘
2209,11:27:51,181.91,472955,26,买盘
2210,11:27:54,181.9,472951,26,卖盘
2211,11:27:57,181.91,163717,9,买盘
2212,11:28:00,181.94,163732,9,买盘
2213,11:28:04,181.94,36389,2,卖盘
2214,11:28:06,181.94,272912,15,卖盘
2215,11:28:09,181.93,127355,7,中性盘
2216,11:28:13,181.93,327474,18,卖盘
2217,11:28:15,181.92,218314,12,卖盘
2218,11:28:19,181.92,745897,41,卖盘
2219,11:28:22,181.92,163721,9,买盘
2220,11:28:24,181.91,345638,19,卖盘
2221,11:28:27,181.91,291058,16,卖盘
2222,11:28:30,181.91,218303,12,卖盘
2223,11:28:33,181.92,236501,13,买盘
2224,11:28:36,181.91,200106,11,卖盘
2225,11:28:40,181.91,181914,10,卖盘
2226,11:28:42,181.92,272870,15,买盘
2227,11:28:45,181.91,90958,5,卖盘
2228,11:28:48,181.92,72767,4,买盘
2229,11:28:54,181.92,90957,5,买盘
2230,11:28:57,181.91,54573,3,卖盘
2231,11:29:00,181.91,400215,22,卖盘
2232,11:29:03,181.91,109147,6,卖盘
2233,11:29:06,181.91,54573,3,卖盘
2234,11:29:10,181.92,145529,8,买盘
2235,11:29:12,181.91,254684,14,卖盘
2236,11:29:15,181.9,72764,4,卖盘
2237,11:29:19,181.9,127330,7,卖盘
2238,11:29:22,181.91,54571,3,买盘
2239,11:29:24,181.91,109144,6,买盘
2240,11:29:28,181.92,600331,33,买盘
2241,11:29:31,181.92,2382896,131,买盘
2242,11:29:33,181.91,163719,9,卖盘
2243,11:29:37,181.91,363821,20,卖盘
2244,11:29:39,181.9,236476,13,卖盘
2245,11:29:43,181.92,472978,26,买盘
2246,11:29:46,181.91,36382,2,中性盘
2247,11:29:49,181.9,200093,11,卖盘
2248,11:29:51,181.9,90948,5,买盘
2249,11:29:54,181.9,90951,5,卖盘
2250,11:30:00,181.9,18190,1,卖盘
2251,13:00:00,181.91,18191,1,买盘
2252,13:00:03,181.92,745845,41,买盘
2253,13:00:07,181.91,272873,15,卖盘
2254,13:00:10,181.92,418401,23,中性盘
2255,13:00:13,181.93,945961,52,中性盘
2256,13:00:16,181.92,218331,12,卖盘
2257,13:00:18,181.95,54583,3,买盘
2258,13:00:21,181.92,236503,13,卖盘
2259,13:00:24,181.92,418414,23,买盘
2260,13:00:27,181.91,145533,8,卖盘
2261,13:00:31,181.94,90968,5,买盘
2262,13:00:33,181.91,36382,2,卖盘
2263,13:00:40,181.93,145550,8,卖盘
2264,13:00:42,181.97,200154,11,买盘
2265,13:00:46,181.99,90989,5,买盘
2266,13:00:48,181.99,72795,4,买盘
2267,13:00:51,182.01,91003,5,买盘
2268,13:00:54,182.0,364014,20,卖盘
2269,13:00:57,182.0,91003,5,中性盘
2270,13:01:00,182.09,72836,4,中性盘
2271,13:01:04,182.02,36404,2,卖盘
2272,13:01:06,182.06,36412,2,买盘
2273,13:01:09,182.05,127425,7,中性盘
2274,13:01:12,182.06,163854,9,买盘
2275,13:01:16,182.06,72827,4,卖盘
2276,13:01:18,182.07,254893,14,买盘
2277,13:01:21,182.07,273114,15,卖盘
2278,13:01:25,182.09,54623,3,中性盘
2279,13:01:27,182.07,309520,17,卖盘
2280,13:01:31,182.07,746576,41,卖盘
2281,13:01:36,182.12,54636,3,买盘
2282,13:01:39,182.1,91053,5,卖盘
2283,13:01:43,182.07,418889,23,卖盘
2284,13:01:45,182.07,637473,35,卖盘
2285,13:01:48,182.07,200289,11,买盘
2286,13:01:51,182.18,218546,12,中性盘
2287,13:01:54,182.1,91041,5,中性盘
2288,13:02:01,182.09,36418,2,卖盘
2289,13:02:03,182.09,364245,20,买盘
2290,13:02:06,182.18,491797,27,买盘
2291,13:02:12,182.11,91085,5,卖盘
2292,13:02:16,182.11,236762,13,买盘
2293,13:02:18,182.11,91050,5,买盘
2294,13:02:22,182.11,109281,6,中性盘
2295,13:02:25,182.11,91058,5,卖盘
2296,13:02:28,182.11,145706,8,卖盘
2297,13:02:30,182.18,18218,1,买盘
2298,13:02:33,182.12,109290,6,卖盘
2299,13:02:36,182.18,127499,7,买盘
2300,13:02:40,182.14,18214,1,卖盘
2301,13:02:42,182.13,127496,7,卖盘
2302,13:02:45,182.12,18212,1,卖盘
2303,13:02:48,182.17,36433,2,买盘
2304,13:02:51,182.16,72857,4,买盘
2305,13:02:54,182.17,72858,4,买盘
2306,13:02:57,182.18,255051,14,买盘
2307,13:03:04,182.22,36444,2,买盘
2308,13:03:06,182.22,18222,1,买盘
2309,13:03:09,182.18,54658,3,卖盘
2310,13:03:12,182.16,109304,6,卖盘
2311,13:03:16,182.16,109298,6,卖盘
2312,13:03:18,182.17,72869,4,卖盘
2313,13:03:22,182.18,109308,6,买盘
2314,13:03:25,182.17,36436,2,中性盘
2315,13:03:27,182.16,109309,6,卖盘
2316,13:03:30,182.21,182174,10,买盘
2317,13:03:34,182.16,327923,18,卖盘
2318,13:03:36,182.17,364340,20,买盘
2319,13:03:40,182.17,54656,3,卖盘
2320,13:03:43,182.17,91085,5,卖盘
2321,13:03:45,182.22,54662,3,买盘
2322,13:03:48,182.18,91102,5,卖盘
2323,13:03:51,182.33,506665,28,买盘
2324,13:03:54,182.37,164115,9,买盘
2325,13:03:58,182.33,164100,9,卖盘
2326,13:04:01,182.33,295374,16,卖盘
2327,13:04:03,182.33,273494,15,买盘
2328,13:04:06,182.33,36466,2,买盘
2329,13:04:09,182.33,18233,1,买盘
2330,13:04:12,182.22,91121,5,卖盘
2331,13:04:16,182.31,18231,1,中性盘
2332,13:04:19,182.2,18220,1,卖盘
2333,13:04:21,182.2,382817,21,卖盘
2334,13:04:24,182.21,109334,6,中性盘
2335,13:04:27,182.2,163980,9,卖盘
2336,13:04:30,182.2,54660,3,卖盘
2337,13:04:33,182.2,182194,10,买盘
2338,13:04:36,182.19,127533,7,卖盘
2339,13:04:39,182.19,109312,6,买盘
2340,13:04:42,182.19,182187,10,买盘
2341,13:04:45,182.17,127524,7,卖盘
2342,13:04:48,182.17,54651,3,中性盘
2343,13:04:51,182.16,91082,5,卖盘
2344,13:04:54,182.17,72866,4,买盘
2345,13:04:57,182.16,36433,2,卖盘
2346,13:05:01,182.16,54649,3,卖盘
2347,13:05:03,182.16,18216,1,卖盘
2348,13:05:06,182.17,163953,9,买盘
2349,13:05:09,182.15,72866,4,卖盘
2350,13:05:12,182.15,72860,4,卖盘
2351,13:05:15,182.15,72859,4,买盘
2352,13:05:18,182.14,91073,5,卖盘
2353,13:05:21,182.14,91071,5,卖盘
2354,13:05:27,182.11,182117,10,卖盘
2355,13:05:31,182.09,91049,5,卖盘
2356,13:05:33,182.1,163884,9,买盘
2357,13:05:36,182.1,218508,12,买盘
2358,13:05:39,182.09,91044,5,卖盘
2359,13:05:42,182.09,218523,12,中性盘
2360,13:05:46,182.08,145668,8,卖盘
2361,13:05:48,182.1,182080,10,买盘
2362,13:05:51,182.09,18209,1,中性盘
2363,13:05:54,182.09,72835,4,买盘
2364,13:05:57,182.1,345990,19,买盘
2365,13:06:01,182.14,109284,6,中性盘
2366,13:06:03,182.1,127485,7,卖盘
2367,13:06:07,182.1,600966,33,卖盘
2368,13:06:09,182.24,109296,6,买盘
2369,13:06:12,182.24,91121,5,卖盘
2370,13:06:15,182.24,91120,5,卖盘
2371,13:06:18,182.24,18224,1,买盘
2372,13:06:21,182.24,18224,1,买盘
2373,13:06:24,182.25,54677,3,中性盘
2374,13:06:30,182.23,109344,6,卖盘
2375,13:06:33,182.23,145784,8,卖盘
2376,13:06:36,182.22,218664,12,中性盘
2377,13:06:40,182.15,91095,5,卖盘
2378,13:06:42,182.15,72866,4,中性盘
2379,13:06:45,182.14,91086,5,卖盘
2380,13:06:48,182.15,327869,18,中性盘
2381,13:06:52,182.15,582754,32,卖盘
2382,13:06:55,182.22,400861,22,买盘
2383,13:06:57,182.16,255072,14,卖盘
2384,13:07:00,182.16,510217,28,卖盘
2385,13:07:04,182.31,401022,22,买盘
2386,13:07:06,182.37,237020,13,买盘
2387,13:07:09,182.26,182292,10,卖盘
2388,13:07:12,182.3,36461,2,卖盘
2389,13:07:16,182.26,164072,9,卖盘
2390,13:07:18,182.28,127609,7,卖盘
2391,13:07:21,182.3,127600,7,中性盘
2392,13:07:25,182.31,72924,4,中性盘
2393,13:07:28,182.32,36463,2,中性盘
2394,13:07:31,182.41,182387,10,买盘
2395,13:07:33,182.32,54696,3,卖盘
2396,13:07:36,182.32,18232,1,中性盘
2397,13:07:40,182.33,54699,3,买盘
2398,13:07:42,182.34,127630,7,买盘
2399,13:07:45,182.32,36464,2,中性盘
2400,13:07:48,182.33,91163,5,买盘
2401,13:07:51,182.33,54700,3,卖盘
2402,13:07:55,182.33,72933,4,卖盘
2403,13:07:57,182.33,54699,3,卖盘
2404,13:08:00,182.33,54701,3,卖盘
2405,13:08:04,182.34,309965,17,买盘
2406,13:08:07,182.34,18234,1,买盘
2407,13:08:09,182.34,54701,3,买盘
2408,13:08:12,182.33,109398,6,卖盘
2409,13:08:15,182.31,182319,10,卖盘
2410,13:08:18,182.31,91155,5,卖盘
2411,13:08:21,182.29,218750,12,卖盘
2412,13:08:24,182.3,364595,20,买盘
2413,13:08:27,182.26,164034,9,卖盘
2414,13:08:30,182.26,36452,2,卖盘
2415,13:08:34,182.26,91130,5,卖盘
2416,13:08:37,182.25,54677,3,卖盘
2417,13:08:39,182.25,91127,5,卖盘
2418,13:08:42,182.25,91126,5,卖盘
2419,13:08:48,182.24,328033,18,卖盘
2420,13:08:51,182.25,127568,7,买盘
2421,13:08:54,182.23,36446,2,卖盘
2422,13:08:57,182.22,91115,5,卖盘
2423,13:09:00,182.22,91111,5,卖盘
2424,13:09:03,182.21,91105,5,卖盘
2425,13:09:07,182.21,236874,13,卖盘
2426,13:09:09,182.21,255105,14,卖盘
2427,13:09:12,182.21,91105,5,卖盘
2428,13:09:18,182.21,747052,41,买盘
2429,13:09:21,182.3,546702,30,买盘
2430,13:09:25,182.32,237013,13,买盘
2431,13:09:27,182.34,218820,12,中性盘
2432,13:09:31,182.3,693091,38,卖盘
2433,13:09:33,182.3,291767,16,卖盘
2434,13:09:36,182.31,36462,2,买盘
2435,13:09:40,182.3,218762,12,卖盘
2436,13:09:42,182.23,145827,8,卖盘
2437,13:09:46,182.18,255088,14,卖盘
2438,13:09:48,182.18,72872,4,卖盘
2439,13:09:52,182.15,127514,7,卖盘
2440,13:09:54,182.12,18212,1,卖盘
2441,13:09:57,182.11,346024,19,卖盘
2442,13:10:00,182.15,673875,37,买盘
2443,13:10:03,182.11,564513,31,卖盘
2444,13:10:06,182.16,145723,8,中性盘
2445,13:10:10,182.12,91062,5,卖盘
2446,13:10:13,182.12,127491,7,卖盘
2447,13:10:15,182.1,72841,4,卖盘
2448,13:10:19,182.07,91038,5,卖盘
2449,13:10:21,182.12,582748,32,买盘
2450,13:10:25,182.12,218551,12,卖盘
2451,13:10:28,182.16,346064,19,买盘
2452,13:10:30,182.17,400737,22,中性盘
2453,13:10:33,182.23,218634,12,买盘
2454,13:10:36,182.15,109288,6,卖盘
2455,13:10:39,182.16,473526,26,买盘
2456,13:10:42,182.18,72870,4,买盘
2457,13:10:45,182.16,182164,10,卖盘
2458,13:10:48,182.16,91080,5,卖盘
2459,13:10:51,182.17,182165,10,买盘
2460,13:10:54,182.17,145737,8,买盘
2461,13:10:57,182.17,109303,6,卖盘
2462,13:11:00,182.17,54653,3,中性盘
2463,13:11:03,182.17,72869,4,卖盘
2464,13:11:07,182.17,72870,4,卖盘
2465,13:11:10,182.21,54661,3,买盘
2466,13:11:12,182.17,72882,4,卖盘
2467,13:11:16,182.18,36435,2,买盘
2468,13:11:19,182.17,163954,9,卖盘
2469,13:11:25,182.18,91088,5,买盘
2470,13:11:27,182.18,145744,8,卖盘
2471,13:11:30,182.18,91093,5,卖盘
2472,13:11:34,182.19,109313,6,买盘
2473,13:11:36,182.18,72874,4,卖盘
2474,13:11:42,182.18,91092,5,卖盘
2475,13:11:45,182.18,72872,4,卖盘
2476,13:11:49,182.18,72874,4,卖盘
2477,13:11:51,182.19,36438,2,买盘
2478,13:11:55,182.19,127540,7,中性盘
2479,13:11:57,182.18,54656,3,卖盘
2480,13:12:00,182.2,54663,3,卖盘
2481,13:12:03,182.2,36440,2,中性盘
2482,13:12:07,182.19,91099,5,卖盘
2483,13:12:09,182.2,91100,5,卖盘
2484,13:12:12,182.18,200403,11,卖盘
2485,13:12:15,182.19,54655,3,中性盘
2486,13:12:19,182.2,145748,8,买盘
2487,13:12:22,182.18,200416,11,卖盘
2488,13:12:25,182.2,54660,3,卖盘
2489,13:12:30,182.2,400837,22,买盘
2490,13:12:34,182.21,36441,2,买盘
2491,13:12:36,182.24,91114,5,买盘
2492,13:12:40,182.32,54696,3,买盘
2493,13:12:43,182.25,72920,4,卖盘
2494,13:12:45,182.25,54679,3,卖盘
2495,13:12:48,182.22,72891,4,卖盘
2496,13:12:54,182.25,91121,5,买盘
2497,13:12:57,182.29,91118,5,买盘
2498,13:13:00,182.21,18221,1,中性盘
2499,13:13:04,182.21,72884,4,卖盘
2500,13:13:07,182.2,36440,2,卖盘
2501,13:13:10,182.26,54676,3,买盘
2502,13:13:12,182.32,437491,24,买盘
2503,13:13:15,182.28,674505,37,卖盘
2504,13:13:18,182.4,91193,5,买盘
2505,13:13:22,182.33,127658,7,卖盘
2506,13:13:24,182.31,200570,11,卖盘
2507,13:13:27,182.3,36460,2,卖盘
2508,13:13:31,182.3,255247,14,中性盘
2509,13:13:33,182.3,273498,15,卖盘
2510,13:13:36,182.31,109400,6,中性盘
2511,13:13:43,182.4,310072,17,买盘
2512,13:13:45,182.4,127655,7,买盘
2513,13:13:49,182.38,18238,1,买盘
2514,13:13:51,182.33,36470,2,卖盘
2515,13:13:55,182.44,1094401,60,买盘
2516,13:13:58,182.43,237171,13,卖盘
2517,13:14:00,182.48,36496,2,买盘
2518,13:14:03,182.5,218978,12,买盘
2519,13:14:07,182.5,310249,17,买盘
2520,13:14:10,182.5,200761,11,买盘
2521,13:14:12,182.52,73011,4,中性盘
2522,13:14:16,182.55,365029,20,买盘
2523,13:14:18,182.51,200757,11,卖盘
2524,13:14:21,182.5,200748,11,卖盘
2525,13:14:24,182.49,109499,6,卖盘
2526,13:14:27,182.5,72997,4,买盘
2527,13:14:30,182.48,109491,6,卖盘
2528,13:14:34,182.48,437968,24,卖盘
2529,13:14:36,182.48,127739,7,卖盘
2530,13:14:39,182.48,109488,6,卖盘
2531,13:14:42,182.47,218972,12,卖盘
2532,13:14:45,182.47,145976,8,卖盘
2533,13:14:48,182.47,72986,4,买盘
2534,13:14:51,182.45,218948,12,卖盘
2535,13:14:54,182.45,200703,11,卖盘
2536,13:14:57,182.45,18245,1,买盘
2537,13:15:00,182.44,255418,14,卖盘
2538,13:15:03,182.44,145950,8,买盘
2539,13:15:06,182.44,72972,4,买盘
2540,13:15:09,182.4,419592,23,卖盘
2541,13:15:13,182.44,36488,2,卖盘
2542,13:15:16,182.36,109450,6,卖盘
2543,13:15:18,182.33,310100,17,卖盘
2544,13:15:22,182.33,182368,10,卖盘
2545,13:15:24,182.4,273550,15,中性盘
2546,13:15:27,182.45,291868,16,买盘
2547,13:15:30,182.42,54725,3,中性盘
2548,13:15:33,182.4,182405,10,卖盘
2549,13:15:37,182.41,72962,4,买盘
2550,13:15:40,182.33,182378,10,卖盘
2551,13:15:42,182.34,91168,5,中性盘
2552,13:15:45,182.33,109395,6,中性盘
2553,13:15:48,182.33,255254,14,买盘
2554,13:15:51,182.32,36465,2,中性盘
2555,13:15:54,182.31,36462,2,卖盘
2556,13:15:57,182.31,455988,25,卖盘
2557,13:16:00,182.31,237035,13,卖盘
2558,13:16:04,182.41,36481,2,买盘
2559,13:16:07,182.33,109398,6,卖盘
2560,13:16:10,182.33,510524,28,卖盘
2561,13:16:13,182.4,36478,2,中性盘
2562,13:16:15,182.41,127674,7,买盘
2563,13:16:22,182.4,54710,3,中性盘
2564,13:16:24,182.34,109405,6,卖盘
2565,13:16:28,182.33,182336,10,卖盘
2566,13:16:30,182.33,182335,10,中性盘
2567,13:16:34,182.32,18232,1,买盘
2568,13:16:37,182.31,346397,19,卖盘
2569,13:16:39,182.31,182314,10,卖盘
2570,13:16:42,182.32,36464,2,卖盘
2571,13:16:48,182.32,91162,5,卖盘
2572,13:16:52,182.32,91160,5,卖盘
2573,13:16:54,182.33,36465,2,买盘
2574,13:16:57,182.33,164091,9,买盘
2575,13:17:00,182.32,164095,9,中性盘
2576,13:17:06,182.42,237128,13,买盘
2577,13:17:10,182.42,36485,2,卖盘
2578,13:17:15,182.42,291882,16,卖盘
2579,13:17:18,182.43,72970,4,买盘
2580,13:17:24,182.41,36483,2,卖盘
2581,13:17:27,182.41,18241,1,卖盘
2582,13:17:30,182.42,200658,11,买盘
2583,13:17:33,182.4,18240,1,中性盘
2584,13:17:36,182.4,200636,11,卖盘
2585,13:17:40,182.41,18241,1,买盘
2586,13:17:43,182.38,54718,3,卖盘
2587,13:17:46,182.4,36481,2,中性盘
2588,13:17:49,182.39,36478,2,卖盘
2589,13:17:51,182.4,218866,12,买盘
2590,13:17:54,182.33,72951,4,卖盘
2591,13:17:58,182.34,109408,6,中性盘
2592,13:18:00,182.33,18233,1,卖盘
2593,13:18:03,182.35,72936,4,买盘
2594,13:18:06,182.33,72936,4,卖盘
2595,13:18:09,182.33,18233,1,卖盘
2596,13:18:15,182.37,54709,3,买盘
2597,13:18:18,182.39,72950,4,买盘
2598,13:18:21,182.38,18238,1,卖盘
2599,13:18:25,182.33,237062,13,卖盘
2600,13:18:27,182.38,18238,1,买盘
2601,13:18:30,182.32,182330,10,卖盘
2602,13:18:33,182.32,145857,8,卖盘
2603,13:18:36,182.32,255268,14,卖盘
2604,13:18:40,182.35,36467,2,买盘
2605,13:18:42,182.32,72930,4,卖盘
2606,13:18:46,182.34,18234,1,买盘
2607,13:18:52,182.32,127628,7,卖盘
2608,13:18:54,182.35,127642,7,买盘
2609,13:18:57,182.34,109404,6,买盘
2610,13:19:03,182.34,182336,10,买盘
2611,13:19:06,182.34,36468,2,卖盘
2612,13:19:09,182.34,18234,1,卖盘
2613,13:19:12,182.35,109409,6,买盘
2614,13:19:15,182.34,54704,3,中性盘
2615,13:19:19,182.34,54702,3,卖盘
2616,13:19:22,182.35,109407,6,买盘
2617,13:19:25,182.34,200564,11,中性盘
2618,13:19:27,182.33,72933,4,卖盘
2619,13:19:31,182.34,18234,1,卖盘
2620,13:19:33,182.35,109410,6,买盘
2621,13:19:37,182.35,36470,2,中性盘
2622,13:19:39,182.37,164125,9,买盘
2623,13:19:48,182.38,91189,5,买盘
2624,13:19:51,182.39,72955,4,买盘
2625,13:19:54,182.37,273596,15,卖盘
2626,13:20:00,182.39,54716,3,中性盘
2627,13:20:04,182.39,72955,4,中性盘
2628,13:20:07,182.38,36476,2,卖盘
2629,13:20:09,182.38,36476,2,卖盘
2630,13:20:12,182.37,218855,12,卖盘
2631,13:20:15,182.38,291797,16,买盘
2632,13:20:21,182.37,72951,4,卖盘
2633,13:20:24,182.37,109422,6,卖盘
2634,13:20:28,182.36,346483,19,卖盘
2635,13:20:34,182.35,18235,1,卖盘
2636,13:20:36,182.36,109411,6,买盘
2637,13:20:39,182.35,109410,6,卖盘
2638,13:20:43,182.36,182356,10,买盘
2639,13:20:45,182.36,54708,3,买盘
2640,13:20:48,182.36,310006,17,买盘
2641,13:20:51,182.36,109415,6,买盘
2642,13:21:00,182.35,218816,12,卖盘
2643,13:21:03,182.35,18235,1,卖盘
2644,13:21:07,182.35,255290,14,卖盘
2645,13:21:09,182.35,72940,4,卖盘
2646,13:21:12,182.34,36468,2,卖盘
2647,13:21:16,182.34,54702,3,卖盘
2648,13:21:18,182.34,54702,3,卖盘
2649,13:21:22,182.34,109403,6,买盘
2650,13:21:25,182.34,54702,3,中性盘
2651,13:21:27,182.37,437651,24,买盘
2652,13:21:31,182.38,273570,15,买盘
2653,13:21:33,182.39,310044,17,买盘
2654,13:21:36,182.39,36479,2,中性盘
2655,13:21:39,182.39,18239,1,买盘
2656,13:21:45,182.41,91197,5,买盘
2657,13:21:48,182.43,164171,9,买盘
2658,13:21:54,182.48,218954,12,买盘
2659,13:21:58,182.43,18243,1,卖盘
2660,13:22:01,182.48,91240,5,买盘
2661,13:22:04,182.45,72983,4,卖盘
2662,13:22:06,182.48,310215,17,买盘
2663,13:22:10,182.51,511001,28,买盘
2664,13:22:12,182.51,200777,11,中性盘
2665,13:22:18,182.55,36510,2,买盘
2666,13:22:21,182.54,237311,13,卖盘
2667,13:22:24,182.55,292079,16,买盘
2668,13:22:27,182.54,164282,9,卖盘
2669,13:22:30,182.55,310329,17,买盘
2670,13:22:37,182.56,200821,11,买盘
2671,13:22:39,182.56,109536,6,买盘
2672,13:22:42,182.57,73028,4,中性盘
2673,13:22:48,182.58,255607,14,买盘
2674,13:22:51,182.6,346929,19,买盘
2675,13:22:57,182.61,109567,6,买盘
2676,13:23:01,182.6,36521,2,卖盘
2677,13:23:03,182.67,109601,6,买盘
2678,13:23:07,182.67,91335,5,卖盘
2679,13:23:10,182.66,164398,9,中性盘
2680,13:23:13,182.66,127864,7,卖盘
2681,13:23:15,182.67,292264,16,买盘
2682,13:23:19,182.65,109598,6,中性盘
2683,13:23:22,182.63,54795,3,卖盘
2684,13:23:25,182.62,54787,3,卖盘
2685,13:23:28,182.59,474777,26,卖盘
2686,13:23:31,182.58,73033,4,卖盘
2687,13:23:33,182.6,292133,16,买盘
2688,13:23:37,182.57,73028,4,卖盘
2689,13:23:40,182.6,109562,6,买盘
2690,13:23:42,182.6,383502,21,中性盘
2691,13:23:45,182.6,146084,8,卖盘
2692,13:23:48,182.6,127815,7,买盘
2693,13:23:54,182.59,91295,5,买盘
2694,13:23:58,182.58,36516,2,卖盘
2695,13:24:00,182.59,36518,2,买盘
2696,13:24:04,182.58,346905,19,卖盘
2697,13:24:06,182.57,91286,5,卖盘
2698,13:24:10,182.55,73024,4,卖盘
2699,13:24:12,182.56,164302,9,买盘
2700,13:24:15,182.56,109536,6,卖盘
2701,13:24:18,182.53,18253,1,中性盘
2702,13:24:25,182.52,237276,13,卖盘
2703,13:24:28,182.49,620510,34,卖盘
2704,13:24:30,182.49,164237,9,卖盘
2705,13:24:34,182.46,36492,2,中性盘
2706,13:24:36,182.45,36490,2,卖盘
2707,13:24:39,182.41,164178,9,卖盘
2708,13:24:43,182.45,91213,5,中性盘
2709,13:24:48,182.46,620300,34,买盘
2710,13:24:52,182.53,711765,39,买盘
2711,13:24:55,182.55,146028,8,买盘
2712,13:25:00,182.56,146044,8,买盘
2713,13:25:06,182.56,54768,3,买盘
2714,13:25:10,182.55,18255,1,买盘
2715,13:25:12,182.55,36510,2,买盘
2716,13:25:15,182.56,237315,13,买盘
2717,13:25:18,182.55,146039,8,买盘
2718,13:25:22,182.56,73024,4,买盘
2719,13:25:24,182.55,675470,37,中性盘
2720,13:25:28,182.55,54765,3,卖盘
2721,13:25:30,182.56,438141,24,买盘
2722,13:25:33,182.61,2026697,111,买盘
2723,13:25:36,182.65,127837,7,买盘
2724,13:25:39,182.64,255733,14,卖盘
2725,13:25:43,182.67,712503,39,中性盘
2726,13:25:46,182.69,200955,11,买盘
2727,13:25:48,182.73,219267,12,买盘
2728,13:25:51,182.74,36548,2,买盘
2729,13:25:55,182.74,127918,7,买盘
2730,13:25:58,182.74,127922,7,卖盘
2731,13:26:01,182.74,146200,8,中性盘
2732,13:26:04,182.75,201020,11,中性盘
2733,13:26:06,182.76,18276,1,买盘
2734,13:26:10,182.73,347189,19,卖盘
2735,13:26:12,182.72,200988,11,卖盘
2736,13:26:16,182.66,127889,7,卖盘
2737,13:26:18,182.66,73074,4,卖盘
2738,13:26:21,182.64,365312,20,卖盘
2739,13:26:24,182.64,54792,3,卖盘
2740,13:26:28,182.64,109588,6,卖盘
2741,13:26:31,182.65,127854,7,买盘
2742,13:26:33,182.64,18264,1,买盘
2743,13:26:36,182.63,146109,8,卖盘
2744,13:26:40,182.62,54786,3,中性盘
2745,13:26:42,182.63,219149,12,买盘
2746,13:26:48,182.6,73041,4,卖盘
2747,13:26:51,182.61,182610,10,买盘
2748,13:26:54,182.59,91299,5,卖盘
2749,13:26:57,182.61,255646,14,买盘
2750,13:27:00,182.58,109552,6,卖盘
2751,13:27:04,182.57,54771,3,中性盘
2752,13:27:07,182.54,54763,3,卖盘
2753,13:27:16,182.55,73017,4,买盘
2754,13:27:18,182.56,310331,17,买盘
2755,13:27:21,182.55,127780,7,中性盘
2756,13:27:24,182.57,54771,3,买盘
2757,13:27:28,182.55,18255,1,卖盘
2758,13:27:31,182.59,985918,54,买盘
2759,13:27:34,182.61,200864,11,买盘
2760,13:27:37,182.62,54787,3,卖盘
2761,13:27:40,182.64,200898,11,买盘
2762,13:27:42,182.61,109567,6,卖盘
2763,13:27:46,182.61,91305,5,买盘
2764,13:27:48,182.61,164361,9,买盘
2765,13:27:51,182.6,200861,11,卖盘
2766,13:27:55,182.6,91300,5,买盘
2767,13:27:58,182.6,73039,4,买盘
2768,13:28:01,182.59,54779,3,卖盘
2769,13:28:03,182.6,54780,3,买盘
2770,13:28:06,182.62,273917,15,买盘
2771,13:28:09,182.62,18262,1,卖盘
2772,13:28:13,182.65,91323,5,买盘
2773,13:28:19,182.65,73061,4,卖盘
2774,13:28:21,182.65,36530,2,卖盘
2775,13:28:24,182.65,18265,1,卖盘
2776,13:28:27,182.65,146125,8,卖盘
2777,13:28:31,182.65,91325,5,中性盘
2778,13:28:33,182.65,73058,4,买盘
2779,13:28:36,182.64,36529,2,卖盘
2780,13:28:39,182.65,639294,35,买盘
2781,13:28:43,182.65,36530,2,卖盘
2782,13:28:45,182.66,36531,2,买盘
2783,13:28:49,182.66,91331,5,买盘
2784,13:28:51,182.66,18266,1,卖盘
2785,13:28:57,182.67,73067,4,买盘
2786,13:29:01,182.66,237489,13,卖盘
2787,13:29:04,182.69,54807,3,中性盘
2788,13:29:06,182.7,54810,3,买盘
2789,13:29:10,182.67,36536,2,卖盘
2790,13:29:12,182.69,91343,5,买盘
2791,13:29:15,182.7,127886,7,买盘
2792,13:29:18,182.7,18270,1,买盘
2793,13:29:21,182.7,566347,31,买盘
2794,13:29:25,182.7,36540,2,买盘
2795,13:29:27,182.69,36539,2,卖盘
2796,13:29:31,182.7,109617,6,买盘
2797,13:29:33,182.69,182683,10,卖盘
2798,13:29:36,182.68,347115,19,卖盘
2799,13:29:39,182.67,164407,9,卖盘
2800,13:29:42,182.68,109604,6,买盘
2801,13:29:46,182.67,73071,4,中性盘
2802,13:29:48,182.66,73065,4,卖盘
2803,13:29:52,182.66,292256,16,卖盘
2804,13:29:55,182.66,219193,12,卖盘
2805,13:29:57,182.66,73061,4,买盘
2806,13:30:00,182.65,383572,21,卖盘
2807,13:30:03,182.65,91325,5,买盘
2808,13:30:06,182.65,91321,5,中性盘
2809,13:30:09,182.64,73057,4,卖盘
2810,13:30:12,182.63,18263,1,卖盘
2811,13:30:15,182.64,237427,13,买盘
2812,13:30:18,182.63,54789,3,卖盘
2813,13:30:22,182.63,18263,1,卖盘
2814,13:30:25,182.63,54790,3,买盘
2815,13:30:28,182.61,91309,5,卖盘
2816,13:30:31,182.6,54786,3,卖盘
2817,13:30:36,182.6,36520,2,卖盘
2818,13:30:39,182.6,18260,1,卖盘
2819,13:30:42,182.6,18260,1,买盘
2820,13:30:46,182.59,36518,2,卖盘
2821,13:30:48,182.59,36518,2,卖盘
2822,13:30:51,182.59,401747,22,卖盘
2823,13:30:55,182.59,73036,4,卖盘
2824,13:30:58,182.6,146081,8,买盘
2825,13:31:01,182.63,54787,3,买盘
2826,13:31:07,182.62,36523,2,中性盘
2827,13:31:09,182.62,18262,1,买盘
2828,13:31:12,182.63,54787,3,买盘
2829,13:31:15,182.6,785261,43,卖盘
2830,13:31:19,182.6,54783,3,卖盘
2831,13:31:25,182.61,91304,5,买盘
2832,13:31:28,182.61,255653,14,中性盘
2833,13:31:31,182.68,730542,40,买盘
2834,13:31:33,182.7,164411,9,买盘
2835,13:31:36,182.71,54812,3,买盘
2836,13:31:39,182.71,36543,2,卖盘
2837,13:31:42,182.73,310624,17,买盘
2838,13:31:45,182.7,91353,5,卖盘
2839,13:31:51,182.73,54816,3,买盘
2840,13:31:55,182.7,36543,2,卖盘
2841,13:32:01,182.72,54814,3,买盘
2842,13:32:03,182.7,146177,8,卖盘
2843,13:32:06,182.71,18271,1,买盘
2844,13:32:09,182.73,822269,45,买盘
2845,13:32:13,182.73,91361,5,买盘
2846,13:32:15,182.72,36544,2,中性盘
2847,13:32:18,182.79,3344344,183,买盘
2848,13:32:22,182.76,402120,22,卖盘
2849,13:32:25,182.82,877466,48,买盘
2850,13:32:27,182.87,36573,2,买盘
2851,13:32:30,182.88,457186,25,买盘
2852,13:32:33,182.9,384089,21,买盘
2853,13:32:36,182.9,493781,27,买盘
2854,13:32:39,182.9,128024,7,买盘
2855,13:32:42,182.9,201191,11,卖盘
2856,13:32:45,182.93,91465,5,买盘
2857,13:32:48,182.93,128047,7,买盘
2858,13:32:51,182.94,146345,8,买盘
2859,13:32:55,182.95,109757,6,买盘
2860,13:32:58,182.93,256117,14,卖盘
2861,13:33:01,182.93,146350,8,卖盘
2862,13:33:04,182.94,164649,9,买盘
2863,13:33:07,182.93,128059,7,卖盘
2864,13:33:09,182.94,54882,3,中性盘
2865,13:33:13,182.93,54880,3,卖盘
2866,13:33:15,182.92,457334,25,卖盘
2867,13:33:18,182.77,1298420,71,卖盘
2868,13:33:21,182.78,54834,3,中性盘
2869,13:33:25,182.78,274170,15,买盘
2870,13:33:27,182.75,530009,29,卖盘
2871,13:33:30,182.77,402093,22,卖盘
2872,13:33:33,182.76,91379,5,中性盘
2873,13:33:37,182.75,73100,4,卖盘
2874,13:33:39,182.74,237572,13,卖盘
2875,13:33:43,182.76,182749,10,买盘
2876,13:33:45,182.74,109644,6,卖盘
2877,13:33:48,182.73,73095,4,卖盘
2878,13:33:51,182.73,383744,21,卖盘
2879,13:33:57,182.74,182728,10,买盘
2880,13:34:00,182.72,54818,3,卖盘
2881,13:34:03,182.7,219252,12,卖盘
2882,13:34:06,182.7,109622,6,卖盘
2883,13:34:09,182.72,54815,3,买盘
2884,13:34:15,182.7,73082,4,卖盘
2885,13:34:18,182.7,73080,4,买盘
2886,13:34:21,182.74,91363,5,买盘
2887,13:34:25,182.7,18270,1,中性盘
2888,13:34:28,182.7,456747,25,买盘
2889,13:34:30,182.69,18269,1,卖盘
2890,13:34:36,182.73,237553,13,买盘
2891,13:34:42,182.71,18271,1,买盘
2892,13:34:48,182.7,18270,1,卖盘
2893,13:34:51,182.7,18270,1,卖盘
2894,13:34:55,182.7,73080,4,卖盘
2895,13:34:57,182.7,36540,2,卖盘
2896,13:35:01,182.69,182692,10,卖盘
2897,13:35:03,182.68,109613,6,卖盘
2898,13:35:07,182.7,255765,14,买盘
2899,13:35:09,182.7,164430,9,卖盘
2900,13:35:13,182.68,475026,26,卖盘
2901,13:35:15,182.66,274007,15,卖盘
2902,13:35:18,182.67,127861,7,买盘
2903,13:35:21,182.66,54788,3,中性盘
2904,13:35:27,182.61,18261,1,卖盘
2905,13:35:33,182.61,36522,2,卖盘
2906,13:35:39,182.61,54783,3,卖盘
2907,13:35:42,182.61,36522,2,卖盘
2908,13:35:48,182.6,36520,2,卖盘
2909,13:35:51,182.6,18260,1,卖盘
2910,13:35:54,182.61,273914,15,买盘
2911,13:35:58,182.61,54783,3,买盘
2912,13:36:00,182.61,73043,4,买盘
2913,13:36:03,182.6,18260,1,卖盘
2914,13:36:06,182.6,36521,2,卖盘
2915,13:36:10,182.6,109561,6,卖盘
2916,13:36:13,182.6,18260,1,卖盘
2917,13:36:15,182.61,182604,10,买盘
2918,13:36:18,182.61,219121,12,买盘
2919,13:36:21,182.6,36520,2,卖盘
2920,13:36:28,182.6,73040,4,卖盘
2921,13:36:31,182.59,91295,5,卖盘
2922,13:36:33,182.58,200844,11,卖盘
2923,13:36:36,182.56,91283,5,卖盘
2924,13:36:39,182.56,91280,5,卖盘
2925,13:36:42,182.55,36510,2,卖盘
2926,13:36:45,182.54,547644,30,卖盘
2927,13:36:49,182.51,73007,4,卖盘
2928,13:36:55,182.52,146016,8,买盘
2929,13:37:01,182.51,54753,3,卖盘
2930,13:37:12,182.51,36502,2,卖盘
2931,13:37:16,182.52,200772,11,买盘
2932,13:37:19,182.61,711942,39,买盘
2933,13:37:25,182.61,18261,1,卖盘
2934,13:37:31,182.65,91318,5,买盘
2935,13:37:37,182.65,18265,1,卖盘
2936,13:37:39,182.65,182650,10,卖盘
2937,13:37:43,182.64,91324,5,卖盘
2938,13:37:46,182.64,18264,1,卖盘
2939,13:37:48,182.65,54794,3,买盘
2940,13:37:51,182.65,18265,1,买盘
2941,13:37:54,182.65,54793,3,买盘
2942,13:37:57,182.64,109585,6,卖盘
2943,13:38:00,182.65,91325,5,买盘
2944,13:38:03,182.65,73059,4,买盘
2945,13:38:10,182.77,968242,53,买盘
2946,13:38:12,182.76,109658,6,买盘
2947,13:38:15,182.74,603057,33,卖盘
2948,13:38:19,182.7,18270,1,中性盘
2949,13:38:22,182.72,292353,16,买盘
2950,13:38:25,182.69,219246,12,卖盘
2951,13:38:27,182.69,182687,10,卖盘
2952,13:38:30,182.67,146143,8,卖盘
2953,13:38:33,182.67,456675,25,卖盘
2954,13:38:36,182.67,54795,3,中性盘
2955,13:38:39,182.64,36530,2,卖盘
2956,13:38:42,182.66,18266,1,买盘
2957,13:38:45,182.65,54795,3,买盘
2958,13:38:48,182.64,36529,2,卖盘
2959,13:38:52,182.68,456633,25,买盘
2960,13:39:00,182.66,566295,31,卖盘
2961,13:39:03,182.66,255704,14,卖盘
2962,13:39:06,182.63,73047,4,买盘
2963,13:39:09,182.6,273960,15,卖盘
2964,13:39:13,182.6,146084,8,卖盘
2965,13:39:16,182.58,146085,8,卖盘
2966,13:39:19,182.59,127791,7,买盘
2967,13:39:21,182.58,127824,7,卖盘
2968,13:39:25,182.61,36521,2,买盘
2969,13:39:28,182.6,18260,1,中性盘
2970,13:39:31,182.59,182590,10,中性盘
2971,13:39:33,182.6,91300,5,买盘
2972,13:39:36,182.6,91298,5,买盘
2973,13:39:39,182.58,200847,11,卖盘
2974,13:39:43,182.59,91295,5,买盘
2975,13:39:46,182.58,675546,37,卖盘
2976,13:39:49,182.58,109548,6,卖盘
2977,13:39:52,182.57,54772,3,卖盘
2978,13:39:55,182.46,1478418,81,卖盘
2979,13:39:58,182.45,364908,20,卖盘
2980,13:40:01,182.48,36494,2,买盘
2981,13:40:03,182.46,54738,3,买盘
2982,13:40:07,182.45,18245,1,卖盘
2983,13:40:10,182.46,273685,15,买盘
2984,13:40:13,182.46,711505,39,买盘
2985,13:40:16,182.45,72978,4,中性盘
2986,13:40:19,182.46,91230,5,买盘
2987,13:40:22,182.45,18245,1,卖盘
2988,13:40:25,182.46,72984,4,中性盘
2989,13:40:27,182.46,18246,1,买盘
2990,13:40:30,182.45,91228,5,卖盘
2991,13:40:33,182.47,127729,7,买盘
2992,13:40:36,182.45,145966,8,卖盘
2993,13:40:42,182.47,237204,13,买盘
2994,13:40:46,182.47,218966,12,卖盘
2995,13:40:48,182.47,54743,3,卖盘
2996,13:40:51,182.48,109487,6,买盘
2997,13:40:55,182.48,91241,5,卖盘
2998,13:40:58,182.5,164247,9,买盘
2999,13:41:01,182.51,127759,7,买盘
3000,13:41:04,182.5,127760,7,卖盘
3001,13:41:09,182.51,127751,7,中性盘
3002,13:41:16,182.5,18250,1,卖盘
3003,13:41:19,182.5,54750,3,卖盘
3004,13:41:22,182.5,91250,5,卖盘
3005,13:41:25,182.5,18250,1,卖盘
3006,13:41:30,182.51,73004,4,买盘
3007,13:41:33,182.51,54751,3,买盘
3008,13:41:36,182.51,18251,1,买盘
3009,13:41:39,182.5,91254,5,卖盘
3010,13:41:43,182.5,36500,2,卖盘
3011,13:41:46,182.51,18251,1,买盘
3012,13:41:49,182.51,91255,5,买盘
3013,13:41:51,182.51,18251,1,卖盘
3014,13:41:55,182.51,36503,2,卖盘
3015,13:41:58,182.51,36502,2,卖盘
3016,13:42:00,182.52,36504,2,卖盘
3017,13:42:03,182.51,91256,5,卖盘
3018,13:42:06,182.53,73012,4,买盘
3019,13:42:12,182.52,219034,12,卖盘
3020,13:42:15,182.53,18253,1,买盘
3021,13:42:19,182.52,73009,4,卖盘
3022,13:42:21,182.53,73012,4,买盘
3023,13:42:24,182.54,73013,4,买盘
3024,13:42:27,182.53,164278,9,卖盘
3025,13:42:30,182.53,1770539,97,买盘
3026,13:42:33,182.53,164273,9,买盘
3027,13:42:37,182.53,127770,7,卖盘
3028,13:42:39,182.53,18253,1,卖盘
3029,13:42:43,182.55,292076,16,买盘
3030,13:42:48,182.57,127781,7,买盘
3031,13:42:51,182.57,36514,2,买盘
3032,13:42:55,182.57,91284,5,买盘
3033,13:42:58,182.57,127791,7,买盘
3034,13:43:01,182.56,54768,3,中性盘
3035,13:43:03,182.55,255586,14,卖盘
3036,13:43:06,182.56,18256,1,买盘
3037,13:43:09,182.59,310388,17,买盘
3038,13:43:13,182.63,182608,10,买盘
3039,13:43:16,182.63,146110,8,买盘
3040,13:43:19,182.6,54786,3,卖盘
3041,13:43:25,182.63,109572,6,买盘
3042,13:43:27,182.61,36521,2,买盘
3043,13:43:30,182.64,182636,10,买盘
3044,13:43:34,182.61,18261,1,卖盘
3045,13:43:40,182.62,73048,4,买盘
3046,13:43:43,182.62,54786,3,买盘
3047,13:43:45,182.63,146102,8,买盘
3048,13:43:49,182.63,18263,1,卖盘
3049,13:43:51,182.66,164381,9,买盘
3050,13:43:55,182.64,36530,2,中性盘
3051,13:43:57,182.64,73061,4,卖盘
3052,13:44:01,182.66,219169,12,买盘
3053,13:44:03,182.65,36530,2,买盘
3054,13:44:06,182.64,18264,1,卖盘
3055,13:44:09,182.64,292226,16,卖盘
3056,13:44:13,182.63,438317,24,卖盘
3057,13:44:16,182.62,36524,2,卖盘
3058,13:44:21,182.63,273935,15,买盘
3059,13:44:25,182.64,18264,1,中性盘
3060,13:44:28,182.63,18263,1,卖盘
3061,13:44:33,182.63,36527,2,卖盘
3062,13:44:36,182.63,200899,11,卖盘
3063,13:44:39,182.64,18264,1,买盘
