,成交时间,成交价格,成交金额,成交量,性质
0,09:25:01,26.12,2583268,989,卖盘
1,09:30:04,26.13,279489,107,中性盘
2,09:30:07,26.12,214343,82,卖盘
3,09:30:10,26.12,248179,95,卖盘
4,09:30:13,26.15,295386,113,卖盘
5,09:30:16,26.12,1340138,513,卖盘
6,09:30:19,26.15,365925,140,买盘
7,09:30:22,26.12,402143,154,卖盘
8,09:30:25,26.12,543213,208,买盘
9,09:30:28,26.11,268987,103,买盘
10,09:30:31,26.12,389120,149,买盘
11,09:30:34,26.1,809213,310,卖盘
12,09:30:37,26.1,219231,84,买盘
13,09:30:40,26.12,281884,108,买盘
14,09:30:43,26.12,112255,43,买盘
15,09:30:46,26.12,313463,120,买盘
16,09:30:49,26.13,88858,34,买盘
17,09:30:52,26.11,300388,115,卖盘
18,09:30:55,26.13,130583,50,买盘
19,09:30:58,26.12,23518,9,卖盘
20,09:31:01,26.13,31366,12,卖盘
21,09:31:04,26.11,830789,318,卖盘
22,09:31:07,26.11,780689,299,买盘
23,09:31:10,26.12,268945,103,买盘
24,09:31:13,26.11,41808,16,卖盘
25,09:31:16,26.14,99289,38,买盘
26,09:31:19,26.14,402303,154,买盘
27,09:31:22,26.12,26136,10,卖盘
28,09:31:25,26.14,616904,236,买盘
29,09:31:28,26.13,760712,291,卖盘
30,09:31:31,26.16,193525,74,买盘
31,09:31:34,26.18,463121,177,买盘
32,09:31:37,26.17,78511,30,卖盘
33,09:31:40,26.17,65404,25,买盘
34,09:31:43,26.16,143896,55,卖盘
35,09:31:46,26.17,86361,33,买盘
36,09:31:49,26.17,41857,16,买盘
37,09:31:52,26.17,23551,9,买盘
38,09:31:55,26.16,117721,45,卖盘
39,09:31:58,26.16,65413,25,卖盘
40,09:32:01,26.17,52335,20,买盘
41,09:32:04,26.17,504848,193,买盘
42,09:32:07,26.17,49711,19,买盘
43,09:32:10,26.17,130845,50,买盘
44,09:32:13,26.17,175299,67,买盘
45,09:32:16,26.17,204120,78,买盘
46,09:32:19,26.18,39268,15,买盘
47,09:32:22,26.18,73286,28,买盘
48,09:32:25,26.19,62828,24,买盘
49,09:32:28,26.18,107350,41,买盘
50,09:32:31,26.19,201653,77,买盘
51,09:32:34,26.21,44546,17,中性盘
52,09:32:37,26.21,62914,24,卖盘
53,09:32:40,26.19,47180,18,卖盘
54,09:32:43,26.21,62948,24,中性盘
55,09:32:46,26.2,2620,1,中性盘
56,09:32:49,26.21,15728,6,买盘
57,09:32:52,26.19,54999,21,卖盘
58,09:32:55,26.21,369300,141,买盘
59,09:32:58,26.2,81210,31,中性盘
60,09:33:01,26.18,505426,193,卖盘
61,09:33:04,26.18,670228,256,卖盘
62,09:33:07,26.18,70670,27,买盘
63,09:33:10,26.18,20941,8,买盘
64,09:33:13,26.17,52349,20,卖盘
65,09:33:16,26.17,277427,106,卖盘
66,09:33:19,26.17,65409,25,买盘
67,09:33:22,26.16,303473,116,卖盘
68,09:33:25,26.16,81085,31,买盘
69,09:33:28,26.15,196135,75,卖盘
70,09:33:31,26.17,175251,67,买盘
71,09:33:34,26.17,143846,55,买盘
72,09:33:37,26.17,26168,10,买盘
73,09:33:40,26.17,297291,114,买盘
74,09:33:43,26.2,28828,11,中性盘
75,09:33:46,26.21,10484,4,买盘
76,09:33:52,26.22,89105,34,买盘
77,09:33:55,26.19,170258,65,卖盘
78,09:33:58,26.21,20956,8,买盘
79,09:34:01,26.17,167623,64,卖盘
80,09:34:04,26.19,47144,18,买盘
81,09:34:07,26.17,243535,93,卖盘
82,09:34:10,26.18,10470,4,买盘
83,09:34:13,26.18,62832,24,买盘
84,09:34:16,26.17,18320,7,卖盘
85,09:34:19,26.18,52347,20,买盘
86,09:34:22,26.17,60192,23,中性盘
87,09:34:25,26.17,41882,16,卖盘
88,09:34:28,26.16,28788,11,卖盘
89,09:34:31,26.17,133426,51,买盘
90,09:34:34,26.17,146543,56,买盘
91,09:34:37,26.17,146519,56,买盘
92,09:34:40,26.17,39255,15,卖盘
93,09:34:43,26.18,54971,21,买盘
94,09:34:46,26.18,28798,11,卖盘
95,09:34:49,26.19,2619,1,买盘
96,09:34:52,26.17,34021,13,卖盘
97,09:34:55,26.18,57596,22,买盘
98,09:34:58,26.18,49737,19,买盘
99,09:35:01,26.17,334977,128,卖盘
100,09:35:04,26.17,65416,25,买盘
101,09:35:07,26.17,104648,40,买盘
102,09:35:10,26.17,57574,22,买盘
103,09:35:13,26.17,248562,95,买盘
104,09:35:16,26.19,342929,131,买盘
105,09:35:19,26.19,49733,19,买盘
106,09:35:22,26.19,7857,3,卖盘
107,09:35:25,26.19,44523,17,卖盘
108,09:35:28,26.19,39295,15,卖盘
109,09:35:31,26.2,170234,65,买盘
110,09:35:34,26.19,23571,9,买盘
111,09:35:37,26.18,18327,7,卖盘
112,09:35:40,26.18,39271,15,卖盘
113,09:35:43,26.18,96867,37,卖盘
114,09:35:46,26.18,96868,37,卖盘
115,09:35:49,26.18,264419,101,卖盘
116,09:35:52,26.19,146609,56,买盘
117,09:35:55,26.18,65443,25,中性盘
118,09:35:58,26.17,562668,215,卖盘
119,09:36:01,26.18,7854,3,中性盘
120,09:36:04,26.18,52366,20,买盘
121,09:36:07,26.18,36658,14,卖盘
122,09:36:10,26.18,235685,90,卖盘
123,09:36:19,26.18,52360,20,卖盘
124,09:36:22,26.19,65451,25,买盘
125,09:36:25,26.16,410855,157,卖盘
126,09:36:28,26.17,96799,37,买盘
127,09:36:31,26.16,36624,14,卖盘
128,09:36:34,26.16,91560,35,卖盘
129,09:36:37,26.15,196129,75,卖盘
130,09:36:40,26.15,143841,55,卖盘
131,09:36:43,26.15,101990,39,卖盘
132,09:36:46,26.14,65372,25,卖盘
133,09:36:49,26.15,107217,41,买盘
134,09:36:52,26.12,569715,218,卖盘
135,09:36:55,26.14,2614,1,中性盘
136,09:36:58,26.12,23510,9,卖盘
137,09:37:01,26.12,70526,27,卖盘
138,09:37:04,26.13,208971,80,买盘
139,09:37:07,26.12,10449,4,卖盘
140,09:37:10,26.12,323888,124,卖盘
141,09:37:13,26.12,60086,23,卖盘
142,09:37:16,26.12,28732,11,卖盘
143,09:37:19,26.12,146273,56,卖盘
144,09:37:22,26.12,65300,25,卖盘
145,09:37:25,26.12,2612,1,买盘
146,09:37:28,26.12,39176,15,买盘
147,09:37:31,26.12,49611,19,买盘
148,09:37:34,26.11,195825,75,卖盘
149,09:37:37,26.12,459709,176,买盘
150,09:37:40,26.1,1670678,640,卖盘
151,09:37:43,26.11,7831,3,中性盘
152,09:37:46,26.1,96570,37,卖盘
153,09:37:49,26.1,52202,20,卖盘
154,09:37:52,26.11,109652,42,买盘
155,09:37:55,26.12,44383,17,买盘
156,09:37:58,26.12,326499,125,买盘
157,09:38:01,26.13,397085,152,买盘
158,09:38:04,26.11,117514,45,卖盘
159,09:38:10,26.12,146307,56,卖盘
160,09:38:13,26.11,65297,25,卖盘
161,09:38:16,26.12,80977,31,卖盘
162,09:38:19,26.12,60076,23,卖盘
163,09:38:22,26.12,49628,19,卖盘
164,09:38:25,26.13,237754,91,买盘
165,09:38:28,26.13,47034,18,卖盘
166,09:38:31,26.13,7840,3,中性盘
167,09:38:34,26.13,26130,10,卖盘
168,09:38:37,26.14,15684,6,买盘
169,09:38:40,26.13,2613,1,卖盘
170,09:38:43,26.14,41824,16,买盘
171,09:38:46,26.14,26131,10,买盘
172,09:38:49,26.12,261318,100,卖盘
173,09:38:52,26.12,31355,12,卖盘
174,09:38:55,26.12,425756,163,卖盘
175,09:38:58,26.11,10445,4,卖盘
176,09:39:01,26.11,65275,25,卖盘
177,09:39:04,26.1,791130,303,卖盘
178,09:39:07,26.1,15662,6,卖盘
179,09:39:10,26.11,5222,2,买盘
180,09:39:16,26.11,31332,12,买盘
181,09:39:19,26.11,117471,45,买盘
182,09:39:22,26.1,140942,54,卖盘
183,09:39:25,26.1,13051,5,卖盘
184,09:39:28,26.11,15664,6,买盘
185,09:39:31,26.1,60042,23,卖盘
186,09:39:34,26.1,177495,68,卖盘
187,09:39:37,26.11,300152,115,买盘
188,09:39:40,26.1,125285,48,卖盘
189,09:39:43,26.11,99182,38,买盘
190,09:39:46,26.11,109647,42,买盘
191,09:39:49,26.1,255790,98,卖盘
192,09:39:52,26.1,31322,12,卖盘
193,09:39:55,26.11,302788,116,买盘
194,09:39:58,26.11,712550,273,买盘
195,09:40:01,26.1,52200,20,卖盘
196,09:40:04,26.09,1672539,641,卖盘
197,09:40:07,26.09,73052,28,买盘
198,09:40:10,26.08,36515,14,卖盘
199,09:40:13,26.09,226983,87,买盘
200,09:40:16,26.09,33917,13,买盘
201,09:40:19,26.09,18263,7,买盘
202,09:40:22,26.09,96516,37,卖盘
203,09:40:25,26.09,7827,3,卖盘
204,09:40:28,26.09,193069,74,卖盘
205,09:40:31,26.08,70440,27,卖盘
206,09:40:34,26.04,2471575,948,卖盘
207,09:40:37,26.06,244941,94,买盘
208,09:40:40,26.06,190233,73,买盘
209,09:40:43,26.06,216329,83,卖盘
210,09:40:46,26.06,171997,66,卖盘
211,09:40:49,26.06,357033,137,卖盘
212,09:40:52,26.04,406313,156,卖盘
213,09:40:55,26.06,20848,8,买盘
214,09:40:58,26.06,52101,20,买盘
215,09:41:01,26.03,255170,98,卖盘
216,09:41:04,26.03,382782,147,卖盘
217,09:41:07,26.03,78101,30,卖盘
218,09:41:10,26.05,307203,118,买盘
219,09:41:13,26.03,143184,55,卖盘
220,09:41:16,26.04,926891,356,买盘
221,09:41:19,26.04,486965,187,卖盘
222,09:41:22,26.05,91175,35,买盘
223,09:41:25,26.03,1229089,472,卖盘
224,09:41:28,26.05,119795,46,买盘
225,09:41:31,26.03,3547639,1363,卖盘
226,09:41:34,26.02,1058817,407,卖盘
227,09:41:37,26.02,31215,12,买盘
228,09:41:40,26.01,67642,26,卖盘
229,09:41:43,26.02,673677,259,买盘
230,09:41:46,26.01,44207,17,中性盘
231,09:41:49,26.0,195000,75,卖盘
232,09:41:52,26.01,941218,362,买盘
233,09:41:55,26.03,372064,143,买盘
234,09:41:58,26.03,275859,106,买盘
235,09:42:01,26.02,325282,125,卖盘
236,09:42:04,26.01,314842,121,卖盘
237,09:42:07,26.02,169116,65,卖盘
238,09:42:10,26.02,39026,15,买盘
239,09:42:13,26.01,49419,19,卖盘
240,09:42:16,26.01,23409,9,卖盘
241,09:42:19,26.01,98854,38,卖盘
242,09:42:22,26.01,262704,101,卖盘
243,09:42:25,26.01,265293,102,买盘
244,09:42:28,26.02,372081,143,买盘
245,09:42:31,26.01,312144,120,卖盘
246,09:42:34,26.02,132657,51,中性盘
247,09:42:37,26.02,20816,8,卖盘
248,09:42:40,26.02,135304,52,卖盘
249,09:42:43,26.02,106662,41,买盘
250,09:42:46,26.01,41622,16,卖盘
251,09:42:49,26.02,106644,41,买盘
252,09:42:52,26.01,7803,3,卖盘
253,09:42:55,26.01,31212,12,卖盘
254,09:42:58,26.01,20810,8,卖盘
255,09:43:04,26.02,75447,29,买盘
256,09:43:07,26.02,777847,299,买盘
257,09:43:10,26.03,114512,44,买盘
258,09:43:13,26.03,85886,33,买盘
259,09:43:16,26.03,54653,21,买盘
260,09:43:19,26.03,96287,37,买盘
261,09:43:22,26.03,83296,32,买盘
262,09:43:25,26.03,49457,19,买盘
263,09:43:28,26.03,213395,82,买盘
264,09:43:31,26.02,57251,22,卖盘
265,09:43:34,26.03,96334,37,买盘
266,09:43:37,26.04,7810,3,买盘
267,09:43:40,26.03,15623,6,卖盘
268,09:43:43,26.03,101517,39,卖盘
269,09:43:49,26.03,28633,11,买盘
270,09:43:52,26.02,13014,5,卖盘
271,09:43:55,26.02,473564,182,卖盘
272,09:43:58,26.02,49451,19,卖盘
273,09:44:01,26.02,122309,47,卖盘
274,09:44:04,26.02,215982,83,卖盘
275,09:44:07,26.02,20816,8,买盘
276,09:44:10,26.01,124875,48,卖盘
277,09:44:13,26.01,31215,12,卖盘
278,09:44:16,26.01,26010,10,卖盘
279,09:44:19,26.0,4888629,1880,卖盘
280,09:44:22,25.97,1309413,504,卖盘
281,09:44:25,25.96,155829,60,卖盘
282,09:44:28,25.96,205089,79,卖盘
283,09:44:31,25.96,25960,10,卖盘
284,09:44:34,25.96,202491,78,卖盘
285,09:44:37,25.96,67501,26,卖盘
286,09:44:40,25.98,98689,38,买盘
287,09:44:43,25.96,93492,36,卖盘
288,09:44:46,25.98,179224,69,买盘
289,09:44:49,25.96,218088,84,卖盘
290,09:44:52,25.99,700976,270,买盘
291,09:44:55,25.96,231059,89,卖盘
292,09:44:58,25.98,132454,51,卖盘
293,09:45:01,25.97,114237,44,中性盘
294,09:45:04,25.97,88285,34,买盘
295,09:45:07,25.96,103859,40,卖盘
296,09:45:10,25.96,205127,79,卖盘
297,09:45:13,25.97,64936,25,中性盘
298,09:45:16,25.96,41554,16,卖盘
299,09:45:19,25.96,140209,54,卖盘
300,09:45:22,25.97,67522,26,买盘
301,09:45:25,25.98,296097,114,买盘
302,09:45:28,25.96,140216,54,卖盘
303,09:45:31,25.97,72716,28,卖盘
304,09:45:34,25.99,1278282,492,买盘
305,09:45:37,25.99,62376,24,卖盘
306,09:45:40,25.98,148103,57,卖盘
307,09:45:43,25.99,25990,10,买盘
308,09:45:46,25.98,54558,21,卖盘
309,09:45:49,25.98,389705,150,卖盘
310,09:45:52,25.99,36386,14,买盘
311,09:45:55,25.98,36372,14,卖盘
312,09:45:58,25.99,127351,49,买盘
313,09:46:01,25.99,228712,88,买盘
314,09:46:04,25.99,46791,18,卖盘
315,09:46:07,25.99,23391,9,卖盘
316,09:46:13,25.99,132515,51,中性盘
317,09:46:16,26.0,106552,41,买盘
318,09:46:22,25.99,70193,27,买盘
319,09:46:25,26.0,59778,23,买盘
320,09:46:31,26.0,145592,56,买盘
321,09:46:34,25.99,46782,18,卖盘
322,09:46:37,25.99,62386,24,卖盘
323,09:46:43,25.99,207920,80,卖盘
324,09:46:49,25.98,163715,63,卖盘
325,09:46:52,26.0,64989,25,买盘
326,09:46:55,25.99,77969,30,中性盘
327,09:46:58,25.99,80559,31,买盘
328,09:47:01,25.99,70173,27,买盘
329,09:47:04,25.99,2599,1,买盘
330,09:47:07,25.98,44167,17,卖盘
331,09:47:10,25.98,163676,63,卖盘
332,09:47:13,25.98,80538,31,卖盘
333,09:47:16,25.98,272736,105,卖盘
334,09:47:19,25.98,38972,15,买盘
335,09:47:22,25.98,77919,30,买盘
336,09:47:25,25.97,57153,22,卖盘
337,09:47:28,25.98,7794,3,中性盘
338,09:47:31,26.03,2605092,1002,买盘
339,09:47:34,26.03,812186,312,买盘
340,09:47:37,26.02,70269,27,卖盘
341,09:47:40,26.02,36446,14,卖盘
342,09:47:43,26.04,541235,208,买盘
343,09:47:46,26.02,122322,47,卖盘
344,09:47:49,26.02,106692,41,卖盘
345,09:47:52,26.04,31247,12,买盘
346,09:47:55,26.02,54659,21,卖盘
347,09:47:58,26.02,104080,40,卖盘
348,09:48:01,26.02,49438,19,卖盘
349,09:48:04,26.02,20816,8,买盘
350,09:48:07,26.02,7806,3,买盘
351,09:48:10,26.02,59846,23,买盘
352,09:48:13,26.02,15612,6,买盘
353,09:48:19,26.02,26020,10,买盘
354,09:48:22,26.03,119720,46,买盘
355,09:48:25,26.01,31212,12,卖盘
356,09:48:28,26.01,26010,10,卖盘
357,09:48:31,26.01,96237,37,卖盘
358,09:48:34,26.0,72850,28,卖盘
359,09:48:37,26.0,15600,6,卖盘
360,09:48:40,26.02,18213,7,买盘
361,09:48:43,26.02,31216,12,买盘
362,09:48:46,26.0,174202,67,卖盘
363,09:48:49,25.99,85798,33,卖盘
364,09:48:52,26.0,7800,3,买盘
365,09:48:55,26.0,20799,8,买盘
366,09:48:58,25.98,343025,132,卖盘
367,09:49:01,26.0,402996,155,买盘
368,09:49:04,26.01,106642,41,买盘
369,09:49:07,26.02,26020,10,买盘
370,09:49:10,26.02,88484,34,买盘
371,09:49:13,26.02,13006,5,买盘
372,09:49:16,26.01,111855,43,卖盘
373,09:49:19,26.01,179476,69,买盘
374,09:49:22,26.02,46820,18,买盘
375,09:49:25,26.01,36428,14,卖盘
376,09:49:28,26.02,137906,53,中性盘
377,09:49:31,26.05,393248,151,买盘
378,09:49:34,26.06,200589,77,买盘
379,09:49:37,26.05,44285,17,卖盘
380,09:49:40,26.06,15634,6,买盘
381,09:49:43,26.05,57313,22,卖盘
382,09:49:46,26.05,49506,19,卖盘
383,09:49:49,26.05,2605,1,卖盘
384,09:49:52,26.05,250080,96,卖盘
385,09:49:55,26.04,49482,19,卖盘
386,09:49:58,26.06,487257,187,买盘
387,09:50:01,26.05,83351,32,买盘
388,09:50:04,26.04,7813,3,卖盘
389,09:50:07,26.05,23445,9,买盘
390,09:50:10,26.05,31263,12,卖盘
391,09:50:13,26.05,52097,20,卖盘
392,09:50:16,26.05,18235,7,卖盘
393,09:50:19,26.04,197962,76,卖盘
394,09:50:22,26.0,1542944,593,卖盘
395,09:50:25,25.99,137790,53,卖盘
396,09:50:28,25.99,83173,32,卖盘
397,09:50:31,26.0,62393,24,买盘
398,09:50:34,26.0,46796,18,买盘
399,09:50:37,25.99,5198,2,卖盘
400,09:50:40,26.0,140400,54,买盘
401,09:50:43,26.0,161153,62,买盘
402,09:50:46,25.99,44183,17,卖盘
403,09:50:49,26.0,83171,32,买盘
404,09:50:52,26.0,13000,5,买盘
405,09:50:55,25.99,111757,43,卖盘
406,09:50:58,25.99,57178,22,卖盘
407,09:51:01,25.99,135148,52,卖盘
408,09:51:04,25.98,566416,218,卖盘
409,09:51:07,25.99,67559,26,买盘
410,09:51:10,25.97,106485,41,卖盘
411,09:51:13,25.98,324685,125,买盘
412,09:51:16,25.97,77920,30,卖盘
413,09:51:19,25.97,51944,20,卖盘
414,09:51:22,25.96,690799,266,卖盘
415,09:51:25,25.96,1279833,493,卖盘
416,09:51:28,25.96,90863,35,卖盘
417,09:51:31,25.96,469883,181,卖盘
418,09:51:34,25.94,1367478,527,卖盘
419,09:51:37,25.94,1688694,651,买盘
420,09:51:40,25.96,25960,10,买盘
421,09:51:43,25.95,98612,38,卖盘
422,09:51:46,25.94,1315169,507,卖盘
423,09:51:49,25.96,365793,141,买盘
424,09:51:52,25.96,72649,28,买盘
425,09:51:55,25.96,36344,14,卖盘
426,09:51:58,25.94,1975026,761,卖盘
427,09:52:01,25.93,549927,212,卖盘
428,09:52:04,25.93,142628,55,卖盘
429,09:52:07,25.93,28523,11,卖盘
430,09:52:10,25.96,88205,34,买盘
431,09:52:13,25.93,1296506,500,卖盘
432,09:52:16,25.94,179065,69,中性盘
433,09:52:22,25.96,2039443,786,买盘
434,09:52:25,25.97,607619,234,买盘
435,09:52:28,26.01,1944513,748,买盘
436,09:52:31,25.98,1154599,444,卖盘
437,09:52:34,25.98,20784,8,卖盘
438,09:52:37,26.0,25994,10,买盘
439,09:52:40,26.0,28602,11,买盘
440,09:52:43,25.99,1425967,548,卖盘
441,09:52:46,26.0,28595,11,买盘
442,09:52:49,26.0,103992,40,买盘
443,09:52:52,26.0,2600,1,买盘
444,09:52:55,25.99,2599,1,卖盘
445,09:52:58,26.0,44189,17,买盘
446,09:53:01,25.99,548419,211,卖盘
447,09:53:04,26.0,33797,13,买盘
448,09:53:07,25.99,145556,56,卖盘
449,09:53:10,26.0,184569,71,买盘
450,09:53:13,25.99,49393,19,卖盘
451,09:53:16,26.0,322278,124,买盘
452,09:53:19,25.99,46782,18,卖盘
453,09:53:22,26.0,2600,1,买盘
454,09:53:25,25.99,18193,7,卖盘
455,09:53:28,26.0,1327069,510,买盘
456,09:53:31,25.99,273086,105,卖盘
457,09:53:34,25.99,166345,64,卖盘
458,09:53:37,25.98,23382,9,卖盘
459,09:53:40,25.98,410484,158,卖盘
460,09:53:43,25.99,5198,2,买盘
461,09:53:49,25.99,5198,2,买盘
462,09:53:52,25.98,25980,10,卖盘
463,09:53:55,25.99,114346,44,买盘
464,09:53:58,25.98,83136,32,卖盘
465,09:54:01,25.98,28578,11,买盘
466,09:54:04,25.97,199982,77,卖盘
467,09:54:07,25.98,140262,54,买盘
468,09:54:10,25.97,2597,1,卖盘
469,09:54:13,25.97,20776,8,卖盘
470,09:54:16,25.97,96115,37,卖盘
471,09:54:22,26.01,2178597,838,买盘
472,09:54:25,26.04,618893,238,买盘
473,09:54:28,26.02,93713,36,中性盘
474,09:54:31,26.04,46868,18,买盘
475,09:54:34,26.03,44269,17,中性盘
476,09:54:37,26.02,85859,33,中性盘
477,09:54:40,26.01,447822,172,卖盘
478,09:54:43,26.02,13010,5,中性盘
479,09:54:46,26.0,1092055,420,卖盘
480,09:54:49,26.0,33800,13,买盘
481,09:54:52,26.03,3689156,1415,买盘
482,09:54:55,26.02,13010,5,中性盘
483,09:54:58,26.04,1404161,540,买盘
484,09:55:01,26.02,132716,51,中性盘
485,09:55:04,26.03,5206,2,买盘
486,09:55:07,26.01,33827,13,卖盘
487,09:55:10,25.99,1474256,567,卖盘
488,09:55:13,25.98,75340,29,卖盘
489,09:55:16,26.0,46769,18,买盘
490,09:55:19,25.98,64956,25,卖盘
491,09:55:22,25.98,2598,1,卖盘
492,09:55:25,25.98,257202,99,卖盘
493,09:55:28,25.97,168820,65,卖盘
494,09:55:31,25.97,10388,4,卖盘
495,09:55:34,25.96,319308,123,卖盘
496,09:55:37,25.96,142782,55,卖盘
497,09:55:40,25.95,88251,34,卖盘
498,09:55:43,25.95,155700,60,卖盘
499,09:55:46,25.95,217995,84,卖盘
500,09:55:49,25.95,121965,47,卖盘
501,09:55:52,25.95,329565,127,买盘
502,09:55:55,25.94,607131,234,卖盘
503,09:55:58,25.94,88220,34,卖盘
504,09:56:01,25.95,54475,21,买盘
505,09:56:04,25.96,163485,63,买盘
506,09:56:07,25.94,28536,11,卖盘
507,09:56:10,25.96,70057,27,买盘
508,09:56:13,25.94,51895,20,卖盘
509,09:56:16,25.94,119322,46,卖盘
510,09:56:19,25.93,59652,23,卖盘
511,09:56:22,25.94,5188,2,买盘
512,09:56:25,25.93,293087,113,卖盘
513,09:56:28,25.93,46677,18,卖盘
514,09:56:31,25.93,119288,46,卖盘
515,09:56:34,25.94,28524,11,买盘
516,09:56:37,25.94,46692,18,买盘
517,09:56:40,25.94,186784,72,买盘
518,09:56:43,25.93,435642,168,卖盘
519,09:56:46,25.93,1402345,541,卖盘
520,09:56:49,25.93,62232,24,买盘
521,09:56:52,25.91,127029,49,卖盘
522,09:56:55,25.92,124443,48,买盘
523,09:57:01,25.92,539088,208,卖盘
524,09:57:04,25.92,41472,16,卖盘
525,09:57:07,25.92,59599,23,买盘
526,09:57:10,25.92,51826,20,买盘
527,09:57:13,25.91,80322,31,卖盘
528,09:57:16,25.92,69967,27,买盘
529,09:57:19,25.9,2950219,1139,卖盘
530,09:57:22,25.89,458425,177,卖盘
531,09:57:25,25.92,1360014,525,买盘
532,09:57:28,25.95,274826,106,买盘
533,09:57:31,25.94,10376,4,买盘
534,09:57:34,25.95,20755,8,买盘
535,09:57:37,25.92,38884,15,卖盘
536,09:57:40,25.9,823872,318,卖盘
537,09:57:43,25.94,564670,218,买盘
538,09:57:46,25.93,393772,152,买盘
539,09:57:49,25.91,108845,42,卖盘
540,09:57:52,25.91,64775,25,卖盘
541,09:57:55,25.9,297894,115,卖盘
542,09:57:58,25.9,1222482,472,买盘
543,09:58:01,25.9,191694,74,卖盘
544,09:58:04,25.9,46620,18,买盘
545,09:58:07,25.9,75095,29,买盘
546,09:58:10,25.9,147632,57,买盘
547,09:58:13,25.89,41439,16,卖盘
548,09:58:16,25.9,103600,40,买盘
549,09:58:19,25.89,44015,17,卖盘
550,09:58:22,25.89,46612,18,卖盘
551,09:58:25,25.89,56963,22,卖盘
552,09:58:28,25.89,310702,120,卖盘
553,09:58:31,25.9,72503,28,卖盘
554,09:58:34,25.89,189005,73,卖盘
555,09:58:37,25.9,72522,28,买盘
556,09:58:40,25.89,49200,19,卖盘
557,09:58:43,25.88,414238,160,卖盘
558,09:58:46,25.88,10353,4,卖盘
559,09:58:49,25.88,1055924,408,卖盘
560,09:58:52,25.88,5176,2,买盘
561,09:58:55,25.87,204450,79,卖盘
562,09:58:58,25.87,12935,5,卖盘
563,09:59:01,25.87,98311,38,卖盘
564,09:59:04,25.87,364781,141,卖盘
565,09:59:07,25.87,212134,82,买盘
566,09:59:10,25.87,556090,215,买盘
567,09:59:13,25.87,67247,26,买盘
568,09:59:16,25.87,201715,78,买盘
569,09:59:19,25.87,56909,22,买盘
570,09:59:22,25.87,74996,29,买盘
571,09:59:25,25.86,388000,150,卖盘
572,09:59:28,25.87,121580,47,买盘
573,09:59:31,25.87,240573,93,买盘
574,09:59:34,25.85,1355032,524,卖盘
575,09:59:37,25.87,162928,63,中性盘
576,09:59:40,25.85,137006,53,卖盘
577,09:59:43,25.86,137077,53,中性盘
578,09:59:46,25.86,20691,8,卖盘
579,09:59:49,25.86,1339084,518,卖盘
580,09:59:52,25.9,735073,284,买盘
581,09:59:55,25.9,189002,73,卖盘
582,09:59:58,25.9,212235,82,卖盘
583,10:00:01,25.87,33635,13,卖盘
584,10:00:04,25.89,54362,21,买盘
585,10:00:07,25.89,199385,77,卖盘
586,10:00:10,25.89,75089,29,卖盘
587,10:00:13,25.89,25890,10,卖盘
588,10:00:16,25.89,119067,46,中性盘
589,10:00:19,25.88,62146,24,卖盘
590,10:00:22,25.89,33654,13,买盘
591,10:00:25,25.89,51765,20,买盘
592,10:00:28,25.89,64713,25,买盘
593,10:00:31,25.87,111299,43,卖盘
594,10:00:34,25.88,41396,16,买盘
595,10:00:37,25.87,38810,15,卖盘
596,10:00:40,25.87,49156,19,卖盘
597,10:00:43,25.88,359677,139,买盘
598,10:00:46,25.88,103492,40,买盘
599,10:00:49,25.87,178547,69,卖盘
600,10:00:52,25.89,142315,55,买盘
601,10:00:55,25.9,2003152,774,买盘
602,10:00:58,25.9,694151,268,买盘
603,10:01:01,25.9,98411,38,卖盘
604,10:01:04,25.9,12950,5,中性盘
605,10:01:07,25.88,657380,254,卖盘
606,10:01:13,25.87,33640,13,卖盘
607,10:01:16,25.88,33644,13,买盘
608,10:01:19,25.87,351832,136,卖盘
609,10:01:22,25.88,87984,34,买盘
610,10:01:25,25.88,1255180,485,买盘
611,10:01:28,25.88,12940,5,卖盘
612,10:01:31,25.88,43996,17,卖盘
613,10:01:34,25.88,7764,3,卖盘
614,10:01:37,25.88,310576,120,卖盘
615,10:01:40,25.89,1340755,518,买盘
616,10:01:43,25.9,634018,245,买盘
617,10:01:46,25.9,334092,129,买盘
618,10:01:49,25.88,51768,20,卖盘
619,10:01:58,25.9,49218,19,卖盘
620,10:02:01,25.91,10363,4,买盘
621,10:02:04,25.9,28490,11,卖盘
622,10:02:07,25.9,183920,71,卖盘
623,10:02:10,25.93,25928,10,买盘
624,10:02:13,25.92,49248,19,中性盘
625,10:02:16,25.91,1308097,505,卖盘
626,10:02:19,25.93,3183942,1227,买盘
627,10:02:22,25.93,25930,10,卖盘
628,10:02:25,25.93,31121,12,卖盘
629,10:02:28,25.94,12970,5,买盘
630,10:02:31,25.94,12970,5,卖盘
631,10:02:34,25.93,212629,82,卖盘
632,10:02:37,25.93,64825,25,买盘
633,10:02:40,25.93,36301,14,买盘
634,10:02:43,25.92,64822,25,卖盘
635,10:02:46,25.91,430119,166,卖盘
636,10:02:49,25.9,176125,68,卖盘
637,10:02:52,25.89,12949,5,卖盘
638,10:02:58,25.9,18130,7,买盘
639,10:03:01,25.89,2589,1,卖盘
640,10:03:04,25.9,88059,34,买盘
641,10:03:07,25.89,75089,29,卖盘
642,10:03:10,25.89,85437,33,卖盘
643,10:03:13,25.89,103560,40,买盘
644,10:03:16,25.89,31068,12,买盘
645,10:03:19,25.91,999748,386,买盘
646,10:03:22,25.93,3332268,1286,买盘
647,10:03:25,25.93,158173,61,买盘
648,10:03:28,25.93,12965,5,买盘
649,10:03:31,25.92,62226,24,卖盘
650,10:03:34,25.92,15552,6,卖盘
651,10:03:37,25.92,57024,22,卖盘
652,10:03:40,25.93,12965,5,买盘
653,10:03:43,25.93,51845,20,买盘
654,10:03:46,25.92,75170,29,卖盘
655,10:03:49,25.93,36302,14,买盘
656,10:03:52,25.93,726040,280,买盘
657,10:03:55,25.92,588628,227,卖盘
658,10:03:58,25.92,440682,170,买盘
659,10:04:01,25.92,54443,21,卖盘
660,10:04:04,25.94,33702,13,中性盘
661,10:04:07,25.92,28513,11,卖盘
662,10:04:10,25.92,67393,26,卖盘
663,10:04:13,25.94,137442,53,买盘
664,10:04:16,25.94,350190,135,买盘
665,10:04:19,25.95,10380,4,买盘
666,10:04:22,25.96,103807,40,买盘
667,10:04:25,25.95,23355,9,卖盘
668,10:04:28,25.96,18172,7,买盘
669,10:04:31,25.95,20760,8,卖盘
670,10:04:34,25.95,10383,4,卖盘
671,10:04:40,25.95,5190,2,卖盘
672,10:04:43,25.95,280362,108,卖盘
673,10:04:46,25.95,18170,7,卖盘
674,10:04:49,25.95,158298,61,卖盘
675,10:04:52,25.94,93414,36,卖盘
676,10:04:55,25.94,18159,7,卖盘
677,10:04:58,25.94,5188,2,卖盘
678,10:05:01,25.94,20755,8,卖盘
679,10:05:04,25.95,15567,6,买盘
680,10:05:07,25.95,168675,65,买盘
681,10:05:10,25.96,64891,25,买盘
682,10:05:13,25.95,5190,2,中性盘
683,10:05:19,25.95,25950,10,卖盘
684,10:05:22,25.96,33739,13,买盘
685,10:05:25,25.96,90860,35,买盘
686,10:05:31,25.96,88255,34,卖盘
687,10:05:34,25.96,20771,8,卖盘
688,10:05:37,25.95,116790,45,卖盘
689,10:05:40,25.96,12976,5,买盘
690,10:05:43,25.95,1301405,501,卖盘
691,10:05:46,25.95,109059,42,卖盘
692,10:05:49,25.95,59687,23,卖盘
693,10:05:52,25.97,70107,27,买盘
694,10:05:55,25.97,5194,2,买盘
695,10:06:01,25.97,23373,9,买盘
696,10:06:04,25.96,15576,6,卖盘
697,10:06:07,25.95,90852,35,卖盘
698,10:06:10,25.97,2597,1,买盘
699,10:06:13,25.97,33749,13,买盘
700,10:06:16,25.96,5192,2,中性盘
701,10:06:19,25.95,207683,80,卖盘
702,10:06:25,25.95,5190,2,卖盘
703,10:06:28,25.94,59677,23,卖盘
704,10:06:31,25.94,51885,20,卖盘
705,10:06:34,25.95,321675,124,买盘
706,10:06:37,25.95,64849,25,买盘
707,10:06:40,25.92,69993,27,卖盘
708,10:06:43,25.93,46674,18,卖盘
709,10:06:46,25.92,103680,40,卖盘
710,10:06:52,25.93,31108,12,买盘
711,10:06:55,25.93,62227,24,买盘
712,10:06:58,25.92,77769,30,卖盘
713,10:07:07,25.93,33709,13,卖盘
714,10:07:10,25.93,54453,21,买盘
715,10:07:16,25.93,72604,28,卖盘
716,10:07:19,25.94,23341,9,买盘
717,10:07:22,25.92,57026,22,卖盘
718,10:07:25,25.93,194475,75,买盘
719,10:07:28,25.93,38895,15,卖盘
720,10:07:31,25.94,7780,3,买盘
721,10:07:34,25.94,142620,55,买盘
722,10:07:37,25.94,77820,30,买盘
723,10:07:40,25.95,163470,63,买盘
724,10:07:43,25.95,5190,2,买盘
725,10:07:46,25.94,75239,29,卖盘
726,10:07:49,25.94,111605,43,卖盘
727,10:07:55,25.95,7785,3,卖盘
728,10:07:58,25.96,54497,21,买盘
729,10:08:04,25.95,124560,48,卖盘
730,10:08:07,25.95,127180,49,卖盘
731,10:08:10,25.95,41520,16,卖盘
732,10:08:13,25.96,7788,3,买盘
733,10:08:16,25.95,5190,2,卖盘
734,10:08:19,25.96,360843,139,买盘
735,10:08:22,25.97,412927,159,买盘
736,10:08:25,25.98,88332,34,买盘
737,10:08:28,25.98,10392,4,卖盘
738,10:08:31,25.99,119548,46,买盘
739,10:08:34,25.99,25990,10,买盘
740,10:08:37,25.99,166255,64,买盘
741,10:08:40,25.99,46782,18,中性盘
742,10:08:43,25.98,93497,36,卖盘
743,10:08:46,25.98,7794,3,买盘
744,10:08:49,25.98,31176,12,买盘
745,10:08:52,25.99,10398,4,中性盘
746,10:08:58,25.98,109116,42,卖盘
747,10:09:01,25.98,36372,14,买盘
748,10:09:07,25.98,265096,102,卖盘
749,10:09:10,25.98,111749,43,卖盘
750,10:09:13,25.99,12995,5,买盘
751,10:09:19,25.97,462288,178,卖盘
752,10:09:22,25.99,137651,53,买盘
753,10:09:25,25.98,54559,21,卖盘
754,10:09:31,25.98,36372,14,卖盘
755,10:09:34,25.98,189662,73,卖盘
756,10:09:37,25.98,41568,16,卖盘
757,10:09:40,25.98,10392,4,卖盘
758,10:09:43,25.98,25980,10,卖盘
759,10:09:46,25.98,10392,4,卖盘
760,10:09:49,25.98,2598,1,卖盘
761,10:09:52,25.99,15592,6,买盘
762,10:09:58,25.99,2599,1,买盘
763,10:10:01,25.97,200033,77,卖盘
764,10:10:04,25.96,166198,64,卖盘
765,10:10:07,25.97,103855,40,买盘
766,10:10:10,25.96,15579,6,卖盘
767,10:10:13,25.97,15581,6,买盘
768,10:10:16,25.95,88257,34,卖盘
769,10:10:19,25.97,64915,25,买盘
770,10:10:22,25.96,20768,8,卖盘
771,10:10:28,25.97,31162,12,买盘
772,10:10:31,25.96,301142,116,卖盘
773,10:10:34,25.97,163559,63,买盘
774,10:10:37,25.96,197298,76,卖盘
775,10:10:40,25.96,96052,37,买盘
776,10:10:43,25.96,2596,1,卖盘
777,10:10:46,25.97,49343,19,买盘
778,10:10:49,25.97,7791,3,卖盘
779,10:10:52,25.99,25989,10,买盘
780,10:10:55,25.97,31164,12,卖盘
781,10:10:58,25.99,20792,8,买盘
782,10:11:04,25.97,64947,25,卖盘
783,10:11:07,25.99,109158,42,买盘
784,10:11:10,25.98,25989,10,中性盘
785,10:11:13,25.99,5197,2,中性盘
786,10:11:19,26.0,296241,114,买盘
787,10:11:22,26.01,917812,353,买盘
788,10:11:28,26.0,286000,110,卖盘
789,10:11:31,26.0,210592,81,卖盘
790,10:11:34,26.0,80574,31,买盘
791,10:11:40,25.99,7797,3,卖盘
792,10:11:43,25.98,33787,13,卖盘
793,10:11:49,26.0,7800,3,买盘
794,10:11:52,25.98,25980,10,卖盘
795,10:11:55,25.98,2598,1,卖盘
796,10:11:58,25.97,140325,54,卖盘
797,10:12:04,25.98,33764,13,中性盘
798,10:12:07,25.99,5198,2,买盘
799,10:12:10,25.99,20789,8,买盘
800,10:12:13,25.99,44162,17,买盘
801,10:12:19,25.98,28578,11,卖盘
802,10:12:22,25.98,2598,1,卖盘
803,10:12:28,25.98,51960,20,卖盘
804,10:12:34,25.99,41584,16,买盘
805,10:12:37,26.01,816237,314,买盘
806,10:12:49,26.01,221085,85,买盘
807,10:12:52,26.01,13005,5,卖盘
808,10:13:01,26.01,10404,4,卖盘
809,10:13:04,26.02,62448,24,买盘
810,10:13:07,26.02,75458,29,买盘
811,10:13:10,26.02,5204,2,买盘
812,10:13:13,26.02,13010,5,买盘
813,10:13:16,26.02,96274,37,买盘
814,10:13:19,26.02,7808,3,卖盘
815,10:13:22,26.02,195154,75,卖盘
816,10:13:28,26.03,247283,95,买盘
817,10:13:31,26.01,262708,101,卖盘
818,10:13:34,26.01,54640,21,中性盘
819,10:13:37,26.01,46829,18,买盘
820,10:13:40,26.0,96225,37,卖盘
821,10:13:43,26.0,54600,21,卖盘
822,10:13:49,26.02,106682,41,买盘
823,10:13:52,26.02,33816,13,买盘
824,10:13:55,26.02,13010,5,卖盘
825,10:13:58,26.02,169185,65,卖盘
826,10:14:01,26.01,124893,48,卖盘
827,10:14:04,26.02,52040,20,买盘
828,10:14:07,26.01,62445,24,卖盘
829,10:14:10,26.01,13005,5,卖盘
830,10:14:16,26.01,10404,4,卖盘
831,10:14:22,26.01,59823,23,卖盘
832,10:14:25,26.02,2602,1,买盘
833,10:14:28,26.01,5202,2,卖盘
834,10:14:31,26.02,20816,8,买盘
835,10:14:34,26.02,23412,9,买盘
836,10:14:37,26.02,2602,1,买盘
837,10:14:40,26.01,78030,30,卖盘
838,10:14:43,26.01,429165,165,买盘
839,10:14:46,26.01,54637,21,卖盘
840,10:14:49,26.01,18207,7,卖盘
841,10:14:55,26.01,44217,17,卖盘
842,10:14:58,26.01,294008,113,卖盘
843,10:15:01,26.02,158722,61,买盘
844,10:15:04,26.02,5205,2,卖盘
845,10:15:10,26.03,2603,1,买盘
846,10:15:16,26.03,54663,21,买盘
847,10:15:28,26.02,2602,1,卖盘
848,10:15:31,26.02,26020,10,卖盘
849,10:15:34,26.02,7806,3,卖盘
850,10:15:43,26.03,2603,1,买盘
851,10:15:49,26.02,28623,11,卖盘
852,10:15:52,26.02,210842,81,卖盘
853,10:15:55,26.03,132753,51,买盘
854,10:15:58,26.03,98886,38,买盘
855,10:16:01,26.02,20820,8,卖盘
856,10:16:04,26.03,26030,10,买盘
857,10:16:07,26.03,299345,115,买盘
858,10:16:10,26.02,41645,16,卖盘
859,10:16:13,26.03,28632,11,买盘
860,10:16:16,26.03,1902726,731,买盘
861,10:16:19,26.03,23427,9,卖盘
862,10:16:22,26.03,36442,14,卖盘
863,10:16:37,26.03,15622,6,卖盘
864,10:16:40,26.04,127596,49,买盘
865,10:16:43,26.04,13020,5,买盘
866,10:16:46,26.04,54684,21,买盘
867,10:16:49,26.04,20832,8,买盘
868,10:16:52,26.03,26030,10,卖盘
869,10:16:55,26.04,78100,30,买盘
870,10:16:58,26.04,52080,20,买盘
871,10:17:01,26.04,28644,11,买盘
872,10:17:04,26.05,195312,75,买盘
873,10:17:07,26.07,1881299,722,买盘
874,10:17:10,26.08,1139753,437,买盘
875,10:17:13,26.09,312833,120,买盘
876,10:17:16,26.08,36521,14,中性盘
877,10:17:19,26.09,532380,204,买盘
878,10:17:22,26.08,159107,61,卖盘
879,10:17:25,26.08,31307,12,卖盘
880,10:17:31,26.09,44353,17,买盘
881,10:17:34,26.08,23472,9,卖盘
882,10:17:37,26.09,13045,5,买盘
883,10:17:40,26.08,26080,10,卖盘
884,10:17:43,26.08,41728,16,卖盘
885,10:17:46,26.08,39120,15,卖盘
886,10:17:49,26.08,36512,14,卖盘
887,10:17:52,26.08,119970,46,卖盘
888,10:17:55,26.08,148656,57,卖盘
889,10:17:58,26.08,7824,3,买盘
890,10:18:04,26.07,44319,17,卖盘
891,10:18:07,26.06,13031,5,卖盘
892,10:18:10,26.07,67744,26,买盘
893,10:18:13,26.05,20840,8,卖盘
894,10:18:22,26.07,2607,1,买盘
895,10:18:25,26.05,59933,23,卖盘
896,10:18:28,26.07,260680,100,买盘
897,10:18:31,26.06,130300,50,卖盘
898,10:18:34,26.05,114654,44,卖盘
899,10:18:37,26.07,59949,23,买盘
900,10:18:40,26.05,122435,47,卖盘
901,10:18:43,26.05,5210,2,买盘
902,10:18:52,26.04,13020,5,卖盘
903,10:19:01,26.05,67707,26,买盘
904,10:19:04,26.05,23443,9,买盘
905,10:19:07,26.04,26040,10,卖盘
906,10:19:10,26.04,5208,2,卖盘
907,10:19:13,26.05,18233,7,买盘
908,10:19:19,26.04,72913,28,卖盘
909,10:19:25,26.05,10420,4,买盘
910,10:19:28,26.04,78120,30,卖盘
911,10:19:31,26.05,244778,94,买盘
912,10:19:34,26.05,500054,192,买盘
913,10:19:37,26.06,721611,277,买盘
914,10:19:40,26.05,104235,40,卖盘
915,10:19:49,26.07,7821,3,买盘
916,10:19:58,26.05,143290,55,卖盘
917,10:20:01,26.06,33878,13,卖盘
918,10:20:07,26.06,5212,2,买盘
919,10:20:10,26.06,10424,4,买盘
920,10:20:16,26.06,10424,4,买盘
921,10:20:19,26.06,2606,1,买盘
922,10:20:22,26.05,33865,13,卖盘
923,10:20:31,26.05,26050,10,卖盘
924,10:20:37,26.05,57330,22,卖盘
925,10:20:40,26.07,185052,71,买盘
926,10:20:43,26.06,59939,23,买盘
927,10:20:49,26.06,28666,11,卖盘
928,10:20:52,26.07,31274,12,买盘
929,10:20:55,26.06,304802,117,买盘
930,10:21:01,26.05,265710,102,卖盘
931,10:21:04,26.05,2605,1,买盘
932,10:21:10,26.04,200511,77,卖盘
933,10:21:13,26.04,130200,50,买盘
934,10:21:19,26.03,15618,6,卖盘
935,10:21:25,26.03,75487,29,卖盘
936,10:21:28,26.03,13015,5,卖盘
937,10:21:31,26.03,88502,34,卖盘
938,10:21:34,26.03,13015,5,卖盘
939,10:21:37,26.03,10412,4,卖盘
940,10:21:40,26.03,20824,8,卖盘
941,10:21:43,26.03,83297,32,卖盘
942,10:21:49,26.02,5204,2,卖盘
943,10:21:52,26.01,369479,142,卖盘
944,10:21:58,26.01,33813,13,卖盘
945,10:22:01,26.01,7803,3,卖盘
946,10:22:04,26.01,44217,17,卖盘
947,10:22:07,26.01,52020,20,卖盘
948,10:22:10,26.0,426391,164,卖盘
949,10:22:13,25.99,20795,8,卖盘
950,10:22:16,25.99,18193,7,卖盘
951,10:22:19,25.99,12995,5,卖盘
952,10:22:22,25.99,163776,63,买盘
953,10:22:25,25.98,83137,32,卖盘
954,10:22:28,25.98,25980,10,卖盘
955,10:22:31,25.98,54577,21,卖盘
956,10:22:34,25.98,57157,22,卖盘
957,10:22:37,25.98,64975,25,卖盘
958,10:22:43,25.98,38978,15,卖盘
959,10:22:46,25.99,23392,9,卖盘
960,10:22:49,25.99,41585,16,卖盘
961,10:22:52,25.99,184529,71,买盘
962,10:22:55,26.0,23400,9,买盘
963,10:22:58,25.99,7797,3,卖盘
964,10:23:01,25.99,44183,17,卖盘
965,10:23:07,25.99,25992,10,卖盘
966,10:23:10,25.99,504206,194,卖盘
967,10:23:13,26.0,77984,30,买盘
968,10:23:16,25.99,5198,2,中性盘
969,10:23:25,25.99,5198,2,卖盘
970,10:23:28,25.99,41584,16,卖盘
971,10:23:31,25.98,36376,14,卖盘
972,10:23:34,25.99,485937,187,买盘
973,10:23:37,25.98,127327,49,卖盘
974,10:23:43,26.01,605855,233,买盘
975,10:23:46,26.03,78071,30,买盘
976,10:23:52,26.03,5206,2,买盘
977,10:23:58,26.02,2602,1,卖盘
978,10:24:01,26.02,7806,3,卖盘
979,10:24:04,26.02,54642,21,卖盘
980,10:24:07,26.0,23410,9,卖盘
981,10:24:10,26.02,5204,2,买盘
982,10:24:13,26.0,18200,7,卖盘
983,10:24:16,26.0,10402,4,卖盘
984,10:24:19,26.01,18207,7,买盘
985,10:24:22,26.0,20800,8,卖盘
986,10:24:28,26.0,41600,16,卖盘
987,10:24:31,26.0,273000,105,卖盘
988,10:24:34,26.0,114422,44,卖盘
989,10:24:40,26.0,52000,20,卖盘
990,10:24:43,26.0,5200,2,卖盘
991,10:24:52,26.0,39000,15,卖盘
992,10:25:07,26.01,442005,170,买盘
993,10:25:13,26.02,18214,7,买盘
994,10:25:16,26.03,124899,48,买盘
995,10:25:19,26.01,533397,205,卖盘
996,10:25:22,26.03,7809,3,买盘
997,10:25:25,26.02,88477,34,中性盘
998,10:25:28,26.04,767926,295,买盘
999,10:25:31,26.03,83312,32,卖盘
1000,10:25:34,26.05,46887,18,买盘
1001,10:25:37,26.05,5210,2,卖盘
1002,10:25:40,26.05,5210,2,卖盘
1003,10:25:43,26.06,143330,55,买盘
1004,10:25:46,26.06,15635,6,买盘
1005,10:25:49,26.07,67776,26,买盘
1006,10:25:55,26.05,13025,5,卖盘
1007,10:25:58,26.06,7818,3,买盘
1008,10:26:01,26.05,182408,70,卖盘
1009,10:26:04,26.05,2605,1,卖盘
1010,10:26:07,26.06,78180,30,买盘
1011,10:26:10,26.05,10420,4,卖盘
1012,10:26:13,26.05,18237,7,卖盘
1013,10:26:16,26.05,5210,2,卖盘
1014,10:26:19,26.05,31260,12,卖盘
1015,10:26:22,26.05,26050,10,卖盘
1016,10:26:25,26.05,39075,15,卖盘
1017,10:26:34,26.06,158930,61,买盘
1018,10:26:37,26.04,18228,7,卖盘
1019,10:26:40,26.04,10416,4,卖盘
1020,10:26:43,26.04,49486,19,卖盘
1021,10:26:49,26.04,20832,8,卖盘
1022,10:26:52,26.04,2604,1,卖盘
1023,10:26:55,26.04,2604,1,卖盘
1024,10:27:01,26.04,18232,7,卖盘
1025,10:27:04,26.04,13020,5,卖盘
1026,10:27:07,26.04,153674,59,卖盘
1027,10:27:10,26.05,2605,1,买盘
1028,10:27:13,26.04,49478,19,卖盘
1029,10:27:19,26.05,15630,6,买盘
1030,10:27:22,26.04,62496,24,卖盘
1031,10:27:25,26.03,23437,9,卖盘
1032,10:27:28,26.05,59915,23,买盘
1033,10:27:34,26.05,15632,6,卖盘
1034,10:27:37,26.05,70335,27,卖盘
1035,10:27:40,26.04,80733,31,卖盘
1036,10:27:43,26.04,44268,17,卖盘
1037,10:27:46,26.05,57302,22,买盘
1038,10:27:49,26.05,5210,2,买盘
1039,10:27:52,26.05,54704,21,买盘
1040,10:27:55,26.05,52100,20,卖盘
1041,10:27:58,26.05,2605,1,卖盘
1042,10:28:01,26.04,5208,2,卖盘
1043,10:28:10,26.04,276079,106,卖盘
1044,10:28:13,26.04,5208,2,买盘
1045,10:28:16,26.04,15624,6,买盘
1046,10:28:22,26.03,31236,12,卖盘
1047,10:28:25,26.04,2604,1,买盘
1048,10:28:31,26.04,2604,1,买盘
1049,10:28:37,26.04,2604,1,买盘
1050,10:28:40,26.03,83296,32,卖盘
1051,10:28:43,26.03,13015,5,卖盘
1052,10:28:49,26.04,20825,8,买盘
1053,10:29:01,26.03,88502,34,卖盘
1054,10:29:04,26.04,5208,2,买盘
1055,10:29:07,26.04,2604,1,买盘
1056,10:29:10,26.03,106723,41,卖盘
1057,10:29:13,26.04,23431,9,买盘
1058,10:29:16,26.03,7809,3,卖盘
1059,10:29:19,26.04,10416,4,买盘
1060,10:29:22,26.03,179607,69,卖盘
1061,10:29:25,26.03,72884,28,买盘
1062,10:29:28,26.03,33840,13,买盘
1063,10:29:31,26.03,36447,14,卖盘
1064,10:29:34,26.03,28633,11,卖盘
1065,10:29:37,26.03,49453,19,卖盘
1066,10:29:40,26.02,23418,9,卖盘
1067,10:29:43,26.02,13014,5,卖盘
1068,10:29:49,26.02,5204,2,卖盘
1069,10:29:52,26.02,20816,8,卖盘
1070,10:30:04,26.02,13010,5,卖盘
1071,10:30:10,26.02,44237,17,卖盘
1072,10:30:13,26.03,304551,117,买盘
1073,10:30:16,26.04,46872,18,买盘
1074,10:30:19,26.04,205630,79,买盘
1075,10:30:22,26.04,70274,27,买盘
1076,10:30:25,26.04,2604,1,买盘
1077,10:30:28,26.04,10416,4,买盘
1078,10:30:31,26.04,20832,8,买盘
1079,10:30:34,26.03,33843,13,卖盘
1080,10:30:40,26.04,5208,2,买盘
1081,10:30:46,26.03,2603,1,卖盘
1082,10:30:52,26.03,15618,6,卖盘
1083,10:30:55,26.03,2603,1,卖盘
1084,10:30:58,26.03,13015,5,卖盘
1085,10:31:04,26.03,15618,6,卖盘
1086,10:31:07,26.04,26040,10,买盘
1087,10:31:13,26.03,33839,13,卖盘
1088,10:31:16,26.03,7809,3,卖盘
1089,10:31:19,26.04,169254,65,买盘
1090,10:31:22,26.03,31236,12,卖盘
1091,10:31:25,26.03,18221,7,卖盘
1092,10:31:28,26.03,20824,8,卖盘
1093,10:31:31,26.04,7812,3,买盘
1094,10:31:34,26.02,85898,33,卖盘
1095,10:31:37,26.03,18221,7,中性盘
1096,10:31:46,26.04,315073,121,买盘
1097,10:31:49,26.02,1520730,584,卖盘
1098,10:31:52,26.02,46844,18,卖盘
1099,10:31:55,26.02,39030,15,卖盘
1100,10:31:58,26.02,5204,2,卖盘
1101,10:32:01,26.02,457943,176,卖盘
1102,10:32:04,26.01,10405,4,卖盘
1103,10:32:07,26.03,278511,107,买盘
1104,10:32:16,26.01,59823,23,卖盘
1105,10:32:19,26.02,49438,19,买盘
1106,10:32:28,26.02,23418,9,卖盘
1107,10:32:34,26.03,98884,38,买盘
1108,10:32:37,26.02,52040,20,卖盘
1109,10:32:43,26.02,23418,9,卖盘
1110,10:32:46,26.02,18212,7,中性盘
1111,10:33:01,26.03,13011,5,买盘
1112,10:33:04,26.03,299344,115,买盘
1113,10:33:07,26.04,93746,36,买盘
1114,10:33:13,26.05,70318,27,买盘
1115,10:33:16,26.04,130202,50,卖盘
1116,10:33:19,26.04,33852,13,卖盘
1117,10:33:22,26.04,41664,16,卖盘
1118,10:33:25,26.05,39067,15,买盘
1119,10:33:28,26.05,20834,8,买盘
1120,10:33:37,26.05,151074,58,买盘
1121,10:33:46,26.05,171930,66,买盘
1122,10:33:49,26.05,26050,10,买盘
1123,10:33:52,26.03,114537,44,卖盘
1124,10:34:01,26.05,2605,1,买盘
1125,10:34:04,26.05,78150,30,买盘
1126,10:34:07,26.04,2604,1,卖盘
1127,10:34:10,26.05,59912,23,买盘
1128,10:34:13,26.04,26040,10,卖盘
1129,10:34:16,26.04,7812,3,卖盘
1130,10:34:19,26.03,57266,22,卖盘
1131,10:34:25,26.04,91130,35,买盘
1132,10:34:28,26.04,28644,11,买盘
1133,10:34:31,26.03,26030,10,卖盘
1134,10:34:34,26.04,15624,6,买盘
1135,10:34:46,26.04,7812,3,买盘
1136,10:34:49,26.04,96348,37,买盘
1137,10:34:52,26.04,7812,3,卖盘
1138,10:34:55,26.04,7813,3,卖盘
1139,10:34:58,26.02,377442,145,卖盘
1140,10:35:01,26.01,23409,9,卖盘
1141,10:35:07,26.02,2602,1,买盘
1142,10:35:10,26.01,23409,9,卖盘
1143,10:35:13,26.01,59820,23,卖盘
1144,10:35:16,26.02,10406,4,买盘
1145,10:35:19,26.02,13010,5,买盘
1146,10:35:25,26.01,161262,62,卖盘
1147,10:35:28,26.02,26022,10,买盘
1148,10:35:31,26.02,2602,1,卖盘
1149,10:35:34,26.02,31224,12,卖盘
1150,10:35:40,26.02,111886,43,卖盘
1151,10:35:43,26.02,2602,1,买盘
1152,10:35:46,26.01,13005,5,卖盘
1153,10:35:49,26.01,33813,13,卖盘
1154,10:35:52,26.01,122247,47,卖盘
1155,10:35:55,26.0,28609,11,卖盘
1156,10:36:01,26.01,7801,3,买盘
1157,10:36:04,26.01,7803,3,买盘
1158,10:36:07,26.01,403155,155,买盘
1159,10:36:10,26.01,20810,8,卖盘
1160,10:36:13,26.02,5204,2,买盘
1161,10:36:16,26.02,530720,204,买盘
1162,10:36:19,26.02,36425,14,买盘
1163,10:36:22,26.04,957978,368,买盘
1164,10:36:25,26.06,104197,40,买盘
1165,10:36:37,26.05,28665,11,卖盘
1166,10:36:40,26.06,5212,2,买盘
1167,10:36:46,26.05,119830,46,卖盘
1168,10:36:52,26.05,28655,11,买盘
1169,10:36:58,26.05,18235,7,买盘
1170,10:37:01,26.05,23445,9,卖盘
1171,10:37:04,26.05,72935,28,卖盘
1172,10:37:07,26.04,184895,71,卖盘
1173,10:37:10,26.04,2604,1,卖盘
1174,10:37:16,26.04,549464,211,卖盘
1175,10:37:19,26.05,62513,24,买盘
1176,10:37:22,26.04,23436,9,卖盘
1177,10:37:25,26.04,59892,23,卖盘
1178,10:37:28,26.04,20831,8,买盘
1179,10:37:31,26.03,2603,1,卖盘
1180,10:37:37,26.03,80693,31,卖盘
1181,10:37:40,26.03,70281,27,卖盘
1182,10:37:43,26.05,85914,33,买盘
1183,10:37:49,26.04,18231,7,买盘
1184,10:37:55,26.04,26040,10,买盘
1185,10:37:58,26.03,104126,40,卖盘
1186,10:38:01,26.03,7809,3,卖盘
1187,10:38:04,26.03,36442,14,卖盘
1188,10:38:07,26.03,5206,2,买盘
1189,10:38:10,26.03,39045,15,买盘
1190,10:38:13,26.03,7809,3,买盘
1191,10:38:16,26.03,91072,35,买盘
1192,10:38:19,26.03,72884,28,买盘
1193,10:38:22,26.03,10412,4,卖盘
1194,10:38:25,26.04,637799,245,买盘
1195,10:38:28,26.05,41680,16,买盘
1196,10:38:31,26.04,5208,2,卖盘
1197,10:38:37,26.03,15618,6,卖盘
1198,10:38:49,26.03,5206,2,卖盘
1199,10:38:52,26.04,28637,11,买盘
1200,10:39:01,26.03,26030,10,卖盘
1201,10:39:04,26.04,83324,32,买盘
1202,10:39:07,26.04,5208,2,卖盘
1203,10:39:10,26.05,7815,3,买盘
1204,10:39:13,26.03,5206,2,卖盘
1205,10:39:22,26.03,2603,1,卖盘
1206,10:39:25,26.03,20824,8,卖盘
1207,10:39:28,26.03,10412,4,卖盘
1208,10:39:31,26.03,31236,12,卖盘
1209,10:39:37,26.04,130200,50,买盘
1210,10:39:46,26.04,5208,2,卖盘
1211,10:39:49,26.05,88570,34,买盘
1212,10:39:52,26.04,13021,5,卖盘
1213,10:39:55,26.04,88536,34,卖盘
1214,10:39:58,26.05,10420,4,买盘
1215,10:40:01,26.05,2605,1,买盘
1216,10:40:04,26.05,36467,14,买盘
1217,10:40:07,26.04,26040,10,卖盘
1218,10:40:10,26.04,5208,2,卖盘
1219,10:40:16,26.05,26043,10,买盘
1220,10:40:25,26.05,52100,20,买盘
1221,10:40:31,26.04,28644,11,卖盘
1222,10:40:34,26.04,2604,1,卖盘
1223,10:40:43,26.05,231845,89,买盘
1224,10:40:49,26.04,15624,6,买盘
1225,10:40:58,26.04,2604,1,买盘
1226,10:41:07,26.04,7812,3,买盘
1227,10:41:16,26.04,26040,10,买盘
1228,10:41:19,26.04,20830,8,买盘
1229,10:41:22,26.04,171864,66,买盘
1230,10:41:25,26.04,13020,5,卖盘
1231,10:41:28,26.04,23437,9,卖盘
1232,10:41:31,26.05,2605,1,买盘
1233,10:41:37,26.05,5209,2,买盘
1234,10:41:40,26.04,96348,37,卖盘
1235,10:41:43,26.05,182347,70,买盘
1236,10:41:49,26.05,62522,24,中性盘
1237,10:41:55,26.06,31262,12,买盘
1238,10:42:01,26.05,49509,19,中性盘
1239,10:42:04,26.06,20848,8,买盘
1240,10:42:16,26.06,10424,4,买盘
1241,10:42:25,26.06,13030,5,买盘
1242,10:42:31,26.05,59915,23,卖盘
1243,10:42:34,26.05,13025,5,买盘
1244,10:42:37,26.06,164150,63,买盘
1245,10:42:43,26.06,20848,8,买盘
1246,10:42:46,26.06,31262,12,买盘
1247,10:42:52,26.05,26050,10,卖盘
1248,10:42:58,26.06,13030,5,买盘
1249,10:43:01,26.05,15634,6,卖盘
1250,10:43:07,26.06,5212,2,买盘
1251,10:43:10,26.05,5210,2,卖盘
1252,10:43:16,26.05,5210,2,卖盘
1253,10:43:22,26.05,20840,8,卖盘
1254,10:43:25,26.06,5212,2,买盘
1255,10:43:34,26.06,166784,64,买盘
1256,10:43:37,26.06,23454,9,买盘
1257,10:43:40,26.06,2111073,810,买盘
1258,10:43:43,26.09,511214,196,买盘
1259,10:43:46,26.1,70451,27,买盘
1260,10:43:49,26.1,44370,17,买盘
1261,10:43:58,26.09,33918,13,卖盘
1262,10:44:01,26.1,62640,24,买盘
1263,10:44:04,26.09,39144,15,卖盘
1264,10:44:07,26.09,78270,30,卖盘
1265,10:44:13,26.09,120014,46,卖盘
1266,10:44:16,26.08,75637,29,卖盘
1267,10:44:19,26.08,93908,36,卖盘
1268,10:44:22,26.07,96466,37,卖盘
1269,10:44:25,26.07,195561,75,买盘
1270,10:44:28,26.06,88604,34,卖盘
1271,10:44:34,26.06,13030,5,卖盘
1272,10:44:40,26.07,28677,11,买盘
1273,10:44:43,26.06,5212,2,卖盘
1274,10:44:46,26.09,119897,46,买盘
1275,10:44:49,26.06,7818,3,卖盘
1276,10:44:52,26.06,33890,13,卖盘
1277,10:44:55,26.07,15642,6,买盘
1278,10:44:58,26.08,41724,16,买盘
1279,10:45:10,26.07,70389,27,买盘
1280,10:45:13,26.08,39120,15,买盘
1281,10:45:16,26.08,46954,18,卖盘
1282,10:45:19,26.09,20872,8,买盘
1283,10:45:22,26.09,23480,9,买盘
1284,10:45:25,26.09,10436,4,买盘
1285,10:45:28,26.09,49560,19,买盘
1286,10:45:34,26.07,54770,21,卖盘
1287,10:45:37,26.09,31308,12,买盘
1288,10:45:40,26.08,26080,10,买盘
1289,10:45:43,26.08,15648,6,买盘
1290,10:45:46,26.08,10432,4,买盘
1291,10:45:49,26.07,28680,11,卖盘
1292,10:45:55,26.08,28688,11,买盘
1293,10:45:58,26.08,2608,1,买盘
1294,10:46:01,26.08,13040,5,买盘
1295,10:46:10,26.08,101712,39,买盘
1296,10:46:13,26.06,1139377,437,卖盘
1297,10:46:16,26.07,15640,6,买盘
1298,10:46:19,26.06,15636,6,中性盘
1299,10:46:28,26.06,315319,121,卖盘
1300,10:46:31,26.06,628046,241,买盘
1301,10:46:34,26.06,487322,187,买盘
1302,10:46:37,26.06,132907,51,买盘
1303,10:46:43,26.07,5214,2,买盘
1304,10:46:46,26.07,59941,23,买盘
1305,10:46:49,26.07,83424,32,买盘
1306,10:46:55,26.06,7818,3,卖盘
1307,10:47:01,26.06,518595,199,卖盘
1308,10:47:04,26.06,10424,4,卖盘
1309,10:47:07,26.05,91182,35,卖盘
1310,10:47:10,26.06,28666,11,买盘
1311,10:47:13,26.05,28669,11,卖盘
1312,10:47:19,26.05,31260,12,卖盘
1313,10:47:22,26.05,83360,32,卖盘
1314,10:47:25,26.05,281340,108,卖盘
1315,10:47:28,26.05,36469,14,买盘
1316,10:47:34,26.04,15625,6,卖盘
1317,10:47:37,26.05,2605,1,买盘
1318,10:47:43,26.05,135410,52,买盘
1319,10:47:46,26.05,476707,183,买盘
1320,10:47:49,26.07,713813,274,买盘
1321,10:47:52,26.07,647099,248,卖盘
1322,10:47:58,26.08,88672,34,买盘
1323,10:48:01,26.09,119974,46,买盘
1324,10:48:04,26.09,2609,1,买盘
1325,10:48:13,26.09,39135,15,买盘
1326,10:48:19,26.09,41744,16,买盘
1327,10:48:22,26.09,7827,3,买盘
1328,10:48:25,26.08,26080,10,卖盘
1329,10:48:28,26.08,192993,74,卖盘
1330,10:48:31,26.08,5216,2,卖盘
1331,10:48:34,26.08,44336,17,卖盘
1332,10:48:40,26.08,2608,1,买盘
1333,10:48:43,26.08,33904,13,买盘
1334,10:48:46,26.08,7824,3,买盘
1335,10:48:52,26.08,52160,20,买盘
1336,10:49:01,26.08,7824,3,买盘
1337,10:49:10,26.07,23463,9,卖盘
1338,10:49:13,26.08,5216,2,买盘
1339,10:49:16,26.08,18256,7,买盘
1340,10:49:19,26.07,13035,5,卖盘
1341,10:49:22,26.07,20856,8,卖盘
1342,10:49:25,26.07,13035,5,卖盘
1343,10:49:31,26.07,7821,3,卖盘
1344,10:49:34,26.08,2608,1,买盘
1345,10:49:37,26.07,396264,152,卖盘
1346,10:49:43,26.07,325875,125,买盘
1347,10:49:46,26.06,208531,80,卖盘
1348,10:49:49,26.07,54747,21,买盘
1349,10:49:52,26.07,182490,70,买盘
1350,10:49:55,26.07,10428,4,买盘
1351,10:49:58,26.07,5214,2,买盘
1352,10:50:01,26.06,13030,5,卖盘
1353,10:50:10,26.07,57344,22,买盘
1354,10:50:13,26.07,2247285,862,买盘
1355,10:50:19,26.09,127841,49,买盘
1356,10:50:22,26.09,401859,154,买盘
1357,10:50:25,26.1,20880,8,买盘
1358,10:50:28,26.09,5218,2,卖盘
1359,10:50:31,26.1,448921,172,买盘
1360,10:50:34,26.1,96597,37,买盘
1361,10:50:37,26.1,5220,2,买盘
1362,10:50:43,26.1,23488,9,买盘
1363,10:50:49,26.1,52200,20,买盘
1364,10:50:58,26.09,5218,2,卖盘
1365,10:51:01,26.1,54810,21,买盘
1366,10:51:04,26.1,10440,4,买盘
1367,10:51:07,26.1,49599,19,买盘
1368,10:51:10,26.11,46985,18,买盘
1369,10:51:13,26.1,26100,10,卖盘
1370,10:51:16,26.11,174937,67,买盘
1371,10:51:19,26.12,18283,7,买盘
1372,10:51:22,26.12,86185,33,买盘
1373,10:51:25,26.12,41792,16,买盘
1374,10:51:31,26.12,44395,17,买盘
1375,10:51:37,26.12,26120,10,买盘
1376,10:51:40,26.12,20896,8,买盘
1377,10:51:43,26.11,26110,10,卖盘
1378,10:51:46,26.11,47014,18,卖盘
1379,10:51:49,26.12,2612,1,买盘
1380,10:51:55,26.11,261100,100,卖盘
1381,10:51:58,26.12,41787,16,买盘
1382,10:52:01,26.12,75741,29,买盘
1383,10:52:04,26.12,125364,48,买盘
1384,10:52:07,26.14,851625,326,买盘
1385,10:52:10,26.12,161964,62,卖盘
1386,10:52:16,26.14,33982,13,买盘
1387,10:52:19,26.13,2613,1,卖盘
1388,10:52:22,26.14,44438,17,买盘
1389,10:52:28,26.14,26140,10,买盘
1390,10:52:31,26.14,39210,15,买盘
1391,10:52:34,26.14,52280,20,买盘
1392,10:52:37,26.14,10456,4,买盘
1393,10:52:40,26.14,54894,21,买盘
1394,10:52:43,26.13,81005,31,卖盘
1395,10:52:49,26.14,2614,1,买盘
1396,10:52:52,26.13,138489,53,卖盘
1397,10:52:55,26.14,130700,50,买盘
1398,10:52:58,26.14,7842,3,买盘
1399,10:53:01,26.14,13070,5,买盘
1400,10:53:04,26.14,13068,5,买盘
1401,10:53:07,26.16,787012,301,买盘
1402,10:53:10,26.17,117765,45,买盘
1403,10:53:13,26.17,18325,7,卖盘
1404,10:53:16,26.18,44506,17,买盘
1405,10:53:19,26.17,70666,27,卖盘
1406,10:53:22,26.18,15708,6,买盘
1407,10:53:25,26.17,109933,42,卖盘
1408,10:53:28,26.18,23562,9,买盘
1409,10:53:31,26.17,65437,25,卖盘
1410,10:53:34,26.18,31414,12,买盘
1411,10:53:37,26.16,526004,201,卖盘
1412,10:53:40,26.16,177872,68,买盘
1413,10:53:43,26.16,86310,33,买盘
1414,10:53:46,26.15,41840,16,卖盘
1415,10:53:52,26.15,117675,45,卖盘
1416,10:53:55,26.15,73220,28,买盘
1417,10:53:58,26.16,91533,35,买盘
1418,10:54:01,26.15,13075,5,中性盘
1419,10:54:04,26.15,5230,2,卖盘
1420,10:54:10,26.15,65375,25,卖盘
1421,10:54:13,26.15,28765,11,卖盘
1422,10:54:16,26.15,26150,10,卖盘
1423,10:54:19,26.15,75835,29,卖盘
1424,10:54:22,26.14,460227,176,卖盘
1425,10:54:25,26.15,13075,5,中性盘
1426,10:54:28,26.15,26150,10,买盘
1427,10:54:31,26.15,60140,23,买盘
1428,10:54:40,26.14,10456,4,卖盘
1429,10:54:43,26.14,26140,10,卖盘
1430,10:54:46,26.14,10456,4,卖盘
1431,10:54:49,26.14,65361,25,卖盘
1432,10:54:55,26.14,70585,27,卖盘
1433,10:54:58,26.14,47052,18,卖盘
1434,10:55:01,26.15,324155,124,买盘
1435,10:55:04,26.15,2615,1,买盘
1436,10:55:07,26.15,41824,16,买盘
1437,10:55:13,26.13,39202,15,卖盘
1438,10:55:19,26.13,10453,4,卖盘
1439,10:55:28,26.14,57508,22,买盘
1440,10:55:40,26.13,101907,39,卖盘
1441,10:55:43,26.14,5228,2,买盘
1442,10:55:46,26.14,26140,10,买盘
1443,10:55:49,26.14,169908,65,买盘
1444,10:55:52,26.15,39223,15,买盘
1445,10:56:07,26.15,10460,4,买盘
1446,10:56:13,26.15,13075,5,买盘
1447,10:56:22,26.17,1114089,426,买盘
1448,10:56:25,26.17,117752,45,买盘
1449,10:56:31,26.17,154400,59,买盘
1450,10:56:34,26.18,547118,209,买盘
1451,10:56:37,26.18,78540,30,买盘
1452,10:56:40,26.18,28798,11,买盘
1453,10:56:43,26.18,26180,10,买盘
1454,10:56:46,26.18,20944,8,买盘
1455,10:56:49,26.18,18325,7,买盘
1456,10:56:52,26.17,54958,21,卖盘
1457,10:56:55,26.18,68068,26,买盘
1458,10:56:58,26.18,18326,7,买盘
1459,10:57:01,26.18,13090,5,买盘
1460,10:57:04,26.18,41886,16,买盘
1461,10:57:07,26.15,478908,183,卖盘
1462,10:57:10,26.17,156926,60,买盘
1463,10:57:13,26.16,28772,11,中性盘
1464,10:57:16,26.15,57537,22,卖盘
1465,10:57:25,26.15,2615,1,卖盘
1466,10:57:28,26.16,5232,2,买盘
1467,10:57:34,26.16,18311,7,买盘
1468,10:57:40,26.16,26151,10,买盘
1469,10:57:43,26.15,26150,10,卖盘
1470,10:57:46,26.16,52320,20,买盘
1471,10:57:49,26.16,49704,19,买盘
1472,10:57:52,26.16,13080,5,买盘
1473,10:57:55,26.16,41855,16,买盘
1474,10:57:58,26.16,36612,14,买盘
1475,10:58:01,26.16,20928,8,买盘
1476,10:58:07,26.16,47088,18,买盘
1477,10:58:10,26.16,10464,4,买盘
1478,10:58:13,26.16,133425,51,买盘
1479,10:58:16,26.16,49704,19,买盘
1480,10:58:19,26.15,26156,10,卖盘
1481,10:58:22,26.15,15690,6,卖盘
1482,10:58:25,26.16,60168,23,买盘
1483,10:58:28,26.16,18312,7,买盘
1484,10:58:31,26.21,2491122,951,买盘
1485,10:58:34,26.25,469524,179,买盘
1486,10:58:37,26.24,97048,37,中性盘
1487,10:58:40,26.24,49850,19,买盘
1488,10:58:43,26.21,175635,67,卖盘
1489,10:58:46,26.23,20979,8,买盘
1490,10:58:49,26.21,34078,13,卖盘
1491,10:58:55,26.22,28842,11,买盘
1492,10:58:58,26.22,173052,66,买盘
1493,10:59:01,26.22,36710,14,卖盘
1494,10:59:04,26.22,36708,14,卖盘
1495,10:59:07,26.22,39340,15,卖盘
1496,10:59:10,26.22,18355,7,卖盘
1497,10:59:13,26.23,15737,6,买盘
1498,10:59:16,26.22,78650,30,卖盘
1499,10:59:22,26.21,36700,14,卖盘
1500,10:59:25,26.22,146818,56,买盘
1501,10:59:28,26.22,26220,10,买盘
1502,10:59:31,26.2,65501,25,卖盘
1503,10:59:34,26.19,60243,23,卖盘
1504,10:59:40,26.2,13100,5,买盘
1505,10:59:43,26.19,86445,33,卖盘
1506,10:59:46,26.2,99527,38,买盘
1507,10:59:49,26.22,225410,86,买盘
1508,10:59:52,26.22,26220,10,买盘
1509,10:59:55,26.22,34086,13,买盘
1510,10:59:58,26.21,15726,6,卖盘
1511,11:00:01,26.21,246332,94,卖盘
1512,11:00:04,26.23,458864,175,买盘
1513,11:00:07,26.21,96995,37,卖盘
1514,11:00:13,26.23,41960,16,买盘
1515,11:00:16,26.22,41952,16,卖盘
1516,11:00:19,26.22,348627,133,中性盘
1517,11:00:22,26.23,180951,69,买盘
1518,11:00:25,26.22,495388,189,卖盘
1519,11:00:28,26.19,65475,25,卖盘
1520,11:00:31,26.19,73362,28,卖盘
1521,11:00:34,26.18,65526,25,卖盘
1522,11:00:37,26.2,52400,20,中性盘
1523,11:00:40,26.2,15720,6,买盘
1524,11:00:43,26.2,73360,28,买盘
1525,11:00:46,26.19,73353,28,卖盘
1526,11:00:49,26.2,28820,11,买盘
1527,11:00:52,26.21,280369,107,买盘
1528,11:00:55,26.19,34058,13,卖盘
1529,11:00:58,26.2,13100,5,中性盘
1530,11:01:01,26.21,57647,22,买盘
1531,11:01:04,26.19,183342,70,卖盘
1532,11:01:07,26.19,5238,2,卖盘
1533,11:01:13,26.19,13095,5,卖盘
1534,11:01:16,26.2,31441,12,中性盘
1535,11:01:19,26.2,18340,7,卖盘
1536,11:01:22,26.19,125757,48,卖盘
1537,11:01:25,26.21,57646,22,买盘
1538,11:01:28,26.19,44535,17,卖盘
1539,11:01:31,26.2,10480,4,买盘
1540,11:01:34,26.2,39300,15,中性盘
1541,11:01:37,26.23,146786,56,买盘
1542,11:01:40,26.23,175743,67,买盘
1543,11:01:43,26.24,18364,7,买盘
1544,11:01:46,26.24,39355,15,买盘
1545,11:01:49,26.24,2624,1,买盘
1546,11:01:52,26.24,10496,4,买盘
1547,11:01:55,26.23,26230,10,卖盘
1548,11:02:01,26.23,28853,11,卖盘
1549,11:02:04,26.24,31482,12,买盘
1550,11:02:07,26.25,367365,140,买盘
1551,11:02:10,26.24,34119,13,卖盘
1552,11:02:13,26.25,10500,4,买盘
1553,11:02:16,26.25,333375,127,买盘
1554,11:02:19,26.25,86619,33,买盘
1555,11:02:22,26.24,49856,19,卖盘
1556,11:02:25,26.24,259776,99,卖盘
1557,11:02:28,26.23,285973,109,卖盘
1558,11:02:31,26.22,49827,19,卖盘
1559,11:02:34,26.23,31472,12,买盘
1560,11:02:37,26.24,65586,25,买盘
1561,11:02:40,26.25,62938,24,买盘
1562,11:02:43,26.25,157500,60,买盘
1563,11:02:46,26.25,286125,109,买盘
1564,11:02:49,26.24,15744,6,卖盘
1565,11:02:52,26.25,18375,7,买盘
1566,11:02:58,26.24,83988,32,卖盘
1567,11:03:01,26.25,126000,48,买盘
1568,11:03:04,26.25,280865,107,买盘
1569,11:03:07,26.27,2465973,939,买盘
1570,11:03:10,26.28,935745,356,买盘
1571,11:03:13,26.28,2628,1,卖盘
1572,11:03:16,26.3,92050,35,买盘
1573,11:03:19,26.29,55227,21,卖盘
1574,11:03:22,26.3,318210,121,买盘
1575,11:03:25,26.29,68340,26,买盘
1576,11:03:28,26.29,28913,11,买盘
1577,11:03:34,26.29,42064,16,买盘
1578,11:03:37,26.29,65705,25,买盘
1579,11:03:40,26.28,31542,12,卖盘
1580,11:03:43,26.29,99900,38,买盘
1581,11:03:49,26.29,131446,50,买盘
1582,11:03:52,26.29,460075,175,买盘
1583,11:03:55,26.29,110401,42,买盘
1584,11:03:58,26.28,18401,7,卖盘
1585,11:04:01,26.28,34166,13,卖盘
1586,11:04:04,26.22,1119226,426,卖盘
1587,11:04:07,26.24,449046,171,买盘
1588,11:04:10,26.24,41978,16,买盘
1589,11:04:13,26.24,15744,6,买盘
1590,11:04:16,26.24,41984,16,买盘
1591,11:04:19,26.23,65581,25,卖盘
1592,11:04:22,26.23,165348,63,买盘
1593,11:04:25,26.23,60314,23,买盘
1594,11:04:31,26.24,57724,22,买盘
1595,11:04:34,26.23,18361,7,卖盘
1596,11:04:37,26.23,15738,6,买盘
1597,11:04:40,26.22,2622,1,卖盘
1598,11:04:43,26.22,68194,26,卖盘
1599,11:04:46,26.22,55082,21,卖盘
1600,11:04:49,26.23,243848,93,买盘
1601,11:04:55,26.22,183590,70,卖盘
1602,11:04:58,26.22,136344,52,卖盘
1603,11:05:04,26.2,20967,8,卖盘
1604,11:05:10,26.21,20968,8,卖盘
1605,11:05:13,26.21,5242,2,卖盘
1606,11:05:16,26.21,2621,1,买盘
1607,11:05:19,26.2,10480,4,卖盘
1608,11:05:22,26.21,152056,58,买盘
1609,11:05:25,26.2,288242,110,卖盘
1610,11:05:28,26.2,170300,65,买盘
1611,11:05:31,26.19,26193,10,卖盘
1612,11:05:37,26.21,5242,2,卖盘
1613,11:05:40,26.2,81249,31,卖盘
1614,11:05:43,26.22,20976,8,买盘
1615,11:05:46,26.22,52432,20,买盘
1616,11:05:52,26.21,162553,62,卖盘
1617,11:05:55,26.22,154690,59,买盘
1618,11:05:58,26.22,76038,29,买盘
1619,11:06:01,26.23,5245,2,买盘
1620,11:06:04,26.23,131149,50,买盘
1621,11:06:07,26.24,13119,5,买盘
1622,11:06:10,26.23,13115,5,卖盘
1623,11:06:16,26.24,2624,1,买盘
1624,11:06:19,26.23,28853,11,卖盘
1625,11:06:22,26.24,26240,10,买盘
1626,11:06:25,26.24,28864,11,买盘
1627,11:06:28,26.24,81344,31,买盘
1628,11:06:31,26.23,34102,13,卖盘
1629,11:06:34,26.23,7869,3,卖盘
1630,11:06:43,26.24,2624,1,买盘
1631,11:06:46,26.24,73452,28,买盘
1632,11:06:52,26.24,10495,4,买盘
1633,11:06:58,26.23,47221,18,卖盘
1634,11:07:01,26.23,13115,5,卖盘
1635,11:07:04,26.23,26230,10,卖盘
1636,11:07:07,26.24,488048,186,买盘
1637,11:07:10,26.28,1247548,475,买盘
1638,11:07:13,26.28,480880,183,买盘
1639,11:07:16,26.27,7881,3,卖盘
1640,11:07:19,26.28,7884,3,买盘
1641,11:07:22,26.29,191858,73,买盘
1642,11:07:28,26.29,52572,20,买盘
1643,11:07:31,26.28,52560,20,卖盘
1644,11:07:34,26.27,543975,207,卖盘
1645,11:07:40,26.26,191623,73,卖盘
1646,11:07:43,26.26,346579,132,买盘
1647,11:07:46,26.25,18375,7,买盘
1648,11:07:49,26.25,10500,4,买盘
1649,11:07:52,26.24,2624,1,中性盘
1650,11:07:55,26.24,73490,28,买盘
1651,11:08:01,26.26,68276,26,买盘
1652,11:08:04,26.26,13130,5,买盘
1653,11:08:10,26.25,210001,80,卖盘
1654,11:08:13,26.24,5248,2,卖盘
1655,11:08:16,26.25,13125,5,买盘
1656,11:08:22,26.25,28875,11,买盘
1657,11:08:25,26.24,10496,4,卖盘
1658,11:08:31,26.24,26240,10,卖盘
1659,11:08:37,26.23,110202,42,卖盘
1660,11:08:40,26.23,18367,7,卖盘
1661,11:08:46,26.23,20991,8,卖盘
1662,11:08:49,26.23,18361,7,卖盘
1663,11:08:52,26.23,13115,5,卖盘
1664,11:08:55,26.24,39360,15,买盘
1665,11:09:01,26.23,83936,32,卖盘
1666,11:09:07,26.24,382959,146,买盘
1667,11:09:10,26.23,13115,5,卖盘
1668,11:09:13,26.23,136396,52,卖盘
1669,11:09:22,26.23,26230,10,买盘
1670,11:09:28,26.23,7869,3,买盘
1671,11:09:31,26.23,73444,28,买盘
1672,11:09:40,26.23,23607,9,卖盘
1673,11:09:43,26.23,18361,7,卖盘
1674,11:09:49,26.23,374966,143,卖盘
1675,11:09:52,26.23,70781,27,买盘
1676,11:09:55,26.24,13120,5,买盘
1677,11:09:58,26.21,10484,4,卖盘
1678,11:10:01,26.21,28831,11,卖盘
1679,11:10:04,26.21,57662,22,卖盘
1680,11:10:07,26.2,62884,24,卖盘
1681,11:10:13,26.2,34060,13,卖盘
1682,11:10:16,26.2,28820,11,卖盘
1683,11:10:19,26.2,20960,8,卖盘
1684,11:10:22,26.2,13100,5,卖盘
1685,11:10:25,26.19,23576,9,卖盘
1686,11:10:28,26.19,110008,42,卖盘
1687,11:10:31,26.19,39287,15,卖盘
1688,11:10:34,26.19,23571,9,卖盘
1689,11:10:37,26.19,44523,17,卖盘
1690,11:10:40,26.19,5238,2,卖盘
1691,11:10:49,26.2,138857,53,买盘
1692,11:10:55,26.19,75951,29,卖盘
1693,11:10:58,26.19,34052,13,卖盘
1694,11:11:01,26.18,44518,17,卖盘
1695,11:11:07,26.19,7857,3,买盘
1696,11:11:16,26.19,7857,3,买盘
1697,11:11:19,26.19,28809,11,买盘
1698,11:11:22,26.18,26180,10,卖盘
1699,11:11:28,26.18,130900,50,卖盘
1700,11:11:31,26.18,49742,19,卖盘
1701,11:11:34,26.18,26180,10,卖盘
1702,11:11:37,26.18,39270,15,卖盘
1703,11:11:40,26.18,36652,14,卖盘
1704,11:11:46,26.19,20947,8,买盘
1705,11:11:49,26.19,2619,1,买盘
1706,11:11:52,26.18,52360,20,卖盘
1707,11:11:55,26.18,7854,3,卖盘
1708,11:12:04,26.18,65450,25,卖盘
1709,11:12:07,26.18,109956,42,卖盘
1710,11:12:10,26.18,62816,24,买盘
1711,11:12:13,26.17,44493,17,卖盘
1712,11:12:16,26.17,13085,5,卖盘
1713,11:12:19,26.17,5234,2,卖盘
1714,11:12:22,26.18,13090,5,买盘
1715,11:12:25,26.18,34023,13,买盘
1716,11:12:34,26.17,2617,1,卖盘
1717,11:12:37,26.17,10468,4,卖盘
1718,11:12:40,26.18,5236,2,买盘
1719,11:12:43,26.17,15702,6,卖盘
1720,11:12:46,26.17,463209,177,卖盘
1721,11:12:49,26.17,88971,34,买盘
1722,11:13:01,26.16,146496,56,卖盘
1723,11:13:04,26.17,15700,6,买盘
1724,11:13:07,26.16,41863,16,卖盘
1725,11:13:10,26.17,60181,23,买盘
1726,11:13:13,26.17,18319,7,买盘
1727,11:13:16,26.17,10468,4,买盘
1728,11:13:22,26.16,18314,7,卖盘
1729,11:13:25,26.17,10468,4,买盘
1730,11:13:28,26.17,206743,79,买盘
1731,11:13:31,26.17,2617,1,中性盘
1732,11:13:34,26.18,99479,38,买盘
1733,11:13:37,26.17,52340,20,卖盘
1734,11:13:40,26.17,23557,9,中性盘
1735,11:13:43,26.18,68053,26,买盘
1736,11:13:46,26.17,36642,14,卖盘
1737,11:13:49,26.17,15702,6,买盘
1738,11:13:52,26.18,267166,102,卖盘
1739,11:13:55,26.19,15714,6,买盘
1740,11:13:58,26.2,10480,4,买盘
1741,11:14:04,26.2,5240,2,买盘
1742,11:14:07,26.2,26200,10,买盘
1743,11:14:10,26.2,5240,2,买盘
1744,11:14:16,26.2,2620,1,买盘
1745,11:14:19,26.2,10480,4,买盘
1746,11:14:28,26.2,5240,2,买盘
1747,11:14:31,26.2,2620,1,买盘
1748,11:14:34,26.2,13100,5,买盘
1749,11:14:40,26.2,13100,5,买盘
1750,11:14:55,26.19,2619,1,卖盘
1751,11:15:04,26.19,2619,1,卖盘
1752,11:15:10,26.2,70735,27,买盘
1753,11:15:16,26.19,13095,5,卖盘
1754,11:15:19,26.19,15715,6,卖盘
1755,11:15:22,26.19,2619,1,卖盘
1756,11:15:28,26.19,13095,5,卖盘
1757,11:15:37,26.2,15715,6,买盘
1758,11:15:40,26.19,34051,13,卖盘
1759,11:15:43,26.19,13095,5,卖盘
1760,11:15:52,26.19,39285,15,卖盘
1761,11:15:58,26.2,55020,21,买盘
1762,11:16:01,26.19,13095,5,卖盘
1763,11:16:04,26.21,369442,141,买盘
1764,11:16:07,26.22,96983,37,买盘
1765,11:16:10,26.22,5244,2,买盘
1766,11:16:13,26.22,13110,5,买盘
1767,11:16:16,26.22,217695,83,买盘
1768,11:16:28,26.23,26234,10,买盘
1769,11:16:34,26.22,99636,38,卖盘
1770,11:16:37,26.2,136290,52,卖盘
1771,11:16:40,26.2,39292,15,买盘
1772,11:16:43,26.2,36680,14,中性盘
1773,11:16:46,26.21,20963,8,买盘
1774,11:16:49,26.2,15720,6,卖盘
1775,11:16:52,26.19,62860,24,卖盘
1776,11:16:58,26.19,34050,13,卖盘
1777,11:17:01,26.2,23580,9,买盘
1778,11:17:07,26.2,36675,14,买盘
1779,11:17:10,26.2,20960,8,买盘
1780,11:17:13,26.21,26201,10,买盘
1781,11:17:16,26.2,13100,5,卖盘
1782,11:17:19,26.19,34067,13,卖盘
1783,11:17:22,26.22,2622,1,买盘
1784,11:17:25,26.22,2622,1,买盘
1785,11:17:28,26.24,31486,12,买盘
1786,11:17:31,26.23,5246,2,中性盘
1787,11:17:34,26.22,5245,2,卖盘
1788,11:17:37,26.22,39330,15,卖盘
1789,11:17:40,26.24,144213,55,买盘
1790,11:17:43,26.24,15739,6,买盘
1791,11:17:46,26.23,23615,9,中性盘
1792,11:17:49,26.23,7869,3,买盘
1793,11:17:52,26.24,5248,2,买盘
1794,11:17:55,26.24,13120,5,买盘
1795,11:17:58,26.23,39345,15,卖盘
1796,11:18:01,26.23,34099,13,卖盘
1797,11:18:04,26.23,26230,10,买盘
1798,11:18:07,26.24,131200,50,买盘
1799,11:18:10,26.24,20991,8,买盘
1800,11:18:13,26.23,2623,1,中性盘
1801,11:18:19,26.24,20992,8,买盘
1802,11:18:22,26.23,44606,17,卖盘
1803,11:18:25,26.25,7875,3,买盘
1804,11:18:28,26.25,47250,18,买盘
1805,11:18:31,26.26,225776,86,买盘
1806,11:18:34,26.26,126048,48,买盘
1807,11:18:37,26.26,154959,59,买盘
1808,11:18:40,26.27,2627,1,买盘
1809,11:18:46,26.26,7879,3,卖盘
1810,11:18:49,26.27,73536,28,买盘
1811,11:18:52,26.27,483062,184,买盘
1812,11:18:55,26.26,5252,2,中性盘
1813,11:18:58,26.27,78807,30,买盘
1814,11:19:01,26.26,2626,1,中性盘
1815,11:19:07,26.26,5252,2,买盘
1816,11:19:10,26.25,131250,50,卖盘
1817,11:19:13,26.25,55117,21,买盘
1818,11:19:16,26.24,104960,40,卖盘
1819,11:19:19,26.23,112814,43,卖盘
1820,11:19:22,26.23,144265,55,卖盘
1821,11:19:25,26.22,26222,10,卖盘
1822,11:19:28,26.23,7869,3,买盘
1823,11:19:31,26.22,220248,84,卖盘
1824,11:19:34,26.22,57664,22,中性盘
1825,11:19:40,26.22,89152,34,卖盘
1826,11:19:43,26.22,34091,13,卖盘
1827,11:19:46,26.22,10488,4,卖盘
1828,11:19:49,26.23,2623,1,买盘
1829,11:19:52,26.23,15733,6,买盘
1830,11:20:01,26.22,10488,4,卖盘
1831,11:20:04,26.22,2622,1,卖盘
1832,11:20:16,26.22,10488,4,卖盘
1833,11:20:22,26.22,36708,14,卖盘
1834,11:20:31,26.23,31471,12,买盘
1835,11:20:43,26.22,7866,3,卖盘
1836,11:20:46,26.22,10488,4,卖盘
1837,11:20:49,26.23,2623,1,买盘
1838,11:20:52,26.22,34086,13,卖盘
1839,11:20:55,26.22,2622,1,卖盘
1840,11:21:01,26.22,102258,39,卖盘
1841,11:21:04,26.22,68172,26,买盘
1842,11:21:07,26.22,60306,23,买盘
1843,11:21:10,26.21,422024,161,卖盘
1844,11:21:13,26.22,83904,32,买盘
1845,11:21:16,26.21,65528,25,卖盘
1846,11:21:19,26.22,49818,19,买盘
1847,11:21:22,26.22,28841,11,买盘
1848,11:21:25,26.22,18354,7,买盘
1849,11:21:28,26.22,173052,66,买盘
1850,11:21:31,26.23,123250,47,买盘
1851,11:21:34,26.22,55078,21,卖盘
1852,11:21:37,26.23,5246,2,买盘
1853,11:21:40,26.23,65574,25,买盘
1854,11:21:43,26.24,20992,8,买盘
1855,11:21:46,26.24,68224,26,买盘
1856,11:21:49,26.25,165317,63,买盘
1857,11:21:52,26.24,7872,3,买盘
1858,11:21:55,26.24,125907,48,买盘
1859,11:21:58,26.24,20992,8,买盘
1860,11:22:01,26.24,20991,8,买盘
1861,11:22:07,26.24,131200,50,买盘
1862,11:22:13,26.23,13115,5,卖盘
1863,11:22:19,26.24,31486,12,买盘
1864,11:22:25,26.23,556075,212,卖盘
1865,11:22:28,26.22,52456,20,卖盘
1866,11:22:31,26.22,5244,2,卖盘
1867,11:22:37,26.22,13110,5,卖盘
1868,11:22:40,26.22,49818,19,卖盘
1869,11:22:43,26.22,2622,1,卖盘
1870,11:22:46,26.23,2623,1,买盘
1871,11:22:49,26.22,41953,16,卖盘
1872,11:22:52,26.22,5244,2,卖盘
1873,11:23:01,26.22,26225,10,卖盘
1874,11:23:07,26.23,7869,3,买盘
1875,11:23:10,26.23,7869,3,买盘
1876,11:23:13,26.22,41954,16,卖盘
1877,11:23:16,26.21,264820,101,卖盘
1878,11:23:19,26.21,2621,1,卖盘
1879,11:23:22,26.21,23592,9,卖盘
1880,11:23:28,26.22,2622,1,买盘
1881,11:23:31,26.21,13105,5,卖盘
1882,11:23:37,26.22,2622,1,买盘
1883,11:23:43,26.21,7863,3,卖盘
1884,11:23:46,26.21,23589,9,卖盘
1885,11:23:52,26.21,28831,11,卖盘
1886,11:23:55,26.21,13105,5,卖盘
1887,11:23:58,26.21,2621,1,卖盘
1888,11:24:01,26.21,115324,44,卖盘
1889,11:24:04,26.21,31452,12,卖盘
1890,11:24:07,26.2,23581,9,卖盘
1891,11:24:10,26.21,5242,2,买盘
1892,11:24:13,26.2,36680,14,卖盘
1893,11:24:16,26.2,26203,10,卖盘
1894,11:24:19,26.2,18341,7,卖盘
1895,11:24:22,26.2,20960,8,卖盘
1896,11:24:25,26.2,36678,14,卖盘
1897,11:24:28,26.2,57634,22,买盘
1898,11:24:31,26.2,52400,20,买盘
1899,11:24:37,26.2,28820,11,买盘
1900,11:24:40,26.19,15714,6,卖盘
1901,11:24:43,26.19,68114,26,卖盘
1902,11:24:46,26.2,83840,32,买盘
1903,11:24:49,26.19,89080,34,卖盘
1904,11:24:52,26.19,2619,1,卖盘
1905,11:24:55,26.19,5238,2,卖盘
1906,11:24:58,26.19,36666,14,卖盘
1907,11:25:01,26.19,99522,38,卖盘
1908,11:25:04,26.18,73304,28,卖盘
1909,11:25:07,26.18,20938,8,买盘
1910,11:25:10,26.17,31404,12,卖盘
1911,11:25:13,26.17,26170,10,卖盘
1912,11:25:16,26.17,44495,17,卖盘
1913,11:25:19,26.17,18319,7,卖盘
1914,11:25:22,26.17,36639,14,卖盘
1915,11:25:28,26.17,20936,8,卖盘
1916,11:25:31,26.17,23551,9,卖盘
1917,11:25:34,26.17,47099,18,买盘
1918,11:25:37,26.17,20936,8,买盘
1919,11:25:43,26.16,18312,7,卖盘
1920,11:25:46,26.16,20929,8,卖盘
1921,11:25:49,26.16,18313,7,卖盘
1922,11:25:52,26.16,2616,1,卖盘
1923,11:25:55,26.16,62795,24,卖盘
1924,11:25:58,26.16,26160,10,卖盘
1925,11:26:01,26.16,26160,10,卖盘
1926,11:26:04,26.16,54936,21,卖盘
1927,11:26:07,26.16,57537,22,买盘
1928,11:26:13,26.15,31380,12,卖盘
1929,11:26:16,26.16,20921,8,买盘
1930,11:26:19,26.16,177861,68,买盘
1931,11:26:22,26.17,23553,9,买盘
1932,11:26:25,26.16,13080,5,中性盘
1933,11:26:28,26.15,15692,6,卖盘
1934,11:26:31,26.15,2615,1,卖盘
1935,11:26:40,26.15,49685,19,卖盘
1936,11:26:43,26.15,18305,7,卖盘
1937,11:26:46,26.15,26150,10,卖盘
1938,11:26:49,26.16,2616,1,买盘
1939,11:26:52,26.15,18305,7,卖盘
1940,11:26:55,26.15,18305,7,卖盘
1941,11:26:58,26.16,41842,16,买盘
1942,11:27:01,26.15,44455,17,卖盘
1943,11:27:04,26.15,285035,109,卖盘
1944,11:27:07,26.15,232735,89,卖盘
1945,11:27:10,26.14,20912,8,卖盘
1946,11:27:13,26.13,73184,28,卖盘
1947,11:27:16,26.13,18297,7,卖盘
1948,11:27:19,26.13,15678,6,卖盘
1949,11:27:22,26.13,15678,6,卖盘
1950,11:27:25,26.12,274334,105,卖盘
1951,11:27:28,26.12,67913,26,卖盘
1952,11:27:31,26.1,1292434,495,卖盘
1953,11:27:34,26.12,20890,8,中性盘
1954,11:27:37,26.1,18276,7,卖盘
1955,11:27:40,26.1,36541,14,卖盘
1956,11:27:43,26.1,15660,6,卖盘
1957,11:27:46,26.11,15666,6,中性盘
1958,11:27:49,26.11,148830,57,卖盘
1959,11:27:52,26.11,44387,17,卖盘
1960,11:27:55,26.1,15664,6,卖盘
1961,11:27:58,26.11,18277,7,中性盘
1962,11:28:04,26.11,33943,13,卖盘
1963,11:28:07,26.11,23499,9,卖盘
1964,11:28:10,26.13,837954,321,买盘
1965,11:28:16,26.14,5228,2,买盘
1966,11:28:19,26.13,5226,2,卖盘
1967,11:28:22,26.13,18292,7,卖盘
1968,11:28:25,26.12,10449,4,卖盘
1969,11:28:31,26.12,23508,9,卖盘
1970,11:28:34,26.1,41771,16,卖盘
1971,11:28:37,26.1,5220,2,卖盘
1972,11:28:40,26.09,15657,6,卖盘
1973,11:28:43,26.1,2610,1,卖盘
1974,11:28:46,26.12,20882,8,买盘
1975,11:28:49,26.12,26116,10,买盘
1976,11:28:52,26.1,15660,6,卖盘
1977,11:28:58,26.11,49621,19,卖盘
1978,11:29:01,26.11,5222,2,卖盘
1979,11:29:04,26.12,10445,4,买盘
1980,11:29:07,26.12,10445,4,买盘
1981,11:29:10,26.11,227094,87,卖盘
1982,11:29:13,26.1,7830,3,卖盘
1983,11:29:16,26.1,28710,11,卖盘
1984,11:29:19,26.1,39152,15,买盘
1985,11:29:22,26.1,2610,1,卖盘
1986,11:29:28,26.11,20884,8,买盘
1987,11:29:31,26.11,10444,4,买盘
1988,11:29:34,26.11,13055,5,买盘
1989,11:29:37,26.12,20895,8,买盘
1990,11:29:43,26.13,18291,7,买盘
1991,11:29:46,26.1,49616,19,卖盘
1992,11:29:49,26.12,2612,1,中性盘
1993,11:29:52,26.12,28732,11,卖盘
1994,11:29:55,26.1,78301,30,卖盘
1995,11:29:58,26.11,5222,2,中性盘
1996,13:00:01,26.1,261000,100,卖盘
1997,13:00:04,26.11,23501,9,卖盘
1998,13:00:07,26.1,190605,73,卖盘
1999,13:00:10,26.12,271632,104,买盘
2000,13:00:13,26.1,508993,195,卖盘
2001,13:00:16,26.12,328866,126,买盘
2002,13:00:19,26.13,101906,39,买盘
2003,13:00:22,26.1,595182,228,卖盘
2004,13:00:25,26.1,884790,339,买盘
2005,13:00:28,26.13,23517,9,中性盘
2006,13:00:31,26.12,33968,13,卖盘
2007,13:00:34,26.13,7839,3,买盘
2008,13:00:37,26.13,44421,17,买盘
2009,13:00:40,26.14,559105,214,买盘
2010,13:00:43,26.14,368640,141,卖盘
2011,13:00:46,26.16,44457,17,买盘
2012,13:00:52,26.15,5230,2,卖盘
2013,13:00:55,26.16,149112,57,买盘
2014,13:01:01,26.16,136034,52,卖盘
2015,13:01:04,26.17,167472,64,买盘
2016,13:01:07,26.17,133385,51,中性盘
2017,13:01:13,26.18,54969,21,买盘
2018,13:01:19,26.18,117798,45,买盘
2019,13:01:22,26.19,282757,108,买盘
2020,13:01:25,26.18,505783,193,卖盘
2021,13:01:28,26.18,78546,30,卖盘
2022,13:01:37,26.18,62902,24,卖盘
2023,13:01:40,26.19,73347,28,买盘
2024,13:01:43,26.18,18328,7,卖盘
2025,13:01:46,26.19,13095,5,买盘
2026,13:01:49,26.18,324652,124,卖盘
2027,13:01:55,26.2,5240,2,买盘
2028,13:01:58,26.2,138857,53,买盘
2029,13:02:04,26.2,117861,45,卖盘
2030,13:02:07,26.22,144110,55,买盘
2031,13:02:13,26.2,2620,1,卖盘
2032,13:02:19,26.22,13110,5,买盘
2033,13:02:22,26.2,534467,204,卖盘
2034,13:02:25,26.18,10474,4,卖盘
2035,13:02:28,26.18,65452,25,卖盘
2036,13:02:43,26.17,34029,13,卖盘
2037,13:02:46,26.17,146580,56,卖盘
2038,13:02:49,26.18,31416,12,中性盘
2039,13:02:52,26.18,20937,8,买盘
2040,13:02:55,26.19,26186,10,买盘
2041,13:02:58,26.19,54982,21,买盘
2042,13:03:01,26.17,75903,29,卖盘
2043,13:03:04,26.17,81119,31,买盘
2044,13:03:07,26.17,26162,10,中性盘
2045,13:03:10,26.17,115106,44,中性盘
2046,13:03:13,26.15,130780,50,卖盘
2047,13:03:19,26.16,188280,72,买盘
2048,13:03:22,26.16,10464,4,买盘
2049,13:03:25,26.16,26160,10,买盘
2050,13:03:31,26.16,52320,20,买盘
2051,13:03:37,26.16,23536,9,买盘
2052,13:03:40,26.17,117746,45,买盘
2053,13:03:43,26.17,2617,1,买盘
2054,13:03:46,26.18,102099,39,买盘
2055,13:03:49,26.18,20944,8,买盘
2056,13:03:58,26.17,26176,10,卖盘
2057,13:04:01,26.18,7854,3,买盘
2058,13:04:13,26.18,141414,54,买盘
2059,13:04:19,26.2,10480,4,买盘
2060,13:04:22,26.18,107338,41,卖盘
2061,13:04:25,26.2,26200,10,买盘
2062,13:04:28,26.19,141469,54,买盘
2063,13:04:31,26.19,5238,2,买盘
2064,13:04:34,26.19,10476,4,买盘
2065,13:04:40,26.18,183280,70,卖盘
2066,13:04:43,26.2,170247,65,买盘
2067,13:04:49,26.18,20944,8,卖盘
2068,13:04:52,26.18,86394,33,卖盘
2069,13:04:55,26.18,44506,17,买盘
2070,13:05:01,26.19,165058,63,买盘
2071,13:05:04,26.19,26190,10,卖盘
2072,13:05:10,26.21,36691,14,买盘
2073,13:05:13,26.21,167695,64,买盘
2074,13:05:19,26.19,5238,2,卖盘
2075,13:05:22,26.2,7860,3,买盘
2076,13:05:28,26.19,5238,2,卖盘
2077,13:05:34,26.2,2620,1,买盘
2078,13:05:37,26.19,112619,43,卖盘
2079,13:05:40,26.2,10480,4,买盘
2080,13:05:46,26.19,130950,50,卖盘
2081,13:05:49,26.21,5923827,2261,买盘
2082,13:05:52,26.21,298794,114,买盘
2083,13:05:55,26.21,7863,3,卖盘
2084,13:05:58,26.21,133652,51,卖盘
2085,13:06:01,26.21,57673,22,买盘
2086,13:06:04,26.21,13105,5,卖盘
2087,13:06:16,26.21,28831,11,卖盘
2088,13:06:19,26.22,243762,93,买盘
2089,13:06:28,26.21,2621,1,买盘
2090,13:06:31,26.2,120520,46,卖盘
2091,13:06:34,26.2,23580,9,买盘
2092,13:06:37,26.2,131000,50,买盘
2093,13:06:43,26.21,23582,9,买盘
2094,13:06:49,26.21,23583,9,买盘
2095,13:06:52,26.21,49798,19,买盘
2096,13:06:55,26.21,7862,3,买盘
2097,13:06:58,26.2,44540,17,卖盘
2098,13:07:04,26.21,2621,1,买盘
2099,13:07:07,26.2,20967,8,卖盘
2100,13:07:10,26.21,2621,1,买盘
2101,13:07:13,26.2,5240,2,卖盘
2102,13:07:16,26.19,86457,33,卖盘
2103,13:07:19,26.19,227852,87,卖盘
2104,13:07:22,26.17,314123,120,卖盘
2105,13:07:25,26.19,261866,100,买盘
2106,13:07:31,26.17,379245,145,中性盘
2107,13:07:34,26.16,7848,3,中性盘
2108,13:07:40,26.16,136026,52,卖盘
2109,13:07:43,26.15,156903,60,卖盘
2110,13:07:52,26.16,10464,4,卖盘
2111,13:07:58,26.15,2615,1,卖盘
2112,13:08:04,26.14,449920,172,卖盘
2113,13:08:07,26.15,54926,21,中性盘
2114,13:08:10,26.14,49666,19,卖盘
2115,13:08:13,26.14,115025,44,卖盘
2116,13:08:16,26.14,31366,12,卖盘
2117,13:08:25,26.13,2613,1,卖盘
2118,13:08:28,26.14,2614,1,买盘
2119,13:08:31,26.1,261105,100,卖盘
2120,13:08:34,26.12,114973,44,卖盘
2121,13:08:37,26.14,133314,51,买盘
2122,13:08:46,26.14,2614,1,卖盘
2123,13:08:49,26.14,86256,33,卖盘
2124,13:08:55,26.13,130660,50,卖盘
2125,13:08:58,26.14,78411,30,买盘
2126,13:09:01,26.15,49666,19,买盘
2127,13:09:04,26.14,143740,55,卖盘
2128,13:09:07,26.14,5228,2,卖盘
2129,13:09:10,26.13,138539,53,卖盘
2130,13:09:13,26.13,209040,80,卖盘
2131,13:09:16,26.13,26122,10,中性盘
2132,13:09:19,26.13,7839,3,卖盘
2133,13:09:22,26.13,13065,5,卖盘
2134,13:09:25,26.13,151554,58,买盘
2135,13:09:28,26.14,41824,16,买盘
2136,13:09:31,26.12,2612,1,卖盘
2137,13:09:34,26.13,47039,18,买盘
2138,13:09:37,26.12,276877,106,卖盘
2139,13:09:43,26.12,5224,2,卖盘
2140,13:09:46,26.12,23508,9,卖盘
2141,13:09:58,26.12,54852,21,卖盘
2142,13:10:01,26.12,28732,11,卖盘
2143,13:10:04,26.13,2613,1,买盘
2144,13:10:07,26.13,190749,73,买盘
2145,13:10:10,26.15,352896,135,买盘
2146,13:10:13,26.15,7846,3,卖盘
2147,13:10:16,26.13,104528,40,卖盘
2148,13:10:25,26.16,10461,4,买盘
2149,13:10:31,26.15,2615,1,中性盘
2150,13:10:37,26.15,10460,4,买盘
2151,13:10:43,26.14,33992,13,卖盘
2152,13:10:52,26.15,39222,15,买盘
2153,13:11:04,26.15,78450,30,买盘
2154,13:11:07,26.14,130700,50,卖盘
2155,13:11:13,26.14,7842,3,卖盘
2156,13:11:19,26.15,7843,3,买盘
2157,13:11:22,26.14,2614,1,卖盘
2158,13:11:25,26.14,101946,39,卖盘
2159,13:11:31,26.13,33969,13,卖盘
2160,13:11:34,26.13,297882,114,卖盘
2161,13:11:37,26.13,20904,8,卖盘
2162,13:11:40,26.13,7839,3,买盘
2163,13:11:49,26.13,83616,32,买盘
2164,13:11:52,26.12,23514,9,卖盘
2165,13:11:55,26.12,20896,8,卖盘
2166,13:11:58,26.12,101868,39,卖盘
2167,13:12:04,26.12,112316,43,卖盘
2168,13:12:10,26.13,75749,29,买盘
2169,13:12:13,26.11,138412,53,卖盘
2170,13:12:16,26.13,2613,1,买盘
2171,13:12:19,26.13,10452,4,买盘
2172,13:12:22,26.13,2613,1,买盘
2173,13:12:25,26.13,2613,1,买盘
2174,13:12:28,26.13,2613,1,买盘
2175,13:12:31,26.13,120198,46,买盘
2176,13:12:34,26.13,2613,1,卖盘
2177,13:12:37,26.13,5226,2,卖盘
2178,13:12:40,26.14,2614,1,买盘
2179,13:12:43,26.14,10456,4,买盘
2180,13:12:46,26.15,70594,27,买盘
2181,13:12:55,26.15,2615,1,买盘
2182,13:12:58,26.15,2615,1,买盘
2183,13:13:01,26.14,23527,9,卖盘
2184,13:13:04,26.14,2614,1,卖盘
2185,13:13:07,26.14,7842,3,卖盘
2186,13:13:10,26.15,5229,2,买盘
2187,13:13:13,26.15,115060,44,买盘
2188,13:13:19,26.16,2616,1,买盘
2189,13:13:22,26.14,154267,59,卖盘
2190,13:13:25,26.15,39225,15,卖盘
2191,13:13:28,26.15,10460,4,买盘
2192,13:13:31,26.15,5230,2,买盘
2193,13:13:34,26.14,78420,30,卖盘
2194,13:13:40,26.14,99332,38,卖盘
2195,13:13:43,26.14,7842,3,买盘
2196,13:13:46,26.14,10456,4,买盘
2197,13:13:49,26.14,28754,11,买盘
2198,13:13:52,26.14,70578,27,买盘
2199,13:13:55,26.14,18298,7,卖盘
2200,13:14:04,26.15,7845,3,买盘
2201,13:14:07,26.14,7842,3,卖盘
2202,13:14:13,26.14,57508,22,卖盘
2203,13:14:16,26.14,67964,26,卖盘
2204,13:14:19,26.14,78420,30,卖盘
2205,13:14:22,26.14,10456,4,卖盘
2206,13:14:25,26.13,10452,4,卖盘
2207,13:14:31,26.13,57486,22,卖盘
2208,13:14:34,26.13,94068,36,卖盘
2209,13:14:37,26.13,33969,13,买盘
2210,13:14:40,26.18,1908413,730,买盘
2211,13:14:43,26.18,235610,90,买盘
2212,13:14:46,26.15,298138,114,卖盘
2213,13:14:49,26.14,86277,33,卖盘
2214,13:14:55,26.17,20918,8,买盘
2215,13:15:01,26.17,10465,4,买盘
2216,13:15:04,26.14,26145,10,卖盘
2217,13:15:07,26.18,83751,32,买盘
2218,13:15:10,26.15,10467,4,卖盘
2219,13:15:13,26.14,23529,9,卖盘
2220,13:15:16,26.17,15687,6,买盘
2221,13:15:19,26.15,5230,2,卖盘
2222,13:15:25,26.15,7845,3,卖盘
2223,13:15:31,26.16,15696,6,买盘
2224,13:15:34,26.17,28778,11,买盘
2225,13:15:37,26.17,115144,44,买盘
2226,13:15:40,26.15,7845,3,卖盘
2227,13:15:46,26.15,99381,38,卖盘
2228,13:15:49,26.14,49694,19,卖盘
2229,13:15:55,26.14,7842,3,卖盘
2230,13:15:58,26.15,52300,20,买盘
2231,13:16:01,26.15,5230,2,卖盘
2232,13:16:04,26.18,368964,141,买盘
2233,13:16:07,26.19,5238,2,买盘
2234,13:16:10,26.19,28809,11,买盘
2235,13:16:13,26.18,68068,26,卖盘
2236,13:16:19,26.18,36652,14,买盘
2237,13:16:25,26.18,107338,41,卖盘
2238,13:16:28,26.18,2618,1,卖盘
2239,13:16:34,26.18,31416,12,卖盘
2240,13:16:37,26.18,28808,11,卖盘
2241,13:16:40,26.18,13090,5,卖盘
2242,13:16:46,26.18,251328,96,卖盘
2243,13:16:49,26.18,2618,1,买盘
2244,13:16:55,26.17,319274,122,卖盘
2245,13:16:58,26.18,18326,7,买盘
2246,13:17:01,26.17,31404,12,买盘
2247,13:17:04,26.16,73248,28,卖盘
2248,13:17:10,26.16,125568,48,买盘
2249,13:17:16,26.17,10467,4,买盘
2250,13:17:31,26.16,143930,55,卖盘
2251,13:17:34,26.16,26161,10,卖盘
2252,13:17:37,26.16,20929,8,卖盘
2253,13:17:40,26.16,54937,21,卖盘
2254,13:17:43,26.17,13085,5,买盘
2255,13:17:58,26.16,2616,1,卖盘
2256,13:18:04,26.16,156960,60,卖盘
2257,13:18:07,26.16,7846,3,买盘
2258,13:18:25,26.18,923829,353,买盘
2259,13:18:28,26.19,138805,53,买盘
2260,13:18:31,26.18,7854,3,卖盘
2261,13:18:34,26.19,10476,4,买盘
2262,13:18:37,26.18,5236,2,卖盘
2263,13:18:40,26.19,31428,12,买盘
2264,13:18:43,26.18,2618,1,卖盘
2265,13:18:49,26.18,28799,11,卖盘
2266,13:18:55,26.19,23571,9,买盘
2267,13:19:01,26.19,7857,3,买盘
2268,13:19:07,26.18,18326,7,卖盘
2269,13:19:10,26.19,2619,1,买盘
2270,13:19:16,26.18,70686,27,卖盘
2271,13:19:19,26.18,117810,45,卖盘
2272,13:19:22,26.17,13085,5,卖盘
2273,13:19:25,26.18,5236,2,买盘
2274,13:19:28,26.17,10468,4,卖盘
2275,13:19:31,26.17,120382,46,卖盘
2276,13:19:34,26.17,18319,7,买盘
2277,13:19:37,26.18,26172,10,买盘
2278,13:19:43,26.18,18321,7,买盘
2279,13:19:46,26.18,34022,13,买盘
2280,13:19:49,26.18,149129,57,买盘
2281,13:19:52,26.17,34022,13,中性盘
2282,13:20:01,26.17,60191,23,卖盘
2283,13:20:10,26.17,5234,2,买盘
2284,13:20:13,26.16,13080,5,卖盘
2285,13:20:19,26.17,2617,1,买盘
2286,13:20:28,26.17,5234,2,买盘
2287,13:20:34,26.17,31404,12,买盘
2288,13:20:46,26.16,26160,10,卖盘
2289,13:20:49,26.16,125568,48,卖盘
2290,13:20:52,26.16,28776,11,卖盘
2291,13:21:01,26.16,146496,56,卖盘
2292,13:21:04,26.16,5232,2,卖盘
2293,13:21:07,26.16,39240,15,卖盘
2294,13:21:10,26.17,7851,3,买盘
2295,13:21:16,26.16,10464,4,卖盘
2296,13:21:22,26.17,146552,56,买盘
2297,13:21:25,26.17,28787,11,买盘
2298,13:21:28,26.16,512827,196,卖盘
2299,13:21:31,26.17,54957,21,买盘
2300,13:21:34,26.17,26170,10,卖盘
2301,13:21:40,26.18,73301,28,买盘
2302,13:21:55,26.17,26170,10,卖盘
2303,13:21:58,26.18,23560,9,买盘
2304,13:22:04,26.17,13085,5,卖盘
2305,13:22:07,26.17,15702,6,卖盘
2306,13:22:16,26.17,57579,22,卖盘
2307,13:22:19,26.17,2617,1,卖盘
2308,13:22:22,26.17,2617,1,卖盘
2309,13:22:25,26.17,20936,8,卖盘
2310,13:22:31,26.17,13085,5,卖盘
2311,13:22:34,26.17,2617,1,卖盘
2312,13:22:43,26.18,130900,50,买盘
2313,13:22:46,26.18,15703,6,买盘
2314,13:22:49,26.18,303688,116,买盘
2315,13:22:52,26.18,217294,83,买盘
2316,13:22:55,26.19,5238,2,买盘
2317,13:23:01,26.19,26190,10,买盘
2318,13:23:19,26.2,1034787,395,买盘
2319,13:23:22,26.2,220080,84,买盘
2320,13:23:28,26.2,52400,20,卖盘
2321,13:23:37,26.21,65525,25,买盘
2322,13:23:40,26.2,47173,18,卖盘
2323,13:23:46,26.2,83845,32,卖盘
2324,13:23:52,26.2,68140,26,卖盘
2325,13:23:55,26.21,75995,29,买盘
2326,13:23:58,26.2,26205,10,卖盘
2327,13:24:04,26.2,966716,369,卖盘
2328,13:24:07,26.19,10476,4,买盘
2329,13:24:13,26.19,34045,13,买盘
2330,13:24:16,26.19,52375,20,买盘
2331,13:24:22,26.19,5238,2,买盘
2332,13:24:25,26.19,23571,9,买盘
2333,13:24:28,26.19,7857,3,买盘
2334,13:24:31,26.19,15714,6,买盘
2335,13:24:34,26.19,7857,3,买盘
2336,13:24:37,26.19,26190,10,买盘
2337,13:24:40,26.19,83808,32,买盘
2338,13:24:43,26.19,309042,118,卖盘
2339,13:24:46,26.19,20952,8,卖盘
2340,13:24:49,26.19,55001,21,卖盘
2341,13:24:52,26.19,2619,1,卖盘
2342,13:24:58,26.19,44523,17,卖盘
2343,13:25:10,26.19,235672,90,卖盘
2344,13:25:13,26.19,34047,13,买盘
2345,13:25:16,26.19,28809,11,买盘
2346,13:25:22,26.19,18329,7,买盘
2347,13:25:25,26.19,52380,20,买盘
2348,13:25:28,26.19,159759,61,卖盘
2349,13:25:31,26.19,2619,1,卖盘
2350,13:25:34,26.19,54998,21,卖盘
2351,13:25:37,26.19,7857,3,买盘
2352,13:25:40,26.18,7856,3,卖盘
2353,13:25:43,26.19,36666,14,买盘
2354,13:25:46,26.18,15711,6,卖盘
2355,13:25:49,26.2,23576,9,买盘
2356,13:25:58,26.2,110040,42,买盘
2357,13:26:07,26.19,31428,12,卖盘
2358,13:26:13,26.19,20952,8,卖盘
2359,13:26:16,26.19,552609,211,卖盘
2360,13:26:19,26.19,23571,9,卖盘
2361,13:26:22,26.19,136188,52,卖盘
2362,13:26:25,26.19,657369,251,卖盘
2363,13:26:28,26.18,20950,8,卖盘
2364,13:26:31,26.18,13090,5,卖盘
2365,13:26:34,26.18,23562,9,卖盘
2366,13:26:40,26.18,31416,12,卖盘
2367,13:26:49,26.18,26180,10,卖盘
2368,13:26:55,26.18,924154,353,卖盘
2369,13:27:01,26.17,13085,5,卖盘
2370,13:27:04,26.17,88978,34,卖盘
2371,13:27:13,26.16,70654,27,卖盘
2372,13:27:16,26.17,31407,12,买盘
2373,13:27:22,26.17,2617,1,卖盘
2374,13:27:25,26.17,26171,10,卖盘
2375,13:27:34,26.17,18320,7,卖盘
2376,13:27:37,26.18,191114,73,买盘
2377,13:27:40,26.18,52360,20,买盘
2378,13:27:46,26.18,13090,5,卖盘
2379,13:27:55,26.18,10472,4,卖盘
2380,13:28:19,26.18,13089,5,买盘
2381,13:28:25,26.17,20939,8,卖盘
2382,13:28:28,26.18,15708,6,买盘
2383,13:28:37,26.18,39260,15,买盘
2384,13:28:49,26.18,13090,5,买盘
2385,13:28:58,26.18,23562,9,买盘
2386,13:29:01,26.17,31404,12,卖盘
2387,13:29:07,26.18,47124,18,买盘
2388,13:29:10,26.18,209440,80,买盘
2389,13:29:13,26.19,81189,31,买盘
2390,13:29:16,26.2,298671,114,买盘
2391,13:29:19,26.19,41918,16,卖盘
2392,13:29:22,26.18,133535,51,卖盘
2393,13:29:34,26.19,23573,9,卖盘
2394,13:29:37,26.2,55014,21,买盘
2395,13:29:43,26.18,34037,13,卖盘
2396,13:29:46,26.2,31438,12,买盘
2397,13:29:49,26.18,2618,1,卖盘
2398,13:29:52,26.2,20955,8,买盘
2399,13:29:55,26.19,20950,8,中性盘
2400,13:29:58,26.18,20944,8,卖盘
2401,13:30:04,26.19,20952,8,买盘
2402,13:30:07,26.19,5238,2,买盘
2403,13:30:10,26.19,20952,8,买盘
2404,13:30:22,26.19,123093,47,买盘
2405,13:30:28,26.19,5238,2,卖盘
2406,13:30:31,26.19,20952,8,卖盘
2407,13:30:43,26.19,2619,1,卖盘
2408,13:30:49,26.2,26200,10,买盘
2409,13:31:10,26.19,81189,31,卖盘
2410,13:31:13,26.19,55000,21,卖盘
2411,13:31:28,26.19,109998,42,卖盘
2412,13:31:55,26.19,18333,7,卖盘
2413,13:31:58,26.19,23571,9,卖盘
2414,13:32:07,26.2,361560,138,买盘
2415,13:32:10,26.21,280445,107,买盘
2416,13:32:13,26.21,167744,64,买盘
2417,13:32:19,26.22,194026,74,买盘
2418,13:32:22,26.22,73416,28,买盘
2419,13:32:25,26.22,2622,1,中性盘
2420,13:32:28,26.22,188895,72,买盘
2421,13:32:31,26.22,112710,43,买盘
2422,13:32:34,26.22,31464,12,买盘
2423,13:32:37,26.22,15732,6,买盘
2424,13:32:40,26.22,2622,1,买盘
2425,13:32:43,26.22,10486,4,买盘
2426,13:32:46,26.21,23597,9,卖盘
2427,13:32:49,26.23,44588,17,买盘
2428,13:32:52,26.22,18354,7,买盘
2429,13:32:55,26.21,15726,6,卖盘
2430,13:33:01,26.22,10488,4,买盘
2431,13:33:07,26.22,23598,9,买盘
2432,13:33:13,26.22,5244,2,买盘
2433,13:33:16,26.22,7866,3,买盘
2434,13:33:22,26.21,120586,46,卖盘
2435,13:33:25,26.2,178203,68,卖盘
2436,13:33:28,26.2,41920,16,卖盘
2437,13:33:31,26.21,5241,2,买盘
2438,13:33:37,26.2,39300,15,卖盘
2439,13:33:43,26.21,26210,10,买盘
2440,13:33:46,26.21,15726,6,买盘
2441,13:33:52,26.21,81251,31,买盘
2442,13:34:04,26.2,26200,10,卖盘
2443,13:34:10,26.21,275105,105,买盘
2444,13:34:13,26.2,78620,30,卖盘
2445,13:34:16,26.2,13100,5,卖盘
2446,13:34:19,26.19,183394,70,卖盘
2447,13:34:22,26.19,20952,8,卖盘
2448,13:34:31,26.19,5238,2,卖盘
2449,13:34:58,26.19,154521,59,卖盘
2450,13:35:04,26.19,149283,57,买盘
2451,13:35:07,26.2,5240,2,买盘
2452,13:35:13,26.2,2620,1,买盘
2453,13:35:16,26.2,5240,2,买盘
2454,13:35:19,26.19,128334,49,卖盘
2455,13:35:28,26.19,13095,5,卖盘
2456,13:35:37,26.19,47142,18,买盘
2457,13:35:43,26.2,78590,30,买盘
2458,13:35:46,26.19,2619,1,卖盘
2459,13:35:49,26.19,10476,4,卖盘
2460,13:35:55,26.19,41904,16,卖盘
2461,13:35:58,26.2,5239,2,买盘
2462,13:36:01,26.19,2619,1,卖盘
2463,13:36:04,26.18,26188,10,卖盘
2464,13:36:13,26.19,2619,1,买盘
2465,13:36:16,26.18,44506,17,卖盘
2466,13:36:19,26.19,54998,21,买盘
2467,13:36:22,26.18,26180,10,卖盘
2468,13:36:25,26.18,60214,23,卖盘
2469,13:36:28,26.18,18326,7,卖盘
2470,13:36:34,26.18,130900,50,卖盘
2471,13:36:37,26.18,5236,2,买盘
2472,13:36:40,26.18,44506,17,买盘
2473,13:36:46,26.17,282644,108,卖盘
2474,13:36:52,26.17,115148,44,卖盘
2475,13:36:55,26.17,198892,76,买盘
2476,13:36:58,26.18,28798,11,买盘
2477,13:37:01,26.17,10468,4,卖盘
2478,13:37:16,26.17,13085,5,卖盘
2479,13:37:22,26.17,28787,11,卖盘
2480,13:37:25,26.17,13085,5,卖盘
2481,13:37:31,26.18,15708,6,买盘
2482,13:37:34,26.18,151844,58,买盘
2483,13:37:37,26.18,107342,41,卖盘
2484,13:37:40,26.18,31416,12,买盘
2485,13:37:43,26.18,5236,2,卖盘
2486,13:37:49,26.19,2619,1,买盘
2487,13:37:55,26.19,130950,50,买盘
2488,13:37:58,26.2,81197,31,买盘
2489,13:38:01,26.19,10476,4,中性盘
2490,13:38:04,26.19,13095,5,买盘
2491,13:38:07,26.19,18333,7,卖盘
2492,13:38:10,26.19,39285,15,卖盘
2493,13:38:13,26.19,7857,3,买盘
2494,13:38:16,26.19,18333,7,买盘
2495,13:38:19,26.19,47140,18,卖盘
2496,13:38:31,26.19,10476,4,买盘
2497,13:38:34,26.19,10476,4,买盘
2498,13:38:40,26.18,15708,6,卖盘
2499,13:38:46,26.18,31416,12,卖盘
2500,13:38:49,26.18,26180,10,卖盘
2501,13:38:52,26.18,75922,29,卖盘
2502,13:38:58,26.18,52360,20,卖盘
2503,13:39:01,26.18,57596,22,卖盘
2504,13:39:04,26.17,403112,154,卖盘
2505,13:39:07,26.17,36638,14,卖盘
2506,13:39:10,26.16,60169,23,卖盘
2507,13:39:13,26.16,274673,105,卖盘
2508,13:39:16,26.15,18308,7,卖盘
2509,13:39:19,26.15,7845,3,卖盘
2510,13:39:22,26.15,120290,46,卖盘
2511,13:39:25,26.15,2615,1,卖盘
2512,13:39:31,26.14,31371,12,卖盘
2513,13:39:34,26.14,13070,5,卖盘
2514,13:39:40,26.14,18298,7,卖盘
2515,13:39:43,26.14,177752,68,卖盘
2516,13:39:52,26.13,5226,2,卖盘
2517,13:39:58,26.13,88847,34,卖盘
2518,13:40:01,26.13,7839,3,卖盘
2519,13:40:04,26.13,23517,9,卖盘
2520,13:40:07,26.14,10455,4,买盘
2521,13:40:10,26.14,2614,1,买盘
2522,13:40:13,26.14,177752,68,买盘
2523,13:40:16,26.16,112447,43,买盘
2524,13:40:19,26.16,5232,2,买盘
2525,13:40:22,26.16,54936,21,卖盘
2526,13:40:25,26.15,13075,5,卖盘
2527,13:40:31,26.15,49685,19,卖盘
2528,13:40:34,26.15,7845,3,卖盘
2529,13:40:37,26.15,10460,4,卖盘
2530,13:40:43,26.15,5230,2,买盘
2531,13:40:52,26.14,7842,3,卖盘
2532,13:40:55,26.14,44438,17,卖盘
2533,13:41:07,26.14,13072,5,卖盘
2534,13:41:13,26.15,10460,4,买盘
2535,13:41:16,26.14,7842,3,卖盘
2536,13:41:22,26.15,23532,9,买盘
2537,13:41:28,26.14,141209,54,卖盘
2538,13:41:40,26.15,10460,4,买盘
2539,13:41:43,26.15,2615,1,买盘
2540,13:41:46,26.15,172590,66,买盘
2541,13:41:52,26.15,2615,1,卖盘
2542,13:41:55,26.14,39221,15,卖盘
2543,13:42:07,26.15,342450,131,卖盘
2544,13:42:10,26.16,39233,15,买盘
2545,13:42:16,26.15,39225,15,买盘
2546,13:42:19,26.16,31390,12,买盘
2547,13:42:25,26.16,2616,1,买盘
2548,13:42:31,26.16,7848,3,买盘
2549,13:42:34,26.15,2615,1,卖盘
2550,13:42:37,26.15,2615,1,卖盘
2551,13:42:40,26.15,2615,1,卖盘
2552,13:42:43,26.14,60143,23,卖盘
2553,13:42:46,26.14,41824,16,卖盘
2554,13:42:49,26.14,41824,16,卖盘
2555,13:42:52,26.15,5230,2,买盘
2556,13:42:55,26.14,75811,29,卖盘
2557,13:42:58,26.14,13070,5,买盘
2558,13:43:04,26.13,10453,4,卖盘
2559,13:43:10,26.14,70578,27,买盘
2560,13:43:13,26.14,83655,32,买盘
2561,13:43:19,26.14,5228,2,卖盘
2562,13:43:22,26.15,399854,153,买盘
2563,13:43:25,26.14,10456,4,卖盘
2564,13:43:34,26.14,2614,1,卖盘
2565,13:43:40,26.15,52300,20,买盘
2566,13:43:43,26.14,26140,10,卖盘
2567,13:44:07,26.15,18304,7,买盘
2568,13:44:10,26.14,73192,28,卖盘
2569,13:44:13,26.15,47054,18,买盘
2570,13:44:16,26.14,20912,8,卖盘
2571,13:44:19,26.14,39210,15,卖盘
2572,13:44:22,26.14,91495,35,卖盘
2573,13:44:25,26.14,20912,8,卖盘
2574,13:44:28,26.14,39210,15,卖盘
2575,13:44:31,26.14,18298,7,卖盘
2576,13:44:37,26.15,345180,132,买盘
2577,13:44:40,26.15,5230,2,买盘
2578,13:44:43,26.15,2615,1,买盘
2579,13:44:46,26.14,7844,3,卖盘
2580,13:44:49,26.15,2615,1,买盘
2581,13:44:52,26.15,31376,12,买盘
2582,13:44:55,26.15,248425,95,买盘
2583,13:44:58,26.17,78502,30,买盘
2584,13:45:04,26.17,13085,5,卖盘
2585,13:45:10,26.17,41873,16,卖盘
2586,13:45:13,26.17,26171,10,卖盘
2587,13:45:16,26.18,18320,7,买盘
2588,13:45:19,26.18,31416,12,买盘
2589,13:45:25,26.17,31399,12,中性盘
2590,13:45:28,26.16,133416,51,卖盘
2591,13:45:31,26.16,41856,16,买盘
2592,13:45:37,26.16,86328,33,买盘
2593,13:45:40,26.16,18312,7,卖盘
2594,13:45:43,26.16,20928,8,卖盘
2595,13:45:49,26.15,818541,313,卖盘
2596,13:45:52,26.16,20928,8,中性盘
2597,13:45:55,26.16,31392,12,卖盘
2598,13:46:01,26.16,52320,20,卖盘
2599,13:46:10,26.16,75864,29,买盘
2600,13:46:16,26.16,18312,7,卖盘
2601,13:46:28,26.16,5232,2,卖盘
2602,13:46:31,26.17,2617,1,买盘
2603,13:46:34,26.16,28776,11,卖盘
2604,13:46:37,26.15,235399,90,卖盘
2605,13:46:40,26.17,41866,16,买盘
2606,13:46:43,26.16,5232,2,卖盘
2607,13:46:49,26.16,23544,9,卖盘
2608,13:47:04,26.16,156960,60,卖盘
2609,13:47:07,26.16,75864,29,买盘
2610,13:47:10,26.15,128144,49,卖盘
2611,13:47:16,26.17,115115,44,买盘
2612,13:47:19,26.16,54948,21,买盘
2613,13:47:28,26.16,13080,5,卖盘
2614,13:47:31,26.16,88944,34,卖盘
2615,13:47:34,26.16,34008,13,卖盘
2616,13:47:40,26.17,23547,9,买盘
2617,13:47:49,26.16,2616,1,买盘
2618,13:48:10,26.16,7848,3,买盘
2619,13:48:16,26.15,7846,3,卖盘
2620,13:48:31,26.16,73247,28,买盘
2621,13:48:34,26.16,104640,40,买盘
2622,13:48:37,26.16,238056,91,买盘
2623,13:48:40,26.16,31400,12,卖盘
2624,13:48:43,26.18,130895,50,买盘
2625,13:48:46,26.18,18326,7,卖盘
2626,13:48:49,26.17,109884,42,卖盘
2627,13:48:52,26.17,18316,7,卖盘
2628,13:48:55,26.16,65428,25,卖盘
2629,13:48:58,26.16,28776,11,卖盘
2630,13:49:01,26.16,7848,3,卖盘
2631,13:49:07,26.16,28776,11,卖盘
2632,13:49:16,26.17,7851,3,买盘
2633,13:49:19,26.17,2617,1,买盘
2634,13:49:22,26.16,20928,8,卖盘
2635,13:49:25,26.16,2616,1,卖盘
2636,13:49:28,26.16,7848,3,卖盘
2637,13:49:43,26.16,2616,1,卖盘
2638,13:50:01,26.16,342696,131,卖盘
2639,13:50:04,26.16,28776,11,买盘
2640,13:50:07,26.16,18312,7,买盘
2641,13:50:10,26.16,34008,13,买盘
2642,13:50:13,26.16,36624,14,买盘
2643,13:50:16,26.17,78462,30,买盘
2644,13:50:22,26.17,2617,1,买盘
2645,13:50:25,26.16,2616,1,中性盘
2646,13:50:31,26.15,44457,17,卖盘
2647,13:50:34,26.15,102008,39,卖盘
2648,13:50:37,26.14,475916,182,卖盘
2649,13:50:40,26.14,73192,28,卖盘
2650,13:50:43,26.14,122858,47,卖盘
2651,13:50:46,26.14,75806,29,买盘
2652,13:50:49,26.13,15678,6,卖盘
2653,13:50:52,26.13,13065,5,卖盘
2654,13:50:55,26.13,44421,17,卖盘
2655,13:50:58,26.13,156795,60,卖盘
2656,13:51:01,26.13,107174,41,卖盘
2657,13:51:04,26.13,13065,5,卖盘
2658,13:51:10,26.13,49650,19,卖盘
2659,13:51:16,26.13,31356,12,卖盘
2660,13:51:22,26.14,26140,10,买盘
2661,13:51:28,26.14,39210,15,买盘
2662,13:51:34,26.13,5227,2,卖盘
2663,13:51:37,26.14,41824,16,买盘
2664,13:51:40,26.15,345054,132,买盘
2665,13:51:43,26.15,47070,18,买盘
2666,13:51:46,26.15,13075,5,买盘
2667,13:51:52,26.15,5230,2,买盘
2668,13:51:55,26.15,149055,57,买盘
2669,13:51:58,26.15,13075,5,买盘
2670,13:52:01,26.15,7845,3,买盘
2671,13:52:04,26.15,13075,5,买盘
2672,13:52:07,26.14,18300,7,卖盘
2673,13:52:13,26.15,54915,21,买盘
2674,13:52:22,26.14,13070,5,卖盘
2675,13:52:25,26.14,20912,8,卖盘
2676,13:52:28,26.14,62736,24,卖盘
2677,13:52:31,26.14,75806,29,卖盘
2678,13:52:34,26.14,31368,12,卖盘
2679,13:52:37,26.14,83648,32,卖盘
2680,13:52:40,26.15,112428,43,买盘
2681,13:52:43,26.14,227418,87,买盘
2682,13:52:49,26.14,2614,1,买盘
2683,13:52:55,26.13,104520,40,卖盘
2684,13:52:58,26.13,20904,8,卖盘
2685,13:53:04,26.13,214266,82,卖盘
2686,13:53:07,26.12,227247,87,卖盘
2687,13:53:10,26.12,28732,11,卖盘
2688,13:53:19,26.12,41792,16,卖盘
2689,13:53:25,26.12,70524,27,卖盘
2690,13:53:31,26.13,15678,6,买盘
2691,13:53:37,26.12,41792,16,卖盘
2692,13:53:40,26.13,130650,50,买盘
2693,13:53:43,26.13,214266,82,买盘
2694,13:53:46,26.14,104539,40,买盘
2695,13:53:52,26.14,33971,13,中性盘
2696,13:53:55,26.14,7842,3,买盘
2697,13:53:58,26.14,18298,7,买盘
2698,13:54:01,26.14,2614,1,买盘
2699,13:54:04,26.14,94104,36,买盘
2700,13:54:07,26.14,2614,1,卖盘
2701,13:54:22,26.14,7842,3,卖盘
2702,13:54:31,26.14,2614,1,卖盘
2703,13:54:34,26.14,33982,13,卖盘
2704,13:54:37,26.14,5228,2,卖盘
2705,13:54:43,26.14,2614,1,买盘
2706,13:54:52,26.14,33982,13,买盘
2707,13:54:55,26.14,13070,5,买盘
2708,13:54:58,26.14,2614,1,买盘
2709,13:55:04,26.13,2613,1,卖盘
2710,13:55:22,26.13,5226,2,卖盘
2711,13:55:31,26.13,159418,61,卖盘
2712,13:55:34,26.14,290154,111,买盘
2713,13:55:40,26.14,269336,103,买盘
2714,13:55:43,26.14,169851,65,买盘
2715,13:55:58,26.14,120204,46,买盘
2716,13:56:01,26.13,28753,11,卖盘
2717,13:56:07,26.13,13065,5,卖盘
2718,13:56:10,26.14,457380,175,买盘
2719,13:56:13,26.14,26140,10,卖盘
2720,13:56:16,26.15,5230,2,买盘
2721,13:56:19,26.15,20920,8,买盘
2722,13:56:22,26.15,36610,14,买盘
2723,13:56:25,26.16,1734159,663,买盘
2724,13:56:28,26.16,395016,151,买盘
2725,13:56:46,26.17,83713,32,买盘
2726,13:56:49,26.17,28786,11,买盘
2727,13:56:58,26.16,128184,49,卖盘
2728,13:57:04,26.16,49692,19,买盘
2729,13:57:07,26.16,143880,55,买盘
2730,13:57:10,26.15,41840,16,卖盘
2731,13:57:13,26.15,28765,11,卖盘
2732,13:57:16,26.15,20920,8,卖盘
2733,13:57:25,26.16,13080,5,买盘
2734,13:57:31,26.15,33995,13,卖盘
2735,13:57:34,26.16,10462,4,买盘
2736,13:57:37,26.16,41856,16,买盘
2737,13:57:40,26.15,10462,4,卖盘
2738,13:57:43,26.15,2615,1,卖盘
2739,13:57:52,26.16,2616,1,买盘
2740,13:57:58,26.16,52320,20,买盘
2741,13:58:01,26.15,13075,5,卖盘
2742,13:58:07,26.15,7845,3,卖盘
2743,13:58:10,26.15,47070,18,卖盘
2744,13:58:16,26.15,2615,1,卖盘
2745,13:58:19,26.16,26160,10,买盘
2746,13:58:22,26.16,5232,2,买盘
2747,13:58:25,26.16,68016,26,买盘
2748,13:58:28,26.16,374088,143,买盘
2749,13:58:31,26.16,533664,204,买盘
2750,13:58:34,26.17,761545,291,买盘
2751,13:58:37,26.18,539156,206,买盘
2752,13:58:43,26.18,96883,37,卖盘
2753,13:58:46,26.19,70703,27,买盘
2754,13:58:49,26.18,18326,7,卖盘
2755,13:58:52,26.18,65450,25,卖盘
2756,13:59:01,26.18,274902,105,卖盘
2757,13:59:04,26.16,104662,40,卖盘
2758,13:59:07,26.15,62767,24,卖盘
2759,13:59:10,26.15,67994,26,卖盘
2760,13:59:13,26.15,28765,11,卖盘
2761,13:59:19,26.17,7851,3,买盘
2762,13:59:22,26.15,5230,2,卖盘
2763,13:59:31,26.16,10464,4,卖盘
2764,13:59:37,26.17,10468,4,买盘
2765,13:59:40,26.17,2617,1,买盘
2766,13:59:46,26.16,7850,3,卖盘
2767,13:59:49,26.17,5234,2,买盘
2768,13:59:55,26.17,5234,2,买盘
2769,14:00:01,26.16,13080,5,卖盘
2770,14:00:04,26.18,94213,36,买盘
2771,14:00:07,26.18,2618,1,买盘
2772,14:00:10,26.19,149278,57,买盘
2773,14:00:13,26.2,751677,287,买盘
2774,14:00:16,26.2,427057,163,买盘
2775,14:00:19,26.2,55020,21,买盘
2776,14:00:22,26.2,39300,15,买盘
2777,14:00:25,26.21,120527,46,买盘
2778,14:00:28,26.21,44557,17,买盘
2779,14:00:31,26.21,23589,9,买盘
2780,14:00:34,26.22,57664,22,买盘
2781,14:00:37,26.22,15726,6,买盘
2782,14:00:40,26.2,34078,13,卖盘
2783,14:00:43,26.22,5244,2,买盘
2784,14:00:46,26.22,20976,8,买盘
2785,14:00:52,26.22,2622,1,买盘
2786,14:00:55,26.22,7866,3,买盘
2787,14:00:58,26.21,78630,30,卖盘
2788,14:01:01,26.21,34075,13,卖盘
2789,14:01:04,26.2,78622,30,卖盘
2790,14:01:07,26.2,70740,27,卖盘
2791,14:01:10,26.2,96940,37,卖盘
2792,14:01:13,26.19,162433,62,卖盘
2793,14:01:16,26.2,26200,10,卖盘
2794,14:01:19,26.2,62889,24,卖盘
2795,14:01:22,26.2,7860,3,买盘
2796,14:01:25,26.2,34060,13,买盘
2797,14:01:28,26.2,39300,15,买盘
2798,14:01:31,26.19,227853,87,卖盘
2799,14:01:34,26.19,285471,109,买盘
2800,14:01:37,26.21,39306,15,买盘
2801,14:01:40,26.2,20966,8,卖盘
2802,14:01:43,26.2,34060,13,卖盘
2803,14:01:46,26.2,28820,11,买盘
2804,14:01:49,26.2,57645,22,买盘
2805,14:01:52,26.21,26210,10,买盘
2806,14:01:55,26.21,2621,1,买盘
2807,14:01:58,26.21,31450,12,买盘
2808,14:02:04,26.21,28831,11,卖盘
2809,14:02:07,26.21,2621,1,买盘
2810,14:02:13,26.21,34073,13,买盘
2811,14:02:19,26.21,44557,17,买盘
2812,14:02:25,26.2,15720,6,卖盘
2813,14:02:28,26.2,15721,6,卖盘
2814,14:02:31,26.2,165060,63,卖盘
2815,14:02:34,26.2,26200,10,卖盘
2816,14:02:37,26.2,26200,10,买盘
2817,14:02:43,26.2,7860,3,卖盘
2818,14:02:46,26.2,5240,2,买盘
2819,14:02:49,26.2,2620,1,买盘
2820,14:03:01,26.2,2620,1,买盘
2821,14:03:10,26.2,41915,16,买盘
2822,14:03:13,26.19,7857,3,卖盘
2823,14:03:19,26.2,2620,1,买盘
2824,14:03:22,26.19,364043,139,卖盘
2825,14:03:25,26.2,1026682,392,买盘
2826,14:03:28,26.19,28816,11,卖盘
2827,14:03:34,26.19,96904,37,卖盘
2828,14:03:37,26.21,353701,135,买盘
2829,14:03:46,26.21,13105,5,买盘
2830,14:03:49,26.21,2621,1,买盘
2831,14:03:52,26.22,382724,146,买盘
2832,14:03:55,26.22,20976,8,买盘
2833,14:03:58,26.21,5242,2,中性盘
2834,14:04:01,26.21,7863,3,卖盘
2835,14:04:04,26.2,178186,68,卖盘
2836,14:04:10,26.2,10481,4,卖盘
2837,14:04:13,26.22,62915,24,买盘
2838,14:04:22,26.22,10488,4,买盘
2839,14:04:25,26.22,44565,17,买盘
2840,14:04:28,26.22,5244,2,买盘
2841,14:04:31,26.21,5242,2,卖盘
2842,14:04:37,26.21,2621,1,中性盘
2843,14:04:40,26.22,31460,12,买盘
2844,14:04:43,26.21,15726,6,卖盘
2845,14:04:46,26.21,5242,2,买盘
2846,14:04:49,26.21,2621,1,买盘
2847,14:04:52,26.21,26210,10,买盘
2848,14:04:58,26.21,13106,5,买盘
2849,14:05:01,26.21,34073,13,买盘
2850,14:05:04,26.21,5242,2,中性盘
2851,14:05:19,26.22,104880,40,买盘
2852,14:05:22,26.22,81276,31,买盘
2853,14:05:25,26.22,26220,10,买盘
2854,14:05:28,26.22,26220,10,买盘
2855,14:05:31,26.22,13106,5,买盘
2856,14:05:34,26.22,2622,1,买盘
2857,14:05:40,26.22,18349,7,买盘
2858,14:05:43,26.21,20968,8,卖盘
2859,14:05:46,26.21,10484,4,卖盘
2860,14:05:49,26.21,28831,11,卖盘
2861,14:05:52,26.21,31452,12,卖盘
2862,14:05:55,26.21,18347,7,卖盘
2863,14:05:58,26.21,5242,2,卖盘
2864,14:06:01,26.22,15727,6,买盘
2865,14:06:04,26.22,154688,59,买盘
2866,14:06:07,26.23,102293,39,买盘
2867,14:06:10,26.23,28853,11,买盘
2868,14:06:13,26.23,20984,8,买盘
2869,14:06:16,26.23,94428,36,买盘
2870,14:06:19,26.23,13115,5,买盘
2871,14:06:22,26.23,7869,3,买盘
2872,14:06:25,26.23,39340,15,买盘
2873,14:06:28,26.23,440605,168,买盘
2874,14:06:31,26.23,13112,5,买盘
2875,14:06:34,26.23,7869,3,买盘
2876,14:06:40,26.23,2623,1,买盘
2877,14:06:43,26.23,41968,16,买盘
2878,14:06:46,26.23,73444,28,买盘
2879,14:06:49,26.23,89182,34,买盘
2880,14:06:52,26.23,5246,2,卖盘
2881,14:06:55,26.24,26235,10,买盘
2882,14:06:58,26.24,10494,4,买盘
2883,14:07:01,26.23,31476,12,卖盘
2884,14:07:04,26.24,131200,50,买盘
2885,14:07:07,26.23,1343484,512,卖盘
2886,14:07:10,26.23,110166,42,卖盘
2887,14:07:13,26.23,55083,21,卖盘
2888,14:07:16,26.23,49840,19,卖盘
2889,14:07:19,26.23,175687,67,买盘
2890,14:07:25,26.22,15732,6,买盘
2891,14:07:28,26.23,532454,203,买盘
2892,14:07:31,26.23,2623,1,买盘
2893,14:07:34,26.21,2621,1,卖盘
2894,14:07:37,26.21,508856,194,卖盘
2895,14:07:43,26.22,52440,20,买盘
2896,14:07:49,26.21,104872,40,卖盘
2897,14:07:52,26.22,13110,5,买盘
2898,14:07:55,26.21,13105,5,卖盘
2899,14:08:04,26.21,23589,9,卖盘
2900,14:08:07,26.21,20975,8,卖盘
2901,14:08:10,26.22,941294,359,买盘
2902,14:08:13,26.21,104859,40,卖盘
2903,14:08:16,26.21,55064,21,卖盘
2904,14:08:19,26.21,28834,11,卖盘
2905,14:08:22,26.22,104896,40,买盘
2906,14:08:25,26.23,23591,9,中性盘
2907,14:08:28,26.23,10492,4,买盘
2908,14:08:31,26.22,23598,9,买盘
2909,14:08:34,26.22,36701,14,买盘
2910,14:08:37,26.21,18347,7,卖盘
2911,14:08:40,26.21,41936,16,卖盘
2912,14:08:43,26.21,15726,6,卖盘
2913,14:08:46,26.21,20968,8,卖盘
2914,14:08:49,26.22,26216,10,买盘
2915,14:08:52,26.21,13105,5,卖盘
2916,14:08:55,26.21,36701,14,卖盘
2917,14:08:58,26.21,204438,78,卖盘
2918,14:09:01,26.2,20960,8,卖盘
2919,14:09:04,26.21,68134,26,买盘
2920,14:09:07,26.22,220175,84,买盘
2921,14:09:10,26.2,20960,8,卖盘
2922,14:09:13,26.2,13100,5,卖盘
2923,14:09:16,26.2,28820,11,卖盘
2924,14:09:19,26.21,36682,14,买盘
2925,14:09:22,26.21,157207,60,买盘
2926,14:09:25,26.2,36680,14,卖盘
2927,14:09:28,26.2,36680,14,卖盘
2928,14:09:31,26.2,18340,7,卖盘
2929,14:09:34,26.2,70741,27,卖盘
2930,14:09:37,26.2,68127,26,卖盘
2931,14:09:40,26.2,167680,64,卖盘
2932,14:09:43,26.2,141494,54,卖盘
2933,14:09:46,26.2,5240,2,买盘
2934,14:09:49,26.19,28809,11,卖盘
2935,14:09:52,26.18,96909,37,卖盘
2936,14:09:55,26.18,34034,13,卖盘
2937,14:09:58,26.18,31416,12,卖盘
2938,14:10:01,26.18,28798,11,卖盘
2939,14:10:04,26.18,18326,7,卖盘
2940,14:10:07,26.19,39279,15,买盘
2941,14:10:10,26.19,31421,12,买盘
2942,14:10:13,26.19,70706,27,买盘
2943,14:10:16,26.19,188568,72,买盘
2944,14:10:19,26.19,130950,50,卖盘
2945,14:10:22,26.2,18340,7,买盘
2946,14:10:25,26.19,180713,69,卖盘
2947,14:10:28,26.18,52389,20,卖盘
2948,14:10:31,26.2,316977,121,买盘
2949,14:10:34,26.2,162440,62,卖盘
2950,14:10:37,26.2,86460,33,卖盘
2951,14:10:40,26.18,159806,61,卖盘
2952,14:10:46,26.19,26190,10,买盘
2953,14:10:49,26.19,44515,17,买盘
2954,14:10:52,26.18,39270,15,卖盘
2955,14:10:55,26.18,41896,16,卖盘
2956,14:10:58,26.18,15708,6,卖盘
2957,14:11:01,26.18,39270,15,卖盘
2958,14:11:04,26.18,15708,6,卖盘
2959,14:11:07,26.18,15708,6,卖盘
2960,14:11:10,26.18,57596,22,卖盘
2961,14:11:13,26.18,47124,18,卖盘
2962,14:11:16,26.18,44506,17,卖盘
2963,14:11:19,26.18,15708,6,卖盘
2964,14:11:22,26.17,49728,19,卖盘
2965,14:11:25,26.17,20936,8,卖盘
2966,14:11:28,26.19,39273,15,买盘
2967,14:11:31,26.17,54957,21,卖盘
2968,14:11:34,26.17,18319,7,卖盘
2969,14:11:37,26.17,34021,13,卖盘
2970,14:11:40,26.17,28787,11,卖盘
2971,14:11:43,26.17,15702,6,卖盘
2972,14:11:46,26.17,34021,13,卖盘
2973,14:11:49,26.16,73261,28,卖盘
2974,14:11:52,26.17,39242,15,买盘
2975,14:11:55,26.16,15696,6,卖盘
2976,14:11:58,26.16,39243,15,卖盘
2977,14:12:01,26.16,31392,12,卖盘
2978,14:12:04,26.17,104650,40,买盘
2979,14:12:07,26.16,136034,52,卖盘
2980,14:12:10,26.16,26160,10,卖盘
2981,14:12:13,26.16,34008,13,卖盘
2982,14:12:16,26.15,70626,27,卖盘
2983,14:12:19,26.15,49694,19,卖盘
2984,14:12:22,26.16,120330,46,买盘
2985,14:12:31,26.15,31380,12,卖盘
2986,14:12:34,26.15,62773,24,卖盘
2987,14:12:37,26.15,31380,12,卖盘
2988,14:12:40,26.15,15690,6,卖盘
2989,14:12:43,26.15,162130,62,卖盘
2990,14:12:46,26.15,18305,7,卖盘
2991,14:12:49,26.15,49685,19,卖盘
2992,14:12:52,26.15,88915,34,卖盘
2993,14:12:55,26.15,23535,9,卖盘
2994,14:12:58,26.15,52300,20,卖盘
2995,14:13:01,26.15,33996,13,卖盘
2996,14:13:04,26.15,44455,17,卖盘
2997,14:13:07,26.15,31376,12,卖盘
2998,14:13:10,26.15,18305,7,卖盘
2999,14:13:13,26.15,70605,27,卖盘
3000,14:13:16,26.15,75835,29,卖盘
3001,14:13:19,26.15,44455,17,卖盘
3002,14:13:22,26.15,28765,11,卖盘
3003,14:13:25,26.15,47073,18,卖盘
3004,14:13:28,26.15,28765,11,卖盘
3005,14:13:31,26.15,214431,82,卖盘
3006,14:13:34,26.15,36610,14,卖盘
3007,14:13:37,26.15,18305,7,卖盘
3008,14:13:40,26.15,65375,25,卖盘
3009,14:13:43,26.15,41845,16,卖盘
3010,14:13:46,26.15,39225,15,卖盘
3011,14:13:49,26.15,33995,13,卖盘
3012,14:13:52,26.15,44462,17,卖盘
3013,14:13:55,26.15,15690,6,卖盘
3014,14:13:58,26.15,33997,13,卖盘
3015,14:14:01,26.15,31380,12,卖盘
3016,14:14:04,26.15,196125,75,卖盘
3017,14:14:07,26.15,39227,15,卖盘
3018,14:14:10,26.15,20920,8,卖盘
3019,14:14:13,26.15,26150,10,卖盘
3020,14:14:16,26.15,33995,13,卖盘
3021,14:14:19,26.15,18305,7,卖盘
3022,14:14:22,26.15,33995,13,卖盘
3023,14:14:25,26.16,54929,21,买盘
3024,14:14:31,26.16,81090,31,买盘
3025,14:14:34,26.17,465548,178,买盘
3026,14:14:37,26.17,91583,35,买盘
3027,14:14:40,26.17,146552,56,买盘
3028,14:14:43,26.18,170109,65,买盘
3029,14:14:46,26.18,212058,81,买盘
3030,14:14:52,26.2,62875,24,买盘
3031,14:14:58,26.2,31440,12,买盘
3032,14:15:01,26.2,2620,1,买盘
3033,14:15:07,26.2,34060,13,买盘
3034,14:15:10,26.2,175540,67,买盘
3035,14:15:13,26.2,7860,3,卖盘
3036,14:15:16,26.2,26203,10,中性盘
3037,14:15:19,26.21,65520,25,买盘
3038,14:15:22,26.2,5240,2,卖盘
3039,14:15:28,26.2,7860,3,卖盘
3040,14:15:31,26.2,2620,1,卖盘
3041,14:15:34,26.2,20961,8,卖盘
3042,14:15:37,26.2,91700,35,卖盘
3043,14:15:43,26.2,15720,6,买盘
3044,14:15:46,26.2,5240,2,买盘
3045,14:15:49,26.21,568543,217,买盘
3046,14:15:55,26.21,10484,4,买盘
3047,14:16:07,26.21,23589,9,买盘
3048,14:16:13,26.21,57660,22,买盘
3049,14:16:16,26.2,5240,2,卖盘
3050,14:16:19,26.2,372070,142,卖盘
3051,14:16:22,26.2,13100,5,卖盘
3052,14:16:28,26.19,81239,31,卖盘
3053,14:16:31,26.19,31446,12,卖盘
3054,14:16:34,26.19,2619,1,卖盘
3055,14:16:37,26.21,26209,10,买盘
3056,14:16:40,26.2,18340,7,卖盘
3057,14:16:49,26.2,2620,1,卖盘
3058,14:16:52,26.2,2620,1,卖盘
3059,14:16:55,26.21,49795,19,买盘
3060,14:17:04,26.2,28820,11,卖盘
3061,14:17:07,26.21,10484,4,买盘
3062,14:17:10,26.2,28820,11,卖盘
3063,14:17:13,26.2,39300,15,卖盘
3064,14:17:16,26.2,57640,22,卖盘
3065,14:17:22,26.2,81220,31,卖盘
3066,14:17:28,26.2,39296,15,买盘
3067,14:17:31,26.19,5238,2,卖盘
3068,14:17:34,26.2,204360,78,买盘
3069,14:17:37,26.21,49799,19,买盘
3070,14:17:40,26.21,83872,32,买盘
3071,14:17:43,26.21,13105,5,买盘
3072,14:17:46,26.21,526630,201,买盘
3073,14:17:49,26.21,62904,24,买盘
3074,14:17:52,26.21,110088,42,买盘
3075,14:17:55,26.21,26210,10,卖盘
3076,14:18:01,26.2,359076,137,卖盘
3077,14:18:04,26.21,34073,13,买盘
3078,14:18:07,26.2,44552,17,卖盘
3079,14:18:13,26.2,13100,5,卖盘
3080,14:18:19,26.2,13100,5,卖盘
3081,14:18:22,26.21,5241,2,买盘
3082,14:18:25,26.2,144102,55,卖盘
3083,14:18:28,26.21,26210,10,买盘
3084,14:18:31,26.2,13100,5,卖盘
3085,14:18:37,26.2,91700,35,卖盘
3086,14:18:43,26.2,96963,37,卖盘
3087,14:18:46,26.2,39300,15,卖盘
3088,14:18:49,26.2,13100,5,卖盘
3089,14:18:55,26.2,65500,25,卖盘
3090,14:19:01,26.2,49787,19,卖盘
3091,14:19:07,26.2,13100,5,卖盘
3092,14:19:10,26.21,34073,13,买盘
3093,14:19:13,26.21,10484,4,买盘
3094,14:19:16,26.21,133666,51,买盘
3095,14:19:19,26.21,49799,19,买盘
3096,14:19:25,26.21,57662,22,卖盘
3097,14:19:31,26.22,18354,7,买盘
3098,14:19:34,26.21,18349,7,卖盘
3099,14:19:40,26.21,13105,5,卖盘
3100,14:19:49,26.21,10484,4,卖盘
3101,14:19:55,26.21,10484,4,卖盘
3102,14:20:01,26.21,28832,11,卖盘
3103,14:20:04,26.21,5242,2,卖盘
3104,14:20:07,26.21,20968,8,卖盘
3105,14:20:13,26.21,41936,16,卖盘
3106,14:20:19,26.22,15727,6,买盘
3107,14:20:22,26.21,18347,7,卖盘
3108,14:20:25,26.21,55041,21,卖盘
3109,14:20:28,26.21,251616,96,卖盘
3110,14:20:31,26.21,89117,34,买盘
3111,14:20:37,26.22,18349,7,买盘
3112,14:20:43,26.22,31459,12,买盘
3113,14:20:49,26.22,26215,10,买盘
3114,14:20:52,26.22,20976,8,买盘
3115,14:20:55,26.22,13110,5,买盘
3116,14:20:58,26.21,15726,6,卖盘
3117,14:21:04,26.22,5244,2,买盘
3118,14:21:07,26.21,13105,5,卖盘
3119,14:21:13,26.21,39318,15,卖盘
3120,14:21:19,26.22,49814,19,买盘
3121,14:21:22,26.21,254237,97,卖盘
3122,14:21:25,26.21,36694,14,买盘
3123,14:21:28,26.21,44553,17,买盘
3124,14:21:31,26.2,65517,25,卖盘
3125,14:21:34,26.21,49787,19,买盘
3126,14:21:37,26.2,44552,17,卖盘
3127,14:21:43,26.2,10480,4,卖盘
3128,14:21:49,26.21,165118,63,买盘
3129,14:21:52,26.2,39300,15,卖盘
3130,14:21:55,26.21,44557,17,买盘
3131,14:22:01,26.2,28820,11,卖盘
3132,14:22:04,26.21,7862,3,买盘
3133,14:22:07,26.2,20963,8,卖盘
3134,14:22:10,26.21,5242,2,买盘
3135,14:22:16,26.21,44552,17,买盘
3136,14:22:19,26.2,15724,6,卖盘
3137,14:22:22,26.2,18343,7,卖盘
3138,14:22:25,26.21,10484,4,买盘
3139,14:22:28,26.2,13100,5,卖盘
3140,14:22:34,26.2,15721,6,卖盘
3141,14:22:40,26.2,13100,5,卖盘
3142,14:22:43,26.2,20960,8,卖盘
3143,14:22:46,26.21,2621,1,买盘
3144,14:22:49,26.21,81248,31,买盘
3145,14:22:52,26.21,191378,73,买盘
3146,14:22:55,26.21,52432,20,买盘
3147,14:22:58,26.21,91759,35,卖盘
3148,14:23:01,26.21,97009,37,卖盘
3149,14:23:04,26.22,146832,56,买盘
3150,14:23:07,26.23,377712,144,买盘
3151,14:23:10,26.24,480192,183,买盘
3152,14:23:13,26.25,81361,31,买盘
3153,14:23:16,26.25,44625,17,买盘
3154,14:23:19,26.25,28875,11,买盘
3155,14:23:22,26.25,383250,146,买盘
3156,14:23:25,26.25,866283,330,买盘
3157,14:23:28,26.26,105040,40,买盘
3158,14:23:31,26.25,52505,20,卖盘
3159,14:23:34,26.25,120773,46,卖盘
3160,14:23:40,26.25,175883,67,卖盘
3161,14:23:43,26.25,325512,124,卖盘
3162,14:23:46,26.26,10504,4,买盘
3163,14:23:49,26.26,105034,40,买盘
3164,14:23:52,26.25,31500,12,卖盘
3165,14:23:55,26.24,20992,8,卖盘
3166,14:24:01,26.24,13120,5,卖盘
3167,14:24:07,26.24,13120,5,卖盘
3168,14:24:10,26.25,21000,8,买盘
3169,14:24:13,26.24,41989,16,卖盘
3170,14:24:16,26.24,34114,13,卖盘
3171,14:24:19,26.25,593250,226,买盘
3172,14:24:22,26.26,354510,135,买盘
3173,14:24:25,26.26,73528,28,买盘
3174,14:24:28,26.26,181194,69,买盘
3175,14:24:31,26.26,210080,80,买盘
