,成交时间,成交价格,成交金额,成交量,性质
0,09:25:02,25.8,2956680,1146,卖盘
1,09:30:02,25.79,183075,71,卖盘
2,09:30:05,25.78,2974418,1155,中性盘
3,09:30:08,25.77,185544,72,卖盘
4,09:30:11,25.75,182862,71,卖盘
5,09:30:14,25.77,646388,251,买盘
6,09:30:17,25.73,757669,294,卖盘
7,09:30:20,25.75,581751,226,买盘
8,09:30:23,25.76,208655,81,卖盘
9,09:30:26,25.75,502069,195,中性盘
10,09:30:29,25.77,414729,161,买盘
11,09:30:32,25.76,358108,139,卖盘
12,09:30:35,25.76,628527,244,买盘
13,09:30:38,25.75,1212291,471,卖盘
14,09:30:41,25.76,381183,148,买盘
15,09:30:44,25.78,260119,101,买盘
16,09:30:47,25.79,162418,63,买盘
17,09:30:50,25.77,286236,111,卖盘
18,09:30:53,25.79,415219,161,买盘
19,09:30:56,25.78,606162,235,卖盘
20,09:30:59,25.79,536343,208,买盘
21,09:31:02,25.82,518476,201,买盘
22,09:31:05,25.83,157603,61,买盘
23,09:31:08,25.84,67198,26,中性盘
24,09:31:11,25.83,245498,95,卖盘
25,09:31:14,25.9,206987,80,买盘
26,09:31:17,25.85,137116,53,中性盘
27,09:31:20,25.87,302834,117,中性盘
28,09:31:23,25.88,222552,86,中性盘
29,09:31:26,25.91,282178,109,买盘
30,09:31:29,25.94,103668,40,买盘
31,09:31:32,25.9,277437,107,卖盘
32,09:31:35,25.93,38904,15,中性盘
33,09:31:38,25.93,82983,32,买盘
34,09:31:41,25.97,980934,378,买盘
35,09:31:44,25.98,485639,187,买盘
36,09:31:47,26.0,496550,191,买盘
37,09:31:50,26.0,205480,79,卖盘
38,09:31:53,26.04,1264999,486,买盘
39,09:31:56,26.07,5107628,1963,买盘
40,09:31:59,26.11,993863,381,买盘
41,09:32:02,26.13,1318935,505,买盘
42,09:32:05,26.13,773886,296,中性盘
43,09:32:08,26.15,1679204,642,买盘
44,09:32:11,26.21,1385665,529,买盘
45,09:32:14,26.17,1344423,513,卖盘
46,09:32:17,26.16,1026006,392,卖盘
47,09:32:20,26.15,2346954,897,卖盘
48,09:32:23,26.17,3891298,1488,买盘
49,09:32:26,26.18,748696,286,中性盘
50,09:32:29,26.17,410797,157,卖盘
51,09:32:32,26.16,619769,237,卖盘
52,09:32:35,26.2,1307137,499,买盘
53,09:32:38,26.18,534294,204,卖盘
54,09:32:41,26.18,91611,35,买盘
55,09:32:44,26.14,593990,227,卖盘
56,09:32:47,26.12,836203,320,卖盘
57,09:32:50,26.1,579541,222,卖盘
58,09:32:53,26.1,240183,92,买盘
59,09:32:56,26.1,271484,104,中性盘
60,09:32:59,26.11,237683,91,中性盘
61,09:33:02,26.15,407361,156,买盘
62,09:33:05,26.14,595419,228,中性盘
63,09:33:08,26.18,1121558,429,买盘
64,09:33:11,26.16,607029,232,卖盘
65,09:33:14,26.15,1253479,479,卖盘
66,09:33:17,26.14,295316,113,卖盘
67,09:33:20,26.1,101853,39,卖盘
68,09:33:23,26.13,329078,126,买盘
69,09:33:26,26.12,253393,97,卖盘
70,09:33:29,26.12,49603,19,买盘
71,09:33:32,26.1,616040,236,卖盘
72,09:33:35,26.1,443707,170,买盘
73,09:33:38,26.09,234851,90,卖盘
74,09:33:41,26.07,404360,155,卖盘
75,09:33:44,26.09,41731,16,买盘
76,09:33:47,26.07,435556,167,卖盘
77,09:33:50,26.05,391002,150,卖盘
78,09:33:53,26.06,44294,17,中性盘
79,09:33:56,26.07,117243,45,买盘
80,09:33:59,26.07,726887,279,买盘
81,09:34:02,26.06,578559,222,中性盘
82,09:34:05,26.06,328235,126,买盘
83,09:34:08,26.05,635551,244,中性盘
84,09:34:11,26.03,419027,161,卖盘
85,09:34:14,26.03,177002,68,买盘
86,09:34:17,26.01,200354,77,卖盘
87,09:34:20,26.02,1383138,532,买盘
88,09:34:23,26.01,371915,143,中性盘
89,09:34:26,26.01,83222,32,买盘
90,09:34:29,26.01,351181,135,买盘
91,09:34:32,26.03,1136430,437,买盘
92,09:34:35,26.02,306927,118,中性盘
93,09:34:38,26.0,210656,81,卖盘
94,09:34:41,26.0,663041,255,买盘
95,09:34:44,26.01,104038,40,买盘
96,09:34:47,25.99,790658,304,卖盘
97,09:34:50,26.04,205700,79,买盘
98,09:34:53,26.03,20824,8,卖盘
99,09:34:56,26.04,239484,92,买盘
100,09:34:59,26.04,1132784,435,买盘
101,09:35:02,25.98,2129440,818,卖盘
102,09:35:05,26.07,104178,40,买盘
103,09:35:08,26.06,166811,64,中性盘
104,09:35:11,26.06,271024,104,卖盘
105,09:35:14,26.04,192748,74,卖盘
106,09:35:17,26.05,59904,23,买盘
107,09:35:20,26.02,801816,308,卖盘
108,09:35:23,26.04,85905,33,买盘
109,09:35:26,26.02,145778,56,卖盘
110,09:35:29,26.03,23425,9,买盘
111,09:35:32,26.02,20821,8,卖盘
112,09:35:35,26.02,296632,114,卖盘
113,09:35:38,26.03,114499,44,买盘
114,09:35:41,26.02,20819,8,卖盘
115,09:35:44,26.03,132749,51,买盘
116,09:35:47,26.02,278471,107,卖盘
117,09:35:50,26.03,127531,49,买盘
118,09:35:53,26.02,135336,52,卖盘
119,09:35:56,26.02,434521,167,卖盘
120,09:35:59,26.03,301836,116,买盘
121,09:36:02,26.02,143126,55,卖盘
122,09:36:05,26.03,338405,130,买盘
123,09:36:08,26.04,424295,163,买盘
124,09:36:11,26.04,361827,139,买盘
125,09:36:14,26.04,335933,129,买盘
126,09:36:17,26.06,62515,24,买盘
127,09:36:20,26.06,497782,191,买盘
128,09:36:23,26.07,117275,45,买盘
129,09:36:26,26.06,101657,39,卖盘
130,09:36:29,26.08,185083,71,买盘
131,09:36:32,26.06,489929,188,卖盘
132,09:36:35,26.06,271057,104,买盘
133,09:36:38,26.06,96406,37,买盘
134,09:36:41,26.06,67756,26,买盘
135,09:36:44,26.06,461453,177,买盘
136,09:36:47,26.06,49542,19,卖盘
137,09:36:50,26.06,195450,75,卖盘
138,09:36:53,26.06,112064,43,卖盘
139,09:36:56,26.07,15642,6,买盘
140,09:36:59,26.06,419568,161,卖盘
141,09:37:02,26.03,937286,360,卖盘
142,09:37:05,26.03,101496,39,买盘
143,09:37:08,26.04,171719,66,买盘
144,09:37:11,26.01,5203,2,卖盘
145,09:37:14,26.01,96237,37,卖盘
146,09:37:17,25.99,1120456,431,卖盘
147,09:37:20,25.98,67588,26,卖盘
148,09:37:23,26.01,330154,127,买盘
149,09:37:26,26.0,7800,3,中性盘
150,09:37:29,25.98,480914,185,卖盘
151,09:37:32,25.99,83161,32,中性盘
152,09:37:35,25.95,651864,251,卖盘
153,09:37:38,26.0,283247,109,买盘
154,09:37:41,26.0,239171,92,买盘
155,09:37:44,26.03,2291385,881,买盘
156,09:37:47,26.01,970040,373,卖盘
157,09:37:50,26.03,166587,64,买盘
158,09:37:53,26.02,54651,21,卖盘
159,09:37:56,26.01,255029,98,卖盘
160,09:37:59,26.03,582983,224,买盘
161,09:38:02,26.03,632093,243,买盘
162,09:38:05,26.03,124927,48,买盘
163,09:38:08,26.03,387873,149,卖盘
164,09:38:11,26.01,288898,111,卖盘
165,09:38:14,26.02,91074,35,卖盘
166,09:38:17,26.02,130060,50,买盘
167,09:38:20,26.01,31216,12,卖盘
168,09:38:23,26.02,163910,63,买盘
169,09:38:26,26.02,192478,74,买盘
170,09:38:29,26.02,252394,97,买盘
171,09:38:32,26.02,179529,69,买盘
172,09:38:35,26.02,262859,101,卖盘
173,09:38:38,26.04,330649,127,买盘
174,09:38:41,26.05,88534,34,买盘
175,09:38:44,26.06,440182,169,买盘
176,09:38:47,26.06,231849,89,买盘
177,09:38:50,26.06,65150,25,买盘
178,09:38:53,26.06,49516,19,卖盘
179,09:38:56,26.06,41700,16,卖盘
180,09:38:59,26.07,164224,63,买盘
181,09:39:02,26.09,172102,66,买盘
182,09:39:05,26.08,164401,63,卖盘
183,09:39:08,26.08,78285,30,卖盘
184,09:39:11,26.08,59984,23,卖盘
185,09:39:14,26.09,99125,38,买盘
186,09:39:17,26.09,36524,14,中性盘
187,09:39:20,26.1,83517,32,买盘
188,09:39:23,26.1,313204,120,买盘
189,09:39:26,26.11,154042,59,买盘
190,09:39:29,26.12,154011,59,买盘
191,09:39:32,26.12,39178,15,买盘
192,09:39:35,26.12,133210,51,买盘
193,09:39:38,26.1,342080,131,卖盘
194,09:39:41,26.09,122679,47,卖盘
195,09:39:44,26.11,172312,66,买盘
196,09:39:47,26.1,605216,232,买盘
197,09:39:50,26.1,130457,50,买盘
198,09:39:53,26.1,28706,11,买盘
199,09:39:56,26.09,65242,25,卖盘
200,09:39:59,26.1,96552,37,买盘
201,09:40:02,26.09,310591,119,卖盘
202,09:40:05,26.06,737984,283,卖盘
203,09:40:08,26.07,52150,20,买盘
204,09:40:11,26.07,41712,16,卖盘
205,09:40:14,26.11,1200566,460,买盘
206,09:40:17,26.09,981016,376,卖盘
207,09:40:20,26.1,91418,35,中性盘
208,09:40:23,26.1,172265,66,卖盘
209,09:40:26,26.1,44380,17,中性盘
210,09:40:29,26.1,1418474,543,买盘
211,09:40:32,26.12,224529,86,中性盘
212,09:40:35,26.11,323723,124,中性盘
213,09:40:38,26.11,240202,92,卖盘
214,09:40:41,26.13,728759,279,中性盘
215,09:40:44,26.13,287432,110,买盘
216,09:40:47,26.12,203771,78,卖盘
217,09:40:50,26.12,699964,268,卖盘
218,09:40:53,26.12,33950,13,买盘
219,09:40:56,26.13,349967,134,买盘
220,09:40:59,26.12,120151,46,卖盘
221,09:41:02,26.1,590144,226,卖盘
222,09:41:05,26.07,814101,312,卖盘
223,09:41:08,26.07,169455,65,卖盘
224,09:41:11,26.06,140734,54,卖盘
225,09:41:14,26.06,211143,81,卖盘
226,09:41:17,26.07,65162,25,中性盘
227,09:41:20,26.07,41712,16,买盘
228,09:41:23,26.08,185106,71,买盘
229,09:41:26,26.07,28678,11,卖盘
230,09:41:29,26.12,853535,327,买盘
231,09:41:32,26.08,15652,6,卖盘
232,09:41:35,26.07,357129,137,卖盘
233,09:41:38,26.07,364948,140,买盘
234,09:41:41,26.06,91231,35,卖盘
235,09:41:44,26.06,70362,27,买盘
236,09:41:47,26.06,422094,162,买盘
237,09:41:50,26.04,179762,69,卖盘
238,09:41:53,26.04,98973,38,卖盘
239,09:41:56,26.08,768226,295,买盘
240,09:41:59,26.06,125090,48,中性盘
241,09:42:02,26.06,86014,33,卖盘
242,09:42:05,26.09,179829,69,买盘
243,09:42:08,26.1,28670,11,买盘
244,09:42:11,26.05,234739,90,卖盘
245,09:42:14,26.05,20844,8,卖盘
246,09:42:17,26.05,182355,70,卖盘
247,09:42:20,26.05,28665,11,卖盘
248,09:42:23,26.04,596751,229,卖盘
249,09:42:26,26.04,96353,37,卖盘
250,09:42:29,26.05,31262,12,买盘
251,09:42:32,26.04,106791,41,卖盘
252,09:42:35,26.04,247389,95,卖盘
253,09:42:38,26.05,130235,50,中性盘
254,09:42:41,26.05,1654788,635,卖盘
255,09:42:44,26.06,7818,3,买盘
256,09:42:47,26.05,739959,284,卖盘
257,09:42:50,26.05,666898,256,买盘
258,09:42:53,26.06,307500,118,买盘
259,09:42:56,26.06,1118005,429,买盘
260,09:42:59,26.08,39122,15,买盘
261,09:43:02,26.08,497770,191,买盘
262,09:43:05,26.07,5214,2,中性盘
263,09:43:08,26.06,177142,68,中性盘
264,09:43:11,26.06,15632,6,买盘
265,09:43:14,26.06,39080,15,买盘
266,09:43:17,26.07,455964,175,买盘
267,09:43:20,26.11,151355,58,买盘
268,09:43:23,26.09,511133,196,卖盘
269,09:43:26,26.11,101761,39,买盘
270,09:43:29,26.1,5220,2,中性盘
271,09:43:32,26.09,20877,8,卖盘
272,09:43:35,26.09,221868,85,卖盘
273,09:43:38,26.11,125286,48,买盘
274,09:43:41,26.11,522579,200,买盘
275,09:43:44,26.12,80955,31,买盘
276,09:43:47,26.11,193272,74,卖盘
277,09:43:50,26.11,44409,17,卖盘
278,09:43:53,26.11,78356,30,卖盘
279,09:43:56,26.15,122834,47,买盘
280,09:43:59,26.11,1076042,412,卖盘
281,09:44:02,26.11,188077,72,卖盘
282,09:44:05,26.16,454894,174,买盘
283,09:44:08,26.13,216912,83,卖盘
284,09:44:14,26.16,264098,101,买盘
285,09:44:17,26.16,5232,2,买盘
286,09:44:20,26.16,167406,64,买盘
287,09:44:23,26.15,177888,68,卖盘
288,09:44:26,26.18,1476369,564,买盘
289,09:44:29,26.18,235672,90,卖盘
290,09:44:32,26.19,159664,61,买盘
291,09:44:35,26.18,107289,41,中性盘
292,09:44:38,26.18,439597,168,买盘
293,09:44:41,26.18,143976,55,买盘
294,09:44:44,26.18,457722,175,买盘
295,09:44:47,26.18,201571,77,买盘
296,09:44:50,26.17,138655,53,中性盘
297,09:44:53,26.18,47110,18,买盘
298,09:44:56,26.16,104603,40,买盘
299,09:44:59,26.18,196304,75,买盘
300,09:45:02,26.15,496975,190,卖盘
301,09:45:05,26.17,91589,35,买盘
302,09:45:08,26.16,376721,144,卖盘
303,09:45:11,26.17,272174,104,中性盘
304,09:45:14,26.16,387173,148,卖盘
305,09:45:17,26.16,693266,265,卖盘
306,09:45:20,26.16,431550,165,中性盘
307,09:45:23,26.16,279833,107,卖盘
308,09:45:26,26.15,138547,53,买盘
309,09:45:29,26.16,88889,34,买盘
310,09:45:32,26.16,1095510,419,买盘
311,09:45:35,26.16,546395,209,买盘
312,09:45:38,26.15,159474,61,中性盘
313,09:45:41,26.16,15696,6,买盘
314,09:45:44,26.16,353092,135,买盘
315,09:45:47,26.16,311258,119,买盘
316,09:45:50,26.15,792372,303,卖盘
317,09:45:53,26.2,3073679,1174,买盘
318,09:45:56,26.15,946889,362,卖盘
319,09:45:59,26.16,217153,83,中性盘
320,09:46:02,26.18,893098,341,买盘
321,09:46:05,26.2,115231,44,买盘
322,09:46:08,26.2,233149,89,买盘
323,09:46:11,26.2,754405,288,买盘
324,09:46:14,26.2,1152796,440,买盘
325,09:46:17,26.2,887894,339,买盘
326,09:46:20,26.18,1010561,386,卖盘
327,09:46:23,26.2,1833794,700,买盘
328,09:46:26,26.18,23548,9,中性盘
329,09:46:29,26.19,311448,119,买盘
330,09:46:32,26.19,214673,82,买盘
331,09:46:35,26.18,246072,94,卖盘
332,09:46:38,26.18,374196,143,卖盘
333,09:46:41,26.16,251291,96,卖盘
334,09:46:44,26.18,81145,31,买盘
335,09:46:47,26.18,198866,76,买盘
336,09:46:50,26.2,2606345,995,买盘
337,09:46:53,26.21,1328655,507,买盘
338,09:46:56,26.22,47190,18,买盘
339,09:46:59,26.21,694568,265,卖盘
340,09:47:02,26.22,28832,11,买盘
341,09:47:05,26.21,241075,92,买盘
342,09:47:08,26.21,290842,111,买盘
343,09:47:11,26.2,424520,162,卖盘
344,09:47:14,26.2,482142,184,卖盘
345,09:47:17,26.2,550056,210,买盘
346,09:47:20,26.18,104761,40,卖盘
347,09:47:23,26.19,219970,84,买盘
348,09:47:26,26.19,86412,33,买盘
349,09:47:29,26.2,217373,83,买盘
350,09:47:32,26.18,248829,95,卖盘
351,09:47:35,26.19,235665,90,买盘
352,09:47:38,26.2,288043,110,买盘
353,09:47:41,26.19,146650,56,中性盘
354,09:47:44,26.18,557992,213,卖盘
355,09:47:47,26.21,2085551,796,买盘
356,09:47:50,26.21,904038,345,买盘
357,09:47:53,26.22,1077372,411,买盘
358,09:47:56,26.21,613180,234,买盘
359,09:47:59,26.23,89163,34,买盘
360,09:48:02,26.23,416962,159,买盘
361,09:48:05,26.23,31476,12,买盘
362,09:48:08,26.21,296423,113,卖盘
363,09:48:11,26.24,131179,50,买盘
364,09:48:14,26.24,808285,308,买盘
365,09:48:17,26.25,781901,298,买盘
366,09:48:20,26.24,117980,45,中性盘
367,09:48:23,26.25,70863,27,买盘
368,09:48:26,26.22,228156,87,卖盘
369,09:48:29,26.24,309719,118,中性盘
370,09:48:32,26.24,236111,90,买盘
371,09:48:35,26.25,215161,82,买盘
372,09:48:38,26.22,86533,33,卖盘
373,09:48:41,26.22,212382,81,买盘
374,09:48:44,26.21,254298,97,卖盘
375,09:48:47,26.22,398626,152,买盘
376,09:48:50,26.2,610791,233,卖盘
377,09:48:53,26.2,18341,7,卖盘
378,09:48:56,26.19,199072,76,卖盘
379,09:48:59,26.18,241037,92,卖盘
380,09:49:02,26.19,154486,59,买盘
381,09:49:05,26.18,316787,121,卖盘
382,09:49:08,26.18,1264102,483,卖盘
383,09:49:11,26.15,279986,107,卖盘
384,09:49:14,26.17,371338,142,买盘
385,09:49:17,26.16,44474,17,中性盘
386,09:49:20,26.17,272132,104,买盘
387,09:49:23,26.17,814122,311,买盘
388,09:49:26,26.2,133528,51,买盘
389,09:49:29,26.19,44513,17,中性盘
390,09:49:32,26.2,175474,67,买盘
391,09:49:35,26.2,86450,33,买盘
392,09:49:38,26.2,626150,239,买盘
393,09:49:41,26.2,34060,13,买盘
394,09:49:44,26.18,222606,85,卖盘
395,09:49:47,26.2,49770,19,买盘
396,09:49:50,26.18,130957,50,卖盘
397,09:49:53,26.18,26186,10,卖盘
398,09:49:56,26.19,39273,15,买盘
399,09:49:59,26.19,52375,20,买盘
400,09:50:02,26.19,384908,147,买盘
401,09:50:05,26.2,172878,66,买盘
402,09:50:08,26.22,2804285,1070,买盘
403,09:50:11,26.21,246416,94,卖盘
404,09:50:14,26.23,361842,138,买盘
405,09:50:17,26.23,306907,117,买盘
406,09:50:20,26.24,805552,307,买盘
407,09:50:23,26.24,39362,15,卖盘
408,09:50:26,26.26,1441164,549,买盘
409,09:50:29,26.25,89269,34,中性盘
410,09:50:32,26.25,1578244,601,卖盘
411,09:50:35,26.26,231011,88,买盘
412,09:50:38,26.27,388685,148,买盘
413,09:50:41,26.27,65675,25,买盘
414,09:50:44,26.27,685540,261,卖盘
415,09:50:47,26.28,115595,44,买盘
416,09:50:50,26.25,687977,262,卖盘
417,09:50:53,26.25,265110,101,买盘
418,09:50:56,26.25,768976,293,买盘
419,09:50:59,26.24,73488,28,中性盘
420,09:51:02,26.22,1251640,477,卖盘
421,09:51:05,26.21,539944,206,卖盘
422,09:51:08,26.22,172906,66,买盘
423,09:51:11,26.22,364335,139,买盘
424,09:51:14,26.2,1469247,560,卖盘
425,09:51:17,26.21,448201,171,卖盘
426,09:51:20,26.21,225439,86,卖盘
427,09:51:23,26.21,167735,64,买盘
428,09:51:26,26.2,275177,105,卖盘
429,09:51:29,26.21,141514,54,买盘
430,09:51:32,26.2,413960,158,卖盘
431,09:51:35,26.21,212224,81,买盘
432,09:51:38,26.21,186023,71,买盘
433,09:51:41,26.2,89075,34,卖盘
434,09:51:44,26.2,136218,52,买盘
435,09:51:47,26.2,7860,3,买盘
436,09:51:50,26.19,233156,89,卖盘
437,09:51:53,26.2,15715,6,买盘
438,09:51:56,26.2,348343,133,买盘
439,09:51:59,26.19,123093,47,卖盘
440,09:52:02,26.18,115192,44,卖盘
441,09:52:05,26.18,274956,105,卖盘
442,09:52:08,26.19,473857,181,买盘
443,09:52:11,26.18,178024,68,卖盘
444,09:52:14,26.16,515541,197,卖盘
445,09:52:17,26.16,15698,6,卖盘
446,09:52:20,26.16,400290,153,卖盘
447,09:52:23,26.16,5232,2,买盘
448,09:52:26,26.15,1072255,410,卖盘
449,09:52:29,26.13,318976,122,卖盘
450,09:52:32,26.11,154145,59,卖盘
451,09:52:35,26.17,792561,303,买盘
452,09:52:38,26.18,473548,181,买盘
453,09:52:41,26.18,146584,56,买盘
454,09:52:44,26.18,204226,78,卖盘
455,09:52:47,26.17,612762,234,卖盘
456,09:52:50,26.2,715042,273,买盘
457,09:52:53,26.2,515888,197,买盘
458,09:52:56,26.19,366666,140,卖盘
459,09:52:59,26.19,5238,2,卖盘
460,09:53:02,26.2,589619,225,买盘
461,09:53:05,26.2,183409,70,卖盘
462,09:53:08,26.21,62881,24,买盘
463,09:53:11,26.21,104804,40,买盘
464,09:53:14,26.23,1305665,498,买盘
465,09:53:17,26.25,705617,269,买盘
466,09:53:20,26.25,414581,158,买盘
467,09:53:23,26.26,241374,92,买盘
468,09:53:26,26.25,246814,94,卖盘
469,09:53:29,26.26,309784,118,买盘
470,09:53:32,26.25,275685,105,卖盘
471,09:53:35,26.25,107625,41,卖盘
472,09:53:38,26.25,91892,35,卖盘
473,09:53:41,26.25,141755,54,卖盘
474,09:53:44,26.26,5252,2,买盘
475,09:53:47,26.25,908760,346,卖盘
476,09:53:50,26.25,385976,147,卖盘
477,09:53:53,26.23,133844,51,卖盘
478,09:53:56,26.26,183925,70,中性盘
479,09:53:59,26.25,123375,47,卖盘
480,09:54:02,26.27,110301,42,买盘
481,09:54:05,26.25,94522,36,卖盘
482,09:54:08,26.27,288865,110,买盘
483,09:54:11,26.27,409755,156,买盘
484,09:54:14,26.27,102416,39,买盘
485,09:54:17,26.26,42016,16,中性盘
486,09:54:20,26.27,449144,171,买盘
487,09:54:23,26.27,149698,57,买盘
488,09:54:26,26.26,210061,80,卖盘
489,09:54:29,26.26,144417,55,买盘
490,09:54:32,26.26,170668,65,中性盘
491,09:54:35,26.27,1239535,472,买盘
492,09:54:38,26.26,619720,236,卖盘
493,09:54:41,26.26,270348,103,买盘
494,09:54:44,26.27,425427,162,买盘
495,09:54:47,26.26,189139,72,卖盘
496,09:54:50,26.26,123425,47,卖盘
497,09:54:53,26.27,438604,167,买盘
498,09:54:56,26.26,178583,68,卖盘
499,09:54:59,26.27,559551,213,买盘
500,09:55:02,26.27,777620,296,卖盘
501,09:55:05,26.28,94592,36,买盘
502,09:55:08,26.28,1119388,426,买盘
503,09:55:11,26.27,338985,129,卖盘
504,09:55:14,26.28,578023,220,买盘
505,09:55:17,26.28,99871,38,卖盘
506,09:55:20,26.24,7059828,2687,卖盘
507,09:55:23,26.27,257268,98,买盘
508,09:55:26,26.23,217809,83,卖盘
509,09:55:29,26.25,83984,32,买盘
510,09:55:32,26.25,186256,71,中性盘
511,09:55:35,26.24,20988,8,中性盘
512,09:55:38,26.23,390938,149,卖盘
513,09:55:41,26.24,97057,37,中性盘
514,09:55:44,26.22,188863,72,卖盘
515,09:55:47,26.21,131063,50,卖盘
516,09:55:50,26.22,125855,48,买盘
517,09:55:53,26.21,73412,28,卖盘
518,09:55:56,26.22,15730,6,中性盘
519,09:55:59,26.22,41953,16,卖盘
520,09:56:02,26.22,167808,64,卖盘
521,09:56:05,26.23,398670,152,买盘
522,09:56:08,26.21,416815,159,卖盘
523,09:56:11,26.22,290884,111,买盘
524,09:56:14,26.2,81237,31,卖盘
525,09:56:17,26.2,154591,59,卖盘
526,09:56:20,26.2,41920,16,买盘
527,09:56:23,26.21,128327,49,买盘
528,09:56:26,26.17,117845,45,卖盘
529,09:56:29,26.2,159766,61,买盘
530,09:56:32,26.18,217361,83,卖盘
531,09:56:35,26.2,186021,71,中性盘
532,09:56:38,26.19,154557,59,卖盘
533,09:56:41,26.21,201771,77,买盘
534,09:56:44,26.2,133542,51,中性盘
535,09:56:47,26.2,70716,27,买盘
536,09:56:50,26.18,141447,54,卖盘
537,09:56:53,26.19,5238,2,卖盘
538,09:56:56,26.16,918763,351,卖盘
539,09:56:59,26.17,133439,51,买盘
540,09:57:02,26.16,410777,157,卖盘
541,09:57:05,26.19,102114,39,买盘
542,09:57:08,26.18,138781,53,卖盘
543,09:57:11,26.2,20952,8,买盘
544,09:57:14,26.19,68091,26,中性盘
545,09:57:17,26.19,13095,5,卖盘
546,09:57:20,26.19,47142,18,卖盘
547,09:57:23,26.19,23578,9,卖盘
548,09:57:26,26.19,306444,117,卖盘
549,09:57:29,26.19,159759,61,卖盘
550,09:57:32,26.18,180652,69,卖盘
551,09:57:38,26.18,86392,33,卖盘
552,09:57:41,26.18,39272,15,卖盘
553,09:57:44,26.19,471388,180,买盘
554,09:57:50,26.19,429617,164,卖盘
555,09:57:56,26.2,319595,122,买盘
556,09:57:59,26.21,28824,11,买盘
557,09:58:02,26.2,267298,102,卖盘
558,09:58:05,26.22,537501,205,买盘
559,09:58:08,26.23,508727,194,买盘
560,09:58:11,26.21,83910,32,卖盘
561,09:58:14,26.24,99711,38,买盘
562,09:58:17,26.21,70788,27,卖盘
563,09:58:20,26.23,20979,8,买盘
564,09:58:23,26.22,62928,24,卖盘
565,09:58:26,26.24,348980,133,买盘
566,09:58:29,26.25,94471,36,买盘
567,09:58:32,26.2,188783,72,卖盘
568,09:58:35,26.27,1052869,401,买盘
569,09:58:38,26.26,225836,86,卖盘
570,09:58:41,26.26,65668,25,卖盘
571,09:58:44,26.27,317788,121,买盘
572,09:58:47,26.25,128651,49,卖盘
573,09:58:50,26.26,107664,41,买盘
574,09:58:53,26.25,18375,7,卖盘
575,09:58:56,26.25,57756,22,卖盘
576,09:58:59,26.24,41993,16,卖盘
577,09:59:02,26.23,157382,60,卖盘
578,09:59:05,26.23,2221424,846,卖盘
579,09:59:08,26.23,73444,28,卖盘
580,09:59:11,26.21,807726,308,卖盘
581,09:59:14,26.21,537166,205,买盘
582,09:59:17,26.19,296378,113,卖盘
583,09:59:20,26.2,204285,78,中性盘
584,09:59:23,26.19,31437,12,卖盘
585,09:59:26,26.2,89032,34,中性盘
586,09:59:29,26.21,39299,15,买盘
587,09:59:32,26.19,55007,21,卖盘
588,09:59:35,26.21,117934,45,买盘
589,09:59:38,26.21,136211,52,买盘
590,09:59:41,26.19,28811,11,卖盘
591,09:59:44,26.19,54999,21,卖盘
592,09:59:47,26.19,52380,20,卖盘
593,09:59:50,26.2,78554,30,买盘
594,09:59:53,26.2,466176,178,买盘
595,09:59:56,26.17,204257,78,卖盘
596,09:59:59,26.2,2620,1,买盘
597,10:00:02,26.17,115154,44,卖盘
598,10:00:05,26.18,185811,71,中性盘
599,10:00:08,26.16,358392,137,卖盘
600,10:00:11,26.16,421145,161,卖盘
601,10:00:14,26.15,373974,143,卖盘
602,10:00:17,26.14,28755,11,卖盘
603,10:00:20,26.14,217002,83,卖盘
604,10:00:23,26.15,107178,41,中性盘
605,10:00:26,26.14,214378,82,卖盘
606,10:00:29,26.15,217006,83,买盘
607,10:00:32,26.14,112407,43,卖盘
608,10:00:35,26.15,13075,5,买盘
609,10:00:38,26.16,28771,11,买盘
610,10:00:41,26.15,39226,15,卖盘
611,10:00:44,26.16,15692,6,买盘
612,10:00:47,26.15,54922,21,卖盘
613,10:00:50,26.16,99396,38,买盘
614,10:00:53,26.16,188283,72,买盘
615,10:00:56,26.16,28776,11,买盘
616,10:00:59,26.17,248521,95,买盘
617,10:01:02,26.17,62803,24,买盘
618,10:01:05,26.18,219809,84,买盘
619,10:01:08,26.17,413390,158,卖盘
620,10:01:11,26.19,266934,102,买盘
621,10:01:14,26.19,57617,22,买盘
622,10:01:17,26.18,285391,109,卖盘
623,10:01:20,26.18,683758,261,买盘
624,10:01:23,26.19,274937,105,买盘
625,10:01:26,26.18,390150,149,卖盘
626,10:01:29,26.18,337724,129,卖盘
627,10:01:32,26.17,18319,7,卖盘
628,10:01:35,26.17,78513,30,卖盘
629,10:01:38,26.17,167488,64,卖盘
630,10:01:41,26.16,68018,26,卖盘
631,10:01:50,26.16,47089,18,卖盘
632,10:01:53,26.16,49704,19,卖盘
633,10:01:56,26.17,23546,9,买盘
634,10:01:59,26.16,57557,22,卖盘
635,10:02:02,26.16,10464,4,卖盘
636,10:02:05,26.17,120378,46,买盘
637,10:02:08,26.16,154344,59,卖盘
638,10:02:11,26.17,7851,3,买盘
639,10:02:14,26.17,256449,98,买盘
640,10:02:17,26.17,784811,300,买盘
641,10:02:20,26.16,292994,112,卖盘
642,10:02:26,26.16,36624,14,卖盘
643,10:02:29,26.16,591477,226,买盘
644,10:02:32,26.16,10464,4,买盘
645,10:02:35,26.16,313857,120,买盘
646,10:02:38,26.16,41852,16,卖盘
647,10:02:41,26.15,75841,29,卖盘
648,10:02:44,26.16,70621,27,买盘
649,10:02:47,26.15,31380,12,卖盘
650,10:02:50,26.14,596197,228,卖盘
651,10:02:53,26.14,180373,69,卖盘
652,10:02:56,26.14,5228,2,卖盘
653,10:02:59,26.14,67964,26,卖盘
654,10:03:02,26.15,5230,2,买盘
655,10:03:05,26.14,28755,11,卖盘
656,10:03:08,26.16,135961,52,买盘
657,10:03:11,26.17,358405,137,买盘
658,10:03:14,26.18,20944,8,买盘
659,10:03:17,26.17,120384,46,卖盘
660,10:03:20,26.18,290489,111,买盘
661,10:03:23,26.17,96831,37,卖盘
662,10:03:26,26.18,18326,7,买盘
663,10:03:29,26.18,5236,2,买盘
664,10:03:32,26.18,157065,60,买盘
665,10:03:35,26.18,23562,9,买盘
666,10:03:38,26.17,57576,22,卖盘
667,10:03:41,26.17,44491,17,卖盘
668,10:03:44,26.18,49734,19,买盘
669,10:03:47,26.17,31404,12,卖盘
670,10:03:50,26.18,68053,26,买盘
671,10:03:53,26.18,20937,8,买盘
672,10:03:56,26.18,68052,26,买盘
673,10:03:59,26.17,23557,9,卖盘
674,10:04:02,26.19,1547579,591,买盘
675,10:04:05,26.2,39300,15,买盘
676,10:04:08,26.19,162429,62,卖盘
677,10:04:11,26.2,23578,9,买盘
678,10:04:14,26.2,130980,50,买盘
679,10:04:17,26.19,345799,132,卖盘
680,10:04:20,26.21,112620,43,买盘
681,10:04:23,26.2,2620,1,买盘
682,10:04:26,26.2,60260,23,买盘
683,10:04:29,26.21,62893,24,买盘
684,10:04:32,26.2,13100,5,卖盘
685,10:04:35,26.2,70740,27,卖盘
686,10:04:38,26.21,70745,27,买盘
687,10:04:41,26.2,112666,43,卖盘
688,10:04:44,26.21,115298,44,买盘
689,10:04:47,26.2,138862,53,卖盘
690,10:04:50,26.21,136267,52,买盘
691,10:04:53,26.21,131050,50,买盘
692,10:04:56,26.19,188666,72,卖盘
693,10:04:59,26.21,96939,37,买盘
694,10:05:02,26.19,165034,63,卖盘
695,10:05:05,26.2,55020,21,买盘
696,10:05:08,26.19,75951,29,卖盘
697,10:05:11,26.19,39288,15,卖盘
698,10:05:14,26.18,154477,59,卖盘
699,10:05:20,26.19,1363993,521,买盘
700,10:05:23,26.17,384763,147,卖盘
701,10:05:29,26.18,52363,20,卖盘
702,10:05:32,26.2,10480,4,买盘
703,10:05:35,26.18,306364,117,卖盘
704,10:05:38,26.19,125671,48,中性盘
705,10:05:41,26.2,28813,11,买盘
706,10:05:44,26.19,125714,48,卖盘
707,10:05:47,26.19,371898,142,卖盘
708,10:05:50,26.19,191139,73,卖盘
709,10:05:56,26.19,445222,170,买盘
710,10:05:59,26.19,180671,69,卖盘
711,10:06:02,26.18,222533,85,卖盘
712,10:06:05,26.18,57596,22,卖盘
713,10:06:08,26.2,2548264,973,买盘
714,10:06:11,26.17,526191,201,卖盘
715,10:06:14,26.18,570625,218,中性盘
716,10:06:17,26.19,193809,74,中性盘
717,10:06:20,26.19,1930445,737,卖盘
718,10:06:23,26.16,290461,111,卖盘
719,10:06:29,26.17,143935,55,卖盘
720,10:06:32,26.16,316627,121,卖盘
721,10:06:35,26.15,217084,83,卖盘
722,10:06:38,26.16,154340,59,中性盘
723,10:06:41,26.16,243267,93,买盘
724,10:06:44,26.17,122964,47,买盘
725,10:06:47,26.16,112456,43,卖盘
726,10:06:50,26.16,7848,3,买盘
727,10:06:53,26.15,99372,38,卖盘
728,10:06:56,26.15,83692,32,卖盘
729,10:06:59,26.16,164782,63,买盘
730,10:07:02,26.16,562417,215,买盘
731,10:07:05,26.18,494556,189,买盘
732,10:07:08,26.16,311314,119,卖盘
733,10:07:11,26.16,361019,138,卖盘
734,10:07:14,26.17,57574,22,中性盘
735,10:07:17,26.18,751361,287,买盘
736,10:07:20,26.19,54980,21,买盘
737,10:07:23,26.18,233002,89,卖盘
738,10:07:26,26.18,594512,227,卖盘
739,10:07:29,26.18,238257,91,卖盘
740,10:07:32,26.19,15714,6,买盘
741,10:07:35,26.2,990370,378,买盘
742,10:07:38,26.2,44540,17,卖盘
743,10:07:41,26.21,403530,154,买盘
744,10:07:44,26.21,542547,207,买盘
745,10:07:47,26.2,188661,72,卖盘
746,10:07:50,26.2,238427,91,卖盘
747,10:07:53,26.2,214828,82,卖盘
748,10:07:56,26.19,39290,15,卖盘
749,10:07:59,26.19,73332,28,卖盘
750,10:08:02,26.2,36680,14,买盘
751,10:08:05,26.2,212183,81,买盘
752,10:08:08,26.19,36666,14,中性盘
753,10:08:11,26.19,68070,26,买盘
754,10:08:14,26.19,2619,1,买盘
755,10:08:17,26.18,31421,12,卖盘
756,10:08:20,26.2,18334,7,买盘
757,10:08:23,26.18,219915,84,卖盘
758,10:08:26,26.18,5236,2,买盘
759,10:08:29,26.18,274867,105,买盘
760,10:08:32,26.17,7853,3,卖盘
761,10:08:35,26.17,267006,102,卖盘
762,10:08:41,26.19,240894,92,买盘
763,10:08:44,26.19,225236,86,卖盘
764,10:08:47,26.18,115192,44,卖盘
765,10:08:50,26.19,5238,2,买盘
766,10:08:53,26.18,36652,14,卖盘
767,10:08:56,26.18,83798,32,卖盘
768,10:09:02,26.2,1332880,509,买盘
769,10:09:05,26.19,274851,105,中性盘
770,10:09:08,26.19,102106,39,买盘
771,10:09:11,26.23,1155856,441,买盘
772,10:09:14,26.24,721235,275,买盘
773,10:09:17,26.25,178434,68,买盘
774,10:09:20,26.25,215173,82,买盘
775,10:09:23,26.24,10496,4,买盘
776,10:09:26,26.23,674322,257,卖盘
777,10:09:29,26.24,107584,41,买盘
778,10:09:32,26.23,209824,80,卖盘
779,10:09:35,26.23,91807,35,买盘
780,10:09:38,26.22,89166,34,卖盘
781,10:09:41,26.23,26225,10,买盘
782,10:09:44,26.22,152126,58,卖盘
783,10:09:47,26.22,228114,87,卖盘
784,10:09:50,26.2,131074,50,卖盘
785,10:09:53,26.21,136224,52,买盘
786,10:09:56,26.2,18340,7,中性盘
787,10:09:59,26.19,136227,52,卖盘
788,10:10:02,26.2,7862,3,卖盘
789,10:10:05,26.2,212209,81,卖盘
790,10:10:08,26.2,89076,34,买盘
791,10:10:11,26.2,7860,3,买盘
792,10:10:14,26.2,112660,43,买盘
793,10:10:17,26.18,298612,114,卖盘
794,10:10:20,26.19,125730,48,中性盘
795,10:10:23,26.19,89077,34,卖盘
796,10:10:26,26.21,214866,82,买盘
797,10:10:29,26.2,41912,16,中性盘
798,10:10:32,26.21,57637,22,买盘
799,10:10:35,26.2,49784,19,中性盘
800,10:10:38,26.21,78617,30,买盘
801,10:10:41,26.19,175516,67,卖盘
802,10:10:44,26.2,44540,17,中性盘
803,10:10:47,26.2,138862,53,买盘
804,10:10:50,26.21,102185,39,买盘
805,10:10:53,26.2,172936,66,卖盘
806,10:10:56,26.21,204438,78,买盘
807,10:10:59,26.22,301421,115,买盘
808,10:11:02,26.22,125847,48,买盘
809,10:11:05,26.2,482294,184,卖盘
810,10:11:08,26.23,55078,21,买盘
811,10:11:11,26.22,301583,115,卖盘
812,10:11:14,26.22,170444,65,卖盘
813,10:11:17,26.22,474735,181,卖盘
814,10:11:20,26.23,154701,59,买盘
815,10:11:23,26.22,165194,63,卖盘
816,10:11:26,26.21,199202,76,卖盘
817,10:11:29,26.2,65500,25,卖盘
818,10:11:32,26.2,78608,30,卖盘
819,10:11:38,26.2,10483,4,卖盘
820,10:11:41,26.2,47162,18,卖盘
821,10:11:44,26.19,94288,36,卖盘
822,10:11:47,26.19,41905,16,卖盘
823,10:11:50,26.2,81191,31,买盘
824,10:11:53,26.19,28809,11,卖盘
825,10:11:56,26.18,23564,9,卖盘
826,10:11:59,26.19,73307,28,买盘
827,10:12:02,26.19,20950,8,买盘
828,10:12:05,26.18,73309,28,卖盘
829,10:12:08,26.19,28801,11,买盘
830,10:12:11,26.18,157084,60,卖盘
831,10:12:14,26.17,130862,50,卖盘
832,10:12:17,26.16,175326,67,卖盘
833,10:12:20,26.17,75868,29,买盘
834,10:12:23,26.17,47106,18,买盘
835,10:12:26,26.17,36630,14,买盘
836,10:12:29,26.16,264222,101,卖盘
837,10:12:32,26.16,15699,6,卖盘
838,10:12:35,26.16,321768,123,卖盘
839,10:12:38,26.16,23544,9,卖盘
840,10:12:41,26.16,350623,134,卖盘
841,10:12:44,26.17,211917,81,买盘
842,10:12:47,26.16,143880,55,卖盘
843,10:12:50,26.16,1030715,394,卖盘
844,10:12:53,26.15,1014880,388,卖盘
845,10:12:56,26.15,60153,23,卖盘
846,10:12:59,26.15,1362415,521,卖盘
847,10:13:02,26.16,350544,134,买盘
848,10:13:05,26.16,405485,155,卖盘
849,10:13:08,26.16,78481,30,卖盘
850,10:13:11,26.16,146556,56,卖盘
851,10:13:14,26.16,81096,31,卖盘
852,10:13:17,26.16,159576,61,卖盘
853,10:13:20,26.16,10464,4,中性盘
854,10:13:23,26.16,107248,41,买盘
855,10:13:26,26.16,164750,63,买盘
856,10:13:29,26.15,102001,39,卖盘
857,10:13:32,26.16,122938,47,买盘
858,10:13:35,26.16,49704,19,卖盘
859,10:13:38,26.17,172715,66,买盘
860,10:13:41,26.18,99439,38,买盘
861,10:13:44,26.17,180605,69,中性盘
862,10:13:47,26.17,52340,20,卖盘
863,10:13:50,26.18,28790,11,买盘
864,10:13:53,26.18,2618,1,买盘
865,10:13:56,26.17,26170,10,卖盘
866,10:13:59,26.18,10472,4,买盘
867,10:14:02,26.17,39260,15,卖盘
868,10:14:08,26.17,507698,194,卖盘
869,10:14:11,26.18,133468,51,买盘
870,10:14:14,26.17,10468,4,卖盘
871,10:14:17,26.16,403022,154,卖盘
872,10:14:20,26.17,120327,46,买盘
873,10:14:23,26.16,60168,23,卖盘
874,10:14:26,26.16,1190727,455,卖盘
875,10:14:29,26.15,350547,134,卖盘
876,10:14:32,26.17,44483,17,买盘
877,10:14:35,26.19,1970879,753,买盘
878,10:14:38,26.17,518328,198,卖盘
879,10:14:41,26.18,13092,5,卖盘
880,10:14:44,26.19,107379,41,买盘
881,10:14:47,26.19,400562,153,买盘
882,10:14:50,26.18,26185,10,卖盘
883,10:14:53,26.19,293289,112,买盘
884,10:14:56,26.2,49766,19,买盘
885,10:14:59,26.19,81184,31,中性盘
886,10:15:02,26.19,18333,7,买盘
887,10:15:05,26.21,890823,340,买盘
888,10:15:08,26.21,141534,54,卖盘
889,10:15:11,26.21,68154,26,卖盘
890,10:15:14,26.21,104840,40,卖盘
891,10:15:20,26.22,57684,22,买盘
892,10:15:23,26.22,44571,17,买盘
893,10:15:26,26.21,94382,36,卖盘
894,10:15:29,26.21,73400,28,卖盘
895,10:15:32,26.21,41945,16,卖盘
896,10:15:38,26.22,97014,37,买盘
897,10:15:41,26.22,62920,24,中性盘
898,10:15:44,26.21,23589,9,卖盘
899,10:15:47,26.21,78630,30,卖盘
900,10:15:50,26.21,44557,17,卖盘
901,10:15:53,26.21,57666,22,卖盘
902,10:15:56,26.22,199250,76,买盘
903,10:15:59,26.22,68172,26,卖盘
904,10:16:02,26.22,262296,100,卖盘
905,10:16:05,26.22,97015,37,卖盘
906,10:16:08,26.23,10492,4,买盘
907,10:16:11,26.23,68174,26,买盘
908,10:16:14,26.22,31464,12,卖盘
909,10:16:17,26.22,207138,79,卖盘
910,10:16:20,26.21,65541,25,卖盘
911,10:16:23,26.21,81306,31,卖盘
912,10:16:26,26.21,68171,26,卖盘
913,10:16:29,26.21,118021,45,卖盘
914,10:16:32,26.21,60286,23,卖盘
915,10:16:35,26.22,201874,77,买盘
916,10:16:38,26.22,62928,24,卖盘
917,10:16:41,26.22,7866,3,买盘
918,10:16:44,26.22,41950,16,买盘
919,10:16:47,26.21,49809,19,卖盘
920,10:16:50,26.22,57686,22,买盘
921,10:16:53,26.22,73403,28,中性盘
922,10:16:56,26.22,443098,169,买盘
923,10:16:59,26.2,180904,69,卖盘
924,10:17:02,26.23,36696,14,买盘
925,10:17:05,26.22,96984,37,买盘
926,10:17:08,26.2,89109,34,卖盘
927,10:17:11,26.2,65509,25,卖盘
928,10:17:14,26.19,31434,12,卖盘
929,10:17:17,26.19,204287,78,卖盘
930,10:17:20,26.19,34048,13,卖盘
931,10:17:23,26.19,274979,105,中性盘
932,10:17:26,26.19,20952,8,买盘
933,10:17:29,26.18,83777,32,卖盘
934,10:17:32,26.19,5238,2,买盘
935,10:17:35,26.19,75947,29,买盘
936,10:17:38,26.18,34035,13,卖盘
937,10:17:41,26.19,13091,5,买盘
938,10:17:44,26.18,26180,10,卖盘
939,10:17:50,26.18,178024,68,卖盘
940,10:17:53,26.18,353409,135,买盘
941,10:17:56,26.18,5236,2,买盘
942,10:17:59,26.17,102065,39,卖盘
943,10:18:02,26.18,267036,102,买盘
944,10:18:05,26.18,133491,51,买盘
945,10:18:08,26.18,86394,33,买盘
946,10:18:11,26.19,81174,31,买盘
947,10:18:14,26.19,5238,2,买盘
948,10:18:17,26.19,290709,111,买盘
949,10:18:20,26.19,649633,248,卖盘
950,10:18:23,26.19,75951,29,买盘
951,10:18:26,26.19,227792,87,卖盘
952,10:18:29,26.19,47142,18,买盘
953,10:18:32,26.19,78581,30,卖盘
954,10:18:38,26.19,254083,97,卖盘
955,10:18:41,26.2,112623,43,买盘
956,10:18:44,26.19,31428,12,卖盘
957,10:18:47,26.19,81191,31,卖盘
958,10:18:50,26.2,44540,17,买盘
959,10:18:53,26.2,73350,28,买盘
960,10:18:59,26.19,204285,78,卖盘
961,10:19:02,26.17,568137,217,卖盘
962,10:19:05,26.18,44506,17,买盘
963,10:19:08,26.17,219828,84,卖盘
964,10:19:11,26.16,1716346,656,卖盘
965,10:19:14,26.17,47090,18,买盘
966,10:19:17,26.16,15696,6,卖盘
967,10:19:20,26.17,5234,2,买盘
968,10:19:23,26.16,31392,12,卖盘
969,10:19:29,26.17,109894,42,买盘
970,10:19:32,26.16,143881,55,卖盘
971,10:19:35,26.16,112488,43,卖盘
972,10:19:38,26.15,101993,39,卖盘
973,10:19:41,26.16,47081,18,买盘
974,10:19:44,26.15,31380,12,卖盘
975,10:19:47,26.16,311217,119,买盘
976,10:19:50,26.16,154304,59,买盘
977,10:19:53,26.16,366236,140,买盘
978,10:19:56,26.15,1257813,481,卖盘
979,10:19:59,26.15,23535,9,买盘
980,10:20:02,26.15,462737,177,买盘
981,10:20:05,26.15,60145,23,买盘
982,10:20:08,26.16,81096,31,买盘
983,10:20:11,26.16,136064,52,卖盘
984,10:20:14,26.16,91583,35,卖盘
985,10:20:20,26.16,78498,30,卖盘
986,10:20:23,26.17,15707,6,中性盘
987,10:20:26,26.16,180514,69,卖盘
988,10:20:29,26.17,2617,1,买盘
989,10:20:32,26.17,73278,28,买盘
990,10:20:35,26.17,10468,4,卖盘
991,10:20:38,26.18,26180,10,买盘
992,10:20:41,26.18,34022,13,买盘
993,10:20:44,26.18,20944,8,买盘
994,10:20:47,26.17,28787,11,卖盘
995,10:20:50,26.18,125664,48,买盘
996,10:20:53,26.17,465828,178,卖盘
997,10:20:56,26.17,18323,7,卖盘
998,10:20:59,26.17,382140,146,卖盘
999,10:21:02,26.19,2619,1,买盘
1000,10:21:05,26.17,81131,31,卖盘
1001,10:21:08,26.19,39265,15,买盘
1002,10:21:11,26.19,47118,18,买盘
1003,10:21:14,26.17,28789,11,卖盘
1004,10:21:17,26.18,28792,11,中性盘
1005,10:21:20,26.16,240762,92,卖盘
1006,10:21:23,26.14,957247,366,卖盘
1007,10:21:26,26.14,13071,5,卖盘
1008,10:21:29,26.14,344959,132,卖盘
1009,10:21:32,26.14,47052,18,买盘
1010,10:21:35,26.14,188186,72,买盘
1011,10:21:41,26.14,67939,26,买盘
1012,10:21:44,26.13,49647,19,卖盘
1013,10:21:47,26.13,138489,53,卖盘
1014,10:21:50,26.14,122844,47,买盘
1015,10:21:53,26.13,67940,26,卖盘
1016,10:21:56,26.13,96683,37,卖盘
1017,10:21:59,26.13,193367,74,卖盘
1018,10:22:02,26.13,394564,151,卖盘
1019,10:22:05,26.12,159337,61,卖盘
1020,10:22:08,26.13,36582,14,买盘
1021,10:22:11,26.12,99258,38,卖盘
1022,10:22:14,26.12,54863,21,卖盘
1023,10:22:17,26.12,817718,313,卖盘
1024,10:22:23,26.12,412754,158,卖盘
1025,10:22:26,26.12,57464,22,卖盘
1026,10:22:29,26.12,624275,239,卖盘
1027,10:22:32,26.14,28740,11,买盘
1028,10:22:35,26.12,303027,116,卖盘
1029,10:22:38,26.14,20912,8,买盘
1030,10:22:41,26.14,91460,35,买盘
1031,10:22:44,26.14,107145,41,买盘
1032,10:22:47,26.12,143699,55,卖盘
1033,10:22:50,26.13,13065,5,卖盘
1034,10:22:53,26.13,169844,65,卖盘
1035,10:22:56,26.14,36601,14,中性盘
1036,10:22:59,26.13,49647,19,卖盘
1037,10:23:02,26.14,20912,8,买盘
1038,10:23:05,26.15,331975,127,买盘
1039,10:23:08,26.15,75807,29,中性盘
1040,10:23:11,26.15,143771,55,买盘
1041,10:23:14,26.14,96723,37,卖盘
1042,10:23:17,26.16,13080,5,买盘
1043,10:23:23,26.14,41828,16,卖盘
1044,10:23:26,26.14,70597,27,卖盘
1045,10:23:29,26.14,41824,16,卖盘
1046,10:23:32,26.14,20915,8,卖盘
1047,10:23:35,26.15,23535,9,买盘
1048,10:23:38,26.14,28754,11,卖盘
1049,10:23:41,26.15,10460,4,买盘
1050,10:23:47,26.14,441838,169,卖盘
1051,10:23:50,26.14,60127,23,卖盘
1052,10:23:53,26.15,62761,24,卖盘
1053,10:23:56,26.16,2616,1,买盘
1054,10:23:59,26.15,31380,12,卖盘
1055,10:24:02,26.16,39240,15,买盘
1056,10:24:05,26.15,23535,9,卖盘
1057,10:24:08,26.16,13080,5,买盘
1058,10:24:11,26.16,5232,2,买盘
1059,10:24:14,26.15,57541,22,卖盘
1060,10:24:17,26.16,172655,66,买盘
1061,10:24:20,26.16,149123,57,卖盘
1062,10:24:23,26.16,5233,2,卖盘
1063,10:24:26,26.16,107256,41,卖盘
1064,10:24:29,26.16,60168,23,买盘
1065,10:24:32,26.15,49687,19,卖盘
1066,10:24:35,26.15,470700,180,卖盘
1067,10:24:38,26.13,104535,40,卖盘
1068,10:24:41,26.15,185506,71,买盘
1069,10:24:44,26.12,148924,57,卖盘
1070,10:24:47,26.14,130700,50,买盘
1071,10:24:50,26.14,115016,44,卖盘
1072,10:24:53,26.14,28744,11,买盘
1073,10:24:56,26.12,47016,18,卖盘
1074,10:24:59,26.13,28733,11,买盘
1075,10:25:02,26.13,10451,4,买盘
1076,10:25:05,26.12,13060,5,卖盘
1077,10:25:08,26.13,167224,64,买盘
1078,10:25:11,26.12,39185,15,卖盘
1079,10:25:14,26.12,62688,24,卖盘
1080,10:25:17,26.12,7836,3,卖盘
1081,10:25:20,26.12,31344,12,卖盘
1082,10:25:23,26.13,47031,18,买盘
1083,10:25:26,26.13,551285,211,买盘
1084,10:25:29,26.14,141112,54,买盘
1085,10:25:32,26.14,483433,185,买盘
1086,10:25:35,26.14,13070,5,买盘
1087,10:25:38,26.13,83616,32,卖盘
1088,10:25:41,26.14,13070,5,买盘
1089,10:25:44,26.13,33969,13,卖盘
1090,10:25:47,26.13,10452,4,卖盘
1091,10:25:50,26.13,20905,8,卖盘
1092,10:25:53,26.13,13067,5,卖盘
1093,10:25:56,26.13,23520,9,卖盘
1094,10:25:59,26.14,28749,11,买盘
1095,10:26:02,26.13,15679,6,卖盘
1096,10:26:05,26.14,41814,16,买盘
1097,10:26:08,26.13,324012,124,卖盘
1098,10:26:11,26.13,41816,16,卖盘
1099,10:26:17,26.13,83616,32,卖盘
1100,10:26:20,26.13,52260,20,买盘
1101,10:26:23,26.12,67914,26,卖盘
1102,10:26:29,26.12,20896,8,卖盘
1103,10:26:32,26.12,75749,29,卖盘
1104,10:26:35,26.12,545908,209,卖盘
1105,10:26:38,26.12,229798,88,买盘
1106,10:26:41,26.12,70524,27,买盘
1107,10:26:44,26.11,41776,16,卖盘
1108,10:26:50,26.12,237606,91,买盘
1109,10:26:53,26.1,399459,153,卖盘
1110,10:26:56,26.11,18277,7,买盘
1111,10:26:59,26.11,623826,239,买盘
1112,10:27:02,26.11,172291,66,买盘
1113,10:27:05,26.1,409770,157,卖盘
1114,10:27:08,26.1,190474,73,买盘
1115,10:27:11,26.1,46976,18,买盘
1116,10:27:14,26.09,388750,149,卖盘
1117,10:27:17,26.09,67834,26,卖盘
1118,10:27:20,26.09,33929,13,卖盘
1119,10:27:23,26.1,46969,18,买盘
1120,10:27:26,26.1,73063,28,买盘
1121,10:27:29,26.09,83506,32,卖盘
1122,10:27:32,26.08,213901,82,卖盘
1123,10:27:35,26.09,362664,139,卖盘
1124,10:27:38,26.1,73057,28,买盘
1125,10:27:41,26.1,44355,17,买盘
1126,10:27:44,26.09,96544,37,卖盘
1127,10:27:47,26.09,125235,48,卖盘
1128,10:27:50,26.09,125232,48,卖盘
1129,10:27:53,26.09,15655,6,卖盘
1130,10:27:56,26.08,75650,29,卖盘
1131,10:27:59,26.09,166972,64,买盘
1132,10:28:02,26.08,138255,53,卖盘
1133,10:28:05,26.08,13040,5,卖盘
1134,10:28:08,26.09,52170,20,买盘
1135,10:28:11,26.09,41744,16,买盘
1136,10:28:14,26.08,59994,23,卖盘
1137,10:28:17,26.08,10432,4,卖盘
1138,10:28:20,26.08,41736,16,卖盘
1139,10:28:23,26.08,200818,77,卖盘
1140,10:28:26,26.08,80848,31,卖盘
1141,10:28:29,26.09,226983,87,买盘
1142,10:28:32,26.09,70445,27,卖盘
1143,10:28:35,26.09,5218,2,卖盘
1144,10:28:38,26.09,138277,53,卖盘
1145,10:28:41,26.09,245190,94,买盘
1146,10:28:44,26.09,33917,13,买盘
1147,10:28:47,26.09,78250,30,卖盘
1148,10:28:50,26.09,5218,2,买盘
1149,10:28:53,26.09,33913,13,买盘
1150,10:28:56,26.09,15654,6,买盘
1151,10:28:59,26.07,117350,45,卖盘
1152,10:29:02,26.08,13040,5,买盘
1153,10:29:05,26.07,28677,11,卖盘
1154,10:29:08,26.07,5214,2,卖盘
1155,10:29:11,26.07,15642,6,卖盘
1156,10:29:14,26.07,419759,161,卖盘
1157,10:29:17,26.07,138128,53,买盘
1158,10:29:20,26.06,740131,284,卖盘
1159,10:29:23,26.06,234543,90,卖盘
1160,10:29:32,26.07,91231,35,买盘
1161,10:29:35,26.06,62550,24,卖盘
1162,10:29:38,26.06,875718,336,卖盘
1163,10:29:41,26.08,304940,117,买盘
1164,10:29:44,26.08,10428,4,买盘
1165,10:29:47,26.08,310332,119,买盘
1166,10:29:50,26.08,5216,2,买盘
1167,10:29:53,26.08,132980,51,买盘
1168,10:29:56,26.09,59977,23,买盘
1169,10:29:59,26.07,44321,17,卖盘
1170,10:30:02,26.09,23477,9,买盘
1171,10:30:05,26.09,130440,50,买盘
1172,10:30:08,26.09,75644,29,买盘
1173,10:30:11,26.09,106968,41,买盘
1174,10:30:14,26.07,44348,17,卖盘
1175,10:30:17,26.09,7827,3,卖盘
1176,10:30:20,26.1,5220,2,买盘
1177,10:30:26,26.1,44369,17,买盘
1178,10:30:29,26.1,86115,33,买盘
1179,10:30:32,26.1,73080,28,买盘
1180,10:30:35,26.11,83524,32,买盘
1181,10:30:38,26.11,2611,1,买盘
1182,10:30:41,26.11,2611,1,买盘
1183,10:30:44,26.11,13055,5,买盘
1184,10:30:47,26.11,73108,28,买盘
1185,10:30:50,26.1,258432,99,卖盘
1186,10:30:53,26.1,7830,3,卖盘
1187,10:30:56,26.1,73087,28,卖盘
1188,10:30:59,26.11,2611,1,中性盘
1189,10:31:02,26.11,36554,14,买盘
1190,10:31:05,26.1,297550,114,卖盘
1191,10:31:08,26.1,328793,126,卖盘
1192,10:31:11,26.08,114809,44,卖盘
1193,10:31:14,26.08,86064,33,卖盘
1194,10:31:17,26.09,88676,34,中性盘
1195,10:31:20,26.09,23481,9,卖盘
1196,10:31:23,26.1,18270,7,买盘
1197,10:31:26,26.09,78270,30,卖盘
1198,10:31:29,26.08,41735,16,卖盘
1199,10:31:32,26.09,31308,12,买盘
1200,10:31:41,26.09,18263,7,买盘
1201,10:31:44,26.08,399030,153,卖盘
1202,10:31:47,26.08,140784,54,买盘
1203,10:31:53,26.08,106928,41,买盘
1204,10:31:56,26.07,39107,15,卖盘
1205,10:31:59,26.07,252886,97,卖盘
1206,10:32:02,26.07,86006,33,买盘
1207,10:32:05,26.07,20856,8,买盘
1208,10:32:08,26.07,78206,30,买盘
1209,10:32:11,26.07,172046,66,买盘
1210,10:32:14,26.07,1863297,715,买盘
1211,10:32:17,26.07,70369,27,买盘
1212,10:32:20,26.07,276338,106,买盘
1213,10:32:23,26.06,57354,22,卖盘
1214,10:32:26,26.08,2608,1,买盘
1215,10:32:29,26.08,31296,12,买盘
1216,10:32:32,26.09,15650,6,买盘
1217,10:32:35,26.07,18253,7,卖盘
1218,10:32:38,26.09,294738,113,买盘
1219,10:32:41,26.09,156482,60,买盘
1220,10:32:44,26.09,2609,1,买盘
1221,10:32:50,26.09,120014,46,买盘
1222,10:32:53,26.09,13047,5,卖盘
1223,10:32:59,26.09,13045,5,卖盘
1224,10:33:02,26.09,200893,77,卖盘
1225,10:33:05,26.1,80910,31,买盘
1226,10:33:08,26.09,104363,40,卖盘
1227,10:33:11,26.1,78288,30,买盘
1228,10:33:14,26.1,36540,14,买盘
1229,10:33:17,26.12,691409,265,买盘
1230,10:33:20,26.12,52240,20,买盘
1231,10:33:23,26.12,2612,1,买盘
1232,10:33:26,26.11,47001,18,卖盘
1233,10:33:29,26.12,13060,5,买盘
1234,10:33:32,26.12,33956,13,买盘
1235,10:33:35,26.12,5224,2,买盘
1236,10:33:38,26.12,36564,14,买盘
1237,10:33:41,26.11,23499,9,卖盘
1238,10:33:44,26.12,44404,17,买盘
1239,10:33:47,26.11,101832,39,卖盘
1240,10:33:50,26.1,143594,55,卖盘
1241,10:33:53,26.1,33930,13,买盘
1242,10:33:56,26.11,5221,2,买盘
1243,10:33:59,26.09,375724,144,卖盘
1244,10:34:02,26.11,67836,26,买盘
1245,10:34:05,26.11,26110,10,买盘
1246,10:34:11,26.11,20888,8,买盘
1247,10:34:14,26.11,52220,20,买盘
1248,10:34:17,26.11,7833,3,中性盘
1249,10:34:20,26.1,67899,26,卖盘
1250,10:34:23,26.12,2612,1,买盘
1251,10:34:26,26.12,33955,13,买盘
1252,10:34:32,26.12,10448,4,买盘
1253,10:34:35,26.11,219339,84,卖盘
1254,10:34:38,26.11,159271,61,买盘
1255,10:34:41,26.11,33943,13,买盘
1256,10:34:44,26.11,10443,4,买盘
1257,10:34:47,26.11,73108,28,买盘
1258,10:34:50,26.11,26111,10,买盘
1259,10:34:53,26.13,203745,78,买盘
1260,10:34:56,26.14,78419,30,买盘
1261,10:34:59,26.13,99295,38,卖盘
1262,10:35:02,26.13,18291,7,买盘
1263,10:35:05,26.13,18291,7,买盘
1264,10:35:08,26.13,31356,12,买盘
1265,10:35:11,26.13,28743,11,买盘
1266,10:35:14,26.13,33965,13,买盘
1267,10:35:20,26.13,232561,89,买盘
1268,10:35:23,26.14,5228,2,买盘
1269,10:35:26,26.14,5228,2,买盘
1270,10:35:29,26.14,20911,8,买盘
1271,10:35:32,26.14,104560,40,买盘
1272,10:35:35,26.14,5228,2,买盘
1273,10:35:38,26.14,7842,3,买盘
1274,10:35:41,26.14,101976,39,买盘
1275,10:35:44,26.15,39221,15,买盘
1276,10:35:47,26.15,73219,28,买盘
1277,10:35:50,26.16,512542,196,买盘
1278,10:35:53,26.15,62780,24,卖盘
1279,10:35:56,26.17,429034,164,买盘
1280,10:36:02,26.17,7851,3,买盘
1281,10:36:05,26.18,62816,24,买盘
1282,10:36:08,26.18,2618,1,买盘
1283,10:36:11,26.18,31416,12,买盘
1284,10:36:14,26.18,89012,34,买盘
1285,10:36:17,26.18,2618,1,买盘
1286,10:36:20,26.17,243381,93,卖盘
1287,10:36:23,26.16,649006,248,卖盘
1288,10:36:26,26.16,5232,2,买盘
1289,10:36:29,26.16,10464,4,买盘
1290,10:36:32,26.16,5232,2,买盘
1291,10:36:35,26.16,193540,74,买盘
1292,10:36:38,26.16,13080,5,买盘
1293,10:36:41,26.15,141226,54,卖盘
1294,10:36:47,26.16,2616,1,买盘
1295,10:36:53,26.15,60160,23,卖盘
1296,10:36:56,26.16,54953,21,中性盘
1297,10:36:59,26.15,96756,37,卖盘
1298,10:37:02,26.16,7848,3,买盘
1299,10:37:05,26.16,593832,227,买盘
1300,10:37:08,26.15,387020,148,卖盘
1301,10:37:11,26.15,67990,26,买盘
1302,10:37:14,26.15,31380,12,买盘
1303,10:37:17,26.15,62760,24,买盘
1304,10:37:20,26.15,5230,2,买盘
1305,10:37:23,26.15,10460,4,买盘
1306,10:37:26,26.15,18305,7,买盘
1307,10:37:29,26.14,133315,51,卖盘
1308,10:37:35,26.14,44440,17,卖盘
1309,10:37:38,26.14,28754,11,买盘
1310,10:37:44,26.13,206427,79,卖盘
1311,10:37:47,26.14,151612,58,买盘
1312,10:37:50,26.14,31370,12,卖盘
1313,10:37:53,26.14,81046,31,卖盘
1314,10:37:56,26.15,5230,2,买盘
1315,10:37:59,26.15,65355,25,买盘
1316,10:38:05,26.15,5230,2,买盘
1317,10:38:08,26.15,20920,8,买盘
1318,10:38:11,26.15,10460,4,买盘
1319,10:38:14,26.16,1051231,402,买盘
1320,10:38:17,26.18,133473,51,买盘
1321,10:38:20,26.18,10472,4,买盘
1322,10:38:26,26.18,15708,6,买盘
1323,10:38:29,26.18,23562,9,买盘
1324,10:38:32,26.18,20944,8,买盘
1325,10:38:35,26.18,13090,5,买盘
1326,10:38:41,26.17,34023,13,卖盘
1327,10:38:44,26.19,403182,154,买盘
1328,10:38:47,26.19,649543,248,买盘
1329,10:38:50,26.2,311724,119,买盘
1330,10:38:53,26.21,1697872,648,买盘
1331,10:38:56,26.2,107435,41,卖盘
1332,10:38:59,26.21,7862,3,中性盘
1333,10:39:02,26.21,15729,6,卖盘
1334,10:39:05,26.21,57670,22,卖盘
1335,10:39:08,26.21,31458,12,卖盘
1336,10:39:11,26.21,39327,15,卖盘
1337,10:39:14,26.21,26210,10,卖盘
1338,10:39:17,26.23,896712,342,买盘
1339,10:39:20,26.22,60306,23,卖盘
1340,10:39:26,26.22,31466,12,卖盘
1341,10:39:29,26.22,31464,12,卖盘
1342,10:39:32,26.22,487832,186,买盘
1343,10:39:35,26.23,44576,17,买盘
1344,10:39:38,26.23,86553,33,买盘
1345,10:39:41,26.23,28852,11,买盘
1346,10:39:44,26.24,579878,221,买盘
1347,10:39:47,26.23,20989,8,卖盘
1348,10:39:50,26.24,81344,31,买盘
1349,10:39:53,26.24,118080,45,卖盘
1350,10:39:56,26.24,78743,30,卖盘
1351,10:40:02,26.24,225745,86,卖盘
1352,10:40:05,26.24,104977,40,卖盘
1353,10:40:08,26.24,280768,107,卖盘
1354,10:40:11,26.22,70835,27,卖盘
1355,10:40:14,26.24,2624,1,买盘
1356,10:40:17,26.22,107526,41,卖盘
1357,10:40:20,26.21,2621,1,卖盘
1358,10:40:23,26.21,10484,4,卖盘
1359,10:40:26,26.22,83902,32,买盘
1360,10:40:29,26.22,18354,7,卖盘
1361,10:40:32,26.22,47196,18,卖盘
1362,10:40:35,26.22,13107,5,买盘
1363,10:40:41,26.21,28836,11,卖盘
1364,10:40:44,26.21,5242,2,买盘
1365,10:40:47,26.21,2621,1,买盘
1366,10:40:53,26.2,65500,25,卖盘
1367,10:40:56,26.21,7862,3,买盘
1368,10:40:59,26.2,52400,20,卖盘
1369,10:41:02,26.2,62887,24,卖盘
1370,10:41:05,26.2,5240,2,卖盘
1371,10:41:08,26.2,41908,16,买盘
1372,10:41:11,26.2,20953,8,买盘
1373,10:41:14,26.18,52371,20,卖盘
1374,10:41:17,26.2,5240,2,买盘
1375,10:41:20,26.18,65456,25,卖盘
1376,10:41:23,26.2,536572,205,买盘
1377,10:41:26,26.18,52362,20,卖盘
1378,10:41:32,26.19,2619,1,中性盘
1379,10:41:35,26.18,178044,68,卖盘
1380,10:41:38,26.18,5236,2,卖盘
1381,10:41:44,26.18,248710,95,卖盘
1382,10:41:47,26.19,26191,10,中性盘
1383,10:41:53,26.19,13098,5,中性盘
1384,10:41:56,26.18,23566,9,卖盘
1385,10:42:02,26.19,26183,10,买盘
1386,10:42:05,26.19,7855,3,买盘
1387,10:42:08,26.18,52360,20,卖盘
1388,10:42:11,26.19,23570,9,买盘
1389,10:42:14,26.18,86409,33,卖盘
1390,10:42:17,26.18,52362,20,卖盘
1391,10:42:20,26.17,26170,10,卖盘
1392,10:42:23,26.18,15708,6,买盘
1393,10:42:26,26.18,146608,56,买盘
1394,10:42:29,26.17,20941,8,卖盘
1395,10:42:35,26.18,2618,1,中性盘
1396,10:42:38,26.19,15714,6,买盘
1397,10:42:41,26.19,94251,36,买盘
1398,10:42:44,26.19,18333,7,买盘
1399,10:42:47,26.18,60216,23,卖盘
1400,10:42:50,26.18,96897,37,买盘
1401,10:42:53,26.18,2618,1,中性盘
1402,10:42:56,26.18,2618,1,买盘
1403,10:42:59,26.17,13085,5,卖盘
1404,10:43:02,26.18,31416,12,买盘
1405,10:43:05,26.19,49744,19,买盘
1406,10:43:08,26.2,364092,139,买盘
1407,10:43:11,26.2,10480,4,买盘
1408,10:43:14,26.2,34060,13,买盘
1409,10:43:17,26.2,335360,128,买盘
1410,10:43:20,26.2,78600,30,买盘
1411,10:43:23,26.2,47174,18,卖盘
1412,10:43:26,26.2,165065,63,卖盘
1413,10:43:29,26.21,15726,6,买盘
1414,10:43:32,26.2,5240,2,卖盘
1415,10:43:35,26.22,1334435,509,买盘
1416,10:43:38,26.23,41964,16,买盘
1417,10:43:41,26.23,264918,101,买盘
1418,10:43:44,26.23,154786,59,买盘
1419,10:43:47,26.24,241399,92,买盘
1420,10:43:50,26.25,162698,62,买盘
1421,10:43:53,26.25,217875,83,买盘
1422,10:43:56,26.27,4238251,1614,买盘
1423,10:43:59,26.26,257395,98,卖盘
1424,10:44:02,26.28,2995895,1140,买盘
1425,10:44:05,26.28,91980,35,买盘
1426,10:44:08,26.29,113016,43,买盘
1427,10:44:11,26.29,328602,125,买盘
1428,10:44:14,26.28,97245,37,卖盘
1429,10:44:17,26.29,1821211,693,买盘
1430,10:44:20,26.29,836006,318,买盘
1431,10:44:23,26.28,7884,3,中性盘
1432,10:44:26,26.29,244463,93,买盘
1433,10:44:29,26.28,181337,69,买盘
1434,10:44:32,26.29,207618,79,买盘
1435,10:44:35,26.28,228713,87,中性盘
1436,10:44:38,26.26,633083,241,卖盘
1437,10:44:41,26.28,638466,243,买盘
1438,10:44:44,26.26,5252,2,买盘
1439,10:44:47,26.28,89317,34,买盘
1440,10:44:50,26.25,63017,24,卖盘
1441,10:44:53,26.25,204751,78,卖盘
1442,10:44:56,26.25,52498,20,买盘
1443,10:44:59,26.26,126040,48,买盘
1444,10:45:02,26.24,10496,4,卖盘
1445,10:45:05,26.25,91850,35,买盘
1446,10:45:08,26.26,65632,25,买盘
1447,10:45:11,26.26,328355,125,买盘
1448,10:45:14,26.26,44642,17,卖盘
1449,10:45:17,26.26,741077,282,卖盘
1450,10:45:20,26.29,2758448,1049,买盘
1451,10:45:23,26.3,213011,81,买盘
1452,10:45:26,26.3,26296,10,买盘
1453,10:45:29,26.29,394485,150,卖盘
1454,10:45:32,26.3,126239,48,买盘
1455,10:45:35,26.3,307673,117,买盘
1456,10:45:38,26.29,107789,41,卖盘
1457,10:45:41,26.3,49957,19,买盘
1458,10:45:44,26.3,78890,30,买盘
1459,10:45:47,26.29,218202,83,卖盘
1460,10:45:50,26.29,28923,11,中性盘
1461,10:45:53,26.27,344199,131,卖盘
1462,10:45:56,26.29,110413,42,买盘
1463,10:45:59,26.29,13145,5,买盘
1464,10:46:02,26.29,370689,141,买盘
1465,10:46:05,26.3,1230812,468,买盘
1466,10:46:08,26.29,310315,118,卖盘
1467,10:46:11,26.29,26297,10,卖盘
1468,10:46:14,26.29,233973,89,买盘
1469,10:46:17,26.29,36806,14,买盘
1470,10:46:20,26.29,362810,138,卖盘
1471,10:46:23,26.29,520572,198,卖盘
1472,10:46:26,26.29,97273,37,买盘
1473,10:46:29,26.28,91999,35,卖盘
1474,10:46:32,26.27,60437,23,卖盘
1475,10:46:35,26.28,249548,95,买盘
1476,10:46:38,26.25,107629,41,卖盘
1477,10:46:41,26.25,141750,54,卖盘
1478,10:46:44,26.24,83994,32,卖盘
1479,10:46:47,26.26,63010,24,买盘
1480,10:46:50,26.25,89247,34,卖盘
1481,10:46:53,26.25,39391,15,卖盘
1482,10:46:56,26.25,57756,22,卖盘
1483,10:46:59,26.26,105022,40,买盘
1484,10:47:02,26.26,91910,35,买盘
1485,10:47:05,26.26,141810,54,卖盘
1486,10:47:08,26.26,2626,1,买盘
1487,10:47:11,26.26,57767,22,买盘
1488,10:47:14,26.26,102433,39,买盘
1489,10:47:17,26.26,91920,35,卖盘
1490,10:47:20,26.26,102414,39,卖盘
1491,10:47:23,26.26,5252,2,买盘
1492,10:47:26,26.26,210012,80,买盘
1493,10:47:29,26.26,44640,17,买盘
1494,10:47:35,26.26,2626,1,买盘
1495,10:47:38,26.26,291385,111,买盘
1496,10:47:41,26.25,28875,11,卖盘
1497,10:47:44,26.24,15746,6,卖盘
1498,10:47:47,26.25,18374,7,买盘
1499,10:47:50,26.25,107619,41,买盘
1500,10:47:53,26.25,13125,5,买盘
1501,10:47:56,26.25,246750,94,买盘
1502,10:48:02,26.26,18382,7,买盘
1503,10:48:05,26.26,47258,18,买盘
1504,10:48:11,26.25,28880,11,卖盘
1505,10:48:14,26.26,115544,44,买盘
1506,10:48:17,26.25,283501,108,卖盘
1507,10:48:20,26.26,753645,287,买盘
1508,10:48:23,26.26,63024,24,卖盘
1509,10:48:26,26.25,338709,129,卖盘
1510,10:48:29,26.25,144383,55,卖盘
1511,10:48:32,26.25,68250,26,卖盘
1512,10:48:35,26.26,31512,12,买盘
1513,10:48:38,26.26,10501,4,买盘
1514,10:48:41,26.25,926958,353,卖盘
1515,10:48:44,26.25,44625,17,卖盘
1516,10:48:47,26.25,26254,10,卖盘
1517,10:48:50,26.26,583213,222,中性盘
1518,10:48:53,26.26,13130,5,卖盘
1519,10:48:56,26.27,5254,2,买盘
1520,10:49:02,26.27,120842,46,买盘
1521,10:49:05,26.27,273105,104,买盘
1522,10:49:08,26.27,63048,24,买盘
1523,10:49:11,26.26,215475,82,卖盘
1524,10:49:14,26.27,375800,143,中性盘
1525,10:49:17,26.27,65687,25,卖盘
1526,10:49:20,26.28,5256,2,买盘
1527,10:49:23,26.26,168115,64,卖盘
1528,10:49:26,26.27,162871,62,买盘
1529,10:49:29,26.27,13135,5,买盘
1530,10:49:32,26.27,239040,91,买盘
1531,10:49:35,26.29,2890757,1100,买盘
1532,10:49:38,26.28,55191,21,卖盘
1533,10:49:41,26.28,39433,15,卖盘
1534,10:49:44,26.28,162936,62,卖盘
1535,10:49:47,26.28,26280,10,买盘
1536,10:49:50,26.28,34164,13,买盘
1537,10:49:53,26.28,294306,112,买盘
1538,10:49:56,26.28,39420,15,买盘
1539,10:49:59,26.3,2699690,1027,买盘
1540,10:50:02,26.29,1236089,470,卖盘
1541,10:50:05,26.32,3698053,1406,买盘
1542,10:50:08,26.34,1977463,751,买盘
1543,10:50:11,26.35,2065233,784,买盘
1544,10:50:14,26.35,787871,299,买盘
1545,10:50:17,26.37,1160285,440,买盘
1546,10:50:20,26.4,3501711,1327,买盘
1547,10:50:23,26.4,2104070,797,买盘
1548,10:50:26,26.42,332800,126,买盘
1549,10:50:29,26.4,108258,41,卖盘
1550,10:50:32,26.4,2164645,820,卖盘
1551,10:50:35,26.39,754793,286,卖盘
1552,10:50:38,26.37,155713,59,卖盘
1553,10:50:41,26.4,174191,66,买盘
1554,10:50:44,26.37,160971,61,卖盘
1555,10:50:47,26.39,166178,63,买盘
1556,10:50:50,26.39,34302,13,买盘
1557,10:50:53,26.37,195146,74,卖盘
1558,10:50:56,26.36,84387,32,卖盘
1559,10:50:59,26.37,366435,139,买盘
1560,10:51:02,26.36,656008,249,买盘
1561,10:51:05,26.36,126375,48,买盘
1562,10:51:08,26.33,128985,49,中性盘
1563,10:51:11,26.34,44744,17,中性盘
1564,10:51:14,26.32,44768,17,卖盘
1565,10:51:17,26.34,39511,15,中性盘
1566,10:51:20,26.35,263500,100,买盘
1567,10:51:23,26.36,176569,67,买盘
1568,10:51:26,26.35,150195,57,卖盘
1569,10:51:29,26.35,86955,33,卖盘
1570,10:51:32,26.36,18451,7,买盘
1571,10:51:35,26.35,263506,100,卖盘
1572,10:51:38,26.34,68485,26,卖盘
1573,10:51:41,26.33,34229,13,卖盘
1574,10:51:44,26.31,300038,114,卖盘
1575,10:51:47,26.3,368309,140,卖盘
1576,10:51:50,26.3,63114,24,卖盘
1577,10:51:53,26.31,52616,20,买盘
1578,10:51:56,26.32,21056,8,买盘
1579,10:51:59,26.31,10524,4,卖盘
1580,10:52:02,26.31,2631,1,卖盘
1581,10:52:05,26.32,86843,33,买盘
1582,10:52:08,26.31,31574,12,卖盘
1583,10:52:11,26.32,102648,39,买盘
1584,10:52:14,26.32,63168,24,买盘
1585,10:52:17,26.32,197400,75,卖盘
1586,10:52:20,26.33,100047,38,买盘
1587,10:52:23,26.31,181539,69,卖盘
1588,10:52:26,26.32,7894,3,买盘
1589,10:52:29,26.3,7892,3,卖盘
1590,10:52:32,26.31,26310,10,买盘
1591,10:52:35,26.31,152575,58,买盘
1592,10:52:38,26.3,291939,111,卖盘
1593,10:52:41,26.31,139440,53,买盘
1594,10:52:44,26.29,42071,16,卖盘
1595,10:52:47,26.3,10520,4,买盘
1596,10:52:50,26.29,15779,6,卖盘
1597,10:52:53,26.29,89391,34,卖盘
1598,10:52:56,26.3,39436,15,买盘
1599,10:52:59,26.29,13145,5,卖盘
1600,10:53:02,26.3,34183,13,买盘
1601,10:53:05,26.31,402391,153,买盘
1602,10:53:08,26.3,28932,11,卖盘
1603,10:53:11,26.31,247314,94,买盘
1604,10:53:17,26.31,13155,5,买盘
1605,10:53:20,26.3,81531,31,卖盘
1606,10:53:23,26.32,618299,235,买盘
1607,10:53:26,26.32,357952,136,买盘
1608,10:53:29,26.32,113179,43,中性盘
1609,10:53:35,26.33,39494,15,买盘
1610,10:53:38,26.33,136914,52,买盘
1611,10:53:41,26.33,7899,3,买盘
1612,10:53:44,26.33,139529,53,买盘
1613,10:53:47,26.33,18431,7,买盘
1614,10:53:50,26.33,26330,10,卖盘
1615,10:53:53,26.33,136916,52,卖盘
1616,10:53:56,26.34,13167,5,买盘
1617,10:53:59,26.33,57928,22,卖盘
1618,10:54:02,26.32,171183,65,卖盘
1619,10:54:05,26.32,205296,78,卖盘
1620,10:54:08,26.31,155261,59,卖盘
1621,10:54:11,26.3,78900,30,卖盘
1622,10:54:14,26.3,26302,10,卖盘
1623,10:54:17,26.3,52607,20,卖盘
1624,10:54:20,26.3,76272,29,卖盘
1625,10:54:23,26.3,63125,24,卖盘
1626,10:54:26,26.3,113090,43,卖盘
1627,10:54:29,26.3,47332,18,买盘
1628,10:54:35,26.29,36818,14,卖盘
1629,10:54:38,26.29,181403,69,卖盘
1630,10:54:41,26.28,52578,20,卖盘
1631,10:54:44,26.28,239152,91,卖盘
1632,10:54:47,26.28,494029,188,买盘
1633,10:54:50,26.28,15768,6,卖盘
1634,10:54:53,26.28,10513,4,卖盘
1635,10:54:56,26.28,47305,18,卖盘
1636,10:55:02,26.28,34164,13,卖盘
1637,10:55:05,26.29,92006,35,买盘
1638,10:55:08,26.28,118262,45,卖盘
1639,10:55:11,26.28,36797,14,卖盘
1640,10:55:14,26.28,34164,13,卖盘
1641,10:55:17,26.28,65701,25,卖盘
1642,10:55:20,26.28,68328,26,买盘
1643,10:55:23,26.28,5256,2,卖盘
1644,10:55:26,26.29,15774,6,买盘
1645,10:55:29,26.29,5258,2,买盘
1646,10:55:32,26.28,223453,85,卖盘
1647,10:55:35,26.29,21032,8,买盘
1648,10:55:38,26.29,42064,16,买盘
1649,10:55:41,26.29,21032,8,买盘
1650,10:55:44,26.29,60467,23,买盘
1651,10:55:47,26.29,5258,2,买盘
1652,10:55:50,26.28,13140,5,卖盘
1653,10:55:53,26.29,289180,110,买盘
1654,10:55:56,26.29,2629,1,买盘
1655,10:56:02,26.29,139313,53,买盘
1656,10:56:05,26.29,21032,8,买盘
1657,10:56:08,26.29,136688,52,买盘
1658,10:56:11,26.29,223465,85,买盘
1659,10:56:14,26.29,42064,16,买盘
1660,10:56:17,26.29,63109,24,卖盘
1661,10:56:20,26.3,15780,6,买盘
1662,10:56:23,26.3,63120,24,买盘
1663,10:56:26,26.31,794266,302,买盘
1664,10:56:29,26.31,52615,20,买盘
1665,10:56:32,26.31,7893,3,中性盘
1666,10:56:35,26.32,60531,23,买盘
1667,10:56:38,26.32,36848,14,买盘
1668,10:56:44,26.32,78984,30,卖盘
1669,10:56:47,26.33,89522,34,买盘
1670,10:56:50,26.34,392452,149,买盘
1671,10:56:53,26.32,684345,260,卖盘
1672,10:56:56,26.32,21056,8,买盘
1673,10:57:02,26.31,168385,64,卖盘
1674,10:57:05,26.3,65757,25,卖盘
1675,10:57:08,26.3,78895,30,卖盘
1676,10:57:11,26.29,231422,88,卖盘
1677,10:57:14,26.29,36810,14,卖盘
1678,10:57:17,26.3,18410,7,买盘
1679,10:57:20,26.3,39450,15,卖盘
1680,10:57:23,26.29,420853,160,卖盘
1681,10:57:26,26.32,152604,58,买盘
1682,10:57:29,26.31,13155,5,卖盘
1683,10:57:32,26.32,5264,2,买盘
1684,10:57:35,26.32,23680,9,买盘
1685,10:57:38,26.31,15788,6,卖盘
1686,10:57:41,26.32,15792,6,买盘
1687,10:57:44,26.31,315720,120,卖盘
1688,10:57:47,26.32,323665,123,买盘
1689,10:57:53,26.3,76270,29,卖盘
1690,10:57:56,26.31,194627,74,买盘
1691,10:57:59,26.31,47350,18,买盘
1692,10:58:02,26.31,60513,23,买盘
1693,10:58:08,26.31,5261,2,买盘
1694,10:58:11,26.3,18410,7,卖盘
1695,10:58:14,26.31,34203,13,买盘
1696,10:58:17,26.31,47348,18,卖盘
1697,10:58:20,26.3,265630,101,卖盘
1698,10:58:23,26.3,21040,8,卖盘
1699,10:58:26,26.31,52611,20,买盘
1700,10:58:29,26.3,89420,34,卖盘
1701,10:58:32,26.3,481290,183,卖盘
1702,10:58:38,26.3,5260,2,买盘
1703,10:58:41,26.3,305070,116,买盘
1704,10:58:44,26.3,42078,16,买盘
1705,10:58:47,26.3,197245,75,买盘
1706,10:58:50,26.3,92047,35,中性盘
1707,10:58:53,26.3,105200,40,卖盘
1708,10:58:56,26.3,178787,68,买盘
1709,10:58:59,26.3,270890,103,买盘
1710,10:59:02,26.3,118381,45,卖盘
1711,10:59:05,26.31,5262,2,买盘
1712,10:59:08,26.31,71014,27,买盘
1713,10:59:11,26.3,23678,9,卖盘
1714,10:59:14,26.31,257838,98,买盘
1715,10:59:17,26.3,97315,37,卖盘
1716,10:59:23,26.3,47355,18,卖盘
1717,10:59:26,26.31,399762,152,买盘
1718,10:59:29,26.3,39450,15,卖盘
1719,10:59:32,26.31,28925,11,买盘
1720,10:59:35,26.3,65765,25,买盘
1721,10:59:38,26.3,13149,5,买盘
1722,10:59:41,26.3,128877,49,卖盘
1723,10:59:47,26.31,68406,26,买盘
1724,10:59:50,26.31,320973,122,买盘
1725,10:59:53,26.32,249911,95,买盘
1726,10:59:56,26.32,570940,217,买盘
1727,10:59:59,26.31,97374,37,卖盘
1728,11:00:02,26.31,165814,63,卖盘
1729,11:00:05,26.33,663488,252,买盘
1730,11:00:08,26.34,176469,67,买盘
1731,11:00:11,26.34,208086,79,买盘
1732,11:00:14,26.34,18438,7,买盘
1733,11:00:17,26.34,539972,205,买盘
1734,11:00:20,26.34,142287,54,卖盘
1735,11:00:23,26.34,147504,56,卖盘
1736,11:00:26,26.34,202819,77,卖盘
1737,11:00:29,26.34,864189,328,卖盘
1738,11:00:32,26.34,431976,164,卖盘
1739,11:00:35,26.33,181718,69,卖盘
1740,11:00:38,26.33,31593,12,买盘
1741,11:00:41,26.33,52646,20,买盘
1742,11:00:44,26.34,73728,28,买盘
1743,11:00:47,26.33,247581,94,卖盘
1744,11:00:50,26.34,1056642,401,买盘
1745,11:00:53,26.32,300165,114,卖盘
1746,11:00:56,26.35,5270,2,买盘
1747,11:00:59,26.34,7902,3,卖盘
1748,11:01:02,26.35,118529,45,买盘
1749,11:01:05,26.35,7905,3,买盘
1750,11:01:11,26.34,50046,19,卖盘
1751,11:01:14,26.34,15799,6,买盘
1752,11:01:17,26.31,357942,136,卖盘
1753,11:01:20,26.3,428831,163,卖盘
1754,11:01:23,26.3,633830,241,卖盘
1755,11:01:26,26.3,310230,118,买盘
1756,11:01:29,26.3,39436,15,买盘
1757,11:01:32,26.3,18406,7,买盘
1758,11:01:35,26.29,10516,4,卖盘
1759,11:01:38,26.3,120969,46,买盘
1760,11:01:41,26.3,7892,3,卖盘
1761,11:01:44,26.3,73640,28,卖盘
1762,11:01:47,26.3,2630,1,买盘
1763,11:01:50,26.29,81499,31,卖盘
1764,11:01:53,26.29,162998,62,卖盘
1765,11:01:56,26.29,126146,48,买盘
1766,11:01:59,26.28,199758,76,卖盘
1767,11:02:02,26.28,231264,88,卖盘
1768,11:02:05,26.27,105080,40,卖盘
1769,11:02:08,26.27,126092,48,买盘
1770,11:02:11,26.28,91949,35,买盘
1771,11:02:14,26.27,47294,18,卖盘
1772,11:02:17,26.27,36780,14,卖盘
1773,11:02:20,26.28,233883,89,买盘
1774,11:02:26,26.29,94609,36,买盘
1775,11:02:29,26.28,10512,4,卖盘
1776,11:02:35,26.29,26290,10,买盘
1777,11:02:38,26.28,78842,30,卖盘
1778,11:02:41,26.29,34177,13,买盘
1779,11:02:44,26.28,57837,22,卖盘
1780,11:02:47,26.29,52575,20,买盘
1781,11:02:50,26.28,47306,18,卖盘
1782,11:02:53,26.27,105104,40,卖盘
1783,11:02:56,26.29,254923,97,买盘
1784,11:02:59,26.29,113047,43,卖盘
1785,11:03:02,26.27,585829,223,卖盘
1786,11:03:05,26.26,199582,76,卖盘
1787,11:03:08,26.26,614484,234,卖盘
1788,11:03:11,26.25,68250,26,卖盘
1789,11:03:14,26.25,13127,5,卖盘
1790,11:03:17,26.25,39376,15,卖盘
1791,11:03:20,26.26,76135,29,买盘
1792,11:03:23,26.25,34125,13,卖盘
1793,11:03:26,26.25,26250,10,卖盘
1794,11:03:29,26.25,152252,58,卖盘
1795,11:03:32,26.25,199500,76,卖盘
1796,11:03:35,26.25,215250,82,卖盘
1797,11:03:38,26.24,23618,9,卖盘
1798,11:03:41,26.24,23616,9,卖盘
1799,11:03:47,26.25,41986,16,买盘
1800,11:03:50,26.24,26240,10,卖盘
1801,11:03:53,26.24,550548,210,卖盘
1802,11:03:56,26.24,112775,43,买盘
1803,11:03:59,26.21,416854,159,卖盘
1804,11:04:02,26.21,144158,55,卖盘
1805,11:04:05,26.21,13105,5,卖盘
1806,11:04:08,26.22,115372,44,买盘
1807,11:04:11,26.23,28843,11,买盘
1808,11:04:14,26.21,78652,30,卖盘
1809,11:04:17,26.23,18357,7,买盘
1810,11:04:20,26.21,442949,169,卖盘
1811,11:04:26,26.22,275218,105,买盘
1812,11:04:29,26.21,104836,40,卖盘
1813,11:04:32,26.2,31448,12,卖盘
1814,11:04:35,26.21,5242,2,买盘
1815,11:04:38,26.2,110041,42,卖盘
1816,11:04:41,26.2,65501,25,卖盘
1817,11:04:44,26.2,770280,294,卖盘
1818,11:04:47,26.2,102180,39,卖盘
1819,11:04:50,26.19,20952,8,卖盘
1820,11:04:53,26.19,10476,4,卖盘
1821,11:04:56,26.19,31435,12,卖盘
1822,11:04:59,26.19,47150,18,卖盘
1823,11:05:02,26.2,102152,39,买盘
1824,11:05:05,26.19,5238,2,卖盘
1825,11:05:08,26.2,309160,118,买盘
1826,11:05:11,26.19,463563,177,卖盘
1827,11:05:14,26.19,23579,9,卖盘
1828,11:05:17,26.19,180715,69,卖盘
1829,11:05:23,26.19,31428,12,卖盘
1830,11:05:26,26.19,75951,29,卖盘
1831,11:05:29,26.2,5240,2,买盘
1832,11:05:35,26.2,41912,16,买盘
1833,11:05:38,26.21,180783,69,买盘
1834,11:05:41,26.21,57652,22,买盘
1835,11:05:44,26.21,120543,46,买盘
1836,11:05:47,26.23,73396,28,买盘
1837,11:05:50,26.23,7865,3,买盘
1838,11:05:53,26.23,76062,29,买盘
1839,11:05:56,26.22,52440,20,卖盘
1840,11:05:59,26.22,28842,11,买盘
1841,11:06:02,26.22,55062,21,买盘
1842,11:06:05,26.22,152076,58,买盘
1843,11:06:08,26.24,115401,44,买盘
1844,11:06:11,26.23,2623,1,卖盘
1845,11:06:14,26.23,15742,6,卖盘
1846,11:06:17,26.22,299019,114,卖盘
1847,11:06:20,26.21,13106,5,卖盘
1848,11:06:23,26.22,41952,16,买盘
1849,11:06:26,26.22,2622,1,买盘
1850,11:06:29,26.22,7866,3,买盘
1851,11:06:35,26.22,7866,3,买盘
1852,11:06:38,26.22,18354,7,买盘
1853,11:06:41,26.22,5244,2,买盘
1854,11:06:44,26.22,36708,14,买盘
1855,11:06:47,26.22,2622,1,买盘
1856,11:06:50,26.21,13105,5,卖盘
1857,11:06:53,26.22,26220,10,买盘
1858,11:06:56,26.22,26220,10,买盘
1859,11:06:59,26.22,49818,19,买盘
1860,11:07:02,26.22,13106,5,买盘
1861,11:07:05,26.22,23598,9,买盘
1862,11:07:08,26.22,5244,2,买盘
1863,11:07:11,26.21,36704,14,卖盘
1864,11:07:14,26.22,188784,72,买盘
1865,11:07:17,26.23,188786,72,买盘
1866,11:07:23,26.22,747677,285,卖盘
1867,11:07:26,26.22,110124,42,卖盘
1868,11:07:29,26.22,136346,52,卖盘
1869,11:07:32,26.21,217666,83,卖盘
1870,11:07:35,26.22,34081,13,买盘
1871,11:07:38,26.22,2622,1,买盘
1872,11:07:44,26.21,7863,3,卖盘
1873,11:07:47,26.22,128454,49,买盘
1874,11:07:50,26.22,10488,4,卖盘
1875,11:07:53,26.22,314640,120,卖盘
1876,11:07:56,26.22,138966,53,卖盘
1877,11:07:59,26.22,2622,1,买盘
1878,11:08:05,26.22,91770,35,买盘
1879,11:08:08,26.2,896386,342,卖盘
1880,11:08:11,26.2,34060,13,卖盘
1881,11:08:14,26.2,10480,4,卖盘
1882,11:08:17,26.2,125761,48,卖盘
1883,11:08:20,26.2,495181,189,卖盘
1884,11:08:23,26.2,10480,4,卖盘
1885,11:08:26,26.2,235800,90,卖盘
1886,11:08:29,26.2,36682,14,卖盘
1887,11:08:32,26.2,62880,24,卖盘
1888,11:08:35,26.2,311780,119,卖盘
1889,11:08:38,26.2,86461,33,卖盘
1890,11:08:41,26.19,47142,18,卖盘
1891,11:08:44,26.19,91665,35,卖盘
1892,11:08:47,26.19,149292,57,卖盘
1893,11:08:50,26.19,109998,42,卖盘
1894,11:08:53,26.19,204292,78,卖盘
1895,11:08:56,26.19,60237,23,卖盘
1896,11:08:59,26.19,36674,14,卖盘
1897,11:09:02,26.19,248805,95,卖盘
1898,11:09:05,26.2,23580,9,买盘
1899,11:09:08,26.2,115249,44,买盘
1900,11:09:11,26.2,78594,30,买盘
1901,11:09:14,26.2,44530,17,买盘
1902,11:09:17,26.2,151913,58,买盘
1903,11:09:20,26.19,91665,35,卖盘
1904,11:09:23,26.2,18340,7,买盘
1905,11:09:26,26.19,13095,5,卖盘
1906,11:09:29,26.2,209530,80,买盘
1907,11:09:32,26.2,78600,30,买盘
1908,11:09:35,26.2,20957,8,买盘
1909,11:09:38,26.2,44536,17,买盘
1910,11:09:41,26.19,151954,58,卖盘
1911,11:09:44,26.2,28820,11,买盘
1912,11:09:47,26.2,2620,1,买盘
1913,11:09:53,26.19,133569,51,卖盘
1914,11:09:56,26.19,133619,51,卖盘
1915,11:09:59,26.21,5242,2,买盘
1916,11:10:02,26.2,5240,2,中性盘
1917,11:10:05,26.2,131002,50,买盘
1918,11:10:08,26.2,2620,1,买盘
1919,11:10:11,26.2,31436,12,买盘
1920,11:10:17,26.19,60239,23,卖盘
1921,11:10:23,26.19,2619,1,卖盘
1922,11:10:26,26.2,2620,1,买盘
1923,11:10:29,26.19,7858,3,卖盘
1924,11:10:35,26.19,36671,14,卖盘
1925,11:10:38,26.2,5240,2,买盘
1926,11:10:41,26.2,7860,3,买盘
1927,11:10:44,26.2,112656,43,买盘
1928,11:10:47,26.2,13096,5,买盘
1929,11:10:50,26.2,1006080,384,买盘
1930,11:10:53,26.21,36694,14,买盘
1931,11:10:59,26.21,23589,9,买盘
1932,11:11:02,26.21,18347,7,买盘
1933,11:11:08,26.2,10481,4,卖盘
1934,11:11:11,26.21,34068,13,买盘
1935,11:11:17,26.21,183413,70,买盘
1936,11:11:20,26.2,70762,27,卖盘
1937,11:11:23,26.21,217541,83,买盘
1938,11:11:26,26.2,264624,101,卖盘
1939,11:11:29,26.2,28824,11,卖盘
1940,11:11:32,26.2,15722,6,卖盘
1941,11:11:35,26.21,269961,103,买盘
1942,11:11:38,26.21,285592,109,买盘
1943,11:11:41,26.2,44540,17,卖盘
1944,11:11:44,26.2,78600,30,卖盘
1945,11:11:47,26.21,5242,2,买盘
1946,11:11:50,26.2,10480,4,卖盘
1947,11:11:53,26.2,13100,5,卖盘
1948,11:11:56,26.2,13101,5,卖盘
1949,11:11:59,26.21,2621,1,买盘
1950,11:12:02,26.2,15721,6,卖盘
1951,11:12:05,26.21,212251,81,买盘
1952,11:12:08,26.21,57662,22,买盘
1953,11:12:11,26.21,73390,28,买盘
1954,11:12:14,26.22,13110,5,买盘
1955,11:12:17,26.21,15729,6,卖盘
1956,11:12:20,26.22,309396,118,买盘
1957,11:12:23,26.22,23596,9,买盘
1958,11:12:26,26.22,117990,45,买盘
1959,11:12:29,26.22,2622,1,卖盘
1960,11:12:32,26.23,34092,13,买盘
1961,11:12:41,26.22,52440,20,卖盘
1962,11:12:44,26.23,20984,8,买盘
1963,11:12:47,26.24,57706,22,买盘
1964,11:12:50,26.23,217709,83,卖盘
1965,11:12:53,26.23,20984,8,买盘
1966,11:12:59,26.24,107576,41,买盘
1967,11:13:02,26.23,41968,16,卖盘
1968,11:13:05,26.23,20984,8,买盘
1969,11:13:08,26.24,10494,4,买盘
1970,11:13:14,26.24,15744,6,买盘
1971,11:13:17,26.24,18368,7,买盘
1972,11:13:20,26.23,26230,10,卖盘
1973,11:13:23,26.24,78720,30,买盘
1974,11:13:26,26.23,826561,315,卖盘
1975,11:13:29,26.24,52462,20,买盘
1976,11:13:32,26.23,7869,3,卖盘
1977,11:13:35,26.23,26230,10,卖盘
1978,11:13:38,26.23,18363,7,卖盘
1979,11:13:41,26.23,152166,58,卖盘
1980,11:13:44,26.24,13120,5,买盘
1981,11:13:47,26.24,2624,1,买盘
1982,11:13:50,26.24,133824,51,买盘
1983,11:13:53,26.24,2624,1,卖盘
1984,11:13:56,26.24,26240,10,卖盘
1985,11:13:59,26.25,5250,2,买盘
1986,11:14:02,26.24,49856,19,卖盘
1987,11:14:05,26.24,47232,18,卖盘
1988,11:14:08,26.25,5250,2,买盘
1989,11:14:11,26.24,7872,3,卖盘
1990,11:14:14,26.24,18368,7,卖盘
1991,11:14:17,26.23,70831,27,卖盘
1992,11:14:20,26.23,20984,8,买盘
1993,11:14:26,26.22,26226,10,卖盘
1994,11:14:29,26.22,123275,47,卖盘
1995,11:14:32,26.23,2623,1,买盘
1996,11:14:35,26.22,13110,5,卖盘
1997,11:14:38,26.23,15738,6,买盘
1998,11:14:41,26.23,18361,7,买盘
1999,11:14:44,26.23,15738,6,买盘
2000,11:14:47,26.23,34100,13,买盘
2001,11:14:50,26.24,23609,9,买盘
2002,11:14:53,26.23,26238,10,卖盘
2003,11:14:56,26.24,5248,2,买盘
2004,11:14:59,26.24,5248,2,买盘
2005,11:15:08,26.23,36723,14,卖盘
2006,11:15:11,26.24,36736,14,买盘
2007,11:15:14,26.23,5246,2,卖盘
2008,11:15:17,26.24,15740,6,买盘
2009,11:15:20,26.23,31476,12,卖盘
2010,11:15:26,26.23,264930,101,卖盘
2011,11:15:29,26.23,13118,5,卖盘
2012,11:15:35,26.23,31484,12,卖盘
2013,11:15:38,26.23,170497,65,卖盘
2014,11:15:41,26.23,225574,86,买盘
2015,11:15:44,26.23,5247,2,卖盘
2016,11:15:47,26.24,5248,2,买盘
2017,11:15:50,26.24,78720,30,买盘
2018,11:15:53,26.27,593284,226,买盘
2019,11:15:59,26.26,21014,8,卖盘
2020,11:16:05,26.26,15756,6,卖盘
2021,11:16:08,26.27,52540,20,买盘
2022,11:16:14,26.26,31512,12,卖盘
2023,11:16:17,26.26,2626,1,买盘
2024,11:16:20,26.25,13125,5,卖盘
2025,11:16:29,26.25,5250,2,买盘
2026,11:16:32,26.24,15746,6,卖盘
2027,11:16:35,26.24,99712,38,卖盘
2028,11:16:38,26.24,97088,37,卖盘
2029,11:16:41,26.25,26241,10,买盘
2030,11:16:47,26.24,5248,2,卖盘
2031,11:16:50,26.24,20995,8,卖盘
2032,11:16:53,26.24,28872,11,卖盘
2033,11:16:56,26.25,7875,3,买盘
2034,11:16:59,26.25,7873,3,买盘
2035,11:17:05,26.24,2624,1,卖盘
2036,11:17:08,26.25,10500,4,买盘
2037,11:17:11,26.26,120752,46,买盘
2038,11:17:14,26.26,5252,2,买盘
2039,11:17:17,26.26,2626,1,买盘
2040,11:17:20,26.26,2626,1,买盘
2041,11:17:26,26.26,18377,7,买盘
2042,11:17:29,26.26,52516,20,买盘
2043,11:17:32,26.26,10504,4,买盘
2044,11:17:35,26.26,42012,16,买盘
2045,11:17:38,26.26,202182,77,买盘
2046,11:17:41,26.25,60393,23,卖盘
2047,11:17:47,26.26,543378,207,买盘
2048,11:17:50,26.25,280878,107,卖盘
2049,11:17:53,26.25,5250,2,卖盘
2050,11:17:56,26.24,561748,214,卖盘
2051,11:17:59,26.23,28855,11,卖盘
2052,11:18:02,26.24,39352,15,买盘
2053,11:18:05,26.23,76067,29,卖盘
2054,11:18:08,26.22,23600,9,卖盘
2055,11:18:11,26.22,57686,22,卖盘
2056,11:18:14,26.22,133743,51,卖盘
2057,11:18:17,26.22,10488,4,买盘
2058,11:18:20,26.21,26210,10,卖盘
2059,11:18:23,26.22,141573,54,买盘
2060,11:18:26,26.22,199272,76,买盘
2061,11:18:29,26.22,34084,13,买盘
2062,11:18:32,26.22,5244,2,买盘
2063,11:18:35,26.23,41956,16,买盘
2064,11:18:38,26.25,1135982,433,买盘
2065,11:18:41,26.26,65648,25,买盘
2066,11:18:44,26.26,7878,3,买盘
2067,11:18:47,26.25,63000,24,卖盘
2068,11:18:50,26.25,44627,17,卖盘
2069,11:18:56,26.24,28869,11,卖盘
2070,11:18:59,26.24,18363,7,中性盘
2071,11:19:02,26.23,36727,14,卖盘
2072,11:19:05,26.23,13115,5,卖盘
2073,11:19:08,26.23,2623,1,卖盘
2074,11:19:11,26.23,41980,16,卖盘
2075,11:19:14,26.24,65599,25,买盘
2076,11:19:17,26.24,41984,16,买盘
2077,11:19:20,26.24,44614,17,买盘
2078,11:19:23,26.24,296615,113,卖盘
2079,11:19:26,26.26,5252,2,买盘
2080,11:19:29,26.25,2625,1,买盘
2081,11:19:32,26.24,20992,8,卖盘
2082,11:19:35,26.24,78720,30,卖盘
2083,11:19:38,26.25,34119,13,买盘
2084,11:19:44,26.24,31496,12,卖盘
2085,11:19:47,26.24,68231,26,卖盘
2086,11:19:50,26.24,81344,31,卖盘
2087,11:19:53,26.23,49837,19,卖盘
2088,11:19:56,26.24,20986,8,买盘
2089,11:19:59,26.23,68199,26,卖盘
2090,11:20:02,26.23,183610,70,卖盘
2091,11:20:05,26.22,78660,30,卖盘
2092,11:20:08,26.23,62939,24,买盘
2093,11:20:11,26.23,57685,22,买盘
2094,11:20:14,26.23,18356,7,买盘
2095,11:20:17,26.22,49818,19,卖盘
2096,11:20:20,26.23,20979,8,买盘
2097,11:20:23,26.22,173102,66,卖盘
2098,11:20:26,26.23,34089,13,买盘
2099,11:20:29,26.23,5246,2,买盘
2100,11:20:32,26.22,36708,14,卖盘
2101,11:20:38,26.22,15727,6,买盘
2102,11:20:44,26.22,23593,9,买盘
2103,11:20:50,26.22,28835,11,买盘
2104,11:20:53,26.21,31452,12,卖盘
2105,11:20:56,26.21,322413,123,卖盘
2106,11:20:59,26.22,2622,1,买盘
2107,11:21:02,26.21,159881,61,卖盘
2108,11:21:05,26.2,7860,3,卖盘
2109,11:21:08,26.21,41922,16,买盘
2110,11:21:11,26.21,15725,6,买盘
2111,11:21:17,26.2,60260,23,卖盘
2112,11:21:20,26.21,7863,3,买盘
2113,11:21:23,26.2,120520,46,卖盘
2114,11:21:26,26.2,49780,19,卖盘
2115,11:21:29,26.2,28822,11,卖盘
2116,11:21:32,26.2,47160,18,卖盘
2117,11:21:35,26.2,70744,27,卖盘
2118,11:21:38,26.2,107421,41,卖盘
2119,11:21:41,26.2,70747,27,卖盘
2120,11:21:44,26.2,28820,11,卖盘
2121,11:21:47,26.2,597360,228,卖盘
2122,11:21:50,26.21,343282,131,买盘
2123,11:21:53,26.21,94355,36,买盘
2124,11:21:56,26.21,165090,63,买盘
2125,11:21:59,26.21,70767,27,买盘
2126,11:22:02,26.21,31452,12,买盘
2127,11:22:05,26.21,20968,8,买盘
2128,11:22:08,26.21,23584,9,买盘
2129,11:22:11,26.2,28821,11,卖盘
2130,11:22:14,26.2,13100,5,卖盘
2131,11:22:17,26.21,26210,10,买盘
2132,11:22:20,26.2,65511,25,卖盘
2133,11:22:23,26.21,89114,34,买盘
2134,11:22:26,26.2,110040,42,卖盘
2135,11:22:29,26.21,2621,1,买盘
2136,11:22:35,26.2,13100,5,卖盘
2137,11:22:38,26.21,31442,12,买盘
2138,11:22:41,26.2,26200,10,卖盘
2139,11:22:44,26.2,15720,6,卖盘
2140,11:22:47,26.2,115280,44,卖盘
2141,11:22:50,26.2,13101,5,卖盘
2142,11:22:53,26.21,128424,49,买盘
2143,11:22:59,26.21,188652,72,买盘
2144,11:23:02,26.21,78624,30,买盘
2145,11:23:05,26.2,23580,9,卖盘
2146,11:23:08,26.21,44546,17,买盘
2147,11:23:11,26.2,7860,3,卖盘
2148,11:23:14,26.2,125760,48,卖盘
2149,11:23:17,26.2,26200,10,卖盘
2150,11:23:20,26.2,23582,9,卖盘
2151,11:23:26,26.2,47160,18,卖盘
2152,11:23:29,26.21,39301,15,买盘
2153,11:23:32,26.2,23580,9,卖盘
2154,11:23:35,26.2,70760,27,卖盘
2155,11:23:38,26.21,5242,2,买盘
2156,11:23:41,26.21,10484,4,买盘
2157,11:23:44,26.21,131010,50,买盘
2158,11:23:47,26.2,2620,1,卖盘
2159,11:23:50,26.2,73361,28,卖盘
2160,11:23:53,26.2,18340,7,卖盘
2161,11:23:56,26.2,34052,13,买盘
2162,11:23:59,26.19,31430,12,卖盘
2163,11:24:02,26.2,180780,69,买盘
2164,11:24:05,26.2,81220,31,卖盘
2165,11:24:08,26.2,57640,22,卖盘
2166,11:24:11,26.2,26200,10,买盘
2167,11:24:14,26.2,83847,32,买盘
2168,11:24:17,26.2,238475,91,买盘
2169,11:24:20,26.2,2620,1,买盘
2170,11:24:23,26.2,2620,1,买盘
2171,11:24:29,26.19,18335,7,卖盘
2172,11:24:35,26.19,28809,11,卖盘
2173,11:24:38,26.19,26191,10,卖盘
2174,11:24:41,26.2,5240,2,买盘
2175,11:24:44,26.19,20953,8,卖盘
2176,11:24:47,26.19,5238,2,卖盘
2177,11:24:50,26.2,5240,2,买盘
2178,11:24:56,26.19,13095,5,卖盘
2179,11:24:59,26.2,52391,20,买盘
2180,11:25:05,26.2,7860,3,买盘
2181,11:25:08,26.19,41906,16,卖盘
2182,11:25:11,26.19,70713,27,卖盘
2183,11:25:14,26.19,52385,20,卖盘
2184,11:25:17,26.19,28809,11,卖盘
2185,11:25:20,26.2,86450,33,买盘
2186,11:25:23,26.2,86447,33,买盘
2187,11:25:26,26.19,86427,33,卖盘
2188,11:25:29,26.19,18335,7,卖盘
2189,11:25:32,26.2,57638,22,买盘
2190,11:25:35,26.19,13095,5,卖盘
2191,11:25:38,26.19,15715,6,卖盘
2192,11:25:41,26.19,52395,20,卖盘
2193,11:25:44,26.2,7860,3,买盘
2194,11:25:47,26.19,13095,5,卖盘
2195,11:25:50,26.19,52382,20,卖盘
2196,11:25:53,26.19,83824,32,卖盘
2197,11:25:56,26.19,1414260,540,卖盘
2198,11:25:59,26.19,36654,14,买盘
2199,11:26:02,26.18,123046,47,卖盘
2200,11:26:05,26.19,102104,39,买盘
2201,11:26:08,26.18,39271,15,卖盘
2202,11:26:11,26.18,39270,15,卖盘
2203,11:26:14,26.18,36652,14,卖盘
2204,11:26:17,26.18,13090,5,卖盘
2205,11:26:20,26.18,15710,6,卖盘
2206,11:26:23,26.18,5236,2,卖盘
2207,11:26:26,26.18,96866,37,卖盘
2208,11:26:29,26.19,54981,21,买盘
2209,11:26:35,26.18,157080,60,卖盘
2210,11:26:38,26.19,96868,37,买盘
2211,11:26:41,26.18,28805,11,卖盘
2212,11:26:44,26.18,5236,2,卖盘
2213,11:26:47,26.18,10472,4,卖盘
2214,11:26:50,26.18,1049819,401,卖盘
2215,11:26:53,26.17,18319,7,卖盘
2216,11:26:56,26.18,149222,57,买盘
2217,11:26:59,26.17,28791,11,卖盘
2218,11:27:02,26.17,442327,169,卖盘
2219,11:27:05,26.16,107256,41,卖盘
2220,11:27:08,26.17,26170,10,买盘
2221,11:27:11,26.16,68016,26,卖盘
2222,11:27:14,26.17,18314,7,买盘
2223,11:27:17,26.16,13080,5,卖盘
2224,11:27:20,26.16,57554,22,卖盘
2225,11:27:23,26.17,408252,156,买盘
2226,11:27:26,26.17,39256,15,卖盘
2227,11:27:29,26.17,5234,2,卖盘
2228,11:27:32,26.18,2618,1,买盘
2229,11:27:35,26.18,10472,4,买盘
2230,11:27:38,26.17,10468,4,卖盘
2231,11:27:41,26.17,39257,15,卖盘
2232,11:27:44,26.17,13085,5,卖盘
2233,11:27:50,26.16,392401,150,卖盘
2234,11:27:53,26.15,31387,12,卖盘
2235,11:27:56,26.15,70623,27,卖盘
2236,11:27:59,26.15,672055,257,卖盘
2237,11:28:02,26.14,875966,335,卖盘
2238,11:28:05,26.16,818778,313,买盘
2239,11:28:08,26.15,117716,45,卖盘
2240,11:28:11,26.16,2616,1,买盘
2241,11:28:14,26.15,83680,32,卖盘
2242,11:28:17,26.16,107222,41,买盘
2243,11:28:20,26.17,1287030,492,买盘
2244,11:28:23,26.17,15702,6,买盘
2245,11:28:29,26.17,15702,6,买盘
2246,11:28:32,26.17,18319,7,买盘
2247,11:28:35,26.17,78510,30,买盘
2248,11:28:38,26.16,552001,211,卖盘
2249,11:28:41,26.17,10468,4,中性盘
2250,11:28:44,26.17,91595,35,买盘
2251,11:28:47,26.17,5234,2,卖盘
2252,11:28:50,26.18,28798,11,买盘
2253,11:28:53,26.17,52340,20,卖盘
2254,11:28:56,26.17,99451,38,卖盘
2255,11:29:02,26.17,75893,29,卖盘
2256,11:29:05,26.17,128260,49,卖盘
2257,11:29:08,26.19,2619,1,买盘
2258,11:29:11,26.19,5238,2,买盘
2259,11:29:20,26.19,2619,1,买盘
2260,11:29:23,26.19,26190,10,买盘
2261,11:29:29,26.19,13095,5,买盘
2262,11:29:32,26.18,15710,6,卖盘
2263,11:29:35,26.18,225181,86,卖盘
2264,11:29:38,26.18,75922,29,卖盘
2265,11:29:41,26.2,2620,1,买盘
2266,11:29:44,26.19,2619,1,中性盘
2267,11:29:47,26.18,52363,20,卖盘
2268,11:29:56,26.19,2619,1,买盘
2269,13:00:02,26.19,65475,25,卖盘
2270,13:00:05,26.19,353618,135,卖盘
2271,13:00:08,26.19,1003142,383,卖盘
2272,13:00:11,26.19,157139,60,买盘
2273,13:00:14,26.19,764708,292,买盘
2274,13:00:17,26.18,301083,115,卖盘
2275,13:00:20,26.18,149228,57,卖盘
2276,13:00:23,26.19,68071,26,买盘
2277,13:00:26,26.18,397936,152,卖盘
2278,13:00:29,26.17,735449,281,卖盘
2279,13:00:32,26.18,217296,83,买盘
2280,13:00:35,26.19,123053,47,买盘
2281,13:00:38,26.19,13094,5,买盘
2282,13:00:41,26.18,125669,48,卖盘
2283,13:00:44,26.18,70686,27,卖盘
2284,13:00:47,26.17,117767,45,卖盘
2285,13:00:50,26.17,206752,79,卖盘
2286,13:00:53,26.18,369138,141,买盘
2287,13:00:56,26.18,26188,10,卖盘
2288,13:01:02,26.19,18333,7,买盘
2289,13:01:05,26.19,123093,47,买盘
2290,13:01:08,26.19,319494,122,买盘
2291,13:01:11,26.2,26200,10,买盘
2292,13:01:14,26.19,31436,12,卖盘
2293,13:01:17,26.19,5238,2,卖盘
2294,13:01:23,26.18,282832,108,卖盘
2295,13:01:26,26.19,136193,52,中性盘
2296,13:01:32,26.19,295737,113,买盘
2297,13:01:35,26.19,28809,11,买盘
2298,13:01:38,26.19,44523,17,买盘
2299,13:01:41,26.17,94274,36,卖盘
2300,13:01:44,26.18,57596,22,买盘
2301,13:01:47,26.18,15708,6,卖盘
2302,13:01:50,26.18,49755,19,卖盘
2303,13:01:56,26.19,39285,15,买盘
2304,13:01:59,26.18,62838,24,卖盘
2305,13:02:02,26.18,102112,39,卖盘
2306,13:02:05,26.18,175406,67,买盘
2307,13:02:08,26.19,34036,13,买盘
2308,13:02:11,26.18,62844,24,卖盘
2309,13:02:14,26.19,5238,2,买盘
2310,13:02:17,26.19,178092,68,买盘
2311,13:02:20,26.2,13097,5,买盘
2312,13:02:26,26.2,7860,3,买盘
2313,13:02:29,26.2,15720,6,买盘
2314,13:02:32,26.2,10480,4,买盘
2315,13:02:35,26.2,75979,29,买盘
2316,13:02:38,26.2,34060,13,买盘
2317,13:02:41,26.2,117900,45,买盘
2318,13:02:44,26.2,75980,29,买盘
2319,13:02:47,26.2,170300,65,买盘
2320,13:02:50,26.2,1367558,522,买盘
2321,13:02:53,26.2,70740,27,买盘
2322,13:02:56,26.19,26190,10,卖盘
2323,13:02:59,26.2,60260,23,买盘
2324,13:03:02,26.21,39315,15,买盘
2325,13:03:05,26.2,18344,7,卖盘
2326,13:03:08,26.2,5241,2,卖盘
2327,13:03:11,26.21,44559,17,卖盘
2328,13:03:14,26.22,18354,7,买盘
2329,13:03:17,26.22,5244,2,买盘
2330,13:03:20,26.22,70794,27,买盘
2331,13:03:23,26.22,83904,32,买盘
2332,13:03:26,26.23,60308,23,买盘
2333,13:03:29,26.23,55078,21,买盘
2334,13:03:32,26.23,18361,7,买盘
2335,13:03:35,26.23,49837,19,买盘
2336,13:03:38,26.23,26230,10,买盘
2337,13:03:41,26.23,5246,2,买盘
2338,13:03:44,26.23,20984,8,买盘
2339,13:03:47,26.23,44591,17,买盘
2340,13:03:50,26.23,157375,60,买盘
2341,13:03:53,26.23,267546,102,买盘
2342,13:03:56,26.23,55089,21,买盘
2343,13:03:59,26.24,57728,22,买盘
2344,13:04:02,26.24,18368,7,买盘
2345,13:04:05,26.24,23616,9,买盘
2346,13:04:08,26.24,70847,27,买盘
2347,13:04:11,26.24,68225,26,买盘
2348,13:04:14,26.25,47239,18,买盘
2349,13:04:17,26.25,81375,31,买盘
2350,13:04:20,26.25,26249,10,买盘
2351,13:04:23,26.25,44610,17,买盘
2352,13:04:26,26.25,372686,142,买盘
2353,13:04:29,26.26,173300,66,买盘
2354,13:04:35,26.26,15756,6,买盘
2355,13:04:38,26.27,105045,40,买盘
2356,13:04:41,26.27,10508,4,买盘
2357,13:04:44,26.27,5254,2,买盘
2358,13:04:47,26.27,65675,25,买盘
2359,13:04:53,26.26,396619,151,卖盘
2360,13:05:02,26.27,89310,34,买盘
2361,13:05:05,26.27,218041,83,买盘
2362,13:05:08,26.28,273262,104,买盘
2363,13:05:11,26.27,36792,14,卖盘
2364,13:05:14,26.28,18393,7,买盘
2365,13:05:17,26.28,5256,2,买盘
2366,13:05:20,26.28,617381,235,买盘
2367,13:05:23,26.27,244373,93,卖盘
2368,13:05:26,26.29,18403,7,买盘
2369,13:05:29,26.29,136672,52,买盘
2370,13:05:32,26.29,105159,40,买盘
2371,13:05:35,26.28,856855,326,卖盘
2372,13:05:38,26.26,55164,21,卖盘
2373,13:05:41,26.26,199610,76,卖盘
2374,13:05:44,26.26,283756,108,卖盘
2375,13:05:47,26.25,189112,72,卖盘
2376,13:05:50,26.24,44616,17,卖盘
2377,13:05:53,26.25,15750,6,中性盘
2378,13:05:56,26.25,191692,73,卖盘
2379,13:05:59,26.27,126072,48,买盘
2380,13:06:02,26.27,5254,2,买盘
2381,13:06:05,26.26,55165,21,卖盘
2382,13:06:08,26.27,5254,2,买盘
2383,13:06:11,26.27,18389,7,买盘
2384,13:06:14,26.28,49921,19,买盘
2385,13:06:17,26.27,183906,70,卖盘
2386,13:06:20,26.27,102455,39,卖盘
2387,13:06:26,26.28,57814,22,买盘
2388,13:06:29,26.28,52560,20,买盘
2389,13:06:32,26.28,23652,9,买盘
2390,13:06:35,26.28,10512,4,买盘
2391,13:06:38,26.28,81468,31,买盘
2392,13:06:41,26.28,68324,26,买盘
2393,13:06:44,26.28,42048,16,卖盘
2394,13:06:47,26.27,65675,25,卖盘
2395,13:06:50,26.28,228604,87,买盘
2396,13:06:53,26.28,131398,50,买盘
2397,13:06:56,26.27,63055,24,卖盘
2398,13:06:59,26.27,241684,92,卖盘
2399,13:07:02,26.27,26262,10,买盘
2400,13:07:05,26.26,57792,22,卖盘
2401,13:07:08,26.27,44655,17,买盘
2402,13:07:11,26.26,7880,3,卖盘
2403,13:07:14,26.26,76170,29,卖盘
2404,13:07:17,26.27,194378,74,买盘
2405,13:07:20,26.27,99822,38,买盘
2406,13:07:23,26.28,338923,129,买盘
2407,13:07:26,26.28,131377,50,买盘
2408,13:07:29,26.28,173438,66,买盘
2409,13:07:32,26.28,131400,50,买盘
2410,13:07:35,26.29,2932650,1116,买盘
2411,13:07:38,26.3,633638,241,买盘
2412,13:07:41,26.3,42080,16,买盘
2413,13:07:44,26.3,120967,46,买盘
2414,13:07:47,26.29,1409161,536,卖盘
2415,13:07:50,26.29,378572,144,买盘
2416,13:07:53,26.29,84128,32,买盘
2417,13:07:56,26.29,21032,8,卖盘
2418,13:07:59,26.3,286669,109,买盘
2419,13:08:02,26.29,1099280,418,卖盘
2420,13:08:05,26.3,97312,37,卖盘
2421,13:08:08,26.31,152598,58,买盘
2422,13:08:11,26.31,170992,65,中性盘
2423,13:08:14,26.3,318280,121,卖盘
2424,13:08:20,26.31,76299,29,卖盘
2425,13:08:23,26.31,13155,5,中性盘
2426,13:08:26,26.32,1000138,380,买盘
2427,13:08:29,26.31,268324,102,卖盘
2428,13:08:32,26.31,220922,84,买盘
2429,13:08:35,26.31,52616,20,买盘
2430,13:08:38,26.31,121045,46,买盘
2431,13:08:41,26.31,39465,15,买盘
2432,13:08:44,26.3,173616,66,卖盘
2433,13:08:47,26.3,136760,52,卖盘
2434,13:08:50,26.3,444472,169,卖盘
2435,13:08:53,26.3,7890,3,买盘
2436,13:08:56,26.3,144646,55,买盘
2437,13:08:59,26.3,76261,29,买盘
2438,13:09:02,26.29,31558,12,卖盘
2439,13:09:05,26.3,34184,13,买盘
2440,13:09:08,26.3,26300,10,买盘
2441,13:09:11,26.3,186730,71,买盘
2442,13:09:14,26.29,23661,9,卖盘
2443,13:09:17,26.29,21032,8,卖盘
2444,13:09:20,26.28,310217,118,卖盘
2445,13:09:23,26.29,13145,5,买盘
2446,13:09:26,26.28,31536,12,卖盘
2447,13:09:29,26.27,78836,30,卖盘
2448,13:09:32,26.27,60443,23,卖盘
2449,13:09:35,26.27,65694,25,卖盘
2450,13:09:38,26.28,10510,4,买盘
2451,13:09:41,26.27,26270,10,卖盘
2452,13:09:44,26.27,323121,123,卖盘
2453,13:09:47,26.28,110337,42,买盘
2454,13:09:50,26.28,5256,2,买盘
2455,13:09:53,26.27,15762,6,卖盘
2456,13:09:56,26.28,34153,13,买盘
2457,13:09:59,26.27,26270,10,卖盘
2458,13:10:02,26.27,63048,24,卖盘
2459,13:10:05,26.27,49913,19,卖盘
2460,13:10:08,26.27,21018,8,买盘
2461,13:10:11,26.27,97194,37,买盘
2462,13:10:14,26.26,52540,20,卖盘
2463,13:10:17,26.27,123469,47,买盘
2464,13:10:20,26.27,97230,37,卖盘
2465,13:10:23,26.27,13135,5,买盘
2466,13:10:26,26.26,141856,54,卖盘
2467,13:10:29,26.26,91913,35,卖盘
2468,13:10:32,26.26,44642,17,卖盘
2469,13:10:35,26.26,241594,92,卖盘
2470,13:10:38,26.27,23636,9,买盘
2471,13:10:41,26.27,853765,325,买盘
2472,13:10:44,26.27,60408,23,买盘
2473,13:10:47,26.26,44645,17,卖盘
2474,13:10:53,26.26,436022,166,卖盘
2475,13:10:56,26.26,97162,37,卖盘
2476,13:10:59,26.26,31512,12,卖盘
2477,13:11:02,26.27,2655858,1011,买盘
2478,13:11:08,26.27,23643,9,卖盘
2479,13:11:11,26.27,331002,126,卖盘
2480,13:11:14,26.27,68302,26,卖盘
2481,13:11:17,26.27,47287,18,卖盘
2482,13:11:20,26.26,15758,6,卖盘
2483,13:11:23,26.26,15756,6,卖盘
2484,13:11:26,26.26,78780,30,卖盘
2485,13:11:29,26.26,36771,14,卖盘
2486,13:11:32,26.26,162812,62,卖盘
2487,13:11:35,26.25,55125,21,卖盘
2488,13:11:38,26.24,934493,356,卖盘
2489,13:11:41,26.24,259544,99,卖盘
2490,13:11:44,26.23,2623,1,中性盘
2491,13:11:47,26.23,31476,12,卖盘
2492,13:11:50,26.23,18361,7,卖盘
2493,13:11:53,26.23,31476,12,卖盘
2494,13:11:59,26.23,49837,19,卖盘
2495,13:12:02,26.23,65575,25,卖盘
2496,13:12:05,26.24,62967,24,买盘
2497,13:12:08,26.24,5248,2,卖盘
2498,13:12:14,26.24,31488,12,卖盘
2499,13:12:17,26.23,13117,5,卖盘
2500,13:12:20,26.23,18361,7,买盘
2501,13:12:26,26.24,49858,19,买盘
2502,13:12:29,26.24,15744,6,中性盘
2503,13:12:32,26.25,215236,82,买盘
2504,13:12:35,26.24,393658,150,卖盘
2505,13:12:38,26.23,2623,1,卖盘
2506,13:12:44,26.25,18375,7,买盘
2507,13:12:47,26.24,10499,4,卖盘
2508,13:12:50,26.25,28875,11,买盘
2509,13:12:53,26.24,2624,1,卖盘
2510,13:12:56,26.26,91892,35,买盘
2511,13:13:02,26.26,39380,15,买盘
2512,13:13:05,26.26,31512,12,买盘
2513,13:13:08,26.26,63012,24,买盘
2514,13:13:11,26.25,36755,14,卖盘
2515,13:13:14,26.27,18388,7,买盘
2516,13:13:20,26.26,5252,2,买盘
2517,13:13:23,26.26,23634,9,买盘
2518,13:13:26,26.26,139178,53,买盘
2519,13:13:29,26.26,275730,105,卖盘
2520,13:13:35,26.25,57760,22,卖盘
2521,13:13:41,26.25,34122,13,买盘
2522,13:13:50,26.25,65625,25,买盘
2523,13:13:53,26.25,21000,8,买盘
2524,13:13:56,26.25,102375,39,买盘
2525,13:13:59,26.24,461824,176,卖盘
2526,13:14:02,26.26,532811,203,买盘
2527,13:14:05,26.27,512265,195,买盘
2528,13:14:08,26.27,152405,58,卖盘
2529,13:14:11,26.28,333756,127,买盘
2530,13:14:14,26.28,570244,217,买盘
2531,13:14:17,26.27,34163,13,卖盘
2532,13:14:20,26.28,68328,26,买盘
2533,13:14:23,26.28,65700,25,卖盘
2534,13:14:29,26.29,78870,30,买盘
2535,13:14:32,26.28,52560,20,卖盘
2536,13:14:35,26.28,118263,45,卖盘
2537,13:14:38,26.28,262800,100,买盘
2538,13:14:41,26.28,36792,14,买盘
2539,13:14:44,26.28,657150,250,买盘
2540,13:14:50,26.29,57838,22,买盘
2541,13:14:53,26.29,15774,6,卖盘
2542,13:14:56,26.29,433785,165,卖盘
2543,13:14:59,26.28,39429,15,卖盘
2544,13:15:05,26.28,81467,31,买盘
2545,13:15:08,26.25,320312,122,卖盘
2546,13:15:11,26.21,603225,230,卖盘
2547,13:15:14,26.25,123262,47,买盘
2548,13:15:17,26.25,34075,13,买盘
2549,13:15:20,26.21,20968,8,卖盘
2550,13:15:26,26.25,23625,9,买盘
2551,13:15:29,26.25,52474,20,买盘
2552,13:15:32,26.24,2624,1,卖盘
2553,13:15:35,26.23,2623,1,卖盘
2554,13:15:38,26.24,118037,45,中性盘
2555,13:15:41,26.23,5246,2,中性盘
2556,13:15:44,26.23,112789,43,中性盘
2557,13:15:47,26.24,73438,28,买盘
2558,13:15:50,26.24,10496,4,买盘
2559,13:15:53,26.25,5250,2,买盘
2560,13:15:56,26.24,10496,4,卖盘
2561,13:15:59,26.24,5248,2,卖盘
2562,13:16:02,26.25,55123,21,买盘
2563,13:16:05,26.26,5252,2,买盘
2564,13:16:08,26.25,126020,48,卖盘
2565,13:16:11,26.26,44642,17,买盘
2566,13:16:14,26.26,23634,9,买盘
2567,13:16:17,26.28,84096,32,买盘
2568,13:16:20,26.28,21024,8,买盘
2569,13:16:23,26.28,44667,17,买盘
2570,13:16:26,26.28,28908,11,买盘
2571,13:16:29,26.28,13140,5,买盘
2572,13:16:35,26.28,430992,164,买盘
2573,13:16:38,26.28,141913,54,卖盘
2574,13:16:41,26.28,118290,45,卖盘
2575,13:16:47,26.29,181386,69,买盘
2576,13:16:50,26.28,97236,37,卖盘
2577,13:16:53,26.27,141938,54,卖盘
2578,13:16:56,26.27,10508,4,卖盘
2579,13:16:59,26.28,68313,26,买盘
2580,13:17:02,26.27,10508,4,卖盘
2581,13:17:05,26.27,15762,6,卖盘
2582,13:17:08,26.27,18389,7,卖盘
2583,13:17:11,26.27,197025,75,卖盘
2584,13:17:14,26.26,23641,9,卖盘
2585,13:17:17,26.25,212698,81,卖盘
2586,13:17:20,26.25,13125,5,卖盘
2587,13:17:23,26.25,99810,38,卖盘
2588,13:17:29,26.25,13125,5,卖盘
2589,13:17:32,26.25,154892,59,卖盘
2590,13:17:35,26.26,15755,6,买盘
2591,13:17:38,26.26,2626,1,卖盘
2592,13:17:41,26.25,42015,16,卖盘
2593,13:17:44,26.25,5250,2,买盘
2594,13:17:50,26.25,42000,16,卖盘
2595,13:17:53,26.26,2626,1,买盘
2596,13:17:59,26.26,7878,3,卖盘
2597,13:18:02,26.26,65650,25,卖盘
2598,13:18:14,26.25,65645,25,卖盘
2599,13:18:17,26.26,39390,15,买盘
2600,13:18:20,26.26,39390,15,卖盘
2601,13:18:23,26.26,23634,9,买盘
2602,13:18:26,26.26,76154,29,买盘
2603,13:18:29,26.27,267884,102,买盘
2604,13:18:32,26.26,459650,175,卖盘
2605,13:18:35,26.27,28899,11,买盘
2606,13:18:38,26.26,26263,10,卖盘
2607,13:18:41,26.27,5254,2,中性盘
2608,13:18:44,26.27,34161,13,卖盘
2609,13:18:47,26.28,68328,26,买盘
2610,13:18:50,26.27,13135,5,卖盘
2611,13:18:53,26.27,89318,34,卖盘
2612,13:18:56,26.28,7882,3,买盘
2613,13:19:02,26.27,13139,5,卖盘
2614,13:19:05,26.28,10512,4,买盘
2615,13:19:08,26.28,76212,29,买盘
2616,13:19:11,26.28,55187,21,买盘
2617,13:19:14,26.28,31536,12,买盘
2618,13:19:17,26.27,63053,24,卖盘
2619,13:19:20,26.27,5254,2,卖盘
2620,13:19:23,26.28,118256,45,买盘
2621,13:19:26,26.28,23652,9,买盘
2622,13:19:29,26.28,55188,21,买盘
2623,13:19:32,26.28,115632,44,买盘
2624,13:19:35,26.28,236566,90,卖盘
2625,13:19:38,26.3,268096,102,买盘
2626,13:19:41,26.28,81513,31,卖盘
2627,13:19:44,26.3,1396509,531,买盘
2628,13:19:47,26.3,339207,129,买盘
2629,13:19:50,26.3,347129,132,买盘
2630,13:19:53,26.3,168320,64,买盘
2631,13:19:56,26.29,1141209,434,卖盘
2632,13:19:59,26.3,120913,46,买盘
2633,13:20:02,26.29,47322,18,卖盘
2634,13:20:05,26.3,220914,84,买盘
2635,13:20:08,26.28,491577,187,卖盘
2636,13:20:11,26.27,3586982,1365,卖盘
2637,13:20:14,26.26,78785,30,卖盘
2638,13:20:17,26.27,23635,9,买盘
2639,13:20:20,26.28,81447,31,买盘
2640,13:20:23,26.26,28896,11,卖盘
2641,13:20:26,26.26,183820,70,卖盘
2642,13:20:29,26.25,7875,3,卖盘
2643,13:20:32,26.26,131300,50,买盘
2644,13:20:35,26.25,94500,36,卖盘
2645,13:20:38,26.25,18375,7,买盘
2646,13:20:41,26.24,207299,79,卖盘
2647,13:20:44,26.24,18371,7,卖盘
2648,13:20:47,26.24,83968,32,卖盘
2649,13:20:56,26.24,15744,6,卖盘
2650,13:21:02,26.24,26240,10,卖盘
2651,13:21:05,26.24,55104,21,卖盘
2652,13:21:08,26.24,55104,21,卖盘
2653,13:21:11,26.24,26240,10,卖盘
2654,13:21:14,26.24,2624,1,卖盘
2655,13:21:17,26.24,39370,15,卖盘
2656,13:21:20,26.24,34112,13,卖盘
2657,13:21:26,26.25,837843,319,买盘
2658,13:21:29,26.24,81344,31,卖盘
2659,13:21:35,26.25,5250,2,中性盘
2660,13:21:38,26.24,10496,4,卖盘
2661,13:21:44,26.24,734720,280,卖盘
2662,13:21:47,26.25,178479,68,买盘
2663,13:21:53,26.23,146888,56,卖盘
2664,13:21:56,26.23,15742,6,卖盘
2665,13:22:02,26.23,36722,14,卖盘
2666,13:22:05,26.23,10492,4,卖盘
2667,13:22:08,26.23,5246,2,卖盘
2668,13:22:11,26.22,346233,132,卖盘
2669,13:22:14,26.22,26220,10,卖盘
2670,13:22:17,26.22,55062,21,卖盘
2671,13:22:26,26.22,18354,7,卖盘
2672,13:22:29,26.22,117990,45,卖盘
2673,13:22:32,26.23,858177,327,买盘
2674,13:22:35,26.22,18354,7,卖盘
2675,13:22:38,26.22,55062,21,卖盘
2676,13:22:44,26.21,78633,30,卖盘
2677,13:22:47,26.22,2622,1,中性盘
2678,13:22:50,26.22,65550,25,卖盘
2679,13:22:56,26.22,20976,8,卖盘
2680,13:22:59,26.23,2623,1,买盘
2681,13:23:05,26.22,31464,12,卖盘
2682,13:23:08,26.23,89178,34,买盘
2683,13:23:11,26.23,15738,6,买盘
2684,13:23:14,26.23,94399,36,中性盘
2685,13:23:17,26.23,34099,13,卖盘
2686,13:23:20,26.24,44602,17,买盘
2687,13:23:23,26.23,136417,52,卖盘
2688,13:23:26,26.26,76138,29,买盘
2689,13:23:29,26.26,21008,8,买盘
2690,13:23:32,26.27,13131,5,买盘
2691,13:23:35,26.27,21012,8,买盘
2692,13:23:50,26.27,21016,8,买盘
2693,13:23:53,26.25,57768,22,卖盘
2694,13:23:56,26.25,28875,11,买盘
2695,13:23:59,26.25,21000,8,买盘
2696,13:24:02,26.25,28875,11,买盘
2697,13:24:14,26.27,63048,24,买盘
2698,13:24:17,26.27,144485,55,买盘
2699,13:24:20,26.27,18389,7,卖盘
2700,13:24:26,26.27,42032,16,卖盘
2701,13:24:29,26.27,254819,97,卖盘
2702,13:24:35,26.26,76154,29,卖盘
2703,13:24:41,26.27,5254,2,买盘
2704,13:24:44,26.26,5252,2,卖盘
2705,13:24:53,26.27,18386,7,买盘
2706,13:24:59,26.26,141804,54,卖盘
2707,13:25:02,26.26,5252,2,卖盘
2708,13:25:05,26.26,42016,16,卖盘
2709,13:25:08,26.27,52540,20,买盘
2710,13:25:14,26.26,10504,4,卖盘
2711,13:25:17,26.27,26270,10,买盘
2712,13:25:23,26.27,73553,28,买盘
2713,13:25:26,26.26,262600,100,卖盘
2714,13:25:29,26.27,55167,21,买盘
2715,13:25:32,26.26,34143,13,卖盘
2716,13:25:35,26.27,152366,58,买盘
2717,13:25:38,26.28,10512,4,买盘
2718,13:25:41,26.27,483524,184,卖盘
2719,13:25:44,26.27,28897,11,卖盘
2720,13:25:47,26.29,60463,23,买盘
2721,13:25:50,26.29,2629,1,买盘
2722,13:25:53,26.27,52540,20,卖盘
2723,13:25:56,26.28,23652,9,买盘
2724,13:26:02,26.28,144543,55,卖盘
2725,13:26:11,26.28,28908,11,卖盘
2726,13:26:14,26.28,5256,2,卖盘
2727,13:26:17,26.29,18403,7,买盘
2728,13:26:20,26.29,7887,3,买盘
2729,13:26:23,26.29,344333,131,买盘
2730,13:26:26,26.28,113004,43,卖盘
2731,13:26:29,26.28,13140,5,卖盘
2732,13:26:32,26.28,63073,24,卖盘
2733,13:26:35,26.28,52570,20,卖盘
2734,13:26:38,26.28,386320,147,卖盘
2735,13:26:41,26.29,268153,102,买盘
2736,13:26:44,26.29,57826,22,买盘
2737,13:26:47,26.29,21032,8,买盘
2738,13:26:50,26.28,5256,2,中性盘
2739,13:26:59,26.27,34154,13,卖盘
2740,13:27:05,26.27,2627,1,卖盘
2741,13:27:08,26.27,31528,12,卖盘
2742,13:27:11,26.27,10508,4,卖盘
2743,13:27:14,26.28,76209,29,买盘
2744,13:27:17,26.29,21032,8,买盘
2745,13:27:20,26.28,84096,32,卖盘
2746,13:27:23,26.29,21032,8,买盘
2747,13:27:26,26.29,68354,26,买盘
2748,13:27:35,26.28,39420,15,卖盘
2749,13:27:38,26.29,5258,2,买盘
2750,13:27:41,26.29,28919,11,买盘
2751,13:27:44,26.28,57816,22,卖盘
2752,13:27:47,26.29,5258,2,买盘
2753,13:27:53,26.29,312840,119,买盘
2754,13:27:56,26.28,331234,126,卖盘
2755,13:27:59,26.29,23659,9,买盘
2756,13:28:02,26.28,475668,181,卖盘
2757,13:28:05,26.28,44676,17,卖盘
2758,13:28:08,26.29,44678,17,买盘
2759,13:28:11,26.29,10514,4,买盘
2760,13:28:17,26.29,262900,100,买盘
2761,13:28:20,26.29,18403,7,买盘
2762,13:28:26,26.28,68328,26,卖盘
2763,13:28:32,26.29,13145,5,买盘
2764,13:28:38,26.29,28919,11,买盘
2765,13:28:41,26.28,131418,50,卖盘
2766,13:28:47,26.28,7884,3,卖盘
2767,13:28:56,26.29,39428,15,买盘
2768,13:28:59,26.28,81468,31,卖盘
2769,13:29:02,26.28,55188,21,卖盘
2770,13:29:05,26.27,10508,4,卖盘
2771,13:29:08,26.28,10512,4,买盘
2772,13:29:11,26.28,102485,39,买盘
2773,13:29:14,26.27,42032,16,卖盘
2774,13:29:17,26.27,7881,3,卖盘
2775,13:29:23,26.27,13135,5,卖盘
2776,13:29:26,26.28,36787,14,买盘
2777,13:29:32,26.28,21024,8,买盘
2778,13:29:38,26.28,55171,21,买盘
2779,13:29:44,26.27,7881,3,卖盘
2780,13:29:47,26.27,307359,117,卖盘
2781,13:29:53,26.27,26270,10,卖盘
2782,13:29:56,26.27,89325,34,卖盘
2783,13:29:59,26.27,86710,33,卖盘
2784,13:30:02,26.27,7881,3,卖盘
2785,13:30:05,26.27,120843,46,卖盘
2786,13:30:08,26.27,13135,5,卖盘
2787,13:30:11,26.28,10509,4,买盘
2788,13:30:14,26.28,13140,5,买盘
2789,13:30:17,26.27,23644,9,卖盘
2790,13:30:20,26.27,21016,8,卖盘
2791,13:30:23,26.27,204906,78,卖盘
2792,13:30:26,26.27,120845,46,买盘
2793,13:30:29,26.27,102460,39,卖盘
2794,13:30:35,26.27,7881,3,买盘
2795,13:30:38,26.26,105040,40,卖盘
2796,13:30:44,26.27,144432,55,买盘
2797,13:30:47,26.26,42016,16,卖盘
2798,13:30:53,26.26,31512,12,卖盘
2799,13:30:56,26.26,36764,14,卖盘
2800,13:30:59,26.26,52527,20,卖盘
2801,13:31:02,26.26,5252,2,卖盘
2802,13:31:05,26.26,281082,107,卖盘
2803,13:31:08,26.26,52520,20,卖盘
2804,13:31:14,26.27,31516,12,买盘
2805,13:31:17,26.27,76177,29,买盘
2806,13:31:20,26.27,36778,14,买盘
2807,13:31:29,26.27,34151,13,卖盘
2808,13:31:32,26.27,307379,117,卖盘
2809,13:31:35,26.27,34151,13,卖盘
2810,13:31:38,26.27,7881,3,卖盘
2811,13:31:41,26.27,26270,10,卖盘
2812,13:31:50,26.27,26270,10,卖盘
2813,13:31:53,26.28,204910,78,买盘
2814,13:31:56,26.27,7881,3,中性盘
2815,13:31:59,26.28,44674,17,买盘
2816,13:32:02,26.26,614494,234,卖盘
2817,13:32:11,26.25,672000,256,卖盘
2818,13:32:14,26.24,188940,72,卖盘
2819,13:32:17,26.25,13125,5,买盘
2820,13:32:20,26.24,10496,4,卖盘
2821,13:32:23,26.24,57740,22,卖盘
2822,13:32:26,26.24,5248,2,卖盘
2823,13:32:29,26.25,89249,34,买盘
2824,13:32:32,26.25,147025,56,买盘
2825,13:32:35,26.24,76108,29,卖盘
2826,13:32:38,26.24,278160,106,卖盘
2827,13:32:41,26.24,120707,46,中性盘
2828,13:32:47,26.24,18368,7,卖盘
2829,13:32:50,26.25,52500,20,买盘
2830,13:32:59,26.26,18382,7,买盘
2831,13:33:02,26.25,86625,33,卖盘
2832,13:33:05,26.25,18375,7,中性盘
2833,13:33:08,26.25,70865,27,买盘
2834,13:33:11,26.25,39375,15,卖盘
2835,13:33:14,26.24,36742,14,卖盘
2836,13:33:17,26.25,68240,26,中性盘
2837,13:33:32,26.24,13120,5,卖盘
2838,13:33:35,26.25,52500,20,买盘
2839,13:33:41,26.25,5250,2,买盘
2840,13:33:44,26.24,2624,1,卖盘
2841,13:33:47,26.24,31499,12,卖盘
2842,13:33:50,26.24,57730,22,卖盘
2843,13:33:53,26.24,28864,11,卖盘
2844,13:33:56,26.24,78720,30,卖盘
2845,13:33:59,26.24,13120,5,卖盘
2846,13:34:02,26.25,538120,205,买盘
2847,13:34:05,26.24,23616,9,卖盘
2848,13:34:08,26.24,20999,8,卖盘
2849,13:34:11,26.24,26240,10,卖盘
2850,13:34:14,26.24,13120,5,卖盘
2851,13:34:23,26.25,28875,11,买盘
2852,13:34:26,26.25,13125,5,买盘
2853,13:34:29,26.25,47250,18,买盘
2854,13:34:32,26.25,252000,96,买盘
2855,13:34:35,26.25,39375,15,买盘
2856,13:34:38,26.25,341123,130,买盘
2857,13:34:41,26.24,36744,14,卖盘
2858,13:34:44,26.25,15750,6,买盘
2859,13:34:47,26.24,406720,155,卖盘
2860,13:34:50,26.24,314880,120,买盘
2861,13:34:53,26.24,123309,47,买盘
2862,13:34:56,26.24,86592,33,买盘
2863,13:34:59,26.23,5246,2,卖盘
2864,13:35:02,26.24,102334,39,买盘
2865,13:35:05,26.23,1067820,407,卖盘
2866,13:35:08,26.23,7869,3,买盘
2867,13:35:11,26.24,39340,15,买盘
2868,13:35:14,26.23,2623,1,卖盘
2869,13:35:17,26.24,10494,4,买盘
2870,13:35:20,26.24,15744,6,买盘
2871,13:35:23,26.24,73452,28,买盘
2872,13:35:26,26.24,13120,5,买盘
2873,13:35:29,26.24,10496,4,买盘
2874,13:35:32,26.23,41968,16,卖盘
2875,13:35:41,26.24,20988,8,买盘
2876,13:35:44,26.24,217742,83,买盘
2877,13:35:47,26.24,346368,132,买盘
2878,13:35:50,26.25,154828,59,买盘
2879,13:35:53,26.25,5250,2,买盘
2880,13:35:59,26.25,5250,2,买盘
2881,13:36:02,26.24,18368,7,卖盘
2882,13:36:05,26.25,7875,3,买盘
2883,13:36:08,26.24,39360,15,卖盘
2884,13:36:11,26.25,44625,17,买盘
2885,13:36:14,26.26,47254,18,买盘
2886,13:36:17,26.26,86658,33,买盘
2887,13:36:20,26.27,63025,24,买盘
2888,13:36:23,26.26,5252,2,买盘
2889,13:36:26,26.26,47268,18,买盘
2890,13:36:29,26.27,57787,22,买盘
2891,13:36:35,26.26,21008,8,卖盘
2892,13:36:41,26.27,84035,32,买盘
2893,13:36:44,26.27,18386,7,买盘
2894,13:36:47,26.27,18389,7,买盘
2895,13:36:53,26.26,26260,10,卖盘
2896,13:36:56,26.27,23643,9,买盘
2897,13:36:59,26.27,18389,7,买盘
2898,13:37:02,26.27,36765,14,买盘
2899,13:37:05,26.26,44644,17,卖盘
2900,13:37:11,26.27,28891,11,买盘
2901,13:37:14,26.26,2626,1,卖盘
2902,13:37:17,26.27,7881,3,买盘
2903,13:37:20,26.27,2627,1,买盘
2904,13:37:23,26.27,34150,13,买盘
2905,13:37:32,26.27,123452,47,买盘
2906,13:37:35,26.27,23642,9,买盘
2907,13:37:38,26.26,44642,17,卖盘
2908,13:37:47,26.25,267808,102,卖盘
2909,13:37:50,26.27,2627,1,买盘
2910,13:37:53,26.26,7878,3,卖盘
2911,13:38:02,26.26,18382,7,买盘
2912,13:38:05,26.27,18389,7,买盘
2913,13:38:08,26.26,26260,10,卖盘
2914,13:38:11,26.27,68292,26,买盘
2915,13:38:17,26.27,309920,118,买盘
2916,13:38:20,26.26,63045,24,卖盘
2917,13:38:23,26.27,68301,26,买盘
2918,13:38:26,26.27,76183,29,买盘
2919,13:38:29,26.26,112951,43,卖盘
2920,13:38:32,26.27,168128,64,买盘
2921,13:38:35,26.27,183887,70,买盘
2922,13:38:38,26.28,86707,33,买盘
2923,13:38:41,26.28,23651,9,买盘
2924,13:38:44,26.28,202356,77,买盘
2925,13:38:47,26.28,76212,29,买盘
2926,13:38:50,26.27,126100,48,卖盘
2927,13:38:53,26.27,5254,2,卖盘
2928,13:38:56,26.28,5256,2,买盘
2929,13:38:59,26.28,26280,10,买盘
2930,13:39:02,26.27,57794,22,卖盘
2931,13:39:08,26.28,15764,6,买盘
2932,13:39:14,26.28,26280,10,买盘
2933,13:39:17,26.27,15762,6,卖盘
2934,13:39:20,26.27,118215,45,卖盘
2935,13:39:23,26.28,65698,25,买盘
2936,13:39:29,26.27,5254,2,卖盘
2937,13:39:32,26.28,830427,316,买盘
2938,13:39:35,26.28,113004,43,买盘
2939,13:39:41,26.28,28908,11,买盘
2940,13:39:44,26.27,2627,1,卖盘
2941,13:39:47,26.28,10512,4,买盘
2942,13:39:50,26.28,162931,62,买盘
2943,13:39:53,26.27,44684,17,卖盘
2944,13:40:02,26.29,5258,2,买盘
2945,13:40:05,26.28,115632,44,卖盘
2946,13:40:08,26.29,52580,20,买盘
2947,13:40:11,26.29,2629,1,买盘
2948,13:40:14,26.28,2628,1,卖盘
2949,13:40:17,26.29,81480,31,买盘
2950,13:40:20,26.28,18401,7,卖盘
2951,13:40:23,26.29,260271,99,买盘
2952,13:40:26,26.29,47322,18,买盘
2953,13:40:29,26.29,328625,125,买盘
2954,13:40:32,26.28,60445,23,卖盘
2955,13:40:35,26.29,18403,7,买盘
2956,13:40:41,26.29,131450,50,买盘
2957,13:40:44,26.28,97238,37,卖盘
2958,13:40:50,26.29,94644,36,买盘
2959,13:40:53,26.28,205037,78,卖盘
2960,13:40:56,26.29,2629,1,买盘
2961,13:40:59,26.28,5257,2,卖盘
2962,13:41:02,26.28,1130795,430,卖盘
2963,13:41:05,26.29,23661,9,卖盘
2964,13:41:11,26.29,205094,78,卖盘
2965,13:41:14,26.29,113071,43,卖盘
2966,13:41:17,26.29,78870,30,卖盘
2967,13:41:20,26.29,107805,41,卖盘
2968,13:41:23,26.3,23669,9,买盘
2969,13:41:26,26.3,63116,24,买盘
2970,13:41:32,26.3,134130,51,买盘
2971,13:41:35,26.3,1941037,738,买盘
2972,13:41:44,26.3,2630,1,卖盘
2973,13:41:47,26.3,2630,1,卖盘
2974,13:41:53,26.31,31562,12,买盘
2975,13:41:56,26.3,376109,143,卖盘
2976,13:41:59,26.3,110460,42,买盘
2977,13:42:02,26.3,147260,56,买盘
2978,13:42:05,26.3,36820,14,买盘
2979,13:42:08,26.3,26300,10,买盘
2980,13:42:11,26.31,84161,32,买盘
2981,13:42:14,26.29,933561,355,卖盘
2982,13:42:17,26.29,99907,38,卖盘
2983,13:42:20,26.29,18408,7,卖盘
2984,13:42:23,26.3,15776,6,买盘
2985,13:42:26,26.29,31548,12,卖盘
2986,13:42:29,26.3,28920,11,买盘
2987,13:42:32,26.3,2630,1,买盘
2988,13:42:35,26.3,52581,20,买盘
2989,13:42:38,26.29,57838,22,卖盘
2990,13:42:41,26.29,49951,19,卖盘
2991,13:42:44,26.28,28918,11,卖盘
2992,13:42:47,26.29,7887,3,买盘
2993,13:42:53,26.28,26280,10,卖盘
2994,13:42:56,26.28,99864,38,卖盘
2995,13:42:59,26.28,42048,16,卖盘
2996,13:43:02,26.29,2629,1,买盘
2997,13:43:05,26.28,18396,7,卖盘
2998,13:43:11,26.29,36799,14,买盘
2999,13:43:14,26.28,26280,10,卖盘
3000,13:43:17,26.28,289080,110,卖盘
3001,13:43:20,26.27,173382,66,卖盘
3002,13:43:23,26.27,13135,5,卖盘
3003,13:43:26,26.27,81437,31,卖盘
3004,13:43:29,26.27,123480,47,卖盘
3005,13:43:32,26.27,28897,11,卖盘
3006,13:43:35,26.27,189145,72,卖盘
3007,13:43:38,26.27,5254,2,买盘
3008,13:43:41,26.26,632866,241,卖盘
3009,13:43:44,26.25,81375,31,卖盘
3010,13:43:47,26.26,131293,50,买盘
3011,13:43:50,26.25,120754,46,卖盘
3012,13:43:53,26.26,422781,161,买盘
3013,13:43:56,26.26,412282,157,卖盘
3014,13:43:59,26.25,525000,200,卖盘
3015,13:44:02,26.23,293883,112,卖盘
3016,13:44:05,26.24,474825,181,买盘
3017,13:44:08,26.22,57686,22,卖盘
3018,13:44:11,26.23,283282,108,买盘
3019,13:44:14,26.22,325137,124,卖盘
3020,13:44:17,26.22,256861,98,中性盘
3021,13:44:20,26.21,31456,12,中性盘
3022,13:44:23,26.23,154659,59,买盘
3023,13:44:26,26.18,5289489,2020,卖盘
3024,13:44:29,26.19,10476,4,卖盘
3025,13:44:32,26.2,91696,35,买盘
3026,13:44:35,26.2,15720,6,买盘
3027,13:44:38,26.19,36666,14,卖盘
3028,13:44:41,26.19,104780,40,卖盘
3029,13:44:44,26.19,214754,82,卖盘
3030,13:44:47,26.18,212130,81,卖盘
3031,13:44:50,26.17,41883,16,卖盘
3032,13:44:53,26.17,162255,62,卖盘
3033,13:44:56,26.17,44483,17,卖盘
3034,13:44:59,26.17,457803,175,买盘
3035,13:45:02,26.16,279958,107,卖盘
3036,13:45:05,26.16,81096,31,卖盘
3037,13:45:08,26.16,31392,12,买盘
3038,13:45:11,26.15,133373,51,卖盘
3039,13:45:14,26.16,39235,15,买盘
3040,13:45:17,26.15,31380,12,卖盘
3041,13:45:20,26.16,7848,3,买盘
3042,13:45:23,26.15,26150,10,卖盘
3043,13:45:26,26.15,143848,55,卖盘
3044,13:45:29,26.15,169980,65,卖盘
3045,13:45:32,26.15,457660,175,卖盘
3046,13:45:35,26.15,44453,17,买盘
3047,13:45:38,26.15,5230,2,买盘
3048,13:45:41,26.14,198705,76,卖盘
3049,13:45:44,26.15,154247,59,买盘
3050,13:45:47,26.14,135929,52,卖盘
3051,13:45:50,26.14,548940,210,卖盘
3052,13:45:53,26.14,154226,59,卖盘
3053,13:45:56,26.14,216960,83,买盘
3054,13:45:59,26.14,352805,135,买盘
3055,13:46:02,26.13,357990,137,卖盘
3056,13:46:05,26.13,297907,114,卖盘
3057,13:46:08,26.13,258598,99,买盘
3058,13:46:11,26.13,308273,118,买盘
3059,13:46:14,26.13,1123584,430,买盘
3060,13:46:17,26.13,96683,37,卖盘
3061,13:46:20,26.14,467776,179,买盘
3062,13:46:23,26.14,331871,127,买盘
3063,13:46:26,26.15,1338378,512,买盘
3064,13:46:29,26.17,353172,135,买盘
3065,13:46:32,26.16,141226,54,中性盘
3066,13:46:35,26.16,54936,21,买盘
3067,13:46:38,26.16,54936,21,买盘
3068,13:46:41,26.16,23544,9,买盘
3069,13:46:44,26.16,583265,223,买盘
3070,13:46:47,26.17,5234,2,买盘
3071,13:46:50,26.15,128180,49,卖盘
3072,13:46:53,26.17,7850,3,买盘
3073,13:46:59,26.16,5232,2,卖盘
3074,13:47:02,26.17,52340,20,买盘
3075,13:47:05,26.16,49704,19,卖盘
3076,13:47:08,26.16,70632,27,卖盘
3077,13:47:11,26.15,104639,40,卖盘
3078,13:47:14,26.16,44472,17,中性盘
3079,13:47:17,26.16,162161,62,卖盘
3080,13:47:20,26.16,73248,28,买盘
3081,13:47:23,26.16,196184,75,买盘
3082,13:47:29,26.16,2616,1,买盘
3083,13:47:32,26.15,39227,15,卖盘
3084,13:47:35,26.15,44459,17,卖盘
3085,13:47:38,26.16,39230,15,买盘
3086,13:47:41,26.16,138635,53,买盘
3087,13:47:44,26.15,494350,189,卖盘
3088,13:47:47,26.16,112478,43,买盘
3089,13:47:50,26.16,172654,66,买盘
3090,13:47:53,26.16,371440,142,买盘
3091,13:47:56,26.17,99445,38,买盘
3092,13:47:59,26.17,39255,15,买盘
3093,13:48:02,26.17,416103,159,买盘
3094,13:48:05,26.17,2617,1,卖盘
3095,13:48:08,26.17,49723,19,卖盘
3096,13:48:11,26.19,91635,35,买盘
3097,13:48:17,26.18,102075,39,买盘
3098,13:48:20,26.17,26170,10,卖盘
3099,13:48:23,26.17,34021,13,卖盘
3100,13:48:26,26.17,541791,207,卖盘
3101,13:48:29,26.17,49741,19,中性盘
3102,13:48:32,26.18,5235,2,买盘
3103,13:48:35,26.17,60191,23,卖盘
3104,13:48:38,26.17,810965,310,买盘
3105,13:48:41,26.16,20928,8,卖盘
3106,13:48:44,26.17,65414,25,买盘
3107,13:48:47,26.17,15702,6,买盘
3108,13:48:50,26.16,13082,5,卖盘
3109,13:48:53,26.16,73248,28,卖盘
3110,13:48:56,26.16,10464,4,卖盘
3111,13:48:59,26.16,68027,26,卖盘
3112,13:49:02,26.17,75865,29,买盘
3113,13:49:05,26.17,669936,256,买盘
3114,13:49:08,26.16,47090,18,卖盘
3115,13:49:11,26.16,78480,30,卖盘
3116,13:49:14,26.16,96827,37,卖盘
3117,13:49:17,26.17,274785,105,买盘
3118,13:49:20,26.17,107292,41,买盘
3119,13:49:23,26.17,57574,22,买盘
3120,13:49:29,26.18,5236,2,买盘
3121,13:49:32,26.18,2618,1,买盘
3122,13:49:35,26.18,83769,32,买盘
3123,13:49:38,26.18,198948,76,买盘
3124,13:49:41,26.19,49761,19,买盘
3125,13:49:44,26.19,188536,72,买盘
3126,13:49:47,26.2,269767,103,买盘
3127,13:49:50,26.2,36680,14,买盘
3128,13:49:56,26.19,75951,29,卖盘
3129,13:49:59,26.18,3794419,1449,卖盘
3130,13:50:02,26.19,175360,67,买盘
3131,13:50:05,26.16,78508,30,卖盘
