,成交时间,成交价格,成交金额,成交量,性质
0,09:25:04,5.27,594456,1128,卖盘
1,09:30:01,5.27,251906,478,买盘
2,09:30:04,5.27,20026,38,买盘
3,09:30:07,5.27,526272,999,买盘
4,09:30:10,5.27,121814,231,卖盘
5,09:30:13,5.28,60139,114,买盘
6,09:30:16,5.28,170944,324,买盘
7,09:30:19,5.29,115633,219,买盘
8,09:30:22,5.29,51808,98,买盘
9,09:30:25,5.27,365216,692,卖盘
10,09:30:28,5.28,179513,340,卖盘
11,09:30:31,5.28,395914,750,买盘
12,09:30:34,5.27,171587,325,卖盘
13,09:30:37,5.28,60210,114,买盘
14,09:30:40,5.28,51156,97,买盘
15,09:30:43,5.27,17918,34,卖盘
16,09:30:46,5.28,367953,698,买盘
17,09:30:49,5.27,49538,94,卖盘
18,09:30:52,5.27,527,1,买盘
19,09:30:55,5.27,12107,23,买盘
20,09:31:01,5.26,526,1,卖盘
21,09:31:04,5.26,99414,189,卖盘
22,09:31:07,5.26,49464,94,卖盘
23,09:31:10,5.26,3682,7,卖盘
24,09:31:13,5.26,5260,10,卖盘
25,09:31:16,5.26,104148,198,卖盘
26,09:31:19,5.26,12098,23,买盘
27,09:31:22,5.26,27878,53,买盘
28,09:31:25,5.26,88894,169,买盘
29,09:31:28,5.26,39976,76,买盘
30,09:31:31,5.25,125041,238,卖盘
31,09:31:34,5.26,82056,156,买盘
32,09:31:37,5.26,187782,357,买盘
33,09:31:40,5.26,57876,110,卖盘
34,09:31:43,5.27,10013,19,买盘
35,09:31:52,5.26,1579,3,卖盘
36,09:31:55,5.26,1052,2,卖盘
37,09:31:58,5.26,1578,3,卖盘
38,09:32:04,5.26,56282,107,卖盘
39,09:32:07,5.26,12100,23,卖盘
40,09:32:10,5.26,526,1,卖盘
41,09:32:13,5.26,90472,172,卖盘
42,09:32:16,5.26,4206,8,买盘
43,09:32:19,5.26,47340,90,买盘
44,09:32:22,5.26,270907,515,买盘
45,09:32:25,5.26,8416,16,买盘
46,09:32:28,5.25,1050,2,卖盘
47,09:32:31,5.27,19464,37,买盘
48,09:32:34,5.27,36890,70,买盘
49,09:32:37,5.27,58496,111,买盘
50,09:32:46,5.27,17917,34,买盘
51,09:32:55,5.26,5260,10,卖盘
52,09:33:01,5.27,31620,60,买盘
53,09:33:04,5.26,2104,4,卖盘
54,09:33:10,5.26,175158,333,卖盘
55,09:33:13,5.26,11044,21,买盘
56,09:33:16,5.26,5786,11,买盘
57,09:33:19,5.26,7890,15,买盘
58,09:33:22,5.26,14728,28,买盘
59,09:33:25,5.26,11047,21,中性盘
60,09:33:28,5.26,57884,110,卖盘
61,09:33:34,5.26,2104,4,卖盘
62,09:33:46,5.26,526,1,卖盘
63,09:33:49,5.26,526,1,卖盘
64,09:33:55,5.27,130169,247,买盘
65,09:33:58,5.27,135961,258,买盘
66,09:34:01,5.27,54304,103,卖盘
67,09:34:04,5.27,67456,128,卖盘
68,09:34:07,5.27,18441,35,卖盘
69,09:34:10,5.27,1581,3,中性盘
70,09:34:22,5.26,2104,4,卖盘
71,09:34:25,5.27,24242,46,买盘
72,09:34:31,5.26,3682,7,卖盘
73,09:34:46,5.27,527,1,买盘
74,09:34:49,5.26,2104,4,卖盘
75,09:34:58,5.26,1052,2,卖盘
76,09:35:04,5.27,4740,9,买盘
77,09:35:13,5.26,430268,818,卖盘
78,09:35:16,5.26,180975,344,卖盘
79,09:35:19,5.26,18936,36,卖盘
80,09:35:22,5.26,1578,3,卖盘
81,09:35:25,5.27,6313,12,买盘
82,09:35:31,5.26,1578,3,卖盘
83,09:35:34,5.26,208296,396,卖盘
84,09:35:37,5.26,16306,31,买盘
85,09:35:46,5.26,105200,200,买盘
86,09:35:49,5.26,102570,195,买盘
87,09:35:52,5.27,28458,54,买盘
88,09:36:04,5.27,80103,152,买盘
89,09:36:07,5.27,6851,13,买盘
90,09:36:13,5.27,2635,5,买盘
91,09:36:22,5.26,99940,190,卖盘
92,09:36:25,5.27,12121,23,买盘
93,09:36:43,5.26,1052,2,卖盘
94,09:36:46,5.26,526,1,卖盘
95,09:36:49,5.27,5265,10,买盘
96,09:36:55,5.26,10520,20,卖盘
97,09:36:58,5.27,2635,5,买盘
98,09:37:04,5.26,526,1,卖盘
99,09:37:07,5.26,526,1,卖盘
100,09:37:16,5.26,526,1,卖盘
101,09:37:22,5.26,3156,6,卖盘
102,09:37:28,5.26,5260,10,卖盘
103,09:37:31,5.27,527,1,买盘
104,09:37:43,5.27,19469,37,买盘
105,09:37:49,5.26,5265,10,卖盘
106,09:37:55,5.27,527,1,买盘
107,09:38:01,5.26,43658,83,卖盘
108,09:38:04,5.26,9468,18,卖盘
109,09:38:07,5.27,79049,150,买盘
110,09:38:13,5.27,7378,14,买盘
111,09:38:19,5.27,2635,5,买盘
112,09:38:22,5.27,3162,6,买盘
113,09:38:25,5.27,2635,5,买盘
114,09:38:34,5.27,2635,5,买盘
115,09:38:37,5.27,7905,15,买盘
116,09:38:43,5.27,7378,14,买盘
117,09:38:49,5.26,11056,21,卖盘
118,09:38:52,5.27,5797,11,买盘
119,09:38:55,5.27,5270,10,买盘
120,09:39:07,5.27,7378,14,买盘
121,09:39:10,5.27,3162,6,买盘
122,09:39:13,5.27,7905,15,买盘
123,09:39:19,5.26,16306,31,卖盘
124,09:39:22,5.27,8432,16,买盘
125,09:39:25,5.27,7903,15,买盘
126,09:39:28,5.27,7376,14,买盘
127,09:39:37,5.27,10535,20,买盘
128,09:39:40,5.27,3688,7,买盘
129,09:39:43,5.27,186019,353,买盘
130,09:39:46,5.27,25296,48,买盘
131,09:39:52,5.27,7905,15,买盘
132,09:39:55,5.27,5795,11,买盘
133,09:39:58,5.27,527,1,买盘
134,09:40:04,5.27,1054,2,买盘
135,09:40:07,5.27,13702,26,买盘
136,09:40:13,5.27,12121,23,买盘
137,09:40:16,5.27,527,1,买盘
138,09:40:22,5.27,2635,5,买盘
139,09:40:25,5.26,5267,10,卖盘
140,09:40:28,5.27,3162,6,买盘
141,09:40:31,5.26,1052,2,卖盘
142,09:40:34,5.27,5270,10,买盘
143,09:40:37,5.27,8425,16,买盘
144,09:40:40,5.26,30508,58,卖盘
145,09:40:43,5.27,12120,23,买盘
146,09:40:49,5.26,526,1,卖盘
147,09:40:52,5.26,1052,2,卖盘
148,09:40:55,5.26,4742,9,卖盘
149,09:40:58,5.26,2104,4,卖盘
150,09:41:01,5.26,3682,7,卖盘
151,09:41:04,5.26,152540,290,卖盘
152,09:41:07,5.26,102054,194,卖盘
153,09:41:10,5.26,180418,343,卖盘
154,09:41:13,5.26,26826,51,卖盘
155,09:41:16,5.26,1578,3,卖盘
156,09:41:19,5.26,136760,260,卖盘
157,09:41:22,5.26,133616,254,卖盘
158,09:41:25,5.26,53146,101,卖盘
159,09:41:31,5.26,41554,79,卖盘
160,09:41:34,5.26,65224,124,卖盘
161,09:41:37,5.26,47848,91,买盘
162,09:41:40,5.26,2630,5,买盘
163,09:41:46,5.26,3156,6,买盘
164,09:41:49,5.25,3675,7,卖盘
165,09:41:52,5.25,5250,10,卖盘
166,09:41:55,5.25,3677,7,卖盘
167,09:41:58,5.25,17850,34,卖盘
168,09:42:07,5.25,121275,231,卖盘
169,09:42:16,5.25,2100,4,卖盘
170,09:42:19,5.26,1052,2,买盘
171,09:42:25,5.25,1577,3,卖盘
172,09:42:28,5.26,228284,434,买盘
173,09:42:31,5.26,1236136,2349,买盘
174,09:42:34,5.27,163897,311,买盘
175,09:42:37,5.27,20026,38,买盘
176,09:42:40,5.27,35836,68,买盘
177,09:42:43,5.27,5797,11,买盘
178,09:42:46,5.27,3162,6,买盘
179,09:42:49,5.26,11066,21,卖盘
180,09:42:58,5.27,527,1,买盘
181,09:43:04,5.26,526,1,卖盘
182,09:43:10,5.27,527,1,买盘
183,09:43:16,5.27,593929,1127,买盘
184,09:43:19,5.28,14255,27,买盘
185,09:43:22,5.28,88176,167,买盘
186,09:43:25,5.28,8975,17,买盘
187,09:43:28,5.28,117744,223,买盘
188,09:43:31,5.29,115851,219,买盘
189,09:43:34,5.29,279871,529,买盘
190,09:43:37,5.3,10600,20,买盘
191,09:43:40,5.3,16419,31,买盘
192,09:43:46,5.3,29150,55,买盘
193,09:43:49,5.29,3709,7,卖盘
194,09:43:52,5.29,529,1,卖盘
195,09:43:55,5.3,6887,13,买盘
196,09:43:58,5.29,21160,40,卖盘
197,09:44:04,5.29,158829,300,卖盘
198,09:44:07,5.29,1058,2,卖盘
199,09:44:10,5.3,14300,27,买盘
200,09:44:16,5.3,5300,10,买盘
201,09:44:19,5.3,17464,33,买盘
202,09:44:22,5.3,7420,14,买盘
203,09:44:25,5.3,109510,207,买盘
204,09:44:28,5.29,23276,44,卖盘
205,09:44:31,5.29,114793,217,卖盘
206,09:44:34,5.28,3702,7,卖盘
207,09:44:37,5.29,399395,755,买盘
208,09:44:40,5.3,137024,259,买盘
209,09:44:43,5.29,12167,23,卖盘
210,09:44:46,5.3,9527,18,买盘
211,09:44:49,5.29,29630,56,中性盘
212,09:44:52,5.29,75118,142,中性盘
213,09:44:55,5.29,3174,6,买盘
214,09:44:58,5.28,2640,5,卖盘
215,09:45:01,5.29,2116,4,买盘
216,09:45:04,5.29,2645,5,买盘
217,09:45:13,5.29,1058,2,买盘
218,09:45:19,5.29,3174,6,买盘
219,09:45:22,5.29,529,1,买盘
220,09:45:25,5.29,8993,17,买盘
221,09:45:28,5.28,51216,97,卖盘
222,09:45:34,5.29,30153,57,买盘
223,09:45:37,5.29,529,1,买盘
224,09:45:40,5.29,60306,114,买盘
225,09:45:43,5.28,4757,9,卖盘
226,09:45:46,5.29,11109,21,买盘
227,09:45:49,5.29,11109,21,买盘
228,09:45:52,5.29,141772,268,买盘
229,09:45:55,5.29,12167,23,买盘
230,09:45:58,5.29,192027,363,买盘
231,09:46:01,5.29,69828,132,买盘
232,09:46:04,5.29,42320,80,买盘
233,09:46:07,5.29,13754,26,买盘
234,09:46:10,5.29,72473,137,买盘
235,09:46:13,5.3,1762741,3326,买盘
236,09:46:16,5.31,58393,110,买盘
237,09:46:19,5.3,125838,237,卖盘
238,09:46:22,5.31,299484,564,买盘
239,09:46:25,5.31,1251567,2357,买盘
240,09:46:28,5.31,179406,338,卖盘
241,09:46:31,5.3,45127,85,卖盘
242,09:46:34,5.31,49383,93,买盘
243,09:46:37,5.31,3185,6,买盘
244,09:46:40,5.31,110448,208,买盘
245,09:46:43,5.31,30797,58,买盘
246,09:46:46,5.31,34515,65,买盘
247,09:46:49,5.31,531,1,买盘
248,09:46:52,5.31,24426,46,买盘
249,09:46:55,5.31,305856,576,买盘
250,09:46:58,5.31,80712,152,卖盘
251,09:47:01,5.32,532,1,买盘
252,09:47:04,5.31,32427,61,卖盘
253,09:47:07,5.31,22334,42,卖盘
254,09:47:10,5.31,29254,55,卖盘
255,09:47:13,5.32,3191,6,买盘
256,09:47:16,5.32,59477,112,买盘
257,09:47:22,5.31,3186,6,卖盘
258,09:47:25,5.31,18597,35,卖盘
259,09:47:28,5.31,23364,44,卖盘
260,09:47:34,5.31,37721,71,卖盘
261,09:47:40,5.32,1603818,3015,买盘
262,09:47:43,5.33,666700,1251,买盘
263,09:47:46,5.34,24519,46,买盘
264,09:47:49,5.34,41081,77,买盘
265,09:47:52,5.34,225871,423,买盘
266,09:47:55,5.34,173016,324,买盘
267,09:47:58,5.34,288894,541,买盘
268,09:48:01,5.34,61944,116,卖盘
269,09:48:04,5.34,5873,11,买盘
270,09:48:07,5.33,32027,60,卖盘
271,09:48:10,5.34,421834,790,买盘
272,09:48:13,5.33,72073,135,卖盘
273,09:48:16,5.34,534,1,买盘
274,09:48:19,5.34,276078,517,买盘
275,09:48:22,5.34,64061,120,买盘
276,09:48:25,5.34,67698,127,买盘
277,09:48:28,5.34,15486,29,买盘
278,09:48:31,5.33,328835,616,卖盘
279,09:48:34,5.33,34699,65,卖盘
280,09:48:37,5.34,534,1,买盘
281,09:48:40,5.33,147108,276,卖盘
282,09:48:43,5.33,93808,176,买盘
283,09:48:46,5.33,7462,14,买盘
284,09:48:49,5.32,30912,58,卖盘
285,09:48:52,5.32,30327,57,卖盘
286,09:48:55,5.33,1066,2,买盘
287,09:48:58,5.32,20252,38,卖盘
288,09:49:07,5.33,45772,86,买盘
289,09:49:13,5.32,94166,177,卖盘
290,09:49:16,5.32,71305,134,卖盘
291,09:49:19,5.32,20222,38,卖盘
292,09:49:22,5.32,77156,145,卖盘
293,09:49:25,5.33,34582,65,买盘
294,09:49:28,5.32,532,1,卖盘
295,09:49:31,5.33,3198,6,买盘
296,09:49:34,5.32,31925,60,卖盘
297,09:49:37,5.32,1064,2,卖盘
298,09:49:40,5.32,13832,26,卖盘
299,09:49:43,5.32,33517,63,卖盘
300,09:49:46,5.32,77672,146,卖盘
301,09:49:49,5.32,38304,72,买盘
302,09:49:52,5.32,11168,21,买盘
303,09:49:55,5.31,16490,31,卖盘
304,09:49:58,5.32,15428,29,买盘
305,09:50:01,5.31,7437,14,卖盘
306,09:50:07,5.31,1062,2,卖盘
307,09:50:10,5.32,1596,3,买盘
308,09:50:19,5.32,3192,6,买盘
309,09:50:22,5.32,2660,5,买盘
310,09:50:25,5.32,17556,33,买盘
311,09:50:28,5.32,13832,26,买盘
312,09:50:31,5.31,310104,584,卖盘
313,09:50:34,5.3,56196,106,卖盘
314,09:50:37,5.3,6892,13,卖盘
315,09:50:40,5.3,195570,369,卖盘
316,09:50:43,5.3,3180,6,卖盘
317,09:50:46,5.3,1060,2,卖盘
318,09:50:49,5.3,530,1,卖盘
319,09:50:52,5.3,39220,74,卖盘
320,09:50:55,5.3,19610,37,卖盘
321,09:50:58,5.3,43460,82,卖盘
322,09:51:01,5.29,365068,689,卖盘
323,09:51:04,5.29,76712,145,卖盘
324,09:51:07,5.29,74600,141,卖盘
325,09:51:10,5.29,24873,47,卖盘
326,09:51:13,5.29,529,1,卖盘
327,09:51:16,5.3,16430,31,买盘
328,09:51:19,5.29,89401,169,卖盘
329,09:51:22,5.29,319516,604,卖盘
330,09:51:25,5.29,53431,101,卖盘
331,09:51:28,5.28,63365,120,卖盘
332,09:51:31,5.28,10560,20,卖盘
333,09:51:40,5.29,20102,38,买盘
334,09:51:43,5.29,5819,11,买盘
335,09:51:52,5.29,3174,6,买盘
336,09:51:55,5.29,9522,18,买盘
337,09:52:01,5.29,231695,438,买盘
338,09:52:07,5.29,11094,21,买盘
339,09:52:16,5.29,9509,18,买盘
340,09:52:19,5.29,3174,6,买盘
341,09:52:22,5.29,52900,100,买盘
342,09:52:25,5.29,1587,3,买盘
343,09:52:37,5.29,3174,6,买盘
344,09:52:52,5.28,76665,145,卖盘
345,09:52:55,5.29,1058,2,买盘
346,09:52:58,5.28,528,1,卖盘
347,09:53:10,5.29,3174,6,买盘
348,09:53:13,5.29,4232,8,买盘
349,09:53:19,5.29,9522,18,买盘
350,09:53:22,5.29,3174,6,买盘
351,09:53:25,5.29,18515,35,买盘
352,09:53:28,5.28,1056,2,卖盘
353,09:53:31,5.29,529,1,买盘
354,09:53:34,5.29,5290,10,买盘
355,09:53:37,5.29,19032,36,买盘
356,09:53:40,5.29,6872,13,买盘
357,09:53:46,5.29,1058,2,买盘
358,09:53:52,5.29,3703,7,买盘
359,09:53:55,5.29,11638,22,买盘
360,09:53:58,5.29,2113,4,买盘
361,09:54:01,5.28,528,1,卖盘
362,09:54:04,5.29,1058,2,买盘
363,09:54:07,5.29,11108,21,买盘
364,09:54:10,5.29,3174,6,买盘
365,09:54:19,5.29,52900,100,买盘
366,09:54:25,5.28,1586,3,卖盘
367,09:54:31,5.28,1584,3,卖盘
368,09:54:37,5.28,165792,314,卖盘
369,09:54:40,5.28,87648,166,卖盘
370,09:54:43,5.29,12677,24,买盘
371,09:54:46,5.28,32208,61,卖盘
372,09:54:49,5.28,1056,2,卖盘
373,09:54:52,5.29,42320,80,买盘
374,09:54:55,5.29,9512,18,买盘
375,09:54:58,5.28,17424,33,卖盘
376,09:55:01,5.29,529,1,买盘
377,09:55:04,5.28,11088,21,卖盘
378,09:55:07,5.28,16907,32,卖盘
379,09:55:10,5.28,5280,10,卖盘
380,09:55:13,5.28,8976,17,卖盘
381,09:55:16,5.28,20064,38,卖盘
382,09:55:19,5.27,1053876,1996,卖盘
383,09:55:22,5.28,36409,69,买盘
384,09:55:25,5.28,2640,5,买盘
385,09:55:34,5.27,240342,456,卖盘
386,09:55:37,5.27,18445,35,卖盘
387,09:55:40,5.27,7909,15,卖盘
388,09:55:43,5.27,84847,161,卖盘
389,09:55:46,5.27,61132,116,卖盘
390,09:55:49,5.28,13185,25,买盘
391,09:55:52,5.27,19499,37,卖盘
392,09:55:55,5.28,6326,12,买盘
393,09:56:01,5.27,527,1,卖盘
394,09:56:04,5.27,316727,601,卖盘
395,09:56:07,5.27,50592,96,卖盘
396,09:56:10,5.27,98022,186,卖盘
397,09:56:22,5.27,158100,300,买盘
398,09:56:28,5.27,7365,14,买盘
399,09:56:31,5.27,27404,52,买盘
400,09:56:34,5.27,4743,9,买盘
401,09:56:43,5.27,14756,28,买盘
402,09:56:46,5.27,6851,13,买盘
403,09:56:55,5.27,527,1,买盘
404,09:57:07,5.27,2635,5,买盘
405,09:57:13,5.27,17918,34,买盘
406,09:57:16,5.26,1052,2,卖盘
407,09:57:19,5.27,6851,13,买盘
408,09:57:25,5.27,527,1,买盘
409,09:57:37,5.27,7378,14,买盘
410,09:57:43,5.26,526,1,卖盘
411,09:57:49,5.27,527,1,买盘
412,09:57:52,5.26,9468,18,卖盘
413,09:57:55,5.26,24727,47,卖盘
414,09:57:58,5.27,8424,16,买盘
415,09:58:04,5.26,15780,30,卖盘
416,09:58:16,5.27,5270,10,买盘
417,09:58:22,5.27,5270,10,买盘
418,09:58:25,5.27,13702,26,买盘
419,09:58:40,5.26,2104,4,卖盘
420,09:58:55,5.26,17359,33,卖盘
421,09:58:58,5.26,122032,232,卖盘
422,09:59:01,5.26,15254,29,卖盘
423,09:59:07,5.26,1578,3,卖盘
424,09:59:10,5.27,3157,6,买盘
425,09:59:13,5.26,2630,5,卖盘
426,09:59:16,5.26,184100,350,卖盘
427,09:59:19,5.26,36307,69,卖盘
428,09:59:28,5.26,16306,31,卖盘
429,09:59:34,5.27,6314,12,买盘
430,09:59:37,5.26,2630,5,卖盘
431,09:59:55,5.27,290904,552,买盘
432,09:59:58,5.27,1054,2,买盘
433,10:00:07,5.26,1579,3,卖盘
434,10:00:10,5.27,2108,4,买盘
435,10:00:16,5.26,3682,7,卖盘
436,10:00:19,5.27,21080,40,买盘
437,10:00:22,5.26,11047,21,卖盘
438,10:00:28,5.26,14728,28,卖盘
439,10:00:31,5.27,4209,8,买盘
440,10:00:34,5.26,8416,16,卖盘
441,10:00:37,5.26,292982,557,卖盘
442,10:00:40,5.26,371356,706,卖盘
443,10:00:43,5.26,99940,190,卖盘
444,10:00:46,5.26,43658,83,卖盘
445,10:00:49,5.26,46288,88,卖盘
446,10:00:52,5.26,19988,38,卖盘
447,10:00:55,5.26,57860,110,卖盘
448,10:00:58,5.26,23670,45,买盘
449,10:01:01,5.26,526,1,买盘
450,10:01:04,5.26,6838,13,买盘
451,10:01:07,5.26,2104,4,买盘
452,10:01:13,5.26,6312,12,买盘
453,10:01:16,5.25,3150,6,卖盘
454,10:01:22,5.25,8400,16,卖盘
455,10:01:25,5.26,24722,47,买盘
456,10:01:31,5.26,2104,4,买盘
457,10:01:34,5.26,2630,5,买盘
458,10:01:37,5.26,4208,8,买盘
459,10:01:40,5.26,1578,3,买盘
460,10:01:52,5.26,526,1,买盘
461,10:01:55,5.26,526,1,买盘
462,10:02:04,5.25,35175,67,卖盘
463,10:02:07,5.26,357154,679,买盘
464,10:02:10,5.26,110956,211,买盘
465,10:02:13,5.26,10506,20,买盘
466,10:02:16,5.26,52600,100,买盘
467,10:02:22,5.26,1578,3,买盘
468,10:02:25,5.26,18410,35,买盘
469,10:02:28,5.26,1052,2,买盘
470,10:02:31,5.26,33138,63,买盘
471,10:02:34,5.26,4208,8,买盘
472,10:02:46,5.26,26826,51,买盘
473,10:02:49,5.26,4734,9,买盘
474,10:02:55,5.26,1052,2,买盘
475,10:03:01,5.26,5260,10,买盘
476,10:03:04,5.26,526,1,买盘
477,10:03:10,5.25,17850,34,卖盘
478,10:03:13,5.26,1576,3,买盘
479,10:03:16,5.26,3156,6,买盘
480,10:03:25,5.26,9468,18,买盘
481,10:03:31,5.25,223656,426,卖盘
482,10:03:37,5.25,7350,14,卖盘
483,10:03:46,5.26,1578,3,买盘
484,10:03:49,5.26,34716,66,买盘
485,10:03:52,5.26,3682,7,买盘
486,10:03:55,5.26,1052,2,买盘
487,10:03:58,5.26,29456,56,买盘
488,10:04:01,5.26,52600,100,买盘
489,10:04:07,5.26,27302,52,买盘
490,10:04:10,5.26,74166,141,买盘
491,10:04:13,5.26,13148,25,买盘
492,10:04:16,5.26,26826,51,买盘
493,10:04:19,5.26,12098,23,买盘
494,10:04:22,5.26,17357,33,买盘
495,10:04:25,5.26,15254,29,买盘
496,10:04:28,5.26,1578,3,买盘
497,10:04:31,5.26,1578,3,买盘
498,10:04:34,5.26,7890,15,买盘
499,10:04:37,5.26,25248,48,买盘
500,10:04:40,5.26,2630,5,买盘
501,10:04:49,5.26,1052,2,买盘
502,10:04:52,5.26,5260,10,买盘
503,10:04:55,5.26,526,1,买盘
504,10:05:07,5.26,526,1,买盘
505,10:05:16,5.26,8416,16,买盘
506,10:05:22,5.26,526,1,买盘
507,10:05:25,5.26,1052,2,买盘
508,10:05:37,5.26,7364,14,买盘
509,10:05:46,5.26,7364,14,买盘
510,10:05:49,5.25,3675,7,卖盘
511,10:05:52,5.26,526,1,买盘
512,10:05:55,5.25,6302,12,卖盘
513,10:05:58,5.25,1050,2,卖盘
514,10:06:07,5.26,2630,5,买盘
515,10:06:10,5.25,525,1,卖盘
516,10:06:13,5.25,19977,38,卖盘
517,10:06:22,5.26,1052,2,买盘
518,10:06:25,5.26,1052,2,买盘
519,10:06:28,5.26,5260,10,买盘
520,10:06:37,5.26,3682,7,买盘
521,10:06:43,5.25,9451,18,卖盘
522,10:06:46,5.25,1050,2,卖盘
523,10:06:52,5.26,12612,24,买盘
524,10:06:55,5.26,6827,13,买盘
525,10:07:07,5.26,2630,5,买盘
526,10:07:13,5.26,1578,3,买盘
527,10:07:16,5.26,22617,43,买盘
528,10:07:19,5.25,525,1,卖盘
529,10:07:22,5.26,2630,5,买盘
530,10:07:25,5.26,1051,2,买盘
531,10:07:37,5.26,4208,8,买盘
532,10:07:43,5.26,1052,2,买盘
533,10:07:52,5.26,28404,54,买盘
534,10:07:55,5.26,526,1,买盘
535,10:08:04,5.25,11025,21,卖盘
536,10:08:07,5.25,11025,21,卖盘
537,10:08:10,5.25,204225,389,卖盘
538,10:08:13,5.26,229427,437,买盘
539,10:08:16,5.25,101850,194,卖盘
540,10:08:19,5.25,8930,17,卖盘
541,10:08:22,5.26,6312,12,买盘
542,10:08:25,5.26,26300,50,买盘
543,10:08:31,5.26,30508,58,买盘
544,10:08:37,5.26,526,1,买盘
545,10:08:43,5.26,1052,2,买盘
546,10:08:52,5.26,15780,30,买盘
547,10:08:55,5.26,4208,8,买盘
548,10:08:58,5.25,1050,2,卖盘
549,10:09:01,5.25,2625,5,卖盘
550,10:09:04,5.25,128625,245,卖盘
551,10:09:07,5.25,124973,238,卖盘
552,10:09:10,5.24,1822485,3472,卖盘
553,10:09:13,5.24,22008,42,买盘
554,10:09:16,5.24,21482,41,买盘
555,10:09:22,5.24,7336,14,买盘
556,10:09:28,5.24,3144,6,买盘
557,10:09:34,5.23,4184,8,卖盘
558,10:09:37,5.23,19387,37,卖盘
559,10:09:55,5.24,524,1,买盘
560,10:09:58,5.24,524,1,买盘
561,10:10:04,5.23,9431,18,卖盘
562,10:10:10,5.24,424440,810,买盘
563,10:10:13,5.24,19409,37,卖盘
564,10:10:22,5.25,525,1,买盘
565,10:10:40,5.24,1048,2,卖盘
566,10:10:46,5.24,12576,24,卖盘
567,10:10:49,5.24,1573,3,卖盘
568,10:10:55,5.24,170300,325,卖盘
569,10:10:58,5.24,4192,8,卖盘
570,10:11:07,5.24,1048,2,卖盘
571,10:11:10,5.25,525,1,买盘
572,10:11:19,5.25,525,1,买盘
573,10:11:37,5.25,14175,27,买盘
574,10:11:40,5.25,5250,10,买盘
575,10:12:01,5.24,1572,3,卖盘
576,10:12:04,5.24,3668,7,卖盘
577,10:12:07,5.24,308112,588,卖盘
578,10:12:10,5.24,71788,137,卖盘
579,10:12:13,5.23,18311,35,卖盘
580,10:12:40,5.24,524,1,买盘
581,10:12:55,5.24,524,1,买盘
582,10:13:01,5.23,4190,8,卖盘
583,10:13:10,5.23,15690,30,卖盘
584,10:13:25,5.24,524,1,买盘
585,10:13:28,5.24,22008,42,买盘
586,10:13:34,5.24,2620,5,买盘
587,10:13:37,5.23,18306,35,卖盘
588,10:13:40,5.23,73843,141,卖盘
589,10:13:46,5.23,9414,18,卖盘
590,10:13:55,5.24,524,1,买盘
591,10:14:01,5.24,524,1,买盘
592,10:14:07,5.24,524,1,买盘
593,10:14:19,5.24,43492,83,买盘
594,10:14:22,5.24,21484,41,买盘
595,10:14:25,5.24,146196,279,买盘
596,10:14:28,5.24,14148,27,卖盘
597,10:14:31,5.24,10480,20,卖盘
598,10:14:37,5.24,1048,2,卖盘
599,10:14:52,5.25,2097,4,买盘
600,10:14:55,5.25,525,1,买盘
601,10:15:13,5.24,2096,4,卖盘
602,10:15:19,5.25,525,1,买盘
603,10:15:22,5.24,38257,73,卖盘
604,10:15:25,5.24,35108,67,卖盘
605,10:15:31,5.25,525,1,买盘
606,10:15:46,5.24,1048,2,卖盘
607,10:16:10,5.24,1049,2,卖盘
608,10:16:13,5.24,18864,36,卖盘
609,10:16:16,5.24,524,1,卖盘
610,10:16:19,5.24,5764,11,卖盘
611,10:16:28,5.24,10480,20,卖盘
612,10:16:40,5.25,525,1,买盘
613,10:16:46,5.25,525,1,买盘
614,10:16:52,5.25,5250,10,买盘
615,10:16:58,5.25,3675,7,买盘
616,10:17:01,5.24,524,1,卖盘
617,10:17:28,5.25,1050,2,买盘
618,10:17:40,5.25,14682,28,买盘
619,10:17:52,5.24,5240,10,卖盘
620,10:17:58,5.25,2100,4,买盘
621,10:18:01,5.25,21525,41,买盘
622,10:18:28,5.25,81900,156,买盘
623,10:18:31,5.25,525,1,买盘
624,10:18:34,5.25,525,1,买盘
625,10:18:55,5.24,10493,20,卖盘
626,10:19:22,5.25,4193,8,买盘
627,10:19:25,5.24,7861,15,卖盘
628,10:19:37,5.24,3671,7,卖盘
629,10:19:49,5.24,3668,7,卖盘
630,10:19:55,5.24,27291,52,卖盘
631,10:19:58,5.24,7336,14,卖盘
632,10:20:01,5.24,5241,10,卖盘
633,10:20:04,5.25,23625,45,买盘
634,10:20:07,5.24,2620,5,卖盘
635,10:20:10,5.24,215888,412,卖盘
636,10:20:13,5.24,41927,80,卖盘
637,10:20:16,5.24,14148,27,卖盘
638,10:20:19,5.24,77557,148,卖盘
639,10:20:22,5.24,347412,663,卖盘
640,10:20:25,5.24,24088,46,买盘
641,10:20:37,5.24,34059,65,买盘
642,10:20:43,5.24,524,1,买盘
643,10:20:49,5.24,2096,4,买盘
644,10:21:01,5.23,24103,46,卖盘
645,10:21:07,5.23,523,1,卖盘
646,10:21:22,5.23,1046,2,卖盘
647,10:21:25,5.23,4709,9,卖盘
648,10:21:43,5.23,2615,5,卖盘
649,10:21:49,5.23,2092,4,卖盘
650,10:21:55,5.24,5232,10,买盘
651,10:21:58,5.23,4184,8,卖盘
652,10:22:01,5.23,6276,12,卖盘
653,10:22:04,5.24,3662,7,买盘
654,10:22:10,5.23,86818,166,卖盘
655,10:22:13,5.22,882819,1688,卖盘
656,10:22:16,5.22,15150,29,卖盘
657,10:22:46,5.22,31379,60,卖盘
658,10:22:52,5.23,205539,393,买盘
659,10:22:55,5.23,43400,83,买盘
660,10:22:58,5.23,96232,184,买盘
661,10:23:01,5.22,5229,10,卖盘
662,10:23:04,5.23,5753,11,买盘
663,10:23:07,5.22,34991,67,卖盘
664,10:23:10,5.22,50242,96,卖盘
665,10:23:16,5.23,19874,38,买盘
666,10:23:19,5.23,523,1,买盘
667,10:23:25,5.23,1046,2,买盘
668,10:23:28,5.23,4184,8,买盘
669,10:23:34,5.22,3136,6,卖盘
670,10:23:43,5.23,5230,10,买盘
671,10:23:46,5.23,2615,5,买盘
672,10:23:55,5.23,523,1,买盘
673,10:23:58,5.22,5221,10,卖盘
674,10:24:01,5.22,65374,125,卖盘
675,10:24:04,5.23,3661,7,买盘
676,10:24:07,5.23,9937,19,买盘
677,10:24:10,5.23,95709,183,卖盘
678,10:24:13,5.23,10460,20,买盘
679,10:24:25,5.23,1045,2,买盘
680,10:24:28,5.23,9414,18,买盘
681,10:24:46,5.22,2089,4,卖盘
682,10:24:55,5.22,2089,4,卖盘
683,10:24:58,5.22,2610,5,卖盘
684,10:25:04,5.22,5220,10,卖盘
685,10:25:10,5.22,2088,4,卖盘
686,10:25:13,5.22,1044,2,卖盘
687,10:25:16,5.23,523,1,买盘
688,10:25:19,5.22,5220,10,卖盘
689,10:25:25,5.23,523,1,买盘
690,10:25:28,5.22,2088,4,卖盘
691,10:25:31,5.22,1567,3,卖盘
692,10:25:37,5.22,2610,5,卖盘
693,10:25:40,5.23,30854,59,买盘
694,10:25:43,5.23,523,1,买盘
695,10:25:52,5.22,1044,2,卖盘
696,10:25:55,5.22,24579,47,卖盘
697,10:25:58,5.23,523,1,买盘
698,10:26:07,5.22,1045,2,卖盘
699,10:26:10,5.22,4698,9,卖盘
700,10:26:13,5.23,26673,51,买盘
701,10:26:19,5.22,1044,2,卖盘
702,10:26:25,5.22,10963,21,卖盘
703,10:26:28,5.22,2088,4,卖盘
704,10:26:31,5.22,2610,5,卖盘
705,10:26:37,5.22,10962,21,卖盘
706,10:26:40,5.22,1566,3,卖盘
707,10:26:43,5.23,19320,37,买盘
708,10:26:46,5.22,4698,9,卖盘
709,10:26:49,5.22,9918,19,卖盘
710,10:26:52,5.22,522,1,卖盘
711,10:26:55,5.22,3655,7,卖盘
712,10:26:58,5.22,4698,9,卖盘
713,10:27:01,5.22,1566,3,卖盘
714,10:27:04,5.22,8352,16,卖盘
715,10:27:13,5.22,6264,12,卖盘
716,10:27:25,5.23,523,1,买盘
717,10:27:28,5.23,1045,2,买盘
718,10:27:34,5.22,141462,271,卖盘
719,10:27:37,5.22,18270,35,卖盘
720,10:27:43,5.22,1044,2,卖盘
721,10:27:52,5.22,522,1,卖盘
722,10:27:55,5.22,43327,83,卖盘
723,10:27:58,5.22,4698,9,卖盘
724,10:28:10,5.22,3654,7,卖盘
725,10:28:13,5.22,42282,81,卖盘
726,10:28:16,5.22,44371,85,卖盘
727,10:28:19,5.22,96048,184,卖盘
728,10:28:22,5.22,232816,446,卖盘
729,10:28:25,5.23,123741,237,买盘
730,10:28:28,5.22,3654,7,卖盘
731,10:28:31,5.22,4698,9,卖盘
732,10:28:34,5.22,1566,3,卖盘
733,10:28:37,5.22,522,1,卖盘
734,10:28:40,5.22,1566,3,卖盘
735,10:28:46,5.22,522,1,卖盘
736,10:28:49,5.22,14617,28,卖盘
737,10:28:52,5.22,12006,23,卖盘
738,10:28:55,5.22,14617,28,卖盘
739,10:28:58,5.22,84042,161,卖盘
740,10:29:01,5.22,84042,161,卖盘
741,10:29:04,5.22,75690,145,卖盘
742,10:29:07,5.21,1072706,2055,卖盘
743,10:29:10,5.21,3651,7,卖盘
744,10:29:13,5.21,6773,13,卖盘
745,10:29:16,5.21,1563,3,卖盘
746,10:29:25,5.21,521,1,卖盘
747,10:29:28,5.21,35494,68,卖盘
748,10:29:31,5.22,10440,20,买盘
749,10:29:34,5.21,30222,58,卖盘
750,10:29:37,5.22,32873,63,买盘
751,10:29:40,5.21,19297,37,卖盘
752,10:29:43,5.22,1044,2,买盘
753,10:29:46,5.21,1563,3,卖盘
754,10:29:58,5.21,36470,70,卖盘
755,10:30:04,5.21,1042,2,卖盘
756,10:30:10,5.22,18236,35,买盘
757,10:30:13,5.21,1042,2,卖盘
758,10:30:16,5.21,3126,6,卖盘
759,10:30:19,5.21,14067,27,卖盘
760,10:30:22,5.21,18245,35,卖盘
761,10:30:25,5.22,1044,2,买盘
762,10:30:34,5.21,1042,2,卖盘
763,10:30:37,5.22,47502,91,买盘
764,10:30:46,5.21,2084,4,卖盘
765,10:30:49,5.21,1042,2,卖盘
766,10:30:55,5.22,1044,2,买盘
767,10:30:58,5.21,1563,3,卖盘
768,10:31:10,5.22,522,1,买盘
769,10:31:16,5.21,10420,20,卖盘
770,10:31:19,5.21,521,1,卖盘
771,10:31:25,5.21,1564,3,卖盘
772,10:31:28,5.21,7294,14,卖盘
773,10:31:31,5.21,76067,146,卖盘
774,10:31:34,5.21,69293,133,卖盘
775,10:31:37,5.21,852356,1636,卖盘
776,10:31:40,5.2,77639,149,卖盘
777,10:31:43,5.21,31780,61,买盘
778,10:31:46,5.2,3122,6,卖盘
779,10:31:49,5.2,42671,82,卖盘
780,10:31:55,5.21,521,1,买盘
781,10:32:01,5.2,53661,103,卖盘
782,10:32:04,5.21,53142,102,买盘
783,10:32:07,5.21,216215,415,买盘
784,10:32:10,5.21,2605,5,卖盘
785,10:32:19,5.21,526210,1010,卖盘
786,10:32:22,5.21,52100,100,卖盘
787,10:32:25,5.22,1044,2,买盘
788,10:32:28,5.21,10941,21,卖盘
789,10:32:31,5.21,6773,13,卖盘
790,10:32:37,5.21,1563,3,卖盘
791,10:32:40,5.21,521,1,卖盘
792,10:32:43,5.21,3647,7,卖盘
793,10:32:52,5.22,522,1,买盘
794,10:32:55,5.21,5733,11,卖盘
795,10:32:58,5.21,11464,22,卖盘
796,10:33:01,5.22,5220,10,买盘
797,10:33:04,5.22,14616,28,买盘
798,10:33:07,5.21,4690,9,卖盘
799,10:33:10,5.21,2084,4,卖盘
800,10:33:22,5.21,10941,21,卖盘
801,10:33:28,5.21,14067,27,卖盘
802,10:33:37,5.21,4168,8,卖盘
803,10:33:40,5.21,26050,50,卖盘
804,10:33:49,5.22,38098,73,买盘
805,10:33:52,5.21,10420,20,卖盘
806,10:33:55,5.21,18756,36,卖盘
807,10:33:58,5.21,6773,13,卖盘
808,10:34:04,5.21,4689,9,卖盘
809,10:34:07,5.21,26571,51,卖盘
810,10:34:13,5.21,2606,5,卖盘
811,10:34:16,5.21,12505,24,卖盘
812,10:34:25,5.21,1563,3,卖盘
813,10:34:28,5.21,55226,106,卖盘
814,10:34:31,5.21,13025,25,卖盘
815,10:34:34,5.21,10924,21,买盘
816,10:34:37,5.2,1041,2,卖盘
817,10:34:43,5.2,14059,27,卖盘
818,10:34:58,5.2,1040,2,卖盘
819,10:35:01,5.2,15600,30,卖盘
820,10:35:07,5.21,2605,5,买盘
821,10:35:10,5.21,7285,14,买盘
822,10:35:13,5.2,2600,5,卖盘
823,10:35:22,5.2,520,1,卖盘
824,10:35:25,5.2,4161,8,卖盘
825,10:35:34,5.21,521,1,买盘
826,10:35:40,5.2,17680,34,卖盘
827,10:35:43,5.21,22881,44,买盘
828,10:35:49,5.2,10920,21,卖盘
829,10:36:10,5.2,1560,3,卖盘
830,10:36:13,5.2,1560,3,卖盘
831,10:36:16,5.2,7280,14,卖盘
832,10:36:22,5.2,1040,2,卖盘
833,10:36:31,5.2,5720,11,卖盘
834,10:36:46,5.21,56787,109,买盘
835,10:36:49,5.21,11982,23,买盘
836,10:36:52,5.2,15600,30,卖盘
837,10:36:55,5.21,521,1,买盘
838,10:37:04,5.2,15620,30,卖盘
839,10:37:10,5.2,262060,503,卖盘
840,10:37:13,5.2,33800,65,卖盘
841,10:37:16,5.21,29165,56,买盘
842,10:37:19,5.2,305764,588,卖盘
843,10:37:22,5.2,19766,38,卖盘
844,10:37:25,5.21,2605,5,买盘
845,10:37:28,5.2,5720,11,卖盘
846,10:37:34,5.21,15630,30,买盘
847,10:37:40,5.2,156000,300,卖盘
848,10:38:13,5.2,17680,34,卖盘
849,10:38:16,5.21,521,1,买盘
850,10:38:22,5.2,10400,20,卖盘
851,10:38:25,5.2,6241,12,卖盘
852,10:38:34,5.21,22924,44,买盘
853,10:38:37,5.2,5722,11,卖盘
854,10:38:58,5.21,19798,38,买盘
855,10:39:01,5.21,5210,10,买盘
856,10:39:07,5.21,521,1,买盘
857,10:39:13,5.21,10420,20,买盘
858,10:39:22,5.21,10940,21,买盘
859,10:39:31,5.21,20310,39,买盘
860,10:39:37,5.2,1041,2,卖盘
861,10:39:43,5.21,21873,42,买盘
862,10:39:46,5.2,520,1,卖盘
863,10:40:04,5.21,1042,2,买盘
864,10:40:13,5.21,24968,48,买盘
865,10:40:34,5.2,9890,19,卖盘
866,10:40:40,5.21,15630,30,买盘
867,10:40:58,5.2,4681,9,卖盘
868,10:41:31,5.21,38554,74,买盘
869,10:41:40,5.2,4680,9,卖盘
870,10:41:46,5.21,10420,20,买盘
871,10:41:49,5.21,7294,14,买盘
872,10:41:55,5.21,521,1,买盘
873,10:42:01,5.21,521,1,买盘
874,10:42:04,5.21,1563,3,买盘
875,10:42:07,5.2,1040,2,卖盘
876,10:42:10,5.21,501693,963,买盘
877,10:42:13,5.21,12492,24,买盘
878,10:42:19,5.21,521,1,买盘
879,10:42:25,5.21,2084,4,买盘
880,10:42:43,5.2,2080,4,卖盘
881,10:42:58,5.2,10400,20,卖盘
882,10:43:04,5.21,42722,82,买盘
883,10:43:16,5.21,1042,2,买盘
884,10:43:19,5.21,521,1,买盘
885,10:43:25,5.21,1563,3,买盘
886,10:43:37,5.21,5210,10,买盘
887,10:43:40,5.21,521,1,买盘
888,10:43:52,5.21,521,1,买盘
889,10:43:55,5.21,2084,4,买盘
890,10:44:01,5.21,1042,2,买盘
891,10:44:04,5.21,11462,22,买盘
892,10:44:07,5.21,9378,18,买盘
893,10:44:10,5.21,2082,4,买盘
894,10:44:13,5.21,3647,7,买盘
895,10:44:16,5.21,1563,3,买盘
896,10:44:22,5.2,66040,127,卖盘
897,10:44:25,5.2,19760,38,卖盘
898,10:44:28,5.21,42140,81,买盘
899,10:44:31,5.2,10400,20,卖盘
900,10:44:34,5.2,19760,38,卖盘
901,10:44:37,5.2,205400,395,卖盘
902,10:44:40,5.2,520,1,卖盘
903,10:44:46,5.2,520,1,卖盘
904,10:45:01,5.21,521,1,买盘
905,10:45:07,5.21,18235,35,买盘
906,10:45:13,5.21,521,1,买盘
907,10:45:22,5.2,780000,1500,卖盘
908,10:45:25,5.2,19240,37,卖盘
909,10:45:28,5.2,6240,12,卖盘
910,10:45:31,5.2,1560,3,卖盘
911,10:45:34,5.2,6765,13,卖盘
912,10:45:40,5.2,2083,4,卖盘
913,10:45:46,5.2,520,1,卖盘
914,10:46:04,5.21,39075,75,买盘
915,10:46:07,5.2,3640,7,卖盘
916,10:46:10,5.2,3120,6,卖盘
917,10:46:13,5.2,21840,42,卖盘
918,10:46:16,5.2,3640,7,卖盘
919,10:46:19,5.2,22880,44,卖盘
920,10:46:22,5.2,15601,30,卖盘
921,10:46:34,5.2,14046,27,卖盘
922,10:46:37,5.21,31210,60,买盘
923,10:46:43,5.2,4160,8,卖盘
924,10:47:01,5.2,520,1,卖盘
925,10:47:04,5.2,5720,11,卖盘
926,10:47:07,5.2,3120,6,卖盘
927,10:47:10,5.2,4160,8,卖盘
928,10:47:13,5.2,520,1,卖盘
929,10:47:16,5.2,7800,15,卖盘
930,10:47:19,5.2,10400,20,卖盘
931,10:47:22,5.2,2080,4,卖盘
932,10:47:25,5.2,520,1,卖盘
933,10:47:31,5.2,11974,23,卖盘
934,10:47:34,5.2,110760,213,卖盘
935,10:47:37,5.2,430040,827,卖盘
936,10:47:40,5.2,150810,290,卖盘
937,10:47:43,5.2,27041,52,卖盘
938,10:47:49,5.2,5200,10,卖盘
939,10:47:52,5.2,520,1,卖盘
940,10:47:55,5.2,5200,10,卖盘
941,10:48:16,5.2,6760,13,卖盘
942,10:48:19,5.2,3640,7,卖盘
943,10:48:22,5.2,30162,58,卖盘
944,10:48:25,5.2,6763,13,卖盘
945,10:48:28,5.2,41080,79,卖盘
946,10:48:31,5.2,53560,103,卖盘
947,10:48:37,5.2,25480,49,卖盘
948,10:48:40,5.2,12480,24,卖盘
949,10:48:43,5.2,23920,46,卖盘
950,10:48:46,5.21,35881,69,买盘
951,10:48:49,5.2,47320,91,卖盘
952,10:48:52,5.2,29120,56,卖盘
953,10:48:55,5.2,60757,117,卖盘
954,10:49:01,5.2,520,1,卖盘
955,10:49:04,5.2,2081,4,卖盘
956,10:49:07,5.2,62400,120,卖盘
957,10:49:10,5.2,17160,33,卖盘
958,10:49:13,5.2,4160,8,卖盘
959,10:49:19,5.2,1560,3,卖盘
960,10:49:25,5.2,4160,8,卖盘
961,10:49:31,5.2,13000,25,卖盘
962,10:49:40,5.2,36900,71,卖盘
963,10:49:49,5.2,520,1,卖盘
964,10:50:04,5.2,10400,20,卖盘
965,10:50:10,5.2,1040,2,卖盘
966,10:50:25,5.21,1041,2,买盘
967,10:50:52,5.21,5201,10,买盘
968,10:50:58,5.21,521,1,买盘
969,10:51:25,5.2,4160,8,卖盘
970,10:51:28,5.21,25002,48,买盘
971,10:51:46,5.21,521,1,买盘
972,10:51:55,5.21,4168,8,买盘
973,10:52:01,5.2,3646,7,卖盘
974,10:52:16,5.2,4680,9,卖盘
975,10:52:25,5.21,1042,2,买盘
976,10:52:28,5.2,1560,3,卖盘
977,10:52:43,5.2,520,1,卖盘
978,10:53:07,5.21,521,1,买盘
979,10:53:31,5.21,14578,28,买盘
980,10:53:34,5.21,72419,139,买盘
981,10:53:37,5.21,1041,2,买盘
982,10:53:46,5.2,5200,10,卖盘
983,10:54:13,5.2,4680,9,卖盘
984,10:54:16,5.2,1040,2,卖盘
985,10:54:19,5.21,1563,3,买盘
986,10:54:22,5.2,1040,2,卖盘
987,10:54:25,5.2,1040,2,卖盘
988,10:54:28,5.21,4689,9,买盘
989,10:54:34,5.2,6760,13,卖盘
990,10:54:37,5.2,2080,4,卖盘
991,10:54:52,5.2,4160,8,卖盘
992,10:54:55,5.21,521,1,买盘
993,10:55:10,5.21,1041,2,买盘
994,10:55:13,5.21,1563,3,买盘
995,10:55:16,5.21,7806,15,买盘
996,10:55:19,5.21,17193,33,买盘
997,10:55:22,5.2,1040,2,卖盘
998,10:55:25,5.2,2601,5,卖盘
999,10:55:28,5.21,3647,7,买盘
1000,10:55:31,5.21,521,1,买盘
1001,10:55:34,5.21,521,1,买盘
1002,10:55:43,5.21,13025,25,买盘
1003,10:55:49,5.21,521,1,买盘
1004,10:55:52,5.21,521,1,买盘
1005,10:55:58,5.21,15109,29,买盘
1006,10:56:01,5.21,1042,2,买盘
1007,10:56:25,5.21,11983,23,买盘
1008,10:56:43,5.21,1042,2,买盘
1009,10:56:46,5.21,66688,128,买盘
1010,10:56:49,5.21,2605,5,买盘
1011,10:56:55,5.21,83881,161,买盘
1012,10:56:58,5.21,14588,28,买盘
1013,10:57:01,5.21,21881,42,买盘
1014,10:57:04,5.2,9890,19,卖盘
1015,10:57:10,5.21,521,1,买盘
1016,10:57:16,5.21,10420,20,买盘
1017,10:57:19,5.21,104200,200,买盘
1018,10:57:22,5.21,3126,6,买盘
1019,10:57:34,5.21,2605,5,买盘
1020,10:57:37,5.21,27092,52,买盘
1021,10:57:40,5.21,3126,6,买盘
1022,10:57:43,5.21,1042,2,买盘
1023,10:57:46,5.21,4689,9,买盘
1024,10:57:55,5.21,521,1,买盘
1025,10:57:58,5.21,2084,4,买盘
1026,10:58:04,5.21,4689,9,买盘
1027,10:58:07,5.2,34880,67,卖盘
1028,10:58:10,5.21,61999,119,买盘
1029,10:58:16,5.21,28655,55,买盘
1030,10:58:22,5.21,14067,27,买盘
1031,10:58:28,5.21,1042,2,买盘
1032,10:58:31,5.21,521,1,买盘
1033,10:58:34,5.21,5731,11,买盘
1034,10:58:40,5.21,2084,4,买盘
1035,10:59:10,5.2,4160,8,卖盘
1036,10:59:25,5.21,2605,5,买盘
1037,10:59:37,5.2,520,1,卖盘
1038,10:59:43,5.21,2605,5,买盘
1039,10:59:49,5.2,520,1,卖盘
1040,10:59:52,5.21,521,1,买盘
1041,10:59:58,5.21,15630,30,买盘
1042,11:00:07,5.2,13000,25,卖盘
1043,11:00:10,5.21,21882,42,买盘
1044,11:00:13,5.2,520,1,卖盘
1045,11:00:31,5.2,1040,2,卖盘
1046,11:00:37,5.2,15080,29,卖盘
1047,11:00:40,5.2,8320,16,卖盘
1048,11:00:43,5.2,654161,1258,卖盘
1049,11:00:46,5.2,39000,75,卖盘
1050,11:00:49,5.2,7280,14,卖盘
1051,11:00:52,5.2,512720,986,卖盘
1052,11:00:55,5.2,206960,398,卖盘
1053,11:00:58,5.19,25433,49,卖盘
1054,11:01:01,5.19,29100,56,卖盘
1055,11:01:04,5.2,28076,54,买盘
1056,11:01:13,5.2,520,1,买盘
1057,11:01:19,5.19,519,1,卖盘
1058,11:01:28,5.19,7266,14,卖盘
1059,11:01:37,5.2,72800,140,买盘
1060,11:01:52,5.19,519,1,卖盘
1061,11:02:04,5.2,520,1,买盘
1062,11:02:07,5.19,4671,9,卖盘
1063,11:02:10,5.2,29640,57,买盘
1064,11:02:28,5.19,519,1,卖盘
1065,11:02:34,5.2,520,1,买盘
1066,11:03:04,5.19,519,1,卖盘
1067,11:03:07,5.2,22360,43,买盘
1068,11:03:10,5.19,4158,8,卖盘
1069,11:03:13,5.19,4671,9,卖盘
1070,11:03:16,5.2,2600,5,买盘
1071,11:03:19,5.2,1560,3,买盘
1072,11:03:25,5.19,519,1,卖盘
1073,11:03:34,5.19,1038,2,卖盘
1074,11:03:37,5.19,16089,31,卖盘
1075,11:03:40,5.19,1559,3,卖盘
1076,11:03:49,5.19,7785,15,卖盘
1077,11:03:55,5.2,520,1,买盘
1078,11:04:01,5.2,2600,5,买盘
1079,11:04:07,5.19,519,1,卖盘
1080,11:04:16,5.19,111585,215,卖盘
1081,11:04:19,5.19,12456,24,卖盘
1082,11:04:22,5.19,8304,16,卖盘
1083,11:04:25,5.19,4152,8,卖盘
1084,11:04:28,5.19,519,1,卖盘
1085,11:04:37,5.19,5709,11,卖盘
1086,11:04:40,5.19,43077,83,卖盘
1087,11:04:43,5.19,519,1,卖盘
1088,11:04:46,5.19,519,1,卖盘
1089,11:04:49,5.19,185283,357,卖盘
1090,11:04:52,5.19,2595,5,卖盘
1091,11:05:07,5.19,1038,2,卖盘
1092,11:05:13,5.19,8310,16,卖盘
1093,11:05:16,5.2,520,1,买盘
1094,11:05:19,5.2,6759,13,买盘
1095,11:05:31,5.19,519,1,卖盘
1096,11:05:49,5.19,519,1,卖盘
1097,11:06:13,5.19,15570,30,卖盘
1098,11:06:22,5.19,519,1,卖盘
1099,11:06:28,5.19,15570,30,卖盘
1100,11:06:31,5.2,520,1,买盘
1101,11:06:37,5.2,520,1,买盘
1102,11:06:46,5.2,85800,165,买盘
1103,11:06:49,5.19,519,1,卖盘
1104,11:06:58,5.19,519,1,卖盘
1105,11:07:25,5.2,91520,176,买盘
1106,11:07:31,5.19,27507,53,卖盘
1107,11:07:34,5.19,519,1,卖盘
1108,11:07:46,5.2,2080,4,买盘
1109,11:07:52,5.19,2595,5,卖盘
1110,11:07:58,5.19,24913,48,卖盘
1111,11:08:04,5.19,519,1,卖盘
1112,11:08:25,5.2,520,1,买盘
1113,11:08:28,5.19,9342,18,卖盘
1114,11:08:31,5.19,1038,2,卖盘
1115,11:08:37,5.19,2599,5,卖盘
1116,11:08:46,5.19,5190,10,卖盘
1117,11:09:04,5.2,104000,200,买盘
1118,11:09:07,5.2,1560,3,买盘
1119,11:09:16,5.2,520,1,买盘
1120,11:09:22,5.2,520,1,买盘
1121,11:09:25,5.19,6747,13,卖盘
1122,11:09:34,5.2,6240,12,买盘
1123,11:09:46,5.19,5709,11,卖盘
1124,11:09:49,5.2,14026,27,买盘
1125,11:09:52,5.19,5190,10,卖盘
1126,11:09:55,5.2,1040,2,买盘
1127,11:10:13,5.2,4680,9,买盘
1128,11:10:16,5.2,21320,41,买盘
1129,11:10:31,5.2,520,1,买盘
1130,11:10:34,5.19,18684,36,卖盘
1131,11:10:37,5.2,520,1,买盘
1132,11:10:52,5.2,4160,8,买盘
1133,11:11:04,5.19,7785,15,卖盘
1134,11:11:28,5.19,519,1,卖盘
1135,11:11:43,5.2,4160,8,买盘
1136,11:11:58,5.2,520,1,买盘
1137,11:12:04,5.2,5200,10,买盘
1138,11:12:10,5.19,4671,9,卖盘
1139,11:12:19,5.2,520,1,买盘
1140,11:12:52,5.2,10900,21,买盘
1141,11:13:16,5.2,21840,42,买盘
1142,11:13:19,5.2,5191,10,买盘
1143,11:13:34,5.2,520,1,买盘
1144,11:13:37,5.19,10380,20,卖盘
1145,11:13:40,5.2,520,1,买盘
1146,11:13:49,5.2,8832,17,买盘
1147,11:14:01,5.2,6240,12,买盘
1148,11:14:10,5.2,3639,7,买盘
1149,11:14:16,5.2,21320,41,买盘
1150,11:14:19,5.2,1040,2,买盘
1151,11:14:25,5.19,4671,9,卖盘
1152,11:14:34,5.2,21320,41,买盘
1153,11:14:37,5.2,1558,3,买盘
1154,11:14:40,5.2,1040,2,买盘
1155,11:14:43,5.2,1040,2,买盘
1156,11:14:49,5.2,520,1,买盘
1157,11:15:01,5.2,22360,43,买盘
1158,11:15:04,5.2,520,1,买盘
1159,11:15:10,5.2,1560,3,买盘
1160,11:15:13,5.2,104000,200,买盘
1161,11:15:16,5.2,55634,107,买盘
1162,11:15:19,5.19,2597,5,卖盘
1163,11:15:22,5.2,3120,6,买盘
1164,11:15:25,5.2,10390,20,买盘
1165,11:15:28,5.2,2600,5,买盘
1166,11:15:31,5.19,4671,9,卖盘
1167,11:15:43,5.2,1558,3,买盘
1168,11:15:46,5.2,1040,2,买盘
1169,11:15:49,5.2,7795,15,买盘
1170,11:15:55,5.19,8305,16,卖盘
1171,11:16:01,5.2,520,1,买盘
1172,11:16:22,5.2,6240,12,买盘
1173,11:16:25,5.2,41080,79,买盘
1174,11:16:28,5.2,29606,57,买盘
1175,11:16:34,5.19,6228,12,卖盘
1176,11:16:40,5.2,2600,5,买盘
1177,11:16:43,5.2,11960,23,买盘
1178,11:17:19,5.2,2080,4,买盘
1179,11:17:22,5.2,520,1,买盘
1180,11:17:37,5.2,31720,61,买盘
1181,11:17:40,5.2,40551,78,买盘
1182,11:17:43,5.2,10920,21,买盘
1183,11:17:46,5.2,6240,12,买盘
1184,11:17:55,5.2,15600,30,买盘
1185,11:17:58,5.2,19760,38,买盘
1186,11:18:01,5.2,11440,22,买盘
1187,11:18:04,5.2,3120,6,买盘
1188,11:18:10,5.2,520,1,买盘
1189,11:18:22,5.2,2600,5,买盘
1190,11:18:25,5.2,43156,83,买盘
1191,11:18:28,5.2,65520,126,买盘
1192,11:18:31,5.2,68641,132,买盘
1193,11:18:34,5.2,3640,7,卖盘
1194,11:18:37,5.2,3120,6,卖盘
1195,11:18:40,5.2,9370,18,卖盘
1196,11:18:43,5.21,521,1,买盘
1197,11:18:46,5.21,29167,56,买盘
1198,11:18:49,5.21,521,1,买盘
1199,11:18:58,5.2,520,1,卖盘
1200,11:19:01,5.2,520,1,卖盘
1201,11:19:04,5.2,1560,3,卖盘
1202,11:19:10,5.2,5200,10,卖盘
1203,11:19:13,5.2,30160,58,卖盘
1204,11:19:16,5.21,5729,11,买盘
1205,11:19:22,5.2,1040,2,卖盘
1206,11:19:25,5.2,520,1,卖盘
1207,11:19:28,5.2,74360,143,卖盘
1208,11:19:31,5.2,245440,472,卖盘
1209,11:19:34,5.21,20801,40,买盘
1210,11:19:40,5.2,1040,2,卖盘
1211,11:19:43,5.21,3647,7,买盘
1212,11:19:49,5.2,130520,251,卖盘
1213,11:19:52,5.19,48359,93,卖盘
1214,11:20:04,5.2,1039,2,买盘
1215,11:20:10,5.2,137800,265,买盘
1216,11:20:13,5.2,7800,15,中性盘
1217,11:20:22,5.2,1040,2,卖盘
1218,11:20:25,5.2,5720,11,卖盘
1219,11:20:28,5.2,4680,9,卖盘
1220,11:20:37,5.2,520,1,卖盘
1221,11:20:46,5.2,520,1,卖盘
1222,11:20:55,5.2,5200,10,卖盘
1223,11:21:10,5.2,520,1,卖盘
1224,11:21:16,5.2,520,1,卖盘
1225,11:21:19,5.21,521,1,买盘
1226,11:21:25,5.2,1041,2,卖盘
1227,11:21:28,5.21,1563,3,买盘
1228,11:21:43,5.2,520,1,卖盘
1229,11:21:46,5.2,520,1,卖盘
1230,11:21:49,5.21,521,1,买盘
1231,11:21:58,5.21,21360,41,买盘
1232,11:22:01,5.21,21352,41,买盘
1233,11:22:13,5.2,1040,2,卖盘
1234,11:22:22,5.21,10420,20,买盘
1235,11:22:31,5.2,520,1,卖盘
1236,11:22:43,5.2,1040,2,卖盘
1237,11:22:46,5.21,521,1,买盘
1238,11:22:58,5.21,1041,2,买盘
1239,11:23:10,5.2,5200,10,卖盘
1240,11:23:13,5.2,520,1,卖盘
1241,11:23:25,5.2,2083,4,卖盘
1242,11:23:37,5.2,520,1,卖盘
1243,11:23:43,5.2,520,1,卖盘
1244,11:23:46,5.2,2600,5,卖盘
1245,11:23:58,5.2,520,1,卖盘
1246,11:24:07,5.21,1041,2,买盘
1247,11:24:16,5.2,5200,10,卖盘
1248,11:24:22,5.2,520,1,卖盘
1249,11:24:25,5.2,520,1,卖盘
1250,11:24:31,5.2,520,1,卖盘
1251,11:24:37,5.2,520,1,卖盘
1252,11:24:49,5.21,55226,106,买盘
1253,11:24:52,5.2,5727,11,卖盘
1254,11:24:55,5.21,1042,2,买盘
1255,11:25:04,5.21,8322,16,买盘
1256,11:25:07,5.2,8840,17,卖盘
1257,11:25:10,5.2,20280,39,卖盘
1258,11:25:13,5.2,14040,27,卖盘
1259,11:25:16,5.2,520,1,卖盘
1260,11:25:19,5.2,4680,9,卖盘
1261,11:25:22,5.21,2605,5,买盘
1262,11:25:25,5.21,3121,6,买盘
1263,11:25:28,5.21,3126,6,买盘
1264,11:25:31,5.21,58873,113,买盘
1265,11:25:46,5.2,520,1,卖盘
1266,11:26:01,5.2,520,1,卖盘
1267,11:26:10,5.21,4689,9,买盘
1268,11:26:13,5.21,521,1,买盘
1269,11:26:16,5.2,8320,16,卖盘
1270,11:26:19,5.2,9880,19,卖盘
1271,11:26:31,5.2,6240,12,卖盘
1272,11:26:34,5.2,5200,10,卖盘
1273,11:26:49,5.2,1041,2,卖盘
1274,11:27:01,5.2,520,1,卖盘
1275,11:27:04,5.21,521,1,买盘
1276,11:27:07,5.21,1042,2,买盘
1277,11:27:13,5.2,2080,4,卖盘
1278,11:27:25,5.2,520,1,卖盘
1279,11:27:34,5.21,2605,5,买盘
1280,11:27:40,5.2,1040,2,卖盘
1281,11:27:43,5.2,520,1,卖盘
1282,11:27:46,5.21,5210,10,买盘
1283,11:28:04,5.21,11462,22,买盘
1284,11:28:07,5.21,1042,2,买盘
1285,11:28:10,5.21,1041,2,买盘
1286,11:28:22,5.2,1040,2,卖盘
1287,11:28:25,5.2,2600,5,卖盘
1288,11:28:28,5.21,6250,12,买盘
1289,11:28:34,5.21,521,1,买盘
1290,11:28:37,5.2,520,1,卖盘
1291,11:28:40,5.2,1040,2,卖盘
1292,11:28:43,5.2,520,1,卖盘
1293,11:28:46,5.2,1040,2,卖盘
1294,11:28:58,5.2,520,1,卖盘
1295,11:29:01,5.2,520,1,卖盘
1296,11:29:04,5.2,520,1,卖盘
1297,11:29:07,5.21,1042,2,买盘
1298,11:29:10,5.2,5200,10,卖盘
1299,11:29:13,5.2,5730,11,卖盘
1300,11:29:22,5.2,1040,2,卖盘
1301,11:29:28,5.2,2081,4,卖盘
1302,11:29:31,5.21,521,1,买盘
1303,11:29:34,5.2,11971,23,卖盘
1304,11:29:37,5.2,4162,8,卖盘
1305,11:29:43,5.21,521,1,买盘
1306,11:29:49,5.2,520,1,卖盘
1307,11:29:52,5.2,5722,11,卖盘
1308,11:29:55,5.2,3640,7,卖盘
1309,13:00:01,5.2,2080,4,卖盘
1310,13:00:04,5.2,57200,110,卖盘
1311,13:00:07,5.2,55124,106,卖盘
1312,13:00:10,5.2,185120,356,卖盘
1313,13:00:13,5.2,125864,242,卖盘
1314,13:00:16,5.2,23920,46,卖盘
1315,13:00:19,5.2,28595,55,买盘
1316,13:00:22,5.2,1040,2,买盘
1317,13:00:28,5.19,14013,27,卖盘
1318,13:00:34,5.2,402480,774,买盘
1319,13:01:04,5.2,4680,9,卖盘
1320,13:01:07,5.21,101595,195,买盘
1321,13:01:10,5.21,2084,4,买盘
1322,13:01:22,5.21,1042,2,买盘
1323,13:01:40,5.21,17193,33,买盘
1324,13:01:49,5.21,14067,27,买盘
1325,13:01:52,5.21,133897,257,买盘
1326,13:01:55,5.21,39596,76,买盘
1327,13:01:58,5.2,36469,70,卖盘
1328,13:02:04,5.21,39072,75,买盘
1329,13:02:07,5.2,55217,106,卖盘
1330,13:02:13,5.2,43160,83,卖盘
1331,13:02:31,5.2,520,1,卖盘
1332,13:02:34,5.21,521,1,买盘
1333,13:02:37,5.21,10420,20,买盘
1334,13:02:43,5.2,1040,2,卖盘
1335,13:02:46,5.21,1042,2,买盘
1336,13:02:58,5.21,521,1,买盘
1337,13:03:01,5.21,1042,2,买盘
1338,13:03:04,5.2,520,1,卖盘
1339,13:03:13,5.2,5200,10,卖盘
1340,13:03:16,5.21,8857,17,买盘
1341,13:03:19,5.21,11983,23,买盘
1342,13:03:22,5.21,10420,20,买盘
1343,13:03:25,5.21,10941,21,买盘
1344,13:03:28,5.21,32823,63,买盘
1345,13:03:31,5.21,15109,29,买盘
1346,13:03:34,5.21,16151,31,买盘
1347,13:03:37,5.21,27092,52,买盘
1348,13:03:40,5.21,18757,36,买盘
1349,13:03:43,5.21,1563,3,中性盘
1350,13:03:46,5.21,1563,3,卖盘
1351,13:03:49,5.21,28134,54,卖盘
1352,13:03:52,5.21,2605,5,买盘
1353,13:04:04,5.2,35360,68,卖盘
1354,13:04:19,5.21,6243,12,买盘
1355,13:04:49,5.2,1040,2,卖盘
1356,13:05:16,5.2,520,1,卖盘
1357,13:05:22,5.2,4680,9,卖盘
1358,13:05:28,5.21,521,1,买盘
1359,13:05:52,5.2,21320,41,卖盘
1360,13:06:25,5.2,2604,5,卖盘
1361,13:06:28,5.2,4680,9,卖盘
1362,13:06:34,5.21,1563,3,买盘
1363,13:06:46,5.21,6252,12,买盘
1364,13:06:55,5.21,206837,397,买盘
1365,13:06:58,5.21,14067,27,买盘
1366,13:07:01,5.2,4160,8,卖盘
1367,13:07:04,5.2,520,1,卖盘
1368,13:07:19,5.21,3647,7,买盘
1369,13:07:22,5.2,3640,7,卖盘
1370,13:07:28,5.2,520,1,卖盘
1371,13:07:37,5.2,4680,9,卖盘
1372,13:08:01,5.21,3126,6,买盘
1373,13:08:10,5.2,520,1,卖盘
1374,13:08:25,5.2,520,1,卖盘
1375,13:08:28,5.21,521,1,买盘
1376,13:08:40,5.21,3125,6,买盘
1377,13:08:43,5.2,4680,9,卖盘
1378,13:08:49,5.2,520,1,卖盘
1379,13:08:55,5.2,520,1,卖盘
1380,13:09:07,5.2,1040,2,卖盘
1381,13:09:10,5.2,45760,88,卖盘
1382,13:09:13,5.2,216840,417,卖盘
1383,13:09:16,5.2,478927,921,卖盘
1384,13:09:19,5.2,111281,214,卖盘
1385,13:09:25,5.2,11440,22,卖盘
1386,13:09:28,5.2,520,1,卖盘
1387,13:09:43,5.2,1040,2,卖盘
1388,13:09:49,5.2,4680,9,卖盘
1389,13:09:52,5.2,520,1,卖盘
1390,13:09:55,5.2,10400,20,卖盘
1391,13:10:01,5.2,52000,100,卖盘
1392,13:10:04,5.2,4680,9,卖盘
1393,13:10:07,5.2,1040,2,卖盘
1394,13:10:10,5.2,1040,2,卖盘
1395,13:10:19,5.21,52100,100,买盘
1396,13:10:43,5.2,520,1,卖盘
1397,13:10:52,5.2,12480,24,卖盘
1398,13:10:55,5.2,26000,50,卖盘
1399,13:11:16,5.2,1040,2,卖盘
1400,13:11:19,5.2,4160,8,卖盘
1401,13:11:22,5.2,3120,6,卖盘
1402,13:11:25,5.2,1560,3,卖盘
1403,13:11:31,5.21,52100,100,买盘
1404,13:12:07,5.21,2084,4,买盘
1405,13:12:16,5.2,1560,3,卖盘
1406,13:12:43,5.21,3126,6,买盘
1407,13:12:52,5.2,3640,7,卖盘
1408,13:13:07,5.2,10920,21,卖盘
1409,13:13:19,5.2,520,1,卖盘
1410,13:13:22,5.2,26000,50,卖盘
1411,13:13:28,5.21,7284,14,买盘
1412,13:13:37,5.2,1040,2,卖盘
1413,13:13:46,5.2,1560,3,卖盘
1414,13:14:01,5.2,18720,36,卖盘
1415,13:14:07,5.2,31200,60,卖盘
1416,13:14:10,5.2,30160,58,卖盘
1417,13:14:13,5.2,3640,7,卖盘
1418,13:14:22,5.21,2084,4,买盘
1419,13:14:34,5.21,4168,8,买盘
1420,13:14:37,5.2,102441,197,卖盘
1421,13:14:40,5.2,1040,2,卖盘
1422,13:14:43,5.2,5720,11,卖盘
1423,13:14:46,5.2,520,1,卖盘
1424,13:14:49,5.2,31200,60,卖盘
1425,13:14:58,5.2,520,1,卖盘
1426,13:15:04,5.2,1040,2,卖盘
1427,13:15:07,5.2,520,1,卖盘
1428,13:15:10,5.2,4680,9,卖盘
1429,13:15:13,5.2,16640,32,卖盘
1430,13:15:16,5.2,520,1,卖盘
1431,13:15:19,5.2,3120,6,卖盘
1432,13:15:22,5.2,520,1,卖盘
1433,13:15:25,5.2,520,1,卖盘
1434,13:15:28,5.2,6240,12,卖盘
1435,13:15:31,5.2,3120,6,卖盘
1436,13:15:40,5.2,1040,2,卖盘
1437,13:15:43,5.2,520,1,卖盘
1438,13:15:46,5.2,520,1,卖盘
1439,13:15:49,5.2,520,1,卖盘
1440,13:15:52,5.2,1040,2,卖盘
1441,13:15:55,5.21,6771,13,买盘
1442,13:16:04,5.21,1563,3,买盘
1443,13:16:07,5.21,521,1,买盘
1444,13:16:16,5.21,4168,8,买盘
1445,13:16:19,5.21,4168,8,买盘
1446,13:16:22,5.21,4168,8,买盘
1447,13:16:25,5.21,4168,8,买盘
1448,13:16:28,5.21,4689,9,买盘
1449,13:16:31,5.21,4689,9,买盘
1450,13:16:34,5.2,8329,16,卖盘
1451,13:16:37,5.21,5731,11,买盘
1452,13:16:40,5.21,8857,17,买盘
1453,13:16:43,5.2,6772,13,卖盘
1454,13:16:46,5.21,7294,14,买盘
1455,13:16:49,5.21,7815,15,买盘
1456,13:16:52,5.21,8857,17,买盘
1457,13:16:55,5.21,9378,18,买盘
1458,13:16:58,5.21,9378,18,买盘
1459,13:17:01,5.21,9378,18,买盘
1460,13:17:04,5.21,10420,20,买盘
1461,13:17:07,5.21,10941,21,买盘
1462,13:17:10,5.2,30701,59,卖盘
1463,13:17:13,5.21,15109,29,买盘
1464,13:17:16,5.21,15630,30,买盘
1465,13:17:19,5.21,16672,32,买盘
1466,13:17:22,5.21,17193,33,买盘
1467,13:17:25,5.21,18235,35,买盘
1468,13:17:28,5.21,521,1,买盘
1469,13:17:31,5.21,17714,34,买盘
1470,13:17:37,5.21,16672,32,买盘
1471,13:17:43,5.2,520,1,卖盘
1472,13:17:55,5.2,5201,10,卖盘
1473,13:18:13,5.2,3120,6,卖盘
1474,13:18:37,5.2,520,1,卖盘
1475,13:18:43,5.2,520,1,卖盘
1476,13:19:01,5.2,4680,9,卖盘
1477,13:19:10,5.2,5200,10,卖盘
1478,13:19:37,5.2,1040,2,卖盘
1479,13:19:43,5.21,5210,10,买盘
1480,13:19:46,5.2,370647,713,卖盘
1481,13:19:49,5.2,9356,18,买盘
1482,13:19:52,5.2,1040,2,买盘
1483,13:19:55,5.2,520,1,买盘
1484,13:19:58,5.2,4160,8,买盘
1485,13:20:04,5.19,11431,22,卖盘
1486,13:20:07,5.2,1560,3,买盘
1487,13:20:22,5.2,1040,2,买盘
1488,13:20:25,5.19,1557,3,卖盘
1489,13:20:37,5.19,1559,3,卖盘
1490,13:20:46,5.19,2076,4,卖盘
1491,13:20:52,5.2,520,1,买盘
1492,13:20:58,5.2,61360,118,买盘
1493,13:21:10,5.19,4671,9,卖盘
1494,13:21:34,5.2,1040,2,买盘
1495,13:21:37,5.19,519,1,卖盘
1496,13:22:13,5.2,520,1,买盘
1497,13:22:16,5.2,11960,23,买盘
1498,13:22:19,5.19,4671,9,卖盘
1499,13:22:25,5.2,5200,10,买盘
1500,13:22:28,5.2,4680,9,买盘
1501,13:22:31,5.19,4159,8,卖盘
1502,13:22:40,5.2,7280,14,买盘
1503,13:22:43,5.2,4680,9,买盘
1504,13:22:55,5.2,1040,2,买盘
1505,13:23:04,5.2,4160,8,买盘
1506,13:23:10,5.2,4160,8,买盘
1507,13:23:13,5.2,6240,12,买盘
1508,13:23:16,5.2,8840,17,买盘
1509,13:23:19,5.2,6240,12,买盘
1510,13:23:22,5.2,5720,11,买盘
1511,13:23:25,5.19,10911,21,卖盘
1512,13:23:28,5.2,1039,2,买盘
1513,13:23:31,5.19,519,1,卖盘
1514,13:23:37,5.2,1560,3,买盘
1515,13:23:46,5.2,419640,807,买盘
1516,13:23:49,5.2,14567,28,卖盘
1517,13:23:52,5.2,5200,10,卖盘
1518,13:23:55,5.2,17160,33,卖盘
1519,13:24:07,5.2,520,1,卖盘
1520,13:24:25,5.2,520,1,卖盘
1521,13:24:31,5.2,8320,16,卖盘
1522,13:24:34,5.2,5200,10,卖盘
1523,13:24:37,5.2,2080,4,卖盘
1524,13:24:40,5.2,52520,101,卖盘
1525,13:24:43,5.2,73840,142,卖盘
1526,13:24:49,5.2,520,1,卖盘
1527,13:24:52,5.2,520,1,卖盘
1528,13:24:55,5.2,42640,82,卖盘
1529,13:24:58,5.2,11960,23,买盘
1530,13:25:01,5.2,18720,36,买盘
1531,13:25:04,5.2,16640,32,买盘
1532,13:25:07,5.2,4160,8,买盘
1533,13:25:10,5.2,7800,15,买盘
1534,13:25:13,5.19,8823,17,卖盘
1535,13:25:16,5.2,2600,5,卖盘
1536,13:25:25,5.2,4160,8,卖盘
1537,13:25:28,5.19,8823,17,卖盘
1538,13:25:34,5.19,4671,9,卖盘
1539,13:25:37,5.2,3120,6,买盘
1540,13:25:55,5.2,520,1,买盘
1541,13:26:07,5.2,520,1,买盘
1542,13:26:13,5.19,2595,5,卖盘
1543,13:26:28,5.2,9344,18,买盘
1544,13:26:40,5.19,4671,9,卖盘
1545,13:26:55,5.19,6228,12,卖盘
1546,13:27:01,5.2,1040,2,买盘
1547,13:27:13,5.2,3640,7,买盘
1548,13:27:16,5.2,520,1,买盘
1549,13:27:28,5.19,519,1,卖盘
1550,13:27:37,5.2,520,1,买盘
1551,13:27:46,5.19,4671,9,卖盘
1552,13:28:07,5.2,520,1,买盘
1553,13:28:16,5.19,2076,4,卖盘
1554,13:28:22,5.19,519,1,卖盘
1555,13:28:37,5.2,21840,42,买盘
1556,13:28:55,5.2,520,1,买盘
1557,13:29:01,5.2,4680,9,买盘
1558,13:29:28,5.19,519,1,卖盘
1559,13:29:34,5.2,1040,2,买盘
1560,13:29:46,5.2,1560,3,买盘
1561,13:29:49,5.19,3635,7,卖盘
1562,13:29:52,5.19,3119,6,卖盘
1563,13:29:55,5.2,2600,5,买盘
1564,13:29:58,5.2,3120,6,买盘
1565,13:30:01,5.2,3120,6,买盘
1566,13:30:04,5.2,3120,6,买盘
1567,13:30:07,5.2,6240,12,买盘
1568,13:30:13,5.2,16120,31,买盘
1569,13:30:16,5.19,1558,3,卖盘
1570,13:30:19,5.19,519,1,卖盘
1571,13:30:22,5.2,1558,3,买盘
1572,13:30:25,5.19,6748,13,卖盘
1573,13:30:28,5.2,520,1,买盘
1574,13:30:31,5.2,5720,11,买盘
1575,13:30:43,5.2,3120,6,买盘
1576,13:30:46,5.2,4680,9,买盘
1577,13:30:49,5.2,5720,11,买盘
1578,13:30:52,5.2,5720,11,买盘
1579,13:30:55,5.2,5720,11,买盘
1580,13:30:58,5.2,6240,12,买盘
1581,13:31:07,5.2,3120,6,买盘
1582,13:31:10,5.2,1040,2,买盘
1583,13:31:43,5.2,21320,41,买盘
1584,13:31:58,5.19,1039,2,卖盘
1585,13:32:13,5.2,5200,10,买盘
1586,13:32:19,5.2,3120,6,买盘
1587,13:32:25,5.2,1040,2,买盘
1588,13:32:43,5.2,16120,31,买盘
1589,13:33:04,5.2,2080,4,买盘
1590,13:33:10,5.2,4680,9,买盘
1591,13:33:13,5.2,30680,59,买盘
1592,13:33:16,5.2,8840,17,买盘
1593,13:33:19,5.2,1560,3,买盘
1594,13:33:22,5.2,3120,6,买盘
1595,13:33:28,5.2,3120,6,买盘
1596,13:33:34,5.2,9360,18,买盘
1597,13:33:37,5.2,22360,43,买盘
1598,13:33:40,5.2,1039,2,买盘
1599,13:33:43,5.2,1560,3,买盘
1600,13:33:46,5.2,10920,21,买盘
1601,13:34:10,5.2,4680,9,买盘
1602,13:34:28,5.2,3640,7,买盘
1603,13:34:34,5.19,1038,2,卖盘
1604,13:34:49,5.2,21320,41,买盘
1605,13:34:52,5.19,519,1,卖盘
1606,13:34:58,5.19,10899,21,卖盘
1607,13:35:01,5.2,520,1,买盘
1608,13:35:10,5.2,520,1,买盘
1609,13:35:25,5.2,4680,9,买盘
1610,13:35:31,5.2,2080,4,买盘
1611,13:35:34,5.2,9360,18,买盘
1612,13:35:52,5.2,5200,10,买盘
1613,13:36:04,5.19,519,1,卖盘
1614,13:36:31,5.19,5719,11,卖盘
1615,13:37:07,5.2,1560,3,买盘
1616,13:37:10,5.2,7800,15,买盘
1617,13:37:13,5.2,20280,39,买盘
1618,13:37:16,5.2,6240,12,买盘
1619,13:37:19,5.2,6760,13,买盘
1620,13:37:22,5.2,4160,8,买盘
1621,13:37:25,5.2,5200,10,买盘
1622,13:37:46,5.2,1040,2,买盘
1623,13:37:49,5.2,2600,5,买盘
1624,13:37:52,5.2,21320,41,买盘
1625,13:38:13,5.19,16089,31,卖盘
1626,13:38:28,5.2,5715,11,买盘
1627,13:38:31,5.19,37368,72,卖盘
1628,13:38:34,5.19,1038,2,卖盘
1629,13:38:43,5.19,519,1,卖盘
1630,13:38:52,5.2,520,1,买盘
1631,13:39:16,5.2,4672,9,买盘
1632,13:39:19,5.19,3633,7,卖盘
1633,13:39:40,5.2,38422,74,买盘
1634,13:39:43,5.2,7280,14,买盘
1635,13:40:01,5.19,105038,202,卖盘
1636,13:40:04,5.19,3633,7,卖盘
1637,13:40:13,5.2,23880,46,买盘
1638,13:40:16,5.19,5195,10,卖盘
1639,13:40:25,5.19,1038,2,卖盘
1640,13:40:37,5.19,15570,30,卖盘
1641,13:40:40,5.2,29640,57,买盘
1642,13:40:58,5.2,21320,41,买盘
1643,13:41:19,5.2,1040,2,买盘
1644,13:41:49,5.2,3120,6,买盘
1645,13:41:52,5.2,3120,6,买盘
1646,13:41:58,5.2,5200,10,买盘
1647,13:42:01,5.2,520,1,买盘
1648,13:42:13,5.19,519,1,卖盘
1649,13:42:16,5.2,1040,2,买盘
1650,13:42:40,5.2,25480,49,买盘
1651,13:43:04,5.2,4160,8,买盘
1652,13:43:07,5.2,4160,8,买盘
1653,13:43:10,5.2,520,1,买盘
1654,13:43:16,5.2,4160,8,买盘
1655,13:43:19,5.2,4160,8,买盘
1656,13:43:22,5.2,6760,13,买盘
1657,13:43:25,5.2,2600,5,买盘
1658,13:43:46,5.2,15600,30,买盘
1659,13:43:49,5.2,520,1,买盘
1660,13:43:52,5.2,18720,36,买盘
1661,13:43:55,5.2,1040,2,买盘
1662,13:43:58,5.2,1040,2,买盘
1663,13:44:01,5.2,1560,3,买盘
1664,13:44:04,5.2,21840,42,买盘
1665,13:44:07,5.19,1557,3,卖盘
1666,13:44:13,5.2,520,1,买盘
1667,13:44:16,5.2,520,1,买盘
1668,13:44:25,5.2,520,1,买盘
1669,13:44:28,5.19,519,1,卖盘
1670,13:44:31,5.19,2076,4,卖盘
1671,13:44:34,5.2,1559,3,买盘
1672,13:44:37,5.2,1039,2,买盘
1673,13:44:52,5.2,16640,32,买盘
1674,13:45:04,5.2,4160,8,买盘
1675,13:45:07,5.2,4680,9,买盘
1676,13:45:10,5.2,4680,9,买盘
1677,13:45:13,5.2,4680,9,买盘
1678,13:45:16,5.2,3120,6,买盘
1679,13:45:28,5.19,1038,2,卖盘
1680,13:45:31,5.2,5191,10,买盘
1681,13:45:34,5.2,14534,28,买盘
1682,13:45:37,5.2,2600,5,买盘
1683,13:46:07,5.2,66560,128,买盘
1684,13:46:10,5.2,7267,14,买盘
1685,13:46:16,5.2,5720,11,买盘
1686,13:46:19,5.2,520,1,买盘
1687,13:46:22,5.2,4160,8,买盘
1688,13:46:25,5.2,10920,21,买盘
1689,13:46:28,5.19,1557,3,卖盘
1690,13:46:55,5.2,35360,68,买盘
1691,13:46:58,5.2,4160,8,买盘
1692,13:47:04,5.2,11960,23,买盘
1693,13:47:07,5.2,11440,22,买盘
1694,13:47:10,5.2,18719,36,买盘
1695,13:47:13,5.2,29640,57,买盘
1696,13:47:16,5.2,7800,15,买盘
1697,13:47:19,5.2,3120,6,买盘
1698,13:47:22,5.2,520,1,买盘
1699,13:47:25,5.2,3640,7,买盘
1700,13:47:34,5.2,1560,3,买盘
1701,13:47:43,5.2,1040,2,买盘
1702,13:47:49,5.2,1560,3,买盘
1703,13:47:52,5.2,1040,2,买盘
1704,13:47:55,5.2,42116,81,买盘
1705,13:47:58,5.2,22360,43,买盘
1706,13:48:01,5.19,20799,40,卖盘
1707,13:48:04,5.2,14560,28,买盘
1708,13:48:07,5.2,58760,113,买盘
1709,13:48:10,5.2,13000,25,买盘
1710,13:48:13,5.2,2600,5,买盘
1711,13:48:16,5.2,24960,48,买盘
1712,13:48:28,5.2,1040,2,买盘
1713,13:48:46,5.2,520,1,买盘
1714,13:48:49,5.2,520,1,买盘
1715,13:48:55,5.2,1560,3,买盘
1716,13:49:01,5.19,1558,3,卖盘
1717,13:49:04,5.19,519,1,卖盘
1718,13:49:10,5.19,1557,3,卖盘
1719,13:49:19,5.2,3120,6,买盘
1720,13:49:40,5.19,519,1,卖盘
1721,13:49:43,5.2,5720,11,买盘
1722,13:49:49,5.19,2595,5,卖盘
1723,13:49:52,5.19,519,1,卖盘
1724,13:50:01,5.2,520,1,买盘
1725,13:50:07,5.2,520,1,买盘
1726,13:50:13,5.2,2600,5,买盘
1727,13:50:19,5.2,4680,9,买盘
1728,13:50:22,5.2,25480,49,买盘
1729,13:50:34,5.2,5720,11,买盘
1730,13:50:37,5.2,5720,11,买盘
1731,13:50:40,5.2,6240,12,买盘
1732,13:50:43,5.19,114908,221,卖盘
1733,13:51:13,5.2,5200,10,买盘
1734,13:51:28,5.2,3120,6,买盘
1735,13:51:34,5.2,1040,2,买盘
1736,13:51:40,5.2,2079,4,买盘
1737,13:51:43,5.2,2600,5,买盘
1738,13:51:52,5.2,16120,31,买盘
1739,13:52:10,5.2,2080,4,买盘
1740,13:52:13,5.2,2080,4,买盘
1741,13:52:16,5.19,2595,5,卖盘
1742,13:52:28,5.19,519,1,卖盘
1743,13:52:37,5.19,519,1,卖盘
1744,13:52:40,5.19,1557,3,卖盘
1745,13:52:43,5.2,2080,4,买盘
1746,13:52:46,5.19,64877,125,卖盘
1747,13:52:49,5.19,519,1,卖盘
1748,13:52:55,5.19,28026,54,卖盘
1749,13:52:58,5.2,5200,10,买盘
1750,13:53:04,5.2,14040,27,买盘
1751,13:53:07,5.2,3640,7,买盘
1752,13:53:10,5.19,519,1,卖盘
1753,13:53:13,5.19,10899,21,卖盘
1754,13:53:16,5.2,3638,7,买盘
1755,13:53:25,5.2,3120,6,买盘
1756,13:53:28,5.2,21840,42,买盘
1757,13:54:04,5.2,59799,115,买盘
1758,13:54:07,5.2,520,1,买盘
1759,13:54:13,5.2,18720,36,买盘
1760,13:54:16,5.2,1560,3,买盘
1761,13:54:19,5.2,82680,159,买盘
1762,13:54:22,5.2,6237,12,买盘
1763,13:54:25,5.2,520,1,买盘
1764,13:54:28,5.2,520,1,买盘
1765,13:54:31,5.19,519,1,卖盘
1766,13:54:40,5.19,14532,28,卖盘
1767,13:55:01,5.19,519,1,卖盘
1768,13:55:07,5.2,3120,6,买盘
1769,13:55:19,5.2,17160,33,买盘
1770,13:55:22,5.2,7800,15,买盘
1771,13:55:40,5.2,8320,16,买盘
1772,13:55:43,5.2,2080,4,买盘
1773,13:55:58,5.19,3633,7,卖盘
1774,13:56:13,5.2,2080,4,买盘
1775,13:56:16,5.2,23400,45,买盘
1776,13:56:25,5.2,3119,6,买盘
1777,13:56:31,5.19,4152,8,卖盘
1778,13:56:34,5.2,22880,44,买盘
1779,13:56:37,5.2,5710,11,买盘
1780,13:56:40,5.2,30680,59,买盘
1781,13:56:43,5.2,2600,5,买盘
1782,13:56:46,5.2,520,1,买盘
1783,13:57:04,5.2,13520,26,买盘
1784,13:57:13,5.2,3640,7,买盘
1785,13:57:16,5.2,2600,5,买盘
1786,13:57:25,5.19,11942,23,卖盘
1787,13:57:31,5.2,75400,145,买盘
1788,13:57:34,5.2,243406,468,买盘
1789,13:57:37,5.2,50422,97,买盘
1790,13:57:40,5.2,4160,8,买盘
1791,13:57:43,5.2,14040,27,买盘
1792,13:57:46,5.19,3639,7,卖盘
1793,13:57:52,5.21,4165,8,买盘
1794,13:57:55,5.2,124281,239,卖盘
1795,13:57:58,5.2,33280,64,卖盘
1796,13:58:01,5.21,521,1,买盘
1797,13:58:07,5.21,521,1,买盘
1798,13:58:13,5.21,2084,4,买盘
1799,13:58:16,5.21,3126,6,买盘
1800,13:58:28,5.2,520,1,卖盘
1801,13:58:31,5.21,1042,2,买盘
1802,13:58:37,5.21,521,1,买盘
1803,13:58:46,5.21,2605,5,买盘
1804,13:58:58,5.21,1042,2,买盘
1805,13:59:01,5.21,1042,2,买盘
1806,13:59:07,5.21,521,1,买盘
1807,13:59:13,5.21,54184,104,买盘
1808,13:59:28,5.21,521,1,买盘
1809,13:59:31,5.21,1042,2,买盘
1810,13:59:34,5.2,4680,9,卖盘
1811,13:59:37,5.21,2084,4,买盘
1812,13:59:40,5.2,2080,4,卖盘
1813,13:59:43,5.21,5210,10,买盘
1814,14:00:01,5.21,1041,2,买盘
1815,14:00:07,5.2,25522,49,卖盘
1816,14:00:13,5.21,4688,9,买盘
1817,14:00:16,5.2,7800,15,卖盘
1818,14:00:19,5.2,8840,17,卖盘
1819,14:00:22,5.2,5200,10,卖盘
1820,14:00:31,5.21,1042,2,买盘
1821,14:00:34,5.2,520,1,卖盘
1822,14:00:37,5.21,63041,121,买盘
1823,14:00:40,5.21,2084,4,买盘
1824,14:00:43,5.21,5731,11,买盘
1825,14:00:46,5.21,521,1,买盘
1826,14:00:49,5.21,2084,4,买盘
1827,14:00:52,5.21,15102,29,买盘
1828,14:00:55,5.21,19277,37,中性盘
1829,14:00:58,5.21,52100,100,买盘
1830,14:01:01,5.21,1042,2,买盘
1831,14:01:07,5.21,521,1,买盘
1832,14:01:13,5.21,2084,4,买盘
1833,14:01:31,5.21,521,1,买盘
1834,14:01:34,5.2,520,1,卖盘
1835,14:01:37,5.21,1042,2,买盘
1836,14:01:43,5.21,2605,5,买盘
1837,14:02:01,5.21,1042,2,买盘
1838,14:02:07,5.21,9378,18,买盘
1839,14:02:13,5.21,2084,4,买盘
1840,14:02:16,5.21,5730,11,买盘
1841,14:02:19,5.21,43756,84,买盘
1842,14:02:22,5.21,8336,16,买盘
1843,14:02:25,5.21,122956,236,买盘
1844,14:02:28,5.22,45377,87,买盘
1845,14:02:31,5.22,1044,2,买盘
1846,14:02:37,5.22,2610,5,买盘
1847,14:02:43,5.22,2088,4,买盘
1848,14:03:01,5.22,2088,4,买盘
1849,14:03:07,5.22,522,1,买盘
1850,14:03:10,5.21,521,1,卖盘
1851,14:03:13,5.22,2610,5,买盘
1852,14:03:22,5.21,492353,945,卖盘
1853,14:03:25,5.21,4689,9,卖盘
1854,14:03:40,5.22,3654,7,买盘
1855,14:03:43,5.22,341388,654,买盘
1856,14:03:46,5.22,3654,7,中性盘
1857,14:03:49,5.22,31320,60,卖盘
1858,14:04:10,5.22,3654,7,卖盘
1859,14:04:16,5.23,32426,62,买盘
1860,14:04:28,5.23,523,1,买盘
1861,14:04:31,5.23,6799,13,买盘
1862,14:04:43,5.22,1044,2,卖盘
1863,14:05:07,5.22,522,1,卖盘
1864,14:05:40,5.23,2092,4,买盘
1865,14:06:01,5.23,5230,10,买盘
1866,14:06:04,5.23,4707,9,买盘
1867,14:06:07,5.23,24058,46,买盘
1868,14:06:16,5.23,523,1,买盘
1869,14:06:19,5.23,21966,42,买盘
1870,14:06:22,5.23,13075,25,买盘
1871,14:06:25,5.23,10983,21,买盘
1872,14:06:28,5.23,9414,18,买盘
1873,14:06:31,5.23,10460,20,买盘
1874,14:06:34,5.23,32949,63,买盘
1875,14:06:37,5.23,1569,3,买盘
1876,14:06:40,5.24,3142,6,买盘
1877,14:06:43,5.23,23008,44,中性盘
1878,14:06:46,5.23,12033,23,买盘
1879,14:06:49,5.23,18305,35,买盘
1880,14:06:52,5.23,148532,284,卖盘
1881,14:06:55,5.23,4707,9,中性盘
1882,14:06:58,5.24,4711,9,买盘
1883,14:07:01,5.23,1569,3,卖盘
1884,14:07:04,5.23,1569,3,卖盘
1885,14:07:07,5.23,43930,84,卖盘
1886,14:07:10,5.23,37135,71,买盘
1887,14:07:16,5.23,110876,212,买盘
1888,14:07:19,5.22,1567,3,卖盘
1889,14:07:46,5.22,5220,10,卖盘
1890,14:08:13,5.23,15690,30,买盘
1891,14:08:19,5.22,522,1,卖盘
1892,14:09:10,5.22,61074,117,卖盘
1893,14:09:13,5.22,1044,2,卖盘
1894,14:09:16,5.23,2091,4,买盘
1895,14:09:19,5.23,3661,7,买盘
1896,14:09:28,5.23,1046,2,买盘
1897,14:09:34,5.23,2092,4,买盘
1898,14:09:43,5.22,522,1,卖盘
1899,14:09:52,5.22,522,1,卖盘
1900,14:10:01,5.22,1566,3,卖盘
1901,14:10:04,5.23,1569,3,买盘
1902,14:10:07,5.22,31320,60,卖盘
1903,14:10:16,5.23,1046,2,买盘
1904,14:10:28,5.23,4707,9,买盘
1905,14:11:13,5.23,8891,17,买盘
1906,14:11:25,5.22,273528,524,卖盘
1907,14:11:28,5.22,127890,245,卖盘
1908,14:11:31,5.22,1566,3,买盘
1909,14:11:34,5.22,2610,5,买盘
1910,14:11:40,5.22,1566,3,买盘
1911,14:11:43,5.21,1563,3,卖盘
1912,14:12:19,5.22,522,1,买盘
1913,14:12:22,5.22,19836,38,买盘
1914,14:12:28,5.22,24012,46,买盘
1915,14:12:31,5.22,1044,2,买盘
1916,14:12:34,5.22,522,1,买盘
1917,14:12:37,5.22,1566,3,买盘
1918,14:12:46,5.22,1566,3,买盘
1919,14:12:52,5.22,4176,8,买盘
1920,14:12:55,5.22,9394,18,买盘
1921,14:12:58,5.22,522,1,买盘
1922,14:13:04,5.22,1566,3,买盘
1923,14:13:10,5.22,522,1,买盘
1924,14:13:13,5.22,8874,17,买盘
1925,14:13:46,5.21,1043,2,卖盘
1926,14:14:01,5.21,521,1,卖盘
1927,14:14:34,5.21,1563,3,卖盘
1928,14:14:40,5.22,522,1,买盘
1929,14:14:46,5.22,45936,88,买盘
1930,14:14:49,5.22,16704,32,中性盘
1931,14:14:55,5.21,1042,2,卖盘
1932,14:15:04,5.22,1566,3,买盘
1933,14:15:07,5.22,5220,10,买盘
1934,14:15:10,5.23,28195,54,买盘
1935,14:15:13,5.23,2611,5,买盘
1936,14:15:16,5.22,3132,6,卖盘
1937,14:15:19,5.22,31320,60,卖盘
1938,14:15:22,5.22,12007,23,卖盘
1939,14:15:25,5.22,9918,19,卖盘
1940,14:15:28,5.22,6264,12,卖盘
1941,14:15:31,5.22,1566,3,卖盘
1942,14:15:34,5.22,2610,5,卖盘
1943,14:16:01,5.22,77778,149,卖盘
1944,14:16:07,5.22,5220,10,卖盘
1945,14:16:13,5.23,1046,2,买盘
1946,14:16:28,5.23,2615,5,买盘
1947,14:16:31,5.22,5220,10,卖盘
1948,14:16:37,5.22,3132,6,卖盘
1949,14:16:58,5.23,52300,100,买盘
1950,14:17:01,5.22,1044,2,卖盘
1951,14:17:04,5.22,522,1,卖盘
1952,14:17:37,5.23,1569,3,买盘
1953,14:18:10,5.22,9918,19,卖盘
1954,14:18:49,5.23,5230,10,买盘
1955,14:19:25,5.23,1569,3,买盘
1956,14:19:55,5.23,5230,10,买盘
1957,14:20:01,5.23,523,1,买盘
1958,14:20:13,5.22,522,1,卖盘
1959,14:20:16,5.22,522,1,卖盘
1960,14:20:22,5.22,15660,30,卖盘
1961,14:20:25,5.23,523,1,买盘
1962,14:20:28,5.23,2612,5,买盘
1963,14:20:31,5.22,1566,3,卖盘
1964,14:20:34,5.22,56377,108,卖盘
1965,14:20:37,5.22,28710,55,卖盘
1966,14:20:40,5.22,27146,52,卖盘
1967,14:20:43,5.22,7308,14,卖盘
1968,14:20:46,5.22,3132,6,卖盘
1969,14:20:52,5.22,103878,199,卖盘
1970,14:20:55,5.22,5742,11,买盘
1971,14:21:04,5.22,1044,2,买盘
1972,14:21:19,5.22,1044,2,买盘
1973,14:21:22,5.22,52200,100,买盘
1974,14:21:25,5.22,3132,6,买盘
1975,14:21:52,5.22,21924,42,买盘
1976,14:21:55,5.22,161298,309,买盘
1977,14:21:58,5.22,39672,76,买盘
1978,14:22:01,5.22,75168,144,买盘
1979,14:22:04,5.22,12528,24,买盘
1980,14:22:13,5.21,521,1,卖盘
1981,14:22:16,5.22,81954,157,买盘
1982,14:22:19,5.23,22486,43,买盘
1983,14:22:22,5.22,10962,21,中性盘
1984,14:22:31,5.22,9396,18,买盘
1985,14:22:34,5.22,522,1,买盘
1986,14:23:07,5.22,9396,18,买盘
1987,14:23:22,5.22,64206,123,买盘
1988,14:23:25,5.22,5220,10,卖盘
1989,14:23:46,5.22,1566,3,卖盘
1990,14:24:16,5.23,1046,2,买盘
1991,14:24:40,5.22,1044,2,卖盘
1992,14:24:43,5.23,1569,3,买盘
1993,14:25:01,5.22,522,1,卖盘
1994,14:25:10,5.22,1044,2,卖盘
1995,14:25:13,5.22,4702,9,卖盘
1996,14:25:16,5.22,2610,5,卖盘
1997,14:25:22,5.23,2615,5,买盘
1998,14:25:28,5.23,2615,5,买盘
1999,14:25:31,5.23,2615,5,买盘
2000,14:25:34,5.23,2615,5,买盘
2001,14:25:37,5.23,3138,6,买盘
2002,14:25:43,5.23,2092,4,买盘
2003,14:26:07,5.23,1569,3,买盘
2004,14:26:10,5.23,1569,3,买盘
2005,14:26:13,5.23,6276,12,买盘
2006,14:26:16,5.23,4707,9,买盘
2007,14:26:19,5.23,8368,16,买盘
2008,14:26:22,5.23,4184,8,买盘
2009,14:26:25,5.23,4707,9,买盘
2010,14:26:28,5.23,4707,9,买盘
2011,14:26:31,5.23,4707,9,买盘
2012,14:26:34,5.23,5753,11,买盘
2013,14:26:37,5.23,5753,11,买盘
2014,14:26:40,5.23,6276,12,买盘
2015,14:26:43,5.23,8368,16,买盘
2016,14:26:46,5.23,7322,14,买盘
2017,14:26:49,5.23,8368,16,买盘
2018,14:26:52,5.23,5230,10,买盘
2019,14:26:55,5.23,56484,108,买盘
2020,14:26:58,5.23,295495,565,买盘
2021,14:27:01,5.24,1034461,1977,买盘
2022,14:27:04,5.24,30916,59,买盘
2023,14:27:07,5.24,24628,47,买盘
2024,14:27:10,5.24,13100,25,买盘
2025,14:27:13,5.24,7336,14,买盘
2026,14:27:16,5.25,2623,5,买盘
2027,14:27:19,5.24,23056,44,中性盘
2028,14:27:22,5.24,524,1,买盘
2029,14:27:25,5.24,13624,26,买盘
2030,14:27:28,5.24,3668,7,买盘
2031,14:27:31,5.24,1572,3,买盘
2032,14:27:34,5.24,12576,24,买盘
2033,14:27:37,5.24,2620,5,买盘
2034,14:27:40,5.24,2096,4,买盘
2035,14:27:46,5.24,2620,5,买盘
2036,14:27:49,5.24,524,1,买盘
2037,14:27:52,5.24,12052,23,买盘
2038,14:27:58,5.24,2095,4,买盘
2039,14:28:04,5.24,1048,2,买盘
2040,14:28:10,5.24,524,1,买盘
2041,14:28:13,5.24,21484,41,买盘
2042,14:28:16,5.24,2096,4,买盘
2043,14:28:19,5.24,11528,22,中性盘
2044,14:28:22,5.23,1046,2,卖盘
2045,14:28:25,5.23,6276,12,卖盘
2046,14:28:31,5.24,5764,11,买盘
2047,14:28:34,5.24,6807,13,买盘
2048,14:28:37,5.24,524,1,买盘
2049,14:28:43,5.24,524,1,买盘
2050,14:28:46,5.25,5765,11,买盘
2051,14:28:49,5.24,15720,30,中性盘
2052,14:28:52,5.24,26724,51,卖盘
2053,14:28:55,5.24,4192,8,卖盘
2054,14:28:58,5.24,10480,20,卖盘
2055,14:29:01,5.25,16245,31,买盘
2056,14:29:04,5.24,2096,4,卖盘
2057,14:29:07,5.24,4192,8,卖盘
2058,14:29:13,5.24,15720,30,卖盘
2059,14:29:16,5.25,8925,17,买盘
2060,14:29:25,5.25,5775,11,买盘
2061,14:29:28,5.25,5250,10,买盘
2062,14:29:34,5.24,524,1,卖盘
2063,14:29:40,5.24,524,1,卖盘
2064,14:30:01,5.25,2623,5,买盘
2065,14:30:04,5.24,11023,21,卖盘
2066,14:30:16,5.25,6300,12,买盘
2067,14:30:22,5.25,9450,18,买盘
2068,14:30:31,5.25,1050,2,买盘
2069,14:30:34,5.25,15225,29,买盘
2070,14:30:37,5.25,21525,41,买盘
2071,14:30:40,5.25,8925,17,买盘
2072,14:30:52,5.24,524,1,卖盘
2073,14:31:01,5.25,1050,2,买盘
2074,14:31:10,5.25,1575,3,买盘
2075,14:31:16,5.24,1049,2,卖盘
2076,14:31:31,5.25,1575,3,买盘
2077,14:31:40,5.25,36750,70,买盘
2078,14:31:55,5.24,524,1,卖盘
2079,14:31:58,5.24,12576,24,卖盘
2080,14:32:01,5.24,126284,241,卖盘
2081,14:32:04,5.24,93272,178,卖盘
2082,14:32:07,5.24,12576,24,卖盘
2083,14:32:19,5.24,524,1,卖盘
2084,14:32:25,5.24,1048,2,卖盘
2085,14:32:31,5.24,1048,2,卖盘
2086,14:32:34,5.24,524,1,卖盘
2087,14:32:58,5.25,525,1,买盘
2088,14:33:01,5.24,37728,72,卖盘
2089,14:33:04,5.24,465301,888,卖盘
2090,14:33:07,5.24,4716,9,买盘
2091,14:33:10,5.24,3668,7,买盘
2092,14:33:13,5.24,2096,4,买盘
2093,14:33:16,5.24,2620,5,买盘
2094,14:33:19,5.24,149864,286,买盘
2095,14:33:22,5.24,18340,35,卖盘
2096,14:33:25,5.24,1048,2,卖盘
2097,14:33:28,5.24,4192,8,卖盘
2098,14:33:34,5.24,2624,5,卖盘
2099,14:33:37,5.24,1572,3,卖盘
2100,14:33:40,5.24,7860,15,卖盘
2101,14:33:43,5.24,21484,41,卖盘
2102,14:33:46,5.24,1572,3,卖盘
2103,14:33:52,5.24,27248,52,卖盘
2104,14:33:55,5.24,15720,30,卖盘
2105,14:33:58,5.24,25152,48,卖盘
2106,14:34:01,5.24,6288,12,买盘
2107,14:34:04,5.24,11004,21,买盘
2108,14:34:10,5.24,11528,22,买盘
2109,14:34:13,5.24,5240,10,卖盘
2110,14:34:16,5.24,3144,6,卖盘
2111,14:34:31,5.24,18340,35,卖盘
2112,14:34:49,5.24,105324,201,卖盘
2113,14:34:58,5.25,22050,42,买盘
2114,14:35:01,5.25,21525,41,买盘
2115,14:35:07,5.24,524,1,卖盘
2116,14:35:10,5.24,57116,109,卖盘
2117,14:35:13,5.24,35108,67,买盘
2118,14:35:16,5.24,53972,103,买盘
2119,14:35:19,5.24,24104,46,买盘
2120,14:35:22,5.24,4192,8,买盘
2121,14:35:25,5.23,3139,6,卖盘
2122,14:35:28,5.23,1571,3,卖盘
2123,14:35:34,5.24,1572,3,买盘
2124,14:35:37,5.24,1572,3,买盘
2125,14:35:40,5.24,1048,2,买盘
2126,14:35:49,5.24,14672,28,买盘
2127,14:35:52,5.24,7336,14,买盘
2128,14:35:55,5.24,1048,2,买盘
2129,14:36:04,5.24,1572,3,买盘
2130,14:36:07,5.24,1048,2,买盘
2131,14:36:10,5.24,524,1,买盘
2132,14:36:13,5.24,1048,2,买盘
2133,14:36:16,5.24,2620,5,买盘
2134,14:36:19,5.24,13624,26,买盘
2135,14:36:22,5.24,7336,14,买盘
2136,14:36:25,5.24,2096,4,买盘
2137,14:36:31,5.24,64976,124,买盘
2138,14:36:34,5.24,10480,20,卖盘
2139,14:36:37,5.24,1048,2,卖盘
2140,14:36:40,5.24,2096,4,卖盘
2141,14:36:52,5.25,2625,5,买盘
2142,14:37:19,5.24,3668,7,卖盘
2143,14:37:22,5.24,4716,9,卖盘
2144,14:37:25,5.24,8908,17,卖盘
2145,14:37:34,5.24,3144,6,卖盘
2146,14:37:37,5.24,2096,4,卖盘
2147,14:37:43,5.24,1048,2,卖盘
2148,14:37:49,5.24,90128,172,卖盘
2149,14:37:52,5.24,9432,18,卖盘
2150,14:37:55,5.24,85936,164,卖盘
2151,14:37:58,5.24,3144,6,卖盘
2152,14:38:01,5.24,29344,56,卖盘
2153,14:38:04,5.24,3144,6,买盘
2154,14:38:07,5.24,6812,13,买盘
2155,14:38:13,5.23,1046,2,卖盘
2156,14:38:16,5.24,53972,103,买盘
2157,14:38:19,5.23,1046,2,卖盘
2158,14:38:22,5.24,6812,13,买盘
2159,14:38:31,5.23,5230,10,卖盘
2160,14:38:34,5.23,523,1,卖盘
2161,14:38:43,5.24,524,1,买盘
2162,14:38:49,5.23,1569,3,卖盘
2163,14:38:55,5.23,4707,9,卖盘
2164,14:38:58,5.23,4184,8,卖盘
