,成交时间,成交价格,成交金额,成交量,性质
0,09:25:03,5.27,91171,173,卖盘
1,09:30:03,5.26,39500,75,卖盘
2,09:30:06,5.26,13150,25,买盘
3,09:30:09,5.26,19437,37,买盘
4,09:30:12,5.26,103567,197,买盘
5,09:30:15,5.26,21530,41,买盘
6,09:30:18,5.25,38324,73,卖盘
7,09:30:21,5.25,17837,34,买盘
8,09:30:24,5.25,137955,263,买盘
9,09:30:27,5.25,25731,49,买盘
10,09:30:30,5.25,37805,72,卖盘
11,09:30:33,5.26,21538,41,买盘
12,09:30:36,5.26,41554,79,买盘
13,09:30:39,5.27,166003,315,买盘
14,09:30:42,5.27,231349,439,买盘
15,09:30:45,5.28,16360,31,买盘
16,09:30:48,5.28,54381,103,买盘
17,09:30:51,5.28,36947,70,买盘
18,09:30:54,5.28,32208,61,买盘
19,09:30:57,5.28,50679,96,买盘
20,09:31:00,5.28,66000,125,卖盘
21,09:31:03,5.29,48092,91,买盘
22,09:31:06,5.29,6348,12,买盘
23,09:31:09,5.29,76660,145,买盘
24,09:31:12,5.28,10571,20,卖盘
25,09:31:15,5.28,74979,142,卖盘
26,09:31:18,5.28,8448,16,卖盘
27,09:31:21,5.28,55477,105,卖盘
28,09:31:24,5.28,37488,71,卖盘
29,09:31:27,5.28,7385,14,买盘
30,09:31:30,5.27,5797,11,卖盘
31,09:31:33,5.27,5798,11,卖盘
32,09:31:36,5.27,527,1,卖盘
33,09:31:39,5.27,144403,274,卖盘
34,09:31:42,5.27,69572,132,卖盘
35,09:31:45,5.27,88009,167,卖盘
36,09:31:48,5.26,40018,76,卖盘
37,09:31:51,5.26,526,1,卖盘
38,09:31:54,5.26,12629,24,卖盘
39,09:32:00,5.27,3689,7,买盘
40,09:32:03,5.27,189192,359,买盘
41,09:32:06,5.28,5808,11,买盘
42,09:32:09,5.28,112983,214,买盘
43,09:32:12,5.28,7396,14,中性盘
44,09:32:15,5.28,15286,29,买盘
45,09:32:18,5.28,10560,20,卖盘
46,09:32:21,5.28,6864,13,买盘
47,09:32:24,5.28,18480,35,买盘
48,09:32:30,5.28,9504,18,买盘
49,09:32:33,5.28,36896,70,买盘
50,09:32:36,5.28,37494,71,卖盘
51,09:32:39,5.28,24288,46,买盘
52,09:32:42,5.27,4749,9,卖盘
53,09:32:45,5.28,6336,12,买盘
54,09:32:48,5.27,18470,35,卖盘
55,09:32:51,5.28,4224,8,中性盘
56,09:32:54,5.28,528,1,买盘
57,09:32:57,5.28,528,1,买盘
58,09:33:06,5.28,5280,10,买盘
59,09:33:09,5.28,10560,20,买盘
60,09:33:12,5.28,58078,110,买盘
61,09:33:18,5.27,5270,10,卖盘
62,09:33:21,5.27,215004,408,卖盘
63,09:33:27,5.27,527,1,买盘
64,09:33:33,5.27,6839,13,买盘
65,09:33:42,5.27,6851,13,买盘
66,09:33:48,5.27,527,1,买盘
67,09:33:54,5.26,4208,8,卖盘
68,09:33:57,5.26,22618,43,卖盘
69,09:34:00,5.26,29987,57,卖盘
70,09:34:03,5.26,74692,142,卖盘
71,09:34:06,5.27,4735,9,买盘
72,09:34:09,5.26,1578,3,卖盘
73,09:34:12,5.26,31560,60,卖盘
74,09:34:15,5.26,2630,5,卖盘
75,09:34:18,5.26,26826,51,卖盘
76,09:34:21,5.26,3681,7,买盘
77,09:34:24,5.26,7364,14,中性盘
78,09:34:33,5.27,6324,12,买盘
79,09:34:45,5.27,527,1,买盘
80,09:34:48,5.25,1051,2,卖盘
81,09:34:51,5.25,7883,15,卖盘
82,09:35:03,5.25,128341,244,卖盘
83,09:35:06,5.26,14202,27,买盘
84,09:35:09,5.26,14727,28,买盘
85,09:35:12,5.26,13150,25,买盘
86,09:35:24,5.25,525,1,卖盘
87,09:35:27,5.26,526,1,买盘
88,09:35:30,5.26,1051,2,买盘
89,09:35:39,5.25,21525,41,卖盘
90,09:35:42,5.26,2626,5,买盘
91,09:35:48,5.26,526,1,买盘
92,09:35:54,5.26,526,1,买盘
93,09:36:00,5.26,7360,14,买盘
94,09:36:03,5.25,2102,4,卖盘
95,09:36:06,5.26,1578,3,买盘
96,09:36:15,5.25,8932,17,卖盘
97,09:36:24,5.25,1050,2,卖盘
98,09:36:30,5.25,261450,498,卖盘
99,09:36:33,5.25,6302,12,卖盘
100,09:36:36,5.25,85575,163,卖盘
101,09:36:39,5.25,2100,4,买盘
102,09:36:42,5.25,11549,22,买盘
103,09:36:45,5.24,15730,30,卖盘
104,09:36:51,5.25,15750,30,买盘
105,09:37:00,5.24,2096,4,卖盘
106,09:37:03,5.24,45140,86,卖盘
107,09:37:12,5.25,83375,159,买盘
108,09:37:18,5.25,6298,12,买盘
109,09:37:21,5.25,137025,261,买盘
110,09:37:24,5.25,5250,10,中性盘
111,09:37:33,5.25,79800,152,买盘
112,09:37:36,5.25,27825,53,中性盘
113,09:37:39,5.25,2100,4,买盘
114,09:37:42,5.25,102346,195,买盘
115,09:37:48,5.24,7336,14,卖盘
116,09:37:54,5.24,524,1,卖盘
117,09:37:57,5.25,2625,5,买盘
118,09:38:00,5.25,525,1,买盘
119,09:38:06,5.25,72974,139,买盘
120,09:38:09,5.25,9975,19,中性盘
121,09:38:12,5.25,393420,748,买盘
122,09:38:15,5.25,12073,23,卖盘
123,09:38:18,5.25,1575,3,卖盘
124,09:38:21,5.25,10500,20,卖盘
125,09:38:24,5.26,102040,194,买盘
126,09:38:27,5.25,52500,100,卖盘
127,09:38:30,5.25,3150,6,卖盘
128,09:38:36,5.26,3156,6,买盘
129,09:38:54,5.25,7350,14,卖盘
130,09:38:57,5.25,40950,78,卖盘
131,09:39:00,5.25,9450,18,卖盘
132,09:39:06,5.26,102040,194,买盘
133,09:39:09,5.26,526,1,买盘
134,09:39:12,5.26,17874,34,买盘
135,09:39:15,5.26,12093,23,买盘
136,09:39:18,5.26,15780,30,买盘
137,09:39:21,5.26,2630,5,买盘
138,09:39:36,5.26,157274,299,买盘
139,09:39:51,5.26,31025,59,买盘
140,09:39:54,5.26,157136,299,卖盘
141,09:39:57,5.26,19987,38,买盘
142,09:40:00,5.26,35768,68,卖盘
143,09:40:03,5.26,2104,4,卖盘
144,09:40:06,5.26,16306,31,卖盘
145,09:40:09,5.26,46288,88,卖盘
146,09:40:12,5.26,2104,4,买盘
147,09:40:15,5.26,33138,63,买盘
148,09:40:18,5.26,4208,8,卖盘
149,09:40:21,5.26,526,1,卖盘
150,09:40:27,5.26,526,1,卖盘
151,09:40:30,5.26,3156,6,卖盘
152,09:40:33,5.26,21040,40,卖盘
153,09:40:51,5.26,85738,163,卖盘
154,09:40:54,5.26,7890,15,买盘
155,09:40:57,5.26,18410,35,买盘
156,09:41:03,5.26,526,1,买盘
157,09:41:21,5.26,107299,204,买盘
158,09:41:24,5.25,13125,25,卖盘
159,09:41:30,5.25,47338,90,卖盘
160,09:41:39,5.25,525,1,卖盘
161,09:41:42,5.25,525,1,卖盘
162,09:41:45,5.26,2103,4,买盘
163,09:41:48,5.25,525,1,卖盘
164,09:41:51,5.25,525,1,卖盘
165,09:41:54,5.25,525,1,卖盘
166,09:41:57,5.25,5253,10,卖盘
167,09:42:12,5.26,4734,9,买盘
168,09:42:15,5.26,526,1,买盘
169,09:42:33,5.25,2625,5,卖盘
170,09:42:39,5.25,17859,34,卖盘
171,09:42:42,5.26,8938,17,买盘
172,09:42:48,5.26,6838,13,买盘
173,09:42:51,5.26,7890,15,买盘
174,09:42:54,5.26,12624,24,买盘
175,09:42:57,5.26,25248,48,买盘
176,09:43:00,5.26,5256,10,买盘
177,09:43:09,5.25,4200,8,卖盘
178,09:43:15,5.26,3151,6,买盘
179,09:43:18,5.26,124652,237,买盘
180,09:43:21,5.26,9468,18,买盘
181,09:43:24,5.26,16306,31,买盘
182,09:43:27,5.26,2630,5,买盘
183,09:43:30,5.26,5260,10,买盘
184,09:43:33,5.27,774154,1469,买盘
185,09:43:36,5.27,5270,10,卖盘
186,09:43:54,5.27,28458,54,卖盘
187,09:43:57,5.27,15283,29,卖盘
188,09:44:00,5.28,98045,186,买盘
189,09:44:03,5.27,12121,23,卖盘
190,09:44:06,5.27,1581,3,买盘
191,09:44:09,5.27,3689,7,买盘
192,09:44:18,5.26,3156,6,卖盘
193,09:44:21,5.27,28980,55,买盘
194,09:44:24,5.26,12645,24,卖盘
195,09:44:27,5.27,5270,10,买盘
196,09:44:33,5.27,527,1,买盘
197,09:44:39,5.26,5786,11,卖盘
198,09:44:45,5.27,4216,8,买盘
199,09:44:57,5.27,9486,18,买盘
200,09:45:27,5.27,14227,27,买盘
201,09:45:30,5.26,526,1,卖盘
202,09:45:42,5.26,2630,5,卖盘
203,09:45:54,5.26,526,1,卖盘
204,09:45:57,5.26,18412,35,卖盘
205,09:46:03,5.26,27352,52,卖盘
206,09:46:12,5.26,90642,172,卖盘
207,09:46:15,5.27,1054,2,买盘
208,09:46:18,5.26,44184,84,卖盘
209,09:47:09,5.26,1052,2,卖盘
210,09:47:21,5.27,7378,14,买盘
211,09:47:24,5.27,1581,3,买盘
212,09:47:27,5.27,527,1,买盘
213,09:47:30,5.27,21080,40,买盘
214,09:47:33,5.27,44268,84,买盘
215,09:47:36,5.27,165447,314,买盘
216,09:47:39,5.26,214477,407,卖盘
217,09:47:42,5.27,95866,182,买盘
218,09:47:48,5.27,52173,99,买盘
219,09:47:51,5.27,57970,110,卖盘
220,09:47:54,5.27,32674,62,卖盘
221,09:47:57,5.26,2104,4,卖盘
222,09:48:00,5.26,29475,56,卖盘
223,09:48:03,5.26,3686,7,卖盘
224,09:48:09,5.26,10520,20,卖盘
225,09:48:27,5.26,204088,388,卖盘
226,09:48:45,5.27,4742,9,买盘
227,09:49:00,5.26,526,1,卖盘
228,09:49:09,5.26,24196,46,卖盘
229,09:49:12,5.27,1053,2,买盘
230,09:49:15,5.26,526,1,卖盘
231,09:49:33,5.27,527,1,买盘
232,09:49:36,5.26,526,1,卖盘
233,09:49:51,5.27,1581,3,买盘
234,09:50:09,5.26,526,1,卖盘
235,09:50:21,5.26,95206,181,卖盘
236,09:50:24,5.26,244064,464,卖盘
237,09:50:27,5.26,79418,151,卖盘
238,09:50:30,5.27,10532,20,买盘
239,09:50:39,5.26,526,1,卖盘
240,09:50:54,5.27,7904,15,买盘
241,09:50:57,5.26,4734,9,卖盘
242,09:51:00,5.27,1054,2,买盘
243,09:51:06,5.26,6838,13,卖盘
244,09:51:18,5.26,526,1,卖盘
245,09:51:21,5.26,12624,24,卖盘
246,09:51:24,5.26,35768,68,卖盘
247,09:51:27,5.27,1054,2,买盘
248,09:51:30,5.27,193413,367,买盘
249,09:51:33,5.27,27931,53,卖盘
250,09:51:36,5.27,8959,17,卖盘
251,09:51:39,5.27,527,1,卖盘
252,09:52:03,5.28,528,1,买盘
253,09:52:06,5.28,4224,8,买盘
254,09:52:15,5.28,1055,2,买盘
255,09:52:33,5.28,9504,18,买盘
256,09:52:39,5.27,22134,42,卖盘
257,09:52:42,5.27,10559,20,卖盘
258,09:52:45,5.27,8446,16,卖盘
259,09:53:06,5.27,4743,9,卖盘
260,09:53:09,5.27,11067,21,卖盘
261,09:53:30,5.27,527,1,卖盘
262,09:53:33,5.27,5270,10,卖盘
263,09:53:36,5.27,527,1,卖盘
264,09:53:42,5.27,15810,30,卖盘
265,09:53:48,5.28,8448,16,买盘
266,09:53:51,5.28,4752,9,买盘
267,09:53:54,5.27,527,1,卖盘
268,09:54:00,5.28,6864,13,买盘
269,09:54:03,5.27,5270,10,卖盘
270,09:54:12,5.28,528,1,买盘
271,09:54:15,5.27,27404,52,卖盘
272,09:54:24,5.28,1584,3,买盘
273,09:54:30,5.27,19519,37,卖盘
274,09:54:33,5.27,527,1,卖盘
275,09:54:39,5.28,528,1,买盘
276,09:54:45,5.28,8976,17,买盘
277,09:54:48,5.27,1581,3,卖盘
278,09:55:06,5.27,12648,24,卖盘
279,09:55:09,5.27,8959,17,卖盘
280,09:55:12,5.27,25823,49,卖盘
281,09:55:15,5.27,11068,21,卖盘
282,09:55:18,5.27,1055,2,卖盘
283,09:55:24,5.27,2635,5,卖盘
284,09:55:27,5.28,14784,28,买盘
285,09:55:39,5.27,130696,248,卖盘
286,09:55:42,5.27,90117,171,卖盘
287,09:55:45,5.27,230818,438,卖盘
288,09:55:48,5.27,31620,60,买盘
289,09:55:51,5.27,59024,112,买盘
290,09:55:54,5.27,30566,58,买盘
291,09:55:57,5.27,8959,17,买盘
292,09:56:00,5.27,23188,44,买盘
293,09:56:03,5.27,4743,9,中性盘
294,09:56:15,5.27,527,1,卖盘
295,09:56:18,5.27,134385,255,卖盘
296,09:56:21,5.27,74300,141,买盘
297,09:56:24,5.27,6324,12,卖盘
298,09:56:45,5.28,158400,300,买盘
299,09:57:00,5.28,65472,124,买盘
300,09:57:21,5.27,105400,200,卖盘
301,09:57:27,5.27,2108,4,卖盘
302,09:57:36,5.28,12143,23,买盘
303,09:57:42,5.28,10560,20,买盘
304,09:57:45,5.27,1581,3,卖盘
305,09:57:48,5.28,9504,18,买盘
306,09:58:00,5.28,11615,22,买盘
307,09:58:03,5.28,14256,27,买盘
308,09:58:06,5.28,8976,17,买盘
309,09:58:09,5.28,4224,8,买盘
310,09:58:21,5.28,10560,20,买盘
311,09:58:24,5.27,527,1,卖盘
312,09:58:33,5.27,31134,59,卖盘
313,09:58:36,5.27,527,1,卖盘
314,09:58:42,5.27,1054,2,卖盘
315,09:58:45,5.28,6864,13,买盘
316,09:58:48,5.27,527,1,卖盘
317,09:58:51,5.28,80256,152,买盘
318,09:58:54,5.28,6864,13,买盘
319,09:58:57,5.28,2111,4,买盘
320,09:59:00,5.27,8444,16,卖盘
321,09:59:03,5.27,9486,18,卖盘
322,09:59:09,5.28,528,1,买盘
323,09:59:18,5.27,9486,18,卖盘
324,09:59:21,5.28,10541,20,买盘
325,09:59:27,5.27,527,1,卖盘
326,09:59:30,5.27,5270,10,卖盘
327,09:59:33,5.27,46972,89,卖盘
328,09:59:36,5.28,23232,44,买盘
329,09:59:39,5.28,13200,25,买盘
330,09:59:48,5.27,527,1,卖盘
331,09:59:51,5.28,20064,38,买盘
332,10:00:00,5.28,39600,75,买盘
333,10:00:03,5.28,3167,6,买盘
334,10:00:06,5.29,59755,113,买盘
335,10:00:09,5.28,25872,49,中性盘
336,10:00:12,5.29,44362,84,买盘
337,10:00:15,5.28,13727,26,买盘
338,10:00:18,5.28,20592,39,买盘
339,10:00:24,5.28,209861,397,买盘
340,10:00:27,5.28,3168,6,卖盘
341,10:00:30,5.29,30153,57,买盘
342,10:00:33,5.29,39675,75,买盘
343,10:00:36,5.29,6348,12,买盘
344,10:00:39,5.29,3174,6,买盘
345,10:00:42,5.29,1058,2,买盘
346,10:00:45,5.3,70470,133,买盘
347,10:00:48,5.29,15870,30,买盘
348,10:00:51,5.29,1058,2,中性盘
349,10:00:54,5.29,3703,7,卖盘
350,10:00:57,5.3,11112,21,买盘
351,10:01:00,5.29,1058,2,卖盘
352,10:01:03,5.29,11641,22,卖盘
353,10:01:06,5.29,1058,2,买盘
354,10:01:09,5.29,1058,2,买盘
355,10:01:12,5.29,47081,89,买盘
356,10:01:15,5.29,15341,29,买盘
357,10:01:18,5.29,529,1,买盘
358,10:01:24,5.29,529,1,买盘
359,10:01:27,5.28,1584,3,卖盘
360,10:01:33,5.28,528,1,卖盘
361,10:01:45,5.29,53958,102,买盘
362,10:01:51,5.28,9504,18,卖盘
363,10:02:18,5.29,3174,6,买盘
364,10:02:24,5.29,10580,20,买盘
365,10:02:51,5.28,1056,2,卖盘
366,10:02:54,5.29,105800,200,买盘
367,10:03:09,5.29,1587,3,买盘
368,10:03:12,5.29,529,1,买盘
369,10:03:42,5.29,21160,40,买盘
370,10:03:48,5.29,4232,8,买盘
371,10:03:51,5.29,529,1,买盘
372,10:04:09,5.28,17952,34,卖盘
373,10:04:15,5.28,23232,44,卖盘
374,10:04:18,5.28,1056,2,卖盘
375,10:04:27,5.29,5290,10,买盘
376,10:04:30,5.28,6864,13,卖盘
377,10:05:03,5.28,54384,103,卖盘
378,10:05:06,5.28,17424,33,卖盘
379,10:05:09,5.28,48048,91,卖盘
380,10:05:12,5.28,12672,24,卖盘
381,10:05:18,5.28,23760,45,卖盘
382,10:05:21,5.28,85536,162,卖盘
383,10:05:24,5.28,74976,142,卖盘
384,10:05:30,5.28,528,1,买盘
385,10:05:33,5.28,17424,33,买盘
386,10:05:36,5.28,60720,115,买盘
387,10:05:39,5.28,2640,5,卖盘
388,10:06:06,5.29,529,1,买盘
389,10:06:21,5.28,1056,2,卖盘
390,10:06:24,5.28,69168,131,卖盘
391,10:06:27,5.28,26928,51,卖盘
392,10:06:30,5.28,528,1,卖盘
393,10:06:33,5.28,15840,30,卖盘
394,10:06:36,5.29,21663,41,买盘
395,10:06:39,5.28,528,1,卖盘
396,10:06:42,5.28,528,1,卖盘
397,10:06:48,5.28,12672,24,卖盘
398,10:06:51,5.28,5808,11,卖盘
399,10:06:54,5.28,22704,43,卖盘
400,10:06:57,5.28,16896,32,卖盘
401,10:07:00,5.28,528,1,卖盘
402,10:07:03,5.28,1056,2,卖盘
403,10:07:06,5.28,35904,68,卖盘
404,10:07:09,5.28,90721,172,卖盘
405,10:07:12,5.28,9504,18,卖盘
406,10:07:15,5.28,14256,27,卖盘
407,10:07:18,5.28,3696,7,买盘
408,10:07:21,5.28,19008,36,买盘
409,10:07:24,5.28,1056,2,买盘
410,10:07:30,5.28,27456,52,买盘
411,10:07:36,5.28,1056,2,买盘
412,10:07:39,5.28,1584,3,买盘
413,10:07:42,5.28,11616,22,买盘
414,10:08:06,5.27,499599,948,卖盘
415,10:08:09,5.26,155926,296,卖盘
416,10:08:15,5.27,31093,59,买盘
417,10:08:18,5.27,5797,11,买盘
418,10:08:54,5.27,8432,16,卖盘
419,10:08:57,5.27,111197,211,卖盘
420,10:09:00,5.27,1054,2,卖盘
421,10:10:03,5.27,14229,27,卖盘
422,10:10:06,5.27,4216,8,卖盘
423,10:10:09,5.27,2635,5,卖盘
424,10:10:12,5.28,20592,39,买盘
425,10:10:33,5.27,10540,20,卖盘
426,10:10:42,5.28,25858,49,买盘
427,10:11:09,5.28,1056,2,买盘
428,10:11:27,5.28,1584,3,买盘
429,10:11:48,5.28,528,1,买盘
430,10:12:09,5.27,527,1,卖盘
431,10:12:39,5.28,31680,60,买盘
432,10:12:42,5.28,5808,11,买盘
433,10:12:45,5.28,30624,58,买盘
434,10:12:48,5.27,18995,36,卖盘
435,10:12:51,5.28,2112,4,买盘
436,10:12:54,5.28,528,1,买盘
437,10:13:00,5.28,35864,68,买盘
438,10:13:09,5.28,9504,18,买盘
439,10:13:30,5.27,195517,371,卖盘
440,10:13:33,5.28,1056,2,买盘
441,10:13:36,5.27,213962,406,卖盘
442,10:13:39,5.27,10013,19,卖盘
443,10:13:42,5.28,528,1,买盘
444,10:13:48,5.28,42768,81,买盘
445,10:13:51,5.27,3689,7,卖盘
446,10:13:57,5.28,8448,16,买盘
447,10:14:00,5.28,1584,3,买盘
448,10:14:12,5.28,528,1,买盘
449,10:14:15,5.28,1056,2,买盘
450,10:14:18,5.28,30624,58,买盘
451,10:14:21,5.28,30096,57,买盘
452,10:14:24,5.29,145202,275,买盘
453,10:14:27,5.29,1058,2,买盘
454,10:14:30,5.29,529,1,买盘
455,10:14:33,5.28,33792,64,卖盘
456,10:14:39,5.28,6864,13,卖盘
457,10:14:45,5.28,528,1,卖盘
458,10:14:48,5.28,99792,189,卖盘
459,10:14:51,5.28,115632,219,买盘
460,10:14:54,5.28,7392,14,买盘
461,10:14:57,5.28,12672,24,买盘
462,10:15:00,5.28,5280,10,买盘
463,10:15:03,5.28,528,1,买盘
464,10:15:06,5.28,68112,129,买盘
465,10:15:09,5.28,12672,24,买盘
466,10:15:12,5.29,1058,2,买盘
467,10:15:15,5.28,108240,205,卖盘
468,10:15:18,5.28,528,1,买盘
469,10:15:27,5.28,3696,7,买盘
470,10:15:33,5.28,33792,64,买盘
471,10:15:36,5.28,73872,140,买盘
472,10:15:45,5.28,3696,7,买盘
473,10:15:54,5.28,1056,2,买盘
474,10:16:15,5.28,1056,2,买盘
475,10:16:24,5.28,3168,6,买盘
476,10:16:27,5.28,105600,200,买盘
477,10:16:30,5.28,19008,36,买盘
478,10:16:33,5.28,8448,16,买盘
479,10:16:51,5.28,3168,6,买盘
480,10:16:57,5.28,34320,65,买盘
481,10:17:00,5.28,8448,16,买盘
482,10:17:06,5.28,1584,3,买盘
483,10:17:09,5.28,45936,87,买盘
484,10:17:36,5.28,15840,30,买盘
485,10:18:03,5.27,3162,6,卖盘
486,10:18:39,5.28,3696,7,买盘
487,10:18:48,5.28,39600,75,买盘
488,10:18:51,5.28,2112,4,买盘
489,10:19:03,5.27,1581,3,卖盘
490,10:19:33,5.27,1055,2,卖盘
491,10:19:42,5.27,7378,14,卖盘
492,10:20:03,5.28,5280,10,买盘
493,10:20:09,5.28,1584,3,买盘
494,10:20:12,5.28,1056,2,买盘
495,10:20:30,5.27,527,1,卖盘
496,10:20:33,5.27,2110,4,卖盘
497,10:20:39,5.28,2640,5,买盘
498,10:20:42,5.27,3162,6,卖盘
499,10:20:45,5.27,25823,49,卖盘
500,10:20:48,5.27,17918,34,卖盘
501,10:20:51,5.28,4217,8,买盘
502,10:20:54,5.27,21607,41,卖盘
503,10:20:57,5.27,14756,28,卖盘
504,10:21:27,5.28,1056,2,买盘
505,10:21:51,5.27,19500,37,卖盘
506,10:22:18,5.28,7912,15,买盘
507,10:22:27,5.27,17918,34,卖盘
508,10:22:30,5.27,4750,9,卖盘
509,10:23:09,5.28,1056,2,买盘
510,10:23:12,5.27,3162,6,卖盘
511,10:23:18,5.28,1056,2,买盘
512,10:23:33,5.28,5808,11,买盘
513,10:23:57,5.27,3162,6,卖盘
514,10:24:09,5.27,54281,103,卖盘
515,10:24:18,5.27,18972,36,卖盘
516,10:24:21,5.27,6853,13,卖盘
517,10:24:27,5.28,528,1,买盘
518,10:24:51,5.28,528,1,买盘
519,10:24:54,5.28,1584,3,买盘
520,10:24:57,5.27,20026,38,卖盘
521,10:25:00,5.27,92225,175,卖盘
522,10:25:03,5.27,69564,132,卖盘
523,10:25:06,5.27,19500,37,卖盘
524,10:25:09,5.28,24245,46,买盘
525,10:25:12,5.27,20026,38,卖盘
526,10:25:15,5.27,5797,11,卖盘
527,10:25:18,5.27,10540,20,卖盘
528,10:25:21,5.27,11594,22,卖盘
529,10:25:24,5.27,14229,27,卖盘
530,10:25:27,5.27,1581,3,卖盘
531,10:25:30,5.27,1054,2,卖盘
532,10:25:33,5.27,35836,68,卖盘
533,10:25:36,5.27,18978,36,卖盘
534,10:25:39,5.27,70618,134,卖盘
535,10:25:42,5.27,60605,115,卖盘
536,10:25:45,5.27,73780,140,卖盘
537,10:25:51,5.28,14256,27,买盘
538,10:25:54,5.28,7918,15,买盘
539,10:25:57,5.28,5280,10,买盘
540,10:26:09,5.28,5807,11,买盘
541,10:26:12,5.27,131845,250,卖盘
542,10:26:15,5.27,444788,844,卖盘
543,10:26:18,5.28,63812,121,买盘
544,10:26:21,5.27,60605,115,卖盘
545,10:26:27,5.27,186031,353,卖盘
546,10:26:30,5.27,1581,3,卖盘
547,10:26:33,5.27,7378,14,卖盘
548,10:26:36,5.27,16343,31,卖盘
549,10:26:39,5.28,1056,2,买盘
550,10:26:45,5.28,7920,15,买盘
551,10:27:00,5.28,8448,16,买盘
552,10:27:12,5.27,6851,13,卖盘
553,10:27:39,5.27,6851,13,卖盘
554,10:28:00,5.28,93984,178,买盘
555,10:28:24,5.28,44352,84,买盘
556,10:28:27,5.28,1056,2,买盘
557,10:28:36,5.27,5270,10,卖盘
558,10:28:51,5.28,6336,12,买盘
559,10:28:57,5.28,8448,16,买盘
560,10:29:00,5.27,50065,95,卖盘
561,10:29:03,5.28,5280,10,买盘
562,10:29:15,5.27,109616,208,卖盘
563,10:29:18,5.27,4216,8,卖盘
564,10:29:21,5.27,2108,4,卖盘
565,10:29:24,5.27,1581,3,卖盘
566,10:29:30,5.27,8432,16,卖盘
567,10:29:39,5.28,13705,26,买盘
568,10:29:42,5.27,10555,20,卖盘
569,10:29:45,5.27,28458,54,卖盘
570,10:29:51,5.27,10540,20,卖盘
571,10:30:03,5.27,1054,2,卖盘
572,10:30:09,5.27,527,1,卖盘
573,10:30:15,5.28,10560,20,买盘
574,10:30:18,5.27,55863,106,卖盘
575,10:30:21,5.28,4750,9,买盘
576,10:30:33,5.28,528,1,买盘
577,10:30:48,5.27,527,1,卖盘
578,10:30:51,5.27,12121,23,卖盘
579,10:30:54,5.27,6332,12,卖盘
580,10:31:00,5.28,3168,6,买盘
581,10:31:06,5.28,6333,12,买盘
582,10:31:21,5.28,11616,22,买盘
583,10:31:33,5.28,528,1,买盘
584,10:31:36,5.27,1054,2,卖盘
585,10:31:45,5.27,527,1,卖盘
586,10:31:57,5.27,52700,100,卖盘
587,10:32:00,5.27,12121,23,卖盘
588,10:32:03,5.27,71672,136,卖盘
589,10:32:06,5.27,35836,68,买盘
590,10:32:09,5.26,20022,38,卖盘
591,10:32:12,5.26,2633,5,卖盘
592,10:32:24,5.27,1581,3,买盘
593,10:32:27,5.27,2108,4,买盘
594,10:32:30,5.27,10013,19,买盘
595,10:33:30,5.26,10520,20,卖盘
596,10:33:45,5.26,526,1,卖盘
597,10:34:00,5.26,10520,20,卖盘
598,10:34:06,5.27,62070,118,买盘
599,10:34:30,5.26,5261,10,卖盘
600,10:34:33,5.27,1054,2,买盘
601,10:34:45,5.26,39976,76,卖盘
602,10:35:21,5.27,5270,10,买盘
603,10:35:24,5.26,28930,55,卖盘
604,10:35:39,5.27,527,1,买盘
605,10:35:54,5.27,527,1,买盘
606,10:36:03,5.26,49973,95,卖盘
607,10:36:06,5.26,32612,62,卖盘
608,10:36:24,5.26,42080,80,卖盘
609,10:36:27,5.26,29456,56,卖盘
610,10:36:39,5.26,9994,19,卖盘
611,10:36:57,5.26,10520,20,卖盘
612,10:37:33,5.26,4734,9,卖盘
613,10:37:39,5.27,527,1,买盘
614,10:37:45,5.27,1581,3,买盘
615,10:37:54,5.27,1054,2,买盘
616,10:38:00,5.26,47340,90,卖盘
617,10:38:03,5.26,68906,131,卖盘
618,10:38:36,5.27,527,1,买盘
619,10:38:48,5.26,526,1,卖盘
620,10:38:54,5.26,47866,91,卖盘
621,10:38:57,5.27,1580,3,买盘
622,10:39:09,5.26,9468,18,卖盘
623,10:39:15,5.26,10520,20,卖盘
624,10:39:21,5.27,527,1,买盘
625,10:39:24,5.27,527,1,买盘
626,10:40:03,5.27,6851,13,买盘
627,10:40:06,5.27,2108,4,买盘
628,10:40:18,5.26,11046,21,卖盘
629,10:40:30,5.27,1054,2,买盘
630,10:40:33,5.26,4212,8,卖盘
631,10:40:45,5.27,1581,3,买盘
632,10:41:06,5.27,14756,28,买盘
633,10:41:12,5.27,65875,125,买盘
634,10:41:15,5.27,139655,265,买盘
635,10:41:18,5.27,37944,72,买盘
636,10:41:21,5.27,5270,10,买盘
637,10:41:24,5.27,47957,91,买盘
638,10:41:36,5.27,13175,25,买盘
639,10:41:39,5.26,98542,187,卖盘
640,10:41:42,5.27,4740,9,买盘
641,10:41:48,5.26,5796,11,卖盘
642,10:41:51,5.27,6324,12,买盘
643,10:41:54,5.27,2635,5,买盘
644,10:42:15,5.26,63755,121,卖盘
645,10:42:18,5.26,2104,4,卖盘
646,10:42:21,5.26,23184,44,卖盘
647,10:42:54,5.27,4216,8,买盘
648,10:43:27,5.27,13175,25,买盘
649,10:43:30,5.27,4216,8,买盘
650,10:43:33,5.27,527,1,买盘
651,10:43:57,5.27,158100,300,买盘
652,10:44:00,5.27,6851,13,买盘
653,10:44:03,5.27,3162,6,买盘
654,10:44:06,5.26,1052,2,卖盘
655,10:44:18,5.27,61659,117,买盘
656,10:44:27,5.27,42160,80,买盘
657,10:44:33,5.27,1054,2,买盘
658,10:44:42,5.27,1054,2,买盘
659,10:45:00,5.26,4734,9,卖盘
660,10:45:18,5.27,2635,5,买盘
661,10:45:21,5.27,17390,33,买盘
662,10:45:24,5.27,22660,43,买盘
663,10:45:33,5.27,5796,11,买盘
664,10:45:36,5.26,16306,31,卖盘
665,10:45:39,5.26,6838,13,卖盘
666,10:45:51,5.27,11594,22,买盘
667,10:45:54,5.27,2635,5,买盘
668,10:46:06,5.27,1581,3,买盘
669,10:46:21,5.26,5260,10,卖盘
670,10:46:30,5.26,4208,8,卖盘
671,10:46:33,5.27,527,1,买盘
672,10:47:00,5.26,3156,6,卖盘
673,10:47:03,5.26,526,1,卖盘
674,10:47:15,5.27,13702,26,买盘
675,10:47:18,5.27,26350,50,买盘
676,10:47:21,5.27,2108,4,买盘
677,10:47:30,5.27,4216,8,买盘
678,10:47:33,5.27,527,1,买盘
679,10:47:42,5.27,2105,4,买盘
680,10:47:45,5.27,25823,49,买盘
681,10:48:09,5.27,1054,2,买盘
682,10:48:12,5.26,2630,5,卖盘
683,10:48:15,5.26,14728,28,卖盘
684,10:48:18,5.27,10540,20,买盘
685,10:48:24,5.27,15283,29,买盘
686,10:48:57,5.27,32674,62,买盘
687,10:49:00,5.27,1054,2,买盘
688,10:49:03,5.27,527,1,买盘
689,10:49:09,5.27,527,1,买盘
690,10:49:21,5.27,1054,2,买盘
691,10:49:33,5.26,10520,20,卖盘
692,10:49:36,5.27,1054,2,买盘
693,10:49:45,5.27,527,1,买盘
694,10:50:00,5.26,5789,11,卖盘
695,10:50:09,5.26,3682,7,卖盘
696,10:50:18,5.27,1581,3,买盘
697,10:50:24,5.27,25775,49,买盘
698,10:50:27,5.26,1578,3,卖盘
699,10:50:33,5.27,10540,20,买盘
700,10:50:36,5.27,4216,8,买盘
701,10:50:39,5.27,17388,33,买盘
702,10:50:45,5.27,527,1,买盘
703,10:51:06,5.27,2635,5,买盘
704,10:51:09,5.26,7890,15,卖盘
705,10:51:21,5.27,13702,26,买盘
706,10:51:27,5.26,33181,63,卖盘
707,10:51:39,5.27,26350,50,买盘
708,10:51:48,5.27,17391,33,买盘
709,10:51:51,5.27,527,1,买盘
710,10:52:09,5.27,211454,402,买盘
711,10:52:21,5.27,527,1,买盘
712,10:53:03,5.27,42160,80,买盘
713,10:53:15,5.26,526,1,卖盘
714,10:53:27,5.27,27377,52,买盘
715,10:53:30,5.27,3162,6,买盘
716,10:53:33,5.26,2104,4,卖盘
717,10:53:54,5.26,6838,13,卖盘
718,10:53:57,5.26,6315,12,卖盘
719,10:54:00,5.26,9994,19,卖盘
720,10:54:03,5.26,4208,8,卖盘
721,10:54:06,5.26,7364,14,卖盘
722,10:54:09,5.26,3682,7,卖盘
723,10:54:12,5.26,26876,51,卖盘
724,10:54:27,5.27,527,1,买盘
725,10:54:33,5.27,45321,86,买盘
726,10:54:36,5.26,526,1,卖盘
727,10:54:45,5.27,527,1,买盘
728,10:55:03,5.26,526,1,卖盘
729,10:55:09,5.27,53227,101,买盘
730,10:55:42,5.26,4734,9,卖盘
731,10:55:57,5.27,4743,9,买盘
732,10:56:15,5.27,9486,18,买盘
733,10:56:30,5.27,3162,6,买盘
734,10:56:36,5.27,5270,10,买盘
735,10:56:45,5.26,3156,6,卖盘
736,10:56:48,5.27,55856,106,买盘
737,10:57:09,5.26,17358,33,卖盘
738,10:57:12,5.26,9468,18,卖盘
739,10:57:36,5.27,5270,10,买盘
740,10:57:42,5.26,10520,20,卖盘
741,10:58:00,5.27,1581,3,买盘
742,10:58:18,5.27,11067,21,买盘
743,10:58:21,5.26,81533,155,卖盘
744,10:58:24,5.27,4739,9,买盘
745,10:58:27,5.26,3682,7,卖盘
746,10:58:30,5.27,11594,22,买盘
747,10:58:33,5.26,526,1,卖盘
748,10:58:51,5.27,527,1,买盘
749,10:58:57,5.27,527,1,买盘
750,10:59:09,5.26,526,1,卖盘
751,10:59:12,5.26,52600,100,卖盘
752,10:59:21,5.27,2635,5,买盘
753,10:59:30,5.26,7364,14,卖盘
754,10:59:33,5.27,7365,14,买盘
755,10:59:36,5.27,527,1,买盘
756,10:59:39,5.26,9996,19,卖盘
757,10:59:42,5.26,51548,98,卖盘
758,10:59:45,5.26,526,1,卖盘
759,10:59:48,5.27,1054,2,买盘
760,11:00:00,5.26,13151,25,卖盘
761,11:00:03,5.26,51116,97,卖盘
762,11:00:06,5.26,5792,11,卖盘
763,11:00:09,5.27,6324,12,买盘
764,11:00:12,5.27,8959,17,买盘
765,11:00:24,5.26,7904,15,卖盘
766,11:00:27,5.26,2633,5,卖盘
767,11:00:30,5.27,6848,13,买盘
768,11:00:36,5.27,527,1,买盘
769,11:00:39,5.27,527,1,买盘
770,11:00:48,5.27,5797,11,买盘
771,11:00:51,5.26,11572,22,卖盘
772,11:01:09,5.27,16337,31,买盘
773,11:01:15,5.27,11067,21,买盘
774,11:01:18,5.26,35242,67,卖盘
775,11:01:42,5.26,526,1,卖盘
776,11:01:48,5.26,385560,733,卖盘
777,11:01:51,5.26,19466,37,卖盘
778,11:01:54,5.26,9473,18,卖盘
779,11:01:57,5.26,4208,8,卖盘
780,11:02:03,5.26,4734,9,卖盘
781,11:02:12,5.26,3156,6,卖盘
782,11:02:39,5.27,20026,38,买盘
783,11:02:42,5.26,23670,45,卖盘
784,11:02:48,5.27,527,1,买盘
785,11:02:51,5.26,9998,19,卖盘
786,11:02:54,5.26,6312,12,卖盘
787,11:02:57,5.26,348212,662,卖盘
788,11:03:00,5.26,14728,28,卖盘
789,11:03:03,5.26,5260,10,卖盘
790,11:03:06,5.26,29982,57,卖盘
791,11:03:09,5.26,713256,1356,卖盘
792,11:03:12,5.26,256611,488,卖盘
793,11:03:15,5.26,35747,68,买盘
794,11:03:18,5.25,1576,3,卖盘
795,11:03:24,5.26,4734,9,买盘
796,11:03:27,5.26,8942,17,买盘
797,11:03:30,5.26,2104,4,买盘
798,11:03:33,5.25,41017,78,卖盘
799,11:03:36,5.26,6312,12,买盘
800,11:03:51,5.26,99231,189,买盘
801,11:04:06,5.26,15780,30,买盘
802,11:04:24,5.26,10520,20,买盘
803,11:04:30,5.26,52600,100,买盘
804,11:04:33,5.26,5260,10,买盘
805,11:04:42,5.26,13150,25,买盘
806,11:05:00,5.26,5260,10,买盘
807,11:05:03,5.26,11046,21,买盘
808,11:05:06,5.26,10520,20,买盘
809,11:05:15,5.26,526,1,买盘
810,11:05:18,5.26,5786,11,买盘
811,11:05:24,5.26,19462,37,买盘
812,11:05:27,5.26,16832,32,买盘
813,11:05:30,5.26,25248,48,买盘
814,11:05:33,5.26,12098,23,买盘
815,11:05:36,5.26,6312,12,买盘
816,11:05:39,5.26,17884,34,买盘
817,11:05:42,5.26,4208,8,买盘
818,11:05:51,5.26,1052,2,买盘
819,11:05:54,5.26,7364,14,买盘
820,11:05:57,5.26,18936,36,卖盘
821,11:06:00,5.26,47340,90,买盘
822,11:06:03,5.27,527,1,买盘
823,11:07:03,5.26,42606,81,卖盘
824,11:07:18,5.26,526,1,卖盘
825,11:07:21,5.26,526,1,卖盘
826,11:07:39,5.26,1052,2,卖盘
827,11:07:45,5.26,526,1,卖盘
828,11:07:57,5.26,5260,10,卖盘
829,11:08:15,5.26,10520,20,卖盘
830,11:08:30,5.26,526,1,卖盘
831,11:08:33,5.26,8416,16,卖盘
832,11:08:36,5.26,526,1,卖盘
833,11:08:54,5.26,43658,83,卖盘
834,11:09:03,5.26,2104,4,卖盘
835,11:09:09,5.26,526,1,卖盘
836,11:09:18,5.26,43658,83,卖盘
837,11:09:27,5.26,526,1,卖盘
838,11:09:36,5.27,110993,211,买盘
839,11:09:39,5.26,3156,6,卖盘
840,11:09:42,5.26,1578,3,卖盘
841,11:09:45,5.26,526,1,卖盘
842,11:09:57,5.27,10540,20,买盘
843,11:10:00,5.26,5268,10,卖盘
844,11:10:27,5.26,526,1,卖盘
845,11:10:30,5.26,1052,2,卖盘
846,11:10:33,5.27,3161,6,买盘
847,11:10:39,5.26,1052,2,卖盘
848,11:10:42,5.26,526,1,卖盘
849,11:10:51,5.27,52173,99,买盘
850,11:10:54,5.26,26300,50,卖盘
851,11:11:00,5.26,36880,70,卖盘
852,11:11:09,5.27,4743,9,买盘
853,11:11:12,5.27,4743,9,买盘
854,11:12:12,5.27,47957,91,买盘
855,11:12:30,5.26,526,1,卖盘
856,11:13:00,5.26,1052,2,卖盘
857,11:13:03,5.27,9486,18,买盘
858,11:13:12,5.26,3682,7,卖盘
859,11:13:54,5.26,57860,110,卖盘
860,11:13:57,5.27,3161,6,买盘
861,11:14:39,5.26,526,1,卖盘
862,11:15:12,5.27,4743,9,买盘
863,11:15:15,5.26,2630,5,卖盘
864,11:15:18,5.26,2106,4,卖盘
865,11:15:24,5.26,59438,113,卖盘
866,11:15:30,5.26,1668426,3166,卖盘
867,11:15:33,5.27,278783,529,买盘
868,11:15:36,5.27,28985,55,买盘
869,11:15:39,5.27,19499,37,买盘
870,11:15:42,5.27,16864,32,买盘
871,11:16:00,5.27,1581,3,买盘
872,11:16:12,5.27,1581,3,买盘
873,11:16:15,5.27,1054,2,买盘
874,11:16:18,5.27,527,1,买盘
875,11:16:21,5.27,3689,7,买盘
876,11:16:33,5.27,26350,50,买盘
877,11:16:39,5.27,353617,671,买盘
878,11:16:42,5.27,26350,50,卖盘
879,11:16:45,5.28,6336,12,买盘
880,11:17:42,5.27,527,1,卖盘
881,11:17:48,5.28,4224,8,买盘
882,11:18:06,5.28,11087,21,买盘
883,11:18:24,5.28,741840,1405,买盘
884,11:18:27,5.28,3696,7,买盘
885,11:18:30,5.28,1056,2,买盘
886,11:19:18,5.28,66528,126,买盘
887,11:19:33,5.28,1584,3,买盘
888,11:19:39,5.27,527,1,卖盘
889,11:20:21,5.28,3168,6,买盘
890,11:20:42,5.28,44352,84,买盘
891,11:20:45,5.27,527,1,卖盘
892,11:20:54,5.27,3162,6,卖盘
893,11:20:57,5.28,528,1,买盘
894,11:21:06,5.27,10540,20,卖盘
895,11:21:21,5.27,2635,5,卖盘
896,11:21:51,5.27,2635,5,卖盘
897,11:21:54,5.27,1581,3,卖盘
898,11:22:03,5.27,527,1,卖盘
899,11:22:21,5.28,3696,7,买盘
900,11:23:00,5.28,6336,12,买盘
901,11:23:03,5.28,528,1,买盘
902,11:23:06,5.27,5270,10,卖盘
903,11:23:09,5.27,527,1,卖盘
904,11:23:21,5.27,4216,8,卖盘
905,11:23:24,5.27,2635,5,卖盘
906,11:23:27,5.28,13727,26,买盘
907,11:23:33,5.27,527,1,卖盘
908,11:24:06,5.27,2108,4,卖盘
909,11:24:09,5.27,1054,2,卖盘
910,11:24:21,5.27,4743,9,卖盘
911,11:24:39,5.27,13175,25,卖盘
912,11:24:42,5.27,1054,2,卖盘
913,11:24:48,5.27,13175,25,卖盘
914,11:24:51,5.27,12121,23,卖盘
915,11:24:54,5.27,8959,17,卖盘
916,11:25:09,5.27,6324,12,卖盘
917,11:25:12,5.27,527,1,卖盘
918,11:25:21,5.27,7378,14,卖盘
919,11:25:36,5.27,1054,2,卖盘
920,11:26:06,5.27,1581,3,卖盘
921,11:26:21,5.27,527,1,卖盘
922,11:27:00,5.27,527,1,卖盘
923,11:27:51,5.28,369072,699,买盘
924,11:27:54,5.28,528,1,买盘
925,11:28:12,5.27,5270,10,卖盘
926,11:28:42,5.28,528,1,买盘
927,11:29:18,5.28,6336,12,买盘
928,11:29:21,5.28,1056,2,买盘
929,11:29:30,5.27,1581,3,卖盘
930,11:29:33,5.27,8434,16,卖盘
931,11:29:36,5.28,1055,2,买盘
932,11:29:42,5.27,5270,10,卖盘
933,11:29:48,5.27,6854,13,卖盘
934,11:29:51,5.28,5280,10,买盘
935,11:29:54,5.28,89760,170,买盘
936,11:29:57,5.28,528,1,买盘
937,13:00:03,5.28,4752,9,买盘
938,13:00:06,5.27,251412,477,卖盘
939,13:00:09,5.27,16895,32,卖盘
940,13:00:12,5.27,70118,133,卖盘
941,13:00:15,5.27,11067,21,卖盘
942,13:00:18,5.27,13702,26,卖盘
943,13:00:21,5.27,4216,8,卖盘
944,13:00:30,5.28,15840,30,买盘
945,13:00:45,5.27,67583,128,卖盘
946,13:01:00,5.28,51744,98,买盘
947,13:01:06,5.27,3689,7,卖盘
948,13:01:48,5.28,22176,42,买盘
949,13:01:51,5.27,2108,4,卖盘
950,13:01:54,5.27,52700,100,卖盘
951,13:02:09,5.28,22154,42,买盘
952,13:02:27,5.28,4224,8,买盘
953,13:02:39,5.27,10023,19,卖盘
954,13:02:51,5.27,1581,3,卖盘
955,13:02:57,5.27,1581,3,卖盘
956,13:03:06,5.27,1581,3,卖盘
957,13:03:15,5.27,4216,8,卖盘
958,13:03:24,5.27,11594,22,卖盘
959,13:03:27,5.27,76415,145,卖盘
960,13:03:30,5.27,24242,46,卖盘
961,13:03:33,5.27,17393,33,卖盘
962,13:03:36,5.27,27404,52,卖盘
963,13:03:39,5.27,33201,63,卖盘
964,13:03:42,5.27,50155,95,卖盘
965,13:04:00,5.28,79200,150,买盘
966,13:04:06,5.27,1054,2,卖盘
967,13:04:09,5.28,123017,233,买盘
968,13:04:12,5.27,28507,54,卖盘
969,13:04:15,5.27,31620,60,卖盘
970,13:04:36,5.28,61138,116,买盘
971,13:04:39,5.27,3162,6,卖盘
972,13:05:00,5.27,4743,9,卖盘
973,13:05:06,5.27,598672,1136,卖盘
974,13:05:09,5.26,35804,68,卖盘
975,13:05:12,5.26,7364,14,卖盘
976,13:05:15,5.27,16852,32,买盘
977,13:05:18,5.26,4208,8,卖盘
978,13:05:21,5.26,7364,14,卖盘
979,13:05:24,5.26,13151,25,卖盘
980,13:05:27,5.27,1581,3,买盘
981,13:05:33,5.27,27926,53,买盘
982,13:06:03,5.26,4736,9,卖盘
983,13:06:12,5.26,2630,5,卖盘
984,13:06:27,5.26,318230,605,卖盘
985,13:06:30,5.26,15780,30,卖盘
986,13:06:39,5.26,26826,51,卖盘
987,13:07:03,5.26,3683,7,卖盘
988,13:07:06,5.27,450058,854,买盘
989,13:07:09,5.27,14237,27,卖盘
990,13:07:12,5.28,2112,4,买盘
991,13:07:30,5.28,10560,20,买盘
992,13:07:33,5.28,528,1,买盘
993,13:07:39,5.28,21120,40,买盘
994,13:07:48,5.27,1054,2,卖盘
995,13:07:54,5.27,527,1,卖盘
996,13:07:57,5.28,1056,2,买盘
997,13:08:03,5.27,50598,96,卖盘
998,13:08:12,5.28,528,1,买盘
999,13:08:15,5.27,2108,4,卖盘
1000,13:08:21,5.27,24242,46,卖盘
1001,13:08:27,5.27,7905,15,卖盘
1002,13:08:42,5.28,5808,11,买盘
1003,13:08:48,5.27,2108,4,卖盘
1004,13:09:36,5.27,2635,5,卖盘
1005,13:09:39,5.27,2108,4,卖盘
1006,13:09:48,5.27,3162,6,卖盘
1007,13:09:54,5.27,22134,42,卖盘
1008,13:09:57,5.27,69565,132,卖盘
1009,13:10:00,5.27,4743,9,卖盘
1010,13:10:03,5.27,12648,24,卖盘
1011,13:10:06,5.27,891684,1692,卖盘
1012,13:10:09,5.27,16320,31,买盘
1013,13:10:15,5.27,4216,8,买盘
1014,13:10:18,5.27,22134,42,买盘
1015,13:10:21,5.27,527,1,买盘
1016,13:10:24,5.26,1053,2,卖盘
1017,13:10:27,5.26,1052,2,卖盘
1018,13:10:36,5.27,1054,2,买盘
1019,13:10:39,5.26,1578,3,卖盘
1020,13:10:42,5.26,2630,5,卖盘
1021,13:10:51,5.27,3162,6,买盘
1022,13:11:15,5.26,2104,4,卖盘
1023,13:11:18,5.27,5270,10,买盘
1024,13:11:30,5.26,526,1,卖盘
1025,13:11:33,5.27,527,1,买盘
1026,13:11:39,5.27,5797,11,买盘
1027,13:11:51,5.26,1052,2,卖盘
1028,13:12:03,5.26,3161,6,卖盘
1029,13:12:09,5.26,26300,50,卖盘
1030,13:12:18,5.26,2104,4,卖盘
1031,13:12:27,5.26,5260,10,卖盘
1032,13:12:36,5.26,526,1,卖盘
1033,13:12:42,5.26,2630,5,卖盘
1034,13:12:48,5.27,527,1,买盘
1035,13:12:51,5.27,4216,8,买盘
1036,13:13:03,5.26,2104,4,卖盘
1037,13:13:15,5.27,26350,50,买盘
1038,13:13:42,5.26,52600,100,卖盘
1039,13:13:45,5.26,526,1,卖盘
1040,13:13:57,5.27,4743,9,买盘
1041,13:14:03,5.27,527,1,买盘
1042,13:14:06,5.27,1054,2,买盘
1043,13:14:09,5.26,526,1,卖盘
1044,13:14:24,5.26,1052,2,卖盘
1045,13:14:33,5.26,1052,2,卖盘
1046,13:14:39,5.27,1579,3,买盘
1047,13:14:42,5.26,2104,4,卖盘
1048,13:14:45,5.27,527,1,买盘
1049,13:14:54,5.27,6848,13,买盘
1050,13:15:00,5.27,1054,2,买盘
1051,13:15:15,5.26,2104,4,卖盘
1052,13:15:18,5.27,527,1,买盘
1053,13:15:21,5.26,526,1,卖盘
1054,13:15:27,5.26,9484,18,卖盘
1055,13:15:33,5.26,73153,139,卖盘
1056,13:15:36,5.27,527,1,买盘
1057,13:15:42,5.27,12641,24,买盘
1058,13:15:45,5.26,2632,5,卖盘
1059,13:15:51,5.26,2104,4,卖盘
1060,13:15:54,5.27,86955,165,买盘
1061,13:15:57,5.27,7378,14,买盘
1062,13:16:00,5.27,12121,23,买盘
1063,13:16:09,5.27,527,1,买盘
1064,13:16:15,5.27,2108,4,买盘
1065,13:16:18,5.27,11067,21,买盘
1066,13:16:21,5.27,527,1,买盘
1067,13:16:24,5.27,4216,8,买盘
1068,13:16:30,5.26,2630,5,卖盘
1069,13:16:36,5.27,527,1,买盘
1070,13:16:39,5.27,24242,46,买盘
1071,13:17:12,5.27,2635,5,买盘
1072,13:17:21,5.26,526,1,卖盘
1073,13:17:36,5.27,527,1,买盘
1074,13:17:45,5.26,1578,3,卖盘
1075,13:17:57,5.26,3156,6,卖盘
1076,13:18:00,5.27,527,1,买盘
1077,13:18:03,5.26,3156,6,卖盘
1078,13:18:09,5.26,1052,2,卖盘
1079,13:18:21,5.26,2104,4,卖盘
1080,13:18:27,5.26,526,1,卖盘
1081,13:18:42,5.26,526,1,卖盘
1082,13:18:45,5.27,22134,42,买盘
1083,13:18:54,5.26,1052,2,卖盘
1084,13:19:00,5.26,1052,2,卖盘
1085,13:19:03,5.26,526,1,卖盘
1086,13:19:33,5.27,1054,2,买盘
1087,13:19:48,5.26,4734,9,卖盘
1088,13:20:00,5.27,15810,30,买盘
1089,13:20:03,5.26,526,1,卖盘
1090,13:20:24,5.27,12121,23,买盘
1091,13:20:39,5.27,56284,107,买盘
1092,13:20:42,5.27,2635,5,买盘
1093,13:20:45,5.27,2108,4,买盘
1094,13:20:51,5.27,11066,21,买盘
1095,13:20:54,5.26,2104,4,卖盘
1096,13:20:57,5.27,13702,26,买盘
1097,13:21:03,5.26,59438,113,卖盘
1098,13:21:06,5.27,18969,36,买盘
1099,13:21:12,5.27,50065,95,买盘
1100,13:21:18,5.26,2104,4,卖盘
1101,13:21:30,5.27,52700,100,买盘
1102,13:21:54,5.26,2104,4,卖盘
1103,13:21:57,5.27,24242,46,买盘
1104,13:22:06,5.26,1052,2,卖盘
1105,13:22:09,5.26,1578,3,卖盘
1106,13:22:21,5.27,3689,7,买盘
1107,13:22:24,5.26,1052,2,卖盘
1108,13:22:39,5.27,1581,3,买盘
1109,13:22:45,5.27,18445,35,买盘
1110,13:22:51,5.27,5797,11,买盘
1111,13:23:00,5.27,527,1,买盘
1112,13:23:09,5.26,1578,3,卖盘
1113,13:23:27,5.27,1054,2,买盘
1114,13:23:30,5.26,1052,2,卖盘
1115,13:23:36,5.27,5797,11,买盘
1116,13:23:57,5.27,26350,50,买盘
1117,13:24:03,5.26,7904,15,卖盘
1118,13:24:06,5.26,1578,3,卖盘
1119,13:24:12,5.27,10540,20,买盘
1120,13:24:15,5.26,10005,19,卖盘
1121,13:24:24,5.26,1053,2,卖盘
1122,13:24:33,5.26,526,1,卖盘
1123,13:24:42,5.26,28930,55,卖盘
1124,13:24:45,5.26,63646,121,卖盘
1125,13:24:48,5.26,11577,22,卖盘
1126,13:24:51,5.26,526,1,卖盘
1127,13:24:57,5.27,22134,42,买盘
1128,13:25:21,5.26,526,1,卖盘
1129,13:25:24,5.26,7890,15,卖盘
1130,13:25:27,5.27,527,1,买盘
1131,13:25:30,5.27,3160,6,买盘
1132,13:25:36,5.26,3687,7,卖盘
1133,13:25:39,5.27,527,1,买盘
1134,13:25:42,5.27,527,1,买盘
1135,13:25:48,5.27,2108,4,买盘
1136,13:26:06,5.26,4734,9,卖盘
1137,13:26:21,5.27,10540,20,买盘
1138,13:26:24,5.26,1578,3,卖盘
1139,13:26:27,5.27,162843,309,买盘
1140,13:26:30,5.27,527,1,买盘
1141,13:26:33,5.26,1052,2,卖盘
1142,13:27:06,5.27,12121,23,买盘
1143,13:27:09,5.27,527,1,买盘
1144,13:27:33,5.26,1052,2,卖盘
1145,13:27:45,5.26,12098,23,卖盘
1146,13:27:48,5.26,2104,4,卖盘
1147,13:27:57,5.26,1578,3,卖盘
1148,13:28:00,5.27,1054,2,买盘
1149,13:28:03,5.27,14228,27,买盘
1150,13:28:06,5.27,1054,2,买盘
1151,13:28:15,5.27,2635,5,买盘
1152,13:28:27,5.27,14756,28,买盘
1153,13:28:30,5.27,5270,10,买盘
1154,13:28:36,5.26,16833,32,卖盘
1155,13:28:45,5.26,526,1,卖盘
1156,13:28:51,5.26,1052,2,卖盘
1157,13:28:54,5.26,2104,4,卖盘
1158,13:29:03,5.27,1579,3,买盘
1159,13:29:15,5.27,3689,7,买盘
1160,13:29:18,5.26,1052,2,卖盘
1161,13:29:24,5.26,3682,7,卖盘
1162,13:29:27,5.26,3158,6,卖盘
1163,13:29:30,5.26,2630,5,卖盘
1164,13:29:39,5.26,5260,10,卖盘
1165,13:29:42,5.26,2630,5,卖盘
1166,13:29:48,5.26,1052,2,卖盘
1167,13:29:51,5.26,526,1,卖盘
1168,13:30:00,5.26,6312,12,卖盘
1169,13:30:03,5.26,28934,55,卖盘
1170,13:30:06,5.26,9994,19,卖盘
1171,13:30:09,5.26,2104,4,卖盘
1172,13:30:15,5.27,4216,8,买盘
1173,13:30:18,5.27,6322,12,买盘
1174,13:30:21,5.26,116246,221,卖盘
1175,13:30:24,5.26,3682,7,卖盘
1176,13:30:27,5.26,16832,32,卖盘
1177,13:30:36,5.27,8422,16,买盘
1178,13:30:39,5.27,1054,2,买盘
1179,13:30:45,5.27,21080,40,买盘
1180,13:30:48,5.27,527,1,买盘
1181,13:30:51,5.26,1578,3,卖盘
1182,13:30:54,5.26,526,1,卖盘
1183,13:30:57,5.26,526,1,卖盘
1184,13:31:00,5.26,526,1,卖盘
1185,13:31:09,5.26,4208,8,卖盘
1186,13:31:12,5.26,28445,54,卖盘
1187,13:31:21,5.26,24722,47,卖盘
1188,13:31:24,5.27,17389,33,买盘
1189,13:31:27,5.26,1053,2,卖盘
1190,13:31:33,5.27,22661,43,买盘
1191,13:31:39,5.27,119512,227,买盘
1192,13:31:42,5.27,805256,1528,买盘
1193,13:31:45,5.27,76942,146,买盘
1194,13:31:48,5.27,13688,26,买盘
1195,13:31:51,5.27,5797,11,买盘
1196,13:31:54,5.27,1581,3,买盘
1197,13:32:15,5.27,4214,8,买盘
1198,13:32:21,5.27,7378,14,买盘
1199,13:32:24,5.27,114886,218,买盘
1200,13:32:27,5.27,79577,151,卖盘
1201,13:32:30,5.27,10540,20,卖盘
1202,13:32:33,5.27,43741,83,中性盘
1203,13:32:36,5.27,10013,19,卖盘
1204,13:32:39,5.27,4216,8,卖盘
1205,13:32:42,5.27,12121,23,卖盘
1206,13:32:45,5.27,1054,2,卖盘
1207,13:33:00,5.28,7920,15,买盘
1208,13:33:03,5.27,158100,300,卖盘
1209,13:33:06,5.27,6324,12,卖盘
1210,13:33:12,5.27,11081,21,卖盘
1211,13:33:18,5.27,6851,13,卖盘
1212,13:33:24,5.27,527,1,卖盘
1213,13:33:27,5.27,1054,2,卖盘
1214,13:33:33,5.27,3162,6,卖盘
1215,13:33:36,5.27,16864,32,卖盘
1216,13:33:39,5.27,1055,2,卖盘
1217,13:33:57,5.27,26350,50,卖盘
1218,13:34:00,5.28,6864,13,买盘
1219,13:34:18,5.27,1581,3,卖盘
1220,13:34:21,5.27,52240,99,卖盘
1221,13:34:27,5.28,6336,12,买盘
1222,13:34:30,5.28,3695,7,买盘
1223,13:34:33,5.28,3168,6,买盘
1224,13:34:51,5.27,2108,4,卖盘
1225,13:34:54,5.27,527,1,卖盘
1226,13:35:00,5.27,8432,16,卖盘
1227,13:35:03,5.27,4743,9,卖盘
1228,13:35:06,5.27,12121,23,卖盘
1229,13:35:09,5.27,1054,2,买盘
1230,13:35:12,5.27,64294,122,买盘
1231,13:35:15,5.27,13702,26,卖盘
1232,13:35:18,5.27,527,1,卖盘
1233,13:35:21,5.27,2108,4,卖盘
1234,13:35:24,5.27,27931,53,卖盘
1235,13:35:27,5.27,32147,61,卖盘
1236,13:35:30,5.26,5796,11,卖盘
1237,13:35:33,5.27,1054,2,买盘
1238,13:35:36,5.27,6851,13,买盘
1239,13:35:39,5.27,11594,22,卖盘
1240,13:35:42,5.27,1054,2,卖盘
1241,13:35:45,5.27,527,1,卖盘
1242,13:35:54,5.28,3168,6,买盘
1243,13:35:57,5.27,1054,2,卖盘
1244,13:36:00,5.27,3689,7,卖盘
1245,13:36:12,5.27,21080,40,卖盘
1246,13:36:21,5.28,3168,6,买盘
1247,13:36:24,5.28,3168,6,买盘
1248,13:36:27,5.27,1581,3,卖盘
1249,13:36:30,5.27,28991,55,卖盘
1250,13:36:33,5.28,3168,6,买盘
1251,13:36:36,5.28,6336,12,买盘
1252,13:36:45,5.28,3168,6,买盘
1253,13:36:48,5.28,528,1,买盘
1254,13:36:57,5.28,3168,6,买盘
1255,13:37:00,5.27,1581,3,卖盘
1256,13:37:39,5.28,13728,26,买盘
1257,13:37:42,5.28,2640,5,买盘
1258,13:37:51,5.27,18445,35,卖盘
1259,13:38:00,5.27,7378,14,卖盘
1260,13:38:06,5.27,74407,141,卖盘
1261,13:38:09,5.27,2108,4,卖盘
1262,13:38:21,5.28,1400781,2653,买盘
1263,13:38:24,5.29,118301,224,买盘
1264,13:38:27,5.29,40188,76,买盘
1265,13:38:30,5.29,15341,29,买盘
1266,13:38:33,5.28,17424,33,卖盘
1267,13:38:36,5.29,17457,33,买盘
1268,13:38:51,5.28,528000,1000,卖盘
1269,13:38:54,5.28,528,1,卖盘
1270,13:39:03,5.28,11616,22,卖盘
1271,13:39:06,5.28,130538,247,卖盘
1272,13:39:39,5.29,23805,45,买盘
1273,13:39:45,5.28,528,1,卖盘
1274,13:39:48,5.29,5290,10,买盘
1275,13:40:06,5.29,529,1,买盘
1276,13:40:27,5.29,5290,10,买盘
1277,13:40:30,5.29,529,1,买盘
1278,13:40:39,5.29,529,1,买盘
1279,13:41:03,5.29,54484,103,买盘
1280,13:41:15,5.29,30153,57,买盘
1281,13:41:33,5.29,8993,17,买盘
1282,13:42:15,5.29,5290,10,买盘
1283,13:42:24,5.29,26979,51,买盘
1284,13:42:33,5.29,8464,16,买盘
1285,13:42:39,5.29,27508,52,买盘
1286,13:43:03,5.28,528,1,卖盘
1287,13:43:09,5.27,2290965,4339,卖盘
1288,13:43:12,5.28,15297,29,买盘
1289,13:43:21,5.28,8448,16,买盘
1290,13:43:24,5.27,2635,5,卖盘
1291,13:43:45,5.28,1056,2,买盘
1292,13:43:48,5.27,1582,3,卖盘
1293,13:44:03,5.27,72199,137,卖盘
1294,13:44:06,5.27,99623,189,卖盘
1295,13:44:09,5.27,1054,2,卖盘
1296,13:44:12,5.27,498542,946,卖盘
1297,13:44:15,5.27,17918,34,买盘
1298,13:44:18,5.27,2108,4,买盘
1299,13:44:21,5.27,10540,20,买盘
1300,13:44:24,5.27,44268,84,买盘
1301,13:44:30,5.27,527,1,买盘
1302,13:44:36,5.27,26350,50,买盘
1303,13:44:39,5.27,10013,19,买盘
1304,13:44:42,5.27,3162,6,买盘
1305,13:44:45,5.26,2104,4,卖盘
1306,13:44:54,5.26,526,1,卖盘
1307,13:45:27,5.27,15283,29,买盘
1308,13:45:42,5.26,8416,16,卖盘
1309,13:45:51,5.27,527,1,买盘
1310,13:45:54,5.27,2108,4,买盘
1311,13:46:00,5.26,5260,10,卖盘
1312,13:46:03,5.26,3682,7,卖盘
1313,13:46:06,5.26,9468,18,卖盘
1314,13:46:42,5.27,26350,50,买盘
1315,13:47:00,5.27,527,1,买盘
1316,13:47:03,5.26,46898,89,卖盘
1317,13:47:30,5.26,1052,2,卖盘
1318,13:47:33,5.27,2108,4,买盘
1319,13:47:42,5.27,527,1,买盘
1320,13:47:48,5.27,26350,50,买盘
1321,13:47:51,5.27,6324,12,买盘
1322,13:48:00,5.26,12624,24,卖盘
1323,13:48:03,5.26,526,1,卖盘
1324,13:48:06,5.26,2630,5,卖盘
1325,13:48:12,5.27,527,1,买盘
1326,13:48:15,5.27,9486,18,买盘
1327,13:48:21,5.27,2108,4,买盘
1328,13:48:48,5.27,1054,2,买盘
1329,13:48:54,5.27,9486,18,买盘
1330,13:48:57,5.27,3160,6,买盘
1331,13:49:03,5.27,137019,260,买盘
1332,13:49:06,5.27,323051,613,买盘
1333,13:49:09,5.27,30039,57,卖盘
1334,13:49:12,5.27,3693,7,卖盘
1335,13:49:15,5.27,527,1,卖盘
1336,13:49:24,5.27,1054,2,卖盘
1337,13:49:27,5.27,33201,63,卖盘
1338,13:49:30,5.27,6324,12,卖盘
1339,13:49:33,5.27,8959,17,卖盘
1340,13:49:36,5.27,7905,15,卖盘
1341,13:49:39,5.26,2107,4,卖盘
1342,13:49:42,5.27,56389,107,买盘
1343,13:49:48,5.27,31620,60,买盘
1344,13:49:54,5.26,526,1,卖盘
1345,13:49:57,5.27,52173,99,买盘
1346,13:50:00,5.27,5797,11,卖盘
1347,13:50:03,5.27,1054,2,卖盘
1348,13:50:09,5.27,527,1,卖盘
1349,13:50:12,5.27,1581,3,卖盘
1350,13:50:18,5.27,52173,99,卖盘
1351,13:50:21,5.27,3689,7,买盘
1352,13:50:30,5.27,527,1,买盘
1353,13:50:33,5.27,1581,3,买盘
1354,13:51:18,5.26,90998,173,卖盘
1355,13:51:21,5.27,214489,407,买盘
1356,13:51:24,5.27,1054,2,卖盘
1357,13:51:39,5.28,2112,4,买盘
1358,13:51:42,5.28,1056,2,买盘
1359,13:51:54,5.28,1056,2,买盘
1360,13:52:27,5.28,2112,4,买盘
1361,13:52:42,5.28,17424,33,买盘
1362,13:52:54,5.28,9504,18,买盘
1363,13:53:18,5.28,2112,4,买盘
1364,13:53:24,5.27,9486,18,卖盘
1365,13:53:45,5.27,27404,52,卖盘
1366,13:54:00,5.27,18479,35,卖盘
1367,13:54:06,5.28,528,1,买盘
1368,13:54:12,5.28,8448,16,买盘
1369,13:54:15,5.28,11616,22,买盘
1370,13:54:18,5.28,1055,2,买盘
1371,13:54:24,5.28,528,1,买盘
1372,13:54:30,5.27,26350,50,卖盘
1373,13:54:33,5.28,1584,3,买盘
1374,13:54:45,5.28,29568,56,买盘
1375,13:54:48,5.28,52800,100,买盘
1376,13:54:51,5.27,5806,11,卖盘
1377,13:54:57,5.28,21120,40,买盘
1378,13:55:00,5.28,2112,4,买盘
1379,13:55:18,5.28,3168,6,买盘
1380,13:55:27,5.27,1054,2,卖盘
1381,13:55:36,5.27,15810,30,卖盘
1382,13:55:48,5.27,1583,3,卖盘
1383,13:55:51,5.28,2112,4,买盘
1384,13:56:24,5.28,5280,10,买盘
1385,13:56:39,5.28,2112,4,买盘
1386,13:56:48,5.27,3689,7,卖盘
1387,13:57:03,5.27,52700,100,卖盘
1388,13:57:30,5.27,3689,7,卖盘
1389,13:57:33,5.28,2112,4,买盘
1390,13:57:39,5.27,42160,80,卖盘
1391,13:57:48,5.27,1054,2,卖盘
1392,13:57:51,5.27,3689,7,卖盘
1393,13:57:54,5.27,527,1,卖盘
1394,13:57:57,5.28,36960,70,买盘
1395,13:58:15,5.28,13200,25,买盘
1396,13:58:18,5.28,2112,4,买盘
1397,13:58:21,5.27,527,1,卖盘
1398,13:58:30,5.27,53754,102,卖盘
1399,13:58:33,5.28,1582,3,买盘
1400,13:58:39,5.27,224503,426,卖盘
1401,13:58:42,5.27,17394,33,卖盘
1402,13:58:45,5.27,3162,6,卖盘
1403,13:58:48,5.27,16864,32,卖盘
1404,13:58:51,5.27,527,1,卖盘
1405,13:58:54,5.28,9504,18,买盘
1406,13:59:03,5.28,2109,4,买盘
1407,13:59:06,5.28,2112,4,买盘
1408,13:59:12,5.28,3696,7,买盘
1409,13:59:18,5.28,4224,8,买盘
1410,13:59:21,5.28,55868,106,买盘
1411,13:59:24,5.28,528,1,买盘
1412,13:59:42,5.28,1056,2,买盘
1413,13:59:48,5.28,60720,115,买盘
1414,13:59:51,5.28,2640,5,买盘
1415,13:59:54,5.28,528,1,买盘
1416,13:59:57,5.28,2112,4,买盘
1417,14:00:03,5.27,4744,9,卖盘
1418,14:00:06,5.27,3689,7,卖盘
1419,14:00:12,5.27,2108,4,卖盘
1420,14:00:15,5.28,1056,2,买盘
1421,14:00:18,5.28,39600,75,买盘
1422,14:00:21,5.28,10559,20,买盘
1423,14:00:27,5.28,54912,104,买盘
1424,14:00:30,5.28,5808,11,买盘
1425,14:00:33,5.28,389664,738,买盘
1426,14:00:36,5.28,456192,864,买盘
1427,14:00:39,5.28,7920,15,卖盘
1428,14:00:45,5.28,2644,5,卖盘
1429,14:01:06,5.28,5808,11,卖盘
1430,14:01:12,5.28,10560,20,卖盘
1431,14:01:15,5.28,528,1,卖盘
1432,14:01:30,5.28,79728,151,卖盘
1433,14:01:36,5.28,2640,5,卖盘
1434,14:01:39,5.28,1056,2,卖盘
1435,14:01:42,5.28,6864,13,卖盘
1436,14:01:45,5.28,528,1,卖盘
1437,14:01:48,5.28,4224,8,卖盘
1438,14:01:51,5.29,31739,60,买盘
1439,14:01:54,5.29,125150,237,买盘
1440,14:01:57,5.28,6864,13,卖盘
1441,14:02:00,5.28,34298,65,买盘
1442,14:02:03,5.28,5280,10,买盘
1443,14:02:09,5.28,528,1,买盘
1444,14:02:18,5.28,1056,2,买盘
1445,14:02:24,5.28,528,1,买盘
1446,14:02:27,5.28,528,1,买盘
1447,14:02:33,5.28,528,1,买盘
1448,14:02:36,5.27,2636,5,卖盘
1449,14:02:45,5.28,528,1,买盘
1450,14:02:51,5.28,528,1,买盘
1451,14:02:57,5.28,405504,768,买盘
1452,14:03:00,5.28,39072,74,卖盘
1453,14:03:03,5.28,49632,94,卖盘
1454,14:03:06,5.28,22704,43,卖盘
1455,14:03:15,5.29,9522,18,买盘
1456,14:03:18,5.28,8980,17,卖盘
1457,14:03:54,5.28,52800,100,卖盘
1458,14:04:03,5.28,25918,49,卖盘
1459,14:04:18,5.28,11088,21,卖盘
1460,14:04:24,5.28,5280,10,卖盘
1461,14:04:39,5.28,1056,2,卖盘
1462,14:05:00,5.28,26400,50,卖盘
1463,14:05:03,5.28,1056,2,卖盘
1464,14:05:21,5.28,2112,4,卖盘
1465,14:05:27,5.28,13200,25,卖盘
1466,14:05:30,5.28,33264,63,卖盘
1467,14:05:33,5.28,4224,8,卖盘
1468,14:05:36,5.28,4224,8,卖盘
1469,14:05:39,5.28,1056,2,卖盘
1470,14:05:42,5.29,2116,4,买盘
1471,14:06:03,5.29,49726,94,买盘
1472,14:06:06,5.28,51216,97,卖盘
1473,14:06:09,5.28,2640,5,买盘
1474,14:06:12,5.28,136227,258,买盘
1475,14:06:15,5.28,1056,2,买盘
1476,14:06:18,5.28,10032,19,买盘
1477,14:06:21,5.28,2112,4,买盘
1478,14:06:27,5.28,21648,41,卖盘
1479,14:06:30,5.28,1584,3,卖盘
1480,14:06:33,5.28,528,1,卖盘
1481,14:06:39,5.28,528,1,卖盘
1482,14:06:42,5.28,3696,7,卖盘
1483,14:06:45,5.28,6336,12,卖盘
1484,14:06:48,5.28,2112,4,卖盘
1485,14:06:54,5.29,9522,18,买盘
1486,14:06:57,5.28,23760,45,卖盘
1487,14:07:00,5.28,2112,4,买盘
1488,14:07:03,5.28,1584,3,买盘
1489,14:07:15,5.28,528,1,买盘
1490,14:07:33,5.28,1056,2,买盘
1491,14:07:39,5.28,44880,85,买盘
1492,14:07:42,5.28,528,1,买盘
1493,14:07:45,5.28,44352,84,买盘
1494,14:07:48,5.27,25871,49,卖盘
1495,14:07:54,5.28,31680,60,买盘
1496,14:07:57,5.28,28512,54,买盘
1497,14:08:00,5.28,262436,497,买盘
1498,14:08:03,5.28,12144,23,买盘
1499,14:08:06,5.28,2112,4,买盘
1500,14:08:09,5.28,2112,4,买盘
1501,14:08:12,5.28,10032,19,买盘
1502,14:08:15,5.28,11616,22,中性盘
1503,14:08:24,5.28,2112,4,买盘
1504,14:08:30,5.28,528,1,买盘
1505,14:08:45,5.28,25872,49,买盘
1506,14:09:00,5.29,3173,6,买盘
1507,14:09:03,5.28,2112,4,买盘
1508,14:09:06,5.28,528,1,买盘
1509,14:09:12,5.28,3163,6,买盘
1510,14:09:18,5.28,528,1,买盘
1511,14:09:39,5.28,1584,3,买盘
1512,14:09:42,5.28,23232,44,买盘
1513,14:09:48,5.27,7382,14,卖盘
1514,14:09:51,5.28,528,1,买盘
1515,14:10:00,5.28,11088,21,买盘
1516,14:10:03,5.28,17952,34,买盘
1517,14:10:06,5.28,528,1,买盘
1518,14:10:09,5.28,58608,111,买盘
1519,14:10:12,5.28,50160,95,卖盘
1520,14:10:15,5.28,32208,61,卖盘
1521,14:10:21,5.28,45408,86,卖盘
