,成交时间,成交价格,成交金额,成交量,性质
0,09:25:02,5.28,240240,455,卖盘
1,09:30:05,5.28,18465,35,买盘
2,09:30:08,5.27,10557,20,中性盘
3,09:30:11,5.27,8429,16,中性盘
4,09:30:14,5.28,20554,39,买盘
5,09:30:17,5.28,3694,7,买盘
6,09:30:20,5.27,13715,26,卖盘
7,09:30:23,5.27,50079,95,卖盘
8,09:30:26,5.27,18975,36,卖盘
9,09:30:29,5.28,150202,285,买盘
10,09:30:32,5.27,65325,124,卖盘
11,09:30:35,5.27,26875,51,买盘
12,09:30:38,5.26,85226,162,卖盘
13,09:30:41,5.26,48938,93,卖盘
14,09:30:44,5.26,179892,342,卖盘
15,09:30:47,5.26,34715,66,卖盘
16,09:30:50,5.25,30975,59,卖盘
17,09:30:53,5.25,219991,419,卖盘
18,09:30:56,5.24,46705,89,卖盘
19,09:30:59,5.24,22020,42,卖盘
20,09:31:02,5.24,19388,37,卖盘
21,09:31:05,5.24,5766,11,卖盘
22,09:31:08,5.24,7860,15,卖盘
23,09:31:11,5.25,27822,53,买盘
24,09:31:14,5.25,6300,12,买盘
25,09:31:17,5.24,2622,5,卖盘
26,09:31:20,5.24,4192,8,卖盘
27,09:31:23,5.24,1049,2,卖盘
28,09:31:26,5.24,16274,31,卖盘
29,09:31:32,5.25,525,1,买盘
30,09:31:35,5.24,2622,5,卖盘
31,09:31:41,5.24,5241,10,卖盘
32,09:31:44,5.24,2096,4,卖盘
33,09:31:47,5.24,43572,83,卖盘
34,09:31:56,5.25,39375,75,买盘
35,09:31:59,5.25,52500,100,买盘
36,09:32:05,5.25,5775,11,买盘
37,09:32:08,5.25,28349,54,买盘
38,09:32:11,5.24,85034,162,卖盘
39,09:32:14,5.25,11025,21,买盘
40,09:32:17,5.25,11550,22,买盘
41,09:32:23,5.25,64581,123,买盘
42,09:32:26,5.25,8400,16,卖盘
43,09:32:29,5.25,9990,19,卖盘
44,09:32:32,5.26,5778,11,买盘
45,09:32:35,5.26,526,1,买盘
46,09:32:44,5.25,92925,177,卖盘
47,09:32:47,5.25,23100,44,卖盘
48,09:32:50,5.26,1577,3,买盘
49,09:32:53,5.26,59943,114,买盘
50,09:32:56,5.26,8416,16,买盘
51,09:33:08,5.26,16805,32,买盘
52,09:33:17,5.25,525,1,卖盘
53,09:33:20,5.25,4725,9,卖盘
54,09:33:23,5.25,525,1,卖盘
55,09:33:26,5.25,525,1,卖盘
56,09:33:35,5.26,69305,132,买盘
57,09:33:41,5.25,525,1,卖盘
58,09:33:44,5.25,1050,2,卖盘
59,09:33:50,5.25,4729,9,卖盘
60,09:33:53,5.24,350156,667,卖盘
61,09:33:56,5.24,23056,44,卖盘
62,09:33:59,5.24,16774,32,卖盘
63,09:34:02,5.24,30964,59,卖盘
64,09:34:05,5.25,3145,6,买盘
65,09:34:08,5.24,524,1,卖盘
66,09:34:14,5.25,23590,45,买盘
67,09:34:20,5.25,12600,24,买盘
68,09:34:23,5.24,7347,14,卖盘
69,09:34:26,5.25,10500,20,买盘
70,09:34:29,5.25,7350,14,买盘
71,09:34:32,5.25,38323,73,买盘
72,09:34:35,5.25,12594,24,买盘
73,09:34:38,5.25,51975,99,买盘
74,09:34:41,5.25,92397,176,买盘
75,09:34:44,5.25,8925,17,买盘
76,09:34:47,5.25,93429,178,卖盘
77,09:34:50,5.25,30450,58,卖盘
78,09:34:53,5.25,525,1,买盘
79,09:35:14,5.25,136768,261,买盘
80,09:35:17,5.24,66548,127,卖盘
81,09:35:20,5.24,4192,8,卖盘
82,09:35:32,5.24,8908,17,卖盘
83,09:35:35,5.24,524,1,卖盘
84,09:35:38,5.24,45064,86,卖盘
85,09:35:50,5.24,206980,395,卖盘
86,09:35:53,5.24,402956,769,卖盘
87,09:35:56,5.24,5240,10,卖盘
88,09:35:59,5.24,56068,107,卖盘
89,09:36:02,5.24,1048,2,卖盘
90,09:36:05,5.24,62356,119,卖盘
91,09:36:08,5.24,6812,13,卖盘
92,09:36:20,5.24,18374,35,卖盘
93,09:36:23,5.24,5240,10,卖盘
94,09:36:26,5.24,470028,897,卖盘
95,09:36:29,5.23,79033,151,卖盘
96,09:36:32,5.23,309633,592,卖盘
97,09:36:35,5.24,5759,11,买盘
98,09:36:38,5.23,2615,5,卖盘
99,09:36:41,5.24,47120,90,买盘
100,09:36:44,5.23,17259,33,卖盘
101,09:36:53,5.24,524,1,买盘
102,09:36:56,5.24,7336,14,买盘
103,09:37:08,5.23,39285,75,卖盘
104,09:37:11,5.24,18864,36,买盘
105,09:37:14,5.24,140956,269,买盘
106,09:37:17,5.24,628747,1200,买盘
107,09:37:20,5.24,633516,1209,买盘
108,09:37:23,5.24,71793,137,买盘
109,09:37:26,5.25,2100,4,买盘
110,09:37:29,5.24,28820,55,卖盘
111,09:37:41,5.24,146744,280,卖盘
112,09:37:44,5.24,52924,101,买盘
113,09:37:47,5.23,47118,90,卖盘
114,09:37:50,5.24,24628,47,买盘
115,09:37:53,5.24,8908,17,买盘
116,09:38:02,5.24,2620,5,买盘
117,09:38:05,5.24,69692,133,买盘
118,09:38:08,5.23,40839,78,卖盘
119,09:38:14,5.23,12552,24,卖盘
120,09:38:17,5.23,12042,23,卖盘
121,09:38:20,5.23,1508855,2885,卖盘
122,09:38:23,5.23,7322,14,买盘
123,09:38:26,5.22,22475,43,卖盘
124,09:38:29,5.23,30311,58,买盘
125,09:38:32,5.23,8891,17,中性盘
126,09:38:35,5.23,30857,59,卖盘
127,09:38:38,5.23,4707,9,卖盘
128,09:38:41,5.23,25627,49,卖盘
129,09:38:47,5.23,5230,10,卖盘
130,09:38:53,5.24,1572,3,买盘
131,09:39:02,5.24,524,1,买盘
132,09:39:14,5.23,171544,328,卖盘
133,09:39:20,5.23,523,1,卖盘
134,09:39:23,5.23,37656,72,卖盘
135,09:39:26,5.23,2092,4,卖盘
136,09:39:35,5.23,79496,152,卖盘
137,09:39:44,5.24,8384,16,买盘
138,09:39:56,5.23,6276,12,卖盘
139,09:40:02,5.23,4184,8,卖盘
140,09:40:05,5.24,18340,35,买盘
141,09:40:08,5.23,4184,8,卖盘
142,09:40:14,5.24,8908,17,买盘
143,09:40:17,5.23,8368,16,卖盘
144,09:40:20,5.23,9937,19,卖盘
145,09:40:26,5.23,5230,10,卖盘
146,09:40:32,5.23,523,1,卖盘
147,09:40:35,5.23,104600,200,卖盘
148,09:40:38,5.23,1046,2,卖盘
149,09:40:44,5.23,6800,13,卖盘
150,09:40:47,5.23,10460,20,卖盘
151,09:40:53,5.23,226982,434,卖盘
152,09:40:56,5.23,126566,242,买盘
153,09:40:59,5.24,3144,6,买盘
154,09:41:11,5.24,26200,50,买盘
155,09:41:14,5.24,7860,15,买盘
156,09:41:20,5.24,524,1,买盘
157,09:41:23,5.24,24073,46,买盘
158,09:41:29,5.23,3661,7,卖盘
159,09:41:32,5.24,1572,3,买盘
160,09:41:35,5.23,78450,150,卖盘
161,09:41:47,5.24,99560,190,买盘
162,09:41:50,5.24,10470,20,买盘
163,09:42:05,5.23,523,1,卖盘
164,09:42:08,5.24,524,1,买盘
165,09:42:11,5.24,7860,15,买盘
166,09:42:26,5.24,25129,48,买盘
167,09:42:35,5.24,524,1,买盘
168,09:42:44,5.24,524,1,买盘
169,09:42:47,5.24,524,1,买盘
170,09:42:50,5.23,40794,78,卖盘
171,09:42:53,5.23,22489,43,卖盘
172,09:42:56,5.23,523,1,卖盘
173,09:43:02,5.23,8368,16,卖盘
174,09:43:05,5.24,3668,7,买盘
175,09:43:26,5.23,13075,25,卖盘
176,09:43:35,5.23,16736,32,卖盘
177,09:43:38,5.23,5753,11,卖盘
178,09:43:41,5.23,523,1,卖盘
179,09:43:44,5.23,6276,12,卖盘
180,09:43:47,5.23,7845,15,卖盘
181,09:43:50,5.23,2615,5,卖盘
182,09:43:53,5.23,18305,35,卖盘
183,09:43:56,5.23,215712,412,卖盘
184,09:43:59,5.23,523,1,卖盘
185,09:44:02,5.23,1046,2,卖盘
186,09:44:05,5.23,4184,8,卖盘
187,09:44:08,5.23,4184,8,卖盘
188,09:44:11,5.22,1054224,2016,卖盘
189,09:44:14,5.23,1046,2,买盘
190,09:44:17,5.22,6796,13,卖盘
191,09:44:20,5.22,1044,2,卖盘
192,09:44:23,5.22,104400,200,卖盘
193,09:44:29,5.22,6786,13,卖盘
194,09:44:32,5.23,523,1,买盘
195,09:44:35,5.23,2090,4,买盘
196,09:44:41,5.23,3138,6,买盘
197,09:44:47,5.23,27196,52,买盘
198,09:44:50,5.23,523,1,买盘
199,09:44:56,5.23,1046,2,买盘
200,09:45:02,5.23,19351,37,买盘
201,09:45:08,5.22,539749,1034,卖盘
202,09:45:17,5.22,8352,16,卖盘
203,09:45:20,5.22,9918,19,卖盘
204,09:45:23,5.23,2615,5,买盘
205,09:45:26,5.23,63722,122,买盘
206,09:45:29,5.22,109715,210,卖盘
207,09:45:32,5.22,12528,24,卖盘
208,09:45:38,5.22,6264,12,卖盘
209,09:45:56,5.22,522,1,卖盘
210,09:45:59,5.23,30830,59,买盘
211,09:46:02,5.22,28188,54,卖盘
212,09:46:05,5.22,18792,36,卖盘
213,09:46:08,5.22,52722,101,卖盘
214,09:46:11,5.22,5742,11,卖盘
215,09:46:14,5.23,36038,69,买盘
216,09:46:17,5.22,9396,18,卖盘
217,09:46:26,5.22,13050,25,卖盘
218,09:46:29,5.22,522,1,卖盘
219,09:46:32,5.22,1566,3,卖盘
220,09:46:41,5.21,1969510,3774,卖盘
221,09:46:44,5.21,88570,170,卖盘
222,09:46:47,5.22,5215,10,买盘
223,09:46:50,5.21,521,1,卖盘
224,09:46:53,5.21,11983,23,卖盘
225,09:47:02,5.22,62540,120,买盘
226,09:47:05,5.21,521,1,卖盘
227,09:47:14,5.21,2605,5,卖盘
228,09:47:23,5.21,1042,2,卖盘
229,09:47:29,5.22,10440,20,买盘
230,09:47:38,5.21,25028,48,卖盘
231,09:47:50,5.22,3132,6,买盘
232,09:47:53,5.21,28134,54,卖盘
233,09:47:56,5.21,140670,270,卖盘
234,09:47:59,5.21,151090,290,卖盘
235,09:48:02,5.21,82839,159,卖盘
236,09:48:05,5.21,105242,202,卖盘
237,09:48:08,5.21,101595,195,卖盘
238,09:48:11,5.21,77208,148,卖盘
239,09:48:14,5.21,24487,47,卖盘
240,09:48:17,5.21,35428,68,卖盘
241,09:48:20,5.22,52200,100,买盘
242,09:48:26,5.21,6773,13,卖盘
243,09:48:32,5.22,265176,508,买盘
244,09:48:35,5.22,207756,398,买盘
245,09:48:38,5.23,2092,4,买盘
246,09:48:47,5.22,3132,6,卖盘
247,09:48:53,5.23,523,1,买盘
248,09:49:20,5.23,24559,47,买盘
249,09:49:26,5.23,9937,19,买盘
250,09:49:29,5.22,522,1,卖盘
251,09:49:38,5.23,52300,100,买盘
252,09:50:02,5.22,1044,2,卖盘
253,09:50:08,5.22,2610,5,卖盘
254,09:50:14,5.22,7830,15,卖盘
255,09:50:17,5.23,2092,4,买盘
256,09:50:23,5.23,3661,7,买盘
257,09:50:26,5.23,407417,779,买盘
258,09:50:29,5.23,37656,72,买盘
259,09:50:32,5.23,3661,7,买盘
260,09:50:35,5.22,1567,3,卖盘
261,09:50:38,5.22,39150,75,卖盘
262,09:50:47,5.23,60668,116,买盘
263,09:50:53,5.23,41317,79,买盘
264,09:50:56,5.23,26150,50,买盘
265,09:50:59,5.23,523,1,买盘
266,09:51:26,5.23,18295,35,买盘
267,09:51:29,5.23,16213,31,买盘
268,09:51:44,5.22,1044,2,卖盘
269,09:52:02,5.23,4707,9,买盘
270,09:52:08,5.22,16182,31,卖盘
271,09:52:14,5.23,21443,41,买盘
272,09:52:17,5.23,6799,13,买盘
273,09:52:20,5.23,1046,2,买盘
274,09:52:29,5.23,17782,34,买盘
275,09:52:32,5.23,14121,27,买盘
276,09:52:35,5.23,14121,27,买盘
277,09:52:38,5.22,5229,10,卖盘
278,09:52:41,5.23,106169,203,买盘
279,09:52:59,5.23,4184,8,买盘
280,09:53:02,5.23,12029,23,买盘
281,09:53:05,5.23,6799,13,买盘
282,09:53:08,5.23,10983,21,买盘
283,09:53:11,5.23,133365,255,买盘
284,09:53:14,5.23,2092,4,买盘
285,09:53:17,5.23,40268,77,买盘
286,09:53:23,5.23,19874,38,买盘
287,09:53:26,5.23,9937,19,买盘
288,09:53:29,5.23,5230,10,卖盘
289,09:53:32,5.23,17259,33,卖盘
290,09:53:41,5.24,75415,144,买盘
291,09:53:56,5.24,2096,4,买盘
292,09:54:11,5.24,11528,22,买盘
293,09:54:14,5.24,2620,5,买盘
294,09:54:17,5.24,2096,4,买盘
295,09:54:41,5.24,36096,69,买盘
296,09:54:44,5.24,4189,8,买盘
297,09:54:47,5.24,2620,5,买盘
298,09:54:50,5.23,31380,60,卖盘
299,09:54:59,5.24,6288,12,买盘
300,09:55:05,5.23,2092,4,卖盘
301,09:55:38,5.24,59212,113,买盘
302,09:55:41,5.24,13624,26,买盘
303,09:55:44,5.24,31440,60,买盘
304,09:55:47,5.24,52400,100,买盘
305,09:55:50,5.24,34584,66,买盘
306,09:55:53,5.24,32488,62,买盘
307,09:55:56,5.24,113184,216,买盘
308,09:55:59,5.24,3668,7,买盘
309,09:56:05,5.23,4189,8,卖盘
310,09:56:17,5.23,523,1,卖盘
311,09:56:26,5.23,2092,4,卖盘
312,09:56:29,5.23,7332,14,卖盘
313,09:56:32,5.24,1572,3,买盘
314,09:56:50,5.23,523,1,卖盘
315,09:56:53,5.24,6288,12,买盘
316,09:57:02,5.24,10480,20,买盘
317,09:57:11,5.23,4187,8,卖盘
318,09:57:23,5.24,524,1,买盘
319,09:57:29,5.23,2615,5,卖盘
320,09:57:32,5.23,11509,22,卖盘
321,09:57:38,5.23,2615,5,卖盘
322,09:57:41,5.24,2095,4,买盘
323,09:57:47,5.23,1046,2,卖盘
324,09:57:53,5.23,523,1,卖盘
325,09:57:56,5.24,1572,3,买盘
326,09:57:59,5.24,13100,25,买盘
327,09:58:02,5.23,2092,4,卖盘
328,09:58:17,5.24,2096,4,买盘
329,09:58:26,5.24,9425,18,买盘
330,09:58:32,5.24,5240,10,买盘
331,09:58:41,5.24,1572,3,买盘
332,09:58:47,5.23,25628,49,卖盘
333,09:58:50,5.24,1572,3,买盘
334,09:58:53,5.23,25104,48,卖盘
335,09:58:56,5.23,18305,35,卖盘
336,09:58:59,5.23,523,1,卖盘
337,09:59:02,5.23,6802,13,卖盘
338,09:59:11,5.23,57530,110,卖盘
339,09:59:14,5.23,3138,6,卖盘
340,09:59:17,5.23,31923,61,卖盘
341,09:59:20,5.23,523,1,卖盘
342,09:59:23,5.23,10463,20,卖盘
343,09:59:26,5.23,2615,5,卖盘
344,09:59:29,5.24,532908,1017,买盘
345,09:59:32,5.24,56568,108,买盘
346,09:59:35,5.24,9429,18,买盘
347,09:59:38,5.23,24581,47,卖盘
348,09:59:41,5.23,23052,44,卖盘
349,09:59:44,5.24,1572,3,买盘
350,09:59:47,5.23,523,1,卖盘
351,09:59:50,5.23,104671,200,卖盘
352,09:59:56,5.23,58576,112,卖盘
353,10:00:05,5.24,10986,21,买盘
354,10:00:08,5.23,597266,1142,卖盘
355,10:00:11,5.23,11506,22,卖盘
356,10:00:17,5.23,3138,6,卖盘
357,10:00:20,5.24,1048,2,买盘
358,10:00:23,5.23,4707,9,卖盘
359,10:00:26,5.24,1572,3,买盘
360,10:00:47,5.23,16736,32,卖盘
361,10:00:50,5.24,1572,3,买盘
362,10:00:56,5.23,24058,46,卖盘
363,10:01:08,5.23,13598,26,卖盘
364,10:01:11,5.23,4187,8,卖盘
365,10:01:23,5.23,523,1,卖盘
366,10:01:26,5.23,1046,2,卖盘
367,10:01:29,5.24,1572,3,买盘
368,10:01:47,5.24,5764,11,买盘
369,10:01:50,5.24,1572,3,买盘
370,10:01:56,5.23,523,1,卖盘
371,10:02:08,5.23,523,1,卖盘
372,10:02:11,5.24,1572,3,买盘
373,10:02:14,5.23,26673,51,卖盘
374,10:02:32,5.23,1046,2,卖盘
375,10:02:35,5.24,2619,5,买盘
376,10:02:47,5.23,11506,22,卖盘
377,10:03:02,5.23,523,1,卖盘
378,10:03:05,5.24,2096,4,买盘
379,10:03:08,5.23,523,1,卖盘
380,10:03:29,5.24,46551,89,买盘
381,10:03:32,5.23,523,1,卖盘
382,10:03:44,5.23,523,1,卖盘
383,10:03:47,5.24,5239,10,买盘
384,10:03:50,5.24,2095,4,买盘
385,10:03:53,5.23,4184,8,卖盘
386,10:04:20,5.23,18828,36,卖盘
387,10:04:23,5.23,523,1,卖盘
388,10:04:26,5.23,21966,42,卖盘
389,10:04:29,5.23,523,1,卖盘
390,10:04:41,5.23,6799,13,卖盘
391,10:04:47,5.23,39225,75,卖盘
392,10:04:50,5.24,4715,9,买盘
393,10:04:59,5.24,1048,2,买盘
394,10:05:02,5.24,1048,2,买盘
395,10:05:08,5.23,5754,11,卖盘
396,10:05:17,5.23,29811,57,卖盘
397,10:05:20,5.24,4189,8,买盘
398,10:05:23,5.24,3144,6,买盘
399,10:05:32,5.24,1572,3,买盘
400,10:05:35,5.24,17816,34,买盘
401,10:05:38,5.24,524,1,买盘
402,10:05:41,5.24,3144,6,买盘
403,10:05:44,5.24,4192,8,买盘
404,10:05:50,5.24,18340,35,买盘
405,10:05:53,5.24,18340,35,买盘
406,10:05:56,5.24,1572,3,买盘
407,10:05:59,5.24,37661,72,买盘
408,10:06:02,5.24,2096,4,买盘
409,10:06:05,5.24,4716,9,买盘
410,10:06:14,5.23,32949,63,卖盘
411,10:06:20,5.23,80542,154,卖盘
412,10:06:44,5.24,20960,40,买盘
413,10:06:47,5.24,6288,12,买盘
414,10:06:53,5.23,78450,150,卖盘
415,10:06:56,5.24,4192,8,买盘
416,10:07:17,5.24,7326,14,买盘
417,10:07:20,5.23,523,1,卖盘
418,10:07:35,5.23,523,1,卖盘
419,10:07:53,5.24,5240,10,买盘
420,10:08:20,5.23,523,1,卖盘
421,10:08:29,5.23,523,1,卖盘
422,10:08:38,5.23,1569,3,卖盘
423,10:08:47,5.24,15170,29,买盘
424,10:08:50,5.24,4192,8,买盘
425,10:08:53,5.24,3668,7,买盘
426,10:08:56,5.23,26150,50,卖盘
427,10:08:59,5.24,5763,11,买盘
428,10:09:26,5.24,14672,28,买盘
429,10:09:29,5.24,13088,25,买盘
430,10:09:47,5.24,4192,8,买盘
431,10:09:59,5.24,1048,2,买盘
432,10:10:17,5.24,4716,9,买盘
433,10:10:23,5.24,28768,55,买盘
434,10:10:26,5.23,57530,110,卖盘
435,10:10:29,5.24,42933,82,买盘
436,10:10:32,5.23,18828,36,卖盘
437,10:10:35,5.23,37133,71,卖盘
438,10:10:44,5.23,9414,18,卖盘
439,10:10:47,5.23,5239,10,卖盘
440,10:10:53,5.23,57009,109,卖盘
441,10:10:56,5.24,4192,8,买盘
442,10:10:59,5.23,27196,52,卖盘
443,10:11:02,5.24,3663,7,买盘
444,10:11:05,5.24,524,1,买盘
445,10:11:20,5.23,523,1,卖盘
446,10:11:23,5.23,19876,38,卖盘
447,10:11:26,5.23,53875,103,卖盘
448,10:11:29,5.23,3138,6,卖盘
449,10:11:32,5.23,12552,24,卖盘
450,10:11:35,5.24,6277,12,买盘
451,10:11:44,5.24,21484,41,买盘
452,10:11:47,5.24,4192,8,买盘
453,10:12:05,5.23,2092,4,卖盘
454,10:12:11,5.23,2092,4,卖盘
455,10:12:14,5.23,3661,7,卖盘
456,10:12:17,5.23,3138,6,卖盘
457,10:12:20,5.23,39751,76,卖盘
458,10:12:23,5.23,45501,87,卖盘
459,10:12:26,5.23,28765,55,卖盘
460,10:12:29,5.23,89433,171,卖盘
461,10:12:32,5.23,111399,213,卖盘
462,10:12:35,5.23,105157,201,卖盘
463,10:12:38,5.23,78973,151,卖盘
464,10:12:41,5.23,65898,126,卖盘
465,10:12:44,5.22,372861,713,卖盘
466,10:12:47,5.23,23523,45,买盘
467,10:12:50,5.23,143302,274,买盘
468,10:12:53,5.23,33953,65,买盘
469,10:12:56,5.23,61714,118,买盘
470,10:12:59,5.23,233231,446,买盘
471,10:13:02,5.23,17259,33,买盘
472,10:13:05,5.23,33995,65,买盘
473,10:13:08,5.23,523,1,买盘
474,10:13:11,5.23,18305,35,买盘
475,10:13:14,5.23,46024,88,买盘
476,10:13:17,5.23,6798,13,买盘
477,10:13:20,5.23,38702,74,买盘
478,10:13:23,5.23,42363,81,买盘
479,10:13:26,5.23,29288,56,买盘
480,10:13:29,5.23,13070,25,买盘
481,10:13:50,5.23,9414,18,买盘
482,10:13:53,5.22,7834,15,卖盘
483,10:13:59,5.23,3661,7,买盘
484,10:14:02,5.23,2615,5,买盘
485,10:14:20,5.22,522,1,卖盘
486,10:14:32,5.22,522,1,卖盘
487,10:14:50,5.22,7308,14,卖盘
488,10:14:56,5.22,522,1,卖盘
489,10:15:05,5.22,9918,19,卖盘
490,10:15:08,5.22,33930,65,卖盘
491,10:15:11,5.22,522,1,卖盘
492,10:15:20,5.23,1569,3,买盘
493,10:15:23,5.23,9414,18,买盘
494,10:15:26,5.23,38659,74,买盘
495,10:15:29,5.23,523,1,买盘
496,10:15:32,5.22,13050,25,卖盘
497,10:15:35,5.22,1044,2,卖盘
498,10:15:41,5.23,2615,5,买盘
499,10:15:56,5.23,523,1,买盘
500,10:16:11,5.22,522,1,卖盘
501,10:16:23,5.23,6799,13,买盘
502,10:16:32,5.23,1046,2,买盘
503,10:16:38,5.22,2088,4,卖盘
504,10:16:44,5.22,522,1,卖盘
505,10:16:53,5.22,5220,10,卖盘
506,10:17:26,5.23,150099,287,买盘
507,10:17:29,5.23,539723,1032,买盘
508,10:17:32,5.23,126570,242,买盘
509,10:17:35,5.24,3140,6,买盘
510,10:17:38,5.23,19874,38,卖盘
511,10:17:41,5.23,44978,86,卖盘
512,10:17:44,5.24,11528,22,买盘
513,10:17:47,5.24,1572,3,买盘
514,10:17:53,5.24,2620,5,买盘
515,10:17:59,5.24,4192,8,买盘
516,10:18:11,5.23,14121,27,卖盘
517,10:18:14,5.23,1569,3,卖盘
518,10:18:38,5.24,2620,5,买盘
519,10:18:41,5.23,1570,3,卖盘
520,10:18:47,5.23,2615,5,卖盘
521,10:18:50,5.24,4192,8,买盘
522,10:18:53,5.23,52300,100,卖盘
523,10:18:56,5.23,523,1,卖盘
524,10:19:11,5.24,1048,2,买盘
525,10:19:17,5.23,1046,2,卖盘
526,10:19:26,5.23,1569,3,卖盘
527,10:19:44,5.23,28765,55,卖盘
528,10:19:47,5.24,4192,8,买盘
529,10:19:53,5.23,15690,30,卖盘
530,10:19:56,5.23,523,1,卖盘
531,10:20:14,5.24,11004,21,买盘
532,10:20:38,5.23,10460,20,卖盘
533,10:20:41,5.23,9414,18,卖盘
534,10:20:44,5.23,523,1,卖盘
535,10:20:50,5.24,3668,7,买盘
536,10:21:05,5.24,10480,20,买盘
537,10:21:08,5.23,5762,11,卖盘
538,10:21:11,5.23,77927,149,卖盘
539,10:21:14,5.23,1569,3,卖盘
540,10:21:17,5.23,10983,21,卖盘
541,10:21:20,5.23,523,1,卖盘
542,10:21:23,5.23,62760,120,卖盘
543,10:21:26,5.23,15167,29,卖盘
544,10:21:29,5.23,2092,4,卖盘
545,10:21:32,5.23,4707,9,卖盘
546,10:21:35,5.23,523,1,卖盘
547,10:21:41,5.23,523,1,卖盘
548,10:21:44,5.23,1046,2,卖盘
549,10:21:47,5.23,3138,6,卖盘
550,10:21:50,5.23,1569,3,卖盘
551,10:21:53,5.23,10460,20,卖盘
552,10:21:56,5.23,140687,269,卖盘
553,10:21:59,5.23,17259,33,卖盘
554,10:22:02,5.23,89956,172,买盘
555,10:22:05,5.23,1046,2,买盘
556,10:22:08,5.23,19869,38,买盘
557,10:22:11,5.23,3661,7,买盘
558,10:22:14,5.23,523,1,买盘
559,10:22:20,5.23,1569,3,买盘
560,10:22:47,5.23,1569,3,买盘
561,10:22:50,5.23,19874,38,买盘
562,10:23:02,5.23,3659,7,买盘
563,10:23:05,5.23,1569,3,买盘
564,10:23:11,5.23,3138,6,买盘
565,10:23:14,5.23,4184,8,买盘
566,10:23:17,5.23,523,1,买盘
567,10:23:20,5.23,11506,22,买盘
568,10:23:23,5.23,38179,73,买盘
569,10:23:38,5.23,1046,2,买盘
570,10:23:44,5.23,17782,34,买盘
571,10:23:47,5.23,1569,3,买盘
572,10:23:56,5.22,17748,34,卖盘
573,10:23:59,5.23,12029,23,买盘
574,10:24:05,5.23,15668,30,买盘
575,10:24:08,5.23,9414,18,买盘
576,10:24:32,5.23,4184,8,买盘
577,10:24:35,5.23,1569,3,买盘
578,10:24:38,5.23,1569,3,买盘
579,10:24:41,5.22,1044,2,卖盘
580,10:24:56,5.23,78450,150,买盘
581,10:24:59,5.23,9937,19,买盘
582,10:25:02,5.23,6799,13,买盘
583,10:25:05,5.23,25627,49,买盘
584,10:25:08,5.23,167662,321,中性盘
585,10:25:11,5.23,3139,6,卖盘
586,10:25:14,5.23,4707,9,卖盘
587,10:25:17,5.23,523,1,卖盘
588,10:25:23,5.23,523,1,卖盘
589,10:25:32,5.23,16736,32,卖盘
590,10:25:35,5.23,6282,12,卖盘
591,10:25:38,5.23,523,1,卖盘
592,10:25:50,5.24,524,1,买盘
593,10:25:56,5.23,78450,150,卖盘
594,10:25:59,5.23,4184,8,卖盘
595,10:26:08,5.23,5230,10,卖盘
596,10:26:11,5.23,1569,3,卖盘
597,10:26:32,5.23,2092,4,卖盘
598,10:27:02,5.23,523,1,卖盘
599,10:27:05,5.24,3144,6,买盘
600,10:27:32,5.24,1048,2,买盘
601,10:27:41,5.23,32949,63,卖盘
602,10:27:47,5.23,1569,3,卖盘
603,10:28:20,5.23,78973,151,卖盘
604,10:28:23,5.23,1569,3,卖盘
605,10:28:26,5.24,3668,7,买盘
606,10:28:32,5.23,523,1,卖盘
607,10:28:35,5.23,523,1,卖盘
608,10:29:02,5.24,2620,5,买盘
609,10:29:05,5.24,11508,22,买盘
610,10:29:08,5.23,132319,253,卖盘
611,10:29:17,5.24,1048,2,买盘
612,10:29:32,5.24,36680,70,买盘
613,10:29:35,5.24,2096,4,买盘
614,10:29:38,5.23,1569,3,卖盘
615,10:29:41,5.24,7336,14,买盘
616,10:30:14,5.24,3144,6,买盘
617,10:30:20,5.24,26200,50,买盘
618,10:30:53,5.24,5238,10,买盘
619,10:31:35,5.23,1569,3,卖盘
620,10:32:02,5.24,3144,6,买盘
621,10:32:17,5.23,5230,10,卖盘
622,10:32:59,5.24,2620,5,买盘
623,10:33:08,5.23,1046,2,卖盘
624,10:33:29,5.23,523,1,卖盘
625,10:33:35,5.23,74266,142,卖盘
626,10:33:38,5.23,10983,21,卖盘
627,10:34:23,5.23,523,1,卖盘
628,10:34:32,5.23,523,1,卖盘
629,10:34:35,5.23,523,1,卖盘
630,10:34:38,5.23,1569,3,卖盘
631,10:34:50,5.23,24585,47,卖盘
632,10:34:53,5.24,2619,5,买盘
633,10:34:59,5.23,18335,35,卖盘
634,10:35:11,5.23,523,1,卖盘
635,10:35:17,5.23,15690,30,卖盘
636,10:35:20,5.23,523,1,卖盘
637,10:35:26,5.23,523,1,卖盘
638,10:35:29,5.23,523,1,卖盘
639,10:35:32,5.23,2619,5,卖盘
640,10:35:41,5.23,10983,21,卖盘
641,10:35:53,5.23,523,1,卖盘
642,10:36:11,5.23,523,1,卖盘
643,10:36:29,5.23,10460,20,卖盘
644,10:36:56,5.23,10460,20,卖盘
645,10:37:32,5.23,1550172,2964,卖盘
646,10:37:35,5.23,61714,118,买盘
647,10:37:38,5.23,3138,6,买盘
648,10:37:41,5.23,2615,5,买盘
649,10:37:44,5.23,9937,19,买盘
650,10:38:02,5.23,1569,3,买盘
651,10:38:05,5.22,522,1,卖盘
652,10:38:08,5.23,523,1,买盘
653,10:38:17,5.22,522,1,卖盘
654,10:38:23,5.22,2088,4,卖盘
655,10:38:32,5.23,5230,10,买盘
656,10:38:50,5.23,3138,6,买盘
657,10:38:53,5.22,5220,10,卖盘
658,10:38:59,5.22,1044,2,卖盘
659,10:39:02,5.23,26150,50,买盘
660,10:39:05,5.23,4707,9,买盘
661,10:39:11,5.23,7845,15,买盘
662,10:39:14,5.22,522,1,卖盘
663,10:39:20,5.23,9937,19,买盘
664,10:39:23,5.23,523,1,买盘
665,10:39:29,5.23,1046,2,买盘
666,10:39:35,5.22,10440,20,卖盘
667,10:40:02,5.23,2092,4,买盘
668,10:40:08,5.22,13050,25,卖盘
669,10:40:17,5.23,10983,21,买盘
670,10:40:32,5.22,1566,3,卖盘
671,10:40:59,5.22,10440,20,卖盘
672,10:41:05,5.22,5742,11,卖盘
673,10:41:14,5.23,48116,92,买盘
674,10:41:23,5.23,4184,8,买盘
675,10:41:47,5.22,1044,2,卖盘
676,10:41:53,5.22,1567,3,卖盘
677,10:41:59,5.23,523,1,买盘
678,10:42:35,5.23,1046,2,买盘
679,10:42:53,5.23,52300,100,买盘
680,10:43:05,5.22,2088,4,卖盘
681,10:43:14,5.22,4698,9,卖盘
682,10:43:20,5.23,523,1,买盘
683,10:43:23,5.22,522,1,卖盘
684,10:43:32,5.23,18828,36,买盘
685,10:43:41,5.23,9937,19,买盘
686,10:43:50,5.23,523,1,买盘
687,10:43:56,5.23,1046,2,买盘
688,10:44:20,5.22,522,1,卖盘
689,10:44:29,5.22,522,1,卖盘
690,10:44:38,5.23,10460,20,买盘
691,10:44:41,5.23,2615,5,买盘
692,10:44:44,5.23,2092,4,买盘
693,10:44:53,5.23,1046,2,买盘
694,10:44:56,5.22,5742,11,卖盘
695,10:45:14,5.23,523,1,买盘
696,10:45:17,5.23,523,1,买盘
697,10:45:29,5.22,26100,50,卖盘
698,10:45:32,5.23,1568,3,买盘
699,10:45:35,5.23,3138,6,买盘
700,10:45:38,5.23,1569,3,买盘
701,10:45:41,5.23,7322,14,买盘
702,10:45:44,5.23,523,1,买盘
703,10:46:02,5.22,522,1,卖盘
704,10:46:11,5.22,1044,2,卖盘
705,10:46:35,5.22,13050,25,卖盘
706,10:46:44,5.22,52200,100,卖盘
707,10:46:47,5.22,522,1,卖盘
708,10:46:56,5.22,2088,4,卖盘
709,10:47:08,5.22,44892,86,卖盘
710,10:47:11,5.22,522,1,卖盘
711,10:47:14,5.22,88218,169,卖盘
712,10:47:17,5.22,522,1,卖盘
713,10:47:29,5.23,2615,5,买盘
714,10:47:35,5.22,3132,6,卖盘
715,10:47:38,5.23,15167,29,买盘
716,10:47:56,5.22,15138,29,卖盘
717,10:47:59,5.22,33408,64,卖盘
718,10:48:02,5.22,21924,42,卖盘
719,10:48:05,5.22,25056,48,卖盘
720,10:48:08,5.22,45936,88,卖盘
721,10:48:11,5.22,20896,40,卖盘
722,10:48:14,5.22,1679273,3217,卖盘
723,10:48:17,5.22,16182,31,买盘
724,10:48:20,5.22,7830,15,买盘
725,10:48:23,5.21,3649,7,卖盘
726,10:48:26,5.22,522,1,买盘
727,10:48:29,5.21,521,1,卖盘
728,10:48:35,5.22,1044,2,买盘
729,10:48:44,5.22,1044,2,买盘
730,10:48:56,5.22,2610,5,买盘
731,10:49:02,5.21,521,1,卖盘
732,10:49:20,5.22,12006,23,买盘
733,10:49:23,5.22,522,1,买盘
734,10:49:29,5.22,17748,34,买盘
735,10:49:35,5.22,17748,34,买盘
736,10:49:41,5.22,5220,10,买盘
737,10:49:50,5.21,181829,349,卖盘
738,10:49:53,5.21,2605,5,卖盘
739,10:50:02,5.22,1044,2,买盘
740,10:50:05,5.22,1044,2,买盘
741,10:50:11,5.21,181308,348,卖盘
742,10:50:14,5.22,1566,3,买盘
743,10:50:26,5.21,5731,11,卖盘
744,10:50:29,5.22,22446,43,买盘
745,10:50:32,5.22,522,1,买盘
746,10:50:35,5.22,1044,2,买盘
747,10:50:53,5.21,52100,100,卖盘
748,10:51:02,5.22,20358,39,买盘
749,10:51:08,5.22,2610,5,买盘
750,10:51:35,5.21,3647,7,卖盘
751,10:51:44,5.21,184434,354,卖盘
752,10:52:02,5.21,51579,99,卖盘
753,10:52:08,5.21,521,1,卖盘
754,10:52:14,5.21,5210,10,卖盘
755,10:52:17,5.21,4168,8,卖盘
756,10:52:32,5.22,522,1,买盘
757,10:52:56,5.22,178192,342,买盘
758,10:52:59,5.21,14086,27,卖盘
759,10:53:02,5.22,1044,2,买盘
760,10:53:35,5.22,2088,4,买盘
761,10:53:41,5.21,2605,5,卖盘
762,10:53:44,5.22,15660,30,买盘
763,10:53:47,5.22,5217,10,买盘
764,10:54:02,5.22,7308,14,买盘
765,10:54:05,5.22,3654,7,买盘
766,10:54:11,5.22,3654,7,买盘
767,10:54:14,5.22,522,1,买盘
768,10:54:17,5.21,5210,10,卖盘
769,10:54:20,5.21,8337,16,卖盘
770,10:54:38,5.22,7308,14,买盘
771,10:54:41,5.21,8859,17,卖盘
772,10:54:44,5.22,522,1,买盘
773,10:55:29,5.21,521,1,卖盘
774,10:55:32,5.21,1042,2,卖盘
775,10:55:35,5.22,1044,2,买盘
776,10:55:41,5.22,4176,8,买盘
777,10:55:50,5.21,3126,6,卖盘
778,10:55:56,5.21,1563,3,卖盘
779,10:56:02,5.21,4689,9,卖盘
780,10:56:08,5.21,8336,16,卖盘
781,10:56:14,5.21,8336,16,卖盘
782,10:56:17,5.22,522,1,买盘
783,10:56:35,5.21,27092,52,卖盘
784,10:56:38,5.22,1566,3,买盘
785,10:56:44,5.21,3126,6,卖盘
786,10:56:50,5.21,18235,35,卖盘
787,10:56:53,5.21,3649,7,卖盘
788,10:56:56,5.22,3130,6,买盘
789,10:56:59,5.21,9378,18,卖盘
790,10:57:05,5.21,1565,3,卖盘
791,10:57:20,5.22,3654,7,买盘
792,10:57:23,5.21,521,1,卖盘
793,10:57:38,5.22,65132,125,买盘
794,10:57:41,5.21,1042,2,卖盘
795,10:57:56,5.21,3647,7,卖盘
796,10:57:59,5.21,79193,152,卖盘
797,10:58:02,5.22,62534,120,买盘
798,10:58:05,5.21,21363,41,卖盘
799,10:58:08,5.21,23445,45,卖盘
800,10:58:11,5.21,767463,1473,卖盘
801,10:58:14,5.21,52655,101,卖盘
802,10:58:20,5.21,981564,1884,卖盘
803,10:58:23,5.21,23445,45,买盘
804,10:58:26,5.2,20802,40,卖盘
805,10:58:29,5.21,170130,327,买盘
806,10:58:32,5.2,21320,41,卖盘
807,10:58:38,5.21,129729,249,买盘
808,10:58:41,5.21,115141,221,卖盘
809,10:58:44,5.21,58352,112,卖盘
810,10:58:47,5.21,137544,264,卖盘
811,10:58:50,5.21,15109,29,买盘
812,10:58:53,5.21,11961,23,买盘
813,10:58:56,5.21,55747,107,买盘
814,10:58:59,5.21,155779,299,买盘
815,10:59:02,5.22,7830,15,买盘
816,10:59:05,5.22,5742,11,买盘
817,10:59:23,5.21,33865,65,卖盘
818,10:59:26,5.21,1563,3,卖盘
819,10:59:38,5.21,332398,638,卖盘
820,10:59:53,5.21,29176,56,卖盘
821,10:59:56,5.21,1042,2,卖盘
822,10:59:59,5.21,5731,11,卖盘
823,11:00:02,5.21,27613,53,卖盘
824,11:00:05,5.22,19288,37,买盘
825,11:00:08,5.21,6773,13,卖盘
826,11:00:11,5.22,522,1,买盘
827,11:00:17,5.22,2610,5,买盘
828,11:00:29,5.21,31260,60,卖盘
829,11:00:56,5.21,15630,30,卖盘
830,11:00:59,5.21,127645,245,卖盘
831,11:01:05,5.21,30218,58,卖盘
832,11:01:08,5.21,56298,108,卖盘
833,11:01:11,5.21,521,1,卖盘
834,11:01:20,5.2,19782,38,卖盘
835,11:01:23,5.21,43224,83,中性盘
836,11:01:26,5.21,99919,192,买盘
837,11:01:29,5.21,207879,399,买盘
838,11:01:32,5.21,47411,91,卖盘
839,11:01:35,5.21,10941,21,卖盘
840,11:01:38,5.21,69814,134,卖盘
841,11:01:41,5.21,11462,22,卖盘
842,11:01:50,5.21,10420,20,卖盘
843,11:02:17,5.21,1563,3,卖盘
844,11:02:23,5.22,1044,2,买盘
845,11:02:41,5.21,521,1,卖盘
846,11:02:53,5.21,15630,30,卖盘
847,11:02:56,5.22,2610,5,买盘
848,11:02:59,5.21,42722,82,卖盘
849,11:03:02,5.21,18235,35,买盘
850,11:03:05,5.21,83360,160,买盘
851,11:03:08,5.21,106805,205,买盘
852,11:03:11,5.21,5210,10,买盘
853,11:03:23,5.21,5210,10,买盘
854,11:03:35,5.21,24487,47,买盘
855,11:03:38,5.21,7294,14,买盘
856,11:03:44,5.21,14067,27,买盘
857,11:03:47,5.21,17714,34,买盘
858,11:03:56,5.21,28134,54,买盘
859,11:04:02,5.21,5210,10,买盘
860,11:04:08,5.21,5731,11,买盘
861,11:04:11,5.21,521,1,买盘
862,11:04:14,5.2,36420,70,卖盘
863,11:04:35,5.21,1563,3,买盘
864,11:04:38,5.21,3647,7,买盘
865,11:05:05,5.21,1563,3,买盘
866,11:05:20,5.21,34386,66,买盘
867,11:05:32,5.21,521,1,买盘
868,11:05:35,5.21,521,1,买盘
869,11:05:41,5.21,521,1,买盘
870,11:05:56,5.2,15600,30,卖盘
871,11:06:08,5.2,10400,20,卖盘
872,11:06:26,5.21,4168,8,买盘
873,11:06:32,5.21,3126,6,买盘
874,11:06:38,5.21,6252,12,买盘
875,11:07:20,5.21,1042,2,买盘
876,11:07:38,5.21,13546,26,买盘
877,11:08:08,5.21,10420,20,买盘
878,11:08:11,5.21,10420,20,买盘
879,11:08:26,5.2,520,1,卖盘
880,11:08:35,5.21,4689,9,买盘
881,11:09:02,5.2,26000,50,卖盘
882,11:09:14,5.2,12480,24,卖盘
883,11:09:17,5.21,7815,15,买盘
884,11:09:20,5.21,2084,4,买盘
885,11:09:35,5.2,6760,13,卖盘
886,11:09:38,5.2,520,1,卖盘
887,11:09:41,5.21,88046,169,买盘
888,11:09:44,5.21,75545,145,买盘
889,11:09:47,5.21,25529,49,买盘
890,11:09:53,5.21,5210,10,买盘
891,11:09:56,5.21,1042,2,买盘
892,11:10:11,5.21,1563,3,买盘
893,11:10:20,5.21,521,1,买盘
894,11:10:29,5.21,3126,6,买盘
895,11:10:38,5.21,11462,22,买盘
896,11:10:44,5.21,7294,14,买盘
897,11:10:53,5.21,1042,2,买盘
898,11:10:56,5.21,2084,4,买盘
899,11:10:59,5.21,14067,27,买盘
900,11:11:02,5.21,288113,553,买盘
901,11:11:05,5.21,51058,98,买盘
902,11:11:08,5.21,13546,26,卖盘
903,11:11:11,5.21,43764,84,卖盘
904,11:11:20,5.21,521,1,卖盘
905,11:11:23,5.21,1563,3,卖盘
906,11:11:26,5.21,5731,11,卖盘
907,11:11:44,5.21,1563,3,卖盘
908,11:11:47,5.21,2084,4,卖盘
909,11:11:59,5.21,521,1,卖盘
910,11:12:35,5.22,6786,13,买盘
911,11:13:08,5.22,30276,58,买盘
912,11:13:17,5.21,2605,5,卖盘
913,11:13:20,5.21,521,1,卖盘
914,11:13:32,5.22,1566,3,买盘
915,11:14:02,5.22,1566,3,买盘
916,11:14:05,5.22,19836,38,买盘
917,11:14:08,5.22,17748,34,买盘
918,11:14:11,5.22,4698,9,买盘
919,11:14:20,5.22,17748,34,买盘
920,11:14:23,5.22,24534,47,买盘
921,11:14:32,5.22,1566,3,买盘
922,11:14:41,5.22,9918,19,买盘
923,11:14:53,5.22,3654,7,买盘
924,11:14:56,5.22,522,1,买盘
925,11:14:59,5.22,5220,10,买盘
926,11:15:02,5.22,1566,3,买盘
927,11:15:29,5.22,8874,17,买盘
928,11:15:32,5.22,1566,3,买盘
929,11:15:38,5.22,4176,8,买盘
930,11:15:47,5.21,52100,100,卖盘
931,11:16:02,5.22,1566,3,买盘
932,11:16:05,5.22,2088,4,买盘
933,11:16:23,5.22,12528,24,买盘
934,11:16:35,5.22,1566,3,买盘
935,11:16:50,5.21,17714,34,卖盘
936,11:16:53,5.22,55332,106,买盘
937,11:17:02,5.22,1566,3,买盘
938,11:17:32,5.22,1566,3,买盘
939,11:18:05,5.22,1566,3,买盘
940,11:18:23,5.22,5220,10,买盘
941,11:18:29,5.22,522,1,买盘
942,11:18:32,5.22,1566,3,买盘
943,11:18:44,5.22,1044,2,买盘
944,11:18:47,5.22,1044,2,买盘
945,11:19:02,5.22,18270,35,买盘
946,11:19:11,5.22,9396,18,买盘
947,11:19:17,5.21,521,1,卖盘
948,11:19:20,5.22,1044,2,买盘
949,11:19:23,5.22,522,1,买盘
950,11:19:32,5.21,1042,2,卖盘
951,11:19:35,5.22,1566,3,买盘
952,11:19:38,5.22,8352,16,买盘
953,11:19:41,5.22,1566,3,买盘
954,11:19:50,5.21,23966,46,卖盘
955,11:19:53,5.22,3132,6,买盘
956,11:20:05,5.22,1566,3,买盘
957,11:20:08,5.22,1044,2,买盘
958,11:20:17,5.21,3647,7,卖盘
959,11:20:26,5.22,1044,2,买盘
960,11:20:35,5.22,3654,7,买盘
961,11:20:41,5.22,1043,2,买盘
962,11:21:02,5.22,1566,3,买盘
963,11:21:11,5.21,521,1,卖盘
964,11:21:20,5.22,522,1,买盘
965,11:21:32,5.22,1566,3,买盘
966,11:22:02,5.21,20319,39,卖盘
967,11:22:05,5.21,59918,115,卖盘
968,11:22:08,5.21,584562,1122,卖盘
969,11:22:11,5.21,14067,27,买盘
970,11:22:14,5.21,155258,298,买盘
971,11:22:17,5.21,3126,6,买盘
972,11:22:20,5.21,5210,10,买盘
973,11:22:26,5.21,521,1,买盘
974,11:22:29,5.21,521,1,买盘
975,11:22:32,5.21,1563,3,买盘
976,11:23:02,5.21,1563,3,买盘
977,11:23:11,5.21,5210,10,买盘
978,11:23:23,5.2,520,1,卖盘
979,11:23:32,5.21,7803,15,买盘
980,11:24:05,5.21,1563,3,买盘
981,11:24:23,5.2,520,1,卖盘
982,11:24:32,5.21,1563,3,买盘
983,11:24:50,5.21,19798,38,买盘
984,11:25:02,5.21,1563,3,买盘
985,11:25:05,5.21,18756,36,买盘
986,11:25:08,5.21,4689,9,买盘
987,11:25:11,5.21,521,1,买盘
988,11:25:35,5.21,2605,5,买盘
989,11:25:38,5.2,1041,2,卖盘
990,11:25:44,5.2,13000,25,卖盘
991,11:25:47,5.21,8336,16,买盘
992,11:25:59,5.21,5210,10,买盘
993,11:26:05,5.21,64083,123,买盘
994,11:26:08,5.21,1042,2,买盘
995,11:26:17,5.21,102116,196,买盘
996,11:26:20,5.21,11983,23,卖盘
997,11:26:23,5.21,79713,153,卖盘
998,11:26:26,5.21,1042,2,卖盘
999,11:26:32,5.22,1566,3,买盘
1000,11:26:35,5.22,3654,7,买盘
1001,11:26:59,5.21,7815,15,卖盘
1002,11:27:02,5.22,1566,3,买盘
1003,11:27:32,5.22,1566,3,买盘
1004,11:28:02,5.22,522,1,买盘
1005,11:28:26,5.21,521,1,卖盘
1006,11:28:41,5.21,1563,3,卖盘
1007,11:29:02,5.21,19834,38,卖盘
1008,11:29:11,5.22,18789,36,买盘
1009,11:29:14,5.21,521,1,卖盘
1010,11:29:17,5.22,6786,13,买盘
1011,11:29:29,5.21,21882,42,卖盘
1012,11:29:35,5.22,522,1,买盘
1013,11:29:38,5.22,1566,3,买盘
1014,11:29:44,5.21,8857,17,卖盘
1015,11:29:47,5.21,1042,2,卖盘
1016,11:29:50,5.22,1044,2,买盘
1017,13:00:05,5.21,77629,149,卖盘
1018,13:00:08,5.22,58895,113,买盘
1019,13:00:11,5.21,68270,131,卖盘
1020,13:00:14,5.21,103161,198,卖盘
1021,13:00:17,5.21,19798,38,卖盘
1022,13:00:20,5.21,63041,121,卖盘
1023,13:00:23,5.21,23966,46,卖盘
1024,13:00:26,5.21,158905,305,卖盘
1025,13:00:29,5.21,13025,25,买盘
1026,13:00:32,5.21,25008,48,买盘
1027,13:00:35,5.21,6252,12,买盘
1028,13:00:38,5.21,1042,2,买盘
1029,13:00:41,5.21,1042,2,买盘
1030,13:00:44,5.21,7294,14,买盘
1031,13:01:17,5.21,8857,17,买盘
1032,13:01:23,5.21,1042,2,买盘
1033,13:01:26,5.21,177779,341,买盘
1034,13:01:29,5.21,3126,6,卖盘
1035,13:01:32,5.21,1563,3,卖盘
1036,13:01:35,5.21,10420,20,卖盘
1037,13:01:38,5.21,12504,24,卖盘
1038,13:01:44,5.21,52100,100,卖盘
1039,13:01:47,5.21,10941,21,卖盘
1040,13:01:50,5.21,4689,9,卖盘
1041,13:01:53,5.21,5210,10,卖盘
1042,13:01:56,5.21,6252,12,买盘
1043,13:01:59,5.21,19277,37,卖盘
1044,13:02:02,5.21,1042,2,卖盘
1045,13:02:05,5.21,14068,27,卖盘
1046,13:02:08,5.22,19812,38,买盘
1047,13:02:14,5.22,522,1,买盘
1048,13:02:17,5.22,1044,2,买盘
1049,13:02:23,5.22,522,1,买盘
1050,13:02:26,5.21,521,1,卖盘
1051,13:02:29,5.21,4691,9,卖盘
1052,13:02:32,5.22,1043,2,买盘
1053,13:02:38,5.22,1044,2,买盘
1054,13:02:44,5.21,1564,3,卖盘
1055,13:02:47,5.22,1044,2,买盘
1056,13:02:53,5.22,522,1,买盘
1057,13:02:59,5.22,1044,2,买盘
1058,13:03:02,5.22,522,1,买盘
1059,13:03:05,5.21,10420,20,卖盘
1060,13:03:08,5.21,14590,28,卖盘
1061,13:03:14,5.21,10420,20,买盘
1062,13:03:17,5.21,1042,2,买盘
1063,13:03:23,5.21,1563,3,买盘
1064,13:03:29,5.21,1042,2,买盘
1065,13:03:32,5.21,10941,21,买盘
1066,13:03:35,5.21,9899,19,买盘
1067,13:03:38,5.21,1042,2,买盘
1068,13:03:44,5.21,521,1,买盘
1069,13:03:47,5.21,1042,2,买盘
1070,13:03:53,5.21,521,1,买盘
1071,13:03:59,5.21,1563,3,买盘
1072,13:04:02,5.21,1042,2,买盘
1073,13:04:11,5.21,19798,38,买盘
1074,13:04:14,5.21,14588,28,买盘
1075,13:04:20,5.21,115662,222,买盘
1076,13:04:23,5.21,1042,2,卖盘
1077,13:04:26,5.21,10941,21,卖盘
1078,13:04:32,5.21,521,1,卖盘
1079,13:04:53,5.21,31781,61,卖盘
1080,13:05:02,5.21,9899,19,卖盘
1081,13:05:05,5.21,28655,55,买盘
1082,13:05:08,5.2,6771,13,卖盘
1083,13:05:23,5.2,5721,11,卖盘
1084,13:05:26,5.21,52621,101,买盘
1085,13:05:44,5.21,1563,3,买盘
1086,13:05:47,5.21,4168,8,买盘
1087,13:05:50,5.21,521,1,买盘
1088,13:05:53,5.21,49495,95,买盘
1089,13:05:56,5.2,1040,2,卖盘
1090,13:05:59,5.21,42201,81,卖盘
1091,13:06:02,5.21,4168,8,卖盘
1092,13:06:05,5.21,10420,20,卖盘
1093,13:06:08,5.22,2088,4,买盘
1094,13:06:14,5.21,3126,6,卖盘
1095,13:06:17,5.21,12504,24,卖盘
1096,13:06:20,5.21,1042,2,买盘
1097,13:06:23,5.21,3647,7,买盘
1098,13:06:26,5.21,2084,4,买盘
1099,13:06:29,5.21,1042,2,买盘
1100,13:06:38,5.21,521,1,买盘
1101,13:06:44,5.21,1042,2,买盘
1102,13:06:50,5.21,2084,4,买盘
1103,13:06:53,5.21,2605,5,买盘
1104,13:06:56,5.21,36991,71,买盘
1105,13:06:59,5.21,2084,4,卖盘
1106,13:07:02,5.21,1565,3,卖盘
1107,13:07:11,5.21,8861,17,卖盘
1108,13:07:23,5.21,1563,3,卖盘
1109,13:07:26,5.22,10962,21,买盘
1110,13:08:29,5.21,8351,16,卖盘
1111,13:09:05,5.22,46458,89,买盘
1112,13:09:08,5.22,1566,3,买盘
1113,13:09:23,5.21,6252,12,卖盘
1114,13:09:26,5.21,1042,2,卖盘
1115,13:09:35,5.22,8874,17,买盘
1116,13:09:41,5.22,522,1,买盘
1117,13:09:50,5.22,2088,4,买盘
1118,13:10:23,5.22,2088,4,买盘
1119,13:10:26,5.22,2088,4,买盘
1120,13:10:29,5.21,521,1,卖盘
1121,13:11:08,5.22,6254,12,买盘
1122,13:11:17,5.22,1044,2,买盘
1123,13:12:11,5.22,15660,30,买盘
1124,13:12:23,5.22,2088,4,买盘
1125,13:13:02,5.21,174535,335,卖盘
1126,13:13:05,5.21,1042,2,卖盘
1127,13:13:11,5.22,2610,5,买盘
1128,13:13:17,5.21,2605,5,卖盘
1129,13:13:32,5.22,522,1,买盘
1130,13:13:35,5.21,521,1,卖盘
1131,13:13:47,5.21,12504,24,卖盘
1132,13:13:50,5.22,4174,8,买盘
1133,13:14:05,5.21,2605,5,卖盘
1134,13:14:23,5.21,1042,2,卖盘
1135,13:14:35,5.22,29231,56,买盘
1136,13:14:38,5.22,522,1,买盘
1137,13:14:47,5.22,6786,13,买盘
1138,13:14:50,5.22,1044,2,买盘
1139,13:14:53,5.22,3132,6,买盘
1140,13:15:11,5.21,521,1,卖盘
1141,13:15:20,5.21,1563,3,卖盘
1142,13:15:44,5.22,20358,39,买盘
1143,13:15:47,5.22,2088,4,买盘
1144,13:16:20,5.22,168606,323,买盘
1145,13:16:35,5.22,17226,33,买盘
1146,13:16:38,5.22,28188,54,买盘
1147,13:16:41,5.22,2088,4,买盘
1148,13:16:44,5.21,2605,5,卖盘
1149,13:17:17,5.22,17226,33,买盘
1150,13:17:20,5.21,521,1,卖盘
1151,13:17:29,5.21,734089,1409,卖盘
1152,13:17:32,5.21,1042,2,卖盘
1153,13:17:53,5.22,99702,191,买盘
1154,13:18:17,5.21,41680,80,卖盘
1155,13:19:02,5.21,521,1,卖盘
1156,13:19:35,5.21,40657,78,卖盘
1157,13:19:44,5.22,1044,2,买盘
1158,13:19:59,5.21,25008,48,卖盘
1159,13:20:02,5.21,12504,24,卖盘
1160,13:20:05,5.21,5211,10,卖盘
1161,13:20:17,5.22,522,1,买盘
1162,13:22:05,5.22,3654,7,买盘
1163,13:22:14,5.21,521,1,卖盘
1164,13:22:23,5.21,26050,50,卖盘
1165,13:22:26,5.21,4168,8,卖盘
1166,13:22:38,5.22,3132,6,买盘
1167,13:22:41,5.22,10942,21,买盘
1168,13:22:50,5.22,3654,7,买盘
1169,13:22:53,5.22,6259,12,买盘
1170,13:23:38,5.21,61999,119,卖盘
1171,13:23:41,5.22,16703,32,买盘
1172,13:23:44,5.22,3132,6,买盘
1173,13:23:47,5.22,10422,20,买盘
1174,13:23:56,5.22,1566,3,买盘
1175,13:23:59,5.22,2610,5,买盘
1176,13:24:08,5.21,17204,33,卖盘
1177,13:24:11,5.22,8346,16,买盘
1178,13:24:14,5.22,5220,10,买盘
1179,13:24:23,5.22,2610,5,买盘
1180,13:24:38,5.21,104201,200,卖盘
1181,13:24:41,5.22,22965,44,买盘
1182,13:24:44,5.21,1563,3,卖盘
1183,13:24:50,5.22,1566,3,买盘
1184,13:24:56,5.22,1044,2,买盘
1185,13:25:02,5.22,6264,12,买盘
1186,13:25:08,5.21,4689,9,卖盘
1187,13:25:11,5.22,522,1,买盘
1188,13:25:35,5.21,1042,2,卖盘
1189,13:25:38,5.22,1044,2,买盘
1190,13:25:44,5.22,3132,6,买盘
1191,13:26:08,5.21,1564,3,卖盘
1192,13:26:41,5.22,13050,25,买盘
1193,13:26:47,5.21,3126,6,卖盘
1194,13:26:59,5.21,521,1,卖盘
1195,13:27:08,5.22,52200,100,买盘
1196,13:27:11,5.21,1043,2,卖盘
1197,13:27:23,5.22,13572,26,买盘
1198,13:27:26,5.21,1563,3,卖盘
1199,13:27:29,5.22,6264,12,买盘
1200,13:27:38,5.22,5742,11,买盘
1201,13:27:56,5.21,2084,4,卖盘
1202,13:27:59,5.21,521,1,卖盘
1203,13:28:02,5.21,26050,50,卖盘
1204,13:28:38,5.21,521,1,卖盘
1205,13:28:41,5.22,73602,141,买盘
1206,13:28:44,5.22,5220,10,买盘
1207,13:28:50,5.22,7830,15,买盘
1208,13:28:53,5.22,5742,11,买盘
1209,13:29:02,5.22,86130,165,买盘
1210,13:29:05,5.22,5741,11,买盘
1211,13:29:11,5.21,521,1,卖盘
1212,13:29:14,5.22,2088,4,买盘
1213,13:29:17,5.22,5213,10,买盘
1214,13:29:23,5.22,2086,4,买盘
1215,13:29:32,5.21,521,1,卖盘
1216,13:29:35,5.22,7306,14,买盘
1217,13:29:38,5.22,5220,10,买盘
1218,13:29:41,5.22,31840,61,买盘
1219,13:29:56,5.22,522,1,买盘
1220,13:30:02,5.21,2084,4,卖盘
1221,13:30:05,5.21,8857,17,卖盘
1222,13:30:08,5.22,1043,2,买盘
1223,13:30:11,5.21,8336,16,卖盘
1224,13:30:14,5.21,521,1,卖盘
1225,13:30:17,5.21,521,1,卖盘
1226,13:30:20,5.21,1042,2,卖盘
1227,13:30:23,5.21,1563,3,卖盘
1228,13:30:26,5.21,1563,3,卖盘
1229,13:30:29,5.22,12528,24,买盘
1230,13:30:32,5.21,521,1,卖盘
1231,13:30:35,5.21,1563,3,卖盘
1232,13:30:41,5.21,21882,42,卖盘
1233,13:30:44,5.22,5219,10,买盘
1234,13:30:59,5.21,1563,3,卖盘
1235,13:31:08,5.21,521,1,卖盘
1236,13:31:14,5.21,1563,3,卖盘
1237,13:31:38,5.22,2086,4,买盘
1238,13:31:56,5.21,15630,30,卖盘
1239,13:32:11,5.21,85965,165,卖盘
1240,13:32:29,5.21,4168,8,卖盘
1241,13:32:32,5.21,1042,2,卖盘
1242,13:32:47,5.21,37512,72,卖盘
1243,13:32:50,5.21,53663,103,卖盘
1244,13:32:53,5.21,14588,28,卖盘
1245,13:33:08,5.21,2605,5,卖盘
1246,13:33:11,5.22,15656,30,买盘
1247,13:33:17,5.21,220940,424,卖盘
1248,13:33:20,5.21,2084,4,卖盘
1249,13:33:23,5.22,5739,11,买盘
1250,13:33:26,5.21,5212,10,卖盘
1251,13:33:32,5.21,2084,4,卖盘
1252,13:33:41,5.22,13572,26,买盘
1253,13:33:56,5.21,159947,307,卖盘
1254,13:33:59,5.21,6260,12,卖盘
1255,13:34:02,5.22,4694,9,买盘
1256,13:34:05,5.22,6786,13,买盘
1257,13:34:08,5.22,1566,3,买盘
1258,13:34:11,5.22,3653,7,买盘
1259,13:34:14,5.22,522,1,买盘
1260,13:34:17,5.21,9378,18,卖盘
1261,13:34:23,5.21,521,1,卖盘
1262,13:34:29,5.21,521,1,卖盘
1263,13:34:32,5.22,1566,3,买盘
1264,13:34:35,5.21,521,1,卖盘
1265,13:34:44,5.21,521,1,卖盘
1266,13:34:47,5.21,521,1,卖盘
1267,13:34:53,5.22,2088,4,买盘
1268,13:35:02,5.22,1043,2,买盘
1269,13:35:08,5.22,2088,4,买盘
1270,13:35:14,5.22,522,1,买盘
1271,13:35:35,5.21,10439,20,卖盘
1272,13:35:41,5.22,1044,2,买盘
1273,13:35:44,5.22,2088,4,买盘
1274,13:35:47,5.22,522,1,买盘
1275,13:35:50,5.21,11464,22,卖盘
1276,13:36:20,5.21,1563,3,卖盘
1277,13:36:32,5.21,3126,6,卖盘
1278,13:36:38,5.22,52200,100,买盘
1279,13:36:41,5.21,23445,45,卖盘
1280,13:36:50,5.22,5220,10,买盘
1281,13:36:56,5.21,65646,126,卖盘
1282,13:37:05,5.21,521,1,卖盘
1283,13:37:11,5.21,1042,2,卖盘
1284,13:37:14,5.21,10439,20,卖盘
1285,13:37:38,5.21,1042,2,卖盘
1286,13:37:44,5.21,28655,55,卖盘
1287,13:37:47,5.21,521,1,卖盘
1288,13:37:59,5.21,521,1,卖盘
1289,13:38:11,5.21,1042,2,卖盘
1290,13:38:20,5.21,521,1,卖盘
1291,13:38:23,5.22,90306,173,买盘
1292,13:38:41,5.22,26100,50,买盘
1293,13:38:44,5.21,3650,7,卖盘
1294,13:38:59,5.22,522,1,买盘
1295,13:39:02,5.21,2084,4,卖盘
1296,13:39:05,5.21,1042,2,卖盘
1297,13:39:08,5.21,521,1,卖盘
1298,13:39:11,5.22,522,1,买盘
1299,13:39:23,5.22,57320,110,买盘
1300,13:39:29,5.21,1042,2,卖盘
1301,13:39:32,5.22,522,1,买盘
1302,13:39:35,5.21,521,1,卖盘
1303,13:39:38,5.22,522,1,买盘
1304,13:39:50,5.22,1566,3,买盘
1305,13:40:02,5.22,522,1,买盘
1306,13:40:17,5.22,522,1,买盘
1307,13:40:20,5.22,3132,6,买盘
1308,13:40:26,5.22,1566,3,买盘
1309,13:40:32,5.21,1042,2,卖盘
1310,13:40:47,5.22,1044,2,买盘
1311,13:41:17,5.22,522,1,买盘
1312,13:41:20,5.21,521,1,卖盘
1313,13:41:44,5.21,1563,3,卖盘
1314,13:41:47,5.22,1044,2,买盘
1315,13:41:50,5.21,8857,17,卖盘
1316,13:42:02,5.21,521,1,卖盘
1317,13:42:20,5.22,522,1,买盘
1318,13:42:35,5.22,6257,12,买盘
1319,13:42:38,5.21,521,1,卖盘
1320,13:42:41,5.22,9918,19,买盘
1321,13:42:47,5.22,1044,2,买盘
1322,13:43:17,5.22,1565,3,买盘
1323,13:43:35,5.21,521,1,卖盘
1324,13:43:47,5.22,1044,2,买盘
1325,13:43:50,5.21,10420,20,卖盘
1326,13:44:05,5.21,91179,175,卖盘
1327,13:44:08,5.21,172978,332,卖盘
1328,13:44:11,5.22,101645,195,买盘
1329,13:44:14,5.21,20319,39,卖盘
1330,13:44:17,5.21,151090,290,卖盘
1331,13:44:20,5.21,323036,620,卖盘
1332,13:44:23,5.21,7294,14,卖盘
1333,13:44:29,5.21,521,1,卖盘
1334,13:44:32,5.21,5732,11,卖盘
1335,13:44:35,5.21,6773,13,卖盘
1336,13:44:41,5.22,2085,4,买盘
1337,13:44:47,5.22,11484,22,买盘
1338,13:45:02,5.22,1044,2,买盘
1339,13:45:05,5.22,1044,2,买盘
1340,13:45:14,5.22,1044,2,买盘
1341,13:45:17,5.22,27616,53,买盘
1342,13:45:23,5.22,522,1,买盘
1343,13:45:50,5.22,522,1,买盘
1344,13:46:20,5.22,1044,2,买盘
1345,13:46:47,5.22,522,1,买盘
1346,13:47:11,5.21,5210,10,卖盘
1347,13:47:14,5.21,1042,2,卖盘
1348,13:47:20,5.22,1044,2,买盘
1349,13:47:47,5.21,15630,30,卖盘
1350,13:47:50,5.21,9900,19,卖盘
1351,13:47:53,5.21,521,1,卖盘
1352,13:48:20,5.21,12506,24,卖盘
1353,13:48:47,5.22,1044,2,买盘
1354,13:49:08,5.22,522,1,买盘
1355,13:49:20,5.22,522,1,买盘
1356,13:49:29,5.22,52200,100,买盘
1357,13:49:50,5.22,1044,2,买盘
1358,13:49:53,5.22,48546,93,买盘
1359,13:49:56,5.21,4169,8,卖盘
1360,13:50:11,5.22,2086,4,买盘
1361,13:50:20,5.22,522,1,买盘
1362,13:50:23,5.22,7308,14,买盘
1363,13:50:32,5.22,28659,55,买盘
1364,13:50:41,5.22,14068,27,买盘
1365,13:50:44,5.22,2088,4,买盘
1366,13:50:47,5.22,5220,10,买盘
1367,13:50:50,5.22,1566,3,买盘
1368,13:51:02,5.22,6264,12,买盘
1369,13:51:17,5.22,522,1,买盘
1370,13:51:26,5.22,38106,73,买盘
1371,13:51:41,5.21,2605,5,卖盘
1372,13:51:47,5.22,1566,3,买盘
1373,13:51:50,5.21,10420,20,卖盘
1374,13:52:20,5.21,1564,3,卖盘
1375,13:52:35,5.22,9918,19,买盘
1376,13:52:50,5.22,1044,2,买盘
1377,13:52:59,5.21,521,1,卖盘
1378,13:53:20,5.22,1044,2,买盘
1379,13:53:38,5.21,45848,88,卖盘
1380,13:53:41,5.21,521,1,卖盘
1381,13:53:50,5.22,522,1,买盘
1382,13:54:02,5.21,1042,2,卖盘
1383,13:54:17,5.21,1042,2,卖盘
1384,13:54:20,5.22,1044,2,买盘
1385,13:54:32,5.22,522,1,买盘
1386,13:54:38,5.22,522,1,买盘
1387,13:54:41,5.22,522,1,买盘
1388,13:54:50,5.22,522,1,买盘
1389,13:54:56,5.22,52717,101,买盘
1390,13:54:59,5.22,1564,3,买盘
1391,13:55:02,5.22,26100,50,买盘
1392,13:55:20,5.22,1044,2,买盘
1393,13:55:26,5.21,521,1,卖盘
1394,13:55:38,5.22,2610,5,买盘
1395,13:55:41,5.21,521,1,卖盘
1396,13:55:44,5.21,1043,2,卖盘
1397,13:55:47,5.21,12004,23,卖盘
1398,13:55:50,5.21,15631,30,卖盘
1399,13:55:59,5.22,1044,2,买盘
1400,13:56:14,5.21,5731,11,卖盘
1401,13:56:17,5.21,1042,2,卖盘
1402,13:56:20,5.21,7296,14,卖盘
1403,13:56:23,5.21,12504,24,卖盘
1404,13:56:26,5.22,2610,5,买盘
1405,13:56:29,5.21,10943,21,卖盘
1406,13:56:35,5.21,4689,9,卖盘
1407,13:56:41,5.21,3647,7,卖盘
1408,13:56:44,5.21,29697,57,卖盘
1409,13:56:50,5.22,522,1,买盘
1410,13:57:08,5.21,4168,8,卖盘
1411,13:57:11,5.22,2610,5,买盘
1412,13:57:20,5.22,1044,2,买盘
1413,13:57:26,5.22,522,1,买盘
1414,13:57:29,5.22,15138,29,买盘
1415,13:57:38,5.22,37584,72,买盘
1416,13:57:41,5.22,1566,3,买盘
1417,13:57:47,5.22,1566,3,买盘
1418,13:57:50,5.22,9396,18,买盘
1419,13:57:56,5.22,522,1,买盘
1420,13:57:59,5.22,522,1,买盘
1421,13:58:02,5.21,2085,4,卖盘
1422,13:58:05,5.21,521,1,卖盘
1423,13:58:20,5.22,522,1,买盘
1424,13:58:23,5.22,1044,2,买盘
1425,13:58:29,5.22,522,1,买盘
1426,13:58:32,5.22,522,1,买盘
1427,13:58:35,5.22,28710,55,买盘
1428,13:58:38,5.22,4173,8,买盘
1429,13:58:44,5.22,13572,26,买盘
1430,13:58:50,5.22,5742,11,买盘
1431,13:58:59,5.22,4698,9,买盘
1432,13:59:02,5.22,43826,84,买盘
1433,13:59:08,5.22,6786,13,买盘
1434,13:59:11,5.22,3132,6,买盘
1435,13:59:14,5.22,1044,2,买盘
1436,13:59:17,5.21,521,1,卖盘
1437,13:59:20,5.22,25009,48,买盘
1438,13:59:23,5.21,16151,31,卖盘
1439,13:59:29,5.22,6786,13,买盘
1440,13:59:32,5.22,2088,4,买盘
1441,13:59:35,5.21,27092,52,卖盘
1442,13:59:38,5.21,71444,137,卖盘
1443,13:59:41,5.22,2607,5,买盘
1444,13:59:44,5.22,17226,33,买盘
1445,13:59:47,5.21,20860,40,卖盘
1446,13:59:50,5.22,2088,4,买盘
1447,13:59:53,5.22,2088,4,买盘
1448,13:59:56,5.22,2088,4,买盘
1449,14:00:14,5.22,25578,49,买盘
1450,14:00:20,5.22,522,1,买盘
1451,14:00:29,5.22,1566,3,买盘
1452,14:00:32,5.22,522,1,买盘
1453,14:00:35,5.22,522,1,买盘
1454,14:00:50,5.22,2610,5,买盘
1455,14:00:53,5.22,21402,41,买盘
1456,14:00:56,5.22,1044,2,买盘
1457,14:01:05,5.22,1566,3,买盘
1458,14:01:08,5.23,3138902,6012,买盘
1459,14:01:11,5.23,202536,387,买盘
1460,14:01:14,5.24,81622,156,买盘
1461,14:01:17,5.23,4707,9,卖盘
1462,14:01:20,5.24,4716,9,买盘
1463,14:01:35,5.24,1482069,2825,买盘
1464,14:01:38,5.24,43020,82,卖盘
1465,14:01:41,5.24,28296,54,卖盘
1466,14:01:44,5.24,14148,27,卖盘
1467,14:01:47,5.24,9437,18,卖盘
1468,14:01:50,5.25,47162,90,买盘
1469,14:01:53,5.25,7862,15,买盘
1470,14:01:59,5.24,524,1,卖盘
1471,14:02:02,5.24,1048,2,卖盘
1472,14:02:05,5.24,75980,145,卖盘
1473,14:02:08,5.24,13624,26,卖盘
1474,14:02:11,5.24,48732,93,卖盘
1475,14:02:14,5.24,1048,2,买盘
1476,14:02:17,5.24,34584,66,买盘
1477,14:02:20,5.24,1048,2,买盘
1478,14:02:23,5.24,3144,6,买盘
1479,14:02:26,5.24,524,1,买盘
1480,14:02:32,5.24,5240,10,买盘
1481,14:02:35,5.24,27248,52,买盘
1482,14:02:38,5.24,129428,247,买盘
1483,14:02:50,5.25,525,1,买盘
1484,14:02:59,5.25,1575,3,买盘
1485,14:03:17,5.25,1050,2,买盘
1486,14:03:26,5.23,272983,521,卖盘
1487,14:03:29,5.23,523,1,卖盘
1488,14:03:38,5.24,2096,4,买盘
1489,14:03:44,5.24,1048,2,买盘
1490,14:03:47,5.24,524,1,买盘
1491,14:03:50,5.24,14148,27,买盘
1492,14:03:53,5.24,2620,5,买盘
1493,14:03:56,5.24,2096,4,买盘
1494,14:04:05,5.24,10480,20,买盘
1495,14:04:20,5.24,1048,2,买盘
1496,14:04:26,5.24,5240,10,买盘
1497,14:04:32,5.23,523,1,卖盘
1498,14:04:35,5.24,1572,3,买盘
1499,14:04:38,5.24,524,1,买盘
1500,14:04:53,5.24,2096,4,买盘
1501,14:04:59,5.24,5764,11,买盘
1502,14:05:20,5.24,1572,3,买盘
1503,14:05:23,5.24,524,1,买盘
1504,14:05:32,5.24,2095,4,买盘
1505,14:05:44,5.24,524,1,买盘
1506,14:05:50,5.24,524,1,买盘
1507,14:06:08,5.24,21968,42,买盘
1508,14:06:20,5.24,1048,2,买盘
1509,14:06:23,5.23,152480,291,卖盘
1510,14:06:50,5.24,3144,6,买盘
1511,14:07:20,5.24,524,1,买盘
1512,14:07:32,5.23,15690,30,卖盘
1513,14:07:35,5.24,9956,19,买盘
1514,14:07:41,5.24,13100,25,买盘
1515,14:07:47,5.23,1046,2,卖盘
1516,14:07:50,5.24,1048,2,买盘
1517,14:07:53,5.24,1048,2,买盘
1518,14:08:05,5.24,3144,6,买盘
1519,14:08:20,5.24,1048,2,买盘
1520,14:08:35,5.24,4192,8,买盘
1521,14:08:50,5.24,524,1,买盘
1522,14:08:53,5.24,524,1,买盘
1523,14:09:08,5.24,524,1,买盘
1524,14:09:17,5.24,524,1,买盘
1525,14:09:23,5.23,181481,347,卖盘
1526,14:09:26,5.23,29302,56,卖盘
1527,14:09:32,5.23,14121,27,卖盘
1528,14:09:47,5.23,17782,34,卖盘
1529,14:09:56,5.23,119767,229,卖盘
1530,14:09:59,5.23,36610,70,卖盘
1531,14:10:02,5.23,19874,38,卖盘
1532,14:10:14,5.24,2096,4,买盘
1533,14:10:17,5.23,5230,10,卖盘
1534,14:10:20,5.23,6276,12,卖盘
1535,14:10:23,5.23,523,1,卖盘
1536,14:10:29,5.23,22489,43,卖盘
1537,14:10:32,5.23,72174,138,中性盘
1538,14:10:35,5.23,38702,74,买盘
1539,14:10:38,5.23,523,1,买盘
1540,14:10:44,5.22,522,1,卖盘
1541,14:11:17,5.23,2615,5,买盘
1542,14:11:26,5.22,109620,210,卖盘
1543,14:12:20,5.23,5230,10,买盘
1544,14:12:41,5.23,2615,5,买盘
1545,14:12:53,5.23,1569,3,买盘
1546,14:12:56,5.23,260977,499,买盘
1547,14:12:59,5.23,4184,8,卖盘
1548,14:13:08,5.24,1572,3,买盘
1549,14:13:23,5.24,6288,12,买盘
1550,14:13:56,5.24,1048,2,买盘
1551,14:14:11,5.24,5764,11,买盘
1552,14:14:23,5.24,3144,6,买盘
1553,14:14:29,5.24,1048,2,买盘
1554,14:14:35,5.24,6812,13,买盘
1555,14:14:38,5.24,5762,11,买盘
1556,14:14:47,5.24,5764,11,买盘
1557,14:15:35,5.23,523,1,卖盘
1558,14:15:44,5.23,523,1,卖盘
1559,14:15:50,5.23,8368,16,卖盘
1560,14:15:53,5.23,1569,3,卖盘
1561,14:15:56,5.24,7336,14,买盘
1562,14:16:35,5.23,14644,28,卖盘
1563,14:16:38,5.23,10983,21,卖盘
1564,14:16:41,5.23,523,1,卖盘
1565,14:16:44,5.24,524,1,买盘
1566,14:16:56,5.23,523,1,卖盘
1567,14:16:59,5.23,24058,46,卖盘
1568,14:17:02,5.23,166837,319,卖盘
1569,14:17:05,5.23,4707,9,买盘
1570,14:17:08,5.23,7845,15,买盘
1571,14:17:47,5.23,25104,48,买盘
1572,14:17:53,5.23,12029,23,买盘
1573,14:18:11,5.22,5744,11,卖盘
1574,14:18:17,5.23,523,1,买盘
1575,14:18:20,5.23,523,1,买盘
1576,14:18:23,5.23,4707,9,买盘
1577,14:19:05,5.23,23535,45,买盘
1578,14:19:08,5.23,64850,124,买盘
1579,14:19:11,5.23,55438,106,买盘
1580,14:19:14,5.23,20920,40,买盘
1581,14:19:17,5.24,27198,52,买盘
1582,14:19:20,5.23,7845,15,卖盘
1583,14:19:23,5.23,523,1,卖盘
1584,14:19:35,5.24,9956,19,买盘
1585,14:20:08,5.23,32949,63,卖盘
1586,14:20:11,5.23,48116,92,卖盘
1587,14:20:14,5.24,26708,51,买盘
1588,14:20:17,5.23,12552,24,中性盘
1589,14:20:20,5.23,154286,295,买盘
1590,14:20:23,5.23,523,1,买盘
1591,14:20:26,5.23,2092,4,买盘
1592,14:20:32,5.23,1569,3,买盘
1593,14:20:35,5.23,2615,5,买盘
1594,14:20:38,5.23,14121,27,买盘
1595,14:20:41,5.23,2615,5,买盘
1596,14:20:44,5.23,18828,36,买盘
1597,14:20:47,5.23,5753,11,买盘
1598,14:21:05,5.23,303283,581,买盘
1599,14:21:44,5.23,2092,4,买盘
1600,14:21:50,5.23,1046,2,买盘
1601,14:21:53,5.23,63806,122,买盘
1602,14:21:56,5.23,523,1,买盘
1603,14:22:05,5.23,14121,27,买盘
1604,14:22:14,5.23,9414,18,买盘
1605,14:22:20,5.23,1046,2,买盘
1606,14:22:23,5.23,1569,3,买盘
1607,14:22:29,5.23,2615,5,买盘
1608,14:22:47,5.23,9937,19,买盘
1609,14:23:05,5.23,5753,11,买盘
1610,14:23:14,5.23,13075,25,买盘
1611,14:23:17,5.23,1046,2,买盘
1612,14:23:20,5.23,5230,10,买盘
1613,14:23:23,5.23,3661,7,买盘
1614,14:23:26,5.23,523,1,买盘
1615,14:23:35,5.22,24534,47,卖盘
1616,14:23:38,5.23,15681,30,买盘
1617,14:23:41,5.22,32886,63,卖盘
1618,14:24:02,5.22,26100,50,卖盘
1619,14:24:05,5.22,38628,74,卖盘
1620,14:24:11,5.23,1046,2,买盘
1621,14:24:32,5.23,523,1,买盘
1622,14:24:35,5.23,10460,20,买盘
1623,14:24:38,5.23,1046,2,买盘
1624,14:24:41,5.23,5753,11,买盘
1625,14:24:44,5.23,2615,5,买盘
1626,14:24:56,5.23,2092,4,买盘
1627,14:25:08,5.23,1046,2,买盘
1628,14:25:29,5.22,522,1,卖盘
1629,14:25:32,5.22,16182,31,卖盘
1630,14:25:38,5.22,522,1,卖盘
1631,14:25:41,5.22,104400,200,卖盘
1632,14:25:44,5.23,523,1,买盘
1633,14:25:53,5.23,523,1,买盘
1634,14:26:02,5.23,6276,12,买盘
1635,14:26:05,5.23,2615,5,买盘
1636,14:26:08,5.23,2092,4,买盘
1637,14:26:11,5.22,14119,27,卖盘
1638,14:26:20,5.22,15660,30,卖盘
1639,14:26:50,5.23,13075,25,买盘
1640,14:26:53,5.23,1046,2,买盘
1641,14:27:14,5.23,1046,2,买盘
1642,14:27:23,5.23,1046,2,买盘
1643,14:27:35,5.23,5230,10,买盘
1644,14:27:41,5.23,12552,24,买盘
1645,14:27:47,5.23,10460,20,买盘
1646,14:27:53,5.23,5230,10,买盘
1647,14:27:59,5.23,1046,2,买盘
1648,14:28:05,5.23,10981,21,买盘
1649,14:28:14,5.23,3138,6,买盘
1650,14:28:17,5.23,2615,5,买盘
1651,14:28:23,5.23,1046,2,买盘
1652,14:28:41,5.23,6276,12,买盘
1653,14:28:44,5.22,7320,14,卖盘
1654,14:28:47,5.23,1046,2,买盘
1655,14:29:02,5.23,3138,6,买盘
1656,14:29:08,5.22,522,1,卖盘
1657,14:29:11,5.23,2615,5,买盘
1658,14:29:14,5.23,523,1,买盘
1659,14:29:23,5.23,5230,10,买盘
1660,14:29:29,5.23,10460,20,买盘
1661,14:29:32,5.23,7322,14,买盘
1662,14:29:35,5.22,5222,10,卖盘
1663,14:29:38,5.23,17254,33,买盘
1664,14:29:41,5.23,21443,41,买盘
1665,14:29:44,5.23,6276,12,买盘
1666,14:29:56,5.23,1046,2,买盘
1667,14:30:05,5.23,523,1,买盘
1668,14:30:08,5.23,20397,39,买盘
1669,14:30:20,5.23,523,1,买盘
1670,14:30:23,5.23,2090,4,买盘
1671,14:30:35,5.23,9937,19,买盘
1672,14:30:38,5.23,1569,3,买盘
1673,14:30:41,5.23,523,1,买盘
1674,14:30:44,5.23,2092,4,买盘
1675,14:30:50,5.23,6276,12,买盘
1676,14:30:53,5.23,4184,8,买盘
1677,14:30:56,5.23,523,1,买盘
1678,14:30:59,5.23,1569,3,买盘
1679,14:31:02,5.23,7844,15,买盘
1680,14:31:05,5.23,20397,39,买盘
1681,14:31:08,5.23,5753,11,买盘
1682,14:31:11,5.23,12552,24,买盘
1683,14:31:14,5.23,1046,2,买盘
1684,14:31:17,5.22,124236,238,卖盘
1685,14:31:20,5.23,2614,5,买盘
1686,14:31:23,5.23,1046,2,买盘
1687,14:31:29,5.23,1569,3,买盘
1688,14:31:32,5.23,26673,51,买盘
1689,14:31:35,5.23,9937,19,买盘
1690,14:31:38,5.23,17259,33,买盘
1691,14:31:47,5.22,15688,30,卖盘
1692,14:31:50,5.23,2615,5,买盘
1693,14:31:56,5.23,92571,177,买盘
1694,14:32:08,5.23,30857,59,买盘
1695,14:32:11,5.23,523,1,买盘
1696,14:32:47,5.23,9937,19,买盘
1697,14:32:50,5.23,19874,38,买盘
1698,14:33:05,5.23,6276,12,买盘
1699,14:33:08,5.23,1046,2,买盘
1700,14:33:17,5.23,7322,14,买盘
1701,14:33:23,5.23,8368,16,买盘
1702,14:33:26,5.23,523,1,买盘
1703,14:33:29,5.23,10983,21,买盘
1704,14:33:32,5.23,588375,1125,买盘
1705,14:33:35,5.23,86295,165,买盘
1706,14:33:38,5.23,10983,21,买盘
1707,14:33:41,5.23,7322,14,买盘
1708,14:33:44,5.23,4184,8,买盘
1709,14:33:47,5.23,1046,2,买盘
1710,14:33:56,5.23,523,1,买盘
1711,14:34:02,5.22,522,1,卖盘
1712,14:34:05,5.23,20920,40,买盘
1713,14:34:08,5.23,10460,20,买盘
1714,14:34:11,5.23,1046,2,买盘
1715,14:34:14,5.23,523,1,买盘
1716,14:34:17,5.23,10983,21,买盘
1717,14:34:23,5.23,1569,3,买盘
1718,14:34:35,5.23,4705,9,买盘
1719,14:34:38,5.23,1569,3,买盘
1720,14:34:47,5.23,523,1,买盘
1721,14:34:50,5.23,13074,25,买盘
1722,14:34:53,5.23,1046,2,买盘
1723,14:34:56,5.23,1046,2,买盘
1724,14:35:23,5.23,1046,2,买盘
1725,14:35:26,5.23,523,1,买盘
1726,14:35:29,5.23,3138,6,买盘
1727,14:35:32,5.23,6799,13,买盘
1728,14:35:35,5.23,60145,115,买盘
1729,14:35:38,5.23,11506,22,买盘
1730,14:35:44,5.23,8368,16,买盘
1731,14:35:47,5.22,9396,18,卖盘
1732,14:35:50,5.22,522,1,卖盘
1733,14:36:11,5.23,1046,2,买盘
1734,14:36:20,5.23,1569,3,买盘
1735,14:36:23,5.23,1569,3,买盘
1736,14:36:35,5.23,7322,14,买盘
1737,14:36:44,5.22,2088,4,卖盘
1738,14:36:53,5.22,522,1,卖盘
1739,14:36:59,5.22,125280,240,卖盘
1740,14:37:02,5.22,50112,96,卖盘
1741,14:37:05,5.22,522,1,卖盘
1742,14:37:08,5.22,1568,3,卖盘
1743,14:37:11,5.23,12029,23,买盘
1744,14:37:14,5.23,9937,19,买盘
1745,14:37:17,5.23,10460,20,买盘
1746,14:37:20,5.23,1046,2,买盘
1747,14:37:29,5.23,3138,6,买盘
1748,14:37:32,5.22,522,1,卖盘
1749,14:37:44,5.23,1046,2,买盘
1750,14:37:47,5.23,13075,25,买盘
1751,14:37:50,5.23,3138,6,买盘
1752,14:38:05,5.23,4184,8,买盘
1753,14:38:20,5.23,9937,19,买盘
1754,14:38:23,5.23,12029,23,买盘
1755,14:38:32,5.23,1046,2,买盘
1756,14:38:50,5.23,3138,6,买盘
1757,14:38:56,5.23,10983,21,买盘
1758,14:39:05,5.23,7845,15,买盘
1759,14:39:14,5.23,14121,27,买盘
1760,14:39:38,5.23,3138,6,买盘
1761,14:39:59,5.23,523,1,买盘
1762,14:40:02,5.23,19351,37,买盘
1763,14:40:05,5.22,45476,87,卖盘
1764,14:40:17,5.23,1046,2,买盘
1765,14:40:20,5.23,33984,65,买盘
1766,14:40:23,5.23,523,1,买盘
1767,14:40:26,5.23,523,1,买盘
1768,14:40:29,5.23,2092,4,买盘
1769,14:40:35,5.23,1569,3,买盘
1770,14:40:44,5.23,16736,32,买盘
1771,14:40:47,5.23,4184,8,买盘
1772,14:40:50,5.23,3138,6,买盘
1773,14:40:53,5.23,12552,24,买盘
1774,14:41:05,5.22,522,1,卖盘
1775,14:41:17,5.22,1044,2,卖盘
1776,14:41:23,5.23,1046,2,买盘
1777,14:41:50,5.23,273439,523,买盘
1778,14:41:59,5.23,21443,41,买盘
1779,14:42:05,5.22,36540,70,卖盘
1780,14:42:08,5.22,522,1,卖盘
1781,14:42:17,5.22,127894,245,卖盘
1782,14:42:20,5.22,13050,25,卖盘
1783,14:42:32,5.22,522,1,卖盘
1784,14:42:35,5.23,25101,48,买盘
1785,14:42:41,5.23,1046,2,买盘
1786,14:42:47,5.23,1569,3,买盘
1787,14:42:53,5.22,1044,2,卖盘
1788,14:43:05,5.22,187756,359,卖盘
1789,14:43:08,5.23,30315,58,买盘
1790,14:43:11,5.23,12029,23,买盘
1791,14:43:14,5.23,3138,6,买盘
1792,14:43:17,5.23,13075,25,买盘
1793,14:43:20,5.23,13075,25,买盘
1794,14:43:23,5.23,17259,33,买盘
1795,14:43:26,5.23,5753,11,买盘
1796,14:43:35,5.23,5753,11,买盘
1797,14:43:44,5.23,1046,2,买盘
1798,14:43:53,5.22,2088,4,卖盘
1799,14:44:02,5.22,20880,40,卖盘
1800,14:44:05,5.22,5220,10,卖盘
1801,14:44:08,5.22,43848,84,卖盘
1802,14:44:11,5.22,16704,32,卖盘
1803,14:44:17,5.22,1044,2,卖盘
1804,14:44:23,5.22,104400,200,卖盘
1805,14:44:26,5.22,18792,36,卖盘
1806,14:44:32,5.23,1568,3,买盘
1807,14:44:35,5.23,19874,38,买盘
1808,14:44:38,5.23,523,1,买盘
1809,14:44:41,5.22,59522,114,卖盘
1810,14:44:47,5.23,26673,51,买盘
1811,14:45:05,5.23,523,1,买盘
1812,14:45:08,5.22,1045,2,卖盘
1813,14:45:11,5.23,523,1,买盘
1814,14:45:26,5.23,523,1,买盘
1815,14:45:29,5.23,523,1,买盘
1816,14:45:38,5.23,1046,2,买盘
1817,14:45:44,5.23,16734,32,买盘
1818,14:45:47,5.23,1569,3,买盘
1819,14:45:50,5.23,2092,4,买盘
1820,14:46:02,5.23,10983,21,买盘
1821,14:46:11,5.23,7840,15,买盘
1822,14:46:17,5.23,41317,79,买盘
1823,14:46:20,5.23,1046,2,买盘
1824,14:46:26,5.23,13075,25,买盘
1825,14:46:29,5.23,8368,16,买盘
1826,14:46:32,5.23,523,1,买盘
1827,14:46:35,5.22,4176,8,卖盘
1828,14:46:38,5.23,523,1,买盘
1829,14:46:47,5.23,2615,5,买盘
1830,14:46:50,5.22,522,1,卖盘
1831,14:46:53,5.23,4184,8,买盘
1832,14:46:59,5.23,13075,25,买盘
1833,14:47:05,5.23,3138,6,买盘
1834,14:47:17,5.23,17782,34,买盘
1835,14:47:23,5.23,7322,14,买盘
1836,14:47:26,5.23,13075,25,买盘
1837,14:47:29,5.23,10460,20,买盘
1838,14:47:32,5.23,2092,4,买盘
1839,14:47:38,5.23,49679,95,买盘
1840,14:47:41,5.23,7845,15,买盘
1841,14:47:44,5.23,523,1,买盘
1842,14:47:50,5.23,1569,3,买盘
1843,14:48:05,5.23,2615,5,买盘
1844,14:48:08,5.23,2091,4,买盘
1845,14:48:17,5.22,1566,3,卖盘
1846,14:48:29,5.23,7318,14,买盘
1847,14:48:32,5.23,6276,12,买盘
1848,14:48:35,5.23,40794,78,买盘
1849,14:48:50,5.22,141032,270,卖盘
1850,14:48:53,5.22,7310,14,卖盘
1851,14:48:56,5.22,11484,22,卖盘
1852,14:48:59,5.23,32949,63,买盘
1853,14:49:05,5.22,5225,10,卖盘
1854,14:49:08,5.23,1569,3,买盘
1855,14:49:11,5.23,523,1,买盘
1856,14:49:17,5.23,7845,15,买盘
1857,14:49:23,5.23,1046,2,买盘
1858,14:49:32,5.23,4184,8,买盘
1859,14:49:35,5.23,60145,115,买盘
1860,14:49:38,5.23,17781,34,买盘
1861,14:49:41,5.23,5752,11,买盘
1862,14:49:44,5.23,166314,318,买盘
1863,14:49:47,5.22,38690,74,卖盘
1864,14:49:59,5.22,522,1,卖盘
1865,14:50:02,5.22,39713,76,卖盘
1866,14:50:05,5.23,50130,96,买盘
1867,14:50:08,5.22,522,1,卖盘
1868,14:50:11,5.23,41840,80,买盘
1869,14:50:14,5.23,30857,59,买盘
1870,14:50:17,5.23,4707,9,买盘
1871,14:50:20,5.23,7834,15,买盘
1872,14:50:23,5.23,3661,7,买盘
1873,14:50:26,5.23,2092,4,买盘
1874,14:50:29,5.23,43932,84,买盘
1875,14:50:32,5.23,3661,7,买盘
1876,14:50:35,5.23,5230,10,买盘
1877,14:50:38,5.23,2092,4,买盘
1878,14:50:41,5.23,4184,8,买盘
1879,14:50:44,5.23,5230,10,买盘
1880,14:50:47,5.23,119243,228,买盘
1881,14:50:50,5.23,15690,30,买盘
1882,14:50:53,5.23,1046,2,买盘
1883,14:50:56,5.23,13055,25,买盘
1884,14:50:59,5.23,29287,56,买盘
1885,14:51:02,5.23,4707,9,买盘
1886,14:51:05,5.23,13075,25,买盘
1887,14:51:08,5.23,31380,60,买盘
1888,14:51:11,5.23,523,1,买盘
1889,14:51:14,5.23,1046,2,买盘
1890,14:51:17,5.22,40198,77,卖盘
1891,14:51:20,5.22,522,1,卖盘
1892,14:51:23,5.23,1046,2,买盘
1893,14:51:29,5.23,523,1,买盘
1894,14:51:44,5.22,522,1,卖盘
1895,14:51:50,5.23,1569,3,买盘
1896,14:51:53,5.22,33949,65,卖盘
1897,14:51:56,5.23,27718,53,买盘
1898,14:51:59,5.22,1045,2,卖盘
1899,14:52:05,5.23,12534,24,买盘
1900,14:52:08,5.23,523,1,买盘
1901,14:52:11,5.23,3661,7,买盘
1902,14:52:20,5.23,27196,52,买盘
1903,14:52:23,5.23,1568,3,买盘
1904,14:52:26,5.23,6276,12,买盘
1905,14:52:38,5.23,1046,2,买盘
1906,14:52:44,5.23,8891,17,买盘
1907,14:52:47,5.23,201355,385,买盘
1908,14:52:50,5.23,1046,2,买盘
1909,14:52:53,5.23,100414,192,买盘
1910,14:52:56,5.23,4706,9,买盘
1911,14:52:59,5.23,523,1,买盘
1912,14:53:02,5.23,16203,31,买盘
1913,14:53:05,5.22,90472,173,卖盘
1914,14:53:08,5.24,64854,124,买盘
1915,14:53:11,5.23,33473,64,中性盘
1916,14:53:14,5.24,76362,146,买盘
1917,14:53:17,5.23,10983,21,卖盘
1918,14:53:20,5.23,102508,196,卖盘
1919,14:53:23,5.23,8368,16,卖盘
1920,14:53:26,5.24,1048,2,买盘
1921,14:53:32,5.23,7847,15,卖盘
1922,14:53:35,5.23,27731,53,卖盘
1923,14:53:41,5.23,15169,29,卖盘
1924,14:53:44,5.23,28242,54,卖盘
1925,14:53:47,5.24,39250,75,买盘
1926,14:53:53,5.23,1571,3,卖盘
1927,14:54:02,5.23,9938,19,卖盘
1928,14:54:05,5.24,524,1,买盘
1929,14:54:08,5.23,1046,2,卖盘
1930,14:54:11,5.24,4187,8,买盘
1931,14:54:14,5.24,3668,7,买盘
1932,14:54:26,5.23,523,1,卖盘
1933,14:54:29,5.24,2618,5,买盘
1934,14:54:32,5.24,8384,16,买盘
1935,14:54:35,5.24,2620,5,买盘
1936,14:54:38,5.24,20433,39,买盘
1937,14:54:41,5.24,7336,14,买盘
1938,14:54:47,5.23,4710,9,卖盘
1939,14:54:50,5.24,23580,45,买盘
1940,14:54:53,5.24,8384,16,买盘
1941,14:54:56,5.24,524,1,买盘
1942,14:55:02,5.24,100976,193,买盘
1943,14:55:05,5.23,5230,10,卖盘
1944,14:55:08,5.23,207109,396,卖盘
1945,14:55:11,5.24,642383,1226,买盘
1946,14:55:14,5.24,3668,7,买盘
1947,14:55:17,5.24,1048,2,买盘
1948,14:55:20,5.23,1570,3,卖盘
1949,14:55:23,5.23,523,1,卖盘
1950,14:55:26,5.24,1048,2,买盘
1951,14:55:32,5.24,69606,133,买盘
1952,14:55:35,5.23,4713,9,卖盘
1953,14:55:38,5.23,19369,37,卖盘
1954,14:55:41,5.24,25152,48,买盘
1955,14:55:44,5.23,155854,298,卖盘
1956,14:55:47,5.24,7860,15,买盘
1957,14:55:50,5.24,1048,2,买盘
1958,14:55:53,5.23,5753,11,卖盘
1959,14:55:56,5.24,3143,6,买盘
1960,14:55:59,5.24,30392,58,买盘
1961,14:56:05,5.24,20412,39,买盘
1962,14:56:08,5.23,2615,5,卖盘
1963,14:56:11,5.24,27230,52,买盘
1964,14:56:14,5.23,5230,10,卖盘
1965,14:56:17,5.23,20397,39,卖盘
1966,14:56:20,5.23,1046,2,卖盘
1967,14:56:23,5.23,9937,19,卖盘
1968,14:56:32,5.24,14142,27,买盘
1969,14:56:35,5.23,46073,88,卖盘
1970,14:56:38,5.24,247328,472,买盘
1971,14:56:41,5.24,20470,39,卖盘
1972,14:56:44,5.25,1050,2,买盘
1973,14:56:47,5.25,1050,2,买盘
1974,14:56:53,5.24,4716,9,卖盘
1975,15:00:02,5.25,752850,1434,买盘
