,成交时间,成交价格,成交金额,成交量,性质
0,09:25:04,26.31,3012495,1145,卖盘
1,09:30:01,26.29,378705,144,卖盘
2,09:30:04,26.28,420485,160,卖盘
3,09:30:07,26.28,123463,47,买盘
4,09:30:10,26.27,210131,80,中性盘
5,09:30:13,26.25,333676,127,中性盘
6,09:30:16,26.28,1163601,443,买盘
7,09:30:19,26.23,144367,55,中性盘
8,09:30:22,26.24,283478,108,中性盘
9,09:30:25,26.24,453958,173,买盘
10,09:30:28,26.25,152253,58,买盘
11,09:30:31,26.24,178514,68,中性盘
12,09:30:34,26.27,427784,163,买盘
13,09:30:37,26.29,714406,272,买盘
14,09:30:40,26.27,396618,151,中性盘
15,09:30:43,26.25,302004,115,卖盘
16,09:30:46,26.25,262530,100,卖盘
17,09:30:49,26.25,1559364,594,卖盘
18,09:30:52,26.24,740085,282,卖盘
19,09:30:55,26.24,390847,149,卖盘
20,09:30:58,26.23,466885,178,买盘
21,09:31:01,26.21,416877,159,卖盘
22,09:31:04,26.2,471840,180,卖盘
23,09:31:07,26.2,597400,228,卖盘
24,09:31:10,26.2,736220,281,卖盘
25,09:31:13,26.2,940333,359,卖盘
26,09:31:16,26.2,115258,44,买盘
27,09:31:19,26.19,54992,21,中性盘
28,09:31:22,26.18,439886,168,卖盘
29,09:31:25,26.17,531229,203,卖盘
30,09:31:28,26.15,206703,79,卖盘
31,09:31:31,26.17,319168,122,买盘
32,09:31:34,26.13,261487,100,卖盘
33,09:31:37,26.13,167288,64,卖盘
34,09:31:40,26.15,219496,84,买盘
35,09:31:43,26.11,441418,169,卖盘
36,09:31:46,26.11,676698,259,卖盘
37,09:31:49,26.15,73201,28,中性盘
38,09:31:52,26.16,167346,64,中性盘
39,09:31:55,26.13,107136,41,卖盘
40,09:31:58,26.13,114988,44,卖盘
41,09:32:01,26.12,418213,160,卖盘
42,09:32:04,26.12,172396,66,卖盘
43,09:32:07,26.15,206429,79,买盘
44,09:32:10,26.13,689519,264,卖盘
45,09:32:13,26.13,449478,172,卖盘
46,09:32:16,26.13,258758,99,卖盘
47,09:32:19,26.13,164623,63,卖盘
48,09:32:22,26.13,266562,102,卖盘
49,09:32:25,26.11,783568,300,卖盘
50,09:32:28,26.11,838054,321,卖盘
51,09:32:31,26.12,91387,35,买盘
52,09:32:34,26.11,378531,145,卖盘
53,09:32:37,26.11,211505,81,买盘
54,09:32:40,26.14,457053,175,买盘
55,09:32:43,26.14,1380233,528,买盘
56,09:32:46,26.15,141205,54,中性盘
57,09:32:49,26.16,65397,25,买盘
58,09:32:52,26.16,190988,73,卖盘
59,09:32:55,26.16,217208,83,卖盘
60,09:32:58,26.17,460481,176,买盘
61,09:33:01,26.16,149113,57,卖盘
62,09:33:04,26.17,109913,42,买盘
63,09:33:07,26.16,75877,29,卖盘
64,09:33:10,26.16,193581,74,买盘
65,09:33:13,26.16,204013,78,买盘
66,09:33:16,26.16,172736,66,卖盘
67,09:33:19,26.17,36625,14,买盘
68,09:33:22,26.15,1095889,419,卖盘
69,09:33:25,26.13,603755,231,卖盘
70,09:33:28,26.14,5228,2,买盘
71,09:33:31,26.14,298018,114,买盘
72,09:33:34,26.14,88873,34,买盘
73,09:33:37,26.14,44438,17,卖盘
74,09:33:40,26.15,146419,56,买盘
75,09:33:43,26.14,133317,51,卖盘
76,09:33:46,26.15,54915,21,买盘
77,09:33:49,26.15,49685,19,卖盘
78,09:33:52,26.16,31391,12,买盘
79,09:33:55,26.17,219709,84,买盘
80,09:33:58,26.15,530849,203,卖盘
81,09:34:01,26.16,83693,32,卖盘
82,09:34:04,26.16,41860,16,买盘
83,09:34:07,26.15,135984,52,卖盘
84,09:34:10,26.16,96761,37,买盘
85,09:34:13,26.16,175201,67,买盘
86,09:34:16,26.15,190896,73,卖盘
87,09:34:19,26.14,164740,63,卖盘
88,09:34:22,26.16,125518,48,买盘
89,09:34:25,26.16,196200,75,买盘
90,09:34:28,26.16,204048,78,卖盘
91,09:34:31,26.16,128212,49,买盘
92,09:34:34,26.15,188403,72,卖盘
93,09:34:37,26.15,10462,4,卖盘
94,09:34:40,26.15,203969,78,卖盘
95,09:34:43,26.15,67991,26,卖盘
96,09:34:46,26.15,117677,45,卖盘
97,09:34:49,26.15,81065,31,买盘
98,09:34:52,26.15,83677,32,买盘
99,09:34:55,26.17,483918,185,买盘
100,09:34:58,26.15,20924,8,卖盘
101,09:35:01,26.15,47090,18,卖盘
102,09:35:04,26.15,112499,43,卖盘
103,09:35:07,26.16,389881,149,中性盘
104,09:35:10,26.15,120325,46,卖盘
105,09:35:13,26.15,232756,89,卖盘
106,09:35:16,26.14,669610,256,卖盘
107,09:35:19,26.15,392109,150,中性盘
108,09:35:22,26.16,141194,54,买盘
109,09:35:25,26.14,49667,19,卖盘
110,09:35:28,26.15,20920,8,买盘
111,09:35:31,26.15,253708,97,买盘
112,09:35:34,26.17,109899,42,买盘
113,09:35:37,26.18,164965,63,中性盘
114,09:35:40,26.2,41897,16,买盘
115,09:35:43,26.18,57597,22,卖盘
116,09:35:46,26.17,10469,4,卖盘
117,09:35:49,26.18,28789,11,买盘
118,09:35:52,26.18,57580,22,买盘
119,09:35:55,26.18,1352189,517,买盘
120,09:35:58,26.18,164934,63,买盘
121,09:36:01,26.18,188498,72,卖盘
122,09:36:04,26.18,18331,7,卖盘
123,09:36:07,26.19,73311,28,买盘
124,09:36:10,26.18,28799,11,卖盘
125,09:36:13,26.21,298602,114,买盘
126,09:36:16,26.22,335681,128,买盘
127,09:36:19,26.21,288353,110,卖盘
128,09:36:22,26.2,322356,123,卖盘
129,09:36:25,26.21,115311,44,买盘
130,09:36:28,26.2,23580,9,卖盘
131,09:36:31,26.21,191301,73,买盘
132,09:36:34,26.2,167732,64,卖盘
133,09:36:37,26.21,120543,46,买盘
134,09:36:40,26.21,68137,26,买盘
135,09:36:43,26.21,44549,17,买盘
136,09:36:46,26.21,212270,81,买盘
137,09:36:49,26.2,62881,24,卖盘
138,09:36:52,26.21,10484,4,买盘
139,09:36:55,26.21,172938,66,买盘
140,09:36:58,26.2,31442,12,卖盘
141,09:37:01,26.21,597574,228,买盘
142,09:37:04,26.22,91770,35,买盘
143,09:37:07,26.22,217748,83,买盘
144,09:37:10,26.23,34090,13,中性盘
145,09:37:13,26.23,78668,30,买盘
146,09:37:16,26.21,689425,263,卖盘
147,09:37:19,26.2,848891,324,卖盘
148,09:37:22,26.2,81221,31,卖盘
149,09:37:25,26.21,23589,9,买盘
150,09:37:28,26.21,159881,61,买盘
151,09:37:31,26.21,356348,136,买盘
152,09:37:34,26.22,23590,9,买盘
153,09:37:37,26.22,178296,68,买盘
154,09:37:40,26.22,31464,12,买盘
155,09:37:43,26.21,97012,37,卖盘
156,09:37:46,26.23,39336,15,买盘
157,09:37:49,26.23,36721,14,买盘
158,09:37:52,26.23,23607,9,买盘
159,09:37:55,26.22,31464,12,卖盘
160,09:37:58,26.22,81287,31,卖盘
161,09:38:01,26.22,68182,26,卖盘
162,09:38:04,26.23,102288,39,买盘
163,09:38:07,26.23,238693,91,买盘
164,09:38:10,26.23,115412,44,卖盘
165,09:38:13,26.24,70833,27,买盘
166,09:38:16,26.24,199424,76,买盘
167,09:38:19,26.24,687590,262,买盘
168,09:38:22,26.25,65625,25,中性盘
169,09:38:25,26.26,304611,116,买盘
170,09:38:28,26.26,467428,178,买盘
171,09:38:31,26.26,65649,25,买盘
172,09:38:34,26.26,344119,131,卖盘
173,09:38:37,26.27,183891,70,买盘
174,09:38:40,26.29,820066,312,买盘
175,09:38:43,26.29,4172955,1587,买盘
176,09:38:46,26.3,2156600,820,买盘
177,09:38:49,26.3,2748341,1045,买盘
178,09:38:52,26.3,373446,142,买盘
179,09:38:55,26.3,55223,21,买盘
180,09:38:58,26.3,220908,84,买盘
181,09:39:01,26.29,1070006,407,卖盘
182,09:39:04,26.26,362666,138,卖盘
183,09:39:07,26.25,606606,231,卖盘
184,09:39:10,26.26,21002,8,买盘
185,09:39:13,26.25,286104,109,卖盘
186,09:39:16,26.24,196820,75,卖盘
187,09:39:19,26.24,309744,118,卖盘
188,09:39:22,26.25,160126,61,买盘
189,09:39:25,26.26,105040,40,买盘
190,09:39:28,26.26,147042,56,买盘
191,09:39:31,26.27,63048,24,买盘
192,09:39:34,26.26,533079,203,卖盘
193,09:39:37,26.26,5253,2,卖盘
194,09:39:40,26.27,120796,46,买盘
195,09:39:43,26.26,26260,10,卖盘
196,09:39:46,26.26,252096,96,卖盘
197,09:39:49,26.25,328197,125,卖盘
198,09:39:52,26.23,1081006,412,卖盘
199,09:39:55,26.24,622211,237,买盘
200,09:39:58,26.23,7870,3,卖盘
201,09:40:01,26.24,70873,27,卖盘
202,09:40:04,26.24,128585,49,卖盘
203,09:40:07,26.23,766089,292,卖盘
204,09:40:10,26.23,519584,198,买盘
205,09:40:13,26.23,91793,35,买盘
206,09:40:16,26.23,76054,29,买盘
207,09:40:19,26.23,57706,22,买盘
208,09:40:22,26.24,682098,260,买盘
209,09:40:25,26.23,23607,9,卖盘
210,09:40:28,26.23,49837,19,卖盘
211,09:40:31,26.23,139025,53,卖盘
212,09:40:34,26.23,18366,7,卖盘
213,09:40:37,26.23,73461,28,卖盘
214,09:40:40,26.24,73459,28,买盘
215,09:40:43,26.23,154763,59,卖盘
216,09:40:49,26.24,351507,134,买盘
217,09:40:52,26.23,396173,151,卖盘
218,09:40:55,26.24,28864,11,买盘
219,09:41:01,26.23,110166,42,卖盘
220,09:41:04,26.24,123317,47,买盘
221,09:41:07,26.23,771125,294,卖盘
222,09:41:10,26.23,128527,49,卖盘
223,09:41:13,26.23,47215,18,卖盘
224,09:41:16,26.23,173118,66,卖盘
225,09:41:19,26.23,285865,109,卖盘
226,09:41:22,26.23,26230,10,买盘
227,09:41:25,26.22,55074,21,卖盘
228,09:41:28,26.22,180968,69,卖盘
229,09:41:31,26.22,2622,1,卖盘
230,09:41:34,26.18,3252139,1241,卖盘
231,09:41:37,26.18,167574,64,卖盘
232,09:41:40,26.19,83789,32,买盘
233,09:41:43,26.19,534088,204,买盘
234,09:41:46,26.19,86427,33,卖盘
235,09:41:49,26.2,104761,40,买盘
236,09:41:52,26.2,96906,37,买盘
237,09:41:55,26.19,62864,24,卖盘
238,09:41:58,26.19,10476,4,卖盘
239,09:42:01,26.2,62863,24,买盘
240,09:42:04,26.2,144096,55,买盘
241,09:42:07,26.2,322244,123,买盘
242,09:42:10,26.2,28824,11,卖盘
243,09:42:13,26.2,23585,9,卖盘
244,09:42:16,26.21,41921,16,中性盘
245,09:42:19,26.2,28820,11,中性盘
246,09:42:22,26.2,7860,3,买盘
247,09:42:25,26.2,62889,24,买盘
248,09:42:28,26.2,78600,30,卖盘
249,09:42:31,26.2,55023,21,卖盘
250,09:42:34,26.21,26207,10,买盘
251,09:42:37,26.19,542168,207,卖盘
252,09:42:40,26.19,31428,12,买盘
253,09:42:43,26.19,57618,22,买盘
254,09:42:46,26.19,172825,66,买盘
255,09:42:49,26.19,13095,5,买盘
256,09:42:52,26.18,130901,50,卖盘
257,09:42:55,26.18,70686,27,买盘
258,09:42:58,26.18,41883,16,买盘
259,09:43:01,26.18,227690,87,买盘
260,09:43:04,26.18,78539,30,买盘
261,09:43:07,26.2,238308,91,买盘
262,09:43:10,26.2,68120,26,买盘
263,09:43:13,26.2,49780,19,买盘
264,09:43:16,26.2,26197,10,买盘
265,09:43:19,26.19,23575,9,卖盘
266,09:43:22,26.19,26197,10,卖盘
267,09:43:25,26.19,41915,16,卖盘
268,09:43:31,26.2,7860,3,买盘
269,09:43:34,26.2,191222,73,买盘
270,09:43:37,26.2,419075,160,买盘
271,09:43:40,26.2,128387,49,卖盘
272,09:43:43,26.21,15726,6,买盘
273,09:43:46,26.22,7865,3,买盘
274,09:43:49,26.21,138913,53,卖盘
275,09:43:52,26.22,57659,22,买盘
276,09:43:55,26.22,89148,34,买盘
277,09:43:58,26.21,20974,8,卖盘
278,09:44:04,26.22,55063,21,卖盘
279,09:44:07,26.22,39330,15,卖盘
280,09:44:10,26.22,104880,40,卖盘
281,09:44:13,26.23,62931,24,买盘
282,09:44:16,26.19,1819297,694,卖盘
283,09:44:19,26.2,75970,29,买盘
284,09:44:22,26.2,55019,21,买盘
285,09:44:25,26.23,2248009,858,买盘
286,09:44:28,26.23,3525996,1346,卖盘
287,09:44:31,26.24,5248,2,买盘
288,09:44:37,26.24,125948,48,买盘
289,09:44:40,26.25,139109,53,买盘
290,09:44:43,26.25,26250,10,卖盘
291,09:44:46,26.24,154864,59,卖盘
292,09:44:49,26.24,120704,46,卖盘
293,09:44:52,26.22,60325,23,卖盘
294,09:44:55,26.23,13115,5,买盘
295,09:44:58,26.22,55062,21,卖盘
296,09:45:01,26.2,81247,31,卖盘
297,09:45:04,26.2,36681,14,卖盘
298,09:45:07,26.2,13103,5,卖盘
299,09:45:10,26.2,345846,132,卖盘
300,09:45:13,26.2,28820,11,买盘
301,09:45:19,26.19,10476,4,卖盘
302,09:45:22,26.19,20957,8,卖盘
303,09:45:25,26.19,120474,46,卖盘
304,09:45:28,26.2,39300,15,买盘
305,09:45:31,26.19,26194,10,卖盘
306,09:45:34,26.2,55020,21,买盘
307,09:45:37,26.2,209532,80,买盘
308,09:45:40,26.2,75959,29,买盘
309,09:45:43,26.2,23580,9,卖盘
310,09:45:46,26.2,26200,10,买盘
311,09:45:49,26.19,55019,21,卖盘
312,09:45:52,26.19,392721,150,卖盘
313,09:45:55,26.2,180712,69,买盘
314,09:45:58,26.18,178051,68,卖盘
315,09:46:01,26.18,2618,1,买盘
316,09:46:04,26.17,47107,18,卖盘
317,09:46:07,26.17,183219,70,卖盘
318,09:46:10,26.18,5235,2,买盘
319,09:46:13,26.18,60210,23,买盘
320,09:46:16,26.18,73317,28,卖盘
321,09:46:19,26.18,70711,27,卖盘
322,09:46:25,26.19,130946,50,买盘
323,09:46:28,26.19,418882,160,卖盘
324,09:46:31,26.18,15713,6,卖盘
325,09:46:34,26.18,18326,7,买盘
326,09:46:37,26.2,125728,48,买盘
327,09:46:40,26.19,219864,84,买盘
328,09:46:43,26.19,36653,14,买盘
329,09:46:46,26.19,91649,35,买盘
330,09:46:49,26.19,2619,1,买盘
331,09:46:55,26.19,130948,50,买盘
332,09:46:58,26.19,18333,7,买盘
333,09:47:04,26.2,146702,56,买盘
334,09:47:07,26.21,812295,310,买盘
335,09:47:10,26.22,5244,2,买盘
336,09:47:13,26.21,18351,7,卖盘
337,09:47:16,26.22,18354,7,买盘
338,09:47:19,26.2,220227,84,卖盘
339,09:47:22,26.21,10484,4,中性盘
340,09:47:25,26.21,5242,2,中性盘
341,09:47:28,26.21,36683,14,买盘
342,09:47:31,26.2,57667,22,卖盘
343,09:47:34,26.21,7862,3,买盘
344,09:47:37,26.2,49786,19,卖盘
345,09:47:40,26.21,44557,17,买盘
346,09:47:43,26.2,7860,3,卖盘
347,09:47:46,26.2,7861,3,卖盘
348,09:47:52,26.2,125770,48,卖盘
349,09:47:55,26.2,18342,7,卖盘
350,09:47:58,26.21,2621,1,买盘
351,09:48:01,26.21,39301,15,买盘
352,09:48:04,26.21,26205,10,买盘
353,09:48:07,26.2,70760,27,卖盘
354,09:48:10,26.2,212220,81,卖盘
355,09:48:13,26.2,31432,12,买盘
356,09:48:16,26.2,73341,28,买盘
357,09:48:19,26.19,81189,31,卖盘
358,09:48:22,26.19,47138,18,买盘
359,09:48:28,26.18,13090,5,卖盘
360,09:48:31,26.19,15710,6,买盘
361,09:48:34,26.19,26186,10,买盘
362,09:48:37,26.18,10472,4,卖盘
363,09:48:40,26.19,39281,15,买盘
364,09:48:43,26.18,47133,18,卖盘
365,09:48:46,26.19,167617,64,买盘
366,09:48:49,26.19,144020,55,卖盘
367,09:48:52,26.18,125710,48,卖盘
368,09:48:55,26.18,44521,17,卖盘
369,09:48:58,26.18,70697,27,卖盘
370,09:49:01,26.19,62852,24,买盘
371,09:49:04,26.2,204284,78,买盘
372,09:49:07,26.19,120474,46,卖盘
373,09:49:10,26.19,13095,5,卖盘
374,09:49:13,26.19,5239,2,卖盘
375,09:49:16,26.19,243567,93,卖盘
376,09:49:19,26.19,34042,13,买盘
377,09:49:22,26.19,2619,1,买盘
378,09:49:25,26.19,31428,12,买盘
379,09:49:28,26.19,31428,12,买盘
380,09:49:31,26.19,2619,1,卖盘
381,09:49:34,26.19,44524,17,卖盘
382,09:49:37,26.19,5238,2,卖盘
383,09:49:40,26.19,73352,28,卖盘
384,09:49:43,26.2,2620,1,买盘
385,09:49:46,26.19,5238,2,卖盘
386,09:49:49,26.19,23576,9,卖盘
387,09:49:52,26.2,70720,27,买盘
388,09:49:55,26.19,31429,12,卖盘
389,09:49:58,26.19,18334,7,卖盘
390,09:50:01,26.19,157140,60,卖盘
391,09:50:04,26.19,290721,111,买盘
392,09:50:07,26.18,10472,4,卖盘
393,09:50:10,26.18,18326,7,卖盘
394,09:50:13,26.19,26190,10,买盘
395,09:50:16,26.19,36658,14,买盘
396,09:50:19,26.19,36666,14,买盘
397,09:50:22,26.18,130941,50,卖盘
398,09:50:25,26.2,1197341,457,买盘
399,09:50:28,26.2,131043,50,卖盘
400,09:50:31,26.21,28831,11,买盘
401,09:50:34,26.21,13104,5,买盘
402,09:50:37,26.21,18347,7,买盘
403,09:50:40,26.21,60264,23,买盘
404,09:50:43,26.21,2621,1,买盘
405,09:50:46,26.22,117978,45,买盘
406,09:50:49,26.23,5246,2,买盘
407,09:50:55,26.23,262300,100,买盘
408,09:50:58,26.23,107543,41,卖盘
409,09:51:01,26.24,41984,16,买盘
410,09:51:04,26.25,131250,50,买盘
411,09:51:07,26.25,152240,58,买盘
412,09:51:10,26.25,34115,13,买盘
413,09:51:13,26.24,139109,53,卖盘
414,09:51:16,26.26,275659,105,买盘
415,09:51:19,26.27,175962,67,买盘
416,09:51:22,26.28,57815,22,买盘
417,09:51:25,26.26,131300,50,卖盘
418,09:51:28,26.27,21019,8,卖盘
419,09:51:31,26.28,149796,57,买盘
420,09:51:34,26.27,596333,227,卖盘
421,09:51:37,26.27,131341,50,买盘
422,09:51:40,26.26,13130,5,卖盘
423,09:51:43,26.27,26267,10,买盘
424,09:51:46,26.27,5254,2,买盘
425,09:51:49,26.26,60398,23,卖盘
426,09:51:52,26.27,112961,43,买盘
427,09:51:55,26.27,31525,12,卖盘
428,09:51:58,26.28,15768,6,买盘
429,09:52:01,26.28,102487,39,买盘
430,09:52:04,26.28,131398,50,买盘
431,09:52:07,26.27,55168,21,卖盘
432,09:52:10,26.28,55188,21,买盘
433,09:52:13,26.29,86733,33,买盘
434,09:52:16,26.28,73584,28,卖盘
435,09:52:22,26.29,28916,11,买盘
436,09:52:25,26.3,2345678,892,买盘
437,09:52:28,26.31,205218,78,买盘
438,09:52:31,26.31,63144,24,卖盘
439,09:52:34,26.31,36839,14,卖盘
440,09:52:37,26.32,73694,28,买盘
441,09:52:40,26.32,94740,36,买盘
442,09:52:43,26.31,236791,90,卖盘
443,09:52:46,26.32,178968,68,买盘
444,09:52:49,26.32,444808,169,买盘
445,09:52:52,26.32,663621,252,卖盘
446,09:52:55,26.33,28963,11,买盘
447,09:52:58,26.33,186938,71,买盘
448,09:53:01,26.32,273768,104,卖盘
449,09:53:04,26.33,60559,23,买盘
450,09:53:07,26.28,2534378,963,卖盘
451,09:53:10,26.28,126170,48,卖盘
452,09:53:13,26.3,178800,68,买盘
453,09:53:16,26.3,318028,121,卖盘
454,09:53:19,26.31,7893,3,买盘
455,09:53:22,26.31,126287,48,买盘
456,09:53:25,26.31,102606,39,买盘
457,09:53:28,26.31,49989,19,买盘
458,09:53:31,26.3,373461,142,卖盘
459,09:53:34,26.3,89412,34,买盘
460,09:53:37,26.3,312960,119,买盘
461,09:53:40,26.3,34186,13,买盘
462,09:53:43,26.3,1359301,517,买盘
463,09:53:46,26.3,307615,117,买盘
464,09:53:49,26.3,752180,286,买盘
465,09:53:52,26.3,260370,99,买盘
466,09:53:55,26.3,76278,29,卖盘
467,09:53:58,26.3,2630,1,卖盘
468,09:54:01,26.3,15780,6,卖盘
469,09:54:04,26.31,7892,3,买盘
470,09:54:07,26.31,260468,99,买盘
471,09:54:10,26.3,560210,213,卖盘
472,09:54:13,26.31,147286,56,买盘
473,09:54:16,26.31,49977,19,买盘
474,09:54:19,26.31,342030,130,买盘
475,09:54:22,26.31,139428,53,中性盘
476,09:54:25,26.31,76300,29,卖盘
477,09:54:28,26.31,57889,22,卖盘
478,09:54:31,26.31,176286,67,买盘
479,09:54:34,26.32,31573,12,买盘
480,09:54:37,26.32,28942,11,买盘
481,09:54:40,26.31,28945,11,卖盘
482,09:54:43,26.32,107907,41,买盘
483,09:54:46,26.32,97365,37,买盘
484,09:54:49,26.32,139467,53,买盘
485,09:54:52,26.31,68408,26,卖盘
486,09:54:55,26.32,128941,49,买盘
487,09:54:58,26.31,142093,54,卖盘
488,09:55:01,26.31,350025,133,卖盘
489,09:55:04,26.31,139453,53,买盘
490,09:55:07,26.31,13155,5,卖盘
491,09:55:10,26.31,457819,174,卖盘
492,09:55:13,26.32,73676,28,买盘
493,09:55:16,26.32,52630,20,买盘
494,09:55:19,26.32,28947,11,买盘
495,09:55:22,26.32,15792,6,买盘
496,09:55:25,26.31,186857,71,卖盘
497,09:55:31,26.32,115801,44,买盘
498,09:55:34,26.31,178921,68,卖盘
499,09:55:37,26.32,10528,4,买盘
500,09:55:40,26.31,68406,26,卖盘
501,09:55:43,26.32,78956,30,买盘
502,09:55:46,26.32,113154,43,买盘
503,09:55:49,26.32,34206,13,买盘
504,09:55:52,26.31,521061,198,卖盘
505,09:55:55,26.32,49995,19,买盘
506,09:55:58,26.31,197386,75,卖盘
507,09:56:01,26.31,65779,25,卖盘
508,09:56:04,26.32,34211,13,买盘
509,09:56:07,26.31,799686,304,卖盘
510,09:56:10,26.31,286779,109,卖盘
511,09:56:13,26.31,297295,113,卖盘
512,09:56:16,26.32,1244565,473,买盘
513,09:56:19,26.29,49965,19,卖盘
514,09:56:22,26.3,44711,17,中性盘
515,09:56:25,26.31,202585,77,买盘
516,09:56:28,26.31,63134,24,买盘
517,09:56:31,26.31,2631,1,买盘
518,09:56:34,26.31,118375,45,买盘
519,09:56:37,26.3,60498,23,卖盘
520,09:56:40,26.31,36834,14,买盘
521,09:56:43,26.31,410282,156,买盘
522,09:56:46,26.31,710148,270,买盘
523,09:56:49,26.3,394500,150,卖盘
524,09:56:52,26.3,147259,56,买盘
525,09:56:55,26.29,78891,30,卖盘
526,09:57:01,26.29,13145,5,卖盘
527,09:57:04,26.29,257643,98,卖盘
528,09:57:07,26.29,441822,168,卖盘
529,09:57:10,26.28,880710,335,卖盘
530,09:57:13,26.3,65740,25,买盘
531,09:57:16,26.3,52586,20,买盘
532,09:57:19,26.29,70987,27,卖盘
533,09:57:22,26.3,134124,51,买盘
534,09:57:25,26.3,23670,9,买盘
535,09:57:28,26.3,28930,11,买盘
536,09:57:31,26.29,107798,41,卖盘
537,09:57:34,26.29,210323,80,卖盘
538,09:57:37,26.29,36806,14,卖盘
539,09:57:40,26.29,36809,14,卖盘
540,09:57:43,26.29,26290,10,卖盘
541,09:57:46,26.3,39444,15,买盘
542,09:57:52,26.3,105189,40,买盘
543,09:57:55,26.29,297077,113,卖盘
544,09:57:58,26.28,21024,8,卖盘
545,09:58:01,26.28,26280,10,卖盘
546,09:58:04,26.28,31537,12,卖盘
547,09:58:07,26.29,86754,33,买盘
548,09:58:10,26.28,144540,55,卖盘
549,09:58:13,26.29,28909,11,买盘
550,09:58:16,26.28,42054,16,卖盘
551,09:58:19,26.28,81475,31,卖盘
552,09:58:22,26.28,63073,24,卖盘
553,09:58:25,26.29,139326,53,买盘
554,09:58:28,26.28,28913,11,卖盘
555,09:58:31,26.28,528229,201,卖盘
556,09:58:34,26.28,49933,19,卖盘
557,09:58:37,26.28,44676,17,卖盘
558,09:58:40,26.27,31524,12,卖盘
559,09:58:43,26.28,76212,29,买盘
560,09:58:46,26.27,204906,78,卖盘
561,09:58:49,26.27,89325,34,卖盘
562,09:58:52,26.27,13135,5,卖盘
563,09:58:55,26.27,91945,35,卖盘
564,09:58:58,26.27,126116,48,卖盘
565,09:59:01,26.26,141837,54,卖盘
566,09:59:04,26.26,530420,202,卖盘
567,09:59:07,26.24,270376,103,卖盘
568,09:59:13,26.24,34112,13,卖盘
569,09:59:16,26.24,65583,25,买盘
570,09:59:19,26.22,86530,33,卖盘
571,09:59:22,26.22,228114,87,买盘
572,09:59:25,26.24,76061,29,买盘
573,09:59:28,26.22,97034,37,卖盘
574,09:59:31,26.24,47224,18,买盘
575,09:59:34,26.24,41958,16,买盘
576,09:59:37,26.22,78660,30,卖盘
577,09:59:40,26.21,107469,41,卖盘
578,09:59:43,26.23,83930,32,买盘
579,09:59:46,26.24,133804,51,买盘
580,09:59:49,26.22,70789,27,卖盘
581,09:59:52,26.22,99646,38,买盘
582,09:59:55,26.23,5246,2,买盘
583,09:59:58,26.23,2623,1,买盘
584,10:00:01,26.22,86526,33,卖盘
585,10:00:04,26.22,39327,15,买盘
586,10:00:07,26.22,10486,4,买盘
587,10:00:10,26.21,47178,18,卖盘
588,10:00:13,26.21,230653,88,卖盘
589,10:00:16,26.21,233270,89,卖盘
590,10:00:19,26.21,96967,37,中性盘
591,10:00:22,26.21,269875,103,卖盘
592,10:00:25,26.21,31453,12,卖盘
593,10:00:28,26.21,13105,5,卖盘
594,10:00:31,26.21,94356,36,卖盘
595,10:00:34,26.21,62904,24,买盘
596,10:00:37,26.2,146747,56,卖盘
597,10:00:40,26.21,73381,28,买盘
598,10:00:43,26.2,94333,36,卖盘
599,10:00:46,26.21,262003,100,买盘
600,10:00:49,26.2,52409,20,卖盘
601,10:00:52,26.2,13100,5,卖盘
602,10:00:55,26.2,68121,26,卖盘
603,10:00:58,26.21,49787,19,买盘
604,10:01:01,26.2,49782,19,卖盘
605,10:01:04,26.21,57642,22,买盘
606,10:01:07,26.21,15726,6,买盘
607,10:01:10,26.21,60266,23,买盘
608,10:01:13,26.2,2620,1,卖盘
609,10:01:16,26.21,83872,32,买盘
610,10:01:19,26.21,102219,39,买盘
611,10:01:22,26.21,7863,3,卖盘
612,10:01:25,26.22,39316,15,买盘
613,10:01:28,26.22,20976,8,买盘
614,10:01:31,26.22,31462,12,买盘
615,10:01:34,26.22,23590,9,买盘
616,10:01:37,26.22,13109,5,买盘
617,10:01:40,26.22,117936,45,买盘
618,10:01:43,26.21,15726,6,中性盘
619,10:01:46,26.22,7865,3,买盘
620,10:01:49,26.21,28834,11,卖盘
621,10:01:55,26.21,41924,16,买盘
622,10:01:58,26.21,28826,11,买盘
623,10:02:01,26.2,47170,18,卖盘
624,10:02:04,26.21,28830,11,买盘
625,10:02:07,26.2,23585,9,卖盘
626,10:02:10,26.21,23589,9,买盘
627,10:02:13,26.21,7861,3,买盘
628,10:02:16,26.2,20960,8,卖盘
629,10:02:19,26.21,65510,25,买盘
630,10:02:25,26.2,225345,86,卖盘
631,10:02:28,26.2,44543,17,卖盘
632,10:02:31,26.2,151960,58,卖盘
633,10:02:37,26.2,31440,12,卖盘
634,10:02:40,26.2,52405,20,卖盘
635,10:02:43,26.2,2620,1,卖盘
636,10:02:46,26.2,57649,22,卖盘
637,10:02:49,26.2,34060,13,卖盘
638,10:02:52,26.2,41920,16,卖盘
639,10:02:55,26.21,57642,22,买盘
640,10:02:58,26.21,172921,66,买盘
641,10:03:01,26.2,36680,14,卖盘
642,10:03:04,26.2,31447,12,卖盘
643,10:03:07,26.2,262082,100,卖盘
644,10:03:10,26.21,39315,15,买盘
645,10:03:13,26.2,57640,22,卖盘
646,10:03:16,26.21,86493,33,买盘
647,10:03:19,26.21,117943,45,买盘
648,10:03:22,26.21,18347,7,买盘
649,10:03:25,26.21,2621,1,买盘
650,10:03:28,26.21,78630,30,买盘
651,10:03:31,26.21,20968,8,买盘
652,10:03:34,26.21,7861,3,买盘
653,10:03:37,26.21,31441,12,买盘
654,10:03:40,26.21,57662,22,买盘
655,10:03:43,26.2,39300,15,卖盘
656,10:03:46,26.2,70741,27,卖盘
657,10:03:49,26.2,44553,17,卖盘
658,10:03:52,26.2,317039,121,卖盘
659,10:03:55,26.21,7863,3,买盘
660,10:03:58,26.2,55033,21,卖盘
661,10:04:01,26.21,123145,47,买盘
662,10:04:04,26.21,28831,11,买盘
663,10:04:07,26.2,20960,8,卖盘
664,10:04:10,26.2,68130,26,卖盘
665,10:04:13,26.21,28831,11,买盘
666,10:04:16,26.21,96969,37,买盘
667,10:04:19,26.21,39315,15,卖盘
668,10:04:22,26.22,23598,9,买盘
669,10:04:25,26.21,18348,7,卖盘
670,10:04:28,26.21,157318,60,卖盘
671,10:04:31,26.21,44560,17,卖盘
672,10:04:34,26.22,55048,21,买盘
673,10:04:37,26.22,141581,54,买盘
674,10:04:40,26.22,225483,86,买盘
675,10:04:46,26.23,13113,5,买盘
676,10:04:49,26.22,13110,5,卖盘
677,10:04:52,26.23,44579,17,买盘
678,10:04:55,26.23,41956,16,买盘
679,10:04:58,26.23,31474,12,买盘
680,10:05:01,26.23,31467,12,买盘
681,10:05:04,26.23,191467,73,买盘
682,10:05:07,26.23,23608,9,中性盘
683,10:05:10,26.23,65607,25,卖盘
684,10:05:13,26.24,26238,10,买盘
685,10:05:16,26.24,26236,10,买盘
686,10:05:22,26.23,474764,181,卖盘
687,10:05:25,26.22,57689,22,卖盘
688,10:05:28,26.22,18354,7,卖盘
689,10:05:31,26.22,23598,9,卖盘
690,10:05:34,26.23,2623,1,买盘
691,10:05:37,26.22,207141,79,卖盘
692,10:05:40,26.21,31455,12,卖盘
693,10:05:43,26.21,73405,28,卖盘
694,10:05:46,26.22,102258,39,买盘
695,10:05:49,26.21,20968,8,卖盘
696,10:05:52,26.21,110087,42,卖盘
697,10:05:55,26.21,26211,10,卖盘
698,10:05:58,26.22,2622,1,买盘
699,10:06:01,26.22,15732,6,买盘
700,10:06:04,26.22,70769,27,买盘
701,10:06:07,26.21,55042,21,卖盘
702,10:06:13,26.21,39315,15,卖盘
703,10:06:16,26.21,23597,9,卖盘
704,10:06:19,26.22,55048,21,买盘
705,10:06:22,26.22,28838,11,买盘
706,10:06:25,26.21,23589,9,卖盘
707,10:06:28,26.21,49799,19,卖盘
708,10:06:34,26.21,319762,122,卖盘
709,10:06:37,26.2,31443,12,卖盘
710,10:06:40,26.21,275205,105,买盘
711,10:06:43,26.2,5240,2,卖盘
712,10:06:46,26.2,28821,11,卖盘
713,10:06:49,26.21,49789,19,买盘
714,10:06:55,26.21,68124,26,买盘
715,10:06:58,26.21,34073,13,买盘
716,10:07:01,26.21,36693,14,买盘
717,10:07:07,26.19,1289008,492,卖盘
718,10:07:10,26.19,28809,11,卖盘
719,10:07:13,26.19,641662,245,卖盘
720,10:07:16,26.19,628564,240,卖盘
721,10:07:19,26.19,34041,13,卖盘
722,10:07:22,26.18,23562,9,卖盘
723,10:07:25,26.18,57597,22,卖盘
724,10:07:28,26.18,185890,71,卖盘
725,10:07:31,26.18,1117887,427,卖盘
726,10:07:34,26.15,3411068,1304,卖盘
727,10:07:37,26.15,109811,42,买盘
728,10:07:40,26.15,36602,14,买盘
729,10:07:43,26.15,1089916,417,买盘
730,10:07:46,26.16,203928,78,买盘
731,10:07:49,26.16,13077,5,买盘
732,10:07:52,26.15,15691,6,卖盘
733,10:07:55,26.15,156888,60,卖盘
734,10:07:58,26.14,5228,2,卖盘
735,10:08:01,26.15,96730,37,买盘
736,10:08:04,26.15,83667,32,买盘
737,10:08:07,26.14,585541,224,卖盘
738,10:08:10,26.14,54905,21,卖盘
739,10:08:13,26.14,169910,65,卖盘
740,10:08:16,26.14,292860,112,卖盘
741,10:08:19,26.14,33983,13,卖盘
742,10:08:22,26.14,62752,24,卖盘
743,10:08:25,26.14,138550,53,卖盘
744,10:08:28,26.15,49671,19,买盘
745,10:08:31,26.15,57524,22,买盘
746,10:08:34,26.14,146430,56,卖盘
747,10:08:37,26.15,18301,7,买盘
748,10:08:40,26.14,39210,15,卖盘
749,10:08:43,26.14,149006,57,卖盘
750,10:08:46,26.14,101960,39,卖盘
751,10:08:49,26.14,41824,16,卖盘
752,10:08:52,26.14,167302,64,卖盘
753,10:08:55,26.15,28755,11,买盘
754,10:08:58,26.15,78430,30,买盘
755,10:09:01,26.14,661129,253,卖盘
756,10:09:04,26.12,177681,68,卖盘
757,10:09:07,26.12,352621,135,卖盘
758,10:09:10,26.13,441461,169,买盘
759,10:09:13,26.13,57475,22,买盘
760,10:09:16,26.12,156708,60,卖盘
761,10:09:19,26.12,65301,25,卖盘
762,10:09:22,26.11,141053,54,卖盘
763,10:09:25,26.13,266403,102,买盘
764,10:09:28,26.13,20898,8,买盘
765,10:09:31,26.14,164637,63,买盘
766,10:09:34,26.14,182913,70,买盘
767,10:09:37,26.13,104483,40,中性盘
768,10:09:40,26.13,2613,1,买盘
769,10:09:43,26.12,582480,223,卖盘
770,10:09:46,26.12,49633,19,卖盘
771,10:09:52,26.12,182854,70,卖盘
772,10:09:55,26.13,28738,11,中性盘
773,10:09:58,26.15,62723,24,买盘
774,10:10:01,26.13,31356,12,卖盘
775,10:10:04,26.13,70551,27,卖盘
776,10:10:07,26.15,143709,55,买盘
777,10:10:10,26.13,57498,22,卖盘
778,10:10:13,26.15,2615,1,买盘
779,10:10:16,26.15,951840,364,买盘
780,10:10:19,26.15,81087,31,卖盘
781,10:10:22,26.16,394817,151,买盘
782,10:10:25,26.16,5232,2,卖盘
783,10:10:28,26.16,13082,5,卖盘
784,10:10:31,26.17,44488,17,买盘
785,10:10:34,26.18,104683,40,买盘
786,10:10:37,26.18,31407,12,买盘
787,10:10:40,26.19,5238,2,买盘
788,10:10:43,26.18,7854,3,卖盘
789,10:10:46,26.19,5238,2,买盘
790,10:10:49,26.18,26189,10,卖盘
791,10:10:52,26.19,15714,6,卖盘
792,10:10:55,26.19,70707,27,卖盘
793,10:11:01,26.18,5237,2,卖盘
794,10:11:07,26.19,172854,66,买盘
795,10:11:13,26.19,5238,2,买盘
796,10:11:16,26.19,26190,10,买盘
797,10:11:19,26.18,259240,99,卖盘
798,10:11:25,26.17,52341,20,卖盘
799,10:11:28,26.18,264494,101,买盘
800,10:11:37,26.18,125664,48,买盘
801,10:11:40,26.18,164931,63,卖盘
802,10:11:43,26.18,41888,16,买盘
803,10:11:46,26.18,41888,16,买盘
804,10:11:49,26.18,5236,2,卖盘
805,10:11:52,26.2,28803,11,买盘
806,10:11:55,26.19,15714,6,卖盘
807,10:11:58,26.19,39285,15,卖盘
808,10:12:04,26.19,2619,1,买盘
809,10:12:07,26.19,5238,2,买盘
810,10:12:10,26.19,65455,25,买盘
811,10:12:13,26.19,10476,4,买盘
812,10:12:16,26.19,13092,5,买盘
813,10:12:22,26.18,52360,20,卖盘
814,10:12:25,26.19,18330,7,买盘
815,10:12:28,26.19,2619,1,买盘
816,10:12:31,26.19,28809,11,买盘
817,10:12:34,26.18,47131,18,卖盘
818,10:12:37,26.19,13095,5,买盘
819,10:12:40,26.16,256497,98,卖盘
820,10:12:43,26.19,91665,35,买盘
821,10:12:46,26.2,2620,1,买盘
822,10:12:49,26.19,20952,8,卖盘
823,10:12:52,26.19,7859,3,卖盘
824,10:12:55,26.19,104783,40,卖盘
825,10:12:58,26.18,36660,14,卖盘
826,10:13:01,26.19,112617,43,买盘
827,10:13:04,26.2,2258368,862,买盘
828,10:13:07,26.23,26216,10,买盘
829,10:13:10,26.22,141552,54,卖盘
830,10:13:19,26.22,91770,35,卖盘
831,10:13:22,26.23,2623,1,买盘
832,10:13:25,26.23,7869,3,买盘
833,10:13:28,26.23,2623,1,买盘
834,10:13:31,26.22,39335,15,卖盘
835,10:13:34,26.23,5246,2,买盘
836,10:13:37,26.23,312137,119,买盘
837,10:13:40,26.23,128507,49,买盘
838,10:13:43,26.22,18360,7,卖盘
839,10:13:46,26.23,2623,1,买盘
840,10:13:49,26.23,165234,63,买盘
841,10:13:52,26.23,34099,13,中性盘
842,10:13:55,26.22,5245,2,卖盘
843,10:13:58,26.22,49818,19,卖盘
844,10:14:01,26.22,65559,25,买盘
845,10:14:04,26.21,31458,12,卖盘
846,10:14:07,26.2,20960,8,卖盘
847,10:14:10,26.2,44542,17,卖盘
848,10:14:16,26.2,10480,4,买盘
849,10:14:19,26.2,550000,210,买盘
850,10:14:22,26.2,75977,29,买盘
851,10:14:25,26.22,89082,34,买盘
852,10:14:28,26.2,18340,7,卖盘
853,10:14:31,26.22,13110,5,买盘
854,10:14:34,26.22,5244,2,买盘
855,10:14:37,26.22,5244,2,卖盘
856,10:14:40,26.22,7866,3,卖盘
857,10:14:43,26.23,31476,12,买盘
858,10:14:46,26.22,89148,34,卖盘
859,10:14:49,26.2,34070,13,卖盘
860,10:14:52,26.22,2622,1,买盘
861,10:14:55,26.22,13106,5,买盘
862,10:15:01,26.22,149453,57,买盘
863,10:15:04,26.23,10489,4,买盘
864,10:15:10,26.22,13114,5,中性盘
865,10:15:13,26.21,165150,63,卖盘
866,10:15:16,26.21,123207,47,卖盘
867,10:15:19,26.22,57669,22,买盘
868,10:15:22,26.22,5244,2,买盘
869,10:15:25,26.22,23598,9,买盘
870,10:15:28,26.22,20976,8,买盘
871,10:15:31,26.22,107485,41,买盘
872,10:15:34,26.22,15732,6,卖盘
873,10:15:37,26.21,676531,258,卖盘
874,10:15:40,26.23,47207,18,中性盘
875,10:15:43,26.23,2623,1,买盘
876,10:15:46,26.23,70821,27,买盘
877,10:15:49,26.22,120612,46,卖盘
878,10:15:52,26.23,68198,26,买盘
879,10:15:55,26.23,34095,13,买盘
880,10:15:58,26.22,15733,6,卖盘
881,10:16:01,26.22,28846,11,卖盘
882,10:16:04,26.23,102297,39,买盘
883,10:16:07,26.23,28855,11,卖盘
884,10:16:10,26.23,5246,2,中性盘
885,10:16:13,26.23,23604,9,买盘
886,10:16:16,26.22,10490,4,卖盘
887,10:16:19,26.23,44591,17,买盘
888,10:16:22,26.22,78660,30,卖盘
889,10:16:25,26.22,243854,93,卖盘
890,10:16:28,26.21,131048,50,卖盘
891,10:16:31,26.21,44552,17,买盘
892,10:16:34,26.21,47178,18,买盘
893,10:16:37,26.2,28821,11,卖盘
894,10:16:40,26.2,31446,12,卖盘
895,10:16:43,26.2,23580,9,卖盘
896,10:16:46,26.21,2621,1,买盘
897,10:16:49,26.21,175543,67,买盘
898,10:16:52,26.2,186087,71,卖盘
899,10:16:55,26.21,26210,10,买盘
900,10:16:58,26.21,86493,33,买盘
901,10:17:04,26.21,474542,181,卖盘
902,10:17:07,26.22,44573,17,买盘
903,10:17:10,26.22,23598,9,买盘
904,10:17:13,26.21,91753,35,卖盘
905,10:17:16,26.21,31457,12,卖盘
906,10:17:19,26.21,110086,42,卖盘
907,10:17:25,26.21,62905,24,卖盘
908,10:17:28,26.22,5244,2,买盘
909,10:17:31,26.21,70774,27,卖盘
910,10:17:34,26.21,180849,69,卖盘
911,10:17:37,26.21,39322,15,卖盘
912,10:17:40,26.22,571579,218,买盘
913,10:17:43,26.21,89128,34,卖盘
914,10:17:46,26.21,44558,17,卖盘
915,10:17:49,26.21,34073,13,卖盘
916,10:17:52,26.21,47179,18,卖盘
917,10:17:55,26.21,31462,12,卖盘
918,10:18:01,26.21,154639,59,卖盘
919,10:18:04,26.22,73389,28,买盘
920,10:18:10,26.21,70767,27,卖盘
921,10:18:16,26.2,256762,98,卖盘
922,10:18:19,26.19,178159,68,卖盘
923,10:18:22,26.19,15714,6,卖盘
924,10:18:25,26.2,60239,23,买盘
925,10:18:28,26.19,52380,20,卖盘
926,10:18:31,26.19,44523,17,卖盘
927,10:18:34,26.2,15720,6,买盘
928,10:18:37,26.19,57619,22,卖盘
929,10:18:40,26.2,264520,101,买盘
930,10:18:43,26.19,34047,13,卖盘
931,10:18:46,26.19,68074,26,买盘
932,10:18:49,26.19,78570,30,买盘
933,10:18:52,26.18,94276,36,卖盘
934,10:18:55,26.18,52374,20,买盘
935,10:18:58,26.18,18326,7,买盘
936,10:19:01,26.18,690943,264,买盘
937,10:19:04,26.18,672613,257,买盘
938,10:19:07,26.17,227746,87,卖盘
939,10:19:10,26.17,26170,10,卖盘
940,10:19:13,26.19,7855,3,买盘
941,10:19:16,26.17,44505,17,卖盘
942,10:19:19,26.17,52342,20,卖盘
943,10:19:22,26.17,86351,33,买盘
944,10:19:25,26.17,23551,9,买盘
945,10:19:31,26.17,13085,5,买盘
946,10:19:34,26.16,49704,19,卖盘
947,10:19:37,26.17,28787,11,买盘
948,10:19:40,26.17,49705,19,买盘
949,10:19:43,26.16,39243,15,卖盘
950,10:19:46,26.16,91561,35,卖盘
951,10:19:49,26.16,138648,53,卖盘
952,10:19:52,26.16,47088,18,卖盘
953,10:19:55,26.15,28765,11,卖盘
954,10:19:58,26.15,52307,20,卖盘
955,10:20:01,26.15,57548,22,卖盘
956,10:20:04,26.16,373977,143,买盘
957,10:20:07,26.15,94164,36,卖盘
958,10:20:10,26.16,2616,1,买盘
959,10:20:13,26.16,219752,84,买盘
960,10:20:16,26.18,18324,7,买盘
961,10:20:19,26.2,13095,5,买盘
962,10:20:22,26.18,15716,6,卖盘
963,10:20:25,26.19,34047,13,买盘
964,10:20:28,26.19,7857,3,买盘
965,10:20:31,26.19,54999,21,买盘
966,10:20:34,26.19,52380,20,买盘
967,10:20:37,26.19,36666,14,买盘
968,10:20:40,26.19,10476,4,买盘
969,10:20:43,26.18,115195,44,卖盘
970,10:20:46,26.2,83809,32,买盘
971,10:20:49,26.19,5238,2,卖盘
972,10:20:55,26.2,15720,6,买盘
973,10:21:04,26.2,1050079,401,买盘
974,10:21:07,26.2,220027,84,买盘
975,10:21:10,26.2,7858,3,买盘
976,10:21:13,26.19,7857,3,卖盘
977,10:21:16,26.19,57629,22,卖盘
978,10:21:19,26.19,83806,32,卖盘
979,10:21:22,26.17,44504,17,卖盘
980,10:21:25,26.17,10468,4,卖盘
981,10:21:28,26.18,75901,29,买盘
982,10:21:34,26.17,70659,27,卖盘
983,10:21:37,26.17,238148,91,卖盘
984,10:21:40,26.16,70640,27,卖盘
985,10:21:46,26.16,141254,54,卖盘
986,10:21:52,26.16,67998,26,买盘
987,10:21:55,26.16,224976,86,买盘
988,10:21:58,26.17,2617,1,买盘
989,10:22:01,26.16,5141091,1968,卖盘
990,10:22:04,26.15,86295,33,中性盘
991,10:22:07,26.16,28766,11,买盘
992,10:22:10,26.17,1902128,727,买盘
993,10:22:13,26.15,784664,300,卖盘
994,10:22:16,26.19,96836,37,买盘
995,10:22:19,26.19,28809,11,买盘
996,10:22:22,26.19,7857,3,卖盘
997,10:22:25,26.19,5238,2,卖盘
998,10:22:28,26.2,31434,12,买盘
999,10:22:31,26.2,2620,1,买盘
1000,10:22:37,26.19,44523,17,卖盘
1001,10:22:43,26.19,52381,20,卖盘
1002,10:22:46,26.19,280233,107,卖盘
1003,10:22:49,26.18,10472,4,卖盘
1004,10:22:52,26.17,41872,16,卖盘
1005,10:22:55,26.17,47107,18,卖盘
1006,10:23:01,26.18,60197,23,中性盘
1007,10:23:04,26.17,151832,58,卖盘
1008,10:23:07,26.19,154503,59,买盘
1009,10:23:10,26.19,65475,25,买盘
1010,10:23:13,26.2,372077,142,买盘
1011,10:23:16,26.19,442751,169,卖盘
1012,10:23:22,26.21,65526,25,买盘
1013,10:23:25,26.21,5242,2,买盘
1014,10:23:31,26.2,13100,5,卖盘
1015,10:23:37,26.2,47161,18,卖盘
1016,10:23:43,26.2,2620,1,卖盘
1017,10:23:46,26.19,117865,45,卖盘
1018,10:23:49,26.2,18340,7,买盘
1019,10:23:52,26.2,225326,86,买盘
1020,10:23:55,26.21,23581,9,买盘
1021,10:24:01,26.2,34060,13,卖盘
1022,10:24:04,26.2,81248,31,卖盘
1023,10:24:07,26.2,7861,3,卖盘
1024,10:24:10,26.21,36681,14,买盘
1025,10:24:13,26.21,380045,145,买盘
1026,10:24:16,26.22,246379,94,买盘
1027,10:24:19,26.22,2622,1,买盘
1028,10:24:22,26.22,15732,6,买盘
1029,10:24:28,26.22,385421,147,买盘
1030,10:24:31,26.22,7866,3,买盘
1031,10:24:34,26.22,31464,12,买盘
1032,10:24:37,26.23,10489,4,买盘
1033,10:24:43,26.23,2623,1,买盘
1034,10:24:46,26.22,692400,264,卖盘
1035,10:24:49,26.22,47198,18,中性盘
1036,10:24:52,26.22,862636,329,卖盘
1037,10:24:55,26.21,107463,41,卖盘
1038,10:25:01,26.22,91772,35,中性盘
1039,10:25:04,26.21,60285,23,卖盘
1040,10:25:07,26.21,47179,18,卖盘
1041,10:25:10,26.22,73392,28,买盘
1042,10:25:16,26.22,39316,15,买盘
1043,10:25:19,26.22,283073,108,买盘
1044,10:25:25,26.21,60283,23,卖盘
1045,10:25:28,26.22,5243,2,买盘
1046,10:25:31,26.22,159942,61,买盘
1047,10:25:40,26.22,68159,26,买盘
1048,10:25:46,26.22,199259,76,买盘
1049,10:25:49,26.22,5244,2,买盘
1050,10:25:55,26.22,52427,20,买盘
1051,10:25:58,26.22,83904,32,买盘
1052,10:26:01,26.21,23589,9,卖盘
1053,10:26:04,26.22,52440,20,买盘
1054,10:26:07,26.22,47180,18,买盘
1055,10:26:10,26.22,28841,11,买盘
1056,10:26:13,26.21,629040,240,卖盘
1057,10:26:16,26.2,44541,17,卖盘
1058,10:26:19,26.21,55028,21,买盘
1059,10:26:25,26.2,52400,20,卖盘
1060,10:26:28,26.2,81221,31,卖盘
1061,10:26:31,26.2,99552,38,买盘
1062,10:26:34,26.2,49780,19,买盘
1063,10:26:37,26.19,5239,2,卖盘
1064,10:26:40,26.2,68097,26,买盘
1065,10:26:43,26.19,20952,8,卖盘
1066,10:26:46,26.2,2620,1,买盘
1067,10:26:49,26.19,41904,16,卖盘
1068,10:26:52,26.19,60237,23,卖盘
1069,10:26:55,26.19,10476,4,卖盘
1070,10:26:58,26.2,83823,32,买盘
1071,10:27:01,26.2,2620,1,买盘
1072,10:27:07,26.2,55003,21,买盘
1073,10:27:10,26.19,5238,2,卖盘
1074,10:27:13,26.2,73342,28,买盘
1075,10:27:16,26.19,104770,40,卖盘
1076,10:27:19,26.2,20960,8,买盘
1077,10:27:22,26.21,220086,84,买盘
1078,10:27:25,26.21,2621,1,买盘
1079,10:27:28,26.21,13105,5,买盘
1080,10:27:31,26.21,225415,86,买盘
1081,10:27:34,26.21,81251,31,卖盘
1082,10:27:37,26.22,15732,6,买盘
1083,10:27:40,26.22,10488,4,买盘
1084,10:27:43,26.22,7866,3,买盘
1085,10:27:46,26.22,70772,27,买盘
1086,10:27:52,26.21,47178,18,卖盘
1087,10:27:55,26.21,107483,41,卖盘
1088,10:28:01,26.21,259479,99,卖盘
1089,10:28:04,26.22,13106,5,买盘
1090,10:28:07,26.22,31455,12,买盘
1091,10:28:10,26.22,68162,26,买盘
1092,10:28:13,26.21,10485,4,卖盘
1093,10:28:16,26.22,41943,16,买盘
1094,10:28:19,26.21,7863,3,卖盘
1095,10:28:22,26.22,49809,19,买盘
1096,10:28:25,26.21,70778,27,卖盘
1097,10:28:28,26.22,23598,9,买盘
1098,10:28:31,26.21,57668,22,卖盘
1099,10:28:34,26.23,818067,312,买盘
1100,10:28:37,26.23,673646,257,买盘
1101,10:28:40,26.23,2623,1,买盘
1102,10:28:43,26.23,99665,38,买盘
1103,10:28:46,26.23,20984,8,买盘
1104,10:28:49,26.23,7869,3,买盘
1105,10:28:52,26.23,270168,103,买盘
1106,10:28:55,26.23,13115,5,买盘
1107,10:29:01,26.23,703042,268,卖盘
1108,10:29:04,26.23,196831,75,卖盘
1109,10:29:07,26.23,60347,23,卖盘
1110,10:29:10,26.26,52520,20,买盘
1111,10:29:13,26.25,39376,15,中性盘
1112,10:29:16,26.25,28875,11,买盘
1113,10:29:19,26.25,70863,27,买盘
1114,10:29:22,26.25,13125,5,买盘
1115,10:29:25,26.25,5250,2,买盘
1116,10:29:28,26.26,55145,21,买盘
1117,10:29:31,26.26,5252,2,买盘
1118,10:29:34,26.26,55146,21,买盘
1119,10:29:37,26.26,63024,24,买盘
1120,10:29:40,26.26,68276,26,买盘
1121,10:29:43,26.26,47267,18,买盘
1122,10:29:46,26.26,42014,16,买盘
1123,10:29:49,26.26,86658,33,买盘
1124,10:29:52,26.26,60399,23,卖盘
1125,10:29:55,26.26,42016,16,卖盘
1126,10:29:58,26.27,2627,1,买盘
1127,10:30:01,26.27,65668,25,买盘
1128,10:30:04,26.26,10504,4,卖盘
1129,10:30:07,26.27,31524,12,买盘
1130,10:30:10,26.28,197099,75,买盘
1131,10:30:13,26.28,115624,44,卖盘
1132,10:30:16,26.29,436408,166,买盘
1133,10:30:19,26.28,260186,99,卖盘
1134,10:30:22,26.28,23652,9,买盘
1135,10:30:28,26.28,10512,4,买盘
1136,10:30:31,26.28,5256,2,买盘
1137,10:30:34,26.28,28908,11,卖盘
1138,10:30:37,26.28,97266,37,买盘
1139,10:30:40,26.28,26280,10,卖盘
1140,10:30:46,26.28,5256,2,买盘
1141,10:30:49,26.28,18396,7,中性盘
1142,10:30:55,26.29,15769,6,买盘
1143,10:30:58,26.29,57824,22,买盘
1144,10:31:01,26.29,73585,28,买盘
1145,10:31:04,26.29,105160,40,买盘
1146,10:31:07,26.29,2629,1,买盘
1147,10:31:10,26.29,13145,5,买盘
1148,10:31:13,26.28,70956,27,卖盘
1149,10:31:22,26.28,94608,36,买盘
1150,10:31:25,26.28,34164,13,买盘
1151,10:31:28,26.27,10509,4,卖盘
1152,10:31:31,26.28,52560,20,买盘
1153,10:31:34,26.27,39416,15,卖盘
1154,10:31:37,26.28,7884,3,买盘
1155,10:31:40,26.27,144535,55,卖盘
1156,10:31:43,26.28,218124,83,买盘
1157,10:31:46,26.28,28909,11,卖盘
1158,10:31:49,26.28,162937,62,卖盘
1159,10:31:52,26.28,5256,2,卖盘
1160,10:31:55,26.29,42049,16,买盘
1161,10:31:58,26.27,307473,117,卖盘
1162,10:32:04,26.28,26280,10,买盘
1163,10:32:07,26.28,402084,153,买盘
1164,10:32:10,26.28,155097,59,买盘
1165,10:32:16,26.28,110378,42,卖盘
1166,10:32:19,26.27,52556,20,卖盘
1167,10:32:22,26.27,57814,22,卖盘
1168,10:32:25,26.28,173403,66,买盘
1169,10:32:28,26.27,39405,15,卖盘
1170,10:32:31,26.27,501822,191,卖盘
1171,10:32:34,26.28,147168,56,买盘
1172,10:32:37,26.28,60442,23,买盘
1173,10:32:40,26.28,5256,2,卖盘
1174,10:32:43,26.29,10515,4,买盘
1175,10:32:46,26.29,2629,1,买盘
1176,10:32:49,26.28,5256,2,卖盘
1177,10:32:52,26.29,26290,10,买盘
1178,10:32:55,26.29,39434,15,买盘
1179,10:33:04,26.29,13145,5,买盘
1180,10:33:07,26.28,10513,4,卖盘
1181,10:33:10,26.28,199734,76,卖盘
1182,10:33:13,26.28,2628,1,买盘
1183,10:33:19,26.28,26280,10,买盘
1184,10:33:22,26.28,36792,14,买盘
1185,10:33:25,26.28,26280,10,买盘
1186,10:33:28,26.28,141912,54,买盘
1187,10:33:31,26.28,55188,21,买盘
1188,10:33:34,26.29,11141459,4241,买盘
1189,10:33:37,26.29,317939,121,买盘
1190,10:33:40,26.3,291821,111,买盘
1191,10:33:43,26.29,44705,17,卖盘
1192,10:33:46,26.3,52592,20,买盘
1193,10:33:49,26.3,373459,142,买盘
1194,10:33:52,26.3,220916,84,买盘
1195,10:33:55,26.3,15780,6,买盘
1196,10:33:58,26.29,115690,44,卖盘
1197,10:34:01,26.3,260370,99,买盘
1198,10:34:04,26.3,215660,82,买盘
1199,10:34:07,26.3,49970,19,买盘
1200,10:34:10,26.3,89424,34,买盘
1201,10:34:13,26.3,18411,7,卖盘
1202,10:34:16,26.3,155172,59,卖盘
1203,10:34:19,26.32,960319,365,买盘
1204,10:34:22,26.32,73682,28,买盘
1205,10:34:25,26.32,65800,25,买盘
1206,10:34:28,26.32,157912,60,买盘
1207,10:34:31,26.32,534299,203,买盘
1208,10:34:34,26.32,60551,23,卖盘
1209,10:34:37,26.33,5266,2,买盘
1210,10:34:40,26.32,484462,184,卖盘
1211,10:34:43,26.32,142142,54,卖盘
1212,10:34:46,26.34,247503,94,买盘
1213,10:34:49,26.35,2033979,772,买盘
1214,10:34:52,26.35,1923790,730,买盘
1215,10:34:55,26.35,60606,23,卖盘
1216,10:34:58,26.36,28986,11,买盘
1217,10:35:01,26.36,195057,74,买盘
1218,10:35:04,26.37,65920,25,买盘
1219,10:35:07,26.36,92265,35,卖盘
1220,10:35:10,26.35,3111904,1181,卖盘
1221,10:35:13,26.34,726593,276,中性盘
1222,10:35:16,26.32,47379,18,卖盘
1223,10:35:22,26.32,42112,16,卖盘
1224,10:35:25,26.32,147474,56,卖盘
1225,10:35:28,26.32,52640,20,卖盘
1226,10:35:31,26.32,34216,13,卖盘
1227,10:35:34,26.32,15793,6,卖盘
1228,10:35:37,26.32,26320,10,卖盘
1229,10:35:40,26.32,136899,52,卖盘
1230,10:35:46,26.32,247433,94,买盘
1231,10:35:49,26.33,131620,50,买盘
1232,10:35:52,26.33,44763,17,卖盘
1233,10:35:55,26.32,155302,59,卖盘
1234,10:35:58,26.32,102818,39,买盘
1235,10:36:01,26.31,215804,82,卖盘
1236,10:36:04,26.32,47372,18,买盘
1237,10:36:07,26.31,89454,34,卖盘
1238,10:36:10,26.31,65781,25,卖盘
1239,10:36:13,26.32,100010,38,买盘
1240,10:36:16,26.31,163180,62,卖盘
1241,10:36:19,26.32,28952,11,买盘
1242,10:36:22,26.31,5262,2,卖盘
1243,10:36:25,26.32,107903,41,买盘
1244,10:36:28,26.32,5264,2,中性盘
1245,10:36:31,26.33,102649,39,买盘
1246,10:36:37,26.33,7899,3,买盘
1247,10:36:40,26.33,100040,38,买盘
1248,10:36:43,26.33,250135,95,买盘
1249,10:36:46,26.34,2634,1,买盘
1250,10:36:49,26.32,363338,138,卖盘
1251,10:36:52,26.31,192136,73,卖盘
1252,10:36:55,26.3,1165350,443,卖盘
1253,10:36:58,26.32,73665,28,买盘
1254,10:37:01,26.31,92064,35,买盘
1255,10:37:04,26.3,34190,13,卖盘
1256,10:37:07,26.3,47356,18,卖盘
1257,10:37:10,26.3,39450,15,卖盘
1258,10:37:13,26.3,21040,8,卖盘
1259,10:37:16,26.3,65750,25,卖盘
1260,10:37:19,26.31,89454,34,买盘
1261,10:37:25,26.31,2631,1,买盘
1262,10:37:28,26.3,2630,1,卖盘
1263,10:37:31,26.3,28940,11,卖盘
1264,10:37:34,26.31,13155,5,买盘
1265,10:37:37,26.3,257740,98,卖盘
1266,10:37:40,26.3,21040,8,卖盘
1267,10:37:43,26.3,26300,10,卖盘
1268,10:37:46,26.31,5262,2,买盘
1269,10:37:49,26.3,5260,2,卖盘
1270,10:37:52,26.3,163099,62,卖盘
1271,10:37:55,26.3,76263,29,买盘
1272,10:37:58,26.3,42080,16,卖盘
1273,10:38:01,26.3,13150,5,卖盘
1274,10:38:04,26.31,36821,14,买盘
1275,10:38:07,26.3,99940,38,卖盘
1276,10:38:10,26.3,2630,1,卖盘
1277,10:38:16,26.3,23670,9,卖盘
1278,10:38:19,26.3,15778,6,卖盘
1279,10:38:22,26.3,2630,1,买盘
1280,10:38:25,26.29,247136,94,卖盘
1281,10:38:28,26.28,202356,77,卖盘
1282,10:38:31,26.29,281056,107,买盘
1283,10:38:34,26.28,39392,15,中性盘
1284,10:38:37,26.26,36784,14,卖盘
1285,10:38:40,26.27,70929,27,卖盘
1286,10:38:43,26.27,5254,2,买盘
1287,10:38:52,26.26,52527,20,卖盘
1288,10:38:55,26.27,15762,6,买盘
1289,10:38:58,26.26,47268,18,卖盘
1290,10:39:01,26.26,5252,2,卖盘
1291,10:39:04,26.26,249471,95,卖盘
1292,10:39:07,26.26,275730,105,卖盘
1293,10:39:10,26.26,5252,2,买盘
1294,10:39:13,26.25,57763,22,卖盘
1295,10:39:16,26.25,47256,18,卖盘
1296,10:39:19,26.25,26250,10,卖盘
1297,10:39:22,26.26,49878,19,买盘
1298,10:39:28,26.26,286225,109,买盘
1299,10:39:31,26.26,10502,4,买盘
1300,10:39:37,26.25,173250,66,卖盘
1301,10:39:40,26.24,47232,18,卖盘
1302,10:39:43,26.24,52480,20,买盘
1303,10:39:46,26.23,47222,18,卖盘
1304,10:39:49,26.24,20992,8,买盘
1305,10:39:52,26.24,89201,34,买盘
1306,10:39:55,26.23,76067,29,卖盘
1307,10:40:01,26.23,26221,10,买盘
1308,10:40:04,26.22,5245,2,卖盘
1309,10:40:07,26.23,49827,19,买盘
1310,10:40:10,26.23,39335,15,买盘
1311,10:40:13,26.23,304252,116,买盘
1312,10:40:19,26.23,55090,21,卖盘
1313,10:40:22,26.25,60353,23,买盘
1314,10:40:25,26.24,65600,25,卖盘
1315,10:40:28,26.24,20992,8,买盘
1316,10:40:31,26.24,23616,9,买盘
1317,10:40:34,26.24,5248,2,买盘
1318,10:40:37,26.24,60339,23,买盘
1319,10:40:40,26.24,60352,23,买盘
1320,10:40:43,26.24,47233,18,买盘
1321,10:40:49,26.25,34117,13,买盘
1322,10:40:52,26.25,2625,1,买盘
1323,10:40:58,26.24,112832,43,卖盘
1324,10:41:01,26.25,23617,9,买盘
1325,10:41:04,26.25,2625,1,买盘
1326,10:41:07,26.24,217793,83,卖盘
1327,10:41:10,26.24,26242,10,卖盘
1328,10:41:13,26.25,15745,6,买盘
1329,10:41:16,26.25,62992,24,买盘
1330,10:41:19,26.24,86617,33,卖盘
1331,10:41:22,26.25,28875,11,买盘
1332,10:41:25,26.24,26240,10,卖盘
1333,10:41:28,26.24,44608,17,卖盘
1334,10:41:31,26.24,39366,15,卖盘
1335,10:41:34,26.25,2625,1,买盘
1336,10:41:37,26.25,378000,144,买盘
1337,10:41:40,26.25,15750,6,卖盘
1338,10:41:43,26.25,36751,14,卖盘
1339,10:41:46,26.26,15756,6,买盘
1340,10:41:49,26.25,346510,132,卖盘
1341,10:41:52,26.25,107625,41,买盘
1342,10:42:01,26.24,70848,27,卖盘
1343,10:42:04,26.25,73500,28,买盘
1344,10:42:07,26.23,629693,240,卖盘
1345,10:42:10,26.24,41980,16,卖盘
1346,10:42:13,26.22,1841318,702,卖盘
1347,10:42:16,26.21,322503,123,卖盘
1348,10:42:19,26.21,47182,18,卖盘
1349,10:42:22,26.22,49808,19,买盘
1350,10:42:25,26.23,170476,65,买盘
1351,10:42:28,26.22,44574,17,买盘
1352,10:42:31,26.22,393300,150,中性盘
1353,10:42:34,26.22,18350,7,买盘
1354,10:42:40,26.21,55046,21,卖盘
1355,10:42:43,26.22,26215,10,买盘
1356,10:42:49,26.21,605451,231,卖盘
1357,10:42:52,26.21,225412,86,卖盘
1358,10:42:55,26.21,83873,32,卖盘
1359,10:42:58,26.21,534784,204,卖盘
1360,10:43:01,26.22,13110,5,买盘
1361,10:43:04,26.21,76010,29,卖盘
1362,10:43:10,26.21,1110951,424,卖盘
1363,10:43:13,26.22,52421,20,买盘
1364,10:43:16,26.22,26216,10,买盘
1365,10:43:19,26.22,125855,48,买盘
1366,10:43:22,26.23,49823,19,买盘
1367,10:43:25,26.23,62952,24,买盘
1368,10:43:28,26.23,70850,27,买盘
1369,10:43:31,26.23,65565,25,买盘
1370,10:43:34,26.22,36712,14,卖盘
1371,10:43:37,26.23,65591,25,中性盘
1372,10:43:40,26.26,136500,52,买盘
1373,10:43:43,26.26,36754,14,买盘
1374,10:43:46,26.25,128673,49,中性盘
1375,10:43:49,26.27,152313,58,买盘
1376,10:43:52,26.26,65666,25,中性盘
1377,10:43:55,26.27,15761,6,买盘
1378,10:43:58,26.26,52511,20,中性盘
1379,10:44:01,26.27,144451,55,买盘
1380,10:44:04,26.25,212635,81,卖盘
1381,10:44:07,26.25,165376,63,卖盘
1382,10:44:10,26.26,47220,18,买盘
1383,10:44:13,26.25,20996,8,中性盘
1384,10:44:16,26.25,10500,4,买盘
1385,10:44:19,26.25,2625,1,买盘
1386,10:44:22,26.25,7875,3,买盘
1387,10:44:25,26.25,275625,105,买盘
1388,10:44:31,26.26,2626,1,买盘
1389,10:44:34,26.25,456751,174,卖盘
1390,10:44:37,26.25,5250,2,买盘
1391,10:44:40,26.25,20999,8,买盘
1392,10:44:43,26.25,2625,1,买盘
1393,10:44:46,26.25,34125,13,买盘
1394,10:44:49,26.26,5252,2,买盘
1395,10:44:52,26.26,2626,1,买盘
1396,10:44:55,26.26,5252,2,买盘
1397,10:45:01,26.25,175876,67,卖盘
1398,10:45:04,26.26,5252,2,买盘
1399,10:45:07,26.25,52502,20,卖盘
1400,10:45:10,26.24,299246,114,卖盘
1401,10:45:13,26.25,18370,7,买盘
1402,10:45:19,26.25,5250,2,买盘
1403,10:45:22,26.25,5250,2,买盘
1404,10:45:28,26.25,34103,13,买盘
1405,10:45:31,26.25,13125,5,买盘
1406,10:45:34,26.25,2625,1,买盘
1407,10:45:43,26.24,2624,1,买盘
1408,10:45:46,26.24,41984,16,买盘
1409,10:45:49,26.23,10492,4,卖盘
1410,10:45:55,26.24,18368,7,买盘
1411,10:46:01,26.23,78690,30,卖盘
1412,10:46:04,26.24,57717,22,买盘
1413,10:46:07,26.23,65575,25,卖盘
1414,10:46:10,26.24,5248,2,买盘
1415,10:46:13,26.24,2624,1,买盘
1416,10:46:16,26.24,13120,5,买盘
1417,10:46:19,26.24,15744,6,卖盘
1418,10:46:22,26.25,15745,6,买盘
1419,10:46:28,26.24,15745,6,卖盘
1420,10:46:34,26.24,13121,5,卖盘
1421,10:46:37,26.25,26250,10,买盘
1422,10:46:43,26.24,139072,53,卖盘
1423,10:46:46,26.23,26234,10,卖盘
1424,10:46:49,26.24,18368,7,买盘
1425,10:46:52,26.24,31477,12,买盘
1426,10:46:55,26.24,68218,26,买盘
1427,10:46:58,26.24,28863,11,买盘
1428,10:47:01,26.23,13115,5,卖盘
1429,10:47:04,26.24,2624,1,买盘
1430,10:47:07,26.23,15743,6,卖盘
1431,10:47:13,26.24,55104,21,买盘
1432,10:47:16,26.23,417058,159,卖盘
1433,10:47:22,26.24,7872,3,买盘
1434,10:47:25,26.24,5248,2,买盘
1435,10:47:34,26.23,128527,49,卖盘
1436,10:47:37,26.23,10492,4,买盘
1437,10:47:40,26.23,55066,21,买盘
1438,10:47:43,26.23,5246,2,买盘
1439,10:47:46,26.22,159942,61,卖盘
1440,10:48:01,26.22,267444,102,卖盘
1441,10:48:04,26.23,10492,4,买盘
1442,10:48:07,26.23,28853,11,买盘
1443,10:48:10,26.22,15734,6,卖盘
1444,10:48:13,26.22,39339,15,卖盘
1445,10:48:16,26.23,31476,12,买盘
1446,10:48:19,26.22,41952,16,卖盘
1447,10:48:22,26.22,23604,9,卖盘
1448,10:48:25,26.22,159942,61,卖盘
1449,10:48:31,26.22,57684,22,卖盘
1450,10:48:34,26.22,44575,17,卖盘
1451,10:48:43,26.23,23605,9,买盘
1452,10:48:46,26.22,13110,5,中性盘
1453,10:48:49,26.22,5245,2,中性盘
1454,10:48:55,26.2,1532907,585,卖盘
1455,10:48:58,26.2,432300,165,买盘
1456,10:49:01,26.23,23607,9,买盘
1457,10:49:07,26.23,20984,8,买盘
1458,10:49:10,26.23,5246,2,买盘
1459,10:49:13,26.23,2623,1,买盘
1460,10:49:19,26.23,94428,36,买盘
1461,10:49:22,26.23,2623,1,买盘
1462,10:49:25,26.23,18361,7,买盘
1463,10:49:28,26.22,104886,40,卖盘
1464,10:49:34,26.22,7866,3,买盘
1465,10:49:43,26.22,2622,1,买盘
1466,10:49:49,26.21,70767,27,卖盘
1467,10:49:55,26.21,47178,18,买盘
1468,10:49:58,26.21,28831,11,买盘
1469,10:50:04,26.22,2622,1,买盘
1470,10:50:10,26.21,13107,5,卖盘
1471,10:50:13,26.21,157260,60,买盘
1472,10:50:19,26.21,104840,40,卖盘
1473,10:50:22,26.21,178229,68,买盘
1474,10:50:28,26.21,26210,10,买盘
1475,10:50:31,26.22,5243,2,买盘
1476,10:50:34,26.22,2622,1,买盘
1477,10:50:37,26.22,52440,20,买盘
1478,10:50:40,26.21,246374,94,卖盘
1479,10:50:43,26.22,5244,2,买盘
1480,10:50:46,26.22,23598,9,买盘
1481,10:50:49,26.22,7866,3,买盘
1482,10:50:52,26.22,34074,13,买盘
1483,10:50:55,26.21,2621,1,卖盘
1484,10:50:58,26.21,26210,10,卖盘
1485,10:51:04,26.22,2622,1,买盘
1486,10:51:07,26.21,7864,3,卖盘
1487,10:51:13,26.21,133721,51,卖盘
1488,10:51:16,26.22,5244,2,买盘
1489,10:51:22,26.22,15732,6,买盘
1490,10:51:25,26.21,120567,46,卖盘
1491,10:51:28,26.21,13105,5,卖盘
1492,10:51:34,26.22,15727,6,买盘
1493,10:51:37,26.22,2622,1,买盘
1494,10:51:40,26.22,23598,9,买盘
1495,10:51:46,26.22,13110,5,买盘
1496,10:51:49,26.22,104850,40,买盘
1497,10:51:55,26.22,73390,28,买盘
1498,10:51:58,26.21,28831,11,卖盘
1499,10:52:04,26.21,41943,16,中性盘
1500,10:52:07,26.23,73400,28,买盘
1501,10:52:13,26.23,2623,1,买盘
1502,10:52:16,26.23,157380,60,买盘
1503,10:52:22,26.21,5242,2,卖盘
1504,10:52:25,26.24,83968,32,买盘
1505,10:52:31,26.23,28863,11,卖盘
1506,10:52:37,26.23,99674,38,卖盘
1507,10:52:40,26.23,7869,3,买盘
1508,10:52:43,26.23,5246,2,买盘
1509,10:52:52,26.23,7869,3,买盘
1510,10:52:58,26.22,62928,24,卖盘
1511,10:53:04,26.23,18358,7,卖盘
1512,10:53:13,26.23,10491,4,买盘
1513,10:53:19,26.23,2623,1,中性盘
1514,10:53:25,26.22,20977,8,卖盘
1515,10:53:40,26.23,10492,4,买盘
1516,10:53:43,26.24,110167,42,买盘
1517,10:53:52,26.24,34100,13,买盘
1518,10:53:58,26.24,7872,3,买盘
1519,10:54:01,26.24,7872,3,买盘
1520,10:54:04,26.24,2624,1,买盘
1521,10:54:07,26.24,34112,13,买盘
1522,10:54:13,26.24,5248,2,买盘
1523,10:54:16,26.24,78720,30,买盘
1524,10:54:19,26.23,396073,151,卖盘
1525,10:54:22,26.23,15738,6,卖盘
1526,10:54:25,26.23,2623,1,买盘
1527,10:54:31,26.22,20976,8,卖盘
1528,10:54:34,26.23,2623,1,买盘
1529,10:54:37,26.23,2623,1,中性盘
1530,10:54:43,26.24,2624,1,买盘
1531,10:54:52,26.24,2624,1,买盘
1532,10:54:58,26.24,7872,3,买盘
1533,10:55:01,26.24,15743,6,买盘
1534,10:55:04,26.24,2624,1,买盘
1535,10:55:07,26.23,10492,4,卖盘
1536,10:55:10,26.24,10496,4,买盘
1537,10:55:13,26.24,2624,1,买盘
1538,10:55:22,26.24,2624,1,买盘
1539,10:55:28,26.23,13115,5,卖盘
1540,10:55:31,26.24,2624,1,买盘
1541,10:55:40,26.23,10492,4,卖盘
1542,10:55:43,26.24,13120,5,买盘
1543,10:55:46,26.23,26230,10,卖盘
1544,10:55:52,26.23,167871,64,卖盘
1545,10:55:55,26.22,31464,12,卖盘
1546,10:56:01,26.22,13110,5,卖盘
1547,10:56:04,26.23,15735,6,买盘
1548,10:56:07,26.23,2623,1,买盘
1549,10:56:10,26.23,44576,17,买盘
1550,10:56:13,26.22,20977,8,卖盘
1551,10:56:16,26.23,86528,33,买盘
1552,10:56:19,26.23,13115,5,买盘
1553,10:56:22,26.23,86528,33,买盘
1554,10:56:25,26.23,5246,2,买盘
1555,10:56:28,26.23,20984,8,买盘
1556,10:56:31,26.23,49837,19,买盘
1557,10:56:34,26.23,5246,2,买盘
1558,10:56:37,26.22,5245,2,卖盘
1559,10:56:43,26.23,26230,10,买盘
1560,10:56:46,26.22,20976,8,卖盘
1561,10:56:49,26.22,141588,54,卖盘
1562,10:56:55,26.22,20977,8,卖盘
1563,10:57:04,26.22,31465,12,卖盘
1564,10:57:07,26.22,18355,7,卖盘
1565,10:57:13,26.21,230718,88,卖盘
1566,10:57:16,26.22,44558,17,买盘
1567,10:57:22,26.21,78630,30,卖盘
1568,10:57:28,26.2,15720,6,卖盘
1569,10:57:31,26.21,44557,17,买盘
1570,10:57:34,26.21,26201,10,买盘
1571,10:57:37,26.2,5240,2,卖盘
1572,10:57:40,26.21,398241,152,买盘
1573,10:57:43,26.21,2621,1,买盘
1574,10:57:52,26.2,23580,9,卖盘
1575,10:57:55,26.2,10481,4,卖盘
1576,10:57:58,26.21,13105,5,买盘
1577,10:58:04,26.21,7861,3,买盘
1578,10:58:10,26.2,10480,4,卖盘
1579,10:58:13,26.2,91700,35,卖盘
1580,10:58:16,26.2,23580,9,买盘
1581,10:58:19,26.19,1215113,464,卖盘
1582,10:58:22,26.19,7855,3,中性盘
1583,10:58:25,26.18,1049823,401,卖盘
1584,10:58:28,26.18,5236,2,卖盘
1585,10:58:31,26.18,2630464,1003,卖盘
1586,10:58:34,26.2,10478,4,中性盘
1587,10:58:40,26.19,10476,4,卖盘
1588,10:58:43,26.18,628348,240,卖盘
1589,10:58:46,26.18,1120504,428,买盘
1590,10:58:49,26.19,31431,12,卖盘
1591,10:58:52,26.19,10476,4,卖盘
1592,10:58:55,26.19,68095,26,卖盘
1593,10:58:58,26.19,138807,53,卖盘
1594,10:59:01,26.19,7857,3,买盘
1595,10:59:04,26.19,62886,24,买盘
1596,10:59:07,26.2,28820,11,中性盘
1597,10:59:10,26.2,7860,3,买盘
1598,10:59:13,26.2,15715,6,买盘
1599,10:59:16,26.19,2619,1,卖盘
1600,10:59:22,26.19,115236,44,卖盘
1601,10:59:25,26.19,10476,4,卖盘
1602,10:59:28,26.19,31428,12,卖盘
1603,10:59:31,26.19,2619,1,买盘
1604,10:59:34,26.19,28802,11,买盘
1605,10:59:37,26.18,83776,32,卖盘
1606,10:59:40,26.18,1349891,516,卖盘
1607,10:59:43,26.19,10473,4,买盘
1608,10:59:46,26.18,13090,5,卖盘
1609,10:59:49,26.18,36652,14,卖盘
1610,10:59:52,26.18,52376,20,卖盘
1611,10:59:55,26.18,39281,15,卖盘
1612,10:59:58,26.19,164951,63,买盘
1613,11:00:01,26.19,47139,18,买盘
1614,11:00:04,26.19,107397,41,卖盘
1615,11:00:07,26.2,322138,123,买盘
1616,11:00:13,26.2,2620,1,买盘
1617,11:00:22,26.2,39300,15,买盘
1618,11:00:25,26.2,2620,1,买盘
1619,11:00:28,26.2,28820,11,买盘
1620,11:00:31,26.2,36670,14,买盘
1621,11:00:34,26.2,2620,1,买盘
1622,11:00:43,26.2,10477,4,买盘
1623,11:00:46,26.2,2620,1,买盘
1624,11:00:52,26.2,10477,4,买盘
1625,11:00:55,26.19,57620,22,卖盘
1626,11:00:58,26.19,13096,5,卖盘
1627,11:01:04,26.2,2620,1,买盘
1628,11:01:13,26.2,2620,1,买盘
1629,11:01:19,26.2,2620,1,买盘
1630,11:01:22,26.2,78600,30,买盘
1631,11:01:25,26.2,2620,1,买盘
1632,11:01:28,26.19,2619,1,卖盘
1633,11:01:31,26.19,7858,3,卖盘
1634,11:01:34,26.2,2620,1,买盘
1635,11:01:37,26.19,36666,14,卖盘
1636,11:01:43,26.19,133570,51,卖盘
1637,11:01:46,26.19,13095,5,卖盘
1638,11:01:49,26.2,2620,1,买盘
1639,11:01:52,26.19,68094,26,卖盘
1640,11:01:55,26.2,2620,1,买盘
1641,11:02:04,26.2,2620,1,买盘
1642,11:02:07,26.2,47160,18,买盘
1643,11:02:10,26.2,75980,29,买盘
1644,11:02:13,26.2,115280,44,买盘
1645,11:02:16,26.2,7862,3,卖盘
1646,11:02:19,26.21,20968,8,买盘
1647,11:02:22,26.2,115294,44,卖盘
1648,11:02:25,26.21,41927,16,买盘
1649,11:02:31,26.21,94322,36,买盘
1650,11:02:34,26.21,10483,4,买盘
1651,11:02:46,26.21,2621,1,买盘
1652,11:02:49,26.21,131050,50,买盘
1653,11:02:52,26.21,2621,1,买盘
1654,11:02:55,26.21,13105,5,买盘
1655,11:03:04,26.21,5242,2,买盘
1656,11:03:07,26.21,319745,122,买盘
1657,11:03:10,26.21,285687,109,买盘
1658,11:03:16,26.22,5244,2,买盘
1659,11:03:22,26.22,34081,13,买盘
1660,11:03:25,26.22,2622,1,买盘
1661,11:03:28,26.21,138927,53,卖盘
1662,11:03:31,26.21,49799,19,卖盘
1663,11:03:34,26.21,18346,7,买盘
1664,11:03:37,26.21,28831,11,买盘
1665,11:03:40,26.2,102211,39,卖盘
1666,11:03:46,26.21,2621,1,买盘
1667,11:03:49,26.2,23580,9,卖盘
1668,11:03:52,26.2,10480,4,卖盘
1669,11:03:55,26.2,34069,13,卖盘
1670,11:03:58,26.21,15726,6,买盘
1671,11:04:04,26.21,5241,2,买盘
1672,11:04:10,26.21,2621,1,买盘
1673,11:04:16,26.21,13105,5,买盘
1674,11:04:19,26.2,212220,81,卖盘
1675,11:04:25,26.21,23589,9,买盘
1676,11:04:34,26.21,52406,20,买盘
1677,11:04:37,26.21,7863,3,买盘
1678,11:04:40,26.21,28828,11,买盘
1679,11:04:43,26.21,57662,22,卖盘
1680,11:04:46,26.21,49800,19,卖盘
1681,11:04:49,26.21,28831,11,卖盘
1682,11:04:52,26.21,47179,18,卖盘
1683,11:04:55,26.21,23597,9,卖盘
1684,11:05:07,26.22,15732,6,买盘
1685,11:05:13,26.21,26210,10,卖盘
1686,11:05:16,26.21,47179,18,卖盘
1687,11:05:19,26.21,5242,2,卖盘
1688,11:05:25,26.22,2622,1,买盘
1689,11:05:28,26.21,15726,6,卖盘
1690,11:05:31,26.22,2622,1,买盘
1691,11:05:34,26.21,23590,9,卖盘
1692,11:05:40,26.22,36708,14,买盘
1693,11:05:43,26.22,5243,2,买盘
1694,11:05:46,26.21,57662,22,卖盘
1695,11:05:52,26.21,20968,8,卖盘
1696,11:05:55,26.21,89114,34,卖盘
1697,11:05:58,26.21,26210,10,买盘
1698,11:06:01,26.21,20962,8,买盘
1699,11:06:04,26.21,18345,7,买盘
1700,11:06:10,26.21,13101,5,买盘
1701,11:06:13,26.21,15726,6,买盘
1702,11:06:16,26.2,10480,4,卖盘
1703,11:06:22,26.2,10480,4,卖盘
1704,11:06:25,26.21,28829,11,买盘
1705,11:06:31,26.2,13100,5,卖盘
1706,11:06:34,26.21,52401,20,买盘
1707,11:06:37,26.2,75980,29,卖盘
1708,11:06:40,26.2,13100,5,卖盘
1709,11:06:43,26.2,649650,248,卖盘
1710,11:06:46,26.19,34048,13,卖盘
1711,11:06:49,26.19,5238,2,卖盘
1712,11:06:52,26.19,34047,13,卖盘
1713,11:06:55,26.2,115226,44,买盘
1714,11:06:58,26.19,2619,1,中性盘
1715,11:07:01,26.18,44506,17,卖盘
1716,11:07:07,26.18,62832,24,卖盘
1717,11:07:10,26.17,41872,16,卖盘
1718,11:07:13,26.17,52343,20,卖盘
1719,11:07:16,26.17,7852,3,卖盘
1720,11:07:19,26.17,88978,34,卖盘
1721,11:07:22,26.16,52325,20,卖盘
1722,11:07:25,26.16,52321,20,卖盘
1723,11:07:28,26.16,23544,9,卖盘
1724,11:07:31,26.16,41856,16,卖盘
1725,11:07:34,26.16,73248,28,卖盘
1726,11:07:37,26.16,13080,5,买盘
1727,11:07:43,26.16,13080,5,买盘
1728,11:07:46,26.16,185746,71,买盘
1729,11:07:49,26.15,86306,33,卖盘
1730,11:07:52,26.16,31412,12,卖盘
1731,11:07:55,26.17,2617,1,买盘
1732,11:08:01,26.16,73248,28,卖盘
1733,11:08:04,26.16,5232,2,买盘
1734,11:08:07,26.15,91542,35,卖盘
1735,11:08:13,26.15,44455,17,卖盘
1736,11:08:16,26.16,5231,2,买盘
1737,11:08:19,26.15,15691,6,卖盘
1738,11:08:25,26.16,15696,6,买盘
1739,11:08:28,26.15,94146,36,卖盘
1740,11:08:34,26.15,70606,27,卖盘
1741,11:08:37,26.15,13075,5,卖盘
1742,11:08:40,26.15,164746,63,卖盘
1743,11:08:43,26.12,2396012,917,卖盘
1744,11:08:49,26.13,101932,39,卖盘
1745,11:08:52,26.14,81005,31,卖盘
1746,11:08:55,26.14,28754,11,卖盘
1747,11:08:58,26.13,57500,22,卖盘
1748,11:09:01,26.15,7845,3,买盘
1749,11:09:04,26.17,381890,146,买盘
1750,11:09:07,26.15,536108,205,卖盘
1751,11:09:10,26.14,360756,138,卖盘
1752,11:09:13,26.17,20936,8,买盘
1753,11:09:16,26.17,26170,10,买盘
1754,11:09:22,26.16,102016,39,中性盘
1755,11:09:25,26.15,28766,11,卖盘
1756,11:09:28,26.15,117718,45,卖盘
1757,11:09:31,26.16,415944,159,买盘
1758,11:09:34,26.16,36623,14,买盘
1759,11:09:37,26.16,5232,2,卖盘
1760,11:09:40,26.16,159577,61,卖盘
1761,11:09:43,26.17,41866,16,买盘
1762,11:09:46,26.17,49723,19,买盘
1763,11:09:55,26.17,2617,1,买盘
1764,11:09:58,26.17,133467,51,买盘
1765,11:10:10,26.17,10468,4,卖盘
1766,11:10:16,26.18,28798,11,买盘
1767,11:10:19,26.18,13090,5,买盘
1768,11:10:22,26.18,49742,19,买盘
1769,11:10:25,26.18,133518,51,买盘
1770,11:10:28,26.18,104720,40,卖盘
1771,11:10:31,26.19,7857,3,买盘
1772,11:10:34,26.19,68069,26,买盘
1773,11:10:37,26.19,5238,2,买盘
1774,11:10:40,26.19,36658,14,买盘
1775,11:10:43,26.18,83778,32,卖盘
1776,11:10:46,26.18,5236,2,卖盘
1777,11:10:49,26.18,57597,22,卖盘
1778,11:10:52,26.19,15714,6,买盘
1779,11:10:55,26.19,2619,1,买盘
1780,11:11:04,26.2,104776,40,买盘
1781,11:11:07,26.19,65491,25,卖盘
1782,11:11:10,26.19,15714,6,卖盘
1783,11:11:13,26.2,2620,1,买盘
1784,11:11:16,26.19,7857,3,卖盘
1785,11:11:22,26.19,440069,168,卖盘
1786,11:11:25,26.19,31428,12,买盘
1787,11:11:31,26.18,10472,4,卖盘
1788,11:11:34,26.18,89012,34,卖盘
1789,11:11:37,26.18,2618,1,买盘
1790,11:11:43,26.18,5236,2,买盘
1791,11:11:46,26.17,39268,15,卖盘
1792,11:11:55,26.18,5236,2,买盘
1793,11:12:01,26.18,15704,6,买盘
1794,11:12:04,26.17,10468,4,卖盘
1795,11:12:25,26.17,20942,8,卖盘
1796,11:12:28,26.18,15708,6,买盘
1797,11:12:31,26.18,73304,28,买盘
1798,11:12:34,26.18,36652,14,买盘
1799,11:12:40,26.18,13090,5,卖盘
1800,11:12:55,26.19,7856,3,买盘
1801,11:13:01,26.18,18326,7,卖盘
1802,11:13:04,26.18,2618,1,卖盘
1803,11:13:10,26.18,7854,3,卖盘
1804,11:13:13,26.19,112609,43,买盘
1805,11:13:16,26.18,26180,10,卖盘
1806,11:13:19,26.19,10476,4,买盘
1807,11:13:22,26.18,2618,1,卖盘
1808,11:13:31,26.19,130950,50,买盘
1809,11:13:34,26.2,15720,6,买盘
1810,11:13:37,26.19,7857,3,卖盘
1811,11:13:40,26.2,26200,10,买盘
1812,11:13:43,26.2,91735,35,买盘
1813,11:13:52,26.19,13095,5,卖盘
1814,11:13:55,26.19,112690,43,卖盘
1815,11:13:58,26.19,20952,8,卖盘
1816,11:14:04,26.19,60247,23,卖盘
1817,11:14:10,26.19,2619,1,卖盘
1818,11:14:19,26.19,10476,4,卖盘
1819,11:14:25,26.2,15720,6,买盘
1820,11:14:31,26.2,7860,3,买盘
1821,11:14:40,26.2,44540,17,卖盘
1822,11:14:43,26.2,5240,2,卖盘
1823,11:14:46,26.21,104840,40,买盘
1824,11:14:49,26.22,41947,16,买盘
1825,11:14:55,26.21,2621,1,卖盘
1826,11:15:01,26.21,7863,3,卖盘
1827,11:15:04,26.22,31464,12,买盘
1828,11:15:07,26.22,2622,1,买盘
1829,11:15:10,26.21,89173,34,卖盘
1830,11:15:16,26.21,73388,28,卖盘
1831,11:15:19,26.21,5242,2,卖盘
1832,11:15:22,26.21,36694,14,卖盘
1833,11:15:25,26.22,7866,3,买盘
1834,11:15:28,26.21,112772,43,卖盘
1835,11:15:31,26.22,2622,1,卖盘
1836,11:15:37,26.22,131100,50,卖盘
1837,11:15:40,26.22,10485,4,买盘
1838,11:15:43,26.21,31463,12,卖盘
1839,11:15:46,26.22,60303,23,买盘
1840,11:15:49,26.21,18350,7,卖盘
1841,11:15:55,26.21,10484,4,卖盘
1842,11:15:58,26.22,7866,3,买盘
1843,11:16:01,26.22,2622,1,买盘
1844,11:16:04,26.21,2621,1,卖盘
1845,11:16:10,26.21,10485,4,卖盘
1846,11:16:16,26.23,52426,20,买盘
1847,11:16:19,26.21,2621,1,卖盘
1848,11:16:22,26.21,2621,1,卖盘
1849,11:16:25,26.23,5246,2,买盘
1850,11:16:28,26.23,52460,20,买盘
1851,11:16:43,26.21,7863,3,卖盘
1852,11:16:52,26.22,123189,47,买盘
1853,11:16:55,26.22,5244,2,买盘
1854,11:17:04,26.24,2690454,1024,买盘
1855,11:17:07,26.24,23609,9,买盘
1856,11:17:10,26.22,10488,4,卖盘
1857,11:17:13,26.22,13111,5,卖盘
1858,11:17:16,26.22,39338,15,卖盘
1859,11:17:22,26.24,10496,4,买盘
1860,11:17:25,26.24,2624,1,买盘
1861,11:17:31,26.22,44574,17,卖盘
1862,11:17:34,26.22,41952,16,卖盘
1863,11:17:40,26.21,7863,3,卖盘
1864,11:17:43,26.24,711100,271,买盘
1865,11:17:46,26.23,26230,10,买盘
1866,11:17:49,26.21,7863,3,卖盘
1867,11:17:52,26.21,2621,1,卖盘
1868,11:18:01,26.22,2622,1,卖盘
1869,11:18:04,26.22,13110,5,卖盘
1870,11:18:07,26.23,26230,10,买盘
1871,11:18:10,26.22,180918,69,卖盘
1872,11:18:13,26.22,20976,8,买盘
1873,11:18:19,26.22,10488,4,买盘
1874,11:18:22,26.22,178296,68,买盘
1875,11:18:25,26.22,7868,3,卖盘
1876,11:18:31,26.22,60304,23,卖盘
1877,11:18:34,26.23,5246,2,买盘
1878,11:18:40,26.22,18354,7,卖盘
1879,11:18:46,26.22,2622,1,卖盘
1880,11:18:52,26.22,52448,20,卖盘
1881,11:18:55,26.22,13110,5,卖盘
1882,11:18:58,26.22,2622,1,卖盘
1883,11:19:01,26.23,39335,15,买盘
1884,11:19:07,26.22,2622,1,卖盘
1885,11:19:13,26.22,115368,44,卖盘
1886,11:19:16,26.22,26220,10,买盘
1887,11:19:19,26.22,23597,9,买盘
1888,11:19:28,26.21,7863,3,卖盘
1889,11:19:43,26.21,55041,21,卖盘
1890,11:19:55,26.22,2622,1,买盘
1891,11:20:04,26.21,13105,5,卖盘
1892,11:20:13,26.22,47196,18,买盘
1893,11:20:16,26.21,2621,1,卖盘
1894,11:20:19,26.21,193993,74,卖盘
1895,11:20:22,26.21,44568,17,卖盘
1896,11:20:25,26.22,2622,1,中性盘
1897,11:20:31,26.22,7866,3,卖盘
1898,11:20:40,26.22,26220,10,买盘
1899,11:20:46,26.21,76030,29,卖盘
1900,11:20:49,26.22,2622,1,卖盘
1901,11:20:52,26.21,2621,1,卖盘
1902,11:20:58,26.22,2622,1,买盘
1903,11:21:01,26.21,5242,2,卖盘
1904,11:21:04,26.22,2622,1,买盘
1905,11:21:16,26.22,13110,5,买盘
1906,11:21:22,26.21,5242,2,卖盘
1907,11:21:25,26.21,13105,5,卖盘
1908,11:21:34,26.21,49799,19,卖盘
1909,11:21:37,26.21,13105,5,卖盘
1910,11:21:40,26.2,44547,17,卖盘
1911,11:21:43,26.21,10484,4,买盘
1912,11:21:46,26.21,73385,28,买盘
1913,11:21:52,26.2,2620,1,卖盘
1914,11:21:55,26.2,94320,36,卖盘
1915,11:21:58,26.2,13100,5,卖盘
1916,11:22:04,26.19,89066,34,卖盘
1917,11:22:07,26.2,7860,3,买盘
1918,11:22:10,26.2,20955,8,买盘
1919,11:22:13,26.19,20953,8,卖盘
1920,11:22:25,26.19,109998,42,卖盘
1921,11:22:31,26.19,217377,83,卖盘
1922,11:22:34,26.19,2619,1,买盘
1923,11:22:37,26.19,164997,63,买盘
1924,11:22:40,26.18,41888,16,卖盘
1925,11:22:43,26.18,10473,4,卖盘
1926,11:22:58,26.18,5236,2,卖盘
1927,11:23:01,26.19,36666,14,买盘
1928,11:23:04,26.19,7857,3,买盘
1929,11:23:07,26.19,7857,3,买盘
1930,11:23:10,26.19,18332,7,买盘
1931,11:23:13,26.19,7856,3,买盘
1932,11:23:19,26.19,104754,40,买盘
1933,11:23:22,26.2,75960,29,买盘
1934,11:23:34,26.2,5240,2,卖盘
1935,11:23:40,26.2,57640,22,卖盘
1936,11:23:43,26.2,15720,6,买盘
1937,11:23:46,26.19,5238,2,卖盘
1938,11:23:49,26.19,83808,32,卖盘
1939,11:24:04,26.19,2619,1,卖盘
1940,11:24:07,26.2,18340,7,买盘
1941,11:24:10,26.2,18335,7,买盘
1942,11:24:13,26.19,20952,8,卖盘
1943,11:24:16,26.2,5240,2,买盘
1944,11:24:19,26.19,83808,32,卖盘
1945,11:24:28,26.2,2620,1,买盘
1946,11:24:31,26.2,15720,6,买盘
1947,11:24:43,26.2,2620,1,买盘
1948,11:24:52,26.2,13100,5,买盘
1949,11:25:01,26.19,151952,58,卖盘
1950,11:25:04,26.19,5238,2,卖盘
1951,11:25:10,26.19,18334,7,卖盘
1952,11:25:13,26.19,91665,35,卖盘
1953,11:25:16,26.19,73332,28,卖盘
1954,11:25:19,26.2,20960,8,买盘
1955,11:25:22,26.19,68094,26,卖盘
1956,11:25:31,26.19,2619,1,卖盘
1957,11:25:37,26.2,28820,11,买盘
1958,11:25:40,26.19,44526,17,卖盘
1959,11:25:43,26.19,15714,6,卖盘
1960,11:25:49,26.2,112660,43,买盘
1961,11:25:52,26.19,10477,4,卖盘
1962,11:25:55,26.2,5240,2,买盘
1963,11:25:58,26.2,5240,2,买盘
1964,11:26:01,26.19,15718,6,卖盘
1965,11:26:07,26.2,5240,2,买盘
1966,11:26:10,26.19,36666,14,卖盘
1967,11:26:13,26.19,15714,6,卖盘
1968,11:26:16,26.2,18340,7,买盘
1969,11:26:19,26.19,18335,7,卖盘
1970,11:26:25,26.19,2619,1,卖盘
1971,11:26:31,26.19,18333,7,卖盘
1972,11:26:34,26.19,83808,32,卖盘
1973,11:26:37,26.18,948070,362,卖盘
1974,11:26:43,26.19,13091,5,买盘
1975,11:26:49,26.19,10473,4,买盘
1976,11:26:52,26.19,36662,14,买盘
1977,11:26:58,26.18,20944,8,卖盘
1978,11:27:01,26.18,18326,7,卖盘
1979,11:27:04,26.18,28798,11,卖盘
1980,11:27:07,26.19,2619,1,买盘
1981,11:27:10,26.19,91643,35,买盘
1982,11:27:13,26.18,2618,1,卖盘
1983,11:27:16,26.18,49742,19,卖盘
1984,11:27:19,26.18,31424,12,卖盘
1985,11:27:22,26.18,31416,12,卖盘
1986,11:27:25,26.18,44506,17,卖盘
1987,11:27:28,26.19,426897,163,买盘
1988,11:27:31,26.2,5240,2,买盘
1989,11:27:40,26.2,5240,2,买盘
1990,11:27:43,26.2,31432,12,买盘
1991,11:27:46,26.19,2619,1,卖盘
1992,11:27:49,26.19,15714,6,卖盘
1993,11:27:52,26.2,7859,3,买盘
1994,11:27:55,26.19,23575,9,卖盘
1995,11:27:58,26.19,31438,12,卖盘
1996,11:28:01,26.19,31428,12,卖盘
1997,11:28:04,26.2,2620,1,买盘
1998,11:28:07,26.19,15715,6,卖盘
1999,11:28:13,26.19,5238,2,卖盘
2000,11:28:16,26.18,170227,65,卖盘
2001,11:28:25,26.19,5238,2,买盘
2002,11:28:28,26.18,18326,7,卖盘
2003,11:28:31,26.18,47124,18,卖盘
2004,11:28:34,26.18,13090,5,卖盘
2005,11:28:40,26.18,191119,73,卖盘
2006,11:28:43,26.17,26170,10,卖盘
2007,11:28:46,26.18,15708,6,买盘
2008,11:28:52,26.18,68068,26,买盘
2009,11:28:55,26.18,2618,1,卖盘
2010,11:29:01,26.18,28801,11,卖盘
2011,11:29:04,26.18,15708,6,买盘
2012,11:29:10,26.17,26170,10,卖盘
2013,11:29:13,26.17,13085,5,卖盘
2014,11:29:19,26.18,1705813,652,买盘
2015,11:29:22,26.18,2618,1,卖盘
2016,11:29:28,26.19,91665,35,买盘
2017,11:29:31,26.19,2619,1,买盘
2018,11:29:34,26.18,44506,17,卖盘
2019,11:29:37,26.19,5238,2,买盘
2020,11:29:40,26.19,62856,24,买盘
2021,11:29:46,26.19,31427,12,买盘
2022,11:29:52,26.19,28809,11,买盘
2023,11:29:58,26.19,7857,3,买盘
2024,11:30:01,26.19,34047,13,买盘
2025,13:00:01,26.19,39285,15,买盘
2026,13:00:04,26.18,311507,119,卖盘
2027,13:00:07,26.18,227666,87,买盘
2028,13:00:10,26.17,243406,93,卖盘
2029,13:00:13,26.16,316650,121,卖盘
2030,13:00:16,26.16,246077,94,卖盘
2031,13:00:19,26.17,41872,16,买盘
2032,13:00:28,26.18,83776,32,买盘
2033,13:00:31,26.18,49732,19,买盘
2034,13:00:34,26.19,405803,155,买盘
2035,13:00:37,26.19,73332,28,买盘
2036,13:00:40,26.19,107385,41,买盘
2037,13:00:43,26.19,49762,19,买盘
2038,13:00:55,26.19,34047,13,卖盘
2039,13:00:58,26.19,136190,52,卖盘
2040,13:01:01,26.19,99522,38,卖盘
2041,13:01:07,26.18,13090,5,卖盘
2042,13:01:10,26.19,10476,4,买盘
2043,13:01:13,26.18,15708,6,卖盘
2044,13:01:22,26.18,10472,4,卖盘
2045,13:01:28,26.18,10472,4,卖盘
2046,13:01:31,26.18,13091,5,卖盘
2047,13:01:34,26.19,104756,40,买盘
2048,13:01:37,26.21,867181,331,买盘
2049,13:01:40,26.22,471960,180,买盘
2050,13:01:46,26.23,44591,17,买盘
2051,13:01:49,26.22,20976,8,卖盘
2052,13:01:55,26.23,5246,2,买盘
2053,13:01:58,26.22,141588,54,卖盘
2054,13:02:01,26.21,2621,1,卖盘
2055,13:02:04,26.21,44567,17,卖盘
2056,13:02:07,26.2,26208,10,卖盘
2057,13:02:10,26.2,2620,1,卖盘
2058,13:02:16,26.18,36661,14,卖盘
2059,13:02:19,26.18,109956,42,卖盘
2060,13:02:22,26.18,7854,3,卖盘
2061,13:02:28,26.18,10472,4,卖盘
2062,13:02:31,26.18,130900,50,卖盘
2063,13:02:34,26.19,2619,1,买盘
2064,13:02:37,26.17,143950,55,卖盘
2065,13:02:40,26.18,2618,1,中性盘
2066,13:02:43,26.17,18323,7,卖盘
2067,13:02:49,26.18,7855,3,中性盘
2068,13:02:52,26.18,2618,1,卖盘
2069,13:02:55,26.18,13090,5,买盘
2070,13:02:58,26.18,10472,4,买盘
2071,13:03:01,26.18,2618,1,卖盘
2072,13:03:04,26.18,7854,3,卖盘
2073,13:03:07,26.18,13090,5,卖盘
2074,13:03:13,26.18,7854,3,卖盘
2075,13:03:16,26.19,20946,8,买盘
2076,13:03:19,26.19,5238,2,买盘
2077,13:03:25,26.18,13090,5,卖盘
2078,13:03:28,26.18,316814,121,卖盘
2079,13:03:34,26.18,18326,7,买盘
2080,13:03:37,26.21,2840601,1085,买盘
2081,13:03:40,26.22,49800,19,买盘
2082,13:03:43,26.21,2621,1,卖盘
2083,13:03:52,26.22,47180,18,买盘
2084,13:03:55,26.21,94356,36,卖盘
2085,13:04:01,26.22,5244,2,买盘
2086,13:04:04,26.21,110082,42,卖盘
2087,13:04:07,26.22,495558,189,买盘
2088,13:04:10,26.23,112769,43,买盘
2089,13:04:16,26.23,7869,3,卖盘
2090,13:04:19,26.24,47232,18,买盘
2091,13:04:22,26.23,10495,4,卖盘
2092,13:04:25,26.23,104920,40,卖盘
2093,13:04:28,26.23,44591,17,卖盘
2094,13:04:37,26.23,39345,15,买盘
2095,13:04:52,26.23,10491,4,买盘
2096,13:04:55,26.22,7866,3,卖盘
2097,13:05:07,26.22,167858,64,卖盘
2098,13:05:10,26.21,36694,14,卖盘
2099,13:05:13,26.2,26200,10,卖盘
2100,13:05:16,26.2,41920,16,卖盘
2101,13:05:19,26.21,20968,8,买盘
2102,13:05:22,26.2,7860,3,卖盘
2103,13:05:25,26.2,10480,4,卖盘
2104,13:05:28,26.2,5240,2,卖盘
2105,13:05:34,26.2,34060,13,卖盘
2106,13:05:37,26.2,117898,45,买盘
2107,13:05:43,26.19,91677,35,卖盘
2108,13:05:46,26.19,75951,29,买盘
2109,13:05:49,26.18,557812,213,卖盘
2110,13:06:01,26.2,131000,50,买盘
2111,13:06:04,26.19,44523,17,卖盘
2112,13:06:10,26.2,552819,211,买盘
2113,13:06:13,26.2,178119,68,买盘
2114,13:06:16,26.2,267240,102,买盘
2115,13:06:19,26.22,120612,46,买盘
2116,13:06:22,26.21,26218,10,卖盘
2117,13:06:28,26.22,52440,20,卖盘
2118,13:06:31,26.21,76010,29,卖盘
2119,13:06:37,26.22,13107,5,买盘
2120,13:06:40,26.21,20968,8,卖盘
2121,13:06:43,26.21,7863,3,卖盘
2122,13:06:46,26.22,5244,2,买盘
2123,13:06:49,26.22,2622,1,买盘
2124,13:06:52,26.22,7866,3,买盘
2125,13:06:55,26.21,13105,5,卖盘
2126,13:06:58,26.21,68146,26,卖盘
2127,13:07:04,26.21,13101,5,买盘
2128,13:07:07,26.2,7861,3,卖盘
2129,13:07:10,26.22,78649,30,买盘
2130,13:07:13,26.23,2623,1,买盘
2131,13:07:19,26.23,2623,1,买盘
2132,13:07:22,26.22,13110,5,卖盘
2133,13:07:31,26.22,15733,6,卖盘
2134,13:07:34,26.23,99674,38,买盘
2135,13:07:37,26.23,13115,5,买盘
2136,13:07:40,26.23,91805,35,卖盘
2137,13:07:43,26.23,52460,20,卖盘
2138,13:07:46,26.23,2623,1,买盘
2139,13:07:52,26.22,13110,5,卖盘
2140,13:07:55,26.22,20976,8,卖盘
2141,13:07:58,26.23,28849,11,买盘
2142,13:08:04,26.23,13115,5,买盘
2143,13:08:13,26.23,2623,1,买盘
2144,13:08:16,26.22,23601,9,卖盘
2145,13:08:25,26.24,270168,103,买盘
2146,13:08:28,26.23,5246,2,买盘
2147,13:08:31,26.23,5246,2,买盘
2148,13:08:37,26.23,18356,7,买盘
2149,13:08:40,26.23,2623,1,买盘
2150,13:08:43,26.23,28853,11,买盘
2151,13:08:49,26.23,2623,1,买盘
2152,13:08:52,26.23,7869,3,买盘
2153,13:08:55,26.23,10492,4,买盘
2154,13:09:04,26.23,419571,160,买盘
2155,13:09:07,26.23,2623,1,买盘
2156,13:09:13,26.22,81282,31,卖盘
2157,13:09:16,26.22,86520,33,买盘
2158,13:09:19,26.24,1054163,402,买盘
2159,13:09:22,26.24,2624,1,买盘
2160,13:09:25,26.24,20992,8,买盘
2161,13:09:34,26.25,2625,1,买盘
2162,13:09:37,26.25,21000,8,买盘
2163,13:09:40,26.25,13124,5,买盘
2164,13:09:43,26.24,26240,10,卖盘
2165,13:09:46,26.24,204672,78,卖盘
2166,13:09:49,26.25,15745,6,买盘
2167,13:09:52,26.25,13125,5,买盘
2168,13:09:58,26.24,13120,5,卖盘
2169,13:10:01,26.24,20995,8,卖盘
2170,13:10:04,26.25,60375,23,买盘
2171,13:10:07,26.25,13125,5,买盘
2172,13:10:10,26.24,15745,6,卖盘
2173,13:10:13,26.24,204672,78,卖盘
2174,13:10:16,26.23,76078,29,卖盘
2175,13:10:19,26.22,62936,24,卖盘
2176,13:10:22,26.24,26240,10,买盘
2177,13:10:25,26.23,5246,2,中性盘
2178,13:10:28,26.24,2624,1,买盘
2179,13:10:37,26.24,41977,16,买盘
2180,13:10:40,26.23,49837,19,卖盘
2181,13:10:43,26.23,55084,21,卖盘
2182,13:10:46,26.23,13115,5,卖盘
2183,13:10:52,26.23,5246,2,卖盘
2184,13:10:55,26.23,86560,33,卖盘
2185,13:10:58,26.23,34098,13,买盘
2186,13:11:01,26.23,36718,14,买盘
2187,13:11:04,26.23,7869,3,买盘
2188,13:11:07,26.23,44575,17,买盘
2189,13:11:10,26.23,2623,1,买盘
2190,13:11:16,26.22,26228,10,卖盘
2191,13:11:22,26.23,18355,7,买盘
2192,13:11:25,26.21,652780,249,卖盘
2193,13:11:28,26.21,13106,5,卖盘
2194,13:11:31,26.21,10484,4,卖盘
2195,13:11:34,26.22,26220,10,买盘
2196,13:11:37,26.23,34091,13,买盘
2197,13:11:40,26.22,5244,2,卖盘
2198,13:11:43,26.22,7866,3,卖盘
2199,13:11:46,26.22,60306,23,卖盘
2200,13:11:49,26.22,86526,33,卖盘
2201,13:11:52,26.21,20968,8,卖盘
2202,13:11:55,26.21,10484,4,卖盘
2203,13:11:58,26.2,31444,12,卖盘
2204,13:12:01,26.21,5242,2,卖盘
2205,13:12:04,26.21,34074,13,卖盘
2206,13:12:07,26.21,28840,11,卖盘
2207,13:12:16,26.21,277826,106,卖盘
2208,13:12:19,26.22,2622,1,买盘
2209,13:12:22,26.22,89148,34,买盘
2210,13:12:25,26.22,7868,3,卖盘
2211,13:12:31,26.23,2623,1,买盘
2212,13:12:34,26.23,20984,8,买盘
2213,13:12:43,26.24,20991,8,买盘
2214,13:12:46,26.23,5247,2,卖盘
2215,13:12:49,26.23,10492,4,卖盘
2216,13:12:55,26.22,10488,4,卖盘
2217,13:12:58,26.23,2623,1,买盘
2218,13:13:04,26.22,13110,5,卖盘
2219,13:13:07,26.23,78670,30,买盘
2220,13:13:13,26.23,13111,5,买盘
2221,13:13:16,26.22,23598,9,卖盘
2222,13:13:25,26.23,13111,5,买盘
2223,13:13:28,26.22,2622,1,卖盘
2224,13:13:31,26.23,15733,6,买盘
2225,13:13:40,26.23,15733,6,买盘
2226,13:13:46,26.22,10488,4,卖盘
2227,13:13:52,26.22,13111,5,卖盘
2228,13:13:55,26.22,34086,13,卖盘
2229,13:14:01,26.22,167808,64,卖盘
2230,13:14:04,26.21,20971,8,卖盘
2231,13:14:07,26.22,2622,1,买盘
2232,13:14:10,26.21,20970,8,卖盘
2233,13:14:13,26.21,49799,19,卖盘
2234,13:14:16,26.21,2621,1,卖盘
2235,13:14:19,26.22,13106,5,买盘
2236,13:14:25,26.21,76013,29,卖盘
2237,13:14:28,26.22,7865,3,买盘
2238,13:14:31,26.21,18349,7,卖盘
2239,13:14:34,26.21,5243,2,中性盘
2240,13:14:40,26.21,15726,6,卖盘
2241,13:14:43,26.21,15726,6,卖盘
2242,13:14:46,26.21,39311,15,买盘
2243,13:14:49,26.2,65501,25,卖盘
2244,13:14:52,26.2,10480,4,卖盘
2245,13:14:55,26.21,81243,31,买盘
2246,13:14:58,26.21,7863,3,卖盘
2247,13:15:01,26.21,23589,9,卖盘
2248,13:15:07,26.2,20960,8,卖盘
2249,13:15:16,26.21,2621,1,买盘
2250,13:15:19,26.21,44552,17,买盘
2251,13:15:22,26.21,676645,258,买盘
2252,13:15:25,26.21,13105,5,卖盘
2253,13:15:28,26.24,55079,21,买盘
2254,13:15:31,26.21,55056,21,卖盘
2255,13:15:34,26.2,639450,244,卖盘
2256,13:15:37,26.22,2622,1,中性盘
2257,13:15:40,26.22,2622,1,买盘
2258,13:15:43,26.22,7866,3,买盘
2259,13:15:46,26.21,31452,12,卖盘
2260,13:15:49,26.22,55062,21,买盘
2261,13:15:55,26.22,39335,15,卖盘
2262,13:16:01,26.22,2622,1,卖盘
2263,13:16:10,26.22,15737,6,卖盘
2264,13:16:13,26.23,23607,9,买盘
2265,13:16:19,26.23,20984,8,卖盘
2266,13:16:22,26.24,2624,1,买盘
2267,13:16:25,26.24,2624,1,买盘
2268,13:16:31,26.23,52460,20,卖盘
2269,13:16:37,26.23,62952,24,卖盘
2270,13:16:43,26.23,5246,2,卖盘
2271,13:16:46,26.23,10492,4,卖盘
2272,13:16:49,26.23,36722,14,卖盘
2273,13:16:52,26.23,28853,11,卖盘
2274,13:16:55,26.23,23607,9,卖盘
2275,13:16:58,26.22,178361,68,卖盘
2276,13:17:01,26.21,55064,21,卖盘
2277,13:17:04,26.22,57684,22,买盘
2278,13:17:10,26.22,2622,1,买盘
2279,13:17:13,26.22,503605,192,买盘
2280,13:17:16,26.23,60329,23,买盘
2281,13:17:19,26.23,89182,34,买盘
2282,13:17:22,26.22,262200,100,卖盘
2283,13:17:25,26.21,272660,104,卖盘
2284,13:17:31,26.22,18354,7,卖盘
2285,13:17:40,26.22,68173,26,卖盘
2286,13:17:43,26.22,31464,12,卖盘
2287,13:17:46,26.23,44580,17,买盘
2288,13:17:49,26.22,2622,1,卖盘
2289,13:17:52,26.22,2622,1,卖盘
2290,13:17:55,26.22,18354,7,卖盘
2291,13:18:01,26.22,39330,15,卖盘
2292,13:18:04,26.22,18356,7,卖盘
2293,13:18:07,26.23,264922,101,买盘
2294,13:18:10,26.23,57706,22,买盘
2295,13:18:13,26.23,94418,36,买盘
2296,13:18:16,26.22,10488,4,卖盘
2297,13:18:22,26.23,31471,12,买盘
2298,13:18:28,26.22,246466,94,卖盘
2299,13:18:31,26.22,13110,5,中性盘
2300,13:18:34,26.22,7866,3,卖盘
2301,13:18:37,26.21,10484,4,卖盘
2302,13:18:43,26.21,10484,4,卖盘
2303,13:18:46,26.21,13105,5,卖盘
2304,13:18:52,26.22,20971,8,买盘
2305,13:18:58,26.21,10484,4,卖盘
2306,13:19:01,26.21,20968,8,卖盘
2307,13:19:07,26.21,10484,4,卖盘
2308,13:19:10,26.21,62904,24,卖盘
2309,13:19:13,26.22,13110,5,买盘
2310,13:19:16,26.21,18347,7,卖盘
2311,13:19:19,26.21,18349,7,卖盘
2312,13:19:28,26.22,112741,43,买盘
2313,13:19:31,26.23,62923,24,买盘
2314,13:19:46,26.22,10488,4,卖盘
2315,13:19:52,26.22,18354,7,卖盘
2316,13:19:55,26.22,13110,5,卖盘
2317,13:19:58,26.22,68182,26,卖盘
2318,13:20:01,26.22,26220,10,卖盘
2319,13:20:04,26.22,31466,12,卖盘
2320,13:20:10,26.23,170472,65,买盘
2321,13:20:13,26.22,18356,7,卖盘
2322,13:20:16,26.24,744928,284,买盘
2323,13:20:19,26.24,44607,17,买盘
2324,13:20:22,26.24,39360,15,买盘
2325,13:20:25,26.25,708711,270,买盘
2326,13:20:28,26.25,5250,2,卖盘
2327,13:20:34,26.25,13125,5,卖盘
2328,13:20:37,26.25,729750,278,卖盘
2329,13:20:40,26.25,10500,4,卖盘
2330,13:20:43,26.25,84000,32,卖盘
2331,13:20:46,26.25,28875,11,买盘
2332,13:20:49,26.25,34125,13,买盘
2333,13:20:52,26.24,20993,8,卖盘
2334,13:21:07,26.24,13120,5,卖盘
2335,13:21:10,26.24,86592,33,卖盘
2336,13:21:13,26.24,20992,8,买盘
2337,13:21:16,26.24,15739,6,买盘
2338,13:21:22,26.23,20984,8,卖盘
2339,13:21:25,26.23,60331,23,卖盘
2340,13:21:31,26.23,13115,5,卖盘
2341,13:21:37,26.23,13115,5,卖盘
2342,13:21:40,26.23,23607,9,卖盘
2343,13:21:43,26.24,133783,51,买盘
2344,13:21:46,26.23,13115,5,卖盘
2345,13:21:49,26.23,28853,11,卖盘
2346,13:21:52,26.23,65575,25,卖盘
2347,13:21:55,26.23,52455,20,买盘
2348,13:21:58,26.24,52474,20,买盘
2349,13:22:01,26.23,13115,5,买盘
2350,13:22:04,26.24,47226,18,买盘
2351,13:22:07,26.23,13115,5,卖盘
2352,13:22:10,26.23,31487,12,卖盘
2353,13:22:13,26.24,31479,12,买盘
2354,13:22:16,26.23,20985,8,卖盘
2355,13:22:19,26.24,44602,17,买盘
2356,13:22:25,26.23,94438,36,卖盘
2357,13:22:28,26.24,41984,16,买盘
2358,13:22:31,26.23,15738,6,卖盘
2359,13:22:34,26.24,10495,4,买盘
2360,13:22:37,26.24,133779,51,买盘
2361,13:22:40,26.23,15738,6,卖盘
2362,13:22:43,26.23,674091,257,卖盘
2363,13:22:46,26.23,20978,8,中性盘
2364,13:22:49,26.23,10492,4,买盘
2365,13:22:52,26.23,28847,11,买盘
2366,13:22:55,26.22,34086,13,卖盘
2367,13:22:58,26.22,20976,8,卖盘
2368,13:23:01,26.22,15732,6,卖盘
2369,13:23:04,26.22,7866,3,卖盘
2370,13:23:07,26.22,13110,5,卖盘
2371,13:23:10,26.22,39330,15,卖盘
2372,13:23:13,26.23,2623,1,买盘
2373,13:23:16,26.23,55083,21,买盘
2374,13:23:22,26.23,47214,18,买盘
2375,13:23:25,26.22,55070,21,卖盘
2376,13:23:28,26.24,2624,1,买盘
2377,13:23:31,26.23,10492,4,买盘
2378,13:23:34,26.24,15744,6,买盘
2379,13:23:37,26.24,5248,2,买盘
2380,13:23:43,26.23,31483,12,卖盘
2381,13:23:46,26.23,2623,1,卖盘
2382,13:23:49,26.24,91840,35,买盘
2383,13:23:52,26.23,13115,5,卖盘
2384,13:23:55,26.23,13116,5,卖盘
2385,13:23:58,26.24,26240,10,买盘
2386,13:24:01,26.23,10492,4,卖盘
2387,13:24:04,26.24,15744,6,买盘
2388,13:24:07,26.24,18362,7,买盘
2389,13:24:10,26.24,5248,2,买盘
2390,13:24:13,26.23,15738,6,卖盘
2391,13:24:16,26.23,15738,6,卖盘
2392,13:24:22,26.23,20984,8,卖盘
2393,13:24:25,26.23,144314,55,卖盘
2394,13:24:28,26.23,650751,248,卖盘
2395,13:24:31,26.24,39353,15,中性盘
2396,13:24:34,26.24,2624,1,中性盘
2397,13:24:37,26.24,18368,7,买盘
2398,13:24:40,26.25,28873,11,买盘
2399,13:24:49,26.25,7875,3,买盘
2400,13:24:52,26.24,194204,74,卖盘
2401,13:24:55,26.25,10500,4,买盘
2402,13:24:58,26.24,15744,6,卖盘
2403,13:25:01,26.24,23616,9,卖盘
2404,13:25:04,26.25,643125,245,买盘
2405,13:25:07,26.25,47250,18,买盘
2406,13:25:10,26.25,301988,115,卖盘
2407,13:25:13,26.27,13135,5,买盘
2408,13:25:16,26.27,28897,11,买盘
2409,13:25:19,26.27,328375,125,买盘
2410,13:25:22,26.27,47286,18,买盘
2411,13:25:25,26.27,42025,16,买盘
2412,13:25:28,26.27,869858,331,卖盘
2413,13:25:31,26.28,52560,20,买盘
2414,13:25:34,26.28,39420,15,买盘
2415,13:25:37,26.29,262895,100,买盘
2416,13:25:43,26.28,738468,281,卖盘
2417,13:25:46,26.29,34177,13,买盘
2418,13:25:49,26.28,42048,16,卖盘
2419,13:25:52,26.28,55201,21,卖盘
2420,13:25:55,26.28,47306,18,卖盘
2421,13:25:58,26.29,57838,22,买盘
2422,13:26:01,26.29,65711,25,买盘
2423,13:26:04,26.28,13141,5,卖盘
2424,13:26:07,26.28,28909,11,卖盘
2425,13:26:10,26.29,23661,9,买盘
2426,13:26:13,26.29,5258,2,买盘
2427,13:26:16,26.29,92010,35,买盘
2428,13:26:19,26.29,52580,20,买盘
2429,13:26:22,26.29,52580,20,买盘
2430,13:26:25,26.29,13145,5,买盘
2431,13:26:28,26.29,42062,16,买盘
2432,13:26:31,26.3,5260,2,买盘
2433,13:26:34,26.29,52587,20,卖盘
2434,13:26:40,26.29,349657,133,卖盘
2435,13:26:49,26.29,118310,45,卖盘
2436,13:26:52,26.29,99906,38,卖盘
2437,13:26:55,26.29,252403,96,卖盘
2438,13:26:58,26.29,57843,22,卖盘
2439,13:27:01,26.3,55220,21,买盘
2440,13:27:04,26.3,247220,94,买盘
2441,13:27:07,26.29,13145,5,卖盘
2442,13:27:10,26.3,36820,14,买盘
2443,13:27:13,26.3,18406,7,买盘
2444,13:27:16,26.29,507585,193,卖盘
2445,13:27:19,26.29,262900,100,卖盘
2446,13:27:22,26.29,13145,5,卖盘
2447,13:27:25,26.29,71002,27,卖盘
2448,13:27:28,26.29,57838,22,卖盘
2449,13:27:34,26.29,165677,63,卖盘
2450,13:27:37,26.29,10516,4,卖盘
2451,13:27:40,26.29,168292,64,卖盘
2452,13:27:43,26.29,42064,16,卖盘
2453,13:27:46,26.29,34172,13,卖盘
2454,13:27:49,26.29,68354,26,买盘
2455,13:27:52,26.28,13140,5,卖盘
2456,13:27:55,26.29,15774,6,买盘
2457,13:28:01,26.29,31538,12,买盘
2458,13:28:04,26.29,5258,2,买盘
2459,13:28:07,26.28,10512,4,卖盘
2460,13:28:10,26.29,26290,10,买盘
2461,13:28:13,26.28,97236,37,卖盘
2462,13:28:16,26.28,13136,5,买盘
2463,13:28:22,26.28,5256,2,买盘
2464,13:28:25,26.28,23648,9,买盘
2465,13:28:28,26.27,97206,37,卖盘
2466,13:28:31,26.27,15762,6,卖盘
2467,13:28:34,26.29,157706,60,买盘
2468,13:28:37,26.27,68303,26,卖盘
2469,13:28:43,26.28,21024,8,买盘
2470,13:28:55,26.28,10512,4,卖盘
2471,13:28:58,26.29,741373,282,买盘
2472,13:29:01,26.29,113047,43,卖盘
2473,13:29:04,26.29,418009,159,卖盘
2474,13:29:07,26.28,5256,2,中性盘
2475,13:29:10,26.28,202282,77,卖盘
2476,13:29:16,26.28,7884,3,买盘
2477,13:29:22,26.28,13140,5,买盘
2478,13:29:25,26.28,15768,6,买盘
2479,13:29:28,26.28,55188,21,买盘
2480,13:29:34,26.28,2628,1,卖盘
2481,13:29:37,26.28,2628,1,卖盘
2482,13:29:40,26.28,26280,10,卖盘
2483,13:29:43,26.29,370593,141,买盘
2484,13:29:46,26.29,39435,15,卖盘
2485,13:29:55,26.3,34178,13,买盘
2486,13:29:58,26.3,15778,6,买盘
2487,13:30:01,26.29,168256,64,卖盘
2488,13:30:04,26.29,5258,2,买盘
2489,13:30:07,26.29,23661,9,买盘
2490,13:30:10,26.29,23661,9,买盘
2491,13:30:13,26.29,39430,15,买盘
2492,13:30:16,26.28,13140,5,卖盘
2493,13:30:22,26.29,78865,30,买盘
2494,13:30:25,26.29,18401,7,买盘
2495,13:30:28,26.29,28919,11,买盘
2496,13:30:31,26.28,81469,31,卖盘
2497,13:30:34,26.29,26281,10,买盘
2498,13:30:37,26.28,13140,5,卖盘
2499,13:30:40,26.28,275940,105,卖盘
2500,13:30:43,26.28,13140,5,卖盘
2501,13:30:46,26.29,91998,35,买盘
2502,13:30:52,26.29,31539,12,买盘
2503,13:30:55,26.29,5257,2,买盘
2504,13:30:58,26.28,18396,7,卖盘
2505,13:31:01,26.28,34164,13,卖盘
2506,13:31:04,26.28,63072,24,买盘
2507,13:31:07,26.28,118260,45,卖盘
2508,13:31:10,26.28,39425,15,卖盘
2509,13:31:13,26.27,60428,23,卖盘
2510,13:31:16,26.28,23652,9,买盘
2511,13:31:19,26.28,31528,12,买盘
2512,13:31:25,26.28,39413,15,买盘
2513,13:31:28,26.27,2627,1,卖盘
2514,13:31:31,26.27,2627,1,卖盘
2515,13:31:34,26.28,23647,9,买盘
2516,13:31:37,26.27,13135,5,卖盘
2517,13:31:40,26.27,5254,2,卖盘
2518,13:31:43,26.27,23643,9,卖盘
2519,13:31:46,26.27,13135,5,卖盘
2520,13:31:49,26.28,7882,3,买盘
2521,13:31:55,26.27,147114,56,卖盘
2522,13:32:01,26.27,39405,15,卖盘
2523,13:32:04,26.27,84064,32,卖盘
2524,13:32:10,26.27,141858,54,卖盘
2525,13:32:13,26.27,7881,3,卖盘
2526,13:32:19,26.27,18392,7,卖盘
2527,13:32:22,26.27,31524,12,卖盘
2528,13:32:28,26.28,39416,15,买盘
2529,13:32:31,26.28,81467,31,买盘
2530,13:32:34,26.29,102526,39,买盘
2531,13:32:37,26.28,13142,5,卖盘
2532,13:32:40,26.29,31548,12,买盘
2533,13:32:43,26.29,131445,50,买盘
2534,13:32:52,26.29,47317,18,买盘
2535,13:32:55,26.29,118301,45,买盘
2536,13:32:58,26.29,34177,13,买盘
2537,13:33:01,26.28,52560,20,卖盘
2538,13:33:07,26.28,13140,5,卖盘
2539,13:33:10,26.28,15768,6,卖盘
2540,13:33:13,26.28,55188,21,卖盘
2541,13:33:19,26.28,13140,5,卖盘
2542,13:33:22,26.28,10512,4,卖盘
2543,13:33:25,26.28,7884,3,卖盘
2544,13:33:28,26.28,15769,6,卖盘
2545,13:33:37,26.28,15768,6,卖盘
2546,13:33:40,26.28,21024,8,卖盘
2547,13:33:43,26.28,28908,11,卖盘
2548,13:33:46,26.29,26288,10,买盘
2549,13:33:49,26.28,65714,25,卖盘
2550,13:33:52,26.29,60465,23,买盘
2551,13:33:55,26.29,49951,19,买盘
2552,13:34:04,26.29,23656,9,买盘
2553,13:34:07,26.29,5258,2,买盘
2554,13:34:10,26.28,168252,64,卖盘
2555,13:34:13,26.29,283916,108,买盘
2556,13:34:16,26.29,76233,29,买盘
2557,13:34:19,26.29,297077,113,买盘
2558,13:34:22,26.29,13145,5,卖盘
2559,13:34:25,26.29,78870,30,卖盘
2560,13:34:28,26.3,15780,6,买盘
2561,13:34:31,26.3,5260,2,买盘
2562,13:34:34,26.3,31560,12,买盘
2563,13:34:37,26.3,213029,81,买盘
2564,13:34:40,26.3,2630,1,买盘
2565,13:34:43,26.3,347156,132,买盘
2566,13:34:46,26.29,110441,42,卖盘
2567,13:34:49,26.3,15780,6,买盘
2568,13:34:52,26.3,21040,8,买盘
2569,13:34:55,26.29,34186,13,卖盘
2570,13:34:58,26.3,599472,228,买盘
2571,13:35:01,26.29,23666,9,卖盘
2572,13:35:04,26.3,84160,32,买盘
2573,13:35:07,26.3,39445,15,买盘
2574,13:35:10,26.3,7888,3,买盘
2575,13:35:13,26.3,13146,5,买盘
2576,13:35:16,26.3,5260,2,买盘
2577,13:35:19,26.3,60470,23,买盘
2578,13:35:28,26.29,42068,16,卖盘
2579,13:35:31,26.29,7887,3,卖盘
2580,13:35:34,26.29,2629,1,卖盘
2581,13:35:37,26.29,18405,7,卖盘
2582,13:35:40,26.29,42068,16,卖盘
2583,13:35:46,26.3,173515,66,买盘
2584,13:35:49,26.3,144596,55,买盘
2585,13:35:55,26.29,15774,6,卖盘
2586,13:36:01,26.29,52584,20,卖盘
2587,13:36:04,26.29,97273,37,卖盘
2588,13:36:07,26.29,15774,6,卖盘
2589,13:36:10,26.29,23661,9,卖盘
2590,13:36:13,26.29,5258,2,卖盘
2591,13:36:16,26.29,18405,7,卖盘
2592,13:36:22,26.29,47325,18,卖盘
2593,13:36:25,26.29,21032,8,卖盘
2594,13:36:28,26.28,21026,8,卖盘
2595,13:36:31,26.29,31546,12,买盘
2596,13:36:34,26.28,13140,5,卖盘
2597,13:36:40,26.28,23657,9,卖盘
2598,13:36:43,26.29,18402,7,买盘
2599,13:36:46,26.29,15773,6,买盘
2600,13:37:01,26.28,459900,175,卖盘
2601,13:37:04,26.28,112977,43,买盘
2602,13:37:07,26.27,7881,3,卖盘
2603,13:37:10,26.27,383569,146,卖盘
2604,13:37:13,26.27,26270,10,卖盘
2605,13:37:16,26.27,68302,26,卖盘
2606,13:37:19,26.26,97166,37,卖盘
2607,13:37:25,26.26,107666,41,卖盘
2608,13:37:28,26.26,36764,14,卖盘
2609,13:37:31,26.26,2626,1,卖盘
2610,13:37:34,26.26,178568,68,卖盘
2611,13:37:37,26.25,26250,10,卖盘
2612,13:37:40,26.26,5252,2,买盘
2613,13:37:46,26.25,10500,4,卖盘
2614,13:37:49,26.25,5250,2,卖盘
2615,13:37:52,26.25,370040,141,卖盘
2616,13:37:55,26.25,5250,2,买盘
2617,13:38:01,26.25,91875,35,买盘
2618,13:38:04,26.26,73480,28,买盘
2619,13:38:16,26.25,36752,14,卖盘
2620,13:38:19,26.25,15750,6,买盘
2621,13:38:22,26.25,23620,9,买盘
2622,13:38:31,26.24,13120,5,卖盘
2623,13:38:34,26.23,47214,18,卖盘
2624,13:38:37,26.23,10493,4,卖盘
2625,13:38:43,26.23,13116,5,卖盘
2626,13:38:46,26.24,23616,9,卖盘
2627,13:38:52,26.25,15745,6,买盘
2628,13:38:55,26.24,112867,43,卖盘
2629,13:39:04,26.25,39371,15,买盘
2630,13:39:07,26.24,62995,24,卖盘
2631,13:39:10,26.25,5250,2,买盘
2632,13:39:13,26.24,44612,17,卖盘
2633,13:39:25,26.24,20995,8,卖盘
2634,13:39:28,26.25,5250,2,买盘
2635,13:39:31,26.24,86621,33,卖盘
2636,13:39:37,26.25,26250,10,买盘
2637,13:39:43,26.24,65600,25,卖盘
2638,13:39:46,26.24,52480,20,卖盘
2639,13:39:49,26.24,15745,6,卖盘
2640,13:39:52,26.24,13120,5,卖盘
2641,13:39:58,26.24,10496,4,卖盘
2642,13:40:01,26.24,10496,4,卖盘
2643,13:40:04,26.24,28864,11,卖盘
2644,13:40:07,26.24,10496,4,卖盘
2645,13:40:10,26.24,20992,8,卖盘
2646,13:40:19,26.24,102336,39,卖盘
2647,13:40:22,26.24,10496,4,卖盘
2648,13:40:25,26.24,20992,8,卖盘
2649,13:40:28,26.24,62978,24,卖盘
2650,13:40:31,26.24,2624,1,卖盘
2651,13:40:34,26.25,18370,7,买盘
2652,13:40:40,26.24,62976,24,卖盘
2653,13:40:43,26.24,31488,12,卖盘
2654,13:40:46,26.24,44608,17,买盘
2655,13:40:49,26.24,15741,6,买盘
2656,13:40:52,26.24,23616,9,买盘
2657,13:40:55,26.24,86589,33,买盘
2658,13:40:58,26.24,36736,14,买盘
2659,13:41:04,26.25,13123,5,买盘
2660,13:41:07,26.25,13125,5,买盘
2661,13:41:10,26.24,23623,9,卖盘
2662,13:41:13,26.25,39375,15,买盘
2663,13:41:19,26.26,493480,188,买盘
2664,13:41:22,26.26,31512,12,买盘
2665,13:41:25,26.26,2626,1,买盘
2666,13:41:28,26.25,2625,1,卖盘
2667,13:41:31,26.26,55146,21,买盘
2668,13:41:34,26.26,18382,7,买盘
2669,13:41:37,26.26,15756,6,买盘
2670,13:41:43,26.26,18377,7,买盘
2671,13:41:46,26.25,133891,51,卖盘
2672,13:41:49,26.25,13125,5,卖盘
2673,13:41:52,26.26,36764,14,买盘
2674,13:41:55,26.26,5252,2,买盘
2675,13:41:58,26.26,26260,10,买盘
2676,13:42:04,26.26,23630,9,买盘
2677,13:42:10,26.25,13125,5,卖盘
2678,13:42:13,26.25,10503,4,卖盘
2679,13:42:16,26.25,47250,18,卖盘
2680,13:42:19,26.25,18375,7,卖盘
2681,13:42:22,26.25,2625,1,卖盘
2682,13:42:25,26.25,73500,28,卖盘
2683,13:42:28,26.25,31504,12,卖盘
2684,13:42:31,26.25,2625,1,卖盘
2685,13:42:34,26.24,23627,9,卖盘
2686,13:42:37,26.24,20992,8,卖盘
2687,13:42:40,26.24,10496,4,卖盘
2688,13:42:46,26.24,10496,4,卖盘
2689,13:42:49,26.25,20993,8,买盘
2690,13:42:52,26.25,7875,3,买盘
2691,13:42:55,26.24,13120,5,卖盘
2692,13:42:58,26.24,13120,5,卖盘
2693,13:43:04,26.25,78750,30,买盘
2694,13:43:07,26.24,2624,1,卖盘
2695,13:43:10,26.24,28864,11,卖盘
2696,13:43:13,26.24,2624,1,卖盘
2697,13:43:16,26.24,2624,1,卖盘
2698,13:43:19,26.24,65600,25,卖盘
2699,13:43:22,26.24,110224,42,买盘
2700,13:43:25,26.24,81344,31,买盘
2701,13:43:28,26.24,23616,9,卖盘
2702,13:43:31,26.24,10496,4,买盘
2703,13:43:34,26.24,49856,19,买盘
2704,13:43:37,26.24,5248,2,买盘
2705,13:43:40,26.24,5248,2,买盘
2706,13:43:43,26.24,10496,4,买盘
2707,13:43:46,26.24,13120,5,买盘
2708,13:43:49,26.24,15744,6,买盘
2709,13:43:52,26.24,15744,6,买盘
2710,13:43:58,26.24,23616,9,买盘
2711,13:44:01,26.24,13120,5,买盘
2712,13:44:04,26.24,2624,1,买盘
2713,13:44:07,26.24,15744,6,买盘
2714,13:44:10,26.24,10496,4,买盘
2715,13:44:16,26.24,118078,45,买盘
2716,13:44:19,26.23,5246,2,卖盘
2717,13:44:25,26.24,15740,6,买盘
2718,13:44:28,26.24,62953,24,买盘
2719,13:44:31,26.23,13115,5,卖盘
2720,13:44:34,26.24,157468,60,买盘
2721,13:44:37,26.24,13120,5,卖盘
2722,13:44:40,26.24,15744,6,买盘
2723,13:44:43,26.25,120706,46,买盘
2724,13:44:49,26.25,2625,1,买盘
2725,13:44:52,26.25,2625,1,买盘
2726,13:44:55,26.25,26245,10,买盘
2727,13:44:58,26.25,7875,3,买盘
2728,13:45:01,26.25,18370,7,买盘
2729,13:45:04,26.25,10500,4,买盘
2730,13:45:07,26.24,13120,5,卖盘
2731,13:45:13,26.24,238784,91,卖盘
2732,13:45:16,26.24,28864,11,买盘
2733,13:45:19,26.24,39355,15,买盘
2734,13:45:25,26.24,41984,16,买盘
2735,13:45:28,26.24,7872,3,卖盘
2736,13:45:40,26.25,5250,2,买盘
2737,13:45:43,26.24,13120,5,卖盘
2738,13:45:49,26.25,23620,9,买盘
2739,13:45:55,26.24,10496,4,卖盘
2740,13:46:01,26.24,10496,4,卖盘
2741,13:46:04,26.25,13125,5,买盘
2742,13:46:07,26.25,18370,7,买盘
2743,13:46:10,26.24,28864,11,卖盘
2744,13:46:13,26.25,39375,15,买盘
2745,13:46:16,26.24,26240,10,卖盘
2746,13:46:22,26.25,26245,10,买盘
2747,13:46:25,26.24,18369,7,卖盘
2748,13:46:31,26.24,13120,5,卖盘
2749,13:46:34,26.25,396364,151,买盘
2750,13:46:37,26.25,7874,3,买盘
2751,13:46:40,26.24,15749,6,卖盘
2752,13:46:43,26.25,39375,15,买盘
2753,13:46:46,26.24,55104,21,卖盘
2754,13:46:49,26.24,47232,18,卖盘
2755,13:46:52,26.24,47232,18,卖盘
2756,13:46:55,26.25,28875,11,买盘
2757,13:46:58,26.25,2625,1,买盘
2758,13:47:01,26.24,13120,5,卖盘
2759,13:47:07,26.24,47232,18,卖盘
2760,13:47:10,26.24,202048,77,卖盘
2761,13:47:13,26.23,13115,5,卖盘
2762,13:47:16,26.24,2624,1,买盘
2763,13:47:19,26.24,26236,10,买盘
2764,13:47:22,26.24,94464,36,买盘
2765,13:47:25,26.24,13120,5,买盘
2766,13:47:28,26.24,13120,5,买盘
2767,13:47:34,26.23,15740,6,卖盘
2768,13:47:37,26.24,18368,7,买盘
2769,13:47:40,26.24,2624,1,卖盘
2770,13:47:43,26.24,10496,4,卖盘
2771,13:47:46,26.24,2624,1,买盘
2772,13:47:55,26.23,55083,21,卖盘
2773,13:47:58,26.23,78690,30,卖盘
2774,13:48:01,26.23,15738,6,卖盘
2775,13:48:04,26.23,590175,225,卖盘
2776,13:48:07,26.23,123281,47,卖盘
2777,13:48:10,26.23,2623,1,买盘
2778,13:48:16,26.22,10488,4,卖盘
2779,13:48:19,26.22,86526,33,卖盘
2780,13:48:22,26.23,18361,7,买盘
2781,13:48:25,26.22,62928,24,卖盘
2782,13:48:28,26.22,41952,16,卖盘
2783,13:48:31,26.22,13110,5,卖盘
2784,13:48:40,26.22,65550,25,卖盘
2785,13:48:43,26.22,26220,10,卖盘
2786,13:48:46,26.22,18356,7,卖盘
2787,13:48:49,26.22,55067,21,卖盘
2788,13:48:52,26.22,20976,8,买盘
2789,13:48:55,26.22,13110,5,买盘
2790,13:48:58,26.22,15732,6,买盘
2791,13:49:01,26.22,7866,3,卖盘
2792,13:49:07,26.22,5244,2,卖盘
2793,13:49:10,26.22,7866,3,卖盘
2794,13:49:16,26.22,41952,16,卖盘
2795,13:49:19,26.22,15733,6,卖盘
2796,13:49:22,26.23,7869,3,买盘
2797,13:49:28,26.23,13115,5,买盘
2798,13:49:31,26.22,55062,21,卖盘
2799,13:49:34,26.22,2622,1,卖盘
2800,13:49:43,26.23,28848,11,买盘
2801,13:49:46,26.23,5246,2,买盘
2802,13:49:49,26.22,15732,6,卖盘
2803,13:49:55,26.23,139019,53,买盘
2804,13:49:58,26.23,2623,1,卖盘
2805,13:50:01,26.23,2623,1,卖盘
2806,13:50:04,26.23,86559,33,卖盘
2807,13:50:07,26.23,41970,16,卖盘
2808,13:50:10,26.23,5246,2,中性盘
2809,13:50:16,26.23,89178,34,买盘
2810,13:50:19,26.23,2623,1,买盘
2811,13:50:22,26.23,5246,2,中性盘
2812,13:50:28,26.23,26230,10,买盘
2813,13:50:34,26.23,31476,12,买盘
2814,13:50:37,26.23,170555,65,卖盘
2815,13:50:43,26.24,5248,2,买盘
2816,13:50:46,26.23,7869,3,卖盘
2817,13:50:49,26.23,57706,22,卖盘
2818,13:50:52,26.23,52460,20,卖盘
2819,13:50:55,26.23,36722,14,买盘
2820,13:50:58,26.23,5246,2,买盘
2821,13:51:01,26.23,18361,7,卖盘
2822,13:51:04,26.25,320126,122,买盘
2823,13:51:07,26.25,23625,9,买盘
2824,13:51:13,26.25,7875,3,买盘
2825,13:51:16,26.25,275625,105,买盘
2826,13:51:19,26.24,26246,10,卖盘
2827,13:51:28,26.26,18382,7,买盘
2828,13:51:31,26.25,2625,1,卖盘
2829,13:51:34,26.26,7878,3,买盘
2830,13:51:40,26.25,89250,34,卖盘
2831,13:51:43,26.25,15752,6,卖盘
2832,13:51:49,26.26,157548,60,买盘
2833,13:51:55,26.26,49894,19,买盘
2834,13:51:58,26.25,23625,9,卖盘
2835,13:52:01,26.25,28875,11,卖盘
2836,13:52:04,26.25,89250,34,卖盘
2837,13:52:13,26.25,18375,7,买盘
2838,13:52:19,26.24,15745,6,卖盘
2839,13:52:22,26.24,7872,3,卖盘
2840,13:52:25,26.24,10496,4,卖盘
2841,13:52:31,26.24,23616,9,卖盘
2842,13:52:37,26.24,15744,6,卖盘
2843,13:52:40,26.25,15750,6,买盘
2844,13:52:43,26.24,28865,11,卖盘
2845,13:52:46,26.25,52500,20,买盘
2846,13:52:49,26.24,7872,3,卖盘
2847,13:52:52,26.24,5248,2,卖盘
2848,13:52:55,26.24,207296,79,卖盘
2849,13:52:58,26.24,13120,5,买盘
2850,13:53:01,26.25,343861,131,买盘
2851,13:53:04,26.23,141642,54,卖盘
2852,13:53:07,26.27,2646231,1007,买盘
2853,13:53:10,26.25,18381,7,中性盘
2854,13:53:13,26.25,21001,8,卖盘
2855,13:53:16,26.25,13129,5,卖盘
2856,13:53:22,26.26,63024,24,买盘
2857,13:53:28,26.26,13130,5,卖盘
2858,13:53:34,26.26,34138,13,卖盘
2859,13:53:37,26.26,244196,93,卖盘
2860,13:53:40,26.27,52540,20,买盘
2861,13:53:49,26.27,21015,8,买盘
2862,13:53:52,26.26,5252,2,卖盘
2863,13:53:55,26.27,5253,2,买盘
2864,13:53:58,26.26,55146,21,卖盘
2865,13:54:01,26.25,15750,6,卖盘
2866,13:54:07,26.25,23625,9,卖盘
2867,13:54:10,26.25,7875,3,卖盘
2868,13:54:16,26.24,13120,5,卖盘
2869,13:54:19,26.25,2625,1,买盘
2870,13:54:22,26.24,10496,4,卖盘
2871,13:54:25,26.24,15745,6,卖盘
2872,13:54:31,26.24,10496,4,卖盘
2873,13:54:34,26.25,73500,28,买盘
2874,13:54:37,26.25,36746,14,买盘
2875,13:54:40,26.25,10500,4,卖盘
2876,13:54:43,26.25,2625,1,卖盘
2877,13:54:46,26.26,28886,11,买盘
2878,13:54:49,26.25,47253,18,卖盘
2879,13:54:52,26.26,7878,3,买盘
2880,13:54:55,26.26,23630,9,买盘
2881,13:54:58,26.26,152252,58,买盘
2882,13:55:01,26.25,13126,5,卖盘
2883,13:55:04,26.25,5251,2,卖盘
2884,13:55:07,26.26,13126,5,买盘
2885,13:55:13,26.25,13125,5,卖盘
2886,13:55:16,26.25,13125,5,卖盘
2887,13:55:19,26.25,5250,2,卖盘
2888,13:55:22,26.26,254627,97,买盘
2889,13:55:25,26.25,34125,13,卖盘
2890,13:55:28,26.25,26250,10,卖盘
2891,13:55:31,26.25,21000,8,卖盘
2892,13:55:34,26.25,2625,1,卖盘
2893,13:55:37,26.25,13125,5,卖盘
2894,13:55:43,26.25,10500,4,卖盘
2895,13:55:46,26.25,2625,1,卖盘
2896,13:55:49,26.25,15750,6,卖盘
2897,13:55:52,26.26,267832,102,买盘
2898,13:56:04,26.27,7880,3,买盘
2899,13:56:07,26.27,55162,21,买盘
2900,13:56:10,26.27,31524,12,买盘
2901,13:56:13,26.26,2626,1,卖盘
2902,13:56:16,26.26,13130,5,卖盘
2903,13:56:19,26.26,31519,12,卖盘
2904,13:56:22,26.26,13130,5,卖盘
2905,13:56:28,26.27,31520,12,买盘
2906,13:56:31,26.26,10504,4,卖盘
2907,13:56:34,26.27,21011,8,买盘
2908,13:56:37,26.26,91910,35,卖盘
2909,13:56:40,26.26,65650,25,卖盘
2910,13:56:43,26.26,160186,61,卖盘
2911,13:56:46,26.27,2627,1,买盘
2912,13:56:49,26.26,15756,6,卖盘
2913,13:56:55,26.26,10504,4,卖盘
2914,13:57:01,26.26,10504,4,卖盘
2915,13:57:04,26.26,52532,20,卖盘
2916,13:57:07,26.26,21008,8,卖盘
2917,13:57:13,26.27,52540,20,买盘
2918,13:57:16,26.26,13130,5,卖盘
2919,13:57:19,26.26,7878,3,卖盘
2920,13:57:25,26.27,21011,8,买盘
2921,13:57:31,26.26,15756,6,卖盘
2922,13:57:34,26.26,13130,5,卖盘
2923,13:57:37,26.26,139178,53,卖盘
2924,13:57:40,26.26,2626,1,卖盘
2925,13:57:43,26.26,81406,31,卖盘
2926,13:57:46,26.26,31512,12,卖盘
2927,13:57:49,26.26,13130,5,卖盘
2928,13:57:52,26.26,47268,18,卖盘
2929,13:57:55,26.26,42016,16,卖盘
2930,13:57:58,26.26,47268,18,卖盘
2931,13:58:01,26.26,28887,11,卖盘
2932,13:58:04,26.26,5252,2,卖盘
2933,13:58:07,26.27,42025,16,买盘
2934,13:58:13,26.27,5254,2,买盘
2935,13:58:16,26.26,10504,4,卖盘
2936,13:58:19,26.26,23638,9,卖盘
2937,13:58:22,26.27,39405,15,买盘
2938,13:58:25,26.26,10504,4,卖盘
2939,13:58:28,26.26,13130,5,卖盘
2940,13:58:31,26.26,622362,237,卖盘
2941,13:58:34,26.26,18382,7,卖盘
2942,13:58:40,26.26,39390,15,卖盘
2943,13:58:43,26.26,23634,9,卖盘
2944,13:58:49,26.26,84032,32,卖盘
2945,13:58:52,26.26,36764,14,卖盘
2946,13:58:55,26.26,23634,9,卖盘
2947,13:58:58,26.27,5254,2,买盘
2948,13:59:01,26.26,2626,1,卖盘
2949,13:59:04,26.26,175945,67,卖盘
2950,13:59:07,26.26,5252,2,卖盘
2951,13:59:10,26.26,21008,8,卖盘
2952,13:59:13,26.27,23642,9,买盘
2953,13:59:19,26.27,23643,9,买盘
2954,13:59:22,26.27,267954,102,买盘
2955,13:59:25,26.27,152366,58,买盘
2956,13:59:28,26.27,181263,69,买盘
2957,13:59:31,26.27,131350,50,买盘
2958,13:59:34,26.28,21022,8,买盘
2959,13:59:37,26.28,5256,2,买盘
2960,13:59:40,26.28,26280,10,买盘
2961,13:59:43,26.28,36792,14,买盘
2962,13:59:46,26.29,10516,4,买盘
2963,13:59:49,26.29,26290,10,买盘
2964,13:59:52,26.29,47322,18,买盘
2965,13:59:55,26.29,23665,9,卖盘
2966,13:59:58,26.29,55209,21,卖盘
2967,14:00:01,26.29,15775,6,卖盘
2968,14:00:10,26.3,5260,2,买盘
2969,14:00:13,26.29,26290,10,卖盘
2970,14:00:19,26.3,2630,1,买盘
2971,14:00:22,26.29,70995,27,卖盘
2972,14:00:25,26.3,13150,5,买盘
2973,14:00:28,26.3,5260,2,买盘
2974,14:00:31,26.29,86757,33,卖盘
2975,14:00:34,26.3,15775,6,买盘
2976,14:00:37,26.27,901593,343,卖盘
2977,14:00:40,26.27,63060,24,卖盘
2978,14:00:46,26.28,112984,43,买盘
2979,14:00:52,26.28,5257,2,卖盘
2980,14:00:55,26.29,5258,2,买盘
2981,14:01:04,26.28,15768,6,卖盘
2982,14:01:07,26.28,13140,5,卖盘
2983,14:01:10,26.29,34175,13,买盘
2984,14:01:13,26.29,13145,5,买盘
2985,14:01:16,26.29,10516,4,买盘
2986,14:01:22,26.28,18396,7,卖盘
2987,14:01:28,26.28,84098,32,卖盘
2988,14:01:31,26.29,63096,24,买盘
2989,14:01:34,26.28,23656,9,卖盘
2990,14:01:37,26.29,189288,72,买盘
2991,14:01:40,26.29,5258,2,买盘
2992,14:01:43,26.29,7887,3,买盘
2993,14:01:46,26.29,86754,33,买盘
2994,14:01:49,26.29,5258,2,买盘
2995,14:01:55,26.29,5258,2,买盘
2996,14:02:01,26.29,26290,10,买盘
2997,14:02:04,26.28,26289,10,卖盘
2998,14:02:07,26.28,2628,1,卖盘
2999,14:02:10,26.28,55188,21,卖盘
3000,14:02:13,26.29,15769,6,买盘
3001,14:02:25,26.28,57816,22,卖盘
3002,14:02:49,26.29,262900,100,买盘
3003,14:02:52,26.29,2629,1,买盘
3004,14:03:01,26.29,26290,10,买盘
3005,14:03:04,26.29,278674,106,买盘
3006,14:03:07,26.29,720338,274,买盘
3007,14:03:10,26.29,147217,56,买盘
3008,14:03:13,26.28,244493,93,卖盘
3009,14:03:16,26.29,18403,7,买盘
3010,14:03:22,26.28,60446,23,卖盘
3011,14:03:25,26.28,296965,113,卖盘
3012,14:03:28,26.29,231352,88,买盘
3013,14:03:34,26.29,28913,11,买盘
3014,14:03:37,26.29,2629,1,买盘
3015,14:03:40,26.28,91981,35,卖盘
3016,14:03:43,26.28,21024,8,卖盘
3017,14:03:46,26.28,2628,1,卖盘
3018,14:03:49,26.27,18391,7,卖盘
3019,14:03:52,26.27,10508,4,卖盘
3020,14:04:01,26.27,26270,10,卖盘
3021,14:04:04,26.28,2628,1,买盘
3022,14:04:07,26.27,47286,18,卖盘
3023,14:04:10,26.27,2627,1,卖盘
3024,14:04:13,26.27,5254,2,卖盘
3025,14:04:19,26.27,7881,3,卖盘
3026,14:04:22,26.27,23643,9,卖盘
3027,14:04:28,26.28,36792,14,买盘
3028,14:04:34,26.28,110346,42,买盘
3029,14:04:37,26.28,21024,8,买盘
3030,14:04:40,26.28,70956,27,买盘
3031,14:04:43,26.28,15768,6,卖盘
3032,14:04:46,26.28,2628,1,卖盘
3033,14:04:49,26.28,15769,6,卖盘
3034,14:04:58,26.29,2629,1,买盘
3035,14:05:01,26.28,10512,4,卖盘
3036,14:05:04,26.28,197150,75,卖盘
3037,14:05:10,26.28,39420,15,卖盘
3038,14:05:13,26.27,39406,15,卖盘
3039,14:05:19,26.28,2628,1,买盘
3040,14:05:31,26.27,15764,6,卖盘
3041,14:05:34,26.27,2627,1,卖盘
3042,14:05:37,26.28,36783,14,买盘
3043,14:05:40,26.27,13135,5,卖盘
3044,14:05:43,26.27,344137,131,卖盘
3045,14:05:46,26.28,2628,1,买盘
3046,14:05:49,26.27,26270,10,卖盘
3047,14:05:52,26.28,2628,1,买盘
3048,14:05:55,26.28,239148,91,买盘
3049,14:05:58,26.28,44666,17,买盘
3050,14:06:01,26.27,26270,10,卖盘
3051,14:06:07,26.27,18391,7,卖盘
3052,14:06:16,26.28,26280,10,买盘
3053,14:06:19,26.27,39410,15,卖盘
3054,14:06:22,26.27,23643,9,卖盘
3055,14:06:28,26.27,23643,9,卖盘
3056,14:06:31,26.28,215496,82,买盘
3057,14:06:34,26.28,34164,13,买盘
3058,14:06:37,26.28,18396,7,买盘
3059,14:06:40,26.28,13140,5,卖盘
3060,14:06:46,26.28,2628,1,卖盘
3061,14:06:49,26.29,39425,15,买盘
3062,14:06:52,26.29,339141,129,买盘
3063,14:07:01,26.28,5256,2,卖盘
3064,14:07:04,26.28,23652,9,卖盘
3065,14:07:07,26.28,2628,1,卖盘
3066,14:07:13,26.29,15774,6,买盘
3067,14:07:16,26.28,26280,10,卖盘
3068,14:07:31,26.28,49942,19,卖盘
3069,14:07:34,26.28,141912,54,卖盘
3070,14:07:40,26.29,2629,1,买盘
3071,14:07:43,26.29,2629,1,买盘
3072,14:07:46,26.28,23652,9,卖盘
3073,14:07:52,26.29,525800,200,买盘
3074,14:07:55,26.29,10516,4,买盘
3075,14:08:01,26.28,26280,10,卖盘
3076,14:08:04,26.28,1553150,591,卖盘
3077,14:08:07,26.29,2629,1,买盘
3078,14:08:16,26.28,94608,36,卖盘
3079,14:08:22,26.28,21024,8,卖盘
3080,14:08:25,26.27,257495,98,卖盘
3081,14:08:28,26.28,5255,2,买盘
3082,14:08:31,26.27,44659,17,卖盘
3083,14:08:34,26.28,10511,4,买盘
3084,14:08:37,26.27,21016,8,卖盘
3085,14:08:40,26.27,149741,57,卖盘
3086,14:08:43,26.27,2627,1,卖盘
3087,14:08:46,26.27,44659,17,卖盘
3088,14:08:49,26.27,26270,10,卖盘
3089,14:08:52,26.27,36778,14,卖盘
3090,14:08:55,26.26,21008,8,卖盘
3091,14:09:01,26.26,210080,80,卖盘
3092,14:09:04,26.27,13131,5,买盘
3093,14:09:07,26.26,21008,8,卖盘
3094,14:09:13,26.26,144430,55,卖盘
3095,14:09:16,26.26,21008,8,卖盘
3096,14:09:19,26.26,13130,5,卖盘
3097,14:09:22,26.26,23634,9,卖盘
3098,14:09:25,26.26,42016,16,卖盘
3099,14:09:28,26.26,564402,215,卖盘
3100,14:09:31,26.25,31504,12,卖盘
3101,14:09:37,26.26,49876,19,买盘
3102,14:09:40,26.26,76132,29,买盘
3103,14:09:43,26.25,7875,3,卖盘
3104,14:09:46,26.25,15750,6,卖盘
3105,14:09:49,26.24,47232,18,卖盘
3106,14:09:52,26.25,49861,19,买盘
3107,14:09:58,26.24,20992,8,卖盘
3108,14:10:01,26.25,120734,46,买盘
3109,14:10:04,26.24,5248,2,卖盘
3110,14:10:10,26.24,23616,9,卖盘
3111,14:10:13,26.24,5248,2,卖盘
3112,14:10:16,26.24,23616,9,卖盘
3113,14:10:19,26.24,26241,10,卖盘
3114,14:10:22,26.25,5250,2,买盘
3115,14:10:25,26.25,39366,15,买盘
3116,14:10:28,26.24,5248,2,卖盘
3117,14:10:31,26.24,47237,18,卖盘
3118,14:10:37,26.24,39361,15,卖盘
3119,14:10:40,26.24,49856,19,卖盘
3120,14:10:43,26.24,28864,11,卖盘
3121,14:10:46,26.24,81342,31,卖盘
3122,14:10:49,26.23,144305,55,卖盘
3123,14:10:52,26.23,102297,39,卖盘
3124,14:10:55,26.23,34099,13,卖盘
3125,14:11:01,26.23,233447,89,卖盘
3126,14:11:04,26.24,76071,29,买盘
3127,14:11:07,26.23,20984,8,卖盘
3128,14:11:10,26.23,157380,60,卖盘
3129,14:11:13,26.2,3420038,1305,卖盘
3130,14:11:16,26.2,167700,64,卖盘
3131,14:11:19,26.21,112675,43,买盘
3132,14:11:22,26.2,715027,273,卖盘
3133,14:11:25,26.2,49773,19,卖盘
3134,14:11:28,26.2,186020,71,买盘
3135,14:11:31,26.2,78600,30,卖盘
3136,14:11:34,26.2,5240,2,卖盘
3137,14:11:37,26.2,1021801,390,卖盘
3138,14:11:40,26.2,772900,295,买盘
3139,14:11:43,26.21,52404,20,买盘
3140,14:11:46,26.2,20962,8,卖盘
3141,14:11:49,26.2,15724,6,卖盘
3142,14:11:52,26.21,86493,33,买盘
3143,14:11:55,26.22,52423,20,买盘
3144,14:12:01,26.22,5244,2,买盘
3145,14:12:04,26.21,15726,6,卖盘
3146,14:12:07,26.21,70767,27,卖盘
3147,14:12:10,26.21,5242,2,买盘
3148,14:12:13,26.2,39300,15,卖盘
3149,14:12:16,26.2,23580,9,卖盘
3150,14:12:22,26.21,44550,17,买盘
3151,14:12:25,26.21,382636,146,买盘
3152,14:12:31,26.2,57646,22,卖盘
3153,14:12:34,26.2,41924,16,卖盘
3154,14:12:37,26.2,18341,7,卖盘
3155,14:12:40,26.2,180780,69,卖盘
3156,14:12:43,26.19,26193,10,卖盘
3157,14:12:46,26.19,41904,16,卖盘
3158,14:12:52,26.19,28809,11,卖盘
3159,14:12:55,26.19,52380,20,卖盘
3160,14:13:01,26.2,110018,42,买盘
3161,14:13:04,26.21,474309,181,买盘
3162,14:13:07,26.22,26220,10,买盘
3163,14:13:10,26.22,2622,1,买盘
3164,14:13:13,26.21,836130,319,卖盘
3165,14:13:16,26.2,28820,11,卖盘
3166,14:13:19,26.21,62904,24,买盘
3167,14:13:22,26.21,83861,32,买盘
3168,14:13:28,26.2,31440,12,卖盘
3169,14:13:31,26.2,115303,44,卖盘
3170,14:13:37,26.2,47160,18,卖盘
3171,14:13:43,26.21,131029,50,买盘
3172,14:13:46,26.2,1113423,425,卖盘
3173,14:13:52,26.21,112681,43,买盘
3174,14:13:55,26.2,167732,64,卖盘
3175,14:14:01,26.2,47160,18,卖盘
3176,14:14:07,26.2,26200,10,卖盘
3177,14:14:13,26.21,65506,25,买盘
3178,14:14:16,26.2,62881,24,卖盘
3179,14:14:19,26.2,13100,5,卖盘
3180,14:14:22,26.21,159872,61,买盘
3181,14:14:25,26.2,47160,18,卖盘
3182,14:14:28,26.2,18342,7,卖盘
3183,14:14:31,26.2,28821,11,卖盘
3184,14:14:34,26.2,31440,12,卖盘
3185,14:14:37,26.2,39300,15,卖盘
3186,14:14:40,26.2,107420,41,卖盘
3187,14:14:43,26.2,52410,20,卖盘
