,成交时间,成交价格,成交金额,成交量,性质
0,09:25:03,27.19,28217782,10378,卖盘
1,09:30:00,27.16,4631427,1703,卖盘
2,09:30:03,27.17,1518355,559,买盘
3,09:30:06,27.17,3541398,1304,买盘
4,09:30:09,27.15,5043929,1857,中性盘
5,09:30:12,27.14,6390230,2354,中性盘
6,09:30:15,27.14,4529333,1668,买盘
7,09:30:18,27.14,4798806,1768,买盘
8,09:30:21,27.11,6756659,2490,卖盘
9,09:30:24,27.1,6451181,2377,卖盘
10,09:30:27,27.16,5186412,1911,买盘
11,09:30:30,27.11,4260365,1571,中性盘
12,09:30:33,27.12,5828901,2148,买盘
13,09:30:36,27.12,10862685,4003,买盘
14,09:30:39,27.14,9370074,3453,买盘
15,09:30:42,27.14,7827399,2884,卖盘
16,09:30:45,27.14,10335878,3810,卖盘
17,09:30:48,27.14,10084647,3720,卖盘
18,09:30:51,27.18,15261151,5625,买盘
19,09:30:54,27.18,19359011,7128,卖盘
20,09:30:57,27.18,17763673,6535,买盘
21,09:31:00,27.22,19329279,7110,买盘
22,09:31:03,27.23,3542269,1301,买盘
23,09:31:06,27.27,5259051,1930,买盘
24,09:31:09,27.27,5818283,2133,买盘
25,09:31:12,27.33,5273062,1931,买盘
26,09:31:15,27.38,11453216,4188,买盘
27,09:31:18,27.41,10157215,3708,买盘
28,09:31:21,27.44,4980692,1815,买盘
29,09:31:24,27.45,3897831,1420,买盘
30,09:31:27,27.46,7264546,2646,买盘
31,09:31:30,27.46,14291219,5202,卖盘
32,09:31:33,27.49,8364816,3043,买盘
33,09:31:36,27.48,15766079,5735,卖盘
34,09:31:39,27.49,9831212,3578,买盘
35,09:31:42,27.46,21232746,7730,卖盘
36,09:31:45,27.42,28612355,10418,卖盘
37,09:31:48,27.46,5584379,2034,买盘
38,09:31:51,27.41,10141221,3695,卖盘
39,09:31:54,27.45,5789082,2110,买盘
40,09:31:57,27.45,6709170,2445,买盘
41,09:32:00,27.46,8578964,3125,买盘
42,09:32:03,27.45,11493615,4187,卖盘
43,09:32:06,27.43,6913940,2520,卖盘
44,09:32:09,27.4,7343042,2680,卖盘
45,09:32:12,27.29,13116555,4794,卖盘
46,09:32:15,27.36,13752283,5035,买盘
47,09:32:18,27.35,4174131,1528,中性盘
48,09:32:21,27.35,5065244,1852,买盘
49,09:32:24,27.33,11508469,4209,卖盘
50,09:32:27,27.31,5300960,1942,中性盘
51,09:32:30,27.31,13715175,5030,买盘
52,09:32:33,27.25,3605783,1323,卖盘
53,09:32:36,27.23,3904329,1434,卖盘
54,09:32:39,27.23,7018890,2579,买盘
55,09:32:42,27.23,3107700,1142,买盘
56,09:32:45,27.25,3839067,1410,买盘
57,09:32:48,27.24,3514500,1290,中性盘
58,09:32:51,27.26,6816578,2501,买盘
59,09:32:54,27.23,4093449,1502,卖盘
60,09:32:57,27.26,4749995,1742,卖盘
61,09:33:00,27.27,6965574,2555,买盘
62,09:33:03,27.26,7282655,2671,卖盘
63,09:33:06,27.26,2938420,1078,买盘
64,09:33:09,27.27,2979348,1093,买盘
65,09:33:12,27.27,4800787,1761,买盘
66,09:33:15,27.27,3768936,1382,买盘
67,09:33:18,27.29,2934402,1076,买盘
68,09:33:21,27.27,1334106,489,卖盘
69,09:33:24,27.32,8808507,3227,买盘
70,09:33:27,27.32,5047554,1848,买盘
71,09:33:30,27.3,2661529,975,买盘
72,09:33:33,27.31,2263472,829,买盘
73,09:33:36,27.29,1667670,611,卖盘
74,09:33:39,27.27,4702101,1724,卖盘
75,09:33:42,27.26,1933448,709,卖盘
76,09:33:45,27.26,2659015,975,买盘
77,09:33:48,27.25,2027665,744,卖盘
78,09:33:51,27.22,3198984,1175,卖盘
79,09:33:54,27.22,4086186,1501,买盘
80,09:33:57,27.21,2574818,946,中性盘
81,09:34:00,27.26,2225830,817,买盘
82,09:34:03,27.27,2391741,877,买盘
83,09:34:06,27.28,3297486,1209,中性盘
84,09:34:09,27.28,1833010,672,买盘
85,09:34:12,27.33,7512523,2752,买盘
86,09:34:15,27.37,5238807,1915,买盘
87,09:34:18,27.38,1647312,602,买盘
88,09:34:21,27.37,2129271,778,中性盘
89,09:34:24,27.34,1799617,658,卖盘
90,09:34:27,27.34,4969361,1816,买盘
91,09:34:30,27.36,2522059,922,买盘
92,09:34:33,27.36,2774175,1014,买盘
93,09:34:36,27.38,4119852,1505,买盘
94,09:34:39,27.39,5836253,2133,买盘
95,09:34:42,27.38,2419232,883,卖盘
96,09:34:45,27.36,1166182,426,卖盘
97,09:34:48,27.36,1607803,588,买盘
98,09:34:51,27.36,1706828,624,买盘
99,09:34:54,27.33,1509476,552,卖盘
100,09:34:57,27.34,1596968,584,买盘
101,09:35:00,27.36,4988756,1824,买盘
102,09:35:03,27.32,5469914,1999,卖盘
103,09:35:06,27.34,1608305,588,中性盘
104,09:35:09,27.39,9357983,3417,买盘
105,09:35:12,27.41,6162137,2249,买盘
106,09:35:15,27.42,4880729,1780,买盘
107,09:35:18,27.45,4047754,1475,买盘
108,09:35:21,27.44,3867023,1409,买盘
109,09:35:24,27.45,4815245,1753,买盘
110,09:35:27,27.44,2814530,1025,卖盘
111,09:35:30,27.39,5369933,1958,卖盘
112,09:35:33,27.42,1581596,577,买盘
113,09:35:36,27.39,1475243,538,卖盘
114,09:35:39,27.4,3934240,1436,买盘
115,09:35:42,27.4,3676901,1342,买盘
116,09:35:45,27.4,1433237,523,卖盘
117,09:35:48,27.4,4195192,1531,卖盘
118,09:35:51,27.4,7985317,2914,买盘
119,09:35:54,27.4,1301447,475,买盘
120,09:35:57,27.39,1816488,663,卖盘
121,09:36:00,27.42,3517756,1284,买盘
122,09:36:03,27.43,10125508,3694,买盘
123,09:36:06,27.42,2503763,913,卖盘
124,09:36:09,27.44,11622624,4237,买盘
125,09:36:12,27.45,5821562,2121,买盘
126,09:36:15,27.41,7243396,2641,卖盘
127,09:36:18,27.41,2610435,952,卖盘
128,09:36:21,27.42,2531565,923,中性盘
129,09:36:24,27.43,1560670,569,中性盘
130,09:36:27,27.45,5829194,2124,买盘
131,09:36:30,27.45,4034797,1470,买盘
132,09:36:33,27.42,10961567,3997,卖盘
133,09:36:36,27.42,2322301,847,买盘
134,09:36:39,27.42,581606,212,卖盘
135,09:36:42,27.42,1152225,420,卖盘
136,09:36:45,27.42,3890948,1419,卖盘
137,09:36:48,27.42,5584491,2037,买盘
138,09:36:51,27.42,2743331,1001,买盘
139,09:36:54,27.42,3846055,1403,买盘
140,09:36:57,27.4,1847482,674,卖盘
141,09:37:00,27.42,1537754,561,买盘
142,09:37:03,27.4,1622299,592,卖盘
143,09:37:06,27.4,1167029,426,买盘
144,09:37:09,27.39,1199723,438,卖盘
145,09:37:12,27.38,5290433,1933,买盘
146,09:37:15,27.39,1947377,711,买盘
147,09:37:18,27.39,3218112,1176,买盘
148,09:37:21,27.39,1842764,673,买盘
149,09:37:24,27.36,884365,323,卖盘
150,09:37:27,27.38,774743,283,买盘
151,09:37:30,27.4,7490810,2735,买盘
152,09:37:33,27.41,3740995,1365,买盘
153,09:37:36,27.42,1899486,693,买盘
154,09:37:39,27.41,1395411,509,卖盘
155,09:37:42,27.39,1800414,657,卖盘
156,09:37:45,27.4,5873348,2144,买盘
157,09:37:48,27.39,6033997,2203,卖盘
158,09:37:51,27.39,1413227,516,买盘
159,09:37:54,27.36,314828,115,卖盘
160,09:37:57,27.35,2335539,854,卖盘
161,09:38:00,27.35,1047461,383,买盘
162,09:38:03,27.33,609660,223,卖盘
163,09:38:06,27.33,385335,141,卖盘
164,09:38:09,27.33,453639,166,买盘
165,09:38:12,27.3,4609467,1688,卖盘
166,09:38:15,27.29,5712331,2092,卖盘
167,09:38:18,27.33,5021559,1838,买盘
168,09:38:21,27.39,5261322,1923,买盘
169,09:38:24,27.39,451826,165,买盘
170,09:38:27,27.38,1612492,589,卖盘
171,09:38:30,27.36,2214995,809,卖盘
172,09:38:33,27.38,5950960,2174,买盘
173,09:38:36,27.38,3569344,1303,买盘
174,09:38:39,27.36,4247061,1551,卖盘
175,09:38:42,27.38,2356418,861,买盘
176,09:38:45,27.35,2605740,952,卖盘
177,09:38:48,27.36,673173,246,卖盘
178,09:38:51,27.36,1338297,489,卖盘
179,09:38:54,27.39,1957534,715,买盘
180,09:38:57,27.38,392355,143,中性盘
181,09:39:00,27.41,5751860,2099,买盘
182,09:39:03,27.42,8099052,2954,买盘
183,09:39:06,27.44,5586061,2036,买盘
184,09:39:09,27.44,757123,276,中性盘
185,09:39:12,27.44,1108601,404,买盘
186,09:39:15,27.43,3023132,1102,卖盘
187,09:39:18,27.4,2430286,887,卖盘
188,09:39:21,27.4,1737612,634,买盘
189,09:39:24,27.41,1343792,490,买盘
190,09:39:27,27.42,337264,123,买盘
191,09:39:30,27.42,400264,146,买盘
192,09:39:33,27.41,1296583,473,卖盘
193,09:39:36,27.39,1304401,476,卖盘
194,09:39:39,27.38,4130111,1508,卖盘
195,09:39:42,27.38,777592,284,买盘
196,09:39:45,27.38,1607260,587,买盘
197,09:39:48,27.39,610800,223,买盘
198,09:39:51,27.36,3449901,1260,卖盘
199,09:39:54,27.36,2339710,855,卖盘
200,09:39:57,27.39,1713492,626,买盘
201,09:40:00,27.38,2097235,766,卖盘
202,09:40:03,27.35,947116,346,卖盘
203,09:40:06,27.37,2852964,1043,买盘
204,09:40:09,27.37,2582898,944,买盘
205,09:40:12,27.37,1469368,537,卖盘
206,09:40:15,27.37,3441333,1257,买盘
207,09:40:18,27.37,1535992,561,买盘
208,09:40:21,27.38,1384128,506,买盘
209,09:40:24,27.39,876234,320,买盘
210,09:40:27,27.39,1006983,368,买盘
211,09:40:30,27.37,2810183,1026,卖盘
212,09:40:33,27.4,1838430,671,买盘
213,09:40:36,27.36,4463146,1630,卖盘
214,09:40:39,27.36,3647072,1332,卖盘
215,09:40:42,27.38,1842740,673,买盘
216,09:40:45,27.37,1368698,500,中性盘
217,09:40:48,27.38,2303095,841,买盘
218,09:40:51,27.4,4672418,1705,买盘
219,09:40:54,27.42,2414596,881,买盘
220,09:40:57,27.39,2914784,1064,卖盘
221,09:41:00,27.4,1370059,500,买盘
222,09:41:03,27.38,1848851,675,卖盘
223,09:41:06,27.36,2197301,803,卖盘
224,09:41:09,27.35,837489,306,卖盘
225,09:41:12,27.39,484647,177,买盘
226,09:41:15,27.39,772150,282,买盘
227,09:41:18,27.38,1432613,523,中性盘
228,09:41:21,27.39,786063,287,买盘
229,09:41:24,27.39,1191495,435,买盘
230,09:41:27,27.39,1397145,510,买盘
231,09:41:30,27.43,18005258,6569,买盘
232,09:41:33,27.45,16504114,6013,买盘
233,09:41:36,27.46,10173234,3705,买盘
234,09:41:39,27.46,2182920,795,买盘
235,09:41:42,27.46,15462954,5630,买盘
236,09:41:45,27.45,1166896,425,卖盘
237,09:41:48,27.46,1276875,465,买盘
238,09:41:51,27.44,2937290,1070,卖盘
239,09:41:54,27.44,3639588,1326,买盘
240,09:41:57,27.45,3721877,1356,买盘
241,09:42:00,27.45,1345148,490,买盘
242,09:42:03,27.46,1018472,371,买盘
243,09:42:06,27.46,1172428,427,买盘
244,09:42:09,27.43,2914239,1062,卖盘
245,09:42:12,27.43,1466929,535,买盘
246,09:42:15,27.44,735168,268,买盘
247,09:42:18,27.46,5833048,2125,买盘
248,09:42:21,27.46,977132,356,买盘
249,09:42:24,27.46,2797331,1019,买盘
250,09:42:27,27.44,1004684,366,卖盘
251,09:42:30,27.46,5925214,2158,买盘
252,09:42:33,27.44,406231,148,卖盘
253,09:42:36,27.44,1660786,605,卖盘
254,09:42:39,27.45,10500697,3824,买盘
255,09:42:42,27.45,3046670,1110,卖盘
256,09:42:45,27.44,6923713,2523,卖盘
257,09:42:48,27.45,1076274,392,买盘
258,09:42:51,27.43,2158682,787,卖盘
259,09:42:54,27.41,828359,302,中性盘
260,09:42:57,27.43,2432218,887,买盘
261,09:43:00,27.42,682837,249,中性盘
262,09:43:03,27.41,3416673,1246,卖盘
263,09:43:06,27.42,1653241,603,买盘
264,09:43:09,27.42,1834503,669,买盘
265,09:43:12,27.42,2322647,847,卖盘
266,09:43:15,27.43,872194,318,买盘
267,09:43:18,27.41,2499415,911,卖盘
268,09:43:21,27.42,172742,63,买盘
269,09:43:24,27.41,430467,157,卖盘
270,09:43:27,27.41,10242512,3737,卖盘
271,09:43:30,27.41,1743038,636,买盘
272,09:43:33,27.4,276811,101,中性盘
273,09:43:36,27.4,2233503,815,买盘
274,09:43:39,27.41,2163318,789,中性盘
275,09:43:42,27.41,924667,337,卖盘
276,09:43:45,27.42,5028453,1834,买盘
277,09:43:48,27.43,754214,275,买盘
278,09:43:51,27.42,1409487,514,卖盘
279,09:43:54,27.42,972031,354,买盘
280,09:43:57,27.42,948831,346,卖盘
281,09:44:00,27.42,2721960,993,卖盘
282,09:44:03,27.42,677264,247,买盘
283,09:44:06,27.41,2673011,975,卖盘
284,09:44:09,27.4,1573257,574,卖盘
285,09:44:12,27.41,1989497,726,买盘
286,09:44:15,27.41,4593552,1676,买盘
287,09:44:18,27.41,4104741,1497,买盘
288,09:44:21,27.43,3309716,1206,买盘
289,09:44:24,27.44,3915247,1427,买盘
290,09:44:27,27.44,485581,177,买盘
291,09:44:30,27.43,765309,279,卖盘
292,09:44:33,27.44,1577537,575,买盘
293,09:44:36,27.44,3849163,1403,卖盘
294,09:44:39,27.44,3013144,1098,买盘
295,09:44:42,27.44,622919,227,卖盘
296,09:44:45,27.44,1344944,490,卖盘
297,09:44:48,27.44,4053303,1477,卖盘
298,09:44:51,27.42,1696332,619,卖盘
299,09:44:54,27.43,669118,244,买盘
300,09:44:57,27.43,1776091,647,买盘
301,09:45:00,27.43,422464,154,卖盘
302,09:45:03,27.42,869386,317,卖盘
303,09:45:06,27.42,1860766,679,卖盘
304,09:45:09,27.43,1143879,417,买盘
305,09:45:12,27.42,1878062,685,卖盘
306,09:45:15,27.43,1509821,551,买盘
307,09:45:18,27.43,1611493,587,买盘
308,09:45:21,27.42,1494481,545,卖盘
309,09:45:24,27.42,682639,249,买盘
310,09:45:27,27.43,6778962,2472,买盘
311,09:45:30,27.46,11552337,4209,买盘
312,09:45:33,27.45,2333416,850,卖盘
313,09:45:36,27.47,1469249,535,买盘
314,09:45:39,27.45,1535336,559,卖盘
315,09:45:42,27.46,1293428,471,买盘
316,09:45:45,27.47,760822,277,买盘
317,09:45:48,27.46,1521476,554,卖盘
318,09:45:51,27.47,1005135,366,买盘
319,09:45:54,27.46,9361533,3407,卖盘
320,09:45:57,27.47,13003879,4731,买盘
321,09:46:00,27.48,93870794,34136,中性盘
322,09:46:03,27.5,5070083,1844,买盘
323,09:46:06,27.52,1835083,667,买盘
324,09:46:09,27.52,1362233,495,买盘
325,09:46:12,27.52,2017235,733,买盘
326,09:46:15,27.53,2623246,953,买盘
327,09:46:18,27.53,1514279,550,买盘
328,09:46:21,27.54,1578059,573,中性盘
329,09:46:24,27.49,7162677,2603,卖盘
330,09:46:27,27.5,2660390,968,买盘
331,09:46:30,27.48,3137115,1141,卖盘
332,09:46:33,27.49,1726673,628,买盘
333,09:46:36,27.49,1798204,654,买盘
334,09:46:39,27.49,428895,156,卖盘
335,09:46:42,27.5,802979,292,买盘
336,09:46:45,27.51,1003994,365,买盘
337,09:46:48,27.51,1142089,415,卖盘
338,09:46:51,27.52,2089151,759,买盘
339,09:46:54,27.53,2166388,787,买盘
340,09:46:57,27.54,3387367,1230,买盘
341,09:47:00,27.57,10001969,3630,买盘
342,09:47:03,27.58,6163288,2235,买盘
343,09:47:06,27.59,2452685,889,买盘
344,09:47:09,27.63,13561347,4912,买盘
345,09:47:12,27.64,1558615,564,买盘
346,09:47:15,27.66,4630715,1675,买盘
347,09:47:18,27.66,4801263,1736,买盘
348,09:47:21,27.62,10547005,3815,卖盘
349,09:47:24,27.6,4404422,1595,卖盘
350,09:47:27,27.6,2242329,812,买盘
351,09:47:30,27.6,3193082,1156,卖盘
352,09:47:33,27.6,1942700,704,买盘
353,09:47:36,27.6,1115373,404,买盘
354,09:47:39,27.6,10555061,3821,卖盘
355,09:47:42,27.61,2416933,875,买盘
356,09:47:45,27.62,1464160,530,中性盘
357,09:47:48,27.61,1041164,377,卖盘
358,09:47:51,27.62,635296,230,买盘
359,09:47:54,27.6,3690948,1337,卖盘
360,09:47:57,27.58,2892109,1048,卖盘
361,09:48:00,27.56,835463,303,卖盘
362,09:48:03,27.55,1840378,668,卖盘
363,09:48:06,27.54,994685,361,中性盘
364,09:48:09,27.54,922788,335,卖盘
365,09:48:12,27.55,600457,218,买盘
366,09:48:15,27.54,746600,271,卖盘
367,09:48:18,27.55,876047,318,买盘
368,09:48:21,27.54,2900155,1053,卖盘
369,09:48:24,27.54,2021023,734,买盘
370,09:48:27,27.54,1520399,552,卖盘
371,09:48:30,27.55,682960,248,买盘
372,09:48:33,27.53,883786,321,卖盘
373,09:48:36,27.54,3734117,1357,买盘
374,09:48:39,27.53,2046204,743,中性盘
375,09:48:42,27.52,1533201,557,卖盘
376,09:48:45,27.54,1095674,398,买盘
377,09:48:48,27.54,3208345,1165,买盘
378,09:48:51,27.52,564359,205,卖盘
379,09:48:54,27.52,1054330,383,卖盘
380,09:48:57,27.52,1791832,651,卖盘
381,09:49:00,27.52,668824,243,卖盘
382,09:49:03,27.52,1904744,692,卖盘
383,09:49:06,27.52,1054252,383,卖盘
384,09:49:09,27.51,1081543,393,卖盘
385,09:49:12,27.52,170607,62,买盘
386,09:49:15,27.48,2878896,1047,卖盘
387,09:49:18,27.52,4568389,1661,买盘
388,09:49:21,27.53,2034559,739,买盘
389,09:49:24,27.53,525966,191,卖盘
390,09:49:27,27.53,1919243,697,卖盘
391,09:49:30,27.51,4720036,1715,卖盘
392,09:49:33,27.51,2833240,1030,卖盘
393,09:49:36,27.51,2153792,783,卖盘
394,09:49:39,27.51,1331281,484,卖盘
395,09:49:42,27.52,2517346,915,买盘
396,09:49:45,27.52,2063104,750,买盘
397,09:49:48,27.51,2239361,814,卖盘
398,09:49:51,27.51,1179701,429,中性盘
399,09:49:54,27.5,805729,293,卖盘
400,09:49:57,27.49,1286628,468,卖盘
401,09:50:00,27.48,486249,177,卖盘
402,09:50:03,27.48,744833,271,卖盘
403,09:50:06,27.48,2576177,938,卖盘
404,09:50:09,27.47,2004309,730,中性盘
405,09:50:12,27.47,1249334,455,买盘
406,09:50:15,27.42,1388396,506,卖盘
407,09:50:18,27.44,850748,310,中性盘
408,09:50:21,27.44,1554972,567,卖盘
409,09:50:24,27.46,726906,265,买盘
410,09:50:27,27.45,1265499,461,中性盘
411,09:50:30,27.45,795965,290,中性盘
412,09:50:33,27.47,10169246,3703,买盘
413,09:50:36,27.5,4268338,1554,买盘
414,09:50:39,27.48,1556242,566,中性盘
415,09:50:42,27.46,2086918,760,卖盘
416,09:50:45,27.46,1806499,658,买盘
417,09:50:48,27.46,1485380,541,买盘
418,09:50:51,27.44,1024024,373,卖盘
419,09:50:54,27.46,1111908,405,买盘
420,09:50:57,27.47,1270931,463,买盘
421,09:51:00,27.46,606542,221,中性盘
422,09:51:03,27.46,1411241,514,买盘
423,09:51:06,27.45,1465603,534,卖盘
424,09:51:09,27.46,6017027,2192,买盘
425,09:51:12,27.46,1641495,598,买盘
426,09:51:15,27.47,1142479,416,买盘
427,09:51:18,27.46,519048,189,卖盘
428,09:51:21,27.46,821002,299,卖盘
429,09:51:24,27.47,873396,318,买盘
430,09:51:27,27.48,862615,314,买盘
431,09:51:30,27.46,1019087,371,卖盘
432,09:51:33,27.48,450400,164,买盘
433,09:51:36,27.49,799495,291,买盘
434,09:51:39,27.5,739304,269,买盘
435,09:51:42,27.5,852327,310,买盘
436,09:51:45,27.51,1770866,644,买盘
437,09:51:48,27.52,1273417,463,买盘
438,09:51:51,27.5,572028,208,卖盘
439,09:51:54,27.5,937718,341,买盘
440,09:51:57,27.51,1031388,375,买盘
441,09:52:00,27.51,376846,137,买盘
442,09:52:03,27.49,2408394,876,卖盘
443,09:52:06,27.5,1034111,376,买盘
444,09:52:09,27.5,1463164,532,卖盘
445,09:52:12,27.5,1080620,393,卖盘
446,09:52:15,27.48,475583,173,卖盘
447,09:52:18,27.47,733521,267,卖盘
448,09:52:21,27.45,323993,118,卖盘
449,09:52:24,27.48,263736,96,买盘
450,09:52:27,27.46,2716862,990,卖盘
451,09:52:30,27.45,1954979,712,卖盘
452,09:52:33,27.45,227909,83,卖盘
453,09:52:36,27.45,601238,219,卖盘
454,09:52:39,27.46,1430331,521,买盘
455,09:52:42,27.45,1018665,371,卖盘
456,09:52:45,27.46,1378695,502,买盘
457,09:52:48,27.46,590294,215,买盘
458,09:52:51,27.44,458460,167,卖盘
459,09:52:54,27.45,895037,326,买盘
460,09:52:57,27.46,395393,144,买盘
461,09:53:00,27.44,1169458,426,卖盘
462,09:53:03,27.42,1714271,625,卖盘
463,09:53:06,27.43,1143389,417,买盘
464,09:53:09,27.42,1069820,390,买盘
465,09:53:12,27.41,233045,85,卖盘
466,09:53:15,27.41,375515,137,买盘
467,09:53:18,27.41,1704695,622,买盘
468,09:53:21,27.42,748416,273,买盘
469,09:53:24,27.42,2987170,1090,卖盘
470,09:53:27,27.41,932420,340,卖盘
471,09:53:30,27.42,383798,140,中性盘
472,09:53:33,27.41,164407,60,买盘
473,09:53:36,27.41,608319,222,买盘
474,09:53:39,27.4,608438,222,买盘
475,09:53:42,27.4,597407,218,卖盘
476,09:53:45,27.4,756308,276,卖盘
477,09:53:48,27.42,1455607,531,买盘
478,09:53:51,27.39,364412,133,卖盘
479,09:53:54,27.39,682230,249,卖盘
480,09:53:57,27.39,1194565,436,卖盘
481,09:54:00,27.38,2073115,757,卖盘
482,09:54:03,27.37,2055939,751,卖盘
483,09:54:06,27.36,2142792,783,卖盘
484,09:54:09,27.35,2472038,904,卖盘
485,09:54:12,27.35,175032,64,卖盘
486,09:54:15,27.33,623507,228,卖盘
487,09:54:18,27.33,5133345,1880,卖盘
488,09:54:21,27.32,516353,189,卖盘
489,09:54:24,27.32,1010955,370,卖盘
490,09:54:27,27.33,3016880,1104,买盘
491,09:54:30,27.33,844446,309,买盘
492,09:54:33,27.34,1606668,588,买盘
493,09:54:36,27.34,833738,305,买盘
494,09:54:39,27.34,1593464,583,卖盘
495,09:54:42,27.33,724337,265,卖盘
496,09:54:45,27.33,1473310,539,卖盘
497,09:54:48,27.33,1213922,444,卖盘
498,09:54:51,27.33,956584,350,卖盘
499,09:54:54,27.34,1391102,509,买盘
500,09:54:57,27.31,3182376,1165,卖盘
501,09:55:00,27.3,1035033,379,卖盘
502,09:55:03,27.31,1972514,722,买盘
503,09:55:06,27.37,3713915,1358,买盘
504,09:55:09,27.36,503602,184,卖盘
505,09:55:12,27.35,1260925,461,卖盘
506,09:55:15,27.38,4030041,1473,买盘
507,09:55:18,27.38,202625,74,卖盘
508,09:55:21,27.38,832279,304,卖盘
509,09:55:24,27.37,602115,220,买盘
510,09:55:27,27.37,736246,269,买盘
511,09:55:30,27.37,3890578,1421,买盘
512,09:55:33,27.37,1111940,406,卖盘
513,09:55:36,27.4,756137,276,买盘
514,09:55:39,27.39,1323179,483,卖盘
515,09:55:42,27.4,11436620,4181,买盘
516,09:55:45,27.39,1003322,366,中性盘
517,09:55:48,27.4,468794,171,中性盘
518,09:55:51,27.42,474119,173,买盘
519,09:55:54,27.41,976251,356,中性盘
520,09:55:57,27.41,1439598,525,卖盘
521,09:56:00,27.43,790970,288,中性盘
522,09:56:03,27.45,510448,186,买盘
523,09:56:06,27.45,1762373,642,买盘
524,09:56:09,27.48,1706102,621,买盘
525,09:56:12,27.5,1157315,421,买盘
526,09:56:15,27.49,593960,216,卖盘
527,09:56:18,27.5,2034937,740,买盘
528,09:56:21,27.51,1432774,521,买盘
529,09:56:24,27.5,539126,196,卖盘
530,09:56:27,27.53,2331045,847,买盘
531,09:56:30,27.52,972095,353,卖盘
532,09:56:33,27.5,2388614,868,卖盘
533,09:56:36,27.52,1949861,709,买盘
534,09:56:39,27.5,577698,210,卖盘
535,09:56:42,27.51,1638718,596,买盘
536,09:56:45,27.52,1794560,652,买盘
537,09:56:48,27.52,1940264,705,卖盘
538,09:56:51,27.53,943875,343,买盘
539,09:56:54,27.51,2537039,922,卖盘
540,09:56:57,27.51,1287919,468,买盘
541,09:57:00,27.53,462408,168,买盘
542,09:57:03,27.5,1557730,566,卖盘
543,09:57:06,27.51,558647,203,中性盘
544,09:57:09,27.51,404524,147,卖盘
545,09:57:12,27.51,916142,333,卖盘
546,09:57:15,27.51,1468711,534,买盘
547,09:57:18,27.5,1108712,403,中性盘
548,09:57:21,27.5,624314,227,卖盘
549,09:57:24,27.5,453738,165,买盘
550,09:57:27,27.5,723118,263,买盘
551,09:57:30,27.5,3227442,1175,买盘
552,09:57:33,27.5,2004972,729,买盘
553,09:57:36,27.5,1627627,592,卖盘
554,09:57:39,27.5,915903,333,卖盘
555,09:57:42,27.49,349209,127,中性盘
556,09:57:45,27.5,1756662,639,买盘
557,09:57:48,27.5,500518,182,卖盘
558,09:57:51,27.49,893788,325,卖盘
559,09:57:54,27.5,544467,198,买盘
560,09:57:57,27.5,682992,248,买盘
561,09:58:00,27.5,615980,224,买盘
562,09:58:03,27.49,272215,99,卖盘
563,09:58:06,27.49,569084,207,卖盘
564,09:58:09,27.5,626861,228,买盘
565,09:58:12,27.5,692810,252,买盘
566,09:58:15,27.49,866117,315,卖盘
567,09:58:18,27.49,714803,260,卖盘
568,09:58:21,27.5,580071,211,买盘
569,09:58:24,27.49,752146,274,卖盘
570,09:58:27,27.48,445321,162,卖盘
571,09:58:30,27.48,901352,328,卖盘
572,09:58:33,27.48,698051,254,卖盘
573,09:58:36,27.48,692568,252,买盘
574,09:58:39,27.47,494662,180,卖盘
575,09:58:42,27.47,272035,99,卖盘
576,09:58:45,27.47,478084,174,卖盘
577,09:58:48,27.48,3832510,1397,买盘
578,09:58:51,27.47,239054,87,卖盘
579,09:58:54,27.47,442389,161,卖盘
580,09:58:57,27.49,651437,237,买盘
581,09:59:00,27.48,428697,156,卖盘
582,09:59:03,27.48,860276,313,卖盘
583,09:59:06,27.5,878081,319,买盘
584,09:59:09,27.5,233727,85,买盘
585,09:59:12,27.5,1215451,442,买盘
586,09:59:15,27.5,998198,363,买盘
587,09:59:18,27.5,783678,285,买盘
588,09:59:21,27.49,2137638,778,卖盘
589,09:59:24,27.49,258379,94,买盘
590,09:59:27,27.49,566256,206,买盘
591,09:59:30,27.49,505845,184,买盘
592,09:59:33,27.49,217163,79,买盘
593,09:59:36,27.49,533274,194,买盘
594,09:59:39,27.49,610327,222,卖盘
595,09:59:42,27.49,184222,67,卖盘
596,09:59:45,27.5,1421508,517,买盘
597,09:59:48,27.49,613150,223,卖盘
598,09:59:51,27.5,1589474,578,买盘
599,09:59:54,27.5,1033903,376,买盘
600,09:59:57,27.49,753439,274,卖盘
601,10:00:00,27.5,2051191,746,买盘
602,10:00:03,27.5,549985,200,买盘
603,10:00:06,27.53,8977917,3263,买盘
604,10:00:09,27.56,5189730,1884,买盘
605,10:00:12,27.56,2243730,814,买盘
606,10:00:15,27.58,2519887,914,买盘
607,10:00:18,27.58,590227,214,买盘
608,10:00:21,27.57,2699166,979,卖盘
609,10:00:24,27.55,2558314,929,卖盘
610,10:00:27,27.5,817190,297,卖盘
611,10:00:30,27.5,803342,292,卖盘
612,10:00:33,27.47,2820396,1026,卖盘
613,10:00:36,27.49,541514,197,买盘
614,10:00:39,27.49,1610280,586,买盘
615,10:00:42,27.47,689706,251,卖盘
616,10:00:45,27.46,805064,293,卖盘
617,10:00:48,27.47,920405,335,买盘
618,10:00:51,27.47,425788,155,卖盘
619,10:00:54,27.47,450458,164,卖盘
620,10:00:57,27.5,882241,321,买盘
621,10:01:00,27.47,492044,179,卖盘
622,10:01:03,27.49,541173,197,买盘
623,10:01:06,27.49,1390550,506,买盘
624,10:01:09,27.49,582647,212,买盘
625,10:01:12,27.5,244658,89,买盘
626,10:01:15,27.51,896542,326,买盘
627,10:01:18,27.54,1487586,541,买盘
628,10:01:21,27.53,206469,75,中性盘
629,10:01:24,27.53,4162657,1511,卖盘
630,10:01:27,27.53,536973,195,卖盘
631,10:01:30,27.5,2256038,820,卖盘
632,10:01:33,27.5,706583,257,卖盘
633,10:01:36,27.49,390272,142,中性盘
634,10:01:39,27.49,720188,262,买盘
635,10:01:42,27.48,2361991,859,卖盘
636,10:01:45,27.5,874382,318,买盘
637,10:01:48,27.49,1093867,398,买盘
638,10:01:51,27.5,354643,129,买盘
639,10:01:54,27.5,1292093,470,买盘
640,10:01:57,27.51,1006492,366,买盘
641,10:02:00,27.5,244741,89,买盘
642,10:02:03,27.5,563710,205,买盘
643,10:02:06,27.49,901903,328,卖盘
644,10:02:09,27.49,621471,226,卖盘
645,10:02:12,27.49,549908,200,卖盘
646,10:02:15,27.5,445531,162,买盘
647,10:02:18,27.49,2089343,760,卖盘
648,10:02:21,27.49,648751,236,买盘
649,10:02:24,27.48,126447,46,卖盘
650,10:02:27,27.5,426139,155,买盘
651,10:02:30,27.48,316097,115,卖盘
652,10:02:33,27.49,239163,87,买盘
653,10:02:36,27.49,1379559,502,买盘
654,10:02:39,27.49,728475,265,买盘
655,10:02:42,27.48,173113,63,买盘
656,10:02:45,27.5,255668,93,买盘
657,10:02:48,27.48,401230,146,卖盘
658,10:02:51,27.48,464524,169,卖盘
659,10:02:54,27.49,151179,55,买盘
660,10:02:57,27.49,645919,235,买盘
661,10:03:00,27.49,233717,85,卖盘
662,10:03:03,27.51,2689598,978,买盘
663,10:03:06,27.52,1949665,709,买盘
664,10:03:09,27.52,924690,336,买盘
665,10:03:12,27.53,311074,113,买盘
666,10:03:15,27.55,1396349,507,买盘
667,10:03:18,27.56,1793451,651,买盘
668,10:03:21,27.56,1193213,433,买盘
669,10:03:24,27.56,518093,188,买盘
670,10:03:27,27.58,829829,301,买盘
671,10:03:30,27.58,887945,322,买盘
672,10:03:33,27.58,802514,291,买盘
673,10:03:36,27.58,1301718,472,买盘
674,10:03:39,27.57,1798042,652,卖盘
675,10:03:42,27.57,1566331,568,卖盘
676,10:03:45,27.58,1199354,435,买盘
677,10:03:48,27.57,1558291,565,卖盘
678,10:03:51,27.57,1965874,713,卖盘
679,10:03:54,27.57,683785,248,买盘
680,10:03:57,27.55,824191,299,卖盘
681,10:04:00,27.56,1282058,465,买盘
682,10:04:03,27.57,292261,106,卖盘
683,10:04:06,27.59,1177634,427,买盘
684,10:04:09,27.57,1822641,661,卖盘
685,10:04:12,27.53,6999461,2541,卖盘
686,10:04:15,27.56,1324681,481,买盘
687,10:04:18,27.56,3161322,1147,买盘
688,10:04:21,27.53,655777,238,卖盘
689,10:04:24,27.56,473842,172,买盘
690,10:04:27,27.55,906527,329,中性盘
691,10:04:30,27.53,1267853,460,卖盘
692,10:04:33,27.56,482004,175,买盘
693,10:04:36,27.53,1806457,656,卖盘
694,10:04:39,27.54,889649,323,买盘
695,10:04:42,27.54,413058,150,买盘
696,10:04:45,27.53,581137,211,卖盘
697,10:04:48,27.53,1680461,610,卖盘
698,10:04:51,27.53,3303884,1200,卖盘
699,10:04:54,27.53,578153,210,买盘
700,10:04:57,27.53,765356,278,卖盘
701,10:05:00,27.55,1707585,620,买盘
702,10:05:03,27.5,4777578,1737,卖盘
703,10:05:06,27.5,2050965,746,卖盘
704,10:05:09,27.48,1939458,705,卖盘
705,10:05:12,27.47,601674,219,卖盘
706,10:05:15,27.46,1611849,587,卖盘
707,10:05:18,27.46,1691523,616,买盘
708,10:05:21,27.46,409183,149,卖盘
709,10:05:24,27.46,403608,147,买盘
710,10:05:27,27.46,258190,94,卖盘
711,10:05:30,27.47,657009,239,买盘
712,10:05:33,27.47,1159178,422,卖盘
713,10:05:36,27.43,2215919,807,卖盘
714,10:05:39,27.45,1689372,615,买盘
715,10:05:42,27.45,686377,250,卖盘
716,10:05:45,27.47,532787,194,买盘
717,10:05:48,27.45,1254438,457,卖盘
718,10:05:51,27.43,710820,259,卖盘
719,10:05:54,27.45,872368,318,买盘
720,10:05:57,27.43,216812,79,中性盘
721,10:06:00,27.44,908565,331,中性盘
722,10:06:03,27.44,408956,149,卖盘
723,10:06:06,27.44,760252,277,卖盘
724,10:06:09,27.44,2480512,904,卖盘
725,10:06:12,27.45,450100,164,买盘
726,10:06:15,27.45,609264,222,买盘
727,10:06:18,27.46,2078114,757,买盘
728,10:06:21,27.47,1735524,632,买盘
729,10:06:24,27.47,879095,320,卖盘
730,10:06:27,27.49,879412,320,买盘
731,10:06:30,27.49,2679597,975,买盘
732,10:06:33,27.49,874612,318,卖盘
733,10:06:36,27.49,626809,228,卖盘
734,10:06:39,27.48,1202172,437,卖盘
735,10:06:42,27.49,1091202,397,买盘
736,10:06:45,27.49,618559,225,买盘
737,10:06:48,27.48,1047961,381,卖盘
738,10:06:51,27.49,717628,261,中性盘
739,10:06:54,27.51,357509,130,买盘
740,10:06:57,27.51,926711,337,买盘
741,10:07:00,27.51,1062372,386,买盘
742,10:07:03,27.5,654605,238,卖盘
743,10:07:06,27.51,343784,125,买盘
744,10:07:09,27.5,1149967,418,卖盘
745,10:07:12,27.49,266739,97,卖盘
746,10:07:15,27.48,1847206,672,卖盘
747,10:07:18,27.48,1350014,491,中性盘
748,10:07:21,27.48,425979,155,卖盘
749,10:07:24,27.48,1030441,375,买盘
750,10:07:27,27.47,579735,211,卖盘
751,10:07:30,27.46,1280870,466,卖盘
752,10:07:33,27.47,335070,122,买盘
753,10:07:36,27.47,1068565,389,买盘
754,10:07:39,27.48,816511,297,买盘
755,10:07:42,27.48,252862,92,卖盘
756,10:07:45,27.48,1187110,432,卖盘
757,10:07:48,27.46,2000269,728,卖盘
758,10:07:51,27.47,384657,140,买盘
759,10:07:54,27.5,316020,115,买盘
760,10:07:57,27.49,780502,284,中性盘
761,10:08:00,27.48,706582,257,中性盘
762,10:08:03,27.47,667727,243,卖盘
763,10:08:06,27.47,535797,195,中性盘
764,10:08:09,27.5,1311258,477,买盘
765,10:08:12,27.5,703959,256,买盘
766,10:08:15,27.5,527968,192,买盘
767,10:08:18,27.5,1052430,383,买盘
768,10:08:21,27.51,352065,128,买盘
769,10:08:24,27.51,475920,173,买盘
770,10:08:27,27.53,388021,141,买盘
771,10:08:30,27.53,674667,245,买盘
772,10:08:33,27.54,228569,83,买盘
773,10:08:36,27.55,719012,261,买盘
774,10:08:39,27.55,1201009,436,买盘
775,10:08:42,27.55,1416020,514,买盘
776,10:08:45,27.55,2157087,783,买盘
777,10:08:48,27.54,2955642,1073,卖盘
778,10:08:51,27.55,1788302,649,买盘
779,10:08:54,27.53,724291,263,中性盘
780,10:08:57,27.53,1407308,511,卖盘
781,10:09:00,27.54,2220581,806,中性盘
782,10:09:03,27.53,324890,118,卖盘
783,10:09:06,27.53,955364,347,买盘
784,10:09:09,27.53,1365209,496,卖盘
785,10:09:12,27.55,294709,107,买盘
786,10:09:15,27.55,6576189,2389,买盘
787,10:09:18,27.55,2582807,937,买盘
788,10:09:21,27.58,1985522,720,买盘
789,10:09:24,27.58,1593914,578,买盘
790,10:09:27,27.59,846687,307,买盘
791,10:09:30,27.58,1688147,612,买盘
792,10:09:33,27.58,835484,303,买盘
793,10:09:36,27.55,2343050,850,卖盘
794,10:09:39,27.55,1738810,631,买盘
795,10:09:42,27.54,1145721,416,卖盘
796,10:09:45,27.55,735278,267,买盘
797,10:09:48,27.55,909462,330,买盘
798,10:09:51,27.55,115699,42,中性盘
799,10:09:54,27.55,236877,86,买盘
800,10:09:57,27.54,1396275,507,卖盘
801,10:10:00,27.53,492958,179,卖盘
802,10:10:03,27.54,1627125,591,买盘
803,10:10:06,27.54,300161,109,买盘
804,10:10:09,27.54,608528,221,买盘
805,10:10:12,27.53,613924,223,卖盘
806,10:10:15,27.54,677298,246,买盘
807,10:10:18,27.54,977605,355,买盘
808,10:10:21,27.54,167957,61,买盘
809,10:10:24,27.53,633281,230,卖盘
810,10:10:27,27.53,622390,226,卖盘
811,10:10:30,27.54,600340,218,买盘
812,10:10:33,27.54,245056,89,买盘
813,10:10:36,27.53,1059999,385,卖盘
814,10:10:39,27.54,324895,118,买盘
815,10:10:42,27.54,785118,285,买盘
816,10:10:45,27.55,418730,152,买盘
817,10:10:48,27.54,688709,250,卖盘
818,10:10:51,27.55,286495,104,买盘
819,10:10:54,27.54,487577,177,卖盘
820,10:10:57,27.55,619866,225,买盘
821,10:11:00,27.56,548243,199,买盘
822,10:11:03,27.55,347217,126,卖盘
823,10:11:06,27.55,708256,257,卖盘
824,10:11:09,27.56,1932115,701,买盘
825,10:11:12,27.55,2113637,767,卖盘
826,10:11:15,27.55,562017,204,买盘
827,10:11:18,27.55,708264,257,卖盘
828,10:11:21,27.56,647475,235,买盘
829,10:11:24,27.56,958745,348,买盘
830,10:11:27,27.56,821093,298,买盘
831,10:11:30,27.56,642120,233,买盘
832,10:11:33,27.57,333431,121,买盘
833,10:11:36,27.56,239749,87,卖盘
834,10:11:39,27.56,452081,164,卖盘
835,10:11:42,27.56,118516,43,卖盘
836,10:11:45,27.56,901261,327,卖盘
837,10:11:48,27.56,915140,332,买盘
838,10:11:51,27.56,509975,185,卖盘
839,10:11:54,27.56,385918,140,卖盘
840,10:11:57,27.57,890324,323,买盘
841,10:12:00,27.56,350104,127,卖盘
842,10:12:03,27.56,832350,302,卖盘
843,10:12:06,27.56,1234505,448,买盘
844,10:12:09,27.55,796119,289,卖盘
845,10:12:12,27.54,627658,228,卖盘
846,10:12:15,27.54,938902,341,卖盘
847,10:12:18,27.54,685628,249,买盘
848,10:12:21,27.52,322194,117,卖盘
849,10:12:24,27.52,817695,297,卖盘
850,10:12:27,27.53,286329,104,卖盘
851,10:12:30,27.52,434913,158,卖盘
852,10:12:33,27.54,278099,101,买盘
853,10:12:36,27.54,506622,184,买盘
854,10:12:39,27.53,333161,121,卖盘
855,10:12:42,27.53,448681,163,卖盘
856,10:12:45,27.54,895020,325,买盘
857,10:12:48,27.54,694113,252,卖盘
858,10:12:51,27.54,278156,101,卖盘
859,10:12:54,27.54,382866,139,买盘
860,10:12:57,27.55,1997419,725,买盘
861,10:13:00,27.56,1094197,397,买盘
862,10:13:03,27.56,366610,133,卖盘
863,10:13:06,27.57,2128296,772,买盘
864,10:13:09,27.57,606603,220,卖盘
865,10:13:12,27.58,543159,197,买盘
866,10:13:15,27.57,270194,98,中性盘
867,10:13:18,27.57,333589,121,买盘
868,10:13:21,27.57,165406,60,买盘
869,10:13:24,27.58,272958,99,买盘
870,10:13:27,27.58,405338,147,买盘
871,10:13:30,27.58,490887,178,买盘
872,10:13:33,27.58,1238263,449,买盘
873,10:13:36,27.58,612262,222,买盘
874,10:13:39,27.57,717049,260,卖盘
875,10:13:42,27.57,250954,91,卖盘
876,10:13:45,27.57,399826,145,卖盘
877,10:13:48,27.57,973373,353,卖盘
878,10:13:51,27.57,537674,195,卖盘
879,10:13:54,27.58,730803,265,买盘
880,10:13:57,27.57,3673596,1332,卖盘
881,10:14:00,27.58,642658,233,买盘
882,10:14:03,27.58,761395,276,卖盘
883,10:14:06,27.59,645506,234,买盘
884,10:14:09,27.58,204150,74,卖盘
885,10:14:12,27.59,549000,199,买盘
886,10:14:15,27.59,411076,149,买盘
887,10:14:18,27.59,565562,205,买盘
888,10:14:21,27.59,375220,136,买盘
889,10:14:24,27.6,8493307,3078,买盘
890,10:14:27,27.6,3143538,1139,买盘
891,10:14:30,27.6,2806913,1017,买盘
892,10:14:33,27.6,825169,299,买盘
893,10:14:36,27.6,993577,360,买盘
894,10:14:39,27.6,2916914,1057,买盘
895,10:14:42,27.6,872138,316,买盘
896,10:14:45,27.6,2403933,871,买盘
897,10:14:48,27.6,1062579,385,买盘
898,10:14:51,27.61,3282422,1189,买盘
899,10:14:54,27.61,436199,158,买盘
900,10:14:57,27.61,516297,187,买盘
901,10:15:00,27.62,1273025,461,买盘
902,10:15:03,27.62,331420,120,买盘
903,10:15:06,27.65,6265071,2267,买盘
904,10:15:09,27.63,591545,214,卖盘
905,10:15:12,27.64,1915543,693,买盘
906,10:15:15,27.63,983960,356,卖盘
907,10:15:18,27.64,4991905,1806,买盘
908,10:15:21,27.64,674399,244,买盘
909,10:15:24,27.61,3116029,1128,卖盘
910,10:15:27,27.64,5468187,1979,买盘
911,10:15:30,27.64,718460,260,买盘
912,10:15:33,27.65,878846,318,买盘
913,10:15:36,27.63,787764,285,中性盘
914,10:15:39,27.65,2817471,1019,买盘
915,10:15:42,27.64,616580,223,中性盘
916,10:15:45,27.65,489328,177,买盘
917,10:15:48,27.65,981490,355,买盘
918,10:15:51,27.65,1716931,621,买盘
919,10:15:54,27.66,1072854,388,买盘
920,10:15:57,27.66,6975692,2522,买盘
921,10:16:00,27.66,758872,274,买盘
922,10:16:03,27.66,1711533,619,卖盘
923,10:16:06,27.66,4698118,1698,买盘
924,10:16:09,27.68,1029204,372,买盘
925,10:16:12,27.66,3582977,1295,卖盘
926,10:16:15,27.67,12647048,4570,买盘
927,10:16:18,27.66,2187992,791,买盘
928,10:16:21,27.66,3293532,1190,买盘
929,10:16:24,27.67,727363,263,买盘
930,10:16:27,27.66,1197747,433,卖盘
931,10:16:30,27.65,3214053,1162,卖盘
932,10:16:33,27.65,1297173,469,卖盘
933,10:16:36,27.65,1975332,714,中性盘
934,10:16:39,27.64,704787,255,卖盘
935,10:16:42,27.61,442024,160,卖盘
936,10:16:45,27.62,1606982,582,中性盘
937,10:16:48,27.63,348172,126,买盘
938,10:16:51,27.63,1683407,609,中性盘
939,10:16:54,27.63,121593,44,卖盘
940,10:16:57,27.64,991740,359,买盘
941,10:17:00,27.65,724194,262,买盘
942,10:17:03,27.62,1030682,373,卖盘
943,10:17:06,27.65,1105211,400,买盘
944,10:17:09,27.64,2589640,937,卖盘
945,10:17:12,27.65,3379925,1222,买盘
946,10:17:15,27.65,3200151,1157,卖盘
947,10:17:18,27.65,215650,78,卖盘
948,10:17:21,27.67,1369404,495,买盘
949,10:17:24,27.68,2445624,884,买盘
950,10:17:27,27.67,2329818,842,中性盘
951,10:17:30,27.66,1245343,450,中性盘
952,10:17:33,27.66,2918202,1055,买盘
953,10:17:36,27.66,298837,108,卖盘
954,10:17:39,27.67,514481,186,买盘
955,10:17:42,27.66,777427,281,卖盘
956,10:17:45,27.66,611440,221,卖盘
957,10:17:48,27.66,2279105,824,卖盘
958,10:17:51,27.64,580686,210,卖盘
959,10:17:54,27.65,2173191,786,买盘
960,10:17:57,27.66,1504434,544,买盘
961,10:18:00,27.65,127215,46,卖盘
962,10:18:03,27.66,373340,135,买盘
963,10:18:06,27.66,547606,198,买盘
964,10:18:09,27.65,423140,153,卖盘
965,10:18:12,27.65,1155631,418,买盘
966,10:18:15,27.64,320681,116,卖盘
967,10:18:18,27.64,306821,111,卖盘
968,10:18:21,27.64,613558,222,卖盘
969,10:18:24,27.64,1041903,377,买盘
970,10:18:27,27.62,762766,276,卖盘
971,10:18:30,27.6,618517,224,卖盘
972,10:18:33,27.6,356273,129,卖盘
973,10:18:36,27.6,253994,92,卖盘
974,10:18:39,27.6,378216,137,卖盘
975,10:18:42,27.61,659832,239,买盘
976,10:18:45,27.6,770244,279,卖盘
977,10:18:48,27.62,485882,176,买盘
978,10:18:51,27.61,646090,234,卖盘
979,10:18:54,27.62,637854,231,买盘
980,10:18:57,27.62,303746,110,买盘
981,10:19:00,27.62,461155,167,买盘
982,10:19:03,27.61,555023,201,卖盘
983,10:19:06,27.61,328571,119,买盘
984,10:19:09,27.62,687523,249,买盘
985,10:19:12,27.62,930600,337,买盘
986,10:19:15,27.61,646100,234,卖盘
987,10:19:18,27.61,215351,78,买盘
988,10:19:21,27.6,245712,89,卖盘
989,10:19:24,27.6,637654,231,卖盘
990,10:19:27,27.61,1882895,682,买盘
991,10:19:30,27.61,389275,141,卖盘
992,10:19:33,27.61,933254,338,买盘
993,10:19:36,27.61,933366,338,卖盘
994,10:19:39,27.62,361784,131,买盘
995,10:19:42,27.62,698630,253,买盘
996,10:19:45,27.62,254034,92,买盘
997,10:19:48,27.61,439099,159,卖盘
998,10:19:51,27.62,737312,267,买盘
999,10:19:54,27.62,897529,325,买盘
1000,10:19:57,27.62,455669,165,买盘
1001,10:20:00,27.62,1568698,568,买盘
1002,10:20:03,27.62,2220696,804,卖盘
1003,10:20:06,27.63,2079634,753,买盘
1004,10:20:09,27.62,964544,349,卖盘
1005,10:20:12,27.65,793173,287,买盘
1006,10:20:15,27.63,1631194,590,卖盘
1007,10:20:18,27.65,55295,20,买盘
1008,10:20:21,27.65,663465,240,买盘
1009,10:20:24,27.62,1755157,635,卖盘
1010,10:20:27,27.65,948090,343,买盘
1011,10:20:30,27.63,469723,170,卖盘
1012,10:20:33,27.62,279055,101,卖盘
1013,10:20:36,27.63,1762393,638,买盘
1014,10:20:39,27.61,455859,165,卖盘
1015,10:20:42,27.6,1195569,433,卖盘
1016,10:20:45,27.62,610470,221,买盘
1017,10:20:48,27.62,593944,215,买盘
1018,10:20:51,27.62,775881,281,买盘
1019,10:20:54,27.6,834158,302,卖盘
1020,10:20:57,27.61,563353,204,买盘
1021,10:21:00,27.61,107677,39,买盘
1022,10:21:03,27.6,2980790,1080,卖盘
1023,10:21:06,27.6,2599901,942,买盘
1024,10:21:09,27.6,1026707,372,买盘
1025,10:21:12,27.6,2679185,971,买盘
1026,10:21:15,27.6,1032187,374,买盘
1027,10:21:18,27.6,275955,100,买盘
1028,10:21:21,27.58,314532,114,卖盘
1029,10:21:24,27.58,1037119,376,卖盘
1030,10:21:27,27.58,24822,9,卖盘
1031,10:21:30,27.58,719912,261,卖盘
1032,10:21:33,27.58,319928,116,买盘
1033,10:21:36,27.57,239916,87,卖盘
1034,10:21:39,27.57,449395,163,卖盘
1035,10:21:42,27.57,479707,174,买盘
1036,10:21:45,27.57,93730,34,买盘
1037,10:21:48,27.57,314237,114,买盘
1038,10:21:51,27.56,1466185,532,卖盘
1039,10:21:54,27.56,617336,224,买盘
1040,10:21:57,27.55,104712,38,卖盘
1041,10:22:00,27.55,1121315,407,卖盘
1042,10:22:03,27.55,1022104,371,卖盘
1043,10:22:06,27.55,223171,81,卖盘
1044,10:22:09,27.55,884133,321,买盘
1045,10:22:12,27.55,300270,109,买盘
1046,10:22:15,27.55,669453,243,买盘
1047,10:22:18,27.56,741135,269,买盘
1048,10:22:21,27.55,465627,169,卖盘
1049,10:22:24,27.55,727310,264,买盘
1050,10:22:27,27.54,132214,48,卖盘
1051,10:22:30,27.55,652928,237,买盘
1052,10:22:33,27.56,754869,274,买盘
1053,10:22:36,27.56,779649,283,买盘
1054,10:22:39,27.56,217681,79,买盘
1055,10:22:42,27.55,630923,229,卖盘
1056,10:22:45,27.56,592439,215,买盘
1057,10:22:48,27.56,399548,145,买盘
1058,10:22:51,27.55,628200,228,卖盘
1059,10:22:54,27.57,314123,114,买盘
1060,10:22:57,27.57,267376,97,买盘
1061,10:23:00,27.58,1281973,465,买盘
1062,10:23:03,27.59,1155397,419,买盘
1063,10:23:06,27.58,256573,93,中性盘
1064,10:23:09,27.59,692420,251,买盘
1065,10:23:12,27.59,396064,144,买盘
1066,10:23:15,27.59,6060761,2196,买盘
1067,10:23:18,27.6,604444,219,买盘
1068,10:23:21,27.6,1156013,419,买盘
1069,10:23:24,27.58,1891653,686,卖盘
1070,10:23:27,27.58,821419,298,买盘
1071,10:23:30,27.57,1160189,421,买盘
1072,10:23:33,27.56,837675,304,卖盘
1073,10:23:36,27.57,440955,160,买盘
1074,10:23:39,27.56,305997,111,中性盘
1075,10:23:42,27.58,595261,216,买盘
1076,10:23:45,27.57,380541,138,卖盘
1077,10:23:48,27.57,118548,43,卖盘
1078,10:23:51,27.57,501835,182,买盘
1079,10:23:54,27.56,576164,209,卖盘
1080,10:23:57,27.56,369322,134,卖盘
1081,10:24:00,27.55,931461,338,卖盘
1082,10:24:03,27.53,2853198,1036,卖盘
1083,10:24:06,27.53,203755,74,买盘
1084,10:24:09,27.53,242330,88,卖盘
1085,10:24:12,27.53,1387536,504,卖盘
1086,10:24:15,27.53,531279,193,卖盘
1087,10:24:18,27.52,393585,143,卖盘
1088,10:24:21,27.52,366045,133,卖盘
1089,10:24:24,27.51,1023583,372,卖盘
1090,10:24:27,27.52,396281,144,买盘
1091,10:24:30,27.52,173375,63,买盘
1092,10:24:33,27.52,420976,153,买盘
1093,10:24:36,27.52,707136,257,买盘
1094,10:24:39,27.52,412780,150,买盘
1095,10:24:42,27.52,269708,98,卖盘
1096,10:24:45,27.51,456777,166,卖盘
1097,10:24:48,27.52,503579,183,买盘
1098,10:24:51,27.51,1103191,401,卖盘
1099,10:24:54,27.51,448450,163,卖盘
1100,10:24:57,27.51,836324,304,卖盘
1101,10:25:00,27.51,214531,78,买盘
1102,10:25:03,27.51,459406,167,买盘
1103,10:25:06,27.5,363175,132,卖盘
1104,10:25:09,27.51,1215843,442,中性盘
1105,10:25:12,27.51,539100,196,卖盘
1106,10:25:15,27.5,517115,188,卖盘
1107,10:25:18,27.5,112773,41,卖盘
1108,10:25:21,27.5,151281,55,卖盘
1109,10:25:24,27.5,2068063,752,卖盘
1110,10:25:27,27.5,434500,158,买盘
1111,10:25:30,27.49,373942,136,卖盘
1112,10:25:33,27.5,1966267,715,买盘
1113,10:25:36,27.51,1006680,366,买盘
1114,10:25:39,27.5,401575,146,卖盘
1115,10:25:42,27.5,368434,134,买盘
1116,10:25:45,27.5,492156,179,买盘
1117,10:25:48,27.5,96243,35,买盘
1118,10:25:51,27.49,82477,30,卖盘
1119,10:25:54,27.51,1229184,447,买盘
1120,10:25:57,27.5,153991,56,卖盘
1121,10:26:00,27.5,110000,40,卖盘
1122,10:26:03,27.51,247580,90,买盘
1123,10:26:06,27.5,385064,140,卖盘
1124,10:26:09,27.49,2092305,761,卖盘
1125,10:26:12,27.48,1121260,408,卖盘
1126,10:26:15,27.48,546962,199,卖盘
1127,10:26:18,27.47,329705,120,卖盘
1128,10:26:21,27.46,271960,99,卖盘
1129,10:26:24,27.46,601460,219,卖盘
1130,10:26:27,27.46,340602,124,卖盘
1131,10:26:30,27.46,269203,98,卖盘
1132,10:26:33,27.48,261008,95,买盘
1133,10:26:36,27.48,478046,174,买盘
1134,10:26:39,27.48,230794,84,买盘
1135,10:26:42,27.48,381980,139,买盘
1136,10:26:45,27.48,203331,74,买盘
1137,10:26:48,27.48,478086,174,卖盘
1138,10:26:51,27.48,898205,327,中性盘
1139,10:26:54,27.48,170355,62,买盘
1140,10:26:57,27.48,186834,68,买盘
1141,10:27:00,27.48,90669,33,买盘
1142,10:27:03,27.48,338004,123,买盘
1143,10:27:06,27.48,310606,113,卖盘
1144,10:27:09,27.47,241859,88,卖盘
1145,10:27:12,27.48,184119,67,买盘
1146,10:27:15,27.47,186856,68,卖盘
1147,10:27:18,27.49,439741,160,买盘
1148,10:27:21,27.48,266587,97,卖盘
1149,10:27:24,27.5,464559,169,买盘
1150,10:27:27,27.49,211661,77,卖盘
1151,10:27:30,27.48,222660,81,卖盘
1152,10:27:33,27.49,219910,80,买盘
1153,10:27:36,27.49,398534,145,买盘
1154,10:27:39,27.49,294105,107,买盘
1155,10:27:42,27.48,2055315,748,卖盘
1156,10:27:45,27.47,1077034,392,卖盘
1157,10:27:48,27.47,233495,85,买盘
1158,10:27:51,27.46,206008,75,卖盘
1159,10:27:54,27.47,277423,101,买盘
1160,10:27:57,27.46,1565241,570,卖盘
1161,10:28:00,27.46,1364347,497,买盘
1162,10:28:03,27.46,356896,130,买盘
1163,10:28:06,27.44,219564,80,卖盘
1164,10:28:09,27.45,425440,155,买盘
1165,10:28:12,27.45,329399,120,买盘
1166,10:28:15,27.44,625807,228,卖盘
1167,10:28:18,27.45,120778,44,卖盘
1168,10:28:21,27.44,255298,93,卖盘
1169,10:28:24,27.44,389799,142,卖盘
1170,10:28:27,27.44,304600,111,卖盘
1171,10:28:30,27.44,562764,205,卖盘
1172,10:28:33,27.43,883776,322,卖盘
1173,10:28:36,27.45,323832,118,买盘
1174,10:28:39,27.46,535257,195,买盘
1175,10:28:42,27.46,238846,87,买盘
1176,10:28:45,27.46,1443626,526,买盘
1177,10:28:48,27.45,249800,91,卖盘
1178,10:28:51,27.46,280005,102,买盘
1179,10:28:54,27.46,529955,193,买盘
1180,10:28:57,27.45,76860,28,卖盘
1181,10:29:00,27.45,129036,47,卖盘
1182,10:29:03,27.46,837272,305,买盘
1183,10:29:06,27.45,269022,98,卖盘
1184,10:29:09,27.43,669529,244,卖盘
1185,10:29:12,27.44,458202,167,买盘
1186,10:29:15,27.43,812076,296,卖盘
1187,10:29:18,27.44,636348,232,中性盘
1188,10:29:21,27.44,268871,98,买盘
1189,10:29:24,27.43,90540,33,卖盘
1190,10:29:27,27.43,203003,74,卖盘
1191,10:29:30,27.43,680291,248,卖盘
1192,10:29:33,27.43,658393,240,卖盘
1193,10:29:36,27.44,351200,128,买盘
1194,10:29:39,27.43,117984,43,卖盘
1195,10:29:42,27.43,422491,154,卖盘
1196,10:29:45,27.43,609069,222,卖盘
1197,10:29:48,27.46,392482,143,买盘
1198,10:29:51,27.45,128995,47,买盘
1199,10:29:54,27.46,249800,91,买盘
1200,10:29:57,27.46,140013,51,买盘
1201,10:30:00,27.45,702528,256,卖盘
1202,10:30:03,27.44,279986,102,卖盘
1203,10:30:06,27.45,120744,44,买盘
1204,10:30:09,27.44,323815,118,卖盘
1205,10:30:12,27.45,433623,158,买盘
1206,10:30:15,27.45,118022,43,买盘
1207,10:30:18,27.46,1485202,541,买盘
1208,10:30:21,27.45,491462,179,卖盘
1209,10:30:24,27.46,318490,116,买盘
1210,10:30:27,27.46,475049,173,买盘
1211,10:30:30,27.46,859489,313,买盘
1212,10:30:33,27.46,722139,263,买盘
1213,10:30:36,27.45,1951826,711,卖盘
1214,10:30:39,27.44,194874,71,卖盘
1215,10:30:42,27.45,263519,96,买盘
1216,10:30:45,27.45,128999,47,买盘
1217,10:30:48,27.45,115288,42,买盘
1218,10:30:51,27.46,244333,89,买盘
1219,10:30:54,27.45,598584,218,卖盘
1220,10:30:57,27.46,96110,35,中性盘
1221,10:31:00,27.46,304774,111,买盘
1222,10:31:03,27.45,148232,54,卖盘
1223,10:31:06,27.46,197702,72,买盘
1224,10:31:09,27.45,603970,220,卖盘
1225,10:31:12,27.45,384294,140,买盘
1226,10:31:15,27.45,167464,61,买盘
1227,10:31:18,27.45,1116839,407,买盘
1228,10:31:21,27.45,183890,67,卖盘
1229,10:31:24,27.45,496889,181,买盘
1230,10:31:27,27.45,131741,48,买盘
1231,10:31:30,27.45,373301,136,买盘
1232,10:31:33,27.45,513239,187,卖盘
1233,10:31:36,27.45,139993,51,买盘
1234,10:31:39,27.45,189389,69,买盘
1235,10:31:42,27.47,1005077,366,买盘
1236,10:31:45,27.49,5129385,1868,买盘
1237,10:31:48,27.49,329868,120,买盘
1238,10:31:51,27.5,112744,41,买盘
1239,10:31:54,27.49,321740,117,卖盘
1240,10:31:57,27.5,244750,89,买盘
1241,10:32:00,27.5,123750,45,买盘
1242,10:32:03,27.51,2788809,1014,买盘
1243,10:32:06,27.51,1078734,392,买盘
1244,10:32:09,27.51,176178,64,卖盘
1245,10:32:12,27.52,327655,119,买盘
1246,10:32:15,27.54,104631,38,中性盘
1247,10:32:18,27.54,104661,38,买盘
1248,10:32:21,27.55,145979,53,买盘
1249,10:32:24,27.55,181820,66,买盘
1250,10:32:27,27.56,369284,134,买盘
1251,10:32:30,27.56,344427,125,买盘
1252,10:32:33,27.56,724828,263,买盘
1253,10:32:36,27.56,270090,98,买盘
1254,10:32:39,27.57,85445,31,买盘
1255,10:32:42,27.57,592796,215,买盘
1256,10:32:45,27.57,485353,176,卖盘
1257,10:32:48,27.58,162720,59,买盘
1258,10:32:51,27.58,104800,38,买盘
1259,10:32:54,27.58,408167,148,买盘
1260,10:32:57,27.56,2194396,796,卖盘
1261,10:33:00,27.56,212212,77,买盘
1262,10:33:03,27.57,399763,145,买盘
1263,10:33:06,27.57,63405,23,买盘
1264,10:33:09,27.57,220545,80,买盘
1265,10:33:12,27.57,168172,61,买盘
1266,10:33:15,27.57,192958,70,买盘
1267,10:33:18,27.56,294994,107,卖盘
1268,10:33:21,27.57,493437,179,买盘
1269,10:33:24,27.56,239845,87,卖盘
1270,10:33:27,27.57,35836,13,买盘
1271,10:33:30,27.56,77188,28,卖盘
1272,10:33:33,27.56,1643315,596,卖盘
1273,10:33:36,27.57,1956123,709,买盘
1274,10:33:39,27.57,772375,280,卖盘
1275,10:33:42,27.58,223348,81,中性盘
1276,10:33:45,27.58,421959,153,买盘
1277,10:33:48,27.58,135142,49,买盘
1278,10:33:51,27.58,170964,62,买盘
1279,10:33:54,27.57,264731,96,卖盘
1280,10:33:57,27.58,151676,55,买盘
1281,10:34:00,27.59,543248,197,买盘
1282,10:34:03,27.58,353130,128,卖盘
1283,10:34:06,27.59,124140,45,买盘
1284,10:34:09,27.58,113096,41,卖盘
1285,10:34:12,27.59,295180,107,买盘
1286,10:34:15,27.6,452523,164,买盘
1287,10:34:18,27.6,124168,45,买盘
1288,10:34:21,27.6,171079,62,买盘
1289,10:34:24,27.6,184920,67,买盘
1290,10:34:27,27.59,151769,55,卖盘
1291,10:34:30,27.59,289740,105,卖盘
1292,10:34:33,27.6,262171,95,买盘
1293,10:34:36,27.6,447041,162,买盘
1294,10:34:39,27.6,96576,35,买盘
1295,10:34:42,27.59,273184,99,卖盘
1296,10:34:45,27.6,455367,165,买盘
1297,10:34:48,27.6,306300,111,买盘
1298,10:34:51,27.6,93826,34,买盘
1299,10:34:54,27.6,3265442,1183,买盘
1300,10:34:57,27.6,436157,158,卖盘
1301,10:35:00,27.6,234649,85,卖盘
1302,10:35:03,27.61,411296,149,买盘
1303,10:35:06,27.6,502329,182,卖盘
1304,10:35:09,27.61,353347,128,买盘
1305,10:35:12,27.6,3827015,1386,卖盘
1306,10:35:15,27.6,488568,177,买盘
1307,10:35:18,27.6,452647,164,买盘
1308,10:35:21,27.61,610013,221,买盘
1309,10:35:24,27.6,449973,163,卖盘
1310,10:35:27,27.6,375524,136,卖盘
1311,10:35:30,27.6,582517,211,卖盘
1312,10:35:33,27.6,372725,135,卖盘
1313,10:35:36,27.6,723147,262,卖盘
1314,10:35:39,27.6,505072,183,卖盘
1315,10:35:42,27.6,397429,144,买盘
1316,10:35:45,27.59,568399,206,卖盘
1317,10:35:48,27.59,129671,47,买盘
1318,10:35:51,27.59,179315,65,买盘
1319,10:35:54,27.59,275004,100,买盘
1320,10:35:57,27.58,963502,349,卖盘
1321,10:36:00,27.58,52395,19,买盘
1322,10:36:03,27.58,154448,56,买盘
1323,10:36:06,27.57,52395,19,卖盘
1324,10:36:09,27.58,568029,206,买盘
1325,10:36:12,27.57,432909,157,卖盘
1326,10:36:15,27.58,350229,127,买盘
1327,10:36:18,27.57,647932,235,卖盘
1328,10:36:21,27.58,862251,313,买盘
1329,10:36:24,27.59,151698,55,买盘
1330,10:36:27,27.59,1108883,402,买盘
1331,10:36:30,27.6,1468372,532,买盘
1332,10:36:33,27.61,899970,326,买盘
1333,10:36:36,27.62,414152,150,买盘
1334,10:36:39,27.62,325905,118,买盘
1335,10:36:42,27.62,458417,166,买盘
1336,10:36:45,27.62,397718,144,买盘
1337,10:36:48,27.62,527502,191,买盘
1338,10:36:51,27.62,248559,90,买盘
1339,10:36:54,27.62,212664,77,买盘
1340,10:36:57,27.62,519244,188,买盘
1341,10:37:00,27.61,555082,201,卖盘
1342,10:37:03,27.62,1173834,425,中性盘
1343,10:37:06,27.62,607807,220,卖盘
1344,10:37:09,27.62,392242,142,卖盘
1345,10:37:12,27.64,1102436,399,买盘
1346,10:37:15,27.64,323291,117,买盘
1347,10:37:18,27.64,309531,112,买盘
1348,10:37:21,27.63,290133,105,卖盘
1349,10:37:24,27.63,301162,109,买盘
1350,10:37:27,27.63,1066873,386,买盘
1351,10:37:30,27.63,522328,189,卖盘
1352,10:37:33,27.63,392416,142,卖盘
1353,10:37:36,27.62,709954,257,卖盘
1354,10:37:39,27.63,591087,214,买盘
1355,10:37:42,27.62,207117,75,中性盘
1356,10:37:45,27.63,334242,121,买盘
1357,10:37:48,27.62,132559,48,买盘
1358,10:37:51,27.62,394945,143,买盘
1359,10:37:54,27.62,93908,34,买盘
1360,10:37:57,27.63,265169,96,买盘
1361,10:38:00,27.62,176754,64,买盘
1362,10:38:03,27.63,290100,105,买盘
1363,10:38:06,27.62,223771,81,卖盘
1364,10:38:09,27.63,85644,31,买盘
1365,10:38:12,27.63,663035,240,买盘
1366,10:38:15,27.63,1267652,459,买盘
1367,10:38:18,27.62,154675,56,卖盘
1368,10:38:21,27.62,171277,62,卖盘
1369,10:38:24,27.63,270761,98,买盘
1370,10:38:27,27.62,201644,73,卖盘
1371,10:38:30,27.62,162986,59,卖盘
1372,10:38:33,27.63,381235,138,买盘
1373,10:38:36,27.62,632523,229,卖盘
1374,10:38:39,27.63,135345,49,买盘
1375,10:38:42,27.62,436467,158,卖盘
1376,10:38:45,27.62,270702,98,卖盘
1377,10:38:48,27.63,317713,115,买盘
1378,10:38:51,27.63,325959,118,买盘
1379,10:38:54,27.63,240328,87,买盘
1380,10:38:57,27.63,690526,250,买盘
1381,10:39:00,27.63,320395,116,买盘
1382,10:39:03,27.63,665858,241,买盘
1383,10:39:06,27.63,629965,228,买盘
1384,10:39:09,27.63,118781,43,中性盘
1385,10:39:12,27.63,254139,92,买盘
1386,10:39:15,27.63,190621,69,买盘
1387,10:39:18,27.63,52492,19,买盘
1388,10:39:21,27.62,516521,187,卖盘
1389,10:39:24,27.63,453063,164,买盘
1390,10:39:27,27.63,16578,6,买盘
1391,10:39:30,27.63,306642,111,买盘
1392,10:39:33,27.63,262476,95,买盘
1393,10:39:36,27.63,839901,304,买盘
1394,10:39:39,27.63,1129750,409,买盘
1395,10:39:42,27.63,679926,246,买盘
1396,10:39:45,27.63,295594,107,买盘
1397,10:39:48,27.62,124320,45,卖盘
1398,10:39:51,27.63,712643,258,买盘
1399,10:39:54,27.62,469685,170,卖盘
1400,10:39:57,27.62,124323,45,卖盘
1401,10:40:00,27.63,392236,142,买盘
1402,10:40:03,27.63,386876,140,买盘
1403,10:40:06,27.64,328861,119,买盘
1404,10:40:09,27.63,524915,190,卖盘
1405,10:40:12,27.63,817708,296,买盘
1406,10:40:15,27.63,146461,53,买盘
1407,10:40:18,27.63,118815,43,卖盘
1408,10:40:21,27.63,2433004,881,买盘
1409,10:40:24,27.63,2688953,973,买盘
1410,10:40:27,27.62,77358,28,卖盘
1411,10:40:30,27.63,35916,13,买盘
1412,10:40:33,27.62,221003,80,卖盘
1413,10:40:36,27.63,218231,79,买盘
1414,10:40:39,27.62,182291,66,卖盘
1415,10:40:42,27.63,251356,91,买盘
1416,10:40:45,27.62,325983,118,中性盘
1417,10:40:48,27.62,320398,116,买盘
1418,10:40:51,27.62,46954,17,买盘
1419,10:40:54,27.62,143633,52,买盘
1420,10:40:57,27.62,140870,51,卖盘
1421,10:41:00,27.62,441900,160,买盘
1422,10:41:03,27.61,839381,304,卖盘
1423,10:41:06,27.59,921862,334,卖盘
1424,10:41:09,27.59,587660,213,卖盘
1425,10:41:12,27.59,1001515,363,买盘
1426,10:41:15,27.58,151703,55,卖盘
1427,10:41:18,27.59,584878,212,买盘
1428,10:41:21,27.62,325837,118,买盘
1429,10:41:24,27.6,248393,90,中性盘
1430,10:41:27,27.6,433570,157,卖盘
1431,10:41:30,27.6,472033,171,卖盘
1432,10:41:33,27.62,306436,111,买盘
1433,10:41:36,27.62,52475,19,买盘
1434,10:41:39,27.62,60756,22,买盘
1435,10:41:42,27.61,527435,191,卖盘
1436,10:41:45,27.61,339641,123,卖盘
1437,10:41:48,27.6,102162,37,卖盘
1438,10:41:51,27.6,226397,82,卖盘
1439,10:41:54,27.62,383851,139,买盘
1440,10:41:57,27.59,2102237,762,卖盘
1441,10:42:00,27.6,110392,40,买盘
1442,10:42:03,27.59,16558,6,卖盘
1443,10:42:06,27.59,171061,62,卖盘
1444,10:42:09,27.59,380643,138,买盘
1445,10:42:12,27.6,275883,100,买盘
1446,10:42:15,27.58,162780,59,卖盘
1447,10:42:18,27.58,52398,19,买盘
1448,10:42:21,27.6,107582,39,买盘
1449,10:42:24,27.59,193114,70,中性盘
1450,10:42:27,27.59,102073,37,买盘
1451,10:42:30,27.59,140679,51,买盘
1452,10:42:33,27.59,601454,218,买盘
1453,10:42:36,27.58,237328,86,卖盘
1454,10:42:39,27.59,88296,32,卖盘
1455,10:42:42,27.6,438766,159,买盘
1456,10:42:45,27.59,35879,13,卖盘
1457,10:42:48,27.6,259391,94,买盘
1458,10:42:51,27.6,284186,103,买盘
1459,10:42:54,27.6,121436,44,买盘
1460,10:42:57,27.6,140747,51,买盘
1461,10:43:00,27.6,193198,70,买盘
1462,10:43:03,27.6,328422,119,买盘
1463,10:43:06,27.6,452639,164,买盘
1464,10:43:09,27.59,96597,35,卖盘
1465,10:43:12,27.61,1098471,398,买盘
1466,10:43:15,27.6,356112,129,中性盘
1467,10:43:18,27.61,135286,49,买盘
1468,10:43:21,27.61,1525855,553,买盘
1469,10:43:24,27.61,367271,133,卖盘
1470,10:43:27,27.61,574394,208,卖盘
1471,10:43:30,27.6,369960,134,卖盘
1472,10:43:33,27.61,687483,249,买盘
1473,10:43:36,27.61,864191,313,买盘
1474,10:43:39,27.62,593613,215,买盘
1475,10:43:42,27.62,289941,105,买盘
1476,10:43:45,27.61,842398,305,卖盘
1477,10:43:48,27.62,273430,99,买盘
1478,10:43:51,27.62,370072,134,买盘
1479,10:43:54,27.61,836625,303,卖盘
1480,10:43:57,27.59,1172925,425,卖盘
1481,10:44:00,27.59,510469,185,买盘
1482,10:44:03,27.6,1332295,483,买盘
1483,10:44:06,27.58,637626,231,卖盘
1484,10:44:09,27.6,157271,57,买盘
1485,10:44:12,27.58,739364,268,卖盘
1486,10:44:15,27.6,496529,180,买盘
1487,10:44:18,27.58,366937,133,卖盘
1488,10:44:21,27.57,504555,183,卖盘
1489,10:44:24,27.59,342124,124,买盘
1490,10:44:27,27.58,27580,10,买盘
1491,10:44:30,27.57,488109,177,卖盘
1492,10:44:33,27.57,204108,74,卖盘
1493,10:44:36,27.57,920724,334,卖盘
1494,10:44:39,27.56,394100,143,卖盘
1495,10:44:42,27.56,876092,318,买盘
1496,10:44:45,27.57,835196,303,买盘
1497,10:44:48,27.55,44080,16,卖盘
1498,10:44:51,27.55,41332,15,卖盘
1499,10:44:54,27.55,584295,212,卖盘
1500,10:44:57,27.57,358394,130,买盘
1501,10:45:00,27.57,220507,80,买盘
1502,10:45:03,27.57,639396,232,买盘
1503,10:45:06,27.57,259047,94,买盘
1504,10:45:09,27.58,1127568,409,买盘
1505,10:45:12,27.56,154358,56,卖盘
1506,10:45:15,27.58,311606,113,买盘
1507,10:45:18,27.59,248238,90,买盘
1508,10:45:21,27.58,206860,75,买盘
1509,10:45:24,27.58,369647,134,中性盘
1510,10:45:27,27.58,405562,147,中性盘
1511,10:45:30,27.6,471856,171,买盘
1512,10:45:33,27.6,1040508,377,买盘
1513,10:45:36,27.61,2827400,1024,买盘
1514,10:45:39,27.64,5188781,1878,买盘
1515,10:45:42,27.61,795788,288,卖盘
1516,10:45:45,27.64,342705,124,买盘
1517,10:45:48,27.62,232126,84,卖盘
1518,10:45:51,27.61,657382,238,卖盘
1519,10:45:54,27.6,430650,156,卖盘
1520,10:45:57,27.61,328646,119,买盘
1521,10:46:00,27.64,223810,81,买盘
1522,10:46:03,27.64,342624,124,买盘
1523,10:46:06,27.63,265283,96,中性盘
1524,10:46:09,27.63,96699,35,买盘
1525,10:46:12,27.64,339851,123,买盘
1526,10:46:15,27.63,171305,62,中性盘
1527,10:46:18,27.63,569109,206,买盘
1528,10:46:21,27.62,574509,208,卖盘
1529,10:46:24,27.61,361814,131,卖盘
1530,10:46:27,27.62,55233,20,买盘
1531,10:46:30,27.62,347917,126,买盘
1532,10:46:33,27.62,353490,128,买盘
1533,10:46:36,27.61,295350,107,卖盘
1534,10:46:39,27.6,245697,89,卖盘
1535,10:46:42,27.6,146318,53,买盘
1536,10:46:45,27.6,129703,47,买盘
1537,10:46:48,27.6,22074,8,买盘
1538,10:46:51,27.6,471819,171,买盘
1539,10:46:54,27.6,231815,84,买盘
1540,10:46:57,27.59,212456,77,卖盘
1541,10:47:00,27.61,557514,202,买盘
1542,10:47:03,27.6,267778,97,中性盘
1543,10:47:06,27.6,19323,7,卖盘
1544,10:47:09,27.6,80046,29,卖盘
1545,10:47:12,27.6,273249,99,卖盘
1546,10:47:15,27.61,171160,62,买盘
1547,10:47:18,27.59,1018257,369,卖盘
1548,10:47:21,27.58,187596,68,卖盘
1549,10:47:24,27.61,560233,203,买盘
1550,10:47:27,27.6,91074,33,中性盘
1551,10:47:30,27.59,535247,194,卖盘
1552,10:47:33,27.6,259404,94,买盘
1553,10:47:36,27.59,1687987,612,买盘
1554,10:47:39,27.58,85498,31,中性盘
1555,10:47:42,27.58,275729,100,买盘
1556,10:47:45,27.57,584496,212,卖盘
1557,10:47:48,27.56,435549,158,卖盘
1558,10:47:51,27.56,270128,98,卖盘
1559,10:47:54,27.56,99244,36,卖盘
1560,10:47:57,27.56,460275,167,卖盘
1561,10:48:00,27.57,52366,19,买盘
1562,10:48:03,27.57,170915,62,买盘
1563,10:48:06,27.57,107540,39,卖盘
1564,10:48:09,27.57,598281,217,卖盘
1565,10:48:12,27.55,975467,354,卖盘
1566,10:48:15,27.55,157035,57,买盘
1567,10:48:18,27.54,19283,7,卖盘
1568,10:48:21,27.54,239636,87,卖盘
1569,10:48:24,27.55,123946,45,买盘
1570,10:48:27,27.54,490231,178,卖盘
1571,10:48:30,27.54,859190,312,卖盘
1572,10:48:33,27.54,333278,121,卖盘
1573,10:48:36,27.54,3668963,1333,卖盘
1574,10:48:39,27.53,148634,54,中性盘
1575,10:48:42,27.54,605823,220,买盘
1576,10:48:45,27.54,305743,111,买盘
1577,10:48:48,27.57,584172,212,买盘
1578,10:48:51,27.57,126803,46,买盘
1579,10:48:54,27.56,1407817,511,卖盘
1580,10:48:57,27.54,88161,32,卖盘
1581,10:49:00,27.54,443515,161,卖盘
1582,10:49:03,27.55,168044,61,卖盘
1583,10:49:06,27.56,203887,74,买盘
1584,10:49:09,27.54,443430,161,卖盘
1585,10:49:12,27.54,531522,193,买盘
1586,10:49:15,27.55,694035,252,买盘
1587,10:49:18,27.55,239660,87,买盘
1588,10:49:21,27.55,253441,92,买盘
1589,10:49:24,27.55,212141,77,买盘
1590,10:49:27,27.55,198328,72,买盘
1591,10:49:30,27.55,209402,76,卖盘
1592,10:49:33,27.57,338991,123,买盘
1593,10:49:36,27.56,418951,152,卖盘
1594,10:49:39,27.57,146140,53,中性盘
1595,10:49:42,27.58,239941,87,买盘
1596,10:49:45,27.58,206850,75,买盘
1597,10:49:48,27.58,319925,116,买盘
1598,10:49:51,27.57,616570,224,卖盘
1599,10:49:54,27.59,548759,199,买盘
1600,10:49:57,27.59,394483,143,买盘
1601,10:50:00,27.59,504674,183,买盘
1602,10:50:03,27.6,245552,89,买盘
1603,10:50:06,27.58,121392,44,卖盘
1604,10:50:09,27.58,259272,94,卖盘
1605,10:50:12,27.59,314496,114,买盘
1606,10:50:15,27.6,278677,101,买盘
1607,10:50:18,27.58,226228,82,卖盘
1608,10:50:21,27.6,325570,118,买盘
1609,10:50:24,27.58,819664,297,卖盘
1610,10:50:27,27.59,88280,32,买盘
1611,10:50:30,27.6,590433,214,买盘
1612,10:50:33,27.6,171060,62,买盘
1613,10:50:36,27.59,149023,54,卖盘
1614,10:50:39,27.59,137963,50,卖盘
1615,10:50:42,27.6,209748,76,买盘
1616,10:50:45,27.6,218036,79,买盘
1617,10:50:48,27.6,33116,12,买盘
1618,10:50:51,27.59,201418,73,卖盘
1619,10:50:54,27.59,676030,245,卖盘
1620,10:50:57,27.6,157307,57,买盘
1621,10:51:00,27.6,579418,210,买盘
1622,10:51:03,27.6,480211,174,买盘
1623,10:51:06,27.6,149034,54,买盘
1624,10:51:09,27.6,1727749,626,买盘
1625,10:51:12,27.6,3765386,1364,买盘
1626,10:51:15,27.61,571442,207,买盘
1627,10:51:18,27.61,585260,212,买盘
1628,10:51:21,27.62,93906,34,买盘
1629,10:51:24,27.61,196068,71,卖盘
1630,10:51:27,27.62,102192,37,买盘
1631,10:51:30,27.62,46945,17,买盘
1632,10:51:33,27.61,290008,105,卖盘
1633,10:51:36,27.61,325901,118,卖盘
1634,10:51:39,27.62,728947,264,买盘
1635,10:51:42,27.62,610243,221,买盘
1636,10:51:45,27.61,389320,141,卖盘
1637,10:51:48,27.61,171182,62,买盘
1638,10:51:51,27.61,157324,57,买盘
1639,10:51:54,27.61,209833,76,买盘
1640,10:51:57,27.61,154588,56,买盘
1641,10:52:00,27.61,151855,55,买盘
1642,10:52:03,27.62,287146,104,买盘
1643,10:52:06,27.6,1642300,595,卖盘
1644,10:52:09,27.6,176640,64,买盘
1645,10:52:12,27.59,458022,166,卖盘
1646,10:52:15,27.59,281417,102,买盘
1647,10:52:18,27.59,44139,16,买盘
1648,10:52:21,27.59,41382,15,买盘
1649,10:52:24,27.59,63463,23,买盘
1650,10:52:27,27.58,118607,43,卖盘
1651,10:52:30,27.59,102080,37,买盘
1652,10:52:33,27.58,228980,83,卖盘
1653,10:52:36,27.58,1117055,405,卖盘
1654,10:52:39,27.57,413621,150,卖盘
1655,10:52:42,27.57,104776,38,卖盘
1656,10:52:45,27.57,562411,204,卖盘
1657,10:52:48,27.57,187456,68,买盘
1658,10:52:51,27.56,118543,43,卖盘
1659,10:52:54,27.57,272889,99,买盘
1660,10:52:57,27.56,476892,173,卖盘
1661,10:53:00,27.56,124034,45,卖盘
1662,10:53:03,27.56,253631,92,卖盘
1663,10:53:06,27.57,468662,170,买盘
1664,10:53:09,27.57,71670,26,买盘
1665,10:53:12,27.57,162653,59,买盘
1666,10:53:15,27.57,802249,291,买盘
1667,10:53:18,27.57,325316,118,买盘
1668,10:53:21,27.57,339110,123,买盘
1669,10:53:24,27.57,217803,79,买盘
1670,10:53:27,27.57,474184,172,买盘
1671,10:53:30,27.57,168177,61,买盘
1672,10:53:33,27.57,463196,168,买盘
1673,10:53:36,27.57,110319,40,卖盘
1674,10:53:39,27.57,99282,36,卖盘
1675,10:53:42,27.58,419192,152,买盘
1676,10:53:45,27.57,187538,68,卖盘
1677,10:53:48,27.58,96528,35,买盘
1678,10:53:51,27.57,1381255,501,卖盘
1679,10:53:54,27.56,322603,117,卖盘
1680,10:53:57,27.57,118546,43,买盘
1681,10:54:00,27.57,203992,74,买盘
1682,10:54:03,27.56,1873570,680,卖盘
1683,10:54:06,27.54,465542,169,卖盘
1684,10:54:09,27.55,38568,14,卖盘
1685,10:54:12,27.55,110207,40,买盘
1686,10:54:15,27.55,140550,51,卖盘
1687,10:54:18,27.56,187354,68,买盘
1688,10:54:21,27.56,74407,27,买盘
1689,10:54:24,27.56,281083,102,买盘
1690,10:54:27,27.55,68875,25,卖盘
1691,10:54:30,27.55,275569,100,卖盘
1692,10:54:33,27.56,124023,45,买盘
1693,10:54:36,27.57,237102,86,买盘
1694,10:54:39,27.56,11024,4,卖盘
1695,10:54:42,27.56,242569,88,卖盘
1696,10:54:45,27.58,523739,190,买盘
1697,10:54:48,27.56,485317,176,卖盘
1698,10:54:51,27.56,245293,89,买盘
1699,10:54:54,27.56,237009,86,买盘
1700,10:54:57,27.58,190190,69,买盘
1701,10:55:00,27.58,162710,59,买盘
1702,10:55:03,27.58,215122,78,买盘
1703,10:55:06,27.57,394170,143,卖盘
1704,10:55:09,27.58,132338,48,买盘
1705,10:55:12,27.57,118569,43,买盘
1706,10:55:15,27.58,77211,28,买盘
1707,10:55:18,27.57,262007,95,卖盘
1708,10:55:21,27.57,35848,13,卖盘
1709,10:55:24,27.57,248183,90,卖盘
1710,10:55:27,27.55,890405,323,卖盘
1711,10:55:30,27.54,980670,356,卖盘
1712,10:55:33,27.56,220420,80,买盘
1713,10:55:36,27.56,52361,19,买盘
1714,10:55:39,27.56,66124,24,买盘
1715,10:55:42,27.55,297619,108,卖盘
1716,10:55:45,27.56,719170,261,买盘
1717,10:55:48,27.55,559316,203,卖盘
1718,10:55:51,27.56,231469,84,买盘
1719,10:55:54,27.55,256276,93,卖盘
1720,10:55:57,27.55,71641,26,卖盘
1721,10:56:00,27.55,2097765,762,卖盘
1722,10:56:03,27.55,795562,289,买盘
1723,10:56:06,27.55,503845,183,买盘
1724,10:56:09,27.51,2264278,823,卖盘
1725,10:56:12,27.54,137700,50,买盘
1726,10:56:15,27.53,611297,222,卖盘
1727,10:56:18,27.55,267092,97,买盘
1728,10:56:21,27.54,140459,51,中性盘
1729,10:56:24,27.54,209333,76,买盘
1730,10:56:27,27.54,137695,50,卖盘
1731,10:56:30,27.53,85346,31,卖盘
1732,10:56:33,27.53,366134,133,卖盘
1733,10:56:36,27.51,57776,21,卖盘
1734,10:56:39,27.52,68800,25,买盘
1735,10:56:42,27.51,44018,16,买盘
1736,10:56:48,27.5,321800,117,卖盘
1737,10:56:51,27.5,349335,127,卖盘
1738,10:56:54,27.48,1680038,611,卖盘
1739,10:56:57,27.48,76946,28,卖盘
1740,10:57:00,27.48,299536,109,卖盘
1741,10:57:03,27.48,283041,103,卖盘
1742,10:57:06,27.48,217086,79,买盘
1743,10:57:09,27.46,1708818,622,卖盘
1744,10:57:12,27.47,546710,199,卖盘
1745,10:57:15,27.46,82381,30,中性盘
1746,10:57:18,27.46,280100,102,中性盘
1747,10:57:21,27.46,291022,106,买盘
1748,10:57:24,27.44,1611536,587,卖盘
1749,10:57:27,27.43,776852,283,卖盘
1750,10:57:30,27.44,620588,226,中性盘
1751,10:57:33,27.48,469807,171,买盘
1752,10:57:36,27.48,651161,237,买盘
1753,10:57:39,27.49,104432,38,买盘
1754,10:57:42,27.51,3000024,1091,买盘
1755,10:57:45,27.5,701667,255,中性盘
1756,10:57:48,27.51,121022,44,中性盘
1757,10:57:51,27.52,211783,77,买盘
1758,10:57:54,27.48,676392,246,卖盘
1759,10:57:57,27.5,525399,191,卖盘
1760,10:58:00,27.52,85301,31,买盘
1761,10:58:03,27.51,132089,48,中性盘
1762,10:58:06,27.5,533565,194,卖盘
1763,10:58:09,27.49,16498,6,卖盘
1764,10:58:12,27.5,71500,26,买盘
1765,10:58:15,27.5,120998,44,买盘
1766,10:58:18,27.49,85242,31,卖盘
1767,10:58:21,27.5,483882,176,买盘
1768,10:58:24,27.5,472999,172,买盘
1769,10:58:27,27.5,134766,49,中性盘
1770,10:58:30,27.51,407026,148,买盘
1771,10:58:33,27.5,285255,104,卖盘
1772,10:58:36,27.5,250332,91,卖盘
1773,10:58:39,27.5,66006,24,卖盘
1774,10:58:42,27.53,522883,190,买盘
1775,10:58:45,27.53,266851,97,买盘
1776,10:58:48,27.53,24777,9,买盘
1777,10:58:51,27.53,132120,48,买盘
1778,10:58:54,27.53,283489,103,买盘
1779,10:58:57,27.52,269708,98,卖盘
1780,10:59:00,27.52,220187,80,卖盘
1781,10:59:03,27.53,178908,65,买盘
1782,10:59:06,27.52,374388,136,中性盘
1783,10:59:09,27.54,170705,62,买盘
1784,10:59:12,27.54,115652,42,买盘
1785,10:59:15,27.53,206473,75,卖盘
1786,10:59:18,27.52,118340,43,卖盘
1787,10:59:21,27.53,608145,221,买盘
1788,10:59:24,27.51,588598,214,买盘
1789,10:59:27,27.5,330829,120,卖盘
1790,10:59:30,27.5,145750,53,买盘
1791,10:59:33,27.5,844248,307,买盘
1792,10:59:36,27.5,2199080,800,买盘
1793,10:59:39,27.49,87968,32,卖盘
1794,10:59:42,27.49,313386,114,买盘
1795,10:59:45,27.49,585529,213,买盘
1796,10:59:48,27.5,239166,87,买盘
1797,10:59:51,27.5,338235,123,买盘
1798,10:59:54,27.49,335490,122,卖盘
1799,10:59:57,27.5,574808,209,买盘
1800,11:00:00,27.5,335455,122,买盘
1801,11:00:03,27.49,148492,54,卖盘
1802,11:00:06,27.51,982475,357,买盘
1803,11:00:09,27.51,517119,188,卖盘
1804,11:00:12,27.5,274980,100,卖盘
1805,11:00:15,27.5,357516,130,卖盘
1806,11:00:18,27.48,750425,273,卖盘
1807,11:00:21,27.48,447792,163,卖盘
1808,11:00:24,27.47,236296,86,中性盘
1809,11:00:27,27.48,71431,26,买盘
1810,11:00:30,27.47,19229,7,中性盘
1811,11:00:33,27.45,172990,63,卖盘
1812,11:00:36,27.45,864701,315,卖盘
1813,11:00:39,27.45,431054,157,卖盘
1814,11:00:42,27.45,225122,82,卖盘
1815,11:00:45,27.45,181180,66,卖盘
1816,11:00:48,27.44,214079,78,卖盘
1817,11:00:51,27.44,85070,31,卖盘
1818,11:00:54,27.45,364989,133,买盘
1819,11:00:57,27.44,930356,339,卖盘
1820,11:01:00,27.44,1254080,457,卖盘
1821,11:01:03,27.44,233315,85,买盘
1822,11:01:06,27.46,85115,31,买盘
1823,11:01:09,27.46,87864,32,买盘
1824,11:01:12,27.46,337697,123,买盘
1825,11:01:15,27.45,727396,265,卖盘
1826,11:01:18,27.45,197640,72,买盘
1827,11:01:21,27.45,527036,192,买盘
1828,11:01:24,27.45,392473,143,买盘
1829,11:01:27,27.44,334883,122,卖盘
1830,11:01:30,27.45,1336591,487,卖盘
1831,11:01:33,27.46,12378807,4516,买盘
1832,11:01:36,27.46,186709,68,买盘
1833,11:01:39,27.45,145535,53,卖盘
1834,11:01:42,27.47,966629,352,买盘
1835,11:01:45,27.45,1177740,429,卖盘
1836,11:01:48,27.45,801724,292,买盘
1837,11:01:51,27.47,2005375,730,买盘
1838,11:01:54,27.47,1236446,450,买盘
1839,11:01:57,27.45,129051,47,卖盘
1840,11:02:00,27.45,414494,151,卖盘
1841,11:02:03,27.45,266219,97,买盘
1842,11:02:06,27.44,524179,191,卖盘
1843,11:02:09,27.46,1188409,433,买盘
1844,11:02:12,27.44,54873,20,买盘
1845,11:02:15,27.43,299058,109,卖盘
1846,11:02:18,27.44,178315,65,中性盘
1847,11:02:21,27.43,1603949,585,卖盘
1848,11:02:24,27.43,117949,43,买盘
1849,11:02:27,27.46,345758,126,买盘
1850,11:02:30,27.46,181196,66,买盘
1851,11:02:33,27.46,513391,187,买盘
1852,11:02:36,27.45,131756,48,卖盘
1853,11:02:39,27.45,370619,135,卖盘
1854,11:02:42,27.44,98787,36,卖盘
1855,11:02:45,27.45,205856,75,买盘
1856,11:02:48,27.45,167431,61,买盘
1857,11:02:51,27.44,126224,46,卖盘
1858,11:02:54,27.44,49392,18,买盘
1859,11:02:57,27.43,192079,70,卖盘
1860,11:03:00,27.45,326539,119,买盘
1861,11:03:03,27.45,189351,69,买盘
1862,11:03:06,27.45,669572,244,买盘
1863,11:03:09,27.44,1072658,391,卖盘
1864,11:03:12,27.44,244127,89,买盘
1865,11:03:15,27.45,697062,254,买盘
1866,11:03:18,27.45,340358,124,买盘
1867,11:03:21,27.44,518622,189,卖盘
1868,11:03:24,27.44,458238,167,买盘
1869,11:03:27,27.45,540709,197,买盘
1870,11:03:30,27.45,268946,98,买盘
1871,11:03:33,27.45,120740,44,买盘
1872,11:03:36,27.45,247027,90,买盘
1873,11:03:39,27.44,98809,36,中性盘
1874,11:03:42,27.44,987696,360,卖盘
1875,11:03:45,27.45,800935,292,买盘
1876,11:03:48,27.45,351320,128,买盘
1877,11:03:51,27.42,770845,281,卖盘
1878,11:03:54,27.43,904752,330,中性盘
1879,11:03:57,27.5,9738050,3542,买盘
1880,11:04:00,27.46,49419,18,中性盘
1881,11:04:03,27.46,142815,52,买盘
1882,11:04:06,27.49,1588262,578,买盘
1883,11:04:09,27.47,236325,86,中性盘
1884,11:04:12,27.49,178649,65,买盘
1885,11:04:15,27.48,247386,90,卖盘
1886,11:04:18,27.49,302365,110,买盘
1887,11:04:21,27.49,71464,26,买盘
1888,11:04:24,27.49,164908,60,买盘
1889,11:04:27,27.49,384814,140,买盘
1890,11:04:30,27.49,219910,80,买盘
1891,11:04:33,27.49,362863,132,买盘
1892,11:04:36,27.49,115457,42,买盘
1893,11:04:39,27.46,2062480,751,卖盘
1894,11:04:42,27.41,973725,355,卖盘
1895,11:04:45,27.45,331879,121,买盘
1896,11:04:48,27.45,452990,165,卖盘
1897,11:04:51,27.42,345707,126,卖盘
1898,11:04:54,27.45,170164,62,买盘
1899,11:04:57,27.45,219513,80,买盘
1900,11:05:00,27.44,71375,26,卖盘
1901,11:05:03,27.44,647549,236,卖盘
1902,11:05:06,27.44,227737,83,买盘
1903,11:05:09,27.43,178372,65,卖盘
1904,11:05:12,27.43,639296,233,卖盘
1905,11:05:15,27.46,406146,148,买盘
1906,11:05:18,27.43,474821,173,卖盘
1907,11:05:21,27.45,257912,94,买盘
1908,11:05:24,27.45,719413,262,买盘
1909,11:05:27,27.46,392680,143,中性盘
1910,11:05:30,27.45,425502,155,卖盘
1911,11:05:33,27.45,299181,109,卖盘
1912,11:05:36,27.45,170190,62,买盘
1913,11:05:39,27.45,749260,273,买盘
1914,11:05:42,27.45,43917,16,买盘
1915,11:05:45,27.47,2596731,946,买盘
1916,11:05:48,27.47,598755,218,中性盘
1917,11:05:51,27.44,760337,277,卖盘
1918,11:05:54,27.47,848019,309,买盘
1919,11:05:57,27.46,118051,43,买盘
1920,11:06:00,27.45,280054,102,中性盘
1921,11:06:03,27.46,252583,92,买盘
1922,11:06:06,27.45,867198,316,卖盘
1923,11:06:09,27.45,192143,70,买盘
1924,11:06:12,27.43,148146,54,卖盘
1925,11:06:15,27.43,1110864,405,卖盘
1926,11:06:18,27.44,515748,188,买盘
1927,11:06:21,27.43,43897,16,中性盘
1928,11:06:24,27.44,214030,78,买盘
1929,11:06:27,27.43,672347,245,卖盘
1930,11:06:30,27.44,43906,16,中性盘
1931,11:06:33,27.45,304490,111,买盘
1932,11:06:36,27.45,123520,45,买盘
1933,11:06:39,27.45,161929,59,买盘
1934,11:06:42,27.44,85078,31,卖盘
1935,11:06:45,27.44,803992,293,卖盘
1936,11:06:48,27.44,370430,135,买盘
1937,11:06:51,27.44,422564,154,买盘
1938,11:06:54,27.44,161899,59,买盘
1939,11:06:57,27.45,241519,88,买盘
1940,11:07:00,27.45,252506,92,买盘
1941,11:07:03,27.44,85071,31,中性盘
1942,11:07:06,27.44,288122,105,买盘
1943,11:07:09,27.43,38407,14,卖盘
1944,11:07:12,27.44,128938,47,买盘
1945,11:07:15,27.44,96015,35,买盘
1946,11:07:18,27.43,450005,164,卖盘
1947,11:07:21,27.43,1835066,669,卖盘
1948,11:07:24,27.43,186524,68,买盘
1949,11:07:27,27.42,1798810,656,卖盘
1950,11:07:30,27.43,148053,54,买盘
1951,11:07:33,27.41,38387,14,卖盘
1952,11:07:36,27.41,468781,171,卖盘
1953,11:07:39,27.41,104190,38,卖盘
1954,11:07:42,27.41,287850,105,卖盘
1955,11:07:45,27.41,1551439,566,卖盘
1956,11:07:48,27.41,7630368,2786,中性盘
1957,11:07:51,27.38,890456,325,卖盘
1958,11:07:54,27.4,2727457,996,中性盘
1959,11:07:57,27.39,1457097,532,卖盘
1960,11:08:00,27.38,1272464,465,中性盘
1961,11:08:03,27.38,386113,141,买盘
1962,11:08:06,27.38,547755,200,卖盘
1963,11:08:09,27.38,273784,100,卖盘
1964,11:08:12,27.38,123167,45,买盘
1965,11:08:15,27.37,703300,257,卖盘
1966,11:08:18,27.41,2976733,1087,买盘
1967,11:08:21,27.41,1866543,681,卖盘
1968,11:08:24,27.4,1044007,381,中性盘
1969,11:08:27,27.41,82221,30,买盘
1970,11:08:30,27.4,2269502,829,卖盘
1971,11:08:33,27.4,136962,50,买盘
1972,11:08:36,27.39,235530,86,中性盘
1973,11:08:39,27.39,331323,121,卖盘
1974,11:08:42,27.4,358781,131,买盘
1975,11:08:45,27.38,478315,175,卖盘
1976,11:08:48,27.4,364209,133,买盘
1977,11:08:51,27.4,388849,142,买盘
1978,11:08:54,27.38,350689,128,卖盘
1979,11:08:57,27.38,230096,84,卖盘
1980,11:09:00,27.38,188957,69,卖盘
1981,11:09:03,27.39,1256825,459,买盘
1982,11:09:06,27.4,1648511,602,买盘
1983,11:09:09,27.38,1435857,524,卖盘
1984,11:09:12,27.38,120472,44,买盘
1985,11:09:15,27.38,208083,76,买盘
1986,11:09:18,27.37,689881,252,卖盘
1987,11:09:21,27.38,722593,264,买盘
1988,11:09:24,27.37,851254,311,卖盘
1989,11:09:27,27.37,711637,260,买盘
1990,11:09:30,27.36,470665,172,卖盘
1991,11:09:33,27.37,355798,130,买盘
1992,11:09:36,27.37,402402,147,卖盘
1993,11:09:39,27.37,514642,188,卖盘
1994,11:09:42,27.37,599398,219,卖盘
1995,11:09:45,27.38,292932,107,买盘
1996,11:09:48,27.39,306646,112,买盘
1997,11:09:51,27.38,169702,62,买盘
1998,11:09:54,27.37,1448301,529,卖盘
1999,11:09:57,27.38,459876,168,买盘
2000,11:10:00,27.37,207986,76,卖盘
2001,11:10:03,27.36,432458,158,卖盘
2002,11:10:06,27.37,95807,35,中性盘
2003,11:10:09,27.35,5555290,2031,卖盘
2004,11:10:12,27.36,273755,100,买盘
2005,11:10:15,27.35,229813,84,卖盘
2006,11:10:18,27.36,202448,74,中性盘
2007,11:10:21,27.36,161425,59,卖盘
2008,11:10:24,27.36,153209,56,买盘
2009,11:10:27,27.35,708529,259,卖盘
2010,11:10:30,27.35,164124,60,卖盘
2011,11:10:33,27.36,320015,117,买盘
2012,11:10:36,27.36,248930,91,买盘
2013,11:10:39,27.34,464947,170,卖盘
2014,11:10:42,27.35,172311,63,卖盘
2015,11:10:45,27.36,268048,98,买盘
2016,11:10:48,27.34,678407,248,卖盘
2017,11:10:51,27.34,330893,121,卖盘
2018,11:10:54,27.36,637125,233,买盘
2019,11:10:57,27.35,248916,91,卖盘
2020,11:11:00,27.35,672812,246,卖盘
2021,11:11:03,27.35,207861,76,卖盘
2022,11:11:06,27.35,366542,134,卖盘
2023,11:11:09,27.35,533356,195,卖盘
2024,11:11:12,27.35,123075,45,卖盘
2025,11:11:15,27.35,224289,82,买盘
2026,11:11:18,27.35,374730,137,买盘
2027,11:11:21,27.35,177760,65,买盘
2028,11:11:24,27.35,858663,314,买盘
2029,11:11:27,27.35,2282630,835,买盘
2030,11:11:30,27.32,273410,100,卖盘
2031,11:11:33,27.32,349793,128,卖盘
2032,11:11:36,27.33,292485,107,中性盘
2033,11:11:39,27.34,379896,139,中性盘
2034,11:11:42,27.33,254190,93,卖盘
2035,11:11:45,27.33,453673,166,卖盘
2036,11:11:48,27.34,341693,125,买盘
2037,11:11:51,27.33,84726,31,卖盘
2038,11:11:54,27.33,385379,141,买盘
2039,11:11:57,27.33,379815,139,买盘
2040,11:12:00,27.33,472756,173,买盘
2041,11:12:03,27.34,308923,113,买盘
2042,11:12:06,27.34,530357,194,卖盘
2043,11:12:09,27.34,677970,248,买盘
2044,11:12:12,27.36,959860,351,买盘
2045,11:12:15,27.36,872739,319,买盘
2046,11:12:18,27.35,451441,165,卖盘
2047,11:12:21,27.35,253550,93,卖盘
2048,11:12:24,27.37,1053043,385,买盘
2049,11:12:27,27.37,418666,153,买盘
2050,11:12:30,27.37,134082,49,买盘
2051,11:12:33,27.36,273689,100,卖盘
2052,11:12:36,27.37,456975,167,买盘
2053,11:12:39,27.36,98521,36,卖盘
2054,11:12:42,27.37,1066429,390,买盘
2055,11:12:45,27.37,331125,121,卖盘
2056,11:12:48,27.37,120417,44,买盘
2057,11:12:51,27.37,448868,164,买盘
2058,11:12:54,27.37,123174,45,中性盘
2059,11:12:57,27.37,377737,138,卖盘
2060,11:13:00,27.38,84866,31,买盘
2061,11:13:03,27.38,87609,32,买盘
2062,11:13:06,27.38,205344,75,买盘
2063,11:13:09,27.37,208045,76,卖盘
2064,11:13:12,27.38,583162,213,买盘
2065,11:13:15,27.39,2316579,846,买盘
2066,11:13:18,27.39,197194,72,买盘
2067,11:13:21,27.39,221807,81,买盘
2068,11:13:24,27.39,109555,40,买盘
2069,11:13:27,27.4,388951,142,买盘
2070,11:13:30,27.4,117798,43,买盘
2071,11:13:33,27.39,98606,36,卖盘
2072,11:13:36,27.39,317724,116,买盘
2073,11:13:39,27.39,71214,26,买盘
2074,11:13:42,27.38,87630,32,卖盘
2075,11:13:45,27.38,347769,127,卖盘
2076,11:13:48,27.38,158822,58,卖盘
2077,11:13:51,27.38,19167,7,卖盘
2078,11:13:54,27.38,208098,76,卖盘
2079,11:13:57,27.37,448943,164,卖盘
2080,11:14:00,27.37,1336419,488,卖盘
2081,11:14:03,27.39,1060140,387,买盘
2082,11:14:06,27.39,54785,20,卖盘
2083,11:14:09,27.38,104103,38,卖盘
2084,11:14:12,27.4,95843,35,买盘
2085,11:14:15,27.39,90387,33,卖盘
2086,11:14:18,27.39,76689,28,买盘
2087,11:14:21,27.39,62980,23,买盘
2088,11:14:24,27.39,106821,39,买盘
2089,11:14:27,27.39,180774,66,买盘
2090,11:14:30,27.39,339680,124,卖盘
2091,11:14:33,27.4,46576,17,买盘
2092,11:14:36,27.4,175337,64,买盘
2093,11:14:39,27.39,243849,89,卖盘
2094,11:14:42,27.41,74000,27,买盘
2095,11:14:45,27.39,315033,115,卖盘
2096,11:14:48,27.39,673886,246,卖盘
2097,11:14:51,27.39,692958,253,买盘
2098,11:14:54,27.39,156123,57,买盘
2099,11:14:57,27.39,427277,156,买盘
2100,11:15:00,27.39,57519,21,买盘
2101,11:15:03,27.39,378120,138,买盘
2102,11:15:06,27.4,416524,152,中性盘
2103,11:15:09,27.39,134263,49,卖盘
2104,11:15:12,27.4,265822,97,中性盘
2105,11:15:15,27.4,164432,60,中性盘
2106,11:15:18,27.4,30147,11,卖盘
2107,11:15:21,27.41,389095,142,买盘
2108,11:15:24,27.42,775789,283,买盘
2109,11:15:27,27.43,57601,21,买盘
2110,11:15:30,27.44,567824,207,买盘
2111,11:15:33,27.43,395178,144,卖盘
2112,11:15:36,27.45,683303,249,买盘
2113,11:15:39,27.44,274339,100,买盘
2114,11:15:42,27.44,230475,84,买盘
2115,11:15:45,27.43,441610,161,中性盘
2116,11:15:48,27.43,101490,37,买盘
2117,11:15:51,27.44,554153,202,买盘
2118,11:15:54,27.42,394934,144,中性盘
2119,11:15:57,27.43,175502,64,买盘
2120,11:16:00,27.42,205685,75,中性盘
2121,11:16:03,27.42,430606,157,卖盘
2122,11:16:06,27.42,98712,36,买盘
2123,11:16:09,27.41,359152,131,卖盘
2124,11:16:12,27.42,117882,43,买盘
2125,11:16:15,27.41,389319,142,中性盘
2126,11:16:18,27.41,112350,41,买盘
2127,11:16:21,27.4,463047,169,卖盘
2128,11:16:24,27.4,421942,154,买盘
2129,11:16:27,27.4,249301,91,买盘
2130,11:16:30,27.4,221920,81,买盘
2131,11:16:33,27.4,528807,193,买盘
2132,11:16:36,27.39,331481,121,卖盘
2133,11:16:39,27.4,389034,142,买盘
2134,11:16:42,27.41,257624,94,买盘
2135,11:16:45,27.4,265805,97,中性盘
2136,11:16:48,27.4,84930,31,买盘
2137,11:16:51,27.4,323393,118,买盘
2138,11:16:54,27.4,526158,192,卖盘
2139,11:16:57,27.41,252136,92,买盘
2140,11:17:00,27.39,564401,206,卖盘
2141,11:17:03,27.39,430169,157,卖盘
2142,11:17:06,27.4,323311,118,买盘
2143,11:17:09,27.4,452081,165,买盘
2144,11:17:12,27.4,621970,227,买盘
2145,11:17:15,27.39,589123,215,卖盘
2146,11:17:18,27.42,271431,99,买盘
2147,11:17:21,27.43,348166,127,买盘
2148,11:17:24,27.45,532260,194,买盘
2149,11:17:27,27.43,167332,61,卖盘
2150,11:17:30,27.45,211323,77,买盘
2151,11:17:33,27.45,326617,119,买盘
2152,11:17:36,27.43,3334357,1217,卖盘
2153,11:17:39,27.42,263311,96,卖盘
2154,11:17:42,27.43,370258,135,买盘
2155,11:17:45,27.42,718351,262,卖盘
2156,11:17:48,27.44,246849,90,买盘
2157,11:17:51,27.43,408759,149,中性盘
2158,11:17:54,27.43,650024,237,买盘
2159,11:17:57,27.42,243959,89,中性盘
2160,11:18:00,27.43,866734,316,买盘
2161,11:18:03,27.45,899561,328,买盘
2162,11:18:06,27.43,252450,92,卖盘
2163,11:18:09,27.43,156319,57,买盘
2164,11:18:12,27.43,891063,325,买盘
2165,11:18:15,27.42,389504,142,中性盘
2166,11:18:18,27.41,180916,66,卖盘
2167,11:18:21,27.43,488209,178,买盘
2168,11:18:24,27.43,134439,49,卖盘
2169,11:18:27,27.42,946350,345,卖盘
2170,11:18:30,27.41,178196,65,卖盘
2171,11:18:33,27.42,367352,134,买盘
2172,11:18:36,27.42,189158,69,买盘
2173,11:18:39,27.42,172732,63,买盘
2174,11:18:42,27.42,137094,50,买盘
2175,11:18:45,27.42,202877,74,买盘
2176,11:18:48,27.42,197369,72,买盘
2177,11:18:51,27.42,244008,89,买盘
2178,11:18:54,27.42,235825,86,买盘
2179,11:18:57,27.41,21928,8,卖盘
2180,11:19:00,27.39,1874391,684,卖盘
2181,11:19:03,27.41,356316,130,买盘
2182,11:19:06,27.4,249282,91,中性盘
2183,11:19:09,27.41,315160,115,买盘
2184,11:19:12,27.42,216515,79,买盘
2185,11:19:15,27.4,323557,118,中性盘
2186,11:19:18,27.41,41115,15,中性盘
2187,11:19:21,27.41,438663,160,卖盘
2188,11:19:24,27.41,164494,60,中性盘
2189,11:19:27,27.42,71267,26,买盘
2190,11:19:30,27.41,150777,55,卖盘
2191,11:19:33,27.41,224731,82,买盘
2192,11:19:36,27.4,101402,37,卖盘
2193,11:19:39,27.41,128823,47,买盘
2194,11:19:42,27.4,545288,199,卖盘
2195,11:19:45,27.41,68506,25,买盘
2196,11:19:48,27.4,271263,99,卖盘
2197,11:19:51,27.41,252074,92,买盘
2198,11:19:54,27.41,205559,75,买盘
2199,11:20:00,27.41,178104,65,买盘
2200,11:20:03,27.4,238431,87,中性盘
2201,11:20:06,27.4,323381,118,买盘
2202,11:20:09,27.42,164468,60,买盘
2203,11:20:12,27.41,545583,199,中性盘
2204,11:20:15,27.44,244075,89,买盘
2205,11:20:18,27.44,350989,128,买盘
2206,11:20:21,27.45,721597,263,买盘
2207,11:20:24,27.45,181145,66,买盘
2208,11:20:27,27.45,24705,9,买盘
2209,11:20:30,27.45,236069,86,买盘
2210,11:20:33,27.45,74113,27,买盘
2211,11:20:36,27.44,1478008,538,卖盘
2212,11:20:39,27.44,348585,127,卖盘
2213,11:20:42,27.48,307638,112,买盘
2214,11:20:45,27.47,216965,79,中性盘
2215,11:20:48,27.41,1212176,442,卖盘
2216,11:20:51,27.45,332086,121,买盘
2217,11:20:54,27.45,211360,77,卖盘
2218,11:20:57,27.43,249633,91,卖盘
2219,11:21:00,27.43,244167,89,买盘
2220,11:21:03,27.43,74061,27,买盘
2221,11:21:06,27.43,183770,67,买盘
2222,11:21:09,27.43,98729,36,买盘
2223,11:21:12,27.45,381308,139,买盘
2224,11:21:15,27.44,222186,81,买盘
2225,11:21:18,27.44,521186,190,买盘
2226,11:21:21,27.44,148176,54,买盘
2227,11:21:24,27.43,397870,145,卖盘
2228,11:21:27,27.44,30184,11,买盘
2229,11:21:30,27.44,304621,111,买盘
2230,11:21:33,27.45,148229,54,买盘
2231,11:21:36,27.45,392558,143,买盘
2232,11:21:39,27.45,255315,93,买盘
2233,11:21:42,27.48,324117,118,买盘
2234,11:21:45,27.46,197802,72,卖盘
2235,11:21:48,27.47,35707,13,买盘
2236,11:21:51,27.47,354391,129,买盘
2237,11:21:54,27.47,217038,79,买盘
2238,11:21:57,27.48,140142,51,买盘
2239,11:22:00,27.48,203387,74,中性盘
2240,11:22:03,27.49,274858,100,买盘
2241,11:22:06,27.49,274852,100,买盘
2242,11:22:09,27.49,233637,85,买盘
2243,11:22:12,27.48,519585,189,卖盘
2244,11:22:15,27.49,126474,46,买盘
2245,11:22:18,27.49,65976,24,买盘
2246,11:22:21,27.49,291307,106,买盘
2247,11:22:24,27.49,448111,163,买盘
2248,11:22:27,27.49,90712,33,买盘
2249,11:22:30,27.49,164919,60,买盘
2250,11:22:33,27.48,775132,282,卖盘
2251,11:22:36,27.48,252813,92,买盘
2252,11:22:39,27.48,368282,134,买盘
2253,11:22:42,27.49,123709,45,买盘
2254,11:22:45,27.5,376696,137,买盘
2255,11:22:48,27.47,68688,25,卖盘
2256,11:22:51,27.48,76948,28,中性盘
2257,11:22:54,27.47,349021,127,卖盘
2258,11:22:57,27.47,43955,16,卖盘
2259,11:23:00,27.48,90678,33,中性盘
2260,11:23:03,27.48,277561,101,买盘
2261,11:23:06,27.48,76938,28,买盘
2262,11:23:09,27.47,1513550,551,卖盘
2263,11:23:12,27.47,172987,63,买盘
2264,11:23:15,27.47,197753,72,买盘
2265,11:23:18,27.45,181279,66,卖盘
2266,11:23:21,27.46,236125,86,买盘
2267,11:23:24,27.46,362429,132,买盘
2268,11:23:27,27.45,74122,27,卖盘
2269,11:23:30,27.46,247120,90,买盘
2270,11:23:33,27.46,137300,50,买盘
2271,11:23:36,27.45,263614,96,卖盘
2272,11:23:39,27.46,129060,47,买盘
2273,11:23:42,27.47,236170,86,买盘
2274,11:23:45,27.47,291107,106,买盘
2275,11:23:48,27.46,65904,24,卖盘
2276,11:23:51,27.46,266389,97,卖盘
2277,11:23:54,27.45,230660,84,卖盘
2278,11:23:57,27.46,236080,86,买盘
2279,11:24:00,27.46,54920,20,买盘
2280,11:24:03,27.46,587632,214,买盘
2281,11:24:06,27.45,433730,158,卖盘
2282,11:24:09,27.46,109831,40,买盘
2283,11:24:12,27.45,771376,281,卖盘
2284,11:24:15,27.46,134546,49,买盘
2285,11:24:18,27.45,101566,37,卖盘
2286,11:24:21,27.46,301983,110,买盘
2287,11:24:24,27.46,529832,193,买盘
2288,11:24:27,27.46,172998,63,买盘
2289,11:24:30,27.45,150970,55,卖盘
2290,11:24:33,27.45,60390,22,买盘
2291,11:24:36,27.45,129015,47,买盘
2292,11:24:39,27.45,126248,46,买盘
2293,11:24:42,27.45,266252,97,买盘
2294,11:24:45,27.44,312883,114,卖盘
2295,11:24:48,27.45,79585,29,买盘
2296,11:24:51,27.45,161939,59,买盘
2297,11:24:54,27.45,96068,35,买盘
2298,11:24:57,27.44,98787,36,卖盘
2299,11:25:00,27.45,74102,27,买盘
2300,11:25:03,27.44,1034501,377,卖盘
2301,11:25:06,27.43,222259,81,卖盘
2302,11:25:09,27.44,76812,28,买盘
2303,11:25:12,27.44,167380,61,买盘
2304,11:25:15,27.44,268903,98,买盘
2305,11:25:18,27.43,65852,24,卖盘
2306,11:25:21,27.44,268951,98,买盘
2307,11:25:24,27.45,861442,314,买盘
2308,11:25:27,27.44,181106,66,卖盘
2309,11:25:30,27.44,101536,37,卖盘
2310,11:25:33,27.45,178387,65,买盘
2311,11:25:36,27.43,419845,153,卖盘
2312,11:25:39,27.43,1761456,642,卖盘
2313,11:25:42,27.44,203003,74,买盘
2314,11:25:45,27.43,134440,49,中性盘
2315,11:25:48,27.43,90488,33,买盘
2316,11:25:51,27.45,2590458,944,买盘
2317,11:25:54,27.44,227738,83,买盘
2318,11:25:57,27.43,60340,22,买盘
2319,11:26:00,27.43,120656,44,买盘
2320,11:26:03,27.43,120689,44,买盘
2321,11:26:06,27.43,227685,83,买盘
2322,11:26:09,27.46,927767,338,买盘
2323,11:26:12,27.46,230660,84,买盘
2324,11:26:15,27.46,285679,104,买盘
2325,11:26:18,27.46,200451,73,卖盘
2326,11:26:21,27.46,326954,119,买盘
2327,11:26:24,27.48,552042,201,买盘
2328,11:26:27,27.47,49454,18,中性盘
2329,11:26:30,27.47,63172,23,买盘
2330,11:26:33,27.47,211519,77,买盘
2331,11:26:36,27.48,535641,195,买盘
2332,11:26:39,27.48,167581,61,买盘
2333,11:26:42,27.47,247295,90,卖盘
2334,11:26:45,27.47,52206,19,卖盘
2335,11:26:48,27.47,5494,2,卖盘
2336,11:26:51,27.47,271998,99,卖盘
2337,11:26:54,27.47,532994,194,卖盘
2338,11:26:57,27.47,30217,11,卖盘
2339,11:27:00,27.47,582229,212,买盘
2340,11:27:03,27.47,348846,127,买盘
2341,11:27:06,27.46,153824,56,卖盘
2342,11:27:09,27.46,433878,158,卖盘
2343,11:27:12,27.46,304788,111,买盘
2344,11:27:15,27.46,173022,63,买盘
2345,11:27:18,27.46,392674,143,卖盘
2346,11:27:21,27.46,258124,94,买盘
2347,11:27:24,27.46,192257,70,买盘
2348,11:27:27,27.47,54938,20,买盘
2349,11:27:30,27.45,170251,62,卖盘
2350,11:27:33,27.47,244485,89,买盘
2351,11:27:36,27.47,175799,64,买盘
2352,11:27:39,27.46,167519,61,卖盘
2353,11:27:42,27.46,384524,140,卖盘
2354,11:27:45,27.46,332350,121,卖盘
2355,11:27:48,27.47,60431,22,买盘
2356,11:27:51,27.46,590476,215,卖盘
2357,11:27:54,27.46,458555,167,中性盘
2358,11:27:57,27.47,115338,42,买盘
2359,11:28:00,27.47,148313,54,买盘
2360,11:28:03,27.46,719557,262,卖盘
2361,11:28:06,27.46,302058,110,买盘
2362,11:28:09,27.46,63156,23,买盘
2363,11:28:12,27.48,373584,136,买盘
2364,11:28:15,27.47,107159,39,卖盘
2365,11:28:18,27.48,24732,9,买盘
2366,11:28:21,27.48,244609,89,买盘
2367,11:28:24,27.47,461619,168,卖盘
2368,11:28:27,27.47,1899865,692,买盘
2369,11:28:30,27.49,203338,74,买盘
2370,11:28:33,27.48,71446,26,买盘
2371,11:28:36,27.48,32974,12,买盘
2372,11:28:39,27.48,71423,26,买盘
2373,11:28:42,27.49,445234,162,买盘
2374,11:28:45,27.48,200641,73,中性盘
2375,11:28:48,27.49,126417,46,买盘
2376,11:28:51,27.48,390292,142,卖盘
2377,11:28:54,27.48,167619,61,买盘
2378,11:28:57,27.48,54956,20,买盘
2379,11:29:00,27.49,305001,111,买盘
2380,11:29:03,27.49,156639,57,买盘
2381,11:29:06,27.49,90717,33,买盘
2382,11:29:09,27.47,538497,196,卖盘
2383,11:29:12,27.47,258153,94,买盘
2384,11:29:15,27.49,109939,40,买盘
2385,11:29:18,27.48,230906,84,中性盘
2386,11:29:21,27.48,131933,48,卖盘
2387,11:29:24,27.47,225318,82,卖盘
2388,11:29:27,27.47,68675,25,买盘
2389,11:29:30,27.48,101660,37,买盘
2390,11:29:33,27.47,43967,16,卖盘
2391,11:29:36,27.47,109898,40,卖盘
2392,11:29:39,27.48,192360,70,买盘
2393,11:29:42,27.47,436814,159,卖盘
2394,11:29:45,27.47,8243,3,卖盘
2395,11:29:48,27.47,277541,101,卖盘
2396,11:29:51,27.48,148392,54,买盘
2397,11:29:54,27.48,54959,20,买盘
2398,11:29:57,27.47,228014,83,卖盘
2399,11:30:00,27.47,35711,13,卖盘
2400,13:00:00,27.45,1090011,397,卖盘
2401,13:00:03,27.45,557174,203,买盘
2402,13:00:06,27.45,2684579,978,买盘
2403,13:00:09,27.45,3458341,1260,买盘
2404,13:00:12,27.45,5458724,1989,买盘
2405,13:00:15,27.45,8006089,2917,买盘
2406,13:00:18,27.45,815512,297,卖盘
2407,13:00:21,27.45,2268336,826,买盘
2408,13:00:24,27.49,2591562,943,买盘
2409,13:00:27,27.49,1417885,516,买盘
2410,13:00:30,27.46,527642,192,卖盘
2411,13:00:33,27.48,522264,190,买盘
2412,13:00:36,27.5,1127391,410,买盘
2413,13:00:39,27.49,181499,66,中性盘
2414,13:00:42,27.5,241977,88,买盘
2415,13:00:45,27.5,582909,212,买盘
2416,13:00:48,27.5,731490,266,买盘
2417,13:00:51,27.51,930842,338,买盘
2418,13:00:54,27.51,520032,189,买盘
2419,13:00:57,27.52,616446,224,买盘
2420,13:01:00,27.53,1414689,514,买盘
2421,13:01:03,27.54,718777,261,买盘
2422,13:01:06,27.57,3394685,1232,买盘
2423,13:01:09,27.58,967987,351,买盘
2424,13:01:12,27.57,226146,82,卖盘
2425,13:01:15,27.58,940670,341,买盘
2426,13:01:18,27.57,1408791,511,卖盘
2427,13:01:21,27.56,926282,336,卖盘
2428,13:01:24,27.56,479618,174,买盘
2429,13:01:27,27.56,165399,60,卖盘
2430,13:01:30,27.57,410842,149,中性盘
2431,13:01:33,27.58,261910,95,买盘
2432,13:01:36,27.58,656152,238,买盘
2433,13:01:39,27.57,388808,141,中性盘
2434,13:01:42,27.58,234421,85,买盘
2435,13:01:45,27.58,761042,276,买盘
2436,13:01:48,27.58,386168,140,买盘
2437,13:01:51,27.57,463424,168,中性盘
2438,13:01:54,27.56,1240023,450,卖盘
2439,13:01:57,27.57,780377,283,买盘
2440,13:02:00,27.57,206732,75,买盘
2441,13:02:03,27.58,325354,118,买盘
2442,13:02:06,27.56,468638,170,卖盘
2443,13:02:09,27.56,476936,173,买盘
2444,13:02:12,27.56,19291,7,买盘
2445,13:02:15,27.56,303115,110,买盘
2446,13:02:18,27.56,148796,54,买盘
2447,13:02:21,27.56,170870,62,买盘
2448,13:02:24,27.55,195606,71,卖盘
2449,13:02:27,27.55,231457,84,卖盘
2450,13:02:30,27.55,49590,18,买盘
2451,13:02:33,27.54,148750,54,卖盘
2452,13:02:36,27.54,101905,37,卖盘
2453,13:02:39,27.56,71648,26,买盘
2454,13:02:42,27.54,110160,40,买盘
2455,13:02:45,27.55,137709,50,买盘
2456,13:02:48,27.54,231310,84,卖盘
2457,13:02:51,27.55,225851,82,卖盘
2458,13:02:54,27.53,305718,111,卖盘
2459,13:02:57,27.54,198276,72,买盘
2460,13:03:00,27.53,71601,26,卖盘
2461,13:03:03,27.53,134944,49,卖盘
2462,13:03:06,27.55,242339,88,买盘
2463,13:03:09,27.53,60565,22,买盘
2464,13:03:12,27.52,401791,146,卖盘
2465,13:03:15,27.52,233917,85,买盘
2466,13:03:18,27.51,374148,136,卖盘
2467,13:03:21,27.51,610645,222,买盘
2468,13:03:24,27.52,682316,248,买盘
2469,13:03:27,27.51,68792,25,卖盘
2470,13:03:30,27.5,530972,193,卖盘
2471,13:03:33,27.51,156807,57,卖盘
2472,13:03:36,27.52,409986,149,买盘
2473,13:03:39,27.51,154116,56,买盘
2474,13:03:42,27.54,151384,55,买盘
2475,13:03:45,27.51,137686,50,卖盘
2476,13:03:48,27.54,71562,26,买盘
2477,13:03:51,27.52,57832,21,中性盘
2478,13:03:54,27.52,217419,79,卖盘
2479,13:03:57,27.54,357907,130,买盘
2480,13:04:00,27.52,110138,40,中性盘
2481,13:04:03,27.54,341468,124,买盘
2482,13:04:06,27.55,457215,166,买盘
2483,13:04:09,27.55,330516,120,买盘
2484,13:04:12,27.56,369282,134,买盘
2485,13:04:15,27.55,559535,203,卖盘
2486,13:04:18,27.58,443848,161,买盘
2487,13:04:21,27.56,598264,217,卖盘
2488,13:04:24,27.58,532120,193,买盘
2489,13:04:27,27.59,717235,260,买盘
2490,13:04:30,27.59,165508,60,买盘
2491,13:04:33,27.59,1133724,411,买盘
2492,13:04:36,27.59,744863,270,买盘
2493,13:04:39,27.58,601437,218,中性盘
2494,13:04:42,27.57,614860,223,卖盘
2495,13:04:45,27.57,975978,354,买盘
2496,13:04:48,27.59,565391,205,买盘
2497,13:04:51,27.59,184830,67,买盘
2498,13:04:54,27.6,863660,313,买盘
2499,13:04:57,27.6,607147,220,买盘
2500,13:05:00,27.57,270334,98,卖盘
2501,13:05:03,27.55,788324,286,卖盘
2502,13:05:06,27.57,631279,229,买盘
2503,13:05:09,27.55,82669,30,卖盘
2504,13:05:12,27.57,77168,28,买盘
2505,13:05:15,27.57,228755,83,买盘
2506,13:05:18,27.57,148868,54,买盘
2507,13:05:21,27.59,126864,46,买盘
2508,13:05:24,27.59,410860,149,买盘
2509,13:05:27,27.6,416619,151,买盘
2510,13:05:30,27.57,463182,168,卖盘
2511,13:05:33,27.59,330904,120,买盘
2512,13:05:36,27.58,350453,127,卖盘
2513,13:05:39,27.59,2199675,797,买盘
2514,13:05:42,27.59,132401,48,买盘
2515,13:05:45,27.6,455386,165,买盘
2516,13:05:48,27.59,284228,103,卖盘
2517,13:05:51,27.59,104859,38,卖盘
2518,13:05:54,27.59,121402,44,卖盘
2519,13:05:57,27.59,104842,38,买盘
2520,13:06:00,27.59,66216,24,买盘
2521,13:06:03,27.59,184853,67,买盘
2522,13:06:06,27.59,110347,40,买盘
2523,13:06:09,27.59,234515,85,买盘
2524,13:06:12,27.59,212442,77,买盘
2525,13:06:15,27.6,311758,113,买盘
2526,13:06:18,27.59,284240,103,中性盘
2527,13:06:21,27.59,648227,235,卖盘
2528,13:06:24,27.59,485648,176,卖盘
2529,13:06:27,27.6,772710,280,买盘
2530,13:06:30,27.59,339386,123,卖盘
2531,13:06:33,27.59,449774,163,买盘
2532,13:06:36,27.6,585083,212,买盘
2533,13:06:39,27.59,91078,33,卖盘
2534,13:06:42,27.6,554541,201,买盘
2535,13:06:45,27.59,516022,187,卖盘
2536,13:06:48,27.6,518761,188,买盘
2537,13:06:51,27.6,226291,82,买盘
2538,13:06:54,27.6,292556,106,买盘
2539,13:06:57,27.6,471943,171,买盘
2540,13:07:00,27.59,2234867,810,卖盘
2541,13:07:03,27.6,143488,52,买盘
2542,13:07:06,27.59,187638,68,卖盘
2543,13:07:09,27.59,480194,174,卖盘
2544,13:07:12,27.6,190402,69,买盘
2545,13:07:15,27.59,339399,123,卖盘
2546,13:07:18,27.6,441557,160,买盘
2547,13:07:21,27.6,507751,184,买盘
2548,13:07:24,27.6,681665,247,买盘
2549,13:07:27,27.6,1134072,411,买盘
2550,13:07:30,27.59,66237,24,卖盘
2551,13:07:33,27.6,91062,33,买盘
2552,13:07:36,27.61,5993519,2171,买盘
2553,13:07:39,27.62,474984,172,买盘
2554,13:07:42,27.61,289985,105,卖盘
2555,13:07:45,27.62,232000,84,买盘
2556,13:07:48,27.62,273419,99,买盘
2557,13:07:51,27.62,38667,14,买盘
2558,13:07:54,27.62,276148,100,买盘
2559,13:07:57,27.62,961155,348,买盘
2560,13:08:00,27.62,215435,78,买盘
2561,13:08:03,27.62,312098,113,买盘
2562,13:08:06,27.62,1651143,598,买盘
2563,13:08:09,27.61,2129548,771,中性盘
2564,13:08:12,27.62,328599,119,买盘
2565,13:08:15,27.62,494273,179,买盘
2566,13:08:18,27.61,342366,124,卖盘
2567,13:08:21,27.6,1407614,510,卖盘
2568,13:08:24,27.6,328427,119,买盘
2569,13:08:27,27.58,951889,345,卖盘
2570,13:08:30,27.58,52406,19,卖盘
2571,13:08:33,27.59,198601,72,买盘
2572,13:08:36,27.59,270388,98,买盘
2573,13:08:39,27.59,366934,133,买盘
2574,13:08:42,27.59,41383,15,买盘
2575,13:08:45,27.59,281474,102,买盘
2576,13:08:48,27.59,259370,94,卖盘
2577,13:08:51,27.59,251068,91,卖盘
2578,13:08:54,27.58,146219,53,卖盘
2579,13:08:57,27.59,107598,39,买盘
2580,13:09:00,27.59,171021,62,买盘
2581,13:09:03,27.59,71759,26,卖盘
2582,13:09:06,27.59,298020,108,卖盘
2583,13:09:09,27.59,259352,94,卖盘
2584,13:09:12,27.6,612623,222,买盘
2585,13:09:15,27.59,493981,179,卖盘
2586,13:09:18,27.6,778508,282,买盘
2587,13:09:21,27.61,198716,72,买盘
2588,13:09:24,27.6,298136,108,卖盘
2589,13:09:27,27.62,358928,130,买盘
2590,13:09:30,27.61,149089,54,中性盘
2591,13:09:33,27.61,55221,20,买盘
2592,13:09:36,27.6,314784,114,卖盘
2593,13:09:39,27.6,262348,95,卖盘
2594,13:09:42,27.61,336868,122,买盘
2595,13:09:45,27.61,298206,108,买盘
2596,13:09:48,27.61,129753,47,买盘
2597,13:09:51,27.6,1233820,447,卖盘
2598,13:09:54,27.6,894502,324,中性盘
2599,13:09:57,27.6,160116,58,中性盘
2600,13:10:00,27.6,27600,10,卖盘
2601,13:10:03,27.61,408569,148,买盘
2602,13:10:06,27.61,201515,73,买盘
2603,13:10:09,27.6,63491,23,卖盘
2604,13:10:12,27.6,1598055,579,卖盘
2605,13:10:15,27.6,223602,81,卖盘
2606,13:10:18,27.6,46920,17,卖盘
2607,13:10:21,27.61,1943563,704,买盘
2608,13:10:24,27.6,1082145,392,卖盘
2609,13:10:27,27.6,129736,47,卖盘
2610,13:10:30,27.6,510619,185,卖盘
2611,13:10:33,27.6,593445,215,买盘
2612,13:10:36,27.6,218074,79,卖盘
2613,13:10:39,27.6,207000,75,买盘
2614,13:10:42,27.6,328459,119,卖盘
2615,13:10:45,27.61,264979,96,买盘
2616,13:10:48,27.59,786383,285,卖盘
2617,13:10:51,27.6,146279,53,买盘
2618,13:10:54,27.6,176598,64,买盘
2619,13:10:57,27.6,118680,43,买盘
2620,13:11:00,27.6,1377286,499,买盘
2621,13:11:03,27.61,839189,304,买盘
2622,13:11:06,27.6,640477,232,卖盘
2623,13:11:09,27.59,240099,87,卖盘
2624,13:11:12,27.6,584941,212,买盘
2625,13:11:15,27.59,256653,93,卖盘
2626,13:11:18,27.59,55192,20,卖盘
2627,13:11:21,27.6,115897,42,买盘
2628,13:11:24,27.6,306304,111,买盘
2629,13:11:27,27.59,176603,64,卖盘
2630,13:11:30,27.59,148986,54,卖盘
2631,13:11:33,27.59,841496,305,卖盘
2632,13:11:36,27.59,317309,115,卖盘
2633,13:11:39,27.58,88286,32,卖盘
2634,13:11:42,27.59,187606,68,买盘
2635,13:11:45,27.58,110357,40,卖盘
2636,13:11:48,27.58,113104,41,卖盘
2637,13:11:51,27.58,113086,41,卖盘
2638,13:11:54,27.59,1475556,535,买盘
2639,13:11:57,27.59,187581,68,买盘
2640,13:12:00,27.58,154456,56,卖盘
2641,13:12:03,27.58,250990,91,卖盘
2642,13:12:06,27.59,515876,187,买盘
2643,13:12:09,27.58,353032,128,卖盘
2644,13:12:12,27.58,137899,50,买盘
2645,13:12:15,27.58,397118,144,买盘
2646,13:12:18,27.58,173734,63,卖盘
2647,13:12:21,27.58,118552,43,买盘
2648,13:12:24,27.57,143406,52,卖盘
2649,13:12:27,27.57,499182,181,卖盘
2650,13:12:30,27.58,68930,25,买盘
2651,13:12:33,27.58,231654,84,买盘
2652,13:12:36,27.59,419211,152,买盘
2653,13:12:39,27.58,278579,101,卖盘
2654,13:12:42,27.57,675487,245,卖盘
2655,13:12:45,27.58,372246,135,买盘
2656,13:12:48,27.58,259230,94,买盘
2657,13:12:51,27.58,228907,83,买盘
2658,13:12:54,27.57,126856,46,卖盘
2659,13:12:57,27.57,121331,44,卖盘
2660,13:13:00,27.57,405279,147,卖盘
2661,13:13:03,27.57,217785,79,买盘
2662,13:13:06,27.57,430110,156,买盘
2663,13:13:09,27.57,85461,31,买盘
2664,13:13:12,27.58,237129,86,买盘
2665,13:13:15,27.58,568096,206,买盘
2666,13:13:18,27.58,157181,57,买盘
2667,13:13:21,27.57,41359,15,卖盘
2668,13:13:24,27.57,432868,157,卖盘
2669,13:13:27,27.57,212281,77,买盘
2670,13:13:30,27.57,57899,21,买盘
2671,13:13:33,27.57,452003,164,卖盘
2672,13:13:36,27.57,485218,176,买盘
2673,13:13:39,27.56,5512,2,卖盘
2674,13:13:42,27.56,292210,106,卖盘
2675,13:13:45,27.57,148864,54,买盘
2676,13:13:48,27.58,457667,166,买盘
2677,13:13:51,27.59,3538711,1283,买盘
2678,13:13:54,27.6,173844,63,买盘
2679,13:13:57,27.6,182132,66,买盘
2680,13:14:00,27.6,41398,15,买盘
2681,13:14:03,27.6,607199,220,买盘
2682,13:14:06,27.6,8507180,3082,买盘
2683,13:14:09,27.62,2096107,759,买盘
2684,13:14:12,27.62,303801,110,买盘
2685,13:14:15,27.62,408747,148,买盘
2686,13:14:18,27.62,392141,142,买盘
2687,13:14:21,27.61,138074,50,卖盘
2688,13:14:24,27.62,49712,18,买盘
2689,13:14:27,27.62,452919,164,买盘
2690,13:14:30,27.61,38659,14,卖盘
2691,13:14:33,27.62,273398,99,买盘
2692,13:14:36,27.61,298213,108,卖盘
2693,13:14:39,27.62,220950,80,买盘
2694,13:14:42,27.62,499753,181,买盘
2695,13:14:45,27.62,425239,154,买盘
2696,13:14:48,27.62,430866,156,买盘
2697,13:14:51,27.62,2223302,805,买盘
2698,13:14:54,27.62,93903,34,买盘
2699,13:14:57,27.62,207167,75,买盘
2700,13:15:00,27.62,1632904,591,卖盘
2701,13:15:03,27.62,364604,132,卖盘
2702,13:15:06,27.63,654678,237,买盘
2703,13:15:09,27.62,168483,61,中性盘
2704,13:15:12,27.62,35904,13,买盘
2705,13:15:15,27.62,49704,18,买盘
2706,13:15:18,27.63,638027,231,买盘
2707,13:15:21,27.62,756816,274,卖盘
2708,13:15:24,27.62,679650,246,买盘
2709,13:15:27,27.62,174626,63,卖盘
2710,13:15:30,27.62,406090,147,卖盘
2711,13:15:33,27.63,187842,68,买盘
2712,13:15:36,27.63,389578,141,买盘
2713,13:15:39,27.63,511141,185,买盘
2714,13:15:42,27.63,466874,169,买盘
2715,13:15:45,27.62,279055,101,卖盘
2716,13:15:48,27.63,1025050,371,买盘
2717,13:15:51,27.63,723942,262,买盘
2718,13:15:54,27.63,444787,161,卖盘
2719,13:15:57,27.64,190676,69,买盘
2720,13:16:00,27.64,1124559,407,买盘
2721,13:16:03,27.63,522282,189,卖盘
2722,13:16:06,27.64,221090,80,买盘
2723,13:16:09,27.64,373126,135,买盘
2724,13:16:12,27.64,124374,45,买盘
2725,13:16:15,27.63,489086,177,卖盘
2726,13:16:18,27.63,782187,283,卖盘
2727,13:16:21,27.63,284607,103,卖盘
2728,13:16:24,27.63,596888,216,卖盘
2729,13:16:27,27.63,478067,173,买盘
2730,13:16:30,27.63,163014,59,买盘
2731,13:16:33,27.62,345262,125,卖盘
2732,13:16:36,27.62,312104,113,卖盘
2733,13:16:39,27.61,107715,39,卖盘
2734,13:16:42,27.62,223655,81,买盘
2735,13:16:45,27.63,102190,37,买盘
2736,13:16:48,27.61,323205,117,卖盘
2737,13:16:51,27.63,82874,30,买盘
2738,13:16:54,27.62,77348,28,卖盘
2739,13:16:57,27.62,129828,47,卖盘
2740,13:17:00,27.62,149148,54,卖盘
2741,13:17:03,27.62,267914,97,卖盘
2742,13:17:06,27.62,138098,50,买盘
2743,13:17:09,27.61,867441,314,卖盘
2744,13:17:12,27.63,138106,50,买盘
2745,13:17:15,27.62,245845,89,卖盘
2746,13:17:18,27.63,593971,215,买盘
2747,13:17:21,27.62,243095,88,卖盘
2748,13:17:24,27.63,395007,143,买盘
2749,13:17:27,27.64,2713400,982,买盘
2750,13:17:30,27.67,32315996,11687,买盘
2751,13:17:33,27.7,48798610,17621,买盘
2752,13:17:36,27.72,1197405,432,买盘
2753,13:17:39,27.72,762150,275,买盘
2754,13:17:42,27.72,1125272,406,买盘
2755,13:17:45,27.72,679045,245,买盘
2756,13:17:48,27.72,2009618,725,买盘
2757,13:17:51,27.72,984165,355,卖盘
2758,13:17:54,27.74,2079706,750,买盘
2759,13:17:57,27.75,2214102,798,买盘
2760,13:18:00,27.74,732444,264,卖盘
2761,13:18:03,27.75,2824589,1018,买盘
2762,13:18:06,27.77,4425895,1594,买盘
2763,13:18:09,27.8,22573964,8122,买盘
2764,13:18:12,27.81,2896697,1042,买盘
2765,13:18:15,27.83,804090,289,买盘
2766,13:18:18,27.84,1224589,440,买盘
2767,13:18:21,27.85,1358959,488,买盘
2768,13:18:24,27.85,913436,328,买盘
2769,13:18:27,27.85,9289883,3337,买盘
2770,13:18:30,27.85,2380305,855,买盘
2771,13:18:33,27.87,5043138,1810,买盘
2772,13:18:36,27.87,2734122,981,卖盘
2773,13:18:39,27.87,5344429,1917,卖盘
2774,13:18:42,27.88,2694872,967,买盘
2775,13:18:45,27.88,3046282,1093,买盘
2776,13:18:48,27.86,1572217,564,卖盘
2777,13:18:51,27.88,3883626,1393,买盘
2778,13:18:54,27.87,6690073,2399,卖盘
2779,13:18:57,27.87,2588365,928,买盘
2780,13:19:00,27.87,1700952,610,买盘
2781,13:19:03,27.87,3014861,1082,卖盘
2782,13:19:06,27.87,1995805,716,卖盘
2783,13:19:09,27.88,1324544,475,买盘
2784,13:19:12,27.88,393146,141,卖盘
2785,13:19:15,27.89,3140142,1126,买盘
2786,13:19:18,27.89,2680605,961,买盘
2787,13:19:21,27.89,2580284,925,卖盘
2788,13:19:24,27.9,1919445,688,买盘
2789,13:19:27,27.9,1581778,567,买盘
2790,13:19:30,27.9,446336,160,买盘
2791,13:19:33,27.9,1481767,531,卖盘
2792,13:19:36,27.91,2235489,801,买盘
2793,13:19:39,27.91,812154,291,买盘
2794,13:19:42,27.9,2948679,1057,卖盘
2795,13:19:45,27.9,1068430,383,买盘
2796,13:19:48,27.89,822991,295,中性盘
2797,13:19:51,27.89,588562,211,卖盘
2798,13:19:54,27.89,1419083,509,卖盘
2799,13:19:57,27.88,1782067,639,买盘
2800,13:20:00,27.86,348300,125,卖盘
2801,13:20:03,27.86,4197000,1506,卖盘
2802,13:20:06,27.86,989167,355,买盘
2803,13:20:09,27.85,966385,347,中性盘
2804,13:20:12,27.84,793801,285,卖盘
2805,13:20:15,27.84,780070,280,卖盘
2806,13:20:18,27.86,493082,177,卖盘
2807,13:20:21,27.88,356659,128,买盘
2808,13:20:24,27.86,323232,116,卖盘
2809,13:20:27,27.87,1575094,565,买盘
2810,13:20:30,27.86,757803,272,卖盘
2811,13:20:33,27.88,666296,239,买盘
2812,13:20:36,27.88,618803,222,买盘
2813,13:20:39,27.88,339030,122,买盘
2814,13:20:42,27.88,374693,134,卖盘
2815,13:20:45,27.88,178446,64,卖盘
2816,13:20:48,27.88,97580,35,买盘
2817,13:20:51,27.88,465554,167,买盘
2818,13:20:54,27.88,317734,114,买盘
2819,13:20:57,27.87,203500,73,卖盘
2820,13:21:00,27.85,1136595,408,卖盘
2821,13:21:03,27.84,348106,125,卖盘
2822,13:21:06,27.85,264534,95,买盘
2823,13:21:09,27.84,392576,141,卖盘
2824,13:21:12,27.84,219936,79,买盘
2825,13:21:15,27.84,256125,92,卖盘
2826,13:21:18,27.83,192092,69,卖盘
2827,13:21:21,27.83,436981,157,卖盘
2828,13:21:24,27.83,545501,196,卖盘
2829,13:21:27,27.83,626221,225,卖盘
2830,13:21:30,27.84,1561899,561,买盘
2831,13:21:33,27.86,966791,347,买盘
2832,13:21:36,27.87,420939,151,中性盘
2833,13:21:39,27.88,844685,303,买盘
2834,13:21:42,27.88,136656,49,买盘
2835,13:21:45,27.94,16510646,5915,买盘
2836,13:21:48,27.95,1282605,459,买盘
2837,13:21:51,27.94,1626353,582,卖盘
2838,13:21:54,27.95,1388852,497,买盘
2839,13:21:57,27.95,1794302,642,买盘
2840,13:22:00,27.95,4723328,1690,买盘
2841,13:22:03,27.94,1223957,438,卖盘
2842,13:22:06,27.94,2039889,730,买盘
2843,13:22:09,27.96,760288,272,买盘
2844,13:22:12,27.95,4597556,1645,卖盘
2845,13:22:15,27.94,1943782,696,中性盘
2846,13:22:18,27.94,1957979,701,买盘
2847,13:22:21,27.95,782254,280,买盘
2848,13:22:24,27.95,2240845,802,买盘
2849,13:22:27,27.94,2447398,876,卖盘
2850,13:22:30,27.94,1067184,382,买盘
2851,13:22:33,27.94,765600,274,卖盘
2852,13:22:36,27.94,2086808,747,卖盘
2853,13:22:39,27.95,4469041,1599,买盘
2854,13:22:42,28.0,38395326,13722,买盘
2855,13:22:45,28.0,13826011,4938,买盘
2856,13:22:48,28.0,5521248,1972,买盘
2857,13:22:51,27.97,5394452,1927,卖盘
2858,13:22:54,28.0,5424075,1938,买盘
2859,13:22:57,27.99,3043271,1087,中性盘
2860,13:23:00,28.0,10121765,3615,买盘
2861,13:23:03,27.99,8354825,2984,卖盘
2862,13:23:06,27.99,7377638,2635,卖盘
2863,13:23:09,28.0,5748630,2053,买盘
2864,13:23:12,28.03,1826934,652,买盘
2865,13:23:15,28.04,1462943,522,买盘
2866,13:23:18,28.04,1561565,557,买盘
2867,13:23:21,28.05,2875317,1025,买盘
2868,13:23:24,28.06,709650,253,买盘
2869,13:23:27,28.05,1643811,586,卖盘
2870,13:23:30,28.03,4841667,1727,卖盘
2871,13:23:33,28.0,4245651,1516,卖盘
2872,13:23:36,28.01,2684761,959,买盘
2873,13:23:39,28.02,1546350,552,买盘
2874,13:23:42,28.04,1698923,606,买盘
2875,13:23:45,28.06,1666475,594,买盘
2876,13:23:48,28.1,10678844,3803,买盘
2877,13:23:51,28.1,5354152,1905,买盘
2878,13:23:54,28.07,5394437,1920,卖盘
2879,13:23:57,28.1,4218266,1501,买盘
2880,13:24:00,28.1,3076855,1095,中性盘
2881,13:24:03,28.11,1317881,469,买盘
2882,13:24:06,28.11,1807106,643,买盘
2883,13:24:09,28.12,2012933,716,买盘
2884,13:24:12,28.11,3658108,1301,卖盘
2885,13:24:15,28.1,3066317,1091,卖盘
2886,13:24:18,28.07,2982262,1062,卖盘
2887,13:24:21,28.07,2070095,737,买盘
2888,13:24:24,28.07,500008,178,卖盘
2889,13:24:27,28.1,1637530,583,买盘
2890,13:24:30,28.08,780760,278,中性盘
2891,13:24:33,28.07,1546801,551,卖盘
2892,13:24:36,28.06,1307793,466,卖盘
2893,13:24:39,28.07,589269,210,买盘
2894,13:24:42,28.06,370400,132,中性盘
2895,13:24:45,28.07,1759167,627,买盘
2896,13:24:48,28.08,1330362,474,买盘
2897,13:24:51,28.06,1218227,434,卖盘
2898,13:24:54,28.08,547447,195,买盘
2899,13:24:57,28.07,1369625,488,卖盘
2900,13:25:00,28.08,1024713,365,买盘
2901,13:25:03,28.06,662548,236,卖盘
2902,13:25:06,28.08,1356380,483,买盘
2903,13:25:09,28.05,4607584,1642,卖盘
2904,13:25:12,28.05,2033708,725,卖盘
2905,13:25:15,28.0,6422506,2293,卖盘
2906,13:25:18,28.01,1254175,448,买盘
2907,13:25:21,28.0,498529,178,卖盘
2908,13:25:24,28.0,1147864,410,卖盘
2909,13:25:27,28.02,1753023,626,买盘
2910,13:25:30,28.03,734061,262,买盘
2911,13:25:33,28.03,1508138,538,卖盘
2912,13:25:36,28.04,250246,89,中性盘
2913,13:25:39,28.03,1252707,447,卖盘
2914,13:25:42,28.04,885996,316,买盘
2915,13:25:45,28.02,1384617,494,卖盘
2916,13:25:48,28.03,1107324,395,买盘
2917,13:25:51,28.03,731085,261,卖盘
2918,13:25:54,28.02,505231,180,卖盘
2919,13:25:57,28.01,991883,354,卖盘
2920,13:26:00,28.01,6121080,2186,买盘
2921,13:26:03,28.01,792907,283,中性盘
2922,13:26:06,28.0,691900,247,卖盘
2923,13:26:09,28.01,3800325,1357,中性盘
2924,13:26:12,28.01,658252,235,买盘
2925,13:26:15,28.0,366840,131,卖盘
2926,13:26:18,28.02,1736628,620,买盘
2927,13:26:21,28.0,1351422,482,卖盘
2928,13:26:24,28.04,793629,283,买盘
2929,13:26:27,28.04,633882,226,卖盘
2930,13:26:30,28.04,989776,353,中性盘
2931,13:26:33,28.04,585933,209,买盘
2932,13:26:36,28.04,894461,319,买盘
2933,13:26:39,28.04,872148,311,买盘
2934,13:26:42,28.07,667944,238,买盘
2935,13:26:45,28.09,1249611,445,买盘
2936,13:26:48,28.09,1792172,638,买盘
2937,13:26:51,28.11,6429769,2288,买盘
2938,13:26:54,28.13,1175498,418,买盘
2939,13:26:57,28.19,16748481,5946,买盘
2940,13:27:00,28.2,11637890,4127,买盘
2941,13:27:03,28.23,9680769,3432,买盘
2942,13:27:06,28.22,8156019,2888,卖盘
2943,13:27:09,28.18,4824616,1711,卖盘
2944,13:27:12,28.2,1871629,664,买盘
2945,13:27:15,28.18,1445060,513,卖盘
2946,13:27:18,28.17,848034,301,中性盘
2947,13:27:21,28.17,1249794,444,买盘
2948,13:27:24,28.15,1577018,560,卖盘
2949,13:27:27,28.13,1525172,542,卖盘
2950,13:27:30,28.15,2806936,997,买盘
2951,13:27:33,28.22,9220892,3270,买盘
2952,13:27:36,28.23,1548952,549,买盘
2953,13:27:39,28.25,1335445,473,买盘
2954,13:27:42,28.25,6204389,2196,买盘
2955,13:27:45,28.23,2388309,846,卖盘
2956,13:27:48,28.23,3854985,1365,买盘
2957,13:27:51,28.24,2428161,860,中性盘
2958,13:27:54,28.23,2614404,926,中性盘
2959,13:27:57,28.24,640927,227,买盘
2960,13:28:00,28.24,782201,277,买盘
2961,13:28:03,28.23,1360746,482,卖盘
2962,13:28:06,28.25,2579094,913,买盘
2963,13:28:09,28.24,1601451,567,卖盘
2964,13:28:12,28.24,923565,327,中性盘
2965,13:28:15,28.25,1172333,415,买盘
2966,13:28:18,28.25,2231374,790,买盘
2967,13:28:21,28.26,1723636,610,买盘
2968,13:28:24,28.25,5855416,2072,卖盘
2969,13:28:27,28.26,1511638,535,买盘
2970,13:28:30,28.26,644288,228,卖盘
2971,13:28:33,28.26,1136236,402,买盘
2972,13:28:36,28.27,2776333,982,卖盘
2973,13:28:39,28.27,1987945,703,卖盘
