,成交时间,成交价格,成交金额,成交量,性质
0,09:25:03,4.95,10772685,21763,卖盘
1,09:30:03,4.94,591011,1194,卖盘
2,09:30:06,4.95,2390672,4830,买盘
3,09:30:09,4.95,1004340,2030,买盘
4,09:30:12,4.96,2945816,5957,买盘
5,09:30:15,4.95,1168142,2358,卖盘
6,09:30:18,4.95,2649288,5359,买盘
7,09:30:21,4.95,1175293,2377,买盘
8,09:30:24,4.95,1260429,2549,买盘
9,09:30:27,4.94,389766,788,卖盘
10,09:30:30,4.94,360981,730,卖盘
11,09:30:33,4.94,2721746,5509,卖盘
12,09:30:36,4.94,757451,1533,卖盘
13,09:30:39,4.94,999636,2023,卖盘
14,09:30:42,4.94,868865,1758,卖盘
15,09:30:45,4.94,1701371,3444,卖盘
16,09:30:48,4.94,1440601,2917,卖盘
17,09:30:51,4.93,635223,1286,卖盘
18,09:30:54,4.93,800521,1621,卖盘
19,09:30:57,4.93,647146,1312,卖盘
20,09:31:00,4.94,1171459,2375,买盘
21,09:31:03,4.94,864343,1751,买盘
22,09:31:06,4.94,1276083,2586,买盘
23,09:31:09,4.94,2240075,4542,买盘
24,09:31:12,4.94,938606,1901,买盘
25,09:31:15,4.94,525244,1064,买盘
26,09:31:18,4.93,1090567,2210,卖盘
27,09:31:21,4.94,1157767,2345,买盘
28,09:31:24,4.94,617225,1249,买盘
29,09:31:27,4.94,2425079,4909,卖盘
30,09:31:30,4.94,702553,1422,卖盘
31,09:31:33,4.95,456368,923,买盘
32,09:31:36,4.95,921446,1863,买盘
33,09:31:39,4.95,912846,1846,买盘
34,09:31:42,4.96,4280954,8652,买盘
35,09:31:45,4.96,351643,710,买盘
36,09:31:48,4.95,271561,548,卖盘
37,09:31:51,4.95,174794,353,卖盘
38,09:31:54,4.95,381292,769,卖盘
39,09:31:57,4.95,517593,1045,卖盘
40,09:32:00,4.96,372608,752,买盘
41,09:32:03,4.95,641628,1296,卖盘
42,09:32:06,4.96,2231592,4500,买盘
43,09:32:09,4.96,621870,1254,买盘
44,09:32:12,4.96,610001,1230,卖盘
45,09:32:15,4.95,382694,772,卖盘
46,09:32:18,4.96,358936,724,买盘
47,09:32:21,4.95,384198,775,卖盘
48,09:32:24,4.95,279092,563,卖盘
49,09:32:27,4.95,4337161,8761,卖盘
50,09:32:30,4.95,366736,740,卖盘
51,09:32:33,4.95,289215,584,卖盘
52,09:32:36,4.95,429615,867,卖盘
53,09:32:39,4.95,530367,1071,卖盘
54,09:32:42,4.95,1249228,2520,卖盘
55,09:32:45,4.96,881478,1780,买盘
56,09:32:48,4.96,4194665,8474,买盘
57,09:32:51,4.95,201480,407,卖盘
58,09:32:54,4.96,94146,190,买盘
59,09:32:57,4.96,836471,1689,买盘
60,09:33:00,4.96,1610759,3254,买盘
61,09:33:03,4.96,1512862,3058,买盘
62,09:33:06,4.94,789504,1595,卖盘
63,09:33:09,4.94,689977,1394,卖盘
64,09:33:12,4.95,527428,1066,买盘
65,09:33:15,4.95,1256275,2541,买盘
66,09:33:18,4.94,707515,1430,卖盘
67,09:33:21,4.94,1275202,2579,卖盘
68,09:33:24,4.94,1130689,2287,卖盘
69,09:33:27,4.94,601099,1215,卖盘
70,09:33:30,4.95,560049,1133,中性盘
71,09:33:33,4.94,370598,750,卖盘
72,09:33:36,4.95,487361,985,买盘
73,09:33:39,4.95,707536,1430,卖盘
74,09:33:42,4.95,460429,930,卖盘
75,09:33:45,4.95,417307,843,卖盘
76,09:33:48,4.95,656998,1327,卖盘
77,09:33:51,4.95,508976,1028,卖盘
78,09:33:54,4.94,464277,938,卖盘
79,09:33:57,4.94,921354,1863,卖盘
80,09:34:00,4.95,301223,609,卖盘
81,09:34:03,4.95,363831,735,卖盘
82,09:34:06,4.94,1349826,2727,卖盘
83,09:34:09,4.95,532108,1075,买盘
84,09:34:12,4.95,365393,738,卖盘
85,09:34:15,4.95,243044,491,卖盘
86,09:34:18,4.95,476829,963,卖盘
87,09:34:21,4.95,484222,978,买盘
88,09:34:24,4.94,184536,373,卖盘
89,09:34:27,4.94,1257728,2543,卖盘
90,09:34:30,4.95,520749,1053,买盘
91,09:34:33,4.95,568677,1150,买盘
92,09:34:36,4.94,456458,923,卖盘
93,09:34:39,4.94,485618,982,卖盘
94,09:34:42,4.94,652853,1321,卖盘
95,09:34:45,4.95,608204,1231,买盘
96,09:34:48,4.94,379481,768,卖盘
97,09:34:51,4.94,360002,728,卖盘
98,09:34:54,4.94,578537,1170,卖盘
99,09:34:57,4.94,206172,417,卖盘
100,09:35:00,4.94,287205,581,卖盘
101,09:35:03,4.95,546500,1105,买盘
102,09:35:06,4.94,174561,353,卖盘
103,09:35:09,4.94,441933,893,卖盘
104,09:35:12,4.95,376831,762,买盘
105,09:35:15,4.94,473806,958,卖盘
106,09:35:18,4.95,846894,1713,买盘
107,09:35:21,4.95,5191115,10508,买盘
108,09:35:24,4.94,996771,2016,卖盘
109,09:35:27,4.94,853666,1726,卖盘
110,09:35:30,4.95,3914936,7909,买盘
111,09:35:33,4.95,231169,467,卖盘
112,09:35:36,4.96,280844,567,买盘
113,09:35:39,4.95,451078,911,卖盘
114,09:35:42,4.96,181306,366,买盘
115,09:35:45,4.96,343615,694,买盘
116,09:35:48,4.95,22317,45,卖盘
117,09:35:51,4.95,91218,184,卖盘
118,09:35:54,4.95,351250,709,卖盘
119,09:35:57,4.95,851977,1721,卖盘
120,09:36:00,4.95,262993,531,卖盘
121,09:36:03,4.95,150059,303,卖盘
122,09:36:06,4.95,529731,1070,卖盘
123,09:36:09,4.95,400765,809,卖盘
124,09:36:12,4.95,231910,468,卖盘
125,09:36:15,4.96,594826,1201,买盘
126,09:36:18,4.96,666545,1346,买盘
127,09:36:21,4.95,741646,1497,卖盘
128,09:36:24,4.96,323299,653,买盘
129,09:36:27,4.95,1063235,2144,卖盘
130,09:36:30,4.95,374395,756,卖盘
131,09:36:33,4.96,407038,821,买盘
132,09:36:36,4.95,220983,446,卖盘
133,09:36:39,4.95,482349,973,卖盘
134,09:36:42,4.96,229019,462,买盘
135,09:36:45,4.96,345906,698,买盘
136,09:36:48,4.95,269184,543,卖盘
137,09:36:51,4.95,436168,881,卖盘
138,09:36:54,4.95,1468741,2965,卖盘
139,09:36:57,4.95,509238,1028,卖盘
140,09:37:00,4.95,366826,740,卖盘
141,09:37:03,4.95,1211363,2445,卖盘
142,09:37:06,4.95,479681,969,卖盘
143,09:37:09,4.95,404732,817,卖盘
144,09:37:12,4.96,1199705,2421,买盘
145,09:37:15,4.96,547008,1105,买盘
146,09:37:18,4.95,597790,1206,卖盘
147,09:37:21,4.95,181806,367,卖盘
148,09:37:24,4.95,602556,1217,卖盘
149,09:37:27,4.95,998829,2016,卖盘
150,09:37:30,4.95,494286,998,卖盘
151,09:37:33,4.95,4940008,9977,卖盘
152,09:37:36,4.95,1513513,3057,卖盘
153,09:37:39,4.95,1642138,3314,卖盘
154,09:37:42,4.95,863126,1742,卖盘
155,09:37:45,4.95,1274687,2578,卖盘
156,09:37:48,4.95,498952,1008,卖盘
157,09:37:51,4.95,1655401,3342,卖盘
158,09:37:54,4.95,1186562,2395,买盘
159,09:37:57,4.95,189627,383,卖盘
160,09:38:00,4.96,2882416,5823,买盘
161,09:38:03,4.95,202970,410,卖盘
162,09:38:06,4.95,738704,1490,卖盘
163,09:38:09,4.95,195047,394,卖盘
164,09:38:12,4.95,1355445,2734,卖盘
165,09:38:15,4.96,2464461,4969,买盘
166,09:38:18,4.96,506912,1022,卖盘
167,09:38:21,4.96,745684,1502,卖盘
168,09:38:24,4.96,658204,1327,卖盘
169,09:38:27,4.96,873237,1761,卖盘
170,09:38:30,4.96,441483,889,买盘
171,09:38:33,4.97,109131,220,买盘
172,09:38:36,4.96,879009,1772,卖盘
173,09:38:39,4.96,383601,773,卖盘
174,09:38:42,4.96,580321,1169,卖盘
175,09:38:45,4.96,475303,958,卖盘
176,09:38:48,4.97,94310,190,买盘
177,09:38:51,4.96,346707,698,卖盘
178,09:38:54,4.96,164689,332,卖盘
179,09:38:57,4.97,161453,325,买盘
180,09:39:00,4.96,1452200,2927,卖盘
181,09:39:03,4.96,682542,1376,卖盘
182,09:39:06,4.96,260394,525,买盘
183,09:39:09,4.96,97673,197,买盘
184,09:39:12,4.96,200212,404,买盘
185,09:39:15,4.96,300748,607,买盘
186,09:39:18,4.96,987781,1992,买盘
187,09:39:21,4.96,220553,445,买盘
188,09:39:24,4.96,146758,296,买盘
189,09:39:27,4.95,362563,732,卖盘
190,09:39:30,4.96,222959,450,买盘
191,09:39:33,4.96,108120,218,买盘
192,09:39:36,4.95,359508,726,卖盘
193,09:39:39,4.95,324054,654,卖盘
194,09:39:42,4.95,506852,1022,卖盘
195,09:39:45,4.95,5219556,10524,卖盘
196,09:39:48,4.96,418002,843,买盘
197,09:39:51,4.95,578680,1169,卖盘
198,09:39:54,4.95,608599,1229,卖盘
199,09:39:57,4.95,1014435,2049,卖盘
200,09:40:00,4.95,283250,572,卖盘
201,09:40:03,4.95,5266201,10639,卖盘
202,09:40:06,4.95,234117,473,买盘
203,09:40:09,4.95,568752,1149,卖盘
204,09:40:12,4.95,66854,135,卖盘
205,09:40:15,4.95,208441,421,卖盘
206,09:40:18,4.95,1259566,2542,买盘
207,09:40:21,4.95,578647,1169,卖盘
208,09:40:24,4.95,154735,313,买盘
209,09:40:27,4.94,382893,774,卖盘
210,09:40:30,4.95,280849,568,买盘
211,09:40:33,4.94,224782,455,卖盘
212,09:40:36,4.94,210959,427,卖盘
213,09:40:39,4.95,145853,295,买盘
214,09:40:42,4.94,483671,978,卖盘
215,09:40:45,4.94,1049284,2124,卖盘
216,09:40:48,4.95,282340,571,买盘
217,09:40:51,4.95,284681,576,买盘
218,09:40:54,4.94,274338,555,卖盘
219,09:40:57,4.94,511345,1035,卖盘
220,09:41:00,4.94,370090,749,卖盘
221,09:41:03,4.94,540698,1094,卖盘
222,09:41:06,4.93,27214692,55106,卖盘
223,09:41:09,4.93,481887,977,卖盘
224,09:41:12,4.93,418694,849,卖盘
225,09:41:15,4.93,1186974,2407,卖盘
226,09:41:18,4.93,23040969,46738,卖盘
227,09:41:21,4.93,1169177,2373,买盘
228,09:41:24,4.93,1213146,2463,买盘
229,09:41:27,4.92,1555012,3159,卖盘
230,09:41:30,4.92,802571,1630,卖盘
231,09:41:33,4.92,1720803,3497,卖盘
232,09:41:36,4.92,735057,1493,卖盘
233,09:41:39,4.92,1918729,3899,卖盘
234,09:41:42,4.92,1349868,2743,卖盘
235,09:41:45,4.92,838741,1704,卖盘
236,09:41:48,4.92,511542,1039,卖盘
237,09:41:51,4.93,1738820,3534,买盘
238,09:41:54,4.93,1382697,2809,买盘
239,09:41:57,4.93,2069679,4206,买盘
240,09:42:00,4.92,1095842,2225,卖盘
241,09:42:03,4.93,5323063,10818,买盘
242,09:42:06,4.93,224538,456,买盘
243,09:42:09,4.92,901122,1831,卖盘
244,09:42:12,4.92,1216471,2472,卖盘
245,09:42:15,4.92,1384453,2813,卖盘
246,09:42:18,4.93,690997,1404,买盘
247,09:42:21,4.92,1249162,2537,卖盘
248,09:42:24,4.93,715538,1454,买盘
249,09:42:27,4.93,853628,1734,买盘
250,09:42:30,4.92,665790,1353,卖盘
251,09:42:33,4.93,2975743,6046,买盘
252,09:42:36,4.93,967047,1964,买盘
253,09:42:39,4.92,849433,1725,卖盘
254,09:42:42,4.93,666074,1353,买盘
255,09:42:45,4.92,272802,554,卖盘
256,09:42:48,4.93,717785,1457,买盘
257,09:42:51,4.93,1642314,3337,买盘
258,09:42:54,4.92,1107651,2251,卖盘
259,09:42:57,4.92,407091,827,卖盘
260,09:43:00,4.92,261453,531,卖盘
261,09:43:03,4.92,2702862,5492,卖盘
262,09:43:06,4.93,980438,1992,买盘
263,09:43:09,4.92,1007826,2048,卖盘
264,09:43:12,4.92,493023,1001,卖盘
265,09:43:15,4.93,1301729,2645,买盘
266,09:43:18,4.92,919863,1869,卖盘
267,09:43:21,4.93,1151602,2337,买盘
268,09:43:24,4.93,3281818,6657,买盘
269,09:43:27,4.93,328390,666,卖盘
270,09:43:30,4.93,576342,1169,卖盘
271,09:43:33,4.93,170638,346,卖盘
272,09:43:36,4.93,846120,1716,卖盘
273,09:43:39,4.93,455657,924,卖盘
274,09:43:42,4.93,550772,1117,卖盘
275,09:43:45,4.93,507990,1030,卖盘
276,09:43:48,4.93,171114,347,卖盘
277,09:43:51,4.94,520462,1055,买盘
278,09:43:54,4.93,246030,499,卖盘
279,09:43:57,4.93,439536,891,卖盘
280,09:44:00,4.94,163324,331,买盘
281,09:44:03,4.94,1015689,2060,买盘
282,09:44:06,4.93,3318408,6731,卖盘
283,09:44:09,4.93,393433,798,卖盘
284,09:44:12,4.93,405775,823,卖盘
285,09:44:15,4.93,660501,1340,卖盘
286,09:44:18,4.93,393758,799,买盘
287,09:44:21,4.92,1622603,3292,卖盘
288,09:44:24,4.93,779595,1584,买盘
289,09:44:27,4.92,472002,959,卖盘
290,09:44:30,4.93,317549,645,买盘
291,09:44:33,4.92,129506,263,卖盘
292,09:44:36,4.93,471462,958,买盘
293,09:44:39,4.92,376312,764,卖盘
294,09:44:42,4.93,3040249,6179,买盘
295,09:44:45,4.92,1078613,2192,卖盘
296,09:44:48,4.93,1405214,2856,买盘
297,09:44:51,4.92,684104,1390,卖盘
298,09:44:54,4.92,973191,1978,卖盘
299,09:44:57,4.92,2280267,4630,卖盘
300,09:45:00,4.93,257828,524,买盘
301,09:45:03,4.92,16271976,33073,卖盘
302,09:45:06,4.92,271903,553,买盘
303,09:45:09,4.92,759320,1545,买盘
304,09:45:12,4.92,322309,656,买盘
305,09:45:15,4.91,458050,932,卖盘
306,09:45:18,4.92,834930,1698,买盘
307,09:45:21,4.92,901308,1835,买盘
308,09:45:24,4.92,695465,1415,买盘
309,09:45:27,4.91,5683402,11574,卖盘
310,09:45:30,4.91,1110498,2261,卖盘
311,09:45:33,4.91,763339,1554,卖盘
312,09:45:36,4.91,2897888,5901,卖盘
313,09:45:39,4.91,1486542,3027,卖盘
314,09:45:42,4.91,582029,1185,卖盘
315,09:45:45,4.91,1263937,2574,卖盘
316,09:45:48,4.91,3431832,6989,卖盘
317,09:45:51,4.91,1722048,3507,卖盘
318,09:45:54,4.91,1385663,2822,卖盘
319,09:45:57,4.91,464740,946,卖盘
320,09:46:00,4.91,560048,1140,卖盘
321,09:46:03,4.92,972407,1979,买盘
322,09:46:06,4.91,1593919,3246,卖盘
323,09:46:09,4.91,543850,1107,卖盘
324,09:46:12,4.91,1305431,2657,卖盘
325,09:46:15,4.92,1047402,2133,买盘
326,09:46:18,4.92,1606922,3272,买盘
327,09:46:21,4.92,577895,1175,买盘
328,09:46:24,4.91,315530,642,卖盘
329,09:46:27,4.92,1593691,3244,买盘
330,09:46:30,4.91,459331,935,卖盘
331,09:46:33,4.92,403152,820,买盘
332,09:46:36,4.91,482644,982,卖盘
333,09:46:39,4.92,658839,1341,买盘
334,09:46:42,4.91,1325452,2699,卖盘
335,09:46:45,4.91,267524,544,卖盘
336,09:46:48,4.92,710575,1446,买盘
337,09:46:51,4.91,923204,1880,卖盘
338,09:46:54,4.92,205425,418,买盘
339,09:46:57,4.91,1411778,2875,卖盘
340,09:47:00,4.91,494601,1006,卖盘
341,09:47:03,4.91,3800628,7740,卖盘
342,09:47:06,4.91,296713,604,卖盘
343,09:47:09,4.91,1552549,3161,卖盘
344,09:47:12,4.91,1058015,2152,卖盘
345,09:47:15,4.91,437625,891,卖盘
346,09:47:18,4.92,893031,1818,买盘
347,09:47:21,4.92,421522,858,买盘
348,09:47:24,4.92,579426,1179,买盘
349,09:47:27,4.92,530958,1080,买盘
350,09:47:30,4.92,6501595,13215,买盘
351,09:47:33,4.92,530020,1077,卖盘
352,09:47:36,4.93,140724,286,买盘
353,09:47:39,4.92,458157,931,卖盘
354,09:47:42,4.92,134821,274,卖盘
355,09:47:45,4.92,388248,789,卖盘
356,09:47:48,4.93,487261,990,买盘
357,09:47:51,4.92,280059,569,卖盘
358,09:47:54,4.92,384832,782,卖盘
359,09:47:57,4.92,489649,995,卖盘
360,09:48:00,4.93,396643,806,买盘
361,09:48:03,4.93,207707,422,买盘
362,09:48:06,4.92,511234,1039,卖盘
363,09:48:09,4.92,420261,854,卖盘
364,09:48:12,4.92,563397,1143,卖盘
365,09:48:15,4.92,428219,870,卖盘
366,09:48:18,4.93,184551,375,买盘
367,09:48:21,4.93,418650,850,买盘
368,09:48:24,4.92,294510,598,卖盘
369,09:48:27,4.93,158114,321,买盘
370,09:48:30,4.93,147640,300,买盘
371,09:48:33,4.93,527434,1070,买盘
372,09:48:36,4.92,222114,451,卖盘
373,09:48:39,4.92,218008,443,卖盘
374,09:48:42,4.93,2135827,4333,买盘
375,09:48:45,4.92,130080,264,卖盘
376,09:48:48,4.93,181618,369,买盘
377,09:48:51,4.93,659228,1339,买盘
378,09:48:54,4.93,281574,572,买盘
379,09:48:57,4.93,330992,672,买盘
380,09:49:00,4.92,258935,526,卖盘
381,09:49:03,4.93,11349354,23069,买盘
382,09:49:06,4.92,127141,258,卖盘
383,09:49:09,4.92,1391536,2828,卖盘
384,09:49:12,4.92,685416,1393,卖盘
385,09:49:15,4.92,504819,1026,卖盘
386,09:49:18,4.93,452173,919,买盘
387,09:49:21,4.92,423761,861,卖盘
388,09:49:24,4.92,466726,948,卖盘
389,09:49:27,4.92,1553250,3157,卖盘
390,09:49:30,4.92,418289,850,卖盘
391,09:49:33,4.92,278964,567,卖盘
392,09:49:36,4.92,1339341,2722,卖盘
393,09:49:39,4.92,613614,1247,卖盘
394,09:49:42,4.92,216515,440,卖盘
395,09:49:45,4.93,305073,620,买盘
396,09:49:48,4.92,290870,591,卖盘
397,09:49:51,4.93,292444,594,买盘
398,09:49:54,4.92,241639,491,卖盘
399,09:49:57,4.92,72896,148,卖盘
400,09:50:00,4.92,253495,515,卖盘
401,09:50:03,4.92,97935,199,卖盘
402,09:50:06,4.92,824187,1675,卖盘
403,09:50:09,4.92,240714,489,卖盘
404,09:50:12,4.93,135848,276,买盘
405,09:50:15,4.93,260439,529,买盘
406,09:50:18,4.92,94466,192,卖盘
407,09:50:21,4.93,239714,487,买盘
408,09:50:24,4.91,5699770,11585,卖盘
409,09:50:27,4.92,624840,1270,买盘
410,09:50:30,4.92,370998,754,买盘
411,09:50:33,4.92,314880,640,卖盘
412,09:50:36,4.92,773069,1571,卖盘
413,09:50:39,4.92,766873,1558,卖盘
414,09:50:42,4.92,4475103,9095,卖盘
415,09:50:45,4.92,365073,742,卖盘
416,09:50:48,4.91,536912,1093,卖盘
417,09:50:51,4.92,1394538,2839,买盘
418,09:50:54,4.92,644757,1311,买盘
419,09:50:57,4.92,390665,795,买盘
420,09:51:00,4.92,197517,402,买盘
421,09:51:03,4.91,3605944,7344,卖盘
422,09:51:06,4.91,336171,684,卖盘
423,09:51:09,4.92,239839,488,买盘
424,09:51:12,4.91,1450500,2954,卖盘
425,09:51:15,4.92,351193,715,买盘
426,09:51:18,4.92,292707,596,买盘
427,09:51:21,4.91,544670,1109,卖盘
428,09:51:24,4.91,395498,805,卖盘
429,09:51:27,4.92,400271,815,买盘
430,09:51:30,4.91,777333,1583,卖盘
431,09:51:33,4.91,34413,70,卖盘
432,09:51:36,4.92,612594,1247,买盘
433,09:51:39,4.92,431844,879,买盘
434,09:51:42,4.91,439566,895,卖盘
435,09:51:45,4.91,495078,1008,卖盘
436,09:51:48,4.91,903070,1839,卖盘
437,09:51:51,4.91,595632,1212,卖盘
438,09:51:54,4.92,313360,638,买盘
439,09:51:57,4.92,1245237,2535,买盘
440,09:52:00,4.91,480723,978,卖盘
441,09:52:03,4.91,28490804,58026,卖盘
442,09:52:06,4.91,575748,1173,买盘
443,09:52:09,4.91,2324259,4736,买盘
444,09:52:12,4.9,540326,1101,卖盘
445,09:52:15,4.91,2097771,4279,买盘
446,09:52:18,4.9,230593,470,卖盘
447,09:52:21,4.91,447122,912,买盘
448,09:52:24,4.91,534861,1090,买盘
449,09:52:27,4.91,6014562,12274,买盘
450,09:52:30,4.9,1795635,3664,卖盘
451,09:52:33,4.9,461325,941,卖盘
452,09:52:36,4.9,924582,1886,卖盘
453,09:52:39,4.91,329936,673,买盘
454,09:52:42,4.91,3023512,6170,买盘
455,09:52:45,4.9,618048,1261,卖盘
456,09:52:48,4.9,1030856,2101,卖盘
457,09:52:51,4.9,666521,1360,卖盘
458,09:52:54,4.9,391649,799,卖盘
459,09:52:57,4.9,1189935,2428,卖盘
460,09:53:00,4.91,1230335,2510,买盘
461,09:53:03,4.9,3353871,6844,卖盘
462,09:53:06,4.9,753057,1536,卖盘
463,09:53:09,4.9,6517081,13300,卖盘
464,09:53:12,4.9,4237127,8647,卖盘
465,09:53:15,4.9,2582095,5268,卖盘
466,09:53:18,4.9,1053181,2149,卖盘
467,09:53:21,4.9,777839,1587,卖盘
468,09:53:24,4.9,463066,945,卖盘
469,09:53:27,4.9,900773,1838,卖盘
470,09:53:30,4.9,754179,1539,卖盘
471,09:53:33,4.9,789246,1610,卖盘
472,09:53:36,4.9,2743257,5598,卖盘
473,09:53:39,4.9,1064502,2172,卖盘
474,09:53:42,4.9,1105107,2255,卖盘
475,09:53:45,4.9,1544580,3152,卖盘
476,09:53:48,4.91,1598953,3263,买盘
477,09:53:51,4.9,2968480,6058,卖盘
478,09:53:54,4.9,541189,1104,卖盘
479,09:53:57,4.91,1757282,3586,买盘
480,09:54:00,4.91,546098,1114,买盘
481,09:54:03,4.9,2673516,5456,卖盘
482,09:54:06,4.91,1242913,2536,买盘
483,09:54:09,4.9,928290,1894,卖盘
484,09:54:12,4.9,756597,1544,卖盘
485,09:54:15,4.9,2070548,4225,卖盘
486,09:54:18,4.9,1068404,2180,卖盘
487,09:54:21,4.9,300445,613,卖盘
488,09:54:24,4.9,868473,1771,卖盘
489,09:54:27,4.91,1208493,2466,买盘
490,09:54:30,4.91,677224,1382,买盘
491,09:54:33,4.91,503083,1026,买盘
492,09:54:36,4.91,751352,1533,买盘
493,09:54:39,4.9,406493,829,卖盘
494,09:54:42,4.9,864969,1765,卖盘
495,09:54:45,4.9,592904,1210,卖盘
496,09:54:48,4.9,471621,962,卖盘
497,09:54:51,4.9,388129,792,卖盘
498,09:54:54,4.9,1110912,2267,卖盘
499,09:54:57,4.9,390148,796,卖盘
500,09:55:00,4.9,5288670,10793,卖盘
501,09:55:03,4.9,1941133,3961,卖盘
502,09:55:06,4.9,1311904,2677,卖盘
503,09:55:09,4.89,978023,1996,卖盘
504,09:55:12,4.9,1610035,3288,买盘
505,09:55:15,4.9,509217,1040,买盘
506,09:55:18,4.9,431277,881,买盘
507,09:55:21,4.9,344638,704,买盘
508,09:55:24,4.9,596171,1217,买盘
509,09:55:27,4.89,739331,1511,卖盘
510,09:55:30,4.89,515792,1054,卖盘
511,09:55:33,4.9,1775445,3628,买盘
512,09:55:36,4.9,2753402,5630,买盘
513,09:55:39,4.9,2296279,4693,买盘
514,09:55:42,4.89,777589,1588,卖盘
515,09:55:45,4.9,857769,1754,买盘
516,09:55:48,4.9,2405532,4919,买盘
517,09:55:51,4.9,425644,870,买盘
518,09:55:54,4.9,779298,1593,买盘
519,09:55:57,4.89,674158,1378,卖盘
520,09:56:00,4.89,530660,1085,卖盘
521,09:56:03,4.89,1367289,2795,卖盘
522,09:56:06,4.89,1037710,2122,卖盘
523,09:56:09,4.89,1619082,3311,卖盘
524,09:56:12,4.89,3047956,6233,卖盘
525,09:56:15,4.89,3923291,8023,卖盘
526,09:56:18,4.89,2311511,4727,卖盘
527,09:56:21,4.89,296823,607,买盘
528,09:56:24,4.89,594426,1216,买盘
529,09:56:27,4.88,694159,1420,卖盘
530,09:56:30,4.88,842763,1725,卖盘
531,09:56:33,4.89,274557,562,买盘
532,09:56:36,4.88,1047550,2146,卖盘
533,09:56:39,4.88,669189,1371,卖盘
534,09:56:42,4.88,643295,1317,卖盘
535,09:56:45,4.88,748413,1533,卖盘
536,09:56:48,4.89,1280832,2624,买盘
537,09:56:51,4.88,629880,1290,卖盘
538,09:56:54,4.89,498731,1021,买盘
539,09:56:57,4.88,2444322,5005,卖盘
540,09:57:00,4.88,1414196,2895,卖盘
541,09:57:03,4.89,2979074,6101,买盘
542,09:57:06,4.89,777285,1591,买盘
543,09:57:09,4.89,622309,1273,买盘
544,09:57:12,4.89,681419,1395,买盘
545,09:57:15,4.89,3339382,6829,买盘
546,09:57:18,4.89,2707046,5535,买盘
547,09:57:21,4.89,820646,1677,买盘
548,09:57:24,4.89,2420315,4948,卖盘
549,09:57:27,4.9,744933,1522,买盘
550,09:57:30,4.9,398525,814,买盘
551,09:57:33,4.9,244712,500,买盘
552,09:57:36,4.9,3392973,6935,买盘
553,09:57:39,4.89,639935,1307,卖盘
554,09:57:42,4.89,542717,1109,卖盘
555,09:57:45,4.9,483029,987,买盘
556,09:57:48,4.9,84151,172,买盘
557,09:57:51,4.89,302762,619,卖盘
558,09:57:54,4.89,287712,588,卖盘
559,09:57:57,4.89,677328,1385,卖盘
560,09:58:00,4.9,774676,1584,买盘
561,09:58:03,4.9,153552,314,买盘
562,09:58:06,4.9,302487,618,买盘
563,09:58:09,4.89,500924,1023,卖盘
564,09:58:12,4.9,541206,1106,买盘
565,09:58:15,4.9,3607007,7376,买盘
566,09:58:18,4.9,395674,808,买盘
567,09:58:21,4.9,2237231,4574,买盘
568,09:58:24,4.89,876671,1791,卖盘
569,09:58:27,4.9,817798,1672,买盘
570,09:58:30,4.89,484849,991,卖盘
571,09:58:33,4.89,456374,932,卖盘
572,09:58:36,4.89,658540,1346,卖盘
573,09:58:39,4.9,1754306,3587,买盘
574,09:58:42,4.89,251948,515,卖盘
575,09:58:45,4.9,1988321,4064,买盘
576,09:58:48,4.9,310110,634,买盘
577,09:58:51,4.89,1772205,3624,卖盘
578,09:58:54,4.9,495911,1014,买盘
579,09:58:57,4.9,614266,1256,买盘
580,09:59:00,4.9,241835,494,买盘
581,09:59:03,4.9,1689501,3455,买盘
582,09:59:06,4.9,249167,509,买盘
583,09:59:09,4.89,831548,1700,卖盘
584,09:59:12,4.89,1811865,3705,买盘
585,09:59:15,4.89,405404,830,买盘
586,09:59:18,4.88,1073563,2199,卖盘
587,09:59:21,4.89,630118,1290,买盘
588,09:59:24,4.89,203692,417,买盘
589,09:59:27,4.89,252650,517,买盘
590,09:59:30,4.89,477667,977,买盘
591,09:59:33,4.89,1138428,2332,买盘
592,09:59:36,4.89,619584,1269,买盘
593,09:59:39,4.89,349900,716,买盘
594,09:59:42,4.89,349183,715,买盘
595,09:59:45,4.89,700371,1434,买盘
596,09:59:48,4.89,2042352,4177,买盘
597,09:59:51,4.89,773607,1584,买盘
598,09:59:54,4.88,802694,1644,卖盘
599,09:59:57,4.89,411099,842,买盘
600,10:00:00,4.89,469259,960,买盘
601,10:00:03,4.89,1785156,3656,买盘
602,10:00:06,4.89,1041931,2134,买盘
603,10:00:09,4.89,353074,723,买盘
604,10:00:12,4.89,754092,1543,买盘
605,10:00:15,4.88,831294,1701,卖盘
606,10:00:18,4.88,331397,678,卖盘
607,10:00:21,4.89,1189990,2437,买盘
608,10:00:24,4.88,609249,1248,卖盘
609,10:00:27,4.88,840124,1721,卖盘
610,10:00:30,4.89,958954,1962,买盘
611,10:00:33,4.88,528582,1082,卖盘
612,10:00:36,4.88,426225,873,卖盘
613,10:00:39,4.89,619638,1269,买盘
614,10:00:42,4.88,459913,942,卖盘
615,10:00:45,4.89,807749,1655,买盘
616,10:00:48,4.89,818488,1675,买盘
617,10:00:51,4.88,663195,1357,卖盘
618,10:00:54,4.89,221326,453,买盘
619,10:00:57,4.89,617091,1262,买盘
620,10:01:00,4.88,421398,863,卖盘
621,10:01:03,4.88,491455,1006,卖盘
622,10:01:06,4.89,993528,2032,买盘
623,10:01:09,4.89,345646,708,买盘
624,10:01:12,4.88,457917,938,卖盘
625,10:01:15,4.89,408196,836,买盘
626,10:01:18,4.89,586715,1202,买盘
627,10:01:21,4.89,884658,1811,买盘
628,10:01:24,4.89,606749,1243,买盘
629,10:01:27,4.89,1332795,2728,买盘
630,10:01:30,4.89,736478,1508,买盘
631,10:01:33,4.89,485103,993,买盘
632,10:01:36,4.89,597225,1223,买盘
633,10:01:39,4.88,278033,569,卖盘
634,10:01:42,4.88,363467,744,卖盘
635,10:01:45,4.89,446535,914,买盘
636,10:01:48,4.89,852598,1746,买盘
637,10:01:51,4.89,648727,1328,买盘
638,10:01:54,4.88,1582667,3240,卖盘
639,10:01:57,4.89,2563306,5246,买盘
640,10:02:00,4.88,309241,633,卖盘
641,10:02:03,4.88,171451,351,卖盘
642,10:02:06,4.89,453314,928,买盘
643,10:02:09,4.89,229057,469,买盘
644,10:02:12,4.88,713562,1460,卖盘
645,10:02:15,4.89,1023798,2096,买盘
646,10:02:18,4.88,984800,2016,卖盘
647,10:02:21,4.89,2576262,5279,买盘
648,10:02:24,4.89,3343495,6850,买盘
649,10:02:27,4.88,785347,1608,卖盘
650,10:02:30,4.88,3013794,6173,卖盘
651,10:02:33,4.89,1928649,3952,买盘
652,10:02:36,4.89,1054132,2157,买盘
653,10:02:39,4.89,284965,583,买盘
654,10:02:42,4.89,3954077,8102,买盘
655,10:02:45,4.89,261020,534,买盘
656,10:02:48,4.88,417440,854,卖盘
657,10:02:51,4.89,419282,858,买盘
658,10:02:54,4.88,367711,753,卖盘
659,10:02:57,4.89,394414,807,买盘
660,10:03:00,4.89,378794,775,买盘
661,10:03:03,4.89,1018911,2087,买盘
662,10:03:06,4.89,604991,1239,买盘
663,10:03:09,4.89,244416,500,买盘
664,10:03:12,4.89,442900,906,买盘
665,10:03:15,4.89,368545,754,买盘
666,10:03:18,4.89,706141,1445,买盘
667,10:03:21,4.88,855577,1750,卖盘
668,10:03:24,4.89,649752,1329,买盘
669,10:03:27,4.89,849497,1738,买盘
670,10:03:30,4.9,8485564,17353,买盘
671,10:03:33,4.89,400002,818,卖盘
672,10:03:36,4.89,104332,213,卖盘
673,10:03:39,4.89,1708615,3494,卖盘
674,10:03:42,4.9,223004,456,买盘
675,10:03:45,4.89,340405,696,卖盘
676,10:03:48,4.89,459478,938,卖盘
677,10:03:51,4.9,276983,566,买盘
678,10:03:54,4.9,258556,528,买盘
679,10:03:57,4.9,436175,891,买盘
680,10:04:00,4.9,203160,415,买盘
681,10:04:03,4.9,545479,1115,买盘
682,10:04:06,4.9,798490,1632,买盘
683,10:04:09,4.9,189516,387,买盘
684,10:04:12,4.9,1867140,3817,买盘
685,10:04:15,4.9,1896290,3872,买盘
686,10:04:18,4.9,579069,1182,买盘
687,10:04:21,4.9,241433,493,买盘
688,10:04:24,4.9,175145,358,买盘
689,10:04:27,4.9,940704,1922,买盘
690,10:04:30,4.9,792734,1619,买盘
691,10:04:33,4.9,3015458,6154,买盘
692,10:04:36,4.89,383149,782,卖盘
693,10:04:39,4.9,1821689,3718,买盘
694,10:04:42,4.89,2488545,5079,卖盘
695,10:04:45,4.9,716703,1463,买盘
696,10:04:48,4.9,584046,1192,买盘
697,10:04:51,4.9,482592,985,买盘
698,10:04:54,4.9,590899,1207,买盘
699,10:04:57,4.9,188060,384,买盘
700,10:05:00,4.89,379646,775,卖盘
701,10:05:03,4.9,743756,1519,买盘
702,10:05:06,4.89,214025,437,卖盘
703,10:05:09,4.9,738053,1507,买盘
704,10:05:12,4.9,585472,1196,买盘
705,10:05:15,4.9,1000500,2042,买盘
706,10:05:18,4.9,550530,1124,买盘
707,10:05:21,4.9,1415011,2888,买盘
708,10:05:24,4.9,680594,1389,买盘
709,10:05:27,4.9,1727810,3529,买盘
710,10:05:30,4.9,1212887,2476,买盘
711,10:05:33,4.9,1097608,2242,买盘
712,10:05:36,4.9,825004,1684,买盘
713,10:05:39,4.9,1130401,2308,卖盘
714,10:05:42,4.9,1213101,2480,卖盘
715,10:05:45,4.9,302330,617,买盘
716,10:05:48,4.9,195510,399,买盘
717,10:05:51,4.9,1488878,3039,买盘
718,10:05:54,4.89,718738,1467,卖盘
719,10:05:57,4.9,358632,732,买盘
720,10:06:00,4.9,355250,725,买盘
721,10:06:03,4.9,266307,544,买盘
722,10:06:06,4.9,292800,598,买盘
723,10:06:09,4.9,265028,541,买盘
724,10:06:12,4.9,608990,1243,买盘
725,10:06:15,4.89,173939,355,卖盘
726,10:06:18,4.9,1275749,2604,买盘
727,10:06:21,4.9,228598,467,买盘
728,10:06:24,4.89,402928,823,卖盘
729,10:06:27,4.9,6036574,12344,买盘
730,10:06:30,4.89,1691355,3458,卖盘
731,10:06:33,4.9,156599,320,买盘
732,10:06:36,4.9,156171,319,买盘
733,10:06:39,4.9,288038,588,买盘
734,10:06:42,4.89,885759,1809,卖盘
735,10:06:45,4.89,318207,650,卖盘
736,10:06:48,4.9,253987,519,买盘
737,10:06:51,4.89,171205,350,卖盘
738,10:06:54,4.9,607039,1239,买盘
739,10:06:57,4.9,298219,609,买盘
740,10:07:00,4.9,144413,295,买盘
741,10:07:03,4.89,188979,386,卖盘
742,10:07:06,4.89,183247,374,卖盘
743,10:07:09,4.89,267162,546,卖盘
744,10:07:12,4.9,435555,889,买盘
745,10:07:15,4.9,1323530,2706,买盘
746,10:07:18,4.9,319794,653,买盘
747,10:07:21,4.9,32330,66,买盘
748,10:07:24,4.9,473730,967,买盘
749,10:07:27,4.9,100791,206,买盘
750,10:07:30,4.89,303448,620,卖盘
751,10:07:33,4.89,282091,576,卖盘
752,10:07:36,4.9,312440,638,买盘
753,10:07:39,4.89,1534689,3132,卖盘
754,10:07:42,4.9,1591777,3249,买盘
755,10:07:45,4.9,106330,217,卖盘
756,10:07:48,4.9,256280,523,卖盘
757,10:07:51,4.89,390557,797,卖盘
758,10:07:54,4.9,1326183,2711,买盘
759,10:07:57,4.9,255225,521,买盘
760,10:08:00,4.9,93517,191,买盘
761,10:08:03,4.9,260985,533,买盘
762,10:08:06,4.89,257609,526,卖盘
763,10:08:09,4.9,170016,347,买盘
764,10:08:12,4.9,134135,274,买盘
765,10:08:15,4.9,395104,807,买盘
766,10:08:18,4.89,398737,815,卖盘
767,10:08:21,4.9,1802217,3679,买盘
768,10:08:24,4.9,364811,745,买盘
769,10:08:27,4.9,397134,811,卖盘
770,10:08:30,4.9,212228,433,卖盘
771,10:08:33,4.9,276573,564,卖盘
772,10:08:36,4.9,892781,1822,卖盘
773,10:08:39,4.9,355221,725,买盘
774,10:08:42,4.9,303423,620,买盘
775,10:08:45,4.9,259207,529,卖盘
776,10:08:48,4.9,232261,474,卖盘
777,10:08:51,4.9,107800,220,卖盘
778,10:08:54,4.91,207776,424,买盘
779,10:08:57,4.9,98609,201,卖盘
780,10:09:00,4.9,33339,68,卖盘
781,10:09:03,4.91,123693,252,买盘
782,10:09:06,4.91,66659,136,买盘
783,10:09:09,4.91,110381,225,买盘
784,10:09:12,4.91,613144,1250,买盘
785,10:09:15,4.9,632850,1289,卖盘
786,10:09:18,4.9,154062,314,卖盘
787,10:09:21,4.91,209736,428,买盘
788,10:09:24,4.91,245632,501,买盘
789,10:09:27,4.9,137795,281,卖盘
790,10:09:30,4.9,313600,640,卖盘
791,10:09:33,4.91,28954,59,买盘
792,10:09:36,4.91,53987,110,买盘
793,10:09:39,4.91,64299,131,买盘
794,10:09:42,4.91,197101,402,买盘
795,10:09:45,4.9,95565,195,卖盘
796,10:09:48,4.9,81987,167,卖盘
797,10:09:51,4.91,187514,382,买盘
798,10:09:54,4.91,721473,1472,买盘
799,10:09:57,4.91,254568,519,买盘
800,10:10:00,4.91,134028,273,买盘
801,10:10:03,4.9,1043838,2130,卖盘
802,10:10:06,4.91,106983,218,买盘
803,10:10:09,4.91,34369,70,买盘
804,10:10:12,4.91,236003,481,买盘
805,10:10:15,4.91,82478,168,买盘
806,10:10:18,4.9,486581,992,卖盘
807,10:10:21,4.91,104030,212,买盘
808,10:10:24,4.91,51048,104,买盘
809,10:10:27,4.91,305780,623,买盘
810,10:10:30,4.9,1374116,2804,卖盘
811,10:10:33,4.9,90718,185,卖盘
812,10:10:36,4.91,102530,209,买盘
813,10:10:39,4.9,180370,368,卖盘
814,10:10:42,4.91,368294,751,买盘
815,10:10:45,4.91,197645,403,买盘
816,10:10:48,4.91,89324,182,买盘
817,10:10:51,4.91,28959,59,买盘
818,10:10:54,4.9,152450,311,卖盘
819,10:10:57,4.9,217076,443,卖盘
820,10:11:00,4.9,347669,709,卖盘
821,10:11:03,4.9,100104,204,卖盘
822,10:11:06,4.9,316052,645,卖盘
823,10:11:09,4.9,382500,780,卖盘
824,10:11:12,4.91,205579,419,买盘
825,10:11:15,4.9,105513,215,卖盘
826,10:11:18,4.9,113693,232,卖盘
827,10:11:21,4.9,186290,380,卖盘
828,10:11:24,4.9,266793,544,卖盘
829,10:11:27,4.91,355425,725,买盘
830,10:11:30,4.91,117151,239,买盘
831,10:11:33,4.9,275744,562,卖盘
832,10:11:36,4.91,23048,47,买盘
833,10:11:39,4.9,165150,337,卖盘
834,10:11:42,4.9,227438,464,卖盘
835,10:11:45,4.91,18631,38,买盘
836,10:11:48,4.91,326970,667,买盘
837,10:11:51,4.9,359244,733,卖盘
838,10:11:54,4.9,417619,852,卖盘
839,10:11:57,4.91,124090,253,买盘
840,10:12:00,4.9,84809,173,卖盘
841,10:12:03,4.91,273124,557,买盘
842,10:12:06,4.9,143623,293,卖盘
843,10:12:09,4.9,279081,569,卖盘
844,10:12:12,4.9,337447,688,卖盘
845,10:12:15,4.91,482174,984,买盘
846,10:12:18,4.91,811484,1656,买盘
847,10:12:21,4.9,280884,573,卖盘
848,10:12:24,4.9,215994,440,卖盘
849,10:12:27,4.91,112718,230,买盘
850,10:12:30,4.9,1005008,2051,卖盘
851,10:12:33,4.91,636539,1298,买盘
852,10:12:36,4.9,194551,397,卖盘
853,10:12:39,4.91,270630,552,买盘
854,10:12:42,4.9,74566,152,卖盘
855,10:12:45,4.9,115665,236,卖盘
856,10:12:48,4.9,10780,22,卖盘
857,10:12:51,4.9,484451,988,卖盘
858,10:12:54,4.91,58337,119,买盘
859,10:12:57,4.9,61761,126,卖盘
860,10:13:00,4.9,351168,716,卖盘
861,10:13:03,4.9,80370,164,卖盘
862,10:13:06,4.9,164180,335,卖盘
863,10:13:09,4.9,516499,1054,卖盘
864,10:13:12,4.91,68160,139,买盘
865,10:13:15,4.9,373897,763,卖盘
866,10:13:18,4.91,345605,704,买盘
867,10:13:21,4.9,85887,175,卖盘
868,10:13:24,4.91,184453,376,买盘
869,10:13:27,4.91,668899,1363,买盘
870,10:13:30,4.91,275265,561,买盘
871,10:13:33,4.9,201903,412,卖盘
872,10:13:36,4.9,55382,113,卖盘
873,10:13:39,4.9,57867,118,卖盘
874,10:13:42,4.9,104379,213,卖盘
875,10:13:45,4.9,1342612,2740,卖盘
876,10:13:48,4.9,211749,432,卖盘
877,10:13:51,4.91,53932,110,买盘
878,10:13:54,4.9,229426,468,卖盘
879,10:13:57,4.9,26013,53,卖盘
880,10:14:00,4.9,27440,56,卖盘
881,10:14:03,4.9,529706,1081,卖盘
882,10:14:06,4.91,133283,272,买盘
883,10:14:09,4.9,140630,287,卖盘
884,10:14:12,4.9,164197,335,卖盘
885,10:14:15,4.91,694086,1414,买盘
886,10:14:18,4.91,188987,385,买盘
887,10:14:21,4.9,272143,555,卖盘
888,10:14:24,4.91,159268,325,买盘
889,10:14:27,4.9,47041,96,卖盘
890,10:14:30,4.9,347596,709,卖盘
891,10:14:33,4.91,179882,367,买盘
892,10:14:36,4.9,705679,1440,卖盘
893,10:14:39,4.91,124541,254,买盘
894,10:14:42,4.9,290699,593,卖盘
895,10:14:45,4.9,918850,1875,卖盘
896,10:14:48,4.91,4090080,8347,买盘
897,10:14:51,4.91,313208,639,买盘
898,10:14:54,4.91,180980,369,买盘
899,10:14:57,4.9,225044,459,卖盘
900,10:15:00,4.9,125676,256,卖盘
901,10:15:03,4.9,153417,313,卖盘
902,10:15:06,4.91,326336,665,买盘
903,10:15:09,4.91,67747,138,买盘
904,10:15:12,4.9,74583,152,卖盘
905,10:15:15,4.9,177458,362,卖盘
906,10:15:18,4.91,120553,246,买盘
907,10:15:21,4.9,133837,273,卖盘
908,10:15:24,4.9,246144,502,卖盘
909,10:15:27,4.9,370440,756,卖盘
910,10:15:30,4.9,165240,337,卖盘
911,10:15:33,4.9,162342,331,卖盘
912,10:15:36,4.9,108390,221,卖盘
913,10:15:39,4.91,106390,217,买盘
914,10:15:42,4.91,1393570,2839,买盘
915,10:15:45,4.91,1613313,3287,买盘
916,10:15:48,4.91,302476,617,买盘
917,10:15:51,4.91,1146398,2335,买盘
918,10:15:54,4.9,74538,152,卖盘
919,10:15:57,4.91,107028,218,买盘
920,10:16:00,4.91,3599977,7333,买盘
921,10:16:03,4.91,281696,574,买盘
922,10:16:06,4.91,261149,532,买盘
923,10:16:09,4.9,263421,537,卖盘
924,10:16:12,4.91,265852,542,买盘
925,10:16:15,4.91,113897,232,买盘
926,10:16:18,4.9,246361,502,卖盘
927,10:16:21,4.91,230989,471,买盘
928,10:16:24,4.9,28466,58,卖盘
929,10:16:27,4.91,195293,398,买盘
930,10:16:30,4.91,198321,404,买盘
931,10:16:33,4.91,395804,807,买盘
932,10:16:36,4.91,146709,299,买盘
933,10:16:39,4.91,488218,996,买盘
934,10:16:42,4.9,459373,936,卖盘
935,10:16:45,4.91,186059,379,买盘
936,10:16:48,4.91,62800,128,买盘
937,10:16:51,4.91,385679,787,买盘
938,10:16:54,4.91,142744,291,买盘
939,10:16:57,4.91,997165,2035,买盘
940,10:17:00,4.91,605521,1235,买盘
941,10:17:03,4.9,79441,162,卖盘
942,10:17:06,4.91,27987,57,买盘
943,10:17:09,4.9,171235,349,卖盘
944,10:17:12,4.91,1416004,2884,买盘
945,10:17:15,4.91,1427588,2912,买盘
946,10:17:18,4.91,222334,453,买盘
947,10:17:21,4.91,376597,767,卖盘
948,10:17:24,4.91,556303,1133,卖盘
949,10:17:27,4.9,487563,993,卖盘
950,10:17:30,4.91,113922,232,卖盘
951,10:17:33,4.91,180212,367,卖盘
952,10:17:36,4.92,168003,342,买盘
953,10:17:39,4.92,200039,407,买盘
954,10:17:42,4.91,203836,415,卖盘
955,10:17:45,4.91,719797,1465,卖盘
956,10:17:48,4.91,93252,190,买盘
957,10:17:51,4.91,425755,868,买盘
958,10:17:54,4.91,219420,447,买盘
959,10:17:57,4.91,226738,462,买盘
960,10:18:00,4.9,118217,241,卖盘
961,10:18:03,4.9,111422,227,卖盘
962,10:18:06,4.91,71152,145,买盘
963,10:18:09,4.9,116184,237,卖盘
964,10:18:12,4.91,130028,265,买盘
965,10:18:15,4.91,255599,521,买盘
966,10:18:18,4.91,194692,397,买盘
967,10:18:21,4.91,198159,404,买盘
968,10:18:24,4.9,130094,265,卖盘
969,10:18:27,4.9,619057,1263,卖盘
970,10:18:30,4.9,384051,783,卖盘
971,10:18:33,4.91,221402,451,买盘
972,10:18:36,4.9,159950,326,卖盘
973,10:18:39,4.91,70687,144,买盘
974,10:18:42,4.91,421036,859,买盘
975,10:18:45,4.9,163698,334,卖盘
976,10:18:48,4.91,105390,215,买盘
977,10:18:51,4.91,836547,1707,买盘
978,10:18:54,4.91,95651,195,买盘
979,10:18:57,4.9,547824,1117,卖盘
980,10:19:00,4.91,136760,279,买盘
981,10:19:03,4.9,604724,1232,卖盘
982,10:19:06,4.9,166656,340,卖盘
983,10:19:09,4.91,151154,308,买盘
984,10:19:12,4.9,15200,31,卖盘
985,10:19:15,4.9,146638,299,卖盘
986,10:19:18,4.9,1208647,2466,卖盘
987,10:19:21,4.9,95558,195,卖盘
988,10:19:24,4.9,197976,404,卖盘
989,10:19:27,4.9,16660,34,卖盘
990,10:19:30,4.9,3573595,7293,卖盘
991,10:19:33,4.91,121543,248,买盘
992,10:19:36,4.9,490,1,卖盘
993,10:19:39,4.91,76592,156,买盘
994,10:19:42,4.9,266145,543,卖盘
995,10:19:45,4.9,80950,165,卖盘
996,10:19:48,4.9,52482,107,卖盘
997,10:19:51,4.9,36290,74,卖盘
998,10:19:54,4.9,557624,1138,卖盘
999,10:19:57,4.91,63270,129,买盘
1000,10:20:00,4.91,72543,148,买盘
1001,10:20:03,4.91,385959,787,买盘
1002,10:20:06,4.91,111297,227,买盘
1003,10:20:09,4.91,37807,77,买盘
1004,10:20:12,4.9,130569,266,卖盘
1005,10:20:15,4.9,130899,267,卖盘
1006,10:20:18,4.9,43640,89,卖盘
1007,10:20:21,4.9,168184,343,卖盘
1008,10:20:24,4.9,96091,196,卖盘
1009,10:20:27,4.9,54420,111,卖盘
1010,10:20:30,4.9,153883,314,卖盘
1011,10:20:33,4.9,405232,827,卖盘
1012,10:20:36,4.9,3873490,7905,卖盘
1013,10:20:39,4.9,160230,327,卖盘
1014,10:20:42,4.9,332650,678,卖盘
1015,10:20:45,4.9,266560,544,卖盘
1016,10:20:48,4.91,103988,212,买盘
1017,10:20:51,4.9,211688,432,卖盘
1018,10:20:54,4.9,35341,72,卖盘
1019,10:20:57,4.9,251870,514,卖盘
1020,10:21:00,4.9,81443,166,卖盘
1021,10:21:03,4.9,2814848,5733,卖盘
1022,10:21:06,4.91,198009,404,买盘
1023,10:21:09,4.9,149560,305,卖盘
1024,10:21:12,4.91,467082,953,买盘
1025,10:21:15,4.91,144760,295,买盘
1026,10:21:18,4.91,1284370,2621,买盘
1027,10:21:21,4.91,105849,216,买盘
1028,10:21:24,4.91,68141,139,买盘
1029,10:21:27,4.9,132526,270,卖盘
1030,10:21:30,4.91,236572,482,买盘
1031,10:21:33,4.9,242151,494,卖盘
1032,10:21:36,4.91,719608,1468,买盘
1033,10:21:39,4.91,22086,45,买盘
1034,10:21:42,4.9,46064,94,卖盘
1035,10:21:45,4.9,862627,1759,卖盘
1036,10:21:48,4.9,27440,56,卖盘
1037,10:21:51,4.91,58341,119,买盘
1038,10:21:54,4.9,103391,211,卖盘
1039,10:21:57,4.9,197000,402,卖盘
1040,10:22:00,4.9,55888,114,卖盘
1041,10:22:03,4.9,232800,475,卖盘
1042,10:22:06,4.9,7806293,15932,卖盘
1043,10:22:09,4.9,85250,174,买盘
1044,10:22:12,4.9,150673,308,买盘
1045,10:22:15,4.9,151748,310,买盘
1046,10:22:18,4.9,51368,105,买盘
1047,10:22:21,4.9,30863,63,买盘
1048,10:22:24,4.9,132258,270,买盘
1049,10:22:27,4.89,901871,1843,卖盘
1050,10:22:30,4.9,198913,406,买盘
1051,10:22:33,4.89,62125,127,卖盘
1052,10:22:36,4.9,111230,227,买盘
1053,10:22:39,4.89,104806,214,卖盘
1054,10:22:42,4.89,159416,326,卖盘
1055,10:22:45,4.89,121342,248,卖盘
1056,10:22:48,4.9,388778,795,买盘
1057,10:22:51,4.89,66027,135,卖盘
1058,10:22:54,4.89,87122,178,卖盘
1059,10:22:57,4.89,513962,1051,卖盘
1060,10:23:00,4.89,633062,1293,卖盘
1061,10:23:03,4.9,1161143,2374,买盘
1062,10:23:06,4.9,33756,69,买盘
1063,10:23:09,4.9,302757,619,买盘
1064,10:23:12,4.9,108099,221,买盘
1065,10:23:15,4.9,992680,2030,买盘
1066,10:23:18,4.89,56326,115,卖盘
1067,10:23:21,4.9,92988,190,买盘
1068,10:23:24,4.89,545238,1113,卖盘
1069,10:23:27,4.89,33801,69,卖盘
1070,10:23:30,4.9,3001578,6138,买盘
1071,10:23:33,4.9,61704,126,买盘
1072,10:23:36,4.89,67509,138,卖盘
1073,10:23:39,4.89,29399,60,卖盘
1074,10:23:42,4.9,23495,48,买盘
1075,10:23:45,4.89,243569,498,卖盘
1076,10:23:48,4.89,220635,451,卖盘
1077,10:23:51,4.9,188523,385,买盘
1078,10:23:54,4.89,1059050,2163,卖盘
1079,10:23:57,4.89,686556,1404,卖盘
1080,10:24:00,4.9,231841,474,买盘
1081,10:24:03,4.89,109055,223,卖盘
1082,10:24:06,4.9,69580,142,买盘
1083,10:24:09,4.9,44071,90,买盘
1084,10:24:12,4.89,61722,126,卖盘
1085,10:24:15,4.9,85665,175,买盘
1086,10:24:18,4.89,77293,158,卖盘
1087,10:24:21,4.89,59169,121,卖盘
1088,10:24:24,4.89,86563,177,卖盘
1089,10:24:27,4.9,225683,461,买盘
1090,10:24:30,4.89,72944,149,卖盘
1091,10:24:33,4.89,27873,57,卖盘
1092,10:24:36,4.9,603001,1233,买盘
1093,10:24:39,4.9,197566,404,买盘
1094,10:24:42,4.9,52920,108,买盘
1095,10:24:45,4.9,47982,98,买盘
1096,10:24:48,4.9,211754,433,买盘
1097,10:24:51,4.89,1865154,3813,卖盘
1098,10:24:54,4.89,329374,673,卖盘
1099,10:24:57,4.89,26416,54,卖盘
1100,10:25:00,4.9,84213,172,买盘
1101,10:25:03,4.89,339906,695,卖盘
1102,10:25:06,4.89,920312,1882,卖盘
1103,10:25:09,4.9,463299,946,买盘
1104,10:25:12,4.9,152832,312,买盘
1105,10:25:15,4.89,21027,43,卖盘
1106,10:25:18,4.9,129148,264,买盘
1107,10:25:21,4.89,46995,96,卖盘
1108,10:25:24,4.89,14185,29,卖盘
1109,10:25:27,4.89,233588,477,卖盘
1110,10:25:30,4.89,283107,578,卖盘
1111,10:25:33,4.9,319307,652,买盘
1112,10:25:36,4.89,87137,178,卖盘
1113,10:25:39,4.9,147907,302,买盘
1114,10:25:42,4.89,390276,798,卖盘
1115,10:25:45,4.9,182710,373,买盘
1116,10:25:48,4.89,288517,590,卖盘
1117,10:25:51,4.9,191490,391,买盘
1118,10:25:54,4.9,179984,368,买盘
1119,10:25:57,4.89,418832,856,卖盘
1120,10:26:00,4.89,85107,174,卖盘
1121,10:26:03,4.89,81183,166,卖盘
1122,10:26:06,4.89,153085,313,卖盘
1123,10:26:09,4.89,90526,185,卖盘
1124,10:26:12,4.89,152145,311,卖盘
1125,10:26:15,4.89,214739,439,卖盘
1126,10:26:18,4.9,84622,173,买盘
1127,10:26:21,4.89,469614,959,卖盘
1128,10:26:24,4.9,301955,617,买盘
1129,10:26:27,4.9,34760,71,买盘
1130,10:26:30,4.9,19106,39,买盘
1131,10:26:33,4.9,86105,176,买盘
1132,10:26:36,4.9,349217,714,买盘
1133,10:26:39,4.9,21047,43,买盘
1134,10:26:42,4.89,182417,373,卖盘
1135,10:26:45,4.9,52426,107,买盘
1136,10:26:48,4.89,31786,65,卖盘
1137,10:26:51,4.9,122910,251,买盘
1138,10:26:54,4.9,282726,578,买盘
1139,10:26:57,4.89,459962,940,卖盘
1140,10:27:00,4.9,44542,91,买盘
1141,10:27:03,4.89,92463,189,卖盘
1142,10:27:06,4.9,164460,336,买盘
1143,10:27:09,4.89,267404,546,卖盘
1144,10:27:12,4.9,120842,247,买盘
1145,10:27:15,4.89,73989,151,卖盘
1146,10:27:18,4.9,52352,107,买盘
1147,10:27:21,4.89,1231924,2519,卖盘
1148,10:27:24,4.9,267163,546,买盘
1149,10:27:27,4.9,87661,179,买盘
1150,10:27:30,4.89,4947709,10118,卖盘
1151,10:27:33,4.89,160027,327,卖盘
1152,10:27:36,4.9,461642,944,买盘
1153,10:27:39,4.89,63587,130,卖盘
1154,10:27:42,4.89,114943,235,卖盘
1155,10:27:45,4.89,161982,331,卖盘
1156,10:27:48,4.9,192184,393,买盘
1157,10:27:51,4.89,196681,402,卖盘
1158,10:27:54,4.9,2102069,4298,买盘
1159,10:27:57,4.89,277286,567,卖盘
1160,10:28:00,4.9,205392,420,买盘
1161,10:28:03,4.9,101817,208,买盘
1162,10:28:06,4.89,87534,179,卖盘
1163,10:28:09,4.9,82691,169,买盘
1164,10:28:12,4.89,439634,899,卖盘
1165,10:28:15,4.9,62605,128,买盘
1166,10:28:18,4.89,364841,746,卖盘
1167,10:28:21,4.9,81244,166,买盘
1168,10:28:24,4.9,36258,74,买盘
1169,10:28:27,4.89,225483,461,卖盘
1170,10:28:30,4.89,61628,126,卖盘
1171,10:28:33,4.89,1195938,2445,卖盘
1172,10:28:36,4.89,156585,320,卖盘
1173,10:28:39,4.89,22494,46,卖盘
1174,10:28:42,4.89,107246,219,卖盘
1175,10:28:45,4.89,2431899,4973,卖盘
1176,10:28:48,4.89,206389,422,卖盘
1177,10:28:51,4.9,141468,289,买盘
1178,10:28:54,4.89,564895,1155,卖盘
1179,10:28:57,4.89,40138,82,卖盘
1180,10:29:00,4.89,174264,356,卖盘
1181,10:29:03,4.89,164305,336,卖盘
1182,10:29:06,4.89,699907,1431,卖盘
1183,10:29:09,4.89,128623,263,卖盘
1184,10:29:12,4.89,110035,225,卖盘
1185,10:29:15,4.9,39624,81,买盘
1186,10:29:18,4.9,96368,197,买盘
1187,10:29:21,4.9,103297,211,买盘
1188,10:29:24,4.9,277310,567,买盘
1189,10:29:27,4.9,473273,966,买盘
1190,10:29:30,4.9,12247,25,买盘
1191,10:29:33,4.9,57724,118,买盘
1192,10:29:36,4.89,438792,897,卖盘
1193,10:29:39,4.89,53315,109,卖盘
1194,10:29:42,4.89,141830,290,卖盘
1195,10:29:45,4.89,254309,520,卖盘
1196,10:29:48,4.89,836690,1711,卖盘
1197,10:29:51,4.9,205901,421,买盘
1198,10:29:54,4.89,199274,407,卖盘
1199,10:29:57,4.9,146900,300,买盘
1200,10:30:00,4.9,69439,142,买盘
1201,10:30:03,4.89,176066,360,卖盘
1202,10:30:06,4.89,171786,351,卖盘
1203,10:30:09,4.9,202158,413,买盘
1204,10:30:12,4.9,381427,780,买盘
1205,10:30:15,4.9,161602,330,买盘
1206,10:30:18,4.89,144812,296,卖盘
1207,10:30:21,4.9,158042,323,买盘
1208,10:30:24,4.89,59189,121,卖盘
1209,10:30:27,4.89,215539,440,卖盘
1210,10:30:30,4.89,76787,157,卖盘
1211,10:30:33,4.9,146248,299,买盘
1212,10:30:36,4.9,2463138,5027,买盘
1213,10:30:39,4.89,203511,416,卖盘
1214,10:30:42,4.89,283133,579,卖盘
1215,10:30:45,4.89,5702042,11639,卖盘
1216,10:30:48,4.89,141981,290,卖盘
1217,10:30:51,4.89,70964,145,卖盘
1218,10:30:54,4.89,54793,112,卖盘
1219,10:30:57,4.89,2627033,5362,卖盘
1220,10:31:00,4.9,116408,238,买盘
1221,10:31:03,4.9,211806,433,买盘
1222,10:31:06,4.9,81310,166,买盘
1223,10:31:09,4.9,595684,1218,买盘
1224,10:31:12,4.89,880516,1797,卖盘
1225,10:31:15,4.9,1227644,2506,买盘
1226,10:31:18,4.89,95478,195,卖盘
1227,10:31:21,4.9,709259,1450,买盘
1228,10:31:24,4.9,36195,74,买盘
1229,10:31:27,4.9,132663,271,买盘
1230,10:31:30,4.89,531743,1085,卖盘
1231,10:31:33,4.9,268440,548,买盘
1232,10:31:36,4.89,253800,519,卖盘
1233,10:31:39,4.89,23510,48,卖盘
1234,10:31:42,4.9,75460,154,买盘
1235,10:31:45,4.89,34276,70,卖盘
1236,10:31:48,4.9,51936,106,买盘
1237,10:31:51,4.9,62206,127,买盘
1238,10:31:54,4.89,22515,46,卖盘
1239,10:31:57,4.9,84266,172,买盘
1240,10:32:00,4.9,548310,1119,买盘
1241,10:32:03,4.89,146810,300,卖盘
1242,10:32:06,4.9,75370,154,买盘
1243,10:32:09,4.9,101228,207,买盘
1244,10:32:12,4.89,169961,347,卖盘
1245,10:32:15,4.89,235269,481,卖盘
1246,10:32:18,4.9,337074,689,买盘
1247,10:32:21,4.89,54289,111,卖盘
1248,10:32:24,4.89,250496,512,卖盘
1249,10:32:27,4.89,109583,224,卖盘
1250,10:32:30,4.89,156010,319,卖盘
1251,10:32:33,4.9,62178,127,买盘
1252,10:32:36,4.89,259709,531,卖盘
1253,10:32:39,4.89,73939,151,卖盘
1254,10:32:42,4.9,63137,129,买盘
1255,10:32:45,4.9,329750,674,买盘
1256,10:32:48,4.89,151230,309,卖盘
1257,10:32:51,4.9,73871,151,买盘
1258,10:32:54,4.89,98329,201,卖盘
1259,10:32:57,4.9,24959,51,买盘
1260,10:33:00,4.89,57213,117,卖盘
1261,10:33:03,4.9,24489,50,买盘
1262,10:33:06,4.89,55802,114,卖盘
1263,10:33:09,4.89,770377,1573,卖盘
1264,10:33:12,4.9,1989765,4061,买盘
1265,10:33:15,4.9,227569,465,买盘
1266,10:33:18,4.9,65597,134,买盘
1267,10:33:21,4.9,48934,100,买盘
1268,10:33:24,4.9,181062,370,买盘
1269,10:33:27,4.89,62714,128,卖盘
1270,10:33:30,4.89,29365,60,卖盘
1271,10:33:33,4.9,7341,15,买盘
1272,10:33:36,4.9,68019,139,买盘
1273,10:33:39,4.9,30380,62,买盘
1274,10:33:42,4.9,96516,197,买盘
1275,10:33:45,4.89,24451,50,卖盘
1276,10:33:48,4.9,183389,375,买盘
1277,10:33:51,4.9,273222,558,买盘
1278,10:33:54,4.9,124338,254,买盘
1279,10:33:57,4.9,108602,222,买盘
1280,10:34:00,4.9,2812436,5751,买盘
1281,10:34:03,4.9,86115,176,买盘
1282,10:34:06,4.9,52860,108,买盘
1283,10:34:09,4.9,102900,210,买盘
1284,10:34:12,4.9,30842,63,买盘
1285,10:34:15,4.9,131180,268,买盘
1286,10:34:18,4.9,301336,616,买盘
1287,10:34:21,4.9,56794,116,买盘
1288,10:34:24,4.89,40590,83,卖盘
1289,10:34:27,4.89,199167,407,卖盘
1290,10:34:30,4.9,49421,101,买盘
1291,10:34:33,4.89,44056,90,卖盘
1292,10:34:36,4.9,122422,250,买盘
1293,10:34:39,4.89,126232,258,卖盘
1294,10:34:42,4.9,127690,261,买盘
1295,10:34:45,4.89,53790,110,卖盘
1296,10:34:48,4.89,128145,262,卖盘
1297,10:34:51,4.89,16626,34,卖盘
1298,10:34:54,4.9,184930,378,买盘
1299,10:34:57,4.89,416628,852,卖盘
1300,10:35:00,4.9,33807,69,买盘
1301,10:35:03,4.9,25952,53,买盘
1302,10:35:06,4.9,52374,107,买盘
1303,10:35:09,4.89,332382,679,卖盘
1304,10:35:12,4.89,63096,129,卖盘
1305,10:35:15,4.9,4891714,10003,买盘
1306,10:35:18,4.9,119847,245,买盘
1307,10:35:21,4.89,72979,149,卖盘
1308,10:35:24,4.9,244053,499,买盘
1309,10:35:27,4.89,117402,240,卖盘
1310,10:35:30,4.89,25918,53,卖盘
1311,10:35:33,4.9,22993,47,买盘
1312,10:35:36,4.89,369195,755,卖盘
1313,10:35:39,4.9,87710,179,买盘
1314,10:35:42,4.89,265308,542,卖盘
1315,10:35:45,4.89,348657,713,卖盘
1316,10:35:48,4.89,173234,354,卖盘
1317,10:35:51,4.9,740394,1514,买盘
1318,10:35:54,4.89,1291482,2641,卖盘
1319,10:35:57,4.89,343802,703,卖盘
1320,10:36:00,4.9,73855,151,买盘
1321,10:36:03,4.89,312485,639,卖盘
1322,10:36:06,4.89,224059,458,卖盘
1323,10:36:09,4.9,223012,456,买盘
1324,10:36:12,4.89,9780,20,卖盘
1325,10:36:15,4.89,295362,604,卖盘
1326,10:36:18,4.89,102690,210,卖盘
1327,10:36:21,4.89,25937,53,卖盘
1328,10:36:24,4.9,201511,412,买盘
1329,10:36:27,4.89,848963,1736,卖盘
1330,10:36:30,4.89,15189,31,卖盘
1331,10:36:33,4.89,556020,1137,卖盘
1332,10:36:36,4.89,50861,104,卖盘
1333,10:36:39,4.89,114006,233,卖盘
1334,10:36:42,4.9,42062,86,买盘
1335,10:36:45,4.89,294893,603,卖盘
1336,10:36:48,4.9,10780,22,买盘
1337,10:36:51,4.9,12735,26,买盘
1338,10:36:54,4.89,298779,611,卖盘
1339,10:36:57,4.9,17150,35,买盘
1340,10:37:00,4.89,64559,132,卖盘
1341,10:37:03,4.89,463572,948,卖盘
1342,10:37:06,4.9,191689,392,买盘
1343,10:37:09,4.9,31351,64,买盘
1344,10:37:12,4.9,34231,70,买盘
1345,10:37:15,4.89,40633,83,卖盘
1346,10:37:18,4.89,37695,77,卖盘
1347,10:37:21,4.89,167258,342,卖盘
1348,10:37:24,4.9,117857,241,买盘
1349,10:37:27,4.89,99812,204,卖盘
1350,10:37:30,4.89,95868,196,卖盘
1351,10:37:33,4.9,184370,377,买盘
1352,10:37:36,4.9,198100,405,买盘
1353,10:37:39,4.9,281335,575,买盘
1354,10:37:42,4.9,223101,456,买盘
1355,10:37:45,4.89,55754,114,卖盘
1356,10:37:48,4.89,90465,185,卖盘
1357,10:37:51,4.89,38631,79,卖盘
1358,10:37:54,4.89,62632,128,卖盘
1359,10:37:57,4.89,133531,273,卖盘
1360,10:38:00,4.9,154044,315,买盘
1361,10:38:03,4.89,60147,123,卖盘
1362,10:38:06,4.89,139365,285,卖盘
1363,10:38:09,4.89,923728,1889,卖盘
1364,10:38:12,4.9,206920,423,买盘
1365,10:38:15,4.89,116871,239,卖盘
1366,10:38:18,4.9,411321,841,买盘
1367,10:38:21,4.89,104646,214,卖盘
1368,10:38:24,4.89,486181,994,卖盘
1369,10:38:27,4.9,118522,242,买盘
1370,10:38:30,4.89,266518,545,卖盘
1371,10:38:33,4.89,136920,280,卖盘
1372,10:38:36,4.9,548676,1122,买盘
1373,10:38:39,4.89,222012,454,卖盘
1374,10:38:42,4.89,131280,268,卖盘
1375,10:38:45,4.9,40103,82,买盘
1376,10:38:48,4.9,5100758,10410,买盘
1377,10:38:51,4.89,457249,935,卖盘
1378,10:38:54,4.89,125225,256,卖盘
1379,10:38:57,4.89,125833,257,卖盘
1380,10:39:00,4.89,197820,404,卖盘
1381,10:39:03,4.9,1810825,3703,买盘
1382,10:39:06,4.89,104181,213,卖盘
1383,10:39:09,4.89,33762,69,卖盘
1384,10:39:12,4.89,57752,118,卖盘
1385,10:39:15,4.89,224945,460,卖盘
1386,10:39:18,4.89,10269,21,卖盘
1387,10:39:21,4.89,94866,194,卖盘
1388,10:39:24,4.89,29872,61,卖盘
1389,10:39:27,4.89,255280,522,卖盘
1390,10:39:30,4.89,123335,252,卖盘
1391,10:39:33,4.9,109617,224,买盘
1392,10:39:36,4.89,246708,504,卖盘
1393,10:39:39,4.89,90109,184,卖盘
1394,10:39:42,4.9,2447,5,买盘
1395,10:39:45,4.89,190747,390,卖盘
1396,10:39:48,4.9,54851,112,买盘
1397,10:39:51,4.9,237113,484,买盘
1398,10:39:54,4.9,71007,145,买盘
1399,10:39:57,4.89,650441,1328,卖盘
1400,10:40:00,4.9,316044,645,买盘
1401,10:40:03,4.89,127140,260,卖盘
1402,10:40:06,4.9,20548,42,买盘
1403,10:40:09,4.89,260160,532,卖盘
1404,10:40:12,4.89,25429,52,卖盘
1405,10:40:15,4.89,167727,343,卖盘
1406,10:40:18,4.9,108635,222,买盘
1407,10:40:21,4.9,82202,168,买盘
1408,10:40:24,4.89,15651,32,卖盘
1409,10:40:27,4.9,2496406,5095,买盘
1410,10:40:30,4.9,15170,31,买盘
1411,10:40:33,4.9,1811297,3704,买盘
1412,10:40:36,4.9,92970,190,买盘
1413,10:40:39,4.9,314641,643,买盘
1414,10:40:42,4.89,148187,303,卖盘
1415,10:40:45,4.89,45028,92,卖盘
1416,10:40:48,4.9,14700,30,买盘
1417,10:40:51,4.89,1191576,2433,卖盘
1418,10:40:54,4.89,18607,38,卖盘
1419,10:40:57,4.89,28894,59,卖盘
1420,10:41:00,4.89,251366,514,卖盘
1421,10:41:03,4.89,86573,177,卖盘
1422,10:41:06,4.9,69480,142,买盘
1423,10:41:09,4.9,82229,168,买盘
1424,10:41:12,4.89,66021,135,卖盘
1425,10:41:15,4.9,317995,650,买盘
1426,10:41:18,4.89,71005,145,卖盘
1427,10:41:21,4.89,561072,1147,卖盘
1428,10:41:24,4.9,339867,694,买盘
1429,10:41:27,4.89,10758,22,卖盘
1430,10:41:30,4.89,165334,338,卖盘
1431,10:41:33,4.89,233253,477,卖盘
1432,10:41:36,4.89,62598,128,卖盘
1433,10:41:39,4.89,112008,229,卖盘
1434,10:41:42,4.9,152179,311,买盘
1435,10:41:45,4.9,260776,533,买盘
1436,10:41:48,4.89,110025,225,卖盘
1437,10:41:51,4.89,72911,149,卖盘
1438,10:41:54,4.89,236223,483,卖盘
1439,10:41:57,4.89,244182,499,卖盘
1440,10:42:00,4.9,35268,72,买盘
1441,10:42:03,4.89,42553,87,卖盘
1442,10:42:06,4.89,82153,168,卖盘
1443,10:42:09,4.9,389838,796,买盘
1444,10:42:12,4.89,194665,398,卖盘
1445,10:42:15,4.89,711030,1453,卖盘
1446,10:42:18,4.89,563969,1153,卖盘
1447,10:42:21,4.89,154088,315,卖盘
1448,10:42:24,4.89,102831,210,卖盘
1449,10:42:27,4.89,170273,348,卖盘
1450,10:42:30,4.9,623500,1275,买盘
1451,10:42:33,4.89,25934,53,卖盘
1452,10:42:36,4.89,35229,72,卖盘
1453,10:42:39,4.9,7350,15,买盘
1454,10:42:42,4.9,265559,542,买盘
1455,10:42:45,4.9,2708681,5528,买盘
1456,10:42:48,4.9,3784700,7724,买盘
1457,10:42:51,4.9,75460,154,卖盘
1458,10:42:54,4.91,231380,472,买盘
1459,10:42:57,4.9,480200,980,卖盘
1460,10:43:00,4.9,130835,267,卖盘
1461,10:43:03,4.9,380732,777,卖盘
1462,10:43:06,4.9,364660,744,卖盘
1463,10:43:09,4.9,181790,371,买盘
1464,10:43:12,4.9,57807,118,买盘
1465,10:43:15,4.89,98489,201,卖盘
1466,10:43:18,4.9,31805,65,买盘
1467,10:43:21,4.9,52907,108,买盘
1468,10:43:24,4.9,251055,513,买盘
1469,10:43:27,4.89,293501,600,卖盘
1470,10:43:30,4.9,59256,121,买盘
1471,10:43:33,4.9,63668,130,买盘
1472,10:43:36,4.9,48965,100,买盘
1473,10:43:39,4.9,81768,167,买盘
1474,10:43:42,4.9,97994,200,买盘
1475,10:43:45,4.9,108287,221,买盘
1476,10:43:48,4.89,347886,710,卖盘
1477,10:43:51,4.89,46466,95,卖盘
1478,10:43:54,4.89,123959,253,卖盘
1479,10:43:57,4.89,55756,114,卖盘
1480,10:44:00,4.89,230061,470,卖盘
1481,10:44:03,4.89,368037,752,卖盘
1482,10:44:06,4.89,428969,877,卖盘
1483,10:44:09,4.89,126730,259,卖盘
1484,10:44:12,4.9,163648,334,买盘
1485,10:44:15,4.89,73442,150,卖盘
1486,10:44:18,4.9,331097,676,买盘
1487,10:44:21,4.89,294521,602,卖盘
1488,10:44:24,4.9,561122,1146,买盘
1489,10:44:27,4.9,232740,475,买盘
1490,10:44:30,4.89,124700,255,卖盘
1491,10:44:33,4.9,19073,39,买盘
1492,10:44:36,4.89,190720,390,卖盘
1493,10:44:39,4.9,39188,80,买盘
1494,10:44:42,4.9,142311,291,买盘
1495,10:44:45,4.9,117109,239,买盘
1496,10:44:48,4.9,34790,71,买盘
1497,10:44:51,4.9,117582,240,买盘
1498,10:44:54,4.9,109148,223,买盘
1499,10:44:57,4.89,211040,431,卖盘
1500,10:45:00,4.9,45050,92,买盘
1501,10:45:03,4.9,700479,1430,买盘
1502,10:45:06,4.9,74390,152,卖盘
1503,10:45:09,4.9,222460,454,卖盘
1504,10:45:12,4.9,31370,64,卖盘
1505,10:45:15,4.9,91142,186,卖盘
1506,10:45:18,4.9,209262,427,卖盘
1507,10:45:21,4.9,61325,125,卖盘
1508,10:45:24,4.91,116190,237,买盘
1509,10:45:27,4.91,284472,580,买盘
1510,10:45:30,4.91,5391,11,买盘
1511,10:45:33,4.9,133480,272,卖盘
1512,10:45:36,4.9,247450,505,卖盘
1513,10:45:39,4.9,222692,454,卖盘
1514,10:45:42,4.89,2261564,4623,卖盘
1515,10:45:45,4.9,176359,360,中性盘
1516,10:45:48,4.91,214465,438,买盘
1517,10:45:51,4.9,121065,247,卖盘
1518,10:45:54,4.91,4909,10,买盘
1519,10:45:57,4.9,242750,495,卖盘
1520,10:46:00,4.91,368225,750,买盘
1521,10:46:03,4.9,667416,1361,卖盘
1522,10:46:06,4.91,32396,66,买盘
1523,10:46:09,4.9,63314,129,卖盘
1524,10:46:12,4.91,49986,102,买盘
1525,10:46:15,4.9,42192,86,卖盘
1526,10:46:18,4.91,32838,67,买盘
1527,10:46:21,4.9,490,1,卖盘
1528,10:46:24,4.9,948480,1935,卖盘
1529,10:46:27,4.91,20121,41,买盘
1530,10:46:30,4.9,137805,281,卖盘
1531,10:46:33,4.9,130830,267,卖盘
1532,10:46:36,4.91,893822,1824,买盘
1533,10:46:39,4.9,21080,43,卖盘
1534,10:46:42,4.91,36292,74,买盘
1535,10:46:45,4.9,339580,693,卖盘
1536,10:46:48,4.91,208745,426,买盘
1537,10:46:51,4.91,75461,154,买盘
1538,10:46:54,4.9,174460,356,卖盘
1539,10:46:57,4.9,57821,118,卖盘
1540,10:47:00,4.91,381260,778,买盘
1541,10:47:03,4.91,140700,287,买盘
1542,10:47:06,4.9,71576,146,卖盘
1543,10:47:09,4.9,441185,899,卖盘
1544,10:47:12,4.9,39220,80,卖盘
1545,10:47:15,4.9,27440,56,卖盘
1546,10:47:18,4.91,136810,279,买盘
1547,10:47:21,4.9,120051,245,卖盘
1548,10:47:24,4.9,92135,188,卖盘
1549,10:47:27,4.91,10801,22,买盘
1550,10:47:30,4.9,49517,101,卖盘
1551,10:47:33,4.9,411599,840,卖盘
1552,10:47:36,4.9,169050,345,买盘
1553,10:47:39,4.9,87706,179,买盘
1554,10:47:42,4.9,149819,306,买盘
1555,10:47:45,4.9,326340,666,买盘
1556,10:47:48,4.9,155856,318,卖盘
1557,10:47:51,4.9,84770,173,卖盘
1558,10:47:54,4.9,49000,100,卖盘
1559,10:47:57,4.9,831622,1695,卖盘
1560,10:48:00,4.91,15711,32,买盘
1561,10:48:03,4.91,44102,90,买盘
1562,10:48:06,4.91,28427,58,买盘
1563,10:48:09,4.9,38734,79,卖盘
1564,10:48:12,4.9,83300,170,卖盘
1565,10:48:15,4.9,39230,80,卖盘
1566,10:48:21,4.9,86260,176,卖盘
1567,10:48:24,4.9,505190,1031,卖盘
1568,10:48:27,4.9,295598,603,卖盘
1569,10:48:30,4.9,85750,175,卖盘
1570,10:48:33,4.9,112210,229,卖盘
1571,10:48:36,4.9,163672,334,卖盘
1572,10:48:39,4.9,88690,181,卖盘
1573,10:48:42,4.9,196094,400,卖盘
1574,10:48:45,4.9,5880,12,卖盘
1575,10:48:48,4.9,141120,288,卖盘
1576,10:48:51,4.9,58312,119,卖盘
1577,10:48:54,4.9,78890,161,卖盘
1578,10:48:57,4.91,290086,592,买盘
1579,10:49:00,4.9,111738,228,卖盘
1580,10:49:03,4.9,182280,372,卖盘
1581,10:49:06,4.9,309680,632,卖盘
1582,10:49:09,4.9,453717,926,买盘
1583,10:49:12,4.89,188126,384,卖盘
1584,10:49:15,4.89,267435,546,卖盘
1585,10:49:18,4.9,7840,16,买盘
1586,10:49:21,4.89,46957,96,卖盘
1587,10:49:24,4.9,446724,913,买盘
1588,10:49:27,4.89,24947,51,卖盘
1589,10:49:30,4.9,2001650,4085,买盘
1590,10:49:33,4.9,169540,346,卖盘
1591,10:49:36,4.9,100471,205,卖盘
1592,10:49:39,4.9,320510,654,卖盘
1593,10:49:42,4.91,70135,143,买盘
1594,10:49:45,4.9,176507,360,卖盘
1595,10:49:48,4.9,33320,68,卖盘
1596,10:49:51,4.9,28420,58,卖盘
1597,10:49:54,4.9,242153,494,卖盘
1598,10:49:57,4.91,8821,18,买盘
1599,10:50:00,4.9,47041,96,卖盘
1600,10:50:03,4.9,447388,913,卖盘
1601,10:50:06,4.9,36750,75,买盘
1602,10:50:09,4.9,28910,59,买盘
1603,10:50:12,4.9,143100,292,买盘
1604,10:50:15,4.9,149940,306,卖盘
1605,10:50:18,4.9,171990,351,卖盘
1606,10:50:21,4.91,371019,757,买盘
1607,10:50:24,4.9,44590,91,卖盘
1608,10:50:27,4.9,12250,25,卖盘
1609,10:50:30,4.9,27450,56,卖盘
1610,10:50:33,4.9,303800,620,卖盘
1611,10:50:36,4.9,94690,193,卖盘
1612,10:50:39,4.9,39690,81,卖盘
1613,10:50:42,4.9,107511,219,卖盘
1614,10:50:45,4.9,10291,21,卖盘
1615,10:50:48,4.9,6860,14,卖盘
1616,10:50:51,4.9,304291,621,卖盘
1617,10:50:54,4.9,120545,246,卖盘
1618,10:50:57,4.9,9860636,20075,卖盘
1619,10:51:00,4.91,417948,852,中性盘
1620,10:51:03,4.93,9856794,20024,买盘
1621,10:51:06,4.93,33991,69,买盘
1622,10:51:09,4.92,55104,112,卖盘
1623,10:51:12,4.92,89568,182,卖盘
1624,10:51:15,4.93,20213,41,买盘
1625,10:51:18,4.93,135829,276,买盘
1626,10:51:21,4.93,179647,365,买盘
1627,10:51:24,4.93,1501647,3046,买盘
1628,10:51:27,4.93,92684,188,买盘
1629,10:51:30,4.93,444193,901,买盘
1630,10:51:33,4.92,62580,127,卖盘
1631,10:51:36,4.93,129166,262,买盘
1632,10:51:39,4.93,265697,539,买盘
1633,10:51:42,4.93,175193,356,买盘
1634,10:51:45,4.93,71477,145,买盘
1635,10:51:48,4.93,291357,591,买盘
1636,10:51:51,4.93,34017,69,买盘
1637,10:51:54,4.93,47261,96,买盘
1638,10:51:57,4.93,296775,602,买盘
1639,10:52:00,4.93,167507,340,买盘
1640,10:52:03,4.93,165146,335,买盘
1641,10:52:06,4.92,45335,92,卖盘
1642,10:52:09,4.92,600413,1218,卖盘
1643,10:52:12,4.93,207151,421,买盘
1644,10:52:15,4.93,49289,100,买盘
1645,10:52:18,4.93,188266,382,买盘
1646,10:52:21,4.93,171519,348,买盘
1647,10:52:24,4.93,185363,376,买盘
1648,10:52:27,4.92,104974,213,卖盘
1649,10:52:30,4.93,97489,198,买盘
1650,10:52:33,4.93,201115,408,买盘
1651,10:52:36,4.93,673433,1366,买盘
1652,10:52:39,4.93,300703,610,买盘
1653,10:52:42,4.93,787249,1597,买盘
1654,10:52:45,4.93,4611403,9354,买盘
1655,10:52:48,4.93,821966,1668,卖盘
1656,10:52:51,4.94,211029,428,买盘
1657,10:52:54,4.94,732761,1486,买盘
1658,10:52:57,4.93,103638,210,卖盘
1659,10:53:00,4.94,110329,224,买盘
1660,10:53:03,4.94,918227,1859,买盘
1661,10:53:06,4.93,144697,293,卖盘
1662,10:53:09,4.93,109057,221,卖盘
1663,10:53:12,4.93,55718,113,卖盘
1664,10:53:15,4.93,157059,318,卖盘
1665,10:53:18,4.94,65686,133,买盘
1666,10:53:21,4.94,115095,233,买盘
1667,10:53:24,4.94,86936,176,买盘
1668,10:53:27,4.94,261263,529,买盘
1669,10:53:30,4.94,100776,204,买盘
1670,10:53:33,4.93,261994,531,卖盘
1671,10:53:36,4.93,342293,694,卖盘
1672,10:53:39,4.93,318411,645,卖盘
1673,10:53:42,4.94,302289,613,买盘
1674,10:53:45,4.93,241006,488,卖盘
1675,10:53:48,4.94,979460,1986,买盘
1676,10:53:51,4.93,2808905,5697,卖盘
1677,10:53:54,4.93,1254524,2543,卖盘
1678,10:53:57,4.94,389666,790,买盘
1679,10:54:00,4.94,374369,759,买盘
1680,10:54:03,4.94,285971,579,买盘
1681,10:54:06,4.94,41965,85,买盘
1682,10:54:09,4.93,74990,152,卖盘
1683,10:54:12,4.93,75548,153,卖盘
1684,10:54:15,4.93,235212,477,卖盘
1685,10:54:18,4.93,1838931,3726,卖盘
1686,10:54:21,4.93,372222,755,卖盘
1687,10:54:24,4.93,287437,583,卖盘
1688,10:54:27,4.93,450464,913,卖盘
1689,10:54:30,4.93,705289,1430,买盘
1690,10:54:33,4.93,41895,85,买盘
1691,10:54:36,4.93,8381,17,买盘
1692,10:54:39,4.92,54207,110,卖盘
1693,10:54:42,4.92,155285,315,卖盘
1694,10:54:45,4.93,793196,1609,买盘
1695,10:54:48,4.93,9364,19,买盘
1696,10:54:51,4.92,119064,242,卖盘
1697,10:54:54,4.93,77356,157,买盘
1698,10:54:57,4.92,37921,77,卖盘
1699,10:55:00,4.92,99974,203,卖盘
1700,10:55:03,4.92,33948,69,卖盘
1701,10:55:06,4.92,5915,12,卖盘
1702,10:55:09,4.92,250961,510,卖盘
1703,10:55:12,4.93,113277,230,买盘
1704,10:55:15,4.93,81294,165,买盘
1705,10:55:18,4.93,205483,417,买盘
1706,10:55:21,4.93,91648,186,买盘
1707,10:55:24,4.92,198284,403,卖盘
1708,10:55:27,4.92,492,1,卖盘
1709,10:55:30,4.93,108454,220,买盘
1710,10:55:33,4.93,511877,1040,买盘
1711,10:55:36,4.92,172279,350,卖盘
1712,10:55:39,4.93,79373,161,买盘
1713,10:55:42,4.92,62587,127,卖盘
1714,10:55:45,4.93,145928,296,买盘
1715,10:55:48,4.92,191930,390,卖盘
1716,10:55:51,4.93,24153,49,买盘
1717,10:55:54,4.92,37944,77,卖盘
1718,10:55:57,4.93,185368,376,买盘
1719,10:56:00,4.92,134043,272,卖盘
1720,10:56:03,4.92,284928,578,卖盘
1721,10:56:06,4.93,38429,78,买盘
1722,10:56:09,4.92,129396,263,卖盘
1723,10:56:12,4.92,99023,201,卖盘
1724,10:56:15,4.92,54623,111,卖盘
1725,10:56:18,4.92,41823,85,卖盘
1726,10:56:21,4.92,12792,26,卖盘
1727,10:56:24,4.93,158037,321,买盘
1728,10:56:27,4.93,40405,82,买盘
1729,10:56:30,4.93,70498,143,买盘
1730,10:56:33,4.93,28101,57,买盘
1731,10:56:36,4.93,87161,177,买盘
1732,10:56:39,4.93,63566,129,买盘
1733,10:56:42,4.93,139456,283,买盘
1734,10:56:45,4.93,12818,26,买盘
1735,10:56:48,4.93,58174,118,买盘
1736,10:56:51,4.93,25636,52,买盘
1737,10:56:54,4.93,110925,225,买盘
1738,10:56:57,4.93,13311,27,买盘
1739,10:57:00,4.93,30539,62,买盘
1740,10:57:03,4.92,147888,300,卖盘
1741,10:57:06,4.93,297739,604,买盘
1742,10:57:09,4.93,454147,922,买盘
1743,10:57:12,4.92,404585,822,卖盘
1744,10:57:15,4.94,4458565,9043,买盘
1745,10:57:18,4.96,22032458,44552,买盘
1746,10:57:21,4.96,285839,577,买盘
1747,10:57:24,4.95,725698,1466,卖盘
1748,10:57:27,4.95,77207,156,买盘
1749,10:57:30,4.95,409860,828,买盘
1750,10:57:33,4.95,939821,1899,买盘
1751,10:57:36,4.95,412011,832,卖盘
1752,10:57:39,4.95,450531,910,买盘
1753,10:57:42,4.95,99990,202,买盘
1754,10:57:45,4.95,493505,997,买盘
1755,10:57:48,4.95,468855,947,买盘
1756,10:57:51,4.95,145031,293,卖盘
1757,10:57:54,4.95,1338865,2702,卖盘
1758,10:57:57,4.95,404433,817,买盘
1759,10:58:00,4.95,338580,684,买盘
1760,10:58:03,4.95,320760,648,买盘
1761,10:58:06,4.95,206394,417,买盘
1762,10:58:09,4.95,367785,743,买盘
1763,10:58:12,4.95,644284,1302,买盘
1764,10:58:15,4.95,360855,729,买盘
1765,10:58:18,4.95,726443,1468,买盘
1766,10:58:21,4.95,299970,606,买盘
1767,10:58:24,4.95,2454694,4959,买盘
1768,10:58:27,4.97,10191524,20544,买盘
1769,10:58:30,5.0,58735398,117762,买盘
1770,10:58:33,5.01,13243579,26418,买盘
1771,10:58:36,5.01,4415980,8798,卖盘
1772,10:58:39,5.01,3962016,7893,卖盘
1773,10:58:42,5.02,6762496,13453,买盘
1774,10:58:45,5.01,3916730,7806,卖盘
1775,10:58:48,5.02,10932886,21783,买盘
1776,10:58:51,5.05,41432044,82129,买盘
1777,10:58:54,5.07,43780105,86389,买盘
1778,10:58:57,5.07,7594257,14954,卖盘
1779,10:59:00,5.08,14045279,27642,买盘
1780,10:59:03,5.09,12226371,24043,买盘
1781,10:59:06,5.1,6654665,13079,买盘
1782,10:59:09,5.09,9364846,18383,卖盘
1783,10:59:12,5.08,12029572,23631,卖盘
1784,10:59:15,5.08,4388930,8634,买盘
1785,10:59:18,5.08,5126649,10097,买盘
1786,10:59:21,5.07,6641948,13085,卖盘
1787,10:59:24,5.07,4903007,9664,卖盘
1788,10:59:27,5.07,10571203,20864,买盘
1789,10:59:30,5.07,3975792,7850,买盘
1790,10:59:33,5.06,8149599,16083,卖盘
1791,10:59:36,5.07,9289502,18337,买盘
1792,10:59:39,5.07,11399121,22464,买盘
1793,10:59:42,5.09,23307440,45849,买盘
1794,10:59:45,5.1,21290943,41755,买盘
1795,10:59:48,5.11,8278101,16197,买盘
1796,10:59:51,5.12,8167068,15967,买盘
1797,10:59:54,5.12,11932402,23303,卖盘
1798,10:59:57,5.12,10094944,19720,买盘
1799,11:00:00,5.11,12760486,24918,卖盘
1800,11:00:03,5.12,9589595,18734,买盘
1801,11:00:06,5.11,8794052,17188,卖盘
1802,11:00:09,5.11,5620100,10996,买盘
1803,11:00:12,5.1,8302691,16267,卖盘
1804,11:00:15,5.1,4729332,9283,买盘
1805,11:00:18,5.09,5611302,11009,卖盘
1806,11:00:21,5.09,5636604,11063,买盘
1807,11:00:24,5.09,6649987,13067,买盘
1808,11:00:27,5.09,5571623,10952,买盘
1809,11:00:30,5.08,4386560,8628,卖盘
1810,11:00:33,5.08,4703162,9251,买盘
1811,11:00:36,5.08,5717065,11244,卖盘
1812,11:00:39,5.08,8011840,15748,卖盘
1813,11:00:42,5.09,6175936,12140,买盘
1814,11:00:45,5.08,4296768,8449,卖盘
1815,11:00:48,5.08,3661206,7196,卖盘
1816,11:00:51,5.08,3460093,6801,卖盘
1817,11:00:54,5.09,6590846,12946,买盘
1818,11:00:57,5.09,4117766,8093,买盘
1819,11:01:00,5.09,4131379,8116,卖盘
1820,11:01:03,5.09,7505946,14749,买盘
1821,11:01:06,5.09,6651244,13060,买盘
1822,11:01:09,5.08,2550436,5012,卖盘
1823,11:01:12,5.08,4195438,8245,卖盘
1824,11:01:15,5.09,7844711,15417,买盘
1825,11:01:18,5.08,2713270,5333,卖盘
1826,11:01:21,5.09,24241863,47551,买盘
1827,11:01:24,5.09,10583789,20752,买盘
1828,11:01:27,5.1,6514429,12766,买盘
1829,11:01:30,5.11,6810350,13324,买盘
1830,11:01:33,5.11,9074303,17730,卖盘
1831,11:01:36,5.13,16456074,32092,买盘
1832,11:01:39,5.14,10529475,20495,买盘
1833,11:01:42,5.15,8418745,16374,买盘
1834,11:01:45,5.15,14015575,27253,买盘
1835,11:01:48,5.14,15983705,31062,卖盘
1836,11:01:51,5.16,17233294,33460,买盘
1837,11:01:54,5.16,9681814,18790,买盘
1838,11:01:57,5.17,12183791,23621,买盘
1839,11:02:00,5.17,7168468,13883,买盘
1840,11:02:03,5.17,19516537,37727,买盘
1841,11:02:06,5.18,18878789,36434,买盘
1842,11:02:09,5.18,7350598,14196,买盘
1843,11:02:12,5.19,6780254,13080,买盘
1844,11:02:15,5.18,11486778,22198,卖盘
1845,11:02:18,5.17,9719228,18770,中性盘
1846,11:02:21,5.17,6614134,12794,卖盘
1847,11:02:24,5.16,5773013,11175,卖盘
1848,11:02:27,5.16,3985222,7724,买盘
1849,11:02:30,5.17,7083368,13736,买盘
1850,11:02:33,5.16,5531993,10721,卖盘
1851,11:02:36,5.15,5212349,10099,卖盘
1852,11:02:39,5.15,5435578,10540,卖盘
1853,11:02:42,5.15,5244652,10176,卖盘
1854,11:02:45,5.15,6272259,12173,卖盘
1855,11:02:48,5.15,5117984,9939,买盘
1856,11:02:51,5.15,9099485,17670,买盘
1857,11:02:54,5.15,4143107,8046,卖盘
1858,11:02:57,5.15,5235199,10168,卖盘
1859,11:03:00,5.15,3748826,7281,买盘
1860,11:03:03,5.15,6078659,11803,买盘
1861,11:03:06,5.15,7201634,13987,买盘
1862,11:03:09,5.15,6556348,12724,卖盘
1863,11:03:12,5.15,5351516,10390,买盘
1864,11:03:15,5.14,5008763,9728,卖盘
1865,11:03:18,5.15,5757015,11184,买盘
1866,11:03:21,5.15,5974074,11596,买盘
1867,11:03:24,5.15,8230214,15967,买盘
1868,11:03:27,5.15,8638001,16753,买盘
1869,11:03:30,5.16,12972944,25107,买盘
1870,11:03:33,5.18,7400488,14331,买盘
1871,11:03:36,5.17,5896975,11403,卖盘
1872,11:03:39,5.17,5462950,10552,卖盘
1873,11:03:42,5.18,5943803,11479,买盘
1874,11:03:45,5.18,3715539,7181,买盘
1875,11:03:48,5.18,5172824,9991,买盘
1876,11:03:51,5.18,6203332,11973,买盘
1877,11:03:54,5.18,4643106,8959,卖盘
1878,11:03:57,5.18,5681491,10964,卖盘
1879,11:04:00,5.18,5014720,9687,买盘
1880,11:04:03,5.17,5881608,11367,卖盘
1881,11:04:06,5.17,3477198,6729,买盘
1882,11:04:09,5.16,8113894,15714,卖盘
1883,11:04:12,5.16,3053567,5920,买盘
1884,11:04:15,5.15,3301500,6403,卖盘
1885,11:04:18,5.15,4270500,8284,卖盘
1886,11:04:21,5.15,6914372,13420,卖盘
1887,11:04:24,5.15,3698257,7187,买盘
1888,11:04:27,5.14,2347139,4559,卖盘
1889,11:04:30,5.14,11121775,21613,卖盘
1890,11:04:33,5.15,2775159,5395,买盘
1891,11:04:36,5.14,4003230,7782,卖盘
1892,11:04:39,5.15,5240195,10191,买盘
1893,11:04:42,5.15,4870940,9470,买盘
1894,11:04:45,5.15,4048338,7870,买盘
1895,11:04:48,5.14,7605994,14777,卖盘
1896,11:04:51,5.14,9109122,17716,买盘
1897,11:04:54,5.13,2571293,5005,卖盘
1898,11:04:57,5.14,3640059,7079,买盘
1899,11:05:00,5.14,4602711,8949,卖盘
1900,11:05:03,5.16,12190803,23667,买盘
1901,11:05:06,5.14,4413091,8565,卖盘
1902,11:05:09,5.14,3052539,5935,卖盘
1903,11:05:12,5.15,2728975,5298,买盘
1904,11:05:15,5.15,3050219,5919,卖盘
1905,11:05:18,5.15,3626444,7042,卖盘
1906,11:05:21,5.15,1682755,3268,买盘
1907,11:05:24,5.15,2661317,5166,买盘
1908,11:05:27,5.15,3594493,6979,买盘
1909,11:05:30,5.15,5613578,10897,卖盘
1910,11:05:33,5.15,4047605,7853,买盘
1911,11:05:36,5.15,3009037,5839,卖盘
1912,11:05:39,5.15,3730035,7237,卖盘
1913,11:05:42,5.15,3140687,6091,卖盘
1914,11:05:45,5.16,5491791,10656,买盘
1915,11:05:48,5.16,5322474,10322,买盘
1916,11:05:51,5.16,3067616,5948,买盘
1917,11:05:54,5.16,2625456,5090,买盘
1918,11:05:57,5.16,2687413,5210,买盘
1919,11:06:00,5.15,1300922,2523,卖盘
1920,11:06:03,5.16,4238154,8213,买盘
1921,11:06:06,5.16,2274841,4410,买盘
1922,11:06:09,5.16,4025978,7802,买盘
1923,11:06:12,5.16,3030435,5869,卖盘
1924,11:06:15,5.16,3880797,7520,卖盘
1925,11:06:18,5.16,2250687,4363,买盘
1926,11:06:21,5.15,2145783,4159,卖盘
1927,11:06:24,5.15,9387960,18210,卖盘
1928,11:06:27,5.16,1483537,2879,买盘
1929,11:06:30,5.14,7455162,14471,卖盘
1930,11:06:33,5.16,4641913,9000,买盘
1931,11:06:36,5.15,9208501,17866,卖盘
1932,11:06:39,5.15,4496478,8716,卖盘
1933,11:06:42,5.16,8971547,17371,买盘
1934,11:06:45,5.17,43677417,84407,买盘
1935,11:06:48,5.17,9828863,18987,卖盘
1936,11:06:51,5.18,4932564,9533,买盘
1937,11:06:54,5.18,4010882,7739,卖盘
1938,11:06:57,5.19,3517551,6782,买盘
1939,11:07:00,5.19,9335332,17993,买盘
1940,11:07:03,5.2,13537049,26073,买盘
1941,11:07:06,5.2,14998891,28856,买盘
1942,11:07:09,5.2,7227228,13901,买盘
1943,11:07:12,5.2,10738939,20655,买盘
1944,11:07:15,5.2,14608792,28097,买盘
1945,11:07:18,5.2,20682819,39768,买盘
1946,11:07:21,5.2,7274675,13978,卖盘
1947,11:07:24,5.22,5090799,9765,买盘
1948,11:07:27,5.22,3945154,7564,买盘
1949,11:07:30,5.22,6615501,12672,买盘
1950,11:07:33,5.22,17535072,33621,卖盘
1951,11:07:36,5.21,7464908,14333,卖盘
1952,11:07:39,5.2,12159239,23393,卖盘
1953,11:07:42,5.19,4430857,8522,卖盘
1954,11:07:45,5.2,3162880,6088,买盘
1955,11:07:48,5.21,3471332,6682,买盘
1956,11:07:51,5.21,3102495,5966,买盘
1957,11:07:54,5.2,6022275,11564,卖盘
1958,11:07:57,5.2,4888863,9391,卖盘
1959,11:08:00,5.2,2680089,5148,卖盘
1960,11:08:03,5.2,6731526,12935,卖盘
1961,11:08:06,5.2,8561741,16437,卖盘
1962,11:08:09,5.2,2480767,4770,买盘
1963,11:08:12,5.2,3539765,6807,买盘
1964,11:08:15,5.19,4029207,7753,卖盘
1965,11:08:18,5.19,3605131,6931,卖盘
1966,11:08:21,5.2,2788209,5368,买盘
1967,11:08:24,5.19,2627106,5056,卖盘
1968,11:08:27,5.19,1953733,3759,卖盘
1969,11:08:30,5.2,5648731,10876,买盘
1970,11:08:33,5.19,3420408,6585,卖盘
1971,11:08:36,5.2,3596709,6921,买盘
1972,11:08:39,5.2,2268562,4368,买盘
1973,11:08:42,5.19,2443475,4707,卖盘
1974,11:08:45,5.19,1461859,2817,买盘
1975,11:08:48,5.19,2430646,4688,买盘
1976,11:08:51,5.19,1481148,2855,买盘
1977,11:08:54,5.19,5770974,11138,买盘
1978,11:08:57,5.18,3486481,6728,卖盘
1979,11:09:00,5.17,688060,1329,卖盘
1980,11:09:03,5.17,4733677,9143,卖盘
1981,11:09:06,5.17,1982707,3832,卖盘
1982,11:09:09,5.18,3358596,6495,买盘
1983,11:09:12,5.17,4313220,8332,卖盘
1984,11:09:15,5.17,2831019,5474,卖盘
1985,11:09:18,5.17,1828480,3536,卖盘
1986,11:09:21,5.17,2425485,4687,卖盘
1987,11:09:24,5.17,807981,1563,买盘
1988,11:09:27,5.16,689723,1335,卖盘
1989,11:09:30,5.17,1706261,3302,买盘
1990,11:09:33,5.17,1242303,2405,买盘
1991,11:09:36,5.16,2078702,4025,卖盘
1992,11:09:39,5.17,1441709,2793,买盘
1993,11:09:42,5.17,2617202,5067,买盘
1994,11:09:45,5.16,1935167,3748,卖盘
1995,11:09:48,5.16,4561136,8834,卖盘
1996,11:09:51,5.16,2865666,5552,卖盘
1997,11:09:54,5.16,3015251,5837,卖盘
1998,11:09:57,5.16,1259726,2442,买盘
1999,11:10:00,5.16,923048,1791,买盘
2000,11:10:03,5.16,911322,1767,买盘
2001,11:10:06,5.16,1519783,2947,买盘
2002,11:10:09,5.16,2271578,4406,买盘
2003,11:10:12,5.15,3036466,5889,卖盘
2004,11:10:15,5.16,2587786,5022,买盘
2005,11:10:18,5.16,2272600,4408,买盘
2006,11:10:21,5.16,1164851,2259,买盘
2007,11:10:24,5.15,1073106,2081,卖盘
2008,11:10:27,5.15,2764233,5359,卖盘
2009,11:10:30,5.15,4817139,9352,卖盘
2010,11:10:33,5.14,3532583,6864,卖盘
2011,11:10:36,5.14,1559675,3029,卖盘
2012,11:10:39,5.14,968613,1883,卖盘
2013,11:10:42,5.14,1156162,2248,卖盘
2014,11:10:45,5.14,2105067,4093,卖盘
2015,11:10:48,5.15,1439931,2801,买盘
2016,11:10:51,5.14,2278783,4433,卖盘
2017,11:10:54,5.15,2018240,3926,买盘
2018,11:10:57,5.14,1068322,2079,卖盘
2019,11:11:00,5.13,1641186,3193,卖盘
2020,11:11:03,5.13,888800,1731,卖盘
2021,11:11:06,5.13,3405445,6635,卖盘
2022,11:11:09,5.14,1652540,3220,买盘
2023,11:11:12,5.14,2333695,4546,买盘
2024,11:11:15,5.13,2030556,3956,卖盘
2025,11:11:18,5.14,1630198,3175,买盘
2026,11:11:21,5.14,1172677,2285,买盘
2027,11:11:24,5.13,3515969,6853,卖盘
2028,11:11:27,5.14,3160896,6152,买盘
2029,11:11:30,5.13,1263729,2463,卖盘
2030,11:11:33,5.13,1156919,2253,卖盘
2031,11:11:36,5.14,7093473,13803,买盘
2032,11:11:39,5.14,1900297,3697,卖盘
2033,11:11:42,5.14,1187428,2310,卖盘
2034,11:11:45,5.14,2713151,5277,卖盘
2035,11:11:48,5.14,1782959,3468,卖盘
2036,11:11:51,5.14,949087,1846,卖盘
2037,11:11:54,5.14,2284786,4445,卖盘
2038,11:11:57,5.14,459516,894,买盘
2039,11:12:00,5.14,3335489,6494,买盘
2040,11:12:03,5.14,3516948,6843,买盘
2041,11:12:06,5.14,1232482,2399,卖盘
2042,11:12:09,5.14,1139631,2218,买盘
2043,11:12:12,5.13,2515343,4895,卖盘
2044,11:12:15,5.14,936850,1824,买盘
2045,11:12:18,5.14,1621143,3157,买盘
2046,11:12:21,5.13,2186035,4258,卖盘
2047,11:12:24,5.13,1275446,2483,卖盘
2048,11:12:27,5.14,3766731,7340,买盘
2049,11:12:30,5.14,1043652,2033,买盘
2050,11:12:33,5.14,680957,1326,买盘
2051,11:12:36,5.13,812135,1583,卖盘
2052,11:12:39,5.13,1029559,2005,卖盘
2053,11:12:42,5.13,1015661,1978,卖盘
2054,11:12:45,5.13,848096,1653,卖盘
2055,11:12:48,5.13,2512396,4893,卖盘
2056,11:12:51,5.13,909162,1772,卖盘
2057,11:12:54,5.13,2629708,5125,卖盘
2058,11:12:57,5.13,1804841,3518,卖盘
2059,11:13:00,5.13,1343618,2619,卖盘
2060,11:13:03,5.13,2235229,4355,卖盘
2061,11:13:06,5.13,514186,1003,买盘
2062,11:13:09,5.12,1133125,2209,卖盘
2063,11:13:12,5.12,1461737,2854,卖盘
2064,11:13:15,5.12,1906171,3720,卖盘
2065,11:13:18,5.12,2216721,4326,卖盘
2066,11:13:21,5.12,1874665,3659,卖盘
2067,11:13:24,5.12,2917178,5697,卖盘
2068,11:13:27,5.13,1097436,2143,买盘
2069,11:13:30,5.12,1500639,2931,卖盘
2070,11:13:33,5.12,2484223,4852,买盘
2071,11:13:36,5.12,1575828,3078,卖盘
2072,11:13:39,5.12,2322159,4536,卖盘
2073,11:13:42,5.12,1064723,2080,卖盘
2074,11:13:45,5.12,2961660,5786,买盘
2075,11:13:48,5.12,1376426,2691,买盘
2076,11:13:51,5.12,1481401,2895,买盘
2077,11:13:54,5.12,2021344,3950,买盘
2078,11:13:57,5.12,1611490,3150,买盘
2079,11:14:00,5.12,1156578,2261,买盘
2080,11:14:03,5.12,2264367,4424,买盘
2081,11:14:06,5.12,8015813,15657,买盘
2082,11:14:09,5.12,1691686,3303,卖盘
2083,11:14:12,5.12,9967684,19433,卖盘
2084,11:14:15,5.13,1399004,2726,买盘
2085,11:14:18,5.14,8263254,16079,买盘
2086,11:14:21,5.14,2177601,4238,买盘
2087,11:14:24,5.15,1675512,3255,买盘
2088,11:14:27,5.15,5808123,11280,买盘
2089,11:14:30,5.14,3552591,6899,卖盘
2090,11:14:33,5.16,3968232,7709,买盘
2091,11:14:36,5.15,830938,1612,卖盘
2092,11:14:39,5.15,841414,1633,卖盘
2093,11:14:42,5.15,680591,1320,卖盘
2094,11:14:45,5.15,2040588,3956,卖盘
2095,11:14:48,5.15,2903471,5633,卖盘
2096,11:14:51,5.15,1034423,2007,卖盘
2097,11:14:54,5.15,2643387,5128,卖盘
2098,11:14:57,5.15,1875642,3642,卖盘
2099,11:15:00,5.15,1885931,3662,买盘
2100,11:15:03,5.15,918227,1783,买盘
2101,11:15:06,5.15,970245,1885,买盘
2102,11:15:09,5.14,1541042,2994,卖盘
2103,11:15:12,5.15,775777,1507,买盘
2104,11:15:15,5.15,735254,1429,买盘
2105,11:15:18,5.14,580652,1128,卖盘
2106,11:15:21,5.14,402792,783,卖盘
2107,11:15:24,5.14,438123,852,卖盘
2108,11:15:27,5.14,2909738,5655,卖盘
2109,11:15:30,5.15,555075,1079,买盘
2110,11:15:33,5.14,619246,1204,卖盘
2111,11:15:36,5.14,1751638,3407,卖盘
2112,11:15:39,5.14,2847763,5540,卖盘
2113,11:15:42,5.14,646098,1257,买盘
2114,11:15:45,5.13,305089,594,卖盘
2115,11:15:48,5.14,336600,655,买盘
2116,11:15:51,5.14,576261,1122,买盘
2117,11:15:54,5.14,5600470,10904,买盘
2118,11:15:57,5.14,1357317,2642,卖盘
2119,11:16:00,5.14,2315910,4506,买盘
2120,11:16:03,5.14,1002290,1953,买盘
2121,11:16:06,5.14,345204,672,买盘
2122,11:16:09,5.13,963318,1875,卖盘
2123,11:16:12,5.13,587021,1144,卖盘
2124,11:16:15,5.13,878679,1711,卖盘
2125,11:16:18,5.14,299932,584,买盘
2126,11:16:21,5.13,986030,1922,卖盘
2127,11:16:24,5.13,1092358,2129,卖盘
2128,11:16:27,5.13,226916,442,卖盘
2129,11:16:30,5.13,702594,1369,卖盘
2130,11:16:33,5.13,670254,1306,卖盘
2131,11:16:36,5.13,1368723,2668,卖盘
2132,11:16:39,5.14,1313597,2560,买盘
2133,11:16:42,5.13,1071564,2088,卖盘
2134,11:16:45,5.13,801819,1563,买盘
2135,11:16:48,5.13,861287,1679,买盘
2136,11:16:51,5.13,554562,1081,卖盘
2137,11:16:54,5.13,636689,1241,卖盘
2138,11:16:57,5.13,744449,1451,卖盘
2139,11:17:00,5.13,1148113,2236,卖盘
2140,11:17:03,5.13,1171389,2283,卖盘
2141,11:17:06,5.13,1051232,2049,卖盘
2142,11:17:09,5.13,4736859,9234,卖盘
2143,11:17:12,5.13,927473,1808,买盘
2144,11:17:15,5.13,464639,906,买盘
2145,11:17:18,5.13,1580134,3081,买盘
2146,11:17:21,5.13,2003107,3900,卖盘
2147,11:17:24,5.13,982711,1913,卖盘
2148,11:17:27,5.13,1141535,2225,卖盘
2149,11:17:30,5.13,573745,1118,卖盘
2150,11:17:33,5.13,936336,1824,卖盘
2151,11:17:36,5.13,1327773,2585,卖盘
2152,11:17:39,5.14,467649,911,买盘
2153,11:17:42,5.13,832542,1622,卖盘
2154,11:17:45,5.13,1108184,2160,卖盘
2155,11:17:48,5.14,1040342,2026,买盘
2156,11:17:51,5.13,314163,612,卖盘
2157,11:17:54,5.13,491788,958,卖盘
2158,11:17:57,5.14,537507,1046,买盘
2159,11:18:00,5.14,557298,1085,买盘
2160,11:18:03,5.14,1595643,3106,买盘
2161,11:18:06,5.14,321406,626,买盘
2162,11:18:09,5.13,1408647,2742,卖盘
2163,11:18:12,5.14,678343,1320,买盘
2164,11:18:15,5.14,1340700,2609,买盘
2165,11:18:18,5.15,7246508,14088,买盘
2166,11:18:21,5.14,485940,945,卖盘
2167,11:18:24,5.15,1562345,3034,买盘
2168,11:18:27,5.15,5267472,10229,买盘
2169,11:18:30,5.15,2390854,4641,买盘
2170,11:18:33,5.16,950381,1845,买盘
2171,11:18:36,5.15,776636,1508,卖盘
2172,11:18:39,5.15,1207347,2343,买盘
2173,11:18:42,5.15,393866,764,卖盘
2174,11:18:45,5.15,431401,837,卖盘
2175,11:18:48,5.16,938134,1821,买盘
2176,11:18:51,5.15,822768,1595,卖盘
2177,11:18:54,5.16,776417,1506,买盘
2178,11:18:57,5.16,1749622,3392,买盘
2179,11:19:00,5.16,500065,970,买盘
2180,11:19:03,5.15,2005916,3894,卖盘
2181,11:19:06,5.16,1157948,2246,买盘
2182,11:19:09,5.15,2503735,4855,卖盘
2183,11:19:12,5.15,959516,1861,卖盘
2184,11:19:15,5.15,1169994,2268,卖盘
2185,11:19:18,5.15,1580486,3067,卖盘
2186,11:19:21,5.15,3121331,6061,卖盘
2187,11:19:24,5.15,993435,1929,买盘
2188,11:19:27,5.15,5056695,9819,买盘
2189,11:19:30,5.16,483094,938,买盘
2190,11:19:33,5.15,1087020,2109,卖盘
2191,11:19:36,5.15,988385,1919,买盘
2192,11:19:39,5.16,637368,1237,买盘
2193,11:19:42,5.16,777292,1509,买盘
2194,11:19:45,5.15,226133,439,卖盘
2195,11:19:48,5.16,384852,747,买盘
2196,11:19:51,5.15,939633,1824,卖盘
2197,11:19:54,5.15,625449,1214,卖盘
2198,11:19:57,5.15,736229,1429,卖盘
2199,11:20:00,5.16,1670748,3243,买盘
2200,11:20:03,5.15,1684281,3268,卖盘
2201,11:20:06,5.15,505323,981,买盘
2202,11:20:09,5.14,186399,362,卖盘
2203,11:20:12,5.15,751870,1460,买盘
2204,11:20:15,5.15,681560,1324,卖盘
2205,11:20:18,5.15,261620,508,买盘
2206,11:20:21,5.14,1620109,3146,卖盘
2207,11:20:24,5.15,357866,695,买盘
2208,11:20:27,5.15,1618995,3144,买盘
2209,11:20:30,5.15,422300,820,卖盘
2210,11:20:33,5.15,1105581,2145,卖盘
2211,11:20:36,5.15,746797,1450,卖盘
2212,11:20:39,5.15,850669,1651,卖盘
2213,11:20:42,5.15,768451,1492,卖盘
2214,11:20:45,5.15,385241,748,卖盘
2215,11:20:48,5.15,273455,531,买盘
2216,11:20:51,5.15,550990,1070,买盘
2217,11:20:54,5.15,1443849,2804,买盘
2218,11:20:57,5.15,550916,1070,买盘
2219,11:21:00,5.15,301193,585,买盘
2220,11:21:03,5.15,728580,1416,买盘
2221,11:21:06,5.14,2002062,3888,卖盘
2222,11:21:09,5.15,2187126,4247,买盘
2223,11:21:12,5.15,1894088,3678,买盘
2224,11:21:15,5.16,508312,987,买盘
2225,11:21:18,5.15,493468,958,卖盘
2226,11:21:21,5.15,239019,464,卖盘
2227,11:21:24,5.15,599913,1164,卖盘
2228,11:21:27,5.15,2128558,4126,卖盘
2229,11:21:30,5.15,1038754,2016,卖盘
2230,11:21:33,5.16,549107,1066,买盘
2231,11:21:36,5.16,462705,898,买盘
2232,11:21:39,5.15,1553864,3012,卖盘
2233,11:21:42,5.16,287081,557,买盘
2234,11:21:45,5.16,2156506,4180,买盘
2235,11:21:48,5.15,1902520,3690,卖盘
2236,11:21:51,5.16,647404,1255,买盘
2237,11:21:54,5.16,1443682,2800,买盘
2238,11:21:57,5.16,2864575,5560,买盘
2239,11:22:00,5.16,467685,907,买盘
2240,11:22:03,5.16,1384839,2685,买盘
2241,11:22:06,5.16,239805,465,买盘
2242,11:22:09,5.15,1340487,2599,卖盘
2243,11:22:12,5.15,770125,1493,卖盘
2244,11:22:15,5.15,699380,1356,卖盘
2245,11:22:18,5.15,310347,602,卖盘
2246,11:22:21,5.16,1454150,2820,买盘
2247,11:22:24,5.16,332867,646,买盘
2248,11:22:27,5.15,624056,1210,卖盘
2249,11:22:30,5.15,776288,1505,卖盘
2250,11:22:33,5.15,840024,1629,卖盘
2251,11:22:36,5.16,365369,709,买盘
2252,11:22:39,5.16,372131,722,买盘
2253,11:22:42,5.15,430638,835,卖盘
2254,11:22:45,5.15,669274,1299,卖盘
2255,11:22:48,5.15,595527,1156,卖盘
2256,11:22:51,5.15,1873613,3638,卖盘
2257,11:22:54,5.15,1004381,1950,卖盘
2258,11:22:57,5.16,432378,839,买盘
2259,11:23:00,5.16,344601,669,买盘
2260,11:23:03,5.15,1326727,2574,卖盘
2261,11:23:06,5.15,1334856,2591,卖盘
2262,11:23:09,5.15,1012610,1966,卖盘
2263,11:23:12,5.15,91610,178,买盘
2264,11:23:15,5.15,623909,1212,买盘
2265,11:23:18,5.15,426056,828,买盘
2266,11:23:21,5.15,295572,574,买盘
2267,11:23:24,5.15,593511,1153,买盘
2268,11:23:27,5.14,238208,463,卖盘
2269,11:23:30,5.14,224965,437,卖盘
2270,11:23:33,5.14,1537638,2991,卖盘
2271,11:23:36,5.14,150732,293,卖盘
2272,11:23:39,5.14,336686,655,卖盘
2273,11:23:42,5.14,1670576,3249,卖盘
2274,11:23:45,5.14,1093328,2127,卖盘
2275,11:23:48,5.14,656619,1277,卖盘
2276,11:23:51,5.14,1379434,2683,卖盘
2277,11:23:54,5.14,441527,859,卖盘
2278,11:23:57,5.14,911470,1773,卖盘
2279,11:24:00,5.14,913555,1775,卖盘
2280,11:24:03,5.14,723456,1407,卖盘
2281,11:24:06,5.14,463115,901,卖盘
2282,11:24:09,5.14,2864008,5572,卖盘
2283,11:24:12,5.13,76574,149,卖盘
2284,11:24:15,5.14,148362,289,买盘
2285,11:24:18,5.14,142822,278,买盘
2286,11:24:21,5.14,212489,414,买盘
2287,11:24:24,5.14,244007,475,买盘
2288,11:24:27,5.14,1086685,2115,买盘
2289,11:24:30,5.13,496471,967,卖盘
2290,11:24:33,5.13,404483,788,卖盘
2291,11:24:36,5.13,488178,951,卖盘
2292,11:24:39,5.13,911339,1776,卖盘
2293,11:24:42,5.14,562812,1097,买盘
2294,11:24:45,5.14,659578,1284,买盘
2295,11:24:48,5.14,209542,408,买盘
2296,11:24:51,5.13,140132,273,卖盘
2297,11:24:54,5.14,851687,1658,买盘
2298,11:24:57,5.14,907062,1766,买盘
2299,11:25:00,5.13,641979,1250,卖盘
2300,11:25:03,5.14,412056,802,买盘
2301,11:25:06,5.14,2140989,4172,买盘
2302,11:25:09,5.14,158733,309,买盘
2303,11:25:12,5.13,434202,846,卖盘
2304,11:25:15,5.13,1100928,2144,卖盘
2305,11:25:18,5.14,365532,712,买盘
2306,11:25:21,5.13,380423,741,卖盘
2307,11:25:24,5.13,437528,852,卖盘
2308,11:25:27,5.13,230475,449,卖盘
2309,11:25:30,5.13,357056,696,卖盘
2310,11:25:33,5.13,297201,579,卖盘
2311,11:25:36,5.13,906899,1766,卖盘
2312,11:25:39,5.13,549084,1070,卖盘
2313,11:25:42,5.13,606418,1182,卖盘
2314,11:25:45,5.13,866489,1689,卖盘
2315,11:25:48,5.14,695423,1355,买盘
2316,11:25:51,5.13,171358,334,卖盘
2317,11:25:54,5.13,1204047,2347,卖盘
2318,11:25:57,5.13,549485,1071,卖盘
2319,11:26:00,5.14,810289,1579,买盘
2320,11:26:03,5.13,1050136,2047,卖盘
2321,11:26:06,5.13,261755,510,卖盘
2322,11:26:09,5.14,874952,1705,买盘
2323,11:26:12,5.14,1979225,3858,买盘
2324,11:26:15,5.13,670101,1306,卖盘
2325,11:26:18,5.14,190045,370,买盘
2326,11:26:21,5.13,788357,1535,卖盘
2327,11:26:24,5.13,932547,1816,卖盘
2328,11:26:27,5.14,246557,480,买盘
2329,11:26:30,5.14,829033,1614,买盘
2330,11:26:33,5.14,149844,292,买盘
2331,11:26:36,5.13,285313,556,卖盘
2332,11:26:39,5.14,730552,1423,买盘
2333,11:26:42,5.13,203741,397,卖盘
2334,11:26:45,5.13,86719,169,卖盘
2335,11:26:48,5.13,224251,437,卖盘
2336,11:26:51,5.14,305353,595,买盘
2337,11:26:54,5.13,502292,979,卖盘
2338,11:26:57,5.13,235598,459,卖盘
2339,11:27:00,5.13,584855,1140,卖盘
2340,11:27:03,5.13,1232874,2401,卖盘
2341,11:27:06,5.13,267944,522,卖盘
2342,11:27:09,5.14,1914827,3732,买盘
2343,11:27:12,5.13,913667,1781,卖盘
2344,11:27:15,5.13,353527,689,卖盘
2345,11:27:18,5.13,322684,629,卖盘
2346,11:27:21,5.13,529376,1031,卖盘
2347,11:27:24,5.13,4430843,8637,卖盘
2348,11:27:27,5.13,1179900,2300,卖盘
2349,11:27:30,5.13,140039,273,买盘
2350,11:27:33,5.13,441562,861,买盘
2351,11:27:36,5.13,162076,316,买盘
2352,11:27:39,5.13,210125,410,买盘
2353,11:27:42,5.13,1255585,2452,买盘
2354,11:27:45,5.13,415935,811,买盘
2355,11:27:48,5.12,424098,828,卖盘
2356,11:27:51,5.13,567695,1108,买盘
2357,11:27:54,5.13,826806,1613,买盘
2358,11:27:57,5.12,290962,568,卖盘
2359,11:28:00,5.12,1256561,2450,卖盘
2360,11:28:03,5.12,721429,1408,卖盘
2361,11:28:06,5.12,302523,590,卖盘
2362,11:28:09,5.13,473840,924,买盘
2363,11:28:12,5.12,1134535,2214,卖盘
2364,11:28:15,5.13,2779224,5428,买盘
2365,11:28:18,5.13,785684,1533,买盘
2366,11:28:21,5.13,595465,1162,买盘
2367,11:28:24,5.13,291947,570,买盘
2368,11:28:27,5.12,5317397,10385,卖盘
2369,11:28:30,5.13,279281,545,买盘
2370,11:28:33,5.12,465872,909,卖盘
2371,11:28:36,5.12,3317306,6468,卖盘
2372,11:28:39,5.13,590430,1153,买盘
2373,11:28:42,5.12,172571,337,卖盘
2374,11:28:45,5.12,134150,262,卖盘
2375,11:28:48,5.12,393344,768,卖盘
2376,11:28:51,5.12,285332,557,卖盘
2377,11:28:54,5.13,889005,1736,买盘
2378,11:28:57,5.12,3061457,5979,卖盘
2379,11:29:00,5.12,328305,641,卖盘
2380,11:29:03,5.12,2133174,4166,卖盘
2381,11:29:06,5.12,1200685,2345,卖盘
2382,11:29:09,5.13,751666,1468,买盘
2383,11:29:12,5.12,1390765,2716,卖盘
2384,11:29:15,5.12,485715,948,卖盘
2385,11:29:18,5.12,757431,1479,卖盘
2386,11:29:21,5.12,574568,1122,卖盘
2387,11:29:24,5.12,993384,1940,卖盘
2388,11:29:27,5.13,634488,1239,买盘
2389,11:29:30,5.12,610470,1192,卖盘
2390,11:29:33,5.12,1426432,2786,买盘
2391,11:29:36,5.12,737540,1440,卖盘
2392,11:29:39,5.12,278607,544,卖盘
2393,11:29:42,5.12,425574,831,卖盘
2394,11:29:45,5.12,210945,412,卖盘
2395,11:29:48,5.12,2793157,5447,卖盘
2396,11:29:51,5.12,521019,1017,卖盘
2397,11:29:54,5.13,267910,523,买盘
2398,11:29:57,5.12,394204,769,卖盘
2399,11:30:00,5.12,161303,315,卖盘
2400,13:00:03,5.12,4975489,9708,卖盘
2401,13:00:06,5.12,7056430,13780,卖盘
2402,13:00:09,5.12,6539407,12773,买盘
2403,13:00:12,5.12,3253413,6355,买盘
2404,13:00:15,5.12,1594348,3114,买盘
2405,13:00:18,5.12,416167,813,买盘
2406,13:00:21,5.12,1072630,2095,买盘
2407,13:00:24,5.12,500620,978,买盘
2408,13:00:27,5.12,1229209,2401,买盘
2409,13:00:30,5.12,91259,178,卖盘
2410,13:00:33,5.13,374844,732,买盘
2411,13:00:36,5.13,509701,995,买盘
2412,13:00:39,5.13,446175,870,买盘
2413,13:00:42,5.13,985826,1922,买盘
2414,13:00:45,5.13,509916,994,买盘
2415,13:00:48,5.13,2642364,5152,买盘
2416,13:00:51,5.13,538077,1049,买盘
2417,13:00:54,5.13,1395096,2720,买盘
2418,13:00:57,5.13,433998,846,卖盘
2419,13:01:00,5.14,179573,350,买盘
2420,13:01:03,5.13,2538716,4941,卖盘
2421,13:01:06,5.13,573218,1116,卖盘
2422,13:01:09,5.14,485976,946,买盘
2423,13:01:12,5.13,368673,718,卖盘
2424,13:01:15,5.13,822792,1603,卖盘
2425,13:01:18,5.14,191399,373,买盘
2426,13:01:21,5.14,751706,1463,买盘
2427,13:01:24,5.14,196800,383,买盘
2428,13:01:27,5.14,235268,458,买盘
2429,13:01:30,5.14,1338300,2604,买盘
2430,13:01:33,5.14,2128194,4141,买盘
2431,13:01:36,5.14,340766,663,买盘
2432,13:01:39,5.14,365439,711,买盘
2433,13:01:42,5.14,579739,1128,买盘
2434,13:01:45,5.13,277014,539,卖盘
2435,13:01:48,5.14,1260798,2453,买盘
2436,13:01:51,5.14,252801,492,买盘
2437,13:01:54,5.14,481502,937,买盘
2438,13:01:57,5.14,430715,838,买盘
2439,13:02:00,5.13,1560951,3037,卖盘
2440,13:02:03,5.13,606494,1180,卖盘
2441,13:02:06,5.14,890262,1732,买盘
2442,13:02:09,5.14,562257,1093,卖盘
2443,13:02:12,5.14,791584,1540,卖盘
2444,13:02:15,5.14,895017,1740,卖盘
2445,13:02:18,5.14,298892,581,卖盘
2446,13:02:21,5.13,2724582,5301,卖盘
2447,13:02:24,5.13,5805248,11316,卖盘
2448,13:02:27,5.13,95931,187,买盘
2449,13:02:30,5.13,565246,1102,买盘
2450,13:02:33,5.12,470269,917,卖盘
2451,13:02:36,5.12,109703,214,卖盘
2452,13:02:39,5.13,819988,1601,买盘
2453,13:02:42,5.12,127509,249,卖盘
2454,13:02:45,5.13,503757,983,买盘
2455,13:02:48,5.12,130592,255,卖盘
2456,13:02:51,5.12,106016,207,卖盘
2457,13:02:54,5.13,328967,642,买盘
2458,13:02:57,5.13,465394,908,买盘
2459,13:03:00,5.12,3173539,6198,卖盘
2460,13:03:03,5.13,3126451,6106,买盘
2461,13:03:06,5.12,5185064,10127,卖盘
2462,13:03:09,5.11,3701545,7243,卖盘
2463,13:03:12,5.12,1948565,3811,买盘
2464,13:03:15,5.12,555857,1087,买盘
2465,13:03:18,5.11,112460,220,卖盘
2466,13:03:21,5.12,153440,300,买盘
2467,13:03:24,5.12,813441,1589,买盘
2468,13:03:27,5.11,414613,811,卖盘
2469,13:03:30,5.12,206235,403,买盘
2470,13:03:33,5.11,2057946,4026,卖盘
2471,13:03:36,5.12,303361,593,买盘
2472,13:03:39,5.11,548655,1072,卖盘
2473,13:03:42,5.11,426110,833,卖盘
2474,13:03:45,5.11,370020,724,卖盘
2475,13:03:48,5.11,255513,500,卖盘
2476,13:03:51,5.11,424758,831,卖盘
2477,13:03:54,5.11,1063522,2081,卖盘
2478,13:03:57,5.11,643171,1258,卖盘
2479,13:04:00,5.12,286179,560,买盘
2480,13:04:03,5.12,929739,1817,买盘
2481,13:04:06,5.11,446688,874,卖盘
2482,13:04:09,5.11,399142,781,卖盘
2483,13:04:12,5.11,514711,1006,卖盘
2484,13:04:15,5.12,438614,858,买盘
2485,13:04:18,5.11,746452,1459,卖盘
2486,13:04:21,5.11,79775,156,卖盘
2487,13:04:24,5.11,1508642,2951,卖盘
2488,13:04:27,5.11,297919,583,卖盘
2489,13:04:30,5.12,136113,266,买盘
2490,13:04:33,5.11,459035,897,卖盘
2491,13:04:36,5.11,605985,1184,卖盘
2492,13:04:39,5.12,180976,354,买盘
2493,13:04:42,5.11,274426,537,卖盘
2494,13:04:45,5.11,50121,98,卖盘
2495,13:04:48,5.11,469729,918,卖盘
2496,13:04:51,5.11,274559,537,卖盘
2497,13:04:54,5.12,2091497,4086,买盘
2498,13:04:57,5.12,434521,849,买盘
2499,13:05:00,5.12,1055710,2062,买盘
2500,13:05:03,5.12,390634,763,买盘
2501,13:05:06,5.12,2875666,5617,买盘
2502,13:05:09,5.12,1877529,3667,买盘
2503,13:05:12,5.12,403109,787,卖盘
2504,13:05:15,5.12,207882,406,卖盘
2505,13:05:18,5.12,211731,413,卖盘
2506,13:05:21,5.13,1190520,2321,买盘
2507,13:05:24,5.13,255523,499,买盘
2508,13:05:27,5.13,494899,965,买盘
2509,13:05:30,5.13,432912,844,买盘
2510,13:05:33,5.13,400613,781,买盘
2511,13:05:36,5.13,250853,489,买盘
2512,13:05:39,5.13,259534,506,买盘
2513,13:05:42,5.13,185123,361,买盘
2514,13:05:45,5.13,1255285,2447,买盘
2515,13:05:48,5.13,450888,879,买盘
2516,13:05:51,5.13,355403,693,买盘
2517,13:05:54,5.13,893113,1741,买盘
2518,13:05:57,5.13,1172721,2286,买盘
2519,13:06:00,5.13,203248,396,卖盘
2520,13:06:03,5.14,374517,730,买盘
2521,13:06:06,5.14,520295,1014,买盘
2522,13:06:09,5.13,786999,1533,卖盘
2523,13:06:12,5.14,780537,1520,买盘
2524,13:06:15,5.14,413729,806,买盘
2525,13:06:18,5.13,365155,711,卖盘
2526,13:06:21,5.14,438332,853,买盘
2527,13:06:24,5.14,484210,943,买盘
2528,13:06:27,5.13,148957,290,卖盘
2529,13:06:30,5.14,1154725,2248,买盘
2530,13:06:33,5.14,174182,339,买盘
2531,13:06:36,5.14,109983,214,买盘
2532,13:06:39,5.14,530316,1032,买盘
2533,13:06:42,5.13,278944,543,卖盘
2534,13:06:45,5.13,222951,434,卖盘
2535,13:06:48,5.13,198316,386,卖盘
2536,13:06:51,5.13,955702,1860,卖盘
2537,13:06:54,5.14,604513,1177,买盘
2538,13:06:57,5.14,413007,804,买盘
2539,13:07:00,5.13,149972,292,卖盘
2540,13:07:03,5.14,897328,1746,买盘
2541,13:07:06,5.14,821766,1599,买盘
2542,13:07:09,5.13,352867,687,卖盘
2543,13:07:12,5.13,402876,784,卖盘
2544,13:07:15,5.14,740883,1442,买盘
2545,13:07:18,5.13,4651759,9068,卖盘
2546,13:07:21,5.13,280033,546,买盘
2547,13:07:24,5.13,857734,1672,买盘
2548,13:07:27,5.13,550903,1074,买盘
2549,13:07:30,5.13,666177,1300,买盘
2550,13:07:33,5.13,2829209,5514,买盘
2551,13:07:36,5.13,369878,721,卖盘
2552,13:07:39,5.14,291199,567,买盘
2553,13:07:42,5.13,1197789,2333,卖盘
2554,13:07:45,5.13,349977,682,卖盘
2555,13:07:48,5.13,460735,898,卖盘
2556,13:07:51,5.13,1387784,2705,卖盘
2557,13:07:54,5.13,712850,1389,卖盘
2558,13:07:57,5.13,714096,1392,买盘
2559,13:08:00,5.12,962368,1876,卖盘
2560,13:08:03,5.13,291322,568,买盘
2561,13:08:06,5.13,505797,986,买盘
2562,13:08:09,5.13,809989,1579,买盘
2563,13:08:12,5.12,880039,1717,卖盘
2564,13:08:15,5.12,130752,255,卖盘
2565,13:08:18,5.13,418082,816,买盘
2566,13:08:21,5.13,273268,533,买盘
2567,13:08:24,5.13,129124,252,买盘
2568,13:08:27,5.12,387927,757,卖盘
2569,13:08:30,5.12,1093822,2136,卖盘
2570,13:08:33,5.12,168511,329,卖盘
2571,13:08:36,5.12,340397,664,卖盘
2572,13:08:39,5.12,568137,1108,卖盘
2573,13:08:42,5.13,129238,252,买盘
2574,13:08:45,5.13,158894,310,买盘
2575,13:08:48,5.12,244265,477,卖盘
2576,13:08:51,5.12,190154,371,卖盘
2577,13:08:54,5.13,188051,367,买盘
2578,13:08:57,5.12,251084,490,卖盘
2579,13:09:00,5.13,346343,676,买盘
2580,13:09:03,5.13,1197728,2337,买盘
2581,13:09:06,5.12,516867,1008,卖盘
2582,13:09:09,5.12,1302227,2543,卖盘
2583,13:09:12,5.12,760155,1484,卖盘
2584,13:09:15,5.12,1708512,3336,卖盘
2585,13:09:18,5.12,703498,1374,卖盘
2586,13:09:21,5.13,1061765,2073,买盘
2587,13:09:24,5.12,2262208,4412,卖盘
2588,13:09:27,5.12,497760,972,卖盘
2589,13:09:30,5.12,479756,937,卖盘
2590,13:09:33,5.12,225322,440,卖盘
2591,13:09:36,5.12,293026,572,卖盘
2592,13:09:39,5.12,583206,1139,卖盘
2593,13:09:42,5.12,438279,856,卖盘
2594,13:09:45,5.13,804632,1571,买盘
2595,13:09:48,5.12,579074,1131,卖盘
2596,13:09:51,5.12,396288,774,买盘
2597,13:09:54,5.12,163328,319,买盘
2598,13:09:57,5.12,196510,384,买盘
2599,13:10:00,5.11,124371,243,卖盘
2600,13:10:03,5.12,636715,1244,买盘
2601,13:10:06,5.12,3349343,6540,买盘
2602,13:10:09,5.12,2429425,4737,卖盘
2603,13:10:12,5.13,2036556,3971,买盘
2604,13:10:15,5.12,1243078,2424,卖盘
2605,13:10:18,5.13,1371175,2676,买盘
2606,13:10:21,5.12,346477,676,卖盘
2607,13:10:24,5.13,1004244,1961,买盘
2608,13:10:27,5.12,169034,330,卖盘
2609,13:10:30,5.12,212525,415,卖盘
2610,13:10:33,5.13,100376,196,买盘
2611,13:10:36,5.12,306230,598,卖盘
2612,13:10:39,5.12,535412,1045,卖盘
2613,13:10:42,5.12,331419,647,卖盘
2614,13:10:45,5.12,282789,552,卖盘
2615,13:10:48,5.12,282630,552,卖盘
2616,13:10:51,5.12,226355,442,卖盘
2617,13:10:54,5.12,409617,800,卖盘
2618,13:10:57,5.12,152076,297,卖盘
2619,13:11:00,5.12,636673,1242,卖盘
2620,13:11:03,5.12,1344853,2622,卖盘
2621,13:11:06,5.12,627729,1226,卖盘
2622,13:11:09,5.12,224772,439,卖盘
2623,13:11:12,5.12,350224,684,卖盘
2624,13:11:15,5.12,365230,713,卖盘
2625,13:11:18,5.12,462855,904,卖盘
2626,13:11:21,5.12,233161,455,卖盘
2627,13:11:24,5.12,2288171,4469,卖盘
2628,13:11:27,5.12,198658,388,卖盘
2629,13:11:30,5.12,462372,903,卖盘
2630,13:11:33,5.12,556974,1087,卖盘
2631,13:11:36,5.12,525917,1026,卖盘
2632,13:11:39,5.12,445446,870,卖盘
2633,13:11:42,5.12,162816,318,买盘
2634,13:11:45,5.11,207219,405,卖盘
2635,13:11:48,5.11,219054,428,卖盘
2636,13:11:51,5.11,103743,203,卖盘
2637,13:11:54,5.11,157478,308,卖盘
2638,13:11:57,5.12,260323,509,买盘
2639,13:12:00,5.11,296386,580,卖盘
2640,13:12:03,5.12,272170,532,买盘
2641,13:12:06,5.11,785064,1536,卖盘
2642,13:12:09,5.11,245638,480,卖盘
2643,13:12:12,5.11,63433,124,卖盘
2644,13:12:15,5.11,359432,703,卖盘
2645,13:12:18,5.11,397468,777,卖盘
2646,13:12:21,5.11,182427,357,卖盘
2647,13:12:24,5.11,621908,1217,卖盘
2648,13:12:27,5.11,177367,347,卖盘
2649,13:12:30,5.11,327584,641,卖盘
2650,13:12:33,5.11,362319,709,卖盘
2651,13:12:36,5.11,265219,519,卖盘
2652,13:12:39,5.11,604517,1183,卖盘
2653,13:12:42,5.11,915261,1791,卖盘
2654,13:12:45,5.11,605167,1184,卖盘
2655,13:12:48,5.11,788527,1543,卖盘
2656,13:12:51,5.11,436908,855,卖盘
2657,13:12:54,5.11,520218,1018,卖盘
2658,13:12:57,5.11,587854,1150,卖盘
2659,13:13:00,5.11,693945,1358,卖盘
2660,13:13:03,5.11,1334230,2609,卖盘
2661,13:13:06,5.11,750148,1468,卖盘
2662,13:13:09,5.11,948454,1856,卖盘
2663,13:13:12,5.11,492132,963,卖盘
2664,13:13:15,5.11,840639,1645,卖盘
2665,13:13:18,5.11,730841,1430,卖盘
2666,13:13:21,5.11,625427,1224,卖盘
2667,13:13:24,5.11,519687,1017,买盘
2668,13:13:27,5.11,391320,766,买盘
2669,13:13:30,5.11,114856,225,买盘
2670,13:13:33,5.11,111881,219,买盘
2671,13:13:36,5.11,64889,127,买盘
2672,13:13:39,5.1,271151,531,卖盘
2673,13:13:42,5.11,1202605,2355,买盘
2674,13:13:45,5.11,102587,201,买盘
2675,13:13:48,5.1,171400,336,卖盘
2676,13:13:51,5.1,150021,294,卖盘
2677,13:13:54,5.1,108139,212,卖盘
2678,13:13:57,5.1,281126,551,卖盘
2679,13:14:00,5.1,359747,705,卖盘
2680,13:14:03,5.1,2774045,5430,卖盘
2681,13:14:06,5.1,408158,800,卖盘
2682,13:14:09,5.1,887116,1738,卖盘
2683,13:14:12,5.1,2947761,5770,卖盘
2684,13:14:15,5.11,910563,1785,买盘
2685,13:14:18,5.1,1255024,2458,卖盘
2686,13:14:21,5.1,422541,828,卖盘
2687,13:14:24,5.11,276686,542,买盘
2688,13:14:27,5.1,311431,610,卖盘
2689,13:14:30,5.11,910395,1782,买盘
2690,13:14:33,5.1,169483,332,卖盘
2691,13:14:36,5.1,711380,1394,卖盘
2692,13:14:39,5.11,654488,1283,买盘
2693,13:14:42,5.1,391315,767,卖盘
2694,13:14:45,5.1,1094578,2146,卖盘
2695,13:14:48,5.1,368893,723,卖盘
2696,13:14:51,5.1,736341,1442,卖盘
2697,13:14:54,5.11,355307,696,买盘
2698,13:14:57,5.1,145013,284,卖盘
2699,13:15:00,5.11,201510,395,买盘
2700,13:15:03,5.11,1135798,2224,买盘
2701,13:15:06,5.11,5351560,10473,买盘
2702,13:15:09,5.11,170540,334,买盘
2703,13:15:12,5.11,741851,1454,买盘
2704,13:15:15,5.11,801738,1569,买盘
2705,13:15:18,5.1,540075,1057,卖盘
2706,13:15:21,5.11,198190,388,买盘
2707,13:15:24,5.11,221699,434,买盘
2708,13:15:27,5.11,476125,933,买盘
2709,13:15:30,5.11,387515,759,买盘
2710,13:15:33,5.11,378120,740,买盘
2711,13:15:36,5.11,481873,943,买盘
2712,13:15:39,5.11,436895,855,卖盘
2713,13:15:42,5.11,207404,406,买盘
2714,13:15:45,5.11,151254,296,买盘
2715,13:15:48,5.11,606026,1186,买盘
2716,13:15:51,5.1,245111,480,卖盘
2717,13:15:54,5.11,159243,312,买盘
2718,13:15:57,5.1,126618,248,卖盘
2719,13:16:00,5.11,81749,160,买盘
2720,13:16:03,5.11,754196,1476,买盘
2721,13:16:06,5.11,911283,1784,买盘
2722,13:16:09,5.11,489432,958,买盘
2723,13:16:12,5.11,1159817,2273,卖盘
2724,13:16:15,5.11,336271,658,卖盘
2725,13:16:18,5.11,210025,411,卖盘
2726,13:16:21,5.11,474221,928,卖盘
2727,13:16:24,5.11,279519,547,卖盘
2728,13:16:27,5.11,155374,304,卖盘
2729,13:16:30,5.11,290759,569,卖盘
2730,13:16:33,5.12,444691,870,买盘
2731,13:16:36,5.11,1431361,2801,卖盘
2732,13:16:39,5.11,519189,1016,买盘
2733,13:16:42,5.12,254990,499,买盘
2734,13:16:45,5.11,201838,395,卖盘
2735,13:16:48,5.11,67465,132,卖盘
2736,13:16:51,5.12,66001,129,买盘
2737,13:16:54,5.11,279474,546,卖盘
2738,13:16:57,5.11,74613,146,卖盘
2739,13:17:00,5.12,456650,892,买盘
2740,13:17:03,5.12,226303,442,买盘
2741,13:17:06,5.11,97212,190,卖盘
2742,13:17:09,5.12,19456,38,买盘
2743,13:17:12,5.12,1083377,2116,买盘
2744,13:17:15,5.12,166390,325,买盘
2745,13:17:18,5.12,329725,645,买盘
2746,13:17:21,5.12,82944,162,买盘
2747,13:17:24,5.12,115658,226,买盘
2748,13:17:27,5.11,134013,262,卖盘
2749,13:17:30,5.12,218088,426,买盘
2750,13:17:33,5.11,100329,196,卖盘
2751,13:17:36,5.12,449618,879,买盘
2752,13:17:39,5.12,87533,171,买盘
2753,13:17:42,5.11,193386,378,卖盘
2754,13:17:45,5.11,195503,382,卖盘
2755,13:17:48,5.12,239696,469,买盘
2756,13:17:51,5.11,1065475,2085,卖盘
2757,13:17:54,5.12,123228,241,买盘
2758,13:17:57,5.11,162184,317,卖盘
2759,13:18:00,5.11,408850,800,卖盘
2760,13:18:03,5.12,211345,413,买盘
2761,13:18:06,5.12,178465,349,买盘
2762,13:18:09,5.12,369631,723,买盘
2763,13:18:12,5.11,5546449,10854,卖盘
2764,13:18:15,5.11,1488283,2912,卖盘
2765,13:18:18,5.11,139503,273,买盘
2766,13:18:21,5.11,507994,994,买盘
2767,13:18:24,5.1,3865522,7579,卖盘
2768,13:18:27,5.11,170156,333,买盘
2769,13:18:30,5.11,446053,873,卖盘
2770,13:18:33,5.11,149125,292,卖盘
2771,13:18:36,5.11,359744,704,买盘
2772,13:18:39,5.11,32190,63,买盘
2773,13:18:42,5.11,108786,213,买盘
2774,13:18:45,5.11,238607,467,买盘
2775,13:18:48,5.11,324209,635,买盘
2776,13:18:51,5.11,333714,654,买盘
2777,13:18:54,5.1,94978,186,卖盘
2778,13:18:57,5.11,92900,182,买盘
2779,13:19:00,5.1,90794,178,卖盘
2780,13:19:03,5.1,241477,473,卖盘
2781,13:19:06,5.1,1033292,2025,卖盘
2782,13:19:09,5.1,201032,394,卖盘
2783,13:19:12,5.1,129613,254,卖盘
2784,13:19:15,5.1,558614,1094,卖盘
2785,13:19:18,5.1,432030,847,卖盘
2786,13:19:21,5.1,222510,436,卖盘
2787,13:19:24,5.1,895252,1753,卖盘
2788,13:19:27,5.11,451754,885,买盘
2789,13:19:30,5.1,196433,385,卖盘
2790,13:19:33,5.1,60257,118,卖盘
2791,13:19:36,5.1,312143,612,卖盘
2792,13:19:39,5.1,17340,34,卖盘
2793,13:19:42,5.1,265210,520,卖盘
2794,13:19:45,5.1,193880,380,卖盘
2795,13:19:48,5.1,205026,402,卖盘
2796,13:19:51,5.1,133655,262,卖盘
2797,13:19:54,5.1,4217829,8270,卖盘
2798,13:19:57,5.1,593130,1163,卖盘
2799,13:20:00,5.1,1846219,3620,卖盘
2800,13:20:03,5.1,2938911,5756,卖盘
2801,13:20:06,5.1,1608567,3154,卖盘
2802,13:20:09,5.1,1837045,3602,卖盘
2803,13:20:12,5.1,1129729,2213,卖盘
2804,13:20:15,5.1,149430,293,买盘
2805,13:20:18,5.1,1207035,2367,买盘
2806,13:20:21,5.09,155317,305,卖盘
2807,13:20:24,5.1,3091677,6064,买盘
2808,13:20:27,5.1,691026,1355,卖盘
2809,13:20:30,5.1,421196,826,卖盘
2810,13:20:33,5.1,134095,263,买盘
2811,13:20:36,5.09,1874657,3676,卖盘
2812,13:20:39,5.09,156455,307,卖盘
2813,13:20:42,5.1,655175,1287,买盘
2814,13:20:45,5.1,240886,473,买盘
2815,13:20:48,5.09,181945,357,卖盘
2816,13:20:51,5.09,123277,242,卖盘
2817,13:20:54,5.09,268255,527,卖盘
2818,13:20:57,5.09,593494,1166,卖盘
2819,13:21:00,5.1,337996,664,买盘
2820,13:21:03,5.09,2194282,4304,卖盘
2821,13:21:06,5.09,222451,437,卖盘
2822,13:21:09,5.1,431331,846,买盘
2823,13:21:12,5.09,1605445,3151,卖盘
2824,13:21:15,5.1,140677,276,买盘
2825,13:21:18,5.09,458610,901,卖盘
2826,13:21:21,5.09,262226,515,卖盘
2827,13:21:24,5.09,1052105,2067,卖盘
2828,13:21:27,5.1,366438,719,买盘
2829,13:21:30,5.1,411390,808,买盘
2830,13:21:33,5.1,248032,487,买盘
2831,13:21:36,5.09,392651,771,卖盘
2832,13:21:39,5.1,285581,561,买盘
2833,13:21:42,5.1,226161,444,买盘
2834,13:21:45,5.09,217600,427,卖盘
2835,13:21:48,5.09,504050,990,卖盘
2836,13:21:51,5.09,521458,1024,卖盘
2837,13:21:54,5.09,445574,874,卖盘
2838,13:21:57,5.1,62635,123,买盘
2839,13:22:00,5.09,658973,1294,卖盘
2840,13:22:03,5.1,845319,1659,买盘
2841,13:22:06,5.09,457889,899,卖盘
2842,13:22:09,5.1,654225,1283,买盘
2843,13:22:12,5.09,1012097,1988,卖盘
2844,13:22:15,5.09,506808,994,卖盘
2845,13:22:18,5.1,118102,232,买盘
2846,13:22:21,5.09,92709,182,卖盘
2847,13:22:24,5.09,80457,158,卖盘
2848,13:22:27,5.1,220085,432,买盘
2849,13:22:30,5.1,391735,769,买盘
2850,13:22:33,5.1,728272,1429,买盘
2851,13:22:36,5.1,142534,280,买盘
2852,13:22:39,5.1,198268,389,买盘
2853,13:22:42,5.09,399889,785,卖盘
2854,13:22:45,5.09,163561,321,卖盘
2855,13:22:48,5.09,581594,1141,卖盘
2856,13:22:51,5.1,13843465,27144,买盘
2857,13:22:54,5.09,2771253,5434,卖盘
2858,13:22:57,5.1,1184254,2322,买盘
2859,13:23:00,5.1,672180,1318,卖盘
2860,13:23:03,5.1,2128074,4166,买盘
2861,13:23:06,5.1,327169,641,卖盘
2862,13:23:09,5.1,597805,1171,卖盘
2863,13:23:12,5.1,182081,357,卖盘
2864,13:23:15,5.1,209100,410,卖盘
2865,13:23:18,5.1,419625,822,卖盘
2866,13:23:21,5.1,913888,1791,卖盘
2867,13:23:24,5.11,885027,1733,买盘
2868,13:23:27,5.1,270874,531,卖盘
2869,13:23:30,5.1,197460,387,卖盘
2870,13:23:33,5.1,66880,131,卖盘
2871,13:23:36,5.1,163360,320,卖盘
2872,13:23:39,5.11,431917,846,买盘
2873,13:23:42,5.11,300605,589,买盘
2874,13:23:45,5.11,343799,673,买盘
2875,13:23:48,5.11,128640,252,买盘
2876,13:23:51,5.11,180361,353,买盘
2877,13:23:54,5.1,1194368,2338,卖盘
2878,13:23:57,5.11,1940666,3798,买盘
2879,13:24:00,5.11,281413,551,买盘
2880,13:24:03,5.11,1026507,2009,买盘
2881,13:24:06,5.11,748073,1464,买盘
2882,13:24:09,5.11,675013,1321,买盘
2883,13:24:12,5.11,197265,386,卖盘
2884,13:24:15,5.11,155346,304,卖盘
2885,13:24:18,5.11,207692,406,卖盘
2886,13:24:21,5.11,62352,122,卖盘
2887,13:24:24,5.11,433383,847,卖盘
2888,13:24:27,5.11,381479,746,卖盘
2889,13:24:30,5.11,287184,562,卖盘
2890,13:24:33,5.11,381749,747,卖盘
2891,13:24:36,5.1,52101,102,卖盘
2892,13:24:39,5.11,95006,186,买盘
2893,13:24:42,5.11,199680,391,买盘
2894,13:24:45,5.11,234129,459,买盘
2895,13:24:48,5.11,198129,388,买盘
2896,13:24:51,5.11,127168,249,买盘
2897,13:24:54,5.11,96526,189,买盘
2898,13:24:57,5.11,103711,203,买盘
2899,13:25:00,5.1,501785,982,卖盘
2900,13:25:03,5.11,645280,1263,买盘
2901,13:25:06,5.1,78640,154,卖盘
2902,13:25:09,5.1,18893,37,卖盘
2903,13:25:12,5.1,29633,58,卖盘
2904,13:25:15,5.1,145563,285,卖盘
2905,13:25:18,5.1,280690,550,卖盘
2906,13:25:21,5.1,127105,249,卖盘
2907,13:25:24,5.1,95404,187,卖盘
2908,13:25:27,5.11,19395,38,买盘
2909,13:25:30,5.1,275432,540,卖盘
2910,13:25:33,5.11,213041,417,买盘
2911,13:25:36,5.1,51067,100,卖盘
2912,13:25:39,5.1,31110,61,卖盘
2913,13:25:42,5.11,158371,310,买盘
2914,13:25:45,5.11,1158364,2271,买盘
2915,13:25:48,5.11,422582,827,买盘
2916,13:25:51,5.11,276221,541,买盘
2917,13:25:54,5.11,95968,188,买盘
2918,13:25:57,5.11,69496,136,买盘
2919,13:26:00,5.1,162899,319,卖盘
2920,13:26:03,5.1,207834,407,卖盘
2921,13:26:06,5.1,47985,94,卖盘
2922,13:26:09,5.1,396305,777,卖盘
2923,13:26:12,5.1,102083,200,卖盘
2924,13:26:15,5.1,3349215,6567,卖盘
2925,13:26:18,5.1,630431,1236,卖盘
2926,13:26:21,5.1,403449,791,卖盘
2927,13:26:24,5.1,339178,665,卖盘
2928,13:26:27,5.1,3992808,7829,卖盘
2929,13:26:30,5.09,70857,139,卖盘
2930,13:26:33,5.1,273870,537,买盘
2931,13:26:36,5.1,141270,277,买盘
2932,13:26:39,5.09,206359,405,卖盘
2933,13:26:42,5.1,25972,51,买盘
2934,13:26:45,5.1,125444,246,买盘
2935,13:26:48,5.09,100838,198,卖盘
2936,13:26:51,5.1,98880,194,买盘
2937,13:26:54,5.1,184612,362,买盘
2938,13:26:57,5.1,132047,259,买盘
2939,13:27:00,5.09,269909,530,卖盘
2940,13:27:03,5.09,49373,97,卖盘
2941,13:27:06,5.09,72830,143,卖盘
2942,13:27:09,5.1,107527,211,买盘
2943,13:27:12,5.1,84602,166,买盘
2944,13:27:15,5.09,148650,292,卖盘
2945,13:27:18,5.09,124731,245,卖盘
2946,13:27:21,5.09,642149,1261,卖盘
2947,13:27:24,5.09,164521,323,卖盘
2948,13:27:27,5.09,54464,107,卖盘
2949,13:27:30,5.1,23930,47,买盘
2950,13:27:33,5.09,73311,144,卖盘
2951,13:27:36,5.09,386840,760,卖盘
2952,13:27:39,5.09,243391,478,卖盘
2953,13:27:42,5.09,333037,654,卖盘
2954,13:27:45,5.09,208325,409,卖盘
2955,13:27:48,5.09,93148,183,卖盘
2956,13:27:51,5.09,31558,62,卖盘
2957,13:27:54,5.09,137435,270,卖盘
2958,13:27:57,5.09,232761,457,卖盘
2959,13:28:00,5.09,162889,320,卖盘
2960,13:28:03,5.09,392447,770,卖盘
2961,13:28:06,5.09,156301,307,卖盘
2962,13:28:09,5.09,337861,663,卖盘
2963,13:28:12,5.09,753436,1480,卖盘
2964,13:28:15,5.1,176707,347,买盘
2965,13:28:18,5.1,50446,99,买盘
2966,13:28:21,5.09,32097,63,卖盘
2967,13:28:24,5.1,1463834,2871,买盘
2968,13:28:27,5.09,161868,318,卖盘
2969,13:28:30,5.09,281750,553,卖盘
2970,13:28:33,5.09,30549,60,卖盘
2971,13:28:36,5.1,112543,221,买盘
2972,13:28:39,5.09,399160,784,卖盘
2973,13:28:42,5.1,501485,985,买盘
2974,13:28:45,5.09,4349516,8529,卖盘
2975,13:28:48,5.09,120809,237,卖盘
2976,13:28:51,5.09,153240,301,卖盘
2977,13:28:54,5.09,222501,437,卖盘
2978,13:28:57,5.09,141536,278,卖盘
2979,13:29:00,5.09,123759,243,卖盘
2980,13:29:03,5.09,446059,875,卖盘
2981,13:29:06,5.1,244016,479,买盘
2982,13:29:09,5.09,62627,123,卖盘
2983,13:29:12,5.09,105978,208,卖盘
2984,13:29:15,5.09,108517,213,卖盘
2985,13:29:18,5.1,105913,208,买盘
2986,13:29:21,5.1,702272,1379,买盘
2987,13:29:24,5.1,163055,320,买盘
2988,13:29:27,5.09,127789,251,卖盘
2989,13:29:30,5.09,40720,80,卖盘
2990,13:29:33,5.1,252290,495,买盘
2991,13:29:36,5.1,94835,186,买盘
2992,13:29:39,5.1,68304,134,买盘
2993,13:29:42,5.1,186567,366,买盘
2994,13:29:45,5.09,202906,398,卖盘
2995,13:29:48,5.09,82010,161,卖盘
2996,13:29:51,5.09,84655,166,卖盘
2997,13:29:54,5.09,273349,537,卖盘
2998,13:29:57,5.09,187846,369,卖盘
2999,13:30:00,5.09,558773,1096,卖盘
3000,13:30:03,5.1,34164,67,买盘
3001,13:30:06,5.1,90247,177,买盘
3002,13:30:09,5.1,80467,158,买盘
3003,13:30:12,5.09,21892,43,卖盘
3004,13:30:15,5.1,73363,144,买盘
3005,13:30:18,5.09,70877,139,卖盘
3006,13:30:21,5.09,70838,139,卖盘
3007,13:30:24,5.1,727730,1429,买盘
3008,13:30:27,5.1,965281,1893,买盘
3009,13:30:30,5.1,56510,111,买盘
3010,13:30:33,5.09,161912,318,卖盘
3011,13:30:36,5.09,1646733,3229,卖盘
3012,13:30:39,5.09,258535,507,卖盘
3013,13:30:42,5.1,286115,562,买盘
3014,13:30:45,5.1,160120,314,买盘
3015,13:30:48,5.09,79986,157,卖盘
3016,13:30:51,5.1,113211,222,买盘
3017,13:30:54,5.1,310577,609,买盘
3018,13:30:57,5.1,61170,120,买盘
3019,13:31:00,5.1,647664,1270,买盘
3020,13:31:03,5.1,393717,772,买盘
3021,13:31:06,5.09,191033,375,卖盘
3022,13:31:09,5.1,203487,399,买盘
3023,13:31:12,5.1,216229,424,买盘
3024,13:31:15,5.1,109960,216,买盘
3025,13:31:18,5.1,150916,296,买盘
3026,13:31:21,5.1,71330,140,买盘
3027,13:31:24,5.1,55080,108,买盘
3028,13:31:27,5.1,130999,257,买盘
3029,13:31:30,5.1,104507,205,买盘
3030,13:31:33,5.1,599721,1176,买盘
3031,13:31:36,5.1,4989887,9801,买盘
3032,13:31:39,5.1,166570,327,买盘
3033,13:31:42,5.09,461535,905,卖盘
3034,13:31:45,5.09,273651,537,卖盘
3035,13:31:48,5.09,108963,214,卖盘
3036,13:31:51,5.1,389628,764,买盘
